,Date,Stock Price,Book Value per Share,Price to Book Ratio,TTM Sales per Share,Price to Sales Ratio,TTM FCF per Share,Price to FCF Ratio,TTM Net EPS,PE Ratio,Current Assets,Current Liabilities,Current Ratio,Long Term Debt,Shareholder's Equity_x,Debt to Equity Ratio,TTM Revenue_x,TTM Gross Profit,Gross Margin,TTM Revenue_y,TTM Operating Income,Operating Margin,TTM Revenue_x,TTM EBIT,EBIT Margin,TTM Revenue_y,TTM EBITDA,EBITDA Margin,TTM Revenue_x,TTM Pre-Tax Income,Pre-Tax Margin,TTM Revenue_y,TTM Net Income_x,Net Margin,TTM Net Income_y,Shareholder's Equity_y,Return on Equity,TTM Net Income_x,Tangible Equity,Return on Tangible Equity,TTM Net Income_y,Total Assets,Return on Assets,TTM Net Income,LT Investments & Debt,Return on Investment,revenue,cost-goods-sold,gross-profit,research-development-expenses,selling-general-administrative-expenses,operating-expenses,operating-income,total-non-operating-income-expense,pre-tax-income,total-provision-income-taxes,income-after-taxes,income-from-continuous-operations,net-income,ebitda,ebit,basic-shares-outstanding,shares-outstanding,eps-basic-net-earnings-per-share,eps-earnings-per-share-diluted,cash-on-hand,inventory,other-current-assets,total-current-assets,net-property-plant-equipment,long-term-investments,goodwill-intangible-assets-total,other-long-term-assets,total-long-term-assets,total-assets,total-current-liabilities,long-term-debt,other-non-current-liabilities,total-long-term-liabilities,total-liabilities,common-stock-net,retained-earnings-accumulated-deficit,comprehensive-income,total-share-holder-equity,total-liabilities-share-holders-equity,net-income-loss,total-depreciation-amortization-cash-flow,other-non-cash-items,total-non-cash-items,change-in-accounts-receivable,change-in-inventories,change-in-accounts-payable,change-in-assets-liabilities,total-change-in-assets-liabilities,cash-flow-from-operating-activities,net-change-in-property-plant-equipment,net-change-in-intangible-assets,net-acquisitions-divestitures,net-change-in-short-term-investments,net-change-in-long-term-investments,net-change-in-investments-total,investing-activities-other,cash-flow-from-investing-activities,net-long-term-debt,net-current-debt,debt-issuance-retirement-net-total,net-common-equity-issued-repurchased,net-total-equity-issued-repurchased,total-common-preferred-stock-dividends-paid,financial-activities-other,cash-flow-from-financial-activities,net-cash-flow,stock-based-compensation,common-stock-dividends-paid
0,2018-09-30,86.17,$6.96,12.37,$24.48,3.52,$4.64,18.59,$3.02,28.53,$0.32B,$0.26B,1.23,$1.69B,$0.36B,4.74,$1.26B,$0.39B,31.29%,$1.26B,$0.20B,15.81%,$1.26B,$0.20B,15.81%,$1.26B,$0.32B,25.58%,$1.26B,$0.14B,10.80%,$1.26B,$0.18B,14.14%,$0.18B,$0.36B,48.47%,$0.18B,$0.36B,48.47%,$0.18B,$2.65B,6.89%,$0.20B,$2.05B,9.85%,$292,$209,$83,$0,$7,$252,$40,$-16,$24,$2,$23,$23,$23,$72,$40,$51,52,$0.44,$0.44,$124,$0,$0,$320,$2127,$89,$0,$0,$2325,$2645,$259,$1693,$160,$2028,$2287,$1,$-505,$-23,$357,$2645,$105,$96,$19,$115,$-23,$0,$0,$-7,$5,$225,$-133,$0,$-4,$0,$-2,$-2,$-4,$-143,$-3,$99,$97,$0,$0,$-129,$-5,$-37,$46,$6,$-129
1,2018-06-30,83.15,$7.28,11.42,$23.96,3.47,$4.57,18.21,$3.48,23.89,$0.28B,$0.22B,1.28,$1.68B,$0.37B,4.48,$1.23B,$0.39B,31.33%,$1.23B,$0.20B,15.99%,$1.23B,$0.20B,15.99%,$1.23B,$0.32B,25.73%,$1.23B,$0.14B,11.04%,$1.23B,$0.18B,14.53%,$0.18B,$0.37B,48.94%,$0.18B,$0.37B,48.94%,$0.18B,$2.61B,7.03%,$0.20B,$2.05B,9.92%,$334,$218,$116,$0,$8,$257,$77,$-15,$61,$6,$56,$56,$56,$110,$77,$51,51,$1.08,$1.08,$94,$0,$0,$283,$2121,$89,$0,$0,$2324,$2607,$221,$1675,$163,$2013,$2234,$1,$-483,$-27,$374,$2607,$83,$63,$11,$74,$-22,$0,$0,$1,$-26,$132,$-95,$0,$-4,$0,$-2,$-2,$-5,$-106,$-1,$81,$79,$0,$0,$-85,$-4,$-10,$15,$4,$-85
2,2018-03-31,76.66,$7.02,10.92,$23.29,3.29,$4.53,16.92,$3.32,23.09,$0.27B,$0.22B,1.26,$1.65B,$0.36B,4.58,$1.20B,$0.37B,30.91%,$1.20B,$0.19B,15.46%,$1.20B,$0.19B,15.46%,$1.20B,$0.30B,25.23%,$1.20B,$0.12B,10.28%,$1.20B,$0.17B,14.20%,$0.17B,$0.36B,46.77%,$0.17B,$0.36B,46.77%,$0.17B,$2.56B,6.78%,$0.19B,$2.01B,9.46%,$288,$203,$85,$0,$8,$242,$46,$-16,$30,$2,$27,$27,$27,$76,$46,$51,51,$0.53,$0.53,$86,$0,$0,$274,$2085,$89,$0,$0,$2285,$2559,$217,$1649,$157,$1982,$2199,$1,$-495,$-27,$360,$2559,$27,$30,$4,$34,$-9,$0,$0,$3,$-17,$44,$-48,$0,$0,$0,$-2,$-2,$-3,$-52,$0,$57,$57,$0,$0,$-41,$-1,$15,$7,$2,$-41
3,2017-12-31,67.57,$7.39,9.15,$23.07,2.93,$4.61,14.65,$3.42,19.76,$0.26B,$0.22B,1.17,$1.59B,$0.38B,4.21,$1.19B,$0.37B,30.97%,$1.19B,$0.19B,15.70%,$1.19B,$0.19B,15.70%,$1.19B,$0.30B,25.49%,$1.19B,$0.13B,10.63%,$1.19B,$0.18B,14.85%,$0.18B,$0.38B,48.52%,$0.18B,$0.38B,48.52%,$0.18B,$2.52B,7.11%,$0.19B,$1.97B,9.65%,$345,$235,$110,$0,$11,$310,$36,$-14,$21,$-51,$72,$72,$72,$64,$36,$51,51,$1.41,$1.42,$79,$0,$0,$258,$2066,$89,$0,$0,$2266,$2524,$222,$1591,$156,$1924,$2146,$1,$-479,$-27,$378,$2524,$176,$117,$-10,$108,$-10,$0,$0,$5,$12,$296,$-183,$0,$0,$0,$-26,$-26,$-6,$-215,$306,$-211,$95,$0,$0,$-162,$-16,$-83,$-2,$7,$-162
4,2017-09-30,60.48,$6.86,8.81,$22.58,2.68,$5.83,10.37,$2.95,20.5,$0.21B,$0.24B,0.87,$1.57B,$0.35B,4.46,$1.16B,$0.35B,30.43%,$1.16B,$0.21B,18.19%,$1.16B,$0.21B,18.19%,$1.16B,$0.33B,28.36%,$1.16B,$0.15B,13.28%,$1.16B,$0.15B,13.10%,$0.15B,$0.35B,42.19%,$0.15B,$0.35B,42.19%,$0.15B,$2.49B,6.22%,$0.21B,$1.92B,11.09%,$265,$190,$75,$0,$8,$227,$38,$-13,$24,$1,$24,$24,$24,$67,$38,$51,51,$0.47,$0.46,$77,$0,$0,$209,$2044,$88,$0,$0,$2283,$2493,$240,$1567,$155,$1901,$2141,$1,$-512,$-21,$351,$2493,$104,$89,$4,$93,$-9,$0,$0,$-4,$19,$216,$-127,$0,$0,$0,$-23,$-23,$-4,$-154,$308,$-236,$72,$0,$0,$-121,$-16,$-65,$-4,$5,$-121
5,2017-06-30,61.17,$7.14,8.57,$22.73,2.69,$6.34,9.65,$3.15,19.42,$0.19B,$0.20B,0.97,$1.56B,$0.37B,4.27,$1.17B,$0.36B,30.85%,$1.17B,$0.22B,18.85%,$1.17B,$0.22B,18.85%,$1.17B,$0.34B,28.79%,$1.17B,$0.17B,14.14%,$1.17B,$0.16B,13.88%,$0.16B,$0.37B,45.00%,$0.16B,$0.37B,45.00%,$0.16B,$2.46B,6.71%,$0.22B,$1.93B,11.69%,$299,$198,$100,$0,$7,$234,$65,$-16,$48,$1,$47,$47,$47,$95,$65,$51,51,$0.92,$0.92,$65,$0,$0,$189,$2024,$88,$0,$0,$2267,$2456,$195,$1561,$154,$1895,$2090,$1,$-494,$-22,$365,$2456,$80,$59,$3,$62,$-18,$0,$0,$1,$-28,$114,$-79,$0,$0,$0,$-18,$-18,$-4,$-101,$309,$-242,$67,$0,$0,$-80,$-16,$-29,$-16,$3,$-80
6,2017-03-31,58.37,$7.00,8.34,$22.69,2.57,$7.06,8.27,$3.23,18.07,$0.18B,$0.20B,0.9,$1.54B,$0.36B,4.3,$1.16B,$0.36B,30.93%,$1.16B,$0.22B,19.07%,$1.16B,$0.22B,19.07%,$1.16B,$0.34B,28.87%,$1.16B,$0.17B,14.60%,$1.16B,$0.17B,14.26%,$0.17B,$0.36B,46.37%,$0.17B,$0.36B,46.37%,$0.17B,$2.42B,6.94%,$0.22B,$1.89B,11.91%,$276,$194,$82,$0,$7,$229,$47,$-14,$33,$1,$33,$33,$33,$76,$47,$51,51,$0.64,$0.63,$53,$0,$0,$176,$2008,$87,$0,$0,$2248,$2424,$196,$1537,$153,$1870,$2066,$1,$-500,$-22,$357,$2424,$33,$29,$1,$30,$-19,$0,$0,$3,$-25,$38,$-38,$0,$0,$0,$-17,$-17,$-2,$-57,$-1,$34,$33,$0,$0,$-39,$-4,$-10,$-28,$2,$-39
7,2016-12-31,58.72,$7.21,8.14,$22.40,2.62,$7.82,7.51,$3.11,18.88,$0.18B,$0.20B,0.91,$1.50B,$0.37B,4.08,$1.15B,$0.35B,30.72%,$1.15B,$0.21B,18.62%,$1.15B,$0.21B,18.62%,$1.15B,$0.33B,28.63%,$1.15B,$0.16B,14.10%,$1.15B,$0.16B,13.84%,$0.16B,$0.37B,44.88%,$0.16B,$0.37B,44.88%,$0.16B,$2.41B,6.71%,$0.21B,$1.87B,11.60%,$320,$224,$96,$0,$7,$258,$61,$-12,$49,$1,$48,$48,$48,$91,$61,$51,51,$0.93,$0.94,$81,$0,$0,$184,$1998,$70,$0,$0,$2221,$2406,$203,$1503,$151,$1835,$2038,$1,$-492,$-22,$368,$2406,$159,$115,$6,$121,$7,$0,$0,$5,$13,$294,$-118,$0,$7,$0,$-73,$-73,$5,$-179,$-10,$76,$66,$-25,$-25,$-151,$-2,$-112,$3,$6,$-151
8,2016-09-30,44.34,$6.87,6.46,$22.22,2.0,$7.47,5.94,$2.92,15.19,$0.18B,$0.20B,0.91,$1.49B,$0.35B,4.25,$1.14B,$0.35B,30.32%,$1.14B,$0.19B,16.56%,$1.14B,$0.19B,16.56%,$1.14B,$0.30B,26.56%,$1.14B,$0.14B,12.53%,$1.14B,$0.15B,13.15%,$0.15B,$0.35B,41.99%,$0.15B,$0.35B,41.99%,$0.15B,$2.38B,6.38%,$0.19B,$1.84B,10.33%,$272,$190,$82,$0,$8,$225,$47,$-11,$35,$2,$34,$34,$34,$74,$47,$51,51,$0.66,$0.66,$62,$0,$0,$183,$1992,$50,$0,$0,$2193,$2375,$200,$1487,$155,$1824,$2025,$1,$-502,$-29,$350,$2375,$111,$86,$5,$90,$-3,$0,$0,$-2,$-3,$199,$-85,$0,$7,$0,$-51,$-51,$-2,$-131,$-9,$61,$52,$-25,$-25,$-113,$-2,$-88,$-20,$5,$-113
9,2016-06-30,45.93,$7.00,6.56,$21.81,2.11,$7.00,6.56,$2.78,16.52,$0.22B,$0.18B,1.23,$1.49B,$0.36B,4.18,$1.12B,$0.33B,29.68%,$1.12B,$0.18B,15.60%,$1.12B,$0.18B,15.60%,$1.12B,$0.29B,26.20%,$1.12B,$0.13B,11.59%,$1.12B,$0.14B,12.75%,$0.14B,$0.36B,39.39%,$0.14B,$0.36B,39.39%,$0.14B,$2.36B,6.08%,$0.18B,$1.85B,9.55%,$296,$196,$100,$0,$7,$229,$67,$-14,$53,$1,$51,$51,$51,$95,$67,$51,51,$1.01,$1.00,$81,$0,$0,$216,$1984,$0,$0,$0,$2139,$2356,$176,$1494,$148,$1823,$1999,$1,$-497,$-25,$357,$2356,$78,$58,$2,$60,$2,$0,$0,$3,$-11,$127,$-56,$0,$7,$0,$-32,$-32,$-10,$-91,$-8,$68,$60,$-25,$-25,$-75,$-2,$-42,$-6,$3,$-75
10,2016-03-31,45.97,$6.72,6.84,$21.34,2.15,$6.40,7.19,$2.58,17.82,$0.22B,$0.19B,1.17,$1.48B,$0.34B,4.33,$1.10B,$0.33B,29.55%,$1.10B,$0.17B,15.00%,$1.10B,$0.17B,15.00%,$1.10B,$0.29B,26.00%,$1.10B,$0.12B,10.82%,$1.10B,$0.13B,12.09%,$0.13B,$0.34B,36.02%,$0.13B,$0.34B,36.02%,$0.13B,$2.34B,5.63%,$0.17B,$1.82B,8.98%,$261,$187,$75,$0,$7,$223,$39,$-13,$25,$-1,$26,$26,$26,$69,$39,$51,51,$0.52,$0.51,$87,$0,$0,$224,$1968,$0,$0,$0,$2120,$2343,$192,$1481,$146,$1810,$2001,$1,$-510,$-25,$342,$2343,$26,$30,$0,$30,$-6,$0,$0,$4,$-3,$53,$-13,$0,$7,$0,$-22,$-22,$-9,$-37,$-6,$54,$48,$-25,$-25,$-36,$-2,$-15,$1,$2,$-36
11,2015-12-31,45.45,$7.47,6.08,$21.17,2.15,$5.40,8.42,$2.16,21.04,$0.20B,$0.19B,1.03,$1.43B,$0.38B,3.77,$1.09B,$0.33B,29.76%,$1.09B,$0.16B,14.84%,$1.09B,$0.16B,14.84%,$1.09B,$0.28B,25.92%,$1.09B,$0.10B,9.07%,$1.09B,$0.11B,10.26%,$0.11B,$0.38B,29.73%,$0.11B,$0.38B,29.73%,$0.11B,$2.33B,4.72%,$0.16B,$1.81B,8.74%,$312,$223,$89,$0,$8,$276,$36,$-6,$30,$-8,$39,$39,$39,$65,$36,$51,52,$0.76,$0.75,$79,$0,$0,$196,$1983,$0,$0,$0,$2135,$2331,$190,$1432,$146,$1762,$1952,$1,$-473,$-25,$380,$2331,$112,$120,$34,$154,$-10,$0,$0,$-4,$-27,$238,$-80,$0,$10,$0,$0,$0,$-5,$-75,$396,$-280,$116,$-155,$-155,$-131,$-13,$-184,$-20,$6,$-131
12,2015-09-30,42.76,$7.28,5.87,$20.34,2.1,$5.80,7.37,$2.62,16.32,$0.22B,$0.20B,1.1,$1.47B,$0.37B,3.94,$1.07B,$0.32B,29.48%,$1.07B,$0.17B,15.86%,$1.07B,$0.17B,15.86%,$1.07B,$0.29B,27.15%,$1.07B,$0.13B,12.22%,$1.07B,$0.14B,12.59%,$0.14B,$0.37B,35.34%,$0.14B,$0.37B,35.34%,$0.14B,$2.38B,5.65%,$0.17B,$1.84B,9.29%,$253,$183,$69,$0,$8,$220,$33,$-11,$22,$-5,$27,$27,$27,$65,$33,$51,52,$0.52,$0.52,$62,$0,$0,$220,$2011,$0,$0,$0,$2161,$2381,$200,$1470,$145,$1808,$2008,$1,$-476,$-27,$373,$2381,$73,$92,$22,$114,$-19,$0,$0,$-10,$-32,$155,$-63,$0,$10,$0,$0,$0,$-2,$-55,$397,$-269,$128,$-153,$-153,$-95,$-15,$-135,$-36,$5,$-95
13,2015-06-30,45.47,$7.44,6.11,$19.45,2.34,$5.78,7.87,$2.35,19.35,$0.22B,$0.17B,1.29,$1.49B,$0.38B,3.91,$1.06B,$0.31B,29.23%,$1.06B,$0.17B,15.60%,$1.06B,$0.17B,15.60%,$1.06B,$0.29B,27.07%,$1.06B,$0.12B,11.65%,$1.06B,$0.12B,11.56%,$0.12B,$0.38B,28.24%,$0.12B,$0.38B,28.24%,$0.12B,$2.39B,5.03%,$0.17B,$1.88B,8.77%,$274,$182,$92,$0,$6,$217,$57,$-15,$42,$1,$41,$41,$41,$87,$57,$51,52,$0.81,$0.80,$67,$0,$0,$222,$2015,$0,$0,$0,$2168,$2390,$172,$1493,$144,$1836,$2008,$1,$-467,$-26,$382,$2390,$46,$60,$28,$88,$-23,$0,$0,$-2,$-55,$79,$-39,$0,$10,$0,$0,$0,$-8,$-36,$152,$0,$152,$-153,$-153,$-62,$-15,$-78,$-35,$3,$-62
14,2015-03-31,51.53,$7.25,7.11,$18.40,2.8,$5.92,8.71,$1.93,26.7,$0.23B,$0.18B,1.28,$1.51B,$0.37B,4.07,$1.05B,$0.30B,28.72%,$1.05B,$0.16B,14.89%,$1.05B,$0.16B,14.89%,$1.05B,$0.28B,26.81%,$1.05B,$0.11B,10.59%,$1.05B,$0.11B,10.02%,$0.11B,$0.37B,21.48%,$0.11B,$0.37B,21.48%,$0.11B,$2.40B,4.27%,$0.16B,$1.88B,8.24%,$253,$178,$75,$0,$7,$217,$36,$-31,$5,$0,$5,$5,$5,$66,$36,$51,52,$0.09,$0.09,$74,$0,$0,$226,$2024,$0,$0,$0,$2173,$2399,$176,$1511,$143,$1851,$2027,$1,$-476,$-26,$372,$2399,$5,$30,$24,$54,$-25,$0,$0,$-2,$-51,$7,$-19,$0,$10,$0,$0,$0,$-6,$-15,$-1,$171,$170,$-154,$-154,$-29,$-4,$-16,$-23,$2,$-29
15,2014-12-31,44.15,$7.86,5.61,$17.33,2.55,$6.33,6.98,$2.16,20.44,$0.21B,$0.20B,1.05,$1.32B,$0.40B,3.29,$1.04B,$0.29B,28.24%,$1.04B,$0.15B,14.70%,$1.04B,$0.15B,14.70%,$1.04B,$0.28B,26.90%,$1.04B,$0.13B,12.10%,$1.04B,$0.12B,11.62%,$0.12B,$0.40B,20.75%,$0.12B,$0.40B,20.75%,$0.12B,$2.39B,4.92%,$0.15B,$1.72B,8.06%,$292,$212,$80,$0,$8,$248,$44,$18,$62,$-1,$63,$63,$62,$73,$44,$51,56,$1.22,$1.22,$94,$0,$0,$206,$2036,$0,$0,$0,$2186,$2392,$196,$1320,$276,$1794,$1990,$1,$-447,$-26,$401,$2392,$126,$127,$-19,$108,$3,$0,$0,$3,$18,$252,$-58,$0,$-12,$0,$0,$0,$11,$-59,$39,$77,$116,$-171,$-171,$-109,$-14,$-178,$15,$6,$-109
16,2014-09-30,39.2,$11.51,3.4,$16.35,2.4,$4.46,8.79,$1.43,27.41,$0.43B,$0.19B,2.32,$1.51B,$0.59B,2.57,$1.02B,$0.28B,27.68%,$1.02B,$0.14B,13.69%,$1.02B,$0.14B,13.69%,$1.02B,$0.27B,26.70%,$1.02B,$0.08B,8.08%,$1.02B,$0.09B,8.77%,$0.09B,$0.59B,13.24%,$0.09B,$0.59B,13.24%,$0.09B,$2.61B,3.61%,$0.14B,$2.10B,7.14%,$245,$181,$64,$0,$7,$216,$29,$-14,$15,$-0,$15,$15,$15,$62,$29,$51,61,$0.30,$0.25,$294,$0,$0,$433,$2029,$0,$0,$0,$2175,$2609,$187,$1509,$121,$1835,$2021,$1,$-481,$-9,$587,$2609,$64,$98,$10,$108,$-8,$0,$0,$-4,$-14,$157,$-51,$0,$0,$0,$0,$0,$14,$-37,$272,$18,$290,$-102,$-102,$-81,$-9,$98,$218,$4,$-81
17,2014-06-30,39.45,$11.71,3.37,$16.02,2.46,$3.40,11.61,$1.48,26.65,$0.23B,$0.17B,1.36,$1.28B,$0.60B,2.15,$0.99B,$0.27B,27.45%,$0.99B,$0.13B,13.12%,$0.99B,$0.13B,13.12%,$0.99B,$0.26B,26.14%,$0.99B,$0.07B,7.37%,$0.99B,$0.09B,9.28%,$0.09B,$0.60B,12.94%,$0.09B,$0.60B,12.94%,$0.09B,$2.43B,3.79%,$0.13B,$1.88B,6.84%,$258,$176,$82,$0,$6,$210,$47,$-19,$29,$1,$28,$28,$23,$80,$47,$51,61,$0.45,$0.38,$92,$0,$0,$226,$2048,$0,$0,$0,$2199,$2425,$165,$1280,$177,$1664,$1829,$1,$-467,$-9,$595,$2425,$49,$65,$8,$73,$-7,$0,$0,$0,$-30,$92,$-36,$0,$0,$0,$0,$0,$7,$-29,$64,$0,$64,$-48,$-48,$-53,$-8,$-46,$16,$3,$-53
18,2014-03-31,34.44,$14.75,2.33,$15.54,2.22,$2.10,16.38,$1.28,26.9,$0.20B,$0.18B,1.14,$1.15B,$0.75B,1.54,$0.98B,$0.26B,26.69%,$0.98B,$0.11B,11.45%,$0.98B,$0.11B,11.45%,$0.98B,$0.24B,24.85%,$0.98B,$0.06B,6.03%,$0.98B,$0.08B,8.28%,$0.08B,$0.75B,10.66%,$0.08B,$0.75B,10.66%,$0.08B,$2.41B,3.33%,$0.11B,$1.90B,5.84%,$246,$179,$68,$0,$7,$214,$33,$-13,$20,$-0,$21,$21,$21,$65,$33,$51,64,$0.41,$0.32,$66,$0,$0,$201,$2058,$0,$0,$0,$2206,$2406,$176,$1154,$120,$1482,$1657,$1,$-462,$-9,$749,$2406,$21,$33,$0,$33,$-15,$0,$0,$5,$-24,$30,$-17,$0,$0,$0,$0,$0,$10,$-8,$0,$-4,$-4,$1,$1,$-25,$-0,$-28,$-6,$1,$-25
19,2013-12-31,33.4,$15.00,2.23,$15.02,2.22,$1.06,31.63,$1.77,18.87,$0.21B,$0.18B,1.14,$1.15B,$0.76B,1.52,$0.95B,$0.24B,25.58%,$0.95B,$0.08B,8.07%,$0.95B,$0.08B,8.07%,$0.95B,$0.21B,22.33%,$0.95B,$0.03B,2.73%,$0.95B,$0.11B,11.95%,$0.11B,$0.76B,14.60%,$0.11B,$0.76B,14.60%,$0.11B,$2.43B,4.66%,$0.08B,$1.91B,4.00%,$266,$199,$67,$0,$7,$236,$30,$-12,$18,$-12,$30,$30,$30,$64,$30,$51,63,$0.61,$0.52,$82,$0,$0,$208,$2068,$0,$0,$0,$2216,$2425,$183,$1154,$120,$1484,$1667,$1,$-455,$-9,$758,$2425,$118,$138,$-70,$67,$3,$0,$0,$9,$-48,$138,$-37,$0,$0,$0,$0,$0,$-12,$-49,$99,$-36,$63,$-95,$-95,$-76,$-16,$-125,$-36,$12,$-76
20,2013-09-30,27.26,$14.69,1.86,$16.38,1.66,$1.16,23.53,$0.97,28.1,$0.19B,$0.18B,1.05,$1.18B,$0.74B,1.58,$0.95B,$0.24B,25.47%,$0.95B,$0.02B,2.31%,$0.95B,$0.02B,2.31%,$0.95B,$0.17B,17.40%,$0.95B,$-0.01B,-0.84%,$0.95B,$0.07B,7.23%,$0.07B,$0.74B,8.57%,$0.07B,$0.74B,8.57%,$0.07B,$2.44B,2.79%,$0.02B,$1.92B,1.15%,$221,$167,$55,$0,$6,$201,$20,$-14,$6,$-12,$18,$18,$18,$50,$20,$51,60,$0.36,$0.30,$71,$0,$67,$191,$2084,$0,$0,$0,$2250,$2441,$182,$1175,$127,$1517,$1699,$1,$-460,$-15,$742,$2441,$88,$104,$-62,$41,$5,$0,$0,$0,$-65,$64,$-24,$0,$0,$0,$0,$0,$-10,$-34,$99,$-12,$87,$-95,$-95,$-51,$-16,$-75,$-45,$6,$-51
21,2013-06-30,30.38,$15.73,1.93,$17.60,1.73,$1.58,19.23,$0.10,303.78,$0.19B,$0.17B,1.09,$1.16B,$0.79B,1.46,$0.96B,$0.25B,25.81%,$0.96B,$-0.03B,-3.23%,$0.96B,$-0.03B,-3.23%,$0.96B,$0.12B,12.28%,$0.96B,$-0.06B,-5.93%,$0.96B,$0.02B,2.50%,$0.02B,$0.79B,2.85%,$0.02B,$0.79B,2.85%,$0.02B,$2.47B,0.96%,$-0.03B,$1.95B,-1.61%,$245,$174,$71,$0,$7,$216,$29,$-14,$15,$-2,$16,$16,$12,$64,$29,$51,65,$0.22,$0.18,$59,$0,$55,$189,$2104,$0,$0,$0,$2278,$2467,$173,$1155,$126,$1504,$1677,$1,$-452,$-15,$790,$2467,$70,$73,$-63,$10,$-22,$0,$0,$5,$-89,$-9,$-15,$0,$0,$0,$0,$0,$-8,$-23,$198,$-82,$116,$-95,$-95,$-26,$-16,$-21,$-53,$5,$-26
22,2013-03-31,35.13,$16.12,2.18,$18.59,1.89,$2.33,15.06,$0.09,390.37,$0.17B,$0.17B,0.99,$1.09B,$0.83B,1.31,$0.97B,$0.26B,26.42%,$0.97B,$-0.03B,-2.89%,$0.97B,$-0.03B,-2.89%,$0.97B,$0.12B,12.49%,$0.97B,$-0.05B,-5.37%,$0.97B,$0.02B,2.17%,$0.02B,$0.83B,2.30%,$0.02B,$0.83B,2.30%,$0.02B,$2.46B,0.84%,$-0.03B,$1.93B,-1.43%,$222,$171,$51,$0,$7,$224,$-2,$-10,$-13,$-66,$54,$54,$54,$35,$-2,$52,67,$1.03,$0.81,$52,$0,$56,$168,$2128,$0,$0,$0,$2287,$2455,$171,$1092,$139,$1452,$1623,$1,$-394,$-23,$833,$2455,$54,$37,$-64,$-27,$-5,$0,$0,$6,$-73,$-47,$-10,$0,$0,$0,$0,$0,$-1,$-11,$-152,$209,$57,$-51,$-51,$0,$-0,$5,$-52,$3,$0
23,2012-12-31,29.21,$16.23,1.8,$20.02,1.46,$2.87,10.17,$-0.60,0.0,$0.23B,$0.22B,1.09,$1.03B,$0.85B,1.21,$0.99B,$0.28B,27.99%,$0.99B,$-0.00B,-0.41%,$0.99B,$-0.00B,-0.41%,$0.99B,$0.15B,14.71%,$0.99B,$-0.03B,-2.94%,$0.99B,$-0.03B,-2.74%,$-0.03B,$0.85B,-2.79%,$-0.03B,$0.85B,-2.79%,$-0.03B,$2.53B,-1.07%,$-0.00B,$1.89B,-0.20%,$266,$200,$66,$0,$9,$291,$-25,$8,$-16,$-1,$-15,$-15,$-15,$17,$-25,$48,48,$-0.29,$-0.28,$103,$0,$0,$234,$2149,$0,$0,$0,$2298,$2532,$216,$1032,$153,$1463,$1679,$1,$-366,$-25,$854,$2532,$-27,$149,$6,$156,$-15,$0,$0,$7,$47,$176,$-95,$210,$0,$0,$0,$0,$0,$115,$0,$-55,$-55,$-127,$-127,$-62,$6,$-239,$53,$9,$-62
24,2012-09-30,24.64,$19.90,1.24,$19.84,1.24,$1.59,15.46,$-0.18,0.0,$0.14B,$0.30B,0.47,$1.05B,$0.89B,1.17,$0.99B,$0.18B,18.60%,$0.99B,$0.04B,4.15%,$0.99B,$0.04B,4.15%,$0.99B,$0.19B,19.11%,$0.99B,$-0.00B,-0.51%,$0.99B,$-0.01B,-0.71%,$-0.01B,$0.89B,-0.69%,$-0.01B,$0.89B,-0.69%,$-0.01B,$2.51B,-0.28%,$0.04B,$1.94B,1.98%,$228,$168,$60,$0,$11,$262,$-33,$-10,$-43,$-17,$-27,$-27,$-27,$2,$-33,$47,47,$-0.57,$-0.57,$25,$0,$53,$139,$2173,$0,$0,$47,$2370,$2509,$296,$1049,$172,$1320,$1616,$0,$-41,$-36,$894,$2509,$-12,$107,$25,$132,$-17,$0,$0,$-4,$9,$129,$-78,$0,$0,$4,$0,$4,$1,$-73,$0,$65,$65,$-141,$-141,$0,$-1,$-77,$-20,$5,$0
25,2012-06-30,24.04,$21.76,1.1,$19.59,1.23,$0.27,89.03,$0.36,66.77,$0.13B,$0.15B,0.88,$1.03B,$1.07B,0.97,$0.99B,$0.21B,21.60%,$0.99B,$0.09B,8.92%,$0.99B,$0.09B,8.92%,$0.99B,$0.24B,24.14%,$0.99B,$0.04B,3.75%,$0.99B,$0.02B,1.83%,$0.02B,$1.07B,1.71%,$0.02B,$1.07B,1.71%,$0.02B,$2.55B,0.71%,$0.09B,$2.10B,4.16%,$253,$174,$79,$0,$13,$222,$32,$-11,$20,$11,$9,$9,$9,$67,$32,$49,53,$0.18,$0.17,$31,$0,$44,$134,$2201,$0,$0,$52,$2412,$2546,$153,$1034,$171,$1326,$1478,$0,$171,$-36,$1068,$2546,$15,$72,$21,$92,$-15,$0,$0,$3,$-28,$79,$-59,$0,$0,$3,$0,$3,$0,$-55,$0,$-45,$-45,$7,$7,$0,$-0,$-39,$-15,$5,$0
26,2012-03-31,19.2,$21.53,0.89,$19.48,0.99,$-0.54,0.0,$0.36,53.33,$0.13B,$0.15B,0.85,$1.06B,$1.05B,1.01,$0.97B,$0.24B,24.54%,$0.97B,$0.09B,8.97%,$0.97B,$0.09B,8.97%,$0.97B,$0.24B,24.33%,$0.97B,$0.03B,3.09%,$0.97B,$0.02B,1.86%,$0.02B,$1.05B,1.71%,$0.02B,$1.05B,1.71%,$0.02B,$2.55B,0.70%,$0.09B,$2.11B,4.06%,$239,$168,$71,$0,$13,$217,$22,$-11,$10,$4,$6,$6,$6,$59,$22,$49,50,$0.12,$0.12,$21,$0,$41,$131,$2206,$0,$0,$53,$2417,$2549,$154,$1061,$170,$1342,$1496,$0,$162,$-36,$1053,$2549,$6,$37,$7,$44,$-20,$0,$0,$3,$-36,$14,$-30,$0,$0,$3,$0,$3,$0,$-26,$0,$-15,$-15,$3,$3,$0,$-0,$-12,$-25,$2,$0
27,2011-12-31,15.05,$21.59,0.7,$19.29,0.78,$-1.17,0.0,$0.20,75.24,$0.15B,$0.17B,0.85,$1.07B,$1.05B,1.03,$0.95B,$0.25B,26.68%,$0.95B,$0.08B,8.40%,$0.95B,$0.08B,8.40%,$0.95B,$0.23B,23.63%,$0.95B,$0.02B,1.79%,$0.95B,$0.01B,1.05%,$0.01B,$1.05B,0.96%,$0.01B,$1.05B,0.96%,$0.01B,$2.56B,0.39%,$0.08B,$2.12B,3.72%,$269,$295,$-26,$0,$-81,$250,$20,$-12,$8,$3,$5,$5,$5,$61,$20,$48,50,$0.10,$0.10,$46,$0,$49,$145,$2209,$0,$0,$51,$2419,$2563,$170,$1073,$166,$1348,$1518,$0,$156,$-36,$1046,$2563,$10,$145,$15,$160,$-10,$0,$0,$-5,$-16,$154,$-133,$0,$0,$2,$0,$2,$2,$-128,$0,$0,$0,$5,$5,$0,$-110,$-106,$-80,$10,$0
28,2011-09-30,12.06,$21.75,0.55,$18.39,0.66,$-2.76,0.0,$-0.59,0.0,$0.13B,$0.16B,0.79,$1.07B,$1.05B,1.02,$0.90B,$0.38B,42.86%,$0.90B,$0.03B,3.57%,$0.90B,$0.03B,3.57%,$0.90B,$0.17B,18.75%,$0.90B,$-0.04B,-4.02%,$0.90B,$-0.03B,-3.13%,$-0.03B,$1.05B,-2.68%,$-0.03B,$1.05B,-2.68%,$-0.03B,$2.54B,-1.08%,$0.03B,$2.12B,1.49%,$225,$136,$89,$0,$43,$211,$14,$-15,$-1,$1,$-2,$-2,$-2,$51,$14,$48,48,$-0.03,$-0.03,$13,$0,$59,$128,$2200,$0,$0,$51,$2411,$2539,$163,$1070,$142,$1323,$1486,$0,$151,$-20,$1053,$2539,$5,$104,$11,$115,$-16,$0,$0,$-14,$-37,$83,$-94,$0,$0,$2,$0,$2,$2,$-89,$0,$-100,$-100,$4,$4,$0,$-10,$-106,$-112,$7,$0
29,2011-06-30,18.7,$21.73,0.86,$17.09,1.09,$-2.99,0.0,$-1.23,0.0,$0.22B,$0.15B,1.46,$1.17B,$1.05B,1.11,$0.83B,$0.33B,39.69%,$0.83B,$-0.02B,-1.81%,$0.83B,$-0.02B,-1.81%,$0.83B,$0.11B,13.75%,$0.83B,$-0.08B,-10.13%,$0.83B,$-0.06B,-7.00%,$-0.06B,$1.05B,-5.58%,$-0.06B,$1.05B,-5.58%,$-0.06B,$2.62B,-2.22%,$-0.02B,$2.22B,-0.69%,$237,$133,$104,$0,$43,$206,$31,$-18,$13,$5,$9,$9,$9,$65,$31,$48,51,$0.18,$0.17,$113,$0,$48,$215,$2197,$0,$0,$50,$2401,$2616,$147,$1165,$141,$1417,$1565,$0,$152,$-21,$1052,$2616,$7,$67,$8,$75,$-15,$0,$0,$-4,$-42,$40,$-61,$0,$0,$2,$0,$2,$2,$-57,$0,$0,$0,$4,$4,$0,$-0,$4,$-13,$5,$0
30,2011-03-31,21.62,$21.44,1.01,$16.35,1.32,$-1.99,0.0,$-1.88,0.0,$0.20B,$0.23B,0.9,$1.10B,$1.04B,1.06,$0.78B,$0.30B,38.40%,$0.78B,$-0.07B,-8.63%,$0.78B,$-0.07B,-8.63%,$0.78B,$0.06B,7.60%,$0.78B,$-0.14B,-17.40%,$0.78B,$-0.09B,-11.60%,$-0.09B,$1.04B,-8.64%,$-0.09B,$1.04B,-8.64%,$-0.09B,$2.61B,-3.43%,$-0.07B,$2.14B,-3.09%,$221,$134,$87,$0,$43,$206,$15,$-18,$-3,$-1,$-2,$-2,$-2,$48,$15,$48,48,$-0.04,$-0.04,$88,$0,$44,$203,$2204,$0,$0,$50,$2408,$2610,$225,$1103,$141,$1349,$1574,$0,$144,$-25,$1037,$2610,$-2,$33,$1,$34,$-27,$0,$0,$-2,$-40,$-8,$-37,$0,$0,$2,$0,$2,$2,$-33,$0,$0,$0,$4,$4,$0,$-0,$4,$-37,$2,$0
31,2010-12-31,22.4,$21.39,1.05,$16.34,1.37,$-0.62,0.0,$-1.88,0.0,$0.21B,$0.25B,0.86,$1.10B,$1.03B,1.07,$0.77B,$0.30B,38.36%,$0.77B,$-0.07B,-8.71%,$0.77B,$-0.07B,-8.71%,$0.77B,$0.06B,7.41%,$0.77B,$-0.13B,-17.30%,$0.77B,$-0.09B,-11.70%,$-0.09B,$1.03B,-8.55%,$-0.09B,$1.03B,-8.55%,$-0.09B,$2.62B,-3.42%,$-0.07B,$2.13B,-3.06%,$213,$109,$104,$0,$44,$241,$-28,$-17,$-45,$-13,$-33,$-33,$-33,$4,$-28,$47,47,$-0.70,$-0.70,$126,$0,$49,$213,$2201,$0,$0,$51,$2408,$2621,$247,$1101,$142,$1344,$1591,$0,$146,$-28,$1030,$2621,$-89,$123,$49,$172,$8,$0,$0,$5,$57,$139,$-195,$0,$0,$4,$0,$4,$-1,$-192,$-27,$0,$-27,$26,$26,$0,$-2,$-3,$-56,$10,$0
32,2010-09-30,19.01,$21.95,0.87,$17.55,1.08,$2.19,8.69,$-1.20,0.0,$0.27B,$0.19B,1.42,$1.16B,$1.04B,1.12,$0.80B,$0.29B,35.96%,$0.80B,$-0.02B,-2.12%,$0.80B,$-0.02B,-2.12%,$0.80B,$0.11B,13.61%,$0.80B,$-0.09B,-11.36%,$0.80B,$-0.06B,-7.24%,$-0.06B,$1.04B,-5.45%,$-0.06B,$1.04B,-5.45%,$-0.06B,$2.63B,-2.20%,$-0.02B,$2.19B,-0.76%,$158,$124,$34,$0,$36,$191,$-33,$-17,$-49,$-17,$-32,$-32,$-32,$-3,$-33,$47,47,$-0.67,$-0.67,$137,$0,$57,$273,$2153,$0,$0,$47,$2353,$2627,$192,$1156,$129,$1398,$1590,$0,$178,$-28,$1037,$2627,$-56,$91,$59,$150,$2,$0,$0,$-7,$-5,$89,$-110,$0,$0,$4,$0,$4,$-1,$-107,$-27,$0,$-27,$2,$2,$0,$-1,$-26,$-44,$8,$0
33,2010-06-30,13.77,$22.54,0.61,$19.02,0.72,$3.42,4.02,$-0.84,0.0,$0.36B,$0.15B,2.32,$1.15B,$1.06B,1.09,$0.84B,$0.33B,39.31%,$0.84B,$0.02B,2.61%,$0.84B,$0.02B,2.61%,$0.84B,$0.15B,17.70%,$0.84B,$-0.05B,-6.06%,$0.84B,$-0.04B,-4.63%,$-0.04B,$1.06B,-3.64%,$-0.04B,$1.06B,-3.64%,$-0.04B,$2.64B,-1.43%,$0.02B,$2.22B,0.98%,$184,$111,$73,$0,$36,$205,$-21,$-17,$-38,$-12,$-26,$-26,$-23,$10,$-21,$47,47,$-0.48,$-0.48,$184,$0,$51,$358,$2086,$0,$0,$48,$2284,$2642,$154,$1153,$149,$1426,$1580,$0,$210,$-30,$1063,$2642,$-25,$61,$24,$86,$3,$0,$0,$-25,$-56,$47,$-20,$0,$0,$4,$0,$4,$-1,$-17,$-27,$0,$-27,$2,$2,$0,$-1,$-27,$3,$4,$0
34,2010-03-31,18.26,$22.93,0.8,$20.40,0.9,$3.11,5.86,$-0.12,0.0,$0.32B,$0.15B,2.05,$1.15B,$1.08B,1.07,$0.88B,$0.35B,40.00%,$0.88B,$0.06B,7.31%,$0.88B,$0.06B,7.31%,$0.88B,$0.19B,21.60%,$0.88B,$0.01B,0.69%,$0.88B,$-0.01B,-0.69%,$-0.01B,$1.08B,-0.58%,$-0.01B,$1.08B,-0.58%,$-0.01B,$2.64B,-0.22%,$0.06B,$2.23B,2.86%,$214,$131,$84,$0,$42,$200,$15,$-16,$-1,$1,$-2,$-2,$-2,$46,$15,$47,47,$-0.04,$-0.04,$181,$0,$83,$315,$2129,$0,$0,$47,$2324,$2639,$153,$1152,$153,$1407,$1560,$0,$233,$-33,$1079,$2639,$-2,$31,$2,$33,$-4,$0,$0,$1,$-4,$28,$-8,$0,$0,$4,$0,$4,$0,$-3,$-25,$0,$-25,$0,$0,$0,$-0,$-25,$-1,$2,$0
35,2009-12-31,12.31,$22.96,0.54,$21.00,0.59,$2.04,6.02,$0.00,0.0,$0.31B,$0.15B,1.98,$1.18B,$1.08B,1.09,$0.87B,$0.35B,39.75%,$0.87B,$0.06B,6.53%,$0.87B,$0.06B,6.53%,$0.87B,$0.18B,20.62%,$0.87B,$0.02B,1.95%,$0.87B,$-0.00B,-0.11%,$-0.00B,$1.08B,-0.10%,$-0.00B,$1.08B,-0.10%,$-0.00B,$2.66B,-0.04%,$0.06B,$2.26B,2.56%,$245,$148,$97,$0,$45,$223,$22,$-24,$-3,$-2,$-1,$-1,$-1,$56,$22,$42,43,$-0.02,$-0.01,$181,$0,$51,$306,$2150,$0,$0,$45,$2355,$2661,$154,$1177,$150,$1428,$1582,$0,$235,$-33,$1079,$2661,$-0,$124,$35,$159,$-6,$0,$0,$-1,$-36,$123,$-53,$0,$0,$18,$0,$18,$2,$-33,$-71,$0,$-71,$165,$165,$0,$-5,$89,$179,$10,$0
36,2009-09-30,12.53,$22.76,0.55,$20.95,0.6,$-6.67,0.0,$0.21,59.67,$0.60B,$0.43B,1.4,$1.24B,$1.07B,1.16,$0.86B,$0.34B,39.33%,$0.86B,$0.05B,5.80%,$0.86B,$0.05B,5.80%,$0.86B,$0.17B,19.84%,$0.86B,$0.03B,3.60%,$0.86B,$0.01B,0.93%,$0.01B,$1.07B,0.84%,$0.01B,$1.07B,0.85%,$0.01B,$2.98B,0.30%,$0.05B,$2.31B,2.27%,$199,$122,$77,$0,$41,$192,$6,$-15,$-9,$-3,$-6,$-6,$-13,$37,$6,$41,41,$-0.31,$-0.31,$470,$0,$73,$601,$2172,$0,$2,$43,$2378,$2979,$429,$1236,$159,$1480,$1909,$0,$235,$-42,$1069,$2979,$1,$90,$12,$102,$-15,$0,$0,$-12,$-26,$76,$-44,$0,$0,$17,$0,$17,$2,$-25,$217,$38,$255,$165,$165,$0,$-4,$416,$467,$9,$0
37,2009-06-30,7.92,$22.49,0.35,$21.67,0.37,$-13.17,0.0,$0.38,20.85,$0.14B,$0.15B,0.96,$1.24B,$0.92B,1.35,$0.89B,$0.34B,38.31%,$0.89B,$0.05B,5.73%,$0.89B,$0.05B,5.73%,$0.89B,$0.17B,19.33%,$0.89B,$0.03B,3.37%,$0.89B,$0.02B,1.69%,$0.02B,$0.92B,1.64%,$0.02B,$0.91B,1.66%,$0.02B,$2.54B,0.58%,$0.05B,$2.16B,2.34%,$217,$126,$92,$0,$42,$197,$21,$-2,$19,$8,$10,$10,$10,$50,$21,$41,41,$0.25,$0.24,$30,$0,$56,$143,$2194,$1,$8,$43,$2401,$2544,$149,$1239,$154,$1474,$1623,$0,$248,$-42,$922,$2544,$13,$59,$-5,$54,$-11,$0,$0,$-3,$-22,$46,$-35,$0,$0,$13,$0,$13,$-0,$-23,$-64,$68,$4,$-4,$-4,$0,$5,$4,$27,$4,$0
38,2009-03-31,5.19,$22.36,0.23,$22.66,0.23,$-19.04,0.0,$0.35,14.84,$0.14B,$0.16B,0.87,$1.28B,$0.91B,1.41,$0.93B,$0.36B,38.13%,$0.93B,$0.06B,6.34%,$0.93B,$0.06B,6.34%,$0.93B,$0.18B,19.44%,$0.93B,$0.03B,2.69%,$0.93B,$0.01B,1.50%,$0.01B,$0.91B,1.53%,$0.01B,$0.90B,1.54%,$0.01B,$2.57B,0.54%,$0.06B,$2.18B,2.71%,$212,$131,$81,$0,$45,$204,$8,$2,$10,$6,$4,$4,$3,$37,$8,$41,41,$0.08,$0.08,$21,$0,$51,$139,$2214,$1,$9,$47,$2426,$2565,$160,$1275,$155,$1498,$1658,$0,$238,$-44,$907,$2565,$3,$29,$-7,$22,$-16,$0,$0,$-4,$-30,$-5,$-22,$0,$0,$13,$0,$13,$-0,$-9,$-37,$75,$38,$-5,$-5,$0,$-0,$33,$19,$2,$0
39,2008-12-31,6.76,$22.08,0.31,$22.23,0.3,$-22.47,0.0,$0.09,75.08,$0.11B,$0.17B,0.63,$1.26B,$0.90B,1.4,$0.91B,$0.34B,37.20%,$0.91B,$0.06B,6.13%,$0.91B,$0.06B,6.13%,$0.91B,$0.17B,18.82%,$0.91B,$0.01B,0.55%,$0.91B,$0.00B,0.44%,$0.00B,$0.90B,0.44%,$0.00B,$0.90B,0.44%,$0.00B,$2.56B,0.15%,$0.06B,$2.16B,2.60%,$234,$145,$89,$0,$44,$219,$15,$-4,$11,$2,$9,$9,$8,$47,$15,$41,41,$0.21,$0.22,$2,$0,$51,$109,$2228,$1,$9,$49,$2452,$2560,$173,$1261,$160,$1484,$1657,$0,$235,$-43,$903,$2560,$4,$116,$17,$133,$-28,$0,$0,$-7,$-15,$122,$-414,$0,$0,$1,$0,$1,$0,$-413,$-26,$325,$299,$-18,$-18,$0,$-12,$269,$-23,$11,$0
40,2008-09-30,18.31,$22.54,0.81,$21.50,0.85,$-28.45,0.0,$-0.02,0.0,$0.18B,$0.26B,0.67,$1.28B,$0.92B,1.39,$0.89B,$0.33B,36.78%,$0.89B,$0.05B,5.85%,$0.89B,$0.05B,5.85%,$0.89B,$0.16B,17.66%,$0.89B,$0.00B,0.22%,$0.89B,$-0.00B,0.00%,$-0.00B,$0.92B,0.00%,$-0.00B,$0.91B,0.00%,$-0.00B,$2.65B,0.00%,$0.05B,$2.20B,2.48%,$227,$148,$79,$0,$43,$220,$7,$-17,$-10,$-3,$-7,$-7,$-6,$38,$7,$41,41,$-0.14,$-0.14,$48,$0,$59,$176,$2259,$4,$9,$38,$2473,$2648,$264,$1281,$104,$1463,$1727,$0,$227,$-15,$922,$2648,$-4,$83,$26,$109,$-29,$0,$0,$-26,$-7,$98,$-331,$0,$0,$0,$0,$0,$-16,$-347,$0,$302,$302,$-18,$-18,$0,$-11,$273,$23,$9,$0
41,2008-06-30,14.94,$22.73,0.66,$19.89,0.75,$-33.28,0.0,$0.07,213.38,$0.15B,$0.27B,0.57,$1.25B,$0.93B,1.34,$0.83B,$0.31B,36.79%,$0.83B,$0.05B,5.79%,$0.83B,$0.05B,5.79%,$0.83B,$0.14B,17.13%,$0.83B,$0.01B,1.57%,$0.83B,$0.00B,0.48%,$0.00B,$0.93B,0.43%,$0.00B,$0.92B,0.44%,$0.00B,$2.62B,0.17%,$0.05B,$2.17B,2.41%,$258,$152,$106,$0,$48,$229,$29,$-15,$14,$5,$9,$9,$9,$59,$29,$41,41,$0.22,$0.21,$33,$0,$41,$154,$2258,$4,$9,$27,$2461,$2615,$271,$1245,$98,$1416,$1687,$0,$232,$-9,$929,$2615,$1,$52,$15,$67,$-40,$0,$0,$-12,$-22,$47,$-277,$0,$0,$0,$0,$0,$-9,$-285,$0,$267,$267,$-20,$-20,$0,$0,$247,$8,$6,$0
42,2008-03-31,18.88,$22.34,0.85,$18.09,1.04,$-33.22,0.0,$2.38,7.93,$0.12B,$0.26B,0.47,$1.16B,$0.91B,1.28,$0.76B,$0.28B,36.32%,$0.76B,$0.04B,5.00%,$0.76B,$0.04B,5.00%,$0.76B,$0.13B,16.71%,$0.76B,$0.15B,20.00%,$0.76B,$0.10B,13.42%,$0.10B,$0.91B,11.01%,$0.10B,$0.90B,11.11%,$0.10B,$2.51B,4.45%,$0.04B,$2.08B,2.05%,$195,$129,$66,$0,$40,$190,$5,$-15,$-10,$-3,$-7,$-7,$-7,$28,$5,$41,41,$-0.18,$-0.18,$17,$0,$39,$123,$2335,$4,$9,$23,$2385,$2508,$262,$1163,$102,$1334,$1596,$0,$223,$-13,$913,$2508,$-7,$22,$11,$33,$-28,$0,$0,$-9,$-32,$-6,$-162,$0,$0,$0,$0,$0,$-2,$-164,$0,$182,$182,$-20,$-20,$0,$0,$162,$-8,$3,$0
43,2007-12-31,25.23,$22.83,1.1,$17.68,1.43,$-31.88,0.0,$2.64,9.56,$0.10B,$0.25B,0.39,$0.98B,$0.94B,1.04,$0.75B,$0.28B,37.62%,$0.75B,$0.04B,5.89%,$0.75B,$0.04B,5.89%,$0.75B,$0.14B,18.21%,$0.75B,$0.17B,22.09%,$0.75B,$0.11B,14.99%,$0.11B,$0.94B,12.44%,$0.11B,$0.93B,13.03%,$0.11B,$2.35B,4.75%,$0.04B,$1.92B,2.51%,$209,$133,$76,$0,$45,$198,$11,$-3,$8,$2,$6,$6,$4,$32,$11,$41,42,$0.09,$0.10,$25,$0,$30,$95,$2196,$4,$9,$30,$2254,$2349,$246,$979,$108,$1161,$1407,$0,$231,$-11,$941,$2349,$112,$93,$-177,$-84,$2,$0,$0,$-7,$-1,$27,$-579,$0,$-10,$1,$222,$222,$116,$-251,$0,$223,$223,$13,$13,$0,$-23,$212,$-12,$10,$0
44,2007-09-30,33.18,$22.53,1.47,$18.62,1.78,$-22.83,0.0,$0.25,132.71,$0.13B,$0.24B,0.52,$0.88B,$0.93B,0.95,$0.78B,$0.28B,36.29%,$0.78B,$-0.08B,-9.78%,$0.78B,$-0.08B,-9.78%,$0.78B,$0.02B,2.70%,$0.78B,$0.04B,5.15%,$0.78B,$0.01B,1.80%,$0.01B,$0.93B,1.62%,$0.01B,$0.92B,1.70%,$0.01B,$2.21B,0.58%,$-0.08B,$1.81B,-4.57%,$167,$110,$57,$0,$36,$164,$3,$-2,$1,$-2,$2,$2,$-2,$23,$3,$41,42,$-0.05,$-0.05,$40,$0,$29,$125,$2043,$4,$9,$14,$2085,$2210,$239,$879,$102,$1042,$1281,$0,$227,$-17,$929,$2210,$108,$71,$-190,$-119,$-12,$0,$0,$-9,$13,$2,$-449,$0,$0,$0,$221,$221,$114,$-114,$0,$125,$125,$12,$12,$0,$-22,$115,$3,$8,$0
45,2007-06-30,33.44,$22.47,1.49,$18.71,1.79,$-14.27,0.0,$0.45,74.31,$0.16B,$0.32B,0.48,$0.69B,$0.92B,0.75,$0.77B,$0.28B,36.30%,$0.77B,$-0.08B,-10.34%,$0.77B,$-0.08B,-10.34%,$0.77B,$0.02B,2.97%,$0.77B,$0.03B,4.13%,$0.77B,$0.02B,2.84%,$0.02B,$0.92B,2.58%,$0.02B,$0.92B,2.91%,$0.02B,$2.11B,0.86%,$-0.08B,$1.61B,-5.00%,$189,$112,$77,$0,$39,$170,$19,$134,$153,$60,$94,$94,$107,$44,$19,$41,42,$2.61,$2.52,$64,$0,$31,$155,$1901,$5,$9,$21,$1951,$2105,$323,$691,$97,$860,$1182,$0,$229,$-17,$923,$2105,$110,$51,$-196,$-145,$-12,$0,$0,$-10,$77,$42,$-276,$0,$0,$0,$221,$221,$115,$59,$0,$-60,$-60,$8,$8,$0,$-22,$-74,$27,$5,$0
46,2007-03-31,32.96,$19.76,1.67,$18.60,1.77,$-9.22,0.0,$-2.20,0.0,$0.77B,$0.91B,0.85,$0.87B,$0.81B,1.08,$0.76B,$0.27B,35.96%,$0.76B,$-0.09B,-11.15%,$0.76B,$-0.09B,-11.15%,$0.76B,$0.02B,2.10%,$0.76B,$-0.12B,-15.35%,$0.76B,$-0.09B,-11.81%,$-0.09B,$0.81B,-10.70%,$-0.09B,$0.67B,-13.14%,$-0.09B,$2.78B,-3.37%,$-0.09B,$1.68B,-5.40%,$182,$111,$71,$0,$41,$172,$11,$-8,$3,$2,$1,$1,$3,$37,$11,$41,42,$0.08,$0.08,$453,$0,$257,$768,$1754,$82,$137,$18,$2009,$2777,$908,$874,$97,$1061,$1969,$0,$122,$-16,$808,$2777,$3,$27,$5,$32,$-14,$0,$0,$-7,$-21,$15,$-130,$0,$0,$0,$0,$0,$-1,$-131,$0,$120,$120,$3,$3,$0,$-12,$111,$-5,$2,$0
47,2006-12-31,31.75,$19.56,1.62,$20.10,1.58,$-7.22,0.0,$-1.96,0.0,$0.74B,$0.90B,0.82,$0.75B,$0.80B,0.94,$0.82B,$0.29B,35.52%,$0.82B,$-0.07B,-9.00%,$0.82B,$-0.07B,-9.00%,$0.82B,$0.03B,3.53%,$0.82B,$-0.11B,-12.77%,$0.82B,$-0.08B,-9.73%,$-0.08B,$0.80B,-9.33%,$-0.08B,$0.79B,-11.85%,$-0.08B,$2.63B,-3.05%,$-0.07B,$1.55B,-4.86%,$239,$162,$77,$0,$53,$349,$-109,$-7,$-117,$-22,$-94,$-94,$-94,$-83,$-109,$41,41,$-2.30,$-2.30,$432,$0,$228,$738,$1610,$84,$9,$13,$1895,$2633,$895,$754,$87,$939,$1834,$0,$119,$-16,$798,$2633,$-79,$105,$77,$182,$-1,$0,$0,$6,$16,$119,$-282,$0,$0,$0,$-4,$-4,$-20,$-306,$-1,$155,$154,$13,$13,$0,$10,$177,$-10,$8,$0
