,Date,Stock Price,Book Value per Share,Price to Book Ratio,TTM Sales per Share,Price to Sales Ratio,TTM FCF per Share,Price to FCF Ratio,TTM Net EPS,PE Ratio,Current Assets,Current Liabilities,Current Ratio,Long Term Debt,Shareholder's Equity_x,Debt to Equity Ratio,TTM Revenue_x,TTM Gross Profit,Gross Margin,TTM Revenue_y,TTM Operating Income,Operating Margin,TTM Revenue_x,TTM EBIT,EBIT Margin,TTM Revenue_y,TTM EBITDA,EBITDA Margin,TTM Revenue_x,TTM Pre-Tax Income,Pre-Tax Margin,TTM Revenue_y,TTM Net Income_x,Net Margin,TTM Net Income_y,Shareholder's Equity_y,Return on Equity,TTM Net Income_x,Tangible Equity,Return on Tangible Equity,TTM Net Income_y,Total Assets,Return on Assets,TTM Net Income,LT Investments & Debt,Return on Investment,revenue,cost-goods-sold,gross-profit,research-development-expenses,selling-general-administrative-expenses,operating-expenses,operating-income,total-non-operating-income-expense,pre-tax-income,total-provision-income-taxes,income-after-taxes,income-from-continuous-operations,net-income,ebitda,ebit,basic-shares-outstanding,shares-outstanding,eps-basic-net-earnings-per-share,eps-earnings-per-share-diluted,cash-on-hand,inventory,other-current-assets,total-current-assets,net-property-plant-equipment,long-term-investments,goodwill-intangible-assets-total,other-long-term-assets,total-long-term-assets,total-assets,total-current-liabilities,long-term-debt,other-non-current-liabilities,total-long-term-liabilities,total-liabilities,common-stock-net,retained-earnings-accumulated-deficit,comprehensive-income,total-share-holder-equity,total-liabilities-share-holders-equity,net-income-loss,total-depreciation-amortization-cash-flow,other-non-cash-items,total-non-cash-items,change-in-accounts-receivable,change-in-inventories,change-in-accounts-payable,change-in-assets-liabilities,total-change-in-assets-liabilities,cash-flow-from-operating-activities,net-change-in-property-plant-equipment,net-change-in-intangible-assets,net-acquisitions-divestitures,net-change-in-short-term-investments,net-change-in-long-term-investments,net-change-in-investments-total,investing-activities-other,cash-flow-from-investing-activities,net-long-term-debt,net-current-debt,debt-issuance-retirement-net-total,net-common-equity-issued-repurchased,net-total-equity-issued-repurchased,total-common-preferred-stock-dividends-paid,financial-activities-other,cash-flow-from-financial-activities,net-cash-flow,stock-based-compensation,common-stock-dividends-paid
0,2018-08-31,147.73,$7.33,20.14,$16.87,8.76,$11.35,13.01,$1.52,97.19,$2.58B,$2.09B,1.23,$0.51B,$1.29B,0.4,$3.16B,$2.69B,85.24%,$3.16B,$0.49B,15.65%,$3.16B,$0.49B,15.65%,$3.16B,$0.63B,19.83%,$3.16B,$0.50B,15.90%,$3.16B,$0.29B,9.06%,$0.29B,$1.29B,20.31%,$0.29B,$-0.20B,-794.44%,$0.29B,$4.81B,5.65%,$0.49B,$1.80B,24.08%,$823,$119,$704,$166,$403,$688,$135,$1,$135,$48,$87,$87,$87,$166,$135,$177,187,$0.49,$0.46,$1768,$0,$46,$2578,$195,$389,$1492,$69,$2229,$4807,$2094,$512,$201,$1423,$3517,$0,$1820,$-52,$1290,$4807,$200,$65,$66,$132,$257,$0,$-2,$-108,$147,$479,$-27,$-6,$0,$0,$85,$85,$-1,$51,$-238,$0,$-238,$-370,$-370,$0,$-95,$-703,$-221,$99,$0
1,2018-05-31,162.42,$8.07,20.13,$16.42,9.89,$10.84,14.98,$1.59,102.15,$2.91B,$2.28B,1.28,$0.56B,$1.43B,0.39,$3.06B,$2.60B,85.18%,$3.06B,$0.49B,16.16%,$3.06B,$0.49B,16.16%,$3.06B,$0.63B,20.51%,$3.06B,$0.50B,16.32%,$3.06B,$0.30B,9.68%,$0.30B,$1.43B,20.62%,$0.30B,$-0.07B,657.78%,$0.30B,$5.19B,5.90%,$0.49B,$1.99B,23.08%,$814,$123,$691,$167,$412,$701,$112,$-1,$111,$-2,$113,$113,$113,$146,$112,$177,191,$0.64,$0.59,$2098,$0,$61,$2906,$197,$429,$1499,$79,$2286,$5192,$2276,$555,$206,$1483,$3760,$0,$1733,$-44,$1432,$5192,$113,$34,$44,$77,$264,$0,$-29,$-80,$156,$346,$-13,$-3,$0,$0,$-20,$-20,$-1,$-36,$-26,$0,$-26,$-149,$-149,$0,$-62,$-237,$44,$46,$0
2,2018-02-28,147.4,$8.35,17.66,$15.88,9.28,$10.37,14.21,$1.40,105.29,$3.14B,$2.31B,1.36,$0.74B,$1.48B,0.5,$2.92B,$2.49B,85.24%,$2.92B,$0.47B,16.16%,$2.92B,$0.47B,16.16%,$2.92B,$0.60B,20.58%,$2.92B,$0.48B,16.27%,$2.92B,$0.26B,8.84%,$0.26B,$1.48B,18.37%,$0.26B,$-0.04B,277.42%,$0.26B,$5.47B,5.32%,$0.47B,$2.22B,21.87%,$772,$113,$660,$154,$376,$643,$129,$10,$140,$155,$-15,$-15,$-15,$162,$129,$177,185,$-0.08,$-0.08,$2042,$0,$26,$3142,$206,$430,$1514,$89,$2332,$5474,$2306,$744,$205,$1691,$3996,$0,$1620,$-33,$1478,$5474,$259,$128,$162,$290,$-154,$0,$162,$367,$375,$923,$-85,$-17,$-315,$0,$340,$340,$-0,$-77,$-2,$0,$-2,$-232,$-232,$0,$-39,$-273,$633,$192,$0
3,2017-11-30,126.76,$8.10,15.66,$15.13,8.38,$9.74,13.02,$1.83,69.27,$2.51B,$1.83B,1.37,$0.76B,$1.43B,0.53,$2.78B,$2.37B,85.20%,$2.78B,$0.44B,15.74%,$2.78B,$0.44B,15.74%,$2.78B,$0.56B,20.27%,$2.78B,$0.43B,15.38%,$2.78B,$0.34B,12.21%,$0.34B,$1.43B,25.18%,$0.34B,$0.16B,284.28%,$0.34B,$4.76B,7.35%,$0.44B,$2.20B,20.80%,$748,$112,$636,$146,$372,$630,$118,$-3,$116,$15,$101,$101,$101,$152,$118,$177,186,$0.57,$0.54,$1716,$0,$41,$2505,$202,$605,$1272,$67,$2255,$4759,$1825,$762,$116,$1501,$3326,$0,$1624,$-36,$1433,$4759,$271,$95,$151,$246,$112,$0,$-18,$-52,$42,$561,$-68,$-13,$-84,$0,$82,$82,$-0,$-83,$-1,$0,$-1,$-232,$-232,$0,$-53,$-287,$240,$143,$0
4,2017-08-31,107.5,$7.91,13.58,$14.48,7.42,$9.36,11.48,$1.66,64.76,$2.33B,$1.80B,1.3,$0.76B,$1.40B,0.54,$2.64B,$2.26B,85.29%,$2.64B,$0.40B,15.13%,$2.64B,$0.40B,15.13%,$2.64B,$0.52B,19.74%,$2.64B,$0.39B,14.67%,$2.64B,$0.31B,11.57%,$0.31B,$1.40B,23.43%,$0.31B,$0.12B,303.72%,$0.31B,$4.64B,6.89%,$0.40B,$2.16B,19.47%,$723,$107,$617,$142,$340,$589,$135,$-3,$132,$35,$97,$97,$97,$167,$135,$177,183,$0.55,$0.53,$1659,$0,$41,$2332,$206,$655,$1278,$66,$2307,$4639,$1796,$757,$105,$1443,$3239,$0,$1523,$-33,$1400,$4639,$172,$62,$100,$162,$205,$0,$-53,$-85,$67,$401,$-52,$-9,$-84,$0,$-28,$-28,$-0,$-173,$-1,$0,$-1,$-110,$-110,$0,$-48,$-160,$120,$91,$0
5,2017-05-31,89.57,$7.35,12.18,$13.80,6.49,$9.07,9.88,$1.45,61.77,$2.30B,$1.79B,1.29,$0.75B,$1.31B,0.58,$2.52B,$2.15B,85.28%,$2.52B,$0.35B,13.76%,$2.52B,$0.35B,13.76%,$2.52B,$0.47B,18.52%,$2.52B,$0.34B,13.29%,$2.52B,$0.27B,10.63%,$0.27B,$1.31B,20.84%,$0.27B,$0.13B,266.00%,$0.27B,$4.51B,6.22%,$0.35B,$2.06B,17.10%,$677,$101,$576,$137,$349,$587,$90,$-3,$87,$12,$75,$75,$75,$120,$90,$177,182,$0.42,$0.41,$1638,$0,$41,$2302,$195,$671,$1180,$71,$2211,$4512,$1791,$751,$97,$1416,$3207,$0,$1426,$-66,$1306,$4512,$75,$30,$53,$82,$189,$0,$-55,$-34,$100,$258,$-26,$-2,$0,$0,$-23,$-23,$0,$-51,$-0,$0,$-0,$-59,$-59,$0,$-29,$-89,$140,$44,$0
6,2017-02-28,82.81,$7.05,11.74,$13.16,6.29,$8.96,9.25,$1.38,60.01,$2.32B,$1.89B,1.23,$0.75B,$1.25B,0.6,$2.41B,$2.06B,85.32%,$2.41B,$0.33B,13.76%,$2.41B,$0.33B,13.76%,$2.41B,$0.45B,18.74%,$2.41B,$0.32B,13.27%,$2.41B,$0.25B,10.53%,$0.25B,$1.25B,19.59%,$0.25B,$0.07B,222.32%,$0.25B,$4.54B,6.04%,$0.33B,$1.99B,16.32%,$629,$92,$537,$122,$320,$535,$94,$-3,$92,$26,$66,$66,$66,$124,$94,$180,183,$0.36,$0.37,$1461,$0,$19,$2316,$190,$672,$1178,$74,$2219,$4535,$1891,$746,$94,$1397,$3288,$0,$1353,$-88,$1247,$4535,$254,$120,$206,$325,$-119,$0,$71,$253,$205,$784,$-69,$-12,$-29,$0,$0,$0,$-1,$-110,$-2,$0,$-2,$-455,$-455,$0,$-48,$-504,$163,$193,$0
7,2016-11-30,79.11,$7.12,11.12,$12.64,6.26,$8.78,9.01,$1.31,60.39,$1.88B,$1.50B,1.26,$0.74B,$1.27B,0.58,$2.33B,$1.98B,85.22%,$2.33B,$0.31B,13.32%,$2.33B,$0.31B,13.32%,$2.33B,$0.43B,18.39%,$2.33B,$0.30B,12.76%,$2.33B,$0.24B,10.36%,$0.24B,$1.27B,18.28%,$0.24B,$0.09B,175.59%,$0.24B,$4.09B,5.86%,$0.31B,$2.01B,15.12%,$615,$90,$525,$122,$322,$534,$81,$-4,$77,$9,$68,$68,$68,$111,$81,$179,183,$0.38,$0.37,$1295,$0,$2,$1881,$174,$677,$1185,$60,$2205,$4085,$1498,$740,$93,$1315,$2813,$0,$1287,$-89,$1272,$4085,$188,$90,$148,$237,$86,$0,$-15,$-32,$40,$465,$-50,$-9,$-29,$0,$-7,$-7,$-0,$-95,$-1,$0,$-1,$-316,$-316,$0,$-55,$-373,$-11,$141,$0
8,2016-08-31,72.98,$7.34,9.94,$12.09,6.04,$8.97,8.14,$1.19,61.33,$1.85B,$1.51B,1.23,$0.74B,$1.32B,0.56,$2.24B,$1.90B,85.02%,$2.24B,$0.30B,13.33%,$2.24B,$0.30B,13.33%,$2.24B,$0.41B,18.52%,$2.24B,$0.29B,12.79%,$2.24B,$0.22B,9.84%,$0.22B,$1.32B,16.46%,$0.22B,$0.12B,139.90%,$0.22B,$4.10B,5.41%,$0.30B,$2.05B,14.42%,$600,$88,$512,$121,$309,$518,$82,$-2,$79,$21,$59,$59,$59,$112,$82,$180,183,$0.33,$0.32,$1336,$0,$3,$1848,$172,$707,$1197,$54,$2253,$4101,$1509,$735,$91,$1273,$2782,$0,$1219,$-70,$1318,$4101,$120,$59,$79,$138,$160,$0,$-10,$-78,$71,$329,$-33,$-6,$-29,$0,$-3,$-3,$-0,$-71,$-1,$0,$-1,$-192,$-192,$0,$-37,$-229,$43,$87,$0
9,2016-05-31,77.46,$7.45,10.4,$11.52,6.73,$9.05,8.56,$1.15,67.36,$1.88B,$1.50B,1.25,$0.73B,$1.35B,0.54,$2.14B,$1.82B,84.91%,$2.14B,$0.29B,13.64%,$2.14B,$0.29B,13.64%,$2.14B,$0.41B,18.93%,$2.14B,$0.28B,13.04%,$2.14B,$0.21B,9.91%,$0.21B,$1.35B,15.72%,$0.21B,$0.18B,103.54%,$0.21B,$4.11B,5.31%,$0.29B,$2.08B,14.07%,$568,$84,$484,$115,$293,$493,$75,$-3,$72,$11,$61,$61,$61,$105,$75,$181,184,$0.34,$0.33,$1396,$0,$1,$1884,$168,$723,$1170,$50,$2228,$4112,$1504,$729,$88,$1258,$2763,$0,$1160,$-68,$1349,$4112,$61,$30,$39,$69,$190,$0,$-30,$-57,$103,$232,$-18,$-3,$0,$0,$-17,$-17,$-0,$-38,$-0,$0,$-0,$-65,$-65,$0,$-31,$-96,$104,$41,$0
10,2016-02-29,65.35,$7.37,8.87,$11.02,5.93,$8.99,7.27,$1.08,60.51,$1.87B,$1.56B,1.2,$0.72B,$1.33B,0.54,$2.05B,$1.74B,84.90%,$2.05B,$0.29B,14.03%,$2.05B,$0.29B,14.03%,$2.05B,$0.40B,19.34%,$2.05B,$0.28B,13.40%,$2.05B,$0.20B,9.69%,$0.20B,$1.33B,14.75%,$0.20B,$0.16B,85.22%,$0.20B,$4.16B,5.10%,$0.29B,$2.06B,13.89%,$544,$81,$462,$108,$282,$472,$72,$-3,$69,$16,$53,$53,$53,$100,$72,$183,186,$0.29,$0.28,$1209,$0,$3,$1872,$167,$786,$1173,$45,$2283,$4155,$1559,$724,$88,$1261,$2821,$0,$1100,$-74,$1334,$4155,$199,$109,$177,$286,$-48,$0,$62,$236,$250,$736,$-42,$-14,$-126,$0,$-327,$-327,$-4,$-512,$-2,$0,$-2,$-259,$-259,$0,$-67,$-328,$-120,$166,$0
11,2015-11-30,81.41,$7.36,11.06,$10.55,7.72,$8.33,9.77,$1.05,77.53,$1.77B,$1.31B,1.35,$0.73B,$1.35B,0.54,$1.97B,$1.68B,84.90%,$1.97B,$0.28B,14.39%,$1.97B,$0.28B,14.39%,$1.97B,$0.39B,19.82%,$1.97B,$0.28B,13.94%,$1.97B,$0.19B,9.83%,$0.19B,$1.35B,14.50%,$0.19B,$0.17B,77.60%,$0.19B,$3.90B,5.09%,$0.28B,$2.07B,13.81%,$524,$81,$443,$105,$269,$455,$69,$-3,$66,$19,$47,$47,$47,$97,$69,$183,186,$0.26,$0.25,$1136,$0,$1,$1774,$161,$735,$1177,$51,$2125,$3899,$1312,$729,$107,$1243,$2554,$0,$1047,$-83,$1345,$3899,$146,$81,$145,$227,$65,$0,$4,$45,$114,$487,$-29,$-8,$-127,$0,$-194,$-194,$-3,$-362,$-1,$0,$-1,$-145,$-145,$0,$-61,$-207,$-105,$120,$0
12,2015-08-31,72.21,$7.48,9.65,$10.16,7.1,$7.85,9.2,$1.06,68.12,$1.71B,$1.26B,1.35,$0.73B,$1.37B,0.53,$1.91B,$1.62B,84.88%,$1.91B,$0.28B,14.80%,$1.91B,$0.28B,14.80%,$1.91B,$0.39B,20.21%,$1.91B,$0.28B,14.54%,$1.91B,$0.20B,10.24%,$0.20B,$1.37B,14.89%,$0.20B,$0.31B,79.35%,$0.20B,$3.80B,5.24%,$0.28B,$2.09B,13.93%,$504,$76,$428,$102,$249,$428,$76,$-4,$72,$21,$51,$51,$51,$103,$76,$183,187,$0.28,$0.28,$1172,$0,$2,$1706,$165,$823,$1056,$51,$2096,$3801,$1262,$725,$81,$1171,$2433,$0,$1000,$-65,$1368,$3801,$99,$53,$84,$138,$161,$0,$-18,$-44,$99,$338,$-21,$-6,$-2,$0,$-250,$-250,$-3,$-281,$-1,$0,$-1,$-67,$-67,$0,$-33,$-101,$-56,$77,$0
13,2015-05-31,77.27,$7.35,10.51,$9.80,7.88,$7.46,10.36,$1.03,75.02,$1.70B,$1.25B,1.37,$0.72B,$1.35B,0.53,$1.85B,$1.57B,84.89%,$1.85B,$0.27B,14.62%,$1.85B,$0.27B,14.62%,$1.85B,$0.37B,19.92%,$1.85B,$0.27B,14.67%,$1.85B,$0.19B,10.34%,$0.19B,$1.35B,14.18%,$0.19B,$0.29B,65.36%,$0.19B,$3.76B,5.40%,$0.27B,$2.07B,14.36%,$481,$71,$410,$97,$241,$410,$71,$-3,$68,$20,$48,$48,$48,$97,$71,$183,186,$0.26,$0.26,$1184,$0,$2,$1701,$168,$785,$1055,$51,$2059,$3760,$1245,$720,$76,$1166,$2411,$0,$948,$-67,$1349,$3760,$48,$26,$45,$71,$179,$0,$-52,$-32,$95,$215,$-11,$-4,$0,$0,$-224,$-224,$-2,$-240,$0,$0,$0,$2,$2,$0,$-26,$-23,$-57,$37,$0
14,2015-02-28,69.12,$7.02,9.85,$9.43,7.33,$7.18,9.63,$0.97,71.26,$1.88B,$1.33B,1.41,$0.70B,$1.29B,0.55,$1.79B,$1.52B,84.75%,$1.79B,$0.25B,13.97%,$1.79B,$0.25B,13.97%,$1.79B,$0.34B,19.16%,$1.79B,$0.26B,14.30%,$1.79B,$0.18B,10.11%,$0.18B,$1.29B,13.02%,$0.18B,$0.23B,50.24%,$0.18B,$3.79B,5.37%,$0.25B,$1.99B,14.33%,$464,$70,$394,$92,$234,$396,$68,$1,$69,$21,$48,$48,$48,$94,$68,$187,189,$0.26,$0.24,$1263,$0,$2,$1883,$172,$546,$1061,$23,$1901,$3785,$1334,$703,$72,$1162,$2496,$0,$900,$-61,$1288,$3785,$180,$94,$161,$255,$-122,$0,$71,$244,$194,$628,$-46,$-6,$-296,$0,$12,$12,$11,$-325,$639,$0,$639,$-453,$-453,$0,$-43,$143,$401,$135,$0
15,2014-11-30,62.15,$6.73,9.24,$9.07,6.86,$6.50,9.57,$0.95,65.42,$1.71B,$1.17B,1.45,$0.71B,$1.23B,0.58,$1.73B,$1.46B,84.76%,$1.73B,$0.24B,13.96%,$1.73B,$0.24B,13.96%,$1.73B,$0.33B,19.06%,$1.73B,$0.25B,14.43%,$1.73B,$0.18B,10.31%,$0.18B,$1.23B,12.22%,$0.18B,$0.15B,36.63%,$0.18B,$3.55B,5.57%,$0.24B,$1.95B,14.75%,$456,$71,$385,$91,$227,$389,$67,$0,$68,$20,$48,$48,$48,$91,$67,$185,188,$0.26,$0.26,$1115,$0,$2,$1705,$174,$531,$1084,$54,$1843,$3548,$1173,$711,$72,$1141,$2314,$0,$853,$-32,$1234,$3548,$133,$67,$102,$169,$2,$0,$56,$46,$104,$405,$-35,$-4,$-296,$0,$42,$42,$3,$-290,$640,$0,$640,$-454,$-454,$0,$-34,$151,$237,$99,$0
16,2014-08-31,60.92,$8.06,7.55,$8.71,7.0,$6.06,10.05,$0.96,63.46,$1.33B,$1.13B,1.17,$0.00B,$1.52B,0.0,$1.67B,$1.41B,84.82%,$1.67B,$0.24B,14.10%,$1.67B,$0.24B,14.10%,$1.67B,$0.32B,19.20%,$1.67B,$0.24B,14.58%,$1.67B,$0.18B,10.92%,$0.18B,$1.52B,12.01%,$0.18B,$0.50B,29.81%,$0.18B,$3.07B,6.02%,$0.24B,$1.52B,15.51%,$446,$67,$379,$95,$219,$382,$64,$2,$66,$19,$47,$47,$47,$86,$64,$188,191,$0.25,$0.25,$803,$0,$2,$1326,$176,$514,$1017,$35,$1742,$3067,$1134,$0,$87,$419,$1553,$0,$805,$-16,$1515,$3067,$85,$43,$69,$112,$78,$0,$30,$-32,$76,$272,$-23,$-2,$-218,$0,$90,$90,$2,$-150,$-2,$0,$-2,$-159,$-159,$0,$-16,$-178,$-61,$65,$0
17,2014-05-31,50.12,$8.09,6.2,$8.33,6.02,$5.86,8.55,$0.92,54.48,$1.31B,$1.14B,1.15,$0.00B,$1.53B,0.0,$1.60B,$1.35B,84.89%,$1.60B,$0.23B,14.23%,$1.60B,$0.23B,14.23%,$1.60B,$0.31B,19.44%,$1.60B,$0.24B,14.73%,$1.60B,$0.18B,11.03%,$0.18B,$1.53B,11.75%,$0.18B,$0.57B,27.58%,$0.18B,$3.07B,5.98%,$0.23B,$1.53B,15.16%,$424,$64,$359,$90,$218,$373,$51,$2,$53,$15,$38,$38,$38,$72,$51,$189,191,$0.20,$0.20,$803,$0,$1,$1309,$173,$597,$959,$33,$1761,$3070,$1135,$0,$85,$410,$1545,$0,$758,$-5,$1525,$3070,$38,$21,$32,$53,$97,$0,$3,$-24,$75,$165,$-9,$-1,$-152,$0,$1,$1,$3,$-156,$-0,$0,$-0,$-80,$-80,$0,$-13,$-93,$-83,$29,$0
18,2014-02-28,58.99,$8.18,7.21,$8.00,7.38,$5.64,10.45,$0.93,63.43,$1.57B,$1.15B,1.37,$0.00B,$1.55B,0.0,$1.53B,$1.30B,84.88%,$1.53B,$0.23B,15.19%,$1.53B,$0.23B,15.19%,$1.53B,$0.32B,20.53%,$1.53B,$0.24B,15.65%,$1.53B,$0.18B,11.60%,$0.18B,$1.55B,12.16%,$0.18B,$0.73B,27.90%,$0.18B,$3.11B,6.27%,$0.23B,$1.55B,15.91%,$400,$61,$340,$83,$198,$341,$59,$2,$62,$17,$45,$45,$45,$80,$59,$190,192,$0.24,$0.24,$982,$0,$2,$1571,$174,$505,$821,$35,$1535,$3107,$1148,$0,$85,$407,$1555,$0,$720,$-4,$1551,$3107,$178,$83,$128,$211,$-62,$0,$28,$184,$150,$541,$-80,$-18,$0,$0,$-9,$-9,$-2,$-108,$-1,$0,$-1,$-237,$-237,$0,$-25,$-263,$160,$114,$0
19,2013-11-30,46.85,$7.76,6.04,$7.69,6.09,$5.18,9.04,$0.91,51.48,$1.47B,$1.03B,1.43,$0.00B,$1.47B,0.0,$1.48B,$1.26B,84.75%,$1.48B,$0.22B,15.11%,$1.48B,$0.22B,15.11%,$1.48B,$0.31B,20.58%,$1.48B,$0.23B,15.52%,$1.48B,$0.18B,11.88%,$0.18B,$1.47B,12.08%,$0.18B,$0.65B,28.06%,$0.18B,$2.85B,6.37%,$0.22B,$1.47B,15.38%,$397,$60,$336,$83,$193,$336,$61,$1,$62,$10,$52,$52,$52,$82,$61,$190,191,$0.27,$0.27,$967,$0,$2,$1469,$169,$360,$824,$30,$1383,$2851,$1026,$0,$65,$355,$1380,$0,$675,$-5,$1471,$2851,$133,$62,$93,$155,$-9,$0,$39,$38,$67,$356,$-62,$-13,$0,$0,$149,$149,$-2,$72,$-1,$0,$-1,$-238,$-238,$0,$-24,$-263,$155,$83,$0
20,2013-08-31,50.52,$7.61,6.64,$7.37,6.85,$4.99,10.12,$0.82,61.61,$1.28B,$0.98B,1.31,$0.00B,$1.44B,0.0,$1.43B,$1.21B,84.67%,$1.43B,$0.21B,14.91%,$1.43B,$0.21B,14.91%,$1.43B,$0.29B,20.36%,$1.43B,$0.22B,15.33%,$1.43B,$0.16B,11.13%,$0.16B,$1.44B,10.90%,$0.16B,$0.61B,24.42%,$0.16B,$2.74B,5.85%,$0.21B,$1.44B,14.60%,$374,$56,$319,$78,$183,$319,$56,$3,$58,$17,$41,$41,$41,$76,$56,$189,191,$0.22,$0.21,$864,$0,$3,$1282,$167,$427,$833,$31,$1458,$2740,$976,$0,$58,$322,$1298,$0,$623,$-12,$1442,$2740,$81,$41,$64,$105,$66,$0,$26,$-18,$75,$261,$-49,$-13,$0,$0,$133,$133,$-2,$70,$-1,$0,$-1,$-198,$-198,$0,$-9,$-208,$110,$53,$0
21,2013-05-31,48.23,$7.34,6.57,$7.06,6.83,$4.86,9.91,$0.79,61.05,$1.26B,$0.94B,1.34,$0.00B,$1.39B,0.0,$1.38B,$1.17B,84.62%,$1.38B,$0.21B,15.02%,$1.38B,$0.21B,15.02%,$1.38B,$0.28B,20.39%,$1.38B,$0.21B,15.38%,$1.38B,$0.15B,11.10%,$0.15B,$1.39B,10.41%,$0.15B,$0.57B,22.17%,$0.15B,$2.66B,5.70%,$0.21B,$1.39B,14.09%,$363,$56,$307,$74,$177,$307,$57,$1,$58,$17,$40,$40,$40,$77,$57,$191,193,$0.21,$0.21,$854,$0,$2,$1263,$159,$375,$828,$31,$1392,$2655,$943,$0,$59,$318,$1262,$0,$582,$-12,$1393,$2655,$40,$20,$33,$53,$72,$0,$-13,$-11,$48,$142,$-27,$-2,$0,$0,$196,$196,$0,$167,$-0,$0,$-0,$-179,$-179,$0,$-8,$-187,$111,$23,$0
22,2013-02-28,50.81,$7.88,6.45,$6.79,7.49,$4.82,10.54,$0.77,65.99,$1.37B,$0.99B,1.39,$0.00B,$1.52B,0.0,$1.33B,$1.13B,84.81%,$1.33B,$0.20B,15.11%,$1.33B,$0.20B,15.11%,$1.33B,$0.27B,20.38%,$1.33B,$0.21B,15.71%,$1.33B,$0.15B,11.28%,$0.15B,$1.52B,10.17%,$0.15B,$0.69B,20.52%,$0.15B,$2.81B,5.68%,$0.20B,$1.52B,13.62%,$348,$54,$294,$71,$173,$298,$50,$2,$52,$9,$43,$43,$43,$70,$50,$193,196,$0.23,$0.22,$879,$0,$3,$1369,$142,$439,$833,$31,$1445,$2814,$986,$0,$48,$308,$1293,$0,$542,$-8,$1520,$2814,$150,$69,$104,$174,$-47,$0,$40,$151,$144,$465,$-86,$-34,$-136,$0,$-134,$-134,$1,$-389,$-1,$0,$-1,$-109,$-109,$0,$-16,$-126,$-62,$99,$0
23,2012-11-30,49.4,$7.66,6.45,$6.52,7.57,$4.64,10.64,$0.73,67.67,$1.29B,$0.89B,1.45,$0.00B,$1.48B,0.0,$1.28B,$1.09B,84.99%,$1.28B,$0.20B,15.64%,$1.28B,$0.20B,15.64%,$1.28B,$0.27B,21.03%,$1.28B,$0.21B,16.26%,$1.28B,$0.14B,11.18%,$0.14B,$1.48B,9.90%,$0.14B,$0.74B,19.43%,$0.14B,$2.66B,5.58%,$0.20B,$1.48B,13.84%,$344,$53,$290,$69,$172,$294,$50,$1,$51,$16,$35,$35,$35,$68,$50,$193,196,$0.18,$0.18,$886,$0,$2,$1290,$129,$464,$738,$41,$1372,$2662,$892,$0,$36,$288,$1181,$0,$499,$-7,$1481,$2662,$107,$50,$75,$124,$1,$0,$43,$56,$99,$328,$-65,$-32,$-31,$0,$-44,$-44,$0,$-172,$-1,$0,$-1,$-74,$-74,$0,$-18,$-92,$57,$73,$0
24,2012-08-31,56.04,$7.68,7.3,$6.24,8.98,$4.48,12.52,$0.74,75.73,$1.25B,$0.85B,1.47,$0.00B,$1.48B,0.0,$1.23B,$1.04B,85.06%,$1.23B,$0.20B,16.65%,$1.23B,$0.20B,16.65%,$1.23B,$0.27B,21.80%,$1.23B,$0.21B,17.31%,$1.23B,$0.15B,11.92%,$0.15B,$1.48B,10.23%,$0.15B,$0.77B,20.05%,$0.15B,$2.61B,5.86%,$0.20B,$1.48B,14.30%,$323,$48,$275,$63,$161,$273,$50,$1,$51,$16,$35,$35,$35,$66,$50,$193,196,$0.18,$0.18,$869,$0,$2,$1245,$113,$490,$718,$40,$1361,$2606,$845,$0,$38,$277,$1122,$0,$464,$-13,$1484,$2606,$72,$32,$49,$81,$36,$0,$23,$17,$76,$228,$-36,$-27,$-10,$0,$-90,$-90,$0,$-163,$-0,$0,$-0,$-26,$-26,$0,$-3,$-30,$22,$46,$0
25,2012-05-31,51.38,$7.34,7.0,$6.03,8.52,$4.25,12.1,$0.76,67.61,$1.17B,$0.81B,1.46,$0.00B,$1.42B,0.0,$1.18B,$1.00B,84.70%,$1.18B,$0.21B,17.41%,$1.18B,$0.21B,17.41%,$1.18B,$0.27B,22.57%,$1.18B,$0.22B,18.26%,$1.18B,$0.15B,12.76%,$0.15B,$1.42B,10.82%,$0.15B,$0.73B,20.54%,$0.15B,$2.49B,6.25%,$0.21B,$1.42B,14.76%,$315,$46,$269,$60,$155,$264,$51,$4,$55,$18,$37,$37,$37,$67,$51,$193,196,$0.19,$0.19,$819,$0,$1,$1174,$102,$481,$688,$40,$1311,$2485,$807,$0,$31,$262,$1069,$0,$429,$-16,$1416,$2485,$37,$16,$22,$38,$55,$0,$9,$-12,$52,$124,$-16,$-3,$0,$0,$-95,$-95,$0,$-113,$-0,$0,$-0,$-26,$-26,$0,$-9,$-35,$-41,$22,$0
26,2012-02-29,49.46,$7.26,6.81,$5.77,8.57,$4.11,12.04,$0.74,66.84,$1.22B,$0.83B,1.48,$0.00B,$1.40B,0.0,$1.13B,$0.96B,84.29%,$1.13B,$0.20B,17.65%,$1.13B,$0.20B,17.65%,$1.13B,$0.26B,22.77%,$1.13B,$0.21B,18.36%,$1.13B,$0.15B,12.89%,$0.15B,$1.40B,10.62%,$0.15B,$0.71B,19.66%,$0.15B,$2.49B,6.19%,$0.20B,$1.40B,14.55%,$297,$44,$253,$55,$149,$249,$49,$2,$51,$15,$36,$36,$36,$68,$49,$193,196,$0.18,$0.19,$814,$0,$2,$1221,$92,$447,$692,$39,$1270,$2491,$826,$0,$31,$266,$1092,$0,$392,$-6,$1399,$2491,$147,$58,$95,$153,$-70,$0,$6,$158,$94,$392,$-46,$-5,$-135,$0,$-171,$-171,$-1,$-359,$-1,$0,$-1,$-116,$-116,$0,$-6,$-124,$-93,$79,$0
27,2011-11-30,50.08,$7.25,6.91,$5.51,9.1,$3.66,13.67,$0.73,68.6,$1.15B,$0.73B,1.57,$0.00B,$1.41B,0.0,$1.08B,$0.91B,83.72%,$1.08B,$0.19B,17.58%,$1.08B,$0.19B,17.58%,$1.08B,$0.25B,23.03%,$1.08B,$0.20B,18.22%,$1.08B,$0.14B,13.32%,$0.14B,$1.41B,10.69%,$0.14B,$0.71B,19.33%,$0.14B,$2.38B,6.30%,$0.19B,$1.41B,14.10%,$290,$45,$245,$54,$138,$236,$54,$2,$55,$17,$38,$38,$38,$66,$54,$193,196,$0.20,$0.19,$808,$0,$2,$1154,$84,$408,$696,$38,$1226,$2380,$734,$0,$24,$239,$973,$0,$356,$-9,$1407,$2380,$111,$38,$68,$106,$-23,$0,$22,$50,$48,$264,$-31,$-4,$-135,$0,$-153,$-153,$-1,$-325,$-1,$0,$-1,$-41,$-41,$0,$-8,$-50,$-116,$56,$0
28,2011-08-31,39.54,$7.06,5.6,$5.23,7.57,$3.35,11.82,$0.67,59.01,$1.26B,$0.71B,1.78,$0.00B,$1.36B,0.0,$1.03B,$0.86B,83.35%,$1.03B,$0.17B,16.94%,$1.03B,$0.17B,16.94%,$1.03B,$0.23B,22.69%,$1.03B,$0.18B,17.72%,$1.03B,$0.13B,12.85%,$0.13B,$1.36B,10.17%,$0.13B,$0.79B,18.20%,$0.13B,$2.31B,6.01%,$0.17B,$1.36B,13.40%,$281,$47,$235,$51,$131,$229,$52,$2,$55,$15,$40,$40,$40,$66,$52,$193,196,$0.21,$0.20,$937,$0,$2,$1261,$81,$364,$568,$34,$1048,$2309,$707,$0,$24,$240,$947,$0,$317,$-1,$1361,$2309,$72,$26,$37,$63,$12,$0,$-1,$21,$32,$167,$-20,$-4,$0,$0,$-20,$-20,$0,$-43,$-1,$0,$-1,$-49,$-49,$0,$5,$-45,$95,$35,$0
29,2011-05-31,43.6,$6.88,6.33,$4.93,8.85,$3.16,13.78,$0.59,73.9,$1.21B,$0.69B,1.76,$0.00B,$1.33B,0.0,$0.97B,$0.81B,83.33%,$0.97B,$0.16B,16.15%,$0.97B,$0.16B,16.15%,$0.97B,$0.21B,22.05%,$0.97B,$0.16B,16.87%,$0.97B,$0.12B,12.01%,$0.12B,$1.33B,9.25%,$0.12B,$0.76B,16.87%,$0.12B,$2.25B,5.51%,$0.16B,$1.33B,12.45%,$265,$42,$222,$48,$129,$219,$45,$2,$47,$15,$32,$32,$32,$58,$45,$193,196,$0.17,$0.17,$910,$0,$1,$1208,$78,$356,$572,$34,$1040,$2248,$686,$0,$24,$231,$917,$0,$278,$2,$1331,$2248,$32,$13,$19,$31,$32,$0,$-4,$-2,$26,$90,$-9,$-3,$0,$1,$-8,$-8,$0,$-19,$-1,$0,$-1,$-14,$-14,$0,$-0,$-15,$68,$16,$0
30,2011-02-28,41.28,$6.69,6.17,$4.66,8.86,$3.03,13.64,$0.54,76.44,$1.19B,$0.68B,1.74,$0.00B,$1.29B,0.0,$0.91B,$0.76B,83.41%,$0.91B,$0.15B,15.93%,$0.91B,$0.15B,15.93%,$0.91B,$0.20B,22.09%,$0.91B,$0.15B,16.81%,$0.91B,$0.11B,11.87%,$0.11B,$1.29B,9.03%,$0.11B,$0.72B,16.93%,$0.11B,$2.20B,5.40%,$0.15B,$1.29B,12.12%,$245,$42,$203,$45,$119,$205,$39,$1,$40,$7,$34,$34,$34,$59,$39,$190,196,$0.16,$0.18,$861,$0,$1,$1185,$76,$332,$574,$34,$1015,$2199,$680,$0,$29,$229,$909,$0,$245,$-2,$1291,$2199,$107,$54,$52,$107,$-42,$0,$23,$98,$79,$291,$-33,$-14,$-31,$0,$19,$19,$4,$-55,$-1,$0,$-1,$-6,$-6,$0,$16,$10,$255,$61,$0
31,2010-11-30,43.5,$6.27,6.94,$4.43,9.83,$2.88,15.08,$0.49,88.78,$1.09B,$0.62B,1.77,$0.00B,$1.21B,0.0,$0.86B,$0.72B,83.97%,$0.86B,$0.13B,15.56%,$0.86B,$0.13B,15.56%,$0.86B,$0.18B,21.14%,$0.86B,$0.15B,17.19%,$0.86B,$0.10B,11.27%,$0.10B,$1.21B,8.43%,$0.10B,$0.63B,16.18%,$0.10B,$2.03B,5.05%,$0.13B,$1.21B,11.64%,$236,$40,$196,$43,$115,$198,$38,$2,$40,$14,$26,$26,$26,$50,$38,$191,197,$0.14,$0.13,$845,$0,$1,$1088,$75,$252,$577,$37,$940,$2029,$615,$0,$23,$204,$819,$0,$212,$-4,$1210,$2029,$74,$35,$39,$74,$-11,$0,$3,$31,$47,$196,$-25,$-12,$-31,$3,$70,$73,$0,$4,$-1,$0,$-1,$1,$1,$0,$9,$9,$207,$44,$0
32,2010-08-31,34.55,$6.23,5.54,$4.23,8.16,$2.82,12.24,$0.44,78.52,$1.22B,$0.57B,2.15,$0.00B,$1.18B,0.0,$0.82B,$0.69B,84.49%,$0.82B,$0.12B,14.16%,$0.82B,$0.12B,14.16%,$0.82B,$0.16B,19.90%,$0.82B,$0.13B,16.24%,$0.82B,$0.09B,10.62%,$0.09B,$1.18B,7.73%,$0.09B,$0.64B,14.99%,$0.09B,$1.94B,4.64%,$0.12B,$1.18B,10.31%,$220,$36,$184,$42,$108,$186,$34,$2,$36,$13,$24,$24,$24,$46,$34,$189,194,$0.13,$0.12,$975,$0,$2,$1220,$72,$75,$540,$37,$724,$1944,$568,$0,$24,$194,$762,$0,$185,$-4,$1182,$1944,$48,$23,$28,$52,$13,$0,$-3,$7,$25,$125,$-15,$-3,$0,$-215,$410,$195,$0,$177,$-1,$0,$-1,$-24,$-24,$0,$13,$-12,$281,$29,$0
33,2010-05-31,29.31,$5.86,5.01,$4.05,7.24,$2.83,10.36,$0.47,62.36,$1.04B,$0.55B,1.9,$0.00B,$1.10B,0.0,$0.78B,$0.66B,84.67%,$0.78B,$0.11B,14.05%,$0.78B,$0.11B,14.05%,$0.78B,$0.16B,19.92%,$0.78B,$0.13B,16.60%,$0.78B,$0.09B,11.75%,$0.09B,$1.10B,8.33%,$0.09B,$0.56B,16.56%,$0.09B,$1.83B,5.01%,$0.11B,$1.10B,9.96%,$209,$33,$176,$41,$101,$175,$34,$3,$37,$13,$24,$24,$24,$46,$34,$188,193,$0.13,$0.12,$824,$0,$1,$1035,$70,$144,$543,$40,$796,$1832,$546,$0,$24,$184,$731,$0,$162,$-2,$1101,$1832,$24,$12,$10,$22,$20,$0,$-5,$-1,$15,$61,$-7,$-2,$0,$1,$88,$89,$0,$80,$-1,$0,$-1,$-37,$-37,$0,$4,$-34,$90,$13,$0
34,2010-02-28,28.05,$5.93,4.73,$3.87,7.26,$2.84,9.89,$0.45,62.33,$1.00B,$0.57B,1.77,$0.00B,$1.11B,0.0,$0.75B,$0.64B,84.89%,$0.75B,$0.10B,13.50%,$0.75B,$0.10B,13.50%,$0.75B,$0.15B,19.52%,$0.75B,$0.12B,16.18%,$0.75B,$0.09B,11.63%,$0.09B,$1.11B,7.89%,$0.09B,$0.56B,15.83%,$0.09B,$1.87B,4.78%,$0.10B,$1.11B,9.16%,$196,$29,$167,$38,$100,$168,$28,$7,$35,$11,$23,$23,$23,$40,$28,$188,194,$0.12,$0.12,$761,$0,$1,$1003,$72,$209,$547,$40,$868,$1871,$566,$0,$24,$194,$760,$0,$138,$1,$1111,$1871,$87,$46,$21,$67,$-7,$0,$22,$85,$100,$255,$-28,$-5,$0,$13,$-256,$-243,$0,$-276,$-1,$0,$-1,$-133,$-133,$0,$24,$-110,$-127,$48,$0
35,2009-11-30,26.7,$5.88,4.54,$3.64,7.34,$2.67,10.02,$0.41,65.12,$0.97B,$0.54B,1.81,$0.00B,$1.11B,0.0,$0.72B,$0.61B,84.82%,$0.72B,$0.09B,12.95%,$0.72B,$0.09B,12.95%,$0.72B,$0.14B,19.08%,$0.72B,$0.11B,15.46%,$0.72B,$0.08B,11.14%,$0.08B,$1.11B,7.26%,$0.08B,$0.56B,14.68%,$0.08B,$1.86B,4.46%,$0.09B,$1.11B,8.44%,$194,$30,$165,$39,$98,$175,$20,$5,$25,$9,$16,$16,$16,$31,$20,$187,194,$0.09,$0.08,$738,$0,$0,$972,$73,$221,$552,$38,$884,$1856,$538,$0,$35,$211,$749,$0,$114,$5,$1107,$1856,$64,$34,$14,$48,$-1,$0,$7,$43,$66,$177,$-21,$-3,$0,$8,$-236,$-228,$0,$-252,$-1,$0,$-1,$-83,$-83,$0,$18,$-65,$-126,$34,$0
36,2009-08-31,22.96,$5.88,3.91,$3.43,6.69,$2.62,8.76,$0.45,51.02,$0.94B,$0.50B,1.9,$0.00B,$1.10B,0.0,$0.69B,$0.58B,84.62%,$0.69B,$0.09B,13.64%,$0.69B,$0.09B,13.64%,$0.69B,$0.14B,20.03%,$0.69B,$0.12B,17.42%,$0.69B,$0.09B,12.77%,$0.09B,$1.10B,8.04%,$0.09B,$0.54B,16.45%,$0.09B,$1.79B,4.84%,$0.09B,$1.10B,8.59%,$184,$28,$155,$36,$91,$156,$28,$6,$33,$4,$29,$29,$29,$39,$28,$187,193,$0.15,$0.15,$721,$0,$0,$941,$70,$190,$555,$37,$852,$1793,$495,$0,$35,$200,$696,$0,$98,$10,$1098,$1793,$47,$22,$6,$28,$21,$0,$8,$17,$48,$123,$-13,$-2,$0,$4,$-82,$-78,$0,$-93,$-1,$0,$-1,$-75,$-75,$0,$15,$-61,$-22,$22,$0
37,2009-05-31,19.95,$5.82,3.43,$3.22,6.19,$2.52,7.92,$0.40,49.88,$0.92B,$0.47B,1.96,$0.00B,$1.09B,0.0,$0.67B,$0.57B,84.45%,$0.67B,$0.09B,13.00%,$0.67B,$0.09B,13.00%,$0.67B,$0.13B,19.73%,$0.67B,$0.12B,18.24%,$0.67B,$0.08B,11.96%,$0.08B,$1.09B,7.37%,$0.08B,$0.54B,14.62%,$0.08B,$1.77B,4.16%,$0.09B,$1.09B,8.01%,$174,$26,$148,$35,$88,$149,$25,$3,$28,$10,$19,$19,$19,$36,$25,$189,194,$0.10,$0.10,$718,$0,$0,$920,$70,$167,$559,$51,$846,$1766,$469,$0,$35,$203,$672,$0,$69,$12,$1094,$1766,$19,$11,$3,$14,$26,$0,$3,$3,$29,$61,$-6,$-1,$0,$0,$-35,$-34,$0,$-41,$-1,$0,$-1,$-42,$-42,$0,$12,$-31,$-5,$11,$0
38,2009-02-28,13.69,$5.82,2.35,$3.04,4.5,$2.48,5.52,$0.38,36.03,$0.89B,$0.45B,1.99,$0.00B,$1.11B,0.0,$0.65B,$0.55B,83.90%,$0.65B,$0.08B,12.58%,$0.65B,$0.08B,12.58%,$0.65B,$0.13B,19.17%,$0.65B,$0.12B,18.71%,$0.65B,$0.08B,11.96%,$0.08B,$1.11B,7.36%,$0.08B,$0.55B,14.35%,$0.08B,$1.75B,3.87%,$0.08B,$1.11B,7.74%,$166,$26,$141,$35,$85,$146,$20,$5,$25,$9,$16,$16,$16,$31,$20,$191,211,$0.08,$0.09,$663,$0,$0,$891,$68,$183,$560,$51,$863,$1754,$447,$0,$35,$201,$648,$0,$51,$10,$1106,$1754,$79,$43,$28,$71,$-2,$0,$-7,$78,$86,$236,$-24,$-4,$-148,$6,$317,$323,$0,$146,$-0,$-566,$-566,$-22,$-22,$0,$48,$-539,$-162,$48,$0
39,2008-11-30,9.25,$5.68,1.63,$2.90,3.19,$2.21,4.19,$0.40,23.13,$0.95B,$0.71B,1.34,$0.00B,$1.08B,0.0,$0.63B,$0.53B,83.89%,$0.63B,$0.08B,12.76%,$0.63B,$0.08B,12.76%,$0.63B,$0.12B,19.46%,$0.63B,$0.13B,21.05%,$0.63B,$0.08B,13.40%,$0.08B,$1.08B,8.23%,$0.08B,$0.52B,15.66%,$0.08B,$1.96B,4.00%,$0.08B,$1.08B,7.83%,$165,$27,$139,$35,$83,$144,$21,$13,$34,$9,$24,$24,$24,$32,$21,$191,208,$0.13,$0.12,$759,$0,$0,$950,$68,$318,$564,$65,$1015,$1964,$708,$0,$19,$176,$885,$0,$35,$10,$1080,$1964,$63,$32,$13,$44,$14,$0,$-6,$44,$70,$177,$-18,$-3,$-148,$6,$96,$101,$0,$-68,$-280,$0,$-280,$-20,$-20,$0,$38,$-262,$-158,$34,$0
40,2008-08-31,21.0,$5.54,3.79,$2.71,7.74,$2.00,10.5,$0.37,56.76,$1.24B,$0.98B,1.27,$0.00B,$1.06B,0.0,$0.60B,$0.50B,83.92%,$0.60B,$0.08B,13.07%,$0.60B,$0.08B,13.07%,$0.60B,$0.12B,19.93%,$0.60B,$0.13B,21.78%,$0.60B,$0.08B,13.40%,$0.08B,$1.06B,8.07%,$0.08B,$0.59B,14.88%,$0.08B,$2.22B,3.78%,$0.08B,$1.06B,6.88%,$164,$28,$137,$32,$84,$143,$21,$13,$35,$14,$21,$21,$21,$33,$21,$191,220,$0.11,$0.10,$1062,$0,$0,$1242,$71,$368,$471,$64,$974,$2215,$979,$0,$19,$174,$1153,$0,$10,$11,$1063,$2215,$38,$20,$12,$33,$21,$0,$-8,$24,$47,$118,$-14,$-2,$-47,$6,$18,$24,$0,$-39,$-0,$0,$-0,$10,$10,$0,$23,$34,$110,$21,$0
41,2008-05-31,24.36,$5.18,4.7,$2.54,9.59,$1.86,13.07,$0.36,67.67,$1.10B,$0.98B,1.12,$0.00B,$0.99B,0.0,$0.56B,$0.47B,84.11%,$0.56B,$0.08B,13.39%,$0.56B,$0.08B,13.39%,$0.56B,$0.11B,20.18%,$0.56B,$0.13B,22.32%,$0.56B,$0.08B,13.75%,$0.08B,$0.99B,8.11%,$0.08B,$0.52B,15.24%,$0.08B,$2.14B,3.77%,$0.08B,$0.99B,6.07%,$157,$26,$130,$29,$81,$137,$20,$8,$28,$11,$17,$17,$17,$29,$20,$191,219,$0.09,$0.08,$896,$0,$0,$1097,$73,$453,$471,$43,$1041,$2137,$981,$0,$19,$165,$1146,$0,$-11,$-4,$991,$2137,$17,$9,$10,$19,$19,$0,$-6,$10,$26,$63,$-10,$-2,$-44,$0,$-89,$-89,$0,$-144,$0,$0,$0,$4,$4,$0,$9,$13,$-67,$11,$0
42,2008-02-29,17.83,$4.98,3.58,$2.36,7.55,$1.77,10.09,$0.36,49.53,$1.19B,$0.97B,1.23,$0.00B,$0.95B,0.0,$0.52B,$0.44B,84.67%,$0.52B,$0.07B,13.41%,$0.52B,$0.07B,13.41%,$0.52B,$0.11B,20.50%,$0.52B,$0.12B,23.75%,$0.52B,$0.08B,14.56%,$0.08B,$0.95B,8.31%,$0.08B,$0.52B,15.92%,$0.08B,$2.08B,3.85%,$0.07B,$0.95B,5.22%,$141,$21,$120,$26,$76,$123,$18,$17,$35,$13,$22,$22,$22,$28,$18,$193,221,$0.13,$0.09,$990,$0,$0,$1192,$69,$342,$434,$43,$888,$2080,$970,$0,$20,$159,$1129,$0,$-28,$2,$951,$2080,$77,$36,$12,$48,$-34,$0,$5,$105,$78,$203,$-42,$-6,$-12,$0,$-11,$-11,$0,$-70,$2,$0,$2,$-52,$-52,$0,$61,$12,$150,$36,$0
43,2007-11-30,20.02,$4.93,4.06,$2.23,8.98,$1.86,10.78,$0.36,55.61,$1.22B,$0.36B,3.4,$0.57B,$0.96B,0.6,$0.49B,$0.42B,84.55%,$0.49B,$0.07B,14.02%,$0.49B,$0.07B,14.02%,$0.49B,$0.10B,20.93%,$0.49B,$0.12B,23.58%,$0.49B,$0.07B,15.04%,$0.07B,$0.96B,8.39%,$0.07B,$0.52B,16.53%,$0.07B,$2.04B,3.89%,$0.07B,$1.53B,4.75%,$135,$21,$114,$26,$69,$116,$19,$13,$32,$12,$20,$20,$20,$29,$19,$194,222,$0.10,$0.10,$1041,$0,$0,$1224,$58,$288,$436,$32,$814,$2038,$360,$570,$24,$720,$1080,$0,$-50,$-1,$958,$2038,$55,$26,$11,$37,$-17,$0,$-2,$67,$56,$149,$-26,$-5,$-12,$0,$-110,$-110,$0,$-152,$2,$0,$2,$-1,$-1,$0,$58,$60,$60,$26,$0
44,2007-08-31,19.45,$4.64,4.2,$2.10,9.26,$1.95,10.0,$0.34,57.21,$1.03B,$0.33B,3.14,$0.57B,$0.90B,0.63,$0.46B,$0.39B,84.23%,$0.46B,$0.06B,13.82%,$0.46B,$0.06B,13.82%,$0.46B,$0.10B,20.52%,$0.46B,$0.11B,23.11%,$0.46B,$0.07B,14.90%,$0.07B,$0.90B,8.26%,$0.07B,$0.46B,17.05%,$0.07B,$1.92B,3.79%,$0.06B,$1.47B,4.55%,$127,$20,$107,$23,$66,$109,$18,$12,$30,$12,$18,$18,$18,$27,$18,$194,222,$0.09,$0.09,$878,$0,$0,$1025,$51,$375,$437,$33,$896,$1922,$326,$570,$23,$697,$1023,$0,$-70,$-1,$899,$1922,$34,$17,$8,$25,$0,$0,$-2,$33,$29,$89,$-15,$-4,$-12,$0,$-100,$-100,$0,$-131,$2,$0,$2,$8,$8,$0,$27,$38,$-3,$17,$0
45,2007-05-31,24.56,$4.39,5.59,$1.98,12.4,$2.01,12.23,$0.30,81.87,$0.98B,$0.31B,3.16,$0.57B,$0.85B,0.67,$0.44B,$0.37B,83.94%,$0.44B,$0.06B,12.61%,$0.44B,$0.06B,12.61%,$0.44B,$0.09B,19.50%,$0.44B,$0.10B,21.79%,$0.44B,$0.06B,14.22%,$0.06B,$0.85B,7.79%,$0.06B,$0.41B,16.95%,$0.06B,$1.86B,3.54%,$0.06B,$1.42B,4.03%,$119,$18,$101,$22,$64,$104,$15,$12,$27,$11,$16,$16,$16,$23,$15,$193,221,$0.08,$0.08,$837,$0,$0,$983,$48,$354,$440,$33,$874,$1858,$311,$570,$24,$697,$1009,$0,$-89,$-3,$849,$1858,$16,$8,$5,$13,$-4,$0,$-4,$21,$11,$40,$-6,$-3,$-12,$0,$-126,$-126,$0,$-147,$2,$0,$2,$3,$3,$0,$13,$18,$-90,$8,$0
46,2007-02-28,22.45,$4.26,5.27,$1.84,12.23,$2.08,10.77,$0.29,77.41,$1.01B,$0.30B,3.35,$0.57B,$0.82B,0.69,$0.40B,$0.34B,83.79%,$0.40B,$0.05B,13.22%,$0.40B,$0.05B,13.22%,$0.40B,$0.08B,19.95%,$0.40B,$0.09B,22.44%,$0.40B,$0.06B,14.96%,$0.06B,$0.82B,8.43%,$0.06B,$0.40B,16.22%,$0.06B,$1.79B,3.68%,$0.05B,$1.39B,4.13%,$111,$17,$94,$20,$57,$94,$17,$10,$27,$7,$20,$20,$20,$24,$17,$189,219,$0.11,$0.10,$878,$0,$0,$1007,$45,$278,$423,$32,$779,$1786,$300,$570,$0,$664,$965,$0,$-92,$-2,$821,$1786,$60,$27,$29,$56,$-17,$0,$5,$82,$85,$202,$-23,$0,$-150,$0,$189,$189,$0,$17,$-0,$0,$-0,$24,$24,$0,$16,$40,$260,$32,$0
47,2006-11-30,17.4,$4.04,4.3,$1.71,10.2,$2.08,8.35,$0.32,54.38,$1.09B,$0.28B,3.91,$0.57B,$0.77B,0.74,$0.37B,$0.31B,83.47%,$0.37B,$0.06B,15.18%,$0.37B,$0.06B,15.18%,$0.37B,$0.08B,21.95%,$0.37B,$0.09B,24.12%,$0.37B,$0.07B,18.16%,$0.07B,$0.77B,10.70%,$0.07B,$0.35B,18.23%,$0.07B,$1.71B,4.43%,$0.06B,$1.34B,4.68%,$106,$17,$88,$19,$56,$92,$14,$10,$23,$9,$15,$15,$15,$21,$14,$191,219,$0.08,$0.07,$977,$0,$0,$1092,$42,$120,$425,$33,$621,$1713,$279,$570,$0,$659,$938,$0,$-113,$-3,$774,$1713,$39,$20,$33,$53,$-11,$0,$4,$61,$64,$156,$-15,$0,$-150,$0,$515,$515,$0,$351,$-0,$0,$-0,$15,$15,$0,$5,$20,$528,$24,$0
