,Date,Stock Price,Book Value per Share,Price to Book Ratio,TTM Sales per Share,Price to Sales Ratio,TTM FCF per Share,Price to FCF Ratio,TTM Net EPS,PE Ratio,Current Assets,Current Liabilities,Current Ratio,Long Term Debt,Shareholder's Equity_x,Debt to Equity Ratio,TTM Revenue_x,TTM Gross Profit,Gross Margin,TTM Revenue_y,TTM Operating Income,Operating Margin,TTM Revenue_x,TTM EBIT,EBIT Margin,TTM Revenue_y,TTM EBITDA,EBITDA Margin,TTM Revenue_x,TTM Pre-Tax Income,Pre-Tax Margin,TTM Revenue_y,TTM Net Income_x,Net Margin,TTM Net Income_y,Shareholder's Equity_y,Return on Equity,TTM Net Income_x,Tangible Equity,Return on Tangible Equity,TTM Net Income_y,Total Assets,Return on Assets,TTM Net Income,LT Investments & Debt,Return on Investment,revenue,cost-goods-sold,gross-profit,research-development-expenses,selling-general-administrative-expenses,operating-expenses,operating-income,total-non-operating-income-expense,pre-tax-income,total-provision-income-taxes,income-after-taxes,income-from-continuous-operations,net-income,ebitda,ebit,basic-shares-outstanding,shares-outstanding,eps-basic-net-earnings-per-share,eps-earnings-per-share-diluted,cash-on-hand,inventory,other-current-assets,total-current-assets,net-property-plant-equipment,long-term-investments,goodwill-intangible-assets-total,other-long-term-assets,total-long-term-assets,total-assets,total-current-liabilities,long-term-debt,other-non-current-liabilities,total-long-term-liabilities,total-liabilities,common-stock-net,retained-earnings-accumulated-deficit,comprehensive-income,total-share-holder-equity,total-liabilities-share-holders-equity,net-income-loss,total-depreciation-amortization-cash-flow,other-non-cash-items,total-non-cash-items,change-in-accounts-receivable,change-in-inventories,change-in-accounts-payable,change-in-assets-liabilities,total-change-in-assets-liabilities,cash-flow-from-operating-activities,net-change-in-property-plant-equipment,net-change-in-intangible-assets,net-acquisitions-divestitures,net-change-in-short-term-investments,net-change-in-long-term-investments,net-change-in-investments-total,investing-activities-other,cash-flow-from-investing-activities,net-long-term-debt,net-current-debt,debt-issuance-retirement-net-total,net-common-equity-issued-repurchased,net-total-equity-issued-repurchased,total-common-preferred-stock-dividends-paid,financial-activities-other,cash-flow-from-financial-activities,net-cash-flow,stock-based-compensation,common-stock-dividends-paid
0,2018-06-30,31.65,$16.32,1.94,$16.89,1.87,$2.52,12.57,$2.27,13.94,$0.03B,$0.03B,1.24,$0.12B,$0.16B,0.75,$0.16B,$0.14B,86.59%,$0.16B,$0.03B,16.46%,$0.16B,$0.03B,16.46%,$0.16B,$0.04B,21.95%,$0.16B,$0.02B,10.98%,$0.16B,$0.02B,13.41%,$0.02B,$0.16B,14.74%,$0.02B,$0.04B,71.54%,$0.02B,$0.32B,7.11%,$0.03B,$0.28B,10.30%,$43,$6,$37,$0,$25,$33,$9,$-2,$7,$2,$5,$5,$5,$12,$9,$10,10,$0.55,$0.55,$13,$2,$9,$31,$166,$0,$119,$2,$289,$320,$25,$119,$1,$136,$162,$0,$93,$0,$159,$320,$24,$6,$-7,$-1,$-2,$-0,$0,$1,$-1,$22,$-18,$0,$-0,$0,$0,$0,$0,$-19,$2,$0,$2,$0,$0,$-1,$-2,$-1,$3,$0,$-1
1,2018-03-31,28.36,$15.80,1.79,$16.36,1.73,$3.22,8.82,$2.12,13.38,$0.03B,$0.03B,1.16,$0.12B,$0.15B,0.75,$0.16B,$0.14B,86.71%,$0.16B,$0.03B,16.46%,$0.16B,$0.03B,16.46%,$0.16B,$0.03B,21.52%,$0.16B,$0.02B,10.76%,$0.16B,$0.02B,13.29%,$0.02B,$0.15B,14.56%,$0.02B,$0.04B,84.85%,$0.02B,$0.31B,6.88%,$0.03B,$0.27B,10.21%,$41,$6,$36,$0,$23,$33,$8,$-2,$6,$1,$5,$5,$5,$10,$8,$10,10,$0.48,$0.48,$13,$2,$7,$30,$159,$0,$118,$1,$282,$311,$26,$115,$1,$132,$158,$0,$88,$0,$154,$311,$19,$4,$-7,$-3,$-2,$-0,$0,$1,$-2,$14,$-9,$0,$0,$0,$0,$0,$1,$-8,$-1,$0,$-1,$0,$0,$-1,$-2,$-3,$3,$0,$-1
2,2017-12-31,27.93,$15.35,1.82,$15.67,1.78,$3.25,8.61,$2.03,13.76,$0.03B,$0.03B,0.98,$0.11B,$0.15B,0.75,$0.15B,$0.13B,86.18%,$0.15B,$0.03B,16.45%,$0.15B,$0.03B,16.45%,$0.15B,$0.03B,21.71%,$0.15B,$0.02B,11.18%,$0.15B,$0.02B,13.16%,$0.02B,$0.15B,14.34%,$0.02B,$0.03B,79.21%,$0.02B,$0.31B,6.75%,$0.03B,$0.26B,10.25%,$41,$6,$35,$0,$24,$32,$9,$-3,$6,$-8,$14,$14,$14,$11,$9,$10,10,$1.47,$1.47,$12,$2,$6,$28,$154,$0,$118,$1,$279,$307,$28,$112,$1,$129,$157,$0,$83,$0,$149,$307,$14,$2,$-9,$-7,$-1,$-0,$0,$1,$1,$8,$-3,$0,$0,$0,$0,$0,$1,$-2,$-2,$0,$-2,$0,$0,$-0,$-1,$-4,$2,$0,$-0
3,2017-09-30,24.68,$13.91,1.77,$14.86,1.66,$2.95,8.37,$0.86,28.7,$0.03B,$0.03B,0.84,$0.11B,$0.14B,0.79,$0.15B,$0.13B,86.21%,$0.15B,$0.02B,15.17%,$0.15B,$0.02B,15.17%,$0.15B,$0.03B,20.69%,$0.15B,$0.02B,10.34%,$0.15B,$0.01B,6.21%,$0.01B,$0.14B,6.65%,$0.01B,$0.02B,34.62%,$0.01B,$0.30B,3.11%,$0.02B,$0.24B,9.34%,$39,$6,$34,$0,$24,$38,$1,$-3,$-1,$1,$-2,$-2,$-2,$3,$1,$10,10,$-0.24,$-0.24,$10,$2,$7,$26,$148,$0,$118,$2,$274,$300,$31,$107,$1,$134,$165,$0,$69,$0,$135,$300,$8,$7,$9,$16,$1,$-0,$0,$-2,$-4,$21,$-11,$0,$-10,$0,$0,$0,$2,$-19,$-1,$0,$-1,$-1,$-1,$-1,$-1,$-4,$-1,$0,$-1
4,2017-06-30,23.74,$14.26,1.66,$14.07,1.69,$1.44,16.52,$1.13,21.01,$0.03B,$0.03B,0.96,$0.11B,$0.14B,0.79,$0.14B,$0.12B,85.61%,$0.14B,$0.02B,15.83%,$0.14B,$0.02B,15.83%,$0.14B,$0.03B,21.58%,$0.14B,$0.02B,10.79%,$0.14B,$0.01B,8.63%,$0.01B,$0.14B,8.97%,$0.01B,$0.02B,40.68%,$0.01B,$0.30B,4.24%,$0.02B,$0.25B,9.51%,$37,$5,$32,$0,$22,$30,$8,$-2,$6,$2,$4,$4,$4,$10,$8,$10,10,$0.40,$0.40,$11,$2,$10,$28,$146,$0,$122,$2,$275,$303,$29,$109,$1,$135,$164,$0,$73,$0,$139,$303,$11,$5,$1,$6,$2,$-0,$0,$2,$1,$18,$-7,$0,$-10,$0,$0,$0,$0,$-16,$0,$0,$0,$-1,$-1,$-1,$-0,$-2,$-1,$0,$-1
5,2017-03-31,17.23,$13.90,1.24,$13.60,1.27,$0.40,43.27,$1.00,17.23,$0.03B,$0.03B,1.07,$0.09B,$0.14B,0.67,$0.14B,$0.12B,85.29%,$0.14B,$0.02B,15.44%,$0.14B,$0.02B,15.44%,$0.14B,$0.03B,20.59%,$0.14B,$0.01B,10.29%,$0.14B,$0.01B,8.09%,$0.01B,$0.14B,8.32%,$0.01B,$0.04B,35.77%,$0.01B,$0.28B,3.97%,$0.02B,$0.23B,9.36%,$35,$5,$30,$0,$20,$27,$7,$-2,$6,$2,$4,$4,$4,$9,$7,$10,10,$0.39,$0.39,$13,$2,$5,$26,$145,$0,$98,$2,$250,$276,$25,$90,$1,$116,$141,$0,$69,$0,$135,$276,$7,$3,$0,$4,$2,$-0,$0,$1,$1,$11,$-6,$0,$0,$0,$0,$0,$2,$-4,$-4,$0,$-4,$-1,$-1,$-1,$-0,$-6,$2,$0,$-1
6,2016-12-31,16.98,$13.54,1.25,$13.41,1.27,$-0.39,0.0,$1.15,14.76,$0.03B,$0.02B,1.2,$0.10B,$0.13B,0.73,$0.14B,$0.12B,85.19%,$0.14B,$0.02B,16.30%,$0.14B,$0.02B,16.30%,$0.14B,$0.03B,20.74%,$0.14B,$0.01B,10.37%,$0.14B,$0.01B,9.63%,$0.01B,$0.13B,9.89%,$0.01B,$0.03B,49.52%,$0.01B,$0.28B,4.69%,$0.02B,$0.23B,9.81%,$34,$5,$29,$0,$21,$27,$6,$-2,$4,$1,$3,$3,$3,$8,$6,$10,10,$0.30,$0.30,$12,$2,$8,$29,$143,$0,$98,$2,$248,$277,$24,$96,$1,$122,$146,$0,$66,$0,$132,$277,$3,$2,$0,$2,$1,$-0,$0,$1,$1,$6,$-3,$0,$0,$0,$0,$0,$0,$-3,$-0,$0,$-0,$-1,$-1,$-0,$-0,$-2,$1,$0,$-0
7,2016-09-30,11.42,$13.19,0.87,$13.12,0.87,$-0.34,0.0,$1.09,10.48,$0.03B,$0.03B,1.09,$0.10B,$0.13B,0.74,$0.13B,$0.11B,85.07%,$0.13B,$0.02B,16.42%,$0.13B,$0.02B,16.42%,$0.13B,$0.03B,20.90%,$0.13B,$0.01B,10.45%,$0.13B,$0.01B,9.70%,$0.01B,$0.13B,9.96%,$0.01B,$0.03B,60.47%,$0.01B,$0.28B,4.74%,$0.02B,$0.23B,9.97%,$33,$5,$28,$0,$20,$32,$1,$-2,$-1,$-1,$0,$0,$1,$3,$1,$10,10,$0.06,$0.05,$11,$2,$9,$29,$141,$0,$99,$2,$247,$276,$27,$96,$0,$120,$147,$0,$62,$0,$129,$276,$10,$8,$5,$13,$-4,$-0,$0,$-0,$-1,$23,$-28,$0,$0,$1,$0,$1,$3,$-24,$13,$1,$13,$-7,$-7,$-1,$-1,$4,$3,$0,$-1
8,2016-06-30,10.07,$13.65,0.74,$13.05,0.77,$-0.11,0.0,$1.10,9.15,$0.02B,$0.03B,0.66,$0.09B,$0.13B,0.65,$0.13B,$0.11B,85.07%,$0.13B,$0.02B,17.91%,$0.13B,$0.02B,17.91%,$0.13B,$0.03B,22.39%,$0.13B,$0.02B,11.94%,$0.13B,$0.01B,8.96%,$0.01B,$0.13B,9.21%,$0.01B,$0.02B,68.57%,$0.01B,$0.28B,4.41%,$0.02B,$0.22B,11.02%,$34,$5,$29,$0,$20,$27,$7,$-2,$5,$2,$3,$3,$3,$8,$7,$10,10,$0.27,$0.27,$10,$3,$0,$18,$147,$0,$113,$1,$261,$279,$27,$87,$2,$119,$145,$0,$63,$0,$133,$279,$10,$5,$1,$6,$0,$-0,$0,$2,$2,$18,$-18,$0,$0,$1,$0,$1,$0,$-17,$7,$0,$7,$-6,$-6,$-1,$-0,$1,$2,$0,$-1
9,2016-03-31,8.73,$13.38,0.65,$12.79,0.68,$1.13,7.72,$1.61,5.42,$0.02B,$0.02B,0.86,$0.09B,$0.13B,0.71,$0.13B,$0.11B,84.96%,$0.13B,$0.03B,23.31%,$0.13B,$0.03B,23.31%,$0.13B,$0.04B,28.57%,$0.13B,$0.02B,18.05%,$0.13B,$0.02B,12.78%,$0.02B,$0.13B,13.15%,$0.02B,$0.02B,106.25%,$0.02B,$0.28B,6.33%,$0.03B,$0.23B,14.54%,$34,$5,$29,$0,$20,$27,$8,$-2,$6,$0,$5,$5,$6,$9,$8,$10,10,$0.55,$0.54,$9,$3,$0,$18,$144,$0,$113,$1,$259,$276,$20,$93,$2,$124,$145,$0,$60,$0,$132,$276,$8,$4,$0,$4,$-1,$-0,$0,$2,$-1,$11,$-14,$0,$0,$1,$0,$1,$0,$-13,$8,$0,$8,$-5,$-5,$-0,$-0,$3,$1,$0,$-0
10,2015-12-31,9.81,$12.82,0.77,$12.83,0.76,$2.37,4.14,$0.79,12.42,$0.02B,$0.02B,0.81,$0.09B,$0.13B,0.66,$0.13B,$0.11B,85.07%,$0.13B,$0.02B,14.93%,$0.13B,$0.02B,14.93%,$0.13B,$0.03B,20.90%,$0.13B,$0.01B,10.45%,$0.13B,$0.01B,5.97%,$0.01B,$0.13B,6.32%,$0.01B,$0.02B,57.14%,$0.01B,$0.27B,3.02%,$0.02B,$0.21B,9.85%,$33,$5,$28,$0,$20,$28,$6,$-2,$4,$1,$2,$2,$3,$8,$6,$10,11,$0.25,$0.25,$9,$3,$0,$18,$133,$0,$113,$2,$249,$267,$22,$85,$3,$117,$139,$0,$55,$0,$128,$267,$2,$2,$1,$3,$-1,$-0,$0,$0,$-1,$4,$-1,$0,$0,$0,$0,$0,$0,$-1,$-0,$0,$-0,$-3,$-3,$0,$-0,$-3,$0,$0,$0
11,2015-09-30,10.23,$12.49,0.82,$12.81,0.8,$2.45,4.18,$0.87,11.76,$0.02B,$0.02B,0.75,$0.09B,$0.13B,0.66,$0.14B,$0.12B,85.19%,$0.14B,$0.02B,14.81%,$0.14B,$0.02B,14.81%,$0.14B,$0.03B,20.74%,$0.14B,$0.02B,11.11%,$0.14B,$0.01B,5.93%,$0.01B,$0.13B,6.37%,$0.01B,$0.02B,54.24%,$0.01B,$0.27B,3.07%,$0.02B,$0.21B,10.20%,$33,$5,$28,$0,$11,$30,$3,$-2,$1,$0,$1,$1,$0,$5,$3,$10,10,$0.03,$0.07,$9,$2,$0,$17,$134,$0,$114,$2,$250,$267,$23,$85,$3,$116,$138,$0,$53,$0,$128,$267,$9,$7,$-2,$6,$-0,$0,$0,$1,$2,$16,$-19,$0,$-2,$0,$0,$0,$0,$-22,$6,$0,$6,$-2,$-2,$0,$-0,$3,$-2,$0,$0
12,2015-06-30,11.69,$12.58,0.93,$12.09,0.97,$3.18,3.67,$1.24,9.42,$0.03B,$0.03B,0.94,$0.07B,$0.13B,0.57,$0.13B,$0.11B,84.38%,$0.13B,$0.02B,15.63%,$0.13B,$0.02B,15.63%,$0.13B,$0.03B,21.88%,$0.13B,$0.02B,16.41%,$0.13B,$0.01B,9.38%,$0.01B,$0.13B,9.86%,$0.01B,$0.02B,81.36%,$0.01B,$0.27B,4.73%,$0.02B,$0.20B,10.78%,$33,$5,$28,$0,$20,$19,$14,$-2,$13,$4,$8,$8,$8,$16,$14,$10,11,$0.81,$0.78,$15,$3,$0,$27,$121,$0,$114,$3,$238,$265,$29,$73,$5,$107,$136,$0,$52,$0,$129,$265,$8,$6,$-3,$2,$-0,$-0,$0,$1,$8,$18,$-4,$0,$-2,$0,$0,$0,$0,$-6,$-5,$0,$-5,$-2,$-2,$0,$-0,$-7,$5,$0,$0
13,2015-03-31,10.22,$11.79,0.87,$12.31,0.83,$2.07,4.95,$0.53,19.29,$0.03B,$0.05B,0.66,$0.06B,$0.12B,0.52,$0.13B,$0.11B,85.16%,$0.13B,$0.01B,7.03%,$0.13B,$0.01B,7.03%,$0.13B,$0.02B,12.50%,$0.13B,$0.01B,7.03%,$0.13B,$0.01B,3.91%,$0.01B,$0.12B,4.28%,$0.01B,$0.01B,37.74%,$0.01B,$0.26B,2.01%,$0.01B,$0.18B,5.01%,$35,$5,$30,$0,$30,$38,$-3,$-2,$-4,$-1,$-3,$-3,$-3,$-1,$-3,$10,10,$-0.28,$-0.28,$14,$2,$0,$30,$118,$0,$110,$2,$230,$260,$46,$63,$1,$93,$140,$0,$44,$0,$121,$260,$0,$4,$2,$6,$-3,$-0,$0,$3,$7,$13,$-3,$0,$-1,$0,$0,$0,$0,$-4,$-3,$0,$-3,$-2,$-2,$0,$-0,$-5,$4,$0,$0
14,2014-12-31,9.84,$12.08,0.81,$11.93,0.82,$1.38,7.12,$1.18,8.34,$0.03B,$0.04B,0.77,$0.06B,$0.12B,0.49,$0.13B,$0.11B,85.71%,$0.13B,$0.02B,15.08%,$0.13B,$0.02B,15.08%,$0.13B,$0.03B,20.63%,$0.13B,$0.02B,15.08%,$0.13B,$0.01B,9.52%,$0.01B,$0.12B,10.64%,$0.01B,$0.02B,102.13%,$0.01B,$0.25B,4.92%,$0.02B,$0.19B,10.69%,$34,$5,$29,$0,$20,$28,$6,$-1,$5,$2,$3,$3,$3,$8,$6,$10,11,$0.33,$0.32,$14,$2,$0,$27,$114,$0,$107,$2,$223,$250,$35,$60,$1,$91,$126,$0,$47,$0,$124,$250,$3,$2,$2,$4,$-0,$-0,$0,$1,$-2,$5,$-1,$0,$-0,$0,$0,$0,$0,$-1,$0,$0,$0,$-1,$-1,$0,$-0,$-1,$3,$0,$0
15,2014-09-30,10.82,$11.25,0.96,$11.78,0.92,$1.01,10.71,$1.11,9.75,$0.02B,$0.04B,0.6,$0.06B,$0.11B,0.51,$0.12B,$0.11B,86.78%,$0.12B,$0.02B,15.70%,$0.12B,$0.02B,15.70%,$0.12B,$0.03B,20.66%,$0.12B,$0.02B,14.88%,$0.12B,$0.01B,9.09%,$0.01B,$0.11B,10.30%,$0.01B,$0.02B,151.72%,$0.01B,$0.24B,4.56%,$0.02B,$0.17B,10.84%,$26,$4,$21,$0,$11,$23,$3,$4,$7,$2,$4,$4,$4,$5,$3,$10,11,$0.44,$0.44,$11,$2,$0,$23,$114,$0,$98,$4,$216,$239,$39,$58,$1,$87,$126,$0,$43,$0,$113,$239,$11,$6,$-2,$5,$-0,$-0,$0,$-2,$5,$20,$-16,$0,$-6,$0,$0,$0,$0,$-21,$-1,$3,$2,$-1,$-1,$0,$-0,$0,$-1,$0,$0
16,2014-06-30,10.03,$10.82,0.93,$12.27,0.82,$1.47,6.8,$0.86,11.66,$0.03B,$0.04B,0.73,$0.07B,$0.11B,0.64,$0.12B,$0.11B,87.80%,$0.12B,$0.02B,16.26%,$0.12B,$0.02B,16.26%,$0.12B,$0.03B,21.14%,$0.12B,$0.01B,11.38%,$0.12B,$0.01B,7.32%,$0.01B,$0.11B,8.76%,$0.01B,$0.01B,327.27%,$0.01B,$0.24B,3.79%,$0.02B,$0.18B,11.48%,$33,$4,$29,$0,$24,$30,$3,$-2,$1,$0,$1,$1,$1,$4,$3,$10,10,$0.07,$0.07,$12,$2,$3,$27,$113,$0,$100,$4,$217,$244,$37,$69,$1,$97,$135,$0,$39,$0,$109,$244,$7,$5,$1,$5,$-1,$-0,$0,$-1,$2,$14,$-12,$0,$-6,$0,$0,$0,$0,$-17,$1,$0,$1,$3,$3,$0,$-0,$4,$0,$0,$0
17,2014-03-31,11.07,$10.84,1.02,$11.86,0.93,$2.15,5.15,$1.02,10.85,$0.03B,$0.04B,0.76,$0.07B,$0.11B,0.68,$0.12B,$0.10B,88.14%,$0.12B,$0.02B,18.64%,$0.12B,$0.02B,18.64%,$0.12B,$0.03B,24.58%,$0.12B,$0.02B,14.41%,$0.12B,$0.01B,8.47%,$0.01B,$0.11B,10.05%,$0.01B,$0.01B,-1333.33%,$0.01B,$0.24B,4.32%,$0.02B,$0.18B,12.88%,$33,$4,$29,$0,$20,$25,$7,$-2,$6,$2,$4,$4,$4,$9,$7,$10,11,$0.39,$0.37,$12,$2,$4,$29,$110,$0,$100,$4,$214,$243,$38,$72,$1,$99,$138,$0,$38,$0,$105,$243,$6,$3,$1,$4,$-1,$-0,$0,$-2,$2,$12,$-8,$0,$-6,$0,$0,$0,$0,$-14,$3,$1,$4,$0,$0,$0,$-0,$3,$1,$0,$0
18,2013-12-31,11.37,$10.47,1.09,$11.71,0.97,$2.60,4.37,$0.94,12.1,$0.02B,$0.04B,0.63,$0.08B,$0.10B,0.75,$0.11B,$0.10B,87.72%,$0.11B,$0.02B,18.42%,$0.11B,$0.02B,18.42%,$0.11B,$0.03B,24.56%,$0.11B,$0.02B,13.16%,$0.11B,$0.01B,7.89%,$0.01B,$0.10B,9.33%,$0.01B,$0.00B,-257.14%,$0.01B,$0.24B,4.01%,$0.02B,$0.18B,12.59%,$29,$4,$26,$0,$19,$24,$6,$-2,$4,$1,$2,$2,$2,$7,$6,$10,10,$0.25,$0.25,$11,$2,$0,$22,$113,$0,$100,$3,$217,$239,$35,$75,$1,$104,$139,$0,$35,$0,$100,$239,$2,$1,$1,$2,$0,$-0,$0,$-1,$1,$6,$-6,$0,$-6,$0,$0,$0,$0,$-11,$5,$0,$5,$0,$0,$0,$-0,$5,$-0,$0,$0
19,2013-09-30,11.58,$10.22,1.13,$11.49,1.01,$2.96,3.91,$0.97,11.94,$0.02B,$0.03B,0.72,$0.07B,$0.10B,0.72,$0.11B,$0.10B,87.50%,$0.11B,$0.02B,18.75%,$0.11B,$0.02B,18.75%,$0.11B,$0.03B,25.00%,$0.11B,$0.02B,13.39%,$0.11B,$0.01B,8.93%,$0.01B,$0.10B,10.64%,$0.01B,$-0.00B,-222.22%,$0.01B,$0.22B,4.63%,$0.02B,$0.17B,13.00%,$28,$4,$24,$0,$19,$24,$4,$-2,$3,$1,$2,$2,$2,$6,$4,$10,10,$0.17,$0.16,$11,$1,$0,$21,$99,$0,$100,$4,$202,$223,$29,$70,$1,$97,$126,$0,$32,$0,$97,$223,$9,$5,$1,$7,$0,$-0,$0,$-2,$2,$18,$-10,$0,$-2,$-0,$0,$-0,$0,$-11,$0,$0,$0,$-2,$-2,$0,$-0,$-2,$5,$1,$0
20,2013-06-30,8.47,$10.04,0.84,$11.03,0.77,$3.36,2.52,$0.95,8.92,$0.02B,$0.03B,0.69,$0.07B,$0.10B,0.72,$0.11B,$0.10B,87.96%,$0.11B,$0.02B,18.52%,$0.11B,$0.02B,18.52%,$0.11B,$0.03B,25.00%,$0.11B,$0.01B,12.96%,$0.11B,$0.01B,8.33%,$0.01B,$0.10B,9.81%,$0.01B,$-0.01B,-156.52%,$0.01B,$0.22B,4.33%,$0.02B,$0.16B,12.82%,$28,$4,$25,$0,$18,$23,$5,$-2,$4,$1,$2,$2,$2,$7,$5,$9,10,$0.23,$0.23,$10,$1,$0,$20,$95,$0,$100,$5,$200,$220,$29,$69,$1,$95,$125,$0,$31,$0,$96,$220,$8,$4,$1,$5,$-0,$-0,$0,$-3,$2,$14,$-5,$0,$-4,$1,$0,$1,$0,$-9,$-0,$0,$-0,$-2,$-2,$0,$-0,$-2,$4,$1,$0
21,2013-03-31,8.68,$9.78,0.89,$10.56,0.82,$3.40,2.56,$0.91,9.54,$0.02B,$0.03B,0.71,$0.07B,$0.09B,0.74,$0.10B,$0.09B,87.50%,$0.10B,$0.02B,18.27%,$0.10B,$0.02B,18.27%,$0.10B,$0.03B,24.04%,$0.10B,$0.01B,12.50%,$0.10B,$0.01B,8.65%,$0.01B,$0.09B,10.08%,$0.01B,$-0.01B,-2075258708292324864.00%,$0.01B,$0.22B,4.61%,$0.02B,$0.16B,13.01%,$29,$3,$25,$0,$18,$23,$6,$-2,$4,$2,$3,$3,$3,$8,$6,$10,10,$0.29,$0.29,$10,$2,$0,$20,$93,$0,$99,$4,$195,$216,$29,$68,$1,$94,$123,$0,$28,$0,$93,$216,$5,$3,$0,$3,$-0,$-0,$0,$-3,$2,$11,$-3,$0,$-3,$1,$0,$1,$0,$-6,$-0,$0,$-0,$-1,$-1,$0,$-0,$-1,$4,$1,$0
22,2012-12-31,7.9,$9.46,0.83,$10.29,0.77,$3.37,2.34,$0.84,9.4,$0.02B,$0.03B,0.62,$0.06B,$0.09B,0.71,$0.10B,$0.09B,88.00%,$0.10B,$0.02B,17.00%,$0.10B,$0.02B,17.00%,$0.10B,$0.02B,23.00%,$0.10B,$0.01B,12.00%,$0.10B,$0.01B,8.00%,$0.01B,$0.09B,9.17%,$0.01B,$-0.00B,145.45%,$0.01B,$0.20B,4.34%,$0.02B,$0.15B,12.39%,$27,$3,$24,$0,$17,$21,$6,$-2,$4,$2,$3,$3,$3,$7,$6,$10,10,$0.28,$0.28,$7,$1,$0,$16,$91,$0,$95,$3,$189,$204,$25,$64,$1,$89,$114,$0,$26,$0,$90,$204,$3,$1,$0,$2,$0,$-0,$0,$-0,$2,$6,$-2,$0,$0,$1,$0,$1,$0,$-2,$-2,$0,$-2,$-0,$-0,$0,$-0,$-3,$1,$0,$0
23,2012-09-30,8.13,$9.14,0.89,$9.80,0.83,$3.41,2.39,$0.79,10.29,$0.02B,$0.02B,0.64,$0.06B,$0.09B,0.65,$0.10B,$0.08B,87.37%,$0.10B,$0.02B,15.79%,$0.10B,$0.02B,15.79%,$0.10B,$0.02B,23.16%,$0.10B,$0.01B,11.58%,$0.10B,$0.01B,7.37%,$0.01B,$0.09B,8.21%,$0.01B,$-0.01B,68.29%,$0.01B,$0.19B,4.07%,$0.02B,$0.15B,11.86%,$24,$3,$21,$0,$16,$20,$3,$-1,$2,$1,$1,$1,$1,$5,$3,$10,10,$0.14,$0.14,$7,$1,$0,$15,$80,$0,$95,$3,$178,$192,$23,$57,$1,$82,$105,$0,$23,$0,$88,$192,$8,$5,$2,$8,$-0,$-0,$0,$-1,$3,$18,$-6,$0,$-5,$-1,$0,$-1,$0,$-11,$-8,$1,$-7,$-4,$-4,$0,$-0,$-12,$-4,$0,$0
24,2012-06-30,8.51,$8.96,0.95,$9.50,0.9,$2.83,3.01,$0.84,10.14,$0.02B,$0.02B,0.91,$0.04B,$0.09B,0.43,$0.09B,$0.08B,88.04%,$0.09B,$0.02B,17.39%,$0.09B,$0.02B,17.39%,$0.09B,$0.02B,23.91%,$0.09B,$0.01B,13.04%,$0.09B,$0.01B,8.70%,$0.01B,$0.09B,9.61%,$0.01B,$0.02B,51.61%,$0.01B,$0.17B,4.93%,$0.02B,$0.12B,13.59%,$24,$3,$21,$0,$15,$20,$4,$-1,$3,$1,$2,$2,$2,$5,$4,$10,10,$0.19,$0.19,$11,$1,$0,$19,$80,$0,$69,$2,$150,$169,$21,$37,$1,$62,$83,$0,$21,$0,$86,$169,$6,$4,$2,$5,$0,$-0,$0,$-1,$2,$14,$-5,$0,$-1,$-1,$0,$-1,$1,$-6,$-6,$1,$-5,$-3,$-3,$0,$-0,$-8,$-0,$0,$0
25,2012-03-31,9.16,$8.78,1.04,$9.14,1.0,$2.57,3.57,$0.74,12.38,$0.02B,$0.02B,0.92,$0.04B,$0.09B,0.48,$0.09B,$0.08B,87.64%,$0.09B,$0.02B,17.98%,$0.09B,$0.02B,17.98%,$0.09B,$0.02B,24.72%,$0.09B,$0.01B,14.61%,$0.09B,$0.01B,7.87%,$0.01B,$0.09B,8.59%,$0.01B,$0.02B,47.46%,$0.01B,$0.17B,4.43%,$0.02B,$0.13B,14.00%,$25,$3,$22,$0,$16,$21,$4,$-1,$3,$1,$2,$2,$2,$6,$4,$10,10,$0.22,$0.22,$12,$1,$0,$20,$82,$0,$69,$2,$153,$173,$22,$41,$2,$66,$88,$0,$20,$0,$85,$173,$4,$2,$2,$4,$-0,$-0,$0,$-1,$3,$12,$-5,$0,$-1,$0,$0,$0,$0,$-6,$-3,$1,$-2,$-2,$-2,$0,$-0,$-4,$2,$0,$0
26,2011-12-31,8.31,$8.55,0.97,$8.53,0.97,$2.29,3.63,$0.81,10.26,$0.02B,$0.02B,1.1,$0.03B,$0.08B,0.35,$0.09B,$0.08B,87.21%,$0.09B,$0.02B,20.93%,$0.09B,$0.02B,20.93%,$0.09B,$0.02B,26.74%,$0.09B,$0.02B,17.44%,$0.09B,$0.01B,9.30%,$0.01B,$0.08B,10.06%,$0.01B,$0.02B,57.14%,$0.01B,$0.15B,5.24%,$0.02B,$0.11B,16.36%,$22,$3,$19,$0,$14,$18,$4,$-1,$3,$1,$2,$2,$2,$6,$4,$10,10,$0.23,$0.23,$11,$1,$0,$20,$66,$0,$67,$2,$135,$154,$18,$29,$2,$54,$72,$0,$18,$0,$82,$154,$2,$1,$1,$2,$0,$-0,$0,$-0,$1,$5,$-1,$0,$-0,$0,$0,$0,$0,$-2,$-1,$0,$-1,$-1,$-1,$0,$-0,$-2,$1,$0,$0
27,2011-09-30,6.53,$8.35,0.78,$8.21,0.8,$2.10,3.11,$0.79,8.27,$0.02B,$0.02B,1.11,$0.03B,$0.08B,0.38,$0.08B,$0.07B,86.90%,$0.08B,$0.02B,21.43%,$0.08B,$0.02B,21.43%,$0.08B,$0.02B,26.19%,$0.08B,$0.02B,19.05%,$0.08B,$0.01B,9.52%,$0.01B,$0.08B,10.29%,$0.01B,$0.01B,61.54%,$0.01B,$0.15B,5.29%,$0.02B,$0.11B,16.48%,$21,$3,$19,$0,$13,$17,$4,$-1,$3,$1,$2,$2,$2,$5,$4,$10,10,$0.20,$0.20,$10,$1,$0,$20,$66,$0,$67,$1,$134,$153,$18,$30,$2,$55,$73,$0,$15,$0,$80,$153,$8,$4,$6,$10,$-1,$-0,$0,$-0,$1,$19,$-12,$0,$-4,$-1,$0,$-1,$-0,$-16,$-6,$0,$-6,$-5,$-5,$0,$-0,$-11,$-9,$0,$0
28,2011-06-30,8.29,$8.15,1.02,$7.46,1.11,$2.54,3.27,$-0.65,0.0,$0.02B,$0.02B,1.23,$0.03B,$0.08B,0.39,$0.08B,$0.07B,85.71%,$0.08B,$0.01B,18.18%,$0.08B,$0.01B,18.18%,$0.08B,$0.02B,23.38%,$0.08B,$0.01B,15.58%,$0.08B,$-0.01B,-9.09%,$-0.01B,$0.08B,-9.21%,$-0.01B,$0.02B,-57.14%,$-0.01B,$0.15B,-4.67%,$0.01B,$0.11B,12.87%,$21,$3,$18,$0,$13,$16,$4,$-0,$4,$2,$3,$3,$1,$5,$4,$10,10,$0.09,$0.09,$13,$1,$0,$22,$63,$0,$65,$3,$130,$152,$18,$31,$3,$55,$73,$0,$13,$-0,$79,$152,$6,$3,$7,$10,$-3,$-0,$0,$-1,$-3,$14,$-7,$0,$-2,$-1,$0,$-1,$-2,$-12,$-5,$0,$-5,$-2,$-2,$0,$-2,$-8,$-6,$0,$0
29,2011-03-31,10.7,$8.00,1.34,$7.17,1.49,$2.36,4.54,$-0.65,0.0,$0.03B,$0.02B,1.31,$0.03B,$0.08B,0.42,$0.07B,$0.06B,86.49%,$0.07B,$0.01B,18.92%,$0.07B,$0.01B,18.92%,$0.07B,$0.02B,22.97%,$0.07B,$0.01B,13.51%,$0.07B,$-0.01B,-9.46%,$-0.01B,$0.08B,-9.00%,$-0.01B,$0.01B,-75.68%,$-0.01B,$0.15B,-4.56%,$0.01B,$0.11B,12.50%,$22,$3,$19,$0,$12,$16,$6,$-1,$5,$2,$3,$3,$3,$7,$6,$10,11,$0.29,$0.29,$18,$1,$3,$27,$60,$0,$64,$1,$125,$152,$21,$32,$5,$54,$74,$62,$13,$0,$77,$152,$5,$2,$1,$3,$-0,$-0,$0,$-1,$0,$8,$-3,$0,$-1,$-1,$0,$-1,$-0,$-5,$-2,$0,$-2,$-1,$-1,$0,$-1,$-5,$-1,$0,$0
30,2010-12-31,7.69,$7.70,1.0,$7.36,1.04,$2.44,3.15,$-0.64,0.0,$0.02B,$0.02B,1.26,$0.03B,$0.08B,0.45,$0.07B,$0.07B,87.84%,$0.07B,$0.01B,17.57%,$0.07B,$0.01B,17.57%,$0.07B,$0.02B,21.62%,$0.07B,$0.01B,12.16%,$0.07B,$-0.01B,-9.46%,$-0.01B,$0.08B,-8.97%,$-0.01B,$0.01B,-140.00%,$-0.01B,$0.15B,-4.56%,$0.01B,$0.11B,11.58%,$20,$2,$17,$0,$12,$15,$4,$-1,$4,$1,$2,$2,$2,$5,$4,$10,10,$0.21,$0.21,$19,$1,$0,$24,$59,$0,$63,$2,$124,$148,$19,$33,$6,$54,$74,$0,$10,$-0,$75,$148,$2,$1,$0,$1,$-0,$-0,$0,$0,$-0,$3,$-1,$0,$0,$-1,$0,$-1,$-0,$-1,$-1,$0,$-1,$-1,$-1,$0,$-0,$-2,$-0,$0,$0
31,2010-09-30,7.15,$7.50,0.95,$7.54,0.95,$2.41,2.97,$-0.77,0.0,$0.03B,$0.02B,1.49,$0.04B,$0.07B,0.48,$0.07B,$0.07B,89.19%,$0.07B,$0.01B,14.86%,$0.07B,$0.01B,14.86%,$0.07B,$0.01B,18.92%,$0.07B,$0.01B,8.11%,$0.07B,$-0.01B,-10.81%,$-0.01B,$0.07B,-10.29%,$-0.01B,$0.01B,-1600.00%,$-0.01B,$0.15B,-5.21%,$0.01B,$0.11B,9.80%,$14,$2,$12,$0,$7,$13,$0,$-1,$-1,$0,$-1,$-1,$-13,$1,$0,$10,10,$-1.30,$-1.30,$19,$1,$0,$28,$57,$0,$63,$1,$121,$148,$19,$35,$6,$56,$75,$0,$8,$0,$73,$148,$-8,$3,$16,$20,$-0,$-0,$0,$-0,$5,$17,$-6,$0,$-6,$-1,$0,$-1,$-0,$-13,$6,$0,$6,$-2,$-2,$0,$-3,$2,$6,$0,$0
32,2010-06-30,7.75,$8.74,0.89,$7.07,1.1,$2.25,3.45,$0.66,11.74,$0.03B,$0.01B,1.71,$0.04B,$0.09B,0.43,$0.07B,$0.06B,89.86%,$0.07B,$0.02B,26.09%,$0.07B,$0.02B,26.09%,$0.07B,$0.02B,28.99%,$0.07B,$0.01B,18.84%,$0.07B,$0.01B,10.14%,$0.01B,$0.09B,9.00%,$0.01B,$0.00B,-200.00%,$0.01B,$0.17B,4.58%,$0.02B,$0.12B,16.14%,$18,$2,$16,$0,$11,$15,$4,$-2,$2,$1,$1,$1,$1,$4,$4,$10,10,$0.09,$0.09,$19,$1,$0,$25,$58,$0,$82,$1,$141,$166,$14,$37,$7,$66,$80,$0,$20,$-0,$86,$166,$5,$3,$3,$5,$-0,$-0,$0,$-1,$2,$12,$-7,$0,$-3,$-1,$0,$-1,$-0,$-11,$8,$0,$8,$-1,$-1,$0,$-2,$5,$5,$0,$0
33,2010-03-31,12.57,$8.69,1.45,$7.50,1.68,$2.27,5.55,$0.76,16.54,$0.02B,$0.01B,1.21,$0.03B,$0.08B,0.41,$0.07B,$0.07B,90.28%,$0.07B,$0.02B,25.00%,$0.07B,$0.02B,25.00%,$0.07B,$0.02B,29.17%,$0.07B,$0.01B,19.44%,$0.07B,$0.01B,11.11%,$0.01B,$0.08B,10.96%,$0.01B,$-0.00B,-128.00%,$0.01B,$0.15B,5.52%,$0.02B,$0.11B,17.18%,$22,$3,$20,$0,$14,$17,$5,$-1,$4,$1,$3,$3,$3,$6,$5,$9,10,$0.31,$0.31,$13,$1,$0,$17,$52,$0,$82,$1,$135,$152,$14,$32,$8,$60,$75,$0,$19,$0,$78,$152,$4,$2,$1,$3,$-1,$-0,$0,$-1,$1,$8,$-2,$0,$-3,$-1,$0,$-1,$0,$-6,$-1,$0,$-1,$-1,$-1,$0,$-0,$-3,$-1,$0,$0
34,2009-12-31,8.41,$8.35,1.01,$7.24,1.16,$1.95,4.31,$0.55,15.28,$0.01B,$0.01B,1.03,$0.03B,$0.07B,0.45,$0.07B,$0.06B,89.71%,$0.07B,$0.02B,22.06%,$0.07B,$0.02B,22.06%,$0.07B,$0.02B,26.47%,$0.07B,$0.01B,16.18%,$0.07B,$0.01B,8.82%,$0.01B,$0.07B,8.63%,$0.01B,$-0.01B,-72.73%,$0.01B,$0.15B,4.26%,$0.02B,$0.11B,14.89%,$20,$2,$18,$0,$14,$18,$2,$-1,$1,$1,$1,$1,$1,$3,$2,$9,9,$0.08,$0.08,$10,$1,$0,$13,$52,$0,$82,$1,$135,$148,$13,$33,$9,$61,$74,$0,$16,$-0,$74,$148,$1,$1,$0,$1,$-0,$0,$0,$-0,$1,$3,$-1,$0,$-3,$-1,$0,$-1,$0,$-5,$-1,$0,$-1,$-0,$-0,$0,$-1,$-2,$-3,$0,$0
35,2009-09-30,8.45,$8.27,1.02,$6.90,1.22,$1.63,5.17,$0.55,15.36,$0.02B,$0.01B,1.44,$0.03B,$0.07B,0.44,$0.07B,$0.06B,89.23%,$0.07B,$0.02B,23.08%,$0.07B,$0.02B,23.08%,$0.07B,$0.02B,27.69%,$0.07B,$0.01B,18.46%,$0.07B,$0.01B,9.23%,$0.01B,$0.07B,8.96%,$0.01B,$-0.01B,-60.00%,$0.01B,$0.15B,4.36%,$0.02B,$0.11B,15.42%,$9,$1,$8,$0,$2,$2,$7,$-1,$6,$2,$4,$4,$2,$7,$7,$9,9,$0.20,$0.19,$13,$1,$0,$16,$48,$0,$79,$1,$129,$145,$11,$32,$10,$61,$72,$0,$15,$0,$73,$145,$6,$3,$3,$6,$0,$0,$0,$-1,$-1,$11,$-1,$0,$-2,$0,$0,$0,$0,$-3,$4,$0,$4,$-1,$-1,$0,$-1,$2,$7,$0,$0
36,2009-06-30,5.99,$8.74,0.69,$7.98,0.75,$2.02,2.97,$0.36,16.64,$0.01B,$0.01B,1.47,$0.03B,$0.07B,0.44,$0.07B,$0.07B,89.04%,$0.07B,$0.01B,15.07%,$0.07B,$0.01B,15.07%,$0.07B,$0.01B,19.18%,$0.07B,$0.01B,10.96%,$0.07B,$0.01B,6.85%,$0.01B,$0.07B,7.75%,$0.01B,$-0.01B,-42.55%,$0.01B,$0.14B,3.68%,$0.01B,$0.10B,11.64%,$21,$2,$19,$0,$14,$17,$4,$-1,$3,$1,$2,$2,$2,$5,$4,$9,9,$0.19,$0.19,$6,$1,$0,$12,$48,$0,$75,$1,$124,$135,$8,$29,$11,$60,$68,$0,$14,$0,$67,$135,$3,$3,$2,$5,$-0,$0,$0,$-1,$-2,$6,$-1,$0,$-0,$0,$0,$0,$0,$-1,$-2,$0,$-2,$-1,$-1,$0,$-1,$-4,$0,$0,$0
37,2009-03-31,4.46,$7.44,0.6,$7.55,0.59,$2.32,1.92,$0.38,11.73,$0.01B,$0.01B,1.56,$0.03B,$0.06B,0.46,$0.07B,$0.06B,88.24%,$0.07B,$0.01B,16.18%,$0.07B,$0.01B,16.18%,$0.07B,$0.01B,20.59%,$0.07B,$0.01B,11.76%,$0.07B,$0.01B,7.35%,$0.01B,$0.06B,7.97%,$0.01B,$-0.01B,-50.00%,$0.01B,$0.14B,3.72%,$0.01B,$0.09B,11.80%,$18,$2,$16,$0,$12,$16,$2,$-1,$1,$1,$1,$1,$1,$3,$2,$9,9,$0.09,$0.09,$5,$2,$0,$11,$48,$0,$76,$1,$125,$136,$7,$30,$15,$65,$72,$0,$12,$0,$64,$136,$2,$2,$2,$4,$-0,$0,$0,$-1,$-2,$3,$-1,$0,$-0,$0,$0,$0,$0,$-1,$-2,$0,$-2,$-1,$-1,$0,$-0,$-2,$-0,$0,$0
38,2008-12-31,3.92,$7.28,0.54,$7.39,0.53,$2.66,1.48,$0.61,6.42,$0.01B,$0.01B,1.1,$0.03B,$0.06B,0.48,$0.07B,$0.06B,89.23%,$0.07B,$0.01B,21.54%,$0.07B,$0.01B,21.54%,$0.07B,$0.02B,24.62%,$0.07B,$0.01B,16.92%,$0.07B,$0.01B,10.77%,$0.01B,$0.06B,12.02%,$0.01B,$-0.01B,-75.68%,$0.01B,$0.14B,5.66%,$0.01B,$0.09B,16.09%,$17,$2,$15,$0,$12,$15,$2,$-1,$2,$1,$1,$1,$1,$3,$2,$9,10,$0.08,$0.08,$3,$2,$0,$7,$50,$0,$78,$1,$128,$135,$6,$30,$14,$65,$71,$0,$11,$0,$64,$135,$1,$1,$1,$1,$-0,$-0,$0,$-0,$-3,$-1,$-1,$0,$-0,$0,$0,$0,$0,$-1,$-1,$0,$-1,$-0,$-0,$0,$-0,$-1,$-3,$0,$0
39,2008-09-30,9.64,$6.50,1.48,$7.04,1.37,$3.00,3.21,$0.77,12.52,$0.01B,$0.01B,1.41,$0.03B,$0.06B,0.49,$0.06B,$0.05B,89.83%,$0.06B,$0.02B,25.42%,$0.06B,$0.02B,25.42%,$0.06B,$0.02B,27.12%,$0.06B,$0.01B,18.64%,$0.06B,$0.01B,13.56%,$0.01B,$0.06B,15.17%,$0.01B,$-0.01B,-110.34%,$0.01B,$0.14B,7.24%,$0.02B,$0.09B,18.93%,$17,$2,$15,$0,$11,$14,$3,$-1,$2,$0,$1,$1,$1,$3,$3,$8,8,$0.15,$0.14,$5,$2,$0,$12,$48,$0,$76,$0,$125,$137,$9,$31,$14,$65,$74,$0,$10,$-0,$63,$137,$8,$2,$2,$5,$0,$-1,$0,$-0,$3,$15,$-3,$0,$-36,$0,$0,$0,$0,$-39,$-1,$0,$-1,$28,$28,$0,$-0,$26,$3,$0,$0
40,2008-06-30,16.5,$6.52,2.53,$6.46,2.55,$2.11,7.81,$0.96,17.19,$0.02B,$0.01B,2.61,$0.03B,$0.06B,0.5,$0.05B,$0.05B,90.20%,$0.05B,$0.01B,25.49%,$0.05B,$0.01B,25.49%,$0.05B,$0.02B,29.41%,$0.05B,$0.01B,19.61%,$0.05B,$0.01B,15.69%,$0.01B,$0.06B,18.60%,$0.01B,$-0.00B,-246.15%,$0.01B,$0.13B,9.09%,$0.01B,$0.09B,20.16%,$16,$2,$14,$0,$10,$12,$4,$-1,$3,$1,$2,$2,$2,$5,$4,$8,9,$0.22,$0.21,$13,$2,$0,$18,$48,$0,$62,$1,$111,$129,$7,$30,$11,$61,$68,$0,$9,$-0,$60,$129,$6,$2,$1,$3,$0,$0,$0,$1,$1,$10,$-3,$0,$-23,$0,$0,$0,$-1,$-26,$-1,$0,$-1,$28,$28,$0,$-0,$27,$10,$0,$0
41,2008-03-31,22.46,$5.41,4.15,$5.90,3.8,$1.59,14.14,$0.91,24.68,$0.01B,$0.01B,1.12,$0.02B,$0.05B,0.51,$0.04B,$0.04B,90.70%,$0.04B,$0.01B,23.26%,$0.04B,$0.01B,23.26%,$0.04B,$0.01B,27.91%,$0.04B,$0.01B,18.60%,$0.04B,$0.01B,16.28%,$0.01B,$0.05B,20.74%,$0.01B,$-0.01B,-466.67%,$0.01B,$0.09B,10.57%,$0.01B,$0.07B,20.00%,$15,$2,$14,$0,$8,$10,$5,$-1,$4,$1,$3,$3,$3,$5,$5,$8,8,$0.34,$0.32,$3,$1,$0,$7,$32,$0,$55,$0,$88,$94,$6,$23,$6,$43,$49,$0,$7,$-0,$46,$94,$4,$1,$0,$2,$0,$0,$0,$1,$1,$6,$-2,$0,$-18,$0,$0,$0,$-1,$-21,$-1,$0,$-1,$15,$15,$0,$0,$15,$0,$0,$0
42,2007-12-31,26.44,$5.05,5.23,$5.46,4.84,$1.18,22.4,$0.67,39.46,$0.01B,$0.01B,1.21,$0.02B,$0.04B,0.5,$0.04B,$0.03B,88.89%,$0.04B,$0.01B,16.67%,$0.04B,$0.01B,16.67%,$0.04B,$0.01B,22.22%,$0.04B,$0.00B,11.11%,$0.04B,$0.00B,11.11%,$0.00B,$0.04B,14.55%,$0.00B,$-0.01B,123.08%,$0.00B,$0.08B,7.62%,$0.01B,$0.06B,14.81%,$11,$1,$10,$0,$7,$8,$3,$-0,$2,$1,$2,$2,$2,$3,$3,$7,8,$0.26,$0.24,$5,$1,$0,$7,$26,$0,$48,$0,$75,$82,$6,$21,$1,$34,$40,$0,$4,$0,$42,$82,$2,$1,$-0,$0,$0,$0,$0,$0,$0,$2,$-1,$0,$-15,$0,$0,$0,$0,$-16,$1,$0,$1,$15,$15,$0,$0,$16,$2,$0,$0
43,2007-09-30,11.43,$3.48,3.28,$5.32,2.15,$1.04,10.99,$0.50,22.86,$0.00B,$0.01B,0.81,$0.01B,$0.02B,0.46,$0.03B,$0.03B,87.50%,$0.03B,$0.00B,12.50%,$0.03B,$0.00B,12.50%,$0.03B,$0.01B,18.75%,$0.03B,$0.00B,6.25%,$0.03B,$0.00B,6.25%,$0.00B,$0.02B,9.64%,$0.00B,$0.00B,36.36%,$0.00B,$0.05B,4.97%,$0.00B,$0.04B,12.80%,$9,$1,$8,$0,$6,$7,$1,$-0,$1,$0,$1,$1,$1,$2,$1,$6,6,$0.21,$0.19,$3,$0,$0,$4,$21,$0,$21,$0,$43,$47,$5,$11,$2,$18,$23,$0,$3,$0,$24,$47,$3,$2,$-0,$1,$-0,$-0,$0,$-0,$-0,$4,$-1,$0,$-6,$0,$0,$0,$-0,$-7,$-1,$0,$-1,$6,$6,$0,$0,$5,$2,$0,$0
44,2007-06-30,9.13,$3.31,2.76,$5.13,1.78,$0.74,12.28,$0.28,32.62,$0.00B,$0.01B,0.57,$0.01B,$0.02B,0.46,$0.03B,$0.03B,89.66%,$0.03B,$0.00B,10.34%,$0.03B,$0.00B,10.34%,$0.03B,$0.01B,17.24%,$0.03B,$0.00B,3.45%,$0.03B,$0.00B,3.45%,$0.00B,$0.02B,5.48%,$0.00B,$0.01B,18.18%,$0.00B,$0.04B,2.76%,$0.00B,$0.03B,10.34%,$8,$1,$7,$0,$6,$7,$1,$-0,$1,$0,$1,$1,$1,$2,$1,$6,7,$0.17,$0.16,$2,$0,$0,$4,$21,$0,$16,$0,$38,$42,$7,$10,$2,$13,$19,$0,$1,$0,$23,$42,$2,$1,$0,$1,$0,$0,$0,$-1,$-1,$3,$-1,$0,$-6,$0,$0,$0,$0,$-6,$-1,$0,$-1,$6,$6,$0,$0,$5,$1,$0,$0
45,2007-03-31,9.82,$3.49,2.82,$4.97,1.98,$0.56,17.43,$0.24,40.92,$0.01B,$0.01B,1.44,$0.01B,$0.02B,0.44,$0.03B,$0.03B,92.59%,$0.03B,$0.00B,11.11%,$0.03B,$0.00B,11.11%,$0.03B,$0.00B,14.81%,$0.03B,$0.00B,3.70%,$0.03B,$0.00B,3.70%,$0.00B,$0.02B,6.35%,$0.00B,$0.01B,21.05%,$0.00B,$0.04B,3.05%,$0.00B,$0.03B,11.11%,$8,$1,$7,$0,$5,$7,$1,$-0,$0,$0,$0,$0,$0,$1,$1,$5,6,$0.09,$0.09,$7,$0,$0,$8,$18,$0,$12,$0,$31,$39,$5,$9,$2,$12,$17,$5,$0,$0,$21,$39,$1,$1,$0,$1,$0,$0,$0,$-0,$-0,$1,$-0,$0,$-1,$0,$0,$0,$0,$-1,$-1,$0,$-1,$6,$6,$0,$0,$5,$6,$0,$0
46,2006-12-31,6.74,$1.49,4.53,$4.78,1.41,$0.54,12.37,$0.30,22.46,$0.00B,$0.00B,0.58,$0.01B,$0.02B,0.79,$0.03B,$0.02B,92.00%,$0.03B,$0.00B,12.00%,$0.03B,$0.00B,12.00%,$0.03B,$0.00B,16.00%,$0.03B,$0.00B,8.00%,$0.03B,$0.00B,8.00%,$0.00B,$0.02B,14.81%,$0.00B,$0.00B,72.73%,$0.00B,$0.03B,6.78%,$0.00B,$0.03B,12.00%,$7,$1,$6,$0,$5,$6,$1,$-0,$0,$0,$0,$0,$0,$1,$1,$5,5,$0.07,$0.06,$1,$0,$0,$2,$18,$0,$12,$0,$31,$33,$4,$12,$2,$14,$18,$0,$-0,$-0,$15,$33,$0,$0,$0,$0,$0,$0,$0,$-0,$-0,$1,$-0,$0,$-1,$0,$0,$0,$0,$-1,$0,$0,$0,$0,$0,$0,$0,$1,$1,$0,$0
