,Date,Stock Price,Book Value per Share,Price to Book Ratio,TTM Sales per Share,Price to Sales Ratio,TTM FCF per Share,Price to FCF Ratio,TTM Net EPS,PE Ratio,Current Assets,Current Liabilities,Current Ratio,Long Term Debt,Shareholder's Equity_x,Debt to Equity Ratio,TTM Revenue_x,TTM Gross Profit,Gross Margin,TTM Revenue_y,TTM Operating Income,Operating Margin,TTM Revenue_x,TTM EBIT,EBIT Margin,TTM Revenue_y,TTM EBITDA,EBITDA Margin,TTM Revenue_x,TTM Pre-Tax Income,Pre-Tax Margin,TTM Revenue_y,TTM Net Income_x,Net Margin,TTM Net Income_y,Shareholder's Equity_y,Return on Equity,TTM Net Income_x,Tangible Equity,Return on Tangible Equity,TTM Net Income_y,Total Assets,Return on Assets,TTM Net Income,LT Investments & Debt,Return on Investment,revenue,cost-goods-sold,gross-profit,research-development-expenses,selling-general-administrative-expenses,operating-expenses,operating-income,total-non-operating-income-expense,pre-tax-income,total-provision-income-taxes,income-after-taxes,income-from-continuous-operations,net-income,ebitda,ebit,basic-shares-outstanding,shares-outstanding,eps-basic-net-earnings-per-share,eps-earnings-per-share-diluted,cash-on-hand,inventory,other-current-assets,total-current-assets,net-property-plant-equipment,long-term-investments,goodwill-intangible-assets-total,other-long-term-assets,total-long-term-assets,total-assets,total-current-liabilities,long-term-debt,other-non-current-liabilities,total-long-term-liabilities,total-liabilities,common-stock-net,retained-earnings-accumulated-deficit,comprehensive-income,total-share-holder-equity,total-liabilities-share-holders-equity,net-income-loss,total-depreciation-amortization-cash-flow,other-non-cash-items,total-non-cash-items,change-in-accounts-receivable,change-in-inventories,change-in-accounts-payable,change-in-assets-liabilities,total-change-in-assets-liabilities,cash-flow-from-operating-activities,net-change-in-property-plant-equipment,net-change-in-intangible-assets,net-acquisitions-divestitures,net-change-in-short-term-investments,net-change-in-long-term-investments,net-change-in-investments-total,investing-activities-other,cash-flow-from-investing-activities,net-long-term-debt,net-current-debt,debt-issuance-retirement-net-total,net-common-equity-issued-repurchased,net-total-equity-issued-repurchased,total-common-preferred-stock-dividends-paid,financial-activities-other,cash-flow-from-financial-activities,net-cash-flow,stock-based-compensation,common-stock-dividends-paid
0,2018-09-30,3.21,$0.62,5.17,$0.04,79.68,$-1.52,0.0,$-0.65,0.0,$0.12B,$0.02B,6.15,$0.00B,$0.10B,0.0,$0.01B,$0.01B,100.00%,$0.01B,$-0.10B,-1442.86%,$0.01B,$-0.10B,-1442.86%,$0.01B,$-0.10B,-1442.86%,$0.01B,$-0.10B,-1428.57%,$0.01B,$-0.10B,-1428.57%,$-0.10B,$0.10B,-98.04%,$-0.10B,$0.10B,-98.04%,$-0.10B,$0.12B,-82.99%,$-0.10B,$0.10B,-99.02%,$5,$0,$5,$11,$18,$29,$-24,$1,$-24,$0,$-24,$-24,$-24,$-24,$-24,$166,166,$-0.14,$-0.14,$116,$1,$0,$121,$1,$0,$0,$1,$2,$123,$20,$0,$0,$0,$20,$0,$-1213,$-0,$103,$123,$-74,$-0,$6,$6,$-3,$-0,$0,$-0,$-2,$-70,$-1,$0,$0,$24,$0,$24,$0,$23,$0,$0,$0,$71,$71,$0,$0,$71,$23,$6,$0
1,2018-06-30,2.83,$0.74,3.81,$0.02,154.8,$-1.55,0.0,$-0.65,0.0,$0.14B,$0.02B,8.01,$0.00B,$0.12B,0.0,$0.00B,$0.00B,100.00%,$0.00B,$-0.10B,-3166.67%,$0.00B,$-0.10B,-3166.67%,$0.00B,$-0.10B,-3166.67%,$0.00B,$-0.09B,-3133.33%,$0.00B,$-0.09B,-3133.33%,$-0.09B,$0.12B,-104.16%,$-0.09B,$0.12B,-104.16%,$-0.09B,$0.14B,-87.44%,$-0.10B,$0.12B,-105.26%,$2,$0,$2,$11,$17,$28,$-26,$1,$-26,$0,$-26,$-26,$-26,$-26,$-26,$162,162,$-0.16,$-0.16,$135,$0,$0,$139,$1,$0,$0,$1,$2,$141,$17,$0,$0,$0,$18,$0,$-1189,$-0,$124,$141,$-50,$-0,$3,$3,$-2,$-0,$1,$-0,$-3,$-50,$-1,$0,$0,$8,$0,$8,$0,$7,$0,$0,$0,$70,$70,$0,$0,$70,$27,$3,$0
2,2018-03-31,3.54,$0.49,7.26,$0.01,0.0,$-1.55,0.0,$-0.65,0.0,$0.10B,$0.02B,5.14,$0.00B,$0.08B,0.0,$0.00B,$0.00B,100.00%,$0.00B,$-0.09B,-8800.00%,$0.00B,$-0.09B,-8800.00%,$0.00B,$-0.09B,-8800.00%,$0.00B,$-0.09B,-8700.00%,$0.00B,$-0.09B,-8700.00%,$-0.09B,$0.08B,-113.36%,$-0.09B,$0.08B,-113.36%,$-0.09B,$0.10B,-93.05%,$-0.09B,$0.08B,-114.66%,$0,$0,$0,$11,$13,$25,$-25,$0,$-24,$0,$-24,$-24,$-24,$-25,$-25,$147,147,$-0.17,$-0.17,$94,$0,$0,$97,$1,$0,$0,$1,$2,$99,$19,$0,$0,$0,$19,$0,$-1163,$-0,$80,$99,$-24,$-0,$2,$2,$0,$0,$-0,$-1,$-1,$-23,$-0,$0,$0,$23,$0,$23,$0,$23,$0,$0,$0,$2,$2,$0,$0,$2,$2,$2,$0
3,2017-12-31,3.88,$0.69,5.66,$0.04,100.07,$-1.57,0.0,$-0.61,0.0,$0.12B,$0.02B,6.4,$0.00B,$0.10B,0.0,$0.01B,$0.01B,100.00%,$0.01B,$-0.08B,-1580.00%,$0.01B,$-0.08B,-1580.00%,$0.01B,$-0.08B,-1580.00%,$0.01B,$-0.08B,-1560.00%,$0.01B,$-0.08B,-1560.00%,$-0.08B,$0.10B,-100.32%,$-0.08B,$0.10B,-100.32%,$-0.08B,$0.12B,-82.98%,$-0.08B,$0.10B,-101.61%,$0,$0,$0,$12,$15,$26,$-26,$0,$-26,$0,$-26,$-26,$-26,$-26,$-26,$126,126,$-0.19,$-0.19,$116,$0,$0,$117,$1,$0,$0,$1,$2,$119,$18,$0,$0,$0,$18,$0,$-1139,$-0,$101,$119,$-78,$0,$6,$6,$0,$0,$-3,$-7,$-5,$-78,$1,$0,$0,$-20,$0,$-20,$0,$-19,$0,$0,$0,$118,$118,$0,$0,$118,$21,$6,$0
4,2017-09-30,2.54,$0.38,6.62,$0.07,36.0,$-1.77,0.0,$-0.59,0.0,$0.07B,$0.02B,4.64,$0.00B,$0.06B,0.0,$0.01B,$0.01B,100.00%,$0.01B,$-0.07B,-862.50%,$0.01B,$-0.07B,-862.50%,$0.01B,$-0.07B,-862.50%,$0.01B,$-0.07B,-850.00%,$0.01B,$-0.07B,-850.00%,$-0.07B,$0.06B,-102.64%,$-0.07B,$0.06B,-102.64%,$-0.07B,$0.07B,-81.19%,$-0.07B,$0.06B,-104.15%,$1,$0,$1,$11,$8,$19,$-18,$0,$-18,$0,$-18,$-18,$-18,$-18,$-18,$125,125,$-0.14,$-0.14,$68,$0,$0,$70,$1,$0,$0,$1,$2,$71,$15,$0,$0,$0,$15,$0,$-1113,$-0,$56,$71,$-52,$0,$3,$3,$0,$0,$-3,$-5,$-9,$-58,$1,$0,$0,$15,$0,$15,$0,$16,$0,$0,$0,$50,$50,$0,$0,$50,$8,$3,$0
5,2017-06-30,2.73,$0.56,4.88,$0.10,26.58,$-1.98,0.0,$-0.69,0.0,$0.08B,$0.02B,5.28,$0.00B,$0.07B,0.0,$0.01B,$0.01B,100.00%,$0.01B,$-0.07B,-672.73%,$0.01B,$-0.07B,-672.73%,$0.01B,$-0.07B,-672.73%,$0.01B,$-0.07B,-663.64%,$0.01B,$-0.07B,-663.64%,$-0.07B,$0.07B,-106.18%,$-0.07B,$0.07B,-106.18%,$-0.07B,$0.09B,-82.72%,$-0.07B,$0.07B,-107.25%,$0,$0,$0,$12,$8,$19,$-19,$0,$-19,$0,$-19,$-19,$-19,$-19,$-19,$123,123,$-0.16,$-0.16,$82,$0,$0,$84,$1,$0,$0,$1,$2,$85,$16,$0,$0,$0,$16,$0,$-1095,$-0,$70,$85,$-34,$0,$2,$2,$0,$0,$-4,$-3,$-8,$-40,$1,$0,$0,$8,$0,$8,$0,$8,$0,$0,$0,$47,$47,$0,$0,$47,$15,$2,$0
6,2017-03-31,3.31,$0.69,4.82,$0.20,16.92,$-2.11,0.0,$-0.68,0.0,$0.10B,$0.02B,5.77,$0.00B,$0.08B,0.0,$0.02B,$0.02B,100.00%,$0.02B,$-0.07B,-345.00%,$0.02B,$-0.07B,-345.00%,$0.02B,$-0.07B,-340.00%,$0.02B,$-0.07B,-340.00%,$0.02B,$-0.07B,-340.00%,$-0.07B,$0.08B,-97.49%,$-0.07B,$0.08B,-97.49%,$-0.07B,$0.10B,-74.11%,$-0.07B,$0.08B,-97.87%,$4,$0,$4,$12,$7,$20,$-16,$1,$-15,$0,$-15,$-15,$-15,$-16,$-16,$114,114,$-0.13,$-0.13,$98,$0,$0,$100,$1,$0,$0,$1,$2,$101,$17,$0,$0,$0,$17,$0,$-1076,$-0,$84,$101,$-15,$0,$1,$1,$0,$0,$-4,$-1,$-6,$-21,$1,$0,$0,$-1,$0,$-1,$0,$-0,$0,$0,$0,$43,$43,$0,$0,$43,$23,$1,$0
7,2016-12-31,2.38,$0.55,4.29,$0.22,10.84,$-2.18,0.0,$-0.74,0.0,$0.08B,$0.02B,3.37,$0.00B,$0.06B,0.0,$0.02B,$0.02B,100.00%,$0.02B,$-0.07B,-338.10%,$0.02B,$-0.07B,-338.10%,$0.02B,$-0.07B,-328.57%,$0.02B,$-0.07B,-333.33%,$0.02B,$-0.07B,-333.33%,$-0.07B,$0.06B,-103.70%,$-0.07B,$0.06B,-103.70%,$-0.07B,$0.08B,-74.87%,$-0.07B,$0.06B,-102.90%,$3,$0,$3,$12,$7,$19,$-16,$0,$-16,$0,$-16,$-16,$-16,$-16,$-16,$94,94,$-0.15,$-0.15,$75,$0,$0,$76,$1,$0,$0,$1,$2,$78,$23,$0,$0,$1,$23,$0,$-1061,$-0,$55,$78,$-69,$1,$8,$9,$0,$0,$3,$-17,$-16,$-76,$-1,$0,$0,$26,$0,$26,$0,$25,$0,$0,$0,$25,$25,$0,$0,$25,$-26,$7,$0
8,2016-09-30,3.67,$0.67,5.51,$0.28,12.91,$-1.64,0.0,$-0.72,0.0,$0.09B,$0.02B,4.2,$0.00B,$0.07B,0.02,$0.03B,$0.03B,100.00%,$0.03B,$-0.07B,-251.85%,$0.03B,$-0.07B,-251.85%,$0.03B,$-0.07B,-240.74%,$0.03B,$-0.07B,-248.15%,$0.03B,$-0.07B,-248.15%,$-0.07B,$0.07B,-87.58%,$-0.07B,$0.07B,-87.58%,$-0.07B,$0.09B,-62.62%,$-0.07B,$0.07B,-86.08%,$4,$0,$4,$16,$5,$26,$-23,$0,$-23,$0,$-23,$-23,$-23,$-23,$-23,$95,95,$-0.24,$-0.24,$85,$0,$0,$87,$1,$0,$0,$1,$2,$89,$21,$1,$0,$2,$23,$0,$-1045,$0,$66,$89,$-54,$1,$5,$6,$0,$0,$-1,$-16,$-16,$-63,$-1,$0,$0,$24,$0,$24,$0,$23,$0,$0,$0,$23,$23,$0,$0,$23,$-18,$5,$0
9,2016-06-30,2.23,$0.78,2.86,$0.39,5.69,$-1.08,0.0,$-0.56,0.0,$0.10B,$0.02B,4.4,$0.00B,$0.07B,0.03,$0.04B,$0.04B,100.00%,$0.04B,$-0.05B,-144.44%,$0.04B,$-0.05B,-144.44%,$0.04B,$-0.05B,-133.33%,$0.04B,$-0.05B,-141.67%,$0.04B,$-0.05B,-141.67%,$-0.05B,$0.07B,-60.71%,$-0.05B,$0.07B,-60.71%,$-0.05B,$0.10B,-42.68%,$-0.05B,$0.08B,-59.43%,$9,$0,$9,$17,$5,$22,$-14,$0,$-14,$0,$-14,$-14,$-14,$-13,$-14,$92,92,$-0.15,$-0.15,$95,$0,$0,$97,$2,$0,$0,$1,$2,$99,$22,$2,$0,$4,$26,$0,$-1023,$0,$74,$99,$-31,$1,$3,$4,$0,$0,$-1,$-11,$-14,$-41,$-1,$0,$0,$13,$0,$13,$0,$12,$0,$0,$0,$10,$10,$0,$0,$10,$-19,$3,$0
10,2016-03-31,2.08,$0.82,2.54,$0.36,5.81,$-0.64,0.0,$-0.57,0.0,$0.11B,$0.03B,3.81,$0.00B,$0.08B,0.04,$0.03B,$0.03B,100.00%,$0.03B,$-0.05B,-162.50%,$0.03B,$-0.05B,-162.50%,$0.03B,$-0.05B,-153.13%,$0.03B,$-0.05B,-159.38%,$0.03B,$-0.05B,-159.38%,$-0.05B,$0.08B,-56.20%,$-0.05B,$0.08B,-56.20%,$-0.05B,$0.11B,-38.71%,$-0.05B,$0.08B,-54.74%,$5,$0,$5,$18,$4,$23,$-18,$0,$-17,$0,$-17,$-17,$-17,$-17,$-18,$91,91,$-0.19,$-0.19,$104,$0,$0,$106,$2,$0,$0,$1,$3,$108,$28,$3,$0,$5,$33,$0,$-1009,$0,$75,$108,$-17,$0,$1,$2,$0,$0,$-0,$-5,$-7,$-22,$-0,$0,$0,$-6,$0,$-6,$0,$-7,$0,$0,$0,$0,$0,$0,$0,$0,$-29,$1,$0
11,2015-12-31,3.03,$1.01,3.0,$0.33,9.27,$-0.18,0.0,$-0.59,0.0,$0.13B,$0.03B,3.82,$0.00B,$0.09B,0.04,$0.03B,$0.03B,100.00%,$0.03B,$-0.05B,-179.31%,$0.03B,$-0.05B,-179.31%,$0.03B,$-0.05B,-172.41%,$0.03B,$-0.05B,-179.31%,$0.03B,$-0.05B,-179.31%,$-0.05B,$0.09B,-52.00%,$-0.05B,$0.09B,-52.00%,$-0.05B,$0.13B,-35.56%,$-0.05B,$0.10B,-49.52%,$9,$0,$9,$17,$5,$21,$-13,$0,$-13,$0,$-13,$-13,$-13,$-12,$-13,$88,88,$-0.13,$-0.13,$126,$0,$0,$129,$2,$0,$0,$1,$3,$132,$34,$3,$0,$7,$40,$0,$-992,$-0,$91,$132,$-51,$1,$7,$9,$6,$0,$1,$8,$19,$-23,$-0,$0,$0,$45,$0,$45,$0,$45,$0,$0,$0,$7,$7,$0,$0,$7,$28,$7,$0
12,2015-09-30,2.46,$1.09,2.26,$0.23,10.68,$-0.71,0.0,$-0.70,0.0,$0.14B,$0.04B,3.91,$0.00B,$0.10B,0.04,$0.02B,$0.02B,100.00%,$0.02B,$-0.07B,-350.00%,$0.02B,$-0.06B,-305.00%,$0.02B,$-0.07B,-340.00%,$0.02B,$-0.06B,-305.00%,$0.02B,$-0.06B,-305.00%,$-0.06B,$0.10B,-55.84%,$-0.06B,$0.10B,-55.84%,$-0.06B,$0.14B,-40.20%,$-0.07B,$0.10B,-60.87%,$13,$0,$13,$16,$4,$20,$-7,$0,$-7,$0,$-7,$-7,$-7,$-6,$-7,$89,89,$-0.08,$-0.08,$134,$0,$0,$136,$2,$0,$0,$1,$3,$139,$35,$4,$0,$8,$43,$0,$-979,$0,$96,$139,$-39,$1,$6,$7,$6,$0,$-1,$14,$22,$-10,$-0,$0,$0,$32,$0,$32,$0,$32,$0,$0,$0,$1,$1,$0,$0,$1,$23,$6,$0
13,2015-06-30,3.21,$1.14,2.81,$0.08,38.42,$-1.22,0.0,$-0.86,0.0,$0.15B,$0.03B,4.26,$0.01B,$0.10B,0.05,$0.01B,$0.01B,100.00%,$0.01B,$-0.08B,-1200.00%,$0.01B,$-0.08B,-1071.43%,$0.01B,$-0.08B,-1171.43%,$0.01B,$-0.08B,-1071.43%,$0.01B,$-0.08B,-1071.43%,$-0.08B,$0.10B,-61.48%,$-0.08B,$0.10B,-61.48%,$-0.08B,$0.15B,-47.54%,$-0.08B,$0.11B,-66.40%,$5,$0,$5,$15,$4,$19,$-14,$0,$-14,$0,$-14,$-14,$-14,$-14,$-14,$88,88,$-0.16,$-0.16,$144,$0,$0,$146,$2,$0,$0,$1,$3,$148,$34,$5,$0,$13,$47,$0,$-972,$0,$101,$148,$-32,$1,$4,$5,$5,$0,$-1,$21,$27,$-0,$-0,$0,$0,$1,$0,$1,$0,$1,$0,$0,$0,$1,$1,$0,$0,$1,$2,$4,$0
14,2015-03-31,3.57,$1.27,2.81,$0.02,144.31,$-1.64,0.0,$-0.99,0.0,$0.16B,$0.03B,4.73,$0.01B,$0.11B,0.05,$0.00B,$0.00B,100.00%,$0.00B,$-0.10B,-4750.00%,$0.00B,$-0.09B,-4300.00%,$0.00B,$-0.09B,-4650.00%,$0.00B,$-0.09B,-4300.00%,$0.00B,$-0.09B,-4300.00%,$-0.09B,$0.11B,-62.21%,$-0.09B,$0.11B,-62.21%,$-0.09B,$0.17B,-51.73%,$-0.10B,$0.12B,-67.14%,$2,$0,$2,$16,$5,$20,$-18,$0,$-18,$0,$-18,$-18,$-18,$-18,$-18,$88,88,$-0.21,$-0.21,$161,$0,$0,$163,$2,$0,$0,$1,$3,$166,$34,$6,$0,$19,$54,$0,$-958,$0,$112,$166,$-18,$0,$2,$2,$6,$0,$-0,$27,$34,$18,$-0,$0,$0,$10,$0,$10,$0,$10,$0,$0,$0,$0,$0,$0,$0,$0,$28,$2,$0
15,2014-12-31,2.27,$1.46,1.56,0,0.0,$-2.03,0.0,$-1.03,0.0,$0.15B,$0.01B,10.73,$0.01B,$0.13B,0.05,$0.00B,0,nan%,$0.00B,$-0.10B,inf%,$0.00B,$-0.09B,inf%,$0.00B,$-0.10B,inf%,$0.00B,$-0.09B,inf%,$0.00B,$-0.09B,inf%,$-0.09B,$0.13B,-57.23%,$-0.09B,$0.13B,-57.23%,$-0.09B,$0.15B,-51.28%,$-0.10B,$0.14B,-62.26%,$0,$0,$0,$15,$7,$31,$-31,$0,$-22,$0,$-22,$-22,$-22,$-30,$-22,$88,88,$-0.26,$-0.26,$143,$0,$0,$151,$3,$0,$0,$1,$4,$154,$14,$6,$0,$12,$26,$0,$-940,$-0,$128,$154,$-91,$2,$19,$21,$0,$0,$-2,$-0,$-0,$-70,$-0,$0,$0,$63,$0,$63,$0,$63,$0,$0,$0,$1,$1,$0,$0,$1,$-6,$10,$0
16,2014-09-30,1.94,$1.67,1.16,$0.07,29.45,$-2.23,0.0,$-0.97,0.0,$0.16B,$0.01B,15.58,$0.00B,$0.15B,0.0,$0.01B,$0.01B,100.00%,$0.01B,$-0.09B,-1416.67%,$0.01B,$-0.09B,-1416.67%,$0.01B,$-0.08B,-1383.33%,$0.01B,$-0.09B,-1416.67%,$0.01B,$-0.09B,-1416.67%,$-0.09B,$0.15B,-47.95%,$-0.09B,$0.15B,-47.95%,$-0.09B,$0.16B,-43.93%,$-0.09B,$0.15B,-47.95%,$0,$0,$0,$16,$5,$21,$-21,$0,$-21,$0,$-21,$-21,$-21,$-20,$-21,$88,88,$-0.24,$-0.24,$158,$0,$0,$159,$3,$0,$0,$1,$4,$163,$10,$0,$0,$6,$16,$0,$-918,$0,$147,$163,$-69,$2,$7,$8,$6,$0,$-3,$0,$6,$-55,$-0,$0,$0,$46,$0,$46,$0,$46,$0,$0,$0,$1,$1,$0,$0,$1,$-8,$7,$0
17,2014-06-30,3.63,$1.89,1.92,$0.07,55.11,$-2.39,0.0,$-1.00,0.0,$0.18B,$0.01B,17.64,$0.00B,$0.17B,0.0,$0.01B,$0.01B,100.00%,$0.01B,$-0.09B,-1466.67%,$0.01B,$-0.09B,-1466.67%,$0.01B,$-0.09B,-1433.33%,$0.01B,$-0.09B,-1466.67%,$0.01B,$-0.09B,-1466.67%,$-0.09B,$0.17B,-44.84%,$-0.09B,$0.17B,-44.84%,$-0.09B,$0.18B,-41.36%,$-0.09B,$0.17B,-44.84%,$0,$0,$0,$20,$5,$25,$-25,$0,$-25,$0,$-25,$-25,$-25,$-25,$-25,$88,88,$-0.29,$-0.29,$176,$0,$0,$178,$3,$0,$0,$1,$5,$182,$10,$0,$0,$7,$17,$0,$-897,$0,$166,$182,$-48,$1,$4,$6,$6,$0,$-2,$0,$6,$-36,$-0,$0,$0,$39,$0,$39,$0,$39,$0,$0,$0,$1,$1,$0,$0,$1,$3,$4,$0
18,2014-03-31,3.88,$2.15,1.8,$0.08,47.35,$-2.51,0.0,$-0.97,0.0,$0.20B,$0.01B,25.15,$0.00B,$0.19B,0.0,$0.01B,$0.01B,100.00%,$0.01B,$-0.09B,-1228.57%,$0.01B,$-0.09B,-1228.57%,$0.01B,$-0.08B,-1185.71%,$0.01B,$-0.09B,-1228.57%,$0.01B,$-0.09B,-1228.57%,$-0.09B,$0.19B,-39.81%,$-0.09B,$0.19B,-39.81%,$-0.09B,$0.20B,-36.95%,$-0.09B,$0.19B,-39.81%,$0,$0,$0,$17,$6,$22,$-22,$0,$-22,$0,$-22,$-22,$-22,$-22,$-22,$88,88,$-0.25,$-0.25,$195,$0,$0,$198,$4,$0,$0,$1,$5,$203,$8,$0,$0,$7,$15,$0,$-872,$0,$188,$203,$-22,$1,$2,$3,$6,$0,$-3,$-0,$3,$-16,$-0,$0,$0,$11,$0,$11,$0,$10,$0,$0,$0,$0,$0,$0,$0,$0,$-6,$2,$0
19,2013-12-31,2.85,$2.38,1.2,$0.08,34.78,$-2.62,0.0,$-1.01,0.0,$0.22B,$0.01B,21.38,$0.00B,$0.21B,0.0,$0.01B,$0.01B,100.00%,$0.01B,$-0.09B,-1285.71%,$0.01B,$-0.09B,-1285.71%,$0.01B,$-0.09B,-1228.57%,$0.01B,$-0.09B,-1285.71%,$0.01B,$-0.09B,-1285.71%,$-0.09B,$0.21B,-38.26%,$-0.09B,$0.21B,-38.26%,$-0.09B,$0.23B,-35.61%,$-0.09B,$0.21B,-38.26%,$6,$0,$6,$18,$5,$23,$-17,$0,$-17,$0,$-17,$-17,$-17,$-16,$-17,$87,87,$-0.20,$-0.20,$212,$0,$0,$220,$4,$0,$0,$2,$6,$226,$10,$0,$0,$8,$18,$0,$-849,$0,$208,$226,$-89,$3,$7,$10,$-6,$0,$2,$1,$-7,$-86,$-1,$0,$0,$74,$0,$74,$0,$72,$0,$0,$0,$1,$1,$0,$0,$1,$-13,$7,$0
20,2013-09-30,3.58,$2.56,1.4,$0.02,222.85,$-2.80,0.0,$-1.12,0.0,$0.23B,$0.01B,28.06,$0.00B,$0.22B,0.0,$0.00B,$0.00B,100.00%,$0.00B,$-0.10B,-9900.00%,$0.00B,$-0.10B,-9900.00%,$0.00B,$-0.10B,-9500.00%,$0.00B,$-0.10B,-9800.00%,$0.00B,$-0.10B,-9800.00%,$-0.10B,$0.22B,-38.36%,$-0.10B,$0.22B,-38.36%,$-0.10B,$0.24B,-35.80%,$-0.10B,$0.22B,-38.75%,$0,$0,$0,$18,$5,$24,$-24,$0,$-24,$0,$-24,$-24,$-24,$-23,$-24,$87,87,$-0.27,$-0.27,$231,$0,$0,$233,$5,$0,$0,$2,$7,$240,$8,$0,$0,$8,$16,$0,$-832,$0,$223,$240,$-72,$2,$6,$8,$0,$0,$-1,$2,$-3,$-67,$-1,$0,$0,$50,$0,$50,$0,$49,$0,$0,$0,$1,$1,$0,$0,$1,$-17,$6,$0
21,2013-06-30,3.34,$2.80,1.19,$0.02,207.91,$-2.95,0.0,$-1.21,0.0,$0.26B,$0.01B,30.05,$0.00B,$0.25B,0.0,$0.00B,$0.00B,100.00%,$0.00B,$-0.10B,-10100.00%,$0.00B,$-0.10B,-10100.00%,$0.00B,$-0.10B,-9700.00%,$0.00B,$-0.10B,-9900.00%,$0.00B,$-0.10B,-9900.00%,$-0.10B,$0.25B,-40.66%,$-0.10B,$0.25B,-40.66%,$-0.10B,$0.26B,-37.75%,$-0.10B,$0.25B,-41.48%,$1,$0,$1,$19,$5,$24,$-23,$0,$-23,$0,$-23,$-23,$-23,$-22,$-23,$87,87,$-0.26,$-0.26,$252,$0,$0,$255,$5,$0,$0,$2,$7,$262,$8,$0,$0,$8,$17,$0,$-809,$0,$245,$262,$-48,$1,$4,$5,$0,$0,$0,$1,$-3,$-46,$-1,$0,$0,$35,$0,$35,$0,$34,$0,$0,$0,$1,$1,$0,$0,$1,$-12,$4,$0
22,2013-03-31,6.8,$3.04,2.23,$0.02,323.94,$-3.05,0.0,$-1.30,0.0,$0.28B,$0.01B,30.07,$0.00B,$0.27B,0.0,$0.00B,$0.00B,100.00%,$0.00B,$-0.10B,-5150.00%,$0.00B,$-0.10B,-5150.00%,$0.00B,$-0.10B,-4950.00%,$0.00B,$-0.10B,-5050.00%,$0.00B,$-0.10B,-5050.00%,$-0.10B,$0.27B,-43.68%,$-0.10B,$0.27B,-43.68%,$-0.10B,$0.28B,-40.36%,$-0.10B,$0.27B,-44.54%,$0,$0,$0,$20,$5,$26,$-26,$0,$-26,$0,$-26,$-26,$-26,$-25,$-26,$87,87,$-0.29,$-0.29,$272,$0,$0,$275,$6,$0,$0,$2,$8,$283,$9,$0,$0,$8,$18,$0,$-786,$0,$265,$283,$-26,$1,$2,$2,$0,$0,$0,$1,$-2,$-25,$-1,$0,$0,$26,$0,$26,$0,$26,$0,$0,$0,$0,$0,$0,$0,$0,$1,$2,$0
23,2012-12-31,6.5,$3.32,1.96,$0.03,206.4,$-3.11,0.0,$-1.33,0.0,$0.30B,$0.01B,24.78,$0.00B,$0.29B,0.0,$0.00B,$0.00B,100.00%,$0.00B,$-0.10B,-3333.33%,$0.00B,$-0.10B,-3333.33%,$0.00B,$-0.10B,-3233.33%,$0.00B,$-0.10B,-3266.67%,$0.00B,$-0.10B,-3266.67%,$-0.10B,$0.29B,-44.70%,$-0.10B,$0.29B,-44.70%,$-0.10B,$0.31B,-41.18%,$-0.10B,$0.29B,-45.61%,$0,$0,$0,$20,$6,$26,$-26,$0,$-25,$0,$-25,$-25,$-25,$-25,$-26,$75,75,$-0.29,$-0.29,$298,$0,$0,$302,$6,$0,$0,$2,$8,$310,$12,$0,$0,$9,$21,$0,$-760,$0,$289,$310,$-99,$2,$13,$15,$0,$0,$0,$-2,$-1,$-85,$-3,$0,$0,$-36,$0,$-36,$0,$-39,$0,$0,$0,$139,$139,$0,$0,$139,$15,$13,$0
24,2012-09-30,10.24,$2.44,4.2,$0.03,325.16,$-3.06,0.0,$-1.39,0.0,$0.19B,$0.01B,17.63,$0.00B,$0.18B,0.0,$0.00B,$0.00B,100.00%,$0.00B,$-0.10B,-3333.33%,$0.00B,$-0.10B,-3333.33%,$0.00B,$-0.10B,-3233.33%,$0.00B,$-0.10B,-3300.00%,$0.00B,$-0.10B,-3300.00%,$-0.10B,$0.18B,-48.06%,$-0.10B,$0.18B,-48.06%,$-0.10B,$0.19B,-44.05%,$-0.10B,$0.18B,-48.54%,$0,$0,$0,$20,$5,$26,$-26,$0,$-25,$0,$-25,$-25,$-25,$-25,$-26,$72,72,$-0.36,$-0.36,$184,$0,$0,$187,$6,$0,$0,$2,$8,$194,$11,$0,$0,$9,$20,$0,$-735,$0,$175,$194,$-73,$2,$9,$11,$0,$0,$-0,$-0,$-1,$-64,$-3,$0,$0,$72,$0,$72,$0,$69,$0,$0,$0,$3,$3,$0,$0,$3,$8,$9,$0
25,2012-06-30,9.3,$2.73,3.4,$0.09,100.39,$-2.87,0.0,$-1.28,0.0,$0.21B,$0.01B,21.72,$0.00B,$0.20B,0.0,$0.01B,$0.01B,100.00%,$0.01B,$-0.09B,-1314.29%,$0.01B,$-0.09B,-1314.29%,$0.01B,$-0.09B,-1285.71%,$0.01B,$-0.09B,-1314.29%,$0.01B,$-0.09B,-1314.29%,$-0.09B,$0.20B,-40.57%,$-0.09B,$0.20B,-40.57%,$-0.09B,$0.21B,-37.51%,$-0.09B,$0.20B,-40.57%,$2,$0,$2,$21,$5,$26,$-25,$0,$-25,$0,$-25,$-25,$-25,$-24,$-25,$71,71,$-0.35,$-0.35,$203,$0,$0,$206,$6,$0,$0,$2,$8,$214,$10,$0,$0,$9,$19,$0,$-709,$0,$196,$214,$-48,$1,$6,$7,$0,$0,$0,$-1,$-3,$-44,$-2,$0,$0,$53,$0,$53,$0,$50,$0,$0,$0,$1,$1,$0,$0,$1,$8,$6,$0
26,2012-03-31,8.05,$3.03,2.66,$0.08,102.65,$-2.90,0.0,$-1.30,0.0,$0.23B,$0.01B,28.12,$0.00B,$0.22B,0.0,$0.01B,$0.01B,100.00%,$0.01B,$-0.09B,-1780.00%,$0.01B,$-0.09B,-1780.00%,$0.01B,$-0.09B,-1740.00%,$0.01B,$-0.09B,-1760.00%,$0.01B,$-0.09B,-1760.00%,$-0.09B,$0.22B,-35.77%,$-0.09B,$0.22B,-35.77%,$-0.09B,$0.23B,-33.30%,$-0.09B,$0.22B,-36.18%,$1,$0,$1,$18,$6,$24,$-23,$0,$-23,$0,$-23,$-23,$-23,$-23,$-23,$71,71,$-0.32,$-0.32,$223,$0,$0,$226,$6,$0,$0,$2,$8,$234,$8,$0,$0,$9,$17,$0,$-685,$0,$217,$234,$-23,$1,$3,$4,$0,$0,$0,$-0,$-4,$-23,$-2,$0,$0,$28,$0,$28,$0,$26,$0,$0,$0,$0,$0,$0,$0,$0,$3,$3,$0
27,2011-12-31,7.89,$3.31,2.38,$0.07,116.16,$-2.96,0.0,$-1.38,0.0,$0.25B,$0.01B,21.71,$0.00B,$0.24B,0.0,$0.00B,$0.00B,100.00%,$0.00B,$-0.09B,-2175.00%,$0.00B,$-0.09B,-2175.00%,$0.00B,$-0.08B,-2100.00%,$0.00B,$-0.09B,-2150.00%,$0.00B,$-0.09B,-2150.00%,$-0.09B,$0.24B,-37.55%,$-0.09B,$0.24B,-37.55%,$-0.09B,$0.26B,-34.78%,$-0.09B,$0.24B,-37.99%,$0,$0,$0,$20,$6,$26,$-26,$0,$-26,$0,$-26,$-26,$-26,$-25,$-26,$63,63,$-0.34,$-0.34,$248,$0,$0,$250,$5,$0,$0,$2,$7,$257,$12,$0,$0,$9,$21,$0,$-661,$0,$236,$257,$-86,$2,$13,$15,$0,$0,$0,$1,$1,$-69,$-2,$0,$0,$-61,$0,$-61,$0,$-63,$-1,$0,$-1,$143,$143,$0,$0,$142,$10,$13,$0
28,2011-09-30,7.36,$3.62,2.03,$0.07,108.36,$-1.01,0.0,$-1.35,0.0,$0.27B,$0.01B,31.89,$0.00B,$0.26B,0.0,$0.00B,$0.00B,100.00%,$0.00B,$-0.08B,-2025.00%,$0.00B,$-0.08B,-2025.00%,$0.00B,$-0.08B,-1950.00%,$0.00B,$-0.08B,-1925.00%,$0.00B,$-0.08B,-1925.00%,$-0.08B,$0.26B,-36.41%,$-0.08B,$0.26B,-36.41%,$-0.08B,$0.28B,-33.51%,$-0.08B,$0.26B,-38.30%,$4,$0,$4,$17,$5,$22,$-18,$0,$-18,$0,$-18,$-18,$-18,$-18,$-18,$71,71,$-0.25,$-0.25,$266,$0,$0,$269,$5,$0,$0,$2,$7,$276,$8,$0,$0,$9,$18,$0,$-636,$-0,$258,$276,$-60,$1,$10,$12,$0,$0,$-0,$0,$-2,$-51,$-2,$0,$0,$-79,$0,$-79,$0,$-81,$-1,$0,$-1,$142,$142,$0,$0,$141,$10,$10,$0
29,2011-06-30,9.17,$3.83,2.39,$1.38,6.66,$0.37,24.68,$-0.14,0.0,$0.28B,$0.01B,36.3,$0.00B,$0.27B,0.0,$0.07B,$0.07B,100.00%,$0.07B,$-0.01B,-18.06%,$0.07B,$-0.01B,-18.06%,$0.07B,$-0.01B,-12.50%,$0.07B,$-0.01B,-12.50%,$0.07B,$-0.01B,-12.50%,$-0.01B,$0.27B,-4.69%,$-0.01B,$0.27B,-4.69%,$-0.01B,$0.29B,-4.27%,$-0.01B,$0.27B,-6.78%,$0,$0,$0,$17,$5,$22,$-22,$0,$-21,$0,$-21,$-21,$-21,$-21,$-22,$58,58,$-0.37,$-0.37,$279,$0,$0,$283,$5,$0,$0,$2,$7,$290,$8,$0,$0,$9,$17,$0,$-618,$0,$273,$290,$-42,$1,$7,$8,$0,$0,$0,$-0,$-4,$-38,$-2,$0,$0,$-68,$0,$-68,$0,$-69,$-0,$0,$-0,$142,$142,$0,$0,$141,$34,$7,$0
30,2011-03-31,7.11,$2.86,2.49,$2.31,3.08,$2.07,3.43,$0.75,9.48,$0.16B,$0.01B,22.5,$0.00B,$0.15B,0.0,$0.12B,$0.12B,100.00%,$0.12B,$0.04B,29.75%,$0.12B,$0.04B,29.75%,$0.12B,$0.04B,32.23%,$0.12B,$0.04B,32.23%,$0.12B,$0.04B,32.23%,$0.04B,$0.15B,25.24%,$0.04B,$0.15B,25.24%,$0.04B,$0.17B,20.80%,$0.04B,$0.15B,23.26%,$0,$0,$0,$15,$6,$21,$-21,$0,$-21,$0,$-21,$-21,$-21,$-20,$-21,$52,52,$-0.40,$-0.40,$156,$0,$0,$158,$5,$0,$0,$2,$7,$166,$7,$0,$0,$9,$16,$0,$-596,$0,$149,$166,$-21,$0,$4,$4,$0,$0,$-0,$-0,$-4,$-21,$-1,$0,$0,$39,$0,$39,$0,$38,$-0,$0,$-0,$0,$0,$0,$0,$-0,$17,$4,$0
31,2010-12-31,7.53,$3.18,2.37,$2.37,3.17,$2.03,3.7,$0.72,10.46,$0.18B,$0.01B,15.89,$0.00B,$0.17B,0.0,$0.12B,$0.12B,100.00%,$0.12B,$0.04B,28.23%,$0.12B,$0.04B,28.23%,$0.12B,$0.04B,29.84%,$0.12B,$0.04B,30.65%,$0.12B,$0.04B,30.65%,$0.04B,$0.17B,27.05%,$0.04B,$0.17B,27.05%,$0.04B,$0.19B,18.98%,$0.04B,$0.17B,24.87%,$0,$0,$0,$14,$6,$20,$-20,$2,$-17,$0,$-17,$-17,$-17,$-19,$-20,$52,53,$-0.33,$-0.32,$177,$0,$0,$180,$5,$0,$0,$2,$7,$187,$11,$0,$0,$9,$21,$0,$-575,$-0,$166,$187,$38,$1,$16,$18,$0,$0,$-2,$-3,$-9,$47,$-4,$0,$0,$-50,$0,$-50,$0,$-53,$-1,$0,$-1,$2,$2,$0,$0,$1,$-6,$16,$0
32,2010-09-30,8.41,$3.43,2.45,$2.37,3.54,$-1.31,0.0,$0.57,14.75,$0.20B,$0.01B,15.05,$0.00B,$0.18B,0.0,$0.12B,$0.12B,100.00%,$0.12B,$0.03B,22.58%,$0.12B,$0.03B,23.39%,$0.12B,$0.03B,23.39%,$0.12B,$0.03B,24.19%,$0.12B,$0.03B,24.19%,$0.03B,$0.18B,23.72%,$0.03B,$0.18B,23.72%,$0.03B,$0.20B,15.89%,$0.03B,$0.18B,22.05%,$72,$0,$72,$16,$6,$22,$50,$0,$50,$0,$50,$50,$50,$51,$50,$52,53,$0.97,$0.96,$168,$0,$0,$195,$4,$0,$0,$2,$6,$201,$13,$0,$0,$9,$22,$0,$-558,$0,$179,$201,$55,$1,$13,$14,$-25,$0,$-0,$-3,$-32,$36,$-3,$0,$0,$-27,$0,$-27,$0,$-29,$-1,$0,$-1,$1,$1,$0,$0,$0,$7,$13,$0
33,2010-06-30,7.2,$2.39,3.02,$1.00,7.17,$-4.03,0.0,$-1.09,0.0,$0.19B,$0.06B,3.05,$0.00B,$0.12B,0.0,$0.05B,$0.05B,100.00%,$0.05B,$-0.05B,-94.23%,$0.05B,$-0.05B,-92.31%,$0.05B,$-0.05B,-92.31%,$0.05B,$-0.05B,-90.38%,$0.05B,$-0.05B,-90.38%,$-0.05B,$0.12B,-41.14%,$-0.05B,$0.12B,-41.14%,$-0.05B,$0.20B,-26.18%,$-0.05B,$0.13B,-42.61%,$49,$0,$49,$17,$6,$22,$27,$0,$27,$0,$27,$27,$27,$27,$27,$52,53,$0.52,$0.51,$187,$0,$0,$190,$3,$0,$0,$2,$6,$196,$62,$0,$0,$9,$71,$0,$-609,$0,$124,$196,$5,$1,$9,$9,$0,$0,$-0,$44,$41,$55,$-2,$0,$0,$-37,$0,$-37,$0,$-38,$-1,$0,$-1,$1,$1,$0,$0,$0,$18,$9,$0
34,2010-03-31,7.97,$1.79,4.46,$0.06,127.0,$-6.53,0.0,$-2.42,0.0,$0.21B,$0.12B,1.84,$0.00B,$0.09B,0.01,$0.00B,$0.00B,100.00%,$0.00B,$-0.11B,-3533.33%,$0.00B,$-0.11B,-3500.00%,$0.00B,$-0.11B,-3500.00%,$0.00B,$-0.10B,-3466.67%,$0.00B,$-0.10B,-3466.67%,$-0.10B,$0.09B,-108.05%,$-0.10B,$0.09B,-108.05%,$-0.10B,$0.22B,-68.20%,$-0.11B,$0.09B,-109.28%,$3,$0,$3,$17,$8,$26,$-22,$0,$-22,$0,$-22,$-22,$-22,$-22,$-22,$52,52,$-0.43,$-0.43,$110,$0,$0,$212,$2,$0,$0,$2,$5,$217,$115,$1,$0,$9,$124,$0,$-636,$-0,$93,$217,$-22,$0,$5,$5,$-100,$0,$1,$97,$-6,$-23,$-0,$0,$0,$24,$0,$24,$0,$24,$-0,$0,$-0,$0,$0,$0,$0,$-0,$1,$5,$0
35,2009-12-31,9.51,$2.11,4.5,0,0.0,$-6.87,0.0,$-2.81,0.0,$0.14B,$0.02B,7.65,$0.00B,$0.11B,0.01,$0.00B,0,nan%,$0.00B,$-0.11B,inf%,$0.00B,$-0.11B,inf%,$0.00B,$-0.11B,inf%,$0.00B,$-0.11B,inf%,$0.00B,$-0.11B,inf%,$-0.11B,$0.11B,-121.41%,$-0.11B,$0.11B,-121.41%,$-0.11B,$0.14B,-88.36%,$-0.11B,$0.11B,-120.86%,$0,$0,$0,$20,$6,$27,$-27,$1,$-25,$0,$-25,$-25,$-25,$-27,$-26,$41,41,$-0.40,$-0.40,$133,$0,$0,$136,$2,$0,$0,$2,$5,$141,$18,$1,$0,$13,$31,$0,$-613,$-0,$110,$141,$-112,$1,$13,$15,$0,$0,$-3,$-3,$-6,$-103,$-0,$0,$0,$-31,$0,$-31,$0,$-31,$-1,$0,$-1,$104,$104,$0,$0,$102,$-31,$13,$0
36,2009-09-30,8.2,$2.51,3.26,0,0.0,$-7.30,0.0,$-3.24,0.0,$0.16B,$0.02B,7.84,$0.00B,$0.13B,0.01,$0.00B,0,nan%,$0.00B,$-0.12B,inf%,$0.00B,$-0.12B,inf%,$0.00B,$-0.12B,inf%,$0.00B,$-0.12B,inf%,$0.00B,$-0.12B,inf%,$-0.12B,$0.13B,-132.23%,$-0.12B,$0.13B,-132.23%,$-0.12B,$0.16B,-94.12%,$-0.12B,$0.13B,-130.08%,$0,$0,$0,$21,$6,$27,$-27,$0,$-27,$0,$-27,$-27,$-27,$-26,$-27,$38,38,$-0.70,$-0.70,$156,$0,$0,$159,$3,$0,$0,$3,$5,$164,$20,$1,$0,$14,$34,$0,$-588,$0,$130,$164,$-86,$1,$10,$11,$0,$0,$-2,$-3,$-4,$-80,$-0,$0,$0,$27,$0,$27,$0,$27,$-1,$0,$-1,$103,$103,$0,$0,$102,$49,$10,$0
37,2009-06-30,12.12,$1.40,8.65,0,0.0,$-7.35,0.0,$-3.57,0.0,$0.08B,$0.02B,4.23,$0.00B,$0.05B,0.03,$0.00B,0,nan%,$0.00B,$-0.13B,inf%,$0.00B,$-0.13B,inf%,$0.00B,$-0.13B,inf%,$0.00B,$-0.13B,inf%,$0.00B,$-0.13B,inf%,$-0.13B,$0.05B,-143.96%,$-0.13B,$0.05B,-143.96%,$-0.13B,$0.09B,-101.75%,$-0.13B,$0.05B,-142.70%,$0,$0,$0,$25,$5,$30,$-30,$0,$-30,$-0,$-30,$-30,$-30,$-30,$-30,$37,37,$-0.81,$-0.81,$80,$0,$0,$83,$3,$0,$0,$3,$6,$88,$20,$1,$0,$17,$37,$0,$-562,$0,$52,$88,$-60,$1,$6,$7,$0,$0,$-1,$1,$-1,$-54,$-0,$0,$0,$32,$0,$32,$0,$32,$-1,$0,$-1,$1,$1,$0,$0,$0,$-22,$6,$0
38,2009-03-31,6.14,$2.10,2.93,0,0.0,$-7.32,0.0,$-3.69,0.0,$0.11B,$0.02B,5.48,$0.00B,$0.08B,0.02,$0.00B,0,nan%,$0.00B,$-0.14B,inf%,$0.00B,$-0.14B,inf%,$0.00B,$-0.14B,inf%,$0.00B,$-0.14B,inf%,$0.00B,$-0.14B,inf%,$-0.14B,$0.08B,-113.92%,$-0.14B,$0.08B,-113.92%,$-0.14B,$0.11B,-86.82%,$-0.14B,$0.08B,-114.17%,$0,$0,$0,$25,$5,$29,$-29,$-1,$-30,$-0,$-30,$-30,$-30,$-29,$-29,$37,37,$-0.82,$-0.82,$105,$0,$0,$108,$3,$0,$0,$3,$6,$114,$20,$2,$0,$17,$37,$0,$-532,$0,$77,$114,$-30,$0,$2,$3,$0,$0,$1,$0,$-2,$-29,$-0,$0,$0,$20,$0,$20,$0,$20,$-0,$0,$-0,$0,$0,$0,$0,$-0,$-9,$2,$0
39,2008-12-31,8.0,$2.84,2.81,0,0.0,$-7.33,0.0,$-3.66,0.0,$0.14B,$0.02B,5.72,$0.00B,$0.10B,0.02,$0.00B,0,nan%,$0.00B,$-0.14B,inf%,$0.00B,$-0.14B,inf%,$0.00B,$-0.14B,inf%,$0.00B,$-0.13B,inf%,$0.00B,$-0.13B,inf%,$-0.13B,$0.10B,-89.95%,$-0.13B,$0.10B,-89.95%,$-0.13B,$0.14B,-72.73%,$-0.14B,$0.11B,-92.72%,$0,$0,$0,$28,$6,$34,$-34,$1,$-33,$0,$-33,$-33,$-33,$-34,$-34,$36,36,$-0.92,$-0.92,$134,$0,$0,$138,$4,$0,$0,$2,$6,$144,$24,$2,$0,$16,$40,$0,$-502,$0,$104,$144,$-132,$1,$24,$25,$0,$0,$2,$-2,$4,$-104,$-2,$0,$0,$-24,$0,$-24,$0,$-27,$2,$0,$2,$130,$130,$0,$0,$132,$2,$24,$0
40,2008-09-30,23.35,$3.57,6.53,$0.28,84.46,$-6.22,0.0,$-3.36,0.0,$0.16B,$0.02B,7.31,$0.00B,$0.13B,0.01,$0.01B,$0.01B,100.00%,$0.01B,$-0.12B,-1537.50%,$0.01B,$-0.12B,-1537.50%,$0.01B,$-0.12B,-1512.50%,$0.01B,$-0.12B,-1475.00%,$0.01B,$-0.12B,-1475.00%,$-0.12B,$0.13B,-83.54%,$-0.12B,$0.13B,-83.54%,$-0.12B,$0.17B,-67.62%,$-0.12B,$0.13B,-86.62%,$0,$0,$0,$31,$7,$39,$-39,$1,$-38,$0,$-38,$-38,$-38,$-38,$-39,$37,37,$-1.03,$-1.03,$160,$0,$0,$163,$3,$0,$0,$2,$5,$169,$22,$1,$0,$15,$38,$0,$-468,$-0,$131,$169,$-99,$1,$18,$19,$0,$0,$1,$-1,$4,$-76,$-2,$0,$0,$-39,$0,$-39,$0,$-41,$0,$0,$0,$130,$130,$0,$0,$130,$13,$18,$0
41,2008-06-30,22.66,$4.44,5.11,$0.28,81.96,$-5.53,0.0,$-2.94,0.0,$0.19B,$0.02B,11.59,$0.00B,$0.16B,0.01,$0.01B,$0.01B,100.00%,$0.01B,$-0.10B,-1300.00%,$0.01B,$-0.10B,-1300.00%,$0.01B,$-0.10B,-1287.50%,$0.01B,$-0.10B,-1237.50%,$0.01B,$-0.10B,-1237.50%,$-0.10B,$0.16B,-75.00%,$-0.10B,$0.16B,-75.00%,$-0.10B,$0.20B,-61.02%,$-0.10B,$0.16B,-78.34%,$0,$0,$0,$28,$7,$35,$-35,$1,$-34,$0,$-34,$-34,$-34,$-35,$-35,$37,37,$-0.93,$-0.93,$185,$0,$0,$190,$3,$0,$0,$2,$5,$195,$16,$1,$0,$16,$32,$0,$-431,$0,$162,$195,$-61,$1,$12,$12,$0,$0,$-1,$-2,$-3,$-52,$-1,$0,$0,$-72,$0,$-72,$0,$-74,$0,$0,$0,$130,$130,$0,$0,$130,$5,$12,$0
42,2008-03-31,18.66,$5.20,3.59,$0.35,54.02,$-5.16,0.0,$-2.69,0.0,$0.21B,$0.01B,18.15,$0.00B,$0.19B,0.0,$0.01B,$0.01B,100.00%,$0.01B,$-0.09B,-900.00%,$0.01B,$-0.09B,-900.00%,$0.01B,$-0.09B,-880.00%,$0.01B,$-0.08B,-840.00%,$0.01B,$-0.08B,-840.00%,$-0.08B,$0.19B,-70.59%,$-0.08B,$0.19B,-70.59%,$-0.08B,$0.22B,-57.14%,$-0.09B,$0.19B,-75.16%,$0,$0,$0,$22,$7,$29,$-29,$1,$-27,$0,$-27,$-27,$-27,$-28,$-29,$34,34,$-0.79,$-0.79,$210,$0,$0,$213,$3,$0,$0,$2,$5,$218,$12,$1,$0,$17,$28,$0,$-397,$1,$190,$218,$-27,$0,$6,$6,$0,$0,$-1,$-1,$-6,$-27,$-0,$0,$0,$-43,$0,$-43,$0,$-43,$-0,$0,$-0,$128,$128,$0,$0,$128,$58,$6,$0
43,2007-12-31,25.39,$2.62,9.7,$0.45,56.37,$-5.00,0.0,$-2.58,0.0,$0.11B,$0.02B,6.9,$0.00B,$0.08B,0.01,$0.01B,$0.01B,100.00%,$0.01B,$-0.08B,-607.69%,$0.01B,$-0.08B,-607.69%,$0.01B,$-0.08B,-600.00%,$0.01B,$-0.07B,-569.23%,$0.01B,$-0.07B,-569.23%,$-0.07B,$0.08B,-82.45%,$-0.07B,$0.08B,-82.45%,$-0.07B,$0.12B,-63.38%,$-0.08B,$0.08B,-87.05%,$8,$0,$8,$22,$6,$28,$-20,$1,$-19,$0,$-19,$-19,$-19,$-20,$-20,$29,29,$-0.60,$-0.60,$108,$0,$0,$111,$3,$0,$0,$2,$5,$116,$16,$1,$0,$17,$34,$0,$-369,$0,$82,$116,$-74,$1,$12,$13,$1,$0,$2,$0,$9,$-52,$-1,$0,$0,$-7,$0,$-7,$0,$-8,$-1,$0,$-1,$57,$57,$0,$0,$57,$-3,$12,$0
44,2007-09-30,9.43,$3.04,3.1,$0.30,31.5,$-4.63,0.0,$-2.59,0.0,$0.12B,$0.01B,14.12,$0.00B,$0.09B,0.01,$0.01B,$0.01B,100.00%,$0.01B,$-0.08B,-950.00%,$0.01B,$-0.08B,-950.00%,$0.01B,$-0.07B,-925.00%,$0.01B,$-0.07B,-875.00%,$0.01B,$-0.07B,-875.00%,$-0.07B,$0.09B,-76.92%,$-0.07B,$0.09B,-76.92%,$-0.07B,$0.12B,-60.34%,$-0.08B,$0.10B,-82.61%,$0,$0,$0,$15,$5,$20,$-20,$1,$-19,$0,$-19,$-19,$-19,$-20,$-20,$31,31,$-0.61,$-0.61,$113,$0,$0,$115,$3,$0,$0,$2,$5,$120,$8,$1,$0,$17,$25,$0,$-350,$0,$94,$120,$-55,$1,$9,$10,$0,$0,$1,$1,$1,$-44,$-1,$0,$0,$-17,$0,$-17,$0,$-18,$-1,$0,$-1,$53,$53,$0,$0,$53,$-9,$9,$0
45,2007-06-30,8.91,$3.55,2.51,$0.54,16.36,$-4.22,0.0,$-2.44,0.0,$0.13B,$0.01B,17.53,$0.00B,$0.11B,0.01,$0.01B,$0.01B,100.00%,$0.01B,$-0.07B,-492.86%,$0.01B,$-0.07B,-492.86%,$0.01B,$-0.07B,-471.43%,$0.01B,$-0.06B,-442.86%,$0.01B,$-0.06B,-442.86%,$-0.06B,$0.11B,-67.21%,$-0.06B,$0.11B,-67.21%,$-0.06B,$0.13B,-52.99%,$-0.07B,$0.11B,-73.80%,$2,$0,$2,$17,$5,$23,$-21,$1,$-19,$0,$-19,$-19,$-19,$-20,$-21,$28,28,$-0.68,$-0.68,$126,$0,$0,$129,$3,$0,$0,$2,$5,$134,$7,$1,$0,$17,$24,$0,$-331,$0,$110,$134,$-36,$1,$6,$7,$0,$0,$0,$-0,$-1,$-30,$-1,$0,$0,$-3,$0,$-3,$0,$-4,$-0,$0,$-0,$53,$53,$0,$0,$53,$19,$6,$0
46,2007-03-31,10.86,$2.89,3.76,$1.05,10.32,$-3.83,0.0,$-1.85,0.0,$0.09B,$0.01B,10.4,$0.00B,$0.07B,0.02,$0.03B,$0.03B,100.00%,$0.03B,$-0.05B,-200.00%,$0.03B,$-0.05B,-200.00%,$0.03B,$-0.05B,-188.46%,$0.03B,$-0.05B,-173.08%,$0.03B,$-0.05B,-173.08%,$-0.05B,$0.07B,-49.45%,$-0.05B,$0.07B,-49.45%,$-0.05B,$0.10B,-38.71%,$-0.05B,$0.07B,-56.22%,$3,$0,$3,$16,$5,$21,$-18,$1,$-17,$0,$-17,$-17,$-17,$-18,$-18,$25,25,$-0.68,$-0.68,$89,$0,$0,$92,$3,$0,$0,$2,$5,$97,$9,$1,$0,$16,$25,$0,$-312,$0,$73,$97,$-17,$0,$3,$3,$-0,$0,$-0,$-1,$-1,$-15,$-0,$0,$0,$11,$0,$11,$0,$11,$-0,$0,$-0,$0,$0,$0,$0,$0,$-5,$3,$0
47,2006-12-31,11.87,$3.46,3.43,$1.35,8.82,$-3.62,0.0,$-1.51,0.0,$0.11B,$0.01B,9.61,$0.00B,$0.09B,0.01,$0.03B,$0.03B,100.00%,$0.03B,$-0.04B,-133.33%,$0.03B,$-0.04B,-133.33%,$0.03B,$-0.04B,-121.21%,$0.03B,$-0.04B,-109.09%,$0.03B,$-0.04B,-109.09%,$-0.04B,$0.09B,-36.46%,$-0.04B,$0.09B,-36.46%,$-0.04B,$0.11B,-28.46%,$-0.04B,$0.09B,-43.89%,$3,$0,$3,$15,$5,$20,$-17,$1,$-15,$0,$-15,$-15,$-15,$-16,$-17,$25,25,$-0.62,$-0.62,$104,$0,$0,$108,$3,$0,$0,$2,$5,$113,$11,$1,$0,$15,$26,$0,$-295,$0,$87,$113,$-38,$1,$13,$14,$-0,$0,$-1,$-12,$-12,$-36,$-1,$0,$0,$5,$0,$5,$0,$4,$0,$0,$0,$3,$3,$0,$0,$3,$-29,$13,$0
