,Date,Stock Price,Book Value per Share,Price to Book Ratio,TTM Sales per Share,Price to Sales Ratio,TTM FCF per Share,Price to FCF Ratio,TTM Net EPS,PE Ratio,Current Assets,Current Liabilities,Current Ratio,Long Term Debt,Shareholder's Equity_x,Debt to Equity Ratio,TTM Revenue_x,TTM Gross Profit,Gross Margin,TTM Revenue_y,TTM Operating Income,Operating Margin,TTM Revenue_x,TTM EBIT,EBIT Margin,TTM Revenue_y,TTM EBITDA,EBITDA Margin,TTM Revenue_x,TTM Pre-Tax Income,Pre-Tax Margin,TTM Revenue_y,TTM Net Income_x,Net Margin,TTM Net Income_y,Shareholder's Equity_y,Return on Equity,TTM Net Income_x,Tangible Equity,Return on Tangible Equity,TTM Net Income_y,Total Assets,Return on Assets,TTM Net Income,LT Investments & Debt,Return on Investment,revenue,cost-goods-sold,gross-profit,research-development-expenses,selling-general-administrative-expenses,operating-expenses,operating-income,total-non-operating-income-expense,pre-tax-income,total-provision-income-taxes,income-after-taxes,income-from-continuous-operations,net-income,ebitda,ebit,basic-shares-outstanding,shares-outstanding,eps-basic-net-earnings-per-share,eps-earnings-per-share-diluted,cash-on-hand,inventory,other-current-assets,total-current-assets,net-property-plant-equipment,long-term-investments,goodwill-intangible-assets-total,other-long-term-assets,total-long-term-assets,total-assets,total-current-liabilities,long-term-debt,other-non-current-liabilities,total-long-term-liabilities,total-liabilities,common-stock-net,retained-earnings-accumulated-deficit,comprehensive-income,total-share-holder-equity,total-liabilities-share-holders-equity,net-income-loss,total-depreciation-amortization-cash-flow,other-non-cash-items,total-non-cash-items,change-in-accounts-receivable,change-in-inventories,change-in-accounts-payable,change-in-assets-liabilities,total-change-in-assets-liabilities,cash-flow-from-operating-activities,net-change-in-property-plant-equipment,net-change-in-intangible-assets,net-acquisitions-divestitures,net-change-in-short-term-investments,net-change-in-long-term-investments,net-change-in-investments-total,investing-activities-other,cash-flow-from-investing-activities,net-long-term-debt,net-current-debt,debt-issuance-retirement-net-total,net-common-equity-issued-repurchased,net-total-equity-issued-repurchased,total-common-preferred-stock-dividends-paid,financial-activities-other,cash-flow-from-financial-activities,net-cash-flow,stock-based-compensation,common-stock-dividends-paid
0,2018-09-30,3.65,$1.42,2.57,$0.48,7.58,$-7.49,0.0,$-3.13,0.0,$0.01B,$0.01B,0.85,$0.00B,$0.02B,0.0,$0.01B,$0.00B,33.33%,$0.01B,$-0.06B,-983.33%,$0.01B,$-0.06B,-983.33%,$0.01B,$-0.05B,-900.00%,$0.01B,$-0.06B,-1050.00%,$0.01B,$-0.06B,-916.67%,$-0.06B,$0.02B,-167.94%,$-0.06B,$0.01B,-188.03%,$-0.06B,$0.03B,-141.03%,$-0.06B,$0.02B,-180.15%,$2,$2,$0,$0,$6,$9,$-6,$-0,$-7,$0,$-7,$-7,$-6,$-6,$-6,$14,14,$-0.46,$-0.46,$2,$0,$2,$7,$5,$9,$4,$1,$19,$26,$8,$0,$0,$1,$9,$202,$-186,$0,$17,$26,$-48,$6,$27,$33,$0,$0,$3,$-6,$-1,$-16,$-20,$-1,$0,$-6,$-6,$-13,$7,$-27,$2,$-0,$2,$1,$1,$0,$0,$3,$-40,$4,$0
1,2018-06-30,6.34,$1.51,4.19,$0.32,19.86,$-5.52,0.0,$-4.11,0.0,$0.01B,$0.01B,1.44,$0.00B,$0.02B,0.0,$0.00B,$0.00B,50.00%,$0.00B,$-0.05B,-1350.00%,$0.00B,$-0.05B,-1350.00%,$0.00B,$-0.04B,-1100.00%,$0.00B,$-0.06B,-1525.00%,$0.00B,$-0.05B,-1350.00%,$-0.05B,$0.02B,-167.44%,$-0.05B,$0.02B,-181.51%,$-0.05B,$0.03B,-146.94%,$-0.05B,$0.02B,-167.44%,$3,$1,$1,$0,$6,$27,$-24,$-1,$-25,$-0,$-24,$-24,$-24,$-21,$-24,$14,14,$-1.81,$-1.81,$2,$0,$5,$9,$5,$9,$3,$1,$19,$28,$7,$0,$0,$1,$8,$196,$-180,$0,$21,$28,$-41,$5,$29,$34,$0,$0,$2,$-6,$-2,$-10,$-20,$-0,$0,$-6,$-6,$-13,$1,$-32,$1,$-0,$1,$1,$1,$0,$0,$1,$-40,$2,$0
2,2018-03-31,6.62,$3.24,2.04,$0.12,56.45,$-3.83,0.0,$-2.59,0.0,$0.01B,$0.01B,2.9,$0.00B,$0.04B,0.0,$0.00B,$0.00B,100.00%,$0.00B,$-0.03B,-3100.00%,$0.00B,$-0.03B,-3100.00%,$0.00B,$-0.02B,-2400.00%,$0.00B,$-0.04B,-3700.00%,$0.00B,$-0.03B,-3100.00%,$-0.03B,$0.04B,-104.20%,$-0.03B,$0.04B,-109.73%,$-0.03B,$0.05B,-93.94%,$-0.03B,$0.04B,-104.20%,$1,$0,$1,$0,$4,$20,$-19,$-0,$-20,$-3,$-17,$-17,$-16,$-17,$-19,$12,12,$-1.35,$-1.35,$5,$0,$4,$14,$22,$9,$3,$1,$36,$50,$5,$0,$0,$2,$6,$193,$-156,$0,$43,$50,$-17,$2,$12,$14,$0,$0,$1,$-4,$-3,$-6,$-19,$-0,$0,$-6,$-6,$-13,$-1,$-32,$1,$-0,$1,$1,$1,$0,$0,$1,$-36,$1,$0
3,2017-12-31,28.4,$4.27,6.65,$0.05,601.39,$-2.19,0.0,$-2.19,0.0,$0.04B,$0.00B,40.74,$0.00B,$0.04B,0.0,$0.00B,0,nan%,$0.00B,$-0.01B,inf%,$0.00B,$-0.01B,inf%,$0.00B,$-0.01B,inf%,$0.00B,$-0.02B,inf%,$0.00B,$-0.02B,inf%,$-0.02B,$0.05B,-87.36%,$-0.02B,$0.05B,-90.48%,$-0.02B,$0.05B,-80.00%,$-0.01B,$0.05B,-59.77%,$0,$0,$0,$-0,$5,$11,$-10,$-0,$-11,$0,$-9,$-9,$-9,$-10,$-10,$6,6,$-1.11,$-1.11,$42,$0,$0,$42,$4,$3,$2,$0,$10,$52,$1,$0,$0,$2,$3,$180,$-139,$0,$50,$52,$-20,$6,$10,$16,$0,$0,$0,$-0,$-0,$-4,$0,$-0,$1,$4,$0,$4,$0,$6,$5,$-0,$4,$40,$40,$-10,$-0,$35,$36,$3,$-10
4,2017-09-30,4.6,$2.84,1.62,$0.02,225.04,$-2.37,0.0,$-2.19,0.0,$0.01B,$0.00B,15.09,$0.00B,$0.01B,0.0,$0.00B,0,nan%,$0.00B,$-0.00B,inf%,$0.00B,$-0.00B,inf%,$0.00B,$0.00B,inf%,$0.00B,$-0.01B,inf%,$0.00B,$-0.01B,inf%,$-0.01B,$0.02B,-92.31%,$-0.01B,$0.02B,-94.12%,$-0.01B,$0.02B,-80.00%,$-0.00B,$0.02B,-30.77%,$0,$0,$0,$0,$1,$1,$-1,$-5,$-5,$0,$-5,$-5,$-5,$4,$-1,$5,5,$-0.98,$-0.98,$13,$0,$0,$13,$0,$3,$0,$1,$4,$17,$1,$0,$0,$1,$2,$131,$-121,$0,$15,$17,$-11,$5,$3,$8,$0,$0,$-0,$0,$0,$-3,$0,$-0,$0,$8,$-3,$5,$0,$4,$5,$-0,$5,$2,$2,$0,$0,$6,$8,$0,$0
5,2017-06-30,3.64,$2.04,1.78,$0.02,165.25,$-2.29,0.0,$-1.64,0.0,$0.01B,$0.00B,14.11,$0.00B,$0.01B,0.0,$0.00B,0,nan%,$0.00B,$-0.01B,inf%,$0.00B,$-0.01B,inf%,$0.00B,$-0.01B,inf%,$0.00B,$-0.00B,inf%,$0.00B,$-0.01B,inf%,$-0.01B,$0.01B,-66.67%,$-0.01B,$0.01B,-70.59%,$-0.01B,$0.01B,-58.06%,$-0.01B,$0.01B,-37.04%,$0,$0,$0,$0,$1,$1,$-1,$0,$-1,$0,$-1,$-1,$-1,$-1,$-1,$5,5,$-0.26,$-0.26,$12,$0,$0,$12,$0,$0,$0,$1,$1,$13,$1,$0,$0,$1,$2,$127,$-116,$0,$11,$13,$-6,$-0,$3,$3,$0,$0,$0,$0,$0,$-3,$0,$-0,$0,$8,$0,$8,$0,$7,$0,$-0,$-0,$2,$2,$0,$0,$1,$6,$0,$0
6,2017-03-31,3.57,$2.53,1.41,$0.02,151.66,$-1.99,0.0,$-1.60,0.0,$0.01B,$0.00B,14.16,$0.00B,$0.01B,0.0,$0.00B,0,nan%,$0.00B,$-0.01B,inf%,$0.00B,$-0.01B,inf%,$0.00B,$-0.01B,inf%,$0.00B,$-0.00B,inf%,$0.00B,$-0.01B,inf%,$-0.01B,$0.01B,-61.02%,$-0.01B,$0.01B,-64.29%,$-0.01B,$0.01B,-53.73%,$-0.01B,$0.01B,-33.90%,$0,$0,$0,$0,$1,$1,$-1,$0,$-1,$0,$-1,$-1,$-4,$-1,$-1,$5,5,$-0.95,$-0.95,$12,$0,$0,$12,$0,$0,$0,$1,$1,$13,$1,$0,$0,$1,$2,$126,$-114,$0,$11,$13,$-4,$-0,$3,$3,$0,$0,$0,$0,$-0,$-2,$0,$0,$0,$0,$8,$8,$-0,$7,$1,$0,$1,$-0,$-0,$0,$0,$1,$6,$0,$0
7,2016-12-31,3.42,$3.31,1.03,$0.02,139.77,$-1.67,0.0,$-0.51,0.0,$0.01B,$0.00B,13.03,$0.00B,$0.02B,0.0,$0.00B,0,nan%,$0.00B,$-0.01B,inf%,$0.00B,$-0.01B,inf%,$0.00B,$-0.01B,inf%,$0.00B,$-0.00B,inf%,$0.00B,$-0.00B,inf%,$-0.00B,$0.02B,-24.62%,$-0.00B,$0.01B,-25.81%,$-0.00B,$0.02B,-22.22%,$-0.01B,$0.02B,-30.77%,$0,$0,$0,$-0,$1,$1,$-1,$0,$-1,$0,$-1,$-1,$-2,$-1,$-1,$4,4,$-0.54,$-0.54,$13,$0,$0,$14,$0,$0,$1,$0,$3,$17,$1,$0,$0,$1,$2,$125,$-110,$0,$15,$17,$-4,$-0,$-1,$-1,$0,$0,$-0,$0,$-0,$-6,$2,$-0,$-0,$8,$0,$8,$-0,$9,$0,$-0,$-0,$0,$0,$0,$0,$-0,$4,$1,$0
8,2016-09-30,2.7,$3.79,0.71,$0.03,90.38,$-2.53,0.0,$-1.23,0.0,$0.02B,$0.00B,13.25,$0.00B,$0.02B,0.0,$0.00B,0,nan%,$0.00B,$-0.01B,inf%,$0.00B,$-0.01B,inf%,$0.00B,$-0.01B,inf%,$0.00B,$-0.00B,inf%,$0.00B,$-0.01B,inf%,$-0.01B,$0.02B,-30.30%,$-0.01B,$0.02B,-31.25%,$-0.01B,$0.02B,-26.32%,$-0.01B,$0.02B,-41.18%,$0,$0,$0,$0,$1,$2,$-2,$0,$-1,$0,$-1,$-1,$-2,$-2,$-2,$4,4,$-0.43,$-0.43,$15,$0,$0,$16,$0,$0,$2,$1,$4,$19,$1,$0,$0,$1,$2,$125,$-108,$0,$17,$19,$-2,$0,$-2,$-2,$0,$0,$-0,$0,$-0,$-4,$2,$-0,$0,$3,$0,$3,$0,$5,$0,$-0,$-0,$0,$0,$0,$0,$-0,$0,$0,$0
9,2016-06-30,3.13,$4.13,0.76,$0.04,69.83,$-3.36,0.0,$-1.20,0.0,$0.02B,$0.00B,35.55,$0.00B,$0.02B,0.0,$0.00B,0,nan%,$0.00B,$-0.01B,inf%,$0.00B,$-0.01B,inf%,$0.00B,$-0.01B,inf%,$0.00B,$-0.01B,inf%,$0.00B,$-0.01B,inf%,$-0.01B,$0.02B,-29.41%,$-0.01B,$0.02B,-29.41%,$-0.01B,$0.02B,-25.00%,$-0.01B,$0.02B,-38.89%,$0,$0,$0,$0,$1,$1,$-1,$0,$-1,$0,$-1,$-1,$-1,$-1,$-1,$4,4,$-0.22,$-0.22,$16,$0,$0,$16,$0,$0,$0,$1,$1,$18,$0,$0,$0,$1,$2,$122,$-106,$0,$16,$18,$-0,$-0,$-2,$-2,$0,$0,$-1,$0,$-1,$-3,$2,$-0,$0,$3,$0,$3,$0,$5,$0,$-0,$-0,$0,$0,$0,$0,$-0,$2,$0,$0
10,2016-03-31,2.41,$4.30,0.56,$0.05,47.07,$-4.14,0.0,$-1.54,0.0,$0.02B,$0.00B,25.57,$0.00B,$0.02B,0.0,$0.00B,0,nan%,$0.00B,$-0.01B,inf%,$0.00B,$-0.01B,inf%,$0.00B,$-0.01B,inf%,$0.00B,$-0.01B,inf%,$0.00B,$-0.01B,inf%,$-0.01B,$0.02B,-33.33%,$-0.01B,$0.02B,-33.33%,$-0.01B,$0.02B,-27.91%,$-0.01B,$0.02B,-41.03%,$0,$0,$0,$0,$1,$1,$-1,$2,$1,$0,$1,$1,$1,$-1,$-1,$4,4,$0.14,$0.14,$17,$0,$0,$17,$0,$0,$0,$1,$2,$18,$1,$0,$0,$1,$2,$122,$-105,$0,$17,$18,$1,$-0,$-2,$-2,$0,$0,$-0,$0,$-1,$-2,$2,$-0,$0,$2,$0,$2,$0,$4,$0,$-0,$-0,$0,$0,$0,$0,$-0,$2,$0,$0
11,2015-12-31,2.17,$4.15,0.52,$0.05,42.47,$-4.69,0.0,$-2.24,0.0,$0.02B,$0.00B,9.17,$0.00B,$0.02B,0.11,$0.00B,0,nan%,$0.00B,$-0.01B,inf%,$0.00B,$-0.01B,inf%,$0.00B,$-0.01B,inf%,$0.00B,$-0.01B,inf%,$0.00B,$-0.01B,inf%,$-0.01B,$0.02B,-46.75%,$-0.01B,$0.02B,-46.75%,$-0.01B,$0.02B,-38.30%,$-0.01B,$0.02B,-42.35%,$0,$0,$0,$0,$3,$3,$-3,$-0,$-3,$0,$-3,$-3,$-3,$-3,$-3,$4,4,$-0.77,$-0.77,$16,$0,$0,$16,$2,$1,$0,$2,$4,$21,$2,$2,$0,$3,$5,$122,$-106,$0,$16,$21,$-9,$0,$1,$1,$0,$0,$0,$0,$0,$-7,$0,$0,$0,$6,$0,$6,$-0,$6,$0,$-0,$-0,$0,$0,$0,$0,$-0,$-2,$1,$0
12,2015-09-30,2.19,$4.88,0.45,$0.07,31.92,$-5.49,0.0,$-2.16,0.0,$0.02B,$0.00B,17.37,$0.00B,$0.02B,0.1,$0.00B,0,nan%,$0.00B,$-0.01B,inf%,$0.00B,$-0.01B,inf%,$0.00B,$-0.01B,inf%,$0.00B,$-0.01B,inf%,$0.00B,$-0.01B,inf%,$-0.01B,$0.02B,-37.65%,$-0.01B,$0.02B,-37.65%,$-0.01B,$0.02B,-31.37%,$-0.01B,$0.02B,-34.41%,$0,$0,$0,$0,$1,$2,$-2,$0,$-2,$0,$-2,$-2,$-2,$-2,$-2,$4,4,$-0.41,$-0.41,$19,$0,$0,$19,$2,$0,$0,$2,$4,$23,$1,$2,$0,$3,$4,$122,$-103,$0,$19,$23,$-6,$0,$1,$1,$-0,$0,$-0,$0,$-1,$-5,$0,$-0,$0,$5,$0,$5,$0,$5,$0,$-0,$-0,$0,$0,$0,$0,$-0,$-0,$1,$0
13,2015-06-30,3.19,$5.23,0.61,$0.06,50.52,$-6.01,0.0,$-2.40,0.0,$0.02B,$0.00B,21.66,$0.00B,$0.02B,0.1,$0.00B,0,nan%,$0.00B,$-0.01B,inf%,$0.00B,$-0.01B,inf%,$0.00B,$-0.01B,inf%,$0.00B,$-0.01B,inf%,$0.00B,$-0.01B,inf%,$-0.01B,$0.02B,-39.13%,$-0.01B,$0.02B,-39.13%,$-0.01B,$0.02B,-32.73%,$-0.01B,$0.02B,-36.00%,$0,$0,$0,$1,$1,$2,$-2,$-0,$-2,$0,$-2,$-2,$-2,$-2,$-2,$4,4,$-0.52,$-0.52,$20,$0,$0,$21,$2,$0,$0,$2,$4,$24,$1,$2,$0,$3,$4,$121,$-101,$0,$20,$24,$-4,$0,$1,$1,$-0,$0,$-0,$0,$-0,$-4,$0,$-0,$0,$5,$0,$5,$0,$5,$0,$-0,$-0,$0,$0,$0,$0,$-0,$1,$1,$0
14,2015-03-31,3.3,$5.66,0.58,$0.06,57.98,$-6.32,0.0,$-2.48,0.0,$0.02B,$0.00B,21.99,$0.00B,$0.02B,0.09,$0.00B,0,nan%,$0.00B,$-0.01B,inf%,$0.00B,$-0.01B,inf%,$0.00B,$-0.01B,inf%,$0.00B,$-0.01B,inf%,$0.00B,$-0.01B,inf%,$-0.01B,$0.02B,-40.00%,$-0.01B,$0.02B,-40.00%,$-0.01B,$0.03B,-33.61%,$-0.01B,$0.02B,-37.04%,$0,$0,$0,$1,$2,$2,$-2,$0,$-2,$0,$-2,$-2,$-2,$-2,$-2,$4,4,$-0.56,$-0.56,$22,$0,$0,$22,$2,$0,$0,$2,$4,$26,$1,$2,$0,$3,$4,$121,$-99,$0,$22,$26,$-2,$0,$0,$0,$0,$0,$-0,$0,$-1,$-2,$0,$-0,$0,$3,$0,$3,$0,$3,$0,$-0,$-0,$0,$0,$0,$0,$-0,$1,$0,$0
15,2014-12-31,12.62,$6.11,2.06,$0.08,160.97,$-6.78,0.0,$-3.04,0.0,$0.03B,$0.00B,13.97,$0.00B,$0.02B,0.08,$0.00B,0,nan%,$0.00B,$-0.01B,inf%,$0.00B,$-0.01B,inf%,$0.00B,$-0.01B,inf%,$0.00B,$-0.01B,inf%,$0.00B,$-0.01B,inf%,$-0.01B,$0.02B,-48.89%,$-0.01B,$0.02B,-48.89%,$-0.01B,$0.03B,-40.00%,$-0.01B,$0.03B,-44.90%,$0,$0,$0,$1,$2,$2,$-2,$-0,$-2,$0,$-2,$-2,$-2,$-2,$-2,$4,4,$-0.48,$-0.48,$25,$0,$0,$25,$2,$0,$0,$2,$4,$29,$2,$2,$0,$3,$5,$121,$-97,$0,$24,$29,$-10,$0,$1,$1,$0,$0,$-0,$0,$0,$-9,$0,$-0,$0,$-12,$0,$-12,$0,$-13,$0,$-0,$-0,$20,$20,$0,$0,$20,$-2,$1,$0
16,2014-09-30,11.84,$6.70,1.77,$0.06,195.79,$-8.81,0.0,$-3.60,0.0,$0.03B,$0.00B,15.24,$0.00B,$0.03B,0.08,$0.00B,0,nan%,$0.00B,$-0.01B,inf%,$0.00B,$-0.01B,inf%,$0.00B,$-0.01B,inf%,$0.00B,$-0.01B,inf%,$0.00B,$-0.01B,inf%,$-0.01B,$0.03B,-60.76%,$-0.01B,$0.03B,-60.76%,$-0.01B,$0.03B,-48.00%,$-0.01B,$0.03B,-55.17%,$0,$0,$0,$1,$1,$3,$-3,$0,$-3,$0,$-3,$-3,$-3,$-3,$-3,$4,4,$-0.64,$-0.64,$27,$0,$0,$27,$2,$0,$0,$2,$4,$31,$2,$2,$0,$3,$5,$120,$-94,$0,$26,$31,$-8,$0,$1,$1,$0,$0,$-0,$0,$-0,$-7,$0,$-0,$0,$-14,$0,$-14,$0,$-14,$0,$-0,$-0,$20,$20,$0,$0,$20,$-1,$1,$0
17,2014-06-30,15.9,$7.30,2.18,$0.07,215.32,$-9.54,0.0,$-4.08,0.0,$0.03B,$0.00B,18.75,$0.00B,$0.03B,0.07,$0.00B,0,nan%,$0.00B,$-0.01B,inf%,$0.00B,$-0.01B,inf%,$0.00B,$-0.01B,inf%,$0.00B,$-0.01B,inf%,$0.00B,$-0.01B,inf%,$-0.01B,$0.03B,-69.57%,$-0.01B,$0.03B,-69.57%,$-0.01B,$0.03B,-52.75%,$-0.01B,$0.03B,-62.34%,$0,$0,$0,$1,$2,$3,$-3,$0,$-3,$0,$-3,$-3,$-3,$-3,$-3,$4,4,$-0.64,$-0.64,$29,$0,$0,$29,$2,$0,$0,$2,$4,$33,$2,$2,$0,$3,$5,$120,$-92,$0,$28,$33,$-6,$0,$1,$1,$-0,$0,$-0,$0,$-0,$-5,$-0,$-0,$0,$-17,$0,$-17,$0,$-17,$0,$-0,$-0,$20,$20,$0,$0,$20,$-2,$1,$0
18,2014-03-31,18.75,$4.24,4.42,$0.08,237.23,$-10.62,0.0,$-5.12,0.0,$0.01B,$0.00B,7.83,$0.00B,$0.01B,0.18,$0.00B,0,nan%,$0.00B,$-0.01B,inf%,$0.00B,$-0.01B,inf%,$0.00B,$-0.01B,inf%,$0.00B,$-0.01B,inf%,$0.00B,$-0.01B,inf%,$-0.01B,$0.01B,-80.00%,$-0.01B,$0.01B,-80.00%,$-0.01B,$0.02B,-58.54%,$-0.01B,$0.01B,-70.59%,$0,$0,$0,$1,$2,$3,$-3,$-0,$-3,$0,$-3,$-3,$-3,$-3,$-3,$3,3,$-1.12,$-1.12,$13,$0,$0,$13,$2,$0,$0,$2,$4,$17,$2,$2,$0,$3,$5,$101,$-89,$0,$12,$17,$-3,$0,$0,$0,$-0,$0,$-0,$0,$-0,$-3,$-0,$-0,$0,$-0,$0,$-0,$0,$-0,$0,$-0,$-0,$2,$2,$0,$0,$1,$-2,$0,$0
19,2013-12-31,15.26,$4.83,3.16,$0.07,229.85,$-11.57,0.0,$-6.24,0.0,$0.02B,$0.00B,6.56,$0.00B,$0.01B,0.17,$0.00B,0,nan%,$0.00B,$-0.01B,inf%,$0.00B,$-0.01B,inf%,$0.00B,$-0.01B,inf%,$0.00B,$-0.01B,inf%,$0.00B,$-0.01B,inf%,$-0.01B,$0.01B,-85.71%,$-0.01B,$0.01B,-85.71%,$-0.01B,$0.02B,-60.76%,$-0.01B,$0.02B,-76.19%,$0,$0,$0,$2,$1,$3,$-3,$-0,$-3,$0,$-3,$-3,$-3,$-3,$-3,$2,2,$-0.72,$-0.72,$14,$0,$0,$15,$2,$0,$0,$2,$4,$19,$2,$2,$0,$3,$6,$99,$-86,$0,$13,$19,$-12,$0,$1,$2,$-0,$0,$0,$1,$1,$-10,$-0,$-0,$0,$-7,$0,$-7,$0,$-8,$0,$-1,$-1,$13,$13,$0,$0,$12,$-5,$1,$0
20,2013-09-30,13.83,$5.92,2.34,$0.08,167.49,$-15.82,0.0,$-12.00,0.0,$0.02B,$0.00B,7.43,$0.00B,$0.02B,0.14,$0.00B,0,nan%,$0.00B,$-0.01B,inf%,$0.00B,$-0.01B,inf%,$0.00B,$-0.01B,inf%,$0.00B,$-0.01B,inf%,$0.00B,$-0.01B,inf%,$-0.01B,$0.02B,-88.89%,$-0.01B,$0.02B,-88.89%,$-0.01B,$0.02B,-62.34%,$-0.01B,$0.02B,-74.58%,$0,$0,$0,$2,$1,$3,$-3,$0,$-3,$0,$-3,$-3,$-3,$-3,$-3,$3,3,$-1.12,$-1.12,$17,$0,$0,$18,$2,$0,$0,$2,$4,$22,$2,$2,$0,$4,$6,$99,$-83,$0,$16,$22,$-9,$0,$1,$1,$-0,$0,$0,$1,$1,$-7,$-0,$-0,$0,$-12,$0,$-12,$0,$-12,$0,$-1,$-1,$13,$13,$0,$0,$12,$-7,$1,$0
21,2013-06-30,8.56,$6.94,1.23,$0.06,132.3,$-17.01,0.0,$-13.44,0.0,$0.02B,$0.00B,9.89,$0.00B,$0.02B,0.12,$0.00B,0,nan%,$0.00B,$-0.01B,inf%,$0.00B,$-0.01B,inf%,$0.00B,$-0.01B,inf%,$0.00B,$-0.01B,inf%,$0.00B,$-0.01B,inf%,$-0.01B,$0.02B,-93.62%,$-0.01B,$0.02B,-93.62%,$-0.01B,$0.02B,-62.86%,$-0.01B,$0.02B,-78.43%,$0,$0,$0,$2,$1,$3,$-3,$-0,$-3,$0,$-3,$-3,$-3,$-3,$-3,$2,2,$-1.68,$-1.68,$20,$0,$0,$20,$2,$0,$0,$2,$4,$24,$2,$2,$0,$3,$5,$99,$-80,$0,$19,$24,$-6,$0,$1,$1,$0,$0,$0,$0,$1,$-4,$-0,$0,$0,$-9,$0,$-9,$-0,$-9,$0,$-1,$-1,$13,$13,$0,$0,$12,$-1,$1,$0
22,2013-03-31,15.4,$6.73,2.29,$0.16,93.44,$-27.21,0.0,$-21.28,0.0,$0.01B,$0.00B,2.97,$0.00B,$0.01B,0.09,$0.00B,0,nan%,$0.00B,$-0.01B,inf%,$0.00B,$-0.01B,inf%,$0.00B,$-0.01B,inf%,$0.00B,$-0.01B,inf%,$0.00B,$-0.01B,inf%,$-0.01B,$0.01B,-102.56%,$-0.01B,$0.01B,-102.56%,$-0.01B,$0.01B,-64.52%,$-0.01B,$0.01B,-83.72%,$0,$0,$0,$1,$1,$3,$-3,$0,$-3,$0,$-3,$-3,$-3,$-3,$-3,$1,1,$-2.24,$-2.24,$9,$0,$0,$10,$2,$0,$0,$2,$4,$14,$3,$1,$0,$2,$5,$85,$-77,$0,$8,$14,$-3,$0,$0,$1,$0,$0,$0,$0,$-0,$-2,$-0,$-0,$0,$-6,$0,$-6,$0,$-6,$0,$-0,$-0,$0,$0,$0,$0,$-0,$-8,$0,$0
23,2012-12-31,18.25,$8.59,2.12,$0.19,98.07,$-33.85,0.0,$-28.64,0.0,$0.01B,$0.00B,3.07,$0.00B,$0.01B,0.07,$0.00B,0,nan%,$0.00B,$-0.01B,inf%,$0.00B,$-0.01B,inf%,$0.00B,$-0.01B,inf%,$0.00B,$-0.01B,inf%,$0.00B,$-0.01B,inf%,$-0.01B,$0.01B,-109.09%,$-0.01B,$0.01B,-109.09%,$-0.01B,$0.02B,-66.67%,$-0.01B,$0.01B,-88.89%,$0,$0,$0,$1,$1,$2,$-2,$-0,$-3,$0,$-3,$-3,$-3,$-2,$-2,$1,1,$7.04,$7.04,$12,$0,$0,$13,$2,$0,$0,$2,$4,$17,$4,$1,$0,$2,$6,$85,$-74,$0,$11,$17,$-9,$0,$1,$1,$0,$0,$0,$2,$2,$-5,$-0,$-0,$0,$-0,$0,$-0,$0,$-0,$0,$-1,$-1,$15,$15,$0,$0,$14,$8,$1,$0
24,2012-09-30,19.75,$9.08,2.17,$0.48,41.4,$-75.24,0.0,$-22.96,0.0,$0.01B,$0.00B,2.49,$0.00B,$0.01B,0.09,$0.00B,0,nan%,$0.00B,$-0.01B,inf%,$0.00B,$-0.01B,inf%,$0.00B,$-0.01B,inf%,$0.00B,$-0.01B,inf%,$0.00B,$-0.01B,inf%,$-0.01B,$0.01B,-123.08%,$-0.01B,$0.01B,-123.08%,$-0.01B,$0.02B,-69.57%,$-0.01B,$0.01B,-100.00%,$0,$0,$0,$1,$1,$2,$-2,$-0,$-2,$0,$-2,$-2,$-2,$-2,$-2,$1,1,$-2.56,$-2.56,$10,$0,$0,$11,$3,$0,$0,$2,$4,$15,$4,$1,$0,$2,$6,$80,$-72,$0,$9,$15,$-7,$0,$1,$1,$0,$0,$0,$1,$2,$-4,$-0,$-0,$0,$1,$0,$1,$0,$1,$0,$-1,$-1,$11,$11,$0,$0,$10,$7,$1,$0
25,2012-06-30,13.41,$11.37,1.18,$0.71,19.01,$-110.22,0.0,$-38.63,0.0,$0.01B,$0.00B,5.73,$0.00B,$0.01B,0.22,$0.00B,0,nan%,$0.00B,$-0.01B,inf%,$0.00B,$-0.01B,inf%,$0.00B,$-0.01B,inf%,$0.00B,$-0.01B,inf%,$0.00B,$-0.01B,inf%,$-0.01B,$0.01B,-171.43%,$-0.01B,$0.01B,-171.43%,$-0.01B,$0.02B,-87.80%,$-0.01B,$0.01B,-138.46%,$0,$0,$0,$1,$1,$2,$-2,$-0,$-2,$0,$-2,$-2,$-2,$-2,$-2,$0,0,$-9.52,$-9.52,$11,$0,$0,$11,$3,$0,$0,$2,$4,$16,$2,$2,$0,$3,$5,$80,$-69,$0,$11,$16,$-4,$0,$0,$1,$0,$0,$-0,$0,$0,$-3,$0,$-0,$0,$1,$0,$1,$0,$1,$0,$-1,$-1,$11,$11,$0,$0,$10,$8,$0,$0
26,2012-03-31,31.23,$10.51,2.97,$1.03,30.33,$-123.97,0.0,$-45.91,0.0,$0.00B,$0.00B,1.26,$0.00B,$0.00B,0.0,$0.00B,0,nan%,$0.00B,$-0.01B,inf%,$0.00B,$-0.01B,inf%,$0.00B,$-0.01B,inf%,$0.00B,$-0.01B,inf%,$0.00B,$-0.01B,inf%,$-0.01B,$0.00B,-250.00%,$-0.01B,$0.00B,-250.00%,$-0.01B,$0.01B,-108.11%,$-0.01B,$0.00B,-210.53%,$0,$0,$0,$1,$1,$2,$-2,$-0,$-2,$0,$-2,$-2,$-2,$-2,$-2,$0,0,$-9.68,$-9.68,$2,$0,$0,$2,$3,$0,$0,$2,$4,$6,$2,$0,$3,$3,$4,$69,$-67,$0,$2,$6,$-2,$0,$0,$0,$0,$0,$-0,$0,$-0,$-2,$0,$-0,$0,$0,$0,$0,$0,$0,$0,$-0,$-0,$0,$0,$0,$0,$-0,$-2,$0,$0
27,2011-12-31,41.5,$19.03,2.18,$1.68,24.68,$-128.47,0.0,$-53.11,0.0,$0.00B,$0.00B,2.09,$0.00B,$0.00B,0.74,$0.00B,0,nan%,$0.00B,$-0.01B,inf%,$0.00B,$-0.01B,inf%,$0.00B,$-0.01B,inf%,$0.00B,$-0.01B,inf%,$0.00B,$-0.01B,inf%,$-0.01B,$0.00B,-191.30%,$-0.01B,$0.00B,-191.30%,$-0.01B,$0.01B,-95.65%,$-0.01B,$0.01B,-169.23%,$0,$0,$0,$1,$1,$2,$-2,$1,$-2,$0,$-2,$-2,$-2,$-2,$-2,$0,0,$-9.12,$-9.12,$4,$0,$0,$4,$3,$0,$0,$2,$4,$9,$2,$3,$0,$3,$5,$69,$-65,$0,$4,$9,$-10,$0,$1,$1,$0,$0,$0,$0,$1,$-8,$-0,$-0,$0,$2,$0,$2,$0,$2,$0,$-1,$-1,$1,$1,$0,$0,$1,$-6,$1,$0
28,2011-09-30,128.35,$21.59,5.95,$2.01,63.81,$-144.72,0.0,$-71.03,0.0,$0.01B,$0.00B,1.61,$0.00B,$0.00B,0.0,$0.00B,0,nan%,$0.00B,$-0.01B,inf%,$0.00B,$-0.01B,inf%,$0.00B,$-0.01B,inf%,$0.00B,$-0.01B,inf%,$0.00B,$-0.01B,inf%,$-0.01B,$0.00B,-160.00%,$-0.01B,$0.00B,-160.00%,$-0.01B,$0.01B,-88.89%,$-0.01B,$0.00B,-160.00%,$0,$0,$0,$2,$1,$3,$-3,$-0,$-3,$0,$-3,$-3,$-3,$-3,$-3,$0,0,$-18.32,$-18.32,$5,$0,$0,$5,$3,$0,$0,$2,$5,$10,$3,$0,$2,$3,$6,$67,$-63,$0,$4,$10,$-9,$0,$1,$1,$0,$0,$0,$0,$1,$-6,$-0,$-0,$0,$1,$0,$1,$0,$0,$0,$-0,$-0,$0,$0,$0,$0,$-0,$-7,$1,$0
29,2011-06-30,139.04,$37.84,3.67,$2.36,58.94,$-158.26,0.0,$-71.99,0.0,$0.01B,$0.00B,2.79,$0.00B,$0.01B,0.0,$0.00B,0,nan%,$0.00B,$-0.01B,inf%,$0.00B,$-0.01B,inf%,$0.00B,$-0.01B,inf%,$0.00B,$-0.01B,inf%,$0.00B,$-0.01B,inf%,$-0.01B,$0.01B,-120.00%,$-0.01B,$0.01B,-120.00%,$-0.01B,$0.01B,-76.19%,$-0.01B,$0.01B,-114.29%,$0,$0,$0,$1,$1,$3,$-3,$-0,$-3,$0,$-3,$-3,$-3,$-3,$-3,$0,0,$-16.64,$-16.64,$7,$0,$0,$7,$3,$0,$0,$2,$5,$12,$3,$0,$2,$3,$6,$67,$-60,$0,$6,$12,$-6,$0,$1,$1,$0,$0,$0,$-0,$0,$-4,$-0,$-0,$0,$2,$0,$2,$0,$2,$0,$-0,$-0,$0,$0,$0,$0,$-0,$-3,$1,$0
30,2011-03-31,181.83,$52.76,3.45,$2.39,76.13,$-172.34,0.0,$-76.79,0.0,$0.01B,$0.00B,3.68,$0.00B,$0.01B,0.0,$0.00B,0,nan%,$0.00B,$-0.01B,inf%,$0.00B,$-0.01B,inf%,$0.00B,$-0.01B,inf%,$0.00B,$-0.01B,inf%,$0.00B,$-0.01B,inf%,$-0.01B,$0.01B,-96.00%,$-0.01B,$0.01B,-96.00%,$-0.01B,$0.02B,-65.75%,$-0.01B,$0.01B,-87.27%,$0,$0,$0,$1,$2,$3,$-3,$-0,$-3,$0,$-3,$-3,$-3,$-3,$-3,$0,0,$-16.80,$-16.80,$9,$0,$0,$10,$3,$0,$0,$2,$5,$15,$3,$0,$3,$3,$6,$66,$-58,$0,$9,$15,$-3,$0,$0,$1,$0,$0,$0,$-1,$0,$-2,$-0,$-0,$0,$2,$0,$2,$0,$2,$0,$-0,$-0,$0,$0,$0,$0,$-0,$-1,$0,$0
31,2010-12-31,129.08,$67.24,1.92,$2.71,47.6,$-179.59,0.0,$-83.98,0.0,$0.01B,$0.00B,4.51,$0.00B,$0.01B,0.0,$0.00B,0,nan%,$0.00B,$-0.01B,inf%,$0.00B,$-0.01B,inf%,$0.00B,$-0.01B,inf%,$0.00B,$-0.01B,inf%,$0.00B,$-0.01B,inf%,$-0.01B,$0.01B,-101.96%,$-0.01B,$0.01B,-101.96%,$-0.01B,$0.02B,-70.27%,$-0.01B,$0.01B,-89.66%,$0,$0,$-0,$2,$1,$3,$-3,$0,$-3,$0,$-3,$-3,$-3,$-3,$-3,$0,0,$-18.01,$-18.01,$12,$0,$0,$12,$3,$0,$0,$2,$5,$17,$3,$0,$3,$3,$6,$66,$-55,$0,$11,$17,$-13,$0,$2,$3,$-0,$0,$-0,$0,$-0,$-11,$-0,$-0,$0,$-2,$0,$-2,$0,$-3,$0,$-0,$-0,$9,$9,$0,$0,$9,$-4,$2,$0
32,2010-09-30,109.1,$82.04,1.33,$3.76,29.0,$-197.06,0.0,$-98.38,0.0,$0.01B,$0.00B,5.82,$0.00B,$0.01B,0.19,$0.00B,0,nan%,$0.00B,$-0.02B,inf%,$0.00B,$-0.02B,inf%,$0.00B,$-0.02B,inf%,$0.00B,$-0.02B,inf%,$0.00B,$-0.02B,inf%,$-0.02B,$0.01B,-113.21%,$-0.02B,$0.01B,-113.21%,$-0.02B,$0.02B,-78.95%,$-0.02B,$0.02B,-96.77%,$0,$0,$-0,$1,$2,$3,$-3,$-0,$-3,$0,$-3,$-3,$-3,$-3,$-3,$0,0,$-18.24,$-18.24,$14,$0,$0,$14,$3,$0,$0,$2,$5,$19,$2,$3,$0,$3,$6,$66,$-52,$0,$14,$19,$-10,$0,$2,$2,$0,$0,$-1,$0,$-1,$-9,$-0,$-0,$0,$-5,$0,$-5,$0,$-5,$0,$-0,$-0,$9,$9,$0,$0,$9,$-4,$2,$0
33,2010-06-30,209.63,$97.13,2.16,$3.81,55.02,$-203.74,0.0,$-107.98,0.0,$0.02B,$0.00B,7.1,$0.00B,$0.02B,0.16,$0.00B,0,nan%,$0.00B,$-0.02B,inf%,$0.00B,$-0.02B,inf%,$0.00B,$-0.02B,inf%,$0.00B,$-0.02B,inf%,$0.00B,$-0.02B,inf%,$-0.02B,$0.02B,-133.33%,$-0.02B,$0.02B,-133.33%,$-0.02B,$0.02B,-87.67%,$-0.02B,$0.02B,-110.34%,$0,$0,$0,$1,$2,$3,$-3,$-0,$-3,$0,$-3,$-3,$-3,$-3,$-3,$0,0,$-21.12,$-21.12,$16,$0,$0,$17,$3,$0,$0,$2,$5,$22,$2,$3,$0,$3,$6,$65,$-49,$0,$16,$22,$-7,$0,$1,$2,$0,$0,$-1,$0,$-1,$-6,$-0,$-0,$0,$-3,$0,$-3,$0,$-4,$0,$-0,$-0,$9,$9,$0,$0,$9,$-1,$1,$0
34,2010-03-31,487.72,$61.85,7.89,$4.00,121.86,$-201.58,0.0,$-115.18,0.0,$0.01B,$0.00B,3.48,$0.00B,$0.01B,0.27,$0.00B,0,nan%,$0.00B,$-0.02B,inf%,$0.00B,$-0.02B,inf%,$0.00B,$-0.02B,inf%,$0.00B,$-0.02B,inf%,$0.00B,$-0.02B,inf%,$-0.02B,$0.01B,-154.55%,$-0.02B,$0.01B,-154.55%,$-0.02B,$0.02B,-98.55%,$-0.02B,$0.01B,-125.93%,$0,$0,$0,$2,$2,$4,$-4,$-0,$-4,$0,$-4,$-4,$-4,$-4,$-4,$0,0,$-24.00,$-24.00,$11,$0,$0,$11,$3,$0,$0,$2,$5,$16,$3,$3,$0,$3,$6,$55,$-45,$0,$10,$16,$-4,$0,$1,$1,$0,$0,$0,$0,$0,$-3,$-0,$-0,$0,$1,$0,$1,$0,$0,$0,$-0,$-0,$0,$0,$0,$0,$0,$-3,$1,$0
35,2009-12-31,372.21,$82.06,4.54,$3.74,99.64,$-197.58,0.0,$-112.78,0.0,$0.01B,$0.00B,4.41,$0.00B,$0.01B,0.21,$0.00B,0,nan%,$0.00B,$-0.02B,inf%,$0.00B,$-0.02B,inf%,$0.00B,$-0.02B,inf%,$0.00B,$-0.02B,inf%,$0.00B,$-0.02B,inf%,$-0.02B,$0.01B,-128.00%,$-0.02B,$0.01B,-128.00%,$-0.02B,$0.02B,-85.33%,$-0.02B,$0.02B,-106.67%,$0,$0,$-0,$3,$2,$5,$-5,$-0,$-5,$0,$-5,$-5,$-5,$-5,$-5,$0,0,$-33.11,$-33.11,$14,$0,$0,$14,$3,$0,$0,$2,$5,$19,$3,$3,$0,$3,$7,$54,$-41,$0,$13,$19,$-16,$0,$2,$2,$0,$0,$1,$1,$2,$-11,$-0,$-0,$0,$5,$0,$5,$0,$5,$0,$-0,$-0,$9,$9,$0,$0,$8,$2,$2,$0
36,2009-09-30,436.38,$68.62,6.36,$3.07,141.98,$-165.23,0.0,$-98.38,0.0,$0.01B,$0.00B,3.39,$0.00B,$0.01B,0.29,$0.00B,0,nan%,$0.00B,$-0.01B,inf%,$0.00B,$-0.01B,inf%,$0.00B,$-0.01B,inf%,$0.00B,$-0.01B,inf%,$0.00B,$-0.01B,inf%,$-0.01B,$0.01B,-94.55%,$-0.01B,$0.01B,-94.55%,$-0.01B,$0.02B,-65.00%,$-0.01B,$0.01B,-84.85%,$0,$0,$0,$2,$2,$4,$-4,$-0,$-4,$0,$-4,$-4,$-4,$-4,$-4,$0,0,$-28.79,$-28.79,$9,$1,$0,$10,$3,$0,$0,$2,$5,$16,$3,$3,$0,$3,$6,$46,$-36,$0,$9,$16,$-10,$0,$1,$1,$0,$-0,$0,$1,$1,$-8,$-0,$-0,$0,$4,$0,$4,$0,$3,$0,$-0,$-0,$0,$0,$0,$0,$0,$-4,$1,$0
37,2009-06-30,571.15,$93.03,6.14,$4.32,132.36,$-138.31,0.0,$-91.18,0.0,$0.01B,$0.00B,5.13,$0.00B,$0.01B,0.22,$0.00B,0,nan%,$0.00B,$-0.01B,inf%,$0.00B,$-0.01B,inf%,$0.00B,$-0.01B,inf%,$0.00B,$-0.01B,inf%,$0.00B,$-0.01B,inf%,$-0.01B,$0.01B,-72.73%,$-0.01B,$0.01B,-72.73%,$-0.01B,$0.02B,-53.33%,$-0.01B,$0.02B,-67.53%,$0,$0,$-0,$2,$2,$4,$-4,$0,$-4,$0,$-4,$-4,$-4,$-4,$-4,$0,0,$-28.79,$-28.79,$12,$1,$0,$13,$3,$0,$0,$2,$5,$18,$3,$3,$0,$3,$6,$45,$-32,$0,$12,$18,$-7,$0,$1,$1,$0,$-0,$-0,$1,$1,$-5,$-0,$-0,$0,$3,$0,$3,$0,$3,$0,$-0,$-0,$0,$0,$0,$0,$0,$-2,$1,$0
38,2009-03-31,355.1,$117.94,3.01,$4.55,78.05,$-113.29,0.0,$-83.98,0.0,$0.02B,$0.00B,6.04,$0.00B,$0.02B,0.18,$0.00B,0,nan%,$0.00B,$-0.01B,inf%,$0.00B,$-0.01B,inf%,$0.00B,$-0.01B,inf%,$0.00B,$-0.01B,inf%,$0.00B,$-0.01B,inf%,$-0.01B,$0.02B,-57.89%,$-0.01B,$0.02B,-57.89%,$-0.01B,$0.02B,-43.56%,$-0.01B,$0.02B,-55.17%,$0,$0,$-0,$1,$1,$3,$-3,$0,$-3,$0,$-3,$-3,$-3,$-3,$-3,$0,0,$-21.60,$-21.60,$15,$1,$0,$16,$3,$0,$0,$2,$5,$22,$3,$3,$0,$4,$6,$44,$-29,$0,$16,$22,$-3,$0,$0,$0,$0,$-0,$0,$0,$0,$-2,$-0,$-0,$0,$4,$0,$4,$0,$4,$0,$-0,$-0,$0,$0,$0,$0,$-0,$2,$0,$0
39,2008-12-31,1319.84,$137.68,9.59,$6.69,197.34,$-111.04,0.0,$-74.39,0.0,$0.02B,$0.00B,6.87,$0.00B,$0.02B,0.15,$0.00B,0,nan%,$0.00B,$-0.01B,inf%,$0.00B,$-0.01B,inf%,$0.00B,$-0.01B,inf%,$0.00B,$-0.01B,inf%,$0.00B,$-0.01B,inf%,$-0.01B,$0.02B,-46.51%,$-0.01B,$0.02B,-46.51%,$-0.01B,$0.02B,-36.70%,$-0.01B,$0.02B,-44.90%,$0,$0,$0,$2,$1,$3,$-3,$0,$-2,$0,$-2,$-2,$-2,$-2,$-3,$0,0,$-19.20,$-19.20,$17,$1,$0,$19,$3,$0,$0,$2,$5,$24,$3,$3,$0,$4,$6,$44,$-26,$0,$18,$24,$-10,$0,$2,$2,$0,$0,$1,$1,$1,$-6,$-0,$-0,$0,$3,$0,$3,$0,$2,$0,$-1,$-1,$-0,$-0,$0,$0,$-1,$-6,$1,$0
40,2008-09-30,1334.82,$154.07,8.66,$6.81,196.12,$-96.99,0.0,$-74.39,0.0,$0.02B,$0.00B,7.61,$0.00B,$0.02B,0.14,$0.00B,0,nan%,$0.00B,$-0.01B,inf%,$0.00B,$-0.01B,inf%,$0.00B,$-0.01B,inf%,$0.00B,$-0.01B,inf%,$0.00B,$-0.01B,inf%,$-0.01B,$0.02B,-42.11%,$-0.01B,$0.02B,-42.11%,$-0.01B,$0.03B,-34.19%,$-0.01B,$0.02B,-37.74%,$0,$0,$0,$2,$1,$3,$-3,$0,$-3,$0,$-3,$-3,$-3,$-3,$-3,$0,0,$-21.60,$-21.60,$20,$1,$0,$21,$3,$0,$0,$2,$5,$26,$3,$3,$0,$4,$6,$43,$-24,$0,$20,$26,$-7,$0,$1,$2,$0,$0,$0,$1,$2,$-4,$-0,$-0,$0,$-4,$0,$-4,$0,$-4,$0,$-1,$-1,$-0,$-0,$0,$0,$-1,$-10,$1,$0
41,2008-06-30,1364.77,$172.28,7.92,$6.73,202.65,$-165.21,0.0,$-71.99,0.0,$0.02B,$0.00B,7.68,$0.00B,$0.02B,0.13,$0.00B,0,nan%,$0.00B,$-0.01B,inf%,$0.00B,$-0.01B,inf%,$0.00B,$-0.01B,inf%,$0.00B,$-0.01B,inf%,$0.00B,$-0.01B,inf%,$-0.01B,$0.02B,-41.86%,$-0.01B,$0.02B,-41.86%,$-0.01B,$0.03B,-33.64%,$-0.01B,$0.03B,-37.11%,$0,$0,$-0,$2,$1,$3,$-3,$0,$-3,$0,$-3,$-3,$-3,$-3,$-3,$0,0,$-21.60,$-21.60,$23,$1,$0,$24,$3,$0,$0,$2,$5,$29,$3,$3,$0,$4,$7,$43,$-21,$0,$22,$29,$-4,$0,$1,$1,$0,$0,$0,$2,$2,$-2,$-0,$-0,$0,$-2,$0,$-2,$-0,$-2,$0,$-0,$-0,$-0,$-0,$0,$0,$-1,$-5,$1,$0
42,2008-03-31,1236.42,$197.32,6.27,$7.41,166.92,$-167.06,0.0,$-59.99,0.0,$0.03B,$0.00B,16.33,$0.00B,$0.03B,0.11,$0.00B,0,nan%,$0.00B,$-0.01B,inf%,$0.00B,$-0.01B,inf%,$0.00B,$-0.01B,inf%,$0.00B,$-0.01B,inf%,$0.00B,$-0.01B,inf%,$-0.01B,$0.03B,-36.36%,$-0.01B,$0.03B,-37.33%,$-0.01B,$0.03B,-29.47%,$-0.01B,$0.03B,-31.82%,$0,$0,$0,$1,$1,$2,$-2,$0,$-2,$0,$-2,$-2,$-2,$-2,$-2,$0,0,$-12.00,$-12.00,$24,$0,$0,$25,$4,$0,$0,$2,$5,$30,$2,$3,$0,$3,$5,$44,$-18,$0,$26,$30,$-2,$0,$0,$0,$-0,$0,$0,$0,$-1,$-2,$-0,$-0,$0,$-7,$0,$-7,$-0,$-7,$0,$-0,$-0,$1,$1,$0,$0,$0,$-8,$0,$0
43,2007-12-31,1865.32,$206.04,9.05,$8.35,223.37,$-159.85,0.0,$-57.59,0.0,$0.03B,$0.00B,12.68,$0.00B,$0.03B,0.11,$0.00B,0,nan%,$0.00B,$-0.01B,inf%,$0.00B,$-0.01B,inf%,$0.00B,$-0.01B,inf%,$0.00B,$-0.01B,inf%,$0.00B,$-0.01B,inf%,$-0.01B,$0.03B,-40.68%,$-0.01B,$0.03B,-42.86%,$-0.01B,$0.03B,-31.17%,$-0.01B,$0.03B,-34.29%,$0,$0,$0,$1,$2,$2,$-2,$0,$-2,$0,$-2,$-2,$-2,$-2,$-2,$0,0,$-19.20,$-19.20,$26,$1,$0,$27,$4,$0,$0,$1,$5,$32,$2,$3,$0,$3,$5,$43,$-16,$0,$27,$32,$-6,$0,$2,$2,$0,$-0,$-0,$-0,$1,$-4,$-0,$-0,$0,$-8,$0,$-8,$-0,$-9,$0,$-0,$-0,$27,$27,$0,$0,$27,$14,$1,$0
44,2007-09-30,2064.26,$92.84,22.23,$12.71,162.4,$-159.01,0.0,$-50.39,0.0,$0.01B,$0.00B,5.88,$0.00B,$0.01B,0.28,$0.00B,0,nan%,$0.00B,$-0.01B,inf%,$0.00B,$-0.01B,inf%,$0.00B,$-0.01B,inf%,$0.00B,$-0.01B,inf%,$0.00B,$-0.01B,inf%,$-0.01B,$0.01B,-55.56%,$-0.01B,$0.01B,-62.50%,$-0.01B,$0.02B,-37.04%,$-0.01B,$0.01B,-40.82%,$0,$0,$-0,$1,$1,$2,$-2,$0,$-2,$0,$-2,$-2,$-2,$-2,$-2,$0,0,$-19.20,$-19.20,$10,$1,$0,$11,$3,$0,$0,$1,$5,$16,$2,$3,$0,$3,$5,$25,$-14,$0,$11,$16,$-4,$0,$1,$1,$0,$-0,$-0,$-9,$-9,$-11,$-0,$-0,$0,$0,$0,$0,$0,$-1,$0,$-0,$-0,$10,$10,$0,$0,$10,$-2,$1,$0
45,2007-06-30,994.7,$108.57,9.16,$16.15,61.57,$-85.55,0.0,$-43.19,0.0,$0.01B,$0.00B,13.07,$0.00B,$0.01B,0.23,$0.00B,0,nan%,$0.00B,$-0.00B,inf%,$0.00B,$-0.00B,inf%,$0.00B,$-0.00B,inf%,$0.00B,$-0.00B,inf%,$0.00B,$-0.00B,inf%,$-0.00B,$0.01B,-57.14%,$-0.00B,$0.01B,-69.57%,$-0.00B,$0.02B,-35.56%,$-0.00B,$0.02B,-38.10%,$0,$0,$0,$1,$1,$1,$-1,$0,$-1,$0,$-1,$-1,$-1,$-1,$-1,$0,0,$-9.60,$-9.60,$11,$1,$0,$12,$3,$0,$1,$0,$5,$17,$1,$3,$0,$3,$4,$25,$-12,$0,$13,$17,$-2,$0,$0,$1,$0,$-0,$-0,$0,$-0,$-1,$-0,$-0,$0,$0,$0,$0,$0,$-0,$0,$-0,$-0,$10,$10,$0,$0,$10,$8,$0,$0
46,2007-03-31,802.17,$80.05,10.02,$16.12,49.75,$-90.03,0.0,$-43.19,0.0,$0.01B,$0.00B,11.08,$0.00B,$0.01B,0.43,$0.00B,0,nan%,$0.00B,$-0.00B,inf%,$0.00B,$-0.00B,inf%,$0.00B,$-0.00B,inf%,$0.00B,$-0.00B,inf%,$0.00B,$-0.00B,inf%,$-0.00B,$0.01B,-84.21%,$-0.00B,$0.01B,-106.67%,$-0.00B,$0.01B,-44.44%,$-0.00B,$0.01B,-48.48%,$0,$0,$0,$0,$1,$1,$-1,$-0,$-1,$0,$-1,$-1,$-1,$-1,$-1,$0,0,$-9.60,$-9.60,$7,$0,$0,$7,$3,$0,$1,$0,$5,$12,$1,$3,$0,$4,$4,$19,$-11,$0,$8,$12,$-1,$0,$0,$0,$0,$-0,$0,$-0,$0,$-0,$-0,$-0,$0,$0,$0,$0,$0,$-0,$0,$-0,$-0,$4,$4,$0,$0,$4,$3,$0,$0
47,2006-12-31,631.04,$53.13,11.88,$16.56,38.1,$-90.90,0.0,$-43.19,0.0,$0.00B,$0.00B,6.15,$0.00B,$0.00B,0.77,$0.00B,0,nan%,$0.00B,$-0.00B,inf%,$0.00B,$-0.00B,inf%,$0.00B,$-0.00B,inf%,$0.00B,$-0.00B,inf%,$0.00B,$-0.00B,inf%,$-0.00B,$0.00B,-123.08%,$-0.00B,$0.00B,-177.78%,$-0.00B,$0.01B,-51.61%,$-0.00B,$0.01B,-59.26%,$0,$0,$0,$0,$1,$1,$-1,$-0,$-1,$0,$-1,$-1,$-1,$-1,$-1,$0,0,$-12.00,$-12.00,$4,$0,$0,$4,$3,$0,$1,$0,$4,$9,$1,$3,$0,$4,$4,$15,$-10,$0,$4,$9,$-3,$0,$1,$1,$-0,$0,$-0,$-0,$-0,$-3,$-0,$-0,$0,$0,$0,$0,$0,$-0,$0,$-0,$-0,$5,$5,$0,$0,$4,$2,$1,$0
