,Date,Stock Price,Book Value per Share,Price to Book Ratio,TTM Sales per Share,Price to Sales Ratio,TTM FCF per Share,Price to FCF Ratio,TTM Net EPS,PE Ratio,Current Assets,Current Liabilities,Current Ratio,Long Term Debt,Shareholder's Equity_x,Debt to Equity Ratio,TTM Revenue_x,TTM Gross Profit,Gross Margin,TTM Revenue_y,TTM Operating Income,Operating Margin,TTM Revenue_x,TTM EBIT,EBIT Margin,TTM Revenue_y,TTM EBITDA,EBITDA Margin,TTM Revenue_x,TTM Pre-Tax Income,Pre-Tax Margin,TTM Revenue_y,TTM Net Income_x,Net Margin,TTM Net Income_y,Shareholder's Equity_y,Return on Equity,TTM Net Income_x,Tangible Equity,Return on Tangible Equity,TTM Net Income_y,Total Assets,Return on Assets,TTM Net Income,LT Investments & Debt,Return on Investment,revenue,cost-goods-sold,gross-profit,research-development-expenses,selling-general-administrative-expenses,operating-expenses,operating-income,total-non-operating-income-expense,pre-tax-income,total-provision-income-taxes,income-after-taxes,income-from-continuous-operations,net-income,ebitda,ebit,basic-shares-outstanding,shares-outstanding,eps-basic-net-earnings-per-share,eps-earnings-per-share-diluted,cash-on-hand,inventory,other-current-assets,total-current-assets,net-property-plant-equipment,long-term-investments,goodwill-intangible-assets-total,other-long-term-assets,total-long-term-assets,total-assets,total-current-liabilities,long-term-debt,other-non-current-liabilities,total-long-term-liabilities,total-liabilities,common-stock-net,retained-earnings-accumulated-deficit,comprehensive-income,total-share-holder-equity,total-liabilities-share-holders-equity,net-income-loss,total-depreciation-amortization-cash-flow,other-non-cash-items,total-non-cash-items,change-in-accounts-receivable,change-in-inventories,change-in-accounts-payable,change-in-assets-liabilities,total-change-in-assets-liabilities,cash-flow-from-operating-activities,net-change-in-property-plant-equipment,net-change-in-intangible-assets,net-acquisitions-divestitures,net-change-in-short-term-investments,net-change-in-long-term-investments,net-change-in-investments-total,investing-activities-other,cash-flow-from-investing-activities,net-long-term-debt,net-current-debt,debt-issuance-retirement-net-total,net-common-equity-issued-repurchased,net-total-equity-issued-repurchased,total-common-preferred-stock-dividends-paid,financial-activities-other,cash-flow-from-financial-activities,net-cash-flow,stock-based-compensation,common-stock-dividends-paid
0,2018-09-30,92.05,$44.30,2.08,$50.21,1.83,$25.97,3.54,$5.74,16.04,$31.91B,$28.27B,1.13,$2.70B,$6.45B,0.42,$7.48B,$7.48B,100.00%,$7.48B,$1.53B,20.48%,$7.48B,$1.53B,20.48%,$7.48B,$1.65B,22.08%,$7.48B,$1.31B,17.46%,$7.48B,$0.86B,11.44%,$0.86B,$6.45B,13.93%,$0.86B,$5.81B,15.57%,$0.86B,$37.41B,2.34%,$1.53B,$9.15B,17.24%,$1962,$0,$1962,$48,$1385,$1548,$414,$-70,$344,$87,$257,$257,$262,$459,$414,$145,149,$1.81,$1.77,$6569,$702,$0,$31907,$486,$3333,$639,$844,$5506,$37413,$28265,$2696,$0,$2696,$30961,$2,$5033,$-27,$6452,$37413,$857,$120,$137,$257,$-522,$-70,$0,$1382,$790,$1903,$-134,$0,$-159,$0,$-583,$-583,$-2600,$-3476,$-5,$-610,$-615,$1,$1,$-151,$2185,$1420,$-169,$103,$-151
1,2018-06-30,89.35,$42.88,2.08,$48.84,1.83,$21.69,4.12,$5.29,16.89,$30.77B,$27.37B,1.12,$2.74B,$6.25B,0.44,$7.25B,$7.25B,100.00%,$7.25B,$1.44B,19.91%,$7.25B,$1.44B,19.91%,$7.25B,$1.54B,21.18%,$7.25B,$1.24B,17.15%,$7.25B,$0.79B,10.85%,$0.79B,$6.25B,13.22%,$0.79B,$5.61B,14.72%,$0.79B,$36.36B,2.19%,$1.44B,$8.99B,16.27%,$1891,$0,$1891,$57,$1349,$1513,$378,$-60,$318,$86,$232,$232,$232,$411,$378,$146,149,$1.59,$1.55,$6374,$670,$0,$30769,$472,$3364,$642,$885,$5595,$36364,$27372,$2742,$0,$2742,$30114,$2,$4815,$-27,$6250,$36364,$594,$75,$123,$198,$-149,$-83,$-184,$592,$176,$989,$-96,$0,$-159,$0,$-540,$-540,$-1703,$-2498,$-4,$-610,$-614,$31,$31,$-107,$1732,$1042,$-490,$81,$-107
2,2018-03-31,89.11,$41.51,2.15,$47.49,1.88,$23.70,3.76,$4.98,17.89,$30.48B,$27.24B,1.12,$2.45B,$6.04B,0.41,$7.02B,$7.02B,100.00%,$7.02B,$1.39B,19.80%,$7.02B,$1.39B,19.80%,$7.02B,$1.47B,20.89%,$7.02B,$1.20B,17.12%,$7.02B,$0.74B,10.50%,$0.74B,$6.04B,12.80%,$0.74B,$5.40B,14.21%,$0.74B,$36.03B,2.10%,$1.39B,$8.49B,16.05%,$1857,$0,$1857,$43,$1343,$1474,$383,$-52,$331,$89,$243,$243,$242,$402,$383,$145,149,$1.67,$1.63,$6832,$825,$0,$30480,$468,$3261,$647,$956,$5551,$36031,$27237,$2451,$301,$2752,$29989,$2,$4626,$-23,$6042,$36031,$362,$41,$122,$163,$-126,$-244,$770,$48,$449,$987,$-70,$0,$-159,$0,$-420,$-420,$-1165,$-1815,$-2,$-610,$-612,$22,$22,$-71,$974,$312,$-530,$59,$-71
3,2017-12-31,88.5,$39.98,2.21,$45.93,1.93,$23.77,3.72,$4.12,21.48,$30.67B,$26.84B,1.14,$3.08B,$5.80B,0.53,$6.76B,$6.76B,100.00%,$6.76B,$1.21B,17.95%,$6.76B,$1.21B,17.95%,$6.76B,$1.28B,18.97%,$6.76B,$1.03B,15.26%,$6.76B,$0.61B,8.98%,$0.61B,$5.80B,10.88%,$0.61B,$5.15B,12.03%,$0.61B,$36.09B,1.77%,$1.21B,$8.89B,14.46%,$1766,$0,$1766,$34,$1286,$1410,$356,$-44,$312,$192,$119,$119,$119,$379,$356,$144,148,$0.82,$0.80,$7960,$598,$0,$30672,$454,$3250,$651,$857,$5412,$36085,$26844,$3082,$357,$3438,$30282,$2,$4420,$-20,$5803,$36085,$119,$23,$152,$175,$124,$-20,$467,$-538,$32,$326,$-36,$0,$-159,$0,$-225,$-225,$-653,$-1074,$299,$-280,$19,$6,$6,$-32,$987,$979,$228,$34,$-32
4,2017-09-30,83.58,$39.51,2.12,$44.52,1.88,$26.82,3.12,$4.33,19.3,$29.82B,$25.77B,1.16,$3.42B,$5.69B,0.6,$6.53B,$6.53B,100.00%,$6.53B,$1.11B,17.06%,$6.53B,$1.11B,17.06%,$6.53B,$1.17B,17.92%,$6.53B,$0.93B,14.22%,$6.53B,$0.64B,9.73%,$0.64B,$5.69B,11.69%,$0.64B,$5.20B,12.87%,$0.64B,$34.88B,1.91%,$1.11B,$9.11B,13.70%,$1733,$0,$1733,$39,$1239,$1407,$326,$-43,$282,$85,$197,$197,$193,$343,$326,$143,147,$1.35,$1.32,$7689,$564,$0,$29820,$437,$3039,$493,$780,$5063,$34883,$25770,$3420,$0,$3420,$29190,$2,$4340,$-15,$5693,$34883,$636,$57,$183,$239,$-51,$115,$0,$366,$430,$1306,$-190,$0,$0,$0,$-1340,$-1340,$-1846,$-3376,$154,$610,$764,$23,$23,$-127,$3405,$4065,$2019,$96,$-127
5,2017-06-30,79.3,$38.24,2.07,$43.03,1.84,$14.40,5.51,$4.21,18.84,$29.13B,$24.99B,1.17,$2.65B,$5.50B,0.48,$6.28B,$6.28B,100.00%,$6.28B,$1.09B,17.33%,$6.28B,$1.09B,17.33%,$6.28B,$1.14B,18.13%,$6.28B,$0.89B,14.15%,$6.28B,$0.61B,9.74%,$0.61B,$5.50B,11.60%,$0.61B,$5.01B,12.81%,$0.61B,$33.43B,1.89%,$1.09B,$8.15B,13.96%,$1663,$0,$1663,$39,$1207,$1338,$325,$-48,$277,$92,$185,$185,$183,$342,$325,$144,147,$1.27,$1.24,$6612,$699,$0,$29129,$421,$2794,$495,$211,$4304,$33433,$24988,$2653,$292,$2945,$27933,$2,$4179,$-22,$5501,$33433,$443,$39,$213,$252,$-69,$-129,$-679,$1492,$616,$1328,$-153,$0,$0,$0,$-1160,$-1160,$-1359,$-2672,$355,$0,$355,$19,$19,$-95,$2024,$2302,$965,$76,$-95
6,2017-03-31,75.18,$37.12,2.03,$41.36,1.82,$5.53,13.6,$3.84,19.58,$28.97B,$25.22B,1.15,$2.10B,$5.33B,0.39,$6.01B,$6.00B,99.83%,$6.01B,$1.01B,16.88%,$6.01B,$1.01B,16.88%,$6.01B,$1.05B,17.49%,$6.01B,$0.82B,13.60%,$6.01B,$0.56B,9.24%,$0.56B,$5.33B,10.78%,$0.56B,$4.83B,11.87%,$0.56B,$32.93B,1.78%,$1.01B,$7.42B,13.61%,$1600,$0,$1600,$42,$1159,$1393,$207,$-46,$161,$53,$109,$109,$112,$219,$207,$143,147,$0.78,$0.77,$7133,$737,$0,$28974,$410,$2484,$496,$199,$3955,$32929,$25219,$2096,$286,$2382,$27601,$2,$4028,$-27,$5328,$32929,$259,$22,$236,$257,$18,$147,$-417,$769,$517,$1035,$-123,$0,$0,$0,$-863,$-863,$-898,$-1885,$-252,$50,$-202,$15,$15,$-63,$2091,$1841,$986,$55,$-63
7,2016-12-31,68.09,$36.41,1.87,$39.77,1.71,$-1.49,0.0,$3.94,17.28,$28.29B,$23.57B,1.2,$2.60B,$5.21B,0.5,$5.75B,$5.73B,99.65%,$5.75B,$1.04B,18.09%,$5.75B,$1.04B,18.09%,$5.75B,$1.08B,18.72%,$5.75B,$0.85B,14.79%,$5.75B,$0.57B,9.90%,$0.57B,$5.21B,11.30%,$0.57B,$4.71B,12.39%,$0.57B,$31.67B,1.90%,$1.04B,$7.80B,14.33%,$1529,$0,$1529,$35,$1125,$1274,$255,$-48,$208,$60,$148,$148,$147,$265,$255,$142,146,$1.03,$1.00,$6909,$518,$0,$28290,$382,$1980,$499,$199,$3379,$31669,$23569,$2597,$299,$2896,$26465,$2,$3947,$-33,$5205,$31669,$147,$10,$81,$90,$84,$346,$-482,$622,$570,$807,$-78,$0,$0,$0,$-313,$-313,$-703,$-1095,$99,$208,$307,$-2,$-2,$-31,$901,$1175,$878,$33,$-31
8,2016-09-30,57.04,$35.77,1.59,$38.17,1.49,$-5.02,0.0,$3.66,15.58,$27.65B,$23.66B,1.17,$2.77B,$5.06B,0.55,$5.52B,$5.49B,99.46%,$5.52B,$1.00B,18.08%,$5.52B,$1.00B,18.08%,$5.52B,$1.04B,18.91%,$5.52B,$0.81B,14.71%,$5.52B,$0.53B,9.56%,$0.53B,$5.06B,10.64%,$0.53B,$4.56B,11.59%,$0.53B,$31.49B,1.84%,$1.00B,$7.83B,14.29%,$1492,$0,$1492,$36,$1073,$1190,$302,$-59,$243,$65,$178,$178,$170,$313,$302,$142,145,$1.20,$1.18,$7176,$714,$0,$27645,$321,$1977,$503,$719,$3842,$31487,$23659,$2765,$0,$2765,$26424,$2,$3835,$-56,$5063,$31487,$529,$47,$-59,$-12,$-610,$-12,$0,$-470,$-1091,$-573,$-122,$0,$-175,$0,$-356,$-356,$-2265,$-2918,$563,$-115,$448,$-119,$-119,$-113,$2325,$2540,$-951,$79,$-113
9,2016-06-30,48.14,$35.34,1.36,$37.23,1.29,$5.44,8.85,$3.35,14.37,$26.02B,$21.66B,1.2,$1.76B,$4.99B,0.35,$5.40B,$5.36B,99.26%,$5.40B,$0.97B,18.01%,$5.40B,$0.97B,18.01%,$5.40B,$1.03B,18.99%,$5.40B,$0.81B,14.97%,$5.40B,$0.49B,9.04%,$0.49B,$4.99B,9.97%,$0.49B,$4.61B,10.81%,$0.49B,$28.84B,1.78%,$0.97B,$6.75B,14.53%,$1387,$10,$1377,$36,$1021,$1137,$250,$-45,$205,$72,$133,$133,$126,$254,$250,$141,144,$0.89,$0.87,$6180,$845,$0,$26015,$295,$1595,$385,$257,$2828,$28843,$21659,$1759,$431,$2190,$23849,$2,$3689,$-56,$4994,$28843,$358,$36,$50,$85,$0,$-135,$-48,$-310,$-494,$-40,$-87,$0,$0,$0,$-82,$-82,$-1887,$-2056,$-228,$123,$-105,$-162,$-162,$-85,$1839,$1488,$-623,$61,$-85
10,2016-03-31,46.3,$34.57,1.34,$36.80,1.26,$9.14,5.06,$3.39,13.66,$24.98B,$20.70B,1.21,$1.78B,$4.88B,0.37,$5.36B,$5.32B,99.25%,$5.36B,$0.95B,17.69%,$5.36B,$0.95B,17.69%,$5.36B,$0.99B,18.53%,$5.36B,$0.80B,15.00%,$5.36B,$0.50B,9.24%,$0.50B,$4.88B,10.24%,$0.50B,$4.50B,11.09%,$0.50B,$27.75B,1.87%,$0.95B,$6.66B,14.23%,$1341,$11,$1331,$35,$997,$1108,$233,$-39,$194,$72,$122,$122,$126,$244,$233,$141,144,$0.89,$0.87,$5647,$799,$0,$24982,$282,$1634,$377,$205,$2771,$27753,$20700,$1780,$396,$2176,$22876,$2,$3593,$-50,$4877,$27753,$232,$32,$66,$98,$-136,$-113,$739,$-878,$-389,$-57,$-58,$0,$0,$0,$-104,$-104,$-1424,$-1586,$23,$-115,$-92,$-128,$-128,$-56,$810,$533,$-1121,$43,$-56
11,2015-12-31,56.14,$34.24,1.64,$36.47,1.54,$12.35,4.55,$3.29,17.06,$24.27B,$19.85B,1.22,$1.78B,$4.92B,0.36,$5.33B,$5.29B,99.17%,$5.33B,$0.92B,17.28%,$5.33B,$0.92B,17.28%,$5.33B,$0.96B,17.97%,$5.33B,$0.79B,14.74%,$5.33B,$0.48B,9.04%,$0.48B,$4.92B,10.09%,$0.48B,$4.55B,10.92%,$0.48B,$26.91B,1.87%,$0.92B,$6.70B,13.85%,$1301,$10,$1291,$41,$980,$1088,$213,$-42,$170,$62,$108,$108,$106,$233,$213,$143,146,$0.74,$0.73,$6194,$472,$0,$24273,$272,$1562,$374,$167,$2635,$26907,$19854,$1780,$353,$2133,$21987,$2,$3496,$-51,$4921,$26907,$106,$20,$53,$74,$247,$144,$58,$-378,$71,$248,$-33,$0,$0,$0,$-81,$-81,$-736,$-850,$24,$-115,$-91,$2,$2,$-27,$738,$622,$-5,$22,$-27
12,2015-09-30,47.9,$33.53,1.43,$36.38,1.32,$12.43,3.85,$3.43,13.96,$23.80B,$19.43B,1.23,$1.87B,$4.79B,0.39,$5.31B,$5.27B,99.17%,$5.31B,$0.94B,17.76%,$5.31B,$0.94B,17.76%,$5.31B,$0.97B,18.27%,$5.31B,$0.82B,15.35%,$5.31B,$0.50B,9.45%,$0.50B,$4.79B,10.71%,$0.50B,$4.41B,11.60%,$0.50B,$26.47B,2.00%,$0.94B,$6.65B,14.35%,$1368,$10,$1358,$39,$1016,$1092,$276,$-37,$239,$78,$161,$161,$130,$294,$276,$143,146,$0.90,$0.88,$6105,$691,$0,$23800,$256,$1561,$377,$207,$2668,$26468,$19426,$1867,$389,$2256,$21682,$1,$3420,$-41,$4786,$26468,$502,$26,$50,$76,$-116,$72,$793,$-433,$315,$899,$-74,$0,$-16,$0,$58,$58,$-2144,$-2177,$41,$-35,$6,$-41,$-41,$-103,$1867,$1730,$402,$71,$-103
13,2015-06-30,57.29,$33.03,1.73,$36.13,1.59,$9.90,5.79,$3.49,16.41,$22.37B,$17.84B,1.25,$1.89B,$4.75B,0.4,$5.25B,$5.21B,99.14%,$5.25B,$0.90B,17.19%,$5.25B,$0.90B,17.19%,$5.25B,$0.93B,17.65%,$5.25B,$0.78B,14.87%,$5.25B,$0.51B,9.73%,$0.51B,$4.75B,11.12%,$0.51B,$4.39B,12.04%,$0.51B,$24.81B,2.10%,$0.90B,$6.64B,13.92%,$1349,$10,$1339,$40,$1011,$1123,$226,$-25,$201,$75,$126,$126,$133,$222,$226,$143,146,$0.93,$0.91,$5648,$674,$0,$22369,$249,$1376,$355,$200,$2439,$24808,$17842,$1893,$328,$2221,$20062,$1,$3316,$-23,$4746,$24808,$373,$8,$44,$53,$11,$83,$127,$-203,$17,$465,$-52,$0,$18,$0,$132,$132,$-1033,$-934,$-278,$279,$2,$10,$10,$-77,$975,$909,$383,$57,$-77
14,2015-03-31,54.43,$32.58,1.67,$35.55,1.53,$9.90,5.5,$3.43,15.87,$22.29B,$17.95B,1.24,$1.95B,$4.65B,0.42,$5.15B,$5.10B,99.14%,$5.15B,$0.89B,17.24%,$5.15B,$0.89B,17.24%,$5.15B,$0.93B,18.02%,$5.15B,$0.76B,14.75%,$5.15B,$0.50B,9.72%,$0.50B,$4.65B,11.14%,$0.50B,$4.30B,12.09%,$0.50B,$24.97B,2.09%,$0.89B,$6.60B,13.96%,$1313,$14,$1299,$42,$991,$1106,$206,$-31,$176,$67,$109,$109,$113,$209,$206,$142,146,$0.79,$0.77,$5737,$798,$0,$22290,$242,$1609,$351,$216,$2678,$24968,$17949,$1946,$422,$2367,$20316,$1,$3211,$-23,$4652,$24968,$240,$13,$20,$33,$260,$44,$52,$-263,$92,$381,$-30,$0,$0,$0,$5,$5,$-1241,$-1266,$38,$17,$55,$20,$20,$-49,$1251,$1276,$341,$41,$-49
15,2014-12-31,54.75,$32.06,1.71,$34.95,1.57,$8.21,6.67,$3.38,16.2,$21.68B,$17.48B,1.24,$1.83B,$4.56B,0.4,$5.04B,$5.00B,99.21%,$5.04B,$0.86B,17.11%,$5.04B,$0.86B,17.11%,$5.04B,$0.90B,17.95%,$5.04B,$0.74B,14.61%,$5.04B,$0.49B,9.75%,$0.49B,$4.56B,11.22%,$0.49B,$4.21B,12.20%,$0.49B,$24.25B,2.10%,$0.86B,$6.39B,14.16%,$1280,$9,$1270,$37,$937,$1044,$235,$-37,$199,$77,$122,$122,$126,$245,$235,$141,145,$0.89,$0.87,$5604,$607,$0,$21684,$243,$1587,$352,$150,$2569,$24253,$17480,$1830,$386,$2215,$19695,$1,$3123,$-8,$4558,$24253,$126,$10,$21,$31,$0,$169,$-97,$8,$81,$240,$-13,$0,$0,$0,$-0,$-0,$-752,$-765,$-11,$-50,$-61,$4,$4,$-24,$1069,$990,$450,$23,$-24
16,2014-09-30,51.04,$31.40,1.63,$34.61,1.47,$6.68,7.64,$3.32,15.37,$20.80B,$16.68B,1.25,$1.89B,$4.43B,0.43,$4.97B,$4.93B,99.19%,$4.97B,$0.83B,16.77%,$4.97B,$0.83B,16.77%,$4.97B,$0.88B,17.62%,$4.97B,$0.72B,14.42%,$4.97B,$0.48B,9.69%,$0.48B,$4.43B,11.26%,$0.48B,$4.08B,12.29%,$0.48B,$23.33B,2.11%,$0.83B,$6.32B,14.23%,$1311,$11,$1300,$36,$969,$1074,$236,$-31,$205,$76,$129,$129,$139,$251,$236,$140,144,$0.97,$0.94,$5293,$679,$0,$20795,$245,$1549,$354,$150,$2530,$23326,$16679,$1890,$323,$2213,$18892,$1,$3024,$-2,$4433,$23326,$480,$41,$21,$63,$-160,$160,$0,$-71,$-71,$508,$-60,$0,$-2,$0,$196,$196,$-2230,$-2097,$475,$71,$545,$25,$25,$-88,$742,$1224,$-398,$70,$-88
17,2014-06-30,48.18,$30.63,1.57,$33.67,1.43,$7.74,6.23,$3.20,15.06,$20.52B,$16.65B,1.23,$1.79B,$4.31B,0.42,$4.81B,$4.77B,99.21%,$4.81B,$0.76B,15.88%,$4.81B,$0.76B,15.88%,$4.81B,$0.81B,16.82%,$4.81B,$0.67B,13.94%,$4.81B,$0.46B,9.61%,$0.46B,$4.31B,11.10%,$0.46B,$3.96B,12.15%,$0.46B,$23.07B,2.03%,$0.76B,$6.11B,13.61%,$1241,$9,$1232,$35,$930,$1031,$210,$-32,$179,$69,$110,$110,$122,$222,$210,$140,144,$0.87,$0.85,$5824,$608,$0,$20521,$244,$1351,$356,$378,$2549,$23070,$16645,$1794,$318,$2112,$18757,$1,$2910,$7,$4313,$23070,$344,$26,$8,$34,$65,$243,$-1985,$1736,$59,$451,$-44,$0,$45,$0,$112,$112,$-1680,$-1567,$450,$0,$450,$21,$21,$-65,$981,$1387,$249,$52,$-65
18,2014-03-31,52.96,$29.93,1.77,$33.10,1.6,$7.37,7.18,$2.94,18.01,$20.31B,$17.05B,1.19,$1.33B,$4.21B,0.32,$4.70B,$4.66B,99.17%,$4.70B,$0.71B,15.06%,$4.70B,$0.71B,15.06%,$4.70B,$0.75B,15.89%,$4.70B,$0.62B,13.19%,$4.70B,$0.42B,9.00%,$0.42B,$4.21B,10.44%,$0.42B,$3.85B,11.46%,$0.42B,$22.87B,1.88%,$0.71B,$5.53B,13.14%,$1205,$10,$1195,$37,$922,$1024,$181,$-28,$153,$61,$92,$92,$104,$186,$181,$140,144,$0.74,$0.72,$6020,$648,$0,$20310,$245,$1604,$358,$136,$2559,$22869,$17047,$1325,$289,$1614,$18661,$1,$2810,$-1,$4208,$22869,$221,$15,$1,$15,$80,$89,$-1803,$1519,$-114,$133,$-31,$0,$-2,$0,$101,$101,$-1230,$-1162,$-18,$0,$-18,$15,$15,$-43,$1133,$1087,$45,$37,$-43
19,2013-12-31,49.27,$29.43,1.67,$33.03,1.49,$7.58,6.5,$2.78,17.72,$19.39B,$16.26B,1.19,$1.33B,$4.13B,0.32,$4.67B,$4.63B,99.14%,$4.67B,$0.72B,15.36%,$4.67B,$0.72B,15.36%,$4.67B,$0.70B,15.04%,$4.67B,$0.63B,13.41%,$4.67B,$0.40B,8.55%,$0.40B,$4.13B,10.03%,$0.40B,$3.77B,11.04%,$0.40B,$21.92B,1.77%,$0.72B,$5.45B,13.41%,$1209,$10,$1199,$32,$906,$1003,$206,$-27,$179,$62,$117,$117,$116,$216,$206,$139,143,$0.83,$0.81,$6168,$453,$0,$19391,$241,$1607,$360,$127,$2534,$21924,$16264,$1325,$209,$1535,$17799,$1,$2728,$6,$4126,$21924,$117,$10,$16,$26,$0,$232,$-1812,$1463,$-117,$17,$-13,$0,$0,$0,$35,$35,$-528,$-505,$-17,$0,$-17,$6,$6,$-20,$728,$696,$205,$21,$-20
20,2013-09-30,39.22,$28.65,1.37,$32.76,1.2,$9.13,4.29,$2.58,15.2,$20.57B,$17.60B,1.17,$1.34B,$4.00B,0.34,$4.60B,$4.56B,99.11%,$4.60B,$0.71B,15.36%,$4.60B,$0.71B,15.36%,$4.60B,$0.69B,15.08%,$4.60B,$0.59B,12.92%,$4.60B,$0.37B,8.01%,$0.37B,$4.00B,9.44%,$0.37B,$3.64B,10.42%,$0.37B,$23.19B,1.63%,$0.71B,$5.34B,13.36%,$1150,$9,$1141,$31,$861,$984,$166,$-8,$159,$45,$114,$114,$120,$184,$166,$138,141,$0.85,$0.82,$7517,$580,$0,$20572,$244,$1686,$361,$126,$2614,$23186,$17596,$1342,$250,$1592,$19188,$1,$2635,$11,$3998,$23186,$367,$-14,$78,$64,$88,$102,$1308,$-1301,$197,$660,$-73,$0,$0,$0,$289,$289,$-868,$-652,$-153,$79,$-73,$44,$44,$-77,$722,$615,$617,$62,$-77
21,2013-06-30,40.32,$27.83,1.45,$32.87,1.23,$7.34,5.49,$2.36,17.08,$19.58B,$16.72B,1.17,$1.35B,$3.88B,0.35,$4.54B,$4.50B,99.05%,$4.54B,$0.73B,16.04%,$4.54B,$0.73B,16.04%,$4.54B,$0.70B,15.33%,$4.54B,$0.55B,12.16%,$4.54B,$0.33B,7.27%,$0.33B,$3.88B,8.64%,$0.33B,$3.51B,9.56%,$0.33B,$22.21B,1.49%,$0.73B,$5.23B,13.94%,$1138,$9,$1128,$32,$879,$983,$155,$-26,$129,$48,$81,$81,$83,$161,$155,$138,141,$0.60,$0.59,$6771,$375,$0,$19575,$252,$1722,$363,$135,$2639,$22214,$16722,$1351,$266,$1617,$18339,$1,$2537,$7,$3875,$22214,$250,$-32,$99,$68,$30,$226,$650,$-838,$68,$413,$-66,$0,$-6,$0,$267,$267,$-471,$-276,$-63,$0,$-63,$39,$39,$-57,$558,$477,$606,$48,$-57
22,2013-03-31,43.1,$28.13,1.53,$32.98,1.31,$6.06,7.11,$2.32,18.58,$19.75B,$17.00B,1.16,$1.45B,$3.91B,0.37,$4.52B,$4.47B,99.03%,$4.52B,$0.77B,17.07%,$4.52B,$0.77B,17.07%,$4.52B,$0.74B,16.45%,$4.52B,$0.56B,12.42%,$4.52B,$0.32B,7.13%,$0.32B,$3.91B,8.60%,$0.32B,$3.55B,9.47%,$0.32B,$22.74B,1.47%,$0.77B,$5.36B,14.92%,$1170,$11,$1159,$31,$867,$980,$190,$-31,$159,$51,$108,$108,$80,$141,$190,$138,141,$0.57,$0.56,$6580,$828,$0,$19753,$249,$2094,$365,$109,$2982,$22735,$16996,$1452,$376,$1827,$18823,$1,$2473,$15,$3912,$22735,$166,$-38,$85,$48,$0,$76,$867,$-990,$-48,$176,$-47,$0,$-6,$0,$5,$5,$-443,$-491,$39,$0,$39,$35,$35,$-37,$478,$514,$194,$34,$-37
23,2012-12-31,35.91,$27.50,1.31,$31.47,1.14,$5.44,6.61,$2.28,15.75,$19.27B,$16.63B,1.16,$1.40B,$3.81B,0.37,$4.24B,$4.20B,99.01%,$4.24B,$0.71B,16.80%,$4.24B,$0.71B,16.80%,$4.24B,$0.73B,17.25%,$4.24B,$0.51B,12.04%,$4.24B,$0.31B,7.29%,$0.31B,$3.81B,8.53%,$0.31B,$3.44B,9.23%,$0.31B,$22.28B,1.47%,$0.71B,$5.21B,13.99%,$1138,$10,$1127,$31,$862,$942,$195,$-48,$147,$53,$94,$94,$85,$207,$195,$137,139,$0.62,$0.61,$6381,$826,$0,$19265,$236,$2070,$375,$167,$3011,$22276,$16631,$1403,$432,$1835,$18466,$1,$2413,$16,$3810,$22276,$86,$12,$30,$42,$0,$-36,$959,$-816,$107,$238,$-19,$0,$-6,$0,$30,$30,$-387,$-383,$-8,$0,$-8,$19,$19,$-18,$362,$354,$208,$18,$-18
24,2012-09-30,34.04,$26.72,1.27,$29.73,1.14,$3.59,9.49,$2.20,15.47,$18.10B,$15.61B,1.16,$1.41B,$3.68B,0.38,$3.90B,$3.86B,99.00%,$3.90B,$0.65B,16.55%,$3.90B,$0.65B,16.55%,$3.90B,$0.66B,16.96%,$3.90B,$0.47B,12.01%,$3.90B,$0.29B,7.44%,$0.29B,$3.68B,8.50%,$0.29B,$3.32B,9.03%,$0.29B,$21.16B,1.46%,$0.65B,$5.09B,13.72%,$1093,$12,$1082,$30,$845,$906,$188,$-70,$117,$41,$76,$76,$82,$187,$188,$131,132,$0.62,$0.60,$5529,$804,$0,$18096,$231,$2139,$361,$164,$3064,$21160,$15611,$1411,$458,$1869,$17480,$1,$2347,$9,$3680,$21160,$296,$16,$84,$100,$144,$-126,$0,$-23,$-5,$391,$-78,$0,$-1074,$0,$-160,$-160,$-1420,$-2731,$683,$0,$683,$372,$372,$-69,$894,$1879,$-460,$56,$-69
25,2012-06-30,31.69,$26.06,1.22,$28.23,1.12,$13.59,2.33,$2.16,14.67,$18.71B,$16.17B,1.16,$1.42B,$3.58B,0.4,$3.64B,$3.60B,98.98%,$3.64B,$0.59B,16.32%,$3.64B,$0.59B,16.32%,$3.64B,$0.62B,17.03%,$3.64B,$0.47B,12.91%,$3.64B,$0.27B,7.45%,$0.27B,$3.58B,8.42%,$0.27B,$3.30B,8.76%,$0.27B,$21.17B,1.42%,$0.59B,$5.00B,13.70%,$1116,$11,$1105,$33,$832,$918,$198,$-60,$138,$49,$89,$89,$75,$208,$198,$135,137,$0.55,$0.55,$5361,$908,$0,$18709,$224,$1619,$286,$144,$2462,$21171,$16174,$1415,$0,$1415,$17589,$1,$2281,$-5,$3582,$21171,$213,$17,$52,$69,$-166,$-220,$-84,$404,$-66,$216,$-54,$0,$-1097,$0,$-102,$-102,$-1256,$-2509,$701,$0,$701,$362,$362,$-51,$572,$1583,$-711,$42,$-51
26,2012-03-31,33.67,$24.88,1.35,$27.07,1.24,$20.97,1.61,$1.99,16.92,$17.57B,$14.21B,1.24,$1.65B,$3.42B,0.48,$3.39B,$3.36B,98.94%,$3.39B,$0.55B,16.16%,$3.39B,$0.55B,16.16%,$3.39B,$0.57B,16.66%,$3.39B,$0.41B,12.18%,$3.39B,$0.24B,7.16%,$0.24B,$3.42B,8.00%,$0.24B,$3.34B,8.19%,$0.24B,$19.28B,1.36%,$0.55B,$5.06B,13.77%,$890,$9,$881,$27,$668,$759,$131,$-23,$108,$43,$65,$65,$67,$129,$131,$129,131,$0.52,$0.52,$6873,$452,$0,$17573,$182,$1182,$72,$86,$1702,$19275,$14213,$1646,$0,$1646,$15860,$1,$2223,$3,$3416,$19275,$136,$7,$18,$25,$0,$51,$83,$-224,$-90,$69,$-31,$0,$0,$0,$-60,$-60,$-962,$-1053,$920,$0,$920,$355,$355,$-33,$177,$1420,$436,$30,$-33
27,2011-12-31,28.44,$23.55,1.21,$27.29,1.04,$29.74,0.96,$2.13,13.35,$16.31B,$14.23B,1.15,$0.70B,$2.96B,0.24,$3.37B,$3.33B,98.90%,$3.37B,$0.57B,16.77%,$3.37B,$0.57B,16.77%,$3.37B,$0.59B,17.60%,$3.37B,$0.43B,12.73%,$3.37B,$0.26B,7.63%,$0.26B,$2.96B,8.89%,$0.26B,$2.89B,9.11%,$0.26B,$17.89B,1.53%,$0.57B,$3.66B,15.98%,$799,$7,$791,$28,$605,$671,$128,$-23,$105,$44,$61,$61,$66,$137,$128,$123,124,$0.53,$0.53,$6067,$564,$0,$16309,$174,$1064,$72,$86,$1583,$17892,$14232,$697,$0,$697,$14929,$1,$2172,$-10,$2963,$17892,$67,$9,$6,$14,$-65,$-14,$142,$-165,$-102,$-20,$-14,$0,$0,$0,$59,$59,$-490,$-444,$-15,$0,$-15,$-14,$-14,$-16,$-12,$-58,$-523,$17,$-16
28,2011-09-30,23.75,$23.04,1.03,$27.66,0.86,$39.91,0.59,$2.27,10.46,$16.37B,$14.38B,1.14,$0.71B,$2.91B,0.25,$3.40B,$3.36B,98.85%,$3.40B,$0.59B,17.38%,$3.40B,$0.59B,17.38%,$3.40B,$0.62B,18.24%,$3.40B,$0.45B,13.26%,$3.40B,$0.27B,7.94%,$0.27B,$2.91B,9.55%,$0.27B,$2.84B,9.78%,$0.27B,$18.01B,1.68%,$0.59B,$3.62B,17.26%,$835,$9,$826,$23,$626,$697,$137,$-19,$119,$57,$62,$62,$63,$146,$137,$122,123,$0.54,$0.53,$6612,$493,$0,$16365,$170,$1135,$73,$91,$1642,$18007,$14383,$712,$0,$712,$15095,$1,$2126,$-10,$2912,$18007,$278,$27,$75,$102,$0,$-98,$0,$1276,$1178,$1558,$-37,$0,$-6,$0,$-82,$-82,$-275,$-400,$-2336,$0,$-2336,$24,$24,$-63,$695,$-1679,$-504,$41,$-63
29,2011-06-30,29.27,$22.64,1.29,$27.25,1.07,$18.80,1.56,$2.28,12.84,$14.62B,$12.54B,1.17,$0.71B,$2.87B,0.25,$3.33B,$3.29B,98.86%,$3.33B,$0.59B,17.70%,$3.33B,$0.59B,17.70%,$3.33B,$0.62B,18.57%,$3.33B,$0.43B,12.95%,$3.33B,$0.27B,8.20%,$0.27B,$2.87B,9.93%,$0.27B,$2.79B,10.17%,$0.27B,$16.12B,1.70%,$0.59B,$3.58B,15.05%,$868,$10,$858,$25,$639,$716,$152,$-71,$81,$32,$49,$49,$47,$153,$152,$123,124,$0.37,$0.37,$4875,$575,$0,$14623,$172,$966,$72,$77,$1494,$16117,$12541,$711,$0,$711,$13252,$1,$2074,$11,$2865,$16117,$209,$19,$74,$92,$-245,$-194,$383,$824,$768,$1090,$-28,$0,$-6,$0,$145,$145,$-114,$-4,$-2335,$0,$-2335,$34,$34,$-49,$-101,$-2451,$-1345,$33,$-49
30,2011-03-31,34.68,$22.33,1.55,$26.61,1.3,$10.24,3.39,$2.41,14.39,$13.80B,$12.00B,1.15,$0.46B,$2.82B,0.16,$3.22B,$3.19B,98.82%,$3.22B,$0.57B,17.56%,$3.22B,$0.57B,17.56%,$3.22B,$0.60B,18.55%,$3.22B,$0.45B,13.80%,$3.22B,$0.28B,8.81%,$0.28B,$2.82B,10.72%,$0.28B,$2.76B,10.98%,$0.28B,$15.28B,1.81%,$0.57B,$3.28B,15.05%,$867,$9,$857,$23,$643,$719,$148,$-23,$124,$45,$79,$79,$81,$157,$148,$122,123,$0.64,$0.64,$4363,$530,$0,$13801,$169,$988,$63,$77,$1483,$15284,$12001,$463,$0,$463,$12465,$1,$2044,$10,$2819,$15284,$163,$18,$24,$43,$-157,$-131,$391,$826,$929,$1133,$-16,$0,$0,$0,$93,$93,$25,$102,$-2570,$0,$-2570,$30,$30,$-33,$-351,$-2924,$-1688,$27,$-33
31,2010-12-31,29.55,$21.69,1.36,$25.85,1.14,$0.63,47.14,$2.22,13.31,$13.31B,$11.64B,1.14,$0.49B,$2.72B,0.18,$3.11B,$3.07B,98.81%,$3.11B,$0.55B,17.64%,$3.11B,$0.55B,17.64%,$3.11B,$0.57B,18.35%,$3.11B,$0.42B,13.36%,$3.11B,$0.26B,8.24%,$0.26B,$2.72B,10.06%,$0.26B,$2.66B,10.32%,$0.26B,$14.85B,1.63%,$0.55B,$3.21B,14.97%,$830,$10,$820,$24,$609,$676,$154,$-28,$127,$49,$78,$78,$79,$164,$154,$121,122,$0.65,$0.65,$3915,$612,$0,$13314,$172,$1040,$63,$81,$1536,$14850,$11639,$493,$0,$493,$12132,$1,$1980,$4,$2718,$14850,$82,$9,$8,$17,$-77,$-112,$67,$1238,$1116,$1212,$-10,$0,$0,$0,$25,$25,$-38,$-22,$-2540,$0,$-2540,$12,$12,$-16,$-383,$-2927,$-1738,$16,$-16
32,2010-09-30,22.8,$20.82,1.09,$24.92,0.91,$-10.48,0.0,$1.91,11.94,$16.38B,$12.30B,1.33,$2.99B,$2.60B,1.15,$2.98B,$2.94B,98.79%,$2.98B,$0.50B,16.78%,$2.98B,$0.50B,16.78%,$2.98B,$0.52B,17.58%,$2.98B,$0.36B,11.91%,$2.98B,$0.22B,7.32%,$0.22B,$2.60B,8.92%,$0.22B,$2.53B,9.16%,$0.22B,$17.88B,1.39%,$0.50B,$5.59B,14.04%,$763,$8,$755,$21,$568,$628,$135,$-36,$99,$36,$63,$63,$66,$144,$135,$119,120,$0.54,$0.55,$6981,$591,$0,$16382,$171,$1026,$63,$76,$1501,$17883,$12297,$2989,$0,$2989,$15286,$1,$1910,$-6,$2597,$17883,$228,$25,$117,$142,$142,$-43,$-462,$-1039,$-1401,$-1021,$-22,$0,$0,$0,$2086,$2086,$302,$2366,$1557,$0,$1557,$16,$16,$-56,$-2229,$-712,$637,$42,$-56
33,2010-06-30,22.13,$19.85,1.11,$24.32,0.91,$1.13,19.58,$1.70,13.02,$13.37B,$11.92B,1.12,$0.50B,$2.47B,0.2,$2.90B,$2.86B,98.72%,$2.90B,$0.47B,16.30%,$2.90B,$0.47B,16.30%,$2.90B,$0.49B,17.06%,$2.90B,$0.31B,10.81%,$2.90B,$0.19B,6.60%,$0.19B,$2.47B,8.12%,$0.19B,$2.40B,8.34%,$0.19B,$14.88B,1.21%,$0.47B,$2.96B,15.33%,$764,$9,$754,$19,$570,$635,$129,$-33,$95,$37,$59,$59,$58,$133,$129,$120,120,$0.49,$0.48,$4140,$587,$0,$13371,$176,$1012,$63,$81,$1509,$14880,$11917,$497,$0,$497,$12414,$1,$1855,$-18,$2466,$14880,$159,$16,$80,$96,$308,$-96,$-595,$122,$-261,$18,$-18,$0,$0,$0,$2084,$2084,$352,$2418,$-934,$0,$-934,$12,$12,$-42,$-2913,$-3878,$-1440,$32,$-42
34,2010-03-31,23.86,$19.33,1.23,$23.36,1.02,$4.31,5.54,$1.55,15.39,$13.73B,$12.39B,1.11,$0.49B,$2.40B,0.21,$2.77B,$2.73B,98.74%,$2.77B,$0.46B,16.51%,$2.77B,$0.46B,16.51%,$2.77B,$0.48B,17.16%,$2.77B,$0.30B,10.66%,$2.77B,$0.17B,6.29%,$0.17B,$2.40B,7.81%,$0.17B,$2.33B,8.04%,$0.17B,$15.28B,1.05%,$0.46B,$2.89B,15.88%,$750,$9,$741,$21,$556,$620,$130,$-35,$94,$34,$60,$60,$53,$129,$130,$119,120,$0.45,$0.45,$4310,$701,$0,$13726,$181,$1044,$63,$80,$1551,$15277,$12391,$491,$0,$491,$12881,$1,$1808,$-16,$2396,$15277,$99,$11,$47,$59,$-103,$-220,$-468,$581,$-210,$-52,$-13,$0,$0,$0,$2058,$2058,$247,$2292,$-940,$0,$-940,$7,$7,$-28,$-2657,$-3619,$-1377,$24,$-28
35,2009-12-31,21.13,$18.72,1.13,$22.14,0.95,$6.14,3.44,$1.13,18.69,$13.13B,$11.89B,1.11,$0.49B,$2.32B,0.21,$2.61B,$2.58B,98.70%,$2.61B,$0.42B,15.90%,$2.61B,$0.42B,15.90%,$2.61B,$0.44B,16.97%,$2.61B,$0.21B,7.93%,$2.61B,$0.13B,4.87%,$0.13B,$2.32B,6.04%,$0.13B,$2.25B,6.23%,$0.13B,$14.69B,0.74%,$0.42B,$2.81B,15.30%,$703,$9,$694,$20,$526,$597,$106,$-39,$67,$26,$41,$41,$41,$118,$106,$119,119,$0.35,$0.35,$3985,$363,$0,$13134,$183,$1061,$63,$80,$1558,$14692,$11885,$491,$0,$491,$12376,$1,$1767,$-26,$2316,$14692,$43,$12,$25,$37,$330,$-96,$-619,$167,$-219,$-139,$-6,$0,$0,$0,$2018,$2018,$178,$2190,$-938,$0,$-938,$2,$2,$-14,$-2390,$-3340,$-1288,$13,$-14
36,2009-09-30,20.6,$18.15,1.13,$22.20,0.93,$9.57,2.15,$1.29,15.97,$16.67B,$14.57B,1.14,$1.43B,$2.23B,0.64,$2.60B,$2.57B,98.69%,$2.60B,$0.46B,17.75%,$2.60B,$0.46B,17.75%,$2.60B,$0.49B,18.67%,$2.60B,$0.24B,9.10%,$2.60B,$0.15B,5.65%,$0.15B,$2.23B,7.39%,$0.15B,$2.17B,7.63%,$0.15B,$18.23B,0.81%,$0.46B,$3.66B,18.18%,$678,$9,$669,$16,$511,$571,$107,$-51,$57,$19,$38,$38,$39,$114,$107,$117,117,$0.35,$0.35,$7339,$431,$0,$16667,$186,$1071,$63,$84,$1560,$18227,$14565,$1428,$0,$1428,$15994,$1,$1738,$-42,$2233,$18227,$153,$23,$158,$181,$336,$-192,$-2092,$1964,$16,$374,$-36,$0,$0,$0,$-1388,$-1388,$397,$-1026,$-894,$0,$-894,$21,$21,$-54,$686,$-242,$-901,$32,$-54
37,2009-06-30,15.16,$15.99,0.95,$22.91,0.66,$8.19,1.85,$1.34,11.31,$16.30B,$15.46B,1.06,$0.20B,$1.96B,0.1,$2.69B,$2.65B,98.77%,$2.69B,$0.52B,19.44%,$2.69B,$0.52B,19.44%,$2.69B,$0.55B,20.37%,$2.69B,$0.26B,9.65%,$2.69B,$0.15B,5.51%,$0.15B,$1.96B,7.78%,$0.15B,$1.90B,8.05%,$0.15B,$17.83B,0.79%,$0.52B,$2.16B,19.51%,$637,$8,$629,$19,$460,$523,$114,$-37,$77,$30,$47,$47,$41,$114,$114,$118,118,$0.35,$0.35,$6819,$304,$0,$16303,$188,$1045,$63,$84,$1528,$17831,$15459,$198,$0,$410,$15869,$1,$1708,$-67,$1962,$17831,$110,$16,$149,$165,$558,$-86,$531,$-874,$130,$404,$-29,$0,$0,$0,$300,$300,$-117,$154,$-2078,$0,$-2078,$16,$16,$-40,$-1106,$-3209,$-2668,$19,$-40
38,2009-03-31,17.24,$15.51,1.11,$24.34,0.71,$5.78,2.98,$1.57,10.98,$16.65B,$15.69B,1.06,$0.33B,$1.90B,0.17,$2.86B,$2.82B,98.84%,$2.86B,$0.60B,21.07%,$2.86B,$0.60B,21.07%,$2.86B,$0.62B,21.60%,$2.86B,$0.30B,10.40%,$2.86B,$0.18B,6.20%,$0.18B,$1.90B,9.45%,$0.18B,$1.83B,9.77%,$0.18B,$18.12B,0.94%,$0.60B,$2.22B,22.29%,$592,$7,$584,$19,$447,$504,$88,$-82,$6,$7,$-1,$-1,$6,$97,$88,$117,117,$0.05,$0.05,$6897,$320,$0,$16649,$189,$985,$63,$88,$1469,$18118,$15692,$327,$0,$529,$16221,$1,$1680,$-95,$1896,$18118,$67,$16,$122,$138,$837,$-182,$86,$-773,$-32,$174,$-23,$0,$0,$0,$-96,$-96,$-582,$-701,$-1950,$0,$-1950,$14,$14,$-27,$-389,$-2352,$-2890,$12,$-27
39,2008-12-31,14.9,$15.40,0.97,$26.05,0.57,$4.91,3.04,$2.02,7.38,$16.84B,$15.92B,1.06,$0.26B,$1.87B,0.14,$3.07B,$3.04B,98.96%,$3.07B,$0.74B,23.93%,$3.07B,$0.74B,23.93%,$3.07B,$0.75B,24.38%,$3.07B,$0.39B,12.66%,$3.07B,$0.23B,7.52%,$0.23B,$1.87B,12.54%,$0.23B,$1.80B,12.98%,$0.23B,$18.28B,1.23%,$0.74B,$2.12B,27.24%,$696,$9,$687,$25,$481,$542,$153,$-57,$97,$41,$56,$56,$61,$161,$153,$116,117,$0.50,$0.50,$6995,$260,$0,$16839,$191,$945,$63,$88,$1443,$18282,$15916,$256,$0,$501,$16417,$1,$1687,$-107,$1865,$18282,$56,$7,$33,$40,$755,$-56,$-214,$-359,$178,$274,$-15,$0,$0,$0,$-347,$-347,$-633,$-995,$-2021,$0,$-2021,$-0,$-0,$-13,$33,$-2001,$-2727,$3,$-13
40,2008-09-30,28.5,$15.67,1.82,$26.97,1.06,$3.25,8.76,$1.97,14.47,$19.22B,$16.27B,1.18,$2.32B,$1.88B,1.23,$3.21B,$3.17B,99.03%,$3.21B,$0.83B,25.87%,$3.21B,$0.83B,25.87%,$3.21B,$0.84B,26.21%,$3.21B,$0.38B,11.95%,$3.21B,$0.23B,7.05%,$0.23B,$1.88B,12.37%,$0.23B,$1.82B,12.81%,$0.23B,$20.71B,1.22%,$0.83B,$4.20B,30.96%,$760,$8,$752,$26,$528,$593,$167,$-88,$79,$34,$45,$45,$40,$175,$167,$116,117,$0.36,$0.37,$9145,$314,$0,$19224,$192,$1028,$63,$94,$1486,$20710,$16274,$2315,$0,$2552,$18826,$1,$1640,$-34,$1884,$20710,$235,$11,$135,$145,$0,$-16,$0,$-137,$-153,$227,$-51,$0,$0,$0,$54,$54,$-2879,$-2876,$2076,$0,$2076,$-35,$-35,$-53,$3225,$5213,$2563,$42,$-53
41,2008-06-30,22.71,$15.44,1.47,$27.56,0.82,$5.14,4.42,$2.09,10.87,$16.91B,$15.78B,1.07,$0.41B,$1.85B,0.22,$3.28B,$3.25B,99.06%,$3.28B,$0.93B,28.32%,$3.28B,$0.93B,28.32%,$3.28B,$0.93B,28.35%,$3.28B,$0.40B,12.18%,$3.28B,$0.25B,7.58%,$0.25B,$1.85B,13.87%,$0.25B,$1.79B,14.37%,$0.25B,$18.28B,1.43%,$0.93B,$2.26B,43.73%,$809,$8,$801,$25,$547,$615,$194,$-79,$115,$45,$70,$70,$70,$184,$194,$116,118,$0.60,$0.59,$6931,$492,$0,$16913,$185,$931,$63,$76,$1366,$18279,$15778,$414,$0,$654,$16432,$1,$1603,$-9,$1847,$18279,$186,$3,$96,$99,$-84,$-101,$127,$-101,$-158,$127,$-35,$0,$0,$0,$47,$47,$-2378,$-2367,$175,$0,$175,$-41,$-41,$-40,$2174,$2268,$25,$27,$-40
42,2008-03-31,19.7,$14.86,1.33,$27.62,0.71,$2.29,8.58,$2.07,9.52,$16.69B,$15.64B,1.07,$0.44B,$1.77B,0.25,$3.30B,$3.27B,99.06%,$3.30B,$0.98B,29.59%,$3.30B,$0.98B,29.59%,$3.30B,$0.99B,30.08%,$3.30B,$0.40B,11.98%,$3.30B,$0.25B,7.49%,$0.25B,$1.77B,14.08%,$0.25B,$1.71B,14.60%,$0.25B,$18.08B,1.47%,$0.98B,$2.21B,45.43%,$807,$7,$800,$22,$529,$586,$221,$-123,$98,$38,$60,$60,$60,$229,$221,$117,120,$0.51,$0.50,$7588,$359,$0,$16689,$176,$974,$63,$66,$1393,$18082,$15637,$438,$0,$673,$16310,$1,$1547,$-11,$1772,$18082,$116,$13,$46,$59,$596,$9,$7,$-704,$-107,$68,$-20,$0,$0,$0,$-292,$-292,$-1833,$-2144,$199,$0,$199,$-45,$-45,$-27,$2135,$2262,$182,$16,$-27
43,2007-12-31,27.76,$14.93,1.86,$27.09,1.02,$0.64,43.09,$2.07,13.41,$15.82B,$14.81B,1.07,$0.23B,$1.81B,0.13,$3.23B,$3.20B,99.04%,$3.23B,$0.96B,29.82%,$3.23B,$0.96B,29.82%,$3.23B,$0.98B,30.23%,$3.23B,$0.39B,12.08%,$3.23B,$0.25B,7.65%,$0.25B,$1.81B,14.43%,$0.25B,$1.74B,14.98%,$0.25B,$17.10B,1.56%,$0.96B,$2.04B,44.72%,$829,$9,$821,$24,$523,$582,$247,$-157,$91,$35,$56,$56,$56,$252,$247,$117,120,$0.48,$0.47,$6823,$685,$0,$15824,$171,$886,$63,$40,$1274,$17098,$14812,$232,$0,$480,$15292,$1,$1501,$29,$1806,$17098,$56,$5,$26,$31,$0,$33,$230,$-297,$-10,$77,$-8,$0,$0,$0,$591,$591,$-1248,$-665,$-7,$0,$-7,$0,$0,$-13,$642,$622,$35,$13,$-13
44,2007-09-30,27.92,$14.66,1.9,$26.21,1.07,$-2.16,0.0,$2.10,13.3,$15.00B,$14.03B,1.07,$0.24B,$1.76B,0.14,$3.11B,$3.08B,99.00%,$3.11B,$0.91B,29.36%,$3.11B,$0.91B,29.36%,$3.11B,$0.93B,29.77%,$3.11B,$0.39B,12.64%,$3.11B,$0.25B,8.04%,$0.25B,$1.76B,15.22%,$0.25B,$1.70B,15.83%,$0.25B,$16.25B,1.71%,$0.91B,$2.00B,42.21%,$839,$8,$831,$22,$518,$571,$268,$-172,$96,$33,$63,$63,$63,$266,$268,$116,119,$0.54,$0.54,$7360,$468,$0,$14999,$167,$882,$63,$36,$1256,$16254,$14028,$239,$0,$469,$14496,$1,$1462,$30,$1758,$16254,$250,$15,$42,$56,$0,$186,$34,$-50,$142,$449,$-46,$0,$4,$0,$-826,$-826,$-2120,$-2988,$-48,$0,$-48,$37,$37,$-48,$2845,$2785,$253,$37,$-48
45,2007-06-30,26.18,$14.06,1.86,$25.15,1.04,$-5.81,0.0,$2.01,13.03,$14.48B,$13.08B,1.11,$0.67B,$1.68B,0.4,$2.97B,$2.94B,98.92%,$2.97B,$0.84B,28.18%,$2.97B,$0.84B,28.18%,$2.97B,$0.86B,28.85%,$2.97B,$0.38B,12.67%,$2.97B,$0.24B,8.02%,$0.24B,$1.68B,15.17%,$0.24B,$1.62B,15.80%,$0.24B,$15.67B,1.78%,$0.84B,$2.35B,39.55%,$823,$8,$815,$22,$511,$583,$240,$-130,$110,$42,$68,$68,$68,$245,$240,$116,119,$0.59,$0.57,$7600,$738,$0,$14483,$155,$833,$63,$42,$1188,$15671,$13083,$667,$0,$908,$13991,$1,$1409,$19,$1680,$15671,$187,$17,$32,$48,$-845,$-188,$1222,$-619,$-453,$-217,$-30,$0,$4,$0,$-1179,$-1179,$-1162,$-2368,$381,$0,$381,$31,$31,$-36,$2249,$2624,$51,$27,$-36
46,2007-03-31,25.14,$13.45,1.87,$24.36,1.03,$-4.42,0.0,$1.92,13.09,$13.03B,$11.73B,1.11,$0.63B,$1.60B,0.39,$2.86B,$2.83B,98.85%,$2.86B,$0.77B,27.00%,$2.86B,$0.77B,27.00%,$2.86B,$0.79B,27.70%,$2.86B,$0.36B,12.70%,$2.86B,$0.23B,7.94%,$0.23B,$1.60B,15.04%,$0.23B,$1.54B,15.69%,$0.23B,$14.17B,1.86%,$0.77B,$2.23B,37.42%,$738,$7,$731,$22,$477,$531,$208,$-115,$93,$33,$60,$60,$60,$213,$208,$116,119,$0.52,$0.50,$6972,$654,$0,$13030,$149,$788,$63,$42,$1136,$14165,$11726,$630,$0,$837,$12564,$1,$1354,$11,$1602,$14165,$119,$11,$21,$32,$-2,$-114,$479,$-617,$-278,$-127,$-20,$0,$4,$0,$-1308,$-1308,$-739,$-2064,$344,$0,$344,$27,$27,$-24,$1877,$2224,$35,$18,$-24
47,2006-12-31,25.52,$12.95,1.97,$23.81,1.07,$-4.62,0.0,$1.95,13.09,$11.30B,$9.98B,1.13,$0.55B,$1.53B,0.36,$2.78B,$2.75B,98.89%,$2.78B,$0.72B,25.85%,$2.78B,$0.72B,25.85%,$2.78B,$0.74B,26.57%,$2.78B,$0.37B,13.12%,$2.78B,$0.23B,8.23%,$0.23B,$1.53B,15.75%,$0.23B,$1.47B,16.46%,$0.23B,$12.28B,2.05%,$0.72B,$2.08B,35.51%,$710,$8,$702,$22,$455,$513,$197,$-103,$94,$34,$59,$59,$59,$202,$197,$114,118,$0.52,$0.50,$5639,$721,$0,$11304,$149,$626,$63,$42,$972,$12276,$9984,$549,$0,$764,$10747,$1,$1306,$9,$1529,$12276,$59,$6,$15,$20,$121,$-208,$307,$-562,$-332,$-252,$-12,$0,$0,$0,$129,$129,$-425,$-307,$261,$0,$261,$12,$12,$-12,$259,$520,$-38,$11,$-12
