,Date,Stock Price,Book Value per Share,Price to Book Ratio,TTM Sales per Share,Price to Sales Ratio,TTM FCF per Share,Price to FCF Ratio,TTM Net EPS,PE Ratio,Current Assets,Current Liabilities,Current Ratio,Long Term Debt,Shareholder's Equity_x,Debt to Equity Ratio,TTM Revenue_x,TTM Gross Profit,Gross Margin,TTM Revenue_y,TTM Operating Income,Operating Margin,TTM Revenue_x,TTM EBIT,EBIT Margin,TTM Revenue_y,TTM EBITDA,EBITDA Margin,TTM Revenue_x,TTM Pre-Tax Income,Pre-Tax Margin,TTM Revenue_y,TTM Net Income_x,Net Margin,TTM Net Income_y,Shareholder's Equity_y,Return on Equity,TTM Net Income_x,Tangible Equity,Return on Tangible Equity,TTM Net Income_y,Total Assets,Return on Assets,TTM Net Income,LT Investments & Debt,Return on Investment,revenue,cost-goods-sold,gross-profit,research-development-expenses,selling-general-administrative-expenses,operating-expenses,operating-income,total-non-operating-income-expense,pre-tax-income,total-provision-income-taxes,income-after-taxes,income-from-continuous-operations,net-income,ebitda,ebit,basic-shares-outstanding,shares-outstanding,eps-basic-net-earnings-per-share,eps-earnings-per-share-diluted,cash-on-hand,inventory,other-current-assets,total-current-assets,net-property-plant-equipment,long-term-investments,goodwill-intangible-assets-total,other-long-term-assets,total-long-term-assets,total-assets,total-current-liabilities,long-term-debt,other-non-current-liabilities,total-long-term-liabilities,total-liabilities,common-stock-net,retained-earnings-accumulated-deficit,comprehensive-income,total-share-holder-equity,total-liabilities-share-holders-equity,net-income-loss,total-depreciation-amortization-cash-flow,other-non-cash-items,total-non-cash-items,change-in-accounts-receivable,change-in-inventories,change-in-accounts-payable,change-in-assets-liabilities,total-change-in-assets-liabilities,cash-flow-from-operating-activities,net-change-in-property-plant-equipment,net-change-in-intangible-assets,net-acquisitions-divestitures,net-change-in-short-term-investments,net-change-in-long-term-investments,net-change-in-investments-total,investing-activities-other,cash-flow-from-investing-activities,net-long-term-debt,net-current-debt,debt-issuance-retirement-net-total,net-common-equity-issued-repurchased,net-total-equity-issued-repurchased,total-common-preferred-stock-dividends-paid,financial-activities-other,cash-flow-from-financial-activities,net-cash-flow,stock-based-compensation,common-stock-dividends-paid
0,2018-09-30,137.55,$43.01,3.2,$75.87,1.81,$23.71,5.8,$0.81,169.81,$3.69B,$1.24B,2.98,$0.68B,$3.46B,0.2,$6.25B,$3.83B,61.25%,$6.25B,$0.55B,8.86%,$6.25B,$0.55B,8.86%,$6.25B,$0.84B,13.48%,$6.25B,$0.56B,8.94%,$6.25B,$0.24B,3.81%,$0.24B,$3.46B,6.92%,$0.24B,$2.36B,10.28%,$0.24B,$6.16B,3.88%,$0.55B,$4.15B,14.49%,$1691,$662,$1029,$0,$794,$1481,$210,$5,$215,$45,$170,$170,$170,$280,$210,$81,82,$2.09,$2.07,$1873,$995,$0,$3694,$1131,$0,$1104,$160,$2462,$6156,$1241,$684,$769,$1452,$2694,$1,$5925,$-108,$3462,$6156,$279,$140,$71,$211,$-19,$-252,$0,$-40,$-278,$213,$-93,$0,$-5,$-611,$0,$-611,$-24,$-733,$88,$-10,$78,$-202,$-202,$-91,$-3,$-219,$-759,$43,$-91
1,2018-06-30,125.72,$42.18,2.98,$75.55,1.66,$26.66,4.72,$2.56,49.11,$3.55B,$1.56B,2.27,$0.29B,$3.42B,0.08,$6.23B,$3.80B,60.99%,$6.23B,$0.54B,8.63%,$6.23B,$0.54B,8.63%,$6.23B,$0.83B,13.33%,$6.23B,$0.54B,8.59%,$6.23B,$0.21B,3.41%,$0.21B,$3.42B,6.15%,$0.21B,$2.31B,9.15%,$0.21B,$6.04B,3.47%,$0.54B,$3.71B,14.37%,$1391,$495,$896,$0,$742,$1261,$130,$3,$133,$24,$109,$109,$109,$200,$130,$82,83,$1.33,$1.31,$2020,$890,$0,$3550,$1142,$0,$1110,$163,$2485,$6035,$1564,$288,$763,$1051,$2614,$1,$5805,$-101,$3421,$6035,$109,$70,$36,$106,$154,$-147,$0,$-11,$15,$231,$-42,$0,$-5,$-780,$0,$-780,$0,$-827,$-6,$-10,$-16,$-108,$-108,$-41,$0,$-164,$-780,$22,$-41
2,2018-03-31,111.25,$42.53,2.62,$75.18,1.48,$27.94,3.98,$1.97,56.47,$3.55B,$1.59B,2.24,$0.29B,$3.46B,0.08,$6.18B,$3.75B,60.69%,$6.18B,$0.50B,8.04%,$6.18B,$0.50B,8.04%,$6.18B,$0.79B,12.83%,$6.18B,$0.49B,7.91%,$6.18B,$0.16B,2.64%,$0.16B,$3.46B,4.75%,$0.16B,$2.32B,7.10%,$0.16B,$6.14B,2.70%,$0.50B,$3.75B,13.08%,$1529,$621,$909,$0,$835,$1504,$25,$-1,$25,$-16,$41,$41,$41,$101,$25,$82,83,$0.50,$0.50,$2004,$761,$0,$3548,$1186,$0,$1139,$184,$2595,$6143,$1587,$288,$811,$1099,$2686,$1,$5752,$-99,$3457,$6143,$163,$295,$228,$523,$35,$58,$0,$-33,$289,$975,$-162,$0,$-5,$-23,$0,$-23,$0,$-189,$-28,$10,$-18,$-17,$-17,$-162,$0,$-198,$644,$75,$-162
3,2017-12-31,102.72,$41.91,2.45,$75.57,1.36,$26.17,3.93,$-1.01,0.0,$3.53B,$1.71B,2.07,$0.29B,$3.41B,0.09,$6.22B,$3.66B,58.89%,$6.22B,$0.21B,3.31%,$6.22B,$0.21B,3.31%,$6.22B,$0.50B,8.07%,$6.22B,$0.20B,3.14%,$6.22B,$-0.08B,-1.32%,$-0.08B,$3.41B,-2.42%,$-0.08B,$2.27B,-3.63%,$-0.08B,$6.20B,-1.38%,$0.21B,$3.70B,5.37%,$1642,$646,$996,$0,$774,$1453,$189,$-3,$186,$268,$-82,$-82,$-82,$262,$189,$82,82,$-1.00,$-1.00,$2038,$825,$0,$3533,$1216,$0,$1137,$180,$2666,$6199,$1710,$290,$791,$1081,$2792,$1,$5752,$-131,$3408,$6199,$122,$219,$85,$304,$159,$-12,$0,$-7,$526,$951,$-123,$0,$-5,$-190,$0,$-190,$0,$-318,$-21,$0,$-21,$-16,$-16,$-122,$0,$-159,$511,$56,$-122
4,2017-09-30,87.04,$43.17,2.02,$76.06,1.14,$23.54,3.7,$0.97,89.73,$3.32B,$1.59B,2.09,$0.29B,$3.51B,0.08,$6.29B,$3.65B,58.00%,$6.29B,$0.15B,2.30%,$6.29B,$0.15B,2.30%,$6.29B,$0.45B,7.09%,$6.29B,$0.13B,2.10%,$6.29B,$0.08B,1.29%,$0.08B,$3.51B,2.35%,$0.08B,$2.37B,3.50%,$0.08B,$6.03B,1.38%,$0.15B,$3.80B,3.66%,$1664,$668,$996,$0,$773,$1471,$193,$-2,$191,$47,$144,$144,$144,$267,$193,$82,82,$1.76,$1.75,$1619,$865,$0,$3324,$1241,$0,$1141,$180,$2704,$6028,$1590,$292,$637,$929,$2519,$1,$5874,$-135,$3510,$6028,$203,$147,$41,$187,$-17,$-53,$0,$-7,$46,$437,$-75,$0,$-4,$165,$0,$165,$0,$87,$-14,$0,$-14,$-15,$-15,$-81,$0,$-110,$447,$39,$-81
5,2017-06-30,72.34,$41.48,1.74,$77.72,0.93,$19.94,3.63,$-0.23,0.0,$3.09B,$1.22B,2.54,$0.59B,$3.36B,0.18,$6.45B,$3.61B,55.94%,$6.45B,$0.03B,0.43%,$6.45B,$0.03B,0.43%,$6.45B,$0.33B,5.13%,$6.45B,$0.02B,0.23%,$6.45B,$-0.02B,-0.26%,$-0.02B,$3.36B,-0.49%,$-0.02B,$2.22B,-0.73%,$-0.02B,$5.81B,-0.29%,$0.03B,$3.95B,0.69%,$1347,$496,$851,$0,$714,$1257,$90,$-4,$87,$27,$60,$60,$60,$163,$90,$82,83,$0.73,$0.72,$1571,$860,$0,$3087,$1273,$0,$1138,$175,$2727,$5814,$1217,$590,$647,$1237,$2454,$1,$5771,$-164,$3360,$5814,$60,$73,$19,$92,$174,$-55,$0,$13,$183,$334,$-42,$0,$-4,$-83,$0,$-83,$0,$-129,$-6,$0,$-6,$-14,$-14,$-41,$0,$-61,$165,$22,$-41
6,2017-03-31,79.47,$40.74,1.95,$80.03,0.99,$18.38,4.32,$-1.22,0.0,$2.96B,$1.16B,2.55,$0.59B,$3.30B,0.18,$6.65B,$3.65B,54.88%,$6.65B,$-0.09B,-1.40%,$6.65B,$-0.09B,-1.40%,$6.65B,$0.22B,3.23%,$6.65B,$-0.11B,-1.58%,$6.65B,$-0.10B,-1.49%,$-0.10B,$3.30B,-2.81%,$-0.10B,$2.18B,-4.18%,$-0.10B,$5.65B,-1.66%,$-0.09B,$3.89B,-2.26%,$1565,$746,$819,$0,$781,$1831,$-266,$-3,$-269,$-65,$-204,$-204,$-204,$-190,$-266,$83,83,$-2.46,$-2.46,$1353,$792,$0,$2955,$1316,$0,$1124,$131,$2698,$5652,$1160,$588,$604,$1193,$2352,$1,$5752,$-198,$3300,$5652,$-99,$308,$511,$818,$54,$120,$0,$-20,$234,$953,$-284,$0,$-6,$82,$0,$82,$0,$-208,$-27,$-116,$-143,$-210,$-210,$-165,$0,$-518,$210,$64,$-165
7,2016-12-31,87.41,$43.92,1.99,$82.88,1.05,$17.27,5.06,$1.75,49.95,$3.03B,$1.15B,2.64,$0.59B,$3.61B,0.16,$6.96B,$3.85B,55.27%,$6.96B,$0.24B,3.46%,$6.96B,$0.24B,3.46%,$6.96B,$0.56B,7.98%,$6.96B,$0.23B,3.25%,$6.96B,$0.15B,2.10%,$0.15B,$3.61B,4.02%,$0.15B,$2.49B,5.90%,$0.15B,$5.97B,2.40%,$0.24B,$4.20B,5.70%,$1715,$731,$983,$0,$772,$1586,$128,$-5,$123,$42,$81,$81,$81,$206,$128,$83,83,$0.98,$0.98,$1381,$984,$0,$3034,$1514,$0,$1125,$202,$2932,$5966,$1151,$589,$616,$1205,$2356,$1,$5997,$-223,$3610,$5966,$105,$232,$286,$518,$215,$-37,$0,$-46,$229,$851,$-226,$0,$-3,$244,$0,$244,$0,$16,$-19,$-116,$-136,$-110,$-110,$-124,$0,$-370,$469,$46,$-124
8,2016-09-30,97.34,$43.77,2.22,$85.06,1.14,$15.93,6.11,$2.31,42.14,$2.98B,$1.22B,2.45,$0.60B,$3.60B,0.17,$7.19B,$3.96B,55.03%,$7.19B,$0.30B,4.20%,$7.19B,$0.30B,4.20%,$7.19B,$0.61B,8.54%,$7.19B,$0.28B,3.95%,$7.19B,$0.20B,2.73%,$0.20B,$3.60B,5.33%,$0.20B,$2.43B,7.79%,$0.20B,$6.07B,3.17%,$0.30B,$4.20B,7.06%,$1821,$866,$954,$0,$803,$1744,$76,$-3,$74,$28,$46,$46,$46,$152,$76,$83,83,$0.55,$0.55,$965,$1173,$0,$2976,$1564,$0,$1171,$238,$3091,$6067,$1217,$597,$655,$1252,$2469,$1,$5956,$-180,$3598,$6067,$23,$154,$218,$372,$22,$-173,$0,$-50,$-163,$233,$-165,$0,$-3,$154,$0,$154,$0,$-14,$-13,$-21,$-34,$-111,$-111,$-83,$0,$-228,$-22,$32,$-83
9,2016-06-30,85.81,$43.33,1.98,$86.08,1.0,$17.03,5.04,$3.62,23.71,$3.00B,$1.30B,2.32,$0.60B,$3.57B,0.17,$7.34B,$4.12B,56.08%,$7.34B,$0.46B,6.21%,$7.34B,$0.46B,6.21%,$7.34B,$0.77B,10.48%,$7.34B,$0.43B,5.85%,$7.34B,$0.31B,4.22%,$0.31B,$3.57B,8.31%,$0.31B,$2.40B,12.06%,$0.31B,$6.12B,4.94%,$0.46B,$4.17B,10.53%,$1552,$658,$895,$0,$815,$1583,$-31,$-2,$-33,$-11,$-22,$-22,$-22,$47,$-31,$83,83,$-0.27,$-0.27,$1076,$1242,$0,$3002,$1565,$0,$1170,$265,$3116,$6118,$1296,$602,$654,$1256,$2552,$1,$5952,$-192,$3566,$6118,$-22,$78,$106,$184,$174,$-168,$0,$-46,$81,$243,$-78,$0,$-1,$38,$0,$38,$0,$-41,$-7,$-26,$-33,$-112,$-112,$-41,$0,$-186,$1,$18,$-41
10,2016-03-31,91.66,$45.16,2.03,$85.94,1.07,$18.06,5.07,$4.62,19.84,$3.05B,$1.20B,2.55,$0.60B,$3.74B,0.16,$7.41B,$4.19B,56.54%,$7.41B,$0.58B,7.87%,$7.41B,$0.58B,7.87%,$7.41B,$0.89B,12.05%,$7.41B,$0.55B,7.45%,$7.41B,$0.40B,5.35%,$0.40B,$3.74B,10.44%,$0.40B,$2.58B,15.04%,$0.40B,$6.21B,6.32%,$0.58B,$4.34B,13.52%,$1871,$858,$1014,$0,$919,$1803,$68,$-6,$62,$20,$41,$41,$41,$150,$68,$85,86,$0.49,$0.49,$1086,$1125,$0,$3053,$1583,$0,$1162,$297,$3160,$6213,$1198,$597,$674,$1271,$2470,$1,$6015,$-182,$3744,$6213,$396,$309,$189,$498,$129,$-91,$0,$8,$122,$1017,$-418,$0,$-16,$-142,$0,$-142,$0,$-576,$275,$-119,$156,$-467,$-467,$-170,$-2,$-483,$-35,$97,$-170
11,2015-12-31,105.6,$45.29,2.33,$85.32,1.24,$16.72,6.31,$5.54,19.06,$3.45B,$1.21B,2.84,$0.60B,$3.80B,0.16,$7.42B,$4.22B,56.84%,$7.42B,$0.71B,9.50%,$7.42B,$0.71B,9.50%,$7.42B,$1.01B,13.59%,$7.42B,$0.66B,8.94%,$7.42B,$0.48B,6.46%,$0.48B,$3.80B,12.51%,$0.48B,$2.66B,17.95%,$0.48B,$6.34B,7.68%,$0.71B,$4.40B,16.49%,$1946,$852,$1094,$0,$833,$1757,$189,$-8,$181,$50,$131,$131,$131,$265,$189,$85,86,$1.55,$1.54,$1215,$1271,$0,$3452,$1564,$0,$1149,$138,$2889,$6341,$1214,$596,$727,$1323,$2537,$1,$6015,$-200,$3804,$6341,$355,$227,$117,$344,$176,$-251,$0,$10,$153,$852,$-325,$0,$-14,$-46,$0,$-46,$-6,$-391,$280,$-219,$61,$-368,$-368,$-128,$7,$-428,$27,$79,$-128
12,2015-09-30,111.43,$44.99,2.48,$85.40,1.3,$17.19,6.48,$6.41,17.38,$3.58B,$1.28B,2.8,$0.60B,$3.81B,0.16,$7.51B,$4.28B,57.05%,$7.51B,$0.83B,11.07%,$7.51B,$0.83B,11.07%,$7.51B,$1.14B,15.13%,$7.51B,$0.78B,10.43%,$7.51B,$0.56B,7.50%,$0.56B,$3.81B,14.45%,$0.56B,$2.65B,20.66%,$0.56B,$6.44B,9.02%,$0.83B,$4.41B,19.47%,$1970,$857,$1113,$0,$839,$1740,$230,$-11,$219,$59,$160,$160,$160,$307,$230,$86,86,$1.87,$1.86,$1126,$1380,$0,$3580,$1519,$0,$1161,$140,$2863,$6443,$1278,$597,$757,$1354,$2632,$1,$5926,$-167,$3811,$6443,$224,$151,$37,$188,$59,$-342,$207,$60,$-46,$366,$-202,$0,$-12,$-92,$0,$-92,$-5,$-311,$287,$-104,$183,$-278,$-278,$-86,$5,$-176,$-120,$54,$-86
13,2015-06-30,124.25,$44.42,2.8,$84.85,1.46,$16.39,7.58,$6.80,18.27,$3.30B,$1.23B,2.69,$0.30B,$3.81B,0.08,$7.53B,$4.30B,57.12%,$7.53B,$0.89B,11.78%,$7.53B,$0.89B,11.78%,$7.53B,$1.19B,15.76%,$7.53B,$0.84B,11.18%,$7.53B,$0.60B,8.02%,$0.60B,$3.81B,15.29%,$0.60B,$2.65B,21.85%,$0.60B,$6.07B,9.70%,$0.89B,$4.10B,20.87%,$1618,$652,$966,$0,$822,$1522,$96,$-6,$90,$26,$64,$64,$64,$170,$96,$87,88,$0.74,$0.73,$1151,$1270,$0,$3304,$1419,$0,$1161,$134,$2764,$6068,$1229,$297,$735,$1032,$2261,$1,$5808,$-154,$3807,$6068,$64,$74,$23,$97,$265,$-229,$0,$30,$171,$332,$-68,$0,$-3,$-4,$0,$-4,$-2,$-77,$-5,$-79,$-84,$-154,$-154,$-43,$6,$-275,$-10,$32,$-43
14,2015-03-31,122.99,$45.09,2.73,$85.29,1.44,$17.03,7.22,$7.87,15.63,$3.32B,$1.19B,2.8,$0.30B,$3.89B,0.08,$7.62B,$4.38B,57.45%,$7.62B,$1.04B,13.58%,$7.62B,$1.04B,13.58%,$7.62B,$1.33B,17.45%,$7.62B,$0.99B,12.95%,$7.62B,$0.70B,9.21%,$0.70B,$3.89B,17.59%,$0.70B,$2.72B,25.23%,$0.70B,$6.11B,11.24%,$1.04B,$4.19B,24.12%,$1885,$841,$1044,$0,$839,$1695,$190,$-17,$173,$49,$124,$124,$124,$266,$190,$88,89,$1.43,$1.42,$1144,$1042,$0,$3324,$1436,$0,$1170,$131,$2782,$6106,$1186,$298,$731,$1029,$2215,$1,$5787,$-165,$3891,$6106,$702,$294,$77,$372,$-96,$-98,$0,$-15,$-180,$893,$-391,$0,$-12,$-285,$0,$-285,$-1,$-689,$-24,$234,$210,$-479,$-479,$-158,$7,$-421,$-298,$81,$-158
15,2014-12-31,172.53,$46.68,3.7,$84.43,2.04,$17.02,10.14,$8.14,21.2,$3.52B,$1.26B,2.8,$0.30B,$4.08B,0.07,$7.60B,$4.38B,57.67%,$7.60B,$1.07B,14.08%,$7.60B,$1.07B,14.08%,$7.60B,$1.35B,17.81%,$7.60B,$1.03B,13.59%,$7.60B,$0.73B,9.62%,$0.73B,$4.08B,18.15%,$0.73B,$2.89B,26.16%,$0.73B,$6.34B,11.71%,$1.07B,$4.38B,24.73%,$2033,$874,$1159,$0,$837,$1718,$315,$-14,$301,$86,$215,$215,$215,$393,$315,$88,89,$2.44,$2.41,$1407,$1211,$0,$3519,$1454,$0,$1190,$132,$2825,$6344,$1258,$300,$711,$1011,$2269,$1,$5706,$-22,$4075,$6344,$578,$219,$33,$252,$155,$-240,$0,$-57,$60,$890,$-300,$0,$-8,$-216,$0,$-216,$-1,$-525,$-17,$113,$96,$-336,$-336,$-119,$7,$-352,$-34,$60,$-119
16,2014-09-30,153.12,$45.94,3.33,$83.53,1.83,$15.45,9.91,$8.30,18.45,$3.56B,$1.28B,2.78,$0.30B,$4.03B,0.07,$7.58B,$4.40B,57.98%,$7.58B,$1.09B,14.36%,$7.58B,$1.09B,14.36%,$7.58B,$1.36B,17.96%,$7.58B,$1.06B,13.92%,$7.58B,$0.75B,9.93%,$0.75B,$4.03B,18.74%,$0.75B,$2.81B,27.22%,$0.75B,$6.40B,12.21%,$1.09B,$4.33B,25.23%,$1994,$862,$1132,$0,$836,$1708,$286,$-8,$278,$77,$201,$201,$201,$358,$286,$88,89,$2.27,$2.25,$1191,$1292,$0,$3560,$1411,$0,$1223,$159,$2838,$6398,$1283,$300,$786,$1086,$2369,$1,$5530,$40,$4029,$6398,$363,$141,$38,$179,$-63,$-295,$104,$-14,$-267,$275,$-176,$0,$-3,$-261,$0,$-261,$0,$-440,$-13,$210,$197,$-248,$-248,$-79,$5,$-125,$-314,$42,$-79
17,2014-06-30,148.97,$45.14,3.3,$81.95,1.82,$14.41,10.34,$8.28,17.99,$3.32B,$1.06B,3.13,$0.30B,$3.97B,0.08,$7.51B,$4.35B,57.95%,$7.51B,$1.10B,14.63%,$7.51B,$1.10B,14.63%,$7.51B,$1.37B,18.19%,$7.51B,$1.07B,14.20%,$7.51B,$0.76B,10.09%,$0.76B,$3.97B,18.89%,$0.76B,$2.72B,27.62%,$0.76B,$6.13B,12.34%,$1.10B,$4.27B,25.49%,$1708,$665,$1043,$0,$788,$1464,$244,$-9,$235,$73,$162,$162,$162,$313,$244,$89,90,$1.82,$1.80,$1369,$1180,$0,$3321,$1363,$0,$1256,$151,$2809,$6130,$1061,$300,$797,$1097,$2158,$1,$5369,$113,$3972,$6130,$162,$69,$25,$94,$230,$-158,$0,$-19,$159,$415,$-85,$0,$-4,$-175,$0,$-175,$0,$-264,$-5,$0,$-5,$-197,$-197,$-40,$4,$-238,$-86,$23,$-40
18,2014-03-31,148.76,$45.48,3.27,$80.77,1.84,$13.21,11.26,$8.42,17.67,$3.33B,$0.97B,3.43,$0.30B,$4.03B,0.07,$7.45B,$4.31B,57.85%,$7.45B,$1.13B,15.17%,$7.45B,$1.13B,15.17%,$7.45B,$1.39B,18.63%,$7.45B,$1.10B,14.71%,$7.45B,$0.78B,10.42%,$0.78B,$4.03B,19.62%,$0.78B,$2.77B,28.95%,$0.78B,$6.09B,13.00%,$1.13B,$4.33B,27.04%,$1867,$817,$1050,$0,$815,$1642,$225,$-6,$219,$66,$153,$153,$153,$290,$225,$91,92,$1.66,$1.69,$1285,$1020,$0,$3329,$1322,$0,$1263,$135,$2759,$6088,$970,$298,$786,$1084,$2054,$1,$5257,$114,$4034,$6088,$776,$258,$60,$318,$-104,$-77,$0,$-108,$-187,$907,$-390,$0,$-40,$-56,$0,$-56,$-2,$-488,$22,$0,$22,$-506,$-506,$-149,$34,$-599,$-177,$93,$-149
19,2013-12-31,162.75,$45.02,3.61,$78.02,2.09,$15.52,10.49,$8.11,20.07,$3.34B,$0.98B,3.4,$0.30B,$4.03B,0.07,$7.23B,$4.24B,58.60%,$7.23B,$1.09B,15.04%,$7.23B,$1.09B,15.04%,$7.23B,$1.34B,18.53%,$7.23B,$1.05B,14.46%,$7.23B,$0.75B,10.38%,$0.75B,$4.03B,19.27%,$0.75B,$2.77B,28.74%,$0.75B,$6.06B,12.93%,$1.09B,$4.33B,26.89%,$2015,$843,$1172,$0,$815,$1681,$334,$-10,$324,$87,$237,$237,$237,$401,$334,$90,92,$2.62,$2.57,$1415,$1117,$0,$3342,$1299,$5,$1263,$130,$2718,$6060,$984,$300,$742,$1042,$2026,$1,$5144,$104,$4034,$6060,$623,$193,$-4,$189,$59,$-176,$0,$-80,$-100,$760,$-295,$0,$-39,$-104,$0,$-104,$-2,$-440,$25,$0,$25,$-362,$-362,$-109,$32,$-414,$-92,$74,$-109
20,2013-09-30,151.45,$44.15,3.43,$75.86,2.0,$17.98,8.42,$7.85,19.29,$3.56B,$1.22B,2.92,$0.30B,$3.99B,0.08,$7.06B,$4.16B,58.90%,$7.06B,$1.06B,14.99%,$7.06B,$1.06B,14.99%,$7.06B,$1.30B,18.48%,$7.06B,$1.02B,14.40%,$7.06B,$0.73B,10.33%,$0.73B,$3.99B,19.05%,$0.73B,$2.71B,28.86%,$0.73B,$6.27B,12.88%,$1.06B,$4.29B,27.12%,$1915,$831,$1084,$0,$777,$1620,$295,$-7,$288,$83,$205,$205,$205,$361,$295,$90,92,$2.28,$2.23,$1411,$1215,$0,$3558,$1280,$7,$1285,$114,$2708,$6266,$1218,$300,$757,$1057,$2275,$1,$4961,$114,$3991,$6266,$386,$126,$-4,$122,$-93,$-271,$0,$27,$-288,$220,$-214,$0,$-36,$-152,$0,$-152,$-6,$-408,$295,$0,$295,$-191,$-191,$-73,$20,$51,$-135,$43,$-73
21,2013-06-30,159.34,$41.56,3.83,$75.02,2.12,$19.95,7.99,$7.91,20.14,$3.08B,$1.18B,2.62,$0.00B,$3.76B,0.0,$7.01B,$4.17B,59.50%,$7.01B,$1.11B,15.86%,$7.01B,$1.11B,15.86%,$7.01B,$1.35B,19.24%,$7.01B,$1.07B,15.27%,$7.01B,$0.74B,10.54%,$0.74B,$3.76B,19.61%,$0.74B,$2.47B,30.21%,$0.74B,$5.46B,13.48%,$1.11B,$3.76B,29.01%,$1653,$649,$1004,$0,$735,$1377,$276,$-11,$265,$84,$181,$181,$181,$336,$276,$91,93,$1.99,$1.94,$1351,$1053,$0,$3084,$944,$9,$1288,$113,$2376,$5460,$1179,$0,$520,$520,$1699,$1,$4791,$82,$3761,$5460,$181,$60,$-16,$44,$131,$-129,$0,$22,$70,$295,$-66,$0,$-32,$-7,$0,$-7,$-2,$-107,$-2,$0,$-2,$-196,$-196,$-36,$17,$-217,$-34,$22,$-36
22,2013-03-31,154.56,$41.64,3.71,$74.02,2.09,$19.66,7.86,$8.00,19.32,$2.96B,$1.12B,2.64,$0.00B,$3.79B,0.0,$6.95B,$4.16B,59.84%,$6.95B,$1.13B,16.23%,$6.95B,$1.13B,16.23%,$6.95B,$1.36B,19.58%,$6.95B,$1.09B,15.68%,$6.95B,$0.75B,10.80%,$0.75B,$3.79B,20.32%,$0.75B,$2.49B,31.87%,$0.75B,$5.42B,13.87%,$1.13B,$3.79B,29.48%,$1644,$669,$975,$0,$769,$1462,$182,$-14,$168,$41,$127,$127,$127,$241,$182,$91,94,$1.40,$1.37,$1299,$896,$0,$2963,$932,$81,$1296,$124,$2455,$5418,$1121,$0,$512,$512,$1633,$1,$4647,$94,$3785,$5418,$750,$233,$93,$326,$82,$-68,$0,$-1,$-57,$1019,$-276,$0,$-22,$182,$0,$182,$3,$-113,$-9,$0,$-9,$-498,$-498,$-128,$40,$-595,$302,$88,$-128
23,2012-12-31,136.53,$41.56,3.29,$73.47,1.86,$18.15,7.52,$7.62,17.92,$3.00B,$1.19B,2.52,$0.00B,$3.77B,0.0,$6.92B,$4.11B,59.32%,$6.92B,$1.08B,15.61%,$6.92B,$1.08B,15.61%,$6.92B,$1.31B,18.95%,$6.92B,$1.05B,15.19%,$6.92B,$0.72B,10.36%,$0.72B,$3.77B,19.60%,$0.72B,$2.44B,31.13%,$0.72B,$5.49B,13.26%,$1.08B,$3.77B,28.02%,$1846,$752,$1094,$0,$768,$1541,$305,$-10,$295,$79,$216,$216,$216,$366,$305,$91,93,$2.37,$2.31,$1312,$981,$0,$3002,$926,$89,$1333,$123,$2487,$5489,$1192,$0,$528,$528,$1720,$1,$4556,$161,$3770,$5489,$623,$174,$26,$200,$166,$-138,$0,$11,$74,$897,$-195,$0,$-18,$199,$0,$199,$7,$-7,$-8,$0,$-8,$-459,$-459,$-128,$32,$-563,$327,$65,$-128
24,2012-09-30,137.36,$40.84,3.36,$72.71,1.89,$17.21,7.98,$7.09,19.37,$3.00B,$0.96B,3.13,$0.27B,$3.74B,0.07,$6.88B,$4.05B,58.76%,$6.88B,$1.05B,15.19%,$6.88B,$1.05B,15.19%,$6.88B,$1.27B,18.49%,$6.88B,$1.02B,14.80%,$6.88B,$0.67B,9.73%,$0.67B,$3.74B,18.62%,$0.67B,$2.37B,30.03%,$0.67B,$5.52B,12.49%,$1.05B,$4.00B,27.07%,$1862,$767,$1095,$0,$741,$1514,$348,$-6,$342,$128,$214,$214,$214,$405,$348,$91,93,$2.34,$2.29,$1013,$1060,$0,$3003,$912,$85,$1364,$125,$2521,$5524,$958,$266,$563,$829,$1787,$1,$4377,$198,$3736,$5524,$407,$113,$24,$137,$-56,$-216,$0,$8,$-237,$307,$-117,$0,$-10,$38,$0,$38,$7,$-82,$-4,$0,$-4,$-321,$-321,$-55,$26,$-354,$-128,$43,$-55
25,2012-06-30,126.87,$38.11,3.33,$72.85,1.74,$17.19,7.38,$7.26,17.48,$2.72B,$0.93B,2.92,$0.26B,$3.47B,0.08,$6.93B,$4.03B,58.16%,$6.93B,$1.05B,15.14%,$6.93B,$1.05B,15.14%,$6.93B,$1.28B,18.41%,$6.93B,$1.03B,14.80%,$6.93B,$0.69B,9.96%,$0.69B,$3.47B,19.66%,$0.69B,$2.11B,32.35%,$0.69B,$5.19B,12.98%,$1.05B,$3.73B,27.76%,$1593,$601,$992,$0,$693,$1301,$292,$-8,$284,$91,$193,$193,$193,$348,$292,$92,95,$2.10,$2.03,$1032,$964,$0,$2719,$870,$82,$1358,$132,$2475,$5194,$933,$261,$528,$789,$1722,$1,$4199,$161,$3472,$5194,$193,$56,$0,$56,$149,$-131,$0,$-13,$20,$269,$-62,$0,$-7,$-60,$0,$-60,$8,$-121,$-3,$0,$-3,$-344,$-344,$-19,$20,$-346,$-203,$22,$-19
26,2012-03-31,157.46,$39.40,4.0,$71.86,2.19,$16.80,9.37,$7.13,22.08,$2.90B,$0.95B,3.07,$0.27B,$3.65B,0.08,$6.86B,$4.00B,58.29%,$6.86B,$1.04B,15.15%,$6.86B,$1.04B,15.15%,$6.86B,$1.27B,18.44%,$6.86B,$1.02B,14.81%,$6.86B,$0.68B,9.93%,$0.68B,$3.65B,19.78%,$0.68B,$2.29B,33.16%,$0.68B,$5.42B,12.95%,$1.04B,$3.93B,27.93%,$1623,$697,$926,$0,$773,$1487,$136,$-5,$131,$37,$94,$94,$94,$193,$136,$93,96,$1.03,$0.99,$1187,$842,$0,$2900,$884,$100,$1363,$130,$2517,$5416,$946,$274,$543,$818,$1764,$1,$4042,$197,$3653,$5416,$681,$225,$37,$262,$-114,$-148,$0,$49,$-58,$885,$-272,$0,$-12,$34,$0,$34,$1,$-249,$-8,$0,$-8,$-358,$-358,$-74,$32,$-408,$219,$78,$-74
27,2011-12-31,124.58,$38.24,3.26,$69.32,1.8,$14.77,8.43,$6.88,18.11,$2.83B,$0.98B,2.89,$0.27B,$3.53B,0.08,$6.66B,$3.88B,58.27%,$6.66B,$1.02B,15.31%,$6.66B,$1.02B,15.31%,$6.66B,$1.24B,18.61%,$6.66B,$1.00B,14.96%,$6.66B,$0.66B,9.90%,$0.66B,$3.53B,19.67%,$0.66B,$2.15B,33.74%,$0.66B,$5.33B,12.82%,$1.02B,$3.80B,28.05%,$1806,$774,$1032,$0,$751,$1536,$270,$-8,$262,$93,$169,$169,$169,$327,$270,$92,95,$1.83,$1.78,$1202,$895,$0,$2827,$827,$73,$1384,$145,$2500,$5327,$979,$266,$552,$818,$1797,$1,$3967,$207,$3530,$5327,$587,$168,$19,$188,$-9,$-203,$1,$13,$10,$784,$-160,$0,$-10,$178,$0,$178,$1,$9,$-6,$0,$-6,$-378,$-378,$-56,$18,$-421,$363,$55,$-56
28,2011-09-30,116.85,$36.74,3.18,$66.07,1.77,$12.51,9.34,$6.82,17.13,$2.77B,$1.12B,2.47,$0.27B,$3.38B,0.08,$6.41B,$3.76B,58.68%,$6.41B,$1.00B,15.55%,$6.41B,$1.00B,15.55%,$6.41B,$1.21B,18.89%,$6.41B,$0.97B,15.19%,$6.41B,$0.66B,10.29%,$0.66B,$3.38B,19.81%,$0.66B,$1.98B,34.22%,$0.66B,$5.33B,13.00%,$1.00B,$3.66B,27.59%,$1905,$826,$1079,$0,$720,$1554,$351,$-3,$348,$114,$234,$234,$234,$407,$351,$92,95,$2.53,$2.46,$886,$988,$0,$2774,$834,$94,$1403,$149,$2555,$5328,$1122,$274,$548,$822,$1945,$1,$3816,$247,$3384,$5328,$418,$111,$3,$114,$-196,$-284,$0,$14,$-248,$284,$-92,$0,$-8,$87,$0,$87,$0,$-13,$-4,$100,$96,$-388,$-388,$-37,$14,$-316,$-45,$34,$-37
29,2011-06-30,119.3,$34.65,3.44,$61.64,1.94,$11.82,10.09,$6.45,18.5,$2.52B,$0.91B,2.77,$0.30B,$3.20B,0.09,$6.03B,$3.57B,59.14%,$6.03B,$0.95B,15.78%,$6.03B,$0.95B,15.78%,$6.03B,$1.16B,19.18%,$6.03B,$0.93B,15.43%,$6.03B,$0.63B,10.44%,$0.63B,$3.20B,19.25%,$0.63B,$1.80B,33.50%,$0.63B,$4.96B,12.71%,$0.95B,$3.50B,26.74%,$1526,$565,$962,$0,$672,$1244,$282,$-8,$275,$90,$184,$184,$184,$338,$282,$94,97,$1.96,$1.90,$952,$896,$0,$2516,$785,$30,$1404,$142,$2445,$4960,$908,$297,$553,$850,$1759,$1,$3601,$240,$3202,$4960,$184,$55,$7,$63,$58,$-183,$0,$-24,$-34,$212,$-39,$0,$-8,$139,$0,$139,$0,$92,$-1,$8,$6,$-321,$-321,$-19,$3,$-331,$-22,$18,$-19
30,2011-03-31,111.07,$34.97,3.18,$57.41,1.93,$11.36,9.78,$5.76,19.28,$2.48B,$0.83B,2.98,$0.29B,$3.31B,0.09,$5.66B,$3.32B,58.62%,$5.66B,$0.84B,14.91%,$5.66B,$0.84B,14.91%,$5.66B,$1.04B,18.36%,$5.66B,$0.83B,14.59%,$5.66B,$0.57B,10.02%,$0.57B,$3.31B,17.64%,$0.57B,$1.90B,30.79%,$0.57B,$4.98B,11.71%,$0.84B,$3.60B,24.16%,$1427,$617,$810,$0,$681,$1310,$117,$-6,$112,$38,$73,$73,$73,$169,$117,$96,99,$0.76,$0.73,$1047,$702,$0,$2478,$789,$84,$1404,$150,$2503,$4981,$832,$292,$553,$844,$1676,$1,$3435,$216,$3305,$4981,$568,$194,$80,$274,$-51,$-174,$0,$31,$-153,$689,$-255,$0,$-71,$-2,$0,$-2,$29,$-299,$-8,$0,$-8,$-506,$-506,$-39,$40,$-513,$-110,$70,$-39
31,2010-12-31,99.48,$35.48,2.8,$56.16,1.77,$13.93,7.14,$6.15,16.18,$2.51B,$0.79B,3.17,$0.28B,$3.41B,0.08,$5.57B,$3.30B,59.19%,$5.57B,$0.90B,16.14%,$5.57B,$0.90B,16.14%,$5.57B,$1.09B,19.59%,$5.57B,$0.88B,15.82%,$5.57B,$0.61B,10.92%,$0.61B,$3.41B,19.20%,$0.61B,$2.02B,33.63%,$0.61B,$5.01B,12.78%,$0.90B,$3.69B,26.11%,$1548,$640,$908,$0,$655,$1302,$246,$-8,$238,$70,$168,$168,$168,$297,$246,$96,98,$1.76,$1.72,$1243,$698,$0,$2513,$756,$66,$1389,$147,$2496,$5009,$793,$275,$383,$803,$1596,$1,$3381,$182,$3413,$5009,$494,$143,$-19,$124,$47,$-179,$0,$43,$-24,$594,$-172,$0,$-68,$-17,$0,$-17,$16,$-241,$-7,$0,$-7,$-280,$-280,$-29,$34,$-282,$80,$49,$-29
32,2010-09-30,80.52,$33.39,2.41,$52.64,1.53,$16.52,4.87,$5.53,14.56,$2.44B,$0.89B,2.76,$0.29B,$3.17B,0.09,$5.27B,$3.11B,59.12%,$5.27B,$0.83B,15.69%,$5.27B,$0.83B,15.69%,$5.27B,$1.01B,19.20%,$5.27B,$0.81B,15.36%,$5.27B,$0.55B,10.46%,$0.55B,$3.17B,17.87%,$0.55B,$1.80B,31.75%,$0.55B,$4.88B,11.80%,$0.83B,$3.46B,24.55%,$1532,$644,$888,$0,$574,$1225,$307,$-1,$306,$101,$205,$205,$205,$354,$307,$96,98,$2.15,$2.09,$936,$733,$0,$2444,$716,$61,$1372,$143,$2431,$4875,$885,$285,$382,$818,$1703,$1,$3222,$192,$3173,$4875,$326,$92,$0,$92,$-138,$-219,$0,$26,$-194,$224,$-94,$0,$-21,$100,$0,$100,$-3,$-18,$-4,$0,$-4,$-326,$-326,$-19,$7,$-343,$-127,$31,$-19
33,2010-06-30,65.3,$30.96,2.11,$50.54,1.29,$17.83,3.66,$5.19,12.58,$2.16B,$0.76B,2.83,$0.26B,$2.97B,0.09,$5.11B,$3.01B,58.93%,$5.11B,$0.77B,14.98%,$5.11B,$0.77B,14.98%,$5.11B,$0.95B,18.56%,$5.11B,$0.75B,14.58%,$5.11B,$0.52B,10.26%,$0.52B,$2.97B,17.24%,$0.52B,$1.64B,30.81%,$0.52B,$4.50B,11.41%,$0.77B,$3.23B,23.00%,$1153,$441,$712,$0,$532,$979,$174,$-5,$170,$49,$121,$121,$121,$220,$174,$97,100,$1.24,$1.21,$991,$630,$0,$2161,$675,$72,$1326,$135,$2338,$4499,$764,$262,$366,$769,$1533,$1,$3027,$117,$2966,$4499,$121,$46,$-9,$37,$104,$-133,$0,$2,$14,$171,$-39,$0,$-2,$-91,$0,$-91,$-3,$-135,$-1,$0,$-1,$-242,$-242,$-10,$2,$-251,$-217,$16,$-10
34,2010-03-31,76.01,$31.74,2.4,$49.08,1.55,$19.20,3.96,$4.74,16.04,$2.28B,$0.75B,3.05,$0.28B,$3.12B,0.09,$4.98B,$2.90B,58.22%,$4.98B,$0.71B,14.22%,$4.98B,$0.71B,14.22%,$4.98B,$0.89B,17.85%,$4.98B,$0.69B,13.84%,$4.98B,$0.48B,9.64%,$0.48B,$3.12B,15.97%,$0.48B,$1.77B,28.77%,$0.48B,$4.65B,10.45%,$0.71B,$3.40B,21.45%,$1337,$548,$789,$0,$612,$1165,$172,$-4,$167,$53,$114,$114,$114,$220,$172,$99,101,$1.17,$1.12,$1147,$504,$0,$2276,$697,$76,$1350,$149,$2373,$4649,$747,$282,$503,$785,$1532,$1,$2915,$154,$3117,$4649,$480,$181,$50,$231,$92,$29,$0,$8,$196,$907,$-201,$0,$-31,$-279,$0,$-279,$6,$-504,$-128,$0,$-128,$-181,$-181,$-25,$27,$-306,$82,$60,$-25
35,2009-12-31,72.3,$31.20,2.32,$47.97,1.51,$18.06,4.0,$4.05,17.85,$2.35B,$0.76B,3.11,$0.30B,$3.08B,0.1,$4.87B,$2.74B,56.39%,$4.87B,$0.58B,11.82%,$4.87B,$0.58B,11.82%,$4.87B,$0.76B,15.52%,$4.87B,$0.56B,11.53%,$4.87B,$0.41B,8.45%,$0.41B,$3.08B,14.13%,$0.41B,$1.73B,25.99%,$0.41B,$4.65B,9.09%,$0.58B,$3.37B,17.77%,$1244,$520,$724,$0,$540,$1071,$173,$-7,$166,$54,$111,$111,$111,$217,$173,$99,101,$1.12,$1.10,$1291,$545,$0,$2350,$644,$43,$1343,$167,$2301,$4651,$755,$298,$392,$820,$1575,$1,$2811,$187,$3076,$4651,$365,$134,$37,$170,$219,$-5,$0,$14,$269,$804,$-104,$0,$-4,$43,$0,$43,$1,$-65,$-126,$0,$-126,$-120,$-120,$-15,$17,$-244,$493,$40,$-15
36,2009-09-30,68.32,$30.26,2.26,$48.13,1.42,$17.32,3.94,$4.00,17.08,$2.25B,$0.73B,3.07,$0.31B,$3.00B,0.1,$4.87B,$2.69B,55.19%,$4.87B,$0.57B,11.67%,$4.87B,$0.57B,11.67%,$4.87B,$0.75B,15.39%,$4.87B,$0.55B,11.35%,$4.87B,$0.41B,8.31%,$0.41B,$3.00B,14.39%,$0.41B,$1.66B,27.19%,$0.41B,$4.57B,9.09%,$0.57B,$3.30B,17.95%,$1374,$589,$785,$0,$526,$1128,$246,$-4,$242,$65,$178,$178,$178,$291,$246,$99,102,$1.79,$1.75,$926,$610,$0,$2251,$644,$44,$1331,$198,$2321,$4572,$733,$308,$403,$843,$1576,$1,$2710,$174,$2996,$4572,$254,$89,$15,$105,$-1,$-71,$0,$21,$-39,$321,$-53,$0,$-2,$-139,$0,$-139,$-1,$-195,$-124,$0,$-124,$-62,$-62,$-10,$7,$-190,$-58,$24,$-10
37,2009-06-30,47.71,$28.40,1.68,$48.64,0.98,$17.66,2.7,$3.83,12.46,$2.21B,$0.89B,2.49,$0.29B,$2.83B,0.1,$4.93B,$2.69B,54.64%,$4.93B,$0.57B,11.48%,$4.93B,$0.57B,11.48%,$4.93B,$0.75B,15.20%,$4.93B,$0.56B,11.28%,$4.93B,$0.39B,7.87%,$0.39B,$2.83B,14.39%,$0.39B,$1.51B,28.19%,$0.39B,$4.50B,8.86%,$0.57B,$3.12B,18.34%,$1024,$423,$601,$0,$479,$907,$117,$-3,$114,$37,$77,$77,$77,$161,$117,$99,102,$0.77,$0.76,$1089,$612,$0,$2206,$632,$0,$1323,$243,$2295,$4501,$888,$293,$363,$782,$1670,$1,$2537,$145,$2831,$4501,$77,$44,$8,$53,$225,$-82,$0,$3,$163,$292,$-18,$0,$-2,$-127,$0,$-127,$6,$-141,$-1,$0,$-1,$-10,$-10,$-5,$3,$-13,$140,$13,$-5
38,2009-03-31,37.61,$27.57,1.36,$49.46,0.76,$18.29,2.06,$4.00,9.4,$2.06B,$0.67B,3.05,$0.41B,$2.74B,0.15,$5.02B,$2.73B,54.39%,$5.02B,$0.60B,11.87%,$5.02B,$0.60B,11.87%,$5.02B,$0.78B,15.56%,$5.02B,$0.59B,11.72%,$5.02B,$0.41B,8.09%,$0.41B,$2.74B,15.56%,$0.41B,$1.42B,31.48%,$0.41B,$4.36B,9.40%,$0.60B,$3.14B,19.58%,$1224,$590,$634,$0,$521,$1185,$39,$-1,$39,$-6,$45,$45,$45,$86,$39,$99,101,$0.44,$0.45,$820,$525,$0,$2057,$652,$30,$1315,$200,$2300,$4357,$674,$406,$386,$947,$1621,$1,$2466,$127,$2735,$4357,$406,$184,$86,$271,$1,$-11,$0,$40,$98,$774,$-185,$0,$-46,$-254,$0,$-254,$27,$-458,$-204,$0,$-204,$-141,$-141,$-20,$12,$-352,$-70,$50,$-20
39,2008-12-31,40.38,$27.19,1.49,$49.17,0.82,$17.02,2.37,$4.56,8.85,$2.00B,$0.72B,2.78,$0.42B,$2.69B,0.16,$5.04B,$2.77B,55.00%,$5.04B,$0.70B,13.92%,$5.04B,$0.70B,13.92%,$5.04B,$0.89B,17.73%,$5.04B,$0.69B,13.78%,$5.04B,$0.47B,9.23%,$0.47B,$2.69B,18.43%,$0.47B,$1.36B,38.72%,$0.47B,$4.39B,10.76%,$0.70B,$3.11B,23.57%,$1252,$582,$670,$0,$497,$1085,$167,$-9,$158,$53,$105,$105,$105,$212,$167,$99,101,$1.07,$1.05,$880,$585,$0,$2004,$694,$0,$1331,$255,$2381,$4385,$721,$420,$399,$970,$1691,$1,$2426,$141,$2694,$4385,$362,$138,$46,$184,$175,$-62,$0,$2,$206,$751,$-130,$0,$-46,$-226,$0,$-226,$52,$-351,$-202,$0,$-202,$-142,$-142,$-15,$11,$-348,$23,$37,$-15
40,2008-09-30,59.19,$25.59,2.31,$48.91,1.21,$16.11,3.67,$4.59,12.89,$1.87B,$0.74B,2.54,$0.44B,$2.53B,0.17,$5.05B,$2.78B,54.95%,$5.05B,$0.71B,13.95%,$5.05B,$0.71B,13.95%,$5.05B,$0.91B,17.91%,$5.05B,$0.70B,13.85%,$5.05B,$0.47B,9.36%,$0.47B,$2.53B,19.31%,$0.47B,$1.21B,41.76%,$0.47B,$4.28B,10.97%,$0.71B,$2.97B,24.27%,$1429,$641,$788,$0,$532,$1186,$243,$2,$245,$84,$161,$161,$161,$290,$243,$99,102,$1.62,$1.58,$510,$619,$0,$1867,$692,$0,$1313,$291,$2410,$4276,$735,$439,$419,$1016,$1751,$1,$2326,$99,$2525,$4276,$256,$93,$36,$129,$-35,$-103,$0,$38,$3,$388,$-85,$0,$-44,$-16,$0,$-16,$-5,$-150,$-201,$0,$-201,$-151,$-151,$-10,$8,$-354,$-134,$23,$-10
41,2008-06-30,55.72,$24.82,2.24,$47.20,1.18,$14.67,3.8,$4.10,13.59,$1.80B,$0.71B,2.52,$0.47B,$2.48B,0.19,$4.92B,$2.68B,54.51%,$4.92B,$0.66B,13.30%,$4.92B,$0.66B,13.30%,$4.92B,$0.86B,17.45%,$4.92B,$0.65B,13.10%,$4.92B,$0.43B,8.67%,$0.43B,$2.48B,17.95%,$0.43B,$1.16B,40.17%,$0.43B,$4.26B,9.95%,$0.66B,$2.95B,23.14%,$1114,$475,$638,$0,$487,$967,$147,$-0,$146,$51,$95,$95,$95,$193,$147,$100,102,$0.96,$0.93,$711,$568,$0,$1799,$706,$0,$1323,$313,$2463,$4262,$714,$470,$436,$1063,$1777,$1,$2170,$124,$2484,$4262,$95,$46,$6,$52,$197,$-54,$0,$30,$249,$397,$-56,$0,$-11,$-73,$0,$-73,$-5,$-145,$-198,$0,$-198,$-44,$-44,$-5,$3,$-244,$2,$10,$-5
42,2008-03-31,51.69,$24.02,2.15,$46.27,1.12,$13.53,3.82,$3.99,12.96,$1.89B,$0.91B,2.08,$0.47B,$2.39B,0.2,$4.88B,$2.64B,54.06%,$4.88B,$0.65B,13.40%,$4.88B,$0.65B,13.40%,$4.88B,$0.86B,17.52%,$4.88B,$0.64B,13.20%,$4.88B,$0.42B,8.61%,$0.42B,$2.39B,18.14%,$0.42B,$1.07B,41.77%,$0.42B,$4.37B,9.94%,$0.65B,$2.86B,23.78%,$1241,$567,$674,$0,$514,$1097,$144,$1,$145,$40,$106,$106,$104,$198,$144,$102,105,$1.02,$1.00,$626,$515,$0,$1894,$710,$0,$1324,$321,$2472,$4366,$909,$473,$439,$1067,$1976,$1,$2079,$113,$2390,$4366,$422,$201,$67,$268,$10,$82,$0,$-3,$78,$695,$-217,$0,$-189,$-84,$0,$-84,$-15,$-505,$161,$0,$161,$-435,$-435,$-21,$34,$-261,$-12,$71,$-21
43,2007-12-31,54.75,$23.58,2.32,$44.06,1.24,$14.67,3.73,$3.67,14.92,$1.93B,$0.91B,2.12,$0.44B,$2.40B,0.18,$4.67B,$2.52B,54.00%,$4.67B,$0.63B,13.49%,$4.67B,$0.63B,13.49%,$4.67B,$0.82B,17.52%,$4.67B,$0.62B,13.25%,$4.67B,$0.39B,8.33%,$0.39B,$2.40B,16.90%,$0.39B,$1.09B,37.01%,$0.39B,$4.35B,9.55%,$0.63B,$2.84B,23.18%,$1270,$593,$677,$0,$492,$1099,$171,$-7,$164,$51,$113,$113,$113,$224,$171,$102,104,$1.11,$1.08,$824,$581,$0,$1926,$677,$0,$1309,$297,$2419,$4345,$910,$439,$428,$1035,$1945,$1,$1981,$90,$2400,$4345,$316,$148,$36,$184,$149,$15,$0,$34,$200,$700,$-152,$0,$-183,$-20,$0,$-20,$-17,$-372,$165,$0,$165,$-306,$-306,$-16,$34,$-123,$241,$50,$-16
44,2007-09-30,68.84,$22.10,3.12,$42.51,1.62,$14.53,4.74,$3.62,19.02,$1.81B,$0.91B,1.99,$0.42B,$2.24B,0.19,$4.54B,$2.46B,54.12%,$4.54B,$0.64B,14.15%,$4.54B,$0.64B,14.15%,$4.54B,$0.81B,17.85%,$4.54B,$0.64B,14.00%,$4.54B,$0.39B,8.52%,$0.39B,$2.24B,16.99%,$0.39B,$0.93B,34.69%,$0.39B,$4.19B,10.01%,$0.64B,$2.67B,23.97%,$1299,$604,$695,$0,$488,$1107,$193,$-2,$190,$75,$115,$115,$115,$244,$193,$103,105,$1.12,$1.09,$473,$636,$0,$1812,$647,$0,$1309,$289,$2375,$4188,$909,$424,$420,$1036,$1945,$1,$1873,$70,$2243,$4188,$204,$95,$35,$129,$-46,$-45,$0,$41,$-79,$254,$-93,$0,$-182,$0,$0,$0,$-14,$-288,$166,$0,$166,$-262,$-262,$-10,$29,$-77,$-91,$30,$-10
45,2007-06-30,86.81,$21.57,4.02,$41.06,2.11,$14.80,5.87,$3.81,22.78,$1.71B,$0.79B,2.15,$0.40B,$2.23B,0.18,$4.41B,$2.40B,54.33%,$4.41B,$0.67B,15.07%,$4.41B,$0.67B,15.07%,$4.41B,$0.82B,18.50%,$4.41B,$0.66B,14.96%,$4.41B,$0.41B,9.27%,$0.41B,$2.23B,18.04%,$0.41B,$0.93B,34.28%,$0.41B,$4.00B,11.20%,$0.67B,$2.63B,25.92%,$1070,$478,$592,$0,$439,$925,$146,$-1,$145,$57,$88,$88,$88,$189,$146,$104,107,$0.85,$0.82,$643,$605,$0,$1706,$622,$0,$1296,$279,$2289,$3995,$793,$403,$389,$975,$1767,$1,$1763,$40,$2228,$3995,$88,$43,$7,$50,$171,$-25,$0,$-27,$143,$281,$-45,$0,$-180,$0,$0,$0,$-1,$-225,$168,$0,$168,$-164,$-164,$-5,$26,$25,$79,$10,$-5
46,2007-03-31,77.96,$22.45,3.47,$39.91,1.95,$14.43,5.4,$3.73,20.9,$1.69B,$0.64B,2.63,$0.40B,$2.34B,0.17,$4.30B,$2.34B,54.40%,$4.30B,$0.65B,15.18%,$4.30B,$0.65B,15.18%,$4.30B,$0.80B,18.58%,$4.30B,$0.64B,14.99%,$4.30B,$0.40B,9.33%,$0.40B,$2.34B,17.96%,$0.40B,$1.25B,32.25%,$0.40B,$3.76B,11.63%,$0.65B,$2.73B,26.82%,$1031,$473,$558,$0,$434,$911,$120,$0,$120,$47,$73,$73,$73,$161,$120,$104,108,$0.71,$0.68,$564,$527,$0,$1686,$630,$0,$1088,$297,$2072,$3758,$640,$399,$384,$783,$1423,$1,$1742,$41,$2335,$3758,$401,$145,$-39,$106,$26,$-32,$0,$257,$290,$796,$-184,$0,$-176,$0,$0,$0,$-75,$-435,$83,$0,$83,$-180,$-180,$-21,$22,$-95,$278,$44,$-21
47,2006-12-31,68.64,$22.09,3.11,$39.39,1.74,$11.45,6.0,$3.63,18.91,$1.72B,$0.61B,2.84,$0.39B,$2.31B,0.17,$4.24B,$2.30B,54.38%,$4.24B,$0.65B,15.29%,$4.24B,$0.65B,15.29%,$4.24B,$0.79B,18.53%,$4.24B,$0.63B,14.96%,$4.24B,$0.39B,9.20%,$0.39B,$2.31B,18.04%,$0.39B,$1.35B,32.38%,$0.39B,$3.53B,11.89%,$0.65B,$2.70B,28.67%,$1144,$530,$614,$0,$427,$960,$184,$-3,$181,$70,$111,$111,$111,$217,$184,$104,108,$1.06,$1.03,$752,$484,$0,$1715,$557,$0,$956,$290,$1816,$3531,$605,$394,$205,$620,$1225,$1,$1691,$42,$2306,$3531,$328,$104,$39,$144,$124,$11,$48,$-1,$183,$654,$-104,$0,$-1,$0,$0,$0,$-52,$-158,$85,$0,$85,$-132,$-132,$-16,$23,$-40,$466,$31,$-16
