,Date,Stock Price,Book Value per Share,Price to Book Ratio,TTM Sales per Share,Price to Sales Ratio,TTM FCF per Share,Price to FCF Ratio,TTM Net EPS,PE Ratio,Current Assets,Current Liabilities,Current Ratio,Long Term Debt,Shareholder's Equity_x,Debt to Equity Ratio,TTM Revenue_x,TTM Gross Profit,Gross Margin,TTM Revenue_y,TTM Operating Income,Operating Margin,TTM Revenue_x,TTM EBIT,EBIT Margin,TTM Revenue_y,TTM EBITDA,EBITDA Margin,TTM Revenue_x,TTM Pre-Tax Income,Pre-Tax Margin,TTM Revenue_y,TTM Net Income_x,Net Margin,TTM Net Income_y,Shareholder's Equity_y,Return on Equity,TTM Net Income_x,Tangible Equity,Return on Tangible Equity,TTM Net Income_y,Total Assets,Return on Assets,TTM Net Income,LT Investments & Debt,Return on Investment,revenue,cost-goods-sold,gross-profit,research-development-expenses,selling-general-administrative-expenses,operating-expenses,operating-income,total-non-operating-income-expense,pre-tax-income,total-provision-income-taxes,income-after-taxes,income-from-continuous-operations,net-income,ebitda,ebit,basic-shares-outstanding,shares-outstanding,eps-basic-net-earnings-per-share,eps-earnings-per-share-diluted,cash-on-hand,inventory,other-current-assets,total-current-assets,net-property-plant-equipment,long-term-investments,goodwill-intangible-assets-total,other-long-term-assets,total-long-term-assets,total-assets,total-current-liabilities,long-term-debt,other-non-current-liabilities,total-long-term-liabilities,total-liabilities,common-stock-net,retained-earnings-accumulated-deficit,comprehensive-income,total-share-holder-equity,total-liabilities-share-holders-equity,net-income-loss,total-depreciation-amortization-cash-flow,other-non-cash-items,total-non-cash-items,change-in-accounts-receivable,change-in-inventories,change-in-accounts-payable,change-in-assets-liabilities,total-change-in-assets-liabilities,cash-flow-from-operating-activities,net-change-in-property-plant-equipment,net-change-in-intangible-assets,net-acquisitions-divestitures,net-change-in-short-term-investments,net-change-in-long-term-investments,net-change-in-investments-total,investing-activities-other,cash-flow-from-investing-activities,net-long-term-debt,net-current-debt,debt-issuance-retirement-net-total,net-common-equity-issued-repurchased,net-total-equity-issued-repurchased,total-common-preferred-stock-dividends-paid,financial-activities-other,cash-flow-from-financial-activities,net-cash-flow,stock-based-compensation,common-stock-dividends-paid
0,2018-09-30,20.64,$20.37,1.01,$47.69,0.43,$3.82,5.4,$3.17,6.51,$0.75B,$1.30B,0.58,$3.07B,$2.44B,1.26,$6.17B,$2.85B,46.12%,$6.17B,$0.45B,7.21%,$6.17B,$0.45B,7.21%,$6.17B,$0.66B,10.62%,$6.17B,$0.29B,4.64%,$6.17B,$0.41B,6.71%,$0.41B,$2.44B,16.67%,$0.41B,$-2.28B,-18.41%,$0.41B,$7.44B,5.60%,$0.45B,$5.51B,7.76%,$1676,$902,$774,$0,$143,$1490,$186,$-41,$145,$40,$105,$104,$103,$239,$186,$123,124,$0.84,$0.83,$237,$0,$0,$751,$284,$0,$4722,$1681,$6687,$7438,$1303,$3070,$244,$3692,$4995,$1,$-2485,$-47,$2443,$7438,$161,$157,$80,$237,$-138,$0,$0,$-17,$-173,$224,$-73,$0,$-1,$-15,$19,$4,$10,$-60,$83,$180,$263,$-302,$-302,$-34,$-87,$-160,$3,$31,$-34
1,2018-06-30,22.7,$19.59,1.16,$46.25,0.49,$5.32,4.26,$3.03,7.49,$0.77B,$1.38B,0.56,$3.07B,$2.44B,1.26,$6.17B,$2.86B,46.34%,$6.17B,$0.45B,7.36%,$6.17B,$0.45B,7.36%,$6.17B,$0.67B,10.78%,$6.17B,$0.29B,4.77%,$6.17B,$0.41B,6.58%,$0.41B,$2.44B,16.31%,$0.41B,$-2.29B,-18.06%,$0.41B,$7.49B,5.47%,$0.45B,$5.52B,7.77%,$1820,$1009,$811,$0,$144,$1600,$220,$-46,$174,$52,$122,$124,$123,$272,$220,$127,128,$0.97,$0.96,$239,$0,$0,$773,$283,$0,$4729,$1706,$6718,$7491,$1379,$3073,$256,$3670,$5049,$1,$-2588,$-47,$2442,$7491,$57,$104,$39,$143,$-158,$0,$0,$-21,$-192,$9,$-49,$0,$-1,$-15,$19,$4,$1,$-45,$80,$242,$322,$-200,$-200,$-23,$-57,$42,$5,$21,$-23
2,2018-03-31,27.06,$18.86,1.44,$44.90,0.6,$6.63,4.08,$2.85,9.5,$0.60B,$0.90B,0.67,$3.45B,$2.43B,1.42,$6.14B,$2.87B,46.74%,$6.14B,$0.46B,7.56%,$6.14B,$0.46B,7.56%,$6.14B,$0.68B,11.01%,$6.14B,$0.30B,4.93%,$6.14B,$0.39B,6.38%,$0.39B,$2.43B,15.78%,$0.39B,$-2.31B,-17.38%,$0.39B,$7.33B,5.30%,$0.46B,$5.88B,7.82%,$1229,$645,$584,$0,$156,$1271,$-42,$-40,$-82,$-19,$-63,$-67,$-67,$10,$-42,$130,130,$-0.51,$-0.51,$188,$0,$0,$601,$281,$0,$4736,$1707,$6724,$7325,$897,$3447,$262,$4000,$4897,$1,$-2711,$-44,$2428,$7325,$-67,$52,$-20,$32,$-35,$0,$0,$-19,$-99,$-130,$-25,$0,$0,$-4,$19,$15,$1,$-9,$-1,$232,$231,$-94,$-94,$-12,$-32,$93,$-46,$9,$-12
3,2017-12-31,26.2,$19.92,1.32,$44.08,0.59,$7.53,3.48,$3.16,8.29,$0.61B,$0.76B,0.8,$3.42B,$2.62B,1.3,$6.11B,$2.88B,47.17%,$6.11B,$0.52B,8.42%,$6.11B,$0.52B,8.42%,$6.11B,$0.73B,11.92%,$6.11B,$0.35B,5.74%,$6.11B,$0.43B,7.05%,$0.43B,$2.62B,17.44%,$0.43B,$-2.12B,-18.98%,$0.43B,$7.34B,5.82%,$0.52B,$6.04B,8.70%,$1444,$768,$676,$0,$161,$1363,$81,$-32,$49,$-196,$245,$256,$255,$134,$81,$137,138,$1.86,$1.84,$234,$0,$0,$610,$289,$0,$4743,$1695,$6727,$7337,$761,$3415,$212,$3954,$4715,$1,$-2631,$-37,$2622,$7337,$434,$214,$-26,$188,$22,$0,$0,$13,$44,$667,$-99,$0,$-18,$-55,$11,$-44,$15,$-146,$-53,$-130,$-183,$-272,$-272,$-49,$-66,$-570,$-47,$52,$-49
4,2017-09-30,32.46,$18.24,1.78,$43.04,0.75,$6.85,4.74,$1.67,19.44,$0.79B,$0.84B,0.94,$3.47B,$2.47B,1.41,$6.04B,$2.89B,47.83%,$6.04B,$0.53B,8.69%,$6.04B,$0.53B,8.69%,$6.04B,$0.74B,12.30%,$6.04B,$0.39B,6.42%,$6.04B,$0.23B,3.86%,$0.23B,$2.47B,9.58%,$0.23B,$-2.28B,-10.08%,$0.23B,$7.52B,3.14%,$0.53B,$5.93B,8.91%,$1674,$887,$787,$0,$145,$1479,$195,$-42,$153,$67,$86,$96,$95,$249,$195,$136,138,$0.70,$0.69,$348,$0,$0,$789,$272,$0,$4743,$1717,$6732,$7521,$836,$3468,$234,$4220,$5056,$1,$-2886,$-37,$2465,$7521,$178,$161,$171,$332,$-43,$0,$0,$-20,$-63,$445,$-69,$0,$-13,$-34,$0,$-34,$17,$-99,$29,$-10,$19,$-173,$-173,$-37,$-86,$-277,$71,$38,$-37
5,2017-06-30,31.89,$17.71,1.8,$42.25,0.75,$6.54,4.87,$1.71,18.65,$0.69B,$0.83B,0.83,$3.47B,$2.42B,1.43,$6.01B,$2.91B,48.45%,$6.01B,$0.54B,9.02%,$6.01B,$0.54B,9.02%,$6.01B,$0.76B,12.70%,$6.01B,$0.41B,6.84%,$6.01B,$0.24B,4.06%,$0.24B,$2.42B,10.03%,$0.24B,$-2.32B,-10.54%,$0.24B,$7.43B,3.29%,$0.54B,$5.89B,9.17%,$1793,$970,$823,$0,$168,$1563,$230,$-47,$183,$73,$110,$110,$109,$283,$230,$138,139,$0.79,$0.78,$219,$0,$0,$689,$267,$0,$4739,$1731,$6737,$7426,$830,$3469,$258,$4173,$5003,$1,$-2981,$-38,$2423,$7426,$82,$107,$94,$201,$-73,$0,$0,$-34,$-96,$186,$-48,$0,$-4,$-3,$0,$-3,$-1,$-56,$18,$-10,$8,$-118,$-118,$-25,$-51,$-186,$-55,$25,$-25
6,2017-03-31,29.19,$17.12,1.71,$40.67,0.72,$5.98,4.88,$1.56,18.71,$0.58B,$0.88B,0.65,$3.43B,$2.38B,1.44,$5.88B,$2.89B,49.11%,$5.88B,$0.52B,8.91%,$5.88B,$0.52B,8.91%,$5.88B,$0.74B,12.66%,$5.88B,$0.38B,6.48%,$5.88B,$0.23B,3.86%,$0.23B,$2.38B,9.33%,$0.23B,$-2.37B,-9.87%,$0.23B,$7.33B,3.04%,$0.52B,$5.80B,8.69%,$1203,$605,$598,$0,$151,$1194,$9,$-43,$-34,$-9,$-25,$-28,$-28,$63,$9,$140,140,$-0.20,$-0.20,$205,$0,$0,$575,$270,$0,$4743,$1742,$6755,$7330,$880,$3428,$268,$4075,$4955,$1,$-3090,$-39,$2375,$7330,$-28,$54,$8,$62,$26,$0,$0,$-27,$-45,$-12,$-28,$0,$-1,$-3,$0,$-3,$-1,$-33,$-43,$110,$67,$-56,$-56,$-13,$-25,$-27,$-71,$12,$-13
7,2016-12-31,25.13,$17.61,1.43,$39.80,0.63,$5.68,4.43,$1.47,17.09,$0.68B,$0.85B,0.8,$3.47B,$2.47B,1.41,$5.81B,$2.87B,49.31%,$5.81B,$0.52B,8.98%,$5.81B,$0.52B,8.98%,$5.81B,$0.74B,12.74%,$5.81B,$0.35B,6.01%,$5.81B,$0.21B,3.67%,$0.21B,$2.47B,8.77%,$0.21B,$-2.28B,-9.31%,$0.21B,$7.42B,2.85%,$0.52B,$5.94B,8.66%,$1370,$689,$681,$0,$147,$1279,$91,$-5,$86,$30,$56,$58,$57,$148,$91,$145,146,$0.39,$0.39,$281,$0,$0,$677,$267,$0,$4751,$1726,$6744,$7421,$845,$3470,$248,$4107,$4952,$1,$-3062,$-40,$2469,$7421,$217,$218,$173,$391,$21,$0,$0,$-22,$-18,$586,$-87,$0,$-95,$0,$0,$0,$-9,$-191,$-234,$0,$-234,$-193,$-193,$-26,$-81,$-534,$-142,$57,$-26
8,2016-09-30,25.16,$17.30,1.45,$39.35,0.64,$5.66,4.45,$1.13,22.27,$0.69B,$0.77B,0.89,$3.53B,$2.47B,1.43,$5.77B,$2.84B,49.26%,$5.77B,$0.52B,9.07%,$5.77B,$0.52B,9.07%,$5.77B,$0.74B,12.78%,$5.77B,$0.26B,4.58%,$5.77B,$0.17B,2.86%,$0.17B,$2.47B,6.83%,$0.17B,$-2.30B,-7.23%,$0.17B,$7.46B,2.20%,$0.52B,$6.00B,8.79%,$1644,$834,$810,$0,$136,$1432,$212,$-36,$176,$74,$102,$107,$106,$269,$212,$144,145,$0.74,$0.73,$224,$0,$0,$686,$254,$0,$4764,$1751,$6769,$7455,$770,$3528,$324,$4217,$4987,$1,$-3119,$-39,$2468,$7455,$159,$161,$166,$327,$-43,$0,$0,$-23,$-71,$411,$-61,$0,$-95,$0,$0,$0,$-7,$-163,$-175,$-45,$-220,$-133,$-133,$-13,$-72,$-438,$-191,$39,$-13
9,2016-06-30,28.14,$16.72,1.68,$39.28,0.72,$5.54,5.08,$1.14,24.69,$0.95B,$0.60B,1.6,$3.97B,$2.42B,1.64,$5.79B,$2.84B,49.11%,$5.79B,$0.56B,9.69%,$5.79B,$0.56B,9.69%,$5.79B,$0.78B,13.42%,$5.79B,$0.27B,4.66%,$5.79B,$0.17B,2.92%,$0.17B,$2.42B,7.05%,$0.17B,$-2.25B,-7.42%,$0.17B,$7.63B,2.21%,$0.56B,$6.40B,9.19%,$1662,$864,$798,$0,$135,$1450,$212,$-59,$153,$64,$89,$94,$92,$264,$212,$146,147,$0.63,$0.63,$423,$0,$0,$954,$250,$0,$4674,$1752,$6676,$7630,$596,$3971,$340,$4610,$5206,$1,$-3230,$-38,$2424,$7630,$52,$104,$98,$202,$-112,$0,$0,$-18,$-148,$103,$-40,$0,$-15,$0,$0,$0,$-3,$-58,$264,$-200,$64,$-66,$-66,$0,$-34,$-36,$8,$25,$0
10,2016-03-31,35.02,$16.12,2.17,$39.11,0.9,$5.33,6.57,$1.17,29.93,$0.71B,$1.05B,0.67,$3.42B,$2.35B,1.46,$5.78B,$2.82B,48.79%,$5.78B,$0.56B,9.61%,$5.78B,$0.56B,9.61%,$5.78B,$0.78B,13.43%,$5.78B,$0.27B,4.74%,$5.78B,$0.17B,3.01%,$0.17B,$2.35B,7.37%,$0.17B,$-2.33B,-7.56%,$0.17B,$7.40B,2.26%,$0.56B,$5.78B,9.03%,$1134,$558,$576,$0,$144,$1127,$7,$-73,$-66,$-24,$-42,$-42,$-42,$59,$7,$147,147,$-0.29,$-0.29,$283,$0,$0,$710,$251,$0,$4681,$1758,$6690,$7400,$1054,$3423,$331,$3993,$5047,$1,$-3322,$-36,$2353,$7400,$-42,$52,$16,$68,$-6,$0,$0,$-12,$-89,$-64,$-22,$0,$-13,$0,$0,$0,$1,$-34,$213,$-200,$13,$-33,$-33,$0,$-14,$-34,$-132,$12,$0
11,2015-12-31,35.56,$16.50,2.15,$38.62,0.92,$5.21,6.82,$1.24,28.68,$0.84B,$1.33B,0.63,$3.21B,$2.42B,1.33,$5.71B,$2.78B,48.63%,$5.71B,$0.56B,9.78%,$5.71B,$0.56B,9.78%,$5.71B,$0.78B,13.62%,$5.71B,$0.28B,4.94%,$5.71B,$0.18B,3.22%,$0.18B,$2.42B,7.96%,$0.18B,$-2.26B,-7.95%,$0.18B,$7.53B,2.39%,$0.56B,$5.63B,8.88%,$1325,$669,$656,$0,$137,$1233,$92,$-91,$1,$-6,$7,$10,$9,$145,$92,$147,148,$0.07,$0.06,$415,$0,$0,$835,$254,$0,$4679,$1763,$6696,$7531,$1327,$3209,$306,$3782,$5109,$1,$-3280,$-36,$2422,$7531,$188,$219,$203,$422,$-10,$0,$0,$-16,$-18,$588,$-84,$0,$-127,$0,$0,$0,$0,$-211,$395,$-589,$-194,$5,$5,$0,$-86,$-275,$100,$57,$0
12,2015-09-30,36.49,$16.31,2.24,$38.36,0.95,$4.24,8.61,$1.32,27.65,$1.09B,$0.61B,1.79,$4.23B,$2.39B,1.77,$5.66B,$2.74B,48.44%,$5.66B,$0.58B,10.16%,$5.66B,$0.58B,10.16%,$5.66B,$0.80B,14.05%,$5.66B,$0.30B,5.30%,$5.66B,$0.20B,3.46%,$0.20B,$2.39B,8.70%,$0.20B,$-2.28B,-8.36%,$0.20B,$8.03B,2.56%,$0.58B,$6.63B,8.92%,$1668,$855,$813,$0,$141,$1418,$250,$-68,$182,$74,$108,$112,$110,$309,$250,$147,148,$0.75,$0.74,$567,$0,$0,$1089,$240,$0,$4670,$1822,$6940,$8029,$607,$4232,$318,$5029,$5636,$1,$-3289,$-38,$2393,$8029,$178,$166,$153,$319,$-110,$0,$0,$-36,$-94,$400,$-60,$0,$-111,$0,$0,$0,$0,$-171,$53,$0,$53,$3,$3,$0,$-29,$27,$254,$40,$0
13,2015-06-30,45.31,$15.51,2.92,$37.51,1.21,$3.45,13.12,$1.26,35.96,$0.96B,$0.58B,1.66,$4.29B,$2.27B,1.89,$5.52B,$2.66B,48.24%,$5.52B,$0.55B,9.87%,$5.52B,$0.55B,9.87%,$5.52B,$0.76B,13.75%,$5.52B,$0.29B,5.16%,$5.52B,$0.19B,3.37%,$0.19B,$2.27B,8.47%,$0.19B,$-2.34B,-7.84%,$0.19B,$7.85B,2.46%,$0.55B,$6.56B,8.53%,$1651,$877,$774,$0,$151,$1445,$206,$-49,$157,$66,$91,$98,$97,$263,$206,$147,148,$0.66,$0.66,$359,$0,$0,$956,$236,$0,$4615,$1829,$6890,$7846,$576,$4291,$293,$4997,$5573,$1,$-3399,$-35,$2273,$7846,$66,$107,$56,$163,$-184,$0,$0,$-7,$-155,$73,$-41,$0,$-75,$0,$0,$0,$-5,$-121,$110,$0,$110,$2,$2,$0,$-17,$95,$46,$26,$0
14,2015-03-31,44.11,$14.73,2.99,$36.66,1.2,$3.35,13.15,$1.06,41.61,$0.64B,$0.50B,1.29,$4.16B,$2.16B,1.93,$5.38B,$2.60B,48.26%,$5.38B,$0.54B,10.11%,$5.38B,$0.54B,10.11%,$5.38B,$0.75B,13.95%,$5.38B,$0.24B,4.53%,$5.38B,$0.16B,2.92%,$0.16B,$2.16B,7.33%,$0.16B,$-2.39B,-6.59%,$0.16B,$7.43B,2.11%,$0.54B,$6.31B,8.62%,$1062,$530,$532,$0,$134,$1052,$10,$-68,$-58,$-24,$-34,$-32,$-32,$60,$10,$146,146,$-0.22,$-0.22,$184,$0,$0,$640,$228,$0,$4545,$1829,$6792,$7432,$497,$4156,$289,$4777,$5274,$1,$-3496,$-37,$2158,$7432,$-32,$50,$-9,$41,$-45,$0,$0,$-7,$-92,$-84,$-19,$0,$0,$0,$0,$0,$3,$-16,$-23,$0,$-23,$1,$1,$0,$-6,$-28,$-129,$11,$0
15,2014-12-31,43.15,$14.91,2.89,$36.30,1.19,$3.21,13.42,$0.96,44.94,$0.73B,$0.56B,1.3,$4.11B,$2.18B,1.88,$5.33B,$2.57B,48.29%,$5.33B,$0.54B,10.08%,$5.33B,$0.54B,10.08%,$5.33B,$0.74B,13.96%,$5.33B,$0.23B,4.22%,$5.33B,$0.14B,2.68%,$0.14B,$2.18B,6.83%,$0.14B,$-2.37B,-5.94%,$0.14B,$7.30B,1.93%,$0.54B,$6.29B,8.55%,$1278,$656,$622,$0,$138,$1169,$109,$-90,$19,$-1,$20,$22,$21,$163,$109,$146,147,$0.15,$0.15,$313,$0,$0,$726,$233,$0,$4554,$1791,$6578,$7304,$558,$4105,$287,$4563,$5121,$1,$-3464,$-35,$2183,$7304,$147,$207,$163,$370,$-25,$0,$0,$-9,$-87,$429,$-71,$0,$-215,$0,$0,$0,$-12,$-298,$19,$0,$19,$6,$6,$0,$-77,$-52,$77,$42,$0
16,2014-09-30,36.08,$14.80,2.44,$36.12,1.0,$3.72,9.71,$3.00,12.03,$0.80B,$0.58B,1.37,$4.23B,$2.17B,1.95,$5.30B,$2.56B,48.26%,$5.30B,$0.53B,10.08%,$5.30B,$0.53B,10.08%,$5.30B,$0.73B,13.86%,$5.30B,$0.26B,4.91%,$5.30B,$0.44B,8.35%,$0.44B,$2.17B,21.53%,$0.44B,$-2.39B,-18.27%,$0.44B,$7.65B,5.96%,$0.53B,$6.39B,8.55%,$1531,$795,$736,$0,$131,$1311,$220,$-53,$167,$71,$96,$102,$100,$273,$220,$146,147,$0.68,$0.68,$268,$0,$0,$798,$224,$0,$4551,$1851,$6848,$7646,$582,$4227,$267,$4899,$5481,$1,$-3485,$-20,$2165,$7646,$125,$153,$137,$290,$-139,$0,$0,$-2,$-145,$271,$-49,$0,$-203,$0,$0,$0,$-1,$-253,$68,$0,$68,$2,$2,$0,$-55,$15,$32,$32,$0
17,2014-06-30,36.57,$14.07,2.6,$36.28,1.01,$4.18,8.75,$3.06,11.95,$0.72B,$0.55B,1.31,$4.20B,$2.06B,2.04,$5.32B,$2.58B,48.46%,$5.32B,$0.53B,9.87%,$5.32B,$0.53B,9.87%,$5.32B,$0.72B,13.54%,$5.32B,$0.21B,3.91%,$5.32B,$0.45B,8.48%,$0.45B,$2.06B,23.37%,$0.45B,$-2.39B,-17.98%,$0.45B,$7.44B,6.18%,$0.53B,$6.26B,8.58%,$1512,$804,$708,$0,$117,$1307,$205,$-89,$116,$51,$65,$69,$68,$255,$205,$146,147,$0.47,$0.46,$209,$0,$0,$723,$203,$0,$4448,$1869,$6720,$7443,$554,$4203,$268,$4832,$5386,$1,$-3585,$-17,$2057,$7443,$23,$100,$71,$171,$-122,$0,$0,$-1,$-148,$48,$-31,$0,$-26,$0,$0,$0,$-8,$-65,$44,$0,$44,$2,$2,$0,$-56,$-10,$-27,$20,$0
18,2014-03-31,42.14,$13.51,3.12,$36.53,1.15,$4.59,9.18,$3.17,13.29,$0.53B,$0.50B,1.05,$4.20B,$1.98B,2.13,$5.34B,$2.60B,48.74%,$5.34B,$0.51B,9.59%,$5.34B,$0.51B,9.59%,$5.34B,$0.71B,13.20%,$5.34B,$0.17B,3.26%,$5.34B,$0.47B,8.75%,$0.47B,$1.98B,25.92%,$0.47B,$-2.48B,-17.76%,$0.47B,$7.23B,6.43%,$0.51B,$6.17B,8.47%,$1007,$500,$507,$0,$121,$1004,$3,$-80,$-77,$-34,$-43,$-46,$-46,$53,$3,$146,146,$-0.32,$-0.32,$119,$0,$0,$527,$199,$0,$4457,$1858,$6700,$7227,$501,$4197,$255,$4751,$5252,$1,$-3653,$-19,$1975,$7227,$-46,$50,$-14,$36,$-17,$0,$0,$-5,$-101,$-110,$-13,$0,$-23,$0,$0,$0,$-1,$-37,$-106,$145,$39,$1,$1,$0,$-10,$30,$-117,$9,$0
19,2013-12-31,47.98,$13.78,3.48,$36.22,1.32,$5.05,9.5,$2.97,16.15,$0.63B,$0.58B,1.09,$4.16B,$2.01B,2.07,$5.29B,$2.60B,49.12%,$5.29B,$0.53B,9.93%,$5.29B,$0.53B,9.93%,$5.29B,$0.71B,13.48%,$5.29B,$0.18B,3.31%,$5.29B,$0.44B,8.28%,$0.44B,$2.01B,26.25%,$0.44B,$-2.42B,-15.90%,$0.44B,$7.33B,6.00%,$0.53B,$6.17B,8.69%,$1246,$641,$605,$0,$129,$1140,$106,$-52,$54,$-267,$321,$321,$320,$153,$106,$145,147,$2.20,$2.20,$236,$0,$0,$627,$205,$0,$4432,$1876,$6699,$7326,$577,$4157,$242,$4736,$5313,$1,$-3607,$-19,$2013,$7326,$443,$188,$-226,$-38,$55,$0,$0,$41,$82,$492,$-62,$0,$-32,$0,$0,$0,$-8,$-102,$-366,$-110,$-476,$5,$5,$0,$-59,$-530,$-140,$61,$0
20,2013-09-30,41.72,$11.46,3.64,$59.73,0.7,$-2.05,0.0,$0.79,52.81,$0.64B,$0.56B,1.13,$4.20B,$1.67B,2.51,$5.25B,$2.58B,49.10%,$5.25B,$0.49B,9.28%,$5.25B,$0.49B,9.28%,$5.25B,$0.67B,12.82%,$5.25B,$-0.18B,-3.43%,$5.25B,$-0.17B,-3.31%,$-0.17B,$1.67B,-11.26%,$-0.17B,$-2.74B,6.04%,$-0.17B,$7.18B,-2.37%,$0.49B,$5.88B,8.07%,$1553,$796,$757,$0,$138,$1342,$211,$-96,$115,$9,$106,$110,$109,$259,$211,$146,147,$0.75,$0.74,$173,$0,$0,$635,$191,$0,$4415,$1887,$6547,$7182,$563,$4202,$285,$4946,$5509,$1,$-3927,$-31,$1673,$7182,$122,$141,$36,$177,$-16,$0,$0,$49,$26,$330,$-40,$0,$-5,$0,$0,$0,$-5,$-50,$-360,$-70,$-430,$1,$1,$0,$-54,$-483,$-203,$55,$0
