,Date,Stock Price,Book Value per Share,Price to Book Ratio,TTM Sales per Share,Price to Sales Ratio,TTM FCF per Share,Price to FCF Ratio,TTM Net EPS,PE Ratio,Current Assets,Current Liabilities,Current Ratio,Long Term Debt,Shareholder's Equity_x,Debt to Equity Ratio,TTM Revenue_x,TTM Gross Profit,Gross Margin,TTM Revenue_y,TTM Operating Income,Operating Margin,TTM Revenue_x,TTM EBIT,EBIT Margin,TTM Revenue_y,TTM EBITDA,EBITDA Margin,TTM Revenue_x,TTM Pre-Tax Income,Pre-Tax Margin,TTM Revenue_y,TTM Net Income_x,Net Margin,TTM Net Income_y,Shareholder's Equity_y,Return on Equity,TTM Net Income_x,Tangible Equity,Return on Tangible Equity,TTM Net Income_y,Total Assets,Return on Assets,TTM Net Income,LT Investments & Debt,Return on Investment,revenue,cost-goods-sold,gross-profit,research-development-expenses,selling-general-administrative-expenses,operating-expenses,operating-income,total-non-operating-income-expense,pre-tax-income,total-provision-income-taxes,income-after-taxes,income-from-continuous-operations,net-income,ebitda,ebit,basic-shares-outstanding,shares-outstanding,eps-basic-net-earnings-per-share,eps-earnings-per-share-diluted,cash-on-hand,inventory,other-current-assets,total-current-assets,net-property-plant-equipment,long-term-investments,goodwill-intangible-assets-total,other-long-term-assets,total-long-term-assets,total-assets,total-current-liabilities,long-term-debt,other-non-current-liabilities,total-long-term-liabilities,total-liabilities,common-stock-net,retained-earnings-accumulated-deficit,comprehensive-income,total-share-holder-equity,total-liabilities-share-holders-equity,net-income-loss,total-depreciation-amortization-cash-flow,other-non-cash-items,total-non-cash-items,change-in-accounts-receivable,change-in-inventories,change-in-accounts-payable,change-in-assets-liabilities,total-change-in-assets-liabilities,cash-flow-from-operating-activities,net-change-in-property-plant-equipment,net-change-in-intangible-assets,net-acquisitions-divestitures,net-change-in-short-term-investments,net-change-in-long-term-investments,net-change-in-investments-total,investing-activities-other,cash-flow-from-investing-activities,net-long-term-debt,net-current-debt,debt-issuance-retirement-net-total,net-common-equity-issued-repurchased,net-total-equity-issued-repurchased,total-common-preferred-stock-dividends-paid,financial-activities-other,cash-flow-from-financial-activities,net-cash-flow,stock-based-compensation,common-stock-dividends-paid
0,2018-09-30,10.91,$9.29,1.17,$2.43,4.5,$1.74,6.27,$-1.44,0.0,$0.48B,$0.06B,8.02,$0.18B,$1.01B,0.18,$0.26B,$0.20B,76.89%,$0.26B,$-0.07B,-25.38%,$0.26B,$-0.07B,-25.38%,$0.26B,$-0.02B,-7.95%,$0.26B,$-0.06B,-21.97%,$0.26B,$-0.19B,-72.73%,$-0.19B,$1.01B,-20.19%,$-0.19B,$0.74B,-28.90%,$-0.19B,$1.34B,-14.49%,$-0.07B,$1.19B,-5.95%,$60,$11,$48,$43,$24,$79,$-19,$4,$-15,$90,$-105,$-105,$-105,$-12,$-19,$108,108,$-0.97,$-0.97,$248,$6,$0,$476,$49,$0,$274,$6,$868,$1344,$59,$177,$99,$276,$336,$0,$-202,$-9,$1008,$1344,$-156,$32,$101,$134,$102,$-1,$0,$-10,$74,$52,$-4,$0,$0,$0,$-10,$-10,$0,$-14,$-82,$0,$-82,$-41,$-41,$0,$-6,$-129,$-91,$16,$0
1,2018-06-30,12.54,$10.30,1.22,$2.75,4.56,$1.76,7.14,$-0.72,0.0,$0.54B,$0.15B,3.53,$0.18B,$1.11B,0.16,$0.30B,$0.24B,77.56%,$0.30B,$-0.03B,-10.23%,$0.30B,$-0.03B,-10.23%,$0.30B,$0.02B,7.26%,$0.30B,$-0.03B,-9.57%,$0.30B,$-0.08B,-26.07%,$-0.08B,$1.11B,-9.33%,$-0.08B,$0.83B,-14.36%,$-0.08B,$1.53B,-6.61%,$-0.03B,$1.28B,-3.14%,$56,$15,$41,$38,$24,$76,$-20,$4,$-16,$-1,$-15,$-15,$-15,$-9,$-20,$108,108,$-0.14,$-0.14,$298,$6,$0,$538,$50,$0,$280,$5,$988,$1526,$152,$175,$93,$268,$420,$0,$-97,$-8,$1105,$1526,$-51,$25,$4,$29,$54,$-1,$-1,$-9,$43,$20,$-2,$0,$0,$0,$54,$54,$0,$52,$-0,$0,$-0,$-44,$-44,$0,$-5,$-50,$22,$9,$0
2,2018-03-31,13.43,$10.41,1.29,$3.07,4.38,$1.93,6.96,$-0.56,0.0,$0.50B,$0.15B,3.44,$0.17B,$1.12B,0.16,$0.34B,$0.27B,78.07%,$0.34B,$-0.00B,-0.88%,$0.34B,$-0.00B,-0.88%,$0.34B,$0.05B,15.50%,$0.34B,$-0.01B,-2.34%,$0.34B,$-0.06B,-17.84%,$-0.06B,$1.12B,-8.56%,$-0.06B,$0.83B,-15.02%,$-0.06B,$1.54B,-6.01%,$-0.00B,$1.29B,-0.35%,$46,$16,$30,$40,$30,$90,$-44,$5,$-39,$-3,$-36,$-36,$-36,$-30,$-44,$109,109,$-0.33,$-0.33,$291,$6,$0,$502,$48,$0,$293,$5,$1038,$1540,$146,$174,$101,$275,$421,$0,$-74,$-3,$1119,$1540,$-36,$13,$2,$15,$47,$-1,$-2,$-6,$37,$17,$-2,$0,$0,$0,$-65,$-65,$0,$-67,$-0,$0,$-0,$-49,$-49,$0,$-5,$-54,$-103,$8,$0
3,2017-12-31,14.22,$5.21,2.73,$3.49,4.08,$1.92,7.39,$-0.17,0.0,$0.37B,$0.13B,2.8,$0.17B,$0.57B,0.3,$0.39B,$0.32B,80.15%,$0.39B,$0.05B,13.74%,$0.39B,$0.05B,13.74%,$0.39B,$0.11B,27.99%,$0.39B,$0.04B,10.43%,$0.39B,$-0.02B,-5.60%,$-0.02B,$0.57B,-3.77%,$-0.02B,$0.27B,-8.21%,$-0.02B,$0.89B,-2.63%,$0.05B,$0.74B,7.51%,$102,$18,$84,$39,$29,$86,$16,$-4,$12,$48,$-36,$-36,$-36,$30,$16,$110,110,$-0.33,$-0.33,$329,$5,$0,$372,$54,$0,$301,$5,$519,$891,$133,$173,$14,$187,$319,$0,$-636,$-5,$572,$891,$-23,$55,$76,$131,$-1,$0,$-1,$5,$9,$117,$-9,$-0,$0,$0,$-66,$-66,$0,$-75,$66,$0,$66,$-11,$-11,$0,$-8,$46,$91,$27,$0
4,2017-09-30,13.35,$5.37,2.49,$3.42,3.9,$1.71,7.8,$0.09,148.33,$0.25B,$0.18B,1.37,$0.04B,$0.59B,0.06,$0.39B,$0.31B,78.92%,$0.39B,$0.04B,10.03%,$0.39B,$0.04B,10.03%,$0.39B,$0.11B,29.05%,$0.39B,$0.03B,6.68%,$0.39B,$0.01B,2.83%,$0.01B,$0.59B,1.90%,$0.01B,$0.28B,4.32%,$0.01B,$0.82B,1.36%,$0.04B,$0.63B,5.48%,$99,$20,$80,$36,$27,$82,$17,$-3,$14,$6,$8,$8,$8,$31,$17,$110,113,$0.07,$0.07,$184,$5,$0,$249,$54,$0,$312,$2,$575,$824,$183,$37,$14,$52,$235,$0,$-593,$-6,$590,$824,$13,$41,$22,$63,$-24,$1,$-3,$10,$-18,$58,$-5,$-0,$0,$0,$36,$36,$0,$31,$-1,$0,$-1,$-39,$-39,$0,$-4,$-43,$47,$20,$0
5,2017-06-30,11.43,$5.22,2.19,$3.34,3.42,$1.75,6.54,$0.06,190.5,$0.22B,$0.05B,4.35,$0.17B,$0.57B,0.29,$0.38B,$0.30B,78.16%,$0.38B,$0.03B,8.95%,$0.38B,$0.03B,8.95%,$0.38B,$0.11B,28.16%,$0.38B,$0.02B,5.53%,$0.38B,$0.01B,2.11%,$0.01B,$0.57B,1.40%,$0.01B,$0.25B,3.48%,$0.01B,$0.80B,1.00%,$0.03B,$0.74B,4.63%,$95,$22,$73,$38,$27,$86,$8,$-3,$5,$3,$3,$3,$3,$22,$8,$110,113,$0.02,$0.02,$168,$5,$0,$222,$54,$0,$320,$3,$581,$803,$51,$167,$15,$182,$233,$0,$-601,$-9,$570,$803,$6,$28,$17,$45,$-13,$0,$-0,$9,$-8,$43,$-3,$0,$0,$0,$36,$36,$0,$33,$-0,$0,$-0,$-42,$-42,$0,$-3,$-45,$32,$13,$0
6,2017-03-31,13.14,$5.38,2.44,$3.18,4.13,$1.82,7.23,$0.07,187.71,$0.23B,$0.04B,5.29,$0.17B,$0.60B,0.28,$0.36B,$0.29B,79.01%,$0.36B,$0.04B,10.50%,$0.36B,$0.04B,10.50%,$0.36B,$0.11B,29.83%,$0.36B,$0.03B,7.18%,$0.36B,$0.01B,2.49%,$0.01B,$0.60B,1.60%,$0.01B,$0.27B,3.79%,$0.01B,$0.83B,1.13%,$0.04B,$0.77B,5.24%,$97,$20,$78,$36,$28,$84,$13,$-3,$10,$7,$3,$3,$3,$27,$13,$111,115,$0.03,$0.03,$188,$6,$0,$233,$56,$0,$327,$3,$593,$826,$44,$166,$15,$181,$225,$0,$-574,$-12,$602,$826,$3,$14,$8,$22,$-5,$-0,$-1,$4,$-8,$17,$-2,$0,$0,$0,$27,$27,$0,$25,$-0,$0,$-0,$2,$2,$0,$-3,$-1,$42,$7,$0
7,2016-12-31,13.77,$4.98,2.77,$2.98,4.62,$1.83,7.53,$0.06,229.5,$0.22B,$0.05B,4.23,$0.16B,$0.55B,0.3,$0.34B,$0.27B,79.29%,$0.34B,$0.03B,10.06%,$0.34B,$0.03B,10.06%,$0.34B,$0.10B,29.88%,$0.34B,$0.02B,6.51%,$0.34B,$0.01B,2.37%,$0.01B,$0.55B,1.47%,$0.01B,$0.22B,3.43%,$0.01B,$0.78B,1.03%,$0.03B,$0.72B,4.81%,$98,$21,$76,$39,$25,$97,$1,$-3,$-3,$1,$-3,$-3,$-3,$33,$1,$110,113,$-0.04,$-0.03,$172,$6,$0,$217,$58,$0,$337,$3,$567,$783,$51,$164,$4,$179,$231,$0,$-615,$-14,$553,$783,$7,$68,$11,$79,$6,$2,$2,$1,$9,$96,$-9,$0,$-203,$0,$106,$106,$0,$-105,$-1,$0,$-1,$15,$15,$0,$-12,$3,$-8,$21,$0
8,2016-09-30,12.5,$5.01,2.5,$2.77,4.51,$1.67,7.51,$0.20,62.5,$0.20B,$0.06B,3.33,$0.16B,$0.55B,0.29,$0.32B,$0.26B,81.07%,$0.32B,$0.05B,16.72%,$0.32B,$0.05B,16.72%,$0.32B,$0.10B,30.60%,$0.32B,$0.04B,13.56%,$0.32B,$0.02B,7.57%,$0.02B,$0.55B,4.45%,$0.02B,$0.18B,9.05%,$0.02B,$0.80B,3.16%,$0.05B,$0.72B,7.58%,$90,$19,$70,$34,$25,$78,$12,$-3,$9,$4,$5,$5,$5,$25,$12,$110,114,$0.04,$0.04,$151,$0,$0,$199,$59,$0,$372,$4,$601,$800,$60,$163,$10,$188,$247,$0,$-612,$-9,$553,$800,$10,$35,$14,$50,$0,$-1,$2,$4,$2,$61,$-5,$0,$-203,$0,$81,$81,$0,$-126,$-0,$0,$-0,$12,$12,$0,$-1,$11,$-54,$15,$0
9,2016-06-30,12.08,$4.94,2.45,$2.60,4.64,$1.58,7.67,$1.68,7.19,$0.28B,$0.04B,6.45,$0.16B,$0.54B,0.3,$0.30B,$0.25B,83.06%,$0.30B,$0.06B,19.60%,$0.30B,$0.06B,19.60%,$0.30B,$0.10B,32.89%,$0.30B,$0.05B,16.28%,$0.30B,$0.20B,66.78%,$0.20B,$0.54B,36.38%,$0.20B,$0.28B,61.85%,$0.20B,$0.77B,26.51%,$0.06B,$0.70B,8.29%,$77,$14,$62,$29,$22,$64,$12,$-2,$10,$6,$4,$4,$4,$23,$12,$110,112,$0.04,$0.03,$259,$0,$0,$284,$55,$0,$264,$4,$482,$766,$44,$161,$3,$179,$223,$0,$-616,$-6,$542,$766,$6,$22,$15,$37,$15,$-1,$2,$0,$8,$50,$-4,$0,$-81,$0,$72,$72,$0,$-12,$-0,$0,$-0,$8,$8,$0,$-1,$7,$44,$10,$0
10,2016-03-31,13.75,$4.86,2.83,$2.52,5.46,$1.45,9.48,$1.71,8.04,$0.25B,$0.04B,6.31,$0.16B,$0.54B,0.3,$0.30B,$0.25B,83.84%,$0.30B,$0.06B,21.21%,$0.30B,$0.06B,21.21%,$0.30B,$0.10B,34.01%,$0.30B,$0.05B,17.51%,$0.30B,$0.20B,68.69%,$0.20B,$0.54B,38.99%,$0.20B,$0.26B,65.18%,$0.20B,$0.75B,28.23%,$0.06B,$0.69B,9.25%,$73,$12,$60,$29,$23,$63,$9,$-3,$6,$5,$2,$2,$2,$20,$9,$110,112,$0.02,$0.02,$226,$0,$0,$253,$56,$0,$278,$5,$500,$753,$40,$160,$4,$178,$218,$0,$-602,$-0,$535,$753,$2,$11,$7,$18,$10,$-1,$0,$-3,$-2,$18,$-2,$0,$-81,$0,$55,$55,$0,$-28,$-0,$0,$-0,$4,$4,$0,$-1,$3,$-7,$5,$0
11,2015-12-31,11.59,$4.82,2.41,$2.49,4.65,$1.42,8.14,$1.77,6.55,$0.32B,$0.03B,11.13,$0.16B,$0.53B,0.3,$0.30B,$0.25B,84.51%,$0.30B,$0.07B,24.24%,$0.30B,$0.07B,24.24%,$0.30B,$0.11B,36.36%,$0.30B,$0.06B,20.54%,$0.30B,$0.21B,71.38%,$0.21B,$0.53B,43.18%,$0.21B,$0.35B,70.61%,$0.21B,$0.72B,30.97%,$0.07B,$0.69B,11.11%,$77,$11,$65,$26,$17,$56,$20,$-3,$18,$5,$13,$13,$13,$29,$20,$115,117,$0.14,$0.14,$288,$1,$0,$316,$57,$0,$181,$2,$402,$718,$28,$158,$5,$163,$191,$0,$-604,$0,$527,$718,$211,$37,$-155,$-118,$-10,$-3,$-3,$2,$-17,$77,$-6,$4,$0,$0,$3,$3,$0,$1,$-2,$0,$-2,$-86,$-86,$0,$-0,$-89,$-10,$15,$0
12,2015-09-30,11.81,$5.20,2.27,$2.45,4.81,$1.41,8.39,$1.73,6.82,$0.40B,$0.03B,14.56,$0.16B,$0.61B,0.26,$0.29B,$0.25B,84.59%,$0.29B,$0.07B,23.97%,$0.29B,$0.07B,23.97%,$0.29B,$0.11B,36.30%,$0.29B,$0.06B,19.86%,$0.29B,$0.21B,70.89%,$0.21B,$0.61B,45.27%,$0.21B,$0.42B,79.54%,$0.21B,$0.80B,31.75%,$0.07B,$0.76B,11.41%,$74,$11,$63,$28,$18,$56,$18,$-3,$15,$-167,$182,$182,$182,$27,$18,$116,120,$1.56,$1.52,$363,$0,$0,$402,$59,$0,$187,$4,$394,$796,$28,$158,$4,$162,$190,$0,$-563,$-0,$606,$796,$198,$28,$-159,$-131,$-4,$0,$-1,$-2,$-14,$54,$-5,$4,$0,$0,$-0,$-0,$0,$-2,$-0,$0,$-0,$10,$10,$0,$1,$10,$62,$12,$0
13,2015-06-30,14.49,$3.65,3.97,$2.43,5.97,$1.40,10.36,$0.26,55.73,$0.37B,$0.03B,11.66,$0.16B,$0.43B,0.37,$0.29B,$0.24B,84.38%,$0.29B,$0.07B,22.92%,$0.29B,$0.07B,22.92%,$0.29B,$0.10B,36.11%,$0.29B,$0.05B,18.75%,$0.29B,$0.03B,10.76%,$0.03B,$0.43B,7.75%,$0.03B,$0.23B,15.76%,$0.03B,$0.62B,5.21%,$0.07B,$0.58B,11.90%,$73,$12,$61,$29,$17,$57,$16,$-3,$13,$6,$7,$7,$7,$25,$16,$116,121,$0.06,$0.06,$348,$0,$0,$366,$61,$0,$194,$3,$258,$624,$31,$157,$11,$168,$199,$0,$-745,$-0,$425,$624,$16,$19,$9,$28,$-1,$0,$-2,$0,$-6,$38,$-3,$3,$0,$0,$-1,$-1,$0,$-0,$-0,$0,$-0,$9,$9,$0,$0,$9,$47,$8,$0
14,2015-03-31,12.58,$3.52,3.58,$2.47,5.08,$1.32,9.55,$0.24,52.4,$0.34B,$0.03B,11.97,$0.16B,$0.41B,0.38,$0.29B,$0.25B,84.93%,$0.29B,$0.07B,23.97%,$0.29B,$0.07B,23.97%,$0.29B,$0.11B,37.33%,$0.29B,$0.05B,17.81%,$0.29B,$0.03B,9.93%,$0.03B,$0.41B,7.52%,$0.03B,$0.21B,16.50%,$0.03B,$0.60B,5.02%,$0.07B,$0.56B,12.99%,$73,$11,$62,$29,$19,$55,$18,$-3,$15,$5,$10,$10,$10,$27,$18,$115,117,$0.08,$0.08,$318,$0,$0,$336,$62,$0,$200,$2,$264,$600,$28,$155,$10,$166,$194,$0,$-752,$-0,$406,$600,$10,$10,$4,$13,$-1,$0,$-1,$-0,$-8,$15,$-1,$2,$0,$0,$-0,$-0,$0,$1,$-0,$0,$-0,$1,$1,$0,$0,$2,$17,$4,$0
15,2014-12-31,11.09,$3.40,3.26,$2.53,4.39,$1.32,8.37,$0.23,48.22,$0.32B,$0.04B,9.08,$0.15B,$0.39B,0.39,$0.30B,$0.25B,85.52%,$0.30B,$0.08B,25.25%,$0.30B,$0.08B,25.25%,$0.30B,$0.12B,38.72%,$0.30B,$0.05B,16.84%,$0.30B,$0.03B,9.09%,$0.03B,$0.39B,7.26%,$0.03B,$0.19B,17.34%,$0.03B,$0.59B,4.44%,$0.08B,$0.55B,14.31%,$72,$11,$61,$28,$19,$54,$18,$-3,$15,$7,$8,$8,$8,$27,$18,$114,118,$0.07,$0.06,$300,$0,$0,$315,$64,$0,$206,$3,$273,$588,$35,$154,$8,$162,$197,$0,$-762,$-0,$392,$588,$26,$40,$28,$69,$-4,$-3,$2,$4,$-18,$76,$-7,$6,$0,$0,$-97,$-97,$0,$-98,$-175,$0,$-175,$11,$11,$0,$0,$-163,$-185,$15,$0
16,2014-09-30,12.48,$3.29,3.79,$2.57,4.86,$1.15,10.87,$0.07,178.29,$0.29B,$0.03B,10.87,$0.15B,$0.38B,0.41,$0.30B,$0.26B,85.91%,$0.30B,$0.06B,21.14%,$0.30B,$0.06B,21.14%,$0.30B,$0.12B,38.59%,$0.30B,$0.03B,10.40%,$0.30B,$0.01B,3.02%,$0.01B,$0.38B,2.51%,$0.01B,$0.17B,6.62%,$0.01B,$0.57B,1.41%,$0.06B,$0.53B,12.36%,$70,$11,$59,$27,$18,$55,$14,$-4,$11,$5,$6,$6,$6,$25,$14,$115,118,$0.05,$0.05,$271,$0,$0,$286,$66,$0,$213,$3,$282,$567,$26,$153,$10,$163,$190,$0,$-769,$-0,$378,$567,$18,$31,$31,$62,$-3,$0,$0,$0,$-30,$50,$-3,$0,$0,$0,$-96,$-96,$0,$-99,$-173,$0,$-173,$8,$8,$0,$0,$-164,$-213,$11,$0
17,2014-06-30,14.3,$3.20,4.47,$2.63,5.44,$0.99,14.46,$-0.03,0.0,$0.27B,$0.03B,8.86,$0.15B,$0.37B,0.41,$0.30B,$0.26B,86.71%,$0.30B,$0.06B,19.27%,$0.30B,$0.06B,19.27%,$0.30B,$0.12B,39.20%,$0.30B,$0.02B,6.98%,$0.30B,$-0.00B,-1.00%,$-0.00B,$0.37B,-0.86%,$-0.00B,$0.15B,-2.54%,$-0.00B,$0.56B,-0.44%,$0.06B,$0.52B,11.60%,$77,$11,$66,$28,$19,$56,$20,$-9,$11,$6,$5,$5,$5,$30,$20,$114,117,$0.04,$0.04,$246,$0,$0,$267,$67,$0,$219,$3,$290,$558,$30,$152,$10,$161,$191,$0,$-775,$-0,$366,$558,$13,$21,$25,$46,$-10,$0,$1,$1,$-32,$26,$-2,$0,$0,$0,$-97,$-97,$0,$-99,$-173,$0,$-173,$6,$6,$0,$0,$-167,$-239,$8,$0
18,2014-03-31,10.75,$3.09,3.47,$2.49,4.31,$0.80,13.48,$-0.13,0.0,$0.42B,$0.21B,2.01,$0.15B,$0.35B,0.43,$0.28B,$0.25B,87.23%,$0.28B,$0.04B,15.60%,$0.28B,$0.04B,15.60%,$0.28B,$0.11B,37.23%,$0.28B,$0.01B,2.48%,$0.28B,$-0.02B,-5.67%,$-0.02B,$0.35B,-4.74%,$-0.02B,$0.13B,-17.02%,$-0.02B,$0.72B,-2.37%,$0.04B,$0.50B,9.59%,$78,$10,$68,$27,$19,$55,$23,$-10,$13,$5,$8,$8,$8,$33,$23,$114,117,$0.07,$0.07,$403,$0,$0,$421,$70,$0,$226,$3,$300,$721,$210,$150,$9,$159,$369,$0,$-780,$-0,$352,$721,$8,$10,$15,$25,$-6,$0,$1,$-0,$-17,$17,$-2,$0,$0,$0,$-8,$-8,$0,$-10,$-0,$0,$-0,$1,$1,$0,$0,$1,$8,$3,$0
19,2013-12-31,9.47,$3.00,3.16,$2.42,3.91,$0.78,12.2,$-0.29,0.0,$0.40B,$0.21B,1.87,$0.15B,$0.34B,0.44,$0.27B,$0.24B,87.82%,$0.27B,$0.02B,8.12%,$0.27B,$0.02B,8.12%,$0.27B,$0.08B,31.00%,$0.27B,$-0.01B,-4.43%,$0.27B,$-0.03B,-12.55%,$-0.03B,$0.34B,-10.35%,$-0.03B,$0.11B,-46.10%,$-0.03B,$0.71B,-5.31%,$0.02B,$0.49B,4.78%,$73,$10,$63,$27,$19,$67,$6,$-10,$-4,$6,$-10,$-10,$-10,$27,$6,$112,112,$-0.09,$-0.09,$388,$0,$0,$398,$73,$0,$234,$3,$315,$713,$213,$149,$11,$160,$373,$0,$-788,$-0,$340,$713,$-34,$62,$37,$99,$-2,$0,$-2,$-1,$-14,$51,$-5,$-3,$0,$0,$5,$5,$0,$-2,$136,$0,$136,$8,$8,$0,$-3,$141,$190,$15,$0
20,2013-09-30,9.4,$3.04,3.09,$2.28,4.11,$0.01,0.0,$-0.34,0.0,$0.37B,$0.20B,1.83,$0.15B,$0.34B,0.43,$0.26B,$0.23B,88.63%,$0.26B,$0.01B,4.71%,$0.26B,$0.01B,4.71%,$0.26B,$0.06B,24.71%,$0.26B,$-0.02B,-7.45%,$0.26B,$-0.04B,-15.69%,$-0.04B,$0.34B,-12.35%,$-0.04B,$0.09B,-68.97%,$-0.04B,$0.71B,-6.56%,$0.01B,$0.49B,2.57%,$73,$9,$64,$28,$19,$64,$9,$-8,$1,$6,$-6,$-6,$-6,$28,$9,$113,113,$-0.05,$-0.05,$366,$0,$0,$374,$73,$0,$249,$4,$331,$705,$204,$148,$10,$158,$362,$0,$-778,$-0,$343,$705,$-24,$41,$26,$67,$-1,$0,$-0,$7,$-12,$31,$-4,$-3,$0,$0,$-4,$-4,$0,$-10,$138,$0,$138,$5,$5,$0,$-4,$139,$159,$12,$0
21,2013-06-30,8.59,$2.80,3.07,$2.15,3.99,$-0.55,0.0,$-0.81,0.0,$0.22B,$0.20B,1.09,$0.04B,$0.32B,0.13,$0.24B,$0.21B,88.33%,$0.24B,$-0.04B,-18.33%,$0.24B,$-0.04B,-18.33%,$0.24B,$0.04B,14.58%,$0.24B,$-0.07B,-30.83%,$0.24B,$-0.09B,-38.33%,$-0.09B,$0.32B,-28.66%,$-0.09B,$0.05B,-201.09%,$-0.09B,$0.56B,-15.76%,$-0.04B,$0.35B,-9.28%,$58,$7,$51,$31,$14,$52,$6,$-9,$-3,$5,$-8,$-8,$-8,$17,$6,$112,112,$-0.07,$-0.07,$206,$0,$0,$216,$76,$0,$264,$2,$347,$563,$198,$40,$11,$50,$248,$0,$-772,$-0,$315,$563,$-18,$22,$17,$39,$-0,$0,$-1,$4,$-16,$5,$-3,$-3,$0,$0,$4,$4,$0,$-2,$-0,$0,$-0,$3,$3,$0,$0,$3,$6,$9,$0
22,2013-03-31,5.61,$2.83,1.98,$2.15,2.61,$-0.92,0.0,$-1.04,0.0,$0.23B,$0.05B,4.15,$0.19B,$0.32B,0.61,$0.24B,$0.21B,88.24%,$0.24B,$-0.07B,-30.25%,$0.24B,$-0.07B,-30.25%,$0.24B,$0.01B,2.94%,$0.24B,$-0.10B,-41.60%,$0.24B,$-0.12B,-48.74%,$-0.12B,$0.32B,-34.29%,$-0.12B,$0.05B,-241.67%,$-0.12B,$0.58B,-19.23%,$-0.07B,$0.51B,-13.63%,$67,$7,$60,$33,$25,$65,$1,$-7,$-6,$5,$-10,$-10,$-10,$12,$1,$112,112,$-0.09,$-0.09,$215,$0,$0,$225,$78,$0,$271,$3,$357,$582,$54,$191,$21,$212,$266,$0,$-764,$-0,$316,$582,$-10,$11,$9,$19,$0,$0,$-2,$3,$6,$15,$-4,$-2,$0,$0,$-1,$-1,$0,$-7,$-0,$0,$-0,$0,$0,$0,$0,$-0,$8,$5,$0
23,2012-12-31,4.87,$2.88,1.69,$2.12,2.3,$-1.16,0.0,$-1.20,0.0,$0.22B,$0.05B,3.98,$0.19B,$0.32B,0.6,$0.23B,$0.21B,88.03%,$0.23B,$-0.09B,-38.89%,$0.23B,$-0.09B,-38.89%,$0.23B,$-0.01B,-5.13%,$0.23B,$-0.12B,-50.00%,$0.23B,$-0.13B,-57.26%,$-0.13B,$0.32B,-37.09%,$-0.13B,$0.04B,-241.44%,$-0.13B,$0.59B,-21.40%,$-0.09B,$0.52B,-16.58%,$57,$6,$51,$33,$22,$61,$-4,$-7,$-11,$5,$-16,$-16,$-16,$6,$-4,$111,111,$-0.15,$-0.15,$203,$0,$0,$215,$87,$0,$278,$3,$373,$588,$54,$193,$19,$212,$266,$0,$-754,$-0,$322,$588,$-134,$79,$41,$120,$0,$0,$-10,$16,$-3,$-17,$-22,$-2,$-46,$0,$72,$72,$0,$3,$-2,$0,$-2,$4,$4,$0,$0,$2,$-13,$23,$0
24,2012-09-30,5.54,$2.98,1.86,$2.35,2.35,$-0.50,0.0,$-1.32,0.0,$0.22B,$0.06B,3.59,$0.19B,$0.33B,0.57,$0.26B,$0.23B,88.85%,$0.26B,$-0.10B,-38.08%,$0.26B,$-0.11B,-40.38%,$0.26B,$-0.02B,-7.69%,$0.26B,$-0.13B,-50.00%,$0.26B,$-0.15B,-56.54%,$-0.15B,$0.33B,-37.86%,$-0.15B,$0.05B,-188.46%,$-0.15B,$0.60B,-22.52%,$-0.10B,$0.52B,-17.31%,$58,$8,$50,$31,$24,$105,$-47,$-7,$-54,$4,$-58,$-58,$-58,$-0,$-47,$111,111,$-0.52,$-0.52,$207,$0,$0,$219,$84,$0,$285,$6,$383,$602,$61,$190,$20,$210,$271,$0,$-738,$-0,$331,$602,$-118,$69,$29,$97,$1,$0,$-9,$7,$1,$-20,$-16,$-2,$-46,$0,$72,$72,$0,$8,$-0,$0,$-0,$2,$2,$0,$0,$2,$-10,$18,$0
25,2012-06-30,5.74,$3.46,1.66,$2.70,2.12,$0.14,41.68,$-0.80,0.0,$0.21B,$0.05B,4.16,$0.19B,$0.38B,0.49,$0.30B,$0.27B,90.73%,$0.30B,$-0.04B,-13.58%,$0.30B,$-0.05B,-15.56%,$0.30B,$0.00B,0.33%,$0.30B,$-0.07B,-23.51%,$0.30B,$-0.09B,-29.47%,$-0.09B,$0.38B,-21.30%,$-0.09B,$0.06B,-86.62%,$-0.09B,$0.64B,-13.17%,$-0.04B,$0.57B,-6.88%,$56,$7,$49,$38,$32,$78,$-22,$-7,$-28,$4,$-32,$-32,$-32,$-11,$-22,$111,111,$-0.29,$-0.29,$203,$0,$0,$213,$87,$0,$325,$8,$427,$641,$51,$186,$20,$206,$257,$0,$-680,$-0,$384,$641,$-60,$22,$20,$42,$1,$0,$-8,$5,$-12,$-31,$-8,$-2,$-46,$0,$76,$76,$0,$20,$-0,$0,$-0,$1,$1,$0,$0,$1,$-10,$13,$0
26,2012-03-31,6.45,$3.70,1.74,$2.80,2.31,$0.53,12.16,$-0.61,0.0,$0.24B,$0.06B,4.09,$0.18B,$0.41B,0.44,$0.31B,$0.29B,91.35%,$0.31B,$-0.02B,-7.05%,$0.31B,$-0.03B,-8.97%,$0.31B,$0.02B,5.13%,$0.31B,$-0.05B,-16.35%,$0.31B,$-0.07B,-21.79%,$-0.07B,$0.41B,-15.87%,$-0.07B,$0.08B,-58.00%,$-0.07B,$0.67B,-9.62%,$-0.02B,$0.59B,-3.66%,$63,$7,$56,$38,$35,$80,$-18,$-6,$-24,$4,$-28,$-28,$-28,$-7,$-18,$110,110,$-0.25,$-0.25,$233,$0,$0,$243,$82,$0,$334,$8,$431,$674,$59,$181,$25,$206,$265,$0,$-648,$-0,$408,$674,$-28,$11,$10,$21,$0,$0,$-10,$4,$-4,$-11,$-3,$-0,$-42,$0,$83,$83,$0,$37,$-0,$0,$-0,$0,$0,$0,$0,$0,$26,$7,$0
27,2011-12-31,7.55,$3.90,1.94,$2.81,2.69,$0.56,13.59,$-0.40,0.0,$0.30B,$0.07B,4.61,$0.18B,$0.43B,0.41,$0.31B,$0.29B,92.31%,$0.31B,$-0.00B,-0.64%,$0.31B,$-0.00B,-0.64%,$0.31B,$0.04B,11.54%,$0.31B,$-0.02B,-7.69%,$0.31B,$-0.04B,-14.10%,$-0.04B,$0.43B,-10.69%,$-0.04B,$0.13B,-26.04%,$-0.04B,$0.69B,-6.26%,$-0.00B,$0.61B,-0.35%,$83,$7,$76,$36,$45,$96,$-12,$-12,$-24,$4,$-29,$-29,$-29,$-2,$-18,$110,110,$-0.25,$-0.25,$289,$0,$0,$301,$81,$0,$297,$7,$392,$694,$65,$177,$21,$199,$264,$0,$-620,$-0,$430,$694,$-43,$32,$37,$69,$3,$0,$10,$9,$27,$53,$-19,$-1,$-167,$0,$164,$164,$0,$-24,$-3,$0,$-3,$-88,$-88,$0,$9,$-82,$-53,$28,$0
28,2011-09-30,14.0,$4.08,3.43,$2.84,4.94,$2.05,6.82,$0.15,93.33,$0.31B,$0.07B,4.61,$0.17B,$0.45B,0.37,$0.32B,$0.30B,94.06%,$0.32B,$0.06B,18.44%,$0.32B,$0.06B,18.44%,$0.32B,$0.09B,28.44%,$0.32B,$0.04B,11.88%,$0.32B,$0.02B,5.63%,$0.02B,$0.45B,4.64%,$0.02B,$0.14B,8.79%,$0.02B,$0.70B,2.59%,$0.06B,$0.62B,10.79%,$100,$7,$93,$32,$49,$90,$11,$-6,$5,$4,$0,$0,$0,$21,$11,$112,116,$0.00,$0.00,$293,$0,$0,$306,$72,$0,$305,$6,$390,$695,$66,$167,$13,$180,$247,$0,$-591,$-0,$449,$695,$-14,$21,$24,$46,$3,$0,$13,$6,$19,$51,$-15,$-0,$-167,$0,$160,$160,$0,$-22,$-1,$0,$-1,$-91,$-91,$0,$9,$-83,$-54,$22,$0
29,2011-06-30,14.68,$3.89,3.77,$2.25,6.52,$3.23,4.55,$-0.03,0.0,$0.37B,$0.05B,7.29,$0.16B,$0.43B,0.38,$0.25B,$0.24B,94.44%,$0.25B,$0.04B,14.68%,$0.25B,$0.04B,14.68%,$0.25B,$0.06B,24.60%,$0.25B,$0.02B,6.75%,$0.25B,$-0.00B,-1.19%,$-0.00B,$0.43B,-0.86%,$-0.00B,$0.12B,-1.30%,$-0.00B,$0.76B,-0.45%,$0.04B,$0.59B,7.48%,$66,$6,$60,$24,$38,$69,$-3,$-6,$-8,$2,$-11,$-11,$-11,$4,$-3,$110,110,$-0.10,$-0.10,$359,$0,$0,$374,$71,$0,$309,$6,$390,$763,$51,$162,$123,$285,$336,$0,$-591,$-0,$427,$763,$-15,$11,$20,$32,$2,$0,$6,$2,$-2,$15,$-11,$0,$-167,$0,$114,$114,$0,$-65,$-1,$0,$-1,$8,$8,$0,$7,$14,$-35,$14,$0
30,2011-03-31,19.75,$3.30,5.99,$1.99,9.91,$4.72,4.18,$-0.04,0.0,$0.52B,$0.04B,13.85,$0.16B,$0.34B,0.47,$0.23B,$0.22B,95.56%,$0.23B,$0.03B,14.67%,$0.23B,$0.03B,14.67%,$0.23B,$0.06B,24.44%,$0.23B,$0.02B,6.67%,$0.23B,$-0.00B,-1.78%,$-0.00B,$0.34B,-1.17%,$-0.00B,$0.28B,-1.37%,$-0.00B,$0.66B,-0.61%,$0.03B,$0.50B,6.93%,$63,$3,$59,$23,$33,$60,$2,$0,$3,$7,$-4,$-4,$-4,$13,$8,$108,108,$-0.04,$-0.04,$509,$0,$0,$522,$71,$0,$57,$6,$137,$659,$38,$159,$123,$282,$320,$0,$-581,$-0,$340,$659,$-4,$5,$10,$15,$2,$0,$4,$-0,$-15,$-5,$-6,$0,$0,$0,$-31,$-31,$0,$-38,$-1,$0,$-1,$3,$3,$0,$7,$9,$-33,$7,$0
31,2010-12-31,20.48,$3.26,6.28,$2.79,7.34,$6.33,3.24,$1.28,16.0,$0.53B,$0.06B,9.46,$0.15B,$0.34B,0.45,$0.32B,$0.32B,97.53%,$0.32B,$0.23B,70.06%,$0.32B,$0.23B,70.06%,$0.32B,$0.25B,76.54%,$0.32B,$0.21B,64.51%,$0.32B,$0.15B,46.60%,$0.15B,$0.34B,40.48%,$0.15B,$0.28B,46.00%,$0.15B,$0.66B,22.19%,$0.23B,$0.48B,45.61%,$91,$2,$89,$25,$31,$42,$49,$-11,$38,$5,$33,$33,$33,$53,$43,$112,116,$0.30,$0.31,$512,$0,$0,$528,$68,$0,$59,$5,$135,$663,$56,$149,$123,$273,$328,$0,$-577,$-0,$335,$663,$151,$15,$41,$57,$-2,$0,$-4,$5,$28,$235,$-26,$-8,$-17,$0,$-130,$-130,$0,$-182,$-141,$0,$-141,$13,$13,$0,$0,$-128,$-74,$31,$0
32,2010-09-30,20.84,$2.58,8.07,$2.30,9.07,$4.12,5.06,$0.77,27.06,$0.50B,$0.08B,6.68,$0.12B,$0.29B,0.41,$0.26B,$0.26B,96.97%,$0.26B,$0.17B,65.91%,$0.26B,$0.17B,63.26%,$0.26B,$0.20B,73.86%,$0.26B,$0.15B,55.68%,$0.26B,$0.10B,35.98%,$0.10B,$0.29B,26.91%,$0.10B,$0.25B,30.28%,$0.10B,$0.60B,14.53%,$0.17B,$0.41B,37.14%,$32,$1,$30,$23,$28,$43,$-11,$-5,$-16,$4,$-21,$-21,$-21,$-8,$-11,$112,112,$-0.18,$-0.18,$485,$0,$0,$498,$50,$0,$43,$7,$100,$599,$75,$119,$117,$236,$310,$0,$-536,$-0,$288,$599,$118,$11,$31,$42,$1,$0,$-2,$2,$19,$179,$-13,$-6,$-2,$0,$-99,$-99,$0,$-120,$-139,$0,$-139,$98,$98,$0,$-90,$-131,$-71,$23,$0
33,2010-06-30,17.52,$3.58,4.9,$2.28,7.69,$2.36,7.41,$0.69,25.39,$0.61B,$0.06B,9.49,$0.12B,$0.40B,0.29,$0.26B,$0.25B,96.92%,$0.26B,$0.16B,60.38%,$0.26B,$0.16B,60.38%,$0.26B,$0.19B,71.54%,$0.26B,$0.14B,52.31%,$0.26B,$0.09B,34.23%,$0.09B,$0.40B,25.59%,$0.09B,$0.36B,28.14%,$0.09B,$0.70B,13.91%,$0.16B,$0.52B,34.07%,$39,$2,$37,$23,$29,$46,$-7,$-3,$-10,$2,$-12,$-12,$-12,$-3,$-7,$113,113,$-0.11,$-0.11,$598,$0,$0,$609,$39,$0,$41,$7,$88,$697,$64,$116,$116,$233,$297,$0,$-507,$-0,$401,$697,$138,$7,$21,$28,$1,$0,$-0,$-2,$10,$176,$-3,$-2,$-2,$0,$-92,$-92,$0,$-99,$-138,$0,$-138,$106,$106,$0,$0,$-32,$45,$16,$0
34,2010-03-31,21.85,$4.26,5.12,$2.19,9.96,$0.64,34.12,$0.57,38.33,$0.68B,$0.06B,10.65,$0.12B,$0.47B,0.25,$0.25B,$0.24B,97.18%,$0.25B,$0.14B,56.05%,$0.25B,$0.14B,57.26%,$0.25B,$0.17B,68.55%,$0.25B,$0.12B,49.19%,$0.25B,$0.08B,31.05%,$0.08B,$0.47B,24.39%,$0.08B,$0.43B,26.42%,$0.08B,$0.76B,12.88%,$0.14B,$0.58B,32.88%,$162,$2,$160,$22,$32,$-34,$196,$0,$197,$46,$151,$151,$151,$206,$202,$113,117,$1.33,$1.28,$669,$0,$0,$678,$38,$0,$38,$7,$84,$763,$64,$115,$116,$231,$295,$0,$-435,$-0,$468,$763,$151,$4,$12,$15,$0,$0,$-1,$0,$11,$177,$-1,$0,$0,$0,$-97,$-97,$0,$-97,$-137,$0,$-137,$169,$169,$0,$0,$32,$112,$8,$0
35,2009-12-31,24.4,$2.41,10.12,$1.08,22.63,$-0.88,0.0,$-0.88,0.0,$0.47B,$0.19B,2.52,$0.11B,$0.26B,0.44,$0.11B,$0.11B,93.81%,$0.11B,$-0.08B,-67.26%,$0.11B,$-0.08B,-67.26%,$0.11B,$-0.05B,-43.36%,$0.11B,$-0.09B,-81.42%,$0.11B,$-0.09B,-80.53%,$-0.09B,$0.26B,-35.58%,$-0.09B,$0.22B,-38.28%,$-0.09B,$0.56B,-17.98%,$-0.08B,$0.37B,-22.75%,$31,$1,$29,$17,$29,$34,$-4,$-20,$-24,$-1,$-23,$-23,$-23,$-0,$-17,$105,105,$-0.22,$-0.22,$460,$0,$0,$470,$39,$0,$37,$8,$86,$556,$186,$112,$2,$114,$301,$0,$-564,$0,$255,$556,$-92,$14,$48,$62,$1,$0,$3,$1,$-10,$-41,$-3,$-3,$-26,$0,$56,$56,$0,$25,$173,$0,$173,$21,$21,$0,$-4,$189,$173,$32,$0
36,2009-09-30,17.4,$2.53,6.88,$1.14,15.21,$-0.93,0.0,$-0.76,0.0,$0.51B,$0.17B,3.07,$0.11B,$0.27B,0.41,$0.12B,$0.11B,93.33%,$0.12B,$-0.08B,-65.00%,$0.12B,$-0.07B,-61.67%,$0.12B,$-0.05B,-42.50%,$0.12B,$-0.08B,-70.00%,$0.12B,$-0.08B,-69.17%,$-0.08B,$0.27B,-33.17%,$-0.08B,$0.26B,-34.80%,$-0.08B,$0.54B,-17.80%,$-0.08B,$0.38B,-23.51%,$28,$2,$26,$17,$30,$56,$-28,$1,$-27,$0,$-27,$-27,$-27,$-17,$-21,$105,105,$-0.26,$-0.26,$498,$0,$0,$507,$16,$0,$11,$8,$36,$544,$166,$109,$2,$112,$277,$0,$-541,$0,$267,$544,$-69,$10,$35,$45,$1,$0,$5,$2,$-2,$-26,$-2,$-2,$0,$0,$96,$96,$0,$92,$173,$0,$173,$16,$16,$0,$-4,$184,$251,$24,$0
37,2009-06-30,15.47,$2.63,5.89,$1.16,13.34,$-1.06,0.0,$-0.77,0.0,$0.49B,$0.16B,3.05,$0.09B,$0.27B,0.34,$0.12B,$0.11B,91.74%,$0.12B,$-0.08B,-69.42%,$0.12B,$-0.08B,-69.42%,$0.12B,$-0.06B,-48.76%,$0.12B,$-0.09B,-72.73%,$0.12B,$-0.09B,-71.90%,$-0.09B,$0.27B,-36.06%,$-0.09B,$0.26B,-37.99%,$-0.09B,$0.53B,-19.82%,$-0.08B,$0.37B,-25.04%,$27,$1,$26,$16,$33,$52,$-25,$1,$-24,$0,$-24,$-24,$-24,$-19,$-22,$105,105,$-0.23,$-0.23,$480,$0,$0,$491,$18,$0,$12,$6,$37,$529,$161,$92,$2,$95,$256,$0,$-513,$1,$273,$529,$-41,$7,$22,$29,$-0,$0,$4,$0,$-6,$-18,$-2,$-2,$0,$0,$67,$67,$0,$64,$150,$0,$150,$10,$10,$0,$-4,$156,$202,$16,$0
38,2009-03-31,9.45,$2.18,4.33,$1.24,7.6,$-1.18,0.0,$-1.92,0.0,$0.36B,$0.16B,2.17,$0.00B,$0.23B,0.0,$0.13B,$0.11B,87.69%,$0.13B,$-0.08B,-60.77%,$0.13B,$-0.08B,-60.77%,$0.13B,$-0.05B,-40.77%,$0.13B,$-0.08B,-62.31%,$0.13B,$-0.20B,-154.62%,$-0.20B,$0.23B,-84.81%,$-0.20B,$0.22B,-89.83%,$-0.20B,$0.40B,-47.74%,$-0.08B,$0.23B,-22.68%,$27,$2,$25,$18,$37,$46,$-19,$1,$-17,$-0,$-17,$-17,$-17,$-13,$-16,$104,104,$-0.17,$-0.17,$348,$0,$0,$357,$20,$0,$12,$4,$38,$395,$164,$0,$2,$3,$167,$0,$-489,$0,$228,$395,$-17,$4,$11,$15,$0,$0,$9,$1,$2,$-1,$-1,$-2,$0,$0,$7,$7,$0,$5,$0,$0,$0,$6,$6,$0,$0,$6,$10,$8,$0
39,2008-12-31,15.92,$2.24,7.09,$1.36,11.7,$-1.49,0.0,$-1.87,0.0,$0.36B,$0.04B,9.86,$0.13B,$0.23B,0.54,$0.14B,$0.12B,85.31%,$0.14B,$-0.09B,-60.14%,$0.14B,$-0.09B,-60.14%,$0.14B,$-0.06B,-41.26%,$0.14B,$-0.09B,-60.14%,$0.14B,$-0.20B,-138.46%,$-0.20B,$0.23B,-71.67%,$-0.20B,$0.22B,-75.64%,$-0.20B,$0.40B,-41.75%,$-0.09B,$0.36B,-20.12%,$38,$3,$35,$17,$36,$44,$-6,$-10,$-16,$-0,$-15,$-15,$-15,$-2,$-15,$105,105,$-0.15,$-0.15,$346,$0,$0,$356,$22,$1,$12,$5,$41,$397,$36,$125,$3,$128,$164,$0,$-472,$1,$233,$397,$-199,$18,$161,$179,$0,$0,$-4,$2,$-18,$-38,$-10,$-0,$0,$0,$93,$93,$0,$83,$-20,$0,$-20,$-28,$-28,$0,$0,$-47,$-3,$37,$0
40,2008-09-30,12.85,$2.20,5.84,$1.39,9.24,$-1.06,0.0,$-1.91,0.0,$0.39B,$0.04B,9.74,$0.16B,$0.23B,0.69,$0.15B,$0.12B,81.51%,$0.15B,$-0.11B,-73.29%,$0.15B,$-0.10B,-67.12%,$0.15B,$-0.08B,-54.79%,$0.15B,$-0.11B,-73.97%,$0.15B,$-0.20B,-139.73%,$-0.20B,$0.23B,-63.80%,$-0.20B,$0.22B,-67.16%,$-0.20B,$0.44B,-38.36%,$-0.11B,$0.39B,-22.30%,$29,$5,$25,$18,$31,$63,$-34,$3,$-31,$0,$-31,$-31,$-31,$-25,$-31,$105,105,$-0.29,$-0.29,$379,$0,$0,$390,$24,$0,$12,$6,$45,$435,$40,$160,$4,$164,$204,$0,$-412,$-2,$231,$435,$-184,$14,$152,$166,$-1,$0,$-1,$-0,$-16,$-33,$-8,$-0,$0,$0,$48,$48,$0,$39,$-1,$0,$-1,$-18,$-18,$0,$0,$-19,$-13,$29,$0
41,2008-06-30,19.07,$2.44,7.83,$1.51,12.61,$-0.54,0.0,$-1.70,0.0,$0.41B,$0.04B,10.83,$0.16B,$0.26B,0.63,$0.16B,$0.13B,81.76%,$0.16B,$-0.09B,-55.97%,$0.16B,$-0.08B,-52.20%,$0.16B,$-0.07B,-42.14%,$0.16B,$-0.09B,-55.35%,$0.16B,$-0.18B,-112.58%,$-0.18B,$0.26B,-49.52%,$-0.18B,$0.24B,-52.03%,$-0.18B,$0.46B,-30.90%,$-0.09B,$0.42B,-17.07%,$36,$7,$29,$20,$24,$56,$-20,$3,$-17,$121,$-138,$-138,$-138,$-13,$-17,$105,105,$-1.32,$-1.32,$394,$0,$0,$405,$26,$0,$15,$8,$52,$457,$37,$160,$4,$164,$202,$0,$-375,$-1,$256,$457,$-153,$8,$139,$147,$-0,$0,$-1,$-1,$-20,$-26,$-7,$-0,$0,$0,$59,$59,$0,$51,$-1,$0,$-1,$-12,$-12,$0,$0,$-13,$12,$19,$0
42,2008-03-31,23.31,$3.69,6.32,$1.63,14.31,$-0.13,0.0,$-0.35,0.0,$0.43B,$0.06B,7.33,$0.16B,$0.39B,0.42,$0.17B,$0.14B,83.04%,$0.17B,$-0.07B,-42.11%,$0.17B,$-0.07B,-40.35%,$0.17B,$-0.05B,-30.99%,$0.17B,$-0.08B,-44.44%,$0.17B,$-0.04B,-25.73%,$-0.04B,$0.39B,-11.10%,$-0.04B,$0.37B,-11.65%,$-0.04B,$0.61B,-7.09%,$-0.07B,$0.55B,-13.94%,$40,$7,$33,$22,$33,$66,$-26,$5,$-22,$-7,$-14,$-14,$-14,$-19,$-23,$105,105,$-0.14,$-0.14,$400,$0,$0,$433,$28,$2,$17,$6,$175,$608,$59,$160,$4,$164,$223,$0,$-231,$1,$385,$608,$-14,$4,$6,$10,$-5,$0,$1,$-2,$-8,$-31,$-3,$-0,$0,$0,$65,$65,$0,$62,$-1,$0,$-1,$-24,$-24,$0,$0,$-26,$5,$11,$0
43,2007-12-31,20.94,$3.87,5.42,$1.73,12.09,$0.31,67.24,$-0.27,0.0,$0.46B,$0.06B,8.24,$0.16B,$0.41B,0.39,$0.18B,$0.15B,84.53%,$0.18B,$-0.05B,-27.62%,$0.18B,$-0.05B,-27.62%,$0.18B,$-0.03B,-18.78%,$0.18B,$-0.06B,-33.15%,$0.18B,$-0.03B,-18.78%,$-0.03B,$0.41B,-8.56%,$-0.03B,$0.39B,-9.01%,$-0.03B,$0.63B,-5.45%,$-0.05B,$0.57B,-10.48%,$41,$8,$32,$23,$41,$68,$-27,$-11,$-38,$-17,$-21,$-21,$-21,$-23,$-27,$104,104,$-0.20,$-0.20,$441,$0,$0,$463,$25,$2,$18,$4,$165,$627,$56,$160,$4,$164,$220,$0,$-195,$0,$407,$627,$-34,$16,$30,$46,$1,$0,$-1,$-11,$-7,$5,$-8,$-0,$-1,$0,$43,$43,$0,$33,$-4,$0,$-4,$12,$12,$0,$0,$8,$46,$45,$0
44,2007-09-30,19.11,$3.83,4.99,$1.85,10.31,$0.78,24.44,$-0.11,0.0,$0.47B,$0.06B,7.43,$0.16B,$0.40B,0.4,$0.19B,$0.17B,86.01%,$0.19B,$-0.02B,-9.33%,$0.19B,$-0.02B,-9.33%,$0.19B,$0.00B,0.52%,$0.19B,$-0.02B,-10.36%,$0.19B,$-0.01B,-5.70%,$-0.01B,$0.40B,-2.81%,$-0.01B,$0.38B,-2.97%,$-0.01B,$0.63B,-1.78%,$-0.02B,$0.56B,-4.18%,$42,$6,$36,$18,$30,$58,$-16,$6,$-11,$-4,$-6,$-6,$-6,$-12,$-16,$104,104,$-0.06,$-0.06,$445,$0,$0,$466,$24,$0,$19,$5,$159,$625,$63,$160,$4,$164,$227,$0,$-180,$0,$398,$625,$-13,$13,$19,$32,$-1,$0,$7,$-5,$1,$19,$-6,$-0,$-1,$0,$188,$188,$0,$181,$-4,$0,$-4,$0,$0,$0,$0,$-4,$196,$28,$0
45,2007-06-30,17.98,$3.81,4.72,$1.89,9.49,$0.94,19.03,$-0.27,0.0,$0.46B,$0.22B,2.08,$0.00B,$0.40B,0.0,$0.20B,$0.17B,86.29%,$0.20B,$-0.00B,-2.03%,$0.20B,$-0.00B,-2.03%,$0.20B,$0.02B,7.61%,$0.20B,$-0.03B,-15.23%,$0.20B,$-0.03B,-14.21%,$-0.03B,$0.40B,-7.27%,$-0.03B,$0.38B,-7.71%,$-0.03B,$0.62B,-4.59%,$-0.00B,$0.40B,-0.94%,$48,$7,$41,$19,$25,$50,$-3,$-2,$-5,$-2,$-3,$-3,$-3,$1,$-3,$104,104,$-0.03,$-0.03,$438,$0,$0,$460,$26,$4,$21,$6,$162,$621,$221,$0,$5,$5,$226,$0,$-174,$-0,$396,$621,$-7,$8,$15,$23,$-1,$0,$11,$-10,$-1,$15,$-6,$0,$-1,$0,$9,$9,$-0,$3,$-4,$0,$-4,$0,$0,$0,$0,$-4,$14,$20,$0
46,2007-03-31,21.25,$3.74,5.69,$1.88,11.28,$1.08,19.59,$-0.18,0.0,$0.46B,$0.23B,2.01,$0.00B,$0.39B,0.0,$0.20B,$0.17B,85.35%,$0.20B,$-0.01B,-5.05%,$0.20B,$-0.01B,-5.05%,$0.20B,$0.01B,4.55%,$0.20B,$-0.03B,-16.16%,$0.20B,$-0.02B,-9.60%,$-0.02B,$0.39B,-4.96%,$-0.02B,$0.37B,-5.28%,$-0.02B,$0.62B,-3.15%,$-0.01B,$0.39B,-2.16%,$50,$6,$44,$23,$25,$55,$-4,$-2,$-6,$-2,$-4,$-4,$-4,$-0,$-4,$104,104,$-0.04,$-0.04,$439,$0,$0,$458,$25,$6,$22,$6,$163,$621,$228,$0,$5,$6,$233,$0,$-171,$-0,$388,$621,$-4,$4,$6,$11,$1,$0,$9,$-8,$8,$15,$-2,$-152,$0,$0,$127,$127,$-0,$-27,$-4,$0,$-4,$0,$0,$0,$0,$-4,$-17,$9,$0
47,2006-12-31,18.93,$3.68,5.14,$1.83,10.32,$1.10,17.25,$-0.12,0.0,$0.44B,$0.22B,2.03,$0.00B,$0.38B,0.0,$0.20B,$0.17B,84.62%,$0.20B,$-0.01B,-4.62%,$0.20B,$-0.01B,-4.62%,$0.20B,$0.01B,5.13%,$0.20B,$-0.03B,-12.82%,$0.20B,$-0.01B,-7.18%,$-0.01B,$0.38B,-3.77%,$-0.01B,$0.36B,-4.03%,$-0.01B,$0.61B,-2.41%,$-0.01B,$0.38B,-1.83%,$53,$7,$45,$17,$23,$47,$5,$-3,$2,$-0,$2,$2,$2,$12,$5,$103,103,$0.02,$0.02,$424,$0,$0,$443,$26,$14,$22,$1,$162,$605,$218,$0,$2,$4,$222,$0,$-167,$-1,$382,$605,$-14,$20,$30,$49,$-2,$0,$7,$-2,$22,$57,$-12,$-0,$-1,$0,$-49,$-49,$0,$-62,$-1,$0,$-1,$37,$37,$0,$0,$36,$31,$41,$0
