,Date,Stock Price,Book Value per Share,Price to Book Ratio,TTM Sales per Share,Price to Sales Ratio,TTM FCF per Share,Price to FCF Ratio,TTM Net EPS,PE Ratio,Current Assets,Current Liabilities,Current Ratio,Long Term Debt,Shareholder's Equity_x,Debt to Equity Ratio,TTM Revenue_x,TTM Gross Profit,Gross Margin,TTM Revenue_y,TTM Operating Income,Operating Margin,TTM Revenue_x,TTM EBIT,EBIT Margin,TTM Revenue_y,TTM EBITDA,EBITDA Margin,TTM Revenue_x,TTM Pre-Tax Income,Pre-Tax Margin,TTM Revenue_y,TTM Net Income_x,Net Margin,TTM Net Income_y,Shareholder's Equity_y,Return on Equity,TTM Net Income_x,Tangible Equity,Return on Tangible Equity,TTM Net Income_y,Total Assets,Return on Assets,TTM Net Income,LT Investments & Debt,Return on Investment,revenue,cost-goods-sold,gross-profit,research-development-expenses,selling-general-administrative-expenses,operating-expenses,operating-income,total-non-operating-income-expense,pre-tax-income,total-provision-income-taxes,income-after-taxes,income-from-continuous-operations,net-income,ebitda,ebit,basic-shares-outstanding,shares-outstanding,eps-basic-net-earnings-per-share,eps-earnings-per-share-diluted,cash-on-hand,inventory,other-current-assets,total-current-assets,net-property-plant-equipment,long-term-investments,goodwill-intangible-assets-total,other-long-term-assets,total-long-term-assets,total-assets,total-current-liabilities,long-term-debt,other-non-current-liabilities,total-long-term-liabilities,total-liabilities,common-stock-net,retained-earnings-accumulated-deficit,comprehensive-income,total-share-holder-equity,total-liabilities-share-holders-equity,net-income-loss,total-depreciation-amortization-cash-flow,other-non-cash-items,total-non-cash-items,change-in-accounts-receivable,change-in-inventories,change-in-accounts-payable,change-in-assets-liabilities,total-change-in-assets-liabilities,cash-flow-from-operating-activities,net-change-in-property-plant-equipment,net-change-in-intangible-assets,net-acquisitions-divestitures,net-change-in-short-term-investments,net-change-in-long-term-investments,net-change-in-investments-total,investing-activities-other,cash-flow-from-investing-activities,net-long-term-debt,net-current-debt,debt-issuance-retirement-net-total,net-common-equity-issued-repurchased,net-total-equity-issued-repurchased,total-common-preferred-stock-dividends-paid,financial-activities-other,cash-flow-from-financial-activities,net-cash-flow,stock-based-compensation,common-stock-dividends-paid
0,2018-09-30,115.34,$13.34,8.65,$16.70,6.9,$6.97,16.56,$2.32,49.72,$1.09B,$0.42B,2.58,$0.52B,$1.90B,0.27,$2.41B,$1.40B,58.17%,$2.41B,$0.57B,23.83%,$2.41B,$0.57B,23.83%,$2.41B,$0.70B,28.90%,$2.41B,$0.55B,22.95%,$2.41B,$0.34B,13.97%,$0.34B,$1.90B,16.70%,$0.34B,$0.47B,49.72%,$0.34B,$3.07B,10.16%,$0.57B,$2.42B,23.77%,$588,$245,$343,$39,$147,$444,$144,$-5,$139,$33,$106,$106,$106,$175,$144,$143,144,$0.74,$0.73,$230,$283,$0,$1088,$382,$0,$1434,$117,$1979,$3068,$421,$518,$139,$746,$1167,$1,$2296,$-237,$1900,$3068,$106,$30,$14,$44,$20,$-16,$0,$-8,$-102,$48,$-13,$-3,$-126,$-2,$0,$-2,$-4,$-148,$217,$0,$217,$-19,$-19,$-53,$-0,$145,$41,$12,$-53
1,2018-06-30,103.22,$14.43,7.15,$16.27,6.34,$7.26,14.21,$2.19,47.13,$1.07B,$0.51B,2.09,$0.27B,$2.06B,0.13,$2.34B,$1.36B,58.18%,$2.34B,$0.54B,23.15%,$2.34B,$0.54B,23.15%,$2.34B,$0.66B,28.28%,$2.34B,$0.52B,22.26%,$2.34B,$0.32B,13.50%,$0.32B,$2.06B,15.42%,$0.32B,$0.78B,42.66%,$0.32B,$3.06B,9.26%,$0.54B,$2.33B,21.06%,$624,$261,$362,$40,$157,$477,$147,$-6,$141,$31,$110,$110,$110,$179,$147,$143,144,$0.76,$0.76,$189,$269,$0,$1066,$387,$0,$1284,$274,$1998,$3064,$511,$270,$139,$494,$1005,$1,$2432,$-224,$2059,$3064,$316,$120,$60,$180,$-32,$1,$0,$-161,$9,$505,$-63,$-9,$-1,$-14,$0,$-14,$-15,$-102,$-796,$0,$-796,$-30,$-30,$-199,$-0,$-1027,$-633,$48,$-199
2,2018-03-31,97.78,$14.48,6.75,$15.85,6.17,$6.66,14.68,$2.14,45.69,$1.60B,$0.46B,3.48,$0.81B,$2.07B,0.39,$2.27B,$1.32B,58.22%,$2.27B,$0.52B,22.96%,$2.27B,$0.52B,22.96%,$2.27B,$0.64B,28.10%,$2.27B,$0.50B,22.08%,$2.27B,$0.31B,13.54%,$0.31B,$2.07B,15.22%,$0.31B,$0.76B,43.66%,$0.31B,$3.53B,8.76%,$0.52B,$2.88B,18.97%,$592,$247,$344,$37,$148,$455,$136,$-6,$130,$20,$110,$110,$110,$166,$136,$143,144,$0.77,$0.76,$704,$289,$0,$1604,$398,$0,$1309,$176,$1930,$3534,$461,$810,$116,$1006,$1467,$1,$2372,$-156,$2067,$3534,$206,$88,$40,$128,$-39,$-11,$0,$-72,$42,$376,$-45,$-7,$-0,$-6,$0,$-6,$-5,$-63,$-270,$0,$-270,$-18,$-18,$-150,$-0,$-438,$-118,$36,$-150
3,2017-12-31,83.78,$14.13,5.93,$15.34,5.46,$5.98,14.02,$2.00,41.89,$1.75B,$1.36B,1.29,$0.00B,$2.02B,0.0,$2.20B,$1.28B,58.29%,$2.20B,$0.49B,22.45%,$2.20B,$0.49B,22.45%,$2.20B,$0.61B,27.73%,$2.20B,$0.48B,21.86%,$2.20B,$0.29B,13.02%,$0.29B,$2.02B,14.51%,$0.29B,$0.70B,43.98%,$0.29B,$3.56B,8.20%,$0.49B,$2.02B,17.69%,$601,$251,$350,$41,$152,$455,$146,$-4,$142,$132,$10,$10,$10,$175,$146,$143,144,$0.07,$0.07,$859,$296,$0,$1754,$402,$0,$1315,$42,$1810,$3564,$1356,$0,$112,$188,$1544,$1,$2312,$-148,$2020,$3564,$96,$59,$26,$85,$-26,$-21,$0,$-3,$46,$227,$-32,$-5,$-3,$-4,$0,$-4,$0,$-44,$-60,$0,$-60,$-2,$-2,$-100,$0,$-162,$37,$24,$-100
4,2017-09-30,75.81,$14.41,5.26,$14.89,5.09,$5.87,12.92,$2.47,30.69,$1.66B,$0.35B,4.72,$1.02B,$2.05B,0.5,$2.13B,$1.24B,58.31%,$2.13B,$0.44B,20.89%,$2.13B,$0.44B,20.89%,$2.13B,$0.56B,26.31%,$2.13B,$0.43B,20.42%,$2.13B,$0.35B,16.61%,$0.35B,$2.05B,18.64%,$0.35B,$0.73B,61.79%,$0.35B,$3.49B,10.30%,$0.44B,$3.07B,15.17%,$524,$218,$306,$37,$144,$411,$113,$-4,$108,$22,$86,$86,$86,$142,$113,$142,143,$0.61,$0.60,$811,$300,$0,$1658,$401,$0,$1323,$44,$1832,$3490,$352,$1019,$2,$1089,$1440,$1,$2353,$-153,$2050,$3490,$86,$30,$13,$42,$23,$-27,$0,$-15,$-35,$94,$-16,$-2,$0,$-3,$0,$-3,$6,$-15,$-60,$0,$-60,$4,$4,$-50,$0,$-106,$-11,$12,$-50
5,2017-06-30,76.34,$13.79,5.54,$14.52,5.26,$5.83,13.09,$2.41,31.68,$1.64B,$0.36B,4.57,$1.08B,$1.96B,0.55,$2.07B,$1.20B,58.18%,$2.07B,$0.43B,20.57%,$2.07B,$0.43B,20.57%,$2.07B,$0.54B,26.09%,$2.07B,$0.42B,20.28%,$2.07B,$0.34B,16.60%,$0.34B,$1.96B,18.80%,$0.34B,$0.63B,69.33%,$0.34B,$3.47B,10.14%,$0.43B,$3.04B,15.06%,$557,$233,$324,$37,$148,$429,$127,$-6,$122,$20,$102,$102,$102,$156,$127,$141,142,$0.72,$0.70,$822,$268,$0,$1644,$394,$0,$1327,$42,$1824,$3468,$360,$1079,$2,$1148,$1508,$1,$2316,$-189,$1960,$3468,$342,$112,$49,$162,$-64,$-42,$0,$-19,$-90,$414,$-62,$-9,$-7,$-6,$0,$-6,$3,$-82,$-95,$0,$-95,$30,$30,$-186,$-12,$-263,$91,$46,$-186
6,2017-03-31,70.21,$13.08,5.37,$14.27,4.92,$6.81,10.3,$2.29,30.66,$1.61B,$0.34B,4.77,$1.17B,$1.86B,0.63,$2.03B,$1.18B,58.14%,$2.03B,$0.42B,20.56%,$2.03B,$0.42B,20.56%,$2.03B,$0.53B,26.08%,$2.03B,$0.41B,20.41%,$2.03B,$0.32B,15.98%,$0.32B,$1.86B,18.43%,$0.32B,$0.54B,77.10%,$0.32B,$3.42B,9.73%,$0.42B,$3.02B,15.42%,$514,$214,$300,$35,$138,$407,$107,$1,$108,$20,$88,$88,$88,$136,$107,$142,143,$0.62,$0.62,$827,$260,$0,$1605,$387,$0,$1317,$46,$1817,$3423,$336,$1168,$1,$1231,$1568,$1,$2261,$-213,$1855,$3423,$241,$84,$36,$120,$-33,$-38,$0,$-29,$-87,$274,$-44,$-7,$-3,$-6,$0,$-6,$10,$-51,$-5,$0,$-5,$15,$15,$-140,$-12,$-141,$96,$34,$-140
7,2016-12-31,60.25,$12.08,4.99,$13.88,4.34,$7.76,7.76,$2.30,26.19,$1.52B,$0.68B,2.23,$0.87B,$1.71B,0.51,$1.97B,$1.14B,57.88%,$1.97B,$0.41B,21.04%,$1.97B,$0.41B,21.04%,$1.97B,$0.52B,26.27%,$1.97B,$0.42B,21.09%,$1.97B,$0.33B,16.62%,$0.33B,$1.71B,19.09%,$0.33B,$0.39B,58.26%,$0.33B,$3.32B,10.59%,$0.41B,$2.58B,16.72%,$530,$221,$309,$38,$139,$434,$97,$-1,$96,$19,$77,$77,$77,$125,$97,$141,142,$0.54,$0.54,$788,$253,$0,$1520,$376,$0,$1322,$43,$1802,$3323,$682,$869,$1,$930,$1612,$1,$2220,$-300,$1710,$3323,$153,$56,$33,$89,$-7,$-36,$0,$-15,$-35,$206,$-29,$-5,$5,$-4,$0,$-4,$0,$-33,$-5,$0,$-5,$10,$10,$-93,$0,$-88,$57,$23,$-93
8,2016-09-30,62.55,$12.58,4.97,$13.36,4.68,$8.28,7.56,$2.40,26.06,$1.48B,$0.62B,2.38,$0.87B,$1.77B,0.49,$1.89B,$1.10B,57.95%,$1.89B,$0.43B,22.45%,$1.89B,$0.43B,22.45%,$1.89B,$0.52B,27.52%,$1.89B,$0.43B,22.87%,$1.89B,$0.35B,18.28%,$0.35B,$1.77B,20.77%,$0.35B,$0.42B,47.48%,$0.35B,$3.32B,12.29%,$0.43B,$2.65B,18.38%,$465,$196,$269,$34,$129,$371,$94,$-1,$93,$17,$76,$76,$76,$122,$94,$141,142,$0.54,$0.54,$782,$254,$0,$1475,$391,$0,$1352,$41,$1847,$3322,$621,$874,$1,$929,$1550,$1,$2190,$-193,$1773,$3322,$76,$28,$12,$40,$36,$-28,$0,$-19,$-30,$86,$-15,$-2,$-3,$-3,$0,$-3,$10,$-13,$0,$0,$0,$6,$6,$-46,$0,$-40,$50,$12,$-46
9,2016-06-30,60.75,$12.05,5.04,$12.98,4.68,$8.53,7.12,$2.43,25.0,$1.42B,$0.64B,2.23,$0.87B,$1.70B,0.52,$1.84B,$1.07B,57.99%,$1.84B,$0.43B,23.32%,$1.84B,$0.43B,23.32%,$1.84B,$0.52B,27.99%,$1.84B,$0.44B,23.86%,$1.84B,$0.35B,19.18%,$0.35B,$1.70B,22.23%,$0.35B,$0.34B,38.68%,$0.35B,$3.26B,13.85%,$0.43B,$2.57B,20.04%,$519,$217,$301,$34,$136,$400,$119,$-1,$117,$34,$83,$83,$83,$146,$119,$140,142,$0.59,$0.59,$731,$224,$0,$1420,$384,$0,$1359,$38,$1837,$3257,$638,$873,$1,$924,$1562,$1,$2160,$-223,$1695,$3257,$352,$87,$47,$134,$-27,$30,$0,$12,$62,$548,$-59,$-9,$-1042,$-8,$0,$-8,$-8,$-1126,$856,$0,$856,$-74,$-74,$-168,$-1,$613,$14,$46,$-168
10,2016-03-31,55.26,$11.92,4.64,$12.50,4.42,$7.33,7.54,$2.45,22.56,$1.40B,$0.29B,4.89,$0.44B,$1.67B,0.26,$1.77B,$1.03B,57.78%,$1.77B,$0.41B,23.11%,$1.77B,$0.41B,23.11%,$1.77B,$0.49B,27.40%,$1.77B,$0.43B,24.01%,$1.77B,$0.36B,20.12%,$0.36B,$1.67B,22.87%,$0.36B,$1.10B,31.11%,$0.36B,$2.45B,15.66%,$0.41B,$2.11B,20.80%,$454,$194,$260,$28,$123,$350,$104,$5,$109,$18,$91,$91,$91,$124,$104,$140,141,$0.65,$0.64,$718,$233,$0,$1400,$387,$0,$573,$41,$1045,$2445,$287,$436,$4,$485,$771,$1,$2109,$-181,$1673,$2445,$269,$60,$38,$98,$3,$26,$0,$0,$38,$405,$-44,$-7,$-243,$-8,$0,$-8,$-6,$-308,$117,$0,$117,$-85,$-85,$-126,$-1,$-95,$1,$35,$-126
11,2015-12-31,51.05,$10.89,4.69,$12.24,4.17,$6.40,7.97,$2.46,20.75,$1.35B,$0.27B,5.09,$0.40B,$1.52B,0.26,$1.74B,$1.02B,58.32%,$1.74B,$0.41B,23.65%,$1.74B,$0.41B,23.65%,$1.74B,$0.49B,27.90%,$1.74B,$0.43B,24.74%,$1.74B,$0.36B,20.49%,$0.36B,$1.52B,23.38%,$0.36B,$1.06B,30.24%,$0.36B,$2.24B,15.95%,$0.41B,$1.93B,21.21%,$455,$188,$267,$29,$118,$347,$108,$6,$114,$18,$96,$96,$96,$129,$108,$140,141,$0.68,$0.68,$659,$237,$0,$1351,$375,$0,$466,$38,$888,$2239,$266,$401,$4,$449,$715,$1,$2063,$-261,$1524,$2239,$178,$40,$27,$67,$25,$9,$0,$14,$35,$280,$-31,$-5,$-152,$-8,$0,$-8,$-28,$-224,$100,$0,$100,$-94,$-94,$-84,$-1,$-79,$-58,$24,$-84
12,2015-09-30,48.2,$10.47,4.6,$12.00,4.02,$5.72,8.43,$2.46,19.59,$1.53B,$0.26B,5.96,$0.50B,$1.46B,0.34,$1.71B,$1.01B,59.18%,$1.71B,$0.41B,24.15%,$1.71B,$0.41B,24.15%,$1.71B,$0.49B,28.36%,$1.71B,$0.43B,25.32%,$1.71B,$0.35B,20.58%,$0.35B,$1.46B,22.81%,$0.35B,$1.16B,28.55%,$0.35B,$2.26B,15.57%,$0.41B,$1.96B,20.95%,$412,$173,$239,$27,$111,$314,$98,$1,$99,$17,$83,$83,$83,$116,$98,$140,142,$0.59,$0.58,$822,$259,$0,$1533,$369,$0,$305,$35,$722,$2255,$257,$501,$5,$537,$794,$1,$2014,$-296,$1461,$2255,$83,$18,$12,$31,$30,$-17,$0,$-4,$11,$125,$-16,$-2,$0,$-5,$0,$-5,$-39,$-63,$200,$0,$200,$-54,$-54,$-42,$0,$104,$105,$12,$-42
13,2015-06-30,53.03,$11.30,4.69,$11.77,4.5,$5.42,9.79,$2.47,21.47,$1.41B,$0.27B,5.28,$0.30B,$1.59B,0.19,$1.68B,$1.01B,60.19%,$1.68B,$0.41B,24.43%,$1.68B,$0.41B,24.43%,$1.68B,$0.48B,28.72%,$1.68B,$0.44B,25.98%,$1.68B,$0.35B,20.98%,$0.35B,$1.59B,22.12%,$0.35B,$1.28B,27.58%,$0.35B,$2.18B,15.48%,$0.41B,$1.89B,20.62%,$453,$194,$259,$29,$129,$354,$100,$5,$104,$17,$87,$87,$87,$117,$100,$140,143,$0.62,$0.61,$717,$247,$0,$1408,$388,$0,$311,$28,$774,$2182,$266,$301,$2,$328,$594,$1,$1976,$-174,$1587,$2182,$353,$73,$22,$95,$-28,$-100,$0,$-23,$-65,$383,$-63,$-9,$-29,$-10,$0,$-10,$-32,$-143,$-2,$0,$-2,$-121,$-121,$-157,$25,$-256,$-188,$48,$-157
14,2015-03-31,67.2,$10.91,6.16,$11.47,5.86,$5.38,12.5,$2.47,27.2,$1.55B,$0.26B,6.06,$0.46B,$1.54B,0.3,$1.64B,$1.01B,61.71%,$1.64B,$0.41B,24.88%,$1.64B,$0.41B,24.88%,$1.64B,$0.48B,29.45%,$1.64B,$0.44B,26.77%,$1.64B,$0.35B,21.52%,$0.35B,$1.54B,21.61%,$0.35B,$1.23B,26.87%,$0.35B,$2.28B,15.22%,$0.41B,$2.00B,20.09%,$422,$171,$251,$27,$116,$317,$106,$8,$114,$23,$91,$91,$91,$124,$106,$141,143,$0.65,$0.64,$866,$225,$0,$1553,$384,$0,$302,$29,$725,$2278,$256,$461,$2,$485,$742,$1,$1928,$-200,$1536,$2278,$265,$55,$13,$69,$-15,$-81,$0,$-3,$-51,$283,$-50,$-7,$-26,$-11,$0,$-11,$-25,$-120,$158,$0,$158,$-80,$-80,$-118,$20,$-19,$-39,$35,$-118
15,2014-12-31,52.25,$11.32,4.62,$11.29,4.63,$5.29,9.88,$2.46,21.24,$1.56B,$0.26B,6.0,$0.45B,$1.59B,0.28,$1.62B,$1.01B,62.69%,$1.62B,$0.41B,25.19%,$1.62B,$0.41B,25.19%,$1.62B,$0.48B,29.76%,$1.62B,$0.44B,27.10%,$1.62B,$0.35B,21.78%,$0.35B,$1.59B,21.05%,$0.35B,$1.27B,26.20%,$0.35B,$2.33B,15.04%,$0.41B,$2.04B,19.82%,$423,$160,$263,$29,$123,$314,$109,$6,$116,$24,$91,$91,$91,$128,$109,$140,142,$0.65,$0.64,$881,$218,$0,$1558,$408,$0,$321,$28,$768,$2327,$260,$450,$2,$479,$738,$1,$1876,$-82,$1588,$2327,$174,$37,$11,$49,$11,$-64,$0,$-4,$-31,$193,$-40,$-5,$-17,$-11,$0,$-11,$-28,$-101,$149,$0,$149,$-74,$-74,$-78,$10,$7,$-25,$23,$-78
16,2014-09-30,45.68,$11.83,3.86,$10.96,4.17,$5.16,8.85,$2.42,18.87,$1.54B,$0.25B,6.04,$0.38B,$1.65B,0.23,$1.58B,$1.00B,63.35%,$1.58B,$0.40B,25.55%,$1.58B,$0.40B,25.55%,$1.58B,$0.48B,30.25%,$1.58B,$0.43B,27.33%,$1.58B,$0.35B,22.07%,$0.35B,$1.65B,20.65%,$0.35B,$1.33B,25.73%,$0.35B,$2.31B,14.84%,$0.40B,$2.03B,19.54%,$380,$143,$237,$30,$111,$286,$95,$7,$102,$19,$83,$83,$83,$113,$95,$140,143,$0.59,$0.58,$882,$197,$0,$1535,$420,$0,$324,$18,$775,$2309,$254,$376,$2,$402,$656,$1,$1824,$26,$1653,$2309,$83,$19,$8,$27,$21,$-38,$0,$-15,$-23,$87,$-21,$-2,$-7,$-1,$0,$-1,$-11,$-42,$75,$0,$75,$-42,$-42,$-39,$2,$-4,$-24,$11,$-39
17,2014-06-30,46.68,$12.53,3.73,$10.75,4.34,$5.21,8.96,$2.40,19.45,$1.56B,$0.27B,5.77,$0.30B,$1.76B,0.17,$1.56B,$0.99B,63.67%,$1.56B,$0.41B,26.05%,$1.56B,$0.41B,26.05%,$1.56B,$0.48B,30.80%,$1.56B,$0.43B,27.72%,$1.56B,$0.35B,22.25%,$0.35B,$1.76B,20.41%,$0.35B,$1.42B,25.44%,$0.35B,$2.36B,14.71%,$0.41B,$2.06B,20.47%,$415,$154,$261,$32,$122,$317,$98,$8,$107,$19,$88,$88,$88,$118,$98,$141,144,$0.62,$0.60,$906,$165,$0,$1556,$434,$0,$335,$17,$805,$2361,$270,$301,$5,$333,$603,$1,$1780,$152,$1758,$2361,$345,$73,$21,$94,$-35,$-16,$0,$6,$-48,$391,$-73,$-8,$-4,$-11,$0,$-11,$1,$-95,$-2,$0,$-2,$-169,$-169,$-142,$15,$-297,$30,$43,$-142
18,2014-03-31,41.0,$12.05,3.4,$10.71,3.83,$5.32,7.71,$2.29,17.91,$1.56B,$0.25B,6.33,$0.40B,$1.69B,0.23,$1.56B,$0.99B,63.60%,$1.56B,$0.39B,25.27%,$1.56B,$0.39B,25.27%,$1.56B,$0.47B,30.03%,$1.56B,$0.41B,26.50%,$1.56B,$0.33B,21.29%,$0.33B,$1.69B,19.96%,$0.33B,$1.35B,24.97%,$0.33B,$2.37B,14.30%,$0.39B,$2.09B,21.06%,$398,$146,$252,$30,$115,$293,$105,$8,$113,$23,$90,$90,$90,$122,$105,$141,143,$0.64,$0.63,$939,$165,$0,$1564,$429,$0,$337,$12,$801,$2365,$247,$396,$5,$427,$674,$1,$1728,$130,$1691,$2365,$258,$54,$18,$72,$-13,$-16,$0,$-4,$-53,$276,$-54,$-6,$-3,$-5,$0,$-5,$-4,$-72,$93,$0,$93,$-154,$-154,$-106,$10,$-157,$63,$33,$-106
19,2013-12-31,42.96,$11.58,3.71,$10.55,4.07,$5.35,8.03,$2.24,19.18,$1.56B,$0.24B,6.44,$0.44B,$1.64B,0.27,$1.54B,$0.98B,63.34%,$1.54B,$0.38B,24.92%,$1.54B,$0.38B,24.92%,$1.54B,$0.46B,29.98%,$1.54B,$0.41B,26.41%,$1.54B,$0.33B,21.16%,$0.33B,$1.64B,19.43%,$0.33B,$1.30B,24.20%,$0.33B,$2.35B,14.07%,$0.38B,$2.08B,21.49%,$384,$136,$249,$30,$112,$279,$105,$4,$109,$23,$87,$87,$87,$124,$105,$142,145,$0.61,$0.60,$973,$178,$0,$1564,$414,$0,$337,$8,$781,$2346,$243,$436,$4,$464,$707,$1,$1673,$79,$1639,$2346,$168,$36,$14,$50,$22,$-30,$0,$2,$-43,$175,$-36,$-3,$-3,$-2,$0,$-2,$-4,$-49,$133,$0,$133,$-83,$-83,$-71,$9,$-13,$97,$21,$-71
20,2013-09-30,47.97,$11.92,4.02,$10.47,4.58,$5.38,8.91,$2.17,22.1,$1.56B,$0.61B,2.55,$0.00B,$1.69B,0.0,$1.53B,$0.96B,62.58%,$1.53B,$0.37B,24.19%,$1.53B,$0.37B,24.19%,$1.53B,$0.45B,29.27%,$1.53B,$0.40B,25.81%,$1.53B,$0.32B,20.66%,$0.32B,$1.69B,18.58%,$0.32B,$1.36B,23.05%,$0.32B,$2.34B,13.71%,$0.37B,$1.69B,20.83%,$358,$130,$228,$27,$101,$261,$97,$5,$102,$21,$81,$81,$81,$115,$97,$142,145,$0.57,$0.56,$977,$175,$0,$1558,$417,$0,$332,$5,$777,$2335,$611,$1,$4,$31,$642,$1,$1622,$130,$1693,$2335,$81,$18,$7,$25,$40,$-27,$0,$-4,$-15,$90,$-17,$-2,$0,$-1,$0,$-1,$-2,$-22,$60,$0,$60,$-16,$-16,$-35,$2,$10,$101,$11,$-35
21,2013-06-30,40.78,$11.34,3.6,$10.34,3.94,$5.32,7.67,$2.10,19.42,$1.45B,$0.57B,2.52,$0.00B,$1.61B,0.0,$1.52B,$0.94B,62.07%,$1.52B,$0.35B,23.35%,$1.52B,$0.35B,23.35%,$1.52B,$0.43B,28.56%,$1.52B,$0.39B,25.40%,$1.52B,$0.31B,20.25%,$0.31B,$1.61B,17.98%,$0.31B,$1.29B,22.30%,$0.31B,$2.21B,13.40%,$0.35B,$1.61B,19.14%,$415,$155,$260,$56,$115,$328,$86,$2,$88,$15,$73,$73,$73,$106,$86,$143,146,$0.52,$0.50,$876,$146,$0,$1449,$411,$0,$324,$6,$762,$2211,$574,$1,$4,$26,$600,$1,$1577,$92,$1611,$2211,$307,$78,$18,$97,$-37,$27,$0,$-29,$-1,$403,$-64,$-8,$-5,$-2,$0,$-2,$1,$-78,$50,$0,$50,$-117,$-117,$-97,$11,$-154,$67,$38,$-97
22,2013-03-31,41.75,$12.39,3.37,$10.00,4.17,$5.25,7.95,$2.13,19.6,$1.58B,$0.58B,2.72,$0.00B,$1.77B,0.0,$1.47B,$0.91B,61.58%,$1.47B,$0.36B,24.30%,$1.47B,$0.36B,24.30%,$1.47B,$0.44B,29.80%,$1.47B,$0.40B,26.88%,$1.47B,$0.31B,21.11%,$0.31B,$1.77B,18.22%,$0.31B,$1.44B,22.55%,$0.31B,$2.38B,13.69%,$0.36B,$1.77B,18.73%,$384,$144,$239,$31,$110,$287,$96,$12,$108,$23,$85,$85,$85,$117,$96,$143,147,$0.59,$0.58,$1013,$166,$0,$1580,$444,$0,$328,$5,$795,$2375,$580,$1,$3,$26,$607,$1,$1528,$259,$1768,$2375,$234,$59,$9,$68,$-9,$10,$0,$-4,$-23,$279,$-48,$-6,$-5,$-2,$0,$-2,$9,$-52,$90,$0,$90,$-65,$-65,$-73,$11,$-37,$203,$28,$-73
23,2012-12-31,37.29,$12.22,3.05,$9.76,3.82,$5.38,6.93,$1.99,18.74,$1.53B,$0.25B,6.09,$0.30B,$1.75B,0.17,$1.44B,$0.88B,61.06%,$1.44B,$0.34B,23.57%,$1.44B,$0.34B,23.57%,$1.44B,$0.42B,29.14%,$1.44B,$0.37B,25.87%,$1.44B,$0.29B,20.24%,$0.29B,$1.75B,17.46%,$0.29B,$1.41B,21.72%,$0.29B,$2.33B,13.16%,$0.34B,$2.05B,17.57%,$377,$144,$233,$30,$108,$284,$92,$6,$98,$20,$78,$78,$78,$111,$92,$143,147,$0.54,$0.53,$958,$195,$0,$1530,$440,$0,$338,$4,$801,$2330,$251,$301,$4,$328,$579,$1,$1467,$267,$1752,$2330,$149,$38,$9,$47,$6,$-16,$0,$-3,$-24,$172,$-28,$-5,$-5,$-1,$0,$-1,$8,$-31,$50,$0,$50,$-15,$-15,$-49,$7,$-7,$149,$17,$-49
24,2012-09-30,36.14,$11.88,3.04,$9.41,3.84,$5.57,6.49,$1.88,19.22,$1.45B,$0.25B,5.73,$0.27B,$1.70B,0.16,$1.39B,$0.84B,60.55%,$1.39B,$0.31B,22.53%,$1.39B,$0.31B,22.53%,$1.39B,$0.40B,28.55%,$1.39B,$0.36B,25.61%,$1.39B,$0.28B,19.80%,$0.28B,$1.70B,17.04%,$0.28B,$1.37B,21.30%,$0.28B,$2.25B,12.91%,$0.31B,$1.97B,16.85%,$340,$131,$209,$27,$98,$259,$80,$10,$91,$20,$71,$71,$71,$99,$80,$143,146,$0.50,$0.49,$891,$193,$0,$1450,$438,$0,$333,$6,$794,$2245,$253,$266,$3,$293,$546,$1,$1414,$255,$1699,$2245,$71,$19,$2,$21,$18,$-17,$0,$-2,$-14,$78,$-14,$-1,$-5,$0,$0,$0,$5,$-15,$15,$0,$15,$14,$14,$-23,$2,$8,$81,$8,$-23
25,2012-06-30,27.74,$11.32,2.45,$9.13,3.04,$5.62,4.93,$1.72,16.13,$1.36B,$0.25B,5.38,$0.25B,$1.61B,0.16,$1.37B,$0.82B,59.90%,$1.37B,$0.30B,21.55%,$1.37B,$0.30B,21.55%,$1.37B,$0.38B,27.76%,$1.37B,$0.33B,24.25%,$1.37B,$0.26B,18.70%,$0.26B,$1.61B,16.18%,$0.26B,$1.30B,20.34%,$0.26B,$2.14B,12.42%,$0.30B,$1.86B,16.46%,$372,$145,$226,$28,$106,$282,$90,$9,$99,$22,$77,$77,$77,$112,$90,$146,149,$0.53,$0.52,$810,$174,$0,$1361,$434,$0,$311,$8,$777,$2138,$253,$251,$3,$277,$530,$1,$1367,$236,$1608,$2138,$255,$86,$9,$94,$-20,$19,$0,$-38,$34,$383,$-47,$-14,$-53,$-4,$0,$-4,$17,$-102,$144,$0,$144,$-330,$-330,$0,$9,$-177,$74,$31,$0
26,2012-03-31,27.48,$11.23,2.45,$8.82,3.12,$4.75,5.78,$1.56,17.62,$1.33B,$0.26B,5.15,$0.24B,$1.61B,0.15,$1.34B,$0.79B,59.22%,$1.34B,$0.27B,20.31%,$1.34B,$0.27B,20.31%,$1.34B,$0.35B,26.44%,$1.34B,$0.31B,23.15%,$1.34B,$0.24B,17.70%,$0.24B,$1.61B,14.70%,$0.24B,$1.28B,18.29%,$0.24B,$2.13B,11.60%,$0.27B,$1.84B,15.24%,$349,$139,$210,$28,$102,$273,$77,$7,$84,$19,$65,$65,$65,$97,$77,$144,147,$0.45,$0.44,$776,$183,$0,$1326,$443,$0,$327,$12,$803,$2129,$257,$235,$4,$262,$520,$1,$1290,$264,$1609,$2129,$178,$63,$10,$73,$-0,$13,$0,$-27,$35,$286,$-35,$-13,$-53,$-5,$0,$-5,$12,$-93,$129,$0,$129,$-264,$-264,$0,$4,$-130,$41,$22,$0
27,2011-12-31,22.58,$10.79,2.09,$8.43,2.68,$4.06,5.56,$1.46,15.47,$1.25B,$0.23B,5.46,$0.23B,$1.56B,0.14,$1.30B,$0.77B,58.79%,$1.30B,$0.26B,19.88%,$1.30B,$0.26B,19.88%,$1.30B,$0.34B,26.02%,$1.30B,$0.30B,22.79%,$1.30B,$0.23B,17.27%,$0.23B,$1.56B,13.84%,$0.23B,$1.24B,17.03%,$0.23B,$2.04B,11.24%,$0.26B,$1.79B,14.72%,$333,$134,$199,$27,$101,$265,$67,$16,$83,$20,$63,$63,$63,$90,$67,$146,150,$0.43,$0.42,$723,$184,$0,$1247,$441,$0,$323,$14,$795,$2041,$228,$225,$3,$252,$480,$1,$1225,$241,$1561,$2041,$113,$43,$4,$47,$26,$9,$0,$-22,$40,$200,$-25,$-11,$-52,$-5,$0,$-5,$5,$-88,$120,$0,$120,$-216,$-216,$0,$2,$-94,$-12,$15,$0
28,2011-09-30,25.6,$10.48,2.44,$8.15,3.14,$3.49,7.34,$1.41,18.15,$1.14B,$0.23B,5.06,$0.13B,$1.55B,0.08,$1.28B,$0.75B,59.01%,$1.28B,$0.26B,20.53%,$1.28B,$0.26B,20.53%,$1.28B,$0.34B,26.33%,$1.28B,$0.29B,22.96%,$1.28B,$0.22B,17.24%,$0.22B,$1.55B,13.43%,$0.22B,$1.22B,16.33%,$0.22B,$1.94B,11.21%,$0.26B,$1.68B,15.27%,$315,$130,$185,$26,$94,$254,$61,$6,$66,$16,$51,$51,$51,$81,$61,$150,154,$0.34,$0.33,$610,$188,$0,$1143,$433,$0,$332,$8,$792,$1935,$226,$130,$4,$161,$386,$1,$1162,$200,$1549,$1935,$51,$20,$7,$27,$14,$4,$0,$-31,$12,$90,$-13,$-9,$-52,$-1,$0,$-1,$3,$-72,$28,$0,$28,$-112,$-112,$0,$1,$-84,$-125,$7,$0
29,2011-06-30,27.52,$11.41,2.41,$7.90,3.48,$3.27,8.42,$1.44,19.11,$1.29B,$0.21B,6.19,$0.10B,$1.73B,0.06,$1.24B,$0.74B,59.69%,$1.24B,$0.27B,21.48%,$1.24B,$0.27B,21.48%,$1.24B,$0.34B,27.11%,$1.24B,$0.30B,24.46%,$1.24B,$0.23B,18.18%,$0.23B,$1.73B,13.95%,$0.23B,$1.45B,16.82%,$0.23B,$2.07B,11.73%,$0.27B,$1.83B,16.03%,$342,$143,$199,$27,$103,$275,$67,$11,$77,$19,$58,$58,$58,$86,$67,$152,157,$0.39,$0.37,$735,$201,$0,$1292,$462,$0,$283,$12,$776,$2069,$209,$100,$4,$129,$338,$1,$1112,$324,$1731,$2069,$227,$71,$1,$72,$-31,$11,$0,$12,$-16,$283,$-67,$-6,$-22,$-2,$4,$2,$17,$-77,$-25,$0,$-25,$-69,$-69,$0,$15,$-79,$246,$31,$0
30,2011-03-31,26.67,$10.90,2.45,$7.61,3.51,$2.74,9.74,$1.41,18.92,$1.20B,$0.19B,6.28,$0.08B,$1.66B,0.05,$1.19B,$0.72B,60.18%,$1.19B,$0.27B,22.55%,$1.19B,$0.27B,22.55%,$1.19B,$0.34B,28.08%,$1.19B,$0.30B,25.06%,$1.19B,$0.22B,18.52%,$0.22B,$1.66B,14.64%,$0.22B,$1.38B,17.73%,$0.22B,$1.96B,12.17%,$0.27B,$1.74B,17.58%,$313,$131,$183,$23,$93,$249,$64,$7,$71,$18,$53,$53,$53,$82,$64,$153,158,$0.35,$0.34,$672,$205,$0,$1203,$448,$0,$280,$12,$760,$1962,$191,$80,$1,$107,$299,$1,$1053,$283,$1663,$1962,$169,$51,$0,$51,$-11,$4,$0,$13,$-11,$209,$-49,$-5,$-22,$2,$0,$2,$13,$-61,$-45,$0,$-45,$-27,$-27,$0,$12,$-60,$183,$23,$0
31,2010-12-31,30.8,$10.50,2.93,$7.41,4.16,$2.29,13.42,$1.39,22.24,$1.15B,$0.25B,4.64,$0.00B,$1.61B,0.0,$1.16B,$0.70B,60.57%,$1.16B,$0.27B,22.95%,$1.16B,$0.27B,22.95%,$1.16B,$0.33B,28.47%,$1.16B,$0.30B,25.54%,$1.16B,$0.22B,18.72%,$0.22B,$1.61B,15.21%,$0.22B,$1.34B,18.53%,$0.22B,$1.88B,12.37%,$0.27B,$1.61B,18.54%,$306,$120,$186,$22,$92,$236,$70,$9,$79,$20,$58,$58,$58,$87,$70,$152,158,$0.38,$0.37,$616,$215,$0,$1145,$441,$0,$270,$8,$739,$1884,$247,$0,$2,$27,$273,$1,$1000,$254,$1611,$1884,$115,$33,$-2,$31,$2,$-9,$0,$3,$-19,$127,$-33,$-5,$-21,$-1,$4,$3,$9,$-47,$-59,$0,$-59,$12,$12,$0,$9,$-38,$127,$17,$0
32,2010-09-30,29.17,$9.73,3.0,$7.25,4.02,$2.00,14.57,$1.32,22.18,$1.07B,$0.29B,3.73,$0.00B,$1.48B,0.0,$1.13B,$0.68B,60.28%,$1.13B,$0.25B,22.52%,$1.13B,$0.25B,22.52%,$1.13B,$0.32B,28.10%,$1.13B,$0.28B,24.82%,$1.13B,$0.21B,18.17%,$0.21B,$1.48B,15.31%,$0.21B,$1.21B,18.91%,$0.21B,$1.79B,12.14%,$0.25B,$1.48B,18.54%,$282,$108,$174,$20,$85,$216,$66,$10,$77,$20,$57,$57,$57,$82,$66,$151,157,$0.37,$0.36,$540,$214,$0,$1069,$424,$0,$272,$7,$724,$1792,$286,$0,$3,$29,$315,$1,$942,$212,$1477,$1792,$57,$16,$1,$16,$12,$-13,$0,$5,$-14,$59,$-15,$-1,$-21,$-1,$4,$3,$4,$-31,$-30,$0,$-30,$-9,$-9,$0,$2,$-36,$51,$8,$0
33,2010-06-30,27.03,$8.51,3.18,$7.06,3.83,$2.05,13.2,$1.23,21.98,$0.99B,$0.31B,3.15,$0.00B,$1.29B,0.0,$1.09B,$0.66B,60.02%,$1.09B,$0.24B,22.05%,$1.09B,$0.24B,22.05%,$1.09B,$0.30B,27.63%,$1.09B,$0.26B,23.88%,$1.09B,$0.19B,17.38%,$0.19B,$1.29B,14.96%,$0.19B,$1.06B,18.64%,$0.19B,$1.63B,11.55%,$0.24B,$1.29B,18.19%,$292,$117,$175,$20,$84,$223,$69,$3,$72,$19,$53,$53,$53,$84,$69,$151,155,$0.35,$0.35,$489,$186,$0,$985,$387,$0,$230,$5,$641,$1626,$313,$0,$3,$26,$339,$1,$885,$86,$1288,$1626,$190,$62,$16,$78,$-25,$-32,$0,$-16,$-79,$188,$-57,$-5,$-11,$0,$1,$1,$13,$-58,$-38,$0,$-38,$-36,$-36,$0,$13,$-61,$73,$30,$0
34,2010-03-31,28.3,$8.79,3.22,$6.82,4.15,$2.05,13.8,$1.19,23.88,$1.03B,$0.33B,3.17,$0.03B,$1.33B,0.02,$1.05B,$0.64B,60.59%,$1.05B,$0.23B,21.84%,$1.05B,$0.23B,21.84%,$1.05B,$0.29B,27.64%,$1.05B,$0.25B,23.84%,$1.05B,$0.18B,17.28%,$0.18B,$1.33B,14.83%,$0.18B,$1.08B,18.73%,$0.18B,$1.71B,11.27%,$0.23B,$1.36B,17.62%,$279,$112,$167,$18,$84,$217,$61,$6,$68,$19,$49,$49,$49,$77,$61,$151,156,$0.32,$0.31,$525,$198,$0,$1030,$405,$0,$251,$5,$683,$1713,$325,$29,$4,$56,$381,$0,$832,$168,$1332,$1713,$137,$46,$7,$53,$-13,$-35,$0,$-11,$-61,$129,$-41,$-3,$-11,$0,$1,$1,$10,$-44,$-18,$0,$-18,$-11,$-11,$0,$8,$-21,$105,$22,$0
35,2009-12-31,23.24,$8.36,2.78,$6.50,3.57,$2.04,11.41,$1.13,20.66,$0.93B,$0.24B,3.86,$0.10B,$1.26B,0.08,$1.00B,$0.61B,60.88%,$1.00B,$0.22B,22.16%,$1.00B,$0.22B,22.16%,$1.00B,$0.28B,27.84%,$1.00B,$0.24B,23.65%,$1.00B,$0.17B,17.17%,$0.17B,$1.26B,15.13%,$0.17B,$0.99B,19.42%,$0.17B,$1.62B,11.33%,$0.22B,$1.35B,18.03%,$275,$111,$164,$19,$84,$217,$58,$5,$63,$17,$46,$46,$46,$74,$58,$150,154,$0.31,$0.30,$455,$183,$0,$928,$403,$0,$265,$6,$694,$1621,$241,$95,$4,$123,$364,$0,$783,$169,$1258,$1621,$88,$30,$6,$36,$6,$-19,$0,$-6,$-48,$76,$-29,$-3,$-11,$0,$1,$1,$6,$-35,$-18,$0,$-18,$-27,$-27,$0,$5,$-40,$36,$14,$0
36,2009-09-30,20.09,$8.02,2.5,$6.16,3.26,$2.14,9.41,$1.05,19.23,$0.94B,$0.29B,3.22,$0.10B,$1.20B,0.08,$0.95B,$0.58B,60.74%,$0.95B,$0.21B,21.79%,$0.95B,$0.21B,21.79%,$0.95B,$0.26B,27.37%,$0.95B,$0.22B,23.26%,$0.95B,$0.16B,16.84%,$0.16B,$1.20B,15.04%,$0.16B,$0.95B,19.60%,$0.16B,$1.62B,11.11%,$0.21B,$1.30B,17.92%,$247,$97,$150,$18,$77,$194,$53,$5,$58,$16,$42,$42,$42,$67,$53,$151,154,$0.28,$0.27,$482,$175,$0,$940,$397,$0,$257,$6,$680,$1620,$292,$95,$3,$125,$417,$0,$737,$165,$1203,$1620,$42,$14,$3,$17,$7,$-12,$0,$-0,$5,$64,$-14,$-1,$0,$0,$0,$0,$2,$-13,$0,$0,$0,$-20,$-20,$0,$2,$-18,$62,$7,$0
37,2009-06-30,18.11,$7.41,2.44,$5.96,3.04,$2.03,8.94,$0.95,19.06,$0.85B,$0.27B,3.17,$0.09B,$1.12B,0.08,$0.92B,$0.55B,60.15%,$0.92B,$0.19B,20.74%,$0.92B,$0.19B,20.74%,$0.92B,$0.24B,26.49%,$0.92B,$0.20B,21.93%,$0.92B,$0.15B,15.85%,$0.15B,$1.12B,14.51%,$0.15B,$0.87B,19.20%,$0.15B,$1.51B,10.75%,$0.19B,$1.21B,17.34%,$252,$95,$157,$17,$78,$194,$58,$4,$62,$17,$45,$45,$45,$73,$58,$151,154,$0.30,$0.30,$416,$157,$0,$853,$378,$4,$248,$5,$655,$1508,$269,$94,$3,$124,$393,$0,$695,$106,$1115,$1508,$146,$54,$15,$69,$-33,$-16,$0,$21,$23,$239,$-108,$-5,$-2,$-2,$0,$-2,$8,$-109,$42,$0,$42,$-44,$-44,$0,$4,$2,$95,$26,$0
38,2009-03-31,15.71,$6.45,2.44,$5.82,2.7,$1.73,9.09,$0.85,18.59,$0.73B,$0.23B,3.19,$0.09B,$0.97B,0.1,$0.90B,$0.53B,58.74%,$0.90B,$0.17B,18.81%,$0.90B,$0.17B,18.81%,$0.90B,$0.22B,24.78%,$0.90B,$0.18B,20.13%,$0.90B,$0.13B,14.49%,$0.13B,$0.97B,13.13%,$0.13B,$0.74B,17.62%,$0.13B,$1.33B,9.83%,$0.17B,$1.07B,15.55%,$228,$89,$139,$14,$71,$175,$53,$1,$54,$14,$39,$39,$39,$65,$53,$152,155,$0.26,$0.26,$327,$148,$0,$728,$335,$4,$236,$2,$598,$1326,$229,$93,$3,$125,$353,$0,$649,$8,$972,$1326,$101,$39,$40,$79,$-25,$-16,$0,$-0,$-11,$169,$-83,$-3,$-0,$-1,$0,$-1,$-0,$-88,$42,$0,$42,$-36,$-36,$0,$3,$9,$6,$19,$0
39,2008-12-31,16.66,$6.36,2.62,$5.69,2.93,$1.48,11.27,$0.78,21.36,$0.71B,$0.22B,3.16,$0.09B,$0.96B,0.09,$0.89B,$0.52B,58.45%,$0.89B,$0.15B,17.34%,$0.89B,$0.15B,17.34%,$0.89B,$0.21B,23.76%,$0.89B,$0.17B,19.37%,$0.89B,$0.12B,13.74%,$0.12B,$0.96B,11.93%,$0.12B,$0.72B,16.14%,$0.12B,$1.31B,9.08%,$0.15B,$1.05B,13.71%,$223,$92,$131,$15,$70,$180,$43,$4,$47,$13,$34,$34,$34,$55,$43,$151,155,$0.23,$0.22,$320,$143,$0,$706,$328,$4,$248,$2,$601,$1307,$224,$85,$4,$120,$344,$0,$610,$26,$964,$1307,$62,$26,$33,$59,$-11,$-7,$0,$-0,$3,$124,$-62,$-2,$-0,$-1,$0,$-1,$0,$-65,$33,$0,$33,$-16,$-16,$0,$1,$18,$-1,$12,$0
40,2008-09-30,19.12,$6.44,2.97,$5.54,3.45,$1.12,17.12,$0.73,26.19,$0.69B,$0.18B,3.9,$0.11B,$0.97B,0.11,$0.87B,$0.51B,58.64%,$0.87B,$0.15B,17.05%,$0.87B,$0.15B,17.05%,$0.87B,$0.21B,23.85%,$0.87B,$0.16B,18.89%,$0.87B,$0.12B,13.25%,$0.12B,$0.97B,11.11%,$0.12B,$0.72B,15.06%,$0.12B,$1.29B,8.54%,$0.15B,$1.08B,12.97%,$218,$91,$127,$17,$71,$181,$37,$2,$39,$11,$28,$28,$28,$51,$37,$151,154,$0.19,$0.18,$302,$146,$0,$687,$329,$4,$253,$3,$606,$1293,$176,$108,$4,$143,$318,$0,$576,$79,$974,$1293,$28,$14,$22,$36,$5,$-2,$0,$5,$4,$68,$-34,$-1,$0,$-1,$0,$-1,$2,$-35,$17,$0,$17,$-18,$-18,$0,$1,$0,$-19,$6,$0
41,2008-06-30,15.89,$7.12,2.23,$5.31,2.99,$0.96,16.52,$0.71,22.54,$0.74B,$0.19B,3.84,$0.09B,$1.08B,0.09,$0.84B,$0.49B,59.09%,$0.84B,$0.14B,17.11%,$0.84B,$0.14B,17.11%,$0.84B,$0.20B,24.16%,$0.84B,$0.16B,19.02%,$0.84B,$0.11B,13.28%,$0.11B,$1.08B,10.70%,$0.11B,$0.80B,14.56%,$0.11B,$1.41B,8.25%,$0.14B,$1.18B,12.56%,$235,$101,$134,$18,$77,$198,$37,$5,$42,$12,$30,$30,$30,$53,$37,$155,157,$0.20,$0.19,$321,$158,$0,$739,$357,$5,$281,$8,$667,$1406,$193,$94,$4,$132,$324,$0,$548,$208,$1082,$1406,$110,$59,$21,$81,$-16,$10,$0,$11,$-53,$138,$-51,$-6,$2,$15,$-2,$13,$4,$-38,$7,$0,$7,$-75,$-75,$0,$4,$-64,$63,$21,$0
42,2008-03-31,18.75,$6.93,2.71,$5.04,3.72,$0.50,37.7,$0.69,27.18,$0.72B,$0.14B,5.06,$0.12B,$1.07B,0.11,$0.79B,$0.48B,60.23%,$0.79B,$0.14B,17.93%,$0.79B,$0.14B,17.93%,$0.79B,$0.20B,25.00%,$0.79B,$0.16B,19.82%,$0.79B,$0.11B,13.76%,$0.11B,$1.07B,10.91%,$0.11B,$0.79B,14.89%,$0.11B,$1.37B,8.34%,$0.14B,$1.19B,12.91%,$212,$85,$127,$15,$70,$174,$37,$6,$44,$14,$30,$30,$30,$52,$37,$155,157,$0.19,$0.19,$307,$169,$0,$719,$335,$5,$285,$7,$647,$1366,$142,$116,$4,$154,$296,$0,$519,$184,$1069,$1366,$81,$43,$10,$53,$-2,$1,$0,$-2,$-53,$81,$-33,$-4,$-1,$15,$0,$15,$0,$-23,$2,$0,$2,$-31,$-31,$0,$3,$-26,$50,$15,$0
43,2007-12-31,23.35,$6.54,3.57,$4.88,4.79,$0.22,107.87,$0.40,58.38,$0.69B,$0.16B,4.24,$0.11B,$1.02B,0.11,$0.76B,$0.40B,52.95%,$0.76B,$0.08B,10.88%,$0.76B,$0.08B,10.88%,$0.76B,$0.14B,17.82%,$0.76B,$0.09B,12.06%,$0.76B,$0.06B,8.39%,$0.06B,$1.02B,6.74%,$0.06B,$0.75B,9.26%,$0.06B,$1.32B,5.07%,$0.08B,$1.12B,7.94%,$203,$81,$121,$15,$68,$166,$37,$2,$39,$12,$27,$27,$27,$51,$37,$155,157,$0.18,$0.17,$289,$166,$0,$690,$337,$0,$268,$10,$630,$1319,$163,$107,$4,$142,$305,$0,$489,$145,$1015,$1319,$51,$28,$8,$36,$2,$-4,$0,$-3,$-40,$47,$-40,$-3,$0,$10,$0,$10,$-1,$-34,$10,$0,$10,$-11,$-11,$0,$3,$2,$21,$10,$0
44,2007-09-30,19.06,$6.34,3.01,$4.73,4.03,$0.16,115.86,$0.42,45.92,$0.67B,$0.18B,3.71,$0.09B,$0.98B,0.09,$0.74B,$0.40B,53.52%,$0.74B,$0.09B,11.79%,$0.74B,$0.09B,11.79%,$0.74B,$0.14B,18.70%,$0.74B,$0.10B,12.87%,$0.74B,$0.07B,8.94%,$0.07B,$0.98B,7.26%,$0.07B,$0.72B,10.08%,$0.07B,$1.29B,5.43%,$0.09B,$1.07B,8.69%,$186,$74,$112,$13,$63,$154,$32,$2,$34,$10,$24,$24,$24,$46,$32,$155,158,$0.16,$0.16,$278,$167,$0,$673,$328,$0,$264,$11,$615,$1288,$181,$91,$4,$125,$306,$0,$462,$147,$982,$1288,$24,$14,$3,$18,$4,$-4,$0,$-1,$-14,$28,$-18,$-1,$0,$-7,$0,$-7,$-1,$-27,$-5,$0,$-5,$-11,$-11,$0,$1,$-15,$-6,$5,$0
45,2007-06-30,18.34,$6.00,3.06,$4.60,3.99,$0.09,204.26,$0.42,43.67,$0.67B,$0.20B,3.3,$0.09B,$0.93B,0.09,$0.72B,$0.38B,53.63%,$0.72B,$0.09B,12.57%,$0.72B,$0.09B,12.57%,$0.72B,$0.14B,19.27%,$0.72B,$0.10B,13.55%,$0.72B,$0.07B,9.36%,$0.07B,$0.93B,7.82%,$0.07B,$0.68B,11.02%,$0.07B,$1.25B,5.82%,$0.09B,$1.02B,9.42%,$191,$74,$117,$14,$65,$155,$36,$4,$40,$13,$28,$28,$28,$49,$36,$153,157,$0.18,$0.18,$278,$157,$0,$669,$311,$0,$253,$10,$583,$1252,$202,$88,$0,$118,$321,$0,$437,$116,$931,$1252,$66,$48,$46,$94,$-26,$-30,$0,$-12,$-70,$91,$-78,$-4,$-2,$-20,$-2,$-22,$-0,$-105,$-10,$0,$-10,$36,$36,$0,$12,$38,$38,$18,$0
46,2007-03-31,22.39,$5.63,3.97,$4.49,4.99,$-0.02,0.0,$0.40,56.69,$0.64B,$0.20B,3.18,$0.10B,$0.87B,0.11,$0.70B,$0.37B,53.30%,$0.70B,$0.09B,13.22%,$0.70B,$0.09B,13.22%,$0.70B,$0.14B,19.83%,$0.70B,$0.10B,13.79%,$0.70B,$0.06B,8.91%,$0.06B,$0.87B,7.67%,$0.06B,$0.62B,11.04%,$0.06B,$1.19B,5.68%,$0.09B,$0.97B,10.07%,$183,$129,$54,$13,$61,$205,$-22,$1,$-21,$-6,$-15,$-15,$-15,$-10,$-22,$154,154,$-0.10,$-0.10,$260,$157,$0,$639,$293,$0,$251,$9,$553,$1192,$201,$96,$0,$118,$319,$0,$409,$94,$873,$1192,$39,$35,$62,$97,$-12,$-33,$0,$-32,$-71,$64,$-60,$-3,$-2,$-20,$-1,$-21,$-0,$-86,$-10,$0,$-10,$33,$33,$0,$11,$34,$21,$13,$0
47,2006-12-31,21.88,$5.55,3.95,$4.35,5.03,$-0.15,0.0,$0.67,32.9,$0.59B,$0.16B,3.61,$0.10B,$0.85B,0.11,$0.68B,$0.42B,61.93%,$0.68B,$0.15B,22.37%,$0.68B,$0.15B,22.37%,$0.68B,$0.20B,29.04%,$0.68B,$0.16B,22.96%,$0.68B,$0.10B,15.26%,$0.10B,$0.85B,13.58%,$0.10B,$0.60B,19.96%,$0.10B,$1.13B,10.11%,$0.15B,$0.95B,17.48%,$178,$67,$112,$12,$57,$138,$41,$2,$42,$13,$29,$29,$29,$53,$41,$153,156,$0.19,$0.19,$255,$142,$0,$591,$282,$0,$250,$9,$541,$1132,$164,$95,$0,$118,$282,$0,$425,$81,$851,$1132,$54,$23,$1,$24,$-3,$-19,$0,$-12,$-34,$44,$-45,$-2,$-1,$-22,$-1,$-23,$-0,$-71,$10,$0,$10,$18,$18,$0,$7,$35,$13,$8,$0
