,Date,Stock Price,Book Value per Share,Price to Book Ratio,TTM Sales per Share,Price to Sales Ratio,TTM FCF per Share,Price to FCF Ratio,TTM Net EPS,PE Ratio,Current Assets,Current Liabilities,Current Ratio,Long Term Debt,Shareholder's Equity_x,Debt to Equity Ratio,TTM Revenue_x,TTM Gross Profit,Gross Margin,TTM Revenue_y,TTM Operating Income,Operating Margin,TTM Revenue_x,TTM EBIT,EBIT Margin,TTM Revenue_y,TTM EBITDA,EBITDA Margin,TTM Revenue_x,TTM Pre-Tax Income,Pre-Tax Margin,TTM Revenue_y,TTM Net Income_x,Net Margin,TTM Net Income_y,Shareholder's Equity_y,Return on Equity,TTM Net Income_x,Tangible Equity,Return on Tangible Equity,TTM Net Income_y,Total Assets,Return on Assets,TTM Net Income,LT Investments & Debt,Return on Investment,revenue,cost-goods-sold,gross-profit,research-development-expenses,selling-general-administrative-expenses,operating-expenses,operating-income,total-non-operating-income-expense,pre-tax-income,total-provision-income-taxes,income-after-taxes,income-from-continuous-operations,net-income,ebitda,ebit,basic-shares-outstanding,shares-outstanding,eps-basic-net-earnings-per-share,eps-earnings-per-share-diluted,cash-on-hand,inventory,other-current-assets,total-current-assets,net-property-plant-equipment,long-term-investments,goodwill-intangible-assets-total,other-long-term-assets,total-long-term-assets,total-assets,total-current-liabilities,long-term-debt,other-non-current-liabilities,total-long-term-liabilities,total-liabilities,common-stock-net,retained-earnings-accumulated-deficit,comprehensive-income,total-share-holder-equity,total-liabilities-share-holders-equity,net-income-loss,total-depreciation-amortization-cash-flow,other-non-cash-items,total-non-cash-items,change-in-accounts-receivable,change-in-inventories,change-in-accounts-payable,change-in-assets-liabilities,total-change-in-assets-liabilities,cash-flow-from-operating-activities,net-change-in-property-plant-equipment,net-change-in-intangible-assets,net-acquisitions-divestitures,net-change-in-short-term-investments,net-change-in-long-term-investments,net-change-in-investments-total,investing-activities-other,cash-flow-from-investing-activities,net-long-term-debt,net-current-debt,debt-issuance-retirement-net-total,net-common-equity-issued-repurchased,net-total-equity-issued-repurchased,total-common-preferred-stock-dividends-paid,financial-activities-other,cash-flow-from-financial-activities,net-cash-flow,stock-based-compensation,common-stock-dividends-paid
0,2018-06-30,78.22,$13.93,5.61,$24.65,3.17,$37.23,2.1,$5.74,13.63,$0.28B,$0.05B,5.5,$0.00B,$0.43B,0.0,$0.40B,$0.40B,100.00%,$0.40B,$0.24B,60.96%,$0.40B,$0.24B,60.96%,$0.40B,$0.25B,63.73%,$0.40B,$0.27B,68.51%,$0.40B,$0.09B,23.17%,$0.09B,$0.43B,23.25%,$0.09B,$0.43B,23.39%,$0.09B,$0.53B,18.71%,$0.24B,$0.43B,61.15%,$62,$0,$62,$0,$39,$40,$22,$1,$23,$3,$20,$19,$8,$24,$22,$16,16,$0.52,$0.52,$281,$0,$0,$281,$3,$0,$2,$217,$247,$528,$51,$0,$42,$42,$93,$0,$129,$0,$434,$528,$198,$8,$-1,$7,$0,$0,$0,$-6,$23,$229,$-0,$0,$0,$0,$0,$0,$0,$-0,$0,$0,$0,$-0,$-0,$-56,$0,$-56,$172,$0,$-56
1,2018-03-31,69.51,$13.88,5.01,$24.25,2.87,$30.70,2.26,$5.65,12.3,$0.28B,$0.05B,5.5,$0.00B,$0.43B,0.0,$0.39B,$0.39B,100.00%,$0.39B,$0.24B,61.89%,$0.39B,$0.24B,61.89%,$0.39B,$0.25B,64.96%,$0.39B,$0.27B,69.31%,$0.39B,$0.09B,23.27%,$0.09B,$0.43B,25.26%,$0.09B,$0.43B,25.44%,$0.09B,$0.53B,19.75%,$0.24B,$0.43B,67.18%,$59,$0,$59,$0,$36,$37,$22,$1,$24,$4,$20,$20,$8,$25,$22,$16,16,$0.52,$0.52,$276,$0,$0,$276,$3,$0,$2,$219,$249,$525,$50,$0,$42,$42,$92,$0,$125,$0,$433,$525,$179,$6,$-2,$4,$0,$0,$0,$-4,$23,$206,$-0,$0,$0,$0,$0,$0,$0,$-0,$0,$0,$0,$-0,$-0,$-38,$0,$-38,$168,$0,$-38
2,2017-12-31,58.71,$13.69,4.29,$23.96,2.45,$24.21,2.43,$5.56,10.56,$0.13B,$0.06B,2.09,$0.00B,$0.43B,0.0,$0.39B,$0.39B,100.00%,$0.39B,$0.24B,62.69%,$0.39B,$0.24B,62.69%,$0.39B,$0.25B,65.80%,$0.39B,$0.27B,69.95%,$0.39B,$0.09B,23.32%,$0.09B,$0.43B,27.69%,$0.09B,$0.42B,27.91%,$0.09B,$0.53B,21.00%,$0.24B,$0.43B,74.46%,$219,$0,$219,$0,$36,$36,$182,$25,$208,$48,$160,$159,$71,$185,$182,$16,16,$4.40,$4.39,$126,$0,$0,$126,$3,$0,$2,$373,$404,$530,$60,$0,$43,$43,$103,$0,$121,$0,$426,$530,$159,$3,$-4,$-1,$0,$0,$0,$-153,$-118,$40,$-0,$0,$0,$0,$0,$0,$0,$-0,$0,$0,$0,$0,$0,$-23,$0,$-23,$17,$0,$-23
3,2017-09-30,50.59,$9.29,5.44,$16.94,2.99,$23.22,2.18,$2.63,19.24,$0.11B,$0.03B,4.11,$0.00B,$0.29B,0.0,$0.27B,$0.27B,100.00%,$0.27B,$0.14B,50.00%,$0.27B,$0.14B,50.00%,$0.27B,$0.15B,54.41%,$0.27B,$0.14B,50.74%,$0.27B,$0.04B,15.44%,$0.04B,$0.29B,14.42%,$0.04B,$0.29B,14.55%,$0.04B,$0.38B,10.65%,$0.14B,$0.29B,46.70%,$57,$0,$57,$0,$33,$41,$16,$1,$17,$3,$13,$13,$5,$19,$16,$16,16,$0.31,$0.31,$109,$0,$0,$109,$3,$0,$2,$224,$275,$384,$26,$0,$68,$68,$94,$0,$54,$0,$290,$384,$109,$12,$2,$14,$0,$0,$0,$-3,$4,$126,$-1,$0,$0,$0,$-12,$-12,$0,$-13,$0,$0,$0,$-0,$-0,$-67,$-3,$-70,$43,$0,$-67
4,2017-06-30,47.7,$9.41,5.07,$16.93,2.82,$21.59,2.21,$2.78,17.16,$0.14B,$0.04B,3.34,$0.00B,$0.29B,0.0,$0.27B,$0.27B,100.00%,$0.27B,$0.14B,52.77%,$0.27B,$0.14B,52.77%,$0.27B,$0.16B,57.20%,$0.27B,$0.15B,53.51%,$0.27B,$0.04B,16.24%,$0.04B,$0.29B,15.70%,$0.04B,$0.29B,15.84%,$0.04B,$0.40B,11.50%,$0.14B,$0.29B,51.03%,$56,$0,$56,$0,$32,$34,$22,$0,$22,$5,$18,$18,$7,$25,$22,$16,16,$0.43,$0.43,$138,$0,$0,$138,$3,$0,$2,$217,$266,$404,$41,$0,$70,$70,$111,$0,$53,$0,$292,$404,$96,$9,$3,$12,$0,$0,$0,$-9,$15,$123,$-1,$0,$0,$0,$0,$0,$0,$-1,$0,$0,$0,$0,$0,$-50,$0,$-50,$72,$0,$-50
5,2017-03-31,48.3,$9.38,5.15,$16.73,2.89,$19.99,2.42,$2.77,17.44,$0.13B,$0.03B,4.0,$0.00B,$0.29B,0.0,$0.27B,$0.27B,100.00%,$0.27B,$0.14B,53.56%,$0.27B,$0.14B,53.56%,$0.27B,$0.15B,57.68%,$0.27B,$0.15B,54.31%,$0.27B,$0.04B,16.48%,$0.04B,$0.29B,16.45%,$0.04B,$0.29B,16.57%,$0.04B,$0.40B,11.94%,$0.14B,$0.29B,53.46%,$54,$0,$54,$0,$31,$32,$22,$0,$23,$5,$18,$18,$7,$25,$22,$16,16,$0.43,$0.43,$133,$0,$0,$133,$3,$0,$3,$213,$263,$396,$33,$0,$71,$71,$104,$0,$50,$0,$292,$396,$78,$6,$3,$9,$0,$0,$0,$-1,$14,$101,$-0,$0,$0,$0,$0,$0,$0,$-0,$0,$0,$0,$0,$0,$-34,$0,$-34,$67,$0,$-34
6,2016-12-31,38.32,$9.37,4.09,$16.37,2.34,$18.14,2.11,$2.72,14.09,$0.08B,$0.03B,2.48,$0.00B,$0.29B,0.0,$0.26B,$0.26B,100.00%,$0.26B,$0.14B,54.02%,$0.26B,$0.14B,54.02%,$0.26B,$0.15B,58.24%,$0.26B,$0.14B,54.41%,$0.26B,$0.04B,16.48%,$0.04B,$0.29B,16.93%,$0.04B,$0.29B,17.01%,$0.04B,$0.39B,12.14%,$0.14B,$0.29B,55.51%,$105,$0,$105,$0,$29,$30,$76,$0,$76,$16,$60,$60,$23,$79,$76,$16,16,$1.46,$1.46,$75,$0,$0,$75,$3,$0,$3,$268,$318,$393,$30,$0,$71,$71,$101,$0,$47,$0,$291,$393,$60,$3,$2,$5,$0,$0,$0,$-52,$-41,$24,$-0,$0,$0,$0,$0,$0,$0,$-0,$0,$0,$0,$0,$0,$-15,$0,$-15,$9,$0,$-15
7,2016-09-30,36.56,$7.93,4.61,$16.68,2.19,$17.47,2.09,$2.33,15.69,$0.07B,$0.02B,3.2,$0.00B,$0.25B,0.0,$0.27B,$0.27B,100.00%,$0.27B,$0.15B,55.26%,$0.27B,$0.15B,55.26%,$0.27B,$0.16B,59.40%,$0.27B,$0.15B,55.64%,$0.27B,$0.04B,13.91%,$0.04B,$0.25B,15.43%,$0.04B,$0.24B,15.48%,$0.04B,$0.34B,10.72%,$0.15B,$0.25B,61.31%,$56,$0,$56,$0,$30,$33,$23,$0,$24,$5,$19,$19,$7,$26,$23,$16,16,$0.46,$0.46,$66,$0,$0,$66,$4,$0,$3,$219,$272,$338,$21,$0,$71,$71,$91,$0,$27,$0,$246,$338,$122,$12,$-25,$-13,$0,$0,$0,$-8,$-9,$100,$-1,$0,$-2,$0,$0,$0,$0,$-4,$0,$0,$0,$-0,$-0,$-64,$-1,$-65,$31,$0,$-64
