,Date,Stock Price,Book Value per Share,Price to Book Ratio,TTM Sales per Share,Price to Sales Ratio,TTM FCF per Share,Price to FCF Ratio,TTM Net EPS,PE Ratio,Current Assets,Current Liabilities,Current Ratio,Long Term Debt,Shareholder's Equity_x,Debt to Equity Ratio,TTM Revenue_x,TTM Gross Profit,Gross Margin,TTM Revenue_y,TTM Operating Income,Operating Margin,TTM Revenue_x,TTM EBIT,EBIT Margin,TTM Revenue_y,TTM EBITDA,EBITDA Margin,TTM Revenue_x,TTM Pre-Tax Income,Pre-Tax Margin,TTM Revenue_y,TTM Net Income_x,Net Margin,TTM Net Income_y,Shareholder's Equity_y,Return on Equity,TTM Net Income_x,Tangible Equity,Return on Tangible Equity,TTM Net Income_y,Total Assets,Return on Assets,TTM Net Income,LT Investments & Debt,Return on Investment,revenue,cost-goods-sold,gross-profit,research-development-expenses,selling-general-administrative-expenses,operating-expenses,operating-income,total-non-operating-income-expense,pre-tax-income,total-provision-income-taxes,income-after-taxes,income-from-continuous-operations,net-income,ebitda,ebit,basic-shares-outstanding,shares-outstanding,eps-basic-net-earnings-per-share,eps-earnings-per-share-diluted,cash-on-hand,inventory,other-current-assets,total-current-assets,net-property-plant-equipment,long-term-investments,goodwill-intangible-assets-total,other-long-term-assets,total-long-term-assets,total-assets,total-current-liabilities,long-term-debt,other-non-current-liabilities,total-long-term-liabilities,total-liabilities,common-stock-net,retained-earnings-accumulated-deficit,comprehensive-income,total-share-holder-equity,total-liabilities-share-holders-equity,net-income-loss,total-depreciation-amortization-cash-flow,other-non-cash-items,total-non-cash-items,change-in-accounts-receivable,change-in-inventories,change-in-accounts-payable,change-in-assets-liabilities,total-change-in-assets-liabilities,cash-flow-from-operating-activities,net-change-in-property-plant-equipment,net-change-in-intangible-assets,net-acquisitions-divestitures,net-change-in-short-term-investments,net-change-in-long-term-investments,net-change-in-investments-total,investing-activities-other,cash-flow-from-investing-activities,net-long-term-debt,net-current-debt,debt-issuance-retirement-net-total,net-common-equity-issued-repurchased,net-total-equity-issued-repurchased,total-common-preferred-stock-dividends-paid,financial-activities-other,cash-flow-from-financial-activities,net-cash-flow,stock-based-compensation,common-stock-dividends-paid
0,2018-09-30,20.35,$5.45,3.73,$12.77,1.59,$-1.26,0.0,$-1.00,0.0,$0.10B,$0.04B,2.27,$0.07B,$0.11B,0.63,$0.24B,$0.09B,37.71%,$0.24B,$-0.01B,-5.08%,$0.24B,$-0.01B,-5.08%,$0.24B,$0.02B,8.90%,$0.24B,$-0.02B,-6.36%,$0.24B,$-0.02B,-8.05%,$-0.02B,$0.11B,-17.51%,$-0.02B,$0.03B,-67.86%,$-0.02B,$0.25B,-7.76%,$-0.01B,$0.17B,-7.28%,$65,$41,$24,$0,$17,$66,$-1,$-1,$-2,$0,$-3,$-3,$-3,$8,$-1,$19,19,$-0.15,$-0.15,$21,$0,$4,$100,$61,$0,$81,$2,$152,$251,$44,$66,$32,$102,$146,$0,$-47,$-19,$105,$251,$-13,$25,$6,$32,$-15,$0,$4,$-5,$-18,$1,$-18,$0,$-5,$0,$0,$0,$0,$-24,$13,$0,$13,$-0,$-0,$-0,$-6,$6,$-14,$4,$-0
1,2018-06-30,10.3,$5.69,1.81,$12.15,0.85,$0.07,157.73,$-1.08,0.0,$0.09B,$0.05B,1.75,$0.05B,$0.11B,0.48,$0.22B,$0.08B,37.39%,$0.22B,$-0.01B,-6.31%,$0.22B,$-0.01B,-6.31%,$0.22B,$0.02B,8.11%,$0.22B,$-0.02B,-7.21%,$0.22B,$-0.02B,-9.01%,$-0.02B,$0.11B,-18.10%,$-0.02B,$0.02B,-61.54%,$-0.02B,$0.25B,-8.28%,$-0.01B,$0.16B,-8.60%,$60,$36,$24,$0,$20,$64,$-4,$-1,$-5,$-1,$-4,$-4,$-4,$4,$-4,$19,19,$-0.23,$-0.23,$18,$0,$4,$94,$61,$0,$87,$2,$159,$253,$54,$53,$32,$89,$143,$0,$-44,$-15,$110,$253,$-10,$17,$6,$23,$-12,$0,$4,$-0,$-12,$1,$-13,$0,$-5,$0,$0,$0,$0,$-18,$-0,$0,$-0,$-1,$-1,$-0,$0,$-1,$-16,$3,$-0
2,2018-03-31,13.6,$5.85,2.32,$11.67,1.17,$0.83,16.31,$-1.09,0.0,$0.09B,$0.04B,1.95,$0.05B,$0.11B,0.47,$0.21B,$0.08B,35.55%,$0.21B,$-0.01B,-6.16%,$0.21B,$-0.01B,-6.16%,$0.21B,$0.02B,8.53%,$0.21B,$-0.02B,-7.11%,$0.21B,$-0.02B,-9.48%,$-0.02B,$0.11B,-17.94%,$-0.02B,$0.02B,-46.24%,$-0.02B,$0.25B,-8.55%,$-0.01B,$0.16B,-8.11%,$54,$34,$20,$0,$17,$58,$-4,$-0,$-5,$1,$-6,$-6,$-6,$4,$-4,$18,18,$-0.31,$-0.31,$22,$0,$2,$86,$61,$0,$88,$2,$159,$245,$44,$52,$33,$90,$133,$0,$-40,$-13,$112,$245,$-6,$8,$3,$11,$-6,$0,$-1,$2,$-8,$-2,$-5,$0,$-3,$0,$0,$0,$0,$-8,$-1,$0,$-1,$-1,$-1,$-0,$0,$-2,$-13,$2,$-0
3,2017-12-31,14.95,$5.89,2.54,$11.39,1.31,$1.52,9.85,$-0.89,0.0,$0.09B,$0.04B,2.11,$0.05B,$0.11B,0.5,$0.21B,$0.07B,35.61%,$0.21B,$-0.01B,-4.88%,$0.21B,$-0.01B,-4.88%,$0.21B,$0.02B,9.76%,$0.21B,$-0.01B,-5.85%,$0.21B,$-0.02B,-7.80%,$-0.02B,$0.11B,-14.32%,$-0.02B,$0.04B,-28.44%,$-0.02B,$0.23B,-6.99%,$-0.01B,$0.16B,-6.29%,$57,$36,$21,$0,$16,$59,$-3,$-1,$-3,$2,$-6,$-6,$-6,$5,$-3,$18,18,$-0.32,$-0.32,$35,$0,$2,$92,$60,$0,$67,$2,$138,$230,$43,$53,$26,$79,$123,$0,$-34,$-15,$107,$230,$-16,$31,$8,$39,$0,$0,$3,$-0,$6,$29,$-18,$0,$-32,$0,$0,$0,$0,$-50,$-3,$0,$-3,$1,$1,$-0,$-0,$-3,$-23,$4,$-0
4,2017-09-30,17.2,$6.18,2.79,$11.20,1.54,$2.33,7.38,$-0.79,0.0,$0.09B,$0.05B,1.98,$0.05B,$0.11B,0.46,$0.20B,$0.07B,36.82%,$0.20B,$-0.01B,-3.48%,$0.20B,$-0.01B,-3.48%,$0.20B,$0.02B,11.44%,$0.20B,$-0.01B,-4.98%,$0.20B,$-0.01B,-6.97%,$-0.01B,$0.11B,-12.36%,$-0.01B,$0.04B,-21.54%,$-0.01B,$0.24B,-6.11%,$-0.01B,$0.16B,-4.36%,$51,$32,$18,$0,$13,$54,$-3,$-0,$-3,$1,$-4,$-4,$-4,$5,$-3,$18,18,$-0.23,$-0.23,$33,$0,$2,$91,$63,$0,$69,$2,$147,$238,$46,$51,$27,$79,$125,$0,$-28,$-14,$113,$238,$-10,$23,$2,$25,$-0,$0,$2,$3,$6,$21,$-13,$0,$-32,$0,$0,$0,$0,$-45,$-2,$0,$-2,$1,$1,$-0,$0,$-1,$-24,$3,$-0
5,2017-06-30,16.05,$6.26,2.56,$11.24,1.43,$2.55,6.28,$-0.65,0.0,$0.10B,$0.04B,2.5,$0.04B,$0.11B,0.34,$0.20B,$0.08B,38.31%,$0.20B,$-0.00B,-1.99%,$0.20B,$-0.00B,-1.99%,$0.20B,$0.03B,13.93%,$0.20B,$-0.01B,-3.98%,$0.20B,$-0.01B,-5.97%,$-0.01B,$0.11B,-10.48%,$-0.01B,$0.07B,-16.27%,$-0.01B,$0.22B,-5.19%,$-0.00B,$0.15B,-2.44%,$49,$33,$16,$0,$12,$53,$-3,$-1,$-4,$-0,$-4,$-4,$-4,$4,$-3,$18,18,$-0.24,$-0.24,$43,$0,$3,$102,$57,$0,$48,$2,$120,$223,$41,$39,$28,$68,$109,$0,$-24,$-16,$114,$223,$-6,$15,$1,$17,$2,$0,$-0,$-2,$-1,$9,$-6,$0,$-5,$0,$0,$0,$0,$-11,$-15,$0,$-15,$1,$1,$-0,$0,$-14,$-15,$2,$-0
6,2017-03-31,21.45,$6.27,3.42,$11.62,1.85,$2.91,7.38,$-0.68,0.0,$0.12B,$0.04B,3.3,$0.05B,$0.11B,0.41,$0.21B,$0.08B,40.10%,$0.21B,$-0.00B,-1.93%,$0.21B,$-0.00B,-1.93%,$0.21B,$0.03B,13.53%,$0.21B,$-0.01B,-3.86%,$0.21B,$-0.01B,-6.28%,$-0.01B,$0.11B,-11.26%,$-0.01B,$0.08B,-17.05%,$-0.01B,$0.23B,-5.47%,$-0.00B,$0.16B,-2.33%,$48,$30,$18,$0,$12,$49,$-1,$-1,$-2,$0,$-2,$-2,$-2,$6,$-1,$18,18,$-0.11,$-0.11,$55,$0,$3,$116,$58,$0,$37,$2,$109,$225,$35,$46,$30,$77,$112,$0,$-20,$-17,$113,$225,$-2,$7,$1,$9,$2,$0,$2,$-0,$2,$9,$-4,$0,$0,$0,$0,$0,$0,$-4,$-7,$0,$-7,$1,$1,$0,$0,$-7,$-2,$1,$0
7,2016-12-31,23.15,$6.28,3.69,$12.47,1.86,$2.51,9.21,$-0.65,0.0,$0.12B,$0.04B,3.41,$0.05B,$0.11B,0.47,$0.22B,$0.09B,41.18%,$0.22B,$-0.00B,-0.90%,$0.22B,$-0.00B,-0.90%,$0.22B,$0.03B,14.03%,$0.22B,$-0.01B,-2.71%,$0.22B,$-0.01B,-5.43%,$-0.01B,$0.11B,-10.17%,$-0.01B,$0.08B,-15.84%,$-0.01B,$0.23B,-4.85%,$-0.00B,$0.17B,-1.12%,$53,$30,$22,$0,$14,$53,$0,$-1,$-1,$3,$-4,$-4,$-4,$8,$0,$18,18,$-0.21,$-0.21,$57,$0,$2,$119,$60,$0,$38,$2,$112,$231,$35,$53,$30,$84,$118,$0,$-18,$-18,$113,$231,$-11,$34,$1,$35,$18,$0,$0,$6,$16,$39,$-13,$0,$-5,$0,$0,$0,$-1,$-19,$-17,$0,$-17,$2,$2,$-0,$-0,$-15,$-3,$3,$-0
8,2016-09-30,15.12,$6.58,2.3,$12.48,1.21,$1.24,12.21,$-1.07,0.0,$0.13B,$0.04B,3.31,$0.06B,$0.12B,0.51,$0.22B,$0.08B,36.36%,$0.22B,$-0.02B,-7.73%,$0.22B,$-0.02B,-7.73%,$0.22B,$0.02B,7.73%,$0.22B,$-0.02B,-9.09%,$0.22B,$-0.02B,-8.64%,$-0.02B,$0.12B,-15.77%,$-0.02B,$0.08B,-24.20%,$-0.02B,$0.25B,-7.48%,$-0.02B,$0.18B,-9.14%,$51,$30,$21,$0,$12,$50,$0,$-1,$-1,$1,$-1,$-1,$-2,$10,$0,$18,18,$-0.09,$-0.09,$57,$0,$3,$126,$63,$0,$40,$2,$119,$245,$38,$60,$28,$89,$127,$0,$-14,$-16,$118,$245,$-8,$26,$0,$26,$10,$0,$-0,$-0,$4,$23,$-11,$0,$-5,$0,$0,$0,$-1,$-17,$-9,$0,$-9,$2,$2,$-0,$-0,$-8,$-3,$3,$-0
9,2016-06-30,13.39,$6.62,2.02,$13.40,1.0,$0.88,15.29,$-1.60,0.0,$0.12B,$0.04B,3.44,$0.07B,$0.12B,0.55,$0.24B,$0.09B,37.02%,$0.24B,$-0.03B,-10.64%,$0.24B,$-0.03B,-10.64%,$0.24B,$0.01B,2.55%,$0.24B,$-0.03B,-11.91%,$0.24B,$-0.03B,-11.91%,$-0.03B,$0.12B,-22.49%,$-0.03B,$0.08B,-33.63%,$-0.03B,$0.25B,-10.71%,$-0.03B,$0.18B,-12.95%,$55,$33,$22,$0,$16,$58,$-3,$-0,$-4,$1,$-5,$-5,$-5,$4,$-3,$18,18,$-0.27,$-0.27,$60,$0,$2,$123,$68,$0,$42,$2,$126,$249,$36,$65,$30,$95,$131,$0,$-12,$-15,$118,$249,$-6,$16,$1,$17,$14,$0,$-3,$3,$8,$18,$-9,$0,$-5,$0,$0,$0,$-1,$-15,$-4,$0,$-4,$1,$1,$-0,$-0,$-4,$-1,$2,$-0
10,2016-03-31,13.68,$6.95,1.97,$14.49,0.94,$0.31,44.76,$-0.99,0.0,$0.13B,$0.04B,3.22,$0.07B,$0.12B,0.55,$0.26B,$0.10B,39.22%,$0.26B,$-0.01B,-5.10%,$0.26B,$-0.01B,-5.10%,$0.26B,$0.02B,7.45%,$0.26B,$-0.02B,-5.88%,$0.26B,$-0.02B,-6.67%,$-0.02B,$0.12B,-12.88%,$-0.02B,$0.07B,-19.26%,$-0.02B,$0.26B,-6.23%,$-0.01B,$0.19B,-6.42%,$62,$36,$26,$0,$17,$62,$1,$-1,$-0,$1,$-1,$-1,$-1,$9,$1,$18,18,$-0.08,$-0.08,$52,$0,$3,$132,$71,$0,$49,$0,$133,$264,$41,$67,$33,$100,$141,$0,$-7,$-13,$123,$264,$-1,$9,$1,$9,$-2,$0,$-2,$1,$-6,$2,$-4,$0,$-5,$0,$0,$0,$0,$-8,$-2,$0,$-2,$0,$0,$-0,$-0,$-2,$-8,$1,$-0
11,2015-12-31,20.69,$6.94,2.98,$15.40,1.34,$0.29,70.74,$-0.97,0.0,$0.14B,$0.04B,3.19,$0.07B,$0.12B,0.56,$0.27B,$0.11B,39.85%,$0.27B,$-0.01B,-4.43%,$0.27B,$-0.01B,-4.43%,$0.27B,$0.02B,7.75%,$0.27B,$-0.01B,-5.17%,$0.27B,$-0.02B,-6.27%,$-0.02B,$0.12B,-12.55%,$-0.02B,$0.09B,-18.58%,$-0.02B,$0.26B,-6.10%,$-0.01B,$0.19B,-5.76%,$52,$41,$11,$0,$16,$67,$-15,$-1,$-15,$-4,$-11,$-11,$-11,$-6,$-15,$18,18,$-0.64,$-0.63,$61,$0,$7,$137,$73,$0,$37,$0,$121,$258,$43,$69,$22,$92,$135,$0,$-6,$-14,$123,$258,$-17,$32,$16,$49,$11,$0,$-5,$1,$5,$37,$-34,$0,$0,$0,$0,$0,$1,$-33,$-9,$0,$-9,$1,$1,$-0,$1,$-7,$-6,$4,$-0
12,2015-09-30,25.5,$7.57,3.37,$17.26,1.48,$0.36,70.62,$-0.23,0.0,$0.16B,$0.04B,3.92,$0.07B,$0.13B,0.53,$0.31B,$0.14B,44.77%,$0.31B,$0.01B,3.27%,$0.31B,$0.01B,3.27%,$0.31B,$0.04B,13.40%,$0.31B,$0.01B,2.29%,$0.31B,$-0.00B,-1.31%,$-0.00B,$0.13B,-2.85%,$-0.00B,$0.10B,-4.31%,$-0.00B,$0.28B,-1.38%,$0.01B,$0.21B,4.65%,$66,$38,$28,$0,$16,$75,$-8,$-1,$-9,$2,$-11,$-11,$-11,$-1,$-8,$18,18,$-0.62,$-0.62,$66,$0,$17,$157,$72,$0,$37,$0,$119,$275,$40,$71,$29,$101,$141,$0,$5,$-13,$134,$275,$-6,$24,$15,$39,$7,$0,$-3,$0,$-7,$27,$-22,$0,$0,$0,$0,$0,$0,$-21,$-6,$0,$-6,$1,$1,$-0,$0,$-6,$-2,$3,$-0
13,2015-06-30,30.57,$8.36,3.66,$18.37,1.66,$-0.01,0.0,$0.72,42.46,$0.16B,$0.04B,3.59,$0.07B,$0.15B,0.5,$0.33B,$0.15B,45.12%,$0.33B,$0.03B,9.15%,$0.33B,$0.03B,9.15%,$0.33B,$0.06B,18.60%,$0.33B,$0.03B,8.23%,$0.33B,$0.01B,3.96%,$0.01B,$0.15B,9.12%,$0.01B,$0.10B,14.36%,$0.01B,$0.30B,4.39%,$0.03B,$0.22B,13.76%,$75,$40,$35,$0,$18,$66,$9,$-0,$9,$3,$6,$6,$6,$17,$9,$17,18,$0.35,$0.34,$62,$0,$18,$159,$75,$0,$52,$0,$135,$295,$44,$73,$28,$102,$147,$0,$16,$-8,$148,$295,$5,$17,$2,$19,$3,$0,$-3,$-1,$-11,$13,$-14,$0,$0,$0,$0,$0,$0,$-14,$-4,$0,$-4,$0,$0,$-0,$0,$-4,$-5,$2,$-0
14,2015-03-31,28.59,$7.78,3.68,$18.62,1.54,$-0.24,0.0,$0.69,41.43,$0.15B,$0.05B,3.33,$0.08B,$0.14B,0.55,$0.33B,$0.15B,44.31%,$0.33B,$0.03B,9.28%,$0.33B,$0.03B,9.28%,$0.33B,$0.06B,19.16%,$0.33B,$0.03B,8.08%,$0.33B,$0.01B,3.89%,$0.01B,$0.14B,9.27%,$0.01B,$0.09B,14.90%,$0.01B,$0.29B,4.38%,$0.03B,$0.21B,14.30%,$78,$44,$34,$0,$23,$75,$2,$-1,$1,$2,$-1,$-1,$-1,$11,$2,$17,17,$-0.06,$-0.06,$62,$0,$15,$154,$74,$0,$50,$0,$133,$287,$46,$76,$27,$104,$150,$0,$10,$-11,$137,$287,$-1,$9,$1,$10,$5,$0,$-6,$1,$-3,$6,$-8,$0,$0,$0,$0,$0,$0,$-8,$-2,$0,$-2,$0,$0,$-0,$0,$-2,$-6,$1,$-0
15,2014-12-31,41.03,$8.06,5.09,$18.35,2.24,$0.25,165.04,$0.87,47.16,$0.16B,$0.06B,2.98,$0.08B,$0.14B,0.55,$0.33B,$0.14B,43.20%,$0.33B,$0.03B,10.27%,$0.33B,$0.03B,10.27%,$0.33B,$0.06B,18.73%,$0.33B,$0.03B,9.67%,$0.33B,$0.02B,4.83%,$0.02B,$0.14B,11.55%,$0.02B,$0.09B,19.05%,$0.02B,$0.30B,5.40%,$0.03B,$0.22B,15.85%,$87,$47,$40,$0,$22,$79,$7,$-1,$6,$4,$2,$2,$2,$14,$7,$17,18,$0.11,$0.11,$68,$0,$14,$164,$76,$0,$51,$0,$136,$300,$55,$78,$24,$103,$158,$0,$11,$-7,$142,$300,$16,$28,$4,$32,$-15,$0,$-8,$7,$-5,$44,$-39,$0,$-26,$0,$0,$0,$1,$-65,$26,$0,$26,$2,$2,$-0,$3,$31,$7,$4,$-0
16,2014-09-30,40.45,$8.10,4.99,$16.91,2.39,$-0.09,0.0,$1.06,38.16,$0.16B,$0.06B,2.61,$0.08B,$0.14B,0.52,$0.30B,$0.13B,42.76%,$0.30B,$0.04B,11.51%,$0.30B,$0.04B,11.51%,$0.30B,$0.06B,20.07%,$0.30B,$0.03B,10.86%,$0.30B,$0.02B,6.25%,$0.02B,$0.14B,14.15%,$0.02B,$0.09B,23.90%,$0.02B,$0.30B,6.76%,$0.04B,$0.22B,17.20%,$88,$49,$39,$0,$19,$76,$12,$-1,$11,$5,$6,$6,$6,$19,$12,$17,18,$0.34,$0.33,$62,$0,$0,$162,$78,$0,$54,$1,$141,$303,$62,$75,$22,$98,$160,$0,$9,$-2,$143,$303,$14,$22,$3,$24,$-19,$0,$-5,$3,$-9,$29,$-31,$0,$-23,$0,$0,$0,$1,$-53,$24,$0,$24,$1,$1,$-0,$1,$26,$1,$4,$-0
17,2014-06-30,53.82,$7.89,6.82,$15.25,3.53,$-0.39,0.0,$0.86,62.58,$0.16B,$0.06B,2.62,$0.08B,$0.14B,0.55,$0.27B,$0.12B,42.86%,$0.27B,$0.03B,10.62%,$0.27B,$0.03B,10.62%,$0.27B,$0.05B,19.41%,$0.27B,$0.03B,9.89%,$0.27B,$0.02B,5.49%,$0.02B,$0.14B,11.74%,$0.02B,$0.08B,20.34%,$0.02B,$0.30B,5.73%,$0.03B,$0.22B,15.30%,$81,$46,$35,$0,$18,$71,$10,$-1,$9,$3,$6,$6,$6,$20,$10,$17,18,$0.32,$0.31,$61,$0,$0,$157,$76,$0,$56,$1,$141,$298,$60,$77,$21,$99,$159,$0,$3,$2,$139,$298,$8,$14,$2,$16,$-19,$0,$-12,$11,$-14,$10,$-15,$0,$-23,$0,$0,$0,$0,$-38,$26,$0,$26,$1,$1,$-0,$1,$28,$1,$2,$-0
18,2014-03-31,53.83,$7.49,7.18,$13.73,3.92,$-0.44,0.0,$0.83,64.86,$0.15B,$0.06B,2.49,$0.07B,$0.13B,0.57,$0.24B,$0.11B,44.03%,$0.24B,$0.03B,11.11%,$0.24B,$0.03B,11.11%,$0.24B,$0.05B,18.93%,$0.24B,$0.03B,10.29%,$0.24B,$0.01B,5.76%,$0.01B,$0.13B,11.69%,$0.01B,$0.07B,20.90%,$0.01B,$0.28B,5.80%,$0.03B,$0.20B,15.52%,$75,$47,$29,$0,$16,$70,$5,$0,$6,$3,$2,$2,$2,$9,$5,$17,18,$0.13,$0.12,$68,$0,$0,$146,$73,$0,$56,$1,$137,$284,$59,$74,$20,$95,$154,$0,$-3,$1,$130,$284,$2,$4,$1,$5,$1,$0,$-1,$5,$8,$15,$-9,$0,$-23,$0,$0,$0,$-0,$-32,$23,$0,$23,$1,$1,$-0,$0,$24,$7,$1,$-0
19,2013-12-31,47.93,$7.24,6.62,$12.61,3.8,$-0.89,0.0,$0.93,51.54,$0.12B,$0.04B,2.83,$0.05B,$0.13B,0.41,$0.22B,$0.10B,46.15%,$0.22B,$0.03B,12.67%,$0.22B,$0.03B,12.67%,$0.22B,$0.05B,20.36%,$0.22B,$0.03B,11.31%,$0.22B,$0.02B,7.24%,$0.02B,$0.13B,14.19%,$0.02B,$0.07B,26.23%,$0.02B,$0.24B,7.16%,$0.03B,$0.18B,17.39%,$60,$33,$27,$0,$13,$52,$8,$-1,$7,$2,$5,$5,$5,$13,$8,$16,18,$0.31,$0.30,$60,$0,$0,$120,$59,$0,$52,$1,$119,$239,$42,$51,$19,$72,$114,$0,$-5,$0,$125,$239,$17,$18,$1,$19,$-6,$0,$1,$-7,$-7,$28,$-30,$0,$-0,$0,$0,$0,$1,$-29,$-2,$0,$-2,$5,$5,$-0,$0,$3,$0,$3,$-0
20,2013-09-30,36.17,$6.88,5.26,$12.11,2.99,$-0.16,0.0,$0.83,43.58,$0.11B,$0.04B,2.63,$0.05B,$0.12B,0.38,$0.21B,$0.10B,46.19%,$0.21B,$0.03B,12.38%,$0.21B,$0.03B,12.38%,$0.21B,$0.05B,22.38%,$0.21B,$0.02B,10.95%,$0.21B,$0.01B,6.67%,$0.01B,$0.12B,13.08%,$0.01B,$0.07B,25.81%,$0.01B,$0.23B,6.43%,$0.03B,$0.16B,16.72%,$57,$31,$26,$0,$14,$51,$6,$-1,$5,$3,$2,$2,$2,$11,$6,$16,18,$0.15,$0.13,$50,$0,$0,$110,$57,$0,$52,$1,$116,$226,$42,$45,$20,$67,$109,$0,$-10,$0,$117,$226,$11,$13,$1,$14,$-8,$0,$-1,$-4,$-10,$15,$-22,$0,$-0,$0,$0,$0,$1,$-21,$-7,$0,$-7,$5,$5,$-0,$-0,$-3,$-10,$2,$-0
21,2013-06-30,25.48,$6.70,3.8,$11.68,2.18,$0.28,89.56,$0.89,28.63,$0.11B,$0.04B,2.63,$0.05B,$0.11B,0.44,$0.20B,$0.09B,46.77%,$0.20B,$0.03B,13.43%,$0.20B,$0.03B,13.43%,$0.20B,$0.04B,21.89%,$0.20B,$0.02B,11.94%,$0.20B,$0.02B,7.46%,$0.02B,$0.11B,14.71%,$0.02B,$0.06B,31.09%,$0.02B,$0.22B,7.02%,$0.03B,$0.15B,17.68%,$51,$26,$25,$0,$13,$44,$8,$-0,$7,$3,$5,$5,$5,$13,$8,$16,17,$0.30,$0.28,$49,$0,$0,$105,$53,$0,$51,$1,$111,$216,$40,$47,$20,$69,$108,$0,$-12,$-3,$107,$216,$9,$8,$1,$9,$-8,$0,$2,$-2,$-8,$9,$-15,$0,$-0,$0,$0,$0,$1,$-15,$-5,$0,$-5,$1,$1,$-0,$-0,$-4,$-11,$2,$-0
22,2013-03-31,24.94,$6.46,3.86,$10.70,2.33,$0.80,31.18,$0.78,31.97,$0.11B,$0.04B,2.6,$0.05B,$0.10B,0.48,$0.18B,$0.09B,47.54%,$0.18B,$0.02B,13.11%,$0.18B,$0.02B,13.11%,$0.18B,$0.04B,21.86%,$0.18B,$0.02B,12.02%,$0.18B,$0.01B,7.10%,$0.01B,$0.10B,13.30%,$0.01B,$0.05B,25.00%,$0.01B,$0.21B,6.65%,$0.02B,$0.15B,17.24%,$53,$29,$24,$0,$13,$47,$6,$0,$6,$3,$4,$4,$4,$8,$6,$16,17,$0.24,$0.22,$56,$0,$0,$105,$49,$0,$52,$1,$108,$213,$41,$50,$19,$70,$110,$0,$-17,$-2,$102,$213,$4,$2,$1,$3,$-1,$0,$1,$-3,$-3,$4,$-6,$0,$-0,$0,$0,$0,$0,$-5,$-2,$0,$-2,$0,$0,$-0,$0,$-2,$-5,$1,$-0
23,2012-12-31,20.43,$6.49,3.15,$9.50,2.15,$0.94,21.65,$0.70,29.19,$0.11B,$0.04B,2.54,$0.05B,$0.10B,0.51,$0.16B,$0.08B,49.69%,$0.16B,$0.02B,14.29%,$0.16B,$0.02B,14.29%,$0.16B,$0.04B,25.47%,$0.16B,$0.02B,13.04%,$0.16B,$0.01B,6.83%,$0.01B,$0.10B,11.70%,$0.01B,$0.05B,19.47%,$0.01B,$0.22B,6.18%,$0.02B,$0.15B,18.22%,$49,$27,$22,$0,$11,$43,$6,$-1,$5,$2,$3,$3,$3,$15,$6,$16,17,$0.21,$0.20,$61,$0,$0,$107,$47,$0,$56,$2,$109,$216,$42,$52,$18,$72,$114,$0,$-21,$3,$102,$216,$12,$18,$1,$19,$-1,$0,$-0,$0,$2,$32,$-22,$0,$-43,$0,$0,$0,$-3,$-67,$38,$0,$38,$1,$1,$-0,$-1,$38,$7,$3,$-0
24,2012-09-30,18.5,$6.17,3.0,$8.37,2.21,$0.17,109.47,$0.62,29.84,$0.10B,$0.04B,2.64,$0.05B,$0.10B,0.56,$0.14B,$0.08B,52.82%,$0.14B,$0.02B,14.79%,$0.14B,$0.02B,14.79%,$0.14B,$0.04B,24.65%,$0.14B,$0.02B,14.08%,$0.14B,$0.01B,7.04%,$0.01B,$0.10B,11.20%,$0.01B,$0.04B,16.39%,$0.01B,$0.21B,6.28%,$0.02B,$0.15B,18.71%,$48,$25,$23,$0,$11,$41,$7,$-1,$6,$3,$3,$3,$3,$8,$7,$16,17,$0.21,$0.19,$55,$0,$0,$102,$45,$0,$56,$2,$108,$210,$39,$54,$17,$74,$113,$0,$-24,$2,$97,$210,$9,$9,$7,$16,$-6,$0,$-2,$3,$-7,$17,$-16,$0,$-41,$0,$0,$0,$-3,$-60,$40,$0,$40,$1,$1,$-0,$-1,$40,$1,$2,$-0
25,2012-06-30,17.39,$5.76,3.02,$7.29,2.39,$0.12,147.75,$0.75,23.19,$0.08B,$0.03B,3.13,$0.01B,$0.09B,0.12,$0.12B,$0.07B,55.28%,$0.12B,$0.02B,15.45%,$0.12B,$0.02B,15.45%,$0.12B,$0.04B,28.46%,$0.12B,$0.02B,15.45%,$0.12B,$0.01B,9.76%,$0.01B,$0.09B,14.04%,$0.01B,$0.07B,18.11%,$0.01B,$0.14B,8.51%,$0.02B,$0.10B,19.14%,$33,$15,$18,$0,$10,$29,$5,$0,$5,$2,$3,$3,$3,$9,$5,$16,17,$0.18,$0.17,$52,$0,$0,$82,$36,$0,$19,$0,$61,$143,$26,$10,$16,$27,$53,$0,$-28,$-1,$90,$143,$5,$8,$1,$8,$2,$0,$0,$0,$-0,$14,$-11,$0,$0,$0,$0,$0,$0,$-11,$-4,$0,$-4,$0,$0,$-0,$0,$-4,$-1,$1,$-0
26,2012-03-31,17.53,$5.63,3.11,$6.88,2.55,$-0.07,0.0,$0.71,24.69,$0.08B,$0.03B,3.01,$0.01B,$0.09B,0.14,$0.12B,$0.07B,56.03%,$0.12B,$0.02B,15.52%,$0.12B,$0.02B,15.52%,$0.12B,$0.03B,29.31%,$0.12B,$0.02B,15.52%,$0.12B,$0.01B,9.48%,$0.01B,$0.09B,13.37%,$0.01B,$0.07B,17.53%,$0.01B,$0.14B,7.89%,$0.02B,$0.10B,18.32%,$31,$14,$17,$0,$8,$26,$5,$-0,$5,$2,$2,$2,$2,$9,$5,$15,17,$0.16,$0.14,$53,$0,$0,$82,$35,$0,$20,$0,$61,$143,$27,$13,$15,$28,$55,$0,$-31,$1,$87,$143,$2,$4,$1,$5,$1,$0,$1,$-2,$0,$8,$-7,$0,$0,$0,$0,$0,$0,$-7,$-2,$0,$-2,$0,$0,$-0,$0,$-2,$-0,$1,$-0
27,2011-12-31,16.74,$5.40,3.1,$6.64,2.52,$0.00,0.0,$0.57,29.37,$0.08B,$0.03B,2.95,$0.02B,$0.08B,0.18,$0.11B,$0.06B,55.96%,$0.11B,$0.02B,14.68%,$0.11B,$0.02B,14.68%,$0.11B,$0.03B,29.36%,$0.11B,$0.02B,14.68%,$0.11B,$0.01B,8.26%,$0.01B,$0.08B,11.39%,$0.01B,$0.06B,15.19%,$0.01B,$0.14B,6.53%,$0.02B,$0.10B,16.45%,$30,$13,$17,$0,$9,$25,$4,$0,$4,$2,$2,$2,$2,$9,$4,$15,17,$0.13,$0.12,$53,$0,$0,$83,$33,$0,$20,$0,$58,$141,$28,$15,$14,$29,$58,$0,$-33,$-1,$83,$141,$10,$15,$-2,$13,$-10,$0,$0,$3,$-7,$17,$-19,$0,$0,$0,$0,$0,$10,$-9,$-9,$0,$-9,$5,$5,$-0,$0,$-4,$3,$2,$-0
28,2011-09-30,16.03,$5.29,3.03,$8.72,1.84,$1.17,13.72,$-0.42,0.0,$0.08B,$0.03B,3.2,$0.02B,$0.08B,0.21,$0.10B,$0.06B,55.34%,$0.10B,$0.02B,15.53%,$0.10B,$0.02B,15.53%,$0.10B,$0.03B,30.10%,$0.10B,$0.01B,10.68%,$0.10B,$0.00B,1.94%,$0.00B,$0.08B,2.66%,$0.00B,$0.06B,3.64%,$0.00B,$0.14B,1.48%,$0.02B,$0.10B,16.75%,$29,$13,$16,$0,$7,$24,$5,$0,$5,$-0,$5,$5,$5,$8,$5,$15,17,$0.35,$0.32,$58,$0,$0,$83,$31,$0,$20,$0,$54,$137,$26,$17,$12,$30,$56,$0,$-35,$0,$82,$137,$8,$11,$0,$11,$-5,$0,$1,$-0,$-4,$15,$-15,$0,$0,$0,$0,$0,$10,$-5,$-7,$0,$-7,$5,$5,$-0,$0,$-2,$8,$1,$-0
