,Date,Stock Price,Book Value per Share,Price to Book Ratio,TTM Sales per Share,Price to Sales Ratio,TTM FCF per Share,Price to FCF Ratio,TTM Net EPS,PE Ratio,Current Assets,Current Liabilities,Current Ratio,Long Term Debt,Shareholder's Equity_x,Debt to Equity Ratio,TTM Revenue_x,TTM Gross Profit,Gross Margin,TTM Revenue_y,TTM Operating Income,Operating Margin,TTM Revenue_x,TTM EBIT,EBIT Margin,TTM Revenue_y,TTM EBITDA,EBITDA Margin,TTM Revenue_x,TTM Pre-Tax Income,Pre-Tax Margin,TTM Revenue_y,TTM Net Income_x,Net Margin,TTM Net Income_y,Shareholder's Equity_y,Return on Equity,TTM Net Income_x,Tangible Equity,Return on Tangible Equity,TTM Net Income_y,Total Assets,Return on Assets,TTM Net Income,LT Investments & Debt,Return on Investment,revenue,cost-goods-sold,gross-profit,research-development-expenses,selling-general-administrative-expenses,operating-expenses,operating-income,total-non-operating-income-expense,pre-tax-income,total-provision-income-taxes,income-after-taxes,income-from-continuous-operations,net-income,ebitda,ebit,basic-shares-outstanding,shares-outstanding,eps-basic-net-earnings-per-share,eps-earnings-per-share-diluted,cash-on-hand,inventory,other-current-assets,total-current-assets,net-property-plant-equipment,long-term-investments,goodwill-intangible-assets-total,other-long-term-assets,total-long-term-assets,total-assets,total-current-liabilities,long-term-debt,other-non-current-liabilities,total-long-term-liabilities,total-liabilities,common-stock-net,retained-earnings-accumulated-deficit,comprehensive-income,total-share-holder-equity,total-liabilities-share-holders-equity,net-income-loss,total-depreciation-amortization-cash-flow,other-non-cash-items,total-non-cash-items,change-in-accounts-receivable,change-in-inventories,change-in-accounts-payable,change-in-assets-liabilities,total-change-in-assets-liabilities,cash-flow-from-operating-activities,net-change-in-property-plant-equipment,net-change-in-intangible-assets,net-acquisitions-divestitures,net-change-in-short-term-investments,net-change-in-long-term-investments,net-change-in-investments-total,investing-activities-other,cash-flow-from-investing-activities,net-long-term-debt,net-current-debt,debt-issuance-retirement-net-total,net-common-equity-issued-repurchased,net-total-equity-issued-repurchased,total-common-preferred-stock-dividends-paid,financial-activities-other,cash-flow-from-financial-activities,net-cash-flow,stock-based-compensation,common-stock-dividends-paid
0,2018-09-30,133.58,$121.36,1.1,$50.86,2.63,$56.52,2.36,$6.93,19.28,$4.65B,$8.98B,0.52,$0.99B,$4.24B,0.23,$2.02B,$0.66B,32.76%,$2.02B,$0.44B,21.70%,$2.02B,$0.49B,24.08%,$2.02B,$0.53B,26.21%,$2.02B,$0.44B,21.70%,$2.02B,$0.28B,13.78%,$0.28B,$4.89B,5.99%,$0.28B,$4.65B,6.31%,$0.28B,$17.10B,1.70%,$0.44B,$5.88B,7.77%,$630,$520,$109,$0,$41,$579,$50,$0,$50,$1,$49,$49,$33,$68,$62,$40,40,$0.82,$0.82,$453,$0,$0,$4646,$0,$11592,$239,$122,$12451,$17096,$8982,$991,$703,$3228,$12210,$40,$4155,$-1,$4887,$17096,$393,$31,$56,$87,$-482,$0,$1301,$-410,$409,$889,$0,$0,$0,$-1465,$-599,$-2064,$0,$-2064,$0,$0,$0,$0,$242,$-61,$89,$271,$-909,$0,$-40
1,2018-06-30,120.32,$120.71,1.0,$51.00,2.36,$49.30,2.44,$-6.64,0.0,$5.40B,$9.06B,0.6,$0.99B,$4.21B,0.24,$2.02B,$-0.11B,-5.54%,$2.02B,$-0.33B,-16.51%,$2.02B,$-0.29B,-14.19%,$2.02B,$-0.24B,-12.01%,$2.02B,$-0.33B,-16.51%,$2.02B,$-0.26B,-12.85%,$-0.26B,$4.86B,-5.75%,$-0.26B,$4.62B,-6.07%,$-0.26B,$17.02B,-1.65%,$-0.33B,$5.85B,-6.06%,$479,$165,$314,$0,$38,$223,$256,$0,$256,$5,$252,$252,$190,$279,$268,$40,40,$4.78,$4.78,$548,$0,$0,$5395,$0,$10755,$240,$122,$11629,$17023,$9055,$990,$625,$3108,$12163,$40,$4136,$-1,$4860,$17023,$344,$25,$84,$109,$-655,$0,$1494,$-943,$-104,$349,$0,$0,$0,$-1062,$-360,$-1422,$0,$-1422,$0,$0,$0,$-26,$205,$0,$57,$262,$-813,$0,$0
2,2018-03-31,138.14,$110.23,1.25,$51.55,2.68,$48.52,2.85,$-7.18,0.0,$4.81B,$8.63B,0.56,$0.99B,$4.04B,0.25,$2.05B,$-0.15B,-7.37%,$2.05B,$-0.37B,-18.15%,$2.05B,$-0.33B,-15.95%,$2.05B,$-0.29B,-14.10%,$2.05B,$-0.37B,-18.15%,$2.05B,$-0.28B,-13.66%,$-0.28B,$4.44B,-6.16%,$-0.28B,$4.20B,-6.51%,$-0.28B,$15.92B,-1.87%,$-0.37B,$5.43B,-6.72%,$418,$269,$149,$0,$41,$329,$89,$0,$89,$-3,$92,$92,$57,$114,$101,$40,40,$1.42,$1.42,$648,$0,$0,$4811,$0,$10265,$242,$128,$11111,$15922,$8633,$990,$437,$2853,$11486,$40,$3957,$0,$4436,$15922,$92,$14,$80,$94,$-380,$0,$993,$-836,$-224,$-37,$0,$0,$0,$-595,$-110,$-705,$0,$-705,$0,$0,$0,$0,$0,$-19,$46,$27,$-714,$0,$-13
3,2017-12-31,124.95,$109.72,1.14,$52.61,2.37,$54.41,2.3,$-6.35,0.0,$4.89B,$7.55B,0.65,$0.99B,$3.99B,0.25,$2.10B,$-0.10B,-4.94%,$2.10B,$-0.33B,-15.59%,$2.10B,$-0.29B,-13.55%,$2.10B,$-0.25B,-12.02%,$2.10B,$-0.33B,-15.59%,$2.10B,$-0.25B,-11.64%,$-0.25B,$4.39B,-5.27%,$-0.25B,$4.15B,-5.56%,$-0.25B,$15.23B,-1.71%,$-0.33B,$5.38B,-5.82%,$491,$403,$89,$0,$29,$448,$43,$0,$43,$41,$2,$2,$-2,$68,$55,$40,40,$0.09,$0.11,$1362,$0,$0,$4890,$0,$9546,$243,$121,$10337,$15226,$7547,$990,$1002,$3288,$10835,$40,$3914,$0,$4391,$15226,$-355,$31,$-154,$-123,$-317,$0,$469,$1372,$1523,$1046,$0,$0,$0,$364,$-506,$-142,$0,$-142,$46,$0,$46,$72,$72,$-74,$-15,$29,$940,$0,$-51
4,2017-09-30,134.11,$110.00,1.22,$48.80,2.75,$39.83,3.37,$-4.57,0.0,$4.52B,$7.94B,0.57,$0.99B,$4.00B,0.25,$1.97B,$-0.04B,-1.88%,$1.97B,$-0.29B,-14.59%,$1.97B,$-0.25B,-12.51%,$1.97B,$-0.22B,-10.98%,$1.97B,$-0.29B,-14.59%,$1.97B,$-0.18B,-9.05%,$-0.18B,$4.40B,-3.73%,$-0.18B,$4.16B,-3.93%,$-0.18B,$15.05B,-1.31%,$-0.29B,$5.39B,-5.00%,$635,$1298,$-664,$0,$43,$1357,$-722,$0,$-722,$-19,$-703,$-703,$-505,$-704,$-711,$40,40,$-12.75,$-12.75,$582,$0,$0,$4521,$0,$9681,$245,$164,$10524,$15045,$7940,$989,$679,$2702,$10642,$40,$3930,$0,$4403,$15045,$-357,$19,$-127,$-108,$-534,$0,$647,$953,$1067,$602,$0,$0,$0,$-146,$-49,$-195,$0,$-195,$46,$0,$46,$-189,$-189,$-55,$-58,$-256,$160,$0,$-39
5,2017-06-30,137.66,$123.01,1.12,$43.63,3.16,$33.97,4.05,$11.74,11.73,$3.40B,$5.89B,0.58,$0.99B,$4.56B,0.22,$1.77B,$0.88B,49.38%,$1.77B,$0.62B,35.06%,$1.77B,$0.66B,37.32%,$1.77B,$0.69B,39.06%,$1.77B,$0.62B,35.06%,$1.77B,$0.47B,26.72%,$0.47B,$4.96B,9.73%,$0.47B,$4.71B,10.25%,$0.47B,$13.71B,3.64%,$0.62B,$5.94B,10.67%,$506,$231,$275,$0,$42,$287,$218,$0,$218,$4,$214,$214,$170,$233,$228,$40,40,$4.25,$4.24,$623,$0,$0,$3403,$0,$9449,$246,$177,$10302,$13706,$5890,$989,$630,$2861,$8750,$40,$4448,$-0,$4955,$13706,$347,$11,$-94,$-82,$-547,$0,$730,$-127,$57,$321,$0,$0,$0,$276,$-219,$58,$0,$58,$46,$0,$46,$-172,$-183,$0,$-45,$-182,$202,$0,$0
6,2017-03-31,142.88,$119.18,1.2,$42.54,3.36,$28.94,4.94,$10.72,13.33,$3.01B,$5.50B,0.55,$0.95B,$4.46B,0.21,$1.75B,$0.85B,48.43%,$1.75B,$0.58B,33.30%,$1.75B,$0.62B,35.64%,$1.75B,$0.65B,37.24%,$1.75B,$0.58B,33.30%,$1.75B,$0.44B,25.07%,$0.44B,$4.86B,9.13%,$0.44B,$4.61B,9.63%,$0.44B,$13.32B,3.45%,$0.58B,$5.81B,10.12%,$472,$276,$196,$0,$47,$339,$133,$0,$133,$0,$132,$132,$92,$150,$143,$40,41,$2.26,$2.25,$454,$0,$0,$3008,$0,$9500,$248,$174,$10311,$13320,$5503,$946,$822,$2955,$8459,$41,$4289,$-0,$4861,$13320,$132,$6,$-45,$-39,$-296,$0,$476,$-73,$108,$201,$0,$0,$0,$246,$-255,$-9,$0,$-9,$0,$0,$0,$-80,$-80,$-19,$-62,$-161,$33,$0,$-13
7,2016-12-31,134.27,$118.16,1.14,$41.36,3.25,$23.95,5.61,$11.42,11.76,$2.24B,$4.75B,0.47,$0.95B,$4.47B,0.21,$1.73B,$0.91B,52.58%,$1.73B,$0.63B,36.54%,$1.73B,$0.67B,38.91%,$1.73B,$0.70B,40.65%,$1.73B,$0.63B,36.54%,$1.73B,$0.48B,27.50%,$0.48B,$4.87B,9.93%,$0.48B,$4.62B,10.49%,$0.48B,$12.35B,3.82%,$0.63B,$5.82B,11.00%,$354,$198,$156,$0,$50,$270,$84,$0,$84,$-8,$91,$91,$65,$105,$94,$41,42,$1.72,$1.70,$421,$0,$0,$2235,$0,$9355,$251,$175,$10117,$12352,$4754,$949,$607,$2732,$7486,$41,$4208,$1,$4867,$12352,$630,$29,$-147,$-118,$-209,$0,$282,$-100,$-27,$485,$0,$0,$0,$-119,$-46,$-165,$0,$-165,$0,$0,$0,$-312,$-312,$-74,$-15,$-401,$-86,$0,$-52
8,2016-09-30,118.16,$116.82,1.01,$41.51,2.85,$22.05,5.36,$11.82,10.0,$2.62B,$5.07B,0.52,$0.95B,$4.41B,0.22,$1.75B,$0.97B,55.54%,$1.75B,$0.68B,38.91%,$1.75B,$0.72B,41.31%,$1.75B,$0.76B,43.20%,$1.75B,$0.68B,38.91%,$1.75B,$0.50B,28.57%,$0.50B,$4.81B,10.52%,$0.50B,$4.55B,11.13%,$0.50B,$12.66B,4.09%,$0.68B,$5.76B,11.93%,$442,$193,$249,$0,$40,$256,$187,$0,$187,$-1,$188,$188,$147,$205,$197,$41,41,$3.58,$3.56,$493,$0,$0,$2620,$0,$9252,$255,$181,$10040,$12660,$5070,$952,$666,$2782,$7852,$41,$4151,$3,$4808,$12660,$539,$18,$-164,$-145,$-403,$0,$515,$-125,$-13,$380,$0,$0,$0,$129,$-104,$25,$0,$26,$0,$0,$0,$-309,$-309,$-56,$-56,$-421,$-14,$0,$-39
9,2016-06-30,115.18,$113.34,1.02,$38.63,2.98,$16.33,7.06,$9.92,11.61,$2.75B,$5.12B,0.54,$0.96B,$4.30B,0.22,$1.67B,$0.90B,54.20%,$1.67B,$0.60B,36.13%,$1.67B,$0.64B,38.66%,$1.67B,$0.66B,39.68%,$1.67B,$0.60B,36.13%,$1.67B,$0.43B,25.75%,$0.43B,$4.70B,9.08%,$0.43B,$4.45B,9.62%,$0.43B,$12.55B,3.56%,$0.60B,$5.66B,10.59%,$483,$237,$247,$0,$51,$304,$179,$0,$179,$7,$173,$173,$135,$192,$190,$42,42,$3.23,$3.22,$456,$0,$0,$2746,$0,$9048,$258,$161,$9798,$12545,$5116,$955,$649,$2725,$7842,$41,$4017,$2,$4703,$12545,$351,$11,$-113,$-102,$-555,$0,$556,$-125,$-123,$125,$0,$0,$0,$246,$-70,$176,$0,$176,$0,$0,$0,$-265,$-265,$-37,$-52,$-354,$-51,$0,$-26
10,2016-03-31,117.21,$110.47,1.06,$35.80,3.27,$12.69,9.23,$8.29,14.14,$2.36B,$4.69B,0.5,$0.96B,$4.36B,0.22,$1.58B,$0.82B,52.06%,$1.58B,$0.51B,32.38%,$1.58B,$0.55B,34.98%,$1.58B,$0.58B,36.43%,$1.58B,$0.51B,32.38%,$1.58B,$0.37B,23.15%,$0.37B,$4.76B,7.69%,$0.37B,$4.50B,8.15%,$0.37B,$12.15B,3.07%,$0.51B,$5.72B,8.95%,$448,$192,$256,$0,$56,$267,$181,$0,$181,$3,$178,$178,$128,$200,$191,$43,43,$2.97,$2.95,$449,$0,$0,$2360,$0,$9078,$262,$168,$9794,$12154,$4691,$958,$663,$2702,$7393,$43,$3893,$2,$4761,$12154,$178,$9,$-47,$-38,$-316,$0,$252,$-78,$-142,$-2,$0,$0,$0,$134,$-33,$101,$0,$101,$0,$0,$0,$-85,$-85,$-19,$-58,$-162,$-58,$0,$-13
11,2015-12-31,110.41,$108.29,1.02,$34.90,3.16,$9.77,11.3,$9.48,11.65,$1.87B,$4.18B,0.45,$0.96B,$4.33B,0.22,$1.52B,$0.83B,54.72%,$1.52B,$0.50B,32.74%,$1.52B,$0.53B,35.18%,$1.52B,$0.55B,36.37%,$1.52B,$0.50B,32.74%,$1.52B,$0.40B,26.67%,$0.40B,$4.73B,8.48%,$0.40B,$4.47B,9.00%,$0.40B,$11.56B,3.45%,$0.50B,$5.69B,8.71%,$377,$157,$220,$0,$64,$243,$134,$0,$134,$8,$126,$126,$90,$159,$145,$43,44,$1.90,$1.89,$507,$0,$0,$1871,$0,$9039,$265,$181,$9684,$11555,$4180,$960,$637,$2643,$6823,$44,$3779,$2,$4732,$11555,$542,$18,$73,$91,$-105,$0,$81,$-184,$-208,$425,$0,$0,$-678,$669,$-335,$335,$5,$-339,$446,$0,$446,$-453,$-453,$-76,$-10,$-94,$-19,$0,$-54
12,2015-09-30,103.43,$106.47,0.97,$34.20,3.02,$16.53,6.26,$11.81,8.76,$2.11B,$4.37B,0.48,$0.97B,$4.30B,0.23,$1.46B,$0.90B,61.77%,$1.46B,$0.58B,40.01%,$1.46B,$0.61B,42.14%,$1.46B,$0.64B,43.58%,$1.46B,$0.58B,40.01%,$1.46B,$0.48B,32.81%,$0.48B,$4.70B,10.52%,$0.48B,$4.43B,11.02%,$0.48B,$11.91B,4.40%,$0.58B,$5.67B,11.00%,$358,$178,$180,$0,$55,$251,$108,$0,$108,$-5,$112,$112,$76,$110,$118,$45,45,$1.68,$1.66,$525,$0,$0,$2110,$0,$9041,$270,$272,$9796,$11907,$4371,$969,$847,$2838,$7209,$44,$3700,$2,$4698,$11907,$416,$4,$26,$30,$-191,$0,$215,$-307,$-284,$162,$0,$0,$-678,$896,$-378,$518,$5,$-155,$446,$0,$446,$-197,$-197,$-58,$-187,$3,$-1,$0,$-41
13,2015-06-30,98.47,$105.12,0.94,$32.99,2.99,$22.90,4.3,$11.85,8.31,$2.03B,$4.52B,0.45,$0.97B,$4.44B,0.22,$1.37B,$0.88B,64.40%,$1.37B,$0.58B,42.42%,$1.37B,$0.60B,44.25%,$1.37B,$0.65B,47.47%,$1.37B,$0.58B,42.42%,$1.37B,$0.47B,34.43%,$0.47B,$4.84B,10.92%,$0.47B,$4.56B,11.29%,$0.47B,$12.05B,4.71%,$0.58B,$5.81B,11.87%,$398,$231,$167,$0,$55,$308,$89,$0,$89,$-2,$91,$91,$72,$107,$99,$45,46,$1.60,$1.59,$398,$0,$0,$2029,$0,$9318,$276,$258,$10025,$12053,$4515,$972,$740,$2701,$7216,$46,$3637,$3,$4837,$12053,$304,$12,$-25,$-12,$-396,$0,$290,$-215,$-321,$-29,$0,$0,$-678,$360,$3,$363,$5,$-310,$446,$0,$446,$-1,$-1,$-39,$-187,$219,$-127,$0,$-27
14,2015-03-31,96.46,$103.90,0.93,$32.48,2.97,$27.83,3.47,$13.21,7.3,$1.86B,$4.26B,0.44,$0.83B,$4.38B,0.19,$1.30B,$0.93B,71.49%,$1.30B,$0.65B,50.23%,$1.30B,$0.67B,51.77%,$1.30B,$0.72B,55.08%,$1.30B,$0.65B,50.23%,$1.30B,$0.52B,39.98%,$0.52B,$4.78B,12.80%,$0.52B,$4.50B,13.04%,$0.52B,$11.29B,5.71%,$0.65B,$5.61B,14.66%,$382,$120,$262,$0,$46,$217,$165,$0,$165,$-48,$213,$213,$166,$175,$171,$40,40,$4.18,$4.14,$558,$0,$0,$1861,$0,$8725,$281,$274,$9426,$11287,$4260,$827,$450,$2245,$6505,$46,$3578,$3,$4782,$11287,$213,$5,$-50,$-45,$-194,$0,$143,$-236,$-286,$-119,$0,$0,$-678,$113,$630,$743,$-3,$62,$298,$0,$298,$-0,$-0,$-19,$-180,$98,$32,$0,$-14
15,2014-12-31,93.76,$100.56,0.93,$31.13,3.01,$31.91,2.94,$12.63,7.42,$1.18B,$2.38B,0.5,$0.25B,$3.47B,0.07,$1.26B,$0.92B,72.78%,$1.26B,$0.69B,54.52%,$1.26B,$0.71B,55.95%,$1.26B,$0.75B,59.68%,$1.26B,$0.69B,54.52%,$1.26B,$0.50B,40.00%,$0.50B,$3.87B,13.26%,$0.50B,$3.86B,13.29%,$0.50B,$8.20B,6.06%,$0.69B,$4.12B,16.97%,$319,$28,$291,$0,$55,$98,$221,$0,$221,$0,$221,$221,$164,$243,$226,$39,40,$4.44,$4.39,$526,$0,$0,$1179,$0,$6770,$8,$136,$7024,$8204,$2379,$250,$577,$1958,$4338,$38,$3424,$3,$3866,$8204,$686,$48,$-58,$-11,$34,$0,$167,$-216,$-15,$661,$0,$0,$0,$45,$91,$136,$6,$142,$0,$0,$0,$-626,$-626,$-68,$0,$-695,$118,$0,$-46
16,2014-09-30,96.14,$96.07,1.0,$32.34,2.97,$33.41,2.88,$14.26,6.74,$1.35B,$2.79B,0.49,$0.25B,$3.34B,0.08,$1.35B,$1.02B,75.85%,$1.35B,$0.80B,59.14%,$1.35B,$0.81B,60.40%,$1.35B,$0.85B,63.30%,$1.35B,$0.80B,59.14%,$1.35B,$0.60B,44.50%,$0.60B,$3.74B,15.72%,$0.60B,$3.73B,15.76%,$0.60B,$8.36B,7.21%,$0.80B,$3.99B,19.61%,$266,$107,$159,$0,$47,$162,$104,$0,$104,$0,$104,$104,$68,$123,$108,$39,39,$1.72,$1.70,$301,$0,$0,$1353,$0,$6757,$8,$108,$7003,$8357,$2792,$249,$488,$1829,$4621,$39,$3293,$4,$3736,$8357,$466,$30,$-31,$-0,$-157,$0,$359,$-274,$-72,$393,$0,$0,$0,$22,$101,$122,$6,$128,$0,$0,$0,$-475,$-475,$-52,$-107,$-634,$-107,$0,$-35
17,2014-06-30,102.59,$94.66,1.08,$34.45,2.98,$32.18,3.19,$16.57,6.19,$1.54B,$3.04B,0.51,$0.25B,$3.44B,0.07,$1.47B,$1.16B,78.46%,$1.47B,$0.93B,63.32%,$1.47B,$0.95B,64.47%,$1.47B,$0.99B,67.19%,$1.47B,$0.93B,63.32%,$1.47B,$0.71B,48.30%,$0.71B,$3.84B,18.69%,$0.71B,$3.83B,18.73%,$0.71B,$8.52B,8.56%,$0.93B,$4.09B,22.99%,$331,$115,$216,$0,$46,$169,$162,$0,$162,$-0,$162,$162,$121,$174,$167,$40,40,$3.00,$2.95,$294,$0,$0,$1543,$0,$6735,$8,$89,$6973,$8516,$3040,$249,$366,$1639,$4680,$41,$3392,$4,$3836,$8516,$362,$15,$-61,$-46,$-363,$0,$515,$-295,$-143,$173,$0,$0,$0,$90,$114,$203,$6,$209,$0,$0,$0,$-315,$-315,$-35,$-144,$-493,$-114,$0,$-24
18,2014-03-31,93.32,$92.09,1.01,$31.89,2.93,$31.88,2.93,$14.22,6.56,$1.39B,$2.79B,0.5,$0.25B,$3.36B,0.07,$1.39B,$1.05B,75.77%,$1.39B,$0.82B,58.66%,$1.39B,$0.83B,59.81%,$1.39B,$0.88B,63.19%,$1.39B,$0.82B,58.66%,$1.39B,$0.62B,44.36%,$0.62B,$3.76B,16.51%,$0.62B,$3.75B,16.54%,$0.62B,$8.16B,7.44%,$0.82B,$4.01B,20.46%,$344,$93,$251,$0,$43,$144,$200,$0,$200,$0,$199,$199,$151,$212,$204,$41,42,$3.61,$3.56,$327,$0,$0,$1387,$0,$6550,$8,$96,$6777,$8164,$2785,$249,$380,$1617,$4401,$41,$3317,$4,$3762,$8164,$199,$8,$-21,$-13,$-195,$0,$339,$-285,$-140,$47,$0,$0,$0,$67,$234,$301,$0,$301,$0,$0,$0,$-263,$-263,$-17,$-148,$-428,$-81,$0,$-12
19,2013-12-31,92.8,$89.46,1.04,$31.22,2.97,$33.67,2.76,$14.89,6.23,$1.13B,$2.34B,0.48,$0.25B,$3.50B,0.07,$1.38B,$1.08B,78.55%,$1.38B,$0.84B,61.01%,$1.38B,$0.86B,62.25%,$1.38B,$0.91B,66.01%,$1.38B,$0.84B,61.01%,$1.38B,$0.66B,47.54%,$0.66B,$3.90B,17.78%,$0.66B,$3.90B,17.82%,$0.66B,$8.18B,7.93%,$0.84B,$4.15B,21.37%,$405,$10,$395,$0,$58,$75,$330,$0,$330,$1,$328,$328,$259,$343,$334,$43,44,$6.12,$6.03,$408,$0,$0,$1125,$0,$6856,$8,$108,$7054,$8179,$2335,$249,$591,$1940,$4275,$44,$3457,$4,$3904,$8179,$842,$52,$-114,$-62,$17,$0,$92,$-93,$16,$796,$0,$0,$0,$-247,$-131,$-378,$62,$-316,$-102,$0,$-102,$-213,$-222,$-74,$0,$-399,$104,$0,$-49
20,2013-09-30,86.05,$83.68,1.03,$29.43,2.92,$30.09,2.86,$9.72,8.85,$1.56B,$2.80B,0.56,$0.25B,$3.31B,0.08,$1.34B,$0.83B,61.77%,$1.34B,$0.59B,43.96%,$1.34B,$0.61B,45.38%,$1.34B,$0.67B,49.63%,$1.34B,$0.59B,43.96%,$1.34B,$0.44B,32.64%,$0.44B,$3.71B,12.20%,$0.44B,$3.71B,12.23%,$0.44B,$8.35B,5.33%,$0.59B,$3.96B,15.26%,$392,$99,$293,$0,$45,$152,$240,$0,$240,$0,$239,$239,$180,$260,$244,$43,44,$4.09,$4.01,$266,$0,$0,$1558,$0,$6454,$9,$113,$6796,$8354,$2797,$249,$591,$1843,$4640,$44,$3262,$5,$3714,$8354,$513,$42,$-6,$36,$-245,$0,$334,$-253,$-164,$386,$0,$0,$0,$-118,$112,$-6,$-1,$-7,$-101,$0,$-101,$-141,$-150,$-56,$-104,$-411,$-38,$0,$-37
21,2013-06-30,82.23,$80.48,1.02,$28.51,2.88,$32.25,2.55,$9.39,8.76,$1.94B,$3.07B,0.63,$0.25B,$3.17B,0.08,$1.34B,$0.83B,61.87%,$1.34B,$0.59B,44.10%,$1.34B,$0.61B,45.67%,$1.34B,$0.67B,49.93%,$1.34B,$0.59B,44.10%,$1.34B,$0.44B,32.54%,$0.44B,$3.57B,12.04%,$0.44B,$3.56B,12.07%,$0.44B,$8.47B,5.24%,$0.59B,$3.82B,15.06%,$250,$136,$115,$0,$43,$204,$46,$0,$46,$0,$46,$46,$27,$64,$50,$43,44,$0.61,$0.60,$286,$0,$0,$1941,$0,$6196,$8,$196,$6526,$8467,$3068,$250,$680,$1828,$4895,$44,$3119,$5,$3572,$8467,$284,$27,$49,$76,$-463,$0,$530,$-249,$-182,$177,$0,$0,$0,$-111,$269,$159,$1,$159,$-101,$0,$-101,$-122,$-131,$-38,$-106,$-377,$-69,$0,$-25
22,2013-03-31,86.87,$80.14,1.08,$28.96,3.0,$34.22,2.54,$11.54,7.53,$1.49B,$2.80B,0.53,$0.25B,$3.17B,0.08,$1.40B,$0.95B,67.79%,$1.40B,$0.73B,52.07%,$1.40B,$0.75B,53.71%,$1.40B,$0.81B,57.86%,$1.40B,$0.73B,52.07%,$1.40B,$0.55B,39.21%,$0.55B,$3.57B,14.87%,$0.55B,$3.56B,14.91%,$0.55B,$8.10B,6.50%,$0.73B,$3.82B,18.13%,$333,$52,$281,$0,$46,$108,$226,$0,$226,$0,$226,$226,$190,$244,$231,$43,44,$4.32,$4.23,$336,$0,$0,$1487,$0,$6330,$8,$194,$6610,$8097,$2795,$254,$605,$1735,$4530,$45,$3113,$6,$3567,$8097,$235,$13,$-46,$-33,$-163,$0,$256,$-167,$-74,$129,$0,$0,$0,$-193,$412,$220,$0,$220,$-97,$0,$-97,$-225,$-225,$-19,$0,$-342,$-14,$0,$-12
23,2012-12-31,76.5,$77.01,0.99,$28.42,2.69,$34.67,2.21,$11.19,6.84,$1.23B,$2.57B,0.48,$0.35B,$3.11B,0.11,$1.42B,$0.99B,69.17%,$1.42B,$0.77B,53.86%,$1.42B,$0.79B,55.55%,$1.42B,$0.85B,59.62%,$1.42B,$0.77B,53.86%,$1.42B,$0.56B,39.12%,$0.56B,$3.51B,14.86%,$0.56B,$3.50B,14.89%,$0.56B,$7.93B,6.55%,$0.77B,$3.86B,18.70%,$367,$226,$140,$0,$53,$289,$78,$0,$78,$0,$78,$78,$41,$98,$84,$49,50,$1.02,$0.98,$304,$0,$0,$1234,$0,$6389,$8,$111,$6695,$7929,$2569,$349,$477,$1852,$4422,$46,$3044,$14,$3507,$7929,$749,$60,$-221,$-161,$-19,$0,$67,$82,$129,$717,$0,$0,$0,$69,$-127,$-59,$-13,$-72,$-2,$0,$-2,$-298,$-448,$-88,$0,$-539,$122,$0,$-53
24,2012-09-30,72.28,$79.68,0.91,$26.05,2.77,$23.49,3.08,$11.89,6.08,$1.69B,$2.86B,0.59,$0.36B,$3.29B,0.11,$1.31B,$1.07B,81.63%,$1.31B,$0.86B,65.40%,$1.31B,$0.88B,67.15%,$1.31B,$0.94B,71.72%,$1.31B,$0.86B,65.40%,$1.31B,$0.59B,45.12%,$0.59B,$3.84B,15.69%,$0.59B,$3.83B,15.72%,$0.59B,$8.79B,6.99%,$0.86B,$4.20B,20.78%,$390,$98,$293,$0,$42,$150,$241,$0,$241,$0,$241,$241,$178,$263,$247,$48,49,$3.67,$3.62,$249,$0,$0,$1694,$0,$6793,$9,$215,$7100,$8794,$2857,$359,$783,$2093,$4951,$48,$3227,$14,$3843,$8794,$689,$45,$-188,$-143,$-229,$0,$339,$-120,$-10,$536,$0,$0,$0,$170,$-509,$-339,$-4,$-343,$5,$0,$5,$-99,$-99,$-67,$0,$-162,$44,$0,$-41
25,2012-06-30,71.07,$76.01,0.93,$22.38,3.18,$16.40,4.33,$9.16,7.76,$2.02B,$3.16B,0.64,$0.35B,$3.30B,0.11,$1.14B,$0.89B,78.25%,$1.14B,$0.68B,59.65%,$1.14B,$0.70B,61.58%,$1.14B,$0.76B,66.32%,$1.14B,$0.68B,59.65%,$1.14B,$0.46B,40.53%,$0.46B,$3.85B,12.48%,$0.46B,$3.84B,12.52%,$0.46B,$8.96B,5.57%,$0.68B,$4.20B,16.78%,$310,$75,$235,$0,$41,$126,$184,$0,$184,$1,$183,$183,$140,$205,$190,$50,51,$2.78,$2.75,$264,$0,$0,$2024,$0,$6627,$9,$194,$6935,$8960,$3162,$354,$693,$1950,$5113,$51,$3230,$13,$3847,$8960,$448,$29,$-109,$-80,$-500,$0,$537,$-102,$-64,$304,$0,$0,$0,$184,$-464,$-280,$-0,$-281,$0,$0,$0,$71,$71,$-45,$0,$26,$47,$0,$-28
26,2012-03-31,70.55,$73.38,0.96,$21.79,3.24,$11.05,6.39,$6.90,10.22,$1.63B,$2.79B,0.58,$0.35B,$3.25B,0.11,$1.11B,$0.77B,69.58%,$1.11B,$0.56B,50.41%,$1.11B,$0.58B,52.30%,$1.11B,$0.63B,56.44%,$1.11B,$0.56B,50.41%,$1.11B,$0.35B,31.14%,$0.35B,$3.80B,9.56%,$0.35B,$3.79B,9.59%,$0.35B,$8.35B,4.27%,$0.56B,$4.15B,14.11%,$357,$40,$317,$0,$42,$93,$264,$0,$264,$-0,$264,$264,$198,$283,$270,$50,51,$3.93,$3.88,$261,$0,$0,$1625,$0,$6442,$9,$206,$6728,$8354,$2790,$352,$604,$1765,$4555,$52,$3179,$13,$3798,$8354,$264,$14,$-106,$-92,$-232,$0,$242,$-11,$-1,$171,$0,$0,$0,$-306,$116,$-190,$0,$-190,$0,$0,$0,$85,$85,$-23,$0,$62,$44,$0,$-14
27,2011-12-31,69.03,$70.01,0.99,$22.33,3.09,$7.57,9.12,$-1.80,0.0,$1.27B,$2.60B,0.49,$0.35B,$3.06B,0.12,$1.14B,$0.18B,16.02%,$1.14B,$-0.03B,-2.36%,$1.14B,$-0.01B,-0.53%,$1.14B,$0.04B,3.24%,$1.14B,$-0.03B,-2.36%,$1.14B,$-0.09B,-8.23%,$-0.09B,$3.61B,-2.65%,$-0.09B,$3.60B,-2.66%,$-0.09B,$7.75B,-1.17%,$-0.03B,$3.96B,-0.68%,$255,$29,$226,$0,$43,$86,$169,$0,$169,$14,$155,$155,$76,$190,$174,$51,51,$1.41,$1.42,$217,$0,$0,$1269,$0,$6243,$9,$181,$6476,$7745,$2597,$354,$515,$1539,$4136,$52,$2992,$12,$3609,$7745,$-90,$42,$-15,$27,$-150,$0,$2,$376,$229,$166,$0,$0,$0,$103,$-116,$-13,$328,$315,$-200,$0,$-200,$-254,$-254,$-88,$0,$-542,$-44,$0,$-53
28,2011-09-30,59.0,$68.57,0.86,$20.67,2.85,$13.19,4.47,$-1.10,0.0,$1.56B,$3.17B,0.49,$0.35B,$3.00B,0.12,$1.07B,$0.15B,14.15%,$1.07B,$-0.06B,-5.40%,$1.07B,$-0.04B,-3.26%,$1.07B,$0.01B,1.02%,$1.07B,$-0.06B,-5.40%,$1.07B,$-0.05B,-4.75%,$-0.05B,$3.55B,-1.41%,$-0.05B,$3.54B,-1.41%,$-0.05B,$8.12B,-0.63%,$-0.06B,$3.90B,-1.42%,$218,$104,$114,$0,$42,$155,$63,$0,$63,$-1,$64,$64,$48,$78,$68,$51,51,$0.96,$0.95,$235,$0,$0,$1563,$0,$6290,$14,$176,$6554,$8117,$3167,$349,$408,$1399,$4566,$52,$2926,$11,$3551,$8117,$-206,$27,$-46,$-19,$-373,$0,$233,$560,$420,$194,$0,$0,$0,$-535,$469,$-66,$328,$262,$-200,$0,$-200,$-234,$-234,$-66,$0,$-500,$-43,$0,$-40
29,2011-06-30,64.44,$68.00,0.95,$23.47,2.75,$18.58,3.47,$1.74,37.04,$2.01B,$3.41B,0.59,$0.35B,$2.97B,0.12,$1.24B,$0.32B,25.53%,$1.24B,$0.11B,8.72%,$1.24B,$0.13B,10.66%,$1.24B,$0.18B,14.70%,$1.24B,$0.11B,8.72%,$1.24B,$0.10B,8.16%,$0.10B,$3.52B,2.71%,$0.10B,$3.50B,2.73%,$0.10B,$8.17B,1.23%,$0.11B,$3.87B,2.55%,$281,$165,$116,$0,$42,$217,$64,$0,$64,$-2,$66,$66,$24,$76,$69,$50,51,$0.48,$0.48,$238,$0,$0,$2007,$0,$5832,$14,$219,$6159,$8166,$3405,$349,$255,$1243,$4648,$52,$2890,$18,$3519,$8166,$-269,$17,$-94,$-77,$-611,$0,$445,$544,$377,$31,$0,$0,$0,$51,$34,$85,$317,$401,$-200,$0,$-200,$-232,$-232,$-44,$0,$-476,$-40,$0,$-27
30,2011-03-31,63.32,$67.70,0.94,$23.44,2.7,$23.12,2.74,$5.00,12.66,$1.41B,$2.83B,0.5,$0.55B,$2.95B,0.19,$1.26B,$0.50B,39.75%,$1.26B,$0.30B,23.52%,$1.26B,$0.32B,25.49%,$1.26B,$0.38B,29.93%,$1.26B,$0.30B,23.52%,$1.26B,$0.28B,22.33%,$0.28B,$3.50B,7.43%,$0.28B,$3.49B,7.51%,$0.28B,$8.02B,3.38%,$0.30B,$4.05B,6.83%,$388,$661,$-273,$0,$42,$711,$-323,$0,$-323,$-0,$-323,$-323,$-242,$-307,$-317,$52,52,$-4.69,$-4.69,$253,$0,$0,$1414,$0,$6337,$15,$191,$6601,$8015,$2827,$549,$597,$1685,$4512,$52,$2878,$20,$3503,$8015,$-325,$11,$-53,$-43,$-252,$0,$88,$526,$361,$-6,$0,$0,$0,$-250,$233,$-17,$317,$300,$0,$0,$0,$-299,$-299,$-22,$0,$-321,$-25,$0,$-13
31,2010-12-31,58.22,$72.80,0.8,$21.84,2.67,$27.15,2.14,$12.62,4.61,$0.86B,$1.86B,0.46,$0.55B,$3.39B,0.16,$1.22B,$1.00B,81.70%,$1.22B,$0.79B,64.71%,$1.22B,$0.81B,66.50%,$1.22B,$0.87B,71.41%,$1.22B,$0.79B,64.71%,$1.22B,$0.69B,55.96%,$0.69B,$3.94B,17.70%,$0.69B,$3.93B,17.98%,$0.69B,$8.14B,8.24%,$0.79B,$4.49B,17.92%,$187,$-8,$195,$0,$46,$49,$138,$0,$138,$0,$138,$138,$119,$164,$145,$55,56,$2.25,$2.22,$278,$0,$0,$861,$0,$6135,$15,$220,$7277,$8138,$1862,$549,$432,$2337,$4199,$54,$3312,$20,$3939,$8138,$861,$60,$-196,$-137,$-23,$0,$-61,$-145,$-230,$495,$0,$0,$0,$-27,$141,$114,$-6,$109,$249,$0,$249,$-586,$-686,$-98,$3,$-532,$75,$0,$-56
32,2010-09-30,54.6,$72.41,0.75,$23.29,2.34,$27.89,1.96,$13.80,3.96,$1.65B,$2.76B,0.6,$0.55B,$3.32B,0.17,$1.33B,$1.12B,84.00%,$1.33B,$0.92B,68.75%,$1.33B,$0.93B,70.10%,$1.33B,$0.98B,73.78%,$1.33B,$0.92B,68.75%,$1.33B,$0.78B,58.45%,$0.78B,$3.97B,20.23%,$0.78B,$3.90B,20.55%,$0.78B,$8.64B,9.41%,$0.92B,$4.52B,21.12%,$382,$104,$278,$0,$37,$153,$229,$0,$229,$-2,$232,$232,$200,$249,$235,$53,54,$3.73,$3.70,$352,$0,$0,$1653,$0,$6616,$73,$218,$6987,$8640,$2762,$549,$615,$1905,$4667,$55,$3239,$24,$3974,$8640,$712,$40,$-204,$-164,$-174,$0,$141,$-18,$-51,$496,$0,$0,$0,$118,$-157,$-40,$3,$-37,$249,$0,$249,$-543,$-543,$-74,$0,$-368,$45,$0,$-42
33,2010-06-30,51.02,$68.81,0.74,$23.36,2.18,$26.07,1.96,$14.22,3.59,$1.92B,$3.08B,0.62,$0.55B,$3.13B,0.18,$1.39B,$1.20B,86.17%,$1.39B,$1.00B,71.83%,$1.39B,$1.01B,72.98%,$1.39B,$1.05B,75.72%,$1.39B,$1.00B,71.83%,$1.39B,$0.83B,59.87%,$0.83B,$3.78B,21.97%,$0.83B,$3.70B,22.32%,$0.83B,$8.55B,10.08%,$1.00B,$4.32B,23.49%,$306,$5,$302,$0,$38,$54,$253,$0,$253,$-1,$254,$254,$205,$272,$259,$56,56,$3.69,$3.66,$285,$0,$0,$1917,$0,$6269,$74,$192,$6636,$8553,$3084,$549,$437,$1694,$4778,$55,$3048,$22,$3775,$8553,$459,$27,$-104,$-77,$-432,$0,$415,$-76,$-93,$289,$0,$0,$0,$210,$-129,$81,$3,$84,$249,$0,$249,$-543,$-543,$-50,$0,$-344,$17,$0,$-29
34,2010-03-31,51.24,$65.48,0.78,$26.19,1.96,$24.39,2.1,$14.79,3.46,$1.20B,$2.55B,0.47,$0.55B,$3.14B,0.18,$1.59B,$1.28B,80.64%,$1.59B,$1.08B,67.63%,$1.59B,$1.09B,68.51%,$1.59B,$1.11B,70.02%,$1.59B,$1.08B,67.63%,$1.59B,$0.89B,56.00%,$0.89B,$3.79B,24.15%,$0.89B,$3.72B,24.54%,$0.89B,$7.94B,10.73%,$1.08B,$4.34B,26.08%,$349,$124,$225,$0,$45,$177,$172,$0,$172,$-3,$175,$175,$161,$189,$175,$58,59,$2.75,$2.73,$359,$0,$0,$1203,$0,$6383,$75,$199,$6733,$7936,$2551,$549,$385,$1593,$4144,$58,$3052,$31,$3791,$7936,$186,$14,$-61,$-47,$78,$0,$-2,$16,$92,$231,$0,$0,$0,$138,$-165,$-27,$3,$-24,$249,$0,$249,$-327,$-327,$-25,$0,$-103,$64,$0,$-15
35,2009-12-31,47.76,$62.20,0.77,$25.57,1.87,$22.82,2.09,$13.56,3.52,$0.69B,$2.05B,0.34,$0.30B,$3.19B,0.09,$1.57B,$1.25B,79.89%,$1.57B,$1.05B,66.79%,$1.57B,$1.06B,67.82%,$1.57B,$1.07B,68.39%,$1.57B,$1.05B,66.79%,$1.57B,$0.83B,52.68%,$0.83B,$3.84B,23.43%,$0.83B,$3.83B,23.81%,$0.83B,$7.93B,9.90%,$1.05B,$4.14B,26.59%,$294,$-18,$313,$0,$44,$33,$261,$0,$261,$2,$259,$259,$212,$272,$264,$61,61,$3.41,$3.38,$203,$0,$0,$694,$0,$6046,$15,$200,$7232,$7926,$2046,$300,$287,$2039,$4085,$62,$3088,$41,$3841,$7926,$1053,$9,$-180,$-171,$-24,$0,$-1,$-267,$-293,$589,$0,$0,$-3,$1170,$-1264,$-94,$-19,$-116,$-150,$-50,$-200,$-184,$-184,$-102,$0,$-486,$18,$0,$-60
36,2009-09-30,48.99,$59.62,0.82,$23.20,2.11,$22.10,2.22,$9.20,5.32,$1.82B,$3.10B,0.59,$0.45B,$3.07B,0.15,$1.42B,$1.00B,70.32%,$1.42B,$0.81B,56.61%,$1.42B,$0.83B,58.02%,$1.42B,$0.82B,57.59%,$1.42B,$0.81B,56.61%,$1.42B,$0.56B,39.24%,$0.56B,$3.72B,16.81%,$0.56B,$3.65B,17.18%,$0.56B,$8.55B,6.68%,$0.81B,$4.17B,21.36%,$439,$83,$356,$0,$45,$128,$311,$0,$311,$4,$307,$307,$253,$318,$315,$61,61,$4.15,$4.12,$348,$0,$0,$1824,$0,$6327,$69,$229,$6721,$8545,$3101,$450,$527,$1723,$4824,$62,$2904,$78,$3720,$8545,$782,$2,$-116,$-115,$-261,$0,$318,$-272,$-214,$453,$0,$0,$0,$1292,$-1420,$-128,$0,$-128,$0,$-50,$-50,$-124,$-124,$-77,$0,$-250,$73,$0,$-45
37,2009-06-30,41.46,$54.61,0.76,$21.17,1.96,$23.71,1.75,$1.20,34.55,$2.13B,$3.51B,0.61,$0.45B,$2.75B,0.16,$1.30B,$0.37B,28.48%,$1.30B,$0.18B,13.93%,$1.30B,$0.20B,15.63%,$1.30B,$0.19B,14.86%,$1.30B,$0.18B,13.93%,$1.30B,$0.08B,5.93%,$0.08B,$3.40B,2.44%,$0.08B,$3.33B,2.50%,$0.08B,$8.81B,0.92%,$0.18B,$3.85B,5.03%,$509,$119,$389,$0,$47,$177,$332,$0,$332,$1,$331,$331,$265,$335,$336,$61,61,$4.35,$4.32,$210,$0,$0,$2132,$0,$6205,$71,$283,$6674,$8805,$3507,$450,$744,$1895,$5402,$62,$2661,$12,$3404,$8805,$475,$-2,$-62,$-63,$-506,$0,$581,$-274,$-199,$213,$0,$0,$0,$1098,$-1148,$-50,$-1,$-51,$0,$-50,$-50,$-124,$-124,$-51,$0,$-225,$-65,$0,$-30
38,2009-03-31,43.83,$50.09,0.88,$19.07,2.3,$26.14,1.68,$-0.99,0.0,$1.50B,$3.00B,0.5,$0.45B,$2.47B,0.18,$1.19B,$0.21B,17.62%,$1.19B,$0.03B,2.53%,$1.19B,$0.05B,4.55%,$1.19B,$0.05B,4.05%,$1.19B,$0.03B,2.53%,$1.19B,$-0.05B,-4.55%,$-0.05B,$3.12B,-1.72%,$-0.05B,$3.05B,-1.76%,$-0.05B,$8.06B,-0.65%,$0.03B,$3.57B,0.84%,$324,$131,$193,$0,$40,$181,$142,$0,$142,$-1,$143,$143,$95,$146,$147,$61,61,$1.57,$1.57,$249,$0,$0,$1502,$0,$6146,$73,$242,$6558,$8060,$2998,$450,$840,$1940,$4939,$62,$2328,$70,$3121,$8060,$143,$-1,$37,$36,$-28,$0,$119,$-128,$-36,$143,$0,$0,$0,$36,$-1,$35,$-1,$34,$0,$-50,$-50,$-124,$-124,$-26,$0,$-199,$-25,$0,$-15
39,2008-12-31,45.45,$49.31,0.92,$19.30,2.36,$27.94,1.63,$-0.51,0.0,$1.46B,$2.99B,0.49,$0.45B,$2.38B,0.19,$1.23B,$0.26B,20.86%,$1.23B,$0.08B,6.82%,$1.23B,$0.11B,8.93%,$1.23B,$0.10B,8.20%,$1.23B,$0.08B,6.82%,$1.23B,$-0.01B,-1.14%,$-0.01B,$3.03B,-0.44%,$-0.01B,$2.96B,-0.44%,$-0.01B,$7.98B,-0.17%,$0.08B,$3.48B,2.30%,$150,$88,$62,$0,$28,$130,$20,$0,$20,$-0,$21,$21,$-55,$20,$27,$61,61,$-0.91,$-0.91,$275,$0,$0,$1464,$0,$6069,$74,$294,$6520,$7984,$2986,$450,$747,$1965,$4951,$62,$2246,$75,$3033,$7984,$84,$-9,$464,$455,$-91,$0,$7,$91,$7,$546,$0,$0,$-78,$-351,$371,$20,$7,$-51,$-13,$50,$37,$-485,$-485,$-100,$0,$-548,$-72,$0,$-58
40,2008-09-30,45.61,$49.53,0.92,$20.79,2.19,$30.04,1.52,$1.27,35.91,$1.98B,$3.55B,0.56,$0.45B,$2.39B,0.19,$1.37B,$0.35B,25.48%,$1.37B,$0.17B,12.59%,$1.37B,$0.20B,14.49%,$1.37B,$0.19B,13.69%,$1.37B,$0.28B,20.64%,$1.37B,$0.10B,7.03%,$0.10B,$3.04B,2.89%,$0.10B,$2.97B,2.93%,$0.10B,$8.59B,1.14%,$0.17B,$3.49B,4.56%,$316,$590,$-274,$0,$30,$628,$-313,$0,$-313,$-0,$-312,$-312,$-228,$-308,$-307,$61,62,$-3.79,$-3.79,$427,$0,$0,$1979,$0,$6139,$72,$285,$6610,$8589,$3552,$450,$847,$1996,$5548,$61,$2313,$17,$3041,$8589,$63,$-1,$234,$233,$-253,$0,$232,$279,$258,$554,$0,$0,$-77,$383,$-202,$181,$0,$105,$-2,$0,$-2,$-485,$-485,$-75,$0,$-562,$97,$0,$-44
41,2008-06-30,39.01,$55.09,0.71,$21.58,1.81,$29.76,1.31,$6.91,5.65,$1.84B,$3.41B,0.54,$0.45B,$2.72B,0.17,$1.48B,$0.85B,57.69%,$1.48B,$0.67B,45.63%,$1.48B,$0.70B,47.46%,$1.48B,$0.69B,46.51%,$1.48B,$0.74B,50.10%,$1.48B,$0.46B,30.98%,$0.46B,$3.37B,13.29%,$0.46B,$3.30B,13.36%,$0.46B,$8.55B,5.41%,$0.67B,$3.82B,17.30%,$396,$168,$228,$0,$33,$214,$181,$0,$181,$-6,$188,$188,$134,$190,$187,$63,64,$2.16,$2.13,$263,$0,$0,$1837,$0,$6241,$74,$264,$6713,$8550,$3413,$450,$520,$1764,$5177,$63,$2625,$36,$3373,$8550,$376,$-1,$98,$97,$-491,$0,$465,$-70,$-96,$377,$0,$0,$-77,$421,$-327,$94,$0,$17,$-2,$0,$-2,$-409,$-409,$-51,$0,$-462,$-67,$0,$-30
42,2008-03-31,45.12,$52.49,0.86,$21.86,2.06,$28.57,1.58,$7.31,6.17,$1.46B,$2.92B,0.5,$0.45B,$2.74B,0.17,$1.55B,$0.89B,57.69%,$1.55B,$0.72B,46.77%,$1.55B,$0.75B,48.58%,$1.55B,$0.73B,47.22%,$1.55B,$0.75B,48.58%,$1.55B,$0.51B,32.69%,$0.51B,$3.39B,14.62%,$0.51B,$3.39B,14.63%,$0.51B,$8.17B,5.99%,$0.72B,$3.84B,18.51%,$370,$129,$241,$0,$30,$174,$196,$0,$196,$8,$188,$188,$135,$199,$203,$66,67,$2.09,$2.05,$335,$0,$0,$1459,$0,$6377,$0,$228,$6711,$8170,$2924,$451,$650,$1860,$4784,$65,$2606,$65,$3386,$8170,$188,$-3,$55,$52,$-24,$0,$84,$-23,$37,$277,$0,$0,$3,$256,$-214,$42,$0,$45,$-1,$0,$-1,$-290,$-290,$-26,$0,$-316,$5,$0,$-15
43,2007-12-31,52.13,$50.46,1.03,$23.06,2.26,$26.50,1.97,$7.89,6.61,$1.24B,$2.87B,0.43,$0.45B,$2.83B,0.16,$1.67B,$0.93B,55.88%,$1.67B,$0.76B,45.56%,$1.67B,$0.79B,47.54%,$1.67B,$0.77B,46.34%,$1.67B,$0.76B,45.50%,$1.67B,$0.56B,33.73%,$0.56B,$3.48B,16.33%,$0.56B,$3.47B,16.34%,$0.56B,$8.29B,6.73%,$0.76B,$3.93B,19.51%,$284,$131,$153,$0,$28,$176,$108,$0,$218,$-19,$237,$237,$55,$106,$115,$71,72,$0.94,$0.92,$330,$0,$0,$1241,$0,$6673,$6,$262,$7046,$8286,$2867,$452,$674,$1942,$4809,$69,$2606,$45,$3478,$8286,$777,$-20,$86,$66,$-56,$0,$-109,$112,$-53,$790,$0,$0,$0,$589,$-759,$-169,$0,$-169,$-12,$0,$-12,$-240,$-390,$-105,$0,$-508,$116,$0,$-63
44,2007-09-30,56.4,$49.71,1.13,$25.61,2.2,$26.78,2.11,$9.79,5.76,$1.64B,$3.37B,0.49,$0.45B,$2.87B,0.16,$1.85B,$1.08B,58.13%,$1.85B,$0.90B,48.62%,$1.85B,$0.94B,50.51%,$1.85B,$0.92B,49.70%,$1.85B,$0.75B,40.57%,$1.85B,$0.71B,38.25%,$0.71B,$3.52B,20.88%,$0.71B,$3.52B,20.88%,$0.71B,$8.76B,8.61%,$0.90B,$3.97B,23.43%,$425,$195,$229,$0,$27,$237,$188,$-44,$144,$0,$144,$144,$133,$191,$195,$71,72,$1.89,$1.85,$317,$0,$0,$1643,$0,$6829,$0,$147,$7118,$8761,$3368,$451,$660,$1872,$5240,$71,$2559,$30,$3522,$8761,$540,$-11,$75,$64,$-295,$0,$205,$112,$22,$626,$0,$0,$0,$-8,$-95,$-103,$0,$-103,$-103,$0,$-103,$-88,$-238,$-80,$0,$-421,$103,$0,$-47
45,2007-06-30,53.24,$47.89,1.11,$26.11,2.04,$25.84,2.06,$11.42,4.66,$1.87B,$3.62B,0.52,$0.45B,$2.81B,0.16,$1.89B,$1.20B,63.67%,$1.89B,$1.03B,54.29%,$1.89B,$1.06B,56.30%,$1.89B,$1.05B,55.46%,$1.89B,$0.87B,45.92%,$1.89B,$0.83B,43.75%,$0.83B,$3.46B,25.73%,$0.83B,$3.46B,25.73%,$0.83B,$8.56B,10.44%,$1.03B,$3.91B,28.08%,$469,$198,$270,$0,$27,$237,$232,$-37,$194,$1,$194,$194,$183,$235,$239,$71,72,$2.57,$2.53,$266,$0,$0,$1866,$0,$6386,$0,$134,$6692,$8558,$3619,$450,$315,$1479,$5098,$72,$2441,$13,$3460,$8558,$396,$-7,$10,$3,$-509,$0,$410,$42,$-57,$341,$0,$0,$0,$143,$-114,$28,$0,$28,$-103,$0,$-103,$-11,$-161,$-54,$0,$-318,$52,$0,$-32
46,2007-03-31,42.91,$45.72,0.94,$26.41,1.62,$26.46,1.62,$10.70,4.01,$1.28B,$3.11B,0.41,$0.45B,$2.65B,0.17,$1.91B,$1.14B,59.65%,$1.91B,$0.95B,50.00%,$1.91B,$1.00B,52.20%,$1.91B,$0.98B,51.42%,$1.91B,$0.81B,42.60%,$1.91B,$0.77B,40.56%,$0.77B,$3.30B,25.94%,$0.77B,$3.30B,25.94%,$0.77B,$7.79B,10.03%,$0.95B,$3.75B,27.79%,$488,$210,$279,$0,$29,$257,$231,$-29,$202,$0,$202,$202,$191,$240,$243,$71,73,$2.68,$2.63,$271,$0,$0,$1284,$0,$6241,$0,$138,$6504,$7787,$3112,$450,$242,$1372,$4484,$72,$2274,$27,$3304,$7787,$202,$-3,$-10,$-13,$-120,$0,$46,$35,$-38,$151,$0,$0,$0,$227,$-37,$191,$0,$191,$-103,$0,$-103,$-5,$-155,$-27,$0,$-285,$56,$0,$-16
47,2006-12-31,51.12,$45.47,1.12,$25.57,2.0,$26.42,1.93,$10.56,4.84,$1.13B,$3.07B,0.37,$0.45B,$2.48B,0.18,$1.84B,$1.11B,60.46%,$1.84B,$0.94B,51.11%,$1.84B,$0.98B,53.29%,$1.84B,$0.97B,52.58%,$1.84B,$0.80B,43.35%,$1.84B,$0.76B,41.34%,$0.76B,$3.28B,27.59%,$0.76B,$3.28B,27.59%,$0.76B,$7.77B,10.08%,$0.94B,$3.73B,29.23%,$469,$171,$298,$0,$32,$219,$249,$-39,$211,$0,$211,$211,$201,$254,$258,$71,72,$2.83,$2.79,$214,$0,$0,$1130,$0,$6384,$0,$148,$6639,$7769,$3072,$450,$317,$1417,$4489,$72,$2099,$25,$3280,$7769,$797,$-12,$125,$112,$-56,$0,$103,$-143,$-96,$813,$0,$0,$0,$-757,$-200,$-957,$0,$-957,$-50,$0,$-50,$0,$291,$-95,$38,$184,$40,$0,$-60
