,Date,Stock Price,Book Value per Share,Price to Book Ratio,TTM Sales per Share,Price to Sales Ratio,TTM FCF per Share,Price to FCF Ratio,TTM Net EPS,PE Ratio,Current Assets,Current Liabilities,Current Ratio,Long Term Debt,Shareholder's Equity_x,Debt to Equity Ratio,TTM Revenue_x,TTM Gross Profit,Gross Margin,TTM Revenue_y,TTM Operating Income,Operating Margin,TTM Revenue_x,TTM EBIT,EBIT Margin,TTM Revenue_y,TTM EBITDA,EBITDA Margin,TTM Revenue_x,TTM Pre-Tax Income,Pre-Tax Margin,TTM Revenue_y,TTM Net Income_x,Net Margin,TTM Net Income_y,Shareholder's Equity_y,Return on Equity,TTM Net Income_x,Tangible Equity,Return on Tangible Equity,TTM Net Income_y,Total Assets,Return on Assets,TTM Net Income,LT Investments & Debt,Return on Investment,revenue,cost-goods-sold,gross-profit,research-development-expenses,selling-general-administrative-expenses,operating-expenses,operating-income,total-non-operating-income-expense,pre-tax-income,total-provision-income-taxes,income-after-taxes,income-from-continuous-operations,net-income,ebitda,ebit,basic-shares-outstanding,shares-outstanding,eps-basic-net-earnings-per-share,eps-earnings-per-share-diluted,cash-on-hand,inventory,other-current-assets,total-current-assets,net-property-plant-equipment,long-term-investments,goodwill-intangible-assets-total,other-long-term-assets,total-long-term-assets,total-assets,total-current-liabilities,long-term-debt,other-non-current-liabilities,total-long-term-liabilities,total-liabilities,common-stock-net,retained-earnings-accumulated-deficit,comprehensive-income,total-share-holder-equity,total-liabilities-share-holders-equity,net-income-loss,total-depreciation-amortization-cash-flow,other-non-cash-items,total-non-cash-items,change-in-accounts-receivable,change-in-inventories,change-in-accounts-payable,change-in-assets-liabilities,total-change-in-assets-liabilities,cash-flow-from-operating-activities,net-change-in-property-plant-equipment,net-change-in-intangible-assets,net-acquisitions-divestitures,net-change-in-short-term-investments,net-change-in-long-term-investments,net-change-in-investments-total,investing-activities-other,cash-flow-from-investing-activities,net-long-term-debt,net-current-debt,debt-issuance-retirement-net-total,net-common-equity-issued-repurchased,net-total-equity-issued-repurchased,total-common-preferred-stock-dividends-paid,financial-activities-other,cash-flow-from-financial-activities,net-cash-flow,stock-based-compensation,common-stock-dividends-paid
0,2018-09-30,41.21,$34.23,1.2,$11.46,3.6,$1.33,30.87,$1.75,23.55,$9.91B,$10.35B,0.96,$0.26B,$2.01B,0.13,$0.57B,$0.51B,90.33%,$0.57B,$0.19B,33.57%,$0.57B,0,0.00%,$0.57B,0,0.00%,$0.57B,$0.18B,31.11%,$0.57B,$0.12B,21.09%,$0.12B,$2.01B,7.25%,$0.12B,$0.99B,13.44%,$0.12B,$12.75B,1.11%,$0.19B,$2.28B,10.18%,$156,$18,$137,$0,$84,$104,$52,$-11,$40,$9,$32,$32,$32,$0,$0,$52,53,$0.61,$0.61,$370,$0,$0,$9907,$207,$1178,$1021,$435,$2840,$12747,$10348,$264,$125,$389,$10736,$296,$469,$-24,$2011,$12747,$103,$4,$19,$22,$-96,$0,$0,$-27,$-123,$2,$-9,$0,$154,$0,$-461,$-461,$-156,$-473,$-1,$52,$51,$0,$0,$-31,$539,$559,$88,$6,$-31
1,2018-06-30,45.52,$31.54,1.44,$11.21,4.06,$2.55,17.83,$2.28,19.96,$8.26B,$8.69B,0.95,$0.21B,$1.56B,0.13,$0.55B,$0.50B,91.41%,$0.55B,$0.19B,34.00%,$0.55B,0,0.00%,$0.55B,0,0.00%,$0.55B,$0.18B,32.54%,$0.55B,$0.11B,20.84%,$0.11B,$1.56B,7.45%,$0.11B,$0.88B,13.33%,$0.11B,$10.54B,1.11%,$0.19B,$1.77B,10.71%,$142,$14,$128,$0,$79,$95,$48,$-1,$47,$10,$37,$37,$37,$0,$0,$49,50,$0.74,$0.74,$293,$0,$0,$8258,$187,$1089,$676,$335,$2286,$10544,$8694,$207,$84,$292,$8986,$250,$448,$-20,$1559,$10544,$71,$2,$11,$12,$-137,$0,$0,$-19,$-156,$-73,$-6,$0,$0,$0,$-434,$-434,$-140,$-580,$-0,$224,$223,$0,$0,$-19,$461,$665,$11,$4,$-19
2,2018-03-31,42.38,$31.03,1.37,$11.08,3.83,$4.35,9.75,$2.11,20.09,$8.11B,$8.42B,0.96,$0.21B,$1.53B,0.14,$0.53B,$0.49B,92.22%,$0.53B,$0.18B,33.78%,$0.53B,0,0.00%,$0.53B,0,0.00%,$0.53B,$0.17B,31.88%,$0.53B,$0.10B,19.35%,$0.10B,$1.53B,7.00%,$0.10B,$0.86B,12.42%,$0.10B,$10.24B,1.04%,$0.18B,$1.74B,10.71%,$134,$11,$123,$0,$77,$90,$44,$-1,$43,$10,$34,$34,$34,$0,$0,$49,50,$0.69,$0.68,$251,$0,$0,$8107,$184,$948,$674,$324,$2131,$10238,$8416,$207,$83,$290,$8706,$250,$422,$-17,$1533,$10238,$34,$1,$6,$6,$-96,$0,$0,$-5,$-101,$-61,$-2,$0,$0,$0,$-289,$-289,$-74,$-365,$-0,$-32,$-32,$0,$0,$-9,$438,$396,$-30,$2,$-9
3,2017-12-31,40.54,$30.72,1.32,$10.93,3.71,$6.89,5.89,$1.97,20.58,$7.96B,$8.01B,0.99,$0.21B,$1.52B,0.14,$0.51B,$0.47B,92.50%,$0.51B,$0.17B,33.53%,$0.51B,0,0.00%,$0.51B,0,0.00%,$0.51B,$0.16B,31.56%,$0.51B,$0.09B,18.15%,$0.09B,$1.52B,6.63%,$0.09B,$0.84B,11.66%,$0.09B,$9.83B,0.97%,$0.17B,$1.72B,10.71%,$137,$11,$126,$0,$77,$90,$47,$-1,$47,$30,$17,$17,$17,$0,$0,$47,47,$0.32,$0.32,$281,$0,$0,$7964,$183,$671,$675,$336,$1866,$9830,$8011,$208,$97,$304,$8315,$250,$397,$-11,$1515,$9830,$92,$5,$51,$56,$72,$0,$0,$-19,$53,$202,$3,$0,$42,$0,$470,$470,$-440,$75,$-170,$-20,$-190,$0,$0,$-34,$-77,$-301,$-25,$5,$-34
4,2017-09-30,42.34,$30.65,1.38,$10.78,3.93,$6.57,6.44,$2.19,19.33,$7.94B,$8.50B,0.93,$0.21B,$1.51B,0.14,$0.49B,$0.45B,92.80%,$0.49B,$0.16B,32.51%,$0.49B,0,0.00%,$0.49B,0,0.00%,$0.49B,$0.15B,30.45%,$0.49B,$0.10B,20.37%,$0.10B,$1.51B,7.52%,$0.10B,$0.84B,13.08%,$0.10B,$10.32B,1.08%,$0.16B,$1.72B,10.43%,$134,$11,$123,$0,$75,$87,$47,$-6,$41,$14,$26,$26,$26,$0,$0,$49,49,$0.54,$0.53,$332,$0,$0,$7944,$187,$1150,$673,$370,$2380,$10324,$8503,$208,$101,$309,$8812,$250,$388,$-3,$1512,$10324,$76,$4,$12,$15,$-27,$0,$0,$-12,$-38,$52,$1,$0,$42,$0,$5,$5,$-273,$-226,$-170,$275,$105,$0,$0,$-25,$119,$199,$26,$4,$-25
5,2017-06-30,42.97,$28.62,1.5,$10.93,3.93,$8.55,5.03,$2.21,19.44,$6.80B,$7.32B,0.93,$0.19B,$1.27B,0.15,$0.47B,$0.44B,93.45%,$0.47B,$0.15B,30.87%,$0.47B,0,0.00%,$0.47B,0,0.00%,$0.47B,$0.14B,30.02%,$0.47B,$0.10B,20.30%,$0.10B,$1.27B,7.84%,$0.10B,$0.75B,13.54%,$0.10B,$8.87B,1.10%,$0.15B,$1.46B,10.27%,$122,$8,$114,$0,$72,$82,$40,$-3,$37,$12,$25,$25,$25,$0,$0,$44,45,$0.57,$0.57,$236,$0,$0,$6795,$178,$1077,$523,$299,$2077,$8872,$7322,$192,$86,$278,$7600,$226,$371,$-10,$1272,$8872,$49,$3,$9,$11,$-55,$0,$0,$2,$-53,$8,$1,$0,$0,$0,$-40,$-40,$-163,$-203,$-11,$10,$-1,$-2,$-2,$-16,$144,$125,$-70,$2,$-16
6,2017-03-31,38.83,$28.18,1.38,$11.02,3.52,$8.29,4.68,$2.18,17.81,$6.72B,$7.24B,0.93,$0.19B,$1.25B,0.15,$0.47B,$0.44B,93.63%,$0.47B,$0.14B,30.36%,$0.47B,0,0.00%,$0.47B,0,0.00%,$0.47B,$0.14B,29.51%,$0.47B,$0.09B,19.96%,$0.09B,$1.25B,7.92%,$0.09B,$0.73B,13.86%,$0.09B,$8.77B,1.09%,$0.14B,$1.44B,10.42%,$114,$8,$106,$0,$69,$78,$36,$-0,$35,$11,$24,$24,$24,$0,$0,$44,44,$0.54,$0.54,$371,$0,$0,$6722,$180,$1045,$522,$296,$2042,$8765,$7241,$192,$81,$273,$7514,$226,$353,$-13,$1251,$8765,$24,$0,$7,$8,$19,$0,$0,$4,$23,$55,$1,$0,$0,$0,$-11,$-11,$-32,$-42,$-11,$-100,$-111,$0,$0,$-8,$170,$52,$65,$1,$-8
7,2016-12-31,41.13,$27.81,1.48,$11.16,3.69,$6.05,6.8,$2.16,19.04,$6.64B,$7.17B,0.93,$0.20B,$1.23B,0.16,$0.47B,$0.44B,93.79%,$0.47B,$0.14B,29.98%,$0.47B,0,0.00%,$0.47B,0,0.00%,$0.47B,$0.14B,29.12%,$0.47B,$0.09B,19.49%,$0.09B,$1.23B,8.00%,$0.09B,$0.71B,14.21%,$0.09B,$8.70B,1.07%,$0.14B,$1.44B,10.67%,$116,$8,$108,$0,$72,$81,$35,$0,$35,$11,$24,$24,$24,$0,$0,$42,42,$0.56,$0.56,$306,$0,$0,$6644,$179,$1031,$521,$325,$2056,$8700,$7169,$202,$96,$298,$7467,$226,$338,$-16,$1233,$8700,$91,$3,$28,$31,$48,$0,$0,$-7,$42,$164,$6,$0,$25,$0,$126,$126,$-509,$-352,$51,$-315,$-264,$85,$85,$-30,$492,$283,$95,$3,$-30
8,2016-09-30,32.62,$27.13,1.2,$11.41,2.86,$8.35,3.91,$2.13,15.32,$6.47B,$7.09B,0.91,$0.20B,$1.14B,0.18,$0.46B,$0.43B,94.35%,$0.46B,$0.14B,30.00%,$0.46B,0,0.00%,$0.46B,0,0.00%,$0.46B,$0.13B,28.70%,$0.46B,$0.09B,19.13%,$0.09B,$1.14B,8.08%,$0.09B,$0.65B,14.78%,$0.09B,$8.54B,1.06%,$0.14B,$1.35B,11.04%,$121,$7,$114,$0,$77,$86,$35,$-0,$35,$12,$23,$23,$23,$0,$0,$42,42,$0.55,$0.55,$217,$0,$0,$6471,$178,$1040,$496,$358,$2072,$8542,$7085,$203,$113,$315,$7400,$215,$322,$-6,$1142,$8542,$67,$3,$18,$21,$36,$0,$0,$0,$37,$125,$5,$0,$25,$0,$138,$138,$-408,$-240,$51,$-158,$-106,$0,$0,$-22,$249,$121,$6,$3,$-22
9,2016-06-30,31.2,$26.71,1.17,$11.17,2.79,$8.02,3.89,$1.98,15.76,$6.41B,$7.15B,0.9,$0.14B,$1.12B,0.13,$0.45B,$0.42B,94.61%,$0.45B,$0.14B,30.34%,$0.45B,0,0.00%,$0.45B,0,0.00%,$0.45B,$0.12B,27.19%,$0.45B,$0.08B,18.20%,$0.08B,$1.12B,7.63%,$0.08B,$0.63B,14.18%,$0.08B,$8.53B,1.00%,$0.14B,$1.27B,11.17%,$120,$7,$113,$0,$74,$83,$37,$-3,$34,$11,$23,$23,$23,$0,$0,$42,42,$0.54,$0.54,$211,$0,$0,$6414,$179,$1064,$498,$375,$2115,$8530,$7147,$144,$114,$258,$7405,$215,$306,$-8,$1124,$8530,$44,$1,$9,$10,$-51,$0,$0,$-10,$-61,$-6,$4,$0,$25,$0,$114,$114,$-273,$-130,$-5,$20,$15,$0,$0,$-14,$134,$135,$-1,$2,$-14
10,2016-03-31,31.59,$26.09,1.21,$10.84,2.91,$6.71,4.71,$1.92,16.45,$6.05B,$6.85B,0.88,$0.15B,$1.05B,0.14,$0.41B,$0.38B,94.32%,$0.41B,$0.12B,30.12%,$0.41B,0,0.00%,$0.41B,0,0.00%,$0.41B,$0.11B,26.91%,$0.41B,$0.07B,18.02%,$0.07B,$1.05B,7.58%,$0.07B,$0.58B,13.94%,$0.07B,$8.15B,0.98%,$0.12B,$1.20B,10.96%,$110,$6,$103,$0,$69,$77,$33,$-1,$32,$11,$21,$21,$21,$0,$0,$40,41,$0.53,$0.52,$218,$0,$0,$6053,$169,$1102,$477,$346,$2093,$8146,$6846,$147,$100,$247,$7093,$206,$291,$-8,$1053,$8146,$21,$1,$7,$7,$-73,$0,$0,$4,$-69,$-41,$1,$0,$0,$0,$7,$7,$-157,$-149,$-1,$-8,$-9,$0,$0,$-7,$212,$197,$7,$1,$-7
11,2015-12-31,32.86,$25.73,1.28,$10.53,3.12,$5.80,5.67,$1.88,17.48,$5.82B,$6.64B,0.88,$0.15B,$1.04B,0.14,$0.37B,$0.35B,94.34%,$0.37B,$0.11B,30.19%,$0.37B,0,0.00%,$0.37B,0,0.00%,$0.37B,$0.10B,26.68%,$0.37B,$0.07B,18.06%,$0.07B,$1.04B,7.60%,$0.07B,$0.53B,13.78%,$0.07B,$7.93B,0.97%,$0.11B,$1.19B,10.84%,$109,$5,$104,$0,$69,$76,$33,$-2,$31,$10,$21,$21,$21,$0,$0,$36,36,$0.52,$0.52,$212,$0,$0,$5815,$169,$1105,$504,$333,$2111,$7926,$6641,$148,$101,$249,$6890,$206,$276,$-10,$1037,$7926,$68,$9,$27,$37,$138,$0,$0,$10,$148,$253,$-23,$0,$25,$0,$49,$49,$-299,$-247,$-309,$375,$66,$0,$0,$-25,$3,$45,$50,$4,$-25
12,2015-09-30,31.22,$25.65,1.22,$9.89,3.16,$2.78,11.24,$1.85,16.88,$5.77B,$6.64B,0.87,$0.15B,$1.03B,0.15,$0.34B,$0.32B,93.77%,$0.34B,$0.10B,30.27%,$0.34B,0,0.00%,$0.34B,0,0.00%,$0.34B,$0.09B,27.00%,$0.34B,$0.06B,18.40%,$0.06B,$1.03B,7.75%,$0.06B,$0.55B,13.57%,$0.06B,$7.92B,0.97%,$0.10B,$1.18B,10.69%,$106,$6,$101,$0,$67,$75,$32,$-8,$24,$8,$16,$16,$16,$0,$0,$40,41,$0.40,$0.40,$204,$0,$0,$5765,$168,$1140,$483,$363,$2153,$7919,$6637,$150,$100,$249,$6886,$206,$262,$-6,$1033,$7919,$47,$5,$15,$20,$56,$0,$0,$6,$63,$129,$-19,$0,$36,$0,$21,$21,$-178,$-140,$-307,$355,$48,$0,$0,$-18,$22,$53,$42,$3,$-18
13,2015-06-30,30.82,$23.10,1.33,$9.75,3.16,$2.49,12.36,$1.94,15.89,$4.27B,$4.96B,0.86,$0.16B,$0.73B,0.21,$0.31B,$0.29B,92.90%,$0.31B,$0.09B,30.00%,$0.31B,0,0.00%,$0.31B,0,0.00%,$0.31B,$0.09B,29.03%,$0.31B,$0.06B,20.00%,$0.06B,$0.73B,8.65%,$0.06B,$0.44B,14.77%,$0.06B,$5.90B,1.06%,$0.09B,$0.89B,10.64%,$80,$5,$74,$0,$50,$56,$24,$-1,$22,$7,$15,$15,$15,$0,$0,$32,32,$0.49,$0.48,$155,$0,$0,$4265,$121,$965,$295,$253,$1634,$5899,$4955,$155,$59,$214,$5168,$163,$253,$-9,$731,$5899,$31,$3,$13,$16,$-82,$0,$0,$3,$-79,$-32,$-11,$0,$0,$0,$14,$14,$-48,$-46,$-2,$32,$30,$0,$0,$-11,$52,$72,$-7,$2,$-11
14,2015-03-31,28.26,$22.88,1.23,$9.71,2.91,$5.56,5.08,$1.93,14.64,$4.20B,$4.95B,0.85,$0.16B,$0.72B,0.22,$0.31B,$0.29B,92.86%,$0.31B,$0.09B,29.22%,$0.31B,0,0.00%,$0.31B,0,0.00%,$0.31B,$0.09B,28.90%,$0.31B,$0.06B,20.13%,$0.06B,$0.72B,8.78%,$0.06B,$0.43B,15.21%,$0.06B,$5.88B,1.07%,$0.09B,$0.88B,10.40%,$76,$5,$71,$0,$47,$53,$23,$-0,$22,$7,$15,$15,$15,$0,$0,$32,32,$0.48,$0.48,$174,$0,$0,$4197,$118,$1016,$296,$254,$1684,$5882,$4950,$156,$54,$209,$5159,$163,$243,$-6,$723,$5882,$15,$4,$11,$14,$-77,$0,$0,$-15,$-92,$-62,$2,$0,$0,$0,$-30,$-30,$31,$3,$-1,$-26,$-27,$0,$0,$-5,$104,$72,$13,$1,$-5
15,2014-12-31,27.05,$22.56,1.2,$9.68,2.79,$8.02,3.37,$1.88,14.39,$4.15B,$4.87B,0.85,$0.16B,$0.71B,0.22,$0.31B,$0.28B,92.51%,$0.31B,$0.09B,28.34%,$0.31B,0,0.00%,$0.31B,0,0.00%,$0.31B,$0.09B,28.01%,$0.31B,$0.06B,19.87%,$0.06B,$0.71B,8.79%,$0.06B,$0.41B,15.47%,$0.06B,$5.81B,1.05%,$0.09B,$0.87B,10.15%,$75,$6,$70,$0,$45,$52,$23,$-0,$23,$7,$16,$16,$16,$0,$0,$32,32,$0.50,$0.49,$162,$0,$0,$4145,$114,$984,$297,$265,$1660,$5805,$4871,$156,$66,$223,$5093,$163,$233,$-8,$712,$5805,$60,$8,$33,$41,$8,$0,$0,$16,$24,$125,$-19,$0,$0,$0,$-63,$-63,$-121,$-203,$-14,$30,$17,$0,$0,$-22,$-2,$-7,$-85,$4,$-22
16,2014-09-30,25.14,$22.21,1.13,$10.05,2.5,$9.99,2.52,$1.75,14.36,$4.10B,$4.83B,0.85,$0.16B,$0.70B,0.23,$0.31B,$0.28B,92.18%,$0.31B,$0.08B,26.71%,$0.31B,0,0.00%,$0.31B,0,0.00%,$0.31B,$0.08B,25.73%,$0.31B,$0.06B,18.24%,$0.06B,$0.70B,8.20%,$0.06B,$0.40B,14.70%,$0.06B,$5.75B,0.96%,$0.08B,$0.86B,9.66%,$79,$6,$73,$0,$49,$56,$23,$0,$23,$7,$16,$16,$16,$0,$0,$32,32,$0.49,$0.49,$142,$0,$0,$4102,$109,$980,$299,$262,$1650,$5752,$4829,$162,$60,$222,$5051,$163,$223,$-8,$700,$5752,$44,$6,$30,$36,$3,$0,$0,$7,$10,$90,$-12,$0,$0,$0,$-63,$-63,$-82,$-158,$-8,$63,$55,$0,$0,$-16,$-77,$-37,$-105,$3,$-16
17,2014-06-30,26.85,$21.83,1.23,$9.88,2.72,$11.76,2.28,$1.50,17.9,$4.14B,$4.91B,0.84,$0.16B,$0.69B,0.24,$0.29B,$0.27B,91.78%,$0.29B,$0.07B,24.66%,$0.29B,0,0.00%,$0.29B,0,0.00%,$0.29B,$0.07B,22.26%,$0.29B,$0.05B,16.10%,$0.05B,$0.69B,6.99%,$0.05B,$0.39B,12.75%,$0.05B,$5.83B,0.81%,$0.07B,$0.85B,8.57%,$78,$6,$72,$0,$49,$57,$21,$0,$21,$6,$15,$15,$15,$0,$0,$31,32,$0.47,$0.47,$181,$0,$0,$4139,$104,$1007,$301,$274,$1687,$5826,$4912,$164,$61,$226,$5138,$163,$213,$-9,$688,$5826,$28,$9,$16,$25,$6,$0,$0,$1,$6,$59,$-6,$0,$0,$0,$-90,$-90,$-82,$-178,$-5,$23,$18,$0,$0,$-11,$46,$53,$-65,$2,$-11
18,2014-03-31,26.68,$21.50,1.24,$9.68,2.76,$12.11,2.2,$1.35,19.76,$4.17B,$5.01B,0.83,$0.17B,$0.68B,0.25,$0.27B,$0.25B,91.51%,$0.27B,$0.06B,22.88%,$0.27B,0,0.00%,$0.27B,0,0.00%,$0.27B,$0.06B,20.30%,$0.27B,$0.04B,14.76%,$0.04B,$0.68B,6.40%,$0.04B,$0.37B,11.45%,$0.04B,$5.90B,0.74%,$0.06B,$0.85B,7.84%,$75,$6,$69,$0,$47,$55,$20,$-0,$19,$6,$14,$14,$14,$0,$0,$31,32,$0.43,$0.43,$302,$0,$0,$4174,$102,$1047,$303,$277,$1728,$5903,$5005,$169,$53,$221,$5226,$163,$203,$-10,$677,$5903,$14,$3,$9,$12,$5,$0,$0,$-10,$-5,$20,$-2,$0,$0,$0,$-130,$-130,$12,$-120,$-1,$-2,$-3,$0,$0,$-5,$164,$155,$55,$1,$-5
19,2013-12-31,28.72,$21.21,1.35,$9.54,3.01,$13.09,2.19,$1.22,23.54,$4.14B,$4.84B,0.86,$0.17B,$0.67B,0.26,$0.25B,$0.23B,91.27%,$0.25B,$0.05B,20.63%,$0.25B,0,0.00%,$0.25B,0,0.00%,$0.25B,$0.05B,18.25%,$0.25B,$0.03B,13.49%,$0.03B,$0.67B,5.85%,$0.03B,$0.36B,10.19%,$0.03B,$5.75B,0.68%,$0.05B,$0.84B,6.99%,$75,$6,$69,$0,$50,$58,$18,$-2,$16,$5,$11,$11,$11,$0,$0,$27,27,$0.37,$0.36,$247,$0,$0,$4140,$102,$913,$304,$287,$1607,$5746,$4844,$170,$67,$236,$5081,$163,$195,$-12,$666,$5746,$33,$9,$39,$48,$-5,$0,$0,$77,$72,$153,$-8,$0,$170,$0,$-27,$-27,$-192,$-57,$-8,$-10,$-18,$0,$0,$-19,$55,$18,$114,$3,$-19
20,2013-09-30,24.66,$20.96,1.18,$9.10,2.71,$14.19,1.74,$1.15,21.44,$4.13B,$4.84B,0.85,$0.17B,$0.66B,0.26,$0.24B,$0.21B,90.64%,$0.24B,$0.04B,18.72%,$0.24B,0,0.00%,$0.24B,0,0.00%,$0.24B,$0.04B,17.02%,$0.24B,$0.03B,12.77%,$0.03B,$0.66B,5.56%,$0.03B,$0.35B,9.37%,$0.03B,$5.74B,0.65%,$0.04B,$0.83B,6.29%,$64,$6,$58,$0,$44,$51,$13,$-4,$9,$2,$7,$7,$7,$0,$0,$27,27,$0.24,$0.24,$233,$0,$0,$4125,$104,$905,$305,$297,$1611,$5736,$4841,$171,$67,$237,$5079,$163,$189,$-14,$657,$5736,$0,$0,$0,$0,$0,$0,$0,$0,$0,$124,$-9,$0,$170,$0,$-16,$-16,$-190,$-44,$-7,$-5,$-13,$0,$0,$-14,$48,$21,$101,$0,$-14
21,2013-06-30,21.95,$19.84,1.11,$9.05,2.43,$14.79,1.48,$1.19,18.44,$3.00B,$3.55B,0.85,$0.15B,$0.50B,0.31,$0.23B,$0.21B,90.35%,$0.23B,$0.04B,17.11%,$0.23B,0,0.00%,$0.23B,0,0.00%,$0.23B,$0.04B,17.11%,$0.23B,$0.03B,13.16%,$0.03B,$0.50B,6.01%,$0.03B,$0.31B,9.72%,$0.03B,$4.25B,0.71%,$0.04B,$0.65B,5.94%,$57,$6,$52,$0,$40,$46,$11,$-0,$11,$3,$8,$8,$8,$0,$0,$25,25,$0.32,$0.32,$79,$0,$0,$2997,$70,$747,$190,$245,$1252,$4249,$3548,$153,$48,$201,$3749,$134,$188,$-14,$501,$4249,$0,$0,$0,$0,$0,$0,$0,$0,$0,$58,$-6,$0,$0,$0,$-86,$-86,$-87,$-178,$-6,$38,$31,$0,$0,$-9,$44,$67,$-53,$0,$-9
22,2013-03-31,20.04,$19.93,1.01,$9.03,2.22,$16.53,1.21,$1.12,17.89,$3.01B,$3.56B,0.85,$0.16B,$0.50B,0.31,$0.23B,$0.20B,89.87%,$0.23B,$0.04B,15.86%,$0.23B,0,0.00%,$0.23B,0,0.00%,$0.23B,$0.04B,15.86%,$0.23B,$0.03B,12.33%,$0.03B,$0.50B,5.63%,$0.03B,$0.31B,9.14%,$0.03B,$4.27B,0.67%,$0.04B,$0.66B,5.48%,$56,$6,$51,$0,$40,$46,$10,$0,$10,$3,$8,$8,$8,$0,$0,$25,25,$0.30,$0.30,$190,$0,$0,$3013,$68,$741,$191,$256,$1255,$4268,$3562,$157,$46,$203,$3765,$134,$184,$-8,$502,$4268,$0,$0,$0,$0,$0,$0,$0,$0,$0,$41,$-2,$0,$0,$0,$-67,$-67,$-4,$-73,$-2,$2,$-1,$0,$0,$-4,$94,$89,$58,$0,$-4
23,2012-12-31,17.01,$19.80,0.86,$9.07,1.88,$17.36,0.98,$1.06,16.05,$2.98B,$3.47B,0.86,$0.16B,$0.50B,0.32,$0.23B,$0.20B,88.60%,$0.23B,$0.03B,14.91%,$0.23B,0,0.00%,$0.23B,0,0.00%,$0.23B,$0.03B,14.91%,$0.23B,$0.03B,11.40%,$0.03B,$0.50B,5.26%,$0.03B,$0.31B,8.59%,$0.03B,$4.18B,0.63%,$0.03B,$0.66B,5.19%,$58,$6,$52,$0,$42,$48,$10,$0,$10,$2,$7,$7,$7,$0,$0,$25,25,$0.29,$0.29,$132,$0,$0,$2977,$67,$674,$191,$270,$1201,$4179,$3466,$159,$54,$214,$3680,$134,$181,$-9,$498,$4179,$27,$8,$62,$69,$-7,$0,$0,$89,$82,$178,$-17,$0,$-1,$0,$122,$122,$-301,$-197,$-84,$-6,$-90,$1,$1,$-17,$49,$-57,$-77,$1,$-17
24,2012-09-30,17.26,$19.78,0.87,$8.91,1.94,$16.80,1.03,$1.00,17.26,$2.96B,$3.46B,0.86,$0.16B,$0.50B,0.32,$0.22B,$0.20B,87.50%,$0.22B,$0.03B,13.84%,$0.22B,0,0.00%,$0.22B,0,0.00%,$0.22B,$0.03B,13.84%,$0.22B,$0.03B,11.16%,$0.03B,$0.50B,5.09%,$0.03B,$0.31B,8.34%,$0.03B,$4.17B,0.60%,$0.03B,$0.66B,4.60%,$57,$6,$51,$0,$43,$49,$8,$0,$8,$1,$7,$7,$7,$0,$0,$25,25,$0.28,$0.28,$118,$0,$0,$2960,$64,$681,$191,$269,$1205,$4165,$3461,$158,$49,$207,$3668,$134,$178,$-6,$497,$4165,$0,$0,$0,$0,$0,$0,$0,$0,$0,$135,$-13,$0,$0,$0,$118,$118,$-270,$-165,$-85,$53,$-32,$0,$0,$-13,$-16,$-60,$-91,$0,$-13
25,2012-06-30,13.71,$19.57,0.7,$9.04,1.52,$16.00,0.86,$0.98,13.99,$2.91B,$3.41B,0.85,$0.16B,$0.49B,0.33,$0.23B,$0.20B,86.34%,$0.23B,$0.03B,14.10%,$0.23B,0,0.00%,$0.23B,0,0.00%,$0.23B,$0.03B,14.10%,$0.23B,$0.03B,11.01%,$0.03B,$0.49B,5.11%,$0.03B,$0.30B,8.42%,$0.03B,$4.11B,0.60%,$0.03B,$0.65B,4.62%,$56,$7,$50,$0,$41,$48,$8,$0,$8,$2,$6,$6,$6,$0,$0,$25,25,$0.25,$0.25,$196,$0,$0,$2914,$58,$677,$192,$273,$1199,$4112,$3414,$162,$45,$207,$3621,$134,$175,$-9,$492,$4112,$0,$0,$0,$0,$0,$0,$0,$0,$0,$101,$-6,$0,$0,$0,$120,$120,$-129,$-15,$-81,$-4,$-85,$0,$0,$-9,$-6,$-99,$-13,$0,$-9
26,2012-03-31,14.05,$19.50,0.72,$9.04,1.55,$14.97,0.94,$0.96,14.63,$2.82B,$3.48B,0.81,$0.16B,$0.49B,0.34,$0.23B,$0.19B,84.14%,$0.23B,$0.03B,14.10%,$0.23B,0,0.00%,$0.23B,0,0.00%,$0.23B,$0.03B,14.10%,$0.23B,$0.03B,11.01%,$0.03B,$0.49B,5.14%,$0.03B,$0.30B,8.50%,$0.03B,$4.18B,0.60%,$0.03B,$0.65B,4.50%,$57,$8,$49,$0,$41,$49,$8,$0,$8,$2,$6,$6,$6,$0,$0,$25,25,$0.24,$0.24,$175,$0,$0,$2820,$56,$834,$192,$274,$1357,$4176,$3481,$164,$42,$206,$3687,$134,$173,$-8,$490,$4176,$0,$0,$0,$0,$0,$0,$0,$0,$0,$63,$-3,$0,$0,$0,$-38,$-38,$-30,$-71,$-79,$-4,$-83,$0,$0,$-4,$61,$-26,$-34,$0,$-4
27,2011-12-31,12.8,$19.44,0.66,$9.35,1.37,$14.36,0.89,$1.02,12.55,$2.88B,$3.42B,0.84,$0.24B,$0.49B,0.5,$0.24B,$0.19B,82.55%,$0.24B,$0.04B,15.32%,$0.24B,0,0.00%,$0.24B,0,0.00%,$0.24B,$0.04B,14.89%,$0.24B,$0.03B,11.49%,$0.03B,$0.49B,5.60%,$0.03B,$0.30B,9.30%,$0.03B,$4.20B,0.63%,$0.04B,$0.73B,4.94%,$54,$8,$46,$0,$38,$47,$7,$0,$7,$1,$6,$6,$6,$0,$0,$25,25,$0.23,$0.23,$209,$0,$0,$2882,$54,$796,$192,$277,$1320,$4202,$3424,$243,$48,$291,$3715,$134,$171,$-8,$487,$4202,$26,$5,$66,$71,$0,$0,$0,$56,$56,$153,$-6,$0,$148,$0,$38,$38,$-44,$136,$-73,$-4,$-77,$0,$0,$-17,$-279,$-372,$-84,$1,$-17
28,2011-09-30,10.74,$19.45,0.55,$9.61,1.12,$12.40,0.87,$0.98,10.96,$2.90B,$3.36B,0.86,$0.25B,$0.49B,0.5,$0.24B,$0.19B,80.08%,$0.24B,$0.04B,15.25%,$0.24B,0,0.00%,$0.24B,0,0.00%,$0.24B,$0.04B,14.83%,$0.24B,$0.03B,11.02%,$0.03B,$0.49B,5.45%,$0.03B,$0.30B,9.09%,$0.03B,$4.14B,0.61%,$0.04B,$0.73B,4.87%,$60,$9,$51,$0,$42,$51,$9,$-0,$9,$2,$7,$7,$7,$0,$0,$25,25,$0.26,$0.26,$235,$0,$0,$2904,$52,$719,$193,$268,$1232,$4136,$3360,$245,$44,$289,$3649,$134,$170,$-7,$487,$4136,$0,$0,$0,$0,$0,$0,$0,$0,$0,$105,$-4,$0,$148,$0,$130,$130,$-6,$268,$-71,$2,$-69,$0,$0,$-13,$-349,$-430,$-57,$0,$-13
29,2011-06-30,12.07,$19.16,0.63,$11.28,1.07,$10.92,1.11,$1.53,7.89,$2.91B,$3.49B,0.83,$0.25B,$0.48B,0.51,$0.27B,$0.22B,80.29%,$0.27B,$0.06B,21.90%,$0.27B,0,0.00%,$0.27B,0,0.00%,$0.27B,$0.06B,20.80%,$0.27B,$0.04B,14.23%,$0.04B,$0.48B,8.21%,$0.04B,$0.29B,13.76%,$0.04B,$4.26B,0.91%,$0.06B,$0.73B,8.00%,$56,$11,$45,$0,$36,$48,$8,$0,$8,$2,$6,$6,$6,$0,$0,$25,25,$0.23,$0.23,$237,$0,$0,$2913,$52,$834,$191,$269,$1346,$4259,$3493,$247,$39,$286,$3779,$134,$167,$-11,$480,$4259,$0,$0,$0,$0,$0,$0,$0,$0,$0,$72,$-3,$0,$148,$0,$14,$14,$2,$163,$-69,$1,$-68,$0,$0,$-9,$-214,$-290,$-56,$0,$-9
30,2011-03-31,13.97,$18.89,0.74,$11.53,1.21,$10.31,1.35,$1.48,9.44,$3.03B,$3.66B,0.83,$0.25B,$0.47B,0.53,$0.27B,$0.21B,78.60%,$0.27B,$0.06B,21.03%,$0.27B,0,0.00%,$0.27B,0,0.00%,$0.27B,$0.05B,19.93%,$0.27B,$0.04B,13.65%,$0.04B,$0.47B,8.08%,$0.04B,$0.28B,13.87%,$0.04B,$4.42B,0.89%,$0.06B,$0.72B,7.29%,$65,$13,$52,$0,$40,$53,$12,$-1,$11,$3,$8,$8,$8,$0,$0,$25,25,$0.30,$0.30,$326,$0,$0,$3029,$52,$880,$192,$269,$1393,$4422,$3656,$249,$44,$293,$3949,$134,$166,$-16,$473,$4422,$0,$0,$0,$0,$0,$0,$0,$0,$0,$45,$-1,$0,$148,$0,$-39,$-39,$1,$110,$-67,$-4,$-71,$0,$0,$-4,$-46,$-122,$33,$0,$-4
31,2010-12-31,13.75,$18.75,0.73,$11.42,1.2,$10.06,1.37,$1.35,10.19,$2.96B,$3.48B,0.85,$0.30B,$0.47B,0.64,$0.26B,$0.20B,76.74%,$0.26B,$0.05B,19.38%,$0.26B,0,0.00%,$0.26B,0,0.00%,$0.26B,$0.05B,18.60%,$0.26B,$0.03B,12.79%,$0.03B,$0.47B,7.46%,$0.03B,$0.28B,13.13%,$0.03B,$4.30B,0.84%,$0.05B,$0.77B,6.10%,$55,$14,$41,$0,$34,$49,$7,$0,$7,$2,$5,$5,$5,$0,$0,$23,23,$0.23,$0.22,$293,$0,$0,$2955,$51,$834,$192,$264,$1342,$4297,$3484,$301,$43,$344,$3828,$134,$163,$-16,$470,$4297,$32,$10,$-2,$8,$-2,$0,$0,$63,$61,$100,$-12,$0,$337,$0,$-116,$-116,$120,$330,$-317,$-7,$-324,$52,$52,$-16,$2,$-286,$144,$1,$-16
32,2010-09-30,12.25,$19.05,0.64,$11.59,1.06,$8.48,1.44,$1.35,9.07,$3.01B,$3.44B,0.88,$0.30B,$0.48B,0.64,$0.26B,$0.20B,75.58%,$0.26B,$0.05B,19.38%,$0.26B,0,0.00%,$0.26B,0,0.00%,$0.26B,$0.05B,17.83%,$0.26B,$0.03B,12.40%,$0.03B,$0.48B,7.49%,$0.03B,$0.29B,13.53%,$0.03B,$4.26B,0.85%,$0.05B,$0.78B,5.69%,$98,$16,$82,$0,$49,$65,$33,$-2,$31,$11,$20,$20,$20,$0,$0,$24,24,$0.81,$0.81,$296,$0,$0,$3014,$43,$745,$192,$262,$1242,$4256,$3435,$303,$41,$344,$3779,$134,$162,$-8,$477,$4256,$0,$0,$0,$0,$0,$0,$0,$0,$0,$63,$-2,$0,$337,$0,$-13,$-13,$92,$414,$-316,$-3,$-319,$52,$52,$-11,$-50,$-329,$148,$0,$-11
33,2010-06-30,11.42,$19.54,0.58,$10.19,1.12,$8.83,1.29,$0.74,15.43,$2.44B,$2.71B,0.9,$0.44B,$0.41B,1.07,$0.22B,$0.15B,70.05%,$0.22B,$0.02B,10.60%,$0.22B,0,0.00%,$0.22B,0,0.00%,$0.22B,$0.02B,9.68%,$0.22B,$0.02B,7.37%,$0.02B,$0.41B,3.90%,$0.02B,$0.22B,7.27%,$0.02B,$3.59B,0.44%,$0.02B,$0.86B,2.46%,$53,$15,$38,$0,$33,$48,$5,$0,$5,$1,$4,$4,$4,$0,$0,$21,21,$0.18,$0.18,$191,$0,$0,$2435,$43,$722,$190,$204,$1159,$3594,$2705,$442,$34,$476,$3182,$114,$147,$-6,$412,$3594,$0,$0,$0,$0,$0,$0,$0,$0,$0,$47,$-1,$0,$0,$0,$-7,$-7,$57,$48,$-153,$-5,$-158,$0,$0,$-7,$112,$-53,$43,$0,$-7
34,2010-03-31,12.72,$19.47,0.65,$10.45,1.22,$7.46,1.7,$0.76,16.74,$2.46B,$2.74B,0.9,$0.46B,$0.41B,1.12,$0.22B,$0.15B,69.37%,$0.22B,$0.02B,10.81%,$0.22B,0,0.00%,$0.22B,0,0.00%,$0.22B,$0.02B,9.91%,$0.22B,$0.02B,7.21%,$0.02B,$0.41B,3.92%,$0.02B,$0.22B,7.39%,$0.02B,$3.64B,0.44%,$0.02B,$0.87B,2.45%,$52,$15,$37,$0,$32,$48,$5,$0,$5,$1,$4,$4,$4,$0,$0,$21,21,$0.17,$0.17,$179,$0,$0,$2463,$43,$741,$191,$203,$1178,$3642,$2736,$461,$34,$496,$3231,$114,$147,$-7,$411,$3642,$0,$0,$0,$0,$0,$0,$0,$0,$0,$32,$-0,$0,$0,$0,$-28,$-28,$28,$-1,$-134,$-1,$-135,$0,$0,$-4,$138,$-1,$31,$0,$-4
35,2009-12-31,10.58,$19.45,0.54,$10.76,0.98,$5.88,1.8,$0.87,12.16,$2.48B,$2.60B,0.96,$0.60B,$0.41B,1.45,$0.23B,$0.16B,68.56%,$0.23B,$0.03B,11.79%,$0.23B,0,0.00%,$0.23B,0,0.00%,$0.23B,$0.03B,10.92%,$0.23B,$0.02B,7.86%,$0.02B,$0.41B,4.44%,$0.02B,$0.22B,8.44%,$0.02B,$3.64B,0.49%,$0.03B,$1.01B,2.64%,$55,$17,$38,$0,$30,$47,$7,$0,$5,$1,$4,$4,$4,$0,$0,$21,21,$0.19,$0.19,$149,$0,$0,$2483,$44,$714,$191,$209,$1158,$3641,$2598,$596,$37,$632,$3231,$114,$147,$-7,$410,$3641,$19,$9,$25,$34,$16,$0,$0,$-19,$-3,$50,$-1,$0,$0,$0,$-15,$-15,$112,$97,$-24,$-292,$-316,$0,$0,$-14,$232,$-98,$48,$1,$-14
36,2009-09-30,11.42,$19.47,0.59,$11.01,1.04,$6.36,1.79,$0.69,16.55,$2.50B,$2.60B,0.96,$0.60B,$0.41B,1.46,$0.23B,$0.16B,67.95%,$0.23B,$0.02B,8.97%,$0.23B,0,0.00%,$0.23B,0,0.00%,$0.23B,$0.02B,8.12%,$0.23B,$0.01B,5.98%,$0.01B,$0.41B,3.48%,$0.01B,$0.22B,6.66%,$0.01B,$3.64B,0.38%,$0.02B,$1.01B,2.05%,$57,$17,$39,$0,$33,$51,$6,$0,$6,$1,$4,$4,$4,$0,$0,$21,21,$0.20,$0.20,$112,$0,$0,$2502,$44,$738,$192,$166,$1140,$3643,$2597,$599,$36,$635,$3232,$114,$146,$-7,$410,$3643,$0,$0,$0,$0,$0,$0,$0,$0,$0,$62,$-1,$0,$0,$0,$-35,$-35,$78,$43,$-20,$-279,$-299,$0,$0,$-11,$217,$-93,$12,$0,$-11
37,2009-06-30,11.41,$19.01,0.6,$11.35,1.01,$5.95,1.92,$0.85,13.42,$2.63B,$2.64B,1.0,$0.63B,$0.40B,1.56,$0.24B,$0.16B,67.22%,$0.24B,$0.03B,10.79%,$0.24B,0,0.00%,$0.24B,0,0.00%,$0.24B,$0.02B,9.96%,$0.24B,$0.02B,7.47%,$0.02B,$0.40B,4.48%,$0.02B,$0.21B,8.63%,$0.02B,$3.70B,0.48%,$0.03B,$1.03B,2.50%,$58,$19,$40,$0,$33,$52,$6,$0,$6,$1,$4,$4,$4,$0,$0,$21,21,$0.20,$0.20,$144,$0,$0,$2627,$45,$685,$192,$153,$1075,$3702,$2641,$625,$35,$661,$3301,$114,$146,$-15,$401,$3702,$0,$0,$0,$0,$0,$0,$0,$0,$0,$17,$-1,$0,$0,$0,$6,$6,$40,$46,$6,$-274,$-268,$0,$0,$-7,$256,$-19,$44,$0,$-7
38,2009-03-31,9.43,$18.99,0.5,$11.64,0.81,$6.37,1.48,$1.03,9.15,$2.70B,$2.72B,0.99,$0.64B,$0.40B,1.61,$0.25B,$0.16B,65.99%,$0.25B,$0.03B,12.55%,$0.25B,0,0.00%,$0.25B,0,0.00%,$0.25B,$0.03B,11.74%,$0.25B,$0.02B,8.91%,$0.02B,$0.40B,5.47%,$0.02B,$0.21B,10.54%,$0.02B,$3.80B,0.59%,$0.03B,$1.04B,2.94%,$59,$19,$40,$0,$31,$51,$8,$0,$8,$2,$6,$6,$6,$0,$0,$21,21,$0.29,$0.28,$176,$0,$0,$2703,$46,$710,$193,$143,$1092,$3795,$2719,$642,$34,$676,$3395,$114,$145,$-15,$400,$3795,$0,$0,$0,$0,$0,$0,$0,$0,$0,$-1,$-0,$0,$0,$0,$-19,$-19,$17,$-2,$23,$-285,$-262,$0,$0,$-4,$345,$80,$76,$0,$-4
39,2008-12-31,12.6,$19.00,0.66,$12.05,1.05,$7.63,1.65,$1.14,11.05,$2.64B,$2.66B,0.99,$0.62B,$0.40B,1.55,$0.26B,$0.16B,64.31%,$0.26B,$0.04B,13.73%,$0.26B,0,0.00%,$0.26B,0,0.00%,$0.26B,$0.03B,12.94%,$0.26B,$0.02B,9.41%,$0.02B,$0.40B,5.93%,$0.02B,$0.21B,11.40%,$0.02B,$3.72B,0.64%,$0.04B,$1.02B,3.38%,$60,$20,$40,$0,$38,$59,$1,$0,$-1,$-1,$0,$0,$0,$0,$0,$21,21,$0.01,$0.01,$100,$0,$0,$2638,$47,$695,$193,$142,$1078,$3716,$2659,$619,$37,$657,$3316,$114,$142,$-12,$400,$3716,$24,$7,$25,$32,$-4,$0,$0,$11,$7,$63,$-4,$0,$0,$0,$-167,$-167,$14,$-156,$366,$-56,$310,$1,$1,$-14,$-203,$94,$1,$1,$-14
40,2008-09-30,15.9,$19.33,0.82,$12.88,1.23,$6.87,2.32,$1.54,10.32,$2.64B,$2.61B,1.01,$0.67B,$0.41B,1.65,$0.27B,$0.16B,61.89%,$0.27B,$0.05B,17.74%,$0.27B,0,0.00%,$0.27B,0,0.00%,$0.27B,$0.05B,17.74%,$0.27B,$0.03B,12.45%,$0.03B,$0.41B,8.15%,$0.03B,$0.21B,15.77%,$0.03B,$3.73B,0.89%,$0.05B,$1.08B,4.97%,$64,$22,$42,$0,$30,$53,$11,$0,$11,$3,$8,$8,$8,$0,$0,$21,21,$0.36,$0.36,$106,$0,$0,$2639,$48,$708,$194,$136,$1086,$3725,$2614,$669,$36,$705,$3319,$114,$146,$-9,$406,$3725,$0,$0,$0,$0,$0,$0,$0,$0,$0,$56,$-4,$0,$0,$0,$-182,$-182,$35,$-151,$415,$-169,$246,$1,$1,$-11,$-135,$101,$6,$0,$-11
41,2008-06-30,10.69,$19.27,0.55,$13.14,0.81,$6.64,1.61,$1.57,6.81,$2.67B,$2.67B,1.0,$0.68B,$0.40B,1.67,$0.27B,$0.16B,59.78%,$0.27B,$0.05B,17.71%,$0.27B,0,0.00%,$0.27B,0,0.00%,$0.27B,$0.05B,17.71%,$0.27B,$0.03B,12.18%,$0.03B,$0.40B,8.22%,$0.03B,$0.21B,16.08%,$0.03B,$3.78B,0.90%,$0.05B,$1.08B,5.45%,$64,$23,$41,$0,$29,$53,$11,$0,$11,$3,$8,$8,$8,$0,$0,$21,21,$0.38,$0.38,$113,$0,$0,$2671,$48,$741,$195,$127,$1111,$3782,$2671,$675,$32,$708,$3378,$114,$142,$-7,$404,$3782,$0,$0,$0,$0,$0,$0,$0,$0,$0,$28,$-3,$0,$0,$0,$-212,$-212,$32,$-183,$422,$-167,$255,$0,$0,$-7,$-80,$168,$13,$0,$-7
42,2008-03-31,16.19,$19.58,0.83,$13.37,1.21,$6.36,2.54,$1.60,10.12,$2.70B,$2.69B,1.0,$0.56B,$0.41B,1.37,$0.26B,$0.16B,58.94%,$0.26B,$0.05B,17.87%,$0.26B,0,0.00%,$0.26B,0,0.00%,$0.26B,$0.05B,17.87%,$0.26B,$0.03B,12.17%,$0.03B,$0.41B,8.43%,$0.03B,$0.21B,15.40%,$0.03B,$3.70B,0.94%,$0.05B,$0.97B,6.37%,$67,$26,$41,$0,$29,$56,$12,$0,$12,$3,$8,$8,$8,$0,$0,$21,21,$0.40,$0.39,$110,$0,$0,$2697,$48,$636,$196,$121,$1002,$3699,$2688,$562,$39,$601,$3289,$114,$138,$4,$410,$3699,$0,$0,$0,$0,$0,$0,$0,$0,$0,$27,$-2,$0,$0,$0,$-89,$-89,$-1,$-92,$309,$-309,$-0,$-0,$-0,$-4,$79,$75,$11,$0,$-4
43,2007-12-31,15.39,$19.15,0.8,$13.62,1.13,$6.20,2.48,$1.65,9.33,$2.70B,$2.92B,0.92,$0.25B,$0.40B,0.64,$0.25B,$0.15B,58.80%,$0.25B,$0.05B,18.00%,$0.25B,0,0.00%,$0.25B,0,0.00%,$0.25B,$0.05B,18.00%,$0.25B,$0.03B,12.40%,$0.03B,$0.40B,9.07%,$0.03B,$0.20B,15.94%,$0.03B,$3.61B,0.97%,$0.05B,$0.65B,7.38%,$70,$29,$40,$0,$27,$57,$13,$0,$13,$4,$9,$9,$9,$0,$0,$19,19,$0.40,$0.40,$100,$0,$0,$2697,$48,$540,$197,$130,$915,$3612,$2918,$254,$41,$295,$3213,$114,$133,$-1,$399,$3612,$31,$7,$6,$13,$3,$0,$0,$-3,$-1,$43,$-5,$0,$-53,$0,$-34,$-34,$-262,$-354,$2,$322,$324,$52,$52,$-13,$-51,$312,$2,$1,$-13
44,2007-09-30,15.31,$18.74,0.82,$13.28,1.15,$6.13,2.5,$1.68,9.11,$2.68B,$2.72B,0.99,$0.43B,$0.39B,1.09,$0.23B,$0.14B,60.09%,$0.23B,$0.04B,18.03%,$0.23B,0,0.00%,$0.23B,0,0.00%,$0.23B,$0.04B,18.03%,$0.23B,$0.03B,12.45%,$0.03B,$0.39B,9.50%,$0.03B,$0.20B,15.89%,$0.03B,$3.59B,0.99%,$0.04B,$0.82B,7.57%,$70,$30,$40,$0,$27,$58,$12,$0,$12,$4,$8,$8,$8,$0,$0,$21,21,$0.39,$0.39,$92,$0,$0,$2679,$48,$543,$197,$117,$905,$3585,$2720,$427,$44,$472,$3192,$114,$128,$-6,$392,$3585,$0,$0,$0,$0,$0,$0,$0,$0,$0,$53,$-5,$0,$-53,$0,$-44,$-44,$-252,$-353,$1,$183,$184,$55,$55,$-9,$65,$294,$-7,$0,$-9
45,2007-06-30,15.97,$17.25,0.93,$13.26,1.2,$5.61,2.85,$1.71,9.34,$2.09B,$2.25B,0.93,$0.19B,$0.32B,0.6,$0.22B,$0.13B,61.86%,$0.22B,$0.04B,18.14%,$0.22B,0,0.00%,$0.22B,0,0.00%,$0.22B,$0.04B,18.14%,$0.22B,$0.03B,13.02%,$0.03B,$0.32B,10.37%,$0.03B,$0.22B,16.33%,$0.03B,$2.79B,1.05%,$0.04B,$0.51B,8.35%,$56,$22,$34,$0,$24,$46,$10,$0,$10,$3,$7,$7,$7,$0,$0,$17,17,$0.42,$0.41,$92,$0,$0,$2088,$43,$461,$97,$103,$704,$2791,$2252,$189,$33,$222,$2475,$100,$123,$-10,$317,$2791,$0,$0,$0,$0,$0,$0,$0,$0,$0,$19,$-3,$0,$0,$0,$-40,$-40,$-152,$-195,$-8,$9,$2,$59,$59,$-5,$115,$170,$-6,$0,$-5
46,2007-03-31,17.21,$16.62,1.04,$13.07,1.32,$5.24,3.29,$1.75,9.85,$2.05B,$2.27B,0.91,$0.20B,$0.26B,0.78,$0.21B,$0.13B,62.98%,$0.21B,$0.04B,18.75%,$0.21B,0,0.00%,$0.21B,0,0.00%,$0.21B,$0.04B,18.75%,$0.21B,$0.03B,13.46%,$0.03B,$0.26B,11.16%,$0.03B,$0.16B,18.39%,$0.03B,$2.76B,1.08%,$0.04B,$0.46B,8.60%,$54,$21,$33,$0,$23,$44,$10,$0,$10,$3,$7,$7,$7,$0,$0,$16,16,$0.45,$0.44,$155,$0,$0,$2054,$43,$463,$98,$98,$701,$2755,$2265,$201,$30,$231,$2496,$86,$119,$-5,$259,$2755,$0,$0,$0,$0,$0,$0,$0,$0,$0,$19,$-2,$0,$0,$0,$-34,$-34,$-63,$-100,$-5,$-10,$-16,$0,$0,$-2,$156,$138,$57,$0,$-2
47,2006-12-31,21.22,$16.27,1.3,$12.64,1.68,$4.66,4.55,$1.72,12.34,$1.94B,$2.14B,0.91,$0.18B,$0.25B,0.72,$0.20B,$0.13B,64.68%,$0.20B,$0.04B,18.91%,$0.20B,0,0.00%,$0.20B,0,0.00%,$0.20B,$0.04B,18.91%,$0.20B,$0.03B,13.93%,$0.03B,$0.25B,11.38%,$0.03B,$0.15B,19.05%,$0.03B,$2.61B,1.10%,$0.04B,$0.44B,8.41%,$53,$20,$33,$0,$22,$43,$10,$0,$10,$3,$7,$7,$7,$0,$0,$16,16,$0.45,$0.44,$98,$0,$0,$1944,$41,$428,$98,$100,$667,$2611,$2143,$182,$33,$216,$2359,$86,$114,$-6,$253,$2611,$27,$6,$5,$11,$-5,$0,$0,$1,$-4,$34,$-3,$0,$0,$0,$-27,$-27,$-186,$-216,$-73,$23,$-49,$1,$1,$-10,$242,$184,$2,$1,$-10
