,Date,Stock Price,Book Value per Share,Price to Book Ratio,TTM Sales per Share,Price to Sales Ratio,TTM FCF per Share,Price to FCF Ratio,TTM Net EPS,PE Ratio,Current Assets,Current Liabilities,Current Ratio,Long Term Debt,Shareholder's Equity_x,Debt to Equity Ratio,TTM Revenue_x,TTM Gross Profit,Gross Margin,TTM Revenue_y,TTM Operating Income,Operating Margin,TTM Revenue_x,TTM EBIT,EBIT Margin,TTM Revenue_y,TTM EBITDA,EBITDA Margin,TTM Revenue_x,TTM Pre-Tax Income,Pre-Tax Margin,TTM Revenue_y,TTM Net Income_x,Net Margin,TTM Net Income_y,Shareholder's Equity_y,Return on Equity,TTM Net Income_x,Tangible Equity,Return on Tangible Equity,TTM Net Income_y,Total Assets,Return on Assets,TTM Net Income,LT Investments & Debt,Return on Investment,revenue,cost-goods-sold,gross-profit,research-development-expenses,selling-general-administrative-expenses,operating-expenses,operating-income,total-non-operating-income-expense,pre-tax-income,total-provision-income-taxes,income-after-taxes,income-from-continuous-operations,net-income,ebitda,ebit,basic-shares-outstanding,shares-outstanding,eps-basic-net-earnings-per-share,eps-earnings-per-share-diluted,cash-on-hand,inventory,other-current-assets,total-current-assets,net-property-plant-equipment,long-term-investments,goodwill-intangible-assets-total,other-long-term-assets,total-long-term-assets,total-assets,total-current-liabilities,long-term-debt,other-non-current-liabilities,total-long-term-liabilities,total-liabilities,common-stock-net,retained-earnings-accumulated-deficit,comprehensive-income,total-share-holder-equity,total-liabilities-share-holders-equity,net-income-loss,total-depreciation-amortization-cash-flow,other-non-cash-items,total-non-cash-items,change-in-accounts-receivable,change-in-inventories,change-in-accounts-payable,change-in-assets-liabilities,total-change-in-assets-liabilities,cash-flow-from-operating-activities,net-change-in-property-plant-equipment,net-change-in-intangible-assets,net-acquisitions-divestitures,net-change-in-short-term-investments,net-change-in-long-term-investments,net-change-in-investments-total,investing-activities-other,cash-flow-from-investing-activities,net-long-term-debt,net-current-debt,debt-issuance-retirement-net-total,net-common-equity-issued-repurchased,net-total-equity-issued-repurchased,total-common-preferred-stock-dividends-paid,financial-activities-other,cash-flow-from-financial-activities,net-cash-flow,stock-based-compensation,common-stock-dividends-paid
0,2018-09-30,147.32,$44.94,3.28,$46.45,3.17,$3.77,39.12,$3.76,39.18,$0.47B,$0.11B,4.39,$0.24B,$0.83B,0.29,$0.87B,$0.31B,35.57%,$0.87B,$0.11B,12.24%,$0.87B,$0.11B,12.24%,$0.87B,$0.15B,17.67%,$0.87B,$0.11B,12.24%,$0.87B,$0.07B,8.08%,$0.07B,$0.83B,8.76%,$0.07B,$0.38B,17.86%,$0.07B,$1.27B,5.97%,$0.11B,$1.07B,11.03%,$227,$148,$79,$8,$40,$197,$30,$-1,$29,$9,$20,$20,$20,$43,$30,$18,19,$1.07,$1.06,$150,$126,$33,$472,$242,$18,$448,$22,$797,$1269,$108,$238,$86,$335,$443,$18,$752,$-74,$826,$1269,$63,$35,$9,$44,$-14,$-12,$0,$-47,$-77,$33,$-79,$0,$-79,$0,$0,$0,$0,$-158,$101,$0,$101,$-1,$-1,$0,$-6,$94,$-32,$9,$0
1,2018-06-30,111.46,$43.79,2.55,$45.43,2.45,$11.06,10.08,$4.07,27.39,$0.49B,$0.10B,4.92,$0.14B,$0.81B,0.17,$0.85B,$0.31B,36.76%,$0.85B,$0.12B,13.59%,$0.85B,$0.12B,13.59%,$0.85B,$0.16B,18.91%,$0.85B,$0.12B,13.95%,$0.85B,$0.08B,8.98%,$0.08B,$0.81B,9.74%,$0.08B,$0.42B,19.71%,$0.08B,$1.15B,6.75%,$0.12B,$0.94B,12.54%,$215,$138,$77,$9,$43,$189,$25,$0,$26,$8,$17,$17,$17,$36,$25,$18,19,$0.94,$0.93,$175,$118,$36,$485,$184,$19,$386,$6,$663,$1148,$99,$136,$86,$245,$343,$18,$732,$-72,$805,$1148,$43,$22,$8,$30,$-9,$-6,$0,$-24,$-54,$23,$-19,$0,$0,$0,$0,$0,$0,$-19,$-0,$0,$-0,$-8,$-8,$0,$0,$-8,$-6,$6,$0
2,2018-03-31,119.54,$43.51,2.75,$44.79,2.67,$13.91,8.6,$4.27,28.0,$0.48B,$0.10B,4.76,$0.14B,$0.80B,0.17,$0.83B,$0.32B,37.86%,$0.83B,$0.12B,14.66%,$0.83B,$0.12B,14.66%,$0.83B,$0.17B,20.07%,$0.83B,$0.12B,14.90%,$0.83B,$0.08B,9.62%,$0.08B,$0.80B,10.54%,$0.08B,$0.40B,22.18%,$0.08B,$1.15B,7.19%,$0.12B,$0.94B,13.40%,$215,$138,$77,$8,$41,$184,$31,$-0,$31,$5,$26,$26,$26,$42,$31,$18,19,$1.43,$1.40,$173,$108,$37,$476,$182,$18,$396,$6,$670,$1146,$100,$137,$89,$247,$347,$18,$715,$-57,$799,$1146,$26,$11,$4,$16,$-8,$6,$0,$-24,$-39,$9,$-9,$0,$0,$0,$0,$0,$0,$-9,$-0,$0,$-0,$-8,$-8,$0,$0,$-9,$-8,$3,$0
3,2017-12-31,161.92,$41.99,3.86,$44.35,3.65,$14.99,10.8,$4.34,37.31,$0.46B,$0.11B,3.99,$0.14B,$0.77B,0.18,$0.82B,$0.32B,38.73%,$0.82B,$0.13B,15.83%,$0.82B,$0.13B,15.83%,$0.82B,$0.18B,21.32%,$0.82B,$0.13B,16.20%,$0.82B,$0.08B,9.87%,$0.08B,$0.77B,11.11%,$0.08B,$0.37B,24.53%,$0.08B,$1.13B,7.35%,$0.13B,$0.90B,14.32%,$209,$134,$75,$8,$46,$189,$20,$0,$20,$13,$7,$7,$7,$32,$20,$18,19,$0.38,$0.37,$181,$113,$11,$455,$180,$18,$397,$6,$671,$1125,$114,$137,$88,$245,$359,$18,$685,$-65,$767,$1125,$80,$44,$28,$72,$-14,$-14,$0,$-3,$-19,$139,$-27,$0,$-60,$0,$0,$8,$1,$-78,$-111,$0,$-111,$-1,$-1,$0,$-1,$-113,$-47,$12,$0
4,2017-09-30,133.28,$41.23,3.23,$42.57,3.13,$14.39,9.26,$4.62,28.85,$0.43B,$0.11B,3.74,$0.14B,$0.75B,0.18,$0.79B,$0.31B,39.49%,$0.79B,$0.13B,16.31%,$0.79B,$0.13B,16.31%,$0.79B,$0.17B,21.78%,$0.79B,$0.13B,16.56%,$0.79B,$0.09B,10.96%,$0.09B,$0.75B,12.36%,$0.09B,$0.35B,27.67%,$0.09B,$1.08B,7.93%,$0.13B,$0.89B,14.20%,$207,$125,$82,$7,$39,$168,$39,$2,$41,$15,$26,$26,$26,$50,$39,$18,19,$1.40,$1.37,$151,$114,$11,$426,$175,$19,$399,$5,$656,$1082,$114,$136,$58,$217,$331,$18,$678,$-69,$751,$1082,$73,$33,$12,$44,$-13,$-17,$0,$-3,$-19,$100,$-10,$0,$-60,$0,$0,$0,$1,$-69,$-110,$0,$-110,$3,$3,$0,$-6,$-114,$-77,$9,$0
5,2017-06-30,108.62,$39.55,2.75,$40.54,2.68,$13.89,7.82,$4.13,26.3,$0.44B,$0.11B,4.12,$0.20B,$0.72B,0.27,$0.74B,$0.29B,39.03%,$0.74B,$0.11B,15.07%,$0.74B,$0.11B,15.07%,$0.74B,$0.15B,20.59%,$0.74B,$0.11B,15.21%,$0.74B,$0.08B,10.23%,$0.08B,$0.72B,11.42%,$0.08B,$0.32B,23.84%,$0.08B,$1.10B,7.33%,$0.11B,$0.92B,13.09%,$201,$121,$81,$7,$40,$169,$32,$-1,$32,$11,$21,$21,$21,$43,$32,$18,19,$1.15,$1.13,$177,$103,$13,$441,$173,$18,$399,$6,$658,$1099,$107,$196,$57,$274,$381,$18,$652,$-75,$718,$1099,$48,$22,$9,$30,$-13,$-6,$0,$-3,$-15,$64,$-8,$0,$-60,$0,$0,$1,$0,$-67,$-50,$0,$-50,$-0,$-0,$0,$-1,$-52,$-50,$5,$0
6,2017-03-31,85.87,$37.48,2.29,$38.30,2.24,$13.11,6.55,$3.29,26.1,$0.44B,$0.10B,4.53,$0.25B,$0.68B,0.36,$0.70B,$0.27B,38.48%,$0.70B,$0.10B,14.16%,$0.70B,$0.10B,14.16%,$0.70B,$0.14B,19.74%,$0.70B,$0.10B,14.31%,$0.70B,$0.06B,8.58%,$0.06B,$0.68B,9.38%,$0.06B,$0.28B,18.15%,$0.06B,$1.10B,5.97%,$0.10B,$0.93B,12.01%,$204,$123,$80,$7,$35,$165,$39,$1,$40,$13,$27,$27,$27,$50,$39,$18,18,$1.50,$1.47,$186,$95,$14,$440,$176,$17,$398,$6,$661,$1101,$97,$246,$57,$325,$422,$18,$631,$-88,$679,$1101,$27,$11,$4,$15,$-12,$-1,$0,$-4,$-19,$23,$-4,$0,$-60,$0,$0,$0,$0,$-63,$-0,$0,$-0,$-1,$-1,$0,$-1,$-3,$-42,$1,$0
7,2016-12-31,76.81,$35.28,2.18,$36.03,2.13,$13.22,5.81,$2.64,29.09,$0.46B,$0.10B,4.53,$0.24B,$0.64B,0.38,$0.66B,$0.25B,38.11%,$0.66B,$0.08B,12.80%,$0.66B,$0.08B,12.80%,$0.66B,$0.12B,18.45%,$0.66B,$0.08B,12.65%,$0.66B,$0.05B,7.32%,$0.05B,$0.64B,7.71%,$0.05B,$0.29B,13.72%,$0.05B,$1.06B,4.95%,$0.08B,$0.88B,10.63%,$173,$106,$67,$8,$41,$155,$18,$-1,$17,$5,$12,$12,$12,$28,$18,$18,18,$0.66,$0.66,$228,$91,$10,$458,$177,$16,$345,$4,$598,$1057,$101,$241,$56,$320,$421,$18,$591,$-92,$636,$1057,$48,$38,$19,$57,$-13,$10,$0,$-2,$16,$117,$-18,$0,$-134,$0,$0,$0,$0,$-152,$62,$0,$62,$-4,$-4,$0,$0,$58,$23,$11,$0
8,2016-09-30,61.08,$35.04,1.74,$34.72,1.76,$10.43,5.86,$2.36,25.88,$0.39B,$0.09B,4.17,$0.08B,$0.63B,0.12,$0.64B,$0.24B,37.11%,$0.64B,$0.08B,12.26%,$0.64B,$0.08B,12.26%,$0.64B,$0.11B,17.92%,$0.64B,$0.07B,11.16%,$0.64B,$0.04B,6.76%,$0.04B,$0.63B,7.05%,$0.04B,$0.38B,11.93%,$0.04B,$0.89B,4.58%,$0.08B,$0.71B,10.23%,$165,$103,$62,$7,$31,$142,$23,$1,$24,$8,$16,$16,$16,$32,$23,$18,18,$0.89,$0.88,$174,$86,$9,$393,$173,$18,$246,$3,$498,$891,$94,$76,$62,$167,$261,$18,$579,$-82,$630,$891,$36,$28,$17,$44,$-9,$7,$0,$-2,$10,$94,$-15,$0,$0,$0,$0,$0,$0,$-15,$-103,$0,$-103,$-6,$-6,$0,$0,$-109,$-31,$9,$0
9,2016-06-30,61.1,$34.02,1.8,$34.23,1.79,$7.35,8.31,$2.15,28.42,$0.47B,$0.09B,5.29,$0.18B,$0.61B,0.29,$0.63B,$0.23B,37.08%,$0.63B,$0.08B,12.36%,$0.63B,$0.08B,12.36%,$0.63B,$0.11B,18.07%,$0.63B,$0.07B,10.94%,$0.63B,$0.04B,6.34%,$0.04B,$0.61B,6.71%,$0.04B,$0.37B,11.60%,$0.04B,$0.97B,4.20%,$0.08B,$0.79B,10.06%,$157,$97,$60,$7,$34,$139,$19,$-0,$19,$13,$5,$5,$5,$28,$19,$18,18,$0.30,$0.29,$247,$88,$11,$468,$175,$17,$247,$3,$502,$970,$89,$177,$61,$268,$357,$18,$563,$-83,$613,$970,$20,$18,$14,$32,$-9,$1,$0,$-4,$1,$51,$-10,$0,$0,$0,$0,$0,$0,$-10,$-2,$0,$-2,$-3,$-3,$0,$0,$-4,$43,$6,$0
10,2016-03-31,59.87,$33.91,1.77,$34.16,1.75,$5.51,10.86,$2.57,23.3,$0.45B,$0.08B,5.35,$0.18B,$0.61B,0.29,$0.64B,$0.24B,36.89%,$0.64B,$0.08B,12.56%,$0.64B,$0.08B,12.56%,$0.64B,$0.12B,18.05%,$0.64B,$0.07B,10.83%,$0.64B,$0.05B,7.69%,$0.05B,$0.61B,8.27%,$0.05B,$0.36B,14.48%,$0.05B,$0.96B,5.15%,$0.08B,$0.79B,10.34%,$161,$100,$61,$7,$30,$136,$24,$-1,$23,$8,$15,$15,$15,$33,$24,$18,18,$0.83,$0.82,$229,$91,$10,$450,$177,$17,$252,$3,$512,$962,$84,$178,$65,$268,$352,$18,$558,$-77,$610,$962,$15,$9,$2,$11,$-7,$-1,$0,$-2,$-2,$26,$-5,$0,$0,$0,$0,$0,$0,$-5,$-1,$0,$-1,$-2,$-2,$0,$0,$-3,$25,$2,$0
11,2015-12-31,51.57,$32.55,1.58,$34.05,1.51,$4.57,11.27,$2.47,20.88,$0.43B,$0.08B,5.45,$0.18B,$0.59B,0.31,$0.64B,$0.24B,36.82%,$0.64B,$0.08B,11.86%,$0.64B,$0.08B,11.86%,$0.64B,$0.11B,17.16%,$0.64B,$0.07B,10.30%,$0.64B,$0.05B,7.49%,$0.05B,$0.59B,8.23%,$0.05B,$0.33B,14.63%,$0.05B,$0.93B,5.02%,$0.08B,$0.76B,10.06%,$153,$100,$53,$7,$33,$141,$12,$-7,$5,$-2,$7,$7,$7,$21,$12,$18,19,$0.37,$0.38,$205,$92,$8,$429,$179,$15,$250,$4,$502,$930,$79,$179,$66,$267,$346,$18,$543,$-88,$585,$930,$46,$34,$20,$54,$9,$-11,$0,$-11,$-30,$74,$-25,$0,$-157,$0,$0,$0,$2,$-180,$118,$0,$118,$-35,$-35,$0,$-0,$83,$-33,$10,$0
12,2015-09-30,53.18,$32.20,1.65,$33.77,1.57,$4.97,10.7,$2.47,21.53,$0.42B,$0.09B,4.81,$0.18B,$0.58B,0.32,$0.64B,$0.24B,38.05%,$0.64B,$0.08B,12.42%,$0.64B,$0.08B,12.42%,$0.64B,$0.11B,17.45%,$0.64B,$0.08B,12.11%,$0.64B,$0.05B,7.70%,$0.05B,$0.58B,8.39%,$0.05B,$0.32B,13.72%,$0.05B,$0.94B,5.24%,$0.08B,$0.76B,10.99%,$160,$101,$60,$7,$29,$137,$23,$-1,$22,$10,$13,$13,$13,$32,$23,$18,19,$0.68,$0.67,$193,$86,$17,$424,$180,$18,$255,$6,$519,$944,$88,$182,$74,$280,$368,$18,$531,$-86,$576,$944,$40,$25,$9,$34,$2,$-12,$0,$-7,$-29,$46,$-22,$0,$-158,$0,$0,$0,$3,$-177,$119,$0,$119,$-28,$-28,$0,$-0,$91,$-45,$8,$0
13,2015-06-30,66.14,$32.17,2.06,$33.87,1.95,$5.75,11.5,$2.89,22.89,$0.44B,$0.09B,5.03,$0.18B,$0.60B,0.31,$0.64B,$0.25B,38.65%,$0.64B,$0.08B,13.15%,$0.64B,$0.08B,13.15%,$0.64B,$0.11B,17.84%,$0.64B,$0.08B,13.15%,$0.64B,$0.06B,8.76%,$0.06B,$0.60B,9.50%,$0.06B,$0.34B,14.34%,$0.06B,$0.97B,6.15%,$0.08B,$0.78B,12.18%,$163,$102,$61,$7,$33,$143,$21,$-1,$19,$6,$14,$14,$14,$29,$21,$19,19,$0.73,$0.71,$210,$87,$11,$441,$182,$17,$259,$6,$527,$968,$88,$183,$74,$280,$368,$19,$519,$-84,$600,$968,$27,$17,$4,$21,$2,$-11,$0,$-10,$-28,$22,$-14,$0,$-156,$0,$0,$0,$0,$-170,$120,$0,$120,$5,$5,$0,$0,$124,$-28,$5,$0
14,2015-03-31,82.21,$30.80,2.67,$33.53,2.45,$6.37,12.91,$2.76,29.79,$0.44B,$0.14B,3.14,$0.14B,$0.57B,0.25,$0.63B,$0.24B,38.63%,$0.63B,$0.08B,12.56%,$0.63B,$0.08B,12.56%,$0.63B,$0.11B,17.17%,$0.63B,$0.08B,12.88%,$0.63B,$0.05B,8.43%,$0.05B,$0.57B,9.01%,$0.05B,$0.32B,12.74%,$0.05B,$0.99B,6.03%,$0.08B,$0.72B,12.02%,$165,$103,$62,$6,$36,$145,$20,$-0,$20,$6,$14,$14,$14,$28,$20,$18,19,$0.74,$0.72,$200,$82,$11,$435,$180,$17,$257,$9,$550,$985,$139,$143,$73,$273,$412,$19,$505,$-93,$573,$985,$14,$8,$3,$11,$-6,$-7,$0,$-4,$-12,$13,$-8,$0,$-156,$0,$0,$0,$0,$-164,$120,$0,$120,$3,$3,$0,$0,$123,$-38,$2,$0
15,2014-12-31,81.44,$31.91,2.55,$32.72,2.49,$6.97,11.68,$2.83,28.78,$0.44B,$0.12B,3.64,$0.03B,$0.59B,0.05,$0.61B,$0.24B,38.46%,$0.61B,$0.08B,13.09%,$0.61B,$0.08B,13.09%,$0.61B,$0.11B,17.68%,$0.61B,$0.08B,13.26%,$0.61B,$0.05B,8.84%,$0.05B,$0.59B,9.14%,$0.05B,$0.45B,12.18%,$0.05B,$0.84B,6.42%,$0.08B,$0.62B,12.51%,$148,$89,$59,$6,$33,$133,$15,$1,$16,$8,$8,$8,$8,$22,$15,$18,19,$0.41,$0.40,$237,$77,$7,$438,$150,$17,$137,$8,$402,$840,$120,$31,$69,$133,$253,$18,$497,$-65,$587,$840,$53,$26,$16,$42,$-10,$-6,$0,$-12,$-11,$85,$-29,$0,$0,$0,$0,$0,$0,$-29,$-18,$0,$-18,$20,$20,$0,$0,$2,$45,$8,$0
16,2014-09-30,54.76,$32.65,1.68,$32.49,1.69,$7.39,7.41,$3.10,17.66,$0.44B,$0.12B,3.61,$0.04B,$0.60B,0.07,$0.60B,$0.23B,38.06%,$0.60B,$0.08B,12.85%,$0.60B,$0.08B,12.85%,$0.60B,$0.11B,17.53%,$0.60B,$0.08B,12.85%,$0.60B,$0.06B,9.68%,$0.06B,$0.60B,9.95%,$0.06B,$0.45B,13.48%,$0.06B,$0.85B,6.96%,$0.08B,$0.64B,12.02%,$163,$99,$65,$6,$30,$135,$28,$0,$29,$8,$20,$20,$20,$35,$28,$18,19,$1.12,$1.09,$228,$65,$8,$438,$147,$21,$143,$7,$413,$851,$121,$44,$74,$133,$254,$18,$484,$-36,$597,$851,$46,$20,$4,$24,$-23,$-0,$0,$-10,$-14,$57,$-19,$0,$0,$0,$0,$0,$0,$-19,$-13,$0,$-13,$15,$15,$0,$0,$2,$36,$6,$0
17,2014-06-30,66.35,$32.77,2.02,$31.78,2.09,$7.09,9.35,$2.77,23.95,$0.42B,$0.10B,4.28,$0.06B,$0.60B,0.1,$0.58B,$0.21B,36.96%,$0.58B,$0.07B,11.74%,$0.58B,$0.07B,11.74%,$0.58B,$0.10B,16.58%,$0.58B,$0.07B,11.74%,$0.58B,$0.05B,8.98%,$0.05B,$0.60B,9.24%,$0.05B,$0.44B,12.80%,$0.05B,$0.84B,6.35%,$0.07B,$0.65B,10.85%,$153,$96,$57,$6,$34,$137,$16,$0,$16,$6,$11,$11,$11,$23,$16,$18,19,$0.60,$0.58,$219,$63,$10,$419,$147,$20,$155,$7,$423,$842,$98,$57,$73,$146,$244,$18,$464,$-13,$597,$842,$25,$13,$7,$20,$-16,$3,$0,$-10,$-17,$30,$-10,$0,$0,$0,$0,$0,$0,$-10,$-8,$0,$-8,$13,$13,$0,$0,$5,$27,$5,$0
18,2014-03-31,62.42,$32.11,1.94,$31.09,2.01,$7.20,8.67,$2.51,24.87,$0.41B,$0.09B,4.35,$0.06B,$0.58B,0.11,$0.56B,$0.20B,36.02%,$0.56B,$0.06B,10.75%,$0.56B,$0.06B,10.75%,$0.56B,$0.09B,15.77%,$0.56B,$0.06B,10.75%,$0.56B,$0.05B,8.42%,$0.05B,$0.58B,8.86%,$0.05B,$0.43B,12.53%,$0.05B,$0.83B,5.89%,$0.06B,$0.64B,10.00%,$147,$93,$54,$5,$28,$125,$21,$-1,$20,$6,$15,$15,$15,$28,$21,$18,19,$0.81,$0.79,$216,$64,$9,$408,$144,$19,$156,$8,$425,$832,$94,$62,$73,$157,$250,$18,$453,$-12,$582,$832,$15,$6,$2,$8,$-8,$3,$0,$-2,$-4,$18,$-2,$0,$0,$0,$0,$0,$0,$-2,$-4,$0,$-4,$10,$10,$0,$0,$6,$25,$2,$0
19,2013-12-31,61.5,$31.11,1.98,$30.32,2.03,$7.05,8.72,$2.12,29.01,$0.38B,$0.09B,4.2,$0.07B,$0.56B,0.12,$0.54B,$0.19B,35.01%,$0.54B,$0.05B,9.31%,$0.54B,$0.05B,9.31%,$0.54B,$0.08B,14.34%,$0.54B,$0.05B,9.31%,$0.54B,$0.04B,7.26%,$0.04B,$0.56B,7.89%,$0.04B,$0.40B,11.49%,$0.04B,$0.81B,5.01%,$0.05B,$0.62B,8.80%,$136,$85,$52,$5,$30,$124,$12,$0,$12,$0,$12,$12,$12,$19,$12,$17,18,$0.69,$0.68,$192,$67,$7,$378,$147,$19,$158,$8,$429,$807,$90,$67,$72,$161,$251,$18,$439,$-11,$556,$807,$38,$26,$18,$44,$-3,$6,$0,$-8,$5,$78,$-17,$0,$0,$0,$0,$0,$-0,$-17,$-21,$0,$-21,$32,$32,$0,$0,$11,$77,$5,$0
20,2013-09-30,59.48,$29.06,2.05,$29.96,1.99,$4.73,12.56,$1.77,33.6,$0.36B,$0.09B,4.13,$0.07B,$0.52B,0.14,$0.53B,$0.18B,34.10%,$0.53B,$0.05B,8.57%,$0.53B,$0.05B,8.57%,$0.53B,$0.07B,13.52%,$0.53B,$0.05B,8.57%,$0.53B,$0.03B,6.10%,$0.03B,$0.52B,6.90%,$0.03B,$0.36B,10.36%,$0.03B,$0.79B,4.17%,$0.05B,$0.59B,8.29%,$143,$92,$51,$5,$26,$124,$19,$1,$20,$6,$14,$14,$14,$26,$19,$17,18,$0.79,$0.76,$159,$66,$8,$357,$148,$26,$157,$8,$436,$793,$86,$72,$75,$192,$278,$18,$427,$-33,$515,$793,$26,$20,$6,$25,$-14,$8,$0,$-8,$-8,$45,$-13,$0,$0,$0,$0,$0,$0,$-13,$-17,$0,$-17,$26,$26,$0,$0,$8,$44,$4,$0
21,2013-06-30,47.32,$27.28,1.73,$29.55,1.6,$3.02,15.65,$4.47,10.59,$0.33B,$0.09B,3.74,$0.08B,$0.47B,0.16,$0.51B,$0.17B,33.46%,$0.51B,$0.04B,7.05%,$0.51B,$0.04B,7.05%,$0.51B,$0.06B,12.13%,$0.51B,$0.04B,7.05%,$0.51B,$0.08B,15.07%,$0.08B,$0.47B,17.53%,$0.08B,$0.32B,27.04%,$0.08B,$0.76B,10.30%,$0.04B,$0.55B,6.87%,$132,$88,$44,$6,$26,$124,$8,$-0,$8,$2,$6,$6,$6,$15,$8,$17,18,$0.33,$0.32,$137,$67,$7,$326,$149,$24,$153,$8,$432,$759,$87,$77,$74,$201,$288,$17,$413,$-44,$470,$759,$13,$13,$3,$16,$-7,$6,$0,$0,$1,$31,$-10,$0,$0,$0,$0,$0,$0,$-10,$-6,$0,$-6,$7,$7,$0,$0,$2,$22,$2,$0
22,2013-03-31,47.62,$25.56,1.86,$29.45,1.62,$1.61,29.5,$4.53,10.51,$0.31B,$0.09B,3.54,$0.08B,$0.44B,0.18,$0.50B,$0.16B,32.54%,$0.50B,$0.04B,7.34%,$0.50B,$0.04B,7.34%,$0.50B,$0.06B,12.50%,$0.50B,$0.04B,7.54%,$0.50B,$0.08B,15.28%,$0.08B,$0.44B,18.87%,$0.08B,$0.28B,30.40%,$0.08B,$0.75B,10.65%,$0.04B,$0.52B,7.42%,$126,$85,$41,$5,$25,$115,$11,$-1,$10,$3,$7,$7,$7,$17,$11,$17,18,$0.42,$0.40,$126,$70,$8,$310,$150,$23,$152,$8,$444,$754,$88,$80,$74,$231,$318,$17,$408,$-66,$436,$754,$7,$7,$3,$10,$1,$3,$0,$-4,$2,$20,$-8,$0,$0,$0,$0,$0,$0,$-8,$-3,$0,$-3,$3,$3,$0,$0,$0,$12,$1,$0
23,2012-12-31,49.66,$25.68,1.93,$29.73,1.67,$0.53,92.87,$4.02,12.35,$0.31B,$0.09B,3.63,$0.08B,$0.43B,0.19,$0.50B,$0.16B,31.93%,$0.50B,$0.03B,5.02%,$0.50B,$0.03B,5.02%,$0.50B,$0.05B,10.44%,$0.50B,$0.02B,4.82%,$0.50B,$0.07B,13.65%,$0.07B,$0.43B,17.65%,$0.07B,$0.28B,29.79%,$0.07B,$0.76B,9.68%,$0.03B,$0.52B,5.19%,$124,$81,$43,$5,$27,$117,$7,$-0,$7,$1,$5,$5,$5,$13,$7,$16,17,$0.31,$0.31,$116,$73,$9,$307,$149,$26,$158,$8,$453,$760,$85,$84,$73,$241,$326,$17,$401,$-58,$434,$760,$69,$27,$-49,$-22,$-3,$6,$0,$-11,$-12,$40,$-21,$0,$-3,$0,$25,$25,$0,$1,$-26,$0,$-26,$17,$17,$0,$0,$-8,$35,$5,$0
24,2012-09-30,42.36,$25.16,1.68,$29.68,1.43,$-0.41,0.0,$3.80,11.15,$0.29B,$0.09B,3.31,$0.10B,$0.42B,0.23,$0.50B,$0.15B,30.85%,$0.50B,$0.02B,4.84%,$0.50B,$0.02B,4.84%,$0.50B,$0.05B,10.28%,$0.50B,$0.02B,4.64%,$0.50B,$0.06B,12.90%,$0.06B,$0.42B,17.72%,$0.06B,$0.26B,31.33%,$0.06B,$0.72B,9.38%,$0.02B,$0.51B,5.14%,$129,$86,$43,$5,$26,$119,$10,$1,$11,$-48,$59,$59,$59,$17,$10,$16,17,$3.58,$3.46,$92,$70,$9,$290,$147,$26,$156,$8,$426,$716,$88,$96,$50,$212,$299,$17,$396,$-59,$417,$716,$64,$21,$-48,$-27,$-11,$8,$0,$-12,$-22,$16,$-14,$0,$0,$25,$0,$25,$-3,$8,$-17,$0,$-17,$8,$8,$0,$0,$-10,$11,$4,$0
25,2012-06-30,39.61,$21.06,1.88,$30.80,1.29,$-1.02,0.0,$1.19,33.29,$0.28B,$0.10B,2.99,$0.10B,$0.35B,0.29,$0.51B,$0.16B,31.32%,$0.51B,$0.03B,6.23%,$0.51B,$0.03B,6.23%,$0.51B,$0.06B,11.48%,$0.51B,$0.03B,5.84%,$0.51B,$0.02B,3.70%,$0.02B,$0.35B,5.39%,$0.02B,$0.19B,9.88%,$0.02B,$0.66B,2.80%,$0.03B,$0.45B,6.85%,$125,$89,$37,$4,$22,$116,$9,$0,$10,$3,$6,$6,$6,$16,$9,$16,17,$0.40,$0.38,$96,$75,$10,$283,$146,$28,$154,$8,$378,$661,$95,$99,$50,$221,$316,$16,$337,$-66,$345,$661,$5,$14,$6,$19,$-4,$3,$0,$-13,$-21,$4,$-9,$0,$0,$25,$0,$25,$-3,$14,$-3,$0,$-3,$3,$3,$0,$0,$0,$16,$3,$0
26,2012-03-31,38.75,$21.22,1.83,$31.97,1.21,$-1.26,0.0,$1.54,25.16,$0.29B,$0.10B,2.94,$0.10B,$0.35B,0.3,$0.53B,$0.17B,32.46%,$0.53B,$0.04B,7.50%,$0.53B,$0.04B,7.50%,$0.53B,$0.07B,12.38%,$0.53B,$0.04B,6.94%,$0.53B,$0.03B,4.69%,$0.03B,$0.35B,6.90%,$0.03B,$0.18B,12.90%,$0.03B,$0.67B,3.62%,$0.04B,$0.45B,8.21%,$120,$84,$36,$5,$24,$121,$-1,$-4,$-4,$-3,$-2,$-2,$-2,$6,$-1,$16,16,$-0.11,$-0.11,$94,$81,$12,$285,$148,$27,$161,$8,$388,$673,$97,$103,$50,$231,$328,$16,$330,$-55,$345,$673,$-2,$7,$5,$12,$0,$-2,$0,$-8,$-13,$-2,$-4,$0,$0,$25,$0,$25,$-3,$18,$-2,$0,$-2,$1,$1,$0,$0,$-1,$14,$1,$0
27,2011-12-31,36.86,$20.85,1.77,$32.79,1.12,$-1.97,0.0,$2.22,16.6,$0.27B,$0.08B,3.37,$0.12B,$0.34B,0.36,$0.55B,$0.18B,32.79%,$0.55B,$0.05B,9.84%,$0.55B,$0.05B,9.84%,$0.55B,$0.08B,14.75%,$0.55B,$0.06B,10.02%,$0.55B,$0.04B,6.56%,$0.04B,$0.34B,9.84%,$0.04B,$0.18B,18.75%,$0.04B,$0.68B,5.17%,$0.05B,$0.46B,10.72%,$122,$84,$37,$5,$26,$116,$6,$0,$6,$2,$4,$4,$1,$12,$6,$16,17,$0.06,$0.06,$80,$78,$9,$266,$148,$55,$159,$8,$412,$678,$79,$123,$50,$261,$339,$16,$332,$-63,$338,$678,$37,$28,$7,$35,$-5,$-21,$0,$-1,$-55,$17,$-14,$0,$-140,$0,$8,$8,$-0,$-146,$116,$0,$116,$12,$12,$0,$0,$128,$-0,$8,$0
28,2011-09-30,39.13,$23.70,1.65,$31.24,1.25,$-0.06,0.0,$2.80,13.98,$0.28B,$0.09B,3.12,$0.13B,$0.38B,0.34,$0.52B,$0.18B,33.98%,$0.52B,$0.06B,10.62%,$0.52B,$0.06B,10.62%,$0.52B,$0.08B,15.44%,$0.52B,$0.06B,11.78%,$0.52B,$0.05B,8.88%,$0.05B,$0.38B,12.64%,$0.05B,$0.21B,20.84%,$0.05B,$0.70B,7.10%,$0.06B,$0.51B,11.67%,$147,$97,$51,$5,$27,$129,$18,$0,$18,$3,$16,$16,$14,$25,$18,$16,17,$0.89,$0.85,$71,$81,$12,$279,$150,$59,$171,$8,$424,$703,$89,$131,$48,$230,$319,$16,$331,$-13,$383,$703,$36,$22,$4,$26,$-19,$-24,$0,$-5,$-61,$-3,$-7,$0,$-140,$8,$0,$8,$0,$-138,$121,$0,$121,$10,$10,$0,$0,$131,$-9,$6,$0
29,2011-06-30,46.2,$23.89,1.93,$28.87,1.6,$1.39,33.32,$2.50,18.48,$0.27B,$0.08B,3.49,$0.14B,$0.38B,0.38,$0.47B,$0.16B,34.32%,$0.47B,$0.05B,10.17%,$0.47B,$0.05B,10.17%,$0.47B,$0.07B,14.83%,$0.47B,$0.06B,11.86%,$0.47B,$0.04B,8.69%,$0.04B,$0.38B,11.75%,$0.04B,$0.20B,17.08%,$0.04B,$0.71B,7.02%,$0.05B,$0.53B,11.33%,$144,$95,$49,$6,$26,$127,$17,$0,$17,$3,$13,$13,$12,$23,$17,$16,17,$0.76,$0.73,$75,$72,$13,$268,$155,$57,$185,$8,$441,$709,$77,$144,$49,$249,$326,$16,$317,$8,$383,$709,$22,$15,$4,$19,$-13,$-12,$0,$-0,$-47,$-6,$-2,$0,$-140,$4,$0,$4,$-138,$-138,$128,$0,$128,$6,$6,$0,$0,$133,$-8,$4,$0
30,2011-03-31,45.06,$22.53,2.0,$26.31,1.71,$2.65,17.04,$2.29,19.68,$0.25B,$0.07B,3.46,$0.15B,$0.36B,0.43,$0.43B,$0.15B,35.29%,$0.43B,$0.04B,9.18%,$0.43B,$0.04B,9.18%,$0.43B,$0.06B,13.88%,$0.43B,$0.05B,11.53%,$0.43B,$0.04B,8.71%,$0.04B,$0.36B,11.25%,$0.04B,$0.18B,14.34%,$0.04B,$0.69B,7.19%,$0.04B,$0.51B,10.62%,$136,$93,$43,$5,$24,$123,$13,$1,$14,$3,$11,$11,$9,$21,$13,$16,17,$0.60,$0.57,$66,$65,$13,$248,$156,$62,$183,$8,$445,$693,$72,$154,$51,$262,$334,$16,$304,$1,$359,$693,$9,$8,$2,$10,$-9,$-6,$0,$-1,$-39,$-20,$2,$0,$-140,$0,$0,$0,$0,$-138,$138,$0,$138,$4,$4,$0,$0,$141,$-14,$1,$0
31,2010-12-31,38.25,$20.87,1.83,$23.36,1.64,$4.45,8.6,$2.15,17.79,$0.22B,$0.07B,3.39,$0.00B,$0.33B,0.0,$0.37B,$0.14B,36.73%,$0.37B,$0.03B,8.58%,$0.37B,$0.03B,8.58%,$0.37B,$0.05B,12.87%,$0.37B,$0.04B,11.80%,$0.37B,$0.04B,9.38%,$0.04B,$0.33B,11.16%,$0.04B,$0.30B,12.50%,$0.04B,$0.49B,7.83%,$0.03B,$0.33B,10.20%,$91,$59,$33,$4,$22,$85,$7,$6,$12,$-2,$15,$15,$11,$11,$7,$16,16,$0.67,$0.66,$80,$48,$13,$222,$119,$64,$36,$5,$263,$485,$65,$0,$48,$89,$154,$16,$295,$-14,$331,$485,$35,$16,$-3,$13,$-16,$-11,$0,$-2,$-8,$46,$-12,$0,$-17,$0,$7,$7,$-0,$-23,$0,$0,$0,$1,$1,$0,$0,$1,$22,$7,$0
32,2010-09-30,31.48,$20.41,1.54,$22.61,1.39,$1.75,17.97,$1.95,16.14,$0.19B,$0.06B,3.48,$0.00B,$0.32B,0.0,$0.36B,$0.13B,36.39%,$0.36B,$0.03B,7.50%,$0.36B,$0.03B,7.50%,$0.36B,$0.04B,11.94%,$0.36B,$0.04B,10.28%,$0.36B,$0.03B,8.61%,$0.03B,$0.32B,10.19%,$0.03B,$0.29B,11.19%,$0.03B,$0.45B,7.25%,$0.03B,$0.32B,8.87%,$101,$64,$37,$5,$21,$90,$11,$2,$13,$4,$9,$9,$9,$15,$11,$16,16,$0.56,$0.55,$53,$47,$12,$194,$119,$72,$33,$4,$255,$449,$56,$0,$39,$71,$126,$16,$284,$-9,$323,$449,$24,$12,$10,$22,$-18,$-10,$0,$-3,$-23,$21,$-7,$0,$-26,$6,$1,$7,$0,$-26,$0,$0,$0,$1,$1,$0,$0,$1,$-4,$6,$0
33,2010-06-30,27.77,$19.13,1.45,$21.43,1.3,$-0.58,0.0,$1.80,15.43,$0.18B,$0.05B,3.36,$0.00B,$0.30B,0.0,$0.34B,$0.12B,35.00%,$0.34B,$0.02B,5.88%,$0.34B,$0.02B,5.88%,$0.34B,$0.04B,10.88%,$0.34B,$0.03B,9.12%,$0.34B,$0.03B,8.24%,$0.03B,$0.30B,9.57%,$0.03B,$0.27B,10.34%,$0.03B,$0.43B,6.77%,$0.02B,$0.30B,6.84%,$97,$59,$37,$6,$24,$89,$8,$3,$10,$2,$8,$8,$8,$12,$8,$16,16,$0.53,$0.52,$45,$45,$12,$178,$116,$71,$32,$4,$252,$430,$53,$0,$40,$75,$128,$16,$276,$-19,$302,$430,$15,$8,$8,$16,$-14,$-9,$0,$0,$-16,$15,$-3,$0,$-26,$3,$1,$4,$0,$-25,$0,$0,$0,$0,$0,$0,$0,$0,$-13,$4,$0
34,2010-03-31,29.01,$18.94,1.53,$19.68,1.47,$-3.00,0.0,$-3.03,0.0,$0.17B,$0.05B,3.27,$0.00B,$0.30B,0.0,$0.31B,$0.10B,31.94%,$0.31B,$-0.01B,-2.90%,$0.31B,$-0.01B,-2.90%,$0.31B,$0.01B,2.90%,$0.31B,$0.00B,1.29%,$0.31B,$-0.05B,-15.48%,$-0.05B,$0.30B,-16.96%,$-0.05B,$0.27B,-17.99%,$-0.05B,$0.42B,-11.95%,$-0.01B,$0.30B,-3.18%,$84,$54,$30,$4,$21,$78,$6,$3,$9,$2,$7,$7,$7,$10,$6,$16,16,$0.43,$0.43,$43,$39,$11,$166,$121,$71,$34,$4,$258,$424,$51,$0,$40,$74,$125,$16,$267,$-12,$299,$424,$7,$4,$9,$13,$-8,$-2,$0,$-1,$-6,$13,$-1,$0,$-26,$1,$0,$1,$-27,$-27,$0,$0,$0,$0,$0,$0,$0,$0,$-15,$3,$0
35,2009-12-31,30.31,$18.61,1.63,$18.59,1.63,$-5.33,0.0,$-4.02,0.0,$0.16B,$0.04B,3.83,$0.00B,$0.29B,0.0,$0.29B,$0.08B,28.52%,$0.29B,$-0.03B,-8.93%,$0.29B,$-0.03B,-8.93%,$0.29B,$-0.01B,-2.75%,$0.29B,$-0.02B,-5.50%,$0.29B,$-0.06B,-21.99%,$-0.06B,$0.29B,-22.15%,$-0.06B,$0.28B,-22.96%,$-0.06B,$0.41B,-15.86%,$-0.03B,$0.29B,-9.00%,$78,$51,$27,$4,$16,$76,$2,$3,$5,$-5,$11,$11,$7,$6,$2,$16,16,$0.46,$0.46,$58,$34,$10,$164,$123,$77,$10,$4,$243,$407,$43,$0,$38,$72,$115,$16,$260,$-8,$293,$407,$-63,$17,$61,$78,$-4,$10,$0,$-2,$-14,$3,$-12,$0,$-7,$0,$7,$7,$-5,$-18,$0,$0,$0,$1,$1,$0,$0,$1,$-12,$5,$0
36,2009-09-30,29.97,$17.51,1.71,$18.57,1.61,$-1.70,0.0,$-4.22,0.0,$0.15B,$0.05B,3.33,$0.00B,$0.28B,0.0,$0.29B,$0.08B,26.71%,$0.29B,$-0.04B,-13.01%,$0.29B,$-0.04B,-13.01%,$0.29B,$-0.02B,-6.51%,$0.29B,$-0.03B,-8.56%,$0.29B,$-0.07B,-22.95%,$-0.07B,$0.28B,-22.35%,$-0.07B,$0.27B,-23.12%,$-0.07B,$0.39B,-15.86%,$-0.04B,$0.28B,-12.68%,$81,$56,$25,$4,$16,$77,$4,$3,$7,$0,$6,$6,$6,$9,$4,$16,16,$0.40,$0.40,$43,$35,$13,$154,$129,$76,$10,$5,$240,$394,$46,$0,$36,$72,$118,$16,$253,$-18,$276,$394,$-70,$14,$62,$75,$-5,$9,$0,$-4,$-19,$-13,$-9,$0,$-7,$5,$0,$5,$-17,$-17,$0,$0,$0,$1,$1,$0,$0,$1,$-28,$4,$0
37,2009-06-30,20.23,$16.85,1.2,$19.55,1.03,$1.92,10.52,$-4.11,0.0,$0.15B,$0.05B,3.17,$0.00B,$0.26B,0.0,$0.31B,$0.08B,27.36%,$0.31B,$-0.04B,-12.05%,$0.31B,$-0.04B,-12.05%,$0.31B,$-0.02B,-6.19%,$0.31B,$-0.02B,-7.49%,$0.31B,$-0.07B,-21.17%,$-0.07B,$0.26B,-20.16%,$-0.07B,$0.25B,-20.78%,$-0.07B,$0.38B,-14.76%,$-0.04B,$0.26B,-11.47%,$67,$50,$17,$4,$19,$89,$-21,$4,$-17,$50,$-68,$-68,$-68,$-16,$-21,$16,16,$-4.31,$-4.31,$38,$38,$12,$145,$131,$71,$10,$5,$237,$382,$46,$0,$35,$72,$118,$16,$247,$-21,$264,$382,$-76,$9,$64,$73,$0,$6,$0,$-5,$-16,$-20,$-6,$0,$-7,$2,$0,$2,$-12,$-12,$0,$0,$0,$0,$0,$0,$0,$0,$-32,$3,$0
38,2009-03-31,18.88,$20.62,0.92,$21.18,0.89,$5.73,3.3,$0.64,29.5,$0.15B,$0.04B,3.86,$0.00B,$0.32B,0.0,$0.33B,$0.10B,29.22%,$0.33B,$-0.01B,-3.01%,$0.33B,$-0.01B,-3.01%,$0.33B,$0.01B,2.41%,$0.33B,$0.00B,0.90%,$0.33B,$0.01B,3.01%,$0.01B,$0.32B,2.89%,$0.01B,$0.31B,2.97%,$0.01B,$0.43B,2.17%,$-0.01B,$0.32B,-2.89%,$65,$52,$14,$5,$17,$77,$-11,$-0,$-11,$-3,$-9,$-9,$-9,$-7,$-11,$16,16,$-0.56,$-0.56,$45,$36,$5,$146,$142,$68,$10,$5,$285,$431,$38,$0,$35,$71,$109,$16,$315,$-27,$323,$431,$-9,$4,$3,$8,$4,$5,$0,$-7,$-21,$-23,$-3,$0,$0,$1,$0,$1,$-2,$-2,$0,$0,$0,$-0,$-0,$0,$0,$-0,$-26,$1,$0
39,2008-12-31,27.77,$21.47,1.29,$23.06,1.2,$8.28,3.35,$1.68,16.53,$0.18B,$0.06B,3.08,$0.00B,$0.34B,0.0,$0.37B,$0.12B,31.51%,$0.37B,$0.01B,2.74%,$0.37B,$0.01B,2.74%,$0.37B,$0.03B,7.67%,$0.37B,$0.03B,6.85%,$0.37B,$0.03B,7.40%,$0.03B,$0.34B,7.64%,$0.03B,$0.33B,7.85%,$0.03B,$0.48B,5.78%,$0.01B,$0.34B,2.83%,$79,$57,$22,$5,$26,$88,$-10,$6,$-4,$-4,$0,$0,$4,$-5,$-10,$16,16,$0.25,$0.24,$71,$42,$6,$184,$145,$74,$10,$5,$299,$483,$60,$0,$36,$87,$147,$16,$323,$-22,$336,$483,$27,$18,$-5,$13,$30,$7,$0,$-5,$25,$69,$-21,$0,$11,$3,$0,$3,$0,$-7,$0,$0,$0,$-27,$-27,$0,$1,$-27,$34,$6,$0
40,2008-09-30,36.98,$23.49,1.57,$23.51,1.57,$7.46,4.96,$1.91,19.36,$0.19B,$0.06B,3.09,$0.00B,$0.37B,0.0,$0.38B,$0.12B,32.45%,$0.38B,$0.02B,6.38%,$0.38B,$0.02B,6.38%,$0.38B,$0.04B,11.44%,$0.38B,$0.04B,10.11%,$0.38B,$0.03B,8.24%,$0.03B,$0.37B,8.60%,$0.03B,$0.36B,8.84%,$0.03B,$0.47B,6.68%,$0.02B,$0.37B,6.66%,$96,$66,$31,$6,$20,$91,$5,$4,$9,$1,$7,$7,$8,$9,$5,$16,16,$0.51,$0.51,$49,$46,$5,$185,$147,$80,$10,$5,$280,$465,$60,$0,$34,$38,$97,$16,$319,$14,$367,$465,$23,$14,$1,$14,$12,$6,$0,$-2,$8,$48,$-14,$0,$0,$-1,$0,$-1,$-0,$-16,$0,$0,$0,$-26,$-26,$0,$0,$-26,$8,$5,$0
41,2008-06-30,37.59,$23.07,1.63,$24.01,1.57,$5.89,6.39,$1.91,19.68,$0.18B,$0.06B,2.92,$0.00B,$0.36B,0.0,$0.39B,$0.12B,31.28%,$0.39B,$0.03B,7.18%,$0.39B,$0.03B,7.18%,$0.39B,$0.05B,12.56%,$0.39B,$0.04B,10.26%,$0.39B,$0.03B,8.21%,$0.03B,$0.36B,8.99%,$0.03B,$0.35B,9.25%,$0.03B,$0.46B,6.95%,$0.03B,$0.36B,7.87%,$92,$62,$30,$6,$18,$86,$6,$3,$9,$3,$7,$7,$7,$11,$6,$16,16,$0.45,$0.44,$43,$48,$5,$180,$149,$82,$10,$5,$284,$463,$62,$0,$35,$43,$104,$16,$312,$19,$359,$463,$15,$9,$-1,$9,$18,$5,$0,$1,$15,$42,$-9,$0,$0,$-1,$0,$-1,$-10,$-10,$0,$0,$0,$-29,$-29,$0,$0,$-29,$5,$4,$0
42,2008-03-31,33.41,$22.64,1.48,$23.99,1.39,$3.94,8.48,$1.21,27.61,$0.17B,$0.07B,2.63,$0.00B,$0.35B,0.0,$0.40B,$0.11B,27.27%,$0.40B,$0.01B,2.78%,$0.40B,$0.01B,2.78%,$0.40B,$0.03B,8.59%,$0.40B,$0.02B,5.56%,$0.40B,$0.02B,5.30%,$0.02B,$0.35B,5.97%,$0.02B,$0.34B,6.15%,$0.02B,$0.46B,4.61%,$0.01B,$0.35B,3.13%,$98,$66,$32,$5,$18,$90,$9,$3,$11,$3,$8,$8,$8,$13,$9,$16,16,$0.48,$0.48,$22,$48,$5,$171,$148,$86,$10,$5,$284,$456,$65,$0,$31,$39,$104,$16,$305,$20,$352,$456,$8,$5,$0,$5,$4,$5,$0,$1,$5,$17,$-3,$0,$0,$-1,$0,$-1,$-4,$-4,$0,$0,$0,$-29,$-29,$0,$0,$-29,$-14,$2,$0
43,2007-12-31,43.37,$22.17,1.96,$24.63,1.76,$2.55,17.0,$1.27,34.15,$0.25B,$0.07B,3.62,$0.00B,$0.36B,0.0,$0.41B,$0.11B,26.88%,$0.41B,$0.01B,2.91%,$0.41B,$0.01B,2.91%,$0.41B,$0.04B,8.72%,$0.41B,$0.02B,5.57%,$0.41B,$0.02B,5.57%,$0.02B,$0.36B,6.54%,$0.02B,$0.35B,6.74%,$0.02B,$0.47B,5.02%,$0.01B,$0.36B,3.41%,$90,$61,$29,$7,$18,$86,$4,$5,$9,$2,$7,$7,$8,$10,$4,$17,17,$0.50,$0.49,$90,$49,$3,$247,$144,$31,$10,$5,$224,$471,$68,$0,$30,$39,$107,$16,$297,$13,$364,$471,$22,$24,$-1,$24,$15,$20,$0,$0,$25,$68,$-31,$0,$0,$15,$-1,$14,$-0,$-17,$0,$0,$0,$-28,$-28,$0,$0,$-28,$23,$5,$0
44,2007-09-30,41.19,$21.27,1.94,$25.08,1.64,$1.11,37.23,$1.51,27.28,$0.23B,$0.06B,3.8,$0.00B,$0.35B,0.0,$0.42B,$0.11B,26.42%,$0.42B,$0.02B,4.25%,$0.42B,$0.02B,4.25%,$0.42B,$0.04B,9.43%,$0.42B,$0.04B,10.14%,$0.42B,$0.03B,6.60%,$0.03B,$0.35B,8.00%,$0.03B,$0.34B,8.25%,$0.03B,$0.45B,6.08%,$0.02B,$0.35B,5.14%,$110,$78,$31,$6,$17,$101,$9,$3,$11,$2,$9,$9,$9,$15,$9,$16,17,$0.54,$0.54,$66,$59,$5,$228,$145,$28,$10,$5,$222,$451,$60,$0,$30,$42,$102,$16,$289,$5,$349,$451,$14,$18,$-3,$15,$14,$12,$0,$-1,$1,$30,$-20,$0,$0,$37,$0,$37,$0,$17,$0,$0,$0,$-27,$-27,$0,$1,$-26,$21,$4,$0
45,2007-06-30,37.0,$20.69,1.79,$25.47,1.45,$1.02,36.18,$1.99,18.59,$0.23B,$0.06B,3.73,$0.00B,$0.34B,0.0,$0.44B,$0.12B,27.29%,$0.44B,$0.03B,5.73%,$0.44B,$0.03B,5.73%,$0.44B,$0.05B,10.55%,$0.44B,$0.05B,11.70%,$0.44B,$0.04B,8.26%,$0.04B,$0.34B,10.33%,$0.04B,$0.33B,10.67%,$0.04B,$0.44B,7.70%,$0.03B,$0.34B,7.17%,$98,$82,$16,$6,$18,$109,$-11,$2,$-9,$-4,$-5,$-5,$-4,$-4,$-11,$17,17,$-0.26,$-0.26,$64,$68,$6,$228,$147,$25,$10,$5,$216,$444,$61,$0,$30,$41,$103,$17,$280,$3,$342,$444,$5,$12,$3,$15,$25,$2,$0,$-2,$1,$20,$-16,$0,$0,$30,$0,$30,$-0,$14,$0,$0,$0,$-21,$-21,$0,$0,$-21,$13,$3,$0
46,2007-03-31,44.35,$21.11,2.1,$25.64,1.73,$1.62,27.3,$2.48,17.88,$0.25B,$0.07B,3.56,$0.00B,$0.35B,0.0,$0.44B,$0.14B,30.93%,$0.44B,$0.05B,11.29%,$0.44B,$0.05B,11.29%,$0.44B,$0.07B,15.35%,$0.44B,$0.07B,14.90%,$0.44B,$0.04B,9.93%,$0.04B,$0.35B,12.80%,$0.04B,$0.34B,13.22%,$0.04B,$0.47B,9.37%,$0.05B,$0.35B,14.55%,$115,$80,$35,$6,$19,$105,$10,$2,$12,$3,$9,$9,$10,$15,$10,$17,17,$0.56,$0.55,$61,$72,$6,$254,$143,$26,$11,$5,$211,$465,$71,$0,$30,$41,$113,$17,$284,$2,$352,$465,$10,$5,$-0,$5,$3,$-1,$0,$-3,$-15,$-1,$-7,$0,$0,$30,$0,$30,$-0,$23,$0,$0,$0,$-13,$-13,$0,$0,$-13,$9,$3,$0
47,2006-12-31,59.15,$21.09,2.8,$25.03,2.36,$2.42,24.44,$2.68,22.07,$0.27B,$0.08B,3.32,$0.00B,$0.36B,0.0,$0.43B,$0.14B,32.02%,$0.43B,$0.05B,12.30%,$0.43B,$0.05B,12.30%,$0.43B,$0.07B,16.47%,$0.43B,$0.07B,16.24%,$0.43B,$0.05B,10.90%,$0.05B,$0.36B,14.11%,$0.05B,$0.35B,14.73%,$0.05B,$0.48B,10.16%,$0.05B,$0.36B,15.92%,$101,$71,$30,$6,$14,$91,$10,$19,$29,$7,$22,$22,$13,$14,$10,$17,17,$0.75,$0.73,$82,$70,$3,$273,$141,$27,$11,$5,$208,$481,$82,$0,$30,$42,$124,$17,$277,$3,$357,$481,$46,$18,$-1,$17,$-22,$-26,$0,$-2,$-29,$34,$-21,$0,$0,$-44,$-0,$-44,$-2,$-67,$0,$0,$0,$19,$19,$0,$5,$24,$-8,$5,$0
