,Date,Stock Price,Book Value per Share,Price to Book Ratio,TTM Sales per Share,Price to Sales Ratio,TTM FCF per Share,Price to FCF Ratio,TTM Net EPS,PE Ratio,Current Assets,Current Liabilities,Current Ratio,Long Term Debt,Shareholder's Equity_x,Debt to Equity Ratio,TTM Revenue_x,TTM Gross Profit,Gross Margin,TTM Revenue_y,TTM Operating Income,Operating Margin,TTM Revenue_x,TTM EBIT,EBIT Margin,TTM Revenue_y,TTM EBITDA,EBITDA Margin,TTM Revenue_x,TTM Pre-Tax Income,Pre-Tax Margin,TTM Revenue_y,TTM Net Income_x,Net Margin,TTM Net Income_y,Shareholder's Equity_y,Return on Equity,TTM Net Income_x,Tangible Equity,Return on Tangible Equity,TTM Net Income_y,Total Assets,Return on Assets,TTM Net Income,LT Investments & Debt,Return on Investment,revenue,cost-goods-sold,gross-profit,research-development-expenses,selling-general-administrative-expenses,operating-expenses,operating-income,total-non-operating-income-expense,pre-tax-income,total-provision-income-taxes,income-after-taxes,income-from-continuous-operations,net-income,ebitda,ebit,basic-shares-outstanding,shares-outstanding,eps-basic-net-earnings-per-share,eps-earnings-per-share-diluted,cash-on-hand,inventory,other-current-assets,total-current-assets,net-property-plant-equipment,long-term-investments,goodwill-intangible-assets-total,other-long-term-assets,total-long-term-assets,total-assets,total-current-liabilities,long-term-debt,other-non-current-liabilities,total-long-term-liabilities,total-liabilities,common-stock-net,retained-earnings-accumulated-deficit,comprehensive-income,total-share-holder-equity,total-liabilities-share-holders-equity,net-income-loss,total-depreciation-amortization-cash-flow,other-non-cash-items,total-non-cash-items,change-in-accounts-receivable,change-in-inventories,change-in-accounts-payable,change-in-assets-liabilities,total-change-in-assets-liabilities,cash-flow-from-operating-activities,net-change-in-property-plant-equipment,net-change-in-intangible-assets,net-acquisitions-divestitures,net-change-in-short-term-investments,net-change-in-long-term-investments,net-change-in-investments-total,investing-activities-other,cash-flow-from-investing-activities,net-long-term-debt,net-current-debt,debt-issuance-retirement-net-total,net-common-equity-issued-repurchased,net-total-equity-issued-repurchased,total-common-preferred-stock-dividends-paid,financial-activities-other,cash-flow-from-financial-activities,net-cash-flow,stock-based-compensation,common-stock-dividends-paid
0,2018-09-30,150.36,$37.32,4.03,$28.37,5.3,$9.86,15.25,$4.40,34.17,$0.52B,$0.09B,5.71,$0.12B,$0.91B,0.14,$0.70B,$0.27B,38.94%,$0.70B,$0.14B,20.55%,$0.70B,$0.14B,20.55%,$0.70B,$0.17B,24.86%,$0.70B,$0.13B,19.25%,$0.70B,$0.11B,15.52%,$0.11B,$0.91B,12.66%,$0.11B,$0.46B,26.87%,$0.11B,$1.18B,9.39%,$0.14B,$1.04B,14.25%,$173,$105,$68,$0,$29,$137,$36,$-2,$34,$4,$30,$30,$30,$44,$36,$24,25,$1.24,$1.22,$60,$324,$0,$517,$197,$0,$448,$17,$662,$1179,$91,$124,$37,$176,$267,$0,$594,$-6,$912,$1179,$58,$16,$12,$28,$-3,$-20,$3,$-8,$-27,$58,$-18,$0,$0,$0,$0,$0,$2,$-16,$-169,$119,$-50,$16,$16,$0,$0,$-34,$6,$8,$0
1,2018-06-30,128.81,$35.77,3.6,$28.14,4.58,$10.35,12.45,$3.79,33.99,$0.49B,$0.09B,5.79,$0.14B,$0.87B,0.17,$0.69B,$0.27B,38.57%,$0.69B,$0.13B,19.21%,$0.69B,$0.13B,19.21%,$0.69B,$0.16B,23.58%,$0.69B,$0.12B,17.90%,$0.69B,$0.09B,13.54%,$0.09B,$0.87B,11.38%,$0.09B,$0.42B,25.53%,$0.09B,$1.15B,8.20%,$0.13B,$1.01B,13.36%,$176,$108,$68,$0,$30,$140,$36,$-3,$33,$6,$27,$27,$27,$44,$36,$24,25,$1.14,$1.12,$56,$311,$0,$491,$192,$0,$450,$16,$657,$1148,$85,$144,$39,$197,$281,$0,$564,$-6,$867,$1148,$27,$8,$7,$15,$0,$-7,$-1,$0,$-8,$34,$-7,$0,$0,$0,$0,$0,$2,$-5,$-169,$139,$-30,$5,$5,$0,$0,$-25,$1,$4,$0
2,2018-03-31,124.2,$34.62,3.59,$27.74,4.48,$10.66,11.65,$3.57,34.79,$0.48B,$0.11B,4.6,$0.15B,$0.84B,0.19,$0.68B,$0.26B,38.37%,$0.68B,$0.13B,18.96%,$0.68B,$0.13B,18.96%,$0.68B,$0.16B,23.26%,$0.68B,$0.12B,17.63%,$0.68B,$0.09B,13.04%,$0.09B,$0.84B,11.16%,$0.09B,$0.38B,26.49%,$0.09B,$1.14B,7.81%,$0.13B,$0.99B,13.08%,$180,$110,$70,$0,$30,$142,$38,$-2,$36,$9,$27,$27,$27,$45,$38,$24,24,$1.11,$1.10,$54,$306,$0,$484,$193,$0,$452,$15,$659,$1143,$105,$154,$37,$203,$308,$0,$537,$-2,$835,$1143,$87,$30,$20,$49,$-6,$-14,$10,$6,$-6,$130,$-28,$0,$0,$0,$0,$0,$0,$-28,$-14,$-84,$-98,$8,$8,$0,$0,$-90,$15,$13,$0
3,2017-12-31,126.4,$32.88,3.84,$27.10,4.66,$9.84,12.84,$3.38,37.4,$0.47B,$0.10B,4.65,$0.18B,$0.80B,0.23,$0.66B,$0.25B,38.47%,$0.66B,$0.12B,18.93%,$0.66B,$0.12B,18.93%,$0.66B,$0.15B,23.51%,$0.66B,$0.12B,17.56%,$0.66B,$0.08B,12.67%,$0.08B,$0.80B,10.93%,$0.08B,$0.34B,27.71%,$0.08B,$1.13B,7.42%,$0.12B,$0.98B,12.72%,$167,$102,$65,$0,$28,$134,$33,$-2,$31,$8,$24,$24,$24,$40,$33,$24,24,$0.99,$0.97,$44,$303,$0,$470,$190,$0,$454,$15,$659,$1129,$101,$180,$39,$229,$331,$0,$510,$-4,$799,$1129,$60,$22,$15,$37,$1,$-12,$9,$0,$-5,$92,$-21,$0,$0,$0,$0,$0,$0,$-21,$-10,$-63,$-73,$5,$5,$0,$0,$-69,$5,$10,$0
4,2017-09-30,125.15,$31.73,3.94,$26.43,4.74,$9.43,13.28,$2.95,42.42,$0.46B,$0.10B,4.68,$0.20B,$0.77B,0.27,$0.64B,$0.24B,37.64%,$0.64B,$0.11B,17.64%,$0.64B,$0.11B,17.64%,$0.64B,$0.14B,22.36%,$0.64B,$0.10B,16.22%,$0.64B,$0.07B,11.34%,$0.07B,$0.77B,9.85%,$0.07B,$0.31B,26.87%,$0.07B,$1.12B,6.48%,$0.11B,$0.97B,11.52%,$164,$102,$62,$0,$28,$139,$25,$-2,$23,$8,$15,$15,$15,$33,$25,$24,24,$0.62,$0.61,$43,$297,$0,$458,$187,$0,$456,$14,$657,$1115,$98,$204,$32,$247,$345,$0,$486,$-5,$769,$1115,$37,$15,$13,$28,$0,$-7,$4,$2,$-1,$64,$-13,$0,$0,$0,$0,$0,$0,$-13,$-6,$-44,$-50,$3,$3,$0,$0,$-47,$4,$7,$0
5,2017-06-30,101.76,$30.99,3.28,$26.16,3.89,$8.53,11.92,$3.11,32.72,$0.46B,$0.10B,4.52,$0.22B,$0.75B,0.3,$0.63B,$0.23B,37.44%,$0.63B,$0.12B,18.72%,$0.63B,$0.12B,18.72%,$0.63B,$0.15B,23.36%,$0.63B,$0.11B,17.12%,$0.63B,$0.08B,12.00%,$0.08B,$0.75B,10.63%,$0.08B,$0.29B,31.41%,$0.08B,$1.12B,6.77%,$0.12B,$0.97B,12.00%,$164,$102,$62,$0,$28,$132,$32,$-3,$29,$8,$22,$22,$22,$39,$32,$24,24,$0.92,$0.90,$45,$292,$0,$459,$186,$0,$463,$13,$662,$1121,$102,$222,$31,$267,$369,$0,$472,$-5,$752,$1121,$22,$7,$5,$13,$-2,$-1,$3,$0,$5,$40,$-6,$0,$0,$0,$0,$0,$0,$-6,$-3,$-30,$-33,$4,$4,$0,$0,$-29,$7,$3,$0
6,2017-03-31,97.09,$30.16,3.22,$25.93,3.74,$7.72,12.58,$2.97,32.69,$0.45B,$0.09B,4.81,$0.26B,$0.72B,0.36,$0.62B,$0.23B,37.18%,$0.62B,$0.11B,18.51%,$0.62B,$0.11B,18.51%,$0.62B,$0.14B,23.21%,$0.62B,$0.11B,17.05%,$0.62B,$0.07B,11.53%,$0.07B,$0.72B,10.46%,$0.07B,$0.25B,33.85%,$0.07B,$1.11B,6.44%,$0.11B,$0.97B,11.68%,$160,$97,$63,$0,$26,$126,$34,$-2,$32,$11,$22,$22,$22,$42,$34,$24,24,$0.91,$0.90,$39,$290,$0,$448,$184,$0,$465,$12,$661,$1109,$93,$256,$31,$299,$392,$0,$449,$-10,$717,$1109,$71,$29,$19,$48,$-7,$-9,$-1,$-5,$-17,$101,$-21,$0,$-1,$0,$0,$0,$0,$-21,$-10,$-85,$-95,$11,$11,$0,$5,$-79,$-0,$12,$0
7,2016-12-31,92.81,$27.81,3.34,$26.09,3.56,$7.00,13.26,$2.88,32.23,$0.44B,$0.09B,4.8,$0.28B,$0.69B,0.41,$0.62B,$0.23B,36.57%,$0.62B,$0.11B,17.96%,$0.62B,$0.11B,17.96%,$0.62B,$0.14B,22.49%,$0.62B,$0.10B,16.34%,$0.62B,$0.07B,11.00%,$0.07B,$0.69B,10.39%,$0.07B,$0.22B,37.11%,$0.07B,$1.10B,6.18%,$0.11B,$0.97B,11.37%,$147,$94,$52,$0,$26,$126,$21,$-2,$19,$6,$13,$13,$13,$28,$21,$24,24,$0.54,$0.54,$39,$287,$0,$437,$181,$0,$467,$12,$660,$1098,$91,$282,$32,$321,$412,$0,$427,$-12,$686,$1098,$49,$22,$11,$33,$4,$-7,$1,$-8,$-7,$75,$-14,$0,$-1,$0,$0,$0,$0,$-15,$-8,$-62,$-69,$7,$7,$0,$5,$-58,$0,$9,$0
8,2016-09-30,76.48,$27.29,2.8,$26.08,2.93,$6.48,11.8,$3.07,24.91,$0.44B,$0.08B,5.27,$0.32B,$0.67B,0.48,$0.62B,$0.23B,37.07%,$0.62B,$0.12B,19.02%,$0.62B,$0.12B,19.02%,$0.62B,$0.15B,23.58%,$0.62B,$0.11B,17.40%,$0.62B,$0.07B,11.71%,$0.07B,$0.67B,11.40%,$0.07B,$0.20B,45.43%,$0.07B,$1.10B,6.54%,$0.12B,$0.98B,11.98%,$154,$97,$57,$0,$25,$124,$30,$-2,$27,$9,$18,$18,$18,$37,$30,$23,24,$0.78,$0.77,$37,$287,$0,$437,$185,$0,$470,$12,$666,$1104,$83,$318,$32,$354,$437,$0,$414,$-8,$666,$1104,$36,$14,$4,$18,$-1,$-6,$-0,$-5,$-16,$39,$-10,$0,$-1,$0,$0,$0,$0,$-10,$-5,$-29,$-34,$1,$1,$0,$3,$-30,$-2,$6,$0
9,2016-06-30,72.5,$26.50,2.74,$25.91,2.8,$6.56,11.06,$2.92,24.83,$0.43B,$0.09B,5.04,$0.33B,$0.65B,0.52,$0.61B,$0.22B,36.56%,$0.61B,$0.11B,18.20%,$0.61B,$0.11B,18.20%,$0.61B,$0.14B,22.79%,$0.61B,$0.10B,16.72%,$0.61B,$0.07B,11.31%,$0.07B,$0.65B,11.33%,$0.07B,$0.17B,51.59%,$0.07B,$1.10B,6.28%,$0.11B,$0.98B,11.41%,$155,$97,$57,$0,$26,$125,$29,$-2,$27,$9,$18,$18,$18,$36,$29,$23,24,$0.77,$0.76,$37,$284,$0,$431,$185,$0,$472,$11,$668,$1099,$86,$333,$32,$368,$454,$0,$396,$-8,$645,$1099,$18,$7,$0,$7,$1,$-4,$-3,$-3,$-6,$19,$-5,$0,$0,$0,$0,$0,$0,$-5,$-3,$-18,$-20,$1,$1,$0,$3,$-16,$-2,$3,$0
10,2016-03-31,73.26,$25.72,2.85,$25.42,2.88,$6.68,10.96,$2.73,26.84,$0.43B,$0.09B,4.86,$0.35B,$0.62B,0.57,$0.60B,$0.22B,36.68%,$0.60B,$0.10B,17.42%,$0.60B,$0.10B,17.42%,$0.60B,$0.13B,21.94%,$0.60B,$0.10B,15.91%,$0.60B,$0.06B,10.72%,$0.06B,$0.62B,10.85%,$0.06B,$0.15B,56.02%,$0.06B,$1.10B,5.82%,$0.10B,$0.97B,10.66%,$162,$102,$60,$0,$26,$131,$31,$-3,$28,$9,$19,$19,$19,$38,$31,$23,24,$0.81,$0.80,$39,$281,$0,$429,$185,$0,$475,$10,$670,$1099,$88,$353,$33,$389,$478,$0,$378,$-7,$621,$1099,$64,$27,$8,$35,$-1,$-25,$-3,$-1,$-15,$83,$-21,$0,$-500,$0,$0,$0,$1,$-520,$410,$-57,$353,$-6,$-6,$0,$3,$350,$-86,$10,$0
11,2015-12-31,64.59,$24.68,2.62,$23.36,2.76,$6.20,10.42,$2.56,25.23,$0.43B,$0.07B,5.9,$0.38B,$0.60B,0.63,$0.55B,$0.20B,37.23%,$0.55B,$0.10B,17.88%,$0.55B,$0.10B,17.88%,$0.55B,$0.12B,22.26%,$0.55B,$0.09B,16.24%,$0.55B,$0.06B,10.95%,$0.06B,$0.60B,10.49%,$0.06B,$0.12B,29.81%,$0.06B,$1.10B,6.10%,$0.10B,$0.97B,11.25%,$144,$91,$54,$0,$24,$117,$27,$-2,$25,$8,$17,$17,$17,$34,$27,$23,23,$0.73,$0.73,$44,$275,$0,$428,$184,$0,$476,$10,$670,$1099,$73,$376,$31,$431,$504,$0,$359,$-10,$595,$1099,$45,$20,$7,$27,$11,$-21,$-3,$3,$-10,$62,$-15,$0,$-500,$0,$0,$0,$0,$-515,$375,$-0,$375,$-6,$-6,$0,$3,$371,$-81,$7,$0
12,2015-09-30,59.73,$24.57,2.43,$21.77,2.74,$6.18,9.66,$2.43,24.58,$0.43B,$0.08B,5.58,$0.39B,$0.58B,0.68,$0.51B,$0.19B,37.65%,$0.51B,$0.09B,18.04%,$0.51B,$0.09B,18.04%,$0.51B,$0.11B,21.96%,$0.51B,$0.08B,16.47%,$0.51B,$0.06B,11.18%,$0.06B,$0.58B,10.25%,$0.06B,$0.10B,19.60%,$0.06B,$1.10B,6.61%,$0.09B,$0.97B,12.05%,$149,$97,$52,$0,$25,$125,$24,$-2,$22,$7,$15,$15,$15,$31,$24,$23,23,$0.63,$0.62,$44,$263,$0,$425,$184,$0,$478,$9,$672,$1096,$76,$394,$29,$445,$521,$0,$342,$-10,$576,$1096,$28,$13,$4,$17,$4,$-9,$-1,$1,$-5,$40,$-10,$0,$-500,$0,$0,$0,$0,$-510,$393,$-0,$393,$-6,$-6,$0,$2,$388,$-81,$5,$0
13,2015-06-30,71.76,$24.19,2.97,$20.25,3.54,$6.31,11.38,$2.38,30.15,$0.44B,$0.08B,5.29,$0.42B,$0.57B,0.74,$0.47B,$0.18B,37.97%,$0.47B,$0.09B,18.14%,$0.47B,$0.09B,18.14%,$0.47B,$0.10B,21.73%,$0.47B,$0.08B,16.88%,$0.47B,$0.06B,11.60%,$0.06B,$0.57B,10.14%,$0.06B,$0.10B,14.37%,$0.06B,$1.11B,7.43%,$0.09B,$0.99B,13.16%,$142,$90,$53,$0,$24,$120,$22,$-2,$20,$7,$13,$13,$13,$28,$22,$23,24,$0.58,$0.57,$62,$256,$0,$439,$185,$0,$472,$10,$667,$1106,$83,$419,$25,$456,$539,$0,$328,$-6,$567,$1106,$13,$6,$2,$8,$-0,$-3,$1,$-2,$1,$22,$-5,$0,$-500,$0,$0,$0,$0,$-505,$418,$0,$418,$-1,$-1,$0,$1,$418,$-64,$2,$0
14,2015-03-31,76.54,$23.05,3.32,$19.04,4.02,$6.59,11.61,$2.50,30.62,$0.43B,$0.04B,10.12,$0.01B,$0.55B,0.01,$0.45B,$0.17B,38.43%,$0.45B,$0.09B,19.78%,$0.45B,$0.09B,19.78%,$0.45B,$0.10B,23.15%,$0.45B,$0.08B,18.88%,$0.45B,$0.06B,13.03%,$0.06B,$0.55B,10.96%,$0.06B,$0.49B,12.26%,$0.06B,$0.63B,9.44%,$0.09B,$0.56B,16.37%,$113,$69,$45,$0,$19,$88,$25,$-3,$22,$7,$15,$15,$15,$29,$25,$23,23,$0.64,$0.63,$125,$206,$0,$425,$142,$0,$55,$10,$207,$632,$42,$8,$23,$41,$83,$0,$314,$-8,$549,$632,$58,$15,$12,$27,$-2,$-14,$-1,$-1,$-14,$72,$-21,$0,$0,$2,$0,$2,$1,$-18,$0,$-1,$-1,$-3,$-3,$-46,$3,$-46,$4,$8,$-46
15,2014-12-31,64.53,$22.81,2.83,$19.08,3.38,$5.23,12.33,$2.64,24.44,$0.41B,$0.05B,9.14,$0.01B,$0.53B,0.02,$0.45B,$0.17B,38.34%,$0.45B,$0.09B,19.73%,$0.45B,$0.09B,19.73%,$0.45B,$0.10B,23.09%,$0.45B,$0.09B,19.51%,$0.45B,$0.06B,13.68%,$0.06B,$0.53B,11.59%,$0.06B,$0.48B,12.99%,$0.06B,$0.62B,9.98%,$0.09B,$0.54B,16.44%,$106,$65,$42,$0,$19,$86,$21,$-0,$20,$6,$14,$14,$14,$24,$21,$23,23,$0.61,$0.60,$119,$205,$0,$413,$139,$0,$56,$9,$204,$617,$45,$8,$21,$39,$84,$0,$299,$-7,$533,$617,$43,$12,$9,$21,$8,$-13,$-1,$-4,$-2,$62,$-16,$0,$0,$2,$0,$2,$1,$-13,$-0,$0,$-0,$-4,$-4,$-46,$3,$-47,$-2,$6,$-46
16,2014-09-30,56.7,$22.28,2.55,$18.85,3.01,$3.82,14.86,$2.59,21.89,$0.40B,$0.05B,8.71,$0.01B,$0.52B,0.02,$0.44B,$0.17B,37.87%,$0.44B,$0.09B,19.73%,$0.44B,$0.09B,19.73%,$0.44B,$0.10B,23.13%,$0.44B,$0.09B,19.50%,$0.44B,$0.06B,13.61%,$0.06B,$0.52B,11.48%,$0.06B,$0.47B,12.90%,$0.06B,$0.61B,9.87%,$0.09B,$0.53B,16.36%,$113,$73,$40,$0,$19,$94,$18,$-0,$18,$5,$13,$13,$13,$22,$18,$23,23,$0.57,$0.57,$109,$199,$0,$404,$139,$0,$56,$8,$203,$607,$46,$8,$21,$40,$86,$0,$285,$-3,$521,$607,$29,$8,$7,$15,$3,$-6,$-1,$-3,$0,$45,$-11,$0,$0,$2,$0,$2,$1,$-8,$-0,$0,$-0,$-2,$-2,$-46,$3,$-45,$-12,$4,$-46
17,2014-06-30,64.05,$21.99,2.91,$18.44,3.47,$2.69,23.77,$2.63,24.35,$0.40B,$0.05B,8.36,$0.01B,$0.51B,0.02,$0.43B,$0.17B,39.07%,$0.43B,$0.09B,21.16%,$0.43B,$0.09B,21.16%,$0.43B,$0.11B,24.42%,$0.43B,$0.09B,20.70%,$0.43B,$0.06B,14.19%,$0.06B,$0.51B,11.80%,$0.06B,$0.46B,13.27%,$0.06B,$0.60B,10.13%,$0.09B,$0.52B,17.28%,$113,$69,$44,$0,$19,$89,$24,$0,$24,$8,$16,$16,$16,$28,$24,$23,23,$0.70,$0.69,$105,$201,$0,$397,$137,$0,$58,$8,$203,$601,$47,$9,$21,$39,$87,$0,$272,$2,$514,$601,$16,$4,$-0,$4,$3,$-3,$-1,$1,$7,$27,$-3,$0,$0,$0,$0,$0,$0,$-3,$-0,$0,$-0,$1,$1,$-46,$2,$-42,$-19,$2,$-46
18,2014-03-31,61.63,$23.20,2.66,$18.04,3.42,$2.19,28.1,$2.59,23.79,$0.42B,$0.04B,9.75,$0.01B,$0.54B,0.02,$0.42B,$0.16B,39.05%,$0.42B,$0.09B,21.19%,$0.42B,$0.09B,21.19%,$0.42B,$0.10B,24.52%,$0.42B,$0.09B,20.71%,$0.42B,$0.06B,14.29%,$0.06B,$0.54B,11.80%,$0.06B,$0.48B,13.21%,$0.06B,$0.62B,10.12%,$0.09B,$0.55B,17.18%,$114,$68,$45,$0,$20,$89,$25,$-0,$25,$7,$18,$18,$18,$29,$25,$23,23,$0.79,$0.78,$124,$198,$0,$418,$137,$0,$58,$8,$203,$621,$43,$9,$21,$40,$83,$0,$302,$2,$538,$621,$60,$15,$5,$20,$-6,$-17,$-3,$-4,$-32,$48,$-29,$0,$-18,$-1,$0,$-1,$0,$-47,$0,$-1,$-1,$3,$3,$0,$1,$4,$7,$6,$0
19,2013-12-31,68.45,$22.33,3.07,$17.67,3.87,$2.44,28.1,$2.27,30.15,$0.40B,$0.05B,8.57,$0.01B,$0.52B,0.02,$0.41B,$0.16B,39.12%,$0.41B,$0.08B,19.56%,$0.41B,$0.08B,19.56%,$0.41B,$0.09B,22.74%,$0.41B,$0.08B,19.07%,$0.41B,$0.05B,12.96%,$0.05B,$0.52B,10.83%,$0.05B,$0.46B,12.09%,$0.05B,$0.60B,9.25%,$0.08B,$0.53B,16.04%,$101,$62,$38,$0,$18,$81,$20,$-0,$19,$7,$13,$13,$13,$23,$20,$23,23,$0.56,$0.55,$118,$198,$0,$403,$134,$0,$58,$8,$200,$603,$47,$9,$24,$39,$86,$0,$284,$1,$517,$603,$42,$12,$6,$17,$2,$-17,$-1,$-7,$-23,$36,$-23,$0,$-18,$-1,$0,$-1,$0,$-41,$-0,$0,$-0,$3,$3,$0,$1,$4,$2,$4,$0
20,2013-09-30,63.75,$21.60,2.95,$17.57,3.63,$2.67,23.88,$2.25,28.33,$0.39B,$0.05B,8.25,$0.01B,$0.50B,0.02,$0.40B,$0.16B,39.11%,$0.40B,$0.08B,19.55%,$0.40B,$0.08B,19.55%,$0.40B,$0.09B,23.02%,$0.40B,$0.08B,19.31%,$0.40B,$0.05B,12.87%,$0.05B,$0.50B,10.99%,$0.05B,$0.44B,12.24%,$0.05B,$0.58B,9.36%,$0.08B,$0.51B,16.38%,$102,$61,$41,$0,$17,$80,$22,$-0,$21,$7,$14,$14,$14,$25,$22,$23,23,$0.62,$0.61,$112,$193,$0,$393,$127,$0,$55,$7,$190,$583,$48,$9,$21,$36,$84,$0,$271,$-1,$499,$583,$29,$8,$3,$10,$-2,$-13,$-1,$-2,$-18,$22,$-15,$0,$-14,$-1,$0,$-1,$0,$-29,$-0,$0,$-0,$1,$1,$0,$1,$2,$-4,$3,$0
21,2013-06-30,50.26,$20.81,2.42,$17.59,2.86,$3.17,15.87,$2.37,21.21,$0.39B,$0.05B,7.7,$0.01B,$0.48B,0.02,$0.40B,$0.16B,38.56%,$0.40B,$0.08B,19.40%,$0.40B,$0.08B,19.40%,$0.40B,$0.09B,23.13%,$0.40B,$0.08B,19.40%,$0.40B,$0.05B,13.43%,$0.05B,$0.48B,11.82%,$0.05B,$0.43B,13.13%,$0.05B,$0.56B,10.07%,$0.08B,$0.49B,16.82%,$103,$62,$40,$0,$17,$80,$22,$-0,$22,$7,$15,$15,$15,$26,$22,$23,23,$0.66,$0.65,$128,$181,$0,$393,$119,$0,$45,$7,$171,$564,$51,$9,$20,$33,$84,$0,$257,$-3,$480,$564,$15,$4,$-0,$4,$0,$-6,$-2,$-0,$-1,$17,$-6,$0,$0,$-1,$0,$-1,$0,$-7,$-0,$0,$-0,$0,$0,$0,$0,$1,$12,$1,$0
22,2013-03-31,48.92,$20.11,2.43,$17.72,2.76,$3.57,13.7,$2.48,19.72,$0.37B,$0.05B,8.02,$0.01B,$0.46B,0.02,$0.40B,$0.15B,38.06%,$0.40B,$0.08B,19.40%,$0.40B,$0.08B,19.40%,$0.40B,$0.09B,23.13%,$0.40B,$0.08B,20.15%,$0.40B,$0.06B,13.93%,$0.06B,$0.46B,12.79%,$0.06B,$0.42B,14.27%,$0.06B,$0.54B,10.86%,$0.08B,$0.47B,17.63%,$103,$62,$41,$0,$17,$87,$16,$-0,$16,$5,$11,$11,$11,$19,$16,$22,23,$0.46,$0.45,$116,$175,$0,$374,$116,$0,$46,$7,$169,$542,$47,$9,$20,$34,$80,$0,$242,$-3,$462,$542,$56,$15,$3,$18,$3,$-16,$1,$-4,$-8,$66,$-42,$0,$-3,$-1,$0,$-1,$1,$-45,$10,$-1,$9,$12,$12,$0,$7,$29,$46,$5,$0
23,2012-12-31,48.44,$19.67,2.46,$18.18,2.66,$3.72,13.02,$2.71,17.87,$0.37B,$0.04B,8.46,$0.01B,$0.45B,0.02,$0.41B,$0.15B,37.32%,$0.41B,$0.09B,20.98%,$0.41B,$0.09B,20.98%,$0.41B,$0.10B,24.88%,$0.41B,$0.09B,21.71%,$0.41B,$0.06B,14.88%,$0.06B,$0.45B,14.56%,$0.06B,$0.41B,16.33%,$0.06B,$0.53B,12.32%,$0.09B,$0.46B,20.42%,$96,$60,$36,$0,$17,$77,$19,$-1,$19,$7,$12,$12,$12,$23,$19,$23,23,$0.54,$0.53,$113,$173,$0,$366,$115,$0,$46,$6,$167,$533,$43,$10,$21,$38,$81,$0,$231,$0,$452,$533,$46,$11,$1,$12,$11,$-14,$-1,$-10,$-9,$49,$-31,$0,$0,$-1,$0,$-1,$0,$-32,$10,$0,$10,$11,$11,$0,$5,$27,$43,$4,$0
24,2012-09-30,46.54,$19.15,2.43,$18.20,2.56,$3.84,12.13,$2.72,17.11,$0.36B,$0.04B,8.24,$0.00B,$0.43B,0.0,$0.41B,$0.15B,36.92%,$0.41B,$0.09B,20.78%,$0.41B,$0.09B,20.78%,$0.41B,$0.10B,24.69%,$0.41B,$0.09B,21.52%,$0.41B,$0.06B,14.91%,$0.06B,$0.43B,15.34%,$0.06B,$0.39B,17.32%,$0.06B,$0.51B,12.92%,$0.09B,$0.43B,21.37%,$100,$63,$38,$0,$16,$79,$21,$-0,$21,$4,$16,$16,$16,$25,$21,$22,23,$0.74,$0.73,$100,$167,$0,$355,$98,$0,$46,$6,$150,$505,$43,$0,$20,$28,$71,$0,$219,$-1,$434,$505,$34,$8,$-0,$7,$3,$-9,$-0,$-9,$-11,$30,$-12,$0,$0,$-1,$0,$-1,$0,$-12,$0,$0,$0,$11,$11,$0,$4,$15,$31,$2,$0
25,2012-06-30,45.76,$18.13,2.52,$18.17,2.52,$3.48,13.16,$2.51,18.23,$0.34B,$0.05B,6.85,$0.00B,$0.40B,0.0,$0.41B,$0.15B,36.12%,$0.41B,$0.08B,20.15%,$0.41B,$0.08B,20.15%,$0.41B,$0.10B,24.08%,$0.41B,$0.09B,20.88%,$0.41B,$0.06B,14.00%,$0.06B,$0.40B,15.08%,$0.06B,$0.36B,17.16%,$0.06B,$0.48B,12.60%,$0.08B,$0.40B,21.69%,$103,$65,$38,$0,$16,$81,$22,$3,$25,$8,$17,$17,$17,$26,$22,$22,23,$0.78,$0.76,$91,$162,$0,$336,$96,$0,$46,$6,$147,$483,$49,$0,$23,$30,$79,$0,$203,$-3,$404,$483,$17,$4,$0,$4,$3,$-4,$0,$0,$5,$27,$-6,$0,$0,$0,$0,$0,$0,$-6,$0,$0,$0,$3,$3,$0,$1,$4,$22,$1,$0
26,2012-03-31,44.63,$17.44,2.56,$17.78,2.51,$3.02,14.77,$2.23,20.01,$0.31B,$0.04B,7.17,$0.00B,$0.39B,0.0,$0.40B,$0.14B,35.52%,$0.40B,$0.08B,19.40%,$0.40B,$0.08B,19.40%,$0.40B,$0.09B,23.43%,$0.40B,$0.08B,19.14%,$0.40B,$0.05B,12.85%,$0.05B,$0.39B,14.03%,$0.05B,$0.34B,16.06%,$0.05B,$0.46B,11.68%,$0.08B,$0.39B,21.18%,$111,$70,$41,$0,$17,$87,$24,$-0,$24,$8,$16,$16,$16,$28,$24,$22,22,$0.70,$0.69,$69,$159,$0,$314,$93,$0,$46,$6,$145,$460,$44,$0,$23,$30,$74,$0,$185,$1,$386,$460,$50,$15,$3,$18,$-12,$-14,$0,$0,$-23,$45,$-18,$0,$0,$4,$0,$4,$0,$-14,$-0,$-30,$-30,$2,$2,$0,$1,$-27,$5,$4,$0
27,2011-12-31,40.34,$16.63,2.43,$16.83,2.4,$3.60,11.21,$1.98,20.38,$0.30B,$0.05B,6.47,$0.00B,$0.37B,0.0,$0.38B,$0.13B,34.67%,$0.38B,$0.07B,18.40%,$0.38B,$0.07B,18.40%,$0.38B,$0.08B,22.40%,$0.38B,$0.07B,17.87%,$0.38B,$0.05B,12.00%,$0.05B,$0.37B,12.88%,$0.05B,$0.32B,14.84%,$0.05B,$0.44B,10.51%,$0.07B,$0.37B,19.73%,$95,$61,$34,$0,$15,$77,$18,$-0,$18,$6,$12,$12,$12,$22,$18,$22,22,$0.56,$0.54,$60,$162,$0,$299,$90,$0,$46,$6,$142,$441,$46,$0,$21,$27,$73,$0,$170,$-0,$367,$441,$34,$11,$1,$11,$-3,$-18,$1,$-0,$-14,$32,$-11,$0,$0,$4,$0,$4,$0,$-7,$0,$-30,$-30,$1,$1,$0,$1,$-28,$-4,$3,$0
28,2011-09-30,32.88,$16.18,2.03,$16.27,2.02,$4.17,7.88,$1.77,18.58,$0.29B,$0.05B,6.34,$0.00B,$0.36B,0.0,$0.36B,$0.12B,33.80%,$0.36B,$0.06B,17.45%,$0.36B,$0.06B,17.45%,$0.36B,$0.08B,21.61%,$0.36B,$0.06B,16.62%,$0.36B,$0.04B,11.08%,$0.04B,$0.36B,11.86%,$0.04B,$0.31B,13.75%,$0.04B,$0.43B,9.53%,$0.06B,$0.36B,18.65%,$98,$64,$34,$0,$15,$79,$18,$-1,$18,$6,$12,$12,$12,$22,$18,$22,22,$0.53,$0.52,$49,$155,$0,$285,$89,$0,$46,$5,$141,$426,$45,$0,$20,$26,$71,$0,$158,$2,$355,$426,$22,$7,$-0,$7,$-7,$-10,$-0,$-1,$-12,$17,$-7,$0,$0,$4,$0,$4,$0,$-3,$0,$-30,$-30,$1,$1,$0,$0,$-29,$-15,$2,$0
29,2011-06-30,36.53,$15.79,2.31,$15.66,2.33,$4.70,7.78,$1.64,22.28,$0.28B,$0.05B,6.08,$0.00B,$0.35B,0.0,$0.35B,$0.12B,33.24%,$0.35B,$0.06B,17.05%,$0.35B,$0.06B,17.05%,$0.35B,$0.07B,21.10%,$0.35B,$0.06B,15.90%,$0.35B,$0.04B,10.69%,$0.04B,$0.35B,11.38%,$0.04B,$0.30B,13.27%,$0.04B,$0.42B,8.99%,$0.06B,$0.35B,18.11%,$93,$62,$32,$0,$15,$76,$17,$-1,$16,$6,$11,$11,$11,$21,$17,$22,22,$0.49,$0.48,$51,$150,$0,$279,$87,$0,$47,$6,$140,$419,$46,$0,$20,$26,$72,$0,$146,$6,$346,$419,$11,$4,$-0,$3,$-4,$-5,$-2,$1,$-2,$12,$-2,$0,$0,$4,$0,$4,$0,$2,$0,$-30,$-30,$0,$0,$0,$0,$-29,$-13,$1,$0
30,2011-03-31,36.99,$15.07,2.45,$15.23,2.43,$4.88,7.59,$1.57,23.56,$0.29B,$0.07B,4.1,$0.00B,$0.33B,0.0,$0.34B,$0.11B,32.54%,$0.34B,$0.06B,16.72%,$0.34B,$0.06B,16.72%,$0.34B,$0.07B,20.60%,$0.34B,$0.05B,15.52%,$0.34B,$0.04B,10.45%,$0.04B,$0.33B,11.23%,$0.04B,$0.28B,13.21%,$0.04B,$0.43B,8.71%,$0.06B,$0.33B,17.92%,$89,$59,$30,$0,$14,$73,$16,$-1,$15,$5,$10,$10,$10,$19,$16,$22,22,$0.45,$0.45,$68,$144,$0,$285,$88,$0,$47,$5,$141,$426,$70,$1,$19,$26,$96,$0,$135,$2,$330,$426,$35,$13,$1,$14,$-5,$-6,$5,$5,$1,$50,$-10,$0,$0,$3,$0,$3,$2,$-5,$-2,$-7,$-9,$3,$3,$0,$1,$-5,$43,$4,$0
31,2010-12-31,37.81,$14.56,2.6,$14.87,2.54,$4.52,8.36,$1.57,24.08,$0.27B,$0.07B,4.08,$0.00B,$0.32B,0.0,$0.33B,$0.10B,31.90%,$0.33B,$0.05B,15.95%,$0.33B,$0.05B,15.95%,$0.33B,$0.06B,19.63%,$0.33B,$0.05B,14.72%,$0.33B,$0.04B,10.74%,$0.04B,$0.32B,11.66%,$0.04B,$0.27B,13.82%,$0.04B,$0.41B,8.99%,$0.05B,$0.32B,16.77%,$81,$55,$26,$0,$13,$69,$12,$-1,$11,$4,$7,$7,$7,$16,$12,$22,22,$0.34,$0.33,$61,$140,$0,$268,$88,$0,$47,$6,$140,$408,$66,$1,$17,$24,$89,$0,$126,$2,$318,$408,$25,$10,$-1,$9,$2,$-2,$1,$2,$6,$40,$-7,$0,$0,$-1,$0,$-1,$2,$-6,$-1,$-7,$-8,$2,$2,$0,$1,$-6,$31,$3,$0
32,2010-09-30,32.87,$14.08,2.33,$14.30,2.3,$4.29,7.67,$1.48,22.21,$0.26B,$0.07B,3.94,$0.00B,$0.31B,0.0,$0.31B,$0.10B,31.41%,$0.31B,$0.05B,15.38%,$0.31B,$0.05B,15.38%,$0.31B,$0.06B,18.91%,$0.31B,$0.05B,14.42%,$0.31B,$0.03B,10.58%,$0.03B,$0.31B,11.40%,$0.03B,$0.26B,13.62%,$0.03B,$0.39B,8.62%,$0.05B,$0.31B,15.38%,$83,$56,$27,$0,$13,$69,$14,$-1,$13,$4,$9,$9,$9,$17,$14,$22,22,$0.40,$0.39,$47,$137,$0,$255,$88,$0,$47,$4,$139,$394,$65,$1,$16,$23,$87,$0,$118,$1,$307,$394,$18,$7,$-1,$6,$-3,$-0,$1,$3,$2,$26,$-5,$0,$0,$-1,$0,$-1,$2,$-3,$0,$-7,$-7,$0,$0,$0,$0,$-6,$18,$2,$0
33,2010-06-30,28.05,$13.44,2.09,$13.45,2.09,$4.04,6.95,$1.29,21.74,$0.24B,$0.07B,3.71,$0.00B,$0.29B,0.0,$0.29B,$0.09B,30.72%,$0.29B,$0.04B,13.99%,$0.29B,$0.04B,13.99%,$0.29B,$0.05B,17.75%,$0.29B,$0.04B,13.31%,$0.29B,$0.03B,9.56%,$0.03B,$0.29B,9.99%,$0.03B,$0.25B,11.99%,$0.03B,$0.38B,7.36%,$0.04B,$0.29B,12.88%,$82,$56,$26,$0,$12,$68,$14,$-1,$13,$4,$9,$9,$9,$17,$14,$22,22,$0.42,$0.41,$38,$134,$0,$241,$88,$0,$47,$4,$139,$380,$65,$1,$16,$23,$87,$0,$110,$-3,$292,$380,$9,$3,$-1,$3,$-2,$1,$1,$2,$4,$16,$-2,$0,$0,$-0,$0,$-0,$2,$-0,$0,$-7,$-7,$0,$0,$0,$-0,$-7,$9,$1,$0
34,2010-03-31,30.83,$13.05,2.36,$12.64,2.44,$3.98,7.75,$1.11,27.78,$0.24B,$0.03B,7.38,$0.04B,$0.28B,0.13,$0.28B,$0.08B,30.55%,$0.28B,$0.04B,12.73%,$0.28B,$0.04B,12.73%,$0.28B,$0.05B,16.73%,$0.28B,$0.03B,12.36%,$0.28B,$0.02B,8.73%,$0.02B,$0.28B,8.79%,$0.02B,$0.24B,10.58%,$0.02B,$0.38B,6.29%,$0.04B,$0.32B,10.69%,$80,$55,$25,$0,$13,$68,$12,$-1,$11,$1,$10,$10,$10,$14,$12,$22,22,$0.46,$0.45,$29,$136,$0,$235,$90,$0,$47,$5,$141,$376,$32,$37,$18,$61,$92,$0,$101,$-2,$284,$376,$24,$12,$5,$17,$10,$-1,$-2,$-0,$0,$41,$-10,$0,$-2,$-7,$0,$-7,$0,$-19,$0,$-30,$-30,$-1,$-1,$0,$-0,$-31,$-9,$3,$0
35,2009-12-31,23.54,$12.67,1.86,$12.82,1.84,$3.33,7.06,$0.97,24.27,$0.24B,$0.03B,7.46,$0.05B,$0.28B,0.19,$0.28B,$0.09B,31.54%,$0.28B,$0.03B,11.83%,$0.28B,$0.03B,11.83%,$0.28B,$0.05B,16.13%,$0.28B,$0.03B,11.47%,$0.28B,$0.02B,7.17%,$0.02B,$0.28B,7.52%,$0.02B,$0.23B,9.08%,$0.02B,$0.38B,5.22%,$0.03B,$0.33B,10.06%,$67,$47,$20,$0,$12,$59,$8,$-0,$8,$3,$5,$5,$5,$11,$8,$22,22,$0.24,$0.24,$40,$138,$0,$240,$88,$0,$47,$5,$140,$381,$32,$52,$15,$73,$105,$0,$91,$-0,$275,$381,$15,$9,$-2,$8,$19,$-2,$-5,$3,$13,$35,$-8,$0,$-2,$-6,$0,$-6,$0,$-16,$0,$-15,$-15,$-1,$-1,$0,$-0,$-16,$4,$2,$0
36,2009-09-30,22.57,$12.46,1.81,$13.64,1.65,$2.75,8.2,$1.08,20.9,$0.25B,$0.03B,8.07,$0.06B,$0.27B,0.23,$0.30B,$0.10B,32.66%,$0.30B,$0.04B,12.79%,$0.30B,$0.04B,12.79%,$0.30B,$0.05B,16.84%,$0.30B,$0.04B,12.12%,$0.30B,$0.02B,7.74%,$0.02B,$0.27B,8.85%,$0.02B,$0.23B,10.72%,$0.02B,$0.38B,6.07%,$0.04B,$0.33B,11.79%,$64,$45,$19,$0,$11,$56,$7,$-1,$7,$2,$4,$4,$4,$10,$7,$22,22,$0.20,$0.20,$42,$139,$0,$246,$88,$0,$45,$5,$139,$384,$30,$62,$15,$83,$114,$0,$86,$0,$270,$384,$9,$6,$-1,$5,$16,$-3,$-7,$1,$7,$21,$-6,$0,$0,$-5,$0,$-5,$0,$-11,$0,$-5,$-5,$-0,$-0,$0,$-0,$-5,$6,$1,$0
37,2009-06-30,19.78,$12.14,1.63,$15.05,1.31,$2.64,7.49,$1.32,14.99,$0.25B,$0.03B,7.49,$0.07B,$0.26B,0.25,$0.33B,$0.11B,33.03%,$0.33B,$0.05B,14.07%,$0.33B,$0.05B,14.07%,$0.33B,$0.06B,17.74%,$0.33B,$0.04B,13.15%,$0.33B,$0.03B,8.87%,$0.03B,$0.26B,11.45%,$0.03B,$0.22B,13.98%,$0.03B,$0.39B,7.82%,$0.05B,$0.33B,14.72%,$64,$44,$20,$0,$12,$56,$8,$-0,$8,$3,$5,$5,$5,$11,$8,$22,22,$0.23,$0.23,$43,$138,$0,$245,$89,$0,$46,$5,$140,$385,$33,$67,$15,$88,$121,$0,$81,$-2,$263,$385,$5,$3,$-2,$1,$15,$-2,$-4,$3,$10,$17,$-4,$0,$0,$-5,$0,$-5,$0,$-9,$-0,$0,$-0,$0,$0,$0,$0,$-0,$8,$1,$0
38,2009-03-31,14.78,$11.79,1.25,$16.35,0.9,$2.85,5.18,$1.58,9.36,$0.24B,$0.04B,6.39,$0.07B,$0.26B,0.26,$0.36B,$0.12B,33.52%,$0.36B,$0.06B,15.49%,$0.36B,$0.06B,15.49%,$0.36B,$0.07B,18.87%,$0.36B,$0.05B,14.37%,$0.36B,$0.04B,9.86%,$0.04B,$0.26B,14.21%,$0.04B,$0.21B,17.48%,$0.04B,$0.38B,9.70%,$0.06B,$0.32B,18.26%,$84,$55,$29,$0,$14,$74,$10,$-1,$9,$3,$6,$6,$6,$13,$10,$22,22,$0.30,$0.30,$31,$134,$0,$244,$88,$0,$46,$5,$138,$382,$38,$67,$15,$88,$126,$0,$76,$-3,$256,$382,$34,$12,$7,$20,$1,$-11,$-4,$1,$-9,$45,$-28,$0,$-6,$0,$0,$0,$1,$-33,$-16,$26,$10,$-0,$-0,$0,$-0,$10,$21,$3,$0
39,2008-12-31,19.62,$11.56,1.7,$16.72,1.17,$2.49,7.88,$1.83,10.72,$0.23B,$0.04B,5.7,$0.05B,$0.25B,0.21,$0.36B,$0.12B,33.61%,$0.36B,$0.06B,17.36%,$0.36B,$0.06B,17.36%,$0.36B,$0.08B,20.66%,$0.36B,$0.06B,16.25%,$0.36B,$0.04B,11.29%,$0.04B,$0.25B,17.21%,$0.04B,$0.21B,21.24%,$0.04B,$0.36B,11.72%,$0.06B,$0.30B,21.67%,$85,$57,$29,$0,$14,$72,$13,$-1,$12,$4,$8,$8,$8,$16,$13,$22,22,$0.36,$0.35,$15,$135,$0,$230,$84,$0,$46,$5,$134,$364,$40,$53,$14,$73,$113,$0,$70,$-1,$251,$364,$28,$10,$3,$12,$3,$-11,$-3,$-1,$-8,$33,$-18,$0,$-7,$0,$0,$0,$1,$-24,$-16,$12,$-4,$-0,$-0,$0,$0,$-4,$5,$2,$0
40,2008-09-30,32.59,$11.21,2.91,$16.48,1.98,$2.28,14.29,$1.92,16.98,$0.22B,$0.04B,5.22,$0.05B,$0.24B,0.21,$0.36B,$0.12B,33.80%,$0.36B,$0.07B,18.16%,$0.36B,$0.07B,18.16%,$0.36B,$0.08B,21.51%,$0.36B,$0.06B,17.32%,$0.36B,$0.04B,12.01%,$0.04B,$0.24B,18.90%,$0.04B,$0.20B,23.37%,$0.04B,$0.35B,12.80%,$0.07B,$0.29B,23.26%,$94,$64,$30,$0,$14,$79,$15,$-1,$14,$5,$10,$10,$10,$18,$15,$22,22,$0.44,$0.44,$9,$131,$0,$222,$80,$0,$46,$5,$131,$353,$43,$50,$11,$68,$110,$0,$62,$-1,$243,$353,$20,$7,$2,$9,$-1,$-7,$0,$-0,$-5,$24,$-11,$0,$-7,$0,$0,$0,$1,$-17,$-16,$9,$-7,$-0,$-0,$0,$0,$-7,$-1,$1,$0
41,2008-06-30,32.24,$10.77,2.99,$15.74,2.05,$2.26,14.27,$1.88,17.15,$0.22B,$0.04B,5.15,$0.05B,$0.24B,0.22,$0.34B,$0.12B,34.21%,$0.34B,$0.06B,18.71%,$0.34B,$0.06B,18.71%,$0.34B,$0.08B,22.22%,$0.34B,$0.06B,17.84%,$0.34B,$0.04B,12.28%,$0.04B,$0.24B,19.49%,$0.04B,$0.19B,24.21%,$0.04B,$0.35B,13.01%,$0.06B,$0.29B,23.84%,$92,$62,$31,$0,$13,$75,$17,$-1,$16,$5,$11,$11,$11,$20,$17,$22,22,$0.50,$0.49,$13,$130,$0,$218,$77,$0,$46,$5,$127,$345,$42,$51,$12,$68,$111,$0,$52,$1,$235,$345,$11,$3,$2,$5,$3,$-4,$1,$4,$6,$22,$-5,$0,$-7,$0,$0,$0,$0,$-11,$-16,$9,$-7,$-0,$-0,$0,$0,$-7,$4,$1,$0
42,2008-03-31,35.92,$10.33,3.48,$15.14,2.37,$1.78,20.15,$1.84,19.52,$0.22B,$0.04B,5.51,$0.06B,$0.22B,0.26,$0.33B,$0.11B,34.24%,$0.33B,$0.06B,19.09%,$0.33B,$0.06B,19.09%,$0.33B,$0.07B,22.42%,$0.33B,$0.06B,18.18%,$0.33B,$0.04B,12.42%,$0.04B,$0.22B,20.27%,$0.04B,$0.18B,25.27%,$0.04B,$0.34B,13.26%,$0.06B,$0.28B,24.56%,$92,$60,$32,$0,$14,$74,$18,$-1,$17,$5,$12,$12,$12,$21,$18,$21,22,$0.55,$0.55,$10,$124,$0,$215,$73,$0,$43,$5,$122,$337,$39,$57,$11,$74,$113,$0,$42,$1,$224,$337,$40,$11,$-7,$4,$-6,$-12,$0,$-6,$-17,$27,$-18,$0,$-14,$0,$0,$0,$0,$-32,$-1,$-1,$-2,$1,$1,$0,$9,$9,$5,$1,$0
43,2007-12-31,42.05,$9.67,4.35,$14.72,2.86,$3.21,13.1,$1.60,26.28,$0.20B,$0.04B,5.23,$0.05B,$0.21B,0.25,$0.32B,$0.11B,34.48%,$0.32B,$0.06B,17.55%,$0.32B,$0.06B,17.55%,$0.32B,$0.07B,20.69%,$0.32B,$0.05B,16.93%,$0.32B,$0.04B,11.29%,$0.04B,$0.21B,19.12%,$0.04B,$0.17B,23.96%,$0.04B,$0.31B,12.27%,$0.06B,$0.26B,23.05%,$80,$53,$28,$0,$12,$65,$15,$-0,$15,$5,$10,$10,$10,$18,$15,$21,22,$0.45,$0.44,$9,$118,$0,$195,$70,$0,$39,$3,$113,$309,$37,$51,$8,$63,$101,$0,$30,$-1,$208,$309,$28,$8,$-9,$-1,$-0,$-11,$3,$-0,$-2,$25,$-14,$0,$-8,$0,$0,$0,$0,$-22,$-1,$-7,$-8,$1,$1,$0,$9,$1,$4,$1,$0
44,2007-09-30,37.1,$9.08,4.09,$14.60,2.54,$4.33,8.57,$1.60,23.19,$0.19B,$0.04B,5.36,$0.05B,$0.20B,0.28,$0.32B,$0.11B,33.86%,$0.32B,$0.06B,17.41%,$0.32B,$0.06B,17.41%,$0.32B,$0.07B,20.57%,$0.32B,$0.05B,16.77%,$0.32B,$0.04B,11.08%,$0.04B,$0.20B,19.86%,$0.04B,$0.16B,25.23%,$0.04B,$0.30B,12.28%,$0.06B,$0.25B,23.33%,$78,$52,$26,$0,$12,$64,$14,$-1,$13,$5,$9,$9,$9,$17,$14,$21,22,$0.41,$0.40,$6,$114,$0,$187,$69,$0,$40,$3,$113,$300,$35,$54,$8,$70,$104,$0,$20,$-1,$195,$300,$19,$5,$2,$7,$1,$-8,$2,$-0,$-2,$24,$-11,$0,$-8,$0,$0,$0,$0,$-19,$-1,$-4,$-5,$1,$1,$0,$0,$-4,$1,$1,$0
45,2007-06-30,39.91,$8.45,4.72,$14.46,2.76,$4.83,8.26,$1.55,25.75,$0.18B,$0.04B,4.84,$0.06B,$0.18B,0.3,$0.31B,$0.11B,33.76%,$0.31B,$0.05B,17.36%,$0.31B,$0.05B,17.36%,$0.31B,$0.06B,20.26%,$0.31B,$0.05B,16.40%,$0.31B,$0.03B,10.61%,$0.03B,$0.18B,20.03%,$0.03B,$0.14B,25.78%,$0.03B,$0.29B,11.87%,$0.05B,$0.24B,23.28%,$80,$52,$27,$0,$11,$64,$16,$-1,$15,$5,$10,$10,$10,$18,$16,$21,22,$0.46,$0.45,$5,$108,$0,$183,$67,$0,$38,$3,$108,$291,$38,$55,$9,$72,$109,$0,$11,$-2,$182,$291,$10,$2,$2,$5,$-3,$-4,$4,$1,$-1,$13,$-7,$0,$-4,$0,$0,$0,$0,$-11,$-0,$-4,$-4,$1,$1,$0,$0,$-3,$-1,$0,$0
46,2007-03-31,32.34,$7.87,4.11,$14.41,2.24,$5.01,6.45,$1.34,24.14,$0.17B,$0.03B,5.1,$0.06B,$0.17B,0.35,$0.31B,$0.10B,33.33%,$0.31B,$0.05B,16.67%,$0.31B,$0.05B,16.67%,$0.31B,$0.06B,19.93%,$0.31B,$0.04B,14.38%,$0.31B,$0.03B,9.15%,$0.03B,$0.17B,18.12%,$0.03B,$0.13B,23.33%,$0.03B,$0.27B,10.28%,$0.05B,$0.23B,22.15%,$81,$52,$29,$0,$11,$70,$11,$-1,$11,$4,$7,$7,$7,$13,$11,$21,21,$0.32,$0.30,$5,$103,$0,$173,$61,$0,$35,$4,$101,$274,$34,$59,$7,$72,$106,$0,$2,$-2,$168,$274,$28,$10,$12,$22,$-1,$2,$1,$-2,$5,$56,$-16,$0,$-9,$0,$0,$0,$4,$-21,$-150,$42,$-108,$60,$60,$0,$2,$-45,$-11,$1,$0
47,2006-12-31,27.73,$7.73,3.59,$15.85,1.75,$4.15,6.68,$1.36,20.39,$0.18B,$0.03B,5.26,$0.07B,$0.16B,0.44,$0.30B,$0.10B,31.89%,$0.30B,$0.05B,17.28%,$0.30B,$0.05B,17.28%,$0.30B,$0.06B,20.93%,$0.30B,$0.04B,13.95%,$0.30B,$0.03B,8.97%,$0.03B,$0.16B,20.65%,$0.03B,$0.12B,27.62%,$0.03B,$0.28B,9.90%,$0.05B,$0.23B,22.37%,$77,$52,$25,$0,$11,$62,$14,$0,$14,$5,$9,$9,$9,$17,$14,$21,21,$0.45,$0.44,$13,$103,$0,$177,$58,$0,$37,$2,$98,$275,$34,$71,$8,$81,$115,$0,$-5,$-3,$160,$275,$22,$8,$6,$14,$2,$2,$0,$-2,$6,$42,$-8,$0,$-9,$0,$0,$0,$4,$-13,$-147,$52,$-95,$59,$59,$0,$4,$-32,$-3,$0,$0
