,Date,Stock Price,Book Value per Share,Price to Book Ratio,TTM Sales per Share,Price to Sales Ratio,TTM FCF per Share,Price to FCF Ratio,TTM Net EPS,PE Ratio,Current Assets,Current Liabilities,Current Ratio,Long Term Debt,Shareholder's Equity_x,Debt to Equity Ratio,TTM Revenue_x,TTM Gross Profit,Gross Margin,TTM Revenue_y,TTM Operating Income,Operating Margin,TTM Revenue_x,TTM EBIT,EBIT Margin,TTM Revenue_y,TTM EBITDA,EBITDA Margin,TTM Revenue_x,TTM Pre-Tax Income,Pre-Tax Margin,TTM Revenue_y,TTM Net Income_x,Net Margin,TTM Net Income_y,Shareholder's Equity_y,Return on Equity,TTM Net Income_x,Tangible Equity,Return on Tangible Equity,TTM Net Income_y,Total Assets,Return on Assets,TTM Net Income,LT Investments & Debt,Return on Investment,revenue,cost-goods-sold,gross-profit,research-development-expenses,selling-general-administrative-expenses,operating-expenses,operating-income,total-non-operating-income-expense,pre-tax-income,total-provision-income-taxes,income-after-taxes,income-from-continuous-operations,net-income,ebitda,ebit,basic-shares-outstanding,shares-outstanding,eps-basic-net-earnings-per-share,eps-earnings-per-share-diluted,cash-on-hand,inventory,other-current-assets,total-current-assets,net-property-plant-equipment,long-term-investments,goodwill-intangible-assets-total,other-long-term-assets,total-long-term-assets,total-assets,total-current-liabilities,long-term-debt,other-non-current-liabilities,total-long-term-liabilities,total-liabilities,common-stock-net,retained-earnings-accumulated-deficit,comprehensive-income,total-share-holder-equity,total-liabilities-share-holders-equity,net-income-loss,total-depreciation-amortization-cash-flow,other-non-cash-items,total-non-cash-items,change-in-accounts-receivable,change-in-inventories,change-in-accounts-payable,change-in-assets-liabilities,total-change-in-assets-liabilities,cash-flow-from-operating-activities,net-change-in-property-plant-equipment,net-change-in-intangible-assets,net-acquisitions-divestitures,net-change-in-short-term-investments,net-change-in-long-term-investments,net-change-in-investments-total,investing-activities-other,cash-flow-from-investing-activities,net-long-term-debt,net-current-debt,debt-issuance-retirement-net-total,net-common-equity-issued-repurchased,net-total-equity-issued-repurchased,total-common-preferred-stock-dividends-paid,financial-activities-other,cash-flow-from-financial-activities,net-cash-flow,stock-based-compensation,common-stock-dividends-paid
0,2018-09-30,6.1,$0.64,9.59,$28.55,0.21,$-63.23,0.0,$-6.17,0.0,$0.05B,$0.15B,0.35,$0.29B,$-0.06B,-4.77,$0.25B,$0.20B,80.72%,$0.25B,$0.06B,22.09%,$0.25B,$0.06B,22.09%,$0.25B,$0.17B,69.08%,$0.25B,$-0.09B,-34.94%,$0.25B,$-0.03B,-11.24%,$-0.03B,$0.02B,-30.35%,$-0.03B,$0.02B,-30.35%,$-0.03B,$0.69B,-4.71%,$0.06B,$0.31B,18.93%,$83,$13,$69,$1,$10,$72,$11,$-73,$-62,$23,$-85,$-85,$-31,$59,$11,$7,7,$-4.76,$-4.76,$11,$0,$0,$52,$633,$0,$0,$4,$637,$690,$151,$288,$70,$515,$667,$0,$-0,$0,$23,$690,$-84,$107,$102,$208,$-22,$0,$15,$-0,$-8,$117,$-295,$-4,$0,$0,$0,$0,$-15,$-314,$194,$0,$194,$0,$0,$-7,$-3,$184,$-14,$5,$0
1,2018-06-30,8.12,$3.11,2.61,$18.64,0.44,$-46.14,0.0,$-1.49,0.0,$0.05B,$0.12B,0.43,$0.24B,$0.03B,7.84,$0.18B,$0.14B,79.56%,$0.18B,$0.04B,22.65%,$0.18B,$0.04B,22.65%,$0.18B,$0.12B,65.19%,$0.18B,$-0.03B,-16.57%,$0.18B,$0.00B,1.66%,$0.00B,$0.11B,2.52%,$0.00B,$0.11B,2.52%,$0.00B,$0.65B,0.63%,$0.04B,$0.35B,15.89%,$81,$15,$65,$2,$9,$63,$18,$-24,$-7,$-15,$9,$9,$9,$55,$18,$6,36,$1.43,$-0.32,$13,$0,$5,$49,$585,$0,$0,$2,$605,$654,$115,$239,$40,$426,$541,$0,$8,$0,$113,$654,$1,$59,$15,$73,$-12,$0,$13,$-0,$0,$75,$-206,$-4,$-15,$0,$0,$0,$0,$-225,$145,$0,$145,$0,$0,$-4,$-3,$138,$-12,$3,$0
2,2018-03-31,5.87,$3.04,1.93,$18.92,0.31,$-46.26,0.0,$-1.25,0.0,$0.04B,$0.11B,0.4,$0.17B,$0.03B,6.17,$0.12B,$0.09B,79.13%,$0.12B,$0.02B,18.26%,$0.12B,$0.02B,18.26%,$0.12B,$0.07B,60.87%,$0.12B,$-0.02B,-20.87%,$0.12B,$-0.01B,-11.30%,$-0.01B,$0.11B,-10.42%,$-0.01B,$0.11B,-10.42%,$-0.01B,$0.56B,-3.61%,$0.02B,$0.28B,10.06%,$56,$12,$44,$0,$8,$41,$15,$-25,$-10,$-2,$-8,$-8,$-1,$37,$15,$6,6,$-0.22,$-0.22,$7,$0,$0,$42,$511,$0,$0,$2,$515,$557,$105,$173,$25,$343,$448,$0,$0,$0,$110,$557,$-8,$22,$18,$39,$-17,$0,$4,$0,$-13,$19,$-110,$-4,$0,$0,$0,$0,$0,$-114,$80,$0,$80,$0,$0,$-1,$-2,$77,$-18,$1,$0
3,2017-12-31,7.86,$3.40,2.31,$12.94,0.61,$-31.50,0.0,$-1.25,0.0,$0.04B,$0.10B,0.42,$0.09B,$0.04B,2.22,$0.08B,$0.06B,80.52%,$0.08B,$0.01B,11.69%,$0.08B,$0.01B,11.69%,$0.08B,$0.05B,58.44%,$0.08B,$-0.01B,-11.69%,$0.08B,$-0.01B,-10.39%,$-0.01B,$0.12B,-6.77%,$-0.01B,$0.12B,-6.77%,$-0.01B,$0.48B,-3.30%,$0.01B,$0.22B,5.66%,$29,$6,$23,$1,$5,$18,$11,$-20,$-8,$2,$-11,$-11,$-5,$21,$11,$6,6,$-0.88,$-0.88,$25,$0,$0,$44,$433,$0,$0,$1,$433,$477,$103,$93,$17,$251,$354,$0,$0,$0,$123,$477,$-12,$36,$15,$51,$-8,$0,$7,$-0,$-2,$38,$-144,$-115,$0,$0,$0,$0,$-7,$-265,$-55,$97,$42,$0,$245,$-41,$-2,$244,$16,$1,$-40
4,2017-09-30,8.23,$3.66,2.25,$10.87,0.76,$-15.43,0.0,$-0.38,0.0,$0.01B,$0.04B,0.3,$0.05B,$0.05B,0.99,$0.06B,$0.05B,81.25%,$0.06B,$-0.01B,-17.19%,$0.06B,$-0.01B,-17.19%,$0.06B,$0.02B,37.50%,$0.06B,$-0.01B,-20.31%,$0.06B,$-0.02B,-23.44%,$-0.02B,$0.13B,-14.46%,$-0.02B,$0.13B,-14.46%,$-0.02B,$0.23B,-9.46%,$-0.01B,$0.18B,-8.15%,$15,$4,$12,$0,$6,$19,$-3,$-2,$-5,$-1,$-4,$-4,$-0,$5,$-3,$6,6,$-0.08,$-0.08,$5,$0,$0,$12,$214,$0,$0,$1,$215,$228,$41,$50,$6,$56,$97,$0,$0,$0,$131,$228,$-1,$26,$-3,$24,$0,$0,$13,$-0,$13,$36,$-94,$0,$0,$0,$0,$0,$-7,$-100,$-5,$0,$-5,$0,$95,$-43,$14,$61,$-4,$0,$-43
5,2017-06-30,8.34,$3.78,2.2,$9.91,0.84,$-5.93,0.0,$-0.30,0.0,$0.02B,$0.02B,1.12,$0.02B,$0.06B,0.36,$0.06B,$0.05B,81.36%,$0.06B,$-0.01B,-13.56%,$0.06B,$-0.01B,-13.56%,$0.06B,$0.03B,42.37%,$0.06B,$-0.01B,-13.56%,$0.06B,$-0.02B,-25.42%,$-0.02B,$0.14B,-16.26%,$-0.02B,$0.14B,-16.26%,$-0.02B,$0.18B,-12.20%,$-0.01B,$0.16B,-7.21%,$15,$3,$12,$0,$3,$17,$-2,$1,$-1,$0,$-1,$-1,$-7,$7,$-2,$6,6,$-1.22,$-1.22,$11,$0,$2,$22,$157,$0,$0,$1,$158,$180,$19,$20,$5,$25,$45,$0,$0,$0,$135,$180,$3,$18,$-4,$14,$-1,$0,$1,$-1,$-0,$17,$-39,$0,$-7,$0,$0,$0,$0,$-45,$-35,$0,$-35,$0,$95,$-43,$14,$31,$3,$0,$-43
6,2017-03-31,19.98,$30.91,0.65,$8.90,2.24,$-3.33,0.0,$-0.22,0.0,$0.00B,$0.00B,0.07,$0.00B,$0.08B,0.0,$0.05B,$0.04B,81.13%,$0.05B,$-0.01B,-11.32%,$0.05B,$-0.01B,-11.32%,$0.05B,$0.02B,33.96%,$0.05B,$-0.01B,-18.87%,$0.05B,$-0.01B,-20.75%,$-0.01B,$0.08B,-13.79%,$-0.01B,$0.08B,-13.79%,$-0.01B,$0.09B,-11.06%,$-0.01B,$0.08B,-6.40%,$18,$2,$15,$0,$2,$14,$3,$1,$5,$0,$4,$4,$4,$12,$3,$6,6,$0.75,$0.75,$0,$0,$0,$0,$0,$85,$0,$0,$85,$86,$2,$0,$0,$0,$2,$79,$-2,$0,$84,$86,$4,$8,$-2,$6,$-2,$0,$-0,$0,$-2,$9,$-8,$0,$0,$0,$0,$0,$0,$-8,$-0,$0,$-0,$0,$0,$-2,$0,$-2,$-2,$0,$-2
7,2016-12-31,19.98,$0.00,0.0,$5.92,3.38,$-3.46,0.0,$-0.03,0.0,$0.02B,$0.01B,1.15,$0.06B,$0.07B,0.84,$0.04B,$0.03B,80.00%,$0.04B,$-0.01B,-25.71%,$0.04B,$-0.01B,-25.71%,$0.04B,$0.01B,17.14%,$0.04B,$-0.02B,-42.86%,$0.04B,$-0.02B,-42.86%,$-0.02B,$0.07B,-18.75%,$-0.02B,$0.07B,-18.75%,$-0.02B,$0.14B,-15.08%,$-0.01B,$0.12B,-9.57%,$16,$3,$13,$0,$5,$25,$-9,$-3,$-12,$0,$-12,$-12,$-12,$-0,$-9,$6,6,$-2.02,$-2.02,$8,$0,$0,$16,$123,$0,$0,$0,$123,$140,$14,$55,$5,$60,$75,$0,$0,$0,$65,$140,$-15,$25,$3,$28,$-3,$0,$2,$0,$-1,$11,$-22,$0,$0,$0,$0,$0,$0,$-22,$-10,$0,$-10,$0,$0,$0,$1,$-9,$-19,$0,$0
8,2016-09-30,19.98,$33.64,0.59,$3.15,6.34,$-1.63,0.0,$-0.03,0.0,$0.00B,$0.00B,2.94,$0.00B,$0.09B,0.0,$0.02B,$0.02B,78.95%,$0.02B,0,0.00%,$0.02B,0,0.00%,$0.02B,$0.01B,31.58%,$0.02B,$-0.00B,-15.79%,$0.02B,$-0.00B,-15.79%,$-0.00B,$0.09B,-4.71%,$-0.00B,$0.09B,-4.71%,$-0.00B,$0.09B,-4.65%,$0.00B,$0.09B,0.00%,$10,$2,$8,$0,$2,$9,$0,$-0,$-0,$0,$-0,$-0,$-0,$6,$0,$6,6,$-0.03,$-0.03,$0,$0,$0,$0,$0,$85,$0,$0,$85,$86,$0,$0,$0,$0,$0,$80,$-0,$0,$85,$86,$-8,$17,$3,$20,$-1,$0,$-2,$0,$-2,$9,$-12,$0,$0,$0,$0,$0,$0,$-12,$-20,$0,$-20,$0,$0,$-1,$0,$-21,$-23,$0,$-1
