,Date,Stock Price,Book Value per Share,Price to Book Ratio,TTM Sales per Share,Price to Sales Ratio,TTM FCF per Share,Price to FCF Ratio,TTM Net EPS,PE Ratio,Current Assets,Current Liabilities,Current Ratio,Long Term Debt,Shareholder's Equity_x,Debt to Equity Ratio,TTM Revenue_x,TTM Gross Profit,Gross Margin,TTM Revenue_y,TTM Operating Income,Operating Margin,TTM Revenue_x,TTM EBIT,EBIT Margin,TTM Revenue_y,TTM EBITDA,EBITDA Margin,TTM Revenue_x,TTM Pre-Tax Income,Pre-Tax Margin,TTM Revenue_y,TTM Net Income_x,Net Margin,TTM Net Income_y,Shareholder's Equity_y,Return on Equity,TTM Net Income_x,Tangible Equity,Return on Tangible Equity,TTM Net Income_y,Total Assets,Return on Assets,TTM Net Income,LT Investments & Debt,Return on Investment,revenue,cost-goods-sold,gross-profit,research-development-expenses,selling-general-administrative-expenses,operating-expenses,operating-income,total-non-operating-income-expense,pre-tax-income,total-provision-income-taxes,income-after-taxes,income-from-continuous-operations,net-income,ebitda,ebit,basic-shares-outstanding,shares-outstanding,eps-basic-net-earnings-per-share,eps-earnings-per-share-diluted,cash-on-hand,inventory,other-current-assets,total-current-assets,net-property-plant-equipment,long-term-investments,goodwill-intangible-assets-total,other-long-term-assets,total-long-term-assets,total-assets,total-current-liabilities,long-term-debt,other-non-current-liabilities,total-long-term-liabilities,total-liabilities,common-stock-net,retained-earnings-accumulated-deficit,comprehensive-income,total-share-holder-equity,total-liabilities-share-holders-equity,net-income-loss,total-depreciation-amortization-cash-flow,other-non-cash-items,total-non-cash-items,change-in-accounts-receivable,change-in-inventories,change-in-accounts-payable,change-in-assets-liabilities,total-change-in-assets-liabilities,cash-flow-from-operating-activities,net-change-in-property-plant-equipment,net-change-in-intangible-assets,net-acquisitions-divestitures,net-change-in-short-term-investments,net-change-in-long-term-investments,net-change-in-investments-total,investing-activities-other,cash-flow-from-investing-activities,net-long-term-debt,net-current-debt,debt-issuance-retirement-net-total,net-common-equity-issued-repurchased,net-total-equity-issued-repurchased,total-common-preferred-stock-dividends-paid,financial-activities-other,cash-flow-from-financial-activities,net-cash-flow,stock-based-compensation,common-stock-dividends-paid
0,2018-07-31,87.43,$8.52,10.26,$38.81,2.25,$9.08,9.63,$4.06,21.53,$3.38B,$1.98B,1.71,$0.31B,$3.19B,0.1,$14.72B,$4.24B,28.81%,$14.72B,$2.09B,14.21%,$14.72B,$2.09B,14.21%,$14.72B,$2.42B,16.42%,$14.72B,$2.09B,14.21%,$14.72B,$1.53B,10.40%,$1.53B,$3.19B,50.13%,$1.53B,$3.19B,50.13%,$1.53B,$5.96B,26.11%,$2.09B,$3.50B,61.73%,$3550,$2547,$1002,$0,$562,$3109,$441,$3,$444,$106,$338,$338,$338,$599,$441,$368,371,$0.92,$0.91,$1387,$1698,$0,$3380,$2384,$1,$0,$199,$2584,$5964,$1978,$312,$375,$801,$2779,$4,$2217,$0,$3185,$5964,$808,$162,$69,$232,$0,$-57,$122,$-90,$-25,$1014,$-179,$0,$0,$1,$0,$1,$0,$-178,$0,$0,$0,$-570,$-570,$-170,$0,$-740,$96,$48,$-170
1,2018-04-30,80.64,$8.30,9.71,$37.71,2.14,$8.47,9.52,$3.84,21.0,$3.45B,$2.11B,1.64,$0.31B,$3.13B,0.1,$14.42B,$4.18B,29.01%,$14.42B,$2.09B,14.48%,$14.42B,$2.09B,14.48%,$14.42B,$2.41B,16.69%,$14.42B,$2.09B,14.46%,$14.42B,$1.46B,10.13%,$1.46B,$3.13B,49.17%,$1.46B,$3.13B,49.17%,$1.46B,$6.02B,25.36%,$2.09B,$3.44B,62.82%,$3738,$2667,$1071,$0,$555,$3222,$516,$1,$518,$128,$389,$389,$389,$622,$516,$371,374,$1.05,$1.04,$1303,$1895,$0,$3454,$2369,$1,$0,$197,$2567,$6021,$2107,$312,$362,$784,$2891,$4,$2177,$0,$3130,$6021,$418,$80,$41,$120,$0,$-254,$239,$-52,$-67,$472,$-80,$0,$0,$1,$0,$1,$0,$-79,$0,$0,$0,$-295,$-295,$-85,$0,$-381,$12,$24,$-85
2,2018-01-31,81.93,$8.03,10.2,$36.68,2.23,$8.57,9.56,$3.55,23.08,$3.15B,$1.93B,1.64,$0.31B,$3.05B,0.1,$14.14B,$4.09B,28.95%,$14.14B,$2.05B,14.49%,$14.14B,$2.05B,14.49%,$14.14B,$2.36B,16.70%,$14.14B,$2.04B,14.44%,$14.14B,$1.36B,9.64%,$1.36B,$3.05B,47.30%,$1.36B,$3.05B,47.30%,$1.36B,$5.72B,24.17%,$2.05B,$3.36B,62.88%,$3589,$2522,$1066,$0,$524,$3047,$542,$1,$542,$124,$418,$418,$418,$678,$542,$374,377,$1.12,$1.11,$1291,$1642,$0,$3151,$2382,$1,$0,$188,$2571,$5722,$1926,$312,$349,$746,$2673,$4,$2071,$0,$3049,$5722,$1363,$313,$46,$359,$0,$-129,$41,$47,$-41,$1681,$-355,$0,$0,$0,$0,$0,$2,$-353,$0,$0,$0,$-902,$-902,$-248,$0,$-1149,$179,$87,$-248
3,2017-10-31,63.01,$7.48,8.42,$34.98,1.8,$8.32,7.58,$3.13,20.13,$3.24B,$2.06B,1.57,$0.40B,$2.86B,0.14,$13.58B,$3.92B,28.86%,$13.58B,$1.93B,14.24%,$13.58B,$1.93B,14.24%,$13.58B,$2.24B,16.48%,$13.58B,$1.92B,14.16%,$13.58B,$1.21B,8.93%,$1.21B,$2.86B,43.22%,$1.21B,$2.86B,43.22%,$1.21B,$5.77B,21.91%,$1.93B,$3.26B,60.35%,$4068,$2923,$1145,$0,$553,$3476,$592,$-0,$592,$141,$451,$451,$451,$519,$592,$381,384,$1.20,$1.19,$1145,$1840,$0,$3236,$2348,$1,$0,$182,$2531,$5767,$2056,$397,$326,$852,$2908,$4,$1901,$0,$2859,$5767,$912,$227,$74,$301,$0,$-327,$272,$8,$-48,$1166,$-267,$0,$0,$0,$0,$0,$1,$-266,$0,$0,$0,$-681,$-681,$-186,$0,$-867,$33,$65,$-186
4,2017-07-31,54.75,$7.36,7.44,$34.12,1.6,$8.02,6.83,$3.03,18.07,$3.00B,$1.83B,1.64,$0.40B,$2.84B,0.14,$13.34B,$3.84B,28.79%,$13.34B,$1.88B,14.11%,$13.34B,$1.88B,14.11%,$13.34B,$2.19B,16.39%,$13.34B,$1.87B,14.00%,$13.34B,$1.18B,8.88%,$1.18B,$2.84B,42.99%,$1.18B,$2.84B,42.99%,$1.18B,$5.51B,21.80%,$1.88B,$3.24B,59.70%,$3329,$2369,$960,$0,$517,$2886,$442,$-2,$441,$166,$274,$274,$274,$587,$442,$379,382,$0.72,$0.72,$1151,$1608,$0,$3004,$2327,$1,$0,$182,$2510,$5514,$1829,$397,$320,$846,$2675,$4,$1898,$0,$2840,$5514,$638,$151,$51,$202,$0,$-95,$155,$-101,$-42,$798,$-169,$0,$0,$0,$0,$0,$0,$-169,$0,$0,$0,$-464,$-464,$-125,$0,$-589,$40,$43,$-125
5,2017-04-30,64.17,$7.13,9.0,$33.25,1.93,$7.99,8.03,$2.92,21.98,$3.07B,$1.94B,1.58,$0.40B,$2.78B,0.14,$13.08B,$3.76B,28.71%,$13.08B,$1.83B,13.98%,$13.08B,$1.83B,13.98%,$13.08B,$2.13B,16.29%,$13.08B,$1.81B,13.85%,$13.08B,$1.15B,8.78%,$1.15B,$2.78B,42.59%,$1.15B,$2.78B,42.59%,$1.15B,$5.55B,21.47%,$1.83B,$3.17B,59.11%,$3432,$2421,$1011,$0,$498,$2919,$512,$-2,$510,$194,$317,$317,$317,$577,$512,$383,386,$0.83,$0.82,$1244,$1595,$0,$3065,$2309,$1,$0,$178,$2488,$5553,$1938,$397,$309,$838,$2775,$4,$1851,$0,$2778,$5553,$321,$76,$31,$107,$0,$-82,$163,$12,$93,$521,$-76,$0,$0,$0,$0,$0,$0,$-76,$0,$0,$0,$-249,$-249,$-63,$0,$-312,$133,$20,$-63
6,2017-01-31,65.11,$7.01,9.29,$32.51,2.0,$7.82,8.32,$2.83,23.01,$2.81B,$1.75B,1.61,$0.40B,$2.75B,0.14,$12.87B,$3.69B,28.71%,$12.87B,$1.80B,14.01%,$12.87B,$1.80B,14.01%,$12.87B,$2.11B,16.36%,$12.87B,$1.79B,13.88%,$12.87B,$1.12B,8.70%,$1.12B,$2.75B,42.42%,$1.12B,$2.75B,42.42%,$1.12B,$5.31B,21.35%,$1.80B,$3.15B,59.42%,$3306,$2330,$976,$0,$475,$2805,$502,$-3,$498,$177,$321,$321,$321,$555,$502,$386,390,$0.83,$0.82,$1112,$1513,$0,$2813,$2328,$1,$0,$167,$2496,$5309,$1753,$396,$291,$809,$2561,$4,$1801,$0,$2748,$5309,$1118,$303,$66,$368,$0,$-94,$83,$84,$73,$1559,$-298,$0,$0,$2,$0,$2,$3,$-293,$0,$0,$0,$-725,$-725,$-215,$23,$-916,$350,$75,$-215
7,2016-10-31,61.47,$6.72,9.14,$31.63,1.94,$6.99,8.79,$2.72,22.6,$2.88B,$1.89B,1.52,$0.40B,$2.65B,0.15,$12.61B,$3.59B,28.45%,$12.61B,$1.74B,13.79%,$12.61B,$1.74B,13.79%,$12.61B,$2.04B,16.15%,$12.61B,$1.72B,13.66%,$12.61B,$1.08B,8.58%,$1.08B,$2.65B,42.12%,$1.08B,$2.65B,42.12%,$1.08B,$5.35B,21.08%,$1.74B,$3.05B,58.65%,$3510,$2540,$971,$0,$494,$3033,$477,$-4,$473,$172,$301,$301,$301,$466,$477,$392,395,$0.77,$0.77,$880,$1764,$0,$2875,$2311,$1,$0,$163,$2475,$5350,$1888,$396,$294,$812,$2700,$4,$1718,$0,$2650,$5350,$817,$224,$48,$273,$0,$-345,$213,$71,$-60,$1029,$-220,$0,$0,$1,$0,$1,$3,$-216,$0,$0,$0,$-559,$-559,$-162,$25,$-696,$117,$56,$-162
8,2016-07-31,60.64,$6.59,9.2,$30.66,1.98,$6.11,9.92,$2.63,23.06,$2.71B,$1.75B,1.55,$0.40B,$2.61B,0.15,$12.30B,$3.49B,28.33%,$12.30B,$1.69B,13.69%,$12.30B,$1.69B,13.69%,$12.30B,$1.98B,16.09%,$12.30B,$1.67B,13.56%,$12.30B,$1.05B,8.56%,$1.05B,$2.61B,42.04%,$1.05B,$2.61B,42.04%,$1.05B,$5.19B,20.98%,$1.69B,$3.01B,58.08%,$3087,$2206,$881,$0,$490,$2696,$390,$-4,$386,$142,$245,$245,$245,$534,$390,$391,393,$0.63,$0.62,$929,$1560,$0,$2714,$2310,$1,$0,$169,$2481,$5194,$1751,$396,$297,$829,$2580,$4,$1700,$0,$2614,$5194,$573,$149,$42,$190,$0,$-141,$193,$-35,$17,$780,$-147,$0,$0,$1,$0,$1,$-0,$-147,$0,$0,$0,$-381,$-381,$-108,$23,$-466,$166,$36,$-108
9,2016-04-30,55.55,$6.36,8.74,$29.90,1.86,$5.49,10.12,$2.55,21.78,$2.63B,$1.75B,1.5,$0.40B,$2.54B,0.16,$12.09B,$3.41B,28.17%,$12.09B,$1.64B,13.56%,$12.09B,$1.64B,13.56%,$12.09B,$1.93B,15.92%,$12.09B,$1.63B,13.44%,$12.09B,$1.03B,8.52%,$1.03B,$2.54B,42.08%,$1.03B,$2.54B,42.08%,$1.03B,$5.11B,20.92%,$1.64B,$2.94B,57.63%,$3181,$2252,$929,$0,$470,$2721,$460,$-4,$455,$173,$282,$282,$282,$550,$460,$394,396,$0.72,$0.71,$912,$1498,$0,$2629,$2318,$1,$0,$165,$2485,$5114,$1751,$396,$287,$824,$2575,$4,$1642,$0,$2539,$5114,$291,$74,$28,$102,$0,$-79,$124,$32,$76,$469,$-80,$0,$0,$0,$0,$0,$-0,$-80,$0,$0,$0,$-207,$-207,$-54,$21,$-241,$148,$18,$-54
10,2016-01-31,54.91,$6.14,8.94,$29.30,1.87,$5.26,10.44,$2.51,21.92,$2.37B,$1.60B,1.48,$0.40B,$2.47B,0.16,$11.94B,$3.36B,28.17%,$11.94B,$1.62B,13.60%,$11.94B,$1.62B,13.60%,$11.94B,$1.90B,15.91%,$11.94B,$1.61B,13.50%,$11.94B,$1.02B,8.55%,$1.02B,$2.47B,42.60%,$1.02B,$2.47B,42.60%,$1.02B,$4.87B,20.94%,$1.62B,$2.87B,58.16%,$3089,$2176,$913,$0,$437,$2613,$476,$-4,$472,$181,$291,$291,$291,$486,$476,$396,399,$0.73,$0.73,$763,$1419,$0,$2372,$2343,$1,$0,$153,$2497,$4869,$1603,$396,$268,$794,$2397,$4,$1575,$0,$2472,$4869,$1021,$275,$127,$402,$0,$-46,$-41,$-9,$-97,$1326,$-367,$0,$0,$1,$-1,$0,$4,$-363,$0,$0,$0,$-749,$-749,$-192,$42,$-899,$65,$71,$-192
11,2015-10-31,49.26,$5.91,8.33,$28.56,1.72,$4.64,10.63,$2.45,20.15,$2.43B,$1.75B,1.39,$0.40B,$2.39B,0.17,$11.72B,$3.33B,28.40%,$11.72B,$1.61B,13.73%,$11.72B,$1.61B,13.73%,$11.72B,$1.88B,16.00%,$11.72B,$1.60B,13.64%,$11.72B,$1.01B,8.58%,$1.01B,$2.39B,42.84%,$1.01B,$2.39B,42.84%,$1.01B,$4.90B,20.83%,$1.61B,$2.79B,58.67%,$3251,$2387,$864,$0,$451,$2837,$413,$-5,$409,$145,$264,$264,$264,$410,$413,$403,406,$0.66,$0.66,$487,$1701,$0,$2425,$2308,$2,$0,$159,$2469,$4895,$1749,$396,$285,$751,$2501,$4,$1522,$0,$2394,$4895,$757,$202,$42,$244,$0,$-328,$74,$16,$-239,$762,$-286,$0,$0,$1,$-1,$-0,$-0,$-286,$0,$0,$0,$-582,$-582,$-145,$39,$-687,$-211,$46,$-145
12,2015-07-31,51.64,$5.85,8.83,$27.92,1.85,$4.49,11.5,$2.38,21.7,$2.36B,$1.68B,1.41,$0.40B,$2.39B,0.17,$11.54B,$3.27B,28.31%,$11.54B,$1.58B,13.70%,$11.54B,$1.58B,13.70%,$11.54B,$1.83B,15.87%,$11.54B,$1.57B,13.63%,$11.54B,$0.98B,8.52%,$0.98B,$2.39B,42.80%,$0.98B,$2.39B,42.80%,$0.98B,$4.81B,20.60%,$1.58B,$2.78B,58.72%,$2783,$2003,$780,$0,$443,$2447,$336,$-4,$332,$116,$216,$216,$216,$479,$336,$401,405,$0.54,$0.53,$631,$1510,$0,$2359,$2289,$3,$0,$162,$2454,$4814,$1676,$396,$287,$751,$2427,$4,$1526,$0,$2387,$4814,$541,$129,$24,$153,$0,$-137,$65,$-31,$-104,$590,$-193,$0,$0,$1,$-1,$-0,$-0,$-193,$0,$0,$0,$-404,$-404,$-97,$37,$-463,$-66,$30,$-97
13,2015-04-30,47.91,$5.67,8.45,$27.15,1.76,$4.68,10.23,$2.32,20.65,$2.47B,$1.83B,1.36,$0.40B,$2.33B,0.17,$11.30B,$3.20B,28.35%,$11.30B,$1.56B,13.78%,$11.30B,$1.56B,13.78%,$11.30B,$1.80B,15.90%,$11.30B,$1.55B,13.73%,$11.30B,$0.96B,8.53%,$0.96B,$2.33B,43.09%,$0.96B,$2.33B,43.09%,$0.96B,$4.92B,20.91%,$1.56B,$2.73B,60.55%,$2968,$2119,$849,$0,$435,$2555,$414,$-2,$412,$153,$259,$259,$259,$525,$414,$405,408,$0.64,$0.63,$762,$1504,$0,$2474,$2277,$3,$0,$170,$2450,$4923,$1825,$396,$296,$765,$2590,$4,$1485,$0,$2333,$4923,$282,$63,$13,$77,$0,$-132,$143,$44,$55,$414,$-107,$0,$0,$1,$-1,$-0,$-0,$-107,$0,$0,$0,$-231,$-231,$-49,$37,$-242,$65,$14,$-49
14,2015-01-31,44.34,$5.49,8.07,$26.35,1.68,$4.78,9.28,$2.21,20.06,$2.25B,$1.66B,1.36,$0.40B,$2.28B,0.17,$11.04B,$3.10B,28.11%,$11.04B,$1.49B,13.48%,$11.04B,$1.49B,13.48%,$11.04B,$1.72B,15.58%,$11.04B,$1.49B,13.45%,$11.04B,$0.93B,8.39%,$0.93B,$2.28B,42.62%,$0.93B,$2.28B,42.62%,$0.93B,$4.69B,20.96%,$1.49B,$2.68B,60.89%,$2938,$2067,$871,$0,$409,$2477,$461,$-2,$459,$177,$282,$282,$282,$461,$461,$408,411,$0.69,$0.69,$697,$1373,$0,$2250,$2274,$3,$0,$161,$2438,$4687,$1659,$396,$280,$749,$2408,$4,$1422,$0,$2279,$4687,$925,$233,$78,$311,$0,$-116,$204,$48,$137,$1373,$-647,$0,$0,$12,$0,$12,$-4,$-639,$246,$0,$246,$-567,$-567,$-168,$29,$-460,$273,$53,$-168
15,2014-10-31,38.94,$5.25,7.42,$25.45,1.53,$4.13,9.42,$2.12,18.37,$2.30B,$1.77B,1.3,$0.40B,$2.19B,0.18,$10.75B,$3.02B,28.13%,$10.75B,$1.44B,13.38%,$10.75B,$1.44B,13.38%,$10.75B,$1.66B,15.48%,$10.75B,$1.44B,13.37%,$10.75B,$0.90B,8.32%,$0.90B,$2.19B,42.53%,$0.90B,$2.19B,42.53%,$0.90B,$4.67B,21.20%,$1.44B,$2.58B,62.09%,$3033,$2204,$829,$0,$430,$2634,$399,$-2,$396,$148,$249,$249,$249,$366,$399,$414,418,$0.61,$0.61,$572,$1495,$0,$2302,$2202,$4,$0,$159,$2364,$4667,$1767,$396,$278,$713,$2480,$4,$1341,$0,$2187,$4667,$676,$170,$13,$183,$0,$-238,$353,$7,$123,$982,$-552,$0,$0,$12,$0,$12,$-5,$-544,$246,$0,$246,$-439,$-439,$-127,$30,$-289,$148,$39,$-127
16,2014-07-31,30.99,$5.12,6.05,$24.78,1.25,$3.70,8.38,$2.06,15.08,$2.02B,$1.53B,1.32,$0.15B,$2.15B,0.07,$10.55B,$2.96B,28.05%,$10.55B,$1.40B,13.28%,$10.55B,$1.40B,13.28%,$10.55B,$1.62B,15.35%,$10.55B,$1.40B,13.28%,$10.55B,$0.87B,8.28%,$0.87B,$2.15B,42.78%,$0.87B,$2.15B,42.78%,$0.87B,$4.17B,21.63%,$1.40B,$2.30B,63.89%,$2599,$1882,$717,$0,$410,$2292,$307,$-1,$306,$113,$193,$193,$193,$445,$307,$412,416,$0.47,$0.46,$550,$1259,$0,$2024,$1979,$4,$0,$161,$2144,$4168,$1532,$150,$284,$486,$2018,$4,$1325,$0,$2149,$4168,$483,$111,$15,$126,$0,$-2,$190,$-56,$132,$742,$-253,$0,$0,$12,$0,$12,$-7,$-248,$0,$0,$0,$-306,$-306,$-85,$24,$-367,$127,$25,$-85
17,2014-04-30,32.66,$4.90,6.66,$24.16,1.35,$3.14,10.42,$1.98,16.54,$2.06B,$1.58B,1.31,$0.15B,$2.08B,0.07,$10.37B,$2.90B,27.97%,$10.37B,$1.36B,13.08%,$10.37B,$1.36B,13.08%,$10.37B,$1.57B,15.14%,$10.37B,$1.36B,13.08%,$10.37B,$0.85B,8.17%,$0.85B,$2.08B,42.59%,$0.85B,$2.08B,42.59%,$0.85B,$4.15B,21.30%,$1.36B,$2.23B,63.46%,$2730,$1944,$786,$0,$395,$2339,$390,$0,$390,$151,$240,$240,$240,$449,$390,$415,419,$0.58,$0.57,$596,$1251,$0,$2063,$1924,$4,$0,$161,$2088,$4151,$1576,$150,$287,$500,$2076,$2,$1260,$0,$2075,$4151,$244,$56,$14,$70,$0,$6,$157,$27,$190,$505,$-149,$0,$0,$12,$0,$12,$-7,$-144,$0,$0,$0,$-168,$-168,$-43,$23,$-188,$173,$12,$-43
18,2014-01-31,32.49,$4.70,6.91,$23.63,1.37,$2.88,11.29,$1.94,16.79,$1.87B,$1.39B,1.34,$0.15B,$2.01B,0.08,$10.23B,$2.87B,28.05%,$10.23B,$1.34B,13.13%,$10.23B,$1.34B,13.13%,$10.23B,$1.55B,15.14%,$10.23B,$1.34B,13.13%,$10.23B,$0.84B,8.19%,$0.84B,$2.01B,43.23%,$0.84B,$2.01B,43.23%,$0.84B,$3.90B,21.49%,$1.34B,$2.16B,64.30%,$2681,$1908,$772,$0,$380,$2288,$393,$0,$393,$149,$244,$244,$244,$404,$393,$418,423,$0.59,$0.58,$435,$1257,$0,$1867,$1875,$4,$0,$151,$2030,$3897,$1393,$150,$288,$496,$1889,$2,$1191,$0,$2007,$3897,$837,$206,$32,$238,$0,$-48,$-4,$-2,$-54,$1022,$-551,$0,$0,$2,$-12,$-10,$-3,$-564,$0,$0,$0,$-561,$-561,$-148,$27,$-682,$-224,$47,$-148
19,2013-10-31,36.92,$4.52,8.18,$23.48,1.57,$3.03,12.17,$1.96,18.84,$2.05B,$1.50B,1.37,$0.15B,$1.94B,0.08,$10.25B,$2.89B,28.18%,$10.25B,$1.37B,13.39%,$10.25B,$1.37B,13.39%,$10.25B,$1.57B,15.36%,$10.25B,$1.37B,13.38%,$10.25B,$0.86B,8.36%,$0.86B,$1.94B,45.62%,$0.86B,$1.94B,45.62%,$0.86B,$3.95B,22.30%,$1.37B,$2.09B,67.64%,$2741,$1992,$749,$0,$401,$2393,$348,$0,$348,$130,$218,$218,$218,$321,$348,$426,432,$0.52,$0.52,$384,$1430,$0,$2050,$1741,$4,$0,$152,$1897,$3947,$1497,$150,$280,$509,$2006,$2,$1133,$0,$1941,$3947,$619,$149,$35,$184,$0,$-221,$139,$-40,$-122,$681,$-423,$0,$0,$1,$-12,$-11,$-3,$-437,$0,$0,$0,$-434,$-434,$-111,$27,$-519,$-274,$36,$-111
20,2013-07-31,32.13,$4.46,7.21,$22.99,1.4,$3.31,9.7,$1.92,16.74,$2.10B,$1.47B,1.43,$0.15B,$1.93B,0.08,$10.12B,$2.85B,28.18%,$10.12B,$1.36B,13.43%,$10.12B,$1.36B,13.43%,$10.12B,$1.56B,15.37%,$10.12B,$1.36B,13.40%,$10.12B,$0.85B,8.35%,$0.85B,$1.93B,46.49%,$0.85B,$1.93B,46.49%,$0.85B,$3.91B,22.43%,$1.36B,$2.08B,69.01%,$2398,$1746,$652,$0,$382,$2128,$270,$0,$270,$99,$172,$172,$172,$396,$270,$424,430,$0.41,$0.40,$551,$1331,$0,$2098,$1646,$4,$0,$159,$1810,$3908,$1472,$150,$271,$506,$1978,$2,$1136,$0,$1931,$3908,$448,$99,$23,$121,$0,$-121,$168,$-84,$-37,$532,$-272,$0,$0,$1,$0,$1,$-12,$-283,$0,$0,$0,$-293,$-293,$-75,$22,$-346,$-96,$24,$-75
21,2013-04-30,31.38,$4.29,7.32,$22.33,1.4,$3.50,8.97,$1.84,17.1,$2.15B,$1.47B,1.47,$0.15B,$1.88B,0.08,$9.91B,$2.77B,28.00%,$9.91B,$1.31B,13.24%,$9.91B,$1.31B,13.24%,$9.91B,$1.50B,15.17%,$9.91B,$1.31B,13.19%,$9.91B,$0.81B,8.22%,$0.81B,$1.88B,46.49%,$0.81B,$1.88B,46.49%,$0.81B,$3.84B,22.12%,$1.31B,$2.03B,68.96%,$2551,$1824,$728,$0,$381,$2205,$346,$0,$346,$133,$213,$213,$213,$428,$346,$428,433,$0.50,$0.49,$715,$1226,$0,$2153,$1527,$4,$0,$159,$1690,$3843,$1467,$150,$261,$500,$1968,$2,$1092,$1,$1875,$3843,$235,$49,$14,$63,$0,$-17,$90,$-17,$55,$353,$-98,$0,$0,$0,$0,$0,$-12,$-110,$0,$0,$0,$-158,$-158,$-37,$20,$-176,$67,$12,$-37
22,2013-01-31,28.27,$4.00,7.06,$21.76,1.3,$3.45,8.21,$1.77,16.02,$2.03B,$1.42B,1.43,$0.15B,$1.77B,0.09,$9.72B,$2.71B,27.87%,$9.72B,$1.27B,13.08%,$9.72B,$1.27B,13.08%,$9.72B,$1.46B,15.00%,$9.72B,$1.27B,13.01%,$9.72B,$0.79B,8.11%,$0.79B,$1.77B,46.77%,$0.79B,$1.77B,46.77%,$0.79B,$3.67B,21.99%,$1.27B,$1.92B,69.32%,$2540,$1799,$741,$0,$362,$2161,$379,$-0,$379,$144,$235,$235,$235,$429,$379,$431,437,$0.55,$0.54,$648,$1209,$0,$2031,$1493,$4,$0,$141,$1639,$3671,$1423,$150,$247,$481,$1904,$2,$989,$1,$1767,$3671,$787,$185,$11,$196,$0,$-79,$40,$36,$-3,$980,$-424,$0,$0,$6,$-5,$1,$-2,$-426,$0,$0,$0,$-460,$-460,$-126,$29,$-557,$-3,$49,$-126
23,2012-10-31,28.79,$3.82,7.54,$20.78,1.39,$3.08,9.36,$1.66,17.4,$2.15B,$1.47B,1.47,$0.15B,$1.70B,0.09,$9.36B,$2.60B,27.74%,$9.36B,$1.21B,12.89%,$9.36B,$1.21B,12.89%,$9.36B,$1.38B,14.78%,$9.36B,$1.20B,12.79%,$9.36B,$0.74B,7.94%,$0.74B,$1.70B,45.96%,$0.74B,$1.70B,45.96%,$0.74B,$3.65B,21.28%,$1.21B,$1.85B,68.27%,$2761,$1994,$767,$0,$390,$2384,$377,$-1,$376,$139,$237,$237,$237,$302,$377,$438,446,$0.55,$0.54,$625,$1343,$0,$2151,$1352,$4,$0,$141,$1497,$3648,$1467,$150,$223,$484,$1950,$2,$931,$1,$1698,$3648,$550,$134,$34,$168,$0,$-213,$157,$-15,$-72,$646,$-255,$0,$0,$1,$-0,$0,$-2,$-257,$0,$0,$0,$-348,$-348,$-95,$27,$-415,$-26,$37,$-95
24,2012-07-31,31.32,$3.72,8.43,$20.17,1.55,$2.60,12.06,$1.61,19.45,$2.12B,$1.42B,1.5,$0.15B,$1.66B,0.09,$9.14B,$2.54B,27.76%,$9.14B,$1.17B,12.84%,$9.14B,$1.17B,12.84%,$9.14B,$1.35B,14.71%,$9.14B,$1.16B,12.73%,$9.14B,$0.73B,7.95%,$0.73B,$1.66B,46.79%,$0.73B,$1.66B,46.79%,$0.73B,$3.56B,21.54%,$1.17B,$1.81B,68.91%,$2263,$1649,$614,$0,$358,$2007,$256,$-2,$254,$95,$160,$160,$160,$344,$256,$437,444,$0.37,$0.36,$723,$1219,$0,$2118,$1295,$5,$0,$143,$1442,$3560,$1415,$150,$216,$481,$1896,$2,$909,$1,$1664,$3560,$391,$88,$25,$113,$0,$-89,$156,$-66,$1,$504,$-152,$0,$0,$1,$-0,$0,$-5,$-157,$0,$0,$0,$-237,$-237,$-63,$24,$-276,$71,$24,$-63
25,2012-04-30,28.93,$3.57,8.1,$19.45,1.49,$1.84,15.69,$1.53,18.97,$2.06B,$1.37B,1.5,$0.15B,$1.61B,0.09,$8.89B,$2.45B,27.58%,$8.89B,$1.12B,12.59%,$8.89B,$1.12B,12.59%,$8.89B,$1.28B,14.43%,$8.89B,$1.11B,12.47%,$8.89B,$0.69B,7.80%,$0.69B,$1.61B,46.38%,$0.69B,$1.61B,46.38%,$0.69B,$3.46B,21.33%,$1.12B,$1.76B,68.06%,$2341,$1690,$651,$0,$352,$2042,$299,$-2,$297,$115,$182,$182,$182,$383,$299,$440,447,$0.42,$0.41,$742,$1135,$0,$2059,$1247,$6,$0,$146,$1399,$3457,$1371,$150,$212,$476,$1847,$2,$867,$1,$1611,$3457,$209,$43,$12,$55,$0,$-5,$100,$-62,$34,$297,$-58,$0,$0,$0,$0,$0,$-13,$-71,$0,$0,$0,$-126,$-126,$-32,$23,$-135,$91,$12,$-32
26,2012-01-31,23.84,$3.29,7.24,$18.65,1.28,$1.25,19.08,$1.43,16.67,$1.92B,$1.35B,1.43,$0.15B,$1.49B,0.1,$8.61B,$2.37B,27.50%,$8.61B,$1.06B,12.35%,$8.61B,$1.06B,12.35%,$8.61B,$1.22B,14.22%,$8.61B,$1.05B,12.23%,$8.61B,$0.66B,7.63%,$0.66B,$1.49B,45.53%,$0.66B,$1.49B,45.53%,$0.66B,$3.30B,20.79%,$1.06B,$1.64B,66.73%,$2357,$1679,$678,$0,$338,$2017,$340,$-2,$338,$129,$209,$209,$209,$354,$340,$442,450,$0.47,$0.47,$650,$1130,$0,$1924,$1242,$6,$0,$130,$1377,$3301,$1346,$150,$204,$462,$1808,$2,$763,$1,$1493,$3301,$657,$160,$63,$223,$0,$-43,$-12,$-5,$-60,$820,$-416,$0,$0,$0,$5,$5,$-60,$-472,$0,$0,$0,$-449,$-449,$-102,$18,$-532,$-184,$40,$-102
27,2011-10-31,20.52,$3.16,6.48,$17.91,1.15,$1.36,15.08,$1.35,15.23,$1.96B,$1.27B,1.54,$0.15B,$1.45B,0.1,$8.36B,$2.30B,27.49%,$8.36B,$1.02B,12.15%,$8.36B,$1.02B,12.15%,$8.36B,$1.17B,14.05%,$8.36B,$1.01B,12.04%,$8.36B,$0.63B,7.50%,$0.63B,$1.45B,44.69%,$0.63B,$1.45B,44.69%,$0.63B,$3.18B,20.14%,$1.02B,$1.60B,65.36%,$2398,$1745,$653,$0,$342,$2087,$311,$-3,$308,$116,$192,$192,$192,$264,$311,$452,460,$0.44,$0.43,$553,$1234,$0,$1958,$1088,$6,$0,$130,$1224,$3182,$1269,$150,$204,$466,$1735,$1,$730,$1,$1447,$3182,$465,$117,$42,$159,$0,$-147,$18,$-82,$-210,$414,$-231,$0,$0,$0,$11,$11,$-67,$-287,$0,$0,$0,$-344,$-344,$-77,$13,$-408,$-281,$30,$-77
28,2011-07-31,17.67,$3.08,5.73,$17.37,1.02,$1.54,11.45,$1.29,13.73,$1.87B,$1.17B,1.61,$0.15B,$1.43B,0.11,$8.18B,$2.25B,27.50%,$8.18B,$0.99B,12.07%,$8.18B,$0.99B,12.07%,$8.18B,$1.15B,14.00%,$8.18B,$0.98B,11.96%,$8.18B,$0.60B,7.38%,$0.60B,$1.43B,44.33%,$0.60B,$1.43B,44.33%,$0.60B,$3.06B,19.75%,$0.99B,$1.58B,65.32%,$2046,$1490,$556,$0,$332,$1822,$224,$-3,$221,$77,$144,$144,$144,$282,$224,$449,457,$0.32,$0.32,$514,$1190,$0,$1870,$1043,$6,$0,$136,$1185,$3055,$1165,$150,$198,$465,$1629,$1,$717,$1,$1426,$3055,$321,$77,$40,$117,$0,$-103,$-32,$-142,$-277,$162,$-146,$0,$0,$0,$10,$10,$-73,$-209,$0,$0,$0,$-234,$-234,$-52,$12,$-274,$-321,$19,$-52
29,2011-04-30,17.14,$3.01,5.7,$16.82,1.02,$1.96,8.75,$1.24,13.88,$2.00B,$1.24B,1.61,$0.15B,$1.41B,0.11,$8.01B,$2.20B,27.49%,$8.01B,$0.96B,11.95%,$8.01B,$0.96B,11.95%,$8.01B,$1.12B,13.95%,$8.01B,$0.95B,11.83%,$8.01B,$0.59B,7.31%,$0.59B,$1.41B,44.31%,$0.59B,$1.41B,44.31%,$0.59B,$3.10B,19.45%,$0.96B,$1.56B,65.09%,$2089,$1524,$565,$0,$321,$1845,$244,$-3,$242,$93,$148,$148,$148,$324,$244,$455,462,$0.33,$0.32,$674,$1173,$0,$1997,$1006,$12,$0,$87,$1105,$3102,$1239,$150,$201,$457,$1696,$1,$705,$0,$1406,$3102,$173,$40,$20,$60,$0,$-86,$1,$-107,$-192,$41,$-70,$0,$0,$0,$2,$2,$0,$-68,$0,$0,$0,$-120,$-120,$-26,$10,$-136,$-163,$10,$-26
30,2011-01-31,15.12,$2.82,5.36,$16.33,0.93,$2.33,6.48,$1.16,13.09,$2.04B,$1.35B,1.51,$0.15B,$1.33B,0.11,$7.87B,$2.14B,27.17%,$7.87B,$0.91B,11.53%,$7.87B,$0.91B,11.53%,$7.87B,$1.07B,13.56%,$7.87B,$0.90B,11.40%,$7.87B,$0.55B,7.04%,$0.55B,$1.33B,43.42%,$0.55B,$1.33B,43.42%,$0.55B,$3.12B,18.76%,$0.91B,$1.48B,63.60%,$2075,$1481,$593,$0,$309,$1790,$284,$-2,$282,$109,$173,$173,$173,$304,$284,$459,467,$0.38,$0.37,$837,$1087,$0,$2043,$984,$14,$0,$75,$1073,$3116,$1352,$150,$190,$431,$1784,$2,$637,$0,$1333,$3116,$555,$161,$19,$180,$0,$-214,$103,$50,$-62,$673,$-199,$0,$0,$0,$2,$2,$0,$-197,$0,$0,$0,$-348,$-348,$-77,$15,$-411,$66,$37,$-77
31,2010-10-31,13.65,$2.70,5.06,$15.81,0.86,$2.81,4.86,$1.10,12.38,$1.91B,$1.25B,1.53,$0.15B,$1.29B,0.12,$7.70B,$2.07B,26.89%,$7.70B,$0.88B,11.36%,$7.70B,$0.88B,11.36%,$7.70B,$1.04B,13.48%,$7.70B,$0.87B,11.23%,$7.70B,$0.54B,6.95%,$0.54B,$1.29B,43.43%,$0.54B,$1.29B,43.43%,$0.54B,$2.96B,18.66%,$0.88B,$1.44B,63.31%,$2145,$1562,$583,$0,$320,$1882,$263,$-3,$261,$99,$162,$162,$162,$236,$263,$471,480,$0.35,$0.34,$735,$1048,$0,$1905,$966,$17,$0,$75,$1058,$2963,$1248,$150,$188,$430,$1678,$1,$601,$1,$1285,$2963,$393,$120,$19,$140,$0,$-176,$129,$-59,$-106,$427,$-150,$0,$0,$0,$1,$1,$0,$-149,$0,$0,$0,$-266,$-266,$-58,$11,$-313,$-36,$28,$-58
32,2010-07-31,12.14,$2.61,4.65,$15.38,0.79,$3.15,3.86,$1.06,11.48,$1.82B,$1.18B,1.54,$0.15B,$1.26B,0.12,$7.57B,$2.02B,26.69%,$7.57B,$0.85B,11.24%,$7.57B,$0.85B,11.24%,$7.57B,$1.01B,13.39%,$7.57B,$0.84B,11.12%,$7.57B,$0.52B,6.86%,$0.52B,$1.26B,43.71%,$0.52B,$1.26B,43.71%,$0.52B,$2.85B,18.46%,$0.85B,$1.41B,63.63%,$1874,$1366,$509,$0,$312,$1678,$197,$-2,$194,$73,$121,$121,$121,$253,$197,$468,476,$0.26,$0.26,$775,$916,$0,$1815,$945,$19,$0,$72,$1036,$2851,$1180,$150,$184,$414,$1594,$1,$586,$1,$1257,$2851,$272,$80,$-5,$75,$0,$-43,$107,$-106,$-42,$305,$-88,$0,$0,$0,$-2,$-2,$0,$-90,$0,$0,$0,$-180,$-180,$-39,$9,$-211,$4,$18,$-39
33,2010-04-30,12.88,$2.52,5.12,$14.93,0.86,$3.36,3.83,$1.00,12.94,$1.86B,$1.23B,1.51,$0.15B,$1.23B,0.12,$7.43B,$1.96B,26.43%,$7.43B,$0.81B,10.89%,$7.43B,$0.81B,10.89%,$7.43B,$0.97B,13.06%,$7.43B,$0.80B,10.80%,$7.43B,$0.49B,6.64%,$0.49B,$1.23B,43.23%,$0.49B,$1.23B,43.23%,$0.49B,$2.88B,17.94%,$0.81B,$1.38B,62.69%,$1912,$1396,$516,$0,$303,$1699,$213,$-2,$210,$81,$129,$129,$129,$274,$213,$474,482,$0.27,$0.27,$826,$908,$0,$1860,$934,$16,$0,$73,$1023,$2883,$1230,$150,$185,$424,$1653,$1,$567,$0,$1229,$2883,$142,$40,$-6,$34,$0,$-36,$110,$-62,$13,$189,$-36,$0,$0,$0,$1,$1,$0,$-35,$0,$0,$0,$-86,$-86,$-20,$6,$-99,$55,$9,$-20
34,2010-01-31,10.52,$2.35,4.47,$14.32,0.74,$3.45,3.05,$0.89,11.89,$1.75B,$1.19B,1.47,$0.15B,$1.16B,0.13,$7.19B,$1.86B,25.85%,$7.19B,$0.73B,10.10%,$7.19B,$0.73B,10.10%,$7.19B,$0.88B,12.30%,$7.19B,$0.72B,10.01%,$7.19B,$0.44B,6.15%,$0.44B,$1.16B,40.47%,$0.44B,$1.16B,40.47%,$0.44B,$2.77B,16.60%,$0.73B,$1.31B,58.44%,$1935,$1406,$529,$0,$294,$1701,$234,$-2,$232,$89,$142,$142,$142,$275,$234,$479,489,$0.30,$0.29,$770,$872,$0,$1745,$943,$17,$0,$63,$1023,$2769,$1191,$150,$175,$421,$1611,$1,$511,$0,$1157,$2769,$443,$159,$43,$202,$0,$9,$116,$119,$243,$888,$-158,$0,$0,$0,$22,$22,$0,$-137,$0,$0,$0,$-257,$-257,$-55,$7,$-305,$447,$26,$-55
35,2009-10-31,10.06,$2.23,4.5,$13.66,0.74,$2.68,3.76,$0.79,12.81,$1.71B,$1.21B,1.42,$0.15B,$1.11B,0.14,$6.94B,$1.75B,25.26%,$6.94B,$0.65B,9.40%,$6.94B,$0.65B,9.40%,$6.94B,$0.81B,11.63%,$6.94B,$0.65B,9.30%,$6.94B,$0.40B,5.71%,$0.40B,$1.11B,37.64%,$0.40B,$1.11B,37.64%,$0.40B,$2.74B,15.47%,$0.65B,$1.26B,54.24%,$1980,$1463,$517,$0,$286,$1749,$231,$-3,$229,$86,$143,$143,$143,$212,$231,$492,500,$0.29,$0.29,$577,$1015,$0,$1714,$946,$19,$0,$63,$1027,$2741,$1208,$150,$172,$426,$1634,$1,$465,$0,$1107,$2741,$300,$115,$31,$146,$0,$-134,$245,$27,$138,$584,$-124,$0,$0,$0,$20,$20,$0,$-104,$0,$0,$0,$-190,$-190,$-42,$6,$-225,$255,$19,$-42
36,2009-07-31,10.05,$2.14,4.7,$13.13,0.77,$2.12,4.73,$0.69,14.67,$1.58B,$1.11B,1.42,$0.15B,$1.07B,0.14,$6.75B,$1.65B,24.46%,$6.75B,$0.57B,8.49%,$6.75B,$0.57B,8.49%,$6.75B,$0.72B,10.73%,$6.75B,$0.57B,8.41%,$6.75B,$0.35B,5.16%,$0.35B,$1.07B,34.06%,$0.35B,$1.07B,34.06%,$0.35B,$2.60B,13.95%,$0.57B,$1.22B,48.90%,$1744,$1285,$459,$0,$287,$1571,$173,$-2,$171,$66,$105,$105,$105,$209,$173,$490,499,$0.22,$0.21,$522,$926,$0,$1575,$943,$22,$0,$61,$1026,$2601,$1107,$150,$169,$425,$1531,$1,$443,$-0,$1069,$2601,$195,$76,$24,$99,$0,$-45,$180,$-15,$120,$414,$-81,$0,$0,$0,$17,$17,$0,$-64,$0,$0,$0,$-127,$-127,$-28,$4,$-151,$199,$13,$-28
37,2009-04-30,8.63,$2.04,4.22,$12.71,0.68,$1.83,4.72,$0.62,14.03,$1.51B,$1.09B,1.38,$0.15B,$1.04B,0.15,$6.62B,$1.58B,23.83%,$6.62B,$0.52B,7.82%,$6.62B,$0.52B,7.82%,$6.62B,$0.66B,10.03%,$6.62B,$0.52B,7.78%,$6.62B,$0.32B,4.77%,$0.32B,$1.04B,31.41%,$0.32B,$1.04B,31.41%,$0.32B,$2.54B,12.82%,$0.52B,$1.19B,44.81%,$1769,$1311,$458,$0,$286,$1597,$171,$-1,$170,$67,$103,$103,$103,$188,$171,$494,503,$0.21,$0.21,$460,$918,$0,$1507,$942,$33,$0,$59,$1035,$2542,$1089,$150,$164,$418,$1506,$1,$423,$-1,$1036,$2542,$91,$38,$15,$52,$0,$-37,$160,$-26,$97,$241,$-34,$0,$0,$0,$5,$5,$0,$-29,$0,$0,$0,$-62,$-62,$-14,$2,$-73,$138,$6,$-14
38,2009-01-31,6.67,$1.96,3.41,$12.28,0.54,$1.64,4.06,$0.59,11.39,$1.31B,$0.96B,1.38,$0.15B,$1.00B,0.15,$6.49B,$1.53B,23.59%,$6.49B,$0.49B,7.62%,$6.49B,$0.49B,7.62%,$6.49B,$0.64B,9.81%,$6.49B,$0.50B,7.63%,$6.49B,$0.30B,4.69%,$0.30B,$1.00B,30.54%,$0.30B,$1.00B,30.54%,$0.30B,$2.36B,12.46%,$0.49B,$1.15B,43.13%,$1692,$1269,$423,$0,$272,$1541,$151,$-2,$149,$58,$91,$91,$91,$198,$151,$499,506,$0.18,$0.18,$322,$881,$0,$1314,$952,$38,$0,$52,$1042,$2356,$955,$150,$157,$404,$1359,$1,$401,$-1,$996,$2356,$305,$142,$49,$191,$0,$144,$-102,$45,$87,$583,$-224,$0,$0,$0,$6,$6,$0,$-219,$0,$0,$0,$-257,$-257,$-50,$6,$-301,$64,$23,$-50
39,2008-10-31,7.38,$1.91,3.87,$11.99,0.62,$1.17,6.3,$0.57,12.95,$1.46B,$1.10B,1.33,$0.15B,$0.99B,0.15,$6.40B,$1.50B,23.49%,$6.40B,$0.49B,7.59%,$6.40B,$0.49B,7.59%,$6.40B,$0.62B,9.68%,$6.40B,$0.49B,7.68%,$6.40B,$0.30B,4.70%,$0.30B,$0.99B,30.43%,$0.30B,$0.99B,30.43%,$0.30B,$2.48B,12.32%,$0.49B,$1.14B,42.66%,$1734,$1321,$413,$0,$255,$1577,$157,$-3,$155,$58,$97,$97,$97,$129,$157,$517,525,$0.19,$0.19,$234,$1093,$0,$1457,$932,$39,$0,$55,$1026,$2483,$1099,$150,$162,$398,$1497,$1,$391,$-3,$986,$2483,$208,$101,$26,$127,$0,$-68,$62,$39,$34,$369,$-175,$0,$0,$0,$1,$1,$0,$-174,$0,$0,$0,$-189,$-189,$-37,$6,$-221,$-26,$17,$-37
40,2008-07-31,8.55,$1.91,4.47,$11.72,0.73,$0.72,11.87,$0.55,15.55,$1.47B,$1.07B,1.37,$0.15B,$1.01B,0.15,$6.32B,$1.47B,23.20%,$6.32B,$0.47B,7.46%,$6.32B,$0.47B,7.46%,$6.32B,$0.60B,9.52%,$6.32B,$0.48B,7.55%,$6.32B,$0.29B,4.64%,$0.29B,$1.01B,30.04%,$0.29B,$1.01B,30.04%,$0.29B,$2.48B,12.16%,$0.47B,$1.16B,41.85%,$1555,$1198,$357,$0,$263,$1461,$94,$0,$94,$37,$57,$57,$57,$149,$94,$516,524,$0.11,$0.11,$312,$1019,$0,$1465,$907,$44,$0,$63,$1014,$2478,$1070,$150,$169,$402,$1472,$1,$416,$-0,$1006,$2478,$151,$66,$16,$82,$0,$7,$58,$9,$73,$307,$-113,$0,$0,$0,$-2,$-2,$0,$-115,$0,$0,$0,$-119,$-119,$-25,$5,$-139,$52,$11,$-25
41,2008-04-30,7.52,$1.87,4.02,$11.24,0.67,$0.18,42.85,$0.51,14.83,$1.47B,$1.05B,1.4,$0.15B,$0.99B,0.15,$6.12B,$1.39B,22.76%,$6.12B,$0.44B,7.17%,$6.12B,$0.44B,7.17%,$6.12B,$0.57B,9.25%,$6.12B,$0.44B,7.25%,$6.12B,$0.27B,4.46%,$0.27B,$0.99B,28.49%,$0.27B,$0.99B,28.49%,$0.27B,$2.44B,11.58%,$0.44B,$1.14B,39.61%,$1640,$1255,$385,$0,$269,$1524,$116,$1,$117,$46,$71,$71,$71,$160,$116,$520,530,$0.14,$0.14,$308,$1029,$0,$1467,$871,$40,$0,$66,$977,$2444,$1048,$150,$169,$402,$1450,$1,$426,$-0,$994,$2444,$79,$33,$9,$42,$0,$-3,$37,$5,$39,$161,$-42,$0,$0,$0,$3,$3,$0,$-39,$0,$0,$0,$-63,$-63,$-13,$2,$-73,$48,$5,$-13
42,2008-01-31,6.53,$1.81,3.61,$10.84,0.6,$-0.25,0.0,$0.48,13.67,$1.40B,$1.01B,1.38,$0.15B,$0.97B,0.16,$5.98B,$1.36B,22.71%,$5.98B,$0.42B,7.04%,$5.98B,$0.42B,7.04%,$5.98B,$0.54B,9.10%,$5.98B,$0.43B,7.11%,$5.98B,$0.26B,4.37%,$0.26B,$0.97B,27.66%,$0.26B,$0.97B,27.66%,$0.26B,$2.37B,11.26%,$0.42B,$1.12B,38.49%,$1556,$1182,$375,$0,$248,$1429,$127,$2,$129,$49,$79,$79,$79,$182,$127,$525,533,$0.15,$0.15,$264,$1025,$0,$1398,$868,$41,$0,$64,$973,$2371,$1011,$150,$161,$390,$1401,$1,$416,$1,$971,$2371,$261,$123,$16,$139,$0,$26,$-63,$-9,$-46,$354,$-236,$0,$0,$0,$-9,$-9,$0,$-245,$0,$0,$0,$-183,$-183,$-41,$5,$-219,$-110,$25,$-41
43,2007-10-31,6.03,$1.72,3.51,$10.67,0.57,$0.03,173.4,$0.47,12.91,$1.41B,$1.01B,1.4,$0.15B,$0.93B,0.16,$5.93B,$1.35B,22.72%,$5.93B,$0.42B,7.11%,$5.93B,$0.42B,7.11%,$5.93B,$0.55B,9.19%,$5.93B,$0.43B,7.18%,$5.93B,$0.26B,4.38%,$0.26B,$0.93B,28.00%,$0.26B,$0.93B,28.00%,$0.26B,$2.34B,11.23%,$0.42B,$1.08B,39.13%,$1652,$1265,$387,$0,$238,$1502,$149,$3,$152,$58,$94,$94,$94,$110,$149,$540,549,$0.18,$0.17,$158,$1119,$0,$1414,$828,$33,$0,$68,$929,$2344,$1013,$150,$170,$400,$1413,$1,$386,$0,$931,$2344,$167,$90,$-3,$87,$0,$-67,$-33,$-21,$-121,$132,$-177,$0,$0,$0,$-2,$-2,$0,$-179,$0,$0,$0,$-143,$-143,$-31,$5,$-169,$-216,$20,$-31
44,2007-07-31,6.44,$1.71,3.77,$10.39,0.62,$0.38,16.88,$0.46,14.16,$1.38B,$0.93B,1.48,$0.15B,$0.94B,0.16,$5.83B,$1.32B,22.62%,$5.83B,$0.41B,7.11%,$5.83B,$0.41B,7.11%,$5.83B,$0.53B,9.15%,$5.83B,$0.42B,7.19%,$5.83B,$0.26B,4.38%,$0.26B,$0.94B,28.01%,$0.26B,$0.94B,28.01%,$0.26B,$2.27B,11.27%,$0.41B,$1.09B,40.47%,$1468,$1151,$318,$0,$239,$1390,$79,$0,$79,$30,$49,$49,$49,$114,$79,$538,545,$0.09,$0.09,$164,$1070,$0,$1378,$790,$32,$0,$68,$891,$2269,$931,$150,$169,$401,$1332,$1,$394,$-0,$937,$2269,$118,$58,$-5,$53,$0,$-19,$-89,$-56,$-163,$8,$-107,$0,$0,$-47,$20,$-27,$0,$-135,$0,$0,$0,$-92,$-92,$-21,$5,$-108,$-235,$13,$-21
45,2007-04-30,7.36,$1.69,4.36,$10.07,0.73,$0.60,12.23,$0.44,16.64,$1.43B,$0.95B,1.5,$0.15B,$0.94B,0.16,$5.69B,$1.29B,22.66%,$5.69B,$0.40B,7.08%,$5.69B,$0.40B,7.08%,$5.69B,$0.52B,9.12%,$5.69B,$0.41B,7.21%,$5.69B,$0.25B,4.38%,$0.25B,$0.94B,27.96%,$0.25B,$0.94B,27.96%,$0.25B,$2.29B,11.43%,$0.40B,$1.09B,41.74%,$1445,$1131,$313,$0,$229,$1361,$84,$-0,$84,$33,$51,$51,$51,$138,$84,$544,553,$0.09,$0.09,$206,$1102,$0,$1425,$762,$34,$0,$69,$865,$2290,$953,$150,$166,$401,$1354,$1,$398,$0,$936,$2290,$67,$29,$-7,$21,$0,$-50,$-79,$-26,$-154,$-66,$-47,$0,$0,$0,$-4,$-4,$0,$-51,$0,$0,$0,$-45,$-45,$-10,$4,$-51,$-168,$6,$-10
46,2007-01-31,7.18,$1.63,4.4,$9.78,0.73,$0.96,7.5,$0.43,16.89,$1.52B,$1.08B,1.4,$0.15B,$0.91B,0.17,$5.57B,$1.25B,22.50%,$5.57B,$0.39B,7.00%,$5.57B,$0.39B,7.00%,$5.57B,$0.50B,8.99%,$5.57B,$0.40B,7.15%,$5.57B,$0.24B,4.33%,$0.24B,$0.91B,27.65%,$0.24B,$0.91B,27.65%,$0.24B,$2.36B,11.47%,$0.39B,$1.06B,42.89%,$1411,$1071,$339,$0,$230,$1301,$109,$1,$110,$43,$67,$67,$67,$183,$109,$548,558,$0.12,$0.12,$373,$1052,$0,$1515,$748,$31,$0,$64,$844,$2359,$1083,$150,$129,$366,$1449,$1,$385,$-0,$910,$2359,$242,$112,$18,$130,$0,$-114,$222,$27,$135,$507,$-223,$0,$0,$0,$-13,$-13,$0,$-236,$100,$0,$100,$-171,$-171,$-34,$10,$-95,$176,$27,$-34
47,2006-10-31,6.51,$1.54,4.24,$9.36,0.7,$0.80,8.17,$0.38,17.02,$1.30B,$1.05B,1.24,$0.00B,$0.86B,0.0,$5.37B,$1.20B,22.30%,$5.37B,$0.36B,6.61%,$5.37B,$0.36B,6.61%,$5.37B,$0.46B,8.52%,$5.37B,$0.36B,6.74%,$5.37B,$0.22B,4.08%,$0.22B,$0.86B,25.67%,$0.22B,$0.86B,25.67%,$0.22B,$2.13B,10.98%,$0.36B,$0.86B,41.61%,$1608,$1231,$378,$0,$228,$1458,$150,$3,$153,$60,$93,$93,$93,$98,$150,$558,568,$0.17,$0.17,$127,$1066,$0,$1301,$740,$31,$0,$60,$831,$2132,$1048,$0,$129,$226,$1273,$1,$358,$0,$859,$2132,$149,$79,$7,$86,$0,$-127,$205,$-1,$76,$330,$-181,$0,$0,$0,$-12,$-12,$0,$-192,$-50,$0,$-50,$-137,$-137,$-25,$5,$-208,$-70,$20,$-25
