,Date,Stock Price,Book Value per Share,Price to Book Ratio,TTM Sales per Share,Price to Sales Ratio,TTM FCF per Share,Price to FCF Ratio,TTM Net EPS,PE Ratio,Current Assets,Current Liabilities,Current Ratio,Long Term Debt,Shareholder's Equity_x,Debt to Equity Ratio,TTM Revenue_x,TTM Gross Profit,Gross Margin,TTM Revenue_y,TTM Operating Income,Operating Margin,TTM Revenue_x,TTM EBIT,EBIT Margin,TTM Revenue_y,TTM EBITDA,EBITDA Margin,TTM Revenue_x,TTM Pre-Tax Income,Pre-Tax Margin,TTM Revenue_y,TTM Net Income_x,Net Margin,TTM Net Income_y,Shareholder's Equity_y,Return on Equity,TTM Net Income_x,Tangible Equity,Return on Tangible Equity,TTM Net Income_y,Total Assets,Return on Assets,TTM Net Income,LT Investments & Debt,Return on Investment,revenue,cost-goods-sold,gross-profit,research-development-expenses,selling-general-administrative-expenses,operating-expenses,operating-income,total-non-operating-income-expense,pre-tax-income,total-provision-income-taxes,income-after-taxes,income-from-continuous-operations,net-income,ebitda,ebit,basic-shares-outstanding,shares-outstanding,eps-basic-net-earnings-per-share,eps-earnings-per-share-diluted,cash-on-hand,inventory,other-current-assets,total-current-assets,net-property-plant-equipment,long-term-investments,goodwill-intangible-assets-total,other-long-term-assets,total-long-term-assets,total-assets,total-current-liabilities,long-term-debt,other-non-current-liabilities,total-long-term-liabilities,total-liabilities,common-stock-net,retained-earnings-accumulated-deficit,comprehensive-income,total-share-holder-equity,total-liabilities-share-holders-equity,net-income-loss,total-depreciation-amortization-cash-flow,other-non-cash-items,total-non-cash-items,change-in-accounts-receivable,change-in-inventories,change-in-accounts-payable,change-in-assets-liabilities,total-change-in-assets-liabilities,cash-flow-from-operating-activities,net-change-in-property-plant-equipment,net-change-in-intangible-assets,net-acquisitions-divestitures,net-change-in-short-term-investments,net-change-in-long-term-investments,net-change-in-investments-total,investing-activities-other,cash-flow-from-investing-activities,net-long-term-debt,net-current-debt,debt-issuance-retirement-net-total,net-common-equity-issued-repurchased,net-total-equity-issued-repurchased,total-common-preferred-stock-dividends-paid,financial-activities-other,cash-flow-from-financial-activities,net-cash-flow,stock-based-compensation,common-stock-dividends-paid
0,2018-09-30,65.9,$11.44,5.76,$9.38,7.02,$3.64,18.08,$0.05,1318.0,$0.52B,$0.63B,0.83,$0.29B,$1.08B,0.27,$0.83B,$0.50B,60.48%,$0.83B,$0.06B,7.71%,$0.83B,$0.06B,7.71%,$0.83B,$0.17B,20.60%,$0.83B,$0.03B,3.98%,$0.83B,$0.01B,0.84%,$0.01B,$1.08B,0.89%,$0.01B,$-0.23B,-2.07%,$0.01B,$2.04B,0.39%,$0.06B,$1.37B,5.13%,$225,$94,$130,$29,$73,$206,$19,$-9,$10,$1,$9,$9,$9,$47,$19,$91,97,$0.10,$0.09,$371,$0,$18,$523,$151,$0,$1303,$19,$1515,$2039,$630,$292,$37,$333,$963,$0,$-44,$0,$1076,$2039,$28,$83,$39,$122,$7,$0,$4,$-29,$-16,$135,$-37,$0,$-230,$-2,$0,$-2,$0,$-270,$-200,$140,$-60,$430,$430,$0,$-29,$340,$205,$37,$0
1,2018-06-30,55.1,$11.06,4.98,$9.10,6.06,$3.45,15.98,$0.04,1377.5,$0.62B,$0.64B,0.96,$0.30B,$1.04B,0.28,$0.77B,$0.47B,60.72%,$0.77B,$0.05B,6.33%,$0.77B,$0.05B,6.33%,$0.77B,$0.15B,18.99%,$0.77B,$0.02B,2.97%,$0.77B,$0.00B,0.65%,$0.00B,$1.04B,0.78%,$0.00B,$-0.16B,-1.52%,$0.00B,$2.02B,0.32%,$0.05B,$1.34B,4.32%,$216,$86,$131,$31,$83,$199,$17,$-9,$8,$-0,$8,$8,$8,$45,$17,$85,90,$0.10,$0.09,$476,$0,$16,$619,$145,$0,$1196,$21,$1404,$2024,$643,$295,$41,$342,$985,$0,$-53,$0,$1039,$2024,$19,$55,$23,$78,$7,$0,$6,$-6,$5,$102,$-22,$0,$-137,$-2,$0,$-2,$0,$-162,$-56,$0,$-56,$435,$435,$0,$-9,$370,$310,$24,$0
2,2018-03-31,51.5,$6.18,8.34,$8.66,5.94,$3.40,15.16,$0.03,1716.67,$0.34B,$0.34B,0.99,$0.63B,$0.52B,1.21,$0.72B,$0.43B,60.22%,$0.72B,$0.04B,5.29%,$0.72B,$0.04B,5.29%,$0.72B,$0.12B,17.25%,$0.72B,$0.02B,2.50%,$0.72B,$0.00B,0.42%,$0.00B,$0.52B,0.59%,$0.00B,$-0.47B,-1.06%,$0.00B,$1.54B,0.22%,$0.04B,$1.16B,3.71%,$201,$77,$125,$29,$77,$183,$18,$-8,$11,$-0,$11,$11,$11,$45,$18,$81,85,$0.13,$0.13,$214,$0,$10,$340,$146,$0,$990,$20,$1200,$1540,$344,$633,$36,$675,$1018,$0,$-62,$0,$522,$1540,$11,$26,$11,$37,$16,$0,$7,$8,$23,$71,$-13,$0,$0,$-2,$0,$-2,$0,$-14,$-2,$0,$-2,$-3,$-3,$0,$-2,$-7,$49,$10,$0
3,2017-12-31,44.3,$6.03,7.34,$8.17,5.42,$3.17,13.98,0,0.0,$0.31B,$0.33B,0.93,$0.63B,$0.50B,1.26,$0.67B,$0.40B,59.31%,$0.67B,$0.03B,4.47%,$0.67B,$0.03B,4.47%,$0.67B,$0.10B,15.50%,$0.67B,$0.02B,2.38%,$0.67B,0,0.00%,$0.00B,$0.50B,0.00%,$0.00B,$-0.50B,0.00%,$0.00B,$1.52B,0.00%,$0.03B,$1.14B,3.42%,$188,$72,$116,$26,$84,$178,$10,$-6,$4,$24,$-21,$-21,$-21,$34,$10,$79,82,$-0.27,$-0.26,$165,$0,$7,$309,$148,$0,$1003,$11,$1208,$1516,$333,$634,$42,$682,$1014,$0,$-75,$0,$502,$1516,$0,$74,$61,$135,$-19,$0,$0,$17,$2,$137,$-50,$0,$-659,$-0,$0,$-0,$0,$-709,$528,$0,$528,$28,$28,$0,$-19,$536,$-36,$46,$0
4,2017-09-30,39.9,$6.22,6.42,$7.81,5.11,$2.95,13.54,$0.35,114.0,$0.32B,$0.31B,1.06,$0.39B,$0.52B,0.76,$0.63B,$0.37B,58.54%,$0.63B,$0.03B,5.06%,$0.63B,$0.03B,5.06%,$0.63B,$0.10B,15.35%,$0.63B,$0.02B,3.64%,$0.63B,$0.03B,4.43%,$0.03B,$0.52B,6.04%,$0.03B,$-0.19B,-164.71%,$0.03B,$1.26B,2.70%,$0.03B,$0.91B,4.46%,$169,$71,$98,$22,$68,$165,$4,$-5,$-0,$-7,$7,$7,$7,$23,$4,$80,83,$0.09,$0.08,$202,$0,$6,$324,$147,$0,$709,$10,$935,$1259,$305,$393,$38,$437,$742,$0,$-54,$0,$517,$1259,$21,$50,$26,$76,$1,$0,$4,$3,$9,$106,$-39,$0,$-348,$0,$0,$0,$0,$-386,$281,$0,$281,$32,$32,$0,$-19,$294,$13,$36,$0
5,2017-06-30,35.95,$6.02,5.97,$7.66,4.7,$2.70,13.33,$0.32,112.34,$0.54B,$0.29B,1.87,$0.39B,$0.50B,0.78,$0.61B,$0.36B,58.27%,$0.61B,$0.04B,6.06%,$0.61B,$0.04B,6.06%,$0.61B,$0.10B,15.88%,$0.61B,$0.03B,5.07%,$0.61B,$0.03B,4.09%,$0.03B,$0.50B,5.92%,$0.03B,$0.03B,76.34%,$0.03B,$1.22B,2.74%,$0.04B,$0.89B,6.08%,$161,$68,$94,$21,$67,$155,$6,$-3,$3,$-3,$6,$6,$6,$22,$6,$79,82,$0.08,$0.08,$431,$0,$6,$540,$138,$0,$470,$10,$681,$1221,$289,$392,$35,$433,$722,$0,$-61,$0,$500,$1221,$14,$31,$22,$53,$6,$0,$4,$19,$28,$96,$-27,$0,$-123,$0,$0,$0,$0,$-150,$282,$0,$282,$34,$34,$0,$-18,$297,$243,$24,$0
6,2017-03-31,34.9,$5.45,6.41,$7.54,4.63,$2.15,16.25,$0.27,129.26,$0.26B,$0.27B,0.97,$0.12B,$0.45B,0.26,$0.59B,$0.34B,57.84%,$0.59B,$0.04B,6.07%,$0.59B,$0.04B,6.07%,$0.59B,$0.09B,15.85%,$0.59B,$0.03B,5.40%,$0.59B,$0.02B,3.54%,$0.02B,$0.45B,5.51%,$0.02B,$0.04B,102.44%,$0.02B,$0.88B,2.66%,$0.04B,$0.57B,7.21%,$153,$63,$90,$20,$59,$143,$10,$-1,$9,$1,$8,$8,$8,$25,$10,$78,81,$0.10,$0.10,$156,$0,$5,$262,$138,$0,$407,$10,$615,$877,$269,$118,$33,$157,$426,$0,$-67,$0,$451,$877,$8,$15,$10,$25,$6,$0,$1,$12,$14,$47,$-10,$0,$-66,$0,$0,$0,$0,$-76,$-0,$0,$-0,$4,$4,$0,$-8,$-3,$-33,$10,$0
7,2016-12-31,30.0,$4.75,6.32,$7.32,4.1,$1.94,15.5,$0.21,142.86,$0.30B,$0.25B,1.19,$0.12B,$0.39B,0.3,$0.57B,$0.33B,57.57%,$0.57B,$0.03B,5.63%,$0.57B,$0.03B,5.63%,$0.57B,$0.09B,15.32%,$0.57B,$0.03B,4.93%,$0.57B,$0.02B,2.82%,$0.02B,$0.39B,4.58%,$0.02B,$0.05B,457.14%,$0.02B,$0.79B,2.13%,$0.03B,$0.50B,6.84%,$149,$61,$88,$19,$57,$137,$12,$-1,$11,$4,$7,$7,$7,$27,$12,$77,78,$0.10,$0.09,$189,$0,$6,$297,$130,$0,$335,$10,$491,$788,$251,$117,$30,$153,$403,$0,$-119,$-0,$385,$788,$17,$56,$39,$95,$-12,$0,$1,$31,$25,$136,$-71,$0,$-71,$-3,$0,$-3,$0,$-145,$82,$0,$82,$1,$1,$0,$-0,$83,$74,$37,$0
8,2016-09-30,25.7,$4.39,5.86,$6.99,3.67,$1.92,13.42,$0.17,151.18,$0.26B,$0.24B,1.09,$0.12B,$0.35B,0.33,$0.54B,$0.31B,57.30%,$0.54B,$0.03B,5.18%,$0.54B,$0.03B,5.18%,$0.54B,$0.08B,14.79%,$0.54B,$0.02B,4.44%,$0.54B,$0.01B,2.40%,$0.01B,$0.35B,3.89%,$0.01B,$0.01B,-472.73%,$0.01B,$0.76B,1.84%,$0.03B,$0.47B,6.45%,$148,$64,$84,$19,$56,$139,$9,$-1,$8,$4,$4,$4,$4,$23,$9,$77,78,$0.05,$0.05,$161,$0,$8,$264,$122,$0,$346,$9,$493,$757,$243,$118,$35,$160,$403,$0,$-127,$-1,$354,$757,$9,$41,$33,$75,$-2,$0,$0,$20,$21,$105,$-61,$0,$-71,$-3,$0,$-3,$0,$-135,$83,$0,$83,$-9,$-9,$0,$-5,$68,$38,$27,$0
9,2016-06-30,22.33,$4.16,5.36,$6.69,3.34,$2.00,11.14,$0.01,2233.0,$0.24B,$0.23B,1.02,$0.12B,$0.33B,0.36,$0.52B,$0.30B,57.48%,$0.52B,$0.01B,1.17%,$0.52B,$0.01B,1.17%,$0.52B,$0.08B,14.76%,$0.52B,$0.00B,0.39%,$0.52B,$0.00B,0.19%,$0.00B,$0.33B,0.31%,$0.00B,$-0.02B,-30.77%,$0.00B,$0.73B,0.15%,$0.01B,$0.45B,1.48%,$143,$62,$81,$19,$57,$138,$5,$-1,$4,$2,$2,$2,$2,$19,$5,$76,77,$0.03,$0.03,$123,$0,$22,$237,$115,$0,$353,$6,$493,$730,$233,$120,$35,$162,$395,$0,$-131,$-1,$334,$730,$5,$27,$21,$48,$1,$0,$0,$4,$7,$61,$-38,$0,$-71,$0,$0,$0,$0,$-110,$83,$0,$83,$-15,$-15,$0,$-3,$65,$16,$19,$0
10,2016-03-31,20.84,$4.04,5.16,$6.33,3.29,$2.21,9.43,$-0.06,0.0,$0.26B,$0.24B,1.07,$0.12B,$0.32B,0.38,$0.49B,$0.28B,57.70%,$0.49B,$-0.00B,-0.41%,$0.49B,$-0.00B,-0.41%,$0.49B,$0.07B,13.55%,$0.49B,$-0.01B,-1.03%,$0.49B,$-0.00B,-0.82%,$-0.00B,$0.32B,-1.24%,$-0.00B,$-0.02B,1600.00%,$-0.00B,$0.72B,-0.62%,$-0.00B,$0.44B,-0.52%,$128,$55,$74,$17,$51,$123,$6,$-1,$5,$2,$3,$3,$3,$18,$6,$77,77,$0.04,$0.04,$143,$0,$26,$255,$94,$0,$347,$6,$468,$723,$238,$121,$33,$162,$400,$0,$-129,$-1,$323,$723,$3,$13,$10,$22,$5,$0,$1,$-0,$4,$29,$-10,$0,$-59,$0,$0,$0,$0,$-69,$85,$0,$85,$-15,$-15,$0,$-3,$67,$27,$8,$0
11,2015-12-31,22.45,$4.14,5.42,$6.10,3.68,$2.18,10.3,$-0.12,0.0,$0.22B,$0.22B,1.03,$0.04B,$0.33B,0.12,$0.47B,$0.27B,57.57%,$0.47B,$-0.01B,-2.35%,$0.47B,$-0.01B,-2.35%,$0.47B,$0.06B,11.94%,$0.47B,$-0.01B,-2.77%,$0.47B,$-0.01B,-1.92%,$-0.01B,$0.33B,-2.78%,$-0.01B,$0.03B,-56.25%,$-0.01B,$0.62B,-1.48%,$-0.01B,$0.37B,-3.05%,$122,$51,$71,$16,$47,$114,$8,$-0,$7,$3,$4,$4,$4,$20,$8,$77,77,$0.05,$0.05,$116,$0,$23,$222,$82,$0,$301,$6,$401,$623,$215,$40,$34,$81,$297,$0,$-120,$-1,$326,$623,$-9,$67,$32,$99,$-9,$0,$-1,$12,$6,$96,$-33,$0,$-45,$0,$0,$0,$0,$-78,$19,$0,$19,$-29,$-29,$0,$-3,$-13,$4,$38,$0
12,2015-09-30,16.62,$3.97,4.18,$5.87,2.83,$1.79,9.31,$-0.17,0.0,$0.21B,$0.22B,0.96,$0.04B,$0.31B,0.14,$0.45B,$0.26B,56.98%,$0.45B,$-0.02B,-4.66%,$0.45B,$-0.02B,-4.66%,$0.45B,$0.05B,9.98%,$0.45B,$-0.02B,-4.88%,$0.45B,$-0.01B,-2.88%,$-0.01B,$0.31B,-4.01%,$-0.01B,$0.01B,-70.27%,$-0.01B,$0.60B,-2.19%,$-0.02B,$0.36B,-5.89%,$122,$52,$70,$17,$46,$135,$-13,$-0,$-14,$-6,$-8,$-8,$-8,$19,$-13,$77,77,$-0.11,$-0.11,$113,$0,$3,$211,$72,$0,$307,$5,$385,$595,$220,$44,$11,$63,$284,$0,$-121,$-0,$312,$595,$-13,$55,$23,$77,$-3,$0,$-1,$2,$4,$69,$-18,$0,$-45,$0,$0,$0,$0,$-64,$24,$0,$24,$-33,$-33,$0,$-3,$-13,$-8,$31,$0
13,2015-06-30,19.07,$4.13,4.62,$5.64,3.38,$1.40,13.59,$-0.10,0.0,$0.22B,$0.23B,0.95,$0.05B,$0.33B,0.15,$0.43B,$0.25B,56.45%,$0.43B,$-0.01B,-3.00%,$0.43B,$-0.01B,-3.00%,$0.43B,$0.03B,7.37%,$0.43B,$-0.01B,-3.00%,$0.43B,$-0.01B,-1.84%,$-0.01B,$0.33B,-2.46%,$-0.01B,$-0.01B,-37.65%,$-0.01B,$0.63B,-1.36%,$-0.01B,$0.38B,-3.65%,$115,$48,$66,$18,$51,$118,$-3,$-0,$-3,$0,$-3,$-3,$-3,$9,$-3,$77,77,$-0.04,$-0.04,$129,$0,$1,$215,$71,$0,$334,$5,$411,$626,$226,$50,$13,$74,$299,$0,$-102,$-0,$327,$626,$-5,$22,$24,$46,$0,$0,$1,$1,$8,$49,$-11,$0,$-45,$0,$0,$0,$0,$-56,$30,$0,$30,$-18,$-18,$0,$-2,$10,$2,$22,$0
14,2015-03-31,20.14,$4.13,4.88,$5.37,3.75,$1.22,16.57,$-0.14,0.0,$0.22B,$0.22B,0.99,$0.02B,$0.33B,0.05,$0.41B,$0.23B,56.04%,$0.41B,$-0.02B,-4.35%,$0.41B,$-0.02B,-4.35%,$0.41B,$0.03B,6.04%,$0.41B,$-0.02B,-4.35%,$0.41B,$-0.01B,-2.66%,$-0.01B,$0.33B,-3.39%,$-0.01B,$0.04B,-38.60%,$-0.01B,$0.59B,-1.95%,$-0.02B,$0.34B,-5.15%,$110,$48,$63,$18,$47,$114,$-3,$-0,$-3,$-2,$-2,$-2,$-2,$8,$-3,$77,77,$-0.02,$-0.02,$132,$0,$2,$215,$73,$0,$288,$5,$370,$585,$217,$15,$12,$39,$256,$0,$-77,$-0,$329,$585,$-2,$11,$10,$21,$4,$0,$0,$-2,$3,$22,$-6,$0,$0,$0,$0,$0,$0,$-6,$-5,$0,$-5,$-9,$-9,$0,$-1,$-15,$1,$11,$0
15,2014-12-31,21.96,$4.16,5.28,$5.25,4.18,$1.22,18.04,$-0.13,0.0,$0.19B,$0.20B,0.95,$0.02B,$0.33B,0.06,$0.41B,$0.23B,56.79%,$0.41B,$-0.02B,-3.95%,$0.41B,$-0.02B,-3.95%,$0.41B,$0.03B,6.17%,$0.41B,$-0.02B,-3.95%,$0.41B,$-0.01B,-2.47%,$-0.01B,$0.33B,-3.10%,$-0.01B,$0.04B,-31.75%,$-0.01B,$0.57B,-1.84%,$-0.02B,$0.35B,-4.65%,$104,$47,$58,$16,$44,$106,$-2,$-0,$-2,$-2,$0,$0,$0,$9,$-2,$77,77,$0.00,$0.00,$112,$0,$2,$187,$73,$0,$293,$5,$379,$566,$197,$20,$14,$41,$238,$0,$-75,$-0,$329,$566,$-10,$41,$27,$69,$2,$0,$2,$6,$11,$70,$-37,$-0,$-42,$0,$0,$0,$0,$-79,$19,$0,$19,$-12,$-12,$0,$-5,$2,$-8,$37,$0
16,2014-09-30,15.5,$3.99,3.89,$5.15,3.01,$1.27,12.25,$-0.10,0.0,$0.19B,$0.19B,0.98,$0.04B,$0.32B,0.12,$0.40B,$0.23B,57.93%,$0.40B,$-0.01B,-2.27%,$0.40B,$-0.01B,-2.27%,$0.40B,$0.03B,7.56%,$0.40B,$-0.01B,-2.27%,$0.40B,$-0.01B,-2.02%,$-0.01B,$0.32B,-2.50%,$-0.01B,$0.02B,-22.22%,$-0.01B,$0.57B,-1.52%,$-0.01B,$0.35B,-2.68%,$105,$46,$58,$18,$45,$109,$-5,$-0,$-5,$-2,$-3,$-3,$-3,$6,$-5,$77,77,$-0.04,$-0.04,$112,$0,$10,$188,$71,$0,$299,$5,$380,$568,$193,$39,$15,$60,$253,$0,$-75,$-0,$315,$568,$-10,$31,$23,$54,$3,$0,$3,$1,$7,$50,$-29,$0,$-42,$0,$0,$0,$0,$-71,$38,$0,$38,$-16,$-16,$0,$-5,$17,$-4,$29,$0
17,2014-06-30,22.48,$4.12,5.46,$5.08,4.43,$1.38,16.29,$0.11,204.36,$0.16B,$0.16B,0.99,$0.03B,$0.33B,0.08,$0.39B,$0.23B,59.49%,$0.39B,$0.00B,0.51%,$0.39B,$0.00B,0.51%,$0.39B,$0.04B,9.74%,$0.39B,$0.00B,0.51%,$0.39B,$0.01B,2.05%,$0.01B,$0.33B,2.53%,$0.01B,$0.02B,16.93%,$0.01B,$0.54B,1.60%,$0.00B,$0.35B,0.62%,$95,$42,$53,$16,$45,$103,$-8,$-0,$-8,$-2,$-6,$-6,$-6,$2,$-8,$77,77,$-0.08,$-0.08,$86,$0,$8,$161,$67,$0,$304,$4,$375,$536,$163,$25,$15,$48,$210,$0,$-72,$-0,$326,$536,$-7,$20,$15,$35,$7,$0,$7,$1,$15,$43,$-19,$0,$-42,$0,$0,$0,$0,$-61,$25,$0,$25,$-1,$-1,$0,$-1,$23,$5,$19,$0
18,2014-03-31,18.16,$4.08,4.45,$5.10,3.56,$1.35,13.41,$0.25,72.64,$0.17B,$0.16B,1.08,$0.00B,$0.32B,0.0,$0.39B,$0.24B,60.67%,$0.39B,$0.02B,4.88%,$0.39B,$0.02B,4.88%,$0.39B,$0.05B,13.37%,$0.39B,$0.02B,4.63%,$0.39B,$0.02B,4.88%,$0.02B,$0.32B,6.24%,$0.02B,$0.05B,38.19%,$0.02B,$0.50B,4.04%,$0.02B,$0.32B,6.24%,$101,$40,$61,$15,$47,$102,$-1,$-0,$-1,$-1,$-1,$-1,$-1,$8,$-1,$77,77,$-0.01,$-0.01,$92,$0,$8,$167,$58,$0,$269,$4,$331,$499,$156,$0,$12,$21,$177,$0,$-66,$-0,$322,$499,$-1,$10,$8,$18,$4,$0,$4,$0,$7,$24,$-7,$0,$-7,$0,$0,$0,$0,$-14,$-0,$0,$-0,$-1,$-1,$0,$-1,$-2,$8,$9,$0
19,2013-12-31,23.38,$4.01,5.83,$4.96,4.71,$1.27,18.46,$0.27,86.59,$0.18B,$0.17B,1.06,$0.00B,$0.32B,0.0,$0.38B,$0.23B,60.74%,$0.38B,$0.02B,5.84%,$0.38B,$0.02B,5.84%,$0.38B,$0.05B,14.32%,$0.38B,$0.02B,5.57%,$0.38B,$0.02B,5.57%,$0.02B,$0.32B,7.23%,$0.02B,$0.05B,50.00%,$0.02B,$0.50B,4.70%,$0.02B,$0.32B,7.57%,$96,$38,$58,$14,$40,$91,$5,$-0,$5,$2,$2,$2,$2,$14,$5,$75,76,$0.04,$0.03,$106,$0,$7,$184,$55,$0,$261,$3,$319,$503,$173,$0,$9,$16,$189,$0,$-65,$-0,$315,$503,$21,$32,$29,$61,$-14,$0,$2,$1,$-12,$69,$-33,$-1,$-28,$0,$0,$0,$0,$-62,$-11,$0,$-11,$6,$6,$0,$-2,$-6,$1,$30,$0
20,2013-09-30,23.11,$3.88,5.96,$4.87,4.75,$1.33,17.43,$0.29,79.69,$0.16B,$0.14B,1.18,$0.00B,$0.30B,0.0,$0.37B,$0.22B,61.04%,$0.37B,$0.03B,6.81%,$0.37B,$0.03B,6.81%,$0.37B,$0.06B,15.26%,$0.37B,$0.02B,6.27%,$0.37B,$0.02B,6.27%,$0.02B,$0.30B,8.35%,$0.02B,$0.06B,70.23%,$0.02B,$0.46B,5.45%,$0.03B,$0.30B,8.99%,$98,$38,$60,$13,$41,$92,$6,$-0,$6,$-7,$13,$13,$13,$14,$6,$75,76,$0.17,$0.17,$88,$0,$8,$164,$48,$0,$241,$4,$293,$457,$139,$0,$5,$16,$155,$0,$-67,$-0,$302,$457,$19,$23,$18,$41,$-6,$0,$4,$-3,$-8,$52,$-22,$-1,$-10,$0,$0,$0,$0,$-33,$-10,$0,$-10,$4,$4,$0,$-2,$-8,$10,$21,$0
21,2013-06-30,18.34,$3.60,5.09,$4.70,3.9,$1.24,14.74,$0.15,122.27,$0.13B,$0.13B,1.03,$0.00B,$0.28B,0.0,$0.35B,$0.21B,60.80%,$0.35B,$0.02B,6.53%,$0.35B,$0.02B,6.53%,$0.35B,$0.05B,15.34%,$0.35B,$0.02B,5.68%,$0.35B,$0.01B,3.41%,$0.01B,$0.28B,4.58%,$0.01B,$0.03B,63.16%,$0.01B,$0.42B,2.95%,$0.02B,$0.28B,8.50%,$94,$37,$57,$12,$37,$86,$9,$-1,$8,$3,$5,$5,$5,$16,$9,$75,76,$0.06,$0.06,$63,$0,$8,$130,$43,$0,$246,$4,$292,$422,$126,$0,$6,$18,$144,$0,$-80,$-0,$278,$422,$6,$15,$18,$33,$-7,$0,$3,$1,$-4,$35,$-13,$-1,$-10,$0,$0,$0,$0,$-24,$-10,$0,$-10,$1,$1,$0,$-0,$-10,$1,$13,$0
22,2013-03-31,20.71,$3.48,5.95,$4.57,4.54,$1.28,16.2,$0.06,345.17,$0.12B,$0.12B,0.94,$0.00B,$0.27B,0.0,$0.34B,$0.20B,60.53%,$0.34B,$0.01B,3.26%,$0.34B,$0.01B,3.26%,$0.34B,$0.04B,12.76%,$0.34B,$0.01B,2.37%,$0.34B,$0.01B,1.48%,$0.01B,$0.27B,2.00%,$0.01B,$0.02B,51.28%,$0.01B,$0.41B,1.25%,$0.01B,$0.27B,4.11%,$89,$35,$54,$12,$39,$87,$2,$-0,$2,$1,$1,$1,$1,$10,$2,$74,75,$0.01,$0.01,$52,$0,$10,$116,$41,$0,$245,$4,$290,$406,$124,$0,$6,$16,$140,$0,$-85,$-0,$267,$406,$1,$8,$11,$18,$-2,$0,$3,$-2,$-2,$17,$-8,$-1,$-10,$0,$0,$0,$0,$-18,$-10,$0,$-10,$1,$1,$0,$-0,$-10,$-11,$7,$0
23,2012-12-31,21.57,$3.36,6.41,$4.40,4.9,$1.25,17.21,$0.07,308.14,$0.13B,$0.13B,1.02,$0.01B,$0.26B,0.04,$0.32B,$0.19B,60.25%,$0.32B,$0.01B,3.73%,$0.32B,$0.01B,3.73%,$0.32B,$0.04B,13.66%,$0.32B,$0.01B,2.80%,$0.32B,$0.01B,1.86%,$0.01B,$0.26B,2.49%,$0.01B,$0.02B,600.00%,$0.01B,$0.40B,1.50%,$0.01B,$0.27B,4.45%,$86,$33,$53,$13,$32,$78,$8,$-0,$7,$4,$4,$4,$4,$16,$8,$72,74,$0.05,$0.05,$69,$0,$7,$127,$32,$0,$239,$4,$275,$402,$125,$10,$3,$22,$147,$0,$-86,$-0,$255,$402,$5,$32,$21,$53,$-8,$0,$-3,$8,$0,$58,$-19,$-3,$-11,$0,$0,$0,$0,$-33,$-40,$0,$-40,$9,$9,$0,$-12,$-43,$-17,$18,$0
24,2012-09-30,22.6,$3.28,6.89,$4.28,5.27,$1.20,18.83,$0.02,1130.0,$0.11B,$0.11B,1.02,$0.03B,$0.25B,0.1,$0.31B,$0.18B,59.28%,$0.31B,$0.01B,1.63%,$0.31B,$0.01B,1.63%,$0.31B,$0.04B,12.05%,$0.31B,$0.00B,0.98%,$0.31B,$0.00B,0.65%,$0.00B,$0.25B,0.86%,$0.00B,$0.01B,-25.81%,$0.00B,$0.40B,0.50%,$0.01B,$0.27B,1.84%,$83,$33,$50,$12,$34,$80,$4,$-0,$3,$1,$2,$2,$2,$12,$4,$72,74,$0.03,$0.03,$59,$0,$7,$111,$36,$0,$241,$4,$283,$395,$110,$25,$3,$38,$148,$0,$-90,$-0,$247,$395,$1,$24,$14,$38,$-1,$0,$-2,$3,$2,$41,$-19,$-0,$-10,$0,$0,$0,$0,$-29,$-25,$0,$-25,$7,$7,$0,$-10,$-28,$-15,$14,$0
25,2012-06-30,23.16,$3.15,7.36,$4.15,5.58,$1.17,19.76,$-0.03,0.0,$0.13B,$0.12B,1.03,$0.04B,$0.23B,0.15,$0.29B,$0.17B,58.90%,$0.29B,0,0.00%,$0.29B,0,0.00%,$0.29B,$0.03B,10.96%,$0.29B,$-0.00B,-0.34%,$0.29B,$-0.00B,-0.34%,$-0.00B,$0.23B,-0.45%,$-0.00B,$-0.01B,5.97%,$-0.00B,$0.40B,-0.25%,$0.00B,$0.27B,0.00%,$79,$32,$47,$12,$39,$82,$-3,$-1,$-4,$-2,$-2,$-2,$-2,$5,$-3,$71,71,$-0.03,$-0.03,$70,$0,$11,$125,$31,$0,$237,$4,$277,$402,$122,$35,$4,$48,$170,$0,$-92,$-0,$232,$402,$-1,$16,$8,$24,$0,$0,$-0,$8,$9,$32,$-10,$0,$-5,$0,$0,$0,$0,$-15,$-15,$0,$-15,$1,$1,$0,$-9,$-23,$-5,$8,$0
26,2012-03-31,19.17,$3.12,6.14,$3.90,4.92,$1.05,18.31,0,0.0,$0.13B,$0.12B,1.09,$0.05B,$0.23B,0.2,$0.28B,$0.16B,58.55%,$0.28B,$0.00B,1.45%,$0.28B,$0.00B,1.45%,$0.28B,$0.04B,12.73%,$0.28B,$0.00B,1.09%,$0.28B,$0.00B,0.36%,$0.00B,$0.23B,0.47%,$0.00B,$-0.01B,-21.05%,$0.00B,$0.40B,0.26%,$0.00B,$0.27B,1.53%,$74,$31,$44,$11,$29,$71,$3,$-1,$3,$1,$2,$2,$2,$11,$3,$71,73,$0.02,$0.02,$72,$0,$10,$125,$28,$0,$242,$4,$277,$402,$115,$45,$4,$58,$173,$0,$-89,$-0,$229,$402,$2,$8,$5,$13,$1,$0,$-1,$-4,$-4,$11,$-4,$-0,$-4,$0,$0,$0,$0,$-8,$-5,$0,$-5,$1,$1,$0,$0,$-5,$-2,$4,$0
27,2011-12-31,25.27,$3.07,8.24,$3.74,6.76,$1.06,23.93,$-0.03,0.0,$0.13B,$0.11B,1.09,$0.05B,$0.22B,0.23,$0.26B,$0.15B,57.92%,$0.26B,$0.00B,0.39%,$0.26B,$0.00B,0.39%,$0.26B,$0.03B,11.97%,$0.26B,$-0.00B,-0.39%,$0.26B,$-0.00B,-0.77%,$-0.00B,$0.22B,-0.99%,$-0.00B,$-0.02B,-16.33%,$-0.00B,$0.40B,-0.53%,$0.00B,$0.27B,0.40%,$71,$30,$41,$11,$28,$70,$1,$-1,$1,$0,$0,$0,$0,$9,$1,$68,68,$0.01,$0.01,$70,$0,$10,$125,$28,$0,$242,$3,$275,$400,$114,$50,$4,$63,$177,$0,$-91,$-0,$223,$400,$-1,$29,$23,$52,$-11,$0,$4,$6,$-2,$49,$-16,$-2,$-90,$0,$0,$0,$0,$-108,$42,$-58,$-16,$10,$10,$0,$-2,$-8,$-67,$23,$0
28,2011-09-30,20.45,$2.97,6.88,$4.06,5.04,$0.96,21.23,$-0.03,0.0,$0.12B,$0.12B,1.0,$0.05B,$0.21B,0.22,$0.24B,$0.14B,58.26%,$0.24B,$0.00B,0.41%,$0.24B,$0.00B,0.41%,$0.24B,$0.03B,11.98%,$0.24B,$-0.00B,-0.83%,$0.24B,$-0.00B,-0.83%,$-0.00B,$0.21B,-1.06%,$-0.00B,$-0.03B,-7.14%,$-0.00B,$0.39B,-0.55%,$0.00B,$0.26B,0.42%,$68,$28,$40,$11,$30,$68,$-1,$-1,$-1,$-0,$-1,$-1,$-1,$7,$-1,$69,69,$-0.02,$-0.02,$68,$0,$12,$117,$27,$0,$244,$3,$276,$393,$118,$47,$6,$62,$180,$0,$-91,$-0,$213,$393,$-1,$21,$15,$37,$-4,$0,$1,$-2,$-6,$30,$-11,$0,$-88,$0,$0,$0,$0,$-99,$-0,$-8,$-9,$8,$8,$0,$-1,$-2,$-71,$16,$0
29,2011-06-30,26.47,$2.67,9.92,$4.18,6.33,$0.86,30.92,$-0.02,0.0,$0.17B,$0.11B,1.58,$0.05B,$0.19B,0.26,$0.22B,$0.13B,58.11%,$0.22B,$0.00B,1.80%,$0.22B,$0.00B,1.80%,$0.22B,$0.03B,13.51%,$0.22B,$-0.00B,-0.45%,$0.22B,$-0.00B,-0.45%,$-0.00B,$0.19B,-0.65%,$-0.00B,$0.04B,-2.86%,$-0.00B,$0.36B,-0.32%,$0.00B,$0.24B,1.99%,$62,$26,$36,$11,$24,$60,$1,$-1,$0,$0,$0,$0,$0,$8,$1,$69,72,$0.00,$0.00,$128,$0,$8,$171,$24,$0,$146,$3,$190,$361,$108,$50,$5,$64,$172,$0,$-90,$-0,$189,$361,$-0,$14,$10,$24,$-4,$0,$2,$-1,$-4,$19,$-6,$0,$-20,$0,$0,$0,$0,$-26,$-0,$-5,$-6,$7,$7,$0,$-1,$0,$-6,$10,$0
