,Date,Stock Price,Book Value per Share,Price to Book Ratio,TTM Sales per Share,Price to Sales Ratio,TTM FCF per Share,Price to FCF Ratio,TTM Net EPS,PE Ratio,Current Assets,Current Liabilities,Current Ratio,Long Term Debt,Shareholder's Equity_x,Debt to Equity Ratio,TTM Revenue_x,TTM Gross Profit,Gross Margin,TTM Revenue_y,TTM Operating Income,Operating Margin,TTM Revenue_x,TTM EBIT,EBIT Margin,TTM Revenue_y,TTM EBITDA,EBITDA Margin,TTM Revenue_x,TTM Pre-Tax Income,Pre-Tax Margin,TTM Revenue_y,TTM Net Income_x,Net Margin,TTM Net Income_y,Shareholder's Equity_y,Return on Equity,TTM Net Income_x,Tangible Equity,Return on Tangible Equity,TTM Net Income_y,Total Assets,Return on Assets,TTM Net Income,LT Investments & Debt,Return on Investment,revenue,cost-goods-sold,gross-profit,research-development-expenses,selling-general-administrative-expenses,operating-expenses,operating-income,total-non-operating-income-expense,pre-tax-income,total-provision-income-taxes,income-after-taxes,income-from-continuous-operations,net-income,ebitda,ebit,basic-shares-outstanding,shares-outstanding,eps-basic-net-earnings-per-share,eps-earnings-per-share-diluted,cash-on-hand,inventory,other-current-assets,total-current-assets,net-property-plant-equipment,long-term-investments,goodwill-intangible-assets-total,other-long-term-assets,total-long-term-assets,total-assets,total-current-liabilities,long-term-debt,other-non-current-liabilities,total-long-term-liabilities,total-liabilities,common-stock-net,retained-earnings-accumulated-deficit,comprehensive-income,total-share-holder-equity,total-liabilities-share-holders-equity,net-income-loss,total-depreciation-amortization-cash-flow,other-non-cash-items,total-non-cash-items,change-in-accounts-receivable,change-in-inventories,change-in-accounts-payable,change-in-assets-liabilities,total-change-in-assets-liabilities,cash-flow-from-operating-activities,net-change-in-property-plant-equipment,net-change-in-intangible-assets,net-acquisitions-divestitures,net-change-in-short-term-investments,net-change-in-long-term-investments,net-change-in-investments-total,investing-activities-other,cash-flow-from-investing-activities,net-long-term-debt,net-current-debt,debt-issuance-retirement-net-total,net-common-equity-issued-repurchased,net-total-equity-issued-repurchased,total-common-preferred-stock-dividends-paid,financial-activities-other,cash-flow-from-financial-activities,net-cash-flow,stock-based-compensation,common-stock-dividends-paid
0,2018-08-31,67.5,$12.09,5.58,$40.17,1.68,$2.78,24.24,$2.15,31.4,$2.43B,$0.88B,2.77,$2.27B,$1.61B,1.41,$5.44B,$2.20B,40.53%,$5.44B,$0.48B,8.74%,$5.44B,$0.48B,8.74%,$5.44B,$0.61B,11.18%,$5.44B,$0.35B,6.51%,$5.44B,$0.29B,5.30%,$0.29B,$1.61B,17.74%,$0.29B,$-0.16B,-202.82%,$0.29B,$5.22B,5.54%,$0.48B,$3.88B,12.67%,$1460,$866,$594,$0,$460,$1326,$134,$-42,$92,$22,$70,$70,$69,$170,$134,$132,136,$0.52,$0.52,$202,$854,$0,$2433,$777,$0,$1773,$219,$2791,$5223,$878,$2267,$360,$2732,$3610,$1,$1367,$-493,$1613,$5223,$70,$36,$15,$51,$32,$-27,$-88,$-18,$-129,$-7,$-28,$0,$-26,$-3,$0,$-3,$-3,$-60,$99,$0,$99,$-21,$-21,$-43,$-4,$32,$-42,$7,$-43
1,2018-05-31,49.24,$12.22,4.03,$39.38,1.25,$2.72,18.08,$2.49,19.77,$2.47B,$1.01B,2.45,$2.17B,$1.63B,1.33,$5.32B,$2.18B,40.99%,$5.32B,$0.52B,9.75%,$5.32B,$0.52B,9.75%,$5.32B,$0.65B,12.16%,$5.32B,$0.42B,7.84%,$5.32B,$0.33B,6.28%,$0.33B,$1.63B,20.74%,$0.33B,$-0.14B,-221.56%,$0.33B,$5.27B,6.47%,$0.52B,$3.80B,14.27%,$1558,$939,$619,$0,$466,$1406,$153,$-35,$118,$32,$86,$86,$85,$185,$153,$131,137,$0.66,$0.64,$244,$834,$0,$2471,$780,$0,$1776,$222,$2801,$5272,$1007,$2171,$357,$2632,$3638,$1,$1343,$-459,$1634,$5272,$339,$128,$31,$159,$-106,$-34,$52,$3,$-108,$390,$-115,$0,$-112,$-43,$0,$-43,$9,$-261,$75,$0,$75,$-17,$-17,$-167,$-129,$-239,$-106,$25,$-167
2,2018-02-28,49.19,$12.23,4.02,$39.06,1.26,$2.64,18.66,$2.80,17.57,$2.36B,$0.92B,2.56,$2.18B,$1.64B,1.33,$5.26B,$2.23B,42.33%,$5.26B,$0.58B,10.94%,$5.26B,$0.58B,10.94%,$5.26B,$0.70B,13.34%,$5.26B,$0.49B,9.23%,$5.26B,$0.38B,7.15%,$0.38B,$1.64B,24.08%,$0.38B,$-0.13B,-203.79%,$0.38B,$5.14B,7.34%,$0.58B,$3.82B,16.41%,$1103,$663,$439,$0,$383,$1046,$57,$-22,$35,$-6,$41,$41,$40,$89,$57,$131,131,$0.30,$0.30,$264,$931,$0,$2357,$773,$0,$1764,$221,$2779,$5136,$922,$2180,$335,$2578,$3500,$1,$1299,$-406,$1636,$5136,$253,$96,$-28,$68,$139,$-121,$-113,$14,$-181,$141,$-73,$0,$-60,$-42,$0,$-42,$7,$-168,$76,$0,$76,$-15,$-15,$-126,$-6,$-70,$-86,$18,$-126
3,2017-11-30,52.04,$12.04,4.32,$38.48,1.35,$2.83,18.37,$2.59,20.09,$2.40B,$1.08B,2.23,$1.88B,$1.61B,1.17,$5.18B,$2.22B,42.80%,$5.18B,$0.56B,10.74%,$5.18B,$0.56B,10.74%,$5.18B,$0.68B,13.22%,$5.18B,$0.47B,9.02%,$5.18B,$0.35B,6.72%,$0.35B,$1.61B,23.61%,$0.35B,$-0.14B,-134.23%,$0.35B,$5.15B,6.93%,$0.56B,$3.49B,17.00%,$1315,$764,$551,$0,$420,$1184,$131,$-22,$109,$13,$96,$96,$94,$164,$131,$131,136,$0.72,$0.70,$268,$864,$0,$2395,$760,$0,$1748,$221,$2750,$5145,$1075,$1883,$507,$2460,$3535,$1,$1301,$-435,$1610,$5145,$213,$64,$-20,$44,$34,$-63,$-95,$3,$-141,$115,$-45,$0,$-55,$-37,$0,$-37,$0,$-137,$34,$0,$34,$-12,$-12,$-83,$-5,$-66,$-83,$14,$-83
4,2017-08-31,47.81,$11.70,4.09,$37.89,1.26,$3.16,15.11,$1.35,35.42,$2.36B,$1.10B,2.16,$1.87B,$1.56B,1.2,$5.05B,$2.19B,43.28%,$5.05B,$0.34B,6.71%,$5.05B,$0.34B,6.71%,$5.05B,$0.65B,12.89%,$5.05B,$0.25B,4.97%,$5.05B,$0.18B,3.62%,$0.18B,$1.56B,13.14%,$0.18B,$-0.19B,-59.85%,$0.18B,$5.11B,3.76%,$0.34B,$3.43B,10.84%,$1345,$773,$572,$0,$394,$1168,$178,$-22,$155,$38,$117,$117,$115,$209,$178,$131,136,$0.87,$0.86,$236,$851,$0,$2363,$756,$0,$1756,$212,$2746,$5109,$1095,$1868,$492,$2452,$3547,$1,$1249,$-429,$1562,$5109,$117,$31,$16,$47,$2,$-47,$-73,$-11,$-183,$-26,$-18,$0,$-36,$-15,$0,$-15,$1,$-68,$18,$0,$18,$-5,$-5,$-40,$-4,$-31,$-114,$7,$-40
5,2017-05-31,52.66,$10.77,4.89,$37.24,1.41,$3.41,15.45,$1.32,39.89,$2.40B,$1.24B,1.94,$1.84B,$1.44B,1.28,$4.96B,$2.17B,43.69%,$4.96B,$0.33B,6.64%,$4.96B,$0.33B,6.64%,$4.96B,$0.64B,12.89%,$4.96B,$0.24B,4.92%,$4.96B,$0.18B,3.61%,$0.18B,$1.44B,13.15%,$0.18B,$-0.28B,-52.00%,$0.18B,$5.09B,3.75%,$0.33B,$3.28B,10.82%,$1493,$829,$663,$0,$454,$1283,$209,$-24,$186,$57,$129,$129,$127,$239,$209,$131,135,$0.97,$0.98,$350,$788,$0,$2397,$743,$0,$1717,$214,$2693,$5090,$1235,$1836,$482,$2416,$3652,$1,$1172,$-474,$1439,$5090,$185,$310,$62,$372,$-6,$-71,$16,$-38,$-171,$386,$-126,$0,$-254,$39,$0,$39,$2,$-340,$443,$0,$443,$-22,$-22,$-157,$-229,$36,$85,$33,$-157
6,2017-02-28,51.45,$9.62,5.35,$36.63,1.4,$4.10,12.55,$1.51,34.07,$2.08B,$1.23B,1.69,$1.60B,$1.29B,1.24,$4.89B,$2.15B,43.95%,$4.89B,$0.34B,7.01%,$4.89B,$0.34B,7.01%,$4.89B,$0.66B,13.39%,$4.89B,$0.26B,5.25%,$4.89B,$0.20B,4.15%,$0.20B,$1.29B,15.09%,$0.20B,$-0.43B,-53.46%,$0.20B,$4.73B,4.33%,$0.34B,$2.88B,11.53%,$1022,$594,$429,$0,$386,$985,$38,$-21,$17,$4,$13,$13,$12,$72,$38,$131,131,$0.09,$0.09,$211,$856,$0,$2080,$702,$0,$1712,$212,$2652,$4732,$1231,$1598,$570,$2216,$3446,$1,$1084,$-533,$1286,$4732,$56,$280,$-0,$280,$190,$-143,$-96,$-27,$-159,$173,$-80,$0,$-247,$0,$0,$0,$1,$-325,$344,$0,$344,$-20,$-20,$-117,$-109,$98,$-54,$25,$-117
7,2016-11-30,50.79,$9.61,5.29,$36.46,1.39,$4.69,10.82,$1.56,32.56,$2.04B,$0.89B,2.3,$1.64B,$1.28B,1.27,$4.86B,$2.13B,43.92%,$4.86B,$0.35B,7.14%,$4.86B,$0.35B,7.14%,$4.86B,$0.65B,13.44%,$4.86B,$0.26B,5.39%,$4.86B,$0.21B,4.30%,$0.21B,$1.28B,15.66%,$0.21B,$-0.32B,-52.22%,$0.21B,$4.55B,4.52%,$0.35B,$2.92B,11.56%,$1191,$669,$522,$0,$419,$1277,$-86,$-21,$-107,$-37,$-70,$-70,$-71,$131,$-86,$131,131,$-0.54,$-0.54,$206,$762,$0,$2041,$639,$0,$1607,$201,$2506,$4547,$887,$1635,$701,$2378,$3264,$1,$1113,$-556,$1283,$4547,$43,$246,$-41,$205,$111,$-82,$-70,$-21,$-89,$159,$-48,$0,$-65,$-1,$0,$-1,$1,$-113,$3,$0,$3,$-20,$-20,$-77,$-5,$-99,$-59,$17,$-77
8,2016-08-31,52.02,$10.78,4.83,$35.81,1.45,$4.84,10.75,$2.72,19.12,$2.10B,$0.88B,2.37,$1.65B,$1.44B,1.15,$4.82B,$2.11B,43.66%,$4.82B,$0.57B,11.90%,$4.82B,$0.57B,11.90%,$4.82B,$0.69B,14.32%,$4.82B,$0.49B,10.14%,$4.82B,$0.36B,7.50%,$0.36B,$1.44B,27.09%,$0.36B,$-0.35B,-82.79%,$0.36B,$4.73B,7.84%,$0.57B,$3.09B,19.04%,$1252,$700,$552,$0,$384,$1084,$168,$-19,$148,$35,$113,$113,$111,$197,$168,$131,135,$0.85,$0.83,$194,$729,$0,$2095,$632,$0,$1786,$193,$2632,$4727,$884,$1653,$700,$2406,$3289,$1,$1224,$-506,$1438,$4727,$113,$29,$8,$36,$29,$-43,$-71,$-18,$-145,$7,$-17,$0,$-17,$-0,$0,$-0,$0,$-34,$15,$0,$15,$-17,$-17,$-37,$-5,$-44,$-71,$8,$-37
9,2016-05-31,47.63,$10.34,4.61,$35.60,1.34,$4.88,9.76,$2.63,18.11,$2.14B,$1.00B,2.13,$1.64B,$1.38B,1.19,$4.82B,$2.09B,43.34%,$4.82B,$0.57B,11.75%,$4.82B,$0.57B,11.75%,$4.82B,$0.68B,14.16%,$4.82B,$0.48B,10.03%,$4.82B,$0.35B,7.25%,$0.35B,$1.38B,26.82%,$0.35B,$-0.42B,-73.51%,$0.35B,$4.77B,7.59%,$0.57B,$3.01B,18.88%,$1427,$779,$647,$0,$425,$1204,$223,$-23,$199,$45,$154,$154,$151,$255,$223,$129,137,$1.17,$1.13,$265,$686,$0,$2135,$629,$0,$1795,$185,$2630,$4765,$1002,$1635,$703,$2388,$3390,$1,$1147,$-502,$1375,$4765,$357,$116,$25,$141,$-25,$-18,$-6,$-14,$-24,$475,$-117,$0,$-52,$0,$0,$0,$3,$-166,$-5,$0,$-5,$-53,$-53,$-144,$-4,$-206,$90,$31,$-144
10,2016-02-29,38.55,$9.34,4.13,$35.34,1.09,$4.08,9.45,$2.44,15.8,$1.93B,$0.78B,2.47,$1.75B,$1.24B,1.41,$4.76B,$2.04B,42.83%,$4.76B,$0.55B,11.49%,$4.76B,$0.55B,11.49%,$4.76B,$0.66B,13.82%,$4.76B,$0.46B,9.72%,$4.76B,$0.33B,6.83%,$0.33B,$1.24B,25.38%,$0.33B,$-0.51B,-64.84%,$0.33B,$4.45B,7.10%,$0.55B,$2.99B,18.34%,$989,$576,$413,$0,$371,$947,$42,$-20,$22,$3,$19,$19,$18,$70,$42,$129,129,$0.14,$0.14,$221,$740,$0,$1930,$580,$0,$1749,$187,$2518,$4448,$782,$1750,$610,$2425,$3208,$1,$1031,$-498,$1241,$4448,$204,$83,$-6,$77,$179,$-82,$-134,$-13,$-75,$224,$-55,$0,$-29,$-3,$0,$-3,$7,$-80,$97,$0,$97,$-67,$-67,$-108,$-3,$-81,$46,$23,$-108
11,2015-11-30,44.04,$9.69,4.54,$34.97,1.26,$2.59,16.99,$1.86,23.68,$2.01B,$0.74B,2.72,$1.67B,$1.29B,1.3,$4.72B,$2.01B,42.52%,$4.72B,$0.54B,11.42%,$4.72B,$0.54B,11.42%,$4.72B,$0.65B,13.71%,$4.72B,$0.46B,9.77%,$4.72B,$0.25B,5.30%,$0.25B,$1.29B,19.55%,$0.25B,$-0.47B,-48.38%,$0.25B,$4.52B,5.42%,$0.54B,$2.97B,18.13%,$1156,$662,$494,$0,$353,$1015,$141,$-21,$120,$36,$84,$84,$82,$169,$141,$129,137,$0.63,$0.62,$191,$710,$0,$2011,$575,$0,$1765,$165,$2507,$4518,$739,$1673,$732,$2487,$3226,$1,$1049,$-477,$1292,$4518,$185,$56,$2,$58,$117,$-50,$-106,$5,$-71,$167,$-31,$0,$-12,$-2,$0,$-2,$5,$-40,$20,$0,$20,$-45,$-45,$-71,$-1,$-98,$16,$16,$-71
12,2015-08-31,40.85,$9.74,4.19,$34.46,1.19,$1.81,22.54,$1.76,23.21,$2.13B,$0.81B,2.62,$1.73B,$1.30B,1.33,$4.63B,$1.97B,42.43%,$4.63B,$0.52B,11.16%,$4.63B,$0.52B,11.16%,$4.63B,$0.62B,13.38%,$4.63B,$0.45B,9.65%,$4.63B,$0.24B,5.09%,$0.24B,$1.30B,17.43%,$0.24B,$-0.50B,-60.36%,$0.24B,$4.66B,5.21%,$0.52B,$3.03B,17.54%,$1243,$710,$533,$0,$373,$1082,$160,$-18,$142,$42,$100,$100,$98,$188,$160,$130,137,$0.76,$0.74,$169,$719,$0,$2126,$580,$0,$1795,$154,$2536,$4661,$813,$1731,$738,$2552,$3364,$1,$1002,$-428,$1297,$4661,$100,$28,$-2,$26,$19,$-52,$-65,$0,$-129,$7,$-12,$0,$-5,$6,$0,$6,$0,$-10,$76,$0,$76,$-35,$-35,$-35,$-1,$5,$-5,$7,$-35
13,2015-05-31,46.35,$9.71,4.77,$34.32,1.35,$0.83,55.53,$1.75,26.48,$2.10B,$0.90B,2.33,$1.65B,$1.29B,1.28,$4.59B,$1.94B,42.25%,$4.59B,$0.52B,11.30%,$4.59B,$0.52B,11.30%,$4.59B,$0.62B,13.43%,$4.59B,$0.45B,9.86%,$4.59B,$0.24B,5.12%,$0.24B,$1.29B,16.34%,$0.24B,$-0.53B,-89.95%,$0.24B,$4.69B,5.28%,$0.52B,$2.95B,17.48%,$1373,$774,$599,$0,$395,$1169,$204,$-25,$179,$50,$129,$129,$127,$231,$204,$130,135,$0.99,$0.97,$175,$674,$0,$2100,$590,$0,$1820,$179,$2594,$4694,$903,$1654,$753,$2498,$3401,$1,$937,$-394,$1293,$4694,$228,$99,$95,$195,$-90,$-31,$-16,$-5,$-99,$330,$-85,$0,$-468,$-13,$0,$-13,$6,$-559,$298,$0,$298,$-31,$-31,$-136,$-21,$110,$-158,$32,$-136
14,2015-02-28,46.57,$9.26,5.03,$33.79,1.38,$0.41,113.21,$1.61,28.93,$2.04B,$0.86B,2.36,$1.72B,$1.23B,1.39,$4.50B,$1.90B,42.31%,$4.50B,$0.49B,10.80%,$4.50B,$0.49B,10.80%,$4.50B,$0.58B,12.89%,$4.50B,$0.43B,9.54%,$4.50B,$0.21B,4.76%,$0.21B,$1.23B,14.18%,$0.21B,$-0.57B,-156.49%,$0.21B,$4.57B,4.89%,$0.49B,$2.95B,16.40%,$946,$567,$380,$0,$346,$913,$34,$-13,$20,$99,$-79,$-79,$-57,$59,$34,$130,130,$-0.44,$-0.44,$220,$724,$0,$2036,$568,$0,$1805,$155,$2535,$4571,$863,$1717,$707,$2475,$3337,$1,$844,$-345,$1234,$4571,$100,$72,$95,$167,$73,$-83,$-148,$-41,$-242,$24,$-47,$0,$-434,$6,$0,$6,$13,$-462,$516,$0,$516,$-36,$-36,$-102,$-23,$356,$-112,$22,$-102
15,2014-11-30,43.71,$11.90,3.67,$33.17,1.32,$0.37,117.87,$2.17,20.14,$1.96B,$0.87B,2.25,$1.28B,$1.59B,0.8,$4.42B,$1.88B,42.60%,$4.42B,$0.49B,11.05%,$4.42B,$0.49B,11.05%,$4.42B,$0.58B,13.11%,$4.42B,$0.43B,9.83%,$4.42B,$0.29B,6.50%,$0.29B,$1.59B,18.25%,$0.29B,$0.03B,-1171.43%,$0.29B,$4.20B,6.77%,$0.49B,$2.87B,16.58%,$1071,$617,$454,$0,$335,$952,$119,$-13,$106,$32,$74,$74,$68,$142,$119,$130,135,$0.52,$0.52,$297,$638,$0,$1960,$510,$0,$1560,$160,$2237,$4197,$870,$1276,$412,$1736,$2606,$1,$936,$-259,$1591,$4197,$179,$46,$-1,$45,$45,$-41,$-134,$-8,$-168,$55,$-26,$0,$-33,$5,$0,$5,$7,$-48,$77,$0,$77,$-9,$-9,$-67,$-24,$-23,$-36,$16,$-67
16,2014-08-31,42.91,$12.24,3.51,$33.45,1.28,$0.06,717.63,$2.13,20.15,$2.04B,$0.76B,2.7,$1.48B,$1.63B,0.9,$4.42B,$1.89B,42.70%,$4.42B,$0.48B,10.96%,$4.42B,$0.48B,10.96%,$4.42B,$0.57B,13.00%,$4.42B,$0.43B,9.65%,$4.42B,$0.28B,6.36%,$0.28B,$1.63B,18.15%,$0.28B,$0.02B,-506.31%,$0.28B,$4.35B,6.68%,$0.48B,$3.11B,16.46%,$1204,$696,$508,$0,$347,$1042,$162,$-14,$148,$43,$105,$105,$97,$185,$162,$130,135,$0.74,$0.73,$225,$628,$0,$2039,$530,$0,$1613,$157,$2307,$4347,$755,$1476,$429,$1957,$2712,$1,$901,$-172,$1634,$4347,$105,$23,$7,$30,$-72,$-17,$-116,$-6,$-260,$-125,$-12,$0,$-33,$2,$0,$2,$-0,$-43,$126,$0,$126,$-5,$-5,$-32,$-25,$65,$-108,$6,$-32
17,2014-05-31,39.01,$11.84,3.29,$33.48,1.17,$0.00,0.0,$2.17,17.98,$2.06B,$0.94B,2.2,$1.35B,$1.58B,0.85,$4.38B,$1.88B,42.87%,$4.38B,$0.49B,11.11%,$4.38B,$0.49B,11.11%,$4.38B,$0.58B,13.14%,$4.38B,$0.43B,9.71%,$4.38B,$0.29B,6.51%,$0.29B,$1.58B,19.06%,$0.29B,$-0.03B,-293.06%,$0.29B,$4.38B,6.89%,$0.49B,$2.93B,16.91%,$1277,$716,$561,$0,$389,$1105,$171,$-17,$155,$41,$114,$114,$106,$194,$171,$129,132,$0.82,$0.81,$333,$614,$0,$2062,$533,$0,$1607,$168,$2316,$4378,$937,$1346,$467,$1863,$2800,$1,$834,$-157,$1579,$4378,$306,$90,$22,$112,$-79,$-59,$42,$-76,$-138,$278,$-94,$0,$-39,$-13,$0,$-13,$-3,$-150,$-6,$0,$-6,$-1,$-1,$-126,$-4,$-137,$-11,$24,$-126
18,2014-02-28,37.7,$11.14,3.38,$32.84,1.15,$0.74,50.82,$1.86,20.27,$1.75B,$0.69B,2.55,$1.38B,$1.49B,0.93,$4.27B,$1.82B,42.51%,$4.27B,$0.46B,10.80%,$4.27B,$0.46B,10.80%,$4.27B,$0.55B,12.86%,$4.27B,$0.37B,8.59%,$4.27B,$0.25B,5.76%,$0.25B,$1.49B,17.09%,$0.25B,$-0.12B,-169.66%,$0.25B,$4.03B,6.04%,$0.46B,$2.87B,16.33%,$863,$505,$358,$0,$322,$828,$36,$-11,$25,$8,$17,$17,$16,$58,$36,$129,129,$0.12,$0.12,$216,$635,$0,$1751,$507,$0,$1607,$169,$2282,$4034,$687,$1382,$431,$1862,$2549,$1,$757,$-165,$1485,$4034,$192,$67,$14,$81,$86,$-83,$-145,$-81,$-246,$26,$-54,$0,$-39,$7,$0,$7,$6,$-80,$31,$0,$31,$-10,$-10,$-94,$-0,$-73,$-128,$16,$-94
19,2013-11-30,35.47,$11.22,3.16,$32.71,1.08,$1.93,18.36,$1.41,25.15,$1.81B,$0.73B,2.47,$1.37B,$1.49B,0.91,$4.25B,$1.80B,42.37%,$4.25B,$0.45B,10.59%,$4.25B,$0.45B,10.59%,$4.25B,$0.54B,12.66%,$4.25B,$0.28B,6.56%,$4.25B,$0.19B,4.42%,$0.19B,$1.49B,13.47%,$0.19B,$-0.09B,-102.17%,$0.19B,$4.07B,4.65%,$0.45B,$2.86B,16.18%,$1071,$614,$458,$0,$343,$957,$115,$-17,$98,$29,$68,$68,$62,$137,$115,$129,130,$0.48,$0.48,$224,$598,$0,$1814,$499,$0,$1587,$171,$2257,$4071,$734,$1365,$436,$1843,$2577,$1,$773,$-148,$1494,$4071,$175,$45,$1,$46,$22,$-44,$-112,$-69,$-198,$22,$-35,$0,$-21,$-14,$0,$-14,$2,$-68,$-3,$0,$-3,$-8,$-8,$-62,$-1,$-74,$-119,$10,$-62
20,2013-08-31,30.24,$10.71,2.82,$32.34,0.93,$2.78,10.89,$1.24,24.39,$1.85B,$0.76B,2.43,$1.42B,$1.42B,1.0,$4.20B,$1.77B,42.13%,$4.20B,$0.43B,10.34%,$4.20B,$0.43B,10.34%,$4.20B,$0.52B,12.44%,$4.20B,$0.25B,6.00%,$4.20B,$0.17B,3.98%,$0.17B,$1.42B,12.23%,$0.17B,$-0.15B,-77.05%,$0.17B,$4.06B,4.15%,$0.43B,$2.84B,15.70%,$1165,$666,$499,$0,$335,$1001,$164,$-16,$147,$40,$107,$107,$101,$186,$164,$129,130,$0.78,$0.77,$205,$572,$0,$1850,$485,$0,$1570,$158,$2213,$4063,$760,$1420,$423,$1879,$2639,$1,$741,$-175,$1424,$4063,$107,$22,$-7,$16,$-76,$-23,$-83,$-69,$-251,$-129,$-11,$0,$-12,$-2,$0,$-2,$3,$-22,$51,$0,$51,$-4,$-4,$-30,$-2,$15,$-139,$5,$-30
21,2013-05-31,29.28,$10.22,2.87,$31.48,0.93,$3.89,7.53,$0.73,40.11,$1.89B,$0.93B,2.03,$1.37B,$1.36B,1.01,$4.08B,$1.70B,41.75%,$4.08B,$0.39B,9.63%,$4.08B,$0.39B,9.63%,$4.08B,$0.48B,11.74%,$4.08B,$0.18B,4.34%,$4.08B,$0.10B,2.43%,$0.10B,$1.36B,7.33%,$0.10B,$-0.22B,-57.06%,$0.10B,$4.12B,2.52%,$0.39B,$2.72B,14.59%,$1171,$671,$500,$0,$354,$1024,$146,$-50,$97,$29,$68,$68,$67,$168,$146,$129,130,$0.50,$0.50,$344,$549,$0,$1886,$492,$0,$1573,$163,$2235,$4121,$928,$1369,$417,$1838,$2766,$1,$668,$-159,$1355,$4121,$110,$86,$112,$198,$-7,$-40,$71,$2,$77,$368,$-91,$0,$-397,$0,$0,$0,$11,$-477,$252,$0,$252,$4,$4,$-118,$0,$138,$28,$17,$-118
22,2013-02-28,26.69,$9.88,2.7,$31.02,0.86,$3.49,7.65,$0.88,30.32,$1.69B,$0.73B,2.31,$1.39B,$1.31B,1.06,$4.01B,$1.66B,41.47%,$4.01B,$0.39B,9.60%,$4.01B,$0.39B,9.60%,$4.01B,$0.47B,11.75%,$4.01B,$0.20B,5.04%,$4.01B,$0.11B,2.82%,$0.11B,$1.31B,8.43%,$0.11B,$-0.28B,-126.97%,$0.11B,$3.92B,2.99%,$0.39B,$2.70B,14.70%,$844,$500,$344,$0,$319,$819,$25,$-88,$-63,$-21,$-42,$-42,$-42,$47,$25,$129,129,$-0.33,$-0.33,$247,$586,$0,$1689,$474,$0,$1587,$172,$2234,$3923,$731,$1392,$436,$1882,$2613,$1,$632,$-162,$1310,$3923,$42,$64,$137,$201,$145,$-70,$-88,$-5,$-62,$171,$-46,$0,$-397,$7,$0,$7,$1,$-435,$274,$0,$274,$-2,$-2,$-88,$4,$187,$-69,$12,$-88
23,2012-11-30,25.26,$10.39,2.43,$30.42,0.83,$3.43,7.36,$1.26,20.04,$1.73B,$0.69B,2.5,$1.41B,$1.38B,1.03,$3.94B,$1.62B,41.17%,$3.94B,$0.39B,9.80%,$3.94B,$0.39B,9.80%,$3.94B,$0.47B,11.88%,$3.94B,$0.28B,7.01%,$3.94B,$0.16B,4.11%,$0.16B,$1.38B,11.89%,$0.16B,$-0.22B,635.29%,$0.16B,$3.98B,4.43%,$0.39B,$2.79B,15.03%,$1017,$592,$425,$0,$326,$918,$99,$-28,$71,$25,$46,$46,$41,$121,$99,$129,130,$0.32,$0.31,$262,$546,$0,$1727,$475,$0,$1599,$176,$2249,$3976,$691,$1413,$446,$1910,$2601,$1,$686,$-146,$1375,$3976,$84,$42,$63,$105,$64,$-26,$-95,$1,$-52,$128,$-31,$0,$-397,$-10,$0,$-10,$4,$-434,$293,$0,$293,$-1,$-1,$-58,$6,$239,$-54,$8,$-58
24,2012-08-31,23.66,$10.32,2.29,$29.70,0.8,$3.40,6.96,$1.33,17.79,$1.73B,$0.68B,2.53,$1.20B,$1.36B,0.88,$3.84B,$1.57B,40.79%,$3.84B,$0.37B,9.74%,$3.84B,$0.37B,9.74%,$3.84B,$0.45B,11.80%,$3.84B,$0.28B,7.32%,$3.84B,$0.17B,4.43%,$0.17B,$1.36B,12.45%,$0.17B,$0.03B,137.37%,$0.17B,$3.68B,4.83%,$0.37B,$2.56B,15.01%,$1047,$613,$434,$0,$311,$924,$123,$-51,$72,$34,$38,$38,$33,$143,$123,$129,130,$0.26,$0.26,$257,$525,$0,$1726,$446,$0,$1336,$169,$1950,$3676,$682,$1200,$386,$1632,$2314,$1,$685,$-147,$1362,$3676,$38,$20,$46,$66,$7,$-25,$-54,$-11,$-86,$18,$-13,$0,$-141,$-5,$0,$-5,$15,$-143,$84,$0,$84,$-0,$-0,$-28,$1,$57,$-59,$4,$-28
25,2012-05-31,22.57,$9.99,2.26,$29.29,0.77,$3.38,6.67,$1.66,13.6,$1.74B,$0.73B,2.4,$1.11B,$1.31B,0.85,$3.78B,$1.54B,40.82%,$3.78B,$0.39B,10.24%,$3.78B,$0.39B,10.24%,$3.78B,$0.46B,12.28%,$3.78B,$0.33B,8.68%,$3.78B,$0.21B,5.61%,$0.21B,$1.31B,15.32%,$0.21B,$0.12B,114.44%,$0.21B,$3.56B,6.09%,$0.39B,$2.43B,15.57%,$1102,$641,$460,$0,$322,$964,$138,$-16,$122,$33,$89,$89,$81,$160,$138,$128,129,$0.63,$0.63,$316,$490,$0,$1737,$419,$0,$1195,$211,$1824,$3562,$725,$1113,$382,$1523,$2248,$1,$687,$-178,$1314,$3562,$234,$76,$2,$78,$-37,$-15,$31,$25,$-20,$295,$-72,$0,$-163,$-18,$0,$-18,$-14,$-267,$-8,$0,$-8,$3,$3,$-112,$0,$-117,$-119,$14,$-112
26,2012-02-29,20.27,$10.64,1.9,$28.40,0.71,$3.20,6.34,$1.56,12.99,$1.68B,$0.62B,2.7,$1.10B,$1.40B,0.79,$3.66B,$1.50B,40.95%,$3.66B,$0.37B,10.06%,$3.66B,$0.37B,10.06%,$3.66B,$0.44B,12.06%,$3.66B,$0.31B,8.58%,$3.66B,$0.20B,5.44%,$0.20B,$1.40B,14.19%,$0.20B,$0.18B,92.02%,$0.20B,$3.41B,5.74%,$0.37B,$2.50B,14.70%,$774,$470,$303,$0,$277,$748,$26,$-14,$11,$4,$8,$8,$7,$44,$26,$128,130,$0.05,$0.05,$272,$517,$0,$1684,$403,$0,$1219,$108,$1730,$3414,$623,$1099,$219,$1392,$2015,$1,$633,$-47,$1399,$3414,$145,$55,$1,$55,$128,$-25,$-87,$-1,$-59,$153,$-34,$0,$-151,$-15,$0,$-15,$-2,$-202,$-17,$0,$-17,$-7,$-7,$-84,$6,$-102,$-163,$10,$-84
27,2011-11-30,19.86,$10.58,1.88,$27.71,0.72,$3.59,5.53,$1.52,13.06,$1.72B,$0.65B,2.64,$1.09B,$1.39B,0.79,$3.56B,$1.47B,41.12%,$3.56B,$0.36B,9.96%,$3.56B,$0.36B,9.96%,$3.56B,$0.43B,12.01%,$3.56B,$0.31B,8.56%,$3.56B,$0.19B,5.42%,$0.19B,$1.39B,13.99%,$0.19B,$0.17B,90.50%,$0.19B,$3.43B,5.67%,$0.36B,$2.48B,14.56%,$916,$547,$369,$0,$282,$829,$87,$-11,$76,$22,$54,$54,$49,$106,$87,$128,128,$0.38,$0.38,$301,$511,$0,$1721,$382,$0,$1219,$109,$1711,$3432,$653,$1092,$226,$1391,$2044,$1,$654,$-75,$1388,$3432,$137,$37,$-0,$37,$77,$-25,$-46,$-10,$-61,$110,$-18,$0,$-133,$-2,$0,$-2,$4,$-150,$-16,$0,$-16,$-6,$-6,$-56,$3,$-74,$-134,$7,$-56
28,2011-08-31,17.35,$10.95,1.59,$27.05,0.64,$4.19,4.14,$1.52,11.42,$1.86B,$0.68B,2.72,$1.10B,$1.44B,0.77,$3.47B,$1.44B,41.32%,$3.47B,$0.36B,10.28%,$3.47B,$0.36B,10.28%,$3.47B,$0.43B,12.35%,$3.47B,$0.31B,8.81%,$3.47B,$0.19B,5.53%,$0.19B,$1.44B,14.19%,$0.19B,$0.27B,88.79%,$0.19B,$3.52B,5.77%,$0.36B,$2.54B,15.06%,$986,$576,$410,$0,$274,$850,$136,$-17,$119,$35,$83,$83,$75,$154,$136,$128,129,$0.59,$0.59,$373,$496,$0,$1855,$387,$0,$1163,$112,$1662,$3517,$683,$1103,$233,$1398,$2081,$1,$632,$-6,$1436,$3517,$83,$18,$2,$20,$-4,$-27,$-27,$-6,$-98,$7,$-5,$0,$-36,$3,$0,$3,$1,$-37,$-3,$0,$-3,$1,$1,$-27,$0,$-30,$-62,$3,$-27
29,2011-05-31,19.39,$10.62,1.83,$26.36,0.74,$4.47,4.34,$1.46,13.28,$1.87B,$0.74B,2.54,$1.11B,$1.39B,0.8,$3.38B,$1.40B,41.40%,$3.38B,$0.34B,10.14%,$3.38B,$0.34B,10.14%,$3.38B,$0.42B,12.27%,$3.38B,$0.30B,8.72%,$3.38B,$0.19B,5.50%,$0.19B,$1.39B,14.27%,$0.19B,$0.24B,100.95%,$0.19B,$3.52B,5.79%,$0.34B,$2.49B,15.06%,$982,$565,$416,$0,$298,$863,$119,$-11,$108,$34,$73,$73,$68,$137,$119,$127,128,$0.54,$0.53,$435,$463,$0,$1868,$390,$0,$1144,$113,$1647,$3515,$735,$1106,$224,$1392,$2128,$1,$583,$6,$1387,$3515,$203,$73,$20,$92,$-70,$-72,$56,$-24,$-57,$238,$-40,$0,$-38,$-15,$0,$-15,$-13,$-106,$176,$0,$176,$-10,$-10,$-109,$0,$58,$220,$12,$-109
30,2011-02-28,18.78,$10.02,1.88,$26.30,0.71,$4.33,4.34,$1.39,13.51,$1.53B,$0.61B,2.53,$0.93B,$1.31B,0.71,$3.37B,$1.40B,41.61%,$3.37B,$0.33B,9.85%,$3.37B,$0.33B,9.85%,$3.37B,$0.41B,12.07%,$3.37B,$0.28B,8.21%,$3.37B,$0.18B,5.22%,$0.18B,$1.31B,14.11%,$0.18B,$0.17B,120.55%,$0.18B,$3.16B,5.71%,$0.33B,$2.24B,15.26%,$679,$409,$270,$0,$257,$666,$13,$-11,$2,$1,$1,$1,$1,$31,$13,$127,129,$0.01,$0.01,$275,$473,$0,$1532,$381,$0,$1139,$104,$1624,$3156,$605,$933,$256,$1244,$1849,$1,$540,$-13,$1307,$3156,$130,$55,$15,$69,$99,$-81,$-38,$-1,$-8,$191,$-22,$0,$-39,$-8,$0,$-8,$2,$-67,$7,$0,$7,$-14,$-14,$-81,$0,$-88,$60,$9,$-81
31,2010-11-30,16.6,$9.88,1.68,$26.28,0.63,$4.40,3.78,$1.31,12.67,$1.52B,$0.60B,2.54,$0.92B,$1.28B,0.72,$3.36B,$1.39B,41.46%,$3.36B,$0.32B,9.58%,$3.36B,$0.32B,9.58%,$3.36B,$0.40B,11.90%,$3.36B,$0.26B,7.86%,$3.36B,$0.17B,4.94%,$0.17B,$1.28B,13.58%,$0.17B,$0.18B,177.07%,$0.17B,$3.12B,5.30%,$0.32B,$2.21B,15.02%,$826,$487,$339,$0,$251,$737,$89,$-12,$77,$24,$54,$54,$48,$107,$89,$127,128,$0.38,$0.38,$299,$434,$0,$1522,$378,$0,$1104,$114,$1596,$3119,$600,$922,$256,$1234,$1834,$1,$566,$-53,$1284,$3119,$128,$37,$11,$48,$66,$-45,$-28,$-8,$7,$183,$-15,$0,$-21,$2,$0,$2,$-1,$-36,$-3,$0,$-3,$-18,$-18,$-54,$0,$-76,$84,$6,$-54
32,2010-08-31,13.56,$9.55,1.42,$26.46,0.51,$4.45,3.05,$1.36,9.97,$1.48B,$0.59B,2.51,$0.93B,$1.24B,0.75,$3.39B,$1.42B,41.76%,$3.39B,$0.33B,9.61%,$3.39B,$0.33B,9.61%,$3.39B,$0.41B,12.02%,$3.39B,$0.27B,7.90%,$3.39B,$0.17B,5.13%,$0.17B,$1.24B,14.24%,$0.17B,$0.15B,284.08%,$0.17B,$3.06B,5.40%,$0.33B,$2.17B,15.25%,$895,$519,$375,$0,$253,$773,$122,$-14,$108,$33,$75,$75,$69,$140,$122,$128,128,$0.53,$0.53,$219,$421,$0,$1478,$376,$0,$1092,$112,$1581,$3059,$590,$933,$249,$1232,$1822,$1,$545,$-81,$1237,$3059,$75,$18,$4,$23,$10,$-34,$-17,$-11,$-57,$41,$-3,$0,$-10,$1,$0,$1,$-4,$-15,$7,$0,$7,$-9,$-9,$-27,$0,$-28,$4,$2,$-27
33,2010-05-31,15.72,$8.94,1.76,$26.69,0.59,$4.54,3.46,$1.40,11.23,$1.45B,$0.63B,2.3,$0.92B,$1.16B,0.8,$3.41B,$1.44B,42.06%,$3.41B,$0.33B,9.52%,$3.41B,$0.33B,9.52%,$3.41B,$0.41B,12.01%,$3.41B,$0.27B,7.88%,$3.41B,$0.18B,5.21%,$0.18B,$1.16B,14.61%,$0.18B,$0.09B,647.27%,$0.18B,$3.00B,5.37%,$0.33B,$2.09B,15.58%,$972,$553,$419,$0,$310,$863,$108,$-19,$90,$29,$61,$61,$58,$129,$108,$127,128,$0.46,$0.46,$215,$387,$0,$1450,$383,$0,$1071,$100,$1554,$3004,$631,$924,$244,$1211,$1843,$1,$503,$-108,$1161,$3004,$181,$84,$49,$133,$-18,$-15,$20,$-144,$-110,$204,$-23,$0,$-74,$-11,$0,$-11,$-18,$-127,$-6,$0,$-6,$12,$12,$-105,$0,$-99,$-38,$10,$-105
34,2010-02-28,15.12,$9.32,1.62,$25.80,0.59,$4.78,3.16,$1.24,12.2,$1.47B,$0.64B,2.29,$0.90B,$1.21B,0.75,$3.30B,$1.38B,41.68%,$3.30B,$0.30B,9.09%,$3.30B,$0.30B,9.09%,$3.30B,$0.40B,12.16%,$3.30B,$0.24B,7.40%,$3.30B,$0.16B,4.82%,$0.16B,$1.21B,13.09%,$0.16B,$-0.04B,-1247.06%,$0.16B,$3.34B,4.66%,$0.30B,$2.11B,14.70%,$667,$407,$260,$0,$257,$664,$3,$-14,$-11,$-2,$-9,$-9,$-9,$24,$3,$128,128,$-0.07,$-0.07,$256,$442,$0,$1467,$445,$0,$1249,$114,$1870,$3337,$640,$903,$559,$1490,$2129,$1,$469,$-20,$1208,$3337,$120,$63,$30,$93,$155,$-28,$-73,$-70,$-25,$189,$-14,$0,$-64,$-10,$0,$-10,$-0,$-88,$-23,$0,$-23,$5,$5,$-79,$0,$-97,$3,$7,$-79
35,2009-11-30,15.25,$9.90,1.54,$25.59,0.6,$4.18,3.65,$1.07,14.25,$1.63B,$0.66B,2.46,$0.90B,$1.28B,0.71,$3.27B,$1.35B,41.32%,$3.27B,$0.27B,8.14%,$3.27B,$0.27B,8.14%,$3.27B,$0.37B,11.23%,$3.27B,$0.21B,6.46%,$3.27B,$0.14B,4.19%,$0.14B,$1.28B,11.68%,$0.14B,$0.05B,-370.27%,$0.14B,$3.48B,4.05%,$0.27B,$2.19B,13.46%,$859,$495,$363,$0,$270,$765,$93,$-13,$81,$24,$56,$56,$56,$115,$93,$127,129,$0.44,$0.43,$364,$434,$0,$1630,$456,$0,$1231,$90,$1848,$3479,$664,$903,$603,$1533,$2197,$1,$505,$21,$1282,$3479,$129,$42,$23,$65,$60,$-26,$-47,$-32,$-10,$185,$-8,$0,$-9,$-2,$0,$-2,$-0,$-20,$-23,$0,$-23,$5,$5,$-52,$0,$-70,$111,$5,$-52
36,2009-08-31,12.54,$9.48,1.32,$25.92,0.48,$3.44,3.65,$1.07,11.72,$1.59B,$0.85B,1.88,$0.74B,$1.22B,0.6,$3.30B,$1.34B,40.75%,$3.30B,$0.25B,7.61%,$3.30B,$0.25B,7.61%,$3.30B,$0.35B,10.64%,$3.30B,$0.19B,5.76%,$3.30B,$0.12B,3.73%,$0.12B,$1.22B,10.86%,$0.12B,$0.01B,-180.88%,$0.12B,$3.43B,3.67%,$0.25B,$1.96B,13.16%,$916,$522,$394,$0,$273,$795,$121,$-12,$109,$36,$73,$73,$73,$142,$121,$127,127,$0.57,$0.57,$256,$435,$0,$1585,$459,$0,$1214,$87,$1843,$3428,$845,$737,$592,$1358,$2204,$1,$475,$-4,$1224,$3428,$73,$21,$14,$35,$-2,$-29,$-3,$-29,$-55,$52,$-3,$0,$-0,$-3,$0,$-3,$1,$-6,$-24,$0,$-24,$3,$3,$-26,$0,$-47,$2,$3,$-26
37,2009-05-31,11.63,$8.90,1.31,$26.32,0.44,$2.86,4.06,$1.04,11.19,$1.55B,$0.85B,1.83,$0.76B,$1.14B,0.67,$3.37B,$1.35B,40.21%,$3.37B,$0.24B,7.16%,$3.37B,$0.24B,7.16%,$3.37B,$0.34B,10.16%,$3.37B,$0.18B,5.38%,$3.37B,$0.12B,3.56%,$0.12B,$1.14B,10.51%,$0.12B,$-0.07B,-170.82%,$0.12B,$3.41B,3.53%,$0.24B,$1.91B,12.21%,$857,$499,$358,$0,$259,$774,$83,$-19,$65,$25,$39,$39,$39,$120,$83,$126,128,$0.29,$0.31,$253,$406,$0,$1553,$470,$0,$1214,$80,$1857,$3410,$849,$762,$631,$1417,$2266,$1,$428,$-32,$1144,$3410,$120,$101,$24,$125,$182,$75,$-119,$-77,$23,$267,$-55,$0,$-17,$-10,$0,$-10,$-0,$-82,$5,$0,$5,$-42,$-42,$-102,$0,$-139,$22,$8,$-102
38,2009-02-28,8.11,$8.10,1.0,$28.47,0.28,$2.54,3.19,$0.00,0.0,$1.42B,$0.76B,1.87,$0.81B,$1.04B,0.78,$3.59B,$1.45B,40.49%,$3.59B,$0.02B,0.53%,$3.59B,$0.02B,0.53%,$3.59B,$0.11B,2.93%,$3.59B,$-0.05B,-1.31%,$3.59B,$-0.01B,-0.28%,$-0.01B,$1.04B,-0.88%,$-0.01B,$-0.14B,10.93%,$-0.01B,$3.21B,-0.29%,$0.02B,$1.85B,0.93%,$635,$401,$235,$0,$266,$666,$-31,$-14,$-44,$-14,$-31,$-31,$-31,$-10,$-31,$127,127,$-0.24,$-0.24,$205,$464,$0,$1420,$450,$0,$1179,$161,$1790,$3210,$759,$811,$584,$1411,$2170,$1,$432,$-121,$1040,$3210,$80,$64,$20,$84,$317,$17,$-188,$-56,$-30,$135,$-37,$0,$-7,$-6,$0,$-6,$1,$-49,$57,$0,$57,$-43,$-43,$-76,$0,$-63,$-26,$0,$-76
39,2008-11-30,8.83,$8.73,1.01,$29.07,0.3,$2.79,3.17,$0.34,25.96,$1.54B,$0.82B,1.87,$0.79B,$1.12B,0.71,$3.68B,$1.51B,40.94%,$3.68B,$0.08B,2.04%,$3.68B,$0.08B,2.04%,$3.68B,$0.16B,4.37%,$3.68B,$0.01B,0.35%,$3.68B,$0.03B,0.90%,$0.03B,$1.12B,2.78%,$0.03B,$-0.07B,-65.02%,$0.03B,$3.35B,0.93%,$0.08B,$1.91B,3.49%,$890,$533,$357,$0,$279,$812,$78,$-17,$60,$19,$42,$42,$42,$99,$78,$127,128,$0.33,$0.33,$205,$493,$0,$1537,$455,$0,$1194,$167,$1816,$3353,$821,$791,$600,$1411,$2232,$1,$489,$-94,$1121,$3353,$111,$43,$12,$56,$212,$-16,$-131,$-44,$-63,$104,$-25,$0,$-4,$-6,$0,$-6,$3,$-31,$38,$0,$38,$-43,$-43,$-50,$0,$-56,$-26,$0,$-50
40,2008-08-31,15.69,$9.77,1.61,$29.03,0.54,$2.83,5.55,$0.33,47.56,$1.69B,$0.71B,2.37,$0.97B,$1.26B,0.77,$3.70B,$1.52B,41.07%,$3.70B,$0.09B,2.43%,$3.70B,$0.09B,2.43%,$3.70B,$0.18B,4.76%,$3.70B,$0.03B,0.92%,$3.70B,$0.05B,1.24%,$0.05B,$1.26B,3.79%,$0.05B,$0.00B,-189.69%,$0.05B,$3.62B,1.31%,$0.09B,$2.23B,4.11%,$985,$582,$404,$0,$293,$875,$111,$-11,$100,$31,$70,$70,$70,$133,$111,$125,129,$0.55,$0.53,$201,$509,$0,$1691,$483,$0,$1260,$183,$1927,$3618,$713,$965,$653,$1643,$2356,$1,$473,$45,$1262,$3618,$70,$22,$1,$23,$83,$-32,$-75,$-25,$-105,$-12,$-12,$0,$-2,$-1,$0,$-1,$8,$-7,$49,$0,$49,$-23,$-23,$-25,$0,$0,$-30,$0,$-25
41,2008-05-31,17.66,$9.30,1.9,$28.57,0.62,$2.95,5.98,$0.32,55.18,$1.78B,$0.85B,2.11,$1.07B,$1.14B,0.94,$3.64B,$1.50B,41.14%,$3.64B,$0.09B,2.52%,$3.64B,$0.09B,2.52%,$3.64B,$0.18B,4.86%,$3.64B,$0.03B,0.93%,$3.64B,$0.04B,1.21%,$0.04B,$1.14B,3.71%,$0.04B,$-0.16B,-123.94%,$0.04B,$3.76B,1.28%,$0.09B,$2.20B,4.28%,$1076,$620,$456,$0,$307,$1215,$-139,$-23,$-163,$-72,$-91,$-91,$-91,$-117,$-139,$120,121,$-0.77,$-0.70,$231,$476,$0,$1784,$498,$0,$1293,$100,$1980,$3764,$846,$1067,$687,$1781,$2627,$1,$428,$101,$1137,$3764,$44,$85,$227,$313,$-55,$-28,$11,$-74,$-122,$235,$-72,$0,$-123,$-18,$0,$-18,$44,$-169,$71,$0,$71,$8,$8,$-91,$0,$-12,$72,$13,$-91
42,2008-02-29,14.93,$10.07,1.48,$27.52,0.54,$2.64,5.66,$1.70,8.78,$1.68B,$0.74B,2.26,$1.03B,$1.23B,0.84,$3.57B,$1.47B,41.10%,$3.57B,$0.36B,10.18%,$3.57B,$0.36B,10.18%,$3.57B,$0.45B,12.59%,$3.57B,$0.32B,8.93%,$3.57B,$0.22B,6.13%,$0.22B,$1.23B,18.69%,$0.22B,$0.03B,-1055.42%,$0.22B,$3.43B,6.57%,$0.36B,$2.26B,17.40%,$732,$441,$291,$0,$266,$707,$25,$-9,$16,$3,$12,$12,$12,$46,$25,$120,130,$0.10,$0.10,$391,$485,$0,$1678,$459,$0,$1202,$94,$1755,$3434,$744,$1032,$395,$1463,$2207,$1,$539,$93,$1227,$3434,$135,$62,$30,$92,$181,$-52,$-103,$-49,$-65,$162,$-30,$0,$-14,$-8,$0,$-8,$43,$-9,$128,$0,$128,$0,$0,$-67,$0,$60,$232,$0,$-67
43,2007-11-30,13.48,$10.11,1.33,$27.52,0.49,$2.45,5.51,$1.68,8.02,$1.51B,$0.74B,2.04,$0.84B,$1.23B,0.68,$3.52B,$1.44B,40.93%,$3.52B,$0.36B,10.28%,$3.52B,$0.36B,10.28%,$3.52B,$0.45B,12.72%,$3.52B,$0.31B,8.92%,$3.52B,$0.22B,6.16%,$0.22B,$1.23B,19.33%,$0.22B,$0.03B,-417.31%,$0.22B,$3.26B,6.74%,$0.36B,$2.07B,17.94%,$906,$538,$368,$0,$275,$813,$93,$-12,$81,$26,$55,$55,$55,$114,$93,$120,131,$0.46,$0.43,$191,$462,$0,$1511,$459,$0,$1198,$92,$1749,$3260,$739,$841,$424,$1290,$2029,$1,$550,$89,$1231,$3260,$123,$42,$20,$61,$120,$-29,$-85,$-43,$-80,$104,$-17,$0,$36,$-3,$0,$-3,$-0,$15,$-53,$0,$-53,$-0,$-0,$-44,$0,$-98,$32,$0,$-44
44,2007-08-31,15.88,$9.43,1.68,$26.88,0.59,$2.32,6.84,$1.67,9.51,$1.55B,$0.77B,2.02,$0.92B,$1.14B,0.81,$3.42B,$1.40B,40.86%,$3.42B,$0.36B,10.51%,$3.42B,$0.36B,10.51%,$3.42B,$0.44B,12.97%,$3.42B,$0.31B,9.14%,$3.42B,$0.22B,6.28%,$0.22B,$1.14B,20.07%,$0.22B,$-0.04B,-244.32%,$0.22B,$3.30B,6.80%,$0.36B,$2.07B,18.07%,$930,$546,$384,$0,$271,$817,$113,$-13,$100,$32,$68,$68,$68,$134,$113,$120,130,$0.57,$0.53,$160,$472,$0,$1546,$465,$0,$1187,$99,$1752,$3298,$765,$922,$441,$1390,$2154,$1,$518,$39,$1143,$3298,$68,$21,$10,$31,$69,$-33,$-70,$-37,$-102,$-3,$-6,$0,$-3,$-0,$0,$-0,$0,$-9,$34,$0,$34,$-1,$-1,$-21,$0,$12,$1,$0,$-21
45,2007-05-31,15.81,$8.99,1.76,$26.31,0.6,$2.48,6.38,$1.63,9.7,$1.57B,$0.87B,1.82,$0.89B,$1.09B,0.82,$3.34B,$1.36B,40.74%,$3.34B,$0.35B,10.61%,$3.34B,$0.35B,10.61%,$3.34B,$0.44B,13.09%,$3.34B,$0.31B,9.20%,$3.34B,$0.21B,6.23%,$0.21B,$1.09B,20.22%,$0.21B,$-0.10B,-187.39%,$0.21B,$3.33B,6.75%,$0.35B,$1.97B,18.14%,$1006,$580,$426,$0,$293,$873,$133,$-11,$122,$38,$84,$84,$84,$156,$133,$118,129,$0.71,$0.65,$159,$438,$0,$1570,$473,$0,$1184,$87,$1763,$3333,$865,$886,$477,$1382,$2246,$1,$476,$25,$1087,$3333,$208,$82,$42,$124,$-75,$-24,$38,$-126,$-130,$202,$-70,$0,$-124,$-18,$0,$-18,$4,$-208,$100,$0,$100,$26,$26,$-82,$2,$45,$50,$0,$-82
46,2007-02-28,16.15,$8.52,1.89,$26.27,0.61,$2.52,6.41,$-0.23,0.0,$1.32B,$0.60B,2.21,$0.93B,$1.03B,0.91,$3.24B,$1.33B,40.88%,$3.24B,$0.01B,0.34%,$3.24B,$0.01B,0.34%,$3.24B,$0.09B,2.87%,$3.24B,$-0.04B,-1.14%,$3.24B,$-0.02B,-0.56%,$-0.02B,$1.03B,-1.82%,$-0.02B,$-0.10B,14.57%,$-0.02B,$2.98B,-0.60%,$0.01B,$1.96B,0.58%,$679,$416,$263,$0,$241,$657,$23,$-11,$11,$1,$10,$10,$10,$44,$23,$118,121,$0.08,$0.08,$138,$453,$0,$1320,$439,$0,$1130,$92,$1660,$2980,$597,$933,$417,$1353,$1950,$1,$413,$40,$1029,$2980,$124,$59,$-5,$54,$0,$0,$0,$-45,$-45,$134,$-34,$0,$-75,$-18,$0,$-18,$1,$-125,$56,$0,$56,$24,$24,$-61,$0,$19,$29,$0,$-61
47,2006-11-30,13.81,$8.58,1.61,$25.90,0.53,$2.38,5.8,$-0.33,0.0,$1.37B,$0.62B,2.19,$0.95B,$1.03B,0.92,$3.17B,$1.31B,41.12%,$3.17B,$-0.01B,-0.22%,$3.17B,$-0.01B,-0.22%,$3.17B,$0.07B,2.27%,$3.17B,$-0.05B,-1.67%,$3.17B,$-0.03B,-0.98%,$-0.03B,$1.03B,-3.10%,$-0.03B,$-0.11B,32.72%,$-0.03B,$3.03B,-1.06%,$-0.01B,$1.97B,-0.37%,$809,$483,$326,$0,$250,$718,$91,$-11,$80,$27,$53,$53,$53,$110,$91,$118,129,$0.45,$0.42,$135,$435,$0,$1365,$439,$0,$1136,$90,$1665,$3030,$624,$945,$436,$1381,$2004,$1,$424,$46,$1025,$3030,$114,$38,$3,$41,$0,$0,$0,$-64,$-64,$91,$-22,$0,$-80,$-5,$0,$-5,$5,$-101,$68,$0,$68,$6,$6,$-40,$0,$34,$26,$0,$-40
