,Date,Stock Price,Book Value per Share,Price to Book Ratio,TTM Sales per Share,Price to Sales Ratio,TTM FCF per Share,Price to FCF Ratio,TTM Net EPS,PE Ratio,Current Assets,Current Liabilities,Current Ratio,Long Term Debt,Shareholder's Equity_x,Debt to Equity Ratio,TTM Revenue_x,TTM Gross Profit,Gross Margin,TTM Revenue_y,TTM Operating Income,Operating Margin,TTM Revenue_x,TTM EBIT,EBIT Margin,TTM Revenue_y,TTM EBITDA,EBITDA Margin,TTM Revenue_x,TTM Pre-Tax Income,Pre-Tax Margin,TTM Revenue_y,TTM Net Income_x,Net Margin,TTM Net Income_y,Shareholder's Equity_y,Return on Equity,TTM Net Income_x,Tangible Equity,Return on Tangible Equity,TTM Net Income_y,Total Assets,Return on Assets,TTM Net Income,LT Investments & Debt,Return on Investment,revenue,cost-goods-sold,gross-profit,research-development-expenses,selling-general-administrative-expenses,operating-expenses,operating-income,total-non-operating-income-expense,pre-tax-income,total-provision-income-taxes,income-after-taxes,income-from-continuous-operations,net-income,ebitda,ebit,basic-shares-outstanding,shares-outstanding,eps-basic-net-earnings-per-share,eps-earnings-per-share-diluted,cash-on-hand,inventory,other-current-assets,total-current-assets,net-property-plant-equipment,long-term-investments,goodwill-intangible-assets-total,other-long-term-assets,total-long-term-assets,total-assets,total-current-liabilities,long-term-debt,other-non-current-liabilities,total-long-term-liabilities,total-liabilities,common-stock-net,retained-earnings-accumulated-deficit,comprehensive-income,total-share-holder-equity,total-liabilities-share-holders-equity,net-income-loss,total-depreciation-amortization-cash-flow,other-non-cash-items,total-non-cash-items,change-in-accounts-receivable,change-in-inventories,change-in-accounts-payable,change-in-assets-liabilities,total-change-in-assets-liabilities,cash-flow-from-operating-activities,net-change-in-property-plant-equipment,net-change-in-intangible-assets,net-acquisitions-divestitures,net-change-in-short-term-investments,net-change-in-long-term-investments,net-change-in-investments-total,investing-activities-other,cash-flow-from-investing-activities,net-long-term-debt,net-current-debt,debt-issuance-retirement-net-total,net-common-equity-issued-repurchased,net-total-equity-issued-repurchased,total-common-preferred-stock-dividends-paid,financial-activities-other,cash-flow-from-financial-activities,net-cash-flow,stock-based-compensation,common-stock-dividends-paid
0,2018-09-30,5.4,$-3.12,-1.73,$98.85,0.05,$-5.17,0.0,$-0.58,0.0,$2.15B,$1.51B,1.42,$1.96B,$-0.22B,-8.91,$6.96B,$1.27B,18.22%,$6.96B,$0.24B,3.39%,$6.96B,$0.24B,3.39%,$6.96B,$0.42B,6.05%,$6.96B,$0.07B,1.02%,$6.96B,$-0.04B,-0.60%,$-0.04B,$-0.22B,19.56%,$-0.04B,$-0.89B,4.57%,$-0.04B,$3.70B,-1.12%,$0.24B,$1.74B,13.11%,$1650,$1334,$315,$0,$204,$1589,$61,$-37,$24,$-10,$35,$35,$34,$105,$61,$71,71,$0.49,$0.49,$247,$362,$0,$2145,$546,$0,$675,$267,$1553,$3698,$1510,$1955,$272,$2407,$3918,$1,$-2201,$-151,$-220,$3698,$13,$138,$-16,$122,$-6,$-17,$-151,$-6,$-203,$-64,$-73,$0,$51,$50,$0,$50,$-2,$26,$0,$70,$70,$0,$0,$-22,$-2,$47,$-5,$6,$-22
1,2018-06-30,5.72,$-3.52,-1.63,$100.23,0.06,$-4.38,0.0,$-1.18,0.0,$2.09B,$1.41B,1.48,$2.03B,$-0.25B,-8.22,$7.05B,$1.28B,18.13%,$7.05B,$0.21B,2.94%,$7.05B,$0.21B,2.94%,$7.05B,$0.40B,5.60%,$7.05B,$0.04B,0.51%,$7.05B,$-0.08B,-1.19%,$-0.08B,$-0.25B,41.90%,$-0.08B,$-0.93B,9.13%,$-0.08B,$3.65B,-2.21%,$0.21B,$1.79B,10.99%,$1680,$1389,$291,$0,$208,$1654,$26,$-38,$-13,$-0,$-13,$-13,$-13,$72,$26,$71,71,$-0.18,$-0.18,$257,$324,$0,$2086,$559,$0,$681,$257,$1568,$3654,$1412,$2034,$262,$2489,$3901,$1,$-2255,$-122,$-248,$3654,$-22,$93,$3,$96,$57,$23,$-237,$-9,$-205,$-128,$-48,$0,$0,$48,$0,$48,$-4,$-3,$0,$147,$147,$0,$0,$-20,$-2,$126,$-20,$4,$-20
2,2018-03-31,8.49,$-2.68,-3.17,$99.52,0.09,$-3.24,0.0,$0.09,94.38,$2.04B,$1.43B,1.43,$1.97B,$-0.19B,-10.46,$6.99B,$1.29B,18.44%,$6.99B,$0.22B,3.08%,$6.99B,$0.22B,3.08%,$6.99B,$0.41B,5.79%,$6.99B,$0.12B,1.75%,$6.99B,$0.01B,0.09%,$0.01B,$-0.19B,-3.35%,$0.01B,$-0.92B,-0.65%,$0.01B,$3.68B,0.16%,$0.22B,$1.78B,11.00%,$1708,$1413,$295,$0,$215,$1676,$32,$-36,$-4,$5,$-9,$-9,$-10,$79,$32,$70,70,$-0.14,$-0.14,$235,$340,$0,$2036,$589,$0,$727,$255,$1644,$3681,$1429,$1969,$268,$2440,$3869,$1,$-2232,$-83,$-188,$3681,$-9,$47,$3,$51,$74,$15,$-241,$-6,$-181,$-140,$-22,$0,$0,$48,$0,$48,$1,$28,$0,$77,$77,$0,$0,$-10,$-1,$66,$-42,$1,$-10
3,2017-12-31,8.87,$-2.89,-3.06,$98.89,0.09,$-1.39,0.0,$-0.48,0.0,$2.22B,$1.55B,1.43,$2.10B,$-0.20B,-10.35,$6.94B,$1.32B,19.03%,$6.94B,$0.23B,3.26%,$6.94B,$0.23B,3.26%,$6.94B,$0.42B,6.02%,$6.94B,$0.08B,1.10%,$6.94B,$-0.03B,-0.49%,$-0.03B,$-0.20B,19.37%,$-0.03B,$-0.94B,3.67%,$-0.03B,$3.91B,-0.87%,$0.23B,$1.90B,11.16%,$1926,$1558,$368,$0,$196,$1809,$117,$-53,$64,$116,$-52,$-52,$-53,$165,$117,$70,70,$-0.76,$-0.76,$273,$417,$0,$2217,$615,$0,$732,$259,$1688,$3905,$1553,$2099,$240,$2554,$4107,$1,$-2226,$-104,$-203,$3905,$-33,$191,$-2,$189,$-57,$-20,$71,$4,$42,$218,$-109,$0,$0,$140,$0,$140,$-7,$25,$0,$-167,$-167,$0,$0,$-39,$-88,$-294,$-34,$8,$-39
4,2017-09-30,9.65,$-2.33,-4.14,$98.26,0.1,$-3.59,0.0,$-7.07,0.0,$2.22B,$1.48B,1.5,$2.23B,$-0.16B,-13.69,$6.89B,$1.32B,19.11%,$6.89B,$-0.36B,-5.20%,$6.89B,$-0.36B,-5.20%,$6.89B,$-0.16B,-2.37%,$6.89B,$-0.50B,-7.27%,$6.89B,$-0.50B,-7.18%,$-0.50B,$-0.16B,335.03%,$-0.50B,$-0.90B,54.47%,$-0.50B,$3.96B,-12.40%,$-0.36B,$2.07B,-16.87%,$1735,$1411,$324,$0,$211,$1703,$32,$-43,$-11,$-4,$-8,$-8,$-8,$79,$32,$70,70,$-0.11,$-0.11,$226,$457,$0,$2219,$625,$0,$738,$252,$1738,$3957,$1478,$2232,$176,$2641,$4120,$1,$-2161,$-127,$-163,$3957,$19,$143,$-28,$115,$-26,$-63,$-19,$-6,$-152,$-3,$-77,$0,$0,$128,$0,$128,$-8,$43,$0,$-26,$-26,$0,$0,$-29,$-86,$-141,$-88,$6,$-29
5,2017-06-30,11.56,$-2.31,-5.01,$98.02,0.12,$-4.43,0.0,$-7.06,0.0,$2.06B,$1.34B,1.54,$2.23B,$-0.16B,-13.83,$6.88B,$1.36B,19.72%,$6.88B,$-0.31B,-4.45%,$6.88B,$-0.31B,-4.45%,$6.88B,$-0.06B,-0.83%,$6.88B,$-0.45B,-6.60%,$6.88B,$-0.49B,-7.18%,$-0.49B,$-0.16B,-1796.36%,$-0.49B,$-0.93B,45.05%,$-0.49B,$3.83B,-10.14%,$-0.31B,$2.07B,-11.55%,$1620,$1318,$302,$0,$216,$1586,$34,$38,$73,$-4,$77,$77,$77,$82,$34,$70,70,$1.09,$1.09,$226,$392,$0,$2063,$633,$0,$765,$252,$1769,$3832,$1340,$2233,$183,$2653,$3993,$1,$-2140,$-143,$-162,$3832,$27,$96,$-43,$53,$81,$-10,$-121,$-7,$-128,$-41,$-54,$0,$0,$127,$0,$127,$-9,$64,$0,$-23,$-23,$0,$0,$-20,$-82,$-124,$-94,$4,$-20
6,2017-03-31,11.05,$-2.49,-4.44,$98.27,0.11,$-5.76,0.0,$-8.36,0.0,$2.14B,$1.41B,1.51,$2.24B,$-0.17B,-12.84,$6.89B,$1.37B,19.89%,$6.89B,$-0.32B,-4.57%,$6.89B,$-0.32B,-4.57%,$6.89B,$-0.01B,-0.15%,$6.89B,$-0.55B,-8.04%,$6.89B,$-0.59B,-8.50%,$-0.59B,$-0.17B,-262.78%,$-0.59B,$-0.94B,46.96%,$-0.59B,$3.91B,-10.31%,$-0.32B,$2.06B,-10.43%,$1659,$1332,$327,$0,$226,$1616,$43,$-93,$-50,$0,$-50,$-50,$-50,$92,$43,$70,70,$-0.71,$-0.71,$365,$376,$0,$2138,$637,$0,$768,$251,$1769,$3907,$1412,$2235,$187,$2669,$4081,$1,$-2215,$-79,$-174,$3907,$-50,$49,$45,$94,$94,$6,$-126,$-4,$-54,$-5,$-26,$0,$0,$123,$0,$123,$-12,$85,$0,$-140,$-140,$0,$0,$-10,$-3,$-153,$-71,$2,$-10
7,2016-12-31,14.77,$-1.32,-11.2,$98.01,0.15,$-8.75,0.0,$-7.08,0.0,$2.50B,$1.54B,1.63,$2.38B,$-0.09B,-25.81,$6.88B,$1.38B,20.01%,$6.88B,$-0.30B,-4.36%,$6.88B,$-0.30B,-4.36%,$6.88B,$0.06B,0.92%,$6.88B,$-0.50B,-7.22%,$6.88B,$-0.50B,-7.21%,$-0.50B,$-0.09B,-112.47%,$-0.50B,$-0.87B,35.95%,$-0.50B,$4.27B,-7.66%,$-0.30B,$2.29B,-8.78%,$1876,$1513,$364,$0,$220,$2343,$-467,$-46,$-513,$-25,$-488,$-488,$-514,$-416,$-467,$70,70,$-7.34,$-7.34,$646,$387,$0,$2501,$650,$0,$774,$235,$1768,$4269,$1535,$2379,$193,$2826,$4361,$1,$-2155,$-56,$-92,$4269,$-495,$363,$614,$978,$-223,$-40,$-21,$3,$-375,$127,$-172,$0,$-34,$4,$0,$4,$2,$-201,$1164,$-846,$318,$0,$0,$-173,$-125,$20,$-70,$13,$-173
8,2016-09-30,36.63,$7.71,4.75,$97.17,0.38,$-1.53,0.0,$1.28,28.62,$3.31B,$2.22B,1.49,$3.64B,$0.54B,6.75,$6.81B,$1.39B,20.36%,$6.81B,$0.25B,3.73%,$6.81B,$0.25B,3.73%,$6.81B,$0.68B,9.96%,$6.81B,$0.05B,0.76%,$6.81B,$0.09B,1.31%,$0.09B,$0.54B,13.94%,$0.09B,$-1.65B,-6.76%,$0.09B,$7.47B,1.23%,$0.25B,$4.17B,7.12%,$1726,$1361,$364,$0,$218,$1642,$84,$-48,$36,$14,$22,$22,$-7,$186,$84,$70,71,$-0.10,$-0.10,$412,$651,$0,$3313,$1342,$0,$2191,$416,$4160,$7473,$2222,$3635,$359,$4713,$6934,$1,$-766,$-816,$538,$7473,$19,$313,$78,$391,$-122,$-60,$-161,$-9,$-411,$8,$-148,$0,$-34,$4,$0,$4,$10,$-168,$1164,$-781,$383,$0,$0,$-163,$-33,$187,$22,$13,$-163
9,2016-06-30,38.85,$8.87,4.38,$113.03,0.34,$1.19,32.55,$1.59,24.43,$2.97B,$2.44B,1.22,$2.94B,$0.62B,4.75,$7.92B,$1.64B,20.76%,$7.92B,$0.29B,3.70%,$7.92B,$0.29B,3.70%,$7.92B,$0.73B,9.26%,$7.92B,$0.07B,0.85%,$7.92B,$0.11B,1.39%,$0.11B,$0.62B,16.43%,$0.11B,$-1.53B,-8.54%,$0.11B,$7.09B,1.52%,$0.29B,$3.56B,8.39%,$1633,$1316,$316,$0,$234,$1608,$25,$-52,$-27,$-4,$-23,$-23,$-15,$129,$25,$70,70,$-0.21,$-0.21,$291,$597,$0,$2974,$1375,$0,$2151,$396,$4114,$7088,$2443,$2944,$358,$4025,$6469,$3,$-704,$-792,$620,$7088,$26,$211,$34,$245,$14,$-3,$-275,$-11,$-375,$-100,$-88,$0,$0,$3,$0,$3,$13,$-72,$0,$183,$183,$0,$0,$-109,$2,$76,$-99,$10,$-109
10,2016-03-31,37.06,$9.99,3.71,$130.09,0.28,$3.29,11.25,$2.43,15.25,$2.94B,$2.42B,1.21,$2.94B,$0.70B,4.22,$9.03B,$1.94B,21.51%,$9.03B,$0.43B,4.72%,$9.03B,$0.43B,4.72%,$9.03B,$0.87B,9.68%,$9.03B,$0.17B,1.89%,$9.03B,$0.17B,1.87%,$0.17B,$0.70B,24.18%,$0.17B,$-1.47B,-13.17%,$0.17B,$7.09B,2.30%,$0.43B,$3.64B,11.69%,$1646,$1313,$333,$0,$229,$1588,$58,$-50,$7,$3,$4,$4,$40,$165,$58,$70,70,$0.57,$0.57,$264,$607,$0,$2937,$1412,$0,$2168,$392,$4149,$7086,$2423,$2943,$364,$3966,$6389,$334,$-635,$-776,$698,$7086,$40,$107,$-32,$75,$55,$-11,$-316,$-9,$-308,$-193,$-48,$0,$13,$2,$0,$2,$3,$-30,$0,$145,$145,$0,$0,$-54,$2,$92,$-126,$4,$-54
11,2015-12-31,32.58,$10.01,3.26,$147.45,0.22,$3.86,8.44,$2.19,14.87,$3.10B,$2.34B,1.33,$2.19B,$0.70B,3.14,$10.13B,$2.19B,21.62%,$10.13B,$0.48B,4.78%,$10.13B,$0.48B,4.78%,$10.13B,$0.94B,9.26%,$10.13B,$0.18B,1.80%,$10.13B,$0.15B,1.49%,$0.15B,$0.70B,22.73%,$0.15B,$-0.61B,-11.61%,$0.15B,$7.28B,2.05%,$0.48B,$2.88B,12.97%,$1809,$1436,$374,$0,$217,$1722,$87,$-51,$36,$52,$-16,$-16,$71,$200,$87,$70,70,$1.02,$1.02,$289,$353,$1136,$3102,$697,$0,$1307,$2081,$4178,$7279,$2337,$2187,$1761,$4245,$6583,$111,$-621,$-793,$697,$7279,$138,$454,$9,$463,$-14,$17,$57,$26,$43,$666,$-208,$0,$-118,$27,$0,$27,$-24,$-322,$0,$-261,$-261,$0,$0,$-213,$29,$-445,$-140,$17,$-213
12,2015-09-30,31.72,$9.53,3.33,$167.12,0.19,$4.70,6.75,$1.47,21.58,$3.19B,$2.45B,1.3,$3.22B,$0.66B,4.85,$11.39B,$2.48B,21.81%,$11.39B,$0.47B,4.08%,$11.39B,$0.47B,4.08%,$11.39B,$0.92B,8.10%,$11.39B,$0.14B,1.26%,$11.39B,$0.10B,0.88%,$0.10B,$0.66B,15.50%,$0.10B,$-1.54B,-6.55%,$0.10B,$7.47B,1.34%,$0.47B,$3.88B,11.58%,$2828,$2208,$620,$0,$328,$2705,$123,$-72,$51,$40,$12,$12,$14,$239,$123,$70,70,$0.21,$0.20,$257,$640,$0,$3185,$1504,$0,$2204,$399,$4286,$7471,$2450,$3216,$382,$4358,$6808,$334,$-637,$-805,$663,$7471,$67,$342,$12,$354,$-55,$-29,$-72,$6,$-238,$204,$-153,$0,$-118,$17,$0,$17,$-8,$-261,$0,$-34,$-34,$0,$0,$-158,$4,$-189,$-271,$14,$-158
13,2015-06-30,37.37,$10.60,3.52,$170.80,0.22,$5.30,7.05,$2.19,17.06,$3.11B,$2.15B,1.45,$3.43B,$0.74B,4.66,$11.52B,$2.51B,21.80%,$11.52B,$0.52B,4.48%,$11.52B,$0.52B,4.48%,$11.52B,$0.98B,8.48%,$11.52B,$0.19B,1.68%,$11.52B,$0.15B,1.28%,$0.15B,$0.74B,20.88%,$0.15B,$-1.51B,-10.15%,$0.15B,$7.49B,1.98%,$0.52B,$4.17B,12.49%,$2748,$2132,$616,$0,$313,$2590,$158,$-81,$77,$33,$44,$44,$44,$271,$158,$68,68,$0.63,$0.63,$295,$617,$0,$3108,$1575,$0,$2249,$394,$4384,$7492,$2151,$3434,$392,$4604,$6755,$334,$-597,$-770,$738,$7492,$56,$226,$-5,$221,$54,$1,$-169,$14,$-233,$61,$-101,$0,$-118,$15,$0,$15,$-6,$-210,$0,$36,$36,$0,$0,$-104,$4,$-64,$-233,$10,$-104
14,2015-03-31,40.55,$8.35,4.85,$173.66,0.23,$5.34,7.59,$2.52,16.09,$3.04B,$2.03B,1.5,$3.43B,$0.56B,6.14,$11.68B,$2.56B,21.91%,$11.68B,$0.54B,4.59%,$11.68B,$0.54B,4.59%,$11.68B,$1.01B,8.62%,$11.68B,$0.22B,1.90%,$11.68B,$0.17B,1.45%,$0.17B,$0.56B,22.44%,$0.17B,$-1.54B,-12.02%,$0.17B,$7.21B,2.26%,$0.54B,$3.99B,12.84%,$2746,$2166,$580,$0,$331,$2631,$116,$-97,$18,$6,$12,$12,$22,$229,$116,$67,67,$0.33,$0.33,$269,$560,$0,$3044,$1456,$0,$2100,$379,$4162,$7205,$2031,$3431,$391,$4616,$6647,$324,$-589,$-794,$559,$7205,$12,$113,$11,$125,$10,$-1,$-174,$-3,$-293,$-144,$-49,$0,$-2,$5,$0,$5,$-0,$-46,$0,$1,$1,$0,$0,$-52,$3,$-48,$-259,$4,$-52
15,2014-12-31,34.96,$9.32,3.75,$174.44,0.2,$6.20,5.64,$1.74,20.09,$3.37B,$2.37B,1.43,$3.40B,$0.62B,5.48,$11.60B,$2.55B,21.98%,$11.60B,$0.52B,4.45%,$11.60B,$0.52B,4.45%,$11.60B,$0.99B,8.53%,$11.60B,$0.15B,1.27%,$11.60B,$0.12B,1.02%,$0.12B,$0.62B,14.14%,$0.12B,$-1.51B,-8.69%,$0.12B,$7.61B,1.56%,$0.52B,$4.02B,11.98%,$3069,$2402,$668,$0,$437,$3001,$68,$-70,$-2,$-25,$24,$24,$20,$185,$68,$67,67,$0.30,$0.30,$528,$586,$0,$3373,$1516,$0,$2130,$356,$4236,$7609,$2367,$3399,$396,$4621,$6988,$324,$-559,$-774,$620,$7609,$121,$474,$79,$553,$-50,$-14,$81,$-11,$5,$723,$-224,$0,$-382,$43,$0,$43,$-14,$-577,$400,$-812,$-412,$0,$0,$-203,$10,$-605,$-501,$18,$-203
16,2014-09-30,33.73,$13.79,2.45,$173.85,0.19,$6.59,5.12,$3.12,10.81,$3.32B,$2.42B,1.38,$3.43B,$0.92B,3.73,$11.29B,$2.49B,22.03%,$11.29B,$0.58B,5.14%,$11.29B,$0.58B,5.14%,$11.29B,$1.04B,9.23%,$11.29B,$0.20B,1.73%,$11.29B,$0.20B,1.79%,$0.20B,$0.92B,23.95%,$0.20B,$-1.27B,-16.09%,$0.20B,$7.57B,2.70%,$0.58B,$4.35B,13.30%,$2958,$2310,$648,$0,$334,$2784,$174,$-73,$101,$36,$65,$65,$62,$293,$174,$67,67,$0.93,$0.93,$269,$653,$0,$3323,$1580,$0,$2188,$393,$4244,$7567,$2416,$3427,$450,$4233,$6649,$324,$-527,$-500,$918,$7567,$97,$357,$17,$374,$-155,$-74,$-11,$-35,$-267,$254,$-165,$0,$-384,$21,$0,$21,$-13,$-541,$400,$-682,$-282,$0,$0,$-151,$-14,$-447,$-759,$14,$-151
17,2014-06-30,34.24,$13.74,2.49,$172.50,0.2,$8.00,4.28,$2.43,14.09,$3.20B,$2.35B,1.36,$3.43B,$0.92B,3.75,$10.95B,$2.41B,22.01%,$10.95B,$0.54B,4.94%,$10.95B,$0.54B,4.94%,$10.95B,$0.99B,9.04%,$10.95B,$0.12B,1.07%,$10.95B,$0.16B,1.42%,$0.16B,$0.92B,24.89%,$0.16B,$-1.30B,-11.30%,$0.16B,$7.55B,2.10%,$0.54B,$4.34B,13.22%,$2903,$2240,$662,$0,$339,$2724,$178,$-73,$105,$40,$66,$66,$65,$300,$178,$67,67,$0.96,$0.96,$289,$586,$0,$3203,$1650,$0,$2218,$389,$4344,$7547,$2348,$3429,$477,$4284,$6632,$324,$-537,$-486,$915,$7547,$32,$237,$48,$285,$-38,$3,$-131,$-19,$-269,$70,$-106,$0,$-374,$10,$0,$10,$-1,$-472,$400,$-615,$-215,$0,$0,$-99,$-8,$-322,$-740,$10,$-99
18,2014-03-31,35.55,$13.31,2.67,$171.37,0.21,$8.11,4.38,$2.55,13.94,$3.18B,$2.20B,1.45,$3.63B,$0.89B,4.1,$10.62B,$2.35B,22.09%,$10.62B,$0.54B,5.05%,$10.62B,$0.54B,5.05%,$10.62B,$0.97B,9.17%,$10.62B,$0.11B,1.07%,$10.62B,$0.16B,1.46%,$0.16B,$0.89B,38.01%,$0.16B,$-1.35B,-10.49%,$0.16B,$7.59B,2.15%,$0.54B,$4.51B,13.99%,$2674,$2101,$573,$0,$317,$2578,$96,$-153,$-57,$-24,$-33,$-33,$-29,$212,$96,$64,64,$-0.45,$-0.45,$308,$582,$0,$3178,$1700,$0,$2238,$391,$4416,$7594,$2198,$3627,$479,$4511,$6709,$324,$-550,$-496,$886,$7594,$-33,$116,$63,$178,$23,$6,$-145,$-9,$-232,$-80,$-49,$0,$-380,$2,$0,$2,$0,$-427,$400,$-542,$-142,$0,$0,$-47,$-7,$-197,$-720,$4,$-47
19,2013-12-31,39.74,$10.79,3.68,$171.47,0.23,$7.93,5.01,$3.45,11.52,$3.56B,$2.23B,1.6,$3.59B,$0.65B,5.49,$10.48B,$2.33B,22.23%,$10.48B,$0.58B,5.53%,$10.48B,$0.58B,5.53%,$10.48B,$1.02B,9.68%,$10.48B,$0.21B,1.99%,$10.48B,$0.21B,2.01%,$0.21B,$0.65B,106.16%,$0.21B,$-1.10B,-13.38%,$0.21B,$7.24B,2.99%,$0.58B,$4.24B,16.14%,$2755,$2152,$604,$0,$314,$2623,$132,$-86,$46,$-62,$108,$108,$104,$237,$132,$61,61,$1.71,$1.68,$1028,$501,$0,$3562,$1430,$0,$1752,$376,$3677,$7238,$2229,$3587,$350,$4356,$6585,$304,$-473,$-488,$654,$7238,$218,$436,$59,$494,$13,$5,$-66,$-5,$-13,$695,$-217,$0,$-12,$13,$0,$13,$3,$-212,$1198,$-834,$364,$0,$0,$-189,$-53,$123,$598,$20,$-189
20,2013-09-30,30.45,$0.60,50.68,$170.65,0.18,$8.19,3.72,$-12.33,0.0,$3.06B,$2.16B,1.42,$3.24B,$0.04B,89.01,$10.39B,$2.31B,22.25%,$10.39B,$-0.39B,-3.79%,$10.39B,$-0.39B,-3.79%,$10.39B,$0.05B,0.51%,$10.39B,$-0.75B,-7.18%,$10.39B,$-0.74B,-7.14%,$-0.74B,$0.04B,-1413.33%,$-0.74B,$-1.73B,42.64%,$-0.74B,$7.10B,-10.50%,$-0.39B,$3.28B,-11.57%,$2615,$2045,$570,$0,$291,$2480,$135,$-112,$23,$5,$18,$18,$15,$241,$135,$61,61,$0.24,$0.24,$463,$539,$0,$3059,$1451,$0,$1770,$373,$4043,$7102,$2157,$3240,$339,$4909,$7066,$304,$-530,$-1039,$36,$7102,$110,$331,$79,$410,$-64,$-31,$-106,$-2,$-221,$307,$-140,$0,$0,$10,$0,$10,$3,$-126,$848,$-828,$20,$0,$0,$-141,$-19,$-141,$32,$16,$-141
21,2013-06-30,26.66,$0.91,29.3,$169.26,0.16,$5.61,4.75,$-11.40,0.0,$2.81B,$1.93B,1.45,$3.24B,$0.06B,58.76,$10.28B,$2.31B,22.51%,$10.28B,$-0.34B,-3.33%,$10.28B,$-0.34B,-3.33%,$10.28B,$0.12B,1.15%,$10.28B,$-0.65B,-6.28%,$10.28B,$-0.69B,-6.67%,$-0.69B,$0.06B,-207.25%,$-0.69B,$-1.73B,39.81%,$-0.69B,$6.90B,-9.31%,$-0.34B,$3.29B,-9.17%,$2572,$1973,$598,$0,$294,$2398,$173,$-72,$102,$35,$67,$67,$65,$284,$173,$61,61,$1.08,$1.08,$354,$493,$0,$2807,$1488,$0,$1782,$376,$4094,$6902,$1934,$3238,$330,$4912,$6847,$304,$-498,$-1044,$55,$6902,$92,$225,$35,$259,$46,$13,$-237,$-6,$-307,$58,$-84,$0,$0,$2,$0,$2,$3,$-79,$448,$-384,$63,$0,$0,$-94,$-14,$-45,$-76,$11,$-94
22,2013-03-31,22.4,$0.83,26.87,$168.87,0.13,$4.66,4.8,$-11.01,0.0,$2.81B,$1.75B,1.61,$3.51B,$0.05B,69.69,$10.24B,$2.31B,22.57%,$10.24B,$-0.35B,-3.43%,$10.24B,$-0.35B,-3.43%,$10.24B,$0.12B,1.16%,$10.24B,$-0.65B,-6.37%,$10.24B,$-0.66B,-6.47%,$-0.66B,$0.05B,-112.73%,$-0.66B,$-1.75B,38.68%,$-0.66B,$7.01B,-8.63%,$-0.35B,$3.56B,-8.71%,$2539,$1980,$558,$0,$282,$2399,$140,$-102,$38,$13,$25,$25,$27,$253,$140,$60,61,$0.45,$0.45,$303,$504,$0,$2814,$1545,$0,$1798,$401,$4192,$7007,$1751,$3512,$327,$5206,$6956,$304,$-516,$-1023,$50,$7007,$25,$114,$29,$142,$9,$5,$-170,$-1,$-268,$-96,$-38,$0,$0,$1,$0,$1,$3,$-33,$448,$-383,$65,$0,$0,$-47,$-15,$4,$-128,$4,$-47
23,2012-12-31,16.26,$1.14,14.23,$169.22,0.1,$5.24,3.1,$-10.83,0.0,$2.98B,$2.05B,1.45,$3.42B,$0.07B,49.79,$10.22B,$2.33B,22.82%,$10.22B,$-0.37B,-3.62%,$10.22B,$-0.37B,-3.62%,$10.22B,$0.11B,1.10%,$10.22B,$-0.64B,-6.26%,$10.22B,$-0.65B,-6.38%,$-0.65B,$0.07B,-76.91%,$-0.65B,$-1.75B,38.34%,$-0.65B,$7.26B,-8.18%,$-0.37B,$3.49B,-8.68%,$2660,$2074,$585,$0,$290,$3501,$-842,$-67,$-909,$-57,$-852,$-852,$-849,$-725,$-842,$60,60,$-14.10,$-14.10,$431,$510,$0,$2977,$1617,$0,$1819,$404,$4285,$7263,$2054,$3420,$328,$5140,$7194,$304,$-496,$-1029,$69,$7263,$-654,$482,$803,$1285,$-6,$7,$121,$4,$19,$692,$-206,$0,$-127,$51,$0,$51,$-3,$-285,$-175,$-66,$-242,$0,$0,$-187,$-9,$-438,$-19,$25,$-187
24,2012-09-30,18.68,$19.13,0.98,$167.11,0.11,$7.92,2.36,$-2.07,0.0,$3.14B,$2.29B,1.37,$3.42B,$1.15B,2.98,$10.28B,$2.37B,23.06%,$10.28B,$0.16B,1.51%,$10.28B,$0.16B,1.51%,$10.28B,$0.65B,6.32%,$10.28B,$-0.11B,-1.07%,$10.28B,$-0.13B,-1.26%,$-0.13B,$1.15B,-11.86%,$-0.13B,$-1.67B,7.64%,$-0.13B,$8.30B,-1.58%,$0.16B,$4.57B,3.43%,$2509,$1936,$573,$0,$253,$2322,$187,$-63,$123,$52,$71,$71,$71,$306,$187,$60,61,$1.17,$1.17,$393,$547,$0,$3139,$1668,$0,$2817,$680,$5165,$8304,$2289,$3422,$324,$4865,$7154,$304,$400,$-839,$1150,$8304,$198,$365,$-130,$235,$-168,$-31,$12,$-8,$-294,$169,$-160,$0,$-89,$42,$0,$42,$-3,$-210,$450,$-344,$106,$0,$0,$-140,$7,$-27,$-57,$19,$-140
25,2012-06-30,20.34,$17.96,1.13,$168.04,0.12,$12.14,1.68,$-0.75,0.0,$2.98B,$2.06B,1.45,$3.42B,$1.08B,3.17,$10.46B,$2.43B,23.19%,$10.46B,$0.13B,1.20%,$10.46B,$0.13B,1.20%,$10.46B,$0.64B,6.12%,$10.46B,$-0.14B,-1.33%,$10.46B,$-0.04B,-0.41%,$-0.04B,$1.08B,-3.40%,$-0.04B,$-1.68B,2.59%,$-0.04B,$8.10B,-0.51%,$0.13B,$4.50B,2.67%,$2529,$1934,$595,$0,$276,$2365,$164,$-68,$96,$7,$89,$89,$89,$285,$164,$60,61,$1.47,$1.47,$369,$505,$0,$2981,$1719,$0,$2761,$639,$5119,$8100,$2055,$3418,$327,$4965,$7020,$304,$375,$-881,$1080,$8100,$127,$246,$-42,$204,$-110,$4,$-113,$-2,$-340,$10,$-94,$0,$1,$6,$0,$6,$-3,$-90,$450,$-362,$88,$0,$0,$-93,$7,$2,$-81,$15,$-93
26,2012-03-31,20.96,$18.17,1.15,$165.76,0.13,$14.12,1.48,$-2.04,0.0,$2.98B,$2.08B,1.43,$3.41B,$1.09B,3.12,$10.55B,$2.47B,23.43%,$10.55B,$0.08B,0.73%,$10.55B,$0.08B,0.73%,$10.55B,$0.61B,5.80%,$10.55B,$-0.24B,-2.26%,$10.55B,$-0.12B,-1.14%,$-0.12B,$1.09B,-8.30%,$-0.12B,$-1.71B,7.39%,$-0.12B,$8.21B,-1.39%,$0.08B,$4.50B,1.58%,$2525,$1945,$580,$0,$284,$2404,$121,$-72,$50,$12,$38,$38,$37,$246,$121,$60,60,$0.63,$0.63,$415,$519,$0,$2975,$1803,$0,$2797,$639,$5238,$8213,$2079,$3409,$355,$5042,$7121,$304,$333,$-821,$1092,$8213,$38,$125,$13,$138,$2,$-3,$-105,$-6,$-241,$-52,$-45,$0,$1,$1,$0,$1,$-3,$-46,$450,$-360,$90,$0,$0,$-46,$8,$52,$-35,$7,$-46
27,2011-12-31,23.89,$17.85,1.34,$160.72,0.15,$14.96,1.6,$-2.19,0.0,$2.97B,$2.12B,1.4,$3.42B,$1.06B,3.22,$10.61B,$2.52B,23.74%,$10.61B,$0.07B,0.61%,$10.61B,$0.07B,0.61%,$10.61B,$0.62B,5.81%,$10.61B,$-0.24B,-2.24%,$10.61B,$-0.12B,-1.16%,$-0.12B,$1.06B,-7.08%,$-0.12B,$-1.75B,8.42%,$-0.12B,$8.28B,-1.40%,$0.07B,$4.48B,1.27%,$2721,$2098,$623,$0,$303,$3038,$-317,$-62,$-379,$-52,$-327,$-327,$-327,$-187,$-317,$65,65,$-5.07,$-5.04,$450,$511,$0,$2969,$1855,$0,$2812,$372,$5313,$8282,$2124,$3417,$375,$5096,$7220,$304,$342,$-863,$1062,$8282,$-121,$550,$371,$920,$38,$43,$135,$-2,$120,$946,$-251,$0,$-142,$27,$0,$27,$-9,$-375,$600,$-539,$61,$-500,$-500,$-205,$-6,$-651,$-69,$28,$-205
28,2011-09-30,23.01,$29.14,0.79,$157.33,0.15,$11.68,1.97,$3.54,6.5,$3.18B,$2.38B,1.34,$3.42B,$1.82B,1.88,$10.60B,$2.52B,23.78%,$10.60B,$0.47B,4.42%,$10.60B,$0.47B,4.42%,$10.60B,$1.02B,9.66%,$10.60B,$0.17B,1.59%,$10.60B,$0.23B,2.18%,$0.23B,$1.82B,11.36%,$0.23B,$-1.50B,-17.95%,$0.23B,$8.91B,2.57%,$0.47B,$5.24B,8.66%,$2683,$2056,$627,$0,$297,$2527,$157,$-63,$94,$-65,$159,$159,$158,$296,$157,$63,64,$2.52,$2.49,$368,$572,$0,$3183,$1930,$0,$3326,$467,$5723,$8906,$2375,$3420,$363,$4707,$7082,$304,$718,$-474,$1824,$8906,$206,$420,$4,$424,$-147,$-18,$92,$-14,$-179,$472,$-194,$0,$-113,$3,$0,$3,$0,$-305,$600,$-263,$337,$-493,$-493,$-157,$-13,$-326,$-151,$23,$-157
29,2011-06-30,31.46,$28.86,1.09,$150.70,0.21,$12.11,2.6,$1.80,17.47,$3.17B,$2.39B,1.33,$3.43B,$1.81B,1.9,$10.40B,$2.48B,23.86%,$10.40B,$0.46B,4.42%,$10.40B,$0.46B,4.42%,$10.40B,$1.01B,9.68%,$10.40B,$0.17B,1.61%,$10.40B,$0.13B,1.21%,$0.13B,$1.81B,5.91%,$0.13B,$-1.54B,-11.47%,$0.13B,$9.03B,1.40%,$0.46B,$5.23B,8.36%,$2623,$1982,$642,$0,$309,$2507,$116,$-120,$-4,$-16,$13,$13,$12,$257,$116,$66,66,$0.18,$0.18,$363,$580,$0,$3168,$2032,$0,$3347,$480,$5859,$9026,$2390,$3428,$460,$4829,$7220,$304,$609,$-376,$1807,$9026,$47,$281,$80,$360,$-75,$-13,$-30,$-15,$-254,$168,$-128,$0,$-75,$-5,$0,$-5,$0,$-208,$600,$-122,$478,$-493,$-493,$-108,$-12,$-134,$-156,$16,$-108
30,2011-03-31,29.94,$32.63,0.92,$145.67,0.21,$14.01,2.14,$2.88,10.39,$3.11B,$2.02B,1.54,$3.24B,$2.26B,1.43,$10.19B,$2.43B,23.84%,$10.19B,$0.52B,5.09%,$10.19B,$0.52B,5.09%,$10.19B,$1.06B,10.40%,$10.19B,$0.29B,2.88%,$10.19B,$0.20B,1.99%,$0.20B,$2.26B,9.16%,$0.20B,$-1.05B,-21.88%,$0.20B,$8.97B,2.29%,$0.52B,$5.49B,9.31%,$2584,$1956,$627,$0,$327,$2474,$109,$-58,$51,$17,$34,$34,$34,$250,$109,$69,70,$0.48,$0.48,$399,$581,$0,$3112,$2081,$0,$3308,$465,$5854,$8966,$2023,$3236,$454,$4686,$6709,$304,$650,$-457,$2258,$8966,$34,$140,$3,$144,$-30,$-17,$-19,$-10,$-193,$-7,$-47,$0,$-20,$2,$0,$2,$0,$-64,$0,$-8,$-8,$6,$6,$-54,$-1,$-56,$-120,$7,$-54
31,2010-12-31,27.25,$32.61,0.84,$143.40,0.19,$15.30,1.78,$3.15,8.65,$3.17B,$1.97B,1.61,$3.40B,$2.25B,1.51,$10.02B,$2.38B,23.70%,$10.02B,$0.56B,5.55%,$10.02B,$0.56B,5.55%,$10.02B,$1.09B,10.92%,$10.02B,$0.32B,3.22%,$10.02B,$0.22B,2.22%,$0.22B,$2.25B,10.13%,$0.22B,$-1.06B,-25.03%,$0.22B,$9.08B,2.53%,$0.56B,$5.64B,10.13%,$2707,$2083,$624,$0,$320,$2621,$86,$-57,$28,$2,$26,$26,$27,$221,$86,$69,70,$0.36,$0.42,$519,$561,$0,$3167,$2139,$0,$3302,$475,$5916,$9083,$1973,$3399,$471,$4864,$6838,$304,$670,$-490,$2245,$9083,$217,$539,$74,$613,$-152,$31,$18,$8,$-125,$753,$-229,$0,$-440,$-6,$0,$-6,$0,$-675,$400,$-239,$161,$9,$9,$-214,$-14,$-58,$20,$29,$-214
32,2010-09-30,26.07,$32.29,0.81,$142.43,0.18,$25.81,1.01,$1.59,16.4,$3.35B,$1.73B,1.93,$3.41B,$2.22B,1.53,$9.90B,$2.35B,23.77%,$9.90B,$0.50B,5.03%,$9.90B,$0.50B,5.03%,$9.90B,$1.04B,10.55%,$9.90B,$0.27B,2.69%,$9.90B,$0.12B,1.16%,$0.12B,$2.22B,5.30%,$0.12B,$-0.75B,-13.48%,$0.12B,$8.83B,1.32%,$0.50B,$5.63B,9.29%,$2488,$1899,$589,$0,$262,$2339,$149,$-57,$92,$39,$53,$53,$53,$279,$149,$69,70,$0.78,$0.75,$782,$566,$0,$3348,$2072,$0,$2971,$434,$5477,$8825,$1731,$3407,$467,$4870,$6601,$304,$697,$-532,$2224,$8825,$191,$404,$23,$427,$-150,$-8,$17,$-10,$-172,$481,$-145,$0,$2,$-10,$0,$-10,$0,$-152,$400,$-332,$68,$8,$8,$-161,$-5,$-90,$232,$22,$-161
33,2010-06-30,24.79,$31.04,0.8,$142.31,0.17,$34.90,0.71,$1.02,24.3,$3.09B,$1.62B,1.91,$3.40B,$2.14B,1.59,$9.87B,$2.39B,24.16%,$9.87B,$0.44B,4.48%,$9.87B,$0.44B,4.48%,$9.87B,$1.00B,10.16%,$9.87B,$0.19B,1.97%,$9.87B,$0.08B,0.76%,$0.08B,$2.14B,3.41%,$0.08B,$-0.86B,-8.41%,$0.08B,$8.61B,0.86%,$0.44B,$5.53B,8.37%,$2409,$1820,$589,$0,$268,$2233,$175,$-54,$122,$32,$90,$90,$89,$310,$175,$69,70,$1.29,$1.26,$662,$535,$0,$3086,$2111,$0,$2995,$415,$5520,$8606,$1616,$3396,$453,$4853,$6468,$304,$697,$-612,$2138,$8606,$138,$273,$-7,$266,$-56,$14,$-34,$-6,$-155,$269,$-95,$0,$2,$-9,$0,$-9,$0,$-102,$400,$-331,$69,$7,$7,$-107,$-4,$-35,$117,$16,$-107
34,2010-03-31,31.94,$31.36,1.02,$141.91,0.23,$43.36,0.74,$0.12,266.17,$2.91B,$1.94B,1.5,$2.98B,$2.16B,1.38,$9.82B,$2.40B,24.40%,$9.82B,$0.40B,4.09%,$9.82B,$0.40B,4.09%,$9.82B,$0.97B,9.90%,$9.82B,$0.15B,1.49%,$9.82B,$0.01B,0.11%,$0.01B,$2.16B,0.49%,$0.01B,$-0.89B,-1.21%,$0.01B,$8.57B,0.13%,$0.40B,$5.14B,7.65%,$2415,$1842,$573,$0,$274,$2269,$146,$-65,$81,$32,$49,$49,$53,$284,$146,$69,70,$0.78,$0.75,$490,$526,$0,$2908,$2193,$0,$3045,$425,$5663,$8571,$1938,$2983,$457,$4475,$6412,$304,$662,$-549,$2158,$8571,$49,$139,$12,$150,$1,$29,$-24,$-8,$-133,$76,$-40,$0,$0,$-23,$0,$-23,$0,$-63,$0,$-4,$-4,$7,$7,$-53,$-1,$-52,$-48,$8,$-53
35,2009-12-31,32.92,$31.52,1.04,$142.88,0.23,$49.87,0.66,$-0.42,0.0,$2.96B,$2.04B,1.45,$2.98B,$2.16B,1.38,$9.86B,$2.40B,24.29%,$9.86B,$0.34B,3.48%,$9.86B,$0.34B,3.48%,$9.86B,$0.92B,9.36%,$9.86B,$0.09B,0.94%,$9.86B,$-0.03B,-0.28%,$-0.03B,$2.16B,-1.24%,$-0.03B,$-0.92B,2.99%,$-0.03B,$8.75B,-0.31%,$0.34B,$5.14B,6.32%,$2583,$1982,$601,$0,$281,$2555,$28,$-58,$-29,$50,$-79,$-79,$-80,$171,$28,$68,68,$-1.14,$-1.14,$499,$562,$0,$2961,$2271,$0,$3081,$435,$5787,$8748,$2040,$2983,$525,$4547,$6587,$304,$663,$-545,$2161,$8748,$-21,$579,$155,$734,$244,$146,$95,$31,$672,$1426,$-195,$0,$-27,$-2,$0,$-2,$-38,$-261,$750,$-1558,$-808,$2,$2,$-214,$-8,$-1028,$175,$24,$-214
36,2009-09-30,31.04,$33.96,0.91,$145.03,0.21,$41.80,0.74,$-9.30,0.0,$2.97B,$2.14B,1.39,$2.98B,$2.33B,1.28,$10.07B,$2.47B,24.49%,$10.07B,$-0.58B,-5.74%,$10.07B,$-0.58B,-5.74%,$10.07B,$0.01B,0.13%,$10.07B,$-0.84B,-8.30%,$10.07B,$-0.64B,-6.31%,$-0.64B,$2.33B,-27.50%,$-0.64B,$-0.90B,67.90%,$-0.64B,$8.92B,-6.88%,$-0.58B,$5.31B,-10.45%,$2463,$1841,$622,$0,$252,$2370,$93,$-73,$20,$6,$15,$15,$13,$238,$93,$68,69,$0.18,$0.18,$415,$563,$0,$2966,$2333,$0,$3231,$391,$5954,$8921,$2139,$2982,$468,$4454,$6592,$304,$796,$-507,$2328,$8921,$57,$437,$44,$481,$148,$142,$75,$19,$529,$1099,$-133,$0,$-27,$-4,$0,$-4,$6,$-157,$750,$-1466,$-716,$0,$0,$-160,$-8,$-884,$91,$19,$-160
37,2009-06-30,16.67,$33.86,0.49,$150.57,0.11,$34.38,0.48,$-7.08,0.0,$2.89B,$2.05B,1.41,$3.10B,$2.32B,1.34,$10.47B,$2.62B,25.00%,$10.47B,$-0.37B,-3.49%,$10.47B,$-0.37B,-3.49%,$10.47B,$0.25B,2.35%,$10.47B,$-0.61B,-5.80%,$10.47B,$-0.48B,-4.58%,$-0.48B,$2.32B,-17.61%,$-0.48B,$-0.92B,58.45%,$-0.48B,$8.93B,-4.81%,$-0.37B,$5.43B,-6.08%,$2356,$1756,$599,$0,$272,$2221,$135,$-61,$74,$48,$26,$26,$25,$279,$135,$68,69,$0.36,$0.36,$471,$525,$0,$2890,$2398,$0,$3245,$395,$6038,$8929,$2047,$3104,$419,$4561,$6607,$304,$836,$-548,$2322,$8929,$43,$292,$57,$348,$211,$175,$-14,$18,$441,$851,$-92,$0,$-27,$0,$0,$0,$6,$-112,$400,$-904,$-504,$0,$0,$-107,$-5,$-616,$147,$14,$-107
38,2009-03-31,10.22,$32.71,0.31,$157.74,0.06,$26.46,0.39,$-5.37,0.0,$3.50B,$2.31B,1.51,$3.60B,$2.24B,1.61,$11.04B,$2.80B,25.35%,$11.04B,$-0.22B,-2.03%,$11.04B,$-0.22B,-2.03%,$11.04B,$0.41B,3.70%,$11.04B,$-0.46B,-4.16%,$11.04B,$-0.36B,-3.25%,$-0.36B,$2.24B,-11.33%,$-0.36B,$-1.00B,50.56%,$-0.36B,$9.60B,-3.32%,$-0.22B,$5.85B,-3.46%,$2456,$1883,$573,$0,$283,$2368,$87,$-59,$28,$12,$16,$16,$14,$235,$87,$68,69,$0.21,$0.21,$1028,$592,$0,$3498,$2463,$0,$3242,$392,$6097,$9595,$2310,$3603,$408,$5043,$7353,$304,$865,$-647,$2243,$9595,$16,$148,$26,$174,$167,$98,$-39,$23,$339,$539,$-55,$0,$-24,$0,$0,$0,$6,$-72,$400,$-93,$307,$0,$0,$-53,$-4,$249,$704,$6,$-53
39,2008-12-31,18.49,$34.14,0.54,$163.92,0.11,$20.19,0.92,$-3.03,0.0,$3.28B,$2.49B,1.32,$3.20B,$2.34B,1.37,$11.58B,$3.01B,25.95%,$11.58B,$-0.04B,-0.35%,$11.58B,$-0.04B,-0.35%,$11.58B,$0.60B,5.18%,$11.58B,$-0.27B,-2.33%,$11.58B,$-0.19B,-1.64%,$-0.19B,$2.34B,-5.25%,$-0.19B,$-0.92B,31.65%,$-0.19B,$9.49B,-1.66%,$-0.04B,$5.55B,-0.59%,$2796,$2124,$672,$0,$273,$3689,$-893,$-65,$-958,$-273,$-684,$-684,$-687,$-739,$-893,$70,70,$-9.72,$-9.72,$332,$696,$0,$3281,$2564,$0,$3257,$392,$6213,$9494,$2487,$3203,$418,$4666,$7152,$304,$904,$-581,$2342,$9494,$-184,$641,$1058,$1698,$165,$-7,$-168,$-17,$-529,$1018,$-323,$0,$-122,$53,$0,$53,$41,$-351,$0,$-203,$-203,$-277,$-277,$-219,$20,$-679,$-55,$22,$-219
40,2008-09-30,32.8,$58.29,0.56,$166.51,0.2,$19.89,1.65,$2.91,11.27,$3.55B,$3.08B,1.15,$3.20B,$4.00B,0.8,$11.87B,$3.11B,26.17%,$11.87B,$0.67B,5.63%,$11.87B,$0.67B,5.63%,$11.87B,$1.31B,11.03%,$11.87B,$0.45B,3.76%,$11.87B,$0.20B,1.72%,$0.20B,$4.00B,5.09%,$0.20B,$-0.45B,-37.66%,$0.20B,$11.94B,1.68%,$0.67B,$7.20B,9.03%,$2865,$2090,$774,$0,$280,$2558,$306,$-57,$249,$80,$169,$169,$168,$471,$306,$70,70,$2.40,$2.40,$441,$791,$0,$3547,$2672,$0,$4446,$421,$8390,$11937,$3076,$3198,$561,$4863,$7939,$304,$1644,$363,$3998,$11937,$501,$487,$-52,$434,$29,$-83,$-68,$6,$-267,$692,$-239,$0,$-122,$43,$0,$43,$41,$-277,$0,$62,$62,$-243,$-243,$-166,$-2,$-350,$57,$20,$-166
41,2008-06-30,39.33,$58.01,0.68,$165.49,0.24,$19.74,1.99,$2.91,13.51,$3.56B,$3.07B,1.16,$3.20B,$4.09B,0.78,$11.92B,$3.12B,26.19%,$11.92B,$0.66B,5.51%,$11.92B,$0.66B,5.51%,$11.92B,$1.29B,10.79%,$11.92B,$0.43B,3.63%,$11.92B,$0.21B,1.77%,$0.21B,$4.09B,5.21%,$0.21B,$-0.48B,-31.96%,$0.21B,$12.17B,1.73%,$0.66B,$7.29B,8.70%,$2924,$2144,$780,$0,$323,$2647,$276,$-54,$222,$74,$148,$148,$146,$441,$276,$71,71,$2.07,$2.07,$444,$749,$0,$3562,$2759,$0,$4571,$433,$8609,$12171,$3073,$3198,$651,$5005,$8078,$304,$1530,$423,$4093,$12171,$331,$322,$-25,$297,$44,$-29,$-120,$7,$-270,$373,$-157,$0,$-122,$42,$0,$42,$40,$-197,$0,$80,$80,$-103,$-103,$-111,$-2,$-136,$56,$14,$-111
42,2008-03-31,39.79,$56.80,0.7,$162.26,0.25,$19.41,2.05,$-0.09,0.0,$3.59B,$2.82B,1.27,$3.60B,$4.05B,0.89,$11.79B,$3.10B,26.27%,$11.79B,$0.33B,2.77%,$11.79B,$0.33B,2.77%,$11.79B,$0.94B,7.96%,$11.79B,$0.10B,0.86%,$11.79B,$-0.00B,-0.03%,$-0.00B,$4.05B,-0.10%,$-0.00B,$-0.56B,0.52%,$-0.00B,$12.25B,-0.03%,$0.33B,$7.65B,4.26%,$2997,$2218,$779,$0,$345,$2727,$270,$-52,$217,$35,$182,$182,$183,$427,$270,$71,72,$2.55,$2.55,$405,$734,$0,$3589,$2788,$0,$4610,$420,$8658,$12247,$2823,$3598,$625,$5375,$8198,$304,$1439,$413,$4049,$12247,$182,$158,$12,$169,$-52,$-14,$-39,$3,$-233,$126,$-72,$0,$-121,$15,$0,$15,$9,$-170,$0,$163,$163,$-58,$-58,$-56,$-1,$48,$19,$8,$-56
43,2007-12-31,49.16,$54.30,0.91,$158.44,0.31,$20.18,2.44,$-0.75,0.0,$3.52B,$2.77B,1.27,$3.60B,$3.91B,0.92,$11.59B,$3.06B,26.37%,$11.59B,$0.32B,2.73%,$11.59B,$0.32B,2.73%,$11.59B,$0.91B,7.88%,$11.59B,$0.09B,0.79%,$11.59B,$-0.05B,-0.41%,$-0.05B,$3.91B,-1.16%,$-0.05B,$-0.68B,5.84%,$-0.05B,$12.09B,-0.39%,$0.32B,$7.51B,4.09%,$3088,$2314,$774,$0,$326,$3272,$-183,$-58,$-242,$51,$-293,$-290,$-293,$-29,$-183,$73,73,$-4.02,$-3.99,$443,$710,$0,$3521,$2726,$0,$4588,$418,$8565,$12087,$2765,$3602,$560,$5414,$8179,$304,$1313,$341,$3907,$12087,$-46,$598,$722,$1320,$-94,$-10,$-1,$-2,$-119,$1181,$-482,$0,$-2052,$8,$0,$8,$15,$-2511,$1244,$676,$1921,$-204,$-204,$-227,$-18,$1471,$168,$28,$-227
44,2007-09-30,47.31,$57.38,0.82,$149.75,0.32,$17.81,2.66,$3.33,14.21,$3.49B,$2.79B,1.25,$3.60B,$4.15B,0.87,$10.97B,$2.92B,26.60%,$10.97B,$0.56B,5.06%,$10.97B,$0.56B,5.06%,$10.97B,$1.12B,10.19%,$10.97B,$0.35B,3.19%,$10.97B,$0.24B,2.23%,$0.24B,$4.15B,5.83%,$0.24B,$-0.92B,-39.21%,$0.24B,$12.40B,2.11%,$0.56B,$7.75B,7.42%,$2910,$2122,$788,$0,$321,$2616,$294,$-59,$236,$59,$177,$175,$175,$447,$294,$73,73,$2.40,$2.40,$403,$710,$0,$3494,$2647,$0,$5071,$419,$8909,$12403,$2788,$3603,$775,$5466,$8253,$304,$1662,$203,$4150,$12403,$244,$444,$219,$662,$-102,$-62,$32,$-13,$-144,$782,$-321,$0,$-1929,$7,$0,$7,$15,$-2228,$1244,$648,$1892,$-149,$-149,$-171,$-13,$1559,$132,$22,$-171
45,2007-06-30,55.93,$56.64,0.99,$141.45,0.4,$15.70,3.56,$3.18,17.59,$3.27B,$2.57B,1.27,$3.60B,$4.19B,0.86,$10.37B,$2.78B,26.83%,$10.37B,$0.52B,5.04%,$10.37B,$0.52B,5.04%,$10.37B,$1.05B,10.10%,$10.37B,$0.34B,3.28%,$10.37B,$0.23B,2.26%,$0.23B,$4.19B,5.62%,$0.23B,$-0.91B,-56.66%,$0.23B,$12.27B,2.14%,$0.52B,$7.80B,7.31%,$2796,$2040,$757,$0,$332,$2851,$-54,$-56,$-110,$-42,$-69,$-69,$-69,$94,$-54,$74,74,$-0.96,$-0.96,$356,$633,$0,$3273,$2692,$0,$5104,$427,$8991,$12265,$2571,$3602,$781,$5501,$8072,$304,$1544,$168,$4193,$12265,$69,$291,$218,$509,$-21,$10,$-59,$-11,$-149,$436,$-237,$0,$-1937,$5,$0,$5,$4,$-2164,$1244,$619,$1863,$70,$70,$-114,$-13,$1806,$90,$16,$-114
46,2007-03-31,46.75,$58.13,0.8,$134.64,0.35,$13.89,3.37,$5.82,8.03,$3.19B,$2.23B,1.43,$3.60B,$4.28B,0.84,$9.84B,$2.65B,26.92%,$9.84B,$0.80B,8.11%,$9.84B,$0.80B,8.11%,$9.84B,$1.29B,13.10%,$9.84B,$0.63B,6.42%,$9.84B,$0.43B,4.35%,$0.43B,$4.28B,10.48%,$0.43B,$-0.78B,-172.41%,$0.43B,$12.00B,4.18%,$0.80B,$7.88B,11.82%,$2793,$2056,$737,$0,$325,$2534,$259,$-51,$207,$68,$139,$139,$139,$401,$259,$73,73,$1.92,$1.89,$334,$626,$0,$3185,$2557,$0,$5051,$439,$8811,$11996,$2232,$3602,$730,$5488,$7720,$304,$1669,$141,$4276,$11996,$139,$142,$8,$150,$-20,$-12,$0,$-14,$-71,$221,$-109,$0,$-1546,$1,$0,$1,$0,$-1655,$1244,$321,$1565,$24,$24,$-57,$-13,$1519,$88,$9,$-57
47,2006-12-31,45.09,$56.56,0.8,$127.87,0.35,$12.62,3.57,$5.46,8.26,$2.52B,$1.61B,1.56,$2.36B,$4.13B,0.57,$9.32B,$2.52B,27.03%,$9.32B,$0.75B,8.06%,$9.32B,$0.75B,8.06%,$9.32B,$1.22B,13.04%,$9.32B,$0.60B,6.45%,$9.32B,$0.40B,4.30%,$0.40B,$4.13B,10.12%,$0.40B,$0.12B,-564.79%,$0.40B,$9.64B,4.18%,$0.75B,$6.48B,11.89%,$2467,$1833,$635,$0,$292,$2411,$56,$-40,$17,$14,$3,$-1,$-1,$175,$56,$72,73,$0.00,$0.00,$211,$502,$0,$2517,$2142,$0,$4007,$331,$7119,$9636,$1612,$2359,$645,$3899,$5511,$304,$1615,$62,$4125,$9636,$401,$463,$213,$676,$-81,$-16,$14,$3,$-193,$904,$-374,$0,$-244,$10,$0,$10,$0,$-608,$0,$-268,$-268,$36,$36,$-225,$0,$-458,$-155,$35,$-225
