,Date,Stock Price,Book Value per Share,Price to Book Ratio,TTM Sales per Share,Price to Sales Ratio,TTM FCF per Share,Price to FCF Ratio,TTM Net EPS,PE Ratio,Current Assets,Current Liabilities,Current Ratio,Long Term Debt,Shareholder's Equity_x,Debt to Equity Ratio,TTM Revenue_x,TTM Gross Profit,Gross Margin,TTM Revenue_y,TTM Operating Income,Operating Margin,TTM Revenue_x,TTM EBIT,EBIT Margin,TTM Revenue_y,TTM EBITDA,EBITDA Margin,TTM Revenue_x,TTM Pre-Tax Income,Pre-Tax Margin,TTM Revenue_y,TTM Net Income_x,Net Margin,TTM Net Income_y,Shareholder's Equity_y,Return on Equity,TTM Net Income_x,Tangible Equity,Return on Tangible Equity,TTM Net Income_y,Total Assets,Return on Assets,TTM Net Income,LT Investments & Debt,Return on Investment,revenue,cost-goods-sold,gross-profit,research-development-expenses,selling-general-administrative-expenses,operating-expenses,operating-income,total-non-operating-income-expense,pre-tax-income,total-provision-income-taxes,income-after-taxes,income-from-continuous-operations,net-income,ebitda,ebit,basic-shares-outstanding,shares-outstanding,eps-basic-net-earnings-per-share,eps-earnings-per-share-diluted,cash-on-hand,inventory,other-current-assets,total-current-assets,net-property-plant-equipment,long-term-investments,goodwill-intangible-assets-total,other-long-term-assets,total-long-term-assets,total-assets,total-current-liabilities,long-term-debt,other-non-current-liabilities,total-long-term-liabilities,total-liabilities,common-stock-net,retained-earnings-accumulated-deficit,comprehensive-income,total-share-holder-equity,total-liabilities-share-holders-equity,net-income-loss,total-depreciation-amortization-cash-flow,other-non-cash-items,total-non-cash-items,change-in-accounts-receivable,change-in-inventories,change-in-accounts-payable,change-in-assets-liabilities,total-change-in-assets-liabilities,cash-flow-from-operating-activities,net-change-in-property-plant-equipment,net-change-in-intangible-assets,net-acquisitions-divestitures,net-change-in-short-term-investments,net-change-in-long-term-investments,net-change-in-investments-total,investing-activities-other,cash-flow-from-investing-activities,net-long-term-debt,net-current-debt,debt-issuance-retirement-net-total,net-common-equity-issued-repurchased,net-total-equity-issued-repurchased,total-common-preferred-stock-dividends-paid,financial-activities-other,cash-flow-from-financial-activities,net-cash-flow,stock-based-compensation,common-stock-dividends-paid
0,2018-09-30,40.15,$30.33,1.32,$105.10,0.38,$16.41,2.45,$1.01,39.75,$0.08B,$0.14B,0.59,$0.23B,$0.39B,0.59,$1.37B,$0.28B,20.16%,$1.37B,$0.01B,0.95%,$1.37B,$0.01B,0.95%,$1.37B,$0.11B,7.96%,$1.37B,$0.00B,0.22%,$1.37B,$0.01B,0.95%,$0.01B,$0.39B,3.32%,$0.01B,$0.26B,5.04%,$0.01B,$0.86B,1.48%,$0.01B,$0.63B,2.04%,$295,$242,$53,$0,$29,$293,$2,$-2,$-0,$-2,$2,$2,$2,$24,$2,$13,13,$0.13,$0.13,$20,$29,$0,$84,$595,$0,$132,$43,$771,$855,$142,$230,$11,$318,$461,$0,$387,$-4,$394,$855,$4,$73,$5,$79,$15,$0,$0,$-4,$7,$89,$-40,$0,$0,$0,$0,$0,$0,$-40,$-46,$0,$-46,$0,$0,$0,$0,$-46,$3,$3,$0
1,2018-06-30,46.6,$30.13,1.55,$105.98,0.44,$17.29,2.69,$1.09,42.75,$0.08B,$0.15B,0.55,$0.23B,$0.39B,0.59,$1.38B,$0.28B,20.58%,$1.38B,$0.02B,1.09%,$1.38B,$0.02B,1.09%,$1.38B,$0.11B,7.97%,$1.38B,$0.01B,0.36%,$1.38B,$0.01B,1.01%,$0.01B,$0.39B,3.62%,$0.01B,$0.26B,5.54%,$0.01B,$0.86B,1.58%,$0.02B,$0.62B,2.32%,$315,$250,$65,$0,$36,$320,$-4,$-2,$-7,$-5,$-2,$-2,$-2,$18,$-4,$13,13,$-0.14,$-0.14,$22,$29,$0,$83,$607,$0,$133,$39,$779,$862,$152,$231,$11,$319,$471,$0,$385,$-4,$392,$862,$3,$52,$9,$61,$14,$0,$0,$1,$15,$77,$-27,$0,$0,$0,$0,$0,$0,$-27,$-45,$0,$-45,$1,$1,$0,$0,$-45,$4,$2,$0
2,2018-03-31,58.0,$30.25,1.92,$106.08,0.55,$18.30,3.17,$1.76,32.95,$0.08B,$0.15B,0.52,$0.24B,$0.39B,0.62,$1.38B,$0.29B,20.91%,$1.38B,$0.03B,2.03%,$1.38B,$0.03B,2.03%,$1.38B,$0.12B,8.90%,$1.38B,$0.02B,1.37%,$1.38B,$0.02B,1.66%,$0.02B,$0.39B,6.02%,$0.02B,$0.26B,9.33%,$0.02B,$0.88B,2.56%,$0.03B,$0.63B,4.27%,$422,$332,$90,$0,$46,$415,$7,$-3,$4,$-1,$4,$4,$4,$36,$7,$13,13,$0.34,$0.34,$24,$29,$0,$81,$627,$0,$134,$33,$794,$875,$154,$241,$11,$328,$482,$0,$387,$-4,$393,$875,$4,$29,$5,$34,$15,$0,$0,$4,$20,$57,$-16,$0,$0,$0,$0,$0,$0,$-16,$-35,$0,$-35,$0,$0,$0,$0,$-35,$6,$1,$0
3,2017-12-31,56.4,$29.91,1.89,$106.29,0.53,$18.65,3.02,$2.31,24.42,$0.11B,$0.16B,0.65,$0.28B,$0.39B,0.71,$1.38B,$0.29B,21.29%,$1.38B,$0.04B,2.75%,$1.38B,$0.04B,2.75%,$1.38B,$0.13B,9.63%,$1.38B,$0.03B,2.10%,$1.38B,$0.03B,2.24%,$0.03B,$0.39B,8.28%,$0.03B,$0.25B,13.04%,$0.03B,$0.91B,3.43%,$0.04B,$0.66B,5.71%,$337,$269,$68,$0,$32,$329,$8,$-3,$6,$-3,$9,$9,$9,$31,$8,$13,13,$0.68,$0.68,$18,$30,$0,$105,$638,$0,$135,$32,$806,$911,$160,$277,$11,$363,$523,$0,$383,$-4,$387,$911,$30,$94,$1,$95,$-5,$0,$0,$15,$32,$157,$-83,$0,$0,$0,$0,$0,$0,$-83,$-71,$0,$-71,$3,$3,$0,$-1,$-68,$6,$5,$0
4,2017-09-30,67.0,$29.13,2.3,$101.99,0.66,$8.52,7.86,$0.95,70.53,$0.09B,$0.15B,0.56,$0.29B,$0.38B,0.76,$1.34B,$0.29B,21.80%,$1.34B,$0.02B,1.12%,$1.34B,$0.02B,1.12%,$1.34B,$0.11B,8.24%,$1.34B,$0.01B,0.45%,$1.34B,$0.01B,0.97%,$0.01B,$0.38B,3.56%,$0.01B,$0.24B,5.72%,$0.01B,$0.90B,1.43%,$0.02B,$0.66B,2.23%,$306,$245,$61,$0,$34,$302,$4,$-2,$2,$-1,$3,$3,$3,$25,$4,$13,13,$0.21,$0.21,$15,$29,$0,$85,$647,$0,$137,$29,$813,$898,$151,$287,$10,$371,$521,$0,$374,$-3,$377,$898,$21,$70,$7,$77,$13,$0,$0,$-10,$25,$122,$-61,$0,$0,$0,$0,$0,$0,$-61,$-60,$0,$-60,$3,$3,$0,$-1,$-58,$3,$4,$0
5,2017-06-30,65.25,$28.78,2.27,$101.02,0.65,$1.01,64.92,$0.64,101.95,$0.09B,$0.16B,0.55,$0.29B,$0.37B,0.78,$1.33B,$0.29B,21.72%,$1.33B,$0.01B,0.53%,$1.33B,$0.01B,0.53%,$1.33B,$0.10B,7.69%,$1.33B,$-0.00B,-0.15%,$1.33B,$0.01B,0.68%,$0.01B,$0.37B,2.48%,$0.01B,$0.24B,4.01%,$0.01B,$0.90B,0.99%,$0.01B,$0.66B,1.03%,$317,$248,$70,$0,$36,$308,$9,$-2,$7,$-0,$7,$7,$7,$31,$9,$13,13,$0.54,$0.53,$20,$30,$0,$86,$651,$0,$137,$29,$818,$903,$157,$291,$10,$374,$531,$0,$371,$-4,$372,$903,$18,$49,$6,$55,$12,$0,$0,$-2,$33,$105,$-42,$0,$0,$0,$0,$0,$0,$-42,$-57,$0,$-57,$3,$3,$0,$-1,$-55,$8,$2,$0
6,2017-03-31,58.45,$28.09,2.08,$99.02,0.59,$-5.83,0.0,$0.66,88.56,$0.08B,$0.15B,0.55,$0.31B,$0.36B,0.86,$1.32B,$0.29B,21.67%,$1.32B,$0.01B,0.61%,$1.32B,$0.01B,0.61%,$1.32B,$0.10B,7.68%,$1.32B,$-0.00B,0.00%,$1.32B,$0.01B,0.76%,$0.01B,$0.36B,2.74%,$0.01B,$0.22B,4.43%,$0.01B,$0.91B,1.09%,$0.01B,$0.67B,1.17%,$421,$325,$95,$0,$48,$403,$17,$-3,$14,$3,$12,$12,$12,$46,$17,$13,13,$0.90,$0.89,$22,$30,$0,$83,$656,$0,$138,$31,$825,$908,$151,$312,$11,$396,$547,$0,$364,$-5,$362,$908,$12,$28,$1,$29,$11,$0,$0,$-0,$30,$70,$-24,$0,$0,$0,$0,$0,$0,$-24,$-36,$0,$-36,$1,$1,$0,$-1,$-35,$11,$1,$0
7,2016-12-31,56.4,$27.13,2.08,$95.72,0.59,$-10.04,0.0,$0.80,70.5,$0.09B,$0.14B,0.66,$0.35B,$0.35B,1.0,$1.30B,$0.29B,21.99%,$1.30B,$0.01B,0.85%,$1.30B,$0.01B,0.85%,$1.30B,$0.10B,7.64%,$1.30B,$0.00B,0.39%,$1.30B,$0.01B,0.93%,$0.01B,$0.35B,3.22%,$0.01B,$0.21B,5.17%,$0.01B,$0.92B,1.31%,$0.01B,$0.70B,1.62%,$291,$227,$65,$0,$34,$306,$-15,$-2,$-17,$-8,$-9,$-9,$-9,$8,$-15,$13,13,$-0.62,$-0.61,$12,$30,$0,$93,$656,$0,$138,$31,$826,$919,$141,$347,$10,$429,$570,$0,$353,$-5,$348,$919,$12,$87,$21,$108,$-4,$-1,$0,$6,$-21,$99,$-159,$0,$-40,$0,$0,$0,$0,$-199,$133,$0,$133,$-43,$-43,$0,$-1,$89,$-11,$5,$0
8,2016-09-30,44.94,$28.22,1.59,$94.21,0.48,$-7.34,0.0,$2.32,19.37,$0.08B,$0.15B,0.54,$0.32B,$0.37B,0.86,$1.29B,$0.29B,22.39%,$1.29B,$0.04B,3.18%,$1.29B,$0.04B,3.18%,$1.29B,$0.13B,9.68%,$1.29B,$0.04B,2.79%,$1.29B,$0.03B,2.56%,$0.03B,$0.37B,8.71%,$0.03B,$0.23B,13.58%,$0.03B,$0.92B,3.67%,$0.04B,$0.69B,6.29%,$297,$239,$58,$0,$29,$302,$-4,$-2,$-6,$-5,$-1,$-1,$-1,$17,$-4,$13,13,$-0.10,$-0.10,$16,$28,$0,$83,$677,$0,$140,$22,$839,$922,$154,$316,$11,$400,$553,$0,$361,$-4,$369,$922,$20,$65,$18,$82,$10,$0,$0,$-8,$-6,$95,$-132,$0,$-40,$0,$0,$0,$0,$-172,$102,$0,$102,$-30,$-30,$0,$-1,$70,$-7,$4,$0
9,2016-06-30,47.43,$28.66,1.66,$91.52,0.52,$-5.83,0.0,$3.00,15.81,$0.09B,$0.15B,0.57,$0.30B,$0.38B,0.8,$1.28B,$0.30B,23.10%,$1.28B,$0.06B,4.46%,$1.28B,$0.06B,4.46%,$1.28B,$0.14B,10.81%,$1.28B,$0.05B,4.15%,$1.28B,$0.04B,3.29%,$0.04B,$0.38B,10.91%,$0.04B,$0.24B,16.58%,$0.04B,$0.93B,4.83%,$0.06B,$0.69B,9.16%,$306,$239,$67,$0,$31,$295,$10,$-1,$9,$1,$8,$8,$8,$30,$10,$14,14,$0.56,$0.55,$26,$29,$0,$88,$673,$0,$141,$25,$839,$927,$154,$304,$17,$391,$546,$0,$363,$-4,$381,$927,$22,$43,$8,$51,$12,$0,$0,$-13,$-4,$67,$-94,$0,$-40,$0,$0,$0,$0,$-134,$90,$0,$90,$-19,$-19,$0,$-1,$70,$3,$3,$0
10,2016-03-31,64.47,$28.74,2.24,$89.60,0.72,$-3.64,0.0,$3.23,19.96,$0.08B,$0.17B,0.5,$0.26B,$0.39B,0.67,$1.26B,$0.30B,23.50%,$1.26B,$0.06B,4.98%,$1.26B,$0.06B,4.98%,$1.26B,$0.14B,11.23%,$1.26B,$0.06B,4.75%,$1.26B,$0.05B,3.56%,$0.05B,$0.39B,11.59%,$0.05B,$0.25B,17.26%,$0.05B,$0.91B,5.43%,$0.06B,$0.65B,10.76%,$402,$308,$95,$0,$43,$382,$20,$-2,$19,$4,$14,$14,$14,$44,$20,$14,14,$1.04,$1.03,$25,$29,$0,$84,$658,$0,$142,$25,$824,$908,$169,$262,$17,$347,$516,$0,$355,$-4,$392,$908,$14,$24,$3,$27,$14,$0,$0,$-12,$3,$43,$-52,$0,$-40,$0,$0,$0,$0,$-92,$51,$0,$51,$1,$1,$0,$0,$52,$2,$2,$0
11,2015-12-31,61.74,$27.47,2.25,$88.08,0.7,$-2.63,0.0,$3.36,18.38,$0.10B,$0.18B,0.54,$0.21B,$0.37B,0.56,$1.26B,$0.30B,23.71%,$1.26B,$0.07B,5.33%,$1.26B,$0.07B,5.33%,$1.26B,$0.15B,11.54%,$1.26B,$0.06B,5.09%,$1.26B,$0.05B,3.82%,$0.05B,$0.37B,12.46%,$0.05B,$0.25B,18.32%,$0.05B,$0.84B,6.11%,$0.07B,$0.59B,12.12%,$286,$217,$69,$0,$33,$271,$15,$-1,$14,$3,$12,$12,$12,$34,$15,$14,14,$0.84,$0.84,$23,$28,$0,$97,$604,$0,$122,$18,$743,$840,$178,$210,$11,$288,$466,$0,$341,$-5,$374,$840,$48,$78,$3,$81,$4,$-2,$0,$9,$12,$141,$-166,$0,$-3,$0,$0,$0,$-0,$-169,$63,$0,$63,$-36,$-36,$0,$2,$29,$0,$5,$0
12,2015-09-30,75.74,$27.97,2.71,$87.47,0.87,$0.25,301.03,$2.80,27.05,$0.09B,$0.16B,0.52,$0.17B,$0.39B,0.44,$1.25B,$0.29B,23.30%,$1.25B,$0.06B,4.55%,$1.25B,$0.06B,4.55%,$1.25B,$0.13B,10.61%,$1.25B,$0.05B,4.31%,$1.25B,$0.04B,3.19%,$0.04B,$0.39B,10.48%,$0.04B,$0.27B,15.56%,$0.04B,$0.80B,5.26%,$0.06B,$0.57B,10.68%,$283,$219,$64,$0,$32,$272,$12,$-1,$11,$2,$8,$8,$8,$30,$12,$14,14,$0.59,$0.58,$22,$27,$0,$85,$581,$0,$123,$14,$717,$802,$164,$172,$10,$246,$409,$0,$329,$-4,$393,$802,$36,$59,$4,$63,$13,$0,$0,$-9,$6,$101,$-121,$0,$-3,$0,$0,$0,$0,$-123,$25,$0,$25,$-6,$-6,$0,$2,$21,$-1,$4,$0
13,2015-06-30,85.82,$27.78,3.09,$86.23,1.0,$2.10,40.9,$2.72,31.55,$0.09B,$0.16B,0.59,$0.15B,$0.39B,0.37,$1.24B,$0.28B,22.88%,$1.24B,$0.05B,4.37%,$1.24B,$0.05B,4.37%,$1.24B,$0.13B,10.27%,$1.24B,$0.05B,4.12%,$1.24B,$0.04B,3.15%,$0.04B,$0.39B,10.47%,$0.04B,$0.27B,15.85%,$0.04B,$0.77B,5.30%,$0.05B,$0.54B,10.38%,$293,$224,$69,$0,$34,$276,$16,$-1,$16,$4,$11,$11,$11,$34,$16,$14,14,$0.79,$0.78,$23,$27,$0,$93,$530,$0,$124,$19,$674,$767,$157,$145,$10,$216,$373,$0,$321,$-4,$394,$767,$28,$40,$3,$43,$9,$0,$0,$-8,$0,$67,$-65,$0,$0,$0,$0,$0,$-5,$-70,$-3,$0,$-3,$4,$4,$0,$2,$3,$0,$3,$0
14,2015-03-31,87.0,$26.92,3.23,$83.39,1.04,$2.41,36.16,$2.59,33.59,$0.08B,$0.14B,0.59,$0.14B,$0.38B,0.38,$1.20B,$0.27B,22.83%,$1.20B,$0.05B,4.25%,$1.20B,$0.05B,4.25%,$1.20B,$0.12B,10.08%,$1.20B,$0.05B,4.00%,$1.20B,$0.04B,3.08%,$0.04B,$0.38B,10.12%,$0.04B,$0.26B,15.13%,$0.04B,$0.74B,5.14%,$0.05B,$0.52B,9.97%,$395,$299,$96,$0,$48,$371,$24,$-1,$23,$6,$17,$17,$17,$47,$24,$14,14,$1.18,$1.16,$21,$26,$0,$84,$507,$0,$125,$19,$651,$735,$143,$144,$9,$212,$355,$0,$310,$-3,$380,$735,$17,$23,$1,$24,$12,$0,$0,$-5,$-3,$36,$-32,$0,$0,$0,$0,$0,$-6,$-37,$-4,$0,$-4,$3,$3,$0,$1,$0,$-1,$1,$0
15,2014-12-31,76.98,$25.62,3.0,$79.06,0.97,$2.90,26.54,$2.25,34.21,$0.10B,$0.16B,0.61,$0.15B,$0.36B,0.41,$1.15B,$0.26B,22.53%,$1.15B,$0.04B,3.84%,$1.15B,$0.04B,3.84%,$1.15B,$0.11B,9.61%,$1.15B,$0.04B,3.58%,$1.15B,$0.03B,2.79%,$0.03B,$0.36B,8.91%,$0.03B,$0.23B,13.14%,$0.03B,$0.74B,4.62%,$0.04B,$0.51B,8.96%,$282,$219,$63,$0,$32,$277,$5,$-1,$4,$0,$4,$4,$4,$22,$5,$14,14,$0.29,$0.28,$22,$26,$0,$100,$496,$0,$127,$13,$636,$736,$164,$147,$8,$212,$376,$0,$293,$-2,$360,$736,$33,$65,$9,$74,$-1,$-2,$0,$8,$17,$124,$-108,$0,$-48,$0,$0,$0,$-0,$-155,$59,$0,$59,$-24,$-24,$0,$2,$37,$5,$4,$0
16,2014-09-30,56.9,$25.39,2.24,$76.21,0.75,$4.19,13.58,$2.45,23.22,$0.07B,$0.13B,0.56,$0.16B,$0.36B,0.44,$1.11B,$0.25B,22.71%,$1.11B,$0.05B,4.25%,$1.11B,$0.05B,4.25%,$1.11B,$0.11B,9.95%,$1.11B,$0.05B,4.07%,$1.11B,$0.04B,3.17%,$0.04B,$0.36B,9.83%,$0.04B,$0.23B,14.16%,$0.04B,$0.71B,5.24%,$0.05B,$0.51B,9.94%,$267,$213,$55,$0,$28,$258,$9,$-1,$8,$1,$7,$7,$7,$24,$9,$14,14,$0.51,$0.50,$20,$25,$0,$74,$491,$0,$130,$13,$634,$708,$132,$155,$8,$220,$352,$0,$289,$-1,$356,$708,$29,$48,$3,$51,$8,$0,$0,$-2,$5,$83,$-76,$0,$-49,$0,$0,$0,$-1,$-126,$67,$0,$67,$-23,$-23,$0,$1,$45,$3,$3,$0
17,2014-06-30,71.2,$25.53,2.79,$73.44,0.97,$5.87,12.12,$2.27,31.37,$0.12B,$0.13B,0.89,$0.14B,$0.37B,0.37,$1.07B,$0.25B,23.01%,$1.07B,$0.05B,4.21%,$1.07B,$0.05B,4.21%,$1.07B,$0.11B,9.92%,$1.07B,$0.04B,4.02%,$1.07B,$0.03B,3.09%,$0.03B,$0.37B,9.37%,$0.03B,$0.26B,13.13%,$0.03B,$0.70B,5.12%,$0.05B,$0.50B,9.94%,$256,$196,$60,$0,$30,$243,$13,$-0,$13,$4,$9,$9,$9,$28,$13,$14,15,$0.66,$0.65,$61,$23,$0,$116,$467,$0,$103,$12,$582,$698,$131,$137,$9,$201,$332,$0,$282,$-0,$366,$698,$21,$33,$2,$35,$7,$0,$0,$-6,$1,$56,$-49,$0,$-8,$0,$0,$0,$0,$-57,$49,$0,$49,$-6,$-6,$0,$1,$44,$43,$2,$0
18,2014-03-31,71.68,$24.82,2.89,$72.27,0.99,$8.08,8.87,$2.39,29.99,$0.06B,$0.12B,0.51,$0.09B,$0.36B,0.24,$1.05B,$0.24B,23.22%,$1.05B,$0.05B,4.47%,$1.05B,$0.05B,4.47%,$1.05B,$0.11B,10.18%,$1.05B,$0.05B,4.28%,$1.05B,$0.04B,3.33%,$0.04B,$0.36B,10.14%,$0.04B,$0.25B,14.30%,$0.04B,$0.63B,5.67%,$0.05B,$0.44B,10.89%,$340,$260,$80,$0,$42,$323,$17,$-1,$16,$4,$12,$12,$12,$36,$17,$14,15,$0.83,$0.82,$15,$22,$0,$63,$452,$0,$103,$11,$566,$630,$124,$87,$9,$150,$275,$0,$273,$-0,$355,$630,$12,$19,$1,$20,$8,$0,$0,$-0,$5,$36,$-24,$0,$-8,$0,$0,$0,$-0,$-32,$-1,$0,$-1,$-6,$-6,$0,$1,$-6,$-2,$1,$0
19,2013-12-31,73.54,$24.21,3.04,$70.30,1.05,$9.15,8.04,$2.23,32.98,$0.08B,$0.14B,0.58,$0.09B,$0.35B,0.25,$1.02B,$0.23B,23.01%,$1.02B,$0.04B,4.33%,$1.02B,$0.04B,4.33%,$1.02B,$0.10B,10.03%,$1.02B,$0.04B,4.03%,$1.02B,$0.03B,3.15%,$0.03B,$0.35B,9.52%,$0.03B,$0.25B,13.49%,$0.03B,$0.64B,5.30%,$0.04B,$0.44B,10.33%,$242,$186,$56,$0,$31,$234,$8,$-0,$8,$1,$7,$7,$7,$22,$8,$14,15,$0.49,$0.47,$17,$22,$0,$81,$445,$0,$99,$10,$554,$635,$140,$88,$7,$147,$287,$0,$261,$-0,$347,$635,$32,$59,$2,$60,$-2,$-4,$0,$9,$21,$114,$-79,$0,$0,$0,$0,$0,$1,$-78,$-47,$0,$-47,$3,$3,$0,$3,$-41,$-5,$4,$0
20,2013-09-30,71.1,$23.76,2.99,$70.03,1.02,$9.10,7.81,$2.20,32.32,$0.07B,$0.12B,0.56,$0.09B,$0.34B,0.26,$1.02B,$0.23B,22.74%,$1.02B,$0.05B,4.72%,$1.02B,$0.05B,4.72%,$1.02B,$0.11B,10.53%,$1.02B,$0.04B,4.04%,$1.02B,$0.03B,3.05%,$0.03B,$0.34B,9.50%,$0.03B,$0.24B,13.66%,$0.03B,$0.61B,5.22%,$0.05B,$0.43B,11.23%,$231,$180,$50,$0,$27,$224,$7,$-1,$6,$2,$5,$5,$5,$20,$7,$14,15,$0.33,$0.32,$18,$21,$0,$68,$438,$0,$99,$10,$546,$614,$123,$90,$9,$150,$273,$0,$254,$-0,$341,$614,$25,$45,$3,$48,$2,$0,$0,$-3,$13,$82,$-50,$0,$0,$0,$0,$0,$0,$-50,$-44,$0,$-44,$5,$5,$0,$3,$-36,$-4,$3,$0
21,2013-06-30,55.18,$23.59,2.34,$68.90,0.8,$9.17,6.02,$2.12,26.03,$0.06B,$0.11B,0.56,$0.08B,$0.34B,0.24,$1.00B,$0.23B,22.65%,$1.00B,$0.05B,4.71%,$1.00B,$0.05B,4.71%,$1.00B,$0.11B,10.62%,$1.00B,$0.04B,4.01%,$1.00B,$0.03B,3.01%,$0.03B,$0.34B,9.44%,$0.03B,$0.24B,13.75%,$0.03B,$0.59B,5.11%,$0.05B,$0.42B,11.04%,$238,$180,$58,$0,$28,$223,$15,$-1,$15,$4,$11,$11,$11,$29,$15,$14,14,$0.78,$0.77,$17,$20,$0,$62,$419,$0,$99,$10,$527,$589,$112,$81,$9,$140,$252,$0,$249,$0,$337,$589,$21,$31,$2,$33,$3,$0,$0,$-1,$18,$71,$-32,$0,$0,$0,$0,$0,$0,$-32,$-53,$0,$-53,$6,$6,$0,$1,$-45,$-6,$2,$0
22,2013-03-31,45.6,$22.60,2.02,$67.49,0.68,$8.17,5.58,$1.87,24.39,$0.06B,$0.10B,0.56,$0.10B,$0.32B,0.31,$0.98B,$0.22B,22.15%,$0.98B,$0.04B,4.37%,$0.98B,$0.04B,4.37%,$0.98B,$0.10B,10.26%,$0.98B,$0.04B,3.56%,$0.98B,$0.03B,2.74%,$0.03B,$0.32B,8.68%,$0.03B,$0.22B,12.80%,$0.03B,$0.58B,4.61%,$0.04B,$0.42B,10.02%,$306,$237,$70,$0,$38,$293,$14,$-1,$12,$3,$9,$9,$9,$31,$14,$14,14,$0.67,$0.66,$17,$18,$0,$57,$411,$0,$99,$10,$520,$577,$102,$99,$9,$154,$257,$0,$238,$-0,$320,$577,$9,$18,$1,$19,$7,$0,$0,$-2,$12,$40,$-14,$0,$0,$0,$0,$0,$0,$-14,$-35,$0,$-35,$3,$3,$0,$0,$-32,$-5,$1,$0
23,2012-12-31,35.29,$21.92,1.61,$66.24,0.53,$7.59,4.65,$1.92,18.38,$0.08B,$0.10B,0.73,$0.13B,$0.31B,0.44,$0.98B,$0.22B,22.01%,$0.98B,$0.05B,4.61%,$0.98B,$0.05B,4.61%,$0.98B,$0.10B,10.44%,$0.98B,$0.04B,3.79%,$0.98B,$0.03B,2.97%,$0.03B,$0.31B,9.41%,$0.03B,$0.21B,13.94%,$0.03B,$0.60B,4.94%,$0.05B,$0.44B,10.39%,$241,$188,$53,$0,$27,$228,$12,$-4,$8,$2,$6,$6,$6,$27,$12,$14,15,$0.47,$0.46,$22,$18,$0,$75,$413,$0,$100,$10,$523,$597,$102,$134,$9,$188,$290,$0,$229,$0,$307,$597,$28,$57,$7,$64,$-4,$-0,$0,$7,$2,$94,$-60,$0,$-3,$0,$0,$0,$-0,$-63,$-22,$0,$-22,$-21,$-21,$0,$-1,$-44,$-13,$4,$0
24,2012-09-30,32.59,$21.54,1.51,$63.24,0.52,$8.61,3.79,$1.67,19.51,$0.07B,$0.11B,0.64,$0.12B,$0.31B,0.39,$0.94B,$0.21B,21.87%,$0.94B,$0.04B,3.93%,$0.94B,$0.04B,3.93%,$0.94B,$0.09B,9.87%,$0.94B,$0.03B,3.40%,$0.94B,$0.03B,2.76%,$0.03B,$0.31B,8.52%,$0.03B,$0.21B,12.70%,$0.03B,$0.58B,4.43%,$0.04B,$0.43B,8.55%,$213,$168,$45,$0,$24,$207,$6,$-1,$5,$1,$4,$4,$4,$19,$6,$14,15,$0.25,$0.24,$27,$17,$0,$68,$405,$0,$101,$10,$516,$584,$107,$118,$8,$170,$277,$0,$222,$-1,$307,$584,$22,$42,$3,$46,$0,$0,$0,$-0,$4,$72,$-40,$0,$-3,$0,$0,$0,$-0,$-43,$-25,$0,$-25,$-13,$-13,$0,$0,$-37,$-8,$3,$0
25,2012-06-30,30.51,$21.42,1.42,$62.07,0.49,$9.08,3.36,$1.57,19.43,$0.07B,$0.10B,0.7,$0.12B,$0.31B,0.39,$0.94B,$0.20B,21.71%,$0.94B,$0.03B,3.64%,$0.94B,$0.03B,3.64%,$0.94B,$0.09B,9.63%,$0.94B,$0.03B,3.10%,$0.94B,$0.02B,2.57%,$0.02B,$0.31B,7.95%,$0.02B,$0.21B,11.96%,$0.02B,$0.58B,4.10%,$0.03B,$0.43B,7.78%,$224,$174,$50,$0,$26,$212,$11,$-1,$10,$2,$8,$8,$8,$24,$11,$15,15,$0.53,$0.52,$30,$18,$0,$70,$401,$0,$101,$10,$513,$583,$100,$122,$7,$173,$273,$0,$218,$-1,$310,$583,$18,$29,$2,$31,$0,$0,$0,$2,$-1,$50,$-25,$0,$-3,$0,$0,$0,$-0,$-28,$-22,$0,$-22,$-5,$-5,$0,$0,$-27,$-5,$2,$0
26,2012-03-31,37.19,$21.00,1.77,$60.91,0.61,$9.60,3.87,$1.49,24.96,$0.08B,$0.10B,0.74,$0.13B,$0.31B,0.41,$0.93B,$0.20B,21.68%,$0.93B,$0.03B,3.45%,$0.93B,$0.03B,3.45%,$0.93B,$0.09B,9.49%,$0.93B,$0.03B,2.91%,$0.93B,$0.02B,2.48%,$0.02B,$0.31B,7.62%,$0.02B,$0.21B,11.47%,$0.02B,$0.59B,3.90%,$0.03B,$0.43B,7.21%,$299,$232,$67,$0,$34,$284,$16,$-2,$14,$3,$11,$11,$11,$32,$16,$15,15,$0.72,$0.71,$38,$17,$0,$76,$399,$0,$100,$11,$509,$585,$103,$126,$6,$174,$277,$0,$211,$-1,$309,$585,$11,$17,$1,$18,$0,$0,$0,$1,$1,$30,$-10,$0,$0,$0,$0,$0,$1,$-10,$-19,$0,$-19,$2,$2,$0,$0,$-17,$3,$1,$0
27,2011-12-31,27.7,$20.21,1.37,$59.14,0.47,$9.75,2.84,$1.34,20.67,$0.08B,$0.11B,0.76,$0.15B,$0.30B,0.5,$0.92B,$0.20B,21.31%,$0.92B,$0.03B,2.95%,$0.92B,$0.03B,2.95%,$0.92B,$0.08B,9.18%,$0.92B,$0.02B,2.51%,$0.92B,$0.02B,2.30%,$0.02B,$0.30B,7.01%,$0.02B,$0.19B,10.62%,$0.02B,$0.59B,3.59%,$0.03B,$0.44B,6.12%,$206,$162,$44,$0,$24,$202,$4,$-1,$3,$0,$3,$3,$3,$18,$4,$15,15,$0.21,$0.20,$35,$18,$0,$81,$402,$0,$101,$9,$512,$593,$106,$147,$5,$192,$298,$0,$200,$-0,$295,$593,$21,$56,$8,$65,$-7,$-2,$0,$17,$11,$96,$-44,$0,$0,$0,$0,$0,$1,$-43,$-2,$0,$-2,$-30,$-30,$0,$-4,$-35,$17,$3,$0
28,2011-09-30,24.09,$19.96,1.21,$57.98,0.42,$8.66,2.78,$1.28,18.82,$0.06B,$0.10B,0.67,$0.15B,$0.29B,0.5,$0.90B,$0.19B,20.62%,$0.90B,$0.03B,2.77%,$0.90B,$0.03B,2.77%,$0.90B,$0.08B,8.98%,$0.90B,$0.02B,2.33%,$0.90B,$0.02B,2.22%,$0.02B,$0.29B,6.64%,$0.02B,$0.19B,10.09%,$0.02B,$0.58B,3.44%,$0.03B,$0.44B,5.67%,$206,$165,$42,$0,$23,$203,$3,$-2,$2,$-0,$2,$2,$2,$16,$3,$15,15,$0.14,$0.14,$27,$17,$0,$64,$405,$0,$102,$9,$516,$581,$96,$147,$5,$192,$288,$0,$197,$-0,$293,$581,$18,$43,$3,$46,$0,$0,$0,$12,$12,$73,$-32,$0,$0,$0,$0,$0,$1,$-31,$-1,$0,$-1,$-28,$-28,$0,$-4,$-33,$9,$2,$0
29,2011-06-30,36.38,$20.24,1.8,$57.04,0.64,$7.59,4.79,$0.87,41.82,$0.08B,$0.09B,0.83,$0.15B,$0.31B,0.48,$0.89B,$0.18B,20.31%,$0.89B,$0.02B,1.80%,$0.89B,$0.02B,1.80%,$0.89B,$0.07B,8.08%,$0.89B,$0.01B,1.35%,$0.89B,$0.01B,1.57%,$0.01B,$0.31B,4.63%,$0.01B,$0.21B,7.06%,$0.01B,$0.60B,2.41%,$0.02B,$0.46B,3.63%,$216,$168,$48,$0,$25,$207,$9,$-2,$8,$1,$7,$7,$7,$22,$9,$15,16,$0.45,$0.44,$43,$17,$0,$78,$408,$0,$103,$9,$520,$599,$94,$150,$7,$195,$289,$0,$195,$0,$310,$599,$16,$30,$0,$30,$0,$0,$0,$10,$10,$54,$-19,$0,$0,$0,$0,$0,$-0,$-20,$1,$0,$1,$-8,$-8,$0,$-3,$-10,$25,$1,$0
30,2011-03-31,26.89,$19.76,1.36,$56.00,0.48,$6.48,4.15,$0.71,37.88,$0.05B,$0.10B,0.48,$0.12B,$0.30B,0.41,$0.88B,$0.17B,19.75%,$0.88B,$0.01B,1.48%,$0.88B,$0.01B,1.48%,$0.88B,$0.07B,7.88%,$0.88B,$0.01B,1.03%,$0.88B,$0.01B,1.26%,$0.01B,$0.30B,3.66%,$0.01B,$0.20B,5.65%,$0.01B,$0.57B,1.90%,$0.01B,$0.42B,2.97%,$287,$226,$61,$0,$32,$276,$11,$-1,$10,$1,$9,$9,$9,$28,$11,$15,16,$0.56,$0.56,$15,$16,$0,$48,$408,$0,$104,$7,$519,$567,$100,$122,$8,$165,$266,$0,$188,$0,$301,$567,$9,$17,$0,$17,$0,$0,$0,$5,$5,$30,$-8,$0,$0,$0,$0,$0,$0,$-8,$-17,$0,$-17,$-9,$-9,$0,$0,$-26,$-3,$1,$0
31,2010-12-31,21.47,$19.27,1.11,$55.31,0.39,$6.00,3.58,$0.47,45.68,$0.05B,$0.10B,0.55,$0.14B,$0.30B,0.46,$0.87B,$0.17B,19.54%,$0.87B,$0.01B,1.16%,$0.87B,$0.01B,1.16%,$0.87B,$0.07B,7.63%,$0.87B,$0.01B,0.58%,$0.87B,$0.01B,0.81%,$0.01B,$0.30B,2.34%,$0.01B,$0.20B,3.65%,$0.01B,$0.58B,1.20%,$0.01B,$0.44B,2.26%,$193,$157,$35,$0,$20,$191,$2,$-1,$1,$-1,$2,$2,$2,$15,$2,$16,16,$0.14,$0.13,$18,$16,$0,$54,$414,$0,$105,$7,$526,$579,$97,$139,$8,$181,$279,$0,$180,$-0,$301,$579,$7,$57,$5,$62,$-1,$-2,$0,$2,$2,$71,$-35,$0,$0,$0,$0,$0,$-0,$-35,$-39,$0,$-39,$1,$1,$0,$0,$-38,$-2,$4,$0
32,2010-09-30,19.61,$19.10,1.03,$54.81,0.36,$6.45,3.04,$0.43,45.6,$0.05B,$0.10B,0.53,$0.14B,$0.30B,0.47,$0.85B,$0.17B,19.67%,$0.85B,$0.01B,1.29%,$0.85B,$0.01B,1.29%,$0.85B,$0.07B,7.85%,$0.85B,$0.01B,0.59%,$0.85B,$0.01B,0.82%,$0.01B,$0.30B,2.37%,$0.01B,$0.19B,3.73%,$0.01B,$0.58B,1.19%,$0.01B,$0.44B,2.46%,$195,$158,$37,$0,$23,$201,$-6,$-1,$-7,$-3,$-4,$-4,$-4,$7,$-6,$16,16,$-0.27,$-0.27,$11,$15,$6,$53,$418,$0,$106,$4,$528,$582,$101,$141,$8,$183,$284,$0,$177,$-0,$298,$582,$5,$44,$5,$49,$0,$0,$0,$1,$1,$52,$-26,$0,$0,$0,$0,$0,$1,$-25,$-36,$0,$-36,$1,$1,$0,$0,$-36,$-9,$3,$0
33,2010-06-30,17.16,$19.28,0.89,$54.29,0.32,$6.44,2.66,$1.07,16.04,$0.05B,$0.09B,0.51,$0.14B,$0.30B,0.48,$0.85B,$0.17B,19.86%,$0.85B,$0.03B,2.96%,$0.85B,$0.03B,2.96%,$0.85B,$0.08B,9.57%,$0.85B,$0.02B,2.25%,$0.85B,$0.02B,2.01%,$0.02B,$0.30B,5.79%,$0.02B,$0.19B,9.23%,$0.02B,$0.58B,2.88%,$0.03B,$0.45B,5.50%,$201,$162,$40,$0,$20,$195,$6,$-1,$5,$0,$4,$4,$4,$19,$6,$15,16,$0.28,$0.28,$12,$15,$5,$48,$424,$0,$107,$3,$535,$583,$94,$144,$10,$187,$281,$0,$182,$-0,$301,$583,$9,$30,$-2,$29,$0,$0,$0,$-1,$-1,$35,$-17,$0,$0,$0,$0,$0,$3,$-14,$-30,$0,$-30,$1,$1,$0,$0,$-29,$-8,$2,$0
34,2010-03-31,24.44,$18.92,1.29,$54.42,0.45,$6.38,3.83,$1.20,20.37,$0.05B,$0.09B,0.5,$0.15B,$0.30B,0.51,$0.85B,$0.17B,20.09%,$0.85B,$0.03B,3.43%,$0.85B,$0.03B,3.43%,$0.85B,$0.09B,10.05%,$0.85B,$0.02B,2.60%,$0.85B,$0.02B,2.25%,$0.02B,$0.30B,6.58%,$0.02B,$0.19B,10.67%,$0.02B,$0.58B,3.19%,$0.03B,$0.45B,6.29%,$276,$219,$57,$0,$31,$268,$8,$-2,$6,$1,$5,$5,$5,$25,$8,$15,16,$0.32,$0.32,$14,$15,$1,$47,$425,$0,$108,$4,$537,$584,$94,$151,$11,$194,$288,$0,$177,$-1,$295,$584,$5,$17,$-3,$15,$0,$0,$0,$5,$5,$24,$-9,$0,$0,$0,$0,$0,$-0,$-9,$-21,$0,$-21,$0,$0,$0,$-0,$-21,$-6,$1,$0
35,2009-12-31,17.9,$18.52,0.97,$54.32,0.33,$5.75,3.11,$1.13,15.84,$0.06B,$0.10B,0.58,$0.17B,$0.29B,0.6,$0.84B,$0.17B,20.10%,$0.84B,$0.03B,3.33%,$0.84B,$0.03B,3.33%,$0.84B,$0.09B,10.11%,$0.84B,$0.02B,2.50%,$0.84B,$0.02B,2.14%,$0.02B,$0.29B,6.35%,$0.02B,$0.18B,10.50%,$0.02B,$0.60B,3.00%,$0.03B,$0.46B,5.98%,$182,$148,$34,$0,$13,$180,$3,$-1,$1,$-0,$2,$2,$2,$16,$3,$15,16,$0.10,$0.11,$20,$15,$0,$55,$432,$0,$109,$4,$545,$600,$95,$172,$13,$216,$311,$0,$172,$-1,$289,$600,$18,$58,$6,$64,$1,$-1,$0,$10,$9,$91,$-48,$0,$-1,$0,$0,$0,$0,$-50,$-31,$0,$-31,$1,$1,$0,$-2,$-32,$9,$7,$0
36,2009-09-30,20.42,$18.52,1.1,$54.94,0.37,$3.53,5.79,$1.41,14.48,$0.05B,$0.09B,0.52,$0.18B,$0.29B,0.62,$0.86B,$0.20B,22.73%,$0.86B,$0.04B,4.08%,$0.86B,$0.04B,4.08%,$0.86B,$0.09B,10.72%,$0.86B,$0.03B,3.26%,$0.86B,$0.02B,2.56%,$0.02B,$0.29B,7.90%,$0.02B,$0.18B,13.27%,$0.02B,$0.60B,3.65%,$0.04B,$0.47B,7.39%,$187,$149,$37,$0,$16,$179,$8,$-1,$7,$1,$6,$6,$6,$21,$8,$15,16,$0.37,$0.37,$9,$14,$1,$47,$435,$0,$111,$4,$550,$597,$90,$178,$10,$218,$308,$0,$171,$-2,$289,$597,$16,$44,$7,$51,$0,$0,$0,$3,$3,$67,$-41,$0,$-1,$0,$0,$0,$0,$-42,$-24,$0,$-24,$1,$1,$0,$-3,$-27,$-2,$6,$0
37,2009-06-30,18.75,$18.10,1.04,$56.44,0.33,$1.98,9.49,$1.44,13.02,$0.05B,$0.09B,0.49,$0.19B,$0.28B,0.67,$0.88B,$0.20B,22.61%,$0.88B,$0.04B,4.20%,$0.88B,$0.04B,4.20%,$0.88B,$0.09B,10.57%,$0.88B,$0.03B,3.30%,$0.88B,$0.02B,2.50%,$0.02B,$0.28B,8.08%,$0.02B,$0.17B,13.92%,$0.02B,$0.60B,3.64%,$0.04B,$0.47B,7.79%,$201,$159,$42,$0,$19,$191,$10,$-2,$8,$2,$6,$6,$6,$23,$10,$15,15,$0.42,$0.41,$10,$14,$1,$46,$441,$0,$112,$4,$556,$602,$94,$189,$8,$227,$321,$0,$165,$-2,$282,$602,$10,$31,$6,$37,$0,$0,$0,$3,$3,$49,$-33,$0,$-1,$0,$0,$0,$0,$-34,$-14,$0,$-14,$1,$1,$0,$-3,$-16,$-1,$5,$0
38,2009-03-31,17.63,$17.66,1.0,$56.18,0.31,$1.57,11.22,$1.52,11.6,$0.04B,$0.09B,0.49,$0.20B,$0.27B,0.73,$0.89B,$0.20B,22.37%,$0.89B,$0.04B,4.52%,$0.89B,$0.04B,4.52%,$0.89B,$0.09B,10.62%,$0.89B,$0.03B,3.62%,$0.89B,$0.02B,2.71%,$0.02B,$0.27B,9.03%,$0.02B,$0.16B,16.00%,$0.02B,$0.61B,3.98%,$0.04B,$0.48B,8.44%,$271,$215,$56,$0,$28,$264,$7,$-2,$5,$1,$4,$4,$4,$25,$7,$15,15,$0.25,$0.25,$9,$14,$1,$44,$444,$0,$113,$4,$561,$605,$91,$201,$10,$240,$331,$0,$159,$-2,$274,$605,$4,$18,$5,$23,$0,$0,$0,$-1,$-1,$26,$-21,$0,$-1,$0,$0,$0,$0,$-22,$-3,$0,$-3,$0,$0,$0,$-3,$-6,$-3,$5,$0
39,2008-12-31,16.83,$17.39,0.97,$53.72,0.31,$1.51,11.17,$1.70,9.9,$0.05B,$0.09B,0.54,$0.21B,$0.27B,0.79,$0.87B,$0.20B,22.41%,$0.87B,$0.05B,5.29%,$0.87B,$0.05B,5.29%,$0.87B,$0.10B,11.15%,$0.87B,$0.04B,4.25%,$0.87B,$0.03B,3.10%,$0.03B,$0.27B,9.96%,$0.03B,$0.16B,16.93%,$0.03B,$0.61B,4.56%,$0.05B,$0.48B,9.91%,$199,$139,$60,$0,$31,$189,$10,$-2,$8,$2,$6,$6,$6,$23,$10,$16,16,$0.38,$0.37,$11,$13,$2,$50,$442,$0,$113,$5,$560,$610,$92,$212,$10,$249,$341,$0,$155,$-2,$269,$610,$27,$52,$15,$67,$-1,$-2,$0,$5,$-3,$91,$-83,$0,$-30,$0,$0,$0,$0,$-113,$68,$0,$68,$-49,$-49,$0,$0,$20,$-2,$7,$0
40,2008-09-30,26.8,$17.04,1.57,$52.27,0.51,$1.95,13.75,$1.92,13.96,$0.04B,$0.10B,0.46,$0.21B,$0.26B,0.8,$0.86B,$0.19B,22.57%,$0.86B,$0.05B,6.08%,$0.86B,$0.05B,6.08%,$0.86B,$0.10B,11.81%,$0.86B,$0.04B,5.03%,$0.86B,$0.03B,3.63%,$0.03B,$0.26B,11.28%,$0.03B,$0.15B,18.54%,$0.03B,$0.60B,5.38%,$0.05B,$0.47B,11.54%,$209,$167,$41,$0,$16,$199,$10,$-2,$8,$2,$6,$6,$6,$22,$10,$15,15,$0.40,$0.40,$6,$13,$5,$44,$432,$0,$117,$5,$554,$598,$95,$210,$4,$240,$334,$0,$149,$0,$264,$598,$21,$39,$6,$45,$0,$0,$0,$0,$0,$67,$-65,$0,$-30,$0,$0,$0,$0,$-96,$70,$0,$70,$-49,$-49,$0,$0,$22,$-7,$5,$0
41,2008-06-30,27.74,$16.60,1.67,$49.94,0.56,$2.54,10.92,$2.01,13.8,$0.05B,$0.11B,0.48,$0.21B,$0.26B,0.82,$0.84B,$0.19B,23.11%,$0.84B,$0.06B,6.71%,$0.84B,$0.06B,6.71%,$0.84B,$0.10B,12.46%,$0.84B,$0.05B,5.63%,$0.84B,$0.03B,3.95%,$0.03B,$0.26B,11.92%,$0.03B,$0.14B,18.91%,$0.03B,$0.60B,5.89%,$0.06B,$0.47B,12.84%,$206,$165,$41,$0,$14,$194,$13,$-2,$11,$3,$8,$8,$8,$24,$13,$16,16,$0.49,$0.49,$12,$12,$5,$50,$425,$0,$118,$6,$549,$599,$105,$210,$5,$238,$343,$0,$143,$1,$256,$599,$15,$27,$3,$30,$0,$0,$0,$7,$7,$52,$-42,$0,$-30,$0,$0,$0,$0,$-72,$68,$0,$68,$-49,$-49,$0,$0,$19,$-1,$3,$0
42,2008-03-31,37.57,$17.52,2.14,$47.84,0.79,$2.31,16.23,$1.81,20.76,$0.05B,$0.10B,0.57,$0.14B,$0.30B,0.48,$0.81B,$0.19B,23.64%,$0.81B,$0.05B,6.44%,$0.81B,$0.05B,6.44%,$0.81B,$0.10B,12.25%,$0.81B,$0.04B,5.32%,$0.81B,$0.03B,3.71%,$0.03B,$0.30B,10.78%,$0.03B,$0.20B,16.53%,$0.03B,$0.56B,5.54%,$0.05B,$0.44B,12.29%,$256,$203,$53,$0,$22,$243,$13,$-2,$10,$3,$7,$7,$7,$28,$13,$17,17,$0.43,$0.43,$17,$11,$4,$54,$404,$0,$96,$6,$506,$559,$95,$142,$5,$170,$264,$0,$135,$1,$295,$559,$7,$15,$2,$17,$0,$0,$0,$4,$4,$28,$-24,$0,$-1,$0,$0,$0,$0,$-25,$0,$0,$0,$1,$1,$0,$0,$1,$4,$2,$0
43,2007-12-31,31.99,$16.94,1.89,$45.42,0.7,$1.98,16.18,$1.82,17.58,$0.05B,$0.10B,0.49,$0.14B,$0.28B,0.5,$0.76B,$0.19B,24.21%,$0.76B,$0.05B,6.81%,$0.76B,$0.05B,6.81%,$0.76B,$0.10B,12.70%,$0.76B,$0.04B,5.76%,$0.76B,$0.03B,3.93%,$0.03B,$0.28B,11.19%,$0.03B,$0.19B,16.78%,$0.03B,$0.55B,5.76%,$0.05B,$0.43B,12.78%,$184,$126,$58,$0,$26,$168,$16,$-2,$14,$3,$10,$10,$10,$27,$16,$17,17,$0.60,$0.60,$13,$10,$2,$47,$399,$0,$97,$5,$501,$549,$96,$142,$5,$168,$264,$0,$128,$0,$284,$549,$31,$44,$5,$49,$-1,$-1,$0,$-3,$14,$94,$-78,$0,$-48,$0,$0,$0,$0,$-125,$40,$0,$40,$2,$2,$0,$-0,$42,$10,$7,$0
44,2007-09-30,42.9,$16.23,2.64,$44.27,0.97,$0.03,1288.29,$1.75,24.51,$0.04B,$0.09B,0.41,$0.15B,$0.27B,0.53,$0.74B,$0.17B,22.18%,$0.74B,$0.05B,6.72%,$0.74B,$0.05B,6.72%,$0.74B,$0.09B,12.50%,$0.74B,$0.04B,5.65%,$0.74B,$0.03B,3.90%,$0.03B,$0.27B,11.24%,$0.03B,$0.18B,16.45%,$0.03B,$0.53B,5.84%,$0.05B,$0.42B,12.84%,$189,$148,$41,$0,$15,$174,$14,$-3,$12,$4,$8,$8,$8,$25,$14,$17,17,$0.49,$0.49,$10,$10,$2,$37,$394,$0,$97,$5,$496,$533,$90,$145,$5,$171,$261,$0,$117,$0,$272,$533,$21,$33,$5,$38,$0,$0,$0,$12,$12,$71,$-60,$0,$-49,$0,$0,$0,$-0,$-109,$43,$0,$43,$2,$2,$0,$-0,$45,$7,$5,$0
45,2007-06-30,40.37,$15.62,2.59,$41.93,0.96,$-1.42,0.0,$1.62,24.92,$0.04B,$0.09B,0.46,$0.15B,$0.26B,0.58,$0.70B,$0.16B,22.44%,$0.70B,$0.05B,6.53%,$0.70B,$0.05B,6.53%,$0.70B,$0.09B,12.36%,$0.70B,$0.04B,5.54%,$0.70B,$0.03B,3.84%,$0.03B,$0.26B,10.88%,$0.03B,$0.17B,15.32%,$0.03B,$0.53B,5.73%,$0.05B,$0.41B,12.45%,$179,$140,$39,$0,$14,$170,$9,$-2,$7,$2,$5,$5,$5,$19,$9,$17,17,$0.30,$0.29,$17,$10,$3,$41,$386,$0,$96,$4,$486,$527,$90,$151,$5,$176,$266,$0,$109,$0,$262,$527,$12,$22,$4,$26,$0,$0,$0,$15,$15,$53,$-46,$0,$-43,$0,$0,$0,$-2,$-91,$50,$0,$50,$1,$1,$0,$-0,$51,$14,$4,$0
46,2007-03-31,38.82,$15.28,2.54,$39.43,0.98,$-2.16,0.0,$1.76,22.06,$0.04B,$0.08B,0.47,$0.12B,$0.25B,0.46,$0.66B,$0.15B,22.84%,$0.66B,$0.05B,7.41%,$0.66B,$0.05B,7.41%,$0.66B,$0.09B,13.16%,$0.66B,$0.04B,6.51%,$0.66B,$0.03B,4.39%,$0.03B,$0.25B,12.15%,$0.03B,$0.19B,15.85%,$0.03B,$0.48B,6.70%,$0.05B,$0.37B,14.48%,$212,$165,$47,$0,$19,$199,$13,$-2,$11,$4,$7,$7,$7,$26,$13,$17,17,$0.45,$0.44,$7,$9,$3,$37,$369,$0,$66,$3,$438,$476,$80,$118,$5,$142,$222,$0,$104,$0,$254,$476,$7,$12,$2,$14,$0,$0,$0,$5,$5,$26,$-28,$0,$0,$0,$0,$0,$-1,$-28,$5,$0,$5,$1,$1,$0,$0,$7,$4,$2,$0
47,2006-12-31,35.85,$14.68,2.44,$36.98,0.97,$-1.97,0.0,$1.76,20.37,$0.03B,$0.07B,0.42,$0.11B,$0.24B,0.46,$0.62B,$0.14B,23.06%,$0.62B,$0.05B,7.74%,$0.62B,$0.05B,7.74%,$0.62B,$0.08B,13.23%,$0.62B,$0.04B,6.94%,$0.62B,$0.03B,4.68%,$0.03B,$0.24B,12.66%,$0.03B,$0.18B,15.98%,$0.03B,$0.45B,7.19%,$0.05B,$0.36B,15.29%,$164,$126,$38,$0,$8,$150,$14,$-2,$12,$3,$9,$9,$9,$23,$14,$17,17,$0.53,$0.52,$3,$8,$1,$29,$352,$0,$66,$3,$421,$451,$70,$112,$6,$137,$207,$0,$97,$0,$244,$451,$29,$34,$10,$45,$0,$-1,$0,$4,$4,$79,$-95,$0,$-41,$0,$0,$0,$-1,$-137,$55,$0,$55,$2,$2,$0,$0,$58,$-1,$6,$0
