,Date,Stock Price,Book Value per Share,Price to Book Ratio,TTM Sales per Share,Price to Sales Ratio,TTM FCF per Share,Price to FCF Ratio,TTM Net EPS,PE Ratio,Current Assets,Current Liabilities,Current Ratio,Long Term Debt,Shareholder's Equity_x,Debt to Equity Ratio,TTM Revenue_x,TTM Gross Profit,Gross Margin,TTM Revenue_y,TTM Operating Income,Operating Margin,TTM Revenue_x,TTM EBIT,EBIT Margin,TTM Revenue_y,TTM EBITDA,EBITDA Margin,TTM Revenue_x,TTM Pre-Tax Income,Pre-Tax Margin,TTM Revenue_y,TTM Net Income_x,Net Margin,TTM Net Income_y,Shareholder's Equity_y,Return on Equity,TTM Net Income_x,Tangible Equity,Return on Tangible Equity,TTM Net Income_y,Total Assets,Return on Assets,TTM Net Income,LT Investments & Debt,Return on Investment,revenue,cost-goods-sold,gross-profit,research-development-expenses,selling-general-administrative-expenses,operating-expenses,operating-income,total-non-operating-income-expense,pre-tax-income,total-provision-income-taxes,income-after-taxes,income-from-continuous-operations,net-income,ebitda,ebit,basic-shares-outstanding,shares-outstanding,eps-basic-net-earnings-per-share,eps-earnings-per-share-diluted,cash-on-hand,inventory,other-current-assets,total-current-assets,net-property-plant-equipment,long-term-investments,goodwill-intangible-assets-total,other-long-term-assets,total-long-term-assets,total-assets,total-current-liabilities,long-term-debt,other-non-current-liabilities,total-long-term-liabilities,total-liabilities,common-stock-net,retained-earnings-accumulated-deficit,comprehensive-income,total-share-holder-equity,total-liabilities-share-holders-equity,net-income-loss,total-depreciation-amortization-cash-flow,other-non-cash-items,total-non-cash-items,change-in-accounts-receivable,change-in-inventories,change-in-accounts-payable,change-in-assets-liabilities,total-change-in-assets-liabilities,cash-flow-from-operating-activities,net-change-in-property-plant-equipment,net-change-in-intangible-assets,net-acquisitions-divestitures,net-change-in-short-term-investments,net-change-in-long-term-investments,net-change-in-investments-total,investing-activities-other,cash-flow-from-investing-activities,net-long-term-debt,net-current-debt,debt-issuance-retirement-net-total,net-common-equity-issued-repurchased,net-total-equity-issued-repurchased,total-common-preferred-stock-dividends-paid,financial-activities-other,cash-flow-from-financial-activities,net-cash-flow,stock-based-compensation,common-stock-dividends-paid
0,2018-09-30,0.84,$0.15,5.47,$57.84,0.01,$-2.33,0.0,$-3.39,0.0,$0.36B,$0.29B,1.23,$0.15B,$0.01B,25.36,$2.23B,$0.38B,16.99%,$2.23B,$-0.06B,-2.56%,$2.23B,$-0.06B,-2.56%,$2.23B,$-0.02B,-0.81%,$2.23B,$-0.16B,-7.06%,$2.23B,$-0.13B,-5.89%,$-0.13B,$0.01B,-207.11%,$-0.13B,$-0.30B,52.66%,$-0.13B,$0.85B,-15.16%,$-0.06B,$0.16B,-23.92%,$537,$444,$93,$0,$0,$547,$-11,$-36,$-47,$-5,$-42,$-42,$-42,$-1,$-11,$39,39,$-1.08,$-1.08,$10,$0,$0,$357,$175,$0,$309,$6,$490,$847,$292,$149,$26,$550,$841,$0,$-399,$0,$6,$847,$-107,$29,$67,$96,$35,$0,$-12,$-5,$20,$10,$-16,$0,$0,$0,$0,$0,$0,$-16,$-19,$-25,$-43,$-0,$35,$0,$-1,$-10,$-16,$1,$0
1,2018-06-30,2.09,$1.22,1.71,$57.48,0.04,$-3.70,0.0,$-2.57,0.0,$0.37B,$0.26B,1.43,$0.18B,$0.05B,3.8,$2.21B,$0.38B,16.98%,$2.21B,$-0.04B,-1.58%,$2.21B,$-0.04B,-1.58%,$2.21B,$0.00B,0.18%,$2.21B,$-0.12B,-5.21%,$2.21B,$-0.10B,-4.48%,$-0.10B,$0.05B,-103.94%,$-0.10B,$-0.26B,45.26%,$-0.10B,$0.85B,-11.40%,$-0.04B,$0.23B,-12.53%,$558,$456,$102,$0,$0,$569,$-11,$-34,$-46,$-4,$-42,$-42,$-42,$-2,$-11,$39,39,$-1.09,$-1.09,$36,$0,$0,$370,$163,$0,$311,$6,$480,$850,$259,$178,$19,$544,$803,$0,$-357,$0,$47,$850,$-66,$20,$39,$59,$27,$0,$-24,$2,$6,$-1,$-10,$0,$0,$0,$0,$0,$0,$-10,$-13,$0,$-13,$-0,$35,$0,$-1,$21,$10,$1,$0
2,2018-03-31,2.54,$2.30,1.1,$56.80,0.04,$-4.57,0.0,$-1.48,0.0,$0.41B,$0.30B,1.37,$0.19B,$0.09B,2.09,$2.18B,$0.37B,16.91%,$2.18B,$-0.03B,-1.42%,$2.18B,$-0.03B,-1.42%,$2.18B,$0.02B,1.10%,$2.18B,$-0.12B,-5.27%,$2.18B,$-0.10B,-4.35%,$-0.10B,$0.09B,-79.66%,$-0.10B,$-0.22B,45.13%,$-0.10B,$0.88B,-10.65%,$-0.03B,$0.27B,-11.98%,$570,$477,$93,$0,$0,$583,$-13,$-10,$-23,$1,$-24,$-24,$-24,$-3,$-13,$38,38,$-0.61,$-0.61,$21,$0,$0,$410,$158,$0,$313,$4,$475,$884,$298,$185,$11,$498,$796,$0,$-315,$0,$89,$884,$-24,$10,$9,$19,$-15,$0,$10,$-1,$-6,$-10,$-6,$0,$0,$0,$0,$0,$0,$-6,$-5,$0,$-5,$-0,$17,$0,$-1,$11,$-5,$1,$0
3,2017-12-31,7.71,$2.88,2.67,$54.46,0.14,$-4.44,0.0,$-0.87,0.0,$0.40B,$0.29B,1.39,$0.19B,$0.11B,1.71,$2.09B,$0.36B,17.41%,$2.09B,$-0.04B,-1.72%,$2.09B,$-0.04B,-1.72%,$2.09B,$0.02B,0.91%,$2.09B,$-0.12B,-5.55%,$2.09B,$-0.09B,-4.35%,$-0.09B,$0.11B,-64.31%,$-0.09B,$-0.20B,44.61%,$-0.09B,$0.88B,-10.16%,$-0.04B,$0.30B,-15.32%,$560,$471,$90,$0,$0,$583,$-22,$-19,$-41,$-18,$-23,$-23,$-23,$-12,$-22,$38,38,$-0.60,$-0.60,$26,$0,$0,$398,$160,$0,$314,$4,$478,$876,$287,$189,$11,$478,$765,$0,$-293,$0,$111,$876,$-91,$55,$-30,$25,$-70,$0,$29,$20,$5,$-46,$-11,$0,$89,$0,$0,$0,$0,$78,$-226,$-26,$-251,$-0,$247,$0,$-32,$-36,$-4,$2,$0
4,2017-09-30,9.53,$3.48,2.74,$54.25,0.18,$-2.50,0.0,$-0.26,0.0,$0.38B,$0.25B,1.53,$0.19B,$0.13B,1.39,$2.08B,$0.37B,17.77%,$2.08B,$-0.07B,-3.12%,$2.08B,$-0.07B,-3.12%,$2.08B,$-0.01B,-0.43%,$2.08B,$-0.13B,-6.34%,$2.08B,$-0.11B,-5.14%,$-0.11B,$0.13B,-65.64%,$-0.11B,$-0.18B,53.97%,$-0.11B,$0.86B,-11.76%,$-0.07B,$0.32B,-31.06%,$521,$432,$90,$0,$0,$510,$11,$-17,$-5,$5,$-10,$-10,$-10,$21,$11,$38,38,$-0.26,$-0.26,$17,$0,$0,$377,$163,$0,$316,$7,$486,$863,$246,$185,$11,$483,$729,$0,$-269,$0,$134,$863,$-68,$45,$-25,$20,$-33,$0,$-5,$17,$-18,$-50,$-9,$0,$89,$0,$0,$0,$0,$80,$-225,$-33,$-258,$-0,$247,$0,$-32,$-42,$-12,$2,$0
5,2017-06-30,7.27,$3.73,1.95,$54.56,0.13,$-0.19,0.0,$0.21,34.62,$0.40B,$0.22B,1.84,$0.00B,$0.14B,0.0,$2.09B,$0.38B,18.20%,$2.09B,$-0.44B,-20.88%,$2.09B,$-0.44B,-20.88%,$2.09B,$-0.38B,-18.20%,$2.09B,$-0.49B,-23.60%,$2.09B,$-0.42B,-19.92%,$-0.42B,$0.14B,-221.22%,$-0.42B,$-0.23B,220.63%,$-0.42B,$0.94B,-44.58%,$-0.44B,$0.14B,-231.83%,$531,$434,$96,$0,$0,$538,$-7,$-38,$-46,$-8,$-38,$-38,$-38,$18,$-7,$38,38,$-0.99,$-0.99,$30,$0,$0,$400,$162,$0,$374,$8,$544,$944,$217,$0,$7,$584,$801,$0,$-259,$0,$143,$944,$-58,$35,$-2,$34,$-12,$0,$-21,$4,$-25,$-39,$-5,$0,$0,$0,$0,$0,$0,$-5,$-280,$-193,$-474,$-0,$540,$0,$-22,$45,$0,$1,$0
6,2017-03-31,6.87,$4.63,1.48,$53.36,0.13,$1.76,3.91,$0.26,26.42,$0.35B,$0.68B,0.52,$0.00B,$0.18B,0.0,$2.05B,$0.38B,18.63%,$2.05B,$-0.43B,-20.98%,$2.05B,$-0.43B,-20.98%,$2.05B,$-0.39B,-18.97%,$2.05B,$-0.45B,-22.10%,$2.05B,$-0.38B,-18.68%,$-0.38B,$0.18B,-131.05%,$-0.38B,$-0.20B,211.34%,$-0.38B,$0.90B,-37.41%,$-0.43B,$0.18B,-147.17%,$479,$391,$88,$0,$0,$497,$-18,$-7,$-24,$-4,$-20,$-20,$-20,$-8,$-18,$38,38,$-0.52,$-0.52,$39,$0,$0,$348,$168,$0,$376,$8,$551,$900,$676,$0,$8,$46,$722,$0,$-221,$0,$178,$900,$-20,$10,$-4,$5,$31,$0,$-37,$9,$7,$-8,$-3,$0,$0,$0,$0,$0,$0,$-3,$-4,$26,$21,$-0,$-0,$0,$-1,$20,$9,$1,$0
7,2016-12-31,10.39,$5.15,2.02,$53.04,0.2,$2.50,4.16,$0.34,30.56,$0.37B,$0.68B,0.55,$0.00B,$0.20B,0.0,$2.03B,$0.38B,18.84%,$2.03B,$-0.40B,-19.87%,$2.03B,$-0.40B,-19.87%,$2.03B,$-0.36B,-17.86%,$2.03B,$-0.43B,-21.00%,$2.03B,$-0.36B,-17.76%,$-0.36B,$0.20B,-93.46%,$-0.36B,$-0.18B,199.45%,$-0.36B,$0.93B,-32.21%,$-0.40B,$0.20B,-104.60%,$551,$455,$96,$0,$0,$603,$-51,$-6,$-57,$-18,$-39,$-39,$-39,$-40,$-51,$38,38,$-1.01,$-1.01,$30,$0,$0,$374,$172,$0,$378,$9,$559,$934,$684,$0,$8,$52,$736,$0,$-202,$0,$197,$934,$-360,$41,$334,$375,$-18,$0,$33,$20,$15,$29,$-11,$0,$1,$0,$0,$0,$0,$-10,$-24,$30,$6,$-0,$-0,$0,$-3,$2,$22,$2,$0
8,2016-09-30,7.98,$6.15,1.3,$51.13,0.16,$2.67,2.99,$0.66,12.09,$0.39B,$0.66B,0.59,$0.00B,$0.24B,0.0,$1.97B,$0.40B,20.09%,$1.97B,$-0.34B,-17.25%,$1.97B,$-0.34B,-17.25%,$1.97B,$-0.30B,-15.27%,$1.97B,$-0.36B,-18.42%,$1.97B,$-0.32B,-16.13%,$-0.32B,$0.24B,-66.81%,$-0.32B,$-0.15B,170.74%,$-0.32B,$0.96B,-26.19%,$-0.34B,$0.24B,-71.43%,$532,$431,$101,$0,$0,$893,$-361,$-6,$-367,$-47,$-320,$-320,$-320,$-351,$-361,$38,38,$-8.34,$-8.34,$3,$0,$0,$387,$184,$0,$382,$11,$577,$964,$655,$0,$12,$73,$728,$0,$-163,$0,$236,$964,$-321,$30,$321,$351,$-41,$0,$53,$7,$11,$40,$-10,$0,$1,$0,$0,$0,$0,$-9,$-19,$-15,$-34,$-0,$-0,$0,$-1,$-36,$-5,$2,$0
9,2016-06-30,7.46,$14.49,0.51,$49.84,0.15,$2.01,3.72,$0.60,12.43,$0.34B,$0.61B,0.55,$0.00B,$0.56B,0.0,$1.94B,$0.40B,20.66%,$1.94B,$0.03B,1.50%,$1.94B,$0.03B,1.50%,$1.94B,$0.07B,3.41%,$1.94B,$0.01B,0.36%,$1.94B,$0.00B,0.21%,$0.00B,$0.56B,0.71%,$0.00B,$-0.20B,-2.09%,$0.00B,$1.29B,0.31%,$0.03B,$0.56B,4.28%,$483,$387,$96,$0,$0,$482,$1,$-6,$-4,$-2,$-3,$-3,$-3,$11,$1,$38,38,$-0.07,$-0.07,$6,$0,$0,$337,$188,$0,$753,$8,$950,$1287,$613,$0,$13,$119,$731,$0,$157,$0,$555,$1287,$-2,$20,$3,$22,$-4,$0,$17,$6,$15,$35,$-6,$0,$0,$0,$0,$0,$0,$-6,$-10,$-20,$-30,$-0,$-0,$0,$-1,$-32,$-2,$1,$0
10,2016-03-31,12.46,$14.55,0.86,$50.32,0.25,$1.09,11.46,$0.97,12.85,$0.34B,$0.62B,0.55,$0.00B,$0.56B,0.0,$1.97B,$0.41B,20.80%,$1.97B,$0.05B,2.54%,$1.97B,$0.05B,2.54%,$1.97B,$0.09B,4.31%,$1.97B,$0.03B,1.42%,$1.97B,$0.02B,0.91%,$0.02B,$0.56B,3.12%,$0.02B,$-0.20B,-10.01%,$0.02B,$1.30B,1.38%,$0.05B,$0.56B,6.31%,$467,$376,$90,$0,$0,$459,$7,$-6,$1,$1,$1,$1,$1,$17,$7,$38,38,$0.02,$0.02,$7,$0,$0,$340,$194,$0,$757,$8,$958,$1298,$621,$0,$14,$120,$741,$0,$160,$0,$557,$1298,$1,$10,$2,$12,$0,$0,$9,$1,$10,$23,$-6,$0,$0,$0,$0,$0,$0,$-6,$-5,$-14,$-18,$-0,$-0,$0,$0,$-18,$-1,$1,$0
11,2015-12-31,9.43,$14.54,0.65,$50.59,0.19,$0.56,16.95,$1.24,7.6,$0.35B,$0.63B,0.55,$0.00B,$0.56B,0.0,$1.99B,$0.42B,20.97%,$1.99B,$0.06B,3.16%,$1.99B,$0.06B,3.16%,$1.99B,$0.10B,4.82%,$1.99B,$0.04B,2.16%,$1.99B,$0.03B,1.35%,$0.03B,$0.56B,4.64%,$0.03B,$-0.20B,-15.61%,$0.03B,$1.31B,2.08%,$0.06B,$0.56B,6.97%,$489,$380,$109,$0,$0,$476,$13,$-6,$7,$3,$4,$4,$4,$22,$13,$38,39,$0.09,$0.09,$8,$0,$0,$347,$195,$0,$759,$7,$961,$1308,$631,$0,$15,$120,$751,$0,$159,$0,$556,$1308,$26,$34,$8,$42,$19,$0,$-12,$1,$1,$69,$-44,$0,$-33,$0,$0,$0,$0,$-77,$100,$-92,$8,$3,$3,$0,$-6,$4,$-3,$3,$0
12,2015-09-30,18.4,$15.70,1.17,$51.67,0.36,$-0.04,0.0,$1.24,14.84,$0.36B,$0.17B,2.12,$0.44B,$0.60B,0.74,$2.04B,$0.41B,20.04%,$2.04B,$0.05B,2.21%,$2.04B,$0.05B,2.21%,$2.04B,$0.08B,3.78%,$2.04B,$0.03B,1.28%,$2.04B,$0.02B,0.79%,$0.02B,$0.60B,2.79%,$0.02B,$-0.17B,-9.03%,$0.02B,$1.33B,1.24%,$0.05B,$1.04B,5.03%,$497,$392,$105,$0,$0,$489,$8,$-5,$3,$1,$2,$2,$2,$16,$8,$38,39,$0.04,$0.04,$9,$0,$0,$360,$188,$0,$767,$14,$969,$1329,$170,$443,$116,$559,$729,$0,$204,$0,$601,$1329,$22,$24,$9,$33,$-2,$0,$-6,$1,$-16,$39,$-34,$0,$-32,$0,$0,$0,$0,$-66,$104,$-77,$27,$3,$3,$0,$-5,$25,$-2,$2,$0
13,2015-06-30,25.8,$15.55,1.66,$51.73,0.5,$-0.39,0.0,$1.46,17.67,$0.37B,$0.17B,2.17,$0.42B,$0.60B,0.71,$2.04B,$0.40B,19.54%,$2.04B,$0.06B,3.04%,$2.04B,$0.06B,3.04%,$2.04B,$0.09B,4.57%,$2.04B,$0.04B,2.16%,$2.04B,$0.03B,1.37%,$0.03B,$0.60B,5.00%,$0.03B,$-0.15B,-15.32%,$0.03B,$1.29B,2.21%,$0.06B,$1.02B,7.05%,$518,$412,$106,$0,$0,$496,$22,$-4,$17,$7,$11,$11,$11,$30,$22,$38,40,$0.28,$0.27,$6,$0,$0,$369,$168,$0,$746,$11,$925,$1293,$170,$420,$108,$528,$699,$0,$198,$0,$595,$1293,$20,$15,$5,$21,$-27,$0,$-4,$14,$-23,$18,$-24,$0,$-0,$0,$0,$0,$0,$-24,$-5,$5,$-0,$3,$3,$0,$-2,$1,$-5,$2,$0
14,2015-03-31,25.27,$15.08,1.68,$50.34,0.5,$-0.61,0.0,$1.42,17.8,$0.35B,$0.17B,2.13,$0.42B,$0.58B,0.74,$1.98B,$0.39B,19.56%,$1.98B,$0.07B,3.39%,$1.98B,$0.07B,3.39%,$1.98B,$0.10B,4.85%,$1.98B,$0.05B,2.58%,$1.98B,$0.03B,1.62%,$0.03B,$0.58B,5.88%,$0.03B,$-0.17B,-19.05%,$0.03B,$1.27B,2.66%,$0.07B,$1.00B,8.05%,$489,$390,$98,$0,$0,$468,$20,$-5,$16,$6,$10,$10,$10,$28,$20,$38,39,$0.26,$0.25,$12,$0,$0,$354,$157,$0,$748,$11,$916,$1270,$166,$424,$105,$528,$694,$0,$181,$0,$575,$1270,$10,$7,$2,$9,$-4,$0,$-11,$8,$-8,$11,$-14,$0,$0,$0,$0,$0,$0,$-14,$-3,$6,$3,$1,$1,$0,$-1,$4,$1,$1,$0
15,2014-12-31,23.35,$13.82,1.69,$47.65,0.49,$-0.97,0.0,$1.34,17.43,$0.35B,$0.62B,0.57,$0.00B,$0.52B,0.0,$1.87B,$0.36B,19.44%,$1.87B,$0.07B,3.53%,$1.87B,$0.07B,3.53%,$1.87B,$0.09B,4.97%,$1.87B,$0.05B,2.78%,$1.87B,$0.03B,1.71%,$0.03B,$0.52B,6.05%,$0.03B,$-0.22B,-21.05%,$0.03B,$1.25B,2.81%,$0.07B,$0.52B,8.39%,$532,$433,$99,$0,$0,$537,$-5,$-4,$-10,$-3,$-7,$-7,$-7,$3,$-5,$38,39,$-0.19,$-0.19,$11,$0,$0,$349,$150,$0,$744,$8,$901,$1251,$617,$0,$13,$109,$726,$0,$133,$0,$524,$1251,$33,$26,$11,$38,$-44,$0,$15,$1,$-33,$37,$-35,$0,$-231,$0,$0,$0,$0,$-266,$24,$213,$237,$3,$3,$0,$-6,$234,$5,$2,$0
16,2014-09-30,22.79,$14.39,1.58,$43.78,0.52,$-0.78,0.0,$1.31,17.4,$0.36B,$0.19B,1.92,$0.43B,$0.55B,0.79,$1.71B,$0.34B,19.63%,$1.71B,$0.08B,4.86%,$1.71B,$0.08B,4.86%,$1.71B,$0.11B,6.21%,$1.71B,$0.07B,4.16%,$1.71B,$0.05B,2.75%,$0.05B,$0.55B,8.99%,$0.05B,$-0.19B,-42.82%,$0.05B,$1.25B,4.51%,$0.08B,$0.98B,10.05%,$498,$403,$95,$0,$0,$473,$25,$-4,$21,$7,$14,$14,$14,$32,$25,$38,39,$0.38,$0.37,$13,$0,$0,$356,$142,$0,$735,$15,$891,$1247,$185,$434,$83,$516,$702,$0,$155,$0,$546,$1247,$40,$18,$8,$26,$-55,$0,$19,$-12,$-48,$18,$-27,$0,$-232,$0,$0,$0,$0,$-259,$27,$224,$251,$3,$3,$0,$-6,$248,$7,$2,$0
17,2014-06-30,28.1,$14.00,2.01,$40.64,0.69,$-0.52,0.0,$1.29,21.78,$0.28B,$0.13B,2.14,$0.30B,$0.53B,0.56,$1.57B,$0.31B,19.72%,$1.57B,$0.08B,5.22%,$1.57B,$0.08B,5.22%,$1.57B,$0.10B,6.49%,$1.57B,$0.07B,4.58%,$1.57B,$0.05B,2.93%,$0.05B,$0.53B,9.05%,$0.05B,$-0.09B,-60.73%,$0.05B,$1.04B,4.87%,$0.08B,$0.83B,10.90%,$460,$365,$95,$0,$0,$433,$27,$-3,$24,$9,$15,$15,$15,$33,$27,$38,39,$0.39,$0.38,$8,$0,$0,$277,$125,$0,$623,$12,$759,$1036,$130,$298,$78,$376,$506,$0,$141,$0,$531,$1036,$25,$11,$4,$15,$-37,$0,$1,$-1,$-37,$4,$-18,$0,$-101,$0,$0,$0,$0,$-118,$-4,$123,$118,$3,$3,$0,$-3,$118,$3,$1,$0
18,2014-03-31,25.24,$13.60,1.86,$37.83,0.67,$-0.16,0.0,$1.28,19.72,$0.26B,$0.12B,2.12,$0.30B,$0.52B,0.58,$1.44B,$0.28B,19.53%,$1.44B,$0.08B,5.47%,$1.44B,$0.08B,5.47%,$1.44B,$0.10B,6.79%,$1.44B,$0.07B,4.92%,$1.44B,$0.05B,3.12%,$0.05B,$0.52B,9.31%,$0.05B,$-0.11B,-70.59%,$0.05B,$1.02B,5.14%,$0.08B,$0.81B,11.42%,$382,$307,$75,$0,$0,$363,$19,$-2,$17,$7,$10,$10,$10,$25,$19,$38,39,$0.28,$0.27,$10,$0,$0,$262,$120,$0,$623,$12,$754,$1016,$124,$299,$79,$378,$502,$0,$126,$0,$515,$1016,$10,$5,$5,$11,$-23,$0,$-2,$-4,$-29,$-7,$-10,$0,$-101,$0,$0,$0,$0,$-111,$-2,$121,$119,$2,$2,$0,$1,$122,$4,$0,$0
19,2013-12-31,26.95,$13.32,2.02,$36.23,0.74,$0.27,98.9,$1.30,20.73,$0.21B,$0.11B,1.92,$0.18B,$0.50B,0.36,$1.36B,$0.27B,19.47%,$1.36B,$0.08B,5.80%,$1.36B,$0.08B,5.80%,$1.36B,$0.10B,7.05%,$1.36B,$0.07B,5.22%,$1.36B,$0.05B,3.38%,$0.05B,$0.50B,10.05%,$0.05B,$-0.05B,-97.35%,$0.05B,$0.87B,5.73%,$0.08B,$0.68B,12.61%,$367,$297,$70,$0,$0,$355,$12,$-2,$9,$1,$8,$8,$8,$16,$12,$36,38,$0.22,$0.20,$5,$0,$0,$213,$97,$0,$550,$12,$658,$872,$111,$182,$78,$260,$372,$0,$116,$0,$500,$872,$46,$18,$-5,$13,$-29,$0,$0,$9,$-25,$34,$-24,$0,$-101,$0,$0,$0,$0,$-125,$9,$22,$31,$53,$53,$0,$0,$85,$-6,$2,$0
20,2013-09-30,28.24,$13.01,2.17,$35.65,0.79,$0.71,40.0,$1.30,21.72,$0.21B,$0.11B,1.91,$0.20B,$0.49B,0.4,$1.29B,$0.25B,19.55%,$1.29B,$0.09B,6.59%,$1.29B,$0.09B,6.59%,$1.29B,$0.10B,7.91%,$1.29B,$0.08B,6.05%,$1.29B,$0.05B,3.72%,$0.05B,$0.49B,11.15%,$0.05B,$-0.05B,-95.05%,$0.05B,$0.85B,6.31%,$0.09B,$0.68B,14.40%,$363,$293,$70,$0,$0,$339,$24,$-2,$22,$8,$13,$13,$13,$28,$24,$36,38,$0.36,$0.35,$9,$0,$0,$206,$96,$0,$540,$12,$648,$854,$108,$196,$63,$259,$366,$0,$104,$0,$488,$854,$38,$13,$1,$14,$-27,$0,$1,$-2,$-27,$24,$-23,$0,$-101,$0,$0,$0,$0,$-124,$11,$33,$44,$52,$52,$0,$-0,$97,$-3,$1,$0
21,2013-06-30,27.84,$11.99,2.32,$34.80,0.8,$0.92,30.39,$1.26,22.1,$0.18B,$0.11B,1.7,$0.16B,$0.43B,0.37,$1.21B,$0.24B,19.50%,$1.21B,$0.08B,6.56%,$1.21B,$0.08B,6.56%,$1.21B,$0.09B,7.80%,$1.21B,$0.07B,5.98%,$1.21B,$0.05B,3.73%,$0.05B,$0.43B,11.55%,$0.05B,$-0.04B,-71.15%,$0.05B,$0.76B,6.34%,$0.08B,$0.59B,14.51%,$332,$265,$67,$0,$0,$308,$24,$-2,$23,$9,$14,$14,$14,$29,$24,$36,37,$0.39,$0.37,$5,$0,$0,$184,$93,$0,$474,$10,$578,$762,$108,$158,$65,$223,$332,$0,$91,$0,$430,$762,$25,$8,$1,$9,$-26,$0,$6,$4,$-16,$18,$-17,$0,$-30,$0,$0,$0,$0,$-47,$-9,$22,$13,$12,$12,$0,$-3,$23,$-6,$1,$0
22,2013-03-31,23.0,$11.64,1.98,$34.06,0.68,$1.10,20.88,$1.21,19.01,$0.18B,$0.10B,1.76,$0.14B,$0.41B,0.34,$1.14B,$0.22B,19.01%,$1.14B,$0.07B,6.51%,$1.14B,$0.07B,6.51%,$1.14B,$0.09B,7.57%,$1.14B,$0.07B,5.81%,$1.14B,$0.04B,3.61%,$0.04B,$0.41B,11.35%,$0.04B,$-0.04B,-56.94%,$0.04B,$0.72B,6.15%,$0.07B,$0.55B,14.47%,$299,$241,$58,$0,$0,$280,$19,$-2,$17,$7,$11,$11,$11,$23,$19,$35,37,$0.30,$0.29,$16,$0,$0,$183,$74,$0,$455,$12,$541,$724,$104,$140,$68,$208,$311,$0,$77,$0,$412,$724,$11,$4,$1,$5,$-16,$0,$5,$5,$-7,$9,$-9,$0,$-0,$0,$0,$0,$0,$-9,$-4,$0,$-4,$9,$9,$0,$0,$5,$4,$0,$0
23,2012-12-31,18.14,$11.41,1.59,$33.27,0.55,$1.15,15.8,$1.17,15.5,$0.17B,$0.10B,1.64,$0.15B,$0.39B,0.37,$1.07B,$0.20B,18.72%,$1.07B,$0.07B,6.52%,$1.07B,$0.07B,6.52%,$1.07B,$0.08B,7.45%,$1.07B,$0.06B,5.77%,$1.07B,$0.04B,3.54%,$0.04B,$0.39B,11.36%,$0.04B,$-0.06B,-47.35%,$0.04B,$0.70B,6.08%,$0.07B,$0.54B,14.52%,$295,$238,$57,$0,$0,$277,$18,$-2,$16,$6,$10,$10,$10,$22,$18,$31,32,$0.30,$0.28,$12,$0,$0,$165,$69,$0,$455,$12,$536,$701,$101,$145,$63,$208,$309,$0,$67,$0,$392,$701,$38,$11,$10,$21,$-6,$0,$-6,$-11,$-23,$37,$-15,$0,$-89,$0,$0,$0,$0,$-104,$25,$0,$25,$57,$52,$0,$-1,$75,$9,$1,$0
24,2012-09-30,16.18,$10.51,1.54,$31.72,0.51,$1.23,13.2,$1.10,14.71,$0.16B,$0.11B,1.51,$0.18B,$0.33B,0.54,$1.02B,$0.19B,18.49%,$1.02B,$0.07B,6.39%,$1.02B,$0.07B,6.39%,$1.02B,$0.07B,7.18%,$1.02B,$0.06B,5.60%,$1.02B,$0.04B,3.44%,$0.04B,$0.33B,11.27%,$0.04B,$-0.10B,-41.54%,$0.04B,$0.65B,5.97%,$0.07B,$0.50B,14.37%,$279,$226,$53,$0,$0,$261,$18,$-2,$16,$6,$10,$10,$10,$20,$18,$31,32,$0.32,$0.31,$2,$0,$0,$161,$48,$0,$429,$13,$490,$651,$107,$176,$42,$219,$325,$0,$57,$0,$325,$651,$28,$7,$2,$9,$-21,$0,$2,$-0,$-18,$18,$-11,$0,$-59,$0,$0,$0,$0,$-70,$29,$27,$57,$1,$-4,$0,$-1,$51,$-1,$0,$0
25,2012-06-30,16.89,$10.24,1.65,$30.19,0.56,$1.31,12.85,$1.02,16.56,$0.15B,$0.10B,1.54,$0.14B,$0.32B,0.45,$0.96B,$0.17B,17.84%,$0.96B,$0.06B,6.22%,$0.96B,$0.06B,6.22%,$0.96B,$0.07B,6.95%,$0.96B,$0.05B,5.50%,$0.96B,$0.03B,3.32%,$0.03B,$0.32B,10.61%,$0.03B,$-0.08B,-40.89%,$0.03B,$0.59B,5.75%,$0.06B,$0.46B,13.88%,$263,$215,$48,$0,$0,$244,$19,$-2,$17,$6,$10,$10,$10,$21,$19,$31,32,$0.33,$0.32,$2,$0,$0,$150,$37,$0,$394,$11,$442,$592,$98,$140,$39,$179,$277,$0,$47,$0,$316,$592,$18,$5,$1,$6,$-13,$0,$3,$-1,$-12,$12,$-6,$0,$-21,$0,$0,$0,$0,$-28,$-7,$25,$18,$1,$-4,$0,$-0,$14,$-2,$0,$0
26,2012-03-31,17.35,$9.90,1.75,$28.64,0.61,$1.37,12.63,$0.94,18.46,$0.14B,$0.09B,1.58,$0.13B,$0.31B,0.42,$0.91B,$0.16B,17.16%,$0.91B,$0.05B,5.83%,$0.91B,$0.05B,5.83%,$0.91B,$0.06B,6.60%,$0.91B,$0.05B,5.28%,$0.91B,$0.03B,3.19%,$0.03B,$0.31B,9.92%,$0.03B,$-0.08B,-52.25%,$0.03B,$0.56B,5.68%,$0.05B,$0.43B,13.35%,$237,$194,$43,$0,$0,$222,$15,$-2,$13,$5,$8,$8,$8,$17,$15,$31,32,$0.26,$0.25,$1,$0,$0,$137,$30,$0,$381,$10,$421,$558,$87,$129,$37,$166,$253,$0,$37,$0,$305,$558,$8,$2,$2,$4,$-7,$0,$2,$-3,$-8,$4,$-3,$0,$-6,$0,$0,$0,$0,$-9,$-4,$10,$6,$1,$-4,$0,$-0,$2,$-2,$0,$0
27,2011-12-31,14.13,$9.64,1.47,$26.73,0.53,$1.39,10.15,$0.83,17.02,$0.13B,$0.09B,1.48,$0.12B,$0.30B,0.41,$0.84B,$0.14B,16.13%,$0.84B,$0.05B,5.46%,$0.84B,$0.05B,5.46%,$0.84B,$0.05B,6.17%,$0.84B,$0.04B,4.98%,$0.84B,$0.03B,2.97%,$0.03B,$0.30B,8.82%,$0.03B,$-0.08B,-71.43%,$0.03B,$0.54B,5.36%,$0.05B,$0.42B,12.57%,$238,$194,$44,$0,$0,$225,$13,$-2,$11,$4,$7,$7,$7,$15,$13,$30,32,$0.22,$0.21,$3,$0,$0,$132,$28,$0,$375,$9,$412,$544,$89,$123,$37,$159,$248,$0,$29,$0,$296,$544,$26,$6,$16,$21,$-15,$0,$8,$-8,$-14,$33,$-9,$0,$-131,$0,$0,$0,$0,$-141,$136,$-21,$116,$1,$1,$0,$-7,$110,$2,$1,$0
28,2011-09-30,13.72,$9.41,1.46,$25.37,0.54,$0.63,21.81,$0.73,18.79,$0.13B,$0.09B,1.41,$0.13B,$0.29B,0.46,$0.77B,$0.11B,14.40%,$0.77B,$0.04B,5.19%,$0.77B,$0.04B,5.19%,$0.77B,$0.05B,5.84%,$0.77B,$0.04B,4.80%,$0.77B,$0.02B,2.85%,$0.02B,$0.29B,7.97%,$0.02B,$-0.08B,-204.65%,$0.02B,$0.53B,5.28%,$0.04B,$0.42B,12.01%,$226,$189,$37,$0,$0,$213,$13,$-1,$12,$4,$7,$7,$7,$14,$13,$31,32,$0.23,$0.23,$2,$0,$0,$127,$24,$0,$369,$12,$405,$532,$90,$132,$17,$153,$243,$0,$22,$0,$289,$532,$19,$4,$3,$7,$-20,$0,$12,$-4,$-13,$14,$-3,$0,$-127,$0,$0,$0,$0,$-131,$140,$-15,$125,$1,$1,$0,$-7,$118,$1,$0,$0
29,2011-06-30,15.08,$9.14,1.65,$23.52,0.64,$0.05,296.85,$0.64,23.56,$0.12B,$0.07B,1.77,$0.04B,$0.28B,0.13,$0.71B,$0.09B,13.12%,$0.71B,$0.04B,4.94%,$0.71B,$0.04B,4.94%,$0.71B,$0.04B,5.64%,$0.71B,$0.03B,4.51%,$0.71B,$0.02B,2.68%,$0.02B,$0.28B,7.06%,$0.02B,$0.01B,149.02%,$0.02B,$0.41B,5.12%,$0.04B,$0.32B,11.67%,$208,$177,$32,$0,$0,$196,$12,$-1,$12,$5,$7,$7,$7,$14,$12,$30,32,$0.25,$0.24,$1,$0,$0,$116,$20,$0,$267,$4,$291,$407,$66,$37,$21,$63,$128,$0,$15,$0,$279,$407,$12,$2,$7,$9,$-16,$0,$7,$-2,$-11,$10,$-2,$0,$-29,$0,$0,$0,$0,$-32,$30,$-7,$23,$1,$1,$0,$-2,$22,$0,$0,$0
30,2011-03-31,15.0,$8.96,1.67,$23.18,0.65,$-0.68,0.0,$0.15,100.0,$0.11B,$0.06B,1.91,$0.04B,$0.27B,0.15,$0.66B,$0.08B,12.25%,$0.66B,$0.03B,4.69%,$0.66B,$0.03B,4.69%,$0.66B,$0.04B,5.30%,$0.66B,$0.01B,1.36%,$0.66B,$0.01B,0.91%,$0.01B,$0.27B,2.28%,$0.01B,$0.01B,48.98%,$0.01B,$0.38B,1.69%,$0.03B,$0.31B,10.54%,$171,$148,$23,$0,$0,$164,$8,$-0,$7,$3,$4,$4,$4,$9,$8,$30,31,$0.15,$0.14,$1,$0,$0,$105,$8,$0,$263,$4,$276,$381,$55,$40,$11,$55,$110,$0,$8,$0,$270,$381,$4,$1,$3,$3,$-7,$0,$2,$0,$-5,$3,$-1,$0,$-20,$0,$0,$0,$0,$-21,$-0,$19,$19,$0,$0,$0,$-2,$18,$-0,$0,$0
