,Date,Stock Price,Book Value per Share,Price to Book Ratio,TTM Sales per Share,Price to Sales Ratio,TTM FCF per Share,Price to FCF Ratio,TTM Net EPS,PE Ratio,Current Assets,Current Liabilities,Current Ratio,Long Term Debt,Shareholder's Equity_x,Debt to Equity Ratio,TTM Revenue_x,TTM Gross Profit,Gross Margin,TTM Revenue_y,TTM Operating Income,Operating Margin,TTM Revenue_x,TTM EBIT,EBIT Margin,TTM Revenue_y,TTM EBITDA,EBITDA Margin,TTM Revenue_x,TTM Pre-Tax Income,Pre-Tax Margin,TTM Revenue_y,TTM Net Income_x,Net Margin,TTM Net Income_y,Shareholder's Equity_y,Return on Equity,TTM Net Income_x,Tangible Equity,Return on Tangible Equity,TTM Net Income_y,Total Assets,Return on Assets,TTM Net Income,LT Investments & Debt,Return on Investment,revenue,cost-goods-sold,gross-profit,research-development-expenses,selling-general-administrative-expenses,operating-expenses,operating-income,total-non-operating-income-expense,pre-tax-income,total-provision-income-taxes,income-after-taxes,income-from-continuous-operations,net-income,ebitda,ebit,basic-shares-outstanding,shares-outstanding,eps-basic-net-earnings-per-share,eps-earnings-per-share-diluted,cash-on-hand,inventory,other-current-assets,total-current-assets,net-property-plant-equipment,long-term-investments,goodwill-intangible-assets-total,other-long-term-assets,total-long-term-assets,total-assets,total-current-liabilities,long-term-debt,other-non-current-liabilities,total-long-term-liabilities,total-liabilities,common-stock-net,retained-earnings-accumulated-deficit,comprehensive-income,total-share-holder-equity,total-liabilities-share-holders-equity,net-income-loss,total-depreciation-amortization-cash-flow,other-non-cash-items,total-non-cash-items,change-in-accounts-receivable,change-in-inventories,change-in-accounts-payable,change-in-assets-liabilities,total-change-in-assets-liabilities,cash-flow-from-operating-activities,net-change-in-property-plant-equipment,net-change-in-intangible-assets,net-acquisitions-divestitures,net-change-in-short-term-investments,net-change-in-long-term-investments,net-change-in-investments-total,investing-activities-other,cash-flow-from-investing-activities,net-long-term-debt,net-current-debt,debt-issuance-retirement-net-total,net-common-equity-issued-repurchased,net-total-equity-issued-repurchased,total-common-preferred-stock-dividends-paid,financial-activities-other,cash-flow-from-financial-activities,net-cash-flow,stock-based-compensation,common-stock-dividends-paid
0,2018-09-30,72.66,$24.41,2.98,$30.37,2.39,$8.55,8.5,$4.22,17.22,$1.49B,$2.68B,0.56,$7.56B,$7.92B,0.95,$10.07B,$3.85B,38.26%,$10.07B,$1.66B,16.47%,$10.07B,$1.66B,16.47%,$10.07B,$2.79B,27.69%,$10.07B,$1.26B,12.51%,$10.07B,$1.40B,13.91%,$1.40B,$7.92B,17.71%,$1.40B,$-3.87B,-38.11%,$1.40B,$21.40B,6.60%,$1.66B,$15.48B,10.63%,$2566,$1577,$988,$0,$261,$2125,$440,$-100,$340,$77,$263,$263,$263,$723,$440,$326,327,$0.81,$0.81,$82,$0,$0,$1492,$7914,$0,$11792,$205,$19910,$21402,$2675,$7557,$2276,$10803,$13478,$4,$4572,$56,$7924,$21402,$737,$842,$230,$1071,$-72,$0,$0,$-47,$-61,$1747,$-813,$0,$-120,$-35,$36,$1,$0,$-932,$46,$0,$46,$-555,$-555,$-340,$-9,$-857,$-42,$29,$-340
1,2018-06-30,68.36,$24.11,2.84,$30.09,2.27,$7.51,9.1,$4.07,16.8,$1.37B,$1.99B,0.69,$8.22B,$7.85B,1.05,$10.07B,$3.85B,38.22%,$10.07B,$1.67B,16.56%,$10.07B,$1.67B,16.56%,$10.07B,$2.80B,27.76%,$10.07B,$1.28B,12.68%,$10.07B,$1.36B,13.52%,$1.36B,$7.85B,17.34%,$1.36B,$-3.61B,-37.42%,$1.36B,$21.20B,6.45%,$1.67B,$16.07B,10.80%,$2518,$1577,$941,$0,$253,$2110,$408,$-96,$313,$77,$236,$236,$235,$684,$408,$327,329,$0.72,$0.71,$61,$0,$0,$1369,$7864,$0,$11461,$510,$19834,$21204,$1990,$8216,$2281,$11365,$13355,$4,$4431,$53,$7849,$21204,$474,$559,$125,$684,$-18,$0,$0,$21,$34,$1191,$-538,$0,$-68,$-32,$0,$-32,$32,$-606,$67,$0,$67,$-466,$-466,$-228,$-5,$-631,$-46,$20,$-228
2,2018-03-31,65.9,$24.08,2.74,$29.86,2.21,$6.66,9.9,$3.96,16.64,$1.35B,$2.56B,0.53,$7.50B,$7.91B,0.95,$10.08B,$3.88B,38.46%,$10.08B,$1.68B,16.71%,$10.08B,$1.68B,16.71%,$10.08B,$2.82B,27.93%,$10.08B,$1.30B,12.87%,$10.08B,$1.33B,13.19%,$1.33B,$7.91B,17.03%,$1.33B,$-3.54B,-36.31%,$1.33B,$21.11B,6.33%,$1.68B,$15.41B,11.15%,$2428,$1470,$958,$0,$261,$2023,$404,$-94,$311,$73,$238,$238,$238,$688,$404,$331,332,$0.72,$0.72,$63,$0,$0,$1354,$7783,$0,$11450,$521,$19755,$21109,$2560,$7500,$2298,$10634,$13194,$4,$4309,$42,$7914,$21109,$238,$284,$65,$348,$48,$0,$0,$-49,$-5,$581,$-260,$0,$-18,$-30,$0,$-30,$31,$-277,$21,$0,$21,$-253,$-253,$-114,$-3,$-350,$-45,$11,$-114
3,2017-12-31,66.92,$24.00,2.79,$29.55,2.26,$6.34,10.56,$3.79,17.66,$1.44B,$2.64B,0.55,$7.48B,$7.96B,0.94,$10.04B,$3.83B,38.11%,$10.04B,$1.67B,16.61%,$10.04B,$1.67B,16.61%,$10.04B,$2.79B,27.73%,$10.04B,$1.28B,12.77%,$10.04B,$1.28B,12.74%,$1.28B,$7.96B,16.51%,$1.28B,$-3.69B,-34.63%,$1.28B,$21.15B,6.13%,$1.67B,$15.44B,11.05%,$2560,$1593,$967,$0,$274,$2153,$407,$-111,$296,$-369,$665,$665,$665,$694,$407,$337,339,$1.98,$1.96,$83,$0,$0,$1437,$7777,$0,$11651,$282,$19710,$21147,$2635,$7481,$2274,$10551,$13186,$4,$4153,$23,$7961,$21147,$1279,$1116,$-254,$863,$-119,$0,$0,$-134,$-231,$1911,$-984,$0,$-350,$0,$0,$0,$-50,$-1383,$517,$0,$517,$-574,$-574,$-441,$-15,$-512,$16,$35,$-441
4,2017-09-30,65.06,$22.88,2.84,$28.91,2.25,$6.30,10.32,$2.36,27.57,$1.40B,$2.59B,0.54,$7.15B,$7.67B,0.93,$9.86B,$3.77B,38.27%,$9.86B,$1.65B,16.76%,$9.86B,$1.65B,16.76%,$9.86B,$2.75B,27.87%,$9.86B,$1.28B,12.99%,$9.86B,$0.80B,8.15%,$0.80B,$7.67B,10.47%,$0.80B,$-3.71B,-21.82%,$0.80B,$20.95B,3.88%,$1.65B,$14.83B,10.97%,$2562,$1580,$982,$0,$267,$2114,$448,$-91,$357,$133,$223,$223,$223,$729,$448,$337,339,$0.66,$0.66,$64,$0,$0,$1397,$7750,$0,$11386,$416,$19552,$20949,$2592,$7152,$2263,$10683,$13274,$4,$3603,$15,$7674,$20949,$615,$829,$141,$970,$-149,$0,$0,$-84,$-203,$1382,$-765,$0,$-147,$-10,$9,$-0,$1,$-912,$189,$0,$189,$-327,$-327,$-325,$-6,$-468,$2,$27,$-325
5,2017-06-30,62.44,$22.75,2.74,$28.34,2.2,$6.31,9.9,$1.95,32.02,$1.29B,$2.54B,0.51,$7.08B,$7.67B,0.92,$9.71B,$3.73B,38.37%,$9.71B,$1.62B,16.72%,$9.71B,$1.62B,16.72%,$9.71B,$2.71B,27.90%,$9.71B,$1.05B,10.83%,$9.71B,$0.67B,6.87%,$0.67B,$7.67B,8.69%,$0.67B,$-3.70B,-18.09%,$0.67B,$20.76B,3.23%,$1.62B,$14.74B,10.67%,$2527,$1557,$969,$0,$263,$2101,$426,$-92,$333,$130,$203,$203,$203,$704,$426,$338,340,$0.60,$0.60,$36,$0,$0,$1293,$7690,$0,$11366,$413,$19468,$20761,$2543,$7076,$2247,$10553,$13096,$4,$3497,$11,$7665,$20761,$391,$548,$82,$630,$-92,$0,$0,$-59,$-142,$879,$-494,$0,$-96,$-7,$0,$-7,$7,$-591,$115,$0,$115,$-211,$-211,$-217,$-5,$-318,$-29,$18,$-217
6,2017-03-31,61.22,$22.69,2.7,$27.72,2.21,$6.15,9.95,$1.87,32.74,$1.23B,$1.78B,0.7,$7.66B,$7.69B,1.0,$9.53B,$3.67B,38.46%,$9.53B,$1.58B,16.58%,$9.53B,$1.58B,16.58%,$9.53B,$2.66B,27.87%,$9.53B,$1.01B,10.60%,$9.53B,$0.65B,6.77%,$0.65B,$7.69B,8.38%,$0.65B,$-3.67B,-17.60%,$0.65B,$20.60B,3.13%,$1.58B,$15.35B,10.29%,$2393,$1484,$909,$0,$254,$2005,$388,$-92,$296,$108,$188,$188,$188,$658,$388,$340,342,$0.55,$0.55,$33,$0,$0,$1234,$7593,$0,$11357,$411,$19361,$20596,$1777,$7664,$2251,$11133,$12910,$4,$3403,$14,$7686,$20596,$188,$270,$35,$305,$-26,$0,$0,$-4,$-49,$444,$-223,$0,$-69,$-3,$0,$-3,$3,$-291,$9,$0,$9,$-85,$-85,$-109,$-2,$-187,$-34,$10,$-109
7,2016-12-31,55.33,$22.67,2.44,$27.21,2.03,$5.97,9.26,$1.77,31.26,$1.29B,$1.81B,0.71,$7.65B,$7.69B,1.0,$9.39B,$3.62B,38.60%,$9.39B,$1.54B,16.38%,$9.39B,$1.54B,16.38%,$9.39B,$2.61B,27.78%,$9.39B,$0.97B,10.30%,$9.39B,$0.61B,6.54%,$0.61B,$7.69B,7.96%,$0.61B,$-3.65B,-16.82%,$0.61B,$20.63B,2.98%,$1.54B,$15.35B,10.02%,$2379,$1465,$914,$0,$250,$1987,$392,$-97,$295,$105,$190,$190,$190,$657,$392,$343,344,$0.56,$0.56,$68,$0,$0,$1285,$7589,$0,$11346,$411,$19345,$20630,$1812,$7653,$2261,$11124,$12936,$4,$3324,$14,$7694,$20630,$613,$1070,$370,$1440,$-52,$0,$0,$-143,$-205,$1848,$-918,$0,$-47,$0,$0,$0,$4,$-961,$103,$0,$103,$-354,$-354,$-419,$-181,$-851,$35,$23,$-419
8,2016-09-30,48.65,$22.42,2.17,$26.82,1.81,$5.42,8.97,$1.71,28.45,$1.30B,$1.82B,0.72,$7.74B,$7.64B,1.01,$9.30B,$3.60B,38.67%,$9.30B,$1.50B,16.13%,$9.30B,$1.50B,16.13%,$9.30B,$2.57B,27.63%,$9.30B,$0.93B,10.04%,$9.30B,$0.60B,6.41%,$0.60B,$7.64B,7.70%,$0.60B,$-3.72B,-16.37%,$0.60B,$20.66B,2.89%,$1.50B,$15.38B,9.78%,$2409,$1477,$933,$0,$235,$1991,$418,$-291,$127,$41,$86,$86,$86,$690,$418,$343,344,$0.25,$0.25,$55,$0,$0,$1302,$7616,$0,$11365,$380,$19360,$20662,$1818,$7740,$2268,$11202,$13020,$4,$3244,$-23,$7642,$20662,$424,$805,$350,$1155,$-71,$0,$0,$-129,$-219,$1360,$-731,$0,$-31,$0,$0,$0,$10,$-752,$179,$0,$179,$-271,$-271,$-310,$-183,$-585,$23,$18,$-310
9,2016-06-30,49.17,$22.64,2.17,$26.50,1.86,$5.34,9.21,$2.07,23.75,$1.26B,$1.85B,0.68,$7.61B,$7.76B,0.98,$9.23B,$3.62B,39.17%,$9.23B,$1.53B,16.52%,$9.23B,$1.53B,16.52%,$9.23B,$2.59B,28.04%,$9.23B,$1.16B,12.54%,$9.23B,$0.73B,7.85%,$0.73B,$7.76B,9.32%,$0.73B,$-3.61B,-20.10%,$0.73B,$20.65B,3.51%,$1.53B,$15.37B,9.94%,$2351,$1441,$910,$0,$244,$1969,$382,$-90,$292,$111,$181,$181,$181,$652,$382,$344,345,$0.53,$0.52,$42,$0,$0,$1259,$7634,$0,$11369,$383,$19386,$20645,$1848,$7608,$2291,$11040,$12887,$4,$3268,$-31,$7758,$20645,$338,$533,$78,$611,$-39,$0,$0,$-38,$-104,$844,$-507,$0,$-14,$0,$0,$0,$3,$-517,$60,$0,$60,$-169,$-169,$-207,$-1,$-318,$10,$12,$-207
10,2016-03-31,45.39,$22.54,2.01,$26.26,1.73,$5.52,8.22,$2.09,21.72,$1.18B,$1.81B,0.65,$7.56B,$7.77B,0.97,$9.19B,$3.60B,39.13%,$9.19B,$1.53B,16.66%,$9.19B,$1.53B,16.66%,$9.19B,$2.59B,28.19%,$9.19B,$1.17B,12.67%,$9.19B,$0.73B,7.98%,$0.73B,$7.77B,9.44%,$0.73B,$-3.61B,-20.35%,$0.73B,$20.54B,3.56%,$1.53B,$15.32B,10.00%,$2249,$1381,$867,$0,$241,$1903,$346,$-93,$253,$96,$157,$157,$157,$609,$346,$345,347,$0.45,$0.45,$33,$0,$0,$1183,$7612,$0,$11380,$364,$19356,$20539,$1810,$7555,$2279,$10963,$12773,$4,$3191,$-31,$7766,$20539,$157,$263,$32,$295,$23,$0,$0,$-3,$-20,$432,$-269,$0,$-6,$0,$0,$0,$4,$-270,$13,$0,$13,$-73,$-73,$-104,$3,$-160,$1,$7,$-104
11,2015-12-31,41.65,$22.50,1.85,$25.89,1.61,$5.70,7.3,$2.13,19.55,$1.23B,$1.84B,0.67,$7.53B,$7.78B,0.97,$9.11B,$3.60B,39.46%,$9.11B,$1.56B,17.11%,$9.11B,$1.56B,17.11%,$9.11B,$2.61B,28.63%,$9.11B,$1.20B,13.13%,$9.11B,$0.75B,8.22%,$0.75B,$7.78B,9.63%,$0.75B,$-3.62B,-20.76%,$0.75B,$20.54B,3.63%,$1.56B,$15.30B,10.17%,$2290,$1404,$887,$0,$264,$1936,$354,$-92,$262,$90,$172,$172,$172,$618,$354,$350,351,$0.49,$0.49,$32,$0,$0,$1230,$7553,$0,$11392,$361,$19306,$20536,$1835,$7527,$2265,$10925,$12759,$4,$3138,$-31,$7777,$20536,$750,$1050,$196,$1246,$-16,$0,$0,$-337,$-317,$1680,$-924,$0,$-573,$0,$0,$0,$14,$-1483,$501,$0,$501,$-339,$-339,$-399,$-2,$-240,$-43,$19,$-399
12,2015-09-30,38.48,$22.44,1.71,$25.60,1.5,$5.52,6.98,$1.78,21.62,$1.44B,$1.90B,0.76,$7.56B,$7.80B,0.97,$9.05B,$3.40B,37.55%,$9.05B,$1.37B,15.14%,$9.05B,$1.37B,15.14%,$9.05B,$2.41B,26.57%,$9.05B,$1.01B,11.20%,$9.05B,$0.63B,6.93%,$0.63B,$7.80B,8.07%,$0.63B,$-3.59B,-17.67%,$0.63B,$20.79B,3.05%,$1.37B,$15.36B,9.02%,$2344,$1390,$954,$0,$244,$1901,$443,$-92,$351,$136,$215,$215,$215,$710,$443,$349,350,$0.62,$0.61,$103,$0,$0,$1444,$7553,$0,$11387,$407,$19348,$20792,$1901,$7556,$2400,$11089,$12990,$4,$3070,$-27,$7802,$20792,$578,$786,$45,$831,$-40,$0,$0,$-56,$-84,$1325,$-715,$0,$-536,$0,$0,$0,$8,$-1243,$484,$0,$484,$-241,$-241,$-295,$-2,$-54,$27,$15,$-295
13,2015-06-30,36.32,$22.23,1.63,$25.24,1.44,$4.98,7.29,$1.69,21.49,$1.34B,$1.79B,0.75,$7.55B,$7.77B,0.97,$8.98B,$3.31B,36.89%,$8.98B,$1.31B,14.59%,$8.98B,$1.31B,14.59%,$8.98B,$2.33B,25.98%,$8.98B,$0.96B,10.67%,$8.98B,$0.60B,6.66%,$0.60B,$7.77B,7.66%,$0.60B,$-3.61B,-17.43%,$0.60B,$20.67B,2.94%,$1.31B,$15.31B,8.68%,$2311,$1420,$891,$0,$236,$1922,$389,$-91,$299,$108,$190,$190,$190,$655,$389,$351,352,$0.54,$0.54,$100,$0,$0,$1341,$7539,$0,$11375,$412,$19326,$20667,$1788,$7548,$2428,$11114,$12902,$4,$2960,$-22,$7765,$20667,$363,$519,$24,$542,$-14,$0,$0,$6,$-4,$901,$-491,$0,$-513,$0,$0,$0,$6,$-998,$488,$0,$488,$-167,$-167,$-197,$-2,$122,$25,$12,$-197
14,2015-03-31,37.34,$22.07,1.69,$24.91,1.5,$4.54,8.23,$1.65,22.63,$1.34B,$1.76B,0.77,$7.56B,$7.77B,0.97,$8.90B,$3.27B,36.80%,$8.90B,$1.30B,14.60%,$8.90B,$1.30B,14.60%,$8.90B,$2.31B,25.91%,$8.90B,$0.95B,10.68%,$8.90B,$0.59B,6.60%,$0.59B,$7.77B,7.50%,$0.59B,$-3.62B,-17.65%,$0.59B,$20.59B,2.91%,$1.30B,$15.32B,8.66%,$2169,$1304,$865,$0,$239,$1797,$373,$-88,$285,$112,$173,$173,$172,$626,$373,$353,355,$0.49,$0.49,$134,$0,$0,$1344,$7447,$0,$11385,$418,$19250,$20594,$1756,$7555,$2378,$11073,$12829,$4,$2868,$-28,$7765,$20594,$173,$253,$5,$258,$31,$0,$0,$68,$66,$496,$-266,$0,$-509,$3,$0,$3,$-1,$-773,$495,$0,$495,$-60,$-60,$-99,$-0,$336,$59,$7,$-99
15,2014-12-31,36.8,$21.97,1.68,$24.55,1.5,$4.40,8.36,$1.53,24.05,$1.39B,$1.83B,0.76,$7.05B,$7.75B,0.91,$8.80B,$3.16B,35.91%,$8.80B,$1.23B,14.00%,$8.80B,$1.23B,14.00%,$8.80B,$2.22B,25.20%,$8.80B,$0.89B,10.05%,$8.80B,$0.55B,6.23%,$0.55B,$7.75B,6.99%,$0.55B,$-3.38B,-17.01%,$0.55B,$20.09B,2.75%,$1.23B,$14.80B,8.28%,$2229,$1540,$689,$0,$255,$2063,$166,$-87,$79,$29,$51,$51,$50,$414,$166,$357,358,$0.15,$0.14,$75,$0,$0,$1391,$7165,$0,$11130,$408,$18703,$20094,$1826,$7051,$2320,$10520,$12346,$4,$2795,$-29,$7748,$20094,$548,$985,$293,$1278,$-54,$0,$0,$-245,$-296,$1530,$-827,$0,$-196,$0,$0,$0,$63,$-960,$-15,$0,$-15,$-312,$-312,$-379,$-2,$-708,$-138,$17,$-379
16,2014-09-30,35.43,$22.31,1.59,$24.22,1.46,$4.34,8.16,$2.04,17.37,$1.36B,$1.73B,0.79,$7.02B,$7.93B,0.89,$8.72B,$3.33B,38.21%,$8.72B,$1.47B,16.85%,$8.72B,$1.47B,16.85%,$8.72B,$2.45B,28.13%,$8.72B,$1.12B,12.84%,$8.72B,$0.74B,8.43%,$0.74B,$7.93B,9.33%,$0.74B,$-3.11B,-23.27%,$0.74B,$19.99B,3.69%,$1.47B,$14.95B,9.86%,$2268,$1401,$867,$0,$229,$1886,$382,$-87,$295,$110,$186,$186,$186,$638,$382,$356,358,$0.52,$0.52,$113,$0,$0,$1361,$7149,$0,$11040,$437,$18626,$19987,$1725,$7020,$2153,$10331,$12056,$4,$2844,$-2,$7931,$19987,$497,$737,$91,$828,$-78,$0,$0,$-144,$-224,$1102,$-669,$0,$-74,$0,$0,$0,$32,$-711,$-11,$0,$-11,$-198,$-198,$-279,$-3,$-491,$-100,$14,$-279
17,2014-06-30,34.23,$22.10,1.55,$23.85,1.44,$4.40,7.78,$1.99,17.2,$1.23B,$1.71B,0.72,$7.04B,$7.86B,0.9,$8.61B,$3.31B,38.44%,$8.61B,$1.44B,16.71%,$8.61B,$1.44B,16.71%,$8.61B,$2.41B,27.99%,$8.61B,$1.09B,12.62%,$8.61B,$0.72B,8.36%,$0.72B,$7.86B,9.19%,$0.72B,$-3.19B,-22.45%,$0.72B,$19.88B,3.62%,$1.44B,$14.90B,9.69%,$2229,$1377,$852,$0,$221,$1851,$378,$-88,$291,$112,$179,$179,$179,$628,$378,$356,358,$0.50,$0.50,$50,$0,$0,$1225,$7127,$0,$11044,$480,$18651,$19876,$1706,$7042,$2123,$10315,$12021,$4,$2758,$5,$7856,$19876,$312,$482,$51,$533,$-49,$0,$0,$-69,$-122,$722,$-466,$0,$-46,$0,$0,$0,$-10,$-523,$18,$0,$18,$-191,$-191,$-187,$-4,$-364,$-164,$11,$-187
18,2014-03-31,30.58,$21.91,1.4,$23.41,1.31,$4.53,6.76,$1.64,18.65,$1.31B,$1.70B,0.77,$7.01B,$7.83B,0.9,$8.50B,$3.16B,37.21%,$8.50B,$1.24B,14.62%,$8.50B,$1.24B,14.62%,$8.50B,$2.20B,25.89%,$8.50B,$0.89B,10.44%,$8.50B,$0.60B,7.03%,$0.60B,$7.83B,7.66%,$0.60B,$-3.20B,-18.42%,$0.60B,$19.84B,3.01%,$1.24B,$14.83B,8.39%,$2077,$1325,$753,$0,$214,$1771,$306,$-86,$220,$88,$133,$133,$133,$539,$306,$360,361,$0.37,$0.37,$176,$0,$0,$1307,$7053,$0,$11029,$453,$18536,$19843,$1697,$7008,$2146,$10320,$12018,$4,$2672,$1,$7825,$19843,$133,$233,$37,$270,$14,$0,$0,$2,$-6,$396,$-211,$0,$-6,$0,$0,$0,$7,$-210,$-14,$0,$-14,$-116,$-116,$-94,$0,$-224,$-38,$7,$-94
19,2013-12-31,29.5,$21.94,1.34,$23.14,1.27,$4.59,6.43,$1.61,18.32,$1.42B,$1.72B,0.83,$7.00B,$7.91B,0.89,$8.42B,$3.18B,37.82%,$8.42B,$1.21B,14.37%,$8.42B,$1.21B,14.37%,$8.42B,$2.16B,25.71%,$8.42B,$0.85B,10.10%,$8.42B,$0.59B,7.00%,$0.59B,$7.91B,7.58%,$0.59B,$-3.13B,-18.03%,$0.59B,$19.95B,2.98%,$1.21B,$14.91B,8.18%,$2142,$1284,$858,$0,$210,$1739,$403,$-89,$313,$77,$237,$237,$237,$648,$403,$362,363,$0.66,$0.66,$213,$0,$0,$1422,$7037,$0,$11040,$451,$18527,$19949,$1717,$7002,$2138,$10326,$12043,$4,$2633,$3,$7906,$19949,$589,$954,$262,$1216,$-62,$0,$0,$-233,$-257,$1548,$-857,$0,$-66,$0,$0,$0,$-11,$-934,$-59,$0,$-59,$-63,$-63,$-349,$2,$-469,$146,$19,$-349
20,2013-09-30,29.41,$21.50,1.37,$22.76,1.29,$4.42,6.65,$1.31,22.45,$1.29B,$1.77B,0.73,$7.02B,$7.74B,0.91,$8.30B,$3.07B,36.98%,$8.30B,$1.10B,13.20%,$8.30B,$1.10B,13.20%,$8.30B,$2.04B,24.57%,$8.30B,$0.74B,8.86%,$8.30B,$0.48B,5.77%,$0.48B,$7.74B,6.20%,$0.48B,$-3.30B,-14.44%,$0.48B,$19.83B,2.43%,$1.10B,$14.76B,7.43%,$2165,$1318,$848,$0,$210,$1813,$352,$-89,$263,$92,$171,$171,$171,$596,$352,$362,363,$0.47,$0.47,$97,$0,$0,$1290,$7047,$0,$11040,$449,$18536,$19826,$1769,$7024,$2138,$10317,$12087,$4,$2490,$-1,$7739,$19826,$352,$709,$105,$814,$-71,$0,$0,$24,$-29,$1137,$-677,$0,$-46,$0,$0,$0,$-14,$-737,$-42,$0,$-42,$-75,$-75,$-255,$2,$-371,$30,$16,$-255
21,2013-06-30,29.69,$21.31,1.39,$22.38,1.33,$4.17,7.12,$1.26,23.56,$1.27B,$1.75B,0.73,$7.01B,$7.71B,0.91,$8.19B,$2.99B,36.51%,$8.19B,$1.06B,12.97%,$8.19B,$1.06B,12.97%,$8.19B,$1.99B,24.25%,$8.19B,$0.70B,8.50%,$8.19B,$0.46B,5.63%,$0.46B,$7.71B,5.97%,$0.46B,$-3.32B,-13.88%,$0.46B,$19.77B,2.34%,$1.06B,$14.73B,7.20%,$2112,$1410,$702,$0,$228,$1931,$181,$-90,$91,$35,$56,$56,$56,$417,$181,$363,364,$0.16,$0.15,$97,$0,$0,$1269,$7018,$0,$11037,$450,$18505,$19774,$1751,$7013,$2125,$10310,$12061,$4,$2413,$-7,$7713,$19774,$181,$465,$85,$550,$-40,$0,$0,$30,$30,$762,$-454,$0,$-26,$0,$0,$0,$-22,$-502,$-49,$0,$-49,$-13,$-13,$-170,$1,$-231,$29,$12,$-170
22,2013-03-31,28.67,$21.40,1.34,$22.17,1.29,$4.02,7.14,$1.51,18.99,$1.22B,$1.68B,0.73,$7.01B,$7.73B,0.91,$8.14B,$3.11B,38.22%,$8.14B,$1.27B,15.59%,$8.14B,$1.27B,15.59%,$8.14B,$2.19B,26.92%,$8.14B,$0.78B,9.64%,$8.14B,$0.55B,6.81%,$0.55B,$7.73B,7.18%,$0.55B,$-3.31B,-16.61%,$0.55B,$19.64B,2.82%,$1.27B,$14.74B,8.59%,$1999,$1223,$776,$0,$207,$1724,$274,$-91,$183,$58,$125,$125,$125,$503,$274,$363,364,$0.34,$0.34,$130,$0,$0,$1223,$6947,$0,$11040,$429,$18416,$19639,$1675,$7008,$2013,$10229,$11905,$4,$2442,$-5,$7734,$19639,$125,$229,$14,$243,$19,$0,$0,$45,$52,$420,$-212,$0,$-9,$0,$0,$0,$-1,$-222,$-43,$0,$-43,$-7,$-7,$-85,$-1,$-136,$63,$8,$-85
23,2012-12-31,25.3,$21.34,1.19,$22.01,1.15,$3.62,6.99,$1.55,16.32,$1.23B,$1.70B,0.73,$7.05B,$7.71B,0.92,$8.12B,$3.11B,38.33%,$8.12B,$1.32B,16.27%,$8.12B,$1.32B,16.27%,$8.12B,$2.25B,27.68%,$8.12B,$0.82B,10.15%,$8.12B,$0.57B,7.05%,$0.57B,$7.71B,7.41%,$0.57B,$-3.34B,-17.16%,$0.57B,$19.62B,2.92%,$1.32B,$14.76B,8.96%,$2028,$1284,$745,$0,$207,$1740,$289,$-90,$199,$72,$127,$127,$127,$525,$289,$367,368,$0.34,$0.35,$68,$0,$0,$1231,$6910,$0,$11049,$427,$18386,$19617,$1695,$7051,$1932,$10216,$11911,$4,$2403,$-6,$7706,$19617,$572,$927,$361,$1288,$-37,$0,$0,$-260,$-346,$1514,$-875,$0,$-86,$0,$0,$0,$23,$-938,$51,$0,$51,$-255,$-255,$-329,$-42,$-575,$1,$21,$-329
24,2012-09-30,23.54,$21.23,1.11,$21.86,1.08,$4.17,5.64,$1.71,13.77,$1.27B,$1.70B,0.75,$7.06B,$7.74B,0.91,$8.12B,$3.19B,39.25%,$8.12B,$1.40B,17.24%,$8.12B,$1.40B,17.24%,$8.12B,$2.32B,28.63%,$8.12B,$0.88B,10.89%,$8.12B,$0.64B,7.84%,$0.64B,$7.74B,8.24%,$0.64B,$-3.31B,-19.04%,$0.64B,$19.63B,3.25%,$1.40B,$14.80B,9.52%,$2047,$1281,$766,$0,$194,$1729,$318,$-95,$223,$70,$153,$153,$153,$541,$318,$365,366,$0.42,$0.42,$74,$0,$0,$1270,$6903,$0,$11050,$411,$18364,$19634,$1699,$7060,$1968,$10194,$11893,$4,$2361,$-20,$7742,$19634,$445,$691,$172,$863,$-47,$0,$0,$-167,$-252,$1057,$-683,$0,$-64,$0,$0,$0,$54,$-692,$87,$0,$87,$-159,$-159,$-243,$-41,$-357,$8,$17,$-243
25,2012-06-30,22.45,$21.03,1.07,$21.92,1.02,$4.79,4.68,$1.81,12.4,$1.23B,$1.75B,0.7,$7.08B,$7.68B,0.92,$8.18B,$3.28B,40.02%,$8.18B,$1.49B,18.19%,$8.18B,$1.49B,18.19%,$8.18B,$2.43B,29.63%,$8.18B,$0.96B,11.69%,$8.18B,$0.68B,8.27%,$0.68B,$7.68B,8.81%,$0.68B,$-3.38B,-20.04%,$0.68B,$19.59B,3.47%,$1.49B,$14.76B,10.17%,$2061,$1239,$822,$0,$197,$1674,$387,$-208,$179,$29,$150,$150,$149,$622,$387,$368,369,$0.41,$0.40,$69,$0,$0,$1234,$6883,$0,$11066,$407,$18356,$19590,$1752,$7079,$1924,$10155,$11908,$4,$2295,$-32,$7683,$19590,$292,$468,$120,$588,$-31,$0,$0,$-126,$-185,$695,$-441,$0,$-62,$0,$0,$0,$50,$-453,$99,$0,$99,$-135,$-135,$-163,$-41,$-239,$3,$13,$-163
26,2012-03-31,25.7,$20.91,1.23,$21.82,1.18,$4.97,5.17,$1.53,16.8,$1.18B,$1.72B,0.69,$6.87B,$7.75B,0.89,$8.21B,$3.30B,40.22%,$8.21B,$1.50B,18.31%,$8.21B,$1.50B,18.31%,$8.21B,$2.43B,29.62%,$8.21B,$0.87B,10.58%,$8.21B,$0.58B,7.00%,$0.58B,$7.75B,7.49%,$0.58B,$-3.30B,-16.98%,$0.58B,$19.46B,2.94%,$1.50B,$14.62B,10.29%,$1982,$1203,$779,$0,$222,$1656,$327,$-104,$223,$80,$143,$143,$143,$560,$327,$371,372,$0.39,$0.38,$74,$0,$0,$1179,$6813,$0,$11051,$413,$18277,$19456,$1716,$6870,$1951,$9986,$11702,$4,$2226,$-17,$7754,$19456,$143,$233,$19,$252,$11,$0,$0,$-27,$-61,$334,$-269,$0,$-10,$0,$0,$0,$37,$-242,$-22,$0,$-22,$18,$18,$-81,$1,$-85,$7,$8,$-81
27,2011-12-31,23.0,$20.77,1.11,$21.62,1.06,$5.17,4.45,$1.56,14.75,$1.27B,$1.90B,0.67,$6.89B,$7.68B,0.9,$8.19B,$3.33B,40.62%,$8.19B,$1.55B,18.94%,$8.19B,$1.55B,18.94%,$8.19B,$2.47B,30.20%,$8.19B,$0.91B,11.06%,$8.19B,$0.59B,7.20%,$0.59B,$7.68B,7.67%,$0.59B,$-3.37B,-17.43%,$0.59B,$19.55B,3.02%,$1.55B,$14.57B,10.75%,$2025,$1208,$818,$0,$214,$1658,$367,$-108,$259,$68,$191,$191,$191,$600,$367,$376,378,$0.52,$0.51,$66,$0,$0,$1266,$6792,$0,$11057,$437,$18286,$19552,$1898,$6887,$1923,$9971,$11868,$4,$2165,$-22,$7683,$19552,$589,$922,$663,$1585,$-16,$0,$0,$-403,$-407,$1767,$-902,$0,$-28,$0,$0,$0,$-20,$-950,$37,$0,$37,$-420,$-420,$-309,$-146,$-839,$-22,$21,$-309
28,2011-09-30,23.25,$20.54,1.13,$21.50,1.08,$4.64,5.01,$1.43,16.26,$1.25B,$1.86B,0.68,$7.02B,$7.62B,0.92,$8.19B,$3.35B,40.86%,$8.19B,$1.57B,19.22%,$8.19B,$1.57B,19.22%,$8.19B,$2.49B,30.39%,$8.19B,$0.91B,11.09%,$8.19B,$0.55B,6.68%,$0.55B,$7.62B,7.07%,$0.55B,$-3.46B,-16.30%,$0.55B,$19.46B,2.81%,$1.57B,$14.64B,11.06%,$2116,$1260,$856,$0,$208,$1708,$409,$-113,$296,$102,$194,$194,$194,$643,$409,$373,375,$0.52,$0.52,$73,$0,$0,$1254,$6709,$0,$11074,$419,$18202,$19456,$1858,$7022,$1893,$9984,$11842,$4,$2055,$-2,$7615,$19456,$398,$688,$276,$964,$-81,$0,$0,$-1,$-75,$1287,$-673,$0,$-27,$12,$0,$12,$-2,$-689,$155,$0,$155,$-394,$-394,$-228,$-146,$-613,$-16,$16,$-228
29,2011-06-30,25.36,$20.36,1.25,$21.19,1.2,$4.06,6.25,$1.26,20.13,$1.48B,$2.20B,0.67,$6.91B,$7.67B,0.9,$8.14B,$3.33B,40.90%,$8.14B,$1.53B,18.86%,$8.14B,$1.53B,18.86%,$8.14B,$2.45B,30.06%,$8.14B,$0.84B,10.35%,$8.14B,$0.49B,5.99%,$0.49B,$7.67B,6.26%,$0.49B,$-3.41B,-14.67%,$0.49B,$19.68B,2.50%,$1.53B,$14.57B,10.98%,$2087,$1238,$849,$0,$200,$1685,$401,$-310,$91,$45,$46,$46,$47,$629,$401,$378,380,$0.12,$0.12,$321,$0,$0,$1480,$6703,$0,$11079,$420,$18202,$19682,$2204,$6908,$1928,$9811,$12015,$4,$1944,$4,$7667,$19682,$204,$454,$204,$658,$-48,$0,$0,$14,$-67,$796,$-465,$0,$-18,$0,$0,$0,$11,$-472,$436,$0,$436,$-232,$-232,$-153,$-143,$-91,$232,$12,$-153
30,2011-03-31,24.53,$20.56,1.19,$21.08,1.16,$3.77,6.51,$1.56,15.73,$1.21B,$2.37B,0.51,$6.19B,$7.80B,0.79,$8.11B,$3.33B,40.99%,$8.11B,$1.53B,18.91%,$8.11B,$1.53B,18.91%,$8.11B,$2.45B,30.21%,$8.11B,$1.02B,12.58%,$8.11B,$0.60B,7.39%,$0.60B,$7.80B,7.71%,$0.60B,$-3.30B,-18.04%,$0.60B,$19.40B,3.08%,$1.53B,$13.99B,11.07%,$1965,$1160,$805,$0,$204,$1589,$376,$-116,$260,$102,$158,$158,$158,$602,$376,$382,384,$0.41,$0.41,$68,$0,$0,$1210,$6694,$0,$11092,$401,$18186,$19397,$2371,$6192,$1984,$9228,$11599,$4,$1973,$18,$7798,$19397,$158,$226,$38,$263,$-11,$0,$0,$70,$13,$434,$-290,$0,$-12,$0,$0,$0,$8,$-294,$55,$0,$55,$-138,$-138,$-77,$-1,$-160,$-20,$8,$-77
31,2010-12-31,24.23,$20.46,1.18,$21.07,1.15,$3.65,6.64,$1.32,18.35,$1.25B,$2.68B,0.47,$5.87B,$7.85B,0.75,$8.11B,$3.34B,41.22%,$8.11B,$1.54B,18.98%,$8.11B,$1.54B,18.98%,$8.11B,$2.45B,30.26%,$8.11B,$0.88B,10.82%,$8.11B,$0.51B,6.25%,$0.51B,$7.85B,6.57%,$0.51B,$-3.26B,-14.92%,$0.51B,$19.46B,2.60%,$1.54B,$13.71B,11.06%,$2021,$1185,$836,$0,$228,$1631,$389,$-129,$261,$113,$148,$148,$148,$615,$389,$383,385,$0.38,$0.38,$88,$0,$0,$1246,$6699,$0,$11107,$411,$18216,$19462,$2677,$5865,$2027,$8937,$11613,$4,$1890,$22,$7849,$19462,$508,$914,$391,$1305,$9,$0,$0,$-353,$-379,$1434,$-757,$0,$1,$0,$0,$0,$66,$-691,$-397,$0,$-397,$43,$43,$-295,$-54,$-703,$40,$25,$-295
32,2010-09-30,24.57,$20.27,1.21,$21.07,1.17,$3.47,7.08,$1.03,23.86,$1.33B,$2.84B,0.47,$5.84B,$7.79B,0.75,$8.09B,$3.30B,40.87%,$8.09B,$1.48B,18.29%,$8.09B,$1.48B,18.29%,$8.09B,$2.40B,29.68%,$8.09B,$0.70B,8.62%,$8.09B,$0.40B,4.89%,$0.40B,$7.79B,5.16%,$0.40B,$-3.31B,-11.34%,$0.40B,$19.46B,2.02%,$1.48B,$13.62B,10.58%,$2062,$1225,$837,$0,$209,$1694,$368,$-138,$230,$95,$135,$135,$134,$599,$368,$384,386,$0.35,$0.35,$121,$0,$0,$1330,$6587,$0,$11098,$443,$18128,$19458,$2835,$5836,$2036,$8837,$11672,$4,$1820,$15,$7786,$19458,$360,$689,$275,$964,$-49,$0,$0,$-230,$-360,$964,$-554,$0,$29,$0,$0,$0,$32,$-492,$-194,$0,$-194,$66,$66,$-218,$-52,$-399,$73,$18,$-218
33,2010-06-30,23.8,$20.09,1.18,$21.17,1.12,$3.70,6.43,$1.00,23.8,$1.29B,$2.47B,0.52,$6.43B,$7.69B,0.84,$8.10B,$3.33B,41.16%,$8.10B,$1.50B,18.50%,$8.10B,$1.50B,18.50%,$8.10B,$2.43B,29.99%,$8.10B,$0.68B,8.39%,$8.10B,$0.38B,4.72%,$0.38B,$7.69B,5.03%,$0.38B,$-3.44B,-10.82%,$0.38B,$19.57B,1.96%,$1.50B,$14.11B,10.57%,$2066,$1218,$848,$0,$211,$1666,$401,$-131,$270,$110,$160,$160,$160,$635,$401,$383,385,$0.42,$0.42,$56,$0,$0,$1289,$6604,$315,$11127,$237,$18283,$19571,$2466,$6425,$2018,$9420,$11886,$4,$1762,$12,$7686,$19571,$225,$457,$129,$586,$-44,$0,$0,$-110,$-217,$595,$-373,$0,$-1,$0,$0,$0,$-76,$-450,$25,$0,$25,$33,$33,$-145,$-50,$-137,$8,$12,$-145
34,2010-03-31,23.09,$19.84,1.16,$21.23,1.09,$4.04,5.71,$1.17,19.73,$1.27B,$2.26B,0.56,$6.64B,$7.57B,0.88,$8.10B,$3.32B,41.05%,$8.10B,$1.62B,19.98%,$8.10B,$1.62B,19.98%,$8.10B,$2.55B,31.54%,$8.10B,$0.78B,9.65%,$8.10B,$0.45B,5.53%,$0.45B,$7.57B,5.94%,$0.45B,$-3.58B,-12.57%,$0.45B,$19.47B,2.30%,$1.62B,$14.21B,11.39%,$1958,$1137,$821,$0,$210,$1576,$381,$-265,$116,$51,$65,$65,$65,$605,$381,$381,383,$0.17,$0.17,$81,$0,$0,$1266,$6599,$222,$11149,$230,$18199,$19465,$2255,$6638,$2014,$9642,$11897,$4,$1676,$12,$7569,$19465,$65,$223,$115,$338,$12,$0,$0,$-17,$-104,$299,$-203,$0,$-1,$0,$0,$0,$19,$-184,$33,$0,$33,$9,$9,$-72,$-51,$-82,$33,$6,$-72
35,2009-12-31,22.38,$19.12,1.17,$21.55,1.04,$4.64,4.82,$1.30,17.21,$1.27B,$2.55B,0.5,$6.42B,$7.57B,0.85,$8.20B,$3.36B,40.91%,$8.20B,$1.59B,19.39%,$8.20B,$1.59B,19.39%,$8.20B,$2.55B,31.07%,$8.20B,$0.87B,10.55%,$8.20B,$0.50B,6.05%,$0.50B,$7.57B,6.63%,$0.50B,$-3.60B,-13.86%,$0.50B,$19.54B,2.53%,$1.59B,$13.99B,11.15%,$1999,$1201,$798,$0,$222,$1670,$329,$-249,$81,$45,$36,$36,$36,$562,$329,$380,381,$0.08,$0.09,$48,$0,$0,$1265,$6658,$0,$11167,$451,$18275,$19540,$2549,$6420,$1964,$9425,$11973,$4,$1683,$19,$7567,$19540,$497,$959,$193,$1152,$53,$0,$0,$-298,$-252,$1397,$-795,$0,$511,$0,$0,$0,$41,$-243,$-866,$0,$-866,$39,$39,$-288,$-59,$-1175,$-21,$15,$-288
36,2009-09-30,20.86,$19.90,1.05,$22.58,0.92,$3.74,5.58,$0.66,31.61,$1.40B,$2.10B,0.67,$6.81B,$7.56B,0.9,$7.45B,$2.94B,39.46%,$7.45B,$1.15B,15.43%,$7.45B,$1.15B,15.43%,$7.45B,$2.01B,27.02%,$7.45B,$0.61B,8.14%,$7.45B,$0.33B,4.41%,$0.33B,$7.56B,4.42%,$0.33B,$-3.50B,-9.04%,$0.33B,$19.53B,1.67%,$1.15B,$14.37B,7.98%,$2074,$1208,$866,$0,$225,$1687,$387,$-175,$212,$91,$121,$121,$121,$627,$387,$380,381,$0.32,$0.32,$107,$0,$0,$1404,$6586,$0,$11052,$489,$18126,$19530,$2098,$6813,$1741,$9878,$11976,$4,$1720,$-4,$7555,$19530,$461,$726,$61,$787,$1,$0,$0,$-172,$-235,$1012,$-520,$0,$473,$0,$0,$0,$27,$-19,$-730,$0,$-730,$17,$17,$-216,$-26,$-954,$39,$12,$-216
37,2009-06-30,19.03,$19.77,0.96,$21.66,0.88,$3.62,5.26,$0.82,23.21,$1.25B,$2.19B,0.57,$6.77B,$7.49B,0.9,$6.21B,$2.41B,38.79%,$6.21B,$0.93B,14.97%,$6.21B,$0.93B,14.97%,$6.21B,$1.63B,26.33%,$6.21B,$0.54B,8.69%,$6.21B,$0.30B,4.77%,$0.30B,$7.49B,5.06%,$0.30B,$-3.58B,-10.49%,$0.30B,$19.45B,1.85%,$0.93B,$14.26B,8.08%,$2066,$1227,$839,$0,$216,$1545,$521,$-149,$372,$146,$226,$226,$226,$761,$521,$379,380,$0.60,$0.59,$68,$0,$0,$1253,$6613,$0,$11069,$511,$18194,$19446,$2186,$6769,$1763,$9767,$11953,$4,$1672,$-1,$7494,$19446,$340,$486,$-22,$464,$25,$0,$0,$-73,$-116,$688,$-338,$0,$418,$0,$0,$0,$23,$103,$-654,$0,$-654,$6,$6,$-144,$1,$-791,$-1,$8,$-144
38,2009-03-31,13.27,$19.35,0.69,$20.73,0.64,$3.51,3.78,$0.57,23.27,$1.36B,$2.48B,0.55,$7.12B,$7.33B,0.97,$4.97B,$1.82B,36.60%,$4.97B,$0.49B,9.95%,$4.97B,$0.49B,9.95%,$4.97B,$1.04B,20.92%,$4.97B,$0.24B,4.73%,$4.97B,$0.11B,2.23%,$0.11B,$7.33B,2.58%,$0.11B,$-3.64B,-5.52%,$0.11B,$19.86B,0.91%,$0.49B,$14.45B,5.73%,$2061,$1209,$852,$0,$218,$1708,$353,$-153,$200,$87,$113,$113,$113,$598,$353,$379,380,$0.30,$0.30,$194,$0,$0,$1364,$6678,$263,$10966,$593,$18499,$19863,$2476,$7119,$1696,$10058,$12534,$4,$1518,$-6,$7329,$19863,$113,$245,$101,$347,$63,$0,$0,$-44,$53,$512,$-189,$0,$0,$19,$0,$19,$0,$-169,$-150,$0,$-150,$3,$3,$-72,$0,$-219,$125,$5,$-72
39,2008-12-31,18.96,$19.24,0.99,$19.51,0.97,$3.02,6.27,$0.68,27.89,$1.33B,$2.57B,0.52,$7.20B,$7.28B,0.99,$3.69B,$1.27B,34.44%,$3.69B,$0.28B,7.68%,$3.69B,$0.28B,7.68%,$3.69B,$0.66B,17.94%,$3.69B,$0.16B,4.31%,$3.69B,$0.07B,2.01%,$0.07B,$7.28B,2.66%,$0.07B,$-3.80B,-6.26%,$0.07B,$19.92B,0.88%,$0.28B,$14.48B,4.92%,$1244,$863,$381,$0,$183,$1356,$-112,$-66,$-178,$-46,$-132,$-132,$-132,$26,$-112,$197,198,$-0.74,$-0.74,$69,$0,$0,$1326,$6738,$0,$11086,$772,$18596,$19921,$2566,$7199,$1635,$10073,$12639,$4,$1477,$-3,$7283,$19921,$74,$378,$139,$517,$21,$0,$0,$65,$-79,$512,$-379,$0,$-551,$-5,$0,$-5,$-0,$-935,$713,$0,$713,$-114,$-114,$-128,$-1,$469,$47,$24,$-128
40,2008-09-30,22.75,$7.20,3.16,$17.39,1.31,$4.30,5.29,$1.67,13.62,$0.47B,$0.70B,0.68,$1.50B,$1.31B,1.14,$3.24B,$1.19B,36.67%,$3.24B,$0.54B,16.53%,$3.24B,$0.54B,16.53%,$3.24B,$0.85B,26.29%,$3.24B,$0.47B,14.46%,$3.24B,$0.29B,8.90%,$0.29B,$1.31B,22.40%,$0.29B,$-0.28B,-95.76%,$0.29B,$4.61B,6.34%,$0.54B,$2.81B,18.75%,$834,$500,$335,$0,$86,$667,$167,$-22,$145,$57,$89,$89,$89,$249,$167,$182,184,$0.49,$0.48,$40,$0,$0,$474,$2195,$0,$1587,$350,$4132,$4607,$698,$1497,$580,$2597,$3295,$2,$1681,$12,$1312,$4607,$206,$240,$43,$284,$-34,$0,$0,$12,$-15,$474,$-258,$0,$-13,$-6,$0,$-6,$-0,$-278,$30,$0,$30,$-118,$-118,$-94,$4,$-178,$18,$10,$-94
41,2008-06-30,22.4,$6.94,3.23,$17.11,1.31,$4.50,4.98,$1.54,14.54,$0.46B,$0.68B,0.68,$1.52B,$1.26B,1.2,$3.21B,$1.14B,35.46%,$3.21B,$0.50B,15.46%,$3.21B,$0.50B,15.46%,$3.21B,$0.81B,25.33%,$3.21B,$0.43B,13.46%,$3.21B,$0.27B,8.29%,$0.27B,$1.26B,20.71%,$0.27B,$-0.33B,-88.01%,$0.27B,$4.55B,5.90%,$0.50B,$2.78B,17.16%,$828,$578,$250,$0,$84,$742,$86,$-18,$68,$27,$41,$41,$41,$166,$86,$182,184,$0.22,$0.22,$13,$0,$0,$463,$2168,$0,$1587,$330,$4084,$4548,$679,$1515,$575,$2607,$3286,$2,$1627,$25,$1262,$4548,$117,$159,$27,$186,$-24,$0,$0,$43,$9,$312,$-162,$0,$-12,$0,$0,$0,$-13,$-187,$51,$0,$51,$-124,$-124,$-63,$3,$-133,$-9,$7,$-63
42,2008-03-31,21.92,$6.92,3.17,$16.76,1.31,$4.71,4.66,$1.65,13.29,$0.46B,$0.57B,0.8,$1.69B,$1.26B,1.34,$3.19B,$1.20B,37.60%,$3.19B,$0.56B,17.65%,$3.19B,$0.56B,17.65%,$3.19B,$0.88B,27.63%,$3.19B,$0.50B,15.62%,$3.19B,$0.31B,9.78%,$0.31B,$1.26B,23.71%,$0.31B,$-0.32B,-115.02%,$0.31B,$4.53B,6.97%,$0.56B,$2.96B,19.30%,$779,$477,$303,$0,$83,$637,$142,$-18,$124,$48,$76,$76,$76,$220,$142,$183,185,$0.41,$0.41,$50,$0,$0,$456,$2149,$0,$1588,$342,$4078,$4534,$572,$1693,$505,$2698,$3270,$2,$1617,$11,$1264,$4534,$76,$78,$16,$94,$-9,$0,$0,$25,$-22,$148,$-81,$0,$-12,$-25,$0,$-25,$0,$-117,$121,$0,$121,$-93,$-93,$-32,$1,$-2,$29,$4,$-32
43,2007-12-31,23.37,$7.03,3.32,$16.46,1.42,$4.63,5.05,$1.52,15.37,$0.41B,$0.63B,0.66,$1.57B,$1.30B,1.2,$3.18B,$1.17B,36.93%,$3.18B,$0.54B,16.88%,$3.18B,$0.54B,16.88%,$3.18B,$0.86B,27.05%,$3.18B,$0.47B,14.74%,$3.18B,$0.29B,9.13%,$0.29B,$1.30B,21.48%,$0.29B,$-0.28B,-121.72%,$0.29B,$4.47B,6.52%,$0.54B,$2.87B,18.38%,$796,$497,$299,$0,$83,$656,$140,$-9,$131,$49,$82,$82,$82,$216,$140,$190,192,$0.44,$0.43,$22,$0,$0,$414,$2164,$0,$1582,$308,$4054,$4468,$629,$1566,$480,$2535,$3164,$2,$1572,$9,$1304,$4468,$290,$323,$38,$361,$-14,$0,$0,$21,$10,$661,$-286,$0,$38,$0,$0,$0,$-12,$-260,$11,$0,$11,$-332,$-332,$-94,$6,$-408,$-7,$11,$-94
44,2007-09-30,24.25,$6.99,3.47,$16.14,1.5,$3.69,6.57,$1.42,17.08,$0.43B,$0.56B,0.78,$1.65B,$1.31B,1.27,$3.15B,$1.16B,36.81%,$3.15B,$0.53B,16.72%,$3.15B,$0.53B,16.72%,$3.15B,$0.85B,26.95%,$3.15B,$0.45B,14.18%,$3.15B,$0.28B,8.74%,$0.28B,$1.31B,19.93%,$0.28B,$-0.28B,-129.87%,$0.28B,$4.50B,6.20%,$0.53B,$2.96B,17.89%,$806,$520,$286,$0,$75,$678,$128,$-19,$109,$42,$67,$67,$67,$211,$128,$188,190,$0.36,$0.35,$23,$0,$0,$433,$2137,$0,$1589,$339,$4065,$4498,$557,$1654,$499,$2634,$3191,$2,$1522,$5,$1307,$4498,$208,$247,$35,$281,$-28,$0,$0,$46,$-19,$471,$-211,$0,$3,$0,$0,$0,$-49,$-257,$105,$0,$105,$-268,$-268,$-62,$4,$-220,$-7,$8,$-62
45,2007-06-30,22.6,$7.27,3.11,$15.86,1.43,$2.71,8.35,$1.46,15.51,$0.42B,$0.57B,0.74,$1.50B,$1.39B,1.08,$3.13B,$1.17B,37.29%,$3.13B,$0.53B,16.98%,$3.13B,$0.53B,16.98%,$3.13B,$0.85B,27.21%,$3.13B,$0.45B,14.49%,$3.13B,$0.29B,9.11%,$0.29B,$1.39B,20.19%,$0.29B,$-0.20B,-159.22%,$0.29B,$4.42B,6.42%,$0.53B,$2.88B,17.85%,$808,$498,$311,$0,$76,$655,$153,$-19,$134,$47,$87,$87,$87,$234,$153,$193,195,$0.45,$0.45,$26,$0,$0,$424,$2136,$0,$1589,$268,$3993,$4416,$572,$1496,$493,$2456,$3028,$2,$1487,$5,$1388,$4416,$141,$164,$15,$179,$-18,$0,$0,$27,$24,$344,$-145,$0,$5,$0,$0,$0,$24,$-116,$-47,$0,$-47,$-146,$-146,$-42,$3,$-231,$-3,$6,$-42
46,2007-03-31,20.45,$7.24,2.82,$15.56,1.31,$1.57,13.02,$1.35,15.11,$0.41B,$0.54B,0.76,$1.55B,$1.40B,1.11,$3.10B,$1.14B,36.85%,$3.10B,$0.51B,16.52%,$3.10B,$0.51B,16.52%,$3.10B,$0.83B,26.75%,$3.10B,$0.43B,13.97%,$3.10B,$0.27B,8.68%,$0.27B,$1.40B,18.81%,$0.27B,$-0.19B,-168.13%,$0.27B,$4.41B,6.04%,$0.51B,$2.95B,16.87%,$766,$488,$277,$0,$79,$651,$115,$-20,$94,$41,$54,$54,$54,$198,$115,$194,196,$0.28,$0.28,$20,$0,$0,$409,$2141,$0,$1592,$269,$4002,$4411,$535,$1550,$459,$2475,$3010,$2,$1420,$4,$1401,$4411,$54,$83,$16,$99,$-5,$0,$0,$19,$-14,$139,$-83,$0,$0,$0,$0,$0,$11,$-72,$4,$0,$4,$-60,$-60,$-21,$1,$-77,$-9,$3,$-21
47,2006-12-31,19.85,$7.34,2.7,$15.24,1.3,$0.90,22.08,$1.38,14.38,$0.39B,$0.60B,0.65,$1.55B,$1.42B,1.09,$3.07B,$1.15B,37.32%,$3.07B,$0.52B,16.90%,$3.07B,$0.52B,16.90%,$3.07B,$0.83B,27.03%,$3.07B,$0.44B,14.43%,$3.07B,$0.28B,9.12%,$0.28B,$1.42B,19.00%,$0.28B,$-0.17B,-242.42%,$0.28B,$4.43B,6.26%,$0.52B,$2.97B,16.93%,$766,$482,$284,$0,$79,$637,$130,$-21,$109,$42,$67,$67,$67,$205,$130,$198,201,$0.35,$0.34,$29,$0,$0,$393,$2164,$0,$1594,$278,$4036,$4429,$602,$1545,$441,$2405,$3007,$2,$1603,$1,$1422,$4429,$280,$312,$51,$362,$-22,$0,$0,$-102,$-131,$511,$-308,$0,$2,$0,$0,$0,$102,$-205,$72,$0,$72,$-417,$-417,$-79,$14,$-409,$-103,$9,$-79
