,Date,Stock Price,Book Value per Share,Price to Book Ratio,TTM Sales per Share,Price to Sales Ratio,TTM FCF per Share,Price to FCF Ratio,TTM Net EPS,PE Ratio,Current Assets,Current Liabilities,Current Ratio,Long Term Debt,Shareholder's Equity_x,Debt to Equity Ratio,TTM Revenue_x,TTM Gross Profit,Gross Margin,TTM Revenue_y,TTM Operating Income,Operating Margin,TTM Revenue_x,TTM EBIT,EBIT Margin,TTM Revenue_y,TTM EBITDA,EBITDA Margin,TTM Revenue_x,TTM Pre-Tax Income,Pre-Tax Margin,TTM Revenue_y,TTM Net Income_x,Net Margin,TTM Net Income_y,Shareholder's Equity_y,Return on Equity,TTM Net Income_x,Tangible Equity,Return on Tangible Equity,TTM Net Income_y,Total Assets,Return on Assets,TTM Net Income,LT Investments & Debt,Return on Investment,revenue,cost-goods-sold,gross-profit,research-development-expenses,selling-general-administrative-expenses,operating-expenses,operating-income,total-non-operating-income-expense,pre-tax-income,total-provision-income-taxes,income-after-taxes,income-from-continuous-operations,net-income,ebitda,ebit,basic-shares-outstanding,shares-outstanding,eps-basic-net-earnings-per-share,eps-earnings-per-share-diluted,cash-on-hand,inventory,other-current-assets,total-current-assets,net-property-plant-equipment,long-term-investments,goodwill-intangible-assets-total,other-long-term-assets,total-long-term-assets,total-assets,total-current-liabilities,long-term-debt,other-non-current-liabilities,total-long-term-liabilities,total-liabilities,common-stock-net,retained-earnings-accumulated-deficit,comprehensive-income,total-share-holder-equity,total-liabilities-share-holders-equity,net-income-loss,total-depreciation-amortization-cash-flow,other-non-cash-items,total-non-cash-items,change-in-accounts-receivable,change-in-inventories,change-in-accounts-payable,change-in-assets-liabilities,total-change-in-assets-liabilities,cash-flow-from-operating-activities,net-change-in-property-plant-equipment,net-change-in-intangible-assets,net-acquisitions-divestitures,net-change-in-short-term-investments,net-change-in-long-term-investments,net-change-in-investments-total,investing-activities-other,cash-flow-from-investing-activities,net-long-term-debt,net-current-debt,debt-issuance-retirement-net-total,net-common-equity-issued-repurchased,net-total-equity-issued-repurchased,total-common-preferred-stock-dividends-paid,financial-activities-other,cash-flow-from-financial-activities,net-cash-flow,stock-based-compensation,common-stock-dividends-paid
0,2018-09-30,0.04,$60.13,0.0,$257.33,0.0,$-6416.20,0.0,$-3714.63,0.0,$0.00B,$0.01B,0.3,$0.00B,$0.04B,0.0,$0.00B,0,0.00%,$0.00B,$-0.07B,-2300.00%,$0.00B,$-0.07B,-2300.00%,$0.00B,$-0.04B,-1266.67%,$0.00B,$-0.07B,-2300.00%,$0.00B,$-0.07B,-2233.33%,$-0.07B,$0.04B,-123.50%,$-0.07B,$-0.01B,1488.89%,$-0.07B,$0.05B,-100.75%,$-0.07B,$0.04B,-127.19%,$0,$0,$0,$1,$6,$8,$-8,$0,$-8,$-1,$-7,$-7,$-7,$-7,$-8,$0,0,$-27.46,$-27.46,$0,$1,$0,$3,$0,$0,$44,$0,$44,$47,$9,$0,$0,$2,$11,$0,$-392,$0,$36,$47,$-53,$29,$-1,$29,$-0,$2,$3,$1,$4,$-20,$-0,$0,$0,$0,$0,$0,$0,$-0,$0,$0,$0,$7,$13,$0,$-2,$11,$-10,$2,$0
1,2018-06-30,2.3,$1547.69,0.0,$335.98,0.01,$-9849.23,0.0,$-5952.94,0.0,$0.01B,$0.01B,0.61,$0.00B,$0.04B,0.0,$0.00B,0,0.00%,$0.00B,$-0.07B,-2233.33%,$0.00B,$-0.07B,-2233.33%,$0.00B,$-0.04B,-1200.00%,$0.00B,$-0.07B,-2366.67%,$0.00B,$-0.07B,-2333.33%,$-0.07B,$0.04B,-120.69%,$-0.07B,$-0.01B,-2153.85%,$-0.07B,$0.05B,-102.19%,$-0.07B,$0.04B,-115.52%,$1,$1,$0,$2,$7,$37,$-36,$-0,$-36,$-1,$-35,$-35,$-39,$-8,$-36,$0,0,$-2254.29,$-2254.29,$2,$2,$0,$5,$0,$0,$45,$0,$45,$51,$9,$0,$0,$3,$11,$0,$-385,$0,$39,$51,$-46,$29,$-1,$28,$0,$1,$3,$0,$3,$-16,$-0,$0,$0,$0,$0,$0,$0,$-0,$0,$0,$0,$3,$9,$0,$-1,$8,$-8,$2,$0
2,2018-03-31,21.75,$4537.11,0.0,$324.81,0.07,$-11819.35,0.0,$-5870.27,0.0,$0.01B,$0.01B,0.61,$0.00B,$0.07B,0.0,$0.00B,0,0.00%,$0.00B,$-0.04B,-1900.00%,$0.00B,$-0.04B,-1900.00%,$0.00B,$-0.04B,-1750.00%,$0.00B,$-0.04B,-2100.00%,$0.00B,$-0.04B,-1900.00%,$-0.04B,$0.07B,-65.80%,$-0.04B,$-0.01B,-524.14%,$-0.04B,$0.08B,-57.14%,$-0.04B,$0.07B,-65.80%,$1,$1,$0,$3,$10,$14,$-13,$-0,$-13,$-1,$-11,$-11,$-11,$-12,$-13,$0,0,$-767.59,$-767.59,$1,$3,$0,$5,$0,$0,$73,$0,$73,$79,$9,$0,$0,$4,$13,$0,$-346,$0,$66,$79,$-11,$1,$-1,$0,$-0,$0,$2,$1,$2,$-9,$0,$0,$0,$0,$0,$0,$0,$0,$0,$0,$0,$0,$0,$0,$0,$0,$-9,$1,$0
3,2017-12-31,22.2,$5180.22,0.0,$274.11,0.08,$-12813.46,0.0,$-7791.77,0.0,$0.01B,$0.01B,1.98,$0.00B,$0.08B,0.0,$0.00B,0,0.00%,$0.00B,$-0.03B,-3200.00%,$0.00B,$-0.03B,-3200.00%,$0.00B,$-0.03B,-3000.00%,$0.00B,$-0.04B,-3600.00%,$0.00B,$-0.03B,-3400.00%,$-0.03B,$0.08B,-74.32%,$-0.03B,$0.00B,-251.85%,$-0.03B,$0.09B,-65.07%,$-0.03B,$0.08B,-69.95%,$1,$1,$0,$2,$10,$13,$-12,$-0,$-12,$0,$-10,$-10,$-10,$-11,$-12,$0,0,$332.22,$332.22,$10,$3,$0,$14,$0,$0,$73,$1,$75,$89,$7,$0,$0,$5,$12,$0,$-335,$0,$76,$89,$-34,$1,$7,$8,$0,$0,$-0,$0,$1,$-25,$-0,$0,$-6,$0,$0,$0,$0,$-6,$0,$0,$0,$10,$42,$0,$-5,$38,$7,$4,$0
4,2017-09-30,26.48,$8914.99,0.0,$594.41,0.04,$-8063.74,0.0,$-12437.32,0.0,$0.03B,$0.00B,6.19,$0.00B,$0.05B,0.0,$0.00B,0,nan%,$0.00B,$-0.02B,inf%,$0.00B,$-0.02B,inf%,$0.00B,$-0.02B,inf%,$0.00B,$-0.03B,inf%,$0.00B,$-0.03B,inf%,$-0.03B,$0.05B,-101.82%,$-0.03B,$0.02B,-207.41%,$-0.03B,$0.06B,-88.19%,$-0.02B,$0.05B,-87.27%,$0,$0,$0,$1,$5,$6,$-6,$-4,$-10,$0,$-10,$-10,$-10,$-5,$-6,$0,0,$-2215.89,$-2215.89,$23,$2,$0,$26,$0,$0,$28,$1,$30,$55,$4,$0,$0,$0,$4,$0,$-325,$0,$51,$55,$-24,$0,$8,$8,$-0,$-0,$-1,$1,$0,$-16,$-0,$0,$-2,$0,$0,$0,$0,$-2,$0,$0,$0,$10,$42,$0,$-5,$38,$20,$3,$0
5,2017-06-30,74.7,$9769.12,0.01,$1503.75,0.05,$-4583.15,0.0,$-35302.25,0.0,$0.01B,$0.01B,2.94,$0.00B,$0.04B,0.0,$0.00B,0,nan%,$0.00B,$-0.02B,inf%,$0.00B,$-0.02B,inf%,$0.00B,$-0.02B,inf%,$0.00B,$-0.03B,inf%,$0.00B,$-0.03B,inf%,$-0.03B,$0.04B,-166.67%,$-0.03B,$0.01B,-312.50%,$-0.03B,$0.04B,-120.48%,$-0.02B,$0.04B,-144.26%,$0,$0,$0,$1,$6,$7,$-7,$0,$-7,$0,$-7,$-7,$-7,$-7,$-7,$0,0,$-1954.29,$-1954.29,$11,$1,$0,$13,$0,$0,$28,$1,$29,$43,$5,$0,$0,$0,$5,$0,$-315,$0,$38,$43,$-14,$0,$3,$3,$0,$0,$-0,$0,$1,$-10,$-0,$0,$-2,$0,$0,$0,$0,$-2,$0,$0,$0,$10,$22,$0,$-3,$20,$8,$3,$0
6,2017-03-31,86.4,$5539.81,0.02,$4237.15,0.02,$-1785.41,0.0,$-105736.90,0.0,$0.02B,$0.00B,5.61,$0.00B,$0.02B,0.0,$0.00B,0,nan%,$0.00B,$-0.02B,inf%,$0.00B,$-0.02B,inf%,$0.00B,$-0.02B,inf%,$0.00B,$-0.02B,inf%,$0.00B,$-0.02B,inf%,$-0.02B,$0.02B,-511.11%,$-0.02B,$0.02B,-511.11%,$-0.02B,$0.02B,-167.27%,$-0.02B,$0.02B,-325.93%,$0,$0,$0,$1,$6,$7,$-7,$-0,$-7,$0,$-7,$-7,$-7,$-7,$-7,$0,0,$-2707.89,$-2707.89,$19,$2,$0,$21,$0,$0,$0,$1,$1,$22,$4,$0,$0,$0,$4,$0,$-308,$0,$18,$22,$-7,$0,$3,$3,$0,$0,$-1,$1,$0,$-4,$0,$0,$0,$0,$0,$0,$0,$0,$0,$0,$0,$10,$22,$0,$-3,$20,$15,$2,$0
7,2016-12-31,30.0,$1.07,27.91,$4942.33,0.01,$-211.01,0.0,$-241861.01,0.0,$0.01B,$0.00B,1.41,$0.00B,$0.00B,0.0,$0.00B,0,nan%,$0.00B,$-0.02B,inf%,$0.00B,$-0.02B,inf%,$0.00B,$-0.02B,inf%,$0.00B,$-0.02B,inf%,$0.00B,$-0.02B,inf%,$-0.02B,$0.00B,9200.00%,$-0.02B,$0.00B,9200.00%,$-0.02B,$0.01B,-191.67%,$-0.02B,$0.00B,-707.69%,$0,$0,$0,$1,$3,$4,$-4,$-0,$-4,$0,$-4,$-4,$-4,$-4,$-4,$0,0,$158507.50,$158507.50,$3,$2,$0,$6,$0,$0,$0,$1,$1,$7,$4,$0,$0,$0,$4,$0,$-301,$0,$3,$7,$-23,$2,$-1,$1,$-0,$-0,$1,$-0,$2,$-21,$-0,$0,$0,$0,$0,$0,$0,$-0,$0,$17,$17,$0,$0,$0,$-1,$16,$-5,$2,$0
8,2016-09-30,141.75,$0.02,9145.17,$4469.33,0.03,$-443.54,0.0,$-376547.64,0.0,$0.01B,$0.01B,1.2,$0.00B,$0.00B,1.07,$0.00B,0,nan%,$0.00B,$-0.03B,inf%,$0.00B,$-0.03B,inf%,$0.00B,$-0.02B,inf%,$0.00B,$-0.03B,inf%,$0.00B,$-0.03B,inf%,$-0.03B,$0.00B,inf%,$-0.03B,$0.00B,inf%,$-0.03B,$0.01B,-196.23%,$-0.03B,$0.00B,-771.43%,$0,$0,$0,$1,$3,$5,$-4,$-2,$-7,$0,$-7,$-7,$-7,$-4,$-4,$0,0,$-25095.95,$-25095.95,$7,$2,$0,$10,$0,$0,$0,$1,$1,$11,$8,$1,$0,$1,$9,$1,$-297,$0,$1,$11,$-19,$2,$-1,$1,$-0,$-0,$1,$0,$1,$-17,$-0,$0,$0,$0,$0,$0,$0,$-0,$0,$17,$17,$0,$0,$0,$-1,$16,$-1,$2,$0
9,2016-06-30,304.5,$-0.27,-1115.39,$3480.01,0.09,$-415.08,0.0,$-439999.61,0.0,$0.01B,$0.01B,1.37,$0.01B,$-0.00B,-2.17,$0.00B,0,nan%,$0.00B,$-0.03B,inf%,$0.00B,$-0.03B,inf%,$0.00B,$-0.03B,inf%,$0.00B,$-0.02B,inf%,$0.00B,$-0.02B,inf%,$-0.02B,$-0.00B,-1314.29%,$-0.02B,$-0.00B,-1314.29%,$-0.02B,$0.02B,-161.40%,$-0.03B,$0.00B,-580.00%,$0,$0,$0,$1,$6,$7,$-7,$2,$-5,$0,$-5,$-5,$-5,$-6,$-7,$0,0,$-72409.38,$-72409.38,$12,$2,$0,$14,$0,$0,$0,$1,$1,$15,$10,$8,$0,$8,$19,$0,$-290,$0,$-4,$15,$-12,$1,$-2,$-1,$-0,$-0,$0,$0,$1,$-12,$-0,$0,$0,$0,$0,$0,$0,$-0,$0,$17,$17,$0,$0,$0,$-1,$16,$4,$2,$0
10,2016-03-31,1015.35,$-0.15,-6851.22,$720.03,1.41,$-332.28,0.0,$-589031.41,0.0,$0.01B,$0.01B,1.49,$0.01B,$-0.00B,-4.06,$0.00B,0,nan%,$0.00B,$-0.03B,inf%,$0.00B,$-0.03B,inf%,$0.00B,$-0.03B,inf%,$0.00B,$-0.03B,inf%,$0.00B,$-0.03B,inf%,$-0.03B,$-0.00B,-833.33%,$-0.03B,$-0.00B,-833.33%,$-0.03B,$0.02B,-200.00%,$-0.03B,$0.00B,-682.35%,$0,$0,$0,$1,$6,$8,$-8,$0,$-7,$0,$-7,$-7,$-7,$-7,$-8,$0,0,$-141023.50,$-141023.50,$11,$2,$0,$14,$0,$0,$0,$1,$1,$15,$9,$5,$2,$7,$16,$0,$-285,$0,$-1,$15,$-7,$1,$-0,$1,$0,$-0,$0,$-0,$-0,$-7,$-0,$0,$0,$0,$0,$0,$0,$-0,$0,$11,$11,$0,$0,$0,$-0,$10,$3,$1,$0
11,2015-12-31,2049.08,$35.90,57.07,$0.03,81441.99,$-271.69,0.0,$-671613.61,0.0,$0.01B,$0.00B,2.34,$0.00B,$0.00B,0.15,$0.00B,0,nan%,$0.00B,$-0.03B,inf%,$0.00B,$-0.03B,inf%,$0.00B,$-0.03B,inf%,$0.00B,$-0.03B,inf%,$0.00B,$-0.03B,inf%,$-0.03B,$0.00B,-500.00%,$-0.03B,$0.00B,-500.00%,$-0.03B,$0.01B,-204.08%,$-0.03B,$0.00B,-560.00%,$0,$0,$0,$2,$6,$8,$-8,$1,$-7,$0,$-7,$-7,$-7,$-7,$-8,$0,0,$-637459.10,$-637459.10,$8,$2,$0,$11,$0,$0,$0,$1,$1,$12,$4,$1,$3,$3,$8,$0,$-278,$0,$4,$12,$-25,$1,$4,$5,$-0,$-1,$-0,$-0,$-2,$-23,$-0,$0,$0,$0,$0,$0,$0,$-0,$0,$-2,$-2,$23,$23,$0,$-2,$19,$-4,$7,$0
12,2015-09-30,4095.0,$0.07,56250.0,$0.03,162758.78,$-307.49,0.0,$-730580.31,0.0,$0.01B,$0.00B,3.78,$0.00B,$0.01B,0.0,$0.00B,0,nan%,$0.00B,$-0.03B,inf%,$0.00B,$-0.03B,inf%,$0.00B,$-0.03B,inf%,$0.00B,$-0.02B,inf%,$0.00B,$-0.02B,inf%,$-0.02B,$0.01B,-417.39%,$-0.02B,$0.01B,-417.39%,$-0.02B,$0.02B,-188.24%,$-0.03B,$0.01B,-452.17%,$0,$0,$0,$2,$4,$6,$-6,$2,$-4,$0,$-4,$-4,$-4,$-5,$-6,$7,7,$-0.60,$-0.60,$12,$1,$0,$14,$0,$0,$0,$1,$1,$15,$4,$0,$4,$4,$7,$1,$-271,$0,$8,$15,$-19,$1,$2,$3,$-0,$-0,$-0,$0,$-1,$-17,$-0,$0,$0,$0,$0,$0,$0,$-0,$0,$-3,$-3,$23,$23,$0,$-2,$18,$1,$4,$0
13,2015-06-30,9765.0,$0.02,508593.75,$0.02,613130.76,$-305.22,0.0,$-819135.50,0.0,$0.01B,$0.01B,1.01,$0.00B,$0.00B,0.0,$0.00B,0,nan%,$0.00B,$-0.03B,inf%,$0.00B,$-0.03B,inf%,$0.00B,$-0.03B,inf%,$0.00B,$-0.03B,inf%,$0.00B,$-0.03B,inf%,$-0.03B,$0.00B,-416.00%,$-0.03B,$0.00B,-416.00%,$-0.03B,$0.01B,-189.09%,$-0.03B,$0.00B,-416.00%,$0,$0,$0,$2,$5,$7,$-7,$-0,$-7,$0,$-7,$-7,$-7,$-7,$-7,$5,5,$-1.49,$-1.49,$5,$1,$0,$7,$0,$0,$0,$1,$1,$8,$6,$0,$0,$0,$6,$1,$-267,$0,$1,$8,$-15,$0,$3,$3,$-0,$-0,$0,$-0,$0,$-11,$-0,$0,$0,$0,$0,$0,$0,$-0,$0,$-2,$-2,$7,$7,$0,$-0,$4,$-7,$3,$0
14,2015-03-31,14411.25,$0.10,146604.78,0,0.0,$-303.10,0.0,$-841274.30,0.0,$0.01B,$0.01B,1.86,$0.00B,$0.01B,0.0,$0.00B,0,nan%,$0.00B,$-0.03B,inf%,$0.00B,$-0.03B,inf%,$0.00B,$-0.03B,inf%,$0.00B,$-0.03B,inf%,$0.00B,$-0.03B,inf%,$-0.03B,$0.01B,-276.92%,$-0.03B,$0.01B,-276.92%,$-0.03B,$0.01B,-152.11%,$-0.03B,$0.01B,-260.00%,$0,$0,$0,$2,$5,$7,$-7,$-0,$-7,$0,$-7,$-7,$-7,$-7,$-7,$5,5,$-1.48,$-1.48,$11,$1,$0,$13,$0,$0,$0,$1,$1,$14,$7,$0,$0,$0,$7,$1,$-259,$0,$7,$14,$-7,$0,$1,$2,$0,$-0,$-0,$-0,$-0,$-6,$-0,$0,$0,$0,$0,$0,$0,$-0,$0,$-1,$-1,$7,$7,$0,$-0,$5,$-0,$1,$0
15,2014-12-31,22365.0,$1.44,15564.76,0,0.0,$-302.03,0.0,$-841274.30,0.0,$0.01B,$0.01B,1.69,$0.00B,$0.01B,0.0,$0.00B,0,nan%,$0.00B,$-0.03B,inf%,$0.00B,$-0.03B,inf%,$0.00B,$-0.03B,inf%,$0.00B,$-0.03B,inf%,$0.00B,$-0.03B,inf%,$-0.03B,$0.01B,-220.41%,$-0.03B,$0.01B,-220.41%,$-0.03B,$0.01B,-127.06%,$-0.03B,$0.01B,-200.00%,$0,$0,$0,$3,$3,$6,$-6,$-0,$-6,$0,$-6,$-6,$-6,$-6,$-6,$0,0,$-861939.90,$-861939.90,$12,$1,$0,$13,$0,$0,$0,$1,$1,$14,$8,$0,$0,$0,$8,$0,$-252,$0,$7,$14,$-26,$0,$6,$7,$0,$0,$0,$0,$0,$-19,$-0,$0,$0,$0,$0,$0,$0,$-0,$0,$-4,$-4,$12,$12,$0,$-0,$8,$-12,$6,$0
16,2014-09-30,19372.5,$0.15,127534.56,0,0.0,$-5.60,0.0,$-885552.00,0.0,$0.02B,$0.01B,2.07,$0.00B,$0.01B,0.0,$0.00B,0,nan%,$0.00B,$-0.03B,inf%,$0.00B,$-0.03B,inf%,$0.00B,$-0.03B,inf%,$0.00B,$-0.03B,inf%,$0.00B,$-0.03B,inf%,$-0.03B,$0.01B,-196.49%,$-0.03B,$0.01B,-196.49%,$-0.03B,$0.02B,-115.46%,$-0.03B,$0.01B,-165.08%,$0,$0,$0,$2,$3,$6,$-6,$-0,$-6,$0,$-6,$-6,$-6,$-6,$-6,$69,69,$-0.08,$-0.08,$16,$1,$0,$17,$0,$0,$0,$1,$1,$19,$8,$0,$0,$0,$8,$1,$-246,$0,$10,$19,$-20,$0,$5,$5,$0,$0,$-0,$0,$-0,$-15,$-0,$0,$0,$0,$0,$0,$0,$-0,$0,$-3,$-3,$11,$11,$0,$-0,$8,$-7,$5,$0
17,2014-06-30,24570.0,$0.21,115352.11,0,0.0,$-5.64,0.0,$-951968.40,0.0,$0.02B,$0.01B,2.6,$0.00B,$0.02B,0.06,$0.00B,0,nan%,$0.00B,$-0.03B,inf%,$0.00B,$-0.03B,inf%,$0.00B,$-0.03B,inf%,$0.00B,$-0.03B,inf%,$0.00B,$-0.03B,inf%,$-0.03B,$0.02B,-189.83%,$-0.03B,$0.02B,-189.83%,$-0.03B,$0.02B,-108.74%,$-0.03B,$0.02B,-150.72%,$0,$0,$0,$3,$4,$7,$-7,$-0,$-8,$0,$-8,$-8,$-8,$-7,$-7,$68,68,$-0.11,$-0.11,$22,$1,$0,$23,$0,$0,$0,$1,$1,$24,$9,$1,$0,$1,$10,$1,$-240,$0,$15,$24,$-14,$0,$3,$3,$0,$0,$0,$0,$0,$-11,$-0,$0,$0,$0,$0,$0,$0,$-0,$0,$-2,$-2,$11,$11,$0,$-0,$9,$-2,$3,$0
18,2014-03-31,28665.0,$0.26,111797.97,0,0.0,$-5.67,0.0,$-951968.40,0.0,$0.03B,$0.01B,3.11,$0.00B,$0.02B,0.11,$0.00B,0,nan%,$0.00B,$-0.03B,inf%,$0.00B,$-0.03B,inf%,$0.00B,$-0.02B,inf%,$0.00B,$-0.03B,inf%,$0.00B,$-0.03B,inf%,$-0.03B,$0.02B,-179.31%,$-0.03B,$0.02B,-179.31%,$-0.03B,$0.03B,-98.11%,$-0.03B,$0.02B,-138.89%,$0,$0,$0,$3,$4,$7,$-7,$-0,$-7,$0,$-7,$-7,$-7,$-6,$-7,$66,66,$-0.10,$-0.10,$24,$1,$0,$26,$1,$0,$0,$1,$1,$28,$8,$2,$0,$2,$10,$1,$-233,$0,$17,$28,$-7,$0,$2,$2,$0,$0,$0,$-0,$-0,$-6,$-0,$0,$0,$0,$0,$0,$0,$-0,$0,$-1,$-1,$8,$8,$0,$-0,$7,$1,$2,$0
19,2013-12-31,32130.0,$0.23,139090.91,0,0.0,$-5.69,0.0,$-1040523.50,0.0,$0.03B,$0.01B,2.83,$0.00B,$0.02B,0.2,$0.00B,0,nan%,$0.00B,$-0.02B,inf%,$0.00B,$-0.02B,inf%,$0.00B,$-0.02B,inf%,$0.00B,$-0.03B,inf%,$0.00B,$-0.03B,inf%,$-0.03B,$0.02B,-173.33%,$-0.03B,$0.02B,-173.33%,$-0.03B,$0.03B,-93.69%,$-0.02B,$0.02B,-124.68%,$0,$0,$0,$3,$4,$6,$-6,$-0,$-7,$0,$-7,$-7,$-7,$-6,$-6,$4,4,$-6.67,$-6.67,$23,$1,$0,$25,$1,$0,$0,$1,$1,$26,$9,$3,$0,$3,$12,$1,$-226,$0,$15,$26,$-26,$0,$6,$6,$0,$0,$0,$0,$1,$-18,$-0,$0,$0,$0,$0,$0,$0,$-0,$0,$-3,$-3,$24,$24,$0,$-1,$20,$1,$6,$0
20,2013-09-30,19608.75,$0.21,92668.95,0,0.0,$-1.12,0.0,$-1173356.30,0.0,$0.02B,$0.01B,2.74,$0.00B,$0.01B,0.31,$0.00B,0,nan%,$0.00B,$-0.03B,inf%,$0.00B,$-0.03B,inf%,$0.00B,$-0.03B,inf%,$0.00B,$-0.03B,inf%,$0.00B,$-0.03B,inf%,$-0.03B,$0.01B,-182.46%,$-0.03B,$0.01B,-182.46%,$-0.03B,$0.03B,-93.69%,$-0.03B,$0.02B,-128.21%,$0,$0,$0,$3,$3,$6,$-6,$-0,$-6,$0,$-6,$-6,$-6,$-6,$-6,$56,56,$-0.11,$-0.11,$21,$1,$0,$23,$1,$0,$0,$1,$2,$25,$8,$4,$0,$4,$12,$1,$-219,$0,$12,$25,$-19,$0,$4,$5,$-0,$0,$0,$0,$0,$-14,$-0,$0,$0,$0,$0,$0,$0,$-0,$0,$-2,$-2,$17,$17,$0,$-1,$13,$-1,$4,$0
21,2013-06-30,17955.0,$0.25,72137.4,0,0.0,$-1.28,0.0,$-1239772.60,0.0,$0.03B,$0.01B,3.06,$0.01B,$0.01B,0.35,$0.00B,0,nan%,$0.00B,$-0.03B,inf%,$0.00B,$-0.03B,inf%,$0.00B,$-0.02B,inf%,$0.00B,$-0.03B,inf%,$0.00B,$-0.03B,inf%,$-0.03B,$0.01B,-167.74%,$-0.03B,$0.01B,-167.74%,$-0.03B,$0.03B,-88.89%,$-0.03B,$0.02B,-116.28%,$0,$0,$0,$3,$3,$6,$-6,$-0,$-6,$0,$-6,$-6,$-6,$-6,$-6,$56,56,$-0.11,$-0.11,$23,$1,$0,$25,$1,$0,$0,$1,$2,$27,$8,$5,$0,$5,$13,$1,$-213,$0,$14,$27,$-13,$0,$3,$3,$-0,$-0,$-0,$-0,$-0,$-10,$-0,$0,$0,$0,$0,$0,$0,$-0,$0,$-1,$-1,$13,$13,$0,$-1,$11,$1,$3,$0
22,2013-03-31,15750.0,$0.34,46833.18,$0.00,0.0,$-1.42,0.0,$-1284050.20,0.0,$0.03B,$0.01B,3.59,$0.01B,$0.02B,0.31,$0.00B,0,nan%,$0.00B,$-0.02B,inf%,$0.00B,$-0.02B,inf%,$0.00B,$-0.02B,inf%,$0.00B,$-0.03B,inf%,$0.00B,$-0.03B,inf%,$-0.03B,$0.02B,-153.85%,$-0.03B,$0.02B,-153.85%,$-0.03B,$0.03B,-82.64%,$-0.02B,$0.02B,-103.23%,$0,$0,$0,$3,$4,$6,$-6,$-0,$-7,$0,$-7,$-7,$-7,$-6,$-6,$47,47,$-0.14,$-0.14,$30,$1,$0,$32,$1,$0,$0,$1,$2,$33,$9,$6,$0,$6,$15,$1,$-207,$0,$19,$33,$-7,$0,$1,$1,$-0,$-0,$0,$-0,$0,$-5,$-0,$0,$0,$0,$0,$0,$0,$-0,$0,$0,$0,$13,$13,$0,$-1,$12,$7,$1,$0
23,2012-12-31,44100.0,$0.28,155391.12,$0.01,0.0,$-1.51,0.0,$-1306189.10,0.0,$0.02B,$0.01B,3.24,$0.01B,$0.01B,0.56,$0.00B,0,nan%,$0.00B,$-0.02B,inf%,$0.00B,$-0.02B,inf%,$0.00B,$-0.02B,inf%,$0.00B,$-0.02B,inf%,$0.00B,$-0.02B,inf%,$-0.02B,$0.01B,-157.38%,$-0.02B,$0.01B,-157.38%,$-0.02B,$0.03B,-84.96%,$-0.02B,$0.02B,-103.37%,$0,$0,$0,$3,$4,$7,$-7,$-0,$-7,$0,$-7,$-7,$-7,$-7,$-7,$40,40,$-0.17,$-0.17,$23,$1,$0,$24,$1,$0,$0,$1,$2,$26,$8,$7,$0,$7,$14,$0,$-200,$0,$12,$26,$-23,$0,$4,$5,$-0,$-0,$-0,$-1,$-4,$-22,$-0,$0,$0,$1,$0,$1,$0,$1,$0,$5,$5,$11,$11,$0,$-0,$15,$-6,$4,$0
24,2012-09-30,57487.5,$0.40,142119.9,$0.01,0.0,$-1.61,0.0,$-1416883.00,0.0,$0.03B,$0.01B,4.72,$0.01B,$0.02B,0.45,$0.00B,0,nan%,$0.00B,$-0.02B,inf%,$0.00B,$-0.02B,inf%,$0.00B,$-0.02B,inf%,$0.00B,$-0.03B,inf%,$0.00B,$-0.03B,inf%,$-0.03B,$0.02B,-144.93%,$-0.03B,$0.02B,-144.93%,$-0.03B,$0.03B,-84.03%,$-0.02B,$0.02B,-103.23%,$0,$0,$0,$3,$3,$6,$-6,$-0,$-6,$0,$-6,$-6,$-6,$-5,$-6,$41,41,$-0.14,$-0.14,$27,$2,$0,$30,$1,$0,$0,$0,$1,$31,$6,$8,$0,$8,$14,$0,$-193,$0,$17,$31,$-16,$0,$3,$3,$-0,$-1,$-0,$0,$-4,$-17,$-0,$0,$0,$1,$0,$1,$0,$1,$0,$5,$5,$11,$11,$0,$-0,$15,$-1,$3,$0
25,2012-06-30,54337.5,$0.43,125374.94,$0.01,0.0,$-1.72,0.0,$-1682548.50,0.0,$0.03B,$0.01B,6.21,$0.01B,$0.02B,0.5,$0.00B,0,nan%,$0.00B,$-0.03B,inf%,$0.00B,$-0.03B,inf%,$0.00B,$-0.03B,inf%,$0.00B,$-0.03B,inf%,$0.00B,$-0.03B,inf%,$-0.03B,$0.02B,-131.65%,$-0.03B,$0.02B,-131.65%,$-0.03B,$0.03B,-83.20%,$-0.03B,$0.03B,-100.00%,$0,$0,$0,$2,$3,$5,$-5,$-0,$-5,$0,$-5,$-5,$-5,$-5,$-5,$39,39,$-0.13,$-0.13,$28,$1,$0,$29,$1,$0,$0,$0,$1,$31,$5,$9,$0,$9,$13,$0,$-187,$0,$17,$31,$-11,$0,$1,$2,$-0,$-0,$-0,$0,$-4,$-13,$-0,$0,$0,$0,$0,$0,$0,$-0,$0,$5,$5,$6,$6,$0,$-0,$11,$-2,$1,$0
26,2012-03-31,35595.0,$0.41,86479.59,$0.00,0.0,$-1.74,0.0,$-1837520.00,0.0,$0.02B,$0.01B,4.78,$0.00B,$0.02B,0.3,$0.00B,0,nan%,$0.00B,$-0.03B,inf%,$0.00B,$-0.03B,inf%,$0.00B,$-0.03B,inf%,$0.00B,$-0.03B,inf%,$0.00B,$-0.03B,inf%,$-0.03B,$0.02B,-131.71%,$-0.03B,$0.02B,-131.71%,$-0.03B,$0.03B,-87.80%,$-0.03B,$0.02B,-102.04%,$0,$0,$0,$3,$3,$6,$-5,$-0,$-6,$0,$-6,$-6,$-6,$-5,$-5,$37,37,$-0.15,$-0.15,$22,$1,$0,$24,$1,$0,$0,$0,$1,$25,$5,$4,$0,$4,$9,$0,$-182,$0,$15,$25,$-6,$0,$1,$1,$-0,$0,$-0,$0,$-3,$-7,$-0,$0,$0,$0,$0,$0,$0,$-0,$0,$-1,$-1,$0,$0,$0,$0,$-1,$-8,$1,$0
27,2011-12-31,26775.0,$0.55,49101.41,0,0.0,$-1.71,0.0,$-1505438.00,0.0,$0.03B,$0.01B,3.3,$0.00B,$0.02B,0.14,$0.00B,0,nan%,$0.00B,$-0.03B,inf%,$0.00B,$-0.03B,inf%,$0.00B,$-0.03B,inf%,$0.00B,$-0.03B,inf%,$0.00B,$-0.03B,inf%,$-0.03B,$0.02B,-113.04%,$-0.03B,$0.02B,-113.04%,$-0.03B,$0.03B,-78.79%,$-0.03B,$0.02B,-92.59%,$0,$0,$0,$6,$2,$8,$-8,$-0,$-8,$0,$-8,$-8,$-8,$-8,$-8,$30,30,$-0.22,$-0.22,$30,$1,$0,$32,$1,$0,$0,$0,$1,$32,$10,$3,$0,$3,$12,$0,$-177,$0,$20,$32,$-26,$1,$3,$3,$0,$-1,$0,$-1,$3,$-20,$-0,$0,$0,$-1,$0,$-1,$6,$5,$0,$-1,$-1,$15,$15,$0,$-1,$13,$-2,$3,$0
28,2011-09-30,26932.5,$0.74,36297.17,0,0.0,$-2.66,0.0,$-1771103.60,0.0,$0.04B,$0.01B,5.77,$0.00B,$0.03B,0.13,$0.00B,0,nan%,$0.00B,$-0.02B,inf%,$0.00B,$-0.02B,inf%,$0.00B,$-0.02B,inf%,$0.00B,$-0.02B,inf%,$0.00B,$-0.02B,inf%,$-0.02B,$0.03B,-86.27%,$-0.02B,$0.03B,-86.27%,$-0.02B,$0.04B,-63.31%,$-0.02B,$0.03B,-70.00%,$0,$0,$0,$5,$2,$7,$-7,$-0,$-7,$0,$-7,$-7,$-7,$-7,$-7,$28,28,$-0.26,$-0.26,$36,$0,$0,$36,$1,$0,$0,$0,$1,$37,$6,$3,$0,$3,$10,$0,$-169,$0,$27,$37,$-18,$0,$2,$2,$0,$0,$0,$-0,$1,$-15,$-0,$0,$0,$-3,$0,$-3,$6,$3,$0,$-0,$-0,$15,$15,$0,$-1,$13,$2,$2,$0
29,2011-06-30,42682.5,$0.73,58301.46,0,0.0,$-3.49,0.0,$-2501684.00,0.0,$0.03B,$0.01B,6.04,$0.00B,$0.02B,0.19,$0.00B,0,nan%,$0.00B,$-0.02B,inf%,$0.00B,$-0.02B,inf%,$0.00B,$-0.02B,inf%,$0.00B,$-0.02B,inf%,$0.00B,$-0.02B,inf%,$-0.02B,$0.02B,-93.83%,$-0.02B,$0.02B,-93.83%,$-0.02B,$0.03B,-64.96%,$-0.02B,$0.02B,-72.73%,$0,$0,$0,$3,$2,$5,$-5,$-0,$-6,$0,$-6,$-6,$-6,$-5,$-5,$28,28,$-0.20,$-0.20,$27,$0,$0,$28,$1,$0,$0,$0,$1,$29,$5,$4,$0,$4,$9,$0,$-161,$0,$20,$29,$-11,$0,$1,$2,$0,$0,$0,$-0,$-0,$-9,$-0,$0,$0,$0,$0,$0,$6,$6,$0,$-0,$-0,$0,$0,$0,$-0,$-0,$-4,$1,$0
30,2011-03-31,43470.0,$0.90,48043.77,0,0.0,$-4.11,0.0,$-2058908.10,0.0,$0.03B,$0.00B,8.3,$0.00B,$0.03B,0.18,$0.00B,0,nan%,$0.00B,$-0.02B,inf%,$0.00B,$-0.02B,inf%,$0.00B,$-0.02B,inf%,$0.00B,$-0.02B,inf%,$0.00B,$-0.02B,inf%,$-0.02B,$0.03B,-106.25%,$-0.02B,$0.03B,-106.25%,$-0.02B,$0.03B,-68.00%,$-0.02B,$0.03B,-81.93%,$0,$0,$0,$3,$2,$5,$-5,$-0,$-5,$0,$-5,$-5,$-5,$-5,$-5,$28,28,$-0.18,$-0.18,$32,$0,$0,$33,$1,$0,$0,$0,$1,$34,$4,$4,$0,$4,$8,$0,$-156,$0,$25,$34,$-5,$0,$1,$1,$0,$0,$0,$-0,$-1,$-5,$0,$0,$0,$-2,$0,$-2,$6,$4,$0,$-0,$-0,$0,$0,$0,$-0,$-0,$-1,$1,$0
31,2010-12-31,48510.0,$1.07,45545.02,0,0.0,$-4.44,0.0,$-3519776.10,0.0,$0.04B,$0.00B,9.46,$0.01B,$0.03B,0.17,$0.00B,0,nan%,$0.00B,$-0.02B,inf%,$0.00B,$-0.02B,inf%,$0.00B,$-0.02B,inf%,$0.00B,$-0.02B,inf%,$0.00B,$-0.02B,inf%,$-0.02B,$0.03B,-151.11%,$-0.02B,$0.03B,-151.11%,$-0.02B,$0.04B,-82.93%,$-0.02B,$0.04B,-103.23%,$0,$0,$0,$1,$2,$4,$-4,$-0,$-4,$0,$-4,$-4,$-4,$-3,$-4,$8,8,$-0.24,$-0.24,$37,$0,$0,$38,$1,$0,$0,$0,$1,$39,$4,$5,$0,$5,$9,$0,$-151,$0,$30,$39,$-17,$1,$2,$3,$0,$0,$-0,$-0,$0,$-14,$-0,$0,$0,$0,$0,$0,$-7,$-7,$0,$-2,$-2,$35,$41,$0,$-3,$36,$16,$3,$0
32,2010-09-30,26775.0,$0.76,35077.95,0,0.0,$-7.81,0.0,$-3829507.00,0.0,$0.01B,$0.01B,2.78,$0.00B,$0.01B,0.73,$0.00B,0,nan%,$0.00B,$-0.02B,inf%,$0.00B,$-0.02B,inf%,$0.00B,$-0.02B,inf%,$0.00B,$-0.02B,inf%,$0.00B,$-0.02B,inf%,$-0.02B,$0.01B,-304.76%,$-0.02B,$0.01B,-304.76%,$-0.02B,$0.02B,-108.47%,$-0.02B,$0.01B,-188.89%,$0,$0,$0,$2,$2,$4,$-4,$-0,$-4,$0,$-4,$-4,$-4,$-4,$-4,$7,7,$-0.59,$-0.59,$13,$0,$0,$14,$1,$0,$0,$0,$1,$15,$5,$4,$0,$4,$9,$0,$-147,$0,$6,$15,$-13,$1,$2,$3,$0,$0,$0,$0,$1,$-10,$-0,$0,$0,$0,$0,$0,$0,$-0,$0,$-2,$-2,$5,$11,$0,$-1,$8,$-2,$2,$0
33,2010-06-30,34020.0,$0.39,87748.26,0,0.0,$-9.97,0.0,$-7835567.00,0.0,$0.01B,$0.00B,2.71,$0.01B,$0.00B,1.7,$0.00B,0,nan%,$0.00B,$-0.02B,inf%,$0.00B,$-0.02B,inf%,$0.00B,$-0.02B,inf%,$0.00B,$-0.02B,inf%,$0.00B,$-0.02B,inf%,$-0.02B,$0.00B,-533.33%,$-0.02B,$0.00B,-533.33%,$-0.02B,$0.01B,-131.51%,$-0.02B,$0.01B,-205.13%,$0,$0,$0,$2,$2,$4,$-4,$-0,$-4,$0,$-4,$-4,$-4,$-4,$-4,$7,7,$-0.57,$-0.57,$10,$0,$0,$11,$1,$0,$0,$0,$1,$12,$4,$5,$0,$5,$9,$0,$-142,$0,$3,$12,$-9,$0,$1,$2,$0,$0,$0,$-0,$0,$-7,$-0,$0,$0,$0,$0,$0,$0,$-0,$0,$-2,$-2,$5,$5,$0,$-0,$3,$-5,$1,$0
34,2010-03-31,48195.0,$0.14,353076.92,0,0.0,$-11.32,0.0,$-12350978.00,0.0,$0.02B,$0.01B,2.28,$0.00B,$0.01B,0.48,$0.00B,0,nan%,$0.00B,$-0.02B,inf%,$0.00B,$-0.02B,inf%,$0.00B,$-0.02B,inf%,$0.00B,$-0.03B,inf%,$0.00B,$-0.03B,inf%,$-0.03B,$0.01B,-500.00%,$-0.03B,$0.01B,-500.00%,$-0.03B,$0.02B,-122.45%,$-0.02B,$0.01B,-172.55%,$0,$0,$0,$2,$2,$4,$-4,$-0,$-5,$0,$-5,$-5,$-5,$-4,$-4,$7,7,$-0.66,$-0.66,$15,$0,$0,$15,$1,$0,$0,$0,$1,$16,$7,$3,$1,$3,$10,$0,$-138,$0,$6,$16,$-5,$0,$1,$1,$0,$0,$0,$-0,$0,$-4,$-0,$0,$0,$0,$0,$0,$0,$-0,$0,$-1,$-1,$5,$5,$0,$-0,$4,$-0,$1,$0
35,2009-12-31,52920.0,$0.90,59075.69,0,0.0,$-11.09,0.0,$-14874296.00,0.0,$0.02B,$0.01B,2.41,$0.00B,$0.01B,0.7,$0.00B,0,nan%,$0.00B,$-0.02B,inf%,$0.00B,$-0.02B,inf%,$0.00B,$-0.02B,inf%,$0.00B,$-0.03B,inf%,$0.00B,$-0.03B,inf%,$-0.03B,$0.01B,-345.95%,$-0.03B,$0.01B,-345.95%,$-0.03B,$0.02B,-107.56%,$-0.02B,$0.01B,-135.21%,$0,$0,$0,$3,$2,$5,$-5,$2,$-3,$0,$-3,$-3,$-3,$-4,$-5,$5,5,$-1.65,$-1.65,$15,$0,$0,$15,$1,$0,$0,$0,$1,$16,$6,$4,$0,$4,$11,$0,$-133,$0,$6,$16,$-32,$2,$6,$8,$0,$0,$-0,$0,$-1,$-25,$-0,$0,$0,$5,$0,$5,$0,$5,$0,$-7,$-7,$21,$21,$0,$-1,$13,$-6,$2,$0
36,2009-09-30,452655.0,$0.11,4156611.57,0,0.0,$-18.18,0.0,$-19920932.00,0.0,$0.03B,$0.01B,2.47,$0.01B,$0.00B,2.82,$0.00B,0,nan%,$0.00B,$-0.03B,inf%,$0.00B,$-0.03B,inf%,$0.00B,$-0.02B,inf%,$0.00B,$-0.04B,inf%,$0.00B,$-0.04B,inf%,$-0.04B,$0.00B,-352.38%,$-0.04B,$0.00B,-352.38%,$-0.04B,$0.03B,-112.98%,$-0.03B,$0.01B,-119.05%,$0,$0,$0,$5,$3,$7,$-7,$-5,$-12,$0,$-12,$-12,$-12,$-7,$-7,$5,5,$-2.40,$-2.40,$27,$0,$0,$27,$1,$0,$0,$0,$1,$29,$11,$9,$5,$14,$25,$0,$-130,$0,$3,$29,$-29,$1,$10,$11,$0,$0,$0,$0,$1,$-17,$-0,$0,$0,$5,$0,$5,$0,$5,$0,$3,$3,$16,$16,$0,$-1,$18,$6,$3,$0
37,2009-06-30,314685.0,$0.31,1017410.28,0,0.0,$-16.12,0.0,$-22709862.00,0.0,$0.04B,$0.01B,3.37,$0.01B,$0.01B,1.2,$0.00B,0,nan%,$0.00B,$-0.03B,inf%,$0.00B,$-0.03B,inf%,$0.00B,$-0.03B,inf%,$0.00B,$-0.04B,inf%,$0.00B,$-0.04B,inf%,$-0.04B,$0.01B,-250.00%,$-0.04B,$0.01B,-250.00%,$-0.04B,$0.04B,-106.06%,$-0.03B,$0.02B,-121.74%,$0,$0,$0,$4,$2,$6,$-6,$-4,$-10,$0,$-10,$-10,$-10,$-6,$-6,$5,5,$-2.07,$-2.07,$35,$0,$0,$35,$1,$0,$0,$0,$1,$37,$10,$11,$0,$17,$27,$0,$-118,$0,$9,$37,$-17,$1,$5,$6,$0,$0,$0,$0,$-0,$-11,$-0,$0,$0,$5,$0,$5,$0,$5,$0,$5,$5,$16,$16,$0,$-1,$20,$14,$1,$0
38,2009-03-31,128520.0,$0.63,204064.78,0,0.0,$-14.75,0.0,$-27225273.00,0.0,$0.04B,$0.01B,5.39,$0.01B,$0.02B,0.52,$0.00B,0,nan%,$0.00B,$-0.03B,inf%,$0.00B,$-0.03B,inf%,$0.00B,$-0.03B,inf%,$0.00B,$-0.04B,inf%,$0.00B,$-0.04B,inf%,$-0.04B,$0.02B,-194.59%,$-0.04B,$0.02B,-194.59%,$-0.04B,$0.04B,-106.67%,$-0.03B,$0.03B,-128.16%,$0,$0,$0,$4,$2,$6,$-6,$-1,$-7,$0,$-7,$-7,$-7,$-5,$-6,$22,22,$-0.30,$-0.30,$35,$0,$0,$36,$1,$0,$0,$0,$1,$37,$7,$10,$0,$12,$18,$0,$-108,$0,$19,$37,$-7,$0,$1,$1,$0,$0,$0,$-0,$-1,$-6,$-0,$0,$0,$4,$0,$4,$0,$4,$0,$0,$0,$16,$16,$0,$-1,$15,$13,$1,$0
39,2008-12-31,137970.0,$0.67,204430.29,0,0.0,$-14.94,0.0,$-30014203.00,0.0,$0.03B,$0.01B,4.56,$0.01B,$0.01B,0.96,$0.00B,0,nan%,$0.00B,$-0.04B,inf%,$0.00B,$-0.04B,inf%,$0.00B,$-0.04B,inf%,$0.00B,$-0.04B,inf%,$0.00B,$-0.04B,inf%,$-0.04B,$0.01B,-160.87%,$-0.04B,$0.01B,-160.87%,$-0.04B,$0.03B,-100.00%,$-0.04B,$0.02B,-123.08%,$0,$0,$0,$4,$2,$6,$-6,$-1,$-8,$0,$-8,$-8,$-8,$-6,$-6,$3,3,$-11.70,$-11.70,$26,$0,$0,$27,$1,$0,$0,$0,$1,$28,$6,$11,$0,$11,$17,$0,$-101,$0,$11,$28,$-38,$1,$3,$4,$0,$0,$-0,$0,$1,$-34,$-0,$0,$0,$3,$0,$3,$0,$3,$0,$3,$3,$0,$0,$0,$-0,$3,$-28,$3,$0
40,2008-09-30,293895.0,$1.02,288613.38,0,0.0,$-2.85,0.0,$-38513797.00,0.0,$0.03B,$0.01B,2.95,$0.00B,$0.02B,0.2,$0.00B,0,nan%,$0.00B,$-0.04B,inf%,$0.00B,$-0.04B,inf%,$0.00B,$-0.04B,inf%,$0.00B,$-0.04B,inf%,$0.00B,$-0.04B,inf%,$-0.04B,$0.02B,-120.63%,$-0.04B,$0.02B,-120.63%,$-0.04B,$0.03B,-84.92%,$-0.04B,$0.02B,-106.85%,$0,$0,$0,$8,$2,$10,$-10,$-0,$-10,$0,$-10,$-10,$-10,$-10,$-10,$17,17,$-0.61,$-0.61,$29,$0,$0,$29,$1,$0,$0,$0,$1,$30,$10,$3,$0,$3,$13,$0,$-93,$-0,$17,$30,$-30,$1,$2,$3,$0,$0,$0,$0,$3,$-24,$-0,$0,$0,$-1,$0,$-1,$0,$-1,$0,$-4,$-4,$0,$0,$0,$0,$-4,$-29,$2,$0
