,Date,Stock Price,Book Value per Share,Price to Book Ratio,TTM Sales per Share,Price to Sales Ratio,TTM FCF per Share,Price to FCF Ratio,TTM Net EPS,PE Ratio,Current Assets,Current Liabilities,Current Ratio,Long Term Debt,Shareholder's Equity_x,Debt to Equity Ratio,TTM Revenue_x,TTM Gross Profit,Gross Margin,TTM Revenue_y,TTM Operating Income,Operating Margin,TTM Revenue_x,TTM EBIT,EBIT Margin,TTM Revenue_y,TTM EBITDA,EBITDA Margin,TTM Revenue_x,TTM Pre-Tax Income,Pre-Tax Margin,TTM Revenue_y,TTM Net Income_x,Net Margin,TTM Net Income_y,Shareholder's Equity_y,Return on Equity,TTM Net Income_x,Tangible Equity,Return on Tangible Equity,TTM Net Income_y,Total Assets,Return on Assets,TTM Net Income,LT Investments & Debt,Return on Investment,revenue,cost-goods-sold,gross-profit,research-development-expenses,selling-general-administrative-expenses,operating-expenses,operating-income,total-non-operating-income-expense,pre-tax-income,total-provision-income-taxes,income-after-taxes,income-from-continuous-operations,net-income,ebitda,ebit,basic-shares-outstanding,shares-outstanding,eps-basic-net-earnings-per-share,eps-earnings-per-share-diluted,cash-on-hand,inventory,other-current-assets,total-current-assets,net-property-plant-equipment,long-term-investments,goodwill-intangible-assets-total,other-long-term-assets,total-long-term-assets,total-assets,total-current-liabilities,long-term-debt,other-non-current-liabilities,total-long-term-liabilities,total-liabilities,common-stock-net,retained-earnings-accumulated-deficit,comprehensive-income,total-share-holder-equity,total-liabilities-share-holders-equity,net-income-loss,total-depreciation-amortization-cash-flow,other-non-cash-items,total-non-cash-items,change-in-accounts-receivable,change-in-inventories,change-in-accounts-payable,change-in-assets-liabilities,total-change-in-assets-liabilities,cash-flow-from-operating-activities,net-change-in-property-plant-equipment,net-change-in-intangible-assets,net-acquisitions-divestitures,net-change-in-short-term-investments,net-change-in-long-term-investments,net-change-in-investments-total,investing-activities-other,cash-flow-from-investing-activities,net-long-term-debt,net-current-debt,debt-issuance-retirement-net-total,net-common-equity-issued-repurchased,net-total-equity-issued-repurchased,total-common-preferred-stock-dividends-paid,financial-activities-other,cash-flow-from-financial-activities,net-cash-flow,stock-based-compensation,common-stock-dividends-paid
0,2018-09-30,19.89,$-0.39,-50.62,$7.89,2.52,$-1.49,0.0,$-0.68,0.0,$0.08B,$0.15B,0.54,$0.00B,$-0.01B,-0.16,$0.18B,$0.14B,79.43%,$0.18B,$-0.02B,-10.29%,$0.18B,$-0.02B,-10.29%,$0.18B,$-0.00B,-1.71%,$0.18B,$-0.02B,-10.29%,$0.18B,$-0.01B,-8.00%,$-0.01B,$-0.01B,430.77%,$-0.01B,$-0.08B,19.79%,$-0.01B,$0.19B,-7.63%,$-0.02B,$-0.01B,1028.57%,$43,$9,$34,$6,$33,$49,$-6,$0,$-6,$1,$-6,$-6,$-6,$-2,$-6,$21,21,$-0.31,$-0.31,$32,$2,$0,$81,$35,$0,$66,$2,$110,$191,$150,$1,$0,$51,$201,$0,$-195,$-3,$-9,$191,$-17,$11,$4,$15,$-8,$2,$-0,$10,$2,$-0,$-12,$0,$0,$0,$0,$0,$0,$-12,$-0,$0,$-0,$2,$2,$0,$-0,$1,$-11,$3,$0
1,2018-06-30,16.03,$-0.18,-88.91,$7.92,2.03,$-0.76,0.0,$-0.51,0.0,$0.06B,$0.12B,0.49,$0.00B,$-0.00B,-0.38,$0.18B,$0.14B,79.78%,$0.18B,$-0.01B,-7.87%,$0.18B,$-0.01B,-7.87%,$0.18B,0,0.00%,$0.18B,$-0.01B,-7.87%,$0.18B,$-0.01B,-6.18%,$-0.01B,$-0.00B,880.00%,$-0.01B,$-0.07B,15.77%,$-0.01B,$0.17B,-5.95%,$-0.01B,$-0.00B,-2800.00%,$44,$8,$36,$6,$33,$47,$-4,$-0,$-4,$0,$-4,$-4,$-4,$-0,$-4,$23,23,$-0.18,$-0.18,$21,$2,$0,$60,$34,$0,$67,$2,$109,$169,$124,$2,$0,$50,$173,$0,$-189,$-3,$-4,$169,$-11,$7,$2,$9,$1,$1,$2,$-13,$-14,$-15,$-8,$0,$0,$0,$0,$0,$0,$-8,$-0,$0,$-0,$1,$1,$0,$0,$1,$-22,$2,$0
2,2018-03-31,13.15,$-0.07,-186.26,$8.06,1.63,$-0.22,0.0,$-0.38,0.0,$0.07B,$0.13B,0.52,$0.00B,$-0.00B,-1.11,$0.18B,$0.14B,80.00%,$0.18B,$-0.01B,-6.11%,$0.18B,$-0.01B,-6.11%,$0.18B,$0.00B,1.11%,$0.18B,$-0.01B,-5.56%,$0.18B,$-0.01B,-4.44%,$-0.01B,$-0.00B,3200.00%,$-0.01B,$-0.07B,11.51%,$-0.01B,$0.18B,-4.27%,$-0.01B,$0.00B,-628.57%,$43,$9,$33,$6,$33,$48,$-6,$-0,$-6,$0,$-6,$-6,$-6,$-2,$-6,$22,22,$-0.29,$-0.29,$39,$2,$0,$69,$32,$0,$68,$2,$109,$179,$133,$2,$0,$48,$180,$0,$-185,$-2,$-2,$179,$-6,$4,$1,$4,$11,$1,$-0,$-12,$2,$-0,$-4,$0,$0,$0,$0,$0,$0,$-4,$-0,$0,$-0,$0,$0,$0,$0,$0,$-4,$1,$0
3,2017-12-31,12.47,$0.11,117.2,$8.26,1.51,$0.12,99.84,$-0.07,0.0,$0.09B,$0.15B,0.61,$0.00B,$0.00B,0.76,$0.19B,$0.15B,81.62%,$0.19B,$-0.00B,-2.16%,$0.19B,$-0.00B,-2.16%,$0.19B,$0.01B,4.32%,$0.19B,$-0.00B,-1.62%,$0.19B,$-0.00B,-1.08%,$-0.00B,$0.00B,inf%,$-0.00B,$-0.07B,2.87%,$-0.00B,$0.20B,-1.06%,$-0.00B,$0.00B,-200.00%,$45,$8,$36,$6,$33,$47,$-2,$-0,$-2,$-5,$2,$2,$2,$1,$-2,$22,22,$0.10,$0.10,$43,$4,$0,$90,$31,$0,$69,$2,$105,$195,$148,$2,$0,$44,$192,$0,$-179,$-3,$2,$195,$-2,$12,$-1,$11,$8,$3,$-2,$1,$10,$19,$-13,$0,$0,$0,$0,$0,$0,$-13,$-1,$0,$-1,$1,$1,$0,$-0,$-0,$7,$4,$0
4,2017-09-30,10.21,$-0.06,-163.1,$8.60,1.19,$-0.67,0.0,$-0.42,0.0,$0.09B,$0.15B,0.62,$0.00B,$-0.00B,-1.36,$0.19B,$0.16B,81.77%,$0.19B,$-0.01B,-3.13%,$0.19B,$-0.01B,-3.13%,$0.19B,$0.01B,3.65%,$0.19B,$-0.01B,-2.60%,$0.19B,$-0.01B,-5.21%,$-0.01B,$-0.00B,1000.00%,$-0.01B,$-0.07B,14.04%,$-0.01B,$0.20B,-5.29%,$-0.01B,$0.00B,-600.00%,$46,$9,$37,$6,$33,$49,$-2,$-0,$-2,$1,$-3,$-3,$-3,$1,$-2,$22,22,$-0.14,$-0.14,$40,$4,$0,$94,$29,$0,$70,$1,$103,$197,$152,$2,$1,$47,$198,$0,$-181,$-3,$-1,$197,$-4,$9,$3,$12,$2,$3,$-2,$1,$4,$12,$-9,$0,$0,$0,$0,$0,$0,$-9,$-0,$0,$-0,$0,$0,$0,$-0,$-0,$4,$3,$0
5,2017-06-30,10.78,$-0.00,-4146.15,$8.74,1.23,$-1.53,0.0,$-0.53,0.0,$0.08B,$0.13B,0.58,$0.00B,$0.00B,-33.48,$0.20B,$0.16B,82.05%,$0.20B,$-0.01B,-4.10%,$0.20B,$-0.01B,-4.10%,$0.20B,$0.01B,2.56%,$0.20B,$-0.01B,-3.59%,$0.20B,$-0.01B,-6.15%,$-0.01B,$0.00B,4800.00%,$-0.01B,$-0.07B,16.90%,$-0.01B,$0.18B,-6.32%,$-0.01B,$0.00B,-400.00%,$46,$8,$38,$6,$33,$47,$-1,$0,$-0,$1,$-1,$-1,$-1,$2,$-1,$22,22,$-0.05,$-0.05,$26,$6,$0,$77,$27,$0,$70,$1,$101,$179,$133,$2,$1,$46,$179,$0,$-178,$-3,$-0,$179,$-1,$6,$1,$7,$4,$1,$-1,$-12,$-12,$-5,$-5,$0,$0,$0,$0,$0,$0,$-5,$-0,$0,$-0,$0,$0,$0,$-0,$-0,$-10,$2,$0
6,2017-03-31,9.75,$-0.04,-224.65,$8.76,1.11,$-1.90,0.0,$-0.89,0.0,$0.09B,$0.14B,0.59,$0.00B,$-0.00B,-1.99,$0.20B,$0.16B,82.05%,$0.20B,$-0.02B,-9.23%,$0.20B,$-0.02B,-9.23%,$0.20B,$-0.01B,-2.56%,$0.20B,$-0.02B,-8.72%,$0.20B,$-0.02B,-10.26%,$-0.02B,$-0.00B,-1333.33%,$-0.02B,$-0.07B,28.47%,$-0.02B,$0.19B,-10.28%,$-0.02B,$0.00B,-480.00%,$48,$8,$40,$6,$32,$47,$1,$0,$1,$1,$0,$0,$0,$4,$1,$22,23,$0.02,$0.02,$40,$6,$0,$85,$25,$0,$70,$1,$101,$186,$143,$2,$10,$44,$187,$0,$-177,$-4,$-1,$186,$0,$3,$-0,$3,$11,$0,$-2,$-9,$2,$6,$-2,$0,$0,$0,$0,$0,$0,$-2,$-0,$0,$-0,$0,$0,$0,$0,$-0,$4,$0,$0
7,2016-12-31,8.91,$-0.07,-120.57,$8.84,1.01,$-2.29,0.0,$-1.25,0.0,$0.09B,$0.16B,0.59,$0.00B,$-0.00B,-1.22,$0.20B,$0.16B,82.05%,$0.20B,$-0.03B,-13.85%,$0.20B,$-0.03B,-13.85%,$0.20B,$-0.01B,-7.18%,$0.20B,$-0.03B,-12.82%,$0.20B,$-0.03B,-14.36%,$-0.03B,$-0.00B,-509.09%,$-0.03B,$-0.07B,41.03%,$-0.03B,$0.19B,-14.04%,$-0.03B,$0.00B,-348.39%,$52,$10,$42,$7,$37,$55,$-4,$-1,$-4,$1,$-6,$-6,$-6,$-0,$-4,$22,22,$-0.25,$-0.25,$37,$7,$0,$93,$25,$0,$71,$1,$101,$194,$159,$2,$1,$37,$196,$0,$-177,$-4,$-2,$194,$-28,$14,$8,$22,$15,$1,$-0,$-12,$7,$1,$-12,$0,$0,$0,$0,$0,$0,$-12,$-1,$0,$-1,$0,$0,$0,$-0,$-1,$-12,$5,$0
8,2016-09-30,8.48,$0.11,77.51,$9.18,0.92,$-2.37,0.0,$-1.52,0.0,$0.10B,$0.16B,0.61,$0.00B,$0.00B,0.92,$0.20B,$0.17B,82.59%,$0.20B,$-0.03B,-16.42%,$0.20B,$-0.03B,-16.42%,$0.20B,$-0.02B,-9.95%,$0.20B,$-0.03B,-15.42%,$0.20B,$-0.03B,-16.42%,$-0.03B,$0.00B,-286.96%,$-0.03B,$-0.07B,51.56%,$-0.03B,$0.20B,-15.85%,$-0.03B,$0.01B,-235.71%,$49,$8,$40,$6,$37,$53,$-4,$1,$-4,$2,$-5,$-5,$-5,$-1,$-4,$22,22,$-0.25,$-0.25,$33,$8,$0,$97,$25,$0,$73,$2,$104,$201,$161,$2,$1,$38,$199,$0,$-172,$-4,$2,$201,$-22,$10,$6,$16,$9,$-1,$-1,$-11,$-0,$-6,$-10,$0,$0,$0,$0,$0,$0,$-10,$-0,$0,$-0,$0,$0,$0,$-0,$-1,$-16,$3,$0
9,2016-06-30,7.75,$0.29,26.48,$9.26,0.84,$-2.89,0.0,$-1.61,0.0,$0.09B,$0.15B,0.62,$0.00B,$0.01B,0.36,$0.20B,$0.17B,82.67%,$0.20B,$-0.04B,-18.81%,$0.20B,$-0.04B,-18.81%,$0.20B,$-0.02B,-11.88%,$0.20B,$-0.04B,-17.33%,$0.20B,$-0.04B,-17.33%,$-0.04B,$0.01B,-184.21%,$-0.04B,$-0.07B,58.33%,$-0.04B,$0.20B,-16.28%,$-0.04B,$0.01B,-176.74%,$46,$8,$38,$7,$39,$57,$-11,$1,$-10,$-1,$-9,$-9,$-9,$-8,$-11,$22,22,$-0.41,$-0.41,$30,$8,$0,$92,$25,$0,$74,$2,$105,$197,$149,$2,$1,$42,$190,$0,$-166,$-3,$7,$197,$-16,$7,$3,$10,$12,$-1,$-2,$-16,$-6,$-12,$-6,$0,$0,$0,$0,$0,$0,$-6,$-0,$0,$-0,$0,$0,$0,$-0,$-0,$-18,$2,$0
10,2016-03-31,6.71,$0.67,10.06,$9.54,0.7,$-3.52,0.0,$-1.58,0.0,$0.10B,$0.15B,0.65,$0.00B,$0.02B,0.17,$0.21B,$0.17B,82.61%,$0.21B,$-0.03B,-16.43%,$0.21B,$-0.03B,-16.43%,$0.21B,$-0.02B,-9.66%,$0.21B,$-0.03B,-15.94%,$0.21B,$-0.03B,-16.43%,$-0.03B,$0.02B,-127.10%,$-0.03B,$-0.06B,60.99%,$-0.03B,$0.21B,-15.40%,$-0.03B,$0.02B,-115.25%,$48,$8,$40,$7,$42,$56,$-8,$1,$-7,$0,$-8,$-8,$-8,$-5,$-8,$22,22,$-0.34,$-0.34,$43,$7,$0,$97,$23,$0,$78,$2,$108,$206,$150,$2,$1,$41,$191,$0,$-157,$-3,$15,$206,$-8,$3,$-1,$3,$18,$0,$1,$-19,$2,$-3,$-3,$0,$0,$0,$0,$0,$0,$-3,$-0,$0,$-0,$0,$0,$0,$-0,$-0,$-5,$0,$0
11,2015-12-31,6.69,$1.01,6.61,$10.13,0.66,$-4.03,0.0,$-2.19,0.0,$0.12B,$0.16B,0.74,$0.00B,$0.02B,0.12,$0.22B,$0.18B,82.03%,$0.22B,$-0.04B,-20.28%,$0.22B,$-0.04B,-20.28%,$0.22B,$-0.03B,-13.82%,$0.22B,$-0.05B,-21.20%,$0.22B,$-0.05B,-21.20%,$-0.05B,$0.02B,-135.29%,$-0.05B,$-0.06B,89.76%,$-0.05B,$0.23B,-20.00%,$-0.04B,$0.03B,-119.73%,$58,$10,$48,$7,$46,$68,$-10,$-0,$-10,$1,$-11,$-11,$-11,$-6,$-10,$22,22,$-0.50,$-0.50,$48,$7,$0,$120,$23,$0,$79,$2,$109,$229,$162,$3,$1,$44,$206,$0,$-150,$-2,$22,$229,$-47,$14,$17,$31,$26,$-1,$-9,$-2,$10,$-6,$-7,$0,$-2,$0,$0,$0,$-0,$-9,$-1,$0,$-1,$0,$0,$0,$-0,$-1,$-17,$7,$0
12,2015-09-30,6.7,$1.46,4.58,$11.17,0.6,$-3.58,0.0,$-2.68,0.0,$0.11B,$0.15B,0.72,$0.00B,$0.03B,0.08,$0.24B,$0.19B,81.09%,$0.24B,$-0.06B,-25.63%,$0.24B,$-0.06B,-25.63%,$0.24B,$-0.05B,-19.75%,$0.24B,$-0.06B,-26.89%,$0.24B,$-0.06B,-23.95%,$-0.06B,$0.03B,-128.81%,$-0.06B,$-0.05B,127.37%,$-0.06B,$0.23B,-23.29%,$-0.06B,$0.04B,-129.10%,$50,$9,$41,$7,$42,$58,$-9,$1,$-8,$-1,$-7,$-7,$-7,$-5,$-9,$22,22,$-0.34,$-0.34,$34,$8,$2,$111,$23,$0,$86,$2,$117,$228,$153,$3,$1,$42,$195,$0,$-138,$-2,$32,$228,$-35,$10,$9,$19,$26,$-2,$-9,$-13,$-3,$-19,$-7,$0,$-2,$0,$0,$0,$-0,$-9,$-0,$0,$-0,$0,$0,$0,$-0,$-0,$-30,$5,$0
13,2015-06-30,7.98,$1.73,4.6,$11.91,0.67,$-3.26,0.0,$-3.10,0.0,$0.10B,$0.14B,0.71,$0.00B,$0.04B,0.07,$0.25B,$0.20B,80.63%,$0.25B,$-0.07B,-26.88%,$0.25B,$-0.07B,-26.88%,$0.25B,$-0.05B,-21.34%,$0.25B,$-0.07B,-28.46%,$0.25B,$-0.07B,-26.09%,$-0.07B,$0.04B,-115.28%,$-0.07B,$-0.05B,171.43%,$-0.07B,$0.22B,-25.68%,$-0.07B,$0.04B,-112.86%,$51,$9,$42,$7,$42,$59,$-7,$-1,$-8,$0,$-8,$-8,$-8,$-4,$-7,$22,22,$-0.38,$-0.38,$30,$8,$0,$100,$25,$0,$88,$2,$120,$220,$142,$3,$1,$40,$182,$0,$-131,$-1,$38,$220,$-28,$7,$7,$14,$32,$-1,$-11,$-27,$-12,$-27,$-5,$0,$-2,$0,$0,$0,$-0,$-7,$-0,$0,$-0,$0,$0,$0,$-0,$-0,$-35,$3,$0
14,2015-03-31,7.61,$1.96,3.87,$12.23,0.62,$-2.86,0.0,$-3.46,0.0,$0.12B,$0.16B,0.76,$0.00B,$0.04B,0.06,$0.26B,$0.21B,79.92%,$0.26B,$-0.08B,-29.34%,$0.26B,$-0.08B,-29.34%,$0.26B,$-0.06B,-23.94%,$0.26B,$-0.08B,-30.50%,$0.26B,$-0.07B,-28.57%,$-0.07B,$0.04B,-102.07%,$-0.07B,$-0.05B,242.62%,$-0.07B,$0.24B,-27.56%,$-0.08B,$0.05B,-100.33%,$58,$11,$47,$9,$56,$76,$-18,$-2,$-20,$0,$-20,$-20,$-20,$-15,$-18,$21,21,$-0.95,$-0.95,$46,$8,$0,$123,$25,$0,$89,$2,$120,$243,$162,$3,$1,$37,$199,$0,$-123,$-2,$44,$243,$-20,$3,$4,$7,$25,$-2,$-4,$-17,$-0,$-13,$-2,$0,$-2,$0,$0,$0,$0,$-4,$-0,$0,$-0,$0,$0,$0,$-0,$-0,$-19,$1,$0
15,2014-12-31,9.76,$2.89,3.37,$12.33,0.79,$-2.82,0.0,$-3.47,0.0,$0.16B,$0.18B,0.9,$0.00B,$0.06B,0.05,$0.26B,$0.21B,79.77%,$0.26B,$-0.08B,-30.15%,$0.26B,$-0.08B,-30.15%,$0.26B,$-0.07B,-24.81%,$0.26B,$-0.08B,-30.53%,$0.26B,$-0.07B,-28.24%,$-0.07B,$0.06B,-82.68%,$-0.07B,$-0.03B,356.63%,$-0.07B,$0.29B,-26.93%,$-0.08B,$0.07B,-84.49%,$79,$16,$63,$7,$65,$106,$-27,$-0,$-28,$-6,$-22,$-22,$-22,$-23,$-27,$21,21,$-1.01,$-1.01,$65,$7,$0,$164,$25,$0,$93,$1,$124,$288,$183,$3,$1,$42,$225,$0,$-103,$-1,$63,$288,$-74,$14,$23,$37,$-16,$0,$8,$56,$43,$7,$-10,$0,$-42,$0,$0,$0,$12,$-39,$-1,$0,$-1,$1,$1,$0,$-0,$-0,$-34,$7,$0
16,2014-09-30,8.05,$3.85,2.09,$12.21,0.66,$-2.72,0.0,$-2.64,0.0,$0.13B,$0.15B,0.88,$0.00B,$0.08B,0.04,$0.26B,$0.21B,80.08%,$0.26B,$-0.06B,-21.07%,$0.26B,$-0.06B,-21.07%,$0.26B,$-0.04B,-16.09%,$0.26B,$-0.06B,-21.07%,$0.26B,$-0.06B,-21.46%,$-0.06B,$0.08B,-52.58%,$-0.06B,$-0.03B,22400.00%,$-0.06B,$0.28B,-20.33%,$-0.06B,$0.09B,-50.23%,$65,$13,$52,$9,$59,$80,$-16,$-1,$-16,$-0,$-16,$-16,$-16,$-12,$-16,$21,21,$-0.76,$-0.76,$49,$6,$0,$134,$25,$0,$114,$1,$143,$277,$152,$3,$1,$42,$193,$0,$-81,$-0,$84,$277,$-52,$10,$10,$20,$0,$1,$1,$20,$20,$-12,$-7,$0,$-42,$0,$0,$0,$12,$-37,$-0,$0,$-0,$1,$1,$0,$0,$0,$-49,$5,$0
17,2014-06-30,9.72,$4.54,2.14,$11.97,0.81,$-2.28,0.0,$-2.07,0.0,$0.12B,$0.13B,0.9,$0.00B,$0.10B,0.04,$0.26B,$0.21B,80.54%,$0.26B,$-0.05B,-18.29%,$0.26B,$-0.05B,-18.29%,$0.26B,$-0.04B,-13.62%,$0.26B,$-0.05B,-18.29%,$0.26B,$-0.04B,-17.12%,$-0.04B,$0.10B,-36.29%,$-0.04B,$-0.02B,-193.41%,$-0.04B,$0.27B,-15.94%,$-0.05B,$0.10B,-38.06%,$57,$12,$45,$8,$52,$72,$-15,$-0,$-15,$0,$-16,$-16,$-16,$-12,$-15,$21,21,$-0.74,$-0.74,$47,$8,$0,$120,$25,$0,$117,$4,$146,$266,$133,$4,$2,$34,$167,$0,$-65,$1,$99,$266,$-36,$7,$7,$14,$13,$-0,$-1,$-3,$4,$-18,$-5,$0,$-42,$0,$0,$0,$12,$-34,$-0,$0,$-0,$1,$1,$0,$0,$0,$-52,$3,$0
18,2014-03-31,11.22,$5.15,2.18,$12.16,0.92,$-1.56,0.0,$-1.49,0.0,$0.12B,$0.13B,0.98,$0.00B,$0.11B,0.04,$0.26B,$0.21B,81.68%,$0.26B,$-0.04B,-13.74%,$0.26B,$-0.04B,-13.74%,$0.26B,$-0.02B,-9.16%,$0.26B,$-0.04B,-13.74%,$0.26B,$-0.03B,-11.83%,$-0.03B,$0.11B,-23.57%,$-0.03B,$-0.01B,-63.92%,$-0.03B,$0.27B,-11.27%,$-0.04B,$0.12B,-27.12%,$61,$12,$49,$9,$55,$82,$-21,$0,$-21,$-1,$-20,$-20,$-20,$-18,$-21,$21,21,$-0.96,$-0.96,$56,$8,$0,$124,$23,$0,$118,$3,$145,$268,$126,$4,$2,$30,$156,$0,$-50,$0,$112,$268,$-20,$3,$4,$7,$18,$-1,$1,$-9,$-1,$-14,$-1,$0,$-40,$0,$0,$0,$12,$-29,$-0,$0,$-0,$0,$0,$0,$0,$0,$-43,$1,$0
19,2013-12-31,12.22,$6.08,2.01,$12.27,1.0,$-1.23,0.0,$-0.75,0.0,$0.19B,$0.14B,1.4,$0.00B,$0.13B,0.0,$0.27B,$0.22B,82.64%,$0.27B,$-0.02B,-7.17%,$0.27B,$-0.02B,-7.17%,$0.27B,$-0.01B,-3.02%,$0.27B,$-0.02B,-7.17%,$0.27B,$-0.02B,-6.04%,$-0.02B,$0.13B,-11.53%,$-0.02B,$0.05B,-21.62%,$-0.02B,$0.29B,-5.87%,$-0.02B,$0.13B,-13.69%,$78,$14,$63,$9,$57,$81,$-3,$0,$-3,$1,$-4,$-4,$-4,$-0,$-3,$22,22,$-0.18,$-0.18,$111,$7,$0,$191,$18,$0,$79,$1,$100,$291,$136,$0,$3,$23,$160,$0,$-29,$1,$131,$291,$-16,$10,$7,$17,$-9,$-0,$4,$13,$7,$8,$-9,$0,$-26,$0,$0,$0,$-12,$-47,$-0,$0,$-0,$-10,$-10,$0,$0,$-10,$-49,$9,$0
20,2013-09-30,16.23,$6.32,2.57,$12.40,1.31,$0.27,59.89,$-0.39,0.0,$0.18B,$0.11B,1.57,$0.00B,$0.14B,0.0,$0.27B,$0.22B,83.46%,$0.27B,$-0.01B,-3.76%,$0.27B,$-0.01B,-3.76%,$0.27B,$-0.00B,-0.38%,$0.27B,$-0.01B,-3.76%,$0.27B,$-0.01B,-2.63%,$-0.01B,$0.14B,-4.90%,$-0.01B,$0.06B,-8.09%,$-0.01B,$0.28B,-2.60%,$-0.01B,$0.14B,-6.99%,$61,$11,$50,$9,$49,$68,$-8,$-0,$-8,$-4,$-4,$-4,$-4,$-5,$-8,$22,22,$-0.19,$-0.19,$113,$7,$0,$178,$18,$0,$80,$3,$101,$279,$113,$0,$3,$22,$136,$0,$-25,$1,$143,$279,$-12,$7,$3,$10,$6,$-1,$1,$-3,$-1,$-4,$-6,$0,$-26,$0,$0,$0,$0,$-32,$-0,$0,$-0,$1,$1,$0,$-0,$1,$-35,$6,$0
21,2013-06-30,14.74,$6.22,2.37,$12.66,1.16,$1.14,12.91,$-1.78,0.0,$0.19B,$0.11B,1.76,$0.00B,$0.14B,0.0,$0.27B,$0.23B,83.64%,$0.27B,$-0.01B,-1.86%,$0.27B,$-0.01B,-1.86%,$0.27B,$0.00B,0.74%,$0.27B,$-0.01B,-1.86%,$0.27B,$-0.04B,-13.01%,$-0.04B,$0.14B,-24.65%,$-0.04B,$0.09B,-37.23%,$-0.04B,$0.26B,-13.31%,$-0.01B,$0.14B,-3.52%,$62,$10,$52,$9,$46,$66,$-4,$0,$-4,$-0,$-3,$-3,$-3,$-1,$-4,$22,22,$-0.15,$-0.15,$132,$6,$0,$188,$17,$0,$56,$1,$74,$262,$107,$0,$1,$15,$122,$0,$-25,$0,$140,$262,$-8,$5,$4,$8,$8,$1,$3,$-14,$-3,$-3,$-4,$0,$-8,$0,$0,$0,$0,$-12,$-0,$0,$-0,$1,$1,$0,$0,$0,$-16,$4,$0
22,2013-03-31,15.38,$6.39,2.41,$12.68,1.21,$1.68,9.17,$-1.84,0.0,$0.19B,$0.10B,1.88,$0.00B,$0.14B,0.0,$0.27B,$0.22B,82.84%,$0.27B,$-0.01B,-2.24%,$0.27B,$-0.01B,-2.24%,$0.27B,0,0.00%,$0.27B,$-0.01B,-2.24%,$0.27B,$-0.04B,-13.81%,$-0.04B,$0.14B,-24.83%,$-0.04B,$0.10B,-35.75%,$-0.04B,$0.26B,-14.03%,$-0.01B,$0.14B,-4.03%,$64,$10,$54,$7,$50,$68,$-4,$0,$-4,$1,$-5,$-5,$-5,$-2,$-4,$21,21,$-0.23,$-0.23,$139,$7,$0,$194,$17,$0,$46,$1,$64,$258,$103,$0,$1,$14,$117,$0,$-21,$0,$141,$258,$-5,$2,$2,$4,$11,$-1,$-0,$-9,$-5,$-6,$-3,$0,$0,$0,$0,$0,$0,$-3,$-0,$0,$-0,$0,$0,$0,$0,$0,$-9,$2,$0
23,2012-12-31,12.34,$6.75,1.83,$13.00,0.95,$2.14,5.77,$-1.71,0.0,$0.22B,$0.12B,1.81,$0.00B,$0.15B,0.0,$0.27B,$0.22B,82.05%,$0.27B,$-0.00B,-1.47%,$0.27B,$-0.00B,-1.47%,$0.27B,$0.00B,0.73%,$0.27B,$-0.01B,-1.83%,$0.27B,$-0.03B,-12.45%,$-0.03B,$0.15B,-21.73%,$-0.03B,$0.10B,-30.70%,$-0.03B,$0.28B,-12.82%,$-0.00B,$0.15B,-2.56%,$79,$13,$66,$6,$55,$73,$6,$0,$6,$1,$5,$5,$5,$7,$6,$21,21,$0.22,$0.22,$148,$7,$0,$215,$17,$0,$46,$2,$65,$279,$118,$0,$0,$13,$131,$0,$-13,$1,$148,$279,$-34,$8,$37,$45,$0,$0,$-1,$13,$24,$35,$-4,$0,$0,$10,$0,$10,$0,$6,$-0,$0,$-0,$1,$1,$0,$0,$1,$42,$8,$0
24,2012-09-30,12.75,$6.35,2.01,$13.14,0.97,$0.36,34.99,$-2.13,0.0,$0.19B,$0.10B,1.84,$0.00B,$0.14B,0.0,$0.28B,$0.22B,81.45%,$0.28B,$-0.01B,-4.73%,$0.28B,$-0.01B,-4.73%,$0.28B,$-0.01B,-1.82%,$0.28B,$-0.01B,-5.09%,$0.28B,$-0.04B,-16.00%,$-0.04B,$0.14B,-27.12%,$-0.04B,$0.09B,-37.77%,$-0.04B,$0.25B,-16.62%,$-0.01B,$0.14B,-8.01%,$64,$11,$53,$5,$51,$68,$-3,$0,$-3,$29,$-32,$-32,$-32,$-2,$-3,$21,21,$-1.52,$-1.52,$126,$7,$0,$189,$17,$0,$46,$2,$65,$253,$102,$0,$0,$12,$115,$0,$-21,$1,$139,$253,$-39,$6,$34,$40,$11,$0,$-0,$-0,$10,$11,$-3,$0,$0,$10,$0,$10,$0,$7,$-0,$0,$-0,$1,$1,$0,$0,$1,$20,$6,$0
25,2012-06-30,13.84,$7.73,1.79,$13.18,1.05,$-0.62,0.0,$-0.61,0.0,$0.19B,$0.09B,2.1,$0.00B,$0.17B,0.0,$0.28B,$0.22B,81.45%,$0.28B,$-0.02B,-5.82%,$0.28B,$-0.02B,-5.82%,$0.28B,$-0.01B,-2.55%,$0.28B,$-0.02B,-6.18%,$0.28B,$-0.01B,-4.73%,$-0.01B,$0.17B,-7.66%,$-0.01B,$0.12B,-10.48%,$-0.01B,$0.27B,-4.86%,$-0.02B,$0.17B,-9.43%,$61,$11,$49,$6,$48,$66,$-5,$0,$-5,$-0,$-5,$-5,$-5,$-3,$-5,$21,21,$-0.22,$-0.22,$120,$6,$0,$190,$18,$0,$46,$3,$74,$265,$91,$0,$2,$6,$97,$0,$13,$0,$168,$265,$-6,$4,$4,$8,$16,$0,$-3,$-8,$5,$6,$-2,$0,$0,$8,$0,$8,$0,$6,$-0,$0,$-0,$0,$0,$0,$0,$0,$12,$4,$0
26,2012-03-31,10.32,$7.87,1.31,$13.50,0.76,$-1.17,0.0,$-0.61,0.0,$0.19B,$0.09B,2.1,$0.00B,$0.17B,0.0,$0.28B,$0.23B,81.85%,$0.28B,$-0.02B,-5.69%,$0.28B,$-0.02B,-5.69%,$0.28B,$-0.01B,-2.49%,$0.28B,$-0.02B,-6.05%,$0.28B,$-0.01B,-4.63%,$-0.01B,$0.17B,-7.66%,$-0.01B,$0.13B,-10.51%,$-0.01B,$0.26B,-4.85%,$-0.02B,$0.17B,-9.43%,$69,$13,$56,$6,$52,$72,$-2,$-0,$-3,$-1,$-2,$-2,$-2,$0,$-2,$21,21,$-0.09,$-0.09,$119,$7,$0,$187,$20,$0,$46,$3,$78,$264,$89,$0,$2,$4,$93,$0,$17,$1,$171,$264,$-2,$2,$1,$3,$18,$-1,$-1,$-11,$2,$3,$-1,$0,$0,$3,$0,$3,$0,$2,$-0,$0,$-0,$0,$0,$0,$0,$-0,$6,$2,$0
27,2011-12-31,7.63,$8.05,0.95,$12.94,0.59,$-1.33,0.0,$-0.97,0.0,$0.20B,$0.10B,1.94,$0.00B,$0.17B,0.0,$0.27B,$0.22B,81.78%,$0.27B,$-0.03B,-10.41%,$0.27B,$-0.03B,-10.41%,$0.27B,$-0.02B,-6.69%,$0.27B,$-0.03B,-10.41%,$0.27B,$-0.02B,-7.43%,$-0.02B,$0.17B,-11.78%,$-0.02B,$0.13B,-16.16%,$-0.02B,$0.28B,-7.47%,$-0.03B,$0.17B,-16.49%,$81,$15,$66,$6,$62,$83,$-3,$0,$-3,$2,$-5,$-5,$-5,$-0,$-3,$21,21,$-0.22,$-0.22,$116,$7,$0,$201,$21,$0,$46,$2,$76,$277,$103,$0,$0,$3,$106,$0,$19,$0,$171,$277,$-20,$9,$12,$21,$-5,$3,$-0,$9,$2,$3,$-10,$0,$-0,$-3,$0,$-3,$0,$-13,$-0,$0,$-0,$1,$1,$0,$0,$1,$-9,$12,$0
28,2011-09-30,9.15,$7.96,1.15,$12.57,0.73,$0.09,102.69,$-0.50,0.0,$0.19B,$0.09B,2.06,$0.00B,$0.17B,0.0,$0.26B,$0.22B,82.44%,$0.26B,$-0.02B,-8.40%,$0.26B,$-0.02B,-8.40%,$0.26B,$-0.01B,-5.34%,$0.26B,$-0.02B,-8.40%,$0.26B,$-0.01B,-3.82%,$-0.01B,$0.17B,-5.83%,$-0.01B,$0.12B,-7.95%,$-0.01B,$0.26B,-3.74%,$-0.02B,$0.17B,-12.83%,$64,$11,$53,$5,$54,$70,$-6,$0,$-6,$-5,$-1,$-1,$-1,$-4,$-6,$21,21,$-0.06,$-0.06,$111,$9,$0,$186,$22,$0,$46,$2,$77,$263,$90,$0,$0,$3,$94,$0,$24,$1,$169,$263,$-15,$6,$6,$12,$12,$1,$1,$-2,$-1,$-4,$-8,$0,$-0,$-2,$0,$-2,$0,$-10,$-0,$0,$-0,$1,$1,$0,$0,$1,$-13,$5,$0
29,2011-06-30,16.14,$7.97,2.03,$12.46,1.3,$1.20,13.49,$-0.46,0.0,$0.19B,$0.10B,1.96,$0.00B,$0.17B,0.0,$0.26B,$0.21B,82.24%,$0.26B,$-0.02B,-6.95%,$0.26B,$-0.02B,-6.95%,$0.26B,$-0.01B,-3.86%,$0.26B,$-0.02B,-6.95%,$0.26B,$-0.01B,-3.47%,$-0.01B,$0.17B,-5.23%,$-0.01B,$0.12B,-7.11%,$-0.01B,$0.27B,-3.38%,$-0.02B,$0.17B,-10.47%,$67,$12,$55,$6,$54,$72,$-5,$0,$-5,$-1,$-5,$-5,$-5,$-3,$-5,$21,21,$-0.22,$-0.22,$115,$10,$0,$191,$22,$0,$46,$3,$77,$268,$97,$0,$0,$3,$100,$0,$25,$1,$168,$268,$-14,$4,$6,$11,$8,$0,$3,$-2,$1,$-2,$-5,$0,$-0,$-2,$0,$-2,$0,$-7,$-0,$0,$-0,$0,$0,$0,$0,$0,$-9,$3,$0
30,2011-03-31,13.21,$8.12,1.63,$12.09,1.09,$1.72,7.69,$-0.07,0.0,$0.19B,$0.09B,2.15,$0.00B,$0.17B,0.0,$0.25B,$0.21B,83.40%,$0.25B,$-0.01B,-3.16%,$0.25B,$-0.01B,-3.16%,$0.25B,0,0.00%,$0.25B,$-0.01B,-3.16%,$0.25B,$0.00B,0.00%,$0.00B,$0.17B,0.00%,$0.00B,$0.13B,0.00%,$0.00B,$0.26B,0.00%,$-0.01B,$0.17B,-4.65%,$57,$11,$46,$6,$53,$71,$-14,$0,$-14,$-4,$-9,$-9,$-9,$-11,$-14,$21,21,$-0.45,$-0.45,$121,$10,$0,$186,$22,$0,$46,$2,$77,$263,$87,$0,$0,$5,$92,$0,$30,$0,$171,$263,$-9,$2,$-1,$1,$18,$-0,$-1,$-3,$9,$1,$-3,$0,$-0,$-2,$0,$-2,$0,$-5,$-0,$0,$-0,$0,$0,$0,$0,$0,$-3,$1,$0
31,2010-12-31,21.22,$8.50,2.5,$12.33,1.72,$1.96,10.81,$0.62,34.23,$0.20B,$0.09B,2.17,$0.00B,$0.18B,0.0,$0.26B,$0.22B,84.56%,$0.26B,$0.01B,5.02%,$0.26B,$0.01B,5.02%,$0.26B,$0.02B,7.34%,$0.26B,$0.01B,5.02%,$0.26B,$0.01B,5.41%,$0.01B,$0.18B,8.25%,$0.01B,$0.13B,11.22%,$0.01B,$0.28B,5.67%,$0.01B,$0.18B,7.66%,$74,$12,$62,$6,$54,$72,$3,$-0,$3,$-2,$5,$5,$5,$4,$3,$20,21,$0.24,$0.24,$122,$10,$0,$201,$21,$0,$46,$2,$75,$276,$93,$0,$0,$5,$98,$0,$39,$0,$178,$276,$13,$7,$-1,$5,$-12,$-1,$6,$25,$13,$32,$-8,$0,$-0,$-6,$0,$-6,$0,$-15,$-0,$0,$-0,$2,$2,$0,$1,$3,$21,$4,$0
32,2010-09-30,21.24,$8.23,2.58,$12.75,1.67,$2.50,8.51,$0.97,21.9,$0.19B,$0.08B,2.24,$0.00B,$0.17B,0.0,$0.26B,$0.23B,85.55%,$0.26B,$0.03B,11.03%,$0.26B,$0.03B,11.03%,$0.26B,$0.04B,13.31%,$0.26B,$0.03B,11.03%,$0.26B,$0.02B,7.98%,$0.02B,$0.17B,12.79%,$0.02B,$0.13B,17.61%,$0.02B,$0.26B,8.97%,$0.03B,$0.17B,17.66%,$61,$10,$50,$6,$46,$63,$-2,$0,$-2,$-1,$-0,$-0,$-0,$0,$-2,$20,20,$-0.02,$-0.02,$110,$12,$0,$186,$21,$0,$46,$1,$73,$259,$83,$0,$0,$4,$87,$0,$34,$0,$171,$259,$8,$5,$1,$6,$-9,$-3,$-0,$25,$2,$17,$-6,$0,$0,$0,$0,$0,$0,$-6,$-0,$0,$-0,$2,$2,$0,$1,$3,$15,$3,$0
33,2010-06-30,22.96,$8.17,2.81,$12.98,1.77,$2.40,9.58,$1.24,18.52,$0.16B,$0.06B,2.65,$0.00B,$0.17B,0.0,$0.27B,$0.23B,86.62%,$0.27B,$0.04B,14.50%,$0.27B,$0.04B,14.50%,$0.27B,$0.04B,16.36%,$0.27B,$0.04B,14.50%,$0.27B,$0.03B,9.67%,$0.03B,$0.17B,16.53%,$0.03B,$0.12B,23.16%,$0.03B,$0.23B,11.79%,$0.04B,$0.17B,24.80%,$61,$8,$53,$6,$42,$56,$5,$-0,$5,$1,$4,$4,$4,$7,$5,$20,21,$0.18,$0.17,$100,$12,$0,$161,$19,$0,$45,$1,$71,$232,$61,$0,$1,$3,$64,$0,$34,$-0,$168,$232,$9,$3,$2,$5,$4,$-3,$-0,$1,$-7,$7,$-3,$0,$0,$0,$0,$0,$0,$-3,$-0,$0,$-0,$1,$1,$0,$1,$1,$4,$2,$0
34,2010-03-31,23.78,$7.92,3.0,$13.37,1.78,$2.47,9.62,$0.65,36.58,$0.15B,$0.06B,2.71,$0.00B,$0.16B,0.0,$0.26B,$0.23B,86.74%,$0.26B,$0.02B,8.33%,$0.26B,$0.02B,8.33%,$0.26B,$0.03B,10.23%,$0.26B,$0.02B,8.33%,$0.26B,$0.02B,5.68%,$0.02B,$0.16B,10.05%,$0.02B,$0.12B,14.35%,$0.02B,$0.22B,7.19%,$0.02B,$0.16B,14.74%,$63,$9,$54,$5,$42,$56,$7,$0,$7,$2,$5,$5,$5,$8,$7,$20,21,$0.25,$0.24,$99,$11,$0,$151,$18,$0,$46,$1,$70,$220,$56,$0,$1,$2,$58,$0,$31,$-0,$162,$220,$5,$1,$1,$3,$10,$-2,$1,$-4,$-3,$5,$-1,$0,$0,$0,$0,$0,$0,$-1,$-0,$0,$-0,$0,$0,$0,$0,$0,$4,$1,$0
