,Date,Stock Price,Book Value per Share,Price to Book Ratio,TTM Sales per Share,Price to Sales Ratio,TTM FCF per Share,Price to FCF Ratio,TTM Net EPS,PE Ratio,Current Assets,Current Liabilities,Current Ratio,Long Term Debt,Shareholder's Equity_x,Debt to Equity Ratio,TTM Revenue_x,TTM Gross Profit,Gross Margin,TTM Revenue_y,TTM Operating Income,Operating Margin,TTM Revenue_x,TTM EBIT,EBIT Margin,TTM Revenue_y,TTM EBITDA,EBITDA Margin,TTM Revenue_x,TTM Pre-Tax Income,Pre-Tax Margin,TTM Revenue_y,TTM Net Income_x,Net Margin,TTM Net Income_y,Shareholder's Equity_y,Return on Equity,TTM Net Income_x,Tangible Equity,Return on Tangible Equity,TTM Net Income_y,Total Assets,Return on Assets,TTM Net Income,LT Investments & Debt,Return on Investment,revenue,cost-goods-sold,gross-profit,research-development-expenses,selling-general-administrative-expenses,operating-expenses,operating-income,total-non-operating-income-expense,pre-tax-income,total-provision-income-taxes,income-after-taxes,income-from-continuous-operations,net-income,ebitda,ebit,basic-shares-outstanding,shares-outstanding,eps-basic-net-earnings-per-share,eps-earnings-per-share-diluted,cash-on-hand,inventory,other-current-assets,total-current-assets,net-property-plant-equipment,long-term-investments,goodwill-intangible-assets-total,other-long-term-assets,total-long-term-assets,total-assets,total-current-liabilities,long-term-debt,other-non-current-liabilities,total-long-term-liabilities,total-liabilities,common-stock-net,retained-earnings-accumulated-deficit,comprehensive-income,total-share-holder-equity,total-liabilities-share-holders-equity,net-income-loss,total-depreciation-amortization-cash-flow,other-non-cash-items,total-non-cash-items,change-in-accounts-receivable,change-in-inventories,change-in-accounts-payable,change-in-assets-liabilities,total-change-in-assets-liabilities,cash-flow-from-operating-activities,net-change-in-property-plant-equipment,net-change-in-intangible-assets,net-acquisitions-divestitures,net-change-in-short-term-investments,net-change-in-long-term-investments,net-change-in-investments-total,investing-activities-other,cash-flow-from-investing-activities,net-long-term-debt,net-current-debt,debt-issuance-retirement-net-total,net-common-equity-issued-repurchased,net-total-equity-issued-repurchased,total-common-preferred-stock-dividends-paid,financial-activities-other,cash-flow-from-financial-activities,net-cash-flow,stock-based-compensation,common-stock-dividends-paid
0,2018-09-30,24.45,$11.73,2.08,$8.38,2.92,$2.63,9.28,$1.11,22.03,$0.37B,$0.05B,8.04,$0.00B,$0.37B,0.0,$0.27B,$0.15B,54.44%,$0.27B,$0.05B,19.63%,$0.27B,$0.05B,19.63%,$0.27B,$0.06B,21.85%,$0.27B,$0.06B,20.37%,$0.27B,$0.04B,13.33%,$0.04B,$0.37B,10.12%,$0.04B,$0.34B,11.08%,$0.04B,$0.43B,8.73%,$0.05B,$0.37B,14.90%,$60,$29,$31,$12,$11,$53,$8,$1,$8,$1,$7,$7,$7,$9,$8,$32,32,$0.23,$0.22,$194,$91,$0,$366,$17,$0,$30,$16,$63,$430,$46,$0,$10,$10,$56,$0,$-15,$-2,$374,$430,$37,$5,$9,$14,$0,$0,$0,$-26,$-26,$24,$-4,$0,$0,$39,$0,$39,$-1,$34,$0,$0,$0,$0,$0,$0,$-2,$-2,$57,$5,$0
1,2018-06-30,29.6,$11.47,2.58,$8.60,3.44,$3.11,9.53,$1.43,20.7,$0.36B,$0.05B,7.71,$0.00B,$0.37B,0.0,$0.28B,$0.15B,54.51%,$0.28B,$0.07B,25.63%,$0.28B,$0.07B,25.63%,$0.28B,$0.08B,27.80%,$0.28B,$0.07B,26.35%,$0.28B,$0.05B,16.61%,$0.05B,$0.37B,13.32%,$0.05B,$0.34B,14.64%,$0.05B,$0.42B,11.45%,$0.07B,$0.37B,20.56%,$77,$36,$42,$13,$12,$61,$17,$1,$17,$3,$15,$15,$15,$18,$17,$32,32,$0.46,$0.45,$183,$84,$0,$360,$17,$0,$31,$15,$63,$423,$47,$0,$10,$10,$57,$0,$-22,$-1,$366,$423,$30,$3,$6,$9,$0,$0,$0,$-30,$-30,$9,$-2,$0,$0,$-17,$0,$-17,$0,$-19,$0,$0,$0,$0,$0,$0,$-2,$-2,$-11,$4,$0
2,2018-03-31,27.7,$11.00,2.52,$8.31,3.33,$3.65,7.59,$1.27,21.81,$0.35B,$0.05B,7.07,$0.00B,$0.35B,0.0,$0.27B,$0.14B,53.93%,$0.27B,$0.07B,25.09%,$0.27B,$0.07B,25.09%,$0.27B,$0.07B,27.34%,$0.27B,$0.07B,25.84%,$0.27B,$0.04B,14.98%,$0.04B,$0.35B,12.05%,$0.04B,$0.32B,13.29%,$0.04B,$0.41B,10.29%,$0.07B,$0.35B,20.18%,$73,$31,$42,$12,$13,$56,$17,$0,$18,$3,$15,$15,$15,$19,$17,$32,32,$0.48,$0.47,$180,$80,$0,$346,$17,$0,$31,$15,$64,$410,$49,$0,$11,$11,$60,$0,$-37,$-1,$350,$410,$15,$2,$3,$4,$0,$0,$0,$-15,$-15,$5,$-1,$0,$0,$-3,$0,$-3,$0,$-4,$0,$0,$0,$0,$0,$0,$-1,$-1,$0,$2,$0
3,2017-12-31,23.9,$10.54,2.27,$7.94,3.01,$3.94,6.07,$1.02,23.43,$0.32B,$0.04B,7.61,$0.00B,$0.33B,0.0,$0.26B,$0.13B,52.55%,$0.26B,$0.06B,23.53%,$0.26B,$0.06B,23.53%,$0.26B,$0.07B,25.49%,$0.26B,$0.06B,23.92%,$0.26B,$0.03B,12.55%,$0.03B,$0.33B,9.99%,$0.03B,$0.30B,11.08%,$0.03B,$0.39B,8.58%,$0.06B,$0.33B,18.74%,$60,$28,$32,$11,$10,$49,$11,$0,$12,$13,$-1,$-1,$-1,$13,$11,$31,32,$-0.02,$-0.03,$177,$68,$0,$322,$17,$0,$31,$15,$64,$386,$42,$0,$10,$10,$53,$0,$-52,$-1,$333,$386,$33,$6,$27,$33,$0,$-4,$3,$4,$-2,$64,$-10,$-1,$0,$-21,$0,$-21,$0,$-33,$0,$0,$0,$-0,$-0,$0,$-2,$-3,$30,$6,$0
4,2017-09-30,26.3,$10.52,2.5,$7.77,3.38,$3.68,7.15,$1.24,21.21,$0.31B,$0.05B,6.8,$0.00B,$0.33B,0.0,$0.25B,$0.13B,52.21%,$0.25B,$0.06B,22.09%,$0.25B,$0.06B,22.09%,$0.25B,$0.06B,24.10%,$0.25B,$0.06B,22.49%,$0.25B,$0.04B,15.66%,$0.04B,$0.33B,12.56%,$0.04B,$0.30B,14.00%,$0.04B,$0.39B,10.80%,$0.06B,$0.33B,17.71%,$67,$32,$35,$12,$10,$41,$26,$0,$26,$8,$17,$17,$17,$27,$26,$32,32,$0.55,$0.54,$159,$66,$0,$309,$16,$0,$32,$31,$79,$388,$45,$0,$10,$10,$55,$0,$-51,$-1,$332,$388,$34,$4,$-5,$-0,$0,$0,$0,$10,$10,$43,$-7,$0,$0,$-3,$0,$-3,$0,$-11,$0,$0,$0,$-1,$-1,$0,$-2,$-2,$30,$4,$0
5,2017-06-30,22.85,$9.93,2.3,$7.65,2.99,$3.54,6.45,$1.00,22.85,$0.29B,$0.05B,6.32,$0.00B,$0.31B,0.0,$0.24B,$0.13B,52.05%,$0.24B,$0.04B,17.21%,$0.24B,$0.04B,17.21%,$0.24B,$0.05B,19.26%,$0.24B,$0.04B,17.62%,$0.24B,$0.03B,12.70%,$0.03B,$0.31B,10.26%,$0.03B,$0.28B,11.50%,$0.03B,$0.37B,8.78%,$0.04B,$0.31B,13.91%,$67,$32,$35,$12,$10,$55,$13,$0,$13,$4,$9,$9,$9,$14,$13,$32,32,$0.29,$0.29,$149,$67,$0,$291,$15,$0,$32,$33,$80,$371,$46,$0,$11,$11,$57,$0,$-68,$-1,$313,$371,$16,$3,$6,$8,$0,$0,$0,$5,$5,$30,$-5,$0,$0,$-3,$0,$-3,$0,$-8,$0,$0,$0,$-1,$-1,$0,$-2,$-2,$20,$3,$0
6,2017-03-31,22.4,$9.62,2.33,$7.53,2.98,$3.09,7.25,$0.95,23.58,$0.27B,$0.03B,8.1,$0.00B,$0.30B,0.0,$0.24B,$0.13B,52.50%,$0.24B,$0.04B,17.08%,$0.24B,$0.04B,17.08%,$0.24B,$0.05B,20.00%,$0.24B,$0.04B,17.08%,$0.24B,$0.03B,12.50%,$0.03B,$0.30B,10.15%,$0.03B,$0.27B,11.44%,$0.03B,$0.35B,8.30%,$0.04B,$0.30B,13.87%,$61,$29,$32,$12,$10,$51,$10,$-0,$10,$2,$7,$7,$7,$11,$10,$31,32,$0.23,$0.22,$137,$66,$0,$270,$12,$0,$32,$31,$76,$346,$33,$0,$10,$10,$43,$0,$-78,$-2,$303,$346,$7,$1,$3,$4,$0,$0,$0,$3,$3,$14,$-2,$0,$0,$3,$0,$3,$0,$1,$0,$0,$0,$-1,$-1,$0,$-1,$-2,$14,$1,$0
7,2016-12-31,23.35,$9.44,2.47,$7.35,3.18,$2.46,9.48,$1.17,19.96,$0.26B,$0.04B,7.3,$0.00B,$0.29B,0.0,$0.23B,$0.12B,52.79%,$0.23B,$0.05B,22.32%,$0.23B,$0.05B,22.32%,$0.23B,$0.06B,26.18%,$0.23B,$0.05B,21.89%,$0.23B,$0.04B,15.88%,$0.04B,$0.29B,12.76%,$0.04B,$0.26B,14.44%,$0.04B,$0.34B,9.92%,$0.05B,$0.29B,17.93%,$54,$26,$28,$11,$10,$48,$6,$0,$7,$1,$6,$6,$6,$8,$6,$31,32,$0.19,$0.18,$126,$65,$0,$263,$12,$0,$33,$1,$76,$339,$36,$0,$9,$9,$45,$0,$-85,$-3,$294,$339,$37,$8,$13,$21,$-9,$4,$1,$-3,$-10,$47,$-2,$-2,$0,$29,$0,$29,$0,$24,$-60,$0,$-60,$-17,$-17,$0,$-2,$-79,$-7,$5,$0
8,2016-09-30,17.74,$9.60,1.85,$7.24,2.45,$1.98,8.94,$1.07,16.58,$0.28B,$0.05B,5.67,$0.00B,$0.30B,0.0,$0.23B,$0.12B,53.04%,$0.23B,$0.05B,22.61%,$0.23B,$0.05B,22.61%,$0.23B,$0.06B,26.52%,$0.23B,$0.05B,20.87%,$0.23B,$0.03B,14.78%,$0.03B,$0.30B,11.96%,$0.03B,$0.27B,13.60%,$0.03B,$0.36B,8.87%,$0.05B,$0.30B,18.29%,$62,$29,$32,$9,$10,$49,$13,$0,$13,$4,$9,$9,$9,$14,$13,$31,31,$0.30,$0.30,$123,$69,$0,$275,$12,$0,$33,$36,$81,$356,$48,$0,$10,$10,$58,$0,$-91,$-1,$298,$356,$31,$7,$6,$13,$0,$0,$0,$-12,$-12,$32,$-1,$0,$0,$32,$0,$32,$0,$30,$-60,$0,$-60,$-8,$-8,$0,$-2,$-69,$-6,$4,$0
9,2016-06-30,15.53,$9.27,1.68,$7.10,2.19,$1.66,9.38,$0.99,15.69,$0.32B,$0.11B,3.01,$0.00B,$0.29B,0.0,$0.23B,$0.12B,53.74%,$0.23B,$0.05B,22.47%,$0.23B,$0.05B,22.47%,$0.23B,$0.06B,26.87%,$0.23B,$0.05B,20.26%,$0.23B,$0.03B,14.10%,$0.03B,$0.29B,11.54%,$0.03B,$0.25B,13.21%,$0.03B,$0.40B,8.18%,$0.05B,$0.29B,18.39%,$63,$29,$34,$12,$9,$50,$12,$-2,$11,$3,$8,$8,$8,$15,$12,$31,32,$0.25,$0.24,$163,$71,$0,$321,$14,$0,$34,$36,$83,$404,$107,$0,$10,$10,$117,$0,$-100,$-1,$287,$404,$22,$5,$-10,$-4,$0,$0,$0,$-5,$-5,$12,$-2,$0,$0,$20,$0,$20,$0,$18,$0,$0,$0,$-8,$-8,$0,$-2,$-9,$22,$2,$0
10,2016-03-31,13.66,$9.08,1.5,$6.96,1.96,$1.72,7.95,$0.94,14.53,$0.31B,$0.10B,3.03,$0.00B,$0.28B,0.0,$0.22B,$0.12B,53.81%,$0.22B,$0.05B,21.97%,$0.22B,$0.05B,21.97%,$0.22B,$0.06B,26.01%,$0.22B,$0.04B,19.73%,$0.22B,$0.03B,13.45%,$0.03B,$0.28B,11.01%,$0.03B,$0.25B,12.58%,$0.03B,$0.39B,7.80%,$0.05B,$0.28B,17.09%,$54,$25,$29,$12,$9,$33,$21,$-2,$20,$6,$14,$14,$14,$24,$21,$31,32,$0.45,$0.44,$148,$74,$0,$309,$14,$0,$34,$36,$84,$393,$102,$0,$10,$10,$112,$0,$-108,$-2,$281,$393,$14,$3,$-12,$-10,$0,$0,$0,$-10,$-10,$-6,$-2,$0,$0,$7,$0,$7,$0,$5,$0,$0,$0,$-5,$-5,$0,$-2,$-6,$-6,$1,$0
11,2015-12-31,14.22,$8.75,1.63,$6.86,2.07,$2.26,6.29,$0.56,25.39,$0.30B,$0.10B,2.99,$0.00B,$0.27B,0.0,$0.22B,$0.12B,54.05%,$0.22B,$0.03B,14.86%,$0.22B,$0.03B,14.86%,$0.22B,$0.04B,18.47%,$0.22B,$0.03B,12.16%,$0.22B,$0.02B,8.11%,$0.02B,$0.27B,6.70%,$0.02B,$0.24B,7.64%,$0.02B,$0.38B,4.75%,$0.03B,$0.27B,11.12%,$51,$24,$27,$10,$10,$45,$6,$-2,$4,$1,$3,$3,$3,$8,$6,$31,32,$0.09,$0.09,$161,$71,$0,$297,$12,$0,$35,$1,$83,$380,$99,$0,$10,$10,$109,$0,$-122,$-3,$271,$380,$18,$10,$15,$25,$-4,$-13,$2,$3,$-9,$34,$-3,$-3,$0,$-3,$0,$-3,$0,$-9,$0,$0,$0,$-20,$-20,$0,$-3,$-23,$1,$8,$0
12,2015-09-30,12.45,$8.65,1.44,$6.77,1.84,$1.38,9.01,$0.51,24.41,$0.31B,$0.11B,2.89,$0.00B,$0.27B,0.0,$0.22B,$0.12B,53.85%,$0.22B,$0.03B,14.03%,$0.22B,$0.03B,14.03%,$0.22B,$0.04B,18.10%,$0.22B,$0.03B,11.76%,$0.22B,$0.02B,7.24%,$0.02B,$0.27B,5.98%,$0.02B,$0.23B,6.79%,$0.02B,$0.39B,4.26%,$0.03B,$0.27B,10.02%,$59,$27,$32,$10,$9,$47,$12,$-1,$11,$4,$7,$7,$7,$14,$12,$32,32,$0.23,$0.22,$155,$73,$0,$307,$12,$0,$36,$31,$79,$387,$106,$0,$11,$11,$117,$0,$-125,$-3,$270,$387,$15,$7,$9,$16,$0,$0,$0,$-8,$-8,$23,$-2,$-3,$0,$-8,$0,$-8,$0,$-13,$0,$0,$0,$-17,$-17,$0,$-2,$-19,$-10,$6,$0
13,2015-06-30,12.01,$8.48,1.42,$6.36,1.89,$0.65,18.52,$0.26,46.19,$0.30B,$0.04B,7.0,$0.06B,$0.27B,0.21,$0.21B,$0.11B,53.59%,$0.21B,$0.02B,11.48%,$0.21B,$0.02B,11.48%,$0.21B,$0.03B,15.79%,$0.21B,$0.02B,8.61%,$0.21B,$0.01B,3.83%,$0.01B,$0.27B,2.97%,$0.01B,$0.24B,3.36%,$0.01B,$0.38B,2.15%,$0.02B,$0.33B,7.40%,$59,$28,$32,$11,$11,$50,$10,$-1,$9,$3,$6,$6,$6,$12,$10,$32,32,$0.19,$0.19,$156,$69,$0,$303,$13,$0,$31,$31,$75,$378,$43,$56,$10,$66,$110,$0,$-132,$-2,$268,$378,$8,$5,$8,$13,$0,$0,$0,$-7,$-7,$14,$-2,$0,$0,$-5,$0,$-5,$0,$-7,$0,$0,$0,$-11,$-11,$0,$-2,$-13,$-6,$5,$0
14,2015-03-31,11.02,$8.31,1.33,$5.82,1.89,$0.56,19.61,$-0.06,0.0,$0.29B,$0.04B,7.44,$0.06B,$0.27B,0.21,$0.19B,$0.10B,53.37%,$0.19B,$0.01B,2.59%,$0.19B,$0.01B,2.59%,$0.19B,$0.01B,7.25%,$0.19B,$-0.00B,-1.04%,$0.19B,$-0.00B,-1.04%,$-0.00B,$0.27B,-0.74%,$-0.00B,$0.24B,-0.83%,$-0.00B,$0.37B,-0.53%,$0.01B,$0.32B,1.53%,$53,$24,$29,$10,$13,$47,$5,$-2,$3,$1,$2,$2,$2,$7,$5,$32,33,$0.06,$0.06,$158,$68,$0,$294,$13,$0,$31,$32,$76,$370,$40,$56,$9,$65,$104,$0,$-138,$-2,$266,$370,$2,$2,$6,$8,$0,$0,$0,$1,$1,$11,$-1,$0,$0,$-9,$0,$-9,$0,$-10,$0,$0,$0,$-7,$-7,$0,$-2,$-9,$-8,$4,$0
15,2014-12-31,10.23,$8.33,1.23,$5.46,1.87,$0.72,14.29,$-0.14,0.0,$0.28B,$0.04B,8.05,$0.06B,$0.27B,0.21,$0.18B,$0.10B,52.75%,$0.18B,$0.00B,0.00%,$0.18B,$0.00B,0.00%,$0.18B,$0.01B,5.49%,$0.18B,$-0.01B,-3.30%,$0.18B,$-0.01B,-2.75%,$-0.01B,$0.27B,-1.82%,$-0.01B,$0.24B,-2.06%,$-0.01B,$0.37B,-1.32%,$0.00B,$0.32B,0.00%,$50,$24,$26,$10,$11,$46,$4,$-1,$3,$1,$1,$1,$1,$7,$4,$33,33,$0.04,$0.04,$157,$63,$0,$281,$13,$0,$32,$1,$85,$367,$35,$55,$10,$64,$99,$0,$-140,$-3,$267,$367,$-5,$10,$7,$17,$1,$-9,$4,$-5,$-8,$4,$-2,$0,$0,$-26,$0,$-26,$0,$-29,$0,$0,$0,$-12,$-12,$0,$-0,$-13,$-38,$6,$0
16,2014-09-30,9.05,$8.31,1.09,$5.30,1.71,$0.69,13.2,$-0.12,0.0,$0.30B,$0.04B,8.42,$0.05B,$0.28B,0.2,$0.18B,$0.09B,52.84%,$0.18B,$-0.00B,-1.14%,$0.18B,$-0.00B,-1.14%,$0.18B,$0.01B,3.98%,$0.18B,$-0.01B,-5.11%,$0.18B,$-0.00B,-2.27%,$-0.00B,$0.28B,-1.44%,$-0.00B,$0.24B,-1.63%,$-0.00B,$0.38B,-1.06%,$-0.00B,$0.33B,-0.60%,$47,$22,$25,$10,$10,$42,$5,$-2,$3,$4,$-1,$-1,$-1,$7,$5,$33,33,$-0.03,$-0.03,$162,$66,$0,$302,$12,$0,$32,$29,$73,$375,$36,$54,$10,$64,$100,$0,$-141,$-2,$276,$375,$-6,$7,$8,$16,$0,$0,$0,$-11,$-11,$-2,$-1,$0,$0,$-27,$0,$-27,$0,$-29,$0,$0,$0,$-2,$-2,$0,$-0,$-2,$-33,$5,$0
17,2014-06-30,9.88,$8.31,1.19,$5.20,1.9,$0.55,17.97,$-0.08,0.0,$0.32B,$0.05B,6.34,$0.05B,$0.28B,0.19,$0.17B,$0.09B,52.02%,$0.17B,$-0.01B,-3.47%,$0.17B,$-0.01B,-3.47%,$0.17B,$0.00B,2.31%,$0.17B,$-0.01B,-6.94%,$0.17B,$-0.00B,-1.73%,$-0.00B,$0.28B,-1.08%,$-0.00B,$0.24B,-1.23%,$-0.00B,$0.39B,-0.79%,$-0.01B,$0.33B,-1.82%,$43,$20,$23,$11,$21,$53,$-9,$-2,$-11,$-7,$-4,$-4,$-4,$-7,$-9,$33,33,$-0.13,$-0.13,$177,$66,$0,$316,$12,$0,$33,$29,$73,$389,$50,$53,$9,$63,$112,$0,$-140,$-2,$277,$389,$-5,$5,$5,$10,$0,$0,$0,$6,$6,$11,$-1,$0,$0,$-35,$0,$-35,$0,$-36,$0,$0,$0,$-1,$-1,$0,$-0,$-1,$-26,$3,$0
18,2014-03-31,11.41,$8.42,1.36,$5.30,2.15,$-0.00,0.0,$0.07,163.0,$0.31B,$0.04B,8.07,$0.05B,$0.28B,0.19,$0.18B,$0.09B,51.70%,$0.18B,$0.01B,2.84%,$0.18B,$0.01B,2.84%,$0.18B,$0.02B,9.09%,$0.18B,0,0.00%,$0.18B,$0.00B,1.14%,$0.00B,$0.28B,0.72%,$0.00B,$0.25B,0.82%,$0.00B,$0.38B,0.53%,$0.01B,$0.33B,1.52%,$42,$20,$22,$10,$11,$42,$0,$-1,$-1,$-0,$-1,$-1,$-1,$3,$0,$33,33,$-0.02,$-0.02,$184,$62,$0,$305,$13,$0,$33,$29,$75,$379,$38,$52,$9,$62,$100,$0,$-136,$-2,$280,$379,$-1,$3,$2,$4,$0,$0,$0,$12,$12,$16,$-0,$0,$0,$-41,$0,$-41,$0,$-41,$0,$0,$0,$0,$0,$0,$0,$0,$-25,$1,$0
19,2013-12-31,11.74,$8.47,1.39,$5.29,2.22,$-0.55,0.0,$0.10,117.4,$0.30B,$0.03B,9.37,$0.05B,$0.28B,0.19,$0.18B,$0.09B,51.70%,$0.18B,$0.01B,3.41%,$0.18B,$0.01B,3.41%,$0.18B,$0.02B,9.66%,$0.18B,$0.00B,0.57%,$0.18B,$0.00B,1.70%,$0.00B,$0.28B,1.09%,$0.00B,$0.25B,1.23%,$0.00B,$0.37B,0.80%,$0.01B,$0.33B,1.84%,$44,$22,$23,$10,$11,$43,$2,$-1,$0,$-2,$2,$2,$2,$4,$2,$33,33,$0.07,$0.06,$167,$61,$0,$297,$13,$0,$34,$2,$74,$371,$32,$52,$9,$61,$92,$0,$-135,$-2,$279,$371,$3,$10,$6,$16,$3,$-7,$-1,$-4,$-14,$6,$-5,$0,$-3,$-22,$0,$-22,$0,$-30,$0,$0,$0,$1,$1,$0,$0,$1,$-23,$4,$0
20,2013-09-30,11.4,$8.38,1.36,$5.61,2.03,$0.02,745.1,$0.92,12.39,$0.29B,$0.04B,8.39,$0.05B,$0.28B,0.19,$0.19B,$0.10B,52.15%,$0.19B,$0.01B,5.91%,$0.19B,$0.01B,5.91%,$0.19B,$0.02B,11.83%,$0.19B,$0.01B,3.76%,$0.19B,$0.03B,16.13%,$0.03B,$0.28B,10.99%,$0.03B,$0.24B,12.33%,$0.03B,$0.38B,8.08%,$0.01B,$0.33B,3.41%,$44,$22,$22,$10,$10,$43,$1,$-1,$0,$-0,$0,$0,$0,$4,$1,$33,33,$0.01,$0.01,$159,$66,$0,$291,$13,$0,$37,$35,$85,$376,$35,$51,$14,$65,$100,$0,$-137,$-2,$276,$376,$1,$7,$5,$13,$0,$0,$0,$-18,$-18,$-4,$-4,$0,$-3,$-10,$0,$-10,$0,$-17,$0,$0,$0,$1,$1,$0,$1,$2,$-20,$3,$0
21,2013-06-30,11.2,$8.34,1.34,$6.19,1.81,$0.69,16.13,$1.11,10.09,$0.30B,$0.04B,7.85,$0.05B,$0.27B,0.18,$0.20B,$0.11B,52.94%,$0.20B,$0.02B,10.78%,$0.20B,$0.02B,10.78%,$0.20B,$0.03B,15.69%,$0.20B,$0.02B,8.82%,$0.20B,$0.04B,18.14%,$0.04B,$0.27B,14.02%,$0.04B,$0.24B,15.46%,$0.04B,$0.38B,10.15%,$0.02B,$0.32B,7.02%,$46,$23,$24,$10,$11,$44,$2,$-1,$1,$1,$1,$1,$1,$5,$2,$33,33,$0.02,$0.02,$158,$72,$0,$297,$12,$0,$32,$35,$79,$376,$38,$50,$14,$64,$102,$0,$-137,$-2,$274,$376,$1,$5,$4,$9,$0,$0,$0,$-16,$-16,$-6,$-2,$0,$-3,$-26,$0,$-26,$0,$-32,$0,$0,$0,$1,$1,$0,$1,$1,$-37,$2,$0
22,2013-03-31,11.78,$8.33,1.41,$6.52,1.81,$1.22,9.65,$1.28,9.2,$0.30B,$0.04B,8.18,$0.05B,$0.27B,0.18,$0.21B,$0.11B,53.27%,$0.21B,$0.03B,14.02%,$0.21B,$0.03B,14.02%,$0.21B,$0.04B,18.69%,$0.21B,$0.03B,12.62%,$0.21B,$0.04B,19.63%,$0.04B,$0.27B,16.57%,$0.04B,$0.25B,18.08%,$0.04B,$0.37B,11.90%,$0.03B,$0.32B,9.92%,$42,$20,$22,$10,$10,$40,$1,$-2,$-0,$-1,$0,$0,$0,$4,$1,$33,33,$0.01,$0.01,$166,$70,$0,$295,$13,$0,$23,$36,$73,$368,$36,$50,$10,$60,$96,$0,$-138,$-2,$272,$368,$0,$3,$2,$5,$0,$0,$0,$-5,$-5,$-0,$-3,$0,$0,$-16,$0,$-16,$0,$-19,$0,$0,$0,$0,$0,$0,$1,$1,$-19,$1,$0
23,2012-12-31,13.44,$8.36,1.61,$6.66,2.02,$1.50,8.96,$1.33,10.11,$0.29B,$0.04B,7.79,$0.05B,$0.27B,0.18,$0.22B,$0.12B,53.21%,$0.22B,$0.03B,15.14%,$0.22B,$0.03B,15.14%,$0.22B,$0.04B,19.72%,$0.22B,$0.03B,13.76%,$0.22B,$0.04B,20.18%,$0.04B,$0.27B,18.20%,$0.04B,$0.24B,19.71%,$0.04B,$0.37B,12.97%,$0.03B,$0.32B,11.38%,$54,$26,$29,$10,$11,$47,$7,$-1,$6,$-23,$29,$29,$29,$9,$7,$32,33,$0.89,$0.89,$169,$58,$0,$289,$12,$0,$28,$2,$76,$365,$37,$49,$8,$57,$94,$0,$-138,$-1,$270,$365,$44,$9,$-13,$-4,$-15,$-7,$-3,$3,$-17,$22,$-2,$0,$-19,$6,$0,$6,$0,$-15,$0,$0,$0,$0,$0,$0,$0,$0,$8,$4,$0
24,2012-09-30,10.5,$7.43,1.41,$6.36,1.65,$2.26,4.64,$0.64,16.41,$0.30B,$0.05B,5.88,$0.05B,$0.24B,0.2,$0.21B,$0.11B,52.88%,$0.21B,$0.03B,12.50%,$0.21B,$0.03B,12.50%,$0.21B,$0.04B,17.31%,$0.21B,$0.02B,11.06%,$0.21B,$0.02B,10.10%,$0.02B,$0.24B,9.14%,$0.02B,$0.22B,9.78%,$0.02B,$0.35B,6.47%,$0.03B,$0.29B,9.38%,$62,$29,$33,$10,$10,$50,$12,$-1,$11,$4,$7,$7,$7,$14,$12,$32,33,$0.21,$0.20,$174,$59,$0,$301,$11,$0,$18,$19,$48,$349,$51,$48,$9,$57,$108,$0,$-167,$-1,$240,$349,$15,$7,$6,$12,$-20,$-10,$0,$7,$-11,$16,$-1,$0,$-8,$3,$0,$3,$0,$-7,$0,$0,$0,$0,$0,$0,$0,$0,$9,$3,$0
25,2012-06-30,8.72,$7.19,1.21,$5.75,1.52,$2.88,3.03,$0.61,14.3,$0.28B,$0.04B,6.83,$0.05B,$0.23B,0.21,$0.19B,$0.10B,52.94%,$0.19B,$0.02B,10.16%,$0.19B,$0.02B,10.16%,$0.19B,$0.03B,15.51%,$0.19B,$0.02B,9.09%,$0.19B,$0.02B,10.16%,$0.02B,$0.23B,8.51%,$0.02B,$0.21B,9.08%,$0.02B,$0.33B,6.13%,$0.02B,$0.28B,7.04%,$56,$26,$30,$9,$10,$46,$10,$-1,$10,$4,$6,$6,$6,$13,$10,$32,33,$0.20,$0.19,$169,$55,$0,$283,$11,$0,$18,$18,$47,$330,$41,$48,$9,$56,$98,$0,$-174,$-2,$232,$330,$8,$4,$3,$7,$-12,$-5,$0,$4,$-6,$10,$-1,$0,$-8,$-8,$0,$-8,$0,$-16,$0,$0,$0,$0,$0,$0,$0,$0,$-7,$2,$0
26,2012-03-31,11.11,$7.00,1.59,$5.64,1.97,$3.28,3.39,$0.64,17.36,$0.27B,$0.03B,8.42,$0.05B,$0.23B,0.21,$0.18B,$0.10B,53.01%,$0.18B,$0.02B,9.29%,$0.18B,$0.02B,9.29%,$0.18B,$0.03B,14.21%,$0.18B,$0.02B,8.20%,$0.18B,$0.02B,10.93%,$0.02B,$0.23B,9.27%,$0.02B,$0.21B,9.85%,$0.02B,$0.31B,6.99%,$0.02B,$0.27B,6.79%,$46,$22,$24,$10,$9,$41,$4,$-1,$3,$1,$2,$2,$2,$7,$4,$32,33,$0.06,$0.06,$174,$53,$0,$272,$11,$0,$12,$18,$41,$313,$32,$47,$9,$56,$88,$0,$-180,$-1,$225,$313,$2,$2,$2,$4,$2,$-3,$0,$-3,$1,$7,$-1,$0,$0,$-14,$0,$-14,$0,$-14,$0,$0,$0,$0,$0,$0,$0,$0,$-8,$1,$0
27,2011-12-31,9.26,$6.85,1.35,$5.82,1.59,$3.39,2.73,$0.79,11.72,$0.26B,$0.03B,9.12,$0.05B,$0.22B,0.21,$0.19B,$0.10B,53.19%,$0.19B,$0.02B,11.17%,$0.19B,$0.02B,11.17%,$0.19B,$0.03B,15.43%,$0.19B,$0.02B,10.64%,$0.19B,$0.03B,13.30%,$0.03B,$0.22B,12.03%,$0.03B,$0.21B,12.84%,$0.03B,$0.31B,9.44%,$0.02B,$0.27B,9.10%,$44,$21,$23,$10,$13,$43,$0,$-1,$-1,$-7,$6,$6,$6,$2,$0,$32,32,$0.19,$0.19,$168,$50,$0,$263,$13,$0,$12,$6,$43,$306,$29,$47,$9,$55,$84,$0,$-182,$-1,$222,$306,$25,$7,$-4,$4,$18,$-0,$-3,$3,$17,$45,$-2,$0,$0,$-70,$0,$-70,$0,$-71,$43,$0,$43,$7,$7,$0,$1,$51,$26,$5,$0
28,2011-09-30,6.69,$6.72,1.0,$6.18,1.08,$2.42,2.77,$0.90,7.43,$0.26B,$0.02B,11.33,$0.05B,$0.21B,0.21,$0.20B,$0.11B,53.54%,$0.20B,$0.03B,16.16%,$0.20B,$0.03B,16.16%,$0.20B,$0.04B,19.70%,$0.20B,$0.03B,16.16%,$0.20B,$0.03B,14.65%,$0.03B,$0.21B,14.61%,$0.03B,$0.20B,15.65%,$0.03B,$0.29B,11.93%,$0.03B,$0.26B,15.24%,$41,$19,$22,$8,$8,$36,$5,$0,$5,$0,$5,$5,$5,$7,$5,$32,32,$0.17,$0.16,$158,$58,$0,$260,$12,$0,$13,$6,$30,$290,$23,$46,$7,$53,$76,$0,$-189,$-2,$214,$290,$19,$5,$4,$10,$20,$-6,$0,$-4,$7,$36,$-1,$0,$0,$-24,$0,$-24,$0,$-25,$43,$0,$43,$7,$7,$0,$1,$51,$62,$4,$0
29,2011-06-30,10.71,$6.36,1.68,$6.56,1.63,$1.82,5.9,$1.01,10.6,$0.21B,$0.03B,7.84,$0.00B,$0.20B,0.0,$0.21B,$0.11B,54.07%,$0.21B,$0.04B,17.70%,$0.21B,$0.04B,17.70%,$0.21B,$0.04B,21.05%,$0.21B,$0.04B,17.70%,$0.21B,$0.03B,15.79%,$0.03B,$0.20B,17.53%,$0.03B,$0.19B,18.88%,$0.03B,$0.24B,14.83%,$0.04B,$0.20B,19.65%,$52,$24,$28,$10,$10,$44,$8,$-0,$8,$1,$7,$7,$7,$10,$8,$32,32,$0.22,$0.22,$93,$57,$0,$206,$13,$0,$13,$4,$30,$236,$26,$0,$7,$7,$34,$0,$-194,$-1,$202,$236,$14,$3,$4,$7,$9,$-5,$0,$-2,$2,$23,$-1,$0,$0,$-4,$0,$-4,$0,$-5,$0,$0,$0,$0,$0,$0,$1,$1,$18,$3,$0
30,2011-03-31,10.94,$6.11,1.79,$6.49,1.69,$1.48,7.39,$1.00,10.94,$0.20B,$0.03B,7.44,$0.00B,$0.19B,0.0,$0.21B,$0.11B,53.66%,$0.21B,$0.04B,17.07%,$0.21B,$0.04B,17.07%,$0.21B,$0.04B,20.49%,$0.21B,$0.04B,17.56%,$0.21B,$0.03B,16.10%,$0.03B,$0.19B,18.51%,$0.03B,$0.18B,20.03%,$0.03B,$0.23B,15.47%,$0.04B,$0.19B,19.64%,$51,$23,$27,$9,$10,$43,$8,$0,$8,$1,$7,$7,$7,$10,$8,$32,32,$0.21,$0.21,$82,$57,$0,$195,$13,$0,$14,$5,$31,$227,$26,$0,$7,$7,$34,$0,$-201,$-1,$193,$227,$7,$2,$2,$4,$5,$-6,$0,$-1,$0,$11,$-1,$0,$0,$0,$0,$0,$0,$-0,$0,$0,$0,$0,$0,$0,$0,$0,$10,$1,$0
31,2010-12-31,8.23,$5.89,1.4,$6.21,1.33,$1.37,6.01,$0.86,9.57,$0.19B,$0.03B,6.96,$0.00B,$0.19B,0.0,$0.20B,$0.10B,52.82%,$0.20B,$0.03B,15.38%,$0.20B,$0.03B,15.38%,$0.20B,$0.04B,18.46%,$0.20B,$0.03B,15.90%,$0.20B,$0.03B,14.36%,$0.03B,$0.19B,16.59%,$0.03B,$0.17B,18.06%,$0.03B,$0.22B,13.71%,$0.03B,$0.19B,17.78%,$54,$25,$29,$9,$9,$43,$11,$-0,$11,$1,$10,$10,$10,$12,$11,$31,31,$0.30,$0.30,$72,$52,$0,$187,$14,$0,$14,$1,$33,$219,$27,$0,$7,$7,$34,$0,$-208,$-1,$185,$219,$27,$6,$4,$10,$-23,$-6,$2,$1,$-21,$16,$-4,$0,$-1,$2,$0,$2,$0,$-3,$0,$0,$0,$0,$0,$0,$0,$1,$13,$5,$0
32,2010-09-30,8.31,$5.52,1.5,$5.43,1.53,$0.58,14.32,$0.36,23.08,$0.18B,$0.03B,6.32,$0.00B,$0.17B,0.0,$0.17B,$0.09B,50.59%,$0.17B,$0.01B,7.65%,$0.17B,$0.01B,7.65%,$0.17B,$0.02B,12.35%,$0.17B,$0.01B,7.65%,$0.17B,$0.01B,7.06%,$0.01B,$0.17B,7.49%,$0.01B,$0.16B,8.19%,$0.01B,$0.21B,6.19%,$0.01B,$0.17B,8.11%,$52,$23,$29,$8,$10,$42,$10,$-1,$10,$1,$9,$9,$9,$12,$10,$31,32,$0.28,$0.28,$75,$52,$0,$175,$14,$0,$15,$5,$33,$208,$28,$0,$7,$7,$35,$0,$-217,$-1,$173,$208,$17,$4,$3,$7,$-9,$-6,$0,$1,$-7,$18,$-3,$0,$-1,$0,$0,$0,$0,$-4,$0,$0,$0,$0,$0,$0,$0,$0,$14,$4,$0
33,2010-06-30,7.55,$5.17,1.46,$4.52,1.67,$-0.28,0.0,$-0.08,0.0,$0.17B,$0.03B,5.71,$0.00B,$0.16B,0.0,$0.14B,$0.07B,46.81%,$0.14B,$-0.00B,-1.42%,$0.14B,$-0.00B,-1.42%,$0.14B,$0.01B,4.26%,$0.14B,$-0.00B,-2.13%,$0.14B,$-0.00B,-1.42%,$-0.00B,$0.16B,-1.28%,$-0.00B,$0.15B,-1.41%,$-0.00B,$0.20B,-1.07%,$-0.00B,$0.16B,-1.28%,$48,$23,$25,$8,$10,$42,$6,$1,$7,$1,$7,$7,$7,$8,$6,$31,31,$0.21,$0.21,$72,$51,$0,$169,$12,$0,$13,$5,$30,$199,$30,$0,$7,$7,$37,$0,$-226,$-2,$162,$199,$9,$3,$2,$4,$-7,$-5,$0,$3,$-1,$12,$-1,$0,$0,$-3,$0,$-3,$0,$-4,$0,$0,$0,$0,$0,$0,$0,$0,$8,$3,$0
34,2010-03-31,8.6,$4.97,1.73,$3.48,2.47,$-0.80,0.0,$-0.57,0.0,$0.16B,$0.03B,5.41,$0.00B,$0.16B,0.0,$0.11B,$0.05B,42.59%,$0.11B,$-0.02B,-14.81%,$0.11B,$-0.02B,-14.81%,$0.11B,$-0.01B,-7.41%,$0.11B,$-0.02B,-17.59%,$0.11B,$-0.02B,-16.67%,$-0.02B,$0.16B,-11.59%,$-0.02B,$0.14B,-12.65%,$-0.02B,$0.19B,-9.94%,$-0.02B,$0.16B,-10.31%,$41,$20,$20,$8,$9,$38,$3,$-0,$3,$1,$2,$2,$2,$4,$3,$31,31,$0.07,$0.07,$67,$48,$0,$160,$13,$0,$14,$5,$31,$191,$30,$0,$7,$7,$36,$0,$-232,$-1,$155,$191,$2,$1,$2,$3,$-5,$-3,$0,$3,$2,$7,$-1,$0,$0,$-6,$0,$-6,$0,$-7,$0,$0,$0,$0,$0,$0,$0,$0,$-0,$1,$0
35,2009-12-31,6.72,$4.88,1.38,$2.54,2.64,$-1.13,0.0,$-0.97,0.0,$0.15B,$0.02B,7.47,$0.00B,$0.15B,0.0,$0.08B,$0.03B,35.90%,$0.08B,$-0.03B,-39.74%,$0.08B,$-0.03B,-39.74%,$0.08B,$-0.02B,-28.21%,$0.08B,$-0.03B,-42.31%,$0.08B,$-0.03B,-38.46%,$-0.03B,$0.15B,-19.02%,$-0.03B,$0.14B,-20.55%,$-0.03B,$0.18B,-16.74%,$-0.03B,$0.15B,-19.65%,$29,$17,$12,$7,$11,$35,$-6,$-0,$-7,$-1,$-6,$-6,$-6,$-3,$-6,$31,31,$-0.19,$-0.19,$61,$46,$0,$146,$13,$0,$14,$1,$32,$178,$20,$0,$7,$7,$27,$0,$-235,$-2,$151,$178,$-30,$9,$9,$18,$-13,$7,$3,$3,$-0,$-12,$-1,$0,$-5,$7,$0,$7,$0,$2,$0,$0,$0,$0,$0,$0,$0,$0,$-10,$4,$0
36,2009-09-30,7.4,$5.03,1.47,$2.14,3.46,$-0.32,0.0,$-8.73,0.0,$0.14B,$0.02B,8.26,$0.00B,$0.16B,0.0,$0.07B,$0.01B,15.38%,$0.07B,$-0.28B,-423.08%,$0.07B,$-0.28B,-423.08%,$0.07B,$-0.04B,-60.00%,$0.07B,$-0.27B,-420.00%,$0.07B,$-0.27B,-415.38%,$-0.27B,$0.16B,-164.63%,$-0.27B,$0.14B,-176.18%,$-0.27B,$0.18B,-146.74%,$-0.28B,$0.16B,-167.68%,$23,$14,$9,$6,$8,$28,$-5,$-1,$-6,$-1,$-5,$-5,$-5,$-3,$-5,$31,31,$-0.16,$-0.16,$61,$49,$0,$144,$16,$0,$15,$5,$35,$179,$17,$0,$6,$6,$23,$0,$-228,$-2,$156,$179,$-24,$5,$5,$11,$-6,$6,$0,$-1,$1,$-12,$-0,$0,$-5,$1,$0,$1,$0,$-5,$0,$0,$0,$0,$0,$0,$0,$0,$-16,$3,$0
37,2009-06-30,5.52,$5.13,1.08,$2.66,2.08,$0.37,15.03,$-8.58,0.0,$0.15B,$0.01B,12.13,$0.00B,$0.16B,0.0,$0.08B,$0.02B,22.22%,$0.08B,$-0.27B,-334.57%,$0.08B,$-0.27B,-334.57%,$0.08B,$-0.03B,-41.98%,$0.08B,$-0.27B,-330.86%,$0.08B,$-0.27B,-327.16%,$-0.27B,$0.16B,-115.09%,$-0.27B,$0.15B,-161.09%,$-0.27B,$0.18B,-104.43%,$-0.27B,$0.16B,-117.70%,$15,$10,$5,$6,$7,$23,$-8,$-1,$-9,$-0,$-9,$-9,$-9,$-6,$-8,$31,31,$-0.28,$-0.28,$72,$54,$0,$146,$17,$0,$9,$5,$30,$176,$12,$0,$5,$5,$18,$0,$-224,$-3,$159,$176,$-19,$3,$3,$7,$7,$2,$0,$-1,$7,$-5,$-0,$0,$0,$5,$0,$5,$0,$5,$0,$0,$0,$0,$0,$0,$0,$0,$-0,$2,$0
38,2009-03-31,3.03,$5.36,0.57,$3.42,0.89,$0.54,5.61,$-8.36,0.0,$0.15B,$0.01B,11.55,$0.00B,$0.17B,0.0,$0.10B,$0.03B,29.81%,$0.10B,$-0.27B,-255.77%,$0.10B,$-0.27B,-255.77%,$0.10B,$-0.03B,-26.92%,$0.10B,$-0.26B,-251.92%,$0.10B,$-0.26B,-248.08%,$-0.26B,$0.17B,-87.09%,$-0.26B,$0.16B,-148.49%,$-0.26B,$0.18B,-79.20%,$-0.27B,$0.17B,-89.79%,$11,$9,$2,$7,$7,$23,$-12,$1,$-11,$-1,$-10,$-10,$-10,$-10,$-12,$31,31,$-0.33,$-0.33,$74,$57,$0,$151,$18,$0,$9,$5,$32,$184,$13,$0,$5,$5,$19,$0,$-215,$-4,$165,$184,$-10,$2,$1,$3,$6,$-0,$0,$-2,$3,$-4,$-0,$0,$0,$2,$0,$2,$0,$2,$0,$0,$0,$0,$0,$0,$0,$0,$-2,$1,$0
39,2008-12-31,3.53,$5.74,0.62,$4.27,0.83,$0.45,7.79,$-8.08,0.0,$0.16B,$0.02B,10.37,$0.00B,$0.18B,0.0,$0.13B,$0.04B,33.85%,$0.13B,$-0.26B,-197.69%,$0.13B,$-0.26B,-197.69%,$0.13B,$-0.02B,-14.62%,$0.13B,$-0.25B,-195.38%,$0.13B,$-0.25B,-192.31%,$-0.25B,$0.18B,-69.25%,$-0.25B,$0.17B,-137.74%,$-0.25B,$0.20B,-63.01%,$-0.26B,$0.18B,-71.19%,$16,$22,$-6,$7,$9,$266,$-250,$3,$-247,$-1,$-246,$-246,$-246,$-20,$-250,$31,31,$-8.04,$-8.04,$78,$57,$0,$163,$19,$0,$10,$1,$34,$197,$16,$0,$6,$6,$21,$0,$-205,$-3,$176,$197,$-250,$239,$13,$252,$31,$-4,$-6,$-2,$13,$15,$-3,$0,$-8,$6,$0,$6,$0,$-6,$0,$0,$0,$0,$0,$0,$0,$0,$10,$3,$0
40,2008-09-30,8.38,$13.74,0.61,$4.85,1.73,$0.79,10.55,$-0.14,0.0,$0.20B,$0.03B,7.91,$0.00B,$0.42B,0.0,$0.15B,$0.07B,44.22%,$0.15B,$-0.01B,-6.12%,$0.15B,$-0.01B,-6.12%,$0.15B,$0.00B,0.68%,$0.15B,$-0.01B,-5.44%,$0.15B,$-0.01B,-3.40%,$-0.01B,$0.42B,-1.18%,$-0.01B,$0.19B,-2.67%,$-0.01B,$0.46B,-1.08%,$-0.01B,$0.42B,-2.13%,$39,$22,$17,$8,$8,$40,$-1,$0,$-1,$-0,$-0,$-0,$-0,$2,$-1,$31,31,$-0.01,$-0.01,$74,$72,$0,$202,$18,$0,$235,$3,$256,$458,$26,$0,$11,$11,$36,$0,$41,$-2,$421,$458,$-4,$9,$3,$13,$13,$-3,$0,$-6,$3,$11,$-2,$0,$-8,$12,$0,$12,$0,$1,$0,$0,$0,$0,$0,$0,$0,$0,$13,$3,$0
41,2008-06-30,7.7,$13.82,0.56,$4.66,1.65,$0.96,8.04,$-0.08,0.0,$0.21B,$0.03B,6.82,$0.00B,$0.42B,0.0,$0.14B,$0.06B,46.04%,$0.14B,$-0.01B,-5.76%,$0.14B,$-0.01B,-5.76%,$0.14B,$0.00B,1.44%,$0.14B,$-0.01B,-4.32%,$0.14B,$-0.00B,-2.88%,$-0.00B,$0.42B,-0.95%,$-0.00B,$0.19B,-2.02%,$-0.00B,$0.46B,-0.87%,$-0.01B,$0.42B,-1.90%,$38,$21,$18,$8,$11,$41,$-3,$0,$-3,$-1,$-2,$-2,$-2,$0,$-3,$31,31,$-0.06,$-0.06,$65,$77,$0,$206,$18,$0,$236,$3,$258,$464,$30,$0,$10,$10,$40,$0,$41,$1,$423,$464,$-4,$6,$4,$10,$2,$-6,$0,$-4,$-4,$2,$-2,$0,$-8,$13,$0,$13,$0,$2,$0,$0,$0,$0,$0,$0,$0,$0,$5,$2,$0
42,2008-03-31,9.77,$13.87,0.7,$5.03,1.94,$1.25,7.8,$0.17,57.47,$0.21B,$0.03B,6.1,$0.00B,$0.42B,0.0,$0.15B,$0.07B,47.65%,$0.15B,$0.00B,1.34%,$0.15B,$0.00B,1.34%,$0.15B,$0.01B,7.38%,$0.15B,$0.01B,3.36%,$0.15B,$0.00B,2.01%,$0.00B,$0.42B,0.72%,$0.00B,$0.19B,1.44%,$0.00B,$0.47B,0.66%,$0.00B,$0.42B,0.48%,$37,$22,$15,$8,$9,$41,$-3,$0,$-3,$-1,$-2,$-2,$-2,$-1,$-3,$31,31,$-0.05,$-0.05,$59,$80,$0,$210,$18,$0,$237,$3,$258,$468,$34,$0,$10,$10,$44,$0,$43,$0,$424,$468,$-2,$3,$3,$6,$-7,$-7,$0,$1,$-9,$-5,$-1,$0,$-9,$6,$0,$6,$0,$-4,$0,$0,$0,$0,$0,$0,$0,$0,$-9,$1,$0
43,2007-12-31,11.32,$13.93,0.81,$5.47,2.07,$1.48,7.67,$0.41,27.61,$0.20B,$0.03B,7.45,$0.00B,$0.42B,0.0,$0.16B,$0.08B,51.25%,$0.16B,$0.01B,8.13%,$0.16B,$0.01B,8.13%,$0.16B,$0.02B,14.38%,$0.16B,$0.02B,10.63%,$0.16B,$0.01B,6.88%,$0.01B,$0.42B,2.68%,$0.01B,$0.19B,5.09%,$0.01B,$0.46B,2.45%,$0.01B,$0.42B,3.17%,$33,$18,$15,$7,$8,$35,$-2,$1,$-1,$-0,$-1,$-1,$-1,$0,$-2,$29,29,$-0.02,$-0.03,$74,$71,$0,$204,$16,$0,$237,$0,$257,$460,$27,$0,$5,$8,$36,$0,$45,$-0,$424,$460,$12,$10,$1,$12,$21,$-5,$-3,$-7,$0,$24,$-2,$0,$-56,$17,$0,$17,$0,$-40,$0,$0,$0,$1,$1,$0,$0,$1,$-15,$3,$0
44,2007-09-30,13.83,$14.05,0.98,$6.33,2.18,$1.23,11.25,$0.72,19.21,$0.25B,$0.02B,12.48,$0.00B,$0.41B,0.0,$0.18B,$0.10B,52.49%,$0.18B,$0.03B,13.81%,$0.18B,$0.03B,13.81%,$0.18B,$0.04B,19.89%,$0.18B,$0.03B,16.02%,$0.18B,$0.02B,11.05%,$0.02B,$0.41B,4.97%,$0.02B,$0.23B,9.02%,$0.02B,$0.44B,4.51%,$0.03B,$0.41B,6.21%,$31,$16,$16,$7,$8,$31,$0,$1,$1,$-0,$1,$1,$1,$3,$0,$29,29,$0.05,$0.05,$121,$61,$0,$245,$16,$0,$179,$4,$199,$444,$20,$0,$15,$15,$34,$0,$45,$-0,$410,$444,$12,$8,$3,$11,$14,$-8,$0,$-7,$-9,$14,$-1,$0,$0,$12,$0,$12,$0,$10,$0,$0,$0,$1,$1,$0,$0,$1,$26,$2,$0
45,2007-06-30,16.61,$13.96,1.19,$7.26,2.29,$0.84,19.69,$0.95,17.48,$0.25B,$0.03B,9.52,$0.00B,$0.41B,0.0,$0.21B,$0.11B,52.88%,$0.21B,$0.04B,18.27%,$0.21B,$0.04B,18.27%,$0.21B,$0.05B,23.08%,$0.21B,$0.04B,19.71%,$0.21B,$0.03B,12.98%,$0.03B,$0.41B,6.83%,$0.03B,$0.23B,12.65%,$0.03B,$0.45B,6.14%,$0.04B,$0.41B,9.61%,$48,$23,$25,$8,$9,$41,$7,$1,$8,$2,$5,$5,$5,$9,$7,$29,29,$0.19,$0.19,$116,$61,$0,$246,$16,$0,$180,$4,$200,$447,$26,$0,$14,$14,$40,$0,$44,$-1,$407,$447,$11,$5,$2,$7,$5,$-6,$0,$-2,$-9,$9,$-1,$0,$0,$-18,$0,$-18,$0,$-19,$0,$0,$0,$1,$1,$0,$0,$1,$-8,$2,$0
46,2007-03-31,17.44,$13.76,1.27,$7.59,2.3,$0.02,792.73,$1.04,16.77,$0.24B,$0.03B,8.2,$0.00B,$0.40B,0.0,$0.22B,$0.12B,53.00%,$0.22B,$0.04B,19.82%,$0.22B,$0.04B,19.82%,$0.22B,$0.05B,24.88%,$0.22B,$0.05B,21.20%,$0.22B,$0.03B,13.82%,$0.03B,$0.40B,7.76%,$0.03B,$0.22B,14.74%,$0.03B,$0.44B,6.95%,$0.04B,$0.40B,11.12%,$48,$22,$26,$9,$9,$41,$8,$1,$9,$3,$6,$6,$6,$11,$8,$29,29,$0.19,$0.19,$107,$61,$0,$242,$16,$0,$181,$4,$202,$443,$29,$0,$13,$13,$43,$0,$38,$-1,$400,$443,$6,$3,$0,$3,$2,$-5,$0,$-2,$-8,$1,$-1,$0,$0,$-18,$0,$-18,$0,$-19,$0,$0,$0,$1,$1,$0,$0,$1,$-17,$1,$0
47,2006-12-31,15.92,$13.56,1.17,$7.34,2.17,$-0.33,0.0,$0.31,51.35,$0.24B,$0.04B,6.61,$0.00B,$0.39B,0.0,$0.20B,$0.10B,48.76%,$0.20B,$0.02B,10.45%,$0.20B,$0.02B,10.45%,$0.20B,$0.03B,15.42%,$0.20B,$0.02B,11.94%,$0.20B,$0.01B,5.97%,$0.01B,$0.39B,3.19%,$0.01B,$0.21B,6.26%,$0.01B,$0.44B,2.86%,$0.02B,$0.39B,5.58%,$54,$27,$28,$8,$9,$44,$10,$1,$11,$3,$8,$8,$8,$13,$10,$27,28,$0.43,$0.42,$106,$55,$0,$237,$17,$0,$183,$1,$204,$440,$36,$0,$1,$12,$48,$0,$33,$-1,$393,$440,$13,$9,$21,$30,$-25,$-7,$-0,$9,$-22,$21,$-7,$0,$-12,$23,$0,$23,$0,$4,$0,$0,$0,$9,$9,$0,$1,$10,$34,$2,$0
