,Date,Stock Price,Book Value per Share,Price to Book Ratio,TTM Sales per Share,Price to Sales Ratio,TTM FCF per Share,Price to FCF Ratio,TTM Net EPS,PE Ratio,Current Assets,Current Liabilities,Current Ratio,Long Term Debt,Shareholder's Equity_x,Debt to Equity Ratio,TTM Revenue_x,TTM Gross Profit,Gross Margin,TTM Revenue_y,TTM Operating Income,Operating Margin,TTM Revenue_x,TTM EBIT,EBIT Margin,TTM Revenue_y,TTM EBITDA,EBITDA Margin,TTM Revenue_x,TTM Pre-Tax Income,Pre-Tax Margin,TTM Revenue_y,TTM Net Income_x,Net Margin,TTM Net Income_y,Shareholder's Equity_y,Return on Equity,TTM Net Income_x,Tangible Equity,Return on Tangible Equity,TTM Net Income_y,Total Assets,Return on Assets,TTM Net Income,LT Investments & Debt,Return on Investment,revenue,cost-goods-sold,gross-profit,research-development-expenses,selling-general-administrative-expenses,operating-expenses,operating-income,total-non-operating-income-expense,pre-tax-income,total-provision-income-taxes,income-after-taxes,income-from-continuous-operations,net-income,ebitda,ebit,basic-shares-outstanding,shares-outstanding,eps-basic-net-earnings-per-share,eps-earnings-per-share-diluted,cash-on-hand,inventory,other-current-assets,total-current-assets,net-property-plant-equipment,long-term-investments,goodwill-intangible-assets-total,other-long-term-assets,total-long-term-assets,total-assets,total-current-liabilities,long-term-debt,other-non-current-liabilities,total-long-term-liabilities,total-liabilities,common-stock-net,retained-earnings-accumulated-deficit,comprehensive-income,total-share-holder-equity,total-liabilities-share-holders-equity,net-income-loss,total-depreciation-amortization-cash-flow,other-non-cash-items,total-non-cash-items,change-in-accounts-receivable,change-in-inventories,change-in-accounts-payable,change-in-assets-liabilities,total-change-in-assets-liabilities,cash-flow-from-operating-activities,net-change-in-property-plant-equipment,net-change-in-intangible-assets,net-acquisitions-divestitures,net-change-in-short-term-investments,net-change-in-long-term-investments,net-change-in-investments-total,investing-activities-other,cash-flow-from-investing-activities,net-long-term-debt,net-current-debt,debt-issuance-retirement-net-total,net-common-equity-issued-repurchased,net-total-equity-issued-repurchased,total-common-preferred-stock-dividends-paid,financial-activities-other,cash-flow-from-financial-activities,net-cash-flow,stock-based-compensation,common-stock-dividends-paid
0,2018-09-30,4.5,$3.89,1.16,$4.26,1.06,$-0.05,0.0,$-0.23,0.0,$0.17B,$0.05B,3.59,$0.05B,$0.18B,0.27,$0.28B,$0.14B,49.11%,$0.28B,$-0.01B,-2.14%,$0.28B,$-0.01B,-2.14%,$0.28B,$0.00B,1.07%,$0.28B,$-0.01B,-3.20%,$0.28B,$-0.01B,-4.98%,$-0.01B,$0.25B,-5.70%,$-0.01B,$0.16B,-8.63%,$-0.01B,$0.35B,-3.99%,$-0.01B,$0.30B,-2.03%,$69,$31,$38,$4,$30,$65,$5,$-1,$4,$1,$3,$3,$3,$7,$5,$63,79,$0.05,$0.04,$10,$104,$0,$167,$77,$0,$89,$5,$183,$350,$46,$49,$6,$57,$103,$0,$-240,$-7,$247,$350,$-3,$7,$5,$12,$-6,$7,$1,$5,$2,$11,$-7,$-3,$-18,$0,$0,$0,$0,$-28,$3,$0,$3,$2,$2,$0,$-1,$5,$-12,$4,$0
1,2018-06-30,4.6,$3.82,1.2,$4.28,1.08,$-0.28,0.0,$-0.04,0.0,$0.17B,$0.04B,3.86,$0.05B,$0.18B,0.3,$0.28B,$0.13B,48.03%,$0.28B,$0.02B,8.24%,$0.28B,$0.02B,8.24%,$0.28B,$0.03B,11.83%,$0.28B,$0.02B,7.53%,$0.28B,$0.00B,0.00%,$0.00B,$0.24B,0.00%,$0.00B,$0.16B,0.00%,$0.00B,$0.35B,0.00%,$0.02B,$0.30B,7.80%,$71,$41,$30,$3,$29,$78,$-7,$-1,$-8,$-3,$-5,$-5,$-6,$-5,$-7,$63,63,$-0.10,$-0.10,$14,$101,$0,$169,$77,$0,$85,$2,$179,$347,$44,$53,$5,$62,$105,$0,$-243,$-7,$242,$347,$-6,$5,$5,$10,$-7,$10,$-4,$9,$6,$9,$-4,$-1,$-21,$0,$0,$0,$0,$-26,$8,$0,$8,$1,$1,$0,$-1,$8,$-8,$3,$0
2,2018-03-31,4.6,$3.90,1.18,$4.39,1.05,$-0.31,0.0,$0.02,230.0,$0.18B,$0.05B,3.81,$0.06B,$0.18B,0.31,$0.28B,$0.14B,50.36%,$0.28B,$0.03B,10.71%,$0.28B,$0.03B,10.71%,$0.28B,$0.04B,14.64%,$0.28B,$0.03B,10.00%,$0.28B,$0.00B,1.07%,$0.00B,$0.25B,1.24%,$0.00B,$0.16B,1.82%,$0.00B,$0.36B,0.84%,$0.03B,$0.30B,10.14%,$70,$36,$34,$3,$28,$70,$0,$-1,$-1,$0,$-1,$-1,$-2,$2,$0,$63,63,$-0.03,$-0.03,$14,$107,$0,$178,$79,$0,$89,$2,$182,$361,$47,$57,$5,$67,$113,$0,$-237,$-6,$247,$361,$-1,$2,$2,$4,$-3,$5,$-4,$1,$-5,$-1,$-2,$-0,$-21,$0,$0,$0,$0,$-23,$15,$0,$15,$1,$1,$0,$0,$16,$-9,$1,$0
3,2017-12-31,4.1,$3.92,1.05,$4.47,0.92,$-0.14,0.0,0,0.0,$0.19B,$0.05B,3.5,$0.04B,$0.18B,0.23,$0.28B,$0.14B,51.07%,$0.28B,$0.03B,10.00%,$0.28B,$0.03B,10.00%,$0.28B,$0.04B,13.93%,$0.28B,$0.03B,9.29%,$0.28B,$0.00B,0.71%,$0.00B,$0.25B,0.85%,$0.00B,$0.18B,1.24%,$0.00B,$0.35B,0.56%,$0.03B,$0.29B,9.49%,$71,$35,$36,$3,$28,$75,$-4,$-1,$-4,$3,$-8,$-8,$-9,$-1,$-4,$60,61,$-0.15,$-0.10,$22,$112,$0,$186,$80,$0,$69,$2,$160,$346,$53,$42,$1,$47,$100,$0,$-237,$-6,$246,$346,$6,$9,$-8,$2,$7,$6,$-13,$-8,$-5,$2,$-10,$-2,$51,$0,$0,$0,$0,$38,$-37,$0,$-37,$5,$5,$0,$-0,$-32,$9,$7,$0
4,2017-09-30,4.55,$4.07,1.12,$4.53,1.0,$-0.01,0.0,$-0.07,0.0,$0.18B,$0.05B,3.34,$0.05B,$0.18B,0.25,$0.28B,$0.14B,48.21%,$0.28B,$0.02B,6.43%,$0.28B,$0.02B,6.43%,$0.28B,$0.03B,10.36%,$0.28B,$0.02B,5.71%,$0.28B,$-0.00B,-0.36%,$-0.00B,$0.25B,-0.43%,$-0.00B,$0.18B,-0.65%,$-0.00B,$0.35B,-0.27%,$0.02B,$0.29B,6.03%,$67,$33,$34,$3,$28,$32,$34,$-1,$34,$16,$17,$17,$17,$37,$34,$60,75,$0.28,$0.23,$18,$115,$2,$180,$83,$0,$70,$2,$173,$353,$54,$46,$2,$53,$107,$0,$-229,$-6,$247,$353,$14,$7,$-23,$-16,$6,$4,$-6,$-2,$-1,$-3,$-10,$-2,$51,$0,$0,$0,$0,$39,$-33,$0,$-33,$2,$2,$0,$-0,$-32,$4,$4,$0
5,2017-06-30,5.85,$3.80,1.54,$4.78,1.22,$0.12,49.16,$-0.38,0.0,$0.18B,$0.06B,3.0,$0.07B,$0.16B,0.45,$0.28B,$0.14B,48.21%,$0.28B,$-0.02B,-6.79%,$0.28B,$-0.02B,-6.79%,$0.28B,$-0.01B,-2.86%,$0.28B,$-0.02B,-7.86%,$0.28B,$-0.02B,-7.86%,$-0.02B,$0.23B,-9.65%,$-0.02B,$0.15B,-14.79%,$-0.02B,$0.37B,-5.95%,$-0.02B,$0.30B,-6.24%,$72,$35,$37,$4,$29,$72,$0,$-1,$-1,$1,$-2,$-2,$-3,$3,$0,$59,59,$-0.04,$-0.04,$14,$117,$2,$177,$84,$0,$79,$1,$189,$367,$59,$74,$1,$81,$141,$0,$-247,$-7,$226,$367,$-4,$5,$2,$7,$3,$4,$1,$1,$7,$11,$-7,$-2,$0,$0,$0,$0,$0,$-9,$-3,$0,$-3,$2,$2,$0,$-0,$-2,$-0,$2,$0
6,2017-03-31,4.0,$3.83,1.04,$4.72,0.85,$0.13,31.8,$-0.39,0.0,$0.18B,$0.06B,2.9,$0.08B,$0.16B,0.47,$0.28B,$0.13B,47.83%,$0.28B,$-0.02B,-7.97%,$0.28B,$-0.02B,-7.97%,$0.28B,$-0.01B,-3.99%,$0.28B,$-0.02B,-8.70%,$0.28B,$-0.02B,-7.97%,$-0.02B,$0.22B,-9.51%,$-0.02B,$0.15B,-14.52%,$-0.02B,$0.37B,-5.92%,$-0.02B,$0.30B,-7.16%,$70,$34,$36,$4,$30,$72,$-2,$-1,$-3,$-1,$-2,$-2,$-3,$0,$-2,$58,58,$-0.05,$-0.05,$18,$117,$0,$177,$85,$0,$79,$1,$191,$369,$61,$76,$0,$83,$144,$0,$-245,$-8,$224,$369,$-2,$2,$-0,$2,$5,$3,$0,$1,$9,$10,$-3,$-0,$0,$0,$0,$0,$0,$-4,$-2,$0,$-2,$0,$0,$0,$-0,$-2,$4,$1,$0
7,2016-12-31,3.25,$3.85,0.84,$4.68,0.69,$0.05,66.46,$-0.31,0.0,$0.18B,$0.06B,3.06,$0.08B,$0.17B,0.47,$0.27B,$0.13B,48.35%,$0.27B,$-0.02B,-5.86%,$0.27B,$-0.02B,-5.86%,$0.27B,$-0.00B,-1.47%,$0.27B,$-0.02B,-6.23%,$0.27B,$-0.02B,-6.23%,$-0.02B,$0.23B,-7.22%,$-0.02B,$0.15B,-10.95%,$-0.02B,$0.37B,-4.54%,$-0.02B,$0.30B,-5.15%,$71,$43,$28,$4,$31,$85,$-14,$-1,$-14,$-3,$-11,$-11,$-12,$-11,$-14,$58,58,$-0.21,$-0.21,$14,$120,$0,$180,$83,$0,$79,$1,$188,$368,$59,$77,$0,$84,$143,$0,$-243,$-8,$225,$368,$-14,$12,$6,$18,$6,$-1,$5,$10,$12,$15,$-15,$-3,$0,$0,$0,$0,$0,$-18,$6,$-2,$4,$0,$0,$0,$-0,$4,$1,$4,$0
8,2016-09-30,3.13,$4.06,0.77,$4.76,0.66,$-0.10,0.0,$-0.04,0.0,$0.18B,$0.05B,3.65,$0.08B,$0.18B,0.44,$0.28B,$0.14B,51.80%,$0.28B,$0.01B,1.80%,$0.28B,$0.01B,1.80%,$0.28B,$0.02B,6.12%,$0.28B,$0.00B,1.08%,$0.28B,$-0.00B,-0.72%,$-0.00B,$0.24B,-0.84%,$-0.00B,$0.16B,-1.27%,$-0.00B,$0.37B,-0.53%,$0.01B,$0.32B,1.60%,$67,$32,$34,$4,$29,$70,$-3,$-0,$-4,$-0,$-4,$-4,$-4,$-0,$-3,$58,58,$-0.08,$-0.08,$12,$125,$0,$183,$89,$0,$81,$0,$192,$374,$50,$79,$0,$87,$137,$0,$-232,$-7,$237,$374,$-3,$9,$4,$13,$9,$-6,$1,$8,$0,$10,$-13,$-2,$0,$0,$0,$0,$0,$-15,$6,$-2,$4,$0,$0,$0,$-0,$4,$-1,$3,$0
9,2016-06-30,3.59,$4.11,0.87,$4.75,0.76,$-0.23,0.0,$0.09,39.89,$0.19B,$0.06B,3.3,$0.07B,$0.18B,0.4,$0.28B,$0.15B,52.16%,$0.28B,$0.01B,5.04%,$0.28B,$0.01B,5.04%,$0.28B,$0.03B,9.35%,$0.28B,$0.01B,4.68%,$0.28B,$0.01B,1.80%,$0.01B,$0.24B,2.10%,$0.01B,$0.16B,3.19%,$0.01B,$0.38B,1.32%,$0.01B,$0.31B,4.51%,$68,$34,$34,$4,$28,$70,$-3,$-0,$-3,$-1,$-2,$-2,$-3,$0,$-3,$58,58,$-0.05,$-0.05,$13,$121,$0,$185,$88,$0,$81,$0,$191,$376,$56,$72,$1,$82,$138,$0,$-229,$-7,$239,$376,$0,$6,$2,$8,$10,$-2,$4,$2,$5,$13,$-9,$-1,$0,$0,$0,$0,$0,$-11,$-1,$-1,$-2,$0,$0,$0,$-0,$-2,$0,$1,$0
10,2016-03-31,4.0,$4.15,0.96,$4.80,0.83,$-0.33,0.0,$0.19,21.05,$0.19B,$0.06B,3.35,$0.07B,$0.18B,0.39,$0.28B,$0.15B,52.48%,$0.28B,$0.02B,8.16%,$0.28B,$0.02B,8.16%,$0.28B,$0.04B,12.41%,$0.28B,$0.02B,7.45%,$0.28B,$0.01B,3.90%,$0.01B,$0.24B,4.67%,$0.01B,$0.16B,7.15%,$0.01B,$0.38B,2.90%,$0.02B,$0.31B,7.50%,$67,$31,$36,$4,$28,$63,$4,$-0,$4,$1,$2,$2,$2,$7,$4,$58,58,$0.03,$0.03,$12,$122,$0,$189,$88,$0,$81,$0,$191,$380,$57,$72,$1,$83,$139,$0,$-227,$-7,$241,$380,$2,$3,$1,$4,$5,$-3,$3,$2,$-0,$6,$-5,$-1,$0,$0,$0,$0,$0,$-6,$-1,$-0,$-1,$0,$0,$0,$-0,$-1,$-1,$1,$0
11,2015-12-31,3.97,$4.11,0.97,$4.82,0.82,$-0.42,0.0,$0.21,18.9,$0.19B,$0.06B,3.21,$0.07B,$0.18B,0.41,$0.28B,$0.15B,52.65%,$0.28B,$0.03B,8.83%,$0.28B,$0.03B,8.83%,$0.28B,$0.04B,12.37%,$0.28B,$0.02B,8.13%,$0.28B,$0.01B,4.24%,$0.01B,$0.24B,5.20%,$0.01B,$0.16B,8.09%,$0.01B,$0.38B,3.17%,$0.03B,$0.31B,8.31%,$76,$36,$40,$4,$27,$69,$7,$-0,$6,$2,$4,$4,$3,$10,$7,$58,59,$0.05,$0.05,$13,$119,$0,$192,$85,$0,$81,$0,$189,$381,$60,$73,$0,$83,$143,$0,$-229,$-7,$238,$381,$15,$10,$10,$21,$-9,$-7,$-13,$-4,$-27,$9,$-18,$-0,$0,$0,$0,$0,$0,$-18,$3,$0,$4,$3,$3,$0,$-0,$6,$-3,$3,$0
12,2015-09-30,5.67,$4.04,1.4,$4.77,1.19,$-0.42,0.0,$0.15,37.8,$0.20B,$0.05B,3.83,$0.07B,$0.18B,0.41,$0.28B,$0.15B,52.88%,$0.28B,$0.02B,6.83%,$0.28B,$0.02B,6.83%,$0.28B,$0.03B,10.43%,$0.28B,$0.02B,6.47%,$0.28B,$0.01B,3.24%,$0.01B,$0.23B,3.97%,$0.01B,$0.15B,6.29%,$0.01B,$0.38B,2.38%,$0.02B,$0.31B,6.42%,$67,$31,$35,$4,$25,$61,$6,$-0,$6,$2,$4,$4,$3,$9,$6,$58,59,$0.05,$0.05,$10,$119,$0,$202,$83,$0,$82,$12,$180,$381,$53,$73,$12,$95,$147,$0,$-233,$-6,$234,$381,$11,$7,$6,$13,$-6,$-6,$-9,$3,$-22,$2,$-13,$-0,$0,$0,$0,$0,$0,$-13,$3,$1,$3,$2,$2,$0,$-0,$5,$-5,$2,$0
13,2015-06-30,6.46,$3.97,1.63,$4.78,1.35,$-0.41,0.0,$0.12,53.83,$0.20B,$0.06B,3.38,$0.07B,$0.17B,0.39,$0.28B,$0.15B,53.26%,$0.28B,$0.02B,6.16%,$0.28B,$0.02B,6.16%,$0.28B,$0.03B,9.42%,$0.28B,$0.02B,5.43%,$0.28B,$0.01B,2.54%,$0.01B,$0.23B,3.14%,$0.01B,$0.15B,5.05%,$0.01B,$0.38B,1.86%,$0.02B,$0.30B,5.84%,$72,$34,$37,$4,$27,$66,$6,$-0,$5,$2,$4,$4,$3,$9,$6,$58,59,$0.05,$0.05,$13,$117,$0,$198,$80,$0,$83,$12,$180,$377,$59,$67,$11,$90,$149,$0,$-237,$-6,$229,$377,$7,$4,$3,$7,$-2,$-5,$-1,$4,$-8,$7,$-9,$-0,$0,$0,$0,$0,$0,$-9,$-3,$0,$-3,$2,$2,$0,$-0,$-1,$-3,$1,$0
14,2015-03-31,4.94,$3.88,1.27,$4.71,1.05,$-0.54,0.0,$0.10,49.4,$0.20B,$0.06B,3.31,$0.07B,$0.17B,0.41,$0.27B,$0.15B,53.70%,$0.27B,$0.02B,5.56%,$0.27B,$0.02B,5.56%,$0.27B,$0.02B,8.89%,$0.27B,$0.01B,5.19%,$0.27B,$0.01B,2.22%,$0.01B,$0.22B,2.72%,$0.01B,$0.14B,4.44%,$0.01B,$0.37B,1.60%,$0.02B,$0.29B,5.18%,$68,$31,$37,$4,$27,$62,$6,$-0,$6,$2,$4,$4,$3,$7,$6,$57,58,$0.05,$0.05,$12,$115,$0,$195,$77,$0,$84,$12,$179,$374,$59,$68,$12,$93,$152,$0,$-240,$-7,$222,$374,$4,$1,$1,$3,$-1,$-3,$0,$3,$-5,$1,$-4,$-0,$0,$0,$0,$0,$0,$-4,$-2,$1,$-1,$1,$1,$0,$-0,$-0,$-4,$1,$0
15,2014-12-31,5.2,$3.88,1.34,$4.62,1.13,$-0.63,0.0,$-0.00,0.0,$0.20B,$0.06B,3.09,$0.07B,$0.17B,0.41,$0.26B,$0.13B,50.95%,$0.26B,$0.01B,2.28%,$0.26B,$0.01B,2.28%,$0.26B,$0.02B,5.70%,$0.26B,$0.00B,1.52%,$0.26B,0,0.00%,$0.00B,$0.22B,0.00%,$0.00B,$0.14B,0.00%,$0.00B,$0.38B,0.00%,$0.01B,$0.29B,2.08%,$71,$33,$38,$4,$28,$70,$1,$-0,$1,$0,$1,$1,$-0,$4,$1,$57,57,$-0.01,$-0.01,$16,$113,$0,$197,$77,$0,$85,$12,$181,$378,$64,$69,$12,$93,$157,$0,$-244,$-4,$221,$378,$3,$10,$5,$15,$-8,$-7,$4,$-1,$-11,$7,$-16,$-1,$0,$0,$0,$0,$0,$-16,$6,$1,$7,$1,$1,$0,$0,$8,$-3,$3,$0
16,2014-09-30,4.78,$3.90,1.23,$4.44,1.08,$-0.82,0.0,$-0.15,0.0,$0.19B,$0.06B,3.36,$0.07B,$0.17B,0.41,$0.25B,$0.12B,46.25%,$0.25B,$-0.01B,-2.77%,$0.25B,$-0.01B,-2.77%,$0.25B,$0.00B,0.79%,$0.25B,$-0.01B,-3.56%,$0.25B,$-0.01B,-3.56%,$-0.01B,$0.22B,-4.12%,$-0.01B,$0.13B,-6.88%,$-0.01B,$0.37B,-2.43%,$-0.01B,$0.29B,-2.44%,$65,$30,$35,$4,$27,$62,$4,$-0,$3,$1,$2,$2,$1,$6,$4,$57,57,$0.02,$0.02,$14,$111,$0,$191,$76,$0,$86,$14,$182,$373,$57,$69,$13,$96,$153,$0,$-245,$-3,$220,$373,$2,$7,$2,$9,$-5,$-4,$4,$-1,$-10,$1,$-11,$-0,$0,$0,$0,$0,$0,$-12,$4,$1,$5,$1,$1,$0,$-0,$6,$-5,$2,$0
17,2014-06-30,4.35,$3.85,1.13,$4.28,1.02,$-1.06,0.0,$-0.33,0.0,$0.19B,$0.05B,3.47,$0.07B,$0.17B,0.42,$0.24B,$0.10B,41.98%,$0.24B,$-0.03B,-10.29%,$0.24B,$-0.03B,-10.29%,$0.24B,$-0.02B,-6.17%,$0.24B,$-0.03B,-10.70%,$0.24B,$-0.02B,-7.82%,$-0.02B,$0.22B,-9.17%,$-0.02B,$0.13B,-16.03%,$-0.02B,$0.37B,-5.12%,$-0.03B,$0.29B,-9.06%,$66,$31,$35,$3,$27,$62,$4,$-0,$4,$2,$2,$2,$2,$7,$4,$57,57,$0.03,$0.03,$16,$108,$0,$188,$77,$0,$87,$14,$183,$372,$54,$70,$13,$98,$153,$0,$-246,$-1,$219,$372,$0,$5,$1,$6,$-2,$-1,$4,$-1,$-7,$-1,$-8,$-0,$0,$0,$0,$0,$0,$-9,$5,$1,$6,$1,$1,$0,$-0,$7,$-3,$1,$0
18,2014-03-31,4.08,$3.82,1.07,$3.87,1.05,$-1.07,0.0,$-0.41,0.0,$0.18B,$0.05B,3.57,$0.07B,$0.17B,0.42,$0.22B,$0.09B,39.27%,$0.22B,$-0.03B,-15.07%,$0.22B,$-0.03B,-15.07%,$0.22B,$-0.03B,-11.42%,$0.22B,$-0.03B,-15.53%,$0.22B,$-0.02B,-10.96%,$-0.02B,$0.22B,-12.11%,$-0.02B,$0.13B,-18.79%,$-0.02B,$0.37B,-7.12%,$-0.03B,$0.29B,-13.23%,$61,$35,$26,$4,$26,$64,$-3,$-0,$-4,$-2,$-2,$-2,$-3,$-2,$-3,$56,56,$-0.05,$-0.05,$15,$105,$0,$183,$76,$0,$88,$14,$185,$368,$51,$70,$13,$101,$152,$0,$-249,$-1,$216,$368,$-2,$2,$-0,$1,$-0,$2,$-1,$-1,$-2,$-3,$-5,$-0,$0,$0,$0,$0,$0,$-5,$4,$1,$5,$0,$0,$0,$-0,$5,$-3,$0,$0
19,2013-12-31,3.54,$3.86,0.92,$3.52,1.01,$-1.12,0.0,$-0.33,0.0,$0.19B,$0.05B,3.57,$0.07B,$0.17B,0.4,$0.20B,$0.08B,39.90%,$0.20B,$-0.03B,-14.65%,$0.20B,$-0.03B,-14.65%,$0.20B,$-0.02B,-11.62%,$0.20B,$-0.03B,-14.65%,$0.20B,$-0.02B,-10.10%,$-0.02B,$0.22B,-10.50%,$-0.02B,$0.13B,-14.47%,$-0.02B,$0.37B,-6.58%,$-0.03B,$0.29B,-12.93%,$61,$39,$21,$4,$26,$72,$-12,$-0,$-12,$-4,$-8,$-8,$-9,$-9,$-12,$56,56,$-0.16,$-0.16,$19,$106,$0,$187,$75,$0,$89,$14,$183,$370,$52,$68,$13,$100,$152,$0,$-247,$-1,$218,$370,$-18,$6,$-9,$-3,$0,$7,$5,$7,$17,$-4,$-15,$-1,$-126,$0,$0,$0,$0,$-142,$68,$1,$69,$0,$50,$-1,$-3,$116,$-31,$2,$0
20,2013-09-30,3.74,$3.11,1.2,$3.24,1.16,$-0.60,0.0,$-0.14,0.0,$0.19B,$0.05B,3.91,$0.07B,$0.18B,0.39,$0.18B,$0.08B,43.96%,$0.18B,$-0.01B,-7.14%,$0.18B,$-0.01B,-7.14%,$0.18B,$-0.01B,-5.49%,$0.18B,$-0.01B,-7.14%,$0.18B,$-0.01B,-4.95%,$-0.01B,$0.18B,-4.95%,$-0.01B,$0.09B,-6.08%,$-0.01B,$0.37B,-3.31%,$-0.01B,$0.24B,-6.53%,$55,$34,$20,$5,$25,$68,$-14,$0,$-14,$-5,$-9,$-9,$-9,$-11,$-14,$56,56,$-0.16,$-0.16,$16,$113,$0,$188,$73,$0,$91,$14,$186,$374,$48,$68,$32,$150,$199,$0,$-239,$-1,$176,$374,$-10,$3,$-6,$-3,$-1,$-0,$5,$2,$1,$-12,$-11,$-1,$-126,$0,$0,$0,$0,$-138,$68,$0,$68,$0,$50,$0,$-2,$116,$-34,$2,$0
21,2013-06-30,3.76,$3.26,1.15,$3.06,1.23,$-0.00,0.0,$0.07,53.71,$0.16B,$0.03B,4.66,$0.00B,$0.18B,0.0,$0.17B,$0.08B,47.67%,$0.17B,$0.01B,2.91%,$0.17B,$0.01B,2.91%,$0.17B,$0.01B,3.49%,$0.17B,$0.01B,2.91%,$0.17B,$0.00B,1.74%,$0.00B,$0.18B,1.64%,$0.00B,$0.17B,1.78%,$0.00B,$0.24B,1.27%,$0.01B,$0.18B,2.73%,$42,$23,$19,$3,$16,$47,$-4,$0,$-4,$-1,$-3,$-3,$-3,$-3,$-4,$56,56,$-0.05,$-0.05,$39,$79,$0,$161,$51,$0,$15,$1,$76,$237,$34,$0,$1,$19,$54,$0,$-230,$-2,$183,$237,$-2,$0,$2,$2,$-0,$-3,$2,$3,$-6,$-5,$-5,$-0,$0,$0,$0,$0,$0,$-5,$-0,$0,$-0,$0,$0,$0,$-1,$-0,$-10,$1,$0
22,2013-03-31,3.93,$3.30,1.19,$3.11,1.26,$0.25,15.73,$0.14,28.07,$0.16B,$0.03B,5.56,$0.00B,$0.19B,0.0,$0.18B,$0.09B,48.57%,$0.18B,$0.01B,6.29%,$0.18B,$0.01B,6.29%,$0.18B,$0.01B,6.29%,$0.18B,$0.01B,6.29%,$0.18B,$0.01B,4.00%,$0.01B,$0.19B,3.86%,$0.01B,$0.17B,4.19%,$0.01B,$0.23B,2.96%,$0.01B,$0.19B,6.06%,$40,$21,$19,$3,$15,$39,$1,$0,$1,$-0,$1,$1,$1,$0,$1,$56,56,$0.03,$0.03,$39,$78,$0,$158,$51,$0,$15,$1,$76,$234,$28,$0,$1,$20,$49,$0,$-227,$-2,$185,$234,$1,$-1,$-0,$-1,$0,$-2,$-1,$2,$-8,$-8,$-3,$-0,$0,$0,$0,$0,$0,$-3,$-0,$0,$-0,$0,$0,$0,$-0,$-0,$-11,$0,$0
23,2012-12-31,4.27,$3.29,1.3,$3.18,1.34,$0.47,9.1,$0.15,28.47,$0.17B,$0.04B,4.45,$0.00B,$0.18B,0.0,$0.18B,$0.09B,48.04%,$0.18B,$0.01B,7.26%,$0.18B,$0.01B,7.26%,$0.18B,$0.02B,8.38%,$0.18B,$0.01B,7.26%,$0.18B,$0.01B,4.47%,$0.01B,$0.18B,4.46%,$0.01B,$0.17B,4.83%,$0.01B,$0.24B,3.39%,$0.01B,$0.18B,7.25%,$45,$23,$22,$3,$15,$41,$4,$0,$4,$1,$2,$2,$2,$4,$4,$56,56,$0.04,$0.04,$50,$77,$0,$167,$50,$0,$16,$1,$75,$241,$37,$0,$1,$20,$57,$0,$-229,$-2,$184,$241,$8,$3,$4,$7,$-1,$0,$4,$2,$5,$21,$-11,$-7,$0,$0,$0,$0,$0,$-18,$-0,$0,$-0,$1,$1,$0,$0,$1,$4,$2,$0
24,2012-09-30,4.18,$3.23,1.29,$3.16,1.32,$0.68,6.12,$0.15,27.87,$0.17B,$0.03B,4.8,$0.00B,$0.18B,0.0,$0.18B,$0.08B,47.46%,$0.18B,$0.01B,7.34%,$0.18B,$0.01B,7.34%,$0.18B,$0.02B,8.47%,$0.18B,$0.01B,7.34%,$0.18B,$0.01B,4.52%,$0.01B,$0.18B,4.54%,$0.01B,$0.17B,4.90%,$0.01B,$0.24B,3.43%,$0.01B,$0.18B,7.37%,$45,$23,$22,$3,$14,$40,$4,$0,$4,$1,$3,$3,$3,$5,$4,$56,56,$0.05,$0.05,$55,$72,$0,$165,$47,$0,$12,$1,$71,$236,$34,$0,$1,$21,$56,$0,$-231,$-2,$181,$236,$6,$2,$3,$5,$-0,$4,$0,$1,$6,$17,$-7,$-1,$0,$0,$0,$0,$0,$-8,$-0,$0,$-0,$0,$0,$0,$-0,$-0,$9,$2,$0
25,2012-06-30,3.76,$3.16,1.19,$3.13,1.2,$0.86,4.39,$0.15,25.07,$0.16B,$0.04B,4.64,$0.00B,$0.18B,0.0,$0.17B,$0.08B,46.55%,$0.17B,$0.01B,6.90%,$0.17B,$0.01B,6.90%,$0.17B,$0.01B,8.05%,$0.17B,$0.01B,6.90%,$0.17B,$0.01B,4.60%,$0.01B,$0.18B,4.61%,$0.01B,$0.16B,4.99%,$0.01B,$0.23B,3.47%,$0.01B,$0.18B,6.91%,$45,$24,$22,$3,$14,$44,$2,$0,$2,$0,$1,$1,$1,$2,$2,$56,56,$0.02,$0.02,$50,$73,$0,$162,$46,$0,$13,$1,$71,$234,$35,$0,$1,$22,$57,$0,$-234,$-3,$176,$234,$3,$2,$3,$4,$-2,$3,$-1,$3,$1,$9,$-5,$-0,$0,$0,$0,$0,$0,$-5,$-0,$0,$-0,$0,$0,$0,$-0,$-0,$4,$1,$0
26,2012-03-31,3.7,$3.15,1.18,$3.11,1.19,$1.02,3.61,$0.17,21.76,$0.16B,$0.03B,4.9,$0.00B,$0.18B,0.0,$0.17B,$0.08B,45.93%,$0.17B,$0.01B,7.56%,$0.17B,$0.01B,7.56%,$0.17B,$0.02B,9.30%,$0.17B,$0.01B,7.56%,$0.17B,$0.01B,5.23%,$0.01B,$0.18B,5.25%,$0.01B,$0.16B,5.71%,$0.01B,$0.23B,3.96%,$0.01B,$0.18B,7.57%,$44,$24,$20,$3,$14,$41,$3,$0,$3,$1,$2,$2,$2,$4,$3,$56,56,$0.04,$0.04,$48,$76,$0,$159,$46,$0,$13,$1,$73,$232,$32,$0,$1,$24,$56,$0,$-235,$-2,$176,$232,$2,$1,$1,$2,$1,$1,$-0,$2,$1,$4,$-3,$-0,$0,$0,$0,$0,$0,$-3,$-0,$0,$-0,$0,$0,$0,$-0,$-0,$1,$1,$0
27,2011-12-31,4.44,$3.10,1.43,$3.06,1.45,$1.11,4.02,$0.15,29.6,$0.16B,$0.04B,4.48,$0.00B,$0.17B,0.0,$0.17B,$0.08B,45.56%,$0.17B,$0.01B,7.10%,$0.17B,$0.01B,7.10%,$0.17B,$0.02B,8.88%,$0.17B,$0.01B,7.10%,$0.17B,$0.01B,4.73%,$0.01B,$0.17B,4.74%,$0.01B,$0.16B,5.18%,$0.01B,$0.23B,3.56%,$0.01B,$0.17B,7.08%,$43,$23,$20,$2,$14,$39,$4,$0,$4,$1,$2,$2,$2,$4,$4,$55,55,$0.04,$0.04,$46,$77,$0,$160,$45,$0,$14,$0,$70,$230,$36,$0,$1,$22,$58,$0,$-237,$-2,$172,$230,$8,$4,$1,$5,$-1,$10,$-3,$3,$15,$28,$-6,$-2,$0,$0,$0,$0,$0,$-8,$-3,$0,$-3,$1,$1,$0,$0,$-1,$18,$2,$0
28,2011-09-30,3.29,$3.07,1.07,$3.12,1.06,$1.20,2.75,$0.16,20.56,$0.16B,$0.03B,5.08,$0.00B,$0.17B,0.0,$0.17B,$0.08B,45.03%,$0.17B,$0.01B,6.43%,$0.17B,$0.01B,6.43%,$0.17B,$0.02B,8.77%,$0.17B,$0.01B,6.43%,$0.17B,$0.01B,5.26%,$0.01B,$0.17B,5.41%,$0.01B,$0.16B,5.95%,$0.01B,$0.23B,4.02%,$0.01B,$0.17B,6.58%,$42,$23,$19,$3,$14,$39,$3,$-0,$3,$0,$3,$3,$3,$4,$3,$55,55,$0.05,$0.05,$45,$79,$0,$162,$43,$0,$14,$0,$63,$225,$32,$0,$2,$24,$56,$0,$-240,$-1,$170,$225,$6,$3,$3,$6,$2,$9,$-2,$3,$11,$22,$-2,$-1,$0,$0,$0,$0,$0,$-4,$-2,$0,$-2,$0,$0,$0,$0,$-2,$16,$1,$0
29,2011-06-30,2.71,$3.04,0.89,$3.12,0.87,$0.85,3.2,$-2.32,0.0,$0.16B,$0.03B,5.53,$0.00B,$0.17B,0.0,$0.17B,$0.08B,45.61%,$0.17B,$-0.13B,-73.10%,$0.17B,$-0.13B,-73.10%,$0.17B,$0.02B,8.77%,$0.17B,$-0.13B,-73.10%,$0.17B,$-0.13B,-74.27%,$-0.13B,$0.17B,-77.68%,$-0.13B,$0.15B,-85.81%,$-0.13B,$0.22B,-56.26%,$-0.13B,$0.17B,-74.74%,$43,$24,$20,$2,$14,$40,$3,$-0,$3,$1,$2,$2,$2,$4,$3,$55,55,$0.04,$0.04,$39,$82,$0,$158,$43,$0,$15,$0,$64,$222,$29,$0,$2,$26,$54,$0,$-242,$0,$168,$222,$3,$2,$2,$4,$4,$6,$-2,$3,$8,$15,$-1,$-1,$0,$0,$0,$0,$0,$-2,$0,$-2,$-2,$0,$0,$0,$0,$-2,$11,$1,$0
30,2011-03-31,2.86,$2.99,0.96,$3.08,0.93,$0.65,4.38,$-2.34,0.0,$0.16B,$0.03B,5.36,$0.00B,$0.17B,0.01,$0.17B,$0.08B,45.56%,$0.17B,$-0.13B,-74.56%,$0.17B,$-0.13B,-74.56%,$0.17B,$0.01B,8.28%,$0.17B,$-0.13B,-74.56%,$0.17B,$-0.13B,-75.74%,$-0.13B,$0.17B,-65.98%,$-0.13B,$0.15B,-87.82%,$-0.13B,$0.22B,-49.81%,$-0.13B,$0.17B,-62.92%,$41,$22,$18,$2,$14,$39,$2,$-0,$2,$1,$1,$1,$1,$3,$2,$55,55,$0.02,$0.02,$33,$86,$0,$157,$43,$0,$15,$1,$65,$222,$29,$2,$2,$28,$57,$0,$-244,$-0,$165,$222,$1,$1,$1,$2,$2,$2,$-1,$3,$3,$6,$-0,$-1,$0,$0,$0,$0,$0,$-2,$-0,$0,$-0,$0,$0,$0,$0,$-0,$5,$0,$0
31,2010-12-31,2.67,$2.95,0.9,$3.03,0.88,$0.56,4.74,$-2.36,0.0,$0.16B,$0.03B,4.76,$0.00B,$0.16B,0.01,$0.17B,$0.08B,45.78%,$0.17B,$-0.13B,-77.11%,$0.17B,$-0.13B,-77.11%,$0.17B,$0.01B,7.23%,$0.17B,$-0.13B,-77.11%,$0.17B,$-0.13B,-77.71%,$-0.13B,$0.16B,-57.27%,$-0.13B,$0.15B,-89.58%,$-0.13B,$0.23B,-44.64%,$-0.13B,$0.16B,-55.29%,$45,$25,$20,$2,$14,$42,$3,$-0,$3,$1,$3,$3,$3,$4,$3,$55,55,$0.05,$0.05,$28,$87,$0,$159,$43,$0,$16,$1,$67,$226,$33,$2,$3,$30,$64,$0,$-246,$-1,$162,$226,$-129,$139,$4,$143,$2,$6,$-5,$12,$16,$29,$-3,$-4,$0,$0,$0,$0,$0,$-7,$-10,$-2,$-12,$1,$1,$0,$0,$-12,$11,$2,$0
32,2010-09-30,2.63,$2.90,0.91,$2.97,0.89,$-0.08,0.0,$-2.38,0.0,$0.16B,$0.03B,4.85,$0.01B,$0.16B,0.07,$0.16B,$0.08B,46.63%,$0.16B,$-0.13B,-79.14%,$0.16B,$-0.13B,-79.14%,$0.16B,$0.01B,7.36%,$0.16B,$-0.13B,-79.14%,$0.16B,$-0.13B,-80.37%,$-0.13B,$0.16B,-50.92%,$-0.13B,$0.14B,-91.45%,$-0.13B,$0.23B,-40.78%,$-0.13B,$0.17B,-48.54%,$42,$22,$20,$2,$16,$174,$-133,$-0,$-133,$0,$-133,$-133,$-133,$4,$-133,$55,55,$-2.43,$-2.43,$16,$90,$0,$164,$45,$0,$16,$1,$69,$233,$34,$11,$5,$40,$74,$0,$-248,$-1,$159,$233,$-132,$139,$1,$140,$1,$4,$-8,$-3,$-5,$3,$-2,$-1,$0,$0,$0,$0,$0,$-4,$-1,$-1,$-2,$1,$1,$0,$0,$-1,$-2,$1,$0
33,2010-06-30,2.93,$5.29,0.55,$2.99,0.98,$-0.12,0.0,$0.09,32.56,$0.15B,$0.03B,4.5,$0.01B,$0.29B,0.03,$0.16B,$0.08B,46.95%,$0.16B,$0.01B,4.27%,$0.16B,$0.01B,4.27%,$0.16B,$0.01B,7.32%,$0.16B,$0.01B,4.27%,$0.16B,$0.00B,2.44%,$0.00B,$0.29B,1.38%,$0.00B,$0.14B,2.80%,$0.00B,$0.35B,1.14%,$0.01B,$0.30B,2.36%,$41,$22,$19,$2,$15,$40,$2,$-0,$2,$1,$1,$1,$1,$3,$2,$55,55,$0.02,$0.02,$18,$91,$0,$148,$44,$0,$146,$1,$199,$347,$33,$10,$4,$24,$57,$0,$-115,$-3,$290,$347,$1,$3,$1,$4,$3,$2,$-3,$-3,$-1,$4,$-1,$-0,$0,$0,$0,$0,$0,$-1,$-2,$-1,$-3,$1,$1,$0,$0,$-2,$0,$1,$0
34,2010-03-31,4.33,$5.30,0.82,$2.99,1.45,$-0.28,0.0,$0.09,48.11,$0.15B,$0.04B,3.53,$0.00B,$0.29B,0.01,$0.16B,$0.08B,46.95%,$0.16B,$0.01B,4.27%,$0.16B,$0.01B,4.27%,$0.16B,$0.01B,7.32%,$0.16B,$0.01B,4.27%,$0.16B,$0.00B,2.44%,$0.00B,$0.29B,1.39%,$0.00B,$0.14B,2.83%,$0.00B,$0.35B,1.14%,$0.01B,$0.29B,2.38%,$38,$21,$17,$3,$14,$38,$0,$-0,$-0,$-0,$-0,$-0,$-0,$1,$0,$55,55,$0.00,$0.00,$18,$94,$0,$150,$45,$0,$147,$1,$200,$350,$42,$3,$5,$18,$60,$0,$-116,$-1,$290,$350,$-0,$1,$-0,$1,$4,$-0,$-1,$-1,$0,$1,$-0,$-0,$0,$0,$0,$0,$0,$-0,$-0,$-1,$-1,$0,$0,$0,$0,$-1,$0,$0,$0
35,2009-12-31,3.84,$5.31,0.72,$3.01,1.28,$-0.43,0.0,$0.11,34.91,$0.15B,$0.04B,4.03,$0.01B,$0.29B,0.04,$0.17B,$0.08B,47.27%,$0.17B,$0.01B,4.85%,$0.17B,$0.01B,4.85%,$0.17B,$0.01B,8.48%,$0.17B,$0.01B,4.85%,$0.17B,$0.01B,3.03%,$0.01B,$0.29B,1.75%,$0.01B,$0.14B,3.59%,$0.01B,$0.36B,1.44%,$0.01B,$0.30B,2.73%,$42,$22,$20,$3,$14,$40,$2,$-0,$2,$1,$1,$1,$1,$4,$2,$54,55,$0.03,$0.03,$17,$94,$0,$153,$47,$0,$147,$1,$202,$355,$38,$11,$5,$27,$65,$0,$-116,$-0,$290,$355,$6,$5,$4,$9,$-8,$-19,$2,$10,$-19,$-4,$-4,$-0,$0,$0,$0,$0,$0,$-5,$8,$-2,$6,$1,$1,$0,$0,$6,$-3,$2,$0
36,2009-09-30,4.35,$5.29,0.82,$2.99,1.46,$-0.39,0.0,$-1.81,0.0,$0.15B,$0.04B,3.51,$0.01B,$0.29B,0.02,$0.16B,$0.08B,47.50%,$0.16B,$-0.10B,-60.63%,$0.16B,$-0.10B,-60.63%,$0.16B,$0.01B,8.13%,$0.16B,$-0.10B,-60.63%,$0.16B,$-0.10B,-61.88%,$-0.10B,$0.29B,-34.89%,$-0.10B,$0.14B,-72.26%,$-0.10B,$0.35B,-28.95%,$-0.10B,$0.30B,-33.59%,$43,$22,$21,$2,$15,$39,$3,$-0,$3,$1,$2,$2,$2,$4,$3,$54,55,$0.04,$0.04,$20,$92,$0,$148,$47,$0,$146,$1,$205,$353,$42,$7,$5,$23,$65,$0,$-118,$-0,$288,$353,$4,$4,$2,$6,$-1,$-17,$4,$8,$-9,$1,$-3,$-0,$0,$0,$0,$0,$0,$-3,$4,$-2,$2,$1,$1,$0,$0,$2,$0,$1,$0
37,2009-06-30,4.29,$5.23,0.82,$2.90,1.48,$-0.44,0.0,$-1.84,0.0,$0.14B,$0.05B,3.12,$0.01B,$0.28B,0.02,$0.16B,$0.07B,46.79%,$0.16B,$-0.10B,-63.46%,$0.16B,$-0.10B,-63.46%,$0.16B,$0.01B,7.69%,$0.16B,$-0.10B,-63.46%,$0.16B,$-0.10B,-64.74%,$-0.10B,$0.28B,-32.85%,$-0.10B,$0.14B,-74.68%,$-0.10B,$0.34B,-28.04%,$-0.10B,$0.29B,-31.78%,$41,$22,$19,$2,$15,$39,$2,$-0,$2,$1,$1,$1,$1,$3,$2,$54,55,$0.02,$0.02,$14,$89,$0,$139,$47,$0,$147,$1,$204,$343,$45,$6,$5,$14,$59,$0,$-120,$-1,$284,$343,$2,$3,$1,$3,$-1,$-14,$8,$-1,$-10,$-4,$-2,$-0,$0,$0,$0,$0,$0,$-2,$3,$-3,$0,$0,$0,$0,$0,$0,$-6,$1,$0
38,2009-03-31,2.85,$5.19,0.55,$2.88,0.99,$-0.38,0.0,$-1.83,0.0,$0.13B,$0.04B,3.1,$0.00B,$0.28B,0.02,$0.16B,$0.07B,46.79%,$0.16B,$-0.10B,-63.46%,$0.16B,$-0.10B,-63.46%,$0.16B,$0.01B,8.33%,$0.16B,$-0.10B,-63.46%,$0.16B,$-0.10B,-64.10%,$-0.10B,$0.28B,-30.10%,$-0.10B,$0.14B,-74.21%,$-0.10B,$0.34B,-26.23%,$-0.10B,$0.29B,-29.51%,$39,$20,$18,$2,$15,$37,$1,$0,$1,$0,$1,$1,$1,$3,$1,$54,55,$0.02,$0.02,$13,$83,$0,$134,$47,$0,$147,$1,$204,$338,$43,$4,$5,$13,$56,$0,$-121,$-2,$282,$338,$1,$1,$0,$1,$-3,$-8,$4,$-0,$-9,$-7,$-0,$-0,$0,$0,$0,$0,$0,$-0,$1,$-1,$-0,$0,$0,$0,$0,$-0,$-7,$0,$0
39,2008-12-31,2.76,$5.20,0.53,$2.94,0.94,$-0.28,0.0,$-1.83,0.0,$0.13B,$0.04B,3.17,$0.00B,$0.28B,0.01,$0.15B,$0.07B,46.94%,$0.15B,$-0.10B,-67.35%,$0.15B,$-0.10B,-67.35%,$0.15B,$0.01B,8.16%,$0.15B,$-0.10B,-67.35%,$0.15B,$-0.10B,-68.03%,$-0.10B,$0.28B,-28.03%,$-0.10B,$0.13B,-74.49%,$-0.10B,$0.33B,-24.81%,$-0.10B,$0.28B,-27.52%,$37,$20,$18,$2,$14,$140,$-103,$-0,$-103,$-0,$-103,$-103,$-103,$3,$-103,$50,50,$-2.06,$-2.06,$20,$75,$0,$132,$48,$0,$147,$0,$202,$334,$42,$3,$4,$12,$53,$0,$-122,$-1,$281,$334,$-100,$110,$3,$113,$-0,$-20,$2,$4,$-14,$-1,$-5,$-1,$1,$5,$0,$5,$0,$-1,$-3,$4,$0,$2,$2,$0,$0,$3,$2,$2,$0
40,2008-09-30,9.35,$7.09,1.32,$3.05,3.07,$0.04,253.39,$-0.03,0.0,$0.12B,$0.03B,3.6,$0.00B,$0.38B,0.01,$0.14B,$0.06B,45.59%,$0.14B,0,0.00%,$0.14B,0,0.00%,$0.14B,$0.01B,5.15%,$0.14B,0,0.00%,$0.14B,0,0.00%,$0.00B,$0.38B,0.00%,$0.00B,$0.14B,0.00%,$0.00B,$0.43B,0.00%,$0.00B,$0.39B,0.00%,$39,$21,$18,$2,$15,$38,$1,$-0,$1,$0,$0,$0,$0,$3,$1,$54,56,$0.01,$0.01,$22,$67,$0,$123,$49,$0,$248,$0,$303,$426,$34,$3,$1,$9,$43,$0,$-19,$-0,$383,$426,$3,$5,$2,$7,$1,$-11,$1,$2,$-10,$-1,$-4,$-0,$0,$5,$0,$5,$1,$2,$-3,$2,$-1,$2,$2,$0,$0,$2,$3,$0,$0
41,2008-06-30,8.75,$7.24,1.21,$3.13,2.79,$0.27,31.98,$-0.03,0.0,$0.13B,$0.03B,3.65,$0.00B,$0.38B,0.01,$0.12B,$0.05B,44.63%,$0.12B,$-0.00B,-0.83%,$0.12B,$-0.00B,-0.83%,$0.12B,$0.01B,4.96%,$0.12B,$-0.00B,-0.83%,$0.12B,0,0.00%,$0.00B,$0.38B,0.00%,$0.00B,$0.14B,0.00%,$0.00B,$0.43B,0.00%,$-0.00B,$0.39B,-0.40%,$41,$21,$19,$2,$15,$38,$2,$-0,$2,$1,$2,$2,$2,$4,$2,$54,56,$0.03,$0.03,$21,$63,$0,$125,$50,$0,$248,$0,$302,$427,$34,$3,$1,$10,$44,$0,$-20,$1,$383,$427,$2,$3,$2,$4,$-2,$-7,$3,$1,$-7,$-1,$-2,$-0,$0,$5,$0,$5,$1,$4,$-2,$-0,$-2,$1,$1,$0,$0,$-1,$3,$0,$0
42,2008-03-31,9.45,$7.08,1.34,$3.16,2.99,$0.48,19.88,$-0.05,0.0,$0.13B,$0.04B,3.5,$0.00B,$0.38B,0.01,$0.10B,$0.04B,42.72%,$0.10B,$-0.00B,-2.91%,$0.10B,$-0.00B,-2.91%,$0.10B,$0.00B,3.88%,$0.10B,$-0.00B,-2.91%,$0.10B,$-0.00B,-1.94%,$-0.00B,$0.38B,-1.12%,$-0.00B,$0.13B,-1.80%,$-0.00B,$0.43B,-0.96%,$-0.00B,$0.38B,-1.65%,$30,$16,$14,$2,$10,$29,$1,$-0,$1,$0,$1,$1,$1,$2,$1,$38,39,$0.02,$0.02,$24,$60,$0,$125,$50,$0,$247,$1,$300,$425,$36,$3,$1,$10,$46,$0,$-21,$1,$380,$425,$1,$1,$1,$2,$-1,$-3,$3,$0,$-3,$-0,$-1,$0,$0,$0,$0,$0,$2,$1,$-1,$0,$-1,$0,$0,$0,$0,$-0,$0,$0,$0
43,2007-12-31,8.68,$3.75,2.31,$3.12,2.79,$0.56,15.62,$-0.07,0.0,$0.09B,$0.02B,4.96,$0.00B,$0.11B,0.02,$0.10B,$0.04B,40.00%,$0.10B,$-0.00B,-4.21%,$0.10B,$-0.00B,-4.21%,$0.10B,$0.00B,4.21%,$0.10B,$-0.00B,-4.21%,$0.10B,$-0.00B,-3.16%,$-0.00B,$0.11B,-2.68%,$-0.00B,$0.10B,-2.91%,$-0.00B,$0.14B,-2.23%,$-0.00B,$0.11B,-3.49%,$26,$14,$11,$1,$9,$29,$-4,$0,$-4,$-1,$-3,$-3,$-3,$-2,$-4,$30,30,$-0.09,$-0.09,$19,$40,$0,$88,$36,$0,$9,$2,$48,$136,$18,$2,$0,$7,$24,$0,$-22,$0,$112,$136,$-2,$5,$6,$12,$-1,$-3,$-1,$1,$-2,$8,$-2,$-1,$-0,$0,$0,$0,$0,$-3,$-2,$0,$-2,$1,$1,$0,$0,$-1,$3,$0,$0
44,2007-09-30,10.72,$3.80,2.82,$2.90,3.69,$0.20,54.78,$-0.20,0.0,$0.08B,$0.02B,5.19,$0.00B,$0.11B,0.02,$0.09B,$0.03B,32.95%,$0.09B,$-0.01B,-12.50%,$0.09B,$-0.01B,-12.50%,$0.09B,$-0.00B,-4.55%,$0.09B,$-0.01B,-12.50%,$0.09B,$-0.01B,-7.95%,$-0.01B,$0.11B,-6.28%,$-0.01B,$0.11B,-6.81%,$-0.01B,$0.14B,-5.26%,$-0.01B,$0.12B,-9.61%,$24,$14,$10,$2,$8,$23,$0,$0,$0,$0,$0,$0,$0,$2,$0,$30,31,$0.01,$0.01,$19,$39,$3,$84,$36,$0,$9,$2,$53,$137,$16,$2,$1,$7,$23,$0,$-19,$0,$113,$137,$1,$4,$2,$6,$1,$-2,$0,$2,$-0,$6,$-1,$-1,$0,$0,$0,$0,$0,$-2,$-2,$0,$-2,$1,$1,$0,$0,$-1,$3,$0,$0
45,2007-06-30,11.25,$3.75,3.0,$2.74,4.11,$-0.21,0.0,$-0.26,0.0,$0.08B,$0.02B,4.99,$0.00B,$0.11B,0.02,$0.08B,$0.03B,30.49%,$0.08B,$-0.01B,-15.85%,$0.08B,$-0.01B,-15.85%,$0.08B,$-0.01B,-8.54%,$0.08B,$-0.01B,-15.85%,$0.08B,$-0.01B,-10.98%,$-0.01B,$0.11B,-8.02%,$-0.01B,$0.10B,-8.59%,$-0.01B,$0.14B,-6.81%,$-0.01B,$0.12B,-11.26%,$23,$14,$9,$1,$7,$23,$0,$0,$0,$0,$0,$0,$0,$2,$0,$30,30,$0.01,$0.01,$19,$37,$0,$79,$40,$0,$9,$2,$57,$136,$16,$3,$1,$8,$24,$0,$-20,$0,$112,$136,$0,$3,$1,$4,$1,$-0,$-1,$1,$1,$5,$-0,$-0,$0,$0,$0,$0,$0,$-1,$-1,$0,$-1,$0,$0,$0,$0,$-1,$3,$0,$0
46,2007-03-31,7.25,$3.72,1.95,$2.60,2.79,$-0.50,0.0,$-0.32,0.0,$0.07B,$0.01B,4.99,$0.00B,$0.11B,0.03,$0.08B,$0.02B,28.57%,$0.08B,$-0.02B,-19.48%,$0.08B,$-0.02B,-19.48%,$0.08B,$-0.01B,-12.99%,$0.08B,$-0.02B,-19.48%,$0.08B,$-0.01B,-14.29%,$-0.01B,$0.11B,-9.71%,$-0.01B,$0.10B,-10.23%,$-0.01B,$0.13B,-8.32%,$-0.02B,$0.11B,-12.82%,$22,$14,$8,$1,$7,$22,$0,$-0,$0,$0,$0,$0,$0,$2,$0,$30,30,$0.00,$0.00,$17,$37,$0,$72,$40,$0,$9,$2,$57,$129,$14,$3,$1,$4,$18,$0,$-20,$0,$111,$129,$0,$1,$0,$2,$2,$0,$-1,$0,$0,$2,$-0,$0,$0,$0,$0,$0,$0,$-0,$-1,$0,$-1,$0,$0,$0,$0,$-1,$1,$0,$0
47,2006-12-31,5.86,$3.71,1.58,$2.49,2.36,$-0.55,0.0,$-0.36,0.0,$0.07B,$0.02B,4.44,$0.00B,$0.11B,0.03,$0.07B,$0.02B,26.03%,$0.07B,$-0.02B,-23.29%,$0.07B,$-0.02B,-23.29%,$0.07B,$-0.01B,-17.81%,$0.07B,$-0.02B,-23.29%,$0.07B,$-0.01B,-16.44%,$-0.01B,$0.11B,-10.46%,$-0.01B,$0.10B,-10.86%,$-0.01B,$0.13B,-8.92%,$-0.02B,$0.11B,-14.29%,$19,$17,$2,$2,$7,$30,$-11,$0,$-11,$-4,$-7,$-7,$-7,$-10,$-11,$30,30,$-0.23,$-0.23,$16,$37,$0,$73,$41,$0,$9,$2,$57,$130,$17,$3,$0,$3,$20,$0,$-20,$0,$110,$130,$-11,$5,$1,$6,$-0,$2,$1,$-1,$1,$-4,$-1,$-3,$0,$0,$0,$0,$0,$-4,$-2,$0,$-2,$0,$0,$0,$0,$-2,$-10,$0,$0
