,Date,Stock Price,Book Value per Share,Price to Book Ratio,TTM Sales per Share,Price to Sales Ratio,TTM FCF per Share,Price to FCF Ratio,TTM Net EPS,PE Ratio,Current Assets,Current Liabilities,Current Ratio,Long Term Debt,Shareholder's Equity_x,Debt to Equity Ratio,TTM Revenue_x,TTM Gross Profit,Gross Margin,TTM Revenue_y,TTM Operating Income,Operating Margin,TTM Revenue_x,TTM EBIT,EBIT Margin,TTM Revenue_y,TTM EBITDA,EBITDA Margin,TTM Revenue_x,TTM Pre-Tax Income,Pre-Tax Margin,TTM Revenue_y,TTM Net Income_x,Net Margin,TTM Net Income_y,Shareholder's Equity_y,Return on Equity,TTM Net Income_x,Tangible Equity,Return on Tangible Equity,TTM Net Income_y,Total Assets,Return on Assets,TTM Net Income,LT Investments & Debt,Return on Investment,revenue,cost-goods-sold,gross-profit,research-development-expenses,selling-general-administrative-expenses,operating-expenses,operating-income,total-non-operating-income-expense,pre-tax-income,total-provision-income-taxes,income-after-taxes,income-from-continuous-operations,net-income,ebitda,ebit,basic-shares-outstanding,shares-outstanding,eps-basic-net-earnings-per-share,eps-earnings-per-share-diluted,cash-on-hand,inventory,other-current-assets,total-current-assets,net-property-plant-equipment,long-term-investments,goodwill-intangible-assets-total,other-long-term-assets,total-long-term-assets,total-assets,total-current-liabilities,long-term-debt,other-non-current-liabilities,total-long-term-liabilities,total-liabilities,common-stock-net,retained-earnings-accumulated-deficit,comprehensive-income,total-share-holder-equity,total-liabilities-share-holders-equity,net-income-loss,total-depreciation-amortization-cash-flow,other-non-cash-items,total-non-cash-items,change-in-accounts-receivable,change-in-inventories,change-in-accounts-payable,change-in-assets-liabilities,total-change-in-assets-liabilities,cash-flow-from-operating-activities,net-change-in-property-plant-equipment,net-change-in-intangible-assets,net-acquisitions-divestitures,net-change-in-short-term-investments,net-change-in-long-term-investments,net-change-in-investments-total,investing-activities-other,cash-flow-from-investing-activities,net-long-term-debt,net-current-debt,debt-issuance-retirement-net-total,net-common-equity-issued-repurchased,net-total-equity-issued-repurchased,total-common-preferred-stock-dividends-paid,financial-activities-other,cash-flow-from-financial-activities,net-cash-flow,stock-based-compensation,common-stock-dividends-paid
0,2018-09-30,206.66,$39.68,5.21,$91.81,2.25,$13.25,15.6,$8.57,24.11,$10.64B,$7.16B,1.49,$4.75B,$11.31B,0.42,$26.48B,$6.58B,24.85%,$26.48B,$3.51B,13.26%,$26.48B,$3.51B,13.26%,$26.48B,$4.08B,15.40%,$26.48B,$3.05B,11.53%,$26.48B,$2.47B,9.33%,$2.47B,$11.31B,23.46%,$2.47B,$-3.56B,-56.93%,$2.47B,$30.13B,8.08%,$3.51B,$16.06B,22.98%,$6806,$4871,$1935,$0,$752,$5623,$1183,$-547,$636,$-5,$641,$641,$644,$1326,$1183,$286,286,$2.25,$2.25,$2073,$804,$5715,$10635,$2639,$0,$14865,$1995,$19499,$30134,$7156,$4753,$0,$11668,$18824,$3,$19720,$-8413,$11310,$30134,$2055,$417,$122,$539,$-205,$-212,$-64,$-440,$-1566,$996,$-546,$-42,$11,$0,$309,$309,$-9,$-277,$0,$0,$0,$-1016,$-1016,$-728,$-5,$-1749,$-1030,$137,$-728
1,2018-06-30,192.33,$37.22,5.17,$89.61,2.15,$14.53,13.24,$8.29,23.2,$11.32B,$7.02B,1.61,$4.75B,$10.61B,0.45,$25.96B,$6.46B,24.89%,$25.96B,$3.46B,13.31%,$25.96B,$3.46B,13.31%,$25.96B,$4.02B,15.47%,$25.96B,$3.23B,12.46%,$25.96B,$2.40B,9.24%,$2.40B,$10.61B,23.02%,$2.40B,$-4.26B,-53.82%,$2.40B,$30.74B,7.84%,$3.46B,$15.36B,22.79%,$6625,$4777,$1848,$0,$748,$5525,$1100,$-273,$827,$37,$790,$790,$800,$1239,$1100,$287,288,$2.78,$2.78,$3094,$725,$5642,$11315,$2554,$0,$14865,$2004,$19423,$30738,$7017,$4752,$0,$13114,$20131,$3,$19467,$-8863,$10607,$30738,$1414,$274,$110,$384,$7,$-133,$-73,$-450,$-340,$1440,$-366,$-28,$11,$0,$309,$309,$-3,$-77,$0,$0,$0,$-891,$-891,$-480,$-5,$-1376,$-13,$101,$-480
2,2018-03-31,214.02,$35.64,6.0,$88.08,2.43,$12.82,16.7,$7.40,28.92,$10.96B,$6.78B,1.62,$4.75B,$10.24B,0.46,$25.62B,$6.37B,24.88%,$25.62B,$3.41B,13.32%,$25.62B,$3.41B,13.32%,$25.62B,$3.97B,15.48%,$25.62B,$3.18B,12.40%,$25.62B,$2.15B,8.40%,$2.15B,$10.24B,20.55%,$2.15B,$-4.63B,-48.96%,$2.15B,$30.50B,7.06%,$3.41B,$14.99B,22.42%,$6267,$4532,$1735,$0,$694,$5226,$1041,$-284,$757,$133,$624,$624,$633,$1176,$1041,$289,289,$2.20,$2.19,$2748,$640,$5444,$10960,$2478,$0,$14871,$2188,$19537,$30497,$6779,$4751,$0,$13481,$20260,$3,$19329,$-9095,$10237,$30497,$623,$135,$-12,$123,$-314,$-46,$-167,$-96,$-447,$284,$-219,$-12,$0,$0,$309,$309,$-1,$77,$0,$0,$0,$-472,$-472,$-230,$-5,$-707,$-346,$63,$-230
3,2017-12-31,185.49,$34.59,5.36,$86.87,2.14,$12.19,15.21,$6.95,26.69,$11.33B,$7.35B,1.54,$4.75B,$9.96B,0.48,$25.35B,$6.27B,24.74%,$25.35B,$3.32B,13.09%,$25.35B,$3.32B,13.09%,$25.35B,$3.87B,15.26%,$25.35B,$3.11B,12.28%,$25.35B,$2.02B,7.98%,$2.02B,$9.96B,19.27%,$2.02B,$-4.91B,-46.58%,$2.02B,$30.86B,6.68%,$3.32B,$14.71B,21.63%,$6783,$5721,$1062,$0,$875,$6596,$187,$647,$834,$447,$387,$387,$393,$336,$187,$291,291,$1.35,$1.35,$3400,$594,$5247,$11326,$2439,$0,$14871,$2224,$19534,$30860,$7348,$4750,$0,$13549,$20897,$3,$17895,$-7935,$9963,$30860,$2001,$550,$460,$1010,$-157,$14,$-94,$398,$-171,$2745,$-497,$-68,$-93,$-696,$517,$-179,$20,$-817,$-629,$300,$-329,$-885,$-885,$-910,$8,$-2116,$-188,$173,$-910
4,2017-09-30,183.45,$37.57,4.88,$84.75,2.16,$12.31,14.9,$7.44,24.66,$10.78B,$6.49B,1.66,$4.75B,$10.86B,0.44,$24.84B,$6.80B,27.37%,$24.84B,$4.01B,16.14%,$24.84B,$4.01B,16.14%,$24.84B,$4.55B,18.31%,$24.84B,$3.10B,12.49%,$24.84B,$2.19B,8.80%,$2.19B,$10.86B,20.71%,$2.19B,$-4.02B,-51.12%,$2.19B,$30.28B,7.25%,$4.01B,$15.61B,25.82%,$6284,$4468,$1816,$0,$688,$5156,$1128,$-312,$816,$248,$568,$568,$572,$1266,$1128,$291,291,$1.97,$1.97,$2311,$693,$5892,$10778,$2248,$0,$14878,$2374,$19500,$30278,$6492,$4749,$0,$12929,$19421,$3,$17929,$-7075,$10857,$30278,$1614,$401,$26,$427,$-226,$-83,$-191,$-779,$-829,$1122,$-292,$-49,$-93,$-399,$517,$118,$-2,$-318,$-629,$300,$-329,$-784,$-784,$-679,$8,$-1784,$-980,$127,$-679
5,2017-06-30,158.77,$37.29,4.26,$83.51,1.9,$14.17,11.2,$7.26,21.87,$10.94B,$6.59B,1.66,$4.75B,$10.82B,0.44,$24.57B,$6.53B,26.55%,$24.57B,$3.71B,15.11%,$24.57B,$3.71B,15.11%,$24.57B,$4.24B,17.27%,$24.57B,$3.07B,12.48%,$24.57B,$2.16B,8.78%,$2.16B,$10.82B,20.64%,$2.16B,$-4.01B,-49.59%,$2.16B,$30.23B,7.21%,$3.71B,$15.56B,23.83%,$6281,$4521,$1760,$0,$705,$5226,$1055,$-287,$768,$221,$547,$547,$553,$1188,$1055,$292,292,$1.90,$1.89,$2577,$581,$5728,$10937,$2172,$0,$14827,$2293,$19292,$30229,$6587,$4747,$0,$12827,$19414,$3,$17806,$-6994,$10815,$30229,$1047,$263,$23,$286,$-393,$27,$-238,$-535,$-530,$741,$-150,$-33,$-39,$-399,$100,$-299,$-1,$-522,$-629,$300,$-329,$-579,$-579,$-447,$8,$-1347,$-1128,$92,$-447
6,2017-03-31,148.42,$35.68,4.16,$82.26,1.8,$14.95,9.93,$7.75,19.15,$10.52B,$6.31B,1.67,$5.09B,$10.38B,0.49,$24.32B,$6.43B,26.45%,$24.32B,$3.63B,14.92%,$24.32B,$3.63B,14.92%,$24.32B,$4.15B,17.07%,$24.32B,$3.22B,13.23%,$24.32B,$2.32B,9.55%,$2.32B,$10.38B,22.48%,$2.32B,$-4.44B,-51.97%,$2.32B,$29.87B,7.83%,$3.63B,$15.47B,23.26%,$6000,$4366,$1634,$0,$686,$5052,$948,$-253,$695,$198,$497,$497,$506,$1078,$948,$293,293,$1.74,$1.74,$2585,$599,$5555,$10515,$2146,$0,$14825,$2383,$19354,$29869,$6307,$5086,$0,$13178,$19485,$3,$17599,$-7218,$10384,$29869,$500,$130,$0,$130,$-155,$9,$-219,$-430,$-629,$-41,$-75,$-16,$-39,$-399,$100,$-299,$-1,$-430,$0,$0,$0,$-438,$-438,$-215,$8,$-645,$-1116,$57,$-215
7,2016-12-31,138.2,$34.69,3.98,$81.13,1.7,$15.94,8.67,$7.44,18.58,$10.89B,$6.54B,1.67,$5.34B,$10.16B,0.53,$24.12B,$6.16B,25.53%,$24.12B,$3.30B,13.66%,$24.12B,$3.30B,13.66%,$24.12B,$3.81B,15.79%,$24.12B,$3.09B,12.79%,$24.12B,$2.24B,9.30%,$2.24B,$10.16B,21.76%,$2.24B,$-4.63B,-50.11%,$2.24B,$30.24B,7.63%,$3.30B,$15.49B,21.06%,$6279,$4688,$1591,$0,$711,$5399,$880,$-55,$825,$272,$553,$553,$555,$1018,$880,$297,297,$1.88,$1.87,$3403,$608,$5041,$10885,$2166,$0,$14788,$2399,$19353,$30238,$6539,$5335,$0,$13542,$20081,$3,$17565,$-7411,$10157,$30238,$2213,$515,$125,$640,$18,$-10,$152,$-481,$-10,$2852,$-527,$-64,$-57,$-472,$1184,$712,$-11,$53,$0,$0,$0,$-996,$-996,$-850,$-84,$-1930,$975,$151,$-850
8,2016-09-30,131.11,$35.65,3.68,$80.95,1.62,$14.70,8.92,$7.49,17.5,$10.16B,$6.00B,1.69,$5.33B,$10.47B,0.51,$24.25B,$6.13B,25.27%,$24.25B,$3.30B,13.60%,$24.25B,$3.30B,13.60%,$24.25B,$3.81B,15.71%,$24.25B,$3.09B,12.74%,$24.25B,$2.30B,9.47%,$2.30B,$10.47B,22.17%,$2.30B,$-4.32B,-51.94%,$2.30B,$29.45B,7.87%,$3.30B,$15.80B,21.02%,$6014,$4474,$1540,$0,$710,$5184,$830,$-50,$780,$239,$541,$541,$544,$960,$830,$295,296,$1.84,$1.84,$2804,$651,$6469,$10155,$2053,$0,$14791,$2453,$19297,$29452,$6001,$5334,$0,$12984,$18985,$3,$17320,$-6856,$10467,$29452,$1660,$377,$-123,$254,$-64,$-37,$52,$-732,$-191,$1711,$-319,$-47,$-57,$-472,$822,$350,$-9,$-82,$0,$0,$0,$-896,$-896,$-635,$-84,$-1615,$14,$120,$-635
9,2016-06-30,130.23,$34.96,3.73,$79.61,1.64,$14.39,9.05,$7.17,18.16,$9.85B,$6.01B,1.64,$5.33B,$10.32B,0.52,$24.02B,$5.96B,24.83%,$24.02B,$3.16B,13.17%,$24.02B,$3.16B,13.17%,$24.02B,$3.68B,15.31%,$24.02B,$2.94B,12.25%,$24.02B,$2.20B,9.16%,$2.20B,$10.32B,21.30%,$2.20B,$-4.48B,-49.73%,$2.20B,$29.10B,7.55%,$3.16B,$15.65B,20.21%,$6029,$4362,$1667,$0,$695,$5057,$972,$-53,$919,$205,$714,$714,$717,$1095,$972,$297,298,$2.41,$2.41,$2719,$671,$6249,$9850,$2028,$0,$14791,$2429,$19248,$29098,$6014,$5333,$0,$12768,$18782,$3,$17212,$-6899,$10316,$29098,$1118,$247,$-122,$125,$-250,$-14,$49,$-438,$-187,$1071,$-236,$-26,$-57,$-472,$599,$127,$6,$-186,$0,$0,$0,$-694,$-694,$-419,$-84,$-1197,$-312,$89,$-419
10,2016-03-31,116.78,$34.73,3.36,$78.48,1.49,$12.59,9.28,$6.44,18.13,$9.36B,$5.75B,1.63,$5.33B,$10.31B,0.52,$23.84B,$5.62B,23.57%,$23.84B,$2.84B,11.92%,$23.84B,$2.84B,11.92%,$23.84B,$3.35B,14.04%,$23.84B,$2.61B,10.97%,$23.84B,$1.99B,8.34%,$1.99B,$10.31B,19.27%,$1.99B,$-4.48B,-45.05%,$1.99B,$28.83B,6.86%,$2.84B,$15.64B,18.15%,$5802,$4441,$1361,$0,$748,$5189,$613,$-52,$561,$157,$404,$404,$428,$737,$613,$299,300,$1.43,$1.43,$2645,$637,$5882,$9359,$2018,$0,$14791,$2661,$19470,$28829,$5749,$5332,$0,$12770,$18519,$3,$17141,$-7050,$10310,$28829,$405,$124,$24,$148,$-94,$41,$-43,$-195,$-232,$326,$-149,$-12,$-57,$0,$127,$127,$0,$-91,$0,$0,$0,$-434,$-434,$-201,$6,$-629,$-394,$54,$-201
11,2015-12-31,117.95,$34.55,3.41,$76.25,1.55,$12.02,9.82,$6.80,17.35,$9.81B,$6.13B,1.6,$5.33B,$10.33B,0.52,$23.32B,$5.71B,24.50%,$23.32B,$3.07B,13.15%,$23.32B,$3.07B,13.15%,$23.32B,$3.56B,15.25%,$23.32B,$2.84B,12.18%,$23.32B,$2.11B,9.05%,$2.11B,$10.33B,20.67%,$2.11B,$-4.40B,-51.73%,$2.11B,$29.28B,7.35%,$3.07B,$15.66B,19.73%,$6402,$4842,$1560,$0,$678,$5520,$882,$-54,$828,$234,$594,$594,$607,$1018,$882,$305,305,$2.01,$2.00,$3200,$635,$5564,$9812,$2005,$0,$14731,$2733,$19469,$29281,$6126,$5330,$0,$12825,$18951,$3,$16903,$-7176,$10330,$29281,$2107,$489,$51,$540,$12,$-187,$107,$-700,$-240,$2359,$-347,$-51,$-1954,$-1183,$1793,$610,$-2,$-1744,$0,$0,$0,$-1099,$-1099,$-797,$387,$-1509,$-894,$140,$-797
12,2015-09-30,102.86,$34.38,2.99,$74.92,1.37,$11.40,9.03,$6.79,15.15,$9.53B,$6.33B,1.51,$5.33B,$10.35B,0.52,$23.06B,$5.63B,24.43%,$23.06B,$3.05B,13.24%,$23.06B,$3.05B,13.24%,$23.06B,$3.52B,15.26%,$23.06B,$2.83B,12.28%,$23.06B,$2.09B,9.04%,$2.09B,$10.35B,20.73%,$2.09B,$-4.33B,-54.67%,$2.09B,$29.25B,7.37%,$3.05B,$15.68B,19.85%,$5783,$4408,$1375,$0,$678,$5086,$697,$-64,$633,$189,$444,$444,$447,$827,$697,$304,304,$1.47,$1.47,$3061,$619,$5649,$9528,$1934,$0,$14681,$3106,$19721,$29249,$6328,$5334,$343,$12572,$18900,$3,$16552,$-7024,$10349,$29249,$1500,$353,$-177,$176,$0,$-207,$63,$-646,$-95,$1533,$-194,$-37,$-1892,$-449,$1336,$887,$-6,$-1242,$0,$0,$0,$-848,$-848,$-595,$383,$-1060,$-769,$114,$-595
13,2015-06-30,90.07,$33.78,2.67,$73.50,1.23,$10.52,8.56,$6.97,12.92,$8.70B,$5.64B,1.54,$5.33B,$10.26B,0.52,$22.75B,$5.56B,24.45%,$22.75B,$3.12B,13.71%,$22.75B,$3.12B,13.71%,$22.75B,$3.57B,15.67%,$22.75B,$2.91B,12.79%,$22.75B,$2.15B,9.46%,$2.15B,$10.26B,20.59%,$2.15B,$-4.43B,-73.42%,$2.15B,$28.44B,7.81%,$3.12B,$15.59B,19.95%,$5848,$4525,$1323,$0,$675,$5200,$648,$-56,$592,$90,$502,$502,$505,$764,$648,$305,306,$1.65,$1.65,$2494,$519,$5514,$8704,$1929,$0,$14683,$3121,$19733,$28437,$5641,$5333,$343,$12541,$18182,$3,$16314,$-7095,$10255,$28437,$1057,$223,$-187,$36,$0,$-106,$-99,$-753,$-575,$432,$-124,$-26,$-1892,$61,$774,$835,$-15,$-1222,$0,$0,$0,$-596,$-596,$-391,$383,$-604,$-1394,$87,$-391
14,2015-03-31,102.13,$32.37,3.15,$72.55,1.41,$11.89,8.59,$7.08,14.43,$10.24B,$5.64B,1.82,$5.33B,$9.91B,0.54,$22.61B,$5.64B,24.94%,$22.61B,$3.23B,14.29%,$22.61B,$3.23B,14.29%,$22.61B,$3.67B,16.23%,$22.61B,$3.03B,13.41%,$22.61B,$2.20B,9.73%,$2.20B,$9.91B,20.23%,$2.20B,$-3.15B,-107.62%,$2.20B,$27.80B,8.13%,$3.23B,$15.24B,20.32%,$5288,$3833,$1455,$0,$615,$4448,$840,$-52,$788,$234,$554,$554,$551,$947,$840,$308,309,$1.79,$1.79,$4140,$506,$5223,$10241,$1906,$0,$13060,$2591,$17557,$27798,$5635,$5331,$0,$12257,$17892,$3,$16017,$-7353,$9906,$27798,$554,$107,$-60,$47,$0,$-93,$-112,$-768,$-537,$56,$-51,$-13,$-6,$-13,$250,$237,$-31,$136,$0,$0,$0,$-340,$-340,$-186,$18,$-508,$-316,$51,$-186
15,2014-12-31,99.95,$31.66,3.16,$72.86,1.37,$13.87,7.2,$7.18,13.92,$10.28B,$5.75B,1.79,$5.33B,$9.72B,0.55,$22.83B,$5.53B,24.23%,$22.83B,$3.18B,13.93%,$22.83B,$3.18B,13.93%,$22.83B,$3.62B,15.85%,$22.83B,$2.98B,13.07%,$22.83B,$2.24B,9.83%,$2.24B,$9.72B,19.88%,$2.24B,$-3.34B,-144.75%,$2.24B,$27.72B,8.39%,$3.18B,$15.05B,19.66%,$6143,$4662,$1481,$0,$612,$5274,$869,$-51,$818,$238,$580,$580,$582,$981,$869,$312,313,$1.88,$1.88,$4719,$414,$4985,$10279,$1935,$0,$13061,$2441,$17437,$27716,$5752,$5325,$0,$12243,$17995,$3,$15671,$-7458,$9721,$27716,$2258,$439,$96,$535,$0,$-50,$54,$-145,$-561,$2184,$-317,$-54,$-427,$-2032,$1523,$-509,$-15,$-1322,$592,$0,$592,$-838,$-838,$-735,$45,$-936,$-74,$148,$-735
16,2014-09-30,93.9,$38.81,2.42,$71.31,1.32,$14.38,6.53,$6.96,13.49,$10.29B,$5.96B,1.73,$4.74B,$11.95B,0.4,$22.55B,$5.28B,23.41%,$22.55B,$3.02B,13.39%,$22.55B,$3.02B,13.39%,$22.55B,$3.46B,15.34%,$22.55B,$2.83B,12.57%,$22.55B,$2.19B,9.72%,$2.19B,$11.95B,18.81%,$2.19B,$-0.81B,-198.10%,$2.19B,$26.31B,8.34%,$3.02B,$16.69B,18.42%,$5474,$4171,$1303,$0,$540,$4711,$763,$-51,$712,$193,$519,$519,$515,$874,$763,$311,311,$1.66,$1.65,$4114,$522,$5340,$10285,$1860,$0,$12762,$1400,$16022,$26307,$5955,$4737,$0,$8398,$14353,$3,$15273,$-4895,$11954,$26307,$1672,$327,$-208,$119,$0,$-159,$-119,$-425,$-522,$1270,$-173,$-40,$0,$-1308,$832,$-476,$0,$-689,$0,$0,$0,$-733,$-733,$-551,$41,$-1243,$-662,$118,$-551
17,2014-06-30,84.73,$38.29,2.21,$71.80,1.18,$14.30,5.93,$6.82,12.42,$10.30B,$5.90B,1.75,$4.74B,$11.89B,0.4,$22.92B,$5.29B,23.06%,$22.92B,$3.01B,13.15%,$22.92B,$3.01B,13.15%,$22.92B,$3.45B,15.06%,$22.92B,$2.83B,12.36%,$22.92B,$2.17B,9.45%,$2.17B,$11.89B,19.84%,$2.17B,$-0.87B,-117.55%,$2.17B,$26.38B,8.20%,$3.01B,$16.63B,19.25%,$5701,$4301,$1400,$0,$641,$4942,$759,$-46,$713,$212,$501,$501,$551,$868,$759,$313,314,$1.76,$1.76,$4176,$430,$5366,$10299,$1878,$0,$12765,$1438,$16081,$26380,$5896,$4736,$0,$8590,$14486,$3,$14945,$-4786,$11894,$26380,$1153,$216,$-39,$177,$169,$-67,$-64,$-320,$-472,$846,$-101,$-26,$0,$-489,$595,$106,$0,$-21,$0,$0,$0,$-532,$-532,$-363,$35,$-860,$-35,$88,$-363
18,2014-03-31,90.15,$37.03,2.43,$72.40,1.25,$12.77,7.06,$6.56,13.74,$10.44B,$5.98B,1.75,$4.74B,$11.58B,0.41,$23.34B,$5.25B,22.49%,$23.34B,$3.02B,12.94%,$23.34B,$3.02B,12.94%,$23.34B,$3.46B,14.84%,$23.34B,$2.83B,12.14%,$23.34B,$2.10B,9.02%,$2.10B,$11.58B,20.77%,$2.10B,$-1.18B,-79.92%,$2.10B,$26.54B,7.97%,$3.02B,$16.32B,20.32%,$5508,$4161,$1347,$0,$559,$4720,$788,$-48,$740,$147,$593,$593,$596,$895,$788,$315,316,$1.89,$1.89,$4531,$363,$5211,$10439,$1902,$0,$12765,$1435,$16102,$26541,$5979,$4735,$0,$8979,$14958,$3,$14582,$-4962,$11583,$26541,$600,$107,$1,$108,$-100,$0,$224,$40,$-32,$671,$-39,$-12,$0,$-888,$400,$-488,$0,$-539,$0,$0,$0,$-229,$-229,$-174,$11,$-392,$-260,$38,$-174
19,2013-12-31,82.26,$35.60,2.31,$72.87,1.13,$11.91,6.9,$6.16,13.35,$9.82B,$5.81B,1.69,$4.73B,$11.20B,0.42,$23.71B,$5.17B,21.83%,$23.71B,$2.94B,12.39%,$23.71B,$2.94B,12.39%,$23.71B,$3.38B,14.27%,$23.71B,$2.76B,11.63%,$23.71B,$2.00B,8.42%,$2.00B,$11.20B,21.34%,$2.00B,$-1.57B,-58.51%,$2.00B,$25.97B,7.55%,$2.94B,$15.93B,20.86%,$5870,$4640,$1230,$0,$521,$5161,$709,$-40,$669,$200,$469,$469,$531,$822,$709,$323,324,$1.66,$1.66,$4297,$363,$4870,$9816,$1937,$0,$12764,$1450,$16151,$25967,$5810,$4734,$0,$8960,$14770,$3,$14173,$-5113,$11197,$25967,$2013,$445,$113,$558,$0,$18,$-171,$-370,$-123,$2378,$-278,$-49,$-9,$-916,$779,$-137,$0,$-473,$0,$0,$0,$-1099,$-1099,$-694,$-4,$-1797,$108,$129,$-694
20,2013-09-30,69.48,$28.25,2.46,$74.03,0.94,$10.42,6.67,$5.92,11.74,$9.75B,$5.84B,1.67,$4.73B,$9.01B,0.53,$24.28B,$5.29B,21.80%,$24.28B,$2.98B,12.29%,$24.28B,$2.98B,12.29%,$24.28B,$3.43B,14.13%,$24.28B,$2.77B,11.39%,$24.28B,$1.93B,7.97%,$1.93B,$9.01B,22.49%,$1.93B,$-3.75B,-46.48%,$1.93B,$26.78B,7.26%,$2.98B,$13.74B,22.38%,$5842,$4534,$1308,$0,$551,$5085,$757,$-45,$712,$221,$491,$491,$489,$868,$757,$323,323,$1.52,$1.51,$3897,$405,$5248,$9752,$1907,$0,$12765,$1248,$17026,$26778,$5839,$4733,$0,$11928,$17767,$3,$13817,$-7314,$9011,$26778,$1480,$332,$-48,$284,$0,$-24,$-206,$-654,$-472,$1277,$-164,$-34,$-14,$-614,$518,$-96,$0,$-308,$0,$0,$0,$-698,$-698,$-520,$3,$-1215,$-246,$96,$-520
21,2013-06-30,58.69,$27.13,2.16,$74.11,0.79,$9.41,6.24,$5.91,9.93,$9.28B,$5.45B,1.7,$4.73B,$8.74B,0.54,$24.48B,$5.34B,21.81%,$24.48B,$3.01B,12.31%,$24.48B,$3.01B,12.31%,$24.48B,$3.46B,14.14%,$24.48B,$2.80B,11.43%,$24.48B,$1.95B,7.95%,$1.95B,$8.74B,22.48%,$1.95B,$-4.03B,-47.99%,$1.95B,$26.38B,7.38%,$3.01B,$13.47B,22.56%,$6115,$4753,$1362,$0,$596,$5349,$766,$-53,$713,$220,$493,$493,$488,$879,$766,$326,326,$1.50,$1.50,$3462,$454,$5156,$9276,$1924,$0,$12764,$1272,$17100,$26376,$5454,$4732,$0,$12185,$17639,$3,$13503,$-7464,$8737,$26376,$987,$221,$-22,$199,$0,$-74,$-187,$-588,$-782,$381,$-104,$-21,$-14,$-514,$362,$-152,$0,$-291,$0,$0,$0,$-473,$-473,$-343,$5,$-811,$-721,$64,$-343
22,2013-03-31,51.7,$26.11,1.98,$73.25,0.71,$7.85,6.58,$5.82,8.88,$9.46B,$5.69B,1.66,$4.73B,$8.46B,0.56,$24.36B,$5.32B,21.83%,$24.36B,$2.99B,12.27%,$24.36B,$2.99B,12.27%,$24.36B,$3.44B,14.12%,$24.36B,$2.78B,11.40%,$24.36B,$1.93B,7.92%,$1.93B,$8.46B,22.24%,$1.93B,$-4.30B,-48.42%,$1.93B,$26.69B,7.40%,$2.99B,$13.19B,22.41%,$5879,$4605,$1274,$0,$568,$5173,$706,$-43,$663,$167,$496,$496,$488,$814,$706,$327,328,$1.49,$1.49,$4012,$442,$4808,$9458,$1954,$0,$12757,$1273,$17229,$26687,$5689,$4731,$0,$12538,$18227,$3,$13193,$-7646,$8460,$26687,$496,$108,$31,$139,$0,$-62,$-129,$-129,$-204,$423,$-48,$-9,$0,$-201,$153,$-48,$0,$-105,$0,$0,$0,$-220,$-220,$-164,$3,$-381,$-63,$31,$-164
23,2012-12-31,50.62,$24.97,2.03,$72.87,0.69,$6.84,7.39,$5.65,8.96,$9.25B,$5.90B,1.57,$4.73B,$8.19B,0.58,$24.41B,$5.32B,21.80%,$24.41B,$2.99B,12.24%,$24.41B,$2.99B,12.24%,$24.41B,$3.44B,14.11%,$24.41B,$2.78B,11.38%,$24.41B,$1.89B,7.73%,$1.89B,$8.19B,21.76%,$1.89B,$-4.57B,-48.18%,$1.89B,$26.69B,7.33%,$2.99B,$12.92B,22.45%,$6439,$5092,$1347,$0,$1135,$5684,$755,$-77,$678,$210,$468,$468,$469,$869,$755,$333,334,$1.42,$1.42,$4044,$381,$4543,$9246,$1986,$0,$12756,$1331,$17440,$26686,$5902,$4731,$0,$12594,$18496,$3,$12883,$-7788,$8190,$26686,$1900,$455,$210,$665,$0,$-37,$-159,$-306,$-643,$1957,$-293,$-76,$-301,$-1355,$505,$-850,$-3,$-1523,$122,$0,$122,$-731,$-731,$-643,$6,$-1246,$-812,$122,$-643
24,2012-09-30,49.38,$27.95,1.77,$71.77,0.69,$6.86,7.2,$5.80,8.51,$9.26B,$5.67B,1.63,$4.61B,$9.23B,0.5,$24.40B,$5.38B,22.05%,$24.40B,$3.08B,12.64%,$24.40B,$3.08B,12.64%,$24.40B,$3.54B,14.51%,$24.40B,$2.91B,11.93%,$24.40B,$1.96B,8.04%,$1.96B,$9.23B,22.51%,$1.96B,$-3.32B,-51.25%,$1.96B,$25.70B,7.67%,$3.08B,$13.83B,23.14%,$6045,$4689,$1356,$181,$389,$5259,$786,$-41,$745,$237,$508,$508,$500,$899,$786,$332,333,$1.51,$1.50,$3646,$482,$4789,$9260,$1929,$0,$12546,$1242,$16437,$25697,$5668,$4609,$0,$10804,$16472,$3,$12578,$-6506,$9225,$25697,$1429,$341,$87,$428,$0,$-145,$-314,$-503,$-883,$969,$-158,$-60,$-7,$-681,$75,$-606,$-2,$-833,$0,$0,$0,$-635,$-635,$-478,$9,$-1104,$-968,$84,$-478
25,2012-06-30,48.45,$26.50,1.83,$71.02,0.68,$6.11,7.92,$5.73,8.46,$8.78B,$5.43B,1.62,$4.61B,$8.80B,0.52,$24.47B,$5.32B,21.76%,$24.47B,$3.02B,12.34%,$24.47B,$3.02B,12.34%,$24.47B,$3.48B,14.21%,$24.47B,$2.84B,11.59%,$24.47B,$1.96B,8.02%,$1.96B,$8.80B,21.78%,$1.96B,$-3.74B,-55.87%,$1.96B,$25.08B,7.80%,$3.02B,$13.41B,22.58%,$5992,$4652,$1340,$194,$404,$5250,$742,$-52,$690,$219,$471,$471,$471,$858,$742,$333,334,$1.41,$1.41,$2906,$448,$5054,$8779,$1943,$0,$12542,$1338,$16299,$25078,$5433,$4607,$0,$10846,$16279,$3,$12242,$-6688,$8799,$25078,$922,$228,$121,$349,$9,$-112,$-328,$-850,$-1380,$-142,$-93,$-46,$0,$-556,$0,$-556,$-1,$-696,$0,$0,$0,$-506,$-506,$-313,$7,$-812,$-1650,$56,$-313
26,2012-03-31,44.77,$25.52,1.75,$70.46,0.64,$6.32,7.08,$5.55,8.07,$9.19B,$5.73B,1.6,$4.61B,$8.50B,0.54,$24.68B,$5.25B,21.28%,$24.68B,$2.95B,11.94%,$24.68B,$2.95B,11.94%,$24.68B,$3.40B,13.77%,$24.68B,$2.78B,11.25%,$24.68B,$1.93B,7.82%,$1.93B,$8.50B,20.54%,$1.93B,$-4.05B,-62.06%,$1.93B,$25.63B,7.75%,$2.95B,$13.11B,21.82%,$5938,$4659,$1279,$168,$405,$5232,$706,$-40,$666,$212,$454,$454,$448,$818,$706,$338,339,$1.33,$1.32,$3541,$395,$4838,$9185,$1979,$0,$12544,$1344,$16442,$25627,$5731,$4606,$0,$11397,$17128,$3,$11938,$-6817,$8499,$25627,$452,$112,$39,$151,$0,$-59,$-307,$-161,$-469,$115,$-70,$-20,$0,$0,$0,$0,$0,$-90,$0,$0,$0,$-343,$-343,$-146,$5,$-484,$-459,$27,$-146
27,2011-12-31,41.04,$24.60,1.67,$69.71,0.59,$6.09,6.74,$5.29,7.76,$9.31B,$6.13B,1.52,$4.61B,$8.34B,0.55,$24.79B,$5.13B,20.68%,$24.79B,$2.83B,11.42%,$24.79B,$2.83B,11.42%,$24.79B,$3.27B,13.21%,$24.79B,$2.66B,10.73%,$24.79B,$1.87B,7.53%,$1.87B,$8.34B,19.07%,$1.87B,$-4.20B,-69.26%,$1.87B,$25.85B,7.57%,$2.83B,$12.95B,20.74%,$6422,$5018,$1404,$0,$1009,$5573,$849,$-40,$809,$261,$548,$548,$543,$965,$849,$352,354,$1.57,$1.56,$4000,$336,$4526,$9309,$2006,$0,$12544,$1338,$16545,$25854,$6130,$4605,$0,$11384,$17514,$3,$11656,$-7001,$8340,$25854,$1896,$444,$451,$895,$0,$29,$-41,$-577,$-770,$2107,$-340,$-97,$-613,$0,$0,$0,$-1,$-1051,$992,$0,$992,$-1105,$-1105,$-588,$7,$-694,$362,$102,$-588
28,2011-09-30,33.99,$30.08,1.13,$69.72,0.49,$5.41,6.29,$4.97,6.84,$8.11B,$5.75B,1.41,$3.61B,$10.41B,0.35,$25.22B,$5.10B,20.22%,$25.22B,$2.79B,11.07%,$25.22B,$2.79B,11.07%,$25.22B,$3.22B,12.78%,$25.22B,$2.57B,10.18%,$25.22B,$1.78B,7.07%,$1.78B,$10.41B,17.52%,$1.78B,$-2.06B,-81.67%,$1.78B,$24.12B,7.34%,$2.79B,$14.02B,20.25%,$6116,$4815,$1301,$153,$426,$5394,$722,$-50,$672,$165,$507,$507,$501,$835,$722,$351,351,$1.43,$1.43,$2405,$423,$4987,$8112,$1958,$0,$12468,$1461,$16008,$24120,$5746,$3612,$0,$7967,$13713,$3,$11258,$-4808,$10407,$24120,$1344,$328,$101,$429,$0,$-52,$-198,$-986,$-1082,$789,$-196,$-74,$-525,$0,$0,$0,$0,$-795,$0,$0,$0,$-794,$-794,$-440,$7,$-1227,$-1233,$72,$-440
29,2011-06-30,41.11,$29.29,1.4,$69.06,0.6,$6.11,6.73,$5.48,7.5,$8.08B,$5.34B,1.51,$3.61B,$10.34B,0.35,$25.38B,$5.10B,20.08%,$25.38B,$2.82B,11.10%,$25.38B,$2.82B,11.10%,$25.38B,$3.24B,12.77%,$25.38B,$2.62B,10.33%,$25.38B,$2.01B,7.92%,$2.01B,$10.34B,19.84%,$2.01B,$-2.13B,-96.08%,$2.01B,$24.06B,8.38%,$2.82B,$13.95B,21.00%,$6201,$4933,$1268,$162,$436,$5531,$670,$-41,$629,$192,$437,$437,$438,$781,$670,$355,357,$1.23,$1.23,$2116,$430,$4964,$8077,$1966,$0,$12469,$1414,$15978,$24055,$5341,$3612,$0,$8375,$13716,$4,$10906,$-4803,$10339,$24055,$834,$215,$-29,$186,$0,$-56,$-212,$-687,$-1124,$-72,$-106,$-50,$-533,$0,$0,$0,$0,$-689,$0,$0,$0,$-478,$-478,$-288,$5,$-761,$-1522,$54,$-288
30,2011-03-31,41.59,$28.32,1.47,$67.29,0.62,$8.05,5.17,$4.80,8.67,$8.54B,$5.76B,1.48,$3.61B,$10.05B,0.36,$25.15B,$4.76B,18.94%,$25.15B,$2.49B,9.91%,$25.15B,$2.49B,9.91%,$25.15B,$2.91B,11.56%,$25.15B,$2.30B,9.16%,$25.15B,$1.78B,7.07%,$1.78B,$10.05B,17.72%,$1.78B,$-2.38B,-87.21%,$1.78B,$24.57B,7.48%,$2.49B,$13.66B,19.16%,$6052,$4898,$1154,$139,$426,$5463,$589,$-39,$550,$164,$386,$386,$384,$693,$589,$357,361,$1.07,$1.06,$2660,$422,$4933,$8544,$1997,$0,$12435,$1468,$16030,$24574,$5760,$3611,$0,$8761,$14521,$4,$10620,$-4965,$10053,$24574,$389,$104,$-26,$78,$0,$-51,$-223,$-289,$-452,$15,$-50,$-26,$-500,$0,$0,$0,$0,$-576,$0,$0,$0,$-282,$-282,$-135,$0,$-417,$-978,$31,$-135
31,2010-12-31,37.58,$27.55,1.36,$66.26,0.57,$8.71,4.32,$4.90,7.67,$8.82B,$5.96B,1.48,$3.61B,$9.89B,0.37,$25.15B,$4.88B,19.39%,$25.15B,$2.61B,10.39%,$25.15B,$2.61B,10.39%,$25.15B,$3.03B,12.04%,$25.15B,$2.43B,9.68%,$25.15B,$1.84B,7.32%,$1.84B,$9.89B,18.24%,$1.84B,$-2.16B,-98.57%,$1.84B,$24.42B,7.80%,$2.61B,$13.50B,20.52%,$6852,$5476,$1376,$143,$423,$6042,$810,$-93,$717,$202,$515,$515,$459,$913,$810,$373,377,$1.25,$1.23,$3638,$363,$4414,$8822,$2003,$0,$12045,$1446,$15600,$24422,$5960,$3610,$0,$8572,$14532,$4,$10390,$-5146,$9890,$24422,$1879,$414,$467,$881,$0,$-13,$141,$-1393,$-644,$1942,$-315,$-67,$-152,$0,$0,$0,$-1,$-535,$1297,$0,$1297,$-1178,$-1178,$-536,$6,$-411,$996,$128,$-536
32,2010-09-30,36.76,$28.10,1.31,$64.93,0.57,$10.57,3.48,$4.95,7.43,$7.53B,$5.31B,1.42,$2.33B,$10.23B,0.23,$24.97B,$4.85B,19.43%,$24.97B,$2.60B,10.43%,$24.97B,$2.60B,10.43%,$24.97B,$3.02B,12.10%,$24.97B,$2.47B,9.90%,$24.97B,$1.89B,7.55%,$1.89B,$10.23B,18.66%,$1.89B,$-1.70B,-103.36%,$1.89B,$22.85B,8.06%,$2.60B,$12.55B,20.95%,$6272,$4975,$1297,$154,$394,$5523,$749,$-23,$726,$77,$649,$649,$728,$854,$749,$372,375,$1.96,$1.94,$2149,$324,$4498,$7525,$1951,$0,$11924,$1193,$15327,$22852,$5314,$2326,$0,$7311,$12625,$4,$10065,$-4680,$10227,$22852,$1405,$311,$300,$611,$0,$31,$13,$-1119,$-887,$1077,$-182,$-45,$-12,$0,$0,$0,$-1,$-240,$0,$0,$0,$-938,$-938,$-401,$9,$-1330,$-493,$88,$-401
33,2010-06-30,38.62,$26.72,1.44,$63.96,0.6,$12.05,3.21,$4.26,9.06,$7.72B,$5.68B,1.36,$2.33B,$10.00B,0.23,$24.90B,$4.87B,19.54%,$24.90B,$2.62B,10.52%,$24.90B,$2.62B,10.52%,$24.90B,$3.03B,12.18%,$24.90B,$2.49B,10.01%,$24.90B,$1.65B,6.61%,$1.65B,$10.00B,16.55%,$1.65B,$-1.93B,-86.38%,$1.65B,$23.28B,7.04%,$2.62B,$12.32B,21.34%,$5973,$5038,$935,$176,$414,$5628,$345,$-35,$310,$91,$219,$219,$208,$448,$345,$379,383,$0.55,$0.55,$2385,$330,$4461,$7720,$1953,$0,$11921,$1231,$15561,$23281,$5675,$2327,$0,$7611,$13286,$4,$9473,$-4712,$9995,$23281,$668,$206,$-27,$179,$0,$16,$-71,$-429,$-149,$659,$-107,$-31,$-12,$0,$0,$0,$-1,$-151,$0,$0,$0,$-513,$-513,$-260,$8,$-765,$-257,$61,$-260
34,2010-03-31,45.28,$27.08,1.67,$63.78,0.71,$12.70,3.56,$4.94,9.17,$8.18B,$5.36B,1.53,$2.33B,$10.24B,0.23,$25.05B,$5.22B,20.82%,$25.05B,$3.04B,12.13%,$25.05B,$3.04B,12.13%,$25.05B,$3.45B,13.76%,$25.05B,$2.93B,11.70%,$25.05B,$1.93B,7.70%,$1.93B,$10.24B,19.60%,$1.93B,$-1.69B,-98.53%,$1.93B,$23.80B,8.26%,$3.04B,$12.56B,25.01%,$6053,$4784,$1269,$152,$408,$5344,$709,$-28,$681,$220,$461,$461,$445,$812,$709,$378,384,$1.18,$1.16,$2613,$329,$4742,$8179,$1969,$0,$11925,$1243,$15621,$23800,$5359,$2328,$0,$8205,$13564,$4,$9406,$-4768,$10236,$23800,$453,$103,$242,$345,$0,$17,$-89,$-402,$-539,$259,$-43,$-14,$-12,$0,$0,$0,$0,$-69,$0,$0,$0,$-114,$-114,$-117,$12,$-219,$-29,$29,$-117
35,2009-12-31,40.84,$26.30,1.55,$62.60,0.65,$13.06,3.13,$4.90,8.34,$7.87B,$5.52B,1.43,$2.33B,$9.94B,0.23,$24.88B,$5.13B,20.63%,$24.88B,$3.04B,12.23%,$24.88B,$3.04B,12.23%,$24.88B,$3.44B,13.84%,$24.88B,$2.93B,11.78%,$24.88B,$1.94B,7.78%,$1.94B,$9.94B,20.15%,$1.94B,$-1.98B,-91.07%,$1.94B,$23.61B,8.38%,$3.04B,$12.27B,25.55%,$6667,$5317,$1350,$158,$392,$5867,$800,$-46,$754,$237,$517,$517,$504,$907,$800,$390,396,$1.33,$1.29,$2642,$344,$4493,$7868,$2001,$0,$11922,$1380,$15739,$23607,$5523,$2329,$0,$8145,$13668,$4,$9102,$-4824,$9939,$23607,$1976,$402,$410,$812,$0,$-6,$198,$-731,$-23,$2725,$-279,$-67,$-334,$0,$0,$0,$-12,$-692,$22,$0,$22,$-1199,$-1199,$-473,$0,$-1650,$383,$127,$-473
36,2009-09-30,37.55,$25.17,1.49,$60.02,0.63,$10.93,3.44,$4.62,8.13,$7.55B,$5.17B,1.46,$2.29B,$9.64B,0.24,$24.30B,$4.97B,20.44%,$24.30B,$2.90B,11.91%,$24.30B,$2.90B,11.91%,$24.30B,$3.29B,13.55%,$24.30B,$2.79B,11.49%,$24.30B,$1.85B,7.62%,$1.85B,$9.64B,19.67%,$1.85B,$-2.03B,-82.40%,$1.85B,$22.88B,8.06%,$2.90B,$11.93B,24.71%,$6205,$4894,$1311,$145,$401,$5440,$765,$-18,$747,$248,$499,$499,$490,$866,$765,$388,393,$1.26,$1.25,$2442,$317,$4207,$7549,$1945,$0,$11668,$1207,$15331,$22880,$5170,$2293,$0,$8071,$13241,$4,$8714,$-4967,$9639,$22880,$1459,$295,$-360,$-65,$0,$13,$71,$-299,$262,$1656,$-137,$-49,$0,$0,$0,$0,$-10,$-196,$0,$0,$0,$-920,$-920,$-355,$-2,$-1277,$183,$92,$-355
37,2009-06-30,34.53,$24.52,1.41,$58.05,0.59,$10.39,3.33,$4.38,7.88,$7.59B,$5.09B,1.49,$2.30B,$9.54B,0.24,$23.96B,$4.86B,20.27%,$23.96B,$2.82B,11.77%,$23.96B,$2.82B,11.77%,$23.96B,$3.22B,13.42%,$23.96B,$2.71B,11.29%,$23.96B,$1.79B,7.47%,$1.79B,$9.54B,17.57%,$1.79B,$-2.13B,-120.86%,$1.79B,$23.05B,7.71%,$2.82B,$11.83B,22.60%,$6125,$4839,$1286,$151,$370,$5360,$765,$-15,$750,$246,$504,$504,$489,$862,$765,$393,397,$1.24,$1.23,$2199,$294,$4493,$7594,$1961,$0,$11665,$1186,$15456,$23050,$5085,$2295,$0,$8426,$13511,$4,$8344,$-4962,$9539,$23050,$961,$194,$-70,$124,$-10,$34,$-7,$-651,$-171,$914,$-80,$-34,$0,$0,$0,$0,$-10,$-124,$0,$0,$0,$-616,$-616,$-234,$0,$-850,$-60,$59,$-234
38,2009-03-31,30.02,$23.60,1.27,$56.29,0.53,$9.96,3.01,$4.15,7.23,$7.34B,$4.67B,1.57,$2.30B,$9.30B,0.25,$23.70B,$4.78B,20.15%,$23.70B,$2.72B,11.49%,$23.70B,$2.72B,11.49%,$23.70B,$3.12B,13.15%,$23.70B,$2.61B,11.00%,$23.70B,$1.73B,7.28%,$1.73B,$9.30B,15.72%,$1.73B,$-2.36B,-254.20%,$1.73B,$22.88B,7.39%,$2.72B,$11.60B,20.52%,$5884,$4697,$1187,$111,$364,$5172,$712,$-33,$679,$222,$457,$457,$452,$809,$712,$399,404,$1.13,$1.12,$2210,$275,$4257,$7339,$1981,$0,$11661,$1130,$15540,$22879,$4668,$2297,$0,$8911,$13579,$4,$7976,$-5132,$9300,$22879,$460,$97,$290,$387,$-1,$48,$7,$-616,$-442,$405,$-33,$-13,$0,$0,$0,$0,$0,$-46,$0,$0,$0,$-297,$-297,$-112,$1,$-408,$-49,$31,$-112
39,2008-12-31,39.35,$22.97,1.71,$54.04,0.73,$9.07,4.34,$3.95,9.96,$7.42B,$5.15B,1.44,$2.31B,$9.19B,0.25,$23.17B,$4.69B,20.22%,$23.17B,$2.62B,11.31%,$23.17B,$2.62B,11.31%,$23.17B,$3.01B,12.99%,$23.17B,$2.52B,10.88%,$23.17B,$1.67B,7.21%,$1.67B,$9.19B,14.15%,$1.67B,$-2.47B,1036.90%,$1.67B,$23.13B,7.14%,$2.62B,$11.50B,18.58%,$6086,$4903,$1183,$138,$392,$5433,$653,$-36,$617,$189,$428,$428,$421,$755,$653,$417,427,$1.02,$1.01,$2259,$325,$3793,$7417,$2024,$0,$11662,$1240,$15717,$23134,$5149,$2309,$0,$8797,$13946,$4,$7646,$-5182,$9188,$23134,$1696,$390,$33,$423,$0,$62,$-24,$215,$-104,$2015,$-290,$-74,$-45,$0,$0,$0,$-8,$-417,$0,$0,$0,$-1587,$-1587,$-460,$53,$-1994,$-396,$122,$-460
40,2008-09-30,40.82,$30.69,1.33,$53.15,0.77,$7.02,5.82,$4.30,9.49,$8.17B,$5.06B,1.62,$2.27B,$12.71B,0.18,$23.09B,$4.69B,20.32%,$23.09B,$2.64B,11.43%,$23.09B,$2.64B,11.43%,$23.09B,$3.02B,13.10%,$23.09B,$2.57B,11.13%,$23.09B,$1.85B,8.01%,$1.85B,$12.71B,14.61%,$1.85B,$1.04B,183.34%,$1.85B,$23.77B,7.89%,$2.64B,$14.98B,17.68%,$5864,$4664,$1200,$130,$380,$5174,$690,$-31,$659,$222,$437,$437,$427,$789,$690,$416,425,$1.03,$1.00,$2761,$356,$4366,$8168,$1990,$0,$11667,$1273,$15598,$23766,$5059,$2273,$0,$6000,$11059,$4,$7336,$-1900,$12707,$23766,$1268,$288,$133,$421,$-3,$34,$53,$-411,$-118,$1571,$-160,$-58,$-45,$0,$0,$0,$0,$-263,$0,$0,$0,$-908,$-908,$-344,$50,$-1202,$106,$89,$-344
41,2008-06-30,42.72,$30.33,1.41,$51.13,0.84,$3.94,10.83,$3.97,10.76,$7.98B,$4.81B,1.66,$2.27B,$12.74B,0.18,$22.44B,$4.56B,20.32%,$22.44B,$2.52B,11.23%,$22.44B,$2.52B,11.23%,$22.44B,$2.90B,12.93%,$22.44B,$2.48B,11.03%,$22.44B,$1.72B,7.67%,$1.72B,$12.74B,13.80%,$1.72B,$1.08B,196.52%,$1.72B,$23.60B,7.36%,$2.52B,$15.01B,17.10%,$5870,$4664,$1206,$142,$396,$5202,$668,$-15,$653,$221,$432,$432,$426,$765,$668,$420,430,$1.02,$0.99,$2554,$379,$4366,$7981,$2021,$0,$11657,$1293,$15616,$23597,$4810,$2269,$0,$6051,$10861,$4,$7025,$-1856,$12736,$23597,$831,$189,$135,$324,$4,$7,$-11,$-328,$-337,$818,$-99,$-30,$-25,$0,$0,$0,$0,$-154,$0,$0,$0,$-584,$-584,$-227,$46,$-765,$-101,$0,$-227
42,2008-03-31,49.04,$29.88,1.64,$49.24,1.0,$1.02,47.99,$5.94,8.26,$7.50B,$4.47B,1.68,$2.29B,$12.63B,0.18,$21.85B,$4.44B,20.31%,$21.85B,$2.44B,11.18%,$21.85B,$2.44B,11.18%,$21.85B,$2.82B,12.91%,$21.85B,$2.36B,10.79%,$21.85B,$2.63B,12.04%,$2.63B,$12.63B,21.33%,$2.63B,$1.00B,343.45%,$2.63B,$23.13B,11.17%,$2.44B,$14.92B,16.74%,$5354,$4258,$1096,$107,$380,$4745,$609,$-16,$593,$192,$401,$401,$398,$701,$609,$424,435,$0.94,$0.92,$2287,$385,$4068,$7497,$2035,$0,$11632,$1339,$15637,$23134,$4474,$2288,$0,$6028,$10502,$4,$6716,$-1903,$12632,$23134,$399,$92,$25,$117,$-2,$2,$-135,$-107,$-459,$57,$-43,$-17,$0,$0,$0,$0,$-1,$-61,$0,$0,$0,$-273,$-273,$-109,$18,$-364,$-368,$0,$-109
43,2007-12-31,45.88,$29.44,1.56,$47.52,0.97,$-0.01,0.0,$5.78,7.94,$7.62B,$4.79B,1.59,$2.27B,$12.54B,0.18,$21.30B,$4.29B,20.14%,$21.30B,$2.35B,11.05%,$21.30B,$2.35B,11.05%,$21.30B,$2.73B,12.80%,$21.30B,$2.25B,10.57%,$21.30B,$2.58B,12.10%,$2.58B,$12.54B,21.53%,$2.58B,$0.92B,594.35%,$2.58B,$23.28B,10.73%,$2.35B,$14.81B,16.25%,$6000,$4811,$1189,$125,$392,$5328,$672,$-7,$665,$5,$660,$660,$598,$769,$672,$439,448,$1.35,$1.34,$2655,$386,$3821,$7616,$2058,$0,$11627,$1363,$15665,$23281,$4788,$2268,$0,$5951,$10739,$4,$6452,$-1956,$12542,$23281,$2604,$372,$-1055,$-683,$28,$-12,$232,$-189,$-723,$1198,$-305,$-85,$2932,$0,$0,$0,$-35,$2507,$-1724,$0,$-1724,$-1401,$-1401,$-440,$55,$-3510,$195,$109,$-440
44,2007-09-30,48.03,$27.81,1.73,$45.53,1.05,$3.44,13.98,$5.22,9.2,$7.81B,$4.98B,1.57,$2.25B,$11.97B,0.19,$20.44B,$4.15B,20.29%,$20.44B,$2.28B,11.14%,$20.44B,$2.28B,11.14%,$20.44B,$2.64B,12.90%,$20.44B,$2.14B,10.47%,$20.44B,$2.35B,11.47%,$2.35B,$11.97B,20.19%,$2.35B,$0.51B,2039.13%,$2.35B,$23.49B,9.54%,$2.28B,$14.22B,15.83%,$5219,$4150,$1069,$142,$355,$4647,$572,$-8,$564,$184,$380,$380,$299,$667,$572,$431,443,$0.69,$0.68,$2609,$543,$3894,$7807,$2062,$0,$11464,$2084,$15684,$23491,$4975,$2249,$0,$6543,$11518,$4,$5963,$-2292,$11973,$23491,$1980,$275,$-728,$-453,$27,$-70,$64,$-514,$-1262,$265,$-155,$-51,$3088,$0,$0,$0,$-5,$2877,$-1605,$-1,$-1606,$-1103,$-1103,$-331,$47,$-2993,$149,$0,$-331
45,2007-06-30,40.4,$27.87,1.45,$44.68,0.9,$5.51,7.34,$5.25,7.69,$8.15B,$5.61B,1.45,$2.23B,$12.18B,0.18,$20.16B,$3.97B,19.69%,$20.16B,$2.16B,10.72%,$20.16B,$2.16B,10.72%,$20.16B,$2.52B,12.49%,$20.16B,$1.98B,9.84%,$20.16B,$2.37B,11.74%,$2.37B,$12.18B,20.64%,$2.37B,$0.64B,-3310.49%,$2.37B,$24.29B,9.50%,$2.16B,$14.41B,14.88%,$5278,$4194,$1084,$138,$357,$4689,$589,$-53,$536,$181,$355,$355,$1335,$683,$589,$437,449,$3.06,$2.97,$3045,$537,$3945,$8150,$2086,$0,$11541,$2273,$16140,$24290,$5607,$2233,$0,$6503,$12110,$5,$5773,$-2277,$12180,$24290,$1681,$180,$-1040,$-860,$28,$-36,$-32,$-418,$-1287,$-466,$-95,$-34,$3089,$0,$0,$0,$0,$2960,$-1039,$1,$-1038,$-684,$-684,$-220,$33,$-1909,$585,$0,$-220
46,2007-03-31,39.14,$25.27,1.55,$43.95,0.89,$7.54,5.19,$2.97,13.18,$9.10B,$6.44B,1.41,$3.28B,$11.21B,0.29,$19.85B,$3.83B,19.27%,$19.85B,$2.03B,10.24%,$19.85B,$2.03B,10.24%,$19.85B,$2.39B,12.04%,$19.85B,$1.87B,9.40%,$19.85B,$1.34B,6.76%,$1.34B,$11.21B,11.90%,$1.34B,$-0.33B,-489.78%,$1.34B,$25.08B,5.38%,$2.03B,$14.49B,13.77%,$4804,$3856,$948,$97,$330,$4283,$521,$-35,$486,$162,$324,$324,$346,$607,$521,$441,454,$0.78,$0.76,$1660,$499,$3895,$9099,$2105,$0,$11539,$2110,$15984,$25083,$6437,$3283,$0,$7435,$13872,$5,$4549,$-2450,$11211,$25083,$346,$86,$-165,$-79,$10,$-1,$-86,$-329,$-683,$-416,$-38,$-15,$-28,$0,$0,$0,$0,$-81,$0,$3,$3,$-214,$-214,$-107,$15,$-303,$-800,$0,$-107
47,2006-12-31,39.2,$26.06,1.5,$43.74,0.9,$8.41,4.66,$2.85,13.76,$9.52B,$6.72B,1.42,$3.28B,$11.10B,0.3,$19.71B,$3.73B,18.93%,$19.71B,$1.94B,9.86%,$19.71B,$1.94B,9.86%,$19.71B,$2.31B,11.70%,$19.71B,$1.79B,9.09%,$19.71B,$1.28B,6.51%,$1.28B,$11.10B,11.46%,$1.28B,$-0.36B,-347.70%,$1.28B,$25.49B,5.17%,$1.94B,$14.38B,13.10%,$5138,$4091,$1047,$122,$331,$4544,$594,$-41,$553,$181,$372,$372,$365,$680,$594,$442,451,$0.82,$0.81,$2460,$376,$6175,$9517,$2025,$0,$11461,$1791,$15974,$25491,$6715,$3278,$179,$7675,$14390,$5,$4329,$-2514,$11101,$25491,$1283,$361,$483,$844,$1,$48,$120,$306,$616,$2743,$-291,$-77,$-87,$0,$0,$0,$4,$-451,$-382,$-55,$-437,$-183,$-183,$-420,$6,$-1034,$1258,$0,$-420
