,Date,Stock Price,Book Value per Share,Price to Book Ratio,TTM Sales per Share,Price to Sales Ratio,TTM FCF per Share,Price to FCF Ratio,TTM Net EPS,PE Ratio,Current Assets,Current Liabilities,Current Ratio,Long Term Debt,Shareholder's Equity_x,Debt to Equity Ratio,TTM Revenue_x,TTM Gross Profit,Gross Margin,TTM Revenue_y,TTM Operating Income,Operating Margin,TTM Revenue_x,TTM EBIT,EBIT Margin,TTM Revenue_y,TTM EBITDA,EBITDA Margin,TTM Revenue_x,TTM Pre-Tax Income,Pre-Tax Margin,TTM Revenue_y,TTM Net Income_x,Net Margin,TTM Net Income_y,Shareholder's Equity_y,Return on Equity,TTM Net Income_x,Tangible Equity,Return on Tangible Equity,TTM Net Income_y,Total Assets,Return on Assets,TTM Net Income,LT Investments & Debt,Return on Investment,revenue,cost-goods-sold,gross-profit,research-development-expenses,selling-general-administrative-expenses,operating-expenses,operating-income,total-non-operating-income-expense,pre-tax-income,total-provision-income-taxes,income-after-taxes,income-from-continuous-operations,net-income,ebitda,ebit,basic-shares-outstanding,shares-outstanding,eps-basic-net-earnings-per-share,eps-earnings-per-share-diluted,cash-on-hand,inventory,other-current-assets,total-current-assets,net-property-plant-equipment,long-term-investments,goodwill-intangible-assets-total,other-long-term-assets,total-long-term-assets,total-assets,total-current-liabilities,long-term-debt,other-non-current-liabilities,total-long-term-liabilities,total-liabilities,common-stock-net,retained-earnings-accumulated-deficit,comprehensive-income,total-share-holder-equity,total-liabilities-share-holders-equity,net-income-loss,total-depreciation-amortization-cash-flow,other-non-cash-items,total-non-cash-items,change-in-accounts-receivable,change-in-inventories,change-in-accounts-payable,change-in-assets-liabilities,total-change-in-assets-liabilities,cash-flow-from-operating-activities,net-change-in-property-plant-equipment,net-change-in-intangible-assets,net-acquisitions-divestitures,net-change-in-short-term-investments,net-change-in-long-term-investments,net-change-in-investments-total,investing-activities-other,cash-flow-from-investing-activities,net-long-term-debt,net-current-debt,debt-issuance-retirement-net-total,net-common-equity-issued-repurchased,net-total-equity-issued-repurchased,total-common-preferred-stock-dividends-paid,financial-activities-other,cash-flow-from-financial-activities,net-cash-flow,stock-based-compensation,common-stock-dividends-paid
0,2018-09-30,39.31,$28.03,1.4,$126.90,0.31,$7.53,5.22,$4.80,8.19,$1.68B,$1.45B,1.16,$0.49B,$1.09B,0.45,$5.17B,$0.93B,18.01%,$5.17B,$0.17B,3.32%,$5.17B,$0.17B,3.32%,$5.17B,$0.36B,6.86%,$5.17B,$0.16B,3.00%,$5.17B,$0.20B,3.83%,$0.20B,$1.09B,18.76%,$0.20B,$0.80B,25.92%,$0.20B,$3.19B,6.60%,$0.17B,$1.58B,11.00%,$1376,$1127,$249,$0,$177,$1317,$59,$-4,$54,$13,$42,$42,$42,$100,$59,$39,40,$1.06,$1.03,$206,$1271,$5,$1681,$1177,$0,$291,$40,$1509,$3190,$1447,$494,$12,$654,$2101,$0,$900,$0,$1089,$3190,$92,$143,$28,$170,$6,$-201,$26,$102,$-60,$203,$6,$0,$-176,$0,$6,$6,$-2,$-166,$-22,$124,$103,$-54,$-54,$-5,$0,$44,$81,$16,$-5
1,2018-06-30,43.26,$27.13,1.59,$123.39,0.35,$6.60,6.56,$4.49,9.63,$1.51B,$1.31B,1.15,$0.49B,$1.06B,0.46,$5.06B,$0.90B,17.86%,$5.06B,$0.16B,3.18%,$5.06B,$0.16B,3.18%,$5.06B,$0.34B,6.79%,$5.06B,$0.15B,2.89%,$5.06B,$0.19B,3.68%,$0.19B,$1.06B,18.30%,$0.19B,$0.77B,25.64%,$0.19B,$3.02B,6.43%,$0.16B,$1.55B,10.52%,$1349,$1105,$243,$0,$179,$1305,$43,$-4,$39,$10,$29,$29,$29,$93,$43,$39,41,$0.75,$0.72,$148,$1127,$7,$1513,$1167,$6,$291,$40,$1504,$3016,$1312,$492,$12,$644,$1956,$0,$863,$0,$1060,$3016,$50,$101,$18,$119,$-23,$-66,$41,$75,$20,$190,$-112,$0,$0,$0,$0,$0,$-1,$-113,$-27,$18,$-9,$-44,$-44,$0,$0,$-54,$24,$14,$0
2,2018-03-31,42.37,$26.31,1.61,$119.71,0.35,$6.01,7.05,$4.31,9.83,$1.40B,$1.21B,1.16,$0.52B,$1.03B,0.5,$4.91B,$0.87B,17.70%,$4.91B,$0.16B,3.16%,$4.91B,$0.16B,3.16%,$4.91B,$0.33B,6.64%,$4.91B,$0.14B,2.89%,$4.91B,$0.18B,3.65%,$0.18B,$1.03B,18.35%,$0.18B,$0.74B,26.15%,$0.18B,$2.90B,6.37%,$0.16B,$1.55B,10.38%,$1241,$1014,$227,$0,$172,$1208,$32,$-4,$28,$7,$21,$21,$21,$83,$32,$40,41,$0.53,$0.51,$132,$1045,$8,$1401,$1152,$6,$291,$49,$1498,$2899,$1206,$515,$11,$662,$1868,$0,$834,$0,$1032,$2899,$21,$51,$9,$60,$-7,$6,$13,$33,$37,$118,$-46,$0,$0,$0,$0,$0,$-1,$-47,$-17,$-8,$-26,$-38,$-38,$0,$0,$-63,$7,$8,$0
3,2017-12-31,50.67,$26.13,1.94,$115.18,0.44,$4.26,11.89,$4.16,12.18,$1.38B,$1.17B,1.17,$0.53B,$1.04B,0.51,$4.71B,$0.83B,17.61%,$4.71B,$0.15B,3.14%,$4.71B,$0.15B,3.14%,$4.71B,$0.31B,6.51%,$4.71B,$0.14B,2.89%,$4.71B,$0.17B,3.65%,$0.17B,$1.04B,18.35%,$0.17B,$0.75B,26.57%,$0.17B,$2.89B,6.27%,$0.15B,$1.57B,10.14%,$1208,$995,$213,$0,$162,$1170,$38,$-4,$34,$-71,$106,$106,$106,$79,$38,$40,41,$2.67,$2.58,$125,$1033,$10,$1375,$1160,$6,$291,$58,$1515,$2890,$1172,$532,$10,$678,$1850,$0,$813,$0,$1040,$2890,$172,$158,$-46,$111,$-29,$-147,$9,$25,$-131,$153,$-206,$0,$-2,$0,$0,$0,$1,$-207,$-5,$112,$107,$-10,$-10,$0,$-1,$96,$43,$16,$0
4,2017-09-30,46.16,$23.48,1.97,$110.85,0.42,$13.85,3.33,$1.93,23.92,$1.27B,$1.09B,1.17,$0.52B,$0.93B,0.55,$4.53B,$0.79B,17.45%,$4.53B,$0.13B,2.94%,$4.53B,$0.13B,2.94%,$4.53B,$0.29B,6.43%,$4.53B,$0.12B,2.69%,$4.53B,$0.08B,1.72%,$0.08B,$0.93B,8.73%,$0.08B,$0.64B,12.93%,$0.08B,$2.76B,2.92%,$0.13B,$1.45B,9.39%,$1257,$1037,$220,$0,$159,$1209,$48,$-3,$45,$16,$30,$30,$30,$88,$48,$40,41,$0.75,$0.72,$128,$961,$10,$1274,$1133,$6,$290,$55,$1485,$2759,$1094,$515,$10,$731,$1825,$0,$707,$0,$934,$2759,$66,$117,$21,$138,$-1,$-88,$12,$32,$-34,$170,$4,$0,$-139,$0,$0,$0,$5,$-130,$-20,$34,$13,$-7,$-7,$0,$-1,$5,$46,$12,$0
5,2017-06-30,37.08,$22.69,1.63,$107.51,0.34,$15.50,2.39,$1.58,23.47,$1.22B,$1.08B,1.13,$0.51B,$0.90B,0.57,$4.37B,$0.75B,17.20%,$4.37B,$0.11B,2.59%,$4.37B,$0.11B,2.59%,$4.37B,$0.27B,6.18%,$4.37B,$0.10B,2.31%,$4.37B,$0.06B,1.44%,$0.06B,$0.90B,7.22%,$0.06B,$0.61B,10.81%,$0.06B,$2.69B,2.37%,$0.11B,$1.41B,8.02%,$1204,$994,$209,$0,$159,$1166,$37,$-3,$35,$13,$22,$22,$22,$76,$37,$40,41,$0.55,$0.54,$124,$917,$12,$1221,$1119,$6,$290,$55,$1471,$2692,$1078,$510,$9,$719,$1797,$0,$677,$0,$895,$2692,$36,$78,$11,$89,$7,$-52,$15,$31,$5,$131,$-76,$0,$0,$0,$0,$0,$5,$-71,$-30,$24,$-6,$-12,$-12,$0,$-1,$-18,$42,$9,$0
6,2017-03-31,32.99,$22.21,1.49,$103.21,0.32,$16.82,1.96,$1.31,25.18,$1.16B,$1.02B,1.14,$0.53B,$0.88B,0.6,$4.19B,$0.72B,17.24%,$4.19B,$0.10B,2.34%,$4.19B,$0.10B,2.34%,$4.19B,$0.26B,6.09%,$4.19B,$0.08B,2.01%,$4.19B,$0.05B,1.24%,$0.05B,$0.88B,6.04%,$0.05B,$0.59B,9.11%,$0.05B,$2.64B,1.93%,$0.10B,$1.41B,6.94%,$1045,$857,$188,$0,$150,$1020,$25,$-3,$22,$8,$14,$14,$14,$64,$25,$39,41,$0.37,$0.36,$89,$873,$0,$1164,$1125,$6,$290,$55,$1476,$2640,$1023,$528,$8,$735,$1758,$0,$655,$-0,$881,$2640,$14,$39,$6,$45,$-13,$-19,$2,$16,$-22,$38,$-38,$0,$0,$0,$0,$0,$5,$-32,$-16,$19,$3,$-1,$-1,$0,$-1,$2,$7,$5,$0
7,2016-12-31,31.81,$21.98,1.45,$103.63,0.31,$17.99,1.77,$1.01,31.5,$1.11B,$0.99B,1.12,$0.54B,$0.86B,0.63,$4.21B,$0.72B,17.01%,$4.21B,$0.08B,1.92%,$4.21B,$0.08B,1.92%,$4.21B,$0.24B,5.65%,$4.21B,$0.07B,1.57%,$4.21B,$0.04B,0.95%,$0.04B,$0.86B,4.69%,$0.04B,$0.57B,7.09%,$0.04B,$2.60B,1.47%,$0.08B,$1.41B,5.74%,$1021,$848,$173,$0,$137,$998,$23,$-3,$20,$8,$12,$12,$12,$63,$23,$40,41,$0.31,$0.30,$82,$840,$14,$1111,$1136,$6,$290,$59,$1492,$2603,$993,$543,$7,$747,$1740,$0,$640,$-0,$863,$2603,$41,$158,$28,$186,$2,$292,$-22,$24,$295,$521,$-184,$0,$-1,$0,$0,$0,$-5,$-189,$-67,$-212,$-279,$-35,$-35,$0,$-0,$-315,$17,$13,$0
8,2016-09-30,24.41,$21.65,1.13,$106.75,0.23,$6.35,3.84,$0.94,25.97,$1.19B,$1.08B,1.1,$0.57B,$0.85B,0.66,$4.36B,$0.72B,16.53%,$4.36B,$0.08B,1.77%,$4.36B,$0.08B,1.77%,$4.36B,$0.23B,5.35%,$4.36B,$0.06B,1.42%,$4.36B,$0.04B,0.87%,$0.04B,$0.85B,4.48%,$0.04B,$0.56B,6.77%,$0.04B,$2.70B,1.36%,$0.08B,$1.42B,5.45%,$1096,$915,$181,$0,$142,$1068,$28,$-3,$24,$9,$15,$15,$15,$67,$28,$40,40,$0.38,$0.37,$92,$912,$16,$1187,$1152,$6,$290,$60,$1509,$2695,$1076,$567,$7,$766,$1842,$0,$628,$-0,$853,$2695,$28,$118,$20,$138,$9,$199,$-10,$17,$220,$387,$-150,$0,$-1,$0,$0,$0,$-5,$-155,$-34,$-142,$-176,$-28,$-28,$0,$-1,$-205,$27,$9,$0
9,2016-06-30,21.49,$21.27,1.01,$110.99,0.19,$-3.11,0.0,$1.05,20.47,$1.30B,$1.21B,1.08,$0.57B,$0.85B,0.67,$4.55B,$0.75B,16.41%,$4.55B,$0.09B,1.87%,$4.55B,$0.09B,1.87%,$4.55B,$0.24B,5.25%,$4.55B,$0.07B,1.54%,$4.55B,$0.04B,0.94%,$0.04B,$0.85B,5.10%,$0.04B,$0.56B,7.72%,$0.04B,$2.81B,1.52%,$0.09B,$1.41B,6.09%,$1026,$846,$180,$0,$146,$1005,$22,$-4,$18,$7,$11,$11,$11,$61,$22,$40,41,$0.27,$0.27,$93,$1039,$20,$1303,$1157,$6,$290,$56,$1510,$2813,$1205,$566,$7,$762,$1967,$0,$613,$-0,$846,$2813,$13,$79,$16,$95,$28,$58,$-1,$32,$115,$223,$-115,$0,$-1,$0,$0,$0,$-0,$-116,$-25,$-36,$-61,$-18,$-18,$0,$-1,$-79,$28,$7,$0
10,2016-03-31,18.19,$20.89,0.87,$118.21,0.15,$-8.19,0.0,$1.26,14.44,$1.30B,$1.20B,1.08,$0.56B,$0.85B,0.65,$4.86B,$0.78B,15.96%,$4.86B,$0.10B,2.04%,$4.86B,$0.10B,2.04%,$4.86B,$0.25B,5.13%,$4.86B,$0.08B,1.73%,$4.86B,$0.05B,1.07%,$0.05B,$0.85B,6.23%,$0.05B,$0.57B,9.48%,$0.05B,$2.80B,1.85%,$0.10B,$1.41B,7.22%,$1071,$888,$183,$0,$162,$1063,$8,$-4,$4,$2,$2,$2,$2,$47,$8,$41,41,$0.06,$0.06,$73,$1030,$19,$1295,$1150,$7,$286,$59,$1501,$2797,$1201,$557,$5,$744,$1945,$0,$602,$-0,$852,$2797,$2,$39,$5,$44,$5,$50,$-17,$22,$55,$101,$-53,$0,$0,$0,$0,$0,$1,$-53,$-15,$-27,$-42,$2,$2,$0,$-1,$-41,$8,$4,$0
11,2015-12-31,21.83,$20.91,1.04,$121.24,0.18,$-13.67,0.0,$1.61,13.56,$1.33B,$1.25B,1.06,$0.57B,$0.85B,0.67,$4.98B,$0.79B,15.78%,$4.98B,$0.12B,2.43%,$4.98B,$0.12B,2.43%,$4.98B,$0.27B,5.34%,$4.98B,$0.11B,2.15%,$4.98B,$0.07B,1.35%,$0.07B,$0.85B,8.20%,$0.07B,$0.56B,12.53%,$0.07B,$2.85B,2.39%,$0.12B,$1.41B,9.06%,$1162,$986,$176,$0,$145,$1142,$19,$-3,$16,$6,$10,$10,$10,$58,$19,$40,41,$0.24,$0.24,$65,$1061,$0,$1327,$1173,$7,$285,$61,$1525,$2852,$1247,$566,$5,$760,$2007,$0,$600,$-0,$845,$2852,$66,$145,$45,$190,$12,$19,$-4,$-43,$-29,$227,$-364,$0,$-69,$0,$0,$0,$-3,$-436,$49,$32,$80,$2,$2,$0,$-0,$82,$-127,$12,$0
12,2015-09-30,24.1,$20.61,1.17,$125.86,0.19,$-14.53,0.0,$1.97,12.24,$1.43B,$1.35B,1.06,$0.52B,$0.83B,0.62,$5.16B,$0.81B,15.65%,$5.16B,$0.15B,2.81%,$5.16B,$0.15B,2.81%,$5.16B,$0.29B,5.56%,$5.16B,$0.13B,2.54%,$5.16B,$0.08B,1.59%,$0.08B,$0.83B,10.29%,$0.08B,$0.55B,15.78%,$0.08B,$2.87B,2.97%,$0.15B,$1.35B,11.22%,$1294,$1086,$208,$0,$161,$1258,$36,$-4,$32,$13,$20,$20,$20,$73,$36,$40,41,$0.49,$0.48,$65,$1115,$5,$1431,$1091,$7,$285,$57,$1439,$2870,$1345,$516,$5,$694,$2038,$0,$590,$-0,$832,$2870,$56,$107,$7,$113,$-39,$-47,$27,$-17,$-70,$99,$-247,$0,$-65,$0,$0,$0,$-3,$-315,$-7,$95,$88,$2,$2,$0,$-0,$89,$-127,$10,$0
13,2015-06-30,26.14,$20.06,1.3,$124.61,0.21,$-13.21,0.0,$2.06,12.69,$1.37B,$1.26B,1.09,$0.51B,$0.81B,0.63,$5.11B,$0.80B,15.64%,$5.11B,$0.15B,2.94%,$5.11B,$0.15B,2.94%,$5.11B,$0.29B,5.60%,$5.11B,$0.14B,2.68%,$5.11B,$0.09B,1.66%,$0.09B,$0.81B,10.98%,$0.09B,$0.52B,16.94%,$0.09B,$2.75B,3.20%,$0.15B,$1.31B,11.99%,$1330,$1123,$208,$0,$161,$1295,$36,$-4,$32,$12,$20,$20,$20,$71,$36,$40,41,$0.49,$0.48,$73,$1078,$5,$1370,$1029,$7,$286,$56,$1377,$2747,$1255,$506,$5,$683,$1939,$0,$570,$-0,$808,$2747,$36,$70,$5,$74,$-5,$-20,$1,$-22,$-48,$62,$-162,$0,$-58,$0,$0,$0,$-2,$-222,$1,$40,$41,$0,$0,$0,$-0,$41,$-119,$7,$0
14,2015-03-31,27.28,$19.49,1.4,$121.17,0.23,$-12.48,0.0,$2.07,13.18,$1.43B,$1.29B,1.1,$0.48B,$0.79B,0.62,$4.96B,$0.78B,15.80%,$4.96B,$0.15B,3.00%,$4.96B,$0.15B,3.00%,$4.96B,$0.28B,5.64%,$4.96B,$0.14B,2.76%,$4.96B,$0.09B,1.71%,$0.09B,$0.79B,11.33%,$0.09B,$0.51B,17.58%,$0.09B,$2.74B,3.32%,$0.15B,$1.27B,12.29%,$1194,$1000,$194,$0,$153,$1163,$30,$-3,$27,$11,$17,$17,$17,$64,$30,$40,41,$0.42,$0.41,$47,$1125,$5,$1427,$976,$7,$274,$55,$1312,$2739,$1293,$483,$4,$661,$1954,$0,$551,$-0,$785,$2739,$17,$34,$3,$37,$-35,$-85,$-3,$1,$-150,$-97,$-80,$0,$-28,$0,$0,$0,$-2,$-110,$-9,$72,$63,$0,$0,$0,$-0,$62,$-144,$4,$0
15,2014-12-31,31.96,$38.04,0.84,$115.71,0.28,$-9.65,0.0,$1.96,16.31,$1.43B,$1.28B,1.12,$0.48B,$0.76B,0.62,$4.73B,$0.76B,15.99%,$4.73B,$0.14B,3.00%,$4.73B,$0.14B,3.00%,$4.73B,$0.27B,5.67%,$4.73B,$0.13B,2.75%,$4.73B,$0.08B,1.69%,$0.08B,$0.76B,11.05%,$0.08B,$0.50B,17.36%,$0.08B,$2.68B,3.28%,$0.14B,$1.24B,12.05%,$1345,$1147,$198,$0,$142,$1302,$43,$-3,$40,$16,$25,$25,$25,$79,$43,$40,41,$0.61,$0.60,$191,$1024,$5,$1427,$923,$7,$265,$54,$1249,$2676,$1275,$475,$4,$637,$1912,$0,$534,$-0,$764,$2676,$80,$126,$33,$160,$-68,$-152,$24,$18,$-151,$89,$-261,$0,$-158,$0,$0,$0,$2,$-416,$89,$207,$297,$-0,$-0,$0,$5,$302,$-26,$11,$0
16,2014-09-30,33.36,$18.50,1.8,$105.65,0.32,$-5.88,0.0,$1.73,19.28,$1.26B,$1.14B,1.11,$0.45B,$0.74B,0.6,$4.31B,$0.71B,16.44%,$4.31B,$0.13B,2.93%,$4.31B,$0.13B,2.93%,$4.31B,$0.24B,5.62%,$4.31B,$0.12B,2.67%,$4.31B,$0.07B,1.63%,$0.07B,$0.74B,10.01%,$0.07B,$0.48B,15.61%,$0.07B,$2.46B,3.03%,$0.13B,$1.18B,11.05%,$1241,$1042,$199,$0,$148,$1200,$41,$-3,$38,$15,$23,$23,$23,$72,$41,$40,41,$0.59,$0.57,$145,$929,$0,$1260,$874,$7,$263,$52,$1196,$2457,$1135,$446,$5,$583,$1718,$0,$509,$-1,$739,$2457,$55,$90,$-10,$80,$-51,$-67,$26,$-0,$-47,$89,$-182,$0,$-148,$0,$0,$0,$1,$-328,$59,$102,$161,$1,$1,$0,$5,$167,$-73,$9,$0
17,2014-06-30,34.57,$17.87,1.94,$97.93,0.35,$-4.71,0.0,$1.53,22.6,$1.19B,$1.05B,1.14,$0.45B,$0.71B,0.63,$3.98B,$0.66B,16.56%,$3.98B,$0.11B,2.84%,$3.98B,$0.11B,2.84%,$3.98B,$0.22B,5.55%,$3.98B,$0.10B,2.56%,$3.98B,$0.06B,1.56%,$0.06B,$0.71B,9.13%,$0.06B,$0.45B,14.08%,$0.06B,$2.35B,2.81%,$0.11B,$1.16B,10.20%,$1182,$989,$193,$0,$149,$1148,$35,$-3,$32,$13,$20,$20,$20,$65,$35,$40,41,$0.50,$0.49,$131,$866,$0,$1189,$842,$7,$263,$52,$1164,$2354,$1046,$445,$5,$596,$1642,$0,$486,$-1,$712,$2354,$32,$59,$2,$61,$-56,$-10,$6,$-2,$-46,$47,$-116,$0,$-147,$0,$0,$0,$2,$-261,$50,$73,$123,$1,$1,$0,$4,$128,$-86,$7,$0
18,2014-03-31,32.39,$17.31,1.87,$88.44,0.37,$-4.14,0.0,$1.18,27.45,$1.13B,$0.98B,1.15,$0.45B,$0.68B,0.66,$3.59B,$0.60B,16.84%,$3.59B,$0.09B,2.51%,$3.59B,$0.09B,2.51%,$3.59B,$0.19B,5.30%,$3.59B,$0.08B,2.20%,$3.59B,$0.05B,1.34%,$0.05B,$0.68B,7.26%,$0.05B,$0.42B,10.95%,$0.05B,$2.26B,2.27%,$0.09B,$1.13B,8.39%,$959,$793,$166,$0,$134,$936,$23,$-3,$20,$8,$12,$12,$12,$52,$23,$39,41,$0.31,$0.30,$94,$866,$0,$1125,$820,$7,$263,$50,$1139,$2264,$979,$451,$4,$603,$1582,$0,$466,$-1,$682,$2264,$12,$29,$2,$31,$-25,$-24,$12,$-5,$-50,$-7,$-53,$0,$-143,$0,$0,$0,$2,$-194,$34,$45,$79,$-2,$-2,$0,$1,$78,$-123,$3,$0
19,2013-12-31,29.57,$16.97,1.74,$83.57,0.35,$-1.98,0.0,$1.22,24.24,$1.15B,$0.93B,1.24,$0.42B,$0.67B,0.63,$3.39B,$0.57B,16.90%,$3.39B,$0.09B,2.72%,$3.39B,$0.09B,2.72%,$3.39B,$0.18B,5.44%,$3.39B,$0.08B,2.39%,$3.39B,$0.05B,1.48%,$0.05B,$0.67B,7.71%,$0.05B,$0.45B,11.30%,$0.05B,$2.17B,2.49%,$0.09B,$1.09B,8.85%,$925,$775,$150,$0,$115,$898,$27,$-3,$25,$10,$15,$15,$15,$53,$27,$39,41,$0.38,$0.37,$217,$802,$0,$1153,$740,$7,$215,$53,$1014,$2168,$929,$421,$5,$573,$1502,$0,$454,$-1,$665,$2168,$49,$93,$28,$122,$-10,$-67,$38,$40,$3,$173,$-191,$0,$-73,$0,$0,$0,$-6,$-270,$70,$46,$116,$-4,$-4,$0,$3,$115,$19,$9,$0
20,2013-09-30,26.44,$16.61,1.59,$79.18,0.33,$-0.30,0.0,$1.21,21.85,$1.08B,$0.85B,1.27,$0.40B,$0.66B,0.61,$3.19B,$0.54B,16.92%,$3.19B,$0.09B,2.82%,$3.19B,$0.09B,2.82%,$3.19B,$0.18B,5.51%,$3.19B,$0.08B,2.44%,$3.19B,$0.05B,1.54%,$0.05B,$0.66B,7.73%,$0.05B,$0.44B,11.33%,$0.05B,$2.05B,2.53%,$0.09B,$1.05B,8.91%,$913,$763,$150,$0,$115,$885,$28,$-3,$25,$10,$15,$15,$15,$51,$28,$40,41,$0.38,$0.37,$166,$772,$0,$1079,$697,$7,$213,$51,$967,$2046,$852,$398,$5,$538,$1390,$0,$439,$-1,$656,$2046,$34,$68,$13,$81,$-23,$-46,$21,$21,$-37,$78,$-123,$0,$-63,$0,$0,$0,$-3,$-189,$37,$36,$73,$4,$4,$0,$2,$79,$-33,$7,$0
21,2013-06-30,24.68,$16.20,1.52,$75.52,0.33,$-0.20,0.0,$1.22,20.23,$1.07B,$0.82B,1.3,$0.38B,$0.64B,0.59,$3.02B,$0.52B,17.03%,$3.02B,$0.09B,2.98%,$3.02B,$0.09B,2.98%,$3.02B,$0.17B,5.69%,$3.02B,$0.08B,2.55%,$3.02B,$0.05B,1.62%,$0.05B,$0.64B,7.93%,$0.05B,$0.44B,11.54%,$0.05B,$1.97B,2.59%,$0.09B,$1.02B,9.18%,$790,$652,$138,$0,$119,$778,$12,$-2,$9,$4,$6,$6,$6,$34,$12,$40,41,$0.14,$0.14,$204,$752,$0,$1067,$652,$7,$198,$48,$905,$1972,$823,$380,$5,$509,$1332,$0,$424,$-1,$640,$1972,$19,$44,$2,$47,$0,$-44,$20,$4,$-29,$37,$-82,$0,$-4,$0,$0,$0,$-0,$-86,$14,$33,$47,$5,$5,$0,$2,$54,$5,$6,$0
22,2013-03-31,24.05,$16.05,1.5,$77.20,0.31,$-2.74,0.0,$1.52,15.82,$0.98B,$0.73B,1.34,$0.37B,$0.63B,0.58,$3.07B,$0.51B,16.51%,$3.07B,$0.11B,3.58%,$3.07B,$0.11B,3.58%,$3.07B,$0.19B,6.12%,$3.07B,$0.10B,3.16%,$3.07B,$0.06B,1.95%,$0.06B,$0.63B,9.97%,$0.06B,$0.44B,14.55%,$0.06B,$1.86B,3.20%,$0.11B,$1.00B,11.60%,$757,$623,$134,$0,$102,$732,$25,$-3,$22,$9,$14,$14,$14,$46,$25,$39,40,$0.35,$0.34,$205,$677,$0,$981,$627,$7,$198,$48,$880,$1861,$734,$366,$3,$494,$1228,$0,$418,$-2,$633,$1861,$14,$22,$4,$26,$13,$21,$19,$-9,$17,$57,$-30,$0,$-0,$0,$0,$0,$1,$-29,$5,$-34,$-29,$6,$6,$0,$2,$-21,$6,$3,$0
23,2012-12-31,20.61,$15.67,1.32,$78.03,0.26,$-7.66,0.0,$1.58,13.05,$1.01B,$0.79B,1.28,$0.36B,$0.61B,0.59,$3.09B,$0.50B,16.21%,$3.09B,$0.11B,3.69%,$3.09B,$0.11B,3.69%,$3.09B,$0.19B,6.08%,$3.09B,$0.10B,3.27%,$3.09B,$0.06B,2.01%,$0.06B,$0.61B,10.64%,$0.06B,$0.41B,15.62%,$0.06B,$1.88B,3.32%,$0.11B,$0.97B,12.46%,$732,$615,$118,$0,$86,$707,$25,$-3,$22,$8,$14,$14,$14,$45,$25,$39,40,$0.38,$0.35,$199,$691,$0,$1006,$622,$7,$198,$49,$876,$1882,$788,$359,$2,$485,$1274,$0,$405,$-2,$608,$1882,$62,$73,$34,$107,$14,$33,$-0,$10,$50,$219,$-170,$0,$-105,$0,$0,$0,$-0,$-274,$60,$-21,$39,$5,$5,$0,$2,$46,$-9,$7,$0
24,2012-09-30,19.21,$15.28,1.26,$79.47,0.24,$-14.53,0.0,$1.72,11.17,$1.06B,$0.82B,1.3,$0.34B,$0.59B,0.58,$3.13B,$0.51B,16.11%,$3.13B,$0.12B,3.92%,$3.13B,$0.12B,3.92%,$3.13B,$0.19B,6.16%,$3.13B,$0.11B,3.54%,$3.13B,$0.07B,2.14%,$0.07B,$0.59B,11.90%,$0.07B,$0.41B,17.55%,$0.07B,$1.86B,3.67%,$0.12B,$0.93B,13.96%,$745,$620,$125,$0,$91,$718,$28,$-3,$24,$9,$15,$15,$15,$47,$28,$39,40,$0.38,$0.38,$230,$716,$0,$1055,$572,$7,$181,$48,$808,$1863,$815,$342,$2,$457,$1271,$0,$390,$-2,$591,$1863,$48,$53,$24,$77,$6,$-50,$4,$45,$-36,$89,$-129,$0,$-0,$0,$0,$0,$-1,$-130,$40,$18,$57,$4,$4,$0,$1,$63,$23,$6,$0
25,2012-06-30,16.31,$14.86,1.1,$78.53,0.21,$-17.13,0.0,$1.75,9.32,$1.11B,$0.89B,1.25,$0.32B,$0.58B,0.56,$3.09B,$0.49B,16.01%,$3.09B,$0.12B,3.99%,$3.09B,$0.12B,3.99%,$3.09B,$0.19B,6.13%,$3.09B,$0.11B,3.66%,$3.09B,$0.07B,2.20%,$0.07B,$0.58B,12.53%,$0.07B,$0.39B,18.78%,$0.07B,$1.89B,3.93%,$0.12B,$0.89B,14.64%,$836,$706,$130,$0,$92,$804,$32,$-3,$29,$11,$17,$17,$17,$50,$32,$39,40,$0.45,$0.44,$169,$829,$0,$1111,$538,$7,$181,$49,$775,$1885,$890,$320,$2,$421,$1311,$0,$375,$-2,$575,$1885,$33,$34,$9,$43,$2,$-168,$13,$43,$-144,$-67,$-77,$0,$-0,$0,$0,$0,$-1,$-78,$23,$78,$101,$4,$4,$0,$1,$107,$-39,$5,$0
26,2012-03-31,21.16,$14.38,1.47,$74.36,0.28,$-15.68,0.0,$1.63,12.98,$1.08B,$0.87B,1.24,$0.31B,$0.56B,0.56,$2.91B,$0.47B,16.15%,$2.91B,$0.11B,3.88%,$2.91B,$0.11B,3.88%,$2.91B,$0.17B,5.98%,$2.91B,$0.10B,3.57%,$2.91B,$0.06B,2.20%,$0.06B,$0.56B,12.27%,$0.06B,$0.37B,18.71%,$0.06B,$1.84B,4.01%,$0.11B,$0.87B,14.14%,$777,$649,$128,$0,$93,$748,$29,$-3,$26,$10,$16,$16,$16,$46,$29,$38,40,$0.41,$0.40,$164,$808,$0,$1081,$516,$7,$183,$48,$754,$1835,$874,$310,$2,$405,$1279,$0,$358,$-2,$556,$1835,$16,$17,$2,$19,$8,$-152,$8,$6,$-165,$-130,$-38,$0,$-0,$0,$0,$0,$-0,$-38,$11,$108,$119,$4,$4,$0,$2,$125,$-44,$3,$0
27,2011-12-31,20.86,$13.91,1.5,$66.23,0.32,$-12.56,0.0,$1.42,14.69,$0.98B,$0.79B,1.24,$0.30B,$0.53B,0.57,$2.58B,$0.42B,16.43%,$2.58B,$0.10B,3.76%,$2.58B,$0.10B,3.76%,$2.58B,$0.15B,5.93%,$2.58B,$0.09B,3.49%,$2.58B,$0.06B,2.13%,$0.06B,$0.53B,10.96%,$0.06B,$0.35B,16.96%,$0.06B,$1.72B,3.81%,$0.10B,$0.83B,12.81%,$776,$654,$122,$0,$82,$742,$34,$-2,$32,$13,$19,$19,$19,$50,$34,$38,39,$0.52,$0.50,$208,$650,$0,$980,$500,$7,$183,$49,$738,$1718,$791,$300,$2,$396,$1186,$0,$342,$-2,$531,$1718,$55,$57,$32,$89,$-50,$-268,$24,$37,$-226,$-81,$-138,$0,$-95,$0,$0,$0,$1,$-232,$62,$283,$345,$6,$6,$0,$1,$352,$39,$6,$0
28,2011-09-30,14.12,$13.39,1.05,$58.45,0.24,$-7.40,0.0,$1.16,12.17,$0.80B,$0.63B,1.26,$0.26B,$0.51B,0.52,$2.27B,$0.38B,16.81%,$2.27B,$0.08B,3.35%,$2.27B,$0.08B,3.35%,$2.27B,$0.13B,5.69%,$2.27B,$0.07B,3.09%,$2.27B,$0.05B,1.99%,$0.05B,$0.51B,9.27%,$0.05B,$0.33B,14.25%,$0.05B,$1.49B,3.45%,$0.08B,$0.77B,10.53%,$696,$583,$114,$0,$80,$668,$28,$-2,$26,$10,$16,$16,$16,$43,$28,$38,39,$0.42,$0.41,$183,$524,$0,$797,$458,$7,$176,$47,$688,$1485,$634,$262,$2,$343,$977,$0,$323,$-2,$508,$1485,$36,$41,$20,$61,$-30,$-162,$17,$9,$-147,$-50,$-90,$0,$-60,$0,$0,$0,$-0,$-150,$24,$186,$211,$3,$3,$0,$1,$215,$14,$5,$0
29,2011-06-30,18.98,$12.96,1.46,$51.20,0.37,$-5.06,0.0,$1.12,16.94,$0.69B,$0.55B,1.26,$0.24B,$0.49B,0.49,$1.98B,$0.35B,17.45%,$1.98B,$0.06B,3.14%,$1.98B,$0.06B,3.14%,$1.98B,$0.11B,5.67%,$1.98B,$0.06B,2.83%,$1.98B,$0.04B,2.18%,$0.04B,$0.49B,9.12%,$0.04B,$0.31B,13.90%,$0.04B,$1.35B,3.53%,$0.06B,$0.73B,8.88%,$662,$556,$106,$0,$80,$640,$22,$-2,$20,$8,$13,$13,$13,$35,$22,$38,39,$0.33,$0.32,$146,$452,$0,$687,$475,$7,$176,$5,$663,$1350,$546,$239,$1,$313,$859,$0,$307,$-1,$491,$1350,$20,$26,$11,$37,$-27,$-94,$11,$7,$-93,$-36,$-50,$0,$-60,$0,$0,$0,$1,$-110,$5,$115,$120,$2,$2,$0,$1,$123,$-23,$4,$0
30,2011-03-31,19.75,$12.63,1.56,$42.87,0.46,$-3.44,0.0,$0.95,20.78,$0.56B,$0.45B,1.24,$0.22B,$0.48B,0.46,$1.65B,$0.31B,18.72%,$1.65B,$0.05B,3.04%,$1.65B,$0.05B,3.04%,$1.65B,$0.10B,5.96%,$1.65B,$0.05B,2.74%,$1.65B,$0.04B,2.19%,$0.04B,$0.48B,7.86%,$0.04B,$0.30B,11.85%,$0.04B,$1.22B,3.11%,$0.05B,$0.70B,7.38%,$446,$364,$82,$0,$65,$433,$13,$-1,$12,$4,$7,$7,$7,$25,$13,$38,39,$0.19,$0.19,$101,$385,$0,$561,$468,$8,$174,$5,$655,$1215,$453,$221,$0,$286,$738,$0,$294,$-0,$477,$1215,$7,$13,$3,$15,$-10,$-30,$5,$5,$-40,$-17,$-26,$0,$-60,$0,$0,$0,$0,$-86,$-13,$46,$34,$1,$1,$0,$1,$36,$-68,$3,$0
31,2010-12-31,20.38,$12.40,1.64,$39.30,0.52,$-2.89,0.0,$0.82,24.86,$0.56B,$0.42B,1.35,$0.22B,$0.47B,0.48,$1.50B,$0.28B,18.96%,$1.50B,$0.04B,2.74%,$1.50B,$0.04B,2.74%,$1.50B,$0.09B,5.87%,$1.50B,$0.04B,2.40%,$1.50B,$0.03B,2.07%,$0.03B,$0.47B,6.94%,$0.03B,$0.32B,10.31%,$0.03B,$1.17B,2.80%,$0.04B,$0.69B,6.27%,$463,$384,$79,$0,$62,$450,$13,$-1,$12,$3,$9,$9,$9,$26,$13,$37,38,$0.25,$0.24,$169,$322,$0,$559,$446,$8,$150,$5,$609,$1168,$415,$224,$0,$288,$703,$0,$287,$-0,$465,$1168,$31,$46,$4,$50,$-0,$-49,$15,$-10,$-14,$66,$-84,$0,$-13,$0,$0,$0,$0,$-97,$3,$44,$47,$2,$2,$0,$1,$50,$20,$4,$0
32,2010-09-30,15.3,$12.68,1.21,$34.50,0.44,$0.23,65.52,$0.62,24.67,$0.57B,$0.41B,1.37,$0.22B,$0.45B,0.49,$1.31B,$0.25B,19.31%,$1.31B,$0.03B,2.44%,$1.31B,$0.03B,2.44%,$1.31B,$0.08B,5.80%,$1.31B,$0.03B,1.98%,$1.31B,$0.02B,1.83%,$0.02B,$0.45B,5.49%,$0.02B,$0.31B,8.16%,$0.02B,$1.15B,2.27%,$0.03B,$0.68B,5.05%,$406,$328,$78,$0,$60,$392,$14,$-1,$12,$4,$8,$8,$14,$26,$14,$37,38,$0.38,$0.37,$151,$336,$0,$568,$415,$8,$147,$7,$577,$1145,$414,$223,$1,$278,$692,$0,$278,$-1,$453,$1145,$22,$33,$-5,$28,$-25,$-68,$15,$0,$-54,$-4,$-44,$0,$-7,$0,$0,$0,$-1,$-53,$-1,$58,$57,$1,$1,$0,$0,$58,$2,$4,$0
33,2010-06-30,13.32,$12.28,1.08,$31.66,0.42,$4.09,3.25,$0.33,40.37,$0.54B,$0.40B,1.33,$0.21B,$0.44B,0.48,$1.20B,$0.23B,19.20%,$1.20B,$0.02B,1.59%,$1.20B,$0.02B,1.59%,$1.20B,$0.06B,5.09%,$1.20B,$0.01B,1.17%,$1.20B,$0.01B,1.09%,$0.01B,$0.44B,3.02%,$0.01B,$0.29B,4.51%,$0.01B,$1.10B,1.29%,$0.02B,$0.65B,3.11%,$330,$261,$69,$0,$55,$319,$10,$-1,$9,$4,$5,$5,$6,$21,$10,$37,38,$0.15,$0.15,$136,$309,$24,$536,$410,$8,$146,$3,$567,$1103,$403,$209,$0,$262,$664,$0,$264,$0,$438,$1103,$8,$21,$3,$25,$-11,$-44,$16,$1,$-27,$5,$-28,$0,$-32,$0,$0,$0,$-2,$-63,$-1,$45,$43,$1,$1,$0,$0,$44,$-13,$3,$0
34,2010-03-31,13.17,$12.10,1.09,$31.19,0.42,$6.17,2.14,$0.14,94.1,$0.50B,$0.35B,1.44,$0.17B,$0.43B,0.4,$1.17B,$0.21B,18.10%,$1.17B,$0.01B,0.51%,$1.17B,$0.01B,0.51%,$1.17B,$0.05B,4.10%,$1.17B,$0.00B,0.09%,$1.17B,$0.01B,0.43%,$0.01B,$0.43B,1.18%,$0.01B,$0.29B,1.75%,$0.01B,$1.01B,0.51%,$0.01B,$0.61B,1.01%,$299,$241,$58,$0,$50,$295,$4,$-1,$3,$1,$2,$2,$2,$15,$4,$37,38,$0.06,$0.06,$146,$294,$0,$502,$356,$8,$141,$1,$505,$1007,$349,$174,$0,$227,$577,$0,$258,$0,$431,$1007,$2,$10,$2,$12,$-10,$-23,$8,$-0,$-26,$-12,$-10,$0,$0,$0,$0,$0,$0,$-10,$-7,$25,$18,$0,$0,$0,$0,$18,$-3,$2,$0
35,2009-12-31,11.86,$11.48,1.03,$32.09,0.37,$7.57,1.57,$0.16,74.11,$0.48B,$0.31B,1.52,$0.18B,$0.43B,0.43,$1.20B,$0.22B,17.99%,$1.20B,$0.01B,0.67%,$1.20B,$0.01B,0.67%,$1.20B,$0.05B,4.08%,$1.20B,$0.00B,0.17%,$1.20B,$0.01B,0.50%,$0.01B,$0.43B,1.42%,$0.01B,$0.29B,2.12%,$0.01B,$0.98B,0.61%,$0.01B,$0.61B,1.35%,$275,$227,$48,$0,$41,$271,$4,$-1,$2,$1,$1,$1,$2,$14,$4,$37,38,$0.04,$0.04,$149,$252,$23,$478,$354,$8,$137,$1,$499,$977,$314,$183,$0,$237,$551,$0,$256,$0,$426,$977,$6,$41,$1,$41,$16,$104,$-9,$-0,$103,$150,$-50,$0,$0,$0,$0,$0,$0,$-50,$-5,$-93,$-98,$1,$1,$0,$-0,$-98,$3,$4,$0
36,2009-09-30,12.88,$11.44,1.13,$32.52,0.4,$5.33,2.42,$0.26,49.56,$0.47B,$0.33B,1.45,$0.16B,$0.43B,0.37,$1.23B,$0.22B,17.88%,$1.23B,$0.01B,0.57%,$1.23B,$0.01B,0.57%,$1.23B,$0.05B,4.00%,$1.23B,$0.00B,0.16%,$1.23B,$0.01B,0.73%,$0.01B,$0.43B,2.14%,$0.01B,$0.28B,3.23%,$0.01B,$0.96B,0.90%,$0.01B,$0.58B,1.19%,$294,$239,$55,$0,$50,$293,$1,$-1,$-0,$-3,$3,$3,$3,$11,$1,$37,38,$0.08,$0.08,$144,$275,$0,$472,$344,$0,$141,$1,$486,$958,$325,$156,$0,$208,$533,$0,$254,$0,$425,$958,$4,$31,$-1,$29,$14,$97,$-6,$1,$97,$131,$-33,$0,$0,$0,$0,$0,$0,$-33,$-23,$-86,$-109,$1,$1,$0,$0,$-108,$-10,$3,$0
37,2009-06-30,11.62,$11.34,1.02,$35.40,0.33,$3.27,3.56,$0.39,29.79,$0.49B,$0.33B,1.49,$0.17B,$0.42B,0.4,$1.35B,$0.24B,17.84%,$1.35B,$0.02B,1.49%,$1.35B,$0.02B,1.49%,$1.35B,$0.06B,4.61%,$1.35B,$0.01B,1.04%,$1.35B,$0.01B,1.04%,$0.01B,$0.42B,3.34%,$0.01B,$0.28B,5.05%,$0.01B,$0.97B,1.38%,$0.02B,$0.59B,3.38%,$303,$252,$51,$0,$49,$305,$-3,$-1,$-4,$-3,$-2,$-2,$-2,$8,$-3,$37,37,$-0.04,$-0.04,$129,$298,$0,$488,$336,$0,$141,$1,$478,$965,$327,$167,$0,$218,$545,$0,$251,$0,$420,$965,$1,$21,$-2,$19,$6,$70,$-8,$1,$58,$78,$-23,$0,$0,$0,$0,$0,$0,$-23,$-17,$-64,$-81,$0,$0,$0,$0,$-80,$-25,$2,$0
38,2009-03-31,8.9,$11.36,0.78,$38.89,0.23,$2.22,4.01,$0.59,15.08,$0.53B,$0.36B,1.47,$0.17B,$0.42B,0.41,$1.50B,$0.26B,17.57%,$1.50B,$0.03B,2.27%,$1.50B,$0.03B,2.27%,$1.50B,$0.08B,5.01%,$1.50B,$0.03B,1.87%,$1.50B,$0.02B,1.47%,$0.02B,$0.42B,5.26%,$0.02B,$0.28B,7.96%,$0.02B,$1.00B,2.12%,$0.03B,$0.59B,5.72%,$329,$267,$62,$0,$52,$323,$6,$-2,$4,$1,$3,$3,$3,$16,$6,$37,37,$0.08,$0.08,$139,$326,$0,$527,$334,$0,$142,$1,$477,$1004,$359,$172,$0,$225,$584,$0,$253,$0,$421,$1004,$3,$10,$0,$10,$3,$40,$-7,$1,$29,$42,$-11,$0,$0,$0,$0,$0,$-0,$-11,$-9,$-37,$-46,$0,$0,$0,$-0,$-46,$-15,$1,$0
39,2008-12-31,8.55,$11.26,0.76,$40.42,0.21,$0.92,9.27,$0.76,11.25,$0.58B,$0.40B,1.44,$0.18B,$0.42B,0.44,$1.57B,$0.28B,17.75%,$1.57B,$0.05B,2.86%,$1.57B,$0.05B,2.86%,$1.57B,$0.09B,5.47%,$1.57B,$0.04B,2.48%,$1.57B,$0.03B,1.84%,$0.03B,$0.42B,6.97%,$0.03B,$0.27B,10.38%,$0.03B,$1.06B,2.79%,$0.05B,$0.60B,7.62%,$299,$248,$51,$0,$44,$295,$3,$-2,$2,$0,$1,$1,$5,$14,$3,$38,39,$0.14,$0.13,$154,$362,$0,$582,$332,$0,$142,$1,$475,$1057,$404,$183,$0,$236,$641,$0,$250,$0,$416,$1057,$29,$39,$13,$51,$-5,$30,$-9,$-2,$3,$83,$-67,$0,$-37,$-8,$0,$-8,$1,$-111,$-2,$6,$4,$-17,$-17,$0,$1,$-13,$-41,$4,$0
40,2008-09-30,12.76,$11.07,1.15,$44.51,0.29,$5.62,2.27,$0.94,13.58,$0.58B,$0.40B,1.43,$0.17B,$0.42B,0.41,$1.73B,$0.31B,17.84%,$1.73B,$0.06B,3.70%,$1.73B,$0.06B,3.70%,$1.73B,$0.10B,5.95%,$1.73B,$0.06B,3.23%,$1.73B,$0.04B,2.08%,$0.04B,$0.42B,8.74%,$0.04B,$0.28B,12.82%,$0.04B,$1.04B,3.48%,$0.06B,$0.59B,10.93%,$414,$337,$76,$0,$58,$400,$14,$-2,$12,$4,$8,$8,$8,$24,$14,$38,39,$0.21,$0.21,$152,$360,$0,$577,$322,$0,$142,$2,$465,$1042,$403,$173,$0,$221,$624,$0,$245,$0,$418,$1042,$24,$28,$10,$38,$-5,$30,$-7,$-1,$4,$66,$-45,$0,$-37,$-8,$0,$-8,$0,$-90,$-13,$3,$-10,$-9,$-9,$0,$1,$-19,$-42,$3,$0
41,2008-06-30,11.98,$10.89,1.1,$47.35,0.25,$8.85,1.35,$1.07,11.19,$0.60B,$0.41B,1.47,$0.17B,$0.42B,0.42,$1.84B,$0.32B,17.55%,$1.84B,$0.07B,4.02%,$1.84B,$0.07B,4.02%,$1.84B,$0.11B,6.09%,$1.84B,$0.07B,3.53%,$1.84B,$0.04B,2.23%,$0.04B,$0.42B,10.15%,$0.04B,$0.28B,14.75%,$0.04B,$1.05B,3.96%,$0.07B,$0.59B,12.76%,$455,$380,$74,$0,$59,$443,$11,$-2,$10,$4,$6,$6,$6,$21,$11,$38,39,$0.16,$0.16,$166,$366,$0,$595,$307,$0,$142,$2,$451,$1046,$406,$174,$0,$220,$627,$0,$237,$0,$419,$1046,$16,$19,$6,$25,$-2,$23,$-7,$-1,$-3,$38,$-21,$0,$-37,$-8,$0,$-8,$0,$-66,$-10,$8,$-2,$1,$1,$0,$1,$-1,$-29,$2,$0
42,2008-03-31,15.8,$10.70,1.48,$49.23,0.32,$9.24,1.71,$1.25,12.64,$0.60B,$0.39B,1.52,$0.17B,$0.41B,0.41,$1.90B,$0.34B,17.91%,$1.90B,$0.09B,4.67%,$1.90B,$0.09B,4.67%,$1.90B,$0.13B,6.57%,$1.90B,$0.08B,3.99%,$1.90B,$0.05B,2.52%,$0.05B,$0.41B,12.25%,$0.05B,$0.29B,17.68%,$0.05B,$1.01B,4.54%,$0.09B,$0.58B,15.58%,$404,$326,$78,$0,$57,$386,$17,$-2,$15,$6,$10,$10,$10,$27,$17,$38,39,$0.25,$0.25,$177,$354,$0,$597,$295,$0,$121,$2,$417,$1014,$393,$168,$0,$210,$603,$0,$231,$0,$411,$1014,$10,$9,$2,$11,$-9,$14,$-17,$-1,$-33,$-12,$-7,$0,$0,$-30,$0,$-30,$-0,$-37,$-7,$14,$7,$1,$1,$0,$0,$8,$-41,$1,$0
43,2007-12-31,18.13,$10.42,1.74,$52.85,0.34,$10.16,1.78,$1.34,13.53,$0.61B,$0.41B,1.48,$0.18B,$0.40B,0.45,$2.03B,$0.35B,17.33%,$2.03B,$0.10B,4.78%,$2.03B,$0.10B,4.78%,$2.03B,$0.13B,6.50%,$2.03B,$0.08B,4.04%,$2.03B,$0.05B,2.51%,$0.05B,$0.40B,13.50%,$0.05B,$0.28B,19.81%,$0.05B,$1.03B,4.70%,$0.10B,$0.58B,17.29%,$459,$377,$81,$0,$56,$437,$22,$-3,$19,$7,$12,$12,$12,$31,$22,$38,39,$0.33,$0.31,$187,$366,$0,$610,$299,$0,$121,$2,$421,$1032,$413,$178,$0,$219,$632,$0,$221,$0,$400,$1032,$51,$36,$8,$44,$26,$132,$3,$0,$163,$259,$-60,$0,$-8,$0,$0,$0,$1,$-68,$2,$-173,$-171,$3,$3,$0,$2,$-166,$25,$3,$0
44,2007-09-30,16.85,$10.09,1.67,$57.70,0.29,$2.05,8.22,$1.44,11.7,$0.63B,$0.44B,1.43,$0.18B,$0.39B,0.48,$2.20B,$0.36B,16.38%,$2.20B,$0.11B,4.76%,$2.20B,$0.11B,4.76%,$2.20B,$0.14B,6.26%,$2.20B,$0.09B,3.99%,$2.20B,$0.06B,2.50%,$0.06B,$0.39B,15.16%,$0.06B,$0.27B,22.59%,$0.06B,$1.05B,4.96%,$0.11B,$0.57B,19.20%,$522,$432,$90,$0,$62,$497,$24,$-3,$21,$8,$13,$13,$13,$33,$24,$38,39,$0.34,$0.34,$177,$386,$0,$628,$296,$0,$121,$2,$419,$1047,$440,$183,$0,$222,$662,$0,$209,$0,$385,$1047,$39,$27,$5,$32,$19,$109,$-7,$0,$121,$192,$-47,$0,$-8,$0,$0,$0,$0,$-54,$-0,$-126,$-126,$2,$2,$0,$2,$-123,$15,$3,$0
45,2007-06-30,14.44,$9.73,1.48,$61.39,0.24,$-3.91,0.0,$1.53,9.42,$0.72B,$0.54B,1.33,$0.19B,$0.37B,0.51,$2.33B,$0.36B,15.60%,$2.33B,$0.11B,4.80%,$2.33B,$0.11B,4.80%,$2.33B,$0.14B,6.13%,$2.33B,$0.09B,3.99%,$2.33B,$0.06B,2.49%,$0.06B,$0.37B,16.70%,$0.06B,$0.25B,25.22%,$0.06B,$1.13B,5.24%,$0.11B,$0.56B,21.48%,$519,$428,$92,$0,$63,$494,$26,$-4,$21,$8,$13,$13,$13,$34,$26,$38,38,$0.34,$0.34,$166,$479,$0,$717,$294,$0,$120,$2,$416,$1133,$539,$187,$0,$224,$763,$0,$196,$0,$371,$1133,$26,$18,$3,$21,$11,$14,$-7,$-0,$18,$65,$-34,$0,$-7,$0,$0,$0,$0,$-40,$4,$-27,$-23,$1,$1,$0,$1,$-21,$4,$2,$0
46,2007-03-31,12.77,$9.37,1.36,$62.89,0.2,$-5.94,0.0,$1.59,8.05,$0.72B,$0.55B,1.3,$0.18B,$0.36B,0.52,$2.38B,$0.36B,15.11%,$2.38B,$0.11B,4.74%,$2.38B,$0.11B,4.74%,$2.38B,$0.14B,6.00%,$2.38B,$0.10B,4.03%,$2.38B,$0.06B,2.52%,$0.06B,$0.36B,18.13%,$0.06B,$0.24B,27.75%,$0.06B,$1.13B,5.64%,$0.11B,$0.54B,22.92%,$531,$442,$89,$0,$60,$506,$25,$-4,$21,$8,$13,$13,$13,$34,$25,$38,38,$0.34,$0.34,$162,$487,$0,$718,$288,$0,$120,$2,$410,$1128,$554,$184,$0,$219,$774,$0,$183,$0,$355,$1128,$13,$9,$1,$10,$16,$6,$-6,$-0,$12,$35,$-18,$0,$-7,$0,$0,$0,$0,$-25,$0,$-11,$-11,$1,$1,$0,$0,$-10,$1,$1,$0
47,2006-12-31,11.25,$9.01,1.25,$62.17,0.18,$-5.87,0.0,$1.55,7.24,$0.73B,$0.57B,1.27,$0.18B,$0.34B,0.53,$2.35B,$0.35B,15.02%,$2.35B,$0.11B,4.68%,$2.35B,$0.11B,4.68%,$2.35B,$0.14B,5.83%,$2.35B,$0.09B,4.00%,$2.35B,$0.06B,2.51%,$0.06B,$0.34B,18.79%,$0.06B,$0.22B,25.74%,$0.06B,$1.13B,5.93%,$0.11B,$0.52B,23.84%,$632,$542,$90,$0,$57,$602,$30,$-4,$25,$10,$16,$16,$16,$37,$30,$37,38,$0.42,$0.42,$162,$485,$0,$730,$279,$0,$117,$2,$398,$1128,$574,$181,$0,$215,$789,$0,$170,$0,$340,$1128,$59,$27,$6,$33,$-10,$-114,$14,$-0,$-99,$-7,$-106,$0,$-36,$0,$0,$0,$1,$-142,$56,$117,$173,$2,$2,$0,$2,$177,$28,$3,$0
