,Date,Stock Price,Book Value per Share,Price to Book Ratio,TTM Sales per Share,Price to Sales Ratio,TTM FCF per Share,Price to FCF Ratio,TTM Net EPS,PE Ratio,Current Assets,Current Liabilities,Current Ratio,Long Term Debt,Shareholder's Equity_x,Debt to Equity Ratio,TTM Revenue_x,TTM Gross Profit,Gross Margin,TTM Revenue_y,TTM Operating Income,Operating Margin,TTM Revenue_x,TTM EBIT,EBIT Margin,TTM Revenue_y,TTM EBITDA,EBITDA Margin,TTM Revenue_x,TTM Pre-Tax Income,Pre-Tax Margin,TTM Revenue_y,TTM Net Income_x,Net Margin,TTM Net Income_y,Shareholder's Equity_y,Return on Equity,TTM Net Income_x,Tangible Equity,Return on Tangible Equity,TTM Net Income_y,Total Assets,Return on Assets,TTM Net Income,LT Investments & Debt,Return on Investment,revenue,cost-goods-sold,gross-profit,research-development-expenses,selling-general-administrative-expenses,operating-expenses,operating-income,total-non-operating-income-expense,pre-tax-income,total-provision-income-taxes,income-after-taxes,income-from-continuous-operations,net-income,ebitda,ebit,basic-shares-outstanding,shares-outstanding,eps-basic-net-earnings-per-share,eps-earnings-per-share-diluted,cash-on-hand,inventory,other-current-assets,total-current-assets,net-property-plant-equipment,long-term-investments,goodwill-intangible-assets-total,other-long-term-assets,total-long-term-assets,total-assets,total-current-liabilities,long-term-debt,other-non-current-liabilities,total-long-term-liabilities,total-liabilities,common-stock-net,retained-earnings-accumulated-deficit,comprehensive-income,total-share-holder-equity,total-liabilities-share-holders-equity,net-income-loss,total-depreciation-amortization-cash-flow,other-non-cash-items,total-non-cash-items,change-in-accounts-receivable,change-in-inventories,change-in-accounts-payable,change-in-assets-liabilities,total-change-in-assets-liabilities,cash-flow-from-operating-activities,net-change-in-property-plant-equipment,net-change-in-intangible-assets,net-acquisitions-divestitures,net-change-in-short-term-investments,net-change-in-long-term-investments,net-change-in-investments-total,investing-activities-other,cash-flow-from-investing-activities,net-long-term-debt,net-current-debt,debt-issuance-retirement-net-total,net-common-equity-issued-repurchased,net-total-equity-issued-repurchased,total-common-preferred-stock-dividends-paid,financial-activities-other,cash-flow-from-financial-activities,net-cash-flow,stock-based-compensation,common-stock-dividends-paid
0,2018-09-30,31.55,$3.00,10.51,$14.72,2.14,$3.03,10.43,$1.20,26.29,$0.03B,$0.07B,0.39,$0.05B,$0.09B,0.61,$0.45B,$0.12B,27.56%,$0.45B,$0.05B,10.89%,$0.45B,$0.05B,10.89%,$0.45B,$0.07B,14.89%,$0.45B,$0.05B,10.44%,$0.45B,$0.04B,8.44%,$0.04B,$0.09B,44.06%,$0.04B,$0.00B,-3040.00%,$0.04B,$0.24B,16.05%,$0.05B,$0.14B,36.16%,$99,$76,$23,$0,$13,$94,$5,$-1,$4,$1,$4,$4,$4,$10,$5,$30,30,$0.12,$0.12,$5,$8,$0,$27,$121,$0,$87,$1,$213,$240,$69,$54,$5,$82,$150,$0,$17,$0,$89,$240,$27,$14,$7,$20,$10,$1,$0,$-8,$-7,$41,$-22,$-1,$0,$0,$0,$0,$0,$-23,$4,$0,$4,$-6,$-6,$-10,$-4,$-16,$1,$6,$-10
1,2018-06-30,27.95,$2.96,9.45,$14.22,1.97,$3.09,9.04,$1.13,24.74,$0.03B,$0.07B,0.37,$0.05B,$0.09B,0.57,$0.44B,$0.12B,27.06%,$0.44B,$0.05B,10.78%,$0.44B,$0.05B,10.78%,$0.44B,$0.06B,14.68%,$0.44B,$0.05B,10.55%,$0.44B,$0.04B,8.26%,$0.04B,$0.09B,42.86%,$0.04B,$0.00B,1028.57%,$0.04B,$0.23B,16.00%,$0.05B,$0.14B,36.94%,$110,$79,$31,$0,$14,$98,$12,$-0,$11,$2,$10,$10,$10,$16,$12,$30,30,$0.32,$0.32,$3,$8,$0,$25,$115,$0,$87,$1,$208,$233,$68,$50,$5,$78,$146,$0,$16,$0,$88,$233,$23,$9,$4,$13,$11,$1,$0,$-11,$-8,$29,$-12,$-1,$0,$0,$0,$0,$0,$-13,$0,$0,$0,$-6,$-6,$-7,$-4,$-16,$-1,$4,$-7
2,2018-03-31,24.26,$2.95,8.23,$13.81,1.76,$3.20,7.58,$1.06,22.89,$0.03B,$0.07B,0.35,$0.04B,$0.09B,0.49,$0.43B,$0.11B,26.76%,$0.43B,$0.05B,11.03%,$0.43B,$0.05B,11.03%,$0.43B,$0.06B,14.79%,$0.43B,$0.05B,10.80%,$0.43B,$0.03B,7.98%,$0.03B,$0.09B,40.60%,$0.03B,$0.00B,331.71%,$0.03B,$0.23B,15.74%,$0.05B,$0.13B,39.25%,$117,$83,$33,$0,$12,$100,$16,$-0,$16,$2,$14,$14,$14,$21,$16,$30,30,$0.46,$0.45,$2,$8,$0,$26,$112,$0,$87,$1,$206,$232,$74,$43,$5,$70,$144,$0,$10,$0,$88,$232,$14,$4,$2,$6,$9,$0,$0,$-4,$-4,$16,$-6,$0,$0,$0,$0,$0,$0,$-6,$-7,$0,$-7,$0,$0,$-3,$-2,$-12,$-2,$2,$-3
3,2017-12-31,21.39,$2.68,7.98,$13.35,1.6,$3.33,6.43,$0.96,22.28,$0.04B,$0.09B,0.42,$0.05B,$0.08B,0.63,$0.42B,$0.11B,27.23%,$0.42B,$0.05B,11.33%,$0.42B,$0.05B,11.33%,$0.42B,$0.06B,14.94%,$0.42B,$0.05B,11.08%,$0.42B,$0.03B,7.47%,$0.03B,$0.08B,37.01%,$0.03B,$-0.01B,182.35%,$0.03B,$0.24B,14.96%,$0.05B,$0.13B,41.78%,$124,$87,$37,$0,$13,$108,$16,$-0,$16,$6,$10,$10,$10,$20,$16,$30,31,$0.31,$0.32,$4,$9,$0,$37,$112,$0,$87,$1,$205,$242,$89,$50,$2,$74,$163,$0,$2,$0,$80,$242,$30,$15,$16,$31,$-1,$-1,$0,$4,$8,$69,$-21,$0,$-35,$0,$0,$0,$0,$-57,$25,$0,$25,$-23,$-23,$-11,$-2,$-12,$0,$7,$-11
4,2017-09-30,20.6,$2.67,7.72,$12.69,1.62,$2.76,7.48,$0.95,21.69,$0.02B,$0.06B,0.41,$0.03B,$0.08B,0.37,$0.40B,$0.11B,27.32%,$0.40B,$0.05B,11.53%,$0.40B,$0.05B,11.53%,$0.40B,$0.06B,15.29%,$0.40B,$0.05B,11.28%,$0.40B,$0.03B,7.52%,$0.03B,$0.08B,35.93%,$0.03B,$0.02B,125.00%,$0.03B,$0.19B,15.11%,$0.05B,$0.11B,43.40%,$85,$68,$17,$0,$10,$82,$3,$-0,$3,$1,$2,$2,$2,$7,$3,$30,31,$0.06,$0.05,$5,$7,$0,$24,$104,$0,$59,$1,$169,$193,$58,$30,$2,$54,$113,$0,$-5,$0,$80,$193,$21,$11,$10,$21,$11,$0,$0,$-11,$-6,$35,$-14,$0,$0,$0,$0,$0,$0,$-14,$5,$0,$5,$-14,$-14,$-9,$-2,$-20,$1,$5,$-9
5,2017-06-30,21.3,$2.85,7.47,$12.57,1.69,$2.43,8.78,$1.01,21.08,$0.02B,$0.07B,0.37,$0.02B,$0.09B,0.24,$0.40B,$0.11B,28.14%,$0.40B,$0.05B,12.31%,$0.40B,$0.05B,12.31%,$0.40B,$0.06B,15.83%,$0.40B,$0.05B,11.81%,$0.40B,$0.03B,8.04%,$0.03B,$0.09B,38.91%,$0.03B,$0.03B,140.66%,$0.03B,$0.20B,16.14%,$0.05B,$0.11B,50.39%,$100,$73,$27,$0,$11,$88,$12,$-0,$11,$4,$8,$8,$8,$15,$12,$31,31,$0.26,$0.25,$5,$8,$0,$24,$103,$0,$59,$1,$172,$197,$65,$21,$2,$45,$110,$0,$-3,$0,$87,$197,$19,$7,$4,$12,$12,$-0,$0,$-7,$1,$31,$-11,$0,$0,$0,$0,$0,$0,$-11,$-4,$0,$-4,$-8,$-8,$-6,$-2,$-19,$1,$3,$-6
6,2017-03-31,19.55,$2.86,6.83,$12.22,1.6,$2.01,9.73,$0.97,20.15,$0.02B,$0.07B,0.32,$0.01B,$0.09B,0.16,$0.39B,$0.11B,27.88%,$0.39B,$0.05B,12.02%,$0.39B,$0.05B,12.02%,$0.39B,$0.06B,15.86%,$0.39B,$0.05B,11.76%,$0.39B,$0.03B,7.93%,$0.03B,$0.09B,38.39%,$0.03B,$0.03B,145.88%,$0.03B,$0.20B,15.74%,$0.05B,$0.10B,51.93%,$106,$74,$32,$0,$11,$89,$16,$-0,$16,$5,$11,$11,$11,$20,$16,$31,31,$0.36,$0.35,$3,$8,$0,$23,$105,$0,$59,$1,$174,$197,$71,$14,$2,$38,$109,$0,$-8,$0,$88,$197,$11,$4,$2,$6,$11,$-0,$0,$-2,$5,$22,$-7,$0,$0,$0,$0,$0,$0,$-7,$-11,$0,$-11,$0,$0,$-3,$-1,$-15,$-1,$2,$-3
7,2016-12-31,17.75,$2.59,6.86,$11.92,1.49,$1.74,10.21,$0.95,18.69,$0.03B,$0.08B,0.43,$0.03B,$0.08B,0.32,$0.39B,$0.11B,27.65%,$0.39B,$0.05B,12.14%,$0.39B,$0.05B,12.14%,$0.39B,$0.06B,16.02%,$0.39B,$0.05B,11.89%,$0.39B,$0.03B,8.01%,$0.03B,$0.08B,37.58%,$0.03B,$0.02B,133.33%,$0.03B,$0.21B,15.88%,$0.05B,$0.10B,52.96%,$108,$75,$33,$0,$14,$93,$15,$-0,$15,$5,$9,$9,$9,$19,$15,$32,32,$0.30,$0.30,$4,$7,$0,$34,$103,$0,$59,$1,$173,$207,$79,$25,$2,$49,$128,$0,$-17,$0,$79,$207,$30,$13,$16,$29,$-2,$0,$0,$4,$-3,$56,$-25,$0,$0,$0,$0,$0,$0,$-25,$25,$0,$25,$-45,$-45,$-9,$-1,$-30,$1,$6,$-9
8,2016-09-30,13.64,$2.45,5.57,$11.61,1.17,$1.77,7.69,$0.93,14.66,$0.02B,$0.09B,0.25,$0.00B,$0.08B,0.0,$0.38B,$0.10B,27.08%,$0.38B,$0.05B,11.72%,$0.38B,$0.05B,11.72%,$0.38B,$0.06B,15.36%,$0.38B,$0.04B,11.46%,$0.38B,$0.03B,8.33%,$0.03B,$0.08B,36.68%,$0.03B,$0.02B,115.32%,$0.03B,$0.19B,16.56%,$0.05B,$0.08B,51.58%,$84,$64,$20,$0,$10,$78,$6,$-0,$5,$2,$4,$4,$4,$9,$6,$31,32,$0.11,$0.11,$4,$7,$0,$23,$96,$0,$59,$1,$169,$192,$93,$0,$2,$24,$117,$0,$-24,$0,$75,$192,$21,$10,$11,$20,$10,$0,$0,$-12,$-13,$29,$-18,$0,$0,$0,$0,$0,$0,$-18,$38,$0,$38,$-40,$-40,$-7,$-1,$-10,$1,$4,$-7
9,2016-06-30,15.33,$2.58,5.94,$11.31,1.36,$1.87,8.22,$0.89,17.23,$0.02B,$0.09B,0.26,$0.00B,$0.08B,0.0,$0.38B,$0.10B,26.58%,$0.38B,$0.04B,11.32%,$0.38B,$0.04B,11.32%,$0.38B,$0.06B,15.00%,$0.38B,$0.04B,11.32%,$0.38B,$0.03B,8.16%,$0.03B,$0.08B,33.07%,$0.03B,$0.02B,90.51%,$0.03B,$0.19B,16.12%,$0.04B,$0.08B,45.26%,$93,$68,$24,$0,$10,$82,$10,$-0,$10,$3,$7,$7,$7,$14,$10,$32,33,$0.22,$0.21,$4,$7,$0,$23,$95,$0,$59,$1,$169,$192,$88,$0,$2,$24,$111,$0,$-25,$0,$81,$192,$18,$6,$8,$14,$9,$0,$0,$-9,$-11,$20,$-13,$0,$0,$0,$0,$0,$0,$-13,$30,$0,$30,$-32,$-32,$-5,$-1,$-7,$0,$3,$-5
10,2016-03-31,17.62,$2.92,6.03,$11.09,1.59,$2.02,8.73,$0.90,19.58,$0.02B,$0.07B,0.31,$0.00B,$0.10B,0.0,$0.38B,$0.10B,26.98%,$0.38B,$0.04B,11.64%,$0.38B,$0.04B,11.64%,$0.38B,$0.06B,15.34%,$0.38B,$0.04B,11.64%,$0.38B,$0.03B,8.47%,$0.03B,$0.10B,32.00%,$0.03B,$0.04B,78.53%,$0.03B,$0.19B,16.69%,$0.04B,$0.10B,43.46%,$102,$72,$30,$0,$10,$85,$16,$-0,$16,$5,$11,$11,$11,$20,$16,$33,33,$0.33,$0.33,$3,$8,$0,$22,$91,$0,$59,$1,$168,$190,$71,$0,$2,$23,$95,$0,$-29,$0,$95,$190,$11,$3,$4,$7,$9,$-0,$0,$-6,$-6,$12,$-6,$0,$0,$0,$0,$0,$0,$-6,$8,$0,$8,$-12,$-12,$-2,$-1,$-7,$-0,$1,$-2
11,2015-12-31,15.18,$2.96,5.13,$10.83,1.4,$1.95,7.76,$0.87,17.45,$0.03B,$0.08B,0.39,$0.00B,$0.10B,0.0,$0.37B,$0.10B,26.81%,$0.37B,$0.04B,11.80%,$0.37B,$0.04B,11.80%,$0.37B,$0.06B,15.28%,$0.37B,$0.04B,11.80%,$0.37B,$0.03B,8.31%,$0.03B,$0.10B,30.47%,$0.03B,$0.04B,72.94%,$0.03B,$0.20B,16.17%,$0.04B,$0.10B,42.41%,$105,$75,$30,$0,$13,$92,$13,$0,$13,$4,$9,$9,$10,$16,$13,$34,34,$0.28,$0.27,$3,$7,$0,$31,$88,$0,$60,$1,$168,$199,$78,$0,$3,$23,$101,$0,$-38,$0,$98,$199,$30,$13,$14,$27,$2,$-0,$0,$0,$-2,$55,$-20,$0,$10,$0,$0,$0,$0,$-10,$-13,$0,$-13,$-24,$-24,$-8,$-1,$-46,$-1,$4,$-8
12,2015-09-30,15.43,$2.99,5.16,$10.58,1.46,$1.70,9.09,$0.82,18.82,$0.03B,$0.06B,0.49,$0.01B,$0.10B,0.05,$0.37B,$0.10B,26.43%,$0.37B,$0.04B,11.72%,$0.37B,$0.04B,11.72%,$0.37B,$0.06B,15.26%,$0.37B,$0.04B,11.72%,$0.37B,$0.03B,7.90%,$0.03B,$0.10B,28.64%,$0.03B,$0.04B,68.64%,$0.03B,$0.19B,14.74%,$0.04B,$0.11B,40.38%,$80,$63,$17,$0,$10,$76,$4,$-0,$4,$1,$3,$3,$3,$7,$4,$34,34,$0.08,$0.08,$3,$7,$0,$29,$85,$0,$59,$1,$160,$188,$59,$5,$3,$28,$87,$0,$-45,$0,$101,$188,$20,$9,$14,$24,$7,$0,$0,$-12,$-15,$30,$-15,$0,$10,$0,$0,$0,$0,$-5,$-8,$0,$-8,$-11,$-11,$-6,$-1,$-26,$-2,$3,$-6
13,2015-06-30,15.26,$3.10,4.92,$10.36,1.47,$1.30,11.69,$0.54,28.26,$0.04B,$0.06B,0.57,$0.00B,$0.11B,0.0,$0.36B,$0.09B,26.04%,$0.36B,$0.04B,11.91%,$0.36B,$0.04B,11.91%,$0.36B,$0.06B,15.51%,$0.36B,$0.04B,11.91%,$0.36B,$0.02B,5.26%,$0.02B,$0.11B,19.10%,$0.02B,$0.05B,48.72%,$0.02B,$0.19B,9.36%,$0.04B,$0.11B,38.74%,$91,$66,$25,$0,$10,$80,$11,$-0,$11,$4,$8,$8,$8,$15,$11,$34,35,$0.22,$0.22,$5,$7,$0,$35,$82,$0,$59,$1,$155,$190,$61,$0,$3,$23,$84,$0,$-46,$0,$106,$190,$18,$6,$15,$21,$4,$0,$0,$-10,$-17,$22,$-8,$0,$10,$0,$0,$0,$0,$2,$-13,$0,$-13,$-5,$-5,$-4,$-1,$-23,$1,$2,$-4
14,2015-03-31,14.97,$2.97,5.04,$10.06,1.49,$1.01,14.87,$0.51,29.35,$0.04B,$0.06B,0.6,$0.00B,$0.10B,0.03,$0.35B,$0.09B,25.21%,$0.35B,$0.04B,11.90%,$0.35B,$0.04B,11.90%,$0.35B,$0.05B,15.30%,$0.35B,$0.04B,11.90%,$0.35B,$0.02B,5.10%,$0.02B,$0.10B,18.05%,$0.02B,$0.04B,50.35%,$0.02B,$0.19B,8.57%,$0.04B,$0.11B,35.97%,$97,$70,$28,$0,$8,$81,$16,$-0,$16,$5,$11,$11,$10,$19,$16,$34,35,$0.30,$0.30,$3,$7,$0,$37,$81,$0,$59,$2,$153,$190,$62,$3,$3,$26,$88,$0,$-51,$0,$102,$190,$10,$3,$15,$17,$-0,$0,$0,$-7,$-19,$9,$-5,$0,$10,$0,$0,$0,$0,$5,$-10,$0,$-10,$-3,$-3,$-2,$-1,$-15,$-1,$1,$-2
15,2014-12-31,14.09,$2.81,5.01,$9.76,1.44,$0.83,16.89,$0.46,30.62,$0.05B,$0.09B,0.56,$0.01B,$0.10B,0.14,$0.35B,$0.09B,24.86%,$0.35B,$0.04B,11.56%,$0.35B,$0.04B,11.56%,$0.35B,$0.05B,15.03%,$0.35B,$0.04B,11.56%,$0.35B,$0.02B,4.91%,$0.02B,$0.10B,16.96%,$0.02B,$0.04B,51.52%,$0.02B,$0.22B,7.83%,$0.04B,$0.11B,32.79%,$99,$72,$27,$0,$11,$87,$12,$-0,$12,$3,$9,$9,$8,$15,$12,$35,35,$0.23,$0.23,$4,$7,$15,$48,$80,$0,$59,$2,$170,$219,$86,$13,$3,$36,$122,$0,$-59,$0,$96,$219,$16,$13,$20,$33,$-7,$-0,$0,$4,$-6,$43,$-17,$0,$-3,$0,$0,$0,$0,$-20,$-6,$0,$-6,$-15,$-15,$-7,$-1,$-30,$-6,$3,$-7
16,2014-09-30,10.33,$2.73,3.78,$7.78,1.33,$1.03,9.98,$0.35,29.51,$0.03B,$0.06B,0.53,$0.03B,$0.09B,0.32,$0.28B,$0.08B,27.54%,$0.28B,$0.04B,13.04%,$0.28B,$0.04B,13.04%,$0.28B,$0.05B,17.39%,$0.28B,$0.04B,13.04%,$0.28B,$0.01B,4.71%,$0.01B,$0.09B,12.81%,$0.01B,$0.03B,41.60%,$0.01B,$0.21B,5.92%,$0.04B,$0.12B,28.86%,$74,$59,$14,$0,$7,$70,$4,$-0,$4,$1,$2,$2,$-7,$7,$4,$35,35,$-0.21,$-0.21,$3,$8,$0,$32,$87,$0,$65,$2,$181,$213,$61,$30,$4,$57,$118,$0,$-66,$0,$94,$213,$8,$10,$15,$25,$-0,$1,$0,$-7,$-20,$13,$-12,$0,$-3,$0,$0,$0,$0,$-14,$11,$0,$11,$-10,$-10,$-5,$-1,$-6,$-7,$2,$-5
17,2014-06-30,11.5,$3.07,3.75,$8.09,1.42,$1.24,9.24,$0.64,17.97,$0.03B,$0.06B,0.49,$0.02B,$0.11B,0.21,$0.29B,$0.08B,26.64%,$0.29B,$0.04B,12.80%,$0.29B,$0.04B,12.80%,$0.29B,$0.05B,16.96%,$0.29B,$0.04B,12.46%,$0.29B,$0.02B,7.96%,$0.02B,$0.11B,22.38%,$0.02B,$0.03B,74.19%,$0.02B,$0.22B,10.36%,$0.04B,$0.13B,28.96%,$83,$63,$20,$0,$8,$73,$10,$-0,$10,$3,$7,$7,$7,$13,$10,$35,36,$0.20,$0.19,$3,$8,$0,$30,$92,$0,$73,$2,$188,$218,$62,$22,$4,$49,$111,$0,$-57,$0,$107,$218,$16,$7,$3,$10,$4,$0,$0,$-7,$-16,$10,$-6,$0,$-3,$0,$0,$0,$0,$-9,$3,$0,$3,$-7,$-7,$-4,$-1,$-8,$-7,$1,$-4
18,2014-03-31,11.21,$2.97,3.77,$8.58,1.31,$1.28,8.73,$0.67,16.73,$0.03B,$0.07B,0.47,$0.02B,$0.10B,0.21,$0.31B,$0.08B,26.80%,$0.31B,$0.04B,12.42%,$0.31B,$0.04B,12.42%,$0.31B,$0.05B,16.34%,$0.31B,$0.04B,12.09%,$0.31B,$0.02B,7.84%,$0.02B,$0.10B,23.94%,$0.02B,$0.03B,82.76%,$0.02B,$0.22B,10.76%,$0.04B,$0.13B,29.29%,$90,$66,$25,$0,$8,$76,$14,$-0,$14,$5,$9,$9,$9,$17,$14,$35,36,$0.25,$0.25,$4,$8,$0,$31,$91,$0,$73,$2,$188,$219,$65,$22,$4,$49,$114,$0,$-62,$0,$104,$219,$9,$3,$1,$4,$3,$0,$0,$-5,$-11,$2,$-3,$0,$-3,$0,$0,$0,$0,$-6,$3,$0,$3,$-3,$-3,$-2,$-1,$-3,$-7,$1,$-2
19,2013-12-31,13.13,$2.88,4.56,$9.04,1.45,$1.34,9.82,$0.64,20.51,$0.04B,$0.08B,0.48,$0.02B,$0.10B,0.19,$0.32B,$0.08B,25.78%,$0.32B,$0.04B,11.49%,$0.32B,$0.04B,11.49%,$0.32B,$0.05B,15.53%,$0.32B,$0.04B,11.18%,$0.32B,$0.02B,7.14%,$0.02B,$0.10B,23.71%,$0.02B,$0.03B,88.46%,$0.02B,$0.23B,10.26%,$0.04B,$0.12B,28.08%,$29,$12,$17,$0,$8,$21,$8,$-0,$8,$3,$5,$5,$4,$11,$8,$35,36,$0.13,$0.11,$11,$8,$0,$39,$91,$0,$70,$2,$189,$228,$81,$19,$5,$47,$127,$0,$-69,$0,$101,$228,$22,$13,$12,$25,$-2,$0,$0,$-1,$-0,$48,$-14,$0,$0,$0,$0,$0,$0,$-14,$-26,$0,$-26,$0,$0,$-4,$-1,$-31,$3,$2,$-4
20,2013-09-30,10.91,$2.83,3.85,$9.05,1.21,$1.62,6.73,$0.62,17.6,$0.03B,$0.06B,0.44,$0.04B,$0.10B,0.37,$0.32B,$0.09B,26.40%,$0.32B,$0.04B,11.18%,$0.32B,$0.04B,11.18%,$0.32B,$0.05B,15.53%,$0.32B,$0.03B,10.56%,$0.32B,$0.02B,7.14%,$0.02B,$0.10B,25.00%,$0.02B,$0.03B,109.52%,$0.02B,$0.22B,10.23%,$0.04B,$0.14B,27.02%,$87,$71,$15,$0,$9,$82,$5,$-1,$4,$1,$3,$3,$3,$8,$5,$35,36,$0.08,$0.08,$5,$7,$0,$26,$92,$0,$71,$2,$197,$223,$60,$37,$5,$65,$124,$0,$-70,$0,$99,$223,$18,$10,$6,$16,$1,$1,$0,$-10,$-15,$19,$-10,$0,$0,$0,$0,$0,$0,$-10,$-8,$0,$-8,$0,$0,$-3,$-1,$-12,$-3,$2,$-3
21,2013-06-30,11.08,$2.78,3.99,$9.03,1.23,$1.77,6.25,$0.56,19.79,$0.03B,$0.06B,0.46,$0.04B,$0.10B,0.41,$0.32B,$0.08B,26.33%,$0.32B,$0.03B,10.34%,$0.32B,$0.03B,10.34%,$0.32B,$0.05B,14.73%,$0.32B,$0.03B,9.72%,$0.32B,$0.02B,6.58%,$0.02B,$0.10B,24.21%,$0.02B,$0.03B,133.33%,$0.02B,$0.22B,9.26%,$0.03B,$0.14B,24.26%,$100,$75,$25,$0,$11,$90,$11,$-0,$11,$3,$8,$8,$8,$14,$11,$35,36,$0.22,$0.22,$6,$7,$0,$26,$91,$0,$71,$3,$196,$222,$57,$40,$5,$68,$125,$0,$-70,$0,$97,$222,$15,$7,$5,$12,$2,$1,$0,$-12,$-18,$9,$-5,$0,$0,$0,$0,$0,$0,$-5,$-5,$0,$-5,$0,$0,$-1,$-1,$-7,$-2,$1,$-1
22,2013-03-31,8.73,$2.63,3.32,$8.98,0.97,$2.00,4.37,$0.51,17.12,$0.03B,$0.06B,0.46,$0.04B,$0.09B,0.47,$0.32B,$0.08B,25.32%,$0.32B,$0.03B,9.81%,$0.32B,$0.03B,9.81%,$0.32B,$0.05B,14.56%,$0.32B,$0.03B,8.86%,$0.32B,$0.02B,6.01%,$0.02B,$0.09B,23.24%,$0.02B,$0.02B,180.95%,$0.02B,$0.22B,8.31%,$0.03B,$0.13B,22.34%,$106,$80,$26,$0,$9,$93,$13,$-0,$13,$4,$9,$9,$8,$17,$13,$34,36,$0.22,$0.22,$6,$7,$0,$28,$89,$0,$71,$3,$196,$224,$61,$43,$5,$72,$133,$0,$-78,$0,$91,$224,$8,$4,$3,$6,$1,$1,$0,$-7,$-12,$2,$-1,$0,$0,$0,$0,$0,$0,$-1,$-2,$0,$-2,$0,$0,$0,$0,$-2,$-2,$1,$0
23,2012-12-31,6.65,$2.34,2.84,$8.93,0.75,$2.15,3.09,$-0.60,0.0,$0.03B,$0.08B,0.43,$0.05B,$0.08B,0.56,$0.31B,$0.08B,24.52%,$0.31B,$0.03B,9.03%,$0.31B,$0.03B,9.03%,$0.31B,$0.04B,13.87%,$0.31B,$0.02B,7.74%,$0.31B,$-0.02B,-6.13%,$-0.02B,$0.08B,-24.84%,$-0.02B,$0.01B,-380.00%,$-0.02B,$0.23B,-8.23%,$0.03B,$0.13B,19.72%,$29,$9,$19,$0,$9,$22,$7,$-1,$6,$3,$3,$3,$4,$11,$7,$34,34,$0.12,$0.12,$8,$8,$1,$32,$90,$0,$71,$3,$198,$230,$75,$45,$5,$74,$149,$0,$-87,$0,$81,$230,$16,$15,$11,$26,$1,$-1,$0,$2,$11,$53,$-11,$0,$0,$0,$0,$0,$0,$-11,$23,$0,$23,$0,$-59,$-1,$-1,$-38,$4,$2,$-1
24,2012-09-30,5.85,$2.27,2.58,$10.35,0.56,$1.63,3.59,$-0.66,0.0,$0.02B,$0.06B,0.43,$0.07B,$0.08B,0.89,$0.38B,$0.08B,20.63%,$0.38B,$0.03B,6.61%,$0.38B,$0.03B,6.61%,$0.38B,$0.04B,10.58%,$0.38B,$0.02B,5.56%,$0.38B,$-0.02B,-5.56%,$-0.02B,$0.08B,-25.85%,$-0.02B,$0.01B,-221.05%,$-0.02B,$0.23B,-8.99%,$0.03B,$0.15B,17.73%,$84,$71,$14,$0,$8,$82,$2,$-1,$1,$0,$1,$1,$1,$5,$2,$34,35,$0.02,$0.02,$4,$7,$0,$24,$97,$0,$71,$3,$207,$231,$56,$69,$5,$98,$153,$0,$-89,$0,$78,$231,$13,$11,$5,$16,$4,$0,$0,$-8,$-6,$23,$-9,$0,$0,$0,$0,$0,$0,$-9,$47,$0,$47,$0,$-59,$-1,$-1,$-14,$-0,$2,$-1
25,2012-06-30,6.04,$2.23,2.71,$9.80,0.62,$1.48,4.08,$-0.68,0.0,$0.02B,$0.06B,0.44,$0.07B,$0.08B,0.93,$0.37B,$0.08B,20.59%,$0.37B,$0.03B,6.68%,$0.37B,$0.03B,6.68%,$0.37B,$0.04B,10.70%,$0.37B,$0.02B,5.61%,$0.37B,$-0.02B,-5.88%,$-0.02B,$0.08B,-25.58%,$-0.02B,$0.01B,-166.04%,$-0.02B,$0.23B,-9.35%,$0.03B,$0.15B,18.08%,$97,$76,$21,$0,$9,$88,$9,$-1,$8,$2,$6,$6,$6,$13,$9,$34,35,$0.17,$0.17,$4,$7,$0,$24,$96,$0,$71,$3,$207,$230,$55,$71,$5,$99,$154,$0,$-90,$0,$77,$230,$12,$7,$5,$12,$4,$0,$0,$-7,$-7,$17,$-5,$0,$0,$0,$0,$0,$0,$-5,$49,$0,$49,$0,$-60,$-1,$-0,$-12,$1,$1,$-1
26,2012-03-31,6.94,$2.04,3.4,$9.17,0.76,$1.36,5.1,$-0.65,0.0,$0.02B,$0.06B,0.41,$0.08B,$0.07B,1.1,$0.37B,$0.08B,20.60%,$0.37B,$0.02B,6.50%,$0.37B,$0.02B,6.50%,$0.37B,$0.04B,10.57%,$0.37B,$0.02B,5.42%,$0.37B,$-0.02B,-5.69%,$-0.02B,$0.07B,-23.14%,$-0.02B,$-0.00B,-120.00%,$-0.02B,$0.23B,-8.82%,$0.02B,$0.15B,17.74%,$100,$78,$22,$0,$9,$90,$10,$-1,$9,$3,$6,$6,$-30,$14,$10,$34,34,$-0.89,$-0.89,$3,$8,$0,$24,$97,$0,$71,$3,$209,$233,$58,$77,$5,$105,$163,$0,$-96,$0,$70,$233,$6,$4,$3,$7,$3,$-0,$0,$-3,$-5,$8,$-2,$0,$0,$0,$0,$0,$0,$-2,$55,$0,$55,$0,$-60,$-1,$-1,$-6,$-1,$0,$-1
27,2011-12-31,4.55,$2.92,1.56,$8.50,0.54,$1.30,3.51,$0.38,11.97,$0.03B,$0.07B,0.41,$0.02B,$0.10B,0.22,$0.37B,$0.08B,20.71%,$0.37B,$0.02B,6.54%,$0.37B,$0.02B,6.54%,$0.37B,$0.04B,10.63%,$0.37B,$0.02B,5.45%,$0.37B,$0.01B,3.81%,$0.01B,$0.10B,14.74%,$0.01B,$0.03B,66.67%,$0.01B,$0.24B,5.85%,$0.02B,$0.12B,18.25%,$97,$76,$21,$0,$10,$94,$4,$-1,$3,$1,$3,$3,$2,$8,$4,$34,43,$0.04,$0.05,$4,$7,$0,$27,$99,$0,$71,$4,$213,$240,$66,$22,$5,$74,$141,$0,$-101,$0,$100,$240,$20,$15,$4,$19,$-1,$0,$0,$0,$1,$39,$-9,$0,$0,$0,$0,$0,$0,$-9,$-29,$0,$-29,$0,$0,$-3,$-0,$-31,$-1,$3,$-3
28,2011-09-30,3.93,$2.84,1.38,$8.52,0.46,$1.44,2.72,$0.43,9.13,$0.02B,$0.05B,0.43,$0.04B,$0.10B,0.41,$0.36B,$0.08B,20.78%,$0.36B,$0.03B,7.20%,$0.36B,$0.03B,7.20%,$0.36B,$0.04B,11.36%,$0.36B,$0.02B,6.09%,$0.36B,$0.02B,4.43%,$0.02B,$0.10B,17.78%,$0.02B,$0.02B,104.92%,$0.02B,$0.24B,6.62%,$0.03B,$0.14B,19.44%,$80,$67,$13,$0,$7,$79,$2,$-1,$1,$0,$1,$1,$0,$5,$2,$34,43,$0.00,$0.00,$3,$7,$0,$21,$100,$0,$75,$4,$217,$238,$49,$39,$5,$92,$141,$0,$-103,$0,$97,$238,$17,$11,$1,$12,$3,$1,$0,$-8,$-12,$17,$-6,$0,$0,$0,$0,$0,$0,$-6,$-12,$0,$-12,$0,$0,$-2,$0,$-13,$-2,$2,$-2
29,2011-06-30,5.13,$2.82,1.82,$8.98,0.57,$1.65,3.11,$0.42,12.22,$0.02B,$0.05B,0.43,$0.04B,$0.10B,0.42,$0.36B,$0.08B,21.11%,$0.36B,$0.03B,7.22%,$0.36B,$0.03B,7.22%,$0.36B,$0.04B,11.67%,$0.36B,$0.02B,6.11%,$0.36B,$0.02B,4.44%,$0.02B,$0.10B,18.88%,$0.02B,$0.02B,164.10%,$0.02B,$0.24B,6.56%,$0.03B,$0.14B,19.19%,$92,$72,$20,$0,$9,$84,$8,$-1,$7,$-2,$9,$9,$7,$12,$8,$34,43,$0.20,$0.20,$3,$7,$0,$22,$101,$0,$75,$4,$218,$241,$52,$40,$6,$92,$144,$0,$-103,$0,$96,$241,$16,$8,$-0,$7,$3,$1,$0,$-8,$-9,$14,$-4,$0,$0,$0,$0,$0,$0,$-4,$-11,$0,$-11,$0,$0,$-1,$0,$-12,$-2,$1,$-1
30,2011-03-31,4.72,$2.56,1.84,$8.89,0.53,$1.72,2.74,$0.31,15.23,$0.02B,$0.06B,0.4,$0.05B,$0.09B,0.52,$0.36B,$0.08B,21.35%,$0.36B,$0.03B,7.30%,$0.36B,$0.03B,7.30%,$0.36B,$0.04B,11.80%,$0.36B,$0.02B,6.18%,$0.36B,$0.01B,3.65%,$0.01B,$0.09B,16.30%,$0.01B,$0.01B,305.88%,$0.01B,$0.24B,5.27%,$0.03B,$0.13B,18.87%,$98,$75,$22,$0,$9,$87,$10,$-1,$9,$3,$7,$7,$5,$14,$10,$34,43,$0.15,$0.14,$3,$7,$0,$22,$103,$0,$75,$4,$217,$239,$56,$45,$6,$96,$152,$0,$-112,$0,$87,$239,$7,$4,$2,$6,$3,$0,$0,$-6,$-6,$6,$-2,$0,$0,$0,$0,$0,$0,$-2,$-6,$0,$-6,$0,$0,$-1,$0,$-7,$-2,$1,$-1
31,2010-12-31,4.24,$2.36,1.79,$9.54,0.44,$1.90,2.23,$0.37,11.45,$0.03B,$0.07B,0.42,$0.05B,$0.08B,0.64,$0.35B,$0.08B,21.25%,$0.35B,$0.03B,7.37%,$0.35B,$0.03B,7.37%,$0.35B,$0.04B,11.90%,$0.35B,$0.02B,5.95%,$0.35B,$0.01B,3.97%,$0.01B,$0.08B,18.42%,$0.01B,$0.01B,5600.00%,$0.01B,$0.25B,5.59%,$0.03B,$0.13B,18.41%,$91,$71,$20,$0,$10,$85,$6,$-1,$5,$1,$4,$4,$4,$10,$6,$33,40,$0.06,$0.06,$5,$8,$0,$28,$105,$0,$75,$4,$222,$249,$66,$51,$6,$103,$169,$0,$-118,$0,$80,$249,$16,$16,$3,$18,$-2,$-0,$0,$3,$6,$40,$-6,$0,$0,$0,$0,$0,$0,$-6,$-75,$0,$-75,$26,$51,$-2,$-5,$-31,$3,$2,$-2
32,2010-09-30,3.67,$2.23,1.64,$10.75,0.34,$2.52,1.46,$0.17,21.58,$0.02B,$0.05B,0.43,$0.07B,$0.08B,0.88,$0.35B,$0.07B,21.45%,$0.35B,$0.02B,4.93%,$0.35B,$0.02B,4.93%,$0.35B,$0.03B,9.57%,$0.35B,$0.01B,3.19%,$0.35B,$0.01B,2.03%,$0.01B,$0.08B,10.53%,$0.01B,$0.00B,-73.68%,$0.01B,$0.25B,2.78%,$0.02B,$0.14B,11.31%,$79,$65,$14,$0,$8,$77,$2,$-1,$1,$0,$0,$0,$-0,$6,$2,$34,34,$-0.01,$-0.01,$3,$7,$0,$22,$107,$0,$76,$5,$225,$247,$52,$67,$6,$119,$171,$0,$-122,$0,$76,$247,$11,$12,$1,$13,$1,$1,$0,$-8,$-4,$20,$-4,$0,$0,$0,$0,$0,$0,$-4,$-59,$0,$-59,$25,$50,$-1,$-5,$-14,$1,$2,$-1
33,2010-06-30,3.82,$2.23,1.72,$11.67,0.33,$2.60,1.47,$0.14,27.32,$0.02B,$0.06B,0.44,$0.07B,$0.08B,0.91,$0.34B,$0.07B,21.35%,$0.34B,$0.02B,4.68%,$0.34B,$0.02B,4.68%,$0.34B,$0.03B,9.36%,$0.34B,$0.01B,2.63%,$0.34B,$0.01B,1.75%,$0.01B,$0.08B,10.26%,$0.01B,$0.00B,-30.77%,$0.01B,$0.25B,2.32%,$0.02B,$0.15B,9.85%,$88,$69,$20,$0,$8,$80,$8,$-1,$7,$2,$5,$5,$4,$12,$8,$34,43,$0.09,$0.09,$4,$7,$0,$24,$109,$0,$76,$5,$227,$251,$55,$69,$6,$121,$176,$0,$-122,$0,$76,$251,$11,$8,$-0,$8,$2,$1,$0,$-10,$-3,$16,$-2,$0,$0,$0,$0,$0,$0,$-2,$-57,$0,$-57,$25,$50,$-0,$-5,$-12,$2,$1,$-0
34,2010-03-31,4.85,$2.12,2.29,$13.26,0.37,$2.70,1.8,$0.15,32.33,$0.02B,$0.06B,0.42,$0.07B,$0.07B,1.03,$0.34B,$0.07B,21.18%,$0.34B,$0.01B,3.82%,$0.34B,$0.01B,3.82%,$0.34B,$0.03B,8.53%,$0.34B,$0.01B,1.47%,$0.34B,$0.00B,1.18%,$0.00B,$0.07B,7.92%,$0.00B,$-0.00B,-13.68%,$0.00B,$0.25B,1.51%,$0.01B,$0.15B,7.44%,$95,$74,$21,$0,$8,$85,$10,$-1,$8,$1,$7,$7,$6,$14,$10,$28,33,$0.20,$0.20,$4,$7,$0,$24,$111,$0,$76,$5,$230,$254,$58,$74,$6,$124,$183,$0,$-126,$0,$72,$254,$7,$4,$-0,$4,$2,$0,$0,$-7,$-1,$10,$-1,$0,$0,$0,$0,$0,$0,$-1,$-52,$0,$-52,$25,$50,$0,$-5,$-6,$3,$0,$0
35,2009-12-31,1.91,$1.77,1.08,$14.37,0.13,$2.64,0.73,$0.11,17.39,$0.02B,$0.06B,0.37,$0.13B,$0.04B,3.01,$0.34B,$0.07B,20.88%,$0.34B,$0.01B,2.94%,$0.34B,$0.01B,2.94%,$0.34B,$0.03B,7.65%,$0.34B,$0.00B,0.59%,$0.34B,$0.00B,0.59%,$0.00B,$0.04B,4.68%,$0.00B,$-0.03B,-5.16%,$0.00B,$0.25B,0.73%,$0.01B,$0.17B,5.32%,$83,$64,$19,$0,$10,$86,$-3,$-2,$-5,$-3,$-2,$-2,$-3,$1,$-3,$24,24,$-0.12,$-0.12,$2,$7,$0,$22,$114,$0,$76,$4,$232,$254,$60,$126,$6,$153,$213,$0,$-132,$0,$42,$254,$2,$17,$11,$27,$3,$1,$0,$-1,$-1,$28,$6,$0,$0,$0,$0,$0,$0,$6,$-35,$0,$-35,$0,$0,$0,$-2,$-37,$-2,$2,$0
36,2009-09-30,3.86,$1.86,2.07,$14.68,0.26,$1.39,2.78,$-2.38,0.0,$0.03B,$0.05B,0.61,$0.15B,$0.04B,3.38,$0.35B,$0.07B,20.00%,$0.35B,$-0.07B,-20.00%,$0.35B,$-0.07B,-20.00%,$0.35B,$-0.05B,-15.07%,$0.35B,$-0.08B,-22.61%,$0.35B,$-0.06B,-16.23%,$-0.06B,$0.04B,-134.94%,$-0.06B,$-0.04B,133.33%,$-0.06B,$0.27B,-19.77%,$-0.07B,$0.19B,-35.29%,$76,$63,$13,$0,$7,$75,$1,$-2,$-1,$-0,$-1,$-1,$-1,$5,$1,$24,24,$-0.04,$-0.04,$3,$7,$11,$33,$118,$0,$84,$4,$241,$274,$54,$149,$7,$176,$230,$0,$-129,$0,$44,$274,$5,$13,$4,$17,$5,$2,$0,$-9,$-6,$15,$-2,$0,$0,$0,$0,$0,$0,$-2,$-12,$0,$-12,$0,$0,$0,$-2,$-14,$-1,$2,$0
37,2009-06-30,3.36,$1.88,1.79,$15.70,0.21,$0.69,4.88,$-2.36,0.0,$0.03B,$0.06B,0.58,$0.15B,$0.04B,3.38,$0.37B,$0.07B,20.11%,$0.37B,$-0.07B,-18.48%,$0.37B,$-0.07B,-18.48%,$0.37B,$-0.05B,-13.86%,$0.37B,$-0.08B,-21.20%,$0.37B,$-0.06B,-15.22%,$-0.06B,$0.04B,-102.28%,$-0.06B,$-0.04B,136.59%,$-0.06B,$0.28B,-18.54%,$-0.07B,$0.19B,-31.85%,$86,$67,$19,$0,$10,$82,$5,$-2,$3,$0,$3,$3,$2,$9,$5,$24,24,$0.10,$0.10,$1,$7,$11,$32,$122,$0,$84,$4,$246,$277,$55,$150,$7,$178,$233,$0,$-128,$0,$44,$277,$6,$8,$3,$11,$5,$2,$0,$-10,$-5,$12,$-2,$0,$0,$0,$0,$0,$0,$-2,$-10,$0,$-10,$0,$0,$0,$-2,$-13,$-3,$1,$0
38,2009-03-31,1.11,$1.76,0.63,$16.65,0.07,$0.33,3.36,$-2.35,0.0,$0.04B,$0.06B,0.64,$0.16B,$0.04B,3.79,$0.39B,$0.08B,20.51%,$0.39B,$-0.07B,-17.44%,$0.39B,$-0.07B,-17.44%,$0.39B,$-0.05B,-13.08%,$0.39B,$-0.08B,-19.74%,$0.39B,$-0.06B,-14.10%,$-0.06B,$0.04B,-80.88%,$-0.06B,$-0.04B,136.65%,$-0.06B,$0.29B,-17.05%,$-0.07B,$0.20B,-29.03%,$95,$75,$20,$0,$8,$88,$7,$-2,$5,$1,$4,$4,$4,$11,$7,$23,24,$0.16,$0.16,$4,$7,$11,$39,$126,$0,$84,$4,$250,$288,$61,$157,$7,$186,$247,$0,$-131,$0,$41,$288,$4,$4,$1,$5,$2,$1,$0,$-5,$-2,$6,$-1,$0,$0,$0,$0,$0,$0,$-1,$-3,$0,$-3,$0,$0,$0,$-2,$-5,$-0,$1,$0
39,2008-12-31,1.26,$1.58,0.8,$16.85,0.07,$0.27,4.69,$-2.32,0.0,$0.04B,$0.07B,0.62,$0.16B,$0.04B,4.32,$0.39B,$0.08B,21.07%,$0.39B,$-0.07B,-16.75%,$0.39B,$-0.07B,-16.75%,$0.39B,$-0.05B,-12.44%,$0.39B,$-0.08B,-19.29%,$0.39B,$-0.05B,-13.71%,$-0.05B,$0.04B,-66.67%,$-0.05B,$-0.05B,135.00%,$-0.05B,$0.29B,-15.93%,$-0.07B,$0.20B,-26.14%,$88,$71,$17,$0,$8,$171,$-82,$-3,$-85,$-30,$-56,$-56,$-61,$-77,$-82,$23,23,$-2.61,$-2.60,$4,$9,$11,$42,$130,$0,$84,$3,$252,$294,$67,$160,$8,$189,$256,$0,$-134,$0,$37,$294,$-54,$17,$64,$81,$-2,$1,$0,$7,$10,$37,$-32,$0,$-93,$0,$0,$0,$17,$-108,$64,$0,$64,$0,$0,$0,$-1,$62,$-8,$3,$0
40,2008-09-30,3.6,$4.18,0.86,$16.42,0.22,$-0.27,0.0,$0.46,7.82,$0.03B,$0.06B,0.53,$0.17B,$0.10B,1.71,$0.39B,$0.09B,22.86%,$0.39B,$0.03B,6.49%,$0.39B,$0.03B,6.49%,$0.39B,$0.04B,10.39%,$0.39B,$0.02B,4.16%,$0.39B,$0.01B,2.86%,$0.01B,$0.10B,11.73%,$0.01B,$-0.04B,-41.90%,$0.01B,$0.35B,3.33%,$0.03B,$0.26B,10.02%,$99,$81,$18,$0,$10,$97,$2,$-2,$-1,$-0,$-0,$-0,$-1,$6,$2,$23,23,$-0.02,$-0.02,$2,$9,$0,$30,$177,$0,$133,$3,$319,$349,$56,$167,$8,$196,$252,$0,$-74,$0,$97,$349,$7,$13,$2,$14,$-3,$1,$0,$-3,$4,$25,$-29,$0,$-93,$0,$0,$0,$17,$-105,$70,$0,$70,$0,$0,$0,$-1,$69,$-11,$2,$0
41,2008-06-30,4.74,$3.98,1.19,$15.18,0.31,$-0.84,0.0,$0.56,8.46,$0.03B,$0.06B,0.49,$0.18B,$0.10B,1.85,$0.36B,$0.09B,23.88%,$0.36B,$0.03B,7.58%,$0.36B,$0.03B,7.58%,$0.36B,$0.04B,11.52%,$0.36B,$0.02B,5.62%,$0.36B,$0.01B,3.93%,$0.01B,$0.10B,15.51%,$0.01B,$-0.04B,-87.50%,$0.01B,$0.36B,4.61%,$0.03B,$0.28B,11.83%,$108,$83,$25,$0,$15,$103,$5,$-1,$4,$1,$3,$3,$3,$9,$5,$23,23,$0.12,$0.12,$3,$9,$0,$29,$188,$0,$133,$3,$330,$359,$60,$180,$4,$202,$262,$0,$-73,$0,$97,$359,$7,$8,$2,$9,$-1,$1,$0,$-5,$6,$23,$-22,$0,$-93,$0,$0,$0,$0,$-115,$83,$0,$83,$0,$0,$0,$-1,$82,$-10,$2,$0
42,2008-03-31,6.32,$3.83,1.65,$13.94,0.45,$-1.35,0.0,$0.68,9.3,$0.03B,$0.06B,0.51,$0.18B,$0.09B,1.92,$0.33B,$0.08B,24.85%,$0.33B,$0.03B,9.51%,$0.33B,$0.03B,9.51%,$0.33B,$0.04B,13.50%,$0.33B,$0.02B,7.36%,$0.33B,$0.02B,4.91%,$0.02B,$0.09B,18.55%,$0.02B,$-0.04B,-457.14%,$0.02B,$0.35B,5.97%,$0.03B,$0.27B,15.64%,$99,$76,$23,$0,$10,$89,$9,$-3,$6,$2,$5,$5,$5,$13,$9,$23,23,$0.20,$0.19,$4,$9,$0,$30,$181,$0,$134,$3,$323,$354,$59,$179,$5,$201,$261,$0,$-76,$0,$93,$354,$5,$4,$0,$4,$-1,$1,$0,$-2,$6,$14,$-10,$0,$-93,$0,$0,$0,$0,$-103,$82,$0,$82,$0,$0,$0,$-1,$81,$-8,$0,$0
43,2007-12-31,8.18,$3.79,2.16,$13.20,0.62,$-1.98,0.0,$0.78,10.49,$0.04B,$0.06B,0.63,$0.10B,$0.09B,1.1,$0.31B,$0.08B,25.97%,$0.31B,$0.03B,10.71%,$0.31B,$0.03B,10.71%,$0.31B,$0.05B,14.61%,$0.31B,$0.03B,9.09%,$0.31B,$0.02B,5.84%,$0.02B,$0.09B,22.02%,$0.02B,$0.01B,205.71%,$0.02B,$0.26B,7.72%,$0.03B,$0.19B,19.50%,$79,$57,$22,$0,$9,$70,$9,$-2,$7,$2,$5,$5,$4,$12,$9,$23,23,$0.18,$0.18,$12,$9,$0,$36,$136,$0,$80,$2,$224,$260,$58,$97,$1,$114,$172,$0,$-81,$0,$88,$260,$18,$12,$6,$18,$-1,$-2,$0,$5,$-1,$35,$-42,$0,$-14,$0,$0,$0,$0,$-56,$29,$0,$29,$0,$0,$0,$0,$29,$8,$2,$0
44,2007-09-30,13.04,$3.60,3.63,$13.59,0.96,$-1.70,0.0,$1.06,12.3,$0.02B,$0.05B,0.51,$0.10B,$0.08B,1.14,$0.32B,$0.09B,26.81%,$0.32B,$0.04B,12.62%,$0.32B,$0.04B,12.62%,$0.32B,$0.05B,16.09%,$0.32B,$0.04B,11.36%,$0.32B,$0.03B,7.89%,$0.03B,$0.08B,32.57%,$0.03B,$0.01B,357.14%,$0.03B,$0.24B,11.33%,$0.04B,$0.18B,25.48%,$70,$55,$15,$0,$7,$66,$4,$-1,$3,$1,$2,$2,$2,$7,$4,$23,23,$0.08,$0.08,$1,$7,$0,$24,$129,$0,$78,$3,$219,$243,$48,$95,$1,$112,$159,$0,$-85,$0,$83,$243,$14,$9,$3,$12,$-1,$-0,$0,$-4,$-11,$14,$-31,$0,$-14,$0,$0,$0,$0,$-45,$27,$0,$27,$0,$0,$0,$0,$27,$-3,$1,$0
45,2007-06-30,15.55,$3.50,4.44,$13.07,1.19,$-1.01,0.0,$1.08,14.39,$0.02B,$0.04B,0.49,$0.08B,$0.08B,0.93,$0.31B,$0.08B,27.21%,$0.31B,$0.04B,13.11%,$0.31B,$0.04B,13.11%,$0.31B,$0.05B,16.39%,$0.31B,$0.04B,11.80%,$0.31B,$0.03B,8.20%,$0.03B,$0.08B,35.59%,$0.03B,$0.01B,384.62%,$0.03B,$0.22B,12.22%,$0.04B,$0.16B,28.17%,$78,$58,$21,$0,$8,$69,$9,$-1,$8,$3,$5,$5,$5,$12,$9,$23,23,$0.23,$0.23,$2,$6,$0,$21,$116,$0,$67,$3,$194,$215,$42,$76,$0,$92,$134,$0,$-87,$0,$81,$215,$12,$6,$2,$8,$1,$0,$0,$-3,$-11,$9,$-20,$0,$0,$0,$0,$0,$0,$-20,$8,$0,$8,$0,$0,$0,$0,$8,$-3,$1,$0
46,2007-03-31,18.63,$3.25,5.74,$12.30,1.51,$0.16,112.97,$1.06,17.58,$0.03B,$0.04B,0.59,$0.08B,$0.08B,1.07,$0.29B,$0.08B,27.43%,$0.29B,$0.04B,13.54%,$0.29B,$0.04B,13.54%,$0.29B,$0.05B,16.67%,$0.29B,$0.04B,12.15%,$0.29B,$0.03B,8.68%,$0.03B,$0.08B,39.68%,$0.03B,$0.01B,303.03%,$0.03B,$0.22B,13.64%,$0.04B,$0.16B,31.77%,$81,$60,$22,$0,$9,$71,$11,$-1,$10,$3,$7,$7,$7,$14,$11,$23,23,$0.29,$0.29,$6,$6,$0,$26,$110,$0,$67,$2,$189,$215,$44,$81,$0,$96,$140,$0,$-92,$0,$75,$215,$7,$3,$1,$4,$1,$0,$0,$-0,$-7,$3,$-14,$0,$0,$0,$0,$0,$0,$-14,$13,$0,$13,$0,$0,$0,$0,$13,$2,$0,$0
47,2006-12-31,16.73,$2.93,5.72,$11.57,1.45,$0.81,20.55,$0.83,20.15,$0.03B,$0.06B,0.44,$0.07B,$0.07B,1.0,$0.27B,$0.08B,27.57%,$0.27B,$0.04B,13.60%,$0.27B,$0.04B,13.60%,$0.27B,$0.05B,16.54%,$0.27B,$0.03B,12.50%,$0.27B,$0.02B,8.82%,$0.02B,$0.07B,42.86%,$0.02B,$0.00B,234.15%,$0.02B,$0.21B,14.79%,$0.04B,$0.14B,35.66%,$88,$61,$27,$0,$10,$72,$16,$-1,$15,$4,$11,$11,$11,$18,$16,$23,23,$0.46,$0.46,$5,$6,$0,$26,$105,$0,$67,$2,$183,$210,$59,$68,$0,$82,$142,$0,$-99,$0,$68,$210,$24,$9,$1,$10,$-2,$-2,$0,$8,$14,$48,$-49,$0,$-39,$0,$0,$0,$3,$-84,$30,$0,$30,$0,$0,$0,$3,$32,$-4,$1,$0
