,Date,Stock Price,Book Value per Share,Price to Book Ratio,TTM Sales per Share,Price to Sales Ratio,TTM FCF per Share,Price to FCF Ratio,TTM Net EPS,PE Ratio,Current Assets,Current Liabilities,Current Ratio,Long Term Debt,Shareholder's Equity_x,Debt to Equity Ratio,TTM Revenue_x,TTM Gross Profit,Gross Margin,TTM Revenue_y,TTM Operating Income,Operating Margin,TTM Revenue_x,TTM EBIT,EBIT Margin,TTM Revenue_y,TTM EBITDA,EBITDA Margin,TTM Revenue_x,TTM Pre-Tax Income,Pre-Tax Margin,TTM Revenue_y,TTM Net Income_x,Net Margin,TTM Net Income_y,Shareholder's Equity_y,Return on Equity,TTM Net Income_x,Tangible Equity,Return on Tangible Equity,TTM Net Income_y,Total Assets,Return on Assets,TTM Net Income,LT Investments & Debt,Return on Investment,revenue,cost-goods-sold,gross-profit,research-development-expenses,selling-general-administrative-expenses,operating-expenses,operating-income,total-non-operating-income-expense,pre-tax-income,total-provision-income-taxes,income-after-taxes,income-from-continuous-operations,net-income,ebitda,ebit,basic-shares-outstanding,shares-outstanding,eps-basic-net-earnings-per-share,eps-earnings-per-share-diluted,cash-on-hand,inventory,other-current-assets,total-current-assets,net-property-plant-equipment,long-term-investments,goodwill-intangible-assets-total,other-long-term-assets,total-long-term-assets,total-assets,total-current-liabilities,long-term-debt,other-non-current-liabilities,total-long-term-liabilities,total-liabilities,common-stock-net,retained-earnings-accumulated-deficit,comprehensive-income,total-share-holder-equity,total-liabilities-share-holders-equity,net-income-loss,total-depreciation-amortization-cash-flow,other-non-cash-items,total-non-cash-items,change-in-accounts-receivable,change-in-inventories,change-in-accounts-payable,change-in-assets-liabilities,total-change-in-assets-liabilities,cash-flow-from-operating-activities,net-change-in-property-plant-equipment,net-change-in-intangible-assets,net-acquisitions-divestitures,net-change-in-short-term-investments,net-change-in-long-term-investments,net-change-in-investments-total,investing-activities-other,cash-flow-from-investing-activities,net-long-term-debt,net-current-debt,debt-issuance-retirement-net-total,net-common-equity-issued-repurchased,net-total-equity-issued-repurchased,total-common-preferred-stock-dividends-paid,financial-activities-other,cash-flow-from-financial-activities,net-cash-flow,stock-based-compensation,common-stock-dividends-paid
0,2018-06-30,4.03,$3.38,1.19,$6.94,0.58,$-1.68,0.0,$-2.49,0.0,$0.08B,$0.03B,2.38,$0.06B,$0.08B,0.81,$0.15B,$0.04B,27.03%,$0.15B,$-0.05B,-32.43%,$0.15B,$-0.05B,-32.43%,$0.15B,$-0.02B,-13.51%,$0.15B,$-0.05B,-35.81%,$0.15B,$-0.05B,-35.81%,$-0.05B,$0.08B,-60.40%,$-0.05B,$-0.01B,731.03%,$-0.05B,$0.17B,-29.32%,$-0.05B,$0.14B,-33.92%,$36,$25,$12,$1,$12,$38,$-1,$-1,$-2,$0,$-2,$-2,$-2,$0,$-1,$22,22,$-0.10,$-0.10,$0,$27,$0,$78,$2,$0,$89,$1,$92,$170,$33,$61,$0,$61,$94,$0,$-133,$0,$76,$170,$-4,$3,$1,$4,$-1,$-1,$0,$-2,$-11,$-11,$-1,$0,$-0,$0,$0,$0,$0,$-2,$9,$-0,$9,$4,$4,$0,$0,$12,$-0,$1,$0
1,2018-03-31,3.43,$3.47,0.99,$7.39,0.46,$-1.55,0.0,$-2.42,0.0,$0.08B,$0.04B,2.0,$0.05B,$0.08B,0.67,$0.16B,$0.04B,27.10%,$0.16B,$-0.05B,-30.32%,$0.16B,$-0.05B,-30.32%,$0.16B,$-0.02B,-11.61%,$0.16B,$-0.05B,-33.55%,$0.16B,$-0.05B,-33.55%,$-0.05B,$0.08B,-52.39%,$-0.05B,$-0.01B,2600.00%,$-0.05B,$0.17B,-27.08%,$-0.05B,$0.13B,-31.18%,$34,$22,$11,$1,$12,$35,$-1,$-1,$-2,$0,$-2,$-2,$-2,$0,$-1,$22,22,$-0.10,$-0.10,$1,$27,$0,$75,$2,$0,$89,$1,$92,$168,$38,$52,$0,$52,$90,$0,$-131,$0,$78,$168,$-2,$1,$1,$2,$5,$-1,$0,$-2,$-4,$-4,$-0,$0,$0,$0,$0,$0,$0,$-0,$2,$0,$2,$4,$4,$0,$0,$5,$0,$1,$0
2,2017-12-31,3.29,$3.55,0.93,$7.32,0.45,$-1.55,0.0,$-2.56,0.0,$0.08B,$0.04B,1.79,$0.05B,$0.08B,0.67,$0.15B,$0.04B,26.97%,$0.15B,$-0.05B,-32.89%,$0.15B,$-0.05B,-32.89%,$0.15B,$-0.02B,-13.16%,$0.15B,$-0.06B,-36.18%,$0.15B,$-0.06B,-36.18%,$-0.06B,$0.08B,-50.00%,$-0.06B,$-0.01B,-2200.00%,$-0.06B,$0.17B,-27.09%,$-0.05B,$0.13B,-31.25%,$35,$32,$3,$2,$17,$80,$-44,$-1,$-46,$0,$-46,$-46,$-46,$-21,$-44,$21,21,$-2.20,$-2.20,$1,$26,$0,$78,$2,$0,$90,$1,$93,$170,$43,$51,$0,$51,$94,$0,$-129,$0,$76,$170,$-54,$29,$18,$47,$18,$-7,$0,$-5,$-0,$-7,$-1,$0,$-1,$0,$0,$0,$0,$-2,$9,$0,$9,$0,$0,$0,$0,$9,$0,$3,$0
3,2017-09-30,6.5,$5.69,1.14,$8.32,0.78,$-1.51,0.0,$-0.31,0.0,$0.10B,$0.04B,2.41,$0.05B,$0.12B,0.43,$0.17B,$0.06B,33.33%,$0.17B,$-0.00B,-2.38%,$0.17B,$-0.00B,-2.38%,$0.17B,$0.01B,2.98%,$0.17B,$-0.01B,-4.17%,$0.17B,$-0.01B,-4.17%,$-0.01B,$0.12B,-5.71%,$-0.01B,$0.01B,-82.35%,$-0.01B,$0.22B,-3.26%,$-0.00B,$0.17B,-2.35%,$43,$29,$14,$1,$14,$45,$-2,$-1,$-3,$0,$-3,$-3,$-3,$1,$-2,$21,21,$-0.12,$-0.12,$1,$34,$12,$100,$2,$0,$112,$1,$115,$215,$42,$52,$0,$52,$94,$0,$-83,$0,$121,$215,$-8,$6,$1,$6,$10,$-7,$0,$-5,$-8,$-10,$-1,$0,$-0,$0,$0,$0,$0,$-1,$11,$0,$11,$0,$0,$0,$0,$11,$0,$2,$0
4,2017-06-30,6.59,$5.79,1.14,$8.64,0.76,$-1.21,0.0,$-0.11,0.0,$0.10B,$0.04B,2.42,$0.05B,$0.12B,0.42,$0.18B,$0.06B,33.14%,$0.18B,0,0.00%,$0.18B,0,0.00%,$0.18B,$0.01B,4.57%,$0.18B,$-0.00B,-1.14%,$0.18B,$-0.00B,-1.14%,$-0.00B,$0.12B,-1.62%,$-0.00B,$0.01B,-25.00%,$-0.00B,$0.22B,-0.94%,$0.00B,$0.17B,0.00%,$43,$29,$14,$1,$14,$43,$0,$-1,$-1,$0,$-1,$-1,$-1,$2,$0,$21,21,$-0.03,$-0.03,$0,$31,$10,$98,$2,$0,$113,$1,$116,$215,$41,$52,$0,$52,$93,$0,$-81,$0,$122,$215,$-6,$4,$-0,$4,$7,$-5,$0,$-2,$-6,$-8,$-1,$0,$-0,$0,$0,$0,$0,$-1,$20,$-10,$10,$0,$0,$0,$-1,$9,$-0,$2,$0
5,2017-03-31,7.48,$5.80,1.29,$8.84,0.85,$-0.83,0.0,$-0.14,0.0,$0.10B,$0.05B,2.11,$0.05B,$0.12B,0.37,$0.18B,$0.06B,32.57%,$0.18B,$-0.00B,-0.57%,$0.18B,$-0.00B,-0.57%,$0.18B,$0.01B,4.00%,$0.18B,$-0.00B,-1.14%,$0.18B,$-0.00B,-1.14%,$-0.00B,$0.12B,-1.63%,$-0.00B,$0.01B,-27.59%,$-0.00B,$0.21B,-0.95%,$-0.00B,$0.17B,-0.63%,$31,$20,$10,$0,$14,$35,$-4,$-1,$-5,$0,$-5,$-5,$-5,$-2,$-4,$21,21,$-0.24,$-0.24,$1,$30,$9,$95,$2,$0,$114,$1,$117,$212,$45,$45,$0,$46,$91,$0,$-80,$0,$121,$212,$-5,$2,$0,$2,$9,$-4,$0,$-2,$-2,$-4,$-0,$0,$0,$0,$0,$0,$0,$-0,$15,$-10,$5,$0,$0,$0,$0,$5,$0,$1,$0
6,2016-12-31,5.5,$6.02,0.91,$9.06,0.61,$-0.61,0.0,$-0.06,0.0,$0.10B,$0.05B,2.07,$0.04B,$0.13B,0.32,$0.17B,$0.06B,32.56%,$0.17B,$0.00B,0.58%,$0.17B,$0.00B,0.58%,$0.17B,$0.01B,4.65%,$0.17B,0,0.00%,$0.17B,0,0.00%,$0.00B,$0.13B,0.00%,$0.00B,$0.01B,0.00%,$0.00B,$0.22B,0.00%,$0.00B,$0.17B,0.67%,$51,$34,$18,$0,$15,$49,$2,$-1,$2,$0,$2,$2,$2,$4,$2,$19,19,$0.11,$0.11,$1,$27,$8,$99,$1,$0,$116,$1,$118,$217,$48,$41,$3,$44,$92,$0,$-75,$0,$126,$217,$-1,$6,$1,$7,$-17,$-4,$0,$-5,$-13,$-6,$-1,$0,$-12,$0,$0,$0,$0,$-13,$4,$0,$4,$16,$16,$0,$0,$20,$1,$2,$0
7,2016-09-30,6.31,$5.93,1.06,$9.34,0.68,$-1.40,0.0,$-0.13,0.0,$0.09B,$0.05B,1.83,$0.03B,$0.12B,0.25,$0.17B,$0.05B,32.12%,$0.17B,$0.00B,0.61%,$0.17B,$0.00B,0.61%,$0.17B,$0.01B,4.24%,$0.17B,$-0.00B,-0.61%,$0.17B,$-0.00B,-0.61%,$-0.00B,$0.12B,-0.89%,$-0.00B,$0.01B,-57.14%,$-0.00B,$0.21B,-0.52%,$0.00B,$0.16B,0.71%,$50,$34,$16,$1,$13,$48,$2,$-1,$2,$0,$2,$2,$2,$4,$2,$20,21,$0.08,$0.08,$4,$24,$6,$90,$1,$0,$116,$0,$118,$208,$49,$31,$4,$35,$85,$0,$-77,$0,$124,$208,$-2,$5,$2,$6,$-8,$-2,$0,$-2,$-8,$-4,$-0,$0,$-11,$0,$0,$0,$0,$-12,$3,$0,$3,$16,$16,$0,$0,$19,$4,$1,$0
8,2016-06-30,6.18,$5.82,1.06,$9.41,0.66,$-2.38,0.0,$-0.21,0.0,$0.09B,$0.05B,1.74,$0.03B,$0.12B,0.23,$0.15B,$0.05B,32.03%,$0.15B,$-0.00B,-0.65%,$0.15B,$-0.00B,-0.65%,$0.15B,$0.00B,2.61%,$0.15B,$-0.00B,-1.96%,$0.15B,$-0.00B,-1.96%,$-0.00B,$0.12B,-2.83%,$-0.00B,$0.01B,240.00%,$-0.00B,$0.20B,-1.65%,$-0.00B,$0.15B,-0.75%,$43,$30,$13,$1,$13,$44,$-1,$-1,$-1,$0,$-1,$-1,$-1,$1,$-1,$19,19,$-0.06,$-0.06,$5,$25,$5,$85,$1,$0,$116,$1,$118,$202,$49,$28,$4,$33,$81,$0,$-78,$0,$121,$202,$-4,$3,$2,$5,$0,$-3,$0,$-1,$-2,$-1,$-0,$0,$-10,$0,$0,$0,$0,$-11,$1,$-0,$0,$16,$16,$0,$-0,$16,$5,$1,$0
9,2016-03-31,5.26,$6.23,0.84,$9.01,0.58,$-3.31,0.0,$-0.25,0.0,$0.07B,$0.05B,1.54,$0.03B,$0.10B,0.28,$0.14B,$0.05B,32.85%,$0.14B,$-0.00B,-0.73%,$0.14B,$-0.00B,-0.73%,$0.14B,$0.00B,2.19%,$0.14B,$-0.00B,-2.19%,$0.14B,$-0.00B,-2.19%,$-0.00B,$0.10B,-3.13%,$-0.00B,$-0.00B,240.00%,$-0.00B,$0.18B,-1.84%,$-0.00B,$0.13B,-0.82%,$28,$19,$9,$1,$10,$30,$-2,$-1,$-3,$0,$-3,$-3,$-3,$-1,$-2,$16,16,$-0.16,$-0.16,$1,$26,$4,$71,$1,$0,$103,$1,$105,$175,$46,$28,$2,$30,$75,$0,$-77,$0,$100,$175,$-3,$1,$1,$2,$6,$-4,$0,$-0,$1,$0,$-0,$0,$0,$0,$0,$0,$0,$-0,$1,$0,$1,$-0,$-0,$0,$0,$1,$1,$0,$0
10,2015-12-31,7.95,$6.40,1.24,$8.78,0.91,$-3.85,0.0,$-0.19,0.0,$0.07B,$0.05B,1.56,$0.03B,$0.10B,0.27,$0.13B,$0.04B,33.33%,$0.13B,$-0.00B,-0.78%,$0.13B,$-0.00B,-0.78%,$0.13B,$0.00B,2.33%,$0.13B,$-0.00B,-1.55%,$0.13B,$-0.00B,-1.55%,$-0.00B,$0.10B,-2.19%,$-0.00B,$-0.00B,-400.00%,$-0.00B,$0.18B,-1.33%,$-0.00B,$0.13B,-0.87%,$44,$29,$15,$1,$12,$42,$2,$-0,$1,$0,$1,$1,$1,$3,$2,$15,15,$0.11,$0.11,$0,$22,$4,$72,$1,$0,$104,$1,$106,$178,$46,$27,$2,$30,$76,$0,$-75,$0,$102,$178,$-2,$5,$4,$8,$-17,$-7,$0,$-1,$-23,$-17,$-0,$0,$-10,$0,$0,$0,$0,$-11,$13,$0,$13,$9,$9,$0,$0,$22,$-6,$3,$0
11,2015-09-30,9.5,$6.38,1.49,$8.80,1.08,$-4.30,0.0,$-0.90,0.0,$0.06B,$0.04B,1.6,$0.03B,$0.10B,0.28,$0.11B,$0.04B,32.14%,$0.11B,$-0.01B,-6.25%,$0.11B,$-0.01B,-6.25%,$0.11B,$-0.00B,-1.79%,$0.11B,$-0.01B,-6.25%,$0.11B,$-0.01B,-9.82%,$-0.01B,$0.10B,-12.94%,$-0.01B,$-0.01B,-1100.00%,$-0.01B,$0.17B,-8.00%,$-0.01B,$0.13B,-6.65%,$38,$26,$12,$1,$11,$38,$0,$-0,$-0,$0,$-0,$-0,$-0,$1,$0,$15,15,$-0.02,$-0.02,$1,$21,$3,$64,$1,$0,$105,$1,$107,$172,$40,$28,$3,$31,$71,$0,$-76,$0,$101,$172,$-4,$3,$2,$6,$-8,$-3,$0,$-6,$-20,$-18,$-0,$0,$-10,$0,$0,$0,$0,$-11,$14,$0,$14,$10,$10,$0,$0,$23,$-5,$2,$0
12,2015-06-30,11.6,$5.76,2.01,$9.32,1.24,$-4.89,0.0,$-1.10,0.0,$0.05B,$0.02B,2.25,$0.02B,$0.08B,0.29,$0.10B,$0.03B,32.67%,$0.10B,$-0.01B,-7.92%,$0.10B,$-0.01B,-7.92%,$0.10B,$-0.00B,-1.98%,$0.10B,$-0.01B,-7.92%,$0.10B,$-0.01B,-12.87%,$-0.01B,$0.08B,-18.44%,$-0.01B,$0.01B,247.62%,$-0.01B,$0.13B,-10.55%,$-0.01B,$0.10B,-9.09%,$27,$18,$9,$0,$10,$28,$-1,$-0,$-1,$0,$-1,$-1,$-1,$0,$-1,$14,14,$-0.10,$-0.10,$0,$20,$3,$50,$1,$0,$76,$1,$78,$128,$22,$23,$2,$25,$48,$0,$-76,$0,$81,$128,$-4,$2,$1,$3,$-3,$-6,$0,$-0,$-14,$-14,$-0,$0,$-0,$0,$0,$0,$0,$-0,$0,$9,$9,$-0,$-0,$0,$0,$9,$-6,$1,$0
13,2015-03-31,11.1,$5.97,1.86,$9.01,1.23,$-4.64,0.0,$-0.90,0.0,$0.04B,$0.02B,2.48,$0.02B,$0.08B,0.22,$0.09B,$0.03B,32.61%,$0.09B,$-0.01B,-10.87%,$0.09B,$-0.01B,-10.87%,$0.09B,$-0.00B,-4.35%,$0.09B,$-0.01B,-11.96%,$0.09B,$-0.01B,-11.96%,$-0.01B,$0.08B,-17.89%,$-0.01B,$0.00B,80.00%,$-0.01B,$0.12B,-9.26%,$-0.01B,$0.10B,-13.38%,$20,$13,$7,$1,$8,$22,$-2,$-0,$-2,$0,$-2,$-2,$-2,$-1,$-2,$14,14,$-0.15,$-0.15,$2,$18,$3,$44,$1,$0,$77,$1,$79,$123,$18,$17,$7,$25,$42,$0,$-74,$0,$81,$123,$-2,$1,$1,$2,$3,$-5,$0,$-0,$-7,$-7,$-0,$0,$-0,$0,$0,$0,$0,$-0,$3,$-0,$3,$0,$0,$0,$-0,$3,$-4,$1,$0
14,2014-12-31,13.5,$5.96,2.26,$8.15,1.66,$-4.60,0.0,$-1.20,0.0,$0.05B,$0.03B,1.68,$0.01B,$0.08B,0.18,$0.08B,$0.03B,32.47%,$0.08B,$-0.01B,-14.29%,$0.08B,$-0.01B,-14.29%,$0.08B,$-0.01B,-7.79%,$0.08B,$-0.01B,-16.88%,$0.08B,$-0.01B,-16.88%,$-0.01B,$0.08B,-27.81%,$-0.01B,$0.00B,68.42%,$-0.01B,$0.13B,-12.90%,$-0.01B,$0.09B,-19.38%,$27,$19,$8,$1,$11,$31,$-4,$-0,$-4,$-1,$-3,$-3,$-8,$-2,$-4,$9,9,$-0.79,$-0.79,$6,$14,$3,$47,$1,$0,$78,$1,$80,$127,$28,$14,$7,$21,$49,$0,$-72,$0,$77,$127,$-5,$6,$-3,$2,$-10,$-0,$0,$-1,$-11,$-14,$-0,$0,$-12,$0,$0,$0,$0,$-12,$24,$-2,$22,$9,$9,$0,$0,$31,$4,$2,$0
15,2014-09-30,16.8,$5.19,3.23,$6.08,2.76,$-4.07,0.0,$-1.00,0.0,$0.04B,$0.02B,1.69,$0.02B,$0.03B,0.48,$0.06B,$0.02B,33.33%,$0.06B,$-0.01B,-17.54%,$0.06B,$-0.01B,-17.54%,$0.06B,$-0.01B,-12.28%,$0.06B,$-0.01B,-21.05%,$0.06B,$-0.01B,-15.79%,$-0.01B,$0.04B,-26.67%,$-0.01B,$-0.03B,40.00%,$-0.01B,$0.12B,-10.98%,$-0.01B,$0.06B,-24.84%,$27,$18,$9,$0,$9,$28,$-1,$-0,$-1,$0,$-1,$-1,$-2,$1,$-1,$9,9,$-0.20,$-0.20,$2,$14,$2,$40,$1,$0,$74,$1,$76,$115,$24,$15,$8,$49,$72,$0,$-70,$0,$43,$115,$-3,$4,$-5,$-1,$-9,$-0,$0,$-0,$-12,$-16,$-0,$0,$-10,$0,$0,$0,$0,$-10,$28,$-1,$27,$-0,$-0,$0,$0,$27,$1,$1,$0
16,2014-06-30,23.0,$5.47,4.21,$3.78,6.08,$-2.97,0.0,$-1.20,0.0,$0.03B,$0.03B,1.18,$0.01B,$0.03B,0.17,$0.04B,$0.01B,31.43%,$0.04B,$-0.01B,-34.29%,$0.04B,$-0.01B,-34.29%,$0.04B,$-0.01B,-31.43%,$0.04B,$-0.01B,-40.00%,$0.04B,$-0.01B,-31.43%,$-0.01B,$0.05B,-36.67%,$-0.01B,$-0.03B,67.69%,$-0.01B,$0.11B,-16.79%,$-0.01B,$0.05B,-36.92%,$18,$12,$6,$0,$8,$21,$-3,$-0,$-4,$-6,$2,$2,$1,$-2,$-3,$9,11,$0.10,$0.10,$2,$14,$2,$34,$1,$0,$74,$1,$76,$110,$29,$6,$5,$36,$65,$0,$-68,$0,$45,$110,$-1,$2,$-6,$-4,$-2,$-0,$0,$0,$-3,$-8,$-0,$0,$-10,$0,$0,$0,$0,$-10,$18,$0,$18,$-0,$-0,$0,$0,$18,$-0,$0,$0
17,2014-03-31,31.5,$2.67,11.81,$3.15,10.01,$-2.90,0.0,$-2.00,0.0,$0.01B,$0.01B,0.92,$0.00B,$0.01B,0.29,$0.02B,$0.01B,37.50%,$0.02B,$-0.01B,-41.67%,$0.02B,$-0.01B,-41.67%,$0.02B,$-0.01B,-37.50%,$0.02B,$-0.02B,-62.50%,$0.02B,$-0.02B,-70.83%,$-0.02B,$0.02B,-69.39%,$-0.02B,$-0.02B,200.00%,$-0.02B,$0.05B,-36.17%,$-0.01B,$0.03B,-39.22%,$5,$3,$2,$1,$5,$8,$-3,$-0,$-4,$0,$-4,$-4,$-4,$-3,$-3,$8,8,$-0.50,$-0.50,$1,$5,$1,$11,$1,$0,$39,$0,$40,$51,$12,$4,$2,$17,$29,$0,$-71,$0,$22,$51,$-4,$1,$0,$1,$0,$0,$0,$-0,$-1,$-4,$-0,$0,$0,$0,$0,$0,$0,$-0,$4,$-0,$3,$-0,$-0,$0,$0,$3,$-1,$0,$0
18,2013-12-31,34.25,$3.10,11.05,$3.42,10.02,$-3.11,0.0,$-2.70,0.0,$0.01B,$0.01B,0.87,$0.00B,$0.02B,0.0,$0.03B,$0.01B,40.00%,$0.03B,$-0.01B,-40.00%,$0.03B,$-0.01B,-40.00%,$0.03B,$-0.01B,-32.00%,$0.03B,$-0.02B,-64.00%,$0.03B,$-0.02B,-84.00%,$-0.02B,$0.03B,-87.50%,$-0.02B,$-0.01B,420.00%,$-0.02B,$0.05B,-48.00%,$-0.01B,$0.03B,-41.67%,$7,$5,$2,$1,$5,$10,$-3,$-0,$-3,$0,$-3,$-3,$-4,$-3,$-3,$8,8,$-0.40,$-0.40,$2,$5,$1,$12,$1,$0,$39,$0,$40,$52,$14,$0,$2,$13,$27,$0,$-67,$0,$25,$52,$-17,$3,$7,$10,$-2,$-1,$0,$-0,$-2,$-8,$-0,$0,$-10,$0,$0,$0,$0,$-11,$0,$1,$1,$5,$15,$0,$0,$16,$-3,$1,$0
19,2013-09-30,25.5,$3.34,7.63,$2.97,8.59,$-4.37,0.0,$-2.20,0.0,$0.02B,$0.01B,1.6,$0.00B,$0.02B,0.0,$0.02B,$0.01B,42.11%,$0.02B,$-0.01B,-42.11%,$0.02B,$-0.01B,-42.11%,$0.02B,$-0.01B,-31.58%,$0.02B,$-0.01B,-73.68%,$0.02B,$-0.02B,-94.74%,$-0.02B,$0.03B,-78.26%,$-0.02B,$-0.01B,900.00%,$-0.02B,$0.05B,-46.75%,$-0.01B,$0.03B,-34.78%,$5,$4,$1,$1,$4,$8,$-3,$-0,$-3,$0,$-3,$-3,$-4,$-3,$-3,$8,8,$-0.40,$-0.40,$6,$5,$1,$15,$1,$0,$33,$0,$34,$49,$10,$0,$1,$12,$22,$0,$-64,$0,$28,$49,$-14,$3,$7,$10,$-2,$-0,$0,$-0,$-1,$-5,$-0,$0,$-9,$0,$0,$0,$0,$-9,$0,$0,$0,$5,$15,$0,$0,$15,$1,$1,$0
20,2013-06-30,40.0,$2.93,13.66,$3.06,13.09,$-5.49,0.0,$-4.80,0.0,$0.01B,$0.01B,2.13,$0.00B,$0.01B,0.0,$0.02B,$0.01B,46.67%,$0.02B,$-0.01B,-40.00%,$0.02B,$-0.01B,-40.00%,$0.02B,$-0.00B,-26.67%,$0.02B,$-0.01B,-73.33%,$0.02B,$-0.02B,-126.67%,$-0.02B,$0.02B,-107.04%,$-0.02B,$0.00B,-3800.00%,$-0.02B,$0.04B,-67.26%,$-0.01B,$0.02B,-33.80%,$7,$4,$4,$0,$5,$9,$-1,$-4,$-5,$0,$-5,$-5,$-5,$-0,$-1,$8,8,$-0.70,$-0.70,$5,$2,$1,$14,$0,$0,$22,$0,$22,$36,$7,$0,$1,$6,$13,$0,$-61,$0,$23,$36,$-10,$2,$7,$9,$-5,$0,$0,$-1,$-4,$-5,$-0,$0,$-4,$0,$0,$0,$0,$-4,$0,$0,$0,$5,$10,$0,$0,$10,$1,$1,$0
21,2013-03-31,21.0,$2.56,8.2,$2.74,7.65,$-5.95,0.0,$-5.60,0.0,$0.02B,$0.01B,1.91,$0.00B,$0.01B,0.0,$0.01B,$0.00B,22.22%,$0.01B,$-0.01B,-122.22%,$0.01B,$-0.01B,-122.22%,$0.01B,$-0.01B,-100.00%,$0.01B,$-0.01B,-133.33%,$0.01B,$-0.02B,-222.22%,$-0.02B,$0.02B,-163.27%,$-0.02B,$-0.00B,8000.00%,$-0.02B,$0.04B,-97.56%,$-0.01B,$0.02B,-89.80%,$6,$4,$3,$0,$5,$9,$-3,$-2,$-5,$0,$-5,$-5,$-8,$-2,$-3,$7,7,$-1.10,$-1.10,$6,$2,$1,$15,$0,$0,$23,$0,$23,$38,$8,$0,$5,$11,$18,$0,$-56,$0,$20,$38,$-5,$1,$3,$4,$-4,$0,$0,$-2,$-3,$-5,$-0,$0,$-3,$0,$0,$0,$0,$-3,$0,$0,$0,$5,$10,$0,$0,$10,$2,$0,$0
22,2012-12-31,6.31,$2.95,2.14,$2.56,2.46,$-5.90,0.0,$-5.60,0.0,$0.01B,$0.01B,0.83,$0.00B,$0.01B,0.0,$0.00B,$-0.00B,-25.00%,$0.00B,$-0.01B,-250.00%,$0.00B,$-0.01B,-250.00%,$0.00B,$-0.01B,-225.00%,$0.00B,$-0.01B,-225.00%,$0.00B,$-0.01B,-350.00%,$-0.01B,$0.02B,-155.56%,$-0.01B,$-0.00B,-1400.00%,$-0.01B,$0.03B,-103.70%,$-0.01B,$0.02B,-105.26%,$1,$1,$0,$0,$1,$2,$-1,$0,$-1,$0,$-1,$-1,$-1,$-1,$-1,$2,2,$1.30,$1.30,$4,$3,$0,$9,$0,$0,$22,$0,$23,$31,$11,$0,$0,$0,$11,$0,$-50,$0,$21,$31,$-9,$0,$3,$3,$0,$2,$0,$-0,$0,$-5,$-0,$0,$-8,$0,$0,$0,$-0,$-8,$0,$-1,$-1,$-0,$15,$0,$0,$14,$1,$0,$0
23,2012-09-30,7.7,$3.95,1.95,$2.86,2.69,$-5.76,0.0,$-5.60,0.0,$0.01B,$0.00B,6.3,$0.00B,$0.00B,0.0,$0.00B,$-0.00B,-25.00%,$0.00B,$-0.01B,-275.00%,$0.00B,$-0.01B,-275.00%,$0.00B,$-0.01B,-250.00%,$0.00B,$-0.01B,-250.00%,$0.00B,$-0.02B,-375.00%,$-0.02B,$0.01B,-260.87%,$-0.02B,$0.01B,-600.00%,$-0.02B,$0.01B,-171.43%,$-0.01B,$0.01B,-157.14%,$1,$1,$0,$0,$1,$2,$-1,$1,$0,$0,$0,$0,$-5,$-1,$-1,$2,2,$-3.00,$-3.00,$4,$1,$0,$6,$0,$0,$1,$0,$2,$8,$1,$0,$0,$0,$1,$0,$-49,$0,$7,$8,$-7,$0,$3,$4,$-0,$1,$0,$-0,$1,$-3,$-0,$-0,$0,$0,$0,$0,$0,$-0,$0,$-1,$-1,$5,$5,$0,$0,$4,$1,$0,$0
24,2012-06-30,2.8,$0.52,5.38,$3.39,0.83,$-5.50,0.0,$-3.20,0.0,$0.00B,$0.00B,0.81,$0.00B,$0.00B,0.0,$0.01B,0,0.00%,$0.01B,$-0.01B,-220.00%,$0.01B,$-0.01B,-220.00%,$0.01B,$-0.01B,-200.00%,$0.01B,$-0.01B,-220.00%,$0.01B,$-0.01B,-220.00%,$-0.01B,$0.00B,-162.96%,$-0.01B,$-0.00B,-440.00%,$-0.01B,$0.01B,-104.76%,$-0.01B,$0.00B,-129.41%,$1,$2,$-1,$0,$1,$7,$-6,$-0,$-6,$0,$-6,$-6,$-6,$-5,$-6,$2,2,$-3.50,$-3.50,$1,$1,$0,$3,$0,$0,$1,$0,$2,$5,$4,$0,$0,$0,$4,$0,$-49,$0,$1,$5,$-7,$0,$4,$5,$0,$1,$0,$0,$1,$-2,$-0,$-0,$0,$0,$0,$0,$0,$-0,$0,$0,$0,$0,$0,$0,$0,$0,$-2,$0,$0
25,2012-03-31,7.7,$3.99,1.93,$5.22,1.48,$-6.27,0.0,$-2.20,0.0,$0.01B,$0.00B,4.1,$0.00B,$0.01B,0.36,$0.01B,$0.00B,25.00%,$0.01B,$-0.01B,-75.00%,$0.01B,$-0.01B,-75.00%,$0.01B,$-0.01B,-75.00%,$0.01B,$-0.01B,-75.00%,$0.01B,$-0.01B,-75.00%,$-0.01B,$0.01B,-64.86%,$-0.01B,$0.00B,-141.18%,$-0.01B,$0.01B,-44.44%,$-0.01B,$0.01B,-51.06%,$1,$1,$-0,$0,$1,$3,$-2,$-0,$-2,$0,$-2,$-2,$-2,$-2,$-2,$2,2,$-1.10,$-1.10,$2,$2,$0,$5,$1,$0,$4,$0,$5,$10,$1,$2,$0,$2,$4,$0,$-43,$0,$7,$10,$-2,$0,$0,$0,$0,$0,$0,$0,$0,$-1,$-0,$0,$0,$0,$0,$0,$-0,$-0,$0,$0,$0,$0,$0,$0,$0,$0,$-1,$0,$0
26,2011-12-31,10.9,$5.05,2.16,$5.48,1.99,$-6.35,0.0,$-1.90,0.0,$0.01B,$0.00B,5.03,$0.00B,$0.01B,0.28,$0.01B,$0.00B,22.22%,$0.01B,$-0.01B,-55.56%,$0.01B,$-0.01B,-55.56%,$0.01B,$-0.01B,-55.56%,$0.01B,$-0.01B,-55.56%,$0.01B,$-0.01B,-55.56%,$-0.01B,$0.01B,-47.62%,$-0.01B,$0.00B,-90.91%,$-0.01B,$0.01B,-32.79%,$-0.01B,$0.01B,-38.46%,$1,$1,$-0,$0,$1,$3,$-2,$-0,$-2,$0,$-2,$-2,$-2,$-2,$-2,$2,2,$-1.40,$-1.40,$3,$3,$0,$7,$1,$0,$5,$0,$5,$12,$1,$2,$0,$2,$4,$0,$-42,$0,$8,$12,$-5,$1,$1,$2,$0,$1,$0,$0,$0,$-3,$-0,$0,$1,$0,$0,$0,$-0,$1,$0,$0,$0,$0,$0,$0,$0,$0,$-2,$0,$0
27,2011-09-30,13.6,$6.41,2.12,$5.59,2.43,$-8.33,0.0,$-2.70,0.0,$0.01B,$0.00B,4.64,$0.00B,$0.01B,0.22,$0.01B,$0.00B,22.22%,$0.01B,$-0.00B,-44.44%,$0.01B,$-0.00B,-44.44%,$0.01B,$-0.00B,-44.44%,$0.01B,$-0.00B,-44.44%,$0.01B,$-0.00B,-44.44%,$-0.00B,$0.01B,-34.04%,$-0.00B,$0.01B,-61.54%,$-0.00B,$0.02B,-24.24%,$-0.00B,$0.01B,-28.57%,$2,$1,$1,$0,$1,$3,$-1,$-0,$-1,$0,$-1,$-1,$-1,$-1,$-1,$2,2,$-0.60,$-0.60,$4,$4,$0,$9,$1,$0,$5,$0,$6,$15,$2,$2,$0,$2,$4,$0,$-39,$0,$11,$15,$-3,$1,$0,$1,$-0,$-0,$0,$0,$-0,$-2,$-0,$-0,$1,$0,$0,$0,$0,$1,$0,$0,$0,$0,$0,$0,$0,$0,$-1,$0,$0
28,2011-06-30,29.5,$6.98,4.22,$5.07,5.82,$-9.77,0.0,$-3.60,0.0,$0.01B,$0.00B,3.34,$0.00B,$0.01B,0.2,$0.01B,$0.00B,12.50%,$0.01B,$-0.00B,-50.00%,$0.01B,$-0.00B,-50.00%,$0.01B,$-0.00B,-50.00%,$0.01B,$-0.00B,-50.00%,$0.01B,$-0.01B,-62.50%,$-0.01B,$0.01B,-40.00%,$-0.01B,$0.01B,-66.67%,$-0.01B,$0.02B,-28.17%,$-0.00B,$0.01B,-26.67%,$4,$3,$1,$0,$2,$5,$-1,$-0,$-1,$0,$-1,$-1,$-1,$-1,$-1,$2,2,$-0.50,$-0.50,$4,$4,$0,$11,$1,$0,$5,$0,$6,$17,$3,$2,$0,$2,$6,$0,$-38,$0,$11,$17,$-2,$0,$0,$1,$-3,$-0,$0,$-0,$-1,$-3,$-0,$0,$1,$0,$0,$0,$-0,$1,$0,$0,$0,$0,$0,$0,$0,$0,$-2,$0,$0
29,2011-03-31,32.2,$7.42,4.34,$3.42,9.43,$-9.92,0.0,$-4.30,0.0,$0.01B,$0.00B,4.16,$0.00B,$0.01B,0.19,$0.01B,0,0.00%,$0.01B,$-0.01B,-100.00%,$0.01B,$-0.01B,-100.00%,$0.01B,$-0.00B,-80.00%,$0.01B,$-0.01B,-100.00%,$0.01B,$-0.01B,-120.00%,$-0.01B,$0.01B,-42.86%,$-0.01B,$0.01B,-68.57%,$-0.01B,$0.02B,-31.17%,$-0.01B,$0.01B,-30.77%,$2,$1,$0,$0,$2,$3,$-1,$-0,$-1,$0,$-1,$-1,$-1,$-1,$-1,$2,2,$-0.80,$-0.80,$5,$5,$0,$11,$1,$0,$5,$0,$6,$17,$3,$2,$0,$2,$5,$0,$-38,$0,$12,$17,$-1,$0,$0,$0,$-0,$-1,$0,$-0,$-0,$-1,$-0,$0,$1,$0,$0,$0,$-0,$1,$0,$0,$0,$0,$0,$0,$0,$0,$0,$0,$0
30,2010-12-31,20.5,$8.10,2.53,$3.34,6.14,$-10.54,0.0,$-5.00,0.0,$0.01B,$0.00B,6.7,$0.00B,$0.01B,0.17,$0.00B,$0.00B,25.00%,$0.00B,$-0.01B,-125.00%,$0.00B,$-0.01B,-125.00%,$0.00B,$-0.00B,-100.00%,$0.00B,$-0.01B,-150.00%,$0.00B,$-0.01B,-175.00%,$-0.01B,$0.01B,-45.16%,$-0.01B,$0.01B,-68.29%,$-0.01B,$0.02B,-33.33%,$-0.01B,$0.02B,-27.78%,$1,$1,$0,$0,$1,$3,$-1,$-0,$-1,$0,$-1,$-1,$-1,$-1,$-1,$2,2,$-0.70,$-0.70,$5,$4,$0,$11,$1,$0,$5,$0,$6,$17,$2,$2,$0,$2,$4,$0,$-36,$0,$13,$17,$-8,$1,$1,$2,$1,$-0,$0,$0,$-1,$-6,$-0,$0,$1,$0,$0,$0,$-0,$0,$0,$-4,$-4,$0,$0,$0,$-0,$-4,$-10,$0,$0
31,2010-09-30,21.5,$8.84,2.43,$0.24,88.42,$-14.13,0.0,$-14.80,0.0,$0.01B,$0.00B,4.28,$0.00B,$0.01B,0.15,$0.00B,0,0.00%,$0.00B,$-0.01B,-500.00%,$0.00B,$-0.01B,-500.00%,$0.00B,$-0.00B,-300.00%,$0.00B,$-0.01B,-600.00%,$0.00B,$-0.02B,-1500.00%,$-0.02B,$0.01B,-85.71%,$-0.02B,$0.01B,-122.45%,$-0.02B,$0.02B,-61.86%,$-0.01B,$0.02B,-24.10%,$1,$1,$0,$0,$1,$3,$-1,$-0,$-1,$0,$-1,$-1,$-2,$-1,$-1,$2,2,$-1.50,$-1.50,$6,$3,$0,$13,$1,$0,$5,$0,$6,$20,$3,$2,$0,$2,$5,$0,$-35,$0,$14,$20,$-7,$1,$1,$2,$0,$-0,$0,$-0,$0,$-5,$-0,$0,$-0,$0,$0,$0,$-0,$-1,$0,$-4,$-4,$0,$0,$0,$-0,$-4,$-9,$0,$0
32,2010-06-30,22.4,$10.27,2.18,$0.96,23.36,$-16.59,0.0,$-15.50,0.0,$0.02B,$0.00B,3.94,$0.00B,$0.02B,0.13,$0.00B,0,0.00%,$0.00B,$-0.01B,-500.00%,$0.00B,$-0.01B,-500.00%,$0.00B,$-0.00B,-300.00%,$0.00B,$-0.01B,-600.00%,$0.00B,$-0.02B,-1500.00%,$-0.02B,$0.02B,-90.91%,$-0.02B,$0.01B,-136.36%,$-0.02B,$0.02B,-63.16%,$-0.01B,$0.02B,-25.32%,$1,$1,$0,$0,$2,$3,$-2,$-0,$-2,$0,$-2,$-2,$-2,$-1,$-2,$2,2,$-1.20,$-1.20,$8,$5,$0,$16,$2,$0,$5,$0,$7,$23,$4,$2,$0,$2,$6,$0,$-33,$0,$17,$23,$-4,$1,$1,$1,$-0,$-1,$0,$-0,$-0,$-3,$-0,$0,$-0,$0,$0,$0,$-0,$-0,$0,$-4,$-4,$0,$0,$0,$-0,$-4,$-7,$0,$0
33,2010-03-31,34.6,$11.38,3.04,$3.25,10.64,$-18.28,0.0,$-16.50,0.0,$0.02B,$0.00B,5.47,$0.00B,$0.02B,0.12,$0.00B,$0.00B,33.33%,$0.00B,$-0.01B,-166.67%,$0.00B,$-0.01B,-166.67%,$0.00B,$-0.00B,-100.00%,$0.00B,$-0.01B,-200.00%,$0.00B,$-0.02B,-500.00%,$-0.02B,$0.02B,-98.36%,$-0.02B,$0.01B,-157.89%,$-0.02B,$0.02B,-66.67%,$-0.01B,$0.02B,-26.67%,$1,$1,$1,$0,$2,$3,$-1,$-1,$-2,$0,$-2,$-2,$-2,$-1,$-1,$2,2,$-1.50,$-1.50,$9,$5,$0,$17,$2,$0,$5,$0,$7,$24,$3,$2,$0,$2,$5,$0,$-31,$0,$18,$24,$-2,$0,$1,$1,$-0,$-0,$0,$-0,$-1,$-2,$-0,$0,$-0,$0,$0,$0,$-0,$-0,$0,$-4,$-4,$0,$0,$0,$-0,$-4,$-6,$0,$0
34,2009-12-31,34.0,$12.86,2.64,$6.10,5.58,$-18.73,0.0,$-17.10,0.0,$0.02B,$0.00B,7.45,$0.01B,$0.02B,0.27,$0.01B,$0.00B,20.00%,$0.01B,$-0.01B,-100.00%,$0.01B,$-0.01B,-100.00%,$0.01B,$-0.00B,-60.00%,$0.01B,$-0.01B,-100.00%,$0.01B,$-0.02B,-300.00%,$-0.02B,$0.02B,-109.09%,$-0.02B,$0.02B,-200.00%,$-0.02B,$0.03B,-72.29%,$-0.01B,$0.03B,-30.30%,$-2,$-1,$-1,$0,$0,$-1,$-1,$-0,$-1,$0,$-1,$-1,$-9,$-0,$-1,$1,1,$-10.60,$-10.60,$15,$3,$0,$22,$1,$0,$5,$0,$7,$30,$3,$6,$0,$6,$9,$0,$-28,$0,$21,$30,$-7,$1,$1,$2,$0,$-1,$0,$-0,$-2,$-7,$-0,$0,$-0,$0,$0,$0,$-0,$-1,$4,$-0,$4,$17,$17,$-1,$-0,$19,$12,$0,$0
35,2009-09-30,55.6,$11.57,4.8,$12.79,4.35,$-17.26,0.0,$-14.50,0.0,$0.01B,$0.00B,2.24,$0.00B,$0.01B,0.37,$0.01B,$0.00B,20.00%,$0.01B,$-0.01B,-90.00%,$0.01B,$-0.01B,-90.00%,$0.01B,$-0.01B,-80.00%,$0.01B,$-0.01B,-100.00%,$0.01B,$-0.01B,-130.00%,$-0.01B,$0.01B,-113.04%,$-0.01B,$0.00B,-260.00%,$-0.01B,$0.02B,-73.24%,$-0.01B,$0.01B,-67.92%,$1,$1,$0,$0,$1,$2,$-1,$-0,$-1,$0,$-1,$-1,$-2,$-1,$-1,$1,1,$-2.20,$-2.20,$2,$5,$0,$9,$2,$0,$6,$0,$8,$18,$4,$3,$0,$3,$8,$0,$-26,$0,$10,$18,$-4,$1,$0,$1,$0,$-1,$0,$-0,$-1,$-4,$-0,$-0,$-0,$0,$0,$0,$0,$-1,$4,$0,$4,$1,$1,$0,$-0,$4,$-1,$0,$0
36,2009-06-30,60.0,$13.59,4.41,$16.11,3.72,$-15.34,0.0,$-14.10,0.0,$0.01B,$0.00B,2.91,$0.00B,$0.01B,0.31,$0.01B,$0.00B,23.08%,$0.01B,$-0.01B,-69.23%,$0.01B,$-0.01B,-69.23%,$0.01B,$-0.01B,-61.54%,$0.01B,$-0.01B,-76.92%,$0.01B,$-0.01B,-92.31%,$-0.01B,$0.01B,-102.13%,$-0.01B,$0.01B,-252.63%,$-0.01B,$0.02B,-66.67%,$-0.01B,$0.02B,-66.67%,$3,$2,$1,$0,$2,$4,$-2,$-0,$-2,$0,$-2,$-2,$-2,$-1,$-2,$1,1,$-2.20,$-2.20,$4,$4,$0,$10,$2,$0,$6,$0,$8,$18,$3,$3,$0,$3,$7,$0,$-24,$0,$12,$18,$-3,$0,$0,$1,$1,$-0,$0,$-0,$-1,$-3,$-0,$-0,$-0,$0,$0,$0,$0,$-1,$4,$0,$4,$1,$1,$0,$-0,$4,$1,$0,$0
37,2009-03-31,62.5,$13.97,4.47,$17.85,3.5,$-13.28,0.0,$-13.70,0.0,$0.01B,$0.01B,1.66,$0.00B,$0.01B,0.0,$0.01B,$0.00B,21.43%,$0.01B,$-0.01B,-57.14%,$0.01B,$-0.01B,-57.14%,$0.01B,$-0.01B,-57.14%,$0.01B,$-0.01B,-64.29%,$0.01B,$-0.01B,-78.57%,$-0.01B,$0.01B,-93.62%,$-0.01B,$0.01B,-231.58%,$-0.01B,$0.02B,-59.46%,$-0.01B,$0.01B,-59.26%,$3,$2,$1,$0,$2,$4,$-1,$0,$-1,$0,$-1,$-1,$-2,$-1,$-1,$1,1,$-2.10,$-2.10,$1,$5,$0,$8,$2,$0,$6,$0,$8,$17,$5,$0,$0,$0,$5,$0,$-22,$0,$12,$17,$-1,$0,$0,$0,$0,$-0,$0,$-0,$-0,$-1,$-0,$-0,$-0,$0,$0,$0,$0,$-0,$-0,$0,$-0,$0,$0,$0,$0,$0,$-2,$0,$0
38,2008-12-31,72.5,$15.28,4.75,$18.42,3.93,$-12.60,0.0,$-13.40,0.0,$0.01B,$0.01B,1.85,$0.00B,$0.01B,0.01,$0.01B,$0.00B,21.43%,$0.01B,$-0.01B,-57.14%,$0.01B,$-0.01B,-57.14%,$0.01B,$-0.01B,-57.14%,$0.01B,$-0.01B,-64.29%,$0.01B,$-0.01B,-71.43%,$-0.01B,$0.01B,-88.89%,$-0.01B,$0.01B,-190.48%,$-0.01B,$0.02B,-56.34%,$-0.01B,$0.01B,-60.38%,$3,$3,$0,$0,$3,$9,$-5,$-1,$-6,$0,$-6,$-6,$-7,$-5,$-5,$1,1,$-8.20,$-8.20,$3,$4,$0,$9,$2,$0,$6,$0,$8,$18,$5,$0,$0,$0,$5,$0,$-21,$0,$12,$18,$-10,$1,$5,$5,$-0,$-0,$0,$0,$1,$-4,$-1,$0,$-3,$3,$0,$3,$-0,$-1,$2,$-0,$2,$2,$6,$0,$-0,$7,$3,$0,$0
39,2008-09-30,77.0,$13.62,5.65,$17.86,4.31,$-10.40,0.0,$-7.30,0.0,$0.01B,$0.00B,2.02,$0.00B,$0.01B,0.28,$0.01B,$0.00B,28.57%,$0.01B,$-0.00B,-28.57%,$0.01B,$-0.00B,-28.57%,$0.01B,$-0.00B,-28.57%,$0.01B,$-0.00B,-28.57%,$0.01B,$-0.00B,-28.57%,$-0.00B,$0.01B,-37.21%,$-0.00B,$0.00B,-72.73%,$-0.00B,$0.02B,-24.24%,$-0.00B,$0.01B,-32.00%,$4,$3,$1,$0,$2,$5,$-1,$-0,$-1,$0,$-1,$-1,$-1,$-1,$-1,$1,1,$-1.80,$-1.80,$1,$5,$0,$9,$2,$0,$8,$0,$10,$19,$4,$3,$0,$3,$8,$0,$-15,$0,$11,$19,$-4,$0,$0,$1,$-0,$-0,$1,$-0,$1,$-2,$-1,$-0,$-3,$3,$0,$3,$0,$-0,$2,$0,$2,$2,$2,$0,$-0,$4,$1,$0,$0
40,2008-06-30,74.0,$15.21,4.87,$16.91,4.38,$-8.59,0.0,$-6.10,0.0,$0.01B,$0.00B,2.39,$0.00B,$0.01B,0.25,$0.01B,$0.00B,30.77%,$0.01B,$-0.00B,-30.77%,$0.01B,$-0.00B,-30.77%,$0.01B,$-0.00B,-30.77%,$0.01B,$-0.00B,-23.08%,$0.01B,$-0.00B,-23.08%,$-0.00B,$0.01B,-27.91%,$-0.00B,$0.01B,-44.44%,$-0.00B,$0.02B,-19.67%,$-0.00B,$0.02B,-34.04%,$4,$3,$1,$0,$2,$5,$-1,$0,$-1,$0,$-1,$-1,$-1,$-1,$-1,$1,1,$-1.70,$-1.70,$3,$4,$0,$10,$2,$0,$8,$0,$10,$20,$4,$3,$0,$3,$7,$0,$-13,$0,$12,$20,$-3,$0,$0,$1,$-0,$0,$1,$-0,$1,$-1,$-0,$-0,$-3,$3,$0,$3,$0,$-0,$2,$0,$2,$2,$2,$0,$-0,$4,$3,$0,$0
41,2008-03-31,56.6,$13.76,4.11,$15.88,3.56,$-7.86,0.0,$-5.80,0.0,$0.01B,$0.00B,2.59,$0.00B,$0.01B,0.01,$0.01B,$0.00B,25.00%,$0.01B,$-0.00B,-33.33%,$0.01B,$-0.00B,-33.33%,$0.01B,$-0.00B,-33.33%,$0.01B,$-0.00B,-25.00%,$0.01B,$-0.00B,-25.00%,$-0.00B,$0.01B,-29.27%,$-0.00B,$0.01B,-37.50%,$-0.00B,$0.01B,-21.82%,$-0.00B,$0.01B,-38.10%,$3,$2,$1,$0,$2,$4,$-1,$0,$-1,$0,$-1,$-1,$-1,$-1,$-1,$1,1,$-1.80,$-1.80,$4,$3,$0,$10,$1,$0,$3,$0,$5,$14,$4,$0,$0,$0,$4,$0,$-12,$0,$10,$14,$-1,$0,$0,$0,$-0,$0,$1,$-0,$0,$-1,$-0,$-0,$-0,$2,$0,$2,$0,$1,$-0,$0,$-0,$2,$2,$0,$0,$2,$2,$0,$0
42,2007-12-31,49.0,$14.08,3.48,$15.24,3.22,$-6.81,0.0,$-4.50,0.0,$0.01B,$0.00B,2.7,$0.00B,$0.01B,0.01,$0.01B,$0.00B,27.27%,$0.01B,$-0.00B,-27.27%,$0.01B,$-0.00B,-27.27%,$0.01B,$-0.00B,-27.27%,$0.01B,$-0.00B,-18.18%,$0.01B,$-0.00B,-18.18%,$-0.00B,$0.01B,-19.05%,$-0.00B,$0.01B,-22.22%,$-0.00B,$0.01B,-14.81%,$-0.00B,$0.01B,-28.57%,$3,$2,$1,$0,$2,$4,$-1,$0,$-1,$0,$-1,$-1,$-1,$-1,$-1,$1,1,$-1.80,$-1.80,$3,$4,$0,$9,$1,$0,$3,$0,$5,$13,$3,$0,$0,$0,$3,$0,$-11,$0,$10,$13,$-3,$0,$0,$1,$0,$0,$0,$0,$0,$-2,$-1,$-0,$-2,$4,$0,$4,$0,$2,$1,$-1,$0,$-0,$-0,$0,$-0,$0,$-0,$0,$0
43,2007-09-30,54.6,$16.13,3.39,$19.81,2.76,$-9.81,0.0,$-7.80,0.0,$0.01B,$0.00B,3.67,$0.00B,$0.01B,0.0,$0.01B,$0.00B,20.00%,$0.01B,$-0.00B,-30.00%,$0.01B,$-0.00B,-30.00%,$0.01B,$-0.00B,-30.00%,$0.01B,$-0.00B,-30.00%,$0.01B,$-0.00B,-30.00%,$-0.00B,$0.01B,-27.91%,$-0.00B,$0.01B,-30.00%,$-0.00B,$0.01B,-21.82%,$-0.00B,$0.01B,-27.91%,$3,$2,$1,$0,$1,$3,$-1,$0,$-0,$0,$-0,$-0,$-0,$-1,$-1,$1,1,$-0.60,$-0.60,$4,$4,$0,$9,$1,$0,$3,$0,$5,$14,$3,$0,$0,$0,$3,$0,$-9,$0,$11,$14,$-2,$0,$0,$1,$-0,$0,$0,$-0,$0,$-1,$-0,$0,$-2,$6,$0,$6,$0,$4,$-1,$0,$-0,$0,$0,$0,$-0,$-1,$3,$0,$0
44,2007-06-30,72.5,$15.11,4.8,$26.97,2.69,$-14.27,0.0,$-8.70,0.0,$0.01B,$0.00B,3.36,$0.00B,$0.01B,0.0,$0.01B,$0.00B,20.00%,$0.01B,$-0.00B,-20.00%,$0.01B,$-0.00B,-20.00%,$0.01B,$-0.00B,-20.00%,$0.01B,$-0.00B,-30.00%,$0.01B,$-0.00B,-30.00%,$-0.00B,$0.01B,-33.33%,$-0.00B,$0.01B,-33.33%,$-0.00B,$0.01B,-23.53%,$-0.00B,$0.01B,-20.51%,$3,$2,$0,$0,$1,$4,$-1,$0,$-1,$0,$-1,$-1,$-1,$-1,$-1,$1,1,$-1.50,$-1.50,$7,$3,$0,$12,$1,$0,$0,$0,$2,$14,$4,$0,$0,$0,$4,$0,$-9,$0,$10,$14,$-1,$0,$0,$1,$-0,$0,$1,$-0,$0,$-0,$-0,$-0,$0,$2,$0,$2,$0,$2,$-1,$1,$1,$0,$0,$0,$-0,$0,$2,$0,$0
45,2007-03-31,43.3,$16.60,2.61,$35.46,1.22,$-19.57,0.0,$-7.70,0.0,$0.01B,$0.00B,5.21,$0.00B,$0.01B,0.0,$0.01B,$0.00B,30.00%,$0.01B,$-0.00B,-10.00%,$0.01B,$-0.00B,-10.00%,$0.01B,$-0.00B,-10.00%,$0.01B,$-0.00B,-20.00%,$0.01B,$-0.00B,-20.00%,$-0.00B,$0.01B,-25.81%,$-0.00B,$0.01B,-25.81%,$-0.00B,$0.01B,-17.02%,$-0.00B,$0.01B,-11.11%,$2,$1,$1,$0,$1,$3,$-0,$0,$-0,$0,$-0,$-0,$-0,$-0,$-0,$1,1,$-0.50,$-0.50,$7,$4,$0,$12,$1,$0,$0,$0,$1,$13,$2,$0,$0,$0,$2,$0,$-8,$0,$11,$13,$-0,$0,$0,$0,$0,$-0,$0,$-0,$-0,$0,$-0,$-0,$0,$1,$0,$1,$0,$1,$-1,$0,$-0,$0,$0,$0,$-0,$-0,$0,$0,$0
46,2006-12-31,33.2,$17.30,1.92,$42.34,0.78,$-21.89,0.0,$-8.80,0.0,$0.01B,$0.00B,5.06,$0.00B,$0.01B,0.0,$0.01B,$0.00B,27.27%,$0.01B,$-0.00B,-9.09%,$0.01B,$-0.00B,-9.09%,$0.01B,$-0.00B,-9.09%,$0.01B,$-0.00B,-18.18%,$0.01B,$-0.00B,-18.18%,$-0.00B,$0.01B,-32.00%,$-0.00B,$0.01B,-33.33%,$-0.00B,$0.01B,-18.60%,$-0.00B,$0.01B,-12.50%,$2,$2,$0,$0,$2,$4,$-1,$-0,$-2,$0,$-2,$-2,$-2,$-1,$-1,$0,0,$-5.20,$-5.20,$8,$3,$0,$12,$1,$0,$0,$0,$1,$14,$2,$0,$0,$0,$2,$0,$-8,$0,$11,$14,$-2,$1,$1,$1,$0,$-0,$0,$0,$-1,$-2,$-0,$-0,$0,$-6,$0,$-6,$0,$-6,$0,$0,$0,$8,$8,$0,$0,$8,$0,$0,$0
