,Date,Stock Price,Book Value per Share,Price to Book Ratio,TTM Sales per Share,Price to Sales Ratio,TTM FCF per Share,Price to FCF Ratio,TTM Net EPS,PE Ratio,Current Assets,Current Liabilities,Current Ratio,Long Term Debt,Shareholder's Equity_x,Debt to Equity Ratio,TTM Revenue_x,TTM Gross Profit,Gross Margin,TTM Revenue_y,TTM Operating Income,Operating Margin,TTM Revenue_x,TTM EBIT,EBIT Margin,TTM Revenue_y,TTM EBITDA,EBITDA Margin,TTM Revenue_x,TTM Pre-Tax Income,Pre-Tax Margin,TTM Revenue_y,TTM Net Income_x,Net Margin,TTM Net Income_y,Shareholder's Equity_y,Return on Equity,TTM Net Income_x,Tangible Equity,Return on Tangible Equity,TTM Net Income_y,Total Assets,Return on Assets,TTM Net Income,LT Investments & Debt,Return on Investment,revenue,cost-goods-sold,gross-profit,research-development-expenses,selling-general-administrative-expenses,operating-expenses,operating-income,total-non-operating-income-expense,pre-tax-income,total-provision-income-taxes,income-after-taxes,income-from-continuous-operations,net-income,ebitda,ebit,basic-shares-outstanding,shares-outstanding,eps-basic-net-earnings-per-share,eps-earnings-per-share-diluted,cash-on-hand,inventory,other-current-assets,total-current-assets,net-property-plant-equipment,long-term-investments,goodwill-intangible-assets-total,other-long-term-assets,total-long-term-assets,total-assets,total-current-liabilities,long-term-debt,other-non-current-liabilities,total-long-term-liabilities,total-liabilities,common-stock-net,retained-earnings-accumulated-deficit,comprehensive-income,total-share-holder-equity,total-liabilities-share-holders-equity,net-income-loss,total-depreciation-amortization-cash-flow,other-non-cash-items,total-non-cash-items,change-in-accounts-receivable,change-in-inventories,change-in-accounts-payable,change-in-assets-liabilities,total-change-in-assets-liabilities,cash-flow-from-operating-activities,net-change-in-property-plant-equipment,net-change-in-intangible-assets,net-acquisitions-divestitures,net-change-in-short-term-investments,net-change-in-long-term-investments,net-change-in-investments-total,investing-activities-other,cash-flow-from-investing-activities,net-long-term-debt,net-current-debt,debt-issuance-retirement-net-total,net-common-equity-issued-repurchased,net-total-equity-issued-repurchased,total-common-preferred-stock-dividends-paid,financial-activities-other,cash-flow-from-financial-activities,net-cash-flow,stock-based-compensation,common-stock-dividends-paid
0,2018-09-30,8.84,$5.42,1.63,$2.59,3.42,$1.57,5.62,$0.59,14.98,$0.87B,$1.00B,0.88,$0.03B,$0.12B,0.24,$0.06B,$0.06B,98.28%,$0.06B,$0.02B,34.48%,$0.06B,0,0.00%,$0.06B,0,0.00%,$0.06B,$0.02B,34.48%,$0.06B,$0.01B,22.41%,$0.01B,$0.12B,10.92%,$0.01B,$0.09B,14.40%,$0.01B,$1.15B,1.14%,$0.02B,$0.15B,13.49%,$15,$1,$15,$0,$9,$10,$5,$0,$5,$1,$4,$4,$4,$0,$0,$23,23,$0.19,$0.19,$31,$0,$0,$873,$15,$192,$28,$34,$275,$1148,$996,$29,$1,$30,$1026,$0,$64,$-7,$122,$1148,$9,$1,$-0,$1,$0,$0,$0,$-1,$3,$13,$0,$2,$0,$0,$20,$20,$-38,$-17,$-0,$0,$-0,$0,$0,$-1,$-13,$-14,$-18,$0,$-1
1,2018-06-30,8.41,$5.31,1.58,$2.54,3.32,$1.20,6.98,$0.54,15.57,$0.86B,$0.99B,0.87,$0.03B,$0.12B,0.24,$0.06B,$0.06B,96.49%,$0.06B,$0.02B,35.09%,$0.06B,0,0.00%,$0.06B,0,0.00%,$0.06B,$0.02B,35.09%,$0.06B,$0.01B,21.05%,$0.01B,$0.12B,10.19%,$0.01B,$0.09B,13.52%,$0.01B,$1.14B,1.05%,$0.02B,$0.15B,13.61%,$15,$1,$15,$0,$9,$9,$6,$0,$6,$1,$4,$4,$4,$0,$0,$23,23,$0.20,$0.20,$38,$0,$0,$857,$16,$201,$29,$32,$283,$1140,$991,$29,$1,$30,$1020,$0,$60,$-5,$120,$1140,$4,$1,$-0,$1,$0,$0,$0,$0,$-1,$4,$0,$1,$0,$0,$12,$12,$-15,$-2,$-0,$0,$-0,$0,$0,$-1,$-13,$-14,$-11,$0,$-1
2,2018-03-31,9.27,$5.18,1.79,$2.48,3.75,$0.97,9.52,$0.46,20.16,$0.86B,$1.01B,0.85,$0.03B,$0.12B,0.25,$0.06B,$0.05B,94.64%,$0.06B,$0.02B,32.14%,$0.06B,0,0.00%,$0.06B,0,0.00%,$0.06B,$0.02B,32.14%,$0.06B,$0.01B,19.64%,$0.01B,$0.12B,9.46%,$0.01B,$0.09B,12.61%,$0.01B,$1.15B,0.97%,$0.02B,$0.15B,12.37%,$14,$1,$13,$0,$9,$10,$4,$0,$4,$1,$3,$3,$3,$0,$0,$23,23,$0.12,$0.12,$51,$0,$0,$855,$16,$215,$29,$33,$297,$1152,$1005,$29,$1,$30,$1035,$0,$57,$-5,$117,$1152,$10,$3,$3,$6,$-0,$0,$0,$-0,$-4,$12,$-1,$0,$0,$5,$-18,$-13,$-32,$-46,$-0,$0,$-0,$0,$0,$-2,$16,$14,$-20,$0,$-2
3,2017-12-31,8.58,$5.18,1.66,$2.41,3.55,$1.26,6.8,$0.42,20.42,$0.82B,$0.98B,0.84,$0.03B,$0.12B,0.26,$0.05B,$0.05B,96.30%,$0.05B,$0.02B,31.48%,$0.05B,0,0.00%,$0.05B,0,0.00%,$0.05B,$0.02B,31.48%,$0.05B,$0.01B,18.52%,$0.01B,$0.12B,8.71%,$0.01B,$0.09B,11.66%,$0.01B,$1.13B,0.88%,$0.02B,$0.15B,11.81%,$14,$1,$14,$0,$9,$9,$5,$0,$5,$4,$2,$2,$2,$0,$0,$23,23,$0.07,$0.07,$30,$0,$0,$820,$16,$226,$29,$33,$308,$1128,$981,$30,$0,$30,$1012,$0,$54,$-2,$117,$1128,$7,$2,$3,$5,$-0,$0,$0,$-1,$-6,$7,$-0,$0,$0,$4,$-26,$-22,$-18,$-40,$1,$0,$1,$0,$0,$-1,$-8,$-8,$-42,$0,$-1
4,2017-09-30,8.29,$5.18,1.6,$2.28,3.63,$1.52,5.47,$0.44,18.84,$0.86B,$1.00B,0.86,$0.03B,$0.12B,0.25,$0.05B,$0.05B,96.08%,$0.05B,$0.02B,29.41%,$0.05B,0,0.00%,$0.05B,0,0.00%,$0.05B,$0.02B,29.41%,$0.05B,$0.01B,19.61%,$0.01B,$0.12B,8.87%,$0.01B,$0.09B,11.83%,$0.01B,$1.15B,0.91%,$0.02B,$0.15B,10.64%,$14,$1,$13,$0,$9,$9,$5,$0,$5,$2,$3,$3,$3,$0,$0,$23,23,$0.14,$0.14,$86,$0,$0,$863,$16,$202,$29,$33,$285,$1148,$1001,$29,$1,$30,$1031,$0,$53,$-1,$117,$1148,$6,$1,$1,$2,$-0,$0,$0,$-0,$-3,$5,$-0,$1,$0,$0,$-0,$-0,$-4,$-3,$-0,$0,$-0,$0,$0,$-1,$11,$10,$12,$0,$-1
5,2017-06-30,6.53,$5.06,1.29,$2.16,3.03,$1.58,4.13,$0.37,17.65,$0.84B,$0.98B,0.85,$0.03B,$0.11B,0.25,$0.05B,$0.05B,97.92%,$0.05B,$0.01B,25.00%,$0.05B,0,0.00%,$0.05B,0,0.00%,$0.05B,$0.01B,25.00%,$0.05B,$0.01B,18.75%,$0.01B,$0.11B,8.09%,$0.01B,$0.09B,10.75%,$0.01B,$1.13B,0.85%,$0.01B,$0.14B,8.66%,$14,$1,$13,$0,$9,$10,$4,$0,$4,$1,$3,$3,$3,$0,$0,$23,23,$0.12,$0.12,$45,$0,$0,$836,$16,$206,$29,$32,$289,$1125,$982,$29,$1,$29,$1011,$0,$50,$-1,$114,$1125,$3,$1,$1,$2,$-0,$0,$0,$-0,$-5,$-1,$-0,$0,$0,$0,$-5,$-5,$-18,$-23,$-0,$0,$-0,$0,$0,$-0,$-7,$-7,$-31,$0,$-0
6,2017-03-31,7.02,$4.94,1.42,$2.02,3.46,$1.76,3.98,$0.33,21.26,$0.85B,$0.99B,0.85,$0.03B,$0.11B,0.26,$0.05B,$0.04B,97.78%,$0.05B,$0.01B,24.44%,$0.05B,0,0.00%,$0.05B,0,0.00%,$0.05B,$0.01B,24.44%,$0.05B,$0.01B,17.78%,$0.01B,$0.11B,7.26%,$0.01B,$0.08B,9.58%,$0.01B,$1.13B,0.79%,$0.01B,$0.14B,8.06%,$12,$1,$12,$0,$9,$9,$3,$0,$3,$1,$2,$2,$2,$0,$0,$22,23,$0.09,$0.09,$76,$0,$0,$848,$16,$201,$29,$32,$286,$1134,$993,$29,$1,$30,$1023,$0,$48,$-2,$111,$1134,$7,$3,$3,$6,$-0,$0,$0,$-0,$5,$18,$-0,$0,$0,$6,$-55,$-50,$-26,$-77,$-0,$0,$-0,$0,$0,$-2,$70,$68,$9,$0,$-2
7,2016-12-31,6.85,$4.86,1.41,$1.92,3.57,$1.49,4.61,$0.30,22.83,$0.70B,$0.85B,0.82,$0.03B,$0.11B,0.23,$0.04B,$0.04B,97.67%,$0.04B,$0.01B,23.26%,$0.04B,0,0.00%,$0.04B,0,0.00%,$0.04B,$0.01B,23.26%,$0.04B,$0.01B,16.28%,$0.01B,$0.11B,6.39%,$0.01B,$0.08B,8.38%,$0.01B,$0.99B,0.73%,$0.01B,$0.14B,7.42%,$11,$0,$11,$0,$8,$8,$3,$0,$3,$1,$2,$2,$2,$0,$0,$22,23,$0.09,$0.09,$40,$0,$0,$698,$14,$208,$26,$31,$288,$986,$851,$25,$0,$25,$876,$0,$47,$-2,$109,$986,$5,$2,$3,$5,$-1,$0,$0,$1,$2,$12,$0,$0,$0,$5,$-64,$-59,$-40,$-98,$-0,$0,$-0,$0,$0,$-1,$60,$59,$-27,$0,$-1
8,2016-09-30,5.24,$4.93,1.06,$1.88,2.79,$1.32,3.96,$0.29,18.09,$0.75B,$0.85B,0.89,$0.03B,$0.11B,0.23,$0.04B,$0.04B,97.62%,$0.04B,$0.01B,23.81%,$0.04B,0,0.00%,$0.04B,0,0.00%,$0.04B,$0.01B,23.81%,$0.04B,$0.01B,16.67%,$0.01B,$0.11B,6.44%,$0.01B,$0.09B,8.46%,$0.01B,$0.98B,0.75%,$0.01B,$0.14B,7.48%,$11,$0,$11,$0,$8,$9,$2,$0,$2,$1,$2,$2,$2,$0,$0,$22,23,$0.07,$0.07,$108,$0,$0,$753,$14,$153,$26,$30,$231,$984,$847,$25,$1,$26,$873,$0,$45,$1,$111,$984,$3,$2,$1,$3,$-0,$0,$0,$-0,$0,$7,$-0,$0,$0,$1,$-2,$-1,$-27,$-27,$-0,$0,$-0,$0,$0,$-1,$59,$58,$38,$0,$-1
9,2016-06-30,4.59,$4.89,0.94,$1.82,2.52,$1.22,3.77,$0.29,15.84,$0.69B,$0.80B,0.87,$0.03B,$0.11B,0.23,$0.04B,$0.04B,95.12%,$0.04B,$0.01B,24.39%,$0.04B,0,0.00%,$0.04B,0,0.00%,$0.04B,$0.01B,24.39%,$0.04B,$0.01B,17.07%,$0.01B,$0.11B,6.50%,$0.01B,$0.08B,8.56%,$0.01B,$0.93B,0.77%,$0.01B,$0.14B,7.53%,$11,$0,$10,$0,$8,$8,$3,$0,$3,$1,$2,$2,$2,$0,$0,$22,23,$0.08,$0.08,$67,$0,$0,$689,$14,$165,$26,$30,$243,$932,$797,$25,$1,$26,$822,$0,$44,$2,$110,$932,$2,$1,$1,$2,$0,$0,$0,$0,$0,$3,$-0,$0,$0,$0,$-13,$-12,$-5,$-18,$-0,$0,$-0,$0,$0,$-0,$10,$9,$-5,$0,$-0
10,2016-03-31,4.06,$4.81,0.84,$1.79,2.26,$1.17,3.48,$0.28,14.5,$0.69B,$0.79B,0.88,$0.03B,$0.11B,0.23,$0.04B,$0.04B,97.50%,$0.04B,$0.01B,22.50%,$0.04B,0,0.00%,$0.04B,0,0.00%,$0.04B,$0.01B,22.50%,$0.04B,$0.01B,17.50%,$0.01B,$0.11B,6.57%,$0.01B,$0.08B,8.70%,$0.01B,$0.92B,0.79%,$0.01B,$0.13B,6.84%,$10,$0,$10,$0,$7,$8,$2,$0,$2,$1,$1,$1,$1,$0,$0,$22,22,$0.06,$0.06,$72,$0,$0,$690,$15,$152,$26,$30,$231,$921,$787,$25,$1,$26,$813,$0,$43,$1,$108,$921,$6,$3,$4,$6,$-1,$0,$0,$-0,$-1,$11,$0,$0,$0,$9,$-34,$-25,$-46,$-71,$-0,$0,$-0,$-1,$-1,$-1,$59,$56,$-3,$0,$-1
11,2015-12-31,4.53,$4.71,0.96,$1.77,2.56,$1.13,4.02,$0.29,15.63,$0.65B,$0.76B,0.86,$0.03B,$0.11B,0.24,$0.04B,$0.04B,95.00%,$0.04B,$0.01B,22.50%,$0.04B,0,0.00%,$0.04B,0,0.00%,$0.04B,$0.01B,22.50%,$0.04B,$0.01B,20.00%,$0.01B,$0.11B,7.58%,$0.01B,$0.08B,10.06%,$0.01B,$0.89B,0.91%,$0.01B,$0.13B,6.90%,$10,$0,$10,$0,$7,$8,$3,$0,$3,$1,$2,$2,$2,$0,$0,$22,23,$0.08,$0.08,$47,$0,$0,$650,$15,$155,$26,$29,$236,$886,$755,$25,$0,$25,$780,$0,$42,$-0,$106,$886,$5,$2,$1,$4,$1,$0,$0,$-0,$-0,$8,$0,$0,$0,$8,$-39,$-31,$-32,$-62,$-0,$0,$-0,$-1,$-1,$-1,$26,$24,$-30,$0,$-1
12,2015-09-30,4.56,$4.75,0.96,$1.73,2.63,$1.20,3.8,$0.26,17.54,$0.68B,$0.76B,0.89,$0.03B,$0.11B,0.24,$0.04B,$0.04B,94.87%,$0.04B,$0.01B,20.51%,$0.04B,0,0.00%,$0.04B,0,0.00%,$0.04B,$0.01B,20.51%,$0.04B,$0.01B,17.95%,$0.01B,$0.11B,6.70%,$0.01B,$0.08B,8.92%,$0.01B,$0.90B,0.81%,$0.01B,$0.13B,6.14%,$10,$0,$9,$0,$7,$7,$2,$0,$2,$1,$2,$2,$2,$0,$0,$22,22,$0.07,$0.07,$90,$0,$0,$679,$15,$136,$26,$29,$217,$896,$763,$25,$1,$26,$789,$0,$40,$1,$107,$896,$3,$2,$1,$2,$-0,$0,$0,$-0,$-2,$4,$0,$0,$0,$5,$-18,$-13,$-16,$-29,$-0,$0,$-0,$0,$0,$-1,$36,$36,$10,$0,$-1
13,2015-06-30,4.1,$4.66,0.88,$1.72,2.39,$1.45,2.82,$0.24,17.07,$0.64B,$0.73B,0.87,$0.03B,$0.11B,0.24,$0.04B,$0.04B,97.37%,$0.04B,$0.01B,21.05%,$0.04B,0,0.00%,$0.04B,0,0.00%,$0.04B,$0.01B,21.05%,$0.04B,$0.01B,15.79%,$0.01B,$0.11B,5.83%,$0.01B,$0.08B,7.79%,$0.01B,$0.86B,0.71%,$0.01B,$0.13B,6.21%,$10,$0,$10,$0,$7,$8,$2,$0,$2,$1,$2,$2,$2,$0,$0,$22,22,$0.07,$0.07,$74,$0,$0,$636,$15,$141,$26,$30,$224,$860,$730,$25,$0,$25,$755,$0,$39,$-0,$105,$860,$2,$1,$0,$1,$1,$0,$0,$-0,$-1,$2,$-0,$0,$0,$0,$-24,$-23,$10,$-14,$-0,$0,$-0,$0,$0,$-0,$2,$1,$-11,$0,$-0
14,2015-03-31,4.3,$4.64,0.93,$1.67,2.57,$1.57,2.73,$0.20,21.49,$0.66B,$0.73B,0.9,$0.03B,$0.10B,0.24,$0.04B,$0.04B,97.30%,$0.04B,$0.01B,18.92%,$0.04B,0,0.00%,$0.04B,0,0.00%,$0.04B,$0.01B,18.92%,$0.04B,$0.01B,13.51%,$0.01B,$0.10B,4.91%,$0.01B,$0.08B,6.60%,$0.01B,$0.86B,0.60%,$0.01B,$0.13B,5.49%,$10,$0,$9,$0,$7,$7,$2,$0,$2,$1,$2,$2,$2,$0,$0,$22,22,$0.07,$0.07,$85,$0,$0,$657,$15,$118,$26,$30,$202,$859,$729,$25,$0,$25,$754,$0,$38,$1,$104,$859,$4,$3,$0,$4,$-0,$0,$0,$-0,$-3,$6,$5,$0,$0,$11,$-9,$2,$-54,$-46,$-0,$0,$-0,$0,$0,$0,$31,$31,$-10,$0,$0
15,2014-12-31,4.28,$4.56,0.94,$1.62,2.64,$1.68,2.54,$0.87,4.92,$0.62B,$0.70B,0.89,$0.03B,$0.10B,0.26,$0.04B,$0.04B,100.00%,$0.04B,$0.01B,20.00%,$0.04B,0,0.00%,$0.04B,0,0.00%,$0.04B,$0.01B,20.00%,$0.04B,$0.02B,57.14%,$0.02B,$0.10B,19.95%,$0.02B,$0.08B,26.94%,$0.02B,$0.83B,2.41%,$0.01B,$0.13B,5.56%,$9,$0,$9,$0,$7,$8,$2,$0,$2,$1,$1,$1,$1,$0,$0,$22,22,$0.05,$0.05,$49,$0,$0,$619,$16,$125,$26,$29,$209,$828,$699,$27,$0,$27,$726,$0,$37,$0,$102,$828,$3,$2,$1,$3,$-0,$0,$0,$0,$-1,$5,$5,$0,$0,$10,$-15,$-5,$-52,$-53,$2,$0,$2,$0,$0,$0,$-1,$1,$-47,$0,$0
16,2014-09-30,3.81,$4.49,0.85,$1.61,2.37,$1.75,2.18,$0.86,4.43,$0.61B,$0.72B,0.85,$0.03B,$0.10B,0.25,$0.04B,$0.03B,97.14%,$0.04B,$0.01B,17.14%,$0.04B,0,0.00%,$0.04B,0,0.00%,$0.04B,$0.01B,17.14%,$0.04B,$0.02B,57.14%,$0.02B,$0.10B,21.00%,$0.02B,$0.08B,28.88%,$0.02B,$0.84B,2.43%,$0.01B,$0.13B,4.99%,$9,$0,$9,$0,$7,$8,$2,$0,$2,$1,$1,$1,$1,$0,$0,$22,22,$0.05,$0.05,$64,$0,$0,$607,$16,$147,$26,$31,$234,$842,$715,$25,$1,$26,$741,$0,$35,$-0,$101,$842,$2,$1,$1,$2,$0,$0,$0,$-0,$2,$6,$3,$0,$0,$4,$-38,$-34,$-26,$-57,$-0,$0,$-0,$0,$0,$0,$13,$13,$-38,$0,$0
17,2014-06-30,3.71,$4.44,0.83,$1.57,2.36,$1.59,2.33,$0.83,4.46,$0.61B,$0.70B,0.88,$0.03B,$0.10B,0.25,$0.04B,$0.03B,94.29%,$0.04B,$0.00B,11.43%,$0.04B,0,0.00%,$0.04B,0,0.00%,$0.04B,$0.00B,11.43%,$0.04B,$0.02B,54.29%,$0.02B,$0.10B,20.99%,$0.02B,$0.07B,29.46%,$0.02B,$0.83B,2.34%,$0.00B,$0.13B,3.46%,$9,$1,$9,$0,$7,$8,$1,$0,$1,$0,$1,$1,$1,$0,$0,$22,22,$0.03,$0.03,$76,$0,$0,$613,$16,$127,$26,$28,$211,$825,$699,$25,$0,$25,$725,$0,$34,$-0,$100,$825,$1,$1,$1,$1,$0,$0,$0,$-1,$2,$4,$1,$0,$0,$2,$-17,$-15,$-14,$-27,$-0,$0,$-0,$0,$0,$0,$-4,$-4,$-27,$0,$0
18,2014-03-31,3.27,$4.38,0.75,$1.57,2.08,$1.57,2.09,$0.87,3.76,$0.63B,$0.70B,0.9,$0.03B,$0.10B,0.25,$0.04B,$0.03B,91.43%,$0.04B,$0.01B,14.29%,$0.04B,0,0.00%,$0.04B,0,0.00%,$0.04B,$0.01B,14.29%,$0.04B,$0.02B,57.14%,$0.02B,$0.10B,23.32%,$0.02B,$0.07B,33.47%,$0.02B,$0.83B,2.50%,$0.01B,$0.12B,4.51%,$8,$1,$8,$0,$6,$7,$2,$0,$2,$-15,$17,$17,$17,$0,$0,$22,22,$0.74,$0.74,$106,$0,$0,$629,$16,$109,$26,$29,$195,$825,$701,$25,$0,$26,$726,$0,$34,$-1,$98,$825,$19,$2,$-17,$-15,$-0,$0,$0,$0,$2,$7,$7,$0,$0,$8,$-95,$-87,$2,$-78,$-0,$0,$-0,$-1,$-1,$0,$26,$25,$-47,$0,$0
19,2013-12-31,2.77,$3.64,0.76,$1.60,1.73,$1.74,1.59,$0.20,13.85,$0.67B,$0.70B,0.96,$0.03B,$0.08B,0.31,$0.04B,$0.03B,88.89%,$0.04B,$0.01B,13.89%,$0.04B,0,0.00%,$0.04B,0,0.00%,$0.04B,$0.01B,13.89%,$0.04B,$0.01B,13.89%,$0.01B,$0.08B,6.17%,$0.01B,$0.06B,9.09%,$0.01B,$0.81B,0.64%,$0.01B,$0.11B,4.72%,$9,$1,$8,$0,$8,$8,$1,$0,$1,$0,$1,$1,$1,$0,$0,$22,22,$0.04,$0.04,$160,$0,$0,$668,$17,$61,$26,$33,$137,$805,$698,$25,$0,$25,$723,$0,$17,$-1,$82,$805,$3,$1,$-1,$0,$1,$0,$0,$0,$2,$5,$7,$0,$0,$7,$-47,$-40,$12,$-21,$-0,$0,$-0,$-1,$-1,$0,$25,$24,$8,$0,$0
20,2013-09-30,2.51,$3.63,0.69,$1.65,1.52,$1.78,1.41,$0.21,11.96,$0.67B,$0.68B,0.98,$0.03B,$0.08B,0.31,$0.04B,$0.03B,89.19%,$0.04B,$0.01B,13.51%,$0.04B,0,0.00%,$0.04B,0,0.00%,$0.04B,$0.01B,13.51%,$0.04B,$0.01B,13.51%,$0.01B,$0.08B,6.27%,$0.01B,$0.06B,9.30%,$0.01B,$0.79B,0.64%,$0.01B,$0.11B,4.76%,$9,$1,$8,$0,$8,$8,$0,$0,$0,$-0,$0,$0,$0,$0,$0,$22,22,$0.02,$0.02,$152,$0,$0,$665,$17,$47,$26,$34,$124,$789,$682,$25,$0,$26,$707,$0,$16,$-1,$82,$789,$2,$1,$-1,$-0,$-1,$0,$0,$0,$1,$3,$4,$0,$0,$7,$-32,$-25,$10,$-12,$-0,$0,$-0,$0,$0,$0,$8,$8,$-1,$0,$0
21,2013-06-30,2.4,$3.59,0.67,$1.75,1.37,$1.86,1.29,$0.27,8.88,$0.67B,$0.67B,1.0,$0.03B,$0.08B,0.31,$0.04B,$0.04B,89.74%,$0.04B,$0.01B,17.95%,$0.04B,0,0.00%,$0.04B,0,0.00%,$0.04B,$0.01B,17.95%,$0.04B,$0.01B,17.95%,$0.01B,$0.08B,8.95%,$0.01B,$0.06B,13.40%,$0.01B,$0.78B,0.89%,$0.01B,$0.11B,6.76%,$9,$1,$8,$0,$7,$7,$2,$0,$2,$0,$2,$2,$2,$0,$0,$22,22,$0.07,$0.07,$155,$0,$0,$669,$18,$28,$26,$33,$105,$775,$668,$25,$0,$25,$694,$0,$16,$-1,$81,$775,$2,$0,$-1,$-1,$-0,$0,$0,$0,$1,$2,$3,$0,$0,$2,$-14,$-12,$9,$-0,$-0,$0,$-0,$0,$0,$0,$-5,$-5,$-4,$0,$0
22,2013-03-31,2.52,$3.52,0.72,$1.87,1.35,$1.92,1.32,$0.12,21.01,$0.68B,$0.67B,1.02,$0.03B,$0.08B,0.32,$0.04B,$0.04B,90.48%,$0.04B,$0.00B,7.14%,$0.04B,0,0.00%,$0.04B,0,0.00%,$0.04B,$0.00B,7.14%,$0.04B,$0.00B,7.14%,$0.00B,$0.08B,3.92%,$0.00B,$0.05B,5.94%,$0.00B,$0.78B,0.38%,$0.00B,$0.10B,2.94%,$9,$1,$8,$0,$7,$7,$2,$0,$2,$0,$2,$2,$2,$0,$0,$22,22,$0.07,$0.07,$160,$0,$0,$683,$18,$14,$26,$36,$94,$777,$672,$25,$1,$26,$698,$0,$14,$-1,$79,$777,$3,$2,$5,$7,$-1,$0,$0,$3,$1,$11,$6,$0,$0,$-3,$2,$-2,$134,$139,$-0,$0,$-0,$0,$0,$0,$-80,$-80,$69,$0,$0
23,2012-12-31,1.61,$3.44,0.47,$1.96,0.82,$1.99,0.81,$-0.66,0.0,$0.70B,$0.69B,1.01,$0.03B,$0.08B,0.33,$0.04B,$0.04B,90.91%,$0.04B,$-0.02B,-34.09%,$0.04B,0,0.00%,$0.04B,0,0.00%,$0.04B,$-0.02B,-34.09%,$0.04B,$-0.02B,-34.09%,$-0.02B,$0.08B,-19.80%,$-0.02B,$0.05B,-30.15%,$-0.02B,$0.80B,-1.83%,$-0.02B,$0.10B,-14.81%,$10,$1,$9,$0,$8,$9,$1,$0,$1,$0,$1,$1,$1,$0,$0,$22,22,$0.05,$0.05,$151,$0,$0,$695,$18,$14,$26,$41,$99,$795,$691,$25,$1,$26,$717,$0,$13,$-1,$77,$795,$1,$1,$6,$8,$-2,$0,$0,$3,$-0,$9,$4,$0,$0,$-3,$1,$-1,$112,$114,$-0,$0,$-0,$0,$0,$0,$-62,$-62,$61,$0,$0
24,2012-09-30,1.3,$3.39,0.38,$2.01,0.65,$2.02,0.65,$-1.45,0.0,$0.71B,$0.71B,1.0,$0.03B,$0.08B,0.33,$0.05B,$0.04B,91.11%,$0.05B,$-0.02B,-53.33%,$0.05B,0,0.00%,$0.05B,0,0.00%,$0.05B,$-0.02B,-53.33%,$0.05B,$-0.03B,-73.33%,$-0.03B,$0.08B,-41.51%,$-0.03B,$0.05B,-61.68%,$-0.03B,$0.81B,-3.95%,$-0.02B,$0.10B,-22.91%,$11,$1,$10,$0,$8,$9,$2,$0,$2,$0,$2,$2,$2,$0,$0,$22,22,$0.08,$0.08,$140,$0,$0,$705,$18,$14,$26,$45,$104,$810,$707,$25,$1,$26,$733,$0,$12,$-1,$76,$810,$0,$1,$6,$7,$-1,$0,$0,$2,$-0,$6,$2,$0,$0,$-0,$1,$1,$88,$91,$-0,$0,$-0,$0,$0,$0,$-45,$-45,$52,$0,$0
25,2012-06-30,1.19,$3.31,0.36,$2.05,0.58,$1.97,0.6,$-1.52,0.0,$0.71B,$0.72B,1.0,$0.03B,$0.07B,0.34,$0.05B,$0.04B,89.13%,$0.05B,$-0.03B,-56.52%,$0.05B,0,0.00%,$0.05B,0,0.00%,$0.05B,$-0.03B,-56.52%,$0.05B,$-0.04B,-76.09%,$-0.04B,$0.07B,-39.89%,$-0.04B,$0.05B,-56.68%,$-0.04B,$0.82B,-4.11%,$-0.03B,$0.10B,-23.01%,$12,$1,$11,$0,$12,$13,$-2,$0,$-2,$0,$-2,$-2,$-2,$0,$0,$22,22,$-0.08,$-0.08,$112,$0,$0,$712,$18,$15,$26,$43,$103,$815,$715,$25,$1,$26,$740,$0,$10,$-1,$74,$815,$-2,$0,$5,$5,$0,$0,$0,$2,$1,$4,$1,$0,$0,$0,$0,$1,$58,$59,$-0,$0,$-0,$0,$0,$0,$-39,$-39,$25,$0,$0
26,2012-03-31,2.16,$3.39,0.64,$2.08,1.04,$1.86,1.16,$-1.39,0.0,$0.76B,$0.75B,1.0,$0.03B,$0.08B,0.33,$0.05B,$0.04B,89.13%,$0.05B,$-0.02B,-50.00%,$0.05B,0,0.00%,$0.05B,0,0.00%,$0.05B,$-0.02B,-50.00%,$0.05B,$-0.03B,-69.57%,$-0.03B,$0.08B,-33.25%,$-0.03B,$0.05B,-45.55%,$-0.03B,$0.86B,-3.68%,$-0.02B,$0.10B,-18.93%,$11,$1,$10,$0,$26,$27,$-16,$0,$-16,$-0,$-16,$-16,$-16,$0,$0,$22,22,$-0.72,$-0.72,$88,$0,$0,$755,$17,$15,$26,$42,$101,$856,$754,$25,$1,$26,$780,$0,$12,$-1,$76,$856,$-32,$2,$42,$44,$0,$0,$0,$-1,$0,$12,$6,$0,$0,$-27,$1,$-25,$-26,$-45,$-0,$0,$-0,$0,$0,$0,$28,$28,$-5,$0,$0
27,2011-12-31,2.26,$4.10,0.55,$2.25,1.01,$2.23,1.01,$-0.64,0.0,$0.76B,$0.75B,1.02,$0.03B,$0.09B,0.27,$0.05B,$0.04B,87.23%,$0.05B,$-0.01B,-12.77%,$0.05B,0,0.00%,$0.05B,0,0.00%,$0.05B,$-0.01B,-12.77%,$0.05B,$-0.02B,-31.91%,$-0.02B,$0.09B,-14.42%,$-0.02B,$0.07B,-19.23%,$-0.02B,$0.86B,-1.72%,$-0.01B,$0.12B,-4.63%,$11,$1,$10,$0,$18,$20,$-8,$0,$-8,$8,$-17,$-17,$-17,$0,$0,$22,22,$-0.74,$-0.74,$79,$0,$0,$761,$16,$16,$26,$43,$102,$862,$745,$25,$0,$26,$770,$0,$27,$-1,$92,$862,$-16,$1,$23,$25,$-0,$0,$0,$-0,$-0,$9,$4,$0,$0,$-28,$1,$-27,$-20,$-43,$-0,$0,$-0,$0,$0,$0,$18,$18,$-15,$0,$0
28,2011-09-30,2.29,$4.84,0.47,$2.31,0.99,$2.41,0.95,$0.13,17.63,$0.76B,$0.74B,1.03,$0.03B,$0.11B,0.23,$0.05B,$0.04B,85.71%,$0.05B,$0.00B,6.12%,$0.05B,0,0.00%,$0.05B,0,0.00%,$0.05B,$0.00B,6.12%,$0.05B,$0.00B,6.12%,$0.00B,$0.11B,2.79%,$0.00B,$0.08B,3.68%,$0.00B,$0.87B,0.35%,$0.00B,$0.13B,2.25%,$12,$2,$10,$0,$10,$12,$0,$0,$0,$0,$0,$0,$0,$0,$0,$22,22,$0.01,$0.01,$74,$0,$0,$757,$17,$16,$26,$48,$116,$873,$739,$25,$1,$26,$765,$0,$44,$-1,$109,$873,$1,$1,$4,$5,$0,$0,$0,$-0,$-0,$6,$1,$0,$0,$-9,$0,$-8,$-13,$-21,$-0,$0,$-0,$0,$0,$0,$13,$13,$-2,$0,$0
29,2011-06-30,2.93,$4.82,0.61,$2.49,1.18,$2.76,1.06,$0.18,16.28,$0.77B,$0.75B,1.02,$0.03B,$0.11B,0.23,$0.05B,$0.04B,86.00%,$0.05B,$0.01B,10.00%,$0.05B,0,0.00%,$0.05B,0,0.00%,$0.05B,$0.01B,10.00%,$0.05B,$0.00B,8.00%,$0.00B,$0.11B,3.75%,$0.00B,$0.08B,4.95%,$0.00B,$0.89B,0.46%,$0.01B,$0.13B,3.77%,$12,$2,$11,$0,$10,$11,$1,$0,$1,$0,$1,$1,$1,$0,$0,$22,22,$0.03,$0.03,$89,$0,$0,$769,$16,$16,$26,$49,$117,$886,$752,$25,$0,$26,$777,$0,$44,$-1,$108,$886,$1,$0,$2,$2,$-0,$0,$0,$-0,$-1,$2,$1,$0,$0,$-4,$0,$-4,$-7,$-10,$-0,$0,$-0,$0,$0,$0,$26,$26,$18,$0,$0
30,2011-03-31,2.9,$4.78,0.61,$3.20,0.91,$3.20,0.91,$0.29,10.01,$0.74B,$0.73B,1.02,$0.03B,$0.11B,0.24,$0.05B,$0.04B,82.69%,$0.05B,$0.01B,13.46%,$0.05B,0,0.00%,$0.05B,0,0.00%,$0.05B,$0.01B,13.46%,$0.05B,$0.01B,9.62%,$0.01B,$0.11B,4.94%,$0.01B,$0.08B,6.64%,$0.01B,$0.86B,0.58%,$0.01B,$0.13B,5.23%,$12,$2,$10,$0,$9,$11,$1,$0,$1,$1,$1,$1,$1,$0,$0,$18,18,$-0.01,$-0.01,$67,$0,$0,$742,$16,$16,$26,$49,$117,$859,$726,$25,$1,$26,$752,$0,$43,$-1,$107,$859,$4,$2,$7,$9,$-0,$0,$0,$2,$5,$18,$4,$0,$0,$-15,$1,$-14,$15,$6,$-33,$0,$-33,$19,$19,$0,$29,$14,$38,$0,$0
31,2010-12-31,2.6,$4.74,0.55,$3.74,0.69,$4.00,0.65,$-0.19,0.0,$0.72B,$0.71B,1.01,$0.03B,$0.11B,0.24,$0.05B,$0.04B,81.13%,$0.05B,$-0.00B,-1.89%,$0.05B,0,0.00%,$0.05B,0,0.00%,$0.05B,$-0.00B,-1.89%,$0.05B,$-0.00B,-1.89%,$-0.00B,$0.11B,-1.05%,$-0.00B,$0.08B,-1.44%,$-0.00B,$0.84B,-0.12%,$-0.00B,$0.13B,-0.73%,$13,$2,$11,$0,$10,$12,$1,$0,$1,$0,$1,$1,$1,$0,$0,$22,22,$0.03,$0.03,$53,$0,$0,$716,$16,$16,$26,$53,$122,$838,$706,$25,$0,$25,$732,$0,$42,$-1,$106,$838,$3,$1,$5,$6,$-1,$0,$0,$2,$4,$14,$3,$0,$0,$-17,$1,$-16,$27,$14,$-33,$0,$-33,$19,$19,$0,$9,$-6,$22,$0,$0
32,2010-09-30,1.89,$4.72,0.4,$4.39,0.43,$4.12,0.46,$-0.34,0.0,$0.75B,$0.73B,1.03,$0.03B,$0.11B,0.24,$0.05B,$0.04B,79.25%,$0.05B,$-0.00B,-7.55%,$0.05B,0,0.00%,$0.05B,0,0.00%,$0.05B,$-0.00B,-7.55%,$0.05B,$-0.00B,-5.66%,$-0.00B,$0.11B,-3.29%,$-0.00B,$0.08B,-4.60%,$-0.00B,$0.86B,-0.35%,$-0.00B,$0.13B,-2.73%,$13,$2,$11,$0,$9,$11,$2,$0,$2,$0,$1,$1,$1,$0,$0,$18,18,$0.06,$0.06,$63,$0,$0,$746,$16,$17,$26,$42,$112,$859,$727,$25,$1,$26,$753,$0,$42,$-1,$106,$859,$3,$1,$3,$3,$-1,$0,$0,$2,$3,$10,$3,$0,$0,$-15,$1,$-14,$21,$9,$-33,$0,$-33,$19,$19,$0,$30,$16,$35,$0,$0
33,2010-06-30,2.32,$7.89,0.29,$4.95,0.47,$4.40,0.53,$-0.38,0.0,$0.75B,$0.72B,1.04,$0.05B,$0.09B,0.62,$0.05B,$0.04B,77.78%,$0.05B,$-0.01B,-11.11%,$0.05B,0,0.00%,$0.05B,0,0.00%,$0.05B,$-0.01B,-11.11%,$0.05B,$-0.00B,-7.41%,$-0.00B,$0.09B,-4.58%,$-0.00B,$0.06B,-6.56%,$-0.00B,$0.86B,-0.47%,$-0.01B,$0.14B,-3.69%,$14,$2,$11,$0,$9,$11,$3,$0,$3,$1,$2,$2,$2,$0,$0,$11,11,$0.16,$0.16,$53,$0,$0,$754,$16,$17,$26,$38,$109,$863,$724,$53,$0,$53,$777,$0,$41,$-1,$86,$863,$2,$0,$1,$2,$-1,$0,$0,$0,$1,$5,$1,$0,$0,$0,$0,$0,$11,$13,$-5,$0,$-5,$0,$0,$0,$27,$22,$40,$0,$0
34,2010-03-31,2.2,$7.72,0.28,$4.99,0.44,$4.38,0.5,$-0.51,0.0,$0.73B,$0.70B,1.05,$0.06B,$0.08B,0.69,$0.05B,$0.04B,77.78%,$0.05B,$-0.01B,-16.67%,$0.05B,0,0.00%,$0.05B,0,0.00%,$0.05B,$-0.01B,-16.67%,$0.05B,$-0.01B,-11.11%,$-0.01B,$0.08B,-6.82%,$-0.01B,$0.06B,-9.72%,$-0.01B,$0.84B,-0.69%,$-0.01B,$0.14B,-4.64%,$13,$2,$10,$0,$18,$20,$-7,$0,$-7,$-3,$-5,$-5,$-5,$0,$0,$11,11,$-0.44,$-0.44,$14,$0,$0,$730,$16,$18,$26,$37,$108,$838,$695,$58,$0,$59,$754,$0,$39,$-1,$84,$838,$-5,$2,$18,$20,$2,$0,$0,$-6,$-5,$10,$12,$0,$0,$0,$3,$3,$42,$56,$-90,$0,$-90,$0,$0,$0,$18,$-72,$-6,$0,$0
35,2009-12-31,2.14,$8.15,0.26,$5.21,0.41,$3.63,0.59,$-0.14,0.0,$0.74B,$0.69B,1.08,$0.08B,$0.09B,0.94,$0.06B,$0.04B,76.79%,$0.06B,$-0.00B,-5.36%,$0.06B,0,0.00%,$0.06B,0,0.00%,$0.06B,$-0.00B,-5.36%,$0.06B,$-0.00B,-3.57%,$-0.00B,$0.09B,-2.24%,$-0.00B,$0.06B,-3.17%,$-0.00B,$0.86B,-0.22%,$-0.00B,$0.17B,-1.38%,$13,$3,$10,$0,$12,$15,$-2,$0,$-2,$-1,$-1,$-1,$-1,$0,$0,$11,11,$-0.12,$-0.12,$16,$0,$0,$740,$18,$18,$26,$47,$118,$858,$685,$84,$0,$84,$769,$0,$44,$-1,$89,$858,$-1,$2,$11,$12,$2,$0,$0,$-7,$-5,$6,$3,$0,$0,$0,$3,$3,$39,$45,$-65,$0,$-65,$0,$0,$0,$9,$-55,$-4,$0,$0
36,2009-09-30,3.53,$8.24,0.43,$5.40,0.65,$3.64,0.97,$0.12,29.44,$0.75B,$0.67B,1.13,$0.11B,$0.09B,1.17,$0.06B,$0.04B,74.14%,$0.06B,$0.00B,1.72%,$0.06B,0,0.00%,$0.06B,0,0.00%,$0.06B,$0.00B,1.72%,$0.06B,0,0.00%,$0.00B,$0.09B,0.00%,$0.00B,$0.06B,0.00%,$0.00B,$0.86B,0.00%,$0.00B,$0.20B,0.43%,$14,$3,$11,$0,$10,$13,$0,$0,$0,$0,$0,$0,$0,$0,$0,$11,11,$0.02,$0.02,$19,$0,$0,$752,$19,$20,$26,$38,$112,$864,$668,$105,$0,$106,$774,$0,$45,$-1,$90,$864,$1,$1,$6,$7,$2,$0,$0,$-0,$0,$7,$3,$0,$0,$0,$1,$1,$38,$42,$-43,$0,$-43,$0,$0,$0,$-7,$-50,$-1,$0,$0
37,2009-06-30,2.88,$8.19,0.35,$5.29,0.54,$3.27,0.88,$-0.29,0.0,$0.81B,$0.66B,1.23,$0.18B,$0.09B,1.96,$0.06B,$0.04B,69.64%,$0.06B,$-0.01B,-10.71%,$0.06B,0,0.00%,$0.06B,0,0.00%,$0.06B,$-0.01B,-10.71%,$0.06B,$-0.00B,-7.14%,$-0.00B,$0.09B,-4.49%,$-0.00B,$0.06B,-6.37%,$-0.00B,$0.92B,-0.44%,$-0.01B,$0.27B,-2.44%,$14,$3,$11,$0,$10,$14,$0,$0,$0,$0,$0,$0,$0,$0,$0,$11,11,$0.03,$0.03,$44,$0,$0,$807,$19,$25,$27,$34,$113,$920,$655,$175,$0,$176,$831,$0,$45,$-2,$89,$920,$0,$1,$3,$3,$1,$0,$0,$-0,$0,$4,$2,$0,$0,$0,$-4,$-4,$17,$15,$27,$0,$27,$0,$0,$0,$-21,$6,$25,$0,$0
38,2009-03-31,3.7,$8.15,0.45,$5.46,0.68,$3.10,1.19,$-0.25,0.0,$0.81B,$0.68B,1.19,$0.15B,$0.09B,1.66,$0.06B,$0.04B,67.24%,$0.06B,$-0.01B,-8.62%,$0.06B,0,0.00%,$0.06B,0,0.00%,$0.06B,$-0.01B,-8.62%,$0.06B,$-0.00B,-5.17%,$-0.00B,$0.09B,-3.34%,$-0.00B,$0.06B,-4.72%,$-0.00B,$0.91B,-0.33%,$-0.01B,$0.24B,-2.07%,$15,$4,$11,$0,$12,$16,$-1,$0,$-1,$-0,$-1,$-1,$-1,$0,$0,$11,11,$-0.07,$-0.07,$19,$0,$0,$808,$20,$21,$26,$31,$107,$914,$677,$148,$0,$149,$825,$0,$44,$-2,$89,$914,$-3,$2,$15,$18,$-1,$0,$0,$0,$-2,$13,$-0,$0,$0,$0,$-3,$-3,$-58,$-61,$30,$0,$30,$0,$0,$-2,$3,$31,$-17,$0,$-2
39,2008-12-31,2.15,$8.21,0.26,$5.57,0.39,$2.86,0.75,$-0.07,0.0,$0.83B,$0.70B,1.2,$0.14B,$0.09B,1.59,$0.06B,$0.04B,65.00%,$0.06B,$-0.00B,-3.33%,$0.06B,0,0.00%,$0.06B,0,0.00%,$0.06B,$-0.00B,-3.33%,$0.06B,$-0.00B,-1.67%,$-0.00B,$0.09B,-1.10%,$-0.00B,$0.06B,-1.56%,$-0.00B,$0.93B,-0.11%,$-0.00B,$0.23B,-0.85%,$15,$5,$10,$0,$8,$13,$2,$0,$2,$1,$1,$1,$1,$0,$0,$11,11,$0.14,$0.14,$24,$0,$0,$834,$20,$22,$26,$23,$95,$929,$697,$142,$0,$143,$839,$0,$43,$0,$90,$929,$-2,$2,$11,$12,$3,$0,$0,$-3,$-1,$10,$-0,$0,$0,$0,$-4,$-4,$-63,$-67,$24,$0,$24,$0,$0,$-2,$23,$45,$-13,$0,$-2
40,2008-09-30,5.7,$8.06,0.71,$5.78,0.98,$2.27,2.51,0,0.0,$0.80B,$0.65B,1.24,$0.16B,$0.09B,1.84,$0.06B,$0.04B,64.52%,$0.06B,$-0.00B,-1.61%,$0.06B,0,0.00%,$0.06B,0,0.00%,$0.06B,$-0.00B,-1.61%,$0.06B,0,0.00%,$0.00B,$0.09B,0.00%,$0.00B,$0.06B,0.00%,$0.00B,$0.90B,0.00%,$-0.00B,$0.25B,-0.43%,$12,$5,$7,$0,$14,$19,$-7,$0,$-7,$-2,$-4,$-4,$-4,$0,$0,$11,11,$-0.39,$-0.39,$26,$0,$0,$801,$20,$23,$26,$21,$95,$896,$645,$162,$0,$162,$808,$0,$42,$0,$88,$896,$-3,$1,$9,$10,$3,$0,$0,$-3,$-0,$6,$-0,$0,$0,$0,$-5,$-5,$-24,$-29,$44,$0,$44,$0,$0,$-2,$-30,$12,$-10,$-0,$-2
41,2008-06-30,7.04,$8.43,0.84,$6.21,1.13,$1.99,3.54,$0.61,11.53,$0.80B,$0.64B,1.25,$0.16B,$0.09B,1.69,$0.07B,$0.04B,64.71%,$0.07B,$0.01B,14.71%,$0.07B,0,0.00%,$0.07B,0,0.00%,$0.07B,$0.01B,14.71%,$0.07B,$0.01B,8.82%,$0.01B,$0.09B,6.49%,$0.01B,$0.07B,9.09%,$0.01B,$0.89B,0.70%,$0.01B,$0.25B,4.87%,$16,$5,$11,$0,$9,$15,$1,$0,$1,$0,$1,$1,$1,$0,$0,$11,11,$0.07,$0.07,$28,$0,$0,$795,$21,$20,$26,$17,$90,$885,$637,$155,$0,$155,$793,$0,$47,$-1,$92,$885,$1,$1,$3,$3,$1,$0,$0,$0,$0,$4,$-0,$0,$0,$0,$-0,$-0,$-10,$-10,$37,$0,$37,$0,$0,$-1,$-38,$-2,$-8,$-0,$-1
42,2008-03-31,9.35,$8.48,1.1,$6.28,1.49,$1.80,5.18,$0.79,11.84,$0.80B,$0.68B,1.18,$0.12B,$0.09B,1.28,$0.07B,$0.04B,62.86%,$0.07B,$0.01B,18.57%,$0.07B,0,0.00%,$0.07B,0,0.00%,$0.07B,$0.01B,18.57%,$0.07B,$0.01B,11.43%,$0.01B,$0.09B,8.47%,$0.01B,$0.07B,11.81%,$0.01B,$0.89B,0.95%,$0.01B,$0.21B,7.38%,$17,$6,$11,$0,$9,$15,$2,$0,$2,$1,$1,$1,$1,$0,$0,$11,11,$0.11,$0.11,$36,$0,$0,$796,$21,$21,$26,$17,$90,$887,$676,$118,$0,$119,$794,$0,$47,$-0,$93,$887,$9,$2,$2,$5,$0,$0,$0,$0,$-1,$13,$-2,$0,$0,$0,$13,$13,$-77,$-65,$73,$0,$73,$-12,$-12,$-5,$2,$58,$5,$0,$-5
43,2007-12-31,10.73,$8.46,1.27,$6.31,1.7,$1.64,6.53,$0.92,11.66,$0.75B,$0.63B,1.19,$0.12B,$0.09B,1.29,$0.07B,$0.04B,61.97%,$0.07B,$0.02B,21.13%,$0.07B,0,0.00%,$0.07B,0,0.00%,$0.07B,$0.02B,21.13%,$0.07B,$0.01B,14.08%,$0.01B,$0.09B,10.39%,$0.01B,$0.07B,14.34%,$0.01B,$0.84B,1.21%,$0.02B,$0.21B,9.39%,$17,$6,$11,$0,$8,$14,$3,$0,$3,$1,$2,$2,$2,$0,$0,$11,11,$0.21,$0.21,$33,$0,$0,$753,$21,$22,$26,$18,$91,$844,$632,$119,$0,$120,$752,$0,$47,$-0,$92,$844,$7,$2,$1,$3,$-4,$0,$0,$-1,$-6,$4,$-1,$0,$0,$0,$13,$13,$-30,$-19,$74,$0,$74,$-12,$-12,$-4,$-43,$16,$2,$0,$-4
44,2007-09-30,13.67,$8.42,1.62,$6.29,2.17,$1.96,6.96,$0.99,13.81,$0.73B,$0.67B,1.09,$0.06B,$0.09B,0.64,$0.07B,$0.05B,62.50%,$0.07B,$0.02B,23.61%,$0.07B,0,0.00%,$0.07B,0,0.00%,$0.07B,$0.02B,23.61%,$0.07B,$0.01B,15.28%,$0.01B,$0.09B,11.25%,$0.01B,$0.07B,15.49%,$0.01B,$0.82B,1.33%,$0.02B,$0.15B,11.30%,$18,$7,$11,$0,$7,$14,$4,$0,$4,$1,$2,$2,$2,$0,$0,$11,11,$0.22,$0.22,$37,$0,$0,$729,$21,$23,$27,$17,$92,$821,$669,$59,$0,$59,$728,$0,$46,$-0,$93,$821,$5,$1,$0,$1,$-1,$0,$0,$-1,$-2,$4,$-1,$0,$0,$0,$11,$11,$-5,$6,$14,$0,$14,$-11,$-11,$-2,$-6,$-5,$5,$0,$-2
45,2007-06-30,12.51,$8.62,1.45,$6.23,2.01,$1.89,6.63,$1.03,12.14,$0.74B,$0.70B,1.05,$0.03B,$0.10B,0.31,$0.07B,$0.05B,62.50%,$0.07B,$0.02B,25.00%,$0.07B,0,0.00%,$0.07B,0,0.00%,$0.07B,$0.02B,25.00%,$0.07B,$0.01B,16.67%,$0.01B,$0.10B,12.18%,$0.01B,$0.07B,16.72%,$0.01B,$0.83B,1.44%,$0.02B,$0.13B,11.15%,$18,$7,$11,$0,$7,$13,$4,$0,$4,$1,$3,$3,$3,$0,$0,$11,12,$0.25,$0.25,$68,$0,$0,$735,$21,$28,$27,$17,$97,$832,$702,$30,$0,$31,$732,$0,$44,$-0,$100,$832,$3,$1,$-0,$1,$-0,$0,$0,$-1,$-1,$2,$-0,$0,$0,$0,$6,$6,$20,$25,$-15,$0,$-15,$-2,$-2,$-1,$27,$9,$37,$0,$-1
46,2007-03-31,14.45,$8.56,1.69,$6.12,2.36,$1.95,7.41,$1.01,14.31,$0.72B,$0.68B,1.06,$0.05B,$0.10B,0.45,$0.07B,$0.05B,64.29%,$0.07B,$0.02B,25.71%,$0.07B,0,0.00%,$0.07B,0,0.00%,$0.07B,$0.02B,25.71%,$0.07B,$0.01B,17.14%,$0.01B,$0.10B,12.40%,$0.01B,$0.07B,17.08%,$0.01B,$0.82B,1.46%,$0.02B,$0.15B,10.39%,$18,$7,$11,$0,$7,$14,$4,$0,$4,$2,$3,$3,$3,$0,$0,$11,12,$0.25,$0.24,$31,$0,$0,$718,$21,$34,$27,$16,$102,$820,$675,$45,$0,$45,$720,$0,$43,$-0,$100,$820,$12,$2,$1,$3,$-1,$0,$0,$0,$-1,$14,$-4,$0,$0,$0,$7,$7,$-61,$-58,$-11,$0,$-11,$1,$1,$-4,$59,$44,$0,$0,$-4
47,2006-12-31,13.69,$8.44,1.62,$5.89,2.32,$1.77,7.72,$1.00,13.69,$0.73B,$0.66B,1.11,$0.08B,$0.10B,0.78,$0.07B,$0.05B,67.16%,$0.07B,$0.02B,26.87%,$0.07B,0,0.00%,$0.07B,0,0.00%,$0.07B,$0.02B,26.87%,$0.07B,$0.01B,17.91%,$0.01B,$0.10B,12.66%,$0.01B,$0.07B,17.65%,$0.01B,$0.84B,1.48%,$0.02B,$0.18B,10.34%,$18,$7,$12,$0,$7,$14,$5,$0,$5,$2,$3,$3,$3,$0,$0,$11,12,$0.29,$0.28,$30,$0,$0,$732,$22,$36,$27,$16,$104,$836,$661,$77,$0,$77,$738,$0,$41,$-0,$98,$836,$9,$2,$1,$3,$-1,$0,$0,$-0,$-1,$11,$-4,$0,$0,$0,$5,$5,$-75,$-74,$20,$0,$20,$0,$0,$-3,$44,$62,$-1,$0,$-3
