,Date,Stock Price,Book Value per Share,Price to Book Ratio,TTM Sales per Share,Price to Sales Ratio,TTM FCF per Share,Price to FCF Ratio,TTM Net EPS,PE Ratio,Current Assets,Current Liabilities,Current Ratio,Long Term Debt,Shareholder's Equity_x,Debt to Equity Ratio,TTM Revenue_x,TTM Gross Profit,Gross Margin,TTM Revenue_y,TTM Operating Income,Operating Margin,TTM Revenue_x,TTM EBIT,EBIT Margin,TTM Revenue_y,TTM EBITDA,EBITDA Margin,TTM Revenue_x,TTM Pre-Tax Income,Pre-Tax Margin,TTM Revenue_y,TTM Net Income_x,Net Margin,TTM Net Income_y,Shareholder's Equity_y,Return on Equity,TTM Net Income_x,Tangible Equity,Return on Tangible Equity,TTM Net Income_y,Total Assets,Return on Assets,TTM Net Income,LT Investments & Debt,Return on Investment,revenue,cost-goods-sold,gross-profit,research-development-expenses,selling-general-administrative-expenses,operating-expenses,operating-income,total-non-operating-income-expense,pre-tax-income,total-provision-income-taxes,income-after-taxes,income-from-continuous-operations,net-income,ebitda,ebit,basic-shares-outstanding,shares-outstanding,eps-basic-net-earnings-per-share,eps-earnings-per-share-diluted,cash-on-hand,inventory,other-current-assets,total-current-assets,net-property-plant-equipment,long-term-investments,goodwill-intangible-assets-total,other-long-term-assets,total-long-term-assets,total-assets,total-current-liabilities,long-term-debt,other-non-current-liabilities,total-long-term-liabilities,total-liabilities,common-stock-net,retained-earnings-accumulated-deficit,comprehensive-income,total-share-holder-equity,total-liabilities-share-holders-equity,net-income-loss,total-depreciation-amortization-cash-flow,other-non-cash-items,total-non-cash-items,change-in-accounts-receivable,change-in-inventories,change-in-accounts-payable,change-in-assets-liabilities,total-change-in-assets-liabilities,cash-flow-from-operating-activities,net-change-in-property-plant-equipment,net-change-in-intangible-assets,net-acquisitions-divestitures,net-change-in-short-term-investments,net-change-in-long-term-investments,net-change-in-investments-total,investing-activities-other,cash-flow-from-investing-activities,net-long-term-debt,net-current-debt,debt-issuance-retirement-net-total,net-common-equity-issued-repurchased,net-total-equity-issued-repurchased,total-common-preferred-stock-dividends-paid,financial-activities-other,cash-flow-from-financial-activities,net-cash-flow,stock-based-compensation,common-stock-dividends-paid
0,2018-09-30,96.04,$27.93,3.44,$38.30,2.51,$4.49,21.39,$6.63,14.49,$4.21B,$3.36B,1.25,$3.95B,$6.35B,0.62,$9.00B,$5.30B,58.86%,$9.00B,$1.78B,19.76%,$9.00B,$1.78B,19.76%,$9.00B,$2.48B,27.53%,$9.00B,$1.70B,18.88%,$9.00B,$1.56B,17.27%,$1.56B,$6.35B,27.06%,$1.56B,$6.17B,27.46%,$1.56B,$14.47B,10.74%,$1.78B,$10.30B,17.99%,$3208,$1085,$2123,$0,$427,$2122,$1086,$-18,$1067,$89,$978,$978,$978,$1270,$1086,$229,231,$4.27,$4.24,$1987,$8,$2149,$4207,$10014,$0,$170,$80,$10264,$14470,$3364,$3953,$278,$4762,$8126,$8,$5141,$0,$6345,$14470,$1338,$371,$148,$519,$4,$-3,$113,$-230,$-1098,$759,$-940,$0,$0,$0,$-30,$-30,$729,$-241,$-152,$0,$-152,$0,$0,$0,$-624,$-776,$-258,$6,$0
1,2018-06-30,114.23,$24.93,4.58,$36.65,3.12,$6.55,17.43,$6.73,16.97,$5.04B,$4.50B,1.12,$4.13B,$5.76B,0.72,$8.75B,$5.20B,59.37%,$8.75B,$1.89B,21.57%,$8.75B,$1.89B,21.57%,$8.75B,$2.58B,29.47%,$8.75B,$1.81B,20.70%,$8.75B,$1.63B,18.62%,$1.63B,$5.76B,29.34%,$1.63B,$5.70B,29.64%,$1.63B,$15.26B,11.39%,$1.89B,$9.89B,19.25%,$2479,$1086,$1393,$0,$447,$2037,$442,$-30,$412,$43,$369,$369,$369,$629,$442,$232,235,$1.59,$1.57,$2060,$5,$2933,$5042,$10051,$7,$56,$102,$10216,$15258,$4496,$4129,$300,$5004,$9500,$8,$4588,$0,$5758,$15258,$369,$187,$57,$245,$25,$-0,$113,$13,$303,$917,$-551,$0,$0,$0,$-18,$-18,$-138,$-706,$-86,$0,$-86,$0,$0,$0,$-316,$-402,$-192,$3,$0
2,2018-03-31,122.85,$22.34,5.5,$34.65,3.55,$6.49,18.94,$6.94,17.7,$4.90B,$4.00B,1.23,$4.13B,$5.23B,0.79,$8.37B,$5.05B,60.27%,$8.37B,$1.95B,23.30%,$8.37B,$1.95B,23.30%,$8.37B,$2.61B,31.16%,$8.37B,$1.89B,22.54%,$8.37B,$1.70B,20.27%,$1.70B,$5.23B,32.10%,$1.70B,$5.18B,32.43%,$1.70B,$14.47B,12.31%,$1.95B,$9.36B,20.41%,$1660,$759,$901,$0,$365,$1557,$103,$-15,$88,$3,$84,$84,$84,$265,$103,$239,241,$0.39,$0.39,$2063,$4,$2770,$4904,$9511,$0,$55,$3,$9569,$14473,$3996,$4131,$651,$5245,$9241,$8,$4774,$0,$5232,$14473,$1698,$657,$196,$853,$-4,$-1,$-52,$-23,$64,$2615,$-1722,$0,$0,$0,$0,$0,$880,$-842,$-461,$0,$-461,$0,$0,$0,$-971,$-1432,$341,$7,$0
3,2017-12-31,104.19,$23.90,4.36,$34.71,3.0,$4.86,21.43,$6.90,15.1,$4.42B,$2.74B,1.61,$4.34B,$5.65B,0.77,$8.46B,$5.12B,60.55%,$8.46B,$2.12B,25.09%,$8.46B,$2.12B,25.09%,$8.46B,$2.76B,32.63%,$8.46B,$2.06B,24.32%,$8.46B,$1.85B,21.85%,$1.85B,$5.65B,35.61%,$1.85B,$5.60B,35.98%,$1.85B,$13.70B,13.74%,$2.12B,$10.00B,22.33%,$1655,$773,$882,$0,$309,$1507,$148,$-15,$133,$9,$124,$124,$124,$314,$148,$237,239,$0.53,$0.52,$2192,$4,$2140,$4420,$9212,$0,$55,$13,$9280,$13701,$2738,$4343,$470,$5308,$8046,$8,$4966,$0,$5654,$13701,$1647,$495,$194,$689,$-20,$-0,$-20,$-15,$-1126,$1211,$-1209,$0,$0,$0,$0,$0,$1566,$357,$-341,$0,$-341,$0,$0,$0,$-753,$-1094,$474,$5,$0
4,2017-09-30,105.42,$23.52,4.48,$33.55,3.14,$4.47,23.56,$6.79,15.53,$4.74B,$2.93B,1.62,$4.40B,$5.56B,0.79,$8.26B,$4.98B,60.35%,$8.26B,$2.10B,25.47%,$8.26B,$2.10B,25.47%,$8.26B,$2.75B,33.34%,$8.26B,$2.04B,24.69%,$8.26B,$1.83B,22.13%,$1.83B,$5.56B,35.90%,$1.83B,$5.51B,36.28%,$1.83B,$13.75B,14.08%,$2.10B,$9.97B,22.80%,$2956,$937,$2019,$0,$359,$1762,$1194,$-17,$1178,$125,$1052,$1052,$1052,$1371,$1194,$239,241,$4.40,$4.36,$2000,$4,$2666,$4742,$8943,$0,$55,$15,$9012,$13754,$2925,$4401,$364,$5265,$8190,$8,$4831,$0,$5564,$13754,$1519,$329,$184,$513,$-8,$-0,$47,$-18,$-930,$1102,$-793,$0,$0,$0,$0,$0,$1030,$237,$-219,$0,$-219,$0,$0,$0,$-751,$-970,$368,$4,$0
5,2017-06-30,107.61,$19.45,5.53,$29.99,3.59,$4.04,26.62,$6.48,16.61,$4.94B,$3.58B,1.38,$4.22B,$4.70B,0.9,$7.49B,$4.44B,59.31%,$7.49B,$1.84B,24.59%,$7.49B,$1.84B,24.59%,$7.49B,$2.43B,32.44%,$7.49B,$1.78B,23.72%,$7.49B,$1.59B,21.25%,$1.59B,$4.70B,33.56%,$1.59B,$4.64B,33.91%,$1.59B,$13.22B,13.25%,$1.84B,$8.91B,21.55%,$2102,$858,$1244,$0,$311,$1595,$506,$-18,$488,$51,$437,$437,$437,$659,$506,$243,245,$1.80,$1.78,$1197,$4,$3672,$4940,$8216,$0,$51,$13,$8281,$13221,$3583,$4215,$258,$4942,$8525,$8,$4016,$0,$4695,$13221,$437,$153,$53,$206,$-8,$-0,$33,$19,$156,$799,$-432,$0,$0,$0,$0,$0,$-260,$-692,$-91,$0,$-91,$0,$0,$0,$-225,$-316,$-209,$2,$0
6,2017-03-31,82.98,$19.93,4.16,$28.84,2.88,$3.67,22.63,$5.80,14.31,$5.16B,$3.31B,1.56,$4.31B,$4.85B,0.89,$7.30B,$4.25B,58.22%,$7.30B,$1.68B,23.07%,$7.30B,$1.68B,23.07%,$7.30B,$2.23B,30.56%,$7.30B,$1.61B,22.11%,$7.30B,$1.44B,19.79%,$1.44B,$4.85B,32.85%,$1.44B,$4.80B,33.20%,$1.44B,$13.16B,12.89%,$1.68B,$9.17B,21.21%,$1749,$770,$979,$0,$291,$1474,$275,$-16,$259,$23,$236,$236,$236,$417,$275,$250,252,$0.98,$0.96,$1670,$3,$3431,$5164,$7916,$0,$51,$25,$7993,$13158,$3305,$4311,$168,$4999,$8304,$8,$3793,$0,$4854,$13158,$1444,$546,$176,$722,$13,$0,$70,$-115,$-51,$2115,$-1591,$0,$0,$0,$0,$0,$174,$-1417,$380,$0,$380,$0,$0,$0,$-1117,$-737,$-39,$6,$0
7,2016-12-31,83.26,$21.24,3.92,$29.66,2.81,$5.79,14.38,$5.79,14.38,$4.24B,$2.20B,1.93,$3.61B,$5.24B,0.69,$7.64B,$5.17B,67.69%,$7.64B,$2.30B,30.10%,$7.64B,$2.30B,30.10%,$7.64B,$2.83B,36.97%,$7.64B,$1.40B,18.37%,$7.64B,$2.27B,29.76%,$2.27B,$5.24B,54.46%,$2.27B,$5.19B,55.07%,$2.27B,$11.76B,20.66%,$2.30B,$8.85B,30.18%,$1450,$709,$741,$0,$249,$1322,$128,$-14,$114,$12,$102,$102,$102,$306,$128,$249,251,$0.41,$0.41,$1295,$3,$2889,$4243,$7408,$0,$50,$58,$7516,$11759,$2198,$3608,$169,$4320,$6518,$8,$3927,$0,$5241,$11759,$1361,$404,$170,$574,$16,$0,$-36,$-15,$-969,$965,$-1061,$0,$0,$0,$0,$0,$565,$-497,$-325,$0,$-325,$0,$0,$0,$-840,$-1165,$-696,$5,$0
8,2016-09-30,75.03,$16.68,4.5,$29.32,2.56,$8.89,8.44,$5.80,12.94,$3.91B,$2.11B,1.85,$3.08B,$4.18B,0.74,$7.65B,$5.14B,67.15%,$7.65B,$2.31B,30.21%,$7.65B,$2.31B,30.21%,$7.65B,$2.77B,36.20%,$7.65B,$1.41B,18.46%,$7.65B,$2.28B,29.87%,$2.28B,$4.18B,57.49%,$2.28B,$4.14B,58.17%,$2.28B,$9.93B,20.45%,$2.31B,$7.27B,30.70%,$2190,$711,$1479,$0,$222,$1257,$933,$-17,$916,$99,$817,$817,$817,$1048,$933,$251,252,$3.26,$3.24,$1087,$3,$2766,$3907,$5926,$0,$42,$57,$6025,$9932,$2108,$3084,$162,$3640,$5748,$7,$3458,$0,$4183,$9932,$1046,$226,$129,$355,$8,$0,$78,$-23,$-647,$754,$-541,$0,$0,$0,$0,$0,$121,$-420,$-179,$0,$-179,$0,$0,$0,$-419,$-598,$-264,$3,$0
9,2016-06-30,69.54,$13.18,5.28,$27.32,2.55,$11.61,5.99,$2.76,25.2,$4.06B,$2.94B,1.38,$3.15B,$3.31B,0.95,$7.30B,$4.33B,59.40%,$7.30B,$1.64B,22.49%,$7.30B,$1.64B,22.49%,$7.30B,$2.11B,28.87%,$7.30B,$1.92B,26.31%,$7.30B,$1.74B,23.85%,$1.74B,$3.31B,41.56%,$1.74B,$3.27B,42.05%,$1.74B,$9.95B,14.52%,$1.64B,$6.45B,20.43%,$1906,$858,$1048,$0,$286,$1560,$347,$-23,$324,$35,$289,$289,$289,$458,$347,$255,257,$1.13,$1.13,$1186,$3,$2824,$4057,$5770,$0,$41,$79,$5890,$9947,$2942,$3147,$163,$3698,$6640,$7,$2611,$0,$3306,$9947,$226,$111,$29,$140,$15,$0,$44,$-2,$259,$626,$-338,$0,$0,$0,$0,$0,$4,$-333,$-78,$0,$-78,$0,$0,$0,$-414,$-492,$-200,$1,$0
10,2016-03-31,85.82,$15.39,5.58,$26.71,3.21,$12.01,7.15,$2.68,32.08,$5.32B,$3.72B,1.43,$3.95B,$3.97B,0.99,$7.22B,$4.01B,55.59%,$7.22B,$1.61B,22.35%,$7.22B,$1.61B,22.35%,$7.22B,$2.08B,28.88%,$7.22B,$1.90B,26.35%,$7.22B,$1.72B,23.86%,$1.72B,$3.97B,38.56%,$1.72B,$3.92B,39.02%,$1.72B,$12.39B,13.42%,$1.61B,$7.92B,18.74%,$2095,$191,$1904,$0,$194,$1203,$892,$-24,$50,$3,$47,$1066,$1066,$1013,$892,$268,270,$3.98,$3.96,$1702,$4,$3546,$5324,$6915,$0,$52,$98,$7064,$12388,$3721,$3946,$324,$4695,$8416,$9,$3496,$0,$3972,$12388,$1722,$472,$-164,$308,$-7,$-1,$38,$-73,$9,$2039,$-905,$0,$0,$0,$0,$0,$592,$-313,$-425,$0,$-425,$1,$1,$0,$-1219,$-1643,$82,$7,$0
11,2015-12-31,86.46,$16.79,5.15,$24.44,3.54,$12.02,7.19,$2.55,33.93,$5.69B,$3.16B,1.8,$4.03B,$4.43B,0.91,$6.61B,$2.94B,44.45%,$6.61B,$1.20B,18.13%,$6.61B,$1.20B,18.13%,$6.61B,$1.67B,25.23%,$6.61B,$1.82B,27.46%,$6.61B,$0.69B,10.45%,$0.69B,$4.43B,14.54%,$0.69B,$4.38B,14.71%,$0.69B,$12.41B,5.08%,$1.20B,$8.46B,13.05%,$1456,$752,$704,$0,$193,$1318,$138,$-16,$122,$9,$112,$112,$112,$249,$138,$266,267,$0.42,$0.42,$1354,$2,$4252,$5685,$6436,$0,$51,$232,$6720,$12405,$3160,$4027,$354,$4815,$7975,$9,$3861,$0,$4430,$12405,$1652,$350,$-168,$182,$-11,$0,$27,$-63,$-749,$1085,$-359,$0,$0,$0,$0,$0,$-136,$-495,$-308,$0,$-308,$1,$1,$0,$-752,$-1059,$-469,$5,$0
12,2015-09-30,78.71,$0.00,0.0,$23.73,3.32,$10.76,7.32,$2.33,33.73,$6.51B,$3.14B,2.08,$4.25B,$5.04B,0.84,$6.44B,$2.77B,43.03%,$6.44B,$1.02B,15.81%,$6.44B,$1.02B,15.81%,$6.44B,$1.48B,22.95%,$6.44B,$1.76B,27.36%,$6.44B,$0.63B,9.84%,$0.63B,$5.04B,12.91%,$0.63B,$4.99B,13.06%,$0.63B,$13.19B,4.60%,$1.02B,$9.29B,10.89%,$1838,$1161,$677,$0,$293,$1575,$264,$341,$1423,$131,$1291,$273,$273,$386,$264,$274,275,$1.00,$0.99,$6266,$2,$176,$6511,$0,$246,$52,$0,$298,$13193,$3137,$4254,$296,$5016,$8153,$10,$4250,$0,$5040,$13193,$1564,$239,$0,$239,$0,$0,$0,$0,$-496,$1076,$-94,$0,$0,$0,$0,$-237,$3,$-328,$0,$0,$-216,$0,$-320,$0,$0,$-537,$212,$0,$0
13,2015-06-30,71.73,$0.00,0.0,$26.52,2.7,$9.56,7.51,$4.11,17.44,$6.24B,$3.78B,1.65,$4.35B,$4.42B,0.98,$7.16B,$3.63B,50.69%,$7.16B,$1.53B,21.40%,$7.16B,$1.53B,21.40%,$7.16B,$2.00B,27.89%,$7.16B,$1.25B,17.40%,$7.16B,$1.11B,15.50%,$1.11B,$4.42B,21.98%,$1.11B,$4.37B,22.23%,$1.11B,$13.34B,7.99%,$1.53B,$8.77B,16.10%,$1828,$1101,$727,$0,$291,$1509,$319,$-12,$307,$36,$271,$271,$271,$436,$319,$267,268,$1.02,$1.02,$5400,$2,$769,$6237,$0,$753,$52,$0,$805,$13335,$3775,$4349,$295,$5141,$8916,$10,$3046,$0,$4419,$13335,$271,$117,$0,$117,$0,$0,$0,$0,$0,$766,$-358,$0,$0,$0,$0,$0,$-94,$-452,$0,$0,$-99,$0,$-216,$0,$1,$-313,$1,$0,$0
14,2015-03-31,67.12,$0.00,0.0,$27.14,2.47,$10.49,6.4,$4.07,16.48,$7.29B,$4.25B,1.72,$5.12B,$5.12B,1.0,$7.34B,$3.91B,53.23%,$7.34B,$1.49B,20.27%,$7.34B,$1.49B,20.27%,$7.34B,$1.97B,26.83%,$7.34B,$1.25B,16.98%,$7.34B,$1.10B,15.04%,$1.10B,$5.12B,21.42%,$1.10B,$5.06B,21.67%,$1.10B,$15.46B,7.87%,$1.49B,$10.24B,15.36%,$1492,$660,$832,$0,$254,$1014,$478,$-20,$-36,$-10,$-25,$35,$35,$598,$478,$271,271,$0.12,$0.12,$2456,$3,$4751,$7285,$9746,$0,$59,$1174,$10980,$15461,$4245,$5116,$393,$6096,$10341,$11,$3434,$0,$5120,$15461,$1100,$479,$0,$479,$0,$0,$0,$0,$417,$2144,$-1000,$0,$0,$0,$0,$0,$-2664,$-3665,$0,$0,$1613,$0,$18,$-660,$-142,$829,$-692,$0,$0
15,2014-12-31,69.29,$0.00,0.0,$25.34,2.73,$8.66,8.0,$3.75,18.46,$5.76B,$3.11B,1.85,$4.02B,$5.06B,0.8,$6.97B,$3.51B,50.41%,$6.97B,$0.94B,13.54%,$6.97B,$0.94B,13.54%,$6.97B,$1.41B,20.25%,$6.97B,$1.23B,17.58%,$6.97B,$1.01B,14.48%,$1.01B,$5.06B,20.28%,$1.01B,$5.00B,20.53%,$1.01B,$13.13B,7.69%,$0.94B,$9.08B,10.33%,$1282,$747,$535,$0,$462,$1325,$-43,$-22,$68,$7,$61,$55,$55,$58,$-43,$270,271,$0.21,$0.21,$5538,$2,$150,$5759,$0,$711,$58,$0,$769,$13125,$3110,$4020,$472,$4956,$8066,$11,$4141,$0,$5058,$13125,$1054,$359,$0,$359,$0,$0,$0,$0,$0,$1027,$-634,$0,$0,$0,$0,$0,$-2067,$-2701,$0,$0,$0,$0,$15,$0,$690,$705,$-969,$0,$0
16,2014-09-30,54.86,$0.00,0.0,$25.35,2.16,$6.99,7.85,$3.37,16.26,$6.31B,$2.79B,2.26,$4.37B,$5.61B,0.78,$6.99B,$3.48B,49.78%,$6.99B,$0.94B,13.51%,$6.99B,$0.94B,13.51%,$6.99B,$1.43B,20.52%,$6.99B,$1.10B,15.74%,$6.99B,$0.91B,12.97%,$0.91B,$5.61B,18.66%,$0.91B,$5.55B,18.90%,$0.91B,$13.67B,7.16%,$0.94B,$9.98B,10.55%,$2557,$1021,$1535,$0,$626,$1778,$778,$-23,$907,$114,$794,$749,$749,$905,$778,$270,270,$2.78,$2.77,$6044,$3,$183,$6312,$0,$452,$62,$0,$514,$13670,$2793,$4372,$350,$5270,$8063,$12,$4330,$0,$5607,$13670,$1055,$259,$0,$259,$0,$0,$0,$0,$-406,$1028,$-388,$0,$0,$0,$0,$-6,$-2069,$-2464,$0,$0,$858,$0,$7,$0,$0,$864,$-572,$0,$0
17,2014-06-30,54.25,$0.00,0.0,$25.13,2.16,$5.90,9.19,$3.14,17.29,$6.47B,$3.51B,1.84,$4.63B,$4.83B,0.96,$7.01B,$3.49B,49.84%,$7.01B,$1.03B,14.62%,$7.01B,$1.03B,14.62%,$7.01B,$1.51B,21.56%,$7.01B,$0.98B,14.04%,$7.01B,$0.86B,12.31%,$0.86B,$4.83B,18.52%,$0.86B,$4.77B,18.77%,$0.86B,$13.86B,7.08%,$1.03B,$9.46B,11.90%,$2009,$1004,$1005,$0,$597,$1734,$275,$-11,$307,$37,$270,$265,$265,$408,$275,$270,270,$0.97,$0.97,$6206,$3,$188,$6474,$0,$333,$64,$0,$397,$13862,$3512,$4629,$360,$5518,$9030,$12,$3654,$0,$4833,$13862,$270,$133,$0,$133,$0,$0,$0,$0,$0,$845,$-183,$0,$0,$0,$0,$0,$-547,$-730,$0,$0,$1035,$0,$0,$0,$5,$1041,$1156,$0,$0
18,2014-03-31,57.18,$0.00,0.0,$23.91,2.39,$4.83,11.84,$2.52,22.66,$4.62B,$2.97B,1.56,$3.59B,$4.41B,0.81,$6.75B,$3.28B,48.56%,$6.75B,$0.89B,13.11%,$6.75B,$0.89B,13.11%,$6.75B,$1.36B,20.08%,$6.75B,$0.79B,11.74%,$6.75B,$0.70B,10.37%,$0.70B,$4.41B,15.66%,$0.70B,$4.34B,15.88%,$0.70B,$11.81B,5.98%,$0.89B,$7.99B,10.73%,$1119,$682,$437,$0,$389,$1187,$-67,$-23,$-57,$-9,$-47,$-60,$-60,$40,$-67,$302,302,$-0.20,$-0.20,$4368,$3,$168,$4617,$0,$349,$63,$0,$412,$11813,$2969,$3586,$359,$4439,$7408,$12,$3304,$0,$4405,$11813,$793,$472,$0,$472,$0,$0,$0,$0,$178,$1400,$-678,$0,$0,$0,$0,$1066,$15,$403,$0,$0,$-1170,$0,$22,$0,$0,$-1148,$656,$0,$0
19,2013-12-31,45.63,$0.00,0.0,$23.89,1.91,$5.70,8.01,$2.51,18.16,$4.13B,$2.05B,2.02,$3.79B,$4.58B,0.83,$6.67B,$3.29B,49.36%,$6.67B,$0.87B,13.02%,$6.67B,$0.87B,13.02%,$6.67B,$1.33B,19.99%,$6.67B,$0.81B,12.14%,$6.67B,$0.70B,10.53%,$0.70B,$4.58B,15.89%,$0.70B,$4.52B,16.12%,$0.70B,$11.29B,6.05%,$0.87B,$8.37B,10.47%,$1302,$802,$501,$0,$426,$1344,$-42,$-26,$-57,$-9,$-48,$-48,$-48,$81,$-42,$274,274,$-0.17,$-0.17,$3944,$3,$112,$4133,$0,$279,$64,$0,$343,$11289,$2051,$3788,$378,$4658,$6709,$12,$3502,$0,$4580,$11289,$876,$364,$0,$364,$0,$0,$0,$0,$-782,$439,$-499,$0,$0,$0,$0,$501,$12,$15,$0,$0,$-387,$0,$-552,$0,$0,$-939,$-486,$0,$0
20,2013-09-30,48.36,$0.00,0.0,$23.76,2.04,$6.86,7.05,$2.77,17.46,$4.78B,$2.32B,2.06,$3.82B,$4.83B,0.79,$6.68B,$3.38B,50.65%,$6.68B,$1.00B,15.03%,$6.68B,$1.00B,15.03%,$6.68B,$1.46B,21.81%,$6.68B,$0.89B,13.36%,$6.68B,$0.78B,11.61%,$0.78B,$4.83B,17.91%,$0.78B,$4.76B,18.17%,$0.78B,$11.81B,6.71%,$1.00B,$8.64B,12.09%,$2579,$1029,$1550,$0,$569,$1720,$859,$-23,$791,$97,$694,$706,$706,$982,$859,$278,279,$2.54,$2.53,$4605,$4,$95,$4781,$0,$321,$62,$0,$383,$11808,$2317,$3818,$383,$4665,$6982,$12,$3769,$0,$4826,$11808,$908,$241,$0,$241,$0,$0,$0,$0,$-388,$744,$-386,$0,$0,$0,$0,$89,$8,$-289,$0,$0,$-257,$0,$3,$0,$-234,$-488,$-33,$0,$0
21,2013-06-30,50.1,$0.00,0.0,$22.60,2.22,$7.47,6.7,$2.44,20.52,$4.89B,$3.04B,1.61,$3.92B,$4.07B,0.96,$6.38B,$3.15B,49.40%,$6.38B,$0.87B,13.66%,$6.38B,$0.87B,13.66%,$6.38B,$1.30B,20.45%,$6.38B,$0.81B,12.70%,$6.38B,$0.69B,10.84%,$0.69B,$4.07B,16.10%,$0.69B,$4.01B,16.33%,$0.69B,$11.88B,5.99%,$0.87B,$7.99B,10.43%,$1753,$962,$791,$0,$538,$1618,$135,$-19,$116,$14,$102,$102,$102,$253,$135,$281,282,$0.36,$0.36,$4712,$4,$86,$4889,$0,$326,$61,$0,$387,$11875,$3044,$3917,$391,$4759,$7803,$12,$3031,$0,$4073,$11875,$116,$118,$0,$118,$0,$0,$0,$0,$465,$699,$-310,$0,$0,$0,$0,$-48,$4,$-354,$0,$0,$-117,$0,$-228,$0,$0,$-345,$-1,$0,$0
22,2013-03-31,40.62,$0.00,0.0,$22.24,1.83,$7.74,5.25,$2.53,16.03,$4.85B,$2.46B,1.97,$3.99B,$4.22B,0.95,$6.27B,$3.13B,49.83%,$6.27B,$0.91B,14.44%,$6.27B,$0.91B,14.44%,$6.27B,$1.33B,21.20%,$6.27B,$0.84B,13.37%,$6.27B,$0.72B,11.41%,$0.72B,$4.22B,16.67%,$0.72B,$4.16B,16.90%,$0.72B,$11.52B,6.21%,$0.91B,$8.21B,10.76%,$1039,$586,$452,$0,$429,$1122,$-83,$-24,$-40,$-2,$-39,$-57,$-57,$18,$-83,$281,282,$-0.21,$-0.21,$4686,$3,$87,$4849,$0,$0,$60,$292,$352,$11523,$2463,$3992,$404,$4843,$7306,$12,$3116,$0,$4217,$11523,$839,$425,$0,$425,$0,$0,$0,$0,$86,$1319,$-400,$0,$0,$0,$0,$0,$-1947,$-2347,$0,$0,$-170,$0,$-59,$-633,$0,$-863,$-1891,$0,$0
23,2012-12-31,33.33,$0.00,0.0,$24.28,1.37,$9.90,3.37,$2.75,12.12,$4.31B,$1.81B,2.38,$4.15B,$4.19B,0.99,$6.30B,$3.14B,49.85%,$6.30B,$0.98B,15.59%,$6.30B,$0.98B,15.59%,$6.30B,$1.42B,22.53%,$6.30B,$0.85B,13.50%,$6.30B,$0.78B,12.32%,$0.78B,$4.19B,17.71%,$0.78B,$4.13B,17.96%,$0.78B,$11.00B,6.60%,$0.98B,$8.33B,11.38%,$1304,$716,$588,$0,$393,$1212,$92,$-20,$25,$2,$23,$24,$24,$203,$92,$282,282,$0.08,$0.08,$4137,$4,$91,$4308,$0,$0,$61,$232,$293,$11000,$1811,$4145,$426,$5002,$6813,$12,$3195,$0,$4188,$11000,$906,$323,$0,$323,$0,$0,$0,$0,$-633,$599,$-334,$0,$0,$0,$0,$-1951,$9,$-2277,$0,$0,$-38,$0,$-62,$-638,$0,$-737,$-2415,$0,$0
24,2012-09-30,29.4,$0.00,0.0,$23.44,1.25,$10.32,2.85,$2.74,10.74,$5.29B,$2.06B,2.57,$4.17B,$4.69B,0.89,$6.10B,$3.05B,49.93%,$6.10B,$0.90B,14.70%,$6.10B,$0.90B,14.70%,$6.10B,$1.32B,21.57%,$6.10B,$0.85B,13.87%,$6.10B,$0.77B,12.66%,$0.77B,$4.69B,17.41%,$0.77B,$4.63B,17.66%,$0.77B,$11.73B,6.54%,$0.90B,$8.87B,10.30%,$2280,$961,$1319,$0,$486,$1554,$727,$-17,$709,$88,$622,$622,$622,$830,$727,$281,282,$2.22,$2.21,$5084,$4,$114,$5285,$0,$0,$59,$212,$271,$11731,$2057,$4173,$375,$4983,$7039,$12,$3665,$0,$4692,$11731,$850,$213,$0,$213,$0,$0,$0,$0,$-304,$760,$-224,$0,$0,$0,$0,$-2420,$5,$-2639,$0,$0,$70,$0,$-84,$0,$0,$-14,$-1893,$0,$0
25,2012-06-30,27.71,$0.00,0.0,$22.78,1.22,$10.53,2.63,$2.46,11.26,$5.25B,$2.83B,1.86,$4.19B,$4.09B,1.02,$5.96B,$2.92B,48.99%,$5.96B,$0.79B,13.25%,$5.96B,$0.79B,13.25%,$5.96B,$1.22B,20.37%,$5.96B,$0.79B,13.30%,$5.96B,$0.71B,11.85%,$0.71B,$4.09B,16.12%,$0.71B,$4.03B,16.36%,$0.71B,$11.88B,5.96%,$0.79B,$8.28B,9.05%,$1650,$883,$767,$0,$488,$1480,$170,$-25,$145,$18,$127,$127,$127,$279,$170,$281,282,$0.45,$0.45,$4893,$4,$272,$5252,$0,$0,$60,$218,$278,$11881,$2830,$4188,$377,$4963,$7793,$12,$3125,$0,$4088,$11881,$145,$109,$0,$109,$0,$0,$0,$0,$339,$593,$-130,$0,$0,$0,$0,$-1277,$3,$-1404,$0,$0,$-1,$0,$-86,$0,$0,$-87,$-898,$0,$0
26,2012-03-31,33.07,$0.00,0.0,$22.65,1.46,$10.60,3.12,$2.70,12.26,$5.34B,$2.50B,2.14,$4.49B,$4.56B,0.99,$5.98B,$3.02B,50.46%,$5.98B,$0.87B,14.47%,$5.98B,$0.87B,14.47%,$5.98B,$1.29B,21.63%,$5.98B,$0.87B,14.61%,$5.98B,$0.78B,13.05%,$0.78B,$4.56B,17.70%,$0.78B,$4.50B,17.97%,$0.78B,$12.41B,6.50%,$0.87B,$9.05B,9.75%,$1063,$598,$465,$0,$370,$1069,$-7,$-6,$-29,$-9,$-20,$3,$3,$107,$-7,$170,186,$0.01,$0.01,$4847,$4,$422,$5344,$0,$0,$65,$211,$275,$12411,$2500,$4490,$418,$5349,$7850,$13,$3309,$0,$4561,$12411,$873,$426,$0,$426,$0,$0,$0,$0,$128,$1407,$-400,$0,$0,$0,$0,$0,$145,$-256,$0,$0,$-52,$0,$10,$0,$-172,$-214,$938,$0,$0
27,2011-12-31,25.4,$0.00,0.0,$20.14,1.26,$4.67,5.43,$2.51,10.11,$4.48B,$1.72B,2.6,$4.24B,$4.39B,0.97,$5.84B,$3.34B,57.12%,$5.84B,$0.78B,13.28%,$5.84B,$0.78B,13.28%,$5.84B,$1.18B,20.18%,$5.84B,$0.86B,14.64%,$5.84B,$0.73B,12.41%,$0.73B,$4.39B,17.08%,$0.73B,$4.33B,17.35%,$0.73B,$11.20B,6.18%,$0.78B,$8.64B,8.94%,$1107,$612,$495,$0,$385,$1100,$7,$-19,$21,$1,$20,$20,$20,$100,$7,$293,293,$0.07,$0.07,$4021,$4,$385,$4479,$0,$0,$63,$168,$231,$11197,$1723,$4243,$406,$5081,$6804,$13,$3297,$0,$4393,$11197,$857,$313,$0,$313,$0,$0,$0,$0,$-623,$542,$-143,$0,$0,$0,$0,$0,$-1072,$-1215,$0,$0,$-238,$0,$-108,$0,$0,$-346,$-1019,$0,$0
28,2011-09-30,23.47,$0.00,0.0,$19.86,1.18,$1.58,14.82,$2.39,9.82,$4.87B,$2.11B,2.31,$4.47B,$4.50B,0.99,$5.75B,$3.16B,54.94%,$5.75B,$0.77B,13.37%,$5.75B,$0.77B,13.37%,$5.75B,$1.18B,20.56%,$5.75B,$0.82B,14.21%,$5.75B,$0.69B,12.02%,$0.69B,$4.50B,16.66%,$0.69B,$4.43B,16.93%,$0.69B,$11.93B,6.00%,$0.77B,$8.97B,9.02%,$2144,$949,$1195,$0,$465,$1524,$620,$-25,$656,$83,$572,$557,$557,$729,$620,$289,289,$1.93,$1.93,$4549,$4,$237,$4871,$0,$35,$66,$150,$251,$11925,$2106,$4467,$416,$5321,$7427,$13,$3547,$0,$4498,$11925,$877,$221,$0,$221,$0,$0,$0,$0,$-447,$647,$-38,$0,$0,$0,$0,$0,$-1667,$-1704,$0,$0,$-232,$0,$-117,$0,$0,$-348,$-1406,$0,$0
29,2011-06-30,26.75,$0.00,0.0,$18.22,1.47,$-1.04,0.0,$1.95,13.73,$5.21B,$2.91B,1.79,$4.65B,$4.17B,1.11,$5.26B,$2.82B,53.62%,$5.26B,$0.63B,12.05%,$5.26B,$0.63B,12.05%,$5.26B,$1.03B,19.65%,$5.26B,$0.65B,12.33%,$5.26B,$0.56B,10.64%,$0.56B,$4.17B,13.71%,$0.56B,$4.11B,13.93%,$0.56B,$12.44B,5.01%,$0.63B,$8.83B,7.64%,$1663,$802,$861,$0,$504,$1418,$245,$-19,$225,$25,$200,$200,$200,$357,$245,$291,291,$0.69,$0.69,$4624,$4,$485,$5214,$0,$0,$67,$170,$237,$12443,$2908,$4651,$344,$5361,$8269,$14,$3033,$0,$4174,$12443,$225,$112,$0,$112,$0,$0,$0,$0,$167,$502,$-5,$0,$0,$0,$0,$0,$-1693,$-1698,$0,$0,$-108,$0,$4,$0,$0,$-104,$-1300,$0,$0
30,2011-03-31,25.34,$0.00,0.0,$16.42,1.54,$-3.00,0.0,$1.67,15.16,$4.60B,$2.42B,1.9,$4.39B,$3.91B,1.12,$4.74B,$2.47B,52.09%,$4.74B,$0.61B,12.75%,$4.74B,$0.61B,12.75%,$4.74B,$0.97B,20.49%,$4.74B,$0.56B,11.74%,$4.74B,$0.48B,10.12%,$0.48B,$3.91B,11.98%,$0.48B,$3.85B,12.17%,$0.48B,$11.38B,4.49%,$0.61B,$8.30B,7.55%,$928,$143,$786,$0,$776,$1024,$-96,$-8,$-47,$-11,$-36,$-52,$-52,$-7,$-96,$287,289,$-0.19,$-0.17,$3891,$4,$640,$4602,$0,$0,$62,$182,$244,$11375,$2418,$4388,$307,$5049,$7466,$13,$2604,$0,$3909,$11375,$557,$367,$0,$367,$0,$0,$0,$0,$119,$1041,$-1187,$0,$0,$0,$0,$0,$560,$-627,$0,$0,$940,$0,$36,$-662,$0,$315,$728,$0,$0
31,2010-12-31,28.04,$0.00,0.0,$15.81,1.77,$-2.67,0.0,$1.60,17.53,$3.69B,$1.63B,2.26,$4.02B,$4.01B,1.0,$4.57B,$1.61B,35.24%,$4.57B,$0.53B,11.67%,$4.57B,$0.53B,11.67%,$4.57B,$0.89B,19.58%,$4.57B,$0.51B,11.26%,$4.57B,$0.46B,10.12%,$0.46B,$4.01B,11.45%,$0.46B,$3.94B,11.63%,$0.46B,$10.35B,4.40%,$0.53B,$8.03B,6.75%,$1015,$698,$317,$0,$223,$1016,$-0,$-17,$-17,$-3,$-14,$-14,$-14,$103,$-0,$290,290,$-0.05,$-0.05,$3111,$4,$507,$3686,$0,$0,$64,$243,$306,$10353,$1628,$4024,$332,$4718,$6346,$13,$2723,$0,$4007,$10353,$639,$279,$0,$279,$0,$0,$0,$0,$-658,$270,$-771,$0,$0,$0,$0,$0,$356,$-415,$0,$0,$428,$0,$37,$-680,$0,$-215,$-360,$0,$0
32,2010-09-30,28.09,$0.00,0.0,$15.19,1.85,$-1.37,0.0,$1.60,17.55,$4.16B,$1.79B,2.33,$3.82B,$4.24B,0.9,$4.46B,$1.86B,41.77%,$4.46B,$0.54B,12.01%,$4.46B,$0.54B,12.01%,$4.46B,$0.88B,19.84%,$4.46B,$0.51B,11.52%,$4.46B,$0.46B,10.33%,$0.46B,$4.24B,11.31%,$0.46B,$4.18B,11.49%,$0.46B,$10.50B,4.41%,$0.54B,$8.06B,6.88%,$1657,$800,$858,$0,$284,$1173,$485,$2,$488,$61,$426,$426,$426,$581,$485,$287,287,$1.49,$1.49,$3904,$4,$193,$4163,$0,$0,$60,$234,$295,$10502,$1787,$3815,$346,$4472,$6259,$12,$3239,$0,$4243,$10502,$623,$175,$0,$175,$0,$0,$0,$0,$-324,$506,$-653,$0,$0,$0,$0,$0,$317,$-335,$0,$0,$396,$0,$25,$0,$0,$421,$591,$0,$0
33,2010-06-30,21.71,$0.00,0.0,$14.28,1.52,$-0.56,0.0,$1.34,16.16,$4.38B,$2.17B,2.02,$3.79B,$3.87B,0.98,$4.22B,$2.04B,48.36%,$4.22B,$0.48B,11.29%,$4.22B,$0.48B,11.29%,$4.22B,$0.81B,19.28%,$4.22B,$0.43B,10.25%,$4.22B,$0.39B,9.30%,$0.39B,$3.87B,9.83%,$0.39B,$3.81B,9.99%,$0.39B,$10.50B,3.84%,$0.48B,$7.65B,6.27%,$1144,$634,$510,$0,$215,$928,$216,$-83,$133,$14,$120,$120,$120,$295,$216,$291,291,$0.41,$0.41,$3921,$4,$394,$4380,$0,$0,$60,$206,$266,$10497,$2174,$3786,$391,$4455,$6629,$12,$2779,$0,$3867,$10497,$133,$79,$0,$79,$0,$0,$0,$0,$140,$350,$-423,$0,$0,$0,$0,$0,$-426,$-849,$0,$0,$387,$0,$16,$0,$0,$404,$-95,$0,$0
34,2010-03-31,21.78,$0.00,0.0,$10.35,2.1,$-0.31,0.0,$0.93,23.33,$4.33B,$2.19B,1.98,$3.80B,$4.03B,0.95,$4.13B,$2.27B,54.91%,$4.13B,$0.47B,11.41%,$4.13B,$0.47B,11.41%,$4.13B,$0.80B,19.48%,$4.13B,$0.48B,11.68%,$4.13B,$0.44B,10.66%,$0.44B,$4.03B,11.32%,$0.44B,$3.96B,11.52%,$0.44B,$10.69B,4.46%,$0.47B,$7.83B,6.41%,$750,$825,$-76,$0,$0,$918,$-168,$-20,$-90,$-12,$-78,$-70,$-70,$-85,$-168,$288,288,$-0.25,$-0.25,$3978,$4,$287,$4331,$0,$0,$66,$197,$263,$10693,$2191,$3804,$389,$4475,$6666,$13,$2946,$0,$4027,$10693,$482,$333,$0,$333,$0,$0,$0,$0,$397,$1232,$-1285,$0,$0,$0,$0,$0,$-906,$-2190,$0,$0,$789,$0,$21,$0,$0,$809,$-149,$0,$0
35,2009-12-31,21.49,$0.00,0.0,$7.75,2.77,$-0.13,0.0,$1.18,18.22,$3.89B,$1.77B,2.19,$3.43B,$4.13B,0.83,$4.00B,$2.45B,61.27%,$4.00B,$0.60B,14.94%,$4.00B,$0.60B,14.94%,$4.00B,$0.96B,24.02%,$4.00B,$0.33B,8.28%,$4.00B,$0.29B,7.18%,$0.29B,$4.13B,7.67%,$0.29B,$4.06B,7.81%,$0.29B,$10.01B,3.03%,$0.60B,$7.56B,8.48%,$904,$335,$569,$0,$482,$902,$2,$-21,$-18,$-2,$-16,$-16,$-16,$93,$2,$314,314,$-0.05,$-0.05,$3654,$4,$185,$3889,$0,$29,$69,$151,$249,$10006,$1773,$3431,$383,$4104,$5876,$14,$3188,$0,$4129,$10006,$601,$250,$0,$250,$0,$0,$0,$0,$-272,$604,$-739,$0,$0,$0,$0,$0,$-1088,$-1826,$0,$0,$358,$0,$15,$0,$0,$373,$-849,$0,$0
36,2009-09-30,23.28,$0.00,0.0,$7.75,3.0,$-0.58,0.0,$0.67,34.91,$3.91B,$1.71B,2.29,$3.37B,$3.93B,0.86,$3.89B,$2.12B,54.52%,$3.89B,$0.45B,11.59%,$3.89B,$0.45B,11.59%,$3.89B,$0.79B,20.31%,$3.89B,$0.18B,4.60%,$3.89B,$0.15B,3.75%,$0.15B,$3.93B,4.09%,$0.15B,$3.86B,4.17%,$0.15B,$9.65B,1.63%,$0.45B,$7.30B,6.84%,$1418,$381,$1036,$0,$530,$992,$426,$-19,$407,$49,$358,$358,$358,$510,$426,$291,291,$1.23,$1.23,$2803,$4,$1031,$3907,$0,$0,$67,$171,$238,$9649,$1708,$3371,$381,$4012,$5719,$13,$3021,$0,$3930,$9649,$599,$159,$0,$159,$0,$0,$0,$0,$-231,$547,$-459,$0,$0,$0,$0,$0,$-0,$-459,$0,$0,$268,$0,$13,$0,$0,$282,$369,$0,$0
37,2009-06-30,22.75,$0.00,0.0,$8.27,2.75,$-0.90,0.0,$0.40,56.89,$3.66B,$1.86B,1.97,$3.25B,$3.46B,0.94,$4.03B,$1.98B,49.18%,$4.03B,$0.33B,8.21%,$4.03B,$0.33B,8.21%,$4.03B,$0.67B,16.60%,$4.03B,$0.07B,1.66%,$4.03B,$0.07B,1.69%,$0.07B,$3.46B,1.89%,$0.07B,$3.39B,1.92%,$0.07B,$9.12B,0.77%,$0.33B,$6.70B,5.09%,$1055,$318,$737,$0,$452,$844,$211,$-27,$183,$16,$168,$168,$168,$286,$211,$0,0,$0.00,$0.00,$3432,$3,$160,$3660,$0,$29,$64,$109,$201,$9118,$1863,$3246,$328,$3798,$5661,$13,$2595,$0,$3457,$9118,$183,$75,$0,$75,$0,$0,$0,$0,$121,$397,$-385,$0,$0,$0,$0,$0,$-20,$-406,$0,$0,$281,$0,$9,$0,$0,$290,$282,$0,$0
38,2009-03-31,18.52,$0.00,0.0,$12.67,1.46,$0.02,861.53,$-0.11,0.0,$3.67B,$1.96B,1.87,$3.13B,$3.45B,0.91,$4.19B,$1.86B,44.50%,$4.19B,$0.13B,3.15%,$4.19B,$0.13B,3.15%,$4.19B,$0.50B,11.86%,$4.19B,$-0.26B,-6.14%,$4.19B,$-0.24B,-5.75%,$-0.24B,$3.45B,-6.54%,$-0.24B,$3.39B,-6.66%,$-0.24B,$9.15B,-2.67%,$0.13B,$6.58B,2.03%,$620,$514,$107,$0,$62,$662,$-42,$-199,$-241,$-18,$-223,$-223,$-223,$71,$-42,$0,0,$0.00,$0.00,$3429,$3,$178,$3670,$0,$85,$67,$133,$285,$9145,$1963,$3126,$331,$3728,$5691,$13,$2561,$0,$3453,$9145,$-257,$365,$0,$365,$0,$0,$0,$0,$156,$588,$-552,$0,$0,$0,$0,$-6,$5,$-553,$0,$0,$188,$0,$-63,$0,$0,$125,$160,$0,$0
39,2008-12-31,23.31,$0.00,0.0,$19.41,1.2,$-0.89,0.0,$0.32,73.3,$2.69B,$1.55B,1.74,$2.37B,$3.44B,0.69,$4.44B,$2.01B,45.24%,$4.44B,$0.21B,4.71%,$4.44B,$0.21B,4.71%,$4.44B,$0.53B,11.96%,$4.44B,$-0.10B,-2.14%,$4.44B,$0.04B,0.86%,$0.04B,$3.44B,1.02%,$0.04B,$3.38B,1.04%,$0.04B,$7.87B,0.42%,$0.21B,$5.81B,3.26%,$797,$556,$241,$0,$295,$941,$-144,$-26,$-170,$-13,$-157,$-157,$-157,$-77,$-144,$278,278,$-0.56,$-0.56,$2170,$3,$454,$2686,$0,$89,$62,$315,$465,$7865,$1545,$2369,$289,$2881,$4426,$12,$2613,$0,$3439,$7865,$-31,$251,$0,$251,$0,$0,$0,$0,$-288,$62,$-306,$0,$0,$0,$0,$-6,$393,$80,$0,$0,$-158,$0,$-60,$0,$0,$-217,$-76,$0,$0
40,2008-09-30,17.98,$0.00,0.0,$18.20,0.99,$-0.19,0.0,$1.03,17.53,$3.36B,$1.85B,1.81,$2.84B,$4.07B,0.7,$4.47B,$2.16B,48.29%,$4.47B,$0.42B,9.34%,$4.47B,$0.42B,9.34%,$4.47B,$0.75B,16.72%,$4.47B,$0.15B,3.31%,$4.47B,$0.26B,5.89%,$0.26B,$4.07B,6.95%,$0.26B,$4.00B,7.08%,$0.26B,$9.32B,2.88%,$0.42B,$6.91B,6.34%,$1558,$660,$897,$0,$505,$1252,$306,$-11,$295,$15,$280,$280,$280,$389,$306,$288,289,$0.97,$0.96,$3144,$2,$155,$3363,$0,$87,$71,$341,$498,$9316,$1854,$2836,$291,$3390,$5244,$14,$3129,$0,$4072,$9316,$159,$185,$0,$185,$0,$0,$0,$0,$-218,$268,$-274,$0,$0,$0,$0,$0,$558,$285,$0,$0,$-98,$0,$-49,$0,$0,$-147,$405,$0,$0
41,2008-06-30,22.98,$0.00,0.0,$16.87,1.36,$0.50,45.75,$1.33,17.23,$3.80B,$2.48B,1.54,$2.95B,$3.77B,0.78,$4.09B,$2.15B,52.44%,$4.09B,$0.53B,12.93%,$4.09B,$0.53B,12.93%,$4.09B,$0.83B,20.36%,$4.09B,$0.27B,6.60%,$4.09B,$0.35B,8.60%,$0.35B,$3.77B,9.61%,$0.35B,$3.70B,9.79%,$0.35B,$9.76B,4.00%,$0.53B,$6.73B,8.35%,$1214,$595,$619,$0,$505,$1202,$12,$-154,$-141,$0,$-141,$-141,$-141,$114,$12,$276,276,$-0.51,$-0.51,$3526,$3,$196,$3798,$0,$0,$73,$341,$414,$9763,$2475,$2951,$324,$3514,$5989,$15,$2796,$0,$3774,$9763,$-141,$102,$0,$102,$0,$0,$0,$0,$196,$304,$-49,$0,$0,$0,$0,$-17,$147,$81,$0,$0,$-77,$0,$-51,$0,$0,$-129,$256,$0,$0
42,2008-03-31,22.67,$0.00,0.0,$15.57,1.46,$0.26,87.65,$2.47,9.17,$3.38B,$2.21B,1.53,$2.69B,$3.55B,0.76,$3.81B,$2.05B,53.78%,$3.81B,$0.73B,19.12%,$3.81B,$0.73B,19.12%,$3.81B,$0.98B,25.66%,$3.81B,$0.62B,16.29%,$3.81B,$0.68B,17.84%,$0.68B,$3.55B,18.84%,$0.68B,$3.48B,19.19%,$0.68B,$8.97B,8.19%,$0.73B,$6.24B,11.98%,$870,$619,$251,$0,$140,$836,$35,$-146,$-79,$-7,$-71,$56,$56,$105,$35,$129,129,$0.43,$0.43,$3089,$3,$243,$3383,$0,$0,$66,$441,$508,$8966,$2206,$2692,$312,$3214,$5421,$13,$2692,$0,$3546,$8966,$622,$249,$0,$249,$0,$0,$0,$0,$64,$997,$-1115,$0,$0,$0,$0,$-82,$217,$-981,$0,$0,$573,$0,$12,$0,$-425,$160,$176,$0,$0
43,2007-12-31,31.61,$0.00,0.0,$8.84,3.58,$1.17,27.0,$2.04,15.49,$3.26B,$1.54B,2.11,$2.72B,$3.74B,0.73,$3.90B,$2.25B,57.71%,$3.90B,$0.76B,19.49%,$3.90B,$0.76B,19.49%,$3.90B,$1.00B,25.72%,$3.90B,$0.76B,19.57%,$3.90B,$0.69B,17.62%,$0.69B,$3.74B,17.53%,$0.69B,$3.67B,17.86%,$0.69B,$8.51B,7.85%,$0.76B,$6.46B,11.66%,$825,$436,$390,$0,$257,$761,$64,$9,$73,$5,$68,$68,$68,$139,$64,$495,495,$0.14,$0.14,$2972,$4,$249,$3260,$0,$0,$68,$472,$539,$8512,$1542,$2716,$292,$3230,$4772,$14,$2869,$0,$3740,$8512,$739,$179,$0,$179,$0,$0,$0,$0,$-249,$640,$-730,$0,$0,$0,$0,$0,$377,$-353,$0,$0,$300,$0,$12,$0,$-435,$-123,$164,$0,$0
44,2007-09-30,33.27,$0.00,0.0,$8.43,3.94,$2.73,12.21,$2.02,16.47,$3.06B,$1.53B,2.0,$2.32B,$3.60B,0.65,$3.72B,$2.02B,54.29%,$3.72B,$0.50B,13.41%,$3.72B,$0.50B,13.41%,$3.72B,$0.74B,19.89%,$3.72B,$0.79B,21.24%,$3.72B,$0.68B,18.36%,$0.68B,$3.60B,16.52%,$0.68B,$3.53B,16.83%,$0.68B,$7.94B,7.51%,$0.50B,$5.92B,7.34%,$1183,$298,$886,$0,$411,$766,$418,$-1,$417,$48,$369,$369,$369,$475,$418,$291,291,$1.27,$1.27,$2075,$4,$936,$3055,$0,$0,$64,$504,$569,$7935,$1531,$2321,$285,$2807,$4338,$13,$2766,$0,$3597,$7935,$631,$105,$0,$105,$0,$0,$0,$0,$-100,$650,$-453,$0,$0,$0,$0,$0,$83,$-370,$0,$0,$50,$0,$9,$0,$-348,$-289,$-10,$0,$0
45,2007-06-30,30.26,$0.00,0.0,$7.30,4.14,$4.19,7.22,$1.66,18.27,$3.30B,$1.61B,2.05,$2.18B,$3.55B,0.61,$3.41B,$1.54B,45.13%,$3.41B,$0.13B,3.93%,$3.41B,$0.13B,3.93%,$3.41B,$0.39B,11.34%,$3.41B,$0.83B,24.30%,$3.41B,$0.59B,17.15%,$0.59B,$3.55B,13.59%,$0.59B,$3.49B,13.85%,$0.59B,$7.82B,6.21%,$0.13B,$5.73B,1.89%,$934,$411,$523,$0,$264,$722,$212,$-2,$210,$23,$187,$187,$187,$259,$212,$301,301,$0.63,$0.63,$3086,$3,$179,$3302,$0,$0,$63,$479,$542,$7815,$1607,$2180,$278,$2657,$4264,$13,$2769,$0,$3551,$7815,$210,$47,$0,$47,$0,$0,$0,$0,$67,$335,$-130,$0,$0,$0,$0,$-125,$0,$-255,$0,$0,$-31,$0,$4,$0,$-54,$-81,$-2,$0,$0
46,2007-03-31,35.9,$0.00,0.0,$6.56,5.47,$5.02,7.16,$1.52,23.65,$4.46B,$2.12B,2.11,$3.19B,$4.81B,0.66,$3.19B,$1.28B,40.09%,$3.19B,$-0.15B,-4.76%,$3.19B,$-0.15B,-4.76%,$3.19B,$0.12B,3.73%,$3.19B,$0.85B,26.77%,$3.19B,$0.54B,17.05%,$0.54B,$4.81B,12.41%,$0.54B,$4.72B,12.67%,$0.54B,$10.77B,5.62%,$-0.15B,$7.99B,-2.09%,$962,$508,$454,$0,$319,$895,$67,$-3,$64,$0,$64,$64,$64,$131,$67,$0,0,$0.00,$0.00,$4161,$5,$247,$4457,$0,$0,$89,$769,$857,$10774,$2116,$3186,$378,$3850,$5966,$19,$3639,$0,$4808,$10774,$854,$272,$0,$272,$0,$0,$0,$0,$523,$1647,$-936,$0,$0,$0,$0,$-1256,$0,$-2192,$0,$0,$349,$0,$21,$0,$0,$370,$-175,$0,$0
47,2006-12-31,32.66,$0.00,0.0,$6.56,4.98,$5.02,6.51,$1.52,21.52,$4.02B,$1.71B,2.35,$2.94B,$4.56B,0.64,$3.15B,$1.32B,42.09%,$3.15B,$-0.09B,-2.96%,$3.15B,$-0.09B,-2.96%,$3.15B,$0.19B,6.13%,$3.15B,$0.89B,28.19%,$3.15B,$0.62B,19.77%,$0.62B,$4.56B,15.28%,$0.62B,$4.47B,15.62%,$0.62B,$9.83B,6.87%,$-0.09B,$7.50B,-1.36%,$636,$482,$154,$0,$283,$835,$-199,$-11,$98,$0,$98,$62,$62,$-126,$-199,$502,502,$0.12,$0.12,$3869,$4,$104,$4016,$0,$0,$90,$699,$789,$9825,$1709,$2936,$339,$3557,$5266,$19,$3379,$0,$4559,$9825,$811,$207,$0,$207,$0,$0,$0,$0,$22,$1063,$-374,$0,$0,$0,$0,$-1036,$-0,$-1410,$0,$0,$38,$0,$19,$0,$0,$57,$-287,$0,$0
