,Date,Stock Price,Book Value per Share,Price to Book Ratio,TTM Sales per Share,Price to Sales Ratio,TTM FCF per Share,Price to FCF Ratio,TTM Net EPS,PE Ratio,Current Assets,Current Liabilities,Current Ratio,Long Term Debt,Shareholder's Equity_x,Debt to Equity Ratio,TTM Revenue_x,TTM Gross Profit,Gross Margin,TTM Revenue_y,TTM Operating Income,Operating Margin,TTM Revenue_x,TTM EBIT,EBIT Margin,TTM Revenue_y,TTM EBITDA,EBITDA Margin,TTM Revenue_x,TTM Pre-Tax Income,Pre-Tax Margin,TTM Revenue_y,TTM Net Income_x,Net Margin,TTM Net Income_y,Shareholder's Equity_y,Return on Equity,TTM Net Income_x,Tangible Equity,Return on Tangible Equity,TTM Net Income_y,Total Assets,Return on Assets,TTM Net Income,LT Investments & Debt,Return on Investment,revenue,cost-goods-sold,gross-profit,research-development-expenses,selling-general-administrative-expenses,operating-expenses,operating-income,total-non-operating-income-expense,pre-tax-income,total-provision-income-taxes,income-after-taxes,income-from-continuous-operations,net-income,ebitda,ebit,basic-shares-outstanding,shares-outstanding,eps-basic-net-earnings-per-share,eps-earnings-per-share-diluted,cash-on-hand,inventory,other-current-assets,total-current-assets,net-property-plant-equipment,long-term-investments,goodwill-intangible-assets-total,other-long-term-assets,total-long-term-assets,total-assets,total-current-liabilities,long-term-debt,other-non-current-liabilities,total-long-term-liabilities,total-liabilities,common-stock-net,retained-earnings-accumulated-deficit,comprehensive-income,total-share-holder-equity,total-liabilities-share-holders-equity,net-income-loss,total-depreciation-amortization-cash-flow,other-non-cash-items,total-non-cash-items,change-in-accounts-receivable,change-in-inventories,change-in-accounts-payable,change-in-assets-liabilities,total-change-in-assets-liabilities,cash-flow-from-operating-activities,net-change-in-property-plant-equipment,net-change-in-intangible-assets,net-acquisitions-divestitures,net-change-in-short-term-investments,net-change-in-long-term-investments,net-change-in-investments-total,investing-activities-other,cash-flow-from-investing-activities,net-long-term-debt,net-current-debt,debt-issuance-retirement-net-total,net-common-equity-issued-repurchased,net-total-equity-issued-repurchased,total-common-preferred-stock-dividends-paid,financial-activities-other,cash-flow-from-financial-activities,net-cash-flow,stock-based-compensation,common-stock-dividends-paid
0,2018-09-30,6.54,$6.98,0.94,$8.06,0.81,$-0.16,0.0,$1.87,3.5,$14.45B,$12.93B,1.12,$35.33B,$28.46B,1.24,$32.88B,$19.62B,59.68%,$32.88B,$2.56B,7.77%,$32.88B,$2.56B,7.77%,$32.88B,$11.54B,35.11%,$32.88B,$0.20B,0.61%,$32.88B,$7.60B,23.12%,$7.60B,$28.46B,27.87%,$7.60B,$-21.58B,-32.62%,$7.60B,$87.85B,8.91%,$2.56B,$63.79B,4.08%,$8433,$3362,$5071,$0,$1861,$7655,$778,$-554,$224,$17,$207,$207,$196,$3105,$778,$4061,4124,$0.05,$0.05,$8912,$859,$0,$14447,$20816,$0,$50046,$2542,$73404,$87851,$12926,$35329,$3428,$46461,$59387,$41,$432,$-308,$28464,$87851,$380,$4624,$393,$5017,$85,$168,$-95,$-384,$-226,$5357,$-5922,$202,$0,$-832,$0,$-832,$265,$-6287,$16,$0,$16,$276,$276,$0,$-248,$44,$-886,$68,$0
1,2018-06-30,5.44,$6.97,0.78,$7.99,0.68,$-0.07,0.0,$1.81,3.01,$13.40B,$11.65B,1.15,$35.77B,$27.95B,1.28,$32.37B,$19.27B,59.51%,$32.37B,$2.38B,7.35%,$32.37B,$2.38B,7.35%,$32.37B,$11.10B,34.27%,$32.37B,$0.03B,0.08%,$32.37B,$7.36B,22.73%,$7.36B,$27.95B,29.53%,$7.36B,$-23.55B,-28.54%,$7.36B,$86.45B,8.77%,$2.38B,$63.72B,3.97%,$8125,$3071,$5054,$0,$1867,$7310,$815,$-595,$220,$47,$173,$173,$176,$3112,$815,$4010,4061,$0.04,$0.04,$8386,$622,$0,$13395,$20538,$0,$51493,$1023,$73054,$86449,$11647,$35771,$3382,$46857,$58504,$40,$236,$-317,$27945,$86449,$173,$2297,$90,$2387,$273,$421,$-766,$-197,$-269,$2430,$-2816,$-59,$0,$-1654,$170,$-1484,$-10,$-4369,$-45,$0,$-45,$0,$0,$0,$-250,$-295,$-2234,$40,$0
2,2018-03-31,4.88,$6.60,0.74,$7.99,0.61,$-0.09,0.0,$1.82,2.68,$14.25B,$10.80B,1.32,$37.46B,$26.42B,1.42,$32.41B,$19.00B,58.64%,$32.41B,$2.73B,8.42%,$32.41B,$2.73B,8.42%,$32.41B,$11.15B,34.40%,$32.41B,$0.30B,0.94%,$32.41B,$7.39B,22.80%,$7.39B,$26.42B,32.57%,$7.39B,$-23.94B,-26.56%,$7.39B,$85.46B,8.88%,$2.73B,$63.88B,4.75%,$8083,$3417,$4666,$0,$2028,$7847,$236,$-585,$-349,$-412,$63,$63,$69,$2462,$236,$3999,4078,$0.02,$0.01,$8964,$1003,$0,$14253,$19925,$0,$50360,$921,$71206,$85459,$10800,$37463,$3483,$48240,$59040,$40,$-1255,$-313,$26419,$85459,$7377,$8422,$-7279,$1143,$83,$705,$57,$271,$1116,$10062,$-10253,$-115,$0,$3090,$1140,$4230,$3,$-6135,$11,$0,$11,$0,$0,$0,$-221,$-210,$3717,$182,$0
3,2017-12-31,5.89,$6.57,0.9,$8.16,0.72,$-2.56,0.0,$1.73,3.4,$10.17B,$11.07B,0.92,$32.83B,$26.31B,1.25,$32.86B,$18.68B,56.84%,$32.86B,$2.96B,9.01%,$32.86B,$2.96B,9.01%,$32.86B,$11.20B,34.08%,$32.86B,$0.52B,1.58%,$32.86B,$7.04B,21.41%,$7.04B,$26.31B,33.85%,$7.04B,$-24.17B,-23.65%,$7.04B,$81.42B,8.47%,$2.96B,$59.13B,5.37%,$8239,$3406,$4833,$0,$2108,$7512,$727,$-623,$104,$-7052,$7156,$7156,$7162,$2865,$727,$4001,4061,$1.79,$1.76,$4613,$1009,$0,$10165,$19712,$0,$50475,$1067,$71254,$81419,$11071,$32825,$3509,$44043,$55114,$40,$-1264,$-366,$26305,$81419,$7314,$6196,$-6273,$-77,$-74,$-3216,$-104,$260,$-3134,$4405,$-3919,$-92,$0,$5271,$0,$5271,$16,$1276,$-4086,$0,$-4086,$0,$0,$0,$-25,$-4111,$1570,$137,$0
4,2017-09-30,7.78,$4.76,1.64,$8.28,0.94,$-2.66,0.0,$-0.15,0.0,$11.94B,$10.90B,1.1,$34.24B,$19.02B,1.8,$33.17B,$18.49B,55.72%,$33.17B,$2.55B,7.67%,$33.17B,$2.55B,7.67%,$33.17B,$10.66B,32.14%,$33.17B,$0.05B,0.14%,$33.17B,$-0.60B,-1.82%,$-0.60B,$19.02B,-3.19%,$-0.60B,$-31.48B,1.91%,$-0.60B,$82.47B,-0.73%,$2.55B,$53.26B,4.82%,$7927,$3214,$4713,$0,$2013,$7326,$601,$-551,$50,$98,$-48,$-48,$-48,$2656,$601,$3998,3998,$-0.01,$-0.01,$6412,$751,$0,$11935,$18901,$0,$50498,$1132,$70531,$82466,$10897,$34236,$3533,$52549,$63446,$40,$-8426,$-392,$19020,$82466,$158,$4058,$6,$4064,$-179,$541,$-161,$183,$384,$4726,$-4908,$199,$0,$3834,$0,$3834,$638,$-237,$-2401,$0,$-2401,$1,$1,$0,$-160,$-2560,$1929,$87,$0
5,2017-06-30,8.21,$4.76,1.73,$8.37,0.98,$-2.46,0.0,$-0.18,0.0,$12.50B,$11.57B,1.08,$34.46B,$19.02B,1.81,$33.49B,$18.23B,54.42%,$33.49B,$2.57B,7.66%,$33.49B,$2.57B,7.66%,$33.49B,$10.53B,31.44%,$33.49B,$-0.03B,-0.08%,$33.49B,$-0.70B,-2.08%,$-0.70B,$19.02B,-3.66%,$-0.70B,$-31.71B,2.20%,$-0.70B,$83.32B,-0.84%,$2.57B,$53.47B,4.96%,$8157,$3366,$4791,$0,$1938,$6994,$1163,$-665,$498,$292,$206,$206,$206,$3166,$1163,$3993,4076,$0.05,$0.05,$6827,$979,$0,$12496,$18866,$0,$50727,$1235,$70828,$83324,$11571,$34459,$3578,$52738,$64309,$40,$-8378,$-408,$19015,$83324,$206,$2003,$-70,$1933,$-53,$181,$-474,$73,$-273,$1924,$-2409,$-13,$0,$1095,$375,$1470,$-1,$-953,$-1348,$0,$-1348,$0,$0,$0,$-15,$-1363,$-392,$41,$0
6,2017-03-31,8.68,$4.72,1.84,$8.38,1.04,$-2.42,0.0,$-0.31,0.0,$14.12B,$12.46B,1.13,$35.88B,$18.81B,1.91,$33.35B,$17.93B,53.76%,$33.35B,$1.76B,5.29%,$33.35B,$1.76B,5.29%,$33.35B,$9.61B,28.82%,$33.35B,$-0.77B,-2.31%,$33.35B,$-1.21B,-3.62%,$-1.21B,$18.81B,-6.29%,$-1.21B,$-31.68B,3.82%,$-1.21B,$85.12B,-1.47%,$1.76B,$54.69B,3.45%,$8539,$4197,$4342,$0,$2002,$8069,$470,$-604,$-134,$149,$-283,$-283,$-283,$2512,$470,$3981,3981,$-0.06,$-0.06,$8314,$1064,$0,$14117,$19209,$0,$50484,$1313,$71006,$85123,$12458,$35878,$3563,$53857,$66315,$40,$-8584,$-404,$18808,$85123,$-1206,$7848,$-9011,$-1163,$-1017,$457,$-365,$-308,$-1233,$-3290,$-6707,$-83,$0,$-5444,$10498,$5054,$41,$-1695,$5549,$0,$5549,$0,$0,$0,$-263,$5286,$301,$93,$0
7,2016-12-31,8.42,$4.77,1.77,$8.27,1.02,$-2.66,0.0,$-0.38,0.0,$10.57B,$13.64B,0.78,$30.76B,$19.00B,1.62,$32.88B,$17.54B,53.35%,$32.88B,$1.30B,3.96%,$32.88B,$1.30B,3.96%,$32.88B,$8.92B,27.13%,$32.88B,$-1.18B,-3.58%,$32.88B,$-1.48B,-4.49%,$-1.48B,$19.00B,-7.60%,$-1.48B,$-31.72B,4.69%,$-1.48B,$81.30B,-1.84%,$1.30B,$49.76B,2.62%,$8549,$3910,$4639,$0,$2080,$8238,$311,$-679,$-368,$111,$-479,$-479,$-479,$2328,$311,$3983,3983,$-0.12,$-0.12,$6056,$1296,$0,$10572,$19333,$0,$50717,$673,$70723,$81295,$13637,$30759,$3665,$48662,$62299,$40,$-8301,$-437,$18996,$81295,$-923,$5806,$849,$6655,$-542,$-2254,$-97,$-533,$-3426,$2900,$-2825,$-46,$0,$-2349,$0,$-2349,$26,$-5194,$3564,$0,$3564,$0,$0,$0,$-204,$3360,$1066,$57,$0
8,2016-09-30,6.63,$4.88,1.36,$8.16,0.81,$-3.45,0.0,$-0.47,0.0,$9.86B,$13.95B,0.71,$29.54B,$19.42B,1.52,$32.44B,$17.07B,52.63%,$32.44B,$0.79B,2.45%,$32.44B,$0.79B,2.45%,$32.44B,$8.18B,25.22%,$32.44B,$-1.55B,-4.77%,$32.44B,$-1.83B,-5.65%,$-1.83B,$19.42B,-9.28%,$-1.83B,$-31.55B,5.85%,$-1.83B,$80.83B,-2.29%,$0.79B,$48.96B,1.59%,$8247,$3794,$4453,$0,$1995,$7625,$622,$-645,$-23,$119,$-142,$-142,$-142,$2524,$622,$3979,3979,$-0.04,$-0.04,$5656,$981,$0,$9856,$19176,$0,$50977,$819,$70972,$80828,$13948,$29541,$3796,$47457,$61405,$40,$-7822,$-432,$19423,$80828,$-444,$3789,$391,$4180,$-126,$-892,$-195,$-605,$-1818,$2250,$-1640,$-32,$0,$-1650,$0,$-1650,$-36,$-3358,$2611,$0,$2611,$0,$0,$0,$-138,$2473,$1365,$29,$0
9,2016-06-30,4.53,$4.91,0.92,$8.10,0.56,$-4.17,0.0,$-0.58,0.0,$8.96B,$11.69B,0.77,$31.35B,$19.50B,1.61,$32.17B,$16.85B,52.39%,$32.17B,$0.17B,0.53%,$32.17B,$0.17B,0.53%,$32.17B,$7.32B,22.75%,$32.17B,$-2.06B,-6.41%,$32.17B,$-2.28B,-7.08%,$-2.28B,$19.50B,-11.28%,$-2.28B,$-31.41B,7.32%,$-2.28B,$80.40B,-2.85%,$0.17B,$50.86B,0.33%,$8012,$3518,$4494,$0,$1917,$7651,$361,$-607,$-246,$56,$-302,$-302,$-302,$2248,$361,$3975,3975,$-0.08,$-0.08,$5084,$816,$0,$8962,$19715,$0,$50907,$811,$71433,$80395,$11689,$31354,$3844,$49204,$60893,$40,$-7680,$-440,$19502,$80395,$-302,$1887,$370,$2257,$-106,$-98,$-1016,$-276,$-1496,$542,$-851,$-15,$0,$-1304,$0,$-1304,$-25,$-2195,$2961,$0,$2961,$0,$0,$0,$-169,$2792,$1139,$15,$0
10,2016-03-31,3.48,$4.98,0.7,$8.11,0.43,$-4.66,0.0,$-0.51,0.0,$6.83B,$11.96B,0.57,$29.27B,$19.78B,1.48,$32.18B,$16.63B,51.66%,$32.18B,$0.31B,0.96%,$32.18B,$0.31B,0.96%,$32.18B,$7.08B,22.01%,$32.18B,$-1.85B,-5.76%,$32.18B,$-2.00B,-6.20%,$-2.00B,$19.78B,-9.61%,$-2.00B,$-31.33B,6.47%,$-2.00B,$78.98B,-2.49%,$0.31B,$49.05B,0.60%,$8071,$4117,$3954,$0,$1939,$8063,$8,$-547,$-539,$15,$-554,$-554,$-554,$1820,$8,$3969,3969,$-0.13,$-0.13,$2641,$1173,$0,$6833,$20297,$0,$51117,$728,$72142,$78975,$11963,$29268,$4002,$47229,$59192,$40,$-7378,$-439,$19783,$78975,$-1995,$6772,$-6592,$180,$583,$605,$-590,$295,$893,$-423,$-10516,$-98,$0,$166,$7925,$8091,$1108,$-1415,$456,$0,$456,$0,$0,$0,$13,$469,$-1369,$75,$0
11,2015-12-31,3.62,$5.12,0.71,$8.17,0.44,$-2.72,0.0,$-0.43,0.0,$6.56B,$11.06B,0.59,$30.43B,$20.33B,1.5,$32.39B,$16.75B,51.70%,$32.39B,$0.62B,1.91%,$32.39B,$0.62B,1.91%,$32.39B,$6.96B,21.48%,$32.39B,$-1.51B,-4.67%,$32.39B,$-1.67B,-5.14%,$-1.67B,$20.33B,-7.84%,$-1.67B,$-31.10B,5.42%,$-1.67B,$79.55B,-2.05%,$0.62B,$50.76B,1.16%,$8107,$3937,$4170,$0,$2129,$8304,$-197,$-542,$-739,$97,$-836,$-836,$-836,$1589,$-197,$3970,3970,$-0.21,$-0.21,$2216,$995,$0,$6561,$20645,$0,$51434,$911,$72990,$79551,$11062,$30429,$3954,$48156,$59218,$40,$-6824,$-419,$20333,$79551,$-1441,$4960,$791,$5751,$-1482,$-2165,$-816,$2160,$-2303,$2603,$-5646,$-75,$0,$125,$0,$125,$1111,$-4485,$28,$0,$28,$0,$0,$0,$19,$47,$-1835,$58,$0
12,2015-09-30,3.84,$5.33,0.72,$8.39,0.46,$-2.55,0.0,$-0.82,0.0,$7.10B,$9.26B,0.77,$32.57B,$21.16B,1.54,$33.26B,$16.27B,48.91%,$33.26B,$-1.72B,-5.18%,$33.26B,$-1.72B,-5.18%,$33.26B,$6.18B,18.57%,$33.26B,$-3.81B,-11.45%,$33.26B,$-3.21B,-9.65%,$-3.21B,$21.16B,-14.80%,$-3.21B,$-30.60B,10.50%,$-3.21B,$80.85B,-3.91%,$-1.72B,$53.73B,-3.20%,$7975,$3743,$4232,$0,$2224,$7977,$-2,$-537,$-539,$46,$-585,$-585,$-585,$1662,$-2,$3969,3969,$-0.15,$-0.15,$2075,$889,$0,$7096,$21061,$0,$51755,$939,$73755,$80851,$9255,$32570,$3940,$50439,$59694,$40,$-5988,$-412,$21157,$80851,$-605,$3174,$431,$3605,$-1357,$-1025,$-509,$1323,$-1568,$1797,$-4077,$-45,$0,$63,$0,$63,$-21,$-4080,$228,$0,$228,$0,$0,$0,$17,$245,$-2038,$40,$0
13,2015-06-30,4.56,$5.48,0.83,$8.53,0.53,$-2.15,0.0,$-0.86,0.0,$7.79B,$9.11B,0.85,$32.75B,$21.73B,1.51,$33.77B,$15.72B,46.55%,$33.77B,$-1.91B,-5.66%,$33.77B,$-1.91B,-5.66%,$33.77B,$5.57B,16.49%,$33.77B,$-3.96B,-11.74%,$33.77B,$-3.39B,-10.03%,$-3.39B,$21.73B,-15.03%,$-3.39B,$-30.38B,11.13%,$-3.39B,$81.44B,-4.08%,$-1.91B,$54.47B,-3.51%,$8027,$3758,$4269,$0,$2187,$7526,$501,$-538,$-37,$-17,$-20,$-20,$-20,$2011,$501,$3967,3967,$-0.01,$-0.01,$2263,$949,$0,$7785,$20563,$0,$52104,$987,$73654,$81439,$9114,$32746,$3941,$50600,$59714,$40,$-5403,$-404,$21725,$81439,$-20,$1510,$168,$1678,$-1683,$-315,$-867,$1267,$-1598,$128,$-2345,$-26,$0,$-37,$0,$-37,$-3,$-2411,$320,$0,$320,$0,$0,$0,$13,$333,$-1950,$18,$0
14,2015-03-31,4.74,$5.47,0.87,$8.70,0.54,$-1.73,0.0,$-0.84,0.0,$9.78B,$10.94B,0.89,$32.34B,$21.71B,1.49,$34.53B,$15.56B,45.07%,$34.53B,$-1.90B,-5.49%,$34.53B,$-1.90B,-5.49%,$34.53B,$5.28B,15.30%,$34.53B,$-3.92B,-11.35%,$34.53B,$-3.35B,-9.69%,$-3.35B,$21.71B,-14.26%,$-3.35B,$-30.75B,11.03%,$-3.35B,$82.84B,-3.99%,$-1.90B,$54.05B,-3.44%,$8282,$4208,$4074,$0,$2331,$7964,$318,$-515,$-197,$27,$-224,$-224,$-224,$1695,$318,$3962,3962,$-0.06,$-0.06,$4176,$1359,$0,$9777,$19721,$0,$52455,$888,$73064,$82841,$10940,$32342,$3951,$50191,$61131,$40,$-5383,$-408,$21710,$82841,$-3345,$7179,$460,$7639,$-644,$-1573,$481,$-199,$-1935,$2450,$-5689,$-68,$0,$1054,$0,$1054,$-11,$-4714,$1356,$0,$1356,$0,$0,$0,$-52,$1304,$-960,$86,$0
15,2014-12-31,4.15,$5.58,0.74,$8.86,0.47,$-2.14,0.0,$-0.82,0.0,$10.46B,$12.24B,0.85,$31.16B,$22.09B,1.41,$35.13B,$15.70B,44.71%,$35.13B,$-1.79B,-5.10%,$35.13B,$-1.79B,-5.10%,$35.13B,$3.48B,9.92%,$35.13B,$-3.82B,-10.87%,$35.13B,$-3.27B,-9.32%,$-3.27B,$22.09B,-13.43%,$-3.27B,$-30.48B,10.81%,$-3.27B,$83.04B,-3.89%,$-1.79B,$53.25B,-3.21%,$8973,$5282,$3691,$0,$2647,$11513,$-2540,$-496,$-3036,$-657,$-2379,$-2379,$-2379,$808,$-2540,$3957,3957,$-0.60,$-0.60,$3709,$1513,$0,$10458,$18853,$0,$52573,$1154,$72580,$83038,$12244,$31160,$3864,$48705,$60949,$40,$-5159,$-270,$22089,$83038,$-3121,$5802,$185,$5987,$-1356,$-1044,$1183,$-281,$-1498,$1474,$-3843,$-26,$0,$966,$0,$966,$-9,$-2912,$-90,$0,$-90,$50,$50,$0,$-37,$-77,$-1515,$89,$0
16,2014-09-30,6.34,$6.24,1.02,$6.59,0.96,$-2.54,0.0,$-0.48,0.0,$11.27B,$10.60B,1.06,$31.46B,$24.66B,1.28,$26.15B,$12.01B,45.94%,$26.15B,$0.75B,2.86%,$26.15B,$0.75B,2.86%,$26.15B,$3.56B,13.60%,$26.15B,$-0.78B,-2.99%,$26.15B,$-0.89B,-3.41%,$-0.89B,$24.66B,-4.74%,$-0.89B,$-30.18B,3.94%,$-0.89B,$84.71B,-1.41%,$0.75B,$56.12B,1.75%,$8488,$4801,$3687,$0,$2301,$8680,$-192,$-502,$-694,$71,$-765,$-765,$-765,$1055,$-192,$3949,3949,$-0.19,$-0.19,$5302,$1124,$0,$11270,$17557,$0,$54839,$1044,$73440,$84710,$10598,$31458,$3660,$49449,$60047,$40,$-2780,$-50,$24663,$84710,$-742,$2454,$558,$3012,$-828,$-155,$503,$-146,$-626,$1707,$-2389,$16,$101,$-1789,$1842,$53,$-6,$-2225,$-363,$0,$-363,$46,$46,$0,$0,$-317,$-835,$65,$0
17,2014-06-30,8.53,$6.43,1.33,$6.73,1.27,$-2.68,0.0,$-0.47,0.0,$11.37B,$9.44B,1.21,$31.69B,$25.36B,1.25,$26.35B,$12.10B,45.92%,$26.35B,$0.54B,2.05%,$26.35B,$0.54B,2.05%,$26.35B,$3.52B,13.38%,$26.35B,$1.89B,7.19%,$26.35B,$0.26B,0.97%,$0.26B,$25.36B,1.32%,$0.26B,$-29.86B,-1.12%,$0.26B,$84.42B,0.40%,$0.54B,$57.05B,1.25%,$8789,$4678,$4111,$0,$2284,$8270,$519,$-511,$8,$-15,$23,$23,$23,$1726,$519,$3945,4002,$0.01,$0.01,$5493,$1116,$0,$11374,$16852,$0,$55226,$967,$73045,$84419,$9436,$31687,$3664,$49619,$59055,$39,$-2015,$-43,$25364,$84419,$23,$1207,$228,$1435,$-369,$-97,$-272,$-76,$-814,$679,$-1226,$54,$0,$-102,$0,$-102,$-3,$-1277,$-210,$0,$-210,$9,$9,$0,$0,$-201,$-799,$26,$0
18,2014-03-31,9.19,$6.42,1.43,$7.47,1.23,$-2.65,0.0,$-1.01,0.0,$11.58B,$9.70B,1.19,$31.79B,$25.31B,1.26,$26.43B,$11.82B,44.71%,$26.43B,$-0.87B,-3.31%,$26.43B,$-0.87B,-3.31%,$26.43B,$2.55B,9.64%,$26.43B,$0.17B,0.64%,$26.43B,$-1.48B,-5.60%,$-1.48B,$25.31B,-10.42%,$-1.48B,$-30.61B,7.50%,$-1.48B,$84.69B,-2.65%,$-0.87B,$57.10B,-2.41%,$8875,$4660,$4215,$0,$2371,$8455,$420,$-515,$-95,$56,$-151,$-151,$-151,$-105,$420,$3949,3949,$-0.04,$-0.04,$6190,$982,$0,$11579,$16299,$0,$55919,$892,$73110,$84689,$9698,$31787,$3685,$49679,$59377,$39,$-2038,$-43,$25312,$84689,$-2002,$3997,$701,$4698,$0,$0,$0,$-1470,$-1470,$463,$-5327,$-298,$-14112,$-119,$0,$-119,$-8,$-19864,$5963,$0,$5963,$18567,$18567,$0,$-162,$24368,$4967,$133,$0
19,2013-12-31,10.75,$6.50,1.65,$8.14,1.32,$-1.56,0.0,$-1.18,0.0,$0.00B,$0.00B,0.0,$0.00B,$0.00B,0.0,$26.35B,$11.46B,43.50%,$26.35B,$-1.27B,-4.80%,$26.35B,$-1.27B,-4.80%,$26.35B,$-2.37B,-9.01%,$26.35B,$-0.34B,-1.29%,$26.35B,$-1.97B,-7.48%,$-1.97B,$0.00B,-20.78%,$-1.97B,$0.00B,12.29%,$-1.97B,$0.00B,-4.17%,$-1.27B,$0.00B,-4.28%,$0,$0,$0,$0,$0,$0,$0,$0,$0,$0,$0,$0,$0,$881,$0,$0,0,$0.00,$0.00,$0,$0,$0,$0,$0,$0,$0,$0,$0,$0,$0,$0,$0,$0,$0,$0,$0,$0,$0,$0,$0,$0,$0,$0,$0,$0,$0,$0,$0,$0,$0,$0,$-18151,$0,$0,$0,$0,$0,$0,$0,$0,$18627,$18627,$0,$0,$0,$0,$0,$0
20,2013-09-30,6.22,$6.74,0.92,$8.14,0.76,$-0.57,0.0,$-0.92,0.0,$15.43B,$10.95B,1.41,$32.42B,$26.48B,1.22,$26.35B,$11.46B,43.50%,$26.35B,$-1.27B,-4.80%,$26.35B,$-1.27B,-4.80%,$26.35B,$-3.26B,-12.35%,$26.35B,$-0.34B,-1.29%,$26.35B,$-1.97B,-7.48%,$-1.97B,$26.48B,-20.78%,$-1.97B,$-30.28B,12.29%,$-1.97B,$87.98B,-4.17%,$-1.27B,$58.90B,-4.28%,$8681,$4909,$3772,$0,$2548,$9079,$-398,$2379,$1981,$1598,$383,$383,$383,$1022,$-398,$3802,3802,$0.10,$0.10,$10544,$1028,$0,$15430,$15312,$137,$56761,$337,$72547,$87977,$10950,$32420,$3861,$50544,$61494,$39,$-849,$4,$26483,$87977,$-1328,$3065,$-506,$2559,$-119,$-17,$1173,$38,$1075,$2433,$-3630,$-101,$-18151,$533,$-228,$305,$-3057,$-24634,$6026,$0,$6026,$18605,$18605,$0,$-122,$24509,$2308,$78,$0
21,2013-06-30,7.02,$1.65,4.26,$8.77,0.8,$-0.26,0.0,$-1.00,0.0,$11.40B,$9.49B,1.2,$23.90B,$4.98B,4.8,$26.43B,$11.36B,42.98%,$26.43B,$-1.10B,-4.15%,$26.43B,$-1.10B,-4.15%,$26.43B,$-3.02B,-11.43%,$26.43B,$-3.04B,-11.51%,$26.43B,$-3.12B,-11.81%,$-3.12B,$4.98B,-62.57%,$-3.12B,$-18.00B,26.13%,$-3.12B,$50.36B,-8.32%,$-1.10B,$28.88B,-4.94%,$8877,$5045,$3832,$0,$2464,$9773,$-896,$-821,$-1717,$-6,$-1711,$-1711,$-1711,$749,$-896,$3022,3022,$-0.56,$-0.56,$6436,$899,$0,$11399,$14403,$833,$22979,$747,$38962,$50361,$9489,$23903,$4813,$35892,$45381,$6048,$-47056,$-1068,$4980,$50361,$-1711,$1645,$530,$2175,$-136,$93,$615,$189,$761,$1243,$-1571,$-68,$-509,$654,$-160,$494,$0,$-1654,$0,$-303,$-303,$44,$44,$0,$-1,$-260,$-671,$16,$0
22,2013-03-31,6.21,$2.15,2.89,$8.78,0.71,$0.00,0.0,$-0.93,0.0,$12.77B,$8.57B,1.49,$24.07B,$6.47B,3.72,$26.40B,$11.36B,43.04%,$26.40B,$-0.83B,-3.15%,$26.40B,$-0.83B,-3.15%,$26.40B,$-0.84B,-3.17%,$26.40B,$-2.67B,-10.13%,$26.40B,$-2.78B,-10.55%,$-2.78B,$6.47B,-46.02%,$-2.78B,$-15.88B,25.92%,$-2.78B,$50.76B,-7.49%,$-0.83B,$30.55B,-3.68%,$8793,$4933,$3860,$0,$2336,$8764,$29,$-634,$-605,$38,$-643,$-643,$-643,$-5026,$29,$3013,3013,$-0.21,$-0.21,$7769,$843,$0,$12769,$14025,$866,$22352,$745,$37988,$50757,$8567,$24072,$4513,$35716,$44283,$6026,$-45459,$-1119,$6474,$50757,$-643,$1492,$326,$1818,$215,$243,$-734,$16,$-260,$940,$-1381,$-55,$0,$355,$-80,$275,$3,$-1158,$145,$0,$145,$0,$0,$0,$-3,$142,$-76,$17,$0
23,2012-12-31,5.67,$0.00,0.0,$8.78,0.65,$0.21,26.66,$-0.72,0.0,$0.00B,$0.00B,0.0,$0.00B,$0.00B,0.0,$26.34B,$11.15B,42.33%,$26.34B,$-1.12B,-4.23%,$26.34B,$-1.12B,-4.23%,$26.34B,$0.67B,2.52%,$26.34B,$-2.89B,-10.99%,$26.34B,$-3.00B,-11.40%,$-3.00B,$0.00B,-42.43%,$-3.00B,$0.00B,30.86%,$-3.00B,$0.00B,-8.09%,$-1.12B,$0.00B,-4.82%,$0,$0,$0,$0,$0,$0,$0,$0,$0,$0,$0,$0,$0,$0,$0,$0,0,$0.00,$0.00,$0,$0,$0,$0,$0,$0,$0,$0,$0,$0,$0,$0,$0,$0,$0,$0,$0,$0,$0,$0,$0,$0,$0,$0,$0,$0,$0,$0,$0,$0,$0,$0,$0,$0,$0,$0,$0,$0,$0,$0,$0,$3134,$3134,$0,$0,$0,$0,$0,$0
24,2012-09-30,5.52,$2.83,1.95,$8.78,0.63,$0.40,13.8,$-0.72,0.0,$11.61B,$7.95B,1.46,$20.99B,$8.50B,2.47,$26.34B,$11.15B,42.33%,$26.34B,$-1.12B,-4.23%,$26.34B,$-1.12B,-4.23%,$26.34B,$1.48B,5.62%,$26.34B,$-2.89B,-10.99%,$26.34B,$-3.00B,-11.40%,$-3.00B,$8.50B,-42.43%,$-3.00B,$-13.89B,30.86%,$-3.00B,$48.97B,-8.09%,$-1.12B,$29.49B,-4.82%,$8763,$5093,$3670,$0,$2391,$8994,$-231,$-489,$-720,$47,$-767,$-767,$-767,$1257,$-231,$3003,3003,$-0.26,$-0.26,$6329,$996,$0,$11611,$13108,$1141,$22391,$721,$37361,$48972,$7947,$20994,$4443,$32526,$40473,$6007,$-43494,$-766,$8499,$48972,$-3004,$5050,$1250,$6300,$-526,$-348,$395,$55,$-424,$2783,$-2784,$-152,$0,$-534,$-128,$-662,$13,$-3585,$1069,$0,$1069,$21,$21,$0,$-90,$1000,$198,$57,$0
25,2012-06-30,3.26,$3.08,1.06,$8.64,0.38,$0.53,6.18,$-0.46,0.0,$11.60B,$7.36B,1.58,$20.96B,$9.23B,2.27,$25.91B,$11.20B,43.24%,$25.91B,$-0.68B,-2.61%,$25.91B,$-0.68B,-2.61%,$25.91B,$1.62B,6.27%,$25.91B,$-2.46B,-9.51%,$25.91B,$-2.54B,-9.80%,$-2.54B,$9.23B,-30.90%,$-2.54B,$-13.19B,29.36%,$-2.54B,$49.02B,-6.88%,$-0.68B,$30.18B,-2.93%,$8843,$5011,$3832,$0,$2381,$9472,$-629,$-719,$-1348,$26,$-1374,$-1374,$-1374,$2933,$-629,$3000,3000,$-0.46,$-0.46,$6762,$766,$0,$11604,$12961,$1344,$22417,$698,$37420,$49024,$7363,$20957,$4439,$32434,$39797,$5999,$-42726,$-781,$9227,$49024,$-2237,$3562,$790,$4352,$-263,$-63,$293,$31,$-2,$2155,$-1711,$-107,$0,$-752,$-128,$-880,$10,$-2688,$996,$0,$996,$7,$7,$0,$-57,$946,$413,$39,$0
26,2012-03-31,2.85,$3.53,0.81,$8.47,0.34,$0.58,4.94,0,0.0,$12.22B,$6.44B,1.9,$22.26B,$10.59B,2.1,$25.38B,$11.09B,43.71%,$25.38B,$0.03B,0.13%,$25.38B,$0.03B,0.13%,$25.38B,$1.26B,4.96%,$25.38B,$-1.86B,-7.34%,$25.38B,$-2.01B,-7.92%,$-2.01B,$10.59B,-21.77%,$-2.01B,$-11.85B,26.24%,$-2.01B,$50.62B,-5.45%,$0.03B,$32.85B,0.14%,$8734,$5085,$3649,$0,$2436,$8989,$-255,$-571,$-826,$37,$-863,$-863,$-863,$-3525,$-255,$2999,2999,$-0.29,$-0.29,$7572,$693,$0,$12224,$13500,$1780,$22440,$673,$38393,$50617,$6439,$22260,$4314,$33587,$40026,$5995,$-41352,$-775,$10591,$50617,$-863,$1666,$185,$1851,$-78,$52,$52,$-63,$-37,$978,$-783,$-56,$0,$-327,$-128,$-455,$-1,$-1295,$1998,$0,$1998,$0,$0,$0,$-33,$1965,$1648,$17,$0
27,2011-12-31,2.34,$3.81,0.61,$8.34,0.28,$0.60,3.88,0,0.0,$0.00B,$0.00B,0.0,$0.00B,$0.00B,0.0,$24.96B,$11.36B,45.52%,$24.96B,$0.55B,2.19%,$24.96B,$0.55B,2.19%,$24.96B,$-0.07B,-0.30%,$24.96B,$-1.44B,-5.77%,$24.96B,$-1.59B,-6.36%,$-1.59B,$0.00B,-15.67%,$-1.59B,$0.00B,23.25%,$-1.59B,$0.00B,-4.34%,$0.55B,$0.00B,2.44%,$0,$0,$0,$0,$0,$0,$0,$0,$0,$0,$0,$0,$0,$814,$0,$0,0,$0.00,$0.00,$0,$0,$0,$0,$0,$0,$0,$0,$0,$0,$0,$0,$0,$0,$0,$0,$0,$0,$0,$0,$0,$0,$78,$0,$0,$0,$0,$0,$0,$0,$0,$0,$0,$0,$-331,$0,$0,$0,$0,$0,$0,$18,$18,$0,$0,$0,$0,$0,$0
28,2011-09-30,3.04,$4.36,0.7,$8.34,0.36,$0.42,7.3,0,0.0,$8.65B,$7.68B,1.13,$16.27B,$13.04B,1.25,$24.96B,$11.36B,45.52%,$24.96B,$0.55B,2.19%,$24.96B,$0.55B,2.19%,$24.96B,$-0.89B,-3.56%,$24.96B,$-1.44B,-5.77%,$24.96B,$-1.59B,-6.36%,$-1.59B,$13.04B,-15.67%,$-1.59B,$-9.54B,23.25%,$-1.59B,$48.02B,-4.34%,$0.55B,$29.31B,2.44%,$8333,$4611,$3722,$0,$2320,$8125,$208,$-497,$-289,$12,$-301,$-301,$-301,$1402,$208,$2996,2996,$-0.10,$-0.10,$4001,$923,$0,$8650,$14168,$2114,$22577,$506,$39365,$48015,$7682,$16272,$4109,$27292,$34974,$5989,$-39186,$-463,$13041,$48015,$-1587,$3684,$1672,$5356,$-387,$-268,$-862,$316,$-1201,$2602,$-2221,$-199,$0,$60,$0,$60,$-10,$-2370,$-1655,$0,$-1655,$0,$0,$0,$11,$-1644,$-1412,$51,$0
29,2011-06-30,5.39,$4.45,1.21,$8.28,0.65,$0.94,5.75,0,0.0,$9.18B,$8.63B,1.06,$16.28B,$13.33B,1.22,$24.78B,$11.30B,45.59%,$24.78B,$0.13B,0.50%,$24.78B,$0.13B,0.50%,$24.78B,$-0.95B,-3.84%,$24.78B,$-2.01B,-8.10%,$24.78B,$-2.20B,-8.87%,$-2.20B,$13.33B,-20.40%,$-2.20B,$-9.27B,35.26%,$-2.20B,$49.04B,-5.83%,$0.13B,$29.60B,0.53%,$8311,$4589,$3722,$0,$2408,$8232,$79,$-827,$-748,$99,$-847,$-847,$-847,$2569,$79,$2994,2994,$-0.28,$-0.28,$4271,$1160,$0,$9182,$14379,$2393,$22593,$496,$39861,$49043,$8631,$16278,$3895,$27086,$35717,$5987,$-38885,$-466,$13326,$49043,$-1286,$2490,$1239,$3729,$-244,$-495,$129,$135,$-475,$1994,$-1403,$-128,$0,$-15,$0,$-15,$-18,$-1564,$-1653,$0,$-1653,$0,$0,$0,$6,$-1647,$-1217,$37,$0
30,2011-03-31,4.64,$4.73,0.98,$8.19,0.57,$1.23,3.78,0,0.0,$8.45B,$8.27B,1.02,$16.28B,$14.14B,1.15,$24.49B,$11.37B,46.42%,$24.49B,$-0.02B,-0.07%,$24.49B,$-0.02B,-0.07%,$24.49B,$-0.27B,-1.11%,$24.49B,$-1.97B,-8.06%,$24.49B,$-2.11B,-8.62%,$-2.11B,$14.14B,-18.25%,$-2.11B,$-8.51B,38.25%,$-2.11B,$49.32B,-5.45%,$-0.02B,$30.42B,-0.07%,$8313,$4396,$3917,$0,$2403,$8054,$259,$-661,$-402,$37,$-439,$-439,$-439,$-4859,$259,$2992,2992,$-0.15,$-0.15,$3998,$728,$0,$8447,$14754,$2982,$22646,$491,$40873,$49320,$8272,$16282,$3796,$26908,$35180,$5982,$-38038,$-481,$14140,$49320,$-439,$1255,$430,$1685,$32,$-165,$-236,$23,$-346,$919,$-644,$-74,$0,$-40,$0,$-40,$-23,$-781,$-1652,$0,$-1652,$0,$0,$0,$-1,$-1653,$-1515,$18,$0
31,2010-12-31,4.23,$0.00,0.0,$8.12,0.52,$1.34,3.15,0,0.0,$0.00B,$0.00B,0.0,$0.00B,$0.00B,0.0,$24.26B,$11.34B,46.73%,$24.26B,$-0.46B,-1.88%,$24.26B,$-0.46B,-1.88%,$24.26B,$-1.38B,-5.70%,$24.26B,$-2.37B,-9.75%,$24.26B,$-2.54B,-10.45%,$-2.54B,$0.00B,-20.56%,$-2.54B,$0.00B,52.08%,$-2.54B,$0.00B,-6.35%,$-0.46B,$0.00B,-1.74%,$0,$0,$0,$0,$0,$0,$0,$0,$0,$0,$0,$0,$0,$0,$0,$0,0,$0.00,$0.00,$0,$0,$0,$0,$0,$0,$0,$0,$0,$0,$0,$0,$0,$0,$0,$0,$0,$0,$0,$0,$0,$0,$-69,$0,$0,$0,$0,$-27,$0,$0,$0,$0,$0,$0,$0,$0,$0,$0,$0,$0,$0,$8,$8,$0,$0,$0,$0,$0,$0
32,2010-09-30,4.63,$5.23,0.89,$8.12,0.57,$1.34,3.45,0,0.0,$9.26B,$7.55B,1.23,$18.54B,$15.61B,1.19,$24.26B,$11.34B,46.73%,$24.26B,$-0.46B,-1.88%,$24.26B,$-0.46B,-1.88%,$24.26B,$-1.38B,-5.70%,$24.26B,$-2.37B,-9.75%,$24.26B,$-2.54B,-10.45%,$-2.54B,$15.61B,-20.56%,$-2.54B,$-7.15B,52.08%,$-2.54B,$52.27B,-6.35%,$-0.46B,$34.15B,-1.74%,$8152,$4496,$3656,$0,$2317,$8365,$-213,$-645,$-858,$53,$-911,$-911,$-911,$1339,$-213,$2990,2990,$-0.30,$-0.30,$4666,$562,$0,$9255,$15961,$3823,$22761,$474,$43019,$52274,$7547,$18540,$3788,$29113,$36660,$6016,$-36599,$-349,$15614,$52274,$-2536,$4862,$1363,$6225,$-366,$18,$30,$24,$-294,$3348,$-1412,$-356,$0,$105,$-58,$47,$19,$-1702,$-755,$0,$-755,$0,$0,$0,$-44,$-799,$847,$55,$0
33,2010-06-30,4.24,$5.52,0.77,$8.19,0.52,$1.60,2.65,0,0.0,$8.96B,$7.67B,1.17,$18.54B,$16.49B,1.12,$24.15B,$11.46B,47.43%,$24.15B,$-0.50B,-2.06%,$24.15B,$-0.50B,-2.06%,$24.15B,$-1.16B,-4.78%,$24.15B,$-2.27B,-9.41%,$24.15B,$-2.10B,-8.71%,$-2.10B,$16.49B,-16.19%,$-2.10B,$-6.41B,51.95%,$-2.10B,$53.23B,-5.16%,$-0.50B,$35.04B,-1.81%,$8025,$4230,$3795,$0,$2294,$8088,$-63,$-650,$-713,$47,$-760,$-760,$-760,$3247,$-63,$2988,2988,$-0.25,$-0.25,$4277,$675,$0,$8955,$16771,$4109,$22905,$486,$44271,$53226,$7673,$18543,$3798,$29060,$36733,$6016,$-35642,$-359,$16493,$53226,$-1625,$3310,$876,$4186,$-184,$-109,$107,$0,$-186,$2377,$-922,$-248,$0,$105,$-58,$47,$8,$-1115,$-754,$0,$-754,$0,$0,$0,$-50,$-804,$458,$36,$0
34,2010-03-31,3.8,$5.79,0.66,$8.33,0.46,$1.74,2.19,0,0.0,$8.84B,$8.08B,1.09,$18.64B,$17.24B,1.08,$24.27B,$11.74B,48.38%,$24.27B,$-0.55B,-2.25%,$24.27B,$-0.55B,-2.25%,$24.27B,$-0.72B,-2.97%,$24.27B,$-2.17B,-8.93%,$24.27B,$-1.73B,-7.12%,$-1.73B,$17.24B,-12.75%,$-1.73B,$-5.92B,51.68%,$-1.73B,$54.28B,-4.17%,$-0.55B,$35.88B,-1.93%,$8085,$4198,$3887,$0,$2409,$8265,$-180,$-614,$-794,$71,$-865,$-865,$-865,$-5968,$-180,$2983,2983,$-0.29,$-0.29,$4374,$526,$0,$8835,$17411,$4416,$23162,$458,$45447,$54282,$8081,$18639,$3586,$28958,$37039,$6015,$-34806,$-353,$17243,$54282,$-865,$1675,$446,$2121,$-11,$86,$-236,$0,$-161,$1122,$-505,$-115,$0,$104,$-53,$51,$4,$-565,$-2,$0,$-2,$0,$0,$0,$-1,$-3,$554,$18,$0
35,2009-12-31,3.66,$0.00,0.0,$8.46,0.43,$1.87,1.95,0,0.0,$0.00B,$0.00B,0.0,$0.00B,$0.00B,0.0,$24.39B,$12.04B,49.34%,$24.39B,$-0.85B,-3.50%,$24.39B,$-0.85B,-3.50%,$24.39B,$-3.21B,-13.15%,$24.39B,$-2.50B,-10.24%,$24.39B,$-1.46B,-5.97%,$-1.46B,$0.00B,-10.40%,$-1.46B,$0.00B,52.77%,$-1.46B,$0.00B,-3.45%,$-0.85B,$0.00B,-2.92%,$0,$0,$0,$0,$0,$0,$0,$0,$0,$0,$0,$0,$0,$0,$0,$0,0,$0.00,$0.00,$0,$0,$0,$0,$0,$0,$0,$0,$0,$0,$0,$0,$0,$0,$0,$0,$0,$0,$0,$0,$0,$0,$-68,$0,$0,$0,$0,$-88,$0,$0,$0,$0,$-560,$-77,$0,$0,$105,$0,$-923,$0,$-923,$4,$4,$0,$0,$0,$0,$0,$0
36,2009-09-30,3.95,$6.34,0.62,$8.46,0.47,$2.75,1.44,0,0.0,$10.26B,$6.35B,1.62,$20.89B,$18.23B,1.15,$24.39B,$12.04B,49.34%,$24.39B,$-0.85B,-3.50%,$24.39B,$-0.85B,-3.50%,$24.39B,$-1.50B,-6.15%,$24.39B,$-2.50B,-10.24%,$24.39B,$-1.46B,-5.97%,$-1.46B,$18.23B,-10.40%,$-1.46B,$-3.86B,52.77%,$-1.46B,$55.65B,-3.45%,$-0.85B,$39.13B,-2.92%,$8042,$4269,$3773,$0,$2267,$8296,$-254,$-511,$-765,$-287,$-478,$-478,$-478,$1566,$-254,$2881,2881,$-0.17,$-0.17,$5943,$485,$0,$10259,$19100,$3732,$22097,$460,$45389,$55648,$6348,$20892,$3789,$31066,$37414,$5872,$-33067,$-488,$18234,$55648,$-1456,$5614,$-339,$5275,$-79,$24,$20,$0,$-35,$3676,$-1062,$-471,$0,$-532,$0,$-532,$-7,$-2072,$89,$0,$89,$0,$0,$0,$0,$89,$1693,$61,$0
37,2009-06-30,4.81,$6.52,0.74,$8.76,0.55,$2.48,1.94,0,0.0,$9.10B,$6.91B,1.32,$19.62B,$18.72B,1.05,$25.17B,$12.86B,51.08%,$25.17B,$-0.81B,-3.20%,$25.17B,$-0.81B,-3.20%,$25.17B,$-1.22B,-4.83%,$25.17B,$-2.25B,-8.93%,$25.17B,$-1.30B,-5.18%,$-1.30B,$18.72B,-8.85%,$-1.30B,$-3.59B,39.90%,$-1.30B,$55.89B,-2.98%,$-0.81B,$38.34B,-2.68%,$8141,$4061,$4080,$0,$2311,$8254,$-113,$-496,$-609,$-225,$-384,$-384,$-384,$3681,$-113,$2882,2882,$-0.13,$-0.13,$4609,$575,$0,$9098,$20143,$3882,$22304,$458,$46787,$55885,$6913,$19618,$4023,$30254,$37167,$5872,$-32473,$-494,$18718,$55885,$-978,$3794,$-144,$3650,$-4,$-92,$-42,$0,$-138,$2515,$-717,$-328,$0,$0,$11,$11,$2,$-1032,$-605,$0,$-605,$0,$0,$0,$23,$-582,$901,$44,$0
38,2009-03-31,3.57,$6.65,0.54,$9.11,0.39,$2.08,1.72,0,0.0,$8.90B,$6.97B,1.28,$20.38B,$19.04B,1.07,$26.08B,$13.65B,52.35%,$26.08B,$-0.90B,-3.46%,$26.08B,$-0.90B,-3.46%,$26.08B,$-0.75B,-2.87%,$26.08B,$-2.19B,-8.40%,$26.08B,$-1.26B,-4.85%,$-1.26B,$19.04B,-8.21%,$-1.26B,$-3.59B,32.81%,$-1.26B,$57.23B,-2.78%,$-0.90B,$39.42B,-2.88%,$8209,$4026,$4183,$0,$2460,$8696,$-487,$-637,$-1124,$-530,$-594,$-594,$-594,$-8454,$-487,$2882,2882,$-0.21,$-0.21,$4536,$510,$0,$8903,$21270,$3784,$22627,$641,$48322,$57225,$6965,$20376,$4075,$31221,$38186,$5902,$-31918,$-517,$19039,$57225,$-594,$1883,$-152,$1731,$144,$-51,$170,$0,$263,$1363,$-377,$-190,$0,$0,$7,$7,$0,$-560,$0,$0,$0,$0,$0,$0,$22,$22,$825,$25,$0
39,2008-12-31,1.83,$6.97,0.26,$9.54,0.19,$1.89,0.97,0,0.0,$0.00B,$0.00B,0.0,$0.00B,$0.00B,0.0,$27.21B,$14.58B,53.60%,$27.21B,$-0.91B,-3.36%,$27.21B,$-0.91B,-3.36%,$27.21B,$-29.34B,-107.83%,$27.21B,$-1.88B,-6.91%,$27.21B,$-1.18B,-4.32%,$-1.18B,$0.00B,-7.31%,$-1.18B,$0.00B,26.17%,$-1.18B,$0.00B,-2.47%,$-0.91B,$0.00B,-2.79%,$0,$0,$0,$0,$0,$0,$0,$0,$0,$0,$0,$0,$0,$1706,$0,$0,0,$0.00,$0.00,$0,$0,$0,$0,$0,$0,$0,$0,$0,$0,$0,$0,$0,$0,$0,$0,$0,$0,$0,$0,$0,$0,$-29,$0,$0,$0,$0,$0,$0,$0,$0,$0,$0,$153,$0,$0,$0,$0,$-541,$0,$0,$57,$57,$0,$0,$0,$0,$0,$0
40,2008-09-30,6.1,$7.41,0.82,$9.54,0.64,$2.05,2.97,0,0.0,$9.27B,$8.05B,1.15,$21.02B,$21.16B,0.99,$27.21B,$14.58B,53.60%,$27.21B,$-0.91B,-3.36%,$27.21B,$-0.91B,-3.36%,$27.21B,$-28.55B,-104.96%,$27.21B,$-1.88B,-6.91%,$27.21B,$-1.18B,-4.32%,$-1.18B,$21.16B,-7.31%,$-1.18B,$-5.90B,26.17%,$-1.18B,$61.86B,-2.47%,$-0.91B,$42.18B,-2.79%,$8816,$4224,$4592,$0,$2768,$9021,$-205,$-310,$-515,$-189,$-326,$-326,$-326,$1852,$-205,$2855,2855,$-0.11,$-0.11,$4191,$682,$0,$9266,$24773,$137,$27058,$627,$52595,$61861,$8048,$21023,$3785,$32654,$40702,$5902,$-29509,$-107,$21159,$61861,$-1175,$6415,$7,$6422,$205,$138,$-475,$0,$-132,$5101,$-3272,$-655,$0,$-51,$240,$189,$-10,$-3748,$-1152,$1621,$469,$48,$48,$0,$0,$517,$1870,$207,$0
41,2008-06-30,9.5,$7.50,1.27,$9.97,0.95,$2.29,4.16,0,0.0,$8.94B,$7.15B,1.25,$22.36B,$21.41B,1.04,$28.43B,$15.81B,55.61%,$28.43B,$-0.31B,-1.09%,$28.43B,$-0.31B,-1.09%,$28.43B,$-27.79B,-97.72%,$28.43B,$-1.27B,-4.46%,$28.43B,$-0.79B,-2.76%,$-0.79B,$21.41B,-3.32%,$-0.79B,$-5.92B,16.74%,$-0.79B,$62.81B,-1.41%,$-0.31B,$43.77B,-0.77%,$9055,$4177,$4878,$0,$2826,$9265,$-210,$-341,$-551,$-207,$-344,$-344,$-344,$4148,$-210,$2852,2852,$-0.12,$-0.12,$3501,$625,$0,$8941,$25734,$154,$27330,$646,$53864,$62805,$7153,$22358,$3831,$34244,$41397,$5902,$-29154,$-107,$21408,$62805,$-849,$4358,$64,$4422,$-73,$170,$-470,$89,$-284,$3186,$-2569,$-468,$0,$0,$155,$155,$31,$-2851,$-1259,$2121,$862,$0,$0,$0,$26,$888,$1223,$142,$0
42,2008-03-31,6.69,$7.64,0.88,$10.29,0.65,$2.43,2.75,0,0.0,$10.33B,$8.73B,1.18,$22.99B,$21.77B,1.06,$29.54B,$16.75B,56.71%,$29.54B,$0.22B,0.73%,$29.54B,$0.22B,0.73%,$29.54B,$-27.04B,-91.52%,$29.54B,$-0.72B,-2.45%,$29.54B,$-0.42B,-1.43%,$-0.42B,$21.77B,-1.35%,$-0.42B,$-6.14B,8.58%,$-0.42B,$65.46B,-0.66%,$0.22B,$44.76B,0.45%,$9334,$4223,$5111,$0,$3188,$9832,$-498,$-317,$-815,$-310,$-505,$-505,$-505,$-37041,$-498,$2847,2847,$-0.18,$-0.18,$4775,$842,$0,$10327,$26434,$157,$27905,$640,$55136,$65463,$8733,$22987,$3878,$34961,$43694,$5902,$-28697,$-113,$21769,$65463,$-505,$2202,$9,$2211,$143,$-2,$200,$109,$450,$2107,$-1670,$-274,$0,$0,$86,$86,$6,$-1852,$0,$2171,$2171,$0,$0,$0,$6,$2177,$2432,$75,$0
43,2007-12-31,13.13,$7.78,1.69,$10.50,1.25,$2.50,5.25,0,0.0,$0.00B,$0.00B,0.0,$0.00B,$0.00B,0.0,$30.30B,$17.35B,57.25%,$30.30B,$0.72B,2.36%,$30.30B,$0.72B,2.36%,$30.30B,$2.68B,8.85%,$30.30B,$-0.25B,-0.82%,$30.30B,$-0.13B,-0.42%,$-0.13B,$0.00B,-0.33%,$-0.13B,$0.00B,2.53%,$-0.13B,$0.00B,-0.18%,$0.72B,$0.00B,1.30%,$0,$0,$0,$0,$0,$0,$0,$0,$0,$0,$0,$0,$0,$2487,$0,$0,0,$0.00,$0.00,$0,$0,$0,$0,$0,$0,$0,$0,$0,$0,$0,$0,$0,$0,$0,$0,$0,$0,$0,$0,$0,$0,$3,$0,$0,$0,$0,$0,$0,$0,$0,$0,$-287,$0,$0,$0,$0,$0,$0,$0,$0,$0,$0,$0,$0,$0,$0,$0,$0
44,2007-09-30,18.96,$18.07,1.05,$10.50,1.81,$1.46,13.01,0,0.0,$8.92B,$8.29B,1.08,$21.72B,$51.27B,0.42,$30.30B,$17.35B,57.25%,$30.30B,$0.72B,2.36%,$30.30B,$0.72B,2.36%,$30.30B,$0.19B,0.64%,$30.30B,$-0.25B,-0.82%,$30.30B,$-0.13B,-0.42%,$-0.13B,$51.27B,-0.33%,$-0.13B,$-6.69B,2.53%,$-0.13B,$93.93B,-0.18%,$0.72B,$72.99B,1.30%,$10044,$4222,$5822,$0,$3077,$9646,$398,$-301,$97,$33,$64,$64,$64,$2620,$398,$2845,2860,$0.02,$0.02,$2243,$876,$0,$8920,$26017,$173,$57965,$851,$85006,$93926,$8289,$21723,$3322,$34366,$42655,$5902,$1197,$-134,$51271,$93926,$-128,$6803,$683,$7486,$-681,$166,$213,$77,$-225,$7148,$-4651,$-462,$-287,$866,$172,$1038,$-12,$-4374,$-636,$-230,$-866,$-1496,$-1496,$-215,$0,$-2577,$197,$197,$-215
45,2007-06-30,20.64,$18.08,1.14,$10.51,1.96,$1.71,12.06,0,0.0,$9.28B,$8.78B,1.06,$21.71B,$51.63B,0.42,$30.74B,$17.74B,57.71%,$30.74B,$1.04B,3.37%,$30.74B,$1.04B,3.37%,$30.74B,$0.78B,2.54%,$30.74B,$0.06B,0.21%,$30.74B,$0.09B,0.28%,$0.09B,$51.63B,0.22%,$0.09B,$-6.85B,-1.60%,$0.09B,$94.90B,0.12%,$1.04B,$73.35B,1.88%,$10163,$4342,$5821,$0,$3107,$9847,$316,$-322,$-6,$-25,$19,$19,$19,$4897,$316,$2884,2902,$0.01,$0.01,$2424,$1018,$0,$9278,$26298,$183,$58481,$655,$85617,$94895,$8780,$21713,$3409,$34483,$43263,$5902,$1213,$-137,$51632,$94895,$-192,$4581,$310,$4891,$-219,$25,$-158,$129,$-223,$4434,$-3390,$-258,$0,$866,$15,$881,$35,$-2732,$139,$-230,$-91,$-1089,$-1089,$-144,$0,$-1324,$378,$131,$-144
46,2007-03-31,18.87,$18.15,1.04,$10.34,1.82,$2.13,8.87,0,0.0,$8.95B,$8.33B,1.07,$21.75B,$52.47B,0.42,$30.59B,$17.90B,58.53%,$30.59B,$1.43B,4.68%,$30.59B,$1.43B,4.68%,$30.59B,$1.30B,4.24%,$30.59B,$0.52B,1.69%,$30.59B,$0.44B,1.43%,$0.44B,$52.47B,1.10%,$0.44B,$-6.73B,-8.13%,$0.44B,$95.09B,0.61%,$1.43B,$74.22B,2.59%,$10092,$4390,$5702,$0,$3259,$10091,$1,$-340,$-339,$-128,$-211,$-211,$-211,$-7323,$1,$2899,2899,$-0.07,$-0.07,$2354,$884,$0,$8947,$26071,$261,$59204,$606,$86142,$95089,$8332,$21752,$3129,$34285,$42617,$5902,$1288,$-146,$52472,$95089,$-211,$2268,$85,$2353,$119,$114,$242,$-117,$358,$2464,$-1813,$-107,$0,$866,$7,$873,$25,$-1022,$-608,$-231,$-839,$-231,$-231,$-72,$0,$-1142,$300,$73,$-72
47,2006-12-31,18.77,$0.00,0.0,$10.22,1.84,$2.32,8.1,0,0.0,$0.00B,$0.00B,0.0,$0.00B,$0.00B,0.0,$30.57B,$18.20B,59.54%,$30.57B,$1.92B,6.26%,$30.57B,$1.92B,6.26%,$30.57B,$6.25B,20.44%,$30.57B,$1.11B,3.61%,$30.57B,$1.07B,3.49%,$1.07B,$0.00B,2.67%,$1.07B,$0.00B,-28.00%,$1.07B,$0.00B,1.43%,$1.92B,$0.00B,3.49%,$0,$0,$0,$0,$0,$0,$0,$0,$0,$0,$0,$0,$0,$0,$0,$0,0,$0.00,$0.00,$0,$0,$0,$0,$0,$0,$0,$0,$0,$0,$0,$0,$0,$0,$0,$0,$0,$0,$0,$0,$0,$0,$-205,$0,$0,$0,$0,$0,$0,$0,$0,$0,$0,$0,$0,$0,$0,$0,$0,$1142,$0,$0,$0,$0,$28,$0,$0,$0,$0
