,Date,Stock Price,Book Value per Share,Price to Book Ratio,TTM Sales per Share,Price to Sales Ratio,TTM FCF per Share,Price to FCF Ratio,TTM Net EPS,PE Ratio,Current Assets,Current Liabilities,Current Ratio,Long Term Debt,Shareholder's Equity_x,Debt to Equity Ratio,TTM Revenue_x,TTM Gross Profit,Gross Margin,TTM Revenue_y,TTM Operating Income,Operating Margin,TTM Revenue_x,TTM EBIT,EBIT Margin,TTM Revenue_y,TTM EBITDA,EBITDA Margin,TTM Revenue_x,TTM Pre-Tax Income,Pre-Tax Margin,TTM Revenue_y,TTM Net Income_x,Net Margin,TTM Net Income_y,Shareholder's Equity_y,Return on Equity,TTM Net Income_x,Tangible Equity,Return on Tangible Equity,TTM Net Income_y,Total Assets,Return on Assets,TTM Net Income,LT Investments & Debt,Return on Investment,revenue,cost-goods-sold,gross-profit,research-development-expenses,selling-general-administrative-expenses,operating-expenses,operating-income,total-non-operating-income-expense,pre-tax-income,total-provision-income-taxes,income-after-taxes,income-from-continuous-operations,net-income,ebitda,ebit,basic-shares-outstanding,shares-outstanding,eps-basic-net-earnings-per-share,eps-earnings-per-share-diluted,cash-on-hand,inventory,other-current-assets,total-current-assets,net-property-plant-equipment,long-term-investments,goodwill-intangible-assets-total,other-long-term-assets,total-long-term-assets,total-assets,total-current-liabilities,long-term-debt,other-non-current-liabilities,total-long-term-liabilities,total-liabilities,common-stock-net,retained-earnings-accumulated-deficit,comprehensive-income,total-share-holder-equity,total-liabilities-share-holders-equity,net-income-loss,total-depreciation-amortization-cash-flow,other-non-cash-items,total-non-cash-items,change-in-accounts-receivable,change-in-inventories,change-in-accounts-payable,change-in-assets-liabilities,total-change-in-assets-liabilities,cash-flow-from-operating-activities,net-change-in-property-plant-equipment,net-change-in-intangible-assets,net-acquisitions-divestitures,net-change-in-short-term-investments,net-change-in-long-term-investments,net-change-in-investments-total,investing-activities-other,cash-flow-from-investing-activities,net-long-term-debt,net-current-debt,debt-issuance-retirement-net-total,net-common-equity-issued-repurchased,net-total-equity-issued-repurchased,total-common-preferred-stock-dividends-paid,financial-activities-other,cash-flow-from-financial-activities,net-cash-flow,stock-based-compensation,common-stock-dividends-paid
0,2018-09-30,10.3,$21.53,0.48,$119.37,0.09,$-68.49,0.0,$-182.20,0.0,$0.04B,$0.03B,1.48,$0.09B,$0.04B,2.32,$0.07B,$-0.00B,-5.41%,$0.07B,$-0.06B,-78.38%,$0.07B,$-0.06B,-78.38%,$0.07B,$-0.04B,-56.76%,$0.07B,$-0.08B,-102.70%,$0.07B,$-0.12B,-159.46%,$-0.12B,$0.04B,-306.49%,$-0.12B,$0.03B,-334.75%,$-0.12B,$0.15B,-81.80%,$-0.06B,$0.13B,-48.84%,$15,$19,$-4,$0,$15,$34,$-19,$-5,$-24,$1,$-25,$-25,$-31,$-14,$-19,$1,1,$-27.80,$-27.80,$20,$0,$0,$43,$38,$0,$6,$3,$111,$154,$29,$87,$0,$88,$117,$0,$-194,$-3,$38,$154,$-60,$12,$30,$42,$-5,$0,$1,$1,$-4,$-22,$-22,$0,$0,$0,$0,$0,$0,$-22,$0,$67,$67,$-2,$-2,$0,$-4,$61,$17,$9,$0
1,2018-06-30,1.61,$56.45,0.03,$153.74,0.01,$-18.89,0.0,$-183.60,0.0,$0.02B,$0.02B,1.1,$0.06B,$0.01B,5.63,$0.08B,$0.00B,1.23%,$0.08B,$-0.04B,-54.32%,$0.08B,$-0.04B,-54.32%,$0.08B,$-0.03B,-30.86%,$0.08B,$-0.06B,-79.01%,$0.08B,$-0.10B,-124.69%,$-0.10B,$0.04B,-308.40%,$-0.10B,$0.04B,-331.15%,$-0.10B,$0.12B,-69.42%,$-0.04B,$0.10B,-38.94%,$17,$22,$-5,$0,$26,$48,$-31,$-4,$-35,$-2,$-33,$-33,$-33,$-28,$-31,$1,1,$-44.80,$-44.80,$5,$0,$0,$22,$29,$0,$2,$4,$99,$121,$20,$57,$1,$58,$78,$0,$-169,$-3,$43,$121,$-35,$7,$24,$30,$-7,$0,$2,$1,$-6,$-10,$-1,$0,$0,$0,$0,$0,$0,$-1,$0,$14,$14,$-0,$-0,$0,$-2,$12,$1,$3,$0
2,2018-03-31,1.35,$97.93,0.01,$160.18,0.01,$31.28,0.04,$-177.00,0.0,$0.04B,$0.03B,1.36,$0.06B,$0.04B,1.4,$0.08B,$0.01B,6.41%,$0.08B,$-0.02B,-25.64%,$0.08B,$-0.02B,-25.64%,$0.08B,$0.00B,5.13%,$0.08B,$-0.05B,-58.97%,$0.08B,$-0.09B,-110.26%,$-0.09B,$0.07B,-291.53%,$-0.09B,$0.07B,-318.52%,$-0.09B,$0.16B,-54.26%,$-0.02B,$0.13B,-17.09%,$37,$28,$9,$0,$6,$35,$2,$-3,$-1,$1,$-1,$-1,$-38,$6,$2,$1,1,$-75.80,$-75.80,$13,$0,$1,$39,$31,$0,$2,$0,$121,$160,$29,$57,$1,$58,$87,$0,$-135,$-4,$73,$160,$-1,$4,$1,$5,$-13,$0,$7,$-0,$-5,$-2,$0,$0,$0,$0,$0,$0,$0,$0,$-1,$15,$14,$-0,$-0,$0,$-2,$12,$10,$1,$0
3,2017-12-31,2.2,$-0.40,-5.48,$270.55,0.01,$45.72,0.05,$-86.60,0.0,$0.02B,$0.02B,0.86,$0.12B,$0.00B,-636.5,$0.13B,$0.02B,16.54%,$0.13B,$-0.00B,-2.36%,$0.13B,$-0.00B,-2.36%,$0.13B,$0.03B,19.69%,$0.13B,$-0.03B,-26.77%,$0.13B,$-0.04B,-32.28%,$-0.04B,$0.00B,-178.26%,$-0.04B,$-0.00B,-200.00%,$-0.04B,$0.14B,-23.73%,$-0.00B,$0.12B,-2.55%,$5,$8,$-4,$0,$7,$15,$-10,$-6,$-16,$0,$-16,$-16,$-16,$-6,$-10,$0,0,$-33.90,$-33.90,$4,$0,$0,$18,$33,$0,$3,$6,$124,$142,$21,$120,$1,$121,$142,$0,$-133,$-5,$-0,$142,$-39,$29,$7,$35,$22,$0,$-5,$-4,$-1,$-5,$-1,$0,$0,$0,$0,$0,$0,$-1,$-1,$-1,$-2,$-0,$-0,$0,$-1,$-3,$-8,$2,$0
4,2017-09-30,2.51,$32.44,0.08,$384.47,0.01,$-54.13,0.0,$-100.20,0.0,$0.07B,$0.06B,1.26,$0.09B,$0.02B,5.69,$0.15B,$0.03B,17.69%,$0.15B,$-0.01B,-3.40%,$0.15B,$-0.01B,-3.40%,$0.15B,$0.03B,19.05%,$0.15B,$-0.04B,-26.53%,$0.15B,$-0.05B,-31.97%,$-0.05B,$0.02B,-144.62%,$-0.05B,$0.01B,-155.37%,$-0.05B,$0.16B,-25.03%,$-0.01B,$0.10B,-4.00%,$22,$21,$1,$0,$6,$27,$-5,$-7,$-12,$2,$-14,$-14,$-14,$3,$-5,$0,0,$-29.30,$-29.30,$14,$0,$0,$71,$36,$0,$3,$0,$87,$159,$56,$87,$0,$87,$143,$0,$-117,$-5,$15,$159,$-23,$24,$5,$30,$16,$0,$-7,$-2,$-2,$5,$-0,$0,$0,$0,$0,$0,$0,$-0,$0,$-2,$-2,$-0,$-0,$0,$-1,$-3,$2,$2,$0
5,2017-06-30,3.23,$64.00,0.05,$436.08,0.01,$-105.10,0.0,$-123.40,0.0,$0.08B,$0.06B,1.47,$0.09B,$0.03B,2.89,$0.16B,$0.03B,16.46%,$0.16B,$-0.01B,-3.80%,$0.16B,$-0.01B,-3.80%,$0.16B,$0.03B,17.72%,$0.16B,$-0.04B,-27.22%,$0.16B,$-0.05B,-31.65%,$-0.05B,$0.03B,-113.64%,$-0.05B,$0.03B,-120.48%,$-0.05B,$0.17B,-24.81%,$-0.01B,$0.12B,-4.33%,$14,$15,$-1,$0,$6,$21,$-7,$-10,$-17,$0,$-18,$-18,$-18,$1,$-7,$0,0,$-38.20,$-38.20,$25,$0,$0,$83,$38,$0,$2,$0,$90,$173,$56,$87,$0,$87,$143,$0,$-104,$-5,$30,$173,$-9,$17,$6,$23,$17,$0,$-4,$-0,$3,$17,$-0,$0,$0,$0,$0,$0,$0,$-0,$0,$-3,$-3,$0,$0,$0,$-0,$-3,$13,$1,$0
6,2017-03-31,5.96,$101.40,0.06,$9183.87,0.0,$-904.40,0.0,$-45.80,0.0,$0.13B,$0.09B,1.52,$0.08B,$0.05B,1.78,$0.20B,$0.04B,21.39%,$0.20B,$0.01B,4.98%,$0.20B,$0.01B,4.98%,$0.20B,$0.04B,20.40%,$0.20B,$-0.02B,-10.95%,$0.20B,$-0.03B,-15.92%,$-0.03B,$0.05B,-96.97%,$-0.03B,$0.05B,-104.07%,$-0.03B,$0.22B,-15.24%,$0.01B,$0.13B,7.07%,$86,$61,$25,$0,$7,$68,$19,$-8,$11,$2,$9,$9,$7,$27,$19,$0,0,$14.60,$14.60,$16,$0,$0,$130,$41,$0,$2,$0,$87,$217,$85,$84,$0,$84,$170,$0,$-86,$-5,$47,$217,$9,$9,$3,$11,$-28,$0,$16,$0,$-15,$5,$-0,$0,$0,$0,$0,$0,$0,$-0,$0,$-1,$-1,$0,$0,$0,$0,$-1,$4,$1,$0
7,2016-12-31,7.3,$81.34,0.09,$22870.07,0.0,$-1183.32,0.0,$2155.82,0.0,$0.09B,$0.05B,1.79,$0.11B,$0.04B,2.94,$0.21B,$0.04B,21.46%,$0.21B,$0.01B,5.37%,$0.21B,$0.01B,5.37%,$0.21B,$0.04B,18.54%,$0.21B,$-0.02B,-7.80%,$0.21B,$-0.03B,-12.20%,$-0.03B,$0.04B,-140.85%,$-0.03B,$0.04B,-163.93%,$-0.03B,$0.20B,-12.15%,$0.01B,$0.15B,7.91%,$25,$25,$1,$0,$8,$37,$-12,$-9,$-21,$2,$-22,$-22,$-22,$-3,$-12,$0,0,$-2312.80,$-2311.20,$12,$0,$0,$92,$43,$0,$2,$0,$109,$202,$52,$112,$0,$112,$164,$0,$-93,$-5,$38,$202,$-22,$27,$6,$33,$-37,$0,$-8,$-0,$-31,$-20,$-3,$0,$0,$0,$0,$0,$0,$-3,$28,$-2,$26,$0,$0,$0,$-4,$22,$0,$1,$0
8,2016-09-30,8.22,$130.37,0.06,$26823.60,0.0,$-1594.97,0.0,$176.19,0.05,$0.09B,$0.06B,1.6,$0.10B,$0.06B,1.56,$0.20B,$0.04B,21.08%,$0.20B,$0.01B,6.86%,$0.20B,$0.01B,6.86%,$0.20B,$0.04B,18.14%,$0.20B,$-0.01B,-3.43%,$0.20B,$-0.02B,-7.84%,$-0.02B,$0.06B,-2133.33%,$-0.02B,$0.06B,800.00%,$-0.02B,$0.21B,-8.26%,$0.01B,$0.16B,10.96%,$33,$32,$1,$0,$7,$39,$-6,$-11,$-16,$1,$-17,$-17,$-17,$3,$-6,$0,0,$-52.40,$-52.40,$12,$0,$0,$94,$50,$0,$3,$0,$121,$214,$59,$95,$0,$95,$154,$0,$-70,$-5,$61,$214,$0,$18,$0,$18,$-45,$0,$-0,$-0,$-32,$-13,$-0,$0,$0,$0,$0,$0,$0,$-0,$13,$4,$17,$0,$0,$0,$-2,$14,$0,$1,$0
9,2016-06-30,16.54,$-2141.74,-0.01,$36545.07,0.0,$147.23,0.11,$201.56,0.08,$0.14B,$0.08B,1.83,$0.14B,$-0.01B,-10.2,$0.23B,$0.06B,24.45%,$0.23B,$0.03B,10.92%,$0.23B,$0.03B,10.92%,$0.23B,$0.04B,19.21%,$0.23B,$0.01B,3.93%,$0.23B,$0.00B,0.44%,$0.00B,$-0.01B,-5.26%,$0.00B,$-0.02B,-4.65%,$0.00B,$0.21B,0.54%,$0.03B,$0.13B,20.96%,$57,$41,$16,$0,$7,$48,$9,$-6,$4,$3,$1,$1,$0,$14,$9,$0,0,$39.40,$39.40,$17,$0,$0,$144,$55,$0,$3,$0,$62,$207,$79,$142,$0,$142,$221,$0,$-52,$-5,$-14,$207,$18,$9,$-2,$7,$-54,$0,$10,$2,$-30,$-5,$-0,$0,$0,$0,$0,$0,$0,$-0,$5,$7,$11,$0,$0,$0,$-1,$11,$6,$0,$0
10,2016-03-31,93.15,$-2173.81,-0.04,$39708.48,0.0,$4412.11,0.02,$540.54,0.17,$0.14B,$0.08B,1.72,$0.14B,$-0.01B,-9.69,$0.24B,$0.06B,23.43%,$0.24B,$0.02B,9.62%,$0.24B,$0.02B,9.62%,$0.24B,$0.04B,17.99%,$0.24B,$0.01B,3.35%,$0.24B,$0.00B,1.26%,$0.00B,$-0.01B,-13.64%,$0.00B,$-0.02B,-12.24%,$0.00B,$0.20B,1.70%,$0.02B,$0.12B,19.41%,$90,$64,$26,$0,$7,$70,$20,$-2,$17,$1,$17,$17,$14,$24,$20,$0,0,$2203.20,$2201.60,$13,$0,$0,$135,$58,$0,$3,$0,$65,$200,$78,$136,$0,$136,$214,$0,$-52,$-5,$-14,$200,$17,$5,$-1,$4,$-48,$0,$18,$3,$-22,$-2,$0,$0,$0,$0,$0,$0,$0,$0,$0,$3,$3,$0,$0,$0,$0,$3,$1,$0,$0
11,2015-12-31,274.05,$-4674.28,-0.06,$40325.69,0.01,$5169.02,0.05,$-1459.46,0.0,$0.09B,$0.05B,1.75,$0.14B,$-0.03B,-4.49,$0.23B,$0.05B,22.27%,$0.23B,$0.02B,6.55%,$0.23B,$0.02B,6.55%,$0.23B,$0.04B,15.72%,$0.23B,$-0.00B,-1.75%,$0.23B,$-0.01B,-4.37%,$-0.01B,$-0.03B,39.22%,$-0.01B,$-0.03B,35.71%,$-0.01B,$0.15B,-5.84%,$0.02B,$0.11B,12.66%,$24,$24,$-0,$0,$8,$33,$-9,$-3,$-12,$1,$-13,$-13,$-13,$-4,$-9,$0,0,$-2267.82,$-2267.82,$12,$0,$0,$86,$62,$0,$2,$0,$69,$154,$49,$136,$0,$136,$185,$0,$-66,$-4,$-30,$154,$-5,$20,$1,$22,$2,$0,$-15,$18,$-13,$3,$-6,$0,$0,$0,$0,$0,$0,$-6,$-0,$6,$6,$0,$0,$0,$-3,$2,$-1,$1,$0
12,2015-09-30,357.75,$-2778.80,-0.13,$52582.19,0.01,$-3132.36,0.0,$-2864.87,0.0,$0.09B,$0.05B,1.97,$0.14B,$-0.02B,-7.85,$0.29B,$0.06B,19.11%,$0.29B,$0.02B,6.83%,$0.29B,$0.02B,6.83%,$0.29B,$0.04B,13.65%,$0.29B,$-0.00B,-1.02%,$0.29B,$-0.02B,-5.46%,$-0.02B,$-0.02B,63.37%,$-0.02B,$-0.02B,57.66%,$-0.02B,$0.17B,-8.79%,$0.02B,$0.12B,16.33%,$58,$44,$14,$0,$9,$53,$5,$-5,$0,$0,$0,$0,$-0,$10,$5,$0,0,$-18.60,$-18.60,$18,$0,$0,$91,$66,$0,$3,$0,$83,$174,$46,$140,$0,$146,$192,$0,$-53,$-4,$-18,$174,$7,$15,$1,$17,$1,$0,$-1,$15,$-9,$15,$-5,$0,$0,$0,$0,$0,$0,$-5,$-0,$-1,$-2,$0,$0,$0,$-3,$-5,$5,$1,$0
13,2015-06-30,459.0,$-4632.20,-0.1,$62363.53,0.01,$-10595.17,0.0,$-7081.08,0.0,$0.09B,$0.05B,1.93,$0.15B,$-0.03B,-5.87,$0.34B,$0.06B,16.03%,$0.34B,$0.02B,5.25%,$0.34B,$0.02B,5.25%,$0.34B,$0.04B,11.08%,$0.34B,$-0.02B,-6.71%,$0.34B,$-0.04B,-11.37%,$-0.04B,$-0.03B,171.43%,$-0.04B,$-0.03B,152.94%,$-0.04B,$0.18B,-20.53%,$0.02B,$0.13B,14.12%,$67,$51,$16,$0,$9,$59,$7,$-4,$3,$0,$3,$3,$2,$13,$7,$0,0,$379.20,$379.20,$28,$0,$0,$91,$70,$0,$3,$0,$87,$178,$47,$150,$0,$156,$203,$0,$-53,$-5,$-26,$178,$7,$10,$2,$13,$17,$0,$-7,$13,$4,$24,$-5,$0,$0,$0,$0,$0,$0,$-5,$0,$-1,$-1,$0,$0,$0,$-3,$-4,$15,$0,$0
14,2015-03-31,461.7,$-5143.68,-0.09,$69176.26,0.01,$-14733.98,0.0,$-7486.49,0.0,$0.09B,$0.05B,1.71,$0.15B,$-0.03B,-5.29,$0.38B,$0.06B,15.04%,$0.38B,$0.02B,5.01%,$0.38B,$0.02B,5.01%,$0.38B,$0.04B,9.76%,$0.38B,$-0.03B,-6.86%,$0.38B,$-0.04B,-10.82%,$-0.04B,$-0.03B,321.57%,$-0.04B,$-0.03B,260.32%,$-0.04B,$0.18B,-21.44%,$0.02B,$0.12B,15.29%,$80,$59,$21,$0,$9,$68,$12,$-7,$5,$1,$4,$4,$1,$17,$12,$0,0,$216.22,$216.22,$12,$0,$0,$88,$74,$0,$3,$0,$91,$179,$51,$150,$0,$156,$207,$0,$-55,$-4,$-28,$179,$1,$5,$5,$10,$8,$0,$-3,$11,$-4,$7,$-4,$0,$0,$0,$0,$0,$0,$-4,$0,$-0,$-0,$0,$0,$0,$-3,$-4,$-1,$0,$0
15,2014-12-31,537.3,$-5267.21,-0.1,$70627.90,0.01,$-15864.56,0.0,$-7567.57,0.0,$0.11B,$0.08B,1.42,$0.15B,$-0.03B,-5.16,$0.39B,$0.06B,14.47%,$0.39B,$0.02B,4.39%,$0.39B,$0.02B,4.39%,$0.39B,$0.04B,9.04%,$0.39B,$-0.03B,-6.72%,$0.39B,$-0.04B,-10.59%,$-0.04B,$-0.03B,1490.91%,$-0.04B,$-0.03B,713.04%,$-0.04B,$0.20B,-21.33%,$0.02B,$0.12B,14.14%,$88,$83,$5,$0,$9,$93,$-4,$-7,$-11,$8,$-19,$-19,$-19,$0,$-4,$0,0,$-3540.54,$-3540.54,$13,$0,$0,$108,$77,$0,$3,$0,$89,$197,$76,$150,$0,$150,$227,$0,$-56,$-4,$-29,$197,$-38,$19,$15,$34,$-38,$0,$18,$-23,$-15,$-20,$-28,$0,$0,$0,$0,$0,$0,$-28,$150,$-100,$50,$0,$0,$-1,$-8,$41,$-5,$0,$-1
16,2014-09-30,1121.85,$-1506.29,-0.74,$73399.85,0.02,$-9240.06,0.0,$-3216.22,0.0,$0.13B,$0.06B,2.04,$0.15B,$-0.01B,-18.15,$0.37B,$0.07B,18.65%,$0.37B,$0.03B,7.30%,$0.37B,$0.03B,7.30%,$0.37B,$0.05B,12.70%,$0.37B,$-0.01B,-3.78%,$0.37B,$-0.02B,-4.59%,$-0.02B,$-0.01B,-234.48%,$-0.02B,$-0.01B,-400.00%,$-0.02B,$0.21B,-9.47%,$0.03B,$0.14B,23.28%,$108,$95,$13,$0,$10,$105,$3,$-23,$-20,$2,$-22,$-22,$-23,$8,$3,$0,0,$-4243.24,$-4243.24,$29,$0,$0,$129,$67,$0,$3,$0,$78,$206,$63,$150,$0,$151,$214,$0,$-37,$-3,$-8,$206,$-23,$14,$19,$33,$-36,$0,$16,$-21,$-26,$-16,$-16,$0,$0,$0,$0,$0,$0,$-16,$150,$-100,$50,$0,$0,$-1,$-7,$42,$11,$0,$0
17,2014-06-30,1142.1,$2525.50,0.45,$63283.47,0.02,$-5704.62,0.0,$-4972.97,0.0,$0.11B,$0.07B,1.57,$0.10B,$0.01B,7.09,$0.31B,$0.05B,16.83%,$0.31B,$0.01B,3.56%,$0.31B,$0.01B,3.56%,$0.31B,$0.03B,10.03%,$0.31B,$-0.01B,-3.56%,$0.31B,$-0.02B,-7.77%,$-0.02B,$0.01B,-223.26%,$-0.02B,$0.01B,-309.68%,$-0.02B,$0.18B,-14.44%,$0.01B,$0.11B,10.45%,$103,$85,$18,$0,$10,$95,$8,$-8,$0,$-1,$1,$1,$-0,$12,$8,$0,0,$-27.03,$-27.03,$14,$0,$0,$109,$61,$0,$3,$0,$74,$183,$69,$99,$0,$100,$169,$0,$-14,$-2,$14,$183,$2,$9,$6,$16,$-30,$0,$20,$-17,$-17,$1,$-4,$0,$0,$0,$0,$0,$0,$-4,$0,$-1,$-1,$0,$0,$0,$0,$-1,$-4,$0,$0
18,2014-03-31,1266.3,$2234.86,0.57,$61482.56,0.02,$-5453.53,0.0,$-5054.05,0.0,$0.11B,$0.08B,1.43,$0.09B,$0.01B,7.62,$0.25B,$0.04B,17.74%,$0.25B,$0.01B,2.42%,$0.25B,$0.01B,2.42%,$0.25B,$0.03B,10.48%,$0.25B,$-0.01B,-5.65%,$0.25B,$-0.03B,-10.08%,$-0.03B,$0.01B,-153.85%,$-0.03B,$0.01B,-188.68%,$-0.03B,$0.18B,-15.67%,$0.01B,$0.11B,5.49%,$88,$68,$20,$0,$10,$78,$10,$-5,$5,$4,$1,$1,$1,$15,$10,$0,0,$135.14,$135.14,$14,$0,$0,$108,$62,$0,$3,$0,$75,$183,$76,$94,$0,$95,$171,$0,$-14,$-3,$12,$183,$1,$5,$1,$6,$-33,$0,$19,$-1,$-9,$-1,$-2,$0,$0,$0,$0,$0,$0,$-2,$0,$-0,$-0,$0,$0,$0,$0,$-0,$-4,$0,$0
19,2013-12-31,1205.55,$2201.37,0.55,$80863.18,0.01,$-1956.73,0.0,$-5189.19,0.0,$0.07B,$0.04B,1.66,$0.09B,$0.01B,8.49,$0.25B,$0.04B,17.96%,$0.25B,$0.01B,3.27%,$0.25B,$0.01B,3.27%,$0.25B,$0.03B,11.43%,$0.25B,$-0.01B,-4.49%,$0.25B,$-0.02B,-8.16%,$-0.02B,$0.01B,-70.18%,$-0.02B,$0.01B,-76.19%,$-0.02B,$0.15B,-15.47%,$0.01B,$0.10B,8.16%,$71,$53,$18,$0,$12,$64,$6,$-5,$1,$-3,$5,$5,$5,$12,$6,$0,0,$-1594.59,$-1540.54,$18,$0,$0,$68,$65,$0,$3,$0,$78,$146,$41,$93,$0,$94,$135,$0,$-15,$-2,$11,$146,$-21,$19,$6,$25,$-14,$0,$4,$10,$-1,$3,$-11,$0,$0,$0,$0,$0,$0,$-11,$0,$-2,$-2,$0,$0,$-15,$27,$11,$2,$1,$-15
20,2013-09-30,1283.85,$1267.77,1.01,$112946.97,0.01,$-23514.52,0.0,$-8540.54,0.0,$0.08B,$0.05B,1.44,$0.09B,$0.01B,14.72,$0.28B,$0.05B,16.73%,$0.28B,$0.01B,3.91%,$0.28B,$0.01B,3.91%,$0.28B,$0.03B,10.32%,$0.28B,$-0.01B,-3.20%,$0.28B,$-0.02B,-7.83%,$-0.02B,$0.01B,-66.67%,$-0.02B,$0.00B,-72.13%,$-0.02B,$0.15B,-16.96%,$0.01B,$0.10B,11.08%,$47,$52,$-4,$0,$8,$60,$-13,$-4,$-17,$13,$-30,$-30,$-30,$-8,$-13,$0,0,$-6081.08,$-6081.08,$18,$0,$0,$78,$62,$0,$4,$1,$75,$153,$54,$93,$0,$93,$147,$0,$-19,$-2,$6,$153,$-26,$13,$5,$18,$-19,$0,$19,$0,$0,$-7,$-4,$0,$0,$0,$0,$0,$0,$-4,$0,$-1,$-1,$0,$0,$-15,$29,$12,$1,$1,$-10
21,2013-06-30,1370.25,$7347.29,0.19,$139397.83,0.01,$-30435.87,0.0,$-1351.35,0.0,$0.08B,$0.03B,2.9,$0.09B,$0.04B,2.52,$0.31B,$0.06B,20.06%,$0.31B,$0.03B,8.74%,$0.31B,$0.03B,8.74%,$0.31B,$0.04B,14.24%,$0.31B,$0.01B,3.56%,$0.31B,$0.01B,3.24%,$0.01B,$0.04B,21.39%,$0.01B,$0.03B,22.22%,$0.01B,$0.16B,9.35%,$0.03B,$0.13B,30.08%,$42,$33,$10,$0,$6,$40,$3,$-6,$-3,$-2,$-1,$-1,$-1,$7,$3,$0,0,$-513.51,$-513.51,$29,$0,$0,$77,$64,$0,$4,$1,$79,$156,$26,$92,$0,$93,$119,$0,$11,$-2,$36,$156,$5,$9,$2,$11,$-10,$0,$-4,$8,$-14,$2,$-3,$0,$0,$0,$0,$0,$0,$-3,$0,$-1,$-1,$0,$0,$-14,$29,$14,$13,$1,$-9
22,2013-03-31,1350.0,$27.34,49.39,$157871.07,0.01,$-32480.07,0.0,$1162.16,1.16,$0.00B,$0.00B,0.04,$0.00B,$0.06B,0.0,$0.34B,$0.07B,19.06%,$0.34B,$0.03B,8.80%,$0.34B,$0.03B,8.80%,$0.34B,$0.04B,12.61%,$0.34B,$0.02B,5.87%,$0.34B,$0.02B,4.69%,$0.02B,$0.06B,30.19%,$0.02B,$0.06B,30.77%,$0.02B,$0.06B,19.16%,$0.03B,$0.06B,41.10%,$85,$65,$20,$0,$7,$73,$12,$-4,$8,$2,$6,$6,$6,$17,$12,$0,0,$2513.51,$2459.46,$0,$0,$0,$0,$0,$62,$0,$0,$62,$62,$1,$0,$0,$0,$1,$0,$-2,$0,$61,$62,$6,$4,$1,$5,$-29,$0,$16,$8,$-2,$9,$-2,$0,$0,$0,$0,$0,$0,$-2,$0,$-0,$-0,$0,$0,$-0,$-0,$-1,$6,$0,$0
23,2012-12-31,1337.85,$12425.51,0.11,$122551.90,0.01,$-35335.25,0.0,$1162.16,1.15,$0.06B,$0.04B,1.8,$0.08B,$0.02B,3.31,$0.26B,$0.05B,17.58%,$0.26B,$0.02B,7.03%,$0.26B,$0.02B,7.03%,$0.26B,$0.03B,10.16%,$0.26B,$0.01B,4.69%,$0.26B,$0.01B,3.91%,$0.01B,$0.03B,18.78%,$0.01B,$0.03B,19.14%,$0.01B,$0.15B,11.98%,$0.02B,$0.11B,24.57%,$107,$87,$21,$0,$11,$98,$9,$-6,$3,$1,$3,$3,$3,$13,$9,$0,0,$1324.32,$1297.30,$19,$0,$0,$62,$70,$0,$4,$1,$86,$148,$35,$80,$1,$84,$119,$0,$22,$0,$29,$148,$10,$12,$-0,$12,$6,$0,$-23,$-12,$-24,$-1,$-49,$0,$-1,$0,$0,$0,$0,$-50,$0,$73,$73,$0,$0,$-0,$-11,$62,$11,$0,$0
24,2012-09-30,1343.25,$27.65,48.58,$71361.90,0.02,$-11577.87,0.0,$3594.59,0.37,$0.00B,$0.00B,0.26,$0.00B,$0.06B,0.0,$0.15B,$0.02B,16.11%,$0.15B,$0.01B,6.04%,$0.15B,$0.01B,6.04%,$0.15B,$0.01B,8.72%,$0.15B,$0.01B,6.04%,$0.15B,$0.01B,4.70%,$0.01B,$0.06B,11.38%,$0.01B,$0.06B,11.38%,$0.01B,$0.06B,11.29%,$0.01B,$0.06B,14.63%,$75,$65,$11,$0,$8,$72,$3,$-0,$3,$0,$2,$2,$2,$7,$3,$0,0,$1189.19,$1189.19,$0,$0,$0,$0,$0,$62,$0,$0,$62,$62,$0,$0,$0,$0,$0,$0,$-1,$0,$61,$62,$15,$9,$-0,$9,$-15,$0,$-1,$-4,$-16,$8,$-28,$0,$-1,$0,$0,$0,$0,$-28,$0,$28,$28,$0,$0,$-0,$0,$28,$9,$0,$0
25,2012-06-30,1314.9,$27.70,47.47,$35425.24,0.04,$-2430.58,0.0,$2405.41,0.55,$0.00B,$0.00B,0.14,$0.00B,$0.06B,0.0,$0.07B,$0.01B,17.57%,$0.07B,$0.01B,8.11%,$0.07B,$0.01B,8.11%,$0.07B,$0.01B,8.11%,$0.07B,$0.01B,8.11%,$0.07B,$0.01B,6.76%,$0.01B,$0.06B,8.06%,$0.01B,$0.06B,8.06%,$0.01B,$0.06B,8.03%,$0.01B,$0.06B,9.68%,$74,$61,$13,$0,$7,$69,$6,$-0,$6,$0,$5,$5,$5,$6,$6,$0,0,$2405.41,$2405.41,$0,$0,$0,$0,$0,$62,$0,$0,$62,$62,$0,$0,$0,$0,$0,$0,$-1,$0,$61,$62,$13,$6,$-0,$6,$-7,$0,$11,$-5,$2,$21,$-26,$0,$-1,$0,$0,$0,$0,$-27,$0,$10,$10,$0,$0,$-0,$0,$10,$5,$0,$0
