,Date,Stock Price,Book Value per Share,Price to Book Ratio,TTM Sales per Share,Price to Sales Ratio,TTM FCF per Share,Price to FCF Ratio,TTM Net EPS,PE Ratio,Current Assets,Current Liabilities,Current Ratio,Long Term Debt,Shareholder's Equity_x,Debt to Equity Ratio,TTM Revenue_x,TTM Gross Profit,Gross Margin,TTM Revenue_y,TTM Operating Income,Operating Margin,TTM Revenue_x,TTM EBIT,EBIT Margin,TTM Revenue_y,TTM EBITDA,EBITDA Margin,TTM Revenue_x,TTM Pre-Tax Income,Pre-Tax Margin,TTM Revenue_y,TTM Net Income_x,Net Margin,TTM Net Income_y,Shareholder's Equity_y,Return on Equity,TTM Net Income_x,Tangible Equity,Return on Tangible Equity,TTM Net Income_y,Total Assets,Return on Assets,TTM Net Income,LT Investments & Debt,Return on Investment,revenue,cost-goods-sold,gross-profit,research-development-expenses,selling-general-administrative-expenses,operating-expenses,operating-income,total-non-operating-income-expense,pre-tax-income,total-provision-income-taxes,income-after-taxes,income-from-continuous-operations,net-income,ebitda,ebit,basic-shares-outstanding,shares-outstanding,eps-basic-net-earnings-per-share,eps-earnings-per-share-diluted,cash-on-hand,inventory,other-current-assets,total-current-assets,net-property-plant-equipment,long-term-investments,goodwill-intangible-assets-total,other-long-term-assets,total-long-term-assets,total-assets,total-current-liabilities,long-term-debt,other-non-current-liabilities,total-long-term-liabilities,total-liabilities,common-stock-net,retained-earnings-accumulated-deficit,comprehensive-income,total-share-holder-equity,total-liabilities-share-holders-equity,net-income-loss,total-depreciation-amortization-cash-flow,other-non-cash-items,total-non-cash-items,change-in-accounts-receivable,change-in-inventories,change-in-accounts-payable,change-in-assets-liabilities,total-change-in-assets-liabilities,cash-flow-from-operating-activities,net-change-in-property-plant-equipment,net-change-in-intangible-assets,net-acquisitions-divestitures,net-change-in-short-term-investments,net-change-in-long-term-investments,net-change-in-investments-total,investing-activities-other,cash-flow-from-investing-activities,net-long-term-debt,net-current-debt,debt-issuance-retirement-net-total,net-common-equity-issued-repurchased,net-total-equity-issued-repurchased,total-common-preferred-stock-dividends-paid,financial-activities-other,cash-flow-from-financial-activities,net-cash-flow,stock-based-compensation,common-stock-dividends-paid
0,2018-07-31,100.83,$66.78,1.51,$149.39,0.67,$1.17,86.25,$7.78,12.96,$0.77B,$0.19B,4.09,$0.00B,$1.53B,0.0,$3.36B,$0.43B,12.66%,$3.36B,$0.20B,5.84%,$3.36B,$0.20B,5.84%,$3.36B,$0.32B,9.62%,$3.36B,$0.20B,5.84%,$3.36B,$0.17B,5.18%,$0.17B,$1.53B,11.69%,$0.17B,$1.53B,11.69%,$0.17B,$1.79B,9.92%,$0.20B,$1.53B,13.17%,$852,$782,$71,$0,$56,$837,$15,$0,$15,$4,$11,$11,$11,$43,$15,$23,23,$0.50,$0.50,$288,$282,$0,$772,$1014,$0,$0,$6,$1020,$1792,$189,$0,$10,$78,$267,$23,$1358,$0,$1525,$1792,$105,$82,$-10,$71,$8,$-29,$17,$-6,$-72,$104,$-216,$0,$0,$0,$0,$0,$0,$-216,$0,$0,$0,$-5,$-5,$-15,$0,$-19,$-131,$14,$-15
1,2018-04-30,110.81,$66.47,1.67,$153.13,0.72,$14.17,7.82,$12.37,8.96,$0.81B,$0.17B,4.64,$0.00B,$1.52B,0.0,$3.44B,$0.59B,17.25%,$3.44B,$0.36B,10.42%,$3.44B,$0.36B,10.42%,$3.44B,$0.48B,14.05%,$3.44B,$0.36B,10.42%,$3.44B,$0.28B,8.06%,$0.28B,$1.52B,19.03%,$0.28B,$1.52B,19.03%,$0.28B,$1.77B,15.97%,$0.36B,$1.52B,24.59%,$813,$703,$110,$0,$55,$758,$55,$0,$55,$13,$42,$42,$41,$82,$55,$23,23,$1.84,$1.84,$327,$268,$0,$805,$956,$0,$0,$6,$962,$1767,$174,$0,$10,$76,$249,$23,$1354,$0,$1518,$1767,$93,$54,$-15,$39,$-7,$-15,$7,$1,$-86,$46,$-126,$0,$0,$0,$0,$0,$0,$-126,$0,$0,$0,$-5,$-5,$-7,$0,$-12,$-92,$11,$-7
2,2018-01-31,126.14,$64.76,1.95,$152.81,0.83,$18.73,6.73,$13.47,9.36,$0.82B,$0.18B,4.67,$0.00B,$1.48B,0.0,$3.43B,$0.63B,18.39%,$3.43B,$0.41B,11.85%,$3.43B,$0.41B,11.85%,$3.43B,$0.53B,15.41%,$3.43B,$0.41B,11.85%,$3.43B,$0.30B,8.81%,$0.30B,$1.48B,21.63%,$0.30B,$1.48B,21.63%,$0.30B,$1.72B,18.06%,$0.41B,$1.48B,29.08%,$772,$702,$70,$0,$53,$755,$17,$-0,$17,$-34,$51,$51,$50,$44,$17,$23,23,$2.24,$2.24,$389,$253,$0,$820,$896,$0,$0,$7,$903,$1722,$176,$0,$10,$68,$244,$23,$1319,$0,$1478,$1722,$51,$27,$-28,$-1,$5,$-0,$20,$-5,$-25,$25,$-51,$0,$0,$0,$0,$0,$0,$-51,$0,$0,$0,$-4,$-4,$0,$0,$-4,$-30,$6,$0
3,2017-10-31,148.3,$62.84,2.36,$149.26,0.99,$19.61,7.56,$12.25,12.11,$0.85B,$0.20B,4.28,$0.00B,$1.43B,0.0,$3.34B,$0.64B,19.21%,$3.34B,$0.43B,12.72%,$3.34B,$0.43B,12.72%,$3.34B,$0.54B,16.25%,$3.34B,$0.43B,12.72%,$3.34B,$0.28B,8.26%,$0.28B,$1.43B,20.75%,$0.28B,$1.43B,20.75%,$0.28B,$1.73B,17.20%,$0.43B,$1.43B,31.95%,$920,$746,$174,$0,$65,$811,$109,$-0,$109,$36,$73,$73,$72,$154,$109,$22,22,$3.20,$3.20,$419,$253,$0,$850,$877,$0,$0,$7,$884,$1733,$199,$0,$10,$102,$300,$23,$1275,$0,$1433,$1733,$280,$118,$17,$134,$-15,$-32,$12,$-4,$-5,$409,$-166,$0,$0,$0,$0,$0,$0,$-166,$0,$0,$0,$-9,$-9,$-46,$-2,$-58,$185,$0,$-46
4,2017-07-31,128.6,$61.27,2.1,$143.76,0.89,$13.09,9.83,$12.41,10.36,$0.85B,$0.22B,3.91,$0.00B,$1.39B,0.0,$3.21B,$0.63B,19.58%,$3.21B,$0.43B,13.45%,$3.21B,$0.43B,13.45%,$3.21B,$0.54B,16.90%,$3.21B,$0.43B,13.41%,$3.21B,$0.28B,8.68%,$0.28B,$1.39B,21.98%,$0.28B,$1.39B,21.98%,$0.28B,$1.72B,18.27%,$0.43B,$1.39B,34.04%,$932,$693,$239,$0,$62,$755,$177,$-0,$177,$61,$116,$116,$114,$203,$177,$22,22,$5.09,$5.09,$398,$256,$0,$847,$861,$0,$0,$7,$868,$1715,$216,$0,$9,$105,$321,$23,$1232,$0,$1394,$1715,$207,$73,$33,$106,$-27,$-36,$8,$-7,$-3,$310,$-130,$0,$0,$0,$0,$0,$0,$-130,$0,$0,$0,$-2,$-2,$-11,$-2,$-16,$164,$13,$-11
5,2017-04-30,113.43,$56.25,2.02,$134.90,0.84,$8.18,13.87,$9.74,11.65,$0.66B,$0.13B,4.97,$0.00B,$1.28B,0.0,$3.01B,$0.52B,17.25%,$3.01B,$0.34B,11.30%,$3.01B,$0.34B,11.30%,$3.01B,$0.45B,14.82%,$3.01B,$0.34B,11.27%,$3.01B,$0.22B,7.28%,$0.22B,$1.28B,18.16%,$0.22B,$1.28B,18.16%,$0.22B,$1.52B,15.16%,$0.34B,$1.28B,28.19%,$802,$655,$147,$0,$44,$699,$103,$-0,$103,$36,$67,$67,$66,$127,$103,$22,22,$2.95,$2.95,$246,$235,$0,$662,$850,$0,$0,$7,$857,$1519,$133,$0,$9,$107,$240,$23,$1121,$0,$1279,$1519,$91,$47,$31,$78,$-14,$-14,$7,$-8,$-50,$119,$-96,$0,$0,$0,$0,$0,$0,$-96,$0,$0,$0,$-3,$-3,$-5,$-2,$-10,$12,$9,$-5
6,2017-01-31,89.15,$53.37,1.67,$130.22,0.68,$9.00,9.9,$8.91,10.01,$0.62B,$0.14B,4.38,$0.00B,$1.21B,0.0,$2.90B,$0.49B,16.76%,$2.90B,$0.31B,10.73%,$2.90B,$0.31B,10.73%,$2.90B,$0.41B,14.28%,$2.90B,$0.31B,10.66%,$2.90B,$0.20B,6.90%,$0.20B,$1.21B,17.26%,$0.20B,$1.21B,17.26%,$0.20B,$1.45B,14.33%,$0.31B,$1.21B,26.84%,$688,$606,$82,$0,$46,$652,$36,$-0,$36,$12,$24,$24,$24,$59,$36,$22,22,$1.06,$1.06,$226,$236,$0,$620,$827,$0,$0,$5,$832,$1452,$142,$0,$9,$96,$238,$23,$1059,$0,$1214,$1452,$24,$23,$18,$40,$9,$-16,$14,$-3,$-25,$39,$-46,$0,$0,$0,$0,$0,$0,$-46,$0,$0,$0,$-2,$-2,$0,$0,$-2,$-8,$6,$0
7,2016-10-31,87.92,$52.45,1.68,$126.72,0.69,$7.34,11.97,$8.36,10.52,$0.61B,$0.15B,4.14,$0.00B,$1.19B,0.0,$2.82B,$0.45B,16.12%,$2.82B,$0.30B,10.48%,$2.82B,$0.30B,10.48%,$2.82B,$0.40B,14.03%,$2.82B,$0.29B,10.37%,$2.82B,$0.19B,6.64%,$0.19B,$1.19B,16.77%,$0.19B,$1.19B,16.77%,$0.19B,$1.42B,13.87%,$0.30B,$1.19B,26.46%,$791,$630,$161,$0,$45,$675,$116,$-0,$115,$39,$76,$76,$75,$154,$116,$22,22,$3.37,$3.37,$234,$220,$0,$613,$804,$0,$0,$5,$809,$1423,$148,$0,$9,$84,$232,$23,$1042,$0,$1190,$1423,$189,$100,$28,$129,$-12,$-22,$5,$-1,$-21,$297,$-200,$0,$0,$0,$0,$0,$0,$-200,$-10,$0,$-10,$-6,$-6,$-43,$0,$-59,$37,$0,$-43
8,2016-07-31,84.29,$50.59,1.67,$121.69,0.69,$9.44,8.93,$6.22,13.55,$0.63B,$0.16B,4.07,$0.00B,$1.14B,0.0,$2.71B,$0.38B,13.94%,$2.71B,$0.22B,8.24%,$2.71B,$0.22B,8.24%,$2.71B,$0.32B,11.87%,$2.71B,$0.22B,8.13%,$2.71B,$0.14B,5.14%,$0.14B,$1.14B,12.93%,$0.14B,$1.14B,12.93%,$0.14B,$1.39B,10.66%,$0.22B,$1.14B,20.74%,$728,$599,$129,$0,$45,$643,$85,$-0,$85,$30,$55,$55,$54,$106,$85,$22,22,$2.42,$2.42,$243,$228,$0,$630,$749,$0,$0,$5,$754,$1385,$155,$0,$8,$88,$243,$23,$994,$0,$1142,$1385,$113,$62,$44,$106,$-6,$-29,$11,$-4,$-24,$195,$-126,$0,$0,$0,$0,$0,$0,$-126,$-10,$0,$-10,$-3,$-3,$-10,$0,$-23,$46,$12,$-10
9,2016-04-30,88.07,$48.25,1.83,$122.51,0.72,$10.76,8.19,$6.07,14.51,$0.60B,$0.15B,4.07,$0.00B,$1.09B,0.0,$2.72B,$0.38B,13.80%,$2.72B,$0.22B,8.02%,$2.72B,$0.22B,8.02%,$2.72B,$0.31B,11.56%,$2.72B,$0.21B,7.88%,$2.72B,$0.14B,4.97%,$0.14B,$1.09B,12.92%,$0.14B,$1.09B,12.92%,$0.14B,$1.32B,10.66%,$0.22B,$1.09B,20.86%,$692,$578,$114,$0,$40,$618,$74,$-0,$73,$26,$48,$48,$47,$95,$74,$22,22,$2.11,$2.11,$223,$211,$0,$598,$720,$0,$0,$6,$726,$1324,$147,$0,$8,$88,$235,$23,$944,$0,$1089,$1324,$58,$41,$38,$79,$-11,$-12,$1,$-4,$-29,$108,$-67,$0,$0,$0,$0,$0,$0,$-67,$-10,$0,$-10,$-3,$-3,$-5,$4,$-14,$26,$9,$-5
10,2016-01-31,77.97,$46.04,1.69,$123.48,0.63,$11.78,6.62,$7.09,11.0,$0.57B,$0.13B,4.31,$0.00B,$1.04B,0.0,$2.74B,$0.40B,14.59%,$2.74B,$0.25B,9.26%,$2.74B,$0.25B,9.26%,$2.74B,$0.35B,12.65%,$2.74B,$0.25B,9.12%,$2.74B,$0.16B,5.76%,$0.16B,$1.04B,15.55%,$0.16B,$1.04B,15.55%,$0.16B,$1.26B,12.82%,$0.25B,$1.04B,25.00%,$605,$555,$50,$0,$30,$585,$20,$-0,$19,$9,$11,$11,$11,$40,$20,$22,22,$0.47,$0.47,$155,$210,$0,$566,$688,$0,$0,$6,$694,$1260,$131,$0,$8,$90,$221,$23,$901,$0,$1039,$1260,$11,$20,$32,$52,$-7,$-11,$6,$-2,$-83,$-20,$-23,$0,$0,$0,$0,$0,$0,$-23,$0,$0,$0,$-2,$-2,$0,$4,$2,$-42,$3,$0
11,2015-10-31,66.55,$45.73,1.46,$125.81,0.53,$14.06,4.73,$9.49,7.01,$0.56B,$0.16B,3.46,$0.00B,$1.03B,0.0,$2.80B,$0.49B,17.51%,$2.80B,$0.34B,12.02%,$2.80B,$0.34B,12.02%,$2.80B,$0.43B,15.19%,$2.80B,$0.33B,11.91%,$2.80B,$0.21B,7.56%,$0.21B,$1.03B,21.26%,$0.21B,$1.03B,21.26%,$0.21B,$1.25B,17.48%,$0.34B,$1.03B,33.72%,$680,$596,$84,$0,$40,$636,$44,$-0,$43,$16,$27,$27,$27,$80,$44,$22,22,$1.25,$1.25,$197,$199,$0,$558,$682,$0,$0,$6,$689,$1247,$161,$0,$8,$56,$217,$23,$896,$0,$1030,$1247,$216,$91,$5,$96,$5,$-8,$12,$-1,$-11,$300,$-157,$0,$0,$0,$0,$0,$0,$-157,$-10,$0,$-10,$-69,$-69,$-31,$-2,$-112,$31,$0,$-31
12,2015-07-31,68.24,$45.58,1.5,$129.16,0.53,$13.66,5.0,$12.31,5.54,$0.55B,$0.15B,3.61,$0.00B,$1.02B,0.0,$2.89B,$0.59B,20.42%,$2.89B,$0.44B,15.11%,$2.89B,$0.44B,15.11%,$2.89B,$0.52B,17.99%,$2.89B,$0.43B,15.01%,$2.89B,$0.28B,9.57%,$0.28B,$1.02B,28.63%,$0.28B,$1.02B,28.63%,$0.28B,$1.23B,23.41%,$0.44B,$1.02B,44.99%,$740,$613,$127,$0,$47,$660,$80,$-1,$79,$28,$51,$51,$50,$99,$80,$22,22,$2.27,$2.27,$181,$203,$0,$546,$682,$0,$0,$6,$689,$1234,$151,$0,$9,$61,$213,$22,$884,$0,$1022,$1234,$189,$54,$19,$73,$7,$-12,$11,$-5,$-24,$238,$-140,$0,$0,$0,$0,$0,$0,$-140,$-10,$0,$-10,$-63,$-63,$-10,$1,$-83,$15,$13,$-10
13,2015-04-30,70.76,$43.41,1.63,$129.83,0.55,$12.97,5.45,$13.34,5.3,$0.53B,$0.15B,3.47,$0.00B,$0.97B,0.0,$2.91B,$0.62B,21.39%,$2.91B,$0.47B,16.20%,$2.91B,$0.47B,16.20%,$2.91B,$0.55B,18.95%,$2.91B,$0.47B,16.10%,$2.91B,$0.30B,10.30%,$0.30B,$0.97B,32.81%,$0.30B,$0.97B,32.81%,$0.30B,$1.19B,26.37%,$0.47B,$0.97B,51.21%,$717,$578,$139,$0,$30,$607,$110,$-1,$109,$38,$71,$71,$70,$128,$110,$22,22,$3.13,$3.13,$154,$212,$0,$527,$655,$0,$0,$6,$660,$1187,$152,$0,$9,$62,$214,$22,$838,$0,$973,$1187,$138,$35,$15,$50,$-1,$-21,$36,$-6,$-31,$157,$-93,$0,$0,$0,$0,$0,$0,$-93,$-10,$0,$-10,$-63,$-63,$-5,$3,$-76,$-12,$10,$-5
14,2015-01-31,75.32,$41.59,1.81,$127.16,0.59,$10.78,6.99,$12.42,6.06,$0.54B,$0.15B,3.73,$0.01B,$0.96B,0.01,$2.86B,$0.59B,20.72%,$2.86B,$0.44B,15.40%,$2.86B,$0.44B,15.40%,$2.86B,$0.52B,18.13%,$2.86B,$0.44B,15.33%,$2.86B,$0.28B,9.80%,$0.28B,$0.96B,32.63%,$0.28B,$0.96B,32.63%,$0.28B,$1.18B,25.83%,$0.44B,$0.97B,50.69%,$667,$526,$141,$0,$38,$564,$103,$-0,$103,$36,$67,$67,$65,$119,$103,$23,23,$2.87,$2.87,$173,$213,$0,$544,$637,$0,$0,$4,$640,$1184,$146,$10,$10,$75,$221,$23,$786,$0,$963,$1184,$67,$16,$15,$31,$1,$-22,$21,$-4,$-34,$64,$-56,$0,$0,$0,$0,$0,$0,$-56,$0,$0,$0,$-2,$-2,$0,$3,$0,$7,$6,$0
15,2014-10-31,78.89,$38.82,2.03,$123.66,0.64,$9.30,8.49,$10.80,7.3,$0.51B,$0.15B,3.46,$0.01B,$0.90B,0.01,$2.78B,$0.52B,18.74%,$2.78B,$0.38B,13.77%,$2.78B,$0.38B,13.77%,$2.78B,$0.46B,16.54%,$2.78B,$0.38B,13.66%,$2.78B,$0.24B,8.76%,$0.24B,$0.90B,30.70%,$0.24B,$0.90B,30.70%,$0.24B,$1.11B,23.96%,$0.38B,$0.91B,47.38%,$761,$578,$182,$0,$40,$618,$143,$-0,$142,$49,$93,$93,$91,$173,$143,$22,22,$4.04,$4.04,$166,$191,$0,$511,$596,$0,$0,$4,$601,$1111,$148,$10,$10,$66,$213,$23,$725,$0,$898,$1111,$249,$77,$-10,$67,$-9,$15,$-33,$-3,$-9,$306,$-171,$0,$0,$0,$0,$0,$0,$-171,$-20,$0,$-20,$-6,$-6,$-30,$1,$-55,$80,$0,$-30
16,2014-07-31,84.68,$35.65,2.37,$122.27,0.69,$12.14,6.97,$8.73,9.7,$0.51B,$0.18B,2.84,$0.01B,$0.82B,0.01,$2.74B,$0.44B,16.05%,$2.74B,$0.31B,11.35%,$2.74B,$0.31B,11.35%,$2.74B,$0.38B,13.94%,$2.74B,$0.31B,11.24%,$2.74B,$0.20B,7.15%,$0.20B,$0.82B,26.67%,$0.20B,$0.82B,26.67%,$0.20B,$1.07B,20.25%,$0.31B,$0.83B,41.22%,$768,$607,$161,$0,$46,$653,$116,$-0,$115,$39,$76,$76,$74,$132,$116,$22,22,$3.30,$3.30,$139,$218,$0,$508,$555,$0,$0,$5,$560,$1068,$179,$10,$11,$67,$246,$23,$648,$0,$823,$1068,$156,$47,$4,$50,$-6,$-12,$-3,$-6,$-9,$197,$-113,$0,$0,$0,$0,$0,$0,$-113,$-20,$0,$-20,$-2,$-2,$-9,$1,$-31,$54,$10,$-9
17,2014-04-30,76.29,$32.43,2.35,$121.06,0.63,$13.61,5.6,$8.38,9.1,$0.44B,$0.16B,2.85,$0.01B,$0.75B,0.01,$2.71B,$0.41B,15.23%,$2.71B,$0.30B,11.03%,$2.71B,$0.30B,11.03%,$2.71B,$0.37B,13.64%,$2.71B,$0.30B,10.91%,$2.71B,$0.19B,6.93%,$0.19B,$0.75B,27.40%,$0.19B,$0.75B,27.40%,$0.19B,$0.97B,20.05%,$0.30B,$0.76B,41.37%,$661,$552,$108,$0,$30,$582,$78,$-1,$78,$27,$51,$51,$50,$94,$78,$22,22,$2.21,$2.21,$84,$219,$0,$444,$525,$0,$0,$5,$530,$973,$155,$10,$10,$70,$225,$23,$577,$0,$748,$973,$80,$30,$3,$33,$0,$-13,$-1,$-1,$-32,$81,$-66,$0,$0,$0,$0,$0,$0,$-66,$-10,$0,$-10,$-2,$-2,$-5,$1,$-16,$-1,$7,$-5
18,2014-01-31,68.95,$30.21,2.28,$119.38,0.58,$13.46,5.12,$7.23,9.54,$0.40B,$0.12B,3.43,$0.03B,$0.70B,0.04,$2.67B,$0.36B,13.62%,$2.67B,$0.26B,9.73%,$2.67B,$0.26B,9.73%,$2.67B,$0.33B,12.35%,$2.67B,$0.26B,9.54%,$2.67B,$0.16B,6.06%,$0.16B,$0.70B,25.33%,$0.16B,$0.70B,25.33%,$0.16B,$0.91B,17.67%,$0.26B,$0.73B,36.70%,$585,$516,$69,$0,$24,$540,$45,$-1,$44,$15,$29,$29,$28,$60,$45,$22,22,$1.25,$1.25,$59,$209,$0,$397,$503,$0,$0,$5,$508,$905,$116,$29,$10,$92,$208,$23,$530,$0,$697,$905,$29,$15,$2,$17,$15,$-3,$-25,$-5,$-43,$3,$-29,$0,$0,$0,$0,$0,$0,$-29,$-0,$0,$-0,$-2,$-2,$0,$1,$-1,$-27,$2,$0
19,2013-10-31,58.46,$29.18,2.0,$120.00,0.49,$14.49,4.04,$5.67,10.31,$0.43B,$0.16B,2.67,$0.03B,$0.67B,0.04,$2.68B,$0.31B,11.41%,$2.68B,$0.21B,7.64%,$2.68B,$0.21B,7.64%,$2.68B,$0.28B,10.29%,$2.68B,$0.20B,7.45%,$2.68B,$0.13B,4.73%,$0.13B,$0.67B,21.16%,$0.13B,$0.67B,21.16%,$0.13B,$0.93B,13.89%,$0.21B,$0.70B,29.31%,$727,$625,$102,$0,$30,$655,$72,$-1,$71,$26,$45,$45,$44,$96,$72,$22,22,$1.98,$1.98,$86,$206,$0,$431,$488,$0,$0,$5,$494,$925,$162,$29,$9,$92,$253,$23,$506,$0,$672,$925,$131,$70,$0,$71,$-11,$30,$-1,$-3,$52,$253,$-54,$0,$0,$0,$0,$0,$0,$-54,$-121,$0,$-121,$-1,$-1,$-16,$-3,$-141,$58,$0,$-16
20,2013-07-31,64.98,$27.31,2.38,$116.58,0.56,$12.64,5.14,$4.11,15.81,$0.46B,$0.18B,2.56,$0.08B,$0.63B,0.12,$2.60B,$0.24B,9.22%,$2.60B,$0.15B,5.72%,$2.60B,$0.15B,5.72%,$2.60B,$0.22B,8.26%,$2.60B,$0.14B,5.49%,$2.60B,$0.09B,3.53%,$0.09B,$0.63B,16.15%,$0.09B,$0.63B,16.15%,$0.09B,$0.95B,10.15%,$0.15B,$0.71B,21.31%,$739,$605,$134,$0,$30,$635,$104,$-1,$103,$35,$68,$68,$66,$120,$104,$22,22,$2.95,$2.95,$63,$241,$0,$456,$489,$0,$0,$3,$492,$948,$178,$77,$10,$141,$319,$23,$465,$0,$628,$948,$85,$46,$7,$53,$-21,$-5,$0,$-5,$18,$157,$-40,$0,$0,$0,$0,$0,$0,$-40,$-73,$0,$-73,$-1,$-1,$-8,$0,$-82,$35,$6,$-8
21,2013-04-30,56.2,$24.37,2.31,$111.60,0.5,$14.21,3.96,$2.41,23.32,$0.39B,$0.13B,3.14,$0.14B,$0.56B,0.25,$2.49B,$0.18B,7.07%,$2.49B,$0.09B,3.78%,$2.49B,$0.09B,3.78%,$2.49B,$0.16B,6.39%,$2.49B,$0.09B,3.49%,$2.49B,$0.05B,2.17%,$0.05B,$0.56B,9.84%,$0.05B,$0.56B,9.84%,$0.05B,$0.89B,6.06%,$0.09B,$0.70B,13.53%,$621,$562,$59,$0,$20,$582,$39,$-2,$37,$13,$24,$24,$24,$54,$39,$22,22,$1.06,$1.06,$24,$227,$0,$393,$494,$0,$0,$3,$497,$890,$125,$140,$10,$204,$329,$23,$401,$0,$561,$890,$17,$30,$2,$33,$-15,$9,$-13,$0,$-10,$40,$-29,$0,$0,$0,$0,$0,$0,$-29,$-10,$0,$-10,$-1,$-1,$-4,$0,$-15,$-4,$2,$-4
22,2013-01-31,46.16,$23.46,1.97,$110.54,0.42,$18.00,2.56,$2.39,19.31,$0.40B,$0.14B,2.87,$0.15B,$0.54B,0.28,$2.46B,$0.18B,7.14%,$2.46B,$0.10B,3.90%,$2.46B,$0.10B,3.90%,$2.46B,$0.16B,6.53%,$2.46B,$0.09B,3.61%,$2.46B,$0.05B,2.15%,$0.05B,$0.54B,9.86%,$0.05B,$0.54B,9.86%,$0.05B,$0.89B,5.99%,$0.10B,$0.69B,13.84%,$596,$585,$11,$0,$21,$605,$-10,$-2,$-11,$-4,$-7,$-7,$-7,$6,$-10,$22,22,$-0.31,$-0.31,$24,$235,$0,$398,$492,$0,$0,$3,$495,$893,$139,$150,$9,$215,$354,$23,$381,$0,$540,$893,$-7,$15,$2,$17,$-3,$1,$6,$-1,$-2,$8,$-11,$0,$0,$0,$0,$0,$0,$-11,$-0,$0,$-0,$-1,$-1,$0,$0,$-1,$-4,$1,$0
23,2012-10-31,41.42,$23.95,1.73,$107.11,0.39,$17.13,2.42,$2.34,17.7,$0.40B,$0.14B,2.93,$0.15B,$0.55B,0.27,$2.39B,$0.17B,7.29%,$2.39B,$0.10B,4.07%,$2.39B,$0.10B,4.07%,$2.39B,$0.16B,6.75%,$2.39B,$0.09B,3.65%,$2.39B,$0.05B,2.18%,$0.05B,$0.55B,9.87%,$0.05B,$0.55B,9.87%,$0.05B,$0.90B,5.78%,$0.10B,$0.70B,13.52%,$648,$613,$36,$0,$20,$633,$16,$-2,$14,$4,$9,$9,$9,$35,$16,$22,22,$0.42,$0.42,$28,$236,$0,$398,$495,$0,$0,$3,$499,$896,$136,$150,$4,$211,$346,$23,$392,$0,$550,$896,$54,$65,$-1,$64,$-4,$-15,$16,$0,$88,$206,$-49,$0,$0,$0,$0,$0,$0,$-49,$-124,$0,$-124,$-1,$-1,$-16,$0,$-140,$17,$0,$-16
24,2012-07-31,33.4,$23.66,1.41,$103.31,0.32,$-1.84,0.0,$0.96,34.79,$0.38B,$0.14B,2.82,$0.15B,$0.54B,0.27,$2.30B,$0.09B,3.70%,$2.30B,$0.05B,2.26%,$2.30B,$0.05B,2.26%,$2.30B,$0.12B,5.05%,$2.30B,$0.04B,1.78%,$2.30B,$0.02B,0.91%,$0.02B,$0.54B,4.07%,$0.02B,$0.54B,4.07%,$0.02B,$0.89B,2.30%,$0.05B,$0.69B,7.05%,$625,$555,$70,$0,$21,$576,$49,$-2,$47,$18,$29,$29,$28,$64,$49,$22,22,$1.25,$1.25,$27,$233,$0,$382,$499,$0,$0,$3,$502,$885,$135,$145,$4,$206,$341,$23,$386,$0,$544,$885,$45,$45,$3,$48,$6,$-13,$0,$-3,$97,$189,$-38,$0,$0,$0,$0,$0,$0,$-38,$-128,$0,$-128,$-0,$-0,$-8,$1,$-136,$16,$4,$-8
25,2012-04-30,46.64,$22.53,2.07,$98.36,0.47,$-19.29,0.0,$-2.80,0.0,$0.36B,$0.11B,3.25,$0.18B,$0.52B,0.34,$2.18B,$-0.03B,-1.37%,$2.18B,$-0.08B,-3.71%,$2.18B,$-0.08B,-3.71%,$2.18B,$-0.02B,-0.87%,$2.18B,$-0.09B,-4.21%,$2.18B,$-0.06B,-2.88%,$-0.06B,$0.52B,-12.27%,$-0.06B,$0.52B,-12.27%,$-0.06B,$0.86B,-6.83%,$-0.08B,$0.70B,-10.70%,$595,$536,$59,$0,$18,$554,$41,$-2,$39,$15,$24,$24,$23,$56,$41,$22,22,$1.04,$1.04,$8,$213,$0,$356,$504,$0,$0,$4,$508,$864,$109,$178,$4,$237,$346,$23,$362,$0,$517,$864,$16,$30,$-0,$29,$-8,$8,$0,$-0,$78,$124,$-28,$0,$0,$0,$0,$0,$0,$-28,$-96,$0,$-96,$-1,$-1,$-4,$1,$-99,$-3,$2,$-4
26,2012-01-31,45.88,$22.32,2.06,$93.31,0.49,$-30.85,0.0,$-4.58,0.0,$0.44B,$0.11B,4.08,$0.29B,$0.50B,0.58,$2.07B,$-0.09B,-4.30%,$2.07B,$-0.15B,-7.01%,$2.07B,$-0.15B,-7.01%,$2.07B,$-0.09B,-4.11%,$2.07B,$-0.16B,-7.50%,$2.07B,$-0.10B,-4.93%,$-0.10B,$0.50B,-19.18%,$-0.10B,$0.50B,-19.18%,$-0.10B,$0.95B,-11.04%,$-0.15B,$0.79B,-18.84%,$518,$509,$9,$0,$18,$527,$-9,$-4,$-13,$-5,$-8,$-8,$-8,$6,$-9,$22,22,$-0.36,$-0.36,$4,$215,$0,$441,$507,$0,$0,$4,$511,$952,$108,$288,$3,$347,$455,$22,$342,$0,$497,$952,$-8,$15,$-1,$14,$5,$6,$0,$-0,$-13,$-7,$-16,$0,$0,$0,$0,$0,$0,$-16,$15,$0,$15,$-0,$-0,$0,$1,$15,$-7,$1,$0
27,2011-10-31,44.58,$22.16,2.01,$89.40,0.5,$-33.12,0.0,$-5.74,0.0,$0.44B,$0.11B,3.85,$0.27B,$0.51B,0.54,$1.98B,$-0.11B,-5.41%,$1.98B,$-0.19B,-9.50%,$1.98B,$-0.19B,-9.50%,$1.98B,$-0.13B,-6.62%,$1.98B,$-0.19B,-9.81%,$1.98B,$-0.13B,-6.47%,$-0.13B,$0.51B,-22.87%,$-0.13B,$0.51B,-22.87%,$-0.13B,$0.95B,-14.48%,$-0.19B,$0.78B,-25.37%,$560,$613,$-53,$0,$18,$589,$-29,$-2,$-32,$-10,$-22,$-22,$-22,$-10,$-29,$22,22,$-0.97,$-0.97,$11,$212,$0,$438,$506,$0,$0,$5,$511,$949,$114,$274,$3,$328,$442,$23,$354,$0,$507,$949,$-127,$57,$30,$88,$-2,$-67,$17,$-2,$-162,$-201,$-63,$0,$0,$0,$0,$0,$0,$-63,$222,$0,$222,$-2,$-2,$-15,$-3,$202,$-62,$0,$-15
28,2011-07-31,41.32,$24.04,1.72,$88.56,0.47,$-19.63,0.0,$-2.69,0.0,$0.41B,$0.11B,3.81,$0.23B,$0.53B,0.44,$1.95B,$0.05B,2.31%,$1.95B,$-0.09B,-4.37%,$1.95B,$-0.09B,-4.37%,$1.95B,$-0.03B,-1.44%,$1.95B,$-0.09B,-4.52%,$1.95B,$-0.06B,-2.88%,$-0.06B,$0.53B,-9.42%,$-0.06B,$0.53B,-9.42%,$-0.06B,$0.93B,-6.53%,$-0.09B,$0.77B,-11.76%,$511,$557,$-45,$0,$17,$596,$-84,$-2,$-86,$-31,$-56,$-56,$-56,$-71,$-84,$22,22,$-2.51,$-2.51,$12,$203,$0,$410,$512,$0,$0,$5,$517,$927,$108,$234,$3,$287,$394,$22,$379,$0,$532,$927,$-106,$37,$42,$80,$11,$-72,$0,$-8,$-155,$-181,$-55,$0,$0,$0,$0,$0,$0,$-55,$182,$0,$182,$-0,$-0,$-8,$0,$174,$-62,$4,$-8
29,2011-04-30,42.41,$26.68,1.59,$86.08,0.49,$-7.84,0.0,$1.37,30.95,$0.36B,$0.09B,4.15,$0.15B,$0.59B,0.26,$1.93B,$0.17B,8.78%,$1.93B,$0.05B,2.75%,$1.93B,$0.05B,2.75%,$1.93B,$0.11B,5.61%,$1.93B,$0.05B,2.70%,$1.93B,$0.04B,1.82%,$0.04B,$0.59B,5.66%,$0.04B,$0.59B,5.66%,$0.04B,$0.87B,4.22%,$0.05B,$0.75B,7.53%,$479,$479,$-0,$0,$17,$502,$-23,$-1,$-24,$-8,$-16,$-16,$-16,$-10,$-23,$22,22,$-0.74,$-0.74,$1,$214,$0,$357,$508,$0,$0,$5,$513,$869,$86,$154,$2,$193,$279,$22,$438,$0,$591,$869,$-50,$24,$16,$40,$15,$-67,$0,$-3,$-113,$-123,$-38,$0,$0,$0,$0,$0,$0,$-38,$92,$0,$92,$-0,$-0,$-4,$0,$88,$-72,$3,$-4
30,2011-01-31,36.48,$27.55,1.32,$87.59,0.42,$0.25,146.15,$3.73,9.78,$0.29B,$0.09B,3.18,$0.06B,$0.61B,0.1,$1.93B,$0.24B,12.62%,$1.93B,$0.13B,6.83%,$1.93B,$0.13B,6.83%,$1.93B,$0.19B,9.57%,$1.93B,$0.13B,6.78%,$1.93B,$0.09B,4.40%,$0.09B,$0.61B,13.72%,$0.09B,$0.61B,13.72%,$0.09B,$0.79B,10.56%,$0.13B,$0.67B,19.36%,$428,$437,$-9,$0,$20,$479,$-52,$-0,$-52,$-18,$-34,$-34,$-34,$-40,$-52,$22,22,$-1.52,$-1.52,$1,$170,$0,$286,$501,$0,$0,$3,$504,$790,$90,$62,$2,$90,$180,$22,$459,$0,$609,$790,$-34,$11,$15,$27,$24,$-39,$0,$1,$-47,$-53,$-19,$0,$0,$0,$0,$0,$0,$-19,$-0,$0,$-0,$-0,$-0,$0,$0,$-0,$-73,$1,$0
31,2010-10-31,37.25,$29.25,1.27,$88.85,0.42,$3.17,11.77,$6.00,6.21,$0.35B,$0.11B,3.23,$0.06B,$0.65B,0.1,$1.93B,$0.30B,15.32%,$1.93B,$0.21B,10.91%,$1.93B,$0.21B,10.91%,$1.93B,$0.26B,13.61%,$1.93B,$0.21B,10.81%,$1.93B,$0.13B,6.96%,$0.13B,$0.65B,23.15%,$0.13B,$0.65B,23.15%,$0.13B,$0.84B,17.39%,$0.21B,$0.71B,32.25%,$529,$431,$99,$0,$25,$455,$74,$-0,$74,$26,$48,$48,$50,$93,$74,$22,22,$2.15,$2.15,$73,$153,$0,$345,$494,$0,$0,$3,$497,$842,$107,$62,$2,$89,$196,$22,$496,$0,$646,$842,$135,$52,$4,$56,$-24,$-13,$13,$-6,$-12,$178,$-145,$0,$0,$0,$0,$0,$0,$-145,$-41,$0,$-41,$86,$86,$-14,$0,$32,$65,$0,$-14
32,2010-07-31,41.32,$27.66,1.49,$87.15,0.47,$8.29,4.98,$4.88,8.47,$0.36B,$0.10B,3.45,$0.06B,$0.63B,0.1,$1.87B,$0.24B,13.08%,$1.87B,$0.17B,8.95%,$1.87B,$0.17B,8.95%,$1.87B,$0.22B,11.58%,$1.87B,$0.16B,8.79%,$1.87B,$0.11B,5.68%,$0.11B,$0.63B,20.19%,$0.11B,$0.63B,20.19%,$0.11B,$0.82B,14.74%,$0.17B,$0.69B,27.48%,$489,$410,$79,$0,$25,$435,$54,$-0,$54,$18,$36,$36,$35,$65,$54,$23,24,$1.55,$1.55,$103,$154,$0,$356,$460,$0,$0,$3,$463,$818,$103,$63,$2,$87,$190,$23,$452,$0,$629,$818,$87,$33,$7,$39,$-6,$-13,$0,$-4,$-0,$126,$-99,$0,$0,$0,$0,$0,$0,$-99,$-41,$0,$-41,$115,$115,$-7,$0,$68,$95,$7,$-7
33,2010-04-30,49.93,$26.14,1.91,$88.41,0.56,$12.67,3.94,$5.42,9.21,$0.34B,$0.09B,3.84,$0.06B,$0.59B,0.11,$1.88B,$0.26B,13.61%,$1.88B,$0.18B,9.73%,$1.88B,$0.18B,9.73%,$1.88B,$0.23B,12.28%,$1.88B,$0.18B,9.41%,$1.88B,$0.11B,6.01%,$0.11B,$0.59B,24.02%,$0.11B,$0.59B,24.02%,$0.11B,$0.77B,16.55%,$0.18B,$0.66B,32.05%,$487,$412,$75,$0,$19,$431,$56,$-1,$55,$19,$35,$35,$34,$67,$56,$21,21,$1.62,$1.62,$97,$145,$0,$340,$427,$0,$0,$3,$430,$770,$89,$63,$2,$87,$176,$23,$420,$0,$594,$770,$51,$22,$4,$26,$-7,$-4,$0,$-1,$-3,$73,$-56,$0,$0,$0,$0,$0,$0,$-56,$-40,$0,$-40,$115,$115,$-3,$0,$71,$89,$4,$-3
34,2010-01-31,40.95,$21.89,1.87,$86.25,0.47,$14.79,2.77,$5.07,8.08,$0.24B,$0.08B,3.08,$0.10B,$0.45B,0.23,$1.82B,$0.24B,13.01%,$1.82B,$0.17B,9.34%,$1.82B,$0.17B,9.34%,$1.82B,$0.22B,11.97%,$1.82B,$0.16B,8.95%,$1.82B,$0.11B,5.77%,$0.11B,$0.45B,25.33%,$0.11B,$0.45B,25.33%,$0.11B,$0.65B,15.93%,$0.17B,$0.55B,30.95%,$420,$378,$42,$0,$16,$394,$26,$-1,$25,$9,$16,$16,$15,$37,$26,$20,20,$0.75,$0.75,$1,$153,$0,$244,$406,$0,$0,$3,$408,$653,$79,$103,$2,$127,$207,$20,$388,$0,$446,$653,$16,$11,$2,$13,$2,$-12,$0,$-2,$-13,$16,$-23,$0,$0,$0,$0,$0,$0,$-23,$-0,$0,$-0,$-0,$-0,$0,$0,$-0,$-8,$3,$0
35,2009-10-31,32.05,$21.18,1.51,$84.78,0.38,$13.99,2.29,$3.99,8.03,$0.24B,$0.08B,3.1,$0.10B,$0.43B,0.24,$1.79B,$0.20B,11.17%,$1.79B,$0.14B,7.65%,$1.79B,$0.14B,7.65%,$1.79B,$0.19B,10.34%,$1.79B,$0.13B,7.15%,$1.79B,$0.08B,4.64%,$0.08B,$0.43B,21.32%,$0.08B,$0.43B,21.32%,$0.08B,$0.64B,12.48%,$0.14B,$0.53B,24.48%,$469,$421,$48,$0,$17,$438,$31,$-1,$30,$10,$20,$20,$22,$47,$31,$20,21,$0.96,$0.96,$8,$141,$0,$240,$393,$0,$0,$3,$396,$636,$77,$103,$3,$128,$205,$20,$375,$0,$431,$636,$82,$49,$16,$65,$-5,$-4,$-14,$-3,$16,$163,$-25,$0,$0,$0,$0,$0,$0,$-25,$-122,$0,$-122,$1,$1,$-12,$0,$-134,$4,$0,$-12
36,2009-07-31,35.49,$20.24,1.75,$84.67,0.42,$2.22,16.02,$0.47,75.51,$0.28B,$0.10B,2.67,$0.13B,$0.41B,0.32,$1.78B,$0.13B,7.30%,$1.78B,$0.02B,1.24%,$1.78B,$0.02B,1.24%,$1.78B,$0.07B,3.76%,$1.78B,$0.01B,0.62%,$1.78B,$0.01B,0.51%,$0.01B,$0.41B,2.43%,$0.01B,$0.41B,2.43%,$0.01B,$0.67B,1.33%,$0.02B,$0.54B,3.85%,$505,$414,$91,$0,$22,$435,$70,$-2,$67,$24,$43,$43,$42,$80,$70,$23,23,$2.06,$2.06,$33,$150,$0,$275,$395,$0,$0,$3,$397,$672,$103,$133,$2,$158,$261,$20,$359,$0,$411,$672,$63,$33,$20,$53,$-4,$-13,$0,$-7,$28,$143,$-16,$0,$0,$0,$0,$0,$0,$-16,$-93,$0,$-93,$0,$0,$-6,$0,$-98,$29,$3,$-6
37,2009-04-30,34.57,$18.19,1.9,$85.82,0.4,$-5.44,0.0,$-1.80,0.0,$0.27B,$0.08B,3.32,$0.20B,$0.37B,0.54,$1.74B,$0.05B,2.93%,$1.74B,$-0.05B,-2.93%,$1.74B,$-0.05B,-2.93%,$1.74B,$-0.01B,-0.34%,$1.74B,$-0.06B,-3.56%,$1.74B,$-0.04B,-2.12%,$-0.04B,$0.37B,-10.03%,$-0.04B,$0.37B,-10.03%,$-0.04B,$0.68B,-5.40%,$-0.05B,$0.57B,-8.78%,$427,$371,$56,$0,$13,$384,$43,$-2,$41,$14,$26,$26,$26,$54,$43,$20,20,$1.25,$1.25,$36,$144,$0,$272,$401,$0,$0,$2,$403,$676,$82,$200,$3,$224,$306,$20,$318,$0,$370,$676,$19,$22,$17,$39,$2,$-7,$0,$-6,$13,$71,$-11,$0,$0,$0,$0,$0,$0,$-11,$-25,$0,$-25,$0,$0,$-3,$0,$-28,$32,$2,$-3
38,2009-01-31,31.22,$17.00,1.84,$86.02,0.36,$-10.53,0.0,$-2.77,0.0,$0.27B,$0.06B,4.24,$0.25B,$0.35B,0.71,$1.75B,$0.02B,1.14%,$1.75B,$-0.08B,-4.80%,$1.75B,$-0.08B,-4.80%,$1.75B,$-0.04B,-2.23%,$1.75B,$-0.09B,-5.37%,$1.75B,$-0.06B,-3.26%,$-0.06B,$0.35B,-15.00%,$-0.06B,$0.35B,-15.00%,$-0.06B,$0.68B,-8.31%,$-0.08B,$0.59B,-14.53%,$389,$384,$5,$0,$12,$396,$-7,$-3,$-10,$-3,$-7,$-7,$-7,$4,$-7,$20,20,$-0.33,$-0.33,$1,$137,$0,$266,$408,$0,$0,$2,$410,$676,$63,$245,$3,$268,$331,$20,$295,$0,$345,$676,$-7,$11,$16,$27,$-2,$-0,$0,$-7,$-36,$-16,$-7,$0,$0,$0,$0,$0,$0,$-7,$20,$0,$20,$0,$0,$0,$0,$20,$-4,$1,$0
39,2008-10-31,26.94,$17.45,1.54,$84.62,0.32,$-10.18,0.0,$-2.14,0.0,$0.27B,$0.08B,3.4,$0.23B,$0.35B,0.64,$1.72B,$0.04B,2.32%,$1.72B,$-0.07B,-3.77%,$1.72B,$-0.07B,-3.77%,$1.72B,$-0.02B,-1.22%,$1.72B,$-0.07B,-4.29%,$1.72B,$-0.04B,-2.55%,$-0.04B,$0.35B,-11.11%,$-0.04B,$0.35B,-11.11%,$-0.04B,$0.68B,-6.50%,$-0.07B,$0.58B,-11.54%,$460,$483,$-22,$0,$13,$545,$-84,$-2,$-87,$-35,$-52,$-52,$-52,$-71,$-84,$20,20,$-2.57,$-2.55,$4,$137,$0,$268,$411,$0,$0,$2,$414,$681,$79,$225,$3,$248,$327,$20,$305,$0,$354,$681,$-43,$45,$-10,$35,$6,$-18,$5,$-33,$-47,$-55,$-48,$0,$0,$0,$0,$0,$0,$-48,$115,$0,$115,$1,$1,$-12,$0,$105,$2,$0,$-12
40,2008-07-31,34.05,$20.08,1.7,$83.00,0.41,$-5.78,0.0,$1.60,21.28,$0.29B,$0.11B,2.73,$0.18B,$0.41B,0.43,$1.69B,$0.12B,6.86%,$1.69B,$0.06B,3.37%,$1.69B,$0.06B,3.37%,$1.69B,$0.10B,5.91%,$1.69B,$0.05B,2.90%,$1.69B,$0.03B,1.89%,$0.03B,$0.41B,7.83%,$0.03B,$0.41B,7.83%,$0.03B,$0.71B,4.87%,$0.06B,$0.58B,10.48%,$467,$455,$12,$0,$13,$470,$-3,$-2,$-6,$-2,$-4,$-4,$-4,$7,$-3,$20,20,$-0.18,$-0.18,$20,$187,$0,$291,$416,$0,$0,$3,$418,$709,$107,$176,$4,$195,$302,$20,$360,$0,$407,$709,$9,$31,$2,$33,$11,$-68,$0,$-11,$-44,$-2,$-42,$0,$0,$0,$0,$0,$0,$-42,$66,$0,$66,$1,$1,$-6,$0,$61,$18,$2,$-6
41,2008-04-30,35.59,$20.41,1.74,$79.37,0.45,$-4.98,0.0,$3.29,10.82,$0.28B,$0.10B,2.8,$0.15B,$0.41B,0.35,$1.62B,$0.17B,10.44%,$1.62B,$0.11B,6.61%,$1.62B,$0.11B,6.61%,$1.62B,$0.15B,9.20%,$1.62B,$0.10B,6.24%,$1.62B,$0.07B,4.14%,$0.07B,$0.41B,16.67%,$0.07B,$0.41B,16.67%,$0.07B,$0.68B,10.63%,$0.11B,$0.56B,20.44%,$434,$409,$25,$0,$14,$423,$10,$-2,$9,$3,$6,$6,$6,$21,$10,$20,20,$0.31,$0.30,$7,$173,$0,$278,$398,$0,$0,$3,$401,$679,$99,$146,$4,$166,$265,$20,$366,$0,$414,$679,$12,$21,$2,$23,$-7,$-53,$0,$-8,$-51,$-16,$-28,$0,$0,$0,$0,$0,$0,$-28,$50,$0,$50,$1,$1,$-3,$0,$48,$4,$2,$-3
42,2008-01-31,28.59,$20.22,1.41,$75.96,0.38,$-5.14,0.0,$4.32,6.62,$0.25B,$0.09B,2.78,$0.12B,$0.41B,0.3,$1.55B,$0.20B,13.01%,$1.55B,$0.14B,9.13%,$1.55B,$0.14B,9.13%,$1.55B,$0.18B,11.65%,$1.55B,$0.14B,8.74%,$1.55B,$0.09B,5.70%,$0.09B,$0.41B,22.80%,$0.09B,$0.41B,22.80%,$0.09B,$0.64B,14.59%,$0.14B,$0.53B,27.98%,$363,$337,$25,$0,$14,$351,$12,$-2,$10,$3,$6,$6,$6,$22,$12,$20,20,$0.31,$0.30,$11,$152,$0,$245,$391,$0,$0,$2,$393,$638,$88,$121,$3,$140,$228,$20,$363,$0,$409,$638,$6,$10,$1,$11,$8,$-33,$0,$-5,$-24,$-7,$-10,$0,$0,$0,$0,$0,$0,$-10,$25,$0,$25,$0,$0,$0,$0,$25,$9,$1,$0
43,2007-10-31,29.6,$19.99,1.48,$72.76,0.41,$-6.42,0.0,$3.88,7.63,$0.21B,$0.08B,2.62,$0.10B,$0.41B,0.24,$1.48B,$0.19B,12.54%,$1.48B,$0.13B,8.54%,$1.48B,$0.13B,8.54%,$1.48B,$0.16B,11.05%,$1.48B,$0.12B,8.14%,$1.48B,$0.08B,5.36%,$0.08B,$0.41B,21.66%,$0.08B,$0.41B,21.66%,$0.08B,$0.60B,13.72%,$0.13B,$0.50B,26.24%,$427,$373,$54,$0,$16,$389,$38,$-1,$36,$12,$24,$24,$24,$50,$38,$20,20,$1.19,$1.18,$3,$119,$0,$207,$391,$0,$0,$2,$393,$600,$79,$97,$4,$117,$196,$20,$360,$0,$405,$600,$79,$37,$0,$37,$-29,$-23,$13,$11,$-16,$99,$-113,$0,$0,$0,$0,$0,$0,$-113,$16,$0,$16,$3,$3,$-10,$2,$9,$-5,$0,$-10
44,2007-07-31,33.7,$18.85,1.79,$66.26,0.51,$-10.17,0.0,$3.22,10.46,$0.22B,$0.08B,2.63,$0.12B,$0.38B,0.32,$1.34B,$0.16B,11.64%,$1.34B,$0.10B,7.39%,$1.34B,$0.10B,7.39%,$1.34B,$0.14B,10.07%,$1.34B,$0.10B,7.24%,$1.34B,$0.07B,4.85%,$0.07B,$0.38B,18.81%,$0.07B,$0.38B,18.81%,$0.07B,$0.60B,11.88%,$0.10B,$0.50B,21.70%,$395,$329,$65,$0,$18,$347,$47,$-1,$46,$16,$31,$31,$31,$56,$47,$20,20,$1.52,$1.51,$18,$135,$0,$220,$381,$0,$0,$2,$383,$603,$84,$122,$3,$140,$224,$20,$338,$0,$380,$603,$55,$25,$2,$27,$-11,$-38,$0,$12,$-14,$68,$-95,$0,$0,$0,$0,$0,$0,$-95,$41,$0,$41,$1,$1,$-5,$0,$38,$10,$2,$-5
45,2007-04-30,33.31,$17.40,1.91,$60.82,0.55,$-13.47,0.0,$1.87,17.81,$0.21B,$0.07B,2.95,$0.13B,$0.35B,0.38,$1.23B,$0.11B,8.65%,$1.23B,$0.06B,4.49%,$1.23B,$0.06B,4.49%,$1.23B,$0.09B,7.34%,$1.23B,$0.05B,4.32%,$1.23B,$0.04B,3.02%,$0.04B,$0.35B,11.20%,$0.04B,$0.35B,11.20%,$0.04B,$0.57B,7.22%,$0.06B,$0.48B,12.83%,$360,$304,$57,$0,$13,$317,$44,$-1,$43,$16,$27,$27,$27,$52,$44,$20,20,$1.34,$1.33,$15,$115,$0,$208,$361,$0,$0,$2,$363,$571,$70,$132,$3,$150,$220,$20,$310,$0,$350,$571,$24,$17,$2,$18,$-21,$-19,$0,$12,$-22,$21,$-67,$0,$0,$0,$0,$0,$0,$-67,$55,$0,$55,$1,$1,$-2,$0,$54,$7,$2,$-2
46,2007-01-31,26.55,$16.13,1.65,$54.95,0.48,$-15.48,0.0,$-0.29,0.0,$0.19B,$0.08B,2.53,$0.11B,$0.32B,0.35,$1.11B,$0.04B,3.35%,$1.11B,$-0.02B,-1.36%,$1.11B,$-0.02B,-1.36%,$1.11B,$0.02B,1.81%,$1.11B,$-0.02B,-1.54%,$1.11B,$-0.01B,-0.63%,$-0.01B,$0.32B,-2.17%,$-0.01B,$0.32B,-2.17%,$-0.01B,$0.53B,-1.45%,$-0.02B,$0.44B,-3.71%,$293,$284,$9,$0,$12,$296,$-3,$-1,$-5,$-2,$-3,$-3,$-3,$5,$-3,$20,20,$-0.14,$-0.14,$1,$105,$0,$192,$335,$0,$0,$2,$337,$530,$76,$112,$3,$129,$205,$20,$286,$0,$324,$530,$-3,$8,$1,$9,$-12,$-8,$0,$-9,$-15,$-9,$-33,$0,$0,$0,$0,$0,$0,$-33,$35,$0,$35,$0,$0,$0,$0,$35,$-6,$1,$0
47,2006-10-31,22.27,$16.34,1.36,$52.16,0.43,$-15.53,0.0,$-0.58,0.0,$0.17B,$0.06B,2.9,$0.08B,$0.33B,0.24,$1.05B,$0.03B,2.58%,$1.05B,$-0.03B,-2.48%,$1.05B,$-0.03B,-2.48%,$1.05B,$0.01B,0.67%,$1.05B,$-0.03B,-2.48%,$1.05B,$-0.01B,-1.24%,$-0.01B,$0.33B,-4.00%,$-0.01B,$0.33B,-4.00%,$-0.01B,$0.49B,-2.83%,$-0.03B,$0.41B,-6.78%,$292,$267,$25,$0,$11,$281,$11,$3,$13,$3,$10,$10,$10,$22,$11,$20,20,$0.53,$0.53,$7,$96,$0,$172,$310,$0,$0,$2,$313,$485,$60,$77,$3,$97,$157,$20,$291,$0,$328,$485,$-12,$33,$4,$37,$12,$-12,$7,$-17,$-33,$-8,$-82,$0,$0,$0,$0,$0,$0,$-82,$71,$0,$71,$1,$1,$-10,$0,$62,$-27,$0,$-10
