,Date,Stock Price,Book Value per Share,Price to Book Ratio,TTM Sales per Share,Price to Sales Ratio,TTM FCF per Share,Price to FCF Ratio,TTM Net EPS,PE Ratio,Current Assets,Current Liabilities,Current Ratio,Long Term Debt,Shareholder's Equity_x,Debt to Equity Ratio,TTM Revenue_x,TTM Gross Profit,Gross Margin,TTM Revenue_y,TTM Operating Income,Operating Margin,TTM Revenue_x,TTM EBIT,EBIT Margin,TTM Revenue_y,TTM EBITDA,EBITDA Margin,TTM Revenue_x,TTM Pre-Tax Income,Pre-Tax Margin,TTM Revenue_y,TTM Net Income_x,Net Margin,TTM Net Income_y,Shareholder's Equity_y,Return on Equity,TTM Net Income_x,Tangible Equity,Return on Tangible Equity,TTM Net Income_y,Total Assets,Return on Assets,TTM Net Income,LT Investments & Debt,Return on Investment,revenue,cost-goods-sold,gross-profit,research-development-expenses,selling-general-administrative-expenses,operating-expenses,operating-income,total-non-operating-income-expense,pre-tax-income,total-provision-income-taxes,income-after-taxes,income-from-continuous-operations,net-income,ebitda,ebit,basic-shares-outstanding,shares-outstanding,eps-basic-net-earnings-per-share,eps-earnings-per-share-diluted,cash-on-hand,inventory,other-current-assets,total-current-assets,net-property-plant-equipment,long-term-investments,goodwill-intangible-assets-total,other-long-term-assets,total-long-term-assets,total-assets,total-current-liabilities,long-term-debt,other-non-current-liabilities,total-long-term-liabilities,total-liabilities,common-stock-net,retained-earnings-accumulated-deficit,comprehensive-income,total-share-holder-equity,total-liabilities-share-holders-equity,net-income-loss,total-depreciation-amortization-cash-flow,other-non-cash-items,total-non-cash-items,change-in-accounts-receivable,change-in-inventories,change-in-accounts-payable,change-in-assets-liabilities,total-change-in-assets-liabilities,cash-flow-from-operating-activities,net-change-in-property-plant-equipment,net-change-in-intangible-assets,net-acquisitions-divestitures,net-change-in-short-term-investments,net-change-in-long-term-investments,net-change-in-investments-total,investing-activities-other,cash-flow-from-investing-activities,net-long-term-debt,net-current-debt,debt-issuance-retirement-net-total,net-common-equity-issued-repurchased,net-total-equity-issued-repurchased,total-common-preferred-stock-dividends-paid,financial-activities-other,cash-flow-from-financial-activities,net-cash-flow,stock-based-compensation,common-stock-dividends-paid
0,2018-09-30,19.35,$18.80,1.03,$232.10,0.08,$-2.13,0.0,$2.11,9.17,$1.86B,$1.81B,1.03,$0.96B,$0.80B,1.19,$10.05B,$1.46B,14.52%,$10.05B,$0.20B,1.95%,$10.05B,$0.20B,1.95%,$10.05B,$0.29B,2.92%,$10.05B,$0.10B,0.98%,$10.05B,$0.09B,0.92%,$0.09B,$0.80B,11.69%,$0.09B,$0.22B,47.06%,$0.09B,$3.70B,2.45%,$0.20B,$1.76B,11.19%,$2471,$2110,$361,$0,$289,$2423,$48,$-26,$23,$7,$15,$15,$15,$72,$48,$43,43,$0.35,$0.35,$8,$1475,$31,$1864,$1207,$0,$582,$51,$1840,$3704,$1813,$958,$79,$1087,$2900,$1,$651,$5,$804,$3704,$30,$73,$-19,$54,$150,$-20,$-7,$-52,$72,$155,$-121,$0,$122,$0,$0,$0,$0,$1,$-10,$-114,$-124,$-24,$-24,$-7,$-0,$-155,$1,$11,$-7
1,2018-06-30,20.6,$18.43,1.12,$231.83,0.09,$-2.79,0.0,$2.20,9.36,$1.91B,$1.85B,1.03,$0.93B,$0.79B,1.19,$10.08B,$1.46B,14.49%,$10.08B,$0.20B,2.02%,$10.08B,$0.20B,2.02%,$10.08B,$0.30B,2.98%,$10.08B,$0.11B,1.08%,$10.08B,$0.10B,0.95%,$0.10B,$0.79B,12.52%,$0.10B,$0.21B,56.64%,$0.10B,$3.71B,2.57%,$0.20B,$1.72B,11.69%,$2506,$2143,$362,$0,$277,$2455,$51,$-25,$25,$8,$17,$17,$17,$75,$51,$43,43,$0.40,$0.39,$8,$1528,$26,$1910,$1163,$0,$582,$50,$1795,$3705,$1847,$933,$88,$1071,$2918,$1,$639,$5,$787,$3705,$15,$49,$-25,$25,$151,$-73,$-20,$-59,$-1,$38,$-87,$0,$122,$0,$0,$0,$0,$35,$3,$-46,$-44,$-23,$-23,$-5,$-0,$-72,$2,$6,$-5
2,2018-03-31,18.9,$18.02,1.05,$227.13,0.08,$-2.27,0.0,$2.08,9.09,$1.96B,$1.89B,1.04,$1.01B,$0.77B,1.31,$9.98B,$1.46B,14.63%,$9.98B,$0.20B,1.95%,$9.98B,$0.20B,1.95%,$9.98B,$0.29B,2.91%,$9.98B,$0.10B,1.04%,$9.98B,$0.09B,0.91%,$0.09B,$0.77B,12.17%,$0.09B,$0.17B,57.32%,$0.09B,$3.79B,2.45%,$0.20B,$1.77B,11.37%,$2401,$2048,$352,$0,$305,$2381,$20,$-24,$-4,$-2,$-2,$-2,$-2,$45,$20,$43,43,$-0.05,$-0.05,$9,$1551,$31,$1959,$1179,$0,$600,$52,$1830,$3788,$1887,$1005,$74,$1133,$3020,$1,$625,$4,$769,$3788,$-2,$24,$9,$34,$121,$-43,$-22,$-33,$23,$55,$-64,$0,$7,$0,$0,$0,$0,$-56,$8,$21,$29,$-23,$-23,$-2,$-0,$4,$3,$3,$-2
3,2017-12-31,18.34,$18.21,1.01,$222.10,0.08,$-1.98,0.0,$2.12,8.65,$2.02B,$1.96B,1.03,$0.96B,$0.79B,1.23,$9.87B,$1.46B,14.78%,$9.87B,$0.21B,2.14%,$9.87B,$0.21B,2.14%,$9.87B,$0.30B,3.07%,$9.87B,$0.11B,1.09%,$9.87B,$0.09B,0.93%,$0.09B,$0.79B,12.50%,$0.09B,$0.19B,57.86%,$0.09B,$3.82B,2.51%,$0.21B,$1.75B,12.58%,$2668,$2284,$384,$0,$278,$2591,$77,$-23,$54,$-8,$62,$62,$62,$101,$77,$44,44,$1.40,$1.39,$6,$1513,$19,$2020,$1147,$0,$600,$51,$1799,$3819,$1955,$963,$62,$1077,$3032,$1,$625,$1,$787,$3819,$93,$92,$-0,$92,$-53,$57,$17,$-43,$-22,$163,$-234,$0,$-38,$0,$0,$0,$0,$-272,$55,$109,$163,$-37,$-37,$-9,$-5,$112,$3,$11,$-9
4,2017-09-30,20.23,$16.74,1.21,$217.61,0.09,$-0.14,0.0,$1.53,13.22,$1.83B,$1.73B,1.06,$1.02B,$0.72B,1.41,$9.76B,$1.45B,14.82%,$9.76B,$0.22B,2.22%,$9.76B,$0.22B,2.22%,$9.76B,$0.31B,3.14%,$9.76B,$0.12B,1.19%,$9.76B,$0.07B,0.70%,$0.07B,$0.72B,9.43%,$0.07B,$0.12B,43.73%,$0.07B,$3.62B,1.87%,$0.22B,$1.74B,13.30%,$2506,$2143,$363,$0,$284,$2450,$56,$-22,$34,$14,$20,$20,$19,$79,$56,$43,44,$0.45,$0.44,$13,$1390,$18,$1833,$1121,$0,$605,$56,$1782,$3615,$1732,$1016,$64,$1160,$2892,$1,$566,$-0,$723,$3615,$31,$68,$24,$92,$24,$191,$-14,$-136,$65,$188,$-182,$0,$-54,$0,$0,$0,$0,$-236,$46,$60,$106,$-37,$-37,$-7,$-5,$58,$10,$9,$-7
5,2017-06-30,19.24,$16.27,1.18,$216.81,0.09,$1.64,11.72,$1.49,12.91,$1.96B,$1.91B,1.03,$0.89B,$0.71B,1.24,$9.81B,$1.44B,14.70%,$9.81B,$0.21B,2.16%,$9.81B,$0.21B,2.16%,$9.81B,$0.30B,3.05%,$9.81B,$0.11B,1.15%,$9.81B,$0.07B,0.68%,$0.07B,$0.71B,9.42%,$0.07B,$0.16B,42.14%,$0.07B,$3.65B,1.87%,$0.21B,$1.60B,13.43%,$2406,$2045,$361,$0,$294,$2364,$42,$-22,$20,$8,$12,$12,$12,$65,$42,$45,45,$0.27,$0.27,$4,$1622,$44,$1960,$1087,$0,$551,$46,$1685,$3645,$1905,$887,$63,$1027,$2932,$1,$548,$-1,$713,$3645,$12,$45,$26,$71,$144,$-52,$-14,$-68,$11,$93,$-121,$0,$0,$0,$0,$0,$0,$-121,$60,$4,$64,$-26,$-26,$-4,$-5,$29,$1,$6,$-4
6,2017-03-31,19.78,$16.06,1.23,$215.00,0.09,$2.24,8.84,$1.72,11.5,$1.95B,$1.85B,1.05,$0.90B,$0.72B,1.24,$9.79B,$1.43B,14.66%,$9.79B,$0.23B,2.32%,$9.79B,$0.23B,2.32%,$9.79B,$0.31B,3.18%,$9.79B,$0.13B,1.34%,$9.79B,$0.08B,0.80%,$0.08B,$0.72B,11.12%,$0.08B,$0.17B,52.26%,$0.08B,$3.61B,2.20%,$0.23B,$1.62B,14.56%,$2288,$1937,$350,$0,$292,$2251,$36,$-36,$0,$0,$-0,$-0,$-1,$58,$36,$45,45,$-0.01,$-0.01,$7,$1601,$42,$1946,$1063,$0,$552,$46,$1661,$3608,$1848,$897,$61,$1037,$2885,$1,$538,$-1,$722,$3608,$-1,$22,$18,$40,$133,$-30,$-10,$-53,$40,$79,$-76,$0,$0,$0,$0,$0,$0,$-76,$54,$-44,$10,$-4,$-4,$-2,$-4,$-1,$3,$3,$-2
7,2016-12-31,22.54,$16.21,1.39,$211.34,0.11,$3.49,6.45,$2.04,11.05,$2.03B,$1.94B,1.05,$0.84B,$0.73B,1.16,$9.73B,$1.43B,14.68%,$9.73B,$0.23B,2.39%,$9.73B,$0.23B,2.39%,$9.73B,$0.32B,3.24%,$9.73B,$0.16B,1.59%,$9.73B,$0.09B,0.97%,$0.09B,$0.73B,13.67%,$0.09B,$0.17B,69.50%,$0.09B,$3.64B,2.68%,$0.23B,$1.57B,15.28%,$2557,$2185,$372,$0,$267,$2474,$83,$-20,$62,$24,$38,$38,$38,$104,$83,$46,46,$0.83,$0.82,$3,$1571,$27,$2031,$1010,$0,$553,$45,$1608,$3639,$1937,$840,$61,$977,$2914,$1,$541,$-2,$725,$3639,$93,$81,$35,$116,$-63,$36,$15,$20,$7,$216,$-205,$0,$-16,$0,$0,$0,$0,$-221,$72,$46,$118,$-100,$-100,$-9,$-6,$4,$-1,$11,$-9
8,2016-09-30,18.46,$15.28,1.21,$204.25,0.09,$1.24,14.91,$1.83,10.09,$1.86B,$1.75B,1.06,$0.84B,$0.69B,1.23,$9.65B,$1.42B,14.73%,$9.65B,$0.22B,2.28%,$9.65B,$0.22B,2.28%,$9.65B,$0.30B,3.11%,$9.65B,$0.15B,1.50%,$9.65B,$0.09B,0.90%,$0.09B,$0.69B,12.63%,$0.09B,$0.13B,63.74%,$0.09B,$3.43B,2.50%,$0.22B,$1.53B,14.56%,$2558,$2199,$359,$0,$282,$2507,$51,$-20,$31,$12,$19,$19,$18,$72,$51,$45,45,$0.40,$0.40,$3,$1511,$44,$1857,$978,$0,$554,$40,$1572,$3429,$1753,$843,$67,$991,$2744,$1,$506,$-8,$685,$3429,$56,$60,$24,$84,$86,$95,$-11,$-67,$102,$242,$-154,$0,$-16,$0,$0,$0,$0,$-170,$74,$-41,$33,$-97,$-97,$-6,$-1,$-72,$-1,$8,$-6
9,2016-06-30,16.75,$14.85,1.13,$196.98,0.09,$-0.58,0.0,$1.95,8.59,$1.97B,$1.83B,1.07,$0.85B,$0.68B,1.26,$9.58B,$1.42B,14.84%,$9.58B,$0.23B,2.42%,$9.58B,$0.23B,2.42%,$9.58B,$0.31B,3.22%,$9.58B,$0.16B,1.66%,$9.58B,$0.10B,0.99%,$0.10B,$0.68B,13.75%,$0.10B,$0.12B,68.72%,$0.10B,$3.51B,2.75%,$0.23B,$1.52B,15.45%,$2382,$2029,$353,$0,$277,$2325,$57,$-19,$38,$15,$23,$23,$23,$77,$57,$46,46,$0.50,$0.50,$2,$1590,$61,$1967,$952,$0,$552,$40,$1544,$3511,$1834,$849,$71,$1002,$2836,$1,$490,$-10,$675,$3511,$37,$39,$17,$56,$70,$9,$-7,$-60,$13,$107,$-108,$0,$0,$0,$0,$0,$0,$-108,$67,$26,$92,$-87,$-87,$-4,$-1,$0,$-1,$6,$-4
10,2016-03-31,18.04,$14.43,1.25,$192.55,0.09,$-1.09,0.0,$1.74,10.37,$1.93B,$1.80B,1.07,$0.82B,$0.67B,1.23,$9.62B,$1.43B,14.81%,$9.62B,$0.22B,2.27%,$9.62B,$0.22B,2.27%,$9.62B,$0.29B,3.04%,$9.62B,$0.15B,1.52%,$9.62B,$0.09B,0.90%,$0.09B,$0.67B,12.55%,$0.09B,$0.11B,62.03%,$0.09B,$3.43B,2.57%,$0.22B,$1.48B,14.66%,$2235,$1889,$345,$0,$284,$2192,$42,$-19,$24,$9,$14,$14,$15,$62,$42,$47,47,$0.31,$0.31,$2,$1594,$57,$1931,$908,$0,$552,$40,$1500,$3431,$1804,$817,$67,$961,$2765,$1,$469,$-9,$666,$3431,$15,$19,$7,$26,$101,$6,$-6,$-38,$63,$104,$-41,$0,$0,$0,$0,$0,$0,$-41,$29,$-17,$12,$-74,$-74,$-2,$-1,$-65,$-1,$3,$-2
11,2015-12-31,22.16,$14.60,1.52,$188.62,0.12,$-2.48,0.0,$1.70,13.04,$2.08B,$1.92B,1.09,$0.78B,$0.73B,1.07,$9.63B,$1.42B,14.70%,$9.63B,$0.22B,2.25%,$9.63B,$0.22B,2.25%,$9.63B,$0.29B,3.01%,$9.63B,$0.15B,1.52%,$9.63B,$0.09B,0.89%,$0.09B,$0.73B,12.38%,$0.09B,$0.18B,61.54%,$0.09B,$3.56B,2.60%,$0.22B,$1.51B,14.73%,$2471,$2107,$364,$0,$275,$2401,$70,$-18,$52,$20,$32,$32,$31,$89,$70,$50,51,$0.62,$0.62,$4,$1600,$101,$2083,$887,$0,$552,$40,$1479,$3562,$1915,$781,$64,$919,$2833,$1,$457,$-6,$729,$3562,$86,$72,$44,$116,$-9,$-291,$5,$162,$-133,$70,$-172,$0,$8,$0,$0,$0,$0,$-164,$50,$78,$128,$-34,$-34,$-5,$5,$94,$-1,$10,$-5
12,2015-09-30,19.85,$13.88,1.43,$184.80,0.11,$0.08,258.85,$1.58,12.57,$1.82B,$1.66B,1.1,$0.80B,$0.69B,1.15,$9.51B,$1.40B,14.72%,$9.51B,$0.21B,2.20%,$9.51B,$0.21B,2.20%,$9.51B,$0.28B,2.93%,$9.51B,$0.14B,1.46%,$9.51B,$0.08B,0.85%,$0.08B,$0.69B,11.92%,$0.08B,$0.14B,66.26%,$0.08B,$3.29B,2.52%,$0.21B,$1.49B,14.47%,$2494,$2134,$360,$0,$280,$2431,$63,$-18,$45,$18,$27,$27,$26,$81,$63,$50,51,$0.53,$0.52,$2,$1422,$99,$1824,$860,$0,$555,$54,$1468,$3292,$1657,$796,$74,$943,$2599,$1,$428,$-9,$693,$3292,$55,$53,$43,$96,$77,$-111,$-16,$30,$-20,$132,$-126,$0,$1,$0,$0,$0,$0,$-125,$51,$-26,$25,$-30,$-30,$-4,$0,$-9,$-2,$7,$-4
13,2015-06-30,23.14,$13.51,1.71,$180.49,0.13,$1.33,17.37,$1.53,15.13,$1.84B,$1.67B,1.1,$0.78B,$0.69B,1.14,$9.37B,$1.38B,14.73%,$9.37B,$0.20B,2.17%,$9.37B,$0.20B,2.17%,$9.37B,$0.27B,2.88%,$9.37B,$0.13B,1.43%,$9.37B,$0.08B,0.85%,$0.08B,$0.69B,11.95%,$0.08B,$0.13B,71.59%,$0.08B,$3.28B,2.55%,$0.20B,$1.47B,14.24%,$2424,$2068,$356,$0,$285,$2381,$43,$-18,$25,$10,$15,$15,$15,$61,$43,$51,51,$0.29,$0.29,$4,$1441,$82,$1835,$830,$0,$555,$56,$1440,$3275,$1673,$781,$70,$917,$2590,$1,$403,$-6,$685,$3275,$29,$35,$31,$66,$66,$-129,$-24,$48,$-40,$54,$-82,$0,$1,$0,$0,$0,$0,$-81,$37,$4,$41,$-13,$-13,$-3,$0,$26,$-1,$5,$-3
14,2015-03-31,24.16,$13.22,1.83,$177.52,0.14,$2.05,11.8,$1.75,13.8,$1.68B,$1.56B,1.08,$0.76B,$0.67B,1.13,$9.30B,$1.37B,14.75%,$9.30B,$0.22B,2.41%,$9.30B,$0.22B,2.41%,$9.30B,$0.29B,3.10%,$9.30B,$0.15B,1.66%,$9.30B,$0.09B,0.99%,$0.09B,$0.67B,13.90%,$0.09B,$0.11B,88.04%,$0.09B,$3.12B,2.98%,$0.22B,$1.43B,15.86%,$2236,$1901,$335,$0,$271,$2194,$41,$-18,$24,$9,$14,$14,$14,$59,$41,$51,51,$0.27,$0.27,$4,$1280,$84,$1683,$823,$0,$560,$56,$1439,$3122,$1561,$756,$71,$889,$2450,$1,$389,$-7,$672,$3122,$14,$17,$13,$30,$57,$32,$-21,$-67,$-0,$44,$-46,$0,$0,$0,$0,$0,$0,$-46,$21,$-9,$12,$-9,$-9,$-1,$0,$2,$-0,$2,$-1
15,2014-12-31,26.2,$13.09,2.0,$174.38,0.15,$2.00,13.11,$1.84,14.24,$1.77B,$1.65B,1.07,$0.73B,$0.67B,1.09,$9.20B,$1.37B,14.84%,$9.20B,$0.23B,2.54%,$9.20B,$0.23B,2.54%,$9.20B,$0.30B,3.21%,$9.20B,$0.16B,1.76%,$9.20B,$0.10B,1.05%,$0.10B,$0.67B,14.91%,$0.10B,$0.11B,104.86%,$0.10B,$3.17B,3.17%,$0.23B,$1.39B,16.67%,$2352,$2003,$348,$0,$264,$2289,$62,$-17,$45,$18,$27,$27,$26,$78,$62,$52,53,$0.51,$0.50,$4,$1312,$81,$1769,$799,$0,$560,$40,$1399,$3168,$1647,$728,$69,$855,$2502,$1,$376,$-6,$667,$3168,$97,$62,$30,$92,$-2,$-56,$0,$30,$-28,$161,$-132,$0,$24,$0,$0,$0,$0,$-108,$25,$-20,$5,$-50,$-50,$-5,$-2,$-52,$1,$8,$-5
16,2014-09-30,23.73,$12.70,1.87,$173.37,0.14,$0.88,27.05,$1.87,12.69,$1.63B,$1.44B,1.13,$0.76B,$0.65B,1.16,$9.16B,$1.36B,14.80%,$9.16B,$0.23B,2.52%,$9.16B,$0.23B,2.52%,$9.16B,$0.29B,3.19%,$9.16B,$0.16B,1.71%,$9.16B,$0.10B,1.08%,$0.10B,$0.65B,15.54%,$0.10B,$0.10B,126.92%,$0.10B,$2.98B,3.27%,$0.23B,$1.41B,16.61%,$2356,$2014,$341,$0,$270,$2299,$57,$-17,$40,$15,$25,$25,$25,$72,$57,$52,53,$0.47,$0.47,$2,$1203,$152,$1628,$742,$0,$557,$58,$1356,$2984,$1440,$759,$71,$891,$2330,$1,$352,$-5,$654,$2984,$71,$46,$16,$62,$97,$52,$-22,$-104,$23,$156,$-84,$0,$36,$0,$0,$0,$0,$-47,$25,$-92,$-66,$-37,$-37,$-4,$-3,$-110,$-1,$6,$-4
17,2014-06-30,25.8,$12.43,2.08,$170.92,0.15,$0.52,49.31,$1.84,14.02,$1.75B,$1.54B,1.14,$0.76B,$0.65B,1.16,$9.05B,$1.34B,14.82%,$9.05B,$0.23B,2.56%,$9.05B,$0.23B,2.56%,$9.05B,$0.29B,3.24%,$9.05B,$0.16B,1.72%,$9.05B,$0.10B,1.07%,$0.10B,$0.65B,15.65%,$0.10B,$0.10B,168.70%,$0.10B,$3.07B,3.23%,$0.23B,$1.42B,16.97%,$2353,$2006,$347,$0,$269,$2290,$64,$-19,$45,$18,$27,$27,$27,$79,$64,$53,53,$0.51,$0.51,$3,$1302,$154,$1753,$713,$0,$552,$54,$1318,$3071,$1536,$761,$76,$881,$2417,$1,$328,$-8,$654,$3071,$46,$31,$11,$42,$63,$-45,$-34,$-18,$-34,$54,$-45,$0,$25,$0,$0,$0,$0,$-20,$32,$-56,$-23,$-9,$-9,$-3,$0,$-34,$-0,$4,$-3
18,2014-03-31,21.72,$11.92,1.82,$168.06,0.13,$-0.75,0.0,$1.50,14.48,$1.69B,$1.50B,1.13,$0.77B,$0.63B,1.22,$8.90B,$1.32B,14.82%,$8.90B,$0.23B,2.60%,$8.90B,$0.23B,2.60%,$8.90B,$0.29B,3.27%,$8.90B,$0.13B,1.41%,$8.90B,$0.08B,0.89%,$0.08B,$0.63B,13.29%,$0.08B,$0.06B,201.27%,$0.08B,$3.01B,2.67%,$0.23B,$1.39B,17.37%,$2136,$1807,$329,$0,$264,$2086,$51,$-18,$32,$12,$20,$20,$19,$66,$51,$52,53,$0.37,$0.36,$2,$1270,$113,$1689,$701,$0,$564,$52,$1317,$3005,$1498,$765,$78,$880,$2378,$1,$302,$-8,$627,$3005,$19,$15,$8,$23,$50,$12,$-25,$-66,$-28,$14,$-19,$0,$1,$0,$0,$0,$0,$-18,$37,$-25,$12,$-8,$-8,$-1,$0,$3,$-1,$2,$-1
19,2013-12-31,23.63,$11.64,2.03,$167.06,0.14,$-0.10,0.0,$1.54,15.34,$1.73B,$1.60B,1.09,$0.73B,$0.61B,1.19,$8.84B,$1.30B,14.73%,$8.84B,$0.24B,2.66%,$8.84B,$0.24B,2.66%,$8.84B,$0.29B,3.31%,$8.84B,$0.13B,1.46%,$8.84B,$0.08B,0.92%,$0.08B,$0.61B,14.14%,$0.08B,$0.05B,294.55%,$0.08B,$3.05B,2.82%,$0.24B,$1.34B,18.47%,$2315,$1977,$339,$0,$255,$2256,$59,$-19,$40,$11,$30,$30,$28,$75,$59,$53,53,$0.53,$0.52,$3,$1282,$93,$1732,$702,$0,$564,$53,$1319,$3051,$1595,$730,$81,$843,$2438,$1,$284,$-9,$614,$3051,$82,$58,$70,$129,$-9,$-79,$-12,$16,$-84,$126,$-157,$0,$-88,$0,$0,$0,$1,$-245,$101,$40,$141,$-15,$-15,$-4,$-5,$118,$-0,$7,$-4
20,2013-09-30,22.94,$11.06,2.07,$159.56,0.14,$-2.21,0.0,$1.56,14.71,$1.58B,$1.45B,1.08,$0.73B,$0.58B,1.26,$8.72B,$1.28B,14.65%,$8.72B,$0.24B,2.77%,$8.72B,$0.24B,2.77%,$8.72B,$0.30B,3.40%,$8.72B,$0.13B,1.54%,$8.72B,$0.08B,0.94%,$0.08B,$0.58B,14.88%,$0.08B,$0.02B,520.63%,$0.08B,$2.90B,2.92%,$0.24B,$1.32B,19.75%,$2242,$1916,$326,$0,$255,$2184,$58,$-19,$39,$14,$25,$25,$23,$73,$58,$53,53,$0.44,$0.44,$9,$1229,$65,$1575,$701,$0,$568,$52,$1321,$2896,$1454,$734,$92,$858,$2312,$1,$258,$-12,$584,$2896,$54,$42,$53,$95,$83,$-25,$-38,$13,$32,$181,$-127,$0,$-88,$0,$0,$0,$1,$-215,$104,$-44,$60,$-13,$-13,$-3,$-5,$40,$6,$6,$-3
21,2013-06-30,20.35,$10.47,1.94,$153.25,0.13,$-3.58,0.0,$1.30,15.66,$1.63B,$1.49B,1.1,$0.71B,$0.55B,1.29,$8.60B,$1.26B,14.59%,$8.60B,$0.24B,2.80%,$8.60B,$0.24B,2.80%,$8.60B,$0.29B,3.42%,$8.60B,$0.12B,1.34%,$8.60B,$0.07B,0.80%,$0.07B,$0.55B,12.66%,$0.07B,$0.03B,372.97%,$0.07B,$2.87B,2.55%,$0.24B,$1.27B,20.42%,$2202,$1879,$324,$0,$248,$2140,$63,$-48,$14,$6,$9,$9,$9,$77,$63,$53,53,$0.17,$0.17,$3,$1250,$82,$1630,$660,$0,$524,$57,$1241,$2871,$1486,$713,$94,$833,$2319,$1,$236,$-12,$553,$2871,$30,$28,$43,$70,$58,$-72,$-63,$7,$-70,$30,$-89,$0,$0,$0,$0,$0,$1,$-88,$86,$-9,$77,$-13,$-13,$-1,$-5,$58,$-0,$3,$-1
22,2013-03-31,21.31,$10.22,2.08,$145.06,0.15,$-3.76,0.0,$1.57,13.57,$1.48B,$1.41B,1.05,$0.62B,$0.54B,1.15,$8.52B,$1.24B,14.60%,$8.52B,$0.24B,2.82%,$8.52B,$0.24B,2.82%,$8.52B,$0.29B,3.43%,$8.52B,$0.14B,1.67%,$8.52B,$0.09B,1.03%,$0.09B,$0.54B,16.08%,$0.09B,$0.02B,525.37%,$0.09B,$2.69B,3.37%,$0.24B,$1.16B,21.13%,$2083,$1770,$313,$0,$246,$2028,$55,$-19,$36,$14,$22,$22,$21,$68,$55,$53,53,$0.40,$0.40,$4,$1142,$47,$1475,$642,$0,$524,$47,$1213,$2688,$1406,$620,$102,$740,$2147,$1,$228,$-18,$541,$2688,$21,$13,$9,$22,$64,$36,$-48,$-7,$46,$89,$-59,$0,$0,$0,$0,$0,$0,$-59,$16,$-37,$-21,$-8,$-8,$0,$0,$-29,$1,$1,$0
23,2012-12-31,20.06,$9.89,2.03,$135.62,0.15,$-5.11,0.0,$1.52,13.2,$1.61B,$1.52B,1.06,$0.61B,$0.53B,1.16,$8.37B,$1.24B,14.76%,$8.37B,$0.24B,2.88%,$8.37B,$0.24B,2.88%,$8.37B,$0.29B,3.51%,$8.37B,$0.14B,1.69%,$8.37B,$0.09B,1.04%,$0.09B,$0.53B,15.87%,$0.09B,$0.00B,632.73%,$0.09B,$2.78B,3.42%,$0.24B,$1.14B,21.56%,$2189,$1875,$314,$0,$237,$2124,$65,$-20,$45,$17,$29,$29,$29,$78,$65,$54,60,$0.54,$0.53,$3,$1178,$84,$1611,$595,$0,$525,$46,$1166,$2777,$1524,$611,$104,$726,$2250,$1,$208,$-20,$527,$2777,$89,$53,$42,$95,$-42,$-348,$21,$117,$-252,$-67,$-95,$0,$72,$0,$0,$0,$1,$-22,$48,$131,$179,$-81,$-81,$-7,$-1,$91,$1,$5,$-7
24,2012-09-30,18.2,$9.89,1.84,$131.51,0.14,$-2.49,0.0,$1.32,13.79,$1.36B,$1.22B,1.11,$0.60B,$0.56B,1.07,$8.25B,$1.23B,14.86%,$8.25B,$0.23B,2.78%,$8.25B,$0.23B,2.78%,$8.25B,$0.28B,3.41%,$8.25B,$0.13B,1.54%,$8.25B,$0.08B,0.96%,$0.08B,$0.56B,14.44%,$0.08B,$0.03B,1019.35%,$0.08B,$2.50B,3.25%,$0.23B,$1.16B,20.85%,$2128,$1823,$304,$0,$235,$2070,$58,$-38,$20,$8,$12,$12,$10,$71,$58,$55,59,$0.18,$0.18,$62,$1033,$19,$1355,$568,$0,$533,$48,$1148,$2503,$1224,$599,$121,$720,$1944,$1,$179,$-22,$559,$2503,$59,$40,$35,$75,$63,$-195,$-44,$78,$-99,$35,$-56,$0,$52,$0,$0,$0,$1,$-4,$36,$14,$50,$-15,$-15,$-4,$-3,$29,$61,$4,$-4
25,2012-06-30,13.09,$10.57,1.24,$124.85,0.1,$-1.65,0.0,$1.47,8.9,$1.32B,$1.26B,1.05,$0.53B,$0.56B,0.94,$8.05B,$1.22B,15.10%,$8.05B,$0.23B,2.81%,$8.05B,$0.23B,2.81%,$8.05B,$0.28B,3.47%,$8.05B,$0.14B,1.74%,$8.05B,$0.09B,1.09%,$0.09B,$0.56B,16.49%,$0.09B,$0.02B,-977.78%,$0.09B,$2.47B,3.73%,$0.23B,$1.09B,21.02%,$2122,$1809,$313,$0,$240,$2060,$62,$-21,$41,$12,$29,$29,$28,$75,$62,$53,64,$0.53,$0.47,$6,$1033,$21,$1324,$561,$0,$540,$45,$1146,$2470,$1262,$525,$121,$646,$1908,$1,$170,$-21,$562,$2470,$49,$27,$15,$42,$39,$-181,$-24,$27,$-139,$-48,$-34,$0,$24,$0,$0,$0,$1,$-10,$-24,$88,$64,$-1,$-1,$-3,$2,$61,$4,$3,$-3
26,2012-03-31,17.11,$10.27,1.67,$120.95,0.14,$-0.21,0.0,$1.38,12.4,$1.26B,$1.20B,1.05,$0.55B,$0.55B,1.0,$7.87B,$1.21B,15.35%,$7.87B,$0.22B,2.83%,$7.87B,$0.22B,2.83%,$7.87B,$0.28B,3.51%,$7.87B,$0.14B,1.73%,$7.87B,$0.08B,1.03%,$0.08B,$0.55B,15.66%,$0.08B,$0.01B,-297.25%,$0.08B,$2.42B,3.52%,$0.22B,$1.09B,20.72%,$1927,$1623,$304,$0,$237,$1871,$56,$-21,$35,$14,$21,$21,$20,$70,$56,$52,64,$0.39,$0.35,$2,$986,$20,$1263,$554,$0,$540,$58,$1152,$2416,$1202,$545,$123,$668,$1870,$1,$144,$-20,$545,$2416,$20,$15,$-3,$12,$49,$-131,$-5,$16,$-72,$-39,$-11,$0,$20,$0,$0,$0,$1,$9,$8,$23,$31,$-1,$-1,$-1,$1,$30,$0,$0,$-1
27,2011-12-31,14.12,$9.93,1.42,$118.60,0.12,$-0.51,0.0,$1.29,10.95,$1.18B,$1.15B,1.03,$0.54B,$0.52B,1.03,$7.76B,$1.19B,15.35%,$7.76B,$0.22B,2.77%,$7.76B,$0.22B,2.77%,$7.76B,$0.27B,3.45%,$7.76B,$0.13B,1.64%,$7.76B,$0.08B,0.98%,$0.08B,$0.52B,15.18%,$0.08B,$-0.02B,-166.12%,$0.08B,$2.34B,3.34%,$0.22B,$1.06B,20.03%,$2071,$1766,$305,$0,$241,$2018,$53,$-22,$31,$11,$20,$20,$21,$65,$53,$52,64,$0.39,$0.35,$2,$863,$9,$1184,$552,$0,$545,$54,$1151,$2335,$1151,$536,$124,$662,$1812,$1,$124,$-21,$523,$2335,$76,$52,$40,$92,$-65,$40,$25,$-15,$-15,$154,$-158,$0,$0,$0,$0,$0,$1,$-157,$-19,$16,$-3,$-10,$-10,$-5,$2,$-17,$-20,$4,$-5
28,2011-09-30,10.27,$9.59,1.07,$114.42,0.09,$2.14,4.8,$1.94,5.29,$1.04B,$1.02B,1.02,$0.56B,$0.51B,1.11,$7.54B,$1.17B,15.54%,$7.54B,$0.21B,2.83%,$7.54B,$0.21B,2.83%,$7.54B,$0.27B,3.53%,$7.54B,$0.12B,1.65%,$7.54B,$0.12B,1.58%,$0.12B,$0.51B,24.49%,$0.12B,$-0.04B,-195.08%,$0.12B,$2.21B,5.27%,$0.21B,$1.07B,20.07%,$1926,$1633,$293,$0,$229,$1872,$55,$-22,$33,$13,$20,$20,$19,$69,$55,$52,66,$0.37,$0.33,$2,$816,$24,$1041,$542,$0,$546,$82,$1171,$2212,$1018,$560,$129,$689,$1707,$1,$105,$-22,$505,$2212,$56,$41,$5,$46,$39,$88,$-1,$-60,$66,$167,$-135,$0,$0,$0,$0,$0,$1,$-135,$-9,$-33,$-42,$-9,$-9,$-4,$1,$-53,$-20,$0,$-4
29,2011-06-30,13.91,$9.36,1.49,$111.90,0.12,$4.61,3.02,$1.84,7.56,$1.09B,$1.02B,1.07,$0.60B,$0.50B,1.2,$7.38B,$1.16B,15.72%,$7.38B,$0.21B,2.78%,$7.38B,$0.21B,2.78%,$7.38B,$0.26B,3.47%,$7.38B,$0.11B,1.53%,$7.38B,$0.11B,1.53%,$0.11B,$0.50B,24.63%,$0.11B,$-0.05B,-127.32%,$0.11B,$2.25B,5.09%,$0.21B,$1.09B,19.97%,$1946,$1640,$306,$0,$237,$1887,$59,$-22,$37,$14,$23,$23,$21,$72,$59,$52,66,$0.40,$0.35,$2,$862,$29,$1092,$530,$0,$547,$77,$1154,$2246,$1020,$596,$134,$730,$1750,$1,$87,$-20,$496,$2246,$36,$27,$4,$31,$40,$42,$19,$-46,$55,$122,$-112,$0,$0,$0,$0,$0,$1,$-112,$50,$-75,$-25,$-4,$-4,$-3,$1,$-30,$-20,$0,$-3
30,2011-03-31,13.27,$9.04,1.47,$108.56,0.12,$7.26,1.83,$1.65,8.04,$1.18B,$1.11B,1.06,$0.60B,$0.48B,1.25,$7.16B,$1.14B,15.88%,$7.16B,$0.19B,2.71%,$7.16B,$0.19B,2.71%,$7.16B,$0.24B,3.41%,$7.16B,$0.09B,1.29%,$7.16B,$0.10B,1.40%,$0.10B,$0.48B,23.22%,$0.10B,$-0.07B,-85.11%,$0.10B,$2.32B,4.58%,$0.19B,$1.08B,19.66%,$1818,$1531,$287,$0,$229,$1770,$48,$-22,$26,$10,$16,$16,$15,$62,$48,$52,66,$0.28,$0.26,$2,$931,$32,$1181,$516,$0,$547,$75,$1138,$2319,$1112,$599,$130,$729,$1840,$1,$67,$-17,$478,$2319,$15,$13,$1,$14,$24,$-28,$17,$-24,$-10,$18,$-90,$0,$0,$0,$0,$0,$1,$-90,$52,$4,$56,$-3,$-3,$-1,$0,$52,$-19,$0,$-1
31,2010-12-31,12.51,$8.80,1.42,$110.34,0.11,$11.52,1.09,$1.47,8.51,$1.19B,$1.11B,1.08,$0.55B,$0.47B,1.18,$6.88B,$1.12B,16.20%,$6.88B,$0.18B,2.66%,$6.88B,$0.18B,2.66%,$6.88B,$0.23B,3.36%,$6.88B,$0.08B,1.13%,$6.88B,$0.09B,1.29%,$0.09B,$0.47B,21.99%,$0.09B,$-0.08B,-61.70%,$0.09B,$2.25B,4.09%,$0.18B,$1.01B,19.22%,$1845,$1560,$285,$0,$224,$1794,$51,$-22,$28,$-37,$66,$66,$64,$63,$51,$52,66,$1.22,$1.00,$22,$903,$26,$1190,$436,$0,$548,$76,$1060,$2251,$1106,$546,$134,$680,$1786,$1,$53,$-19,$465,$2251,$90,$48,$-11,$37,$-8,$-122,$16,$243,$128,$255,$-84,$0,$25,$0,$0,$0,$1,$-59,$-26,$-169,$-194,$1,$1,$0,$-11,$-205,$-8,$1,$0
32,2010-09-30,9.27,$7.52,1.23,$110.10,0.08,$15.49,0.6,$0.72,12.87,$1.07B,$1.00B,1.07,$0.53B,$0.40B,1.34,$6.58B,$1.08B,16.42%,$6.58B,$0.15B,2.29%,$6.58B,$0.15B,2.29%,$6.58B,$0.20B,3.10%,$6.58B,$0.03B,0.41%,$6.58B,$0.04B,0.59%,$0.04B,$0.40B,10.24%,$0.04B,$-0.15B,-23.08%,$0.04B,$2.07B,1.83%,$0.15B,$0.93B,16.25%,$1770,$1488,$282,$0,$226,$1724,$47,$-24,$22,$8,$14,$14,$13,$59,$47,$52,66,$0.25,$0.23,$11,$864,$29,$1070,$392,$0,$548,$62,$1002,$2072,$1003,$530,$144,$673,$1676,$1,$-10,$-24,$396,$2072,$26,$36,$14,$50,$66,$-83,$-27,$207,$162,$238,$-43,$0,$25,$0,$0,$0,$1,$-18,$-28,$-213,$-241,$0,$0,$0,$1,$-240,$-19,$0,$0
33,2010-06-30,8.07,$7.29,1.11,$109.00,0.07,$18.99,0.42,$0.66,12.23,$1.11B,$1.03B,1.08,$0.55B,$0.38B,1.43,$6.44B,$1.07B,16.66%,$6.44B,$0.16B,2.41%,$6.44B,$0.16B,2.41%,$6.44B,$0.21B,3.29%,$6.44B,$0.04B,0.65%,$6.44B,$0.04B,0.65%,$0.04B,$0.38B,11.37%,$0.04B,$-0.17B,-25.61%,$0.04B,$2.10B,1.99%,$0.16B,$0.93B,16.76%,$1722,$1440,$282,$0,$226,$1674,$48,$-32,$16,$7,$10,$10,$8,$60,$48,$52,66,$0.16,$0.16,$20,$869,$22,$1105,$386,$0,$550,$60,$996,$2101,$1025,$550,$142,$692,$1717,$1,$-23,$-22,$384,$2101,$13,$24,$13,$37,$39,$-78,$-21,$215,$155,$205,$-20,$0,$11,$0,$0,$0,$0,$-10,$-6,$-200,$-206,$0,$0,$0,$1,$-205,$-10,$0,$0
34,2010-03-31,10.37,$7.13,1.46,$118.92,0.09,$21.94,0.47,$0.50,20.74,$1.29B,$1.20B,1.07,$0.56B,$0.37B,1.5,$6.22B,$1.05B,16.89%,$6.22B,$0.15B,2.38%,$6.22B,$0.15B,2.38%,$6.22B,$0.21B,3.42%,$6.22B,$0.03B,0.51%,$6.22B,$0.03B,0.55%,$0.03B,$0.37B,10.34%,$0.03B,$-0.18B,-18.06%,$0.03B,$2.28B,1.61%,$0.15B,$0.94B,16.31%,$1544,$1278,$266,$0,$221,$1507,$37,$-25,$12,$5,$7,$7,$4,$49,$37,$52,53,$0.08,$0.08,$214,$830,$30,$1286,$382,$0,$551,$60,$992,$2279,$1203,$563,$139,$701,$1904,$1,$-31,$-21,$374,$2279,$4,$12,$3,$15,$18,$-36,$-9,$183,$155,$174,$-8,$0,$1,$0,$0,$0,$0,$-7,$208,$-191,$17,$-1,$-1,$0,$0,$17,$184,$0,$0
35,2009-12-31,9.8,$7.07,1.38,$123.73,0.08,$22.42,0.44,$0.46,21.3,$1.09B,$1.01B,1.08,$0.55B,$0.37B,1.5,$6.06B,$1.03B,17.04%,$6.06B,$0.15B,2.39%,$6.06B,$0.15B,2.39%,$6.06B,$0.21B,3.47%,$6.06B,$0.03B,0.46%,$6.06B,$0.03B,0.53%,$0.03B,$0.37B,11.05%,$0.03B,$-0.18B,-16.64%,$0.03B,$2.07B,1.53%,$0.15B,$0.92B,16.73%,$1546,$1295,$251,$0,$203,$1527,$19,$-42,$-23,$-52,$29,$29,$14,$36,$19,$44,56,$0.30,$0.41,$30,$795,$27,$1085,$382,$0,$550,$51,$983,$2069,$1007,$552,$141,$693,$1700,$1,$-35,$-22,$369,$2069,$32,$64,$40,$105,$23,$308,$-3,$-60,$268,$404,$-37,$0,$27,$0,$0,$0,$0,$-10,$-71,$-366,$-437,$101,$101,$-5,$-31,$-371,$23,$1,$-5
36,2009-09-30,9.9,$6.73,1.47,$143.24,0.07,$15.60,0.63,$-16.89,0.0,$1.12B,$0.99B,1.13,$0.56B,$0.35B,1.59,$6.41B,$1.09B,16.95%,$6.41B,$-0.63B,-9.74%,$6.41B,$-0.63B,-9.74%,$6.41B,$-0.56B,-8.75%,$6.41B,$-0.73B,-11.43%,$6.41B,$-0.67B,-10.43%,$-0.67B,$0.35B,-271.12%,$-0.67B,$-0.13B,334.92%,$-0.67B,$2.01B,-30.68%,$-0.63B,$0.91B,-91.11%,$1630,$1356,$274,$0,$214,$1578,$51,$-15,$37,$17,$20,$20,$16,$67,$51,$42,63,$0.37,$0.17,$108,$657,$193,$1121,$378,$0,$483,$23,$884,$2005,$988,$556,$110,$666,$1654,$1,$-49,$-27,$351,$2005,$17,$48,$2,$49,$69,$383,$41,$-117,$376,$443,$-34,$0,$23,$0,$0,$0,$0,$-11,$4,$-420,$-416,$102,$102,$-5,$-119,$-438,$-6,$0,$-5
37,2009-06-30,9.58,$5.31,1.8,$157.71,0.06,$10.09,0.95,$-17.63,0.0,$1.21B,$1.14B,1.06,$0.64B,$0.22B,2.92,$6.40B,$1.07B,16.75%,$6.40B,$-0.67B,-10.48%,$6.40B,$-0.67B,-10.48%,$6.40B,$-0.61B,-9.52%,$6.40B,$-0.79B,-12.38%,$6.40B,$-0.71B,-11.13%,$-0.71B,$0.22B,-185.18%,$-0.71B,$-0.26B,255.20%,$-0.71B,$2.10B,-28.86%,$-0.67B,$0.87B,-79.46%,$1501,$1241,$260,$0,$206,$1460,$41,$-34,$6,$3,$4,$4,$0,$61,$41,$41,42,$0.00,$0.00,$5,$790,$226,$1206,$379,$0,$483,$31,$894,$2100,$1135,$644,$100,$744,$1879,$1,$-65,$-25,$221,$2100,$2,$32,$9,$41,$47,$225,$32,$-81,$223,$265,$-26,$0,$21,$0,$0,$0,$0,$-5,$-19,$-226,$-245,$3,$3,$-5,$-15,$-262,$-2,$0,$-5
38,2009-03-31,1.51,$5.41,0.28,$165.83,0.01,$3.05,0.5,$-17.36,0.0,$1.40B,$1.35B,1.04,$0.56B,$0.22B,2.57,$6.70B,$1.09B,16.34%,$6.70B,$-0.66B,-9.83%,$6.70B,$-0.66B,-9.83%,$6.70B,$-0.60B,-8.98%,$6.70B,$-0.77B,-11.51%,$6.70B,$-0.70B,-10.50%,$-0.70B,$0.22B,-124.92%,$-0.70B,$-0.19B,220.03%,$-0.70B,$2.21B,-25.21%,$-0.66B,$0.77B,-64.27%,$1378,$1131,$247,$0,$206,$1345,$34,$-26,$8,$4,$4,$4,$2,$46,$34,$40,40,$0.04,$0.04,$1,$803,$389,$1398,$382,$0,$409,$22,$813,$2212,$1347,$557,$91,$648,$1995,$1,$-65,$-20,$217,$2212,$2,$12,$1,$13,$27,$154,$23,$-51,$152,$167,$-20,$0,$0,$0,$0,$0,$0,$-20,$-1,$-131,$-133,$0,$0,$-5,$-16,$-153,$-6,$0,$-5
39,2008-12-31,3.75,$4.93,0.76,$170.20,0.02,$-3.13,0.0,$-17.05,0.0,$1.59B,$2.14B,0.75,$0.00B,$0.20B,0.0,$6.90B,$1.11B,16.03%,$6.90B,$-0.64B,-9.33%,$6.90B,$-0.64B,-9.33%,$6.90B,$-0.59B,-8.51%,$6.90B,$-0.76B,-10.95%,$6.90B,$-0.69B,-10.03%,$-0.69B,$0.20B,-94.05%,$-0.69B,$-0.21B,180.09%,$-0.69B,$2.41B,-22.39%,$-0.64B,$0.20B,-51.38%,$1905,$1598,$306,$0,$262,$2656,$-751,$-34,$-784,$-135,$-649,$-649,$-687,$-735,$-751,$40,40,$-17.02,$-17.02,$7,$917,$423,$1594,$370,$0,$409,$32,$811,$2406,$2137,$0,$71,$71,$2208,$1,$-67,$-37,$198,$2406,$-692,$57,$728,$785,$101,$5,$-38,$-40,$28,$121,$-131,$0,$15,$0,$0,$0,$1,$-115,$28,$-3,$25,$-23,$-23,$-19,$3,$-15,$-10,$2,$-19
40,2008-09-30,7.72,$22.50,0.34,$165.95,0.05,$-3.17,0.0,$0.59,13.09,$1.40B,$1.39B,1.01,$0.64B,$0.90B,0.71,$6.89B,$1.08B,15.68%,$6.89B,$0.18B,2.64%,$6.89B,$0.18B,2.64%,$6.89B,$0.24B,3.50%,$6.89B,$0.07B,0.96%,$6.89B,$0.01B,0.17%,$0.01B,$0.90B,1.31%,$0.01B,$-0.45B,-2.69%,$0.01B,$3.15B,0.36%,$0.18B,$1.54B,11.30%,$1616,$1356,$259,$0,$220,$1611,$5,$-28,$-22,$-7,$-15,$-15,$-27,$19,$5,$40,40,$-0.67,$-0.67,$7,$1031,$146,$1398,$382,$0,$1350,$22,$1754,$3152,$1389,$639,$98,$861,$2251,$1,$650,$-15,$902,$3152,$-5,$41,$41,$82,$131,$54,$-28,$-75,$81,$158,$-120,$0,$1,$0,$0,$0,$1,$-119,$49,$-63,$-14,$-23,$-23,$-14,$3,$-49,$-9,$2,$-14
41,2008-06-30,11.65,$23.09,0.5,$170.66,0.07,$-4.18,0.0,$1.74,6.69,$1.60B,$1.58B,1.01,$0.65B,$0.93B,0.69,$7.39B,$1.15B,15.51%,$7.39B,$0.26B,3.45%,$7.39B,$0.26B,3.45%,$7.39B,$0.31B,4.17%,$7.39B,$0.14B,1.88%,$7.39B,$0.07B,0.88%,$0.07B,$0.93B,7.01%,$0.07B,$-0.43B,-14.57%,$0.07B,$3.38B,1.95%,$0.26B,$1.58B,15.63%,$1797,$1514,$282,$0,$220,$1742,$54,$-27,$27,$11,$16,$16,$9,$69,$54,$40,41,$0.22,$0.22,$11,$1156,$151,$1598,$397,$0,$1359,$29,$1784,$3383,$1576,$648,$82,$872,$2448,$1,$680,$-15,$934,$3383,$22,$27,$12,$39,$66,$-78,$-13,$14,$-10,$50,$-103,$0,$1,$0,$0,$0,$1,$-101,$16,$56,$72,$-19,$-19,$-9,$2,$46,$-5,$2,$-9
42,2008-03-31,18.43,$22.60,0.82,$168.45,0.11,$-5.09,0.0,$2.04,9.03,$1.67B,$1.49B,1.12,$0.78B,$0.91B,0.86,$7.61B,$1.18B,15.49%,$7.61B,$0.27B,3.60%,$7.61B,$0.27B,3.60%,$7.61B,$0.32B,4.25%,$7.61B,$0.16B,2.10%,$7.61B,$0.08B,1.08%,$0.08B,$0.91B,8.81%,$0.08B,$-0.45B,-18.62%,$0.08B,$3.42B,2.48%,$0.27B,$1.69B,16.69%,$1583,$1324,$259,$0,$205,$1536,$48,$-24,$23,$9,$14,$14,$13,$60,$48,$41,41,$0.31,$0.31,$5,$1182,$173,$1666,$366,$0,$1360,$32,$1758,$3424,$1494,$783,$103,$1021,$2515,$1,$674,$-29,$909,$3424,$13,$13,$3,$16,$41,$-112,$-13,$18,$-65,$-37,$-67,$0,$-6,$0,$0,$0,$1,$-72,$-1,$123,$123,$-20,$-20,$-5,$1,$98,$-11,$1,$-5
43,2007-12-31,17.25,$22.52,0.77,$169.18,0.1,$-5.69,0.0,$2.13,8.1,$1.58B,$1.43B,1.11,$0.70B,$0.93B,0.75,$7.91B,$1.22B,15.39%,$7.91B,$0.29B,3.63%,$7.91B,$0.29B,3.63%,$7.91B,$0.33B,4.20%,$7.91B,$0.17B,2.20%,$7.91B,$0.09B,1.13%,$0.09B,$0.93B,9.54%,$0.09B,$-0.46B,-21.55%,$0.09B,$3.28B,2.74%,$0.29B,$1.63B,17.96%,$1897,$1616,$281,$0,$200,$1822,$75,$-36,$38,$15,$24,$24,$17,$93,$75,$42,44,$0.40,$0.42,$17,$1093,$123,$1580,$287,$0,$1387,$29,$1703,$3283,$1426,$698,$84,$926,$2352,$1,$664,$-15,$931,$3283,$90,$44,$35,$79,$19,$-17,$-9,$-127,$-134,$34,$-47,$0,$-150,$0,$0,$0,$1,$-196,$45,$172,$217,$-35,$-35,$-21,$5,$165,$4,$6,$-21
44,2007-09-30,21.21,$22.30,0.95,$132.53,0.16,$-8.01,0.0,$2.11,10.05,$1.54B,$1.41B,1.09,$0.69B,$0.94B,0.74,$6.30B,$1.00B,15.87%,$6.30B,$0.23B,3.65%,$6.30B,$0.23B,3.65%,$6.30B,$0.26B,4.19%,$6.30B,$0.15B,2.35%,$6.30B,$0.10B,1.51%,$0.10B,$0.94B,10.26%,$0.10B,$-0.45B,-24.66%,$0.10B,$3.23B,2.96%,$0.23B,$1.62B,14.68%,$2112,$1789,$324,$0,$240,$2034,$78,$-28,$51,$20,$31,$31,$26,$86,$78,$43,47,$0.61,$0.58,$16,$1048,$146,$1537,$280,$0,$1387,$27,$1693,$3230,$1407,$687,$200,$887,$2295,$1,$646,$-5,$935,$3230,$72,$25,$8,$34,$23,$16,$26,$-144,$-79,$27,$-30,$0,$-159,$0,$0,$0,$1,$-188,$16,$180,$196,$-21,$-21,$-16,$5,$164,$3,$4,$-16
45,2007-06-30,25.55,$22.06,1.16,$132.83,0.19,$-6.66,0.0,$2.18,11.72,$1.65B,$1.49B,1.11,$0.67B,$0.95B,0.71,$6.26B,$0.99B,15.85%,$6.26B,$0.23B,3.61%,$6.26B,$0.23B,3.61%,$6.26B,$0.26B,4.16%,$6.26B,$0.15B,2.32%,$6.26B,$0.10B,1.57%,$0.10B,$0.95B,10.73%,$0.10B,$-0.40B,-26.90%,$0.10B,$3.31B,3.11%,$0.23B,$1.62B,14.74%,$2015,$1701,$314,$0,$232,$1942,$73,$-25,$48,$19,$29,$29,$26,$84,$73,$43,48,$0.61,$0.57,$12,$1109,$213,$1653,$270,$0,$1350,$36,$1656,$3309,$1489,$672,$201,$873,$2362,$1,$626,$3,$947,$3309,$46,$18,$4,$22,$33,$-69,$13,$-127,$-151,$-82,$-23,$0,$-155,$0,$0,$0,$1,$-177,$16,$243,$260,$6,$6,$-10,$4,$259,$-1,$3,$-10
46,2007-03-31,25.03,$21.34,1.17,$135.66,0.18,$-7.51,0.0,$1.90,13.17,$1.64B,$1.46B,1.13,$0.60B,$0.92B,0.65,$6.32B,$0.99B,15.67%,$6.32B,$0.21B,3.31%,$6.32B,$0.21B,3.31%,$6.32B,$0.24B,3.78%,$6.32B,$0.13B,2.01%,$6.32B,$0.08B,1.33%,$0.08B,$0.92B,9.43%,$0.08B,$-0.34B,-23.48%,$0.08B,$3.18B,2.69%,$0.21B,$1.52B,13.90%,$1883,$1585,$298,$0,$232,$1822,$61,$-24,$37,$14,$22,$22,$20,$69,$61,$43,48,$0.47,$0.44,$14,$1070,$226,$1644,$231,$0,$1260,$45,$1536,$3180,$1460,$601,$200,$801,$2261,$1,$604,$0,$919,$3180,$20,$7,$3,$11,$49,$-65,$-1,$-143,$-160,$-129,$-21,$0,$-17,$0,$0,$0,$1,$-37,$-0,$164,$164,$6,$6,$-5,$3,$167,$1,$1,$-5
47,2006-12-31,25.4,$21.16,1.2,$137.20,0.19,$-8.44,0.0,$1.85,13.73,$1.61B,$1.43B,1.13,$0.60B,$0.90B,0.66,$6.32B,$0.99B,15.67%,$6.32B,$0.21B,3.29%,$6.32B,$0.21B,3.29%,$6.32B,$0.24B,3.73%,$6.32B,$0.13B,1.98%,$6.32B,$0.08B,1.28%,$0.08B,$0.90B,9.26%,$0.08B,$-0.35B,-22.21%,$0.08B,$3.13B,2.60%,$0.21B,$1.50B,13.79%,$291,$227,$64,$0,$40,$273,$18,$-6,$12,$6,$6,$6,$23,$25,$18,$42,46,$0.54,$0.52,$13,$992,$223,$1613,$221,$0,$1250,$42,$1512,$3125,$1432,$599,$40,$789,$2221,$1,$598,$0,$904,$3125,$81,$29,$43,$72,$1,$-20,$-18,$-178,$-215,$-62,$-59,$0,$-59,$0,$0,$0,$1,$-118,$-2,$200,$198,$4,$4,$-20,$3,$185,$5,$5,$-20
