,Date,Stock Price,Book Value per Share,Price to Book Ratio,TTM Sales per Share,Price to Sales Ratio,TTM FCF per Share,Price to FCF Ratio,TTM Net EPS,PE Ratio,Current Assets,Current Liabilities,Current Ratio,Long Term Debt,Shareholder's Equity_x,Debt to Equity Ratio,TTM Revenue_x,TTM Gross Profit,Gross Margin,TTM Revenue_y,TTM Operating Income,Operating Margin,TTM Revenue_x,TTM EBIT,EBIT Margin,TTM Revenue_y,TTM EBITDA,EBITDA Margin,TTM Revenue_x,TTM Pre-Tax Income,Pre-Tax Margin,TTM Revenue_y,TTM Net Income_x,Net Margin,TTM Net Income_y,Shareholder's Equity_y,Return on Equity,TTM Net Income_x,Tangible Equity,Return on Tangible Equity,TTM Net Income_y,Total Assets,Return on Assets,TTM Net Income,LT Investments & Debt,Return on Investment,revenue,cost-goods-sold,gross-profit,research-development-expenses,selling-general-administrative-expenses,operating-expenses,operating-income,total-non-operating-income-expense,pre-tax-income,total-provision-income-taxes,income-after-taxes,income-from-continuous-operations,net-income,ebitda,ebit,basic-shares-outstanding,shares-outstanding,eps-basic-net-earnings-per-share,eps-earnings-per-share-diluted,cash-on-hand,inventory,other-current-assets,total-current-assets,net-property-plant-equipment,long-term-investments,goodwill-intangible-assets-total,other-long-term-assets,total-long-term-assets,total-assets,total-current-liabilities,long-term-debt,other-non-current-liabilities,total-long-term-liabilities,total-liabilities,common-stock-net,retained-earnings-accumulated-deficit,comprehensive-income,total-share-holder-equity,total-liabilities-share-holders-equity,net-income-loss,total-depreciation-amortization-cash-flow,other-non-cash-items,total-non-cash-items,change-in-accounts-receivable,change-in-inventories,change-in-accounts-payable,change-in-assets-liabilities,total-change-in-assets-liabilities,cash-flow-from-operating-activities,net-change-in-property-plant-equipment,net-change-in-intangible-assets,net-acquisitions-divestitures,net-change-in-short-term-investments,net-change-in-long-term-investments,net-change-in-investments-total,investing-activities-other,cash-flow-from-investing-activities,net-long-term-debt,net-current-debt,debt-issuance-retirement-net-total,net-common-equity-issued-repurchased,net-total-equity-issued-repurchased,total-common-preferred-stock-dividends-paid,financial-activities-other,cash-flow-from-financial-activities,net-cash-flow,stock-based-compensation,common-stock-dividends-paid
0,2018-09-30,76.45,$26.05,2.93,$60.15,1.27,$-0.33,0.0,$4.84,15.8,$0.23B,$0.21B,1.07,$0.10B,$0.67B,0.16,$1.58B,$1.17B,73.83%,$1.58B,$0.13B,8.34%,$1.58B,$0.13B,8.34%,$1.58B,$0.23B,14.41%,$1.58B,$0.13B,7.90%,$1.58B,$0.13B,8.03%,$0.13B,$0.67B,20.34%,$0.13B,$0.65B,21.12%,$0.13B,$1.09B,12.22%,$0.13B,$0.77B,17.68%,$426,$113,$313,$0,$247,$387,$39,$-1,$37,$9,$28,$28,$28,$65,$39,$26,26,$1.09,$1.07,$1,$0,$0,$225,$836,$0,$23,$5,$863,$1088,$210,$104,$39,$209,$419,$0,$419,$0,$669,$1088,$80,$75,$15,$90,$0,$0,$0,$18,$18,$187,$-154,$0,$0,$0,$0,$0,$0,$-154,$-40,$0,$-40,$4,$4,$0,$-1,$-37,$-4,$0,$0
1,2018-06-30,80.85,$24.91,3.25,$57.67,1.4,$-2.52,0.0,$4.32,18.72,$0.23B,$0.21B,1.13,$0.14B,$0.64B,0.22,$1.51B,$1.12B,73.69%,$1.51B,$0.12B,7.80%,$1.51B,$0.12B,7.80%,$1.51B,$0.21B,13.88%,$1.51B,$0.11B,7.34%,$1.51B,$0.11B,7.47%,$0.11B,$0.64B,19.14%,$0.11B,$0.62B,19.95%,$0.11B,$1.09B,11.24%,$0.12B,$0.78B,16.53%,$429,$119,$310,$0,$243,$387,$42,$-1,$40,$10,$30,$30,$30,$67,$42,$26,26,$1.18,$1.15,$1,$0,$0,$233,$825,$0,$23,$5,$853,$1086,$206,$138,$39,$240,$446,$0,$391,$0,$640,$1086,$51,$48,$9,$58,$0,$0,$0,$3,$3,$112,$-118,$0,$0,$0,$0,$0,$0,$-118,$-0,$0,$-0,$4,$4,$0,$-1,$3,$-4,$0,$0
2,2018-03-31,75.15,$23.65,3.18,$55.42,1.36,$-4.10,0.0,$3.85,19.52,$0.23B,$0.18B,1.27,$0.13B,$0.61B,0.21,$1.45B,$1.08B,74.24%,$1.45B,$0.11B,7.32%,$1.45B,$0.11B,7.32%,$1.45B,$0.20B,13.47%,$1.45B,$0.10B,6.84%,$1.45B,$0.10B,6.98%,$0.10B,$0.61B,18.07%,$0.10B,$0.58B,18.89%,$0.10B,$1.02B,10.42%,$0.11B,$0.74B,15.56%,$393,$109,$284,$0,$233,$365,$28,$-1,$26,$5,$21,$21,$21,$51,$28,$26,26,$0.82,$0.80,$0,$0,$0,$226,$761,$0,$24,$5,$790,$1016,$179,$128,$41,$229,$408,$0,$361,$0,$607,$1016,$21,$23,$4,$27,$0,$0,$0,$-12,$-12,$36,$-47,$0,$0,$0,$0,$0,$0,$-47,$4,$0,$4,$4,$4,$0,$-1,$7,$-4,$0,$0
3,2017-12-31,70.75,$22.80,3.1,$52.93,1.34,$-6.12,0.0,$3.49,20.27,$0.20B,$0.17B,1.22,$0.12B,$0.58B,0.2,$1.38B,$1.03B,74.67%,$1.38B,$0.10B,6.97%,$1.38B,$0.10B,6.97%,$1.38B,$0.18B,13.21%,$1.38B,$0.09B,6.53%,$1.38B,$0.09B,6.60%,$0.09B,$0.58B,17.14%,$0.09B,$0.56B,17.98%,$0.09B,$0.97B,9.61%,$0.10B,$0.70B,14.64%,$334,$73,$261,$0,$215,$311,$23,$-1,$22,$-26,$48,$48,$48,$45,$23,$26,26,$1.87,$1.82,$5,$0,$0,$203,$736,$0,$24,$4,$764,$967,$167,$119,$40,$218,$385,$0,$340,$0,$582,$967,$91,$87,$-13,$74,$-38,$0,$0,$19,$-7,$158,$-182,$0,$0,$0,$0,$0,$0,$-182,$24,$0,$24,$4,$4,$0,$-1,$27,$3,$5,$0
4,2017-09-30,62.65,$20.86,3.0,$51.82,1.21,$-4.09,0.0,$2.07,30.27,$0.20B,$0.18B,1.09,$0.11B,$0.53B,0.21,$1.34B,$1.00B,74.11%,$1.34B,$0.09B,6.70%,$1.34B,$0.09B,6.70%,$1.34B,$0.17B,12.95%,$1.34B,$0.08B,6.25%,$1.34B,$0.05B,3.94%,$0.05B,$0.53B,10.47%,$0.05B,$0.51B,11.01%,$0.05B,$0.95B,5.86%,$0.09B,$0.64B,14.62%,$357,$97,$260,$0,$214,$332,$25,$-1,$23,$9,$14,$14,$14,$47,$25,$26,26,$0.56,$0.55,$0,$0,$0,$201,$723,$0,$24,$5,$752,$953,$183,$110,$37,$237,$421,$0,$292,$0,$532,$953,$43,$65,$19,$83,$0,$0,$0,$1,$1,$128,$-153,$0,$0,$0,$0,$0,$0,$-153,$22,$0,$22,$3,$3,$0,$-1,$23,$-1,$0,$0
5,2017-06-30,51.3,$20.24,2.54,$50.48,1.02,$-2.73,0.0,$2.06,24.9,$0.20B,$0.17B,1.18,$0.13B,$0.52B,0.26,$1.30B,$0.98B,74.98%,$1.30B,$0.09B,6.75%,$1.30B,$0.09B,6.75%,$1.30B,$0.17B,13.05%,$1.30B,$0.08B,6.37%,$1.30B,$0.05B,4.07%,$0.05B,$0.52B,10.81%,$0.05B,$0.49B,11.39%,$0.05B,$0.94B,6.10%,$0.09B,$0.65B,14.88%,$364,$95,$270,$0,$218,$335,$30,$-2,$28,$10,$18,$18,$18,$52,$30,$26,26,$0.69,$0.68,$0,$0,$0,$198,$713,$0,$25,$5,$743,$940,$168,$132,$39,$258,$425,$0,$277,$0,$515,$940,$29,$42,$14,$57,$0,$0,$0,$-6,$-6,$79,$-126,$0,$0,$0,$0,$0,$0,$-126,$46,$0,$46,$1,$1,$0,$-1,$46,$-1,$0,$0
6,2017-03-31,44.3,$19.47,2.28,$48.66,0.91,$-2.29,0.0,$1.90,23.32,$0.19B,$0.17B,1.06,$0.14B,$0.50B,0.28,$1.25B,$0.95B,75.62%,$1.25B,$0.08B,6.39%,$1.25B,$0.08B,6.39%,$1.25B,$0.16B,12.71%,$1.25B,$0.08B,6.00%,$1.25B,$0.05B,3.84%,$0.05B,$0.50B,10.10%,$0.05B,$0.47B,10.67%,$0.05B,$0.93B,5.71%,$0.08B,$0.63B,13.94%,$323,$85,$238,$0,$201,$306,$18,$-1,$17,$5,$11,$11,$11,$38,$18,$25,26,$0.45,$0.44,$1,$0,$0,$185,$712,$0,$25,$5,$743,$927,$174,$138,$37,$257,$432,$0,$260,$0,$495,$927,$11,$20,$5,$25,$0,$0,$0,$-13,$-13,$24,$-88,$0,$0,$0,$0,$0,$0,$-88,$63,$0,$63,$1,$1,$0,$-1,$63,$-1,$0,$0
7,2016-12-31,44.15,$19.08,2.31,$47.61,0.93,$0.84,52.72,$1.88,23.48,$0.17B,$0.15B,1.15,$0.06B,$0.48B,0.12,$1.22B,$0.93B,76.44%,$1.22B,$0.08B,6.57%,$1.22B,$0.08B,6.57%,$1.22B,$0.16B,12.81%,$1.22B,$0.08B,6.16%,$1.22B,$0.05B,3.94%,$0.05B,$0.48B,10.41%,$0.05B,$0.46B,11.03%,$0.05B,$0.80B,5.94%,$0.08B,$0.54B,14.51%,$300,$72,$228,$0,$192,$283,$17,$-1,$16,$6,$10,$10,$10,$37,$17,$25,26,$0.42,$0.39,$2,$0,$5,$166,$604,$0,$25,$4,$634,$800,$145,$57,$35,$172,$317,$0,$248,$0,$483,$800,$48,$76,$20,$96,$-12,$0,$0,$19,$3,$146,$-118,$0,$0,$0,$0,$0,$0,$-118,$-30,$0,$-30,$3,$3,$0,$-1,$-27,$1,$5,$0
8,2016-09-30,29.96,$18.60,1.61,$47.21,0.63,$2.08,14.41,$1.93,15.52,$0.17B,$0.15B,1.09,$0.08B,$0.47B,0.17,$1.21B,$0.92B,76.04%,$1.21B,$0.08B,6.72%,$1.21B,$0.08B,6.72%,$1.21B,$0.15B,12.69%,$1.21B,$0.08B,6.30%,$1.21B,$0.05B,4.06%,$0.05B,$0.47B,10.95%,$0.05B,$0.44B,11.64%,$0.05B,$0.81B,6.20%,$0.08B,$0.55B,15.08%,$316,$75,$241,$0,$199,$294,$23,$-1,$22,$8,$14,$14,$14,$43,$23,$25,26,$0.55,$0.54,$1,$0,$0,$166,$612,$0,$26,$4,$642,$809,$153,$78,$35,$186,$340,$0,$238,$0,$469,$809,$38,$57,$9,$66,$0,$0,$0,$15,$15,$118,$-108,$0,$0,$0,$0,$0,$0,$-108,$-9,$0,$-9,$0,$0,$0,$-1,$-10,$1,$0,$0
9,2016-06-30,25.14,$18.02,1.4,$47.29,0.53,$3.47,7.25,$1.85,13.59,$0.17B,$0.15B,1.19,$0.12B,$0.45B,0.27,$1.21B,$0.91B,75.31%,$1.21B,$0.08B,6.46%,$1.21B,$0.08B,6.46%,$1.21B,$0.15B,12.18%,$1.21B,$0.07B,6.05%,$1.21B,$0.05B,3.89%,$0.05B,$0.45B,10.84%,$0.05B,$0.43B,11.56%,$0.05B,$0.83B,6.05%,$0.08B,$0.58B,14.96%,$312,$73,$239,$0,$197,$290,$22,$-1,$20,$7,$13,$13,$13,$41,$22,$25,26,$0.53,$0.52,$0,$0,$0,$172,$626,$0,$26,$5,$657,$829,$145,$123,$35,$230,$375,$0,$224,$0,$454,$829,$24,$37,$6,$43,$0,$0,$0,$-1,$-1,$66,$-102,$0,$0,$0,$0,$0,$0,$-102,$36,$0,$36,$0,$0,$0,$-1,$35,$0,$0,$0
10,2016-03-31,28.15,$17.42,1.62,$47.75,0.59,$5.27,5.34,$2.08,13.53,$0.18B,$0.15B,1.17,$0.10B,$0.44B,0.23,$1.22B,$0.90B,74.22%,$1.22B,$0.09B,7.14%,$1.22B,$0.09B,7.14%,$1.22B,$0.15B,12.64%,$1.22B,$0.08B,6.81%,$1.22B,$0.05B,4.35%,$0.05B,$0.44B,12.60%,$0.05B,$0.41B,13.49%,$0.05B,$0.80B,6.99%,$0.09B,$0.54B,17.34%,$290,$67,$223,$0,$188,$272,$18,$-1,$17,$6,$11,$11,$11,$35,$18,$25,25,$0.42,$0.42,$0,$0,$0,$175,$589,$0,$27,$4,$620,$796,$151,$103,$35,$206,$357,$0,$211,$0,$439,$796,$11,$17,$2,$19,$0,$0,$0,$-13,$-13,$17,$0,$0,$-54,$0,$0,$0,$0,$-54,$37,$0,$37,$0,$0,$0,$-1,$37,$0,$0,$0
11,2015-12-31,22.25,$17.02,1.31,$47.84,0.47,$4.45,5.0,$2.15,10.35,$0.16B,$0.14B,1.13,$0.06B,$0.43B,0.13,$1.22B,$0.89B,72.81%,$1.22B,$0.09B,7.37%,$1.22B,$0.09B,7.37%,$1.22B,$0.16B,12.69%,$1.22B,$0.09B,7.04%,$1.22B,$0.06B,4.50%,$0.06B,$0.43B,13.56%,$0.06B,$0.40B,14.60%,$0.06B,$0.73B,7.39%,$0.09B,$0.48B,18.54%,$288,$73,$214,$0,$180,$270,$18,$-1,$17,$5,$11,$11,$11,$34,$18,$25,25,$0.46,$0.46,$0,$0,$5,$159,$539,$0,$27,$4,$570,$729,$141,$57,$36,$160,$301,$0,$200,$0,$428,$729,$55,$65,$14,$79,$7,$0,$0,$6,$12,$146,$-86,$0,$-22,$0,$0,$0,$0,$-108,$-41,$0,$-41,$3,$3,$0,$-4,$-42,$-4,$4,$0
12,2015-09-30,30.95,$16.46,1.88,$48.71,0.64,$2.38,13.03,$2.23,13.88,$0.19B,$0.15B,1.2,$0.07B,$0.41B,0.17,$1.24B,$0.89B,71.52%,$1.24B,$0.09B,7.48%,$1.24B,$0.09B,7.48%,$1.24B,$0.16B,12.55%,$1.24B,$0.09B,7.16%,$1.24B,$0.06B,4.67%,$0.06B,$0.41B,14.86%,$0.06B,$0.39B,15.84%,$0.06B,$0.75B,7.96%,$0.09B,$0.48B,19.59%,$317,$84,$233,$0,$196,$297,$20,$-1,$19,$7,$12,$12,$12,$37,$20,$25,26,$0.47,$0.46,$5,$0,$0,$186,$533,$0,$27,$5,$565,$751,$154,$69,$36,$183,$337,$0,$189,$0,$414,$751,$44,$49,$6,$54,$0,$0,$0,$16,$16,$114,$-68,$0,$-22,$0,$0,$0,$0,$-90,$-26,$0,$-26,$3,$3,$0,$-0,$-23,$0,$0,$0
13,2015-06-30,39.29,$15.95,2.46,$49.34,0.8,$1.16,33.82,$2.41,16.3,$0.19B,$0.15B,1.3,$0.10B,$0.40B,0.24,$1.26B,$0.88B,69.98%,$1.26B,$0.10B,7.94%,$1.26B,$0.10B,7.94%,$1.26B,$0.16B,12.79%,$1.26B,$0.10B,7.63%,$1.26B,$0.06B,4.92%,$0.06B,$0.40B,16.58%,$0.06B,$0.37B,17.46%,$0.06B,$0.76B,8.73%,$0.10B,$0.50B,21.86%,$323,$89,$234,$0,$186,$292,$31,$-1,$30,$11,$19,$19,$19,$48,$31,$25,26,$0.77,$0.75,$4,$0,$0,$194,$528,$0,$29,$5,$562,$756,$149,$97,$35,$206,$355,$0,$177,$0,$401,$756,$32,$32,$-0,$32,$0,$0,$0,$3,$3,$67,$-56,$0,$-22,$0,$0,$0,$0,$-78,$8,$0,$8,$3,$3,$0,$-0,$10,$-1,$0,$0
14,2015-03-31,44.3,$15.12,2.93,$49.67,0.89,$-0.05,0.0,$2.19,20.23,$0.20B,$0.15B,1.33,$0.10B,$0.38B,0.26,$1.27B,$0.87B,68.56%,$1.27B,$0.09B,7.27%,$1.27B,$0.09B,7.27%,$1.27B,$0.15B,11.93%,$1.27B,$0.09B,6.95%,$1.27B,$0.06B,4.50%,$0.06B,$0.38B,16.00%,$0.06B,$0.35B,16.64%,$0.06B,$0.74B,8.23%,$0.09B,$0.48B,21.02%,$293,$85,$208,$0,$172,$272,$21,$-1,$20,$8,$13,$13,$13,$36,$21,$25,26,$0.51,$0.49,$0,$0,$0,$196,$507,$0,$31,$5,$544,$740,$147,$98,$38,$213,$360,$0,$158,$0,$379,$740,$13,$15,$2,$17,$0,$0,$0,$-4,$-4,$26,$-30,$0,$-23,$0,$0,$0,$0,$-53,$21,$0,$21,$2,$2,$0,$-0,$23,$-4,$0,$0
15,2014-12-31,55.36,$14.75,3.75,$50.00,1.11,$-0.07,0.0,$2.04,27.14,$0.17B,$0.13B,1.3,$0.07B,$0.37B,0.2,$1.27B,$0.86B,67.40%,$1.27B,$0.09B,6.76%,$1.27B,$0.09B,6.76%,$1.27B,$0.14B,11.31%,$1.27B,$0.08B,6.44%,$1.27B,$0.05B,4.16%,$0.05B,$0.37B,15.58%,$0.05B,$0.36B,15.96%,$0.05B,$0.67B,7.93%,$0.09B,$0.44B,20.71%,$310,$96,$214,$0,$179,$289,$21,$-1,$20,$6,$14,$14,$14,$35,$21,$25,25,$0.56,$0.53,$4,$0,$5,$170,$484,$0,$8,$5,$497,$667,$130,$74,$37,$170,$300,$0,$145,$0,$367,$667,$52,$59,$16,$75,$-12,$0,$0,$-9,$-24,$102,$-95,$0,$0,$0,$0,$0,$0,$-95,$-11,$0,$-11,$8,$8,$0,$0,$-3,$4,$4,$0
16,2014-09-30,49.56,$14.10,3.51,$48.94,1.01,$-1.18,0.0,$1.83,27.08,$0.19B,$0.15B,1.26,$0.07B,$0.35B,0.19,$1.24B,$0.83B,66.93%,$1.24B,$0.08B,6.44%,$1.24B,$0.08B,6.44%,$1.24B,$0.14B,11.02%,$1.24B,$0.08B,6.03%,$1.24B,$0.05B,3.78%,$0.05B,$0.35B,14.47%,$0.05B,$0.34B,14.86%,$0.05B,$0.68B,7.17%,$0.08B,$0.41B,20.06%,$333,$108,$225,$0,$182,$305,$27,$-1,$26,$10,$16,$16,$16,$42,$27,$25,26,$0.66,$0.64,$7,$0,$0,$193,$472,$0,$8,$6,$486,$679,$153,$65,$43,$177,$330,$0,$132,$0,$349,$679,$38,$44,$6,$50,$0,$0,$0,$3,$3,$92,$-77,$0,$0,$0,$0,$0,$0,$-77,$-12,$0,$-12,$4,$4,$0,$0,$-8,$7,$0,$0
17,2014-06-30,43.93,$13.37,3.28,$47.50,0.92,$-2.96,0.0,$1.70,25.84,$0.20B,$0.15B,1.27,$0.09B,$0.33B,0.27,$1.20B,$0.81B,66.92%,$1.20B,$0.08B,6.23%,$1.20B,$0.08B,6.23%,$1.20B,$0.13B,10.89%,$1.20B,$0.07B,5.74%,$1.20B,$0.04B,3.66%,$0.04B,$0.33B,14.14%,$0.04B,$0.32B,14.55%,$0.04B,$0.68B,6.90%,$0.08B,$0.42B,19.32%,$330,$109,$221,$0,$183,$308,$23,$-1,$22,$8,$14,$14,$14,$38,$23,$24,25,$0.55,$0.53,$2,$0,$0,$195,$474,$0,$8,$6,$488,$683,$153,$89,$42,$199,$352,$0,$116,$0,$330,$683,$22,$29,$4,$33,$0,$0,$0,$-9,$-9,$47,$-67,$0,$0,$0,$0,$0,$0,$-67,$19,$0,$19,$3,$3,$0,$0,$21,$2,$0,$0
18,2014-03-31,38.21,$12.76,2.99,$46.11,0.83,$-3.72,0.0,$1.71,22.35,$0.19B,$0.16B,1.2,$0.07B,$0.32B,0.23,$1.17B,$0.78B,66.81%,$1.17B,$0.08B,6.43%,$1.17B,$0.08B,6.43%,$1.17B,$0.13B,11.06%,$1.17B,$0.07B,5.92%,$1.17B,$0.04B,3.77%,$0.04B,$0.32B,14.72%,$0.04B,$0.31B,15.17%,$0.04B,$0.64B,7.13%,$0.08B,$0.39B,20.00%,$300,$102,$198,$0,$169,$284,$15,$-1,$14,$5,$9,$9,$9,$29,$15,$24,25,$0.35,$0.34,$1,$0,$0,$186,$443,$0,$9,$6,$457,$644,$156,$73,$32,$173,$329,$0,$102,$0,$315,$644,$9,$14,$2,$16,$0,$0,$0,$-20,$-20,$4,$-8,$0,$0,$0,$0,$0,$0,$-8,$3,$0,$3,$2,$2,$0,$0,$5,$1,$0,$0
19,2013-12-31,32.05,$12.45,2.57,$45.27,0.71,$-3.52,0.0,$1.74,18.45,$0.17B,$0.14B,1.21,$0.07B,$0.31B,0.23,$1.14B,$0.76B,66.58%,$1.14B,$0.08B,6.58%,$1.14B,$0.08B,6.58%,$1.14B,$0.13B,11.05%,$1.14B,$0.07B,5.96%,$1.14B,$0.04B,3.86%,$0.04B,$0.31B,15.37%,$0.04B,$0.30B,15.87%,$0.04B,$0.62B,7.46%,$0.08B,$0.38B,21.22%,$280,$91,$188,$0,$160,$265,$15,$-2,$13,$5,$8,$8,$8,$28,$15,$24,25,$0.34,$0.31,$0,$0,$5,$170,$432,$0,$9,$6,$447,$617,$141,$70,$31,$171,$312,$0,$93,$0,$305,$617,$44,$52,$17,$68,$-13,$0,$0,$-3,$-10,$101,$-122,$0,$0,$0,$0,$0,$0,$-122,$16,$0,$16,$5,$5,$0,$-1,$21,$-0,$3,$0
20,2013-09-30,31.18,$12.07,2.58,$44.83,0.7,$-1.97,0.0,$1.64,19.05,$0.17B,$0.14B,1.18,$0.08B,$0.30B,0.26,$1.12B,$0.75B,66.28%,$1.12B,$0.07B,6.23%,$1.12B,$0.07B,6.23%,$1.12B,$0.12B,10.68%,$1.12B,$0.06B,5.60%,$1.12B,$0.04B,3.65%,$0.04B,$0.30B,14.98%,$0.04B,$0.29B,15.50%,$0.04B,$0.61B,7.25%,$0.07B,$0.37B,21.02%,$293,$95,$198,$0,$163,$271,$22,$-2,$20,$7,$13,$13,$13,$36,$22,$24,25,$0.53,$0.51,$4,$0,$0,$169,$422,$0,$9,$6,$437,$606,$143,$77,$31,$168,$311,$0,$85,$0,$295,$606,$36,$38,$3,$41,$0,$0,$0,$-9,$-9,$68,$-98,$0,$0,$0,$0,$0,$0,$-98,$31,$0,$31,$4,$4,$0,$-1,$34,$4,$0,$0
21,2013-06-30,29.97,$11.52,2.6,$44.41,0.67,$-0.85,0.0,$1.50,19.98,$0.17B,$0.15B,1.13,$0.08B,$0.28B,0.3,$1.11B,$0.73B,65.83%,$1.11B,$0.06B,5.77%,$1.11B,$0.06B,5.77%,$1.11B,$0.11B,10.19%,$1.11B,$0.06B,5.23%,$1.11B,$0.04B,3.34%,$0.04B,$0.28B,14.12%,$0.04B,$0.27B,14.64%,$0.04B,$0.60B,6.73%,$0.06B,$0.37B,20.21%,$293,$97,$195,$0,$160,$269,$23,$-2,$22,$8,$14,$14,$14,$36,$23,$24,25,$0.56,$0.54,$3,$0,$0,$167,$418,$0,$9,$6,$433,$601,$148,$84,$32,$172,$319,$0,$72,$0,$281,$601,$23,$24,$3,$27,$0,$0,$0,$-17,$-17,$32,$-71,$0,$0,$0,$0,$0,$0,$-71,$38,$0,$38,$4,$4,$0,$-1,$41,$3,$0,$0
22,2013-03-31,24.11,$10.87,2.22,$44.42,0.54,$-0.08,0.0,$1.44,16.75,$0.16B,$0.15B,1.08,$0.04B,$0.26B,0.14,$1.10B,$0.72B,65.58%,$1.10B,$0.06B,5.62%,$1.10B,$0.06B,5.62%,$1.10B,$0.11B,9.96%,$1.10B,$0.06B,4.98%,$1.10B,$0.04B,3.17%,$0.04B,$0.26B,13.93%,$0.04B,$0.26B,14.34%,$0.04B,$0.54B,6.58%,$0.06B,$0.30B,20.53%,$274,$96,$178,$0,$152,$259,$15,$-1,$13,$4,$9,$9,$9,$26,$15,$24,25,$0.38,$0.37,$0,$0,$0,$160,$361,$0,$9,$5,$375,$535,$147,$37,$32,$124,$271,$0,$59,$0,$264,$535,$9,$12,$1,$13,$0,$0,$0,$-15,$-15,$7,$-6,$0,$0,$0,$0,$0,$0,$-6,$-2,$0,$-2,$1,$1,$0,$0,$-1,$0,$0,$0
23,2012-12-31,15.41,$10.57,1.46,$44.40,0.35,$-0.74,0.0,$1.30,11.86,$0.14B,$0.14B,1.02,$0.04B,$0.26B,0.15,$1.10B,$0.72B,65.15%,$1.10B,$0.06B,5.28%,$1.10B,$0.06B,5.28%,$1.10B,$0.11B,9.65%,$1.10B,$0.05B,4.64%,$1.10B,$0.03B,2.91%,$0.03B,$0.26B,13.24%,$0.03B,$0.25B,13.54%,$0.03B,$0.52B,6.07%,$0.06B,$0.29B,19.38%,$264,$90,$174,$0,$152,$254,$10,$-2,$8,$3,$5,$5,$5,$22,$10,$24,25,$0.23,$0.21,$0,$0,$4,$144,$362,$0,$9,$4,$376,$520,$141,$39,$30,$124,$265,$0,$50,$0,$255,$520,$32,$48,$3,$51,$1,$0,$0,$14,$17,$101,$-83,$0,$-8,$0,$0,$0,$0,$-90,$-12,$0,$-12,$1,$1,$0,$0,$-11,$-1,$3,$0
24,2012-09-30,13.43,$10.32,1.3,$44.19,0.3,$-1.86,0.0,$1.18,11.38,$0.16B,$0.15B,1.05,$0.06B,$0.25B,0.24,$1.09B,$0.71B,64.80%,$1.09B,$0.05B,4.96%,$1.09B,$0.05B,4.96%,$1.09B,$0.10B,9.19%,$1.09B,$0.05B,4.32%,$1.09B,$0.03B,2.67%,$0.03B,$0.25B,12.46%,$0.03B,$0.24B,12.64%,$0.03B,$0.54B,5.62%,$0.05B,$0.31B,18.40%,$278,$95,$183,$0,$154,$262,$16,$-2,$15,$5,$9,$9,$9,$29,$16,$24,25,$0.39,$0.37,$1,$0,$0,$157,$369,$0,$10,$7,$386,$542,$150,$59,$33,$144,$294,$0,$44,$0,$248,$542,$27,$36,$2,$38,$0,$0,$0,$13,$13,$77,$-79,$0,$-8,$0,$0,$0,$0,$-87,$8,$0,$8,$1,$1,$0,$0,$9,$-1,$0,$0
25,2012-06-30,14.59,$9.90,1.47,$44.08,0.33,$-2.49,0.0,$1.01,14.5,$0.15B,$0.14B,1.07,$0.07B,$0.24B,0.29,$1.08B,$0.69B,64.10%,$1.08B,$0.05B,4.45%,$1.08B,$0.05B,4.45%,$1.08B,$0.09B,8.35%,$1.08B,$0.04B,3.62%,$1.08B,$0.03B,2.32%,$0.03B,$0.24B,11.11%,$0.03B,$0.24B,11.19%,$0.03B,$0.53B,5.01%,$0.05B,$0.31B,16.77%,$288,$98,$189,$0,$156,$266,$21,$-2,$19,$7,$12,$12,$12,$33,$21,$24,25,$0.50,$0.48,$1,$0,$0,$152,$372,$0,$1,$7,$380,$532,$142,$69,$30,$152,$294,$0,$35,$0,$238,$532,$17,$23,$2,$25,$0,$0,$0,$8,$8,$50,$-69,$0,$0,$0,$0,$0,$0,$-69,$18,$0,$18,$1,$1,$0,$0,$18,$-0,$0,$0
26,2012-03-31,11.34,$9.40,1.21,$43.42,0.26,$-2.13,0.0,$0.67,17.01,$0.15B,$0.14B,1.04,$0.06B,$0.23B,0.29,$1.06B,$0.67B,63.16%,$1.06B,$0.04B,3.31%,$1.06B,$0.04B,3.31%,$1.06B,$0.07B,7.01%,$1.06B,$0.03B,2.37%,$1.06B,$0.02B,1.52%,$0.02B,$0.23B,7.33%,$0.02B,$0.22B,7.38%,$0.02B,$0.52B,3.33%,$0.04B,$0.29B,12.60%,$269,$99,$170,$0,$148,$258,$11,$-2,$9,$4,$6,$6,$6,$22,$11,$24,25,$0.23,$0.23,$0,$0,$0,$150,$357,$0,$1,$6,$365,$515,$144,$64,$30,$146,$289,$0,$23,$0,$226,$515,$6,$11,$-1,$10,$0,$0,$0,$8,$8,$24,$-39,$0,$0,$0,$0,$0,$0,$-39,$14,$0,$14,$0,$0,$0,$0,$14,$-1,$0,$0
27,2011-12-31,8.32,$9.17,0.91,$42.52,0.2,$-1.81,0.0,$0.47,17.83,$0.14B,$0.12B,1.15,$0.05B,$0.22B,0.23,$1.03B,$0.65B,63.01%,$1.03B,$0.03B,2.72%,$1.03B,$0.03B,2.72%,$1.03B,$0.07B,6.31%,$1.03B,$0.02B,1.65%,$1.03B,$0.01B,1.07%,$0.01B,$0.22B,5.15%,$0.01B,$0.22B,5.18%,$0.01B,$0.48B,2.36%,$0.03B,$0.27B,10.16%,$253,$90,$163,$0,$147,$247,$6,$-2,$4,$1,$2,$2,$2,$16,$6,$24,24,$0.10,$0.10,$1,$0,$5,$143,$324,$0,$1,$6,$332,$475,$124,$51,$29,$131,$256,$0,$18,$0,$219,$475,$11,$37,$10,$48,$-14,$0,$0,$11,$-1,$58,$-68,$0,$0,$0,$0,$0,$0,$-68,$-17,$0,$-17,$0,$0,$0,$-1,$-18,$-28,$2,$0
28,2011-09-30,7.01,$9.06,0.77,$41.35,0.17,$-0.57,0.0,$0.39,17.83,$0.15B,$0.12B,1.23,$0.06B,$0.22B,0.29,$1.00B,$0.63B,62.94%,$1.00B,$-0.43B,-42.96%,$1.00B,$0.02B,2.40%,$1.00B,$-0.39B,-39.36%,$1.00B,$0.01B,1.30%,$1.00B,$0.01B,1.00%,$0.01B,$0.22B,4.75%,$0.01B,$0.22B,4.78%,$0.01B,$0.47B,2.17%,$-0.43B,$0.28B,-154.82%,$268,$99,$169,$0,$150,$259,$10,$-2,$7,$2,$5,$5,$5,$19,$10,$24,24,$0.21,$0.20,$4,$0,$0,$148,$319,$0,$2,$6,$326,$474,$121,$62,$29,$137,$257,$0,$15,$0,$217,$474,$9,$27,$1,$28,$0,$0,$0,$-2,$-2,$35,$-52,$0,$0,$0,$0,$0,$0,$-52,$-9,$0,$-9,$0,$0,$0,$0,$-8,$-26,$0,$0
29,2011-06-30,11.3,$8.85,1.28,$40.01,0.28,$0.89,12.64,$0.30,37.65,$0.16B,$0.12B,1.34,$0.06B,$0.21B,0.29,$0.97B,$0.62B,63.53%,$0.97B,$-0.21B,-21.18%,$0.97B,$0.02B,2.17%,$0.97B,$-0.17B,-17.46%,$0.97B,$0.01B,1.03%,$0.97B,$0.01B,0.72%,$0.01B,$0.21B,3.37%,$0.01B,$0.21B,3.39%,$0.01B,$0.46B,1.53%,$-0.21B,$0.27B,-73.21%,$266,$101,$165,$0,$148,$258,$8,$-3,$5,$2,$3,$3,$3,$17,$8,$24,24,$0.14,$0.14,$11,$0,$0,$155,$297,$0,$2,$6,$305,$460,$116,$62,$29,$133,$249,$0,$10,$0,$211,$460,$4,$17,$1,$18,$0,$0,$0,$-12,$-12,$11,$-21,$0,$0,$0,$0,$0,$0,$-21,$-9,$0,$-9,$0,$0,$0,$0,$-8,$-18,$0,$0
30,2011-03-31,10.93,$8.70,1.26,$38.62,0.28,$1.50,7.28,$0.24,45.51,$0.16B,$0.11B,1.5,$0.07B,$0.21B,0.35,$0.93B,$0.60B,64.42%,$0.93B,$0.02B,1.93%,$0.93B,$0.02B,2.04%,$0.93B,$0.06B,5.89%,$0.93B,$0.01B,0.86%,$0.93B,$0.01B,0.64%,$0.01B,$0.21B,2.92%,$0.01B,$0.21B,2.94%,$0.01B,$0.46B,1.30%,$0.02B,$0.28B,6.37%,$243,$91,$152,$0,$139,$239,$4,$-3,$1,$0,$1,$1,$1,$13,$4,$24,24,$0.03,$0.03,$22,$0,$0,$163,$288,$0,$2,$6,$295,$459,$109,$73,$30,$141,$251,$0,$7,$0,$208,$459,$1,$9,$1,$9,$0,$0,$0,$-11,$-11,$-1,$-6,$0,$0,$0,$0,$0,$0,$-6,$0,$0,$0,$0,$0,$0,$0,$0,$-7,$0,$0
31,2010-12-31,11.06,$8.65,1.28,$37.58,0.29,$1.69,6.54,$0.07,150.68,$0.15B,$0.11B,1.45,$0.07B,$0.21B,0.35,$0.90B,$0.59B,65.19%,$0.90B,$0.01B,1.33%,$0.90B,$0.01B,1.44%,$0.90B,$0.05B,5.43%,$0.90B,$0.00B,0.22%,$0.90B,$0.00B,0.22%,$0.00B,$0.21B,0.98%,$0.00B,$0.21B,0.99%,$0.00B,$0.45B,0.43%,$0.01B,$0.28B,4.21%,$224,$80,$144,$0,$134,$676,$-452,$-2,$-0,$-1,$1,$1,$1,$-443,$2,$24,24,$0.03,$0.03,$29,$0,$5,$153,$291,$0,$2,$6,$299,$452,$106,$73,$28,$140,$246,$0,$6,$0,$206,$452,$2,$36,$4,$40,$-10,$0,$0,$3,$-18,$23,$-3,$0,$0,$0,$0,$0,$0,$-3,$0,$0,$0,$0,$0,$0,$0,$0,$20,$2,$0
32,2010-09-30,9.95,$8.62,1.16,$38.35,0.26,$1.18,8.42,$-0.10,0.0,$0.16B,$0.11B,1.46,$0.08B,$0.21B,0.4,$0.88B,$0.58B,65.80%,$0.88B,$0.46B,52.27%,$0.88B,$0.01B,0.80%,$0.88B,$0.50B,56.59%,$0.88B,$-0.01B,-0.57%,$0.88B,$-0.00B,-0.23%,$-0.00B,$0.21B,-0.99%,$-0.00B,$0.20B,-1.00%,$-0.00B,$0.47B,-0.43%,$0.46B,$0.29B,159.45%,$235,$81,$154,$0,$139,$0,$235,$-2,$4,$2,$2,$2,$2,$244,$7,$24,24,$0.11,$0.11,$27,$0,$0,$160,$297,$0,$2,$6,$305,$465,$109,$81,$27,$150,$260,$0,$6,$0,$206,$465,$1,$27,$2,$30,$0,$0,$0,$-12,$-12,$20,$-1,$0,$0,$0,$0,$0,$0,$-1,$0,$0,$0,$0,$0,$0,$0,$0,$18,$0,$0
33,2010-06-30,10.0,$8.50,1.18,$39.31,0.25,$1.08,9.24,$-0.05,0.0,$0.15B,$0.11B,1.37,$0.08B,$0.20B,0.4,$0.87B,$0.58B,66.55%,$0.87B,$0.23B,26.87%,$0.87B,$0.01B,0.92%,$0.87B,$0.27B,31.37%,$0.87B,$-0.00B,-0.46%,$0.87B,$-0.00B,-0.12%,$-0.00B,$0.20B,-0.51%,$-0.00B,$0.20B,-0.51%,$-0.00B,$0.47B,-0.21%,$0.23B,$0.28B,81.33%,$231,$80,$151,$0,$136,$0,$231,$-3,$3,$1,$2,$2,$2,$241,$6,$24,24,$0.09,$0.08,$14,$0,$0,$153,$305,$0,$2,$6,$313,$465,$111,$81,$28,$151,$263,$0,$3,$0,$203,$465,$-1,$19,$2,$20,$0,$0,$0,$-14,$-14,$5,$-0,$0,$0,$0,$0,$0,$0,$-0,$0,$0,$0,$0,$0,$0,$0,$0,$5,$0,$0
34,2010-03-31,9.25,$8.39,1.1,$40.66,0.23,$1.15,8.04,$-0.21,0.0,$0.15B,$0.11B,1.37,$0.09B,$0.20B,0.45,$0.85B,$0.58B,67.80%,$0.85B,$0.00B,0.23%,$0.85B,$0.00B,0.23%,$0.85B,$0.04B,4.68%,$0.85B,$-0.01B,-1.17%,$0.85B,$-0.01B,-0.59%,$-0.01B,$0.20B,-2.63%,$-0.01B,$0.20B,-2.67%,$-0.01B,$0.47B,-1.04%,$0.00B,$0.29B,0.70%,$212,$73,$139,$0,$132,$214,$-2,$-3,$-5,$-2,$-3,$-3,$-3,$7,$-2,$24,24,$-0.14,$-0.14,$6,$0,$0,$146,$314,$0,$2,$6,$322,$468,$106,$90,$30,$162,$268,$0,$1,$0,$200,$468,$-3,$9,$1,$10,$0,$0,$0,$-9,$-9,$-2,$-0,$0,$0,$0,$0,$0,$0,$-0,$0,$0,$0,$0,$0,$0,$0,$0,$-2,$0,$0
35,2009-12-31,9.88,$8.52,1.16,$41.94,0.24,$1.51,6.55,$-0.39,0.0,$0.14B,$0.10B,1.31,$0.09B,$0.20B,0.44,$0.85B,$0.59B,69.22%,$0.85B,$-0.00B,-0.35%,$0.85B,$-0.00B,-0.35%,$0.85B,$0.04B,4.25%,$0.85B,$-0.02B,-1.77%,$0.85B,$-0.01B,-0.94%,$-0.01B,$0.20B,-4.33%,$-0.01B,$0.20B,-4.40%,$-0.01B,$0.47B,-1.63%,$-0.00B,$0.29B,-1.06%,$202,$67,$135,$0,$130,$206,$-4,$-4,$-7,$-3,$-4,$-4,$-3,$6,$-4,$20,20,$-0.16,$-0.15,$9,$0,$6,$135,$323,$0,$2,$6,$332,$466,$103,$90,$29,$161,$264,$0,$4,$0,$203,$466,$-8,$39,$2,$41,$3,$0,$0,$-26,$-19,$14,$-8,$0,$0,$0,$0,$0,$0,$-8,$-47,$0,$-47,$25,$25,$0,$-3,$-25,$-18,$2,$0
36,2009-09-30,10.72,$8.88,1.21,$43.45,0.25,$4.00,2.68,$-0.17,0.0,$0.16B,$0.14B,1.14,$0.10B,$0.18B,0.55,$0.88B,$0.61B,69.78%,$0.88B,$-0.03B,-3.31%,$0.88B,$-0.03B,-3.31%,$0.88B,$-0.00B,0.00%,$0.88B,$-0.04B,-4.79%,$0.88B,$-0.03B,-3.76%,$-0.03B,$0.18B,-18.33%,$-0.03B,$0.18B,-18.64%,$-0.03B,$0.50B,-6.57%,$-0.03B,$0.28B,-10.27%,$222,$70,$152,$0,$134,$214,$8,$-3,$5,$2,$3,$3,$3,$18,$8,$20,21,$0.17,$0.16,$18,$0,$0,$157,$333,$0,$2,$4,$339,$497,$138,$99,$28,$178,$316,$0,$7,$0,$181,$497,$-5,$30,$1,$30,$0,$0,$0,$-6,$-6,$20,$-6,$0,$0,$0,$0,$0,$0,$-6,$-20,$0,$-20,$0,$0,$0,$-3,$-23,$-9,$0,$0
37,2009-06-30,12.01,$8.71,1.38,$46.25,0.26,$5.75,2.09,$-0.20,0.0,$0.15B,$0.14B,1.08,$0.10B,$0.18B,0.56,$0.93B,$0.63B,68.25%,$0.93B,$-0.03B,-3.12%,$0.93B,$-0.03B,-3.12%,$0.93B,$-0.01B,-1.08%,$0.93B,$-0.04B,-4.63%,$0.93B,$-0.03B,-3.55%,$-0.03B,$0.18B,-17.62%,$-0.03B,$0.17B,-18.83%,$-0.03B,$0.50B,-6.31%,$-0.03B,$0.28B,-9.76%,$218,$65,$153,$0,$144,$219,$-0,$-2,$-3,$-1,$-2,$-2,$-2,$9,$-0,$20,20,$-0.09,$-0.09,$10,$0,$0,$151,$339,$0,$3,$3,$345,$495,$139,$99,$30,$180,$319,$0,$4,$0,$177,$495,$-8,$20,$-0,$20,$0,$0,$0,$-2,$-2,$10,$-4,$0,$0,$0,$0,$0,$0,$-4,$-20,$0,$-20,$0,$0,$0,$-2,$-22,$-17,$0,$0
38,2009-03-31,7.97,$8.76,0.91,$48.98,0.16,$6.07,1.31,$0.15,51.93,$0.15B,$0.14B,1.09,$0.11B,$0.18B,0.61,$0.99B,$0.66B,66.36%,$0.99B,$-0.02B,-1.82%,$0.99B,$-0.02B,-1.82%,$0.99B,$-0.01B,-0.81%,$0.99B,$-0.03B,-3.24%,$0.99B,$-0.03B,-2.63%,$-0.03B,$0.18B,-13.37%,$-0.03B,$0.18B,-14.99%,$-0.03B,$0.50B,-4.75%,$-0.02B,$0.29B,-5.70%,$206,$59,$147,$0,$144,$214,$-7,$-3,$-10,$-4,$-6,$-6,$-6,$3,$-7,$20,20,$-0.31,$-0.31,$12,$0,$0,$151,$347,$0,$3,$1,$350,$502,$139,$108,$27,$185,$324,$0,$6,$0,$178,$502,$-6,$10,$1,$12,$0,$0,$0,$2,$2,$7,$-2,$0,$0,$0,$0,$0,$0,$-2,$-20,$0,$-20,$0,$0,$0,$0,$-20,$-15,$0,$0
39,2008-12-31,7.24,$9.06,0.8,$51.18,0.14,$5.13,1.41,$0.43,16.97,$0.16B,$0.15B,1.06,$0.11B,$0.18B,0.59,$1.03B,$0.67B,65.24%,$1.03B,$-0.01B,-0.87%,$1.03B,$-0.01B,-0.87%,$1.03B,$-0.01B,-0.87%,$1.03B,$-0.02B,-2.23%,$1.03B,$-0.02B,-2.04%,$-0.02B,$0.18B,-10.50%,$-0.02B,$0.18B,-12.35%,$-0.02B,$0.52B,-3.71%,$-0.01B,$0.29B,-2.66%,$231,$71,$160,$0,$144,$261,$-30,$-3,$-34,$-6,$-28,$-28,$-28,$-30,$-30,$20,20,$-1.41,$-1.40,$27,$0,$4,$155,$356,$0,$3,$2,$361,$516,$147,$108,$27,$185,$332,$0,$12,$0,$184,$516,$-21,$76,$2,$79,$8,$0,$0,$3,$24,$82,$-26,$0,$0,$0,$0,$0,$0,$-26,$-37,$0,$-37,$1,$1,$0,$0,$-36,$20,$2,$0
40,2008-09-30,8.85,$10.35,0.86,$51.20,0.17,$0.27,32.42,$0.46,19.25,$0.18B,$0.16B,1.12,$0.13B,$0.21B,0.61,$1.04B,$0.67B,64.53%,$1.04B,$0.03B,2.40%,$1.04B,$0.03B,2.40%,$1.04B,$0.03B,2.40%,$1.04B,$0.01B,1.15%,$1.04B,$0.01B,0.86%,$0.01B,$0.21B,4.41%,$0.01B,$0.17B,5.45%,$0.01B,$0.58B,1.56%,$0.03B,$0.34B,7.04%,$274,$100,$174,$0,$157,$267,$8,$-3,$4,$2,$3,$3,$3,$8,$8,$20,20,$0.14,$0.13,$21,$0,$0,$179,$359,$0,$39,$1,$398,$578,$160,$128,$23,$208,$368,$0,$40,$0,$210,$578,$57,$0,$13,$13,$0,$0,$0,$0,$0,$69,$-21,$0,$0,$0,$0,$0,$0,$-21,$-35,$0,$-35,$1,$1,$0,$0,$-35,$14,$0,$0
41,2008-06-30,7.28,$10.21,0.71,$49.64,0.15,$-3.28,0.0,$0.61,11.87,$0.19B,$0.16B,1.14,$0.15B,$0.21B,0.7,$1.02B,$0.67B,65.59%,$1.02B,$0.03B,2.95%,$1.02B,$0.03B,2.95%,$1.02B,$0.03B,2.95%,$1.02B,$0.02B,1.77%,$1.02B,$0.01B,1.18%,$0.01B,$0.21B,5.96%,$0.01B,$0.17B,7.42%,$0.01B,$0.59B,2.11%,$0.03B,$0.35B,8.44%,$276,$102,$174,$0,$153,$265,$11,$-3,$8,$2,$6,$6,$5,$11,$11,$20,20,$0.27,$0.27,$6,$0,$0,$186,$367,$0,$39,$1,$407,$593,$163,$145,$25,$224,$387,$0,$37,$0,$206,$593,$31,$0,$1,$1,$0,$0,$0,$0,$0,$32,$-20,$0,$0,$0,$0,$0,$0,$-20,$-13,$0,$-13,$0,$0,$0,$0,$-13,$-1,$0,$0
42,2008-03-31,10.57,$9.91,1.07,$47.69,0.22,$-4.28,0.0,$0.69,15.4,$0.16B,$0.13B,1.3,$0.17B,$0.20B,0.86,$0.99B,$0.67B,67.51%,$0.99B,$0.03B,3.42%,$0.99B,$0.03B,3.42%,$0.99B,$0.03B,3.42%,$0.99B,$0.02B,2.21%,$0.99B,$0.01B,1.41%,$0.01B,$0.20B,6.93%,$0.01B,$0.16B,8.63%,$0.01B,$0.58B,2.55%,$0.03B,$0.37B,9.83%,$249,$85,$164,$0,$152,$247,$2,$-3,$-1,$-0,$-1,$-1,$-1,$2,$2,$20,20,$-0.04,$-0.04,$5,$0,$0,$164,$371,$0,$39,$1,$411,$576,$127,$173,$22,$249,$376,$0,$32,$0,$200,$576,$-0,$0,$0,$0,$0,$0,$0,$0,$0,$-0,$-13,$0,$0,$0,$0,$0,$0,$-13,$12,$0,$12,$0,$0,$0,$0,$12,$-1,$0,$0
43,2007-12-31,8.87,$9.95,0.89,$45.86,0.19,$-4.36,0.0,$0.87,10.23,$0.15B,$0.13B,1.2,$0.16B,$0.20B,0.8,$0.98B,$0.67B,68.78%,$0.98B,$0.04B,3.99%,$0.98B,$0.04B,3.99%,$0.98B,$0.04B,3.99%,$0.98B,$0.03B,2.87%,$0.98B,$0.02B,1.84%,$0.02B,$0.20B,8.90%,$0.02B,$0.16B,11.09%,$0.02B,$0.56B,3.38%,$0.04B,$0.36B,11.71%,$244,$82,$161,$0,$148,$240,$4,$-3,$1,$0,$1,$1,$2,$4,$4,$21,21,$0.11,$0.11,$7,$0,$6,$152,$369,$0,$39,$1,$409,$561,$127,$160,$17,$233,$360,$0,$33,$0,$201,$561,$18,$39,$-3,$36,$-14,$0,$0,$-2,$-8,$46,$-89,$0,$-2,$0,$0,$0,$0,$-91,$62,$0,$62,$-21,$-21,$0,$0,$41,$-4,$1,$0
44,2007-09-30,11.02,$9.88,1.12,$44.13,0.25,$-2.98,0.0,$1.00,11.02,$0.16B,$0.14B,1.13,$0.14B,$0.20B,0.7,$0.95B,$0.67B,70.17%,$0.95B,$0.05B,4.73%,$0.95B,$0.05B,4.73%,$0.95B,$0.05B,4.73%,$0.95B,$0.04B,3.78%,$0.95B,$0.02B,2.21%,$0.02B,$0.20B,10.36%,$0.02B,$0.16B,12.84%,$0.02B,$0.54B,4.09%,$0.05B,$0.34B,14.14%,$248,$79,$168,$0,$148,$235,$13,$-3,$10,$4,$6,$6,$6,$13,$13,$20,21,$0.29,$0.29,$4,$0,$0,$155,$343,$0,$40,$1,$385,$540,$137,$139,$16,$204,$342,$0,$31,$0,$198,$540,$31,$0,$0,$0,$0,$0,$0,$0,$0,$31,$-54,$0,$-2,$0,$0,$0,$0,$-57,$41,$0,$41,$-22,$-22,$0,$0,$19,$-7,$0,$0
45,2007-06-30,18.17,$9.79,1.86,$42.32,0.43,$-2.11,0.0,$1.06,17.14,$0.15B,$0.14B,1.08,$0.10B,$0.21B,0.5,$0.93B,$0.66B,70.86%,$0.93B,$0.05B,4.95%,$0.93B,$0.05B,4.95%,$0.93B,$0.05B,4.95%,$0.93B,$0.04B,4.09%,$0.93B,$0.02B,2.47%,$0.02B,$0.21B,11.22%,$0.02B,$0.17B,13.71%,$0.02B,$0.52B,4.58%,$0.05B,$0.31B,14.76%,$253,$75,$178,$0,$153,$238,$15,$-2,$12,$5,$7,$7,$7,$15,$15,$21,22,$0.35,$0.34,$6,$0,$0,$151,$326,$0,$40,$1,$367,$519,$140,$104,$17,$169,$309,$0,$25,$0,$209,$519,$20,$0,$-0,$-0,$0,$0,$0,$0,$0,$20,$-29,$0,$-2,$0,$0,$0,$0,$-31,$12,$0,$12,$-5,$-5,$0,$0,$7,$-4,$0,$0
46,2007-03-31,15.83,$9.41,1.68,$40.70,0.39,$-1.92,0.0,$-0.89,0.0,$0.14B,$0.13B,1.15,$0.12B,$0.20B,0.6,$0.90B,$0.64B,70.84%,$0.90B,$0.05B,5.32%,$0.90B,$0.05B,5.32%,$0.90B,$0.05B,5.32%,$0.90B,$0.04B,4.55%,$0.90B,$-0.02B,-2.22%,$-0.02B,$0.20B,-9.89%,$-0.02B,$0.16B,-11.98%,$-0.02B,$0.51B,-4.06%,$0.05B,$0.32B,15.56%,$232,$67,$165,$0,$147,$225,$7,$-2,$5,$2,$3,$3,$3,$7,$7,$21,22,$0.14,$0.14,$7,$0,$0,$143,$325,$0,$40,$1,$366,$510,$125,$120,$18,$184,$309,$0,$18,$0,$201,$510,$4,$0,$-0,$-0,$0,$0,$0,$0,$0,$4,$-21,$0,$-2,$0,$0,$0,$0,$-23,$21,$0,$21,$-5,$-5,$0,$0,$15,$-4,$0,$0
47,2006-12-31,15.47,$9.39,1.65,$39.23,0.39,$-1.96,0.0,$-0.93,0.0,$0.13B,$0.13B,1.06,$0.10B,$0.20B,0.49,$0.88B,$0.62B,70.51%,$0.88B,$0.05B,5.71%,$0.88B,$0.05B,5.71%,$0.88B,$0.05B,5.71%,$0.88B,$0.04B,4.80%,$0.88B,$-0.02B,-2.40%,$-0.02B,$0.20B,-9.99%,$-0.02B,$0.17B,-11.86%,$-0.02B,$0.49B,-4.17%,$0.05B,$0.30B,15.81%,$219,$62,$157,$0,$136,$209,$10,$-2,$9,$3,$5,$5,$5,$10,$10,$22,22,$0.24,$0.23,$11,$0,$6,$134,$315,$0,$38,$1,$354,$487,$127,$99,$14,$158,$284,$0,$15,$0,$203,$487,$-21,$33,$49,$82,$-4,$0,$0,$22,$15,$76,$-91,$0,$24,$0,$-5,$-5,$0,$-72,$-5,$0,$-5,$-5,$-5,$0,$0,$-10,$-6,$1,$0
