,Date,Stock Price,Book Value per Share,Price to Book Ratio,TTM Sales per Share,Price to Sales Ratio,TTM FCF per Share,Price to FCF Ratio,TTM Net EPS,PE Ratio,Current Assets,Current Liabilities,Current Ratio,Long Term Debt,Shareholder's Equity_x,Debt to Equity Ratio,TTM Revenue_x,TTM Gross Profit,Gross Margin,TTM Revenue_y,TTM Operating Income,Operating Margin,TTM Revenue_x,TTM EBIT,EBIT Margin,TTM Revenue_y,TTM EBITDA,EBITDA Margin,TTM Revenue_x,TTM Pre-Tax Income,Pre-Tax Margin,TTM Revenue_y,TTM Net Income_x,Net Margin,TTM Net Income_y,Shareholder's Equity_y,Return on Equity,TTM Net Income_x,Tangible Equity,Return on Tangible Equity,TTM Net Income_y,Total Assets,Return on Assets,TTM Net Income,LT Investments & Debt,Return on Investment,revenue,cost-goods-sold,gross-profit,research-development-expenses,selling-general-administrative-expenses,operating-expenses,operating-income,total-non-operating-income-expense,pre-tax-income,total-provision-income-taxes,income-after-taxes,income-from-continuous-operations,net-income,ebitda,ebit,basic-shares-outstanding,shares-outstanding,eps-basic-net-earnings-per-share,eps-earnings-per-share-diluted,cash-on-hand,inventory,other-current-assets,total-current-assets,net-property-plant-equipment,long-term-investments,goodwill-intangible-assets-total,other-long-term-assets,total-long-term-assets,total-assets,total-current-liabilities,long-term-debt,other-non-current-liabilities,total-long-term-liabilities,total-liabilities,common-stock-net,retained-earnings-accumulated-deficit,comprehensive-income,total-share-holder-equity,total-liabilities-share-holders-equity,net-income-loss,total-depreciation-amortization-cash-flow,other-non-cash-items,total-non-cash-items,change-in-accounts-receivable,change-in-inventories,change-in-accounts-payable,change-in-assets-liabilities,total-change-in-assets-liabilities,cash-flow-from-operating-activities,net-change-in-property-plant-equipment,net-change-in-intangible-assets,net-acquisitions-divestitures,net-change-in-short-term-investments,net-change-in-long-term-investments,net-change-in-investments-total,investing-activities-other,cash-flow-from-investing-activities,net-long-term-debt,net-current-debt,debt-issuance-retirement-net-total,net-common-equity-issued-repurchased,net-total-equity-issued-repurchased,total-common-preferred-stock-dividends-paid,financial-activities-other,cash-flow-from-financial-activities,net-cash-flow,stock-based-compensation,common-stock-dividends-paid
0,2018-09-30,3.4,$8.65,0.39,$9.99,0.34,$1.94,1.76,$0.85,4.0,$0.05B,$0.05B,0.89,$0.24B,$0.23B,1.06,$0.26B,$0.06B,22.43%,$0.26B,$0.02B,6.84%,$0.26B,$0.02B,6.84%,$0.26B,$0.04B,13.69%,$0.26B,0,0.00%,$0.26B,$0.02B,8.37%,$0.02B,$0.23B,9.63%,$0.02B,$-0.19B,-11.66%,$0.02B,$0.57B,3.86%,$0.02B,$0.47B,3.80%,$66,$51,$14,$0,$0,$59,$6,$-5,$2,$1,$1,$1,$1,$11,$6,$26,26,$0.05,$0.05,$0,$1,$4,$48,$97,$0,$419,$4,$521,$569,$53,$240,$15,$289,$342,$0,$15,$0,$226,$569,$-0,$14,$6,$20,$-4,$-0,$0,$-3,$0,$20,$-5,$0,$-4,$0,$0,$0,$-0,$-9,$102,$-107,$-6,$0,$0,$-5,$-0,$-11,$0,$0,$-5
1,2018-06-30,5.15,$8.66,0.59,$10.00,0.51,$2.00,2.57,$0.80,6.44,$0.05B,$0.05B,1.07,$0.24B,$0.23B,1.06,$0.26B,$0.06B,22.52%,$0.26B,$0.02B,6.49%,$0.26B,$0.02B,6.49%,$0.26B,$0.04B,13.36%,$0.26B,$-0.00B,-0.76%,$0.26B,$0.02B,8.02%,$0.02B,$0.23B,9.32%,$0.02B,$-0.18B,-10.78%,$0.02B,$0.57B,3.66%,$0.02B,$0.47B,3.60%,$66,$51,$15,$0,$0,$65,$1,$-5,$-3,$-1,$-2,$-2,$-2,$6,$1,$26,26,$-0.08,$-0.08,$0,$1,$11,$53,$96,$0,$410,$4,$512,$565,$49,$240,$15,$288,$338,$0,$16,$0,$227,$565,$-1,$10,$5,$15,$-1,$-0,$0,$-3,$-3,$10,$-4,$0,$2,$0,$0,$0,$-0,$-3,$-7,$3,$-4,$0,$0,$-3,$0,$-7,$0,$0,$-3
2,2018-03-31,3.55,$8.80,0.4,$9.96,0.36,$2.23,1.59,$0.93,3.82,$0.05B,$0.04B,1.15,$0.25B,$0.23B,1.08,$0.26B,$0.06B,22.90%,$0.26B,$0.03B,9.54%,$0.26B,$0.03B,9.54%,$0.26B,$0.04B,16.03%,$0.26B,$0.00B,1.15%,$0.26B,$0.02B,9.16%,$0.02B,$0.23B,10.80%,$0.02B,$-0.19B,-11.90%,$0.02B,$0.57B,4.16%,$0.03B,$0.48B,5.30%,$64,$50,$14,$0,$0,$58,$6,$-4,$1,$0,$1,$1,$1,$10,$6,$26,26,$0.03,$0.03,$0,$1,$8,$46,$99,$0,$419,$4,$524,$570,$40,$250,$15,$300,$340,$0,$19,$0,$230,$570,$1,$5,$1,$5,$1,$-0,$0,$-1,$7,$13,$-2,$0,$0,$0,$0,$0,$-0,$-2,$-9,$0,$-9,$0,$0,$-2,$0,$-10,$0,$0,$-2
3,2017-12-31,4.36,$8.84,0.49,$10.00,0.44,$2.08,2.1,$0.94,4.64,$0.05B,$0.04B,1.11,$0.25B,$0.23B,1.08,$0.26B,$0.06B,22.81%,$0.26B,$0.02B,9.13%,$0.26B,$0.02B,9.13%,$0.26B,$0.04B,15.59%,$0.26B,$0.00B,1.52%,$0.26B,$0.02B,9.13%,$0.02B,$0.23B,10.98%,$0.02B,$-0.19B,-11.55%,$0.02B,$0.57B,4.15%,$0.02B,$0.48B,5.11%,$67,$51,$16,$0,$0,$63,$5,$-5,$-0,$-22,$22,$22,$22,$9,$5,$26,26,$0.85,$0.85,$0,$1,$6,$47,$99,$0,$421,$3,$526,$573,$42,$250,$16,$299,$342,$0,$20,$0,$231,$573,$25,$18,$-11,$7,$0,$-0,$0,$-2,$-5,$27,$-8,$0,$-2,$0,$0,$0,$-0,$-10,$-173,$171,$-3,$1,$1,$-7,$-8,$-17,$-0,$2,$-7
4,2017-09-30,6.31,$8.15,0.77,$10.18,0.62,$2.52,2.5,$0.20,31.54,$0.05B,$0.05B,0.9,$0.25B,$0.21B,1.17,$0.27B,$0.06B,23.22%,$0.27B,$0.02B,8.24%,$0.27B,$0.02B,8.24%,$0.27B,$0.04B,14.98%,$0.27B,$0.01B,1.87%,$0.27B,$0.01B,1.87%,$0.01B,$0.21B,2.34%,$0.01B,$-0.22B,-2.33%,$0.01B,$0.58B,0.86%,$0.02B,$0.46B,4.71%,$65,$52,$14,$0,$0,$60,$5,$-5,$0,$0,$-0,$-0,$-0,$10,$5,$26,26,$-0.00,$-0.00,$0,$1,$0,$45,$102,$0,$430,$3,$539,$584,$50,$249,$10,$320,$370,$0,$1,$0,$213,$584,$2,$13,$7,$20,$-0,$-0,$0,$-2,$3,$25,$-8,$0,$-2,$0,$0,$0,$-0,$-10,$52,$-55,$-3,$1,$1,$-5,$-8,$-15,$-0,$2,$-5
5,2017-06-30,6.72,$8.22,0.82,$10.40,0.65,$2.67,2.51,$0.28,23.99,$0.04B,$0.05B,0.98,$0.25B,$0.22B,1.16,$0.27B,$0.07B,23.81%,$0.27B,$0.03B,9.52%,$0.27B,$0.03B,9.52%,$0.27B,$0.04B,15.75%,$0.27B,$0.01B,4.03%,$0.27B,$0.01B,2.56%,$0.01B,$0.22B,3.28%,$0.01B,$-0.21B,-3.23%,$0.01B,$0.58B,1.19%,$0.03B,$0.46B,5.52%,$66,$50,$16,$0,$0,$57,$9,$-7,$2,$1,$1,$1,$1,$13,$9,$26,27,$0.05,$0.05,$0,$1,$1,$44,$102,$0,$427,$3,$534,$578,$45,$249,$10,$319,$363,$0,$3,$0,$215,$578,$2,$9,$5,$14,$3,$-0,$0,$-1,$0,$17,$-4,$0,$-0,$0,$0,$0,$-0,$-5,$-254,$-3,$-256,$255,$255,$-3,$-7,$-12,$-0,$1,$-3
6,2017-03-31,6.98,$8.25,0.85,$10.51,0.66,$2.82,2.47,$0.36,19.4,$0.04B,$0.04B,1.09,$0.26B,$0.22B,1.19,$0.28B,$0.07B,23.64%,$0.28B,$0.03B,9.82%,$0.28B,$0.03B,9.82%,$0.28B,$0.04B,16.00%,$0.28B,$0.02B,5.45%,$0.28B,$0.01B,3.27%,$0.01B,$0.22B,4.24%,$0.01B,$-0.21B,-4.11%,$0.01B,$0.58B,1.53%,$0.03B,$0.47B,5.69%,$65,$51,$14,$0,$0,$60,$5,$-3,$2,$1,$1,$1,$1,$9,$5,$26,26,$0.04,$0.04,$0,$1,$1,$43,$103,$0,$428,$3,$536,$579,$39,$256,$10,$325,$364,$0,$3,$0,$215,$579,$1,$4,$2,$6,$3,$-0,$0,$0,$2,$9,$-3,$0,$-0,$0,$0,$0,$-0,$-3,$-4,$0,$-4,$0,$0,$-2,$-0,$-6,$-0,$1,$-2
7,2016-12-31,5.81,$8.18,0.71,$10.54,0.55,$2.91,2.0,$0.33,17.6,$0.06B,$0.04B,1.39,$0.26B,$0.21B,1.24,$0.28B,$0.07B,23.64%,$0.28B,$0.03B,10.18%,$0.28B,$0.03B,10.18%,$0.28B,$0.05B,16.36%,$0.28B,$0.01B,5.09%,$0.28B,$0.01B,2.91%,$0.01B,$0.21B,3.79%,$0.01B,$-0.22B,-3.62%,$0.01B,$0.59B,1.35%,$0.03B,$0.47B,5.88%,$71,$53,$18,$0,$0,$67,$3,$-2,$1,$-2,$3,$3,$3,$8,$3,$26,26,$0.12,$0.12,$0,$1,$0,$55,$103,$0,$429,$3,$536,$590,$39,$261,$10,$340,$379,$0,$3,$0,$211,$590,$9,$18,$11,$29,$4,$0,$0,$-3,$1,$39,$-9,$0,$-7,$0,$0,$0,$-0,$-15,$33,$-47,$-14,$1,$1,$-7,$-4,$-23,$0,$1,$-7
8,2016-09-30,5.41,$8.23,0.66,$10.50,0.52,$2.21,2.45,$0.42,12.88,$0.06B,$0.04B,1.35,$0.27B,$0.21B,1.25,$0.27B,$0.06B,23.44%,$0.27B,$0.03B,12.45%,$0.27B,$0.03B,12.45%,$0.27B,$0.05B,18.68%,$0.27B,$0.02B,7.69%,$0.27B,$0.01B,3.66%,$0.01B,$0.21B,4.74%,$0.01B,$-0.22B,-4.51%,$0.01B,$0.60B,1.68%,$0.03B,$0.48B,7.12%,$71,$55,$17,$0,$0,$62,$9,$-3,$6,$4,$2,$2,$2,$13,$9,$26,26,$0.08,$0.08,$0,$1,$1,$56,$103,$0,$436,$3,$543,$599,$42,$265,$2,$345,$387,$0,$3,$0,$212,$599,$6,$13,$7,$20,$4,$0,$0,$-4,$1,$27,$-5,$0,$-7,$0,$0,$0,$-0,$-12,$31,$-37,$-7,$1,$1,$-5,$-4,$-14,$-0,$0,$-5
9,2016-06-30,6.57,$8.24,0.8,$10.38,0.63,$1.70,3.87,$0.42,15.64,$0.05B,$0.04B,1.37,$0.27B,$0.21B,1.26,$0.27B,$0.06B,23.42%,$0.27B,$0.03B,12.64%,$0.27B,$0.03B,12.64%,$0.27B,$0.05B,19.33%,$0.27B,$0.02B,6.69%,$0.27B,$0.01B,3.72%,$0.01B,$0.21B,4.78%,$0.01B,$-0.22B,-4.51%,$0.01B,$0.59B,1.68%,$0.03B,$0.48B,7.12%,$68,$51,$16,$0,$0,$58,$10,$-4,$6,$2,$3,$3,$3,$14,$10,$26,26,$0.13,$0.13,$0,$1,$1,$52,$105,$0,$432,$3,$540,$592,$38,$266,$3,$344,$381,$0,$2,$0,$211,$592,$4,$9,$4,$13,$7,$-0,$0,$-5,$3,$20,$-4,$0,$-3,$0,$0,$0,$-1,$-7,$-4,$-2,$-7,$0,$0,$-3,$-3,$-13,$-0,$0,$-3
10,2016-03-31,5.18,$8.25,0.63,$10.38,0.5,$1.25,4.15,$0.43,12.06,$0.05B,$0.04B,1.25,$0.27B,$0.21B,1.27,$0.27B,$0.06B,23.88%,$0.27B,$0.03B,12.31%,$0.27B,$0.03B,12.31%,$0.27B,$0.05B,19.40%,$0.27B,$0.02B,6.72%,$0.27B,$0.01B,4.10%,$0.01B,$0.21B,5.29%,$0.01B,$-0.22B,-4.98%,$0.01B,$0.59B,1.86%,$0.03B,$0.48B,6.90%,$65,$50,$14,$0,$0,$58,$6,$-6,$1,$0,$0,$0,$0,$10,$6,$25,26,$0.01,$0.01,$0,$1,$2,$53,$105,$0,$432,$3,$541,$594,$42,$267,$3,$341,$383,$0,$2,$0,$210,$594,$0,$4,$2,$7,$7,$0,$0,$-2,$4,$11,$-3,$0,$-3,$0,$0,$0,$-0,$-6,$-2,$-1,$-3,$0,$0,$0,$-3,$-5,$-0,$0,$0
11,2015-12-31,4.43,$8.23,0.54,$10.27,0.43,$1.04,4.27,$0.44,10.06,$0.06B,$0.05B,1.29,$0.27B,$0.21B,1.28,$0.27B,$0.06B,24.15%,$0.27B,$0.03B,12.45%,$0.27B,$0.03B,12.45%,$0.27B,$0.05B,19.62%,$0.27B,$0.02B,6.42%,$0.27B,$0.01B,4.15%,$0.01B,$0.21B,5.34%,$0.01B,$-0.22B,-4.99%,$0.01B,$0.60B,1.87%,$0.03B,$0.48B,6.90%,$69,$52,$17,$0,$0,$60,$9,$-1,$8,$3,$5,$5,$5,$14,$9,$25,26,$0.20,$0.20,$0,$1,$2,$58,$105,$0,$430,$3,$538,$596,$45,$269,$10,$342,$386,$0,$2,$0,$210,$596,$11,$19,$8,$27,$1,$-0,$0,$4,$-2,$36,$-24,$0,$-4,$0,$0,$0,$-0,$-29,$58,$-57,$1,$0,$0,$-7,$-2,$-7,$0,$1,$-7
12,2015-09-30,5.37,$8.09,0.66,$10.13,0.53,$1.61,3.33,$0.24,22.39,$0.06B,$0.05B,1.21,$0.27B,$0.21B,1.32,$0.26B,$0.06B,24.05%,$0.26B,$0.03B,11.83%,$0.26B,$0.03B,11.83%,$0.26B,$0.05B,18.70%,$0.26B,$0.01B,3.82%,$0.26B,$0.01B,2.29%,$0.01B,$0.21B,2.93%,$0.01B,$-0.22B,-2.72%,$0.01B,$0.60B,1.02%,$0.03B,$0.48B,6.48%,$67,$51,$16,$0,$0,$59,$9,$-5,$3,$1,$2,$2,$2,$14,$9,$25,26,$0.08,$0.08,$0,$1,$2,$57,$104,$0,$429,$3,$538,$595,$47,$272,$3,$341,$389,$0,$-2,$0,$206,$595,$6,$14,$8,$22,$2,$-0,$0,$-2,$-3,$25,$-18,$0,$-4,$0,$0,$0,$-0,$-23,$42,$-38,$4,$0,$0,$-5,$-2,$-3,$0,$1,$-5
13,2015-06-30,5.49,$8.07,0.68,$10.17,0.54,$1.88,2.92,$0.30,18.31,$0.05B,$0.04B,1.26,$0.27B,$0.21B,1.33,$0.27B,$0.07B,24.53%,$0.27B,$0.03B,11.70%,$0.27B,$0.03B,11.70%,$0.27B,$0.05B,18.49%,$0.27B,$0.01B,4.91%,$0.27B,$0.01B,3.02%,$0.01B,$0.21B,3.92%,$0.01B,$-0.22B,-3.64%,$0.01B,$0.59B,1.37%,$0.03B,$0.48B,6.44%,$67,$50,$17,$0,$0,$58,$9,$-3,$6,$2,$4,$4,$4,$14,$9,$25,26,$0.14,$0.14,$0,$1,$2,$54,$102,$0,$424,$3,$532,$586,$43,$273,$2,$338,$381,$0,$-2,$0,$205,$586,$4,$9,$5,$14,$6,$-0,$0,$-5,$-2,$16,$-12,$0,$-0,$0,$0,$0,$-0,$-12,$1,$1,$2,$0,$0,$-3,$-2,$-4,$0,$0,$-3
14,2015-03-31,5.28,$8.00,0.66,$10.21,0.52,$1.88,2.81,$0.21,25.16,$0.05B,$0.04B,1.24,$0.27B,$0.20B,1.35,$0.27B,$0.07B,24.34%,$0.27B,$0.03B,10.86%,$0.27B,$0.03B,10.86%,$0.27B,$0.05B,17.60%,$0.27B,$0.01B,3.37%,$0.27B,$0.01B,1.87%,$0.01B,$0.20B,2.45%,$0.01B,$-0.22B,-2.26%,$0.01B,$0.58B,0.85%,$0.03B,$0.48B,5.99%,$62,$47,$14,$0,$0,$56,$6,$-5,$0,$0,$0,$0,$0,$10,$6,$25,26,$0.01,$0.01,$0,$1,$2,$54,$99,$0,$424,$3,$529,$582,$43,$274,$2,$336,$379,$0,$-4,$0,$203,$582,$0,$5,$3,$7,$6,$-0,$0,$-5,$-0,$7,$-4,$0,$-0,$0,$0,$0,$-0,$-5,$-3,$3,$-1,$0,$0,$-2,$-0,$-2,$0,$0,$-2
15,2014-12-31,6.64,$8.06,0.82,$10.23,0.65,$1.82,3.65,$0.21,31.61,$0.05B,$0.04B,1.37,$0.28B,$0.20B,1.35,$0.27B,$0.07B,24.72%,$0.27B,$0.03B,10.49%,$0.27B,$0.03B,10.49%,$0.27B,$0.05B,17.60%,$0.27B,$0.01B,3.75%,$0.27B,$0.01B,1.87%,$0.01B,$0.20B,2.46%,$0.01B,$-0.22B,-2.25%,$0.01B,$0.58B,0.85%,$0.03B,$0.48B,5.75%,$66,$50,$16,$0,$0,$59,$7,$-6,$1,$1,$0,$0,$0,$11,$7,$25,26,$0.00,$0.00,$0,$1,$2,$54,$99,$0,$424,$3,$529,$583,$40,$276,$4,$339,$379,$0,$-3,$0,$204,$583,$5,$20,$14,$33,$4,$-0,$0,$-2,$3,$42,$-15,$0,$-7,$0,$0,$0,$-0,$-22,$41,$-56,$-15,$1,$1,$-6,$-0,$-20,$-0,$2,$-6
16,2014-09-30,6.41,$8.12,0.79,$10.22,0.63,$1.31,4.9,$0.41,15.62,$0.06B,$0.04B,1.39,$0.28B,$0.21B,1.38,$0.26B,$0.06B,24.24%,$0.26B,$0.03B,11.74%,$0.26B,$0.03B,11.74%,$0.26B,$0.05B,18.94%,$0.26B,$0.02B,6.06%,$0.26B,$0.01B,3.79%,$0.01B,$0.21B,4.93%,$0.01B,$-0.22B,-4.55%,$0.01B,$0.59B,1.71%,$0.03B,$0.49B,6.33%,$70,$52,$18,$0,$0,$61,$9,$-3,$6,$3,$4,$4,$4,$14,$9,$26,26,$0.14,$0.14,$0,$1,$2,$59,$100,$0,$425,$4,$533,$593,$43,$284,$4,$345,$387,$0,$-1,$0,$205,$593,$5,$15,$9,$24,$-1,$-0,$0,$-5,$-3,$27,$-12,$0,$-6,$0,$0,$0,$-0,$-19,$-5,$0,$-4,$1,$1,$-5,$-0,$-8,$0,$1,$-5
17,2014-06-30,7.9,$8.02,0.98,$9.82,0.8,$1.07,7.35,$0.48,16.46,$0.05B,$0.04B,1.35,$0.29B,$0.20B,1.42,$0.25B,$0.06B,25.40%,$0.25B,$0.03B,12.30%,$0.25B,$0.03B,12.30%,$0.25B,$0.05B,19.44%,$0.25B,$0.01B,5.56%,$0.25B,$0.01B,4.37%,$0.01B,$0.20B,5.47%,$0.01B,$-0.22B,-5.03%,$0.01B,$0.59B,1.89%,$0.03B,$0.49B,6.33%,$69,$52,$17,$0,$0,$61,$7,$-5,$2,$1,$1,$1,$1,$12,$7,$25,26,$0.05,$0.05,$0,$1,$2,$54,$101,$0,$427,$3,$535,$589,$40,$288,$4,$346,$386,$0,$-3,$0,$203,$589,$2,$10,$7,$17,$4,$0,$0,$-5,$3,$21,$-17,$0,$-0,$0,$0,$0,$-0,$-17,$-2,$-0,$-2,$1,$1,$-3,$-0,$-4,$0,$1,$-3
18,2014-03-31,8.29,$8.03,1.03,$9.53,0.87,$0.97,8.52,$0.63,13.15,$0.05B,$0.04B,1.31,$0.29B,$0.20B,1.43,$0.24B,$0.07B,27.16%,$0.24B,$0.03B,13.58%,$0.24B,$0.03B,13.58%,$0.24B,$0.05B,20.99%,$0.24B,$0.02B,9.05%,$0.24B,$0.02B,6.17%,$0.02B,$0.20B,7.56%,$0.02B,$-0.22B,-6.88%,$0.02B,$0.59B,2.60%,$0.03B,$0.49B,6.76%,$62,$47,$15,$0,$0,$57,$5,$-5,$1,$0,$0,$0,$0,$10,$5,$25,26,$0.02,$0.02,$0,$1,$2,$53,$100,$0,$426,$4,$536,$589,$41,$288,$4,$346,$387,$0,$-3,$0,$202,$589,$0,$5,$3,$8,$5,$0,$0,$-4,$2,$10,$-9,$0,$0,$0,$0,$0,$0,$-9,$0,$-0,$-0,$0,$0,$-1,$-0,$-1,$0,$1,$-1
19,2013-12-31,7.17,$8.06,0.89,$9.38,0.77,$0.90,7.96,$-0.14,0.0,$0.05B,$0.03B,1.61,$0.29B,$0.20B,1.43,$0.24B,$0.07B,28.27%,$0.24B,$0.04B,14.77%,$0.24B,$0.04B,14.77%,$0.24B,$0.05B,21.94%,$0.24B,$-0.01B,-2.53%,$0.24B,$-0.00B,-1.69%,$-0.00B,$0.20B,-2.05%,$-0.00B,$-0.21B,1.83%,$-0.00B,$0.58B,-0.70%,$0.04B,$0.49B,7.16%,$63,$48,$14,$0,$0,$53,$10,$-3,$7,$1,$5,$5,$5,$14,$10,$25,25,$0.23,$0.23,$0,$0,$2,$51,$99,$0,$414,$5,$524,$575,$32,$288,$0,$342,$373,$0,$-2,$0,$202,$575,$-3,$17,$26,$43,$-3,$0,$0,$-4,$-12,$29,$-16,$0,$-2,$0,$0,$0,$-0,$-18,$-18,$15,$-3,$1,$1,$-5,$-4,$-11,$-0,$2,$-5
20,2013-09-30,6.79,$7.95,0.85,$9.28,0.73,$1.18,5.74,$-0.26,0.0,$0.05B,$0.03B,1.64,$0.29B,$0.20B,1.47,$0.24B,$0.07B,28.94%,$0.24B,$0.04B,14.89%,$0.24B,$0.04B,14.89%,$0.24B,$0.05B,22.13%,$0.24B,$-0.01B,-3.83%,$0.24B,$-0.01B,-2.98%,$-0.01B,$0.20B,-3.58%,$-0.01B,$-0.22B,3.24%,$-0.01B,$0.57B,-1.22%,$0.04B,$0.49B,7.29%,$58,$41,$18,$0,$5,$50,$9,$-5,$4,$-1,$5,$5,$5,$13,$9,$25,26,$0.21,$0.21,$1,$0,$2,$50,$99,$0,$414,$4,$521,$571,$30,$291,$0,$343,$373,$0,$-5,$0,$198,$571,$-8,$13,$24,$37,$2,$0,$0,$-5,$-7,$21,$-13,$0,$-1,$0,$0,$0,$-0,$-13,$101,$-102,$-1,$1,$1,$-2,$-4,$-7,$1,$2,$-2
21,2013-06-30,6.1,$7.82,0.78,$9.27,0.66,$1.38,4.43,$-0.34,0.0,$0.05B,$0.04B,1.43,$0.29B,$0.19B,1.52,$0.23B,$0.07B,28.63%,$0.23B,$0.03B,14.53%,$0.23B,$0.03B,14.53%,$0.23B,$0.05B,21.79%,$0.23B,$-0.01B,-4.70%,$0.23B,$-0.01B,-3.85%,$-0.01B,$0.19B,-4.56%,$-0.01B,$-0.22B,4.24%,$-0.01B,$0.57B,-1.58%,$0.03B,$0.49B,7.21%,$60,$41,$19,$0,$5,$51,$9,$0,$10,$4,$5,$5,$5,$14,$9,$25,26,$0.20,$0.20,$0,$0,$2,$51,$99,$0,$413,$5,$523,$574,$36,$293,$0,$346,$382,$0,$-10,$0,$192,$574,$-13,$9,$23,$31,$-0,$0,$0,$-2,$-6,$12,$-10,$0,$0,$0,$0,$0,$-0,$-10,$44,$-86,$-43,$1,$1,$-2,$42,$-2,$-0,$1,$-2
22,2013-03-31,6.41,$7.59,0.85,$9.28,0.69,$1.58,4.06,$-0.61,0.0,$0.06B,$0.03B,1.95,$0.30B,$0.19B,1.62,$0.23B,$0.07B,28.45%,$0.23B,$0.03B,12.50%,$0.23B,$0.03B,12.50%,$0.23B,$0.05B,19.40%,$0.23B,$-0.02B,-10.34%,$0.23B,$-0.02B,-6.90%,$-0.02B,$0.19B,-8.02%,$-0.02B,$-0.23B,7.74%,$-0.02B,$0.58B,-2.83%,$0.03B,$0.49B,6.22%,$56,$39,$16,$0,$6,$49,$7,$-34,$-27,$-9,$-19,$-19,$-19,$11,$7,$25,25,$-0.75,$-0.75,$1,$0,$2,$61,$99,$0,$415,$2,$521,$582,$31,$303,$0,$364,$395,$0,$-14,$0,$187,$582,$-19,$4,$21,$25,$1,$0,$0,$-2,$-5,$2,$-2,$0,$-5,$0,$0,$0,$-1,$-8,$90,$-79,$11,$0,$0,$-1,$-4,$6,$-0,$1,$-1
23,2012-12-31,4.39,$8.39,0.52,$9.22,0.48,$1.94,2.27,$0.17,25.81,$0.05B,$0.05B,0.94,$0.25B,$0.21B,1.21,$0.23B,$0.07B,28.70%,$0.23B,$0.03B,13.04%,$0.23B,$0.03B,13.04%,$0.23B,$0.05B,20.00%,$0.23B,$0.01B,2.17%,$0.23B,$0.00B,1.74%,$0.00B,$0.21B,1.97%,$0.00B,$-0.20B,-2.01%,$0.00B,$0.56B,0.71%,$0.03B,$0.46B,6.49%,$61,$46,$15,$0,$0,$50,$10,$-6,$4,$2,$2,$2,$2,$14,$10,$25,25,$0.09,$0.09,$0,$0,$2,$48,$99,$0,$407,$2,$514,$562,$51,$249,$0,$305,$356,$0,$6,$0,$206,$562,$5,$16,$12,$28,$-3,$0,$0,$-2,$-1,$31,$-11,$0,$-8,$0,$0,$0,$-0,$-19,$-188,$179,$-9,$0,$0,$-3,$-0,$-12,$0,$1,$-3
24,2012-09-30,4.18,$8.36,0.5,$9.11,0.46,$2.50,1.67,$0.11,38.03,$0.05B,$0.05B,0.95,$0.25B,$0.20B,1.23,$0.23B,$0.07B,30.97%,$0.23B,$0.03B,13.72%,$0.23B,$0.03B,13.72%,$0.23B,$0.05B,20.80%,$0.23B,$0.01B,2.21%,$0.23B,$0.00B,0.88%,$0.00B,$0.20B,0.99%,$0.00B,$-0.20B,-1.01%,$0.00B,$0.56B,0.36%,$0.03B,$0.45B,6.66%,$57,$39,$17,$0,$5,$48,$8,$-6,$2,$-1,$3,$3,$3,$12,$8,$25,25,$0.13,$0.13,$0,$0,$3,$48,$101,$0,$403,$2,$512,$559,$50,$250,$0,$305,$355,$0,$5,$0,$204,$559,$3,$12,$8,$20,$-2,$0,$0,$-2,$0,$22,$-9,$0,$-3,$0,$0,$0,$0,$-12,$-18,$11,$-7,$0,$0,$-3,$-0,$-10,$0,$1,$-3
25,2012-06-30,4.34,$8.25,0.53,$9.07,0.48,$3.29,1.32,$0.04,108.41,$0.05B,$0.04B,1.37,$0.26B,$0.20B,1.31,$0.22B,$0.07B,31.25%,$0.22B,$0.03B,14.29%,$0.22B,$0.03B,14.29%,$0.22B,$0.05B,21.43%,$0.22B,$0.01B,2.23%,$0.22B,0,0.00%,$0.00B,$0.20B,0.00%,$0.00B,$-0.20B,0.00%,$0.00B,$0.56B,0.00%,$0.03B,$0.47B,6.78%,$58,$40,$18,$0,$5,$54,$4,$-7,$-3,$-1,$-2,$-2,$-2,$8,$4,$24,24,$-0.07,$-0.07,$0,$0,$3,$49,$102,$0,$400,$2,$510,$559,$36,$264,$0,$322,$358,$0,$2,$0,$201,$559,$-1,$8,$7,$15,$2,$0,$0,$-4,$-1,$13,$-6,$0,$-0,$0,$0,$0,$0,$-7,$-18,$14,$-4,$0,$0,$-2,$-0,$-6,$0,$1,$-2
26,2012-03-31,3.71,$8.37,0.44,$8.97,0.41,$4.00,0.93,$0.15,24.72,$0.04B,$0.03B,1.39,$0.27B,$0.20B,1.33,$0.22B,$0.07B,31.67%,$0.22B,$0.04B,17.19%,$0.22B,$0.04B,17.19%,$0.22B,$0.05B,24.43%,$0.22B,$0.01B,4.52%,$0.22B,$0.00B,1.36%,$0.00B,$0.20B,1.48%,$0.00B,$-0.20B,-1.52%,$0.00B,$0.56B,0.53%,$0.04B,$0.47B,7.95%,$54,$38,$16,$0,$5,$46,$8,$-6,$2,$1,$1,$1,$1,$12,$8,$25,25,$0.03,$0.03,$0,$0,$0,$42,$112,$0,$400,$1,$520,$562,$30,$271,$0,$328,$359,$0,$5,$0,$203,$562,$1,$4,$1,$5,$2,$0,$0,$-2,$4,$10,$-2,$0,$-2,$0,$0,$0,$0,$-4,$-0,$-5,$-5,$0,$0,$-1,$-0,$-6,$0,$0,$-1
27,2011-12-31,2.01,$8.36,0.24,$8.84,0.23,$4.47,0.45,$0.22,9.12,$0.04B,$0.04B,1.15,$0.27B,$0.20B,1.31,$0.22B,$0.07B,32.11%,$0.22B,$0.04B,19.27%,$0.22B,$0.04B,19.27%,$0.22B,$0.06B,26.61%,$0.22B,$0.01B,5.96%,$0.22B,$0.01B,2.29%,$0.01B,$0.20B,2.48%,$0.01B,$-0.20B,-2.52%,$0.01B,$0.56B,0.89%,$0.04B,$0.47B,8.72%,$57,$38,$19,$0,$4,$46,$11,$-7,$4,$3,$1,$1,$0,$15,$11,$24,25,$0.01,$0.03,$0,$0,$0,$42,$111,$0,$400,$1,$519,$561,$37,$266,$0,$322,$358,$0,$5,$0,$203,$561,$6,$17,$6,$23,$-1,$0,$0,$2,$2,$32,$2,$0,$-6,$0,$0,$0,$-1,$-5,$-149,$121,$-28,$0,$0,$0,$-1,$-28,$-1,$1,$0
28,2011-09-30,1.76,$8.35,0.21,$8.71,0.2,$3.59,0.49,$0.23,7.64,$0.04B,$0.03B,1.42,$0.28B,$0.20B,1.37,$0.22B,$0.07B,32.56%,$0.22B,$0.04B,19.07%,$0.22B,$0.04B,19.07%,$0.22B,$0.06B,26.51%,$0.22B,$0.01B,5.12%,$0.22B,$0.01B,2.79%,$0.01B,$0.20B,3.01%,$0.01B,$-0.20B,-2.99%,$0.01B,$0.56B,1.06%,$0.04B,$0.48B,8.38%,$55,$37,$17,$0,$4,$45,$9,$-7,$2,$1,$2,$2,$1,$13,$9,$25,25,$0.06,$0.06,$0,$0,$0,$42,$112,$0,$399,$1,$521,$563,$30,$278,$0,$331,$361,$0,$4,$0,$202,$563,$5,$13,$3,$16,$-1,$0,$0,$1,$5,$26,$6,$0,$-6,$0,$0,$0,$-0,$0,$-23,$-3,$-27,$0,$0,$0,$-0,$-27,$-1,$1,$0
29,2011-06-30,2.77,$8.28,0.33,$8.58,0.32,$2.80,0.99,$0.18,15.41,$0.04B,$0.02B,1.72,$0.29B,$0.20B,1.44,$0.21B,$0.07B,32.70%,$0.21B,$0.04B,18.96%,$0.21B,$0.04B,18.96%,$0.21B,$0.06B,26.54%,$0.21B,$0.01B,4.74%,$0.21B,$0.01B,2.37%,$0.01B,$0.20B,2.51%,$0.01B,$-0.20B,-2.46%,$0.01B,$0.57B,0.88%,$0.04B,$0.49B,8.09%,$55,$37,$18,$0,$4,$46,$10,$-8,$2,$1,$1,$1,$1,$14,$10,$24,24,$0.05,$0.04,$1,$0,$0,$42,$114,$0,$400,$1,$524,$566,$24,$288,$0,$341,$365,$0,$3,$0,$201,$566,$4,$8,$1,$10,$-0,$0,$0,$1,$3,$16,$8,$0,$-6,$0,$0,$0,$-0,$2,$-18,$1,$-17,$0,$0,$0,$-0,$-17,$1,$0,$0
30,2011-03-31,2.93,$8.21,0.36,$8.48,0.35,$2.08,1.41,$0.17,17.23,$0.04B,$0.03B,1.32,$0.29B,$0.20B,1.45,$0.21B,$0.07B,32.54%,$0.21B,$0.04B,19.14%,$0.21B,$0.04B,19.14%,$0.21B,$0.06B,26.79%,$0.21B,$0.01B,4.31%,$0.21B,$0.01B,2.39%,$0.01B,$0.20B,2.52%,$0.01B,$-0.20B,-2.45%,$0.01B,$0.57B,0.87%,$0.04B,$0.49B,8.02%,$51,$36,$16,$0,$5,$39,$12,$-7,$5,$2,$3,$3,$3,$16,$12,$25,25,$0.11,$0.10,$0,$0,$0,$39,$115,$0,$400,$4,$530,$568,$29,$288,$0,$340,$369,$0,$2,$0,$199,$568,$3,$4,$-2,$2,$2,$0,$0,$-1,$5,$10,$10,$0,$-6,$0,$0,$0,$-0,$4,$-0,$-14,$-14,$0,$0,$0,$-0,$-14,$-1,$0,$0
31,2010-12-31,2.48,$8.10,0.31,$8.39,0.3,$1.83,1.36,$0.08,30.95,$0.04B,$0.02B,1.8,$0.30B,$0.20B,1.55,$0.21B,$0.07B,33.01%,$0.21B,$0.04B,17.48%,$0.21B,$0.04B,17.48%,$0.21B,$0.05B,25.24%,$0.21B,$0.00B,1.94%,$0.21B,$0.00B,0.97%,$0.00B,$0.20B,1.01%,$0.00B,$-0.21B,-0.98%,$0.00B,$0.57B,0.35%,$0.04B,$0.50B,7.18%,$54,$35,$19,$0,$4,$43,$10,$-8,$2,$1,$1,$1,$1,$14,$10,$24,25,$0.03,$0.03,$1,$0,$0,$41,$116,$0,$403,$5,$534,$574,$23,$304,$1,$355,$378,$0,$-1,$0,$196,$574,$2,$16,$8,$24,$-4,$0,$0,$0,$-3,$23,$-11,$0,$-5,$0,$0,$0,$2,$-14,$-65,$54,$-11,$0,$0,$-5,$-1,$-16,$-8,$1,$-5
32,2010-09-30,2.2,$8.28,0.27,$8.35,0.26,$2.70,0.81,$-0.02,0.0,$0.04B,$0.03B,1.46,$0.30B,$0.20B,1.5,$0.20B,$0.07B,34.98%,$0.20B,$0.04B,18.23%,$0.20B,$0.04B,18.23%,$0.20B,$0.05B,26.11%,$0.20B,$0.00B,0.49%,$0.20B,$-0.00B,-0.49%,$-0.00B,$0.20B,-0.50%,$-0.00B,$-0.21B,0.49%,$-0.00B,$0.58B,-0.17%,$0.04B,$0.50B,7.34%,$51,$35,$16,$0,$4,$43,$8,$-7,$1,$0,$0,$0,$0,$12,$8,$24,25,$0.01,$0.01,$1,$0,$1,$39,$117,$0,$405,$4,$536,$576,$27,$299,$1,$349,$376,$0,$3,$0,$200,$576,$1,$12,$4,$17,$-2,$0,$0,$-0,$3,$21,$-8,$0,$-5,$0,$0,$0,$0,$-13,$-18,$3,$-16,$0,$0,$0,$-1,$-16,$-8,$1,$0
33,2010-06-30,2.74,$7.61,0.36,$8.33,0.33,$3.57,0.77,$-0.22,0.0,$0.04B,$0.02B,1.96,$0.31B,$0.20B,1.55,$0.20B,$0.07B,33.33%,$0.20B,$0.02B,11.94%,$0.20B,$0.02B,11.94%,$0.20B,$0.04B,19.90%,$0.20B,$-0.01B,-4.48%,$0.20B,$-0.01B,-2.99%,$-0.01B,$0.20B,-3.03%,$-0.01B,$-0.20B,2.98%,$-0.01B,$0.58B,-1.03%,$0.02B,$0.51B,4.89%,$53,$36,$17,$0,$4,$43,$10,$-9,$1,$1,$1,$1,$1,$14,$10,$24,25,$0.03,$0.03,$4,$0,$1,$40,$119,$0,$401,$5,$535,$576,$21,$308,$1,$356,$377,$0,$3,$0,$199,$576,$1,$8,$3,$11,$-0,$0,$0,$-1,$-2,$10,$-4,$0,$-5,$0,$0,$0,$0,$-8,$-18,$11,$-7,$0,$0,$0,$-1,$-8,$-5,$1,$0
34,2010-03-31,2.64,$8.31,0.32,$8.30,0.32,$4.07,0.65,$-0.46,0.0,$0.04B,$0.03B,1.45,$0.30B,$0.20B,1.52,$0.20B,$0.07B,33.33%,$0.20B,$0.01B,4.55%,$0.20B,$0.01B,4.55%,$0.20B,$0.03B,12.63%,$0.20B,$-0.02B,-9.09%,$0.20B,$-0.01B,-6.06%,$-0.01B,$0.20B,-6.05%,$-0.01B,$-0.20B,5.91%,$-0.01B,$0.57B,-2.05%,$0.01B,$0.50B,1.89%,$48,$32,$16,$0,$4,$40,$8,$-8,$0,$0,$0,$0,$0,$12,$8,$24,24,$0.01,$0.01,$7,$0,$0,$41,$119,$0,$399,$4,$534,$574,$28,$301,$1,$349,$377,$0,$2,$0,$198,$574,$0,$4,$0,$4,$3,$0,$0,$-0,$10,$15,$-1,$0,$-2,$0,$0,$0,$-0,$-3,$-0,$-13,$-13,$0,$0,$0,$-0,$-13,$-2,$0,$0
35,2009-12-31,4.42,$8.33,0.53,$8.38,0.53,$4.11,1.07,$-0.35,0.0,$0.04B,$0.02B,2.18,$0.31B,$0.20B,1.59,$0.20B,$0.07B,33.17%,$0.20B,$0.01B,5.03%,$0.20B,$0.01B,5.03%,$0.20B,$0.03B,13.07%,$0.20B,$-0.01B,-6.53%,$0.20B,$-0.01B,-4.52%,$-0.01B,$0.20B,-4.49%,$-0.01B,$-0.20B,4.34%,$-0.01B,$0.58B,-1.51%,$0.01B,$0.51B,2.15%,$51,$29,$22,$0,$7,$40,$11,$-12,$-1,$1,$-1,$-1,$-2,$15,$11,$24,24,$-0.07,$-0.07,$9,$0,$0,$44,$121,$0,$398,$4,$535,$579,$20,$314,$1,$361,$382,$0,$2,$0,$197,$579,$-8,$17,$34,$51,$-4,$0,$0,$0,$-3,$39,$-7,$0,$3,$0,$0,$0,$2,$-3,$-26,$6,$-19,$0,$0,$0,$-10,$-29,$7,$1,$0
36,2009-09-30,1.67,$8.33,0.2,$8.63,0.19,$3.63,0.46,$-1.57,0.0,$0.06B,$0.10B,0.66,$0.25B,$0.20B,1.26,$0.21B,$0.06B,30.73%,$0.21B,$-0.04B,-20.98%,$0.21B,$-0.04B,-20.98%,$0.21B,$-0.03B,-12.68%,$0.21B,$-0.06B,-28.29%,$0.21B,$-0.04B,-18.54%,$-0.04B,$0.20B,-18.84%,$-0.04B,$-0.20B,17.88%,$-0.04B,$0.60B,-6.29%,$-0.04B,$0.45B,-9.16%,$49,$37,$12,$0,$0,$55,$-5,$-3,$-9,$-4,$-5,$-5,$-5,$-1,$-5,$24,24,$-0.19,$-0.19,$32,$0,$0,$64,$124,$0,$398,$4,$530,$595,$97,$249,$7,$300,$398,$0,$4,$-1,$197,$595,$-7,$12,$25,$37,$-1,$0,$0,$2,$5,$36,$-3,$0,$-1,$0,$0,$0,$2,$-2,$-2,$-1,$-3,$0,$0,$0,$-1,$-4,$30,$0,$0
37,2009-06-30,0.71,$8.51,0.08,$8.88,0.08,$2.95,0.24,$-1.85,0.0,$0.05B,$0.09B,0.59,$0.25B,$0.20B,1.24,$0.21B,$0.07B,32.38%,$0.21B,$-0.05B,-24.76%,$0.21B,$-0.05B,-24.76%,$0.21B,$-0.04B,-16.67%,$0.21B,$-0.07B,-32.38%,$0.21B,$-0.04B,-20.95%,$-0.04B,$0.20B,-20.85%,$-0.04B,$-0.21B,19.69%,$-0.04B,$0.60B,-7.08%,$-0.05B,$0.45B,-10.41%,$50,$35,$16,$0,$3,$55,$-5,$-3,$-8,$-3,$-5,$-5,$-5,$-1,$-5,$24,24,$-0.21,$-0.21,$20,$0,$0,$54,$126,$0,$410,$4,$545,$599,$92,$249,$6,$306,$398,$0,$8,$-2,$201,$599,$-2,$8,$14,$22,$1,$0,$0,$1,$2,$23,$-4,$0,$3,$0,$0,$0,$2,$-0,$-0,$-2,$-3,$0,$0,$0,$-1,$-4,$19,$0,$0
38,2009-03-31,0.41,$8.71,0.05,$9.17,0.04,$2.23,0.18,$-1.49,0.0,$0.05B,$0.10B,0.52,$0.25B,$0.21B,1.22,$0.22B,$0.07B,32.72%,$0.22B,$-0.04B,-17.05%,$0.22B,$-0.04B,-17.05%,$0.22B,$-0.02B,-8.76%,$0.22B,$-0.06B,-25.35%,$0.22B,$-0.04B,-16.13%,$-0.04B,$0.21B,-15.80%,$-0.04B,$-0.22B,14.85%,$-0.04B,$0.61B,-5.43%,$-0.04B,$0.46B,-6.97%,$49,$32,$16,$0,$3,$40,$9,$-4,$5,$2,$3,$3,$3,$13,$9,$24,24,$0.12,$0.12,$16,$0,$0,$50,$129,$0,$426,$4,$564,$614,$96,$251,$8,$312,$408,$0,$13,$-2,$206,$614,$3,$4,$3,$7,$1,$0,$0,$1,$4,$15,$-1,$0,$0,$0,$0,$0,$2,$1,$-0,$0,$-0,$0,$0,$0,$-1,$-1,$15,$0,$0
39,2008-12-31,0.55,$8.58,0.06,$9.40,0.06,$2.18,0.25,$-1.40,0.0,$0.04B,$0.02B,1.7,$0.32B,$0.20B,1.58,$0.22B,$0.07B,31.98%,$0.22B,$-0.04B,-17.57%,$0.22B,$-0.04B,-17.57%,$0.22B,$-0.02B,-9.46%,$0.22B,$-0.05B,-23.87%,$0.22B,$-0.03B,-14.86%,$-0.03B,$0.20B,-14.39%,$-0.03B,$-0.22B,13.52%,$-0.03B,$0.61B,-5.00%,$-0.04B,$0.53B,-6.97%,$57,$38,$19,$0,$4,$98,$-42,$-4,$-46,$-16,$-30,$-30,$-31,$-37,$-42,$24,24,$-1.29,$-1.29,$2,$0,$0,$39,$134,$0,$424,$7,$569,$608,$23,$322,$9,$382,$405,$0,$10,$-2,$203,$608,$-35,$17,$58,$75,$-3,$0,$0,$2,$-2,$38,$-17,$0,$-4,$0,$0,$0,$-0,$-22,$-36,$11,$-25,$0,$0,$0,$-0,$-25,$1,$3,$0
40,2008-09-30,0.92,$9.87,0.09,$9.52,0.1,$2.28,0.4,$-0.10,0.0,$0.04B,$0.03B,1.34,$0.33B,$0.23B,1.42,$0.23B,$0.07B,31.56%,$0.23B,$0.01B,5.33%,$0.23B,$0.01B,5.33%,$0.23B,$0.03B,12.89%,$0.23B,$-0.00B,-1.78%,$0.23B,$-0.00B,-0.89%,$-0.00B,$0.23B,-0.84%,$-0.00B,$-0.25B,0.79%,$-0.00B,$0.67B,-0.30%,$0.01B,$0.57B,2.09%,$54,$37,$17,$0,$7,$69,$-14,$-5,$-19,$-8,$-11,$-11,$-11,$-10,$-14,$24,24,$-0.47,$-0.47,$0,$0,$0,$38,$137,$0,$479,$7,$627,$666,$29,$332,$5,$403,$432,$0,$41,$-2,$234,$666,$-5,$13,$19,$32,$-3,$0,$0,$2,$3,$31,$-14,$0,$-9,$0,$0,$0,$0,$-23,$-31,$12,$-19,$0,$0,$0,$-0,$-19,$-0,$3,$0
41,2008-06-30,1.45,$10.26,0.14,$9.62,0.15,$2.49,0.58,$0.46,3.16,$0.04B,$0.03B,1.23,$0.33B,$0.24B,1.37,$0.23B,$0.07B,32.02%,$0.23B,$0.04B,15.79%,$0.23B,$0.04B,15.79%,$0.23B,$0.05B,23.25%,$0.23B,$0.02B,8.33%,$0.23B,$0.01B,4.82%,$0.01B,$0.24B,4.65%,$0.01B,$-0.26B,-4.24%,$0.01B,$0.69B,1.61%,$0.04B,$0.58B,6.23%,$57,$39,$19,$0,$4,$47,$10,$-5,$5,$2,$3,$3,$4,$15,$10,$24,24,$0.15,$0.15,$0,$0,$0,$41,$138,$0,$500,$4,$647,$688,$33,$332,$4,$412,$445,$0,$52,$-2,$243,$688,$6,$8,$4,$12,$-2,$0,$0,$2,$0,$19,$-18,$0,$-1,$0,$0,$0,$0,$-19,$-24,$13,$-11,$0,$0,$0,$-0,$-11,$-0,$1,$0
42,2008-03-31,2.96,$10.00,0.3,$9.65,0.31,$3.08,0.96,$0.43,6.87,$0.05B,$0.03B,1.75,$0.34B,$0.24B,1.41,$0.23B,$0.08B,32.61%,$0.23B,$0.04B,16.09%,$0.23B,$0.04B,16.09%,$0.23B,$0.05B,23.04%,$0.23B,$0.02B,8.26%,$0.23B,$0.01B,4.35%,$0.01B,$0.24B,4.22%,$0.01B,$-0.25B,-3.85%,$0.01B,$0.68B,1.47%,$0.04B,$0.57B,6.37%,$54,$38,$16,$0,$5,$47,$7,$-0,$7,$3,$4,$4,$5,$11,$7,$24,24,$0.21,$0.21,$1,$0,$7,$47,$130,$0,$490,$5,$630,$677,$27,$335,$7,$413,$440,$0,$49,$-4,$237,$677,$4,$4,$-0,$4,$0,$0,$0,$2,$4,$12,$2,$0,$-0,$0,$0,$0,$-0,$1,$-13,$-2,$-15,$0,$0,$0,$0,$-15,$1,$1,$0
43,2007-12-31,4.86,$9.85,0.49,$9.69,0.5,$3.07,1.58,$0.34,14.29,$0.05B,$0.03B,1.83,$0.35B,$0.23B,1.49,$0.23B,$0.08B,33.33%,$0.23B,$0.04B,16.88%,$0.23B,$0.04B,16.88%,$0.23B,$0.06B,23.81%,$0.23B,$0.02B,7.36%,$0.23B,$0.01B,3.46%,$0.01B,$0.23B,3.37%,$0.01B,$-0.26B,-3.04%,$0.01B,$0.68B,1.17%,$0.04B,$0.58B,6.67%,$60,$41,$19,$0,$6,$51,$9,$-7,$3,$1,$1,$1,$0,$13,$9,$24,24,$0.01,$0.01,$0,$0,$0,$48,$131,$0,$492,$5,$632,$680,$26,$348,$4,$420,$447,$0,$44,$-1,$233,$680,$9,$16,$11,$27,$-1,$0,$0,$0,$-5,$31,$-8,$0,$-2,$0,$0,$0,$-1,$-11,$-27,$18,$-9,$-2,$-2,$-10,$0,$-21,$-0,$3,$-10
44,2007-09-30,5.9,$9.87,0.6,$9.42,0.63,$1.98,2.98,$0.47,12.55,$0.04B,$0.03B,1.49,$0.35B,$0.23B,1.5,$0.23B,$0.08B,34.22%,$0.23B,$0.04B,17.78%,$0.23B,$0.04B,17.78%,$0.23B,$0.06B,24.89%,$0.23B,$0.02B,7.56%,$0.23B,$0.01B,4.89%,$0.01B,$0.23B,4.61%,$0.01B,$-0.27B,-4.16%,$0.01B,$0.68B,1.61%,$0.04B,$0.58B,6.79%,$57,$38,$19,$0,$5,$47,$10,$-7,$4,$2,$2,$2,$2,$14,$10,$24,24,$0.09,$0.09,$1,$0,$0,$40,$131,$0,$503,$5,$641,$681,$27,$350,$1,$421,$448,$0,$43,$0,$234,$681,$8,$12,$8,$20,$-1,$0,$0,$1,$-2,$26,$-4,$0,$-1,$0,$0,$0,$-1,$-6,$-30,$21,$-9,$-2,$-2,$-10,$0,$-20,$-0,$3,$-10
45,2007-06-30,7.81,$10.23,0.76,$9.44,0.83,$0.88,8.84,$0.44,17.76,$0.04B,$0.03B,1.56,$0.35B,$0.24B,1.41,$0.23B,$0.08B,34.96%,$0.23B,$0.04B,18.14%,$0.23B,$0.04B,18.14%,$0.23B,$0.06B,25.66%,$0.23B,$0.01B,6.19%,$0.23B,$0.01B,4.42%,$0.01B,$0.24B,4.19%,$0.01B,$-0.26B,-3.76%,$0.01B,$0.68B,1.46%,$0.04B,$0.59B,6.91%,$59,$38,$21,$0,$5,$47,$11,$-7,$5,$2,$3,$3,$3,$15,$11,$24,24,$0.12,$0.12,$1,$0,$0,$40,$131,$0,$503,$7,$644,$684,$26,$345,$1,$414,$440,$0,$51,$2,$244,$684,$6,$8,$4,$13,$-1,$0,$0,$1,$-3,$16,$-1,$0,$-0,$0,$0,$0,$-1,$-2,$-15,$1,$-14,$0,$0,$0,$0,$-14,$0,$2,$0
46,2007-03-31,8.81,$10.03,0.88,$9.36,0.94,$-0.16,0.0,$0.79,11.15,$0.04B,$0.03B,1.34,$0.35B,$0.24B,1.45,$0.23B,$0.08B,35.11%,$0.23B,$0.04B,18.22%,$0.23B,$0.04B,18.22%,$0.23B,$0.06B,25.78%,$0.23B,$0.03B,12.44%,$0.23B,$0.02B,8.44%,$0.02B,$0.24B,7.88%,$0.02B,$-0.27B,-7.17%,$0.02B,$0.68B,2.76%,$0.04B,$0.59B,7.12%,$55,$37,$18,$0,$6,$47,$9,$-3,$5,$2,$3,$3,$3,$13,$9,$24,24,$0.12,$0.12,$1,$0,$0,$39,$130,$0,$505,$5,$643,$681,$29,$347,$1,$413,$442,$0,$48,$0,$239,$681,$3,$4,$0,$5,$1,$0,$0,$1,$3,$10,$3,$0,$-0,$0,$0,$0,$0,$3,$-14,$1,$-13,$0,$0,$0,$-0,$-13,$-0,$1,$0
47,2006-12-31,8.42,$9.97,0.84,$9.15,0.92,$-0.59,0.0,$0.78,10.8,$0.05B,$0.03B,1.81,$0.36B,$0.24B,1.51,$0.22B,$0.08B,35.14%,$0.22B,$0.04B,17.57%,$0.22B,$0.04B,17.57%,$0.22B,$0.06B,25.23%,$0.22B,$0.03B,12.16%,$0.22B,$0.02B,8.56%,$0.02B,$0.24B,7.88%,$0.02B,$-0.26B,-7.22%,$0.02B,$0.69B,2.77%,$0.04B,$0.60B,6.74%,$54,$35,$19,$0,$6,$45,$10,$-7,$3,$2,$2,$2,$3,$14,$10,$24,24,$0.13,$0.14,$1,$0,$0,$49,$128,$0,$500,$5,$637,$686,$27,$359,$1,$421,$449,$0,$47,$1,$238,$686,$16,$16,$5,$21,$-3,$0,$0,$1,$-2,$36,$-39,$0,$-11,$0,$0,$0,$-0,$-51,$-128,$159,$32,$-21,$-21,$-15,$-0,$-4,$-3,$0,$-15
