,Date,Stock Price,Book Value per Share,Price to Book Ratio,TTM Sales per Share,Price to Sales Ratio,TTM FCF per Share,Price to FCF Ratio,TTM Net EPS,PE Ratio,Current Assets,Current Liabilities,Current Ratio,Long Term Debt,Shareholder's Equity_x,Debt to Equity Ratio,TTM Revenue_x,TTM Gross Profit,Gross Margin,TTM Revenue_y,TTM Operating Income,Operating Margin,TTM Revenue_x,TTM EBIT,EBIT Margin,TTM Revenue_y,TTM EBITDA,EBITDA Margin,TTM Revenue_x,TTM Pre-Tax Income,Pre-Tax Margin,TTM Revenue_y,TTM Net Income_x,Net Margin,TTM Net Income_y,Shareholder's Equity_y,Return on Equity,TTM Net Income_x,Tangible Equity,Return on Tangible Equity,TTM Net Income_y,Total Assets,Return on Assets,TTM Net Income,LT Investments & Debt,Return on Investment,revenue,cost-goods-sold,gross-profit,research-development-expenses,selling-general-administrative-expenses,operating-expenses,operating-income,total-non-operating-income-expense,pre-tax-income,total-provision-income-taxes,income-after-taxes,income-from-continuous-operations,net-income,ebitda,ebit,basic-shares-outstanding,shares-outstanding,eps-basic-net-earnings-per-share,eps-earnings-per-share-diluted,cash-on-hand,inventory,other-current-assets,total-current-assets,net-property-plant-equipment,long-term-investments,goodwill-intangible-assets-total,other-long-term-assets,total-long-term-assets,total-assets,total-current-liabilities,long-term-debt,other-non-current-liabilities,total-long-term-liabilities,total-liabilities,common-stock-net,retained-earnings-accumulated-deficit,comprehensive-income,total-share-holder-equity,total-liabilities-share-holders-equity,net-income-loss,total-depreciation-amortization-cash-flow,other-non-cash-items,total-non-cash-items,change-in-accounts-receivable,change-in-inventories,change-in-accounts-payable,change-in-assets-liabilities,total-change-in-assets-liabilities,cash-flow-from-operating-activities,net-change-in-property-plant-equipment,net-change-in-intangible-assets,net-acquisitions-divestitures,net-change-in-short-term-investments,net-change-in-long-term-investments,net-change-in-investments-total,investing-activities-other,cash-flow-from-investing-activities,net-long-term-debt,net-current-debt,debt-issuance-retirement-net-total,net-common-equity-issued-repurchased,net-total-equity-issued-repurchased,total-common-preferred-stock-dividends-paid,financial-activities-other,cash-flow-from-financial-activities,net-cash-flow,stock-based-compensation,common-stock-dividends-paid
0,2018-09-30,7.25,$11.82,0.61,$3.13,2.32,$-2.08,0.0,$-0.09,0.0,$0.16B,$0.15B,1.07,$0.66B,$0.89B,0.73,$0.23B,$0.12B,53.07%,$0.23B,$0.04B,16.23%,$0.23B,$0.04B,16.23%,$0.23B,$0.11B,47.37%,$0.23B,$-0.01B,-2.63%,$0.23B,$-0.01B,-2.63%,$-0.01B,$0.89B,-0.66%,$-0.01B,$0.89B,-0.66%,$-0.01B,$1.70B,-0.36%,$0.04B,$1.55B,2.37%,$62,$28,$34,$0,$7,$49,$13,$-13,$-0,$0,$-0,$-0,$-0,$32,$13,$73,73,$-0.01,$-0.01,$143,$0,$0,$160,$1521,$0,$0,$16,$1540,$1699,$149,$656,$0,$656,$805,$1,$-824,$0,$894,$1699,$-5,$54,$0,$54,$-1,$0,$0,$-2,$2,$51,$-21,$0,$0,$0,$0,$0,$0,$-21,$73,$0,$73,$-19,$-19,$0,$-10,$45,$74,$0,$0
1,2018-06-30,7.08,$11.91,0.59,$2.81,2.52,$-2.73,0.0,$-0.23,0.0,$0.07B,$0.08B,0.91,$0.64B,$0.91B,0.71,$0.21B,$0.10B,50.73%,$0.21B,$0.02B,10.24%,$0.21B,$0.02B,10.24%,$0.21B,$0.09B,43.90%,$0.21B,$-0.02B,-8.29%,$0.21B,$-0.02B,-8.29%,$-0.02B,$0.91B,-1.87%,$-0.02B,$0.91B,-1.87%,$-0.02B,$1.62B,-1.08%,$0.02B,$1.55B,1.38%,$61,$27,$33,$0,$7,$49,$12,$-11,$1,$0,$1,$1,$1,$29,$12,$72,75,$0.01,$0.01,$55,$0,$0,$69,$1534,$0,$0,$15,$1552,$1621,$76,$640,$0,$640,$716,$1,$-823,$0,$905,$1621,$-5,$35,$0,$35,$1,$0,$0,$0,$2,$32,$-21,$0,$0,$0,$0,$0,$0,$-21,$-13,$0,$-13,$-9,$-9,$0,$-4,$-25,$-14,$0,$0
2,2018-03-31,7.01,$11.89,0.59,$2.52,2.78,$-3.19,0.0,$-0.43,0.0,$0.07B,$0.06B,1.2,$0.66B,$0.90B,0.73,$0.18B,$0.09B,47.25%,$0.18B,$0.00B,2.20%,$0.18B,$0.00B,2.20%,$0.18B,$0.07B,40.11%,$0.18B,$-0.03B,-17.03%,$0.18B,$-0.03B,-17.03%,$-0.03B,$0.90B,-3.40%,$-0.03B,$0.90B,-3.40%,$-0.03B,$1.62B,-1.99%,$0.00B,$1.56B,0.26%,$54,$27,$27,$0,$9,$50,$4,$-10,$-6,$0,$-6,$-6,$-6,$22,$4,$73,73,$-0.08,$-0.08,$53,$0,$0,$69,$1531,$0,$0,$16,$1550,$1619,$58,$657,$0,$657,$715,$1,$-824,$0,$904,$1619,$-6,$17,$0,$17,$-1,$0,$0,$-1,$-1,$11,$-3,$0,$0,$0,$0,$0,$0,$-3,$-13,$0,$-13,$-9,$-9,$0,$-2,$-24,$-16,$0,$0
3,2017-12-31,7.34,$12.25,0.6,$2.26,3.25,$-3.64,0.0,$-0.83,0.0,$0.08B,$0.06B,1.41,$0.67B,$0.92B,0.73,$0.16B,$0.07B,42.94%,$0.16B,$-0.03B,-15.95%,$0.16B,$-0.03B,-15.95%,$0.16B,$0.04B,25.77%,$0.16B,$-0.06B,-36.81%,$0.16B,$-0.06B,-36.81%,$-0.06B,$0.92B,-6.54%,$-0.06B,$0.92B,-6.54%,$-0.06B,$1.64B,-3.89%,$-0.03B,$1.59B,-1.73%,$51,$24,$27,$0,$7,$43,$8,$-9,$-1,$0,$-1,$-1,$-1,$25,$8,$72,72,$-0.01,$-0.01,$69,$0,$0,$83,$1541,$0,$0,$16,$1561,$1643,$59,$667,$0,$667,$726,$1,$-818,$0,$917,$1643,$-60,$67,$9,$77,$2,$0,$0,$0,$3,$20,$-217,$0,$0,$0,$0,$0,$44,$-173,$135,$0,$135,$-11,$-11,$0,$-4,$120,$-33,$0,$0
4,2017-09-30,6.97,$12.04,0.58,$2.02,3.44,$-9.09,0.0,$-1.11,0.0,$0.08B,$0.04B,2.2,$0.49B,$0.91B,0.54,$0.14B,$0.05B,34.53%,$0.14B,$-0.05B,-34.53%,$0.14B,$-0.05B,-34.53%,$0.14B,$0.02B,13.67%,$0.14B,$-0.08B,-57.55%,$0.14B,$-0.08B,-57.55%,$-0.08B,$0.91B,-8.63%,$-0.08B,$0.91B,-8.63%,$-0.08B,$1.43B,-5.27%,$-0.05B,$1.40B,-3.24%,$39,$22,$17,$0,$7,$41,$-3,$-8,$-11,$0,$-11,$-11,$-11,$14,$-3,$72,72,$-0.15,$-0.15,$62,$0,$0,$77,$1340,$0,$0,$13,$1357,$1434,$35,$490,$0,$490,$526,$1,$-817,$0,$908,$1434,$-59,$50,$17,$67,$-2,$0,$0,$-1,$-3,$6,$-23,$0,$0,$0,$0,$0,$44,$21,$-66,$0,$-66,$0,$0,$0,$0,$-66,$-39,$0,$0
5,2017-06-30,7.02,$12.14,0.58,$1.82,3.85,$-10.93,0.0,$-1.26,0.0,$0.16B,$0.03B,4.88,$0.58B,$0.92B,0.64,$0.12B,$0.03B,27.42%,$0.12B,$-0.06B,-49.19%,$0.12B,$-0.06B,-49.19%,$0.12B,$0.01B,4.03%,$0.12B,$-0.09B,-72.58%,$0.12B,$-0.09B,-72.58%,$-0.09B,$0.92B,-9.54%,$-0.09B,$0.92B,-9.54%,$-0.09B,$1.53B,-5.81%,$-0.06B,$1.50B,-4.02%,$38,$23,$15,$0,$8,$42,$-5,$-9,$-13,$0,$-13,$-13,$-13,$12,$-5,$72,72,$-0.19,$-0.19,$149,$0,$0,$163,$1353,$0,$0,$13,$1369,$1532,$33,$582,$0,$582,$616,$1,$-806,$0,$916,$1532,$-48,$34,$17,$51,$-1,$0,$0,$-0,$-2,$1,$-23,$0,$0,$0,$0,$0,$44,$21,$26,$0,$26,$0,$0,$0,$0,$26,$48,$0,$0
6,2017-03-31,9.1,$12.30,0.74,$1.64,5.57,$-15.76,0.0,$-1.55,0.0,$0.18B,$0.05B,3.67,$0.59B,$0.93B,0.63,$0.10B,$0.02B,16.50%,$0.10B,$-0.08B,-72.82%,$0.10B,$-0.08B,-72.82%,$0.10B,$-0.01B,-11.65%,$0.10B,$-0.10B,-99.03%,$0.10B,$-0.10B,-99.03%,$-0.10B,$0.93B,-10.61%,$-0.10B,$0.93B,-10.61%,$-0.10B,$1.56B,-6.60%,$-0.08B,$1.51B,-4.94%,$35,$24,$11,$0,$8,$61,$-26,$-8,$-35,$0,$-35,$-35,$-35,$-9,$-26,$72,72,$-0.48,$-0.48,$127,$0,$44,$182,$1364,$0,$0,$14,$1381,$1563,$50,$587,$0,$587,$637,$1,$-793,$0,$926,$1563,$-35,$17,$17,$34,$1,$0,$0,$-1,$-1,$-2,$-22,$0,$0,$0,$0,$0,$0,$-22,$49,$0,$49,$0,$0,$0,$0,$49,$25,$0,$0
7,2016-12-31,5.0,$12.70,0.39,$1.49,3.34,$-21.33,0.0,$-3.03,0.0,$0.12B,$0.03B,4.7,$0.57B,$0.96B,0.59,$0.08B,$-0.02B,-23.08%,$0.08B,$-0.10B,-128.21%,$0.08B,$-0.10B,-128.21%,$0.08B,$-0.04B,-53.85%,$0.08B,$-0.13B,-160.26%,$0.08B,$-0.13B,-160.26%,$-0.13B,$0.96B,-12.95%,$-0.13B,$0.96B,-12.95%,$-0.13B,$1.55B,-8.21%,$-0.10B,$1.52B,-6.68%,$27,$22,$5,$0,$9,$41,$-14,$-6,$-21,$0,$-21,$-21,$-21,$2,$-14,$56,56,$0.52,$0.52,$102,$3,$0,$115,$1414,$0,$0,$3,$1432,$1547,$25,$566,$0,$566,$591,$1,$-758,$0,$957,$1547,$-125,$59,$20,$79,$-0,$0,$0,$0,$-7,$-52,$-408,$0,$0,$0,$0,$0,$173,$-235,$62,$0,$62,$128,$128,$0,$-1,$189,$-99,$0,$0
8,2016-09-30,3.42,$12.92,0.26,$2.06,1.66,$-55.68,0.0,$-13.76,0.0,$0.22B,$0.02B,12.2,$0.56B,$0.97B,0.58,$0.07B,$-0.03B,-36.99%,$0.07B,$-0.38B,-516.44%,$0.07B,$-0.38B,-516.44%,$0.07B,$-0.32B,-441.10%,$0.07B,$-0.41B,-556.16%,$0.07B,$-0.41B,-556.16%,$-0.41B,$0.97B,-42.30%,$-0.41B,$0.97B,-42.30%,$-0.41B,$1.55B,-27.00%,$-0.38B,$1.54B,-25.92%,$24,$21,$3,$0,$9,$40,$-16,$-5,$-21,$0,$-21,$-21,$-21,$-0,$-16,$72,72,$-0.30,$-0.30,$201,$0,$0,$216,$1318,$0,$0,$15,$1337,$1553,$18,$563,$0,$563,$580,$1,$-738,$0,$973,$1553,$-104,$43,$14,$57,$0,$0,$0,$4,$-3,$-50,$-98,$0,$0,$0,$0,$0,$-31,$-129,$52,$0,$52,$128,$128,$0,$-1,$180,$1,$0,$0
9,2016-06-30,2.76,$13.60,0.2,$2.28,1.21,$-77.12,0.0,$-14.18,0.0,$0.26B,$0.01B,18.51,$0.52B,$0.99B,0.53,$0.06B,$-0.03B,-51.56%,$0.06B,$-0.38B,-589.06%,$0.06B,$-0.38B,-589.06%,$0.06B,$-0.33B,-512.50%,$0.06B,$-0.40B,-629.69%,$0.06B,$-0.40B,-629.69%,$-0.40B,$0.99B,-39.36%,$-0.40B,$0.99B,-39.36%,$-0.40B,$1.52B,-26.37%,$-0.38B,$1.51B,-25.71%,$17,$19,$-2,$0,$9,$37,$-19,$-6,$-25,$0,$-25,$-25,$-25,$-5,$-19,$51,51,$-0.48,$-0.48,$242,$0,$0,$256,$1245,$0,$0,$20,$1266,$1522,$14,$519,$0,$519,$533,$1,$-717,$0,$989,$1522,$-83,$27,$14,$41,$-0,$0,$0,$3,$-4,$-46,$-219,$0,$0,$0,$0,$0,$173,$-46,$5,$0,$5,$128,$128,$0,$-1,$133,$41,$0,$0
10,2016-03-31,3.24,$18.94,0.17,$2.73,1.19,$-89.09,0.0,$-22.22,0.0,$0.25B,$0.04B,6.06,$0.49B,$0.94B,0.52,$0.06B,$-0.04B,-60.00%,$0.06B,$-0.49B,-823.33%,$0.06B,$-0.49B,-823.33%,$0.06B,$-0.45B,-750.00%,$0.06B,$-0.52B,-861.67%,$0.06B,$-0.52B,-861.67%,$-0.52B,$0.94B,-47.56%,$-0.52B,$0.94B,-47.56%,$-0.52B,$1.47B,-33.98%,$-0.49B,$1.43B,-34.07%,$10,$34,$-24,$0,$8,$61,$-51,$-7,$-58,$0,$-58,$-58,$-58,$-39,$-51,$30,30,$-1.96,$-1.96,$230,$0,$0,$246,$1183,$0,$0,$22,$1221,$1467,$41,$485,$0,$485,$525,$0,$-692,$0,$942,$1467,$-58,$13,$13,$26,$-3,$0,$0,$5,$5,$-28,$-148,$0,$0,$0,$0,$0,$171,$23,$-24,$0,$-24,$61,$61,$0,$-2,$35,$30,$0,$0
11,2015-12-31,9.78,$32.58,0.3,$3.23,3.03,$-96.94,0.0,$-23.87,0.0,$0.39B,$0.13B,3.15,$0.41B,$0.94B,0.44,$0.06B,$-0.02B,-30.65%,$0.06B,$-0.49B,-791.94%,$0.06B,$-0.49B,-791.94%,$0.06B,$-0.45B,-729.03%,$0.06B,$-0.51B,-824.19%,$0.06B,$-0.51B,-824.19%,$-0.51B,$0.94B,-44.82%,$-0.51B,$0.94B,-44.82%,$-0.51B,$1.47B,-34.09%,$-0.49B,$1.35B,-34.42%,$22,$26,$-4,$0,$9,$313,$-291,$-11,$-302,$0,$-302,$-302,$-302,$-278,$-291,$21,21,$-11.10,$-11.10,$200,$0,$173,$393,$1053,$0,$0,$15,$1080,$1473,$125,$414,$0,$414,$539,$0,$-634,$0,$935,$1473,$-511,$41,$434,$475,$0,$0,$0,$-5,$1,$-35,$-876,$0,$0,$0,$0,$0,$220,$-656,$427,$0,$427,$218,$218,$0,$-26,$619,$-72,$0,$0
12,2015-09-30,17.33,$42.92,0.4,$3.74,4.64,$-115.59,0.0,$-18.61,0.0,$0.28B,$0.07B,4.12,$0.35B,$1.23B,0.29,$0.06B,$-0.02B,-39.66%,$0.06B,$-0.27B,-468.97%,$0.06B,$-0.27B,-468.97%,$0.06B,$-0.24B,-412.07%,$0.06B,$-0.28B,-484.48%,$0.06B,$-0.28B,-484.48%,$-0.28B,$1.23B,-23.30%,$-0.28B,$1.23B,-23.30%,$-0.28B,$1.65B,-19.22%,$-0.27B,$1.58B,-19.22%,$15,$19,$-3,$0,$9,$31,$-16,$-2,$-18,$0,$-18,$-18,$-18,$-6,$-16,$27,27,$-0.66,$-0.66,$274,$0,$0,$283,$1325,$0,$0,$32,$1368,$1651,$69,$353,$0,$353,$422,$3,$-332,$0,$1230,$1651,$-209,$27,$159,$186,$2,$0,$0,$-1,$5,$-17,$-624,$0,$0,$0,$0,$0,$149,$-474,$295,$0,$295,$218,$218,$0,$-20,$493,$1,$0,$0
13,2015-06-30,19.35,$44.41,0.44,$4.32,4.48,$-147.21,0.0,$-19.57,0.0,$0.49B,$0.05B,9.16,$0.20B,$1.24B,0.16,$0.06B,$-0.03B,-55.36%,$0.06B,$-0.28B,-491.07%,$0.06B,$-0.28B,-491.07%,$0.06B,$-0.25B,-439.29%,$0.06B,$-0.28B,-503.57%,$0.06B,$-0.28B,-503.57%,$-0.28B,$1.24B,-23.92%,$-0.28B,$1.24B,-23.92%,$-0.28B,$1.50B,-20.94%,$-0.28B,$1.44B,-20.90%,$13,$18,$-5,$0,$9,$149,$-136,$-3,$-139,$0,$-139,$-139,$-139,$-127,$-136,$16,16,$-8.50,$-8.50,$372,$0,$74,$486,$969,$0,$0,$35,$1010,$1495,$53,$202,$0,$202,$255,$3,$-314,$0,$1241,$1495,$-191,$17,$157,$174,$4,$0,$0,$0,$4,$-12,$-267,$0,$0,$0,$0,$0,$45,$-222,$132,$0,$132,$218,$218,$0,$-16,$334,$100,$0,$0
14,2015-03-31,28.13,$76.77,0.37,$4.72,5.96,$-168.76,0.0,$-12.36,0.0,$0.29B,$0.05B,6.3,$0.18B,$1.15B,0.15,$0.06B,$-0.03B,-58.93%,$0.06B,$-0.15B,-275.00%,$0.06B,$-0.15B,-275.00%,$0.06B,$-0.13B,-228.57%,$0.06B,$-0.16B,-282.14%,$0.06B,$-0.16B,-282.14%,$-0.16B,$1.15B,-13.72%,$-0.16B,$1.15B,-13.72%,$-0.16B,$1.38B,-12.38%,$-0.15B,$1.33B,-12.44%,$12,$19,$-7,$0,$8,$61,$-48,$-4,$-52,$0,$-52,$-52,$-52,$-41,$-48,$14,14,$-3.60,$-3.60,$147,$0,$100,$288,$1050,$0,$0,$34,$1089,$1377,$46,$177,$0,$177,$223,$2,$-175,$0,$1154,$1377,$-52,$8,$35,$43,$1,$0,$0,$1,$-2,$-11,$-188,$0,$0,$0,$0,$0,$-20,$-208,$105,$0,$105,$-0,$-0,$0,$-12,$93,$-126,$0,$0
15,2014-12-31,23.38,$79.87,0.29,$4.36,5.36,$-177.40,0.0,$-9.72,0.0,$0.36B,$0.02B,17.83,$0.10B,$1.20B,0.09,$0.05B,$-0.03B,-61.22%,$0.05B,$-0.12B,-238.78%,$0.05B,$-0.12B,-238.78%,$0.05B,$-0.09B,-189.80%,$0.05B,$-0.12B,-238.78%,$0.05B,$-0.12B,-238.78%,$-0.12B,$1.20B,-10.19%,$-0.12B,$1.20B,-10.19%,$-0.12B,$1.32B,-9.49%,$-0.12B,$1.30B,-9.83%,$18,$25,$-8,$0,$8,$90,$-72,$-0,$-72,$0,$-72,$-72,$-72,$-65,$-72,$11,11,$-6.21,$-6.21,$273,$0,$44,$363,$933,$0,$0,$20,$962,$1324,$20,$104,$0,$104,$124,$2,$-123,$0,$1200,$1324,$-117,$25,$40,$65,$0,$0,$0,$-4,$1,$-50,$-652,$0,$0,$0,$0,$0,$-31,$-683,$107,$0,$107,$188,$188,$0,$-23,$272,$-461,$0,$0
16,2014-09-30,69.08,$95.84,0.72,$2.82,24.51,$-116.19,0.0,$-4.44,0.0,$0.24B,$0.01B,35.62,$0.07B,$1.12B,0.06,$0.03B,$-0.02B,-70.97%,$0.03B,$-0.05B,-145.16%,$0.03B,$-0.05B,-145.16%,$0.03B,$-0.03B,-90.32%,$0.03B,$-0.05B,-145.16%,$0.03B,$-0.05B,-158.06%,$-0.05B,$1.12B,-4.36%,$-0.05B,$1.12B,-4.36%,$-0.05B,$1.19B,-4.16%,$-0.05B,$1.19B,-3.95%,$13,$24,$-11,$0,$8,$32,$-19,$0,$-19,$0,$-19,$-19,$-19,$-13,$-19,$11,11,$-1.68,$-1.68,$219,$0,$0,$239,$937,$0,$0,$14,$953,$1192,$7,$65,$0,$65,$72,$1,$-51,$0,$1120,$1192,$-45,$18,$0,$18,$-22,$0,$0,$-3,$-22,$-49,$-563,$0,$0,$0,$0,$0,$0,$-563,$65,$0,$65,$42,$42,$0,$-11,$97,$-515,$0,$0
