,Date,Stock Price,Book Value per Share,Price to Book Ratio,TTM Sales per Share,Price to Sales Ratio,TTM FCF per Share,Price to FCF Ratio,TTM Net EPS,PE Ratio,Current Assets,Current Liabilities,Current Ratio,Long Term Debt,Shareholder's Equity_x,Debt to Equity Ratio,TTM Revenue_x,TTM Gross Profit,Gross Margin,TTM Revenue_y,TTM Operating Income,Operating Margin,TTM Revenue_x,TTM EBIT,EBIT Margin,TTM Revenue_y,TTM EBITDA,EBITDA Margin,TTM Revenue_x,TTM Pre-Tax Income,Pre-Tax Margin,TTM Revenue_y,TTM Net Income_x,Net Margin,TTM Net Income_y,Shareholder's Equity_y,Return on Equity,TTM Net Income_x,Tangible Equity,Return on Tangible Equity,TTM Net Income_y,Total Assets,Return on Assets,TTM Net Income,LT Investments & Debt,Return on Investment,revenue,cost-goods-sold,gross-profit,research-development-expenses,selling-general-administrative-expenses,operating-expenses,operating-income,total-non-operating-income-expense,pre-tax-income,total-provision-income-taxes,income-after-taxes,income-from-continuous-operations,net-income,ebitda,ebit,basic-shares-outstanding,shares-outstanding,eps-basic-net-earnings-per-share,eps-earnings-per-share-diluted,cash-on-hand,inventory,other-current-assets,total-current-assets,net-property-plant-equipment,long-term-investments,goodwill-intangible-assets-total,other-long-term-assets,total-long-term-assets,total-assets,total-current-liabilities,long-term-debt,other-non-current-liabilities,total-long-term-liabilities,total-liabilities,common-stock-net,retained-earnings-accumulated-deficit,comprehensive-income,total-share-holder-equity,total-liabilities-share-holders-equity,net-income-loss,total-depreciation-amortization-cash-flow,other-non-cash-items,total-non-cash-items,change-in-accounts-receivable,change-in-inventories,change-in-accounts-payable,change-in-assets-liabilities,total-change-in-assets-liabilities,cash-flow-from-operating-activities,net-change-in-property-plant-equipment,net-change-in-intangible-assets,net-acquisitions-divestitures,net-change-in-short-term-investments,net-change-in-long-term-investments,net-change-in-investments-total,investing-activities-other,cash-flow-from-investing-activities,net-long-term-debt,net-current-debt,debt-issuance-retirement-net-total,net-common-equity-issued-repurchased,net-total-equity-issued-repurchased,total-common-preferred-stock-dividends-paid,financial-activities-other,cash-flow-from-financial-activities,net-cash-flow,stock-based-compensation,common-stock-dividends-paid
0,2018-09-30,5.0,$7.62,0.66,$5.40,0.93,$0.85,5.91,$0.49,10.2,$1399.06B,$983.13B,1.42,$492.72B,$122.86B,4.01,$90.73B,$66.67B,73.48%,$90.73B,$37.27B,41.07%,$90.73B,0,0.00%,$90.73B,0,0.00%,$90.73B,$15.75B,17.36%,$90.73B,$8.28B,9.13%,$8.28B,$122.86B,6.65%,$8.28B,$90.47B,9.08%,$8.28B,$1679.74B,0.49%,$37.27B,$615.58B,4.42%,$13627,$0,$13627,$0,$8562,$9210,$4417,$-57,$4360,$1621,$2739,$2739,$2314,$0,$0,$17306,17462,$0.13,$0.13,$316104,$0,$0,$1399056,$28750,$165677,$32387,$26527,$280682,$1679738,$983128,$492717,$74872,$573749,$1556877,$9381,$72909,$-28854,$122860,$1679738,$7996,$2063,$18079,$20141,$0,$0,$0,$-32465,$-32465,$274,$-5565,$-1095,$501,$0,$679,$679,$10300,$4821,$0,$0,$0,$-38,$-38,$-3471,$806,$-2703,$824,$0,$-3471
1,2018-06-30,5.27,$7.72,0.68,$4.86,1.08,$1.15,4.59,$0.46,11.45,$1324.55B,$1006.55B,1.32,$528.83B,$124.56B,4.25,$81.30B,$57.24B,70.40%,$81.30B,$26.93B,33.12%,$81.30B,0,0.00%,$81.30B,0,0.00%,$81.30B,$15.61B,19.20%,$81.30B,$7.68B,9.45%,$7.68B,$124.56B,6.11%,$7.68B,$91.30B,8.34%,$7.68B,$1709.99B,0.45%,$26.93B,$653.39B,3.18%,$4215,$0,$4215,$0,$9042,$9763,$-5548,$-41,$4521,$1645,$2877,$2877,$2025,$0,$0,$176926,176926,$0.12,$0.12,$1260977,$0,$0,$1324549,$27980,$258008,$33265,$66187,$385440,$1709989,$1006552,$528826,$50050,$578876,$1585428,$9622,$132278,$-28485,$124561,$1709989,$5392,$1451,$12097,$13548,$0,$0,$0,$-26065,$-26065,$-8506,$-5875,$2188,$514,$0,$654,$654,$10259,$7740,$0,$0,$0,$-44,$-44,$-2309,$1386,$-967,$-3945,$0,$-2309
2,2018-03-31,6.39,$8.03,0.8,$5.08,1.26,$1.23,5.2,$0.47,13.6,$348.45B,$190.38B,1.83,$1394.54B,$129.64B,10.76,$80.83B,$56.77B,70.23%,$80.83B,$26.78B,33.13%,$80.83B,0,0.00%,$80.83B,0,0.00%,$80.83B,$14.67B,18.15%,$80.83B,$7.57B,9.37%,$7.57B,$129.64B,6.19%,$7.57B,$94.58B,8.48%,$7.57B,$1768.17B,0.46%,$26.78B,$1524.18B,3.30%,$20942,$6006,$14936,$0,$6813,$13573,$7369,$-2835,$4535,$1573,$2961,$2961,$2525,$0,$0,$17117,17117,$0.15,$0.15,$348451,$0,$0,$348451,$26934,$1297558,$35060,$31010,$1419716,$1768167,$190376,$1394543,$47277,$1448153,$1638529,$9917,$72554,$-27636,$129639,$1768167,$2961,$754,$6013,$6767,$0,$0,$0,$-32147,$-32147,$-23009,$-1112,$-368,$0,$0,$546,$546,$10134,$9199,$0,$0,$0,$-17,$-17,$-1190,$2683,$1476,$-12688,$0,$-1190
3,2017-12-31,6.32,$7.48,0.84,$5.19,1.22,$2.51,2.52,$0.45,14.04,$1322.26B,$968.87B,1.37,$460.83B,$120.75B,3.82,$79.23B,$54.66B,68.98%,$79.23B,$25.57B,32.27%,$79.23B,0,0.00%,$79.23B,0,0.00%,$79.23B,$13.67B,17.25%,$79.23B,$7.04B,8.88%,$7.04B,$120.75B,5.97%,$7.04B,$88.33B,8.21%,$7.04B,$1632.50B,0.45%,$25.57B,$581.58B,4.51%,$51943,$18055,$33888,$0,$2032,$20916,$31027,$-9142,$2334,$493,$1841,$1842,$1417,$0,$0,$15394,15394,$0.11,$0.11,$301583,$0,$0,$1322259,$25968,$187518,$32420,$38099,$310239,$1632498,$968865,$460830,$76582,$542880,$1511745,$9119,$67881,$0,$120753,$1632498,$9276,$2931,$24114,$27045,$-36598,$0,$0,$50377,$13779,$45425,$-4791,$-1738,$-650,$0,$650,$650,$2000,$-4530,$0,$0,$0,$8018,$8018,$-3012,$-252,$4754,$39042,$0,$-3012
4,2017-09-30,6.66,$0.00,0.0,$5.25,1.27,$1.24,5.38,$0.46,14.47,$1394.25B,$1012.71B,1.38,$496.12B,$127.78B,3.88,$77.03B,$50.42B,65.46%,$77.03B,$22.14B,28.74%,$77.03B,0,0.00%,$77.03B,0,0.00%,$77.03B,$13.62B,17.68%,$77.03B,$6.98B,9.06%,$6.98B,$127.78B,6.01%,$6.98B,$94.24B,8.32%,$6.98B,$1725.38B,0.46%,$22.14B,$623.91B,3.01%,$4196,$0,$4196,$0,$9405,$10116,$-5920,$-63,$4221,$1461,$2760,$2758,$1717,$0,$0,$17397,17397,$0.10,$0.10,$331953,$0,$0,$1394249,$26689,$193065,$33541,$77831,$331126,$1725376,$1012707,$496124,$88765,$584888,$1597594,$9426,$127713,$-23298,$127782,$1725376,$0,$0,$0,$0,$0,$0,$0,$0,$0,$0,$0,$0,$0,$0,$0,$0,$0,$0,$0,$0,$0,$0,$0,$0,$0,$0,$0,$0,$0
5,2017-06-30,6.35,$0.00,0.0,$5.25,1.21,$1.24,5.14,$0.48,13.23,$1169.20B,$792.80B,1.48,$404.22B,$111.05B,3.64,$76.49B,$49.89B,65.22%,$76.49B,$22.65B,29.61%,$76.49B,0,0.00%,$76.49B,0,0.00%,$76.49B,$12.68B,16.57%,$76.49B,$7.15B,9.35%,$7.15B,$111.05B,6.37%,$7.15B,$79.96B,8.89%,$7.15B,$1444.77B,0.49%,$22.65B,$515.27B,3.16%,$3753,$0,$3753,$0,$8726,$9447,$-5694,$-69,$3583,$1237,$2346,$2346,$1912,$0,$0,$15392,15392,$0.12,$0.12,$265608,$0,$0,$1169200,$24146,$163392,$31089,$56940,$275567,$1444768,$792795,$404219,$136704,$540923,$1333719,$8019,$111242,$-20644,$111049,$1444768,$0,$0,$0,$0,$0,$0,$0,$0,$0,$0,$0,$0,$0,$0,$0,$0,$0,$0,$0,$0,$0,$0,$0,$0,$0,$0,$0,$0,$0
6,2017-03-31,5.71,$7.66,0.74,$5.27,1.08,$1.24,4.62,$0.45,12.69,$1177.19B,$846.90B,1.39,$436.85B,$111.76B,3.91,$76.54B,$49.93B,65.24%,$76.54B,$23.16B,30.27%,$76.54B,0,0.00%,$76.54B,0,0.00%,$76.54B,$12.43B,16.24%,$76.54B,$6.69B,8.73%,$6.69B,$111.76B,5.92%,$6.69B,$80.17B,8.29%,$6.69B,$1440.78B,0.45%,$23.16B,$548.61B,3.19%,$19342,$6523,$12819,$0,$5991,$13185,$6158,$-2629,$3529,$1199,$2330,$2330,$1990,$0,$0,$14580,14580,$0.13,$0.13,$276886,$0,$0,$1177194,$24305,$160702,$31593,$24271,$263586,$1440780,$846898,$436847,$38998,$482123,$1329021,$7770,$61689,$0,$111759,$1440780,$2330,$670,$5743,$6413,$0,$0,$0,$-9001,$-9001,$-1058,$-839,$-348,$-234,$0,$2,$2,$352,$-1068,$0,$0,$0,$-12,$-12,$-855,$749,$-117,$-1758,$0,$-855
7,2016-12-31,4.82,$7.79,0.62,$5.22,0.92,$0.97,4.97,$0.44,10.96,$1182.50B,$146.19B,8.09,$1144.94B,$113.65B,10.08,$75.58B,$48.95B,64.76%,$75.58B,$22.72B,30.07%,$75.58B,0,0.00%,$75.58B,0,0.00%,$75.58B,$11.92B,15.77%,$75.58B,$6.50B,8.60%,$6.50B,$113.65B,5.79%,$6.50B,$81.09B,8.13%,$6.50B,$1481.88B,0.44%,$22.72B,$1258.58B,3.14%,$49734,$20084,$29651,$0,$1385,$22143,$27591,$-8052,$2285,$634,$1651,$1651,$1359,$0,$0,$14416,14461,$0.12,$0.12,$252952,$0,$0,$1182501,$25768,$192681,$32557,$24838,$299375,$1481876,$146193,$1144935,$70800,$1222036,$1368229,$8068,$62143,$-16642,$113647,$1481876,$8284,$2616,$21765,$24381,$-30916,$0,$0,$25579,$-5337,$24149,$-4387,$-1449,$-421,$0,$-10391,$-10391,$1415,$-15231,$0,$0,$0,$248,$248,$-2555,$-4050,$-6357,$-1435,$0,$-2555
8,2016-09-30,4.06,$0.00,0.0,$1.98,2.05,$0.19,21.85,$0.44,9.22,$1212.14B,$867.96B,1.4,$427.41B,$112.85B,3.79,$28.78B,$-4.85B,-16.84%,$28.78B,$-32.39B,-112.54%,$28.78B,0,0.00%,$28.78B,0,0.00%,$28.78B,$11.07B,38.47%,$28.78B,$6.74B,23.41%,$6.74B,$112.85B,6.06%,$6.74B,$80.77B,8.54%,$6.74B,$1483.76B,0.45%,$-32.39B,$540.26B,-5.92%,$3664,$0,$3664,$0,$8445,$9068,$-5404,$-18,$3281,$1009,$2272,$2272,$1892,$0,$0,$15409,15409,$0.12,$0.12,$287492,$0,$0,$1212141,$28993,$149303,$32083,$61245,$271623,$1483764,$867963,$427408,$75541,$502949,$1370912,$8054,$110259,$-18220,$112852,$1483764,$0,$0,$0,$0,$0,$0,$0,$0,$0,$0,$0,$0,$0,$0,$0,$0,$0,$0,$0,$0,$0,$0,$0,$0,$0,$0,$0,$0,$0
9,2016-06-30,3.56,$0.00,0.0,$2.38,1.49,$-0.13,0.0,$0.44,8.08,$1247.62B,$883.04B,1.41,$439.96B,$113.35B,3.88,$34.84B,$1.21B,3.48%,$34.84B,$-23.90B,-68.58%,$34.84B,0,0.00%,$34.84B,0,0.00%,$34.84B,$10.88B,31.24%,$34.84B,$6.71B,19.27%,$6.71B,$113.35B,6.08%,$6.71B,$80.43B,8.63%,$6.71B,$1516.95B,0.45%,$-23.90B,$553.31B,-4.85%,$3795,$0,$3795,$0,$8305,$8977,$-5181,$-33,$3337,$1096,$2241,$2241,$1444,$0,$0,$14434,14434,$0.09,$0.09,$295507,$0,$0,$1247622,$29724,$145407,$32923,$61271,$269325,$1516947,$883042,$439955,$80598,$520554,$1403596,$8152,$109813,$-16975,$113351,$1516947,$0,$0,$0,$0,$0,$0,$0,$0,$0,$0,$0,$0,$0,$0,$0,$0,$0,$0,$0,$0,$0,$0,$0,$0,$0,$0,$0,$0,$0
10,2016-03-31,3.91,$7.55,0.52,$2.94,1.33,$-0.68,0.0,$0.48,8.15,$1200.14B,$849.03B,1.41,$431.80B,$108.98B,3.96,$43.34B,$9.71B,22.40%,$43.34B,$-14.77B,-34.08%,$43.34B,0,0.00%,$43.34B,0,0.00%,$43.34B,$10.24B,23.63%,$43.34B,$7.16B,16.52%,$7.16B,$108.98B,6.49%,$7.16B,$77.32B,9.18%,$7.16B,$1460.86B,0.49%,$-14.77B,$540.77B,-3.07%,$18386,$6549,$11837,$0,$5474,$12669,$5717,$-2704,$3013,$894,$2119,$2119,$1802,$0,$0,$14391,14391,$0.12,$0.12,$298369,$0,$0,$1200135,$28093,$153310,$31654,$24114,$260723,$1460858,$849028,$431797,$65162,$502853,$1351882,$7962,$56220,$0,$108975,$1460858,$2119,$646,$4605,$5251,$0,$0,$0,$-11730,$-11730,$-4422,$-1296,$-485,$-40,$0,$4,$4,$228,$-1589,$0,$0,$0,$62,$62,$-797,$-442,$-1177,$-8925,$0,$-797
11,2015-12-31,4.31,$0.00,0.0,$2.50,1.72,$-1.20,0.0,$0.49,8.8,$1222.49B,$865.17B,1.41,$443.38B,$109.66B,4.04,$36.80B,$9.73B,26.42%,$36.80B,$-17.60B,-47.81%,$36.80B,0,0.00%,$36.80B,0,0.00%,$36.80B,$10.60B,28.81%,$36.80B,$7.22B,19.63%,$7.22B,$109.66B,6.46%,$7.22B,$76.98B,9.10%,$7.22B,$1488.23B,0.48%,$-17.60B,$553.04B,-4.02%,$2935,$27078,$-24143,$0,$2646,$30457,$-27522,$0,$1442,$-193,$1635,$1599,$1599,$0,$0,$14434,14434,$0.11,$0.11,$299044,$0,$0,$1222494,$44092,$157361,$32679,$47575,$281707,$1488225,$865172,$443381,$70017,$513398,$1378569,$8014,$57113,$0,$109655,$1488225,$8144,$2685,$0,$2685,$0,$0,$0,$0,$124287,$14276,$-5861,$0,$-875,$0,$0,$378,$-546,$-6904,$0,$0,$0,$0,$8131,$-1663,$3481,$9949,$13215,$0,$0
12,2015-09-30,4.59,$0.00,0.0,$2.52,1.82,$-2.54,0.0,$0.51,9.0,$1221.46B,$1010.70B,1.21,$215.74B,$109.80B,1.97,$36.80B,$36.80B,100.00%,$36.80B,$13.12B,35.66%,$36.80B,0,0.00%,$36.80B,0,0.00%,$36.80B,$13.68B,37.17%,$36.80B,$7.28B,19.77%,$7.28B,$109.80B,6.37%,$7.28B,$76.59B,9.11%,$7.28B,$1469.11B,0.47%,$13.12B,$325.54B,3.28%,$9725,$0,$9725,$0,$5955,$6634,$3091,$0,$3091,$876,$2215,$1869,$1869,$0,$0,$15273,15273,$0.12,$0.12,$312838,$0,$0,$1221460,$0,$139651,$33214,$47870,$220735,$1469107,$1010697,$215739,$132872,$348611,$1359308,$7964,$6610,$0,$109799,$1469107,$7863,$2009,$0,$2009,$0,$0,$0,$0,$-23063,$-1248,$-3515,$0,$-584,$0,$0,$246,$37,$-3816,$0,$0,$3112,$0,$0,$-1545,$8787,$10354,$1572,$0,$0
13,2015-06-30,6.04,$0.00,0.0,$2.95,2.05,$-2.67,0.0,$0.55,10.99,$1218.30B,$893.52B,1.36,$392.87B,$112.78B,3.48,$40.10B,$40.10B,100.00%,$40.10B,$12.64B,31.52%,$40.10B,0,0.00%,$40.10B,0,0.00%,$40.10B,$13.98B,34.87%,$40.10B,$7.42B,18.51%,$7.42B,$112.78B,6.39%,$7.42B,$81.15B,9.28%,$7.42B,$1481.62B,0.47%,$12.64B,$505.65B,3.03%,$12290,$0,$12290,$0,$7741,$8345,$3945,$0,$2694,$735,$1959,$1891,$1891,$0,$0,$14861,14861,$0.13,$0.13,$283639,$0,$0,$1218302,$0,$146676,$31631,$55018,$233324,$1481618,$893518,$392870,$82451,$475321,$1368838,$7918,$100887,$0,$112779,$1481618,$5615,$1322,$0,$1322,$0,$0,$0,$0,$0,$-11214,$3055,$0,$0,$0,$0,$0,$-5576,$-2521,$0,$0,$8297,$0,$0,$744,$1289,$10330,$-1622,$0,$0
14,2015-03-31,6.29,$0.00,0.0,$3.29,1.92,$-1.68,0.0,$0.58,10.85,$1279.08B,$936.78B,1.37,$252.94B,$115.25B,2.2,$41.50B,$41.50B,100.00%,$41.50B,$12.03B,29.00%,$41.50B,0,0.00%,$41.50B,0,0.00%,$41.50B,$14.63B,35.25%,$41.50B,$7.48B,18.02%,$7.48B,$115.25B,6.37%,$7.48B,$82.89B,9.35%,$7.48B,$1545.97B,0.46%,$12.03B,$368.19B,2.82%,$11853,$0,$11853,$0,$8294,$8962,$2891,$0,$3375,$1041,$2334,$1865,$1865,$0,$0,$14190,14190,$0.13,$0.13,$322066,$0,$0,$1279076,$0,$144587,$32356,$59206,$236149,$1545968,$936778,$252941,$241003,$493944,$1430722,$7935,$102983,$0,$115246,$1545968,$2333,$668,$0,$668,$0,$0,$0,$0,$0,$-13097,$0,$0,$0,$0,$0,$0,$-1520,$-1520,$0,$0,$0,$0,$8465,$1324,$370,$10159,$-1904,$0,$0
15,2014-12-31,6.72,$0.00,0.0,$3.60,1.87,$-0.35,0.0,$0.61,11.01,$1395.73B,$936.66B,1.49,$279.41B,$119.26B,2.34,$42.92B,$42.92B,100.00%,$42.92B,$12.09B,28.16%,$42.92B,0,0.00%,$42.92B,0,0.00%,$42.92B,$14.20B,33.07%,$42.92B,$7.42B,17.28%,$7.42B,$119.26B,6.35%,$7.42B,$78.84B,9.44%,$7.42B,$1683.29B,0.45%,$12.09B,$398.66B,2.61%,$2935,$0,$2935,$0,$-1001,$-262,$3196,$0,$4519,$2391,$2128,$1671,$1650,$0,$0,$12991,12991,$0.13,$0.13,$356698,$0,$0,$1395725,$0,$159277,$40412,$56959,$256648,$1683287,$936655,$279407,$347968,$627375,$1564031,$8364,$54465,$0,$119257,$1683287,$9219,$3040,$0,$3040,$0,$0,$0,$0,$-37611,$-5236,$-4591,$0,$-413,$0,$0,$407,$-3384,$-7982,$0,$0,$808,$0,$74,$-1208,$243,$-82,$-10202,$0,$0
16,2014-09-30,7.5,$0.00,0.0,$3.69,2.03,$-3.29,0.0,$0.60,12.5,$1389.63B,$901.28B,1.54,$276.90B,$117.15B,2.36,$43.73B,$43.73B,100.00%,$43.73B,$11.31B,25.87%,$43.73B,0,0.00%,$43.73B,0,0.00%,$43.73B,$12.10B,27.67%,$43.73B,$7.21B,16.48%,$7.21B,$117.15B,6.35%,$7.21B,$77.08B,9.28%,$7.21B,$1646.66B,0.45%,$11.31B,$394.05B,2.35%,$13018,$0,$13018,$0,$9668,$10411,$2607,$0,$3392,$861,$2530,$2015,$2015,$0,$0,$12252,12252,$0.16,$0.16,$348805,$0,$0,$1389633,$0,$140364,$40066,$55811,$236240,$1646655,$901276,$276902,$351333,$628234,$1529510,$7953,$5787,$0,$117145,$1646655,$6887,$2290,$0,$2290,$0,$0,$0,$0,$-25273,$-467,$-4992,$0,$187,$0,$0,$334,$-279,$-4749,$0,$0,$1189,$0,$0,$-881,$-17,$291,$-829,$0,$0
17,2014-06-30,8.06,$0.00,0.0,$3.79,2.13,$-2.84,0.0,$0.58,13.9,$1372.26B,$997.95B,1.38,$426.34B,$117.59B,3.63,$42.94B,$42.94B,100.00%,$42.94B,$11.05B,25.72%,$42.94B,0,0.00%,$42.94B,0,0.00%,$42.94B,$11.05B,25.73%,$42.94B,$6.65B,15.49%,$6.65B,$117.59B,5.98%,$6.65B,$81.01B,8.57%,$6.65B,$1629.76B,0.42%,$11.05B,$543.92B,2.18%,$13689,$0,$13689,$0,$9600,$10349,$3340,$0,$3340,$911,$2429,$1947,$1947,$0,$0,$11778,11778,$0.16,$0.16,$336188,$0,$0,$1372259,$0,$129278,$36576,$64565,$230420,$1629757,$997950,$426335,$87887,$514222,$1512172,$8079,$107535,$0,$117585,$1629757,$4510,$1598,$0,$1598,$0,$0,$0,$0,$0,$5243,$0,$0,$0,$0,$0,$0,$-4855,$-4855,$0,$0,$0,$0,$0,$-601,$-2301,$-2901,$9293,$0,$0
18,2014-03-31,7.11,$0.00,0.0,$3.84,1.85,$-3.29,0.0,$0.55,12.92,$1345.31B,$1001.43B,1.34,$404.71B,$113.09B,3.58,$42.02B,$42.02B,100.00%,$42.02B,$9.94B,23.66%,$42.02B,0,0.00%,$42.02B,0,0.00%,$42.02B,$9.95B,23.67%,$42.02B,$6.09B,14.50%,$6.09B,$113.09B,5.62%,$6.09B,$77.39B,8.01%,$6.09B,$1601.73B,0.39%,$9.94B,$517.80B,2.02%,$13280,$0,$13280,$0,$9526,$10335,$2945,$0,$2945,$780,$2165,$1804,$1804,$0,$0,$11564,11564,$0.16,$0.16,$342659,$0,$0,$1345313,$0,$129363,$35710,$65254,$230326,$1601728,$1001429,$404705,$82500,$487205,$1488633,$117357,$0,$0,$113094,$1601728,$2130,$810,$0,$810,$0,$0,$0,$0,$0,$4175,$500,$0,$0,$0,$0,$0,$0,$500,$0,$0,$0,$0,$0,$322,$1446,$1768,$7262,$0,$0
19,2013-12-31,6.43,$0.00,0.0,$4.85,1.32,$-3.69,0.0,$0.55,11.69,$1246.28B,$942.87B,1.32,$363.76B,$106.13B,3.43,$50.43B,$50.43B,100.00%,$50.43B,$9.64B,19.12%,$50.43B,0,0.00%,$50.43B,0,0.00%,$50.43B,$9.65B,19.13%,$50.43B,$5.88B,11.66%,$5.88B,$106.13B,5.44%,$5.88B,$75.21B,8.32%,$5.88B,$1481.90B,0.37%,$9.64B,$469.89B,1.94%,$3744,$0,$3744,$0,$421,$1322,$2421,$0,$2424,$678,$1746,$1443,$1443,$0,$0,$11778,11778,$0.12,$0.12,$297235,$0,$0,$1246284,$0,$118664,$30924,$63959,$213547,$1481901,$942874,$363758,$69137,$432894,$1375768,$7527,$99767,$0,$106131,$1481901,$7338,$3176,$0,$3176,$0,$0,$0,$0,$-108342,$-46294,$2819,$0,$2096,$0,$0,$151,$-4167,$899,$0,$0,$-1180,$0,$-43,$-1087,$82,$-2226,$-54972,$0,$0
20,2013-09-30,5.66,$0.00,0.0,$5.75,0.98,$3.34,1.7,$0.48,11.79,$1332.45B,$1016.97B,1.31,$383.25B,$108.15B,3.54,$58.89B,$58.89B,100.00%,$58.89B,$8.46B,14.37%,$58.89B,0,0.00%,$58.89B,0,0.00%,$58.89B,$8.46B,14.37%,$58.89B,$4.96B,8.41%,$4.96B,$108.15B,4.56%,$4.96B,$76.71B,6.97%,$4.96B,$1579.28B,0.30%,$8.46B,$491.40B,1.63%,$12224,$0,$12224,$0,$9144,$9885,$2339,$0,$2339,$615,$1725,$1457,$1457,$0,$0,$10550,10550,$0.14,$0.14,$370984,$0,$0,$1332445,$0,$130321,$31434,$62793,$224549,$1579282,$1016967,$383254,$70916,$454171,$1471135,$7347,$0,$0,$108147,$1579282,$0,$0,$0,$0,$0,$0,$0,$0,$0,$0,$0,$0,$0,$0,$0,$0,$0,$0,$0,$0,$0,$0,$0,$0,$0,$0,$0,$0,$0
21,2013-06-30,4.35,$0.00,0.0,$5.87,0.74,$3.34,1.3,$0.35,12.42,$1335.00B,$1031.17B,1.3,$387.44B,$106.29B,3.65,$59.42B,$59.42B,100.00%,$59.42B,$8.75B,14.72%,$59.42B,0,0.00%,$59.42B,0,0.00%,$59.42B,$8.75B,14.72%,$59.42B,$3.60B,6.06%,$3.60B,$106.29B,3.33%,$3.60B,$75.11B,5.53%,$3.60B,$1597.27B,0.22%,$8.75B,$493.73B,1.78%,$12770,$0,$12770,$0,$9749,$10532,$2238,$0,$2237,$513,$1724,$1409,$1390,$0,$0,$10500,10500,$0.13,$0.13,$380696,$0,$0,$1335001,$0,$144470,$31182,$64338,$239991,$1597270,$1031165,$387441,$72372,$459813,$1490977,$7058,$0,$0,$106292,$1597270,$0,$0,$0,$0,$0,$0,$0,$0,$0,$0,$0,$0,$0,$0,$0,$0,$0,$0,$0,$0,$0,$0,$0,$0,$0,$0,$0,$0,$0
22,2013-03-31,4.45,$0.00,0.0,$6.16,0.72,$3.34,1.33,$0.23,19.37,$1420.36B,$1085.87B,1.31,$417.79B,$111.67B,3.74,$61.70B,$61.70B,100.00%,$61.70B,$9.46B,15.32%,$61.70B,0,0.00%,$61.70B,0,0.00%,$61.70B,$9.46B,15.33%,$61.70B,$2.34B,3.79%,$2.34B,$111.67B,2.17%,$2.34B,$55.81B,3.94%,$2.34B,$1693.00B,0.14%,$9.46B,$529.46B,1.45%,$21694,$0,$21694,$0,$18297,$19049,$2646,$0,$2646,$655,$1991,$1592,$1592,$0,$0,$10042,10042,$0.16,$0.16,$348724,$0,$0,$1420358,$0,$147748,$55870,$69021,$272639,$1692998,$1085866,$417793,$77665,$495458,$1581323,$6960,$0,$0,$111670,$1692994,$0,$0,$0,$0,$0,$0,$0,$0,$0,$0,$0,$0,$0,$0,$0,$0,$0,$0,$0,$0,$0,$0,$0,$0,$0,$0,$0,$0,$0
23,2012-12-31,5.22,$0.00,0.0,$5.38,0.97,$3.34,1.56,$0.29,18.0,$1392.83B,$1000.28B,1.39,$451.39B,$108.45B,4.16,$53.02B,$53.02B,100.00%,$53.02B,$10.86B,20.49%,$53.02B,0,0.00%,$53.02B,0,0.00%,$53.02B,$10.86B,20.49%,$53.02B,$2.85B,5.37%,$2.85B,$108.45B,2.65%,$2.85B,$76.78B,4.41%,$2.85B,$1632.87B,0.17%,$10.86B,$559.84B,1.75%,$12198,$0,$12198,$0,$10226,$10962,$1237,$0,$1238,$299,$939,$1295,$516,$0,$0,$10025,10025,$0.05,$0.05,$381206,$0,$0,$1392832,$0,$124392,$31671,$61729,$217792,$1632869,$1000281,$451385,$72752,$524137,$1524417,$6638,$50290,$0,$108452,$1632869,$3816,$2815,$0,$2815,$0,$0,$0,$0,$34984,$31281,$2181,$0,$1275,$0,$0,$-40,$-3497,$-81,$0,$0,$-5245,$0,$62,$-1655,$5934,$-904,$28248,$0,$0
24,2012-09-30,4.64,$0.00,0.0,$5.73,0.81,$3.82,1.22,$0.25,18.57,$1349.80B,$838.25B,1.61,$281.86B,$105.57B,2.67,$60.63B,$60.63B,100.00%,$60.63B,$11.86B,19.57%,$60.63B,0,0.00%,$60.63B,0,0.00%,$60.63B,$11.87B,19.57%,$60.63B,$2.39B,3.95%,$2.39B,$105.57B,2.19%,$2.39B,$52.72B,3.65%,$2.39B,$1627.61B,0.14%,$11.86B,$387.43B,1.90%,$12753,$0,$12753,$0,$9372,$10129,$2624,$0,$2624,$825,$1800,$1241,$100,$0,$0,$10000,10000,$0.01,$0.01,$370047,$0,$0,$1349795,$0,$127474,$52850,$97492,$277816,$1627611,$838245,$281862,$401933,$683795,$1522040,$6193,$0,$0,$105571,$1627611,$0,$0,$0,$0,$0,$0,$0,$0,$0,$0,$0,$0,$0,$0,$0,$0,$0,$0,$0,$0,$0,$0,$0,$0,$0,$0,$0,$0,$0
25,2012-06-30,3.95,$0.00,0.0,$6.14,0.64,$3.82,1.04,$0.52,7.6,$1377.40B,$257.33B,5.35,$1019.82B,$105.15B,9.7,$62.99B,$62.99B,100.00%,$62.99B,$13.17B,20.90%,$62.99B,0,0.00%,$62.99B,0,0.00%,$62.99B,$13.17B,20.90%,$62.99B,$4.85B,7.69%,$4.85B,$105.15B,4.39%,$4.85B,$51.67B,7.47%,$4.85B,$1661.22B,0.28%,$13.17B,$1124.97B,2.08%,$15056,$0,$15056,$0,$11448,$12108,$2948,$0,$2948,$837,$2111,$1804,$129,$0,$0,$9962,9962,$0.01,$0.01,$363948,$0,$0,$1377396,$0,$131565,$53473,$98786,$283823,$1661219,$257334,$1019819,$278919,$1298738,$1556072,$6063,$0,$0,$105148,$1661219,$0,$0,$0,$0,$0,$0,$0,$0,$0,$0,$0,$0,$0,$0,$0,$0,$0,$0,$0,$0,$0,$0,$0,$0,$0,$0,$0,$0,$0
26,2012-03-31,4.42,$0.00,0.0,$6.49,0.68,$3.82,1.16,$0.84,5.27,$1398.74B,$903.33B,1.55,$301.32B,$110.33B,2.73,$59.47B,$59.47B,100.00%,$59.47B,$14.68B,24.69%,$59.47B,0,0.00%,$59.47B,0,0.00%,$59.47B,$14.69B,24.70%,$59.47B,$6.73B,11.32%,$6.73B,$110.33B,5.97%,$6.73B,$77.29B,9.47%,$6.73B,$1682.47B,0.39%,$14.68B,$411.65B,3.17%,$13017,$0,$13017,$0,$8301,$8963,$4054,$0,$4054,$996,$3057,$2102,$2103,$0,$0,$9430,9430,$0.22,$0.22,$375164,$0,$0,$1398744,$0,$136147,$33037,$92496,$261681,$1682471,$903327,$301319,$367497,$668816,$1572143,$5949,$97738,$0,$110327,$1682471,$0,$0,$0,$0,$0,$0,$0,$0,$0,$0,$0,$0,$0,$0,$0,$0,$0,$0,$0,$0,$0,$0,$0,$0,$0,$0,$0,$0,$0
27,2011-12-31,4.24,$0.00,0.0,$6.34,0.67,$3.82,1.11,$0.94,4.51,$1487.86B,$1087.55B,1.37,$457.49B,$115.41B,3.96,$57.48B,$57.48B,100.00%,$57.48B,$15.06B,26.21%,$57.48B,0,0.00%,$57.48B,0,0.00%,$57.48B,$15.07B,26.21%,$57.48B,$7.51B,13.06%,$7.51B,$115.41B,6.68%,$7.51B,$80.46B,10.60%,$7.51B,$1743.12B,0.43%,$15.06B,$572.90B,3.25%,$19808,$0,$19808,$0,$16852,$17570,$2238,$0,$2241,$541,$1700,$2266,$62,$0,$0,$12638,12638,$0.01,$0.01,$374887,$0,$0,$1487857,$0,$126419,$34944,$70448,$231811,$1743124,$1087546,$457493,$82678,$540171,$1627718,$6205,$108654,$0,$115406,$1743124,$8550,$2937,$0,$2937,$0,$0,$0,$0,$12854,$50134,$-1864,$0,$-8541,$0,$0,$13,$504,$-9887,$0,$0,$0,$0,$-124,$-4859,$-6314,$-11297,$26098,$0,$0
28,2011-09-30,4.44,$0.00,0.0,$9.49,0.47,$7.44,0.6,$1.23,3.61,$1324.91B,$1248.66B,1.06,$314.40B,$110.86B,2.84,$78.84B,$78.84B,100.00%,$78.84B,$44.30B,56.19%,$78.84B,0,0.00%,$78.84B,0,0.00%,$78.84B,$17.13B,21.73%,$78.84B,$10.05B,12.74%,$10.05B,$110.86B,9.09%,$10.05B,$49.95B,14.48%,$10.05B,$1770.68B,0.59%,$44.30B,$425.25B,9.94%,$15112,$0,$15112,$0,$10425,$11186,$3925,$0,$3925,$1102,$2824,$2574,$2553,$0,$0,$9015,9015,$0.28,$0.28,$213129,$0,$0,$1324910,$0,$114161,$60911,$270694,$445765,$1770675,$1248659,$314395,$96761,$411155,$1659814,$0,$100199,$0,$110857,$1770671,$0,$0,$0,$0,$0,$0,$0,$0,$0,$0,$0,$0,$0,$0,$0,$0,$0,$0,$0,$0,$0,$0,$0,$0,$0,$0,$0,$0,$0
29,2011-06-30,6.24,$0.00,0.0,$7.75,0.8,$7.44,0.84,$1.20,5.2,$1466.08B,$968.87B,1.51,$328.53B,$114.63B,2.87,$63.21B,$63.21B,100.00%,$63.21B,$30.02B,47.50%,$63.21B,0,0.00%,$63.21B,0,0.00%,$63.21B,$16.48B,26.07%,$63.21B,$9.60B,15.19%,$9.60B,$114.63B,9.09%,$9.60B,$76.46B,14.15%,$9.60B,$1772.59B,0.58%,$30.02B,$443.16B,6.83%,$11528,$0,$11528,$0,$6302,$7062,$4466,$0,$4466,$1233,$3233,$2908,$2012,$0,$0,$6135,6192,$0.33,$0.33,$365918,$0,$0,$1466084,$0,$130608,$38170,$112456,$281233,$1772592,$968872,$328534,$360560,$689094,$1657965,$6072,$5038,$0,$114627,$1772592,$0,$0,$0,$0,$0,$0,$0,$0,$0,$0,$0,$0,$0,$0,$0,$0,$0,$0,$0,$0,$0,$0,$0,$0,$0,$0,$0,$0,$0
30,2011-03-31,6.19,$0.00,0.0,$5.83,1.06,$7.44,0.83,$1.20,5.16,$1359.21B,$913.40B,1.49,$301.72B,$109.03B,2.77,$51.14B,$51.14B,100.00%,$51.14B,$16.04B,31.37%,$51.14B,0,0.00%,$51.14B,0,0.00%,$51.14B,$16.04B,31.37%,$51.14B,$10.44B,20.41%,$10.44B,$109.03B,10.23%,$10.44B,$76.42B,16.95%,$10.44B,$1652.23B,0.65%,$16.04B,$410.75B,3.70%,$11028,$0,$11028,$0,$5898,$6595,$4434,$0,$4434,$1214,$3220,$2890,$2882,$0,$0,$8906,8906,$0.32,$0.32,$320098,$0,$0,$1359209,$0,$116750,$32614,$120357,$269721,$1652227,$913402,$301722,$328073,$629794,$1543196,$5769,$2882,$0,$109030,$1652227,$0,$0,$0,$0,$0,$0,$0,$0,$0,$0,$0,$0,$0,$0,$0,$0,$0,$0,$0,$0,$0,$0,$0,$0,$0,$0,$0,$0,$0
31,2010-12-31,5.55,$0.00,0.0,$6.25,0.89,$7.44,0.75,$1.21,4.58,$1384.85B,$1021.39B,1.36,$396.03B,$107.45B,3.69,$53.79B,$53.79B,100.00%,$53.79B,$16.00B,29.75%,$53.79B,0,0.00%,$53.79B,0,0.00%,$53.79B,$16.01B,29.76%,$53.79B,$10.48B,19.48%,$10.48B,$107.45B,10.58%,$10.48B,$74.75B,19.26%,$10.48B,$1616.72B,0.66%,$16.00B,$503.48B,3.66%,$41174,$0,$41174,$0,$8359,$9698,$31476,$0,$4308,$1179,$3129,$2613,$2601,$0,$0,$8725,8732,$0.30,$0.30,$311455,$0,$0,$1384847,$0,$114874,$32696,$64936,$212505,$1616720,$1021390,$396034,$91850,$487884,$1509273,$5531,$98848,$0,$107446,$1616720,$12086,$2576,$0,$2576,$0,$0,$0,$0,$111511,$68884,$-3902,$0,$-169,$0,$0,$124,$449,$-3499,$0,$0,$0,$0,$0,$-5454,$-9553,$-15007,$56961,$0,$0
32,2010-09-30,6.51,$0.00,0.0,$3.47,1.88,$-3.02,0.0,$1.26,5.17,$1099.42B,$1003.69B,1.1,$310.53B,$91.44B,3.4,$29.29B,$29.29B,100.00%,$29.29B,$-11.21B,-38.28%,$29.29B,0,0.00%,$29.29B,0,0.00%,$29.29B,$15.96B,54.48%,$29.29B,$10.95B,37.38%,$10.95B,$91.44B,11.19%,$10.95B,$43.85B,20.47%,$10.95B,$1594.07B,0.70%,$-11.21B,$401.98B,-2.50%,$-522,$0,$-522,$0,$9832,$9832,$-10355,$0,$3270,$818,$2452,$2114,$2109,$0,$0,$8605,8605,$0.25,$0.25,$89246,$0,$0,$1099418,$0,$234098,$47597,$212955,$494649,$1594067,$1003690,$310533,$181472,$498935,$1502624,$0,$83427,$0,$91444,$1594067,$0,$0,$0,$0,$0,$0,$0,$0,$0,$0,$0,$0,$0,$0,$0,$0,$0,$0,$0,$0,$0,$0,$0,$0,$0,$0,$0,$0,$0
33,2010-06-30,5.34,$0.00,0.0,$5.11,1.04,$-3.02,0.0,$1.39,3.84,$1305.74B,$865.43B,1.51,$316.35B,$100.06B,3.16,$43.45B,$43.45B,100.00%,$43.45B,$3.26B,7.51%,$43.45B,0,0.00%,$43.45B,0,0.00%,$43.45B,$16.81B,38.68%,$43.45B,$12.14B,27.94%,$12.14B,$100.06B,12.16%,$12.14B,$51.34B,22.07%,$12.14B,$1556.75B,0.78%,$3.26B,$416.41B,0.85%,$-542,$0,$-542,$0,$8362,$8972,$-9514,$0,$4030,$868,$3162,$2847,$2845,$0,$0,$8577,8577,$0.33,$0.33,$285308,$0,$0,$1305743,$0,$109874,$48720,$92413,$251007,$1556749,$865433,$316346,$274909,$591255,$1456688,$0,$83689,$0,$100060,$1556749,$0,$0,$0,$0,$0,$0,$0,$0,$0,$0,$0,$0,$0,$0,$0,$0,$0,$0,$0,$0,$0,$0,$0,$0,$0,$0,$0,$0,$0
34,2010-03-31,6.58,$0.00,0.0,$6.70,0.98,$-3.74,0.0,$1.44,4.57,$1191.51B,$937.56B,1.27,$330.83B,$96.97B,3.41,$57.17B,$57.17B,100.00%,$57.17B,$17.10B,29.91%,$57.17B,0,0.00%,$57.17B,0,0.00%,$57.17B,$17.10B,29.91%,$57.17B,$12.60B,22.03%,$12.60B,$96.97B,13.03%,$12.60B,$47.64B,24.05%,$12.60B,$1582.86B,0.81%,$17.10B,$427.79B,4.37%,$13679,$0,$13679,$0,$8654,$9282,$4397,$0,$4397,$1017,$3379,$2937,$2922,$0,$0,$8229,8229,$0.34,$0.33,$162610,$0,$0,$1191514,$0,$121592,$49330,$220420,$391342,$1582855,$937562,$330825,$209672,$548324,$1485886,$0,$94030,$0,$96970,$1582855,$0,$0,$0,$0,$0,$0,$0,$0,$0,$0,$0,$0,$0,$0,$0,$0,$0,$0,$0,$0,$0,$0,$0,$0,$0,$0,$0,$0,$0
35,2009-12-31,8.05,$0.00,0.0,$6.12,1.32,$-3.74,0.0,$1.44,5.59,$1317.20B,$900.31B,1.46,$441.28B,$103.02B,4.28,$52.53B,$52.53B,100.00%,$52.53B,$16.40B,31.23%,$52.53B,0,0.00%,$52.53B,0,0.00%,$52.53B,$16.41B,31.23%,$52.53B,$12.42B,23.64%,$12.42B,$103.02B,13.52%,$12.42B,$71.13B,25.11%,$12.42B,$1548.74B,0.81%,$16.40B,$544.30B,4.19%,$16676,$0,$16676,$0,$11832,$12416,$4260,$0,$4261,$789,$3473,$3106,$3074,$0,$0,$8645,8645,$0.36,$0.35,$237003,$0,$0,$1317204,$0,$121030,$31888,$62202,$215120,$1548744,$900309,$441281,$104132,$545413,$1445725,$5737,$97642,$0,$103021,$1548744,$13126,$2226,$0,$2226,$0,$0,$0,$0,$8395,$-25152,$-981,$0,$7832,$0,$0,$1,$4262,$11114,$0,$0,$0,$0,$993,$-6117,$-1363,$-6487,$-15190,$0,$0
36,2009-09-30,7.82,$0.00,0.0,$7.80,1.0,$2.03,3.86,$1.46,5.36,$1264.15B,$997.06B,1.27,$53.95B,$99.44B,0.54,$64.12B,$64.12B,100.00%,$64.12B,$34.64B,54.02%,$64.12B,0,0.00%,$64.12B,0,0.00%,$64.12B,$19.53B,30.46%,$64.12B,$12.20B,19.02%,$12.20B,$99.44B,13.78%,$12.20B,$49.96B,25.85%,$12.20B,$1546.71B,0.80%,$34.64B,$153.39B,8.46%,$13638,$0,$13638,$0,$8936,$9517,$4121,$0,$4121,$799,$3322,$3310,$3300,$0,$0,$8582,8595,$0.38,$0.38,$211971,$0,$0,$1264149,$0,$118951,$49473,$114133,$282558,$1546707,$997055,$53948,$396270,$450218,$1447273,$0,$86909,$0,$99438,$1546707,$0,$0,$0,$0,$0,$0,$0,$0,$0,$0,$0,$0,$0,$0,$0,$0,$0,$0,$0,$0,$0,$0,$0,$0,$0,$0,$0,$0,$0
37,2009-06-30,5.78,$0.00,0.0,$6.21,0.93,$2.03,2.85,$1.58,3.66,$1182.09B,$882.27B,1.34,$350.77B,$87.40B,4.01,$50.48B,$50.48B,100.00%,$50.48B,$30.52B,60.46%,$50.48B,0,0.00%,$50.48B,0,0.00%,$50.48B,$15.41B,30.52%,$50.48B,$12.41B,24.58%,$12.41B,$87.40B,14.78%,$12.41B,$40.74B,25.75%,$12.41B,$1564.32B,0.83%,$30.52B,$438.16B,7.80%,$13177,$0,$13177,$0,$8306,$8858,$4319,$0,$4319,$857,$3462,$3308,$3300,$0,$0,$8654,8654,$0.38,$0.38,$141954,$0,$0,$1182092,$0,$98344,$46655,$237226,$382224,$1564317,$882270,$350768,$240230,$594652,$1476922,$5555,$87880,$0,$87396,$1564317,$6444,$1069,$0,$1069,$0,$0,$0,$0,$-22153,$-5527,$-689,$0,$0,$0,$0,$-23,$5058,$4346,$0,$0,$3036,$0,$0,$-4225,$-22,$-1211,$753,$0,$0
38,2009-03-31,3.17,$0.00,0.0,$4.57,0.69,$2.75,1.16,$1.79,1.77,$1154.35B,$738.13B,1.56,$351.47B,$77.49B,4.54,$36.49B,$36.49B,100.00%,$36.49B,$16.14B,44.22%,$36.49B,0,0.00%,$36.49B,0,0.00%,$36.49B,$16.14B,44.23%,$36.49B,$13.26B,36.33%,$13.26B,$77.49B,15.94%,$13.26B,$35.93B,26.76%,$13.26B,$1458.90B,0.90%,$16.14B,$428.96B,3.94%,$9041,$0,$9041,$0,$4828,$5337,$3704,$0,$3704,$814,$2891,$2760,$2742,$0,$0,$8384,8384,$0.33,$0.33,$168465,$0,$0,$1154349,$0,$165000,$41560,$97986,$304547,$1458896,$738131,$351471,$288377,$643276,$1381406,$0,$85503,$0,$77491,$1458896,$0,$0,$0,$0,$0,$0,$0,$0,$0,$0,$0,$0,$0,$0,$0,$0,$0,$0,$0,$0,$0,$0,$0,$0,$0,$0,$0,$0,$0
39,2008-12-31,4.28,$0.00,0.0,$4.83,0.89,$2.65,1.62,$1.95,2.19,$1358.05B,$820.05B,1.66,$527.85B,$88.28B,5.98,$36.36B,$36.36B,100.00%,$36.36B,$16.73B,46.00%,$36.36B,0,0.00%,$36.36B,0,0.00%,$36.36B,$16.73B,46.01%,$36.36B,$13.82B,38.01%,$13.82B,$89.83B,16.48%,$13.82B,$62.12B,26.84%,$13.82B,$1544.32B,0.96%,$16.73B,$617.68B,3.95%,$28263,$0,$28263,$0,$4839,$5766,$22496,$0,$7384,$1279,$6105,$2856,$2856,$0,$0,$7824,7824,$0.37,$0.37,$290577,$0,$0,$1358054,$0,$73923,$27713,$69494,$171130,$1544324,$820054,$527854,$106588,$634442,$1454496,$5881,$95021,$0,$89827,$1544324,$13731,$1868,$0,$1868,$0,$0,$0,$0,$204227,$23287,$-1807,$0,$1219,$0,$0,$-1043,$3030,$1398,$0,$0,$0,$0,$9710,$-6243,$-2831,$636,$21655,$0,$0
40,2008-09-30,6.49,$0.00,0.0,$1.96,3.32,$-1.03,0.0,$2.14,3.03,$1032.79B,$147.54B,7.0,$0.00B,$81.08B,0.0,$13.00B,$13.00B,100.00%,$13.00B,$-6.60B,-50.76%,$13.00B,0,0.00%,$13.00B,0,0.00%,$13.00B,$14.27B,109.78%,$13.00B,$14.70B,113.05%,$14.70B,$81.08B,18.07%,$14.70B,$53.96B,28.75%,$14.70B,$1436.22B,1.08%,$-6.60B,$81.08B,-1.66%,$0,$0,$0,$0,$0,$0,$0,$0,$0,$0,$0,$3508,$3508,$0,$0,$7057,7057,$0.50,$0.50,$77957,$0,$0,$1032791,$0,$23086,$27111,$338462,$388659,$1436223,$147542,$0,$1203797,$1207606,$1355148,$0,$31568,$0,$81076,$1436223,$0,$0,$0,$0,$0,$0,$0,$0,$0,$0,$0,$0,$0,$0,$0,$0,$0,$0,$0,$0,$0,$0,$0,$0,$0,$0,$0,$0,$0
41,2008-06-30,7.77,$0.00,0.0,$2.98,2.61,$-7.86,0.0,$2.11,3.68,$1131.89B,$784.18B,1.44,$427.04B,$83.49B,5.12,$19.34B,$19.34B,100.00%,$19.34B,$-3.43B,-17.71%,$19.34B,0,0.00%,$19.34B,0,0.00%,$19.34B,$17.12B,88.54%,$19.34B,$14.09B,72.86%,$14.09B,$84.25B,19.49%,$14.09B,$46.14B,33.56%,$14.09B,$1435.35B,1.15%,$-3.43B,$511.29B,-0.86%,$-811,$0,$-811,$0,$8770,$9250,$-10061,$0,$5053,$905,$4148,$4148,$4151,$0,$0,$7008,7008,$0.59,$0.59,$132713,$0,$0,$1131892,$0,$87430,$38112,$177919,$303461,$1435353,$784182,$427044,$136228,$566922,$1351104,$0,$75856,$0,$84246,$1435350,$0,$0,$0,$0,$0,$0,$0,$0,$0,$0,$0,$0,$0,$0,$0,$0,$0,$0,$0,$0,$0,$0,$0,$0,$0,$0,$0,$0,$0
42,2008-03-31,8.36,$0.00,0.0,$4.09,2.04,$-14.34,0.0,$1.97,4.24,$1018.66B,$760.96B,1.34,$404.08B,$80.33B,5.03,$28.18B,$28.18B,100.00%,$28.18B,$10.54B,37.38%,$28.18B,0,0.00%,$28.18B,0,0.00%,$28.18B,$15.97B,56.66%,$28.18B,$13.52B,47.97%,$13.52B,$80.33B,20.47%,$13.52B,$43.73B,33.48%,$13.52B,$1314.53B,1.16%,$10.54B,$484.41B,3.57%,$8909,$0,$8909,$0,$4155,$4617,$4292,$0,$4292,$795,$3496,$3305,$3305,$0,$0,$6685,6685,$0.49,$0.49,$125434,$0,$0,$1018664,$0,$79103,$36596,$180167,$295867,$1314531,$760956,$404080,$65704,$473248,$1234204,$0,$78434,$0,$80326,$1314531,$3499,$0,$0,$0,$0,$0,$0,$0,$-9100,$-661,$0,$0,$0,$0,$0,$-822,$0,$-822,$0,$-7914,$0,$0,$-560,$-1152,$-3941,$-13567,$-16126,$0,$0
43,2007-12-31,8.94,$0.00,0.0,$3.91,2.29,$-19.24,0.0,$1.86,4.8,$1088.64B,$648.28B,1.68,$437.76B,$78.89B,5.55,$26.42B,$26.42B,100.00%,$26.42B,$9.52B,36.04%,$26.42B,0,0.00%,$26.42B,0,0.00%,$26.42B,$14.95B,56.61%,$26.42B,$12.58B,47.61%,$12.58B,$79.61B,20.78%,$12.58B,$60.65B,35.78%,$12.58B,$1251.33B,1.13%,$9.52B,$517.37B,4.77%,$4901,$0,$4901,$0,$5157,$5730,$-829,$0,$4925,$1040,$3885,$3732,$3732,$0,$0,$6629,6629,$0.56,$0.56,$260245,$0,$0,$1088640,$0,$82294,$18958,$45455,$146707,$1251333,$648277,$437759,$85687,$523446,$1171722,$4286,$72494,$0,$79610,$1251333,$13208,$1738,$0,$1738,$0,$0,$0,$0,$-33991,$-7142,$958,$0,$-15498,$0,$0,$-12427,$-2015,$-28982,$0,$0,$0,$0,$9802,$-4738,$54908,$59973,$23614,$0,$0
44,2007-09-30,7.94,$0.00,0.0,$3.17,2.51,$-18.30,0.0,$1.30,6.11,$702.49B,$216.25B,3.25,$31.92B,$45.01B,0.71,$27.55B,$27.55B,100.00%,$27.55B,$12.61B,45.77%,$27.55B,0,0.00%,$27.55B,0,0.00%,$27.55B,$12.29B,44.60%,$27.55B,$11.67B,42.38%,$11.67B,$45.01B,20.99%,$11.67B,$17.43B,38.38%,$11.67B,$886.67B,1.10%,$12.61B,$76.93B,7.31%,$6341,$0,$6341,$0,$2832,$3168,$3173,$0,$2853,$597,$2256,$2903,$2903,$0,$0,$6215,6215,$0.47,$0.47,$104597,$0,$0,$702491,$0,$45523,$27580,$111074,$184177,$886668,$216252,$31918,$591153,$625403,$841655,$0,$36852,$0,$45013,$886668,$15465,$0,$0,$0,$0,$0,$0,$0,$-57906,$-42441,$0,$0,$0,$0,$0,$-1609,$0,$-1609,$0,$0,$53471,$0,$-80,$-2688,$-1280,$49423,$5504,$0,$0
45,2007-06-30,7.49,$0.00,0.0,$5.23,1.43,$-11.48,0.0,$1.84,4.07,$983.03B,$599.37B,1.64,$42.90B,$59.25B,0.72,$27.95B,$27.95B,100.00%,$27.95B,$12.62B,45.16%,$27.95B,0,0.00%,$27.95B,0,0.00%,$27.95B,$12.62B,45.15%,$27.95B,$10.98B,39.28%,$10.98B,$59.25B,19.21%,$10.98B,$39.72B,36.31%,$10.98B,$1193.79B,1.01%,$12.62B,$102.16B,5.49%,$8033,$0,$8033,$0,$3707,$4133,$3900,$0,$3900,$887,$3013,$2817,$3580,$0,$0,$8048,8048,$0.45,$0.45,$273246,$0,$0,$983032,$0,$61271,$19533,$112368,$193171,$1193792,$599365,$42904,$489165,$535175,$1134540,$4215,$50063,$0,$59251,$1193792,$14360,$0,$0,$0,$0,$0,$0,$0,$-66475,$-52115,$0,$0,$0,$0,$0,$-1299,$0,$-1299,$0,$64591,$0,$0,$24,$-2587,$128,$62156,$8831,$0,$0
46,2007-03-31,7.17,$0.00,0.0,$4.23,1.69,$-5.00,0.0,$1.39,5.16,$905.65B,$574.86B,1.58,$43.70B,$58.23B,0.75,$26.42B,$26.42B,100.00%,$26.42B,$11.74B,44.44%,$26.42B,0,0.00%,$26.42B,0,0.00%,$26.42B,$11.74B,44.43%,$26.42B,$9.77B,36.99%,$9.77B,$58.23B,17.96%,$9.77B,$22.78B,40.49%,$9.77B,$1105.95B,0.93%,$11.74B,$101.93B,4.29%,$7142,$0,$7142,$0,$3462,$3866,$3276,$0,$3276,$755,$2522,$2361,$2361,$0,$0,$6214,6214,$0.38,$0.38,$192807,$0,$0,$905653,$0,$51066,$35449,$113784,$200299,$1105952,$574857,$43695,$425602,$472867,$1047724,$0,$55275,$0,$58230,$1105953,$5763,$0,$0,$0,$0,$0,$0,$0,$-36835,$-31072,$0,$0,$0,$0,$0,$-385,$0,$-385,$0,$0,$0,$0,$31,$-876,$33617,$32772,$1526,$0,$0
47,2006-12-31,7.44,$0.00,0.0,$4.03,1.85,0,0.0,$1.30,5.73,$934.21B,$566.28B,1.65,$349.45B,$59.13B,5.91,$25.22B,$25.22B,100.00%,$25.22B,$11.03B,43.72%,$25.22B,0,0.00%,$25.22B,0,0.00%,$25.22B,$11.02B,43.72%,$25.22B,$9.21B,36.52%,$9.21B,$59.97B,18.03%,$9.21B,$41.74B,42.27%,$9.21B,$1047.51B,0.90%,$11.03B,$409.42B,3.54%,$6033,$0,$6033,$0,$3377,$3773,$2260,$0,$2259,$450,$1808,$1103,$2830,$0,$0,$0,0,$0.00,$0.00,$231465,$0,$0,$934208,$0,$54901,$18231,$24399,$97531,$1047511,$566275,$349446,$71818,$421264,$987539,$3928,$50488,$0,$59972,$1047511,$10357,$1445,$0,$1445,$0,$0,$0,$0,$-86275,$-65494,$-1791,$0,$9392,$0,$0,$-5235,$773,$3139,$0,$0,$0,$0,$-112,$-3491,$62977,$59374,$-2828,$0,$0
