,Date,Stock Price,Book Value per Share,Price to Book Ratio,TTM Sales per Share,Price to Sales Ratio,TTM FCF per Share,Price to FCF Ratio,TTM Net EPS,PE Ratio,Current Assets,Current Liabilities,Current Ratio,Long Term Debt,Shareholder's Equity_x,Debt to Equity Ratio,TTM Revenue_x,TTM Gross Profit,Gross Margin,TTM Revenue_y,TTM Operating Income,Operating Margin,TTM Revenue_x,TTM EBIT,EBIT Margin,TTM Revenue_y,TTM EBITDA,EBITDA Margin,TTM Revenue_x,TTM Pre-Tax Income,Pre-Tax Margin,TTM Revenue_y,TTM Net Income_x,Net Margin,TTM Net Income_y,Shareholder's Equity_y,Return on Equity,TTM Net Income_x,Tangible Equity,Return on Tangible Equity,TTM Net Income_y,Total Assets,Return on Assets,TTM Net Income,LT Investments & Debt,Return on Investment,revenue,cost-goods-sold,gross-profit,research-development-expenses,selling-general-administrative-expenses,operating-expenses,operating-income,total-non-operating-income-expense,pre-tax-income,total-provision-income-taxes,income-after-taxes,income-from-continuous-operations,net-income,ebitda,ebit,basic-shares-outstanding,shares-outstanding,eps-basic-net-earnings-per-share,eps-earnings-per-share-diluted,cash-on-hand,inventory,other-current-assets,total-current-assets,net-property-plant-equipment,long-term-investments,goodwill-intangible-assets-total,other-long-term-assets,total-long-term-assets,total-assets,total-current-liabilities,long-term-debt,other-non-current-liabilities,total-long-term-liabilities,total-liabilities,common-stock-net,retained-earnings-accumulated-deficit,comprehensive-income,total-share-holder-equity,total-liabilities-share-holders-equity,net-income-loss,total-depreciation-amortization-cash-flow,other-non-cash-items,total-non-cash-items,change-in-accounts-receivable,change-in-inventories,change-in-accounts-payable,change-in-assets-liabilities,total-change-in-assets-liabilities,cash-flow-from-operating-activities,net-change-in-property-plant-equipment,net-change-in-intangible-assets,net-acquisitions-divestitures,net-change-in-short-term-investments,net-change-in-long-term-investments,net-change-in-investments-total,investing-activities-other,cash-flow-from-investing-activities,net-long-term-debt,net-current-debt,debt-issuance-retirement-net-total,net-common-equity-issued-repurchased,net-total-equity-issued-repurchased,total-common-preferred-stock-dividends-paid,financial-activities-other,cash-flow-from-financial-activities,net-cash-flow,stock-based-compensation,common-stock-dividends-paid
0,2018-09-30,27.6,$21.73,1.27,$99.18,0.28,$-0.42,0.0,$-1.28,0.0,$3.01B,$2.40B,1.26,$0.01B,$1.47B,0.01,$7.11B,$0.46B,6.53%,$7.11B,$0.12B,1.69%,$7.11B,$0.12B,1.69%,$7.11B,$0.27B,3.78%,$7.11B,$0.10B,1.36%,$7.11B,$-0.10B,-1.34%,$-0.10B,$1.47B,-6.42%,$-0.10B,$1.47B,-6.42%,$-0.10B,$4.09B,-2.45%,$0.12B,$1.49B,7.13%,$1876,$1755,$121,$7,$61,$1867,$10,$-6,$3,$3,$1,$1,$1,$70,$10,$70,70,$-0.05,$-0.01,$420,$1374,$0,$3014,$643,$0,$0,$84,$1071,$4085,$2402,$14,$196,$210,$2612,$1,$-4033,$74,$1473,$4085,$-96,$149,$206,$356,$-69,$-324,$268,$8,$-106,$156,$-114,$0,$0,$0,$-2,$-2,$0,$-116,$-3,$130,$127,$-153,$-153,$0,$-2,$-28,$13,$33,$0
1,2018-06-30,29.3,$21.73,1.35,$94.77,0.31,$0.81,36.33,$-1.03,0.0,$2.79B,$2.22B,1.26,$0.02B,$0.00B,0.0,$6.99B,$0.47B,6.68%,$6.99B,$0.15B,2.19%,$6.99B,$0.15B,2.19%,$6.99B,$0.27B,3.91%,$6.99B,$0.13B,1.92%,$6.99B,$-0.07B,-1.00%,$-0.07B,$1.48B,-4.60%,$-0.07B,$1.48B,-4.60%,$-0.07B,$3.89B,-1.83%,$0.15B,$1.49B,8.41%,$1813,$1695,$119,$8,$61,$1766,$47,$-6,$41,$7,$34,$34,$34,$77,$47,$69,72,$0.49,$0.47,$405,$1187,$0,$2794,$636,$0,$0,$117,$1099,$3893,$2215,$15,$186,$200,$2416,$0,$0,$0,$1477,$3893,$-96,$89,$203,$292,$-45,$-137,$87,$0,$-99,$96,$-94,$0,$0,$0,$-2,$-2,$0,$-96,$145,$0,$145,$-146,$-146,$0,$-2,$-3,$-2,$29,$0
2,2018-03-31,26.15,$21.33,1.23,$91.48,0.29,$2.29,11.41,$-1.03,0.0,$2.67B,$1.72B,1.56,$0.39B,$0.00B,0.0,$6.89B,$0.48B,6.96%,$6.89B,$0.17B,2.51%,$6.89B,$0.17B,2.51%,$6.89B,$0.29B,4.24%,$6.89B,$0.16B,2.25%,$6.89B,$-0.07B,-0.99%,$-0.07B,$1.46B,-4.28%,$-0.07B,$1.46B,-4.28%,$-0.07B,$3.78B,-1.79%,$0.17B,$1.86B,8.74%,$1676,$1561,$115,$8,$65,$1627,$49,$-7,$42,$17,$25,$25,$25,$79,$49,$70,74,$0.35,$0.33,$405,$1122,$0,$2671,$635,$0,$0,$119,$1109,$3779,$1717,$393,$206,$599,$2316,$0,$0,$0,$1463,$3779,$-130,$60,$184,$244,$23,$-70,$-34,$-7,$-78,$34,$-71,$0,$0,$0,$-2,$-2,$0,$-73,$0,$156,$156,$-117,$-117,$0,$-2,$37,$-1,$19,$0
3,2017-12-31,33.0,$21.08,1.57,$90.31,0.37,$3.96,8.33,$-0.95,0.0,$2.65B,$1.66B,1.6,$0.39B,$0.00B,0.0,$6.89B,$0.50B,7.21%,$6.89B,$0.18B,2.64%,$6.89B,$0.18B,2.64%,$6.89B,$0.30B,4.35%,$6.89B,$0.17B,2.47%,$6.89B,$-0.06B,-0.88%,$-0.06B,$1.50B,-3.69%,$-0.06B,$1.50B,-3.69%,$-0.06B,$3.76B,-1.61%,$0.18B,$1.89B,8.91%,$1745,$1635,$109,$8,$64,$1731,$14,$-3,$11,$166,$-155,$-155,$-155,$43,$14,$72,72,$-2.16,$-2.16,$405,$1080,$0,$2653,$635,$0,$0,$114,$1106,$3759,$1663,$392,$202,$594,$2257,$0,$0,$0,$1502,$3759,$-155,$30,$172,$201,$-11,$-28,$6,$4,$-38,$8,$-48,$0,$0,$0,$0,$0,$0,$-48,$0,$81,$81,$-43,$-43,$0,$0,$38,$-2,$9,$0
4,2017-09-30,37.15,$22.99,1.62,$88.23,0.42,$4.99,7.45,$1.79,20.75,$2.62B,$1.62B,1.62,$0.39B,$1.65B,0.24,$6.87B,$0.52B,7.57%,$6.87B,$0.23B,3.31%,$6.87B,$0.23B,3.31%,$6.87B,$0.35B,5.02%,$6.87B,$0.21B,3.12%,$6.87B,$0.14B,2.02%,$0.14B,$1.65B,8.22%,$0.14B,$1.65B,8.22%,$0.14B,$3.85B,3.70%,$0.23B,$2.04B,10.89%,$1755,$1631,$124,$9,$65,$1712,$43,$-3,$40,$14,$26,$26,$26,$74,$43,$74,78,$0.35,$0.32,$407,$1052,$0,$2616,$640,$0,$0,$114,$1231,$3847,$1616,$391,$192,$584,$2200,$1,$-3980,$77,$1648,$3847,$139,$119,$76,$195,$-136,$-104,$131,$12,$-87,$251,$-108,$0,$0,$0,$0,$0,$0,$-108,$-43,$60,$17,$-150,$-150,$0,$-2,$-135,$8,$38,$0
5,2017-06-30,38.1,$23.08,1.65,$86.91,0.44,$6.64,5.74,$2.76,13.8,$2.56B,$1.50B,1.72,$0.39B,$0.00B,0.0,$6.78B,$0.52B,7.72%,$6.78B,$0.24B,3.53%,$6.78B,$0.24B,3.53%,$6.78B,$0.36B,5.25%,$6.78B,$0.23B,3.33%,$6.78B,$0.21B,3.16%,$0.21B,$1.74B,12.72%,$0.21B,$1.74B,12.72%,$0.21B,$3.81B,5.78%,$0.24B,$2.13B,11.46%,$1711,$1581,$131,$8,$59,$1645,$67,$-4,$62,$26,$36,$36,$36,$96,$67,$75,78,$0.48,$0.47,$436,$1047,$0,$2564,$643,$0,$0,$118,$1245,$3809,$1496,$391,$183,$574,$2069,$0,$0,$0,$1740,$3809,$113,$88,$58,$145,$-63,$-101,$113,$11,$-56,$202,$-83,$0,$0,$0,$0,$0,$0,$-83,$-68,$0,$-68,$-12,$-12,$0,$-2,$-83,$37,$27,$0
6,2017-03-31,40.6,$22.73,1.79,$86.72,0.47,$7.80,5.2,$2.67,15.21,$2.48B,$1.43B,1.74,$0.39B,$0.00B,0.0,$6.74B,$0.52B,7.70%,$6.74B,$0.23B,3.37%,$6.74B,$0.23B,3.37%,$6.74B,$0.34B,5.09%,$6.74B,$0.21B,3.16%,$6.74B,$0.21B,3.09%,$0.21B,$1.72B,12.76%,$0.21B,$1.72B,12.76%,$0.21B,$3.72B,5.70%,$0.23B,$2.11B,11.11%,$1682,$1549,$133,$8,$62,$1624,$58,$-1,$57,$25,$32,$32,$32,$87,$58,$75,78,$0.42,$0.41,$433,$1019,$0,$2477,$623,$0,$0,$119,$1243,$3720,$1427,$394,$182,$576,$2003,$0,$0,$0,$1717,$3720,$77,$58,$33,$92,$1,$-73,$46,$3,$-25,$143,$-51,$0,$0,$0,$0,$0,$0,$-51,$-40,$-25,$-65,$9,$9,$0,$-2,$-58,$34,$20,$0
7,2016-12-31,36.65,$22.38,1.64,$85.63,0.43,$8.51,4.31,$2.65,13.83,$2.42B,$1.44B,1.68,$0.39B,$0.00B,0.0,$6.67B,$0.52B,7.85%,$6.67B,$0.23B,3.45%,$6.67B,$0.23B,3.45%,$6.67B,$0.35B,5.18%,$6.67B,$0.21B,3.17%,$6.67B,$0.21B,3.09%,$0.21B,$1.66B,13.08%,$0.21B,$1.66B,13.08%,$0.21B,$3.67B,5.69%,$0.23B,$2.06B,11.50%,$1720,$1588,$132,$8,$65,$1661,$59,$-4,$55,$10,$45,$45,$45,$88,$59,$74,77,$0.61,$0.58,$405,$964,$0,$2418,$621,$0,$0,$116,$1250,$3668,$1435,$393,$177,$570,$2005,$0,$0,$0,$1663,$3668,$45,$29,$13,$42,$-23,$-19,$39,$2,$-34,$54,$-18,$0,$0,$0,$0,$0,$0,$-18,$0,$-25,$-25,$-3,$-3,$0,$-2,$-30,$7,$12,$0
8,2016-09-30,28.47,$22.04,1.29,$82.24,0.35,$8.46,3.36,$2.40,11.86,$2.38B,$1.40B,1.7,$0.43B,$1.61B,0.27,$6.48B,$0.52B,7.95%,$6.48B,$0.23B,3.47%,$6.48B,$0.23B,3.47%,$6.48B,$0.34B,5.20%,$6.48B,$0.20B,3.15%,$6.48B,$0.19B,2.90%,$0.19B,$1.61B,12.20%,$0.19B,$1.61B,12.20%,$0.19B,$3.63B,5.28%,$0.23B,$2.04B,11.40%,$1666,$1539,$127,$9,$61,$1611,$55,$-3,$52,$-49,$101,$101,$101,$85,$55,$75,79,$1.35,$1.28,$398,$946,$0,$2376,$618,$0,$0,$118,$1250,$3625,$1401,$434,$180,$614,$2015,$1,$-4119,$65,$1610,$3625,$188,$112,$10,$122,$-37,$6,$95,$0,$79,$390,$-116,$0,$-59,$0,$0,$0,$0,$-175,$-4,$-103,$-107,$-124,$-124,$0,$0,$-231,$-14,$27,$0
9,2016-06-30,26.81,$20.71,1.29,$80.21,0.33,$5.99,4.48,$4.88,5.49,$2.38B,$1.45B,1.64,$0.43B,$0.00B,0.0,$6.45B,$0.51B,7.90%,$6.45B,$0.22B,3.46%,$6.45B,$0.22B,3.46%,$6.45B,$0.33B,5.13%,$6.45B,$0.20B,3.08%,$6.45B,$0.40B,6.23%,$0.40B,$1.53B,26.48%,$0.40B,$1.53B,26.48%,$0.40B,$3.58B,11.40%,$0.22B,$1.97B,11.45%,$1669,$1543,$127,$9,$62,$1615,$55,$-5,$49,$20,$30,$30,$30,$83,$55,$74,77,$0.40,$0.38,$410,$913,$0,$2381,$616,$0,$0,$116,$1197,$3578,$1448,$434,$166,$600,$2048,$0,$0,$0,$1531,$3578,$87,$82,$50,$133,$-62,$38,$79,$0,$67,$287,$-80,$0,$-59,$0,$0,$0,$0,$-139,$-4,$-48,$-52,$-100,$-100,$0,$0,$-152,$-3,$18,$0
10,2016-03-31,23.38,$20.30,1.15,$76.53,0.31,$4.65,5.03,$4.79,4.88,$2.39B,$1.50B,1.6,$0.44B,$0.00B,0.0,$6.32B,$0.50B,7.97%,$6.32B,$0.22B,3.40%,$6.32B,$0.22B,3.40%,$6.32B,$0.32B,5.06%,$6.32B,$0.19B,3.01%,$6.32B,$0.40B,6.26%,$0.40B,$1.50B,27.31%,$0.40B,$1.50B,27.31%,$0.40B,$3.60B,11.58%,$0.22B,$1.93B,11.45%,$1611,$1474,$137,$10,$63,$1550,$61,$-6,$55,$25,$30,$30,$30,$89,$61,$75,79,$0.40,$0.39,$407,$923,$0,$2393,$612,$0,$0,$118,$1205,$3598,$1495,$438,$170,$608,$2103,$0,$0,$0,$1495,$3598,$57,$53,$34,$88,$-61,$29,$79,$-6,$60,$205,$-58,$0,$-59,$0,$0,$0,$0,$-117,$-1,$5,$4,$-98,$-98,$0,$0,$-94,$-5,$13,$0
11,2015-12-31,20.58,$19.79,1.04,$73.59,0.28,$2.99,6.88,$4.57,4.5,$2.28B,$1.31B,1.74,$0.42B,$0.00B,0.0,$6.24B,$0.48B,7.73%,$6.24B,$0.20B,3.27%,$6.24B,$0.20B,3.27%,$6.24B,$0.31B,4.90%,$6.24B,$0.18B,2.85%,$6.24B,$0.38B,6.11%,$0.38B,$1.53B,27.30%,$0.38B,$1.53B,27.30%,$0.38B,$3.43B,11.55%,$0.20B,$1.95B,11.21%,$1535,$1411,$124,$10,$58,$1481,$54,$-6,$48,$21,$27,$27,$27,$80,$54,$78,81,$0.35,$0.33,$398,$896,$0,$2280,$586,$0,$0,$80,$1151,$3431,$1312,$424,$168,$592,$1904,$0,$0,$0,$1527,$3431,$27,$26,$16,$42,$6,$23,$-13,$0,$-8,$63,$-29,$0,$0,$0,$0,$0,$0,$-29,$0,$-24,$-24,$-24,$-24,$0,$0,$-48,$-14,$4,$0
12,2015-09-30,21.37,$19.48,1.1,$73.97,0.29,$2.18,9.79,$4.50,4.75,$2.32B,$1.38B,1.68,$0.42B,$1.52B,0.28,$6.38B,$0.48B,7.59%,$6.38B,$0.20B,3.18%,$6.38B,$0.20B,3.18%,$6.38B,$0.30B,4.77%,$6.38B,$0.18B,2.76%,$6.38B,$0.38B,5.91%,$0.38B,$1.52B,28.25%,$0.38B,$1.52B,28.25%,$0.38B,$3.49B,11.61%,$0.20B,$1.94B,11.54%,$1637,$1515,$122,$9,$63,$1584,$53,$-6,$47,$-269,$315,$315,$315,$79,$53,$82,86,$3.86,$3.69,$412,$919,$0,$2323,$591,$0,$0,$82,$1170,$3493,$1381,$424,$168,$592,$1973,$1,$-4307,$67,$1520,$3493,$377,$101,$-222,$-121,$40,$-14,$-117,$11,$-82,$175,$-89,$0,$-14,$0,$0,$0,$0,$-102,$-124,$100,$-24,$-104,$-104,$0,$1,$-127,$-54,$21,$0
13,2015-06-30,20.16,$15.65,1.29,$74.30,0.27,$3.99,5.06,$2.24,9.0,$2.33B,$1.33B,1.75,$0.42B,$0.00B,0.0,$6.42B,$0.49B,7.69%,$6.42B,$0.21B,3.30%,$6.42B,$0.21B,3.30%,$6.42B,$0.31B,4.84%,$6.42B,$0.18B,2.79%,$6.42B,$0.20B,3.04%,$0.20B,$1.26B,15.40%,$0.20B,$1.26B,15.40%,$0.20B,$3.16B,6.09%,$0.21B,$1.68B,12.60%,$1539,$1419,$121,$8,$60,$1492,$47,$-7,$40,$16,$24,$24,$24,$72,$47,$82,85,$0.30,$0.29,$416,$874,$0,$2325,$565,$0,$0,$267,$831,$3157,$1330,$424,$144,$567,$1898,$0,$0,$0,$1259,$3157,$62,$74,$40,$115,$40,$13,$-53,$9,$-3,$176,$-61,$0,$0,$0,$0,$0,$0,$-61,$-109,$-5,$-114,$-53,$-53,$0,$1,$-165,$-50,$15,$0
14,2015-03-31,24.19,$15.45,1.57,$74.91,0.32,$4.46,5.43,$2.19,11.05,$2.29B,$1.27B,1.8,$0.43B,$0.00B,0.0,$6.49B,$0.50B,7.70%,$6.49B,$0.22B,3.36%,$6.49B,$0.22B,3.36%,$6.49B,$0.32B,4.88%,$6.49B,$0.18B,2.74%,$6.49B,$0.19B,2.96%,$0.19B,$1.28B,15.55%,$0.19B,$1.28B,15.55%,$0.19B,$3.12B,5.93%,$0.22B,$1.70B,12.99%,$1528,$1412,$115,$8,$57,$1478,$50,$-6,$43,$29,$15,$15,$15,$75,$50,$83,87,$0.18,$0.17,$408,$858,$0,$2291,$553,$0,$0,$273,$826,$3116,$1272,$427,$141,$568,$1840,$0,$0,$0,$1277,$3116,$37,$50,$31,$80,$53,$28,$-114,$8,$-58,$64,$-44,$0,$0,$0,$0,$0,$0,$-44,$-105,$30,$-75,$-7,$-7,$0,$3,$-79,$-59,$11,$0
15,2014-12-31,23.53,$15.41,1.53,$74.47,0.32,$4.43,5.31,$2.26,10.41,$2.38B,$1.37B,1.74,$0.43B,$0.00B,0.0,$6.44B,$0.50B,7.83%,$6.44B,$0.21B,3.31%,$6.44B,$0.21B,3.31%,$6.44B,$0.31B,4.85%,$6.44B,$0.17B,2.70%,$6.44B,$0.20B,3.08%,$0.20B,$1.28B,16.62%,$0.20B,$1.28B,16.62%,$0.20B,$3.23B,6.16%,$0.21B,$1.71B,12.77%,$1671,$1545,$126,$8,$59,$1618,$53,$-8,$46,$23,$23,$23,$23,$78,$53,$83,87,$0.27,$0.26,$391,$908,$0,$2382,$565,$0,$0,$280,$844,$3226,$1372,$427,$145,$572,$1944,$0,$0,$0,$1282,$3226,$23,$25,$16,$41,$4,$-17,$-55,$3,$-74,$-6,$-28,$0,$0,$0,$0,$0,$0,$-28,$-105,$50,$-55,$11,$11,$0,$3,$-42,$-75,$6,$0
16,2014-09-30,20.86,$15.18,1.37,$71.78,0.29,$5.11,4.08,$2.26,9.23,$2.45B,$1.53B,1.6,$0.39B,$1.25B,0.31,$6.22B,$0.49B,7.87%,$6.22B,$0.20B,3.22%,$6.22B,$0.20B,3.22%,$6.22B,$0.30B,4.78%,$6.22B,$0.16B,2.61%,$6.22B,$0.20B,3.19%,$0.20B,$1.25B,17.31%,$0.20B,$1.25B,17.31%,$0.20B,$3.31B,6.26%,$0.20B,$1.63B,12.09%,$1686,$1555,$132,$8,$58,$1625,$62,$-11,$50,$-82,$133,$133,$133,$86,$62,$83,87,$1.60,$1.53,$467,$893,$0,$2451,$563,$0,$0,$81,$862,$3313,$1534,$387,$146,$532,$2066,$1,$-4684,$83,$1247,$3313,$197,$98,$-40,$58,$-36,$-81,$174,$-15,$55,$307,$-63,$0,$-80,$0,$1,$1,$0,$-142,$-52,$-12,$-65,$-59,$-59,$0,$21,$-103,$64,$19,$0
17,2014-06-30,22.78,$13.70,1.66,$69.97,0.33,$5.52,4.13,$1.18,19.31,$2.50B,$1.49B,1.68,$0.54B,$0.00B,0.0,$6.03B,$0.47B,7.82%,$6.03B,$0.18B,3.03%,$6.03B,$0.18B,3.03%,$6.03B,$0.28B,4.62%,$6.03B,$0.15B,2.50%,$6.03B,$0.10B,1.72%,$0.10B,$1.13B,9.41%,$0.10B,$1.13B,9.41%,$0.10B,$3.29B,3.37%,$0.18B,$1.67B,11.03%,$1605,$1478,$127,$8,$63,$1551,$53,$-14,$39,$18,$21,$21,$21,$78,$53,$82,86,$0.25,$0.24,$552,$880,$0,$2504,$564,$0,$0,$222,$786,$3290,$1488,$537,$133,$670,$2158,$0,$0,$0,$1132,$3290,$65,$73,$39,$112,$-28,$-65,$117,$-2,$22,$198,$-42,$0,$-81,$0,$0,$0,$0,$-123,$90,$3,$93,$-42,$-42,$0,$21,$72,$149,$13,$0
18,2014-03-31,17.45,$13.41,1.3,$68.75,0.25,$6.08,2.87,$1.16,15.04,$2.23B,$1.23B,1.82,$0.56B,$0.00B,0.0,$5.92B,$0.46B,7.76%,$5.92B,$0.17B,2.81%,$5.92B,$0.17B,2.81%,$5.92B,$0.26B,4.39%,$5.92B,$0.14B,2.35%,$5.92B,$0.10B,1.72%,$0.10B,$1.10B,9.43%,$0.10B,$1.10B,9.43%,$0.10B,$3.02B,3.39%,$0.17B,$1.66B,10.11%,$1477,$1358,$119,$9,$62,$1431,$45,$-7,$39,$18,$21,$21,$21,$70,$45,$83,86,$0.25,$0.24,$391,$800,$0,$2232,$546,$0,$0,$242,$788,$3020,$1226,$557,$134,$691,$1917,$0,$0,$0,$1104,$3020,$44,$49,$17,$66,$-9,$-11,$-35,$-9,$-63,$47,$-30,$0,$-54,$0,$0,$0,$0,$-84,$0,$63,$63,$-41,$-41,$0,$3,$25,$-12,$9,$0
19,2013-12-31,16.7,$13.21,1.26,$68.47,0.24,$7.61,2.19,$1.17,14.27,$2.20B,$1.24B,1.78,$0.56B,$0.00B,0.0,$5.87B,$0.44B,7.50%,$5.87B,$0.17B,2.85%,$5.87B,$0.17B,2.85%,$5.87B,$0.26B,4.43%,$5.87B,$0.13B,2.28%,$5.87B,$0.10B,1.74%,$0.10B,$1.09B,9.62%,$0.10B,$1.09B,9.62%,$0.10B,$3.03B,3.41%,$0.17B,$1.65B,10.28%,$1447,$1337,$111,$8,$59,$1408,$40,$-6,$34,$11,$23,$23,$23,$63,$40,$84,87,$0.28,$0.26,$407,$792,$0,$2204,$562,$0,$0,$264,$826,$3030,$1240,$561,$136,$697,$1937,$0,$0,$0,$1093,$3030,$23,$23,$4,$28,$29,$-4,$-37,$-0,$-13,$38,$-13,$0,$-58,$0,$0,$0,$0,$-71,$0,$62,$62,$-24,$-24,$0,$0,$37,$4,$4,$0
20,2013-09-30,17.49,$12.97,1.35,$69.68,0.25,$8.26,2.12,$0.92,19.01,$2.21B,$1.21B,1.83,$0.56B,$1.09B,0.52,$5.92B,$0.43B,7.20%,$5.92B,$0.16B,2.67%,$5.92B,$0.16B,2.67%,$5.92B,$0.25B,4.28%,$5.92B,$0.10B,1.76%,$5.92B,$0.08B,1.35%,$0.08B,$1.09B,7.74%,$0.08B,$1.09B,7.74%,$0.08B,$3.00B,2.66%,$0.16B,$1.65B,9.63%,$1505,$1390,$115,$7,$57,$1461,$45,$-6,$39,$-0,$39,$39,$39,$68,$45,$83,85,$0.46,$0.45,$403,$782,$0,$2205,$540,$0,$0,$251,$791,$2996,$1207,$563,$135,$698,$1904,$1,$-4882,$84,$1092,$2996,$79,$96,$5,$101,$57,$44,$22,$14,$138,$318,$-43,$0,$0,$0,$0,$0,$0,$-43,$-257,$-38,$-295,$10,$10,$0,$6,$-279,$-7,$18,$0
21,2013-06-30,14.35,$12.43,1.15,$70.96,0.2,$6.74,2.13,$2.44,5.88,$2.19B,$1.25B,1.75,$0.56B,$0.00B,0.0,$5.99B,$0.43B,7.11%,$5.99B,$0.15B,2.42%,$5.99B,$0.15B,2.42%,$5.99B,$0.24B,4.04%,$5.99B,$0.08B,1.34%,$5.99B,$0.21B,3.42%,$0.21B,$1.04B,20.48%,$0.21B,$1.04B,20.48%,$0.21B,$2.98B,6.73%,$0.15B,$1.60B,8.64%,$1489,$1375,$114,$7,$62,$1454,$36,$-9,$27,$8,$19,$19,$19,$59,$36,$83,86,$0.23,$0.22,$416,$797,$0,$2189,$544,$0,$0,$247,$790,$2979,$1251,$561,$128,$689,$1940,$0,$0,$0,$1039,$2979,$41,$73,$8,$81,$101,$29,$-38,$14,$107,$228,$-25,$0,$0,$0,$0,$0,$0,$-25,$-257,$54,$-204,$5,$5,$0,$3,$-195,$7,$13,$0
22,2013-03-31,11.37,$12.25,0.93,$72.10,0.16,$4.88,2.33,$2.33,4.88,$2.16B,$1.23B,1.75,$0.57B,$0.00B,0.0,$6.05B,$0.42B,6.89%,$6.05B,$0.14B,2.38%,$6.05B,$0.14B,2.38%,$6.05B,$0.24B,4.02%,$6.05B,$0.07B,1.09%,$6.05B,$0.20B,3.22%,$0.20B,$1.02B,20.68%,$0.20B,$1.02B,20.68%,$0.20B,$2.97B,6.37%,$0.14B,$1.59B,8.40%,$1428,$1327,$100,$6,$59,$1382,$46,$-12,$34,$13,$21,$21,$21,$70,$46,$83,85,$0.26,$0.25,$412,$799,$0,$2156,$548,$0,$0,$261,$808,$2965,$1232,$574,$144,$718,$1950,$0,$0,$0,$1015,$2965,$22,$49,$2,$51,$131,$28,$-76,$6,$89,$162,$-15,$0,$0,$0,$0,$0,$0,$-15,$-257,$110,$-147,$0,$0,$0,$3,$-143,$2,$9,$0
23,2012-12-31,11.07,$11.95,0.93,$73.25,0.15,$3.25,3.41,$2.06,5.37,$2.25B,$1.21B,1.86,$0.74B,$0.00B,0.0,$6.09B,$0.42B,6.95%,$6.09B,$0.13B,2.10%,$6.09B,$0.13B,2.10%,$6.09B,$0.23B,3.75%,$6.09B,$0.04B,0.61%,$6.09B,$0.17B,2.84%,$0.17B,$0.99B,19.50%,$0.17B,$0.99B,19.50%,$0.17B,$3.08B,5.62%,$0.13B,$1.72B,7.22%,$1495,$1398,$97,$5,$60,$1463,$31,$-28,$4,$3,$1,$1,$1,$56,$31,$82,84,$0.01,$0.01,$491,$780,$0,$2249,$563,$0,$0,$268,$831,$3079,$1211,$735,$147,$882,$2093,$0,$0,$0,$986,$3079,$1,$25,$15,$40,$104,$47,$-99,$4,$56,$97,$-19,$0,$0,$0,$0,$0,$0,$-19,$0,$3,$3,$-1,$-1,$0,$1,$3,$81,$5,$0
24,2012-09-30,8.51,$11.81,0.72,$73.63,0.12,$1.86,4.57,$2.15,3.96,$2.33B,$1.22B,1.91,$0.84B,$0.96B,0.87,$6.09B,$0.44B,7.14%,$6.09B,$0.14B,2.25%,$6.09B,$0.14B,2.25%,$6.09B,$0.24B,3.89%,$6.09B,$0.05B,0.82%,$6.09B,$0.18B,2.97%,$0.18B,$0.96B,21.62%,$0.18B,$0.96B,21.62%,$0.18B,$3.17B,5.81%,$0.14B,$1.80B,7.46%,$1579,$1463,$115,$6,$58,$1546,$32,$-17,$15,$-149,$164,$164,$164,$57,$32,$81,83,$2.02,$1.97,$410,$827,$0,$2326,$569,$0,$0,$272,$841,$3168,$1220,$837,$147,$984,$2204,$1,$-4961,$63,$964,$3168,$180,$99,$-116,$-17,$13,$63,$-48,$24,$52,$215,$-74,$0,$-5,$0,$1,$1,$0,$-78,$-371,$-0,$-372,$2,$2,$0,$2,$-367,$-231,$18,$0
25,2012-06-30,8.19,$9.88,0.83,$75.13,0.11,$1.99,4.12,$0.41,19.98,$2.34B,$1.16B,2.02,$0.94B,$0.00B,0.0,$6.21B,$0.45B,7.31%,$6.21B,$0.16B,2.56%,$6.21B,$0.16B,2.56%,$6.21B,$0.26B,4.23%,$6.21B,$0.06B,1.03%,$6.21B,$0.04B,0.56%,$0.04B,$0.81B,4.44%,$0.04B,$0.81B,4.44%,$0.04B,$3.03B,1.11%,$0.16B,$1.75B,8.49%,$1549,$1444,$105,$6,$61,$1514,$35,$-23,$13,$4,$9,$9,$9,$60,$35,$82,84,$0.11,$0.11,$395,$827,$0,$2335,$566,$0,$0,$132,$698,$3033,$1157,$940,$130,$1070,$2227,$0,$0,$0,$806,$3033,$16,$75,$26,$101,$-3,$62,$-81,$0,$-22,$94,$-51,$0,$-6,$0,$0,$0,$0,$-57,$-259,$-30,$-290,$2,$2,$0,$4,$-283,$-245,$13,$0
26,2012-03-31,11.45,$9.73,1.18,$76.73,0.15,$2.64,4.34,$0.39,29.36,$2.32B,$1.07B,2.17,$1.03B,$0.00B,0.0,$6.34B,$0.48B,7.59%,$6.34B,$0.18B,2.79%,$6.34B,$0.18B,2.79%,$6.34B,$0.28B,4.43%,$6.34B,$0.07B,1.03%,$6.34B,$0.04B,0.55%,$0.04B,$0.79B,4.52%,$0.04B,$0.79B,4.52%,$0.04B,$3.03B,1.08%,$0.18B,$1.83B,9.26%,$1463,$1357,$106,$6,$63,$1433,$30,$-25,$5,$7,$-1,$-1,$-1,$55,$30,$81,81,$-0.02,$-0.02,$464,$862,$0,$2324,$577,$0,$0,$129,$706,$3031,$1073,$1033,$132,$1165,$2238,$0,$0,$0,$793,$3031,$7,$51,$18,$68,$86,$29,$-147,$4,$-28,$47,$-38,$0,$-2,$0,$0,$0,$0,$-40,$-157,$-30,$-187,$2,$2,$0,$4,$-182,$-176,$9,$0
27,2011-12-31,9.31,$9.68,0.96,$77.41,0.12,$3.22,2.89,$0.57,16.33,$2.52B,$1.14B,2.21,$1.19B,$0.00B,0.0,$6.44B,$0.49B,7.64%,$6.44B,$0.19B,2.98%,$6.44B,$0.19B,2.98%,$6.44B,$0.30B,4.58%,$6.44B,$0.08B,1.26%,$6.44B,$0.05B,0.76%,$0.05B,$0.79B,6.46%,$0.05B,$0.79B,6.46%,$0.05B,$3.24B,1.49%,$0.19B,$1.97B,9.85%,$1502,$1393,$109,$4,$59,$1463,$40,$-23,$17,$8,$9,$9,$9,$65,$40,$81,83,$0.11,$0.10,$604,$904,$0,$2517,$588,$0,$0,$135,$722,$3239,$1137,$1185,$133,$1317,$2455,$0,$0,$0,$785,$3239,$9,$25,$6,$32,$83,$-13,$-124,$2,$-53,$-13,$-24,$0,$0,$0,$0,$0,$0,$-24,$0,$-1,$-1,$0,$0,$0,$2,$1,$-36,$4,$0
28,2011-09-30,6.68,$9.54,0.7,$79.30,0.08,$3.31,2.02,$0.81,8.25,$2.63B,$1.27B,2.08,$1.18B,$0.77B,1.53,$6.60B,$0.51B,7.74%,$6.60B,$0.21B,3.23%,$6.60B,$0.21B,3.23%,$6.60B,$0.32B,4.79%,$6.60B,$0.10B,1.51%,$6.60B,$0.07B,1.03%,$0.07B,$0.77B,9.22%,$0.07B,$0.77B,9.22%,$0.07B,$3.35B,2.07%,$0.21B,$1.95B,10.97%,$1697,$1563,$134,$6,$59,$1643,$54,$-25,$29,$11,$18,$18,$18,$83,$54,$80,83,$0.22,$0.22,$640,$891,$0,$2629,$588,$0,$0,$137,$725,$3354,$1266,$1182,$135,$1318,$2583,$1,$-5141,$71,$771,$3354,$69,$105,$29,$133,$6,$-47,$71,$3,$33,$235,$-84,$0,$-15,$0,$0,$0,$0,$-98,$-102,$-5,$-106,$5,$5,$0,$13,$-89,$47,$19,$0
29,2011-06-30,10.33,$9.29,1.11,$79.36,0.13,$-0.07,0.0,$0.97,10.65,$2.64B,$1.28B,2.06,$1.15B,$0.00B,0.0,$6.59B,$0.51B,7.72%,$6.59B,$0.22B,3.29%,$6.59B,$0.22B,3.29%,$6.59B,$0.32B,4.79%,$6.59B,$0.11B,1.59%,$6.59B,$0.08B,1.23%,$0.08B,$0.75B,11.40%,$0.08B,$0.75B,11.40%,$0.08B,$3.32B,2.47%,$0.22B,$1.90B,11.25%,$1674,$1543,$132,$6,$67,$1621,$53,$-39,$14,$4,$9,$9,$9,$78,$53,$81,83,$0.12,$0.11,$583,$886,$0,$2636,$563,$0,$0,$118,$681,$3317,$1279,$1152,$137,$1289,$2567,$0,$0,$0,$749,$3317,$51,$75,$26,$102,$-20,$-39,$42,$20,$3,$156,$-59,$0,$-15,$0,$0,$0,$0,$-74,$-102,$-5,$-106,$4,$4,$0,$12,$-90,$-10,$15,$0
30,2011-03-31,11.21,$9.08,1.23,$78.65,0.14,$-1.93,0.0,$1.14,9.83,$2.58B,$1.15B,2.24,$1.24B,$0.00B,0.0,$6.54B,$0.50B,7.66%,$6.54B,$0.23B,3.45%,$6.54B,$0.23B,3.45%,$6.54B,$0.32B,4.92%,$6.54B,$0.12B,1.89%,$6.54B,$0.09B,1.44%,$0.09B,$0.73B,13.84%,$0.09B,$0.73B,13.84%,$0.09B,$3.26B,2.88%,$0.23B,$1.97B,11.77%,$1569,$1452,$117,$5,$62,$1524,$45,$-24,$21,$8,$13,$13,$13,$70,$45,$80,84,$0.16,$0.16,$655,$820,$0,$2576,$561,$0,$0,$125,$687,$3263,$1150,$1240,$142,$1382,$2532,$0,$0,$0,$731,$3263,$41,$50,$5,$55,$56,$26,$-66,$-8,$8,$105,$-46,$0,$-9,$0,$0,$0,$0,$-55,$0,$-3,$-3,$3,$3,$0,$15,$15,$62,$8,$0
31,2010-12-31,11.48,$8.73,1.31,$78.41,0.15,$-3.27,0.0,$1.10,10.44,$2.52B,$1.15B,2.19,$1.24B,$0.00B,0.0,$6.50B,$0.50B,7.71%,$6.50B,$0.23B,3.48%,$6.50B,$0.23B,3.48%,$6.50B,$0.32B,4.92%,$6.50B,$0.12B,1.88%,$6.50B,$0.09B,1.40%,$0.09B,$0.70B,14.05%,$0.09B,$0.70B,14.05%,$0.09B,$3.23B,2.83%,$0.23B,$1.94B,11.94%,$1662,$1534,$128,$4,$58,$1601,$61,$-25,$36,$8,$28,$28,$28,$86,$61,$80,83,$0.36,$0.34,$549,$833,$0,$2521,$574,$0,$0,$138,$712,$3233,$1150,$1240,$143,$1383,$2533,$0,$0,$0,$700,$3233,$28,$25,$2,$27,$16,$11,$-78,$-6,$-58,$-2,$-28,$0,$-9,$0,$0,$0,$0,$-37,$0,$-12,$-12,$1,$1,$0,$3,$-8,$-44,$4,$0
32,2010-09-30,12.08,$8.30,1.46,$76.68,0.16,$-2.90,0.0,$1.50,8.05,$2.59B,$1.25B,2.07,$1.24B,$0.66B,1.88,$6.32B,$0.48B,7.64%,$6.32B,$0.21B,3.24%,$6.32B,$0.21B,3.24%,$6.32B,$0.30B,4.67%,$6.32B,$0.14B,2.20%,$6.32B,$0.12B,1.93%,$0.12B,$0.66B,19.72%,$0.12B,$0.66B,19.72%,$0.12B,$3.30B,3.84%,$0.21B,$1.90B,10.96%,$1688,$1556,$132,$4,$61,$1630,$58,$-24,$34,$2,$31,$31,$31,$83,$58,$79,82,$0.39,$0.36,$593,$844,$0,$2590,$570,$0,$0,$142,$712,$3302,$1251,$1241,$148,$1389,$2640,$1,$-5210,$54,$662,$3302,$122,$90,$6,$96,$-332,$-60,$94,$-1,$-299,$-78,$-51,$0,$-15,$0,$1,$1,$0,$-64,$-220,$65,$-155,$3,$3,$0,$-11,$-163,$-306,$15,$0
33,2010-06-30,13.61,$7.84,1.74,$72.62,0.19,$0.30,45.73,$0.71,19.17,$2.58B,$1.27B,2.03,$1.24B,$0.00B,0.0,$5.98B,$0.45B,7.44%,$5.98B,$0.16B,2.59%,$5.98B,$0.16B,2.59%,$5.98B,$0.24B,4.03%,$5.98B,$0.08B,1.29%,$5.98B,$0.06B,0.97%,$0.06B,$0.62B,9.95%,$0.06B,$0.62B,9.95%,$0.06B,$3.26B,1.85%,$0.16B,$1.87B,8.43%,$1625,$1501,$124,$3,$65,$1563,$62,$-29,$33,$12,$22,$22,$22,$84,$62,$80,84,$0.27,$0.26,$665,$855,$0,$2584,$562,$0,$0,$115,$677,$3261,$1274,$1241,$122,$1363,$2637,$0,$0,$0,$624,$3261,$91,$65,$2,$66,$-242,$-74,$119,$-5,$-202,$-44,$-13,$0,$-15,$0,$0,$0,$0,$-28,$-220,$51,$-169,$3,$3,$0,$1,$-166,$-235,$12,$0
34,2010-03-31,16.5,$7.60,2.17,$68.31,0.24,$2.23,7.39,$-0.09,0.0,$2.46B,$1.10B,2.23,$1.26B,$0.00B,0.0,$5.57B,$0.40B,7.13%,$5.57B,$0.09B,1.65%,$5.57B,$0.09B,1.65%,$5.57B,$0.18B,3.20%,$5.57B,$0.02B,0.31%,$5.57B,$-0.01B,-0.11%,$-0.01B,$0.60B,-1.06%,$-0.01B,$0.60B,-1.06%,$-0.01B,$3.08B,-0.19%,$0.09B,$1.87B,5.02%,$1527,$1410,$117,$3,$64,$1482,$45,$-26,$19,$9,$10,$10,$10,$67,$45,$79,83,$0.13,$0.12,$673,$816,$0,$2460,$539,$0,$0,$85,$624,$3084,$1104,$1261,$114,$1375,$2479,$0,$0,$0,$604,$3084,$69,$43,$11,$54,$-154,$-55,$102,$8,$-140,$-19,$-35,$0,$-2,$0,$0,$0,$0,$-37,$0,$0,$0,$-174,$-174,$0,$3,$-171,$-226,$10,$0
35,2009-12-31,11.03,$7.42,1.49,$64.18,0.17,$3.39,3.25,$-0.63,0.0,$2.40B,$1.08B,2.22,$1.26B,$0.00B,0.0,$5.24B,$0.35B,6.67%,$5.24B,$0.03B,0.65%,$5.24B,$0.03B,0.65%,$5.24B,$0.12B,2.27%,$5.24B,$-0.04B,-0.71%,$5.24B,$-0.05B,-1.03%,$-0.05B,$0.59B,-9.47%,$-0.05B,$0.59B,-9.47%,$-0.05B,$3.05B,-1.75%,$0.03B,$1.85B,1.81%,$1478,$1369,$110,$3,$62,$1439,$40,$13,$53,$-6,$59,$59,$59,$61,$40,$79,81,$0.76,$0.74,$727,$778,$0,$2401,$550,$0,$0,$94,$644,$3045,$1081,$1262,$117,$1379,$2460,$0,$0,$0,$585,$3045,$59,$21,$7,$28,$-85,$-17,$46,$-3,$-71,$13,$-13,$0,$-2,$0,$0,$0,$0,$-15,$0,$0,$0,$-176,$-176,$0,$4,$-172,$-172,$5,$0
36,2009-09-30,8.6,$6.61,1.3,$62.10,0.14,$2.94,2.92,$-1.67,0.0,$2.48B,$1.20B,2.07,$1.26B,$0.52B,2.43,$5.18B,$0.32B,6.24%,$5.18B,$-0.00B,-0.08%,$5.18B,$-0.00B,-0.08%,$5.18B,$0.08B,1.60%,$5.18B,$-0.11B,-2.18%,$5.18B,$-0.14B,-2.68%,$-0.14B,$0.52B,-23.93%,$-0.14B,$0.52B,-23.93%,$-0.14B,$3.12B,-4.39%,$-0.00B,$1.78B,-0.21%,$1354,$1260,$94,$4,$60,$1346,$8,$-35,$-28,$5,$-33,$-33,$-33,$29,$8,$83,83,$-0.41,$-0.41,$899,$761,$0,$2476,$543,$0,$0,$104,$648,$3124,$1196,$1262,$147,$1409,$2605,$1,$-5332,$52,$519,$3124,$-138,$89,$23,$112,$320,$80,$-119,$-61,$220,$197,$-62,$0,$-30,$0,$-0,$-0,$0,$-92,$-31,$0,$-31,$-29,$-29,$0,$-19,$-80,$29,$16,$0
37,2009-06-30,2.63,$7.20,0.36,$64.96,0.04,$1.73,1.52,$-1.38,0.0,$2.40B,$1.14B,2.11,$1.28B,$0.00B,0.0,$5.53B,$0.36B,6.51%,$5.53B,$-0.45B,-8.21%,$5.53B,$-0.45B,-8.21%,$5.53B,$-0.37B,-6.62%,$5.53B,$-0.56B,-10.08%,$5.53B,$-0.59B,-10.73%,$-0.59B,$0.57B,-94.88%,$-0.59B,$0.57B,-94.88%,$-0.59B,$3.11B,-18.15%,$-0.45B,$1.84B,-22.16%,$1209,$1133,$76,$4,$58,$1210,$-1,$-26,$-27,$14,$-42,$-42,$-42,$21,$-1,$80,80,$-0.52,$-0.52,$878,$696,$0,$2403,$578,$0,$0,$126,$704,$3106,$1140,$1276,$125,$1400,$2540,$0,$0,$0,$566,$3106,$-105,$67,$13,$80,$288,$143,$0,$-65,$178,$151,$-52,$0,$-30,$0,$-0,$-0,$0,$-82,$-20,$0,$-20,$-29,$-29,$0,$-20,$-69,$8,$12,$0
38,2009-03-31,1.83,$7.52,0.24,$71.34,0.03,$1.91,0.96,$-0.66,0.0,$2.38B,$0.93B,2.57,$1.45B,$0.00B,0.0,$6.22B,$0.42B,6.82%,$6.22B,$-0.41B,-6.64%,$6.22B,$-0.41B,-6.64%,$6.22B,$-0.33B,-5.22%,$6.22B,$-0.51B,-8.21%,$6.22B,$-0.54B,-8.62%,$-0.54B,$0.61B,-68.63%,$-0.54B,$0.61B,-82.02%,$-0.54B,$3.09B,-14.79%,$-0.41B,$2.06B,-18.30%,$1195,$1127,$69,$5,$57,$1208,$-13,$-21,$-35,$3,$-38,$-38,$-38,$8,$-13,$83,83,$-0.45,$-0.45,$851,$706,$0,$2383,$575,$0,$0,$132,$707,$3090,$927,$1452,$99,$1551,$2478,$0,$0,$0,$612,$3090,$-64,$45,$7,$51,$267,$97,$0,$-56,$99,$86,$-44,$0,$0,$0,$-0,$-0,$0,$-44,$-20,$0,$-20,$-19,$-19,$0,$-25,$-64,$-18,$8,$0
39,2008-12-31,2.82,$7.35,0.38,$77.56,0.04,$1.73,1.63,$-0.54,0.0,$2.61B,$1.09B,2.39,$1.49B,$0.00B,0.0,$6.84B,$0.48B,7.01%,$6.84B,$-0.41B,-5.98%,$6.84B,$-0.41B,-5.98%,$6.84B,$-0.32B,-4.63%,$6.84B,$-0.51B,-7.41%,$6.84B,$-0.52B,-7.63%,$-0.52B,$0.63B,-56.96%,$-0.52B,$0.63B,-79.00%,$-0.52B,$3.34B,-13.10%,$-0.41B,$2.11B,-17.03%,$1419,$1335,$84,$4,$63,$1417,$2,$-25,$-23,$2,$-26,$-26,$-26,$25,$2,$87,87,$-0.29,$-0.29,$797,$784,$0,$2608,$588,$0,$0,$145,$733,$3340,$1093,$1486,$135,$1621,$2714,$0,$0,$0,$626,$3340,$-26,$23,$7,$30,$88,$22,$0,$-14,$-17,$-11,$-28,$0,$0,$-0,$0,$-0,$0,$-28,$0,$0,$0,$-12,$-12,$0,$-24,$-36,$-73,$4,$0
40,2008-09-30,8.4,$7.86,1.07,$81.42,0.1,$3.57,2.36,$-0.18,0.0,$2.81B,$1.24B,2.27,$1.48B,$0.70B,2.13,$7.20B,$0.53B,7.29%,$7.20B,$-0.38B,-5.33%,$7.20B,$-0.38B,-5.33%,$7.20B,$-0.29B,-3.99%,$7.20B,$-0.49B,-6.82%,$7.20B,$-0.49B,-6.78%,$-0.49B,$0.70B,-46.24%,$-0.49B,$0.70B,-72.70%,$-0.49B,$3.53B,-11.28%,$-0.38B,$2.18B,-15.13%,$1704,$1573,$131,$5,$71,$2146,$-442,$-30,$-472,$4,$-476,$-476,$-487,$-420,$-442,$88,88,$-5.46,$-5.46,$870,$813,$0,$2813,$600,$0,$0,$118,$718,$3531,$1239,$1482,$114,$1596,$2835,$6,$-5172,$56,$696,$3531,$-488,$97,$511,$608,$250,$198,$0,$32,$-81,$39,$-2,$0,$-4,$13,$5,$17,$0,$11,$-120,$0,$-120,$0,$0,$0,$0,$-120,$-64,$14,$0
41,2008-06-30,7.68,$13.45,0.57,$72.38,0.11,$8.49,0.9,$-12.66,0.0,$3.28B,$1.75B,1.88,$1.48B,$0.00B,0.0,$6.40B,$0.47B,7.36%,$6.40B,$-1.01B,-15.85%,$6.40B,$-1.01B,-15.85%,$6.40B,$0.19B,2.94%,$6.40B,$-1.12B,-17.46%,$6.40B,$-1.11B,-17.35%,$-1.11B,$1.19B,-94.51%,$-1.11B,$0.68B,-167.48%,$-1.11B,$4.53B,-24.08%,$-1.01B,$2.67B,-37.79%,$1903,$1764,$140,$6,$77,$1864,$40,$-20,$19,$7,$12,$12,$15,$62,$40,$89,89,$0.18,$0.18,$982,$901,$0,$3276,$611,$0,$510,$133,$1255,$4531,$1747,$1480,$113,$1593,$3340,$0,$0,$0,$1190,$4531,$-1,$75,$19,$94,$43,$109,$0,$43,$106,$198,$-71,$0,$11,$13,$5,$17,$0,$-43,$-120,$0,$-120,$0,$0,$0,$0,$-120,$48,$11,$0
42,2008-03-31,9.72,$13.04,0.75,$69.93,0.14,$10.97,0.89,$-13.14,0.0,$3.29B,$1.77B,1.85,$1.49B,$0.00B,0.0,$6.17B,$0.43B,6.91%,$6.17B,$-1.06B,-17.19%,$6.17B,$-1.06B,-17.19%,$6.17B,$0.15B,2.43%,$6.17B,$-1.18B,-19.07%,$6.17B,$-1.15B,-18.70%,$-1.15B,$1.15B,-79.88%,$-1.15B,$0.64B,-177.73%,$-1.15B,$4.54B,-23.45%,$-1.06B,$2.64B,-35.61%,$1817,$1693,$125,$4,$79,$1826,$-9,$-22,$-31,$9,$-40,$-40,$-24,$16,$-9,$88,88,$-0.30,$-0.30,$861,$950,$0,$3288,$597,$0,$513,$139,$1248,$4536,$1773,$1491,$119,$1609,$3382,$0,$0,$0,$1154,$4536,$-16,$52,$9,$61,$1,$56,$0,$19,$31,$76,$-46,$0,$-4,$11,$0,$11,$0,$-40,$-120,$0,$-120,$0,$0,$0,$0,$-120,$-73,$7,$0
43,2007-12-31,10.92,$13.34,0.82,$69.74,0.16,$11.93,0.92,$-13.14,0.0,$3.47B,$1.92B,1.81,$1.48B,$0.00B,0.0,$6.14B,$0.41B,6.75%,$6.14B,$-1.06B,-17.19%,$6.14B,$-1.06B,-17.19%,$6.14B,$0.16B,2.61%,$6.14B,$-1.19B,-19.33%,$6.14B,$-1.16B,-18.82%,$-1.16B,$1.18B,-66.91%,$-1.16B,$0.67B,-177.83%,$-1.16B,$4.70B,-22.08%,$-1.06B,$2.66B,-33.67%,$1778,$1649,$129,$5,$89,$1751,$27,$-34,$-7,$2,$-9,$-9,$8,$55,$27,$88,88,$0.06,$0.06,$941,$1078,$0,$3465,$592,$0,$513,$135,$1239,$4704,$1917,$1478,$129,$1606,$3523,$0,$0,$0,$1181,$4704,$8,$28,$4,$32,$-30,$-15,$0,$0,$94,$134,$-11,$0,$0,$0,$0,$0,$0,$-11,$-120,$0,$-120,$0,$0,$0,$0,$-120,$8,$3,$0
44,2007-09-30,12.72,$13.28,0.96,$81.16,0.16,$10.49,1.21,$-12.90,0.0,$3.42B,$1.80B,1.9,$1.59B,$1.17B,1.35,$7.14B,$0.45B,6.36%,$7.14B,$-1.02B,-14.33%,$7.14B,$-1.02B,-14.33%,$7.14B,$0.19B,2.72%,$7.14B,$-1.14B,-16.00%,$7.14B,$-1.14B,-15.90%,$-1.14B,$1.17B,-56.52%,$-1.14B,$0.66B,-175.15%,$-1.14B,$4.67B,-19.99%,$-1.02B,$2.76B,-29.73%,$898,$820,$77,$6,$83,$1970,$-1072,$-25,$-1098,$-16,$-1082,$-1082,$-1109,$55,$-1072,$88,88,$-12.61,$-12.61,$933,$1060,$0,$3415,$609,$0,$511,$134,$1254,$4670,$1797,$1588,$112,$1700,$3497,$5,$-4686,$61,$1173,$4670,$-1135,$1217,$-3,$1214,$309,$260,$0,$-65,$407,$486,$-16,$0,$-4,$3,$1,$3,$0,$-17,$56,$-100,$-44,$0,$0,$0,$0,$-44,$442,$17,$0
45,2007-06-30,18.78,$25.66,0.73,$64.18,0.29,$0.18,105.74,$-0.60,0.0,$3.41B,$1.79B,1.9,$1.58B,$2.27B,0.7,$5.65B,$0.42B,7.40%,$5.65B,$0.02B,0.30%,$5.65B,$0.02B,0.30%,$5.65B,$0.16B,2.85%,$5.65B,$-0.10B,-1.84%,$5.65B,$-0.05B,-0.96%,$-0.05B,$2.27B,-2.37%,$-0.05B,$0.62B,-8.44%,$-0.05B,$5.76B,-0.90%,$0.02B,$3.84B,0.46%,$1673,$1578,$95,$6,$87,$1679,$-6,$-35,$-40,$2,$-42,$-42,$-28,$24,$-6,$88,88,$-0.30,$-0.30,$780,$1133,$0,$3407,$604,$0,$1642,$102,$2348,$5755,$1793,$1577,$119,$1696,$3489,$5,$-3570,$49,$2266,$5755,$-26,$89,$5,$94,$228,$195,$0,$-25,$295,$363,$-20,$0,$-4,$2,$1,$3,$0,$-22,$-44,$0,$-44,$0,$0,$0,$0,$-44,$289,$14,$0
46,2007-03-31,21.72,$25.87,0.84,$75.96,0.29,$-6.94,0.0,$-0.90,0.0,$3.44B,$2.41B,1.43,$0.99B,$2.29B,0.43,$6.68B,$0.49B,7.26%,$6.68B,$0.01B,0.12%,$6.68B,$0.01B,0.12%,$6.68B,$0.15B,2.29%,$6.68B,$-0.11B,-1.63%,$6.68B,$-0.08B,-1.21%,$-0.08B,$2.29B,-3.54%,$-0.08B,$0.64B,-12.76%,$-0.08B,$5.79B,-1.34%,$0.01B,$3.27B,0.22%,$1788,$1675,$113,$9,$89,$1792,$-4,$-38,$-41,$5,$-46,$-46,$-26,$26,$-4,$88,88,$-0.30,$-0.30,$664,$1217,$0,$3442,$617,$0,$1641,$92,$2350,$5792,$2413,$986,$108,$1094,$3507,$5,$-3542,$48,$2285,$5792,$2,$60,$-3,$57,$124,$108,$0,$3,$63,$123,$-10,$0,$-4,$1,$0,$1,$0,$-12,$68,$0,$68,$0,$0,$0,$0,$68,$172,$6,$0
47,2006-12-31,20.7,$26.12,0.79,$86.08,0.24,$-10.72,0.0,$-1.80,0.0,$4.13B,$2.49B,1.66,$1.58B,$2.31B,0.69,$7.56B,$0.54B,7.10%,$7.56B,$0.06B,0.74%,$7.56B,$0.06B,0.74%,$7.56B,$0.21B,2.75%,$7.56B,$-0.14B,-1.82%,$7.56B,$-0.13B,-1.73%,$-0.13B,$2.31B,-5.71%,$-0.13B,$0.66B,-20.93%,$-0.13B,$6.50B,-2.17%,$0.06B,$3.89B,1.52%,$2779,$2610,$169,$9,$96,$2720,$59,$-21,$37,$9,$28,$28,$28,$89,$59,$88,88,$0.30,$0.30,$1072,$1328,$0,$4127,$615,$0,$1646,$108,$2370,$6497,$2494,$1583,$112,$1695,$4189,$6,$-3516,$49,$2308,$6497,$28,$30,$-8,$22,$-26,$-4,$0,$-17,$-64,$-11,$6,$0,$-4,$0,$-0,$0,$0,$2,$593,$0,$593,$0,$0,$0,$-533,$61,$47,$3,$0
