,Date,Stock Price,Book Value per Share,Price to Book Ratio,TTM Sales per Share,Price to Sales Ratio,TTM FCF per Share,Price to FCF Ratio,TTM Net EPS,PE Ratio,Current Assets,Current Liabilities,Current Ratio,Long Term Debt,Shareholder's Equity_x,Debt to Equity Ratio,TTM Revenue_x,TTM Gross Profit,Gross Margin,TTM Revenue_y,TTM Operating Income,Operating Margin,TTM Revenue_x,TTM EBIT,EBIT Margin,TTM Revenue_y,TTM EBITDA,EBITDA Margin,TTM Revenue_x,TTM Pre-Tax Income,Pre-Tax Margin,TTM Revenue_y,TTM Net Income_x,Net Margin,TTM Net Income_y,Shareholder's Equity_y,Return on Equity,TTM Net Income_x,Tangible Equity,Return on Tangible Equity,TTM Net Income_y,Total Assets,Return on Assets,TTM Net Income,LT Investments & Debt,Return on Investment,revenue,cost-goods-sold,gross-profit,research-development-expenses,selling-general-administrative-expenses,operating-expenses,operating-income,total-non-operating-income-expense,pre-tax-income,total-provision-income-taxes,income-after-taxes,income-from-continuous-operations,net-income,ebitda,ebit,basic-shares-outstanding,shares-outstanding,eps-basic-net-earnings-per-share,eps-earnings-per-share-diluted,cash-on-hand,inventory,other-current-assets,total-current-assets,net-property-plant-equipment,long-term-investments,goodwill-intangible-assets-total,other-long-term-assets,total-long-term-assets,total-assets,total-current-liabilities,long-term-debt,other-non-current-liabilities,total-long-term-liabilities,total-liabilities,common-stock-net,retained-earnings-accumulated-deficit,comprehensive-income,total-share-holder-equity,total-liabilities-share-holders-equity,net-income-loss,total-depreciation-amortization-cash-flow,other-non-cash-items,total-non-cash-items,change-in-accounts-receivable,change-in-inventories,change-in-accounts-payable,change-in-assets-liabilities,total-change-in-assets-liabilities,cash-flow-from-operating-activities,net-change-in-property-plant-equipment,net-change-in-intangible-assets,net-acquisitions-divestitures,net-change-in-short-term-investments,net-change-in-long-term-investments,net-change-in-investments-total,investing-activities-other,cash-flow-from-investing-activities,net-long-term-debt,net-current-debt,debt-issuance-retirement-net-total,net-common-equity-issued-repurchased,net-total-equity-issued-repurchased,total-common-preferred-stock-dividends-paid,financial-activities-other,cash-flow-from-financial-activities,net-cash-flow,stock-based-compensation,common-stock-dividends-paid
0,2018-08-31,24.85,$23.16,1.07,$6.58,3.78,$-16.67,0.0,$2.66,9.34,$0.05B,$0.27B,0.18,$0.00B,$0.17B,0.0,$0.04B,$0.04B,100.00%,$0.04B,$0.02B,36.59%,$0.04B,$0.03B,65.85%,$0.04B,$0.03B,65.85%,$0.04B,$0.02B,36.59%,$0.04B,$0.02B,41.46%,$0.02B,$0.17B,11.31%,$0.02B,$0.17B,11.31%,$0.02B,$0.44B,4.49%,$0.02B,$0.17B,9.97%,$11,$0,$11,$0,$4,$6,$5,$0,$5,$0,$5,$3,$3,$8,$8,$7,7,$0.45,$0.45,$43,$0,$0,$48,$0,$393,$0,$1,$394,$441,$268,$0,$0,$0,$268,$0,$0,$-45,$173,$441,$7,$1,$-1,$-0,$-1,$-49,$1,$-0,$-50,$-43,$0,$0,$0,$0,$0,$0,$0,$0,$12,$40,$52,$29,$29,$-5,$-3,$73,$29,$0,$-5
1,2018-05-31,22.32,$23.06,0.97,$6.65,3.35,$-15.92,0.0,$3.36,6.64,$0.02B,$0.22B,0.08,$0.00B,$0.15B,0.0,$0.04B,$0.04B,100.00%,$0.04B,$0.01B,32.50%,$0.04B,$0.03B,62.50%,$0.04B,$0.03B,62.50%,$0.04B,$0.01B,32.50%,$0.04B,$0.02B,52.50%,$0.02B,$0.15B,14.97%,$0.02B,$0.15B,14.97%,$0.02B,$0.36B,5.87%,$0.01B,$0.15B,9.09%,$10,$0,$10,$0,$4,$7,$4,$0,$4,$0,$4,$4,$4,$7,$7,$6,6,$0.61,$0.61,$14,$0,$0,$18,$0,$343,$0,$1,$344,$362,$216,$0,$0,$1,$217,$0,$0,$-45,$145,$362,$4,$0,$-1,$-1,$-1,$1,$-1,$-0,$-0,$3,$0,$0,$0,$0,$0,$0,$0,$0,$0,$0,$0,$0,$0,$-3,$0,$-3,$-0,$0,$-3
2,2018-02-28,20.91,$22.96,0.91,$6.47,3.23,$-22.99,0.0,$2.92,7.16,$0.02B,$0.22B,0.08,$0.00B,$0.14B,0.0,$0.04B,$0.04B,100.00%,$0.04B,$0.01B,33.33%,$0.04B,$0.02B,61.54%,$0.04B,$0.02B,61.54%,$0.04B,$0.01B,33.33%,$0.04B,$0.02B,46.15%,$0.02B,$0.14B,13.24%,$0.02B,$0.14B,13.24%,$0.02B,$0.36B,5.03%,$0.01B,$0.14B,8.98%,$10,$0,$10,$0,$4,$7,$3,$0,$3,$0,$3,$6,$6,$6,$6,$6,6,$0.90,$0.90,$14,$0,$0,$17,$0,$343,$0,$1,$344,$360,$217,$0,$0,$0,$217,$0,$0,$-45,$144,$360,$18,$1,$-9,$-8,$1,$-41,$0,$-0,$-41,$-31,$0,$0,$0,$0,$0,$0,$0,$0,$25,$0,$25,$8,$8,$-9,$-1,$22,$-8,$0,$-9
3,2017-11-30,20.87,$22.58,0.92,$6.24,3.34,$-16.71,0.0,$2.25,9.28,$0.01B,$0.21B,0.06,$0.00B,$0.14B,0.01,$0.04B,$0.04B,100.00%,$0.04B,$0.01B,35.14%,$0.04B,$0.02B,62.16%,$0.04B,$0.03B,67.57%,$0.04B,$0.01B,29.73%,$0.04B,$0.01B,35.14%,$0.01B,$0.14B,9.87%,$0.01B,$0.14B,9.87%,$0.01B,$0.35B,3.74%,$0.01B,$0.14B,9.25%,$10,$0,$10,$0,$4,$7,$3,$0,$3,$0,$3,$4,$4,$6,$6,$6,6,$0.71,$0.71,$9,$0,$0,$12,$0,$339,$0,$1,$340,$352,$212,$1,$0,$1,$213,$0,$0,$-59,$139,$352,$12,$1,$-5,$-4,$0,$-41,$-1,$-0,$-43,$-35,$0,$0,$0,$0,$0,$0,$0,$0,$23,$0,$23,$6,$6,$-6,$-1,$21,$-13,$0,$-6
4,2017-08-31,20.09,$22.37,0.9,$6.14,3.27,$-8.12,0.0,$1.81,11.1,$0.02B,$0.21B,0.11,$0.01B,$0.13B,0.08,$0.04B,$0.04B,100.00%,$0.04B,$0.01B,37.14%,$0.04B,$0.02B,65.71%,$0.04B,$0.03B,71.43%,$0.04B,$0.01B,31.43%,$0.04B,$0.01B,31.43%,$0.01B,$0.13B,8.53%,$0.01B,$0.13B,8.53%,$0.01B,$0.36B,3.28%,$0.01B,$0.14B,9.45%,$10,$0,$10,$0,$4,$7,$3,$0,$3,$0,$3,$7,$7,$6,$6,$6,6,$1.15,$1.15,$18,$0,$0,$22,$0,$333,$0,$0,$334,$356,$213,$10,$0,$10,$223,$0,$0,$-61,$133,$356,$8,$0,$-2,$-2,$-1,$-38,$-0,$-0,$-39,$-33,$0,$0,$0,$0,$0,$0,$0,$0,$32,$0,$32,$3,$3,$-4,$-1,$29,$-4,$0,$-4
5,2017-05-31,19.82,$21.69,0.91,$5.89,3.37,$1.04,19.02,$1.58,12.55,$0.03B,$0.21B,0.15,$0.03B,$0.13B,0.19,$0.03B,$0.03B,100.00%,$0.03B,$0.01B,39.39%,$0.03B,$0.02B,66.67%,$0.03B,$0.02B,72.73%,$0.03B,$0.01B,33.33%,$0.03B,$0.01B,27.27%,$0.01B,$0.13B,7.03%,$0.01B,$0.13B,7.03%,$0.01B,$0.36B,2.80%,$0.01B,$0.15B,9.70%,$9,$0,$9,$0,$3,$5,$4,$0,$4,$0,$4,$1,$1,$6,$6,$6,6,$0.17,$0.17,$28,$0,$0,$32,$0,$330,$0,$0,$330,$362,$210,$25,$0,$25,$234,$0,$0,$-65,$128,$362,$1,$0,$2,$2,$-0,$-39,$-3,$0,$-42,$-39,$0,$0,$0,$0,$0,$0,$0,$0,$47,$0,$47,$1,$1,$-2,$-1,$45,$6,$0,$-2
6,2017-02-28,19.98,$21.97,0.91,$5.78,3.46,$11.69,1.71,$1.98,10.09,$0.03B,$0.19B,0.13,$0.00B,$0.13B,0.0,$0.03B,$0.03B,100.00%,$0.03B,$0.01B,37.50%,$0.03B,$0.02B,65.63%,$0.03B,$0.02B,71.88%,$0.03B,$0.01B,31.25%,$0.03B,$0.01B,34.38%,$0.01B,$0.13B,8.61%,$0.01B,$0.13B,8.61%,$0.01B,$0.32B,3.60%,$0.01B,$0.13B,9.39%,$8,$0,$8,$0,$3,$6,$3,$0,$1,$0,$1,$1,$1,$7,$5,$6,6,$0.22,$0.22,$22,$0,$0,$26,$0,$293,$0,$0,$293,$319,$191,$0,$0,$0,$191,$0,$0,$-63,$127,$319,$11,$2,$-3,$-0,$-0,$-6,$2,$0,$-4,$7,$0,$0,$0,$0,$0,$0,$0,$0,$-53,$74,$22,$-3,$-3,$-7,$-3,$8,$15,$0,$-7
7,2016-11-30,17.35,$22.21,0.78,$5.72,3.03,$4.75,3.66,$1.69,10.27,$0.03B,$0.18B,0.16,$0.00B,$0.13B,0.0,$0.03B,$0.03B,100.00%,$0.03B,$0.01B,37.50%,$0.03B,$0.02B,65.63%,$0.03B,$0.02B,68.75%,$0.03B,$0.01B,37.50%,$0.03B,$0.01B,31.25%,$0.01B,$0.13B,7.86%,$0.01B,$0.13B,7.86%,$0.01B,$0.31B,3.34%,$0.01B,$0.13B,9.43%,$8,$0,$8,$0,$3,$5,$3,$0,$3,$0,$3,$2,$2,$6,$6,$6,6,$0.27,$0.27,$23,$0,$0,$28,$0,$278,$0,$0,$278,$306,$178,$0,$0,$0,$178,$0,$0,$-62,$128,$306,$10,$1,$-2,$-2,$-1,$9,$-0,$0,$8,$16,$0,$0,$0,$0,$0,$0,$0,$0,$9,$0,$9,$-3,$-3,$-5,$-1,$-0,$16,$0,$-5
8,2016-08-31,15.06,$22.39,0.67,$5.48,2.75,$3.77,3.99,$2.03,7.42,$0.03B,$0.17B,0.16,$0.00B,$0.13B,0.0,$0.03B,$0.03B,100.00%,$0.03B,$0.01B,35.48%,$0.03B,$0.02B,61.29%,$0.03B,$0.02B,67.74%,$0.03B,$0.01B,35.48%,$0.03B,$0.01B,35.48%,$0.01B,$0.13B,8.66%,$0.01B,$0.13B,8.66%,$0.01B,$0.30B,3.78%,$0.01B,$0.13B,8.66%,$8,$0,$8,$0,$3,$6,$3,$0,$3,$0,$3,$5,$5,$5,$5,$6,6,$0.92,$0.92,$23,$0,$0,$27,$0,$273,$0,$0,$273,$300,$171,$0,$0,$0,$171,$0,$0,$-61,$129,$300,$9,$1,$-4,$-3,$-0,$15,$1,$0,$16,$21,$0,$0,$0,$0,$0,$0,$0,$0,$0,$0,$0,$0,$0,$-3,$-2,$-5,$16,$0,$-3
9,2016-05-31,13.28,$22.11,0.6,$5.40,2.46,$0.65,20.33,$1.33,9.99,$0.03B,$0.17B,0.18,$0.00B,$0.13B,0.0,$0.03B,$0.03B,100.00%,$0.03B,$0.01B,38.71%,$0.03B,$0.02B,64.52%,$0.03B,$0.02B,70.97%,$0.03B,$0.01B,38.71%,$0.03B,$0.01B,22.58%,$0.01B,$0.13B,5.56%,$0.01B,$0.13B,5.56%,$0.01B,$0.30B,2.48%,$0.01B,$0.13B,9.49%,$8,$0,$8,$0,$3,$5,$3,$0,$3,$0,$3,$3,$3,$5,$5,$6,6,$0.57,$0.57,$27,$0,$0,$31,$0,$264,$0,$0,$265,$296,$169,$0,$0,$0,$169,$0,$0,$-63,$127,$296,$3,$0,$-1,$-1,$0,$21,$-0,$0,$20,$23,$0,$0,$0,$0,$0,$0,$0,$0,$0,$0,$0,$-1,$-1,$-1,$-0,$-2,$20,$0,$-1
10,2016-02-29,11.24,$22.06,0.51,$5.41,2.08,$-3.78,0.0,$2.12,5.3,$0.01B,$0.17B,0.06,$0.00B,$0.13B,0.0,$0.03B,$0.03B,100.00%,$0.03B,$0.01B,35.48%,$0.03B,$0.02B,61.29%,$0.03B,$0.02B,67.74%,$0.03B,$0.01B,35.48%,$0.03B,$0.01B,35.48%,$0.01B,$0.13B,8.80%,$0.01B,$0.13B,8.80%,$0.01B,$0.30B,3.97%,$0.01B,$0.13B,8.56%,$8,$0,$8,$0,$2,$5,$3,$0,$3,$0,$3,$-0,$-0,$6,$5,$6,6,$-0.10,$-0.10,$7,$0,$0,$11,$0,$284,$0,$0,$285,$295,$170,$0,$0,$0,$170,$0,$0,$-64,$125,$295,$12,$1,$-2,$-2,$-1,$-41,$-0,$-0,$-42,$-32,$0,$0,$0,$0,$0,$0,$0,$0,$15,$13,$29,$-0,$-0,$-8,$-1,$19,$-13,$0,$-8
11,2015-11-30,12.0,$22.59,0.53,$5.40,2.22,$-2.04,0.0,$2.69,4.46,$0.03B,$0.14B,0.21,$0.00B,$0.13B,0.0,$0.03B,$0.03B,100.00%,$0.03B,$0.01B,36.67%,$0.03B,$0.02B,63.33%,$0.03B,$0.02B,66.67%,$0.03B,$0.01B,36.67%,$0.03B,$0.01B,46.67%,$0.01B,$0.13B,11.24%,$0.01B,$0.13B,11.24%,$0.01B,$0.27B,5.20%,$0.01B,$0.13B,8.45%,$7,$0,$7,$0,$3,$5,$2,$0,$2,$0,$2,$3,$3,$5,$4,$6,6,$0.61,$0.61,$27,$0,$0,$30,$0,$241,$0,$0,$242,$272,$144,$0,$0,$0,$144,$0,$0,$-61,$127,$272,$12,$1,$-6,$-5,$-1,$5,$-1,$-0,$4,$11,$0,$0,$0,$0,$0,$0,$0,$0,$-10,$13,$3,$-0,$-0,$-7,$-0,$-4,$7,$0,$-7
12,2015-08-31,12.26,$22.42,0.55,$5.53,2.22,$-10.26,0.0,$2.72,4.51,$0.02B,$0.14B,0.11,$0.00B,$0.13B,0.02,$0.03B,$0.03B,100.00%,$0.03B,$0.01B,40.00%,$0.03B,$0.02B,63.33%,$0.03B,$0.02B,66.67%,$0.03B,$0.01B,40.00%,$0.03B,$0.01B,46.67%,$0.01B,$0.13B,11.36%,$0.01B,$0.13B,11.36%,$0.01B,$0.27B,5.25%,$0.01B,$0.13B,9.21%,$8,$0,$8,$0,$2,$4,$4,$0,$4,$0,$4,$1,$1,$6,$6,$6,6,$0.22,$0.22,$13,$0,$0,$15,$0,$252,$0,$1,$253,$268,$141,$2,$0,$2,$143,$0,$0,$-62,$125,$268,$9,$0,$-4,$-4,$-0,$-1,$0,$-0,$-2,$3,$0,$0,$0,$0,$0,$0,$0,$0,$-8,$9,$1,$-0,$-0,$-5,$-0,$-4,$-1,$0,$-5
13,2015-05-31,12.83,$22.75,0.56,$5.34,2.4,$-15.55,0.0,$3.08,4.17,$0.01B,$0.14B,0.07,$0.01B,$0.12B,0.1,$0.03B,$0.03B,100.00%,$0.03B,$0.01B,35.71%,$0.03B,$0.02B,60.71%,$0.03B,$0.02B,64.29%,$0.03B,$0.01B,35.71%,$0.03B,$0.02B,57.14%,$0.02B,$0.12B,13.11%,$0.02B,$0.12B,13.11%,$0.02B,$0.27B,6.12%,$0.01B,$0.14B,7.65%,$8,$0,$8,$0,$4,$6,$2,$0,$2,$0,$2,$7,$7,$4,$4,$5,5,$1.36,$1.36,$7,$0,$0,$9,$0,$263,$0,$0,$263,$273,$137,$12,$0,$12,$149,$0,$0,$-62,$123,$273,$7,$0,$-6,$-6,$-0,$-4,$0,$0,$-4,$-2,$0,$0,$0,$0,$0,$0,$0,$0,$2,$0,$2,$0,$0,$-1,$-0,$1,$-1,$0,$-1
14,2015-02-28,10.8,$22.70,0.48,$5.09,2.12,$-18.58,0.0,$2.05,5.27,$0.02B,$0.13B,0.17,$0.01B,$0.12B,0.08,$0.03B,$0.03B,100.00%,$0.03B,$0.01B,38.46%,$0.03B,$0.02B,65.38%,$0.03B,$0.02B,69.23%,$0.03B,$0.01B,38.46%,$0.03B,$0.01B,42.31%,$0.01B,$0.12B,9.13%,$0.01B,$0.12B,9.13%,$0.01B,$0.26B,4.35%,$0.01B,$0.13B,7.86%,$7,$0,$7,$0,$2,$5,$3,$0,$3,$0,$3,$3,$3,$5,$5,$5,5,$0.49,$0.49,$20,$0,$0,$23,$0,$241,$0,$0,$241,$264,$131,$10,$0,$10,$141,$0,$0,$-62,$123,$264,$11,$1,$-3,$-2,$0,$-32,$1,$-0,$-31,$-22,$0,$0,$0,$0,$0,$0,$0,$0,$39,$0,$39,$0,$0,$-1,$-2,$35,$13,$0,$-1
15,2014-11-30,10.25,$22.74,0.45,$4.86,2.11,$-20.55,0.0,$2.24,4.58,$0.02B,$0.13B,0.11,$0.01B,$0.12B,0.04,$0.03B,$0.03B,100.00%,$0.03B,$0.01B,32.00%,$0.03B,$0.02B,60.00%,$0.03B,$0.02B,64.00%,$0.03B,$0.01B,32.00%,$0.03B,$0.01B,44.00%,$0.01B,$0.12B,9.32%,$0.01B,$0.12B,9.32%,$0.01B,$0.26B,4.57%,$0.01B,$0.13B,6.53%,$7,$0,$7,$0,$3,$5,$3,$0,$3,$0,$3,$3,$3,$5,$4,$5,5,$0.63,$0.63,$12,$0,$0,$15,$0,$241,$0,$0,$246,$261,$134,$5,$0,$5,$139,$0,$0,$-63,$122,$261,$8,$1,$-3,$-2,$-1,$-40,$0,$0,$-41,$-34,$0,$0,$0,$0,$0,$0,$0,$0,$34,$0,$34,$0,$0,$-1,$-2,$32,$-2,$0,$-1
16,2014-08-31,10.72,$22.27,0.48,$4.70,2.28,$-19.62,0.0,$1.86,5.77,$0.01B,$0.12B,0.06,$0.01B,$0.12B,0.07,$0.02B,$0.02B,100.00%,$0.02B,$0.01B,33.33%,$0.02B,$0.02B,66.67%,$0.02B,$0.02B,66.67%,$0.02B,$0.01B,33.33%,$0.02B,$0.01B,37.50%,$0.01B,$0.12B,7.81%,$0.01B,$0.12B,7.81%,$0.01B,$0.25B,3.95%,$0.01B,$0.13B,6.69%,$6,$0,$6,$0,$3,$4,$2,$0,$2,$0,$2,$3,$3,$4,$4,$5,5,$0.59,$0.59,$3,$0,$0,$7,$0,$236,$0,$0,$240,$247,$119,$9,$0,$9,$127,$0,$0,$-65,$120,$247,$5,$1,$-2,$-1,$-1,$-29,$0,$-0,$-29,$-26,$0,$0,$0,$0,$0,$0,$0,$0,$23,$0,$23,$0,$0,$0,$-0,$23,$-3,$0,$0
17,2014-05-31,10.12,$21.69,0.47,$4.63,2.18,$-17.83,0.0,$1.27,7.97,$0.02B,$0.12B,0.14,$0.01B,$0.12B,0.04,$0.02B,$0.02B,100.00%,$0.02B,$0.01B,34.78%,$0.02B,$0.02B,69.57%,$0.02B,$0.02B,69.57%,$0.02B,$0.01B,34.78%,$0.02B,$0.01B,26.09%,$0.01B,$0.12B,5.30%,$0.01B,$0.12B,5.30%,$0.01B,$0.24B,2.70%,$0.01B,$0.12B,6.94%,$6,$0,$6,$0,$2,$4,$2,$0,$2,$0,$2,$2,$2,$4,$4,$5,5,$0.33,$0.33,$13,$0,$0,$16,$0,$219,$0,$0,$223,$239,$118,$5,$0,$5,$123,$0,$0,$-68,$117,$239,$2,$0,$0,$0,$-1,$-19,$-0,$-0,$-21,$-19,$0,$0,$0,$0,$0,$0,$0,$0,$19,$0,$19,$0,$0,$0,$-0,$18,$-0,$0,$0
18,2014-02-28,10.58,$21.08,0.5,$4.76,2.22,$-13.10,0.0,$1.74,6.08,$0.01B,$0.10B,0.09,$0.00B,$0.11B,0.0,$0.02B,$0.02B,100.00%,$0.02B,$0.01B,34.78%,$0.02B,$0.02B,69.57%,$0.02B,$0.02B,69.57%,$0.02B,$0.01B,34.78%,$0.02B,$0.01B,34.78%,$0.01B,$0.11B,7.14%,$0.01B,$0.11B,7.14%,$0.01B,$0.22B,3.73%,$0.01B,$0.11B,7.08%,$6,$0,$6,$0,$3,$4,$1,$0,$1,$0,$1,$3,$3,$3,$3,$5,5,$0.68,$0.68,$7,$0,$0,$9,$0,$206,$0,$0,$206,$215,$102,$0,$0,$0,$102,$0,$0,$-71,$113,$215,$8,$1,$-1,$-0,$2,$-41,$1,$0,$-38,$-30,$0,$0,$0,$0,$0,$0,$0,$0,$-10,$48,$38,$0,$0,$-3,$-3,$33,$3,$0,$-3
19,2013-11-30,10.44,$20.67,0.51,$4.87,2.14,$-16.06,0.0,$2.35,4.44,$0.01B,$0.10B,0.08,$0.00B,$0.11B,0.04,$0.02B,$0.02B,100.00%,$0.02B,$0.01B,36.36%,$0.02B,$0.02B,68.18%,$0.02B,$0.02B,68.18%,$0.02B,$0.01B,36.36%,$0.02B,$0.01B,45.45%,$0.01B,$0.11B,9.01%,$0.01B,$0.11B,9.01%,$0.01B,$0.21B,4.90%,$0.01B,$0.12B,6.78%,$6,$0,$6,$0,$1,$3,$3,$0,$3,$0,$3,$1,$1,$5,$5,$5,5,$0.26,$0.26,$5,$0,$0,$8,$0,$199,$0,$0,$203,$211,$96,$4,$0,$4,$100,$0,$0,$-74,$111,$211,$5,$1,$1,$2,$2,$-35,$-1,$-0,$-33,$-26,$0,$0,$0,$0,$0,$0,$0,$0,$-16,$48,$32,$0,$0,$0,$-3,$29,$3,$0,$0
20,2013-08-31,10.61,$23.77,0.45,$4.69,2.26,$-9.92,0.0,$2.28,4.65,$0.03B,$0.11B,0.28,$0.00B,$0.11B,0.0,$0.02B,$0.02B,100.00%,$0.02B,$0.01B,35.00%,$0.02B,$0.01B,65.00%,$0.02B,$0.01B,65.00%,$0.02B,$0.01B,35.00%,$0.02B,$0.01B,50.00%,$0.01B,$0.11B,9.17%,$0.01B,$0.11B,9.17%,$0.01B,$0.22B,5.44%,$0.01B,$0.11B,5.89%,$5,$0,$5,$0,$2,$3,$2,$0,$2,$0,$2,$-0,$-0,$4,$4,$5,5,$-0.01,$-0.01,$28,$0,$0,$32,$0,$188,$0,$0,$192,$224,$112,$0,$0,$0,$112,$0,$0,$-62,$112,$224,$4,$0,$0,$1,$1,$-38,$18,$-0,$-18,$-14,$0,$0,$0,$0,$0,$0,$0,$0,$-20,$48,$28,$0,$0,$0,$-3,$25,$11,$0,$0
21,2013-05-31,10.44,$23.78,0.44,$4.63,2.26,$-5.67,0.0,$3.55,2.94,$0.04B,$0.10B,0.4,$0.00B,$0.11B,0.0,$0.02B,$0.02B,100.00%,$0.02B,$0.01B,31.58%,$0.02B,$0.01B,57.89%,$0.02B,$0.01B,57.89%,$0.02B,$0.01B,31.58%,$0.02B,$0.02B,78.95%,$0.02B,$0.11B,13.99%,$0.02B,$0.11B,13.99%,$0.02B,$0.21B,9.42%,$0.01B,$0.11B,4.97%,$6,$0,$6,$0,$2,$4,$2,$0,$2,$0,$2,$4,$4,$4,$4,$5,5,$0.80,$0.80,$36,$0,$0,$39,$0,$165,$0,$0,$170,$208,$96,$0,$0,$0,$96,$0,$0,$-62,$112,$208,$4,$0,$-2,$-2,$3,$-1,$2,$-0,$4,$6,$0,$0,$0,$0,$0,$0,$0,$0,$-20,$48,$28,$0,$0,$0,$-3,$25,$31,$0,$0
22,2013-02-28,9.86,$22.98,0.43,$4.29,2.3,$-6.66,0.0,$3.57,2.76,$0.02B,$0.04B,0.41,$0.02B,$0.11B,0.22,$0.02B,$0.02B,100.00%,$0.02B,$0.01B,29.41%,$0.02B,$0.01B,52.94%,$0.02B,$0.01B,52.94%,$0.02B,$0.01B,29.41%,$0.02B,$0.01B,82.35%,$0.01B,$0.11B,13.40%,$0.01B,$0.11B,13.40%,$0.01B,$0.17B,9.88%,$0.01B,$0.13B,4.07%,$5,$0,$5,$0,$3,$4,$1,$0,$1,$0,$1,$5,$5,$2,$2,$4,4,$1.15,$1.15,$12,$0,$0,$17,$0,$155,$0,$0,$157,$174,$41,$24,$0,$24,$66,$0,$0,$-66,$109,$174,$14,$0,$-9,$-9,$-3,$-37,$-2,$0,$-42,$-37,$0,$0,$0,$0,$0,$0,$0,$0,$40,$0,$40,$0,$0,$-3,$-1,$36,$-1,$0,$-3
23,2012-11-30,9.1,$21.75,0.42,$4.03,2.26,$-4.32,0.0,$3.06,2.97,$0.01B,$0.01B,0.72,$0.02B,$0.10B,0.14,$0.02B,$0.02B,100.00%,$0.02B,$0.01B,40.00%,$0.02B,$0.01B,60.00%,$0.02B,$0.01B,60.00%,$0.02B,$0.01B,40.00%,$0.02B,$0.01B,80.00%,$0.01B,$0.10B,11.82%,$0.01B,$0.10B,11.82%,$0.01B,$0.13B,9.27%,$0.01B,$0.12B,5.04%,$4,$0,$4,$0,$1,$2,$2,$0,$2,$0,$2,$1,$1,$3,$3,$4,4,$0.19,$0.19,$6,$0,$0,$8,$0,$119,$0,$0,$121,$129,$11,$15,$0,$15,$26,$0,$0,$-72,$103,$129,$9,$0,$-5,$-5,$-0,$3,$-4,$0,$-1,$3,$0,$0,$0,$0,$0,$0,$0,$0,$-1,$0,$-1,$0,$0,$0,$-1,$-2,$1,$0,$0
24,2012-08-31,7.51,$27.20,0.28,$4.11,1.83,$-4.54,0.0,$4.75,1.58,$0.01B,$0.01B,1.51,$0.02B,$0.11B,0.14,$0.02B,$0.02B,100.00%,$0.02B,$0.01B,33.33%,$0.02B,$0.01B,46.67%,$0.02B,$0.01B,46.67%,$0.02B,$0.01B,33.33%,$0.02B,$0.02B,113.33%,$0.02B,$0.11B,17.13%,$0.02B,$0.11B,17.13%,$0.02B,$0.13B,13.91%,$0.01B,$0.12B,4.42%,$4,$0,$4,$0,$2,$3,$1,$0,$1,$0,$1,$5,$5,$2,$2,$4,4,$1.26,$1.26,$6,$0,$0,$8,$0,$116,$0,$0,$117,$126,$6,$15,$0,$15,$20,$0,$0,$-56,$105,$126,$8,$0,$-6,$-6,$-0,$6,$-3,$0,$3,$5,$0,$0,$0,$0,$0,$0,$0,$0,$-5,$0,$-5,$0,$0,$0,$-1,$-6,$-1,$0,$0
25,2012-05-31,7.89,$25.94,0.3,$4.11,1.92,$-7.57,0.0,$2.96,2.66,$0.03B,$0.02B,1.72,$0.02B,$0.10B,0.2,$0.02B,$0.02B,100.00%,$0.02B,$0.01B,46.67%,$0.02B,$0.01B,53.33%,$0.02B,$0.01B,53.33%,$0.02B,$0.01B,46.67%,$0.02B,$0.01B,66.67%,$0.01B,$0.10B,10.47%,$0.01B,$0.10B,10.47%,$0.01B,$0.14B,8.79%,$0.01B,$0.12B,6.64%,$4,$0,$4,$0,$2,$2,$1,$0,$1,$0,$1,$3,$3,$2,$2,$4,4,$0.82,$0.82,$28,$0,$0,$30,$0,$107,$0,$0,$108,$138,$17,$20,$0,$20,$37,$0,$0,$-61,$101,$138,$3,$-0,$-2,$-2,$0,$-9,$9,$0,$0,$1,$0,$0,$0,$0,$0,$0,$0,$0,$0,$0,$0,$0,$0,$0,$0,$0,$1,$0,$0
26,2012-02-29,7.23,$25.12,0.29,$4.06,1.78,$-6.68,0.0,$3.88,1.86,$0.03B,$0.01B,3.53,$0.02B,$0.10B,0.21,$0.01B,$0.01B,100.00%,$0.01B,$0.01B,50.00%,$0.01B,$0.01B,50.00%,$0.01B,$0.01B,50.00%,$0.01B,$0.01B,50.00%,$0.01B,$0.01B,92.86%,$0.01B,$0.10B,13.94%,$0.01B,$0.10B,13.94%,$0.01B,$0.13B,12.15%,$0.01B,$0.12B,7.12%,$3,$0,$3,$0,$2,$2,$2,$0,$2,$0,$2,$3,$3,$2,$2,$3,3,$0.78,$0.78,$27,$0,$0,$29,$0,$95,$0,$0,$97,$125,$8,$20,$0,$20,$28,$0,$0,$-64,$97,$125,$13,$1,$-10,$-10,$-0,$-26,$-0,$-0,$-26,$-23,$0,$0,$0,$0,$0,$0,$0,$0,$16,$0,$16,$0,$0,$-2,$-0,$13,$-9,$0,$-2
27,2011-11-30,5.62,$24.32,0.23,$4.36,1.29,$11.54,0.49,$4.40,1.28,$0.01B,$0.01B,1.84,$0.00B,$0.09B,0.0,$0.01B,$0.01B,100.00%,$0.01B,$0.01B,42.86%,$0.01B,$0.01B,42.86%,$0.01B,$0.01B,42.86%,$0.01B,$0.01B,42.86%,$0.01B,$0.01B,100.00%,$0.01B,$0.09B,15.47%,$0.01B,$0.09B,15.47%,$0.01B,$0.10B,13.93%,$0.01B,$0.09B,6.54%,$4,$0,$4,$0,$2,$3,$1,$0,$1,$0,$1,$6,$6,$1,$1,$3,3,$1.88,$1.88,$9,$0,$0,$10,$0,$85,$0,$3,$90,$100,$5,$0,$0,$0,$5,$0,$0,$-67,$94,$100,$10,$1,$-8,$-8,$0,$6,$-5,$-3,$-1,$2,$0,$0,$0,$0,$0,$0,$0,$0,$-5,$0,$-5,$0,$0,$0,$0,$-5,$-3,$0,$0
28,2011-08-31,6.17,$27.48,0.22,$5.11,1.21,$14.54,0.42,$3.72,1.66,$0.01B,$0.00B,1.89,$0.00B,$0.09B,0.0,$0.02B,$0.02B,100.00%,$0.02B,$0.01B,46.67%,$0.02B,$0.01B,53.33%,$0.02B,$0.01B,53.33%,$0.02B,$0.01B,46.67%,$0.02B,$0.01B,73.33%,$0.01B,$0.09B,12.57%,$0.01B,$0.09B,12.57%,$0.01B,$0.09B,10.84%,$0.01B,$0.09B,7.55%,$4,$0,$4,$0,$1,$1,$3,$0,$3,$0,$3,$-2,$-2,$3,$3,$3,3,$-0.53,$-0.53,$3,$0,$0,$5,$0,$86,$0,$0,$88,$92,$2,$0,$0,$0,$2,$0,$0,$-64,$90,$92,$4,$0,$-2,$-2,$0,$-2,$-6,$-0,$-8,$-6,$0,$0,$0,$0,$0,$0,$0,$0,$-5,$0,$-5,$0,$0,$0,$0,$-5,$-10,$0,$0
29,2011-05-31,7.67,$28.01,0.27,$5.55,1.38,$17.61,0.44,$7.52,1.02,$0.02B,$0.02B,0.79,$0.00B,$0.09B,0.0,$0.01B,$0.01B,100.00%,$0.01B,$0.01B,42.86%,$0.01B,$0.01B,57.14%,$0.01B,$0.01B,57.14%,$0.01B,$0.01B,42.86%,$0.01B,$0.02B,142.86%,$0.02B,$0.09B,23.53%,$0.02B,$0.09B,23.53%,$0.02B,$0.11B,19.28%,$0.01B,$0.09B,6.30%,$3,$0,$3,$0,$2,$2,$1,$0,$1,$0,$1,$6,$6,$1,$1,$3,3,$1.74,$1.74,$14,$0,$0,$15,$0,$94,$0,$0,$96,$111,$19,$0,$0,$0,$19,$0,$0,$-62,$92,$111,$6,$0,$-6,$-6,$0,$-7,$11,$-0,$4,$4,$0,$0,$0,$0,$0,$0,$0,$0,$-5,$0,$-5,$0,$0,$0,$0,$-5,$-1,$0,$0
30,2011-02-28,7.85,$26.27,0.3,$6.32,1.24,$18.08,0.43,$7.38,1.06,$0.02B,$0.01B,2.05,$0.01B,$0.09B,0.05,$0.01B,$0.01B,100.00%,$0.01B,$0.01B,35.71%,$0.01B,$0.01B,57.14%,$0.01B,$0.01B,57.14%,$0.01B,$0.01B,35.71%,$0.01B,$0.02B,121.43%,$0.02B,$0.09B,22.22%,$0.02B,$0.09B,22.22%,$0.02B,$0.10B,17.00%,$0.01B,$0.09B,5.25%,$3,$0,$3,$0,$2,$2,$1,$0,$1,$0,$1,$4,$4,$1,$1,$2,2,$0.92,$0.92,$15,$0,$0,$17,$0,$80,$0,$0,$82,$99,$8,$5,$0,$5,$13,$0,$0,$-68,$86,$99,$17,$0,$-16,$-16,$2,$19,$6,$0,$27,$28,$0,$0,$0,$0,$0,$0,$0,$0,$-32,$0,$-32,$15,$15,$-1,$-2,$-21,$7,$0,$-1
31,2010-11-30,6.49,$24.96,0.26,$8.46,0.77,$26.43,0.25,$0.87,7.46,$0.01B,$0.01B,1.66,$0.02B,$0.08B,0.19,$0.02B,$0.02B,100.00%,$0.02B,$0.01B,33.33%,$0.02B,$0.01B,60.00%,$0.02B,$0.01B,60.00%,$0.02B,$0.01B,33.33%,$0.02B,$0.00B,26.67%,$0.00B,$0.08B,5.82%,$0.00B,$0.08B,5.82%,$0.00B,$0.10B,4.02%,$0.01B,$0.10B,5.24%,$5,$0,$5,$0,$3,$3,$2,$0,$2,$0,$2,$3,$3,$3,$3,$3,3,$1.20,$1.20,$8,$0,$0,$10,$0,$91,$0,$0,$94,$104,$6,$16,$0,$16,$22,$0,$0,$-72,$82,$104,$13,$0,$-12,$-12,$2,$6,$1,$-0,$9,$10,$0,$0,$0,$0,$0,$0,$0,$0,$-21,$0,$-21,$15,$15,$0,$-2,$-8,$1,$0,$0
32,2010-08-31,6.63,$29.71,0.22,$10.51,0.63,$38.79,0.17,$0.67,9.89,$0.00B,$0.00B,3.01,$0.02B,$0.08B,0.25,$0.01B,$0.01B,100.00%,$0.01B,$0.00B,28.57%,$0.01B,$0.01B,57.14%,$0.01B,$0.01B,57.14%,$0.01B,$0.00B,28.57%,$0.01B,$0.01B,71.43%,$0.01B,$0.08B,15.56%,$0.01B,$0.08B,15.56%,$0.01B,$0.10B,9.78%,$0.00B,$0.10B,4.08%,$3,$0,$3,$0,$3,$1,$2,$0,$2,$0,$2,$7,$7,$3,$3,$2,2,$3.27,$3.27,$2,$0,$0,$4,$0,$94,$0,$0,$97,$101,$1,$20,$0,$20,$21,$0,$0,$-64,$80,$101,$9,$0,$-10,$-10,$2,$3,$-0,$-0,$4,$3,$0,$0,$0,$0,$0,$0,$0,$0,$-17,$0,$-17,$15,$15,$0,$-2,$-4,$-1,$0,$0
33,2010-05-31,6.05,$34.32,0.18,$13.43,0.45,$49.28,0.12,$-22.00,0.0,$0.01B,$0.01B,1.3,$0.03B,$0.06B,0.58,$0.02B,$0.02B,100.00%,$0.02B,$0.00B,20.00%,$0.02B,$0.01B,46.67%,$0.02B,$0.01B,53.33%,$0.02B,$0.00B,20.00%,$0.02B,$-0.01B,-86.67%,$-0.01B,$0.06B,-22.22%,$-0.01B,$0.06B,-22.22%,$-0.01B,$0.10B,-12.41%,$0.00B,$0.09B,3.01%,$3,$0,$3,$0,$2,$3,$0,$0,$0,$0,$0,$3,$3,$1,$1,$2,2,$1.57,$1.57,$3,$0,$0,$6,$0,$90,$0,$0,$91,$96,$5,$34,$0,$34,$38,$0,$0,$-70,$58,$96,$3,$0,$-3,$-3,$1,$3,$0,$-0,$3,$3,$0,$0,$0,$0,$0,$0,$0,$0,$-3,$0,$-3,$0,$0,$0,$0,$-3,$-0,$0,$0
34,2010-02-28,6.79,$32.75,0.21,$17.52,0.39,$51.82,0.13,$-17.10,0.0,$0.01B,$0.00B,1.58,$0.04B,$0.06B,0.67,$0.02B,$0.02B,100.00%,$0.02B,$0.01B,35.29%,$0.02B,$0.01B,52.94%,$0.02B,$0.01B,58.82%,$0.02B,$0.01B,35.29%,$0.02B,$-0.01B,-64.71%,$-0.01B,$0.06B,-17.67%,$-0.01B,$0.06B,-17.67%,$-0.01B,$0.10B,-9.59%,$0.01B,$0.09B,5.48%,$4,$0,$4,$0,$2,$2,$1,$0,$1,$0,$1,$-9,$-9,$2,$2,$1,1,$-7.04,$-7.04,$4,$0,$0,$7,$0,$89,$0,$0,$90,$97,$4,$37,$0,$37,$41,$0,$0,$-73,$55,$97,$-10,$1,$14,$15,$-0,$16,$1,$0,$17,$21,$0,$0,$0,$0,$0,$0,$0,$0,$-22,$0,$-22,$0,$0,$-2,$-0,$-24,$-3,$0,$-2
35,2009-11-30,7.64,$37.98,0.2,$20.70,0.37,$75.90,0.1,$-7.90,0.0,$0.01B,$0.01B,1.58,$0.04B,$0.06B,0.68,$0.02B,$0.02B,100.00%,$0.02B,$0.01B,44.44%,$0.02B,$0.01B,61.11%,$0.02B,$0.01B,66.67%,$0.02B,$0.01B,44.44%,$0.02B,$-0.02B,-88.89%,$-0.02B,$0.06B,-24.43%,$-0.02B,$0.06B,-24.43%,$-0.02B,$0.12B,-12.98%,$0.01B,$0.11B,6.77%,$4,$0,$4,$0,$2,$3,$1,$0,$1,$0,$1,$9,$9,$2,$2,$1,1,$10.08,$10.08,$6,$0,$0,$10,$0,$103,$0,$0,$105,$115,$6,$44,$0,$44,$50,$0,$0,$-66,$64,$115,$-2,$1,$5,$5,$-1,$11,$1,$0,$11,$14,$0,$0,$0,$0,$0,$0,$0,$0,$-15,$0,$-15,$0,$0,$0,$-0,$-15,$-1,$0,$0
36,2009-08-31,7.07,$69.10,0.1,$24.47,0.29,$90.58,0.08,$-4.20,0.0,$0.01B,$0.00B,2.34,$0.05B,$0.06B,0.87,$0.02B,$0.02B,100.00%,$0.02B,$0.01B,55.00%,$0.02B,$0.01B,70.00%,$0.02B,$0.02B,75.00%,$0.02B,$0.01B,55.00%,$0.02B,$-0.03B,-165.00%,$-0.03B,$0.06B,-46.81%,$-0.03B,$0.06B,-46.81%,$-0.03B,$0.11B,-24.81%,$0.01B,$0.11B,8.54%,$4,$0,$4,$0,$1,$3,$1,$0,$1,$0,$1,$-16,$-16,$3,$2,$1,1,$-19.40,$-19.40,$7,$0,$0,$10,$0,$100,$0,$1,$101,$111,$4,$50,$0,$50,$54,$0,$0,$-60,$57,$111,$-11,$1,$13,$14,$0,$6,$0,$-0,$7,$10,$0,$0,$0,$0,$0,$0,$0,$0,$-9,$0,$-9,$0,$0,$0,$-0,$-10,$0,$0,$0
37,2009-05-31,5.88,$88.50,0.07,$27.06,0.22,$105.84,0.06,$12.10,0.49,$0.01B,$0.01B,2.92,$0.06B,$0.07B,0.79,$0.02B,$0.02B,100.00%,$0.02B,$0.01B,59.09%,$0.02B,$0.02B,72.73%,$0.02B,$0.02B,72.73%,$0.02B,$0.01B,59.09%,$0.02B,$-0.02B,-90.91%,$-0.02B,$0.07B,-25.24%,$-0.02B,$0.07B,-25.24%,$-0.02B,$0.14B,-13.56%,$0.01B,$0.13B,9.19%,$5,$0,$5,$0,$2,$2,$3,$0,$3,$0,$3,$5,$5,$3,$3,$1,1,$6.50,$6.50,$11,$0,$0,$14,$0,$121,$0,$0,$122,$136,$5,$58,$0,$58,$62,$0,$0,$-44,$73,$136,$5,$0,$-3,$-3,$0,$0,$1,$0,$1,$3,$0,$0,$0,$0,$0,$0,$0,$0,$-1,$0,$-1,$0,$0,$0,$-0,$-1,$2,$0,$0
38,2009-02-28,4.03,$82.03,0.05,$28.21,0.14,$128.12,0.03,$9.00,0.45,$0.01B,$0.00B,2.91,$0.06B,$0.07B,0.87,$0.02B,$0.02B,100.00%,$0.02B,$0.01B,56.52%,$0.02B,$0.02B,73.91%,$0.02B,$0.02B,73.91%,$0.02B,$0.01B,56.52%,$0.02B,$-0.02B,-95.65%,$-0.02B,$0.07B,-25.81%,$-0.02B,$0.07B,-25.81%,$-0.02B,$0.13B,-14.01%,$0.01B,$0.13B,8.77%,$5,$0,$5,$0,$2,$2,$3,$0,$3,$0,$3,$-14,$-14,$4,$4,$1,1,$-16.91,$-16.91,$8,$0,$0,$11,$0,$119,$0,$0,$120,$131,$4,$59,$0,$59,$63,$0,$0,$-49,$68,$131,$-21,$0,$33,$33,$0,$34,$-10,$-0,$25,$37,$0,$0,$0,$0,$0,$0,$0,$0,$-19,$0,$-19,$0,$0,$-12,$0,$-31,$5,$0,$-12
39,2008-11-30,2.79,$101.43,0.03,$28.72,0.1,$-131.19,0.0,$8.10,0.34,$0.02B,$0.00B,4.67,$0.07B,$0.08B,0.79,$0.02B,$0.02B,100.00%,$0.02B,$0.01B,54.17%,$0.02B,$0.02B,70.83%,$0.02B,$0.02B,75.00%,$0.02B,$0.01B,54.17%,$0.02B,$-0.02B,-70.83%,$-0.02B,$0.08B,-18.33%,$-0.02B,$0.08B,-18.33%,$-0.02B,$0.15B,-9.86%,$0.01B,$0.15B,8.10%,$6,$0,$6,$0,$2,$2,$4,$0,$4,$0,$4,$-8,$-8,$5,$5,$1,1,$-9.10,$-9.10,$12,$0,$0,$17,$0,$136,$0,$0,$137,$154,$4,$66,$0,$66,$70,$0,$0,$-32,$84,$154,$-7,$0,$16,$16,$-2,$28,$-10,$-0,$16,$25,$0,$0,$0,$0,$0,$0,$0,$0,$-12,$0,$-12,$0,$0,$-10,$0,$-22,$3,$0,$-10
40,2008-08-31,19.42,$110.54,0.18,$28.14,0.69,$-373.43,0.0,$4.70,4.13,$0.01B,$0.01B,1.28,$0.07B,$0.09B,0.72,$0.02B,$0.02B,100.00%,$0.02B,$0.01B,50.00%,$0.02B,$0.02B,66.67%,$0.02B,$0.02B,75.00%,$0.02B,$0.01B,50.00%,$0.02B,$-0.01B,-33.33%,$-0.01B,$0.09B,-8.02%,$-0.01B,$0.09B,-8.02%,$-0.01B,$0.17B,-4.32%,$0.01B,$0.16B,6.98%,$6,$0,$6,$0,$2,$2,$3,$0,$3,$0,$3,$-3,$-3,$4,$4,$1,1,$-3.10,$-3.10,$11,$0,$0,$14,$0,$154,$0,$0,$155,$169,$11,$66,$0,$66,$77,$0,$0,$-25,$92,$169,$0,$0,$5,$5,$0,$22,$-6,$-0,$17,$22,$0,$0,$0,$0,$0,$0,$0,$0,$-12,$0,$-12,$0,$0,$-6,$0,$-19,$4,$0,$-6
41,2008-05-31,18.11,$117.53,0.15,$28.19,0.64,$-614.44,0.0,$11.60,1.56,$0.02B,$0.02B,1.01,$0.06B,$0.10B,0.62,$0.02B,$0.02B,100.00%,$0.02B,$0.01B,50.00%,$0.02B,$0.02B,70.83%,$0.02B,$0.02B,79.17%,$0.02B,$0.01B,50.00%,$0.02B,$-0.01B,-25.00%,$-0.01B,$0.10B,-5.70%,$-0.01B,$0.10B,-5.70%,$-0.01B,$0.17B,-3.08%,$0.01B,$0.16B,6.58%,$6,$0,$6,$0,$2,$3,$3,$0,$3,$0,$3,$3,$3,$4,$4,$1,1,$3.40,$3.40,$12,$0,$0,$16,$0,$156,$0,$0,$158,$174,$16,$61,$0,$61,$77,$0,$0,$-19,$97,$174,$3,$0,$-0,$-0,$-1,$21,$-0,$-0,$19,$22,$0,$0,$0,$0,$0,$0,$0,$0,$-18,$0,$-18,$0,$0,$-3,$0,$-21,$1,$0,$-3
42,2008-02-29,18.48,$118.04,0.16,$27.90,0.66,$-958.33,0.0,$8.20,2.25,$0.02B,$0.02B,1.09,$0.08B,$0.10B,0.8,$0.02B,$0.02B,100.00%,$0.02B,$0.01B,50.00%,$0.02B,$0.02B,72.73%,$0.02B,$0.02B,81.82%,$0.02B,$0.01B,50.00%,$0.02B,$-0.01B,-22.73%,$-0.01B,$0.10B,-4.52%,$-0.01B,$0.10B,-4.52%,$-0.01B,$0.19B,-2.42%,$0.01B,$0.18B,5.57%,$6,$0,$6,$0,$2,$3,$3,$0,$3,$0,$3,$-9,$-9,$5,$4,$1,1,$-13.30,$-13.30,$16,$0,$0,$18,$0,$173,$0,$0,$175,$193,$17,$78,$0,$78,$95,$0,$0,$-18,$98,$193,$-5,$1,$15,$16,$-4,$-187,$13,$0,$-177,$-167,$0,$0,$0,$0,$0,$0,$0,$0,$78,$0,$78,$109,$109,$-10,$-9,$168,$1,$0,$-10
