,Date,Stock Price,Book Value per Share,Price to Book Ratio,TTM Sales per Share,Price to Sales Ratio,TTM FCF per Share,Price to FCF Ratio,TTM Net EPS,PE Ratio,Current Assets,Current Liabilities,Current Ratio,Long Term Debt,Shareholder's Equity_x,Debt to Equity Ratio,TTM Revenue_x,TTM Gross Profit,Gross Margin,TTM Revenue_y,TTM Operating Income,Operating Margin,TTM Revenue_x,TTM EBIT,EBIT Margin,TTM Revenue_y,TTM EBITDA,EBITDA Margin,TTM Revenue_x,TTM Pre-Tax Income,Pre-Tax Margin,TTM Revenue_y,TTM Net Income_x,Net Margin,TTM Net Income_y,Shareholder's Equity_y,Return on Equity,TTM Net Income_x,Tangible Equity,Return on Tangible Equity,TTM Net Income_y,Total Assets,Return on Assets,TTM Net Income,LT Investments & Debt,Return on Investment,revenue,cost-goods-sold,gross-profit,research-development-expenses,selling-general-administrative-expenses,operating-expenses,operating-income,total-non-operating-income-expense,pre-tax-income,total-provision-income-taxes,income-after-taxes,income-from-continuous-operations,net-income,ebitda,ebit,basic-shares-outstanding,shares-outstanding,eps-basic-net-earnings-per-share,eps-earnings-per-share-diluted,cash-on-hand,inventory,other-current-assets,total-current-assets,net-property-plant-equipment,long-term-investments,goodwill-intangible-assets-total,other-long-term-assets,total-long-term-assets,total-assets,total-current-liabilities,long-term-debt,other-non-current-liabilities,total-long-term-liabilities,total-liabilities,common-stock-net,retained-earnings-accumulated-deficit,comprehensive-income,total-share-holder-equity,total-liabilities-share-holders-equity,net-income-loss,total-depreciation-amortization-cash-flow,other-non-cash-items,total-non-cash-items,change-in-accounts-receivable,change-in-inventories,change-in-accounts-payable,change-in-assets-liabilities,total-change-in-assets-liabilities,cash-flow-from-operating-activities,net-change-in-property-plant-equipment,net-change-in-intangible-assets,net-acquisitions-divestitures,net-change-in-short-term-investments,net-change-in-long-term-investments,net-change-in-investments-total,investing-activities-other,cash-flow-from-investing-activities,net-long-term-debt,net-current-debt,debt-issuance-retirement-net-total,net-common-equity-issued-repurchased,net-total-equity-issued-repurchased,total-common-preferred-stock-dividends-paid,financial-activities-other,cash-flow-from-financial-activities,net-cash-flow,stock-based-compensation,common-stock-dividends-paid
0,2018-09-30,46.37,$44.25,1.05,$21.39,2.17,$6.42,7.22,$3.98,11.65,$3.81B,$1.41B,2.7,$2.58B,$4.26B,0.61,$2.07B,$1.29B,62.31%,$2.07B,$0.25B,11.85%,$2.07B,$0.25B,11.85%,$2.07B,$0.83B,40.30%,$2.07B,$0.12B,5.56%,$2.07B,$0.38B,18.58%,$0.38B,$4.26B,9.10%,$0.38B,$3.71B,10.48%,$0.38B,$8.85B,4.37%,$0.25B,$6.84B,3.35%,$533,$198,$335,$7,$107,$463,$70,$-41,$29,$13,$17,$17,$16,$223,$70,$96,97,$0.17,$0.17,$3440,$70,$17,$3812,$3443,$161,$552,$883,$5038,$8850,$1413,$2583,$125,$3179,$4592,$0,$808,$-161,$4259,$8850,$73,$450,$4,$455,$-3,$11,$-1,$-22,$4,$544,$-338,$-25,$0,$2,$-992,$-990,$-1,$-1354,$-28,$0,$-28,$12,$12,$0,$-5,$-21,$-834,$8,$0
1,2018-06-30,44.4,$44.14,1.01,$20.86,2.13,$6.04,7.35,$4.17,10.65,$3.80B,$1.38B,2.77,$2.59B,$4.24B,0.61,$2.02B,$1.24B,61.74%,$2.02B,$0.23B,11.46%,$2.02B,$0.23B,11.46%,$2.02B,$0.80B,39.85%,$2.02B,$0.13B,6.35%,$2.02B,$0.40B,20.00%,$0.40B,$4.24B,9.76%,$0.40B,$3.69B,11.29%,$0.40B,$8.79B,4.59%,$0.23B,$6.84B,3.09%,$526,$193,$333,$7,$103,$451,$75,$21,$95,$18,$78,$78,$77,$225,$75,$96,97,$0.80,$0.80,$3434,$81,$16,$3803,$3397,$156,$556,$880,$4989,$8792,$1375,$2592,$124,$3173,$4548,$0,$792,$-154,$4244,$8792,$57,$298,$-5,$293,$14,$0,$-1,$-23,$-1,$354,$-171,$-15,$0,$0,$-791,$-791,$0,$-977,$-18,$0,$-18,$9,$9,$0,$-4,$-13,$-638,$5,$0
2,2018-03-31,52.77,$43.77,1.21,$20.24,2.61,$5.73,9.21,$3.44,15.34,$3.68B,$0.41B,8.99,$3.59B,$4.21B,0.85,$1.95B,$1.18B,60.59%,$1.95B,$0.20B,10.34%,$1.95B,$0.20B,10.34%,$1.95B,$0.76B,38.69%,$1.95B,$0.04B,2.20%,$1.95B,$0.33B,17.04%,$0.33B,$4.21B,8.25%,$0.33B,$3.65B,9.60%,$0.33B,$8.76B,3.80%,$0.20B,$7.79B,2.65%,$502,$188,$314,$7,$103,$444,$58,$-85,$-27,$-5,$-21,$-21,$-22,$206,$58,$96,96,$-0.22,$-0.22,$3300,$86,$13,$3682,$3461,$174,$559,$885,$5079,$8762,$410,$3586,$127,$4146,$4556,$0,$714,$-111,$4206,$8762,$-21,$147,$33,$181,$0,$0,$0,$-27,$-27,$135,$-51,$-7,$0,$0,$-264,$-264,$0,$-322,$-9,$0,$-9,$6,$6,$0,$-2,$-5,$-192,$3,$0
3,2017-12-31,59.9,$43.60,1.37,$19.52,3.07,$5.26,11.4,$4.07,14.72,$3.72B,$0.41B,8.98,$3.59B,$4.18B,0.86,$1.89B,$1.13B,59.79%,$1.89B,$0.20B,10.40%,$1.89B,$0.20B,10.40%,$1.89B,$0.73B,38.73%,$1.89B,$0.10B,5.36%,$1.89B,$0.39B,20.90%,$0.39B,$4.18B,9.99%,$0.39B,$3.61B,11.68%,$0.39B,$8.75B,4.50%,$0.20B,$7.77B,2.60%,$506,$200,$306,$8,$102,$464,$42,$-24,$18,$-293,$312,$312,$313,$179,$42,$95,97,$3.29,$3.23,$3246,$84,$92,$3716,$3465,$161,$563,$844,$5034,$8750,$414,$3594,$129,$4159,$4573,$0,$721,$-130,$4177,$8750,$393,$534,$-309,$225,$236,$-19,$-78,$-52,$98,$727,$-579,$-31,$0,$18,$-278,$-260,$2,$-868,$-38,$0,$-38,$44,$44,$0,$-6,$0,$-140,$10,$0
4,2017-09-30,57.23,$40.70,1.41,$19.33,2.96,$4.84,11.82,$1.24,46.15,$3.69B,$0.43B,8.61,$3.61B,$3.90B,0.93,$1.86B,$1.10B,59.30%,$1.86B,$0.23B,12.51%,$1.86B,$0.23B,12.51%,$1.86B,$0.75B,40.65%,$1.86B,$0.13B,6.79%,$1.86B,$0.12B,6.42%,$0.12B,$3.90B,3.05%,$0.12B,$3.33B,3.58%,$0.12B,$8.81B,1.35%,$0.23B,$7.50B,3.09%,$481,$191,$291,$8,$91,$425,$56,$-14,$42,$6,$36,$36,$35,$193,$56,$96,97,$0.36,$0.36,$3283,$91,$13,$3686,$3530,$165,$567,$859,$5121,$8807,$428,$3606,$132,$4483,$4911,$0,$408,$-89,$3896,$8807,$80,$397,$-6,$391,$231,$-26,$-62,$-35,$121,$592,$-423,$-25,$0,$18,$56,$74,$0,$-374,$-26,$0,$-26,$40,$39,$0,$-4,$9,$227,$7,$0
5,2017-06-30,60.7,$40.33,1.51,$19.24,3.16,$3.78,16.05,$1.27,47.8,$3.71B,$0.41B,9.11,$3.61B,$3.86B,0.94,$1.83B,$1.08B,59.11%,$1.83B,$0.25B,13.79%,$1.83B,$0.25B,13.79%,$1.83B,$0.76B,41.49%,$1.83B,$0.13B,7.31%,$1.83B,$0.12B,6.60%,$0.12B,$3.86B,3.08%,$0.12B,$3.29B,3.63%,$0.12B,$8.74B,1.36%,$0.25B,$7.47B,3.35%,$465,$192,$273,$7,$90,$419,$46,$-36,$10,$3,$7,$7,$7,$178,$46,$96,97,$0.07,$0.07,$3265,$91,$12,$3709,$3451,$174,$570,$839,$5035,$8744,$407,$3612,$132,$4480,$4887,$0,$373,$-86,$3857,$8744,$44,$260,$0,$261,$189,$-24,$-68,$-18,$76,$383,$-231,$-17,$0,$18,$245,$262,$0,$15,$-18,$0,$-18,$37,$36,$0,$-3,$15,$414,$4,$0
6,2017-03-31,56.95,$40.28,1.41,$19.12,2.98,$2.24,25.44,$1.80,31.64,$3.75B,$0.42B,8.85,$3.62B,$3.85B,0.94,$1.81B,$1.08B,59.55%,$1.81B,$0.28B,15.56%,$1.81B,$0.28B,15.56%,$1.81B,$0.78B,42.99%,$1.81B,$0.19B,10.60%,$1.81B,$0.17B,9.38%,$0.17B,$3.85B,4.32%,$0.17B,$3.27B,5.09%,$0.17B,$8.75B,1.99%,$0.28B,$7.47B,3.92%,$433,$176,$257,$8,$83,$382,$52,$-21,$31,$-0,$31,$31,$39,$180,$52,$95,96,$0.41,$0.41,$3183,$79,$12,$3751,$3426,$166,$577,$827,$4996,$8747,$424,$3620,$121,$4478,$4901,$0,$366,$-80,$3846,$8747,$37,$129,$-5,$123,$0,$0,$0,$-20,$-20,$141,$-102,$-11,$0,$18,$164,$182,$0,$69,$-9,$0,$-9,$29,$28,$0,$-1,$18,$228,$1,$0
7,2016-12-31,51.39,$42.45,1.21,$19.21,2.68,$1.64,31.36,$1.93,26.63,$3.72B,$0.53B,7.01,$3.62B,$4.01B,0.9,$1.81B,$1.09B,59.91%,$1.81B,$0.30B,16.34%,$1.81B,$0.30B,16.34%,$1.81B,$0.79B,43.68%,$1.81B,$0.22B,11.98%,$1.81B,$0.18B,10.05%,$0.18B,$4.01B,4.62%,$0.18B,$3.42B,5.46%,$0.18B,$9.01B,2.23%,$0.30B,$7.63B,4.65%,$476,$197,$279,$8,$85,$397,$78,$-36,$43,$19,$24,$24,$38,$203,$78,$94,94,$0.41,$0.39,$3093,$63,$11,$3723,$3398,$171,$585,$815,$5286,$9009,$531,$3622,$91,$4471,$5002,$0,$314,$-125,$4007,$9009,$181,$495,$112,$608,$-28,$-5,$-44,$12,$-10,$803,$-698,$-23,$0,$0,$78,$78,$11,$-632,$1460,$0,$1460,$27,$27,$0,$-11,$1476,$1647,$15,$0
8,2016-09-30,43.83,$42.31,1.04,$8.77,5.0,$1.31,33.57,$2.24,19.57,$3.72B,$0.55B,6.78,$3.63B,$3.98B,0.91,$0.83B,$0.88B,106.38%,$0.83B,$0.23B,27.44%,$0.83B,$0.23B,27.44%,$0.83B,$0.73B,87.48%,$0.83B,$0.16B,19.37%,$0.83B,$0.21B,25.27%,$0.21B,$3.98B,5.40%,$0.21B,$3.37B,6.44%,$0.21B,$8.98B,2.72%,$0.23B,$7.61B,3.84%,$460,$185,$275,$9,$81,$383,$77,$-26,$50,$17,$33,$33,$37,$200,$77,$94,94,$0.39,$0.39,$3019,$74,$55,$3717,$3628,$202,$609,$820,$5260,$8977,$548,$3630,$96,$4450,$4999,$0,$276,$-99,$3979,$8977,$142,$371,$86,$457,$0,$0,$0,$-39,$-39,$575,$-510,$-18,$0,$0,$-241,$-241,$9,$-760,$1469,$0,$1469,$16,$16,$0,$-10,$1476,$1291,$12,$0
9,2016-06-30,39.7,$41.75,0.95,$12.04,3.3,$1.98,20.03,$2.17,18.29,$2.15B,$0.50B,4.3,$2.14B,$3.92B,0.55,$1.13B,$0.94B,83.22%,$1.13B,$0.24B,21.20%,$1.13B,$0.24B,21.20%,$1.13B,$0.75B,66.08%,$1.13B,$0.17B,14.84%,$1.13B,$0.20B,17.93%,$0.20B,$3.92B,5.32%,$0.20B,$3.30B,6.39%,$0.20B,$7.36B,2.78%,$0.24B,$6.06B,4.35%,$443,$174,$268,$8,$79,$367,$75,$-7,$68,$24,$44,$44,$56,$196,$75,$94,94,$0.60,$0.60,$1508,$72,$10,$2146,$3569,$202,$619,$825,$5216,$7361,$499,$2144,$93,$2943,$3442,$0,$239,$-112,$3919,$7361,$104,$247,$65,$312,$0,$0,$0,$-71,$-71,$356,$-353,$-12,$0,$0,$-142,$-142,$-0,$-508,$-20,$0,$-20,$11,$11,$0,$-1,$-11,$-162,$8,$0
10,2016-03-31,44.29,$41.20,1.08,$15.83,2.8,$2.23,19.88,$1.93,22.95,$2.15B,$2.41B,0.89,$0.29B,$3.86B,0.08,$1.48B,$1.01B,68.17%,$1.48B,$0.26B,17.46%,$1.48B,$0.26B,17.46%,$1.48B,$0.78B,52.53%,$1.48B,$0.15B,10.11%,$1.48B,$0.18B,12.20%,$0.18B,$3.86B,4.81%,$0.18B,$3.23B,5.82%,$0.18B,$7.34B,2.49%,$0.26B,$4.15B,4.73%,$432,$169,$263,$7,$81,$366,$66,$-10,$56,$20,$35,$35,$51,$192,$66,$93,94,$0.54,$0.54,$1502,$70,$13,$2149,$3527,$209,$629,$821,$5187,$7336,$2409,$291,$98,$1065,$3475,$0,$183,$-106,$3862,$7336,$48,$127,$29,$155,$0,$0,$0,$-15,$-15,$193,$-211,$-6,$0,$0,$2,$2,$1,$-214,$-11,$0,$-11,$6,$6,$0,$-0,$-5,$-25,$4,$0
11,2015-12-31,39.11,$40.56,0.96,$19.78,1.98,$2.89,13.52,$1.75,22.35,$2.13B,$0.53B,4.05,$2.16B,$3.78B,0.57,$1.85B,$1.08B,58.27%,$1.85B,$0.27B,14.81%,$1.85B,$0.27B,14.81%,$1.85B,$0.80B,43.30%,$1.85B,$0.14B,7.57%,$1.85B,$0.16B,8.81%,$0.16B,$3.78B,4.39%,$0.16B,$3.14B,5.36%,$0.16B,$7.21B,2.24%,$0.27B,$5.94B,4.62%,$-504,$-583,$78,$-31,$38,$-514,$10,$-23,$-13,$-15,$1,$1,$66,$139,$10,$92,93,$0.71,$0.71,$1537,$67,$17,$2134,$3413,$209,$643,$810,$5076,$7209,$527,$2157,$94,$2901,$3428,$0,$134,$-117,$3782,$7209,$149,$528,$107,$635,$-64,$-5,$29,$8,$-30,$776,$-704,$-22,$0,$0,$456,$456,$-5,$-275,$-158,$0,$-158,$39,$39,$0,$-1,$-120,$375,$22,$0
12,2015-09-30,43.03,$40.00,1.08,$34.29,1.25,$3.84,11.2,$1.63,26.4,$2.26B,$0.54B,4.16,$2.20B,$3.70B,0.59,$3.20B,$1.34B,41.93%,$3.20B,$0.35B,10.88%,$3.20B,$0.35B,10.88%,$3.20B,$0.89B,27.70%,$3.20B,$0.20B,6.35%,$3.20B,$0.15B,4.75%,$0.15B,$3.70B,4.14%,$0.15B,$3.05B,5.09%,$0.15B,$7.29B,2.09%,$0.35B,$5.90B,5.87%,$761,$428,$333,$20,$92,$672,$89,$-32,$57,$29,$28,$28,$30,$221,$89,$93,93,$0.33,$0.32,$1587,$74,$13,$2258,$3320,$214,$658,$839,$5031,$7289,$543,$2196,$101,$3043,$3586,$0,$71,$-112,$3704,$7289,$87,$399,$104,$503,$0,$0,$0,$3,$3,$608,$-480,$-17,$-3,$0,$259,$259,$-0,$-242,$-149,$0,$-149,$20,$20,$0,$2,$-127,$230,$16,$0
13,2015-06-30,48.68,$40.08,1.21,$35.79,1.36,$4.93,9.88,$2.00,24.34,$2.18B,$0.51B,4.31,$2.20B,$3.70B,0.6,$3.33B,$1.35B,40.53%,$3.33B,$0.35B,10.53%,$3.33B,$0.35B,10.53%,$3.33B,$0.90B,27.00%,$3.33B,$0.21B,6.33%,$3.33B,$0.19B,5.58%,$0.19B,$3.70B,5.10%,$0.19B,$3.03B,6.31%,$0.19B,$7.23B,2.56%,$0.35B,$5.91B,5.91%,$794,$456,$337,$20,$91,$699,$94,$-44,$50,$19,$31,$31,$34,$227,$94,$92,94,$0.37,$0.36,$1511,$71,$9,$2179,$3305,$227,$673,$849,$5054,$7233,$506,$2202,$103,$3024,$3530,$0,$42,$-74,$3703,$7233,$59,$266,$58,$324,$0,$0,$0,$-11,$-11,$383,$-357,$-12,$-3,$0,$69,$69,$-1,$-304,$-140,$0,$-140,$14,$14,$0,$3,$-122,$-47,$10,$0
14,2015-03-31,51.72,$39.61,1.31,$36.79,1.41,$5.75,8.99,$2.00,25.86,$2.37B,$0.56B,4.27,$2.32B,$3.65B,0.64,$3.42B,$1.35B,39.54%,$3.42B,$0.35B,10.21%,$3.42B,$0.35B,10.21%,$3.42B,$0.91B,26.50%,$3.42B,$0.21B,6.14%,$3.42B,$0.19B,5.44%,$0.19B,$3.65B,5.15%,$0.19B,$2.96B,6.42%,$0.19B,$7.32B,2.56%,$0.35B,$5.97B,5.88%,$799,$468,$330,$18,$98,$717,$81,$-35,$46,$18,$28,$28,$33,$214,$81,$92,93,$0.36,$0.36,$1716,$71,$8,$2370,$3249,$158,$689,$850,$4946,$7317,$555,$2320,$105,$3110,$3665,$0,$10,$-81,$3652,$7317,$28,$133,$22,$155,$0,$0,$0,$33,$33,$222,$-178,$-5,$-3,$0,$19,$19,$-1,$-168,$-17,$0,$-17,$8,$8,$0,$4,$-5,$42,$4,$0
15,2014-12-31,52.5,$39.50,1.33,$37.18,1.41,$6.24,8.42,$1.78,29.49,$2.33B,$0.52B,4.5,$2.33B,$3.62B,0.64,$3.45B,$1.32B,38.22%,$3.45B,$0.33B,9.52%,$3.45B,$0.33B,9.52%,$3.45B,$0.89B,25.68%,$3.45B,$0.18B,5.19%,$3.45B,$0.17B,4.82%,$0.17B,$3.62B,4.64%,$0.17B,$2.92B,5.83%,$0.17B,$7.25B,2.29%,$0.33B,$5.95B,6.16%,$844,$503,$341,$16,$101,$760,$84,$-33,$50,$3,$47,$47,$55,$224,$84,$91,93,$0.60,$0.59,$1688,$63,$8,$2328,$3195,$160,$706,$865,$4926,$7254,$518,$2326,$107,$3113,$3630,$0,$-19,$-56,$3624,$7254,$148,$557,$63,$619,$87,$3,$-49,$2,$69,$840,$-680,$-23,$0,$0,$-189,$-189,$4,$-888,$-63,$0,$-63,$29,$36,$0,$-8,$-35,$-85,$15,$0
16,2014-09-30,48.76,$39.35,1.24,$36.96,1.32,$5.60,8.71,$1.24,39.32,$2.47B,$0.62B,4.01,$2.33B,$3.60B,0.65,$3.41B,$1.25B,36.57%,$3.41B,$0.28B,8.12%,$3.41B,$0.28B,8.12%,$3.41B,$0.82B,24.08%,$3.41B,$0.12B,3.64%,$3.41B,$0.12B,3.40%,$0.12B,$3.60B,3.34%,$0.12B,$2.87B,4.24%,$0.12B,$7.31B,1.63%,$0.28B,$5.93B,5.30%,$896,$552,$343,$16,$93,$804,$92,$-28,$65,$6,$58,$58,$64,$235,$92,$91,93,$0.70,$0.69,$1780,$69,$10,$2472,$3081,$168,$725,$868,$4841,$7313,$617,$2333,$107,$3098,$3714,$0,$-69,$-35,$3598,$7313,$100,$416,$19,$435,$0,$0,$0,$101,$101,$662,$-434,$-17,$0,$0,$-29,$-29,$-20,$-500,$-53,$0,$-53,$21,$28,$0,$-10,$-34,$126,$11,$0
17,2014-06-30,52.94,$39.00,1.36,$36.62,1.45,$4.78,11.07,$0.60,88.23,$2.38B,$0.52B,4.56,$2.34B,$3.56B,0.66,$3.36B,$1.17B,34.82%,$3.36B,$0.23B,6.72%,$3.36B,$0.23B,6.72%,$3.36B,$0.75B,22.36%,$3.36B,$0.06B,1.72%,$3.36B,$0.06B,1.67%,$0.06B,$3.56B,1.66%,$0.06B,$2.84B,2.14%,$0.06B,$7.17B,0.81%,$0.23B,$5.90B,4.40%,$880,$542,$338,$15,$90,$787,$92,$-44,$49,$19,$30,$30,$34,$233,$92,$91,93,$0.37,$0.36,$1689,$64,$11,$2383,$3028,$160,$723,$879,$4789,$7172,$523,$2339,$110,$3090,$3613,$0,$-129,$-10,$3559,$7172,$42,$274,$21,$295,$0,$0,$0,$14,$14,$372,$-270,$0,$0,$0,$-5,$-5,$-13,$-289,$-36,$0,$-36,$14,$25,$0,$1,$-11,$74,$7,$0
18,2014-03-31,47.56,$38.65,1.23,$36.54,1.3,$4.08,11.67,$0.13,365.85,$2.45B,$0.63B,3.86,$0.00B,$3.51B,0.0,$3.31B,$1.11B,33.47%,$3.31B,$0.14B,4.23%,$3.31B,$0.14B,4.23%,$3.31B,$0.65B,19.71%,$3.31B,$-0.02B,-0.48%,$3.31B,$0.01B,0.36%,$0.01B,$3.51B,0.37%,$0.01B,$2.77B,0.48%,$0.01B,$7.24B,0.18%,$0.14B,$3.51B,2.77%,$826,$531,$295,$15,$88,$766,$60,$-45,$15,$3,$12,$12,$13,$193,$60,$91,92,$0.14,$0.14,$1708,$65,$11,$2449,$3005,$166,$744,$875,$4789,$7239,$634,$0,$113,$3090,$3724,$0,$-160,$-10,$3514,$7239,$12,$133,$5,$139,$0,$0,$0,$41,$41,$201,$-114,$0,$0,$0,$-14,$-14,$-6,$-133,$-19,$0,$-19,$6,$16,$0,$1,$-2,$68,$4,$0
19,2013-12-31,49.72,$35.64,1.4,$36.48,1.36,$2.88,17.29,$0.03,1657.33,$2.36B,$0.56B,4.22,$2.35B,$3.23B,0.73,$3.28B,$1.08B,32.78%,$3.28B,$0.10B,3.17%,$3.28B,$0.10B,3.17%,$3.28B,$0.61B,18.62%,$3.28B,$-0.03B,-1.01%,$3.28B,$0.00B,0.06%,$0.00B,$3.23B,0.06%,$0.00B,$2.46B,0.08%,$0.00B,$6.70B,0.03%,$0.10B,$5.58B,1.87%,$808,$537,$271,$17,$90,$775,$33,$-38,$-5,$-10,$5,$5,$5,$160,$33,$89,91,$0.05,$0.05,$1621,$66,$30,$2356,$2546,$170,$766,$863,$4346,$6702,$558,$2353,$76,$2917,$3476,$0,$-172,$-15,$3226,$6702,$3,$507,$-15,$492,$-35,$17,$-48,$-36,$-65,$451,$-351,$-17,$-42,$0,$-168,$-168,$9,$-570,$-68,$0,$-68,$71,$71,$0,$15,$18,$-97,$18,$0
20,2013-09-30,43.94,$35.44,1.24,$36.53,1.2,$1.70,25.89,$0.26,169.0,$2.38B,$0.58B,4.11,$2.36B,$3.19B,0.74,$3.26B,$1.06B,32.55%,$3.26B,$0.07B,2.21%,$3.26B,$0.07B,2.21%,$3.26B,$0.57B,17.48%,$3.26B,$-0.02B,-0.52%,$3.26B,$0.02B,0.71%,$0.02B,$3.19B,0.72%,$0.02B,$2.40B,0.98%,$0.02B,$6.66B,0.35%,$0.07B,$5.56B,1.29%,$849,$582,$267,$17,$84,$808,$41,$-42,$-1,$-6,$5,$5,$4,$166,$41,$90,91,$0.05,$0.05,$1709,$74,$71,$2375,$2530,$169,$791,$800,$4289,$6664,$578,$2364,$0,$2894,$3473,$0,$-176,$-15,$3192,$6664,$-1,$380,$-18,$362,$0,$0,$0,$8,$8,$391,$-242,$0,$0,$0,$-72,$-72,$5,$-309,$-56,$0,$-56,$59,$59,$0,$1,$4,$90,$14,$0
21,2013-06-30,39.11,$35.47,1.1,$35.92,1.09,$-0.18,0.0,$0.47,83.21,$2.28B,$0.51B,4.48,$2.38B,$3.18B,0.75,$3.18B,$1.04B,32.78%,$3.18B,$0.06B,1.73%,$3.18B,$0.06B,1.73%,$3.18B,$0.54B,16.97%,$3.18B,$0.01B,0.19%,$3.18B,$0.04B,1.32%,$0.04B,$3.18B,1.33%,$0.04B,$2.36B,1.81%,$0.04B,$6.51B,0.64%,$0.06B,$5.56B,0.99%,$830,$554,$276,$16,$90,$824,$6,$-32,$-25,$-16,$-10,$-10,$-10,$134,$6,$88,88,$-0.11,$-0.11,$1603,$77,$75,$2283,$2525,$176,$813,$710,$4223,$6506,$509,$2380,$0,$2822,$3331,$0,$-181,$-12,$3175,$6506,$-6,$255,$-13,$242,$0,$0,$0,$-49,$-49,$193,$-158,$0,$0,$0,$-78,$-78,$4,$-232,$-39,$0,$-39,$46,$46,$0,$1,$8,$-31,$10,$0
22,2013-03-31,38.97,$35.89,1.09,$35.68,1.09,$-1.64,0.0,$0.99,39.36,$2.22B,$0.52B,4.27,$2.40B,$3.18B,0.76,$3.15B,$1.03B,32.80%,$3.15B,$0.10B,3.01%,$3.15B,$0.10B,3.01%,$3.15B,$0.57B,17.96%,$3.15B,$0.07B,2.09%,$3.15B,$0.09B,2.79%,$0.09B,$3.18B,2.79%,$0.09B,$2.34B,3.86%,$0.09B,$6.55B,1.33%,$0.10B,$5.57B,1.70%,$795,$533,$262,$17,$94,$772,$24,$-26,$-2,$-6,$3,$3,$3,$151,$24,$88,90,$0.04,$0.04,$1527,$88,$72,$2220,$2586,$180,$834,$730,$4330,$6550,$520,$2398,$0,$2853,$3374,$0,$-171,$12,$3176,$6550,$3,$127,$-20,$107,$0,$0,$0,$-60,$-60,$50,$-73,$0,$0,$0,$25,$25,$5,$-43,$-21,$0,$-21,$20,$20,$0,$0,$-1,$6,$5,$0
23,2012-12-31,34.22,$35.96,0.95,$35.56,0.96,$-1.78,0.0,$2.40,14.26,$2.22B,$0.59B,3.77,$2.42B,$3.15B,0.77,$3.12B,$1.03B,33.06%,$3.12B,$0.10B,3.20%,$3.12B,$0.10B,3.20%,$3.12B,$0.56B,17.91%,$3.12B,$0.19B,6.21%,$3.12B,$0.21B,6.79%,$0.21B,$3.15B,6.75%,$0.21B,$2.30B,9.52%,$0.21B,$6.60B,3.19%,$0.10B,$5.57B,1.79%,$786,$530,$256,$19,$86,$786,$1,$11,$11,$-16,$27,$27,$26,$119,$1,$87,88,$0.29,$0.28,$1548,$84,$11,$2215,$2612,$183,$855,$735,$4386,$6600,$587,$2421,$0,$2863,$3450,$0,$-174,$19,$3150,$6600,$211,$457,$-132,$325,$-55,$-16,$76,$-32,$-45,$505,$-513,$0,$-98,$0,$275,$275,$-10,$-347,$-60,$0,$-60,$15,$15,$0,$1,$-44,$118,$15,$0
24,2012-09-30,28.66,$36.18,0.79,$36.21,0.79,$-0.89,0.0,$1.97,14.55,$2.27B,$0.59B,3.85,$2.43B,$3.16B,0.77,$3.17B,$1.06B,33.34%,$3.17B,$0.10B,3.19%,$3.17B,$0.10B,3.19%,$3.17B,$0.57B,18.04%,$3.17B,$0.16B,5.08%,$3.17B,$0.17B,5.46%,$0.17B,$3.16B,5.55%,$0.17B,$2.28B,7.99%,$0.17B,$6.66B,2.61%,$0.10B,$5.59B,1.81%,$765,$518,$247,$17,$95,$741,$24,$-2,$22,$-0,$22,$22,$23,$135,$24,$87,88,$0.26,$0.26,$1557,$74,$107,$2267,$2571,$178,$884,$756,$4389,$6657,$589,$2432,$0,$2909,$3497,$0,$-201,$60,$3159,$6657,$184,$339,$-143,$196,$0,$0,$0,$-40,$-40,$350,$-371,$0,$-82,$0,$229,$229,$-6,$-230,$-50,$0,$-50,$10,$10,$0,$-1,$-40,$80,$14,$0
25,2012-06-30,26.42,$36.00,0.73,$37.49,0.7,$-0.92,0.0,$1.49,17.73,$2.28B,$0.60B,3.79,$2.46B,$3.14B,0.78,$3.27B,$1.08B,33.14%,$3.27B,$0.10B,3.03%,$3.27B,$0.10B,3.03%,$3.27B,$0.59B,17.96%,$3.27B,$0.13B,4.10%,$3.27B,$0.13B,4.01%,$0.13B,$3.14B,4.25%,$0.13B,$2.20B,6.27%,$0.13B,$6.64B,1.99%,$0.10B,$5.60B,1.80%,$806,$537,$269,$16,$93,$760,$46,$-10,$35,$0,$35,$35,$36,$161,$46,$87,88,$0.41,$0.41,$1594,$77,$68,$2278,$2540,$141,$940,$740,$4361,$6638,$600,$2458,$0,$2898,$3498,$0,$-223,$70,$3140,$6638,$162,$229,$-132,$97,$0,$0,$0,$-83,$-83,$185,$-278,$0,$0,$0,$139,$139,$-0,$-139,$-35,$0,$-35,$7,$7,$0,$0,$-27,$19,$11,$0
26,2012-03-31,28.14,$35.83,0.79,$34.98,0.8,$0.03,810.95,$1.29,21.81,$2.41B,$0.66B,3.67,$2.48B,$3.11B,0.8,$3.05B,$0.99B,32.44%,$3.05B,$0.10B,3.25%,$3.05B,$0.10B,3.25%,$3.05B,$0.54B,17.83%,$3.05B,$0.13B,4.17%,$3.05B,$0.11B,3.71%,$0.11B,$3.11B,3.68%,$0.11B,$2.14B,5.53%,$0.11B,$6.69B,1.72%,$0.10B,$5.58B,1.81%,$765,$505,$260,$17,$99,$735,$29,$97,$126,$-0,$127,$127,$127,$144,$29,$87,87,$1.46,$1.45,$1683,$98,$68,$2411,$2510,$147,$970,$649,$4276,$6687,$657,$2477,$0,$2923,$3580,$0,$-259,$86,$3107,$6687,$127,$114,$-130,$-16,$0,$0,$0,$-38,$-38,$79,$-114,$0,$0,$0,$69,$69,$-4,$-49,$-17,$0,$-17,$1,$1,$0,$0,$-16,$15,$7,$0
27,2011-12-31,20.94,$35.22,0.59,$31.42,0.67,$1.02,20.56,$0.03,698.0,$2.31B,$0.58B,3.95,$2.46B,$3.05B,0.81,$2.76B,$0.85B,30.89%,$2.76B,$0.08B,2.93%,$2.76B,$0.08B,2.93%,$2.76B,$0.47B,16.91%,$2.76B,$0.03B,0.94%,$2.76B,$0.00B,0.11%,$0.00B,$3.05B,0.10%,$0.00B,$2.05B,0.13%,$0.00B,$6.54B,0.05%,$0.08B,$5.52B,1.64%,$834,$553,$281,$16,$100,$832,$2,$-24,$-22,$-10,$-13,$-13,$-13,$132,$2,$86,87,$-0.15,$-0.14,$1696,$69,$76,$2308,$2454,$140,$999,$643,$4236,$6544,$584,$2464,$0,$2908,$3492,$0,$-385,$166,$3052,$6544,$4,$386,$9,$395,$-1,$21,$-10,$38,$45,$447,$-377,$0,$-2076,$0,$570,$570,$-5,$-1888,$1941,$0,$1941,$29,$29,$0,$-56,$1914,$472,$16,$0
28,2011-09-30,22.61,$34.90,0.65,$27.86,0.81,$2.65,8.53,$2.16,10.47,$2.18B,$0.70B,3.14,$2.34B,$3.02B,0.77,$2.44B,$0.70B,28.85%,$2.44B,$0.11B,4.55%,$2.44B,$0.11B,4.55%,$2.44B,$0.42B,17.34%,$2.44B,$0.23B,9.59%,$2.44B,$0.19B,7.58%,$0.19B,$3.02B,6.06%,$0.19B,$1.96B,7.61%,$0.19B,$6.46B,3.57%,$0.11B,$5.36B,2.52%,$863,$590,$273,$15,$108,$841,$22,$-27,$-5,$14,$-19,$-19,$-19,$150,$22,$87,87,$-0.22,$-0.22,$1436,$100,$118,$2183,$2305,$278,$1059,$638,$4280,$6463,$696,$2339,$0,$2746,$3442,$0,$-373,$127,$3021,$6463,$17,$256,$-4,$252,$0,$0,$0,$-31,$-31,$238,$-261,$0,$-2076,$0,$665,$665,$5,$-1666,$1957,$0,$1957,$27,$27,$0,$-56,$1928,$499,$12,$0
29,2011-06-30,36.43,$36.07,1.01,$25.00,1.46,$3.37,10.81,$2.44,14.93,$1.71B,$0.67B,2.57,$2.35B,$3.12B,0.75,$2.18B,$0.57B,26.28%,$2.18B,$0.13B,5.86%,$2.18B,$0.13B,5.86%,$2.18B,$0.37B,16.94%,$2.18B,$0.27B,12.45%,$2.18B,$0.21B,9.57%,$0.21B,$3.12B,6.98%,$0.21B,$2.02B,8.01%,$0.21B,$6.52B,4.67%,$0.13B,$5.46B,3.32%,$584,$410,$174,$11,$46,$538,$46,$-18,$28,$10,$19,$19,$18,$117,$46,$86,88,$0.21,$0.21,$1009,$95,$106,$1714,$2247,$831,$1094,$632,$4805,$6519,$668,$2347,$0,$2734,$3403,$0,$-353,$211,$3116,$6519,$36,$128,$-20,$108,$0,$0,$0,$-24,$-24,$114,$-123,$0,$-2076,$0,$322,$322,$7,$-1869,$1975,$0,$1975,$24,$24,$0,$-54,$1945,$188,$7,$0
30,2011-03-31,37.85,$35.59,1.06,$25.43,1.49,$3.64,10.4,$1.74,21.75,$1.58B,$0.40B,3.96,$0.36B,$3.05B,0.12,$2.20B,$0.54B,24.47%,$2.20B,$0.11B,5.13%,$2.20B,$0.11B,5.13%,$2.20B,$0.34B,15.48%,$2.20B,$0.22B,9.94%,$2.20B,$0.15B,6.81%,$0.15B,$3.05B,5.16%,$0.15B,$2.89B,5.44%,$0.15B,$3.92B,4.01%,$0.11B,$3.41B,3.46%,$480,$355,$125,$9,$48,$469,$11,$14,$25,$8,$17,$17,$17,$68,$11,$85,92,$0.20,$0.19,$1140,$30,$118,$1581,$1276,$753,$161,$152,$2341,$3922,$399,$355,$35,$469,$868,$0,$-372,$195,$3054,$3922,$17,$57,$-4,$53,$0,$0,$0,$23,$23,$93,$-39,$0,$0,$0,$-75,$-75,$0,$-114,$-13,$0,$-13,$14,$14,$0,$1,$2,$-20,$3,$0
31,2010-12-31,24.97,$35.34,0.71,$27.61,0.9,$3.01,8.29,$2.40,10.4,$1.54B,$0.36B,4.28,$0.36B,$3.01B,0.12,$2.35B,$0.56B,23.87%,$2.35B,$0.14B,6.09%,$2.35B,$0.14B,6.09%,$2.35B,$0.37B,15.79%,$2.35B,$0.29B,12.30%,$2.35B,$0.21B,8.72%,$0.21B,$3.01B,7.24%,$0.21B,$2.85B,7.62%,$0.21B,$3.84B,5.61%,$0.14B,$3.37B,4.46%,$513,$381,$132,$10,$35,$482,$32,$154,$186,$17,$169,$169,$169,$88,$32,$85,85,$1.98,$1.99,$1131,$30,$93,$1535,$1263,$726,$165,$152,$2307,$3842,$359,$360,$0,$470,$829,$0,$-389,$189,$3013,$3842,$204,$229,$-25,$203,$73,$23,$-58,$-42,$-1,$404,$-197,$0,$0,$0,$-145,$-145,$103,$-239,$-50,$0,$-50,$3,$3,$0,$-1,$-47,$118,$14,$0
32,2010-09-30,19.08,$32.84,0.58,$28.07,0.68,$0.38,50.87,$0.05,381.6,$1.49B,$0.38B,3.95,$0.37B,$2.80B,0.13,$2.40B,$0.55B,23.05%,$2.40B,$0.13B,5.22%,$2.40B,$0.13B,5.22%,$2.40B,$0.36B,15.07%,$2.40B,$0.09B,3.80%,$2.40B,$0.01B,0.25%,$0.01B,$2.80B,0.22%,$0.01B,$2.67B,0.23%,$0.01B,$3.63B,0.17%,$0.13B,$3.16B,3.99%,$607,$464,$143,$12,$34,$568,$39,$-5,$33,$28,$5,$5,$5,$97,$39,$85,85,$0.06,$0.06,$967,$44,$28,$1485,$1265,$613,$127,$144,$2149,$3634,$376,$365,$29,$460,$836,$0,$-558,$156,$2798,$3634,$35,$173,$48,$221,$0,$0,$0,$-65,$-65,$187,$-148,$0,$0,$0,$-9,$-9,$104,$-53,$-43,$0,$-43,$2,$2,$0,$0,$-40,$93,$11,$0
33,2010-06-30,19.08,$32.35,0.59,$26.61,0.72,$0.11,166.2,$3.44,5.55,$1.40B,$0.35B,3.99,$0.38B,$2.75B,0.14,$2.27B,$0.52B,22.72%,$2.27B,$0.08B,3.61%,$2.27B,$0.08B,3.61%,$2.27B,$0.32B,14.05%,$2.27B,$0.39B,17.22%,$2.27B,$0.30B,12.99%,$0.30B,$2.75B,10.88%,$0.30B,$2.62B,11.51%,$0.30B,$3.55B,8.43%,$0.08B,$3.14B,2.67%,$603,$464,$139,$12,$38,$572,$31,$-56,$-25,$16,$-41,$-41,$-41,$88,$31,$85,85,$-0.49,$-0.49,$920,$38,$34,$1396,$1252,$611,$135,$158,$2156,$3552,$350,$382,$16,$448,$798,$0,$-563,$123,$2754,$3552,$30,$115,$8,$123,$0,$0,$0,$-39,$-39,$118,$-104,$0,$0,$0,$17,$17,$103,$17,$-38,$0,$-38,$2,$2,$0,$0,$-36,$99,$7,$0
34,2010-03-31,20.28,$32.61,0.62,$23.95,0.85,$0.08,242.29,$5.11,3.97,$1.41B,$0.38B,3.69,$0.40B,$2.77B,0.14,$2.05B,$0.48B,23.40%,$2.05B,$0.05B,2.34%,$2.05B,$0.05B,2.34%,$2.05B,$0.29B,13.99%,$2.05B,$0.52B,25.11%,$2.05B,$0.44B,21.36%,$0.44B,$2.77B,16.67%,$0.44B,$2.62B,17.72%,$0.44B,$3.59B,12.93%,$0.05B,$3.16B,1.62%,$627,$480,$147,$12,$37,$586,$41,$54,$95,$23,$72,$72,$72,$98,$41,$85,85,$0.85,$0.84,$924,$55,$21,$1413,$1229,$656,$143,$146,$2174,$3587,$383,$395,$15,$436,$819,$0,$-522,$103,$2768,$3587,$72,$58,$-68,$-11,$0,$0,$0,$-35,$-35,$29,$-32,$0,$0,$0,$54,$54,$103,$124,$-13,$0,$-13,$1,$1,$0,$0,$-12,$140,$4,$0
35,2009-12-31,20.14,$31.41,0.64,$22.11,0.91,$0.24,82.54,$4.25,4.74,$1.36B,$0.36B,3.75,$0.39B,$2.67B,0.15,$1.90B,$0.43B,22.74%,$1.90B,$0.01B,0.26%,$1.90B,$0.01B,0.26%,$1.90B,$0.25B,13.08%,$1.90B,$0.43B,22.32%,$1.90B,$0.37B,19.17%,$0.37B,$2.67B,14.54%,$0.37B,$2.51B,15.57%,$0.37B,$3.47B,11.26%,$0.01B,$3.06B,0.18%,$558,$435,$123,$13,$32,$544,$14,$-26,$-12,$19,$-30,$-30,$-30,$78,$14,$86,86,$-0.37,$-0.38,$829,$53,$19,$1364,$1233,$562,$152,$157,$2104,$3468,$364,$392,$15,$439,$803,$0,$-593,$77,$2665,$3468,$365,$244,$-370,$-126,$-26,$-7,$2,$-8,$-30,$196,$-214,$0,$0,$0,$109,$109,$-9,$-114,$-56,$0,$-56,$-27,$-27,$0,$0,$-83,$-1,$13,$0
36,2009-09-30,18.46,$31.35,0.59,$21.19,0.87,$-0.80,0.0,$-3.11,0.0,$1.34B,$0.43B,3.11,$0.26B,$2.66B,0.1,$1.84B,$0.40B,21.77%,$1.84B,$-0.61B,-32.95%,$1.84B,$-0.61B,-32.95%,$1.84B,$-0.36B,-19.38%,$1.84B,$-0.38B,-20.58%,$1.84B,$-0.31B,-16.78%,$-0.31B,$2.66B,-12.90%,$-0.31B,$2.50B,-13.90%,$-0.31B,$3.39B,-9.98%,$-0.61B,$2.92B,-22.72%,$483,$375,$107,$11,$42,$487,$-4,$337,$333,$38,$295,$295,$294,$55,$-4,$85,85,$3.45,$3.45,$935,$34,$19,$1336,$1166,$575,$160,$150,$2051,$3387,$430,$257,$17,$298,$728,$0,$-563,$58,$2660,$3387,$395,$180,$-441,$-260,$0,$0,$0,$21,$21,$142,$-125,$0,$0,$0,$87,$87,$-11,$-49,$-42,$0,$-42,$-28,$-28,$0,$0,$-70,$23,$10,$0
37,2009-06-30,15.94,$28.07,0.57,$22.38,0.71,$-2.26,0.0,$-9.99,0.0,$1.31B,$0.35B,3.7,$0.27B,$2.42B,0.11,$1.98B,$0.41B,20.81%,$1.98B,$-0.64B,-32.61%,$1.98B,$-0.64B,-32.61%,$1.98B,$-0.38B,-19.39%,$1.98B,$-1.02B,-51.39%,$1.98B,$-0.91B,-46.13%,$-0.91B,$2.42B,-36.79%,$-0.91B,$2.25B,-40.77%,$-0.91B,$3.11B,-28.19%,$-0.64B,$2.69B,-23.29%,$383,$280,$103,$11,$36,$386,$-3,$102,$99,$-3,$101,$101,$102,$56,$-3,$87,87,$1.18,$1.18,$950,$48,$36,$1305,$1184,$315,$168,$136,$1803,$3108,$353,$270,$16,$337,$690,$0,$-857,$94,$2418,$3108,$100,$121,$-107,$14,$0,$0,$0,$11,$11,$118,$-106,$0,$0,$0,$63,$63,$-3,$-45,$-27,$0,$-27,$-7,$-7,$0,$0,$-33,$39,$7,$0
38,2009-03-31,14.83,$26.53,0.56,$23.31,0.64,$-3.48,0.0,$-10.64,0.0,$1.35B,$0.38B,3.61,$0.28B,$2.30B,0.12,$2.08B,$0.42B,20.05%,$2.08B,$-0.64B,-30.99%,$2.08B,$-0.64B,-30.99%,$2.08B,$-0.38B,-18.22%,$2.08B,$-1.06B,-51.08%,$2.08B,$-0.97B,-46.51%,$-0.97B,$2.30B,-35.94%,$-0.97B,$2.12B,-40.66%,$-0.97B,$3.00B,-27.79%,$-0.64B,$2.58B,-21.53%,$480,$380,$100,$10,$31,$482,$-2,$8,$5,$6,$-1,$-1,$-1,$60,$-2,$86,86,$-0.01,$-0.01,$930,$40,$27,$1353,$1164,$183,$177,$125,$1648,$3002,$375,$282,$15,$331,$707,$0,$-959,$70,$2295,$3002,$-1,$62,$-11,$51,$0,$0,$0,$1,$1,$45,$-35,$0,$0,$0,$126,$126,$1,$92,$-15,$0,$-15,$0,$0,$0,$0,$-14,$123,$3,$0
39,2008-12-31,14.87,$25.58,0.58,$23.84,0.62,$-4.35,0.0,$-10.57,0.0,$1.23B,$0.37B,3.33,$0.29B,$2.21B,0.13,$2.15B,$0.44B,20.28%,$2.15B,$-0.64B,-29.77%,$2.15B,$-0.64B,-29.77%,$2.15B,$-0.38B,-17.49%,$2.15B,$-1.05B,-49.02%,$2.15B,$-0.96B,-44.56%,$-0.96B,$2.21B,-32.78%,$-0.96B,$2.03B,-37.69%,$-0.96B,$2.89B,-25.29%,$-0.64B,$2.51B,-19.77%,$496,$406,$91,$10,$52,$1094,$-598,$-218,$-816,$-112,$-704,$-704,$-704,$-528,$-598,$89,89,$-7.89,$-7.89,$829,$46,$17,$1229,$1182,$157,$185,$129,$1661,$2890,$369,$294,$15,$309,$678,$0,$-958,$-11,$2212,$2890,$-958,$264,$896,$1161,$-305,$-15,$186,$11,$-58,$118,$-230,$0,$0,$0,$-376,$-376,$36,$-570,$-47,$0,$-47,$-62,$-62,$0,$544,$435,$-17,$24,$0
