,Date,Stock Price,Book Value per Share,Price to Book Ratio,TTM Sales per Share,Price to Sales Ratio,TTM FCF per Share,Price to FCF Ratio,TTM Net EPS,PE Ratio,Current Assets,Current Liabilities,Current Ratio,Long Term Debt,Shareholder's Equity_x,Debt to Equity Ratio,TTM Revenue_x,TTM Gross Profit,Gross Margin,TTM Revenue_y,TTM Operating Income,Operating Margin,TTM Revenue_x,TTM EBIT,EBIT Margin,TTM Revenue_y,TTM EBITDA,EBITDA Margin,TTM Revenue_x,TTM Pre-Tax Income,Pre-Tax Margin,TTM Revenue_y,TTM Net Income_x,Net Margin,TTM Net Income_y,Shareholder's Equity_y,Return on Equity,TTM Net Income_x,Tangible Equity,Return on Tangible Equity,TTM Net Income_y,Total Assets,Return on Assets,TTM Net Income,LT Investments & Debt,Return on Investment,revenue,cost-goods-sold,gross-profit,research-development-expenses,selling-general-administrative-expenses,operating-expenses,operating-income,total-non-operating-income-expense,pre-tax-income,total-provision-income-taxes,income-after-taxes,income-from-continuous-operations,net-income,ebitda,ebit,basic-shares-outstanding,shares-outstanding,eps-basic-net-earnings-per-share,eps-earnings-per-share-diluted,cash-on-hand,inventory,other-current-assets,total-current-assets,net-property-plant-equipment,long-term-investments,goodwill-intangible-assets-total,other-long-term-assets,total-long-term-assets,total-assets,total-current-liabilities,long-term-debt,other-non-current-liabilities,total-long-term-liabilities,total-liabilities,common-stock-net,retained-earnings-accumulated-deficit,comprehensive-income,total-share-holder-equity,total-liabilities-share-holders-equity,net-income-loss,total-depreciation-amortization-cash-flow,other-non-cash-items,total-non-cash-items,change-in-accounts-receivable,change-in-inventories,change-in-accounts-payable,change-in-assets-liabilities,total-change-in-assets-liabilities,cash-flow-from-operating-activities,net-change-in-property-plant-equipment,net-change-in-intangible-assets,net-acquisitions-divestitures,net-change-in-short-term-investments,net-change-in-long-term-investments,net-change-in-investments-total,investing-activities-other,cash-flow-from-investing-activities,net-long-term-debt,net-current-debt,debt-issuance-retirement-net-total,net-common-equity-issued-repurchased,net-total-equity-issued-repurchased,total-common-preferred-stock-dividends-paid,financial-activities-other,cash-flow-from-financial-activities,net-cash-flow,stock-based-compensation,common-stock-dividends-paid
0,2018-09-30,1.4,$-0.61,-2.29,$5.66,0.25,$0.78,1.81,$-0.79,0.0,$0.01B,$0.02B,0.44,$0.09B,$-0.02B,-4.73,$0.16B,$0.07B,44.87%,$0.16B,$0.00B,1.92%,$0.16B,$0.00B,1.92%,$0.16B,$0.02B,9.62%,$0.16B,$-0.00B,-1.92%,$0.16B,$-0.02B,-14.74%,$-0.02B,$-0.02B,104.55%,$-0.02B,$-0.07B,30.87%,$-0.02B,$0.10B,-22.12%,$0.00B,$0.07B,3.92%,$37,$21,$17,$0,$2,$38,$-1,$-2,$-2,$-1,$-2,$-2,$-2,$2,$-1,$31,31,$-0.06,$-0.06,$7,$1,$0,$9,$39,$0,$52,$1,$92,$102,$21,$94,$2,$100,$122,$0,$-47,$1,$-20,$102,$-3,$9,$0,$10,$0,$0,$-1,$0,$1,$8,$-1,$0,$0,$0,$0,$0,$0,$-1,$-9,$0,$-9,$5,$5,$0,$-0,$-4,$3,$1,$0
1,2018-06-30,1.25,$-0.84,-1.49,$5.91,0.21,$0.75,1.67,$-0.81,0.0,$0.01B,$0.02B,0.25,$0.10B,$-0.02B,-4.25,$0.16B,$0.07B,44.94%,$0.16B,$0.00B,2.53%,$0.16B,$0.00B,2.53%,$0.16B,$0.02B,10.76%,$0.16B,$-0.00B,-1.27%,$0.16B,$-0.02B,-13.92%,$-0.02B,$-0.02B,122.22%,$-0.02B,$-0.08B,31.21%,$-0.02B,$0.10B,-19.86%,$0.00B,$0.07B,4.79%,$37,$21,$16,$0,$2,$37,$0,$-2,$-1,$-0,$-1,$-1,$-1,$3,$0,$26,26,$-0.04,$-0.04,$3,$1,$0,$5,$43,$0,$52,$1,$96,$101,$20,$97,$2,$104,$123,$0,$-46,$1,$-23,$101,$-1,$6,$-0,$6,$0,$0,$-1,$-0,$-0,$5,$-1,$0,$0,$0,$0,$0,$0,$-1,$-6,$0,$-6,$0,$0,$0,$-0,$-6,$-2,$0,$0
2,2018-03-31,1.35,$-0.82,-1.66,$6.01,0.22,$0.71,1.91,$-0.79,0.0,$0.01B,$0.02B,0.33,$0.10B,$-0.02B,-4.53,$0.16B,$0.07B,45.34%,$0.16B,$0.01B,3.11%,$0.16B,$0.01B,3.11%,$0.16B,$0.02B,11.18%,$0.16B,$-0.00B,-1.24%,$0.16B,$-0.02B,-13.04%,$-0.02B,$-0.02B,161.54%,$-0.02B,$-0.08B,31.94%,$-0.02B,$0.11B,-17.80%,$0.01B,$0.08B,5.52%,$40,$21,$18,$0,$2,$38,$2,$-2,$-0,$-0,$0,$0,$0,$5,$2,$27,27,$0.01,$0.01,$4,$2,$0,$7,$45,$0,$52,$0,$98,$105,$21,$100,$2,$107,$127,$0,$-45,$0,$-22,$105,$0,$3,$-0,$3,$0,$-0,$-1,$-0,$0,$3,$-0,$0,$0,$0,$0,$0,$0,$-0,$-3,$0,$-3,$0,$0,$0,$-0,$-3,$0,$0,$0
3,2017-12-31,1.6,$-0.86,-1.85,$6.20,0.26,$0.71,2.26,$-0.77,0.0,$0.01B,$0.02B,0.34,$0.10B,$-0.02B,-4.43,$0.17B,$0.08B,45.45%,$0.17B,$0.01B,3.03%,$0.17B,$0.01B,3.03%,$0.17B,$0.02B,11.52%,$0.17B,$-0.00B,-0.61%,$0.17B,$-0.02B,-12.12%,$-0.02B,$-0.02B,242.42%,$-0.02B,$-0.08B,32.92%,$-0.02B,$0.11B,-16.03%,$0.01B,$0.08B,5.13%,$42,$23,$19,$0,$2,$40,$2,$-2,$0,$21,$-20,$-20,$-20,$5,$2,$27,27,$-0.76,$-0.76,$4,$2,$0,$7,$48,$0,$53,$0,$101,$108,$21,$103,$2,$110,$131,$0,$-45,$-0,$-23,$108,$-20,$13,$20,$33,$-0,$0,$1,$1,$0,$13,$-5,$0,$0,$0,$0,$0,$0,$-5,$-7,$0,$-7,$0,$0,$0,$-0,$-7,$0,$0,$0
4,2017-09-30,2.08,$-0.13,-15.64,$6.17,0.34,$0.37,5.7,$-0.19,0.0,$0.01B,$0.02B,0.35,$0.11B,$-0.00B,-29.66,$0.16B,$0.08B,45.73%,$0.16B,$0.00B,2.44%,$0.16B,$0.00B,2.44%,$0.16B,$0.02B,10.98%,$0.16B,$-0.00B,-1.22%,$0.16B,$-0.01B,-3.05%,$-0.01B,$-0.00B,142.86%,$-0.01B,$-0.06B,8.93%,$-0.01B,$0.13B,-3.82%,$0.00B,$0.10B,3.85%,$39,$22,$18,$0,$2,$39,$0,$-2,$-1,$-1,$-1,$-1,$-1,$4,$0,$27,27,$-0.02,$-0.02,$5,$2,$0,$7,$51,$0,$53,$0,$121,$129,$21,$106,$3,$111,$132,$0,$-24,$-1,$-4,$129,$-0,$10,$-1,$9,$0,$0,$1,$0,$1,$10,$-4,$0,$0,$0,$0,$0,$0,$-4,$-5,$0,$-5,$0,$0,$0,$-0,$-5,$1,$0,$0
5,2017-06-30,2.6,$-0.13,-20.59,$6.27,0.41,$0.02,125.6,$-0.22,0.0,$0.01B,$0.02B,0.32,$0.11B,$-0.00B,-31.44,$0.17B,$0.08B,46.11%,$0.17B,$0.01B,3.59%,$0.17B,$0.01B,3.59%,$0.17B,$0.02B,11.98%,$0.17B,0,0.00%,$0.17B,$-0.01B,-2.99%,$-0.01B,$-0.00B,-400.00%,$-0.01B,$-0.06B,9.66%,$-0.01B,$0.13B,-3.63%,$0.01B,$0.10B,5.44%,$40,$22,$18,$0,$2,$39,$1,$-2,$-1,$-1,$-0,$-0,$-0,$4,$1,$27,27,$-0.02,$-0.02,$4,$2,$0,$7,$53,$0,$53,$0,$123,$130,$22,$106,$4,$112,$133,$0,$-24,$-1,$-3,$130,$0,$7,$-0,$7,$0,$0,$-0,$0,$-1,$6,$-4,$0,$0,$0,$0,$0,$0,$-4,$-3,$0,$-3,$0,$0,$0,$0,$-3,$-0,$0,$0
6,2017-03-31,2.3,$-0.10,-22.59,$6.32,0.36,$-0.24,0.0,$-0.21,0.0,$0.01B,$0.02B,0.4,$0.11B,$-0.00B,-40.12,$0.17B,$0.08B,46.43%,$0.17B,$0.01B,3.57%,$0.17B,$0.01B,3.57%,$0.17B,$0.02B,12.50%,$0.17B,$0.00B,0.60%,$0.17B,$-0.01B,-2.98%,$-0.01B,$-0.00B,-83.33%,$-0.01B,$-0.06B,10.58%,$-0.01B,$0.13B,-3.44%,$0.01B,$0.11B,5.13%,$44,$24,$20,$0,$2,$42,$2,$-2,$1,$0,$1,$1,$1,$6,$2,$27,27,$0.03,$0.03,$5,$2,$0,$8,$55,$0,$53,$0,$124,$132,$21,$109,$4,$114,$135,$0,$-23,$-1,$-3,$132,$1,$4,$0,$4,$0,$0,$-0,$0,$-0,$4,$-1,$0,$0,$0,$0,$0,$0,$-1,$-2,$0,$-2,$0,$0,$0,$0,$-2,$1,$0,$0
7,2016-12-31,1.4,$-0.15,-9.07,$6.30,0.22,$-0.48,0.0,$-0.22,0.0,$0.01B,$0.02B,0.35,$0.11B,$-0.00B,-26.87,$0.17B,$0.08B,47.31%,$0.17B,$0.01B,4.19%,$0.17B,$0.01B,4.19%,$0.17B,$0.02B,13.17%,$0.17B,$0.00B,1.20%,$0.17B,$-0.01B,-3.59%,$-0.01B,$-0.00B,-55.81%,$-0.01B,$-0.06B,13.95%,$-0.01B,$0.13B,-3.93%,$0.01B,$0.11B,5.70%,$41,$22,$19,$0,$2,$40,$1,$-2,$-1,$-2,$2,$2,$-5,$4,$1,$26,26,$-0.19,$-0.19,$4,$2,$0,$7,$57,$0,$53,$0,$126,$133,$21,$110,$4,$116,$137,$0,$-25,$-1,$-4,$133,$-6,$15,$2,$17,$-0,$-0,$-2,$1,$0,$11,$-13,$0,$0,$0,$0,$0,$-1,$-13,$-5,$0,$-5,$0,$0,$0,$-2,$-7,$-9,$0,$0
8,2016-09-30,1.16,$0.55,2.09,$5.57,0.21,$-0.86,0.0,$-0.41,0.0,$0.01B,$0.02B,0.43,$0.11B,$0.02B,7.56,$0.15B,$0.07B,50.34%,$0.15B,$0.02B,11.56%,$0.15B,$0.02B,11.56%,$0.15B,$0.03B,20.41%,$0.15B,$0.01B,8.84%,$0.15B,$-0.01B,-7.48%,$-0.01B,$0.02B,-68.75%,$-0.01B,$-0.04B,29.14%,$-0.01B,$0.16B,-6.84%,$0.02B,$0.13B,13.10%,$42,$22,$20,$0,$2,$40,$2,$-1,$1,$-0,$1,$1,$-1,$6,$2,$27,27,$-0.05,$-0.05,$4,$2,$2,$9,$78,$0,$53,$0,$147,$156,$21,$112,$6,$120,$141,$0,$-20,$-2,$15,$156,$-1,$11,$-0,$11,$-0,$0,$-1,$0,$-2,$8,$-12,$0,$0,$0,$0,$0,$-1,$-13,$-5,$0,$-5,$0,$0,$0,$-0,$-5,$-10,$0,$0
