,Date,Stock Price,Book Value per Share,Price to Book Ratio,TTM Sales per Share,Price to Sales Ratio,TTM FCF per Share,Price to FCF Ratio,TTM Net EPS,PE Ratio,Current Assets,Current Liabilities,Current Ratio,Long Term Debt,Shareholder's Equity_x,Debt to Equity Ratio,TTM Revenue_x,TTM Gross Profit,Gross Margin,TTM Revenue_y,TTM Operating Income,Operating Margin,TTM Revenue_x,TTM EBIT,EBIT Margin,TTM Revenue_y,TTM EBITDA,EBITDA Margin,TTM Revenue_x,TTM Pre-Tax Income,Pre-Tax Margin,TTM Revenue_y,TTM Net Income_x,Net Margin,TTM Net Income_y,Shareholder's Equity_y,Return on Equity,TTM Net Income_x,Tangible Equity,Return on Tangible Equity,TTM Net Income_y,Total Assets,Return on Assets,TTM Net Income,LT Investments & Debt,Return on Investment,revenue,cost-goods-sold,gross-profit,research-development-expenses,selling-general-administrative-expenses,operating-expenses,operating-income,total-non-operating-income-expense,pre-tax-income,total-provision-income-taxes,income-after-taxes,income-from-continuous-operations,net-income,ebitda,ebit,basic-shares-outstanding,shares-outstanding,eps-basic-net-earnings-per-share,eps-earnings-per-share-diluted,cash-on-hand,inventory,other-current-assets,total-current-assets,net-property-plant-equipment,long-term-investments,goodwill-intangible-assets-total,other-long-term-assets,total-long-term-assets,total-assets,total-current-liabilities,long-term-debt,other-non-current-liabilities,total-long-term-liabilities,total-liabilities,common-stock-net,retained-earnings-accumulated-deficit,comprehensive-income,total-share-holder-equity,total-liabilities-share-holders-equity,net-income-loss,total-depreciation-amortization-cash-flow,other-non-cash-items,total-non-cash-items,change-in-accounts-receivable,change-in-inventories,change-in-accounts-payable,change-in-assets-liabilities,total-change-in-assets-liabilities,cash-flow-from-operating-activities,net-change-in-property-plant-equipment,net-change-in-intangible-assets,net-acquisitions-divestitures,net-change-in-short-term-investments,net-change-in-long-term-investments,net-change-in-investments-total,investing-activities-other,cash-flow-from-investing-activities,net-long-term-debt,net-current-debt,debt-issuance-retirement-net-total,net-common-equity-issued-repurchased,net-total-equity-issued-repurchased,total-common-preferred-stock-dividends-paid,financial-activities-other,cash-flow-from-financial-activities,net-cash-flow,stock-based-compensation,common-stock-dividends-paid
0,2018-09-30,2.88,$0.00,0.0,$1.80,1.6,$0.11,27.25,$-0.84,0.0,$0.06B,$0.08B,0.75,$0.49B,$0.00B,0.0,$0.18B,$0.12B,63.39%,$0.18B,$-0.04B,-22.40%,$0.18B,$-0.04B,-22.40%,$0.18B,$-0.04B,-22.40%,$0.18B,$-0.07B,-37.70%,$0.18B,$-0.08B,-44.26%,$-0.08B,$0.46B,-17.87%,$-0.08B,$0.46B,-17.87%,$-0.08B,$1.04B,-7.82%,$-0.04B,$0.94B,-4.27%,$50,$17,$33,$0,$5,$35,$16,$-7,$8,$0,$8,$8,$5,$16,$16,$102,102,$0.05,$0.05,$42,$0,$17,$59,$966,$0,$0,$9,$980,$1039,$79,$487,$17,$504,$583,$0,$0,$0,$456,$1039,$0,$0,$0,$0,$0,$0,$0,$0,$0,$0,$0,$0,$0,$0,$0,$0,$0,$0,$0,$0,$0,$0,$0,$0,$0,$0,$0,$0,$0
1,2018-06-30,3.4,$4.44,0.77,$1.68,2.03,$0.11,32.17,$-0.80,0.0,$0.08B,$0.09B,0.93,$0.49B,$0.00B,0.0,$0.17B,$0.11B,62.35%,$0.17B,$-0.05B,-30.00%,$0.17B,$-0.05B,-30.00%,$0.17B,$-0.05B,-30.00%,$0.17B,$-0.07B,-41.18%,$0.17B,$-0.08B,-48.24%,$-0.08B,$0.45B,-17.24%,$-0.08B,$0.45B,-17.24%,$-0.08B,$1.05B,-7.75%,$-0.05B,$0.94B,-5.11%,$47,$19,$28,$0,$5,$35,$12,$-8,$4,$0,$4,$4,$1,$12,$12,$102,102,$0.01,$0.01,$65,$0,$16,$81,$950,$0,$0,$9,$963,$1045,$88,$489,$17,$506,$593,$0,$0,$0,$451,$1045,$0,$0,$0,$0,$0,$0,$0,$0,$0,$0,$0,$0,$0,$0,$0,$0,$0,$0,$0,$0,$0,$0,$0,$0,$0,$0,$0,$0,$0
2,2018-03-31,3.17,$4.43,0.72,$1.56,2.03,$0.11,29.99,$-0.88,0.0,$0.08B,$0.06B,1.32,$0.51B,$0.00B,0.0,$0.16B,$0.10B,62.66%,$0.16B,$-0.06B,-37.34%,$0.16B,$-0.06B,-37.34%,$0.16B,$-0.06B,-37.34%,$0.16B,$-0.08B,-48.10%,$0.16B,$-0.09B,-56.96%,$-0.09B,$0.45B,-18.05%,$-0.09B,$0.45B,-18.05%,$-0.09B,$1.02B,-8.29%,$-0.06B,$0.96B,-5.70%,$44,$16,$27,$0,$4,$32,$12,$-6,$6,$0,$6,$6,$3,$12,$12,$102,102,$0.03,$0.03,$61,$0,$17,$78,$931,$0,$0,$9,$945,$1023,$59,$514,$0,$514,$573,$0,$0,$0,$450,$1023,$0,$0,$0,$0,$0,$0,$0,$0,$0,$0,$0,$0,$0,$0,$0,$0,$0,$0,$0,$0,$0,$0,$0,$0,$0,$0,$0,$0,$0
3,2017-12-31,3.23,$0.00,0.0,$1.47,2.2,$0.11,30.56,$-0.98,0.0,$0.08B,$0.04B,2.14,$0.54B,$0.00B,0.0,$0.15B,$0.09B,62.59%,$0.15B,$-0.07B,-46.94%,$0.15B,$-0.07B,-46.94%,$0.15B,$-0.07B,-46.94%,$0.15B,$-0.09B,-57.82%,$0.15B,$-0.10B,-68.03%,$-0.10B,$0.46B,-18.90%,$-0.10B,$0.46B,-18.90%,$-0.10B,$1.04B,-8.88%,$-0.07B,$1.00B,-6.37%,$42,$14,$28,$0,$4,$124,$-81,$-5,$-87,$0,$-87,$-87,$-90,$-81,$-81,$101,101,$-0.88,$-0.88,$60,$0,$19,$79,$943,$0,$0,$9,$956,$1035,$37,$542,$0,$542,$579,$0,$0,$0,$456,$1035,$-85,$54,$83,$137,$-2,$1,$-0,$0,$-2,$50,$-39,$0,$0,$-0,$0,$-0,$0,$-40,$-8,$0,$-8,$-0,$-0,$-12,$-27,$-47,$-36,$0,$-12
4,2017-09-30,2.74,$6.53,0.42,$1.42,1.92,$-0.19,0.0,$-0.19,0.0,$0.08B,$0.04B,2.28,$0.54B,$0.00B,0.0,$0.14B,$0.08B,59.85%,$0.14B,$0.01B,9.49%,$0.14B,$0.01B,9.49%,$0.14B,$0.01B,9.49%,$0.14B,$-0.00B,-2.19%,$0.14B,$-0.02B,-13.14%,$-0.02B,$0.55B,-3.22%,$-0.02B,$0.55B,-3.22%,$-0.02B,$1.13B,-1.55%,$0.01B,$1.09B,1.16%,$37,$14,$23,$0,$4,$32,$6,$1,$7,$0,$7,$7,$4,$6,$6,$102,102,$0.04,$0.04,$68,$0,$16,$84,$1031,$0,$0,$8,$1043,$1127,$37,$544,$0,$544,$581,$0,$0,$0,$546,$1127,$0,$0,$0,$0,$0,$0,$0,$0,$0,$0,$0,$0,$0,$0,$0,$0,$0,$0,$0,$0,$0,$0,$0,$0,$0,$0,$0,$0,$0
5,2017-06-30,2.29,$5.34,0.43,$1.38,1.66,$-0.19,0.0,$-0.57,0.0,$0.10B,$0.07B,1.52,$0.55B,$0.00B,0.0,$0.13B,$0.07B,57.48%,$0.13B,$-0.01B,-9.45%,$0.13B,$-0.01B,-9.45%,$0.13B,$-0.01B,-9.45%,$0.13B,$-0.04B,-27.56%,$0.13B,$-0.05B,-39.37%,$-0.05B,$0.54B,-8.83%,$-0.05B,$0.54B,-8.83%,$-0.05B,$1.16B,-4.27%,$-0.01B,$1.09B,-1.06%,$35,$14,$21,$0,$4,$31,$4,$-5,$-2,$0,$-2,$-2,$-7,$4,$4,$101,101,$-0.07,$-0.07,$90,$0,$13,$102,$1044,$0,$0,$9,$1053,$1155,$68,$545,$1,$546,$613,$0,$0,$0,$542,$1155,$0,$0,$0,$0,$0,$0,$0,$0,$0,$0,$0,$0,$0,$0,$0,$0,$0,$0,$0,$0,$0,$0,$0,$0,$0,$0,$0,$0,$0
6,2017-03-31,2.2,$5.63,0.39,$1.35,1.63,$-0.19,0.0,$-0.65,0.0,$0.12B,$0.03B,4.85,$0.59B,$0.00B,0.0,$0.12B,$0.07B,55.08%,$0.12B,$-0.02B,-16.10%,$0.12B,$-0.02B,-16.10%,$0.12B,$-0.02B,-16.10%,$0.12B,$-0.04B,-35.59%,$0.12B,$-0.06B,-47.46%,$-0.06B,$0.57B,-9.65%,$-0.06B,$0.57B,-9.65%,$-0.06B,$1.19B,-4.72%,$-0.02B,$1.16B,-1.64%,$33,$14,$20,$0,$4,$31,$2,$-6,$-3,$0,$-3,$-3,$-7,$2,$2,$99,99,$-0.07,$-0.07,$103,$0,$16,$119,$1057,$0,$0,$10,$1067,$1186,$25,$589,$1,$590,$614,$0,$0,$0,$572,$1186,$0,$0,$0,$0,$0,$0,$0,$0,$0,$0,$0,$0,$0,$0,$0,$0,$0,$0,$0,$0,$0,$0,$0,$0,$0,$0,$0,$0,$0
7,2016-12-31,1.15,$5.83,0.2,$1.31,0.88,$-0.19,0.0,$-0.83,0.0,$0.11B,$0.02B,4.67,$0.57B,$0.58B,0.99,$0.11B,$0.05B,49.09%,$0.11B,$-0.03B,-28.18%,$0.11B,$-0.03B,-28.18%,$0.11B,$-0.03B,-28.18%,$0.11B,$-0.06B,-51.82%,$0.11B,$-0.07B,-63.64%,$-0.07B,$0.58B,-11.86%,$-0.07B,$0.58B,-11.86%,$-0.07B,$1.17B,-5.84%,$-0.03B,$1.15B,-2.66%,$32,$14,$18,$0,$4,$31,$1,$-5,$-5,$0,$-5,$-5,$-8,$1,$1,$85,85,$-0.09,$-0.09,$95,$5,$0,$111,$1039,$0,$0,$11,$1063,$1174,$24,$570,$2,$571,$595,$0,$194,$0,$579,$1174,$-56,$53,$20,$72,$-1,$0,$-2,$-0,$-3,$13,$-29,$0,$0,$-11,$0,$-11,$0,$-40,$-84,$0,$-84,$15,$15,$-14,$-0,$-84,$-110,$0,$-14
8,2016-09-30,1.41,$6.84,0.21,$1.29,1.09,$-1.17,0.0,$-1.14,0.0,$0.09B,$0.02B,4.28,$0.57B,$0.00B,0.0,$0.11B,$0.05B,45.37%,$0.11B,$-0.06B,-53.70%,$0.11B,$-0.06B,-53.70%,$0.11B,$-0.06B,-53.70%,$0.11B,$-0.08B,-75.93%,$0.11B,$-0.10B,-87.96%,$-0.10B,$0.57B,-15.73%,$-0.10B,$0.57B,-15.73%,$-0.10B,$1.17B,-7.71%,$-0.06B,$1.14B,-4.92%,$27,$14,$14,$0,$4,$46,$-19,$-5,$-25,$0,$-25,$-25,$-28,$-19,$-19,$84,84,$-0.34,$-0.34,$79,$0,$13,$92,$1051,$0,$0,$11,$1076,$1168,$21,$573,$2,$575,$597,$0,$0,$0,$571,$1168,$0,$0,$0,$0,$0,$0,$0,$0,$0,$0,$0,$0,$0,$0,$0,$0,$0,$0,$0,$0,$0,$0,$0,$0,$0,$0,$0,$0,$0
9,2016-06-30,1.05,$7.18,0.15,$1.37,0.77,$-1.17,0.0,$-0.93,0.0,$0.15B,$0.04B,3.54,$0.58B,$0.00B,0.0,$0.11B,$0.05B,42.11%,$0.11B,$-0.04B,-36.84%,$0.11B,$-0.04B,-36.84%,$0.11B,$-0.04B,-36.84%,$0.11B,$-0.07B,-57.02%,$0.11B,$-0.08B,-68.42%,$-0.08B,$0.60B,-12.42%,$-0.08B,$0.60B,-12.42%,$-0.08B,$1.22B,-6.15%,$-0.04B,$1.18B,-3.47%,$26,$14,$13,$0,$4,$30,$-3,$-6,$-9,$0,$-9,$-9,$-13,$-3,$-3,$84,84,$-0.15,$-0.15,$128,$0,$17,$145,$1033,$0,$0,$2,$1073,$1218,$41,$576,$1,$577,$618,$0,$0,$0,$599,$1218,$0,$0,$0,$0,$0,$0,$0,$0,$0,$0,$0,$0,$0,$0,$0,$0,$0,$0,$0,$0,$0,$0,$0,$0,$0,$0,$0,$0,$0
10,2016-03-31,0.8,$7.33,0.11,$1.44,0.56,$-1.17,0.0,$-0.88,0.0,$0.14B,$0.04B,3.82,$0.58B,$0.00B,0.0,$0.12B,$0.05B,40.83%,$0.12B,$-0.04B,-33.33%,$0.12B,$-0.04B,-33.33%,$0.12B,$-0.04B,-33.33%,$0.12B,$-0.06B,-50.00%,$0.12B,$-0.07B,-60.83%,$-0.07B,$0.61B,-11.26%,$-0.07B,$0.61B,-11.26%,$-0.07B,$1.23B,-5.72%,$-0.04B,$1.20B,-3.28%,$25,$16,$9,$0,$4,$34,$-10,$-8,$-18,$0,$-18,$-18,$-21,$-10,$-10,$84,84,$-0.25,$-0.25,$129,$0,$14,$143,$1045,$0,$0,$12,$1091,$1234,$38,$583,$1,$584,$622,$0,$0,$0,$612,$1234,$0,$0,$0,$0,$0,$0,$0,$0,$0,$0,$0,$0,$0,$0,$0,$0,$0,$0,$0,$0,$0,$0,$0,$0,$0,$0,$0,$0,$0
11,2015-12-31,0.81,$7.60,0.11,$1.53,0.53,$-1.17,0.0,$-0.74,0.0,$0.24B,$0.11B,2.3,$0.57B,$0.63B,0.9,$0.13B,$0.05B,41.73%,$0.13B,$-0.03B,-25.20%,$0.13B,$-0.03B,-25.20%,$0.13B,$-0.03B,-25.20%,$0.13B,$-0.05B,-37.80%,$0.13B,$-0.06B,-48.82%,$-0.06B,$0.63B,-9.28%,$-0.06B,$0.63B,-9.28%,$-0.06B,$1.31B,-4.87%,$-0.03B,$1.20B,-2.63%,$30,$16,$13,$0,$4,$56,$-26,$-4,$-30,$0,$-30,$-30,$-33,$-26,$-26,$83,83,$-0.40,$-0.40,$197,$5,$32,$243,$988,$0,$0,$9,$1066,$1310,$106,$569,$0,$570,$675,$0,$264,$0,$634,$1310,$-48,$50,$23,$73,$-3,$4,$2,$-2,$1,$26,$-124,$0,$0,$-2,$0,$-2,$-57,$-182,$203,$0,$203,$-1,$-1,$-18,$-5,$180,$23,$0,$-18
12,2015-09-30,2.76,$8.00,0.34,$1.63,1.69,$-1.23,0.0,$-0.38,0.0,$0.19B,$0.04B,4.36,$0.60B,$0.00B,0.0,$0.14B,$0.06B,45.59%,$0.14B,$-0.00B,-1.47%,$0.14B,$-0.00B,-1.47%,$0.14B,$-0.00B,-1.47%,$0.14B,$-0.02B,-13.24%,$0.14B,$-0.03B,-24.26%,$-0.03B,$0.67B,-4.82%,$-0.03B,$0.67B,-4.82%,$-0.03B,$1.31B,-2.66%,$-0.00B,$1.27B,-0.17%,$33,$20,$13,$0,$4,$37,$-3,$-5,$-8,$0,$-8,$-8,$-11,$-3,$-3,$83,83,$-0.13,$-0.13,$172,$0,$18,$190,$1045,$0,$0,$16,$1124,$1314,$44,$601,$2,$602,$646,$0,$0,$0,$668,$1314,$0,$0,$0,$0,$0,$0,$0,$0,$0,$0,$0,$0,$0,$0,$0,$0,$0,$0,$0,$0,$0,$0,$0,$0,$0,$0,$0,$0,$0
13,2015-06-30,3.21,$8.15,0.39,$1.67,1.92,$-1.23,0.0,$-0.27,0.0,$0.14B,$0.04B,3.85,$0.53B,$0.00B,0.0,$0.14B,$0.07B,47.14%,$0.14B,$0.00B,2.86%,$0.14B,$0.00B,2.86%,$0.14B,$0.00B,2.86%,$0.14B,$-0.01B,-6.43%,$0.14B,$-0.02B,-17.14%,$-0.02B,$0.68B,-3.46%,$-0.02B,$0.68B,-3.46%,$-0.02B,$1.24B,-1.98%,$0.00B,$1.21B,0.34%,$32,$18,$14,$0,$3,$33,$-1,$-3,$-4,$0,$-4,$-4,$-8,$-1,$-1,$83,83,$-0.10,$-0.10,$122,$0,$21,$143,$1026,$0,$0,$11,$1101,$1244,$37,$526,$1,$527,$564,$0,$0,$0,$680,$1244,$0,$0,$0,$0,$0,$0,$0,$0,$0,$0,$0,$0,$0,$0,$0,$0,$0,$0,$0,$0,$0,$0,$0,$0,$0,$0,$0,$0,$0
14,2015-03-31,3.57,$8.25,0.43,$1.74,2.06,$-1.23,0.0,$-0.16,0.0,$0.15B,$0.03B,4.45,$0.51B,$0.00B,0.0,$0.15B,$0.07B,49.66%,$0.15B,$0.01B,7.59%,$0.15B,$0.01B,7.59%,$0.15B,$0.01B,7.59%,$0.15B,$-0.00B,-2.07%,$0.15B,$-0.02B,-10.34%,$-0.02B,$0.69B,-2.14%,$-0.02B,$0.69B,-2.14%,$-0.02B,$1.23B,-1.24%,$0.01B,$1.20B,0.95%,$32,$19,$13,$0,$3,$34,$-2,$-4,$-6,$0,$-6,$-6,$-10,$-2,$-2,$83,83,$-0.11,$-0.11,$127,$0,$20,$148,$1007,$0,$0,$11,$1081,$1229,$33,$506,$1,$507,$540,$0,$0,$0,$689,$1229,$0,$0,$0,$0,$0,$0,$0,$0,$0,$0,$0,$0,$0,$0,$0,$0,$0,$0,$0,$0,$0,$0,$0,$0,$0,$0,$0,$0,$0
15,2014-12-31,3.86,$8.39,0.46,$1.85,2.09,$-1.23,0.0,$0.08,48.3,$0.14B,$0.03B,4.97,$0.45B,$0.70B,0.64,$0.15B,$0.08B,53.90%,$0.15B,$0.03B,17.53%,$0.15B,$0.03B,17.53%,$0.15B,$0.03B,17.53%,$0.15B,$0.01B,9.09%,$0.15B,$0.01B,3.25%,$0.01B,$0.70B,0.74%,$0.01B,$0.70B,0.74%,$0.01B,$1.18B,0.42%,$0.03B,$1.15B,2.40%,$39,$17,$22,$0,$3,$35,$4,$-4,$-0,$0,$-0,$-0,$-4,$4,$4,$83,83,$-0.06,$-0.06,$118,$11,$0,$136,$960,$0,$0,$5,$1041,$1176,$27,$448,$1,$449,$476,$0,$330,$0,$700,$1176,$15,$45,$-2,$43,$0,$-3,$-1,$-10,$-14,$44,$-146,$0,$0,$0,$50,$50,$29,$-67,$-39,$0,$-39,$0,$133,$-26,$-3,$66,$43,$0,$-26
16,2014-09-30,6.53,$8.48,0.77,$2.14,3.05,$-0.24,0.0,$0.50,13.06,$0.15B,$0.04B,3.52,$0.44B,$0.00B,0.0,$0.17B,$0.11B,62.07%,$0.17B,$0.06B,32.76%,$0.17B,$0.06B,32.76%,$0.17B,$0.07B,38.51%,$0.17B,$0.05B,25.86%,$0.17B,$0.04B,22.41%,$0.04B,$0.71B,6.04%,$0.04B,$0.71B,6.04%,$0.04B,$1.19B,3.32%,$0.06B,$1.15B,5.17%,$37,$19,$17,$0,$3,$33,$3,$-2,$1,$0,$1,$1,$-2,$3,$3,$83,83,$-0.02,$-0.02,$127,$0,$22,$149,$972,$0,$0,$10,$1044,$1193,$42,$441,$2,$443,$485,$0,$0,$0,$708,$1193,$0,$0,$0,$0,$0,$0,$0,$0,$0,$0,$0,$0,$0,$0,$0,$0,$0,$0,$0,$0,$0,$0,$0,$0,$0,$0,$0,$0,$0
17,2014-06-30,9.5,$8.55,1.11,$2.25,4.22,$-0.59,0.0,$0.66,14.4,$0.23B,$0.09B,2.54,$0.45B,$0.00B,0.0,$0.18B,$0.12B,66.48%,$0.18B,$0.07B,38.55%,$0.18B,$0.07B,38.55%,$0.18B,$0.08B,44.13%,$0.18B,$0.06B,31.28%,$0.18B,$0.05B,29.05%,$0.05B,$0.71B,8.74%,$0.05B,$0.71B,8.74%,$0.05B,$1.26B,4.56%,$0.07B,$1.16B,6.50%,$37,$17,$20,$0,$3,$31,$6,$-4,$2,$0,$2,$2,$1,$6,$6,$83,83,$0.01,$0.01,$205,$0,$25,$230,$954,$0,$0,$9,$1027,$1257,$91,$451,$2,$454,$544,$0,$0,$0,$713,$1257,$0,$0,$0,$0,$0,$0,$0,$0,$0,$0,$0,$0,$0,$0,$0,$0,$0,$0,$0,$0,$0,$0,$0,$0,$0,$0,$0,$0,$0
18,2014-03-31,9.2,$7.00,1.32,$2.35,3.92,$-0.59,0.0,$0.97,9.49,$0.13B,$0.09B,1.42,$0.46B,$0.00B,0.0,$0.18B,$0.13B,70.49%,$0.18B,$0.09B,48.09%,$0.18B,$0.09B,48.09%,$0.18B,$0.10B,53.55%,$0.18B,$0.08B,43.17%,$0.18B,$0.08B,40.98%,$0.08B,$0.58B,13.86%,$0.08B,$0.58B,13.86%,$0.08B,$1.14B,6.87%,$0.09B,$1.04B,8.60%,$41,$17,$24,$0,$3,$27,$14,$-3,$11,$0,$11,$11,$10,$14,$14,$83,83,$0.13,$0.13,$110,$0,$22,$132,$964,$0,$0,$8,$1006,$1138,$93,$459,$2,$461,$554,$0,$0,$0,$584,$1138,$0,$0,$0,$0,$0,$0,$0,$0,$0,$0,$0,$0,$0,$0,$0,$0,$0,$0,$0,$0,$0,$0,$0,$0,$0,$0,$0,$0,$0
19,2013-12-31,10.0,$6.93,1.44,$2.43,4.12,$-0.59,0.0,$1.05,9.52,$0.17B,$0.06B,3.02,$0.47B,$0.58B,0.82,$0.19B,$0.14B,72.58%,$0.19B,$0.09B,50.00%,$0.19B,$0.09B,50.00%,$0.19B,$0.10B,55.38%,$0.19B,$0.08B,45.16%,$0.19B,$0.08B,43.55%,$0.08B,$0.58B,16.05%,$0.08B,$0.58B,16.05%,$0.08B,$1.11B,7.60%,$0.09B,$1.05B,9.27%,$59,$12,$47,$0,$3,$25,$34,$-3,$31,$0,$31,$31,$30,$44,$34,$77,77,$0.38,$0.38,$121,$13,$0,$173,$855,$1,$0,$1,$939,$1112,$57,$473,$3,$477,$534,$0,$341,$0,$578,$1112,$83,$39,$-6,$32,$1,$-7,$1,$-8,$-15,$101,$-119,$0,$0,$0,$0,$0,$19,$-100,$-107,$0,$-107,$48,$88,$-18,$-1,$-38,$-38,$0,$-18
20,2013-09-30,6.49,$6.59,0.98,$2.27,2.86,$-0.77,0.0,$1.09,5.95,$0.08B,$0.06B,1.39,$0.49B,$0.51B,0.96,$0.17B,$0.12B,71.10%,$0.17B,$0.09B,54.34%,$0.17B,$0.09B,54.34%,$0.17B,$0.10B,59.54%,$0.17B,$0.09B,49.13%,$0.17B,$0.08B,47.98%,$0.08B,$0.51B,17.78%,$0.08B,$0.51B,17.78%,$0.08B,$1.06B,7.84%,$0.09B,$0.99B,9.43%,$42,$14,$28,$0,$3,$26,$15,$-4,$12,$0,$12,$12,$11,$15,$15,$77,77,$0.14,$0.14,$30,$8,$0,$81,$865,$51,$0,$4,$976,$1056,$58,$485,$8,$493,$551,$0,$316,$0,$505,$1056,$52,$29,$-5,$23,$-2,$-2,$3,$-5,$-10,$66,$-93,$0,$0,$0,$0,$0,$14,$-79,$-96,$0,$-96,$0,$39,$-12,$0,$-68,$-82,$0,$-12
21,2013-06-30,5.04,$6.49,0.78,$2.33,2.16,$-0.92,0.0,$1.22,4.13,$0.12B,$0.04B,2.8,$0.51B,$0.00B,0.0,$0.18B,$0.13B,73.60%,$0.18B,$0.11B,58.99%,$0.18B,$0.11B,58.99%,$0.18B,$0.14B,77.53%,$0.18B,$0.09B,52.81%,$0.18B,$0.09B,52.25%,$0.09B,$0.50B,21.15%,$0.09B,$0.50B,21.15%,$0.09B,$1.06B,8.77%,$0.11B,$1.01B,10.53%,$41,$12,$30,$0,$3,$17,$25,$-0,$25,$0,$25,$25,$24,$25,$25,$77,77,$0.32,$0.32,$66,$0,$52,$118,$825,$50,$0,$11,$943,$1061,$42,$511,$10,$521,$563,$0,$0,$0,$498,$1061,$0,$0,$0,$0,$0,$0,$0,$0,$0,$0,$0,$0,$0,$0,$0,$0,$0,$0,$0,$0,$0,$0,$0,$0,$0,$0,$0,$0,$0
22,2013-03-31,4.65,$5.71,0.81,$2.41,1.93,$-0.92,0.0,$1.18,3.94,$0.10B,$0.05B,1.82,$0.53B,$0.44B,1.21,$0.18B,$0.14B,74.46%,$0.18B,$0.11B,57.61%,$0.18B,$0.11B,57.61%,$0.18B,$0.14B,75.54%,$0.18B,$0.09B,49.46%,$0.18B,$0.09B,49.46%,$0.09B,$0.44B,22.07%,$0.09B,$0.44B,22.07%,$0.09B,$1.04B,8.87%,$0.11B,$0.97B,11.08%,$44,$14,$30,$0,$3,$25,$19,$-3,$16,$0,$16,$16,$16,$19,$19,$77,77,$0.21,$0.21,$50,$0,$48,$98,$834,$50,$0,$10,$937,$1035,$54,$528,$15,$543,$596,$438,$0,$0,$438,$1035,$0,$0,$0,$0,$0,$0,$0,$0,$0,$0,$0,$0,$0,$0,$0,$0,$0,$0,$0,$0,$0,$0,$0,$0,$0,$0,$0,$0,$0
23,2012-12-31,3.11,$5.56,0.56,$2.44,1.27,$-0.92,0.0,$1.27,2.45,$0.17B,$0.05B,3.62,$0.60B,$0.43B,1.4,$0.18B,$0.14B,77.17%,$0.18B,$0.11B,60.87%,$0.18B,$0.11B,60.87%,$0.18B,$0.15B,78.80%,$0.18B,$0.10B,52.72%,$0.18B,$0.10B,52.72%,$0.10B,$0.43B,24.42%,$0.10B,$0.43B,24.42%,$0.10B,$1.08B,9.76%,$0.11B,$1.02B,12.11%,$46,$11,$35,$0,$-9,$11,$35,$-3,$32,$0,$32,$32,$32,$44,$35,$77,77,$0.42,$0.42,$126,$6,$1,$172,$810,$50,$0,$4,$910,$1082,$47,$596,$12,$609,$656,$0,$276,$0,$426,$1082,$96,$33,$-3,$33,$0,$-3,$2,$-21,$-22,$105,$-137,$0,$0,$0,$0,$0,$-21,$-158,$131,$0,$131,$36,$35,$-37,$-1,$128,$75,$0,$-37
24,2012-09-30,5.3,$0.00,0.0,$2.44,2.17,$-1.27,0.0,$1.18,4.49,$0.13B,$0.06B,2.38,$0.59B,$0.00B,0.0,$0.18B,$0.14B,78.45%,$0.18B,$0.10B,56.91%,$0.18B,$0.10B,56.91%,$0.18B,$0.15B,83.43%,$0.18B,$0.09B,49.17%,$0.18B,$0.09B,49.17%,$0.09B,$0.40B,23.81%,$0.09B,$0.40B,23.81%,$0.09B,$1.06B,9.44%,$0.10B,$0.99B,11.86%,$47,$11,$36,$0,$2,$21,$26,$-5,$21,$0,$21,$21,$21,$50,$26,$77,77,$0.27,$0.27,$122,$0,$12,$134,$0,$50,$0,$74,$124,$1062,$56,$593,$15,$608,$664,$0,$0,$0,$397,$1062,$64,$24,$-1,$24,$1,$-2,$3,$-16,$-16,$72,$-111,$0,$0,$0,$0,$0,$-1,$-111,$133,$0,$133,$35,$35,$-34,$-1,$133,$93,$0,$-34
25,2012-06-30,5.5,$0.00,0.0,$2.43,2.26,$-0.76,0.0,$1.19,4.62,$0.02B,$0.06B,0.36,$0.46B,$0.00B,0.0,$0.18B,$0.14B,80.23%,$0.18B,$0.11B,59.32%,$0.18B,$0.11B,59.32%,$0.18B,$0.13B,72.88%,$0.18B,$0.09B,49.72%,$0.18B,$0.09B,49.72%,$0.09B,$0.39B,24.84%,$0.09B,$0.39B,24.84%,$0.09B,$0.92B,9.95%,$0.11B,$0.85B,13.00%,$47,$11,$36,$0,$2,$21,$26,$-4,$22,$0,$22,$22,$22,$26,$26,$77,77,$0.28,$0.28,$8,$0,$13,$21,$0,$50,$0,$90,$140,$923,$57,$461,$17,$477,$535,$0,$0,$0,$388,$923,$0,$0,$0,$0,$0,$0,$0,$0,$0,$0,$0,$0,$0,$0,$0,$0,$0,$0,$0,$0,$0,$0,$0,$0,$0,$0,$0,$0,$0
26,2012-03-31,5.82,$0.00,0.0,$2.41,2.42,$-0.76,0.0,$1.18,4.93,$0.03B,$0.05B,0.57,$0.46B,$0.00B,0.0,$0.17B,$0.14B,81.87%,$0.17B,$0.11B,61.40%,$0.17B,$0.11B,61.40%,$0.17B,$0.13B,75.44%,$0.17B,$0.09B,49.71%,$0.17B,$0.09B,49.71%,$0.09B,$0.38B,25.39%,$0.09B,$0.38B,25.39%,$0.09B,$0.91B,9.96%,$0.11B,$0.84B,13.55%,$44,$9,$35,$0,$2,$19,$25,$-3,$22,$0,$22,$22,$22,$25,$25,$72,72,$0.30,$0.30,$19,$0,$11,$30,$0,$50,$0,$11,$61,$909,$52,$458,$21,$479,$531,$0,$0,$0,$378,$909,$0,$0,$0,$0,$0,$0,$0,$0,$0,$0,$0,$0,$0,$0,$0,$0,$0,$0,$0,$0,$0,$0,$0,$0,$0,$0,$0,$0,$0
27,2011-12-31,5.12,$4.68,1.09,$2.43,2.1,$-0.76,0.0,$1.29,3.97,$0.04B,$0.05B,0.73,$0.47B,$0.33B,1.4,$0.17B,$0.14B,83.43%,$0.17B,$0.11B,64.50%,$0.17B,$0.11B,64.50%,$0.17B,$0.13B,78.70%,$0.17B,$0.09B,53.25%,$0.17B,$0.09B,53.25%,$0.09B,$0.33B,29.44%,$0.09B,$0.33B,29.44%,$0.09B,$0.88B,10.86%,$0.11B,$0.80B,14.62%,$43,$8,$35,$0,$2,$17,$26,$-3,$24,$0,$24,$24,$24,$50,$26,$71,71,$0.33,$0.33,$28,$3,$2,$38,$655,$172,$0,$5,$184,$877,$52,$466,$28,$494,$545,$0,$217,$0,$332,$877,$90,$24,$0,$24,$-4,$-1,$-1,$-2,$-7,$107,$-161,$0,$0,$35,$0,$35,$0,$-126,$-10,$0,$-10,$40,$40,$-42,$-6,$-19,$-37,$0,$-42
28,2011-09-30,5.17,$0.00,0.0,$2.46,2.11,$-0.64,0.0,$1.43,3.62,$0.04B,$0.05B,0.78,$0.43B,$0.00B,0.0,$0.17B,$0.14B,84.43%,$0.17B,$0.13B,75.45%,$0.17B,$0.13B,75.45%,$0.17B,$0.15B,87.43%,$0.17B,$0.10B,58.08%,$0.17B,$0.10B,58.08%,$0.10B,$0.32B,34.19%,$0.10B,$0.32B,34.19%,$0.10B,$0.83B,11.97%,$0.13B,$0.75B,17.41%,$43,$7,$36,$0,$2,$15,$28,$-8,$20,$0,$20,$20,$20,$28,$28,$71,71,$0.28,$0.28,$28,$0,$9,$38,$0,$50,$0,$160,$210,$829,$48,$430,$32,$462,$510,$0,$0,$0,$319,$829,$0,$0,$0,$0,$0,$0,$0,$0,$0,$0,$0,$0,$0,$0,$0,$0,$0,$0,$0,$0,$0,$0,$0,$0,$0,$0,$0,$0,$0
29,2011-06-30,6.23,$0.00,0.0,$2.48,2.51,$-0.64,0.0,$1.48,4.21,$0.03B,$0.05B,0.62,$0.41B,$0.00B,0.0,$0.17B,$0.14B,84.85%,$0.17B,$0.13B,75.76%,$0.17B,$0.13B,75.76%,$0.17B,$0.15B,87.88%,$0.17B,$0.10B,60.00%,$0.17B,$0.10B,60.00%,$0.10B,$0.31B,38.11%,$0.10B,$0.31B,38.11%,$0.10B,$0.80B,12.38%,$0.13B,$0.72B,17.59%,$41,$7,$34,$0,$2,$15,$26,$-7,$19,$0,$19,$19,$19,$26,$26,$70,70,$0.27,$0.27,$26,$0,$6,$32,$0,$50,$0,$188,$238,$800,$51,$407,$32,$439,$490,$0,$0,$0,$310,$800,$0,$0,$0,$0,$0,$0,$0,$0,$0,$0,$0,$0,$0,$0,$0,$0,$0,$0,$0,$0,$0,$0,$0,$0,$0,$0,$0,$0,$0
30,2011-03-31,7.26,$0.00,0.0,$2.50,2.9,$-0.64,0.0,$1.58,4.6,$0.05B,$0.05B,1.0,$0.46B,$0.00B,0.0,$0.17B,$0.14B,84.85%,$0.17B,$0.13B,76.97%,$0.17B,$0.13B,76.97%,$0.17B,$0.15B,89.09%,$0.17B,$0.10B,63.03%,$0.17B,$0.10B,63.03%,$0.10B,$0.26B,44.26%,$0.10B,$0.26B,44.26%,$0.10B,$0.81B,13.24%,$0.13B,$0.72B,18.29%,$42,$6,$36,$0,$2,$13,$29,$-2,$27,$0,$27,$27,$27,$29,$29,$66,66,$0.41,$0.41,$48,$0,$5,$53,$0,$50,$0,$11,$61,$808,$53,$458,$36,$493,$547,$0,$0,$0,$262,$808,$0,$0,$0,$0,$0,$0,$0,$0,$0,$0,$0,$0,$0,$0,$0,$0,$0,$0,$0,$0,$0,$0,$0,$0,$0,$0,$0,$0,$0
31,2010-12-31,6.99,$3.71,1.89,$2.48,2.82,$-0.64,0.0,$1.75,3.99,$0.10B,$0.05B,1.97,$0.47B,$0.24B,1.91,$0.16B,$0.13B,84.71%,$0.16B,$0.12B,77.71%,$0.16B,$0.12B,77.71%,$0.16B,$0.14B,90.45%,$0.16B,$0.11B,69.43%,$0.16B,$0.11B,69.43%,$0.11B,$0.24B,49.89%,$0.11B,$0.24B,49.89%,$0.11B,$0.81B,14.23%,$0.12B,$0.71B,18.06%,$41,$6,$35,$0,$-14,$-2,$43,$-12,$31,$0,$31,$31,$31,$63,$43,$66,66,$0.47,$0.47,$100,$1,$1,$104,$541,$153,$0,$5,$160,$805,$53,$467,$41,$508,$561,$0,$169,$0,$244,$805,$110,$20,$-20,$20,$1,$-0,$-1,$10,$8,$118,$-160,$0,$0,$23,$0,$23,$6,$-132,$24,$0,$24,$75,$75,$-38,$-1,$60,$47,$0,$-38
32,2010-09-30,6.12,$0.00,0.0,$2.53,2.43,$1.46,4.18,$1.70,3.6,$0.14B,$0.04B,3.3,$0.47B,$0.00B,0.0,$0.15B,$0.13B,84.31%,$0.15B,$0.12B,76.47%,$0.15B,$0.12B,76.47%,$0.15B,$0.13B,85.62%,$0.15B,$0.10B,66.01%,$0.15B,$0.10B,66.01%,$0.10B,$0.22B,55.57%,$0.10B,$0.22B,55.57%,$0.10B,$0.79B,13.99%,$0.12B,$0.70B,18.65%,$41,$6,$35,$0,$2,$13,$27,$-5,$22,$0,$22,$22,$22,$27,$27,$66,66,$0.33,$0.33,$137,$0,$4,$141,$0,$50,$0,$6,$56,$787,$43,$472,$50,$522,$565,$0,$0,$0,$223,$787,$0,$0,$0,$0,$0,$0,$0,$0,$0,$0,$0,$0,$0,$0,$0,$0,$0,$0,$0,$0,$0,$0,$0,$0,$0,$0,$0,$0,$0
33,2010-06-30,5.34,$0.00,0.0,$2.58,2.07,$1.46,3.64,$1.78,3.0,$0.10B,$0.04B,2.39,$0.44B,$0.00B,0.0,$0.15B,$0.13B,84.56%,$0.15B,$0.12B,77.85%,$0.15B,$0.12B,77.85%,$0.15B,$0.13B,87.25%,$0.15B,$0.10B,67.79%,$0.15B,$0.10B,67.79%,$0.10B,$0.21B,68.94%,$0.10B,$0.21B,68.94%,$0.10B,$0.74B,14.91%,$0.12B,$0.65B,20.02%,$41,$6,$34,$0,$2,$13,$28,$-3,$24,$0,$24,$24,$24,$28,$28,$66,66,$0.37,$0.37,$93,$0,$4,$97,$0,$50,$0,$6,$56,$742,$41,$442,$48,$490,$531,$0,$0,$0,$211,$742,$0,$0,$0,$0,$0,$0,$0,$0,$0,$0,$0,$0,$0,$0,$0,$0,$0,$0,$0,$0,$0,$0,$0,$0,$0,$0,$0,$0,$0
34,2010-03-31,5.82,$0.00,0.0,$2.78,2.1,$2.68,2.17,$2.48,2.35,$0.16B,$0.04B,3.87,$0.45B,$0.00B,0.0,$0.15B,$0.13B,86.84%,$0.15B,$0.17B,108.55%,$0.15B,$0.17B,108.55%,$0.15B,$0.18B,117.76%,$0.15B,$0.14B,88.82%,$0.15B,$0.14B,88.82%,$0.14B,$0.20B,121.90%,$0.14B,$0.20B,121.90%,$0.14B,$0.73B,21.02%,$0.17B,$0.64B,30.54%,$34,$5,$29,$0,$2,$10,$24,$8,$32,$0,$32,$32,$32,$24,$24,$55,55,$0.58,$0.58,$153,$0,$6,$159,$0,$50,$0,$6,$56,$729,$41,$447,$45,$492,$533,$0,$0,$0,$196,$729,$0,$0,$0,$0,$0,$0,$0,$0,$0,$0,$0,$0,$0,$0,$0,$0,$0,$0,$0,$0,$0,$0,$0,$0,$0,$0,$0,$0,$0
35,2009-12-31,6.4,$1.78,3.59,$3.02,2.12,$2.68,2.39,$3.04,2.11,$0.11B,$0.07B,1.61,$0.42B,$0.10B,4.33,$0.17B,$0.15B,87.88%,$0.17B,$0.18B,107.88%,$0.17B,$0.18B,107.88%,$0.17B,$0.19B,116.36%,$0.17B,$0.17B,100.00%,$0.17B,$0.17B,100.00%,$0.17B,$0.10B,249.06%,$0.17B,$0.10B,249.06%,$0.17B,$0.63B,27.39%,$0.18B,$0.52B,35.91%,$37,$5,$31,$0,$-10,$-1,$38,$-15,$23,$0,$23,$23,$23,$52,$38,$55,55,$0.42,$0.42,$83,$1,$20,$106,$374,$144,$0,$5,$149,$629,$66,$421,$45,$466,$532,$0,$97,$0,$97,$629,$165,$14,$16,$14,$-1,$-0,$1,$15,$16,$211,$-131,$0,$0,$-37,$-50,$-87,$26,$-192,$4,$0,$4,$0,$0,$-33,$-0,$-29,$-9,$0,$-33
36,2009-09-30,5.84,$0.00,0.0,$2.35,2.49,$1.21,4.81,$2.62,2.23,$0.15B,$0.06B,2.43,$0.42B,$0.00B,0.0,$0.13B,$0.11B,89.06%,$0.13B,$0.14B,109.38%,$0.13B,$0.14B,109.38%,$0.13B,$0.14B,109.38%,$0.13B,$0.14B,110.94%,$0.13B,$0.14B,110.94%,$0.14B,$0.08B,430.30%,$0.14B,$0.08B,430.30%,$0.14B,$0.61B,25.10%,$0.14B,$0.50B,30.39%,$37,$5,$32,$0,$2,$10,$26,$-4,$22,$0,$22,$22,$22,$26,$26,$55,55,$0.41,$0.41,$128,$0,$23,$151,$0,$0,$0,$6,$6,$609,$62,$422,$43,$465,$527,$0,$0,$0,$82,$609,$0,$0,$0,$0,$0,$0,$0,$0,$0,$0,$0,$0,$0,$0,$0,$0,$0,$0,$0,$0,$0,$0,$0,$0,$0,$0,$0,$0,$0
37,2009-06-30,4.63,$0.00,0.0,$2.65,1.75,$1.21,3.82,$2.93,1.58,$0.21B,$0.07B,2.89,$0.43B,$0.00B,0.0,$0.14B,$0.13B,91.67%,$0.14B,$0.16B,110.42%,$0.14B,$0.16B,110.42%,$0.14B,$0.16B,110.42%,$0.14B,$0.16B,110.42%,$0.14B,$0.16B,110.42%,$0.16B,$0.07B,2271.43%,$0.16B,$0.07B,2271.43%,$0.16B,$0.60B,30.47%,$0.16B,$0.50B,36.89%,$44,$5,$40,$0,$-40,$-32,$77,$-18,$58,$0,$58,$58,$58,$77,$77,$55,55,$1.07,$1.07,$150,$17,$4,$211,$0,$0,$0,$7,$7,$602,$73,$427,$34,$461,$534,$0,$0,$0,$68,$602,$0,$0,$0,$0,$0,$0,$0,$0,$0,$107,$-41,$0,$0,$0,$0,$8,$-94,$-127,$0,$0,$0,$0,$0,$-16,$-0,$2,$-18,$0,$0
38,2009-03-31,2.19,$0.00,0.0,$2.78,0.79,0,0.0,$2.68,0.82,$0.15B,$0.07B,2.22,$0.45B,$0.00B,0.0,$0.15B,$0.14B,92.05%,$0.15B,$0.12B,80.13%,$0.15B,$0.12B,80.13%,$0.15B,$0.12B,80.13%,$0.15B,$0.15B,96.03%,$0.15B,$0.15B,96.03%,$0.15B,$0.02B,-623.66%,$0.15B,$0.02B,-623.66%,$0.15B,$0.57B,31.08%,$0.12B,$0.47B,41.19%,$47,$5,$42,$0,$2,$10,$37,$25,$62,$0,$62,$62,$62,$37,$37,$55,55,$1.14,$1.14,$146,$0,$5,$151,$0,$0,$0,$7,$7,$570,$68,$447,$37,$484,$552,$0,$0,$0,$18,$570,$0,$0,$0,$0,$0,$0,$0,$0,$0,$0,$0,$0,$0,$0,$0,$0,$0,$0,$0,$0,$0,$0,$0,$0,$0,$0,$0,$0,$0
