,Date,Stock Price,Book Value per Share,Price to Book Ratio,TTM Sales per Share,Price to Sales Ratio,TTM FCF per Share,Price to FCF Ratio,TTM Net EPS,PE Ratio,Current Assets,Current Liabilities,Current Ratio,Long Term Debt,Shareholder's Equity_x,Debt to Equity Ratio,TTM Revenue_x,TTM Gross Profit,Gross Margin,TTM Revenue_y,TTM Operating Income,Operating Margin,TTM Revenue_x,TTM EBIT,EBIT Margin,TTM Revenue_y,TTM EBITDA,EBITDA Margin,TTM Revenue_x,TTM Pre-Tax Income,Pre-Tax Margin,TTM Revenue_y,TTM Net Income_x,Net Margin,TTM Net Income_y,Shareholder's Equity_y,Return on Equity,TTM Net Income_x,Tangible Equity,Return on Tangible Equity,TTM Net Income_y,Total Assets,Return on Assets,TTM Net Income,LT Investments & Debt,Return on Investment,revenue,cost-goods-sold,gross-profit,research-development-expenses,selling-general-administrative-expenses,operating-expenses,operating-income,total-non-operating-income-expense,pre-tax-income,total-provision-income-taxes,income-after-taxes,income-from-continuous-operations,net-income,ebitda,ebit,basic-shares-outstanding,shares-outstanding,eps-basic-net-earnings-per-share,eps-earnings-per-share-diluted,cash-on-hand,inventory,other-current-assets,total-current-assets,net-property-plant-equipment,long-term-investments,goodwill-intangible-assets-total,other-long-term-assets,total-long-term-assets,total-assets,total-current-liabilities,long-term-debt,other-non-current-liabilities,total-long-term-liabilities,total-liabilities,common-stock-net,retained-earnings-accumulated-deficit,comprehensive-income,total-share-holder-equity,total-liabilities-share-holders-equity,net-income-loss,total-depreciation-amortization-cash-flow,other-non-cash-items,total-non-cash-items,change-in-accounts-receivable,change-in-inventories,change-in-accounts-payable,change-in-assets-liabilities,total-change-in-assets-liabilities,cash-flow-from-operating-activities,net-change-in-property-plant-equipment,net-change-in-intangible-assets,net-acquisitions-divestitures,net-change-in-short-term-investments,net-change-in-long-term-investments,net-change-in-investments-total,investing-activities-other,cash-flow-from-investing-activities,net-long-term-debt,net-current-debt,debt-issuance-retirement-net-total,net-common-equity-issued-repurchased,net-total-equity-issued-repurchased,total-common-preferred-stock-dividends-paid,financial-activities-other,cash-flow-from-financial-activities,net-cash-flow,stock-based-compensation,common-stock-dividends-paid
0,2018-09-30,160.63,$-27.53,-5.83,$15.53,10.35,$14.36,11.18,$-0.03,0.0,$0.33B,$0.27B,1.23,$9.71B,$-3.15B,-3.09,$1.82B,$1.36B,74.78%,$1.82B,$0.51B,28.13%,$1.82B,$0.51B,28.13%,$1.82B,$1.20B,65.73%,$1.82B,$-0.01B,-0.60%,$1.82B,$-0.00B,-0.05%,$-0.00B,$-3.15B,0.04%,$-0.00B,$-6.53B,0.02%,$-0.00B,$7.21B,-0.01%,$0.51B,$6.57B,7.70%,$467,$117,$350,$0,$35,$329,$138,$-124,$14,$-2,$16,$16,$16,$317,$138,$115,116,$0.14,$0.14,$161,$0,$18,$328,$2788,$0,$3388,$710,$6886,$7214,$266,$9710,$383,$10093,$10359,$1,$-4852,$-529,$-3145,$7214,$-10,$540,$133,$674,$0,$0,$0,$-22,$-40,$624,$-105,$0,$-404,$96,$-100,$-4,$-8,$-520,$393,$0,$393,$-454,$-454,$0,$30,$-31,$59,$32,$0
1,2018-06-30,165.12,$-26.49,-6.23,$15.09,10.94,$13.90,11.88,$0.24,688.0,$0.33B,$0.28B,1.18,$9.68B,$-3.04B,-3.18,$1.79B,$1.34B,74.60%,$1.79B,$0.49B,27.47%,$1.79B,$0.49B,27.47%,$1.79B,$1.17B,65.55%,$1.79B,$0.03B,1.56%,$1.79B,$0.03B,1.79%,$0.03B,$-3.04B,-1.22%,$0.03B,$-6.50B,-0.52%,$0.03B,$7.29B,0.44%,$0.49B,$6.63B,7.56%,$456,$114,$342,$0,$36,$330,$126,$-202,$-76,$-18,$-57,$-57,$-57,$308,$126,$115,115,$-0.50,$-0.50,$159,$0,$14,$327,$2778,$0,$3460,$724,$6963,$7289,$278,$9676,$378,$10054,$10332,$1,$-4760,$-501,$-3042,$7289,$-26,$361,$102,$463,$0,$0,$0,$-5,$-12,$425,$-69,$0,$-285,$0,$0,$0,$-16,$-370,$364,$0,$364,$-346,$-346,$0,$8,$27,$72,$22,$0
2,2018-03-31,170.92,$-22.22,-7.69,$14.61,11.7,$13.54,12.63,$0.82,208.44,$0.30B,$0.25B,1.21,$9.36B,$-2.59B,-3.62,$1.76B,$1.31B,74.46%,$1.76B,$0.48B,27.30%,$1.76B,$0.48B,27.30%,$1.76B,$1.15B,65.38%,$1.76B,$0.12B,6.64%,$1.76B,$0.10B,5.56%,$0.10B,$-2.59B,-4.16%,$0.10B,$-6.19B,-1.65%,$0.10B,$7.41B,1.34%,$0.48B,$6.78B,7.60%,$458,$115,$343,$0,$36,$328,$130,$-90,$40,$9,$32,$32,$32,$309,$130,$116,118,$0.27,$0.27,$138,$0,$13,$303,$2803,$0,$3601,$698,$7102,$7405,$251,$9364,$379,$9742,$9993,$1,$-4395,$-379,$-2588,$7405,$32,$179,$10,$189,$-5,$0,$0,$-8,$-42,$179,$-31,$0,$-118,$0,$0,$0,$-3,$-152,$-760,$195,$-565,$593,$593,$0,$6,$34,$61,$10,$0
3,2017-12-31,163.36,$-22.32,-7.32,$14.21,11.49,$13.41,12.18,$0.86,189.95,$0.26B,$0.28B,0.93,$9.29B,$-2.60B,-3.58,$1.73B,$1.28B,74.17%,$1.73B,$0.46B,26.58%,$1.73B,$0.46B,26.58%,$1.73B,$1.12B,65.08%,$1.73B,$0.12B,6.83%,$1.73B,$0.10B,6.02%,$0.10B,$-2.60B,-4.75%,$0.10B,$-6.20B,-1.80%,$0.10B,$7.32B,1.42%,$0.46B,$6.69B,7.27%,$443,$115,$329,$0,$31,$324,$119,$-108,$11,$3,$8,$8,$8,$265,$119,$120,121,$0.06,$0.06,$102,$0,$17,$260,$2812,$0,$3598,$650,$7061,$7320,$279,$9291,$350,$9640,$9919,$1,$-4388,$-379,$-2599,$7320,$104,$665,$79,$744,$0,$0,$0,$-33,$-30,$818,$-147,$0,$-442,$0,$0,$0,$-17,$-605,$511,$0,$511,$-855,$-855,$0,$49,$-295,$-82,$38,$0
4,2017-09-30,144.05,$-19.06,-7.56,$13.88,10.38,$12.68,11.36,$0.84,171.49,$0.32B,$1.02B,0.32,$8.19B,$-2.26B,-3.63,$1.70B,$1.26B,74.19%,$1.70B,$0.45B,26.28%,$1.70B,$0.45B,26.28%,$1.70B,$1.13B,66.43%,$1.70B,$0.12B,6.94%,$1.70B,$0.10B,5.94%,$0.10B,$-2.26B,-4.95%,$0.10B,$-5.81B,-1.79%,$0.10B,$7.30B,1.38%,$0.45B,$5.93B,7.23%,$434,$111,$322,$0,$33,$317,$117,$-64,$53,$3,$49,$49,$49,$292,$117,$120,121,$0.41,$0.41,$170,$0,$13,$324,$2777,$0,$3551,$648,$6976,$7300,$1023,$8186,$350,$8536,$9558,$1,$-4065,$-342,$-2258,$7300,$96,$519,$18,$538,$0,$0,$0,$-22,$-42,$591,$-106,$0,$-161,$0,$-0,$-0,$-23,$-291,$165,$0,$165,$-523,$-523,$0,$41,$-318,$-14,$29,$0
5,2017-06-30,134.9,$-16.41,-8.22,$13.60,9.92,$12.06,11.18,$0.31,435.16,$0.34B,$1.05B,0.32,$7.91B,$-1.99B,-3.98,$1.68B,$1.25B,74.26%,$1.68B,$0.44B,26.10%,$1.68B,$0.44B,26.10%,$1.68B,$1.09B,65.20%,$1.68B,$0.05B,3.04%,$1.68B,$0.04B,2.21%,$0.04B,$-1.99B,-1.96%,$0.04B,$-5.56B,-0.67%,$0.04B,$7.31B,0.50%,$0.44B,$5.92B,6.83%,$427,$109,$318,$0,$33,$313,$115,$-102,$13,$3,$9,$9,$9,$286,$115,$121,122,$0.08,$0.08,$195,$0,$12,$336,$2774,$0,$3569,$629,$6972,$7309,$1046,$7906,$342,$8248,$9295,$1,$-3735,$-379,$-1986,$7309,$47,$344,$28,$372,$0,$0,$0,$-12,$-14,$404,$-69,$0,$-82,$0,$0,$0,$-17,$-169,$-110,$0,$-110,$-144,$-144,$0,$30,$-224,$11,$19,$0
6,2017-03-31,120.37,$-15.81,-7.62,$13.33,9.03,$11.59,10.39,$0.49,245.65,$0.30B,$0.23B,1.32,$8.65B,$-1.92B,-4.51,$1.66B,$1.23B,74.05%,$1.66B,$0.40B,23.96%,$1.66B,$0.40B,23.96%,$1.66B,$1.06B,64.03%,$1.66B,$0.07B,4.41%,$1.66B,$0.06B,3.68%,$0.06B,$-1.92B,-3.39%,$0.06B,$-5.52B,-1.11%,$0.06B,$7.30B,0.81%,$0.40B,$6.73B,6.10%,$423,$111,$312,$0,$34,$316,$108,$-67,$41,$3,$38,$38,$38,$281,$108,$121,122,$0.31,$0.31,$163,$0,$13,$301,$2786,$0,$3606,$605,$6996,$7297,$229,$8646,$339,$8985,$9214,$1,$-3604,$-343,$-1916,$7297,$38,$173,$-4,$168,$1,$0,$0,$-6,$-34,$172,$-36,$0,$-43,$0,$0,$0,$-6,$-84,$-5,$-110,$-115,$-4,$-4,$0,$7,$-112,$-20,$9,$0
7,2016-12-31,103.26,$-16.49,-6.26,$13.02,7.93,$11.33,9.12,$0.61,169.28,$0.33B,$0.87B,0.37,$8.15B,$-2.00B,-4.08,$1.63B,$1.21B,74.17%,$1.63B,$0.39B,23.68%,$1.63B,$0.39B,23.68%,$1.63B,$1.05B,64.08%,$1.63B,$0.09B,5.39%,$1.63B,$0.08B,4.71%,$0.08B,$-2.00B,-4.46%,$0.08B,$-5.65B,-1.41%,$0.08B,$7.36B,1.02%,$0.39B,$6.15B,5.92%,$417,$106,$310,$0,$33,$309,$107,$-97,$11,$5,$5,$5,$5,$271,$107,$124,125,$0.04,$0.04,$183,$0,$11,$325,$2792,$0,$3657,$587,$7036,$7361,$873,$8148,$335,$8483,$9357,$1,$-3637,$-370,$-1996,$7361,$76,$659,$43,$702,$0,$0,$0,$-25,$-36,$743,$-140,$0,$-277,$1,$0,$1,$-12,$-428,$249,$0,$249,$-546,$-546,$0,$8,$-289,$39,$33,$0
8,2016-09-30,112.16,$-13.43,-8.35,$12.88,8.71,$10.54,10.64,$0.81,138.47,$0.86B,$0.74B,1.16,$8.52B,$-1.67B,-5.1,$1.62B,$1.20B,73.83%,$1.62B,$0.36B,22.29%,$1.62B,$0.36B,22.29%,$1.62B,$1.03B,63.12%,$1.62B,$0.11B,6.77%,$1.62B,$0.10B,6.34%,$0.10B,$-1.67B,-6.23%,$0.10B,$-5.38B,-1.91%,$0.10B,$7.92B,1.37%,$0.36B,$6.85B,5.42%,$411,$105,$306,$0,$32,$303,$108,$-122,$-14,$2,$-15,$-15,$-15,$256,$108,$125,125,$-0.12,$-0.12,$718,$0,$12,$858,$2780,$0,$3711,$567,$7058,$7916,$739,$8515,$331,$8846,$9585,$1,$-3299,$-370,$-1669,$7916,$71,$496,$6,$502,$-4,$0,$-4,$-20,$-46,$527,$-104,$0,$-191,$0,$0,$0,$-4,$-300,$393,$150,$543,$-202,$-202,$0,$-7,$334,$574,$25,$0
9,2016-06-30,107.94,$-12.91,-8.36,$12.81,8.43,$10.07,10.72,$-0.30,0.0,$0.29B,$0.81B,0.36,$7.91B,$-1.61B,-4.92,$1.62B,$1.19B,73.40%,$1.62B,$0.30B,18.29%,$1.62B,$0.30B,18.29%,$1.62B,$0.97B,59.91%,$1.62B,$-0.03B,-1.85%,$1.62B,$-0.04B,-2.34%,$-0.04B,$-1.61B,2.29%,$-0.04B,$-5.40B,0.70%,$-0.04B,$7.44B,-0.51%,$0.30B,$6.31B,4.47%,$406,$107,$299,$0,$48,$331,$74,$-39,$35,$2,$33,$33,$33,$253,$74,$125,126,$0.26,$0.26,$160,$0,$12,$291,$2805,$0,$3789,$551,$7145,$7436,$805,$7914,$325,$8239,$9044,$1,$-3232,$-365,$-1608,$7436,$86,$348,$-59,$289,$0,$0,$0,$-15,$-21,$355,$-71,$0,$-149,$0,$0,$0,$-10,$-229,$0,$30,$30,$-150,$-150,$0,$-4,$-124,$16,$17,$0
10,2016-03-31,100.17,$-12.99,-7.71,$12.74,7.86,$9.79,10.23,$-0.34,0.0,$0.28B,$0.23B,1.21,$8.45B,$-1.63B,-5.18,$1.63B,$1.19B,73.17%,$1.63B,$0.32B,19.71%,$1.63B,$0.32B,19.71%,$1.63B,$0.99B,60.96%,$1.63B,$-0.03B,-2.09%,$1.63B,$-0.04B,-2.64%,$-0.04B,$-1.63B,2.79%,$-0.04B,$-5.40B,0.80%,$-0.04B,$7.37B,-0.58%,$0.32B,$6.82B,4.69%,$400,$103,$297,$0,$30,$302,$98,$-42,$56,$2,$54,$54,$54,$267,$98,$125,126,$0.43,$0.43,$129,$0,$13,$283,$2803,$0,$3764,$522,$7089,$7372,$233,$8452,$317,$8769,$9002,$1,$-3164,$-441,$-1631,$7372,$54,$169,$-37,$132,$0,$0,$0,$-18,$-41,$145,$-36,$0,$-92,$0,$0,$0,$-4,$-132,$15,$0,$15,$-50,$-50,$0,$2,$-33,$-15,$8,$0
11,2015-12-31,105.07,$-13.57,-7.74,$12.75,8.24,$9.79,10.74,$-1.38,0.0,$0.29B,$0.27B,1.08,$8.43B,$-1.71B,-4.94,$1.64B,$1.19B,72.85%,$1.64B,$0.31B,19.04%,$1.64B,$0.31B,19.04%,$1.64B,$0.99B,60.46%,$1.64B,$-0.17B,-10.13%,$1.64B,$-0.18B,-10.74%,$-0.18B,$-1.71B,12.63%,$-0.18B,$-5.44B,3.35%,$-0.18B,$7.31B,-2.35%,$0.31B,$6.73B,4.55%,$407,$109,$297,$0,$29,$325,$82,$-49,$33,$2,$31,$31,$31,$249,$82,$128,128,$0.25,$0.25,$144,$0,$17,$294,$2782,$0,$3735,$501,$7019,$7313,$273,$8432,$314,$8746,$9019,$1,$-3168,$-502,$-1706,$7313,$-176,$679,$255,$934,$0,$0,$0,$-43,$-36,$723,$-209,$0,$-610,$90,$0,$90,$-9,$-737,$664,$0,$664,$-601,$-601,$0,$13,$76,$49,$29,$0
12,2015-09-30,104.61,$-13.46,-7.77,$12.70,8.24,$9.35,11.18,$-1.62,0.0,$0.34B,$0.29B,1.16,$8.45B,$-1.70B,-4.98,$1.64B,$1.19B,72.69%,$1.64B,$0.33B,19.98%,$1.64B,$0.33B,19.98%,$1.64B,$1.02B,62.55%,$1.64B,$-0.20B,-11.91%,$1.64B,$-0.21B,-12.65%,$-0.21B,$-1.70B,18.28%,$-0.21B,$-5.44B,4.06%,$-0.21B,$7.40B,-2.71%,$0.33B,$6.75B,4.69%,$411,$112,$299,$0,$28,$368,$43,$-197,$-154,$2,$-156,$-156,$-156,$204,$43,$127,127,$-1.23,$-1.23,$121,$0,$26,$335,$2721,$0,$3737,$515,$7062,$7397,$288,$8447,$359,$8806,$9094,$1,$-3149,$-501,$-1698,$7397,$-207,$513,$268,$781,$0,$0,$0,$-36,$-39,$535,$-162,$0,$-409,$0,$0,$0,$4,$-567,$620,$0,$620,$-551,$-551,$0,$10,$79,$34,$22,$0
13,2015-06-30,114.97,$-8.84,-13.01,$12.52,9.18,$9.17,12.54,$-0.52,0.0,$0.34B,$0.31B,1.1,$8.22B,$-1.13B,-7.25,$1.62B,$1.17B,72.39%,$1.62B,$0.37B,23.04%,$1.62B,$0.37B,23.04%,$1.62B,$1.07B,66.28%,$1.62B,$-0.06B,-3.52%,$1.62B,$-0.07B,-4.20%,$-0.07B,$-1.13B,8.69%,$-0.07B,$-5.17B,1.42%,$-0.07B,$7.75B,-0.88%,$0.37B,$7.08B,5.46%,$411,$112,$299,$0,$28,$313,$98,$-68,$31,$2,$28,$28,$28,$273,$98,$129,130,$0.22,$0.22,$118,$0,$24,$344,$2787,$0,$4032,$494,$7407,$7752,$314,$8216,$355,$8571,$8885,$1,$-2743,$-330,$-1133,$7752,$-51,$351,$82,$433,$0,$0,$0,$-11,$-7,$376,$-118,$0,$-323,$0,$0,$0,$5,$-437,$-166,$405,$239,$-150,$-150,$0,$5,$94,$30,$15,$0
14,2015-03-31,117.1,$-8.01,-14.62,$12.33,9.49,$9.23,12.69,$-0.81,0.0,$0.33B,$0.29B,1.14,$7.93B,$-1.04B,-7.65,$1.59B,$1.15B,72.22%,$1.59B,$0.36B,22.50%,$1.59B,$0.36B,22.50%,$1.59B,$1.05B,65.93%,$1.59B,$-0.10B,-5.97%,$1.59B,$-0.11B,-6.60%,$-0.11B,$-1.04B,22.86%,$-0.11B,$-4.96B,2.35%,$-0.11B,$7.53B,-1.37%,$0.36B,$6.89B,5.47%,$410,$111,$299,$0,$30,$321,$89,$-165,$-76,$3,$-79,$-79,$-79,$265,$89,$129,129,$-0.61,$-0.61,$109,$0,$29,$325,$2702,$0,$3926,$481,$7202,$7527,$286,$7930,$348,$8278,$8564,$1,$-2621,$-357,$-1037,$7527,$-79,$176,$100,$276,$0,$0,$0,$-7,$-19,$178,$-68,$0,$-53,$0,$0,$0,$-0,$-122,$110,$-8,$103,$-135,$-135,$0,$1,$-32,$23,$7,$0
15,2014-12-31,110.76,$-5.12,-21.64,$11.66,9.5,$9.30,11.91,$-0.19,0.0,$0.33B,$0.33B,0.99,$7.83B,$-0.66B,-11.85,$1.53B,$1.10B,71.91%,$1.53B,$0.34B,22.00%,$1.53B,$0.34B,22.00%,$1.53B,$1.00B,65.49%,$1.53B,$-0.02B,-1.05%,$1.53B,$-0.03B,-1.64%,$-0.03B,$-0.66B,24.75%,$-0.03B,$-4.85B,0.60%,$-0.03B,$7.84B,-0.32%,$0.34B,$7.17B,5.16%,$405,$112,$293,$0,$27,$308,$97,$-92,$4,$4,$0,$0,$0,$282,$97,$129,129,$0.00,$0.00,$98,$0,$30,$327,$2762,$0,$4190,$467,$7514,$7841,$331,$7828,$343,$8171,$8502,$1,$-2542,$-182,$-661,$7841,$-24,$663,$25,$689,$0,$0,$0,$5,$10,$674,$-211,$0,$-1585,$21,$0,$21,$11,$-1764,$1900,$0,$1900,$-885,$-885,$0,$-20,$995,$-81,$23,$0
16,2014-09-30,110.9,$-2.31,-48.1,$11.14,9.95,$8.28,13.4,$-0.34,0.0,$0.67B,$1.35B,0.5,$6.47B,$-0.30B,-21.75,$1.46B,$1.04B,71.38%,$1.46B,$0.30B,20.45%,$1.46B,$0.30B,20.45%,$1.46B,$0.94B,64.45%,$1.46B,$-0.04B,-2.88%,$1.46B,$-0.04B,-3.02%,$-0.04B,$-0.30B,-28.66%,$-0.04B,$-4.21B,1.19%,$-0.04B,$7.81B,-0.59%,$0.30B,$6.17B,4.84%,$393,$112,$281,$0,$27,$304,$89,$-105,$-16,$1,$-17,$-17,$-17,$253,$89,$129,129,$-0.13,$-0.13,$502,$0,$29,$674,$2688,$0,$3911,$457,$7135,$7809,$1346,$6472,$289,$6760,$8107,$1,$-2543,$-94,$-298,$7809,$-25,$478,$59,$537,$-11,$0,$0,$-9,$-27,$485,$-131,$0,$-1049,$0,$0,$0,$16,$-1164,$1526,$85,$1611,$-603,$-603,$0,$-18,$990,$328,$17,$0
17,2014-06-30,102.3,$1.23,82.91,$10.52,9.72,$7.29,14.04,$-0.05,0.0,$0.31B,$1.34B,0.23,$5.78B,$0.16B,36.28,$1.40B,$0.99B,70.77%,$1.40B,$0.27B,19.56%,$1.40B,$0.27B,19.56%,$1.40B,$0.88B,63.04%,$1.40B,$-0.00B,-0.29%,$1.40B,$-0.01B,-0.36%,$-0.01B,$0.16B,-1.47%,$-0.01B,$-3.88B,0.15%,$-0.01B,$7.57B,-0.07%,$0.27B,$5.94B,4.45%,$383,$107,$276,$0,$25,$300,$83,$-91,$-7,$2,$-9,$-9,$-9,$249,$83,$129,129,$-0.07,$-0.07,$150,$0,$26,$314,$2691,$0,$4041,$443,$7251,$7565,$1340,$5779,$286,$6065,$7405,$1,$-2526,$34,$159,$7565,$-8,$314,$29,$343,$0,$0,$0,$-5,$0,$335,$-72,$0,$-967,$0,$0,$0,$13,$-1027,$952,$0,$952,$-276,$-276,$0,$-16,$659,$-14,$11,$0
18,2014-03-31,90.96,$3.08,29.57,$10.09,9.02,$6.49,14.03,$-0.26,0.0,$0.52B,$0.76B,0.68,$6.37B,$0.40B,16.07,$1.34B,$0.93B,69.78%,$1.34B,$0.24B,17.95%,$1.34B,$0.24B,17.95%,$1.34B,$0.83B,62.30%,$1.34B,$-0.03B,-2.32%,$1.34B,$-0.03B,-2.39%,$-0.03B,$0.40B,-7.82%,$-0.03B,$-3.69B,1.06%,$-0.03B,$7.79B,-0.46%,$0.24B,$6.76B,3.89%,$346,$97,$248,$0,$25,$278,$67,$-64,$3,$2,$1,$1,$1,$216,$67,$129,138,$0.01,$0.01,$363,$0,$22,$516,$2693,$0,$4081,$420,$7275,$7791,$757,$6366,$272,$6638,$7395,$1,$-2517,$-1,$396,$7791,$1,$149,$2,$151,$0,$0,$0,$13,$8,$160,$-32,$0,$-928,$0,$0,$0,$18,$-942,$975,$0,$975,$0,$0,$0,$-11,$964,$201,$5,$0
19,2013-12-31,89.84,$2.78,32.32,$10.05,8.94,$6.02,14.94,$-0.45,0.0,$0.34B,$0.75B,0.46,$5.40B,$0.36B,15.11,$1.30B,$0.90B,68.79%,$1.30B,$0.23B,17.64%,$1.30B,$0.23B,17.64%,$1.30B,$0.80B,61.58%,$1.30B,$-0.06B,-4.37%,$1.30B,$-0.06B,-4.22%,$-0.06B,$0.36B,-11.35%,$-0.06B,$-3.03B,2.05%,$-0.06B,$6.78B,-0.84%,$0.23B,$5.75B,3.92%,$335,$101,$235,$0,$22,$276,$59,$-81,$-22,$-3,$-19,$-19,$-19,$221,$59,$128,128,$-0.15,$-0.14,$175,$0,$28,$344,$2578,$0,$3387,$401,$6440,$6783,$748,$5395,$284,$5679,$6426,$1,$-2518,$-34,$357,$6783,$-56,$573,$36,$609,$0,$0,$0,$-63,$-55,$498,$-169,$0,$-677,$0,$0,$0,$29,$-817,$296,$0,$296,$-98,$-98,$0,$13,$211,$-111,$17,$0
20,2013-09-30,80.46,$3.50,22.99,$9.87,8.15,$5.34,15.08,$-0.71,0.0,$0.39B,$0.25B,1.54,$5.64B,$0.45B,12.57,$1.26B,$0.87B,68.57%,$1.26B,$0.20B,15.99%,$1.26B,$0.20B,15.99%,$1.26B,$0.75B,59.70%,$1.26B,$-0.09B,-6.81%,$1.26B,$-0.09B,-6.97%,$-0.09B,$0.45B,-15.76%,$-0.09B,$-2.67B,3.45%,$-0.09B,$6.58B,-1.35%,$0.20B,$6.09B,3.47%,$332,$103,$229,$0,$22,$268,$64,$-42,$22,$0,$22,$22,$22,$194,$64,$128,137,$0.17,$0.16,$243,$0,$34,$390,$2579,$0,$3122,$416,$6194,$6584,$253,$5637,$246,$5883,$6136,$1,$-2499,$-13,$448,$6584,$-37,$412,$35,$446,$-35,$0,$0,$-35,$-67,$343,$-103,$0,$-347,$0,$0,$0,$1,$-449,$183,$-100,$83,$-32,$-32,$0,$11,$62,$-44,$13,$0
21,2013-06-30,74.12,$3.41,21.74,$9.41,7.88,$5.70,13.0,$-1.30,0.0,$0.35B,$0.21B,1.65,$5.63B,$0.44B,12.92,$1.17B,$0.80B,68.72%,$1.17B,$0.18B,15.30%,$1.17B,$0.18B,15.30%,$1.17B,$0.71B,60.26%,$1.17B,$-0.16B,-13.76%,$1.17B,$-0.16B,-13.85%,$-0.16B,$0.44B,-29.10%,$-0.16B,$-2.65B,7.06%,$-0.16B,$6.49B,-2.53%,$0.18B,$6.07B,3.20%,$324,$104,$221,$0,$22,$275,$50,$-84,$-34,$2,$-36,$-36,$-36,$202,$50,$128,128,$-0.28,$-0.28,$231,$0,$36,$352,$2570,$0,$3088,$394,$6132,$6485,$213,$5631,$205,$5836,$6049,$1,$-2520,$-14,$436,$6485,$-58,$282,$41,$323,$0,$0,$0,$-44,$-37,$228,$-70,$0,$-255,$0,$0,$0,$0,$-325,$87,$0,$87,$-18,$-18,$0,$-16,$53,$-44,$9,$0
22,2013-03-31,72.0,$5.49,13.12,$8.76,8.22,$5.29,13.61,$-1.46,0.0,$0.27B,$0.68B,0.4,$4.89B,$0.70B,7.01,$1.08B,$0.75B,69.40%,$1.08B,$0.16B,15.26%,$1.08B,$0.16B,15.26%,$1.08B,$0.64B,59.07%,$1.08B,$-0.18B,-16.65%,$1.08B,$-0.18B,-16.65%,$-0.18B,$0.70B,-31.53%,$-0.18B,$-2.39B,8.76%,$-0.18B,$6.45B,-2.99%,$0.16B,$5.58B,3.30%,$313,$101,$212,$0,$20,$256,$57,$-80,$-23,$-1,$-22,$-22,$-22,$186,$57,$127,127,$-0.18,$-0.18,$153,$0,$27,$270,$2655,$0,$3085,$376,$6180,$6450,$675,$4885,$193,$5078,$5753,$1,$-2485,$4,$697,$6450,$-22,$129,$23,$152,$0,$0,$-0,$-33,$-35,$94,$-36,$0,$-210,$0,$0,$0,$1,$-245,$41,$0,$41,$4,$4,$0,$-7,$38,$-111,$4,$0
23,2012-12-31,70.98,$5.14,13.8,$8.02,8.85,$5.21,13.64,$-1.48,0.0,$0.39B,$0.86B,0.45,$4.88B,$0.65B,7.47,$0.95B,$0.67B,70.65%,$0.95B,$0.15B,15.41%,$0.95B,$0.15B,15.41%,$0.95B,$0.57B,60.17%,$0.95B,$-0.18B,-18.55%,$0.95B,$-0.18B,-18.87%,$-0.18B,$0.65B,-39.26%,$-0.18B,$-2.48B,10.05%,$-0.18B,$6.62B,-3.34%,$0.15B,$5.53B,3.24%,$294,$89,$204,$0,$20,$263,$31,$-82,$-51,$2,$-53,$-53,$-52,$172,$31,$120,120,$-0.44,$-0.44,$266,$0,$24,$389,$2671,$0,$3134,$355,$6227,$6616,$864,$4881,$207,$5099,$5963,$1,$-2462,$3,$653,$6616,$-181,$428,$130,$558,$0,$0,$0,$-57,$-36,$341,$-113,$0,$-2253,$0,$0,$0,$97,$-2269,$1807,$-5,$1802,$284,$284,$0,$24,$2110,$186,$14,$0
24,2012-09-30,62.9,$3.62,17.39,$7.22,8.71,$4.41,14.27,$-1.34,0.0,$1.56B,$0.69B,2.26,$4.78B,$0.44B,10.84,$0.84B,$0.60B,71.56%,$0.84B,$0.15B,17.54%,$0.84B,$0.15B,17.54%,$0.84B,$0.52B,61.14%,$0.84B,$-0.16B,-18.36%,$0.84B,$-0.16B,-18.60%,$-0.16B,$0.44B,-53.68%,$-0.16B,$-1.66B,9.91%,$-0.16B,$6.08B,-3.38%,$0.15B,$5.22B,3.71%,$239,$72,$167,$0,$18,$198,$41,$-94,$-53,$1,$-54,$-54,$-52,$145,$41,$122,122,$-0.43,$-0.43,$1469,$0,$26,$1557,$2052,$0,$2101,$305,$4526,$6083,$689,$4776,$166,$4954,$5643,$1,$-2410,$2,$441,$6083,$-129,$286,$110,$396,$-14,$0,$0,$-25,$-30,$238,$20,$0,$-983,$0,$0,$0,$-2,$-965,$2304,$-489,$1815,$305,$305,$0,$-1,$2119,$1394,$11,$0
25,2012-06-30,57.05,$3.95,14.43,$6.86,8.32,$3.11,18.37,$-1.21,0.0,$0.30B,$1.05B,0.29,$3.09B,$0.48B,6.44,$0.78B,$0.56B,71.83%,$0.78B,$0.14B,17.29%,$0.78B,$0.14B,17.29%,$0.78B,$0.48B,61.33%,$0.78B,$-0.14B,-17.29%,$0.78B,$-0.14B,-17.67%,$-0.14B,$0.48B,-75.10%,$-0.14B,$-1.64B,8.87%,$-0.14B,$4.79B,-3.43%,$0.14B,$3.57B,3.84%,$229,$66,$163,$0,$18,$194,$35,$-87,$-52,$2,$-55,$-55,$-53,$132,$35,$121,121,$-0.44,$-0.44,$109,$0,$143,$303,$2067,$0,$2121,$262,$4490,$4794,$1051,$3091,$159,$3263,$4313,$1,$-2357,$0,$480,$4794,$-76,$182,$65,$247,$-4,$0,$0,$-15,$-22,$149,$-48,$0,$-951,$0,$0,$0,$-1,$-1001,$-90,$679,$589,$297,$297,$0,$3,$890,$39,$7,$0
26,2012-03-31,50.81,$2.24,22.7,$6.49,7.83,$2.88,17.67,$-1.04,0.0,$0.61B,$0.11B,5.31,$3.57B,$0.26B,13.74,$0.72B,$0.52B,71.78%,$0.72B,$0.13B,17.57%,$0.72B,$0.13B,17.57%,$0.72B,$0.45B,62.66%,$0.72B,$-0.11B,-15.49%,$0.72B,$-0.12B,-15.91%,$-0.12B,$0.26B,-125.00%,$-0.12B,$-1.39B,7.64%,$-0.12B,$4.09B,-3.07%,$0.13B,$3.83B,3.65%,$192,$52,$140,$0,$17,$152,$40,$-62,$-21,$1,$-23,$-23,$-23,$125,$40,$111,111,$-0.20,$-0.20,$549,$0,$17,$605,$1575,$0,$1644,$223,$3482,$4087,$114,$3565,$136,$3713,$3827,$1,$-2304,$1,$260,$4087,$-23,$85,$20,$105,$-1,$0,$0,$-4,$-16,$66,$-25,$0,$-51,$0,$0,$0,$0,$-76,$-2,$200,$198,$290,$290,$0,$-0,$488,$478,$3,$0
27,2011-12-31,42.96,$-0.10,-416.28,$6.23,6.9,$2.79,15.37,$-1.14,0.0,$0.13B,$0.13B,1.02,$3.35B,$-0.01B,-296.07,$0.70B,$0.50B,70.96%,$0.70B,$0.11B,15.88%,$0.70B,$0.11B,15.88%,$0.70B,$0.43B,61.37%,$0.70B,$-0.13B,-17.88%,$0.70B,$-0.13B,-18.03%,$-0.13B,$-0.01B,-157.01%,$-0.13B,$-1.65B,8.47%,$-0.13B,$3.61B,-3.51%,$0.11B,$3.34B,3.33%,$184,$50,$134,$0,$16,$152,$32,$-61,$-29,$0,$-29,$-29,$-29,$114,$32,$112,112,$-0.27,$-0.27,$75,$0,$18,$129,$1583,$0,$1640,$212,$3477,$3606,$127,$3349,$129,$3491,$3618,$1,$-2281,$0,$-11,$3606,$-127,$318,$81,$400,$0,$0,$0,$-28,$-24,$249,$-127,$0,$-379,$0,$0,$0,$-2,$-508,$473,$-20,$453,$-209,$-209,$0,$-2,$242,$-17,$11,$0
28,2011-09-30,34.48,$0.06,598.61,$6.01,5.73,$2.86,12.04,$-1.21,0.0,$0.26B,$0.13B,1.96,$3.33B,$0.01B,529.32,$0.68B,$0.48B,70.00%,$0.68B,$0.10B,14.12%,$0.68B,$0.10B,14.12%,$0.68B,$0.41B,59.85%,$0.68B,$-0.13B,-19.71%,$0.68B,$-0.14B,-20.00%,$-0.14B,$0.01B,-83.82%,$-0.14B,$-1.54B,9.92%,$-0.14B,$3.61B,-3.84%,$0.10B,$3.34B,2.92%,$176,$52,$124,$0,$15,$148,$28,$-61,$-33,$0,$-33,$-33,$-33,$108,$28,$110,110,$-0.30,$-0.30,$209,$0,$17,$261,$1561,$0,$1550,$193,$3349,$3609,$133,$3334,$124,$3470,$3603,$1,$-2252,$-1,$6,$3609,$-98,$236,$58,$295,$1,$0,$0,$-10,$-11,$186,$-97,$0,$-209,$0,$0,$0,$-1,$-307,$474,$-20,$454,$-217,$-217,$0,$-1,$236,$115,$9,$0
29,2011-06-30,38.19,$1.01,37.69,$5.80,6.58,$2.88,13.27,$-1.21,0.0,$0.35B,$0.13B,2.73,$3.32B,$0.11B,29.4,$0.66B,$0.46B,69.38%,$0.66B,$0.09B,13.42%,$0.66B,$0.09B,13.42%,$0.66B,$0.39B,59.13%,$0.66B,$-0.14B,-20.36%,$0.66B,$-0.14B,-20.66%,$-0.14B,$0.11B,-53.99%,$-0.14B,$-1.44B,10.95%,$-0.14B,$3.69B,-3.92%,$0.09B,$3.43B,2.75%,$171,$50,$121,$0,$16,$144,$27,$-56,$-29,$1,$-30,$-30,$-30,$106,$27,$112,112,$-0.27,$-0.27,$305,$0,$15,$353,$1554,$0,$1551,$188,$3340,$3693,$129,$3319,$119,$3451,$3580,$1,$-2144,$2,$113,$3693,$-64,$156,$39,$195,$3,$0,$0,$-9,$-8,$123,$-56,$0,$-166,$0,$0,$0,$1,$-221,$476,$-20,$456,$-144,$-144,$0,$-1,$311,$213,$6,$0
30,2011-03-31,39.68,$1.88,21.1,$5.62,7.07,$2.89,13.73,$-1.66,0.0,$0.17B,$0.12B,1.44,$3.01B,$0.21B,14.1,$0.65B,$0.44B,68.62%,$0.65B,$0.08B,12.67%,$0.65B,$0.08B,12.67%,$0.65B,$0.38B,58.27%,$0.65B,$-0.19B,-29.37%,$0.65B,$-0.19B,-29.52%,$-0.19B,$0.21B,-58.77%,$-0.19B,$-1.32B,16.60%,$-0.19B,$3.47B,-5.57%,$0.08B,$3.22B,2.58%,$168,$51,$117,$0,$16,$144,$24,$-58,$-34,$1,$-34,$-34,$-34,$101,$24,$114,114,$-0.30,$-0.30,$128,$0,$16,$173,$1538,$0,$1531,$181,$3293,$3466,$120,$3005,$116,$3133,$3253,$1,$-2039,$2,$213,$3466,$-34,$77,$20,$97,$1,$0,$0,$-2,$-10,$53,$-20,$0,$-90,$2,$0,$2,$0,$-109,$-17,$175,$158,$-70,$-70,$0,$-1,$86,$31,$3,$0
31,2010-12-31,40.94,$2.76,14.83,$5.41,7.56,$2.82,14.53,$-1.68,0.0,$0.15B,$0.13B,1.12,$2.83B,$0.32B,8.92,$0.63B,$0.43B,68.26%,$0.63B,$0.08B,11.96%,$0.63B,$0.08B,11.96%,$0.63B,$0.36B,57.89%,$0.63B,$-0.19B,-30.78%,$0.63B,$-0.19B,-30.94%,$-0.19B,$0.32B,-47.06%,$-0.19B,$-1.18B,18.73%,$-0.19B,$3.40B,-5.74%,$0.08B,$3.15B,2.40%,$165,$52,$114,$0,$15,$149,$17,$-55,$-38,$0,$-39,$-39,$-39,$92,$17,$116,116,$-0.34,$-0.34,$98,$0,$18,$147,$1534,$0,$1500,$174,$3253,$3400,$131,$2827,$112,$2952,$3083,$1,$-1930,$2,$317,$3400,$-194,$288,$125,$413,$-6,$0,$0,$-5,$-17,$201,$-67,$0,$-328,$0,$0,$0,$-30,$-425,$1182,$-959,$222,$-91,$-91,$0,$-4,$127,$-97,$11,$0
32,2010-09-30,40.3,$3.24,12.45,$5.22,7.72,$3.16,12.75,$-1.71,0.0,$0.28B,$0.16B,1.79,$2.79B,$0.37B,7.51,$0.61B,$0.41B,67.87%,$0.61B,$0.07B,11.53%,$0.61B,$0.07B,11.53%,$0.61B,$0.35B,57.83%,$0.61B,$-0.20B,-32.78%,$0.61B,$-0.20B,-32.78%,$-0.20B,$0.37B,-41.20%,$-0.20B,$-1.07B,20.97%,$-0.20B,$3.42B,-5.92%,$0.07B,$3.16B,2.25%,$159,$51,$108,$0,$14,$138,$21,$-55,$-34,$1,$-35,$-35,$-34,$93,$21,$115,115,$-0.30,$-0.30,$231,$0,$15,$278,$1498,$0,$1438,$163,$3146,$3424,$155,$2792,$104,$2897,$3052,$1,$-1880,$2,$372,$3424,$-156,$213,$101,$314,$-4,$0,$0,$-4,$-16,$143,$-48,$0,$-171,$6,$-36,$-29,$-1,$-249,$1212,$-979,$232,$-85,$-85,$0,$-5,$143,$36,$8,$0
33,2010-06-30,34.01,$3.47,9.8,$5.03,6.76,$3.50,9.72,$-1.84,0.0,$0.30B,$0.16B,1.93,$2.78B,$0.40B,6.98,$0.59B,$0.40B,67.80%,$0.59B,$0.06B,10.90%,$0.59B,$0.06B,10.90%,$0.59B,$0.34B,58.09%,$0.59B,$-0.22B,-36.63%,$0.59B,$-0.22B,-36.63%,$-0.22B,$0.40B,-39.13%,$-0.22B,$-1.04B,24.74%,$-0.22B,$3.43B,-6.43%,$0.06B,$3.18B,2.06%,$155,$50,$105,$0,$14,$134,$20,$-104,$-84,$-0,$-84,$-84,$-84,$91,$20,$116,116,$-0.72,$-0.72,$260,$0,$14,$303,$1491,$0,$1433,$158,$3131,$3434,$157,$2778,$101,$2879,$3036,$1,$-1846,$1,$398,$3434,$-121,$141,$84,$225,$-1,$0,$0,$-2,$-5,$98,$-27,$0,$-112,$0,$-31,$-31,$-1,$-171,$233,$0,$233,$-90,$-90,$0,$-3,$140,$67,$5,$0
34,2010-03-31,36.07,$4.80,7.51,$4.86,7.43,$3.62,9.96,$-1.37,0.0,$0.19B,$0.14B,1.33,$2.47B,$0.56B,4.4,$0.57B,$0.39B,67.78%,$0.57B,$0.06B,10.21%,$0.57B,$0.06B,10.21%,$0.57B,$0.33B,58.27%,$0.57B,$-0.16B,-28.17%,$0.57B,$-0.16B,-28.17%,$-0.16B,$0.56B,-25.73%,$-0.16B,$-0.86B,20.29%,$-0.16B,$3.27B,-4.85%,$0.06B,$3.04B,1.88%,$148,$47,$101,$0,$15,$131,$17,$-54,$-37,$0,$-37,$-37,$-37,$87,$17,$117,117,$-0.32,$-0.32,$149,$0,$11,$185,$1473,$0,$1421,$153,$3086,$3271,$139,$2472,$97,$2569,$2708,$1,$-1674,$-2,$562,$3271,$-37,$70,$17,$87,$4,$0,$0,$-6,$-12,$37,$-12,$0,$-30,$2,$-32,$-30,$0,$-73,$0,$-7,$-7,$-4,$-4,$0,$3,$-8,$-43,$3,$0
35,2009-12-31,34.16,$5.12,6.67,$4.74,7.21,$3.76,9.08,$-1.20,0.0,$0.24B,$0.16B,1.49,$2.46B,$0.60B,4.1,$0.56B,$0.38B,67.57%,$0.56B,$0.06B,9.91%,$0.56B,$0.06B,9.91%,$0.56B,$0.33B,58.56%,$0.56B,$-0.14B,-25.41%,$0.56B,$-0.14B,-25.41%,$-0.14B,$0.60B,-21.90%,$-0.14B,$-0.84B,18.49%,$-0.14B,$3.31B,-4.31%,$0.06B,$3.06B,1.79%,$145,$47,$98,$0,$14,$133,$12,$-56,$-44,$0,$-44,$-44,$-44,$80,$12,$117,117,$-0.37,$-0.37,$197,$0,$10,$237,$1497,$0,$1436,$106,$3077,$3314,$159,$2460,$95,$2555,$2714,$1,$-1628,$-3,$600,$3314,$-141,$269,$68,$337,$-3,$0,$0,$5,$27,$223,$-46,$0,$-181,$1,$-9,$-8,$6,$-229,$965,$-937,$28,$54,$54,$0,$7,$89,$82,$8,$0
36,2009-09-30,27.03,$5.46,4.95,$4.73,5.72,$3.51,7.71,$-0.81,0.0,$0.36B,$0.11B,3.11,$2.51B,$0.64B,3.93,$0.54B,$0.37B,67.10%,$0.54B,$0.06B,10.11%,$0.54B,$0.06B,10.11%,$0.54B,$0.32B,59.01%,$0.54B,$-0.09B,-16.73%,$0.54B,$-0.09B,-16.73%,$-0.09B,$0.64B,-13.86%,$-0.09B,$-0.75B,12.17%,$-0.09B,$3.35B,-2.80%,$0.06B,$3.15B,1.80%,$139,$45,$94,$0,$13,$124,$15,$-65,$-50,$0,$-50,$-50,$-50,$83,$15,$117,117,$-0.43,$-0.43,$319,$0,$10,$355,$1469,$0,$1385,$103,$2997,$3352,$114,$2508,$91,$2599,$2714,$1,$-1582,$-4,$638,$3352,$-98,$201,$46,$246,$1,$0,$0,$-1,$21,$170,$-34,$0,$-55,$0,$-6,$-6,$6,$-88,$736,$-672,$64,$51,$51,$0,$10,$125,$207,$6,$0
37,2009-06-30,24.54,$5.89,4.17,$4.64,5.29,$3.34,7.35,$-0.53,0.0,$0.25B,$0.10B,2.55,$2.38B,$0.69B,3.47,$0.52B,$0.35B,66.41%,$0.52B,$0.05B,9.73%,$0.52B,$0.05B,9.73%,$0.52B,$0.31B,58.21%,$0.52B,$-0.07B,-12.98%,$0.52B,$-0.07B,-13.17%,$-0.07B,$0.69B,-11.62%,$-0.07B,$-0.71B,8.75%,$-0.07B,$3.26B,-2.12%,$0.05B,$3.07B,1.66%,$136,$44,$92,$0,$13,$123,$14,$-43,$-29,$0,$-29,$-29,$-29,$81,$14,$117,117,$-0.25,$-0.25,$215,$0,$10,$247,$1478,$0,$1400,$99,$3009,$3256,$97,$2384,$88,$2471,$2568,$1,$-1532,$-2,$687,$3256,$-47,$133,$17,$151,$3,$0,$0,$0,$4,$107,$-22,$0,$-30,$0,$-4,$-4,$6,$-49,$-11,$-3,$-14,$50,$50,$0,$0,$37,$95,$4,$0
38,2009-03-31,23.3,$5.48,4.25,$4.52,5.16,$3.20,7.29,$-0.45,0.0,$0.16B,$0.09B,1.75,$2.35B,$0.65B,3.61,$0.50B,$0.33B,65.80%,$0.50B,$0.05B,9.60%,$0.50B,$0.05B,9.60%,$0.50B,$0.29B,57.40%,$0.50B,$-0.07B,-13.00%,$0.50B,$-0.07B,-13.20%,$-0.07B,$0.65B,-14.52%,$-0.07B,$-0.76B,7.98%,$-0.07B,$3.17B,-2.11%,$0.05B,$3.00B,1.62%,$135,$45,$91,$0,$12,$121,$14,$-32,$-18,$0,$-18,$-18,$-18,$81,$14,$118,118,$-0.15,$-0.15,$127,$0,$11,$161,$1483,$0,$1405,$96,$3011,$3172,$92,$2348,$82,$2430,$2522,$1,$-1453,$-2,$650,$3172,$-18,$66,$5,$71,$1,$0,$0,$-2,$-4,$49,$-8,$0,$-4,$0,$0,$0,$6,$-5,$-29,$-6,$-35,$1,$1,$0,$1,$-33,$11,$2,$0
39,2008-12-31,16.32,$5.54,2.95,$4.39,3.72,$3.09,5.29,$-0.43,0.0,$0.15B,$0.09B,1.7,$2.39B,$0.65B,3.67,$0.48B,$0.31B,64.84%,$0.48B,$0.05B,9.68%,$0.48B,$0.05B,9.68%,$0.48B,$0.27B,56.21%,$0.48B,$-0.07B,-13.89%,$0.48B,$-0.07B,-14.11%,$-0.07B,$0.65B,-17.94%,$-0.07B,$-0.78B,8.64%,$-0.07B,$3.21B,-2.28%,$0.05B,$3.04B,1.66%,$134,$47,$88,$0,$13,$123,$12,$-5,$6,$0,$6,$6,$6,$76,$12,$110,110,$0.07,$0.07,$118,$0,$11,$154,$1503,$0,$1425,$96,$3054,$3208,$91,$2386,$80,$2467,$2557,$1,$-1435,$-2,$651,$3208,$-67,$222,$11,$233,$14,$0,$0,$-3,$8,$174,$-36,$0,$-584,$41,$0,$41,$-1,$-581,$62,$419,$481,$-57,$-57,$0,$-8,$415,$9,$7,$0
40,2008-09-30,25.87,$3.41,7.6,$4.20,6.16,$2.75,9.42,$-0.72,0.0,$0.51B,$0.10B,5.1,$2.82B,$0.39B,7.29,$0.45B,$0.29B,63.56%,$0.45B,$0.04B,9.78%,$0.45B,$0.04B,9.78%,$0.45B,$0.25B,54.89%,$0.45B,$-0.11B,-25.33%,$0.45B,$-0.12B,-25.56%,$-0.12B,$0.39B,-38.98%,$-0.12B,$-0.91B,16.08%,$-0.12B,$3.39B,-4.22%,$0.04B,$3.21B,1.71%,$119,$42,$77,$0,$12,$107,$11,$-39,$-27,$0,$-28,$-28,$-28,$67,$11,$107,107,$-0.26,$-0.26,$477,$0,$14,$514,$1436,$0,$1298,$99,$2873,$3388,$101,$2822,$78,$2900,$3001,$1,$-1404,$-2,$387,$3388,$-73,$157,$34,$191,$14,$0,$0,$1,$16,$134,$-27,$0,$-342,$41,$0,$41,$-1,$-329,$625,$0,$625,$-58,$-58,$0,$-3,$564,$369,$6,$0
41,2008-06-30,36.01,$1.23,29.35,$4.09,8.81,$2.34,15.38,$-0.74,0.0,$0.29B,$0.07B,3.93,$2.46B,$0.13B,18.89,$0.43B,$0.27B,61.98%,$0.43B,$0.04B,8.76%,$0.43B,$0.04B,8.76%,$0.43B,$0.23B,53.00%,$0.43B,$-0.10B,-23.96%,$0.43B,$-0.11B,-24.19%,$-0.11B,$0.13B,-39.33%,$-0.11B,$-0.87B,17.05%,$-0.11B,$2.73B,-4.27%,$0.04B,$2.59B,1.64%,$112,$39,$73,$0,$13,$101,$11,$-37,$-26,$0,$-26,$-26,$-26,$63,$11,$107,107,$-0.24,$-0.24,$252,$0,$15,$292,$1317,$0,$997,$83,$2441,$2733,$74,$2455,$74,$2529,$2603,$1,$-1387,$-2,$130,$2733,$-45,$102,$21,$123,$10,$0,$0,$-3,$3,$80,$-17,$0,$-306,$41,$0,$41,$-1,$-283,$400,$0,$400,$-59,$-59,$0,$-1,$340,$137,$4,$0
42,2008-03-31,29.83,$3.00,9.93,$4.02,7.43,$2.14,13.95,$-0.72,0.0,$0.22B,$0.07B,3.19,$1.95B,$0.33B,5.97,$0.42B,$0.26B,60.90%,$0.42B,$0.04B,8.29%,$0.42B,$0.04B,8.29%,$0.42B,$0.22B,51.90%,$0.42B,$-0.09B,-22.04%,$0.42B,$-0.09B,-22.27%,$-0.09B,$0.33B,-32.05%,$-0.09B,$-0.55B,17.77%,$-0.09B,$2.41B,-4.02%,$0.04B,$2.27B,1.58%,$110,$40,$70,$0,$10,$98,$12,$-31,$-19,$0,$-19,$-19,$-19,$61,$12,$108,108,$-0.18,$-0.18,$175,$0,$21,$220,$1197,$0,$876,$80,$2187,$2407,$69,$1945,$67,$2012,$2081,$1,$-1249,$-1,$326,$2407,$-19,$50,$8,$58,$4,$0,$0,$-3,$-4,$35,$-8,$0,$-50,$41,$0,$41,$-1,$-18,$40,$0,$40,$2,$2,$0,$-1,$40,$57,$2,$0
43,2007-12-31,33.84,$3.11,10.87,$3.91,8.66,$2.09,16.17,$-0.75,0.0,$0.21B,$0.08B,2.8,$1.91B,$0.34B,5.65,$0.41B,$0.25B,60.05%,$0.41B,$0.03B,7.35%,$0.41B,$0.03B,7.35%,$0.41B,$0.21B,50.74%,$0.41B,$-0.09B,-22.06%,$0.41B,$-0.09B,-22.30%,$-0.09B,$0.34B,-33.73%,$-0.09B,$-0.53B,17.57%,$-0.09B,$2.38B,-3.96%,$0.03B,$2.24B,1.38%,$109,$43,$66,$0,$12,$99,$10,$-52,$-42,$0,$-42,$-42,$-42,$56,$10,$105,105,$-0.39,$-0.39,$163,$0,$21,$213,$1192,$0,$869,$77,$2171,$2384,$76,$1905,$66,$1971,$2047,$1,$-1234,$-1,$337,$2384,$-91,$177,$37,$214,$-1,$0,$0,$-2,$0,$123,$-28,$0,$-201,$-71,$0,$-71,$-2,$-302,$264,$0,$264,$-56,$-56,$0,$-5,$203,$24,$7,$0
44,2007-09-30,35.28,$2.61,13.53,$3.85,9.15,$1.64,21.5,$-0.71,0.0,$0.25B,$0.06B,3.96,$1.91B,$0.28B,6.93,$0.40B,$0.24B,59.60%,$0.40B,$0.03B,6.82%,$0.40B,$0.03B,6.82%,$0.40B,$0.20B,50.25%,$0.40B,$-0.07B,-18.18%,$0.40B,$-0.07B,-18.43%,$-0.07B,$0.28B,-25.89%,$-0.07B,$-0.51B,15.54%,$-0.07B,$2.30B,-3.30%,$0.03B,$2.18B,1.29%,$103,$44,$60,$0,$11,$98,$5,$-22,$-17,$1,$-18,$-18,$-18,$50,$5,$104,104,$-0.17,$-0.17,$197,$0,$18,$249,$1160,$0,$789,$68,$2052,$2301,$63,$1905,$58,$1963,$2026,$1,$-1205,$-1,$275,$2301,$-49,$131,$6,$137,$-2,$0,$0,$-3,$-6,$82,$-20,$0,$-150,$-121,$0,$-121,$-1,$-292,$264,$0,$264,$-57,$-57,$0,$-0,$207,$-3,$5,$0
45,2007-06-30,33.59,$2.27,14.83,$3.81,8.81,$1.23,27.39,$-0.77,0.0,$0.28B,$0.06B,4.73,$1.91B,$0.24B,8.11,$0.39B,$0.23B,59.34%,$0.39B,$0.03B,7.16%,$0.39B,$0.03B,7.16%,$0.39B,$0.20B,50.64%,$0.39B,$-0.08B,-20.20%,$0.39B,$-0.08B,-20.20%,$-0.08B,$0.24B,-25.46%,$-0.08B,$-0.52B,18.58%,$-0.08B,$2.25B,-3.70%,$0.03B,$2.14B,1.38%,$100,$39,$61,$0,$12,$92,$8,$-23,$-15,$0,$-15,$-15,$-15,$52,$8,$103,103,$-0.15,$-0.15,$229,$0,$20,$277,$1120,$0,$754,$65,$1977,$2254,$59,$1905,$55,$1960,$2019,$1,$-1188,$-1,$235,$2254,$-31,$86,$5,$90,$2,$0,$0,$-6,$-5,$53,$-13,$0,$-96,$-101,$0,$-101,$-1,$-211,$264,$0,$264,$-58,$-58,$0,$3,$209,$51,$4,$0
46,2007-03-31,29.55,$2.26,13.07,$3.73,7.92,$0.97,30.55,$-1.39,0.0,$0.30B,$0.06B,5.3,$1.91B,$0.23B,8.2,$0.38B,$0.22B,57.67%,$0.38B,$0.02B,6.08%,$0.38B,$0.02B,6.08%,$0.38B,$0.19B,49.47%,$0.38B,$-0.14B,-36.77%,$0.38B,$-0.14B,-37.04%,$-0.14B,$0.23B,-39.69%,$-0.14B,$-0.51B,37.58%,$-0.14B,$2.25B,-6.74%,$0.02B,$2.14B,1.36%,$96,$37,$58,$0,$11,$89,$7,$-24,$-16,$0,$-16,$-16,$-16,$49,$7,$106,106,$-0.16,$-0.16,$253,$0,$19,$295,$1115,$0,$739,$58,$1951,$2246,$56,$1905,$53,$1958,$2014,$1,$-1173,$-1,$232,$2246,$-16,$42,$1,$43,$5,$0,$0,$-1,$-0,$27,$-6,$0,$-52,$0,$0,$0,$-0,$-58,$265,$0,$265,$-62,$-62,$0,$1,$205,$173,$1,$0
47,2006-12-31,27.5,$3.65,7.53,$3.62,7.59,$0.88,31.13,$-1.34,0.0,$0.13B,$0.06B,2.19,$1.56B,$0.39B,4.03,$0.35B,$0.20B,55.56%,$0.35B,$0.02B,5.70%,$0.35B,$0.02B,5.70%,$0.35B,$0.17B,48.15%,$0.35B,$-0.13B,-37.61%,$0.35B,$-0.13B,-37.89%,$-0.13B,$0.39B,-42.39%,$-0.13B,$-0.34B,56.30%,$-0.13B,$2.05B,-7.59%,$0.02B,$1.94B,1.45%,$97,$40,$57,$0,$11,$90,$7,$-30,$-24,$-0,$-24,$-24,$-24,$48,$7,$98,98,$-0.24,$-0.24,$81,$0,$19,$128,$1106,$0,$725,$55,$1919,$2046,$58,$1555,$47,$1602,$1660,$1,$-1065,$-1,$386,$2046,$-133,$149,$62,$211,$3,$0,$0,$1,$-4,$74,$-29,$0,$-726,$20,$0,$20,$-3,$-738,$-433,$-0,$-433,$10,$10,$0,$1088,$665,$0,$5,$0
