,Date,Stock Price,Book Value per Share,Price to Book Ratio,TTM Sales per Share,Price to Sales Ratio,TTM FCF per Share,Price to FCF Ratio,TTM Net EPS,PE Ratio,Current Assets,Current Liabilities,Current Ratio,Long Term Debt,Shareholder's Equity_x,Debt to Equity Ratio,TTM Revenue_x,TTM Gross Profit,Gross Margin,TTM Revenue_y,TTM Operating Income,Operating Margin,TTM Revenue_x,TTM EBIT,EBIT Margin,TTM Revenue_y,TTM EBITDA,EBITDA Margin,TTM Revenue_x,TTM Pre-Tax Income,Pre-Tax Margin,TTM Revenue_y,TTM Net Income_x,Net Margin,TTM Net Income_y,Shareholder's Equity_y,Return on Equity,TTM Net Income_x,Tangible Equity,Return on Tangible Equity,TTM Net Income_y,Total Assets,Return on Assets,TTM Net Income,LT Investments & Debt,Return on Investment,revenue,cost-goods-sold,gross-profit,research-development-expenses,selling-general-administrative-expenses,operating-expenses,operating-income,total-non-operating-income-expense,pre-tax-income,total-provision-income-taxes,income-after-taxes,income-from-continuous-operations,net-income,ebitda,ebit,basic-shares-outstanding,shares-outstanding,eps-basic-net-earnings-per-share,eps-earnings-per-share-diluted,cash-on-hand,inventory,other-current-assets,total-current-assets,net-property-plant-equipment,long-term-investments,goodwill-intangible-assets-total,other-long-term-assets,total-long-term-assets,total-assets,total-current-liabilities,long-term-debt,other-non-current-liabilities,total-long-term-liabilities,total-liabilities,common-stock-net,retained-earnings-accumulated-deficit,comprehensive-income,total-share-holder-equity,total-liabilities-share-holders-equity,net-income-loss,total-depreciation-amortization-cash-flow,other-non-cash-items,total-non-cash-items,change-in-accounts-receivable,change-in-inventories,change-in-accounts-payable,change-in-assets-liabilities,total-change-in-assets-liabilities,cash-flow-from-operating-activities,net-change-in-property-plant-equipment,net-change-in-intangible-assets,net-acquisitions-divestitures,net-change-in-short-term-investments,net-change-in-long-term-investments,net-change-in-investments-total,investing-activities-other,cash-flow-from-investing-activities,net-long-term-debt,net-current-debt,debt-issuance-retirement-net-total,net-common-equity-issued-repurchased,net-total-equity-issued-repurchased,total-common-preferred-stock-dividends-paid,financial-activities-other,cash-flow-from-financial-activities,net-cash-flow,stock-based-compensation,common-stock-dividends-paid
0,2018-09-30,4.85,$-0.13,-36.58,$0.36,13.4,$-3.34,0.0,$-2.11,0.0,$0.08B,$0.02B,3.38,$0.08B,$-0.01B,-12.64,$0.02B,$0.01B,81.25%,$0.02B,$-0.07B,-462.50%,$0.02B,$-0.07B,-462.50%,$0.02B,$-0.07B,-418.75%,$0.02B,$-0.07B,-443.75%,$0.02B,$-0.07B,-450.00%,$-0.07B,$-0.01B,4114.29%,$-0.07B,$-0.07B,120.00%,$-0.07B,$0.14B,-50.97%,$-0.07B,$0.07B,-112.55%,$5,$1,$4,$7,$20,$30,$-25,$4,$-21,$0,$-21,$-21,$-21,$-23,$-25,$47,50,$-0.44,$-0.55,$67,$6,$0,$79,$0,$0,$62,$0,$62,$141,$23,$79,$45,$124,$147,$0,$-295,$0,$-6,$141,$-52,$6,$-6,$-1,$-1,$-6,$2,$6,$1,$-52,$-0,$0,$-25,$0,$0,$0,$0,$-25,$45,$0,$45,$41,$41,$0,$1,$87,$10,$6,$0
1,2018-06-30,6.0,$0.19,31.63,$0.33,18.38,$-3.27,0.0,$-2.54,0.0,$0.09B,$0.01B,6.46,$0.08B,$0.01B,8.75,$0.01B,$0.01B,78.57%,$0.01B,$-0.08B,-585.71%,$0.01B,$-0.08B,-585.71%,$0.01B,$-0.08B,-542.86%,$0.01B,$-0.09B,-614.29%,$0.01B,$-0.09B,-614.29%,$-0.09B,$0.01B,1638.10%,$-0.09B,$-0.06B,146.38%,$-0.09B,$0.16B,-66.67%,$-0.08B,$0.09B,-157.69%,$4,$1,$4,$5,$15,$23,$-19,$16,$-3,$0,$-3,$-3,$-3,$-17,$-19,$46,50,$-0.06,$-0.43,$86,$1,$0,$92,$0,$0,$63,$0,$64,$156,$14,$78,$56,$133,$147,$0,$-275,$0,$9,$156,$-32,$4,$-3,$1,$-1,$-1,$1,$-2,$-2,$-33,$-0,$0,$-25,$0,$0,$0,$0,$-25,$44,$0,$44,$34,$34,$0,$8,$86,$28,$4,$0
2,2018-03-31,8.85,$0.04,217.44,$0.28,31.1,$-3.33,0.0,$-2.97,0.0,$0.10B,$0.01B,8.89,$0.08B,$0.00B,41.09,$0.01B,$0.01B,66.67%,$0.01B,$-0.08B,-641.67%,$0.01B,$-0.08B,-641.67%,$0.01B,$-0.07B,-600.00%,$0.01B,$-0.11B,-941.67%,$0.01B,$-0.11B,-941.67%,$-0.11B,$0.00B,2260.00%,$-0.11B,$-0.06B,191.53%,$-0.11B,$0.16B,-97.41%,$-0.08B,$0.08B,-205.33%,$4,$1,$3,$5,$12,$20,$-16,$-13,$-29,$0,$-29,$-29,$-29,$-14,$-16,$44,44,$-0.66,$-0.66,$92,$2,$0,$98,$0,$0,$65,$0,$66,$164,$11,$76,$75,$151,$162,$0,$-272,$0,$2,$164,$-29,$2,$13,$15,$-0,$-1,$1,$-3,$-4,$-18,$0,$0,$-25,$0,$0,$0,$0,$-25,$45,$0,$45,$34,$34,$0,$-1,$78,$35,$2,$0
3,2017-12-31,7.25,$-0.30,-24.44,$0.20,37.02,$-3.18,0.0,$-3.14,0.0,$0.06B,$0.01B,4.87,$0.04B,$-0.01B,-3.17,$0.01B,$0.01B,62.50%,$0.01B,$-0.07B,-912.50%,$0.01B,$-0.07B,-912.50%,$0.01B,$-0.07B,-862.50%,$0.01B,$-0.11B,-1400.00%,$0.01B,$-0.11B,-1412.50%,$-0.11B,$-0.01B,-2658.82%,$-0.11B,$-0.05B,224.88%,$-0.11B,$0.10B,-108.13%,$-0.07B,$0.03B,-226.36%,$3,$1,$2,$5,$10,$17,$-14,$-3,$-18,$1,$-19,$-19,$-19,$-13,$-14,$37,37,$-0.44,$-0.44,$58,$1,$0,$61,$0,$0,$42,$1,$43,$104,$12,$38,$66,$103,$116,$0,$-243,$0,$-12,$104,$-113,$5,$63,$68,$-2,$-1,$0,$2,$0,$-45,$0,$0,$-8,$0,$0,$0,$0,$-8,$16,$0,$16,$27,$27,$0,$0,$44,$-9,$5,$0
4,2017-09-30,6.9,$-0.55,-12.57,$0.11,60.42,$-3.41,0.0,$-3.40,0.0,$0.05B,$0.01B,4.7,$0.04B,$-0.02B,-1.89,$0.01B,$0.00B,60.00%,$0.01B,$-0.08B,-1540.00%,$0.01B,$-0.08B,-1540.00%,$0.01B,$-0.07B,-1480.00%,$0.01B,$-0.11B,-2240.00%,$0.01B,$-0.11B,-2200.00%,$-0.11B,$-0.02B,-458.33%,$-0.11B,$-0.06B,297.30%,$-0.11B,$0.09B,-97.35%,$-0.08B,$0.02B,-163.83%,$3,$1,$2,$5,$8,$36,$-33,$-3,$-36,$-1,$-35,$-35,$-35,$-32,$-33,$36,36,$-0.98,$-0.98,$44,$1,$0,$48,$0,$0,$44,$0,$44,$92,$10,$37,$64,$102,$112,$0,$-224,$0,$-20,$92,$-95,$4,$58,$62,$-1,$-1,$0,$0,$-1,$-34,$0,$0,$-8,$0,$0,$0,$0,$-8,$18,$0,$18,$2,$2,$0,$0,$19,$-22,$4,$0
5,2017-06-30,7.15,$0.28,25.7,$0.04,165.24,$-3.61,0.0,$-2.78,0.0,$0.04B,$0.01B,4.63,$0.02B,$0.01B,1.89,$0.00B,$0.00B,50.00%,$0.00B,$-0.05B,-2600.00%,$0.00B,$-0.05B,-2600.00%,$0.00B,$-0.05B,-2500.00%,$0.00B,$-0.08B,-4200.00%,$0.00B,$-0.08B,-4150.00%,$-0.08B,$0.01B,-188.64%,$-0.08B,$-0.06B,1037.50%,$-0.08B,$0.10B,-78.12%,$-0.05B,$0.03B,-90.43%,$2,$0,$1,$4,$10,$16,$-14,$-16,$-30,$-0,$-30,$-30,$-30,$-13,$-14,$35,35,$-0.86,$-0.86,$34,$1,$0,$38,$0,$0,$66,$0,$66,$104,$8,$19,$67,$86,$94,$0,$-189,$0,$10,$104,$-60,$3,$35,$37,$-1,$-1,$0,$-1,$-3,$-25,$0,$0,$-8,$0,$0,$0,$0,$-8,$0,$0,$0,$0,$0,$0,$-0,$-0,$-33,$3,$0
6,2017-03-31,4.75,$1.09,4.34,0,0.0,$-3.73,0.0,$-2.53,0.0,$0.05B,$0.01B,5.21,$0.02B,$0.04B,0.48,$0.00B,0,nan%,$0.00B,$-0.05B,inf%,$0.00B,$-0.05B,inf%,$0.00B,$-0.05B,inf%,$0.00B,$-0.07B,inf%,$0.00B,$-0.07B,inf%,$-0.07B,$0.04B,-112.82%,$-0.07B,$-0.03B,-310.59%,$-0.07B,$0.12B,-67.01%,$-0.05B,$0.06B,-77.04%,$0,$0,$0,$3,$7,$12,$-12,$-16,$-28,$2,$-29,$-29,$-29,$-11,$-12,$35,35,$-0.83,$-0.83,$50,$0,$0,$51,$0,$0,$67,$0,$67,$118,$10,$18,$51,$70,$79,$0,$-159,$0,$39,$118,$-29,$1,$18,$19,$0,$0,$1,$0,$1,$-9,$0,$0,$-8,$0,$0,$0,$0,$-8,$-0,$0,$-0,$0,$0,$0,$0,$-0,$-17,$1,$0
7,2016-12-31,2.4,$1.90,1.27,0,0.0,$-3.91,0.0,$-2.27,0.0,$0.07B,$0.02B,4.24,$0.02B,$0.07B,0.28,$0.00B,0,nan%,$0.00B,$-0.05B,inf%,$0.00B,$-0.05B,inf%,$0.00B,$-0.05B,inf%,$0.00B,$-0.05B,inf%,$0.00B,$-0.05B,inf%,$-0.05B,$0.07B,-71.27%,$-0.05B,$-0.00B,-105.38%,$-0.05B,$0.14B,-53.99%,$-0.05B,$0.09B,-69.62%,$0,$0,$0,$4,$4,$18,$-18,$1,$-18,$-2,$-16,$-16,$-16,$-18,$-18,$22,22,$-0.72,$-0.73,$67,$0,$0,$68,$0,$0,$68,$0,$70,$138,$16,$18,$36,$55,$71,$0,$-129,$0,$67,$138,$-49,$0,$17,$17,$0,$0,$-2,$1,$-0,$-32,$0,$0,$-3,$0,$0,$0,$0,$-3,$19,$0,$19,$32,$32,$0,$-1,$50,$15,$5,$0
8,2016-09-30,5.22,$2.84,1.84,0,0.0,$-4.69,0.0,$-1.54,0.0,$0.03B,$0.00B,6.08,$0.00B,$0.06B,0.0,$0.00B,0,nan%,$0.00B,$-0.04B,inf%,$0.00B,$-0.04B,inf%,$0.00B,$-0.04B,inf%,$0.00B,$-0.05B,inf%,$0.00B,$-0.04B,inf%,$-0.04B,$0.06B,-57.53%,$-0.04B,$0.05B,-73.50%,$-0.04B,$0.07B,-53.42%,$-0.04B,$0.06B,-57.53%,$0,$0,$0,$5,$3,$8,$-8,$0,$-8,$0,$-8,$-8,$-8,$-8,$-8,$21,21,$-0.36,$-0.36,$25,$0,$0,$26,$31,$0,$7,$0,$39,$65,$4,$0,$0,$0,$4,$0,$-113,$0,$60,$65,$-33,$0,$8,$8,$0,$0,$-2,$1,$-0,$-25,$0,$0,$0,$0,$0,$0,$0,$0,$0,$0,$0,$0,$0,$0,$-1,$-1,$-26,$4,$0
