,Date,Stock Price,Book Value per Share,Price to Book Ratio,TTM Sales per Share,Price to Sales Ratio,TTM FCF per Share,Price to FCF Ratio,TTM Net EPS,PE Ratio,Current Assets,Current Liabilities,Current Ratio,Long Term Debt,Shareholder's Equity_x,Debt to Equity Ratio,TTM Revenue_x,TTM Gross Profit,Gross Margin,TTM Revenue_y,TTM Operating Income,Operating Margin,TTM Revenue_x,TTM EBIT,EBIT Margin,TTM Revenue_y,TTM EBITDA,EBITDA Margin,TTM Revenue_x,TTM Pre-Tax Income,Pre-Tax Margin,TTM Revenue_y,TTM Net Income_x,Net Margin,TTM Net Income_y,Shareholder's Equity_y,Return on Equity,TTM Net Income_x,Tangible Equity,Return on Tangible Equity,TTM Net Income_y,Total Assets,Return on Assets,TTM Net Income,LT Investments & Debt,Return on Investment,revenue,cost-goods-sold,gross-profit,research-development-expenses,selling-general-administrative-expenses,operating-expenses,operating-income,total-non-operating-income-expense,pre-tax-income,total-provision-income-taxes,income-after-taxes,income-from-continuous-operations,net-income,ebitda,ebit,basic-shares-outstanding,shares-outstanding,eps-basic-net-earnings-per-share,eps-earnings-per-share-diluted,cash-on-hand,inventory,other-current-assets,total-current-assets,net-property-plant-equipment,long-term-investments,goodwill-intangible-assets-total,other-long-term-assets,total-long-term-assets,total-assets,total-current-liabilities,long-term-debt,other-non-current-liabilities,total-long-term-liabilities,total-liabilities,common-stock-net,retained-earnings-accumulated-deficit,comprehensive-income,total-share-holder-equity,total-liabilities-share-holders-equity,net-income-loss,total-depreciation-amortization-cash-flow,other-non-cash-items,total-non-cash-items,change-in-accounts-receivable,change-in-inventories,change-in-accounts-payable,change-in-assets-liabilities,total-change-in-assets-liabilities,cash-flow-from-operating-activities,net-change-in-property-plant-equipment,net-change-in-intangible-assets,net-acquisitions-divestitures,net-change-in-short-term-investments,net-change-in-long-term-investments,net-change-in-investments-total,investing-activities-other,cash-flow-from-investing-activities,net-long-term-debt,net-current-debt,debt-issuance-retirement-net-total,net-common-equity-issued-repurchased,net-total-equity-issued-repurchased,total-common-preferred-stock-dividends-paid,financial-activities-other,cash-flow-from-financial-activities,net-cash-flow,stock-based-compensation,common-stock-dividends-paid
0,2018-09-30,25.2,$19.00,1.33,$8.44,2.99,$3.66,6.89,$1.05,24.0,$1.18B,$1.26B,0.94,$0.05B,$0.15B,0.32,$0.06B,$0.05B,83.87%,$0.06B,$0.02B,27.42%,$0.06B,0,0.00%,$0.06B,0,0.00%,$0.06B,$0.01B,20.97%,$0.06B,$0.01B,12.90%,$0.01B,$0.15B,5.93%,$0.01B,$0.13B,6.97%,$0.01B,$1.46B,0.61%,$0.02B,$0.20B,8.87%,$17,$3,$14,$0,$9,$12,$5,$-1,$4,$1,$3,$3,$3,$0,$0,$8,8,$0.42,$0.41,$15,$0,$0,$1183,$19,$186,$26,$45,$276,$1460,$1261,$48,$0,$48,$1308,$118,$33,$0,$151,$1460,$8,$3,$2,$5,$-2,$0,$1,$-1,$-2,$10,$-1,$0,$7,$7,$-13,$-6,$-114,$-114,$-15,$73,$58,$0,$0,$-2,$51,$107,$3,$1,$-2
1,2018-06-30,29.62,$18.77,1.58,$8.18,3.62,$3.79,7.81,$0.97,30.54,$1.15B,$1.23B,0.94,$0.06B,$0.15B,0.39,$0.06B,$0.05B,85.71%,$0.06B,$0.02B,26.79%,$0.06B,0,0.00%,$0.06B,0,0.00%,$0.06B,$0.01B,21.43%,$0.06B,$0.01B,12.50%,$0.01B,$0.15B,5.80%,$0.01B,$0.12B,6.59%,$0.01B,$1.44B,0.59%,$0.02B,$0.21B,8.05%,$17,$3,$14,$0,$9,$12,$4,$-0,$4,$1,$3,$3,$3,$0,$0,$8,8,$0.38,$0.38,$19,$0,$0,$1151,$19,$190,$26,$51,$286,$1437,$1231,$58,$0,$58,$1288,$118,$31,$1,$149,$1437,$4,$2,$1,$3,$-1,$0,$6,$-7,$-2,$6,$-1,$0,$7,$0,$-8,$-8,$-80,$-81,$-5,$91,$86,$0,$0,$-1,$-2,$82,$7,$0,$-1
2,2018-03-31,30.25,$18.45,1.64,$8.19,3.69,$4.14,7.31,$0.84,36.01,$1.10B,$1.17B,0.94,$0.06B,$0.15B,0.4,$0.05B,$0.04B,87.76%,$0.05B,$0.01B,26.53%,$0.05B,0,0.00%,$0.05B,0,0.00%,$0.05B,$0.01B,20.41%,$0.05B,$0.01B,10.20%,$0.01B,$0.15B,4.69%,$0.01B,$0.12B,5.12%,$0.01B,$1.38B,0.47%,$0.01B,$0.20B,7.29%,$16,$2,$14,$0,$9,$11,$5,$-4,$2,$0,$1,$1,$1,$0,$0,$8,8,$0.17,$0.17,$15,$0,$0,$1101,$19,$188,$26,$43,$276,$1376,$1172,$58,$0,$58,$1230,$117,$28,$1,$146,$1376,$1,$1,$1,$2,$-2,$0,$-1,$1,$-2,$2,$-0,$0,$7,$0,$-5,$-5,$-32,$-30,$-5,$58,$53,$0,$0,$-0,$-20,$32,$3,$0,$-0
3,2017-12-31,26.66,$15.59,1.71,$8.43,3.16,$4.73,5.64,$1.10,24.23,$0.83B,$0.82B,1.01,$0.06B,$0.09B,0.67,$0.04B,$0.04B,86.36%,$0.04B,$0.01B,25.00%,$0.04B,0,0.00%,$0.04B,0,0.00%,$0.04B,$0.01B,25.00%,$0.04B,$0.01B,13.64%,$0.01B,$0.09B,7.02%,$0.01B,$0.09B,7.25%,$0.01B,$0.98B,0.64%,$0.01B,$0.16B,6.62%,$12,$2,$10,$0,$7,$8,$3,$-1,$3,$2,$1,$1,$1,$0,$0,$5,5,$0.05,$0.04,$12,$0,$0,$828,$8,$109,$3,$32,$152,$979,$822,$63,$0,$63,$885,$65,$28,$1,$94,$979,$6,$3,$3,$5,$-0,$0,$0,$-1,$-1,$10,$-1,$0,$0,$0,$-4,$-4,$-131,$-136,$-31,$26,$-5,$28,$28,$-1,$102,$123,$-3,$1,$-1
4,2017-09-30,23.47,$15.55,1.51,$8.34,2.82,$4.87,4.82,$1.33,17.65,$0.80B,$0.78B,1.03,$0.08B,$0.09B,0.88,$0.04B,$0.04B,85.71%,$0.04B,$0.01B,23.81%,$0.04B,0,0.00%,$0.04B,0,0.00%,$0.04B,$0.01B,23.81%,$0.04B,$0.01B,16.67%,$0.01B,$0.09B,9.09%,$0.01B,$0.09B,9.43%,$0.01B,$0.96B,0.78%,$0.01B,$0.18B,6.04%,$11,$2,$10,$0,$6,$8,$3,$-0,$3,$1,$2,$2,$2,$0,$0,$6,6,$0.33,$0.33,$11,$0,$0,$801,$8,$114,$3,$31,$156,$957,$780,$83,$0,$83,$863,$65,$28,$1,$94,$957,$5,$2,$1,$3,$-1,$0,$0,$0,$-0,$8,$-0,$0,$0,$7,$-15,$-8,$-105,$-113,$-11,$4,$-7,$28,$28,$-1,$81,$101,$-4,$1,$-1
5,2017-06-30,24.06,$15.27,1.58,$8.45,2.85,$4.66,5.17,$1.28,18.8,$0.78B,$0.75B,1.03,$0.08B,$0.09B,0.9,$0.04B,$0.03B,85.00%,$0.04B,$0.01B,22.50%,$0.04B,0,0.00%,$0.04B,0,0.00%,$0.04B,$0.01B,22.50%,$0.04B,$0.01B,15.00%,$0.01B,$0.09B,8.79%,$0.01B,$0.09B,9.16%,$0.01B,$0.93B,0.69%,$0.01B,$0.18B,5.73%,$10,$2,$9,$0,$6,$8,$2,$-1,$2,$1,$1,$1,$1,$0,$0,$5,5,$0.25,$0.25,$8,$0,$0,$775,$8,$112,$3,$30,$154,$929,$754,$83,$0,$83,$837,$65,$26,$1,$92,$929,$3,$1,$1,$2,$-0,$0,$-0,$0,$-0,$5,$-0,$0,$0,$0,$-6,$-6,$-82,$-88,$-11,$9,$-2,$28,$28,$-0,$50,$76,$-7,$0,$-0
6,2017-03-31,24.15,$13.05,1.85,$8.24,2.93,$4.15,5.83,$1.27,19.02,$0.72B,$0.72B,1.01,$0.09B,$0.06B,1.5,$0.04B,$0.03B,84.62%,$0.04B,$0.01B,23.08%,$0.04B,0,0.00%,$0.04B,0,0.00%,$0.04B,$0.01B,23.08%,$0.04B,$0.01B,15.38%,$0.01B,$0.06B,10.08%,$0.01B,$0.06B,10.57%,$0.01B,$0.87B,0.72%,$0.01B,$0.16B,6.11%,$11,$2,$9,$0,$6,$8,$3,$-0,$3,$1,$2,$2,$2,$0,$0,$5,5,$0.43,$0.43,$8,$0,$0,$722,$9,$113,$3,$26,$150,$872,$716,$94,$0,$94,$810,$37,$25,$1,$62,$872,$2,$1,$0,$1,$0,$0,$1,$0,$1,$4,$-0,$0,$0,$0,$-7,$-7,$-24,$-31,$0,$-15,$-15,$0,$0,$-0,$36,$20,$-7,$0,$-0
7,2016-12-31,20.57,$12.67,1.62,$7.97,2.58,$3.65,5.63,$1.18,17.43,$0.71B,$0.70B,1.02,$0.09B,$0.06B,1.56,$0.04B,$0.03B,86.49%,$0.04B,$0.01B,21.62%,$0.04B,0,0.00%,$0.04B,0,0.00%,$0.04B,$0.01B,21.62%,$0.04B,$0.01B,16.22%,$0.01B,$0.06B,10.34%,$0.01B,$0.06B,10.91%,$0.01B,$0.85B,0.76%,$0.01B,$0.15B,5.63%,$10,$1,$8,$0,$6,$7,$2,$-0,$2,$1,$2,$2,$2,$0,$0,$5,5,$0.34,$0.33,$15,$0,$0,$705,$9,$105,$3,$26,$143,$849,$695,$94,$0,$94,$789,$37,$23,$0,$60,$849,$6,$3,$1,$4,$-0,$0,$1,$-1,$-0,$9,$-1,$0,$0,$0,$-2,$-2,$-155,$-158,$20,$-5,$15,$-0,$-0,$-1,$143,$157,$9,$0,$-1
8,2016-09-30,16.03,$12.36,1.3,$7.58,2.11,$3.35,4.79,$1.06,15.12,$0.67B,$0.67B,1.01,$0.08B,$0.06B,1.43,$0.04B,$0.03B,88.57%,$0.04B,$0.01B,20.00%,$0.04B,0,0.00%,$0.04B,0,0.00%,$0.04B,$0.01B,20.00%,$0.04B,$0.01B,14.29%,$0.01B,$0.06B,8.85%,$0.01B,$0.06B,9.35%,$0.01B,$0.81B,0.67%,$0.01B,$0.14B,5.17%,$9,$1,$8,$0,$6,$7,$2,$-0,$2,$1,$1,$1,$1,$0,$0,$5,5,$0.28,$0.28,$13,$0,$0,$671,$9,$104,$3,$22,$138,$809,$666,$84,$0,$84,$750,$36,$22,$0,$59,$809,$4,$2,$1,$3,$-0,$0,$0,$-1,$-1,$6,$-1,$0,$0,$7,$-4,$3,$-120,$-118,$10,$2,$12,$-0,$-0,$-1,$107,$118,$6,$0,$-1
9,2016-06-30,13.08,$12.15,1.08,$7.24,1.81,$3.13,4.18,$0.99,13.21,$0.65B,$0.65B,0.99,$0.08B,$0.06B,1.39,$0.03B,$0.03B,88.24%,$0.03B,$0.01B,20.59%,$0.03B,0,0.00%,$0.03B,0,0.00%,$0.03B,$0.01B,17.65%,$0.03B,$0.01B,14.71%,$0.01B,$0.06B,9.09%,$0.01B,$0.05B,9.62%,$0.01B,$0.79B,0.71%,$0.01B,$0.14B,5.37%,$9,$1,$8,$0,$6,$7,$2,$-0,$2,$1,$1,$1,$1,$0,$0,$5,5,$0.24,$0.24,$12,$0,$0,$649,$9,$107,$3,$22,$141,$790,$654,$79,$0,$79,$733,$36,$21,$1,$57,$790,$3,$1,$0,$2,$-1,$0,$1,$-1,$-1,$3,$-1,$0,$0,$0,$1,$1,$-97,$-97,$5,$18,$23,$-0,$-0,$-0,$77,$100,$6,$0,$-0
10,2016-03-31,12.2,$11.91,1.02,$6.92,1.76,$3.29,3.71,$0.94,12.98,$0.59B,$0.58B,1.01,$0.08B,$0.06B,1.42,$0.03B,$0.03B,87.50%,$0.03B,$0.01B,18.75%,$0.03B,0,0.00%,$0.03B,0,0.00%,$0.03B,$0.01B,15.63%,$0.03B,$0.01B,15.63%,$0.01B,$0.06B,9.30%,$0.01B,$0.05B,9.85%,$0.01B,$0.72B,0.75%,$0.01B,$0.14B,4.74%,$9,$1,$8,$0,$6,$7,$2,$-0,$2,$1,$2,$2,$2,$0,$0,$5,5,$0.34,$0.34,$9,$0,$0,$586,$9,$97,$3,$22,$131,$717,$582,$79,$0,$79,$661,$36,$20,$0,$56,$717,$2,$1,$-0,$1,$-0,$0,$1,$-1,$-0,$2,$-1,$0,$0,$0,$9,$9,$-37,$-28,$5,$-33,$-28,$0,$0,$-0,$57,$29,$3,$0,$-0
11,2015-12-31,12.74,$11.61,1.1,$6.55,1.94,$3.31,3.85,$0.81,15.73,$0.55B,$0.56B,0.98,$0.07B,$0.05B,1.37,$0.03B,$0.03B,87.10%,$0.03B,$0.01B,16.13%,$0.03B,0,0.00%,$0.03B,0,0.00%,$0.03B,$0.00B,12.90%,$0.03B,$0.00B,12.90%,$0.00B,$0.05B,7.58%,$0.00B,$0.05B,8.04%,$0.00B,$0.69B,0.63%,$0.01B,$0.13B,4.07%,$8,$1,$7,$0,$5,$6,$1,$-0,$1,$0,$1,$1,$1,$0,$0,$5,5,$0.20,$0.20,$6,$0,$0,$546,$9,$106,$3,$21,$139,$685,$557,$74,$0,$74,$631,$36,$19,$0,$54,$685,$4,$3,$1,$4,$0,$0,$0,$0,$1,$8,$-1,$0,$0,$2,$-22,$-20,$-71,$-92,$15,$11,$26,$-1,$-1,$-1,$60,$84,$0,$0,$-1
12,2015-09-30,12.12,$11.44,1.06,$6.41,1.89,$2.99,4.06,$0.77,15.74,$0.51B,$0.52B,0.97,$0.07B,$0.05B,1.3,$0.03B,$0.03B,86.67%,$0.03B,$0.01B,16.67%,$0.03B,0,0.00%,$0.03B,0,0.00%,$0.03B,$0.00B,13.33%,$0.03B,$0.00B,13.33%,$0.00B,$0.05B,7.69%,$0.00B,$0.05B,8.16%,$0.00B,$0.64B,0.65%,$0.01B,$0.12B,4.22%,$8,$1,$7,$0,$5,$6,$2,$-0,$1,$0,$1,$1,$1,$0,$0,$5,5,$0.21,$0.21,$8,$0,$0,$506,$9,$105,$3,$22,$138,$644,$522,$69,$0,$69,$591,$36,$18,$0,$53,$644,$3,$2,$1,$3,$-0,$0,$0,$-1,$-1,$5,$-1,$0,$0,$0,$-18,$-18,$-29,$-48,$10,$-8,$2,$-1,$-1,$-1,$44,$45,$2,$0,$-1
13,2015-06-30,11.65,$11.12,1.05,$6.25,1.86,$2.52,4.62,$0.69,16.89,$0.48B,$0.50B,0.97,$0.07B,$0.05B,1.33,$0.03B,$0.03B,86.21%,$0.03B,$0.00B,13.79%,$0.03B,0,0.00%,$0.03B,0,0.00%,$0.03B,$0.00B,13.79%,$0.03B,$0.00B,13.79%,$0.00B,$0.05B,7.80%,$0.00B,$0.05B,8.25%,$0.00B,$0.62B,0.67%,$0.00B,$0.12B,3.47%,$7,$1,$6,$0,$5,$6,$1,$-0,$1,$0,$1,$1,$1,$0,$0,$5,5,$0.19,$0.19,$7,$0,$0,$482,$9,$103,$3,$23,$138,$620,$499,$69,$0,$69,$568,$36,$17,$-0,$52,$620,$2,$1,$0,$2,$-0,$0,$0,$-0,$0,$4,$-1,$0,$0,$0,$-17,$-17,$-7,$-25,$-5,$-1,$-6,$-1,$-1,$-0,$29,$22,$1,$0,$-0
14,2015-03-31,10.84,$11.13,0.97,$6.13,1.77,$2.68,4.04,$0.63,17.21,$0.48B,$0.48B,0.99,$0.07B,$0.05B,1.33,$0.03B,$0.03B,86.21%,$0.03B,$0.00B,13.79%,$0.03B,0,0.00%,$0.03B,0,0.00%,$0.03B,$0.00B,13.79%,$0.03B,$0.00B,13.79%,$0.00B,$0.05B,7.88%,$0.00B,$0.05B,8.33%,$0.00B,$0.60B,0.69%,$0.00B,$0.12B,3.56%,$8,$1,$7,$0,$5,$6,$1,$-0,$1,$0,$1,$1,$1,$0,$0,$5,5,$0.21,$0.21,$7,$0,$0,$477,$9,$95,$3,$22,$128,$604,$483,$69,$0,$69,$552,$36,$16,$0,$52,$604,$1,$1,$0,$1,$-0,$0,$1,$-1,$-0,$2,$-0,$0,$0,$0,$-7,$-7,$0,$-7,$-5,$-3,$-8,$-0,$-0,$-0,$15,$7,$1,$0,$-0
15,2014-12-31,9.79,$10.99,0.89,$5.95,1.64,$2.78,3.52,$0.57,17.18,$0.47B,$0.49B,0.98,$0.06B,$0.05B,1.15,$0.03B,$0.02B,85.71%,$0.03B,$0.00B,14.29%,$0.03B,0,0.00%,$0.03B,0,0.00%,$0.03B,$0.00B,14.29%,$0.03B,$0.00B,14.29%,$0.00B,$0.05B,8.04%,$0.00B,$0.05B,8.51%,$0.00B,$0.60B,0.71%,$0.00B,$0.11B,3.68%,$7,$1,$6,$0,$5,$6,$1,$-0,$1,$0,$1,$1,$1,$0,$0,$5,5,$0.16,$0.16,$6,$0,$0,$474,$9,$88,$3,$22,$122,$596,$486,$59,$0,$59,$545,$36,$16,$0,$51,$596,$3,$3,$1,$3,$-0,$0,$1,$2,$2,$8,$-3,$0,$0,$12,$2,$14,$-83,$-71,$5,$24,$29,$0,$0,$-0,$28,$56,$-7,$0,$-0
16,2014-09-30,9.55,$10.81,0.88,$6.14,1.56,$3.64,2.62,$0.55,17.37,$0.45B,$0.46B,0.99,$0.06B,$0.05B,1.17,$0.03B,$0.02B,85.71%,$0.03B,$0.00B,14.29%,$0.03B,0,0.00%,$0.03B,0,0.00%,$0.03B,$0.00B,14.29%,$0.03B,$0.00B,14.29%,$0.00B,$0.05B,8.25%,$0.00B,$0.05B,8.70%,$0.00B,$0.57B,0.73%,$0.00B,$0.11B,3.76%,$7,$1,$6,$0,$5,$6,$1,$-0,$1,$0,$1,$1,$1,$0,$0,$5,5,$0.13,$0.13,$15,$0,$0,$454,$9,$80,$3,$23,$114,$568,$459,$59,$0,$59,$518,$35,$15,$0,$50,$568,$2,$2,$0,$2,$-0,$0,$1,$-0,$0,$4,$-2,$0,$0,$0,$22,$22,$-51,$-31,$5,$0,$5,$0,$0,$-0,$24,$29,$2,$0,$-0
17,2014-06-30,8.81,$10.65,0.83,$6.22,1.42,$4.82,1.83,$0.56,15.73,$0.44B,$0.45B,0.97,$0.06B,$0.05B,1.19,$0.03B,$0.02B,88.89%,$0.03B,$0.00B,14.81%,$0.03B,0,0.00%,$0.03B,0,0.00%,$0.03B,$0.00B,14.81%,$0.03B,$0.00B,14.81%,$0.00B,$0.05B,8.42%,$0.00B,$0.05B,8.94%,$0.00B,$0.56B,0.74%,$0.00B,$0.11B,3.89%,$7,$1,$6,$0,$5,$6,$1,$-0,$1,$0,$1,$1,$1,$0,$0,$5,5,$0.13,$0.13,$11,$0,$0,$435,$8,$90,$3,$21,$122,$557,$449,$59,$0,$59,$507,$35,$15,$-0,$50,$557,$1,$1,$1,$2,$-0,$0,$1,$1,$2,$5,$-1,$0,$0,$0,$12,$12,$-36,$-26,$0,$5,$5,$0,$0,$-0,$14,$19,$-2,$0,$-0
18,2014-03-31,8.25,$10.35,0.8,$6.62,1.25,$5.12,1.61,$0.47,17.56,$0.42B,$0.44B,0.95,$0.06B,$0.05B,1.22,$0.03B,$0.02B,88.46%,$0.03B,$0.00B,15.38%,$0.03B,0,0.00%,$0.03B,0,0.00%,$0.03B,$0.00B,11.54%,$0.03B,$0.00B,11.54%,$0.00B,$0.05B,6.74%,$0.00B,$0.05B,7.19%,$0.00B,$0.55B,0.56%,$0.00B,$0.11B,4.22%,$7,$1,$6,$0,$5,$6,$1,$-0,$1,$0,$1,$1,$1,$0,$0,$5,5,$0.15,$0.15,$8,$0,$0,$417,$8,$97,$3,$22,$130,$547,$440,$59,$0,$59,$499,$35,$14,$-1,$48,$547,$1,$1,$1,$1,$-0,$0,$1,$0,$1,$3,$-1,$0,$0,$0,$3,$3,$-21,$-19,$0,$15,$15,$0,$0,$0,$-4,$11,$-5,$0,$0
19,2013-12-31,7.43,$10.03,0.74,$7.14,1.04,$5.27,1.41,$0.35,21.22,$0.40B,$0.43B,0.93,$0.05B,$0.05B,1.16,$0.03B,$0.02B,88.46%,$0.03B,$0.00B,11.54%,$0.03B,0,0.00%,$0.03B,0,0.00%,$0.03B,$0.00B,7.69%,$0.03B,$0.00B,7.69%,$0.00B,$0.05B,4.71%,$0.00B,$0.04B,5.03%,$0.00B,$0.53B,0.38%,$0.00B,$0.10B,3.42%,$7,$1,$6,$0,$5,$6,$1,$-0,$1,$0,$1,$1,$1,$0,$0,$4,4,$0.17,$0.16,$13,$0,$0,$402,$7,$99,$3,$23,$132,$534,$434,$54,$0,$54,$487,$35,$13,$-2,$46,$534,$1,$4,$5,$8,$0,$0,$0,$-1,$-1,$9,$-1,$0,$0,$39,$-19,$20,$-46,$-27,$15,$0,$15,$7,$7,$0,$-2,$20,$2,$0,$0
20,2013-09-30,6.28,$9.94,0.63,$7.60,0.83,$6.02,1.04,$0.18,34.87,$0.40B,$0.44B,0.91,$0.05B,$0.05B,1.06,$0.03B,$0.02B,88.46%,$0.03B,$0.00B,11.54%,$0.03B,0,0.00%,$0.03B,0,0.00%,$0.03B,$0.00B,3.85%,$0.03B,$0.00B,3.85%,$0.00B,$0.05B,2.44%,$0.00B,$0.04B,2.61%,$0.00B,$0.54B,0.19%,$0.00B,$0.10B,3.64%,$6,$1,$6,$0,$5,$5,$1,$-0,$1,$0,$1,$1,$1,$0,$0,$4,4,$0.14,$0.14,$11,$0,$0,$399,$7,$104,$3,$22,$135,$535,$440,$49,$0,$49,$489,$35,$13,$-2,$46,$535,$1,$3,$3,$6,$0,$0,$-0,$-0,$-0,$7,$-1,$0,$0,$0,$17,$17,$-45,$-29,$10,$0,$10,$0,$0,$7,$5,$21,$-1,$0,$7
21,2013-06-30,5.84,$11.14,0.52,$8.14,0.72,$7.73,0.76,$0.21,27.8,$0.38B,$0.45B,0.85,$0.04B,$0.04B,1.02,$0.03B,$0.02B,85.19%,$0.03B,$0.00B,11.11%,$0.03B,0,0.00%,$0.03B,0,0.00%,$0.03B,$0.00B,3.70%,$0.03B,$0.00B,3.70%,$0.00B,$0.04B,2.52%,$0.00B,$0.04B,2.70%,$0.00B,$0.53B,0.19%,$0.00B,$0.08B,3.81%,$6,$1,$5,$0,$5,$6,$1,$-1,$0,$-0,$0,$0,$0,$0,$0,$3,3,$0.04,$0.04,$8,$0,$0,$381,$7,$113,$3,$23,$146,$527,$450,$39,$0,$39,$489,$28,$12,$-2,$38,$527,$0,$2,$3,$5,$0,$0,$-0,$-1,$-1,$4,$-1,$0,$0,$0,$7,$7,$-29,$-22,$0,$18,$18,$0,$0,$0,$-3,$14,$-3,$0,$0
22,2013-03-31,7.12,$11.66,0.61,$8.22,0.87,$7.32,0.97,$0.31,22.98,$0.35B,$0.44B,0.8,$0.04B,$0.04B,0.97,$0.03B,$0.02B,85.71%,$0.03B,$0.00B,10.71%,$0.03B,0,0.00%,$0.03B,0,0.00%,$0.03B,$0.00B,7.14%,$0.03B,$0.00B,3.57%,$0.00B,$0.04B,2.47%,$0.00B,$0.04B,2.65%,$0.00B,$0.52B,0.20%,$0.00B,$0.08B,3.79%,$7,$1,$6,$0,$5,$6,$0,$-0,$0,$-0,$0,$0,$0,$0,$0,$3,3,$0.03,$0.03,$7,$0,$0,$353,$6,$131,$3,$25,$165,$519,$440,$39,$0,$39,$479,$28,$12,$-0,$40,$519,$0,$1,$1,$2,$-0,$0,$0,$-1,$-1,$2,$-0,$0,$0,$0,$-6,$-6,$-4,$-11,$3,$0,$3,$0,$0,$0,$1,$4,$-5,$0,$0
23,2012-12-31,5.12,$11.88,0.43,$8.19,0.62,$7.40,0.69,$0.22,23.26,$0.36B,$0.44B,0.82,$0.04B,$0.04B,0.96,$0.03B,$0.02B,85.19%,$0.03B,$0.00B,11.11%,$0.03B,0,0.00%,$0.03B,0,0.00%,$0.03B,$0.00B,7.41%,$0.03B,$0.00B,3.70%,$0.00B,$0.04B,2.47%,$0.00B,$0.04B,2.65%,$0.00B,$0.52B,0.20%,$0.00B,$0.08B,3.79%,$7,$1,$6,$0,$6,$6,$1,$-1,$-0,$-0,$-0,$-0,$-0,$0,$0,$3,3,$-0.03,$-0.03,$12,$0,$0,$356,$6,$126,$3,$23,$158,$515,$435,$39,$0,$39,$474,$28,$12,$0,$40,$515,$1,$4,$4,$7,$1,$0,$0,$1,$1,$9,$-0,$0,$0,$0,$-25,$-25,$-16,$-42,$0,$0,$0,$-0,$-0,$0,$7,$7,$-26,$0,$0
24,2012-09-30,4.85,$12.12,0.4,$7.99,0.61,$6.73,0.72,$0.40,12.12,$0.35B,$0.42B,0.82,$0.04B,$0.04B,0.94,$0.03B,$0.02B,81.48%,$0.03B,$0.00B,11.11%,$0.03B,0,0.00%,$0.03B,0,0.00%,$0.03B,$0.00B,11.11%,$0.03B,$0.00B,7.41%,$0.00B,$0.04B,4.94%,$0.00B,$0.04B,5.33%,$0.00B,$0.50B,0.39%,$0.00B,$0.08B,3.79%,$7,$1,$6,$0,$5,$6,$1,$-0,$1,$0,$1,$1,$1,$0,$0,$3,3,$0.17,$0.17,$11,$0,$0,$346,$7,$127,$3,$22,$158,$504,$424,$39,$0,$39,$463,$28,$12,$1,$41,$504,$1,$3,$2,$5,$0,$0,$4,$1,$6,$11,$-0,$0,$0,$0,$-25,$-25,$-5,$-30,$0,$0,$0,$-0,$-0,$0,$-8,$-8,$-27,$0,$0
25,2012-06-30,4.94,$11.93,0.41,$7.83,0.63,$5.06,0.98,$0.39,12.68,$0.36B,$0.43B,0.82,$0.04B,$0.04B,0.96,$0.03B,$0.02B,77.78%,$0.03B,$0.00B,11.11%,$0.03B,0,0.00%,$0.03B,0,0.00%,$0.03B,$0.00B,11.11%,$0.03B,$0.00B,7.41%,$0.00B,$0.04B,5.00%,$0.00B,$0.04B,5.37%,$0.00B,$0.51B,0.39%,$0.00B,$0.08B,3.81%,$7,$1,$6,$0,$5,$6,$1,$-0,$1,$0,$0,$0,$0,$0,$0,$3,3,$0.15,$0.14,$13,$0,$0,$355,$7,$123,$3,$25,$157,$512,$433,$39,$0,$39,$472,$28,$12,$1,$41,$512,$0,$2,$2,$3,$1,$0,$-0,$-1,$-1,$3,$-0,$0,$0,$0,$-21,$-21,$-11,$-32,$0,$0,$0,$-0,$-0,$0,$5,$5,$-25,$0,$0
26,2012-03-31,4.9,$11.76,0.42,$7.94,0.62,$4.50,1.09,$0.47,10.42,$0.37B,$0.43B,0.86,$0.04B,$0.04B,0.98,$0.03B,$0.02B,77.78%,$0.03B,$0.00B,11.11%,$0.03B,0,0.00%,$0.03B,0,0.00%,$0.03B,$0.00B,11.11%,$0.03B,$0.00B,11.11%,$0.00B,$0.04B,7.59%,$0.00B,$0.04B,8.16%,$0.00B,$0.51B,0.60%,$0.00B,$0.08B,3.82%,$6,$1,$5,$0,$5,$6,$0,$-1,$-0,$-0,$-0,$-0,$-0,$0,$0,$3,3,$-0.06,$-0.06,$44,$0,$0,$374,$7,$107,$3,$22,$139,$513,$434,$39,$0,$39,$473,$28,$11,$1,$40,$513,$-0,$1,$1,$2,$1,$0,$-0,$0,$0,$2,$-0,$0,$0,$0,$-5,$-5,$3,$-2,$0,$0,$0,$-0,$-0,$0,$7,$7,$7,$0,$0
27,2011-12-31,4.11,$11.83,0.35,$8.01,0.51,$4.62,0.89,$0.74,5.55,$0.37B,$0.43B,0.87,$0.04B,$0.04B,0.98,$0.03B,$0.02B,78.57%,$0.03B,$0.00B,14.29%,$0.03B,0,0.00%,$0.03B,0,0.00%,$0.03B,$0.00B,14.29%,$0.03B,$0.00B,14.29%,$0.00B,$0.04B,10.26%,$0.00B,$0.04B,11.03%,$0.00B,$0.51B,0.82%,$0.00B,$0.08B,5.14%,$7,$1,$5,$0,$5,$6,$1,$-0,$1,$0,$1,$1,$1,$0,$0,$3,3,$0.17,$0.15,$38,$0,$0,$372,$7,$102,$3,$23,$135,$507,$428,$39,$0,$39,$467,$28,$11,$1,$40,$507,$2,$2,$2,$4,$0,$0,$0,$1,$1,$8,$-1,$0,$0,$1,$-9,$-9,$-8,$-17,$-10,$0,$-10,$0,$0,$0,$39,$29,$20,$0,$0
28,2011-09-30,4.99,$11.68,0.43,$8.07,0.62,$5.26,0.95,$0.77,6.48,$0.38B,$0.42B,0.91,$0.04B,$0.04B,0.99,$0.03B,$0.02B,78.57%,$0.03B,$0.00B,14.29%,$0.03B,0,0.00%,$0.03B,0,0.00%,$0.03B,$0.00B,14.29%,$0.03B,$0.00B,14.29%,$0.00B,$0.04B,10.46%,$0.00B,$0.04B,11.27%,$0.00B,$0.50B,0.84%,$0.00B,$0.08B,5.19%,$7,$1,$5,$0,$5,$6,$1,$-0,$1,$0,$1,$1,$1,$0,$0,$3,3,$0.16,$0.16,$48,$0,$0,$380,$6,$84,$3,$22,$115,$496,$418,$39,$0,$39,$456,$28,$11,$1,$39,$496,$2,$1,$2,$3,$0,$0,$0,$-0,$0,$6,$-0,$0,$0,$1,$10,$10,$-4,$6,$-10,$0,$-10,$0,$0,$0,$29,$19,$31,$0,$0
29,2011-06-30,6.41,$11.45,0.56,$8.12,0.79,$5.11,1.26,$0.80,8.01,$0.36B,$0.40B,0.92,$0.04B,$0.04B,1.01,$0.03B,$0.02B,78.57%,$0.03B,$0.00B,14.29%,$0.03B,0,0.00%,$0.03B,0,0.00%,$0.03B,$0.00B,14.29%,$0.03B,$0.00B,14.29%,$0.00B,$0.04B,10.60%,$0.00B,$0.04B,11.51%,$0.00B,$0.47B,0.84%,$0.00B,$0.08B,5.71%,$7,$1,$6,$0,$5,$6,$1,$0,$1,$0,$1,$1,$1,$0,$0,$3,3,$0.22,$0.22,$29,$0,$0,$363,$7,$76,$3,$25,$110,$473,$396,$39,$0,$39,$435,$28,$10,$1,$39,$473,$1,$1,$2,$2,$0,$0,$0,$-4,$-3,$1,$-0,$0,$0,$0,$17,$18,$-4,$13,$-10,$0,$-10,$0,$0,$0,$7,$-3,$11,$0,$0
30,2011-03-31,5.71,$11.16,0.51,$8.08,0.71,$6.21,0.92,$0.67,8.52,$0.36B,$0.39B,0.91,$0.04B,$0.04B,1.04,$0.03B,$0.02B,75.00%,$0.03B,$0.00B,10.71%,$0.03B,0,0.00%,$0.03B,0,0.00%,$0.03B,$0.00B,10.71%,$0.03B,$0.00B,10.71%,$0.00B,$0.04B,8.11%,$0.00B,$0.04B,8.82%,$0.00B,$0.47B,0.63%,$0.00B,$0.08B,4.78%,$7,$1,$6,$0,$5,$6,$1,$-0,$1,$0,$1,$1,$1,$0,$0,$3,3,$0.21,$0.21,$19,$0,$0,$357,$7,$84,$3,$19,$112,$469,$392,$39,$0,$39,$431,$28,$9,$0,$38,$469,$1,$0,$1,$1,$0,$0,$-0,$1,$1,$3,$-0,$0,$0,$0,$9,$9,$-5,$4,$-10,$0,$-10,$0,$0,$0,$4,$-6,$1,$0,$0
31,2010-12-31,5.65,$10.94,0.52,$8.08,0.7,$6.20,0.91,$0.66,8.56,$0.35B,$0.40B,0.88,$0.04B,$0.04B,1.06,$0.03B,$0.02B,71.43%,$0.03B,$0.00B,10.71%,$0.03B,0,0.00%,$0.03B,0,0.00%,$0.03B,$0.00B,10.71%,$0.03B,$0.00B,10.71%,$0.00B,$0.04B,8.28%,$0.00B,$0.03B,8.96%,$0.00B,$0.47B,0.63%,$0.00B,$0.08B,5.38%,$7,$1,$5,$0,$5,$6,$1,$-0,$1,$0,$1,$1,$1,$0,$0,$3,3,$0.19,$0.18,$18,$0,$0,$352,$7,$93,$3,$20,$122,$474,$398,$39,$0,$39,$437,$28,$9,$0,$37,$474,$2,$1,$3,$4,$0,$1,$0,$2,$3,$9,$-0,$0,$0,$-1,$-18,$-18,$-13,$-32,$-7,$10,$3,$-0,$-0,$0,$14,$17,$-5,$0,$0
32,2010-09-30,4.81,$11.37,0.42,$8.20,0.59,$7.89,0.61,$0.56,8.59,$0.37B,$0.43B,0.84,$0.01B,$0.04B,0.35,$0.03B,$0.02B,71.43%,$0.03B,$0.00B,7.14%,$0.03B,0,0.00%,$0.03B,0,0.00%,$0.03B,$0.00B,7.14%,$0.03B,$0.00B,7.14%,$0.00B,$0.04B,5.59%,$0.00B,$0.03B,6.06%,$0.00B,$0.48B,0.42%,$0.00B,$0.05B,3.51%,$7,$1,$5,$0,$4,$6,$1,$-0,$1,$0,$1,$1,$1,$0,$0,$3,3,$0.19,$0.19,$36,$0,$0,$366,$7,$88,$3,$21,$119,$484,$434,$13,$0,$13,$447,$28,$8,$1,$37,$484,$2,$1,$3,$3,$0,$1,$0,$-1,$0,$5,$-0,$0,$0,$-1,$-11,$-12,$-7,$-19,$-0,$0,$-0,$0,$0,$0,$27,$27,$13,$0,$0
33,2010-06-30,4.95,$11.04,0.45,$8.39,0.59,$10.78,0.46,$0.65,7.62,$0.37B,$0.44B,0.85,$0.01B,$0.04B,0.36,$0.03B,$0.02B,71.43%,$0.03B,$0.00B,7.14%,$0.03B,0,0.00%,$0.03B,0,0.00%,$0.03B,$0.00B,7.14%,$0.03B,$0.00B,7.14%,$0.00B,$0.04B,5.67%,$0.00B,$0.03B,6.15%,$0.00B,$0.49B,0.43%,$0.00B,$0.05B,3.54%,$7,$2,$5,$0,$5,$6,$0,$0,$0,$-0,$0,$0,$0,$0,$0,$3,3,$0.09,$0.09,$46,$0,$0,$372,$7,$79,$3,$23,$112,$485,$436,$13,$0,$13,$449,$28,$8,$1,$36,$485,$1,$0,$2,$2,$0,$1,$0,$-0,$1,$4,$-0,$0,$0,$-1,$-3,$-4,$-6,$-10,$-0,$0,$-0,$0,$0,$0,$28,$28,$22,$0,$0
34,2010-03-31,5.42,$10.87,0.5,$8.62,0.63,$12.13,0.45,$0.74,7.32,$0.37B,$0.42B,0.87,$0.01B,$0.04B,0.37,$0.03B,$0.02B,71.43%,$0.03B,$0.00B,10.71%,$0.03B,0,0.00%,$0.03B,0,0.00%,$0.03B,$0.00B,10.71%,$0.03B,$0.00B,10.71%,$0.00B,$0.04B,8.70%,$0.00B,$0.03B,9.45%,$0.00B,$0.47B,0.65%,$0.00B,$0.05B,5.38%,$7,$2,$5,$0,$4,$6,$1,$-0,$1,$0,$1,$1,$1,$0,$0,$3,3,$0.20,$0.20,$45,$0,$0,$370,$7,$76,$3,$16,$102,$472,$424,$13,$0,$13,$436,$28,$7,$0,$35,$472,$1,$0,$1,$1,$0,$0,$0,$0,$1,$3,$-0,$0,$0,$-1,$-2,$-3,$3,$-0,$-0,$0,$-0,$0,$0,$0,$16,$16,$18,$0,$0
35,2009-12-31,3.2,$10.59,0.3,$8.76,0.36,$12.26,0.26,$0.62,5.15,$0.36B,$0.37B,0.95,$0.05B,$0.04B,1.33,$0.03B,$0.02B,67.86%,$0.03B,$0.00B,7.14%,$0.03B,0,0.00%,$0.03B,0,0.00%,$0.03B,$0.00B,7.14%,$0.03B,$0.00B,7.14%,$0.00B,$0.04B,5.93%,$0.00B,$0.03B,6.50%,$0.00B,$0.46B,0.43%,$0.00B,$0.08B,3.64%,$7,$2,$5,$0,$5,$7,$0,$0,$0,$-0,$0,$0,$0,$0,$0,$3,3,$0.08,$0.08,$26,$0,$0,$356,$7,$73,$3,$16,$99,$455,$374,$46,$0,$46,$420,$28,$7,$0,$35,$455,$2,$1,$4,$5,$0,$10,$-0,$-4,$6,$13,$1,$0,$0,$0,$-8,$-8,$-16,$-23,$-0,$0,$-0,$-0,$-0,$-0,$12,$12,$2,$0,$-0
36,2009-09-30,4.64,$10.69,0.43,$8.75,0.53,$9.09,0.51,$0.84,5.52,$0.35B,$0.41B,0.86,$0.01B,$0.04B,0.37,$0.03B,$0.02B,64.29%,$0.03B,$0.00B,7.14%,$0.03B,0,0.00%,$0.03B,0,0.00%,$0.03B,$0.00B,3.57%,$0.03B,$0.00B,10.71%,$0.00B,$0.04B,9.09%,$0.00B,$0.03B,10.00%,$0.00B,$0.45B,0.65%,$0.00B,$0.05B,4.35%,$7,$2,$5,$0,$4,$6,$1,$0,$1,$0,$1,$1,$1,$0,$0,$3,3,$0.28,$0.28,$19,$0,$0,$347,$7,$82,$3,$14,$106,$453,$405,$13,$0,$13,$418,$28,$6,$1,$35,$453,$2,$1,$2,$2,$-0,$9,$0,$-0,$9,$13,$1,$0,$0,$0,$-16,$-16,$-13,$-28,$-0,$0,$-0,$-0,$-0,$-0,$9,$9,$-6,$0,$-0
37,2009-06-30,4.75,$10.09,0.47,$7.64,0.62,$5.69,0.84,$-0.30,0.0,$0.35B,$0.42B,0.84,$0.01B,$0.03B,0.39,$0.03B,$0.01B,56.00%,$0.03B,$-0.00B,-8.00%,$0.03B,0,0.00%,$0.03B,0,0.00%,$0.03B,$-0.00B,-12.00%,$0.03B,$-0.00B,-4.00%,$-0.00B,$0.03B,-3.13%,$-0.00B,$0.03B,-3.45%,$-0.00B,$0.47B,-0.22%,$-0.00B,$0.05B,-4.44%,$7,$2,$5,$0,$4,$6,$1,$-0,$1,$0,$1,$1,$1,$0,$0,$3,3,$0.18,$0.18,$26,$0,$0,$351,$7,$89,$3,$15,$114,$465,$419,$13,$0,$13,$432,$28,$5,$-0,$33,$465,$1,$0,$1,$2,$0,$5,$0,$-1,$5,$7,$1,$0,$0,$-1,$-24,$-25,$-10,$-34,$-0,$0,$-0,$-0,$-0,$-0,$23,$23,$-4,$0,$-0
38,2009-03-31,3.57,$9.82,0.36,$7.42,0.48,$3.62,0.99,$-0.37,0.0,$0.38B,$0.44B,0.86,$0.01B,$0.03B,0.4,$0.03B,$0.01B,52.00%,$0.03B,$-0.00B,-12.00%,$0.03B,0,0.00%,$0.03B,0,0.00%,$0.03B,$-0.00B,-16.00%,$0.03B,$-0.00B,-8.00%,$-0.00B,$0.03B,-6.15%,$-0.00B,$0.03B,-6.78%,$-0.00B,$0.48B,-0.45%,$-0.00B,$0.05B,-6.63%,$7,$3,$4,$0,$4,$7,$0,$0,$0,$-0,$0,$0,$0,$0,$0,$3,3,$0.08,$0.08,$58,$0,$0,$377,$8,$79,$3,$15,$104,$481,$436,$13,$0,$13,$449,$28,$5,$-1,$32,$481,$0,$0,$1,$1,$0,$2,$-0,$-0,$2,$3,$-0,$0,$0,$-3,$-15,$-17,$-3,$-20,$-0,$0,$-0,$0,$0,$-0,$41,$40,$23,$0,$-0
39,2008-12-31,4.25,$9.82,0.43,$7.45,0.57,$3.26,1.3,$-0.26,0.0,$0.35B,$0.40B,0.89,$0.01B,$0.03B,0.4,$0.03B,$0.01B,56.00%,$0.03B,$-0.00B,-8.00%,$0.03B,0,0.00%,$0.03B,0,0.00%,$0.03B,$-0.00B,-12.00%,$0.03B,$-0.00B,-4.00%,$-0.00B,$0.03B,-3.01%,$-0.00B,$0.03B,-3.31%,$-0.00B,$0.44B,-0.23%,$-0.00B,$0.05B,-4.35%,$7,$3,$4,$0,$4,$7,$-0,$0,$-1,$-2,$1,$1,$1,$0,$0,$3,3,$0.30,$0.30,$34,$0,$0,$351,$9,$64,$3,$14,$89,$441,$396,$13,$0,$13,$409,$28,$5,$-1,$32,$441,$-1,$1,$3,$4,$-0,$1,$0,$0,$1,$4,$-0,$0,$0,$0,$-18,$-18,$-25,$-44,$-5,$3,$-2,$-0,$-0,$-1,$52,$48,$9,$0,$-1
40,2008-09-30,6.84,$9.34,0.73,$7.44,0.92,$2.46,2.78,$-0.57,0.0,$0.35B,$0.40B,0.88,$0.01B,$0.03B,0.42,$0.03B,$0.01B,56.00%,$0.03B,$-0.00B,-8.00%,$0.03B,0,0.00%,$0.03B,0,0.00%,$0.03B,$-0.00B,-8.00%,$0.03B,$-0.00B,-8.00%,$-0.00B,$0.03B,-5.93%,$-0.00B,$0.03B,-6.45%,$-0.00B,$0.44B,-0.48%,$-0.00B,$0.04B,-4.30%,$4,$3,$1,$0,$4,$6,$-3,$0,$-3,$0,$-3,$-3,$-3,$0,$0,$3,3,$-0.92,$-0.92,$40,$0,$0,$349,$9,$67,$3,$12,$90,$439,$395,$13,$0,$13,$408,$28,$4,$-1,$31,$439,$-2,$1,$4,$5,$-0,$1,$0,$0,$1,$4,$-0,$0,$0,$0,$-21,$-21,$-16,$-38,$-2,$3,$1,$-0,$-0,$-1,$48,$48,$14,$0,$-1
41,2008-06-30,7.12,$10.46,0.68,$8.53,0.83,$2.57,2.77,$0.45,15.82,$0.36B,$0.39B,0.93,$0.01B,$0.04B,0.37,$0.03B,$0.02B,60.71%,$0.03B,$0.00B,7.14%,$0.03B,0,0.00%,$0.03B,0,0.00%,$0.03B,$0.00B,7.14%,$0.03B,$0.00B,7.14%,$0.00B,$0.04B,5.76%,$0.00B,$0.03B,6.25%,$0.00B,$0.43B,0.49%,$0.00B,$0.05B,4.21%,$7,$3,$4,$0,$4,$6,$0,$0,$0,$0,$0,$0,$0,$0,$0,$3,3,$0.11,$0.11,$56,$0,$0,$359,$9,$51,$3,$11,$74,$432,$385,$13,$0,$13,$398,$27,$8,$-0,$35,$432,$1,$1,$0,$1,$0,$0,$0,$-0,$0,$2,$-0,$0,$0,$0,$-1,$-1,$-9,$-10,$-2,$3,$1,$0,$0,$-0,$38,$38,$30,$0,$-0
42,2008-03-31,9.22,$10.57,0.87,$8.52,1.08,$2.76,3.35,$0.42,21.86,$0.34B,$0.36B,0.94,$0.01B,$0.04B,0.37,$0.03B,$0.02B,60.71%,$0.03B,$0.00B,7.14%,$0.03B,0,0.00%,$0.03B,0,0.00%,$0.03B,$0.00B,7.14%,$0.03B,$0.00B,7.14%,$0.00B,$0.04B,5.76%,$0.00B,$0.03B,6.25%,$0.00B,$0.41B,0.51%,$0.00B,$0.05B,4.08%,$7,$3,$5,$0,$4,$6,$1,$0,$1,$0,$1,$1,$1,$0,$0,$3,3,$0.19,$0.19,$36,$0,$0,$335,$9,$51,$3,$7,$70,$406,$358,$13,$0,$13,$371,$27,$8,$-0,$35,$406,$1,$0,$0,$0,$0,$0,$-0,$0,$1,$2,$-0,$0,$0,$0,$-1,$-1,$-2,$-3,$-2,$3,$1,$0,$0,$-0,$11,$12,$11,$0,$-0
43,2007-12-31,11.47,$11.13,1.03,$8.38,1.37,$2.69,4.26,$0.45,25.49,$0.32B,$0.35B,0.94,$0.01B,$0.03B,0.37,$0.03B,$0.02B,57.14%,$0.03B,$0.00B,7.14%,$0.03B,0,0.00%,$0.03B,0,0.00%,$0.03B,$0.00B,7.14%,$0.03B,$0.00B,7.14%,$0.00B,$0.03B,5.76%,$0.00B,$0.03B,6.25%,$0.00B,$0.39B,0.52%,$0.00B,$0.05B,4.26%,$7,$3,$4,$0,$4,$7,$-0,$0,$-0,$-0,$-0,$-0,$-0,$0,$0,$3,3,$-0.01,$-0.01,$26,$0,$0,$324,$9,$50,$3,$7,$70,$394,$346,$13,$0,$13,$359,$27,$8,$0,$34,$394,$2,$1,$1,$2,$-0,$0,$-0,$-0,$-0,$4,$-2,$0,$0,$0,$-9,$-9,$-39,$-50,$2,$23,$25,$-1,$-1,$-1,$13,$36,$-10,$0,$-1
44,2007-09-30,10.3,$10.52,0.98,$8.23,1.25,$2.88,3.58,$0.66,15.61,$0.33B,$0.34B,0.95,$0.01B,$0.04B,0.37,$0.03B,$0.02B,57.14%,$0.03B,$0.00B,10.71%,$0.03B,0,0.00%,$0.03B,0,0.00%,$0.03B,$0.00B,10.71%,$0.03B,$0.00B,10.71%,$0.00B,$0.04B,8.57%,$0.00B,$0.03B,9.38%,$0.00B,$0.39B,0.80%,$0.00B,$0.05B,6.63%,$7,$3,$4,$0,$4,$7,$1,$0,$1,$0,$1,$1,$1,$0,$0,$3,3,$0.16,$0.16,$33,$0,$0,$325,$9,$48,$3,$7,$67,$392,$344,$13,$0,$13,$357,$27,$8,$-0,$35,$392,$2,$1,$1,$2,$-0,$2,$1,$-1,$2,$6,$-2,$0,$0,$0,$-6,$-6,$-32,$-40,$2,$8,$10,$-0,$-0,$-1,$25,$34,$-1,$0,$-1
45,2007-06-30,12.3,$10.37,1.19,$7.94,1.55,$2.26,5.44,$0.67,18.38,$0.32B,$0.33B,0.96,$0.02B,$0.04B,0.52,$0.03B,$0.02B,59.26%,$0.03B,$0.00B,11.11%,$0.03B,0,0.00%,$0.03B,0,0.00%,$0.03B,$0.00B,11.11%,$0.03B,$0.00B,11.11%,$0.00B,$0.04B,8.63%,$0.00B,$0.03B,9.23%,$0.00B,$0.39B,0.83%,$0.00B,$0.05B,6.98%,$7,$3,$4,$0,$4,$6,$0,$0,$0,$0,$0,$0,$0,$0,$0,$3,3,$0.09,$0.09,$38,$0,$0,$321,$9,$47,$3,$8,$66,$387,$334,$18,$0,$18,$352,$28,$8,$-0,$35,$387,$1,$1,$1,$1,$0,$2,$0,$-1,$2,$4,$-1,$0,$0,$0,$-6,$-6,$-22,$-30,$7,$8,$15,$0,$0,$-0,$16,$30,$4,$0,$-0
46,2007-03-31,12.91,$10.47,1.23,$7.76,1.66,$1.97,6.55,$0.78,16.51,$0.29B,$0.32B,0.93,$0.01B,$0.04B,0.15,$0.03B,$0.02B,61.54%,$0.03B,$0.00B,15.38%,$0.03B,0,0.00%,$0.03B,0,0.00%,$0.03B,$0.00B,15.38%,$0.03B,$0.00B,15.38%,$0.00B,$0.04B,11.68%,$0.00B,$0.03B,12.21%,$0.00B,$0.36B,1.15%,$0.00B,$0.04B,10.13%,$7,$3,$4,$0,$3,$6,$1,$0,$1,$0,$1,$1,$1,$0,$0,$3,3,$0.22,$0.22,$24,$0,$0,$293,$8,$46,$3,$7,$64,$357,$317,$5,$0,$5,$322,$27,$8,$0,$35,$357,$1,$0,$0,$0,$0,$1,$0,$-0,$1,$2,$-1,$0,$0,$0,$-5,$-5,$-8,$-14,$-0,$2,$2,$0,$0,$-0,$-2,$-0,$-12,$0,$-0
47,2006-12-31,12.74,$10.30,1.24,$7.43,1.71,$1.89,6.74,$0.74,17.11,$0.28B,$0.32B,0.89,$0.01B,$0.04B,0.15,$0.03B,$0.02B,64.00%,$0.03B,$0.00B,16.00%,$0.03B,0,0.00%,$0.03B,0,0.00%,$0.03B,$0.00B,16.00%,$0.03B,$0.00B,16.00%,$0.00B,$0.04B,11.85%,$0.00B,$0.03B,12.12%,$0.00B,$0.36B,1.18%,$0.00B,$0.04B,10.19%,$7,$2,$4,$0,$3,$6,$1,$0,$1,$0,$1,$1,$1,$0,$0,$3,3,$0.19,$0.19,$22,$0,$0,$283,$8,$56,$3,$7,$73,$356,$317,$5,$0,$5,$322,$27,$7,$-0,$35,$356,$2,$1,$0,$1,$-0,$0,$1,$-0,$0,$4,$-2,$0,$2,$0,$7,$7,$-48,$-40,$-3,$5,$2,$-0,$-0,$-1,$33,$34,$-3,$0,$-1
