,Date,Stock Price,Book Value per Share,Price to Book Ratio,TTM Sales per Share,Price to Sales Ratio,TTM FCF per Share,Price to FCF Ratio,TTM Net EPS,PE Ratio,Current Assets,Current Liabilities,Current Ratio,Long Term Debt,Shareholder's Equity_x,Debt to Equity Ratio,TTM Revenue_x,TTM Gross Profit,Gross Margin,TTM Revenue_y,TTM Operating Income,Operating Margin,TTM Revenue_x,TTM EBIT,EBIT Margin,TTM Revenue_y,TTM EBITDA,EBITDA Margin,TTM Revenue_x,TTM Pre-Tax Income,Pre-Tax Margin,TTM Revenue_y,TTM Net Income_x,Net Margin,TTM Net Income_y,Shareholder's Equity_y,Return on Equity,TTM Net Income_x,Tangible Equity,Return on Tangible Equity,TTM Net Income_y,Total Assets,Return on Assets,TTM Net Income,LT Investments & Debt,Return on Investment,revenue,cost-goods-sold,gross-profit,research-development-expenses,selling-general-administrative-expenses,operating-expenses,operating-income,total-non-operating-income-expense,pre-tax-income,total-provision-income-taxes,income-after-taxes,income-from-continuous-operations,net-income,ebitda,ebit,basic-shares-outstanding,shares-outstanding,eps-basic-net-earnings-per-share,eps-earnings-per-share-diluted,cash-on-hand,inventory,other-current-assets,total-current-assets,net-property-plant-equipment,long-term-investments,goodwill-intangible-assets-total,other-long-term-assets,total-long-term-assets,total-assets,total-current-liabilities,long-term-debt,other-non-current-liabilities,total-long-term-liabilities,total-liabilities,common-stock-net,retained-earnings-accumulated-deficit,comprehensive-income,total-share-holder-equity,total-liabilities-share-holders-equity,net-income-loss,total-depreciation-amortization-cash-flow,other-non-cash-items,total-non-cash-items,change-in-accounts-receivable,change-in-inventories,change-in-accounts-payable,change-in-assets-liabilities,total-change-in-assets-liabilities,cash-flow-from-operating-activities,net-change-in-property-plant-equipment,net-change-in-intangible-assets,net-acquisitions-divestitures,net-change-in-short-term-investments,net-change-in-long-term-investments,net-change-in-investments-total,investing-activities-other,cash-flow-from-investing-activities,net-long-term-debt,net-current-debt,debt-issuance-retirement-net-total,net-common-equity-issued-repurchased,net-total-equity-issued-repurchased,total-common-preferred-stock-dividends-paid,financial-activities-other,cash-flow-from-financial-activities,net-cash-flow,stock-based-compensation,common-stock-dividends-paid
0,2018-09-30,29.2,$15.50,1.88,$6.20,4.71,$5.91,4.94,$1.35,21.63,$4.16B,$4.83B,0.86,$0.33B,$0.73B,0.45,$0.29B,$0.26B,91.67%,$0.29B,$0.10B,34.72%,$0.29B,0,0.00%,$0.29B,0,0.00%,$0.29B,$0.10B,34.72%,$0.29B,$0.06B,22.22%,$0.06B,$0.73B,9.01%,$0.06B,$0.57B,11.76%,$0.06B,$5.93B,1.09%,$0.10B,$1.07B,9.98%,$71,$8,$64,$0,$42,$51,$21,$0,$21,$4,$16,$16,$16,$0,$0,$47,48,$0.35,$0.34,$115,$0,$0,$4157,$64,$1291,$165,$229,$1774,$5931,$4833,$332,$34,$366,$5198,$5,$0,$0,$733,$5931,$51,$7,$21,$28,$6,$0,$0,$21,$27,$106,$-4,$0,$0,$0,$47,$47,$-229,$-185,$50,$-27,$23,$0,$0,$0,$52,$75,$-4,$6,$0
1,2018-06-30,31.58,$15.18,2.08,$6.12,5.16,$4.79,6.6,$1.33,23.74,$4.10B,$4.90B,0.84,$0.28B,$0.72B,0.39,$0.28B,$0.26B,92.11%,$0.28B,$0.10B,36.20%,$0.28B,0,0.00%,$0.28B,0,0.00%,$0.28B,$0.10B,36.20%,$0.28B,$0.06B,22.22%,$0.06B,$0.72B,9.18%,$0.06B,$0.55B,11.89%,$0.06B,$5.92B,1.08%,$0.10B,$0.99B,10.11%,$69,$7,$63,$0,$40,$47,$22,$0,$22,$5,$17,$17,$17,$0,$0,$47,48,$0.36,$0.35,$142,$0,$0,$4102,$64,$1337,$166,$228,$1821,$5923,$4897,$276,$33,$309,$5207,$5,$0,$0,$716,$5923,$35,$5,$12,$17,$8,$0,$0,$22,$31,$83,$-2,$0,$0,$0,$8,$8,$-150,$-144,$-6,$-16,$-22,$0,$0,$0,$105,$83,$22,$4,$0
2,2018-03-31,26.47,$14.94,1.77,$6.00,4.41,$3.64,7.27,$1.16,22.82,$4.04B,$4.89B,0.83,$0.28B,$0.70B,0.4,$0.27B,$0.25B,92.91%,$0.27B,$0.09B,33.96%,$0.27B,0,0.00%,$0.27B,0,0.00%,$0.27B,$0.09B,33.96%,$0.27B,$0.05B,19.78%,$0.05B,$0.70B,8.27%,$0.05B,$0.54B,10.63%,$0.05B,$5.90B,0.95%,$0.09B,$0.98B,8.99%,$68,$6,$62,$0,$37,$44,$24,$0,$24,$6,$18,$18,$18,$0,$0,$47,48,$0.38,$0.38,$148,$0,$0,$4038,$65,$1384,$167,$225,$1865,$5903,$4893,$279,$30,$308,$5201,$5,$0,$0,$702,$5903,$18,$2,$7,$9,$3,$0,$0,$23,$27,$54,$-1,$0,$0,$0,$-31,$-31,$-77,$-109,$-3,$-43,$-46,$0,$0,$0,$128,$82,$26,$1,$0
3,2017-12-31,25.21,$14.70,1.72,$5.86,4.3,$2.92,8.64,$0.98,25.72,$3.94B,$4.81B,0.82,$0.28B,$0.69B,0.41,$0.25B,$0.24B,93.63%,$0.25B,$0.08B,31.47%,$0.25B,0,0.00%,$0.25B,0,0.00%,$0.25B,$0.08B,31.47%,$0.25B,$0.04B,17.13%,$0.04B,$0.69B,7.28%,$0.04B,$0.52B,9.13%,$0.04B,$5.81B,0.81%,$0.08B,$0.97B,8.01%,$80,$5,$75,$0,$40,$47,$33,$0,$33,$20,$13,$13,$13,$0,$0,$43,43,$0.30,$0.29,$122,$0,$0,$3937,$67,$1366,$167,$248,$1874,$5810,$4809,$282,$30,$312,$5120,$5,$0,$0,$690,$5810,$43,$9,$33,$42,$-9,$0,$0,$-27,$-36,$49,$-6,$0,$24,$0,$35,$35,$-299,$-246,$-204,$12,$-192,$56,$56,$0,$333,$197,$-0,$5,$0
4,2017-09-30,23.89,$13.66,1.75,$5.34,4.47,$3.41,7.0,$0.98,24.38,$3.53B,$4.26B,0.83,$0.46B,$0.59B,0.77,$0.22B,$0.21B,93.67%,$0.22B,$0.06B,28.05%,$0.22B,0,0.00%,$0.22B,0,0.00%,$0.22B,$0.06B,28.05%,$0.22B,$0.04B,18.55%,$0.04B,$0.59B,7.78%,$0.04B,$0.48B,9.56%,$0.04B,$5.34B,0.82%,$0.06B,$1.05B,6.37%,$62,$4,$57,$0,$34,$39,$22,$0,$22,$8,$14,$14,$14,$0,$0,$43,44,$0.33,$0.32,$140,$0,$0,$3528,$57,$1372,$118,$222,$1812,$5340,$4255,$459,$32,$491,$4746,$4,$0,$0,$594,$5340,$30,$6,$24,$30,$-8,$0,$0,$-3,$-11,$48,$-4,$0,$30,$0,$-44,$-44,$-287,$-305,$-26,$-62,$-88,$56,$56,$0,$305,$272,$16,$4,$0
5,2017-06-30,24.1,$13.29,1.81,$5.23,4.6,$3.38,7.13,$0.90,26.78,$3.45B,$4.14B,0.83,$0.47B,$0.58B,0.81,$0.21B,$0.20B,94.26%,$0.21B,$0.05B,25.36%,$0.21B,0,0.00%,$0.21B,0,0.00%,$0.21B,$0.05B,25.36%,$0.21B,$0.04B,17.22%,$0.04B,$0.58B,7.38%,$0.04B,$0.46B,9.03%,$0.04B,$5.28B,0.75%,$0.05B,$1.04B,5.81%,$58,$3,$55,$0,$42,$46,$12,$0,$12,$4,$8,$8,$8,$0,$0,$43,44,$0.18,$0.18,$125,$0,$0,$3451,$57,$1414,$119,$189,$1830,$5281,$4143,$465,$96,$561,$4704,$4,$0,$0,$577,$5281,$16,$4,$15,$19,$-7,$0,$0,$-1,$-8,$26,$-3,$0,$30,$0,$-20,$-20,$-200,$-193,$-20,$-37,$-57,$56,$56,$0,$167,$166,$-1,$3,$0
6,2017-03-31,23.98,$12.34,1.94,$5.10,4.7,$3.45,6.95,$0.86,27.88,$3.11B,$3.86B,0.81,$0.37B,$0.50B,0.74,$0.20B,$0.19B,94.42%,$0.20B,$0.05B,24.87%,$0.20B,0,0.00%,$0.20B,0,0.00%,$0.20B,$0.05B,24.87%,$0.20B,$0.03B,16.75%,$0.03B,$0.50B,7.34%,$0.03B,$0.42B,8.91%,$0.03B,$4.77B,0.72%,$0.05B,$0.88B,6.02%,$51,$3,$48,$0,$35,$39,$12,$0,$12,$4,$8,$8,$8,$0,$0,$39,39,$0.20,$0.20,$145,$0,$0,$3110,$59,$1289,$79,$178,$1659,$4770,$3862,$372,$33,$406,$4267,$4,$0,$0,$502,$4770,$8,$3,$7,$9,$-1,$0,$0,$1,$-0,$17,$-2,$0,$0,$0,$41,$41,$-98,$-59,$-113,$-21,$-134,$56,$56,$0,$156,$77,$35,$1,$0
7,2016-12-31,22.06,$11.45,1.93,$4.97,4.43,$3.48,6.34,$0.75,29.41,$2.98B,$3.73B,0.8,$0.49B,$0.44B,1.11,$0.19B,$0.18B,94.65%,$0.19B,$0.04B,22.99%,$0.19B,0,0.00%,$0.19B,0,0.00%,$0.19B,$0.04B,22.99%,$0.19B,$0.03B,15.51%,$0.03B,$0.44B,6.78%,$0.03B,$0.36B,8.26%,$0.03B,$4.68B,0.66%,$0.04B,$0.92B,5.90%,$50,$2,$47,$0,$31,$34,$16,$0,$16,$5,$11,$11,$11,$0,$0,$37,38,$0.30,$0.29,$110,$0,$0,$2981,$59,$1323,$79,$178,$1700,$4681,$3727,$485,$33,$518,$4246,$4,$-14,$-8,$435,$4681,$29,$10,$22,$33,$9,$0,$0,$-9,$0,$62,$-6,$0,$236,$0,$-319,$-319,$-422,$-512,$365,$32,$397,$0,$0,$0,$26,$423,$-26,$4,$0
8,2016-09-30,16.09,$11.45,1.4,$4.81,3.34,$2.59,6.2,$0.65,24.75,$2.93B,$3.68B,0.8,$0.38B,$0.44B,0.86,$0.18B,$0.17B,94.89%,$0.18B,$0.04B,21.02%,$0.18B,0,0.00%,$0.18B,0,0.00%,$0.18B,$0.04B,21.02%,$0.18B,$0.02B,13.64%,$0.02B,$0.44B,5.90%,$0.02B,$0.36B,7.02%,$0.02B,$4.51B,0.58%,$0.04B,$0.81B,6.00%,$50,$2,$47,$0,$33,$36,$13,$0,$13,$4,$9,$9,$9,$0,$0,$38,38,$0.24,$0.24,$167,$0,$0,$2934,$59,$1259,$80,$123,$1580,$4514,$3678,$375,$25,$400,$4078,$4,$0,$0,$436,$4514,$18,$8,$16,$24,$4,$0,$0,$-4,$-0,$42,$-5,$0,$236,$0,$-230,$-230,$-276,$-276,$255,$-4,$251,$0,$0,$0,$14,$265,$31,$3,$0
9,2016-06-30,16.24,$11.20,1.45,$4.65,3.49,$2.16,7.52,$0.54,30.07,$2.74B,$3.69B,0.74,$0.22B,$0.43B,0.52,$0.17B,$0.16B,95.15%,$0.17B,$0.03B,18.79%,$0.17B,0,0.00%,$0.17B,0,0.00%,$0.17B,$0.03B,18.79%,$0.17B,$0.02B,11.52%,$0.02B,$0.43B,4.93%,$0.02B,$0.35B,5.73%,$0.02B,$4.38B,0.50%,$0.03B,$0.65B,5.84%,$46,$2,$44,$0,$35,$38,$8,$0,$8,$3,$5,$5,$5,$0,$0,$37,38,$0.14,$0.14,$127,$0,$0,$2742,$64,$1325,$80,$107,$1639,$4381,$3685,$221,$50,$271,$3956,$4,$0,$0,$425,$4381,$9,$4,$9,$13,$3,$0,$0,$1,$4,$26,$-3,$0,$260,$0,$-284,$-284,$-126,$-153,$101,$11,$112,$0,$0,$0,$5,$117,$-9,$2,$0
10,2016-03-31,15.79,$10.91,1.45,$4.54,3.47,$1.74,9.09,$0.58,27.22,$2.60B,$3.42B,0.76,$0.12B,$0.41B,0.29,$0.16B,$0.15B,95.48%,$0.16B,$0.03B,20.65%,$0.16B,0,0.00%,$0.16B,0,0.00%,$0.16B,$0.03B,20.65%,$0.16B,$0.02B,12.90%,$0.02B,$0.41B,5.54%,$0.02B,$0.35B,6.26%,$0.02B,$4.00B,0.57%,$0.03B,$0.53B,6.67%,$41,$2,$39,$0,$32,$34,$6,$0,$6,$2,$4,$4,$4,$0,$0,$35,35,$0.11,$0.11,$149,$0,$0,$2604,$61,$1103,$67,$99,$1397,$4001,$3421,$120,$47,$167,$3588,$4,$0,$0,$414,$4001,$4,$2,$4,$6,$3,$0,$0,$3,$6,$16,$-1,$0,$2,$0,$-40,$-40,$-30,$-70,$0,$26,$26,$0,$0,$0,$41,$67,$13,$1,$0
11,2015-12-31,14.98,$10.29,1.46,$4.44,3.38,$1.30,11.55,$0.67,22.36,$2.30B,$3.02B,0.76,$0.12B,$0.35B,0.34,$0.15B,$0.14B,95.30%,$0.15B,$0.04B,23.49%,$0.15B,0,0.00%,$0.15B,0,0.00%,$0.15B,$0.04B,23.49%,$0.15B,$0.02B,14.77%,$0.02B,$0.35B,6.51%,$0.02B,$0.32B,7.22%,$0.02B,$3.54B,0.66%,$0.04B,$0.47B,7.69%,$39,$2,$37,$0,$27,$29,$10,$0,$10,$4,$6,$6,$6,$0,$0,$33,34,$0.17,$0.17,$136,$0,$0,$2297,$55,$994,$34,$95,$1238,$3535,$3016,$120,$45,$165,$3181,$3,$-43,$-6,$353,$3535,$22,$6,$19,$25,$-12,$0,$0,$-5,$-17,$30,$-9,$0,$33,$0,$23,$23,$-218,$-171,$-80,$17,$-63,$0,$0,$0,$240,$177,$36,$3,$0
12,2015-09-30,14.68,$10.20,1.44,$4.49,3.27,$1.26,11.61,$0.44,33.36,$2.20B,$2.89B,0.76,$0.12B,$0.35B,0.34,$0.14B,$0.14B,95.14%,$0.14B,$0.06B,39.58%,$0.14B,0,0.00%,$0.14B,0,0.00%,$0.14B,$0.02B,15.97%,$0.14B,$0.01B,9.72%,$0.01B,$0.35B,4.27%,$0.01B,$0.32B,4.75%,$0.01B,$3.38B,0.43%,$0.06B,$0.47B,12.85%,$39,$2,$37,$0,$30,$32,$7,$0,$7,$3,$4,$4,$4,$0,$0,$34,34,$0.13,$0.13,$101,$0,$0,$2197,$55,$937,$35,$154,$1181,$3378,$2891,$120,$17,$137,$3028,$3,$0,$0,$350,$3378,$16,$4,$3,$7,$-6,$0,$0,$-0,$4,$27,$-8,$0,$33,$0,$66,$66,$-168,$-78,$-80,$-7,$-87,$0,$0,$0,$137,$51,$0,$0,$0
13,2015-06-30,15.8,$9.84,1.61,$4.30,3.67,$0.87,18.08,$0.43,36.74,$2.03B,$2.78B,0.73,$0.12B,$0.33B,0.35,$0.13B,$0.12B,95.38%,$0.13B,$0.08B,57.69%,$0.13B,0,0.00%,$0.13B,0,0.00%,$0.13B,$0.02B,16.15%,$0.13B,$0.01B,10.00%,$0.01B,$0.33B,4.34%,$0.01B,$0.30B,4.73%,$0.01B,$3.23B,0.44%,$0.08B,$0.44B,18.24%,$36,$2,$35,$0,$25,$27,$9,$0,$9,$4,$6,$6,$6,$0,$0,$33,33,$0.18,$0.18,$95,$0,$0,$2033,$50,$977,$32,$142,$1201,$3234,$2778,$115,$14,$129,$2907,$3,$0,$0,$327,$3234,$12,$3,$1,$4,$-8,$0,$-0,$-2,$-3,$13,$-7,$0,$0,$0,$-28,$-28,$-112,$-146,$-65,$4,$-61,$0,$0,$0,$189,$128,$-6,$0,$0
14,2015-03-31,14.27,$9.71,1.47,$4.13,3.45,$0.74,19.36,$0.32,44.59,$2.06B,$2.78B,0.74,$0.12B,$0.32B,0.36,$0.12B,$0.11B,94.92%,$0.12B,$0.09B,76.27%,$0.12B,0,0.00%,$0.12B,0,0.00%,$0.12B,$0.02B,12.71%,$0.12B,$0.01B,7.63%,$0.01B,$0.32B,3.26%,$0.01B,$0.29B,3.46%,$0.01B,$3.23B,0.33%,$0.09B,$0.44B,23.36%,$35,$2,$33,$0,$24,$25,$9,$0,$9,$4,$6,$6,$6,$0,$0,$33,33,$0.18,$0.18,$200,$0,$0,$2056,$48,$953,$32,$143,$1176,$3232,$2780,$115,$16,$130,$2910,$3,$0,$0,$322,$3232,$6,$1,$1,$1,$-7,$0,$-0,$-0,$-4,$3,$-4,$0,$0,$0,$0,$0,$-30,$-33,$0,$-64,$-64,$0,$0,$0,$193,$130,$99,$0,$0
15,2014-12-31,13.75,$9.44,1.46,$3.99,3.45,$0.94,14.59,$0.23,59.78,$1.92B,$2.65B,0.72,$0.12B,$0.31B,0.37,$0.11B,$0.10B,95.28%,$0.11B,$0.10B,98.11%,$0.11B,0,0.00%,$0.11B,0,0.00%,$0.11B,$0.01B,9.43%,$0.11B,$0.01B,4.72%,$0.01B,$0.31B,1.98%,$0.01B,$0.28B,2.04%,$0.01B,$3.09B,0.20%,$0.10B,$0.43B,28.95%,$34,$2,$32,$0,$0,$2,$32,$0,$-2,$-1,$-2,$-2,$-2,$0,$0,$28,28,$-0.07,$-0.07,$101,$0,$0,$1917,$45,$949,$33,$82,$1176,$3093,$2650,$115,$16,$131,$2781,$3,$-65,$-5,$313,$3093,$6,$5,$6,$12,$1,$0,$0,$3,$5,$22,$-6,$0,$111,$0,$-219,$-219,$-181,$-295,$80,$-16,$64,$25,$25,$0,$94,$182,$-91,$1,$0
16,2014-09-30,10.93,$9.07,1.21,$3.98,2.75,$2.76,3.95,$0.31,35.26,$1.45B,$2.01B,0.72,$0.10B,$0.24B,0.44,$0.10B,$0.09B,94.79%,$0.10B,$0.09B,97.92%,$0.10B,0,0.00%,$0.10B,0,0.00%,$0.10B,$0.02B,15.63%,$0.10B,$0.01B,8.33%,$0.01B,$0.24B,3.57%,$0.01B,$0.24B,3.57%,$0.01B,$2.36B,0.35%,$0.09B,$0.34B,28.66%,$25,$1,$24,$0,$-1,$-0,$25,$0,$5,$2,$3,$3,$3,$0,$0,$26,26,$0.12,$0.12,$59,$0,$0,$1451,$35,$778,$0,$98,$911,$2362,$2013,$104,$9,$113,$2126,$3,$0,$0,$236,$2362,$7,$5,$-4,$1,$-6,$0,$-0,$-1,$-2,$7,$-3,$0,$0,$0,$-133,$-133,$-84,$-220,$0,$53,$53,$25,$25,$0,$3,$80,$-133,$0,$0
17,2014-06-30,10.87,$9.02,1.21,$4.30,2.53,$4.90,2.22,$2.54,4.28,$1.49B,$1.95B,0.77,$0.10B,$0.23B,0.44,$0.10B,$0.09B,93.75%,$0.10B,$0.09B,94.79%,$0.10B,0,0.00%,$0.10B,0,0.00%,$0.10B,$0.01B,13.54%,$0.10B,$0.05B,51.04%,$0.05B,$0.23B,22.66%,$0.05B,$0.23B,22.71%,$0.05B,$2.29B,2.17%,$0.09B,$0.34B,28.46%,$24,$1,$23,$0,$-1,$-0,$24,$0,$3,$1,$2,$2,$2,$0,$0,$26,26,$0.07,$0.07,$154,$0,$0,$1489,$35,$675,$0,$95,$805,$2294,$1947,$104,$9,$113,$2060,$3,$0,$0,$234,$2294,$4,$3,$-2,$1,$-5,$0,$-0,$-1,$-2,$3,$-2,$0,$0,$0,$-23,$-23,$-30,$-55,$0,$-10,$-10,$25,$25,$0,$-0,$15,$-38,$0,$0
18,2014-03-31,11.0,$8.79,1.25,$4.65,2.37,$6.19,1.78,$2.57,4.28,$1.52B,$1.98B,0.77,$0.10B,$0.23B,0.45,$0.10B,$0.09B,93.75%,$0.10B,$0.09B,92.71%,$0.10B,0,0.00%,$0.10B,0,0.00%,$0.10B,$0.01B,13.54%,$0.10B,$0.05B,51.04%,$0.05B,$0.23B,24.75%,$0.05B,$0.23B,24.84%,$0.05B,$2.32B,2.20%,$0.09B,$0.33B,29.52%,$23,$1,$22,$0,$-1,$1,$23,$0,$4,$1,$2,$2,$2,$0,$0,$25,26,$0.09,$0.09,$219,$0,$0,$1523,$35,$659,$1,$99,$793,$2316,$1976,$104,$8,$112,$2088,$3,$0,$0,$228,$2316,$2,$2,$-1,$1,$2,$0,$-0,$-1,$3,$6,$-1,$0,$0,$0,$-13,$-13,$-8,$-22,$0,$5,$5,$25,$25,$0,$14,$43,$27,$0,$0
19,2013-12-31,12.2,$8.40,1.45,$4.99,2.45,$6.85,1.78,$2.53,4.82,$1.49B,$1.96B,0.76,$0.10B,$0.20B,0.52,$0.10B,$0.09B,93.75%,$0.10B,$0.09B,90.63%,$0.10B,0,0.00%,$0.10B,0,0.00%,$0.10B,$0.01B,11.46%,$0.10B,$0.05B,50.00%,$0.05B,$0.20B,26.27%,$0.05B,$0.20B,26.45%,$0.05B,$2.27B,2.18%,$0.09B,$0.30B,30.42%,$24,$1,$22,$0,$0,$2,$22,$0,$3,$1,$2,$2,$1,$0,$0,$19,20,$-0.06,$-0.04,$192,$0,$0,$1490,$35,$642,$1,$103,$779,$2269,$1957,$104,$9,$113,$2070,$2,$-71,$-10,$199,$2269,$52,$6,$-36,$-30,$22,$0,$-0,$6,$28,$50,$-3,$0,$0,$0,$-8,$-8,$-79,$-89,$0,$15,$15,$47,$-3,$-3,$47,$56,$17,$0,$0
20,2013-09-30,10.85,$10.74,1.01,$5.00,2.17,$4.14,2.62,$2.45,4.43,$1.37B,$1.83B,0.75,$0.10B,$0.15B,0.67,$0.10B,$0.09B,93.68%,$0.10B,$0.09B,89.47%,$0.10B,0,0.00%,$0.10B,0,0.00%,$0.10B,$0.01B,8.42%,$0.10B,$0.05B,48.42%,$0.05B,$0.20B,26.36%,$0.05B,$0.20B,26.59%,$0.05B,$2.15B,2.11%,$0.09B,$0.31B,30.60%,$25,$1,$23,$0,$1,$3,$22,$0,$3,$-42,$45,$45,$44,$0,$0,$19,19,$2.35,$2.31,$108,$0,$0,$1365,$35,$650,$1,$99,$785,$2150,$1833,$104,$9,$113,$1946,$9,$0,$0,$204,$2150,$50,$6,$4,$9,$21,$0,$-0,$6,$-14,$46,$-2,$0,$0,$0,$-10,$-10,$-36,$-48,$0,$-2,$-2,$0,$0,$-2,$-60,$-64,$-67,$0,$0
21,2013-06-30,11.0,$8.49,1.29,$4.96,2.22,$1.81,6.07,$0.05,220.0,$1.41B,$1.90B,0.74,$0.10B,$0.11B,0.93,$0.09B,$0.09B,93.62%,$0.09B,$0.08B,89.36%,$0.09B,0,0.00%,$0.09B,0,0.00%,$0.09B,$0.01B,5.32%,$0.09B,$0.00B,2.13%,$0.00B,$0.16B,1.21%,$0.00B,$0.16B,1.22%,$0.00B,$2.18B,0.09%,$0.08B,$0.27B,31.26%,$24,$1,$23,$0,$1,$2,$22,$0,$3,$0,$3,$3,$2,$0,$0,$19,19,$0.11,$0.11,$140,$0,$0,$1412,$35,$673,$1,$63,$772,$2184,$1900,$104,$19,$123,$2022,$9,$0,$0,$161,$2184,$5,$4,$2,$6,$9,$0,$-0,$6,$16,$27,$-2,$0,$0,$0,$-21,$-21,$-42,$-65,$0,$24,$24,$0,$0,$-1,$-20,$3,$-35,$0,$0
22,2013-03-31,10.45,$8.79,1.19,$5.13,2.04,$0.58,18.11,$-0.20,0.0,$1.45B,$1.92B,0.76,$0.10B,$0.12B,0.88,$0.10B,$0.09B,92.78%,$0.10B,$0.08B,82.47%,$0.10B,0,0.00%,$0.10B,0,0.00%,$0.10B,0,0.00%,$0.10B,$-0.00B,-3.09%,$-0.00B,$0.17B,-1.80%,$-0.00B,$0.17B,-1.82%,$-0.00B,$2.20B,-0.14%,$0.08B,$0.27B,29.66%,$23,$1,$22,$0,$1,$2,$21,$0,$2,$0,$2,$2,$1,$0,$0,$19,19,$0.06,$0.06,$227,$0,$0,$1454,$35,$649,$1,$63,$749,$2202,$1924,$104,$8,$112,$2035,$9,$0,$0,$167,$2202,$2,$2,$2,$4,$11,$0,$-0,$0,$11,$17,$-1,$0,$0,$0,$7,$7,$1,$8,$0,$25,$25,$0,$0,$-1,$3,$28,$52,$0,$0
23,2012-12-31,8.05,$8.73,0.92,$5.36,1.5,$-0.20,0.0,$-0.25,0.0,$1.42B,$1.90B,0.75,$0.10B,$0.12B,0.89,$0.10B,$0.09B,91.18%,$0.10B,$0.08B,80.39%,$0.10B,0,0.00%,$0.10B,0,0.00%,$0.10B,$-0.00B,-0.98%,$0.10B,$-0.00B,-3.92%,$-0.00B,$0.17B,-2.39%,$-0.00B,$0.16B,-2.41%,$-0.00B,$2.17B,-0.19%,$0.08B,$0.27B,30.26%,$23,$2,$21,$0,$1,$3,$20,$0,$0,$0,$0,$0,$-1,$0,$0,$19,19,$-0.04,$-0.04,$175,$0,$0,$1415,$34,$657,$2,$66,$759,$2174,$1896,$104,$9,$113,$2008,$2,$-119,$3,$166,$2174,$-1,$8,$10,$17,$-20,$0,$-1,$2,$-18,$-2,$-4,$0,$0,$0,$12,$12,$-36,$-28,$0,$1,$1,$-0,$-0,$-3,$40,$38,$8,$1,$0
24,2012-09-30,7.95,$8.82,0.9,$5.54,1.44,$1.33,6.0,$-0.10,0.0,$1.38B,$1.80B,0.77,$0.10B,$0.12B,0.87,$0.11B,$0.10B,90.48%,$0.11B,$0.09B,80.95%,$0.11B,0,0.00%,$0.11B,0,0.00%,$0.11B,$0.00B,1.90%,$0.11B,$-0.00B,-0.95%,$-0.00B,$0.17B,-0.59%,$-0.00B,$0.17B,-0.60%,$-0.00B,$2.08B,-0.05%,$0.09B,$0.27B,31.22%,$24,$2,$22,$0,$1,$3,$21,$0,$0,$0,$0,$0,$-0,$0,$0,$19,19,$-0.05,$-0.05,$173,$0,$0,$1380,$35,$604,$2,$61,$702,$2082,$1802,$104,$9,$113,$1914,$9,$0,$0,$167,$2082,$-1,$6,$6,$12,$-11,$0,$-1,$3,$-9,$2,$-3,$0,$0,$0,$68,$68,$-7,$58,$0,$-14,$-14,$-0,$-0,$-2,$-39,$-55,$6,$0,$0
25,2012-06-30,7.45,$8.73,0.85,$5.63,1.32,$2.33,3.2,$0.05,149.0,$1.43B,$1.83B,0.78,$0.10B,$0.12B,0.88,$0.11B,$0.10B,89.62%,$0.11B,$0.09B,81.13%,$0.11B,0,0.00%,$0.11B,0,0.00%,$0.11B,$0.01B,4.72%,$0.11B,$0.00B,0.94%,$0.00B,$0.17B,0.59%,$0.00B,$0.16B,0.60%,$0.00B,$2.11B,0.05%,$0.09B,$0.27B,31.50%,$27,$2,$25,$0,$6,$9,$18,$0,$-2,$0,$-2,$-2,$-3,$0,$0,$19,19,$-0.15,$-0.15,$220,$0,$0,$1428,$35,$580,$2,$62,$679,$2107,$1829,$104,$8,$112,$1941,$9,$0,$0,$165,$2107,$-1,$4,$5,$8,$-4,$0,$-0,$1,$-3,$4,$-2,$0,$0,$0,$91,$91,$-13,$76,$0,$3,$3,$-0,$-0,$-1,$-29,$-27,$53,$0,$0
26,2012-03-31,8.8,$9.02,0.98,$5.52,1.59,$3.29,2.67,$0.20,44.0,$1.47B,$1.89B,0.78,$0.10B,$0.12B,0.84,$0.10B,$0.09B,87.50%,$0.10B,$0.09B,84.62%,$0.10B,0,0.00%,$0.10B,0,0.00%,$0.10B,$0.01B,7.69%,$0.10B,$0.00B,3.85%,$0.00B,$0.17B,2.34%,$0.00B,$0.17B,2.38%,$0.00B,$2.17B,0.19%,$0.09B,$0.28B,32.06%,$28,$3,$25,$0,$2,$5,$23,$0,$1,$0,$1,$1,$0,$0,$0,$19,19,$0.00,$0.00,$272,$0,$0,$1472,$34,$593,$2,$67,$697,$2169,$1887,$104,$8,$111,$1998,$9,$0,$0,$171,$2169,$1,$2,$1,$3,$-1,$0,$-0,$-0,$-2,$2,$-1,$0,$0,$0,$81,$81,$-8,$72,$0,$13,$13,$0,$0,$-1,$19,$31,$105,$0,$0
27,2011-12-31,7.6,$8.98,0.85,$5.36,1.42,$3.92,1.94,$0.15,50.67,$1.36B,$1.86B,0.73,$0.10B,$0.12B,0.85,$0.10B,$0.09B,87.00%,$0.10B,$0.09B,85.00%,$0.10B,0,0.00%,$0.10B,0,0.00%,$0.10B,$0.01B,7.00%,$0.10B,$0.00B,3.00%,$0.00B,$0.17B,1.77%,$0.00B,$0.17B,1.80%,$0.00B,$2.14B,0.14%,$0.09B,$0.27B,31.14%,$26,$3,$23,$0,$0,$4,$23,$0,$3,$0,$3,$3,$2,$0,$0,$19,19,$0.11,$0.11,$167,$0,$0,$1356,$34,$668,$2,$76,$781,$2137,$1855,$104,$9,$112,$1967,$9,$-114,$5,$170,$2137,$7,$5,$5,$11,$5,$0,$-2,$4,$7,$24,$-1,$0,$0,$0,$-204,$-204,$24,$-181,$0,$38,$38,$0,$0,$-7,$82,$113,$-44,$1,$0
28,2011-09-30,7.35,$9.02,0.82,$5.63,1.31,$5.47,1.34,$-0.55,0.0,$1.30B,$1.77B,0.74,$0.10B,$0.12B,0.84,$0.10B,$0.09B,86.87%,$0.10B,$0.08B,80.81%,$0.10B,0,0.00%,$0.10B,0,0.00%,$0.10B,$-0.01B,-6.06%,$0.10B,$-0.01B,-10.10%,$-0.01B,$0.17B,-5.93%,$-0.01B,$0.17B,-6.04%,$-0.01B,$2.05B,-0.49%,$0.08B,$0.27B,29.41%,$25,$3,$22,$0,$0,$3,$22,$0,$3,$0,$3,$3,$2,$0,$0,$19,19,$0.10,$0.10,$117,$0,$0,$1304,$35,$636,$3,$74,$747,$2051,$1768,$104,$9,$112,$1880,$9,$0,$0,$171,$2051,$4,$4,$4,$8,$5,$0,$-2,$4,$7,$19,$-1,$0,$0,$0,$-164,$-164,$25,$-140,$0,$8,$8,$0,$0,$-6,$24,$26,$-95,$0,$-6
29,2011-06-30,7.5,$9.15,0.82,$5.66,1.32,$6.79,1.1,$-1.10,0.0,$1.33B,$1.78B,0.75,$0.10B,$0.12B,0.83,$0.10B,$0.09B,85.00%,$0.10B,$0.07B,70.00%,$0.10B,0,0.00%,$0.10B,0,0.00%,$0.10B,$-0.02B,-17.00%,$0.10B,$-0.02B,-21.00%,$-0.02B,$0.17B,-12.30%,$-0.02B,$0.17B,-12.54%,$-0.02B,$2.08B,-1.03%,$0.07B,$0.28B,25.52%,$25,$4,$21,$0,$1,$5,$20,$0,$1,$0,$1,$1,$0,$0,$0,$19,19,$0.00,$0.00,$167,$0,$0,$1329,$35,$636,$3,$80,$754,$2083,$1784,$104,$24,$127,$1912,$9,$0,$0,$171,$2083,$1,$2,$3,$5,$8,$0,$0,$5,$13,$20,$-0,$0,$0,$0,$-159,$-159,$46,$-114,$0,$5,$5,$0,$0,$0,$44,$49,$-45,$0,$0
30,2011-03-31,7.9,$8.86,0.89,$6.56,1.2,$9.27,0.85,$-2.35,0.0,$1.42B,$1.80B,0.79,$0.10B,$0.12B,0.87,$0.10B,$0.09B,84.31%,$0.10B,$0.06B,53.92%,$0.10B,0,0.00%,$0.10B,0,0.00%,$0.10B,$-0.03B,-31.37%,$0.10B,$-0.04B,-35.29%,$-0.04B,$0.17B,-20.63%,$-0.04B,$0.16B,-21.02%,$-0.04B,$2.08B,-1.76%,$0.06B,$0.27B,19.78%,$24,$4,$21,$0,$1,$4,$20,$0,$0,$0,$0,$0,$-1,$0,$0,$19,19,$-0.05,$-0.05,$228,$0,$0,$1422,$36,$540,$3,$81,$660,$2081,$1801,$104,$11,$114,$1916,$9,$0,$0,$166,$2081,$0,$1,$1,$2,$9,$0,$0,$2,$11,$13,$-0,$0,$0,$0,$-79,$-79,$16,$-63,$0,$17,$17,$0,$0,$0,$49,$66,$16,$0,$0
31,2010-12-31,7.3,$8.89,0.82,$7.69,0.95,$11.89,0.61,$-2.50,0.0,$1.43B,$1.74B,0.82,$0.10B,$0.12B,0.86,$0.11B,$0.09B,82.24%,$0.11B,$0.06B,52.34%,$0.11B,0,0.00%,$0.11B,0,0.00%,$0.11B,$-0.03B,-31.78%,$0.11B,$-0.04B,-35.51%,$-0.04B,$0.17B,-22.25%,$-0.04B,$0.16B,-22.72%,$-0.04B,$2.02B,-1.84%,$0.06B,$0.27B,20.40%,$25,$4,$22,$0,$4,$8,$18,$0,$-10,$0,$-10,$-10,$-11,$0,$0,$15,15,$-0.50,$-0.50,$211,$0,$0,$1427,$36,$462,$3,$88,$590,$2016,$1735,$104,$11,$115,$1850,$9,$-113,$2,$166,$2016,$-33,$4,$42,$46,$7,$0,$1,$1,$30,$43,$-1,$0,$0,$0,$-47,$-47,$104,$56,$0,$-7,$-7,$47,$47,$0,$-142,$-102,$-4,$0,$0
32,2010-09-30,6.1,$9.61,0.63,$10.55,0.58,$9.48,0.64,$-5.35,0.0,$1.43B,$1.70B,0.84,$0.10B,$0.13B,0.78,$0.11B,$0.09B,80.18%,$0.11B,$0.03B,26.13%,$0.11B,0,0.00%,$0.11B,0,0.00%,$0.11B,$-0.06B,-55.86%,$0.11B,$-0.07B,-59.46%,$-0.07B,$0.18B,-39.46%,$-0.07B,$0.18B,-40.37%,$-0.07B,$2.01B,-3.15%,$0.03B,$0.28B,10.70%,$26,$4,$21,$0,$9,$13,$12,$0,$-8,$0,$-8,$-8,$-9,$0,$0,$19,19,$-0.45,$-0.45,$201,$0,$0,$1434,$37,$450,$3,$90,$580,$2014,$1700,$104,$32,$135,$1835,$9,$0,$0,$180,$2014,$-23,$3,$29,$31,$12,$0,$1,$0,$35,$43,$-0,$0,$0,$0,$-8,$-8,$90,$81,$0,$-43,$-43,$47,$47,$0,$-142,$-138,$-14,$0,$0
33,2010-06-30,6.65,$9.98,0.67,$13.72,0.48,$8.79,0.76,$-10.95,0.0,$1.58B,$1.79B,0.88,$0.10B,$0.14B,0.74,$0.12B,$0.09B,80.17%,$0.12B,$-0.02B,-20.69%,$0.12B,0,0.00%,$0.12B,0,0.00%,$0.12B,$-0.10B,-81.90%,$0.12B,$-0.10B,-85.34%,$-0.10B,$0.19B,-59.19%,$-0.10B,$0.18B,-60.55%,$-0.10B,$2.09B,-4.66%,$-0.02B,$0.29B,-8.73%,$27,$5,$22,$0,$17,$22,$5,$0,$-14,$0,$-14,$-14,$-15,$0,$0,$12,12,$-1.25,$-1.25,$312,$0,$0,$1580,$38,$394,$4,$78,$513,$2093,$1791,$104,$12,$115,$1906,$9,$0,$0,$186,$2093,$-15,$2,$19,$21,$13,$0,$0,$3,$37,$43,$-0,$0,$0,$0,$26,$26,$75,$100,$0,$-30,$-30,$48,$48,$0,$-63,$-46,$97,$0,$0
34,2010-03-31,8.45,$12.83,0.66,$20.07,0.42,$4.27,1.98,$-13.40,0.0,$1.61B,$1.86B,0.87,$0.10B,$0.11B,0.98,$0.12B,$0.10B,79.51%,$0.12B,$-0.10B,-82.79%,$0.12B,0,0.00%,$0.12B,0,0.00%,$0.12B,$-0.15B,-125.41%,$0.12B,$-0.15B,-121.31%,$-0.15B,$0.15B,-93.67%,$-0.15B,$0.15B,-96.26%,$-0.15B,$2.12B,-6.93%,$-0.10B,$0.26B,-37.51%,$29,$5,$23,$0,$2,$7,$21,$0,$-2,$0,$-2,$-2,$-3,$0,$0,$12,12,$-0.20,$-0.20,$275,$0,$0,$1608,$38,$376,$4,$94,$512,$2120,$1855,$104,$10,$114,$1969,$6,$0,$0,$151,$2120,$-2,$1,$4,$5,$15,$0,$0,$-0,$36,$39,$-0,$0,$0,$0,$27,$27,$23,$50,$0,$-10,$-10,$0,$0,$0,$-20,$-30,$60,$0,$0
35,2009-12-31,8.15,$12.90,0.63,$26.10,0.31,$0.02,476.61,$-14.70,0.0,$1.59B,$1.89B,0.84,$0.10B,$0.11B,0.97,$0.13B,$0.10B,77.60%,$0.13B,$-0.11B,-88.00%,$0.13B,0,0.00%,$0.13B,0,0.00%,$0.13B,$-0.16B,-127.20%,$0.13B,$-0.15B,-120.80%,$-0.15B,$0.15B,-86.91%,$-0.15B,$0.15B,-96.33%,$-0.15B,$2.15B,-6.91%,$-0.11B,$0.26B,-38.10%,$29,$6,$23,$0,$31,$38,$-9,$0,$-38,$0,$-38,$-38,$-39,$0,$0,$6,6,$0.60,$0.60,$215,$0,$0,$1586,$39,$411,$4,$112,$565,$2151,$1885,$104,$11,$114,$1999,$6,$-78,$2,$152,$2151,$-147,$53,$111,$164,$-6,$0,$0,$-14,$-15,$3,$-1,$0,$0,$0,$-60,$-60,$137,$77,$-15,$-52,$-67,$83,$83,$-1,$-31,$-16,$64,$1,$-0
36,2009-09-30,12.6,$17.06,0.74,$30.46,0.41,$8.90,1.42,$-16.00,0.0,$1.63B,$1.83B,0.89,$0.12B,$0.14B,0.88,$0.13B,$0.10B,74.62%,$0.13B,$-0.10B,-74.62%,$0.13B,0,0.00%,$0.13B,0,0.00%,$0.13B,$-0.15B,-115.38%,$0.13B,$-0.14B,-103.85%,$-0.14B,$0.18B,-71.15%,$-0.14B,$0.18B,-84.38%,$-0.14B,$2.14B,-6.07%,$-0.10B,$0.30B,-31.44%,$31,$6,$25,$0,$66,$72,$-41,$0,$-41,$0,$-41,$-41,$-42,$0,$0,$7,7,$-6.05,$-6.05,$170,$0,$0,$1632,$42,$362,$4,$100,$508,$2140,$1830,$119,$11,$130,$1960,$5,$0,$0,$180,$2140,$-109,$52,$82,$134,$-3,$0,$-0,$-0,$-14,$12,$-1,$0,$0,$0,$-9,$-9,$84,$75,$0,$-89,$-89,$70,$70,$-1,$-49,$-68,$19,$0,$-1
37,2009-06-30,12.15,$38.74,0.31,$35.41,0.34,$15.39,0.79,$-10.85,0.0,$1.63B,$1.86B,0.88,$0.12B,$0.10B,1.14,$0.14B,$0.10B,71.11%,$0.14B,$-0.06B,-45.93%,$0.14B,0,0.00%,$0.14B,0,0.00%,$0.14B,$-0.12B,-85.19%,$0.14B,$-0.10B,-71.11%,$-0.10B,$0.15B,-50.33%,$-0.10B,$0.14B,-64.76%,$-0.10B,$2.14B,-4.27%,$-0.06B,$0.27B,-20.03%,$33,$7,$26,$0,$47,$104,$-72,$0,$-72,$-9,$-63,$-63,$-64,$0,$0,$4,4,$-16.75,$-16.75,$76,$0,$0,$1633,$43,$360,$5,$96,$504,$2137,$1858,$119,$11,$130,$1988,$2,$0,$0,$149,$2137,$-68,$51,$37,$89,$-14,$0,$-0,$1,$-24,$-3,$-1,$0,$0,$0,$-11,$-11,$50,$38,$0,$-56,$-56,$0,$0,$-1,$-54,$-110,$-76,$0,$-1
38,2009-03-31,15.15,$55.80,0.27,$36.98,0.41,$24.51,0.62,$-12.75,0.0,$1.76B,$1.97B,0.89,$0.12B,$0.17B,0.7,$0.14B,$0.10B,68.57%,$0.14B,$-0.03B,-17.86%,$0.14B,0,0.00%,$0.14B,0,0.00%,$0.14B,$-0.08B,-55.71%,$0.14B,$-0.05B,-37.86%,$-0.05B,$0.21B,-26.37%,$-0.05B,$0.16B,-36.36%,$-0.05B,$2.31B,-2.32%,$-0.03B,$0.33B,-7.81%,$32,$9,$23,$0,$12,$21,$12,$0,$-8,$-3,$-5,$-5,$-6,$0,$0,$4,4,$-1.50,$-1.50,$149,$0,$0,$1758,$44,$376,$55,$77,$551,$2309,$1967,$119,$9,$128,$2095,$2,$0,$0,$214,$2309,$-5,$1,$12,$13,$-6,$0,$-1,$-2,$-11,$-3,$-0,$0,$0,$0,$-25,$-25,$28,$3,$0,$-5,$-5,$0,$0,$-1,$4,$-1,$-2,$0,$-1
39,2008-12-31,32.91,$56.33,0.58,$39.36,0.84,$29.31,1.12,$-10.80,0.0,$1.80B,$1.97B,0.92,$0.12B,$0.17B,0.69,$0.15B,$0.10B,67.11%,$0.15B,$-0.02B,-10.74%,$0.15B,0,0.00%,$0.15B,0,0.00%,$0.15B,$-0.07B,-45.64%,$0.15B,$-0.05B,-30.20%,$-0.05B,$0.22B,-22.36%,$-0.05B,$0.16B,-30.87%,$-0.05B,$2.31B,-1.95%,$-0.02B,$0.34B,-5.00%,$34,$11,$23,$0,$19,$30,$4,$0,$-29,$-6,$-23,$-23,$-23,$0,$0,$4,4,$-6.00,$-6.00,$151,$0,$0,$1801,$44,$346,$55,$69,$514,$2314,$1968,$119,$12,$130,$2098,$2,$70,$2,$216,$2314,$-46,$4,$83,$87,$3,$14,$-0,$1,$0,$42,$-7,$0,$0,$0,$-56,$-56,$136,$74,$0,$69,$69,$0,$50,$-6,$-176,$-63,$53,$1,$-6
40,2008-09-30,53.43,$47.96,1.11,$41.82,1.28,$22.68,2.36,$-5.55,0.0,$1.76B,$1.91B,0.92,$0.12B,$0.18B,0.64,$0.16B,$0.10B,65.82%,$0.16B,$0.00B,1.90%,$0.16B,0,0.00%,$0.16B,0,0.00%,$0.16B,$-0.04B,-22.78%,$0.16B,$-0.02B,-12.66%,$-0.02B,$0.18B,-9.96%,$-0.02B,$0.13B,-13.79%,$-0.02B,$2.23B,-0.86%,$0.00B,$0.30B,0.94%,$36,$12,$24,$0,$30,$42,$-6,$0,$-6,$-3,$-3,$-3,$-3,$0,$0,$4,4,$-0.90,$-0.90,$50,$0,$0,$1763,$43,$297,$56,$66,$462,$2225,$1910,$119,$11,$130,$2040,$2,$0,$0,$184,$2225,$-23,$3,$58,$60,$2,$14,$-0,$1,$-2,$36,$-5,$0,$0,$0,$-13,$-13,$105,$87,$0,$-17,$-17,$0,$0,$-6,$-148,$-171,$-48,$0,$-6
41,2008-06-30,38.6,$49.48,0.78,$43.76,0.88,$15.69,2.46,$-4.60,0.0,$1.85B,$1.98B,0.94,$0.12B,$0.19B,0.62,$0.17B,$0.11B,64.46%,$0.17B,$0.03B,16.87%,$0.17B,0,0.00%,$0.17B,0,0.00%,$0.17B,$-0.03B,-18.07%,$0.17B,$-0.02B,-10.24%,$-0.02B,$0.19B,-8.16%,$-0.02B,$0.13B,-11.18%,$-0.02B,$2.30B,-0.72%,$0.03B,$0.31B,8.73%,$38,$12,$26,$0,$61,$74,$-35,$0,$-35,$-14,$-21,$-21,$-21,$0,$0,$4,4,$-5.60,$-5.60,$70,$0,$0,$1851,$43,$286,$56,$62,$446,$2297,$1977,$119,$11,$130,$2107,$2,$0,$0,$190,$2297,$-20,$2,$48,$49,$6,$14,$-1,$1,$5,$34,$-3,$0,$0,$0,$2,$2,$43,$41,$0,$-1,$-1,$0,$0,$-6,$-96,$-103,$-28,$0,$-6
42,2008-03-31,53.46,$56.23,0.95,$45.07,1.19,$4.24,12.6,$2.25,23.76,$1.97B,$2.04B,0.96,$0.12B,$0.22B,0.55,$0.17B,$0.11B,63.37%,$0.17B,$0.09B,52.33%,$0.17B,0,0.00%,$0.17B,0,0.00%,$0.17B,$0.01B,6.98%,$0.17B,$0.01B,5.23%,$0.01B,$0.22B,4.19%,$0.01B,$0.16B,5.68%,$0.01B,$2.39B,0.38%,$0.09B,$0.33B,28.59%,$41,$15,$27,$0,$6,$20,$21,$0,$2,$1,$2,$2,$2,$0,$0,$4,4,$0.45,$0.45,$108,$0,$0,$1967,$42,$285,$56,$42,$426,$2393,$2041,$119,$19,$138,$2178,$2,$0,$0,$215,$2393,$2,$1,$6,$6,$5,$5,$-1,$-2,$9,$17,$-2,$0,$0,$0,$13,$13,$11,$22,$0,$7,$7,$0,$0,$-3,$-41,$-38,$1,$0,$-3
43,2007-12-31,49.39,$56.09,0.88,$44.33,1.11,$-1.17,0.0,$3.50,14.11,$1.99B,$2.08B,0.96,$0.12B,$0.21B,0.55,$0.17B,$0.10B,61.18%,$0.17B,$0.09B,54.12%,$0.17B,0,0.00%,$0.17B,0,0.00%,$0.17B,$0.01B,8.24%,$0.17B,$0.01B,5.88%,$0.01B,$0.21B,4.64%,$0.01B,$0.16B,6.31%,$0.01B,$2.42B,0.43%,$0.09B,$0.33B,30.41%,$43,$17,$27,$0,$4,$21,$23,$0,$3,$1,$2,$2,$2,$0,$0,$4,4,$0.50,$0.55,$112,$0,$0,$1993,$41,$287,$56,$43,$427,$2420,$2075,$119,$11,$130,$2205,$2,$122,$0,$214,$2420,$10,$2,$14,$16,$3,$-9,$0,$-1,$-9,$17,$-7,$0,$0,$0,$151,$151,$-171,$-27,$50,$-118,$-68,$0,$0,$-12,$97,$16,$6,$1,$-12
44,2007-09-30,88.56,$55.98,1.58,$44.75,1.98,$-0.58,0.0,$4.50,19.68,$1.94B,$2.00B,0.97,$0.09B,$0.21B,0.44,$0.17B,$0.11B,61.99%,$0.17B,$0.10B,55.56%,$0.17B,0,0.00%,$0.17B,0,0.00%,$0.17B,$0.02B,11.11%,$0.17B,$0.01B,8.19%,$0.01B,$0.21B,6.51%,$0.01B,$0.16B,8.87%,$0.01B,$2.32B,0.60%,$0.10B,$0.31B,32.84%,$44,$17,$27,$0,$8,$25,$19,$0,$-0,$-1,$0,$0,$0,$0,$0,$4,4,$0.10,$0.05,$69,$0,$0,$1942,$39,$238,$57,$41,$375,$2317,$1998,$93,$12,$105,$2103,$2,$0,$0,$214,$2317,$8,$1,$14,$15,$3,$-13,$0,$-0,$-15,$9,$-5,$0,$0,$0,$199,$199,$-161,$34,$25,$-65,$-39,$0,$0,$-9,$-35,$-83,$-41,$0,$-9
45,2007-06-30,102.2,$56.61,1.81,$44.37,2.3,$1.48,69.11,$6.00,17.03,$1.91B,$1.96B,0.97,$0.07B,$0.22B,0.31,$0.17B,$0.11B,63.91%,$0.17B,$0.10B,61.54%,$0.17B,0,0.00%,$0.17B,0,0.00%,$0.17B,$0.03B,16.57%,$0.17B,$0.02B,11.83%,$0.02B,$0.22B,9.36%,$0.02B,$0.16B,12.78%,$0.02B,$2.26B,0.85%,$0.10B,$0.29B,36.94%,$44,$16,$28,$0,$1,$17,$27,$0,$7,$2,$5,$5,$5,$0,$0,$4,4,$1.25,$1.25,$108,$0,$0,$1910,$39,$217,$57,$37,$350,$2260,$1964,$68,$11,$79,$2043,$2,$0,$0,$217,$2260,$8,$1,$6,$7,$2,$-22,$0,$-1,$-24,$-9,$-3,$0,$0,$0,$219,$219,$-80,$136,$0,$-110,$-109,$0,$0,$-6,$-22,$-137,$-11,$0,$-6
46,2007-03-31,105.76,$56.68,1.87,$44.08,2.4,$6.91,15.31,$6.45,16.4,$1.84B,$2.10B,0.87,$0.07B,$0.22B,0.31,$0.17B,$0.11B,65.48%,$0.17B,$0.11B,63.69%,$0.17B,0,0.00%,$0.17B,0,0.00%,$0.17B,$0.03B,18.45%,$0.17B,$0.02B,12.50%,$0.02B,$0.22B,9.99%,$0.02B,$0.16B,13.73%,$0.02B,$2.40B,0.88%,$0.11B,$0.29B,38.52%,$39,$16,$22,$0,$-1,$16,$23,$0,$4,$2,$3,$3,$3,$0,$0,$4,4,$0.75,$0.70,$100,$0,$0,$1837,$38,$419,$57,$48,$562,$2398,$2102,$68,$11,$79,$2182,$2,$0,$0,$217,$2398,$3,$1,$5,$5,$-2,$0,$0,$-12,$-12,$-4,$-2,$0,$0,$0,$20,$20,$-10,$9,$0,$6,$6,$0,$0,$-3,$0,$3,$8,$0,$-3
47,2006-12-31,114.89,$55.98,2.05,$44.11,2.6,$8.55,13.44,$6.45,17.81,$1.82B,$2.10B,0.87,$0.07B,$0.21B,0.32,$0.16B,$0.11B,69.51%,$0.16B,$0.11B,66.46%,$0.16B,0,0.00%,$0.16B,0,0.00%,$0.16B,$0.04B,21.95%,$0.16B,$0.02B,14.63%,$0.02B,$0.21B,12.31%,$0.02B,$0.16B,16.70%,$0.02B,$2.39B,1.03%,$0.11B,$0.28B,41.56%,$44,$15,$29,$0,$2,$18,$26,$0,$8,$2,$6,$6,$6,$0,$0,$4,4,$1.50,$1.45,$92,$0,$0,$1816,$37,$444,$57,$35,$573,$2389,$2097,$68,$12,$80,$2177,$2,$125,$-2,$212,$2389,$24,$3,$2,$5,$-5,$0,$0,$-6,$-10,$19,$-7,$0,$49,$0,$170,$170,$-239,$-28,$-19,$104,$85,$0,$0,$-11,$-192,$-119,$-128,$1,$-11
