,Date,Stock Price,Book Value per Share,Price to Book Ratio,TTM Sales per Share,Price to Sales Ratio,TTM FCF per Share,Price to FCF Ratio,TTM Net EPS,PE Ratio,Current Assets,Current Liabilities,Current Ratio,Long Term Debt,Shareholder's Equity_x,Debt to Equity Ratio,TTM Revenue_x,TTM Gross Profit,Gross Margin,TTM Revenue_y,TTM Operating Income,Operating Margin,TTM Revenue_x,TTM EBIT,EBIT Margin,TTM Revenue_y,TTM EBITDA,EBITDA Margin,TTM Revenue_x,TTM Pre-Tax Income,Pre-Tax Margin,TTM Revenue_y,TTM Net Income_x,Net Margin,TTM Net Income_y,Shareholder's Equity_y,Return on Equity,TTM Net Income_x,Tangible Equity,Return on Tangible Equity,TTM Net Income_y,Total Assets,Return on Assets,TTM Net Income,LT Investments & Debt,Return on Investment,revenue,cost-goods-sold,gross-profit,research-development-expenses,selling-general-administrative-expenses,operating-expenses,operating-income,total-non-operating-income-expense,pre-tax-income,total-provision-income-taxes,income-after-taxes,income-from-continuous-operations,net-income,ebitda,ebit,basic-shares-outstanding,shares-outstanding,eps-basic-net-earnings-per-share,eps-earnings-per-share-diluted,cash-on-hand,inventory,other-current-assets,total-current-assets,net-property-plant-equipment,long-term-investments,goodwill-intangible-assets-total,other-long-term-assets,total-long-term-assets,total-assets,total-current-liabilities,long-term-debt,other-non-current-liabilities,total-long-term-liabilities,total-liabilities,common-stock-net,retained-earnings-accumulated-deficit,comprehensive-income,total-share-holder-equity,total-liabilities-share-holders-equity,net-income-loss,total-depreciation-amortization-cash-flow,other-non-cash-items,total-non-cash-items,change-in-accounts-receivable,change-in-inventories,change-in-accounts-payable,change-in-assets-liabilities,total-change-in-assets-liabilities,cash-flow-from-operating-activities,net-change-in-property-plant-equipment,net-change-in-intangible-assets,net-acquisitions-divestitures,net-change-in-short-term-investments,net-change-in-long-term-investments,net-change-in-investments-total,investing-activities-other,cash-flow-from-investing-activities,net-long-term-debt,net-current-debt,debt-issuance-retirement-net-total,net-common-equity-issued-repurchased,net-total-equity-issued-repurchased,total-common-preferred-stock-dividends-paid,financial-activities-other,cash-flow-from-financial-activities,net-cash-flow,stock-based-compensation,common-stock-dividends-paid
0,2018-09-30,28.35,$15.75,1.8,$29.05,0.98,$11.00,2.58,$5.63,5.04,$1.79B,$0.60B,2.98,$3.86B,$1.59B,2.43,$2.97B,$1.68B,56.58%,$2.97B,$0.76B,25.41%,$2.97B,$0.76B,25.41%,$2.97B,$1.14B,38.27%,$2.97B,$0.42B,13.97%,$2.97B,$0.58B,19.49%,$0.58B,$1.59B,36.90%,$0.58B,$-2.37B,-24.29%,$0.58B,$6.63B,8.69%,$0.76B,$5.44B,13.88%,$766,$336,$430,$0,$189,$608,$158,$-95,$62,$-3,$65,$65,$64,$252,$158,$102,103,$0.63,$0.62,$1023,$0,$0,$1791,$674,$0,$3954,$195,$4837,$6627,$601,$3859,$83,$4441,$5042,$1,$331,$-1,$1586,$6627,$138,$283,$-74,$209,$-48,$0,$0,$-20,$26,$373,$-77,$0,$0,$-2,$0,$-2,$-8,$-86,$-151,$0,$-151,$-46,$-46,$-62,$1,$-258,$29,$21,$-62
1,2018-06-30,32.15,$15.51,2.07,$27.85,1.15,$12.17,2.64,$5.31,6.05,$1.68B,$0.57B,2.96,$3.86B,$1.59B,2.44,$2.85B,$1.61B,56.49%,$2.85B,$0.70B,24.56%,$2.85B,$0.70B,24.56%,$2.85B,$1.08B,38.04%,$2.85B,$0.40B,14.14%,$2.85B,$0.55B,19.16%,$0.55B,$1.59B,37.66%,$0.55B,$-2.28B,-21.45%,$0.55B,$6.58B,8.17%,$0.70B,$5.45B,13.14%,$730,$332,$398,$0,$180,$599,$132,$-106,$26,$-3,$29,$29,$28,$223,$132,$102,103,$0.27,$0.27,$1015,$0,$0,$1679,$667,$0,$3865,$370,$4903,$6582,$568,$3864,$89,$4428,$4996,$1,$285,$-1,$1585,$6582,$73,$189,$-107,$82,$-3,$0,$0,$-28,$102,$257,$-51,$0,$0,$-3,$0,$-3,$-3,$-57,$-140,$0,$-140,$0,$0,$-37,$-2,$-179,$20,$14,$-37
2,2018-03-31,31.1,$15.38,2.02,$27.05,1.15,$13.10,2.37,$5.47,5.68,$1.72B,$0.59B,2.9,$3.88B,$1.57B,2.47,$2.77B,$1.58B,56.96%,$2.77B,$0.69B,24.78%,$2.77B,$0.69B,24.78%,$2.77B,$1.08B,38.82%,$2.77B,$0.45B,16.16%,$2.77B,$0.56B,20.31%,$0.56B,$1.57B,42.18%,$0.56B,$-2.34B,-21.11%,$0.56B,$6.66B,8.52%,$0.69B,$5.45B,13.16%,$665,$310,$356,$0,$171,$558,$107,$-79,$28,$-16,$44,$44,$43,$205,$107,$102,103,$0.42,$0.42,$1037,$0,$0,$1715,$654,$0,$3908,$384,$4949,$6663,$592,$3875,$89,$4500,$5092,$1,$276,$-1,$1572,$6663,$44,$98,$-41,$57,$27,$0,$0,$-18,$-0,$101,$-22,$0,$0,$3,$0,$3,$-2,$-21,$-17,$0,$-17,$0,$0,$-18,$-3,$-38,$42,$7,$-18
3,2017-12-31,37.4,$15.08,2.48,$27.28,1.37,$14.93,2.5,$5.66,6.61,$1.72B,$0.73B,2.36,$3.89B,$1.53B,2.53,$2.73B,$1.57B,57.53%,$2.73B,$0.74B,26.99%,$2.73B,$0.74B,26.99%,$2.73B,$1.13B,41.29%,$2.73B,$0.52B,18.98%,$2.73B,$0.58B,21.10%,$0.58B,$1.53B,47.45%,$0.58B,$-2.55B,-20.71%,$0.58B,$6.78B,8.85%,$0.74B,$5.42B,14.36%,$810,$314,$497,$0,$190,$453,$358,$-59,$299,$-146,$445,$445,$444,$457,$358,$100,101,$4.42,$4.38,$994,$0,$0,$1715,$738,$0,$4085,$243,$5070,$6784,$726,$3888,$79,$4524,$5250,$1,$249,$-1,$1534,$6784,$594,$391,$-495,$-103,$-42,$0,$0,$-9,$-60,$431,$109,$0,$-271,$-55,$7,$-48,$12,$-198,$-170,$0,$-170,$458,$458,$-71,$-28,$188,$421,$16,$-71
4,2017-09-30,31.5,$10.90,2.89,$27.68,1.14,$15.02,2.1,$2.66,11.84,$1.59B,$0.91B,1.74,$3.89B,$1.11B,3.51,$2.72B,$1.59B,58.23%,$2.72B,$0.61B,22.52%,$2.72B,$0.61B,22.52%,$2.72B,$1.01B,36.99%,$2.72B,$0.40B,14.66%,$2.72B,$0.25B,9.33%,$0.25B,$1.11B,26.13%,$0.25B,$-3.02B,-8.38%,$0.25B,$6.69B,4.02%,$0.61B,$5.00B,12.43%,$645,$286,$359,$0,$159,$541,$103,$-54,$50,$17,$33,$33,$31,$199,$103,$102,103,$0.30,$0.30,$915,$0,$0,$1589,$724,$0,$4124,$225,$5098,$6687,$911,$3889,$71,$4668,$5579,$1,$-176,$-1,$1108,$6687,$149,$292,$-114,$178,$2,$0,$0,$-1,$-49,$278,$140,$0,$-270,$-16,$0,$-16,$297,$152,$-152,$0,$-152,$458,$458,$-74,$-5,$226,$656,$13,$-74
5,2017-06-30,32.15,$10.96,2.93,$28.75,1.12,$13.72,2.34,$2.90,11.09,$1.42B,$0.54B,2.65,$3.90B,$1.13B,3.46,$2.77B,$1.65B,59.55%,$2.77B,$0.66B,23.96%,$2.77B,$0.66B,23.96%,$2.77B,$1.07B,38.54%,$2.77B,$0.43B,15.45%,$2.77B,$0.27B,9.89%,$0.27B,$1.13B,33.55%,$0.27B,$-2.76B,-8.59%,$0.27B,$6.29B,4.49%,$0.66B,$5.02B,13.80%,$652,$286,$367,$0,$152,$533,$119,$-48,$71,$25,$46,$46,$45,$215,$119,$103,104,$0.43,$0.43,$798,$0,$0,$1422,$705,$0,$3889,$248,$4867,$6290,$537,$3897,$87,$4627,$5165,$1,$-189,$-1,$1125,$6290,$117,$196,$-92,$105,$-26,$0,$0,$-1,$-80,$141,$161,$0,$-28,$-16,$0,$-16,$-13,$103,$-138,$0,$-138,$488,$488,$-35,$-20,$295,$539,$11,$-35
6,2017-03-31,39.37,$10.69,3.68,$29.41,1.34,$12.47,3.16,$2.99,13.17,$1.44B,$0.47B,3.08,$4.02B,$1.10B,3.66,$2.79B,$1.68B,60.19%,$2.79B,$0.67B,24.19%,$2.79B,$0.67B,24.19%,$2.79B,$1.08B,38.87%,$2.79B,$0.43B,15.58%,$2.79B,$0.28B,9.98%,$0.28B,$1.10B,41.42%,$0.28B,$-2.82B,-8.18%,$0.28B,$6.32B,4.65%,$0.67B,$5.11B,14.36%,$627,$277,$350,$0,$145,$469,$158,$-58,$99,$29,$71,$71,$57,$258,$158,$93,94,$0.62,$0.61,$819,$0,$0,$1441,$712,$0,$3913,$225,$4877,$6317,$467,$4017,$83,$4753,$5220,$1,$-215,$-1,$1097,$6317,$71,$101,$-71,$29,$2,$0,$0,$-6,$-30,$70,$174,$0,$-8,$0,$0,$0,$-8,$158,$-121,$0,$-121,$488,$488,$-16,$-18,$332,$560,$8,$-16
7,2016-12-31,32.27,$6.18,5.22,$28.77,1.12,$11.00,2.93,$2.63,12.27,$0.91B,$0.64B,1.42,$4.03B,$0.56B,7.22,$2.74B,$1.67B,60.88%,$2.74B,$0.60B,21.99%,$2.74B,$0.60B,21.99%,$2.74B,$1.01B,37.00%,$2.74B,$0.37B,13.62%,$2.74B,$0.25B,8.95%,$0.25B,$0.56B,46.49%,$0.25B,$-3.53B,-6.82%,$0.25B,$5.96B,4.20%,$0.60B,$4.59B,13.24%,$798,$288,$509,$1,$150,$564,$233,$-55,$179,$56,$123,$123,$121,$335,$233,$94,94,$1.31,$1.29,$260,$0,$0,$905,$718,$0,$4091,$221,$5058,$5963,$636,$4029,$76,$4769,$5405,$1,$-256,$-1,$558,$5963,$251,$410,$-75,$335,$-72,$0,$0,$-1,$6,$592,$-78,$0,$-426,$-51,$-33,$-85,$-17,$-606,$354,$0,$354,$-136,$-136,$-66,$-27,$124,$110,$17,$-66
8,2016-09-30,27.79,$5.32,5.22,$26.71,1.04,$9.06,3.07,$1.92,14.47,$0.79B,$0.60B,1.32,$4.04B,$0.49B,8.3,$2.55B,$1.55B,60.78%,$2.55B,$0.49B,19.32%,$2.55B,$0.49B,19.32%,$2.55B,$0.91B,35.50%,$2.55B,$0.27B,10.42%,$2.55B,$0.18B,7.13%,$0.18B,$0.49B,35.51%,$0.18B,$-3.64B,-5.14%,$0.18B,$5.87B,3.19%,$0.49B,$4.52B,11.09%,$694,$270,$424,$1,$146,$540,$154,$-75,$79,$27,$52,$52,$51,$260,$154,$94,95,$0.54,$0.54,$105,$0,$0,$790,$713,$0,$4126,$225,$5076,$5866,$600,$4037,$72,$4780,$5380,$1,$-360,$-1,$487,$5866,$128,$308,$-53,$256,$-77,$0,$0,$-4,$-54,$330,$-69,$0,$-409,$-34,$-29,$-63,$-16,$-558,$357,$0,$357,$-101,$-101,$-50,$-25,$182,$-45,$13,$-50
9,2016-06-30,28.55,$5.74,4.98,$25.12,1.14,$9.07,3.15,$1.83,15.6,$0.68B,$0.53B,1.28,$4.00B,$0.54B,7.37,$2.41B,$1.47B,60.89%,$2.41B,$0.44B,18.25%,$2.41B,$0.44B,18.25%,$2.41B,$0.84B,34.95%,$2.41B,$0.24B,9.89%,$2.41B,$0.17B,7.23%,$0.17B,$0.54B,34.56%,$0.17B,$-3.61B,-5.00%,$0.17B,$5.78B,3.10%,$0.44B,$4.54B,10.01%,$667,$273,$394,$1,$143,$537,$129,$-52,$77,$27,$51,$51,$49,$230,$129,$95,96,$0.52,$0.52,$104,$0,$0,$678,$728,$0,$4151,$212,$5102,$5780,$532,$4000,$72,$4705,$5237,$1,$-394,$-1,$543,$5780,$76,$202,$-45,$157,$-46,$0,$0,$-6,$-24,$210,$-50,$0,$-423,$-22,$-22,$-43,$-12,$-528,$328,$0,$328,$-11,$-11,$-37,$-7,$273,$-46,$10,$-37
10,2016-03-31,29.24,$5.47,5.34,$23.95,1.22,$8.79,3.33,$1.79,16.33,$0.68B,$0.54B,1.27,$4.02B,$0.52B,7.72,$2.29B,$1.42B,61.80%,$2.29B,$0.42B,18.49%,$2.29B,$0.42B,18.49%,$2.29B,$0.82B,35.76%,$2.29B,$0.23B,10.07%,$2.29B,$0.17B,7.46%,$0.17B,$0.52B,35.68%,$0.17B,$-3.59B,-4.98%,$0.17B,$5.75B,3.10%,$0.42B,$4.54B,9.82%,$579,$239,$340,$1,$136,$493,$86,$-49,$38,$12,$26,$26,$24,$188,$86,$95,96,$0.25,$0.25,$142,$0,$0,$683,$724,$0,$4110,$216,$5065,$5747,$538,$4015,$72,$4690,$5227,$1,$-427,$-1,$520,$5747,$26,$101,$-22,$80,$27,$0,$0,$-19,$29,$134,$-26,$0,$-385,$-20,$-7,$-27,$-17,$-455,$338,$0,$338,$0,$0,$-18,$-7,$312,$-8,$6,$-18
11,2015-12-31,30.78,$5.28,5.83,$23.16,1.33,$8.60,3.58,$1.79,17.2,$0.70B,$0.54B,1.31,$3.69B,$0.50B,7.38,$2.22B,$1.39B,62.78%,$2.22B,$0.42B,19.06%,$2.22B,$0.42B,19.06%,$2.22B,$0.81B,36.59%,$2.22B,$0.23B,10.55%,$2.22B,$0.17B,7.71%,$0.17B,$0.50B,37.81%,$0.17B,$-3.32B,-5.02%,$0.17B,$5.43B,3.15%,$0.42B,$4.19B,9.96%,$612,$219,$393,$1,$138,$488,$124,$-53,$72,$11,$61,$61,$58,$228,$124,$95,96,$0.61,$0.61,$150,$0,$0,$702,$717,$0,$3815,$179,$4731,$5432,$535,$3687,$69,$4398,$4933,$1,$-437,$-1,$500,$5432,$176,$390,$-108,$282,$-39,$0,$0,$-3,$-55,$403,$-68,$0,$-17,$-45,$-17,$-62,$-4,$-151,$-12,$0,$-12,$-29,$-29,$-63,$-16,$-119,$132,$18,$-63
12,2015-09-30,23.84,$4.77,5.0,$23.05,1.03,$10.49,2.27,$2.16,11.04,$0.67B,$0.49B,1.37,$3.82B,$0.45B,8.47,$2.22B,$1.42B,63.71%,$2.22B,$0.51B,22.87%,$2.22B,$0.51B,22.87%,$2.22B,$0.89B,40.21%,$2.22B,$0.31B,14.00%,$2.22B,$0.21B,9.37%,$0.21B,$0.45B,48.54%,$0.21B,$-3.40B,-6.02%,$0.21B,$5.48B,3.84%,$0.51B,$4.27B,11.97%,$548,$210,$338,$5,$122,$449,$100,$-48,$51,$7,$44,$44,$43,$195,$100,$95,96,$0.46,$0.45,$119,$0,$0,$672,$747,$0,$3848,$190,$4808,$5480,$492,$3821,$73,$4537,$5029,$1,$-480,$-6,$451,$5480,$115,$285,$-90,$196,$1,$0,$0,$-12,$3,$314,$-49,$0,$-16,$-43,$-31,$-74,$11,$-128,$4,$0,$4,$-29,$-29,$-47,$-13,$-84,$102,$15,$-47
13,2015-06-30,26.12,$4.67,5.59,$22.37,1.17,$10.79,2.42,$2.20,11.87,$0.54B,$0.40B,1.37,$3.83B,$0.45B,8.57,$2.17B,$1.40B,64.44%,$2.17B,$0.51B,23.52%,$2.17B,$0.51B,23.52%,$2.17B,$0.89B,40.96%,$2.17B,$0.32B,14.58%,$2.17B,$0.21B,9.82%,$0.21B,$0.45B,52.69%,$0.21B,$-3.43B,-6.23%,$0.21B,$5.38B,3.96%,$0.51B,$4.27B,12.14%,$554,$208,$346,$4,$117,$440,$114,$-45,$70,$23,$46,$46,$46,$209,$114,$95,96,$0.48,$0.48,$65,$0,$0,$544,$742,$0,$3875,$196,$4837,$5381,$397,$3825,$79,$4538,$4935,$1,$-507,$-6,$446,$5381,$71,$190,$-62,$128,$3,$0,$0,$-19,$-19,$180,$-47,$0,$0,$-38,$-17,$-54,$12,$-90,$4,$0,$4,$-8,$-8,$-31,$-9,$-43,$47,$12,$-31
14,2015-03-31,29.23,$4.32,6.76,$21.25,1.38,$10.97,2.66,$2.14,13.66,$0.53B,$0.43B,1.24,$3.85B,$0.41B,9.33,$2.07B,$1.34B,64.86%,$2.07B,$0.50B,24.12%,$2.07B,$0.50B,24.12%,$2.07B,$0.86B,41.37%,$2.07B,$0.31B,15.03%,$2.07B,$0.21B,10.05%,$0.21B,$0.41B,53.99%,$0.21B,$-3.49B,-6.70%,$0.21B,$5.42B,4.10%,$0.50B,$4.26B,12.50%,$505,$189,$316,$3,$118,$420,$85,$-43,$41,$16,$25,$25,$24,$180,$85,$95,96,$0.26,$0.25,$58,$0,$0,$534,$742,$0,$3904,$206,$4884,$5417,$431,$3849,$78,$4574,$5005,$1,$-537,$-6,$412,$5417,$25,$96,$-32,$63,$20,$0,$0,$-10,$26,$114,$-24,$0,$-0,$-3,$-6,$-9,$5,$-28,$-17,$0,$-17,$-8,$-8,$-16,$-5,$-46,$40,$7,$-16
15,2014-12-31,25.31,$4.24,5.96,$20.13,1.26,$11.28,2.24,$2.16,11.72,$0.53B,$0.49B,1.08,$3.77B,$0.41B,9.3,$1.98B,$1.29B,65.25%,$1.98B,$0.50B,25.04%,$1.98B,$0.50B,25.04%,$1.98B,$0.83B,41.98%,$1.98B,$0.31B,15.78%,$1.98B,$0.21B,10.67%,$0.21B,$0.41B,57.38%,$0.21B,$-3.51B,-7.60%,$0.21B,$5.41B,4.44%,$0.50B,$4.18B,13.19%,$614,$199,$415,$3,$126,$405,$209,$-60,$149,$52,$97,$97,$95,$309,$209,$97,98,$0.99,$0.99,$18,$0,$0,$526,$753,$0,$3918,$175,$4884,$5410,$487,$3771,$77,$4518,$5005,$1,$-546,$-6,$405,$5410,$215,$335,$-114,$221,$-44,$0,$0,$-2,$17,$433,$95,$0,$-1485,$-8,$-24,$-32,$24,$-1397,$918,$0,$918,$-133,$-133,$-69,$-13,$702,$-262,$14,$-69
16,2014-09-30,24.01,$3.68,6.53,$18.41,1.3,$-3.06,0.0,$1.20,20.0,$0.57B,$0.46B,1.24,$3.74B,$0.35B,10.56,$1.79B,$1.16B,64.60%,$1.79B,$0.39B,21.72%,$1.79B,$0.39B,21.72%,$1.79B,$0.69B,38.75%,$1.79B,$0.19B,10.33%,$1.79B,$0.12B,6.59%,$0.12B,$0.35B,32.07%,$0.12B,$-3.24B,-4.82%,$0.12B,$5.29B,2.66%,$0.39B,$4.10B,10.93%,$495,$175,$320,$2,$113,$393,$102,$-45,$56,$8,$49,$49,$48,$190,$102,$97,98,$0.50,$0.49,$99,$0,$0,$573,$713,$0,$3598,$367,$4721,$5294,$463,$3742,$78,$4477,$4940,$1,$-625,$-3,$354,$5294,$118,$235,$-84,$151,$17,$0,$0,$-14,$102,$358,$-58,$0,$-1080,$-5,$-16,$-21,$12,$-1147,$775,$0,$775,$-108,$-108,$-50,$-9,$608,$-181,$11,$-50
17,2014-06-30,31.79,$3.80,8.37,$16.73,1.9,$-4.63,0.0,$1.07,29.71,$0.76B,$0.34B,2.27,$3.06B,$0.37B,8.26,$1.64B,$1.06B,64.77%,$1.64B,$0.36B,22.02%,$1.64B,$0.36B,22.02%,$1.64B,$0.63B,38.53%,$1.64B,$0.16B,10.03%,$1.64B,$0.11B,6.48%,$0.11B,$0.37B,27.64%,$0.11B,$-2.17B,-5.08%,$0.11B,$4.18B,2.64%,$0.36B,$3.43B,11.07%,$455,$164,$291,$2,$98,$352,$103,$-38,$65,$23,$42,$42,$41,$177,$103,$97,98,$0.43,$0.42,$396,$0,$0,$763,$636,$0,$2544,$221,$3419,$4182,$337,$3056,$69,$3475,$3812,$1,$-658,$-2,$370,$4182,$69,$147,$-42,$105,$7,$0,$0,$-12,$12,$180,$-27,$0,$-8,$-6,$-6,$-12,$16,$-31,$82,$0,$82,$-82,$-82,$-33,$1,$-33,$115,$8,$-33
18,2014-03-31,24.66,$3.52,7.01,$15.44,1.6,$-5.81,0.0,$0.84,29.36,$0.79B,$0.40B,1.98,$2.97B,$0.34B,8.68,$1.49B,$0.98B,65.39%,$1.49B,$0.34B,22.82%,$1.49B,$0.34B,22.82%,$1.49B,$0.59B,39.29%,$1.49B,$0.12B,8.17%,$1.49B,$0.08B,5.56%,$0.08B,$0.34B,21.42%,$0.08B,$-2.17B,-4.35%,$0.08B,$4.11B,2.18%,$0.34B,$3.32B,11.01%,$413,$149,$264,$0,$98,$332,$81,$-39,$42,$15,$28,$28,$27,$154,$81,$99,100,$0.27,$0.27,$318,$0,$98,$786,$574,$0,$2512,$218,$3324,$4110,$398,$2972,$67,$3370,$3768,$1,$-685,$-3,$342,$4110,$28,$73,$-23,$50,$17,$0,$0,$38,$61,$136,$-12,$0,$0,$-2,$-4,$-6,$16,$-2,$-1,$0,$-1,$-82,$-82,$-15,$1,$-97,$38,$5,$-15
19,2013-12-31,32.36,$4.05,7.99,$14.74,2.2,$-6.55,0.0,$0.78,41.48,$0.70B,$0.34B,2.03,$2.99B,$0.41B,7.36,$1.36B,$0.90B,65.91%,$1.36B,$0.32B,23.75%,$1.36B,$0.32B,23.75%,$1.36B,$0.55B,40.03%,$1.36B,$0.11B,7.70%,$1.36B,$0.07B,5.35%,$0.07B,$0.41B,26.28%,$0.07B,$-2.20B,-3.98%,$0.07B,$4.15B,2.11%,$0.32B,$3.39B,11.57%,$428,$145,$282,$0,$94,$324,$103,$-81,$22,$18,$4,$4,$2,$173,$103,$93,94,$0.02,$0.02,$280,$0,$0,$698,$596,$0,$2609,$220,$3450,$4147,$343,$2985,$67,$3398,$3742,$1,$-697,$-3,$406,$4147,$76,$222,$-47,$175,$-91,$0,$0,$8,$-79,$161,$-1000,$0,$0,$-22,$-18,$-41,$-11,$-1051,$769,$0,$769,$473,$473,$-67,$-27,$1148,$257,$11,$-67
20,2013-09-30,30.22,$4.16,7.27,$14.23,2.12,$-9.19,0.0,$1.49,20.28,$0.59B,$0.34B,1.73,$2.46B,$0.42B,5.9,$1.27B,$0.85B,67.14%,$1.27B,$0.34B,26.86%,$1.27B,$0.34B,26.86%,$1.27B,$0.54B,42.26%,$1.27B,$0.17B,13.19%,$1.27B,$0.13B,10.27%,$0.13B,$0.42B,85.95%,$0.13B,$-1.80B,-7.41%,$0.13B,$3.62B,4.18%,$0.34B,$2.87B,13.69%,$339,$117,$222,$0,$82,$266,$73,$-38,$35,$4,$31,$31,$36,$126,$73,$99,100,$0.37,$0.36,$229,$0,$6,$588,$513,$0,$2216,$271,$3030,$3618,$341,$2456,$64,$2861,$3201,$1,$-684,$-5,$416,$3618,$72,$153,$-59,$94,$-37,$0,$0,$-4,$-14,$151,$-1,$0,$-500,$-10,$-12,$-22,$-34,$-557,$201,$0,$201,$483,$483,$-52,$-20,$612,$206,$8,$-52
21,2013-06-30,26.31,$3.87,6.8,$14.03,1.88,$-9.05,0.0,$1.45,18.15,$0.81B,$0.23B,3.57,$2.43B,$0.39B,6.29,$1.19B,$0.81B,67.96%,$1.19B,$0.35B,29.09%,$1.19B,$0.35B,29.09%,$1.19B,$0.53B,44.35%,$1.19B,$0.18B,15.01%,$1.19B,$0.12B,10.12%,$0.12B,$0.39B,350.36%,$0.12B,$-1.46B,-7.24%,$0.12B,$3.34B,4.34%,$0.35B,$2.81B,15.88%,$314,$105,$209,$0,$65,$230,$84,$-62,$23,$10,$13,$13,$18,$134,$84,$92,94,$0.19,$0.19,$551,$0,$0,$807,$455,$0,$1848,$223,$2536,$3343,$226,$2428,$47,$2731,$2957,$1,$-706,$-5,$386,$3343,$35,$99,$-27,$72,$-28,$0,$0,$-3,$-54,$53,$-17,$0,$-101,$-3,$3,$-1,$-8,$-127,$171,$0,$171,$483,$483,$-37,$-16,$601,$528,$7,$-37
22,2013-03-31,18.08,$-1.19,-15.19,$13.76,1.31,$-8.67,0.0,$1.63,11.09,$0.29B,$0.31B,0.94,$2.22B,$-0.10B,-22.84,$1.12B,$0.77B,68.21%,$1.12B,$0.33B,29.65%,$1.12B,$0.33B,29.65%,$1.12B,$0.50B,44.70%,$1.12B,$0.20B,18.08%,$1.12B,$0.13B,11.75%,$0.13B,$-0.10B,-167.62%,$0.13B,$-1.88B,-7.99%,$0.13B,$2.74B,5.35%,$0.33B,$2.13B,17.78%,$283,$96,$186,$0,$63,$219,$64,$-38,$25,$9,$17,$17,$17,$113,$64,$81,82,$0.21,$0.21,$26,$0,$16,$293,$432,$0,$1778,$221,$2442,$2735,$311,$2222,$53,$2521,$2832,$1,$-709,$-5,$-97,$2735,$17,$50,$-13,$37,$-14,$0,$0,$-4,$-4,$50,$-7,$0,$0,$-2,$6,$4,$-12,$-15,$-11,$-0,$-12,$0,$0,$-21,$1,$-32,$3,$0,$-21
23,2012-12-31,11.13,$-1.23,-9.04,$13.06,0.85,$-8.44,0.0,$1.78,6.25,$0.30B,$0.31B,0.99,$2.22B,$-0.10B,-22.23,$1.06B,$0.73B,68.36%,$1.06B,$0.33B,30.98%,$1.06B,$0.33B,30.98%,$1.06B,$0.48B,45.10%,$1.06B,$0.21B,19.96%,$1.06B,$0.14B,13.56%,$0.14B,$-0.10B,-188.85%,$0.14B,$-1.88B,-9.80%,$0.14B,$2.73B,6.47%,$0.33B,$2.12B,19.92%,$330,$96,$233,$0,$59,$210,$119,$-35,$84,$26,$59,$59,$59,$162,$119,$81,81,$0.73,$0.73,$23,$0,$30,$304,$440,$0,$1783,$190,$2425,$2730,$308,$2224,$48,$2522,$2830,$1,$-714,$-5,$-100,$2730,$145,$149,$-69,$80,$-23,$0,$0,$-8,$13,$237,$-1179,$0,$0,$-24,$-12,$-37,$67,$-1149,$1068,$0,$1068,$0,$0,$-125,$-21,$922,$10,$6,$-125
24,2012-09-30,8.93,$-0.64,-13.86,$11.65,0.77,$4.51,1.98,$1.33,6.72,$0.29B,$0.30B,0.95,$1.68B,$-0.05B,-32.05,$0.95B,$0.64B,67.30%,$0.95B,$0.27B,28.99%,$0.95B,$0.27B,28.99%,$0.95B,$0.40B,42.75%,$0.95B,$0.16B,17.35%,$0.95B,$0.11B,11.43%,$0.11B,$-0.05B,-136.71%,$0.11B,$-1.41B,-8.66%,$0.11B,$2.25B,5.58%,$0.27B,$1.63B,19.79%,$259,$81,$178,$0,$51,$180,$78,$-33,$46,$19,$26,$26,$26,$117,$78,$81,81,$0.33,$0.32,$45,$0,$15,$289,$366,$0,$1358,$217,$1956,$2246,$303,$1679,$51,$1995,$2298,$1,$-680,$-5,$-52,$2246,$86,$107,$-38,$68,$10,$0,$3,$-32,$9,$163,$-30,$0,$-591,$-6,$2,$-4,$16,$-609,$520,$-2,$518,$0,$0,$-32,$-8,$478,$32,$0,$-32
25,2012-06-30,7.13,$-0.82,-8.73,$10.70,0.67,$4.12,1.73,$1.25,5.7,$0.23B,$0.23B,0.99,$1.68B,$-0.07B,-25.39,$0.87B,$0.58B,67.13%,$0.87B,$0.25B,28.60%,$0.87B,$0.25B,28.60%,$0.87B,$0.37B,42.56%,$0.87B,$0.15B,17.07%,$0.87B,$0.10B,11.65%,$0.10B,$-0.07B,-103.86%,$0.10B,$-1.44B,-8.81%,$0.10B,$2.16B,5.72%,$0.25B,$1.62B,20.00%,$251,$82,$169,$0,$49,$179,$72,$-23,$48,$18,$30,$30,$30,$110,$72,$81,81,$0.37,$0.37,$31,$0,$0,$230,$372,$0,$1375,$171,$1930,$2160,$232,$1683,$47,$1995,$2227,$1,$-694,$-5,$-66,$2160,$59,$68,$-28,$41,$1,$0,$0,$-36,$-19,$80,$-18,$0,$0,$0,$-597,$-596,$58,$-556,$522,$-1,$520,$0,$0,$-20,$-7,$494,$18,$0,$-20
26,2012-03-31,8.58,$-1.07,-7.98,$9.95,0.86,$3.95,2.17,$1.11,7.73,$0.22B,$0.22B,1.02,$1.33B,$-0.09B,-15.23,$0.81B,$0.54B,67.33%,$0.81B,$0.23B,29.07%,$0.81B,$0.23B,29.07%,$0.81B,$0.34B,42.48%,$0.81B,$0.13B,16.27%,$0.81B,$0.09B,11.18%,$0.09B,$-0.09B,-78.60%,$0.09B,$-1.14B,-8.71%,$0.09B,$1.77B,5.62%,$0.23B,$1.24B,21.43%,$222,$76,$146,$0,$45,$162,$60,$-26,$34,$5,$29,$29,$29,$90,$60,$81,81,$0.36,$0.36,$27,$0,$0,$222,$314,$0,$1053,$168,$1549,$1771,$218,$1328,$47,$1640,$1858,$1,$-715,$-5,$-87,$1771,$29,$30,$-18,$12,$8,$0,$-0,$-9,$26,$67,$-7,$0,$0,$-6,$-209,$-214,$20,$-201,$161,$-1,$160,$0,$0,$-10,$-4,$147,$14,$0,$-10
27,2011-12-31,8.7,$-1.38,-6.32,$9.47,0.92,$3.81,2.28,$0.94,9.25,$0.21B,$0.20B,1.07,$1.17B,$-0.11B,-10.46,$0.77B,$0.52B,68.02%,$0.77B,$0.23B,29.37%,$0.77B,$0.23B,29.37%,$0.77B,$0.33B,42.95%,$0.77B,$0.12B,15.67%,$0.77B,$0.08B,9.92%,$0.08B,$-0.11B,-58.91%,$0.08B,$-0.99B,-7.62%,$0.08B,$1.57B,4.90%,$0.23B,$1.05B,21.70%,$213,$70,$143,$0,$39,$149,$64,$-27,$36,$13,$23,$23,$23,$87,$64,$80,81,$0.28,$0.28,$13,$0,$0,$210,$282,$0,$882,$182,$1362,$1571,$196,$1165,$47,$1487,$1683,$1,$-735,$-5,$-111,$1571,$76,$103,$-17,$87,$-12,$0,$0,$-11,$-14,$149,$-39,$0,$0,$-16,$-5,$-22,$-52,$-112,$1,$-3,$-2,$2,$2,$-39,$-6,$-45,$-9,$0,$-39
28,2011-09-30,5.44,$-1.55,-3.51,$9.58,0.57,$4.16,1.31,$1.06,5.13,$0.25B,$0.20B,1.23,$1.17B,$-0.13B,-9.37,$0.78B,$0.55B,69.52%,$0.78B,$0.24B,31.12%,$0.78B,$0.24B,31.12%,$0.78B,$0.35B,45.03%,$0.78B,$0.14B,17.35%,$0.78B,$0.09B,10.97%,$0.09B,$-0.13B,-61.21%,$0.09B,$-1.01B,-8.51%,$0.09B,$1.56B,5.62%,$0.24B,$1.05B,23.65%,$181,$57,$124,$0,$37,$129,$52,$-22,$30,$11,$19,$19,$19,$82,$52,$81,81,$0.24,$0.24,$61,$0,$0,$246,$277,$0,$885,$137,$1318,$1564,$200,$1174,$46,$1489,$1689,$1,$-748,$-4,$-125,$1564,$53,$80,$-32,$48,$3,$0,$2,$-16,$27,$128,$-27,$0,$-0,$-9,$-8,$-17,$-13,$-58,$1,$-3,$-1,$4,$4,$-29,$-4,$-31,$39,$4,$-29
29,2011-06-30,8.2,$-1.67,-4.9,$9.66,0.85,$4.11,1.99,$1.00,8.2,$0.25B,$0.18B,1.39,$1.16B,$-0.14B,-8.57,$0.79B,$0.55B,70.09%,$0.79B,$0.25B,31.43%,$0.79B,$0.25B,31.43%,$0.79B,$0.36B,45.75%,$0.79B,$0.13B,15.84%,$0.79B,$0.08B,10.27%,$0.08B,$-0.14B,-54.64%,$0.08B,$-0.99B,-7.93%,$0.08B,$1.50B,5.32%,$0.25B,$1.02B,23.94%,$189,$59,$129,$0,$37,$131,$58,$-27,$31,$13,$19,$19,$19,$83,$58,$81,81,$0.23,$0.23,$51,$0,$38,$247,$278,$0,$851,$117,$1251,$1497,$178,$1159,$47,$1455,$1633,$1,$-757,$-4,$-135,$1497,$34,$51,$-24,$27,$-1,$0,$2,$-12,$8,$68,$-21,$-0,$0,$-7,$-4,$-11,$7,$-25,$8,$-2,$7,$4,$4,$-19,$-4,$-14,$29,$0,$-19
30,2011-03-31,9.25,$-1.79,-5.17,$9.44,0.98,$4.16,2.22,$0.98,9.43,$0.32B,$0.26B,1.23,$1.17B,$-0.15B,-8.07,$0.78B,$0.55B,70.63%,$0.78B,$0.25B,31.42%,$0.78B,$0.25B,31.42%,$0.78B,$0.36B,46.36%,$0.78B,$0.12B,15.45%,$0.78B,$0.08B,10.09%,$0.08B,$-0.15B,-50.32%,$0.08B,$-1.00B,-7.58%,$0.08B,$1.57B,5.15%,$0.25B,$1.02B,23.40%,$183,$58,$125,$0,$39,$131,$51,$-28,$23,$8,$15,$15,$15,$77,$51,$80,81,$0.19,$0.19,$123,$0,$37,$321,$271,$0,$853,$118,$1250,$1571,$261,$1166,$45,$1455,$1716,$1,$-766,$-4,$-145,$1571,$15,$26,$-9,$17,$8,$0,$0,$-4,$23,$55,$-6,$0,$0,$-8,$-1,$-9,$7,$-8,$67,$-1,$66,$4,$4,$-10,$-4,$55,$102,$0,$-10
31,2010-12-31,5.98,$-1.95,-3.06,$9.27,0.64,$3.98,1.5,$0.93,6.42,$0.20B,$0.17B,1.22,$1.19B,$-0.16B,-7.57,$0.77B,$0.55B,71.19%,$0.77B,$0.24B,31.42%,$0.77B,$0.24B,31.42%,$0.77B,$0.36B,47.20%,$0.77B,$0.12B,15.12%,$0.77B,$0.08B,9.91%,$0.08B,$-0.16B,-45.31%,$0.08B,$-1.05B,-7.13%,$0.08B,$1.49B,4.95%,$0.24B,$1.03B,22.52%,$231,$63,$167,$0,$40,$147,$83,$-32,$52,$18,$34,$34,$33,$111,$83,$80,84,$0.41,$0.41,$27,$0,$0,$204,$272,$0,$892,$109,$1282,$1486,$168,$1189,$46,$1475,$1643,$1,$-772,$-4,$-157,$1486,$75,$121,$-42,$79,$-14,$0,$-3,$1,$1,$155,$-12,$0,$0,$-7,$-9,$-16,$60,$32,$-143,$-3,$-147,$0,$0,$-35,$-7,$-188,$-1,$0,$-35
32,2010-09-30,4.87,$-1.94,-2.51,$8.81,0.55,$3.49,1.39,$-0.32,0.0,$0.23B,$0.19B,1.2,$1.22B,$-0.16B,-7.84,$0.72B,$0.51B,70.97%,$0.72B,$0.09B,12.78%,$0.72B,$0.09B,12.78%,$0.72B,$0.09B,12.22%,$0.72B,$-0.03B,-4.03%,$0.72B,$-0.03B,-3.47%,$-0.03B,$-0.16B,13.97%,$-0.03B,$-1.05B,2.31%,$-0.03B,$1.54B,-1.60%,$0.09B,$1.07B,8.42%,$186,$54,$132,$0,$38,$130,$56,$-37,$19,$5,$14,$14,$14,$90,$56,$80,81,$0.18,$0.18,$47,$0,$0,$227,$278,$0,$898,$121,$1309,$1536,$190,$1222,$47,$1503,$1692,$1,$-771,$-4,$-156,$1536,$42,$93,$-40,$53,$1,$0,$-0,$-15,$12,$107,$-10,$0,$0,$-11,$-7,$-17,$60,$32,$-117,$-2,$-120,$0,$0,$-0,$-1,$-121,$18,$4,$-0
33,2010-06-30,4.04,$-2.12,-1.91,$8.36,0.48,$3.17,1.27,$-0.31,0.0,$0.23B,$0.18B,1.3,$1.26B,$-0.17B,-7.38,$0.69B,$0.49B,71.18%,$0.69B,$0.07B,10.37%,$0.69B,$0.07B,10.37%,$0.69B,$0.20B,28.82%,$0.69B,$-0.03B,-4.18%,$0.69B,$-0.02B,-3.46%,$-0.02B,$-0.17B,13.87%,$-0.02B,$-1.07B,2.17%,$-0.02B,$1.54B,-1.52%,$0.07B,$1.09B,6.50%,$183,$54,$129,$0,$38,$127,$56,$-29,$27,$11,$17,$17,$17,$85,$56,$80,87,$0.22,$0.21,$65,$0,$0,$228,$281,$0,$898,$120,$1311,$1540,$176,$1257,$48,$1534,$1710,$1,$-785,$-4,$-170,$1540,$28,$59,$-29,$31,$-6,$0,$0,$-11,$1,$60,$-5,$0,$0,$-6,$-3,$-10,$42,$28,$-66,$-1,$-67,$0,$0,$-0,$-1,$-68,$19,$0,$-0
34,2010-03-31,3.52,$-2.34,-1.51,$8.24,0.43,$3.13,1.13,$-0.48,0.0,$0.25B,$0.21B,1.24,$1.28B,$-0.19B,-6.84,$0.67B,$0.48B,71.00%,$0.67B,$0.04B,6.28%,$0.67B,$0.04B,6.28%,$0.67B,$0.18B,26.91%,$0.67B,$-0.05B,-7.03%,$0.67B,$-0.04B,-5.68%,$-0.04B,$-0.19B,22.65%,$-0.04B,$-1.09B,3.35%,$-0.04B,$1.58B,-2.37%,$0.04B,$1.10B,4.04%,$167,$49,$118,$0,$37,$122,$46,$-28,$18,$7,$11,$11,$12,$76,$46,$80,80,$0.14,$0.14,$90,$0,$0,$253,$287,$0,$902,$120,$1324,$1577,$205,$1284,$48,$1560,$1764,$1,$-802,$-4,$-188,$1577,$11,$30,$-18,$13,$5,$0,$-0,$-4,$12,$36,$-2,$0,$0,$-3,$-1,$-4,$27,$21,$-26,$-1,$-26,$0,$0,$0,$-1,$-28,$29,$0,$0
35,2009-12-31,2.79,$-2.53,-1.1,$8.06,0.35,$2.96,0.94,$-1.68,0.0,$0.23B,$0.20B,1.11,$1.32B,$-0.20B,-6.54,$0.66B,$0.47B,71.08%,$0.66B,$-0.11B,-16.89%,$0.66B,$-0.11B,-16.89%,$0.66B,$0.04B,5.78%,$0.66B,$-0.17B,-26.03%,$0.66B,$-0.14B,-20.70%,$-0.14B,$-0.20B,85.67%,$-0.14B,$-1.11B,11.76%,$-0.14B,$1.59B,-8.43%,$-0.11B,$1.12B,-10.64%,$184,$52,$132,$0,$39,$249,$-66,$-27,$-93,$-23,$-69,$-69,$-68,$-163,$-66,$80,80,$-0.87,$-0.87,$51,$0,$0,$226,$296,$0,$905,$146,$1364,$1590,$203,$1323,$49,$1590,$1792,$1,$-814,$-4,$-202,$1590,$-138,$149,$106,$254,$1,$0,$0,$-19,$-11,$105,$-8,$0,$0,$-11,$-11,$-21,$-65,$-94,$49,$-3,$46,$-1,$-1,$-16,$-34,$-5,$7,$0,$-16
36,2009-09-30,2.48,$-1.66,-1.5,$8.05,0.31,$3.91,0.63,$-0.59,0.0,$0.18B,$0.20B,0.91,$1.26B,$-0.13B,-9.54,$0.67B,$0.48B,71.30%,$0.67B,$-0.46B,-68.76%,$0.67B,$-0.46B,-68.76%,$0.67B,$-0.18B,-26.46%,$0.67B,$-0.51B,-76.53%,$0.67B,$-0.35B,-52.47%,$-0.35B,$-0.13B,285.37%,$-0.35B,$-1.16B,29.62%,$-0.35B,$1.63B,-21.03%,$-0.46B,$1.13B,-42.94%,$160,$46,$115,$0,$35,$124,$36,$-17,$19,$3,$16,$16,$15,$202,$36,$80,86,$0.19,$0.19,$10,$0,$0,$183,$304,$0,$1026,$95,$1446,$1629,$201,$1261,$47,$1560,$1761,$1,$-746,$-3,$-132,$1629,$-68,$247,$-89,$158,$13,$0,$-0,$-18,$-6,$84,$-7,$0,$0,$-8,$-9,$-17,$0,$-24,$-38,$-2,$-40,$-5,$-5,$-16,$-4,$-66,$-6,$0,$-16
37,2009-06-30,1.34,$-1.84,-0.73,$8.25,0.16,$4.38,0.31,$-0.64,0.0,$0.16B,$0.50B,0.32,$0.96B,$-0.15B,-6.46,$0.69B,$0.49B,71.03%,$0.69B,$-0.46B,-66.81%,$0.69B,$-0.46B,-66.81%,$0.69B,$-0.30B,-43.52%,$0.69B,$-0.51B,-74.67%,$0.69B,$-0.36B,-51.82%,$-0.36B,$-0.15B,1095.38%,$-0.36B,$-1.18B,28.70%,$-0.36B,$1.61B,-19.36%,$-0.46B,$0.81B,-38.87%,$158,$48,$110,$0,$38,$132,$26,$-17,$9,$6,$3,$3,$3,$65,$26,$80,80,$0.04,$0.04,$13,$0,$0,$158,$310,$0,$1030,$91,$1448,$1606,$500,$960,$48,$1254,$1755,$1,$-761,$-3,$-149,$1606,$-85,$80,$56,$136,$15,$0,$-0,$-15,$0,$51,$-5,$0,$0,$-5,$-8,$-13,$0,$-18,$-15,$-1,$-17,$-1,$-1,$-16,$-3,$-37,$-3,$0,$0
38,2009-03-31,0.71,$-1.91,-0.37,$8.47,0.08,$4.66,0.15,$-0.53,0.0,$0.17B,$0.22B,0.79,$1.26B,$-0.15B,-8.33,$0.72B,$0.52B,71.51%,$0.72B,$-0.44B,-61.13%,$0.72B,$-0.44B,-61.13%,$0.72B,$-0.28B,-38.45%,$0.72B,$-0.50B,-69.29%,$0.72B,$-0.35B,-47.99%,$-0.35B,$-0.15B,-514.07%,$-0.35B,$-1.18B,26.99%,$-0.35B,$1.63B,-17.32%,$-0.44B,$1.11B,-32.17%,$155,$45,$110,$0,$37,$261,$-107,$1,$-106,$-19,$-87,$-87,$-86,$-66,$-107,$81,81,$-1.06,$-1.06,$11,$0,$0,$169,$317,$0,$1030,$88,$1457,$1626,$215,$1263,$49,$1563,$1778,$1,$-764,$-3,$-152,$1626,$-87,$41,$69,$110,$17,$0,$-1,$-7,$1,$24,$-3,$0,$0,$-3,$-3,$-7,$0,$-10,$1,$-1,$-0,$-1,$-1,$-16,$-2,$-19,$-5,$0,$-16
39,2008-12-31,2.15,$-0.73,-2.96,$8.54,0.25,$4.84,0.44,$0.72,2.98,$0.20B,$0.25B,0.82,$1.29B,$-0.06B,-22.02,$0.76B,$0.54B,71.66%,$0.76B,$-0.29B,-38.28%,$0.76B,$-0.29B,-38.28%,$0.76B,$-0.13B,-16.69%,$0.76B,$-0.37B,-48.87%,$0.76B,$-0.25B,-32.58%,$-0.25B,$-0.06B,-145.56%,$-0.25B,$-1.22B,18.50%,$-0.25B,$1.82B,-11.38%,$-0.29B,$1.23B,-19.40%,$196,$54,$142,$0,$40,$611,$-415,$-18,$-434,$-150,$-284,$-284,$-283,$-378,$-415,$86,86,$-3.29,$-3.29,$16,$0,$0,$203,$337,$0,$1162,$86,$1613,$1816,$248,$1292,$49,$1627,$1875,$1,$-678,$-3,$-59,$1816,$-249,$161,$271,$433,$23,$0,$0,$-23,$28,$212,$-25,$0,$-53,$-42,$-22,$-64,$0,$-142,$19,$-3,$16,$-30,$-30,$-67,$7,$-74,$-5,$0,$-67
40,2008-09-30,3.26,$2.71,1.2,$8.53,0.38,$4.33,0.75,$0.63,5.18,$0.22B,$0.24B,0.91,$1.34B,$0.23B,5.8,$0.76B,$0.54B,71.60%,$0.76B,$0.17B,22.85%,$0.76B,$0.17B,22.85%,$0.76B,$0.33B,43.86%,$0.76B,$0.09B,11.49%,$0.76B,$0.05B,6.08%,$0.05B,$0.23B,18.62%,$0.05B,$-1.38B,-3.38%,$0.05B,$2.31B,2.03%,$0.17B,$1.57B,11.03%,$178,$52,$126,$0,$40,$141,$37,$-20,$18,$8,$9,$9,$10,$80,$37,$86,86,$0.12,$0.12,$12,$0,$0,$223,$359,$0,$1610,$85,$2083,$2306,$244,$1336,$52,$1832,$2076,$1,$-371,$-2,$230,$2306,$35,$124,$-27,$97,$26,$0,$-1,$-22,$6,$139,$-22,$0,$-53,$-30,$-22,$-51,$-0,$-126,$40,$-3,$38,$0,$-16,$-50,$7,$-21,$-9,$5,$-50
41,2008-06-30,4.73,$2.87,1.65,$8.49,0.56,$3.87,1.22,$0.60,7.89,$0.20B,$0.21B,0.91,$1.33B,$0.25B,5.3,$0.76B,$0.54B,71.96%,$0.76B,$0.17B,22.35%,$0.76B,$0.17B,22.35%,$0.76B,$0.33B,43.78%,$0.76B,$0.08B,10.98%,$0.76B,$0.05B,6.08%,$0.05B,$0.25B,18.18%,$0.05B,$-1.36B,-3.40%,$0.05B,$2.26B,2.05%,$0.17B,$1.58B,10.78%,$194,$55,$139,$0,$42,$150,$43,$-23,$21,$9,$11,$11,$12,$86,$43,$88,88,$0.13,$0.13,$11,$0,$0,$195,$361,$0,$1610,$74,$2069,$2264,$213,$1332,$53,$1799,$2013,$1,$-365,$-2,$251,$2264,$26,$82,$-20,$62,$11,$0,$-1,$-14,$2,$90,$-14,$0,$-53,$-19,$-18,$-37,$0,$-105,$32,$-2,$30,$0,$0,$-33,$8,$5,$-10,$5,$-33
42,2008-03-31,5.41,$2.90,1.86,$8.33,0.65,$3.35,1.61,$0.48,11.26,$0.21B,$0.21B,0.99,$1.32B,$0.25B,5.2,$0.74B,$0.53B,71.76%,$0.74B,$0.17B,22.70%,$0.74B,$0.17B,22.70%,$0.74B,$0.33B,44.32%,$0.74B,$0.06B,8.38%,$0.74B,$0.04B,4.86%,$0.04B,$0.25B,14.15%,$0.04B,$-1.36B,-2.65%,$0.04B,$2.26B,1.62%,$0.17B,$1.58B,10.74%,$187,$52,$134,$0,$41,$140,$46,$-21,$26,$10,$15,$15,$15,$86,$46,$87,94,$0.17,$0.17,$13,$0,$0,$208,$344,$0,$1614,$61,$2051,$2259,$210,$1322,$54,$1795,$2005,$1,$-361,$-2,$254,$2259,$15,$39,$-13,$26,$11,$0,$-0,$-1,$7,$48,$-6,$0,$-34,$-7,$-16,$-23,$-0,$-63,$15,$-1,$14,$0,$0,$-15,$8,$7,$-8,$2,$-15
43,2007-12-31,4.87,$2.90,1.68,$8.26,0.59,$3.10,1.57,$0.26,18.74,$0.24B,$0.23B,1.06,$1.30B,$0.25B,5.13,$0.72B,$0.51B,71.59%,$0.72B,$0.16B,22.28%,$0.72B,$0.16B,22.28%,$0.72B,$0.32B,44.29%,$0.72B,$0.03B,4.60%,$0.72B,$0.02B,2.65%,$0.02B,$0.25B,7.39%,$0.02B,$-1.35B,-1.40%,$0.02B,$2.23B,0.86%,$0.16B,$1.55B,10.24%,$198,$55,$143,$0,$44,$151,$47,$-25,$22,$14,$8,$8,$9,$80,$47,$87,87,$0.11,$0.11,$21,$0,$0,$239,$285,$0,$1604,$64,$1986,$2225,$225,$1298,$53,$1747,$1972,$1,$-360,$-2,$253,$2225,$19,$158,$-43,$115,$8,$0,$0,$-4,$11,$146,$-1,$0,$-39,$-16,$1,$-16,$0,$-56,$-89,$-4,$-93,$13,$13,$-49,$-7,$-136,$-46,$0,$-49
44,2007-09-30,7.0,$2.91,2.4,$8.22,0.85,$3.09,2.26,$0.24,29.17,$0.26B,$0.22B,1.16,$1.31B,$0.25B,5.14,$0.71B,$0.51B,72.29%,$0.71B,$0.15B,21.24%,$0.71B,$0.15B,21.24%,$0.71B,$0.32B,44.73%,$0.71B,$0.02B,3.23%,$0.71B,$0.02B,2.95%,$0.02B,$0.25B,8.05%,$0.02B,$-1.35B,-1.55%,$0.02B,$2.22B,0.95%,$0.15B,$1.56B,9.62%,$177,$49,$128,$0,$39,$144,$33,$-19,$14,$4,$10,$10,$10,$79,$33,$87,87,$0.11,$0.11,$10,$0,$21,$256,$276,$0,$1603,$44,$1963,$2219,$221,$1308,$55,$1744,$1965,$1,$-358,$-2,$254,$2219,$10,$125,$-36,$89,$12,$0,$-3,$-9,$-7,$91,$-13,$0,$-34,$0,$0,$0,$0,$-47,$-68,$-3,$-71,$13,$13,$-37,$-7,$-101,$-57,$3,$-37
45,2007-06-30,8.17,$2.95,2.77,$7.87,1.04,$3.17,2.57,$0.38,21.5,$0.22B,$0.20B,1.12,$1.31B,$0.26B,5.1,$0.70B,$0.51B,72.29%,$0.70B,$0.16B,22.29%,$0.70B,$0.16B,22.29%,$0.70B,$0.32B,45.43%,$0.70B,$0.02B,2.71%,$0.70B,$0.03B,4.86%,$0.03B,$0.26B,12.88%,$0.03B,$-1.37B,-2.51%,$0.03B,$2.18B,1.53%,$0.16B,$1.57B,9.82%,$178,$53,$126,$0,$41,$137,$42,$-41,$0,$-1,$2,$2,$2,$83,$42,$87,87,$0.03,$0.03,$9,$0,$0,$221,$264,$0,$1622,$44,$1961,$2183,$197,$1311,$62,$1728,$1926,$1,$-355,$-2,$257,$2183,$-0,$79,$-30,$50,$2,$0,$-5,$-4,$-9,$40,$-10,$0,$-16,$1,$0,$1,$0,$-25,$-54,$-2,$-57,$14,$14,$-24,$-7,$-73,$-58,$3,$-24
46,2007-03-31,8.78,$3.04,2.89,$7.98,1.1,$3.44,2.55,$0.47,18.69,$0.22B,$0.19B,1.13,$1.31B,$0.27B,4.93,$0.71B,$0.52B,72.98%,$0.71B,$0.16B,22.77%,$0.71B,$0.16B,22.77%,$0.71B,$0.32B,45.69%,$0.71B,$0.04B,5.37%,$0.71B,$0.04B,5.94%,$0.04B,$0.27B,15.94%,$0.04B,$-1.35B,-3.07%,$0.04B,$2.19B,1.87%,$0.16B,$1.57B,10.04%,$165,$48,$117,$0,$40,$127,$38,$-40,$-3,$-1,$-2,$-2,$-2,$76,$38,$86,86,$-0.03,$-0.03,$15,$0,$0,$216,$271,$0,$1616,$44,$1971,$2187,$191,$1305,$63,$1731,$1922,$1,$-344,$-2,$265,$2187,$-2,$38,$-19,$19,$10,$0,$-0,$4,$6,$23,$-7,$0,$0,$0,$0,$0,$-0,$-6,$-69,$-1,$-70,$11,$11,$-11,$0,$-69,$-52,$1,$-11
47,2006-12-31,5.91,$3.10,1.9,$7.98,0.74,$3.50,1.69,$0.63,9.39,$0.31B,$0.29B,1.09,$1.31B,$0.27B,4.92,$0.71B,$0.51B,72.91%,$0.71B,$0.16B,22.41%,$0.71B,$0.16B,22.41%,$0.71B,$0.32B,45.25%,$0.71B,$0.06B,7.80%,$0.71B,$0.05B,7.66%,$0.05B,$0.27B,21.28%,$0.05B,$-1.34B,-3.88%,$0.05B,$2.27B,2.38%,$0.16B,$1.58B,9.73%,$191,$49,$143,$0,$41,$153,$38,$-26,$12,$4,$8,$8,$11,$80,$38,$86,86,$0.14,$0.15,$67,$0,$21,$311,$270,$0,$1607,$35,$1960,$2272,$285,$1311,$28,$1720,$2005,$1,$-328,$-2,$267,$2272,$54,$161,$-57,$104,$-3,$0,$0,$-12,$-3,$155,$-13,$0,$0,$-0,$-2,$-2,$-0,$-15,$-39,$-4,$-44,$1,$1,$-36,$-4,$-82,$58,$2,$-36
