,Date,Stock Price,Book Value per Share,Price to Book Ratio,TTM Sales per Share,Price to Sales Ratio,TTM FCF per Share,Price to FCF Ratio,TTM Net EPS,PE Ratio,Current Assets,Current Liabilities,Current Ratio,Long Term Debt,Shareholder's Equity_x,Debt to Equity Ratio,TTM Revenue_x,TTM Gross Profit,Gross Margin,TTM Revenue_y,TTM Operating Income,Operating Margin,TTM Revenue_x,TTM EBIT,EBIT Margin,TTM Revenue_y,TTM EBITDA,EBITDA Margin,TTM Revenue_x,TTM Pre-Tax Income,Pre-Tax Margin,TTM Revenue_y,TTM Net Income_x,Net Margin,TTM Net Income_y,Shareholder's Equity_y,Return on Equity,TTM Net Income_x,Tangible Equity,Return on Tangible Equity,TTM Net Income_y,Total Assets,Return on Assets,TTM Net Income,LT Investments & Debt,Return on Investment,revenue,cost-goods-sold,gross-profit,research-development-expenses,selling-general-administrative-expenses,operating-expenses,operating-income,total-non-operating-income-expense,pre-tax-income,total-provision-income-taxes,income-after-taxes,income-from-continuous-operations,net-income,ebitda,ebit,basic-shares-outstanding,shares-outstanding,eps-basic-net-earnings-per-share,eps-earnings-per-share-diluted,cash-on-hand,inventory,other-current-assets,total-current-assets,net-property-plant-equipment,long-term-investments,goodwill-intangible-assets-total,other-long-term-assets,total-long-term-assets,total-assets,total-current-liabilities,long-term-debt,other-non-current-liabilities,total-long-term-liabilities,total-liabilities,common-stock-net,retained-earnings-accumulated-deficit,comprehensive-income,total-share-holder-equity,total-liabilities-share-holders-equity,net-income-loss,total-depreciation-amortization-cash-flow,other-non-cash-items,total-non-cash-items,change-in-accounts-receivable,change-in-inventories,change-in-accounts-payable,change-in-assets-liabilities,total-change-in-assets-liabilities,cash-flow-from-operating-activities,net-change-in-property-plant-equipment,net-change-in-intangible-assets,net-acquisitions-divestitures,net-change-in-short-term-investments,net-change-in-long-term-investments,net-change-in-investments-total,investing-activities-other,cash-flow-from-investing-activities,net-long-term-debt,net-current-debt,debt-issuance-retirement-net-total,net-common-equity-issued-repurchased,net-total-equity-issued-repurchased,total-common-preferred-stock-dividends-paid,financial-activities-other,cash-flow-from-financial-activities,net-cash-flow,stock-based-compensation,common-stock-dividends-paid
0,2018-03-31,11.63,$17.10,0.68,$6.10,1.91,$2.38,4.89,$0.24,48.46,$0.31B,$0.19B,1.66,$0.91B,$1.10B,0.83,$0.39B,$0.19B,48.07%,$0.39B,$0.07B,17.22%,$0.39B,$0.07B,17.22%,$0.39B,$0.09B,22.88%,$0.39B,$0.02B,4.37%,$0.39B,$0.02B,4.37%,$0.02B,$1.10B,1.58%,$0.02B,$1.10B,1.58%,$0.02B,$2.20B,0.79%,$0.07B,$2.01B,3.33%,$121,$67,$54,$0,$7,$98,$23,$-13,$10,$0,$10,$10,$10,$45,$23,$64,64,$0.15,$0.15,$256,$19,$10,$311,$1875,$1,$0,$8,$1885,$2196,$187,$911,$1,$911,$1099,$1,$-1028,$1,$1097,$2196,$10,$22,$2,$23,$-5,$0,$4,$-0,$-2,$32,$0,$0,$-71,$0,$0,$0,$0,$-71,$31,$0,$31,$0,$0,$0,$0,$31,$-9,$1,$0
1,2017-12-31,11.26,$16.96,0.66,$5.28,2.13,$1.99,5.65,$-0.17,0.0,$0.31B,$0.22B,1.43,$0.84B,$1.09B,0.77,$0.33B,$0.16B,46.85%,$0.33B,$0.04B,11.71%,$0.33B,$0.04B,11.71%,$0.33B,$0.06B,17.72%,$0.33B,$-0.01B,-2.70%,$0.33B,$-0.01B,-2.70%,$-0.01B,$1.09B,-0.84%,$-0.01B,$1.09B,-0.84%,$-0.01B,$2.15B,-0.42%,$0.04B,$1.93B,1.92%,$108,$44,$64,$0,$6,$70,$37,$-13,$24,$0,$24,$24,$24,$37,$37,$63,63,$0.38,$0.38,$265,$19,$5,$313,$1824,$1,$0,$8,$1833,$2146,$219,$838,$1,$838,$1058,$1,$-1036,$1,$1088,$2146,$-10,$85,$4,$89,$-6,$-5,$5,$9,$2,$81,$0,$0,$-129,$0,$0,$0,$2,$-127,$75,$0,$75,$50,$50,$0,$-3,$122,$76,$9,$0
2,2017-09-30,9.71,$0.00,0.0,$4.90,1.98,$0.01,0.0,$-1.12,0.0,$0.29B,$0.11B,2.64,$0.96B,$0.00B,0.0,$0.29B,$0.11B,39.58%,$0.29B,$-0.02B,-7.29%,$0.29B,$-0.02B,-7.29%,$0.29B,$-0.00B,-0.35%,$0.29B,$-0.07B,-22.92%,$0.29B,$-0.07B,-22.92%,$-0.07B,$1.06B,-6.22%,$-0.07B,$1.06B,-6.22%,$-0.07B,$2.13B,-3.14%,$-0.02B,$2.02B,-1.03%,$81,$45,$35,$0,$8,$76,$5,$-12,$-7,$0,$-7,$-7,$-7,$5,$5,$64,64,$-0.12,$-0.12,$236,$0,$51,$286,$1786,$0,$0,$9,$1842,$2129,$108,$956,$0,$957,$1065,$0,$0,$0,$1064,$2129,$0,$0,$0,$0,$0,$0,$0,$0,$0,$38,$0,$0,$0,$0,$0,$0,$0,$-118,$0,$0,$0,$0,$0,$0,$0,$133,$54,$0,$0
3,2017-06-30,9.83,$0.00,0.0,$4.94,1.99,$-1.49,0.0,$-1.86,0.0,$0.28B,$0.04B,6.93,$1.03B,$0.00B,0.0,$0.27B,$0.10B,35.96%,$0.27B,$-0.06B,-20.97%,$0.27B,$-0.06B,-20.97%,$0.27B,$-0.04B,-13.48%,$0.27B,$-0.10B,-36.70%,$0.27B,$-0.10B,-36.70%,$-0.10B,$1.07B,-12.33%,$-0.10B,$1.07B,-12.33%,$-0.10B,$2.14B,-6.25%,$-0.06B,$2.10B,-3.63%,$79,$45,$34,$0,$9,$77,$2,$-12,$-10,$0,$-10,$-10,$-10,$2,$2,$63,63,$-0.16,$-0.16,$227,$0,$57,$284,$1843,$0,$0,$9,$1853,$2136,$41,$1027,$0,$1027,$1068,$0,$0,$0,$1068,$2136,$0,$0,$0,$0,$0,$0,$0,$0,$0,$0,$0,$0,$0,$0,$0,$0,$0,$0,$0,$0,$0,$0,$0,$0,$0,$0,$0,$0,$0
4,2017-03-31,11.88,$0.00,0.0,$4.90,2.42,$-1.49,0.0,$-2.45,0.0,$0.27B,$0.04B,6.75,$1.01B,$0.00B,0.0,$0.24B,$0.07B,29.46%,$0.24B,$-0.08B,-32.78%,$0.24B,$-0.08B,-32.78%,$0.24B,$-0.06B,-24.48%,$0.24B,$-0.12B,-50.21%,$0.24B,$-0.12B,-50.21%,$-0.12B,$1.08B,-22.92%,$-0.12B,$1.08B,-22.92%,$-0.12B,$2.13B,-11.70%,$-0.08B,$2.09B,-7.77%,$65,$42,$23,$0,$8,$70,$-5,$-11,$-16,$0,$-16,$-16,$-16,$15,$-5,$61,61,$-0.26,$-0.26,$213,$0,$54,$268,$1849,$0,$0,$10,$1859,$2126,$40,$1011,$1,$1012,$1051,$0,$0,$0,$1075,$2126,$-16,$20,$3,$23,$-2,$-1,$-1,$3,$-1,$6,$0,$0,$-95,$0,$0,$0,$0,$-95,$77,$0,$77,$51,$51,$0,$-1,$127,$39,$3,$0
5,2016-12-31,5.11,$18.32,0.28,$4.89,1.04,$-3.21,0.0,$-3.30,0.0,$0.23B,$0.03B,8.13,$0.95B,$1.04B,0.91,$0.22B,$0.05B,21.62%,$0.22B,$-0.11B,-49.10%,$0.22B,$-0.11B,-49.10%,$0.22B,$-0.09B,-39.19%,$0.22B,$-0.15B,-69.37%,$0.22B,$-0.15B,-69.37%,$-0.15B,$1.04B,-29.00%,$-0.15B,$1.04B,-29.00%,$-0.15B,$2.01B,-14.98%,$-0.11B,$1.98B,-13.87%,$63,$41,$22,$0,$5,$87,$-23,$-10,$-33,$0,$-33,$-33,$-33,$-23,$-23,$48,48,$-0.52,$-0.52,$187,$15,$6,$228,$1707,$1,$0,$10,$1783,$2012,$28,$945,$1,$946,$974,$1,$-1027,$-0,$1037,$2012,$-154,$85,$45,$130,$-2,$-0,$-4,$-1,$-9,$-33,$0,$0,$-16,$0,$0,$0,$3,$-13,$-29,$0,$-29,$50,$50,$0,$-0,$20,$-26,$4,$0
6,2016-09-30,4.54,$0.00,0.0,$3.56,1.27,$-2.50,0.0,$-2.72,0.0,$0.00B,$0.00B,0.0,$0.00B,$0.00B,0.0,$0.16B,$0.03B,16.35%,$0.16B,$-0.09B,-54.09%,$0.16B,$-0.09B,-54.09%,$0.16B,$-0.06B,-40.25%,$0.16B,$-0.12B,-76.10%,$0.16B,$-0.12B,-76.10%,$-0.12B,$0.00B,-44.53%,$-0.12B,$0.00B,-44.53%,$-0.12B,$0.00B,-23.04%,$-0.09B,$0.00B,-29.63%,$60,$43,$17,$0,$6,$90,$-30,$-9,$-39,$0,$-39,$-39,$-39,$-30,$-30,$46,46,$-0.86,$-0.86,$0,$0,$0,$0,$0,$0,$0,$0,$0,$0,$0,$0,$0,$0,$0,$0,$0,$0,$0,$0,$0,$0,$0,$0,$0,$0,$0,$0,$0,$-41,$0,$0,$0,$0,$0,$0,$0,$-13,$0,$0,$0,$0,$0,$0,$0,$28,$-25,$0,$0
7,2016-06-30,2.96,$0.00,0.0,$3.83,0.77,$-1.80,0.0,$-2.81,0.0,$0.00B,$0.00B,0.0,$0.00B,$0.00B,0.0,$0.17B,$0.02B,11.90%,$0.17B,$-0.09B,-51.79%,$0.17B,$-0.09B,-51.79%,$0.17B,$-0.07B,-38.69%,$0.17B,$-0.12B,-73.81%,$0.17B,$-0.12B,-73.81%,$-0.12B,$0.00B,-19.60%,$-0.12B,$0.00B,-19.60%,$-0.12B,$0.00B,-10.78%,$-0.09B,$0.00B,-9.92%,$53,$44,$9,$0,$7,$74,$-21,$-12,$-33,$0,$-33,$-33,$-33,$-21,$-21,$44,44,$-0.75,$-0.75,$0,$0,$0,$0,$0,$0,$0,$0,$0,$0,$0,$0,$0,$0,$0,$0,$0,$0,$0,$0,$0,$0,$0,$0,$0,$0,$0,$0,$0,$0,$0,$0,$0,$0,$0,$0,$0,$0,$0,$0,$0,$0,$0,$0,$0,$0,$0,$0,$0
8,2016-03-31,3.75,$24.80,0.15,$4.11,0.91,$-6.89,0.0,$-3.36,0.0,$0.26B,$0.94B,0.28,$0.07B,$1.09B,0.07,$0.16B,$0.01B,4.97%,$0.16B,$-0.10B,-62.11%,$0.16B,$-0.10B,-62.11%,$0.16B,$-0.06B,-34.16%,$0.16B,$-0.13B,-81.37%,$0.16B,$-0.13B,-81.37%,$-0.13B,$1.09B,-13.44%,$-0.13B,$1.09B,-13.44%,$-0.13B,$2.10B,-7.57%,$-0.10B,$1.16B,-7.07%,$46,$46,$-0,$0,$6,$81,$-35,$-14,$-49,$0,$-49,$-49,$-49,$-13,$-35,$44,44,$-1.11,$-1.11,$151,$16,$65,$259,$1769,$1,$0,$2,$1843,$2101,$936,$74,$5,$79,$1014,$0,$-921,$-2,$1087,$2101,$-49,$21,$10,$31,$3,$-1,$1,$-11,$-9,$-27,$-44,$0,$0,$0,$0,$0,$1,$-43,$-0,$0,$-0,$0,$0,$0,$-0,$-0,$-70,$1,$0
9,2015-12-31,3.03,$0.00,0.0,$8.67,0.35,$-4.18,0.0,$-2.65,0.0,$0.00B,$0.00B,0.0,$0.00B,$0.00B,0.0,$0.18B,$0.03B,16.57%,$0.18B,$-0.07B,-37.02%,$0.18B,$-0.07B,-37.02%,$0.18B,$-0.04B,-24.31%,$0.18B,$-0.09B,-49.72%,$0.18B,$-0.09B,-49.72%,$-0.09B,$0.00B,-9.08%,$-0.09B,$0.00B,-9.08%,$-0.09B,$0.00B,-5.23%,$-0.07B,$0.00B,-4.18%,$0,$0,$0,$0,$0,$0,$0,$0,$0,$0,$0,$0,$0,$0,$0,$0,0,$0.00,$0.00,$0,$0,$0,$0,$0,$0,$0,$0,$0,$0,$0,$0,$0,$0,$0,$0,$0,$0,$0,$0,$0,$0,$0,$0,$0,$0,$0,$0,$0,$0,$0,$0,$0,$0,$0,$0,$0,$0,$0,$0,$0,$0,$0,$0,$0,$0,$0,$0,$0
10,2015-09-30,10.25,$0.00,0.0,$11.05,0.93,$-3.68,0.0,$-2.65,0.0,$0.28B,$0.15B,1.9,$0.90B,$0.00B,0.0,$0.22B,$0.04B,16.06%,$0.22B,$-0.07B,-30.28%,$0.22B,$-0.07B,-30.28%,$0.22B,$-0.04B,-19.72%,$0.22B,$-0.09B,-41.28%,$0.22B,$-0.09B,-41.28%,$-0.09B,$1.44B,-7.24%,$-0.09B,$1.44B,-7.24%,$-0.09B,$2.50B,-4.23%,$-0.07B,$2.35B,-3.32%,$69,$57,$11,$0,$6,$100,$-31,$-11,$-42,$0,$-42,$-42,$-42,$-31,$-31,$44,44,$-0.95,$-0.95,$235,$0,$46,$280,$1896,$1,$0,$29,$2221,$2501,$148,$903,$7,$910,$1057,$0,$0,$0,$1443,$2501,$0,$0,$0,$0,$0,$0,$0,$0,$0,$-8,$0,$0,$0,$0,$0,$0,$0,$-404,$0,$0,$0,$0,$0,$0,$0,$556,$145,$0,$0
11,2015-03-31,18.15,$0.00,0.0,$9.90,1.83,$-3.32,0.0,$-2.20,0.0,$0.26B,$0.17B,1.56,$0.78B,$0.00B,0.0,$0.17B,$0.04B,20.11%,$0.17B,$-0.04B,-20.69%,$0.17B,$-0.04B,-20.69%,$0.17B,$-0.01B,-7.47%,$0.17B,$-0.05B,-29.31%,$0.17B,$-0.05B,-29.31%,$-0.05B,$1.37B,-5.37%,$-0.05B,$1.37B,-5.37%,$-0.05B,$2.32B,-3.11%,$-0.04B,$2.15B,-2.37%,$46,$48,$-3,$0,$6,$79,$-34,$-6,$-40,$0,$-40,$-40,$-40,$-11,$-34,$31,31,$-1.31,$-1.31,$216,$0,$43,$259,$1631,$1,$0,$29,$2062,$2321,$166,$782,$5,$787,$953,$0,$0,$0,$1368,$2321,$-40,$23,$7,$29,$11,$-4,$-0,$-3,$2,$-9,$-148,$0,$0,$0,$0,$0,$-0,$-148,$46,$0,$46,$242,$242,$0,$-5,$283,$126,$1,$0
12,2014-12-31,32.8,$52.74,0.62,$11.91,2.75,$2.03,16.15,$-1.05,0.0,$0.13B,$0.14B,0.96,$0.77B,$1.15B,0.66,$0.15B,$0.05B,31.76%,$0.15B,$-0.00B,-1.35%,$0.15B,$-0.00B,-1.35%,$0.15B,$-0.00B,-1.35%,$0.15B,$-0.01B,-8.11%,$0.15B,$-0.01B,-8.11%,$-0.01B,$1.15B,-1.78%,$-0.01B,$1.15B,-1.78%,$-0.01B,$2.06B,-1.01%,$-0.00B,$1.92B,-0.18%,$66,$44,$22,$0,$8,$68,$-2,$-6,$-8,$0,$-8,$-8,$-8,$-2,$-2,$12,12,$-0.37,$-0.37,$89,$14,$1,$134,$1442,$1,$0,$23,$1928,$2062,$140,$765,$2,$768,$908,$1,$-414,$-0,$1154,$2062,$-12,$44,$-6,$38,$-16,$-5,$2,$-1,$-14,$13,$0,$0,$-522,$0,$-0,$-0,$85,$-437,$463,$0,$463,$0,$0,$0,$-7,$457,$32,$6,$0
13,2014-09-30,55.1,$55.49,0.99,$12.09,4.56,$10.67,5.16,$-0.65,0.0,$0.14B,$0.11B,1.35,$0.52B,$1.01B,0.51,$0.10B,$0.03B,33.67%,$0.10B,$0.00B,1.02%,$0.10B,$0.00B,1.02%,$0.10B,$0.01B,7.14%,$0.10B,$-0.00B,-4.08%,$0.10B,$-0.00B,-4.08%,$-0.00B,$1.01B,-0.89%,$-0.00B,$1.01B,-0.89%,$-0.00B,$1.63B,-0.50%,$0.00B,$1.53B,0.14%,$37,$32,$5,$0,$15,$36,$1,$-1,$0,$0,$0,$0,$0,$1,$1,$15,15,$0.02,$0.02,$96,$21,$0,$143,$1080,$1,$0,$16,$1491,$1634,$106,$517,$0,$517,$624,$1,$-406,$2,$1010,$1634,$0,$0,$0,$0,$0,$0,$0,$0,$0,$8,$0,$0,$0,$0,$0,$0,$0,$-145,$0,$0,$0,$0,$0,$0,$0,$177,$40,$0,$0
14,2014-06-30,64.85,$44.83,1.45,$14.98,4.33,$16.85,3.85,$-0.70,0.0,$0.06B,$0.05B,1.21,$0.23B,$0.26B,0.85,$0.08B,$0.04B,44.30%,$0.08B,$0.00B,1.27%,$0.08B,$0.00B,1.27%,$0.08B,$0.01B,16.46%,$0.08B,$-0.00B,-5.06%,$0.08B,$-0.00B,-5.06%,$-0.00B,$0.26B,-1.61%,$-0.00B,$0.26B,-1.61%,$-0.00B,$0.54B,-0.82%,$0.00B,$0.49B,0.22%,$25,$14,$11,$0,$6,$26,$-1,$-2,$-3,$0,$-3,$-3,$-3,$-1,$-1,$6,59,$-0.50,$-0.50,$42,$5,$0,$56,$377,$1,$0,$18,$480,$536,$46,$225,$0,$225,$271,$0,$-406,$0,$264,$536,$-4,$13,$3,$16,$-1,$-4,$2,$-1,$-2,$10,$0,$0,$-74,$0,$-0,$-0,$-4,$-78,$64,$0,$64,$0,$0,$0,$-1,$63,$-5,$2,$0
15,2014-03-31,71.35,$45.79,1.56,$30.50,2.34,$30.39,2.35,$0.55,129.73,$0.05B,$0.04B,1.35,$0.23B,$0.27B,0.88,$0.07B,$0.03B,45.07%,$0.07B,$0.01B,7.04%,$0.07B,$0.01B,7.04%,$0.07B,$0.02B,30.99%,$0.07B,0,0.00%,$0.07B,0,0.00%,$0.00B,$0.27B,0.00%,$0.00B,$0.27B,0.00%,$0.00B,$0.54B,0.00%,$0.01B,$0.50B,1.24%,$20,$11,$9,$0,$4,$20,$0,$-1,$-1,$0,$-1,$-1,$-1,$0,$0,$6,6,$-0.15,$-0.15,$40,$5,$0,$54,$382,$1,$0,$20,$485,$540,$40,$233,$0,$233,$273,$0,$-403,$0,$266,$540,$0,$0,$0,$0,$0,$0,$0,$0,$0,$2,$0,$0,$0,$0,$0,$0,$0,$-76,$0,$0,$0,$0,$0,$0,$0,$69,$-6,$0,$0
16,2013-12-31,66.65,$45.79,1.46,$43.97,1.52,$38.39,1.74,$1.75,38.09,$0.06B,$0.03B,2.14,$0.17B,$0.27B,0.65,$0.07B,$0.03B,46.38%,$0.07B,$0.01B,11.59%,$0.07B,$0.01B,11.59%,$0.07B,$0.03B,44.93%,$0.07B,$0.00B,2.90%,$0.07B,$0.00B,2.90%,$0.00B,$0.27B,1.14%,$0.00B,$0.27B,1.14%,$0.00B,$0.47B,0.52%,$0.01B,$0.44B,2.26%,$16,$9,$8,$0,$3,$15,$1,$-1,$0,$0,$0,$0,$0,$7,$1,$3,3,$-1.10,$-1.10,$55,$2,$2,$64,$327,$0,$0,$9,$404,$468,$30,$172,$0,$172,$202,$0,$-402,$0,$266,$468,$2,$23,$0,$23,$3,$2,$-2,$-1,$2,$27,$0,$0,$-120,$0,$0,$0,$12,$-108,$-34,$0,$-34,$151,$151,$0,$-5,$112,$32,$1,$0
17,2013-09-30,50.65,$0.00,0.0,$54.81,0.92,$46.27,1.09,$0.45,112.56,$0.08B,$0.03B,2.78,$0.18B,$0.00B,0.0,$0.07B,$0.03B,42.25%,$0.07B,$0.01B,9.86%,$0.07B,$0.01B,9.86%,$0.07B,$0.02B,33.80%,$0.07B,$0.00B,1.41%,$0.07B,$0.00B,1.41%,$0.00B,$0.20B,0.72%,$0.00B,$0.20B,0.72%,$0.00B,$0.40B,0.28%,$0.01B,$0.37B,2.17%,$18,$11,$7,$0,$2,$16,$1,$-2,$-0,$0,$-0,$-0,$-0,$7,$1,$3,3,$-0.05,$-0.05,$75,$0,$8,$84,$272,$0,$0,$20,$321,$404,$30,$177,$0,$177,$207,$0,$0,$0,$198,$404,$2,$17,$0,$17,$3,$2,$-2,$-1,$3,$22,$0,$0,$-22,$0,$0,$0,$12,$-10,$-30,$0,$-30,$80,$80,$0,$-2,$48,$60,$1,$0
18,2013-06-30,27.35,$110.21,0.25,$66.59,0.41,$57.63,0.47,$-285.25,0.0,$0.03B,$0.03B,1.1,$0.18B,$0.12B,1.52,$0.07B,$0.03B,42.25%,$0.07B,$-0.30B,-423.94%,$0.07B,$-0.30B,-423.94%,$0.07B,$-0.29B,-408.45%,$0.07B,$-0.31B,-433.80%,$0.07B,$-0.31B,-433.80%,$-0.31B,$0.12B,-261.02%,$-0.31B,$0.12B,-261.02%,$-0.31B,$0.33B,-88.51%,$-0.30B,$0.30B,-97.41%,$17,$9,$8,$0,$3,$15,$3,$-2,$1,$0,$1,$1,$1,$8,$3,$1,1,$0.75,$0.75,$20,$4,$0,$31,$276,$0,$0,$21,$298,$329,$28,$181,$0,$181,$209,$0,$-402,$0,$119,$329,$2,$12,$-0,$11,$4,$-0,$-2,$-0,$2,$15,$0,$0,$7,$0,$0,$0,$9,$16,$-26,$0,$-26,$0,$0,$0,$-0,$-26,$5,$1,$0
19,2013-03-31,35.6,$109.19,0.33,$70.78,0.5,$61.77,0.58,$-290.50,0.0,$0.04B,$0.04B,1.03,$0.19B,$0.12B,1.58,$0.08B,$0.03B,40.79%,$0.08B,$-0.31B,-403.95%,$0.08B,$-0.31B,-403.95%,$0.08B,$-0.29B,-381.58%,$0.08B,$-0.31B,-413.16%,$0.08B,$-0.31B,-413.16%,$-0.31B,$0.12B,-160.82%,$-0.31B,$0.12B,-160.82%,$-0.31B,$0.34B,-71.98%,$-0.31B,$0.30B,-78.32%,$18,$10,$9,$0,$2,$15,$3,$-2,$1,$0,$1,$1,$1,$9,$3,$1,1,$1.05,$1.05,$21,$2,$8,$39,$279,$0,$0,$22,$303,$342,$38,$186,$0,$186,$224,$0,$-403,$0,$118,$342,$1,$6,$-0,$6,$3,$2,$-3,$1,$2,$9,$0,$0,$1,$0,$0,$0,$8,$9,$-13,$0,$-13,$0,$0,$0,$0,$-13,$5,$0,$0
20,2012-12-31,30.9,$108.08,0.29,$79.98,0.39,$64.93,0.48,$-291.55,0.0,$0.04B,$0.04B,0.89,$0.20B,$0.12B,1.67,$0.09B,$0.03B,39.53%,$0.09B,$-0.31B,-358.14%,$0.09B,$-0.31B,-358.14%,$0.09B,$-0.29B,-331.40%,$0.09B,$-0.32B,-366.28%,$0.09B,$-0.32B,-366.28%,$-0.32B,$0.12B,-114.86%,$-0.32B,$0.12B,-114.86%,$-0.32B,$0.36B,-60.03%,$-0.31B,$0.31B,-64.30%,$18,$12,$6,$0,$2,$18,$0,$-2,$-1,$0,$-1,$-1,$-1,$0,$0,$1,1,$-1.75,$-1.75,$22,$4,$0,$38,$291,$0,$0,$24,$317,$355,$42,$195,$0,$196,$238,$0,$-404,$0,$117,$355,$-315,$40,$307,$347,$-1,$0,$-0,$-12,$-14,$19,$0,$0,$8,$0,$0,$0,$9,$17,$-42,$0,$-42,$-1,$-1,$-4,$-0,$-47,$-10,$2,$-4
21,2012-09-30,45.17,$109.29,0.41,$93.57,0.48,$100.74,0.45,$-354.72,0.0,$0.03B,$0.05B,0.61,$0.20B,$0.12B,1.7,$0.10B,$0.04B,43.30%,$0.10B,$-0.38B,-387.63%,$0.10B,$-0.38B,-387.63%,$0.10B,$-0.34B,-347.42%,$0.10B,$-0.38B,-395.88%,$0.10B,$-0.38B,-395.88%,$-0.38B,$0.12B,-108.63%,$-0.38B,$0.12B,-108.63%,$-0.38B,$0.37B,-62.39%,$-0.38B,$0.32B,-66.26%,$18,$12,$7,$0,$2,$325,$-307,$-2,$-309,$0,$-309,$-309,$-309,$-307,$-307,$1,1,$-285.75,$-285.75,$15,$4,$0,$29,$296,$0,$0,$40,$337,$366,$47,$201,$0,$201,$248,$0,$-403,$0,$118,$366,$0,$0,$0,$0,$0,$0,$0,$0,$0,$19,$0,$0,$0,$0,$0,$0,$0,$14,$0,$0,$0,$0,$0,$0,$0,$-37,$-3,$0,$0
22,2012-06-30,52.46,$395.93,0.13,$102.17,0.51,$56.30,0.93,$-71.96,0.0,$0.03B,$0.05B,0.63,$0.21B,$0.43B,0.48,$0.11B,$0.05B,46.67%,$0.11B,$-0.07B,-67.62%,$0.11B,$-0.07B,-67.62%,$0.11B,$-0.02B,-18.10%,$0.11B,$-0.08B,-74.29%,$0.11B,$-0.08B,-74.29%,$-0.08B,$0.43B,-17.29%,$-0.08B,$0.43B,-17.29%,$-0.08B,$0.68B,-10.83%,$-0.07B,$0.63B,-10.59%,$22,$13,$9,$0,$2,$24,$-3,$-2,$-5,$0,$-5,$-5,$-5,$8,$-3,$1,1,$-4.20,$-4.20,$22,$3,$0,$30,$608,$0,$0,$42,$651,$682,$48,$205,$0,$206,$254,$1,$-93,$0,$428,$682,$-4,$23,$4,$27,$3,$1,$-5,$-1,$-3,$19,$0,$0,$8,$0,$0,$0,$3,$11,$-24,$0,$-24,$-1,$-1,$-2,$0,$-27,$3,$1,$-2
23,2012-03-31,64.23,$0.00,0.0,$108.84,0.59,$67.47,0.95,$-65.22,0.0,$0.03B,$0.04B,0.77,$0.22B,$0.00B,0.0,$0.11B,$0.05B,49.06%,$0.11B,$-0.07B,-62.26%,$0.11B,$-0.07B,-62.26%,$0.11B,$-0.03B,-23.58%,$0.11B,$-0.07B,-66.98%,$0.11B,$-0.07B,-66.98%,$-0.07B,$0.43B,-15.25%,$-0.07B,$0.43B,-15.25%,$-0.07B,$0.70B,-9.76%,$-0.07B,$0.65B,-9.70%,$28,$16,$12,$0,$3,$26,$2,$-2,$0,$0,$0,$0,$0,$14,$2,$1,1,$0.10,$0.10,$24,$0,$10,$34,$618,$0,$0,$45,$663,$696,$44,$218,$0,$218,$262,$0,$0,$0,$434,$696,$0,$11,$4,$16,$2,$1,$-3,$-3,$-4,$12,$0,$0,$8,$0,$0,$0,$3,$11,$-16,$0,$-16,$-0,$-0,$-1,$0,$-18,$5,$1,$-1
24,2011-12-31,62.56,$405.28,0.15,$117.54,0.53,$67.28,0.93,$-62.97,0.0,$0.03B,$0.05B,0.6,$0.23B,$0.43B,0.53,$0.11B,$0.06B,52.78%,$0.11B,$-0.07B,-60.19%,$0.11B,$-0.07B,-60.19%,$0.11B,$-0.04B,-33.33%,$0.11B,$-0.07B,-63.89%,$0.11B,$-0.07B,-63.89%,$-0.07B,$0.43B,-14.41%,$-0.07B,$0.43B,-14.41%,$-0.07B,$0.72B,-9.42%,$-0.07B,$0.67B,-9.51%,$29,$15,$14,$0,$2,$96,$-68,$-2,$-70,$0,$-70,$-70,$-70,$-52,$-68,$1,1,$-74.77,$-74.77,$19,$4,$0,$31,$639,$0,$0,$46,$687,$718,$52,$231,$0,$232,$284,$0,$-86,$0,$434,$718,$-70,$53,$66,$119,$-3,$-3,$5,$-0,$1,$51,$0,$0,$-119,$0,$0,$0,$-3,$-122,$61,$0,$61,$29,$29,$-14,$-2,$74,$2,$1,$-14
25,2011-09-30,87.09,$0.00,0.0,$126.23,0.69,$121.13,0.72,$26.24,3.32,$0.03B,$0.05B,0.6,$0.22B,$0.00B,0.0,$0.11B,$0.06B,55.86%,$0.11B,$0.03B,22.52%,$0.11B,$0.03B,22.52%,$0.11B,$0.04B,34.23%,$0.11B,$0.02B,19.82%,$0.11B,$0.02B,19.82%,$0.02B,$0.51B,4.47%,$0.02B,$0.51B,4.47%,$0.02B,$0.79B,3.02%,$0.03B,$0.73B,3.67%,$26,$13,$14,$0,$3,$28,$-2,$-1,$-3,$0,$-3,$-3,$-3,$11,$-2,$1,1,$-2.95,$-2.95,$18,$0,$14,$32,$703,$0,$0,$50,$753,$785,$54,$223,$0,$223,$277,$0,$0,$0,$508,$785,$0,$37,$1,$38,$-3,$-1,$2,$-2,$-3,$36,$-63,$0,$-46,$0,$0,$0,$-1,$-109,$59,$0,$59,$29,$29,$-10,$-1,$77,$3,$1,$-10
26,2011-06-30,135.09,$0.00,0.0,$136.66,0.99,$209.73,0.64,$30.74,4.4,$0.02B,$0.04B,0.48,$0.19B,$0.00B,0.0,$0.12B,$0.06B,54.78%,$0.12B,$0.03B,25.22%,$0.12B,$0.03B,25.22%,$0.12B,$0.03B,25.22%,$0.12B,$0.03B,22.61%,$0.12B,$0.03B,22.61%,$0.03B,$0.49B,5.39%,$0.03B,$0.49B,5.39%,$0.03B,$0.71B,3.66%,$0.03B,$0.67B,4.39%,$23,$10,$12,$0,$3,$20,$2,$-1,$2,$0,$2,$2,$2,$2,$2,$1,1,$2.02,$2.02,$8,$0,$11,$19,$669,$0,$0,$23,$692,$711,$39,$186,$0,$186,$225,$0,$0,$0,$486,$711,$3,$24,$0,$24,$-2,$-0,$0,$-2,$-3,$25,$0,$0,$-39,$0,$0,$0,$4,$-35,$12,$0,$12,$0,$0,$-6,$-1,$5,$-6,$1,$-6
27,2011-03-31,153.17,$0.00,0.0,$146.61,1.04,$221.49,0.69,$35.98,4.26,$0.03B,$0.05B,0.53,$0.18B,$0.00B,0.0,$0.12B,$0.07B,60.66%,$0.12B,$0.03B,27.87%,$0.12B,$0.03B,27.87%,$0.12B,$0.03B,27.87%,$0.12B,$0.03B,24.59%,$0.12B,$0.03B,24.59%,$0.03B,$0.49B,6.28%,$0.03B,$0.49B,6.28%,$0.03B,$0.72B,4.24%,$0.03B,$0.66B,5.21%,$30,$13,$17,$0,$4,$27,$3,$-1,$2,$0,$2,$2,$2,$3,$3,$1,1,$2.25,$2.25,$13,$0,$15,$28,$664,$0,$0,$24,$688,$716,$52,$177,$0,$177,$229,$0,$0,$0,$487,$716,$0,$0,$0,$0,$0,$0,$0,$0,$0,$9,$0,$0,$0,$0,$0,$0,$0,$-19,$0,$0,$0,$0,$0,$0,$0,$9,$-0,$0,$0
28,2010-12-31,167.12,$577.21,0.29,$147.68,1.13,$226.40,0.74,$-6.75,0.0,$0.02B,$0.04B,0.55,$0.17B,$0.49B,0.35,$0.12B,$0.08B,62.81%,$0.12B,$-0.00B,-0.83%,$0.12B,$-0.00B,-0.83%,$0.12B,$-0.00B,-0.83%,$0.12B,$-0.01B,-4.13%,$0.12B,$-0.01B,-4.13%,$-0.01B,$0.49B,-1.06%,$-0.01B,$0.49B,-1.06%,$-0.01B,$0.70B,-0.71%,$-0.00B,$0.66B,-0.15%,$32,$13,$19,$0,$6,$10,$22,$-1,$21,$0,$21,$21,$21,$22,$22,$1,1,$25.23,$25.23,$14,$1,$0,$24,$654,$0,$0,$24,$679,$703,$43,$171,$1,$172,$215,$1,$-2,$0,$488,$703,$-5,$46,$44,$90,$-1,$-0,$-1,$6,$4,$88,$0,$0,$-67,$0,$0,$0,$7,$-60,$-42,$0,$-42,$0,$0,$-12,$-0,$-55,$-27,$7,$-12
29,2010-09-30,175.31,$0.00,0.0,$147.23,1.19,$200.24,0.88,$-36.73,0.0,$0.03B,$0.07B,0.38,$0.18B,$0.00B,0.0,$0.12B,$0.07B,60.00%,$0.12B,$-0.03B,-21.67%,$0.12B,$-0.03B,-21.67%,$0.12B,$-0.03B,-21.67%,$0.12B,$-0.03B,-25.83%,$0.12B,$-0.03B,-25.83%,$-0.03B,$0.47B,-6.53%,$-0.03B,$0.47B,-6.53%,$-0.03B,$0.72B,-4.31%,$-0.03B,$0.65B,-3.97%,$30,$15,$15,$0,$3,$27,$2,$-1,$1,$0,$1,$1,$1,$2,$2,$1,1,$1.50,$1.50,$8,$0,$17,$25,$666,$0,$0,$23,$689,$715,$67,$179,$1,$180,$247,$0,$0,$0,$467,$715,$0,$0,$0,$0,$0,$0,$0,$0,$0,$51,$0,$0,$0,$0,$0,$0,$0,$-49,$0,$0,$0,$0,$0,$0,$0,$-38,$-36,$0,$0
30,2010-06-30,146.34,$0.00,0.0,$152.45,0.96,$210.47,0.7,$-127.44,0.0,$0.05B,$0.05B,0.88,$0.17B,$0.00B,0.0,$0.12B,$0.08B,63.71%,$0.12B,$-0.10B,-79.84%,$0.12B,$-0.10B,-79.84%,$0.12B,$-0.10B,-79.84%,$0.12B,$-0.11B,-84.68%,$0.12B,$-0.11B,-84.68%,$-0.11B,$0.47B,-21.66%,$-0.11B,$0.47B,-21.66%,$-0.11B,$0.69B,-14.27%,$-0.10B,$0.64B,-14.79%,$30,$7,$23,$0,$3,$23,$7,$-1,$6,$0,$6,$6,$6,$7,$7,$1,1,$7.50,$7.50,$12,$0,$34,$46,$621,$0,$0,$27,$648,$694,$52,$172,$2,$173,$226,$0,$0,$0,$469,$694,$0,$0,$0,$0,$0,$0,$0,$0,$0,$33,$0,$0,$0,$0,$0,$0,$0,$-27,$0,$0,$0,$0,$0,$0,$0,$-39,$-33,$0,$0
31,2010-03-31,172.68,$0.00,0.0,$155.50,1.11,$221.46,0.78,$-139.43,0.0,$0.07B,$0.06B,1.12,$0.18B,$0.00B,0.0,$0.13B,$0.07B,57.94%,$0.13B,$-0.11B,-84.92%,$0.13B,$-0.11B,-84.92%,$0.13B,$-0.11B,-84.92%,$0.13B,$-0.11B,-90.48%,$0.13B,$-0.11B,-90.48%,$-0.11B,$0.46B,-22.24%,$-0.11B,$0.46B,-22.24%,$-0.11B,$0.71B,-14.60%,$-0.11B,$0.64B,-15.11%,$29,$11,$19,$0,$2,$61,$-32,$-2,$-33,$0,$-33,$-33,$-33,$-32,$-32,$1,1,$-40.48,$-40.48,$35,$0,$34,$69,$611,$0,$0,$27,$638,$707,$61,$180,$2,$182,$243,$0,$0,$0,$464,$707,$0,$0,$0,$0,$0,$0,$0,$0,$0,$13,$0,$0,$0,$0,$0,$0,$0,$-6,$0,$0,$0,$0,$0,$0,$0,$-20,$-12,$0,$0
32,2009-12-31,164.47,$612.48,0.27,$175.55,0.94,$235.80,0.7,$-71.21,0.0,$0.06B,$0.07B,0.86,$0.19B,$0.50B,0.38,$0.14B,$0.09B,63.38%,$0.14B,$-0.05B,-35.21%,$0.14B,$-0.05B,-35.21%,$0.14B,$-0.05B,-35.21%,$0.14B,$-0.06B,-41.55%,$0.14B,$-0.06B,-41.55%,$-0.06B,$0.50B,-10.87%,$-0.06B,$0.50B,-10.87%,$-0.06B,$0.76B,-7.13%,$-0.05B,$0.69B,-6.66%,$31,$16,$15,$0,$2,$34,$-3,$-2,$-5,$0,$-5,$-5,$-5,$-3,$-3,$1,1,$-6.00,$-6.00,$48,$1,$0,$61,$669,$0,$0,$30,$700,$761,$71,$188,$2,$190,$261,$1,$15,$0,$499,$761,$-58,$53,$77,$130,$-2,$0,$3,$-6,$-6,$66,$0,$0,$19,$0,$0,$0,$-21,$-1,$-49,$0,$-49,$0,$0,$-6,$2,$-54,$11,$2,$-6
33,2009-09-30,200.02,$0.00,0.0,$179.89,1.11,$-262.09,0.0,$0.75,266.62,$0.07B,$0.07B,0.97,$0.20B,$0.00B,0.0,$0.14B,$0.11B,74.65%,$0.14B,$-0.01B,-7.04%,$0.14B,$-0.01B,-7.04%,$0.14B,$-0.01B,-7.04%,$0.14B,$-0.02B,-14.79%,$0.14B,$-0.02B,-14.79%,$-0.02B,$0.51B,-3.76%,$-0.02B,$0.51B,-3.76%,$-0.02B,$0.78B,-2.44%,$-0.01B,$0.71B,-1.28%,$34,$11,$22,$0,$2,$104,$-71,$-2,$-73,$0,$-73,$-73,$-73,$-71,$-71,$1,1,$-89.21,$-89.21,$36,$0,$34,$70,$682,$0,$0,$30,$711,$781,$72,$199,$3,$203,$274,$0,$0,$0,$507,$781,$0,$0,$0,$0,$0,$0,$0,$0,$0,$59,$0,$0,$0,$0,$0,$0,$0,$-22,$0,$0,$0,$0,$0,$0,$0,$-38,$-1,$0,$0
34,2009-06-30,208.04,$711.10,0.29,$224.35,0.93,$-224.38,0.0,$133.27,1.56,$0.04B,$0.07B,0.63,$0.22B,$0.58B,0.37,$0.17B,$0.14B,79.77%,$0.17B,$0.10B,57.23%,$0.17B,$0.10B,57.23%,$0.17B,$0.10B,57.23%,$0.17B,$0.09B,50.29%,$0.17B,$0.09B,50.29%,$0.09B,$0.58B,15.49%,$0.09B,$0.58B,15.49%,$0.09B,$0.87B,9.81%,$0.10B,$0.80B,12.38%,$32,$15,$17,$0,$2,$33,$-1,$-2,$-3,$0,$-3,$-3,$-3,$-1,$-1,$1,1,$-4.50,$-4.50,$34,$2,$0,$44,$790,$0,$0,$39,$830,$874,$70,$215,$3,$224,$295,$1,$96,$0,$580,$874,$0,$0,$0,$0,$0,$0,$0,$0,$0,$42,$0,$0,$0,$0,$0,$0,$0,$-25,$0,$0,$0,$0,$0,$0,$0,$-23,$-6,$0,$0
35,2009-03-31,125.85,$0.00,0.0,$327.86,0.38,$-592.41,0.0,$176.90,0.71,$0.06B,$0.07B,0.91,$0.23B,$0.00B,0.0,$0.24B,$0.20B,84.30%,$0.24B,$0.15B,62.40%,$0.24B,$0.15B,62.40%,$0.24B,$0.15B,62.40%,$0.24B,$0.14B,57.02%,$0.24B,$0.14B,57.02%,$0.14B,$0.59B,25.38%,$0.14B,$0.59B,25.38%,$0.14B,$0.89B,15.93%,$0.15B,$0.82B,19.50%,$45,$9,$36,$0,$3,$20,$25,$-3,$22,$0,$22,$22,$22,$25,$25,$1,1,$27.74,$27.74,$46,$0,$14,$60,$806,$0,$0,$26,$832,$892,$66,$231,$9,$240,$306,$0,$0,$0,$586,$892,$0,$0,$0,$0,$0,$0,$0,$0,$0,$25,$0,$0,$0,$0,$0,$0,$0,$-20,$0,$0,$0,$0,$0,$0,$0,$-10,$-6,$0,$0
36,2008-12-31,144.78,$718.85,0.2,$334.59,0.43,$-597.58,0.0,$174.32,0.83,$0.04B,$0.06B,0.74,$0.25B,$0.56B,0.44,$0.24B,$0.20B,84.52%,$0.24B,$0.14B,60.25%,$0.24B,$0.14B,60.25%,$0.24B,$0.14B,60.25%,$0.24B,$0.13B,55.65%,$0.24B,$0.13B,55.65%,$0.13B,$0.56B,26.45%,$0.13B,$0.56B,26.45%,$0.13B,$0.89B,16.59%,$0.14B,$0.81B,20.41%,$31,$-0,$31,$0,$2,$-5,$37,$-3,$33,$0,$33,$33,$33,$37,$37,$1,1,$40.48,$44.23,$32,$1,$3,$42,$821,$0,$0,$26,$849,$891,$57,$247,$22,$274,$331,$1,$80,$0,$560,$891,$134,$-29,$7,$-22,$-3,$-1,$1,$-0,$-1,$111,$-413,$0,$2,$0,$0,$0,$-12,$-423,$297,$0,$297,$81,$81,$-53,$-2,$323,$10,$4,$-53
37,2008-09-30,365.46,$664.98,0.55,$299.55,1.22,$-180.25,0.0,$111.09,3.29,$0.03B,$0.06B,0.43,$0.26B,$0.52B,0.5,$0.21B,$0.18B,82.55%,$0.21B,$0.10B,48.58%,$0.21B,$0.11B,52.36%,$0.21B,$0.10B,49.06%,$0.21B,$0.10B,49.06%,$0.21B,$0.10B,48.11%,$0.10B,$0.52B,22.34%,$0.10B,$0.52B,22.34%,$0.10B,$0.89B,15.01%,$0.10B,$0.78B,17.24%,$65,$11,$54,$0,$3,$28,$38,$-2,$35,$0,$35,$35,$35,$38,$38,$1,1,$47.23,$46.48,$5,$1,$17,$25,$837,$0,$0,$29,$868,$892,$58,$261,$54,$314,$372,$1,$47,$0,$520,$892,$0,$0,$0,$0,$0,$0,$0,$0,$0,$84,$0,$0,$0,$0,$0,$0,$0,$-441,$0,$0,$0,$0,$0,$0,$0,$343,$-14,$0,$0
