,Date,Stock Price,Book Value per Share,Price to Book Ratio,TTM Sales per Share,Price to Sales Ratio,TTM FCF per Share,Price to FCF Ratio,TTM Net EPS,PE Ratio,Current Assets,Current Liabilities,Current Ratio,Long Term Debt,Shareholder's Equity_x,Debt to Equity Ratio,TTM Revenue_x,TTM Gross Profit,Gross Margin,TTM Revenue_y,TTM Operating Income,Operating Margin,TTM Revenue_x,TTM EBIT,EBIT Margin,TTM Revenue_y,TTM EBITDA,EBITDA Margin,TTM Revenue_x,TTM Pre-Tax Income,Pre-Tax Margin,TTM Revenue_y,TTM Net Income_x,Net Margin,TTM Net Income_y,Shareholder's Equity_y,Return on Equity,TTM Net Income_x,Tangible Equity,Return on Tangible Equity,TTM Net Income_y,Total Assets,Return on Assets,TTM Net Income,LT Investments & Debt,Return on Investment,revenue,cost-goods-sold,gross-profit,research-development-expenses,selling-general-administrative-expenses,operating-expenses,operating-income,total-non-operating-income-expense,pre-tax-income,total-provision-income-taxes,income-after-taxes,income-from-continuous-operations,net-income,ebitda,ebit,basic-shares-outstanding,shares-outstanding,eps-basic-net-earnings-per-share,eps-earnings-per-share-diluted,cash-on-hand,inventory,other-current-assets,total-current-assets,net-property-plant-equipment,long-term-investments,goodwill-intangible-assets-total,other-long-term-assets,total-long-term-assets,total-assets,total-current-liabilities,long-term-debt,other-non-current-liabilities,total-long-term-liabilities,total-liabilities,common-stock-net,retained-earnings-accumulated-deficit,comprehensive-income,total-share-holder-equity,total-liabilities-share-holders-equity,net-income-loss,total-depreciation-amortization-cash-flow,other-non-cash-items,total-non-cash-items,change-in-accounts-receivable,change-in-inventories,change-in-accounts-payable,change-in-assets-liabilities,total-change-in-assets-liabilities,cash-flow-from-operating-activities,net-change-in-property-plant-equipment,net-change-in-intangible-assets,net-acquisitions-divestitures,net-change-in-short-term-investments,net-change-in-long-term-investments,net-change-in-investments-total,investing-activities-other,cash-flow-from-investing-activities,net-long-term-debt,net-current-debt,debt-issuance-retirement-net-total,net-common-equity-issued-repurchased,net-total-equity-issued-repurchased,total-common-preferred-stock-dividends-paid,financial-activities-other,cash-flow-from-financial-activities,net-cash-flow,stock-based-compensation,common-stock-dividends-paid
0,2018-06-30,1.8,$2.32,0.77,$0.34,5.33,$-18.24,0.0,$-8.43,0.0,$0.01B,$0.00B,28.06,$0.00B,$0.01B,0.0,$0.00B,0,nan%,$0.00B,$-0.00B,inf%,$0.00B,$-0.00B,inf%,$0.00B,$-0.00B,inf%,$0.00B,$-0.00B,inf%,$0.00B,$-0.00B,inf%,$-0.00B,$0.01B,-53.33%,$-0.00B,$0.01B,-53.33%,$-0.00B,$0.01B,-48.48%,$-0.00B,$0.01B,-53.33%,$0,$0,$-0,$0,$1,$1,$-1,$0,$-1,$0,$-1,$-1,$-1,$-1,$-1,$3,3,$-0.38,$-0.38,$11,$0,$0,$12,$1,$0,$0,$0,$1,$13,$0,$0,$0,$0,$0,$57,$-49,$0,$12,$13,$-4,$0,$0,$0,$-0,$-0,$0,$0,$-0,$-4,$-0,$0,$0,$-3,$0,$-3,$0,$-4,$0,$0,$0,$9,$9,$0,$-0,$9,$1,$0,$0
1,2018-03-31,5.74,$22.05,0.26,$0.33,17.5,$-19.55,0.0,$-8.89,0.0,$0.00B,$0.00B,7.24,$0.00B,$0.01B,0.0,$0.00B,0,nan%,$0.00B,$-0.00B,inf%,$0.00B,$-0.00B,inf%,$0.00B,$-0.00B,inf%,$0.00B,$-0.00B,inf%,$0.00B,$-0.00B,inf%,$-0.00B,$0.01B,-59.26%,$-0.00B,$0.01B,-59.26%,$-0.00B,$0.01B,-55.17%,$-0.00B,$0.01B,-59.26%,$0,$0,$-0,$0,$1,$1,$-1,$-0,$-1,$0,$-1,$-1,$-1,$-1,$-1,$0,0,$-6.29,$-6.29,$4,$0,$0,$4,$1,$0,$0,$0,$1,$5,$1,$0,$0,$0,$1,$48,$-48,$0,$5,$5,$-3,$0,$0,$0,$-0,$-0,$0,$-0,$-0,$-3,$-0,$0,$0,$1,$0,$1,$0,$1,$0,$0,$0,$0,$0,$0,$0,$0,$-1,$0,$0
2,2017-12-31,5.67,$4.00,1.42,$0.33,16.98,$-20.18,0.0,$-3.36,0.0,$0.01B,$0.00B,9.85,$0.00B,$0.01B,0.0,$0.00B,0,nan%,$0.00B,$-0.00B,inf%,$0.00B,$-0.00B,inf%,$0.00B,$-0.00B,inf%,$0.00B,$-0.00B,inf%,$0.00B,$-0.00B,inf%,$-0.00B,$0.01B,-50.00%,$-0.00B,$0.01B,-50.00%,$-0.00B,$0.01B,-47.06%,$-0.00B,$0.01B,-50.00%,$0,$0,$-0,$1,$1,$1,$-1,$-0,$-1,$0,$-1,$-1,$-1,$-1,$-1,$2,2,$-0.91,$-0.91,$5,$0,$0,$6,$1,$0,$0,$0,$1,$7,$1,$0,$0,$0,$1,$48,$-47,$0,$6,$7,$-1,$0,$0,$0,$-0,$-0,$0,$-0,$0,$-1,$-0,$0,$0,$1,$0,$1,$0,$1,$0,$0,$0,$0,$0,$0,$0,$0,$-0,$0,$0
3,2017-09-30,7.94,$4.92,1.61,$0.42,18.99,$-20.39,0.0,$-3.50,0.0,$0.01B,$0.00B,21.06,$0.00B,$0.01B,0.0,$0.00B,0,nan%,$0.00B,$-0.00B,inf%,$0.00B,$-0.00B,inf%,$0.00B,$-0.00B,inf%,$0.00B,$-0.00B,inf%,$0.00B,$-0.00B,inf%,$-0.00B,$0.01B,-43.24%,$-0.00B,$0.01B,-43.24%,$-0.00B,$0.01B,-42.11%,$-0.00B,$0.01B,-43.24%,$0,$0,$-0,$1,$1,$1,$-1,$0,$-1,$0,$-1,$-1,$-1,$-1,$-1,$1,1,$3.78,$3.78,$7,$0,$0,$7,$1,$0,$0,$0,$1,$8,$0,$0,$0,$0,$0,$48,$-45,$0,$7,$8,$-5,$0,$-0,$0,$0,$0,$0,$0,$0,$-5,$-0,$0,$0,$2,$0,$2,$0,$2,$0,$0,$0,$0,$0,$0,$0,$0,$-3,$0,$0
4,2017-06-30,8.54,$5.71,1.49,$0.64,13.45,$-20.87,0.0,$-3.57,0.0,$0.01B,$0.00B,19.09,$0.00B,$0.01B,0.0,$0.00B,0,nan%,$0.00B,$-0.00B,inf%,$0.00B,$-0.00B,inf%,$0.00B,$-0.00B,inf%,$0.00B,$-0.00B,inf%,$0.00B,$-0.00B,inf%,$-0.00B,$0.01B,-38.10%,$-0.00B,$0.01B,-38.10%,$-0.00B,$0.01B,-37.21%,$-0.00B,$0.01B,-38.10%,$0,$0,$-0,$1,$1,$1,$-1,$0,$-1,$0,$-1,$-1,$-1,$-1,$-1,$1,1,$-0.84,$-0.84,$8,$0,$0,$8,$1,$0,$0,$0,$1,$9,$0,$0,$0,$0,$0,$48,$-44,$0,$9,$9,$-4,$0,$0,$0,$0,$0,$0,$0,$0,$-4,$-0,$0,$0,$-0,$0,$-0,$0,$-0,$0,$0,$0,$0,$0,$0,$0,$0,$-4,$0,$0
5,2017-03-31,11.41,$6.75,1.69,$0.77,14.8,$-21.24,0.0,$-3.71,0.0,$0.01B,$0.00B,21.57,$0.00B,$0.01B,0.0,$0.00B,0,nan%,$0.00B,$-0.00B,inf%,$0.00B,$-0.00B,inf%,$0.00B,$-0.00B,inf%,$0.00B,$-0.00B,inf%,$0.00B,$-0.00B,inf%,$-0.00B,$0.01B,-39.02%,$-0.00B,$0.01B,-39.02%,$-0.00B,$0.01B,-37.21%,$-0.00B,$0.01B,-39.02%,$0,$0,$-0,$0,$1,$1,$-1,$0,$-1,$0,$-1,$-1,$-1,$-1,$-1,$0,0,$-5.32,$-5.32,$9,$0,$0,$9,$1,$0,$0,$0,$1,$10,$0,$0,$0,$0,$0,$47,$-43,$0,$10,$10,$-3,$0,$0,$0,$0,$-0,$0,$-0,$-0,$-3,$-0,$0,$0,$-0,$0,$-0,$0,$-0,$0,$0,$0,$0,$0,$0,$0,$0,$-3,$0,$0
6,2016-12-31,14.21,$7.50,1.9,$0.74,19.29,$-9.95,0.0,$-3.64,0.0,$0.01B,$0.00B,17.59,$0.00B,$0.01B,0.0,$0.00B,0,nan%,$0.00B,$-0.00B,inf%,$0.00B,$-0.00B,inf%,$0.00B,$-0.00B,inf%,$0.00B,$-0.00B,inf%,$0.00B,$-0.00B,inf%,$-0.00B,$0.01B,-40.00%,$-0.00B,$0.01B,-40.00%,$-0.00B,$0.01B,-38.10%,$-0.00B,$0.01B,-40.00%,$0,$0,$-0,$0,$1,$2,$-1,$-0,$-1,$0,$-1,$-1,$-1,$-1,$-1,$1,1,$-1.05,$-1.05,$10,$0,$0,$11,$1,$0,$0,$0,$1,$11,$1,$0,$0,$0,$1,$47,$-42,$0,$11,$11,$-1,$0,$0,$0,$0,$-0,$0,$-0,$-0,$-1,$-0,$0,$0,$-0,$0,$-0,$0,$-0,$0,$0,$0,$0,$0,$0,$0,$0,$-2,$0,$0
7,2016-09-30,16.8,$8.50,1.98,$1.05,16.05,$-10.08,0.0,$-3.92,0.0,$0.01B,$0.00B,19.4,$0.00B,$0.01B,0.0,$0.00B,0,nan%,$0.00B,$-0.00B,inf%,$0.00B,$-0.00B,inf%,$0.00B,$-0.00B,inf%,$0.00B,$-0.01B,inf%,$0.00B,$-0.01B,inf%,$-0.01B,$0.01B,-51.28%,$-0.01B,$0.01B,-51.28%,$-0.01B,$0.01B,-48.78%,$-0.00B,$0.01B,-41.03%,$0,$0,$0,$1,$1,$2,$-1,$-0,$-1,$0,$-1,$-1,$-1,$-1,$-1,$1,1,$-0.98,$-0.98,$11,$0,$0,$12,$1,$0,$0,$0,$1,$13,$1,$0,$0,$0,$1,$47,$-40,$0,$12,$13,$-5,$0,$0,$1,$0,$0,$0,$-0,$-0,$-5,$-0,$0,$0,$1,$-0,$1,$0,$1,$0,$0,$0,$8,$8,$0,$-0,$7,$3,$0,$0
