,Date,Stock Price,Book Value per Share,Price to Book Ratio,TTM Sales per Share,Price to Sales Ratio,TTM FCF per Share,Price to FCF Ratio,TTM Net EPS,PE Ratio,Current Assets,Current Liabilities,Current Ratio,Long Term Debt,Shareholder's Equity_x,Debt to Equity Ratio,TTM Revenue_x,TTM Gross Profit,Gross Margin,TTM Revenue_y,TTM Operating Income,Operating Margin,TTM Revenue_x,TTM EBIT,EBIT Margin,TTM Revenue_y,TTM EBITDA,EBITDA Margin,TTM Revenue_x,TTM Pre-Tax Income,Pre-Tax Margin,TTM Revenue_y,TTM Net Income_x,Net Margin,TTM Net Income_y,Shareholder's Equity_y,Return on Equity,TTM Net Income_x,Tangible Equity,Return on Tangible Equity,TTM Net Income_y,Total Assets,Return on Assets,TTM Net Income,LT Investments & Debt,Return on Investment,revenue,cost-goods-sold,gross-profit,research-development-expenses,selling-general-administrative-expenses,operating-expenses,operating-income,total-non-operating-income-expense,pre-tax-income,total-provision-income-taxes,income-after-taxes,income-from-continuous-operations,net-income,ebitda,ebit,basic-shares-outstanding,shares-outstanding,eps-basic-net-earnings-per-share,eps-earnings-per-share-diluted,cash-on-hand,inventory,other-current-assets,total-current-assets,net-property-plant-equipment,long-term-investments,goodwill-intangible-assets-total,other-long-term-assets,total-long-term-assets,total-assets,total-current-liabilities,long-term-debt,other-non-current-liabilities,total-long-term-liabilities,total-liabilities,common-stock-net,retained-earnings-accumulated-deficit,comprehensive-income,total-share-holder-equity,total-liabilities-share-holders-equity,net-income-loss,total-depreciation-amortization-cash-flow,other-non-cash-items,total-non-cash-items,change-in-accounts-receivable,change-in-inventories,change-in-accounts-payable,change-in-assets-liabilities,total-change-in-assets-liabilities,cash-flow-from-operating-activities,net-change-in-property-plant-equipment,net-change-in-intangible-assets,net-acquisitions-divestitures,net-change-in-short-term-investments,net-change-in-long-term-investments,net-change-in-investments-total,investing-activities-other,cash-flow-from-investing-activities,net-long-term-debt,net-current-debt,debt-issuance-retirement-net-total,net-common-equity-issued-repurchased,net-total-equity-issued-repurchased,total-common-preferred-stock-dividends-paid,financial-activities-other,cash-flow-from-financial-activities,net-cash-flow,stock-based-compensation,common-stock-dividends-paid
0,2018-09-30,34.8,$21.40,1.63,$7.70,4.52,$8.55,4.07,$1.94,17.94,$3.42B,$5.12B,0.67,$0.16B,$0.75B,0.21,$0.26B,$0.21B,79.31%,$0.26B,$0.09B,33.33%,$0.26B,0,0.00%,$0.26B,0,0.00%,$0.26B,$0.08B,30.65%,$0.26B,$0.07B,25.29%,$0.07B,$0.75B,8.79%,$0.07B,$0.53B,12.48%,$0.07B,$6.11B,1.05%,$0.09B,$0.91B,9.56%,$67,$15,$52,$0,$28,$44,$23,$-0,$22,$2,$20,$20,$20,$0,$0,$35,35,$0.58,$0.58,$174,$0,$0,$3423,$134,$2147,$220,$164,$2682,$6105,$5124,$159,$70,$229,$5353,$47,$59,$-69,$753,$6105,$57,$19,$16,$35,$6,$0,$-1,$6,$11,$103,$-7,$0,$0,$-228,$542,$314,$21,$328,$-456,$-1,$-457,$4,$4,$-31,$28,$-456,$-25,$2,$-31
1,2018-06-30,33.4,$21.43,1.56,$7.68,4.35,$8.20,4.07,$1.85,18.06,$3.48B,$5.29B,0.66,$0.16B,$0.75B,0.21,$0.25B,$0.20B,79.60%,$0.25B,$0.08B,33.20%,$0.25B,0,0.00%,$0.25B,0,0.00%,$0.25B,$0.08B,30.40%,$0.25B,$0.06B,24.40%,$0.06B,$0.75B,8.69%,$0.06B,$0.53B,11.93%,$0.06B,$6.25B,0.99%,$0.08B,$0.91B,9.24%,$68,$14,$54,$0,$28,$43,$25,$-1,$24,$3,$20,$20,$20,$0,$0,$35,35,$0.58,$0.57,$232,$0,$0,$3482,$133,$2257,$222,$141,$2768,$6250,$5293,$159,$46,$205,$5498,$47,$49,$-57,$752,$6250,$36,$7,$17,$24,$1,$0,$0,$8,$10,$71,$-3,$0,$0,$0,$213,$213,$21,$230,$-241,$-1,$-242,$2,$2,$-20,$-7,$-268,$33,$1,$-20
2,2018-03-31,34.15,$21.29,1.6,$7.63,4.48,$7.81,4.37,$1.77,19.3,$3.55B,$5.42B,0.66,$0.16B,$0.75B,0.21,$0.24B,$0.19B,80.17%,$0.24B,$0.08B,32.07%,$0.24B,0,0.00%,$0.24B,0,0.00%,$0.24B,$0.07B,29.54%,$0.24B,$0.06B,23.21%,$0.06B,$0.75B,8.45%,$0.06B,$0.52B,11.18%,$0.06B,$6.37B,0.92%,$0.08B,$0.91B,8.56%,$67,$13,$54,$0,$33,$48,$19,$-1,$18,$2,$16,$16,$16,$0,$0,$35,35,$0.46,$0.46,$263,$0,$0,$3550,$132,$2282,$223,$170,$2823,$6373,$5422,$159,$46,$205,$5627,$47,$39,$-52,$746,$6373,$16,$4,$8,$11,$8,$0,$-1,$7,$14,$42,$-0,$0,$0,$0,$167,$167,$-15,$152,$-245,$-2,$-247,$1,$1,$-10,$126,$-129,$64,$0,$-10
3,2017-12-31,32.85,$21.55,1.52,$7.58,4.33,$7.69,4.27,$1.82,18.07,$3.47B,$5.54B,0.63,$0.16B,$0.75B,0.21,$0.23B,$0.18B,80.44%,$0.23B,$0.08B,33.33%,$0.23B,0,0.00%,$0.23B,0,0.00%,$0.23B,$0.07B,31.11%,$0.23B,$0.05B,24.00%,$0.05B,$0.75B,9.05%,$0.05B,$0.53B,11.50%,$0.05B,$6.50B,0.93%,$0.08B,$0.91B,8.35%,$59,$12,$47,$0,$27,$40,$20,$-3,$16,$6,$10,$10,$10,$0,$0,$30,30,$0.33,$0.32,$199,$0,$0,$3474,$134,$2510,$224,$144,$3024,$6498,$5542,$158,$43,$202,$5744,$47,$33,$-36,$754,$6498,$54,$28,$14,$42,$-0,$0,$1,$-5,$-4,$92,$-10,$0,$92,$0,$207,$207,$-117,$173,$-292,$2,$-290,$4,$4,$-32,$83,$-235,$29,$2,$-32
4,2017-09-30,35.15,$18.89,1.86,$7.46,4.71,$7.91,4.45,$1.91,18.43,$2.85B,$4.56B,0.62,$0.31B,$0.56B,0.56,$0.22B,$0.18B,81.02%,$0.22B,$0.07B,33.33%,$0.22B,0,0.00%,$0.22B,0,0.00%,$0.22B,$0.07B,31.02%,$0.22B,$0.06B,25.93%,$0.06B,$0.56B,10.41%,$0.06B,$0.46B,12.65%,$0.06B,$5.48B,1.01%,$0.07B,$0.87B,6.17%,$56,$12,$44,$0,$25,$37,$19,$-0,$18,$4,$15,$15,$15,$0,$0,$29,30,$0.49,$0.49,$185,$0,$0,$2850,$107,$2269,$95,$142,$2635,$5484,$4564,$311,$54,$365,$4928,$40,$26,$-26,$556,$5484,$44,$20,$10,$30,$6,$0,$-1,$-2,$4,$77,$-7,$0,$0,$-372,$597,$225,$-127,$91,$-167,$2,$-165,$3,$3,$-23,$31,$-154,$15,$1,$-23
5,2017-06-30,33.5,$18.64,1.8,$7.52,4.45,$7.80,4.29,$1.89,17.68,$2.83B,$4.65B,0.61,$0.32B,$0.55B,0.59,$0.21B,$0.18B,83.10%,$0.21B,$0.07B,32.39%,$0.21B,0,0.00%,$0.21B,0,0.00%,$0.21B,$0.07B,30.52%,$0.21B,$0.05B,25.35%,$0.05B,$0.55B,10.44%,$0.05B,$0.45B,12.81%,$0.05B,$5.58B,0.97%,$0.07B,$0.87B,5.64%,$55,$11,$45,$0,$26,$37,$18,$-0,$18,$3,$14,$14,$14,$0,$0,$29,30,$0.49,$0.49,$236,$0,$0,$2830,$106,$2390,$95,$135,$2749,$5578,$4648,$321,$62,$383,$5031,$40,$19,$-27,$547,$5578,$29,$5,$16,$21,$2,$0,$0,$-3,$-1,$49,$-4,$0,$0,$0,$128,$128,$-54,$70,$-132,$1,$-130,$2,$2,$-15,$91,$-53,$66,$1,$-15
6,2017-03-31,31.15,$18.14,1.72,$7.52,4.14,$7.48,4.16,$1.82,17.07,$2.77B,$4.67B,0.59,$0.41B,$0.53B,0.77,$0.21B,$0.18B,84.62%,$0.21B,$0.07B,31.25%,$0.21B,0,0.00%,$0.21B,0,0.00%,$0.21B,$0.06B,29.33%,$0.21B,$0.05B,24.52%,$0.05B,$0.53B,10.23%,$0.05B,$0.44B,12.68%,$0.05B,$5.66B,0.94%,$0.07B,$0.94B,5.14%,$55,$10,$45,$0,$27,$37,$18,$0,$18,$3,$15,$15,$15,$0,$0,$29,30,$0.51,$0.51,$247,$0,$0,$2773,$105,$2441,$96,$215,$2884,$5656,$4666,$411,$47,$459,$5125,$39,$38,$-35,$531,$5656,$15,$2,$8,$10,$7,$0,$-2,$2,$7,$33,$-1,$0,$0,$0,$-3,$-3,$17,$13,$-104,$1,$-103,$1,$1,$-7,$141,$32,$77,$0,$-7
7,2016-12-31,34.71,$18.16,1.91,$7.68,4.52,$7.31,4.74,$1.82,19.08,$2.72B,$3.54B,0.77,$1.47B,$0.52B,2.83,$0.21B,$0.18B,86.06%,$0.21B,$0.06B,30.29%,$0.21B,0,0.00%,$0.21B,0,0.00%,$0.21B,$0.06B,28.37%,$0.21B,$0.05B,24.04%,$0.05B,$0.52B,10.41%,$0.05B,$0.42B,13.05%,$0.05B,$5.56B,0.95%,$0.06B,$1.99B,4.85%,$50,$9,$41,$0,$24,$33,$17,$0,$13,$2,$12,$12,$12,$0,$0,$27,27,$0.42,$0.41,$170,$0,$0,$2716,$106,$2484,$96,$133,$2848,$5564,$3540,$1468,$37,$1505,$5045,$39,$30,$-38,$518,$5564,$49,$28,$4,$32,$-2,$0,$2,$5,$5,$87,$-6,$0,$0,$0,$-245,$-245,$-133,$-384,$260,$5,$265,$69,$69,$-26,$79,$386,$89,$2,$-26
8,2016-09-30,29.41,$17.54,1.68,$7.61,3.86,$6.90,4.26,$1.83,16.1,$2.67B,$4.30B,0.62,$0.62B,$0.47B,1.32,$0.21B,$0.18B,87.92%,$0.21B,$0.07B,32.37%,$0.21B,0,0.00%,$0.21B,0,0.00%,$0.21B,$0.06B,28.50%,$0.21B,$0.05B,24.15%,$0.05B,$0.47B,10.83%,$0.05B,$0.38B,13.73%,$0.05B,$5.47B,0.97%,$0.07B,$1.09B,6.36%,$53,$7,$46,$0,$30,$37,$16,$0,$16,$3,$13,$13,$13,$0,$0,$27,27,$0.48,$0.48,$199,$0,$0,$2672,$107,$2455,$97,$125,$2793,$5465,$4302,$622,$69,$690,$4992,$36,$26,$-2,$473,$5465,$38,$19,$4,$23,$5,$0,$1,$0,$6,$67,$-5,$0,$0,$-762,$647,$-115,$-61,$-180,$123,$9,$132,$-9,$-9,$-18,$127,$232,$118,$1,$-18
9,2016-06-30,28.04,$17.55,1.6,$7.40,3.79,$6.71,4.18,$1.78,15.79,$2.44B,$3.96B,0.62,$0.56B,$0.47B,1.18,$0.20B,$0.18B,88.61%,$0.20B,$0.07B,32.18%,$0.20B,0,0.00%,$0.20B,0,0.00%,$0.20B,$0.06B,28.22%,$0.20B,$0.05B,24.26%,$0.05B,$0.47B,10.76%,$0.05B,$0.38B,13.71%,$0.05B,$5.04B,0.98%,$0.07B,$1.03B,6.30%,$50,$7,$44,$0,$30,$36,$14,$0,$14,$3,$11,$11,$11,$0,$0,$27,27,$0.42,$0.42,$64,$0,$0,$2439,$107,$2254,$97,$130,$2596,$5035,$3956,$559,$48,$607,$4563,$36,$20,$5,$472,$5035,$25,$4,$10,$14,$1,$0,$0,$-4,$-4,$36,$-3,$0,$0,$-356,$439,$83,$39,$119,$-274,$9,$-265,$-9,$-9,$-12,$115,$-171,$-17,$1,$-12
10,2016-03-31,22.33,$17.03,1.31,$7.23,3.09,$6.50,3.43,$1.77,12.65,$2.50B,$3.88B,0.64,$0.62B,$0.46B,1.36,$0.20B,$0.18B,88.94%,$0.20B,$0.06B,32.16%,$0.20B,0,0.00%,$0.20B,0,0.00%,$0.20B,$0.06B,28.14%,$0.20B,$0.05B,24.62%,$0.05B,$0.46B,11.01%,$0.05B,$0.36B,14.12%,$0.05B,$5.02B,0.99%,$0.06B,$1.08B,6.16%,$55,$6,$48,$0,$32,$38,$16,$0,$16,$3,$14,$14,$14,$0,$0,$27,27,$0.50,$0.50,$68,$0,$0,$2495,$108,$2170,$98,$137,$2524,$5019,$3879,$622,$60,$682,$4561,$35,$49,$-3,$458,$5019,$14,$2,$2,$4,$6,$0,$0,$2,$8,$26,$-2,$0,$0,$0,$153,$153,$-11,$141,$-329,$0,$-328,$-10,$-10,$-6,$164,$-180,$-13,$0,$-6
11,2015-12-31,20.37,$17.06,1.19,$7.03,2.9,$6.35,3.21,$1.61,12.67,$2.50B,$4.10B,0.61,$0.56B,$0.44B,1.27,$0.19B,$0.17B,90.16%,$0.19B,$0.06B,30.57%,$0.19B,0,0.00%,$0.19B,0,0.00%,$0.19B,$0.05B,26.42%,$0.19B,$0.04B,22.80%,$0.04B,$0.44B,10.01%,$0.04B,$0.35B,12.90%,$0.04B,$5.16B,0.90%,$0.06B,$1.01B,5.73%,$49,$5,$44,$0,$23,$28,$21,$0,$13,$1,$12,$12,$12,$0,$0,$27,27,$0.43,$0.43,$81,$0,$0,$2497,$108,$2301,$98,$138,$2665,$5162,$4103,$563,$52,$615,$4718,$35,$42,$-19,$444,$5162,$44,$31,$-0,$31,$-0,$0,$0,$-1,$-2,$73,$-4,$0,$0,$0,$-132,$-132,$-249,$-384,$251,$-2,$249,$2,$2,$-25,$82,$308,$-4,$1,$-25
12,2015-09-30,23.1,$16.37,1.41,$6.95,3.33,$6.17,3.75,$1.00,23.03,$2.30B,$3.77B,0.61,$0.56B,$0.45B,1.25,$0.18B,$0.16B,90.06%,$0.18B,$0.03B,16.57%,$0.18B,0,0.00%,$0.18B,0,0.00%,$0.18B,$0.03B,16.57%,$0.18B,$0.03B,15.47%,$0.03B,$0.45B,6.44%,$0.03B,$0.35B,8.34%,$0.03B,$4.84B,0.58%,$0.03B,$1.01B,2.86%,$48,$5,$43,$0,$29,$34,$14,$0,$14,$2,$12,$12,$12,$0,$0,$27,27,$0.43,$0.43,$72,$0,$0,$2298,$109,$2196,$99,$122,$2540,$4837,$3773,$559,$59,$617,$4390,$35,$38,$-11,$447,$4837,$32,$21,$-0,$21,$5,$0,$0,$1,$6,$60,$-3,$0,$0,$-698,$703,$5,$-56,$-53,$44,$-2,$42,$1,$1,$-17,$-46,$-19,$-13,$1,$-17
13,2015-06-30,24.31,$15.82,1.54,$6.84,3.56,$6.71,3.62,$0.86,28.3,$2.25B,$3.75B,0.6,$0.63B,$0.43B,1.47,$0.17B,$0.15B,89.88%,$0.17B,$0.02B,13.10%,$0.17B,0,0.00%,$0.17B,0,0.00%,$0.17B,$0.02B,13.10%,$0.17B,$0.02B,13.10%,$0.02B,$0.43B,5.56%,$0.02B,$0.33B,6.97%,$0.02B,$4.86B,0.50%,$0.02B,$1.06B,2.19%,$47,$5,$42,$0,$29,$34,$13,$0,$13,$2,$11,$11,$11,$0,$0,$27,27,$0.41,$0.41,$77,$0,$0,$2248,$110,$2253,$98,$128,$2609,$4856,$3753,$633,$38,$671,$4424,$35,$32,$-20,$432,$4856,$21,$4,$6,$10,$-0,$0,$-0,$-2,$-2,$29,$-2,$0,$0,$-529,$451,$-78,$3,$-76,$-42,$-2,$-44,$1,$1,$-11,$95,$40,$-8,$1,$-11
14,2015-03-31,22.53,$15.95,1.41,$6.93,3.25,$7.33,3.07,$0.94,24.06,$2.27B,$3.64B,0.62,$0.61B,$0.44B,1.4,$0.16B,$0.14B,89.38%,$0.16B,$0.02B,12.50%,$0.16B,0,0.00%,$0.16B,0,0.00%,$0.16B,$0.02B,12.50%,$0.16B,$0.02B,13.13%,$0.02B,$0.44B,5.85%,$0.02B,$0.34B,7.05%,$0.02B,$4.73B,0.51%,$0.02B,$1.05B,2.10%,$49,$5,$45,$0,$33,$38,$11,$0,$11,$2,$9,$9,$9,$0,$0,$27,27,$0.34,$0.34,$107,$0,$0,$2269,$112,$2117,$99,$125,$2463,$4732,$3639,$610,$49,$659,$4298,$33,$59,$-10,$435,$4732,$9,$2,$4,$6,$6,$0,$-0,$0,$6,$22,$-1,$0,$0,$0,$87,$87,$8,$93,$-206,$-2,$-209,$0,$0,$-6,$121,$-92,$23,$0,$-6
15,2014-12-31,22.53,$16.39,1.37,$6.91,3.26,$7.78,2.9,$0.98,22.94,$2.26B,$3.68B,0.61,$0.66B,$0.43B,1.55,$0.15B,$0.13B,88.59%,$0.15B,$0.02B,12.08%,$0.15B,0,0.00%,$0.15B,0,0.00%,$0.15B,$0.02B,12.08%,$0.15B,$0.02B,13.42%,$0.02B,$0.43B,6.29%,$0.02B,$0.33B,7.24%,$0.02B,$4.81B,0.53%,$0.02B,$1.09B,2.00%,$37,$4,$33,$0,$40,$45,$-8,$0,$-8,$-4,$-4,$-4,$-4,$0,$0,$22,22,$-0.20,$-0.20,$85,$0,$0,$2255,$113,$2135,$100,$191,$2552,$4807,$3676,$660,$46,$706,$4382,$33,$55,$-16,$425,$4807,$21,$3,$30,$34,$3,$0,$-0,$-1,$1,$56,$-5,$0,$-127,$0,$149,$149,$-84,$-67,$11,$1,$13,$2,$2,$-18,$45,$41,$30,$1,$-18
16,2014-09-30,25.67,$13.62,1.88,$7.12,3.61,$7.96,3.22,$1.73,14.82,$1.53B,$2.50B,0.61,$0.54B,$0.29B,1.84,$0.15B,$0.14B,88.24%,$0.15B,$0.04B,25.49%,$0.15B,0,0.00%,$0.15B,0,0.00%,$0.15B,$0.04B,25.49%,$0.15B,$0.04B,23.53%,$0.04B,$0.29B,13.02%,$0.04B,$0.27B,14.16%,$0.04B,$3.37B,1.05%,$0.04B,$0.83B,4.68%,$35,$4,$31,$0,$25,$29,$6,$0,$6,$-0,$6,$6,$6,$0,$0,$21,21,$0.29,$0.29,$69,$0,$0,$1530,$54,$1668,$22,$81,$1838,$3368,$2497,$536,$43,$579,$3077,$27,$65,$-7,$291,$3368,$25,$15,$11,$26,$7,$0,$-0,$3,$10,$61,$-4,$0,$0,$-538,$772,$233,$-137,$92,$-45,$1,$-44,$2,$2,$-12,$-84,$-138,$15,$1,$-12
17,2014-06-30,22.2,$14.02,1.58,$7.24,3.07,$7.48,2.97,$1.80,12.31,$1.53B,$2.61B,0.59,$0.57B,$0.28B,1.99,$0.16B,$0.14B,88.39%,$0.16B,$0.04B,27.10%,$0.16B,0,0.00%,$0.16B,0,0.00%,$0.16B,$0.04B,27.10%,$0.16B,$0.04B,25.16%,$0.04B,$0.28B,14.77%,$0.04B,$0.26B,16.13%,$0.04B,$3.50B,1.13%,$0.04B,$0.85B,5.13%,$39,$4,$34,$0,$23,$27,$11,$0,$11,$1,$10,$10,$10,$0,$0,$21,21,$0.49,$0.49,$154,$0,$0,$1528,$53,$1782,$22,$100,$1971,$3499,$2612,$566,$37,$603,$3215,$27,$63,$-9,$284,$3499,$19,$10,$6,$16,$1,$0,$-0,$2,$3,$37,$-3,$0,$0,$-328,$430,$102,$-46,$54,$-59,$1,$-57,$1,$1,$-8,$74,$9,$100,$1,$-8
18,2014-03-31,22.72,$12.76,1.78,$7.34,3.1,$6.86,3.31,$1.79,12.7,$1.41B,$2.57B,0.55,$0.57B,$0.27B,2.09,$0.16B,$0.14B,89.10%,$0.16B,$0.04B,28.21%,$0.16B,0,0.00%,$0.16B,0,0.00%,$0.16B,$0.04B,28.21%,$0.16B,$0.04B,25.64%,$0.04B,$0.27B,15.87%,$0.04B,$0.25B,17.41%,$0.04B,$3.43B,1.16%,$0.04B,$0.84B,5.56%,$38,$4,$34,$0,$24,$29,$9,$0,$9,$1,$8,$8,$8,$0,$0,$21,21,$0.38,$0.38,$57,$0,$0,$1409,$53,$1861,$22,$74,$2025,$3434,$2568,$567,$28,$594,$3163,$27,$57,$-14,$271,$3434,$8,$5,$3,$9,$6,$0,$-0,$3,$10,$27,$-1,$0,$0,$0,$30,$30,$-22,$6,$-47,$1,$-45,$0,$0,$-4,$19,$-30,$3,$0,$-4
19,2013-12-31,19.65,$12.82,1.53,$7.29,2.7,$6.51,3.02,$1.80,10.9,$1.39B,$2.60B,0.53,$0.56B,$0.26B,2.16,$0.16B,$0.14B,88.39%,$0.16B,$0.05B,29.68%,$0.16B,0,0.00%,$0.16B,0,0.00%,$0.16B,$0.05B,29.68%,$0.16B,$0.04B,26.45%,$0.04B,$0.26B,16.52%,$0.04B,$0.24B,18.14%,$0.04B,$3.45B,1.20%,$0.05B,$0.82B,6.07%,$41,$4,$36,$0,$23,$27,$13,$0,$13,$1,$12,$12,$12,$0,$0,$21,21,$0.58,$0.58,$54,$0,$0,$1387,$52,$1881,$22,$85,$2059,$3446,$2602,$560,$24,$584,$3186,$25,$79,$-21,$260,$3446,$41,$4,$27,$31,$-3,$0,$-0,$-9,$-13,$60,$-6,$0,$0,$0,$-271,$-271,$-91,$-368,$53,$-0,$53,$-0,$-0,$-16,$176,$212,$-96,$1,$-16
20,2013-09-30,19.07,$11.35,1.68,$7.10,2.69,$7.05,2.7,$1.61,11.86,$1.36B,$2.64B,0.52,$0.53B,$0.24B,2.19,$0.15B,$0.13B,87.42%,$0.15B,$0.04B,27.15%,$0.15B,0,0.00%,$0.15B,0,0.00%,$0.15B,$0.04B,28.48%,$0.15B,$0.04B,24.50%,$0.04B,$0.24B,14.93%,$0.04B,$0.22B,16.41%,$0.04B,$3.47B,1.10%,$0.04B,$0.77B,5.66%,$37,$4,$33,$0,$24,$28,$9,$0,$9,$0,$9,$9,$9,$0,$0,$21,21,$0.42,$0.42,$60,$0,$0,$1358,$51,$1946,$22,$68,$2111,$3470,$2639,$528,$62,$590,$3229,$25,$72,$-32,$241,$3470,$29,$22,$-3,$20,$5,$0,$-0,$-4,$1,$49,$-4,$0,$0,$-1303,$1003,$-300,$-59,$-362,$177,$-0,$177,$-1,$-1,$-11,$56,$222,$-91,$1,$-11
21,2013-06-30,16.83,$11.14,1.51,$7.15,2.35,$7.62,2.21,$1.66,10.17,$1.33B,$2.59B,0.51,$0.50B,$0.24B,2.13,$0.15B,$0.13B,86.27%,$0.15B,$0.04B,27.45%,$0.15B,0,0.00%,$0.15B,0,0.00%,$0.15B,$0.04B,28.76%,$0.15B,$0.04B,24.18%,$0.04B,$0.24B,14.41%,$0.04B,$0.21B,15.80%,$0.04B,$3.39B,1.12%,$0.04B,$0.74B,5.89%,$40,$4,$36,$0,$23,$28,$13,$0,$13,$2,$11,$11,$11,$0,$0,$21,21,$0.52,$0.52,$50,$0,$0,$1326,$50,$1883,$22,$83,$2060,$3386,$2585,$502,$62,$564,$3150,$25,$67,$-31,$236,$3386,$20,$15,$-6,$9,$1,$0,$-0,$-7,$-6,$23,$-2,$0,$0,$-1019,$795,$-224,$-33,$-258,$7,$-0,$6,$-1,$-1,$-7,$136,$135,$-101,$0,$-7
22,2013-03-31,13.98,$12.09,1.16,$6.98,2.0,$8.26,1.69,$1.54,9.05,$1.32B,$2.50B,0.53,$0.45B,$0.26B,1.76,$0.15B,$0.13B,84.11%,$0.15B,$0.04B,25.17%,$0.15B,0,0.00%,$0.15B,0,0.00%,$0.15B,$0.04B,26.49%,$0.15B,$0.03B,22.52%,$0.03B,$0.26B,12.90%,$0.03B,$0.23B,14.11%,$0.03B,$3.31B,1.03%,$0.04B,$0.71B,5.42%,$37,$5,$32,$0,$21,$26,$11,$0,$11,$2,$9,$9,$9,$0,$0,$21,21,$0.43,$0.43,$55,$0,$0,$1321,$50,$1854,$22,$59,$1991,$3312,$2501,$450,$105,$555,$3056,$25,$59,$-3,$256,$3312,$9,$8,$-3,$5,$6,$0,$-0,$-1,$4,$19,$-1,$0,$0,$0,$-107,$-107,$-19,$-127,$33,$-0,$33,$-2,$-2,$-3,$-15,$13,$-96,$0,$-3
23,2012-12-31,13.88,$12.73,1.09,$7.22,1.92,$8.62,1.61,$1.61,8.65,$1.40B,$2.50B,0.56,$0.43B,$0.26B,1.67,$0.16B,$0.13B,82.80%,$0.16B,$0.04B,25.48%,$0.16B,0,0.00%,$0.16B,0,0.00%,$0.16B,$0.04B,26.75%,$0.16B,$0.04B,22.29%,$0.04B,$0.26B,13.23%,$0.04B,$0.24B,14.48%,$0.04B,$3.24B,1.07%,$0.04B,$0.69B,5.93%,$37,$6,$31,$0,$23,$29,$8,$0,$10,$1,$8,$8,$8,$0,$0,$22,22,$0.39,$0.39,$151,$0,$0,$1397,$50,$1701,$22,$64,$1841,$3237,$2504,$429,$46,$476,$2980,$24,$71,$3,$258,$3237,$35,$45,$-5,$39,$0,$0,$-1,$-4,$-4,$70,$-3,$0,$0,$0,$322,$322,$-182,$137,$-102,$-2,$-104,$-6,$-6,$-19,$30,$-99,$107,$1,$-19
24,2012-09-30,14.02,$12.78,1.1,$7.36,1.9,$8.78,1.6,$1.72,8.13,$1.33B,$2.46B,0.54,$0.44B,$0.28B,1.6,$0.16B,$0.13B,81.88%,$0.16B,$0.04B,26.25%,$0.16B,0,0.00%,$0.16B,0,0.00%,$0.16B,$0.04B,27.50%,$0.16B,$0.04B,23.13%,$0.04B,$0.28B,13.98%,$0.04B,$0.25B,15.29%,$0.04B,$3.22B,1.13%,$0.04B,$0.72B,6.48%,$39,$6,$33,$0,$22,$29,$10,$0,$10,$2,$9,$9,$9,$0,$0,$22,22,$0.40,$0.40,$132,$0,$0,$1334,$50,$1755,$22,$60,$1887,$3221,$2455,$442,$46,$490,$2945,$24,$72,$15,$277,$3221,$26,$34,$-4,$30,$7,$0,$-1,$-3,$4,$61,$-2,$0,$0,$0,$289,$289,$-138,$148,$-89,$-1,$-91,$1,$1,$-10,$-20,$-120,$89,$0,$-10
25,2012-06-30,14.32,$12.18,1.18,$7.35,1.95,$8.57,1.67,$1.86,7.7,$1.27B,$2.64B,0.48,$0.43B,$0.26B,1.62,$0.16B,$0.13B,80.50%,$0.16B,$0.04B,27.04%,$0.16B,0,0.00%,$0.16B,0,0.00%,$0.16B,$0.05B,28.30%,$0.16B,$0.04B,23.27%,$0.04B,$0.26B,14.22%,$0.04B,$0.24B,15.56%,$0.04B,$3.40B,1.13%,$0.04B,$0.69B,6.97%,$38,$7,$31,$0,$21,$28,$9,$0,$9,$2,$8,$8,$8,$0,$0,$22,22,$0.35,$0.35,$106,$0,$0,$1271,$50,$1991,$22,$64,$2130,$3401,$2639,$427,$71,$498,$3138,$24,$67,$7,$263,$3401,$18,$22,$-4,$18,$4,$0,$-0,$-2,$1,$37,$-1,$0,$0,$32,$41,$73,$-98,$-26,$-14,$-1,$-15,$1,$1,$-6,$74,$53,$63,$0,$-6
26,2012-03-31,13.28,$12.03,1.1,$7.77,1.71,$8.50,1.56,$2.01,6.61,$1.17B,$2.48B,0.47,$0.34B,$0.26B,1.32,$0.17B,$0.13B,80.24%,$0.17B,$0.05B,30.54%,$0.17B,0,0.00%,$0.17B,0,0.00%,$0.17B,$0.05B,31.74%,$0.17B,$0.04B,25.15%,$0.04B,$0.26B,16.44%,$0.04B,$0.24B,18.03%,$0.04B,$3.22B,1.31%,$0.05B,$0.60B,8.64%,$43,$8,$35,$0,$22,$29,$13,$0,$13,$3,$10,$10,$10,$0,$0,$22,22,$0.47,$0.47,$46,$0,$0,$1169,$50,$1810,$23,$162,$2049,$3217,$2484,$342,$131,$473,$2958,$24,$62,$8,$260,$3217,$10,$10,$-5,$5,$7,$0,$-0,$4,$11,$27,$-1,$0,$0,$0,$216,$216,$-54,$161,$-169,$-1,$-170,$0,$0,$-3,$-12,$-184,$3,$0,$-3
27,2011-12-31,12.91,$12.60,1.02,$7.73,1.67,$8.28,1.56,$1.89,6.84,$1.12B,$2.69B,0.42,$0.32B,$0.26B,1.24,$0.17B,$0.13B,78.92%,$0.17B,$0.05B,29.52%,$0.17B,0,0.00%,$0.17B,0,0.00%,$0.17B,$0.05B,30.72%,$0.17B,$0.04B,24.10%,$0.04B,$0.26B,16.26%,$0.04B,$0.24B,17.88%,$0.04B,$3.30B,1.26%,$0.05B,$0.58B,8.29%,$40,$8,$32,$0,$22,$30,$10,$0,$12,$2,$10,$10,$10,$0,$0,$22,22,$0.44,$0.44,$43,$0,$0,$1115,$51,$2050,$23,$65,$2188,$3304,$2687,$321,$34,$358,$3045,$23,$73,$15,$259,$3304,$40,$36,$-4,$32,$2,$0,$-1,$0,$1,$74,$-4,$0,$0,$-630,$308,$-322,$-16,$-341,$60,$-1,$59,$1,$1,$-15,$186,$232,$-36,$0,$-15
28,2011-09-30,10.54,$12.64,0.83,$7.78,1.35,$7.15,1.47,$1.74,6.05,$1.08B,$2.59B,0.42,$0.34B,$0.26B,1.3,$0.17B,$0.13B,77.84%,$0.17B,$0.05B,28.14%,$0.17B,0,0.00%,$0.17B,0,0.00%,$0.17B,$0.05B,28.14%,$0.17B,$0.04B,22.16%,$0.04B,$0.26B,15.73%,$0.04B,$0.24B,17.37%,$0.04B,$3.21B,1.19%,$0.05B,$0.60B,7.73%,$38,$9,$30,$0,$19,$28,$11,$0,$11,$2,$9,$9,$9,$0,$0,$22,22,$0.40,$0.40,$47,$0,$0,$1075,$50,$2000,$23,$64,$2137,$3212,$2586,$336,$23,$367,$2953,$23,$69,$19,$259,$3212,$31,$25,$-3,$22,$3,$0,$-1,$1,$3,$57,$-3,$0,$0,$0,$-268,$-268,$32,$-239,$0,$-1,$-1,$1,$1,$-8,$158,$150,$-32,$0,$-8
29,2011-06-30,11.51,$11.36,1.01,$8.30,1.39,$6.51,1.77,$1.72,6.7,$1.07B,$2.50B,0.43,$0.34B,$0.24B,1.38,$0.18B,$0.14B,77.27%,$0.18B,$0.05B,28.98%,$0.18B,0,0.00%,$0.18B,0,0.00%,$0.18B,$0.05B,28.98%,$0.18B,$0.04B,22.16%,$0.04B,$0.24B,17.22%,$0.04B,$0.22B,19.12%,$0.04B,$3.12B,1.28%,$0.05B,$0.58B,8.13%,$46,$9,$37,$0,$20,$29,$17,$0,$17,$4,$13,$13,$13,$0,$0,$22,22,$0.59,$0.59,$48,$0,$0,$1071,$51,$1864,$23,$107,$2045,$3115,$2500,$338,$31,$370,$2871,$23,$61,$8,$244,$3115,$22,$16,$-4,$12,$2,$0,$-1,$-0,$2,$36,$-2,$0,$0,$0,$-174,$-174,$36,$-140,$-30,$-1,$-31,$1,$1,$-5,$109,$74,$-31,$0,$-5
30,2011-03-31,11.72,$10.34,1.13,$8.17,1.43,$6.23,1.88,$1.63,7.21,$1.10B,$2.42B,0.45,$0.38B,$0.22B,1.72,$0.17B,$0.13B,75.86%,$0.17B,$0.05B,26.44%,$0.17B,0,0.00%,$0.17B,0,0.00%,$0.17B,$0.05B,26.44%,$0.17B,$0.04B,20.11%,$0.04B,$0.22B,15.87%,$0.04B,$0.20B,17.70%,$0.04B,$3.10B,1.16%,$0.05B,$0.61B,6.94%,$42,$10,$32,$0,$21,$31,$11,$0,$11,$2,$9,$9,$8,$0,$0,$21,21,$0.39,$0.39,$50,$0,$0,$1096,$50,$1853,$23,$70,$2003,$3099,$2420,$383,$73,$456,$2876,$23,$53,$-6,$222,$3099,$9,$8,$-1,$8,$7,$0,$-0,$-1,$5,$22,$-1,$0,$0,$0,$-105,$-105,$12,$-94,$-26,$-1,$-27,$0,$0,$-3,$71,$42,$-29,$0,$-3
31,2010-12-31,11.45,$10.54,1.09,$8.50,1.35,$6.24,1.83,$1.82,6.29,$1.14B,$2.33B,0.49,$0.43B,$0.22B,2.01,$0.18B,$0.14B,75.69%,$0.18B,$0.05B,28.18%,$0.18B,0,0.00%,$0.18B,0,0.00%,$0.18B,$0.05B,28.18%,$0.18B,$0.04B,21.55%,$0.04B,$0.22B,17.97%,$0.04B,$0.19B,20.10%,$0.04B,$3.00B,1.30%,$0.05B,$0.65B,7.35%,$41,$10,$31,$0,$23,$33,$8,$0,$8,$1,$7,$7,$7,$0,$0,$22,22,$0.31,$0.31,$79,$0,$0,$1143,$50,$1702,$23,$76,$1857,$3000,$2330,$434,$20,$454,$2784,$22,$64,$-6,$216,$3000,$40,$34,$-11,$23,$-3,$0,$-1,$-7,$-11,$53,$-7,$0,$0,$0,$74,$74,$-52,$15,$-292,$-9,$-302,$-3,$-3,$-13,$278,$-40,$27,$0,$-13
32,2010-09-30,10.1,$10.42,0.97,$8.91,1.13,$4.96,2.03,$1.95,5.19,$1.10B,$2.31B,0.48,$0.45B,$0.22B,2.01,$0.19B,$0.14B,75.79%,$0.19B,$0.06B,32.11%,$0.19B,0,0.00%,$0.19B,0,0.00%,$0.19B,$0.06B,30.00%,$0.19B,$0.04B,22.11%,$0.04B,$0.22B,19.67%,$0.04B,$0.20B,22.05%,$0.04B,$3.02B,1.39%,$0.06B,$0.67B,8.35%,$47,$11,$36,$0,$21,$32,$15,$0,$15,$4,$11,$11,$11,$0,$0,$21,21,$0.54,$0.54,$79,$0,$0,$1104,$50,$1752,$23,$88,$1914,$3018,$2305,$450,$39,$489,$2794,$22,$62,$4,$224,$3018,$33,$25,$-13,$12,$0,$0,$-1,$-1,$-2,$44,$-6,$0,$0,$0,$38,$38,$-11,$22,$-185,$-10,$-195,$-3,$-3,$-8,$167,$-39,$27,$0,$-8
33,2010-06-30,10.4,$10.12,1.03,$8.83,1.18,$3.98,2.61,$1.92,5.42,$1.05B,$2.22B,0.47,$0.50B,$0.22B,2.3,$0.19B,$0.14B,74.87%,$0.19B,$0.06B,31.41%,$0.19B,0,0.00%,$0.19B,0,0.00%,$0.19B,$0.06B,29.32%,$0.19B,$0.04B,21.47%,$0.04B,$0.22B,19.69%,$0.04B,$0.20B,22.13%,$0.04B,$2.97B,1.37%,$0.06B,$0.72B,7.72%,$44,$11,$33,$0,$20,$32,$12,$0,$12,$3,$10,$10,$9,$0,$0,$22,22,$0.43,$0.43,$46,$0,$0,$1048,$48,$1753,$23,$92,$1919,$2967,$2221,$504,$22,$527,$2747,$22,$54,$4,$220,$2967,$22,$17,$-9,$8,$0,$0,$-1,$1,$1,$32,$-4,$0,$0,$0,$15,$15,$12,$24,$-125,$-10,$-135,$1,$1,$-5,$78,$-62,$-6,$0,$-5
34,2010-03-31,10.79,$9.57,1.13,$9.03,1.19,$3.31,3.25,$1.93,5.59,$1.04B,$2.26B,0.46,$0.52B,$0.21B,2.52,$0.20B,$0.15B,74.36%,$0.20B,$0.06B,31.28%,$0.20B,0,0.00%,$0.20B,0,0.00%,$0.20B,$0.06B,29.23%,$0.20B,$0.04B,21.03%,$0.04B,$0.21B,20.60%,$0.04B,$0.19B,23.30%,$0.04B,$3.05B,1.39%,$0.06B,$0.73B,7.54%,$49,$12,$37,$0,$21,$33,$16,$0,$16,$4,$12,$12,$12,$0,$0,$22,22,$0.54,$0.54,$38,$0,$0,$1038,$47,$1851,$23,$85,$2012,$3050,$2260,$523,$59,$582,$2842,$22,$47,$-0,$208,$3050,$12,$7,$-4,$2,$4,$0,$-0,$5,$9,$23,$-2,$0,$0,$0,$-27,$-27,$13,$-16,$-71,$-6,$-77,$0,$0,$-3,$58,$-21,$-14,$0,$-3
35,2009-12-31,9.73,$9.83,0.99,$9.33,1.04,$2.94,3.31,$2.02,4.82,$1.07B,$2.21B,0.48,$0.59B,$0.20B,2.93,$0.20B,$0.15B,73.76%,$0.20B,$0.07B,32.67%,$0.20B,0,0.00%,$0.20B,0,0.00%,$0.20B,$0.06B,30.69%,$0.20B,$0.04B,21.29%,$0.04B,$0.20B,22.51%,$0.04B,$0.18B,25.60%,$0.04B,$3.02B,1.50%,$0.07B,$0.80B,7.76%,$50,$12,$38,$0,$20,$32,$18,$0,$14,$4,$10,$10,$10,$0,$0,$21,22,$0.49,$0.48,$52,$0,$0,$1069,$46,$1788,$23,$96,$1956,$3024,$2209,$593,$20,$613,$2822,$21,$54,$4,$202,$3024,$46,$14,$-16,$-2,$-4,$0,$-2,$-13,$-19,$25,$-7,$0,$0,$0,$-268,$-268,$-22,$-296,$-30,$3,$-27,$2,$2,$-11,$293,$257,$-15,$0,$-11
36,2009-09-30,11.0,$9.44,1.16,$9.38,1.17,$3.22,3.42,$2.02,5.44,$1.05B,$2.06B,0.51,$0.66B,$0.20B,3.22,$0.20B,$0.15B,71.92%,$0.20B,$0.06B,31.03%,$0.20B,0,0.00%,$0.20B,0,0.00%,$0.20B,$0.06B,30.54%,$0.20B,$0.04B,21.18%,$0.04B,$0.20B,23.79%,$0.04B,$0.18B,27.26%,$0.04B,$2.94B,1.54%,$0.06B,$0.86B,7.23%,$48,$13,$35,$0,$21,$33,$14,$0,$14,$4,$11,$11,$10,$0,$0,$22,22,$0.49,$0.48,$44,$0,$0,$1045,$46,$1751,$23,$76,$1896,$2942,$2056,$656,$24,$682,$2738,$21,$49,$11,$203,$2942,$36,$10,$-15,$-5,$-3,$0,$-2,$-1,$-6,$25,$-6,$0,$0,$0,$-218,$-218,$-1,$-225,$-70,$36,$-34,$1,$1,$-6,$215,$177,$-23,$0,$-6
37,2009-06-30,11.1,$8.51,1.3,$9.11,1.22,$3.37,3.29,$1.83,6.07,$1.05B,$1.80B,0.59,$0.67B,$0.18B,3.67,$0.20B,$0.14B,70.05%,$0.20B,$0.06B,29.44%,$0.20B,0,0.00%,$0.20B,0,0.00%,$0.20B,$0.06B,28.93%,$0.20B,$0.04B,19.80%,$0.04B,$0.18B,23.56%,$0.04B,$0.16B,27.37%,$0.04B,$2.74B,1.45%,$0.06B,$0.85B,6.91%,$48,$13,$35,$0,$22,$35,$13,$0,$13,$3,$10,$10,$9,$0,$0,$21,22,$0.44,$0.44,$49,$0,$0,$1053,$46,$1553,$23,$65,$1690,$2743,$1801,$670,$89,$759,$2560,$21,$40,$-0,$183,$2743,$25,$6,$-12,$-6,$-4,$0,$-1,$4,$-0,$18,$-5,$0,$0,$0,$27,$27,$0,$22,$-195,$10,$-185,$1,$1,$-4,$130,$-58,$-18,$0,$-4
38,2009-03-31,8.68,$8.25,1.05,$8.88,0.98,$3.47,2.5,$1.80,4.84,$1.09B,$1.78B,0.61,$0.72B,$0.18B,4.07,$0.19B,$0.13B,68.75%,$0.19B,$0.06B,29.69%,$0.19B,0,0.00%,$0.19B,0,0.00%,$0.19B,$0.06B,29.17%,$0.19B,$0.04B,20.31%,$0.04B,$0.18B,25.16%,$0.04B,$0.15B,29.60%,$0.04B,$2.76B,1.51%,$0.06B,$0.90B,7.43%,$56,$14,$41,$0,$20,$35,$21,$0,$21,$6,$15,$15,$14,$0,$0,$21,22,$0.66,$0.66,$86,$0,$0,$1085,$44,$1557,$23,$52,$1679,$2764,$1779,$718,$90,$809,$2587,$21,$33,$2,$176,$2764,$15,$2,$-10,$-8,$-1,$0,$-0,$9,$8,$15,$-2,$0,$0,$0,$20,$20,$6,$24,$-142,$0,$-142,$0,$0,$-2,$123,$-20,$19,$0,$-2
39,2008-12-31,10.7,$7.96,1.34,$8.21,1.3,$3.20,3.34,$1.43,7.5,$1.07B,$1.80B,0.6,$0.72B,$0.16B,4.44,$0.18B,$0.12B,64.97%,$0.18B,$0.04B,24.86%,$0.18B,0,0.00%,$0.18B,0,0.00%,$0.18B,$0.04B,24.29%,$0.18B,$0.03B,17.51%,$0.03B,$0.16B,21.16%,$0.03B,$0.14B,25.20%,$0.03B,$2.70B,1.26%,$0.04B,$0.88B,6.69%,$51,$16,$35,$0,$20,$36,$15,$0,$14,$4,$10,$10,$10,$0,$0,$21,22,$0.49,$0.48,$67,$0,$0,$1074,$43,$1504,$24,$53,$1627,$2700,$1798,$716,$25,$741,$2539,$20,$34,$-1,$161,$2700,$31,$5,$1,$6,$-2,$0,$0,$-7,$-8,$29,$-5,$0,$0,$0,$-436,$-436,$-64,$-505,$445,$4,$448,$2,$2,$-8,$25,$467,$-9,$0,$-8
40,2008-09-30,11.38,$6.73,1.69,$7.62,1.49,$2.93,3.88,$1.17,9.72,$1.03B,$1.76B,0.59,$0.59B,$0.14B,4.14,$0.16B,$0.10B,61.59%,$0.16B,$0.04B,21.95%,$0.16B,0,0.00%,$0.16B,0,0.00%,$0.16B,$0.04B,21.34%,$0.16B,$0.03B,15.85%,$0.03B,$0.14B,18.67%,$0.03B,$0.12B,22.46%,$0.03B,$2.52B,1.12%,$0.04B,$0.73B,7.08%,$42,$14,$27,$0,$19,$33,$9,$0,$9,$2,$6,$6,$6,$0,$0,$21,22,$0.30,$0.29,$57,$0,$0,$1034,$41,$1336,$24,$82,$1490,$2524,$1764,$590,$27,$617,$2382,$20,$26,$-11,$142,$2524,$21,$5,$1,$6,$0,$0,$-0,$-1,$-2,$25,$-2,$0,$0,$0,$-320,$-320,$-30,$-352,$361,$4,$365,$1,$1,$-6,$-52,$309,$-19,$0,$-6
41,2008-06-30,8.27,$6.70,1.23,$7.16,1.15,$2.58,3.2,$1.04,7.92,$1.04B,$1.72B,0.6,$0.42B,$0.14B,3.0,$0.15B,$0.09B,59.09%,$0.15B,$0.03B,20.13%,$0.15B,0,0.00%,$0.15B,0,0.00%,$0.15B,$0.03B,19.48%,$0.15B,$0.02B,15.58%,$0.02B,$0.14B,17.84%,$0.02B,$0.12B,20.56%,$0.02B,$2.32B,1.11%,$0.03B,$0.56B,7.88%,$43,$14,$29,$0,$17,$31,$12,$0,$12,$3,$9,$9,$9,$0,$0,$21,21,$0.41,$0.40,$66,$0,$0,$1036,$40,$1167,$24,$51,$1288,$2324,$1723,$423,$37,$460,$2183,$20,$22,$-7,$141,$2324,$14,$3,$-1,$2,$-0,$0,$-1,$0,$-0,$16,$-1,$0,$0,$0,$-106,$-106,$-20,$-127,$136,$2,$138,$1,$1,$-3,$-34,$102,$-10,$0,$-3
42,2008-03-31,10.21,$6.79,1.5,$6.62,1.54,$2.14,4.78,$0.86,11.86,$1.04B,$1.78B,0.58,$0.32B,$0.14B,2.22,$0.14B,$0.08B,55.63%,$0.14B,$0.02B,16.90%,$0.14B,0,0.00%,$0.14B,0,0.00%,$0.14B,$0.02B,16.20%,$0.14B,$0.02B,14.08%,$0.02B,$0.14B,15.63%,$0.02B,$0.12B,17.20%,$0.02B,$2.26B,0.98%,$0.02B,$0.46B,7.77%,$41,$17,$24,$0,$17,$33,$8,$0,$8,$2,$6,$6,$6,$0,$0,$21,21,$0.26,$0.26,$62,$0,$0,$1036,$40,$1095,$24,$67,$1227,$2263,$1778,$316,$26,$342,$2121,$19,$16,$1,$142,$2263,$6,$1,$0,$2,$-1,$0,$-0,$2,$1,$8,$-0,$0,$0,$0,$-53,$-53,$-21,$-74,$141,$2,$143,$0,$0,$-2,$-89,$53,$-14,$0,$-2
43,2007-12-31,8.63,$6.65,1.3,$6.18,1.4,$2.05,4.2,$0.78,11.1,$1.03B,$1.89B,0.54,$0.15B,$0.13B,1.11,$0.13B,$0.07B,53.79%,$0.13B,$0.02B,15.91%,$0.13B,0,0.00%,$0.13B,0,0.00%,$0.13B,$0.02B,15.15%,$0.13B,$0.02B,13.64%,$0.02B,$0.13B,14.81%,$0.02B,$0.11B,15.55%,$0.02B,$2.20B,0.93%,$0.02B,$0.28B,8.21%,$38,$17,$21,$0,$14,$31,$7,$0,$6,$1,$5,$5,$5,$0,$0,$21,21,$0.23,$0.22,$76,$0,$0,$1031,$40,$1050,$24,$48,$1165,$2196,$1894,$147,$23,$170,$2064,$19,$26,$-5,$132,$2196,$17,$5,$1,$5,$-1,$0,$0,$1,$0,$23,$-5,$0,$-32,$-130,$101,$-29,$-96,$-162,$23,$-5,$18,$2,$2,$-6,$147,$160,$21,$0,$-6
44,2007-09-30,9.25,$5.90,1.57,$5.90,1.57,$2.05,4.51,$0.75,12.35,$0.84B,$1.61B,0.53,$0.15B,$0.12B,1.22,$0.13B,$0.07B,52.38%,$0.13B,$0.02B,15.87%,$0.13B,0,0.00%,$0.13B,0,0.00%,$0.13B,$0.02B,15.08%,$0.13B,$0.02B,13.49%,$0.02B,$0.12B,14.62%,$0.02B,$0.12B,14.62%,$0.02B,$1.90B,0.91%,$0.02B,$0.27B,7.96%,$32,$15,$17,$0,$12,$27,$4,$0,$4,$1,$4,$4,$4,$0,$0,$21,21,$0.17,$0.17,$54,$0,$0,$844,$35,$971,$0,$46,$1060,$1904,$1606,$150,$24,$174,$1781,$19,$23,$-11,$123,$1904,$12,$3,$-1,$3,$2,$0,$0,$2,$4,$19,$-4,$0,$0,$0,$30,$30,$-37,$-11,$-72,$-6,$-78,$1,$1,$-4,$72,$-9,$-1,$0,$-4
45,2007-06-30,9.04,$5.55,1.63,$5.88,1.54,$2.24,4.03,$0.78,11.64,$0.82B,$1.58B,0.52,$0.11B,$0.12B,0.95,$0.13B,$0.07B,52.80%,$0.13B,$0.02B,16.80%,$0.13B,0,0.00%,$0.13B,0,0.00%,$0.13B,$0.02B,16.00%,$0.13B,$0.02B,13.60%,$0.02B,$0.12B,14.81%,$0.02B,$0.12B,14.81%,$0.02B,$1.82B,0.92%,$0.02B,$0.23B,8.28%,$31,$14,$17,$0,$12,$26,$5,$0,$5,$0,$5,$5,$5,$0,$0,$21,21,$0.22,$0.21,$56,$0,$0,$823,$35,$913,$0,$41,$999,$1822,$1578,$110,$19,$129,$1706,$19,$21,$-16,$115,$1822,$8,$2,$-1,$1,$-1,$0,$-0,$1,$0,$9,$-4,$0,$0,$0,$81,$81,$-10,$68,$-122,$-6,$-128,$1,$1,$-3,$54,$-76,$1,$0,$-3
46,2007-03-31,9.03,$5.59,1.62,$5.83,1.55,$2.07,4.36,$0.73,12.36,$0.82B,$1.55B,0.52,$0.13B,$0.12B,1.12,$0.12B,$0.07B,53.23%,$0.12B,$0.02B,16.13%,$0.12B,0,0.00%,$0.12B,0,0.00%,$0.12B,$0.02B,15.32%,$0.12B,$0.02B,12.90%,$0.02B,$0.12B,14.25%,$0.02B,$0.12B,14.25%,$0.02B,$1.82B,0.86%,$0.02B,$0.25B,7.61%,$31,$15,$16,$0,$11,$27,$5,$0,$5,$1,$4,$4,$4,$0,$0,$21,21,$0.19,$0.18,$53,$0,$0,$815,$35,$922,$0,$40,$1005,$1820,$1554,$129,$21,$150,$1705,$18,$32,$-12,$116,$1820,$4,$1,$-1,$0,$2,$0,$-0,$3,$5,$9,$-3,$0,$0,$0,$77,$77,$-7,$67,$-98,$-6,$-104,$0,$0,$-1,$27,$-78,$-2,$0,$-1
47,2006-12-31,10.1,$5.63,1.79,$5.67,1.78,$1.43,7.07,$0.71,14.28,$0.81B,$1.61B,0.5,$0.15B,$0.11B,1.36,$0.12B,$0.07B,54.55%,$0.12B,$0.02B,15.70%,$0.12B,0,0.00%,$0.12B,0,0.00%,$0.12B,$0.02B,14.88%,$0.12B,$0.02B,12.40%,$0.02B,$0.11B,13.64%,$0.02B,$0.11B,13.64%,$0.02B,$1.89B,0.80%,$0.02B,$0.26B,6.82%,$32,$15,$16,$0,$11,$26,$6,$0,$5,$1,$4,$4,$4,$0,$0,$20,21,$0.21,$0.20,$55,$0,$0,$811,$33,$996,$0,$43,$1080,$1891,$1612,$150,$18,$168,$1780,$18,$30,$-15,$111,$1891,$15,$6,$0,$6,$-0,$0,$1,$-2,$-2,$19,$-1,$0,$0,$0,$-36,$-36,$-80,$-118,$-69,$3,$-66,$2,$2,$-6,$172,$102,$3,$0,$-6
