,Date,Stock Price,Book Value per Share,Price to Book Ratio,TTM Sales per Share,Price to Sales Ratio,TTM FCF per Share,Price to FCF Ratio,TTM Net EPS,PE Ratio,Current Assets,Current Liabilities,Current Ratio,Long Term Debt,Shareholder's Equity_x,Debt to Equity Ratio,TTM Revenue_x,TTM Gross Profit,Gross Margin,TTM Revenue_y,TTM Operating Income,Operating Margin,TTM Revenue_x,TTM EBIT,EBIT Margin,TTM Revenue_y,TTM EBITDA,EBITDA Margin,TTM Revenue_x,TTM Pre-Tax Income,Pre-Tax Margin,TTM Revenue_y,TTM Net Income_x,Net Margin,TTM Net Income_y,Shareholder's Equity_y,Return on Equity,TTM Net Income_x,Tangible Equity,Return on Tangible Equity,TTM Net Income_y,Total Assets,Return on Assets,TTM Net Income,LT Investments & Debt,Return on Investment,revenue,cost-goods-sold,gross-profit,research-development-expenses,selling-general-administrative-expenses,operating-expenses,operating-income,total-non-operating-income-expense,pre-tax-income,total-provision-income-taxes,income-after-taxes,income-from-continuous-operations,net-income,ebitda,ebit,basic-shares-outstanding,shares-outstanding,eps-basic-net-earnings-per-share,eps-earnings-per-share-diluted,cash-on-hand,inventory,other-current-assets,total-current-assets,net-property-plant-equipment,long-term-investments,goodwill-intangible-assets-total,other-long-term-assets,total-long-term-assets,total-assets,total-current-liabilities,long-term-debt,other-non-current-liabilities,total-long-term-liabilities,total-liabilities,common-stock-net,retained-earnings-accumulated-deficit,comprehensive-income,total-share-holder-equity,total-liabilities-share-holders-equity,net-income-loss,total-depreciation-amortization-cash-flow,other-non-cash-items,total-non-cash-items,change-in-accounts-receivable,change-in-inventories,change-in-accounts-payable,change-in-assets-liabilities,total-change-in-assets-liabilities,cash-flow-from-operating-activities,net-change-in-property-plant-equipment,net-change-in-intangible-assets,net-acquisitions-divestitures,net-change-in-short-term-investments,net-change-in-long-term-investments,net-change-in-investments-total,investing-activities-other,cash-flow-from-investing-activities,net-long-term-debt,net-current-debt,debt-issuance-retirement-net-total,net-common-equity-issued-repurchased,net-total-equity-issued-repurchased,total-common-preferred-stock-dividends-paid,financial-activities-other,cash-flow-from-financial-activities,net-cash-flow,stock-based-compensation,common-stock-dividends-paid
0,2018-09-30,20.04,$19.87,1.01,$19.81,1.01,$3.92,5.11,$3.84,5.22,$28.29B,$34.00B,0.83,$0.00B,$7.14B,0.0,$7.16B,$7.16B,100.00%,$7.16B,$1.02B,14.30%,$7.16B,$2.06B,28.77%,$7.16B,$3.48B,48.62%,$7.16B,$1.02B,14.30%,$7.16B,$1.39B,19.42%,$1.39B,$7.14B,20.31%,$1.39B,$7.04B,20.62%,$1.39B,$42.81B,3.40%,$1.02B,$7.14B,14.96%,$1930,$0,$1930,$0,$120,$1633,$297,$0,$297,$65,$232,$232,$232,$983,$582,$361,361,$0.64,$0.64,$2212,$0,$0,$28290,$13247,$0,$106,$1065,$14517,$42807,$34001,$0,$526,$1664,$35666,$4,$5433,$57,$7141,$42807,$812,$1084,$3111,$4195,$10,$0,$0,$61,$79,$5086,$-4962,$0,$0,$0,$-11970,$-11970,$8811,$-8121,$2318,$0,$2318,$-44,$-44,$-108,$0,$2166,$-870,$7,$-108
1,2018-06-30,18.9,$19.50,0.97,$19.45,0.97,$5.76,3.28,$3.75,5.04,$28.08B,$32.44B,0.87,$0.00B,$7.05B,0.0,$7.02B,$7.02B,100.00%,$7.02B,$1.00B,14.28%,$7.02B,$2.01B,28.55%,$7.02B,$3.34B,47.50%,$7.02B,$1.00B,14.28%,$7.02B,$1.36B,19.32%,$1.36B,$7.05B,20.78%,$1.36B,$6.94B,21.12%,$1.36B,$41.17B,3.41%,$1.00B,$7.05B,15.36%,$1808,$0,$1808,$0,$119,$1359,$449,$0,$449,$114,$335,$335,$335,$1062,$723,$361,362,$0.93,$0.92,$2445,$0,$0,$28075,$11794,$0,$106,$1098,$13098,$41173,$32444,$0,$604,$1683,$34127,$4,$5286,$62,$7046,$41173,$577,$684,$2010,$2694,$12,$0,$0,$123,$142,$3413,$-2809,$0,$0,$0,$-7841,$-7841,$5876,$-4774,$-973,$1728,$754,$6,$6,$-36,$0,$724,$-637,$6,$-36
2,2018-03-31,16.1,$18.63,0.86,$19.43,0.83,$5.32,3.02,$3.57,4.51,$27.98B,$31.77B,0.88,$0.00B,$6.73B,0.0,$7.01B,$7.01B,100.00%,$7.01B,$0.90B,12.87%,$7.01B,$1.86B,26.59%,$7.01B,$3.12B,44.50%,$7.01B,$0.90B,12.87%,$7.01B,$1.29B,18.37%,$1.29B,$6.73B,20.79%,$1.29B,$6.62B,21.15%,$1.29B,$40.05B,3.26%,$0.90B,$6.73B,14.57%,$1737,$0,$1737,$0,$122,$1438,$300,$0,$300,$57,$242,$242,$242,$885,$541,$361,362,$0.67,$0.67,$3514,$0,$0,$27983,$10679,$0,$105,$1179,$12062,$40045,$31774,$0,$579,$1545,$33319,$4,$4969,$63,$6726,$40045,$242,$345,$1144,$1489,$12,$0,$0,$95,$104,$1835,$-1162,$0,$0,$0,$-3251,$-3251,$2885,$-1528,$141,$0,$141,$2,$2,$-18,$0,$126,$433,$4,$-18
3,2017-12-31,18.33,$17.93,1.02,$19.52,0.94,$4.78,3.84,$3.30,5.55,$28.03B,$31.63B,0.89,$0.00B,$6.47B,0.0,$7.03B,$7.03B,100.00%,$7.03B,$0.82B,11.70%,$7.03B,$1.77B,25.18%,$7.03B,$2.93B,41.65%,$7.03B,$0.82B,11.70%,$7.03B,$1.19B,16.89%,$1.19B,$6.47B,20.27%,$1.19B,$6.36B,20.64%,$1.19B,$39.40B,3.03%,$0.82B,$6.47B,14.04%,$1684,$0,$1684,$0,$183,$1706,$-22,$0,$-22,$-603,$581,$581,$581,$551,$214,$360,360,$1.61,$1.61,$3082,$0,$0,$28028,$10230,$0,$104,$947,$11375,$39403,$31628,$0,$416,$1309,$32937,$4,$4736,$44,$6466,$39403,$1188,$1158,$1420,$2578,$-16,$0,$0,$15,$1,$3767,$-3749,$0,$0,$0,$-10836,$-10836,$11377,$-3208,$-195,$0,$-195,$15,$15,$-11,$0,$-191,$368,$18,$-11
4,2017-09-30,15.1,$16.36,0.92,$19.71,0.77,$5.85,2.58,$1.86,8.12,$27.73B,$30.97B,0.9,$0.00B,$5.89B,0.0,$7.10B,$7.10B,100.00%,$7.10B,$0.94B,13.18%,$7.10B,$1.86B,26.27%,$7.10B,$2.92B,41.11%,$7.10B,$0.94B,13.18%,$7.10B,$0.67B,9.41%,$0.67B,$5.89B,12.02%,$0.67B,$5.78B,12.26%,$0.67B,$38.77B,1.71%,$0.94B,$5.89B,16.83%,$1794,$0,$1794,$0,$134,$1518,$276,$0,$276,$78,$199,$199,$199,$838,$527,$360,360,$0.55,$0.55,$2957,$0,$0,$27730,$10004,$0,$106,$813,$11035,$38766,$30969,$0,$396,$1912,$32880,$4,$4182,$27,$5885,$38766,$595,$820,$2376,$3196,$-6,$0,$0,$-75,$-81,$3710,$-2925,$0,$0,$0,$-8484,$-8484,$8482,$-2927,$-749,$0,$-749,$5,$5,$0,$0,$-744,$39,$12,$0
5,2017-06-30,12.54,$15.79,0.79,$19.65,0.64,$1.37,9.17,$1.90,6.6,$29.19B,$32.02B,0.91,$0.00B,$5.68B,0.0,$7.07B,$7.07B,100.00%,$7.07B,$0.96B,13.62%,$7.07B,$1.85B,26.13%,$7.07B,$2.78B,39.25%,$7.07B,$0.96B,13.62%,$7.07B,$0.68B,9.66%,$0.68B,$5.68B,12.73%,$0.68B,$5.57B,12.99%,$0.68B,$39.51B,1.75%,$0.96B,$5.68B,17.95%,$1791,$0,$1791,$0,$128,$1443,$348,$0,$348,$83,$265,$265,$265,$844,$581,$359,360,$0.74,$0.74,$3098,$0,$0,$29187,$9357,$0,$106,$759,$10320,$39507,$32017,$0,$392,$1812,$33829,$4,$3982,$28,$5679,$39507,$408,$509,$1340,$1849,$-9,$0,$0,$-30,$-42,$2216,$-1771,$0,$0,$0,$-6302,$-6302,$5720,$-2353,$-1815,$2129,$313,$4,$4,$0,$0,$318,$181,$4,$0
6,2017-03-31,13.09,$15.08,0.87,$19.63,0.67,$-3.53,0.0,$1.95,6.71,$28.98B,$31.93B,0.91,$0.00B,$5.42B,0.0,$7.07B,$7.07B,100.00%,$7.07B,$1.05B,14.90%,$7.07B,$1.90B,26.94%,$7.07B,$2.74B,38.71%,$7.07B,$1.05B,14.90%,$7.07B,$0.70B,9.92%,$0.70B,$5.42B,13.58%,$0.70B,$5.31B,13.86%,$0.70B,$39.06B,1.81%,$1.05B,$5.42B,20.39%,$1763,$0,$1763,$0,$136,$1542,$221,$0,$221,$78,$143,$143,$143,$696,$449,$359,361,$0.40,$0.40,$3368,$0,$0,$28975,$8995,$0,$106,$891,$10087,$39062,$31928,$0,$373,$1715,$33643,$4,$3718,$36,$5419,$39062,$143,$247,$948,$1195,$-8,$0,$0,$133,$125,$1464,$-990,$0,$0,$0,$-3089,$-3089,$2913,$-1165,$148,$0,$148,$4,$4,$0,$0,$151,$450,$2,$0
7,2016-12-31,13.27,$14.60,0.91,$19.66,0.67,$-6.76,0.0,$2.11,6.29,$28.90B,$31.74B,0.91,$0.00B,$5.24B,0.0,$7.07B,$7.07B,100.00%,$7.07B,$1.16B,16.42%,$7.07B,$1.97B,27.84%,$7.07B,$2.71B,38.29%,$7.07B,$1.16B,16.42%,$7.07B,$0.77B,10.84%,$0.77B,$5.24B,15.44%,$0.77B,$5.13B,15.79%,$0.77B,$38.54B,2.00%,$1.16B,$5.24B,23.41%,$1748,$0,$1748,$0,$127,$1657,$90,$0,$90,$29,$61,$61,$61,$539,$307,$358,359,$0.17,$0.17,$2917,$0,$0,$28896,$8632,$0,$107,$817,$9643,$38539,$31736,$0,$286,$1564,$33300,$4,$3549,$28,$5239,$38539,$766,$739,$2871,$3610,$5,$0,$0,$82,$96,$4473,$-4070,$0,$0,$0,$-12171,$-12171,$10973,$-5268,$928,$0,$928,$8,$8,$0,$0,$936,$141,$10,$0
8,2016-09-30,11.95,$14.28,0.84,$19.54,0.61,$-5.99,0.0,$2.13,5.61,$29.40B,$32.18B,0.91,$0.00B,$5.12B,0.0,$7.01B,$7.01B,100.00%,$7.01B,$1.05B,14.96%,$7.01B,$1.80B,25.62%,$7.01B,$2.42B,34.56%,$7.01B,$1.05B,14.96%,$7.01B,$0.69B,9.77%,$0.69B,$5.12B,14.40%,$0.69B,$5.01B,14.73%,$0.69B,$38.77B,1.81%,$1.05B,$5.12B,22.05%,$1771,$0,$1771,$0,$128,$1467,$304,$0,$304,$90,$214,$214,$214,$697,$511,$358,360,$0.60,$0.59,$2772,$0,$0,$29401,$8530,$0,$107,$633,$9371,$38772,$32184,$0,$243,$1470,$33654,$4,$3488,$-27,$5118,$38772,$705,$507,$1405,$1911,$7,$0,$0,$46,$59,$2676,$-3506,$0,$0,$0,$-9010,$-9010,$8490,$-4027,$1405,$0,$1405,$3,$3,$0,$0,$1408,$57,$7,$0
9,2016-06-30,10.15,$13.61,0.75,$19.34,0.52,$-2.97,0.0,$2.16,4.7,$29.51B,$32.21B,0.92,$0.00B,$4.88B,0.0,$6.94B,$6.94B,100.00%,$6.94B,$1.12B,16.12%,$6.94B,$1.83B,26.39%,$6.94B,$2.37B,34.23%,$6.94B,$1.12B,16.12%,$6.94B,$0.71B,10.19%,$0.71B,$4.88B,15.40%,$0.71B,$4.77B,15.77%,$0.71B,$38.49B,1.90%,$1.12B,$4.88B,24.35%,$1783,$0,$1783,$0,$123,$1345,$438,$0,$438,$154,$283,$283,$283,$803,$636,$358,360,$0.79,$0.79,$2791,$0,$0,$29511,$8127,$0,$108,$672,$8980,$38491,$32207,$0,$300,$1407,$33614,$4,$3274,$-51,$4877,$38491,$492,$321,$470,$791,$5,$0,$0,$21,$33,$1316,$-2634,$0,$0,$0,$-5667,$-5667,$5583,$-2718,$1459,$0,$1459,$3,$3,$0,$0,$1461,$59,$4,$0
10,2016-03-31,10.31,$12.86,0.8,$19.01,0.54,$2.72,3.79,$2.16,4.77,$29.33B,$31.91B,0.92,$0.00B,$4.61B,0.0,$6.81B,$6.81B,100.00%,$6.81B,$1.25B,18.40%,$6.81B,$1.92B,28.16%,$6.81B,$2.39B,35.06%,$6.81B,$1.25B,18.40%,$6.81B,$0.79B,11.58%,$0.79B,$4.61B,17.79%,$0.79B,$4.50B,18.24%,$0.79B,$37.77B,2.16%,$1.25B,$4.61B,28.26%,$1767,$0,$1767,$0,$120,$1438,$329,$0,$329,$121,$208,$208,$208,$668,$514,$358,359,$0.58,$0.58,$2678,$0,$0,$29333,$7339,$0,$108,$729,$8436,$37769,$31906,$0,$287,$1259,$33164,$4,$2991,$-36,$4605,$37769,$208,$155,$365,$520,$3,$0,$0,$-77,$-71,$657,$-1343,$0,$0,$0,$-343,$-343,$-77,$-1764,$1602,$-474,$1129,$1,$1,$0,$0,$1130,$23,$2,$0
11,2015-12-31,15.58,$12.38,1.26,$18.46,0.84,$6.54,2.38,$2.41,6.46,$28.88B,$30.81B,0.94,$0.00B,$4.43B,0.0,$6.61B,$6.61B,100.00%,$6.61B,$1.29B,19.52%,$6.61B,$1.92B,29.04%,$6.61B,$2.38B,35.99%,$6.61B,$1.29B,19.52%,$6.61B,$0.82B,12.46%,$0.82B,$4.43B,19.48%,$0.82B,$4.33B,20.00%,$0.82B,$36.45B,2.30%,$1.29B,$4.43B,30.50%,$1692,$0,$1692,$0,$108,$1713,$-22,$0,$-22,$-2,$-20,$-20,$-20,$256,$136,$355,356,$-0.06,$-0.05,$2255,$0,$0,$28878,$6555,$0,$107,$641,$7571,$36449,$30811,$0,$324,$1205,$32016,$4,$2783,$2,$4433,$36449,$824,$459,$2399,$2858,$-9,$0,$0,$232,$227,$3910,$-3236,$0,$0,$0,$-15161,$-15161,$10682,$-7715,$3704,$0,$3704,$87,$87,$0,$0,$3791,$-14,$11,$0
12,2015-09-30,20.07,$12.44,1.61,$17.81,1.13,$4.25,4.72,$2.91,6.9,$28.91B,$30.61B,0.94,$0.00B,$4.45B,0.0,$6.37B,$6.37B,100.00%,$6.37B,$1.54B,24.13%,$6.37B,$2.15B,33.75%,$6.37B,$2.59B,40.72%,$6.37B,$1.54B,24.13%,$6.37B,$1.00B,15.64%,$1.00B,$4.45B,24.91%,$1.00B,$4.34B,25.62%,$1.00B,$36.04B,2.86%,$1.54B,$4.45B,38.43%,$1693,$0,$1693,$0,$114,$1320,$373,$0,$373,$137,$236,$236,$236,$647,$544,$358,359,$0.66,$0.66,$2322,$0,$0,$28905,$6113,$0,$111,$650,$7130,$36036,$30605,$0,$273,$979,$31584,$4,$2802,$-24,$4452,$36036,$844,$339,$1280,$1619,$-9,$0,$0,$229,$221,$2684,$-2429,$0,$0,$0,$-11943,$-11943,$8087,$-6285,$11903,$-8344,$3559,$86,$86,$0,$26,$3672,$71,$11,$0
13,2015-06-30,25.13,$11.87,2.12,$17.13,1.47,$2.06,12.21,$2.83,8.88,$29.88B,$31.03B,0.96,$0.00B,$4.25B,0.0,$6.12B,$6.12B,100.00%,$6.12B,$1.44B,23.58%,$6.12B,$2.01B,32.92%,$6.12B,$2.39B,39.12%,$6.12B,$1.44B,23.58%,$6.12B,$0.94B,15.36%,$0.94B,$4.25B,25.30%,$0.94B,$4.14B,26.11%,$0.94B,$36.08B,2.81%,$1.44B,$4.25B,38.85%,$1659,$0,$1659,$0,$111,$1086,$573,$0,$573,$208,$365,$365,$365,$817,$724,$355,359,$1.03,$1.02,$3115,$0,$0,$29876,$5224,$0,$111,$626,$6204,$36080,$31031,$0,$245,$803,$31834,$4,$2566,$-6,$4246,$36080,$607,$236,$671,$908,$-8,$0,$0,$328,$324,$1839,$-1111,$0,$0,$0,$-2931,$-2931,$-678,$-4720,$180,$2611,$2791,$86,$86,$0,$0,$2877,$-4,$7,$0
14,2015-03-31,22.74,$10.78,2.11,$16.42,1.39,$-0.60,0.0,$2.73,8.33,$28.66B,$30.10B,0.95,$0.00B,$3.77B,0.0,$5.85B,$5.85B,100.00%,$5.85B,$1.26B,21.60%,$5.85B,$1.81B,30.97%,$5.85B,$2.13B,36.34%,$5.85B,$1.26B,21.60%,$5.85B,$0.83B,14.19%,$0.83B,$3.77B,24.23%,$0.83B,$3.66B,25.10%,$0.83B,$34.58B,2.61%,$1.26B,$3.77B,36.87%,$1561,$0,$1561,$0,$101,$1195,$365,$0,$365,$123,$242,$242,$242,$657,$514,$349,357,$0.69,$0.68,$2714,$0,$0,$28658,$5070,$0,$111,$600,$5924,$34581,$30100,$0,$249,$710,$30810,$4,$2201,$-9,$3772,$34581,$242,$143,$456,$599,$-4,$0,$0,$396,$394,$1236,$-553,$0,$0,$0,$-2047,$-2047,$-549,$-3148,$1621,$276,$1898,$9,$9,$0,$0,$1907,$-6,$4,$0
15,2014-12-31,19.27,$10.10,1.91,$15.73,1.23,$-3.53,0.0,$2.15,8.96,$26.28B,$28.15B,0.93,$0.00B,$3.53B,0.0,$5.60B,$5.60B,100.00%,$5.60B,$1.12B,20.02%,$5.60B,$1.65B,29.38%,$5.60B,$1.80B,32.13%,$5.60B,$1.12B,20.02%,$5.60B,$0.73B,12.95%,$0.73B,$3.53B,22.59%,$0.73B,$3.42B,23.49%,$0.73B,$32.37B,2.39%,$1.12B,$3.53B,34.92%,$1457,$0,$1457,$0,$98,$1231,$226,$0,$226,$73,$153,$153,$153,$473,$368,$349,356,$0.45,$0.43,$1954,$0,$0,$26277,$4890,$0,$111,$568,$6091,$32369,$28153,$0,$226,$689,$28843,$3,$1959,$4,$3526,$32369,$725,$155,$3257,$3412,$-10,$0,$0,$-235,$-243,$3895,$-4036,$0,$0,$0,$-14119,$-14119,$9815,$-8339,$4502,$0,$4502,$18,$18,$-52,$0,$4467,$23,$126,$-52
