,Date,Stock Price,Book Value per Share,Price to Book Ratio,TTM Sales per Share,Price to Sales Ratio,TTM FCF per Share,Price to FCF Ratio,TTM Net EPS,PE Ratio,Current Assets,Current Liabilities,Current Ratio,Long Term Debt,Shareholder's Equity_x,Debt to Equity Ratio,TTM Revenue_x,TTM Gross Profit,Gross Margin,TTM Revenue_y,TTM Operating Income,Operating Margin,TTM Revenue_x,TTM EBIT,EBIT Margin,TTM Revenue_y,TTM EBITDA,EBITDA Margin,TTM Revenue_x,TTM Pre-Tax Income,Pre-Tax Margin,TTM Revenue_y,TTM Net Income_x,Net Margin,TTM Net Income_y,Shareholder's Equity_y,Return on Equity,TTM Net Income_x,Tangible Equity,Return on Tangible Equity,TTM Net Income_y,Total Assets,Return on Assets,TTM Net Income,LT Investments & Debt,Return on Investment,revenue,cost-goods-sold,gross-profit,research-development-expenses,selling-general-administrative-expenses,operating-expenses,operating-income,total-non-operating-income-expense,pre-tax-income,total-provision-income-taxes,income-after-taxes,income-from-continuous-operations,net-income,ebitda,ebit,basic-shares-outstanding,shares-outstanding,eps-basic-net-earnings-per-share,eps-earnings-per-share-diluted,cash-on-hand,inventory,other-current-assets,total-current-assets,net-property-plant-equipment,long-term-investments,goodwill-intangible-assets-total,other-long-term-assets,total-long-term-assets,total-assets,total-current-liabilities,long-term-debt,other-non-current-liabilities,total-long-term-liabilities,total-liabilities,common-stock-net,retained-earnings-accumulated-deficit,comprehensive-income,total-share-holder-equity,total-liabilities-share-holders-equity,net-income-loss,total-depreciation-amortization-cash-flow,other-non-cash-items,total-non-cash-items,change-in-accounts-receivable,change-in-inventories,change-in-accounts-payable,change-in-assets-liabilities,total-change-in-assets-liabilities,cash-flow-from-operating-activities,net-change-in-property-plant-equipment,net-change-in-intangible-assets,net-acquisitions-divestitures,net-change-in-short-term-investments,net-change-in-long-term-investments,net-change-in-investments-total,investing-activities-other,cash-flow-from-investing-activities,net-long-term-debt,net-current-debt,debt-issuance-retirement-net-total,net-common-equity-issued-repurchased,net-total-equity-issued-repurchased,total-common-preferred-stock-dividends-paid,financial-activities-other,cash-flow-from-financial-activities,net-cash-flow,stock-based-compensation,common-stock-dividends-paid
0,2018-09-30,43.14,$8.58,5.03,$9.40,4.59,$3.58,12.03,$1.62,26.63,$3.27B,$1.21B,2.71,$5.96B,$6.63B,0.9,$7.27B,$3.89B,53.56%,$7.27B,$3.09B,42.50%,$7.27B,$3.09B,42.50%,$7.27B,$3.76B,51.73%,$7.27B,$2.79B,38.41%,$7.27B,$0.96B,13.25%,$0.96B,$6.63B,14.97%,$0.96B,$6.48B,15.33%,$0.96B,$14.32B,6.86%,$3.09B,$12.59B,24.92%,$1724,$824,$900,$6,$26,$1027,$697,$-72,$624,$258,$366,$371,$369,$867,$697,$773,773,$0.48,$0.48,$1204,$1008,$31,$3273,$9312,$104,$151,$153,$11044,$14317,$1208,$5959,$481,$6478,$7686,$9,$6203,$1,$6631,$14317,$1254,$495,$5,$500,$112,$-131,$0,$-27,$35,$1789,$-832,$0,$0,$-186,$0,$-186,$-12,$-1030,$0,$0,$0,$0,$0,$-773,$-1,$-774,$-38,$0,$-773
1,2018-06-30,46.47,$8.50,5.47,$9.34,4.98,$3.08,15.07,$1.66,27.99,$3.17B,$1.01B,3.15,$5.96B,$6.57B,0.91,$7.22B,$3.89B,53.84%,$7.22B,$3.08B,42.72%,$7.22B,$3.08B,42.72%,$7.22B,$3.75B,52.00%,$7.22B,$2.78B,38.56%,$7.22B,$1.00B,13.80%,$1.00B,$6.57B,15.48%,$1.00B,$6.42B,15.85%,$1.00B,$14.05B,7.13%,$3.08B,$12.53B,24.89%,$1837,$852,$986,$9,$26,$1050,$788,$-69,$719,$309,$410,$411,$410,$950,$788,$773,773,$0.53,$0.53,$1083,$1004,$30,$3170,$9173,$100,$152,$167,$10876,$14046,$1006,$5959,$475,$6471,$7477,$9,$6143,$1,$6569,$14046,$883,$325,$3,$327,$78,$-88,$0,$-49,$-154,$1056,$-550,$0,$0,$-0,$0,$-0,$-12,$-562,$0,$0,$0,$0,$0,$-464,$-1,$-465,$28,$0,$-464
2,2018-03-31,53.4,$8.27,6.46,$8.94,5.97,$2.88,18.56,$1.52,35.13,$3.32B,$1.18B,2.81,$5.96B,$6.39B,0.93,$6.91B,$3.63B,52.47%,$6.91B,$2.82B,40.83%,$6.91B,$2.82B,40.83%,$6.91B,$3.50B,50.65%,$6.91B,$2.52B,36.49%,$6.91B,$0.89B,12.82%,$0.89B,$6.39B,13.90%,$0.89B,$6.24B,14.23%,$0.89B,$14.04B,6.41%,$2.82B,$12.35B,22.88%,$1841,$877,$965,$5,$24,$1068,$773,$-69,$704,$237,$468,$472,$471,$935,$773,$773,773,$0.61,$0.61,$1125,$1050,$18,$3317,$9119,$100,$153,$134,$10721,$14038,$1180,$5958,$473,$6469,$7649,$9,$5965,$1,$6389,$14038,$472,$162,$1,$163,$17,$-59,$0,$-26,$15,$650,$-295,$0,$0,$-6,$0,$-6,$0,$-301,$0,$0,$0,$0,$0,$-232,$-1,$-233,$63,$0,$-232
3,2017-12-31,46.47,$7.95,5.84,$8.61,5.4,$2.73,16.99,$1.32,35.2,$3.17B,$1.17B,2.71,$5.96B,$6.15B,0.97,$6.66B,$3.40B,51.12%,$6.66B,$2.62B,39.35%,$6.66B,$2.62B,39.35%,$6.66B,$3.29B,49.44%,$6.66B,$2.30B,34.61%,$6.66B,$0.73B,10.95%,$0.73B,$6.15B,11.56%,$0.73B,$6.00B,11.84%,$0.73B,$13.78B,5.32%,$2.62B,$12.11B,21.35%,$1864,$823,$1042,$10,$25,$1034,$830,$-87,$744,$1037,$-293,$-286,$-287,$1007,$830,$773,773,$-0.38,$-0.38,$1055,$1042,$11,$3170,$9100,$100,$153,$116,$10610,$13780,$1168,$5957,$467,$6462,$7631,$9,$5726,$1,$6149,$13780,$732,$671,$663,$1334,$-299,$-202,$0,$271,$-90,$1977,$-1024,$0,$0,$1,$0,$1,$4,$-1019,$0,$0,$0,$0,$0,$-456,$0,$-456,$459,$0,$-456
4,2017-09-30,38.72,$8.58,4.51,$8.01,4.84,$1.25,31.0,$1.54,25.14,$2.95B,$0.98B,3.01,$5.96B,$6.63B,0.9,$6.19B,$3.04B,49.03%,$6.19B,$2.26B,36.49%,$6.19B,$2.26B,36.49%,$6.19B,$2.93B,47.27%,$6.19B,$1.92B,31.03%,$6.19B,$1.19B,19.19%,$1.19B,$6.63B,19.04%,$1.19B,$6.48B,19.51%,$1.19B,$13.98B,8.76%,$2.26B,$12.59B,18.52%,$1677,$782,$895,$8,$25,$984,$693,$-76,$617,$220,$397,$403,$402,$862,$693,$773,773,$0.52,$0.52,$829,$997,$27,$2952,$8928,$96,$147,$145,$11030,$13982,$980,$5956,$261,$6373,$7352,$9,$6211,$-2,$6630,$13982,$1019,$494,$-8,$486,$-238,$-121,$0,$144,$-224,$1280,$-710,$0,$0,$21,$0,$21,$1,$-689,$0,$0,$0,$0,$0,$-263,$0,$-263,$253,$0,$-263
5,2017-06-30,33.6,$8.19,4.1,$7.65,4.39,$0.25,133.87,$1.28,26.25,$2.65B,$0.80B,3.3,$5.96B,$6.33B,0.94,$5.91B,$2.71B,45.81%,$5.91B,$1.93B,32.60%,$5.91B,$1.93B,32.60%,$5.91B,$2.60B,43.98%,$5.91B,$1.61B,27.14%,$5.91B,$0.98B,16.64%,$0.98B,$6.33B,16.36%,$0.98B,$6.19B,16.78%,$0.98B,$13.52B,7.38%,$1.93B,$12.29B,16.11%,$1530,$805,$725,$6,$22,$1004,$526,$-69,$457,$160,$297,$301,$300,$697,$526,$773,773,$0.39,$0.39,$729,$975,$42,$2645,$8838,$92,$147,$145,$10871,$13515,$801,$5956,$262,$6382,$7183,$9,$5914,$-2,$6332,$13515,$616,$325,$16,$340,$-28,$-48,$0,$88,$-112,$844,$-498,$0,$0,$11,$0,$11,$1,$-485,$0,$0,$0,$0,$0,$-155,$0,$-154,$143,$0,$-155
6,2017-03-31,34.7,$7.92,4.38,$7.39,4.69,$-0.50,0.0,$1.18,29.41,$2.77B,$0.99B,2.8,$5.96B,$6.12B,0.97,$5.72B,$2.57B,44.90%,$5.72B,$1.79B,31.25%,$5.72B,$1.79B,31.25%,$5.72B,$2.45B,42.91%,$5.72B,$1.47B,25.69%,$5.72B,$0.91B,15.84%,$0.91B,$6.12B,15.54%,$0.91B,$5.97B,15.96%,$0.91B,$13.52B,6.89%,$1.79B,$12.08B,15.16%,$1584,$844,$740,$5,$21,$1014,$570,$-85,$485,$176,$309,$315,$314,$724,$570,$773,773,$0.41,$0.41,$751,$980,$46,$2774,$8756,$90,$156,$128,$10749,$13523,$990,$5955,$260,$6410,$7399,$9,$5708,$-2,$6124,$13523,$315,$153,$18,$171,$-78,$-11,$0,$20,$3,$490,$-245,$0,$0,$-1,$0,$-1,$0,$-247,$0,$0,$0,$0,$0,$-62,$0,$-62,$153,$0,$-62
7,2016-12-31,30.82,$7.59,4.06,$6.95,4.43,$-1.02,0.0,$1.01,30.51,$2.57B,$1.00B,2.57,$5.95B,$5.87B,1.01,$5.38B,$2.35B,43.61%,$5.38B,$1.56B,29.05%,$5.38B,$1.56B,29.05%,$5.38B,$2.21B,41.12%,$5.38B,$1.26B,23.36%,$5.38B,$0.78B,14.44%,$0.78B,$5.87B,13.75%,$0.78B,$5.72B,14.13%,$0.78B,$13.23B,5.99%,$1.56B,$11.83B,13.47%,$1399,$724,$675,$10,$22,$928,$471,$-109,$362,$196,$166,$172,$172,$643,$471,$774,774,$0.21,$0.21,$601,$1010,$37,$2566,$8767,$88,$154,$126,$10668,$13234,$999,$5954,$248,$6364,$7363,$9,$5455,$-2,$5871,$13234,$779,$647,$-109,$538,$-143,$-208,$0,$-73,$-394,$923,$-1119,$0,$0,$552,$0,$552,$114,$-452,$0,$0,$0,$-72,$-72,$-139,$0,$-211,$272,$0,$-139
8,2016-09-30,25.33,$7.42,3.41,$6.72,3.77,$-1.11,0.0,$0.87,29.12,$2.55B,$0.94B,2.73,$5.95B,$5.74B,1.04,$5.24B,$2.06B,39.25%,$5.24B,$1.28B,24.45%,$5.24B,$1.28B,24.45%,$5.24B,$1.89B,36.15%,$5.24B,$1.00B,19.16%,$5.24B,$0.67B,12.72%,$0.67B,$5.74B,12.09%,$0.67B,$5.58B,12.44%,$0.67B,$13.06B,5.20%,$1.28B,$11.69B,11.17%,$1401,$831,$569,$10,$23,$1038,$362,$-62,$301,$111,$190,$198,$198,$537,$362,$774,774,$0.26,$0.26,$616,$973,$48,$2550,$8581,$84,$153,$142,$10513,$13063,$935,$5954,$244,$6393,$7329,$9,$5316,$1,$5735,$13063,$607,$474,$-124,$351,$-115,$-150,$0,$-110,$-321,$636,$-838,$0,$0,$503,$0,$503,$111,$-224,$0,$0,$0,$-72,$-72,$-101,$0,$-172,$237,$0,$-101
9,2016-06-30,25.94,$7.23,3.59,$6.34,4.09,$-0.88,0.0,$0.73,35.53,$2.35B,$0.80B,2.95,$5.95B,$5.59B,1.06,$4.97B,$1.95B,39.22%,$4.97B,$1.21B,24.25%,$4.97B,$1.21B,24.25%,$4.97B,$1.77B,35.70%,$4.97B,$0.92B,18.58%,$4.97B,$0.57B,11.39%,$0.57B,$5.59B,10.36%,$0.57B,$5.44B,10.69%,$0.57B,$12.79B,4.43%,$1.21B,$11.55B,10.56%,$1335,$752,$584,$10,$24,$950,$385,$-64,$321,$102,$219,$223,$222,$550,$385,$774,774,$0.29,$0.29,$555,$979,$39,$2352,$8498,$78,$155,$160,$10435,$12787,$799,$5953,$239,$6396,$7195,$9,$5157,$1,$5593,$12787,$408,$300,$-64,$236,$-29,$-146,$0,$-55,$-329,$329,$-564,$0,$0,$505,$0,$505,$36,$-22,$0,$0,$0,$-54,$-54,$-62,$0,$-115,$178,$0,$-62
10,2016-03-31,26.59,$6.99,3.8,$6.35,4.19,$-0.54,0.0,$0.81,32.83,$2.46B,$0.98B,2.5,$5.95B,$5.41B,1.1,$5.02B,$2.04B,40.68%,$5.02B,$1.32B,26.37%,$5.02B,$1.32B,26.37%,$5.02B,$1.85B,36.91%,$5.02B,$1.05B,20.97%,$5.02B,$0.64B,12.74%,$0.64B,$5.41B,11.57%,$0.64B,$5.25B,11.91%,$0.64B,$12.81B,4.95%,$1.32B,$11.36B,11.53%,$1245,$727,$518,$11,$26,$899,$346,$-73,$273,$92,$181,$186,$185,$482,$346,$774,774,$0.24,$0.24,$663,$931,$44,$2459,$8401,$78,$155,$162,$10349,$12808,$983,$5952,$236,$6417,$7400,$9,$4974,$1,$5408,$12808,$186,$135,$-18,$117,$-72,$-92,$0,$-95,$-239,$64,$-223,$0,$0,$321,$0,$321,$0,$98,$0,$0,$0,$-54,$-54,$-23,$0,$-77,$102,$0,$-23
11,2015-12-31,25.04,$6.83,3.67,$6.32,3.96,$-0.37,0.0,$0.92,27.21,$2.48B,$0.92B,2.7,$5.95B,$5.30B,1.12,$5.05B,$2.12B,41.97%,$5.05B,$1.41B,28.02%,$5.05B,$1.41B,28.02%,$5.05B,$1.92B,38.12%,$5.05B,$1.19B,23.56%,$5.05B,$0.74B,14.58%,$0.74B,$5.30B,13.16%,$0.74B,$5.14B,13.52%,$0.74B,$12.59B,5.88%,$1.41B,$11.25B,12.79%,$1255,$870,$385,$13,$26,$1067,$188,$-80,$108,$53,$55,$62,$61,$324,$188,$795,795,$0.09,$0.09,$882,$857,$28,$2484,$8263,$76,$155,$137,$10109,$12593,$920,$5952,$226,$6374,$7294,$9,$4812,$1,$5299,$12593,$741,$511,$-162,$349,$92,$-260,$0,$-12,$-210,$880,$-1150,$0,$-100,$-265,$0,$-265,$54,$-1461,$1780,$0,$1780,$-1004,$-1004,$-271,$-12,$492,$-90,$0,$-271
12,2015-09-30,25.57,$7.07,3.62,$6.52,3.92,$-0.24,0.0,$1.27,20.14,$3.01B,$0.87B,3.48,$5.95B,$5.55B,1.07,$5.26B,$2.46B,46.80%,$5.26B,$1.75B,33.29%,$5.26B,$1.75B,33.29%,$5.26B,$2.23B,42.37%,$5.26B,$1.57B,29.89%,$5.26B,$1.02B,19.44%,$1.02B,$5.55B,17.87%,$1.02B,$5.35B,18.32%,$1.02B,$12.87B,8.38%,$1.75B,$11.50B,16.38%,$1134,$671,$463,$14,$24,$847,$287,$-66,$221,$125,$95,$99,$98,$418,$287,$793,793,$0.12,$0.12,$1392,$805,$199,$3011,$7873,$71,$203,$217,$9854,$12865,$866,$5951,$159,$6448,$7313,$9,$4783,$5,$5552,$12865,$679,$374,$-80,$294,$120,$-182,$0,$6,$-156,$817,$-843,$0,$0,$-544,$0,$-544,$-100,$-1487,$1780,$0,$1780,$-724,$-724,$-240,$-12,$804,$141,$0,$-240
13,2015-06-30,28.05,$7.33,3.83,$6.87,4.08,$-0.19,0.0,$1.54,18.21,$3.86B,$1.02B,3.8,$5.95B,$5.84B,1.02,$5.60B,$2.75B,48.98%,$5.60B,$2.01B,35.90%,$5.60B,$2.01B,35.90%,$5.60B,$2.47B,44.13%,$5.60B,$1.85B,32.96%,$5.60B,$1.25B,22.29%,$1.25B,$5.84B,21.51%,$1.25B,$5.72B,21.95%,$1.25B,$13.35B,10.51%,$2.01B,$11.79B,19.55%,$1383,$707,$676,$12,$25,$880,$503,$-53,$450,$157,$293,$296,$295,$628,$503,$798,798,$0.37,$0.37,$2153,$826,$173,$3863,$7692,$69,$125,$202,$9485,$13349,$1016,$5952,$155,$6491,$7507,$9,$4764,$5,$5842,$13349,$580,$242,$-86,$156,$59,$-108,$0,$-17,$-179,$555,$-527,$0,$0,$-235,$0,$-235,$0,$-762,$1980,$0,$1980,$-415,$-415,$-160,$-10,$1395,$1208,$0,$-160
14,2015-03-31,27.74,$7.10,3.9,$6.92,4.01,$-0.24,0.0,$1.57,17.67,$2.00B,$1.05B,1.91,$4.01B,$5.67B,0.71,$5.71B,$2.83B,49.58%,$5.71B,$2.11B,36.90%,$5.71B,$2.11B,36.90%,$5.71B,$2.56B,44.81%,$5.71B,$1.96B,34.25%,$5.71B,$1.29B,22.62%,$1.29B,$5.67B,22.10%,$1.29B,$5.56B,22.54%,$1.29B,$11.25B,11.30%,$2.11B,$9.68B,21.40%,$1275,$680,$595,$10,$25,$838,$437,$-27,$410,$129,$281,$284,$282,$554,$437,$805,805,$0.35,$0.35,$285,$843,$176,$2002,$7546,$67,$110,$235,$9246,$11248,$1048,$4006,$153,$4530,$5578,$9,$4549,$5,$5670,$11248,$284,$117,$-37,$80,$39,$-55,$0,$29,$-139,$224,$-249,$0,$0,$255,$0,$255,$0,$6,$50,$0,$50,$-370,$-370,$-81,$-0,$-401,$-172,$0,$-81
15,2014-12-31,26.72,$7.18,3.72,$6.96,3.84,$-0.19,0.0,$1.61,16.6,$2.36B,$1.14B,2.07,$3.98B,$5.84B,0.68,$5.79B,$2.95B,50.92%,$5.79B,$2.23B,38.57%,$5.79B,$2.23B,38.57%,$5.79B,$2.68B,46.26%,$5.79B,$2.07B,35.74%,$5.79B,$1.33B,23.02%,$1.33B,$5.84B,22.74%,$1.33B,$5.71B,23.19%,$1.33B,$11.39B,11.66%,$2.23B,$9.82B,22.53%,$1471,$743,$729,$17,$27,$946,$525,$-33,$492,$149,$343,$349,$348,$630,$525,$828,828,$0.43,$0.43,$722,$836,$34,$2359,$7436,$67,$124,$194,$9035,$11394,$1138,$3981,$173,$4420,$5557,$9,$4347,$5,$5837,$11394,$1338,$445,$-295,$150,$-7,$-260,$0,$26,$-132,$1356,$-1530,$0,$0,$-130,$0,$-130,$5,$-1655,$0,$0,$0,$-683,$-683,$-381,$-1,$-1065,$-1309,$0,$-381
16,2014-09-30,27.98,$7.19,3.89,$7.01,3.99,$0.20,137.89,$1.66,16.85,$2.96B,$1.22B,2.41,$4.01B,$5.88B,0.68,$5.85B,$2.98B,50.91%,$5.85B,$2.32B,39.57%,$5.85B,$2.32B,39.57%,$5.85B,$2.77B,47.27%,$5.85B,$2.14B,36.61%,$5.85B,$1.39B,23.76%,$1.39B,$5.88B,24.01%,$1.39B,$5.77B,24.48%,$1.39B,$11.54B,12.27%,$2.32B,$9.89B,23.40%,$1475,$730,$745,$21,$26,$928,$547,$-52,$495,$175,$320,$326,$324,$661,$547,$829,829,$0.39,$0.39,$1279,$750,$199,$2955,$7190,$67,$110,$264,$8582,$11537,$1224,$4006,$213,$4433,$5657,$9,$4097,$6,$5880,$11537,$989,$340,$-164,$177,$19,$-200,$0,$-113,$-50,$1116,$-1103,$0,$0,$0,$0,$0,$0,$-1102,$-283,$0,$-283,$-389,$-389,$0,$-0,$-672,$-639,$0,$0
17,2014-06-30,28.55,$7.18,3.98,$6.88,4.15,$0.39,72.96,$1.68,16.99,$3.31B,$1.03B,3.23,$4.01B,$5.98B,0.67,$5.76B,$2.96B,51.29%,$5.76B,$2.35B,40.83%,$5.76B,$2.35B,40.83%,$5.76B,$2.79B,48.43%,$5.76B,$2.19B,38.00%,$5.76B,$1.41B,24.47%,$1.41B,$5.98B,24.86%,$1.41B,$5.87B,25.36%,$1.41B,$11.51B,12.62%,$2.35B,$9.98B,23.94%,$1487,$727,$761,$22,$25,$890,$597,$-39,$558,$226,$333,$338,$337,$713,$597,$833,833,$0.40,$0.40,$1625,$755,$150,$3313,$6934,$64,$110,$217,$8195,$11508,$1026,$4005,$228,$4505,$5531,$9,$3872,$6,$5977,$11508,$663,$227,$-69,$157,$-50,$-161,$0,$30,$-139,$682,$-692,$0,$0,$-82,$0,$-82,$0,$-774,$0,$0,$0,$-66,$-66,$-183,$-0,$-249,$-337,$0,$-183
18,2014-03-31,27.27,$6.88,3.96,$6.76,4.04,$0.64,42.93,$1.72,15.86,$3.39B,$0.85B,3.97,$4.21B,$5.73B,0.73,$5.68B,$2.89B,50.90%,$5.68B,$2.32B,40.83%,$5.68B,$2.32B,40.83%,$5.68B,$2.74B,48.15%,$5.68B,$2.17B,38.14%,$5.68B,$1.45B,25.44%,$1.45B,$5.73B,26.37%,$1.45B,$5.62B,26.91%,$1.45B,$11.27B,13.19%,$2.32B,$9.94B,23.96%,$1354,$642,$712,$15,$24,$791,$563,$-40,$523,$204,$319,$325,$323,$673,$563,$834,834,$0.39,$0.39,$1746,$750,$140,$3389,$6686,$63,$110,$197,$7875,$11265,$853,$4205,$226,$4678,$5531,$9,$3618,$6,$5734,$11265,$325,$110,$-93,$17,$-10,$-102,$0,$49,$7,$348,$-337,$0,$0,$-65,$0,$-65,$0,$-401,$0,$0,$0,$-52,$-52,$-100,$-0,$-153,$-200,$0,$-100
19,2013-12-31,26.8,$6.66,4.02,$7.05,3.8,$0.95,28.2,$1.92,13.96,$3.42B,$0.78B,4.36,$4.21B,$5.56B,0.76,$5.95B,$3.08B,51.76%,$5.95B,$2.53B,42.53%,$5.95B,$2.53B,42.53%,$5.95B,$2.93B,49.20%,$5.95B,$2.37B,39.86%,$5.95B,$1.62B,27.18%,$1.62B,$5.56B,30.41%,$1.62B,$5.45B,31.05%,$1.62B,$11.00B,14.93%,$2.53B,$9.77B,26.58%,$1535,$774,$761,$17,$26,$927,$608,$-42,$566,$165,$402,$407,$406,$719,$608,$843,843,$0.48,$0.48,$1881,$694,$159,$3416,$6476,$57,$110,$199,$7580,$10996,$784,$4205,$201,$4651,$5434,$9,$3395,$6,$5562,$10996,$1624,$396,$-92,$304,$136,$-144,$0,$2,$-69,$1859,$-1703,$0,$0,$-74,$0,$-74,$32,$-1745,$-10,$0,$-10,$-281,$-281,$-574,$-2,$-867,$-787,$0,$-574
20,2013-09-30,25.32,$6.44,3.93,$7.18,3.53,$1.91,13.29,$2.07,12.23,$3.73B,$0.74B,5.07,$4.21B,$5.41B,0.78,$6.07B,$3.26B,53.77%,$6.07B,$2.74B,45.10%,$6.07B,$2.74B,45.10%,$6.07B,$3.11B,51.28%,$6.07B,$2.56B,42.21%,$6.07B,$1.74B,28.74%,$1.74B,$5.41B,34.02%,$1.74B,$5.30B,34.76%,$1.74B,$10.94B,16.32%,$2.74B,$9.62B,29.33%,$1385,$663,$721,$12,$24,$801,$584,$-42,$542,$198,$344,$346,$344,$685,$584,$842,842,$0.41,$0.41,$2159,$705,$203,$3730,$6032,$0,$110,$269,$7205,$10936,$736,$4205,$414,$4790,$5526,$9,$3089,$4,$5410,$10936,$1217,$286,$5,$290,$182,$-133,$0,$-177,$-145,$1362,$-1189,$0,$0,$-229,$0,$-229,$23,$-1396,$-5,$0,$-5,$-124,$-124,$-473,$-0,$-602,$-664,$0,$-473
21,2013-06-30,25.55,$6.20,4.12,$7.36,3.47,$3.03,8.42,$1.92,13.31,$3.88B,$0.66B,5.83,$4.20B,$5.22B,0.81,$6.24B,$3.42B,54.91%,$6.24B,$2.60B,41.71%,$6.24B,$2.60B,41.71%,$6.24B,$2.96B,47.40%,$6.24B,$2.45B,39.21%,$6.24B,$1.62B,25.95%,$1.62B,$5.22B,29.83%,$1.62B,$5.12B,30.44%,$1.62B,$10.65B,15.17%,$2.60B,$9.43B,28.09%,$1410,$711,$699,$12,$27,$844,$566,$-30,$537,$168,$369,$374,$373,$660,$566,$845,845,$0.44,$0.44,$2333,$683,$214,$3875,$5636,$0,$108,$296,$6779,$10654,$664,$4204,$405,$4766,$5430,$9,$2846,$4,$5224,$10654,$871,$184,$16,$200,$181,$-64,$0,$-104,$-175,$897,$-701,$0,$0,$-259,$0,$-259,$13,$-947,$-5,$0,$-5,$-65,$-65,$-372,$-0,$-442,$-520,$0,$-372
22,2013-03-31,34.56,$6.01,5.75,$7.65,4.52,$3.62,9.55,$2.14,16.15,$4.36B,$0.92B,4.73,$4.20B,$5.08B,0.83,$6.49B,$3.72B,57.31%,$6.49B,$2.91B,44.88%,$6.49B,$2.91B,44.88%,$6.49B,$3.25B,50.11%,$6.49B,$2.76B,42.57%,$6.49B,$1.81B,27.89%,$1.81B,$5.08B,34.38%,$1.81B,$4.98B,35.10%,$1.81B,$10.78B,17.92%,$2.91B,$9.29B,33.35%,$1623,$723,$900,$10,$25,$849,$774,$-46,$728,$239,$489,$497,$495,$865,$774,$846,846,$0.59,$0.59,$2667,$692,$180,$4360,$5349,$0,$109,$278,$6417,$10777,$922,$4204,$400,$4772,$5694,$9,$2643,$4,$5083,$10777,$497,$91,$-0,$91,$80,$-31,$0,$-106,$7,$594,$-317,$0,$0,$-70,$0,$-70,$11,$-376,$0,$0,$0,$0,$0,$-203,$-0,$-203,$3,$0,$-203
23,2012-12-31,34.62,$5.66,6.11,$7.85,4.41,$3.93,8.81,$2.28,15.18,$4.30B,$0.86B,5.02,$4.20B,$4.79B,0.88,$6.67B,$3.90B,58.49%,$6.67B,$3.11B,46.63%,$6.67B,$3.11B,46.63%,$6.67B,$3.44B,51.51%,$6.67B,$2.97B,44.58%,$6.67B,$1.94B,29.01%,$1.94B,$4.79B,37.83%,$1.94B,$4.68B,38.66%,$1.94B,$10.38B,20.32%,$3.11B,$8.99B,37.85%,$1651,$709,$943,$14,$27,$838,$813,$-58,$755,$232,$523,$533,$532,$902,$813,$848,848,$0.63,$0.63,$2594,$696,$156,$4301,$5157,$47,$109,$130,$6082,$10384,$857,$4204,$392,$4738,$5595,$9,$2350,$4,$4789,$10384,$1941,$326,$24,$350,$-15,$-181,$0,$44,$-288,$2004,$-1037,$0,$0,$388,$18,$406,$-38,$-669,$1467,$0,$1467,$-147,$-147,$-3140,$2098,$278,$1611,$0,$-3140
24,2012-09-30,29.15,$7.81,3.73,$7.86,3.71,$4.52,6.45,$2.29,12.73,$5.29B,$1.10B,4.79,$2.73B,$6.60B,0.41,$6.69B,$3.97B,59.43%,$6.69B,$3.20B,47.84%,$6.69B,$3.20B,47.84%,$6.69B,$3.51B,52.45%,$6.69B,$3.07B,45.90%,$6.69B,$1.94B,29.01%,$1.94B,$6.60B,39.37%,$1.94B,$6.49B,40.27%,$1.94B,$10.84B,21.69%,$3.20B,$9.33B,41.76%,$1552,$671,$882,$12,$24,$1105,$448,$-22,$425,$220,$206,$219,$218,$529,$448,$848,848,$0.26,$0.26,$1538,$646,$153,$5290,$4856,$0,$109,$200,$5552,$10842,$1104,$2731,$187,$3137,$4241,$9,$4144,$7,$6601,$10842,$1408,$237,$35,$272,$161,$-89,$0,$-65,$117,$1797,$-666,$0,$0,$142,$18,$160,$-32,$-538,$-5,$0,$-5,$-132,$-132,$-814,$-1,$-953,$310,$0,$-814
25,2012-06-30,26.54,$5.39,4.92,$8.08,3.28,$4.68,5.67,$2.81,9.44,$3.07B,$0.76B,4.05,$2.73B,$4.58B,0.6,$6.88B,$4.16B,60.47%,$6.88B,$3.71B,53.96%,$6.88B,$3.71B,53.96%,$6.88B,$4.01B,58.32%,$6.88B,$3.56B,51.77%,$6.88B,$2.39B,34.66%,$2.39B,$4.58B,55.35%,$2.39B,$4.47B,56.80%,$2.39B,$8.37B,28.97%,$3.71B,$7.31B,52.70%,$1660,$668,$992,$13,$25,$784,$876,$-22,$853,$310,$543,$565,$564,$954,$876,$849,849,$0.66,$0.66,$1453,$626,$83,$3072,$4666,$0,$110,$185,$5301,$8373,$758,$2731,$177,$3038,$3797,$9,$4130,$7,$4576,$8373,$1189,$155,$-22,$133,$63,$-33,$0,$-20,$-224,$1097,$-402,$0,$0,$148,$18,$166,$0,$-236,$-5,$0,$-5,$-33,$-33,$-610,$-1,$-649,$231,$0,$-610
26,2012-03-31,26.25,$5.29,4.96,$8.23,3.19,$4.49,5.84,$2.92,8.98,$3.41B,$0.96B,3.56,$2.74B,$4.50B,0.61,$7.02B,$4.28B,60.88%,$7.02B,$3.84B,54.63%,$7.02B,$3.84B,54.63%,$7.02B,$4.13B,58.83%,$7.02B,$3.67B,52.28%,$7.02B,$2.48B,35.30%,$2.48B,$4.50B,59.44%,$2.48B,$4.39B,61.06%,$2.48B,$8.49B,30.65%,$3.84B,$7.23B,55.52%,$1806,$722,$1084,$9,$25,$833,$973,$-33,$940,$319,$621,$624,$621,$1050,$973,$850,850,$0.73,$0.73,$1745,$609,$100,$3407,$4496,$0,$110,$169,$5087,$8494,$958,$2736,$174,$3041,$3999,$9,$4017,$7,$4495,$8494,$624,$77,$-13,$63,$59,$12,$0,$-3,$33,$720,$-177,$0,$0,$295,$0,$295,$0,$117,$0,$0,$0,$0,$0,$-160,$-0,$-160,$670,$0,$-160
27,2011-12-31,24.12,$4.80,5.03,$7.97,3.03,$4.37,5.52,$2.75,8.78,$3.09B,$0.99B,3.11,$2.74B,$4.04B,0.68,$6.82B,$4.06B,59.49%,$6.82B,$3.63B,53.18%,$6.82B,$3.63B,53.18%,$6.82B,$3.91B,57.41%,$6.82B,$3.45B,50.59%,$6.82B,$2.34B,34.26%,$2.34B,$4.04B,57.86%,$2.34B,$3.93B,59.50%,$2.34B,$8.06B,29.22%,$3.63B,$6.77B,53.50%,$1669,$653,$1016,$12,$30,$767,$902,$-51,$851,$312,$539,$539,$537,$974,$902,$855,855,$0.62,$0.62,$1370,$636,$107,$3085,$4430,$0,$110,$163,$4977,$8063,$993,$2736,$173,$3034,$4026,$9,$3852,$13,$4036,$8063,$2344,$288,$-133,$155,$-136,$-194,$0,$48,$-419,$2080,$-600,$0,$0,$-450,$-33,$-483,$-10,$-1093,$-15,$0,$-15,$-274,$-274,$-2080,$-6,$-2375,$-1345,$0,$-2080
28,2011-09-30,19.54,$4.86,4.02,$7.76,2.52,$4.41,4.43,$2.68,7.29,$3.33B,$0.80B,4.18,$2.74B,$4.13B,0.66,$6.65B,$4.00B,60.21%,$6.65B,$3.58B,53.79%,$6.65B,$3.58B,53.79%,$6.65B,$3.86B,58.11%,$6.65B,$3.40B,51.20%,$6.65B,$2.29B,34.46%,$2.29B,$4.13B,57.19%,$2.29B,$4.02B,58.83%,$2.29B,$8.00B,28.60%,$3.58B,$6.87B,52.98%,$1746,$677,$1069,$10,$24,$784,$962,$-45,$918,$253,$665,$665,$663,$1035,$962,$852,852,$0.78,$0.78,$1779,$624,$58,$3331,$4210,$0,$111,$162,$4668,$8000,$796,$2741,$213,$3073,$3870,$9,$3904,$40,$4130,$8000,$1805,$216,$-108,$108,$-60,$-73,$0,$68,$-317,$1596,$-327,$0,$0,$-460,$-24,$-484,$-10,$-821,$-10,$0,$-10,$-258,$-258,$-1492,$-4,$-1764,$-950,$0,$-1492
29,2011-06-30,25.2,$4.71,5.36,$7.18,3.51,$4.19,6.01,$2.33,10.84,$3.27B,$0.70B,4.69,$2.74B,$4.02B,0.68,$6.16B,$3.64B,59.11%,$6.16B,$3.22B,52.22%,$6.16B,$3.22B,52.22%,$6.16B,$3.50B,56.87%,$6.16B,$3.03B,49.22%,$6.16B,$1.99B,32.35%,$1.99B,$4.02B,50.49%,$1.99B,$3.91B,51.98%,$1.99B,$7.79B,25.18%,$3.22B,$6.76B,48.05%,$1801,$696,$1106,$8,$26,$803,$999,$-37,$962,$302,$660,$660,$658,$1072,$999,$857,857,$0.77,$0.77,$1679,$609,$41,$3272,$4130,$0,$111,$150,$4523,$7794,$698,$2740,$185,$3076,$3773,$9,$3763,$-37,$4021,$7794,$1140,$144,$-17,$126,$-132,$-68,$0,$93,$-549,$718,$-175,$0,$0,$-149,$-16,$-165,$0,$-340,$-10,$0,$-10,$-148,$-148,$-969,$-4,$-1131,$-739,$0,$-969
30,2011-03-31,30.41,$4.61,6.6,$6.44,4.72,$4.34,7.01,$1.92,15.84,$3.67B,$1.07B,3.45,$2.75B,$3.96B,0.69,$5.53B,$3.18B,57.43%,$5.53B,$2.76B,49.86%,$5.53B,$2.76B,49.86%,$5.53B,$3.04B,54.97%,$5.53B,$2.56B,46.28%,$5.53B,$1.65B,29.79%,$1.65B,$3.96B,42.22%,$1.65B,$3.85B,43.49%,$1.65B,$8.13B,21.05%,$2.76B,$6.71B,41.45%,$1602,$737,$865,$7,$25,$839,$763,$-44,$718,$238,$480,$480,$478,$833,$763,$859,859,$0.56,$0.56,$2194,$629,$95,$3669,$4095,$0,$112,$127,$4456,$8125,$1065,$2745,$213,$3098,$4163,$9,$3581,$-61,$3962,$8125,$480,$71,$-30,$41,$74,$-88,$0,$32,$-6,$515,$-73,$0,$0,$-145,$-11,$-156,$1,$-228,$-5,$0,$-5,$0,$0,$-493,$-3,$-502,$-219,$0,$-493
31,2010-12-31,36.34,$4.60,7.9,$5.99,6.06,$4.10,8.86,$1.81,20.07,$3.74B,$1.14B,3.28,$2.75B,$3.91B,0.7,$5.15B,$3.02B,58.65%,$5.15B,$2.60B,50.57%,$5.15B,$2.60B,50.57%,$5.15B,$2.89B,56.05%,$5.15B,$2.43B,47.19%,$5.15B,$1.55B,30.16%,$1.55B,$3.91B,39.92%,$1.55B,$3.80B,41.12%,$1.55B,$8.13B,21.28%,$2.60B,$6.66B,41.51%,$1499,$536,$963,$7,$33,$647,$852,$-46,$806,$311,$495,$495,$492,$923,$852,$859,859,$0.57,$0.57,$2269,$541,$117,$3739,$4095,$0,$112,$108,$4389,$8128,$1139,$2750,$215,$3079,$4218,$9,$3596,$-126,$3910,$8128,$1563,$282,$-28,$254,$-308,$-7,$0,$-121,$104,$1921,$-400,$0,$0,$-52,$-21,$-74,$0,$-474,$1480,$0,$1480,$-0,$-0,$-1428,$-15,$37,$1420,$0,$-1428
32,2010-09-30,25.94,$4.53,5.72,$5.58,4.64,$2.99,8.67,$1.66,15.6,$3.26B,$0.68B,4.82,$2.76B,$3.90B,0.71,$4.79B,$2.65B,55.41%,$4.79B,$2.28B,47.66%,$4.79B,$2.28B,47.66%,$4.79B,$2.53B,52.78%,$4.79B,$2.13B,44.55%,$4.79B,$1.42B,29.75%,$1.42B,$3.90B,36.64%,$1.42B,$3.78B,37.75%,$1.42B,$7.61B,21.00%,$2.28B,$6.65B,38.67%,$1258,$551,$707,$9,$23,$655,$603,$-57,$546,$179,$367,$367,$365,$675,$603,$859,859,$0.43,$0.43,$2296,$430,$65,$3263,$4043,$0,$115,$66,$4348,$7611,$677,$2755,$183,$3038,$3716,$9,$3469,$-13,$3896,$7611,$1068,$211,$-33,$178,$2,$28,$0,$19,$123,$1369,$-275,$0,$0,$-36,$0,$-36,$0,$-310,$1485,$0,$1485,$-0,$-0,$-1062,$-13,$409,$1464,$0,$-1062
33,2010-06-30,19.36,$4.47,4.33,$5.46,3.55,$1.69,11.44,$1.60,12.08,$3.12B,$0.55B,5.68,$2.76B,$3.84B,0.72,$4.68B,$2.57B,54.85%,$4.68B,$2.19B,46.73%,$4.68B,$2.19B,46.73%,$4.68B,$2.44B,52.18%,$4.68B,$2.07B,44.19%,$4.68B,$1.37B,29.29%,$1.37B,$3.84B,35.79%,$1.37B,$3.73B,36.89%,$1.37B,$7.45B,21.77%,$2.19B,$6.60B,39.96%,$1173,$531,$642,$10,$22,$633,$540,$-50,$490,$175,$315,$315,$313,$610,$540,$859,859,$0.37,$0.37,$2195,$447,$37,$3122,$4011,$0,$113,$64,$4327,$7449,$550,$2755,$174,$3056,$3605,$9,$3419,$-13,$3844,$7449,$701,$139,$-7,$132,$19,$10,$0,$27,$3,$835,$-163,$0,$0,$-27,$0,$-27,$0,$-190,$1485,$0,$1485,$-0,$-0,$-748,$-11,$726,$1372,$0,$-748
34,2010-03-31,22.76,$4.55,5.0,$5.06,4.5,$0.57,39.72,$1.44,15.76,$1.72B,$0.50B,3.42,$1.27B,$3.91B,0.33,$4.33B,$2.33B,53.79%,$4.33B,$1.95B,45.01%,$4.33B,$1.95B,45.01%,$4.33B,$2.21B,51.11%,$4.33B,$1.87B,43.05%,$4.33B,$1.23B,28.46%,$1.23B,$3.91B,33.05%,$1.23B,$3.80B,34.10%,$1.23B,$6.00B,21.28%,$1.95B,$5.18B,38.98%,$1219,$511,$708,$8,$22,$611,$609,$-20,$588,$203,$385,$385,$383,$678,$609,$859,859,$0.45,$0.45,$672,$469,$53,$1719,$3974,$0,$114,$47,$4282,$6001,$502,$1270,$158,$1585,$2088,$9,$3488,$-13,$3913,$6001,$385,$69,$12,$82,$-57,$-11,$0,$15,$-160,$307,$-71,$0,$0,$3,$0,$3,$0,$-67,$0,$0,$0,$0,$0,$-365,$-1,$-367,$-120,$0,$-365
35,2009-12-31,22.97,$4.53,5.07,$4.36,5.27,$-0.00,0.0,$1.09,21.11,$1.77B,$0.60B,2.97,$1.27B,$3.89B,0.33,$3.74B,$1.87B,50.04%,$3.74B,$1.49B,39.76%,$3.74B,$1.49B,39.76%,$3.74B,$1.76B,47.07%,$3.74B,$1.40B,37.59%,$3.74B,$0.93B,24.87%,$0.93B,$3.89B,25.96%,$0.93B,$3.78B,26.82%,$0.93B,$6.06B,16.49%,$1.49B,$5.16B,30.60%,$1136,$541,$595,$7,$24,$607,$529,$-21,$508,$143,$365,$365,$363,$563,$529,$851,851,$0.43,$0.43,$795,$456,$67,$1774,$3970,$0,$114,$41,$4284,$6058,$598,$1270,$153,$1566,$2165,$9,$3470,$-13,$3894,$6058,$935,$274,$-8,$266,$-300,$45,$0,$107,$-237,$963,$-403,$0,$0,$44,$0,$44,$0,$-359,$-10,$0,$-10,$-72,$-72,$-376,$-0,$-458,$56,$0,$-376
36,2009-09-30,21.31,$4.27,4.99,$3.53,6.04,$0.76,27.86,$0.52,40.63,$1.40B,$0.41B,3.41,$1.28B,$3.67B,0.35,$3.05B,$1.26B,41.26%,$3.05B,$0.83B,27.06%,$3.05B,$0.83B,27.06%,$3.05B,$1.14B,37.49%,$3.05B,$0.69B,22.50%,$3.05B,$0.44B,14.46%,$0.44B,$3.67B,12.77%,$0.44B,$3.56B,13.21%,$0.44B,$5.68B,7.93%,$0.83B,$4.95B,17.44%,$1152,$530,$622,$7,$24,$643,$509,$-27,$482,$168,$314,$314,$312,$591,$509,$859,859,$0.37,$0.37,$439,$418,$65,$1403,$3943,$0,$114,$52,$4273,$5677,$412,$1275,$197,$1593,$2005,$9,$3259,$-23,$3672,$5677,$570,$239,$-11,$229,$-303,$34,$0,$128,$-501,$297,$-317,$0,$0,$40,$0,$40,$3,$-274,$-5,$0,$-5,$-72,$-72,$-224,$0,$-301,$-303,$0,$-224
37,2009-06-30,14.14,$4.01,3.53,$3.80,3.72,$2.30,6.14,$0.62,22.68,$1.20B,$0.41B,2.91,$1.28B,$3.44B,0.37,$3.34B,$1.43B,42.85%,$3.34B,$0.99B,29.73%,$3.34B,$0.99B,29.73%,$3.34B,$1.31B,39.32%,$3.34B,$0.87B,26.19%,$3.34B,$0.55B,16.39%,$0.55B,$3.44B,15.59%,$0.55B,$3.33B,16.11%,$0.55B,$5.44B,9.55%,$0.99B,$4.72B,20.71%,$825,$419,$405,$5,$18,$521,$303,$-16,$287,$111,$176,$176,$175,$382,$303,$859,859,$0.21,$0.21,$269,$457,$136,$1203,$3876,$0,$114,$61,$4239,$5442,$414,$1275,$171,$1586,$1999,$9,$3032,$-23,$3442,$5442,$255,$157,$16,$173,$-200,$-5,$0,$44,$-512,$-84,$-206,$0,$0,$31,$0,$31,$2,$-173,$-5,$0,$-5,$-72,$-72,$-138,$0,$-214,$-481,$0,$-138
38,2009-03-31,12.02,$3.85,3.13,$4.48,2.68,$3.46,3.48,$1.03,11.69,$1.19B,$0.49B,2.44,$1.28B,$3.31B,0.39,$3.97B,$1.94B,48.72%,$3.97B,$1.48B,37.27%,$3.97B,$1.48B,37.27%,$3.97B,$1.81B,45.45%,$3.97B,$1.37B,34.40%,$3.97B,$0.92B,23.15%,$0.92B,$3.31B,25.13%,$0.92B,$3.19B,25.94%,$0.92B,$5.36B,15.41%,$1.48B,$4.59B,29.96%,$622,$375,$247,$5,$19,$478,$144,$-17,$127,$48,$79,$79,$79,$222,$144,$862,862,$0.09,$0.09,$342,$449,$134,$1186,$3804,$0,$114,$57,$4178,$5364,$486,$1280,$177,$1573,$2059,$9,$2896,$-22,$3305,$5364,$79,$78,$-8,$70,$-107,$2,$0,$12,$-343,$-194,$-63,$0,$0,$12,$0,$12,$0,$-51,$0,$0,$0,$-72,$-72,$-100,$0,$-171,$-425,$0,$-100
39,2008-12-31,10.99,$3.93,2.8,$5.44,2.02,$4.26,2.58,$1.57,6.99,$1.55B,$0.74B,2.11,$1.28B,$3.40B,0.38,$4.85B,$2.67B,55.00%,$4.85B,$2.20B,45.39%,$4.85B,$2.20B,45.39%,$4.85B,$2.53B,52.15%,$4.85B,$2.09B,43.17%,$4.85B,$1.41B,28.98%,$1.41B,$3.40B,36.66%,$1.41B,$3.28B,37.79%,$1.41B,$5.76B,22.23%,$2.20B,$4.68B,43.00%,$450,$465,$-16,$11,$25,$581,$-131,$-79,$-210,$-85,$-125,$-125,$-125,$-52,$-131,$888,888,$-0.13,$-0.13,$779,$452,$125,$1554,$3811,$0,$115,$46,$4211,$5764,$737,$1280,$182,$1631,$2369,$9,$2917,$-23,$3395,$5764,$1414,$327,$-83,$244,$330,$-3,$0,$-93,$70,$1728,$-464,$0,$0,$45,$0,$45,$0,$-419,$-160,$0,$-160,$-168,$-168,$-1711,$-9,$-2048,$-693,$0,$-1711
40,2008-09-30,12.73,$4.43,2.88,$6.38,1.99,$5.51,2.31,$2.06,6.18,$2.35B,$0.65B,3.59,$1.29B,$3.90B,0.33,$5.70B,$3.45B,60.49%,$5.70B,$2.96B,52.05%,$5.70B,$2.96B,52.05%,$5.70B,$3.30B,57.96%,$5.70B,$2.92B,51.31%,$5.70B,$1.84B,32.34%,$1.84B,$3.90B,46.65%,$1.84B,$3.78B,48.05%,$1.84B,$6.35B,28.22%,$2.96B,$5.18B,56.61%,$1440,$646,$794,$8,$26,$764,$676,$-6,$670,$250,$420,$420,$418,$760,$676,$892,892,$0.47,$0.47,$1259,$493,$92,$2350,$3662,$0,$115,$52,$3997,$6347,$654,$1285,$299,$1796,$2450,$9,$3336,$-27,$3896,$6347,$1531,$248,$-40,$208,$24,$-44,$0,$67,$-127,$1612,$-261,$0,$0,$30,$0,$30,$1,$-229,$-155,$0,$-155,$-68,$-68,$-1416,$-8,$-1648,$-234,$0,$-1416
41,2008-06-30,23.16,$4.54,5.1,$6.57,3.53,$5.87,3.94,$2.30,10.07,$2.43B,$0.57B,4.27,$1.29B,$4.05B,0.32,$5.86B,$3.70B,63.08%,$5.86B,$3.22B,54.97%,$5.86B,$3.22B,54.97%,$5.86B,$3.56B,60.67%,$5.86B,$3.18B,54.24%,$5.86B,$2.05B,35.01%,$2.05B,$4.05B,51.21%,$2.05B,$3.94B,52.73%,$2.05B,$6.41B,30.96%,$3.22B,$5.34B,60.63%,$1462,$550,$911,$9,$27,$669,$792,$-12,$780,$229,$551,$551,$548,$876,$792,$893,893,$0.61,$0.61,$1248,$492,$100,$2432,$3619,$0,$115,$53,$3974,$6405,$569,$1285,$292,$1786,$2355,$9,$3421,$-27,$4050,$6405,$1113,$164,$15,$179,$-86,$-43,$0,$-53,$-383,$910,$-181,$0,$0,$18,$0,$18,$4,$-158,$-155,$0,$-155,$0,$0,$-913,$-6,$-1074,$-259,$0,$-913
42,2008-03-31,22.21,$4.48,4.96,$6.97,3.18,$6.20,3.58,$2.50,8.9,$2.86B,$0.99B,2.88,$1.29B,$4.00B,0.32,$6.23B,$4.05B,65.06%,$6.23B,$3.58B,57.43%,$6.23B,$3.58B,57.43%,$6.23B,$3.91B,62.81%,$6.23B,$3.48B,55.94%,$6.23B,$2.23B,35.82%,$2.23B,$4.00B,55.91%,$2.23B,$3.89B,57.59%,$2.23B,$6.78B,33.49%,$3.58B,$5.29B,67.27%,$1499,$521,$979,$8,$25,$634,$865,$-11,$854,$286,$568,$568,$565,$946,$865,$893,893,$0.63,$0.63,$1585,$455,$125,$2859,$3553,$0,$115,$45,$3919,$6778,$992,$1290,$287,$1784,$2777,$3,$3373,$-27,$4001,$6778,$565,$81,$-26,$56,$-131,$-7,$0,$-3,$-119,$501,$-50,$0,$0,$7,$0,$7,$-1,$-43,$0,$0,$0,$0,$0,$-412,$-3,$-415,$64,$0,$-412
43,2007-12-31,22.17,$4.31,5.14,$6.82,3.25,$6.21,3.57,$2.49,8.89,$2.64B,$0.93B,2.84,$1.29B,$3.85B,0.34,$6.08B,$3.96B,65.14%,$6.08B,$3.50B,57.48%,$6.08B,$3.50B,57.48%,$6.08B,$3.83B,62.87%,$6.08B,$3.41B,56.08%,$6.08B,$2.22B,36.44%,$2.22B,$3.85B,56.66%,$2.22B,$3.73B,58.40%,$2.22B,$6.58B,33.92%,$3.50B,$5.14B,66.02%,$1294,$533,$761,$18,$25,$663,$631,$-14,$618,$304,$313,$321,$311,$719,$631,$893,893,$0.35,$0.35,$1527,$448,$125,$2636,$3568,$0,$116,$41,$3945,$6581,$927,$1290,$279,$1805,$2732,$9,$3221,$-27,$3848,$6581,$2227,$328,$114,$442,$66,$-35,$0,$154,$35,$2703,$-316,$0,$0,$-218,$287,$69,$0,$-246,$-79,$0,$-79,$0,$0,$-2002,$-7,$-2088,$386,$0,$-2002
44,2007-09-30,25.69,$4.63,5.55,$7.21,3.56,$5.33,4.82,$2.85,9.01,$2.77B,$0.85B,3.25,$1.36B,$4.13B,0.33,$6.44B,$4.27B,66.30%,$6.44B,$3.83B,59.53%,$6.44B,$3.83B,59.53%,$6.44B,$4.15B,64.44%,$6.44B,$3.73B,57.93%,$6.44B,$2.56B,39.77%,$2.56B,$4.13B,66.21%,$2.56B,$4.01B,68.29%,$2.56B,$6.75B,39.50%,$3.83B,$5.49B,72.23%,$1606,$560,$1046,$8,$24,$673,$934,$-6,$927,$296,$631,$628,$628,$1015,$934,$893,893,$0.70,$0.70,$1515,$463,$0,$2773,$3583,$0,$116,$38,$3976,$6749,$853,$1363,$189,$1767,$2619,$3,$3499,$-23,$4130,$6749,$1905,$240,$116,$356,$-133,$-49,$0,$72,$-335,$1926,$-251,$0,$0,$-83,$0,$-83,$1,$-333,$-5,$0,$-5,$0,$0,$-1413,$-5,$-1424,$172,$0,$-1413
45,2007-06-30,19.25,$4.45,4.32,$7.00,2.75,$4.31,4.47,$2.73,7.04,$2.54B,$0.80B,3.19,$1.36B,$3.97B,0.34,$6.25B,$4.13B,66.07%,$6.25B,$3.70B,59.30%,$6.25B,$3.70B,59.30%,$6.25B,$4.01B,64.15%,$6.25B,$3.60B,57.64%,$6.25B,$2.46B,39.31%,$2.46B,$3.97B,66.55%,$2.46B,$3.86B,68.75%,$2.46B,$6.53B,39.18%,$3.70B,$5.34B,71.63%,$1826,$562,$1264,$9,$26,$681,$1145,$-62,$1083,$354,$729,$726,$726,$1230,$1145,$893,893,$0.81,$0.81,$1354,$471,$0,$2542,$3578,$0,$117,$43,$3987,$6529,$798,$1363,$121,$1758,$2556,$3,$3342,$-23,$3974,$6529,$1278,$159,$112,$271,$-14,$-58,$0,$16,$-351,$1198,$-179,$0,$0,$-89,$0,$-89,$1,$-268,$-5,$0,$-5,$0,$0,$-942,$-3,$-950,$-9,$0,$-942
46,2007-03-31,14.39,$4.14,3.47,$6.38,2.25,$3.55,4.06,$2.41,5.96,$2.34B,$0.70B,3.33,$1.52B,$3.70B,0.41,$5.70B,$3.62B,63.51%,$5.70B,$3.21B,56.31%,$5.70B,$3.21B,56.31%,$5.70B,$3.50B,61.51%,$5.70B,$3.17B,55.57%,$5.70B,$2.17B,38.06%,$2.17B,$3.70B,62.06%,$2.17B,$3.58B,64.25%,$2.17B,$6.28B,35.90%,$3.21B,$5.22B,63.95%,$1358,$467,$892,$6,$24,$571,$787,$-3,$784,$231,$553,$552,$552,$861,$787,$893,893,$0.62,$0.62,$1269,$457,$0,$2335,$3555,$0,$118,$34,$3948,$6283,$701,$1518,$167,$1883,$2584,$3,$3058,$-23,$3700,$6283,$552,$74,$19,$93,$81,$-43,$0,$51,$-96,$549,$-85,$0,$0,$-100,$0,$-100,$1,$-184,$0,$0,$0,$0,$0,$-501,$-2,$-502,$-134,$0,$-501
47,2006-12-31,10.54,$4.11,2.57,$6.12,1.72,$3.36,3.14,$2.26,4.67,$2.44B,$0.86B,2.84,$1.52B,$3.67B,0.41,$5.46B,$3.44B,63.00%,$5.46B,$3.05B,55.93%,$5.46B,$3.05B,55.93%,$5.46B,$3.33B,60.97%,$5.46B,$3.01B,55.04%,$5.46B,$2.04B,37.33%,$2.04B,$3.67B,60.67%,$2.04B,$3.55B,62.91%,$2.04B,$6.38B,35.00%,$3.05B,$5.19B,63.71%,$1650,$582,$1068,$8,$16,$682,$968,$-31,$937,$279,$658,$655,$655,$1044,$968,$893,893,$0.74,$0.74,$1303,$414,$54,$2443,$3538,$0,$118,$31,$3934,$6376,$860,$1518,$123,$1850,$2710,$3,$3010,$-22,$3667,$6376,$2038,$275,$-75,$200,$-218,$-18,$0,$-23,$-179,$2059,$-456,$0,$0,$-280,$0,$-280,$11,$-725,$356,$0,$356,$0,$0,$-1509,$-11,$-1164,$147,$0,$-1509
