,Date,Stock Price,Book Value per Share,Price to Book Ratio,TTM Sales per Share,Price to Sales Ratio,TTM FCF per Share,Price to FCF Ratio,TTM Net EPS,PE Ratio,Current Assets,Current Liabilities,Current Ratio,Long Term Debt,Shareholder's Equity_x,Debt to Equity Ratio,TTM Revenue_x,TTM Gross Profit,Gross Margin,TTM Revenue_y,TTM Operating Income,Operating Margin,TTM Revenue_x,TTM EBIT,EBIT Margin,TTM Revenue_y,TTM EBITDA,EBITDA Margin,TTM Revenue_x,TTM Pre-Tax Income,Pre-Tax Margin,TTM Revenue_y,TTM Net Income_x,Net Margin,TTM Net Income_y,Shareholder's Equity_y,Return on Equity,TTM Net Income_x,Tangible Equity,Return on Tangible Equity,TTM Net Income_y,Total Assets,Return on Assets,TTM Net Income,LT Investments & Debt,Return on Investment,revenue,cost-goods-sold,gross-profit,research-development-expenses,selling-general-administrative-expenses,operating-expenses,operating-income,total-non-operating-income-expense,pre-tax-income,total-provision-income-taxes,income-after-taxes,income-from-continuous-operations,net-income,ebitda,ebit,basic-shares-outstanding,shares-outstanding,eps-basic-net-earnings-per-share,eps-earnings-per-share-diluted,cash-on-hand,inventory,other-current-assets,total-current-assets,net-property-plant-equipment,long-term-investments,goodwill-intangible-assets-total,other-long-term-assets,total-long-term-assets,total-assets,total-current-liabilities,long-term-debt,other-non-current-liabilities,total-long-term-liabilities,total-liabilities,common-stock-net,retained-earnings-accumulated-deficit,comprehensive-income,total-share-holder-equity,total-liabilities-share-holders-equity,net-income-loss,total-depreciation-amortization-cash-flow,other-non-cash-items,total-non-cash-items,change-in-accounts-receivable,change-in-inventories,change-in-accounts-payable,change-in-assets-liabilities,total-change-in-assets-liabilities,cash-flow-from-operating-activities,net-change-in-property-plant-equipment,net-change-in-intangible-assets,net-acquisitions-divestitures,net-change-in-short-term-investments,net-change-in-long-term-investments,net-change-in-investments-total,investing-activities-other,cash-flow-from-investing-activities,net-long-term-debt,net-current-debt,debt-issuance-retirement-net-total,net-common-equity-issued-repurchased,net-total-equity-issued-repurchased,total-common-preferred-stock-dividends-paid,financial-activities-other,cash-flow-from-financial-activities,net-cash-flow,stock-based-compensation,common-stock-dividends-paid
0,2018-09-30,38.89,$37.70,1.03,$28.71,1.35,$-1.66,0.0,$-1.40,0.0,$1.42B,$1.16B,1.22,$6.74B,$3.00B,2.24,$4.11B,$2.25B,54.75%,$4.11B,$-0.14B,-3.46%,$4.11B,$-0.14B,-3.46%,$4.11B,$0.34B,8.35%,$4.11B,$-0.38B,-9.25%,$4.11B,$-0.20B,-4.90%,$-0.20B,$5.39B,-3.77%,$-0.20B,$5.39B,-3.77%,$-0.20B,$18.82B,-1.07%,$-0.14B,$12.13B,-1.23%,$926,$375,$551,$0,$268,$743,$183,$-96,$87,$20,$67,$67,$67,$309,$183,$143,143,$0.47,$0.47,$462,$289,$12,$1420,$10882,$543,$0,$232,$17396,$18816,$1164,$6735,$3824,$12261,$13425,$0,$3036,$-34,$5391,$18816,$244,$368,$77,$445,$207,$-40,$-53,$-108,$169,$858,$-656,$0,$0,$0,$0,$0,$-29,$-685,$107,$-36,$71,$0,$0,$-191,$0,$-120,$53,$0,$-191
1,2018-06-30,38.4,$37.32,1.03,$29.76,1.29,$-3.44,0.0,$-1.63,0.0,$1.49B,$1.97B,0.76,$6.10B,$5.34B,1.14,$4.26B,$2.37B,55.76%,$4.26B,$-0.20B,-4.77%,$4.26B,$-0.20B,-4.77%,$4.26B,$0.27B,6.34%,$4.26B,$-0.42B,-9.89%,$4.26B,$-0.23B,-5.50%,$-0.23B,$5.34B,-4.31%,$-0.23B,$5.34B,-4.31%,$-0.23B,$18.90B,-1.23%,$-0.20B,$11.44B,-1.76%,$843,$362,$481,$0,$278,$740,$103,$-91,$12,$4,$8,$8,$8,$226,$103,$143,143,$0.06,$0.06,$238,$286,$14,$1494,$10804,$542,$0,$304,$17407,$18901,$1965,$6098,$3808,$11599,$13564,$2389,$2987,$-39,$5337,$18901,$177,$242,$63,$305,$139,$-18,$-48,$-108,$-134,$348,$-597,$0,$0,$0,$-57,$-57,$115,$-539,$26,$167,$193,$0,$0,$-173,$0,$20,$-171,$0,$-173
2,2018-03-31,37.43,$37.37,1.0,$30.87,1.21,$-3.57,0.0,$-0.84,0.0,$1.45B,$1.78B,0.82,$6.00B,$5.34B,1.12,$4.41B,$2.48B,56.28%,$4.41B,$-0.06B,-1.25%,$4.41B,$-0.06B,-1.25%,$4.41B,$0.40B,9.06%,$4.41B,$-0.26B,-5.80%,$4.41B,$-0.12B,-2.74%,$-0.12B,$5.34B,-2.18%,$-0.12B,$5.34B,-2.18%,$-0.12B,$18.58B,-0.63%,$-0.06B,$11.35B,-0.47%,$1180,$617,$563,$0,$271,$991,$189,$31,$220,$51,$169,$169,$169,$308,$189,$143,143,$1.18,$1.18,$199,$284,$15,$1447,$10694,$575,$0,$290,$17137,$18584,$1775,$6001,$3790,$11465,$13240,$2389,$2997,$-42,$5344,$18584,$169,$119,$51,$170,$75,$2,$-40,$-134,$-247,$92,$-227,$0,$0,$0,$-93,$-93,$115,$-205,$92,$-102,$-10,$0,$0,$-87,$0,$-97,$-210,$0,$-87
3,2017-12-31,39.04,$36.75,1.06,$30.82,1.27,$-2.85,0.0,$-0.83,0.0,$1.85B,$2.11B,0.88,$5.91B,$2.87B,2.06,$4.41B,$2.58B,58.48%,$4.41B,$0.08B,1.72%,$4.41B,$0.08B,1.72%,$4.41B,$0.53B,11.94%,$4.41B,$-0.23B,-5.24%,$4.41B,$-0.12B,-2.70%,$-0.12B,$5.26B,-2.10%,$-0.12B,$5.26B,-2.10%,$-0.12B,$18.74B,-0.62%,$0.08B,$11.16B,0.63%,$1157,$504,$653,$0,$266,$1774,$-617,$-82,$-699,$-254,$-445,$-445,$-445,$-500,$-617,$143,143,$-3.11,$-3.11,$409,$304,$71,$1851,$10648,$474,$0,$186,$16888,$18739,$2113,$5906,$3844,$11371,$13484,$0,$2915,$-50,$5255,$18739,$-119,$450,$150,$600,$-56,$-93,$24,$856,$688,$1169,$-1225,$0,$0,$0,$2,$2,$1057,$-166,$133,$-591,$-458,$0,$0,$-344,$0,$-802,$201,$0,$-344
4,2017-09-30,46.92,$40.47,1.16,$30.12,1.56,$-5.87,0.0,$3.15,14.89,$2.16B,$2.45B,0.88,$6.46B,$5.79B,1.12,$4.31B,$2.53B,58.76%,$4.31B,$0.95B,21.96%,$4.31B,$0.95B,21.96%,$4.31B,$1.39B,32.37%,$4.31B,$0.65B,15.16%,$4.31B,$0.45B,10.47%,$0.45B,$5.79B,7.79%,$0.45B,$5.79B,7.79%,$0.45B,$20.02B,2.37%,$0.95B,$12.24B,7.72%,$1076,$400,$676,$0,$248,$954,$122,$-76,$46,$12,$34,$34,$34,$236,$122,$143,143,$0.24,$0.24,$1011,$288,$14,$2164,$10435,$481,$0,$249,$17855,$20019,$2451,$6455,$3186,$11781,$14232,$2389,$3447,$-49,$5787,$20019,$326,$333,$-229,$104,$79,$-58,$-22,$37,$497,$927,$-979,$0,$0,$0,$0,$0,$898,$-81,$134,$81,$215,$0,$0,$-258,$0,$-43,$803,$0,$-258
5,2017-06-30,64.17,$40.85,1.57,$30.24,2.12,$-8.99,0.0,$4.23,15.17,$1.19B,$2.18B,0.54,$6.46B,$5.84B,1.11,$4.32B,$2.55B,58.95%,$4.32B,$1.17B,27.10%,$4.32B,$1.17B,27.10%,$4.32B,$1.62B,37.44%,$4.32B,$0.88B,20.40%,$4.32B,$0.61B,14.01%,$0.61B,$5.84B,10.52%,$0.61B,$5.84B,10.52%,$0.61B,$19.06B,3.25%,$1.17B,$12.29B,9.58%,$1001,$409,$592,$0,$246,$750,$251,$-74,$177,$56,$121,$121,$121,$356,$251,$143,143,$0.85,$0.85,$91,$281,$17,$1186,$14962,$482,$0,$254,$17870,$19056,$2183,$6455,$1953,$11035,$13218,$2389,$3501,$-52,$5838,$19056,$292,$219,$64,$283,$87,$-36,$-31,$-131,$-62,$513,$-780,$0,$0,$0,$-4,$-4,$0,$-784,$136,$188,$324,$0,$0,$-170,$0,$154,$-117,$0,$-170
6,2017-03-31,62.02,$40.63,1.53,$29.57,2.1,$-10.51,0.0,$4.12,15.05,$1.05B,$1.66B,0.63,$6.47B,$5.81B,1.11,$4.23B,$2.52B,59.67%,$4.23B,$1.14B,27.01%,$4.23B,$1.14B,27.01%,$4.23B,$1.59B,37.70%,$4.23B,$0.86B,20.25%,$4.23B,$0.59B,13.95%,$0.59B,$5.81B,10.36%,$0.59B,$5.81B,10.36%,$0.59B,$18.46B,3.22%,$1.14B,$12.27B,9.39%,$1173,$517,$656,$0,$241,$853,$320,$-75,$245,$74,$171,$171,$171,$434,$320,$143,143,$1.19,$1.19,$12,$267,$16,$1047,$14535,$478,$0,$270,$17411,$18458,$1661,$6466,$1966,$10991,$12652,$2389,$3468,$-51,$5806,$18458,$171,$114,$13,$127,$67,$6,$-48,$-8,$11,$309,$-342,$0,$0,$0,$-1,$-1,$0,$-343,$-8,$-72,$-80,$0,$0,$-82,$0,$-162,$-196,$0,$-82
7,2016-12-31,68.93,$40.04,1.72,$29.57,2.33,$-12.55,0.0,$4.16,16.57,$1.51B,$2.07B,0.73,$6.47B,$5.73B,1.13,$4.23B,$2.53B,59.92%,$4.23B,$1.15B,27.28%,$4.23B,$1.15B,27.28%,$4.23B,$1.60B,37.83%,$4.23B,$0.87B,20.49%,$4.23B,$0.60B,14.08%,$0.60B,$5.73B,10.57%,$0.60B,$5.73B,10.57%,$0.60B,$18.71B,3.30%,$1.15B,$12.20B,9.65%,$1057,$450,$607,$0,$259,$804,$253,$-68,$185,$60,$125,$125,$125,$368,$253,$143,143,$0.87,$0.87,$208,$291,$17,$1506,$14324,$475,$0,$272,$17201,$18707,$2065,$6473,$1912,$10917,$12982,$2390,$3384,$-49,$5725,$18707,$595,$446,$196,$642,$-112,$-43,$44,$149,$-145,$1092,$-1579,$0,$0,$0,$72,$72,$-113,$-1620,$475,$410,$885,$0,$0,$-325,$0,$560,$32,$0,$-325
8,2016-09-30,67.53,$39.71,1.7,$28.86,2.34,$-9.80,0.0,$3.98,16.97,$1.45B,$1.86B,0.78,$6.47B,$5.68B,1.14,$4.13B,$2.48B,60.01%,$4.13B,$1.11B,27.00%,$4.13B,$1.11B,27.00%,$4.13B,$1.54B,37.37%,$4.13B,$0.82B,19.92%,$4.13B,$0.57B,13.77%,$0.57B,$5.68B,10.22%,$0.57B,$5.68B,10.22%,$0.57B,$18.45B,3.22%,$1.11B,$12.15B,9.50%,$1093,$399,$694,$0,$253,$745,$348,$-73,$275,$86,$189,$189,$189,$461,$348,$143,143,$1.32,$1.32,$56,$286,$66,$1453,$14000,$476,$0,$315,$16993,$18446,$1864,$6472,$2045,$10907,$12771,$2390,$3342,$-57,$5675,$18446,$471,$331,$117,$448,$-8,$-21,$-36,$215,$-240,$679,$-1178,$0,$0,$0,$-114,$-114,$-88,$-1380,$577,$247,$824,$0,$0,$-243,$0,$581,$-120,$0,$-243
9,2016-06-30,70.04,$38.96,1.8,$28.69,2.44,$-6.62,0.0,$3.70,18.93,$1.14B,$1.64B,0.7,$6.47B,$5.57B,1.16,$4.10B,$2.39B,58.25%,$4.10B,$1.06B,25.80%,$4.10B,$1.06B,25.80%,$4.10B,$1.46B,35.70%,$4.10B,$0.77B,18.75%,$4.10B,$0.53B,12.87%,$0.53B,$5.57B,9.61%,$0.53B,$5.57B,9.61%,$0.53B,$17.67B,3.07%,$1.06B,$12.04B,9.16%,$905,$339,$566,$0,$253,$684,$221,$-70,$151,$46,$105,$105,$105,$331,$221,$143,143,$0.74,$0.74,$67,$286,$66,$1142,$13598,$474,$0,$290,$16530,$17672,$1639,$6468,$1784,$10466,$12105,$2390,$3235,$-58,$5567,$17672,$281,$218,$-43,$175,$26,$-7,$-33,$-22,$-174,$282,$-766,$0,$0,$0,$-93,$-93,$-88,$-947,$578,$138,$716,$0,$0,$-160,$0,$556,$-109,$0,$-160
10,2016-03-31,64.42,$38.76,1.66,$29.13,2.21,$-4.75,0.0,$3.65,17.65,$1.22B,$2.03B,0.6,$5.88B,$5.54B,1.06,$4.16B,$2.37B,56.88%,$4.16B,$1.05B,25.29%,$4.16B,$1.05B,25.29%,$4.16B,$1.46B,35.12%,$4.16B,$0.77B,18.40%,$4.16B,$0.52B,12.54%,$0.52B,$5.54B,9.60%,$0.52B,$5.54B,9.60%,$0.52B,$17.37B,3.10%,$1.05B,$11.42B,9.25%,$1172,$506,$666,$0,$244,$841,$331,$-76,$255,$79,$176,$176,$176,$439,$331,$143,143,$1.23,$1.23,$86,$282,$83,$1217,$13365,$472,$0,$246,$16151,$17368,$2031,$5879,$1703,$9798,$11829,$2390,$3212,$-63,$5539,$17368,$176,$108,$-20,$88,$0,$11,$-39,$-16,$-203,$61,$-385,$0,$0,$0,$-66,$-66,$0,$-451,$-8,$386,$378,$0,$0,$-78,$0,$300,$-90,$0,$-78
11,2015-12-31,55.07,$38.09,1.45,$30.65,1.8,$-3.58,0.0,$5.22,10.55,$1.38B,$1.95B,0.71,$5.88B,$5.44B,1.08,$4.38B,$2.38B,54.36%,$4.38B,$1.31B,29.86%,$4.38B,$1.31B,29.86%,$4.38B,$1.72B,39.32%,$4.38B,$1.14B,26.00%,$4.38B,$0.75B,17.03%,$0.75B,$5.44B,13.85%,$0.75B,$5.44B,13.85%,$0.75B,$17.15B,4.49%,$1.31B,$11.33B,11.63%,$956,$406,$550,$0,$245,$742,$214,$-73,$141,$43,$98,$98,$98,$311,$214,$143,143,$0.69,$0.69,$176,$312,$43,$1378,$13145,$466,$0,$220,$15768,$17146,$1952,$5882,$1647,$9751,$11703,$2390,$3118,$-65,$5443,$17146,$746,$414,$-425,$-11,$188,$-16,$-78,$169,$324,$1059,$-1153,$0,$647,$0,$99,$99,$-253,$-660,$325,$-387,$-62,$14,$14,$-309,$-3,$-360,$39,$0,$-309
12,2015-09-30,50.75,$37.92,1.34,$32.52,1.56,$-5.48,0.0,$5.26,9.65,$1.22B,$1.29B,0.94,$6.02B,$5.42B,1.11,$4.64B,$2.42B,52.24%,$4.64B,$1.33B,28.63%,$4.64B,$1.33B,28.63%,$4.64B,$1.76B,38.03%,$4.64B,$1.15B,24.86%,$4.64B,$0.75B,16.24%,$0.75B,$5.42B,14.29%,$0.75B,$5.42B,14.29%,$0.75B,$16.51B,4.56%,$1.33B,$11.44B,12.03%,$1068,$461,$607,$0,$240,$776,$292,$-70,$222,$73,$149,$149,$149,$383,$292,$143,143,$1.04,$1.04,$54,$311,$106,$1221,$12729,$467,$0,$205,$15285,$16506,$1294,$6018,$1590,$9793,$11087,$2391,$3098,$-70,$5419,$16506,$648,$317,$-482,$-165,$192,$2,$-85,$213,$324,$807,$-851,$0,$647,$0,$0,$0,$-142,$-346,$327,$-654,$-327,$14,$14,$-231,$0,$-544,$-83,$0,$-231
13,2015-06-30,45.21,$37.45,1.21,$32.93,1.37,$-6.72,0.0,$5.23,8.64,$1.29B,$1.16B,1.11,$6.02B,$5.35B,1.13,$4.69B,$2.41B,51.33%,$4.69B,$1.31B,27.82%,$4.69B,$1.31B,27.82%,$4.69B,$1.76B,37.54%,$4.69B,$1.14B,24.26%,$4.69B,$0.75B,15.95%,$0.75B,$5.35B,14.52%,$0.75B,$5.35B,14.52%,$0.75B,$16.37B,4.57%,$1.31B,$11.37B,12.05%,$967,$422,$545,$0,$232,$751,$216,$-68,$148,$49,$99,$99,$99,$329,$216,$143,143,$0.69,$0.69,$55,$331,$46,$1289,$12591,$474,$0,$216,$15079,$16368,$1164,$6018,$1648,$9853,$11017,$2391,$3027,$-67,$5351,$16368,$499,$226,$-462,$-236,$152,$2,$-81,$124,$114,$377,$-594,$0,$647,$0,$86,$86,$-142,$-3,$328,$-645,$-317,$14,$14,$-153,$0,$-456,$-82,$0,$-153
14,2015-03-31,48.55,$37.26,1.3,$33.40,1.45,$-6.72,0.0,$5.22,9.3,$1.44B,$1.73B,0.83,$5.53B,$5.33B,1.04,$4.75B,$2.34B,49.35%,$4.75B,$1.24B,26.17%,$4.75B,$1.24B,26.17%,$4.75B,$1.69B,35.58%,$4.75B,$1.13B,23.83%,$4.75B,$0.75B,15.68%,$0.75B,$5.33B,14.82%,$0.75B,$5.33B,14.82%,$0.75B,$16.41B,4.60%,$1.24B,$10.85B,11.70%,$1389,$710,$679,$0,$232,$803,$586,$42,$628,$228,$400,$400,$400,$699,$586,$143,143,$2.80,$2.80,$31,$318,$204,$1435,$12410,$477,$0,$194,$14971,$16406,$1732,$5525,$1618,$9349,$11081,$2392,$3006,$-73,$5325,$16406,$400,$113,$-434,$-321,$33,$31,$-67,$190,$116,$195,$-352,$0,$645,$0,$-82,$-82,$0,$211,$-158,$-293,$-451,$14,$14,$-75,$0,$-512,$-106,$0,$-75
15,2014-12-31,52.79,$34.95,1.51,$34.95,1.51,$-6.69,0.0,$3.79,13.93,$2.15B,$2.47B,0.87,$5.50B,$4.99B,1.1,$4.95B,$2.35B,47.42%,$4.95B,$1.01B,20.34%,$4.95B,$1.01B,20.34%,$4.95B,$1.46B,29.39%,$4.95B,$0.79B,15.88%,$4.95B,$0.54B,10.87%,$0.54B,$4.99B,10.98%,$0.54B,$4.99B,10.98%,$0.54B,$16.82B,3.38%,$1.01B,$10.48B,9.63%,$1214,$622,$592,$0,$260,$980,$234,$-79,$155,$50,$105,$105,$105,$353,$234,$142,142,$0.73,$0.73,$137,$361,$489,$2145,$12232,$472,$0,$146,$14673,$16818,$2468,$5497,$1620,$9363,$11831,$2378,$2684,$-75,$4987,$16818,$538,$448,$193,$641,$-33,$-62,$36,$-366,$-449,$730,$-1092,$0,$0,$0,$-128,$-128,$-95,$-1315,$240,$542,$782,$98,$98,$-294,$0,$586,$1,$0,$-294
16,2014-09-30,42.97,$34.80,1.23,$34.43,1.25,$-4.55,0.0,$3.79,11.34,$1.36B,$1.54B,0.89,$5.68B,$4.95B,1.15,$4.85B,$2.28B,46.87%,$4.85B,$0.95B,19.49%,$4.85B,$0.95B,19.49%,$4.85B,$1.39B,28.62%,$4.85B,$0.79B,16.25%,$4.85B,$0.54B,11.06%,$0.54B,$4.95B,11.14%,$0.54B,$4.95B,11.14%,$0.54B,$15.87B,3.46%,$0.95B,$10.63B,9.14%,$1121,$529,$592,$0,$227,$852,$269,$-62,$207,$63,$144,$144,$144,$380,$269,$142,142,$1.01,$1.01,$82,$356,$0,$1359,$12203,$511,$0,$179,$14512,$15871,$1536,$5681,$1672,$9387,$10923,$2355,$2654,$-61,$4948,$15871,$433,$329,$32,$361,$111,$-34,$-18,$-226,$-236,$558,$-778,$0,$0,$0,$-43,$-43,$-34,$-855,$277,$111,$388,$75,$75,$-220,$0,$243,$-54,$0,$-220
17,2014-06-30,46.13,$34.23,1.35,$34.04,1.36,$-3.63,0.0,$3.72,12.4,$1.33B,$1.44B,0.92,$5.68B,$4.85B,1.17,$4.78B,$2.25B,47.12%,$4.78B,$0.93B,19.48%,$4.78B,$0.93B,19.48%,$4.78B,$1.38B,28.83%,$4.78B,$0.77B,16.14%,$4.78B,$0.52B,10.95%,$0.52B,$4.85B,11.08%,$0.52B,$4.85B,11.08%,$0.52B,$15.63B,3.43%,$0.93B,$10.54B,9.13%,$1026,$545,$481,$0,$232,$872,$154,$-12,$142,$46,$96,$96,$96,$258,$154,$142,142,$0.68,$0.68,$72,$319,$0,$1328,$12007,$511,$0,$172,$14298,$15626,$1444,$5681,$1651,$9328,$10772,$2331,$2585,$-62,$4854,$15626,$289,$218,$33,$251,$96,$17,$-4,$-240,$-239,$301,$-517,$0,$0,$0,$-19,$-19,$-34,$-570,$278,$21,$299,$51,$51,$-145,$0,$205,$-64,$0,$-145
18,2014-03-31,43.55,$34.03,1.28,$34.08,1.28,$-2.34,0.0,$3.64,11.96,$1.34B,$1.51B,0.89,$5.39B,$4.81B,1.12,$4.77B,$2.28B,47.80%,$4.77B,$0.97B,20.26%,$4.77B,$0.97B,20.26%,$4.77B,$1.42B,29.77%,$4.77B,$0.75B,15.77%,$4.77B,$0.51B,10.75%,$0.51B,$4.81B,11.05%,$0.51B,$4.81B,11.05%,$0.51B,$15.34B,3.40%,$0.97B,$10.20B,9.62%,$1590,$907,$683,$0,$238,$1240,$350,$-68,$282,$89,$193,$193,$193,$464,$350,$141,141,$1.37,$1.37,$110,$280,$0,$1344,$11801,$508,$0,$173,$13998,$15342,$1508,$5388,$1668,$9025,$10533,$2307,$2563,$-61,$4809,$15342,$193,$114,$-1,$113,$-56,$70,$29,$-61,$-168,$138,$-289,$0,$0,$0,$-6,$-6,$0,$-295,$-9,$184,$175,$22,$22,$-66,$0,$131,$-26,$0,$-66
19,2013-12-31,39.4,$33.15,1.19,$32.44,1.21,$-1.99,0.0,$3.38,11.66,$1.42B,$1.44B,0.99,$5.40B,$4.66B,1.16,$4.50B,$2.22B,49.30%,$4.50B,$0.91B,20.24%,$4.50B,$0.91B,20.24%,$4.50B,$1.36B,30.26%,$4.50B,$0.69B,15.44%,$4.50B,$0.47B,10.48%,$0.47B,$4.66B,10.33%,$0.47B,$4.66B,10.33%,$0.47B,$15.16B,3.15%,$0.91B,$10.06B,9.21%,$1117,$598,$519,$0,$250,$944,$173,$-15,$158,$54,$104,$104,$104,$287,$173,$139,139,$0.73,$0.74,$136,$362,$43,$1421,$11643,$504,$0,$189,$13743,$15164,$1442,$5395,$1701,$9058,$10500,$2280,$2444,$-60,$4664,$15164,$471,$450,$26,$476,$-38,$21,$24,$54,$103,$1050,$-1106,$0,$0,$0,$46,$46,$114,$-946,$193,$-247,$-54,$295,$295,$-281,$0,$-40,$64,$0,$-281
20,2013-09-30,38.25,$32.80,1.17,$32.84,1.16,$-3.38,0.0,$3.43,11.15,$1.35B,$1.20B,1.12,$5.43B,$4.60B,1.18,$4.50B,$2.23B,49.54%,$4.50B,$0.95B,21.08%,$4.50B,$0.95B,21.08%,$4.50B,$1.38B,30.70%,$4.50B,$0.69B,15.26%,$4.50B,$0.47B,10.49%,$0.47B,$4.60B,10.65%,$0.47B,$4.60B,10.65%,$0.47B,$15.00B,3.18%,$0.95B,$10.03B,9.84%,$1051,$480,$571,$0,$221,$796,$255,$-65,$190,$59,$131,$131,$131,$370,$255,$140,140,$0.94,$0.94,$30,$408,$0,$1351,$11582,$504,$0,$227,$13646,$14997,$1203,$5431,$1746,$9196,$10399,$4598,$0,$0,$4598,$14997,$368,$336,$43,$379,$70,$-8,$-32,$36,$32,$779,$-868,$0,$0,$0,$38,$38,$-6,$-836,$195,$-245,$-50,$272,$272,$-207,$0,$15,$-42,$0,$-207
21,2013-06-30,40.34,$32.25,1.25,$33.09,1.22,$-3.49,0.0,$3.40,11.87,$1.42B,$1.16B,1.22,$5.43B,$4.51B,1.21,$4.49B,$2.20B,49.04%,$4.49B,$0.93B,20.77%,$4.49B,$0.93B,20.77%,$4.49B,$1.36B,30.21%,$4.49B,$0.67B,14.93%,$4.49B,$0.46B,10.32%,$0.46B,$4.51B,10.76%,$0.46B,$4.51B,10.76%,$0.46B,$14.94B,3.18%,$0.93B,$9.94B,9.91%,$1016,$507,$509,$0,$226,$827,$189,$-66,$123,$38,$85,$85,$85,$300,$189,$140,140,$0.60,$0.60,$92,$411,$1,$1419,$11348,$497,$0,$235,$13519,$14938,$1163,$5432,$1713,$9269,$10432,$4506,$0,$0,$4506,$14938,$237,$221,$29,$250,$101,$2,$-15,$-19,$6,$493,$-526,$0,$0,$0,$40,$40,$-6,$-492,$228,$-319,$-91,$247,$247,$-137,$0,$19,$20,$0,$-137
22,2013-03-31,41.61,$32.06,1.3,$32.64,1.27,$-4.39,0.0,$3.34,12.46,$1.40B,$1.50B,0.94,$5.04B,$4.46B,1.13,$4.38B,$2.18B,49.66%,$4.38B,$0.91B,20.87%,$4.38B,$0.91B,20.87%,$4.38B,$1.33B,30.39%,$4.38B,$0.65B,14.89%,$4.38B,$0.45B,10.27%,$0.45B,$4.46B,10.76%,$0.45B,$4.46B,10.76%,$0.45B,$14.76B,3.15%,$0.91B,$9.50B,10.05%,$1311,$694,$617,$0,$231,$1018,$293,$-70,$223,$72,$151,$151,$151,$403,$293,$134,136,$1.13,$1.11,$43,$390,$1,$1404,$11160,$395,$0,$250,$13353,$14757,$1496,$5039,$1662,$8798,$10294,$4463,$0,$0,$4463,$14757,$151,$110,$13,$123,$-22,$37,$5,$6,$-81,$193,$-291,$0,$0,$0,$16,$16,$0,$-275,$-9,$-93,$-102,$221,$221,$-66,$0,$53,$-29,$0,$-66
23,2012-12-31,36.74,$31.47,1.17,$31.38,1.17,$-4.70,0.0,$3.14,11.7,$1.53B,$1.81B,0.84,$4.95B,$4.15B,1.19,$4.18B,$2.11B,50.57%,$4.18B,$0.86B,20.57%,$4.18B,$0.86B,20.57%,$4.18B,$1.27B,30.44%,$4.18B,$0.60B,14.42%,$4.18B,$0.42B,10.06%,$0.42B,$4.15B,10.35%,$0.42B,$4.15B,10.35%,$0.42B,$14.62B,3.00%,$0.86B,$9.10B,9.62%,$1123,$590,$533,$0,$232,$911,$212,$-61,$151,$46,$105,$105,$105,$309,$212,$131,133,$0.79,$0.79,$72,$440,$1,$1527,$10896,$487,$0,$242,$13089,$14616,$1811,$4949,$1626,$8651,$10462,$1983,$2257,$-86,$4154,$14616,$420,$412,$109,$521,$5,$-53,$34,$-98,$-102,$839,$-1077,$0,$0,$0,$58,$58,$-37,$-1056,$450,$-30,$420,$97,$97,$-257,$0,$260,$43,$0,$-257
24,2012-09-30,38.44,$31.14,1.23,$30.91,1.24,$-3.20,0.0,$3.11,12.36,$1.36B,$1.41B,0.97,$4.98B,$4.10B,1.22,$4.09B,$2.08B,50.84%,$4.09B,$0.86B,20.91%,$4.09B,$0.86B,20.91%,$4.09B,$1.27B,31.16%,$4.09B,$0.59B,14.50%,$4.09B,$0.41B,10.10%,$0.41B,$4.10B,10.34%,$0.41B,$4.10B,10.34%,$0.41B,$13.96B,3.01%,$0.86B,$9.07B,9.73%,$1038,$496,$542,$0,$215,$800,$238,$-65,$173,$51,$122,$122,$122,$344,$238,$131,134,$0.93,$0.91,$41,$438,$2,$1361,$10597,$488,$0,$228,$12603,$13964,$1411,$4976,$1548,$8458,$9869,$4095,$0,$0,$4095,$13964,$315,$315,$61,$376,$46,$-34,$-7,$89,$77,$768,$-868,$0,$0,$0,$38,$38,$-37,$-867,$489,$-259,$230,$73,$73,$-192,$0,$111,$12,$0,$-192
25,2012-06-30,37.71,$30.61,1.23,$31.53,1.2,$-2.75,0.0,$3.01,12.53,$1.37B,$1.62B,0.84,$4.71B,$4.01B,1.17,$4.14B,$2.06B,49.60%,$4.14B,$0.83B,20.08%,$4.14B,$0.83B,20.08%,$4.14B,$1.25B,30.12%,$4.14B,$0.57B,13.73%,$4.14B,$0.40B,9.56%,$0.40B,$4.01B,10.08%,$0.40B,$4.01B,10.08%,$0.40B,$13.75B,2.93%,$0.83B,$8.72B,9.71%,$908,$425,$483,$0,$223,$737,$171,$-66,$105,$33,$72,$72,$72,$275,$171,$131,133,$0.55,$0.54,$28,$441,$2,$1367,$10412,$482,$0,$223,$12382,$13749,$1622,$4707,$1481,$8117,$9739,$4010,$0,$0,$4010,$13749,$193,$209,$58,$267,$77,$-25,$-32,$2,$-21,$439,$-591,$0,$0,$0,$26,$26,$-38,$-603,$224,$17,$241,$50,$50,$-128,$0,$163,$-1,$0,$-128
26,2012-03-31,35.58,$30.50,1.17,$32.42,1.1,$-1.93,0.0,$2.90,12.27,$1.36B,$1.35B,1.01,$4.86B,$3.98B,1.22,$4.24B,$2.02B,47.60%,$4.24B,$0.80B,18.96%,$4.24B,$0.80B,18.96%,$4.24B,$1.21B,28.45%,$4.24B,$0.54B,12.82%,$4.24B,$0.38B,8.97%,$0.38B,$3.98B,9.80%,$0.38B,$3.98B,9.80%,$0.38B,$13.58B,2.84%,$0.80B,$8.84B,9.52%,$1107,$553,$554,$0,$227,$869,$238,$-65,$173,$52,$121,$121,$121,$343,$238,$130,132,$0.93,$0.91,$27,$440,$2,$1359,$10255,$485,$0,$244,$12221,$13580,$1345,$4862,$1481,$8258,$9603,$3977,$0,$0,$3977,$13580,$121,$105,$47,$152,$65,$-11,$-18,$-22,$-88,$185,$-321,$0,$0,$0,$42,$42,$-38,$-317,$235,$-68,$167,$26,$26,$-63,$0,$130,$-2,$0,$-63
27,2011-12-31,34.76,$29.92,1.16,$33.98,1.02,$-1.32,0.0,$2.99,11.63,$1.49B,$1.64B,0.91,$4.62B,$3.89B,1.19,$4.41B,$2.02B,45.77%,$4.41B,$0.81B,18.44%,$4.41B,$0.81B,18.44%,$4.41B,$1.21B,27.38%,$4.41B,$0.56B,12.59%,$4.41B,$0.39B,8.78%,$0.39B,$3.89B,10.10%,$0.39B,$3.89B,10.10%,$0.39B,$13.53B,2.94%,$0.81B,$8.51B,9.95%,$1036,$536,$500,$0,$205,$828,$208,$-66,$142,$44,$98,$98,$98,$312,$208,$129,130,$0.76,$0.73,$29,$442,$2,$1491,$10047,$392,$0,$241,$12043,$13534,$1642,$4622,$1517,$8003,$9645,$1886,$2097,$-94,$3889,$13534,$387,$394,$152,$546,$34,$-44,$-99,$-23,$-122,$811,$-848,$0,$0,$0,$-168,$-168,$-61,$-1077,$158,$233,$391,$97,$97,$-248,$0,$240,$-26,$0,$-248
28,2011-09-30,30.86,$29.68,1.04,$35.09,0.88,$-1.55,0.0,$2.98,10.36,$1.42B,$1.69B,0.84,$4.38B,$3.84B,1.14,$4.52B,$2.02B,44.63%,$4.52B,$0.81B,17.92%,$4.52B,$0.81B,17.92%,$4.52B,$1.20B,26.47%,$4.52B,$0.55B,12.26%,$4.52B,$0.38B,8.48%,$0.38B,$3.84B,10.12%,$0.38B,$3.84B,10.12%,$0.38B,$13.17B,2.94%,$0.81B,$8.21B,10.11%,$1092,$574,$518,$0,$216,$877,$215,$-66,$149,$44,$105,$105,$105,$318,$215,$129,130,$0.81,$0.81,$74,$406,$113,$1421,$9923,$472,$0,$162,$11749,$13170,$1686,$4376,$1556,$7646,$9332,$3838,$0,$0,$3838,$13170,$289,$290,$85,$375,$175,$2,$-108,$-34,$13,$677,$-715,$0,$0,$0,$-100,$-100,$-61,$-876,$169,$161,$330,$73,$73,$-185,$0,$218,$19,$0,$-185
29,2011-06-30,29.67,$29.50,1.01,$35.25,0.84,$-1.07,0.0,$2.96,10.02,$1.44B,$1.65B,0.87,$4.38B,$3.81B,1.15,$4.52B,$1.99B,44.14%,$4.52B,$0.79B,17.52%,$4.52B,$0.79B,17.52%,$4.52B,$1.16B,25.76%,$4.52B,$0.54B,12.05%,$4.52B,$0.38B,8.39%,$0.38B,$3.81B,10.18%,$0.38B,$3.81B,10.18%,$0.38B,$13.14B,2.94%,$0.79B,$8.18B,10.12%,$1000,$556,$444,$0,$216,$858,$142,$-63,$79,$23,$56,$56,$56,$232,$142,$129,130,$0.44,$0.43,$166,$412,$4,$1435,$9949,$469,$0,$163,$11709,$13144,$1653,$4379,$1630,$7686,$9339,$3805,$0,$0,$3805,$13144,$184,$187,$38,$225,$210,$8,$-93,$-48,$16,$425,$-467,$0,$0,$0,$-13,$-13,$-61,$-541,$173,$126,$299,$50,$50,$-122,$0,$227,$111,$0,$-122
30,2011-03-31,29.31,$29.60,0.99,$35.03,0.84,$-1.38,0.0,$2.96,9.9,$1.40B,$1.83B,0.76,$3.99B,$3.80B,1.05,$4.45B,$1.99B,44.59%,$4.45B,$0.79B,17.65%,$4.45B,$0.79B,17.65%,$4.45B,$1.16B,26.11%,$4.45B,$0.55B,12.30%,$4.45B,$0.38B,8.46%,$0.38B,$3.80B,10.31%,$0.38B,$3.80B,10.31%,$0.38B,$12.87B,2.97%,$0.79B,$7.79B,10.26%,$1281,$725,$556,$0,$222,$1033,$248,$-63,$185,$57,$128,$128,$128,$345,$248,$128,129,$1.00,$1.00,$122,$414,$5,$1395,$9797,$458,$0,$157,$11478,$12873,$1825,$3989,$1599,$7248,$9073,$3800,$0,$0,$3800,$12873,$128,$97,$9,$106,$192,$17,$-146,$43,$7,$241,$-295,$0,$0,$0,$-5,$-5,$0,$-300,$70,$92,$162,$25,$25,$-61,$0,$126,$67,$0,$-61
31,2010-12-31,29.87,$29.15,1.02,$36.62,0.82,$-1.35,0.0,$2.98,10.02,$1.63B,$1.87B,0.87,$4.15B,$3.70B,1.12,$4.60B,$1.96B,42.66%,$4.60B,$0.77B,16.69%,$4.60B,$0.77B,16.69%,$4.60B,$1.15B,24.89%,$4.60B,$0.54B,11.63%,$4.60B,$0.38B,8.17%,$0.38B,$3.70B,10.50%,$0.38B,$3.70B,10.50%,$0.38B,$12.97B,3.01%,$0.77B,$7.85B,9.99%,$1146,$647,$499,$0,$210,$941,$205,$-64,$141,$47,$94,$94,$94,$301,$205,$126,126,$0.74,$0.74,$55,$441,$6,$1631,$9662,$377,$0,$161,$11337,$12968,$1867,$4152,$1598,$7399,$9266,$1789,$1960,$-47,$3702,$12968,$376,$377,$220,$597,$-143,$11,$79,$-122,$-162,$811,$-876,$0,$0,$0,$2,$2,$0,$-874,$-41,$85,$44,$149,$149,$-237,$0,$-44,$-107,$0,$-237
32,2010-09-30,29.32,$28.13,1.04,$36.51,0.8,$-2.51,0.0,$2.86,10.25,$1.48B,$1.97B,0.75,$3.87B,$3.58B,1.08,$4.55B,$1.91B,41.89%,$4.55B,$0.74B,16.24%,$4.55B,$0.74B,16.24%,$4.55B,$1.10B,24.07%,$4.55B,$0.52B,11.49%,$4.55B,$0.36B,7.87%,$0.36B,$3.58B,10.21%,$0.36B,$3.58B,10.21%,$0.36B,$12.60B,2.92%,$0.74B,$7.45B,9.61%,$1088,$594,$494,$0,$213,$892,$196,$-57,$139,$38,$101,$101,$101,$285,$196,$127,128,$0.80,$0.79,$27,$431,$6,$1476,$9461,$372,$0,$143,$11126,$12602,$1968,$3865,$1644,$7050,$9018,$3584,$0,$0,$3584,$12602,$281,$281,$131,$412,$53,$31,$-33,$-83,$-46,$647,$-623,$0,$0,$0,$-84,$-84,$0,$-707,$-22,$0,$-22,$124,$124,$-177,$0,$-75,$-135,$0,$-177
33,2010-06-30,25.7,$27.99,0.92,$35.49,0.72,$-3.38,0.0,$2.91,8.83,$1.32B,$1.60B,0.82,$4.02B,$3.54B,1.14,$4.38B,$1.88B,42.82%,$4.38B,$0.72B,16.38%,$4.38B,$0.72B,16.38%,$4.38B,$1.07B,24.34%,$4.38B,$0.53B,12.00%,$4.38B,$0.36B,8.21%,$0.36B,$3.54B,10.36%,$0.36B,$3.54B,10.36%,$0.36B,$12.25B,2.99%,$0.72B,$7.57B,9.28%,$939,$502,$437,$0,$217,$802,$137,$-54,$83,$29,$54,$54,$54,$232,$137,$125,125,$0.43,$0.43,$82,$441,$8,$1318,$9277,$441,$0,$143,$10934,$12252,$1604,$4021,$1559,$7104,$8708,$3544,$0,$0,$3544,$12252,$180,$192,$102,$294,$100,$30,$-53,$-58,$-114,$360,$-439,$0,$0,$0,$-22,$-22,$0,$-461,$136,$-104,$32,$106,$106,$-117,$0,$21,$-80,$0,$-117
34,2010-03-31,26.66,$27.60,0.97,$35.21,0.76,$-3.09,0.0,$2.93,9.1,$1.42B,$1.31B,1.08,$4.38B,$3.49B,1.25,$4.32B,$1.86B,42.94%,$4.32B,$0.71B,16.34%,$4.32B,$0.71B,16.34%,$4.32B,$1.06B,24.50%,$4.32B,$0.52B,12.03%,$4.32B,$0.36B,8.35%,$0.36B,$3.49B,10.51%,$0.36B,$3.49B,10.51%,$0.36B,$12.14B,3.03%,$0.71B,$7.87B,9.02%,$1428,$895,$533,$0,$220,$1198,$230,$-58,$172,$45,$127,$127,$127,$327,$230,$124,124,$1.02,$1.02,$157,$425,$9,$1421,$9118,$439,$0,$149,$10721,$12142,$1313,$4375,$1502,$7335,$8648,$3494,$0,$0,$3494,$12142,$127,$97,$4,$101,$-3,$56,$-33,$-3,$-55,$173,$-222,$0,$0,$0,$-2,$-2,$0,$-224,$193,$-115,$78,$26,$26,$-58,$0,$46,$-5,$0,$-58
35,2009-12-31,26.38,$27.71,0.95,$34.79,0.76,$-2.63,0.0,$2.85,9.26,$1.52B,$1.26B,1.21,$4.48B,$3.41B,1.32,$4.24B,$1.83B,43.24%,$4.24B,$0.70B,16.50%,$4.24B,$0.70B,16.50%,$4.24B,$1.05B,24.69%,$4.24B,$0.52B,12.37%,$4.24B,$0.35B,8.21%,$0.35B,$3.41B,10.24%,$0.35B,$3.41B,10.24%,$0.35B,$12.09B,2.96%,$0.70B,$7.89B,8.93%,$1095,$653,$442,$0,$199,$919,$176,$-47,$129,$45,$84,$80,$76,$251,$176,$122,122,$0.62,$0.62,$162,$491,$10,$1521,$9009,$364,$0,$148,$10573,$12094,$1256,$4483,$1485,$7430,$8686,$1640,$1823,$-55,$3408,$12094,$357,$347,$61,$408,$134,$-76,$-46,$-106,$-86,$679,$-883,$0,$0,$0,$-6,$-6,$0,$-889,$1,$255,$256,$78,$78,$-234,$0,$100,$-110,$0,$-234
36,2009-09-30,24.12,$28.09,0.86,$36.95,0.65,$-4.64,0.0,$2.96,8.15,$1.26B,$1.06B,1.18,$4.17B,$3.35B,1.25,$4.44B,$1.86B,41.79%,$4.44B,$0.70B,15.75%,$4.44B,$0.70B,15.75%,$4.44B,$1.06B,23.83%,$4.44B,$0.53B,11.90%,$4.44B,$0.36B,8.06%,$0.36B,$3.46B,10.73%,$0.36B,$3.46B,10.73%,$0.36B,$11.65B,3.08%,$0.70B,$7.62B,9.05%,$921,$456,$465,$0,$207,$746,$175,$-33,$142,$40,$102,$104,$103,$257,$175,$123,123,$0.84,$0.84,$103,$481,$11,$1259,$8822,$349,$0,$144,$10389,$11648,$1063,$4166,$1502,$7127,$8190,$3345,$0,$0,$3458,$11648,$277,$272,$31,$303,$330,$-57,$-138,$-91,$24,$604,$-688,$0,$0,$0,$-5,$-5,$0,$-693,$-305,$231,$-74,$167,$167,$-173,$0,$-80,$-169,$0,$-173
37,2009-06-30,22.14,$27.62,0.8,$40.25,0.55,$-6.28,0.0,$2.92,7.58,$1.55B,$0.89B,1.74,$4.55B,$3.27B,1.39,$4.79B,$1.86B,38.92%,$4.79B,$0.71B,14.91%,$4.79B,$0.71B,14.91%,$4.79B,$1.08B,22.64%,$4.79B,$0.53B,11.05%,$4.79B,$0.35B,7.29%,$0.35B,$3.38B,10.69%,$0.35B,$3.38B,10.69%,$0.35B,$11.72B,3.07%,$0.71B,$7.93B,9.42%,$878,$462,$416,$0,$208,$753,$125,$-48,$77,$21,$56,$57,$55,$224,$125,$122,122,$0.45,$0.45,$390,$418,$13,$1546,$8641,$376,$0,$143,$10174,$11720,$891,$4546,$1482,$7446,$8337,$3270,$0,$0,$3383,$11720,$173,$190,$19,$209,$279,$27,$-105,$-127,$18,$400,$-442,$0,$0,$0,$0,$0,$0,$-442,$71,$56,$127,$147,$147,$-114,$0,$160,$118,$0,$-114
38,2009-03-31,20.74,$27.43,0.76,$43.48,0.48,$-7.06,0.0,$2.95,7.03,$1.65B,$0.88B,1.88,$4.52B,$3.23B,1.4,$5.13B,$1.87B,36.42%,$5.13B,$0.72B,14.04%,$5.13B,$0.72B,14.04%,$5.13B,$1.07B,20.86%,$5.13B,$0.54B,10.49%,$5.13B,$0.35B,6.84%,$0.35B,$3.34B,10.95%,$0.35B,$3.34B,10.95%,$0.35B,$11.60B,3.17%,$0.72B,$7.87B,9.95%,$1343,$834,$509,$0,$203,$1120,$223,$-47,$176,$61,$115,$116,$114,$314,$223,$121,121,$0.94,$0.94,$448,$388,$14,$1649,$8443,$338,$0,$145,$9953,$11602,$877,$4524,$1465,$7384,$8261,$3228,$0,$0,$3341,$11602,$116,$91,$14,$105,$225,$68,$-68,$-127,$27,$248,$-240,$0,$0,$0,$0,$0,$0,$-240,$72,$26,$98,$126,$126,$-56,$0,$168,$176,$0,$-56
39,2008-12-31,23.5,$26.76,0.88,$45.50,0.52,$-7.32,0.0,$2.95,7.97,$1.84B,$1.16B,1.59,$4.36B,$3.05B,1.43,$5.32B,$1.87B,35.19%,$5.32B,$0.71B,13.35%,$5.32B,$0.71B,13.35%,$5.32B,$1.05B,19.82%,$5.32B,$0.53B,10.04%,$5.32B,$0.35B,6.50%,$0.35B,$3.16B,10.97%,$0.35B,$3.16B,10.97%,$0.35B,$11.50B,3.23%,$0.71B,$7.52B,10.33%,$1302,$835,$467,$0,$213,$1125,$177,$-43,$134,$48,$86,$87,$86,$264,$177,$117,117,$0.73,$0.73,$272,$466,$15,$1836,$8305,$316,$0,$140,$9666,$11502,$1155,$4361,$1455,$7189,$8344,$1449,$1705,$-109,$3158,$11502,$353,$344,$59,$403,$-21,$-114,$-14,$-143,$-302,$454,$-885,$0,$0,$0,$-2,$-2,$0,$-887,$1295,$-547,$748,$42,$42,$-219,$0,$571,$138,$0,$-219
40,2008-09-30,25.35,$27.00,0.94,$44.43,0.57,$-3.51,0.0,$2.97,8.54,$1.17B,$1.05B,1.12,$3.82B,$3.06B,1.25,$5.19B,$1.84B,35.44%,$5.19B,$0.70B,13.45%,$5.19B,$0.70B,13.45%,$5.19B,$1.03B,19.89%,$5.19B,$0.54B,10.46%,$5.19B,$0.35B,6.69%,$0.35B,$3.17B,11.08%,$0.35B,$3.17B,11.08%,$0.35B,$10.62B,3.34%,$0.70B,$7.00B,10.77%,$1266,$794,$472,$0,$200,$1077,$189,$-47,$142,$50,$92,$96,$94,$282,$189,$117,117,$0.80,$0.80,$122,$430,$19,$1174,$7990,$303,$0,$116,$9450,$10624,$1052,$3822,$1306,$6399,$7451,$3060,$0,$0,$3173,$10624,$266,$257,$17,$274,$52,$-66,$-64,$-15,$-136,$404,$-676,$0,$0,$0,$0,$0,$0,$-676,$949,$-547,$402,$23,$23,$-165,$0,$260,$-12,$0,$-165
41,2008-06-30,23.82,$26.91,0.89,$42.86,0.56,$-0.81,0.0,$2.96,8.05,$1.27B,$1.33B,0.95,$3.43B,$3.04B,1.13,$5.00B,$1.83B,36.57%,$5.00B,$0.70B,13.95%,$5.00B,$0.70B,13.95%,$5.00B,$1.02B,20.39%,$5.00B,$0.54B,10.86%,$5.00B,$0.35B,6.90%,$0.35B,$3.15B,11.13%,$0.35B,$3.15B,11.13%,$0.35B,$10.52B,3.39%,$0.70B,$6.58B,11.20%,$1218,$798,$420,$0,$210,$1087,$131,$-45,$86,$29,$57,$59,$57,$210,$131,$117,117,$0.48,$0.48,$150,$328,$24,$1270,$7855,$234,$0,$114,$9248,$10518,$1331,$3428,$1336,$6039,$7370,$3035,$0,$0,$3148,$10518,$170,$164,$41,$205,$78,$45,$17,$-116,$-48,$327,$-458,$0,$0,$0,$0,$0,$0,$-458,$555,$-299,$256,$0,$0,$-109,$0,$147,$16,$0,$-109
42,2008-03-31,23.28,$26.79,0.87,$41.05,0.57,$0.42,55.44,$2.95,7.89,$1.27B,$1.28B,0.99,$3.28B,$3.02B,1.08,$4.79B,$1.81B,37.76%,$4.79B,$0.68B,14.26%,$4.79B,$0.68B,14.26%,$4.79B,$1.02B,21.29%,$4.79B,$0.53B,11.08%,$4.79B,$0.34B,7.16%,$0.34B,$3.14B,11.19%,$0.34B,$3.14B,11.19%,$0.34B,$10.25B,3.44%,$0.68B,$6.41B,11.23%,$1533,$1020,$513,$0,$220,$1320,$213,$-41,$172,$62,$110,$111,$109,$298,$213,$117,117,$0.94,$0.94,$178,$297,$28,$1265,$7672,$218,$0,$116,$8984,$10249,$1282,$3276,$1306,$5832,$7114,$3022,$0,$0,$3135,$10249,$111,$85,$17,$102,$8,$86,$-65,$-12,$-59,$154,$-177,$0,$0,$0,$0,$0,$0,$-177,$391,$-271,$120,$0,$0,$-53,$0,$67,$44,$0,$-53
43,2007-12-31,26.49,$26.27,1.01,$39.60,0.67,$0.57,46.14,$2.74,9.67,$1.30B,$1.72B,0.76,$2.88B,$2.96B,0.97,$4.62B,$1.77B,38.20%,$4.62B,$0.63B,13.70%,$4.62B,$0.63B,13.70%,$4.62B,$0.98B,21.25%,$4.62B,$0.48B,10.39%,$4.62B,$0.32B,6.92%,$0.32B,$3.07B,10.55%,$0.32B,$3.07B,10.55%,$0.32B,$10.17B,3.26%,$0.63B,$5.95B,10.60%,$1172,$738,$434,$0,$198,$1007,$165,$-22,$143,$47,$96,$94,$87,$242,$165,$117,117,$0.75,$0.75,$134,$393,$33,$1301,$7538,$275,$0,$115,$8864,$10165,$1721,$2879,$1259,$5371,$7092,$1407,$1575,$-22,$3073,$10165,$327,$349,$28,$377,$17,$-41,$-38,$53,$26,$730,$-715,$0,$0,$0,$-10,$-10,$0,$-725,$6,$140,$146,$-8,$-8,$-210,$0,$-72,$-67,$0,$-210
44,2007-09-30,24.1,$26.10,0.92,$39.64,0.61,$2.58,9.35,$2.56,9.42,$1.11B,$1.37B,0.81,$2.96B,$2.93B,1.01,$4.62B,$1.75B,37.90%,$4.62B,$0.61B,13.17%,$4.62B,$0.61B,13.17%,$4.62B,$0.98B,21.12%,$4.62B,$0.44B,9.55%,$4.62B,$0.30B,6.45%,$0.30B,$3.04B,9.92%,$0.30B,$3.04B,9.92%,$0.30B,$9.81B,3.06%,$0.61B,$6.00B,10.15%,$1079,$617,$462,$0,$197,$890,$189,$-47,$142,$46,$96,$92,$92,$270,$189,$117,117,$0.79,$0.79,$127,$398,$38,$1114,$7309,$273,$0,$114,$8700,$9814,$1370,$2956,$1180,$5401,$6771,$2930,$0,$0,$3043,$9814,$232,$272,$38,$310,$186,$-37,$-133,$-17,$-7,$535,$-490,$0,$0,$0,$-9,$-9,$0,$-499,$-3,$83,$80,$-33,$-33,$-157,$0,$-110,$-74,$0,$-157
45,2007-06-30,23.55,$25.79,0.91,$39.54,0.6,$4.67,5.05,$2.53,9.31,$1.08B,$1.29B,0.84,$2.96B,$2.89B,1.02,$4.60B,$1.73B,37.67%,$4.60B,$0.58B,12.50%,$4.60B,$0.58B,12.50%,$4.60B,$0.97B,21.02%,$4.60B,$0.42B,9.07%,$4.60B,$0.30B,6.41%,$0.30B,$3.01B,9.91%,$0.30B,$3.01B,9.91%,$0.30B,$9.66B,3.06%,$0.58B,$5.97B,9.59%,$1007,$607,$400,$0,$198,$891,$116,$-42,$74,$17,$57,$55,$55,$210,$116,$117,117,$0.47,$0.47,$90,$360,$43,$1082,$7179,$242,$0,$119,$8580,$9662,$1289,$2959,$1163,$5366,$6655,$2894,$0,$0,$3007,$9662,$140,$191,$13,$204,$158,$10,$-112,$-14,$10,$354,$-342,$0,$0,$0,$-10,$-10,$0,$-352,$-31,$22,$-9,$-4,$-4,$-100,$0,$-113,$-111,$0,$-100
46,2007-03-31,26.26,$25.81,1.02,$39.09,0.67,$6.66,3.94,$2.56,10.26,$1.13B,$1.22B,0.93,$2.97B,$2.90B,1.02,$4.54B,$1.72B,37.89%,$4.54B,$0.58B,12.81%,$4.54B,$0.58B,12.81%,$4.54B,$0.96B,21.14%,$4.54B,$0.43B,9.39%,$4.54B,$0.30B,6.57%,$0.30B,$3.01B,10.11%,$0.30B,$3.01B,10.11%,$0.30B,$9.60B,3.12%,$0.58B,$5.97B,9.71%,$1363,$894,$469,$0,$215,$1200,$163,$-42,$121,$30,$91,$86,$86,$260,$163,$117,117,$0.73,$0.73,$52,$333,$46,$1131,$7097,$286,$0,$116,$8473,$9604,$1220,$2965,$1156,$5375,$6595,$2895,$0,$0,$3009,$9604,$86,$97,$22,$119,$63,$49,$-107,$2,$-61,$144,$-149,$0,$0,$0,$-8,$-8,$0,$-157,$-26,$-56,$-82,$-3,$-3,$-51,$0,$-136,$-149,$0,$-51
47,2006-12-31,24.45,$25.30,0.97,$39.49,0.62,$7.80,3.14,$2.68,9.12,$1.38B,$1.41B,0.98,$3.07B,$2.85B,1.08,$4.56B,$1.71B,37.41%,$4.56B,$0.60B,13.21%,$4.56B,$0.60B,13.21%,$4.56B,$0.97B,21.19%,$4.56B,$0.45B,9.77%,$4.56B,$0.31B,6.79%,$0.31B,$2.96B,10.65%,$0.31B,$2.96B,10.65%,$0.31B,$9.82B,3.26%,$0.60B,$6.03B,10.16%,$1168,$749,$419,$0,$197,$1028,$140,$-36,$104,$26,$78,$72,$65,$235,$140,$116,116,$0.57,$0.57,$201,$393,$22,$1376,$7007,$276,$0,$166,$8441,$9817,$1405,$3067,$1124,$5452,$6857,$1411,$1464,$-29,$2960,$9817,$310,$364,$12,$376,$218,$-80,$-77,$-2,$67,$753,$-506,$0,$0,$0,$-25,$-25,$0,$-531,$-24,$60,$36,$79,$79,$-198,$0,$-83,$139,$0,$-198
