,Date,Stock Price,Book Value per Share,Price to Book Ratio,TTM Sales per Share,Price to Sales Ratio,TTM FCF per Share,Price to FCF Ratio,TTM Net EPS,PE Ratio,Current Assets,Current Liabilities,Current Ratio,Long Term Debt,Shareholder's Equity_x,Debt to Equity Ratio,TTM Revenue_x,TTM Gross Profit,Gross Margin,TTM Revenue_y,TTM Operating Income,Operating Margin,TTM Revenue_x,TTM EBIT,EBIT Margin,TTM Revenue_y,TTM EBITDA,EBITDA Margin,TTM Revenue_x,TTM Pre-Tax Income,Pre-Tax Margin,TTM Revenue_y,TTM Net Income_x,Net Margin,TTM Net Income_y,Shareholder's Equity_y,Return on Equity,TTM Net Income_x,Tangible Equity,Return on Tangible Equity,TTM Net Income_y,Total Assets,Return on Assets,TTM Net Income,LT Investments & Debt,Return on Investment,revenue,cost-goods-sold,gross-profit,research-development-expenses,selling-general-administrative-expenses,operating-expenses,operating-income,total-non-operating-income-expense,pre-tax-income,total-provision-income-taxes,income-after-taxes,income-from-continuous-operations,net-income,ebitda,ebit,basic-shares-outstanding,shares-outstanding,eps-basic-net-earnings-per-share,eps-earnings-per-share-diluted,cash-on-hand,inventory,other-current-assets,total-current-assets,net-property-plant-equipment,long-term-investments,goodwill-intangible-assets-total,other-long-term-assets,total-long-term-assets,total-assets,total-current-liabilities,long-term-debt,other-non-current-liabilities,total-long-term-liabilities,total-liabilities,common-stock-net,retained-earnings-accumulated-deficit,comprehensive-income,total-share-holder-equity,total-liabilities-share-holders-equity,net-income-loss,total-depreciation-amortization-cash-flow,other-non-cash-items,total-non-cash-items,change-in-accounts-receivable,change-in-inventories,change-in-accounts-payable,change-in-assets-liabilities,total-change-in-assets-liabilities,cash-flow-from-operating-activities,net-change-in-property-plant-equipment,net-change-in-intangible-assets,net-acquisitions-divestitures,net-change-in-short-term-investments,net-change-in-long-term-investments,net-change-in-investments-total,investing-activities-other,cash-flow-from-investing-activities,net-long-term-debt,net-current-debt,debt-issuance-retirement-net-total,net-common-equity-issued-repurchased,net-total-equity-issued-repurchased,total-common-preferred-stock-dividends-paid,financial-activities-other,cash-flow-from-financial-activities,net-cash-flow,stock-based-compensation,common-stock-dividends-paid
0,2018-08-31,26.35,$25.10,1.05,$82.49,0.32,$0.76,34.55,$5.46,4.83,$0.45B,$0.26B,1.76,$0.11B,$0.67B,0.16,$2.36B,$0.35B,14.97%,$2.36B,$0.15B,6.26%,$2.36B,$0.15B,6.35%,$2.36B,$0.20B,8.50%,$2.36B,$0.14B,5.96%,$2.36B,$0.16B,6.60%,$0.16B,$0.67B,25.69%,$0.16B,$0.50B,35.88%,$0.16B,$1.11B,14.79%,$0.15B,$0.78B,19.10%,$670,$583,$87,$0,$50,$632,$38,$-2,$36,$-24,$60,$60,$60,$52,$39,$28,29,$2.17,$2.10,$5,$206,$0,$448,$416,$12,$172,$26,$656,$1105,$255,$106,$62,$180,$435,$27,$640,$-37,$670,$1105,$160,$50,$-23,$27,$-45,$-24,$26,$7,$-27,$160,$-78,$0,$-2,$0,$0,$0,$7,$-73,$-44,$0,$-44,$-17,$-17,$-21,$-6,$-88,$-3,$19,$-21
1,2018-05-31,30.95,$22.99,1.35,$76.63,0.4,$-0.14,0.0,$4.01,7.72,$0.48B,$0.22B,2.2,$0.17B,$0.62B,0.28,$2.19B,$0.33B,15.13%,$2.19B,$0.13B,6.03%,$2.19B,$0.13B,6.12%,$2.19B,$0.18B,8.41%,$2.19B,$0.12B,5.67%,$2.19B,$0.11B,5.21%,$0.11B,$0.62B,19.86%,$0.11B,$0.45B,28.39%,$0.11B,$1.08B,11.26%,$0.13B,$0.79B,17.56%,$652,$549,$103,$0,$54,$601,$51,$-2,$49,$11,$39,$39,$37,$64,$52,$28,29,$1.35,$1.31,$10,$234,$0,$477,$393,$12,$173,$23,$601,$1077,$217,$172,$60,$241,$458,$27,$585,$-37,$620,$1077,$100,$37,$2,$39,$-62,$-58,$26,$-2,$-84,$54,$-46,$0,$-2,$0,$0,$0,$3,$-45,$24,$0,$24,$-9,$-9,$-16,$-5,$-6,$3,$14,$-16
2,2018-02-28,33.58,$21.66,1.55,$71.07,0.47,$0.31,107.38,$3.30,10.18,$0.46B,$0.19B,2.42,$0.21B,$0.59B,0.36,$2.01B,$0.29B,14.61%,$2.01B,$0.10B,4.97%,$2.01B,$0.10B,5.07%,$2.01B,$0.15B,7.55%,$2.01B,$0.09B,4.62%,$2.01B,$0.09B,4.67%,$0.09B,$0.59B,17.14%,$0.09B,$0.41B,24.97%,$0.09B,$1.05B,9.66%,$0.10B,$0.80B,13.72%,$559,$472,$87,$0,$54,$526,$33,$-2,$31,$-11,$42,$42,$41,$46,$33,$28,29,$1.48,$1.42,$15,$222,$0,$460,$387,$11,$173,$20,$592,$1052,$190,$210,$60,$274,$465,$27,$553,$-37,$587,$1052,$61,$25,$-7,$18,$-62,$-49,$15,$9,$-90,$-11,$-27,$0,$-2,$0,$0,$0,$2,$-27,$65,$0,$65,$-4,$-4,$-11,$-4,$46,$8,$8,$-11
3,2017-11-30,28.67,$20.28,1.41,$65.36,0.44,$1.06,27.02,$2.28,12.58,$0.40B,$0.17B,2.31,$0.18B,$0.55B,0.33,$1.84B,$0.26B,14.27%,$1.84B,$0.08B,4.41%,$1.84B,$0.09B,4.63%,$1.84B,$0.14B,7.35%,$1.84B,$0.07B,4.03%,$1.84B,$0.06B,3.49%,$0.06B,$0.55B,12.13%,$0.06B,$0.38B,17.99%,$0.06B,$0.99B,6.81%,$0.08B,$0.74B,11.45%,$483,$406,$77,$0,$51,$457,$26,$-1,$25,$6,$19,$19,$18,$39,$26,$28,29,$0.66,$0.64,$9,$216,$0,$395,$387,$12,$171,$21,$590,$986,$171,$184,$59,$263,$434,$27,$517,$-37,$552,$986,$19,$13,$5,$17,$-9,$-47,$9,$6,$-52,$-16,$-15,$0,$0,$0,$0,$0,$2,$-14,$40,$0,$40,$0,$0,$-5,$-3,$31,$2,$5,$-5
4,2017-08-31,26.23,$19.86,1.32,$60.71,0.43,$1.96,13.36,$1.59,16.5,$0.34B,$0.18B,1.92,$0.14B,$0.54B,0.27,$1.69B,$0.22B,13.22%,$1.69B,$0.06B,3.32%,$1.69B,$0.06B,3.56%,$1.69B,$0.11B,6.46%,$1.69B,$0.05B,2.85%,$1.69B,$0.05B,2.67%,$0.05B,$0.54B,8.77%,$0.05B,$0.37B,13.18%,$0.05B,$0.93B,4.93%,$0.06B,$0.68B,8.07%,$494,$431,$64,$0,$42,$472,$22,$-3,$19,$1,$19,$19,$18,$35,$23,$28,28,$0.67,$0.63,$7,$167,$0,$338,$391,$11,$172,$22,$596,$934,$176,$144,$56,$220,$396,$27,$504,$-35,$537,$934,$47,$50,$9,$59,$-36,$-22,$33,$3,$-6,$100,$-45,$0,$0,$0,$0,$0,$-1,$-45,$-49,$0,$-49,$0,$0,$-20,$-6,$-75,$-20,$11,$-20
5,2017-05-31,18.68,$19.14,0.98,$57.49,0.32,$2.37,7.89,$1.53,12.21,$0.33B,$0.15B,2.31,$0.18B,$0.52B,0.36,$1.58B,$0.21B,13.45%,$1.58B,$0.05B,3.28%,$1.58B,$0.06B,3.54%,$1.58B,$0.11B,6.69%,$1.58B,$0.05B,2.90%,$1.58B,$0.04B,2.71%,$0.04B,$0.52B,8.53%,$0.04B,$0.35B,12.92%,$0.04B,$0.92B,4.76%,$0.05B,$0.70B,7.48%,$477,$411,$66,$0,$48,$458,$19,$-2,$18,$0,$17,$17,$17,$32,$20,$28,28,$0.60,$0.60,$15,$166,$0,$334,$383,$13,$171,$20,$587,$921,$145,$184,$56,$259,$404,$27,$491,$-41,$518,$921,$28,$37,$7,$44,$-22,$-25,$13,$2,$-21,$51,$-32,$0,$0,$0,$0,$0,$-3,$-35,$-8,$0,$-8,$0,$0,$-15,$-4,$-28,$-12,$9,$-15
6,2017-02-28,22.81,$18.59,1.23,$53.13,0.43,$2.74,8.31,$1.33,17.15,$0.33B,$0.14B,2.46,$0.21B,$0.50B,0.42,$1.46B,$0.20B,13.98%,$1.46B,$0.05B,3.29%,$1.46B,$0.05B,3.50%,$1.46B,$0.10B,7.06%,$1.46B,$0.04B,2.74%,$1.46B,$0.04B,2.54%,$0.04B,$0.50B,7.45%,$0.04B,$0.33B,11.38%,$0.04B,$0.92B,4.15%,$0.05B,$0.71B,6.93%,$382,$327,$55,$0,$44,$368,$14,$-2,$12,$1,$12,$12,$11,$29,$16,$28,28,$0.40,$0.40,$10,$169,$0,$331,$385,$13,$171,$20,$589,$920,$135,$209,$56,$283,$418,$27,$479,$-41,$503,$920,$11,$25,$4,$29,$-25,$-30,$17,$8,$-33,$6,$-22,$0,$0,$0,$0,$0,$-4,$-26,$17,$0,$17,$0,$0,$-10,$-4,$3,$-17,$6,$-10
7,2016-11-30,26.52,$18.30,1.45,$50.05,0.53,$4.46,5.95,$-0.59,0.0,$0.29B,$0.13B,2.34,$0.19B,$0.49B,0.38,$1.37B,$0.18B,13.03%,$1.37B,$-0.00B,-0.22%,$1.37B,$-0.00B,-0.15%,$1.37B,$0.05B,3.73%,$1.37B,$-0.01B,-0.81%,$1.37B,$-0.02B,-1.10%,$-0.02B,$0.49B,-3.06%,$-0.02B,$0.32B,-4.71%,$-0.02B,$0.88B,-1.72%,$-0.00B,$0.68B,-0.44%,$334,$296,$38,$0,$37,$334,$1,$-1,$-1,$-0,$-1,$-1,$-1,$13,$1,$27,27,$-0.05,$-0.05,$8,$148,$0,$294,$386,$14,$171,$14,$585,$879,$126,$187,$55,$259,$385,$27,$474,$-41,$494,$879,$-1,$13,$4,$16,$-2,$-13,$14,$-0,$-9,$6,$-11,$0,$0,$0,$-0,$-0,$0,$-11,$-5,$0,$-5,$0,$0,$-5,$-4,$-14,$-19,$3,$-5
8,2016-08-31,17.71,$18.72,0.95,$49.68,0.36,$5.78,3.06,$-0.74,0.0,$0.30B,$0.13B,2.24,$0.18B,$0.50B,0.37,$1.35B,$0.18B,13.01%,$1.35B,$-0.01B,-0.59%,$1.35B,$-0.01B,-0.52%,$1.35B,$0.05B,3.62%,$1.35B,$-0.02B,-1.11%,$1.35B,$-0.02B,-1.40%,$-0.02B,$0.50B,-3.82%,$-0.02B,$0.33B,-5.87%,$-0.02B,$0.89B,-2.16%,$-0.01B,$0.69B,-1.15%,$391,$337,$54,$0,$35,$372,$18,$-2,$17,$-0,$17,$17,$16,$32,$19,$27,27,$0.61,$0.61,$27,$133,$0,$300,$393,$14,$172,$13,$592,$891,$134,$184,$56,$256,$390,$27,$480,$-40,$501,$891,$-18,$55,$42,$97,$-11,$28,$-1,$-1,$20,$99,$-35,$0,$0,$0,$-0,$-0,$4,$-30,$-37,$0,$-37,$-3,$-3,$-20,$-4,$-65,$4,$10,$-20
9,2016-05-31,15.03,$18.27,0.82,$52.26,0.29,$7.57,1.99,$-0.93,0.0,$0.29B,$0.11B,2.56,$0.20B,$0.49B,0.41,$1.42B,$0.18B,12.33%,$1.42B,$-0.02B,-1.20%,$1.42B,$-0.02B,-1.20%,$1.42B,$0.04B,2.96%,$1.42B,$-0.02B,-1.69%,$1.42B,$-0.02B,-1.69%,$-0.02B,$0.49B,-4.73%,$-0.02B,$0.32B,-7.26%,$-0.02B,$0.88B,-2.67%,$-0.02B,$0.69B,-2.38%,$352,$295,$57,$0,$42,$337,$15,$-3,$12,$0,$12,$12,$11,$29,$15,$27,27,$0.40,$0.40,$7,$157,$0,$290,$387,$13,$172,$15,$587,$876,$113,$202,$55,$274,$388,$27,$469,$-39,$489,$876,$-34,$43,$38,$81,$5,$4,$4,$0,$5,$51,$-21,$0,$0,$0,$0,$0,$3,$-19,$-26,$0,$-26,$-3,$-3,$-15,$-3,$-48,$-16,$7,$-15
10,2016-02-29,13.53,$17.83,0.76,$56.67,0.24,$8.55,1.58,$-1.69,0.0,$0.26B,$0.11B,2.48,$0.20B,$0.48B,0.41,$1.53B,$0.16B,10.50%,$1.53B,$-0.04B,-2.35%,$1.53B,$-0.04B,-2.35%,$1.53B,$0.03B,1.63%,$1.53B,$-0.04B,-2.74%,$1.53B,$-0.05B,-2.93%,$-0.05B,$0.48B,-8.67%,$-0.05B,$0.31B,-13.25%,$-0.05B,$0.85B,-4.83%,$-0.04B,$0.67B,-4.86%,$289,$260,$29,$0,$34,$326,$-37,$-2,$-39,$1,$-40,$-40,$-41,$-23,$-37,$27,27,$-1.52,$-1.52,$9,$146,$0,$261,$394,$13,$172,$13,$591,$852,$105,$197,$56,$270,$375,$27,$463,$-40,$477,$852,$-46,$29,$34,$63,$26,$13,$0,$3,$30,$47,$-16,$0,$0,$0,$0,$0,$1,$-15,$-30,$0,$-30,$-3,$-3,$-10,$-3,$-47,$-14,$3,$-10
11,2015-11-30,15.06,$19.61,0.77,$62.23,0.24,$7.35,2.05,$-7.41,0.0,$0.27B,$0.10B,2.68,$0.20B,$0.52B,0.39,$1.68B,$0.16B,9.69%,$1.68B,$-0.20B,-11.89%,$1.68B,$-0.20B,-11.83%,$1.68B,$-0.13B,-7.97%,$1.68B,$-0.20B,-12.13%,$1.68B,$-0.20B,-11.89%,$-0.20B,$0.52B,-37.31%,$-0.20B,$0.34B,-56.58%,$-0.20B,$0.90B,-20.28%,$-0.20B,$0.73B,-25.40%,$321,$285,$36,$0,$38,$325,$-4,$-1,$-5,$-1,$-5,$-5,$-5,$11,$-4,$27,27,$-0.20,$-0.20,$19,$153,$0,$270,$419,$15,$181,$14,$630,$901,$101,$203,$56,$275,$376,$27,$510,$-39,$524,$901,$-5,$15,$3,$18,$38,$5,$-5,$2,$28,$41,$-9,$0,$0,$0,$-0,$-0,$1,$-9,$-25,$0,$-25,$-3,$-3,$-5,$-3,$-36,$-4,$3,$-5
12,2015-08-31,15.61,$20.11,0.78,$70.94,0.22,$5.22,2.99,$-7.30,0.0,$0.32B,$0.12B,2.68,$0.23B,$0.54B,0.42,$1.92B,$0.17B,9.03%,$1.92B,$-0.20B,-10.18%,$1.92B,$-0.19B,-10.13%,$1.92B,$-0.13B,-6.53%,$1.92B,$-0.20B,-10.44%,$1.92B,$-0.20B,-10.29%,$-0.20B,$0.54B,-33.10%,$-0.20B,$0.36B,-52.53%,$-0.20B,$0.96B,-18.05%,$-0.20B,$0.77B,-22.13%,$457,$404,$53,$0,$44,$448,$9,$-1,$8,$-4,$12,$12,$11,$25,$9,$27,27,$0.40,$0.40,$23,$157,$0,$322,$428,$15,$182,$15,$640,$962,$120,$228,$57,$303,$424,$27,$520,$-39,$539,$962,$-195,$68,$197,$265,$56,$69,$-36,$0,$74,$145,$-32,$0,$-0,$0,$-0,$-0,$4,$-28,$-92,$0,$-92,$-1,$-1,$-20,$-6,$-119,$-3,$10,$-20
13,2015-05-31,15.97,$20.02,0.8,$79.41,0.2,$4.85,3.29,$-7.42,0.0,$0.36B,$0.13B,2.84,$0.26B,$0.54B,0.49,$2.14B,$0.19B,8.77%,$2.14B,$-0.19B,-8.63%,$2.14B,$-0.18B,-8.58%,$2.14B,$-0.11B,-5.22%,$2.14B,$-0.19B,-8.91%,$2.14B,$-0.20B,-9.38%,$-0.20B,$0.54B,-30.71%,$-0.20B,$0.35B,-50.79%,$-0.20B,$1.01B,-16.90%,$-0.19B,$0.80B,-19.21%,$467,$424,$43,$0,$40,$471,$-4,$-2,$-6,$1,$-8,$-8,$-10,$12,$-4,$27,27,$-0.36,$-0.36,$9,$197,$0,$362,$432,$15,$184,$17,$648,$1010,$127,$263,$62,$347,$474,$27,$514,$-34,$536,$1010,$-206,$52,$198,$250,$61,$26,$-29,$5,$36,$79,$-23,$0,$-0,$0,$0,$0,$2,$-21,$-55,$0,$-55,$0,$0,$-15,$-4,$-75,$-17,$8,$-15
14,2015-02-28,13.84,$20.36,0.68,$85.65,0.16,$4.39,3.16,$-6.94,0.0,$0.41B,$0.13B,3.17,$0.31B,$0.55B,0.57,$2.31B,$0.20B,8.48%,$2.31B,$-0.18B,-7.70%,$2.31B,$-0.18B,-7.66%,$2.31B,$-0.10B,-4.41%,$2.31B,$-0.18B,-7.96%,$2.31B,$-0.19B,-8.13%,$-0.19B,$0.55B,-26.36%,$-0.19B,$0.36B,-45.17%,$-0.19B,$1.07B,-14.64%,$-0.18B,$0.86B,-16.95%,$437,$407,$31,$0,$42,$638,$-201,$-0,$-201,$-10,$-192,$-192,$-196,$-182,$-200,$27,27,$-7.24,$-7.24,$8,$256,$0,$413,$441,$15,$184,$17,$657,$1071,$131,$313,$62,$395,$525,$27,$529,$-36,$545,$1071,$-197,$37,$194,$231,$69,$-38,$-22,$6,$-17,$16,$-17,$0,$-0,$0,$-0,$-0,$1,$-16,$-5,$0,$-5,$0,$0,$-10,$-4,$-19,$-18,$4,$-10
15,2014-11-30,19.89,$28.41,0.7,$92.70,0.21,$5.34,3.73,$0.37,53.75,$0.45B,$0.14B,3.34,$0.34B,$0.76B,0.45,$2.50B,$0.22B,8.80%,$2.50B,$0.03B,1.20%,$2.50B,$0.03B,1.20%,$2.50B,$0.11B,4.28%,$2.50B,$0.02B,0.84%,$2.50B,$0.01B,0.40%,$0.01B,$0.76B,1.30%,$0.01B,$0.43B,2.31%,$0.01B,$1.32B,0.73%,$0.03B,$1.10B,2.67%,$554,$508,$46,$0,$45,$553,$1,$-1,$-1,$0,$-1,$-1,$-2,$20,$1,$27,27,$-0.09,$-0.09,$15,$244,$0,$451,$508,$15,$332,$17,$872,$1322,$135,$340,$60,$426,$561,$27,$730,$-21,$761,$1322,$-2,$19,$2,$20,$31,$-26,$-25,$3,$-35,$-16,$-10,$0,$0,$0,$0,$0,$1,$-9,$22,$0,$22,$0,$0,$-5,$-2,$14,$-11,$3,$-5
16,2014-08-31,23.96,$29.07,0.82,$94.12,0.25,$6.73,3.56,$0.23,104.19,$0.46B,$0.18B,2.62,$0.32B,$0.78B,0.41,$2.54B,$0.22B,8.64%,$2.54B,$0.03B,0.99%,$2.54B,$0.03B,1.03%,$2.54B,$0.11B,4.14%,$2.54B,$0.02B,0.63%,$2.54B,$0.01B,0.24%,$0.01B,$0.78B,0.78%,$0.01B,$0.44B,1.38%,$0.01B,$1.36B,0.43%,$0.03B,$1.10B,2.20%,$686,$618,$68,$0,$49,$667,$19,$-2,$17,$6,$11,$11,$7,$38,$19,$27,27,$0.26,$0.26,$26,$216,$0,$464,$523,$15,$336,$17,$891,$1355,$177,$319,$60,$402,$579,$27,$738,$-13,$776,$1355,$10,$79,$11,$90,$-16,$36,$9,$0,$42,$141,$-39,$0,$-2,$0,$-4,$-4,$4,$-41,$-55,$-9,$-64,$0,$0,$-20,$-4,$-88,$12,$15,$-20
17,2014-05-31,21.42,$28.96,0.74,$93.16,0.23,$1.04,20.67,$-10.86,0.0,$0.49B,$0.16B,3.14,$0.38B,$0.77B,0.49,$2.50B,$0.19B,7.52%,$2.50B,$-0.34B,-13.48%,$2.50B,$-0.34B,-13.40%,$2.50B,$-0.26B,-10.20%,$2.50B,$-0.35B,-13.88%,$2.50B,$-0.29B,-11.60%,$-0.29B,$0.77B,-37.53%,$-0.29B,$0.44B,-66.67%,$-0.29B,$1.39B,-20.83%,$-0.34B,$1.15B,-29.23%,$635,$584,$51,$0,$45,$633,$3,$-2,$1,$-4,$4,$4,$3,$22,$3,$27,27,$0.12,$0.12,$29,$231,$0,$493,$526,$14,$336,$18,$895,$1388,$157,$376,$59,$460,$617,$27,$735,$-13,$771,$1388,$1,$60,$13,$73,$-17,$18,$2,$-1,$-2,$73,$-29,$0,$-2,$0,$0,$0,$-2,$-33,$2,$-9,$-7,$0,$0,$-15,$-2,$-24,$16,$10,$-15
18,2014-02-28,21.65,$28.79,0.75,$96.13,0.23,$-3.00,0.0,$-10.95,0.0,$0.48B,$0.15B,3.13,$0.38B,$0.77B,0.49,$2.58B,$0.20B,7.57%,$2.58B,$-0.33B,-12.93%,$2.58B,$-0.33B,-12.82%,$2.58B,$-0.25B,-9.67%,$2.58B,$-0.34B,-13.32%,$2.58B,$-0.29B,-11.34%,$-0.29B,$0.77B,-34.39%,$-0.29B,$0.43B,-67.95%,$-0.29B,$1.38B,-19.53%,$-0.33B,$1.15B,-26.89%,$626,$571,$55,$0,$46,$620,$7,$-3,$4,$1,$3,$3,$2,$27,$7,$27,27,$0.07,$0.07,$20,$253,$0,$479,$537,$15,$336,$17,$905,$1384,$153,$378,$61,$464,$617,$27,$737,$-16,$767,$1384,$-3,$41,$11,$52,$5,$-8,$2,$2,$-3,$46,$-21,$0,$-2,$0,$0,$0,$-1,$-24,$5,$-9,$-4,$0,$0,$-10,$-2,$-15,$7,$7,$-10
19,2013-11-30,25.96,$29.03,0.89,$97.63,0.27,$-7.34,0.0,$-10.70,0.0,$0.47B,$0.14B,3.32,$0.39B,$0.77B,0.51,$2.61B,$0.20B,7.70%,$2.61B,$-0.33B,-12.60%,$2.61B,$-0.33B,-12.45%,$2.61B,$-0.24B,-9.35%,$2.61B,$-0.34B,-12.95%,$2.61B,$-0.29B,-10.92%,$-0.29B,$0.77B,-30.74%,$-0.29B,$0.43B,-66.90%,$-0.29B,$1.39B,-17.80%,$-0.33B,$1.17B,-24.89%,$588,$542,$45,$0,$48,$591,$-4,$-3,$-6,$-1,$-5,$-5,$-6,$18,$-3,$27,27,$-0.23,$-0.23,$30,$280,$0,$466,$554,$15,$339,$18,$926,$1392,$140,$393,$63,$480,$620,$27,$741,$-10,$772,$1392,$-5,$21,$4,$25,$57,$-39,$-4,$0,$6,$26,$-14,$0,$-2,$0,$-0,$-0,$1,$-16,$21,$-9,$12,$0,$0,$-5,$-1,$6,$16,$4,$-5
20,2013-08-31,21.26,$29.41,0.72,$97.97,0.22,$-11.01,0.0,$-10.53,0.0,$0.47B,$0.17B,2.81,$0.37B,$0.78B,0.48,$2.62B,$0.21B,7.91%,$2.62B,$-0.32B,-12.39%,$2.62B,$-0.32B,-12.27%,$2.62B,$-0.24B,-9.17%,$2.62B,$-0.33B,-12.69%,$2.62B,$-0.28B,-10.74%,$-0.28B,$0.78B,-27.98%,$-0.28B,$0.44B,-66.00%,$-0.28B,$1.41B,-16.60%,$-0.32B,$1.15B,-23.36%,$651,$615,$37,$0,$44,$994,$-343,$-3,$-346,$-61,$-285,$-285,$-289,$-322,$-342,$27,27,$-10.85,$-10.85,$13,$236,$0,$467,$564,$15,$341,$19,$938,$1406,$166,$373,$63,$458,$624,$27,$752,$-9,$781,$1406,$-280,$83,$287,$370,$-79,$47,$-11,$-11,$-51,$39,$-90,$0,$-25,$0,$-2,$-2,$5,$-112,$35,$9,$43,$0,$0,$-20,$-28,$-4,$-76,$11,$-20
21,2013-05-31,20.66,$40.65,0.51,$101.20,0.2,$-3.06,0.0,$0.27,76.51,$0.54B,$0.16B,3.3,$0.41B,$1.08B,0.38,$2.73B,$0.22B,8.07%,$2.73B,$0.02B,0.66%,$2.73B,$0.02B,0.73%,$2.73B,$0.10B,3.74%,$2.73B,$0.01B,0.40%,$2.73B,$0.01B,0.29%,$0.01B,$1.08B,0.74%,$0.01B,$0.41B,1.89%,$0.01B,$1.80B,0.45%,$0.02B,$1.49B,1.24%,$710,$652,$58,$0,$49,$703,$7,$-3,$5,$3,$2,$2,$1,$28,$8,$27,27,$0.03,$0.03,$37,$296,$0,$536,$569,$17,$661,$15,$1262,$1798,$162,$413,$60,$560,$722,$26,$1046,$-11,$1076,$1798,$9,$62,$13,$76,$-43,$-20,$-10,$-12,$-83,$2,$-67,$0,$-23,$0,$0,$0,$-1,$-90,$75,$0,$75,$0,$0,$-15,$-26,$35,$-53,$10,$-15
22,2013-02-28,23.76,$40.77,0.58,$106.36,0.22,$2.30,10.33,$0.64,37.12,$0.55B,$0.16B,3.45,$0.40B,$1.08B,0.37,$2.90B,$0.23B,8.08%,$2.90B,$0.03B,1.14%,$2.90B,$0.03B,1.17%,$2.90B,$0.12B,4.04%,$2.90B,$0.03B,0.86%,$2.90B,$0.02B,0.62%,$0.02B,$1.08B,1.65%,$0.02B,$0.42B,4.13%,$0.02B,$1.81B,1.01%,$0.03B,$1.48B,2.28%,$662,$601,$61,$0,$49,$651,$11,$-2,$9,$0,$9,$9,$9,$32,$12,$27,27,$0.32,$0.32,$35,$305,$0,$545,$567,$16,$663,$16,$1262,$1807,$158,$401,$59,$571,$729,$26,$1051,$-10,$1079,$1807,$7,$42,$10,$51,$-32,$-46,$-11,$-10,$-102,$-44,$-48,$0,$-23,$0,$-1,$-1,$1,$-70,$63,$0,$63,$0,$0,$-5,$-0,$58,$-55,$7,$-5
23,2012-11-30,23.26,$40.93,0.57,$113.55,0.2,$5.65,4.11,$0.67,34.72,$0.52B,$0.17B,3.1,$0.35B,$1.08B,0.32,$3.12B,$0.24B,7.78%,$3.12B,$0.04B,1.28%,$3.12B,$0.04B,1.31%,$3.12B,$0.12B,3.97%,$3.12B,$0.03B,0.99%,$3.12B,$0.02B,0.61%,$0.02B,$1.08B,1.73%,$0.02B,$0.43B,4.23%,$0.02B,$1.76B,1.05%,$0.04B,$1.43B,2.74%,$593,$542,$51,$0,$48,$592,$1,$-2,$-0,$1,$-1,$-1,$-2,$22,$1,$27,27,$-0.06,$-0.06,$24,$303,$0,$515,$564,$16,$649,$14,$1244,$1759,$166,$346,$57,$512,$678,$26,$1049,$-4,$1081,$1759,$-1,$21,$5,$26,$-20,$-51,$-10,$2,$-84,$-60,$-27,$0,$0,$0,$0,$0,$1,$-26,$11,$9,$20,$0,$0,$0,$0,$20,$-65,$4,$0
24,2012-08-31,22.64,$41.23,0.55,$120.54,0.19,$4.87,4.65,$0.98,23.1,$0.52B,$0.18B,2.89,$0.34B,$1.09B,0.31,$3.34B,$0.26B,7.84%,$3.34B,$0.05B,1.62%,$3.34B,$0.06B,1.68%,$3.34B,$0.14B,4.13%,$3.34B,$0.04B,1.26%,$3.34B,$0.03B,0.84%,$0.03B,$1.09B,2.54%,$0.03B,$0.43B,6.13%,$0.03B,$1.76B,1.52%,$0.05B,$1.42B,3.60%,$762,$712,$50,$0,$47,$764,$-1,$-1,$-3,$-2,$-1,$-1,$-0,$20,$-1,$27,28,$-0.02,$-0.01,$90,$247,$0,$517,$564,$17,$651,$14,$1247,$1764,$179,$335,$57,$499,$678,$26,$1056,$-3,$1086,$1764,$29,$82,$14,$96,$82,$94,$-26,$-4,$119,$245,$-79,$0,$-7,$0,$-0,$-0,$1,$-84,$-69,$0,$-69,$-33,$-33,$-11,$-7,$-120,$40,$9,$-11
25,2012-05-31,21.24,$41.11,0.52,$131.54,0.16,$0.11,200.58,$2.31,9.2,$0.59B,$0.19B,3.16,$0.36B,$1.11B,0.32,$3.66B,$0.33B,8.93%,$3.66B,$0.11B,3.03%,$3.66B,$0.11B,3.11%,$3.66B,$0.20B,5.36%,$3.66B,$0.10B,2.68%,$3.66B,$0.07B,1.78%,$0.07B,$1.11B,5.88%,$0.07B,$0.46B,14.09%,$0.07B,$1.81B,3.47%,$0.11B,$1.46B,7.30%,$880,$808,$72,$0,$50,$858,$22,$-3,$19,$8,$12,$12,$11,$43,$22,$28,28,$0.41,$0.40,$56,$328,$0,$590,$545,$17,$644,$15,$1222,$1811,$187,$357,$55,$519,$706,$27,$1080,$-8,$1105,$1811,$30,$61,$10,$72,$69,$11,$-17,$-2,$35,$136,$-55,$0,$0,$0,$-1,$-1,$1,$-55,$-45,$0,$-45,$-14,$-14,$-7,$-8,$-74,$7,$7,$-7
26,2012-02-29,36.58,$40.94,0.89,$134.93,0.27,$-5.05,0.0,$3.09,11.84,$0.64B,$0.19B,3.44,$0.41B,$1.12B,0.37,$3.76B,$0.37B,9.73%,$3.76B,$0.14B,3.83%,$3.76B,$0.15B,3.96%,$3.76B,$0.23B,6.09%,$3.76B,$0.13B,3.48%,$3.76B,$0.09B,2.31%,$0.09B,$1.12B,7.92%,$0.09B,$0.47B,19.27%,$0.09B,$1.87B,4.59%,$0.14B,$1.53B,9.35%,$887,$817,$70,$0,$52,$869,$18,$-3,$15,$5,$10,$10,$10,$39,$19,$28,28,$0.35,$0.35,$52,$325,$0,$642,$553,$18,$646,$15,$1231,$1874,$187,$413,$47,$570,$757,$27,$1080,$-1,$1117,$1874,$18,$41,$8,$49,$8,$14,$-15,$0,$-26,$41,$-43,$0,$0,$0,$-0,$-0,$1,$-43,$10,$0,$10,$-3,$-3,$-1,$-2,$4,$2,$6,$-1
27,2011-11-30,37.56,$40.43,0.93,$128.85,0.29,$-5.92,0.0,$3.84,9.78,$0.70B,$0.19B,3.62,$0.48B,$1.10B,0.44,$3.60B,$0.39B,10.71%,$3.60B,$0.17B,4.78%,$3.60B,$0.18B,4.92%,$3.60B,$0.26B,7.09%,$3.60B,$0.16B,4.56%,$3.60B,$0.11B,3.00%,$0.11B,$1.10B,10.01%,$0.11B,$0.46B,23.54%,$0.11B,$1.93B,5.86%,$0.17B,$1.58B,11.49%,$812,$742,$70,$0,$56,$797,$15,$-4,$11,$4,$8,$8,$7,$36,$16,$27,28,$0.26,$0.25,$27,$410,$0,$701,$553,$18,$642,$15,$1227,$1928,$194,$481,$48,$633,$826,$27,$1070,$-5,$1102,$1928,$8,$20,$4,$25,$8,$-74,$-19,$-2,$-119,$-86,$-26,$0,$0,$0,$0,$0,$0,$-25,$80,$14,$94,$-3,$-3,$-0,$-1,$89,$-22,$5,$-0
28,2011-08-31,36.85,$40.34,0.91,$123.77,0.3,$-3.42,0.0,$4.23,8.71,$0.65B,$0.23B,2.8,$0.40B,$1.10B,0.37,$3.46B,$0.39B,11.22%,$3.46B,$0.19B,5.35%,$3.46B,$0.19B,5.49%,$3.46B,$0.27B,7.66%,$3.46B,$0.18B,5.23%,$3.46B,$0.12B,3.44%,$0.12B,$1.10B,11.30%,$0.12B,$0.45B,24.15%,$0.12B,$1.89B,6.94%,$0.19B,$1.51B,13.25%,$1081,$966,$115,$0,$60,$1025,$56,$-4,$53,$14,$39,$39,$37,$78,$57,$28,28,$1.32,$1.31,$49,$335,$0,$654,$555,$17,$649,$15,$1236,$1890,$233,$403,$48,$556,$789,$27,$1065,$2,$1101,$1890,$124,$75,$31,$106,$-92,$-45,$45,$-7,$-89,$140,$-105,$0,$-294,$0,$0,$0,$-1,$-400,$303,$0,$303,$-10,$-10,$-2,$-11,$280,$19,$14,$-2
29,2011-05-31,47.81,$39.06,1.22,$107.80,0.44,$-3.80,0.0,$3.54,13.51,$0.67B,$0.20B,3.43,$0.47B,$1.07B,0.44,$3.02B,$0.34B,11.24%,$3.02B,$0.15B,5.07%,$3.02B,$0.16B,5.24%,$3.02B,$0.23B,7.59%,$3.02B,$0.15B,5.04%,$3.02B,$0.10B,3.28%,$0.10B,$1.07B,9.68%,$0.10B,$0.42B,18.88%,$0.10B,$1.89B,6.28%,$0.15B,$1.54B,11.87%,$981,$871,$111,$0,$57,$926,$55,$-3,$52,$18,$34,$34,$33,$76,$57,$28,28,$1.19,$1.18,$33,$364,$0,$669,$539,$16,$652,$13,$1220,$1889,$195,$469,$47,$620,$815,$27,$1029,$2,$1074,$1889,$85,$54,$32,$86,$-113,$-73,$16,$4,$-159,$13,$-75,$0,$-294,$0,$-1,$-1,$0,$-370,$368,$3,$371,$1,$1,$-1,$-9,$361,$2,$9,$-1
30,2011-02-28,51.92,$37.74,1.38,$97.70,0.53,$-1.40,0.0,$3.79,13.7,$0.61B,$0.19B,3.16,$0.32B,$1.04B,0.31,$2.74B,$0.33B,12.15%,$2.74B,$0.16B,5.91%,$2.74B,$0.17B,6.09%,$2.74B,$0.24B,8.58%,$2.74B,$0.16B,5.95%,$2.74B,$0.11B,3.87%,$0.11B,$1.04B,10.61%,$0.11B,$0.50B,18.82%,$0.11B,$1.66B,7.35%,$0.16B,$1.36B,13.80%,$722,$633,$89,$0,$44,$676,$46,$2,$48,$16,$32,$32,$31,$65,$47,$28,28,$1.12,$1.10,$48,$357,$0,$605,$488,$16,$537,$14,$1055,$1660,$191,$320,$49,$431,$623,$27,$996,$1,$1037,$1660,$51,$34,$5,$39,$-29,$-80,$31,$3,$-70,$20,$-46,$0,$-166,$0,$-1,$-1,$0,$-213,$220,$0,$220,$0,$0,$-1,$-9,$210,$18,$7,$-1
31,2010-11-30,46.16,$36.38,1.27,$91.94,0.5,$-0.66,0.0,$3.31,13.94,$0.52B,$0.13B,4.1,$0.18B,$1.00B,0.18,$2.58B,$0.31B,12.08%,$2.58B,$0.15B,5.62%,$2.58B,$0.15B,5.73%,$2.58B,$0.21B,8.29%,$2.58B,$0.14B,5.54%,$2.58B,$0.09B,3.56%,$0.09B,$1.00B,9.45%,$0.09B,$0.60B,16.07%,$0.09B,$1.42B,6.84%,$0.15B,$1.18B,13.26%,$675,$603,$73,$0,$45,$647,$28,$-0,$28,$9,$19,$19,$18,$46,$29,$28,28,$0.65,$0.64,$57,$276,$0,$523,$466,$17,$403,$8,$893,$1416,$128,$179,$48,$289,$417,$27,$966,$-2,$1000,$1416,$19,$16,$4,$21,$-35,$-6,$-7,$1,$-57,$-18,$-25,$0,$-7,$0,$-1,$-1,$0,$-32,$80,$0,$80,$0,$0,$-0,$-3,$77,$27,$4,$-0
32,2010-08-31,35.76,$35.73,1.0,$81.73,0.44,$-2.62,0.0,$2.37,15.09,$0.46B,$0.16B,2.88,$0.10B,$0.98B,0.1,$2.30B,$0.28B,12.26%,$2.30B,$0.13B,5.48%,$2.30B,$0.13B,5.61%,$2.30B,$0.19B,8.39%,$2.30B,$0.12B,5.39%,$2.30B,$0.07B,2.82%,$0.07B,$0.98B,6.82%,$0.07B,$0.58B,11.72%,$0.07B,$1.34B,4.94%,$0.13B,$1.08B,11.85%,$639,$574,$66,$0,$42,$615,$24,$0,$24,$8,$17,$17,$17,$42,$25,$28,28,$0.63,$0.63,$30,$268,$0,$461,$461,$14,$401,$7,$883,$1343,$160,$99,$46,$204,$364,$27,$949,$-3,$980,$1343,$71,$63,$31,$95,$-12,$-109,$8,$-7,$-76,$89,$-64,$0,$-41,$0,$-0,$-0,$41,$-64,$-11,$0,$-11,$-16,$-16,$-1,$-7,$-36,$-11,$11,$-1
33,2010-05-31,40.43,$35.28,1.15,$77.73,0.52,$4.60,8.78,$2.11,19.16,$0.49B,$0.17B,2.86,$0.10B,$0.98B,0.1,$2.19B,$0.28B,12.70%,$2.19B,$0.12B,5.39%,$2.19B,$0.12B,5.39%,$2.19B,$0.18B,8.31%,$2.19B,$0.12B,5.30%,$2.19B,$0.06B,2.65%,$0.06B,$0.98B,6.18%,$0.06B,$0.58B,10.67%,$0.06B,$1.35B,4.48%,$0.12B,$1.08B,11.22%,$704,$599,$105,$0,$43,$640,$64,$-0,$63,$22,$42,$42,$40,$82,$66,$28,28,$1.45,$1.43,$32,$291,$0,$488,$438,$12,$402,$9,$862,$1350,$171,$99,$49,$200,$370,$28,$942,$-1,$980,$1350,$53,$47,$24,$71,$-24,$-133,$15,$-1,$-83,$40,$-35,$0,$-41,$0,$0,$0,$41,$-35,$-11,$0,$-11,$1,$1,$-1,$-4,$-15,$-10,$8,$-1
34,2010-02-28,36.88,$33.71,1.09,$66.30,0.56,$11.17,3.3,$0.63,58.54,$0.42B,$0.14B,3.09,$0.10B,$0.94B,0.11,$1.87B,$0.21B,11.14%,$1.87B,$0.05B,2.68%,$1.87B,$0.05B,2.57%,$1.87B,$0.11B,6.00%,$1.87B,$0.05B,2.89%,$1.87B,$0.02B,0.86%,$0.02B,$0.94B,1.72%,$0.02B,$0.54B,2.98%,$0.02B,$1.27B,1.25%,$0.05B,$1.04B,4.77%,$564,$497,$68,$0,$40,$536,$29,$-0,$28,$10,$19,$19,$17,$44,$28,$28,28,$0.63,$0.62,$34,$204,$0,$420,$430,$12,$399,$9,$849,$1269,$136,$100,$49,$197,$333,$28,$902,$-1,$936,$1269,$11,$31,$21,$52,$-47,$-49,$-0,$2,$-47,$16,$-22,$0,$-29,$0,$-0,$-0,$41,$-10,$-10,$0,$-10,$1,$1,$-0,$-3,$-14,$-7,$5,$-0
35,2009-11-30,36.02,$32.98,1.09,$60.65,0.59,$15.70,2.29,$-0.24,0.0,$0.45B,$0.14B,3.22,$0.15B,$0.92B,0.16,$1.71B,$0.17B,9.77%,$1.71B,$0.01B,0.41%,$1.71B,$0.01B,0.35%,$1.71B,$0.07B,4.04%,$1.71B,$0.01B,0.70%,$1.71B,$-0.01B,-0.47%,$-0.01B,$0.92B,-0.86%,$-0.01B,$0.52B,-1.48%,$-0.01B,$1.30B,-0.62%,$0.01B,$1.06B,0.66%,$394,$351,$43,$0,$34,$385,$9,$-0,$9,$2,$7,$7,$-9,$25,$10,$28,28,$-0.31,$-0.31,$20,$243,$0,$450,$431,$11,$392,$12,$846,$1296,$140,$145,$48,$241,$380,$28,$885,$-2,$916,$1296,$-8,$15,$19,$35,$-9,$-91,$-11,$2,$-117,$-90,$-8,$0,$-18,$0,$0,$0,$41,$15,$33,$24,$57,$0,$0,$-0,$-3,$54,$-21,$3,$-0
36,2009-08-31,43.59,$33.35,1.31,$63.48,0.69,$21.02,2.07,$-1.15,0.0,$0.41B,$0.14B,2.93,$0.11B,$0.92B,0.12,$1.79B,$0.11B,5.87%,$1.79B,$-0.05B,-2.80%,$1.79B,$-0.05B,-2.80%,$1.79B,$0.01B,0.73%,$1.79B,$-0.05B,-2.57%,$1.79B,$-0.03B,-1.85%,$-0.03B,$0.92B,-3.53%,$-0.03B,$0.54B,-5.83%,$-0.03B,$1.27B,-2.58%,$-0.05B,$1.03B,-4.75%,$527,$464,$62,$0,$45,$511,$16,$0,$16,$5,$11,$11,$10,$31,$14,$28,28,$0.37,$0.37,$41,$184,$0,$411,$447,$11,$387,$12,$857,$1268,$140,$110,$50,$205,$345,$28,$894,$-3,$923,$1268,$-31,$61,$77,$137,$190,$199,$-79,$1,$182,$288,$-59,$0,$-93,$0,$-2,$-2,$3,$-150,$-51,$-25,$-76,$-28,$-28,$-2,$-4,$-111,$26,$9,$-2
37,2009-05-31,44.0,$33.25,1.32,$85.95,0.51,$14.89,2.96,$2.87,15.33,$0.41B,$0.14B,3.05,$0.13B,$0.94B,0.13,$2.45B,$0.28B,11.51%,$2.45B,$0.14B,5.51%,$2.45B,$0.13B,5.35%,$2.45B,$0.20B,8.04%,$2.45B,$0.14B,5.63%,$2.45B,$0.08B,3.39%,$0.08B,$0.94B,8.75%,$0.08B,$0.55B,13.91%,$0.08B,$1.28B,6.14%,$0.14B,$1.06B,12.51%,$382,$347,$35,$0,$39,$386,$-4,$5,$1,$1,$0,$0,$-2,$12,$-4,$28,28,$-0.05,$-0.05,$49,$211,$0,$414,$454,$13,$388,$12,$867,$1281,$136,$125,$52,$207,$343,$28,$895,$-2,$938,$1281,$-42,$46,$47,$93,$222,$172,$-78,$2,$191,$241,$-51,$0,$-93,$0,$-2,$-2,$3,$-143,$-37,$-25,$-62,$1,$1,$-1,$-3,$-65,$34,$5,$-1
38,2009-02-28,23.1,$33.17,0.7,$106.14,0.22,$6.88,3.36,$5.06,4.56,$0.43B,$0.16B,2.64,$0.13B,$0.94B,0.14,$3.04B,$0.42B,13.85%,$3.04B,$0.24B,7.93%,$3.04B,$0.24B,7.89%,$3.04B,$0.30B,9.97%,$3.04B,$0.24B,7.83%,$3.04B,$0.15B,4.84%,$0.15B,$0.94B,15.77%,$0.15B,$0.55B,24.55%,$0.15B,$1.30B,10.54%,$0.24B,$1.07B,22.22%,$407,$380,$27,$0,$42,$421,$-14,$0,$-14,$-10,$-5,$-5,$-7,$1,$-14,$28,28,$-0.25,$-0.25,$9,$238,$0,$431,$463,$14,$381,$10,$869,$1300,$163,$131,$50,$202,$365,$28,$897,$-4,$935,$1300,$-41,$30,$55,$85,$181,$144,$-81,$-13,$117,$161,$-39,$0,$-90,$0,$-2,$-2,$3,$-128,$-30,$-7,$-36,$1,$1,$-0,$-3,$-39,$-6,$4,$-0
39,2008-11-30,21.77,$33.67,0.65,$117.81,0.18,$4.01,5.43,$6.56,3.32,$0.49B,$0.15B,3.2,$0.11B,$0.94B,0.11,$3.38B,$0.50B,14.86%,$3.38B,$0.31B,9.28%,$3.38B,$0.31B,9.28%,$3.38B,$0.38B,11.08%,$3.38B,$0.31B,9.10%,$3.38B,$0.19B,5.61%,$0.19B,$0.94B,21.12%,$0.19B,$0.63B,32.58%,$0.19B,$1.27B,13.77%,$0.31B,$1.05B,29.43%,$472,$491,$-19,$0,$37,$520,$-48,$-1,$-49,$-16,$-33,$-33,$-34,$-31,$-46,$28,28,$-1.21,$-1.21,$10,$329,$0,$493,$439,$14,$318,$10,$781,$1274,$154,$106,$49,$176,$330,$28,$905,$-3,$944,$1274,$-34,$15,$23,$37,$206,$48,$-91,$3,$76,$79,$-28,$0,$0,$0,$-1,$-1,$1,$-28,$-53,$0,$-53,$0,$0,$-0,$-2,$-55,$-5,$4,$-0
40,2008-08-31,55.12,$35.01,1.57,$121.75,0.45,$0.56,97.95,$8.62,6.39,$0.78B,$0.35B,2.26,$0.16B,$0.98B,0.16,$3.52B,$0.61B,17.26%,$3.52B,$0.40B,11.46%,$3.52B,$0.40B,11.46%,$3.52B,$0.46B,13.11%,$3.52B,$0.40B,11.29%,$3.52B,$0.25B,7.08%,$0.25B,$0.98B,29.05%,$0.25B,$0.66B,45.84%,$0.25B,$1.56B,18.20%,$0.40B,$1.14B,38.21%,$1189,$951,$239,$0,$44,$989,$201,$-1,$200,$70,$130,$132,$126,$215,$195,$28,29,$4.46,$4.37,$15,$429,$0,$780,$432,$12,$322,$10,$775,$1555,$345,$159,$52,$232,$577,$28,$939,$-0,$978,$1555,$254,$51,$60,$111,$-135,$-216,$54,$-2,$-223,$142,$-84,$0,$-47,$0,$3,$3,$0,$-128,$35,$5,$40,$-44,$-44,$-1,$-6,$-12,$2,$14,$-1
41,2008-05-31,80.66,$30.94,2.61,$105.21,0.77,$1.81,44.53,$5.52,14.61,$0.70B,$0.29B,2.48,$0.22B,$0.87B,0.25,$3.08B,$0.48B,15.64%,$3.08B,$0.27B,8.62%,$3.08B,$0.27B,8.68%,$3.08B,$0.32B,10.44%,$3.08B,$0.26B,8.42%,$3.08B,$0.16B,5.23%,$0.16B,$0.87B,20.02%,$0.16B,$0.56B,32.33%,$0.16B,$1.45B,12.70%,$0.27B,$1.09B,26.69%,$972,$799,$174,$0,$74,$870,$102,$-1,$101,$39,$63,$62,$62,$118,$105,$28,29,$2.19,$2.14,$9,$385,$0,$704,$410,$11,$313,$11,$746,$1450,$285,$215,$54,$295,$580,$28,$813,$2,$871,$1450,$122,$37,$17,$55,$-114,$-126,$54,$-2,$-157,$21,$-57,$0,$-35,$0,$1,$1,$-0,$-91,$-833,$928,$95,$-25,$-25,$-1,$-3,$66,$-4,$18,$-1
42,2008-02-29,52.72,$28.66,1.84,$95.36,0.55,$3.48,15.15,$4.85,10.87,$0.50B,$0.17B,3.01,$0.19B,$0.81B,0.24,$2.81B,$0.42B,15.04%,$2.81B,$0.23B,8.28%,$2.81B,$0.23B,8.28%,$2.81B,$0.28B,10.10%,$2.81B,$0.23B,8.03%,$2.81B,$0.14B,5.08%,$0.14B,$0.81B,18.32%,$0.14B,$0.49B,29.85%,$0.14B,$1.24B,11.90%,$0.23B,$1.00B,24.33%,$751,$643,$109,$0,$52,$693,$59,$-3,$56,$20,$36,$36,$36,$73,$60,$28,29,$1.27,$1.25,$38,$285,$0,$504,$404,$11,$314,$7,$736,$1239,$168,$189,$53,$266,$433,$28,$752,$3,$806,$1239,$61,$24,$9,$33,$19,$-25,$7,$-5,$-17,$76,$-34,$0,$-35,$0,$-0,$-0,$-0,$-70,$-415,$460,$45,$-25,$-25,$-1,$-2,$17,$24,$7,$-1
43,2007-11-30,50.26,$27.38,1.84,$89.01,0.56,$2.16,23.23,$4.53,11.09,$0.51B,$0.16B,3.28,$0.23B,$0.77B,0.29,$2.67B,$0.40B,15.12%,$2.67B,$0.22B,8.29%,$2.67B,$0.22B,8.29%,$2.67B,$0.27B,10.09%,$2.67B,$0.22B,8.06%,$2.67B,$0.14B,5.06%,$0.14B,$0.77B,17.73%,$0.14B,$0.47B,28.99%,$0.14B,$1.23B,11.53%,$0.22B,$1.00B,23.74%,$604,$519,$85,$0,$45,$563,$41,$-2,$40,$14,$25,$25,$25,$55,$43,$29,29,$0.87,$0.85,$7,$314,$0,$509,$396,$10,$308,$7,$721,$1230,$155,$227,$49,$301,$456,$28,$717,$2,$774,$1230,$25,$12,$5,$17,$12,$-54,$-0,$-7,$-72,$-31,$-16,$0,$-25,$0,$-1,$-1,$-1,$-43,$102,$-16,$86,$-18,$-18,$0,$-1,$68,$-6,$3,$0
44,2007-08-31,47.03,$26.79,1.76,$84.74,0.55,$2.23,21.13,$4.37,10.76,$0.46B,$0.19B,2.4,$0.12B,$0.77B,0.16,$2.57B,$0.39B,15.28%,$2.57B,$0.21B,8.32%,$2.57B,$0.21B,8.28%,$2.57B,$0.26B,10.03%,$2.57B,$0.21B,8.13%,$2.57B,$0.13B,5.09%,$0.13B,$0.77B,17.36%,$0.13B,$0.48B,28.07%,$0.13B,$1.15B,11.54%,$0.21B,$0.89B,23.69%,$749,$636,$113,$0,$53,$686,$63,$-1,$62,$23,$39,$38,$38,$75,$59,$30,30,$1.27,$1.23,$13,$259,$0,$461,$384,$10,$289,$7,$690,$1151,$192,$124,$45,$194,$386,$29,$693,$2,$765,$1151,$131,$41,$16,$57,$-44,$15,$17,$-14,$-9,$179,$-81,$0,$-45,$0,$2,$2,$6,$-117,$20,$20,$40,$-109,$-109,$-2,$-3,$-74,$-12,$10,$-2
45,2007-05-31,43.61,$26.34,1.66,$79.75,0.55,$-0.41,0.0,$4.71,9.26,$0.51B,$0.18B,2.86,$0.17B,$0.78B,0.22,$2.43B,$0.40B,16.43%,$2.43B,$0.23B,9.39%,$2.43B,$0.23B,9.39%,$2.43B,$0.27B,11.12%,$2.43B,$0.22B,9.23%,$2.43B,$0.14B,5.89%,$0.14B,$0.78B,19.15%,$0.14B,$0.48B,30.97%,$0.14B,$1.19B,12.90%,$0.23B,$0.95B,25.61%,$709,$594,$116,$0,$47,$640,$70,$-2,$68,$24,$44,$44,$44,$81,$71,$30,30,$1.48,$1.47,$14,$293,$0,$507,$369,$9,$295,$8,$680,$1187,$178,$168,$47,$233,$410,$30,$656,$2,$777,$1187,$93,$29,$11,$40,$-51,$-19,$18,$-18,$-56,$77,$-65,$0,$-44,$0,$2,$2,$7,$-100,$65,$6,$71,$-55,$-55,$-2,$-2,$12,$-11,$5,$-2
46,2007-02-28,30.19,$24.74,1.22,$72.34,0.42,$-0.98,0.0,$4.22,7.15,$0.46B,$0.16B,2.83,$0.16B,$0.73B,0.22,$2.23B,$0.37B,16.67%,$2.23B,$0.21B,9.30%,$2.23B,$0.21B,9.30%,$2.23B,$0.25B,11.06%,$2.23B,$0.21B,9.26%,$2.23B,$0.13B,5.80%,$0.13B,$0.73B,17.85%,$0.13B,$0.44B,29.37%,$0.13B,$1.11B,12.26%,$0.21B,$0.89B,24.39%,$604,$516,$89,$0,$43,$557,$47,$-2,$45,$16,$29,$28,$28,$58,$48,$30,31,$0.94,$0.93,$23,$247,$0,$461,$347,$8,$290,$7,$653,$1114,$163,$160,$43,$222,$385,$29,$613,$1,$729,$1114,$50,$18,$4,$22,$-44,$25,$14,$-15,$-24,$48,$-44,$0,$-29,$0,$1,$1,$8,$-64,$57,$15,$72,$-56,$-56,$-1,$-2,$14,$-3,$3,$-1
47,2006-11-30,32.87,$24.42,1.35,$65.66,0.5,$-0.39,0.0,$3.97,8.28,$0.47B,$0.14B,3.34,$0.14B,$0.75B,0.19,$2.02B,$0.35B,17.14%,$2.02B,$0.19B,9.49%,$2.02B,$0.19B,9.44%,$2.02B,$0.23B,11.26%,$2.02B,$0.19B,9.54%,$2.02B,$0.12B,6.03%,$0.12B,$0.75B,17.39%,$0.12B,$0.47B,28.74%,$0.12B,$1.09B,12.23%,$0.19B,$0.89B,23.78%,$510,$435,$75,$0,$43,$476,$34,$0,$34,$12,$22,$21,$21,$44,$35,$31,31,$0.69,$0.69,$25,$289,$0,$469,$328,$8,$277,$7,$620,$1089,$140,$143,$41,$202,$342,$31,$585,$1,$747,$1089,$21,$9,$4,$13,$-6,$-25,$7,$-23,$-59,$-24,$-24,$0,$-1,$0,$0,$0,$8,$-17,$40,$11,$51,$-9,$-9,$-1,$-1,$41,$-1,$1,$-1
