,Date,Stock Price,Book Value per Share,Price to Book Ratio,TTM Sales per Share,Price to Sales Ratio,TTM FCF per Share,Price to FCF Ratio,TTM Net EPS,PE Ratio,Current Assets,Current Liabilities,Current Ratio,Long Term Debt,Shareholder's Equity_x,Debt to Equity Ratio,TTM Revenue_x,TTM Gross Profit,Gross Margin,TTM Revenue_y,TTM Operating Income,Operating Margin,TTM Revenue_x,TTM EBIT,EBIT Margin,TTM Revenue_y,TTM EBITDA,EBITDA Margin,TTM Revenue_x,TTM Pre-Tax Income,Pre-Tax Margin,TTM Revenue_y,TTM Net Income_x,Net Margin,TTM Net Income_y,Shareholder's Equity_y,Return on Equity,TTM Net Income_x,Tangible Equity,Return on Tangible Equity,TTM Net Income_y,Total Assets,Return on Assets,TTM Net Income,LT Investments & Debt,Return on Investment,revenue,cost-goods-sold,gross-profit,research-development-expenses,selling-general-administrative-expenses,operating-expenses,operating-income,total-non-operating-income-expense,pre-tax-income,total-provision-income-taxes,income-after-taxes,income-from-continuous-operations,net-income,ebitda,ebit,basic-shares-outstanding,shares-outstanding,eps-basic-net-earnings-per-share,eps-earnings-per-share-diluted,cash-on-hand,inventory,other-current-assets,total-current-assets,net-property-plant-equipment,long-term-investments,goodwill-intangible-assets-total,other-long-term-assets,total-long-term-assets,total-assets,total-current-liabilities,long-term-debt,other-non-current-liabilities,total-long-term-liabilities,total-liabilities,common-stock-net,retained-earnings-accumulated-deficit,comprehensive-income,total-share-holder-equity,total-liabilities-share-holders-equity,net-income-loss,total-depreciation-amortization-cash-flow,other-non-cash-items,total-non-cash-items,change-in-accounts-receivable,change-in-inventories,change-in-accounts-payable,change-in-assets-liabilities,total-change-in-assets-liabilities,cash-flow-from-operating-activities,net-change-in-property-plant-equipment,net-change-in-intangible-assets,net-acquisitions-divestitures,net-change-in-short-term-investments,net-change-in-long-term-investments,net-change-in-investments-total,investing-activities-other,cash-flow-from-investing-activities,net-long-term-debt,net-current-debt,debt-issuance-retirement-net-total,net-common-equity-issued-repurchased,net-total-equity-issued-repurchased,total-common-preferred-stock-dividends-paid,financial-activities-other,cash-flow-from-financial-activities,net-cash-flow,stock-based-compensation,common-stock-dividends-paid
0,2018-06-30,50.97,$14.88,3.43,$6.84,7.45,$4.18,12.2,$1.98,25.74,$64.73B,$236.00B,0.27,$5.79B,$17.30B,0.34,$9.29B,$9.29B,100.00%,$9.29B,$4.52B,48.67%,$9.29B,$4.52B,48.67%,$9.29B,$5.19B,55.85%,$9.29B,$4.03B,43.39%,$9.29B,$2.68B,28.89%,$2.68B,$20.10B,14.13%,$2.68B,$18.78B,15.20%,$2.68B,$261.88B,1.09%,$4.52B,$25.89B,19.26%,$2579,$0,$2579,$0,$1154,$1232,$1347,$-128,$1219,$296,$923,$923,$885,$1419,$1347,$1351,1364,$0.66,$0.65,$24262,$525,$0,$64732,$1599,$192314,$1320,$1917,$197150,$261882,$235996,$5789,$0,$5789,$241785,$15,$15903,$-278,$20097,$261882,$1649,$335,$83,$418,$-2171,$4866,$-941,$-518,$1236,$3380,$-253,$0,$0,$0,$-19240,$-19240,$-161,$-19654,$1032,$-15000,$-13968,$99,$99,$-354,$30255,$16032,$-242,$83,$-354
1,2018-03-31,52.0,$14.34,3.63,$6.59,7.89,$1.13,46.12,$1.77,29.38,$65.90B,$224.86B,0.29,$4.13B,$16.54B,0.25,$8.94B,$8.94B,100.00%,$8.94B,$4.29B,48.01%,$8.94B,$4.29B,48.01%,$8.94B,$4.93B,55.21%,$8.94B,$3.81B,42.63%,$8.94B,$2.40B,26.87%,$2.40B,$19.33B,13.09%,$2.40B,$18.00B,14.12%,$2.40B,$248.32B,1.02%,$4.29B,$23.46B,19.27%,$2486,$0,$2486,$0,$1158,$1233,$1253,$-122,$1131,$265,$866,$866,$813,$1311,$1253,$1350,1364,$0.60,$0.60,$26968,$500,$0,$65904,$1540,$177510,$1328,$2038,$182416,$248320,$224862,$4128,$0,$4128,$228990,$15,$15222,$-260,$19330,$248320,$783,$169,$50,$219,$-840,$892,$-480,$-362,$-790,$248,$-122,$0,$0,$0,$-9999,$-9999,$3582,$-6539,$-627,$-15000,$-15627,$49,$49,$-184,$20518,$4756,$-1535,$50,$-184
2,2017-12-31,51.05,$13.77,3.71,$6.37,8.01,$-0.19,0.0,$1.61,31.71,$67.60B,$220.00B,0.31,$4.75B,$15.73B,0.3,$8.62B,$8.62B,100.00%,$8.62B,$4.10B,47.54%,$8.62B,$4.10B,47.54%,$8.62B,$4.71B,54.63%,$8.62B,$3.65B,42.35%,$8.62B,$2.18B,25.30%,$2.18B,$18.53B,12.28%,$2.18B,$17.19B,13.29%,$2.18B,$243.27B,0.95%,$4.10B,$23.28B,19.04%,$2398,$0,$2398,$0,$1183,$1256,$1142,$-140,$1002,$219,$783,$783,$746,$1246,$1142,$1347,1362,$0.55,$0.55,$29356,$539,$0,$67598,$1471,$170921,$1335,$1949,$175676,$243274,$219996,$4753,$0,$4753,$224749,$15,$14408,$-152,$18525,$243274,$2354,$611,$211,$822,$-3354,$6945,$-5799,$244,$-1964,$1263,$-400,$0,$0,$0,$-18943,$-18943,$-1130,$-20473,$1872,$15000,$16872,$171,$178,$-592,$6141,$22599,$3389,$153,$-592
3,2017-09-30,43.39,$13.45,3.23,$6.20,7.0,$0.91,47.85,$1.56,27.81,$63.97B,$209.42B,0.31,$3.27B,$15.24B,0.21,$8.35B,$8.35B,100.00%,$8.35B,$3.95B,47.34%,$8.35B,$3.95B,47.34%,$8.35B,$4.54B,54.36%,$8.35B,$3.52B,42.18%,$8.35B,$2.11B,25.25%,$2.11B,$18.03B,12.23%,$2.11B,$16.69B,13.28%,$2.11B,$230.71B,0.94%,$3.95B,$21.30B,19.25%,$2242,$0,$2242,$0,$1098,$1167,$1075,$-122,$953,$356,$597,$597,$550,$1213,$1075,$1339,1353,$0.41,$0.41,$28186,$427,$0,$63971,$1392,$162438,$1342,$1571,$166743,$230714,$209419,$3268,$0,$3268,$212687,$15,$13963,$-106,$18027,$230714,$1757,$440,$111,$551,$-1249,$6263,$-5371,$-158,$-515,$1828,$-267,$0,$0,$0,$-6083,$-6083,$-881,$-7231,$387,$5000,$5387,$98,$98,$-456,$1799,$6828,$1425,$111,$-456
4,2017-06-30,42.53,$13.07,3.25,$6.03,7.05,$0.28,152.28,$1.49,28.54,$63.24B,$199.59B,0.32,$3.52B,$14.71B,0.24,$8.10B,$8.10B,100.00%,$8.10B,$3.79B,46.84%,$8.10B,$3.79B,46.84%,$8.10B,$4.35B,53.75%,$8.10B,$3.37B,41.62%,$8.10B,$2.00B,24.74%,$2.00B,$17.49B,12.07%,$2.00B,$16.14B,13.16%,$2.00B,$220.60B,0.91%,$3.79B,$21.01B,19.17%,$2165,$0,$2165,$0,$1044,$1113,$1052,$-107,$945,$327,$618,$618,$575,$1163,$1052,$1339,1353,$0.43,$0.42,$28058,$460,$0,$63238,$1335,$153244,$1352,$1432,$157363,$220601,$199594,$3518,$0,$3518,$203112,$15,$13495,$-112,$17489,$220601,$1139,$279,$84,$363,$-1021,$2313,$-3328,$-343,$-2379,$-858,$-164,$0,$0,$0,$-721,$-721,$-432,$-1317,$639,$300,$939,$71,$71,$-293,$-1162,$-445,$-2620,$84,$-293
5,2017-03-31,40.32,$12.70,3.17,$5.82,6.92,$2.03,19.84,$1.40,28.8,$64.52B,$206.56B,0.31,$3.52B,$14.20B,0.25,$7.80B,$7.80B,100.00%,$7.80B,$3.58B,45.97%,$7.80B,$3.58B,45.97%,$7.80B,$4.12B,52.83%,$7.80B,$3.18B,40.81%,$7.80B,$1.88B,24.11%,$1.88B,$16.98B,11.77%,$1.88B,$15.62B,12.88%,$1.88B,$227.06B,0.88%,$3.58B,$20.50B,18.86%,$2130,$0,$2130,$0,$1043,$1109,$1021,$-112,$909,$334,$575,$575,$530,$1086,$1021,$1338,1351,$0.40,$0.39,$30956,$564,$0,$64518,$1305,$158559,$1362,$1317,$162543,$227061,$206561,$3518,$0,$3518,$210079,$15,$13069,$-132,$16982,$227061,$564,$137,$52,$189,$435,$-665,$-1973,$-139,$-2342,$-1577,$-80,$0,$0,$0,$-7098,$-7098,$1591,$-5587,$641,$600,$1241,$58,$58,$-158,$3427,$4568,$-2596,$52,$-158
6,2016-12-31,38.92,$12.32,3.16,$5.61,6.94,$2.94,13.24,$1.30,29.94,$66.74B,$204.09B,0.33,$2.88B,$13.64B,0.21,$7.48B,$7.48B,100.00%,$7.48B,$3.37B,45.09%,$7.48B,$3.37B,45.09%,$7.48B,$3.87B,51.78%,$7.48B,$2.99B,40.02%,$7.48B,$1.75B,23.35%,$1.75B,$16.42B,11.38%,$1.75B,$15.05B,12.50%,$1.75B,$223.38B,0.85%,$3.37B,$19.30B,18.50%,$2081,$0,$2081,$0,$1067,$1132,$949,$-106,$843,$279,$564,$564,$525,$1076,$949,$1336,1351,$0.39,$0.39,$33002,$449,$0,$66737,$1299,$152568,$1371,$1408,$156646,$223383,$204086,$2876,$0,$2876,$206962,$15,$12649,$-163,$16421,$223383,$1889,$500,$151,$651,$3,$-2492,$2528,$74,$113,$2662,$-346,$0,$0,$0,$-37287,$-37287,$-1142,$-38775,$-7,$0,$-7,$144,$1460,$-486,$33996,$34963,$-1150,$141,$-486
7,2016-09-30,31.07,$11.68,2.66,$5.41,5.75,$1.94,16.0,$1.22,25.46,$63.55B,$190.99B,0.33,$2.88B,$13.28B,0.22,$7.20B,$7.20B,100.00%,$7.20B,$3.17B,44.09%,$7.20B,$3.17B,44.09%,$7.20B,$3.63B,50.41%,$7.20B,$2.81B,39.10%,$7.20B,$1.65B,22.87%,$1.65B,$15.47B,11.28%,$1.65B,$14.09B,12.47%,$1.65B,$209.34B,0.84%,$3.17B,$18.35B,18.16%,$1972,$0,$1972,$0,$981,$1042,$930,$-106,$824,$302,$522,$522,$478,$1027,$930,$1324,1334,$0.35,$0.37,$30508,$858,$0,$63551,$1266,$141847,$1381,$1292,$145786,$209337,$190991,$2876,$0,$2876,$193867,$15,$12261,$31,$15470,$209337,$1367,$354,$96,$450,$558,$-804,$-335,$-287,$-868,$974,$-272,$0,$0,$0,$-25147,$-25147,$-625,$-26044,$-5,$3001,$2996,$31,$756,$-365,$20136,$23523,$-1547,$101,$-365
8,2016-06-30,24.85,$11.33,2.19,$5.17,4.8,$1.53,16.26,$1.15,21.61,$64.59B,$180.19B,0.36,$2.88B,$12.80B,0.23,$6.88B,$6.88B,100.00%,$6.88B,$2.95B,42.88%,$6.88B,$2.95B,42.88%,$6.88B,$3.37B,48.98%,$6.88B,$2.60B,37.83%,$6.88B,$1.54B,22.40%,$1.54B,$14.99B,10.99%,$1.54B,$13.60B,12.21%,$1.54B,$198.05B,0.83%,$2.95B,$17.87B,17.45%,$1914,$0,$1914,$0,$961,$1021,$893,$-99,$794,$291,$503,$503,$470,$929,$893,$1324,1334,$0.36,$0.35,$31569,$525,$0,$64594,$1242,$129535,$1390,$1291,$133458,$198052,$180186,$2876,$0,$2876,$183062,$15,$11882,$-17,$14990,$198052,$864,$220,$75,$295,$55,$1013,$-353,$-368,$347,$1523,$-195,$0,$0,$0,$-13263,$-13263,$-376,$-13834,$-3,$5000,$4997,$19,$744,$-230,$7798,$13309,$998,$75,$-230
9,2016-03-31,27.44,$10.98,2.5,$4.98,5.51,$-0.12,0.0,$1.10,24.94,$62.69B,$173.61B,0.36,$2.88B,$12.33B,0.23,$6.62B,$6.62B,100.00%,$6.62B,$2.79B,42.19%,$6.62B,$2.79B,42.19%,$6.62B,$3.19B,48.17%,$6.62B,$2.45B,37.02%,$6.62B,$1.47B,22.14%,$1.47B,$14.51B,10.95%,$1.47B,$13.11B,12.24%,$1.47B,$191.00B,0.83%,$2.79B,$17.39B,17.16%,$1828,$0,$1828,$0,$960,$1017,$811,$-91,$720,$268,$452,$452,$406,$840,$811,$1322,1333,$0.31,$0.30,$30717,$485,$0,$62685,$1159,$124570,$1399,$1185,$128313,$190998,$173608,$2877,$0,$2877,$176485,$15,$11567,$-120,$14513,$190998,$412,$102,$49,$151,$826,$-614,$-1023,$-131,$-942,$-369,$-56,$0,$0,$0,$-8562,$-8562,$-144,$-8762,$-1,$800,$799,$7,$732,$-110,$6189,$7610,$-1521,$47,$-110
10,2015-12-31,32.16,$10.15,3.17,$4.81,6.68,$-0.83,0.0,$1.03,31.22,$64.34B,$167.43B,0.38,$2.88B,$11.94B,0.24,$6.38B,$6.38B,100.00%,$6.38B,$2.62B,41.08%,$6.38B,$2.62B,41.08%,$6.38B,$3.01B,47.13%,$6.38B,$2.28B,35.72%,$6.38B,$1.36B,21.38%,$1.36B,$13.40B,10.66%,$1.36B,$11.99B,12.00%,$1.36B,$183.71B,0.80%,$2.62B,$16.28B,16.71%,$1764,$0,$1764,$0,$970,$1026,$738,$-83,$655,$243,$412,$412,$392,$832,$738,$1321,1330,$0.30,$0.29,$31576,$533,$0,$64338,$1145,$115653,$1408,$1161,$119367,$183705,$167426,$2877,$0,$2877,$170303,$15,$11253,$-134,$13402,$183705,$1447,$386,$117,$503,$-1760,$1166,$-312,$206,$-700,$1246,$-266,$0,$0,$0,$-27342,$-27342,$-1015,$-28623,$989,$0,$989,$90,$671,$-387,$26719,$27992,$615,$135,$-387
11,2015-09-30,27.84,$10.02,2.78,$4.72,5.9,$-0.08,0.0,$1.00,27.84,$60.00B,$154.31B,0.39,$2.89B,$11.74B,0.25,$6.24B,$6.24B,100.00%,$6.24B,$2.53B,40.50%,$6.24B,$2.53B,40.50%,$6.24B,$2.90B,46.47%,$6.24B,$2.19B,35.06%,$6.24B,$1.32B,21.07%,$1.32B,$13.20B,10.61%,$1.32B,$11.78B,12.00%,$1.32B,$170.40B,0.81%,$2.53B,$16.09B,16.80%,$1691,$0,$1691,$0,$902,$960,$731,$-86,$645,$229,$416,$416,$378,$769,$731,$1315,1327,$0.29,$0.28,$27609,$470,$0,$60003,$1126,$106888,$1419,$966,$110399,$170402,$154313,$2893,$0,$2893,$157206,$15,$10952,$19,$13196,$170402,$1031,$285,$87,$372,$-1536,$3584,$-2792,$-312,$-1056,$354,$-204,$0,$0,$0,$-17833,$-17833,$-881,$-18918,$992,$0,$992,$67,$648,$-288,$16215,$17567,$-997,$98,$-288
12,2015-06-30,31.77,$9.45,3.36,$4.69,6.77,$0.70,45.49,$0.96,33.1,$59.06B,$148.31B,0.4,$2.89B,$11.55B,0.25,$6.19B,$6.19B,100.00%,$6.19B,$2.45B,39.60%,$6.19B,$2.45B,39.60%,$6.19B,$2.81B,45.35%,$6.19B,$2.12B,34.28%,$6.19B,$1.26B,20.37%,$1.26B,$12.42B,10.55%,$1.26B,$10.99B,12.00%,$1.26B,$163.63B,0.81%,$2.45B,$15.32B,17.08%,$1597,$0,$1597,$0,$870,$927,$670,$-87,$583,$207,$376,$376,$365,$747,$670,$1316,1328,$0.28,$0.28,$26901,$611,$0,$59061,$1091,$101162,$1431,$882,$104566,$163627,$148310,$2894,$0,$2894,$151204,$15,$10664,$174,$12423,$163627,$655,$186,$63,$249,$-1399,$2802,$-2556,$-491,$-1644,$-737,$-125,$0,$0,$0,$-11807,$-11807,$-636,$-12568,$994,$0,$994,$50,$50,$-188,$10103,$10959,$-2346,$69,$-188
13,2015-03-31,29.57,$9.26,3.19,$4.64,6.38,$1.60,18.43,$0.94,31.45,$59.13B,$145.12B,0.41,$2.90B,$11.29B,0.26,$6.11B,$6.11B,100.00%,$6.11B,$2.40B,39.24%,$6.11B,$2.40B,39.24%,$6.11B,$2.74B,44.82%,$6.11B,$2.08B,34.02%,$6.11B,$1.23B,20.21%,$1.23B,$12.16B,10.59%,$1.23B,$10.72B,12.11%,$1.23B,$160.17B,0.81%,$2.40B,$15.05B,17.36%,$1566,$0,$1566,$0,$858,$913,$653,$-86,$567,$214,$353,$353,$330,$659,$653,$1314,1326,$0.25,$0.25,$28395,$657,$0,$59125,$1058,$97687,$1443,$856,$101044,$160169,$145116,$2895,$0,$2895,$148011,$15,$10412,$231,$12158,$160169,$302,$92,$35,$127,$-333,$1256,$-2343,$-312,$-1732,$-1305,$-55,$0,$0,$0,$-8386,$-8386,$-221,$-8662,$996,$0,$996,$28,$28,$-100,$6691,$7615,$-2352,$39,$-100
14,2014-12-31,29.26,$9.01,3.25,$4.61,6.35,$2.64,11.06,$0.96,30.48,$62.20B,$140.94B,0.44,$1.90B,$10.93B,0.17,$6.06B,$6.06B,100.00%,$6.06B,$2.43B,40.05%,$6.06B,$2.43B,40.05%,$6.06B,$2.75B,45.39%,$6.06B,$2.12B,34.91%,$6.06B,$1.26B,20.82%,$1.26B,$11.80B,11.14%,$1.26B,$10.35B,12.80%,$1.26B,$154.64B,0.86%,$2.43B,$13.70B,18.36%,$1526,$0,$1526,$0,$905,$959,$567,$-83,$484,$182,$302,$302,$291,$725,$567,$1312,1323,$0.22,$0.22,$32144,$516,$0,$62197,$1039,$89172,$1454,$780,$92445,$154642,$140940,$1899,$0,$1899,$142839,$15,$10198,$165,$11803,$154642,$1321,$324,$87,$411,$-1681,$2773,$-635,$166,$623,$2348,$-400,$0,$0,$0,$-6968,$-6968,$-1027,$-8395,$-6,$0,$-6,$189,$189,$-373,$9872,$9682,$3635,$115,$-373
15,2014-09-30,28.42,$8.79,3.23,$4.54,6.26,$2.25,12.63,$0.94,30.24,$58.00B,$134.07B,0.43,$1.90B,$10.60B,0.18,$5.94B,$5.94B,100.00%,$5.94B,$2.36B,39.73%,$5.94B,$2.36B,39.73%,$5.94B,$2.68B,45.09%,$5.94B,$2.06B,34.65%,$5.94B,$1.23B,20.68%,$1.23B,$11.47B,11.21%,$1.23B,$10.01B,12.96%,$1.23B,$147.44B,0.85%,$2.36B,$13.37B,18.36%,$1551,$0,$1551,$0,$860,$914,$637,$-83,$554,$204,$350,$350,$329,$678,$637,$1303,1315,$0.25,$0.24,$28478,$572,$0,$58004,$991,$86208,$1460,$781,$89440,$147444,$134071,$1900,$0,$1900,$135971,$15,$9949,$163,$11473,$147444,$971,$236,$74,$310,$-1413,$3608,$-1813,$-170,$212,$1488,$-310,$0,$0,$0,$-3866,$-3866,$-680,$-4856,$-5,$0,$-5,$138,$138,$-286,$4381,$4228,$860,$80,$-286
16,2014-06-30,25.99,$8.58,3.03,$4.42,5.88,$1.86,13.99,$0.92,28.25,$54.57B,$130.33B,0.42,$1.90B,$10.30B,0.19,$5.76B,$5.76B,100.00%,$5.76B,$2.31B,40.13%,$5.76B,$2.31B,40.13%,$5.76B,$2.64B,45.75%,$5.76B,$2.01B,34.78%,$5.76B,$1.20B,20.80%,$1.20B,$11.17B,11.31%,$1.20B,$9.70B,13.15%,$1.20B,$143.40B,0.84%,$2.31B,$13.07B,18.49%,$1551,$0,$1551,$0,$906,$955,$596,$-78,$518,$197,$321,$321,$312,$675,$596,$1316,1316,$0.24,$0.24,$25925,$583,$0,$54569,$883,$85698,$1471,$780,$88832,$143401,$130330,$1901,$0,$1901,$132231,$15,$9715,$186,$11170,$143401,$650,$154,$48,$202,$-731,$4394,$-3754,$-267,$-358,$501,$-165,$0,$0,$0,$-3377,$-3377,$-468,$-4010,$-4,$0,$-4,$81,$81,$-186,$2722,$2613,$-896,$54,$-186
17,2014-03-31,26.31,$8.31,3.17,$4.33,6.07,$1.64,16.02,$0.87,30.25,$55.82B,$131.35B,0.43,$1.90B,$9.95B,0.19,$5.62B,$5.62B,100.00%,$5.62B,$2.20B,39.18%,$5.62B,$2.20B,39.18%,$5.62B,$2.55B,45.30%,$5.62B,$1.90B,33.72%,$5.62B,$1.13B,20.10%,$1.13B,$10.82B,11.03%,$1.13B,$9.33B,12.93%,$1.13B,$144.07B,0.80%,$2.20B,$12.72B,18.24%,$1478,$0,$1478,$0,$834,$882,$596,$-75,$521,$197,$324,$324,$302,$672,$596,$1313,1313,$0.23,$0.23,$27721,$456,$0,$55821,$820,$85203,$1482,$740,$88245,$144066,$131349,$1902,$0,$1902,$133251,$15,$9492,$108,$10815,$144066,$326,$75,$30,$105,$-593,$3066,$-2732,$-105,$-364,$69,$-53,$0,$0,$0,$-2978,$-2978,$-179,$-3210,$-2,$0,$-2,$65,$65,$-100,$2623,$2586,$-555,$29,$-100
18,2013-12-31,24.97,$8.00,3.12,$4.21,5.93,$1.30,19.14,$0.78,32.01,$58.68B,$131.36B,0.45,$1.90B,$9.51B,0.2,$5.44B,$5.44B,100.00%,$5.44B,$2.01B,36.89%,$5.44B,$2.01B,36.89%,$5.44B,$2.37B,43.59%,$5.44B,$1.71B,31.37%,$5.44B,$1.01B,18.58%,$1.01B,$10.38B,10.12%,$1.01B,$8.89B,11.93%,$1.01B,$143.64B,0.73%,$2.01B,$12.28B,17.06%,$1478,$0,$1478,$0,$833,$881,$597,$-75,$522,$196,$326,$326,$318,$654,$597,$1311,1311,$0.24,$0.24,$31281,$517,$0,$58677,$790,$81936,$1493,$746,$84965,$143642,$131358,$1903,$0,$1903,$133261,$15,$9253,$9,$10381,$143642,$1071,$364,$104,$468,$-671,$5035,$-4679,$417,$102,$1656,$-249,$0,$0,$0,$-18169,$-18169,$-1632,$-20050,$269,$-300,$-31,$258,$258,$-368,$13600,$13459,$-4935,$116,$-368
19,2013-09-30,20.25,$7.81,2.59,$4.06,4.99,$1.09,18.52,$0.70,28.93,$57.11B,$128.25B,0.45,$1.90B,$9.19B,0.21,$5.22B,$5.22B,100.00%,$5.22B,$1.85B,35.42%,$5.22B,$1.85B,35.42%,$5.22B,$2.24B,42.91%,$5.22B,$1.55B,29.74%,$5.22B,$0.90B,17.30%,$0.90B,$10.05B,9.22%,$0.90B,$8.55B,10.92%,$0.90B,$140.21B,0.66%,$1.85B,$11.96B,16.08%,$1435,$0,$1435,$0,$814,$863,$572,$-74,$498,$179,$319,$319,$297,$636,$572,$1285,1293,$0.23,$0.23,$30882,$482,$0,$57114,$738,$80084,$1505,$770,$83097,$140211,$128254,$1904,$0,$1904,$130158,$15,$9034,$46,$10053,$140211,$752,$282,$92,$374,$155,$5103,$-5697,$115,$-324,$825,$-176,$0,$0,$0,$-16268,$-16268,$-1313,$-17757,$271,$-300,$-29,$140,$140,$-283,$11803,$11631,$-5301,$83,$-283
20,2013-06-30,20.28,$7.57,2.68,$3.94,5.15,$0.80,25.31,$0.67,30.27,$58.69B,$124.56B,0.47,$1.63B,$8.85B,0.18,$5.04B,$5.04B,100.00%,$5.04B,$1.73B,34.26%,$5.04B,$1.73B,34.26%,$5.04B,$2.14B,42.56%,$5.04B,$1.45B,28.74%,$5.04B,$0.86B,17.03%,$0.86B,$9.72B,8.90%,$0.86B,$8.20B,10.56%,$0.86B,$135.91B,0.66%,$1.73B,$11.35B,15.27%,$1373,$0,$1373,$0,$774,$825,$548,$-84,$464,$174,$290,$290,$282,$585,$548,$1296,1296,$0.22,$0.22,$33245,$488,$0,$58685,$711,$74232,$1521,$758,$77222,$135907,$124557,$1630,$0,$1630,$126187,$15,$8830,$3,$9720,$135907,$462,$194,$71,$265,$569,$1606,$-2816,$58,$-583,$164,$-111,$0,$0,$0,$-10067,$-10067,$-974,$-11152,$-3,$-300,$-303,$81,$81,$-184,$4965,$4559,$-6429,$59,$-184
21,2013-03-31,16.84,$7.64,2.21,$3.90,4.31,$0.52,32.49,$0.69,24.41,$58.59B,$121.92B,0.48,$1.63B,$8.91B,0.18,$4.98B,$4.98B,100.00%,$4.98B,$1.74B,34.99%,$4.98B,$1.74B,34.99%,$4.98B,$2.16B,43.28%,$4.98B,$1.47B,29.45%,$4.98B,$0.89B,17.78%,$0.89B,$9.78B,9.34%,$0.89B,$8.24B,11.10%,$0.89B,$133.32B,0.71%,$1.74B,$11.41B,15.51%,$1337,$0,$1337,$0,$800,$851,$486,$-74,$412,$156,$256,$256,$233,$494,$486,$1288,1288,$0.18,$0.18,$33828,$545,$0,$58594,$681,$71729,$1533,$787,$74730,$133324,$121917,$1631,$0,$1631,$123548,$15,$8674,$300,$9776,$133324,$206,$95,$47,$142,$869,$1663,$-3358,$103,$-723,$-368,$-49,$0,$0,$0,$-7458,$-7458,$-528,$-8035,$-2,$-300,$-302,$25,$25,$-98,$3046,$2671,$-5732,$37,$-98
22,2012-12-31,13.62,$7.51,1.82,$3.83,3.56,$0.89,15.35,$0.69,19.74,$66.29B,$122.42B,0.54,$1.63B,$8.72B,0.19,$4.88B,$4.88B,100.00%,$4.88B,$1.72B,35.31%,$4.88B,$1.72B,35.31%,$4.88B,$2.14B,43.87%,$4.88B,$1.45B,29.69%,$4.88B,$0.88B,18.08%,$0.88B,$9.59B,9.68%,$0.88B,$8.04B,11.56%,$0.88B,$133.64B,0.74%,$1.72B,$11.22B,15.71%,$1290,$0,$1290,$0,$840,$891,$399,$-68,$331,$125,$206,$206,$198,$523,$399,$1282,1282,$0.15,$0.15,$41132,$636,$0,$66285,$675,$64317,$1547,$813,$67352,$133637,$122416,$1632,$0,$1632,$124048,$15,$8554,$298,$9589,$133637,$928,$418,$158,$576,$-2495,$-2592,$4978,$-155,$-264,$1266,$-148,$0,$-80,$0,$-20510,$-20510,$4478,$-16260,$-382,$300,$-82,$35,$898,$-337,$18499,$18978,$3984,$105,$-337
23,2012-09-30,12.08,$7.42,1.63,$3.78,3.19,$1.87,6.46,$0.67,18.02,$56.70B,$106.42B,0.53,$1.78B,$8.60B,0.21,$4.78B,$4.78B,100.00%,$4.78B,$1.63B,34.14%,$4.78B,$1.63B,34.14%,$4.78B,$2.06B,43.15%,$4.78B,$1.36B,28.40%,$4.78B,$0.86B,17.93%,$0.86B,$9.47B,9.90%,$0.86B,$8.01B,11.93%,$0.86B,$117.66B,0.76%,$1.63B,$11.24B,15.40%,$1215,$0,$1215,$0,$751,$801,$414,$-70,$344,$133,$211,$211,$189,$542,$414,$1275,1275,$0.15,$0.15,$33564,$513,$0,$56700,$672,$58060,$1451,$775,$60958,$117658,$106417,$1776,$0,$1776,$108193,$15,$8442,$312,$9465,$117658,$717,$309,$121,$430,$-1220,$960,$-535,$17,$-778,$373,$-107,$0,$0,$0,$-8427,$-8427,$-308,$-8842,$-207,$0,$-207,$889,$889,$-252,$7883,$8313,$-156,$79,$-252
24,2012-06-30,12.16,$7.15,1.7,$3.81,3.19,$3.19,3.82,$0.66,18.42,$53.35B,$100.71B,0.53,$2.00B,$8.25B,0.24,$4.77B,$4.77B,100.00%,$4.77B,$1.64B,34.37%,$4.77B,$1.64B,34.37%,$4.77B,$2.02B,42.34%,$4.77B,$1.36B,28.47%,$4.77B,$0.84B,17.60%,$0.84B,$9.11B,10.23%,$0.84B,$7.64B,12.47%,$0.84B,$111.82B,0.77%,$1.64B,$11.11B,16.05%,$1196,$0,$1196,$0,$719,$769,$427,$-66,$361,$114,$247,$247,$238,$598,$427,$1274,1275,$0.19,$0.19,$30812,$425,$0,$53348,$677,$55555,$1469,$767,$58468,$111816,$100707,$1999,$0,$1999,$102706,$15,$8280,$154,$9110,$111816,$470,$194,$83,$277,$-971,$3479,$-3444,$-44,$-980,$-232,$-76,$0,$0,$0,$-6350,$-6350,$-62,$-6488,$-3,$0,$-3,$884,$884,$-154,$5403,$6130,$-590,$54,$-154
25,2012-03-31,13.45,$6.55,2.05,$3.78,3.55,$4.95,2.72,$0.66,20.38,$55.76B,$101.15B,0.55,$2.00B,$7.94B,0.25,$4.67B,$4.67B,100.00%,$4.67B,$1.58B,33.90%,$4.67B,$1.58B,33.90%,$4.67B,$1.92B,41.02%,$4.67B,$1.31B,28.05%,$4.67B,$0.82B,17.46%,$0.82B,$8.34B,10.72%,$0.82B,$6.86B,12.86%,$0.82B,$111.48B,0.78%,$1.58B,$10.34B,16.48%,$1283,$0,$1283,$0,$731,$779,$504,$-72,$432,$157,$275,$275,$261,$479,$504,$1274,1274,$0.20,$0.20,$33699,$456,$0,$55762,$684,$52773,$1480,$783,$55720,$111482,$101145,$2000,$0,$2000,$103145,$15,$8097,$76,$8337,$111482,$195,$100,$43,$143,$-496,$-734,$1038,$-48,$-240,$98,$-42,$0,$0,$0,$-3712,$-3712,$34,$-3720,$-1,$0,$-1,$409,$409,$-77,$1406,$1737,$-1885,$25,$-77
26,2011-12-31,10.49,$6.07,1.73,$3.85,2.72,$5.95,1.76,$0.71,14.77,$56.49B,$98.84B,0.57,$2.00B,$7.71B,0.26,$4.69B,$4.69B,100.00%,$4.69B,$1.66B,35.41%,$4.69B,$1.66B,35.41%,$4.69B,$1.95B,41.61%,$4.69B,$1.39B,29.67%,$4.69B,$0.86B,18.42%,$0.86B,$7.71B,12.09%,$0.86B,$6.23B,14.18%,$0.86B,$108.55B,0.86%,$1.66B,$9.72B,18.15%,$1189,$0,$1189,$0,$762,$810,$379,$-66,$313,$118,$195,$195,$195,$444,$379,$1273,1273,$0.15,$0.15,$34713,$593,$0,$56490,$685,$49073,$1487,$818,$52063,$108553,$98838,$2001,$0,$2001,$100839,$15,$7978,$8,$7714,$108553,$864,$291,$200,$491,$561,$-2442,$3050,$-69,$1100,$2464,$-180,$0,$54,$0,$-7423,$-7423,$-1118,$-8667,$-116,$0,$-116,$96,$96,$-295,$10266,$9951,$3748,$99,$-295
27,2011-09-30,10.45,$6.03,1.73,$3.89,2.69,$3.98,2.63,$0.68,15.37,$55.26B,$93.25B,0.59,$2.00B,$7.66B,0.26,$4.71B,$4.71B,100.00%,$4.71B,$1.64B,34.75%,$4.71B,$1.64B,34.75%,$4.71B,$1.88B,39.89%,$4.71B,$1.37B,29.10%,$4.71B,$0.82B,17.43%,$0.82B,$7.66B,12.10%,$0.82B,$6.19B,13.85%,$0.82B,$102.91B,0.85%,$1.64B,$9.66B,18.62%,$1113,$0,$1113,$0,$743,$791,$322,$-70,$252,$89,$163,$163,$163,$497,$322,$1229,1229,$0.12,$0.12,$33385,$448,$0,$55260,$665,$44737,$1470,$774,$47646,$102906,$93249,$2002,$0,$2002,$95251,$15,$7892,$56,$7655,$102906,$701,$169,$108,$277,$222,$-3273,$4271,$-183,$1037,$2012,$-137,$0,$84,$0,$-2782,$-2782,$-986,$-3821,$-115,$0,$-115,$89,$89,$-218,$3498,$3254,$1445,$73,$-218
28,2011-06-30,15.17,$5.57,2.72,$3.82,3.97,$2.76,5.51,$0.60,25.29,$52.34B,$88.83B,0.59,$2.00B,$6.73B,0.3,$4.59B,$4.59B,100.00%,$4.59B,$1.48B,32.33%,$4.59B,$1.48B,32.33%,$4.59B,$1.70B,36.97%,$4.59B,$1.21B,26.34%,$4.59B,$0.72B,15.78%,$0.72B,$6.73B,11.36%,$0.72B,$6.10B,12.59%,$0.72B,$97.57B,0.78%,$1.48B,$8.74B,17.70%,$1181,$0,$1181,$0,$709,$748,$433,$-73,$360,$140,$220,$220,$220,$497,$433,$1228,1229,$0.18,$0.18,$30308,$410,$0,$52338,$639,$43007,$631,$957,$45234,$97572,$88834,$2004,$0,$2004,$90838,$14,$7745,$45,$6734,$97572,$481,$105,$61,$166,$-460,$-1173,$3023,$-110,$1280,$1918,$-77,$0,$0,$0,$-1243,$-1243,$-747,$-2067,$-3,$0,$-3,$73,$73,$-145,$1759,$1684,$1535,$47,$-145
29,2011-03-31,16.58,$5.38,3.08,$3.74,4.43,$1.42,11.68,$0.57,29.08,$49.98B,$86.39B,0.58,$2.01B,$6.49B,0.31,$4.48B,$4.48B,100.00%,$4.48B,$1.44B,32.08%,$4.48B,$1.44B,32.08%,$4.48B,$1.64B,36.59%,$4.48B,$1.16B,25.91%,$4.48B,$0.69B,15.43%,$0.69B,$6.49B,11.22%,$0.69B,$5.86B,12.42%,$0.69B,$94.88B,0.77%,$1.44B,$8.49B,17.98%,$1190,$0,$1190,$0,$700,$740,$450,$-64,$386,$148,$238,$238,$238,$514,$450,$1207,1210,$0.20,$0.20,$28619,$386,$0,$49975,$627,$42692,$631,$958,$44908,$94883,$86391,$2005,$0,$2005,$88396,$14,$7580,$34,$6487,$94883,$243,$58,$29,$87,$-159,$-371,$1482,$25,$977,$1303,$-38,$0,$0,$0,$-935,$-935,$-413,$-1386,$-1,$58,$57,$38,$38,$-72,$677,$700,$617,$18,$-72
30,2010-12-31,15.68,$5.18,3.03,$3.56,4.4,$-0.15,0.0,$0.47,33.36,$48.58B,$84.34B,0.58,$2.01B,$6.23B,0.32,$4.25B,$4.25B,100.00%,$4.25B,$1.06B,24.98%,$4.25B,$1.06B,24.98%,$4.25B,$1.24B,29.24%,$4.25B,$0.78B,18.34%,$4.25B,$0.45B,10.69%,$0.45B,$6.23B,7.63%,$0.45B,$5.54B,8.43%,$0.45B,$92.57B,0.53%,$1.06B,$8.23B,13.94%,$1207,$0,$1207,$0,$716,$751,$456,$-62,$394,$151,$243,$243,$243,$369,$456,$1203,1207,$0.20,$0.20,$27680,$337,$0,$48577,$624,$41755,$685,$927,$43991,$92568,$84336,$2006,$0,$2006,$86342,$14,$7409,$16,$6226,$92568,$454,$181,$99,$280,$-2464,$-3795,$5169,$350,$-740,$-9,$-129,$0,$-44,$0,$-16471,$-16471,$1234,$-15410,$496,$0,$496,$578,$578,$-288,$11323,$12109,$-3310,$87,$-288
31,2010-09-30,12.69,$5.05,2.51,$3.47,3.66,$1.09,11.69,$0.51,24.88,$44.76B,$79.26B,0.57,$2.01B,$6.04B,0.33,$4.11B,$4.11B,100.00%,$4.11B,$1.09B,26.47%,$4.11B,$1.09B,26.47%,$4.11B,$1.22B,29.58%,$4.11B,$0.82B,19.87%,$4.11B,$0.50B,12.15%,$0.50B,$6.04B,8.81%,$0.50B,$5.51B,9.71%,$0.50B,$87.30B,0.62%,$1.09B,$8.04B,15.10%,$1127,$0,$1127,$0,$669,$831,$296,$-67,$229,$110,$119,$119,$119,$316,$296,$1191,1194,$0.11,$0.11,$25767,$341,$0,$44759,$610,$40407,$528,$994,$42539,$87298,$79255,$2008,$0,$2008,$81263,$14,$7363,$3,$6035,$87298,$335,$108,$101,$209,$-1167,$-1116,$2078,$109,$-96,$442,$-82,$0,$0,$0,$-12427,$-12427,$-893,$-13402,$497,$0,$497,$566,$566,$-215,$9572,$10420,$-2540,$64,$-215
32,2010-06-30,12.89,$4.92,2.62,$3.45,3.74,$1.29,9.97,$0.58,22.23,$47.04B,$75.11B,0.63,$1.31B,$5.88B,0.22,$4.06B,$4.06B,100.00%,$4.06B,$1.19B,29.32%,$4.06B,$1.19B,29.32%,$4.06B,$1.32B,32.55%,$4.06B,$0.94B,23.11%,$4.06B,$0.58B,14.18%,$0.58B,$5.88B,10.68%,$0.58B,$5.35B,11.85%,$0.58B,$82.30B,0.76%,$1.19B,$7.19B,17.50%,$1063,$0,$1063,$0,$615,$782,$281,$-82,$199,$75,$124,$124,$124,$439,$281,$1194,1194,$0.10,$0.10,$28383,$401,$0,$47038,$617,$33173,$528,$939,$35257,$82295,$75108,$1308,$0,$1308,$76416,$14,$7310,$-65,$5879,$82295,$211,$73,$71,$144,$-1191,$17,$740,$369,$-65,$276,$-54,$0,$0,$0,$-5297,$-5297,$-500,$-5851,$-203,$0,$-203,$562,$562,$-143,$6628,$6844,$1269,$43,$-143
33,2010-03-31,16.94,$4.75,3.56,$3.48,4.87,$2.00,8.47,$0.59,28.71,$43.89B,$71.36B,0.62,$1.31B,$5.67B,0.23,$4.06B,$4.06B,100.00%,$4.06B,$1.19B,29.29%,$4.06B,$1.19B,29.29%,$4.06B,$1.33B,32.64%,$4.06B,$0.93B,23.00%,$4.06B,$0.58B,14.16%,$0.58B,$5.67B,11.35%,$0.58B,$5.14B,12.67%,$0.58B,$78.34B,0.81%,$1.19B,$6.98B,18.18%,$1080,$0,$1080,$0,$641,$677,$403,$-65,$338,$133,$205,$205,$205,$118,$403,$1195,1195,$0.17,$0.17,$25800,$516,$0,$43889,$628,$32192,$528,$1100,$34448,$78337,$71357,$1309,$0,$1309,$72666,$14,$7177,$-111,$5671,$78337,$6,$37,$41,$78,$-712,$-733,$631,$151,$-663,$-589,$-29,$0,$0,$0,$-4131,$-4131,$-275,$-4435,$-201,$0,$-201,$555,$555,$-72,$2795,$3077,$-1947,$21,$-72
34,2009-12-31,17.0,$4.37,3.89,$3.62,4.7,$2.63,6.46,$0.68,25.0,$44.17B,$68.85B,0.64,$1.51B,$5.07B,0.3,$4.19B,$4.19B,100.00%,$4.19B,$1.50B,35.77%,$4.19B,$1.50B,35.77%,$4.19B,$1.64B,39.14%,$4.19B,$1.28B,30.43%,$4.19B,$0.79B,18.77%,$0.79B,$5.07B,16.66%,$0.79B,$4.55B,18.76%,$0.79B,$75.43B,1.21%,$1.50B,$6.59B,24.70%,$978,$0,$978,$0,$664,$897,$81,$-68,$13,$7,$6,$6,$6,$342,$81,$1188,1188,$0.00,$0.00,$26614,$916,$0,$44169,$641,$28959,$528,$1134,$31262,$75431,$68846,$1512,$0,$1512,$70358,$14,$7243,$-191,$5073,$75431,$787,$141,$189,$330,$-1301,$-3978,$6046,$-415,$352,$1437,$-140,$0,$0,$0,$-12642,$-12642,$-1275,$-14057,$667,$0,$667,$53,$53,$-279,$14978,$15419,$2799,$75,$-279
35,2009-09-30,17.24,$4.22,4.09,$3.88,4.45,$1.35,12.75,$0.81,21.28,$41.65B,$61.57B,0.68,$1.52B,$4.90B,0.31,$4.49B,$4.49B,100.00%,$4.49B,$1.75B,38.86%,$4.49B,$1.75B,38.86%,$4.49B,$1.91B,42.42%,$4.49B,$1.52B,33.78%,$4.49B,$0.93B,20.73%,$0.93B,$4.90B,20.83%,$0.93B,$4.38B,23.62%,$0.93B,$67.98B,1.57%,$1.75B,$6.42B,30.81%,$986,$0,$986,$0,$626,$664,$322,$-56,$266,$102,$164,$164,$164,$421,$322,$1156,1160,$0.14,$0.14,$25555,$665,$0,$41648,$646,$24279,$528,$883,$26336,$67984,$61565,$1516,$0,$1516,$63081,$14,$7149,$-246,$4903,$67984,$623,$121,$92,$213,$-562,$-2793,$3382,$-137,$-110,$700,$-108,$0,$0,$0,$-9159,$-9159,$-921,$-10188,$668,$0,$668,$46,$46,$-209,$11657,$12162,$2674,$54,$-209
36,2009-06-30,15.74,$3.98,3.96,$4.09,3.85,$0.12,133.73,$0.90,17.49,$40.17B,$56.09B,0.72,$1.56B,$4.61B,0.34,$4.73B,$4.73B,100.00%,$4.73B,$1.93B,40.71%,$4.73B,$1.93B,40.71%,$4.73B,$2.09B,44.09%,$4.73B,$1.70B,35.85%,$4.73B,$1.04B,21.88%,$1.04B,$4.61B,24.30%,$1.04B,$4.09B,27.73%,$1.04B,$62.26B,1.87%,$1.93B,$6.17B,36.38%,$1011,$0,$1011,$0,$590,$628,$383,$-63,$320,$120,$200,$200,$200,$444,$383,$1163,1163,$0.17,$0.17,$24886,$381,$0,$40169,$650,$19929,$528,$985,$22092,$62261,$56087,$1560,$0,$1560,$57647,$14,$7019,$-362,$4614,$62261,$423,$83,$62,$145,$-302,$-594,$1761,$-307,$558,$1106,$-69,$0,$0,$0,$-4993,$-4993,$-582,$-5644,$707,$0,$707,$31,$31,$-139,$7859,$8458,$3920,$35,$-139
37,2009-03-31,13.87,$3.71,3.74,$4.28,3.24,$-1.04,0.0,$0.98,14.15,$36.53B,$49.78B,0.73,$0.82B,$4.30B,0.19,$4.95B,$4.95B,100.00%,$4.95B,$2.09B,42.19%,$4.95B,$2.09B,42.19%,$4.95B,$2.25B,45.34%,$4.95B,$1.88B,37.85%,$4.95B,$1.13B,22.71%,$1.13B,$4.30B,27.58%,$1.13B,$3.77B,31.68%,$1.13B,$54.90B,2.17%,$2.09B,$5.12B,42.27%,$1085,$0,$1085,$0,$641,$682,$403,$-68,$335,$130,$205,$205,$205,$434,$403,$1156,1160,$0.18,$0.18,$22454,$426,$0,$36525,$649,$16166,$528,$1030,$18373,$54898,$49781,$816,$0,$816,$50597,$14,$6883,$-500,$4301,$54898,$218,$42,$31,$73,$743,$-1034,$479,$-295,$-107,$159,$-32,$0,$0,$0,$-1451,$-1451,$-284,$-1767,$-39,$0,$-39,$12,$12,$-69,$2797,$2701,$1093,$18,$-69
38,2008-12-31,14.4,$3.51,4.1,$4.45,3.23,$-1.47,0.0,$1.05,13.71,$34.73B,$46.73B,0.74,$0.88B,$4.06B,0.22,$5.15B,$5.15B,100.00%,$5.15B,$2.24B,43.57%,$5.15B,$2.24B,43.57%,$5.15B,$2.40B,46.52%,$5.15B,$2.03B,39.38%,$5.15B,$1.21B,23.53%,$1.21B,$4.06B,31.12%,$1.21B,$3.53B,36.00%,$1.21B,$51.68B,2.46%,$2.24B,$4.94B,46.93%,$1111,$0,$1111,$0,$677,$719,$392,$-37,$355,$137,$218,$218,$218,$606,$392,$1156,1156,$0.19,$0.19,$20127,$626,$0,$34726,$661,$14689,$528,$1071,$16949,$51675,$46731,$883,$0,$883,$47614,$14,$6735,$-553,$4061,$51675,$1212,$152,$195,$347,$5139,$-5834,$-856,$-59,$-1610,$2,$-188,$0,$-5,$0,$-8067,$-8067,$-2641,$-10901,$-20,$0,$-20,$-219,$-219,$-253,$10069,$9577,$-1322,$69,$-253
39,2008-09-30,23.07,$3.52,6.56,$4.44,5.19,$-0.02,0.0,$1.04,22.18,$50.53B,$47.82B,1.06,$0.88B,$4.06B,0.22,$5.21B,$5.21B,100.00%,$5.21B,$2.25B,43.14%,$5.21B,$2.25B,43.14%,$5.21B,$2.40B,46.06%,$5.21B,$2.05B,39.28%,$5.21B,$1.21B,23.26%,$1.21B,$4.06B,31.79%,$1.21B,$3.54B,36.90%,$1.21B,$52.76B,2.58%,$2.25B,$4.94B,47.80%,$1284,$0,$1284,$0,$678,$717,$567,$-60,$507,$199,$308,$308,$308,$602,$567,$1148,1157,$0.27,$0.27,$19077,$14230,$0,$50532,$633,$0,$528,$605,$2228,$52760,$47816,$881,$0,$881,$48697,$14,$6496,$-285,$4063,$52760,$904,$113,$64,$177,$1391,$-5270,$1748,$318,$-1813,$-712,$-128,$0,$0,$0,$-6231,$-6231,$-2116,$-8475,$-19,$0,$-19,$-234,$-234,$-185,$8184,$7746,$-1441,$49,$-185
40,2008-06-30,18.17,$3.38,5.38,$4.44,4.1,$1.58,11.48,$2.06,8.82,$46.27B,$43.59B,1.06,$0.88B,$3.89B,0.23,$5.25B,$5.25B,100.00%,$5.25B,$2.24B,42.73%,$5.25B,$2.24B,42.73%,$5.25B,$2.40B,45.65%,$5.25B,$2.06B,39.23%,$5.25B,$2.44B,46.51%,$2.44B,$3.89B,67.00%,$2.44B,$3.36B,78.31%,$2.44B,$48.36B,5.60%,$2.24B,$4.77B,50.18%,$1251,$0,$1251,$0,$649,$687,$564,$-65,$499,$195,$304,$304,$304,$604,$564,$1148,1158,$0.26,$0.26,$14593,$13280,$0,$46273,$623,$0,$528,$591,$2087,$48360,$43587,$882,$0,$882,$44469,$14,$6261,$-142,$3891,$48360,$600,$75,$51,$126,$-402,$-348,$77,$-248,$-921,$-224,$-81,$0,$0,$0,$-5468,$-5468,$-1466,$-7015,$-17,$0,$-17,$-275,$-275,$-115,$6121,$5714,$-1525,$33,$-115
41,2008-03-31,16.62,$3.16,5.26,$4.26,3.9,$2.29,7.25,$2.03,8.19,$42.48B,$40.09B,1.06,$0.90B,$3.56B,0.25,$5.15B,$5.15B,100.00%,$5.15B,$2.14B,41.57%,$5.15B,$2.14B,41.57%,$5.15B,$2.30B,44.58%,$5.15B,$1.97B,38.27%,$5.15B,$2.44B,47.38%,$2.44B,$3.56B,61.90%,$2.44B,$3.03B,71.42%,$2.44B,$44.55B,5.57%,$2.14B,$4.47B,46.09%,$1308,$0,$1308,$0,$704,$741,$567,$-53,$514,$201,$313,$313,$295,$584,$567,$1145,1154,$0.26,$0.26,$15865,$10259,$0,$42484,$628,$0,$528,$576,$2067,$44551,$40086,$903,$0,$903,$40989,$14,$6024,$-135,$3562,$44551,$305,$38,$17,$55,$856,$-2158,$792,$-169,$-679,$-322,$-48,$0,$0,$0,$-2367,$-2367,$-601,$-3016,$-1,$0,$-1,$-329,$-329,$-58,$1753,$1365,$-1973,$17,$-58
42,2007-12-31,22.5,$3.22,7.0,$4.04,5.56,$2.45,9.2,$1.99,11.31,$32.77B,$37.66B,0.87,$0.90B,$3.73B,0.24,$4.99B,$4.99B,100.00%,$4.99B,$2.02B,40.47%,$4.99B,$2.02B,40.47%,$4.99B,$2.18B,43.59%,$4.99B,$1.85B,37.10%,$4.99B,$2.41B,48.20%,$2.41B,$3.73B,56.19%,$2.41B,$3.21B,64.02%,$2.41B,$42.29B,5.41%,$2.02B,$4.63B,41.61%,$1307,$0,$1307,$0,$723,$761,$546,$-38,$508,$203,$305,$305,$305,$610,$546,$1149,1159,$0.27,$0.26,$15567,$675,$0,$32768,$617,$7526,$525,$850,$9518,$42286,$37655,$899,$0,$899,$38554,$14,$5776,$-17,$3732,$42286,$2407,$156,$-773,$-617,$-1469,$1782,$93,$-466,$-60,$1746,$-168,$0,$3118,$0,$-1520,$-1520,$-1063,$367,$506,$0,$506,$-2328,$-2328,$-1500,$3466,$144,$2257,$58,$-1500
43,2007-09-30,18.98,$2.94,6.46,$3.80,5.0,$2.48,7.66,$2.10,9.04,$37.36B,$35.29B,1.06,$0.63B,$3.39B,0.18,$4.75B,$4.75B,100.00%,$4.75B,$1.86B,39.24%,$4.75B,$1.86B,39.24%,$4.75B,$2.02B,42.51%,$4.75B,$1.70B,35.81%,$4.75B,$2.57B,54.08%,$2.57B,$3.39B,55.75%,$2.57B,$2.87B,62.51%,$2.57B,$39.31B,5.56%,$1.86B,$4.02B,36.88%,$1345,$0,$1345,$0,$735,$774,$571,$-45,$526,$221,$305,$305,$308,$599,$571,$1208,1222,$0.23,$0.23,$14270,$7991,$0,$37356,$604,$0,$525,$583,$1953,$39309,$35290,$625,$0,$625,$35915,$14,$5526,$-12,$3394,$39309,$2099,$117,$-940,$-823,$-406,$1512,$-1254,$-152,$-300,$1168,$-116,$0,$3120,$0,$-1629,$-1629,$-681,$694,$239,$0,$239,$-2395,$-2395,$-1442,$2098,$-1500,$362,$40,$-1442
44,2007-06-30,17.13,$4.05,4.23,$3.56,4.82,$2.64,6.49,$1.03,16.63,$36.00B,$33.97B,1.06,$0.38B,$5.07B,0.08,$4.52B,$4.52B,100.00%,$4.52B,$1.72B,37.94%,$4.52B,$1.72B,37.94%,$4.52B,$1.87B,41.37%,$4.52B,$1.57B,34.71%,$4.52B,$1.30B,28.72%,$1.30B,$5.07B,26.42%,$1.30B,$4.55B,30.12%,$1.30B,$49.00B,2.70%,$1.72B,$5.46B,32.28%,$1291,$0,$1291,$0,$692,$731,$560,$-48,$512,$189,$323,$323,$1534,$502,$560,$1188,1201,$1.29,$1.28,$12619,$8249,$0,$35999,$609,$0,$524,$554,$13005,$49004,$33970,$384,$0,$9960,$43930,$14,$5308,$-56,$5074,$49004,$565,$78,$283,$361,$-787,$1769,$-1210,$-79,$-307,$641,$-83,$0,$-117,$0,$-1907,$-1907,$-341,$-2448,$0,$0,$0,$-391,$-391,$-125,$1287,$771,$-1036,$26,$-125
45,2007-03-31,15.23,$3.94,3.87,$3.44,4.42,$3.56,4.27,$0.99,15.38,$34.59B,$33.60B,1.03,$0.39B,$4.94B,0.08,$4.41B,$4.41B,100.00%,$4.41B,$1.66B,37.66%,$4.41B,$1.66B,37.66%,$4.41B,$1.82B,41.18%,$4.41B,$1.51B,34.35%,$4.41B,$1.26B,28.52%,$1.26B,$4.94B,26.22%,$1.26B,$4.41B,30.76%,$1.26B,$47.28B,2.64%,$1.66B,$5.32B,31.83%,$1205,$0,$1205,$0,$703,$742,$463,$-39,$424,$168,$256,$256,$292,$466,$463,$1243,1257,$0.24,$0.23,$13799,$6812,$0,$34586,$606,$0,$523,$522,$12692,$47278,$33601,$387,$0,$8742,$42343,$14,$5078,$-29,$4935,$47278,$273,$39,$492,$531,$81,$329,$-1289,$-98,$-977,$-170,$-39,$0,$-117,$0,$-398,$-398,$6,$-548,$0,$0,$0,$-293,$-293,$-63,$-176,$-532,$-1250,$12,$-63
46,2006-12-31,16.06,$3.96,4.06,$3.34,4.8,$4.28,3.75,$0.96,16.73,$35.70B,$34.53B,1.03,$0.39B,$5.01B,0.08,$4.31B,$4.31B,100.00%,$4.31B,$1.62B,37.57%,$4.31B,$1.62B,37.57%,$4.31B,$1.78B,41.22%,$4.31B,$1.48B,34.25%,$4.31B,$1.23B,28.48%,$1.23B,$5.01B,26.00%,$1.23B,$4.59B,31.43%,$1.23B,$48.99B,2.57%,$1.62B,$5.40B,31.32%,$1153,$0,$1153,$0,$687,$726,$427,$-36,$391,$155,$236,$236,$273,$450,$427,$1251,1266,$0.22,$0.22,$15369,$6386,$0,$35696,$602,$0,$419,$524,$13296,$48992,$34532,$388,$0,$9452,$43984,$14,$4901,$-36,$5008,$48992,$1227,$157,$-316,$-159,$19,$4404,$-3875,$146,$694,$1760,$-59,$0,$0,$0,$-2289,$-2289,$-892,$-3240,$-68,$0,$-68,$-615,$-615,$-173,$4938,$4082,$2602,$39,$-173
