,Date,Stock Price,Book Value per Share,Price to Book Ratio,TTM Sales per Share,Price to Sales Ratio,TTM FCF per Share,Price to FCF Ratio,TTM Net EPS,PE Ratio,Current Assets,Current Liabilities,Current Ratio,Long Term Debt,Shareholder's Equity_x,Debt to Equity Ratio,TTM Revenue_x,TTM Gross Profit,Gross Margin,TTM Revenue_y,TTM Operating Income,Operating Margin,TTM Revenue_x,TTM EBIT,EBIT Margin,TTM Revenue_y,TTM EBITDA,EBITDA Margin,TTM Revenue_x,TTM Pre-Tax Income,Pre-Tax Margin,TTM Revenue_y,TTM Net Income_x,Net Margin,TTM Net Income_y,Shareholder's Equity_y,Return on Equity,TTM Net Income_x,Tangible Equity,Return on Tangible Equity,TTM Net Income_y,Total Assets,Return on Assets,TTM Net Income,LT Investments & Debt,Return on Investment,revenue,cost-goods-sold,gross-profit,research-development-expenses,selling-general-administrative-expenses,operating-expenses,operating-income,total-non-operating-income-expense,pre-tax-income,total-provision-income-taxes,income-after-taxes,income-from-continuous-operations,net-income,ebitda,ebit,basic-shares-outstanding,shares-outstanding,eps-basic-net-earnings-per-share,eps-earnings-per-share-diluted,cash-on-hand,inventory,other-current-assets,total-current-assets,net-property-plant-equipment,long-term-investments,goodwill-intangible-assets-total,other-long-term-assets,total-long-term-assets,total-assets,total-current-liabilities,long-term-debt,other-non-current-liabilities,total-long-term-liabilities,total-liabilities,common-stock-net,retained-earnings-accumulated-deficit,comprehensive-income,total-share-holder-equity,total-liabilities-share-holders-equity,net-income-loss,total-depreciation-amortization-cash-flow,other-non-cash-items,total-non-cash-items,change-in-accounts-receivable,change-in-inventories,change-in-accounts-payable,change-in-assets-liabilities,total-change-in-assets-liabilities,cash-flow-from-operating-activities,net-change-in-property-plant-equipment,net-change-in-intangible-assets,net-acquisitions-divestitures,net-change-in-short-term-investments,net-change-in-long-term-investments,net-change-in-investments-total,investing-activities-other,cash-flow-from-investing-activities,net-long-term-debt,net-current-debt,debt-issuance-retirement-net-total,net-common-equity-issued-repurchased,net-total-equity-issued-repurchased,total-common-preferred-stock-dividends-paid,financial-activities-other,cash-flow-from-financial-activities,net-cash-flow,stock-based-compensation,common-stock-dividends-paid
0,2018-09-30,44.2,$8.09,5.46,$16.86,2.62,$5.14,8.59,$2.64,16.74,$0.30B,$0.56B,0.54,$3.54B,$1.49B,2.38,$3.18B,$0.76B,23.95%,$3.18B,$0.63B,19.92%,$3.18B,$0.63B,19.92%,$3.18B,$0.89B,28.03%,$3.18B,$0.45B,14.11%,$3.18B,$0.50B,15.74%,$0.50B,$1.49B,34.05%,$0.50B,$-0.37B,-138.78%,$0.50B,$13.07B,3.91%,$0.63B,$5.03B,13.09%,$779,$613,$166,$0,$41,$646,$132,$-46,$86,$17,$69,$69,$69,$197,$132,$181,185,$0.38,$0.37,$158,$26,$32,$300,$3796,$4568,$1854,$1597,$12770,$13070,$555,$3542,$1993,$11026,$11581,$181,$314,$32,$1489,$13070,$254,$190,$36,$226,$-1,$0,$-3,$-24,$-28,$452,$-166,$0,$-158,$0,$3,$3,$-26,$-347,$80,$0,$80,$-257,$-257,$-93,$-9,$-279,$-175,$12,$-93
1,2018-06-30,35.79,$8.15,4.39,$16.47,2.17,$4.89,7.32,$2.56,13.98,$0.31B,$0.55B,0.56,$3.49B,$1.48B,2.37,$3.13B,$0.75B,23.80%,$3.13B,$0.61B,19.50%,$3.13B,$0.61B,19.50%,$3.13B,$0.87B,27.66%,$3.13B,$0.43B,13.72%,$3.13B,$0.49B,15.57%,$0.49B,$1.48B,34.63%,$0.49B,$-0.38B,-118.45%,$0.49B,$12.86B,3.84%,$0.61B,$4.97B,12.95%,$796,$608,$188,$0,$31,$634,$162,$-43,$119,$16,$103,$103,$103,$226,$162,$183,187,$0.57,$0.55,$164,$26,$26,$309,$3742,$4454,$1851,$1563,$12551,$12860,$554,$3494,$1948,$10830,$11384,$181,$315,$26,$1476,$12860,$185,$125,$34,$159,$1,$0,$-38,$8,$-29,$315,$-85,$0,$-168,$0,$3,$3,$-23,$-273,$342,$-9,$333,$-222,$-222,$-62,$-260,$-210,$-170,$8,$-62
2,2018-03-31,37.56,$8.22,4.57,$16.24,2.31,$4.50,8.34,$2.37,15.85,$0.35B,$0.59B,0.59,$3.32B,$1.51B,2.19,$3.11B,$0.74B,23.85%,$3.11B,$0.59B,19.06%,$3.11B,$0.59B,19.06%,$3.11B,$0.85B,27.26%,$3.11B,$0.41B,13.28%,$3.11B,$0.45B,14.56%,$0.45B,$1.51B,33.77%,$0.45B,$-0.31B,-96.74%,$0.45B,$12.43B,3.60%,$0.59B,$4.83B,12.89%,$794,$599,$196,$0,$35,$631,$164,$-53,$110,$28,$82,$82,$82,$224,$164,$185,190,$0.44,$0.43,$220,$27,$27,$351,$3685,$4199,$1819,$1497,$12078,$12429,$592,$3317,$1899,$10325,$10917,$184,$334,$32,$1512,$12429,$82,$60,$14,$74,$12,$0,$0,$44,$55,$211,$-46,$0,$-27,$0,$0,$0,$-6,$-80,$-82,$-8,$-90,$-114,$-114,$-31,$-9,$-244,$-113,$4,$-31
3,2017-12-31,36.98,$7.55,4.9,$16.09,2.3,$4.40,8.41,$2.85,12.98,$0.48B,$0.83B,0.58,$3.14B,$1.41B,2.23,$3.10B,$0.72B,23.36%,$3.10B,$0.57B,18.38%,$3.10B,$0.57B,18.38%,$3.10B,$0.82B,26.62%,$3.10B,$0.40B,12.99%,$3.10B,$0.55B,17.64%,$0.55B,$1.41B,43.36%,$0.55B,$-0.40B,-99.82%,$0.55B,$12.87B,4.36%,$0.57B,$4.55B,12.66%,$813,$601,$212,$0,$33,$637,$176,$-42,$134,$-114,$247,$247,$247,$245,$176,$188,192,$1.31,$1.28,$330,$25,$36,$481,$3665,$4779,$1806,$1532,$12383,$12865,$829,$3135,$1942,$10626,$11455,$187,$210,$42,$1409,$12865,$547,$255,$-300,$-45,$-10,$0,$82,$-71,$1,$502,$-215,$0,$-22,$0,$0,$0,$0,$-236,$1267,$6,$1273,$-166,$-166,$-109,$-1135,$-136,$135,$15,$-109
4,2017-09-30,34.05,$6.60,5.16,$15.99,2.13,$4.28,7.95,$1.90,17.92,$0.41B,$0.58B,0.7,$3.29B,$1.24B,2.66,$3.09B,$0.72B,23.36%,$3.09B,$0.57B,18.51%,$3.09B,$0.57B,18.51%,$3.09B,$0.83B,26.85%,$3.09B,$0.41B,13.17%,$3.09B,$0.37B,11.81%,$0.37B,$1.24B,30.91%,$0.37B,$-0.57B,-58.52%,$0.37B,$12.63B,2.96%,$0.57B,$4.53B,12.91%,$731,$582,$150,$0,$39,$622,$109,$-43,$67,$10,$56,$56,$56,$172,$109,$187,192,$0.30,$0.29,$268,$27,$32,$405,$3652,$4678,$1808,$1490,$12220,$12625,$580,$3293,$1866,$10807,$11386,$188,$33,$47,$1239,$12625,$299,$185,$-136,$49,$13,$0,$66,$-38,$41,$389,$-142,$0,$-43,$0,$0,$0,$-3,$-188,$53,$0,$53,$-118,$-118,$-81,$-2,$-148,$63,$11,$-81
5,2017-06-30,32.87,$6.43,5.11,$15.85,2.07,$4.15,7.93,$1.85,17.77,$0.36B,$0.52B,0.68,$3.29B,$1.21B,2.73,$3.08B,$0.71B,23.14%,$3.08B,$0.58B,18.73%,$3.08B,$0.58B,18.73%,$3.08B,$0.83B,27.00%,$3.08B,$0.42B,13.47%,$3.08B,$0.36B,11.59%,$0.36B,$1.21B,31.22%,$0.36B,$-0.60B,-54.13%,$0.36B,$12.39B,2.93%,$0.58B,$4.50B,13.21%,$773,$590,$184,$0,$40,$629,$144,$-42,$102,$33,$69,$69,$68,$207,$144,$188,192,$0.37,$0.36,$225,$27,$30,$355,$3613,$4573,$1804,$1466,$12033,$12388,$524,$3291,$1839,$10659,$11183,$187,$29,$30,$1205,$12388,$243,$123,$-147,$-24,$20,$0,$15,$-32,$3,$222,$-60,$0,$-46,$0,$0,$0,$-0,$-107,$62,$-2,$60,$-99,$-99,$-53,$-5,$-97,$23,$8,$-53
6,2017-03-31,30.21,$6.30,4.8,$15.65,1.93,$4.03,7.5,$1.57,19.24,$0.39B,$0.61B,0.64,$3.23B,$1.18B,2.72,$3.06B,$0.69B,22.59%,$3.06B,$0.53B,17.23%,$3.06B,$0.53B,17.23%,$3.06B,$0.78B,25.50%,$3.06B,$0.35B,11.31%,$3.06B,$0.31B,9.97%,$0.31B,$1.18B,26.89%,$0.31B,$-0.62B,-45.66%,$0.31B,$12.26B,2.53%,$0.53B,$4.41B,12.22%,$778,$600,$177,$0,$42,$638,$140,$-41,$99,$-76,$175,$175,$175,$200,$140,$188,193,$0.93,$0.91,$238,$27,$38,$391,$3593,$4444,$1806,$1441,$11868,$12259,$613,$3225,$1805,$10462,$11075,$188,$5,$20,$1184,$12259,$175,$60,$-148,$-88,$11,$0,$0,$91,$102,$188,$-40,$0,$-13,$0,$0,$0,$-2,$-55,$14,$-2,$12,$-68,$-68,$-24,$-9,$-90,$44,$4,$-24
7,2016-12-31,27.66,$5.78,4.78,$15.40,1.8,$3.98,6.95,$0.90,30.74,$0.35B,$0.54B,0.66,$3.20B,$1.10B,2.92,$3.03B,$0.68B,22.34%,$3.03B,$0.51B,16.86%,$3.03B,$0.51B,16.86%,$3.03B,$0.76B,25.15%,$3.03B,$0.33B,10.79%,$3.03B,$0.18B,5.84%,$0.18B,$1.10B,15.58%,$0.18B,$-0.70B,-26.62%,$0.18B,$12.04B,1.48%,$0.51B,$4.29B,11.95%,$809,$598,$211,$0,$35,$630,$179,$-40,$139,$73,$66,$66,$66,$251,$179,$193,196,$0.35,$0.34,$195,$26,$35,$354,$3605,$4305,$1799,$1407,$11684,$12038,$538,$3197,$1919,$10405,$10943,$189,$-103,$16,$1095,$12038,$177,$251,$48,$299,$-14,$0,$48,$-47,$-13,$464,$-193,$0,$-28,$0,$0,$0,$5,$-216,$990,$-1,$989,$-210,$-210,$-98,$-870,$-189,$60,$14,$-98
8,2016-09-30,25.73,$5.72,4.5,$15.04,1.71,$4.17,6.16,$0.92,27.97,$0.35B,$0.54B,0.64,$3.18B,$1.09B,2.92,$2.99B,$0.66B,21.91%,$2.99B,$0.49B,16.35%,$2.99B,$0.49B,16.35%,$2.99B,$0.74B,24.68%,$2.99B,$0.30B,10.10%,$2.99B,$0.18B,6.12%,$0.18B,$1.09B,15.79%,$0.18B,$-0.71B,-28.56%,$0.18B,$12.05B,1.55%,$0.49B,$4.27B,11.48%,$721,$581,$141,$0,$27,$607,$114,$-39,$75,$27,$48,$48,$48,$174,$114,$193,197,$0.25,$0.24,$178,$29,$64,$345,$3598,$4291,$1802,$1427,$11707,$12051,$538,$3182,$1904,$10424,$10962,$190,$-143,$24,$1090,$12051,$111,$179,$24,$202,$11,$0,$38,$-4,$45,$359,$-131,$0,$-53,$0,$0,$0,$5,$-179,$982,$-1,$981,$-177,$-177,$-74,$-871,$-140,$43,$10,$-74
9,2016-06-30,26.08,$6.03,4.33,$14.88,1.75,$4.45,5.86,$0.91,28.66,$0.33B,$0.50B,0.66,$3.11B,$1.17B,2.67,$2.98B,$0.66B,21.99%,$2.98B,$0.50B,16.76%,$2.98B,$0.50B,16.76%,$2.98B,$0.75B,25.08%,$2.98B,$0.30B,10.09%,$2.98B,$0.18B,6.10%,$0.18B,$1.17B,15.37%,$0.18B,$-0.63B,-29.56%,$0.18B,$11.88B,1.55%,$0.50B,$4.28B,11.76%,$751,$589,$162,$0,$37,$657,$94,$-62,$33,$17,$16,$16,$16,$155,$94,$194,197,$0.08,$0.08,$172,$29,$53,$333,$3589,$4174,$1802,$1394,$11543,$11875,$502,$3113,$1868,$10206,$10708,$194,$-106,$29,$1168,$11875,$63,$119,$34,$153,$10,$0,$-1,$0,$9,$226,$-83,$0,$-41,$0,$0,$0,$5,$-119,$924,$-1,$923,$-73,$-73,$-49,$-876,$-74,$37,$7,$-49
10,2016-03-31,23.69,$6.13,3.86,$14.71,1.61,$4.78,4.95,$1.08,21.94,$0.35B,$0.52B,0.68,$3.08B,$1.19B,2.59,$2.99B,$0.66B,22.10%,$2.99B,$0.53B,17.88%,$2.99B,$0.53B,17.88%,$2.99B,$0.78B,26.12%,$2.99B,$0.35B,11.79%,$2.99B,$0.22B,7.33%,$0.22B,$1.19B,17.87%,$0.22B,$-0.61B,-37.97%,$0.22B,$11.76B,1.86%,$0.53B,$4.27B,12.69%,$749,$586,$163,$0,$39,$626,$124,$-44,$80,$32,$47,$47,$47,$182,$124,$195,198,$0.24,$0.24,$214,$29,$28,$353,$3595,$4087,$1801,$1334,$11403,$11756,$518,$3076,$1828,$10048,$10566,$194,$-102,$29,$1190,$11756,$47,$59,$1,$60,$9,$0,$56,$12,$78,$185,$-42,$0,$10,$0,$0,$0,$5,$-26,$572,$1,$573,$-51,$-51,$-23,$-583,$-85,$79,$3,$-23
11,2015-12-31,24.85,$6.08,4.09,$14.52,1.71,$4.83,5.14,$1.14,21.8,$0.30B,$0.51B,0.59,$3.04B,$1.19B,2.55,$2.99B,$0.67B,22.58%,$2.99B,$0.55B,18.46%,$2.99B,$0.55B,18.46%,$2.99B,$0.80B,26.63%,$2.99B,$0.37B,12.40%,$2.99B,$0.23B,7.81%,$0.23B,$1.19B,18.44%,$0.23B,$-0.61B,-43.01%,$0.23B,$11.68B,1.97%,$0.55B,$4.23B,13.07%,$769,$580,$189,$0,$35,$612,$157,$-43,$114,$41,$72,$72,$72,$227,$157,$200,204,$0.37,$0.36,$135,$28,$47,$300,$3600,$4078,$1796,$1319,$11376,$11676,$511,$3038,$1817,$9976,$10487,$196,$-109,$6,$1189,$11676,$235,$245,$14,$259,$0,$0,$21,$-43,$-22,$472,$-151,$0,$-24,$0,$0,$0,$9,$-166,$257,$-8,$250,$-313,$-313,$-88,$-187,$-338,$-43,$14,$-88
12,2015-09-30,25.76,$6.02,4.28,$14.42,1.79,$4.07,6.33,$1.20,21.47,$0.32B,$0.55B,0.59,$3.05B,$1.19B,2.57,$3.00B,$0.69B,23.01%,$3.00B,$0.61B,20.47%,$3.00B,$0.61B,20.47%,$3.00B,$0.85B,28.44%,$3.00B,$0.43B,14.47%,$3.00B,$0.25B,8.30%,$0.25B,$1.19B,19.00%,$0.25B,$-0.61B,-49.97%,$0.25B,$11.65B,2.10%,$0.61B,$4.23B,14.46%,$714,$573,$142,$0,$28,$590,$125,$-51,$74,$26,$48,$48,$47,$184,$125,$199,203,$0.24,$0.23,$142,$30,$67,$321,$3597,$4002,$1800,$1304,$11332,$11653,$547,$3046,$1808,$9919,$10466,$197,$-151,$17,$1188,$11653,$162,$175,$9,$184,$12,$0,$40,$-1,$50,$397,$-105,$0,$-30,$0,$0,$0,$9,$-126,$236,$-9,$227,$-275,$-275,$-64,$-186,$-298,$-35,$11,$-64
13,2015-06-30,27.87,$6.61,4.22,$14.28,1.95,$3.39,8.22,$1.05,26.54,$0.36B,$0.73B,0.5,$2.77B,$1.33B,2.08,$3.00B,$0.70B,23.18%,$3.00B,$0.62B,20.78%,$3.00B,$0.62B,20.78%,$3.00B,$0.87B,28.80%,$3.00B,$0.45B,15.05%,$3.00B,$0.22B,7.33%,$0.22B,$1.33B,16.24%,$0.22B,$-0.48B,-45.98%,$0.22B,$11.93B,1.83%,$0.62B,$4.10B,14.62%,$754,$588,$166,$0,$33,$627,$128,$-43,$84,$31,$53,$53,$53,$187,$128,$202,207,$0.26,$0.25,$199,$30,$40,$361,$3591,$4184,$1812,$1348,$11564,$11925,$725,$2770,$1848,$9866,$10591,$202,$-80,$45,$1334,$11925,$115,$116,$-3,$113,$2,$0,$34,$19,$55,$283,$-65,$0,$-28,$0,$0,$0,$9,$-84,$-15,$-8,$-23,$-125,$-125,$-40,$13,$-175,$22,$7,$-40
14,2015-03-31,24.58,$6.61,3.72,$14.09,1.74,$2.86,8.59,$0.92,26.72,$0.41B,$0.59B,0.7,$2.96B,$1.34B,2.21,$3.00B,$0.69B,22.90%,$3.00B,$0.64B,21.40%,$3.00B,$0.64B,21.40%,$3.00B,$0.88B,29.47%,$3.00B,$0.44B,14.59%,$3.00B,$0.19B,6.44%,$0.19B,$1.34B,14.01%,$0.19B,$-0.47B,-40.46%,$0.19B,$11.96B,1.57%,$0.64B,$4.30B,14.70%,$748,$571,$177,$0,$35,$607,$141,$-43,$98,$37,$61,$61,$61,$197,$141,$204,208,$0.30,$0.30,$217,$30,$54,$410,$3586,$4168,$1811,$1357,$11548,$11958,$588,$2963,$1841,$10029,$10617,$203,$-73,$37,$1342,$11958,$61,$56,$-4,$53,$-3,$0,$55,$23,$75,$189,$-28,$0,$-27,$0,$0,$0,$3,$-52,$-7,$-7,$-14,$-64,$-64,$-20,$6,$-93,$40,$4,$-20
15,2014-12-31,21.34,$6.72,3.17,$13.92,1.53,$2.56,8.33,$0.81,26.34,$0.40B,$0.55B,0.72,$2.96B,$1.38B,2.15,$2.99B,$0.68B,22.55%,$2.99B,$0.61B,20.28%,$2.99B,$0.61B,20.28%,$2.99B,$0.85B,28.50%,$2.99B,$0.40B,13.46%,$2.99B,$0.17B,5.78%,$0.17B,$1.38B,12.34%,$0.17B,$-0.43B,-35.00%,$0.17B,$11.92B,1.38%,$0.61B,$4.34B,13.71%,$783,$578,$205,$0,$43,$563,$220,$-43,$178,$91,$87,$87,$88,$285,$220,$211,214,$0.43,$0.42,$177,$30,$81,$397,$3601,$4150,$1811,$1341,$11527,$11924,$552,$2964,$1830,$9994,$10546,$205,$-82,$59,$1377,$11924,$179,$246,$4,$250,$-19,$0,$-12,$-81,$-112,$317,$-144,$0,$409,$0,$0,$0,$-7,$257,$495,$7,$502,$-210,$-210,$-72,$-758,$-538,$36,$13,$-72
16,2014-09-30,19.79,$6.53,3.03,$13.34,1.48,$3.01,6.57,$0.51,38.81,$0.47B,$0.59B,0.8,$2.96B,$1.37B,2.17,$2.88B,$0.62B,21.50%,$2.88B,$0.48B,16.52%,$2.88B,$0.48B,16.52%,$2.88B,$0.72B,25.04%,$2.88B,$0.27B,9.53%,$2.88B,$0.11B,3.97%,$0.11B,$1.37B,7.98%,$0.11B,$-0.53B,-24.14%,$0.11B,$12.33B,0.90%,$0.48B,$4.32B,10.57%,$718,$570,$148,$0,$40,$583,$135,$-43,$92,$75,$17,$17,$18,$196,$135,$211,213,$0.08,$0.08,$266,$32,$48,$468,$3612,$4214,$1899,$1518,$11863,$12330,$586,$2959,$1952,$10379,$10964,$209,$-148,$78,$1366,$12330,$91,$181,$-0,$180,$-7,$0,$38,$-46,$-15,$256,$-95,$0,$386,$0,$0,$0,$-7,$284,$510,$-3,$507,$-103,$-103,$-53,$-768,$-416,$125,$10,$-53
17,2014-06-30,19.32,$6.75,2.86,$12.78,1.51,$3.40,5.68,$0.55,35.12,$0.36B,$0.57B,0.63,$3.05B,$1.43B,2.14,$2.77B,$0.59B,21.19%,$2.77B,$0.42B,15.29%,$2.77B,$0.42B,15.29%,$2.77B,$0.66B,23.75%,$2.77B,$0.23B,8.24%,$2.77B,$0.12B,4.45%,$0.12B,$1.43B,8.50%,$0.12B,$-0.47B,-38.05%,$0.12B,$12.86B,1.00%,$0.42B,$4.48B,9.75%,$747,$591,$156,$0,$46,$602,$145,$-75,$69,$37,$32,$32,$26,$205,$145,$212,216,$0.12,$0.12,$141,$33,$48,$356,$3627,$4285,$1898,$2049,$12501,$12857,$565,$3050,$2272,$10867,$11432,$211,$-118,$91,$1426,$12857,$73,$120,$-4,$116,$-7,$0,$9,$-20,$-18,$171,$-57,$0,$147,$0,$0,$0,$-13,$77,$605,$0,$605,$-46,$-46,$-34,$-776,$-250,$-1,$6,$-34
18,2014-03-31,18.46,$6.74,2.74,$12.22,1.51,$3.69,5.0,$0.59,31.29,$0.38B,$0.59B,0.64,$3.13B,$1.44B,2.18,$2.64B,$0.56B,21.04%,$2.64B,$0.37B,13.89%,$2.64B,$0.37B,13.89%,$2.64B,$0.59B,22.29%,$2.64B,$0.22B,8.13%,$2.64B,$0.13B,4.96%,$0.13B,$1.44B,9.07%,$0.13B,$-0.54B,-67.35%,$0.13B,$12.91B,1.14%,$0.37B,$4.57B,9.05%,$745,$579,$166,$0,$56,$638,$107,$-43,$64,$23,$41,$41,$41,$167,$107,$213,217,$0.19,$0.19,$149,$35,$48,$376,$3608,$4173,$1979,$2138,$12530,$12906,$591,$3134,$2249,$10875,$11466,$214,$-106,$77,$1439,$12906,$41,$59,$12,$71,$-4,$0,$7,$13,$15,$128,$-25,$0,$2,$0,$0,$0,$-13,$-36,$95,$4,$99,$7,$7,$-17,$-175,$-87,$5,$3,$-17
19,2013-12-31,16.77,$6.97,2.41,$11.81,1.42,$3.81,4.4,$0.67,25.03,$0.38B,$0.67B,0.56,$3.13B,$1.48B,2.11,$2.55B,$0.55B,21.57%,$2.55B,$0.39B,15.22%,$2.55B,$0.39B,15.22%,$2.55B,$0.60B,23.37%,$2.55B,$0.25B,9.61%,$2.55B,$0.15B,5.80%,$0.15B,$1.48B,10.32%,$0.15B,$-0.35B,-270.32%,$0.15B,$12.83B,1.38%,$0.39B,$4.61B,10.38%,$665,$518,$148,$0,$59,$578,$88,$-38,$49,$18,$32,$32,$29,$152,$88,$212,216,$0.14,$0.13,$142,$33,$68,$379,$3665,$4163,$1826,$2166,$12455,$12834,$674,$3126,$2349,$10680,$11353,$212,$-90,$88,$1480,$12834,$153,$208,$98,$306,$11,$0,$-2,$-83,$-74,$385,$-113,$0,$-1044,$0,$0,$0,$0,$-1157,$938,$0,$939,$5,$5,$-57,$-61,$825,$53,$12,$-57
20,2013-09-30,17.15,$6.80,2.52,$11.58,1.48,$3.71,4.62,$0.67,25.6,$0.36B,$0.43B,0.83,$2.26B,$1.44B,1.57,$2.51B,$0.55B,21.85%,$2.51B,$0.40B,16.07%,$2.51B,$0.40B,16.07%,$2.51B,$0.60B,23.88%,$2.51B,$0.24B,9.65%,$2.51B,$0.15B,5.86%,$0.15B,$1.44B,10.46%,$0.15B,$0.06B,554.72%,$0.15B,$10.39B,1.48%,$0.40B,$3.70B,11.83%,$609,$493,$116,$0,$34,$526,$83,$-37,$46,$18,$27,$27,$27,$133,$83,$212,216,$0.13,$0.12,$183,$25,$29,$358,$3109,$3581,$1378,$1540,$10031,$10389,$432,$2257,$1517,$8517,$8949,$212,$-170,$102,$1441,$10389,$121,$144,$69,$214,$14,$0,$25,$-47,$-8,$326,$-80,$0,$2,$0,$0,$0,$0,$-78,$-110,$-5,$-115,$3,$3,$-42,$-4,$-158,$91,$9,$-42
21,2013-06-30,16.55,$6.69,2.47,$11.43,1.45,$3.48,4.75,$0.74,22.36,$0.40B,$0.40B,1.02,$1.92B,$1.42B,1.35,$2.48B,$0.55B,22.30%,$2.48B,$0.42B,16.73%,$2.48B,$0.42B,16.73%,$2.48B,$0.61B,24.56%,$2.48B,$0.26B,10.48%,$2.48B,$0.16B,6.49%,$0.16B,$1.42B,11.55%,$0.16B,$0.04B,882.19%,$0.16B,$9.86B,1.65%,$0.42B,$3.34B,12.57%,$624,$498,$126,$0,$31,$535,$89,$-33,$56,$22,$34,$34,$34,$137,$89,$212,216,$0.16,$0.16,$221,$24,$25,$404,$3107,$3439,$1374,$1109,$9451,$9855,$395,$1920,$1508,$8042,$8437,$212,$-197,$94,$1418,$9855,$93,$95,$52,$146,$4,$0,$-7,$-9,$-13,$227,$-51,$0,$2,$0,$0,$0,$0,$-48,$-17,$-4,$-21,$3,$3,$-28,$-4,$-49,$129,$6,$-28
22,2013-03-31,15.29,$6.61,2.31,$11.27,1.36,$3.15,4.85,$0.75,20.39,$0.38B,$0.43B,0.88,$1.91B,$1.40B,1.37,$2.45B,$0.56B,22.63%,$2.45B,$0.43B,17.37%,$2.45B,$0.43B,17.37%,$2.45B,$0.62B,25.28%,$2.45B,$0.27B,10.93%,$2.45B,$0.16B,6.69%,$0.16B,$1.40B,11.85%,$0.16B,$0.02B,1261.54%,$0.16B,$9.88B,1.70%,$0.43B,$3.31B,12.99%,$652,$493,$160,$0,$31,$525,$128,$-34,$94,$35,$59,$59,$58,$174,$128,$211,215,$0.27,$0.27,$189,$26,$25,$375,$3122,$3456,$1379,$1128,$9507,$9882,$426,$1913,$1520,$8057,$8483,$212,$-230,$106,$1399,$9882,$59,$46,$32,$78,$6,$0,$12,$-4,$14,$151,$-23,$0,$2,$0,$0,$0,$0,$-20,$-11,$-4,$-15,$1,$1,$-13,$-8,$-34,$96,$3,$-13
23,2012-12-31,12.58,$6.46,1.95,$10.93,1.15,$2.88,4.36,$0.70,17.97,$0.28B,$0.41B,0.69,$1.92B,$1.36B,1.41,$2.40B,$0.52B,21.76%,$2.40B,$0.40B,16.60%,$2.40B,$0.40B,16.60%,$2.40B,$0.59B,24.71%,$2.40B,$0.25B,10.19%,$2.40B,$0.15B,6.41%,$0.15B,$1.36B,11.16%,$0.15B,$-0.02B,1044.07%,$0.15B,$9.68B,1.61%,$0.40B,$3.28B,12.23%,$623,$478,$146,$0,$40,$520,$103,$-57,$46,$19,$27,$27,$28,$155,$103,$216,219,$0.13,$0.12,$93,$25,$21,$282,$3131,$3363,$1382,$1100,$9401,$9684,$412,$1917,$1499,$7909,$8321,$211,$-287,$112,$1363,$9684,$155,$194,$113,$307,$-10,$0,$26,$-110,$-93,$369,$-115,$0,$-55,$0,$0,$0,$-4,$-175,$201,$6,$207,$-168,$-168,$-60,$-210,$-232,$-35,$11,$-60
24,2012-09-30,12.15,$6.52,1.86,$10.57,1.15,$2.86,4.25,$0.78,15.58,$0.33B,$0.41B,0.82,$1.88B,$1.40B,1.35,$2.37B,$0.51B,21.33%,$2.37B,$0.40B,17.06%,$2.37B,$0.40B,17.06%,$2.37B,$0.60B,25.17%,$2.37B,$0.27B,11.49%,$2.37B,$0.17B,7.22%,$0.17B,$1.40B,12.28%,$0.17B,$0.03B,526.15%,$0.17B,$9.63B,1.81%,$0.40B,$3.28B,12.39%,$581,$460,$121,$0,$26,$486,$95,$-31,$64,$22,$42,$42,$41,$143,$95,$215,218,$0.19,$0.19,$152,$25,$26,$333,$3124,$3305,$1366,$1091,$9300,$9634,$405,$1883,$1497,$7833,$8238,$214,$-293,$117,$1396,$9634,$128,$142,$68,$211,$1,$0,$7,$-66,$-58,$280,$-81,$0,$-10,$0,$0,$0,$-4,$-95,$-2,$1,$-2,$-127,$-127,$-35,$0,$-164,$23,$8,$-35
25,2012-06-30,11.12,$6.41,1.73,$10.34,1.08,$2.82,3.94,$0.74,15.02,$0.28B,$0.37B,0.76,$1.87B,$1.38B,1.36,$2.36B,$0.49B,20.81%,$2.36B,$0.39B,16.40%,$2.36B,$0.39B,16.40%,$2.36B,$0.58B,24.53%,$2.36B,$0.25B,10.68%,$2.36B,$0.17B,6.99%,$0.17B,$1.38B,11.80%,$0.17B,$0.02B,360.66%,$0.17B,$9.43B,1.76%,$0.39B,$3.25B,11.86%,$597,$469,$128,$0,$30,$498,$100,$-36,$64,$26,$38,$38,$37,$148,$100,$216,219,$0.17,$0.17,$105,$25,$23,$283,$3112,$3197,$1354,$1057,$9143,$9425,$371,$1869,$1455,$7678,$8049,$215,$-316,$103,$1376,$9425,$86,$95,$48,$142,$3,$0,$-28,$-46,$-70,$158,$-52,$0,$-3,$0,$0,$0,$-5,$-60,$-1,$1,$0,$-101,$-101,$-22,$0,$-123,$-23,$5,$-22
26,2012-03-31,10.07,$6.38,1.58,$10.00,1.01,$2.83,3.56,$0.68,14.81,$0.30B,$0.39B,0.77,$1.86B,$1.39B,1.34,$2.34B,$0.48B,20.43%,$2.34B,$0.37B,15.68%,$2.34B,$0.37B,15.68%,$2.34B,$0.56B,23.80%,$2.34B,$0.23B,9.96%,$2.34B,$0.15B,6.58%,$0.15B,$1.39B,10.76%,$0.15B,$0.03B,212.41%,$0.15B,$9.48B,1.64%,$0.37B,$3.24B,11.19%,$603,$475,$128,$0,$26,$501,$101,$-30,$71,$23,$48,$48,$48,$148,$101,$220,223,$0.22,$0.22,$114,$25,$24,$298,$3116,$3230,$1358,$1050,$9177,$9475,$390,$1859,$1445,$7701,$8090,$217,$-343,$112,$1385,$9475,$48,$46,$21,$68,$4,$0,$-8,$-17,$-20,$96,$-23,$0,$-1,$0,$0,$0,$1,$-23,$-6,$0,$-5,$-73,$-73,$-11,$0,$-89,$-15,$3,$-11
27,2011-12-31,9.48,$6.33,1.5,$9.70,0.98,$2.84,3.33,$0.62,15.3,$0.33B,$0.39B,0.85,$1.86B,$1.41B,1.32,$2.32B,$0.48B,20.54%,$2.32B,$0.36B,15.67%,$2.32B,$0.36B,15.67%,$2.32B,$0.55B,23.87%,$2.32B,$0.23B,9.75%,$2.32B,$0.15B,6.26%,$0.15B,$1.41B,9.94%,$0.15B,$0.05B,130.63%,$0.15B,$9.33B,1.55%,$0.36B,$3.27B,11.00%,$587,$459,$128,$0,$24,$479,$108,$-35,$73,$28,$45,$45,$45,$157,$108,$234,237,$0.20,$0.19,$129,$26,$26,$328,$3116,$3075,$1361,$1017,$9000,$9328,$386,$1861,$1430,$7530,$7916,$223,$-367,$106,$1412,$9328,$146,$188,$100,$288,$-8,$0,$15,$-53,$-46,$388,$-118,$0,$-75,$0,$0,$0,$3,$-190,$39,$-1,$38,$-189,$-189,$-45,$-43,$-239,$-42,$9,$-45
28,2011-09-30,8.12,$6.23,1.3,$9.50,0.85,$2.73,2.97,$0.57,14.24,$0.31B,$0.38B,0.82,$1.86B,$1.42B,1.31,$2.30B,$0.47B,20.56%,$2.30B,$0.36B,15.60%,$2.30B,$0.36B,15.60%,$2.30B,$0.55B,23.69%,$2.30B,$0.23B,9.78%,$2.30B,$0.14B,5.91%,$0.14B,$1.42B,9.22%,$0.14B,$0.08B,96.28%,$0.14B,$9.17B,1.46%,$0.36B,$3.28B,10.85%,$573,$466,$107,$0,$24,$495,$78,$-34,$44,$9,$35,$35,$35,$126,$78,$233,236,$0.15,$0.15,$127,$26,$21,$308,$3127,$2970,$1338,$974,$8863,$9171,$378,$1864,$1383,$7373,$7751,$228,$-399,$100,$1420,$9171,$102,$139,$71,$210,$14,$0,$8,$-42,$-20,$291,$-86,$0,$-82,$0,$0,$0,$1,$-167,$46,$4,$49,$-139,$-139,$-33,$-43,$-166,$-44,$7,$-33
29,2011-06-30,10.3,$6.36,1.62,$9.22,1.12,$2.66,3.87,$0.50,20.61,$0.33B,$0.35B,0.93,$1.81B,$1.51B,1.2,$2.26B,$0.47B,20.74%,$2.26B,$0.35B,15.44%,$2.26B,$0.35B,15.44%,$2.26B,$0.53B,23.62%,$2.26B,$0.21B,9.29%,$2.26B,$0.12B,5.31%,$0.12B,$1.51B,8.06%,$0.12B,$0.13B,72.29%,$0.12B,$9.51B,1.30%,$0.35B,$3.32B,10.55%,$577,$462,$115,$0,$25,$496,$80,$-36,$45,$18,$27,$27,$26,$126,$80,$238,241,$0.11,$0.11,$133,$27,$23,$329,$3142,$3193,$1378,$1018,$9184,$9513,$354,$1812,$1431,$7651,$8006,$237,$-413,$123,$1508,$9513,$67,$92,$55,$147,$6,$0,$-17,$-27,$-38,$176,$-57,$0,$-56,$0,$0,$0,$5,$-109,$-13,$5,$-8,$-49,$-49,$-22,$-28,$-106,$-38,$5,$-22
30,2011-03-31,9.71,$6.26,1.55,$9.02,1.08,$2.74,3.55,$0.55,17.66,$0.40B,$0.37B,1.1,$1.83B,$1.50B,1.22,$2.24B,$0.46B,20.68%,$2.24B,$0.37B,16.30%,$2.24B,$0.37B,16.30%,$2.24B,$0.55B,24.52%,$2.24B,$0.23B,10.36%,$2.24B,$0.13B,5.98%,$0.13B,$1.50B,9.04%,$0.13B,$0.18B,72.93%,$0.13B,$9.32B,1.48%,$0.37B,$3.33B,11.04%,$580,$453,$126,$0,$29,$483,$97,$-33,$64,$24,$40,$40,$39,$144,$97,$240,242,$0.16,$0.16,$210,$34,$18,$400,$3143,$3052,$1314,$1022,$8920,$9320,$365,$1830,$1426,$7460,$7826,$239,$-439,$124,$1495,$9320,$40,$46,$24,$71,$13,$0,$-1,$-15,$-3,$108,$-25,$0,$-6,$0,$0,$0,$4,$-27,$-6,$5,$-2,$-27,$-27,$-10,$-5,$-43,$39,$2,$-10
31,2010-12-31,7.21,$6.14,1.17,$8.70,0.83,$2.75,2.62,$0.51,14.14,$0.38B,$0.37B,1.02,$1.83B,$1.48B,1.24,$2.19B,$0.45B,20.50%,$2.19B,$0.35B,16.16%,$2.19B,$0.35B,16.16%,$2.19B,$0.53B,24.34%,$2.19B,$0.22B,10.00%,$2.19B,$0.13B,5.75%,$0.13B,$1.48B,8.46%,$0.13B,$0.17B,65.71%,$0.13B,$9.19B,1.40%,$0.35B,$3.31B,10.66%,$571,$446,$125,$0,$24,$467,$104,$-32,$72,$35,$37,$37,$36,$149,$104,$249,251,$0.15,$0.14,$171,$27,$28,$375,$3136,$2988,$1307,$987,$8816,$9191,$367,$1832,$1386,$7344,$7711,$241,$-477,$113,$1480,$9191,$127,$178,$93,$271,$-15,$0,$16,$-46,$-44,$354,$-98,$0,$-208,$0,$0,$0,$26,$-280,$201,$-3,$198,$-115,$-115,$-40,$-131,$-88,$-9,$9,$-40
32,2010-09-30,7.5,$6.01,1.25,$8.52,0.88,$2.87,2.62,$0.49,15.31,$0.34B,$0.34B,1.0,$1.80B,$1.47B,1.22,$2.15B,$0.44B,20.55%,$2.15B,$0.34B,15.85%,$2.15B,$0.34B,15.85%,$2.15B,$0.52B,24.31%,$2.15B,$0.20B,9.39%,$2.15B,$0.12B,5.76%,$0.12B,$1.47B,8.32%,$0.12B,$0.18B,56.62%,$0.12B,$8.95B,1.39%,$0.34B,$3.27B,10.26%,$533,$431,$103,$0,$27,$465,$68,$-40,$29,$10,$19,$19,$19,$115,$68,$246,248,$0.08,$0.08,$136,$34,$33,$344,$3123,$2831,$1288,$968,$8606,$8950,$344,$1799,$1350,$7136,$7480,$245,$-514,$102,$1471,$8950,$90,$133,$51,$185,$7,$0,$8,$-23,$-9,$266,$-67,$0,$-199,$0,$0,$0,$26,$-240,$172,$-6,$166,$-85,$-85,$-30,$-124,$-73,$-44,$7,$-30
33,2010-06-30,6.41,$5.97,1.07,$8.33,0.77,$3.02,2.12,$0.53,12.09,$0.35B,$0.33B,1.04,$1.84B,$1.48B,1.24,$2.12B,$0.44B,20.80%,$2.12B,$0.35B,16.60%,$2.12B,$0.35B,16.60%,$2.12B,$0.53B,24.92%,$2.12B,$0.22B,10.54%,$2.12B,$0.14B,6.43%,$0.14B,$1.48B,9.21%,$0.14B,$0.20B,58.06%,$0.14B,$8.81B,1.54%,$0.35B,$3.32B,10.67%,$555,$446,$109,$0,$27,$459,$96,$-29,$67,$27,$40,$40,$40,$141,$96,$252,254,$0.16,$0.16,$152,$33,$24,$346,$3158,$2698,$1284,$915,$8460,$8806,$334,$1836,$1296,$6988,$7322,$249,$-533,$95,$1484,$8806,$72,$87,$25,$112,$11,$0,$-8,$-0,$3,$186,$-42,$0,$-222,$0,$0,$0,$26,$-237,$131,$-7,$124,$-54,$-54,$-20,$-29,$21,$-28,$5,$-20
34,2010-03-31,7.91,$5.97,1.33,$8.19,0.97,$3.13,2.53,$0.46,17.2,$0.38B,$0.36B,1.04,$1.86B,$1.52B,1.22,$2.07B,$0.43B,20.88%,$2.07B,$0.32B,15.62%,$2.07B,$0.32B,15.62%,$2.07B,$0.50B,23.92%,$2.07B,$0.20B,9.45%,$2.07B,$0.12B,5.74%,$0.12B,$1.52B,8.23%,$0.12B,$0.21B,51.46%,$0.12B,$9.07B,1.37%,$0.32B,$3.38B,10.03%,$531,$419,$112,$0,$26,$445,$86,$-34,$51,$20,$31,$31,$31,$128,$86,$254,256,$0.12,$0.12,$180,$34,$20,$378,$3168,$2821,$1308,$977,$8688,$9067,$364,$1858,$1355,$7182,$7546,$255,$-573,$111,$1520,$9067,$31,$42,$19,$61,$3,$0,$9,$5,$16,$109,$-18,$0,$-235,$0,$0,$0,$26,$-227,$138,$-8,$131,$0,$0,$-10,$-6,$114,$1,$2,$-10
35,2009-12-31,7.03,$5.84,1.2,$8.16,0.86,$3.24,2.17,$0.48,14.64,$0.38B,$0.37B,1.03,$1.84B,$1.48B,1.24,$2.05B,$0.42B,20.50%,$2.05B,$0.32B,15.77%,$2.05B,$0.32B,15.77%,$2.05B,$0.50B,24.10%,$2.05B,$0.20B,9.74%,$2.05B,$0.12B,5.99%,$0.12B,$1.48B,8.82%,$0.12B,$0.28B,57.61%,$0.12B,$8.89B,1.45%,$0.32B,$3.32B,10.25%,$532,$413,$118,$0,$33,$440,$91,$-36,$55,$20,$35,$35,$34,$139,$91,$252,252,$0.14,$0.14,$180,$31,$23,$377,$3080,$2739,$1201,$971,$8514,$8891,$367,$1841,$1338,$7041,$7408,$254,$-604,$97,$1483,$8891,$123,$171,$72,$243,$-8,$0,$31,$-16,$6,$372,$-84,$0,$-52,$0,$0,$0,$-16,$-152,$93,$-4,$89,$17,$17,$-40,$-244,$-178,$51,$10,$-40
36,2009-09-30,5.98,$5.60,1.07,$8.03,0.74,$2.85,2.1,$0.39,15.33,$0.44B,$0.33B,1.33,$1.72B,$1.42B,1.21,$2.04B,$0.40B,19.42%,$2.04B,$0.29B,14.42%,$2.04B,$0.29B,14.42%,$2.04B,$0.46B,22.66%,$2.04B,$0.17B,8.53%,$2.04B,$0.10B,4.86%,$0.10B,$1.42B,7.35%,$0.10B,$0.24B,57.64%,$0.10B,$8.56B,1.20%,$0.29B,$3.14B,9.45%,$497,$396,$101,$0,$21,$419,$78,$-28,$50,$19,$31,$31,$31,$119,$78,$252,253,$0.12,$0.12,$233,$31,$22,$437,$3006,$2624,$1176,$951,$8126,$8563,$328,$1718,$1252,$6816,$7144,$253,$-638,$83,$1419,$8563,$89,$123,$56,$179,$13,$0,$21,$3,$38,$305,$-62,$0,$18,$0,$0,$0,$-1,$-46,$-51,$-9,$-60,$13,$13,$-30,$-86,$-163,$105,$8,$-30
37,2009-06-30,4.64,$5.42,0.86,$8.05,0.58,$2.37,1.95,$0.33,14.06,$0.39B,$0.32B,1.21,$1.73B,$1.36B,1.27,$2.06B,$0.38B,18.32%,$2.06B,$0.27B,12.88%,$2.06B,$0.27B,12.88%,$2.06B,$0.44B,21.14%,$2.06B,$0.14B,6.80%,$2.06B,$0.08B,4.03%,$0.08B,$1.36B,6.13%,$0.08B,$0.19B,48.90%,$0.08B,$8.24B,1.00%,$0.27B,$3.09B,8.42%,$514,$412,$102,$0,$26,$445,$69,$-29,$40,$16,$24,$24,$23,$110,$69,$251,251,$0.09,$0.09,$170,$31,$31,$387,$3008,$2437,$1172,$868,$7848,$8235,$320,$1727,$1166,$6555,$6875,$251,$-669,$58,$1360,$8235,$58,$82,$40,$122,$13,$0,$4,$15,$32,$211,$-42,$0,$15,$0,$0,$0,$0,$-28,$-45,$-13,$-58,$2,$2,$-20,$-70,$-145,$42,$5,$-20
38,2009-03-31,2.93,$5.24,0.56,$8.09,0.36,$1.89,1.55,$0.36,8.13,$0.43B,$0.37B,1.18,$1.79B,$1.32B,1.36,$2.09B,$0.38B,18.25%,$2.09B,$0.28B,13.33%,$2.09B,$0.28B,13.33%,$2.09B,$0.45B,21.64%,$2.09B,$0.15B,7.26%,$2.09B,$0.09B,4.35%,$0.09B,$1.32B,6.60%,$0.09B,$0.14B,50.56%,$0.09B,$8.14B,1.08%,$0.28B,$3.10B,8.73%,$511,$410,$100,$0,$22,$425,$86,$-31,$55,$20,$34,$34,$35,$127,$86,$250,250,$0.14,$0.14,$216,$31,$25,$431,$3026,$2281,$1173,$794,$7713,$8143,$367,$1789,$1128,$6462,$6829,$251,$-692,$29,$1315,$8143,$34,$41,$15,$57,$12,$0,$22,$16,$50,$141,$-23,$0,$7,$0,$0,$0,$0,$-16,$-9,$-14,$-22,$2,$2,$-10,$-7,$-37,$88,$2,$-10
39,2008-12-31,4.13,$5.18,0.8,$8.21,0.5,$1.48,2.79,$0.38,10.87,$0.36B,$0.33B,1.09,$1.82B,$1.29B,1.41,$2.16B,$0.42B,19.49%,$2.16B,$0.29B,13.55%,$2.16B,$0.29B,13.55%,$2.16B,$0.47B,21.67%,$2.16B,$0.16B,7.56%,$2.16B,$0.10B,4.55%,$0.10B,$1.29B,6.92%,$0.10B,$0.11B,47.92%,$0.10B,$8.11B,1.14%,$0.29B,$3.12B,8.99%,$517,$424,$93,$0,$26,$456,$61,$-32,$29,$19,$10,$10,$10,$106,$61,$258,261,$0.04,$0.03,$128,$32,$20,$356,$3027,$2255,$1179,$842,$7755,$8111,$327,$1821,$432,$6491,$6818,$249,$-727,$37,$1293,$8111,$97,$174,$165,$339,$-0,$0,$-144,$59,$-86,$350,$-154,$0,$24,$0,$0,$0,$-21,$-151,$-56,$-6,$-62,$-127,$-127,$-42,$0,$-231,$-40,$10,$-42
40,2008-09-30,6.91,$5.63,1.23,$8.20,0.84,$1.41,4.89,$0.94,7.35,$0.48B,$0.39B,1.23,$1.84B,$1.45B,1.27,$2.21B,$0.45B,20.22%,$2.21B,$0.32B,14.52%,$2.21B,$0.32B,14.52%,$2.21B,$0.50B,22.48%,$2.21B,$0.38B,17.10%,$2.21B,$0.26B,11.53%,$0.26B,$1.45B,17.39%,$0.26B,$0.24B,102.20%,$0.26B,$8.76B,2.89%,$0.32B,$3.29B,9.73%,$516,$434,$82,$0,$16,$467,$49,$-33,$16,$1,$15,$15,$15,$92,$49,$257,260,$0.06,$0.06,$172,$33,$17,$480,$3023,$2644,$1217,$937,$8276,$8757,$390,$1836,$466,$6916,$7305,$258,$-736,$120,$1451,$8757,$88,$129,$134,$263,$8,$0,$-93,$-32,$-117,$233,$-108,$0,$11,$0,$0,$0,$-21,$-118,$-0,$-9,$-9,$-73,$-73,$-31,$3,$-110,$3,$8,$-31
41,2008-06-30,8.11,$5.66,1.43,$8.08,1.0,$1.68,4.84,$0.98,8.28,$0.33B,$0.35B,0.96,$1.83B,$1.46B,1.26,$2.23B,$0.47B,20.95%,$2.23B,$0.35B,15.53%,$2.23B,$0.35B,15.53%,$2.23B,$0.53B,23.50%,$2.23B,$0.41B,18.13%,$2.23B,$0.27B,12.00%,$0.27B,$1.46B,17.90%,$0.27B,$0.23B,100.09%,$0.27B,$8.81B,2.99%,$0.35B,$3.29B,10.47%,$549,$442,$107,$0,$22,$465,$83,$-31,$52,$20,$32,$32,$31,$128,$83,$260,263,$0.12,$0.12,$105,$33,$29,$331,$3018,$2806,$1228,$984,$8477,$8808,$346,$1829,$478,$7005,$7352,$257,$-751,$135,$1456,$8808,$73,$86,$51,$137,$6,$0,$-128,$28,$-94,$117,$-68,$0,$5,$0,$0,$0,$-21,$-84,$6,$-7,$-1,$-76,$-76,$-21,$2,$-96,$-64,$5,$-21
42,2008-03-31,8.31,$5.63,1.48,$7.90,1.05,$1.92,4.33,$0.91,9.13,$0.38B,$0.39B,0.98,$1.84B,$1.47B,1.26,$2.25B,$0.46B,20.62%,$2.25B,$0.35B,15.42%,$2.25B,$0.35B,15.42%,$2.25B,$0.53B,23.42%,$2.25B,$0.40B,17.56%,$2.25B,$0.25B,11.20%,$0.25B,$1.47B,16.41%,$0.25B,$0.24B,84.78%,$0.25B,$8.75B,2.74%,$0.35B,$3.31B,10.34%,$573,$436,$138,$0,$25,$474,$99,$-33,$66,$25,$42,$42,$42,$141,$99,$261,265,$0.16,$0.16,$132,$34,$34,$378,$3009,$2700,$1227,$998,$8370,$8748,$387,$1840,$473,$6895,$7282,$261,$-772,$130,$1466,$8748,$42,$42,$34,$76,$1,$0,$-81,$9,$-71,$46,$-29,$0,$4,$0,$0,$0,$-21,$-46,$17,$-8,$9,$-35,$-35,$-11,$1,$-35,$-36,$2,$-11
43,2007-12-31,11.48,$5.68,2.02,$7.78,1.48,$2.19,5.24,$0.88,13.05,$0.42B,$0.43B,0.99,$1.82B,$1.49B,1.22,$2.29B,$0.47B,20.44%,$2.29B,$0.35B,15.14%,$2.29B,$0.35B,15.14%,$2.29B,$0.53B,23.28%,$2.29B,$0.39B,16.94%,$2.29B,$0.25B,10.85%,$0.25B,$1.49B,15.67%,$0.25B,$0.29B,75.67%,$0.25B,$8.93B,2.62%,$0.35B,$3.31B,10.23%,$573,$453,$120,$0,$38,$483,$90,$154,$244,$77,$167,$167,$167,$136,$90,$286,291,$0.59,$0.57,$169,$36,$30,$421,$3021,$2862,$1198,$1028,$8511,$8932,$426,$1820,$476,$7014,$7440,$263,$-798,$153,$1492,$8932,$248,$185,$-135,$51,$-25,$0,$51,$31,$58,$356,$-157,$0,$402,$159,$0,$159,$-26,$378,$-130,$7,$-123,$-452,$-452,$-35,$2,$-608,$129,$9,$-35
44,2007-09-30,10.52,$5.63,1.87,$7.42,1.42,$2.27,4.63,$0.28,37.57,$0.47B,$0.54B,0.87,$1.78B,$1.58B,1.13,$2.19B,$0.45B,20.49%,$2.19B,$0.31B,14.10%,$2.19B,$0.31B,14.10%,$2.19B,$0.49B,22.32%,$2.19B,$0.15B,6.85%,$2.19B,$0.08B,3.74%,$0.08B,$1.58B,5.10%,$0.08B,$0.31B,24.33%,$0.08B,$9.41B,0.85%,$0.31B,$3.36B,9.00%,$539,$437,$103,$0,$32,$464,$75,$-32,$43,$14,$29,$29,$28,$120,$75,$285,290,$0.10,$0.10,$288,$38,$40,$470,$3024,$2984,$1268,$1267,$8939,$9409,$543,$1780,$750,$7290,$7832,$280,$-865,$161,$1576,$9409,$81,$140,$32,$171,$-7,$0,$33,$50,$76,$329,$-114,$0,$311,$0,$0,$0,$-9,$189,$374,$-1,$373,$-192,$-192,$-26,$-426,$-271,$248,$8,$-26
45,2007-06-30,10.4,$5.58,1.86,$6.91,1.5,$2.21,4.7,$0.19,54.72,$0.41B,$0.44B,0.94,$1.84B,$1.61B,1.14,$2.05B,$0.42B,20.42%,$2.05B,$0.26B,12.43%,$2.05B,$0.26B,12.43%,$2.05B,$0.43B,20.91%,$2.05B,$0.12B,5.60%,$2.05B,$0.06B,2.78%,$0.06B,$1.61B,3.53%,$0.06B,$0.35B,14.59%,$0.06B,$9.74B,0.62%,$0.26B,$3.44B,7.70%,$565,$462,$103,$0,$30,$483,$83,$-41,$42,$29,$13,$13,$15,$130,$83,$291,296,$0.05,$0.05,$223,$39,$40,$407,$3071,$3097,$1261,$1128,$9334,$9741,$435,$1837,$596,$7699,$8134,$288,$-858,$114,$1607,$9741,$53,$95,$53,$148,$-5,$0,$-41,$36,$-10,$192,$-65,$0,$214,$0,$0,$0,$-9,$140,$383,$2,$385,$-90,$-90,$-18,$-427,$-150,$183,$6,$-18
46,2007-03-31,9.62,$5.61,1.72,$6.45,1.49,$2.16,4.46,$0.23,41.84,$0.27B,$0.45B,0.6,$1.77B,$1.65B,1.07,$1.92B,$0.40B,20.86%,$1.92B,$0.23B,12.10%,$1.92B,$0.23B,12.10%,$1.92B,$0.39B,20.44%,$1.92B,$0.11B,5.94%,$1.92B,$0.07B,3.49%,$0.07B,$1.65B,4.15%,$0.07B,$0.36B,15.70%,$0.07B,$9.75B,0.77%,$0.23B,$3.42B,7.32%,$608,$467,$141,$0,$35,$509,$98,$-40,$58,$23,$35,$35,$38,$146,$98,$293,299,$0.13,$0.13,$78,$40,$45,$268,$3106,$3015,$1291,$1283,$9482,$9750,$448,$1769,$721,$7648,$8096,$295,$-857,$77,$1654,$9750,$38,$48,$35,$83,$-1,$0,$-11,$19,$7,$128,$-26,$0,$43,$0,$0,$0,$-7,$10,$-7,$7,$-1,$6,$6,$-9,$-97,$-100,$38,$4,$-9
47,2006-12-31,8.29,$5.44,1.52,$5.89,1.41,$2.02,4.1,$0.18,46.08,$0.24B,$0.41B,0.58,$1.91B,$1.60B,1.2,$1.75B,$0.35B,19.86%,$1.75B,$0.20B,11.19%,$1.75B,$0.20B,11.19%,$1.75B,$0.34B,19.35%,$1.75B,$0.10B,5.59%,$1.75B,$0.06B,3.20%,$0.06B,$1.60B,3.49%,$0.06B,$0.33B,12.23%,$0.06B,$9.73B,0.68%,$0.20B,$3.51B,6.46%,$479,$377,$102,$0,$29,$426,$53,$-46,$7,$9,$-2,$-2,$1,$93,$53,$293,297,$0.00,$0.00,$40,$40,$49,$238,$3137,$3039,$1264,$1243,$9491,$9729,$408,$1913,$597,$7727,$8135,$293,$-906,$72,$1595,$9729,$57,$142,$110,$252,$-0,$0,$-11,$27,$16,$324,$-98,$0,$-1218,$0,$0,$0,$18,$-1298,$803,$20,$823,$-22,$-22,$-29,$-207,$565,$-407,$7,$-29
