,Date,Stock Price,Book Value per Share,Price to Book Ratio,TTM Sales per Share,Price to Sales Ratio,TTM FCF per Share,Price to FCF Ratio,TTM Net EPS,PE Ratio,Current Assets,Current Liabilities,Current Ratio,Long Term Debt,Shareholder's Equity_x,Debt to Equity Ratio,TTM Revenue_x,TTM Gross Profit,Gross Margin,TTM Revenue_y,TTM Operating Income,Operating Margin,TTM Revenue_x,TTM EBIT,EBIT Margin,TTM Revenue_y,TTM EBITDA,EBITDA Margin,TTM Revenue_x,TTM Pre-Tax Income,Pre-Tax Margin,TTM Revenue_y,TTM Net Income_x,Net Margin,TTM Net Income_y,Shareholder's Equity_y,Return on Equity,TTM Net Income_x,Tangible Equity,Return on Tangible Equity,TTM Net Income_y,Total Assets,Return on Assets,TTM Net Income,LT Investments & Debt,Return on Investment,revenue,cost-goods-sold,gross-profit,research-development-expenses,selling-general-administrative-expenses,operating-expenses,operating-income,total-non-operating-income-expense,pre-tax-income,total-provision-income-taxes,income-after-taxes,income-from-continuous-operations,net-income,ebitda,ebit,basic-shares-outstanding,shares-outstanding,eps-basic-net-earnings-per-share,eps-earnings-per-share-diluted,cash-on-hand,inventory,other-current-assets,total-current-assets,net-property-plant-equipment,long-term-investments,goodwill-intangible-assets-total,other-long-term-assets,total-long-term-assets,total-assets,total-current-liabilities,long-term-debt,other-non-current-liabilities,total-long-term-liabilities,total-liabilities,common-stock-net,retained-earnings-accumulated-deficit,comprehensive-income,total-share-holder-equity,total-liabilities-share-holders-equity,net-income-loss,total-depreciation-amortization-cash-flow,other-non-cash-items,total-non-cash-items,change-in-accounts-receivable,change-in-inventories,change-in-accounts-payable,change-in-assets-liabilities,total-change-in-assets-liabilities,cash-flow-from-operating-activities,net-change-in-property-plant-equipment,net-change-in-intangible-assets,net-acquisitions-divestitures,net-change-in-short-term-investments,net-change-in-long-term-investments,net-change-in-investments-total,investing-activities-other,cash-flow-from-investing-activities,net-long-term-debt,net-current-debt,debt-issuance-retirement-net-total,net-common-equity-issued-repurchased,net-total-equity-issued-repurchased,total-common-preferred-stock-dividends-paid,financial-activities-other,cash-flow-from-financial-activities,net-cash-flow,stock-based-compensation,common-stock-dividends-paid
0,2015-09-30,46.15,$9.95,4.64,$9.86,4.68,$4.09,11.27,$-0.40,0.0,$0.26B,$0.13B,2.0,$0.02B,$0.39B,0.04,$0.36B,$0.25B,69.72%,$0.36B,$-0.02B,-4.44%,$0.36B,$-0.02B,-4.44%,$0.36B,$0.02B,4.44%,$0.36B,$-0.02B,-5.00%,$0.36B,$-0.01B,-3.89%,$-0.01B,$0.39B,-4.82%,$-0.01B,$0.17B,-11.72%,$-0.01B,$0.55B,-3.06%,$-0.02B,$0.40B,-5.25%,$103,$49,$53,$19,$44,$120,$-18,$-7,$-24,$0,$-25,$-25,$-25,$11,$-18,$58,58,$-0.42,$-0.42,$142,$0,$0,$264,$45,$0,$223,$1,$282,$546,$132,$15,$1,$26,$158,$0,$-104,$-10,$388,$546,$-11,$24,$46,$70,$17,$0,$0,$-24,$-11,$48,$-3,$0,$-13,$0,$0,$0,$0,$-16,$-12,$0,$-12,$84,$84,$0,$-3,$68,$99,$39,$0
1,2015-06-30,53.26,$10.84,4.91,$9.99,5.33,$4.03,13.21,$-0.52,0.0,$0.31B,$0.14B,2.28,$0.02B,$0.43B,0.04,$0.35B,$0.25B,70.57%,$0.35B,$-0.02B,-6.86%,$0.35B,$-0.02B,-6.86%,$0.35B,$0.01B,3.43%,$0.35B,$-0.03B,-7.14%,$0.35B,$-0.02B,-5.14%,$-0.02B,$0.43B,-7.66%,$-0.02B,$0.20B,-20.40%,$-0.02B,$0.59B,-4.44%,$-0.02B,$0.45B,-9.66%,$101,$52,$50,$21,$58,$153,$-52,$-2,$-54,$2,$-56,$-56,$-56,$6,$-52,$55,55,$-1.02,$-1.02,$188,$0,$0,$307,$45,$0,$227,$1,$286,$593,$135,$15,$1,$28,$162,$0,$-105,$-9,$431,$593,$-12,$15,$37,$52,$16,$0,$0,$-12,$0,$41,$-2,$0,$-12,$0,$0,$0,$0,$-15,$-9,$0,$-9,$132,$132,$0,$-3,$120,$145,$30,$0
2,2015-03-31,51.2,$4.91,10.43,$10.09,5.08,$3.79,13.53,$-0.49,0.0,$0.16B,$0.14B,1.14,$0.01B,$0.17B,0.08,$0.34B,$0.24B,71.09%,$0.34B,$-0.02B,-6.78%,$0.34B,$-0.02B,-6.78%,$0.34B,$0.01B,2.95%,$0.34B,$-0.03B,-7.37%,$0.34B,$-0.02B,-4.72%,$-0.02B,$0.17B,-9.48%,$-0.02B,$0.05B,-34.78%,$-0.02B,$0.34B,-4.66%,$-0.02B,$0.18B,-12.65%,$106,$47,$59,$19,$45,$152,$-46,$-4,$-50,$1,$-51,$-51,$-51,$-3,$-46,$55,55,$-0.93,$-0.93,$41,$0,$6,$163,$45,$0,$115,$1,$174,$337,$143,$13,$1,$25,$168,$0,$-100,$-10,$169,$337,$-7,$6,$23,$29,$12,$0,$0,$-2,$6,$28,$-1,$0,$0,$0,$0,$0,$0,$-1,$-4,$0,$-4,$-23,$-23,$0,$0,$-27,$-2,$22,$0
3,2014-12-31,46.43,$5.13,9.05,$9.77,4.75,$3.52,13.19,$-0.29,0.0,$0.18B,$0.15B,1.18,$0.01B,$0.18B,0.08,$0.33B,$0.23B,70.52%,$0.33B,$-0.01B,-4.26%,$0.33B,$-0.01B,-4.26%,$0.33B,$0.02B,5.78%,$0.33B,$-0.02B,-4.86%,$0.33B,$-0.01B,-3.04%,$-0.01B,$0.18B,-5.84%,$-0.01B,$0.06B,-22.86%,$-0.01B,$0.35B,-2.89%,$-0.01B,$0.19B,-7.61%,$103,$50,$53,$25,$61,$183,$-80,$1,$-79,$-7,$-72,$-72,$-72,$2,$-80,$57,57,$-1.26,$-1.26,$43,$0,$6,$179,$42,$0,$119,$1,$175,$354,$152,$13,$1,$27,$179,$0,$-93,$-6,$175,$354,$-10,$34,$32,$65,$-17,$0,$0,$6,$-6,$49,$-8,$0,$-4,$0,$0,$0,$0,$-12,$-12,$0,$-12,$-53,$-53,$0,$6,$-59,$-25,$42,$0
4,2014-09-30,36.41,$4.82,7.56,$9.32,3.91,$3.44,10.59,$-0.21,0.0,$0.16B,$0.15B,1.08,$0.01B,$0.17B,0.08,$0.32B,$0.22B,69.84%,$0.32B,$-0.01B,-2.22%,$0.32B,$-0.01B,-2.22%,$0.32B,$0.02B,7.62%,$0.32B,$-0.01B,-3.17%,$0.32B,$-0.01B,-2.22%,$-0.01B,$0.17B,-3.95%,$-0.01B,$0.04B,-15.38%,$-0.01B,$0.34B,-2.01%,$-0.01B,$0.18B,-3.68%,$100,$49,$52,$22,$52,$234,$-134,$6,$-128,$2,$-130,$-130,$-130,$7,$-134,$58,58,$-2.26,$-2.26,$40,$0,$0,$159,$42,$0,$125,$1,$180,$339,$147,$13,$1,$27,$174,$0,$-90,$-3,$165,$339,$-7,$25,$23,$48,$6,$0,$0,$-21,$2,$42,$-7,$0,$-4,$0,$0,$0,$0,$-11,$-9,$0,$-9,$-51,$-51,$0,$2,$-58,$-28,$26,$0
5,2014-06-30,35.48,$4.85,7.31,$8.94,3.97,$3.40,10.43,$-0.11,0.0,$0.16B,$0.15B,1.07,$0.01B,$0.17B,0.08,$0.31B,$0.21B,69.51%,$0.31B,0,0.00%,$0.31B,0,0.00%,$0.31B,$0.02B,7.87%,$0.31B,$-0.00B,-0.98%,$0.31B,$-0.00B,-1.31%,$-0.00B,$0.17B,-2.14%,$-0.00B,$0.03B,-7.62%,$-0.00B,$0.34B,-1.14%,$0.00B,$0.18B,0.00%,$99,$47,$52,$22,$45,$138,$-39,$1,$-38,$1,$-39,$-39,$-39,$4,$-39,$57,57,$-0.67,$-0.67,$39,$0,$0,$160,$41,$0,$132,$1,$183,$344,$150,$14,$1,$28,$178,$0,$-87,$2,$166,$344,$-4,$12,$17,$29,$1,$0,$0,$-8,$4,$28,$-5,$0,$0,$0,$0,$0,$0,$-5,$-6,$0,$-6,$-48,$-48,$0,$1,$-53,$-29,$16,$0
6,2014-03-31,32.79,$5.17,6.35,$8.60,3.81,$3.71,8.84,$-0.03,0.0,$0.16B,$0.14B,1.18,$0.01B,$0.18B,0.07,$0.30B,$0.20B,68.81%,$0.30B,$0.00B,1.02%,$0.30B,$0.00B,1.02%,$0.30B,$0.03B,9.15%,$0.30B,$0.00B,0.34%,$0.30B,$-0.00B,-0.34%,$-0.00B,$0.18B,-0.51%,$-0.00B,$0.05B,-1.68%,$-0.00B,$0.35B,-0.28%,$0.00B,$0.19B,1.45%,$101,$47,$54,$21,$48,$144,$-43,$3,$-40,$1,$-41,$-41,$-41,$6,$-43,$57,57,$-0.71,$-0.71,$52,$0,$0,$163,$38,$0,$134,$1,$182,$345,$138,$12,$1,$28,$166,$0,$-84,$2,$179,$345,$-1,$6,$7,$13,$2,$0,$0,$2,$7,$19,$-2,$0,$0,$0,$0,$0,$0,$-2,$-3,$0,$-3,$-31,$-31,$0,$0,$-34,$-16,$7,$0
7,2013-12-31,28.61,$5.65,5.07,$8.35,3.43,$3.68,7.77,$-0.07,0.0,$0.18B,$0.14B,1.33,$0.01B,$0.20B,0.07,$0.29B,$0.20B,68.29%,$0.29B,$0.00B,1.39%,$0.29B,$0.00B,1.39%,$0.29B,$0.03B,9.76%,$0.29B,$0.00B,0.70%,$0.29B,$-0.00B,-0.70%,$-0.00B,$0.20B,-1.00%,$-0.00B,$0.06B,-3.20%,$-0.00B,$0.36B,-0.57%,$0.00B,$0.21B,1.90%,$107,$47,$60,$21,$50,$141,$-34,$3,$-31,$1,$-32,$-32,$-32,$7,$-34,$56,56,$-0.57,$-0.57,$68,$0,$0,$179,$38,$0,$136,$1,$185,$363,$135,$13,$1,$30,$165,$0,$-83,$2,$199,$363,$-2,$24,$30,$55,$-23,$0,$0,$9,$-8,$45,$-5,$0,$0,$0,$0,$0,$0,$-4,$-10,$0,$-10,$-22,$-22,$0,$-0,$-33,$6,$27,$0
8,2013-09-30,28.97,$5.76,5.03,$8.18,3.54,$3.64,7.95,$-0.12,0.0,$0.17B,$0.12B,1.36,$0.01B,$0.21B,0.05,$0.28B,$0.19B,67.74%,$0.28B,$0.00B,0.36%,$0.28B,$0.00B,0.36%,$0.28B,$0.03B,9.32%,$0.28B,0,0.00%,$0.28B,$-0.00B,-1.43%,$-0.00B,$0.21B,-2.01%,$-0.00B,$0.07B,-6.69%,$-0.00B,$0.35B,-1.16%,$0.00B,$0.22B,0.48%,$101,$45,$56,$23,$47,$134,$-33,$2,$-31,$0,$-31,$-31,$-31,$7,$-33,$57,57,$-0.55,$-0.55,$80,$0,$0,$165,$39,$0,$138,$1,$186,$351,$121,$10,$1,$24,$145,$0,$-83,$2,$205,$351,$-3,$18,$23,$41,$2,$0,$0,$-5,$1,$39,$-4,$0,$0,$0,$0,$0,$0,$-3,$-7,$0,$-7,$-9,$-9,$0,$-0,$-17,$18,$19,$0
9,2013-06-30,24.39,$5.62,4.34,$8.03,3.04,$3.46,7.04,$-0.21,0.0,$0.17B,$0.12B,1.34,$0.01B,$0.20B,0.05,$0.27B,$0.18B,66.79%,$0.27B,$-0.00B,-0.37%,$0.27B,$-0.00B,-0.37%,$0.27B,$0.02B,8.86%,$0.27B,$-0.00B,-1.11%,$0.27B,$-0.01B,-2.58%,$-0.01B,$0.20B,-3.56%,$-0.01B,$0.06B,-12.79%,$-0.01B,$0.35B,-2.09%,$-0.00B,$0.21B,-0.49%,$100,$45,$56,$22,$51,$144,$-43,$3,$-40,$1,$-41,$-41,$-41,$7,$-43,$57,57,$-0.72,$-0.72,$86,$0,$0,$165,$34,$0,$138,$1,$181,$346,$123,$10,$1,$23,$146,$0,$-83,$1,$200,$346,$-2,$12,$15,$28,$6,$0,$0,$3,$12,$37,$-2,$0,$0,$0,$0,$0,$0,$-2,$-3,$0,$-3,$-7,$-7,$0,$0,$-10,$24,$12,$0
10,2013-03-31,16.78,$5.53,3.03,$7.81,2.15,$3.10,5.42,$-0.40,0.0,$0.16B,$0.12B,1.29,$0.01B,$0.20B,0.04,$0.26B,$0.17B,66.28%,$0.26B,$-0.01B,-3.07%,$0.26B,$-0.01B,-3.07%,$0.26B,$0.02B,7.66%,$0.26B,$-0.01B,-3.83%,$0.26B,$-0.01B,-5.36%,$-0.01B,$0.20B,-7.22%,$-0.01B,$0.06B,-27.86%,$-0.01B,$0.34B,-4.27%,$-0.01B,$0.21B,-4.00%,$91,$37,$55,$21,$76,$113,$-21,$2,$-19,$-6,$-13,$-13,$-13,$7,$-21,$51,51,$-0.26,$-0.26,$74,$0,$0,$158,$32,$0,$140,$1,$182,$341,$122,$7,$1,$21,$143,$0,$-83,$1,$197,$341,$-2,$6,$7,$13,$2,$0,$0,$6,$7,$18,$-2,$0,$0,$0,$0,$0,$0,$-1,$2,$0,$2,$-7,$-7,$0,$0,$-5,$12,$5,$0
11,2012-12-31,13.78,$5.48,2.51,$7.69,1.79,$2.93,4.7,$-0.35,0.0,$0.15B,$0.12B,1.23,$0.01B,$0.20B,0.03,$0.25B,$0.17B,66.54%,$0.25B,$-0.01B,-3.15%,$0.25B,$-0.01B,-3.15%,$0.25B,$0.02B,7.87%,$0.25B,$-0.01B,-3.54%,$0.25B,$-0.01B,-4.72%,$-0.01B,$0.20B,-6.19%,$-0.01B,$0.05B,-25.95%,$-0.01B,$0.34B,-3.72%,$-0.01B,$0.20B,-4.01%,$-0,$28,$-28,$3,$36,$65,$-65,$-1,$-66,$1,$-67,$-67,$-67,$5,$-65,$38,38,$-1.75,$-1.75,$62,$0,$0,$149,$31,$0,$144,$0,$188,$336,$121,$6,$1,$20,$141,$0,$-81,$2,$196,$336,$-12,$28,$27,$55,$-5,$0,$0,$14,$2,$45,$-8,$0,$0,$0,$0,$0,$0,$-8,$-7,$0,$-7,$-7,$-7,$0,$0,$-14,$24,$25,$0
12,2012-09-30,15.25,$5.40,2.82,$7.57,2.01,$2.41,6.32,$-0.40,0.0,$0.13B,$0.11B,1.16,$0.01B,$0.19B,0.03,$0.25B,$0.17B,67.07%,$0.25B,$-0.01B,-4.02%,$0.25B,$-0.01B,-4.02%,$0.25B,$0.02B,6.83%,$0.25B,$-0.01B,-4.42%,$0.25B,$-0.01B,-5.22%,$-0.01B,$0.19B,-6.75%,$-0.01B,$0.05B,-30.95%,$-0.01B,$0.32B,-4.08%,$-0.01B,$0.20B,-5.04%,$92,$31,$62,$15,$40,$90,$2,$-1,$1,$-0,$1,$1,$1,$5,$2,$39,40,$0.02,$0.02,$59,$0,$0,$128,$30,$0,$145,$0,$191,$319,$111,$6,$1,$16,$127,$0,$-79,$1,$193,$319,$-10,$21,$20,$42,$12,$0,$0,$-1,$2,$33,$-5,$0,$0,$0,$0,$0,$0,$-5,$-1,$0,$-1,$-7,$-7,$0,$0,$-8,$21,$18,$0
13,2012-06-30,16.46,$5.41,3.04,$7.46,2.21,$1.97,8.37,$-0.43,0.0,$0.13B,$0.11B,1.23,$0.01B,$0.19B,0.03,$0.24B,$0.16B,67.21%,$0.24B,$-0.01B,-5.74%,$0.24B,$-0.01B,-5.74%,$0.24B,$0.01B,4.92%,$0.24B,$-0.02B,-6.15%,$0.24B,$-0.01B,-5.74%,$-0.01B,$0.19B,-7.44%,$-0.01B,$0.04B,-38.10%,$-0.01B,$0.31B,-4.48%,$-0.01B,$0.20B,-7.20%,$91,$29,$63,$17,$40,$94,$-3,$0,$-3,$2,$-5,$-5,$-5,$3,$-3,$40,40,$-0.12,$-0.12,$50,$0,$0,$134,$27,$0,$147,$1,$180,$314,$109,$5,$1,$15,$124,$0,$-76,$-0,$190,$314,$-7,$15,$21,$36,$7,$0,$0,$-4,$-4,$24,$-3,$0,$0,$0,$0,$0,$0,$-3,$-3,$0,$-3,$-6,$-6,$0,$0,$-9,$12,$11,$0
14,2012-03-31,21.39,$5.54,3.86,$7.47,2.87,$1.81,11.8,$-0.49,0.0,$0.13B,$0.11B,1.14,$0.01B,$0.20B,0.03,$0.24B,$0.16B,67.36%,$0.24B,$-0.01B,-5.79%,$0.24B,$-0.01B,-5.79%,$0.24B,$0.01B,3.31%,$0.24B,$-0.02B,-6.20%,$0.24B,$-0.02B,-6.20%,$-0.02B,$0.20B,-8.24%,$-0.02B,$0.04B,-45.80%,$-0.02B,$0.32B,-4.89%,$-0.01B,$0.20B,-7.42%,$87,$25,$62,$18,$52,$97,$-9,$-0,$-10,$-2,$-7,$-7,$-7,$7,$-9,$34,34,$-0.22,$-0.22,$42,$0,$0,$126,$27,$0,$154,$0,$197,$323,$111,$6,$1,$16,$127,$0,$-70,$2,$196,$323,$-0,$6,$6,$12,$-1,$0,$0,$6,$-0,$11,$-1,$0,$0,$0,$0,$0,$0,$-1,$-2,$0,$-2,$-5,$-5,$0,$0,$-7,$4,$5,$0
15,2011-12-31,21.2,$5.60,3.78,$7.24,2.93,$1.91,11.08,$-0.49,0.0,$0.13B,$0.11B,1.13,$0.01B,$0.19B,0.04,$0.23B,$0.16B,67.38%,$0.23B,$-0.02B,-7.73%,$0.23B,$-0.02B,-7.73%,$0.23B,$0.00B,1.29%,$0.23B,$-0.02B,-8.15%,$0.23B,$-0.02B,-6.44%,$-0.02B,$0.19B,-8.56%,$-0.02B,$0.04B,-49.18%,$-0.02B,$0.32B,-5.03%,$-0.02B,$0.20B,-9.88%,$90,$26,$64,$21,$45,$96,$-6,$0,$-6,$-3,$-3,$-3,$-3,$2,$-6,$34,34,$-0.08,$-0.08,$38,$0,$0,$127,$28,$0,$155,$0,$194,$320,$112,$7,$1,$17,$129,$0,$-69,$1,$191,$320,$-16,$22,$22,$44,$-10,$0,$0,$-3,$-1,$27,$-7,$0,$-5,$0,$3,$3,$0,$-10,$-5,$0,$-5,$-7,$-7,$0,$0,$-12,$4,$21,$0
16,2011-09-30,16.87,$5.32,3.17,$6.95,2.43,$1.96,8.6,$-0.41,0.0,$0.10B,$0.10B,0.98,$0.01B,$0.18B,0.04,$0.22B,$0.15B,67.87%,$0.22B,$-0.02B,-6.79%,$0.22B,$-0.02B,-6.79%,$0.22B,$0.00B,1.81%,$0.22B,$-0.02B,-7.69%,$0.22B,$-0.01B,-5.43%,$-0.01B,$0.18B,-7.10%,$-0.01B,$0.03B,-41.38%,$-0.01B,$0.29B,-4.16%,$-0.02B,$0.18B,-8.50%,$82,$24,$58,$14,$41,$88,$-6,$0,$-6,$-3,$-3,$-3,$-3,$0,$-6,$34,34,$-0.10,$-0.10,$33,$0,$0,$98,$29,$0,$149,$1,$196,$294,$101,$7,$2,$18,$118,$0,$-66,$2,$176,$294,$-13,$16,$13,$29,$4,$0,$0,$-8,$2,$19,$-6,$0,$-5,$0,$3,$3,$0,$-8,$-4,$0,$-4,$-7,$-7,$0,$-0,$-11,$-0,$16,$0
17,2011-06-30,25.9,$5.18,5.0,$6.61,3.92,$2.26,11.48,$-0.36,0.0,$0.11B,$0.11B,1.03,$0.01B,$0.17B,0.05,$0.21B,$0.14B,68.75%,$0.21B,$-0.01B,-6.25%,$0.21B,$-0.01B,-6.25%,$0.21B,$0.00B,1.92%,$0.21B,$-0.01B,-6.73%,$0.21B,$-0.01B,-4.81%,$-0.01B,$0.17B,-6.03%,$-0.01B,$0.03B,-34.19%,$-0.01B,$0.29B,-3.57%,$-0.01B,$0.17B,-7.53%,$80,$23,$57,$13,$41,$82,$-2,$-0,$-3,$0,$-3,$-3,$-3,$-1,$-2,$34,34,$-0.09,$-0.09,$43,$0,$0,$111,$30,$0,$137,$1,$181,$291,$107,$8,$2,$19,$126,$0,$-62,$5,$165,$291,$-9,$10,$10,$20,$1,$0,$0,$-0,$8,$20,$-4,$0,$-1,$0,$0,$0,$0,$-5,$-3,$0,$-3,$-6,$-6,$0,$-0,$-9,$6,$11,$0
18,2011-03-31,29.5,$5.31,5.55,$6.11,4.83,$2.34,12.61,$-0.07,0.0,$0.11B,$0.10B,1.07,$0.01B,$0.17B,0.04,$0.19B,$0.13B,69.79%,$0.19B,$-0.01B,-2.60%,$0.19B,$-0.01B,-2.60%,$0.19B,$0.01B,4.69%,$0.19B,$-0.01B,-3.13%,$0.19B,$-0.00B,-0.52%,$-0.00B,$0.17B,-0.61%,$-0.00B,$0.03B,-2.27%,$-0.00B,$0.29B,-0.38%,$-0.01B,$0.18B,-2.96%,$77,$23,$53,$12,$39,$77,$-0,$-0,$-1,$0,$-1,$-1,$-1,$2,$-0,$34,34,$-0.02,$-0.02,$41,$0,$0,$106,$27,$3,$137,$1,$180,$287,$99,$7,$3,$18,$118,$0,$-54,$5,$169,$287,$-0,$5,$5,$9,$7,$0,$0,$-3,$6,$15,$-2,$0,$0,$0,$0,$0,$0,$-2,$-1,$0,$-1,$-5,$-5,$0,$0,$-6,$7,$6,$0
19,2010-12-31,22.34,$5.26,4.25,$5.58,4.0,$2.33,9.6,$-0.05,0.0,$0.10B,$0.10B,1.06,$0.01B,$0.17B,0.05,$0.18B,$0.12B,70.86%,$0.18B,$-0.00B,-0.57%,$0.18B,$-0.00B,-0.57%,$0.18B,$0.01B,5.71%,$0.18B,$-0.00B,-1.14%,$0.18B,$-0.00B,-0.57%,$-0.00B,$0.17B,-0.63%,$-0.00B,$0.03B,-1.77%,$-0.00B,$0.28B,-0.40%,$-0.00B,$0.17B,-0.61%,$76,$24,$52,$11,$39,$76,$1,$-0,$0,$0,$0,$0,$0,$3,$1,$34,34,$0.00,$0.00,$34,$0,$0,$103,$29,$3,$136,$1,$180,$283,$97,$8,$2,$20,$117,$0,$-53,$2,$166,$283,$-2,$12,$16,$28,$-15,$0,$0,$11,$-1,$25,$-5,$0,$-69,$0,$30,$30,$0,$-44,$-2,$0,$-2,$-4,$-4,$0,$0,$-6,$-25,$18,$0
20,2010-09-30,23.52,$5.18,4.54,$5.03,4.68,$2.27,10.35,$0.02,1176.0,$0.09B,$0.08B,1.08,$0.01B,$0.16B,0.03,$0.16B,$0.11B,70.89%,$0.16B,$0.00B,1.90%,$0.16B,$0.00B,1.90%,$0.16B,$0.01B,7.59%,$0.16B,$0.00B,1.90%,$0.16B,$0.00B,0.63%,$0.00B,$0.16B,0.65%,$0.00B,$0.03B,1.36%,$0.00B,$0.26B,0.43%,$0.00B,$0.17B,1.91%,$72,$22,$50,$10,$37,$71,$1,$-0,$1,$1,$-0,$-0,$-0,$0,$1,$35,35,$0.00,$0.00,$36,$0,$0,$87,$23,$3,$135,$1,$171,$258,$81,$5,$1,$14,$95,$0,$-53,$3,$163,$258,$-1,$8,$12,$20,$3,$0,$0,$2,$6,$25,$-3,$0,$-69,$0,$30,$30,$0,$-42,$-1,$0,$-1,$-4,$-4,$0,$0,$-5,$-22,$12,$0
21,2010-06-30,16.47,$4.96,3.32,$4.59,3.59,$2.02,8.15,$0.12,137.25,$0.13B,$0.07B,1.93,$0.00B,$0.15B,0.03,$0.14B,$0.10B,70.83%,$0.14B,$0.01B,6.25%,$0.14B,$0.01B,6.25%,$0.14B,$0.02B,11.81%,$0.14B,$0.01B,6.25%,$0.14B,$0.00B,2.78%,$0.00B,$0.15B,2.69%,$0.00B,$0.09B,4.43%,$0.00B,$0.24B,1.81%,$0.01B,$0.16B,5.96%,$70,$22,$48,$10,$37,$69,$1,$-0,$1,$1,$-0,$-0,$-0,$4,$1,$34,34,$-0.01,$-0.01,$86,$0,$0,$133,$21,$3,$67,$0,$102,$235,$69,$4,$0,$13,$82,$0,$-51,$-0,$154,$235,$1,$4,$7,$12,$2,$0,$0,$4,$8,$21,$-3,$0,$-17,$0,$25,$25,$0,$6,$-0,$0,$-0,$-3,$-3,$0,$0,$-3,$23,$6,$0
22,2010-03-31,16.69,$4.84,3.45,$4.28,3.9,$1.69,9.85,$0.13,128.38,$0.13B,$0.07B,1.92,$0.00B,$0.15B,0.02,$0.13B,$0.09B,70.68%,$0.13B,$0.01B,6.77%,$0.13B,$0.01B,6.77%,$0.13B,$0.02B,12.78%,$0.13B,$0.01B,7.52%,$0.13B,$0.00B,3.01%,$0.00B,$0.15B,2.75%,$0.00B,$0.08B,4.37%,$0.00B,$0.23B,1.88%,$0.01B,$0.15B,6.14%,$69,$23,$46,$10,$33,$68,$1,$-1,$0,$2,$-2,$-2,$-2,$3,$1,$34,34,$-0.06,$-0.06,$82,$0,$0,$128,$20,$3,$67,$0,$100,$229,$67,$3,$0,$12,$79,$0,$-51,$-0,$150,$229,$0,$2,$4,$6,$4,$0,$0,$4,$9,$15,$-2,$0,$-17,$0,$13,$13,$0,$-6,$-0,$0,$-0,$-2,$-2,$0,$0,$-2,$6,$3,$0
23,2009-12-31,17.55,$4.87,3.6,$4.13,4.25,$1.26,13.93,$0.13,135.0,$0.14B,$0.06B,2.3,$0.00B,$0.15B,0.01,$0.13B,$0.09B,69.53%,$0.13B,$0.01B,7.03%,$0.13B,$0.01B,7.03%,$0.13B,$0.02B,13.28%,$0.13B,$0.01B,7.81%,$0.13B,$0.00B,3.13%,$0.00B,$0.15B,2.82%,$0.00B,$0.10B,4.29%,$0.00B,$0.22B,1.95%,$0.01B,$0.15B,6.33%,$68,$24,$45,$9,$35,$70,$-2,$-0,$-2,$-0,$-2,$-2,$-2,$5,$-2,$33,33,$-0.05,$-0.05,$88,$0,$0,$136,$17,$3,$51,$0,$81,$218,$59,$1,$1,$10,$70,$0,$-52,$0,$148,$218,$4,$8,$15,$23,$-4,$0,$0,$5,$-2,$25,$-6,$0,$-1,$0,$8,$8,$0,$0,$-1,$0,$-1,$-1,$-1,$0,$0,$-2,$24,$10,$0
24,2009-09-30,18.01,$4.73,3.81,$4.09,4.41,$1.28,14.07,$0.75,24.01,$0.13B,$0.05B,2.47,$0.00B,$0.14B,0.01,$0.13B,$0.09B,68.25%,$0.13B,$0.01B,7.14%,$0.13B,$0.01B,7.14%,$0.13B,$0.02B,13.49%,$0.13B,$0.01B,6.35%,$0.13B,$0.02B,17.46%,$0.02B,$0.14B,15.88%,$0.02B,$0.10B,24.24%,$0.02B,$0.20B,10.97%,$0.01B,$0.14B,6.49%,$64,$22,$42,$9,$32,$66,$-1,$-0,$-2,$1,$-3,$-3,$-3,$5,$-1,$33,33,$-0.09,$-0.09,$84,$0,$0,$126,$17,$3,$48,$0,$78,$204,$51,$1,$0,$9,$61,$0,$-53,$-0,$143,$204,$2,$6,$12,$18,$3,$0,$0,$-2,$-2,$18,$-5,$0,$0,$0,$-2,$-2,$0,$-7,$-1,$0,$-1,$-1,$-1,$0,$0,$-2,$11,$7,$0
25,2009-06-30,13.32,$4.66,2.86,$4.07,3.27,$1.33,10.04,$0.74,18.0,$0.12B,$0.05B,2.29,$0.00B,$0.14B,0.0,$0.13B,$0.09B,68.00%,$0.13B,$0.01B,6.40%,$0.13B,$0.01B,6.40%,$0.13B,$0.02B,12.00%,$0.13B,$0.01B,5.60%,$0.13B,$0.02B,17.60%,$0.02B,$0.14B,16.76%,$0.02B,$0.09B,26.75%,$0.02B,$0.20B,11.37%,$0.01B,$0.14B,6.10%,$60,$20,$40,$8,$32,$66,$-6,$-0,$-6,$0,$-7,$-7,$-7,$4,$-6,$33,33,$-0.20,$-0.20,$74,$0,$0,$115,$18,$7,$49,$0,$84,$199,$50,$0,$0,$9,$59,$0,$-54,$-0,$140,$199,$1,$4,$8,$11,$5,$0,$0,$-3,$-1,$12,$-4,$0,$0,$0,$-10,$-10,$0,$-14,$-0,$0,$-0,$-1,$-1,$0,$0,$-1,$-3,$5,$0
26,2009-03-31,12.09,$4.56,2.65,$4.01,3.02,$1.56,7.75,$0.76,15.91,$0.12B,$0.05B,2.13,$0.00B,$0.14B,0.0,$0.12B,$0.08B,68.29%,$0.12B,$0.01B,7.32%,$0.12B,$0.01B,7.32%,$0.12B,$0.02B,13.01%,$0.12B,$0.01B,5.69%,$0.12B,$0.02B,18.70%,$0.02B,$0.14B,18.55%,$0.02B,$0.09B,31.19%,$0.02B,$0.20B,12.28%,$0.01B,$0.14B,7.26%,$62,$20,$42,$8,$30,$61,$1,$-0,$1,$1,$-0,$-0,$-0,$3,$1,$33,33,$-0.01,$-0.01,$70,$0,$0,$115,$18,$3,$48,$0,$84,$199,$54,$0,$0,$9,$63,$0,$-55,$-1,$136,$199,$0,$2,$4,$6,$-2,$0,$0,$1,$-4,$2,$-3,$0,$0,$0,$-7,$-7,$0,$-10,$-0,$0,$-0,$-1,$-1,$0,$0,$-1,$-9,$2,$0
27,2008-12-31,12.75,$4.63,2.75,$3.88,3.28,$1.80,7.08,$0.83,15.36,$0.12B,$0.06B,2.08,$0.00B,$0.14B,0.0,$0.12B,$0.08B,69.49%,$0.12B,$0.01B,9.32%,$0.12B,$0.01B,9.32%,$0.12B,$0.02B,14.41%,$0.12B,$0.01B,8.47%,$0.12B,$0.03B,22.03%,$0.03B,$0.14B,22.27%,$0.03B,$0.09B,33.33%,$0.03B,$0.20B,14.73%,$0.01B,$0.14B,9.40%,$63,$19,$43,$8,$32,$67,$-4,$-0,$-4,$-1,$-3,$-3,$-3,$5,$-4,$32,32,$-0.10,$-0.10,$71,$0,$0,$117,$18,$3,$48,$0,$83,$200,$56,$0,$0,$9,$65,$0,$-56,$-1,$135,$200,$25,$6,$-6,$0,$-7,$0,$0,$16,$7,$33,$-14,$0,$-45,$0,$-7,$-7,$1,$-64,$-1,$0,$-1,$-0,$-0,$0,$0,$-1,$-34,$6,$0
28,2008-09-30,17.63,$3.93,4.49,$4.21,4.18,$2.14,8.24,$0.58,30.4,$0.10B,$0.05B,1.81,$0.00B,$0.11B,0.0,$0.11B,$0.08B,72.07%,$0.11B,$0.01B,10.81%,$0.11B,$0.01B,10.81%,$0.11B,$0.02B,15.32%,$0.11B,$0.01B,12.61%,$0.11B,$0.02B,17.12%,$0.02B,$0.11B,17.43%,$0.02B,$0.06B,23.17%,$0.02B,$0.18B,11.62%,$0.01B,$0.11B,10.96%,$59,$20,$39,$9,$33,$64,$-5,$-0,$-6,$-2,$-4,$-4,$-4,$3,$-5,$32,32,$-0.12,$-0.12,$68,$0,$0,$96,$17,$6,$52,$0,$80,$176,$53,$0,$0,$9,$62,$0,$-76,$0,$114,$176,$5,$4,$10,$14,$-1,$0,$0,$12,$10,$28,$-14,$0,$-45,$0,$2,$2,$1,$-55,$-1,$0,$-1,$-0,$-0,$0,$0,$-1,$-28,$5,$0
29,2008-06-30,21.82,$3.85,5.67,$3.96,5.51,$2.06,10.58,$0.69,31.62,$0.09B,$0.06B,1.71,$0.00B,$0.11B,0.0,$0.10B,$0.08B,73.53%,$0.10B,$0.01B,12.75%,$0.10B,$0.01B,12.75%,$0.10B,$0.02B,17.65%,$0.10B,$0.02B,15.69%,$0.10B,$0.02B,21.57%,$0.02B,$0.11B,21.31%,$0.02B,$0.06B,24.72%,$0.02B,$0.17B,14.47%,$0.01B,$0.11B,12.50%,$58,$19,$39,$9,$34,$64,$-6,$-0,$-6,$2,$-8,$-8,$-8,$5,$-6,$32,32,$-0.26,$-0.26,$67,$0,$0,$94,$15,$8,$53,$0,$80,$174,$55,$0,$0,$8,$63,$0,$-77,$-0,$111,$174,$4,$2,$6,$9,$1,$0,$0,$12,$12,$24,$-10,$0,$-44,$0,$1,$1,$1,$-52,$-0,$0,$-0,$-0,$-0,$0,$0,$-1,$-28,$3,$0
30,2008-03-31,20.06,$3.77,5.32,$7.23,2.77,$2.82,7.11,$0.63,31.84,$0.13B,$0.05B,2.86,$0.00B,$0.11B,0.01,$0.09B,$0.07B,73.40%,$0.09B,$0.01B,13.83%,$0.09B,$0.01B,13.83%,$0.09B,$0.02B,18.09%,$0.09B,$0.01B,14.89%,$0.09B,$0.02B,21.28%,$0.02B,$0.11B,25.56%,$0.02B,$0.11B,26.06%,$0.02B,$0.16B,16.49%,$0.01B,$0.11B,16.40%,$53,$17,$36,$8,$28,$56,$-3,$0,$-3,$-2,$-0,$-0,$-0,$4,$-3,$32,32,$-0.01,$-0.01,$103,$0,$0,$130,$10,$8,$1,$0,$26,$156,$45,$1,$0,$3,$49,$0,$-78,$-0,$107,$156,$3,$1,$3,$4,$-1,$0,$0,$6,$4,$10,$-4,$0,$0,$0,$-21,$-21,$1,$-24,$-0,$0,$-0,$-1,$-1,$0,$0,$-1,$-14,$1,$0
