,Date,Stock Price,Book Value per Share,Price to Book Ratio,TTM Sales per Share,Price to Sales Ratio,TTM FCF per Share,Price to FCF Ratio,TTM Net EPS,PE Ratio,Current Assets,Current Liabilities,Current Ratio,Long Term Debt,Shareholder's Equity_x,Debt to Equity Ratio,TTM Revenue_x,TTM Gross Profit,Gross Margin,TTM Revenue_y,TTM Operating Income,Operating Margin,TTM Revenue_x,TTM EBIT,EBIT Margin,TTM Revenue_y,TTM EBITDA,EBITDA Margin,TTM Revenue_x,TTM Pre-Tax Income,Pre-Tax Margin,TTM Revenue_y,TTM Net Income_x,Net Margin,TTM Net Income_y,Shareholder's Equity_y,Return on Equity,TTM Net Income_x,Tangible Equity,Return on Tangible Equity,TTM Net Income_y,Total Assets,Return on Assets,TTM Net Income,LT Investments & Debt,Return on Investment,revenue,cost-goods-sold,gross-profit,research-development-expenses,selling-general-administrative-expenses,operating-expenses,operating-income,total-non-operating-income-expense,pre-tax-income,total-provision-income-taxes,income-after-taxes,income-from-continuous-operations,net-income,ebitda,ebit,basic-shares-outstanding,shares-outstanding,eps-basic-net-earnings-per-share,eps-earnings-per-share-diluted,cash-on-hand,inventory,other-current-assets,total-current-assets,net-property-plant-equipment,long-term-investments,goodwill-intangible-assets-total,other-long-term-assets,total-long-term-assets,total-assets,total-current-liabilities,long-term-debt,other-non-current-liabilities,total-long-term-liabilities,total-liabilities,common-stock-net,retained-earnings-accumulated-deficit,comprehensive-income,total-share-holder-equity,total-liabilities-share-holders-equity,net-income-loss,total-depreciation-amortization-cash-flow,other-non-cash-items,total-non-cash-items,change-in-accounts-receivable,change-in-inventories,change-in-accounts-payable,change-in-assets-liabilities,total-change-in-assets-liabilities,cash-flow-from-operating-activities,net-change-in-property-plant-equipment,net-change-in-intangible-assets,net-acquisitions-divestitures,net-change-in-short-term-investments,net-change-in-long-term-investments,net-change-in-investments-total,investing-activities-other,cash-flow-from-investing-activities,net-long-term-debt,net-current-debt,debt-issuance-retirement-net-total,net-common-equity-issued-repurchased,net-total-equity-issued-repurchased,total-common-preferred-stock-dividends-paid,financial-activities-other,cash-flow-from-financial-activities,net-cash-flow,stock-based-compensation,common-stock-dividends-paid
0,2018-08-31,14.6,$7.19,2.03,$27.21,0.54,$-0.32,0.0,$0.77,18.96,$0.77B,$0.57B,1.34,$0.29B,$0.84B,0.35,$3.18B,$1.03B,32.47%,$3.18B,$0.16B,5.04%,$3.18B,$0.16B,5.04%,$3.18B,$0.23B,7.34%,$3.18B,$0.17B,5.45%,$3.18B,$0.09B,2.90%,$0.09B,$0.84B,11.24%,$0.09B,$0.54B,14.83%,$0.09B,$1.89B,5.01%,$0.16B,$1.13B,14.40%,$876,$587,$289,$0,$0,$808,$68,$-1,$67,$18,$49,$49,$49,$89,$68,$117,117,$0.41,$0.41,$46,$232,$60,$770,$438,$53,$302,$193,$1115,$1885,$574,$291,$182,$472,$1046,$0,$853,$-30,$839,$1885,$66,$39,$2,$41,$-54,$-38,$0,$-52,$-145,$-38,$-42,$0,$-150,$0,$0,$0,$23,$-168,$9,$0,$9,$-4,$-4,$-32,$0,$-27,$-236,$13,$-32
1,2018-05-31,14.26,$6.93,2.06,$26.31,0.54,$0.24,59.91,$0.67,21.28,$0.76B,$0.47B,1.61,$0.29B,$0.81B,0.36,$3.08B,$1.00B,32.49%,$3.08B,$0.14B,4.68%,$3.08B,$0.14B,4.68%,$3.08B,$0.21B,6.89%,$3.08B,$0.16B,5.11%,$3.08B,$0.08B,2.60%,$0.08B,$0.81B,9.91%,$0.08B,$0.63B,12.23%,$0.08B,$1.76B,4.42%,$0.14B,$1.10B,13.09%,$754,$516,$238,$0,$0,$731,$23,$-0,$23,$6,$17,$17,$17,$41,$23,$117,117,$0.14,$0.14,$135,$203,$65,$761,$431,$50,$183,$197,$994,$1755,$473,$292,$182,$473,$946,$0,$820,$-23,$809,$1755,$17,$18,$5,$22,$-42,$-20,$22,$-103,$-157,$-118,$-16,$0,$0,$0,$0,$0,$8,$-8,$-1,$0,$-1,$-3,$-3,$-16,$0,$-20,$-147,$9,$-16
2,2018-02-28,13.38,$7.00,1.91,$26.06,0.51,$0.81,16.45,$0.68,19.68,$0.85B,$0.56B,1.54,$0.29B,$0.81B,0.36,$3.06B,$1.01B,32.92%,$3.06B,$0.16B,5.10%,$3.06B,$0.16B,5.10%,$3.06B,$0.22B,7.26%,$3.06B,$0.16B,5.30%,$3.06B,$0.08B,2.65%,$0.08B,$0.81B,10.09%,$0.08B,$0.63B,12.20%,$0.08B,$1.86B,4.49%,$0.16B,$1.11B,14.24%,$773,$521,$252,$0,$0,$743,$30,$15,$45,$45,$0,$0,$0,$48,$30,$117,117,$0.00,$0.00,$283,$185,$67,$854,$435,$48,$184,$203,$1005,$1859,$555,$292,$199,$491,$1046,$0,$819,$-10,$813,$1859,$81,$66,$46,$112,$19,$-9,$-1,$-17,$35,$227,$-88,$0,$-68,$93,$0,$93,$16,$-48,$-3,$0,$-3,$-34,$-34,$-61,$0,$-98,$86,$19,$-61
3,2017-11-30,14.78,$7.00,2.11,$25.93,0.57,$0.55,27.0,$0.89,16.6,$0.85B,$0.54B,1.58,$0.29B,$0.81B,0.36,$3.05B,$1.01B,33.09%,$3.05B,$0.18B,5.77%,$3.05B,$0.18B,5.77%,$3.05B,$0.24B,7.86%,$3.05B,$0.17B,5.47%,$3.05B,$0.11B,3.51%,$0.11B,$0.81B,13.53%,$0.11B,$0.69B,16.03%,$0.11B,$1.85B,5.99%,$0.18B,$1.11B,16.23%,$772,$520,$252,$0,$0,$734,$39,$-1,$38,$12,$26,$26,$26,$55,$39,$116,116,$0.22,$0.22,$244,$186,$48,$847,$430,$54,$123,$201,$1001,$1849,$536,$293,$207,$500,$1035,$0,$834,$-24,$813,$1849,$81,$48,$-1,$47,$-36,$-22,$26,$-35,$-32,$95,$-58,$0,$0,$74,$0,$74,$15,$31,$-2,$0,$-2,$-33,$-33,$-46,$0,$-81,$47,$16,$-46
4,2017-08-31,12.73,$6.85,1.86,$25.93,0.49,$0.77,16.57,$1.01,12.6,$0.79B,$0.49B,1.63,$0.29B,$0.80B,0.37,$3.07B,$1.02B,33.26%,$3.07B,$0.19B,6.26%,$3.07B,$0.19B,6.26%,$3.07B,$0.26B,8.31%,$3.07B,$0.18B,6.00%,$3.07B,$0.12B,3.98%,$0.12B,$0.80B,15.77%,$0.12B,$0.67B,18.74%,$0.12B,$1.78B,6.90%,$0.19B,$1.09B,17.99%,$776,$518,$257,$0,$0,$723,$52,$-2,$51,$14,$37,$37,$37,$68,$52,$117,118,$0.31,$0.31,$204,$174,$49,$793,$429,$50,$124,$190,$982,$1775,$485,$293,$202,$495,$980,$0,$823,$-29,$795,$1775,$55,$31,$6,$37,$-22,$-7,$0,$-56,$-70,$22,$-37,$0,$0,$9,$0,$9,$10,$-18,$-1,$0,$-1,$-33,$-33,$-31,$0,$-65,$-58,$12,$-31
5,2017-05-31,16.0,$6.69,2.39,$25.69,0.62,$0.83,19.21,$1.01,15.85,$0.75B,$0.45B,1.67,$0.29B,$0.79B,0.37,$3.05B,$1.03B,33.65%,$3.05B,$0.20B,6.63%,$3.05B,$0.20B,6.63%,$3.05B,$0.26B,8.63%,$3.05B,$0.19B,6.33%,$3.05B,$0.12B,4.03%,$0.12B,$0.79B,16.14%,$0.12B,$0.67B,19.21%,$0.12B,$1.73B,7.00%,$0.20B,$1.08B,19.12%,$735,$490,$245,$0,$0,$700,$35,$-7,$28,$10,$18,$18,$18,$51,$35,$118,118,$0.15,$0.15,$181,$175,$44,$751,$417,$50,$123,$209,$982,$1733,$451,$294,$199,$493,$944,$0,$820,$-36,$789,$1733,$18,$15,$17,$32,$-17,$-10,$7,$-96,$-101,$-51,$-17,$0,$0,$36,$0,$36,$-1,$19,$-1,$0,$-1,$-6,$-6,$-16,$0,$-22,$-53,$8,$-16
6,2017-02-28,15.17,$6.53,2.32,$25.46,0.6,$0.74,20.6,$1.02,14.87,$0.82B,$0.52B,1.57,$0.30B,$0.77B,0.38,$3.03B,$1.01B,33.33%,$3.03B,$0.20B,6.59%,$3.03B,$0.20B,6.59%,$3.03B,$0.26B,8.57%,$3.03B,$0.20B,6.50%,$3.03B,$0.12B,4.09%,$0.12B,$0.77B,16.57%,$0.12B,$0.64B,19.77%,$0.12B,$1.79B,7.11%,$0.20B,$1.06B,19.17%,$769,$514,$256,$0,$0,$719,$50,$-0,$50,$24,$26,$26,$26,$66,$50,$118,119,$0.21,$0.22,$271,$163,$59,$819,$408,$51,$124,$211,$973,$1792,$523,$295,$208,$502,$1026,$0,$817,$-51,$767,$1792,$125,$60,$38,$98,$12,$-5,$10,$-30,$-52,$171,$-61,$0,$-4,$14,$0,$14,$3,$-48,$-2,$0,$-2,$-48,$-48,$-59,$3,$-106,$15,$20,$-59
7,2016-11-30,14.65,$6.34,2.31,$25.08,0.58,$0.57,25.6,$1.43,10.24,$0.80B,$0.52B,1.54,$0.30B,$0.74B,0.4,$3.01B,$0.99B,32.84%,$3.01B,$0.18B,5.84%,$3.01B,$0.18B,5.84%,$3.01B,$0.24B,7.84%,$3.01B,$0.18B,5.88%,$3.01B,$0.18B,5.84%,$0.18B,$0.74B,23.75%,$0.18B,$0.62B,28.35%,$0.18B,$1.77B,10.07%,$0.18B,$1.04B,16.98%,$787,$525,$262,$0,$0,$732,$55,$0,$55,$14,$41,$41,$41,$70,$55,$118,118,$0.34,$0.34,$236,$173,$49,$803,$401,$51,$120,$193,$970,$1773,$520,$295,$215,$509,$1029,$0,$803,$-59,$744,$1773,$99,$45,$16,$60,$-10,$-15,$15,$-63,$-55,$104,$-40,$0,$0,$-12,$0,$-12,$2,$-51,$-2,$0,$-2,$-48,$-48,$-44,$-0,$-94,$-43,$17,$-44
8,2016-08-31,13.95,$6.32,2.21,$24.82,0.56,$0.56,24.73,$1.37,10.18,$0.78B,$0.48B,1.63,$0.30B,$0.75B,0.4,$3.01B,$0.98B,32.56%,$3.01B,$0.18B,5.84%,$3.01B,$0.18B,5.84%,$3.01B,$0.24B,7.90%,$3.01B,$0.18B,5.87%,$3.01B,$0.17B,5.68%,$0.17B,$0.75B,23.37%,$0.17B,$0.63B,27.98%,$0.17B,$1.73B,9.76%,$0.18B,$1.04B,17.12%,$758,$495,$263,$0,$0,$696,$62,$-2,$60,$21,$38,$38,$38,$76,$62,$119,119,$0.32,$0.31,$198,$165,$70,$779,$394,$51,$120,$194,$954,$1734,$478,$296,$212,$508,$985,$0,$787,$-39,$748,$1734,$58,$29,$27,$56,$-0,$-4,$10,$-99,$-94,$20,$-27,$0,$0,$38,$0,$38,$1,$12,$-1,$0,$-1,$-33,$-33,$-30,$-0,$-63,$-30,$13,$-30
9,2016-05-31,14.77,$6.16,2.4,$25.11,0.59,$0.71,20.94,$1.36,10.86,$0.72B,$0.44B,1.65,$0.30B,$0.74B,0.4,$3.07B,$0.99B,32.04%,$3.07B,$0.17B,5.66%,$3.07B,$0.17B,5.66%,$3.07B,$0.24B,7.77%,$3.07B,$0.18B,5.73%,$3.07B,$0.17B,5.53%,$0.17B,$0.74B,23.71%,$0.17B,$0.61B,28.51%,$0.17B,$1.68B,9.70%,$0.17B,$1.03B,17.24%,$719,$489,$230,$0,$0,$686,$33,$-2,$32,$12,$19,$19,$19,$48,$33,$120,120,$0.16,$0.16,$152,$157,$65,$720,$413,$52,$120,$191,$956,$1676,$436,$296,$210,$506,$941,$0,$772,$-37,$735,$1676,$19,$15,$38,$54,$-1,$3,$-5,$-148,$-139,$-66,$-14,$0,$0,$66,$0,$66,$1,$53,$0,$0,$0,$-21,$-21,$-15,$-0,$-36,$-49,$9,$-15
10,2016-02-29,11.47,$6.17,1.86,$24.86,0.46,$0.92,12.51,$1.36,8.43,$0.82B,$0.56B,1.48,$0.30B,$0.74B,0.4,$3.06B,$0.97B,31.75%,$3.06B,$0.18B,5.72%,$3.06B,$0.18B,5.72%,$3.06B,$0.24B,7.87%,$3.06B,$0.18B,5.75%,$3.06B,$0.17B,5.59%,$0.17B,$0.74B,24.45%,$0.17B,$0.62B,29.57%,$0.17B,$1.81B,9.80%,$0.18B,$1.03B,17.73%,$748,$514,$234,$0,$0,$722,$26,$4,$30,$-47,$78,$78,$78,$42,$26,$122,123,$0.62,$0.62,$266,$159,$56,$824,$412,$51,$120,$190,$985,$1809,$558,$297,$218,$514,$1072,$0,$777,$-40,$737,$1809,$170,$66,$-59,$6,$1,$7,$-4,$46,$10,$186,$-93,$0,$-7,$7,$0,$7,$5,$-88,$16,$0,$16,$-56,$-56,$-57,$7,$-90,$5,$21,$-57
11,2015-11-30,18.22,$5.77,3.16,$24.83,0.73,$0.21,86.24,$0.92,19.81,$0.91B,$0.57B,1.61,$0.30B,$0.71B,0.42,$3.06B,$0.97B,31.54%,$3.06B,$0.19B,6.07%,$3.06B,$0.19B,6.07%,$3.06B,$0.25B,8.23%,$3.06B,$0.18B,5.81%,$3.06B,$0.12B,3.79%,$0.12B,$0.71B,17.03%,$0.12B,$0.59B,20.73%,$0.12B,$1.79B,6.73%,$0.19B,$1.00B,19.28%,$788,$534,$254,$0,$0,$732,$55,$-1,$55,$19,$36,$36,$36,$72,$55,$122,123,$0.29,$0.28,$266,$181,$51,$914,$403,$61,$121,$198,$878,$1791,$566,$297,$222,$519,$1085,$0,$738,$-46,$707,$1791,$93,$49,$13,$62,$-25,$-16,$18,$-0,$-24,$131,$-65,$0,$-7,$-47,$0,$-47,$0,$-119,$18,$0,$18,$-14,$-14,$-43,$5,$-35,$-26,$17,$-43
12,2015-08-31,15.97,$5.64,2.83,$24.96,0.64,$-0.66,0.0,$0.73,21.87,$0.86B,$0.55B,1.57,$0.28B,$0.69B,0.41,$3.08B,$0.93B,30.15%,$3.08B,$0.15B,4.88%,$3.08B,$0.15B,4.88%,$3.08B,$0.21B,6.96%,$3.08B,$0.14B,4.55%,$3.08B,$0.09B,2.99%,$0.09B,$0.69B,13.71%,$0.09B,$0.57B,16.76%,$0.09B,$1.73B,5.38%,$0.15B,$0.97B,15.77%,$819,$552,$267,$0,$0,$759,$60,$-2,$59,$21,$37,$37,$37,$77,$60,$122,123,$0.30,$0.30,$207,$177,$45,$860,$404,$59,$121,$195,$874,$1734,$549,$279,$218,$497,$1045,$0,$716,$-39,$689,$1734,$57,$33,$24,$56,$-40,$-9,$12,$-43,$-60,$54,$-43,$0,$-7,$22,$0,$22,$0,$-28,$-1,$0,$-1,$-12,$-12,$-29,$3,$-39,$-15,$14,$-29
13,2015-05-31,15.49,$5.44,2.85,$24.68,0.63,$-1.08,0.0,$0.67,23.11,$0.78B,$0.49B,1.59,$0.28B,$0.66B,0.42,$3.04B,$0.90B,29.71%,$3.04B,$0.14B,4.70%,$3.04B,$0.14B,4.70%,$3.04B,$0.20B,6.70%,$3.04B,$0.13B,4.37%,$3.04B,$0.09B,2.83%,$0.09B,$0.66B,12.88%,$0.09B,$0.54B,15.78%,$0.09B,$1.65B,5.05%,$0.14B,$0.94B,15.07%,$706,$489,$217,$0,$0,$672,$34,$-2,$32,$12,$20,$20,$20,$50,$34,$122,123,$0.16,$0.16,$156,$184,$55,$783,$395,$59,$122,$201,$865,$1648,$493,$279,$212,$491,$984,$0,$693,$-34,$664,$1648,$20,$16,$29,$45,$-6,$-15,$8,$-105,$-101,$-36,$-20,$0,$-7,$23,$0,$23,$0,$-4,$-1,$0,$-1,$-12,$-12,$-15,$2,$-26,$-66,$9,$-15
14,2015-02-28,16.75,$5.46,3.07,$24.75,0.68,$-1.18,0.0,$0.68,24.64,$0.81B,$0.54B,1.49,$0.28B,$0.66B,0.42,$3.06B,$0.92B,29.93%,$3.06B,$0.15B,4.74%,$3.06B,$0.15B,4.74%,$3.06B,$0.21B,6.70%,$3.06B,$0.14B,4.48%,$3.06B,$0.09B,2.84%,$0.09B,$0.66B,12.91%,$0.09B,$0.54B,15.81%,$0.09B,$1.72B,5.11%,$0.15B,$0.94B,15.16%,$750,$522,$228,$0,$0,$713,$37,$-5,$32,$9,$23,$23,$23,$53,$37,$122,124,$0.19,$0.18,$245,$166,$56,$809,$390,$59,$122,$194,$911,$1720,$544,$280,$233,$512,$1056,$0,$688,$-29,$664,$1720,$86,$60,$-3,$57,$-44,$-27,$13,$-13,$-59,$84,$-78,$0,$0,$58,$0,$58,$6,$-14,$-3,$0,$-3,$-36,$-36,$-53,$2,$-90,$-25,$18,$-53
15,2014-11-30,15.59,$5.49,2.84,$24.91,0.63,$-0.43,0.0,$0.69,22.6,$0.87B,$0.57B,1.52,$0.28B,$0.67B,0.42,$3.09B,$0.94B,30.30%,$3.09B,$0.16B,5.24%,$3.09B,$0.16B,5.24%,$3.09B,$0.22B,7.19%,$3.09B,$0.15B,4.86%,$3.09B,$0.09B,2.85%,$0.09B,$0.67B,13.00%,$0.09B,$0.54B,15.92%,$0.09B,$1.74B,5.16%,$0.16B,$0.95B,16.86%,$800,$585,$215,$0,$0,$781,$19,$-2,$17,$5,$12,$12,$12,$34,$19,$121,123,$0.09,$0.09,$216,$190,$39,$868,$389,$56,$123,$197,$868,$1736,$571,$283,$215,$498,$1069,$0,$678,$-14,$667,$1736,$63,$44,$3,$48,$-60,$-45,$34,$-58,$-103,$8,$-50,$0,$0,$39,$0,$39,$8,$-3,$-2,$0,$-2,$-35,$-35,$-40,$1,$-76,$-73,$16,$-40
16,2014-08-31,13.88,$5.58,2.49,$24.64,0.56,$0.29,47.56,$0.78,17.79,$0.85B,$0.53B,1.61,$0.28B,$0.68B,0.42,$3.07B,$0.96B,31.36%,$3.07B,$0.18B,5.92%,$3.07B,$0.18B,5.92%,$3.07B,$0.26B,8.30%,$3.07B,$0.17B,5.60%,$3.07B,$0.10B,3.22%,$0.10B,$0.68B,14.59%,$0.10B,$0.55B,17.88%,$0.10B,$1.70B,5.77%,$0.18B,$0.96B,18.90%,$787,$542,$244,$0,$0,$734,$53,$-1,$52,$22,$31,$31,$31,$67,$53,$122,124,$0.24,$0.24,$230,$183,$34,$853,$389,$55,$124,$197,$850,$1703,$530,$283,$213,$497,$1027,$0,$680,$-3,$676,$1703,$52,$29,$22,$51,$-43,$-33,$32,$-79,$-119,$-16,$-25,$0,$0,$47,$0,$47,$11,$32,$-1,$0,$-1,$-34,$-34,$-27,$0,$-62,$-46,$13,$-27
17,2014-05-31,14.39,$5.59,2.57,$24.29,0.59,$0.49,29.59,$0.76,18.93,$0.82B,$0.47B,1.74,$0.28B,$0.69B,0.41,$3.05B,$0.96B,31.66%,$3.05B,$0.18B,5.94%,$3.05B,$0.18B,5.94%,$3.05B,$0.26B,8.37%,$3.05B,$0.17B,5.45%,$3.05B,$0.10B,3.15%,$0.10B,$0.69B,14.23%,$0.10B,$0.56B,17.57%,$0.10B,$1.66B,5.61%,$0.18B,$0.97B,18.86%,$723,$494,$229,$0,$0,$687,$36,$-1,$36,$15,$21,$21,$21,$51,$36,$123,124,$0.17,$0.17,$243,$161,$29,$824,$378,$54,$125,$196,$832,$1656,$473,$284,$212,$496,$969,$0,$684,$0,$688,$1656,$21,$15,$10,$25,$-15,$-10,$8,$-100,$-118,$-73,$3,$0,$0,$36,$0,$36,$10,$49,$-1,$0,$-1,$-6,$-6,$-14,$0,$-20,$-44,$10,$-14
18,2014-02-28,12.97,$5.51,2.35,$23.77,0.55,$0.59,21.84,$0.69,18.8,$0.89B,$0.54B,1.65,$0.28B,$0.68B,0.42,$2.99B,$0.95B,31.62%,$2.99B,$0.17B,5.52%,$2.99B,$0.17B,5.52%,$2.99B,$0.24B,7.96%,$2.99B,$0.15B,4.95%,$2.99B,$0.09B,2.94%,$0.09B,$0.68B,13.26%,$0.09B,$0.55B,16.55%,$0.09B,$1.73B,5.17%,$0.17B,$0.96B,17.39%,$779,$531,$248,$0,$0,$725,$54,$-10,$45,$21,$24,$24,$24,$70,$54,$124,125,$0.20,$0.19,$321,$152,$35,$890,$377,$53,$125,$197,$837,$1727,$538,$284,$227,$511,$1050,$0,$676,$1,$677,$1727,$88,$73,$25,$98,$-16,$-13,$13,$6,$-7,$179,$-77,$0,$0,$-24,$0,$-24,$77,$-25,$-2,$0,$-2,$-50,$-50,$-50,$1,$-102,$51,$17,$-50
19,2013-11-30,14.16,$5.43,2.61,$23.22,0.61,$0.80,17.78,$0.28,50.57,$0.95B,$0.58B,1.63,$0.29B,$0.67B,0.42,$2.93B,$0.91B,31.15%,$2.93B,$0.07B,2.25%,$2.93B,$0.07B,2.25%,$2.93B,$0.20B,6.79%,$2.93B,$0.06B,1.91%,$2.93B,$0.04B,1.26%,$0.04B,$0.67B,5.59%,$0.04B,$0.55B,7.04%,$0.04B,$1.78B,2.19%,$0.07B,$0.96B,6.97%,$785,$542,$243,$0,$0,$746,$39,$-1,$39,$16,$23,$23,$23,$67,$39,$124,126,$0.18,$0.18,$297,$161,$64,$945,$356,$0,$126,$250,$831,$1776,$581,$285,$237,$522,$1102,$0,$671,$-6,$674,$1776,$64,$57,$16,$73,$-71,$-23,$37,$-23,$-40,$97,$-50,$0,$0,$-48,$0,$-48,$73,$-25,$-2,$0,$-2,$-33,$-33,$-38,$-1,$-73,$-1,$15,$-38
20,2013-08-31,12.51,$5.33,2.35,$22.73,0.55,$1.17,10.74,$0.28,44.69,$0.76B,$0.51B,1.48,$0.29B,$0.66B,0.43,$2.87B,$0.90B,31.19%,$2.87B,$0.07B,2.26%,$2.87B,$0.07B,2.26%,$2.87B,$0.19B,6.47%,$2.87B,$0.05B,1.88%,$2.87B,$0.04B,1.32%,$0.04B,$0.66B,5.67%,$0.04B,$0.52B,7.37%,$0.04B,$1.69B,2.25%,$0.07B,$0.95B,6.80%,$758,$513,$244,$0,$0,$706,$52,$-6,$46,$19,$28,$28,$28,$67,$52,$124,126,$0.22,$0.22,$171,$155,$56,$757,$362,$0,$139,$321,$931,$1688,$511,$285,$232,$517,$1027,$0,$661,$-7,$660,$1688,$41,$29,$19,$48,$-44,$-18,$29,$-55,$-72,$17,$-35,$0,$0,$57,$0,$57,$-2,$20,$-1,$0,$-1,$-32,$-32,$-25,$-1,$-59,$-23,$13,$-25
21,2013-05-31,11.85,$5.20,2.28,$22.63,0.52,$1.45,8.2,$0.29,40.84,$0.69B,$0.46B,1.52,$0.29B,$0.64B,0.44,$2.86B,$0.88B,30.77%,$2.86B,$0.06B,2.10%,$2.86B,$0.06B,2.10%,$2.86B,$0.18B,6.29%,$2.86B,$0.05B,1.85%,$2.86B,$0.04B,1.36%,$0.04B,$0.64B,5.76%,$0.04B,$0.51B,7.68%,$0.04B,$1.62B,2.30%,$0.06B,$0.93B,6.22%,$667,$457,$210,$0,$0,$647,$20,$-3,$18,$5,$13,$13,$13,$35,$20,$125,126,$0.10,$0.10,$147,$147,$48,$693,$356,$0,$140,$322,$926,$1618,$457,$286,$232,$517,$974,$0,$646,$-7,$644,$1618,$13,$14,$14,$28,$-17,$-10,$14,$-67,$-80,$-39,$-18,$0,$0,$57,$0,$57,$-0,$39,$-1,$0,$-1,$-32,$-32,$-13,$-1,$-46,$-47,$11,$-13
22,2013-02-28,12.02,$5.34,2.25,$22.66,0.53,$1.64,7.35,$0.29,41.44,$0.78B,$0.49B,1.61,$0.29B,$0.67B,0.43,$2.87B,$0.87B,30.20%,$2.87B,$0.06B,2.06%,$2.87B,$0.06B,2.06%,$2.87B,$0.18B,6.24%,$2.87B,$0.06B,1.92%,$2.87B,$0.04B,1.36%,$0.04B,$0.67B,5.67%,$0.04B,$0.53B,7.72%,$0.04B,$1.69B,2.29%,$0.06B,$0.95B,6.05%,$721,$505,$216,$0,$0,$767,$-45,$-2,$-47,$-20,$-28,$-28,$-27,$31,$-45,$126,127,$-0.22,$-0.21,$251,$138,$29,$779,$353,$53,$141,$262,$911,$1690,$485,$286,$250,$537,$1022,$0,$645,$-4,$668,$1690,$39,$118,$41,$159,$-13,$2,$3,$5,$-11,$187,$-59,$0,$-6,$-16,$0,$-16,$-5,$-86,$-2,$0,$-2,$-20,$-20,$-46,$4,$-64,$38,$10,$-46
23,2012-11-30,9.81,$5.66,1.73,$22.32,0.44,$1.00,9.83,$0.62,15.82,$0.78B,$0.52B,1.49,$0.29B,$0.71B,0.41,$2.84B,$0.86B,30.17%,$2.84B,$0.12B,4.30%,$2.84B,$0.12B,4.30%,$2.84B,$0.18B,6.38%,$2.84B,$0.12B,4.34%,$2.84B,$0.08B,2.86%,$0.08B,$0.71B,11.69%,$0.08B,$0.51B,16.32%,$0.08B,$1.77B,4.76%,$0.12B,$1.00B,12.44%,$727,$501,$226,$0,$0,$689,$38,$-1,$37,$14,$24,$24,$24,$54,$38,$125,126,$0.19,$0.18,$213,$156,$50,$779,$354,$0,$200,$333,$988,$1767,$522,$287,$248,$535,$1058,$0,$694,$-7,$709,$1767,$66,$43,$38,$80,$-30,$0,$0,$13,$-17,$130,$-36,$0,$0,$2,$0,$2,$-16,$-50,$0,$0,$0,$-20,$-20,$-34,$-1,$-56,$24,$8,$-34
24,2012-08-31,8.1,$5.50,1.47,$22.14,0.37,$0.31,26.28,$0.61,13.28,$0.74B,$0.48B,1.52,$0.29B,$0.69B,0.42,$2.83B,$0.85B,30.05%,$2.83B,$0.12B,4.31%,$2.83B,$0.12B,4.31%,$2.83B,$0.18B,6.33%,$2.83B,$0.12B,4.28%,$2.83B,$0.08B,2.79%,$0.08B,$0.69B,11.47%,$0.08B,$0.49B,16.02%,$0.08B,$1.70B,4.66%,$0.12B,$0.98B,12.49%,$745,$517,$228,$0,$0,$698,$47,$-2,$45,$16,$30,$30,$29,$61,$47,$125,126,$0.23,$0.23,$155,$142,$49,$736,$342,$0,$198,$332,$964,$1699,$484,$288,$239,$527,$1011,$0,$681,$-14,$688,$1699,$43,$27,$26,$53,$-34,$0,$0,$-33,$-67,$29,$-12,$0,$0,$27,$0,$27,$-11,$5,$0,$0,$0,$-19,$-19,$-23,$0,$-42,$-9,$6,$-23
25,2012-05-31,7.25,$5.48,1.32,$21.56,0.34,$-0.07,0.0,$0.47,15.42,$0.68B,$0.45B,1.51,$0.29B,$0.69B,0.42,$2.79B,$0.82B,29.55%,$2.79B,$0.10B,3.59%,$2.79B,$0.10B,3.59%,$2.79B,$0.16B,5.64%,$2.79B,$0.09B,3.27%,$2.79B,$0.06B,2.23%,$0.06B,$0.69B,8.94%,$0.06B,$0.49B,12.46%,$0.06B,$1.66B,3.63%,$0.10B,$0.98B,10.18%,$675,$479,$196,$0,$0,$656,$19,$0,$20,$7,$13,$13,$13,$33,$19,$127,127,$0.10,$0.10,$133,$148,$44,$680,$339,$0,$193,$329,$983,$1663,$450,$288,$239,$527,$977,$0,$676,$-16,$687,$1663,$13,$14,$17,$30,$-33,$0,$0,$-48,$-80,$-37,$4,$0,$0,$27,$0,$27,$0,$31,$0,$0,$0,$-12,$-12,$-12,$-1,$-24,$-32,$5,$-12
26,2012-02-29,7.19,$5.43,1.32,$21.06,0.34,$-0.24,0.0,$0.43,16.71,$0.70B,$0.46B,1.52,$0.29B,$0.69B,0.42,$2.75B,$0.81B,29.47%,$2.75B,$0.10B,3.49%,$2.75B,$0.10B,3.49%,$2.75B,$0.15B,5.57%,$2.75B,$0.08B,3.02%,$2.75B,$0.06B,2.07%,$0.06B,$0.69B,8.14%,$0.06B,$0.49B,11.34%,$0.06B,$1.68B,3.19%,$0.10B,$0.98B,9.70%,$690,$485,$206,$0,$0,$672,$19,$2,$21,$6,$15,$15,$15,$33,$19,$130,130,$0.11,$0.11,$191,$140,$40,$702,$347,$48,$195,$276,$977,$1679,$462,$289,$242,$531,$992,$1,$652,$1,$687,$1679,$57,$56,$55,$112,$8,$-17,$-2,$-26,$-67,$102,$-53,$0,$-21,$270,$0,$270,$7,$203,$-256,$0,$-256,$-48,$-48,$-32,$1,$-334,$-30,$12,$-32
27,2011-11-30,6.37,$5.46,1.16,$20.49,0.31,$-0.07,0.0,$0.40,15.92,$0.75B,$0.51B,1.48,$0.29B,$0.69B,0.42,$2.68B,$0.79B,29.31%,$2.68B,$0.10B,3.65%,$2.68B,$0.10B,3.65%,$2.68B,$0.16B,5.78%,$2.68B,$0.08B,3.02%,$2.68B,$0.05B,1.94%,$0.05B,$0.69B,7.35%,$0.05B,$0.50B,10.19%,$0.05B,$1.73B,2.79%,$0.10B,$0.98B,9.82%,$719,$500,$220,$0,$0,$681,$38,$-4,$35,$12,$22,$22,$22,$52,$38,$129,129,$0.17,$0.17,$166,$154,$63,$751,$342,$0,$195,$319,$982,$1734,$508,$290,$245,$534,$1042,$8,$667,$-13,$692,$1734,$42,$42,$42,$84,$-47,$0,$0,$-30,$-78,$48,$-41,$0,$-21,$298,$0,$298,$10,$247,$-256,$0,$-256,$-41,$-41,$-24,$0,$-320,$-27,$10,$-24
28,2011-08-31,6.66,$5.43,1.23,$19.95,0.33,$0.18,37.85,$0.37,18.01,$0.74B,$0.51B,1.47,$0.29B,$0.71B,0.41,$2.64B,$0.77B,29.21%,$2.64B,$0.09B,3.30%,$2.64B,$0.09B,3.30%,$2.64B,$0.15B,5.58%,$2.64B,$0.07B,2.73%,$2.64B,$0.05B,1.82%,$0.05B,$0.71B,6.74%,$0.05B,$0.51B,9.35%,$0.05B,$1.75B,2.57%,$0.09B,$1.00B,9.24%,$701,$499,$201,$0,$0,$675,$25,$-10,$15,$3,$12,$12,$12,$39,$25,$131,131,$0.09,$0.09,$156,$138,$67,$743,$346,$0,$199,$323,$1005,$1747,$505,$290,$245,$535,$1040,$26,$653,$1,$707,$1747,$19,$28,$-3,$25,$-22,$0,$0,$-25,$-47,$-3,$-29,$0,$-19,$298,$0,$298,$8,$259,$-253,$0,$-253,$-23,$-23,$-16,$-1,$-294,$-38,$0,$-16
29,2011-05-31,8.7,$5.44,1.6,$19.12,0.45,$0.37,23.42,$0.30,29.0,$0.98B,$0.74B,1.33,$0.29B,$0.71B,0.41,$2.54B,$0.74B,29.19%,$2.54B,$0.07B,2.72%,$2.54B,$0.07B,2.72%,$2.54B,$0.13B,5.13%,$2.54B,$0.06B,2.49%,$2.54B,$0.04B,1.54%,$0.04B,$0.71B,5.53%,$0.04B,$0.52B,7.70%,$0.04B,$1.98B,2.11%,$0.07B,$1.01B,7.91%,$639,$456,$183,$0,$0,$624,$15,$-4,$12,$4,$8,$8,$8,$29,$15,$132,133,$0.06,$0.06,$399,$129,$78,$975,$349,$0,$199,$319,$1006,$1981,$735,$291,$242,$532,$1267,$37,$649,$2,$714,$1981,$8,$14,$21,$35,$-20,$0,$0,$-62,$-81,$-39,$-18,$0,$-18,$34,$0,$34,$4,$1,$0,$0,$0,$-12,$-12,$-8,$-4,$-23,$-60,$0,$-8
30,2011-02-28,7.73,$5.43,1.42,$18.38,0.42,$0.59,13.17,$0.16,48.32,$1.01B,$0.74B,1.37,$0.29B,$0.72B,0.41,$2.44B,$0.72B,29.49%,$2.44B,$0.05B,2.17%,$2.44B,$0.05B,2.17%,$2.44B,$0.12B,4.76%,$2.44B,$0.05B,2.09%,$2.44B,$0.02B,0.82%,$0.02B,$0.72B,2.88%,$0.02B,$0.52B,4.04%,$0.02B,$2.00B,1.14%,$0.05B,$1.01B,6.15%,$623,$441,$182,$0,$0,$603,$20,$-1,$19,$9,$10,$10,$10,$35,$20,$131,131,$0.07,$0.07,$493,$127,$46,$1012,$346,$45,$197,$265,$984,$1997,$737,$291,$250,$541,$1278,$49,$649,$1,$718,$1997,$20,$64,$14,$79,$-65,$-29,$34,$-9,$-27,$73,$-1,$0,$0,$-276,$0,$-276,$23,$-254,$243,$0,$243,$-11,$-11,$-22,$0,$211,$31,$7,$-22
31,2010-11-30,7.6,$5.34,1.42,$17.82,0.43,$-0.24,0.0,$-0.02,0.0,$0.73B,$0.75B,0.97,$0.04B,$0.71B,0.06,$2.37B,$0.69B,29.11%,$2.37B,$0.01B,0.55%,$2.37B,$0.01B,0.55%,$2.37B,$0.08B,3.34%,$2.37B,$0.01B,0.30%,$2.37B,$0.01B,0.42%,$0.01B,$0.71B,1.45%,$0.01B,$0.51B,2.05%,$0.01B,$1.75B,0.60%,$0.01B,$0.75B,1.52%,$673,$469,$204,$0,$0,$646,$27,$-1,$26,$8,$18,$18,$18,$44,$27,$133,134,$0.14,$0.14,$194,$128,$54,$726,$388,$0,$202,$297,$1024,$1750,$749,$42,$248,$290,$1039,$58,$644,$-5,$711,$1750,$10,$49,$25,$74,$-69,$0,$0,$43,$-26,$59,$-19,$0,$0,$-11,$0,$-11,$-4,$-33,$-2,$0,$-2,$-0,$-0,$-16,$1,$-18,$8,$0,$-16
32,2010-08-31,4.9,$5.11,0.96,$17.42,0.28,$-0.83,0.0,$-0.16,0.0,$0.65B,$0.69B,0.95,$0.04B,$0.68B,0.06,$2.31B,$0.66B,28.70%,$2.31B,$0.00B,0.04%,$2.31B,$0.00B,0.04%,$2.31B,$0.07B,2.99%,$2.31B,$-0.01B,-0.48%,$2.31B,$-0.01B,-0.35%,$-0.01B,$0.68B,-1.15%,$-0.01B,$0.48B,-1.63%,$-0.01B,$1.67B,-0.48%,$0.00B,$0.72B,0.11%,$600,$429,$171,$0,$0,$593,$7,$-0,$6,$3,$3,$3,$3,$22,$7,$133,133,$0.02,$0.02,$148,$113,$83,$653,$394,$0,$200,$292,$1014,$1667,$686,$43,$258,$301,$987,$58,$631,$-22,$680,$1667,$-8,$32,$31,$63,$-42,$0,$0,$-3,$-44,$11,$-17,$0,$0,$1,$0,$1,$-10,$-25,$-1,$0,$-1,$0,$0,$-11,$-0,$-12,$-27,$0,$-11
33,2010-05-31,6.58,$5.03,1.31,$17.26,0.38,$-1.41,0.0,$-0.18,0.0,$0.62B,$0.44B,1.43,$0.29B,$0.67B,0.44,$2.29B,$0.66B,28.72%,$2.29B,$-0.01B,-0.31%,$2.29B,$-0.01B,-0.31%,$2.29B,$0.06B,2.80%,$2.29B,$-0.02B,-0.96%,$2.29B,$-0.01B,-0.48%,$-0.01B,$0.67B,-1.55%,$-0.01B,$0.47B,-2.19%,$-0.01B,$1.63B,-0.65%,$-0.01B,$0.96B,-0.70%,$542,$380,$162,$0,$0,$543,$-1,$2,$0,$12,$-11,$-11,$-11,$15,$-1,$133,133,$-0.08,$-0.08,$140,$104,$67,$623,$400,$0,$199,$286,$1004,$1627,$435,$293,$231,$523,$959,$58,$634,$-34,$669,$1627,$-11,$17,$20,$37,$-38,$0,$0,$-7,$-45,$-19,$-9,$0,$0,$-1,$0,$-1,$-0,$-10,$0,$0,$0,$0,$0,$-5,$-1,$-7,$-37,$0,$-5
34,2010-02-28,5.13,$5.26,0.98,$17.28,0.3,$-1.71,0.0,$-0.10,0.0,$0.64B,$0.41B,1.54,$0.29B,$0.70B,0.42,$2.29B,$0.65B,28.40%,$2.29B,$-0.01B,-0.48%,$2.29B,$-0.01B,-0.48%,$2.29B,$0.06B,2.71%,$2.29B,$-0.03B,-1.31%,$2.29B,0,0.00%,$0.00B,$0.70B,0.00%,$0.00B,$0.49B,0.00%,$0.00B,$1.68B,0.00%,$-0.01B,$0.99B,-1.09%,$552,$400,$152,$0,$0,$572,$-20,$-5,$-25,$-12,$0,$0,$0,$-2,$-20,$132,132,$0.00,$0.00,$179,$98,$50,$636,$416,$24,$209,$248,$1042,$1677,$413,$293,$274,$567,$980,$57,$650,$-18,$698,$1677,$-14,$74,$-10,$64,$45,$34,$-17,$-87,$-62,$-11,$-26,$0,$0,$11,$0,$11,$5,$-10,$46,$0,$46,$-5,$-5,$-27,$-1,$13,$-7,$6,$-27
35,2009-11-30,4.23,$5.59,0.76,$17.96,0.24,$-1.24,0.0,$-0.49,0.0,$0.70B,$0.48B,1.46,$0.29B,$0.74B,0.4,$2.40B,$0.67B,27.81%,$2.40B,$-0.09B,-3.67%,$2.40B,$-0.09B,-3.67%,$2.40B,$0.05B,2.17%,$2.40B,$-0.10B,-4.30%,$2.40B,$-0.07B,-2.76%,$-0.07B,$0.74B,-8.98%,$-0.07B,$0.53B,-12.64%,$-0.07B,$1.75B,-3.86%,$-0.09B,$1.04B,-8.73%,$616,$439,$178,$0,$0,$601,$15,$-7,$8,$8,$0,$0,$0,$34,$15,$133,133,$0.00,$0.00,$184,$117,$124,$698,$440,$0,$214,$395,$1049,$1747,$479,$294,$231,$525,$1004,$55,$669,$10,$743,$1747,$0,$56,$-3,$53,$33,$0,$0,$-105,$-72,$-19,$-20,$0,$0,$11,$0,$11,$2,$-7,$47,$0,$47,$-4,$-4,$-22,$-2,$19,$-4,$0,$-22
36,2009-08-31,4.81,$5.50,0.87,$19.38,0.25,$-0.57,0.0,$-0.49,0.0,$0.66B,$0.44B,1.48,$0.30B,$0.73B,0.4,$2.59B,$0.71B,27.49%,$2.59B,$-0.09B,-3.40%,$2.59B,$-0.09B,-3.40%,$2.59B,$0.06B,2.12%,$2.59B,$-0.10B,-3.94%,$2.59B,$-0.07B,-2.55%,$-0.07B,$0.73B,-8.77%,$-0.07B,$0.52B,-12.61%,$-0.07B,$1.70B,-3.74%,$-0.09B,$1.03B,-8.68%,$578,$413,$165,$0,$0,$579,$-1,$-4,$-5,$-5,$0,$0,$0,$17,$-1,$133,133,$0.00,$0.00,$142,$124,$128,$658,$444,$0,$214,$385,$1042,$1700,$444,$295,$230,$525,$969,$55,$675,$-7,$731,$1700,$0,$37,$9,$45,$17,$0,$0,$-132,$-115,$-70,$-12,$0,$0,$12,$0,$12,$-0,$0,$47,$0,$47,$-4,$-4,$-16,$-1,$25,$-43,$0,$-16
37,2009-05-31,3.69,$5.52,0.67,$21.72,0.17,$-0.51,0.0,$-0.26,0.0,$0.62B,$0.43B,1.43,$0.25B,$0.73B,0.34,$2.91B,$0.82B,28.11%,$2.91B,$-0.04B,-1.41%,$2.91B,$-0.04B,-1.41%,$2.91B,$0.11B,3.67%,$2.91B,$-0.05B,-1.75%,$2.91B,$-0.04B,-1.20%,$-0.04B,$0.73B,-4.44%,$-0.04B,$0.52B,-6.47%,$-0.04B,$1.64B,-1.90%,$-0.04B,$0.99B,-3.95%,$546,$390,$156,$0,$0,$551,$-5,$-3,$-8,$-8,$0,$0,$0,$13,$-5,$133,133,$0.00,$0.00,$119,$126,$126,$615,$450,$0,$214,$363,$1027,$1642,$431,$251,$227,$477,$908,$56,$680,$-10,$734,$1642,$0,$19,$3,$21,$14,$0,$0,$-100,$-85,$-64,$-5,$0,$0,$4,$0,$4,$4,$4,$0,$0,$0,$-4,$-4,$-11,$-0,$-15,$-74,$0,$-11
38,2009-02-28,3.03,$5.48,0.55,$23.61,0.13,$-0.51,0.0,$-0.10,0.0,$0.75B,$0.52B,1.45,$0.25B,$0.73B,0.34,$3.18B,$0.92B,28.99%,$3.18B,$0.00B,0.03%,$3.18B,$0.00B,0.03%,$3.18B,$0.15B,4.81%,$3.18B,$-0.01B,-0.28%,$3.18B,$-0.01B,-0.41%,$-0.01B,$0.73B,-1.58%,$-0.01B,$0.52B,-2.30%,$-0.01B,$1.75B,-0.67%,$0.00B,$0.98B,0.09%,$655,$488,$167,$0,$0,$752,$-97,$-1,$-98,$-33,$-66,$-66,$-66,$-12,$-97,$134,134,$-0.48,$-0.48,$194,$130,$66,$751,$433,$0,$211,$246,$999,$1750,$520,$251,$247,$498,$1017,$60,$691,$-23,$733,$1750,$-12,$153,$59,$212,$70,$4,$-50,$-83,$-96,$104,$-78,$0,$18,$-15,$0,$-15,$15,$-61,$-3,$0,$-3,$-59,$-59,$-71,$0,$-132,$-96,$0,$-71
39,2008-11-30,4.78,$6.06,0.79,$25.03,0.19,$0.67,7.11,$0.61,7.84,$0.87B,$0.63B,1.37,$0.25B,$0.81B,0.31,$3.43B,$1.02B,29.62%,$3.43B,$0.15B,4.23%,$3.43B,$0.15B,4.23%,$3.43B,$0.23B,6.82%,$3.43B,$0.14B,3.94%,$3.43B,$0.08B,2.45%,$0.08B,$0.81B,9.66%,$0.08B,$0.53B,14.31%,$0.08B,$1.96B,4.13%,$0.15B,$1.06B,12.94%,$811,$587,$224,$0,$0,$796,$15,$-6,$9,$9,$0,$0,$0,$37,$15,$134,134,$0.00,$0.00,$220,$154,$125,$867,$465,$0,$278,$349,$1092,$1959,$632,$251,$265,$516,$1149,$60,$767,$-23,$811,$1959,$54,$68,$16,$83,$-20,$0,$0,$-5,$-26,$112,$-61,$0,$16,$-1,$0,$-1,$12,$-35,$0,$0,$0,$-59,$-59,$-61,$-0,$-120,$-51,$0,$-61
40,2008-08-31,8.1,$6.51,1.24,$25.22,0.32,$1.29,6.27,$0.83,9.76,$0.85B,$0.63B,1.35,$0.25B,$0.87B,0.29,$3.51B,$1.09B,31.07%,$3.51B,$0.18B,5.22%,$3.51B,$0.18B,5.22%,$3.51B,$0.30B,8.45%,$3.51B,$0.18B,5.08%,$3.51B,$0.12B,3.28%,$0.12B,$0.87B,11.91%,$0.12B,$0.59B,16.76%,$0.12B,$2.02B,5.34%,$0.18B,$1.13B,15.04%,$902,$630,$272,$0,$0,$856,$46,$0,$46,$15,$31,$31,$31,$69,$46,$135,135,$0.23,$0.23,$129,$159,$126,$845,$483,$0,$286,$407,$1176,$2020,$625,$251,$270,$521,$1146,$66,$787,$15,$874,$2020,$54,$45,$14,$59,$0,$0,$0,$-147,$-147,$-34,$-41,$0,$16,$-1,$0,$-1,$10,$-16,$0,$0,$0,$-54,$-54,$-41,$3,$-91,$-143,$0,$-41
41,2008-05-31,9.05,$6.53,1.39,$24.24,0.37,$2.17,4.18,$0.86,10.52,$0.84B,$0.65B,1.3,$0.25B,$0.88B,0.29,$3.43B,$1.10B,31.94%,$3.43B,$0.19B,5.60%,$3.43B,$0.19B,5.60%,$3.43B,$0.31B,8.90%,$3.43B,$0.19B,5.66%,$3.43B,$0.12B,3.56%,$0.12B,$0.88B,11.70%,$0.12B,$0.62B,15.93%,$0.12B,$2.04B,5.47%,$0.19B,$1.13B,14.84%,$816,$556,$260,$0,$0,$779,$37,$-3,$34,$12,$22,$22,$22,$59,$37,$136,136,$0.16,$0.16,$143,$170,$134,$844,$488,$0,$265,$445,$1198,$2041,$647,$252,$260,$512,$1160,$72,$776,$28,$882,$2041,$22,$22,$13,$35,$0,$0,$0,$-114,$-114,$-57,$-15,$0,$0,$5,$0,$5,$4,$-6,$0,$0,$0,$-46,$-46,$-20,$3,$-63,$-125,$0,$-20
42,2008-02-29,10.05,$6.57,1.53,$23.77,0.42,$2.40,4.19,$0.93,10.8,$0.94B,$0.68B,1.37,$0.25B,$0.91B,0.28,$3.42B,$1.10B,32.13%,$3.42B,$0.20B,5.93%,$3.42B,$0.20B,5.93%,$3.42B,$0.32B,9.24%,$3.42B,$0.21B,6.17%,$3.42B,$0.13B,3.92%,$0.13B,$0.91B,11.92%,$0.13B,$0.61B,15.89%,$0.13B,$2.12B,5.82%,$0.20B,$1.16B,14.77%,$901,$641,$260,$0,$0,$854,$47,$-1,$46,$16,$31,$31,$31,$69,$47,$143,143,$0.22,$0.22,$264,$147,$75,$935,$478,$0,$301,$284,$1190,$2124,$683,$251,$280,$531,$1214,$115,$774,$17,$911,$2124,$133,$114,$9,$123,$-20,$8,$-1,$22,$-6,$250,$-52,$0,$-14,$-42,$0,$-42,$17,$-91,$1,$0,$1,$-154,$-154,$-334,$2,$-484,$-313,$0,$-334
43,2007-11-30,9.58,$8.44,1.13,$22.67,0.42,$2.63,3.64,$0.91,10.53,$1.27B,$0.69B,1.85,$0.25B,$1.19B,0.21,$3.30B,$1.05B,31.78%,$3.30B,$0.16B,4.82%,$3.30B,$0.16B,4.82%,$3.30B,$0.28B,8.61%,$3.30B,$0.17B,5.09%,$3.30B,$0.13B,4.00%,$0.13B,$1.19B,10.95%,$0.13B,$0.93B,14.18%,$0.13B,$2.43B,5.57%,$0.16B,$1.45B,10.92%,$886,$589,$297,$0,$0,$833,$53,$-1,$52,$21,$31,$31,$31,$99,$53,$141,142,$0.22,$0.22,$544,$162,$126,$1269,$482,$0,$265,$414,$1162,$2431,$687,$251,$299,$550,$1237,$162,$1006,$22,$1194,$2431,$103,$91,$9,$101,$0,$0,$0,$-35,$-35,$168,$-27,$0,$-8,$-43,$0,$-43,$12,$-65,$0,$0,$0,$-114,$-114,$-65,$4,$-174,$-60,$0,$-65
44,2007-08-31,11.08,$8.33,1.33,$21.80,0.51,$2.75,4.03,$0.91,12.17,$1.17B,$0.62B,1.91,$0.25B,$1.19B,0.21,$3.21B,$1.00B,31.05%,$3.21B,$0.15B,4.57%,$3.21B,$0.15B,4.57%,$3.21B,$0.25B,7.81%,$3.21B,$0.17B,5.13%,$3.21B,$0.13B,4.17%,$0.13B,$1.19B,11.02%,$0.13B,$0.91B,14.34%,$0.13B,$2.33B,5.66%,$0.15B,$1.44B,10.03%,$825,$547,$278,$0,$0,$770,$55,$7,$62,$24,$38,$38,$38,$78,$55,$143,144,$0.26,$0.26,$479,$159,$145,$1174,$472,$0,$276,$409,$1157,$2330,$615,$250,$281,$531,$1145,$173,$998,$9,$1185,$2330,$71,$45,$6,$51,$0,$0,$0,$-59,$-59,$62,$-16,$0,$-3,$-36,$0,$-36,$9,$-46,$0,$0,$0,$-99,$-99,$-44,$4,$-139,$-117,$0,$-44
45,2007-05-31,12.1,$8.35,1.45,$21.35,0.57,$2.87,4.22,$0.83,14.58,$1.16B,$0.59B,1.96,$0.25B,$1.21B,0.21,$3.18B,$0.96B,30.32%,$3.18B,$0.13B,4.22%,$3.18B,$0.13B,4.22%,$3.18B,$0.24B,7.58%,$3.18B,$0.15B,4.62%,$3.18B,$0.12B,3.87%,$0.12B,$1.21B,10.03%,$0.12B,$0.93B,13.04%,$0.12B,$2.32B,5.04%,$0.13B,$1.46B,9.08%,$809,$545,$264,$0,$0,$760,$48,$3,$51,$18,$34,$34,$34,$70,$48,$146,147,$0.23,$0.23,$450,$150,$164,$1156,$473,$0,$279,$409,$1162,$2317,$591,$250,$271,$521,$1112,$209,$985,$8,$1206,$2317,$34,$22,$8,$30,$0,$0,$0,$-108,$-108,$-45,$2,$0,$0,$-23,$0,$-23,$8,$-14,$0,$0,$0,$-60,$-60,$-22,$3,$-79,$-134,$0,$-22
46,2007-02-28,12.01,$8.43,1.42,$20.66,0.58,$2.91,4.12,$0.72,16.68,$1.23B,$0.64B,1.91,$0.25B,$1.24B,0.2,$3.10B,$0.92B,29.71%,$3.10B,$0.11B,3.68%,$3.10B,$0.11B,3.68%,$3.10B,$0.23B,7.30%,$3.10B,$0.13B,4.04%,$3.10B,$0.11B,3.45%,$0.11B,$1.24B,8.67%,$0.11B,$0.96B,11.27%,$0.11B,$2.40B,4.38%,$0.11B,$1.49B,8.02%,$778,$569,$209,$0,$0,$776,$3,$-0,$3,$-27,$29,$29,$29,$37,$3,$149,150,$0.20,$0.19,$560,$144,$112,$1230,$477,$4,$278,$259,$1170,$2399,$644,$250,$267,$517,$1162,$259,$974,$-1,$1238,$2399,$107,$112,$26,$138,$24,$5,$23,$-35,$36,$281,$-39,$0,$-10,$-33,$0,$-33,$30,$-52,$-10,$0,$-10,$-54,$-54,$-67,$4,$-127,$103,$0,$-67
47,2006-11-30,10.87,$8.31,1.31,$20.43,0.53,$2.26,4.8,$0.60,18.11,$1.23B,$0.63B,1.94,$0.25B,$1.23B,0.2,$3.06B,$0.92B,30.09%,$3.06B,$0.12B,3.92%,$3.06B,$0.12B,3.92%,$3.06B,$0.23B,7.42%,$3.06B,$0.14B,4.41%,$3.06B,$0.09B,2.84%,$0.09B,$1.23B,7.10%,$0.09B,$0.94B,9.26%,$0.09B,$2.42B,3.58%,$0.12B,$1.48B,8.88%,$802,$555,$247,$0,$0,$762,$41,$9,$49,$17,$33,$33,$33,$66,$41,$148,149,$0.22,$0.22,$525,$160,$87,$1227,$477,$0,$292,$265,$1196,$2423,$634,$250,$306,$556,$1190,$290,$964,$-26,$1234,$2423,$78,$78,$27,$105,$0,$0,$0,$10,$10,$192,$-26,$0,$-14,$0,$0,$0,$20,$-20,$-9,$0,$-9,$-21,$-21,$-48,$2,$-75,$101,$0,$-48
