,Date,Stock Price,Book Value per Share,Price to Book Ratio,TTM Sales per Share,Price to Sales Ratio,TTM FCF per Share,Price to FCF Ratio,TTM Net EPS,PE Ratio,Current Assets,Current Liabilities,Current Ratio,Long Term Debt,Shareholder's Equity_x,Debt to Equity Ratio,TTM Revenue_x,TTM Gross Profit,Gross Margin,TTM Revenue_y,TTM Operating Income,Operating Margin,TTM Revenue_x,TTM EBIT,EBIT Margin,TTM Revenue_y,TTM EBITDA,EBITDA Margin,TTM Revenue_x,TTM Pre-Tax Income,Pre-Tax Margin,TTM Revenue_y,TTM Net Income_x,Net Margin,TTM Net Income_y,Shareholder's Equity_y,Return on Equity,TTM Net Income_x,Tangible Equity,Return on Tangible Equity,TTM Net Income_y,Total Assets,Return on Assets,TTM Net Income,LT Investments & Debt,Return on Investment,revenue,cost-goods-sold,gross-profit,research-development-expenses,selling-general-administrative-expenses,operating-expenses,operating-income,total-non-operating-income-expense,pre-tax-income,total-provision-income-taxes,income-after-taxes,income-from-continuous-operations,net-income,ebitda,ebit,basic-shares-outstanding,shares-outstanding,eps-basic-net-earnings-per-share,eps-earnings-per-share-diluted,cash-on-hand,inventory,other-current-assets,total-current-assets,net-property-plant-equipment,long-term-investments,goodwill-intangible-assets-total,other-long-term-assets,total-long-term-assets,total-assets,total-current-liabilities,long-term-debt,other-non-current-liabilities,total-long-term-liabilities,total-liabilities,common-stock-net,retained-earnings-accumulated-deficit,comprehensive-income,total-share-holder-equity,total-liabilities-share-holders-equity,net-income-loss,total-depreciation-amortization-cash-flow,other-non-cash-items,total-non-cash-items,change-in-accounts-receivable,change-in-inventories,change-in-accounts-payable,change-in-assets-liabilities,total-change-in-assets-liabilities,cash-flow-from-operating-activities,net-change-in-property-plant-equipment,net-change-in-intangible-assets,net-acquisitions-divestitures,net-change-in-short-term-investments,net-change-in-long-term-investments,net-change-in-investments-total,investing-activities-other,cash-flow-from-investing-activities,net-long-term-debt,net-current-debt,debt-issuance-retirement-net-total,net-common-equity-issued-repurchased,net-total-equity-issued-repurchased,total-common-preferred-stock-dividends-paid,financial-activities-other,cash-flow-from-financial-activities,net-cash-flow,stock-based-compensation,common-stock-dividends-paid
0,2018-09-30,6.0,$12.36,0.49,$30.76,0.2,$-0.53,0.0,$-1.22,0.0,$0.11B,$0.03B,4.48,$0.02B,$0.09B,0.19,$0.22B,$0.07B,31.80%,$0.22B,$0.01B,2.30%,$0.22B,$0.01B,2.30%,$0.22B,$0.01B,5.53%,$0.22B,$0.01B,2.30%,$0.22B,$-0.00B,-1.38%,$-0.00B,$0.09B,-3.46%,$-0.00B,$0.07B,-4.12%,$-0.00B,$0.18B,-1.62%,$0.01B,$0.10B,4.95%,$52,$35,$17,$0,$16,$51,$1,$0,$1,$0,$1,$1,$1,$3,$1,$7,7,$0.08,$0.08,$14,$58,$0,$111,$35,$0,$14,$2,$68,$178,$25,$17,$4,$67,$91,$7,$75,$-51,$87,$178,$1,$2,$0,$2,$2,$-1,$0,$-2,$-2,$1,$-1,$-0,$0,$0,$0,$0,$0,$-1,$-1,$0,$-1,$-0,$-0,$0,$0,$-1,$-1,$0,$0
1,2018-06-30,6.4,$12.51,0.51,$30.78,0.21,$-0.65,0.0,$-1.16,0.0,$0.11B,$0.03B,4.32,$0.02B,$0.09B,0.2,$0.22B,$0.07B,31.80%,$0.22B,$0.00B,1.84%,$0.22B,$0.00B,1.84%,$0.22B,$0.01B,5.07%,$0.22B,$0.01B,2.30%,$0.22B,$-0.00B,-1.84%,$-0.00B,$0.09B,-4.52%,$-0.00B,$0.07B,-5.39%,$-0.00B,$0.18B,-2.11%,$0.00B,$0.11B,4.01%,$58,$39,$18,$0,$17,$56,$2,$-1,$1,$-0,$1,$1,$1,$3,$2,$7,7,$0.12,$0.12,$15,$58,$0,$113,$37,$0,$14,$2,$69,$182,$26,$17,$4,$68,$94,$7,$74,$-49,$88,$182,$-4,$8,$8,$15,$-4,$-3,$0,$0,$-7,$4,$-4,$-1,$0,$0,$0,$0,$0,$-6,$3,$0,$3,$-0,$-0,$-1,$0,$2,$0,$0,$-1
2,2018-03-31,6.75,$12.41,0.54,$30.24,0.22,$-0.38,0.0,$-0.65,0.0,$0.12B,$0.03B,4.54,$0.02B,$0.09B,0.2,$0.21B,$0.07B,31.92%,$0.21B,$0.00B,0.94%,$0.21B,$0.00B,0.94%,$0.21B,$0.01B,4.69%,$0.21B,$0.00B,1.88%,$0.21B,$-0.01B,-2.35%,$-0.01B,$0.09B,-5.59%,$-0.01B,$0.07B,-6.67%,$-0.01B,$0.19B,-2.60%,$0.00B,$0.11B,2.04%,$55,$37,$18,$0,$16,$53,$2,$0,$2,$1,$2,$2,$2,$4,$2,$7,7,$0.23,$0.23,$15,$64,$0,$118,$39,$0,$14,$2,$73,$192,$26,$18,$5,$79,$105,$7,$74,$-49,$87,$192,$-4,$6,$8,$14,$-0,$-5,$0,$-3,$-8,$2,$-3,$-1,$0,$0,$0,$0,$0,$-4,$5,$0,$5,$-0,$-0,$-1,$0,$3,$1,$0,$-1
3,2017-12-31,8.6,$12.12,0.71,$29.62,0.29,$0.26,33.4,$-0.99,0.0,$0.12B,$0.04B,3.13,$0.01B,$0.09B,0.06,$0.21B,$0.06B,30.62%,$0.21B,$-0.00B,-0.48%,$0.21B,$-0.00B,-0.48%,$0.21B,$0.01B,3.35%,$0.21B,$0.00B,0.48%,$0.21B,$-0.01B,-3.83%,$-0.01B,$0.09B,-8.70%,$-0.01B,$0.07B,-10.32%,$-0.01B,$0.19B,-4.16%,$-0.00B,$0.09B,-1.00%,$52,$36,$16,$0,$15,$52,$0,$1,$1,$8,$-7,$-7,$-7,$2,$0,$7,7,$-0.93,$-0.93,$15,$62,$0,$115,$39,$0,$14,$3,$75,$190,$37,$5,$6,$68,$105,$7,$72,$-49,$85,$190,$-6,$4,$8,$12,$2,$-3,$0,$-3,$-5,$1,$-3,$-1,$0,$0,$0,$0,$0,$-3,$5,$0,$5,$-0,$-0,$-1,$0,$3,$1,$0,$-1
4,2017-09-30,8.8,$13.39,0.66,$29.71,0.3,$0.53,16.57,$0.09,97.76,$0.11B,$0.03B,3.48,$0.01B,$0.09B,0.06,$0.21B,$0.07B,30.95%,$0.21B,$0.00B,0.48%,$0.21B,$0.00B,0.48%,$0.21B,$0.01B,4.29%,$0.21B,$0.00B,0.95%,$0.21B,0,0.00%,$0.00B,$0.09B,0.00%,$0.00B,$0.08B,0.00%,$0.00B,$0.20B,0.00%,$0.00B,$0.10B,0.95%,$52,$35,$17,$0,$16,$51,$0,$0,$1,$0,$0,$0,$0,$2,$0,$7,7,$0.06,$0.06,$12,$62,$0,$112,$40,$0,$15,$3,$83,$195,$32,$6,$5,$69,$102,$7,$79,$-48,$94,$195,$0,$2,$0,$2,$2,$-3,$0,$-2,$-2,$1,$-2,$-0,$0,$0,$0,$0,$0,$-2,$-0,$0,$-0,$-0,$-0,$-1,$0,$-2,$-2,$0,$-1
5,2017-06-30,8.4,$13.09,0.64,$29.30,0.29,$1.04,8.08,$0.14,60.01,$0.11B,$0.03B,3.58,$0.01B,$0.09B,0.07,$0.21B,$0.06B,29.95%,$0.21B,$-0.00B,-0.48%,$0.21B,$-0.00B,-0.48%,$0.21B,$0.01B,3.38%,$0.21B,$0.00B,0.97%,$0.21B,$0.00B,0.48%,$0.00B,$0.09B,1.06%,$0.00B,$0.08B,1.21%,$0.00B,$0.19B,0.52%,$-0.00B,$0.10B,-0.93%,$54,$38,$17,$0,$16,$54,$-0,$-0,$-0,$-0,$-0,$-0,$-0,$2,$-0,$7,7,$-0.01,$-0.01,$15,$58,$0,$110,$39,$0,$15,$3,$83,$193,$31,$6,$5,$70,$101,$7,$79,$-50,$92,$193,$1,$7,$-2,$5,$4,$-2,$0,$-4,$-3,$3,$-1,$-1,$-1,$0,$0,$0,$0,$-4,$-1,$0,$-1,$-0,$-0,$-3,$0,$-4,$-5,$0,$-3
6,2017-03-31,10.14,$13.74,0.74,$29.42,0.34,$1.78,5.68,$-1.99,0.0,$0.11B,$0.02B,5.73,$0.02B,$0.10B,0.16,$0.21B,$0.05B,21.63%,$0.21B,$-0.02B,-11.54%,$0.21B,$-0.02B,-11.54%,$0.21B,$-0.02B,-7.69%,$0.21B,$-0.02B,-10.10%,$0.21B,$-0.01B,-6.73%,$-0.01B,$0.10B,-14.85%,$-0.01B,$0.08B,-16.72%,$-0.01B,$0.19B,-7.13%,$-0.02B,$0.11B,-21.67%,$51,$36,$14,$0,$15,$52,$-1,$-0,$-1,$-0,$-1,$-1,$-1,$1,$-1,$7,7,$-0.11,$-0.11,$17,$58,$0,$111,$40,$0,$14,$3,$81,$191,$19,$16,$5,$75,$94,$7,$80,$-46,$97,$191,$1,$5,$0,$5,$6,$-2,$0,$-7,$-3,$3,$-0,$-1,$-1,$0,$0,$0,$0,$-2,$-1,$0,$-1,$0,$0,$-2,$0,$-3,$-3,$0,$-2
7,2016-12-31,8.9,$13.75,0.65,$29.40,0.3,$2.46,3.62,$-1.80,0.0,$0.11B,$0.02B,5.88,$0.02B,$0.10B,0.17,$0.21B,$0.05B,22.22%,$0.21B,$-0.02B,-10.63%,$0.21B,$-0.02B,-10.63%,$0.21B,$-0.01B,-6.76%,$0.21B,$-0.02B,-9.18%,$0.21B,$-0.01B,-5.80%,$-0.01B,$0.10B,-12.40%,$-0.01B,$0.09B,-13.75%,$-0.01B,$0.19B,-6.06%,$-0.02B,$0.11B,-19.38%,$53,$36,$17,$0,$15,$51,$2,$-0,$2,$0,$1,$1,$1,$4,$2,$7,7,$0.15,$0.15,$17,$58,$0,$114,$40,$0,$9,$5,$79,$193,$19,$16,$5,$76,$96,$7,$82,$-47,$97,$193,$2,$3,$0,$4,$2,$-3,$0,$-5,$-6,$-1,$1,$-0,$0,$0,$0,$0,$0,$1,$-1,$0,$-1,$0,$0,$-1,$0,$-2,$-3,$0,$-1
8,2016-09-30,9.3,$12.91,0.72,$29.50,0.32,$2.84,3.28,$-1.88,0.0,$0.12B,$0.02B,5.73,$0.02B,$0.09B,0.18,$0.21B,$0.05B,21.63%,$0.21B,$-0.02B,-11.06%,$0.21B,$-0.02B,-11.06%,$0.21B,$-0.02B,-7.21%,$0.21B,$-0.02B,-9.62%,$0.21B,$-0.01B,-6.25%,$-0.01B,$0.09B,-13.20%,$-0.01B,$0.08B,-14.65%,$-0.01B,$0.20B,-6.55%,$-0.02B,$0.11B,-19.87%,$49,$35,$14,$0,$15,$51,$-2,$3,$1,$1,$1,$1,$1,$-0,$-2,$7,7,$0.11,$0.11,$21,$59,$0,$115,$40,$0,$9,$5,$83,$199,$20,$17,$4,$88,$108,$7,$81,$-53,$91,$199,$1,$2,$-1,$1,$7,$-3,$0,$-4,$-1,$0,$2,$-0,$0,$0,$0,$0,$0,$2,$-0,$0,$-0,$0,$0,$-1,$0,$-1,$2,$0,$-1
9,2016-06-30,11.17,$13.03,0.86,$29.84,0.37,$2.83,3.95,$-2.02,0.0,$0.12B,$0.02B,5.54,$0.02B,$0.09B,0.19,$0.21B,$0.05B,22.38%,$0.21B,$-0.02B,-10.00%,$0.21B,$-0.02B,-10.00%,$0.21B,$-0.01B,-6.19%,$0.21B,$-0.02B,-10.00%,$0.21B,$-0.01B,-6.67%,$-0.01B,$0.09B,-13.76%,$-0.01B,$0.08B,-15.26%,$-0.01B,$0.20B,-7.06%,$-0.02B,$0.11B,-17.57%,$55,$54,$0,$0,$19,$77,$-23,$-0,$-23,$-8,$-15,$-15,$-15,$-21,$-23,$7,7,$-2.14,$-2.13,$20,$56,$0,$121,$41,$0,$10,$5,$81,$202,$22,$17,$4,$88,$110,$7,$81,$-52,$92,$202,$-14,$7,$-3,$4,$3,$4,$0,$18,$24,$14,$-7,$-1,$0,$8,$0,$8,$0,$-1,$-1,$0,$-1,$-0,$-0,$-3,$0,$-4,$9,$0,$-3
10,2016-03-31,9.63,$15.20,0.63,$30.80,0.31,$2.10,4.58,$0.56,17.2,$0.12B,$0.02B,5.71,$0.02B,$0.11B,0.16,$0.22B,$0.06B,29.63%,$0.22B,$0.00B,1.39%,$0.22B,$0.00B,1.39%,$0.22B,$0.01B,5.09%,$0.22B,$0.00B,0.93%,$0.22B,0,0.00%,$0.00B,$0.11B,0.00%,$0.00B,$0.10B,0.00%,$0.00B,$0.20B,0.00%,$0.00B,$0.12B,2.39%,$50,$36,$15,$0,$14,$49,$1,$0,$1,$1,$1,$1,$1,$3,$1,$7,7,$0.09,$0.08,$22,$58,$0,$122,$43,$0,$10,$5,$76,$198,$21,$18,$5,$70,$91,$7,$97,$-52,$107,$198,$1,$5,$3,$9,$5,$1,$0,$-4,$2,$12,$-4,$-1,$0,$0,$8,$8,$0,$3,$-1,$0,$-1,$-0,$-0,$-2,$0,$-3,$11,$0,$-2
11,2015-12-31,8.96,$14.78,0.61,$31.61,0.28,$1.42,6.31,$0.83,10.79,$0.12B,$0.02B,6.21,$0.02B,$0.10B,0.17,$0.22B,$0.07B,30.63%,$0.22B,$0.01B,2.25%,$0.22B,$0.01B,2.25%,$0.22B,$0.01B,5.86%,$0.22B,$0.01B,2.25%,$0.22B,$0.00B,0.45%,$0.00B,$0.10B,0.90%,$0.00B,$0.09B,1.00%,$0.00B,$0.20B,0.49%,$0.01B,$0.12B,3.87%,$54,$38,$16,$0,$15,$52,$1,$-0,$1,$1,$0,$0,$0,$3,$1,$7,7,$0.07,$0.07,$18,$58,$0,$118,$43,$0,$10,$5,$77,$195,$19,$18,$5,$72,$91,$7,$97,$-55,$104,$195,$0,$4,$2,$6,$5,$-1,$0,$-4,$0,$6,$-4,$-0,$0,$0,$8,$8,$0,$4,$-1,$0,$-1,$-0,$-0,$-1,$0,$-2,$7,$0,$-1
12,2015-09-30,11.01,$14.80,0.74,$33.09,0.33,$1.49,7.38,$1.11,9.92,$0.12B,$0.02B,6.06,$0.02B,$0.10B,0.18,$0.23B,$0.07B,31.90%,$0.23B,$0.01B,3.45%,$0.23B,$0.01B,3.45%,$0.23B,$0.02B,6.90%,$0.23B,$0.01B,3.45%,$0.23B,$0.00B,1.29%,$0.00B,$0.10B,2.58%,$0.00B,$0.09B,2.83%,$0.00B,$0.20B,1.44%,$0.01B,$0.12B,6.02%,$51,$35,$16,$0,$16,$51,$0,$0,$0,$1,$-0,$-0,$-0,$2,$0,$7,7,$-0.03,$-0.03,$21,$60,$0,$121,$43,$0,$10,$5,$77,$198,$20,$19,$5,$74,$94,$7,$97,$-55,$104,$198,$-0,$2,$1,$3,$7,$-2,$0,$-3,$2,$5,$-2,$-0,$0,$0,$0,$0,$0,$-2,$0,$0,$0,$-0,$-0,$-1,$0,$-1,$2,$0,$-1
13,2015-06-30,13.56,$16.32,0.83,$34.41,0.39,$1.57,8.65,$1.27,10.68,$0.13B,$0.02B,5.65,$0.02B,$0.11B,0.16,$0.24B,$0.08B,31.95%,$0.24B,$0.01B,3.73%,$0.24B,$0.01B,3.73%,$0.24B,$0.02B,7.05%,$0.24B,$0.01B,4.15%,$0.24B,$0.00B,1.66%,$0.00B,$0.11B,3.26%,$0.00B,$0.10B,3.56%,$0.00B,$0.21B,1.87%,$0.01B,$0.13B,6.56%,$61,$45,$17,$0,$16,$61,$1,$-0,$0,$1,$-1,$-1,$-1,$3,$1,$7,7,$-0.08,$-0.08,$19,$63,$0,$133,$44,$0,$10,$5,$79,$212,$24,$19,$5,$74,$98,$7,$98,$-46,$114,$212,$5,$9,$4,$12,$-3,$-6,$0,$-2,$-11,$7,$-5,$-1,$0,$0,$0,$0,$0,$-6,$-1,$0,$-1,$0,$0,$-3,$0,$-4,$-5,$0,$-3
14,2015-03-31,17.07,$17.14,1.0,$35.66,0.48,$1.79,9.52,$1.27,13.44,$0.13B,$0.02B,5.69,$0.02B,$0.12B,0.16,$0.25B,$0.08B,33.60%,$0.25B,$0.01B,5.60%,$0.25B,$0.01B,5.60%,$0.25B,$0.02B,8.80%,$0.25B,$0.02B,6.40%,$0.25B,$0.01B,3.20%,$0.01B,$0.12B,6.24%,$0.01B,$0.11B,6.79%,$0.01B,$0.21B,3.65%,$0.01B,$0.14B,9.95%,$56,$37,$19,$0,$16,$53,$3,$0,$4,$1,$2,$2,$2,$5,$3,$7,7,$0.35,$0.35,$21,$66,$0,$131,$45,$0,$10,$6,$76,$207,$23,$20,$5,$65,$88,$7,$99,$-41,$120,$207,$6,$7,$4,$11,$6,$-11,$0,$-5,$-10,$7,$-4,$0,$0,$0,$-0,$-0,$0,$-4,$-1,$1,$-0,$0,$0,$-2,$0,$-2,$-3,$0,$-2
15,2014-12-31,17.82,$18.16,0.98,$36.03,0.49,$1.65,10.77,$1.16,15.36,$0.14B,$0.03B,4.38,$0.01B,$0.13B,0.08,$0.25B,$0.08B,33.33%,$0.25B,$0.01B,5.56%,$0.25B,$0.01B,5.56%,$0.25B,$0.02B,8.73%,$0.25B,$0.02B,5.95%,$0.25B,$0.01B,3.17%,$0.01B,$0.13B,6.11%,$0.01B,$0.12B,6.65%,$0.01B,$0.22B,3.55%,$0.01B,$0.14B,9.74%,$64,$42,$22,$0,$18,$60,$4,$1,$4,$2,$2,$2,$2,$6,$4,$7,7,$0.35,$0.35,$24,$66,$0,$137,$47,$0,$10,$6,$80,$216,$31,$10,$4,$58,$89,$7,$98,$-32,$127,$216,$3,$5,$3,$8,$6,$-6,$0,$-5,$-5,$6,$-3,$0,$0,$0,$-0,$-0,$0,$-3,$-1,$1,$0,$0,$0,$-1,$0,$-1,$-0,$0,$-1
16,2014-09-30,12.29,$18.62,0.66,$35.80,0.34,$1.41,8.7,$1.07,11.49,$0.14B,$0.03B,4.1,$0.01B,$0.13B,0.08,$0.25B,$0.08B,32.80%,$0.25B,$0.01B,4.80%,$0.25B,$0.01B,4.80%,$0.25B,$0.02B,8.40%,$0.25B,$0.01B,5.60%,$0.25B,$0.01B,3.20%,$0.01B,$0.13B,6.10%,$0.01B,$0.12B,6.64%,$0.01B,$0.22B,3.50%,$0.01B,$0.14B,8.18%,$60,$41,$19,$0,$18,$59,$1,$1,$2,$1,$1,$1,$1,$3,$1,$7,7,$0.13,$0.13,$27,$66,$0,$141,$49,$0,$11,$6,$82,$222,$34,$10,$3,$58,$93,$7,$96,$-27,$130,$222,$1,$2,$1,$4,$6,$-3,$0,$-2,$0,$5,$-2,$0,$0,$0,$-0,$-0,$0,$-2,$-0,$1,$1,$0,$0,$-1,$0,$-0,$2,$0,$-1
17,2014-06-30,13.57,$19.59,0.69,$35.50,0.38,$1.48,9.19,$0.97,13.99,$0.15B,$0.04B,4.12,$0.01B,$0.14B,0.08,$0.25B,$0.08B,32.79%,$0.25B,$0.01B,4.86%,$0.25B,$0.01B,4.86%,$0.25B,$0.02B,8.50%,$0.25B,$0.01B,5.26%,$0.25B,$0.01B,2.83%,$0.01B,$0.14B,5.35%,$0.01B,$0.13B,5.83%,$0.01B,$0.23B,3.03%,$0.01B,$0.15B,8.03%,$70,$46,$24,$0,$18,$64,$6,$-0,$6,$3,$3,$3,$3,$8,$6,$7,7,$0.44,$0.44,$25,$66,$0,$147,$52,$0,$11,$6,$85,$231,$36,$11,$3,$59,$95,$7,$96,$-20,$136,$231,$7,$9,$2,$12,$-4,$-8,$0,$5,$-7,$11,$-8,$0,$0,$0,$-0,$-0,$0,$-8,$-4,$-0,$-4,$1,$1,$-3,$0,$-7,$-4,$0,$-3
18,2014-03-31,13.97,$18.80,0.74,$35.38,0.39,$2.90,4.81,$0.71,19.67,$0.14B,$0.02B,5.64,$0.02B,$0.13B,0.16,$0.24B,$0.08B,31.15%,$0.24B,$0.01B,2.87%,$0.24B,$0.01B,2.87%,$0.24B,$0.02B,6.56%,$0.24B,$0.01B,3.69%,$0.24B,$0.01B,2.05%,$0.01B,$0.13B,3.89%,$0.01B,$0.12B,4.26%,$0.01B,$0.23B,2.16%,$0.01B,$0.15B,4.65%,$58,$39,$19,$0,$16,$55,$3,$-0,$3,$1,$2,$2,$2,$5,$3,$7,7,$0.24,$0.24,$25,$66,$0,$137,$51,$0,$11,$6,$96,$233,$24,$21,$10,$78,$102,$7,$93,$-24,$131,$233,$4,$7,$1,$8,$4,$-9,$0,$1,$-4,$8,$-6,$0,$0,$0,$-0,$-0,$0,$-6,$-4,$0,$-4,$0,$0,$-2,$0,$-5,$-4,$0,$-2
19,2013-12-31,12.7,$18.40,0.69,$35.86,0.35,$3.09,4.1,$0.25,50.79,$0.13B,$0.02B,5.78,$0.02B,$0.13B,0.17,$0.25B,$0.07B,29.67%,$0.25B,$0.00B,0.81%,$0.25B,$0.00B,0.81%,$0.25B,$0.01B,4.88%,$0.25B,$0.01B,2.03%,$0.25B,$0.00B,0.81%,$0.00B,$0.13B,1.58%,$0.00B,$0.12B,1.73%,$0.00B,$0.23B,0.86%,$0.00B,$0.15B,1.33%,$62,$41,$20,$0,$18,$59,$2,$1,$3,$1,$2,$2,$2,$5,$2,$7,7,$0.26,$0.26,$25,$60,$0,$132,$51,$0,$11,$6,$96,$229,$23,$21,$10,$78,$101,$7,$92,$-25,$128,$229,$2,$5,$0,$5,$3,$-4,$0,$-0,$-1,$6,$-4,$0,$0,$0,$-0,$-0,$0,$-4,$-3,$0,$-3,$0,$0,$-1,$0,$-4,$-3,$0,$-1
20,2013-09-30,9.51,$18.57,0.51,$35.73,0.27,$2.81,3.39,$0.06,158.57,$0.14B,$0.02B,5.71,$0.02B,$0.13B,0.17,$0.24B,$0.07B,29.51%,$0.24B,$0.00B,0.41%,$0.24B,$0.00B,0.41%,$0.24B,$0.01B,4.10%,$0.24B,$0.00B,1.23%,$0.24B,0,0.00%,$0.00B,$0.13B,0.00%,$0.00B,$0.12B,0.00%,$0.00B,$0.23B,0.00%,$0.00B,$0.15B,0.66%,$57,$40,$18,$0,$17,$57,$1,$0,$1,$1,$0,$0,$0,$3,$1,$7,7,$0.03,$0.03,$29,$58,$0,$135,$51,$0,$11,$6,$96,$231,$24,$22,$11,$79,$102,$7,$91,$-23,$128,$231,$0,$2,$0,$3,$4,$-1,$0,$-1,$2,$5,$-1,$0,$0,$0,$-0,$-0,$0,$-1,$-2,$-0,$-2,$0,$0,$-1,$0,$-3,$1,$0,$-1
21,2013-06-30,8.76,$18.56,0.47,$35.83,0.24,$2.36,3.71,$-0.02,0.0,$0.13B,$0.02B,5.59,$0.02B,$0.13B,0.19,$0.24B,$0.07B,29.51%,$0.24B,$-0.00B,-0.41%,$0.24B,$-0.00B,-0.41%,$0.24B,$0.01B,3.69%,$0.24B,$0.00B,0.41%,$0.24B,0,0.00%,$0.00B,$0.13B,0.00%,$0.00B,$0.12B,0.00%,$0.00B,$0.23B,0.00%,$-0.00B,$0.15B,-0.65%,$67,$48,$19,$0,$19,$67,$1,$1,$2,$0,$1,$1,$1,$3,$1,$7,7,$0.18,$0.18,$27,$57,$0,$134,$51,$0,$11,$6,$97,$231,$24,$24,$11,$80,$104,$7,$92,$-24,$127,$231,$-0,$10,$0,$10,$2,$12,$0,$-3,$11,$21,$-8,$0,$0,$-8,$6,$-2,$0,$-10,$-5,$-0,$-5,$0,$0,$-3,$0,$-8,$2,$1,$-3
22,2013-03-31,9.38,$18.28,0.51,$36.25,0.26,$-0.61,0.0,$-0.88,0.0,$0.14B,$0.02B,6.57,$0.03B,$0.12B,0.2,$0.25B,$0.07B,26.72%,$0.25B,$-0.01B,-4.86%,$0.25B,$-0.01B,-4.86%,$0.25B,$-0.00B,-0.40%,$0.25B,$-0.01B,-4.05%,$0.25B,$-0.01B,-2.43%,$-0.01B,$0.12B,-4.73%,$-0.01B,$0.11B,-5.21%,$-0.01B,$0.24B,-2.45%,$-0.01B,$0.15B,-7.73%,$60,$44,$16,$0,$18,$62,$-2,$1,$-1,$0,$-1,$-1,$-1,$1,$-2,$7,7,$-0.22,$-0.22,$20,$67,$0,$135,$53,$0,$12,$6,$101,$235,$21,$25,$10,$91,$111,$7,$91,$-26,$124,$235,$-1,$7,$1,$8,$7,$4,$0,$-8,$2,$9,$-6,$0,$0,$0,$-2,$-2,$0,$-8,$-4,$-0,$-4,$0,$0,$-2,$0,$-6,$-5,$0,$-2
23,2012-12-31,8.16,$18.75,0.44,$36.94,0.22,$-2.85,0.0,$-0.43,0.0,$0.14B,$0.02B,6.61,$0.03B,$0.13B,0.24,$0.25B,$0.07B,28.17%,$0.25B,$-0.01B,-2.78%,$0.25B,$-0.01B,-2.78%,$0.25B,$0.00B,1.59%,$0.25B,$-0.01B,-2.78%,$0.25B,$-0.00B,-1.19%,$-0.00B,$0.13B,-2.26%,$-0.00B,$0.12B,-2.48%,$-0.00B,$0.25B,-1.22%,$-0.01B,$0.16B,-4.31%,$60,$41,$19,$0,$18,$59,$1,$0,$1,$1,$0,$0,$0,$3,$1,$7,7,$0.07,$0.07,$23,$72,$0,$144,$53,$0,$12,$6,$101,$245,$22,$30,$10,$96,$118,$7,$93,$-25,$127,$245,$0,$5,$-0,$5,$9,$-1,$0,$-9,$-1,$4,$-5,$0,$0,$0,$-2,$-2,$0,$-6,$1,$-0,$0,$0,$0,$-1,$0,$-1,$-3,$0,$-1
24,2012-09-30,10.72,$18.79,0.57,$37.38,0.29,$-4.66,0.0,$-0.25,0.0,$0.15B,$0.03B,5.7,$0.03B,$0.13B,0.23,$0.25B,$0.07B,29.13%,$0.25B,$-0.01B,-1.97%,$0.25B,$-0.01B,-1.97%,$0.25B,$0.01B,2.36%,$0.25B,$-0.01B,-1.97%,$0.25B,$-0.00B,-0.39%,$-0.00B,$0.13B,-0.73%,$-0.00B,$0.12B,-0.80%,$-0.00B,$0.25B,-0.41%,$-0.01B,$0.16B,-3.07%,$57,$39,$18,$0,$19,$58,$-1,$0,$-1,$-0,$-0,$-0,$-0,$2,$-1,$7,7,$-0.05,$-0.05,$24,$74,$0,$147,$53,$0,$12,$6,$101,$248,$26,$29,$10,$94,$120,$7,$94,$-25,$128,$248,$-0,$3,$0,$3,$8,$-4,$0,$-4,$1,$3,$-2,$0,$0,$0,$0,$0,$0,$-2,$-0,$-0,$-1,$0,$0,$-1,$0,$-1,$-0,$0,$-1
25,2012-06-30,9.56,$18.88,0.51,$38.37,0.25,$-5.42,0.0,$0.13,73.55,$0.15B,$0.03B,5.04,$0.03B,$0.13B,0.23,$0.26B,$0.08B,30.00%,$0.26B,$-0.00B,-0.77%,$0.26B,$-0.00B,-0.77%,$0.26B,$0.01B,3.08%,$0.26B,$0.00B,0.00%,$0.26B,$0.00B,0.38%,$0.00B,$0.13B,0.71%,$0.00B,$0.12B,0.76%,$0.00B,$0.25B,0.42%,$-0.00B,$0.16B,-1.25%,$70,$57,$13,$0,$23,$80,$-10,$1,$-9,$-4,$-5,$-5,$-5,$-7,$-10,$7,7,$-0.68,$-0.68,$24,$70,$0,$151,$54,$0,$12,$6,$101,$252,$30,$29,$11,$94,$124,$7,$95,$-26,$128,$252,$1,$10,$-5,$5,$-3,$-16,$0,$16,$-2,$4,$-11,$0,$-15,$0,$0,$0,$0,$-26,$21,$2,$22,$0,$0,$-3,$0,$20,$-4,$0,$-3
26,2012-03-31,10.68,$21.95,0.49,$38.54,0.28,$-4.11,0.0,$1.04,10.27,$0.15B,$0.03B,5.19,$0.03B,$0.15B,0.2,$0.26B,$0.09B,34.10%,$0.26B,$0.01B,4.60%,$0.26B,$0.01B,4.60%,$0.26B,$0.02B,8.43%,$0.26B,$0.01B,5.36%,$0.26B,$0.01B,3.07%,$0.01B,$0.15B,5.42%,$0.01B,$0.14B,5.66%,$0.01B,$0.24B,3.48%,$0.01B,$0.18B,7.55%,$65,$43,$21,$0,$19,$62,$3,$-1,$2,$1,$2,$2,$2,$6,$3,$7,7,$0.23,$0.23,$21,$75,$0,$149,$55,$0,$12,$5,$93,$242,$29,$29,$10,$65,$94,$7,$101,$-11,$148,$242,$6,$7,$-0,$7,$2,$-18,$0,$-1,$-17,$-4,$-8,$0,$-15,$0,$0,$0,$0,$-23,$14,$9,$23,$0,$0,$-2,$0,$21,$-7,$0,$-2
27,2011-12-31,10.41,$21.46,0.49,$37.79,0.28,$-2.71,0.0,$1.06,9.82,$0.14B,$0.04B,3.59,$0.02B,$0.15B,0.1,$0.26B,$0.09B,34.51%,$0.26B,$0.01B,4.71%,$0.26B,$0.01B,4.71%,$0.26B,$0.02B,8.63%,$0.26B,$0.02B,5.88%,$0.26B,$0.01B,3.14%,$0.01B,$0.15B,5.48%,$0.01B,$0.13B,5.60%,$0.01B,$0.24B,3.59%,$0.01B,$0.16B,7.99%,$62,$40,$22,$0,$19,$59,$3,$0,$3,$2,$2,$2,$2,$5,$3,$7,7,$0.25,$0.25,$17,$70,$0,$142,$54,$0,$12,$5,$93,$235,$40,$15,$10,$51,$90,$7,$100,$-13,$145,$235,$4,$5,$-0,$5,$2,$-14,$0,$-3,$-16,$-7,$-6,$0,$-15,$0,$0,$0,$0,$-21,$14,$6,$20,$0,$0,$-1,$0,$19,$-10,$0,$-1
28,2011-09-30,8.71,$21.37,0.41,$37.13,0.23,$-0.94,0.0,$1.00,8.71,$0.14B,$0.04B,3.91,$0.00B,$0.14B,0.0,$0.25B,$0.09B,34.00%,$0.25B,$0.01B,4.80%,$0.25B,$0.01B,4.80%,$0.25B,$0.02B,9.20%,$0.25B,$0.02B,6.00%,$0.25B,$0.01B,3.20%,$0.01B,$0.14B,5.54%,$0.01B,$0.14B,5.56%,$0.01B,$0.22B,3.69%,$0.01B,$0.15B,8.28%,$63,$42,$22,$0,$20,$61,$2,$2,$4,$2,$2,$2,$2,$4,$2,$7,7,$0.33,$0.33,$23,$60,$0,$136,$53,$0,$0,$5,$79,$215,$35,$1,$10,$36,$71,$7,$99,$-13,$144,$215,$2,$2,$0,$2,$1,$-6,$0,$-2,$-7,$-3,$-2,$0,$0,$0,$0,$0,$0,$-2,$0,$2,$2,$0,$0,$-1,$0,$1,$-5,$0,$-1
29,2011-06-30,8.19,$22.67,0.36,$36.33,0.23,$-0.31,0.0,$0.79,10.37,$0.14B,$0.04B,3.85,$0.00B,$0.15B,0.01,$0.25B,$0.08B,33.47%,$0.25B,$0.01B,4.90%,$0.25B,$0.01B,4.90%,$0.25B,$0.02B,9.80%,$0.25B,$0.01B,5.31%,$0.25B,$0.01B,2.86%,$0.01B,$0.15B,4.90%,$0.01B,$0.15B,4.93%,$0.01B,$0.23B,3.25%,$0.01B,$0.15B,8.38%,$71,$48,$24,$0,$20,$67,$4,$0,$5,$3,$2,$2,$2,$7,$4,$7,7,$0.23,$0.23,$28,$59,$0,$144,$56,$0,$0,$5,$83,$227,$37,$1,$11,$37,$75,$7,$96,$-2,$153,$227,$7,$10,$-1,$10,$-8,$-9,$0,$6,$-12,$5,$-4,$0,$0,$0,$-7,$-7,$0,$-10,$-0,$6,$-0,$0,$0,$-2,$0,$4,$1,$0,$-2
30,2011-03-31,11.12,$0.00,0.0,$34.96,0.32,$2.32,4.79,$0.60,18.54,$0.13B,$0.03B,4.68,$0.00B,$0.14B,0.0,$0.24B,$0.07B,30.67%,$0.24B,0,0.00%,$0.24B,0,0.00%,$0.24B,$0.01B,5.46%,$0.24B,$0.00B,0.42%,$0.24B,$0.01B,2.10%,$0.01B,$0.14B,3.64%,$0.01B,$0.14B,3.66%,$0.01B,$0.22B,2.40%,$0.00B,$0.14B,0.00%,$59,$39,$20,$0,$18,$56,$3,$-0,$3,$1,$2,$2,$2,$6,$3,$7,7,$0.35,$0.35,$22,$56,$11,$129,$186,$0,$0,$4,$216,$215,$28,$1,$42,$45,$73,$7,$125,$0,$142,$215,$5,$8,$-1,$7,$-3,$-7,$0,$-4,$-14,$-2,$-1,$0,$0,$0,$0,$0,$0,$-0,$-0,$4,$3,$0,$0,$-1,$0,$2,$1,$0,$-1
31,2010-12-31,9.2,$0.00,0.0,$33.49,0.27,$4.49,2.05,$0.38,24.2,$0.12B,$0.03B,4.49,$0.00B,$0.14B,0.0,$0.23B,$0.07B,30.26%,$0.23B,$-0.00B,-0.88%,$0.23B,$-0.00B,-0.88%,$0.23B,$0.01B,4.82%,$0.23B,$-0.00B,-0.44%,$0.23B,$0.00B,1.32%,$0.00B,$0.14B,2.19%,$0.00B,$0.14B,2.21%,$0.00B,$0.21B,1.48%,$-0.00B,$0.14B,-1.45%,$57,$38,$19,$0,$16,$54,$3,$0,$3,$2,$2,$2,$2,$6,$3,$7,7,$0.25,$0.25,$22,$51,$12,$122,$182,$0,$1,$6,$215,$210,$27,$1,$41,$44,$71,$7,$124,$0,$139,$210,$3,$5,$1,$6,$-2,$-4,$0,$-3,$-9,$0,$-1,$0,$0,$0,$-1,$-1,$0,$-2,$-0,$3,$2,$0,$0,$-1,$0,$2,$1,$0,$-1
32,2010-09-30,8.17,$0.00,0.0,$32.54,0.25,$5.75,1.42,$0.14,58.38,$0.12B,$0.03B,4.18,$0.00B,$0.14B,0.01,$0.22B,$0.07B,29.73%,$0.22B,$-0.00B,-1.35%,$0.22B,$-0.00B,-1.35%,$0.22B,$0.01B,4.05%,$0.22B,$-0.00B,-1.35%,$0.22B,$0.00B,0.45%,$0.00B,$0.14B,0.72%,$0.00B,$0.14B,0.73%,$0.00B,$0.21B,0.50%,$-0.00B,$0.14B,-2.15%,$58,$38,$19,$0,$17,$55,$2,$0,$2,$1,$1,$1,$1,$5,$2,$7,7,$0.19,$0.19,$23,$48,$9,$120,$181,$0,$1,$6,$215,$209,$29,$1,$41,$44,$72,$7,$123,$0,$137,$209,$1,$3,$-0,$3,$-5,$-0,$0,$2,$-3,$1,$-1,$0,$0,$0,$1,$1,$0,$0,$-0,$1,$1,$0,$0,$-0,$0,$0,$2,$0,$-0
33,2010-06-30,7.4,$0.00,0.0,$30.05,0.25,$6.02,1.23,$-0.45,0.0,$0.11B,$0.03B,4.34,$0.00B,$0.13B,0.01,$0.21B,$0.06B,27.80%,$0.21B,$-0.01B,-4.39%,$0.21B,$-0.01B,-4.39%,$0.21B,$0.00B,0.98%,$0.21B,$-0.01B,-4.88%,$0.21B,$-0.00B,-1.46%,$-0.00B,$0.13B,-2.15%,$-0.00B,$0.13B,-2.19%,$-0.00B,$0.20B,-1.54%,$-0.01B,$0.13B,-6.39%,$64,$49,$15,$0,$21,$72,$-8,$1,$-7,$-2,$-5,$0,$0,$-4,$-8,$7,7,$0.04,$0.04,$22,$46,$9,$110,$0,$0,$1,$6,$33,$200,$25,$1,$39,$42,$68,$7,$123,$0,$132,$200,$-3,$11,$-6,$11,$-7,$16,$0,$22,$21,$29,$-9,$0,$-0,$0,$0,$1,$0,$-9,$-1,$-7,$-1,$0,$0,$-2,$0,$-10,$10,$0,$-2
34,2010-03-31,7.99,$0.00,0.0,$26.88,0.3,$1.81,4.43,$-0.83,0.0,$0.11B,$0.02B,4.64,$0.00B,$0.14B,0.01,$0.18B,$0.05B,29.44%,$0.18B,$-0.00B,-2.22%,$0.18B,$-0.00B,-2.22%,$0.18B,$0.01B,3.33%,$0.18B,$-0.01B,-3.89%,$0.18B,$-0.01B,-2.78%,$-0.01B,$0.14B,-3.51%,$-0.01B,$0.14B,-3.60%,$-0.01B,$0.19B,-2.59%,$-0.00B,$0.14B,-2.79%,$49,$33,$16,$0,$15,$48,$1,$0,$1,$1,$0,$0,$0,$4,$1,$7,7,$0.03,$0.03,$16,$48,$13,$109,$187,$0,$3,$6,$212,$192,$24,$1,$26,$27,$51,$7,$123,$0,$141,$192,$-3,$8,$0,$8,$0,$0,$0,$0,$12,$18,$-6,$0,$-0,$0,$0,$1,$0,$-5,$0,$-5,$-0,$0,$0,$-2,$0,$-7,$5,$0,$0
35,2009-12-31,6.77,$0.00,0.0,$26.06,0.26,$-1.89,0.0,$-1.58,0.0,$0.11B,$0.02B,4.58,$0.00B,$0.14B,0.01,$0.17B,$0.05B,27.59%,$0.17B,$-0.01B,-4.02%,$0.17B,$-0.01B,-4.02%,$0.17B,$0.00B,1.15%,$0.17B,$-0.02B,-9.20%,$0.17B,$-0.01B,-5.75%,$-0.01B,$0.14B,-6.80%,$-0.01B,$0.14B,-6.97%,$-0.01B,$0.20B,-5.01%,$-0.01B,$0.15B,-4.68%,$51,$35,$16,$0,$14,$49,$2,$-0,$1,$2,$-0,$-0,$-0,$4,$2,$7,7,$-0.05,$-0.05,$15,$52,$13,$111,$188,$0,$3,$6,$214,$195,$24,$1,$26,$27,$51,$7,$123,$0,$144,$195,$-3,$5,$0,$5,$0,$0,$0,$0,$11,$12,$-4,$0,$-0,$0,$0,$1,$0,$-4,$0,$-4,$-0,$0,$0,$-1,$0,$-5,$3,$0,$0
36,2009-09-30,7.94,$0.00,0.0,$26.65,0.3,$-4.34,0.0,$-1.36,0.0,$0.11B,$0.02B,4.94,$0.00B,$0.14B,0.01,$0.18B,$0.05B,27.12%,$0.18B,$-0.01B,-4.52%,$0.18B,$-0.01B,-4.52%,$0.18B,$0.00B,0.56%,$0.18B,$-0.02B,-8.47%,$0.18B,$-0.01B,-5.08%,$-0.01B,$0.14B,-5.89%,$-0.01B,$0.14B,-6.09%,$-0.01B,$0.19B,-4.34%,$-0.01B,$0.14B,-5.11%,$41,$31,$10,$0,$14,$45,$-4,$-0,$-5,$-2,$-3,$-3,$-3,$-2,$-4,$7,7,$-0.47,$-0.47,$10,$56,$13,$107,$184,$0,$3,$6,$208,$190,$22,$1,$25,$27,$48,$7,$124,$0,$142,$190,$-3,$3,$0,$3,$0,$0,$0,$0,$4,$4,$-3,$0,$0,$0,$0,$1,$0,$-2,$0,$-3,$-0,$0,$0,$-1,$0,$-4,$-1,$0,$0
37,2009-06-30,5.13,$0.00,0.0,$31.01,0.17,$-5.27,0.0,$-0.49,0.0,$0.11B,$0.03B,4.4,$0.00B,$0.14B,0.01,$0.20B,$0.06B,28.92%,$0.20B,0,0.00%,$0.20B,0,0.00%,$0.20B,$0.01B,4.41%,$0.20B,$-0.01B,-2.94%,$0.20B,$-0.00B,-1.47%,$-0.00B,$0.14B,-1.83%,$-0.00B,$0.14B,-1.91%,$-0.00B,$0.19B,-1.35%,$0.00B,$0.14B,0.00%,$39,$28,$11,$0,$14,$42,$-3,$-1,$-4,$-2,$-2,$-2,$-2,$-0,$-3,$7,7,$-0.34,$-0.34,$12,$60,$13,$113,$0,$0,$3,$6,$25,$194,$26,$1,$24,$26,$51,$7,$128,$0,$143,$194,$-3,$10,$0,$10,$0,$0,$0,$0,$-5,$1,$-9,$0,$-0,$0,$0,$15,$0,$5,$0,$1,$1,$0,$0,$-3,$0,$-1,$4,$0,$0
38,2009-03-31,4.64,$0.00,0.0,$34.33,0.14,$-2.38,0.0,$0.19,24.44,$0.12B,$0.03B,3.96,$0.01B,$0.16B,0.04,$0.23B,$0.07B,29.78%,$0.23B,$0.01B,2.22%,$0.23B,$0.01B,2.22%,$0.23B,$0.01B,6.22%,$0.23B,0,0.00%,$0.23B,$0.00B,0.44%,$0.00B,$0.16B,0.57%,$0.00B,$0.16B,0.60%,$0.00B,$0.22B,0.42%,$0.01B,$0.17B,2.77%,$43,$32,$11,$0,$13,$45,$-2,$-5,$-8,$-3,$-5,$-5,$-5,$0,$-2,$7,7,$-0.72,$-0.72,$17,$63,$11,$119,$174,$0,$4,$39,$217,$219,$30,$6,$21,$30,$60,$7,$131,$0,$159,$219,$-1,$8,$0,$8,$0,$0,$0,$0,$-13,$-5,$-8,$0,$-0,$0,$0,$8,$0,$0,$0,$1,$10,$0,$0,$-2,$0,$9,$3,$0,$0
39,2008-12-31,11.73,$0.00,0.0,$36.97,0.32,$1.59,7.36,$1.34,8.75,$0.12B,$0.03B,4.43,$0.01B,$0.17B,0.03,$0.24B,$0.08B,30.99%,$0.24B,$0.01B,4.55%,$0.24B,$0.01B,4.55%,$0.24B,$0.02B,8.68%,$0.24B,$0.01B,5.37%,$0.24B,$0.01B,3.72%,$0.01B,$0.17B,4.94%,$0.01B,$0.16B,5.22%,$0.01B,$0.23B,3.68%,$0.01B,$0.17B,5.84%,$54,$38,$16,$0,$15,$53,$1,$1,$2,$1,$1,$1,$1,$3,$1,$7,7,$0.17,$0.17,$16,$63,$11,$122,$172,$0,$9,$40,$222,$227,$27,$5,$21,$32,$60,$7,$136,$0,$167,$227,$4,$5,$0,$5,$0,$0,$0,$0,$-12,$-3,$-5,$0,$-0,$0,$0,$7,$0,$1,$0,$5,$-0,$0,$0,$-2,$0,$4,$-0,$0,$0
40,2008-09-30,13.32,$0.00,0.0,$38.29,0.35,$4.87,2.73,$1.69,7.88,$0.14B,$0.03B,4.39,$0.01B,$0.19B,0.03,$0.25B,$0.08B,31.60%,$0.25B,$0.01B,5.60%,$0.25B,$0.01B,5.60%,$0.25B,$0.03B,10.00%,$0.25B,$0.02B,6.80%,$0.25B,$0.01B,4.40%,$0.01B,$0.19B,5.88%,$0.01B,$0.18B,6.22%,$0.01B,$0.25B,4.40%,$0.01B,$0.19B,7.23%,$68,$47,$21,$0,$17,$64,$4,$1,$4,$2,$3,$3,$3,$6,$4,$7,7,$0.40,$0.40,$23,$65,$12,$141,$193,$0,$9,$40,$243,$252,$32,$6,$22,$34,$66,$7,$136,$0,$186,$252,$3,$3,$0,$3,$0,$0,$0,$0,$-6,$-1,$-3,$0,$0,$0,$0,$3,$0,$0,$0,$4,$-0,$0,$0,$-1,$0,$3,$1,$0,$0
41,2008-06-30,17.12,$0.00,0.0,$36.85,0.46,$5.92,2.89,$1.64,10.44,$0.14B,$0.03B,4.77,$0.01B,$0.19B,0.03,$0.24B,$0.08B,31.82%,$0.24B,$0.01B,5.79%,$0.24B,$0.01B,5.79%,$0.24B,$0.03B,10.74%,$0.24B,$0.02B,7.02%,$0.24B,$0.01B,4.13%,$0.01B,$0.19B,5.40%,$0.01B,$0.18B,5.71%,$0.01B,$0.25B,4.06%,$0.01B,$0.19B,7.25%,$60,$41,$19,$0,$17,$58,$2,$0,$2,$0,$2,$2,$2,$5,$2,$7,7,$0.34,$0.34,$26,$61,$12,$139,$0,$0,$10,$39,$49,$250,$29,$6,$22,$34,$64,$7,$134,$0,$187,$250,$11,$11,$0,$11,$0,$0,$0,$0,$1,$19,$-9,$0,$-2,$0,$0,$-5,$2,$-14,$0,$-1,$-3,$0,$0,$-3,$0,$-7,$-1,$0,$0
42,2008-03-31,13.77,$0.00,0.0,$36.54,0.38,$5.31,2.59,$1.88,7.32,$0.14B,$0.03B,4.89,$0.01B,$0.19B,0.04,$0.24B,$0.08B,32.23%,$0.24B,$0.02B,7.02%,$0.24B,$0.02B,7.02%,$0.24B,$0.03B,11.98%,$0.24B,$0.02B,8.26%,$0.24B,$0.01B,4.96%,$0.01B,$0.19B,6.56%,$0.01B,$0.18B,6.94%,$0.01B,$0.25B,4.95%,$0.02B,$0.20B,8.88%,$60,$41,$19,$0,$15,$56,$4,$1,$5,$2,$3,$3,$3,$7,$4,$7,7,$0.43,$0.43,$31,$57,$8,$136,$192,$0,$10,$41,$244,$250,$28,$8,$18,$33,$61,$7,$134,$0,$189,$250,$9,$8,$0,$8,$0,$0,$0,$0,$4,$18,$-4,$0,$0,$0,$0,$-9,$-2,$-15,$0,$-0,$-0,$0,$0,$-3,$0,$-3,$-0,$0,$0
43,2007-12-31,12.03,$0.00,0.0,$35.58,0.34,$4.20,2.86,$1.65,7.29,$0.14B,$0.03B,4.57,$0.01B,$0.19B,0.05,$0.24B,$0.08B,31.78%,$0.24B,$0.02B,6.36%,$0.24B,$0.02B,6.36%,$0.24B,$0.03B,11.44%,$0.24B,$0.02B,7.20%,$0.24B,$0.01B,4.24%,$0.01B,$0.19B,5.61%,$0.01B,$0.18B,5.94%,$0.01B,$0.25B,4.21%,$0.02B,$0.19B,8.01%,$62,$43,$20,$0,$16,$59,$4,$2,$6,$3,$3,$3,$3,$7,$4,$7,7,$0.52,$0.52,$32,$55,$8,$135,$187,$0,$10,$42,$240,$247,$30,$8,$18,$32,$62,$7,$131,$0,$186,$247,$6,$5,$0,$5,$0,$0,$0,$0,$6,$15,$-2,$0,$0,$0,$0,$-10,$-2,$-14,$0,$1,$-0,$0,$-0,$-2,$0,$-1,$-0,$0,$0
44,2007-09-30,13.66,$0.00,0.0,$34.84,0.39,$2.54,5.38,$1.32,10.35,$0.13B,$0.03B,4.72,$0.01B,$0.18B,0.05,$0.23B,$0.07B,30.74%,$0.23B,$0.01B,5.63%,$0.23B,$0.01B,5.63%,$0.23B,$0.03B,10.82%,$0.23B,$0.01B,5.63%,$0.23B,$0.01B,3.46%,$0.01B,$0.18B,4.60%,$0.01B,$0.17B,4.87%,$0.01B,$0.24B,3.43%,$0.01B,$0.19B,7.07%,$60,$41,$19,$0,$15,$56,$4,$-0,$4,$1,$2,$2,$2,$7,$4,$7,7,$0.35,$0.35,$22,$55,$8,$126,$187,$0,$11,$40,$237,$238,$27,$8,$18,$32,$58,$7,$129,$0,$179,$238,$2,$3,$-0,$2,$0,$0,$0,$0,$0,$5,$-2,$0,$-2,$0,$0,$-1,$0,$-5,$0,$0,$-0,$0,$-0,$-1,$0,$-1,$-1,$0,$0
45,2007-06-30,12.88,$0.00,0.0,$32.76,0.39,$2.50,5.14,$1.00,12.88,$0.13B,$0.03B,4.78,$0.01B,$0.18B,0.05,$0.22B,$0.07B,29.73%,$0.22B,$0.01B,4.05%,$0.22B,$0.01B,4.05%,$0.22B,$0.02B,9.46%,$0.22B,$0.01B,4.05%,$0.22B,$0.01B,2.70%,$0.01B,$0.18B,3.51%,$0.01B,$0.17B,3.72%,$0.01B,$0.23B,2.60%,$0.01B,$0.19B,4.97%,$60,$40,$20,$0,$15,$54,$5,$-0,$5,$1,$4,$4,$4,$8,$5,$7,7,$0.58,$0.58,$22,$57,$9,$126,$0,$0,$9,$38,$47,$234,$26,$9,$16,$30,$56,$7,$128,$0,$178,$234,$7,$11,$0,$11,$0,$0,$0,$0,$-5,$13,$-7,$0,$0,$0,$0,$5,$0,$-1,$0,$-0,$-4,$0,$-1,$-3,$0,$-9,$4,$0,$0
46,2007-03-31,12.58,$0.00,0.0,$31.86,0.39,$1.87,6.73,$0.31,40.59,$0.13B,$0.03B,3.95,$0.01B,$0.17B,0.06,$0.21B,$0.06B,27.57%,$0.21B,$0.00B,1.40%,$0.21B,$0.00B,1.40%,$0.21B,$0.02B,8.88%,$0.21B,$0.00B,0.93%,$0.21B,$0.00B,0.47%,$0.00B,$0.17B,0.60%,$0.00B,$0.16B,0.64%,$0.00B,$0.23B,0.44%,$0.00B,$0.18B,1.68%,$54,$38,$16,$0,$14,$52,$2,$-0,$2,$1,$1,$1,$1,$5,$2,$7,7,$0.20,$0.20,$29,$55,$8,$126,$0,$0,$10,$1,$45,$231,$32,$11,$16,$30,$62,$7,$125,$0,$170,$231,$3,$8,$0,$8,$0,$0,$0,$0,$-1,$9,$-3,$0,$0,$0,$0,$-1,$0,$-4,$0,$-0,$1,$0,$-0,$-2,$0,$-2,$4,$0,$0
47,2006-12-31,11.3,$0.00,0.0,$30.31,0.37,$1.18,9.57,$0.08,141.21,$0.12B,$0.03B,3.84,$0.01B,$0.17B,0.07,$0.21B,$0.06B,26.32%,$0.21B,$0.00B,0.48%,$0.21B,$0.00B,0.48%,$0.21B,$0.01B,5.26%,$0.21B,0,0.00%,$0.21B,0,0.00%,$0.00B,$0.17B,0.00%,$0.00B,$0.16B,0.00%,$0.00B,$0.23B,0.00%,$0.00B,$0.18B,0.57%,$57,$41,$16,$0,$14,$55,$2,$-1,$2,$1,$1,$1,$1,$5,$2,$7,7,$0.19,$0.19,$24,$55,$8,$123,$0,$0,$10,$1,$45,$230,$32,$11,$16,$29,$61,$7,$124,$0,$169,$230,$1,$6,$0,$6,$0,$0,$0,$0,$-2,$4,$-2,$0,$0,$0,$0,$1,$0,$-1,$0,$-1,$0,$0,$0,$-1,$0,$-2,$1,$0,$0
