,Date,Stock Price,Book Value per Share,Price to Book Ratio,TTM Sales per Share,Price to Sales Ratio,TTM FCF per Share,Price to FCF Ratio,TTM Net EPS,PE Ratio,Current Assets,Current Liabilities,Current Ratio,Long Term Debt,Shareholder's Equity_x,Debt to Equity Ratio,TTM Revenue_x,TTM Gross Profit,Gross Margin,TTM Revenue_y,TTM Operating Income,Operating Margin,TTM Revenue_x,TTM EBIT,EBIT Margin,TTM Revenue_y,TTM EBITDA,EBITDA Margin,TTM Revenue_x,TTM Pre-Tax Income,Pre-Tax Margin,TTM Revenue_y,TTM Net Income_x,Net Margin,TTM Net Income_y,Shareholder's Equity_y,Return on Equity,TTM Net Income_x,Tangible Equity,Return on Tangible Equity,TTM Net Income_y,Total Assets,Return on Assets,TTM Net Income,LT Investments & Debt,Return on Investment,revenue,cost-goods-sold,gross-profit,research-development-expenses,selling-general-administrative-expenses,operating-expenses,operating-income,total-non-operating-income-expense,pre-tax-income,total-provision-income-taxes,income-after-taxes,income-from-continuous-operations,net-income,ebitda,ebit,basic-shares-outstanding,shares-outstanding,eps-basic-net-earnings-per-share,eps-earnings-per-share-diluted,cash-on-hand,inventory,other-current-assets,total-current-assets,net-property-plant-equipment,long-term-investments,goodwill-intangible-assets-total,other-long-term-assets,total-long-term-assets,total-assets,total-current-liabilities,long-term-debt,other-non-current-liabilities,total-long-term-liabilities,total-liabilities,common-stock-net,retained-earnings-accumulated-deficit,comprehensive-income,total-share-holder-equity,total-liabilities-share-holders-equity,net-income-loss,total-depreciation-amortization-cash-flow,other-non-cash-items,total-non-cash-items,change-in-accounts-receivable,change-in-inventories,change-in-accounts-payable,change-in-assets-liabilities,total-change-in-assets-liabilities,cash-flow-from-operating-activities,net-change-in-property-plant-equipment,net-change-in-intangible-assets,net-acquisitions-divestitures,net-change-in-short-term-investments,net-change-in-long-term-investments,net-change-in-investments-total,investing-activities-other,cash-flow-from-investing-activities,net-long-term-debt,net-current-debt,debt-issuance-retirement-net-total,net-common-equity-issued-repurchased,net-total-equity-issued-repurchased,total-common-preferred-stock-dividends-paid,financial-activities-other,cash-flow-from-financial-activities,net-cash-flow,stock-based-compensation,common-stock-dividends-paid
0,2018-07-31,3.06,$2.15,1.42,$2.06,1.49,$-0.35,0.0,$0.17,18.0,$0.05B,$0.02B,3.43,$0.00B,$0.08B,0.0,$0.07B,$0.05B,64.38%,$0.07B,$-0.01B,-15.07%,$0.07B,$-0.01B,-15.07%,$0.07B,$-0.01B,-10.96%,$0.07B,$-0.01B,-10.96%,$0.07B,$0.01B,9.59%,$0.01B,$0.08B,8.97%,$0.01B,$0.05B,13.59%,$0.01B,$0.09B,6.48%,$-0.01B,$0.08B,-14.10%,$12,$6,$6,$5,$9,$20,$-8,$-2,$-10,$-1,$-9,$-9,$-9,$-8,$-8,$36,36,$-0.26,$-0.26,$27,$1,$0,$50,$9,$8,$25,$1,$44,$94,$15,$0,$1,$2,$17,$0,$-161,$-4,$77,$94,$-15,$2,$1,$3,$10,$-0,$0,$-10,$-10,$-19,$-0,$0,$0,$0,$-2,$-2,$-0,$-2,$0,$0,$0,$0,$0,$0,$-0,$0,$-19,$2,$0
1,2018-04-30,3.15,$2.36,1.34,$2.21,1.43,$0.12,25.24,$0.38,8.29,$0.06B,$0.02B,3.08,$0.00B,$0.08B,0.0,$0.08B,$0.05B,66.67%,$0.08B,$-0.01B,-6.41%,$0.08B,$-0.01B,-6.41%,$0.08B,$-0.00B,-1.28%,$0.08B,$0.00B,1.28%,$0.08B,$0.01B,17.95%,$0.01B,$0.08B,18.73%,$0.01B,$0.06B,29.17%,$0.01B,$0.11B,12.58%,$-0.01B,$0.08B,-6.69%,$15,$6,$9,$5,$8,$20,$-5,$-1,$-6,$-0,$-5,$-5,$-5,$-4,$-5,$36,36,$-0.15,$-0.15,$42,$1,$0,$64,$9,$8,$26,$1,$44,$107,$21,$0,$1,$3,$23,$0,$-152,$-5,$84,$107,$-5,$1,$1,$2,$10,$-0,$-1,$-6,$-2,$-4,$-0,$0,$0,$0,$-2,$-2,$0,$-2,$0,$0,$0,$0,$0,$0,$-0,$0,$-5,$1,$0
2,2018-01-31,3.33,$2.41,1.38,$2.26,1.47,$0.21,16.1,$0.38,8.76,$0.08B,$0.03B,2.64,$0.00B,$0.09B,0.0,$0.08B,$0.05B,66.25%,$0.08B,$-0.01B,-6.25%,$0.08B,$-0.01B,-6.25%,$0.08B,$-0.00B,-1.25%,$0.08B,$0.00B,2.50%,$0.08B,$0.01B,17.50%,$0.01B,$0.09B,20.00%,$0.01B,$0.06B,32.37%,$0.01B,$0.12B,12.67%,$-0.01B,$0.09B,-7.14%,$23,$7,$16,$6,$8,$22,$1,$6,$7,$-14,$21,$21,$21,$2,$1,$35,36,$0.58,$0.58,$48,$1,$0,$78,$9,$4,$27,$1,$42,$119,$29,$0,$1,$4,$34,$0,$-149,$-5,$86,$119,$13,$5,$-14,$-9,$5,$0,$-2,$2,$8,$13,$-1,$0,$0,$0,$6,$6,$0,$6,$0,$0,$0,$0,$0,$0,$-0,$-0,$15,$3,$0
3,2017-10-31,2.65,$1.82,1.46,$2.30,1.15,$-0.97,0.0,$-0.98,0.0,$0.07B,$0.03B,2.52,$0.00B,$0.07B,0.0,$0.08B,$0.05B,66.67%,$0.08B,$-0.03B,-37.04%,$0.08B,$-0.03B,-37.04%,$0.08B,$-0.03B,-32.10%,$0.08B,$-0.03B,-39.51%,$0.08B,$-0.03B,-41.98%,$-0.03B,$0.07B,-51.52%,$-0.03B,$0.04B,-86.08%,$-0.03B,$0.11B,-30.98%,$-0.03B,$0.07B,-45.45%,$23,$7,$16,$6,$8,$23,$1,$0,$1,$1,$-0,$-0,$-0,$2,$1,$35,35,$0.00,$0.00,$32,$1,$0,$68,$10,$6,$26,$1,$44,$112,$27,$0,$1,$20,$47,$0,$-169,$-5,$65,$112,$-7,$4,$2,$6,$-1,$-0,$-3,$4,$-0,$-1,$-0,$0,$0,$0,$1,$1,$0,$1,$0,$0,$0,$0,$0,$0,$-0,$0,$-1,$2,$0
4,2017-07-31,2.84,$1.81,1.57,$2.21,1.29,$-1.71,0.0,$-1.21,0.0,$0.06B,$0.02B,2.8,$0.00B,$0.06B,0.0,$0.08B,$0.05B,61.54%,$0.08B,$-0.04B,-50.00%,$0.08B,$-0.04B,-50.00%,$0.08B,$-0.04B,-44.87%,$0.08B,$-0.04B,-53.85%,$0.08B,$-0.04B,-53.85%,$-0.04B,$0.06B,-57.14%,$-0.04B,$0.04B,-103.07%,$-0.04B,$0.11B,-35.74%,$-0.04B,$0.06B,-53.06%,$17,$6,$11,$6,$6,$19,$-2,$1,$-1,$0,$-2,$-2,$-2,$-1,$-2,$35,35,$-0.05,$-0.05,$30,$1,$0,$60,$11,$8,$27,$1,$46,$107,$22,$0,$2,$21,$43,$0,$-169,$-5,$64,$107,$-7,$2,$2,$4,$4,$0,$-3,$2,$0,$-2,$-0,$0,$0,$0,$-0,$-0,$0,$-0,$0,$0,$0,$0,$0,$0,$-0,$-0,$-3,$2,$0
5,2017-04-30,2.52,$1.84,1.37,$2.25,1.12,$-2.05,0.0,$-1.93,0.0,$0.06B,$0.02B,3.03,$0.00B,$0.07B,0.0,$0.08B,$0.05B,56.96%,$0.08B,$-0.05B,-62.03%,$0.08B,$-0.05B,-62.03%,$0.08B,$-0.04B,-55.70%,$0.08B,$-0.05B,-67.09%,$0.08B,$-0.07B,-84.81%,$-0.07B,$0.07B,-80.72%,$-0.07B,$0.04B,-151.41%,$-0.07B,$0.10B,-52.24%,$-0.05B,$0.07B,-59.04%,$17,$7,$10,$5,$7,$22,$-5,$0,$-5,$0,$-5,$-5,$-5,$-4,$-5,$35,35,$-0.15,$-0.15,$34,$1,$0,$60,$11,$5,$26,$2,$44,$104,$20,$0,$2,$19,$39,$0,$-167,$-5,$65,$104,$-5,$1,$1,$3,$11,$0,$-2,$-4,$2,$-1,$-0,$0,$0,$0,$0,$0,$0,$-0,$0,$0,$0,$0,$0,$0,$-0,$0,$-2,$1,$0
6,2017-01-31,2.42,$1.97,1.23,$2.40,1.01,$-2.19,0.0,$-2.04,0.0,$0.07B,$0.03B,2.53,$0.00B,$0.07B,0.0,$0.08B,$0.04B,52.38%,$0.08B,$-0.05B,-64.29%,$0.08B,$-0.05B,-64.29%,$0.08B,$-0.05B,-57.14%,$0.08B,$-0.06B,-67.86%,$0.08B,$-0.07B,-84.52%,$-0.07B,$0.07B,-72.26%,$-0.07B,$0.04B,-129.68%,$-0.07B,$0.12B,-49.31%,$-0.05B,$0.07B,-54.96%,$24,$7,$17,$6,$10,$48,$-24,$-3,$-27,$0,$-27,$-27,$-27,$-23,$-24,$35,35,$-0.78,$-0.78,$34,$1,$0,$69,$11,$7,$26,$2,$47,$116,$27,$0,$2,$19,$47,$0,$-162,$-5,$70,$116,$-71,$6,$39,$45,$0,$1,$-2,$4,$-2,$-28,$-1,$0,$-5,$0,$2,$2,$0,$-4,$0,$0,$0,$0,$0,$0,$-0,$-0,$-30,$3,$0
7,2016-10-31,2.63,$2.69,0.98,$2.53,1.04,$-1.95,0.0,$-1.92,0.0,$0.07B,$0.03B,2.42,$0.00B,$0.10B,0.0,$0.09B,$0.04B,48.28%,$0.09B,$-0.05B,-59.77%,$0.09B,$-0.05B,-59.77%,$0.09B,$-0.05B,-51.72%,$0.09B,$-0.05B,-59.77%,$0.09B,$-0.07B,-75.86%,$-0.07B,$0.10B,-58.15%,$-0.07B,$0.04B,-100.76%,$-0.07B,$0.14B,-41.38%,$-0.05B,$0.10B,-45.81%,$20,$10,$10,$7,$8,$28,$-8,$-0,$-9,$-0,$-8,$-8,$-8,$-7,$-8,$35,35,$-0.23,$-0.23,$32,$1,$0,$69,$12,$9,$51,$2,$74,$143,$29,$0,$3,$20,$49,$0,$-135,$-7,$95,$143,$-44,$5,$17,$22,$2,$1,$-2,$-1,$-5,$-27,$-1,$0,$-5,$0,$2,$2,$0,$-4,$0,$0,$0,$0,$0,$0,$-0,$-0,$-31,$2,$0
8,2016-07-31,3.2,$2.91,1.1,$2.82,1.13,$-1.85,0.0,$-2.00,0.0,$0.07B,$0.03B,2.61,$0.00B,$0.10B,0.0,$0.10B,$0.04B,40.63%,$0.10B,$-0.06B,-58.33%,$0.10B,$-0.06B,-58.33%,$0.10B,$-0.05B,-50.00%,$0.10B,$-0.06B,-57.29%,$0.10B,$-0.07B,-71.88%,$-0.07B,$0.10B,-53.91%,$-0.07B,$0.05B,-90.79%,$-0.07B,$0.15B,-39.66%,$-0.06B,$0.10B,-43.75%,$18,$10,$8,$8,$9,$30,$-12,$-1,$-12,$15,$-27,$-27,$-27,$-10,$-12,$35,35,$-0.77,$-0.77,$45,$1,$0,$74,$13,$9,$52,$3,$76,$150,$28,$0,$3,$20,$48,$0,$-127,$-6,$102,$150,$-36,$3,$16,$19,$14,$0,$-2,$-5,$2,$-14,$-0,$0,$-5,$0,$0,$0,$-0,$-5,$0,$0,$0,$0,$0,$0,$-0,$-0,$-20,$1,$0
9,2016-04-30,3.73,$3.66,1.02,$3.13,1.19,$-2.05,0.0,$-1.39,0.0,$0.10B,$0.04B,2.53,$0.00B,$0.13B,0.0,$0.11B,$0.05B,42.45%,$0.11B,$-0.05B,-46.23%,$0.11B,$-0.05B,-46.23%,$0.11B,$-0.04B,-38.68%,$0.11B,$-0.05B,-45.28%,$0.11B,$-0.05B,-44.34%,$-0.05B,$0.13B,-32.98%,$-0.05B,$0.08B,-54.65%,$-0.05B,$0.17B,-25.00%,$-0.05B,$0.13B,-34.39%,$22,$12,$9,$9,$8,$31,$-10,$1,$-9,$0,$-9,$-9,$-9,$-8,$-10,$34,34,$-0.26,$-0.26,$56,$2,$0,$95,$14,$11,$45,$3,$72,$167,$38,$0,$3,$4,$41,$0,$-100,$-6,$126,$167,$-9,$2,$0,$2,$5,$-0,$-2,$0,$2,$-5,$-0,$0,$0,$0,$-1,$-1,$-0,$-1,$0,$0,$0,$0,$0,$0,$-0,$-0,$-7,$0,$0
10,2016-01-31,6.22,$3.88,1.6,$3.20,1.95,$-2.09,0.0,$-1.42,0.0,$0.10B,$0.04B,2.39,$0.00B,$0.13B,0.0,$0.11B,$0.05B,42.99%,$0.11B,$-0.05B,-44.86%,$0.11B,$-0.05B,-44.86%,$0.11B,$-0.04B,-37.38%,$0.11B,$-0.05B,-45.79%,$0.11B,$-0.05B,-44.86%,$-0.05B,$0.13B,-31.53%,$-0.05B,$0.09B,-53.78%,$-0.05B,$0.18B,-24.15%,$-0.05B,$0.13B,-31.53%,$27,$12,$15,$8,$8,$49,$-22,$-0,$-22,$-0,$-22,$-22,$-22,$-20,$-22,$34,34,$-0.66,$-0.66,$60,$2,$0,$103,$14,$13,$44,$3,$75,$178,$43,$0,$2,$4,$47,$0,$-91,$-7,$131,$178,$-48,$8,$33,$42,$-2,$-1,$1,$-7,$-11,$-19,$-1,$0,$-12,$0,$0,$0,$0,$-13,$0,$0,$0,$0,$0,$0,$-0,$0,$-31,$4,$0
11,2015-10-31,6.47,$4.54,1.42,$3.34,1.94,$-1.96,0.0,$-0.95,0.0,$0.10B,$0.04B,2.42,$0.00B,$0.15B,0.0,$0.11B,$0.05B,42.34%,$0.11B,$-0.03B,-27.93%,$0.11B,$-0.03B,-27.93%,$0.11B,$-0.02B,-20.72%,$0.11B,$-0.03B,-30.63%,$0.11B,$-0.03B,-28.83%,$-0.03B,$0.15B,-19.72%,$-0.03B,$0.09B,-32.57%,$-0.03B,$0.20B,-15.44%,$-0.03B,$0.15B,-19.11%,$29,$22,$7,$8,$9,$41,$-12,$0,$-12,$-1,$-11,$-11,$-11,$-10,$-12,$34,34,$-0.31,$-0.31,$63,$2,$0,$104,$15,$11,$68,$3,$97,$201,$43,$0,$4,$5,$48,$0,$-69,$-6,$153,$201,$-25,$6,$13,$19,$1,$-1,$1,$-9,$-12,$-19,$-3,$0,$-12,$0,$1,$1,$0,$-13,$0,$0,$0,$0,$0,$0,$0,$0,$-32,$3,$0
12,2015-07-31,6.89,$4.81,1.43,$3.40,2.02,$-1.69,0.0,$-0.83,0.0,$0.11B,$0.04B,2.78,$0.00B,$0.16B,0.0,$0.11B,$0.06B,49.11%,$0.11B,$-0.03B,-22.32%,$0.11B,$-0.03B,-22.32%,$0.11B,$-0.02B,-15.18%,$0.11B,$-0.03B,-25.89%,$0.11B,$-0.03B,-24.11%,$-0.03B,$0.16B,-16.00%,$-0.03B,$0.09B,-24.88%,$-0.03B,$0.21B,-12.74%,$-0.03B,$0.16B,-14.81%,$28,$13,$14,$8,$9,$33,$-5,$-0,$-5,$0,$-5,$-5,$-5,$-3,$-5,$33,33,$-0.16,$-0.16,$65,$3,$0,$108,$15,$11,$69,$3,$98,$206,$39,$0,$4,$7,$45,$0,$-58,$-6,$160,$206,$-15,$4,$3,$7,$-1,$-1,$2,$-6,$-10,$-18,$-2,$0,$-12,$0,$2,$2,$0,$-12,$0,$0,$0,$0,$0,$0,$0,$0,$-29,$2,$0
13,2015-04-30,6.71,$4.94,1.36,$3.48,1.93,$-1.39,0.0,$-0.84,0.0,$0.11B,$0.04B,2.85,$0.00B,$0.17B,0.0,$0.11B,$0.06B,49.12%,$0.11B,$-0.03B,-21.93%,$0.11B,$-0.03B,-21.93%,$0.11B,$-0.02B,-14.91%,$0.11B,$-0.03B,-26.32%,$0.11B,$-0.03B,-24.56%,$-0.03B,$0.17B,-16.00%,$-0.03B,$0.09B,-23.68%,$-0.03B,$0.21B,-12.84%,$-0.03B,$0.17B,-14.29%,$23,$13,$10,$10,$8,$33,$-9,$-0,$-10,$0,$-10,$-10,$-10,$-7,$-9,$33,33,$-0.29,$-0.29,$76,$3,$0,$110,$15,$12,$71,$2,$100,$210,$39,$0,$4,$6,$45,$0,$-53,$-6,$165,$210,$-10,$2,$1,$3,$8,$-0,$0,$-6,$-0,$-7,$-0,$0,$-12,$0,$1,$1,$0,$-11,$0,$0,$0,$0,$0,$0,$0,$0,$-17,$1,$0
14,2015-01-31,7.06,$5.23,1.35,$3.52,2.01,$-1.35,0.0,$-0.84,0.0,$0.14B,$0.04B,3.88,$0.00B,$0.17B,0.0,$0.12B,$0.06B,49.57%,$0.12B,$-0.03B,-22.61%,$0.12B,$-0.03B,-22.61%,$0.12B,$-0.02B,-14.78%,$0.12B,$-0.03B,-26.09%,$0.12B,$-0.03B,-23.48%,$-0.03B,$0.17B,-14.84%,$-0.03B,$0.12B,-21.01%,$-0.03B,$0.21B,-11.97%,$-0.03B,$0.17B,-14.29%,$31,$15,$16,$10,$8,$37,$-5,$-2,$-7,$-1,$-6,$-6,$-6,$-3,$-5,$33,33,$-0.19,$-0.19,$99,$3,$0,$136,$16,$10,$48,$2,$76,$212,$35,$0,$3,$6,$41,$0,$-43,$-6,$171,$212,$-27,$9,$3,$12,$4,$3,$-2,$-6,$1,$-13,$-2,$0,$-3,$0,$-4,$-4,$0,$-8,$0,$0,$0,$-6,$-6,$0,$0,$-6,$-26,$3,$0
15,2014-10-31,6.76,$5.47,1.24,$3.65,1.85,$-0.73,0.0,$-0.68,0.0,$0.14B,$0.04B,3.95,$0.00B,$0.18B,0.0,$0.12B,$0.06B,49.17%,$0.12B,$-0.02B,-18.33%,$0.12B,$-0.02B,-18.33%,$0.12B,$-0.01B,-10.83%,$0.12B,$-0.02B,-20.00%,$0.12B,$-0.02B,-18.33%,$-0.02B,$0.18B,-11.56%,$-0.02B,$0.13B,-16.39%,$-0.02B,$0.22B,-9.32%,$-0.02B,$0.18B,-11.56%,$30,$15,$15,$10,$8,$36,$-6,$-1,$-7,$-0,$-6,$-6,$-6,$-4,$-6,$33,33,$-0.19,$-0.19,$101,$4,$0,$139,$17,$11,$52,$1,$81,$220,$35,$0,$3,$6,$41,$0,$-37,$-4,$179,$220,$-21,$7,$3,$10,$7,$2,$-1,$-6,$-0,$-12,$-1,$0,$0,$0,$-3,$-3,$0,$-5,$0,$0,$0,$-6,$-6,$0,$0,$-6,$-21,$3,$0
16,2014-07-31,7.49,$5.68,1.32,$3.86,1.94,$-0.22,0.0,$-0.47,0.0,$0.15B,$0.04B,3.85,$0.00B,$0.19B,0.0,$0.13B,$0.07B,50.78%,$0.13B,$-0.02B,-11.72%,$0.13B,$-0.02B,-11.72%,$0.13B,$-0.01B,-4.69%,$0.13B,$-0.02B,-13.28%,$0.13B,$-0.02B,-11.72%,$-0.02B,$0.19B,-7.61%,$-0.02B,$0.13B,-10.75%,$-0.02B,$0.23B,-6.13%,$-0.02B,$0.19B,-7.61%,$30,$14,$15,$11,$8,$35,$-5,$-0,$-6,$0,$-6,$-6,$-6,$-3,$-5,$33,33,$-0.17,$-0.17,$103,$5,$0,$146,$17,$11,$55,$1,$84,$230,$38,$0,$3,$7,$45,$0,$-31,$-2,$185,$230,$-15,$5,$1,$6,$4,$1,$-1,$-2,$-1,$-10,$-1,$0,$0,$0,$-4,$-4,$0,$-4,$0,$0,$0,$-6,$-6,$0,$0,$-6,$-19,$1,$0
17,2014-04-30,9.37,$5.87,1.6,$4.10,2.29,$0.19,49.21,$-0.31,0.0,$0.16B,$0.04B,3.76,$0.00B,$0.19B,0.0,$0.14B,$0.07B,52.59%,$0.14B,$-0.01B,-6.67%,$0.14B,$-0.01B,-6.67%,$0.14B,0,0.00%,$0.14B,$-0.01B,-8.15%,$0.14B,$-0.01B,-6.67%,$-0.01B,$0.19B,-4.47%,$-0.01B,$0.14B,-6.32%,$-0.01B,$0.24B,-3.58%,$-0.01B,$0.19B,-4.47%,$24,$13,$11,$11,$8,$34,$-10,$0,$-10,$-0,$-9,$-9,$-9,$-7,$-10,$33,33,$-0.29,$-0.29,$110,$6,$0,$155,$17,$9,$58,$1,$85,$240,$41,$0,$3,$6,$48,$0,$-25,$-2,$193,$240,$-9,$3,$1,$3,$5,$0,$1,$-1,$1,$-5,$-0,$0,$0,$0,$-3,$-3,$0,$-3,$0,$0,$0,$-4,$-4,$0,$0,$-4,$-12,$1,$0
18,2014-01-31,11.96,$6.20,1.93,$4.45,2.69,$0.44,27.08,$-0.08,0.0,$0.17B,$0.04B,3.93,$0.00B,$0.20B,0.0,$0.15B,$0.08B,53.74%,$0.15B,$-0.00B,-0.68%,$0.15B,$-0.00B,-0.68%,$0.15B,$0.01B,5.44%,$0.15B,$-0.00B,-2.04%,$0.15B,$-0.00B,-1.36%,$-0.00B,$0.20B,-0.99%,$-0.00B,$0.15B,-1.39%,$-0.00B,$0.25B,-0.78%,$-0.00B,$0.20B,-0.49%,$36,$18,$18,$10,$8,$36,$-1,$0,$-1,$1,$-1,$-1,$-1,$1,$-1,$33,33,$-0.04,$-0.04,$121,$7,$0,$169,$19,$8,$58,$1,$85,$254,$43,$0,$3,$7,$50,$0,$-16,$-2,$204,$254,$-3,$9,$2,$11,$5,$-0,$-1,$-3,$-2,$7,$-2,$0,$-4,$0,$2,$2,$5,$1,$0,$0,$0,$1,$1,$0,$0,$1,$9,$3,$0
19,2013-10-31,14.19,$6.26,2.27,$4.74,3.0,$0.70,20.29,$0.16,88.69,$0.17B,$0.04B,4.0,$0.00B,$0.21B,0.0,$0.16B,$0.09B,55.77%,$0.16B,$0.01B,3.21%,$0.16B,$0.01B,3.21%,$0.16B,$0.02B,9.62%,$0.16B,$0.00B,1.92%,$0.16B,$0.01B,3.85%,$0.01B,$0.21B,2.96%,$0.01B,$0.15B,4.22%,$0.01B,$0.25B,2.32%,$0.01B,$0.21B,2.47%,$38,$17,$21,$10,$9,$37,$1,$-0,$0,$-0,$1,$1,$1,$3,$1,$33,34,$0.02,$0.02,$118,$7,$0,$165,$19,$9,$60,$1,$89,$254,$41,$0,$2,$7,$48,$0,$-14,$-1,$206,$254,$-2,$7,$9,$16,$0,$-1,$-2,$-1,$-9,$5,$-2,$0,$-4,$0,$3,$3,$4,$1,$0,$0,$0,$1,$1,$0,$0,$1,$7,$2,$0
20,2013-07-31,11.78,$6.18,1.91,$4.82,2.44,$0.44,27.01,$0.16,73.63,$0.17B,$0.05B,3.48,$0.00B,$0.20B,0.0,$0.16B,$0.09B,54.78%,$0.16B,$0.00B,1.27%,$0.16B,$0.00B,1.27%,$0.16B,$0.01B,8.28%,$0.16B,$0.00B,1.27%,$0.16B,$0.01B,3.18%,$0.01B,$0.20B,2.52%,$0.01B,$0.14B,3.63%,$0.01B,$0.26B,1.94%,$0.00B,$0.20B,1.01%,$37,$16,$21,$10,$9,$37,$1,$-0,$0,$-0,$0,$0,$-0,$3,$1,$33,33,$-0.01,$-0.01,$119,$8,$0,$170,$19,$8,$60,$1,$88,$257,$49,$0,$3,$7,$56,$0,$-15,$-3,$202,$257,$-2,$5,$2,$6,$2,$-1,$-0,$5,$0,$5,$-1,$0,$-3,$0,$2,$2,$4,$2,$0,$0,$0,$0,$0,$0,$0,$0,$7,$2,$0
21,2013-04-30,10.86,$6.16,1.76,$4.80,2.26,$0.11,94.85,$0.01,0.0,$0.17B,$0.05B,3.37,$0.00B,$0.20B,0.0,$0.16B,$0.08B,52.23%,$0.16B,$-0.01B,-4.46%,$0.16B,$-0.01B,-4.46%,$0.16B,$0.01B,3.18%,$0.16B,$-0.01B,-3.82%,$0.16B,$-0.00B,-0.64%,$-0.00B,$0.20B,-0.51%,$-0.00B,$0.14B,-0.74%,$-0.00B,$0.26B,-0.39%,$-0.01B,$0.20B,-3.56%,$36,$16,$19,$10,$10,$37,$-2,$-0,$-2,$-0,$-2,$-2,$-2,$1,$-2,$33,33,$-0.06,$-0.06,$115,$8,$0,$168,$19,$9,$60,$1,$89,$257,$50,$0,$3,$7,$57,$0,$-13,$-3,$200,$257,$-2,$2,$1,$3,$5,$-1,$-1,$-0,$2,$3,$-1,$0,$-3,$0,$1,$1,$2,$-1,$0,$0,$0,$0,$0,$0,$0,$0,$2,$1,$0
22,2013-01-31,11.15,$6.23,1.79,$4.83,2.31,$0.11,102.95,$-0.53,0.0,$0.17B,$0.06B,3.14,$0.00B,$0.20B,0.0,$0.16B,$0.08B,52.53%,$0.16B,$-0.01B,-3.80%,$0.16B,$-0.01B,-3.80%,$0.16B,$0.01B,3.80%,$0.16B,$-0.00B,-2.53%,$0.16B,$-0.02B,-12.03%,$-0.02B,$0.20B,-9.73%,$-0.02B,$0.14B,-14.37%,$-0.02B,$0.27B,-7.31%,$-0.01B,$0.20B,-3.07%,$45,$18,$26,$10,$9,$40,$5,$0,$5,$-1,$6,$6,$7,$8,$5,$32,32,$0.19,$0.19,$114,$7,$0,$172,$18,$10,$63,$2,$93,$265,$55,$0,$3,$8,$62,$0,$-13,$-2,$202,$265,$-19,$11,$24,$35,$2,$3,$-0,$-6,$-1,$17,$-4,$0,$-8,$0,$-1,$-1,$26,$13,$0,$0,$0,$-4,$-4,$0,$0,$-4,$26,$6,$0
23,2012-10-31,9.05,$5.96,1.52,$4.81,1.88,$0.10,93.01,$-0.89,0.0,$0.15B,$0.05B,3.17,$0.00B,$0.19B,0.0,$0.16B,$0.08B,52.56%,$0.16B,$-0.01B,-8.33%,$0.16B,$-0.01B,-8.33%,$0.16B,$-0.00B,-1.28%,$0.16B,$-0.01B,-7.69%,$0.16B,$-0.03B,-19.87%,$-0.03B,$0.19B,-15.70%,$-0.03B,$0.13B,-23.26%,$-0.03B,$0.25B,-11.55%,$-0.01B,$0.19B,-6.58%,$39,$19,$20,$9,$10,$41,$-2,$0,$-1,$-1,$-0,$-0,$-0,$1,$-2,$32,32,$0.00,$0.00,$89,$8,$0,$153,$19,$14,$63,$1,$97,$250,$48,$0,$4,$10,$59,$0,$-18,$-3,$191,$250,$-26,$8,$23,$31,$-3,$2,$-2,$-7,$-9,$-3,$-2,$0,$-8,$0,$-0,$-0,$23,$12,$0,$0,$0,$-5,$-5,$0,$0,$-5,$4,$4,$0
24,2012-07-31,7.57,$5.93,1.28,$4.91,1.54,$0.44,17.31,$-0.90,0.0,$0.16B,$0.04B,3.62,$0.00B,$0.19B,0.0,$0.16B,$0.09B,53.75%,$0.16B,$-0.01B,-6.25%,$0.16B,$-0.01B,-6.25%,$0.16B,$0.00B,0.63%,$0.16B,$-0.01B,-6.25%,$0.16B,$-0.03B,-19.38%,$-0.03B,$0.19B,-15.16%,$-0.03B,$0.13B,-23.40%,$-0.03B,$0.26B,-11.08%,$-0.01B,$0.19B,-4.89%,$37,$20,$17,$9,$10,$44,$-8,$-0,$-8,$0,$-8,$-8,$-6,$-5,$-8,$33,33,$-0.18,$-0.18,$97,$8,$1,$159,$19,$13,$62,$1,$96,$255,$44,$0,$11,$17,$61,$0,$-18,$-5,$194,$255,$-26,$5,$23,$28,$2,$1,$-1,$-11,$-9,$-6,$-1,$0,$-5,$0,$-1,$-1,$24,$18,$0,$0,$0,$0,$0,$0,$1,$1,$12,$3,$0
25,2012-04-30,8.22,$5.97,1.38,$4.96,1.66,$1.08,7.64,$-0.72,0.0,$0.16B,$0.06B,2.66,$0.00B,$0.19B,0.0,$0.16B,$0.09B,56.52%,$0.16B,$-0.00B,-0.62%,$0.16B,$-0.00B,-0.62%,$0.16B,$0.01B,6.21%,$0.16B,$-0.00B,-0.62%,$0.16B,$-0.02B,-14.91%,$-0.02B,$0.19B,-11.40%,$-0.02B,$0.13B,-18.46%,$-0.02B,$0.27B,-8.25%,$-0.00B,$0.19B,-0.48%,$37,$16,$20,$10,$10,$38,$-1,$1,$-0,$0,$-0,$-0,$-20,$2,$-1,$33,33,$-0.60,$-0.60,$88,$11,$1,$155,$20,$10,$66,$2,$115,$270,$58,$0,$11,$18,$76,$0,$-13,$-8,$194,$270,$-20,$3,$19,$22,$10,$-1,$-0,$-2,$1,$3,$-1,$0,$-1,$0,$2,$2,$-1,$-1,$0,$0,$0,$-0,$-0,$0,$0,$-0,$2,$1,$0
26,2012-01-31,7.18,$6.49,1.11,$5.09,1.41,$1.20,5.97,$-0.13,0.0,$0.17B,$0.07B,2.55,$0.00B,$0.21B,0.0,$0.16B,$0.09B,56.71%,$0.16B,$-0.00B,-0.61%,$0.16B,$-0.00B,-0.61%,$0.16B,$0.01B,6.10%,$0.16B,$-0.00B,-1.22%,$0.16B,$-0.00B,-2.44%,$-0.00B,$0.21B,-1.85%,$-0.00B,$0.14B,-3.15%,$-0.00B,$0.30B,-1.33%,$-0.00B,$0.21B,-0.46%,$43,$18,$25,$9,$11,$46,$-2,$-0,$-3,$2,$-5,$-5,$-5,$0,$-2,$32,32,$-0.15,$-0.15,$90,$10,$1,$170,$20,$7,$67,$2,$129,$299,$67,$0,$12,$21,$88,$0,$7,$-10,$211,$299,$-4,$12,$16,$28,$-0,$-1,$-3,$-10,$-10,$14,$-2,$0,$-5,$0,$-0,$-0,$-2,$-9,$0,$0,$0,$2,$2,$0,$0,$2,$7,$3,$0
27,2011-10-31,8.44,$6.81,1.24,$5.54,1.52,$1.22,6.94,$0.36,23.44,$0.16B,$0.06B,2.8,$0.00B,$0.22B,0.0,$0.18B,$0.10B,55.87%,$0.18B,$0.01B,5.59%,$0.18B,$0.01B,5.59%,$0.18B,$0.02B,11.17%,$0.18B,$0.01B,6.15%,$0.18B,$0.01B,6.70%,$0.01B,$0.22B,5.57%,$0.01B,$0.13B,10.04%,$0.01B,$0.30B,3.96%,$0.01B,$0.22B,4.65%,$43,$19,$24,$11,$10,$42,$1,$-0,$1,$-0,$1,$1,$0,$4,$1,$32,33,$0.01,$0.01,$84,$13,$0,$155,$35,$8,$93,$2,$140,$295,$55,$0,$11,$21,$76,$0,$11,$-6,$219,$295,$1,$9,$10,$19,$6,$-1,$-7,$-12,$-12,$7,$-1,$0,$-4,$0,$-5,$-5,$-1,$-11,$0,$0,$0,$2,$2,$0,$0,$2,$-2,$3,$0
28,2011-07-31,9.56,$6.79,1.41,$5.79,1.65,$1.22,7.84,$0.18,53.11,$0.16B,$0.06B,2.72,$0.00B,$0.22B,0.0,$0.19B,$0.10B,53.51%,$0.19B,$0.01B,2.70%,$0.19B,$0.01B,2.70%,$0.19B,$0.02B,8.65%,$0.19B,$0.01B,3.78%,$0.19B,$0.01B,3.78%,$0.01B,$0.22B,3.33%,$0.01B,$0.12B,6.19%,$0.01B,$0.30B,2.31%,$0.01B,$0.22B,2.38%,$38,$16,$22,$10,$9,$38,$1,$0,$1,$-0,$1,$1,$1,$4,$1,$32,33,$0.02,$0.02,$95,$15,$0,$159,$35,$6,$96,$2,$141,$300,$59,$0,$13,$23,$82,$0,$11,$-5,$218,$300,$0,$6,$10,$16,$14,$-1,$-6,$-9,$-2,$14,$-1,$0,$-3,$0,$1,$1,$-1,$-4,$0,$0,$0,$2,$2,$0,$0,$2,$13,$2,$0
29,2011-04-30,10.71,$6.72,1.59,$6.23,1.72,$0.90,11.93,$0.27,39.67,$0.17B,$0.07B,2.35,$0.00B,$0.22B,0.0,$0.20B,$0.10B,51.26%,$0.20B,$0.00B,2.01%,$0.20B,$0.00B,2.01%,$0.20B,$0.02B,8.04%,$0.20B,$0.01B,3.02%,$0.20B,$0.01B,5.03%,$0.01B,$0.22B,4.86%,$0.01B,$0.12B,9.22%,$0.01B,$0.31B,3.32%,$0.00B,$0.22B,1.94%,$40,$18,$22,$10,$12,$41,$-1,$0,$-1,$-0,$-0,$-0,$-0,$2,$-1,$32,32,$-0.01,$-0.01,$89,$14,$0,$167,$36,$5,$99,$2,$144,$311,$71,$0,$13,$25,$96,$0,$10,$-4,$215,$311,$-0,$3,$3,$6,$5,$-1,$-2,$-1,$1,$7,$-0,$0,$-3,$0,$1,$1,$-0,$-3,$0,$0,$0,$1,$1,$0,$0,$1,$6,$1,$0
30,2011-01-31,8.28,$6.57,1.26,$6.69,1.24,$1.03,8.0,$1.06,7.81,$0.16B,$0.07B,2.34,$0.00B,$0.21B,0.0,$0.21B,$0.11B,50.00%,$0.21B,$-0.00B,0.00%,$0.21B,$-0.00B,0.00%,$0.21B,$0.01B,6.07%,$0.21B,$0.03B,12.62%,$0.21B,$0.03B,14.02%,$0.03B,$0.21B,14.94%,$0.03B,$0.11B,28.78%,$0.03B,$0.31B,10.00%,$-0.00B,$0.21B,0.00%,$58,$26,$32,$10,$11,$49,$9,$1,$10,$-1,$11,$11,$11,$10,$9,$32,32,$0.35,$0.34,$82,$11,$0,$162,$35,$7,$95,$2,$144,$305,$69,$0,$15,$27,$96,$0,$11,$-9,$209,$305,$29,$11,$-24,$-12,$6,$-2,$0,$-5,$-1,$16,$-3,$0,$-15,$0,$37,$37,$-1,$18,$0,$0,$0,$1,$1,$0,$0,$1,$35,$3,$0
31,2010-10-31,8.04,$6.32,1.27,$6.57,1.22,$0.61,13.1,$0.72,11.17,$0.14B,$0.06B,2.28,$0.00B,$0.20B,0.0,$0.21B,$0.10B,48.80%,$0.21B,$-0.01B,-3.83%,$0.21B,$-0.01B,-3.83%,$0.21B,$0.01B,3.35%,$0.21B,$0.02B,8.13%,$0.21B,$0.02B,9.09%,$0.02B,$0.20B,9.84%,$0.02B,$0.10B,19.05%,$0.02B,$0.30B,6.54%,$-0.01B,$0.20B,-4.15%,$49,$26,$23,$12,$12,$53,$-4,$0,$-3,$2,$-5,$-5,$-5,$0,$-4,$31,31,$-0.17,$-0.17,$68,$15,$0,$143,$38,$12,$99,$3,$152,$295,$63,$0,$13,$33,$96,$0,$1,$-8,$199,$295,$19,$10,$-28,$-18,$9,$0,$0,$-5,$8,$9,$-4,$0,$-10,$0,$32,$32,$-5,$14,$0,$0,$0,$1,$1,$0,$0,$1,$24,$1,$0
32,2010-07-31,8.96,$6.37,1.41,$6.70,1.34,$0.54,16.67,$0.91,9.85,$0.14B,$0.06B,2.43,$0.00B,$0.20B,0.0,$0.21B,$0.11B,50.23%,$0.21B,$-0.00B,-1.41%,$0.21B,$-0.00B,-1.41%,$0.21B,$0.01B,5.16%,$0.21B,$0.02B,9.86%,$0.21B,$0.03B,11.74%,$0.03B,$0.20B,13.26%,$0.03B,$0.10B,25.38%,$0.03B,$0.29B,8.83%,$-0.00B,$0.20B,-1.59%,$52,$27,$25,$12,$11,$51,$0,$0,$0,$-3,$4,$4,$4,$4,$0,$31,32,$0.11,$0.11,$69,$15,$0,$144,$39,$12,$96,$3,$151,$294,$59,$0,$16,$35,$94,$0,$6,$-11,$200,$294,$24,$7,$-29,$-23,$9,$2,$-4,$-3,$5,$6,$-3,$0,$-10,$0,$31,$31,$-2,$17,$0,$0,$0,$1,$1,$0,$0,$1,$24,$1,$0
33,2010-04-30,8.33,$6.22,1.34,$6.59,1.26,$0.75,11.12,$0.79,10.54,$0.15B,$0.07B,2.11,$0.00B,$0.20B,0.0,$0.21B,$0.11B,50.96%,$0.21B,$-0.00B,-1.44%,$0.21B,$-0.00B,-1.44%,$0.21B,$0.01B,4.33%,$0.21B,$0.02B,10.10%,$0.21B,$0.02B,10.10%,$0.02B,$0.20B,11.48%,$0.02B,$0.10B,19.40%,$0.02B,$0.31B,7.76%,$-0.00B,$0.20B,-1.64%,$55,$27,$27,$14,$13,$59,$-5,$25,$20,$-0,$20,$20,$20,$-1,$-5,$31,32,$0.65,$0.64,$77,$18,$0,$154,$39,$13,$96,$2,$152,$306,$73,$0,$16,$37,$111,$0,$1,$-11,$195,$306,$20,$3,$-31,$-28,$9,$-0,$2,$0,$20,$12,$-2,$0,$-10,$0,$30,$30,$0,$19,$0,$0,$0,$1,$1,$0,$0,$1,$32,$0,$0
34,2010-01-31,6.47,$5.70,1.14,$6.44,1.0,$0.65,9.91,$0.04,161.75,$0.12B,$0.06B,2.0,$0.00B,$0.18B,0.0,$0.20B,$0.10B,51.49%,$0.20B,$0.00B,1.49%,$0.20B,$0.00B,1.49%,$0.20B,$0.01B,6.93%,$0.20B,$0.00B,0.99%,$0.20B,$0.00B,0.99%,$0.00B,$0.18B,1.13%,$0.00B,$0.10B,1.69%,$0.00B,$0.27B,0.78%,$0.00B,$0.18B,1.69%,$53,$26,$27,$13,$12,$52,$1,$-1,$0,$0,$0,$0,$0,$4,$1,$31,32,$0.00,$0.00,$40,$18,$0,$122,$40,$22,$82,$1,$145,$267,$61,$0,$10,$28,$89,$0,$-17,$-8,$178,$267,$1,$12,$4,$15,$-4,$-6,$-3,$8,$-8,$9,$-9,$0,$-35,$0,$9,$9,$2,$-33,$0,$0,$0,$-1,$-1,$0,$0,$-1,$-25,$3,$0
35,2009-10-31,6.77,$5.86,1.16,$6.49,1.04,$0.94,7.21,$0.19,35.63,$0.11B,$0.06B,2.03,$0.00B,$0.18B,0.0,$0.20B,$0.11B,51.72%,$0.20B,$0.01B,2.96%,$0.20B,$0.01B,2.96%,$0.20B,$0.02B,7.88%,$0.20B,$0.01B,2.46%,$0.20B,$0.01B,3.45%,$0.01B,$0.18B,3.98%,$0.01B,$0.10B,5.41%,$0.01B,$0.27B,2.84%,$0.01B,$0.18B,3.41%,$53,$26,$28,$13,$13,$53,$1,$0,$1,$0,$1,$1,$1,$4,$1,$31,32,$0.02,$0.02,$42,$19,$0,$113,$40,$25,$86,$1,$152,$265,$56,$0,$8,$28,$84,$0,$-17,$-4,$181,$265,$1,$8,$3,$11,$8,$-4,$-4,$-1,$-2,$10,$-7,$0,$-35,$0,$-2,$-2,$2,$-42,$0,$0,$0,$-1,$-1,$0,$0,$-0,$-31,$2,$0
36,2009-07-31,9.15,$5.77,1.59,$6.47,1.41,$0.80,11.48,$0.28,32.68,$0.14B,$0.05B,2.76,$0.00B,$0.18B,0.0,$0.20B,$0.11B,51.98%,$0.20B,$0.01B,4.95%,$0.20B,$0.01B,4.95%,$0.20B,$0.02B,9.90%,$0.20B,$0.01B,4.46%,$0.20B,$0.01B,4.46%,$0.01B,$0.18B,5.19%,$0.01B,$0.14B,6.42%,$0.01B,$0.24B,3.79%,$0.01B,$0.18B,5.77%,$47,$23,$24,$12,$11,$47,$-0,$0,$-0,$-0,$-0,$-0,$-0,$2,$-0,$31,31,$-0.01,$-0.01,$80,$20,$0,$141,$40,$27,$35,$1,$103,$244,$51,$0,$2,$15,$66,$0,$-18,$-5,$178,$244,$1,$5,$2,$7,$12,$-5,$2,$2,$8,$15,$-6,$0,$-1,$0,$-1,$-1,$2,$-6,$0,$0,$0,$-1,$-1,$0,$0,$-1,$9,$1,$0
37,2009-04-30,6.27,$5.64,1.11,$6.59,0.95,$0.34,18.51,$0.34,18.44,$0.15B,$0.06B,2.53,$0.00B,$0.17B,0.0,$0.21B,$0.11B,51.46%,$0.21B,$0.01B,5.34%,$0.21B,$0.01B,5.34%,$0.21B,$0.02B,10.19%,$0.21B,$0.01B,5.34%,$0.21B,$0.01B,4.85%,$0.01B,$0.17B,5.82%,$0.01B,$0.14B,7.21%,$0.01B,$0.24B,4.28%,$0.01B,$0.17B,6.40%,$49,$24,$25,$12,$11,$48,$1,$0,$1,$0,$1,$1,$1,$4,$1,$31,31,$0.03,$0.03,$77,$18,$0,$147,$37,$26,$33,$1,$97,$244,$58,$0,$2,$13,$71,$0,$-18,$-9,$173,$244,$1,$2,$1,$3,$-2,$-2,$2,$9,$6,$10,$-2,$0,$-1,$0,$-1,$-1,$0,$-4,$0,$0,$0,$-2,$-2,$0,$0,$-2,$4,$1,$0
38,2009-01-31,5.92,$5.57,1.06,$6.49,0.91,$-0.16,0.0,$0.32,18.5,$0.14B,$0.05B,2.75,$0.00B,$0.17B,0.0,$0.20B,$0.10B,51.49%,$0.20B,$0.01B,4.95%,$0.20B,$0.01B,4.95%,$0.20B,$0.02B,9.90%,$0.20B,$0.01B,5.45%,$0.20B,$0.01B,4.46%,$0.01B,$0.17B,5.24%,$0.01B,$0.14B,6.52%,$0.01B,$0.23B,3.94%,$0.01B,$0.17B,5.82%,$54,$26,$28,$11,$12,$50,$4,$-0,$3,$-2,$5,$5,$5,$6,$4,$31,31,$0.15,$0.15,$73,$17,$0,$141,$35,$25,$32,$0,$93,$234,$51,$0,$2,$10,$62,$0,$-19,$-10,$172,$234,$10,$9,$6,$16,$-16,$-8,$3,$16,$-4,$22,$-13,$0,$-3,$0,$3,$3,$-2,$-15,$0,$0,$0,$-3,$-3,$0,$0,$-3,$-1,$4,$0
39,2008-10-31,7.64,$5.55,1.38,$6.36,1.2,$-0.08,0.0,$0.65,11.75,$0.14B,$0.05B,2.5,$0.00B,$0.17B,0.0,$0.20B,$0.10B,51.02%,$0.20B,$0.01B,3.57%,$0.20B,$0.01B,3.57%,$0.20B,$0.02B,9.18%,$0.20B,$0.02B,10.20%,$0.20B,$0.02B,8.16%,$0.02B,$0.17B,9.41%,$0.02B,$0.14B,11.83%,$0.02B,$0.23B,7.13%,$0.01B,$0.17B,4.12%,$52,$24,$28,$10,$12,$47,$5,$0,$5,$1,$4,$3,$3,$8,$5,$31,31,$0.11,$0.11,$68,$17,$0,$136,$35,$25,$32,$0,$92,$228,$54,$0,$2,$4,$58,$0,$-24,$-5,$170,$228,$5,$7,$5,$12,$-17,$-7,$1,$13,$-8,$9,$-10,$0,$-0,$0,$1,$1,$0,$-9,$0,$0,$0,$-4,$-4,$0,$0,$-4,$-7,$3,$0
40,2008-07-31,7.42,$5.64,1.32,$6.35,1.17,$0.12,59.98,$0.65,11.42,$0.14B,$0.05B,2.65,$0.00B,$0.17B,0.0,$0.19B,$0.10B,49.74%,$0.19B,$0.01B,2.59%,$0.19B,$0.01B,2.59%,$0.19B,$0.02B,8.29%,$0.19B,$0.02B,9.84%,$0.19B,$0.02B,8.29%,$0.02B,$0.17B,9.68%,$0.02B,$0.14B,12.33%,$0.02B,$0.23B,7.37%,$0.01B,$0.17B,3.03%,$51,$26,$25,$11,$12,$50,$1,$1,$2,$0,$2,$1,$1,$3,$1,$31,31,$0.05,$0.05,$71,$16,$0,$138,$35,$20,$35,$0,$90,$228,$52,$0,$2,$4,$56,$0,$-27,$2,$172,$228,$2,$5,$3,$7,$-15,$-4,$3,$11,$-6,$3,$-8,$0,$-0,$0,$3,$3,$0,$-5,$0,$0,$0,$-5,$-5,$0,$0,$-5,$-6,$2,$0
41,2008-04-30,7.16,$5.60,1.28,$6.21,1.15,$0.22,32.31,$0.33,21.7,$0.14B,$0.05B,2.96,$0.00B,$0.17B,0.0,$0.19B,$0.09B,46.24%,$0.19B,$-0.01B,-2.69%,$0.19B,$-0.01B,-2.69%,$0.19B,$0.01B,4.30%,$0.19B,$0.01B,4.84%,$0.19B,$0.01B,3.76%,$0.01B,$0.17B,4.41%,$0.01B,$0.14B,5.68%,$0.01B,$0.22B,3.35%,$-0.01B,$0.17B,-3.15%,$45,$23,$23,$10,$12,$45,$0,$1,$1,$0,$1,$0,$0,$3,$0,$30,31,$0.01,$0.01,$72,$17,$0,$141,$27,$20,$36,$0,$84,$224,$48,$0,$2,$4,$51,$0,$-28,$2,$173,$224,$0,$2,$2,$4,$-15,$-3,$-0,$6,$-12,$-7,$-1,$0,$0,$0,$-2,$-2,$0,$-2,$0,$0,$0,$-1,$-1,$0,$0,$-1,$-11,$1,$0
42,2008-01-31,7.02,$5.53,1.27,$6.06,1.16,$0.54,13.11,$0.20,35.1,$0.14B,$0.05B,2.88,$0.00B,$0.17B,0.0,$0.18B,$0.08B,45.00%,$0.18B,$-0.01B,-5.00%,$0.18B,$-0.01B,-5.00%,$0.18B,$0.00B,2.22%,$0.18B,$0.00B,2.22%,$0.18B,$0.00B,1.11%,$0.00B,$0.17B,1.30%,$0.00B,$0.13B,1.69%,$0.00B,$0.22B,0.98%,$-0.01B,$0.17B,-5.85%,$48,$24,$24,$10,$11,$46,$1,$11,$12,$0,$12,$12,$12,$4,$1,$30,30,$0.42,$0.42,$83,$14,$0,$135,$28,$18,$36,$0,$83,$218,$47,$0,$1,$5,$52,$0,$-29,$2,$165,$218,$3,$12,$-2,$11,$0,$3,$-0,$-5,$3,$16,$-5,$0,$-0,$0,$19,$19,$0,$14,$0,$0,$0,$3,$3,$0,$0,$3,$32,$4,$0
43,2007-10-31,6.21,$5.11,1.22,$5.86,1.06,$-0.05,0.0,$-0.41,0.0,$0.12B,$0.04B,2.68,$0.00B,$0.15B,0.0,$0.17B,$0.07B,43.02%,$0.17B,$-0.02B,-8.72%,$0.17B,$-0.02B,-8.72%,$0.17B,$-0.00B,-0.58%,$0.17B,$-0.01B,-7.56%,$0.17B,$-0.01B,-8.14%,$-0.01B,$0.15B,-9.24%,$-0.01B,$0.12B,-12.07%,$-0.01B,$0.20B,-7.04%,$-0.02B,$0.15B,-9.90%,$49,$25,$24,$11,$10,$46,$3,$0,$4,$0,$3,$3,$3,$6,$3,$30,30,$0.11,$0.11,$58,$17,$0,$115,$28,$20,$35,$0,$83,$198,$43,$0,$2,$4,$47,$0,$-41,$3,$151,$198,$-9,$10,$9,$18,$-2,$-0,$1,$-2,$-1,$8,$-3,$0,$-0,$0,$0,$0,$0,$-3,$0,$0,$0,$1,$1,$0,$0,$1,$7,$2,$0
44,2007-07-31,6.98,$4.95,1.41,$5.66,1.23,$-0.42,0.0,$-0.56,0.0,$0.11B,$0.04B,2.36,$0.00B,$0.15B,0.0,$0.17B,$0.07B,42.42%,$0.17B,$-0.02B,-12.12%,$0.17B,$-0.02B,-12.12%,$0.17B,$-0.01B,-3.64%,$0.17B,$-0.02B,-11.52%,$0.17B,$-0.02B,-10.91%,$-0.02B,$0.15B,-11.76%,$-0.02B,$0.11B,-15.42%,$-0.02B,$0.20B,-9.05%,$-0.02B,$0.15B,-13.07%,$44,$29,$15,$11,$11,$53,$-9,$0,$-8,$0,$-8,$-8,$-8,$-5,$-9,$30,30,$-0.27,$-0.27,$45,$20,$0,$105,$29,$25,$35,$0,$90,$195,$44,$0,$2,$4,$49,$0,$-44,$2,$146,$195,$-12,$7,$7,$14,$-0,$-2,$0,$-1,$-1,$0,$-2,$0,$-0,$0,$1,$1,$0,$-1,$0,$0,$0,$1,$1,$0,$0,$1,$1,$2,$0
45,2007-04-30,8.6,$5.22,1.65,$5.75,1.49,$-0.92,0.0,$-0.27,0.0,$0.10B,$0.05B,2.25,$0.00B,$0.15B,0.0,$0.17B,$0.08B,47.31%,$0.17B,$-0.01B,-5.99%,$0.17B,$-0.01B,-5.99%,$0.17B,$0.00B,1.80%,$0.17B,$-0.01B,-5.99%,$0.17B,$-0.01B,-5.39%,$-0.01B,$0.15B,-5.79%,$-0.01B,$0.12B,-7.61%,$-0.01B,$0.20B,-4.50%,$-0.01B,$0.15B,-6.43%,$39,$21,$18,$10,$11,$43,$-4,$0,$-4,$1,$-5,$-5,$-5,$-1,$-4,$29,29,$-0.16,$-0.16,$44,$21,$0,$104,$29,$29,$36,$5,$99,$203,$46,$0,$1,$3,$49,$0,$-35,$2,$153,$203,$-5,$3,$2,$5,$1,$-2,$0,$1,$2,$2,$-0,$0,$-0,$0,$5,$5,$0,$5,$0,$0,$0,$0,$0,$0,$0,$0,$7,$1,$0
46,2007-01-31,10.0,$5.33,1.88,$5.60,1.79,$-1.29,0.0,$-0.30,0.0,$0.10B,$0.04B,2.39,$0.00B,$0.16B,0.0,$0.16B,$0.08B,47.20%,$0.16B,$-0.01B,-7.45%,$0.16B,$-0.01B,-7.45%,$0.16B,$0.00B,0.62%,$0.16B,$-0.01B,-7.45%,$0.16B,$-0.01B,-4.97%,$-0.01B,$0.16B,-5.16%,$-0.01B,$0.12B,-6.82%,$-0.01B,$0.20B,-4.03%,$-0.01B,$0.16B,-7.74%,$40,$23,$17,$10,$10,$45,$-5,$-0,$-5,$-1,$-4,$-4,$-4,$-1,$-5,$29,29,$-0.13,$-0.13,$42,$19,$0,$100,$31,$27,$37,$5,$100,$199,$42,$0,$0,$1,$43,$0,$-30,$2,$156,$199,$-8,$14,$3,$18,$1,$-5,$-0,$2,$-9,$0,$-7,$0,$-3,$0,$15,$15,$1,$6,$0,$0,$0,$3,$3,$0,$0,$3,$10,$4,$0
47,2006-10-31,8.39,$5.41,1.55,$5.39,1.56,$-2.24,0.0,$-0.27,0.0,$0.10B,$0.04B,2.35,$0.00B,$0.16B,0.0,$0.15B,$0.07B,48.05%,$0.15B,$-0.01B,-7.14%,$0.15B,$-0.01B,-7.14%,$0.15B,$0.00B,0.65%,$0.15B,$-0.01B,-6.49%,$0.15B,$-0.01B,-4.55%,$-0.01B,$0.16B,-4.53%,$-0.01B,$0.12B,-6.03%,$-0.01B,$0.20B,-3.49%,$-0.01B,$0.16B,-7.12%,$42,$23,$20,$10,$11,$45,$-2,$0,$-2,$-0,$-2,$-1,$-1,$1,$-2,$29,29,$-0.04,$-0.04,$39,$18,$0,$96,$31,$29,$38,$5,$103,$199,$41,$0,$0,$1,$42,$0,$-27,$1,$157,$199,$-5,$10,$3,$13,$3,$-3,$0,$1,$-8,$0,$-6,$0,$-3,$0,$19,$19,$1,$11,$0,$0,$0,$2,$2,$0,$0,$2,$13,$3,$0
