,Date,Stock Price,Book Value per Share,Price to Book Ratio,TTM Sales per Share,Price to Sales Ratio,TTM FCF per Share,Price to FCF Ratio,TTM Net EPS,PE Ratio,Current Assets,Current Liabilities,Current Ratio,Long Term Debt,Shareholder's Equity_x,Debt to Equity Ratio,TTM Revenue_x,TTM Gross Profit,Gross Margin,TTM Revenue_y,TTM Operating Income,Operating Margin,TTM Revenue_x,TTM EBIT,EBIT Margin,TTM Revenue_y,TTM EBITDA,EBITDA Margin,TTM Revenue_x,TTM Pre-Tax Income,Pre-Tax Margin,TTM Revenue_y,TTM Net Income_x,Net Margin,TTM Net Income_y,Shareholder's Equity_y,Return on Equity,TTM Net Income_x,Tangible Equity,Return on Tangible Equity,TTM Net Income_y,Total Assets,Return on Assets,TTM Net Income,LT Investments & Debt,Return on Investment,revenue,cost-goods-sold,gross-profit,research-development-expenses,selling-general-administrative-expenses,operating-expenses,operating-income,total-non-operating-income-expense,pre-tax-income,total-provision-income-taxes,income-after-taxes,income-from-continuous-operations,net-income,ebitda,ebit,basic-shares-outstanding,shares-outstanding,eps-basic-net-earnings-per-share,eps-earnings-per-share-diluted,cash-on-hand,inventory,other-current-assets,total-current-assets,net-property-plant-equipment,long-term-investments,goodwill-intangible-assets-total,other-long-term-assets,total-long-term-assets,total-assets,total-current-liabilities,long-term-debt,other-non-current-liabilities,total-long-term-liabilities,total-liabilities,common-stock-net,retained-earnings-accumulated-deficit,comprehensive-income,total-share-holder-equity,total-liabilities-share-holders-equity,net-income-loss,total-depreciation-amortization-cash-flow,other-non-cash-items,total-non-cash-items,change-in-accounts-receivable,change-in-inventories,change-in-accounts-payable,change-in-assets-liabilities,total-change-in-assets-liabilities,cash-flow-from-operating-activities,net-change-in-property-plant-equipment,net-change-in-intangible-assets,net-acquisitions-divestitures,net-change-in-short-term-investments,net-change-in-long-term-investments,net-change-in-investments-total,investing-activities-other,cash-flow-from-investing-activities,net-long-term-debt,net-current-debt,debt-issuance-retirement-net-total,net-common-equity-issued-repurchased,net-total-equity-issued-repurchased,total-common-preferred-stock-dividends-paid,financial-activities-other,cash-flow-from-financial-activities,net-cash-flow,stock-based-compensation,common-stock-dividends-paid
0,2018-09-30,61.1,$10.49,5.83,$10.04,6.09,$6.48,9.43,$3.16,19.34,$1.19B,$0.22B,5.38,$0.00B,$1.63B,0.0,$1.63B,$1.63B,100.00%,$1.63B,$0.45B,27.33%,$1.63B,$0.45B,27.33%,$1.63B,$0.52B,32.00%,$1.63B,$0.62B,38.27%,$1.63B,$0.51B,31.45%,$0.51B,$1.63B,32.44%,$0.51B,$1.53B,34.40%,$0.51B,$1.94B,27.03%,$0.45B,$1.63B,27.97%,$409,$0,$409,$0,$224,$296,$112,$45,$158,$29,$128,$128,$128,$132,$112,$156,161,$0.82,$0.80,$745,$29,$37,$1194,$146,$135,$97,$34,$746,$1939,$222,$0,$27,$87,$309,$2,$557,$-29,$1631,$1939,$390,$58,$30,$88,$-43,$0,$4,$-21,$-60,$418,$-55,$0,$-6,$-6,$0,$-6,$-11,$-77,$-30,$0,$-30,$-212,$-212,$-94,$0,$-336,$-2,$16,$-94
1,2018-06-30,62.52,$10.15,6.16,$9.89,6.32,$5.75,10.87,$2.99,20.91,$1.13B,$0.21B,5.46,$0.00B,$1.59B,0.0,$1.61B,$1.61B,100.00%,$1.61B,$0.43B,26.92%,$1.61B,$0.43B,26.92%,$1.61B,$0.51B,31.71%,$1.61B,$0.61B,37.76%,$1.61B,$0.49B,30.28%,$0.49B,$1.59B,31.79%,$0.49B,$1.49B,33.69%,$0.49B,$1.89B,26.31%,$0.43B,$1.59B,27.85%,$405,$0,$405,$0,$222,$295,$110,$44,$154,$33,$122,$122,$122,$130,$110,$158,162,$0.77,$0.75,$697,$29,$36,$1130,$144,$147,$99,$34,$761,$1891,$207,$0,$36,$93,$300,$2,$523,$-28,$1591,$1891,$262,$38,$23,$61,$-29,$0,$2,$-30,$-56,$263,$-37,$0,$-6,$-10,$0,$-10,$-11,$-64,$-30,$0,$-30,$-119,$-119,$-94,$0,$-244,$-51,$11,$-94
2,2018-03-31,74.57,$10.21,7.3,$9.70,7.69,$5.23,14.25,$2.81,26.54,$1.17B,$0.18B,6.43,$0.02B,$1.61B,0.01,$1.57B,$1.57B,100.00%,$1.57B,$0.42B,26.65%,$1.57B,$0.42B,26.65%,$1.57B,$0.50B,31.49%,$1.57B,$0.59B,37.34%,$1.57B,$0.46B,29.01%,$0.46B,$1.61B,30.94%,$0.46B,$1.53B,32.28%,$0.46B,$1.89B,25.57%,$0.42B,$1.63B,28.00%,$406,$0,$406,$0,$216,$289,$116,$42,$159,$19,$140,$140,$140,$135,$116,$157,163,$0.89,$0.86,$752,$22,$35,$1171,$145,$143,$81,$18,$722,$1894,$182,$20,$24,$98,$280,$2,$545,$-18,$1614,$1894,$140,$19,$13,$32,$-24,$0,$3,$-46,$-67,$104,$-18,$0,$0,$3,$0,$3,$0,$-15,$0,$-10,$-10,$-30,$-30,$-47,$0,$-87,$4,$5,$-47
3,2017-12-31,71.53,$9.40,7.61,$9.43,7.59,$5.04,14.21,$2.50,28.61,$1.14B,$0.28B,4.14,$0.03B,$1.48B,0.02,$1.53B,$1.53B,100.00%,$1.53B,$0.40B,26.02%,$1.53B,$0.40B,26.02%,$1.53B,$0.47B,30.93%,$1.53B,$0.56B,36.50%,$1.53B,$0.41B,26.54%,$0.41B,$1.48B,28.70%,$0.41B,$1.40B,29.56%,$0.41B,$1.85B,23.60%,$0.40B,$1.51B,27.79%,$408,$0,$408,$0,$223,$301,$107,$45,$152,$30,$122,$122,$122,$124,$107,$158,162,$0.78,$0.74,$748,$22,$31,$1140,$146,$154,$82,$19,$714,$1853,$275,$30,$23,$101,$377,$2,$467,$-20,$1477,$1853,$404,$76,$16,$91,$-48,$0,$-1,$15,$-34,$460,$-87,$0,$-80,$-4,$0,$-4,$-2,$-172,$30,$0,$30,$-195,$-195,$-89,$0,$-254,$49,$36,$-89
4,2017-09-30,60.53,$9.10,6.65,$9.15,6.61,$4.88,12.41,$2.30,26.32,$1.07B,$0.19B,5.52,$0.04B,$1.43B,0.03,$1.49B,$1.48B,99.66%,$1.49B,$0.39B,26.09%,$1.49B,$0.39B,26.09%,$1.49B,$0.47B,31.27%,$1.49B,$0.54B,36.18%,$1.49B,$0.37B,25.02%,$0.37B,$1.43B,27.20%,$0.37B,$1.35B,27.62%,$0.37B,$1.75B,22.39%,$0.39B,$1.47B,28.16%,$386,$0,$386,$0,$209,$287,$99,$42,$141,$39,$102,$102,$102,$120,$99,$158,161,$0.64,$0.63,$688,$21,$31,$1065,$148,$130,$82,$17,$686,$1751,$193,$40,$16,$126,$319,$2,$448,$-20,$1433,$1751,$282,$59,$28,$87,$-33,$0,$-2,$-19,$-54,$316,$-69,$0,$-80,$2,$0,$2,$-1,$-148,$40,$0,$40,$-145,$-145,$-89,$0,$-194,$-11,$20,$-89
5,2017-06-30,53.31,$8.68,6.14,$8.92,5.98,$4.74,11.24,$2.20,24.23,$1.03B,$0.18B,5.75,$0.00B,$1.37B,0.0,$1.46B,$1.45B,99.31%,$1.46B,$0.39B,26.51%,$1.46B,$0.39B,26.51%,$1.46B,$0.46B,31.59%,$1.46B,$0.53B,36.26%,$1.46B,$0.36B,24.52%,$0.36B,$1.37B,26.69%,$0.36B,$1.37B,26.69%,$0.36B,$1.63B,22.07%,$0.39B,$1.37B,28.85%,$372,$0,$372,$0,$201,$275,$97,$38,$135,$43,$92,$92,$92,$116,$97,$158,162,$0.58,$0.57,$664,$21,$32,$1029,$146,$137,$0,$17,$605,$1634,$179,$0,$14,$84,$262,$2,$409,$-28,$1372,$1634,$181,$38,$18,$56,$-22,$0,$-2,$-28,$-53,$185,$-44,$0,$0,$-2,$0,$-2,$-1,$-47,$0,$0,$0,$-93,$-93,$-89,$0,$-182,$-35,$12,$-89
6,2017-03-31,49.73,$8.59,5.79,$8.70,5.72,$4.69,10.61,$2.12,23.46,$1.02B,$0.18B,5.77,$0.00B,$1.36B,0.0,$1.43B,$1.41B,98.95%,$1.43B,$0.38B,26.82%,$1.43B,$0.38B,26.82%,$1.43B,$0.46B,31.86%,$1.43B,$0.52B,36.27%,$1.43B,$0.35B,24.23%,$0.35B,$1.36B,26.28%,$0.35B,$1.36B,26.28%,$0.35B,$1.63B,21.77%,$0.38B,$1.36B,29.09%,$360,$0,$360,$0,$193,$266,$94,$35,$129,$40,$89,$89,$89,$112,$94,$159,163,$0.56,$0.55,$665,$21,$30,$1020,$143,$143,$0,$16,$605,$1625,$177,$0,$16,$85,$262,$2,$421,$-36,$1363,$1625,$89,$19,$8,$27,$-14,$0,$1,$-30,$-43,$73,$-20,$0,$0,$-5,$0,$-5,$0,$-25,$0,$0,$0,$-40,$-40,$-45,$0,$-84,$-34,$6,$-45
7,2016-12-31,48.67,$8.19,5.94,$8.50,5.72,$4.75,10.25,$2.04,23.86,$1.04B,$0.25B,4.16,$0.00B,$1.30B,0.0,$1.40B,$1.38B,98.43%,$1.40B,$0.38B,26.82%,$1.40B,$0.38B,26.82%,$1.40B,$0.45B,31.88%,$1.40B,$0.51B,36.31%,$1.40B,$0.33B,23.82%,$0.33B,$1.30B,25.67%,$0.33B,$1.30B,25.67%,$0.33B,$1.64B,21.27%,$0.38B,$1.30B,28.90%,$369,$5,$364,$0,$191,$271,$98,$35,$133,$44,$89,$89,$89,$117,$98,$161,164,$0.55,$0.54,$699,$21,$28,$1038,$146,$139,$0,$15,$599,$1637,$249,$0,$15,$84,$334,$2,$384,$-38,$1303,$1637,$334,$72,$26,$98,$-18,$0,$1,$19,$2,$434,$-82,$0,$0,$-4,$0,$-4,$6,$-80,$0,$0,$0,$-244,$-244,$-85,$0,$-329,$16,$16,$-85
8,2016-09-30,44.72,$8.21,5.45,$8.24,5.43,$4.57,9.78,$1.97,22.7,$0.98B,$0.18B,5.4,$0.00B,$1.31B,0.0,$1.37B,$1.35B,98.32%,$1.37B,$0.36B,26.32%,$1.37B,$0.36B,26.32%,$1.37B,$0.43B,31.36%,$1.37B,$0.49B,35.89%,$1.37B,$0.33B,23.83%,$0.33B,$1.31B,25.12%,$0.33B,$1.31B,25.12%,$0.33B,$1.57B,20.92%,$0.36B,$1.31B,27.74%,$355,$5,$350,$0,$184,$257,$97,$34,$131,$44,$87,$87,$87,$115,$97,$161,164,$0.54,$0.53,$629,$21,$30,$977,$149,$137,$0,$16,$597,$1574,$181,$0,$14,$80,$260,$2,$401,$-31,$1313,$1574,$245,$53,$24,$77,$-26,$0,$2,$-10,$-33,$289,$-60,$0,$0,$-11,$0,$-11,$4,$-67,$0,$0,$0,$-190,$-190,$-85,$0,$-274,$-56,$12,$-85
9,2016-06-30,47.17,$7.99,5.9,$8.06,5.86,$4.45,10.6,$1.91,24.7,$0.94B,$0.15B,6.16,$0.00B,$1.29B,0.0,$1.35B,$1.32B,98.15%,$1.35B,$0.35B,25.95%,$1.35B,$0.35B,25.95%,$1.35B,$0.42B,30.99%,$1.35B,$0.48B,35.66%,$1.35B,$0.32B,23.57%,$0.32B,$1.29B,24.52%,$0.32B,$1.29B,24.52%,$0.32B,$1.52B,20.50%,$0.35B,$1.29B,26.99%,$344,$5,$339,$0,$179,$250,$94,$31,$125,$44,$81,$81,$81,$111,$94,$162,165,$0.50,$0.49,$600,$21,$30,$941,$139,$135,$0,$14,$579,$1520,$153,$0,$12,$79,$232,$2,$381,$-27,$1288,$1520,$159,$35,$17,$52,$-18,$0,$-1,$-29,$-48,$163,$-29,$0,$0,$-6,$0,$-6,$3,$-32,$0,$0,$0,$-129,$-129,$-85,$0,$-214,$-85,$8,$-85
10,2016-03-31,41.99,$8.03,5.23,$7.96,5.28,$4.37,9.61,$1.93,21.75,$0.98B,$0.17B,5.66,$0.00B,$1.30B,0.0,$1.34B,$1.32B,98.06%,$1.34B,$0.35B,26.21%,$1.34B,$0.35B,26.21%,$1.34B,$0.42B,31.20%,$1.34B,$0.49B,36.49%,$1.34B,$0.32B,24.05%,$0.32B,$1.30B,24.82%,$0.32B,$1.30B,24.82%,$0.32B,$1.55B,20.81%,$0.35B,$1.30B,27.05%,$334,$7,$327,$0,$176,$247,$87,$33,$120,$42,$77,$77,$77,$104,$87,$163,166,$0.48,$0.47,$644,$21,$29,$975,$142,$127,$0,$14,$576,$1551,$172,$0,$12,$78,$250,$2,$409,$-22,$1300,$1551,$77,$17,$6,$24,$-10,$0,$-0,$-13,$-23,$79,$-14,$0,$0,$4,$0,$4,$3,$-7,$0,$0,$0,$-72,$-72,$-43,$0,$-115,$-41,$4,$-43
11,2015-12-31,51.11,$7.88,6.49,$7.85,6.51,$4.35,11.76,$1.96,26.07,$1.00B,$0.22B,4.47,$0.00B,$1.29B,0.0,$1.33B,$1.31B,98.13%,$1.33B,$0.36B,26.84%,$1.33B,$0.36B,26.84%,$1.33B,$0.42B,31.78%,$1.33B,$0.50B,37.56%,$1.33B,$0.33B,24.81%,$0.33B,$1.29B,25.51%,$0.33B,$1.29B,25.51%,$0.33B,$1.59B,21.42%,$0.36B,$1.29B,27.59%,$335,$7,$329,$0,$181,$253,$82,$33,$115,$34,$81,$81,$81,$99,$82,$166,170,$0.49,$0.48,$685,$21,$26,$1004,$144,$135,$0,$15,$585,$1589,$224,$0,$11,$74,$299,$2,$403,$-25,$1290,$1589,$332,$67,$40,$107,$-28,$0,$-5,$5,$-29,$408,$-74,$0,$0,$-6,$0,$-6,$2,$-78,$0,$0,$0,$-226,$-226,$-80,$0,$-306,$12,$17,$-80
12,2015-09-30,46.81,$7.96,5.88,$7.75,6.04,$4.18,11.19,$1.93,24.25,$0.97B,$0.16B,5.98,$0.00B,$1.31B,0.0,$1.32B,$1.30B,98.03%,$1.32B,$0.37B,27.69%,$1.32B,$0.37B,27.69%,$1.32B,$0.43B,32.60%,$1.32B,$0.50B,37.97%,$1.32B,$0.33B,24.74%,$0.33B,$1.31B,25.41%,$0.33B,$1.31B,25.41%,$0.33B,$1.54B,21.32%,$0.37B,$1.31B,28.44%,$336,$6,$329,$0,$177,$249,$87,$34,$121,$41,$79,$79,$79,$104,$87,$166,169,$0.48,$0.47,$654,$21,$29,$968,$142,$122,$0,$17,$576,$1544,$162,$0,$12,$72,$234,$2,$436,$-20,$1310,$1544,$250,$50,$22,$72,$-20,$0,$-6,$-19,$-45,$274,$-58,$0,$0,$0,$0,$0,$1,$-57,$0,$0,$0,$-161,$-161,$-80,$11,$-229,$-20,$11,$-80
13,2015-06-30,47.58,$7.87,6.04,$7.63,6.24,$4.02,11.85,$1.95,24.4,$0.94B,$0.14B,6.52,$0.00B,$1.31B,0.0,$1.31B,$1.28B,98.17%,$1.31B,$0.37B,28.21%,$1.31B,$0.37B,28.21%,$1.31B,$0.43B,33.10%,$1.31B,$0.51B,38.99%,$1.31B,$0.33B,25.38%,$0.33B,$1.31B,26.13%,$0.33B,$1.31B,26.13%,$0.33B,$1.53B,21.85%,$0.37B,$1.31B,29.04%,$338,$5,$332,$0,$171,$242,$96,$38,$134,$48,$86,$86,$86,$112,$96,$166,170,$0.52,$0.51,$631,$21,$23,$941,$129,$135,$0,$17,$585,$1526,$144,$0,$11,$76,$220,$2,$436,$-14,$1306,$1526,$171,$33,$8,$41,$-20,$0,$-4,$-30,$-54,$157,$-32,$0,$0,$-3,$0,$-3,$1,$-34,$0,$0,$0,$-91,$-91,$-80,$8,$-163,$-43,$8,$-80
14,2015-03-31,42.58,$7.73,5.51,$7.49,5.69,$3.89,10.95,$1.92,22.18,$0.94B,$0.16B,5.78,$0.00B,$1.28B,0.0,$1.29B,$1.27B,98.22%,$1.29B,$0.37B,28.47%,$1.29B,$0.37B,28.47%,$1.29B,$0.43B,33.36%,$1.29B,$0.51B,39.18%,$1.29B,$0.33B,25.52%,$0.33B,$1.28B,26.43%,$0.33B,$1.28B,26.43%,$0.33B,$1.52B,21.98%,$0.37B,$1.28B,29.48%,$325,$6,$319,$0,$164,$232,$93,$38,$131,$46,$85,$85,$85,$109,$93,$167,171,$0.51,$0.50,$649,$21,$25,$943,$126,$130,$0,$16,$579,$1522,$163,$0,$11,$75,$238,$2,$445,$-18,$1284,$1522,$85,$16,$3,$20,$-5,$0,$-4,$-16,$-25,$78,$-15,$0,$0,$3,$0,$3,$2,$-10,$0,$0,$0,$-48,$-48,$-40,$3,$-85,$-24,$4,$-40
15,2014-12-31,38.67,$7.48,5.17,$7.32,5.28,$3.69,10.49,$1.85,20.9,$0.96B,$0.22B,4.35,$0.00B,$1.25B,0.0,$1.27B,$1.24B,98.18%,$1.27B,$0.35B,27.80%,$1.27B,$0.35B,27.80%,$1.27B,$0.41B,32.70%,$1.27B,$0.49B,38.78%,$1.27B,$0.32B,25.20%,$0.32B,$1.25B,26.04%,$0.32B,$1.25B,26.04%,$0.32B,$1.54B,21.62%,$0.35B,$1.25B,28.73%,$323,$7,$316,$0,$163,$232,$90,$25,$116,$38,$77,$77,$77,$106,$90,$168,173,$0.46,$0.45,$673,$21,$18,$955,$126,$136,$0,$16,$587,$1543,$220,$0,$10,$75,$295,$2,$420,$-9,$1248,$1543,$319,$61,$14,$75,$-17,$0,$-6,$6,$-17,$375,$-63,$0,$0,$7,$0,$7,$3,$-53,$0,$0,$0,$-171,$-171,$-74,$20,$-225,$89,$13,$-74
16,2014-09-30,34.72,$7.45,4.66,$7.15,4.85,$3.56,9.75,$1.77,19.61,$0.88B,$0.16B,5.58,$0.00B,$1.25B,0.0,$1.24B,$1.22B,98.23%,$1.24B,$0.33B,26.57%,$1.24B,$0.33B,26.57%,$1.24B,$0.39B,31.48%,$1.24B,$0.48B,38.33%,$1.24B,$0.31B,24.80%,$0.31B,$1.25B,25.62%,$0.31B,$1.25B,25.62%,$0.31B,$1.49B,21.25%,$0.33B,$1.25B,27.45%,$322,$5,$317,$0,$163,$232,$90,$38,$129,$45,$84,$84,$84,$106,$90,$168,173,$0.50,$0.49,$583,$21,$21,$883,$129,$150,$0,$13,$602,$1486,$158,$0,$11,$83,$241,$2,$441,$-3,$1245,$1486,$242,$45,$9,$54,$-32,$0,$-10,$-8,$-50,$244,$-53,$0,$6,$3,$-2,$1,$0,$-46,$0,$0,$0,$-134,$-134,$-74,$13,$-195,$-0,$9,$-74
17,2014-06-30,31.46,$7.18,4.38,$6.89,4.57,$3.58,8.78,$1.66,18.95,$0.83B,$0.15B,5.56,$0.00B,$1.20B,0.0,$1.20B,$1.18B,98.08%,$1.20B,$0.30B,25.15%,$1.20B,$0.30B,25.15%,$1.20B,$0.36B,30.06%,$1.20B,$0.44B,36.72%,$1.20B,$0.29B,24.23%,$0.29B,$1.20B,24.61%,$0.29B,$1.20B,24.61%,$0.29B,$1.44B,20.40%,$0.30B,$1.20B,25.54%,$319,$5,$314,$0,$159,$225,$94,$35,$129,$46,$83,$83,$83,$109,$94,$169,172,$0.49,$0.48,$538,$21,$22,$832,$127,$151,$0,$13,$603,$1435,$150,$0,$10,$82,$232,$2,$425,$4,$1203,$1435,$158,$30,$8,$38,$-26,$0,$-8,$-21,$-54,$142,$-37,$0,$0,$-0,$-2,$-2,$6,$-34,$0,$0,$0,$-89,$-89,$-74,$8,$-155,$-46,$6,$-74
18,2014-03-31,32.05,$7.12,4.5,$6.60,4.86,$3.53,9.08,$1.65,19.42,$0.84B,$0.15B,5.48,$0.00B,$1.20B,0.0,$1.16B,$1.13B,97.84%,$1.16B,$0.27B,22.99%,$1.16B,$0.27B,22.99%,$1.16B,$0.32B,28.00%,$1.16B,$0.44B,38.12%,$1.16B,$0.29B,25.15%,$0.29B,$1.20B,25.02%,$0.29B,$1.20B,25.02%,$0.29B,$1.44B,20.72%,$0.27B,$1.20B,22.87%,$302,$6,$296,$0,$161,$224,$78,$38,$117,$42,$75,$75,$75,$93,$78,$169,174,$0.44,$0.43,$551,$21,$19,$843,$121,$148,$0,$14,$596,$1439,$154,$0,$9,$81,$235,$2,$444,$0,$1204,$1439,$75,$15,$1,$16,$-19,$0,$-8,$-18,$-45,$45,$-17,$0,$0,$2,$0,$2,$0,$-15,$0,$0,$0,$-30,$-30,$-37,$5,$-62,$-33,$3,$-37
19,2013-12-31,33.12,$6.83,4.85,$6.40,5.17,$3.54,9.34,$1.63,20.32,$0.85B,$0.21B,4.07,$0.00B,$1.16B,0.0,$1.13B,$1.10B,97.69%,$1.13B,$0.25B,22.01%,$1.13B,$0.25B,22.01%,$1.13B,$0.31B,27.06%,$1.13B,$0.44B,38.60%,$1.13B,$0.29B,25.55%,$0.29B,$1.16B,25.32%,$0.29B,$1.16B,25.32%,$0.29B,$1.44B,20.86%,$0.25B,$1.16B,21.80%,$299,$6,$293,$0,$168,$231,$68,$33,$101,$36,$66,$66,$66,$83,$68,$172,176,$0.39,$0.38,$584,$21,$16,$847,$119,$150,$0,$11,$592,$1439,$208,$0,$9,$75,$283,$2,$432,$1,$1156,$1439,$288,$57,$11,$68,$-26,$1,$5,$19,$-2,$351,$-56,$0,$6,$-10,$-3,$-13,$0,$-62,$0,$0,$0,$-140,$-140,$-34,$12,$-163,$126,$38,$-34
20,2013-09-30,29.29,$6.84,4.28,$6.19,4.73,$3.02,9.7,$1.58,18.54,$0.80B,$0.15B,5.51,$0.00B,$1.17B,0.0,$1.09B,$1.06B,97.52%,$1.09B,$0.24B,21.65%,$1.09B,$0.24B,21.65%,$1.09B,$0.29B,26.79%,$1.09B,$0.42B,38.72%,$1.09B,$0.28B,25.60%,$0.28B,$1.17B,25.07%,$0.28B,$1.17B,25.07%,$0.28B,$1.39B,20.69%,$0.24B,$1.17B,21.21%,$281,$6,$275,$0,$160,$219,$62,$32,$94,$27,$67,$67,$67,$76,$62,$171,176,$0.39,$0.38,$533,$21,$19,$800,$118,$148,$0,$12,$592,$1392,$145,$0,$9,$80,$225,$2,$463,$2,$1167,$1392,$223,$43,$6,$48,$-26,$1,$-4,$3,$-27,$240,$-41,$0,$6,$-12,$-3,$-15,$0,$-50,$0,$0,$0,$-89,$-89,$-34,$8,$-115,$75,$27,$-34
21,2013-06-30,26.94,$6.57,4.1,$6.03,4.47,$2.45,10.99,$1.49,18.08,$0.75B,$0.13B,5.74,$0.00B,$1.13B,0.0,$1.06B,$1.03B,97.46%,$1.06B,$0.23B,21.39%,$1.06B,$0.23B,21.39%,$1.06B,$0.29B,26.96%,$1.06B,$0.41B,38.83%,$1.06B,$0.26B,24.79%,$0.26B,$1.13B,24.00%,$0.26B,$1.13B,24.00%,$0.26B,$1.35B,19.73%,$0.23B,$1.13B,20.72%,$275,$6,$268,$0,$159,$217,$58,$71,$129,$46,$83,$83,$83,$72,$58,$172,176,$0.48,$0.47,$493,$21,$18,$753,$119,$151,$0,$11,$594,$1348,$131,$0,$8,$90,$221,$2,$449,$-2,$1126,$1348,$156,$28,$-17,$11,$-21,$1,$-9,$-6,$-36,$123,$-26,$0,$6,$8,$-3,$6,$0,$-14,$0,$0,$0,$-47,$-47,$-34,$7,$-74,$35,$16,$-34
22,2013-03-31,27.15,$6.39,4.25,$5.84,4.65,$2.13,12.76,$1.30,20.88,$0.75B,$0.15B,5.03,$0.00B,$1.10B,0.0,$1.03B,$1.00B,97.57%,$1.03B,$0.22B,21.71%,$1.03B,$0.22B,21.71%,$1.03B,$0.28B,27.36%,$1.03B,$0.36B,35.25%,$1.03B,$0.23B,22.40%,$0.23B,$1.10B,21.33%,$0.23B,$1.10B,21.33%,$0.23B,$1.34B,17.52%,$0.22B,$1.10B,20.68%,$272,$7,$265,$0,$156,$212,$60,$51,$111,$39,$72,$72,$72,$74,$60,$173,176,$0.42,$0.41,$458,$21,$21,$748,$123,$155,$0,$11,$595,$1343,$149,$0,$7,$93,$242,$2,$445,$1,$1101,$1343,$72,$14,$-24,$-10,$-15,$1,$-5,$4,$-14,$39,$-8,$0,$-27,$2,$0,$2,$0,$-32,$0,$0,$0,$-10,$-10,$0,$3,$-8,$-0,$5,$0
23,2012-12-31,21.96,$6.14,3.58,$5.63,3.9,$2.05,10.72,$1.17,18.77,$0.70B,$0.15B,4.61,$0.00B,$1.06B,0.0,$0.99B,$0.97B,97.58%,$0.99B,$0.21B,21.25%,$0.99B,$0.21B,21.25%,$0.99B,$0.27B,26.99%,$0.99B,$0.33B,33.33%,$0.99B,$0.21B,20.95%,$0.21B,$1.06B,19.42%,$0.21B,$1.06B,19.42%,$0.21B,$1.31B,16.00%,$0.21B,$1.06B,19.70%,$262,$6,$255,$0,$151,$205,$56,$31,$88,$31,$57,$57,$57,$70,$56,$174,176,$0.34,$0.33,$458,$20,$18,$701,$128,$159,$0,$14,$608,$1310,$152,$0,$7,$100,$252,$2,$406,$6,$1057,$1310,$208,$56,$-6,$50,$-36,$0,$9,$20,$-7,$257,$-54,$0,$0,$75,$-4,$71,$0,$17,$0,$0,$0,$-108,$-108,$-135,$1,$-243,$31,$16,$-135
24,2012-09-30,19.76,$6.36,3.11,$5.37,3.68,$2.00,9.89,$1.10,17.96,$0.67B,$0.13B,5.3,$0.00B,$1.10B,0.0,$0.96B,$0.93B,97.49%,$0.96B,$0.20B,20.79%,$0.96B,$0.20B,20.79%,$0.96B,$0.26B,26.65%,$0.96B,$0.31B,32.60%,$0.96B,$0.20B,20.38%,$0.20B,$1.10B,18.28%,$0.20B,$1.10B,18.28%,$0.20B,$1.33B,15.04%,$0.20B,$1.10B,18.65%,$252,$6,$246,$0,$144,$198,$53,$30,$84,$32,$51,$51,$51,$70,$53,$173,175,$0.29,$0.29,$404,$21,$19,$670,$132,$196,$0,$24,$662,$1332,$127,$0,$11,$107,$233,$2,$469,$6,$1099,$1332,$151,$42,$4,$46,$-58,$0,$2,$1,$-56,$146,$-48,$0,$0,$13,$0,$13,$0,$-35,$0,$0,$0,$-81,$-81,$-53,$-1,$-134,$-23,$12,$-53
25,2012-06-30,18.33,$6.10,3.01,$5.22,3.51,$2.17,8.44,$1.08,16.97,$0.60B,$0.11B,5.65,$0.00B,$1.06B,0.0,$0.94B,$0.91B,97.33%,$0.94B,$0.20B,21.00%,$0.94B,$0.20B,21.00%,$0.94B,$0.25B,26.44%,$0.94B,$0.30B,32.30%,$0.94B,$0.19B,20.58%,$0.19B,$1.06B,18.22%,$0.19B,$1.06B,18.22%,$0.19B,$1.27B,14.97%,$0.20B,$1.06B,18.59%,$241,$6,$236,$0,$138,$187,$54,$25,$79,$29,$50,$50,$50,$67,$54,$175,176,$0.28,$0.28,$353,$21,$18,$595,$135,$198,$0,$24,$669,$1265,$105,$0,$11,$102,$208,$2,$448,$2,$1057,$1265,$100,$26,$0,$26,$-35,$0,$2,$-19,$-52,$75,$-35,$0,$0,$6,$0,$6,$0,$-28,$0,$0,$0,$-66,$-66,$-53,$-2,$-120,$-73,$8,$-53
26,2012-03-31,18.91,$6.11,3.1,$5.12,3.7,$2.29,8.25,$1.09,17.35,$0.62B,$0.12B,5.19,$0.00B,$1.07B,0.0,$0.94B,$0.91B,97.11%,$0.94B,$0.20B,21.07%,$0.94B,$0.20B,21.07%,$0.94B,$0.25B,26.42%,$0.94B,$0.31B,32.83%,$0.94B,$0.20B,21.07%,$0.20B,$1.07B,18.46%,$0.20B,$1.07B,18.46%,$0.20B,$1.29B,15.08%,$0.20B,$1.07B,18.29%,$238,$6,$232,$0,$136,$190,$48,$32,$80,$30,$50,$50,$50,$61,$48,$176,178,$0.28,$0.28,$394,$21,$20,$617,$136,$207,$0,$21,$676,$1294,$119,$0,$11,$103,$222,$2,$461,$4,$1071,$1294,$50,$13,$-5,$8,$-14,$0,$0,$-8,$-21,$39,$-21,$0,$0,$2,$0,$2,$0,$-20,$0,$0,$0,$-24,$-24,$-27,$-2,$-52,$-33,$4,$-27
27,2011-12-31,15.86,$5.90,2.69,$5.01,3.16,$2.40,6.59,$1.12,14.16,$0.64B,$0.15B,4.2,$0.00B,$1.04B,0.0,$0.93B,$0.90B,97.09%,$0.93B,$0.20B,21.96%,$0.93B,$0.20B,21.96%,$0.93B,$0.25B,27.13%,$0.93B,$0.32B,34.34%,$0.93B,$0.21B,22.07%,$0.21B,$1.04B,19.11%,$0.21B,$1.04B,19.11%,$0.21B,$1.30B,15.45%,$0.20B,$1.04B,18.59%,$226,$7,$219,$0,$130,$182,$44,$24,$69,$24,$45,$45,$44,$57,$44,$183,184,$0.25,$0.24,$427,$21,$18,$635,$130,$208,$0,$13,$660,$1295,$151,$0,$8,$102,$253,$2,$444,$2,$1041,$1295,$207,$49,$15,$64,$-8,$0,$-3,$0,$-10,$257,$-53,$0,$0,$23,$0,$23,$-2,$-32,$-95,$0,$-95,$-185,$-185,$-22,$1,$-300,$-75,$14,$-22
28,2011-09-30,13.94,$5.95,2.34,$5.00,2.79,$2.23,6.25,$1.20,11.61,$0.64B,$0.13B,4.8,$0.00B,$1.07B,0.0,$0.93B,$0.91B,97.22%,$0.93B,$0.21B,22.70%,$0.93B,$0.21B,22.70%,$0.93B,$0.26B,27.73%,$0.93B,$0.35B,37.04%,$0.93B,$0.22B,23.88%,$0.22B,$1.07B,20.72%,$0.22B,$1.07B,20.72%,$0.22B,$1.30B,16.55%,$0.21B,$1.07B,18.84%,$233,$7,$226,$0,$131,$182,$51,$24,$75,$25,$50,$50,$49,$63,$51,$182,183,$0.27,$0.27,$433,$20,$18,$638,$133,$205,$0,$21,$665,$1304,$133,$0,$11,$102,$235,$2,$470,$0,$1069,$1304,$162,$36,$1,$38,$-7,$0,$2,$-15,$-19,$176,$-41,$0,$0,$26,$0,$26,$0,$-15,$-75,$0,$-75,$-132,$-132,$-22,$1,$-228,$-67,$11,$-22
29,2011-06-30,20.4,$5.93,3.44,$4.88,4.18,$1.92,10.62,$1.23,16.58,$0.67B,$0.11B,6.36,$0.04B,$1.09B,0.04,$0.92B,$0.90B,97.18%,$0.92B,$0.22B,23.45%,$0.92B,$0.22B,23.45%,$0.92B,$0.26B,28.56%,$0.92B,$0.36B,39.31%,$0.92B,$0.23B,24.97%,$0.23B,$1.09B,21.61%,$0.23B,$1.09B,21.61%,$0.23B,$1.33B,16.91%,$0.22B,$1.13B,18.89%,$238,$7,$231,$0,$132,$184,$54,$29,$83,$29,$54,$54,$54,$66,$54,$185,187,$0.29,$0.29,$446,$21,$16,$665,$137,$211,$0,$16,$666,$1331,$105,$40,$8,$139,$244,$2,$476,$7,$1087,$1331,$112,$24,$-6,$18,$-17,$0,$-2,$-22,$-41,$93,$-28,$0,$0,$24,$5,$29,$0,$1,$-55,$0,$-55,$-73,$-73,$-22,$2,$-148,$-54,$8,$-22
30,2011-03-31,21.52,$5.91,3.64,$4.80,4.48,$1.75,12.31,$1.22,17.64,$0.70B,$0.13B,5.62,$0.06B,$1.09B,0.06,$0.91B,$0.88B,97.04%,$0.91B,$0.22B,24.04%,$0.91B,$0.22B,24.04%,$0.91B,$0.27B,29.20%,$0.91B,$0.37B,40.07%,$0.91B,$0.23B,25.14%,$0.23B,$1.09B,22.00%,$0.23B,$1.09B,22.00%,$0.23B,$1.38B,16.78%,$0.22B,$1.15B,19.09%,$232,$7,$226,$0,$126,$178,$55,$38,$92,$34,$58,$58,$58,$66,$55,$186,188,$0.31,$0.31,$502,$20,$17,$703,$142,$218,$0,$16,$675,$1378,$125,$60,$6,$160,$285,$2,$494,$5,$1093,$1378,$58,$12,$-7,$5,$-3,$0,$-2,$-3,$-8,$58,$-18,$0,$0,$25,$0,$25,$0,$7,$-35,$0,$-35,$-29,$-29,$0,$1,$-63,$2,$4,$0
31,2010-12-31,21.44,$5.68,3.78,$4.73,4.54,$1.56,13.73,$1.22,17.57,$0.68B,$0.13B,5.36,$0.10B,$1.06B,0.09,$0.90B,$0.87B,96.78%,$0.90B,$0.22B,24.08%,$0.90B,$0.22B,24.08%,$0.90B,$0.26B,29.30%,$0.90B,$0.37B,40.95%,$0.90B,$0.23B,25.53%,$0.23B,$1.06B,22.73%,$0.23B,$1.06B,22.73%,$0.23B,$1.38B,16.79%,$0.22B,$1.15B,18.82%,$231,$6,$225,$0,$129,$180,$52,$44,$96,$33,$63,$63,$62,$64,$52,$188,190,$0.34,$0.33,$500,$0,$16,$684,$141,$244,$0,$15,$694,$1377,$128,$95,$6,$193,$320,$2,$471,$3,$1057,$1377,$233,$46,$-44,$2,$-12,$16,$2,$-15,$-9,$229,$-52,$0,$0,$48,$0,$48,$-37,$-41,$-138,$0,$-138,$-92,$-92,$-55,$2,$-282,$-95,$27,$-55
32,2010-09-30,18.26,$5.46,3.34,$4.99,3.66,$2.10,8.68,$1.13,16.15,$0.66B,$0.12B,5.69,$0.12B,$1.02B,0.12,$0.95B,$0.94B,98.22%,$0.95B,$0.27B,28.30%,$0.95B,$0.27B,28.30%,$0.95B,$0.33B,34.07%,$0.95B,$0.38B,39.31%,$0.95B,$0.21B,22.43%,$0.21B,$1.02B,21.28%,$0.21B,$1.02B,21.65%,$0.21B,$1.35B,15.19%,$0.27B,$1.14B,22.79%,$220,$7,$213,$0,$115,$164,$55,$36,$91,$34,$57,$57,$56,$67,$55,$188,190,$0.30,$0.30,$471,$0,$19,$662,$144,$241,$0,$17,$692,$1354,$116,$120,$6,$217,$333,$2,$457,$3,$1021,$1354,$170,$34,$-36,$-2,$-21,$0,$2,$-30,$-49,$121,$-40,$0,$0,$35,$0,$35,$-38,$-42,$-113,$0,$-113,$-69,$-69,$-36,$1,$-218,$-139,$16,$-36
33,2010-06-30,18.27,$5.26,3.48,$5.27,3.47,$2.67,6.84,$1.10,16.61,$0.66B,$0.12B,5.7,$0.15B,$0.99B,0.15,$1.01B,$0.99B,97.62%,$1.01B,$0.31B,30.69%,$1.01B,$0.31B,30.69%,$1.01B,$0.37B,37.03%,$1.01B,$0.40B,39.21%,$1.01B,$0.21B,20.89%,$0.21B,$0.99B,21.11%,$0.21B,$0.99B,21.85%,$0.21B,$1.35B,14.61%,$0.31B,$1.14B,25.48%,$228,$9,$220,$0,$120,$171,$57,$29,$86,$33,$54,$54,$53,$69,$57,$189,192,$0.28,$0.28,$481,$0,$15,$662,$147,$239,$0,$18,$688,$1350,$116,$150,$6,$242,$358,$2,$434,$-2,$992,$1350,$114,$23,$-33,$-10,$-16,$0,$-2,$-24,$-41,$59,$-25,$0,$0,$27,$0,$27,$-38,$-36,$-83,$0,$-83,$-34,$-34,$-36,$1,$-152,$-129,$13,$-36
34,2010-03-31,19.63,$5.15,3.81,$5.39,3.64,$3.03,6.48,$1.04,18.87,$0.71B,$0.13B,5.53,$0.20B,$0.98B,0.21,$1.03B,$1.00B,97.00%,$1.03B,$0.34B,33.17%,$1.03B,$0.34B,33.17%,$1.03B,$0.41B,39.46%,$1.03B,$0.40B,38.49%,$1.03B,$0.20B,19.34%,$0.20B,$0.98B,20.28%,$0.20B,$0.98B,21.41%,$0.20B,$1.40B,13.59%,$0.34B,$1.18B,27.81%,$222,$7,$214,$0,$118,$168,$53,$43,$96,$36,$60,$60,$59,$64,$53,$190,191,$0.31,$0.31,$523,$0,$18,$708,$143,$248,$0,$18,$691,$1399,$128,$200,$5,$294,$422,$2,$427,$2,$977,$1399,$60,$11,$-32,$-21,$-11,$0,$4,$-16,$-22,$18,$-13,$0,$0,$5,$0,$5,$-39,$-47,$-33,$0,$-33,$-11,$-11,$-17,$0,$-61,$-90,$7,$-17
35,2009-12-31,15.65,$5.42,2.89,$5.53,2.83,$3.17,4.93,$0.91,17.2,$0.84B,$0.16B,5.16,$0.25B,$1.03B,0.24,$1.06B,$1.02B,96.14%,$1.06B,$0.36B,34.31%,$1.06B,$0.36B,34.31%,$1.06B,$0.43B,40.53%,$1.06B,$0.36B,34.12%,$1.06B,$0.18B,16.49%,$0.18B,$1.03B,18.10%,$0.18B,$0.96B,19.53%,$0.18B,$1.53B,11.90%,$0.36B,$1.28B,29.88%,$284,$-6,$290,$0,$112,$179,$105,$-3,$102,$26,$77,$77,$46,$125,$105,$191,192,$0.23,$0.24,$611,$0,$16,$841,$146,$182,$68,$18,$692,$1534,$163,$247,$6,$339,$502,$2,$384,$1,$1032,$1534,$272,$66,$174,$240,$-4,$0,$-10,$-157,$-171,$345,$-63,$0,$0,$-270,$0,$-270,$-6,$-339,$222,$0,$222,$-29,$-29,$-31,$6,$168,$174,$15,$-31
36,2009-09-30,17.49,$5.24,3.34,$5.42,3.23,$3.03,5.78,$0.72,24.29,$0.77B,$0.13B,5.95,$0.27B,$1.00B,0.27,$1.05B,$1.06B,101.63%,$1.05B,$0.36B,34.16%,$1.05B,$0.36B,34.16%,$1.05B,$0.42B,39.71%,$1.05B,$0.30B,28.80%,$1.05B,$0.14B,13.30%,$0.14B,$1.00B,14.97%,$0.14B,$0.93B,16.23%,$0.14B,$1.49B,9.77%,$0.36B,$1.27B,31.75%,$276,$14,$262,$0,$124,$181,$95,$16,$112,$31,$81,$81,$53,$116,$95,$191,192,$0.28,$0.27,$527,$0,$19,$770,$141,$211,$70,$19,$723,$1493,$129,$270,$5,$365,$495,$2,$375,$1,$998,$1493,$196,$46,$193,$239,$-12,$-174,$-1,$-14,$-200,$236,$-44,$0,$0,$-295,$0,$-295,$-6,$-345,$245,$0,$245,$-16,$-16,$-31,$2,$200,$91,$10,$-31
37,2009-06-30,16.03,$4.91,3.27,$5.61,2.86,$2.79,5.76,$0.63,25.45,$0.77B,$0.15B,5.24,$0.27B,$0.94B,0.29,$1.09B,$1.07B,98.99%,$1.09B,$0.39B,35.67%,$1.09B,$0.39B,35.67%,$1.09B,$0.44B,40.18%,$1.09B,$0.27B,25.25%,$1.09B,$0.12B,11.06%,$0.12B,$0.94B,13.72%,$0.12B,$0.87B,14.99%,$0.12B,$1.46B,8.73%,$0.39B,$1.21B,38.30%,$252,$15,$237,$0,$113,$162,$90,$-2,$88,$24,$64,$64,$42,$103,$90,$191,192,$0.22,$0.22,$510,$0,$34,$773,$144,$165,$72,$20,$686,$1459,$148,$272,$5,$373,$521,$2,$339,$-3,$938,$1459,$115,$25,$175,$200,$2,$-144,$1,$-42,$-184,$134,$-31,$0,$0,$-238,$0,$-238,$-3,$-273,$247,$0,$247,$-2,$-2,$-31,$1,$215,$76,$7,$-31
38,2009-03-31,10.8,$4.71,2.29,$5.98,1.81,$2.65,4.08,$0.65,16.62,$0.73B,$0.17B,4.31,$0.22B,$0.90B,0.24,$1.16B,$1.12B,96.56%,$1.16B,$0.43B,37.15%,$1.16B,$0.43B,37.15%,$1.16B,$0.48B,41.27%,$1.16B,$0.30B,25.45%,$1.16B,$0.12B,10.66%,$0.12B,$0.90B,14.92%,$0.12B,$0.83B,16.42%,$0.12B,$1.40B,9.37%,$0.43B,$1.12B,47.62%,$249,$18,$231,$0,$125,$175,$74,$-14,$60,$9,$51,$51,$34,$86,$74,$191,191,$0.18,$0.18,$444,$0,$55,$732,$146,$146,$73,$20,$665,$1396,$170,$216,$5,$327,$497,$2,$319,$-10,$899,$1396,$51,$13,$150,$163,$20,$-116,$-3,$-63,$-162,$50,$-17,$0,$0,$-191,$0,$-191,$-2,$-210,$191,$0,$191,$-4,$-4,$-15,$0,$172,$11,$3,$-15
39,2008-12-31,13.83,$4.60,3.01,$6.36,2.17,$2.73,5.06,$0.72,19.21,$0.74B,$0.33B,2.24,$0.02B,$0.88B,0.03,$1.25B,$1.18B,94.63%,$1.25B,$0.50B,39.82%,$1.25B,$0.50B,39.82%,$1.25B,$0.54B,43.59%,$1.25B,$0.35B,28.37%,$1.25B,$0.14B,11.14%,$0.14B,$0.88B,17.45%,$0.14B,$0.80B,19.35%,$0.14B,$1.34B,10.79%,$0.50B,$0.90B,60.01%,$268,$-63,$332,$0,$117,$171,$98,$-57,$41,$10,$31,$31,$10,$110,$98,$192,195,$0.06,$0.04,$431,$0,$16,$740,$148,$87,$75,$21,$602,$1342,$330,$24,$4,$133,$463,$2,$290,$-8,$879,$1342,$268,$47,$-160,$-113,$66,$0,$3,$86,$155,$285,$-26,$-52,$0,$-1,$-3,$-4,$-4,$-86,$-20,$0,$-20,$-101,$-101,$-29,$7,$-143,$56,$16,$-29
40,2008-09-30,19.54,$4.10,4.77,$6.74,2.9,$2.73,7.16,$0.94,20.79,$0.71B,$0.27B,2.67,$0.03B,$0.78B,0.04,$1.33B,$1.16B,86.72%,$1.33B,$0.55B,40.89%,$1.33B,$0.55B,40.89%,$1.33B,$0.59B,44.34%,$1.33B,$0.57B,43.06%,$1.33B,$0.18B,13.73%,$0.18B,$0.78B,23.89%,$0.18B,$0.71B,26.69%,$0.18B,$1.30B,14.46%,$0.55B,$0.81B,67.91%,$316,$42,$274,$0,$137,$191,$125,$-40,$85,$20,$65,$65,$34,$137,$125,$192,195,$0.18,$0.18,$380,$12,$16,$714,$151,$86,$77,$17,$589,$1303,$268,$30,$12,$252,$520,$2,$310,$-3,$783,$1303,$237,$35,$-125,$-91,$20,$87,$4,$-42,$69,$210,$-63,$0,$0,$-9,$0,$-9,$-24,$-96,$-15,$0,$-15,$-91,$-91,$-29,$5,$-130,$-15,$13,$-29
41,2008-06-30,20.71,$3.99,5.19,$6.86,3.02,$2.94,7.05,$1.13,18.32,$0.69B,$0.23B,2.99,$0.03B,$0.76B,0.04,$1.37B,$1.19B,86.83%,$1.37B,$0.58B,42.06%,$1.37B,$0.58B,42.06%,$1.37B,$0.62B,45.35%,$1.37B,$0.60B,43.96%,$1.37B,$0.22B,16.24%,$0.22B,$0.76B,29.64%,$0.22B,$0.68B,33.30%,$0.22B,$1.25B,17.99%,$0.58B,$0.80B,72.74%,$330,$43,$286,$0,$140,$194,$135,$-25,$110,$28,$83,$83,$46,$147,$135,$192,196,$0.24,$0.24,$347,$12,$15,$689,$142,$75,$79,$18,$563,$1252,$231,$34,$13,$258,$489,$2,$290,$5,$764,$1252,$171,$23,$-86,$-63,$-1,$53,$3,$-45,$10,$113,$-35,$0,$0,$10,$0,$10,$-17,$-41,$-11,$0,$-11,$-77,$-77,$-29,$4,$-112,$-41,$9,$-29
42,2008-03-31,21.67,$3.95,5.49,$6.86,3.16,$2.95,7.35,$1.23,17.62,$0.70B,$0.23B,3.05,$0.04B,$0.76B,0.05,$1.38B,$1.20B,87.03%,$1.38B,$0.59B,43.04%,$1.38B,$0.59B,43.04%,$1.38B,$0.63B,45.94%,$1.38B,$0.60B,43.70%,$1.38B,$0.25B,17.83%,$0.25B,$0.76B,33.73%,$0.25B,$0.68B,38.12%,$0.25B,$1.26B,20.49%,$0.59B,$0.80B,76.45%,$334,$45,$289,$0,$139,$195,$139,$-21,$118,$29,$88,$88,$49,$150,$139,$194,198,$0.25,$0.25,$359,$17,$15,$702,$144,$72,$81,$18,$554,$1256,$230,$39,$12,$265,$495,$2,$301,$6,$761,$1256,$49,$12,$-5,$7,$2,$26,$1,$-13,$16,$68,$-18,$0,$0,$1,$0,$1,$-13,$-29,$-5,$0,$-5,$-47,$-47,$-14,$2,$-64,$-25,$5,$-14
43,2007-12-31,28.17,$3.89,7.24,$6.76,4.17,$2.85,9.88,$1.29,21.84,$0.70B,$0.23B,3.02,$0.04B,$0.76B,0.06,$1.37B,$1.19B,87.07%,$1.37B,$0.59B,43.39%,$1.37B,$0.59B,43.39%,$1.37B,$0.63B,46.09%,$1.37B,$0.59B,42.80%,$1.37B,$0.26B,18.99%,$0.26B,$0.76B,36.70%,$0.26B,$0.67B,41.75%,$0.26B,$1.25B,22.39%,$0.59B,$0.80B,77.93%,$353,$47,$307,$0,$150,$208,$146,$115,$261,$33,$228,$228,$54,$157,$146,$196,202,$0.27,$0.26,$371,$17,$15,$695,$144,$77,$83,$22,$557,$1252,$230,$44,$12,$266,$496,$2,$299,$10,$756,$1252,$434,$37,$-121,$-84,$-30,$0,$2,$45,$17,$361,$-94,$0,$0,$-5,$3,$-1,$-0,$-96,$-29,$0,$-29,$-161,$-161,$-26,$24,$-191,$74,$28,$-26
44,2007-09-30,23.89,$3.68,6.48,$6.56,3.64,$2.71,8.81,$1.33,17.96,$0.63B,$0.19B,3.36,$0.05B,$0.72B,0.07,$1.33B,$1.16B,87.16%,$1.33B,$0.59B,43.92%,$1.33B,$0.59B,43.92%,$1.33B,$0.62B,46.40%,$1.33B,$0.42B,31.76%,$1.33B,$0.27B,20.27%,$0.27B,$0.72B,39.87%,$0.27B,$0.63B,45.80%,$0.27B,$1.18B,24.15%,$0.59B,$0.77B,79.40%,$350,$44,$305,$0,$139,$194,$155,$-44,$112,$38,$73,$73,$73,$166,$155,$195,200,$0.38,$0.37,$307,$16,$14,$627,$139,$83,$85,$18,$548,$1176,$187,$50,$12,$274,$461,$2,$279,$12,$715,$1176,$206,$26,$59,$85,$-45,$0,$7,$18,$-20,$266,$-72,$0,$0,$-5,$3,$-2,$-0,$-75,$-23,$0,$-23,$-149,$-149,$-26,$16,$-181,$10,$20,$-26
45,2007-06-30,25.43,$3.49,7.28,$6.28,4.05,$2.61,9.75,$1.26,20.18,$0.58B,$0.15B,3.97,$0.06B,$0.69B,0.08,$1.28B,$1.12B,87.34%,$1.28B,$0.56B,43.52%,$1.28B,$0.56B,43.52%,$1.28B,$0.59B,45.78%,$1.28B,$0.40B,31.25%,$1.28B,$0.26B,20.16%,$0.26B,$0.69B,40.17%,$0.26B,$0.60B,46.80%,$0.26B,$1.12B,24.15%,$0.56B,$0.74B,78.78%,$343,$43,$300,$0,$139,$190,$154,$-42,$112,$43,$70,$70,$70,$161,$154,$197,204,$0.35,$0.34,$257,$16,$13,$581,$136,$84,$87,$17,$538,$1119,$146,$58,$12,$287,$434,$2,$260,$10,$685,$1119,$133,$15,$39,$53,$-28,$0,$-0,$-23,$-52,$133,$-51,$0,$0,$-7,$3,$-4,$-0,$-55,$-13,$0,$-13,$-95,$-95,$-26,$14,$-119,$-41,$13,$-26
46,2007-03-31,26.31,$3.43,7.66,$6.00,4.38,$2.77,9.51,$1.21,21.83,$0.58B,$0.15B,3.91,$0.06B,$0.68B,0.09,$1.22B,$1.07B,87.32%,$1.22B,$0.52B,42.64%,$1.22B,$0.52B,42.64%,$1.22B,$0.55B,45.01%,$1.22B,$0.37B,30.52%,$1.22B,$0.25B,20.13%,$0.25B,$0.68B,41.36%,$0.25B,$0.59B,49.10%,$0.25B,$1.10B,24.44%,$0.52B,$0.74B,78.52%,$323,$43,$280,$0,$133,$184,$139,$-38,$101,$38,$63,$63,$63,$147,$139,$198,205,$0.32,$0.31,$282,$17,$13,$579,$134,$80,$89,$17,$517,$1097,$148,$63,$10,$270,$418,$1,$279,$8,$678,$1097,$63,$7,$17,$25,$-6,$0,$4,$-24,$-27,$59,$-26,$0,$0,$-3,$0,$-3,$0,$-30,$-8,$0,$-8,$-32,$-32,$-12,$8,$-45,$-15,$7,$-12
47,2006-12-31,26.01,$6.37,4.08,$5.79,4.49,$2.98,8.73,$1.17,22.33,$0.59B,$0.20B,2.99,$0.07B,$0.63B,0.11,$1.18B,$1.03B,87.41%,$1.18B,$0.50B,42.43%,$1.18B,$0.50B,42.43%,$1.18B,$0.53B,44.81%,$1.18B,$0.36B,30.53%,$1.18B,$0.24B,20.24%,$0.24B,$0.63B,44.07%,$0.24B,$0.54B,53.63%,$0.24B,$1.08B,25.26%,$0.50B,$0.70B,81.47%,$316,$40,$276,$0,$132,$179,$137,$-39,$98,$34,$64,$64,$64,$144,$137,$197,203,$0.32,$0.31,$297,$16,$12,$586,$131,$72,$91,$20,$493,$1080,$196,$68,$0,$253,$449,$1,$258,$8,$631,$1080,$237,$29,$121,$151,$-52,$0,$2,$15,$-35,$346,$-106,$0,$5,$-17,$0,$-17,$-0,$-118,$-17,$0,$-17,$-64,$-64,$-23,$32,$-71,$157,$25,$-23
