,Date,Stock Price,Book Value per Share,Price to Book Ratio,TTM Sales per Share,Price to Sales Ratio,TTM FCF per Share,Price to FCF Ratio,TTM Net EPS,PE Ratio,Current Assets,Current Liabilities,Current Ratio,Long Term Debt,Shareholder's Equity_x,Debt to Equity Ratio,TTM Revenue_x,TTM Gross Profit,Gross Margin,TTM Revenue_y,TTM Operating Income,Operating Margin,TTM Revenue_x,TTM EBIT,EBIT Margin,TTM Revenue_y,TTM EBITDA,EBITDA Margin,TTM Revenue_x,TTM Pre-Tax Income,Pre-Tax Margin,TTM Revenue_y,TTM Net Income_x,Net Margin,TTM Net Income_y,Shareholder's Equity_y,Return on Equity,TTM Net Income_x,Tangible Equity,Return on Tangible Equity,TTM Net Income_y,Total Assets,Return on Assets,TTM Net Income,LT Investments & Debt,Return on Investment,revenue,cost-goods-sold,gross-profit,research-development-expenses,selling-general-administrative-expenses,operating-expenses,operating-income,total-non-operating-income-expense,pre-tax-income,total-provision-income-taxes,income-after-taxes,income-from-continuous-operations,net-income,ebitda,ebit,basic-shares-outstanding,shares-outstanding,eps-basic-net-earnings-per-share,eps-earnings-per-share-diluted,cash-on-hand,inventory,other-current-assets,total-current-assets,net-property-plant-equipment,long-term-investments,goodwill-intangible-assets-total,other-long-term-assets,total-long-term-assets,total-assets,total-current-liabilities,long-term-debt,other-non-current-liabilities,total-long-term-liabilities,total-liabilities,common-stock-net,retained-earnings-accumulated-deficit,comprehensive-income,total-share-holder-equity,total-liabilities-share-holders-equity,net-income-loss,total-depreciation-amortization-cash-flow,other-non-cash-items,total-non-cash-items,change-in-accounts-receivable,change-in-inventories,change-in-accounts-payable,change-in-assets-liabilities,total-change-in-assets-liabilities,cash-flow-from-operating-activities,net-change-in-property-plant-equipment,net-change-in-intangible-assets,net-acquisitions-divestitures,net-change-in-short-term-investments,net-change-in-long-term-investments,net-change-in-investments-total,investing-activities-other,cash-flow-from-investing-activities,net-long-term-debt,net-current-debt,debt-issuance-retirement-net-total,net-common-equity-issued-repurchased,net-total-equity-issued-repurchased,total-common-preferred-stock-dividends-paid,financial-activities-other,cash-flow-from-financial-activities,net-cash-flow,stock-based-compensation,common-stock-dividends-paid
0,2018-09-30,4.19,$4.89,0.86,$1.05,4.0,$0.55,7.63,$0.06,69.83,$0.00B,$0.02B,0.1,$0.00B,$0.04B,0.0,$0.01B,$0.00B,50.00%,$0.01B,0,0.00%,$0.01B,0,0.00%,$0.01B,$0.00B,50.00%,$0.01B,0,0.00%,$0.01B,0,0.00%,$0.00B,$0.04B,0.00%,$0.00B,$0.04B,0.00%,$0.00B,$0.06B,0.00%,$0.00B,$0.04B,0.00%,$2,$1,$1,$0,$0,$2,$0,$-0,$0,$0,$0,$0,$0,$1,$0,$8,8,$0.01,$0.01,$2,$0,$0,$2,$54,$0,$1,$2,$57,$59,$21,$0,$0,$0,$21,$0,$4,$0,$38,$59,$1,$1,$0,$1,$0,$0,$0,$-0,$-0,$1,$-0,$0,$0,$0,$0,$0,$0,$-0,$-0,$0,$-0,$0,$0,$-1,$0,$-2,$-0,$0,$-1
1,2018-06-30,4.15,$4.94,0.84,$1.03,4.02,$0.52,8.02,$0.04,103.75,$0.00B,$0.02B,0.11,$0.00B,$0.04B,0.0,$0.01B,$0.00B,50.00%,$0.01B,0,0.00%,$0.01B,0,0.00%,$0.01B,$0.00B,50.00%,$0.01B,0,0.00%,$0.01B,0,0.00%,$0.00B,$0.04B,0.00%,$0.00B,$0.04B,0.00%,$0.00B,$0.06B,0.00%,$0.00B,$0.04B,0.00%,$2,$1,$1,$0,$0,$2,$0,$0,$0,$0,$0,$0,$0,$1,$0,$8,8,$0.05,$0.05,$2,$0,$0,$2,$54,$0,$1,$2,$57,$60,$22,$0,$0,$0,$22,$0,$4,$0,$38,$60,$0,$1,$-0,$1,$0,$0,$0,$-0,$0,$1,$-0,$0,$0,$0,$0,$0,$0,$-0,$0,$0,$0,$0,$0,$-1,$0,$-1,$0,$0,$-1
2,2018-03-31,4.35,$4.95,0.88,$1.01,4.31,$0.49,8.82,$-0.01,0.0,$0.00B,$0.02B,0.11,$0.00B,$0.04B,0.0,$0.01B,$0.00B,50.00%,$0.01B,0,0.00%,$0.01B,0,0.00%,$0.01B,$0.00B,50.00%,$0.01B,0,0.00%,$0.01B,0,0.00%,$0.00B,$0.04B,0.00%,$0.00B,$0.04B,0.00%,$0.00B,$0.06B,0.00%,$0.00B,$0.04B,0.00%,$2,$1,$1,$0,$0,$2,$0,$-0,$0,$0,$0,$0,$0,$1,$0,$8,8,$0.01,$0.01,$2,$0,$0,$2,$55,$0,$1,$2,$57,$60,$22,$0,$0,$0,$22,$0,$4,$0,$38,$60,$0,$0,$0,$0,$0,$0,$0,$-0,$0,$1,$-0,$0,$0,$0,$0,$0,$0,$-0,$0,$0,$0,$0,$0,$-0,$0,$-0,$0,$0,$-0
3,2017-12-31,4.47,$5.05,0.88,$0.98,4.56,$0.49,9.15,$-0.02,0.0,$0.00B,$0.02B,0.11,$0.00B,$0.04B,0.0,$0.01B,$0.00B,50.00%,$0.01B,0,0.00%,$0.01B,0,0.00%,$0.01B,$0.00B,50.00%,$0.01B,0,0.00%,$0.01B,0,0.00%,$0.00B,$0.04B,0.00%,$0.00B,$0.04B,0.00%,$0.00B,$0.06B,0.00%,$0.00B,$0.04B,0.00%,$2,$1,$1,$0,$0,$2,$0,$-0,$-0,$0,$-0,$-0,$-0,$1,$0,$8,8,$0.00,$0.00,$2,$0,$0,$2,$55,$0,$1,$2,$58,$60,$21,$0,$0,$0,$21,$0,$4,$1,$39,$60,$-0,$2,$0,$2,$0,$0,$0,$-0,$0,$2,$-1,$0,$0,$0,$0,$0,$0,$-1,$0,$0,$0,$0,$0,$-2,$0,$-2,$-1,$0,$-2
4,2017-09-30,4.62,$5.11,0.9,$0.73,6.37,$0.33,14.03,$-0.02,0.0,$0.00B,$0.02B,0.13,$0.00B,$0.04B,0.0,$0.01B,$0.00B,50.00%,$0.01B,0,0.00%,$0.01B,0,0.00%,$0.01B,$0.00B,50.00%,$0.01B,0,0.00%,$0.01B,0,0.00%,$0.00B,$0.04B,0.00%,$0.00B,$0.04B,0.00%,$0.00B,$0.06B,0.00%,$0.00B,$0.04B,0.00%,$2,$1,$1,$0,$1,$2,$0,$-0,$-0,$0,$-0,$-0,$-0,$1,$0,$8,8,$-0.02,$-0.02,$3,$0,$0,$3,$55,$0,$1,$2,$58,$60,$21,$0,$0,$0,$21,$0,$4,$1,$39,$60,$-0,$1,$0,$1,$0,$0,$0,$-0,$0,$1,$-0,$0,$0,$0,$0,$0,$0,$-0,$0,$0,$0,$0,$0,$-1,$0,$-1,$-0,$0,$-1
5,2017-06-30,4.63,$5.18,0.89,$0.65,7.08,$0.18,25.32,$-0.03,0.0,$0.00B,$0.02B,0.14,$0.00B,$0.04B,0.0,$0.01B,$0.00B,60.00%,$0.01B,0,0.00%,$0.01B,0,0.00%,$0.01B,$0.00B,40.00%,$0.01B,0,0.00%,$0.01B,0,0.00%,$0.00B,$0.04B,0.00%,$0.00B,$0.04B,0.00%,$0.00B,$0.06B,0.00%,$0.00B,$0.04B,0.00%,$2,$1,$1,$0,$0,$2,$0,$-0,$0,$0,$0,$0,$0,$1,$0,$8,8,$0.00,$0.00,$3,$0,$0,$3,$55,$0,$1,$2,$58,$61,$21,$0,$0,$0,$21,$0,$5,$1,$39,$61,$0,$1,$0,$1,$0,$0,$0,$0,$0,$1,$-0,$0,$0,$0,$0,$0,$0,$-0,$0,$0,$0,$0,$0,$-1,$0,$-1,$-0,$0,$-1
6,2017-03-31,4.44,$5.25,0.85,$0.57,7.85,$0.06,70.11,$-0.03,0.0,$0.00B,$0.02B,0.14,$0.00B,$0.04B,0.0,$0.00B,$0.00B,75.00%,$0.00B,0,0.00%,$0.00B,0,0.00%,$0.00B,$0.00B,25.00%,$0.00B,0,0.00%,$0.00B,0,0.00%,$0.00B,$0.04B,0.00%,$0.00B,$0.04B,0.00%,$0.00B,$0.06B,0.00%,$0.00B,$0.04B,0.00%,$2,$1,$1,$0,$0,$2,$0,$-0,$-0,$0,$-0,$-0,$-0,$1,$0,$8,8,$0.00,$0.00,$3,$0,$0,$3,$56,$0,$1,$2,$58,$61,$21,$0,$0,$0,$21,$0,$5,$1,$40,$61,$-0,$0,$0,$0,$0,$0,$0,$0,$0,$1,$-0,$0,$0,$0,$0,$0,$0,$-0,$0,$0,$0,$0,$0,$-0,$0,$-0,$-0,$0,$-0
7,2016-12-31,4.38,$0.00,0.0,$0.34,13.02,0,0.0,$-0.03,0.0,$0.00B,$0.00B,0.0,$0.00B,$0.00B,0.0,$0.00B,$0.00B,100.00%,$0.00B,0,0.00%,$0.00B,0,0.00%,$0.00B,0,0.00%,$0.00B,0,0.00%,$0.00B,0,0.00%,$0.00B,$0.00B,0.00%,$0.00B,$0.00B,0.00%,$0.00B,$0.00B,0.00%,$0.00B,$0.00B,0.00%,$0,$0,$0,$0,$0,$0,$0,$0,$0,$0,$0,$0,$0,$0,$0,$0,0,$0.00,$0.00,$0,$0,$0,$0,$0,$0,$0,$0,$0,$0,$0,$0,$0,$0,$0,$0,$0,$0,$0,$0,$0,$0,$0,$0,$0,$0,$0,$0,$0,$0,$0,$0,$0,$0,$0,$0,$0,$0,$0,$0,$0,$0,$0,$0,$0,$0,$0,$0,$0
