,Date,Stock Price,Book Value per Share,Price to Book Ratio,TTM Sales per Share,Price to Sales Ratio,TTM FCF per Share,Price to FCF Ratio,TTM Net EPS,PE Ratio,Current Assets,Current Liabilities,Current Ratio,Long Term Debt,Shareholder's Equity_x,Debt to Equity Ratio,TTM Revenue_x,TTM Gross Profit,Gross Margin,TTM Revenue_y,TTM Operating Income,Operating Margin,TTM Revenue_x,TTM EBIT,EBIT Margin,TTM Revenue_y,TTM EBITDA,EBITDA Margin,TTM Revenue_x,TTM Pre-Tax Income,Pre-Tax Margin,TTM Revenue_y,TTM Net Income_x,Net Margin,TTM Net Income_y,Shareholder's Equity_y,Return on Equity,TTM Net Income_x,Tangible Equity,Return on Tangible Equity,TTM Net Income_y,Total Assets,Return on Assets,TTM Net Income,LT Investments & Debt,Return on Investment,revenue,cost-goods-sold,gross-profit,research-development-expenses,selling-general-administrative-expenses,operating-expenses,operating-income,total-non-operating-income-expense,pre-tax-income,total-provision-income-taxes,income-after-taxes,income-from-continuous-operations,net-income,ebitda,ebit,basic-shares-outstanding,shares-outstanding,eps-basic-net-earnings-per-share,eps-earnings-per-share-diluted,cash-on-hand,inventory,other-current-assets,total-current-assets,net-property-plant-equipment,long-term-investments,goodwill-intangible-assets-total,other-long-term-assets,total-long-term-assets,total-assets,total-current-liabilities,long-term-debt,other-non-current-liabilities,total-long-term-liabilities,total-liabilities,common-stock-net,retained-earnings-accumulated-deficit,comprehensive-income,total-share-holder-equity,total-liabilities-share-holders-equity,net-income-loss,total-depreciation-amortization-cash-flow,other-non-cash-items,total-non-cash-items,change-in-accounts-receivable,change-in-inventories,change-in-accounts-payable,change-in-assets-liabilities,total-change-in-assets-liabilities,cash-flow-from-operating-activities,net-change-in-property-plant-equipment,net-change-in-intangible-assets,net-acquisitions-divestitures,net-change-in-short-term-investments,net-change-in-long-term-investments,net-change-in-investments-total,investing-activities-other,cash-flow-from-investing-activities,net-long-term-debt,net-current-debt,debt-issuance-retirement-net-total,net-common-equity-issued-repurchased,net-total-equity-issued-repurchased,total-common-preferred-stock-dividends-paid,financial-activities-other,cash-flow-from-financial-activities,net-cash-flow,stock-based-compensation,common-stock-dividends-paid
0,2018-09-30,18.4,$6.57,2.8,$38.43,0.48,$3.21,5.73,$1.59,11.57,$1.02B,$0.69B,1.49,$3.31B,$0.89B,3.72,$4.99B,$0.80B,15.94%,$4.99B,$0.41B,8.14%,$4.99B,$0.41B,8.14%,$4.99B,$0.61B,12.19%,$4.99B,$0.24B,4.77%,$4.99B,$0.22B,4.31%,$0.22B,$0.89B,22.64%,$0.22B,$-2.87B,-8.13%,$0.22B,$5.98B,3.73%,$0.41B,$4.19B,9.76%,$1267,$1087,$180,$0,$30,$1168,$100,$-43,$57,$14,$43,$43,$33,$154,$100,$130,130,$0.24,$0.24,$160,$0,$96,$1023,$965,$0,$3756,$235,$4957,$5980,$685,$3306,$174,$4408,$5093,$0,$297,$0,$888,$5980,$147,$159,$2,$161,$23,$0,$-4,$-5,$73,$381,$-121,$0,$-513,$0,$-13,$-13,$0,$-647,$783,$-171,$612,$-4,$-4,$0,$-305,$303,$38,$17,$0
1,2018-06-30,18.15,$7.53,2.41,$37.04,0.49,$0.88,20.69,$1.49,12.18,$1.02B,$0.63B,1.63,$3.39B,$1.01B,3.35,$4.80B,$0.75B,15.69%,$4.80B,$0.38B,7.88%,$4.80B,$0.38B,7.88%,$4.80B,$0.57B,11.81%,$4.80B,$0.22B,4.58%,$4.80B,$0.20B,4.17%,$0.20B,$1.01B,21.45%,$0.20B,$-2.76B,-8.01%,$0.20B,$5.97B,3.61%,$0.38B,$4.40B,9.44%,$1296,$1095,$201,$0,$29,$1176,$121,$-39,$82,$21,$61,$61,$47,$176,$121,$130,130,$0.35,$0.35,$141,$0,$88,$1019,$966,$0,$3767,$213,$4945,$5965,$627,$3386,$323,$4326,$4953,$0,$421,$0,$1012,$5965,$105,$105,$1,$106,$-6,$0,$-5,$4,$6,$217,$-75,$0,$-518,$0,$-3,$-3,$0,$-596,$783,$-86,$696,$1,$1,$0,$-300,$398,$18,$11,$0
2,2018-03-31,17.25,$7.20,2.4,$35.62,0.48,$-0.45,0.0,$1.46,11.82,$1.04B,$0.63B,1.66,$3.48B,$0.97B,3.6,$4.61B,$0.73B,15.94%,$4.61B,$0.37B,8.10%,$4.61B,$0.37B,8.10%,$4.61B,$0.55B,11.90%,$4.61B,$0.22B,4.82%,$4.61B,$0.20B,4.23%,$0.20B,$0.97B,21.30%,$0.20B,$-2.78B,-8.31%,$0.20B,$5.97B,3.67%,$0.37B,$4.44B,9.75%,$1253,$1066,$187,$0,$32,$1144,$109,$-52,$56,$12,$44,$44,$34,$159,$109,$130,130,$0.25,$0.25,$120,$0,$94,$1041,$973,$0,$3743,$211,$4927,$5969,$626,$3478,$167,$4378,$5003,$0,$384,$0,$965,$5969,$44,$50,$2,$52,$-46,$0,$-7,$8,$-45,$51,$-40,$0,$-515,$0,$-2,$-2,$0,$-556,$783,$7,$790,$1,$1,$0,$-288,$502,$-3,$5,$0
3,2017-12-31,17.65,$6.95,2.54,$34.46,0.51,$-1.37,0.0,$1.33,13.27,$0.92B,$0.61B,1.52,$2.68B,$0.93B,2.87,$4.44B,$0.71B,15.95%,$4.44B,$0.36B,8.01%,$4.44B,$0.36B,8.01%,$4.44B,$0.53B,11.86%,$4.44B,$0.20B,4.57%,$4.44B,$0.18B,3.98%,$0.18B,$0.93B,19.73%,$0.18B,$-2.18B,-8.03%,$0.18B,$5.13B,3.49%,$0.36B,$3.61B,9.80%,$1173,$946,$227,$0,$31,$1096,$76,$-33,$43,$-78,$121,$121,$101,$119,$76,$129,129,$0.75,$0.75,$123,$0,$75,$921,$913,$0,$3109,$184,$4206,$5127,$605,$2678,$146,$3589,$4195,$0,$360,$0,$933,$5127,$221,$171,$-58,$113,$-118,$0,$4,$1,$-96,$238,$-233,$0,$53,$0,$-13,$-13,$0,$-193,$-14,$0,$-14,$-3,$-3,$0,$-5,$-22,$24,$19,$0
4,2017-09-30,19.2,$6.13,3.13,$33.55,0.57,$0.04,453.9,$0.73,26.3,$0.90B,$0.60B,1.51,$2.75B,$0.82B,3.36,$4.32B,$0.62B,14.32%,$4.32B,$0.34B,7.78%,$4.32B,$0.34B,7.78%,$4.32B,$0.51B,11.70%,$4.32B,$0.18B,4.26%,$4.32B,$0.10B,2.22%,$0.10B,$0.82B,10.78%,$0.10B,$-2.28B,-4.35%,$0.10B,$5.12B,1.91%,$0.34B,$3.57B,9.27%,$1077,$939,$138,$0,$27,$1005,$72,$-33,$39,$14,$25,$25,$18,$113,$72,$129,129,$0.14,$0.14,$107,$0,$80,$904,$946,$0,$3099,$175,$4220,$5124,$600,$2753,$138,$3704,$4303,$0,$263,$0,$820,$5124,$100,$128,$4,$132,$-142,$0,$4,$-1,$-102,$130,$-174,$0,$15,$0,$-11,$-11,$0,$-170,$-25,$80,$55,$-2,$-2,$0,$-5,$48,$8,$14,$0
5,2017-06-30,15.35,$7.10,2.16,$33.46,0.46,$1.65,9.3,$0.64,23.98,$0.87B,$0.57B,1.53,$2.73B,$0.94B,2.9,$4.29B,$0.62B,14.39%,$4.29B,$0.32B,7.45%,$4.29B,$0.32B,7.45%,$4.29B,$0.49B,11.41%,$4.29B,$0.15B,3.49%,$4.29B,$0.08B,1.96%,$0.08B,$0.94B,8.84%,$0.08B,$-2.16B,-3.95%,$0.08B,$5.05B,1.70%,$0.32B,$3.68B,8.75%,$1102,$920,$182,$0,$28,$987,$116,$-32,$84,$32,$51,$51,$42,$157,$116,$129,129,$0.32,$0.32,$74,$0,$83,$871,$912,$0,$3102,$169,$4183,$5054,$569,$2734,$141,$3542,$4111,$0,$393,$0,$944,$5054,$75,$87,$5,$91,$-140,$0,$1,$-1,$-126,$40,$-71,$0,$-19,$0,$-10,$-10,$0,$-99,$-35,$75,$40,$0,$0,$0,$-6,$34,$-25,$9,$0
6,2017-03-31,13.35,$6.72,1.99,$33.48,0.4,$2.65,5.03,$0.58,23.02,$0.84B,$0.54B,1.57,$2.77B,$0.89B,3.11,$4.29B,$0.62B,14.38%,$4.29B,$0.31B,7.11%,$4.29B,$0.31B,7.11%,$4.29B,$0.47B,11.05%,$4.29B,$0.14B,3.26%,$4.29B,$0.08B,1.77%,$0.08B,$0.89B,7.85%,$0.08B,$-2.20B,-3.66%,$0.08B,$5.00B,1.55%,$0.31B,$3.66B,8.31%,$1092,$929,$162,$0,$28,$1000,$92,$-55,$37,$13,$23,$23,$16,$138,$92,$128,129,$0.12,$0.12,$65,$0,$85,$844,$897,$0,$3097,$165,$4159,$5003,$538,$2771,$142,$3572,$4111,$0,$351,$0,$892,$5003,$23,$46,$3,$49,$-118,$0,$0,$-8,$-129,$-56,$-51,$0,$10,$0,$-1,$-1,$0,$-41,$-30,$98,$68,$0,$0,$0,$-5,$63,$-34,$5,$0
7,2016-12-31,13.25,$6.83,1.94,$33.53,0.4,$3.99,3.32,$0.88,15.06,$0.76B,$0.57B,1.34,$2.69B,$0.91B,2.96,$4.29B,$0.62B,14.49%,$4.29B,$0.30B,7.00%,$4.29B,$0.30B,7.00%,$4.29B,$0.46B,10.76%,$4.29B,$0.18B,4.20%,$4.29B,$0.12B,2.68%,$0.12B,$0.91B,11.64%,$0.12B,$-2.19B,-5.66%,$0.12B,$4.92B,2.36%,$0.30B,$3.59B,8.13%,$1046,$910,$136,$0,$26,$991,$56,$-31,$24,$4,$20,$20,$20,$97,$56,$128,128,$0.15,$0.14,$99,$0,$78,$763,$892,$0,$3092,$174,$4158,$4921,$572,$2685,$137,$3443,$4015,$0,$372,$0,$906,$4921,$125,$161,$-27,$134,$30,$0,$-15,$27,$87,$347,$-162,$0,$-392,$0,$-1,$-1,$0,$-554,$364,$-69,$294,$-3,$-3,$0,$1,$292,$85,$17,$0
8,2016-09-30,13.5,$8.01,1.69,$33.49,0.4,$2.74,4.92,$0.95,14.21,$0.81B,$0.55B,1.46,$2.64B,$1.06B,2.49,$4.28B,$0.62B,14.54%,$4.28B,$0.31B,7.15%,$4.28B,$0.31B,7.15%,$4.28B,$0.46B,10.82%,$4.28B,$0.19B,4.42%,$4.28B,$0.13B,2.92%,$0.13B,$1.06B,12.64%,$0.13B,$-1.95B,-6.52%,$0.13B,$4.85B,2.64%,$0.31B,$3.70B,8.60%,$1054,$916,$138,$0,$27,$998,$56,$-51,$5,$1,$4,$4,$6,$98,$56,$128,128,$0.05,$0.05,$68,$0,$83,$806,$863,$0,$3013,$163,$4040,$4845,$550,$2642,$137,$3235,$3785,$0,$529,$0,$1060,$4845,$105,$120,$-24,$96,$11,$0,$-18,$28,$80,$281,$-118,$0,$-342,$0,$-3,$-3,$0,$-463,$369,$-133,$235,$-3,$-3,$0,$4,$236,$54,$13,$0
9,2016-06-30,10.87,$7.73,1.41,$33.25,0.33,$2.17,5.0,$1.12,9.71,$0.83B,$0.54B,1.54,$2.71B,$1.02B,2.66,$4.25B,$0.60B,14.23%,$4.25B,$0.30B,7.02%,$4.25B,$0.30B,7.02%,$4.25B,$0.45B,10.53%,$4.25B,$0.24B,5.53%,$4.25B,$0.15B,3.49%,$0.15B,$1.02B,15.71%,$0.15B,$-1.97B,-7.93%,$0.15B,$4.84B,3.22%,$0.30B,$3.72B,8.67%,$1098,$917,$181,$0,$26,$997,$101,$-27,$74,$33,$41,$41,$34,$141,$101,$128,128,$0.26,$0.26,$78,$0,$89,$825,$889,$0,$2982,$142,$4013,$4838,$535,$2707,$132,$3286,$3822,$0,$523,$0,$1017,$4838,$101,$78,$-40,$38,$-10,$0,$-16,$16,$39,$178,$-80,$0,$-350,$0,$-2,$-2,$0,$-432,$383,$-62,$320,$0,$0,$0,$-3,$318,$64,$8,$0
10,2016-03-31,11.81,$7.39,1.6,$31.59,0.37,$1.46,8.12,$1.14,10.36,$0.84B,$0.52B,1.64,$2.77B,$0.97B,2.86,$4.04B,$0.57B,14.03%,$4.04B,$0.28B,6.99%,$4.04B,$0.28B,6.99%,$4.04B,$0.42B,10.29%,$4.04B,$0.23B,5.58%,$4.04B,$0.15B,3.74%,$0.15B,$0.97B,16.75%,$0.15B,$-2.02B,-8.32%,$0.15B,$4.85B,3.38%,$0.28B,$3.74B,8.48%,$1088,$922,$166,$0,$28,$1001,$87,$-10,$77,$17,$60,$60,$55,$125,$87,$128,128,$0.42,$0.42,$85,$0,$86,$844,$873,$0,$2994,$138,$4004,$4848,$515,$2773,$136,$3363,$3878,$0,$490,$0,$970,$4848,$60,$38,$-20,$18,$-23,$0,$-21,$7,$33,$111,$-47,$0,$-350,$0,$-1,$-1,$0,$-398,$602,$-241,$362,$0,$0,$0,$-4,$357,$71,$4,$0
11,2015-12-31,11.91,$6.92,1.72,$29.28,0.41,$1.03,11.61,$0.99,12.03,$0.75B,$0.73B,1.03,$2.16B,$0.91B,2.38,$3.74B,$0.53B,14.19%,$3.74B,$0.27B,7.32%,$3.74B,$0.27B,7.32%,$3.74B,$0.39B,10.40%,$3.74B,$0.21B,5.56%,$3.74B,$0.13B,3.47%,$0.13B,$0.91B,15.10%,$0.13B,$-1.73B,-8.45%,$0.13B,$4.39B,3.24%,$0.27B,$3.07B,9.18%,$1039,$902,$137,$0,$24,$977,$62,$-29,$33,$7,$26,$26,$30,$99,$62,$127,128,$0.23,$0.22,$14,$0,$86,$749,$864,$0,$2633,$142,$3640,$4389,$729,$2161,$133,$2751,$3480,$0,$435,$0,$909,$4389,$136,$115,$-21,$94,$-33,$0,$2,$2,$-21,$208,$-183,$0,$-1060,$0,$31,$31,$0,$-1212,$590,$247,$837,$-15,$-15,$-13,$206,$1014,$11,$15,$-13
12,2015-09-30,10.79,$6.66,1.62,$27.11,0.4,$1.41,7.67,$0.97,11.12,$0.70B,$0.52B,1.34,$2.33B,$0.87B,2.67,$3.48B,$0.51B,14.65%,$3.48B,$0.27B,7.77%,$3.48B,$0.27B,7.77%,$3.48B,$0.37B,10.56%,$3.48B,$0.21B,6.16%,$3.48B,$0.13B,3.65%,$0.13B,$0.87B,15.35%,$0.13B,$-1.75B,-9.46%,$0.13B,$4.31B,3.49%,$0.27B,$3.21B,9.65%,$1021,$901,$120,$0,$22,$973,$48,$3,$51,$18,$33,$33,$29,$82,$48,$127,128,$0.22,$0.22,$23,$0,$78,$702,$800,$0,$2626,$187,$3613,$4314,$522,$2333,$145,$2918,$3441,$0,$406,$0,$873,$4314,$110,$77,$-30,$48,$-6,$0,$3,$-0,$45,$203,$-114,$0,$-1048,$0,$31,$31,$0,$-1131,$1461,$-700,$762,$-12,$-12,$-13,$210,$947,$19,$9,$-13
13,2015-06-30,16.2,$6.50,2.49,$25.08,0.65,$1.33,12.21,$0.95,17.05,$0.75B,$0.49B,1.55,$2.43B,$0.85B,2.85,$3.21B,$0.50B,15.66%,$3.21B,$0.29B,8.97%,$3.21B,$0.29B,8.97%,$3.21B,$0.37B,11.52%,$3.21B,$0.21B,6.51%,$3.21B,$0.13B,3.89%,$0.13B,$0.85B,15.62%,$0.13B,$-1.76B,-10.95%,$0.13B,$4.34B,3.81%,$0.29B,$3.29B,11.22%,$887,$744,$143,$0,$24,$802,$85,$-21,$64,$24,$40,$40,$37,$109,$85,$128,128,$0.28,$0.28,$25,$0,$78,$754,$771,$0,$2616,$200,$3587,$4341,$488,$2431,$142,$2999,$3487,$0,$383,$0,$854,$4341,$77,$43,$-5,$38,$-64,$0,$9,$-4,$-41,$75,$-69,$0,$-1048,$0,$-1,$-1,$0,$-1118,$1285,$-421,$864,$1,$1,$-13,$213,$1065,$22,$6,$-13
14,2015-03-31,14.83,$6.17,2.41,$24.21,0.61,$1.21,12.22,$0.94,15.78,$0.57B,$0.39B,1.45,$1.57B,$0.81B,1.94,$3.10B,$0.49B,15.82%,$3.10B,$0.29B,9.20%,$3.10B,$0.29B,9.20%,$3.10B,$0.36B,11.68%,$3.10B,$0.21B,6.68%,$3.10B,$0.12B,3.94%,$0.12B,$0.81B,15.78%,$0.12B,$-0.92B,-12.93%,$0.12B,$2.99B,4.18%,$0.29B,$2.38B,12.22%,$795,$664,$131,$0,$22,$716,$79,$-19,$60,$23,$37,$37,$34,$99,$79,$128,128,$0.27,$0.27,$7,$0,$52,$568,$554,$0,$1725,$140,$2419,$2987,$393,$1570,$98,$1786,$2179,$0,$347,$0,$808,$2987,$37,$19,$10,$29,$-62,$0,$5,$-4,$-29,$38,$-28,$0,$-3,$0,$-1,$-1,$0,$-32,$2,$10,$12,$0,$0,$-13,$-2,$-3,$3,$2,$-13
15,2014-12-31,14.3,$5.91,2.42,$23.60,0.61,$0.82,17.44,$0.91,15.71,$0.53B,$0.39B,1.34,$1.54B,$0.78B,1.99,$3.07B,$0.48B,15.75%,$3.07B,$0.28B,9.26%,$3.07B,$0.28B,9.26%,$3.07B,$0.36B,11.74%,$3.07B,$0.20B,6.62%,$3.07B,$0.12B,3.91%,$0.12B,$0.78B,15.90%,$0.12B,$-0.94B,-12.50%,$0.12B,$2.93B,4.14%,$0.28B,$2.32B,12.24%,$772,$656,$115,$0,$28,$714,$58,$-19,$39,$12,$28,$28,$27,$77,$58,$129,129,$0.20,$0.20,$3,$0,$46,$528,$542,$0,$1715,$140,$2397,$2925,$394,$1542,$93,$1755,$2150,$0,$326,$0,$775,$2925,$128,$76,$32,$108,$-53,$0,$6,$-2,$-65,$171,$-95,$0,$-1,$0,$-5,$-5,$0,$-101,$102,$15,$117,$-133,$-133,$-53,$-1,$-71,$-1,$11,$-53
16,2014-09-30,11.86,$5.83,2.03,$23.08,0.51,$1.13,10.53,$0.92,12.89,$0.48B,$0.38B,1.29,$1.53B,$0.76B,2.0,$3.04B,$0.49B,16.02%,$3.04B,$0.29B,9.67%,$3.04B,$0.29B,9.67%,$3.04B,$0.37B,12.17%,$3.04B,$0.21B,7.01%,$3.04B,$0.12B,3.98%,$0.12B,$0.76B,15.80%,$0.12B,$-0.95B,-12.75%,$0.12B,$2.86B,4.21%,$0.29B,$2.29B,12.77%,$758,$644,$114,$0,$20,$692,$66,$-20,$46,$18,$28,$28,$27,$85,$66,$127,127,$0.20,$0.20,$11,$0,$44,$484,$525,$0,$1713,$140,$2378,$2862,$376,$1526,$92,$1723,$2098,$0,$314,$0,$764,$2862,$101,$57,$19,$76,$-20,$0,$2,$-2,$-24,$152,$-73,$0,$-1,$0,$-3,$-3,$0,$-78,$107,$-4,$103,$-124,$-124,$-40,$-7,$-68,$7,$7,$-40
17,2014-06-30,15.26,$5.74,2.66,$22.40,0.68,$1.02,14.98,$0.89,17.15,$0.52B,$0.36B,1.45,$1.60B,$0.75B,2.14,$3.01B,$0.48B,15.94%,$3.01B,$0.29B,9.65%,$3.01B,$0.29B,9.65%,$3.01B,$0.37B,12.15%,$3.01B,$0.21B,6.92%,$3.01B,$0.12B,3.89%,$0.12B,$0.75B,15.10%,$0.12B,$-0.97B,-12.45%,$0.12B,$2.90B,4.08%,$0.29B,$2.34B,12.61%,$773,$643,$130,$0,$19,$691,$82,$-20,$62,$24,$38,$38,$34,$101,$82,$127,128,$0.27,$0.27,$3,$0,$44,$517,$526,$0,$1715,$145,$2387,$2904,$356,$1599,$96,$1802,$2158,$0,$300,$0,$746,$2904,$72,$37,$6,$43,$-62,$0,$10,$-6,$-73,$42,$-50,$0,$-0,$0,$-0,$-0,$0,$-51,$77,$87,$163,$-122,$-122,$-27,$-6,$8,$-1,$4,$-27
18,2014-03-31,12.09,$5.61,2.15,$21.87,0.55,$1.04,11.62,$0.82,14.75,$0.53B,$0.38B,1.4,$1.60B,$0.73B,2.18,$2.99B,$0.48B,16.06%,$2.99B,$0.30B,9.90%,$2.99B,$0.30B,9.90%,$2.99B,$0.37B,12.38%,$2.99B,$0.20B,6.56%,$2.99B,$0.11B,3.68%,$0.11B,$0.73B,14.00%,$0.11B,$-0.98B,-11.84%,$0.11B,$2.92B,3.85%,$0.30B,$2.33B,12.93%,$763,$639,$124,$0,$18,$684,$78,$-22,$56,$22,$34,$34,$32,$97,$78,$136,136,$0.24,$0.24,$5,$0,$44,$534,$520,$0,$1715,$146,$2381,$2916,$382,$1597,$95,$1800,$2182,$0,$285,$0,$734,$2916,$34,$18,$4,$22,$-76,$0,$5,$-7,$-72,$-16,$-27,$0,$-0,$0,$-0,$-0,$0,$-28,$115,$57,$172,$-108,$-108,$-14,$-6,$44,$0,$2,$-14
19,2013-12-31,11.18,$5.84,1.92,$21.71,0.51,$1.17,9.55,$0.82,13.63,$0.45B,$0.37B,1.22,$1.43B,$0.82B,1.74,$2.98B,$0.48B,16.16%,$2.98B,$0.30B,10.11%,$2.98B,$0.30B,10.11%,$2.98B,$0.37B,12.57%,$2.98B,$0.20B,6.69%,$2.98B,$0.11B,3.76%,$0.11B,$0.82B,14.08%,$0.11B,$-0.90B,-12.19%,$0.11B,$2.82B,3.96%,$0.30B,$2.25B,13.27%,$746,$628,$119,$0,$24,$678,$68,$-20,$49,$17,$31,$31,$28,$87,$68,$137,137,$0.20,$0.21,$4,$0,$41,$454,$509,$0,$1715,$140,$2363,$2818,$372,$1428,$92,$1627,$1999,$0,$311,$0,$819,$2818,$123,$73,$30,$103,$-30,$0,$-1,$-12,$-33,$193,$-71,$0,$-2,$0,$-35,$-35,$0,$-107,$666,$-712,$-46,$-10,$-10,$-42,$-22,$-121,$-36,$7,$-42
20,2013-09-30,7.68,$5.73,1.34,$21.60,0.36,$2.06,3.73,$0.89,8.63,$0.49B,$0.39B,1.28,$1.48B,$0.80B,1.84,$2.97B,$0.48B,16.26%,$2.97B,$0.31B,10.57%,$2.97B,$0.31B,10.57%,$2.97B,$0.39B,12.99%,$2.97B,$0.21B,7.07%,$2.97B,$0.12B,4.14%,$0.12B,$0.80B,15.84%,$0.12B,$-0.91B,-13.13%,$0.12B,$2.84B,4.37%,$0.31B,$2.28B,13.90%,$723,$617,$106,$0,$18,$660,$62,$-21,$41,$16,$25,$25,$23,$80,$62,$137,137,$0.17,$0.17,$9,$0,$40,$492,$500,$0,$1714,$137,$2350,$2842,$385,$1475,$80,$1657,$2043,$0,$296,$0,$800,$2842,$92,$54,$26,$81,$-62,$0,$7,$-11,$-58,$115,$-45,$0,$-1,$0,$-32,$-32,$0,$-78,$663,$-670,$-7,$-11,$-11,$-28,$-22,$-68,$-31,$5,$-28
21,2013-06-30,7.71,$5.65,1.36,$21.49,0.36,$2.74,2.81,$0.89,8.66,$0.50B,$0.37B,1.37,$1.52B,$0.79B,1.92,$2.96B,$0.49B,16.61%,$2.96B,$0.32B,10.90%,$2.96B,$0.32B,10.90%,$2.96B,$0.39B,13.30%,$2.96B,$0.21B,7.09%,$2.96B,$0.12B,4.19%,$0.12B,$0.79B,15.36%,$0.12B,$-0.93B,-13.72%,$0.12B,$2.85B,4.43%,$0.32B,$2.31B,14.34%,$757,$626,$131,$0,$18,$668,$88,$-39,$50,$20,$30,$30,$27,$106,$88,$137,137,$0.20,$0.20,$9,$0,$38,$501,$499,$0,$1714,$132,$2344,$2845,$366,$1518,$71,$1691,$2056,$0,$287,$0,$789,$2845,$67,$36,$24,$60,$-66,$0,$-3,$-1,$-105,$22,$-28,$0,$-0,$0,$-29,$-29,$0,$-57,$663,$-616,$47,$-10,$-10,$-14,$-20,$3,$-31,$4,$-14
22,2013-03-31,8.36,$5.54,1.51,$21.37,0.39,$3.56,2.35,$1.00,8.36,$0.49B,$0.39B,1.25,$1.47B,$0.77B,1.91,$2.96B,$0.50B,16.89%,$2.96B,$0.33B,11.13%,$2.96B,$0.33B,11.13%,$2.96B,$0.40B,13.50%,$2.96B,$0.23B,7.85%,$2.96B,$0.14B,4.70%,$0.14B,$0.77B,16.66%,$0.14B,$-0.94B,-15.91%,$0.14B,$2.81B,4.99%,$0.33B,$2.25B,14.72%,$750,$625,$125,$0,$17,$667,$83,$-24,$59,$22,$37,$37,$34,$101,$83,$137,138,$0.25,$0.24,$5,$0,$38,$490,$500,$0,$1712,$107,$2319,$2809,$391,$1474,$69,$1645,$2036,$0,$274,$0,$773,$2809,$37,$18,$2,$20,$-69,$0,$4,$-5,$-69,$-12,$-14,$0,$0,$0,$-10,$-10,$0,$-24,$65,$-49,$16,$-10,$-10,$0,$-5,$0,$-36,$2,$0
23,2012-12-31,8.76,$5.30,1.65,$21.17,0.41,$3.84,2.28,$1.05,8.34,$0.45B,$0.37B,1.22,$1.46B,$0.75B,1.96,$2.95B,$0.51B,17.16%,$2.95B,$0.34B,11.46%,$2.95B,$0.34B,11.46%,$2.95B,$0.41B,13.84%,$2.95B,$0.24B,8.24%,$2.95B,$0.15B,4.95%,$0.15B,$0.75B,16.99%,$0.15B,$-0.97B,-17.25%,$0.15B,$2.76B,5.25%,$0.34B,$2.20B,15.08%,$741,$620,$121,$0,$16,$660,$81,$-21,$60,$18,$41,$41,$39,$99,$81,$139,139,$0.28,$0.28,$40,$0,$32,$454,$502,$0,$1712,$94,$2308,$2761,$373,$1459,$84,$1643,$2016,$0,$243,$0,$745,$2761,$154,$71,$6,$77,$54,$0,$-6,$4,$68,$299,$-52,$0,$-6,$0,$-15,$-15,$0,$-72,$214,$-147,$68,$-45,$-45,$-211,$-10,$-198,$28,$6,$-211
24,2012-09-30,9.06,$6.59,1.37,$20.60,0.44,$3.25,2.78,$1.02,8.88,$0.49B,$0.37B,1.32,$1.33B,$0.92B,1.44,$2.93B,$0.50B,17.22%,$2.93B,$0.33B,11.31%,$2.93B,$0.33B,11.31%,$2.93B,$0.41B,13.94%,$2.93B,$0.23B,8.00%,$2.93B,$0.14B,4.89%,$0.14B,$0.92B,16.17%,$0.14B,$-0.78B,-17.45%,$0.14B,$2.78B,5.13%,$0.33B,$2.25B,14.72%,$714,$599,$115,$0,$17,$643,$71,$-29,$41,$16,$25,$25,$24,$88,$71,$138,138,$0.17,$0.17,$50,$0,$32,$493,$495,$0,$1705,$89,$2288,$2782,$374,$1331,$71,$1485,$1859,$0,$418,$0,$923,$2782,$113,$53,$12,$64,$21,$0,$-4,$-0,$17,$194,$-29,$0,$-2,$0,$-10,$-10,$0,$-40,$-13,$-50,$-63,$-46,$-46,$0,$-7,$-116,$38,$4,$0
25,2012-06-30,8.15,$6.41,1.27,$20.01,0.41,$2.84,2.87,$1.02,7.99,$0.50B,$0.39B,1.28,$1.34B,$0.90B,1.5,$2.91B,$0.50B,17.24%,$2.91B,$0.33B,11.29%,$2.91B,$0.33B,11.29%,$2.91B,$0.41B,13.97%,$2.91B,$0.24B,8.22%,$2.91B,$0.14B,4.96%,$0.14B,$0.90B,16.58%,$0.14B,$-0.81B,-17.27%,$0.14B,$2.78B,5.18%,$0.33B,$2.24B,14.58%,$750,$613,$138,$0,$19,$657,$94,$-21,$72,$28,$45,$45,$42,$111,$94,$138,139,$0.31,$0.31,$22,$0,$31,$496,$493,$0,$1703,$87,$2283,$2780,$389,$1342,$69,$1494,$1883,$0,$394,$0,$897,$2780,$87,$35,$-6,$29,$-10,$0,$-5,$2,$3,$119,$-11,$0,$-0,$0,$-10,$-10,$0,$-22,$1,$-41,$-40,$-46,$-46,$0,$-2,$-88,$9,$3,$0
26,2012-03-31,6.2,$6.13,1.01,$19.17,0.32,$2.51,2.47,$0.79,7.85,$0.53B,$0.38B,1.39,$1.40B,$0.87B,1.6,$2.86B,$0.49B,17.23%,$2.86B,$0.32B,11.03%,$2.86B,$0.32B,11.03%,$2.86B,$0.39B,13.80%,$2.86B,$0.19B,6.73%,$2.86B,$0.11B,3.99%,$0.11B,$0.87B,13.26%,$0.11B,$-0.83B,-13.54%,$0.11B,$2.81B,4.10%,$0.32B,$2.27B,13.95%,$744,$612,$132,$0,$14,$652,$92,$-21,$70,$28,$43,$43,$41,$110,$92,$141,142,$0.29,$0.29,$9,$0,$34,$529,$492,$0,$1703,$83,$2278,$2807,$381,$1399,$69,$1554,$1934,$0,$360,$0,$872,$2807,$43,$18,$-5,$13,$-52,$0,$-2,$-1,$-48,$8,$5,$0,$0,$0,$-8,$-8,$0,$-3,$4,$15,$19,$-26,$-26,$0,$-1,$-8,$-3,$1,$0
27,2011-12-31,6.84,$5.83,1.17,$18.44,0.37,$2.30,2.97,$0.72,9.5,$0.48B,$0.38B,1.26,$1.39B,$0.85B,1.64,$2.80B,$0.50B,17.69%,$2.80B,$0.31B,11.09%,$2.80B,$0.31B,11.09%,$2.80B,$0.39B,13.87%,$2.80B,$0.18B,6.56%,$2.80B,$0.11B,3.78%,$0.11B,$0.85B,12.42%,$0.11B,$-0.86B,-12.46%,$0.11B,$2.77B,3.81%,$0.31B,$2.23B,13.92%,$718,$600,$119,$0,$15,$644,$74,$-22,$51,$14,$37,$37,$36,$99,$74,$151,151,$0.24,$0.24,$12,$0,$30,$483,$510,$0,$1704,$75,$2289,$2772,$384,$1386,$65,$1542,$1926,$0,$326,$0,$846,$2772,$113,$80,$62,$142,$-60,$0,$21,$-3,$-37,$217,$-38,$0,$-1,$0,$-16,$-16,$0,$-55,$-909,$850,$-59,$-73,$-73,$0,$-23,$-155,$8,$4,$0
28,2011-09-30,5.38,$5.73,0.94,$17.67,0.3,$1.70,3.16,$0.60,8.96,$0.46B,$0.35B,1.31,$1.40B,$0.86B,1.63,$2.72B,$0.47B,17.37%,$2.72B,$0.29B,10.50%,$2.72B,$0.29B,10.50%,$2.72B,$0.36B,13.37%,$2.72B,$0.16B,5.77%,$2.72B,$0.09B,3.34%,$0.09B,$0.86B,10.76%,$0.09B,$-0.84B,-10.58%,$0.09B,$2.75B,3.29%,$0.29B,$2.26B,13.00%,$694,$582,$112,$0,$15,$626,$68,$-22,$46,$19,$26,$26,$25,$86,$68,$151,152,$0.17,$0.17,$10,$0,$28,$463,$506,$0,$1700,$82,$2288,$2751,$353,$1397,$73,$1539,$1893,$0,$308,$0,$859,$2751,$75,$54,$29,$83,$-41,$0,$14,$0,$-14,$144,$-24,$0,$2,$0,$-14,$-14,$0,$-36,$-424,$376,$-49,$-31,$-31,$0,$-22,$-102,$6,$3,$0
29,2011-06-30,7.15,$5.58,1.28,$16.77,0.43,$1.36,5.26,$0.48,14.9,$0.49B,$0.38B,1.3,$1.41B,$0.86B,1.64,$2.62B,$0.45B,17.23%,$2.62B,$0.26B,9.94%,$2.62B,$0.26B,9.94%,$2.62B,$0.34B,12.88%,$2.62B,$0.13B,4.78%,$2.62B,$0.07B,2.83%,$0.07B,$0.86B,8.81%,$0.07B,$-0.84B,-8.51%,$0.07B,$2.79B,2.68%,$0.26B,$2.27B,12.01%,$699,$570,$129,$0,$16,$618,$81,$-56,$25,$11,$14,$14,$12,$99,$81,$153,153,$0.08,$0.08,$14,$0,$30,$493,$515,$0,$1700,$80,$2295,$2788,$379,$1413,$71,$1548,$1927,$0,$292,$0,$861,$2788,$49,$36,$28,$64,$-53,$0,$8,$1,$-29,$84,$-16,$0,$2,$0,$-14,$-14,$0,$-27,$-422,$399,$-23,$-3,$-3,$0,$-21,$-47,$9,$2,$0
30,2011-03-31,6.5,$5.50,1.18,$15.83,0.41,$1.12,5.81,$0.55,11.82,$0.52B,$0.50B,1.03,$1.32B,$0.85B,1.56,$2.50B,$0.43B,17.29%,$2.50B,$0.25B,10.09%,$2.50B,$0.25B,10.09%,$2.50B,$0.33B,13.13%,$2.50B,$0.14B,5.72%,$2.50B,$0.09B,3.44%,$0.09B,$0.85B,10.34%,$0.09B,$-0.87B,-10.05%,$0.09B,$2.80B,3.15%,$0.25B,$2.17B,11.84%,$693,$557,$136,$0,$17,$606,$88,$-26,$62,$27,$35,$35,$33,$105,$88,$153,153,$0.22,$0.22,$15,$0,$31,$515,$527,$0,$1714,$48,$2289,$2804,$498,$1324,$70,$1458,$1956,$0,$281,$0,$848,$2804,$35,$18,$1,$19,$-86,$0,$12,$-1,$-59,$-5,$-13,$0,$-2,$0,$0,$0,$0,$-15,$3,$31,$34,$-2,$-2,$0,$-2,$30,$11,$1,$0
31,2010-12-31,5.89,$5.28,1.12,$14.95,0.39,$1.05,5.59,$0.48,12.28,$0.43B,$0.50B,0.86,$1.28B,$0.82B,1.57,$2.39B,$0.41B,17.07%,$2.39B,$0.24B,9.92%,$2.39B,$0.24B,9.92%,$2.39B,$0.31B,13.14%,$2.39B,$0.12B,5.19%,$2.39B,$0.08B,3.22%,$0.08B,$0.82B,9.40%,$0.08B,$-0.90B,-9.13%,$0.08B,$2.72B,2.87%,$0.24B,$2.10B,11.16%,$637,$541,$96,$0,$20,$588,$49,$-25,$24,$2,$22,$22,$21,$74,$49,$159,159,$0.14,$0.13,$4,$0,$28,$429,$532,$0,$1711,$49,$2293,$2722,$500,$1281,$67,$1407,$1907,$0,$248,$0,$815,$2722,$82,$78,$12,$90,$-23,$0,$-7,$-7,$-28,$145,$-51,$0,$-166,$0,$0,$0,$0,$-217,$-1,$43,$41,$-44,$-44,$0,$-4,$-7,$-79,$2,$0
32,2010-09-30,6.21,$5.20,1.19,$17.62,0.35,$1.74,3.57,$0.54,11.5,$0.42B,$0.47B,0.88,$1.28B,$0.84B,1.53,$2.33B,$0.42B,18.01%,$2.33B,$0.26B,11.09%,$2.33B,$0.26B,11.09%,$2.33B,$0.33B,14.10%,$2.33B,$0.14B,5.84%,$2.33B,$0.09B,3.65%,$0.09B,$0.84B,10.52%,$0.09B,$-0.88B,-10.24%,$0.09B,$2.72B,3.21%,$0.26B,$2.11B,12.04%,$588,$499,$90,$0,$19,$546,$42,$-28,$14,$6,$9,$9,$8,$59,$42,$160,160,$0.05,$0.05,$15,$0,$26,$418,$538,$0,$1714,$50,$2302,$2721,$473,$1277,$67,$1410,$1883,$0,$241,$-0,$837,$2721,$60,$53,$5,$58,$5,$0,$-3,$3,$-8,$110,$-39,$0,$-166,$0,$0,$0,$0,$-204,$-2,$31,$29,$0,$0,$0,$-4,$26,$-68,$1,$0
33,2010-06-30,5.47,$5.17,1.06,$22.73,0.24,$2.25,2.43,$0.40,13.67,$0.54B,$0.40B,1.35,$1.31B,$0.83B,1.58,$2.29B,$0.43B,18.64%,$2.29B,$0.25B,10.90%,$2.29B,$0.25B,10.90%,$2.29B,$0.32B,14.00%,$2.29B,$0.12B,5.38%,$2.29B,$0.07B,3.11%,$0.07B,$0.83B,9.23%,$0.07B,$-0.78B,-8.51%,$0.07B,$2.66B,2.67%,$0.25B,$2.13B,11.51%,$580,$470,$110,$0,$10,$507,$73,$-29,$43,$17,$26,$26,$24,$90,$73,$160,160,$0.15,$0.15,$129,$0,$25,$539,$460,$0,$1612,$49,$2121,$2660,$399,$1305,$62,$1433,$1833,$0,$218,$-2,$827,$2660,$52,$35,$1,$37,$-31,$0,$-9,$-1,$-30,$59,$-26,$0,$0,$0,$0,$0,$0,$-26,$1,$14,$15,$0,$0,$0,$-2,$13,$45,$1,$0
