,Date,Stock Price,Book Value per Share,Price to Book Ratio,TTM Sales per Share,Price to Sales Ratio,TTM FCF per Share,Price to FCF Ratio,TTM Net EPS,PE Ratio,Current Assets,Current Liabilities,Current Ratio,Long Term Debt,Shareholder's Equity_x,Debt to Equity Ratio,TTM Revenue_x,TTM Gross Profit,Gross Margin,TTM Revenue_y,TTM Operating Income,Operating Margin,TTM Revenue_x,TTM EBIT,EBIT Margin,TTM Revenue_y,TTM EBITDA,EBITDA Margin,TTM Revenue_x,TTM Pre-Tax Income,Pre-Tax Margin,TTM Revenue_y,TTM Net Income_x,Net Margin,TTM Net Income_y,Shareholder's Equity_y,Return on Equity,TTM Net Income_x,Tangible Equity,Return on Tangible Equity,TTM Net Income_y,Total Assets,Return on Assets,TTM Net Income,LT Investments & Debt,Return on Investment,revenue,cost-goods-sold,gross-profit,research-development-expenses,selling-general-administrative-expenses,operating-expenses,operating-income,total-non-operating-income-expense,pre-tax-income,total-provision-income-taxes,income-after-taxes,income-from-continuous-operations,net-income,ebitda,ebit,basic-shares-outstanding,shares-outstanding,eps-basic-net-earnings-per-share,eps-earnings-per-share-diluted,cash-on-hand,inventory,other-current-assets,total-current-assets,net-property-plant-equipment,long-term-investments,goodwill-intangible-assets-total,other-long-term-assets,total-long-term-assets,total-assets,total-current-liabilities,long-term-debt,other-non-current-liabilities,total-long-term-liabilities,total-liabilities,common-stock-net,retained-earnings-accumulated-deficit,comprehensive-income,total-share-holder-equity,total-liabilities-share-holders-equity,net-income-loss,total-depreciation-amortization-cash-flow,other-non-cash-items,total-non-cash-items,change-in-accounts-receivable,change-in-inventories,change-in-accounts-payable,change-in-assets-liabilities,total-change-in-assets-liabilities,cash-flow-from-operating-activities,net-change-in-property-plant-equipment,net-change-in-intangible-assets,net-acquisitions-divestitures,net-change-in-short-term-investments,net-change-in-long-term-investments,net-change-in-investments-total,investing-activities-other,cash-flow-from-investing-activities,net-long-term-debt,net-current-debt,debt-issuance-retirement-net-total,net-common-equity-issued-repurchased,net-total-equity-issued-repurchased,total-common-preferred-stock-dividends-paid,financial-activities-other,cash-flow-from-financial-activities,net-cash-flow,stock-based-compensation,common-stock-dividends-paid
0,2018-09-30,35.71,$24.75,1.44,$4.32,8.26,$1.80,19.88,$0.58,61.57,$0.70B,$0.56B,1.25,$8.80B,$12.00B,0.73,$2.10B,$1.29B,61.17%,$2.10B,$0.71B,33.70%,$2.10B,$0.71B,33.70%,$2.10B,$1.07B,50.86%,$2.10B,$0.72B,34.08%,$2.10B,$0.57B,27.23%,$0.57B,$12.00B,4.79%,$0.57B,$9.05B,6.36%,$0.57B,$22.41B,2.59%,$0.71B,$20.80B,3.53%,$737,$227,$510,$0,$0,$370,$367,$13,$380,$3,$377,$377,$366,$461,$367,$485,485,$0.75,$0.75,$156,$55,$162,$695,$15322,$3101,$2954,$339,$21716,$22411,$557,$8795,$1010,$9852,$10409,$11641,$0,$3,$12002,$22411,$1186,$278,$-81,$197,$0,$0,$0,$-126,$-126,$1257,$-680,$0,$0,$0,$-481,$-481,$747,$-414,$932,$-589,$343,$0,$0,$-1132,$-10,$-799,$44,$0,$-1132
1,2018-06-30,34.71,$24.75,1.4,$5.03,6.9,$-0.84,0.0,$0.98,35.42,$0.62B,$1.13B,0.55,$7.65B,$12.00B,0.64,$2.06B,$1.27B,61.80%,$2.06B,$0.72B,34.76%,$2.06B,$0.72B,34.76%,$2.06B,$1.06B,51.60%,$2.06B,$0.81B,39.42%,$2.06B,$0.57B,27.48%,$0.57B,$12.00B,4.65%,$0.57B,$9.05B,6.14%,$0.57B,$21.84B,2.58%,$0.72B,$19.65B,3.66%,$726,$191,$535,$0,$0,$340,$386,$12,$398,$7,$391,$391,$381,$481,$386,$485,485,$0.78,$0.78,$96,$62,$137,$621,$15128,$2789,$2953,$352,$21222,$21843,$1127,$7651,$1018,$8715,$9842,$11655,$0,$-15,$12001,$21843,$809,$184,$-55,$129,$0,$0,$0,$-55,$-55,$883,$-385,$0,$0,$0,$36,$36,$512,$163,$794,$-1093,$-299,$0,$0,$-750,$-10,$-1059,$-13,$0,$-750
2,2018-03-31,32.2,$24.68,1.3,$5.78,5.58,$-3.65,0.0,$0.95,33.89,$0.61B,$1.03B,0.59,$8.15B,$11.97B,0.68,$2.03B,$1.22B,60.33%,$2.03B,$0.67B,33.17%,$2.03B,$0.67B,33.17%,$2.03B,$1.02B,50.02%,$2.03B,$0.79B,38.74%,$2.03B,$0.42B,20.65%,$0.42B,$11.97B,3.30%,$0.42B,$9.01B,4.34%,$0.42B,$22.20B,1.89%,$0.67B,$20.11B,3.42%,$779,$188,$591,$0,$0,$337,$442,$-19,$423,$5,$418,$418,$407,$531,$442,$445,445,$0.91,$0.91,$105,$67,$101,$609,$14918,$3384,$2955,$336,$21593,$22202,$1029,$8147,$1013,$9207,$10236,$11622,$0,$-17,$11966,$22202,$418,$89,$-41,$48,$0,$0,$0,$-68,$-68,$398,$-186,$0,$0,$0,$0,$0,$-29,$-215,$794,$-598,$196,$0,$0,$-373,$-11,$-188,$-5,$0,$-373
3,2017-12-31,37.16,$37.33,1.0,$6.29,5.91,$-5.34,0.0,$0.78,47.64,$0.56B,$1.11B,0.51,$7.96B,$11.90B,0.67,$1.95B,$1.11B,56.72%,$1.95B,$0.56B,28.87%,$1.95B,$0.56B,28.87%,$1.95B,$0.90B,46.21%,$1.95B,$0.72B,37.03%,$1.95B,$0.24B,12.31%,$0.24B,$11.90B,1.83%,$0.24B,$8.94B,2.39%,$0.24B,$22.06B,1.08%,$0.56B,$19.86B,2.86%,$-138,$211,$-349,$0,$0,$348,$-486,$2,$-484,$5,$-489,$-489,$-581,$-403,$-486,$310,310,$-1.87,$-1.87,$107,$40,$42,$561,$14899,$3302,$2957,$337,$21495,$22056,$1105,$7963,$1041,$9050,$10155,$11569,$0,$-33,$11901,$22056,$703,$338,$708,$1046,$-7,$0,$11,$-150,$-139,$1610,$-1888,$-40,$-67,$0,$7,$7,$-301,$-2289,$-152,$1408,$1256,$174,$174,$-1276,$416,$570,$-109,$0,$-1276
4,2017-09-30,40.98,$40.37,1.02,$8.95,4.58,$-7.36,0.0,$3.34,12.27,$0.50B,$2.99B,0.17,$5.71B,$12.81B,0.45,$2.75B,$1.89B,68.70%,$2.75B,$1.37B,49.73%,$2.75B,$1.37B,49.73%,$2.75B,$1.71B,62.01%,$2.75B,$1.54B,55.91%,$2.75B,$1.04B,37.70%,$1.04B,$12.81B,7.67%,$1.04B,$9.85B,10.01%,$1.04B,$21.72B,4.68%,$1.37B,$18.52B,6.97%,$693,$197,$496,$0,$0,$319,$374,$101,$475,$4,$471,$471,$359,$454,$374,$311,311,$1.15,$1.15,$107,$40,$47,$504,$14596,$3341,$2957,$321,$21215,$21719,$2992,$5714,$158,$5917,$8909,$12470,$0,$-33,$12810,$21719,$1192,$255,$-132,$123,$0,$0,$0,$-174,$-174,$1141,$-1592,$-40,$-67,$0,$-191,$-191,$1,$-1889,$-416,$1459,$1043,$115,$115,$-944,$415,$629,$-119,$0,$-944
5,2017-06-30,38.99,$44.47,0.88,$8.79,4.44,$-7.48,0.0,$2.83,13.78,$0.56B,$2.39B,0.23,$6.21B,$14.08B,0.44,$2.69B,$1.80B,66.90%,$2.69B,$1.27B,47.43%,$2.69B,$1.27B,47.43%,$2.69B,$1.61B,59.98%,$2.69B,$1.36B,50.74%,$2.69B,$0.87B,32.46%,$0.87B,$14.08B,6.43%,$0.87B,$10.84B,8.45%,$0.87B,$22.88B,3.97%,$1.27B,$20.29B,6.51%,$695,$209,$486,$0,$0,$352,$343,$29,$372,$5,$367,$367,$234,$433,$343,$310,310,$0.75,$0.75,$153,$40,$32,$559,$17257,$1387,$3236,$443,$22323,$22882,$2392,$6214,$154,$6412,$8804,$12279,$0,$-38,$14078,$22882,$721,$175,$-19,$156,$0,$0,$0,$-69,$-69,$808,$-1361,$0,$0,$0,$21,$21,$-156,$-1496,$-16,$750,$734,$87,$87,$-622,$415,$614,$-74,$0,$-622
6,2017-03-31,39.05,$43.78,0.89,$8.62,4.53,$-6.60,0.0,$2.79,14.0,$0.69B,$2.20B,0.31,$6.21B,$13.81B,0.45,$2.61B,$1.74B,66.65%,$2.61B,$1.24B,47.37%,$2.61B,$1.24B,47.37%,$2.61B,$1.56B,59.87%,$2.61B,$1.30B,49.87%,$2.61B,$0.85B,32.54%,$0.85B,$13.81B,6.44%,$0.85B,$10.58B,8.54%,$0.85B,$22.42B,4.00%,$1.24B,$20.03B,6.47%,$700,$227,$473,$0,$0,$368,$332,$27,$359,$5,$354,$354,$228,$417,$332,$309,309,$0.74,$0.74,$282,$40,$24,$685,$16795,$1298,$3234,$409,$21736,$22421,$2199,$6212,$154,$6409,$8608,$12184,$0,$-44,$13813,$22421,$354,$85,$-10,$75,$0,$0,$0,$-65,$-65,$364,$-738,$0,$0,$0,$-1,$-1,$-59,$-798,$-10,$477,$467,$39,$39,$-306,$290,$490,$56,$0,$-306
7,2016-12-31,40.38,$42.59,0.95,$8.55,4.73,$-5.99,0.0,$3.10,13.03,$0.66B,$1.78B,0.37,$6.22B,$13.40B,0.46,$2.53B,$1.71B,67.55%,$2.53B,$1.23B,48.48%,$2.53B,$1.23B,48.48%,$2.53B,$1.55B,61.11%,$2.53B,$1.26B,49.62%,$2.53B,$0.85B,33.56%,$0.85B,$13.40B,6.73%,$0.85B,$10.17B,9.05%,$0.85B,$21.61B,4.15%,$1.23B,$19.63B,6.65%,$663,$228,$435,$0,$0,$344,$319,$13,$332,$5,$327,$327,$216,$402,$319,$299,299,$0.69,$0.69,$216,$40,$24,$660,$16092,$1127,$3234,$493,$20946,$21606,$1779,$6223,$158,$6423,$8202,$12102,$0,$-45,$13404,$21606,$1239,$320,$-13,$307,$-26,$0,$-20,$-54,$-84,$1462,$-2334,$-80,$0,$0,$-147,$-147,$-193,$-2754,$520,$98,$618,$1080,$1080,$-1091,$733,$1340,$48,$0,$-1091
8,2016-09-30,37.87,$41.42,0.91,$8.47,4.47,$-4.29,0.0,$3.45,10.98,$0.76B,$2.26B,0.34,$5.45B,$12.93B,0.42,$2.50B,$1.70B,68.01%,$2.50B,$1.23B,49.12%,$2.50B,$1.23B,49.12%,$2.50B,$1.55B,61.70%,$2.50B,$1.25B,49.76%,$2.50B,$0.87B,34.86%,$0.87B,$12.93B,7.21%,$0.87B,$9.70B,9.83%,$0.87B,$20.85B,4.41%,$1.23B,$18.39B,6.88%,$628,$225,$403,$0,$0,$348,$280,$20,$300,$4,$296,$296,$194,$359,$280,$304,304,$0.64,$0.64,$365,$42,$47,$761,$15317,$1183,$3235,$355,$20090,$20851,$2261,$5454,$162,$5658,$7919,$11960,$0,$-42,$12932,$20851,$912,$237,$-79,$158,$0,$0,$0,$0,$0,$1070,$-1546,$0,$0,$0,$-237,$-237,$-131,$-1914,$-267,$701,$434,$972,$972,$-799,$434,$1041,$197,$0,$-799
9,2016-06-30,40.33,$40.72,0.99,$8.44,4.78,$-2.83,0.0,$3.66,11.02,$0.55B,$1.40B,0.4,$5.86B,$12.57B,0.47,$2.49B,$1.73B,69.45%,$2.49B,$1.27B,51.00%,$2.49B,$1.27B,51.00%,$2.49B,$1.58B,63.55%,$2.49B,$1.28B,51.37%,$2.49B,$0.93B,37.54%,$0.93B,$12.57B,7.90%,$0.93B,$9.34B,10.88%,$0.93B,$20.03B,4.83%,$1.27B,$18.43B,7.18%,$618,$190,$428,$0,$0,$313,$305,$5,$310,$5,$305,$305,$211,$384,$305,$298,298,$0.71,$0.71,$171,$38,$58,$553,$14844,$1076,$3236,$324,$19480,$20033,$1401,$5861,$156,$6059,$7460,$11780,$0,$-38,$12573,$20033,$616,$158,$-1,$157,$0,$0,$0,$-20,$-20,$753,$-1023,$0,$0,$0,$-187,$-187,$-65,$-1275,$-267,$217,$-50,$816,$816,$-519,$278,$525,$3,$0,$-519
10,2016-03-31,40.56,$39.64,1.02,$8.40,4.83,$-1.49,0.0,$3.99,10.16,$0.59B,$1.72B,0.34,$5.86B,$11.61B,0.51,$2.47B,$1.73B,69.75%,$2.47B,$1.29B,52.00%,$2.47B,$1.29B,52.00%,$2.47B,$1.59B,64.46%,$2.47B,$1.29B,52.12%,$2.47B,$0.97B,39.18%,$0.97B,$11.61B,8.40%,$0.97B,$8.37B,11.68%,$0.97B,$19.38B,5.12%,$1.29B,$17.47B,7.39%,$624,$179,$445,$0,$0,$300,$324,$-9,$315,$4,$311,$311,$229,$403,$324,$285,285,$0.80,$0.80,$214,$40,$67,$585,$14257,$995,$3236,$309,$18797,$19382,$1719,$5862,$155,$6056,$7775,$11010,$0,$-39,$11607,$19382,$311,$79,$0,$79,$0,$0,$0,$-93,$-93,$297,$-468,$0,$0,$0,$-15,$-15,$-25,$-508,$0,$330,$330,$82,$82,$-250,$95,$257,$46,$0,$-250
11,2015-12-31,39.61,$39.00,1.02,$8.27,4.79,$-0.75,0.0,$3.93,10.08,$0.54B,$1.47B,0.37,$5.85B,$11.35B,0.52,$2.46B,$1.71B,69.45%,$2.46B,$1.27B,51.85%,$2.46B,$1.27B,51.85%,$2.46B,$1.58B,64.24%,$2.46B,$1.28B,52.02%,$2.46B,$0.98B,39.76%,$0.98B,$11.35B,8.54%,$0.98B,$8.11B,11.92%,$0.98B,$18.85B,5.25%,$1.27B,$17.19B,7.33%,$634,$207,$427,$0,$0,$313,$321,$0,$321,$4,$317,$317,$239,$399,$321,$296,296,$0.82,$0.82,$168,$37,$67,$544,$13837,$948,$3232,$290,$18307,$18851,$1471,$5845,$151,$6034,$7505,$10863,$0,$-50,$11346,$18851,$1265,$304,$-4,$300,$8,$0,$27,$-75,$-43,$1522,$-1883,$0,$0,$0,$-259,$-259,$312,$-1830,$962,$-431,$531,$558,$558,$-992,$239,$336,$28,$0,$-992
12,2015-09-30,32.89,$38.14,0.86,$8.20,4.01,$1.34,24.55,$3.85,8.54,$0.72B,$1.31B,0.55,$5.89B,$11.75B,0.5,$2.42B,$1.68B,69.59%,$2.42B,$1.25B,51.69%,$2.42B,$1.25B,51.69%,$2.42B,$1.55B,64.05%,$2.42B,$1.25B,51.74%,$2.42B,$0.97B,40.00%,$0.97B,$11.75B,8.54%,$0.97B,$8.52B,11.95%,$0.97B,$19.12B,5.28%,$1.25B,$17.65B,7.32%,$612,$184,$428,$0,$0,$293,$319,$13,$332,$1,$331,$331,$255,$395,$319,$301,301,$0.85,$0.85,$291,$41,$89,$720,$13209,$1664,$3234,$297,$18404,$19124,$1314,$5891,$127,$6056,$7370,$11357,$0,$-43,$11754,$19124,$948,$226,$14,$240,$0,$0,$0,$-58,$-58,$1130,$-1161,$0,$0,$0,$-8,$-8,$334,$-835,$978,$-907,$71,$358,$358,$-728,$155,$-144,$151,$0,$-728
13,2015-06-30,37.26,$37.53,0.99,$8.11,4.59,$1.99,18.71,$3.75,9.94,$0.56B,$0.86B,0.66,$5.88B,$11.43B,0.51,$2.37B,$1.64B,69.27%,$2.37B,$1.21B,51.23%,$2.37B,$1.21B,51.23%,$2.37B,$1.51B,63.82%,$2.37B,$1.19B,50.38%,$2.37B,$0.93B,39.26%,$0.93B,$11.43B,8.39%,$0.93B,$8.19B,11.87%,$0.93B,$18.31B,5.20%,$1.21B,$17.30B,7.28%,$603,$178,$425,$0,$0,$281,$322,$-1,$321,$5,$316,$316,$246,$397,$322,$296,296,$0.83,$0.83,$167,$41,$82,$564,$12635,$1587,$3239,$285,$17746,$18310,$856,$5877,$112,$6029,$6885,$11097,$0,$-33,$11425,$18310,$617,$150,$10,$160,$0,$0,$0,$-46,$-46,$731,$-604,$0,$0,$0,$0,$0,$1,$-603,$978,$-869,$109,$184,$184,$-475,$81,$-101,$27,$0,$-475
14,2015-03-31,41.37,$37.04,1.12,$7.93,5.22,$2.22,18.61,$3.30,12.54,$0.67B,$0.59B,1.13,$6.15B,$11.16B,0.55,$2.29B,$1.58B,68.83%,$2.29B,$1.14B,49.65%,$2.29B,$1.14B,49.65%,$2.29B,$1.44B,62.55%,$2.29B,$1.09B,47.65%,$2.29B,$0.85B,37.18%,$0.85B,$11.16B,7.86%,$0.85B,$7.93B,11.22%,$0.85B,$18.06B,4.87%,$1.14B,$17.31B,7.01%,$606,$181,$425,$0,$0,$295,$311,$-8,$303,$2,$301,$301,$236,$386,$311,$295,295,$0.80,$0.80,$242,$41,$79,$672,$12269,$1600,$3238,$277,$17384,$18056,$593,$6147,$114,$6299,$6892,$10872,$0,$-35,$11164,$18056,$301,$75,$-1,$74,$0,$0,$0,$-94,$-94,$281,$-240,$0,$0,$0,$-7,$-7,$3,$-244,$994,$-786,$208,$40,$40,$-233,$50,$65,$102,$0,$-233
15,2014-12-31,45.02,$36.60,1.23,$7.92,5.68,$2.69,16.72,$3.01,14.96,$0.56B,$1.48B,0.37,$5.13B,$11.01B,0.47,$2.27B,$1.58B,69.59%,$2.27B,$1.14B,50.07%,$2.27B,$1.14B,50.07%,$2.27B,$1.43B,63.11%,$2.27B,$1.06B,46.80%,$2.27B,$0.82B,36.01%,$0.82B,$11.01B,7.69%,$0.82B,$7.76B,11.07%,$0.82B,$17.78B,4.74%,$1.14B,$16.14B,7.20%,$599,$193,$406,$0,$0,$300,$299,$-3,$296,$6,$290,$290,$231,$372,$299,$288,288,$0.80,$0.80,$140,$42,$67,$555,$12135,$1597,$3244,$247,$17223,$17778,$1482,$5134,$119,$5290,$6772,$10758,$0,$-20,$11006,$17778,$1027,$296,$25,$321,$-18,$0,$6,$-22,$-15,$1333,$-1081,$0,$0,$0,$0,$0,$4,$-1077,$-441,$569,$128,$334,$334,$-844,$145,$-237,$19,$0,$-844
16,2014-09-30,41.45,$36.17,1.15,$9.61,4.31,$1.89,21.92,$4.22,9.82,$0.54B,$1.32B,0.41,$5.16B,$10.69B,0.48,$2.19B,$1.52B,69.50%,$2.19B,$1.08B,49.50%,$2.19B,$1.08B,49.50%,$2.19B,$1.37B,62.74%,$2.19B,$0.96B,43.93%,$2.19B,$0.68B,31.05%,$0.68B,$10.69B,6.53%,$0.68B,$7.44B,9.49%,$0.68B,$17.32B,4.01%,$1.08B,$15.85B,6.96%,$558,$175,$383,$0,$0,$278,$280,$-8,$272,$1,$271,$271,$216,$355,$280,$288,288,$0.75,$0.75,$136,$41,$100,$536,$11898,$1384,$3247,$253,$16782,$17318,$1321,$5161,$112,$5309,$6630,$10440,$0,$-13,$10688,$17318,$737,$223,$24,$247,$0,$0,$0,$-71,$-71,$913,$-755,$0,$0,$0,$-7,$-7,$17,$-745,$-427,$475,$48,$283,$283,$-623,$139,$-153,$15,$0,$-623
17,2014-06-30,41.3,$35.87,1.15,$12.04,3.43,$3.08,13.42,$3.89,10.62,$0.56B,$1.08B,0.51,$5.16B,$10.54B,0.49,$2.13B,$1.47B,69.14%,$2.13B,$1.04B,48.82%,$2.13B,$1.04B,48.82%,$2.13B,$1.32B,62.18%,$2.13B,$0.86B,40.64%,$2.13B,$0.62B,29.26%,$0.62B,$10.54B,7.32%,$0.62B,$7.29B,10.66%,$0.62B,$16.94B,4.35%,$1.04B,$15.70B,7.94%,$531,$166,$365,$0,$0,$282,$249,$-27,$222,$2,$220,$220,$170,$322,$249,$286,286,$0.59,$0.59,$123,$38,$103,$555,$11594,$1288,$3251,$249,$16382,$16937,$1082,$5163,$117,$5316,$6398,$10306,$0,$-4,$10539,$16937,$466,$148,$24,$172,$0,$0,$0,$-35,$-35,$603,$-414,$0,$0,$0,$-1,$-1,$127,$-288,$-427,$211,$-216,$195,$195,$-404,$112,$-313,$2,$0,$-404
18,2014-03-31,37.5,$35.29,1.06,$14.74,2.54,$2.16,17.38,$3.66,10.24,$0.57B,$1.27B,0.45,$5.18B,$10.27B,0.5,$2.09B,$1.45B,69.29%,$2.09B,$1.03B,49.45%,$2.09B,$1.03B,49.45%,$2.09B,$1.31B,62.77%,$2.09B,$0.82B,39.48%,$2.09B,$0.62B,29.52%,$0.62B,$10.27B,9.73%,$0.62B,$7.02B,14.10%,$0.62B,$16.86B,5.70%,$1.03B,$15.45B,10.54%,$581,$156,$425,$0,$0,$273,$308,$-36,$272,$26,$246,$246,$200,$383,$308,$284,284,$0.70,$0.70,$110,$41,$87,$570,$11395,$1397,$3248,$252,$16292,$16862,$1273,$5178,$108,$5320,$6593,$10147,$0,$-10,$10269,$16862,$246,$75,$23,$98,$0,$0,$0,$10,$10,$354,$-181,$0,$0,$0,$-26,$-26,$37,$-170,$0,$-54,$-54,$53,$53,$-200,$6,$-195,$-11,$0,$-200
19,2013-12-31,34.33,$34.98,0.98,$17.11,2.01,$1.67,20.52,$3.41,10.07,$0.57B,$1.34B,0.42,$5.18B,$10.14B,0.51,$1.97B,$1.36B,69.31%,$1.97B,$0.97B,49.52%,$1.97B,$0.97B,49.52%,$1.97B,$1.24B,63.05%,$1.97B,$0.74B,37.56%,$1.97B,$0.59B,29.82%,$0.59B,$10.14B,13.98%,$0.59B,$6.93B,20.05%,$0.59B,$16.79B,8.05%,$0.97B,$15.32B,14.89%,$520,$171,$349,$0,$0,$273,$247,$-51,$196,$-348,$544,$544,$94,$314,$247,$138,138,$-0.30,$-0.30,$121,$42,$47,$565,$11363,$1398,$3215,$253,$16229,$16794,$1335,$5178,$106,$5318,$6653,$10019,$0,$-5,$10141,$16794,$1086,$266,$-346,$-80,$-11,$0,$96,$-68,$23,$1029,$-1019,$0,$-2553,$0,$-135,$-135,$18,$-3689,$2241,$19,$2260,$217,$217,$-285,$541,$2733,$73,$0,$-285
20,2013-09-30,32.83,$25.76,1.27,$29.59,1.11,$1.20,27.4,$1.63,20.14,$0.17B,$0.70B,0.25,$2.79B,$3.05B,0.91,$3.02B,$2.12B,70.08%,$3.02B,$1.53B,50.68%,$3.02B,$1.53B,50.68%,$3.02B,$1.94B,64.25%,$3.02B,$1.00B,33.13%,$3.02B,$0.91B,30.12%,$0.91B,$3.05B,29.45%,$0.91B,$2.11B,47.38%,$0.91B,$6.58B,13.88%,$1.53B,$5.83B,25.69%,$494,$163,$331,$0,$0,$260,$234,$-60,$174,$-2,$176,$176,$158,$303,$234,$113,113,$1.40,$1.40,$103,$0,$11,$173,$2548,$2898,$940,$23,$6408,$6581,$696,$2786,$7,$2838,$3534,$2192,$0,$4,$3048,$6581,$542,$199,$9,$208,$0,$0,$0,$230,$230,$980,$-784,$0,$-343,$0,$-1865,$-1865,$-190,$-3182,$1864,$294,$2158,$194,$194,$-208,$149,$2293,$91,$0,$-208
21,2013-06-30,34.02,$16.91,2.01,$25.81,1.32,$1.10,30.98,$1.61,21.13,$0.06B,$0.37B,0.16,$0.70B,$1.88B,0.37,$2.58B,$1.83B,70.67%,$2.58B,$1.33B,51.28%,$2.58B,$1.33B,51.28%,$2.58B,$1.68B,64.82%,$2.58B,$0.87B,33.78%,$2.58B,$0.79B,30.61%,$0.79B,$1.88B,28.77%,$0.79B,$1.42B,46.54%,$0.79B,$2.96B,14.32%,$1.33B,$2.58B,26.26%,$492,$151,$341,$0,$0,$249,$243,$-61,$182,$1,$181,$181,$164,$310,$243,$108,108,$1.52,$1.52,$18,$0,$6,$60,$1203,$1221,$462,$19,$2904,$2964,$372,$700,$5,$715,$1087,$1873,$0,$4,$1877,$2964,$366,$130,$5,$135,$0,$0,$0,$-15,$-15,$486,$-514,$0,$0,$0,$-190,$-190,$-147,$-851,$-23,$171,$148,$193,$193,$-133,$209,$417,$52,$0,$-133
22,2013-03-31,28.71,$16.10,1.78,$21.87,1.31,$2.34,12.25,$1.67,17.19,$0.06B,$0.38B,0.16,$0.70B,$1.70B,0.41,$2.15B,$1.53B,71.04%,$2.15B,$1.11B,51.74%,$2.15B,$1.11B,51.74%,$2.15B,$1.41B,65.36%,$2.15B,$0.74B,34.31%,$2.15B,$0.67B,31.01%,$0.67B,$1.70B,24.67%,$0.67B,$1.24B,40.34%,$0.67B,$2.80B,12.37%,$1.11B,$2.40B,22.48%,$459,$118,$341,$0,$0,$210,$249,$-63,$186,$1,$185,$185,$170,$312,$249,$104,104,$1.63,$1.63,$25,$0,$5,$62,$1201,$1051,$462,$19,$2733,$2795,$379,$700,$5,$714,$1093,$1698,$0,$4,$1702,$2795,$185,$63,$-17,$46,$0,$0,$0,$0,$0,$231,$-218,$0,$0,$0,$-78,$-78,$6,$-290,$-2,$157,$155,$0,$0,$-65,$57,$147,$88,$0,$-65
23,2012-12-31,22.45,$54.25,0.41,$18.10,1.24,$2.76,8.14,$1.70,13.21,$0.38B,$0.67B,0.57,$7.29B,$5.73B,1.27,$1.75B,$1.23B,70.30%,$1.75B,$0.90B,51.14%,$1.75B,$0.90B,51.14%,$1.75B,$1.14B,64.82%,$1.75B,$0.61B,34.49%,$1.75B,$0.54B,30.96%,$0.54B,$5.73B,20.09%,$0.54B,$2.92B,32.86%,$0.54B,$13.89B,10.23%,$0.90B,$13.02B,18.31%,$1576,$472,$1104,$0,$0,$771,$805,$-347,$459,$9,$450,$450,$418,$1016,$805,$97,97,$4.30,$4.30,$48,$35,$29,$377,$9194,$1283,$2814,$217,$13508,$13885,$665,$7290,$92,$7486,$8151,$5624,$0,$3,$5734,$13885,$595,$240,$10,$250,$11,$0,$15,$17,$46,$891,$-930,$0,$-319,$0,$-654,$-654,$23,$-1880,$559,$306,$865,$148,$148,$-232,$235,$1016,$27,$0,$-232
24,2012-09-30,22.51,$17.14,1.31,$19.04,1.18,$3.34,6.73,$1.68,13.4,$0.03B,$0.25B,0.13,$0.50B,$1.69B,0.3,$1.78B,$1.23B,69.11%,$1.78B,$0.91B,51.10%,$1.78B,$0.91B,51.10%,$1.78B,$1.14B,63.93%,$1.78B,$0.60B,33.82%,$1.78B,$0.55B,31.01%,$0.55B,$1.69B,32.54%,$0.55B,$1.22B,44.74%,$0.55B,$2.44B,22.48%,$0.91B,$2.18B,41.41%,$57,$17,$40,$0,$0,$30,$28,$19,$46,$0,$46,$46,$39,$37,$28,$96,96,$0.40,$0.40,$1,$0,$4,$31,$1205,$726,$462,$20,$2413,$2444,$246,$500,$5,$514,$759,$1681,$0,$4,$1685,$2444,$145,$29,$11,$40,$0,$0,$0,$0,$0,$185,$-28,$0,$0,$0,$-14,$-14,$11,$-30,$0,$3,$3,$0,$0,$-158,$0,$-155,$0,$0,$-158
25,2012-06-30,21.2,$17.22,1.23,$18.99,1.12,$2.67,7.94,$1.68,12.62,$0.04B,$0.24B,0.16,$0.50B,$1.69B,0.3,$1.77B,$1.22B,69.04%,$1.77B,$0.90B,50.93%,$1.77B,$0.90B,50.93%,$1.77B,$1.13B,63.85%,$1.77B,$0.60B,33.78%,$1.77B,$0.55B,31.02%,$0.55B,$1.69B,32.38%,$0.55B,$1.23B,44.45%,$0.55B,$2.45B,22.40%,$0.90B,$2.19B,40.39%,$59,$16,$43,$0,$0,$28,$31,$16,$47,$0,$47,$47,$40,$41,$31,$96,96,$0.42,$0.42,$0,$0,$9,$38,$1203,$727,$462,$20,$2412,$2450,$244,$500,$5,$513,$757,$1688,$0,$4,$1692,$2450,$99,$19,$-7,$13,$0,$0,$0,$0,$0,$112,$-17,$0,$0,$0,$-13,$-13,$11,$-19,$0,$11,$11,$0,$0,$-105,$0,$-94,$-0,$0,$-105
26,2012-03-31,21.93,$17.27,1.27,$18.86,1.16,$2.65,8.28,$1.62,13.54,$0.04B,$0.24B,0.15,$0.50B,$1.70B,0.29,$1.76B,$1.21B,68.64%,$1.76B,$0.89B,50.48%,$1.76B,$0.89B,50.48%,$1.76B,$1.11B,63.40%,$1.76B,$0.59B,33.58%,$1.76B,$0.54B,30.90%,$0.54B,$1.70B,31.87%,$0.54B,$1.24B,42.08%,$0.54B,$2.45B,22.04%,$0.89B,$2.20B,38.76%,$62,$16,$46,$0,$0,$29,$33,$20,$53,$0,$52,$52,$46,$43,$33,$96,96,$0.48,$0.48,$3,$0,$8,$38,$1200,$734,$462,$21,$2417,$2454,$243,$500,$6,$513,$756,$1694,$0,$4,$1698,$2454,$52,$10,$-5,$5,$0,$0,$0,$0,$0,$58,$-5,$0,$0,$0,$-9,$-9,$5,$-9,$0,$6,$6,$0,$0,$-52,$0,$-46,$2,$0,$-52
27,2011-12-31,21.61,$17.27,1.25,$18.79,1.15,$2.56,8.43,$1.64,13.18,$0.04B,$0.25B,0.17,$0.50B,$1.70B,0.29,$1.75B,$1.20B,68.50%,$1.75B,$0.88B,50.34%,$1.75B,$0.88B,50.34%,$1.75B,$1.10B,63.23%,$1.75B,$0.59B,33.56%,$1.75B,$0.54B,31.04%,$0.54B,$1.70B,32.76%,$0.54B,$1.24B,42.02%,$0.54B,$2.46B,22.57%,$0.88B,$2.20B,38.69%,$1599,$500,$1099,$0,$0,$783,$816,$-361,$455,$0,$455,$455,$426,$1015,$816,$93,93,$4.56,$4.56,$1,$7,$4,$42,$1205,$727,$462,$21,$2415,$2457,$246,$499,$6,$513,$759,$1693,$0,$5,$1698,$2457,$585,$223,$3,$226,$-9,$0,$-3,$-27,$-50,$761,$-744,$0,$-390,$0,$200,$200,$33,$-901,$271,$-275,$-4,$218,$218,$-207,$103,$110,$-30,$0,$-207
28,2011-09-30,18.78,$17.36,1.08,$2.23,8.44,$4.34,4.32,$1.67,11.25,$0.05B,$0.09B,0.51,$0.65B,$1.71B,0.38,$0.20B,$0.12B,62.63%,$0.20B,$0.08B,41.41%,$0.20B,$0.08B,41.41%,$0.20B,$0.12B,58.08%,$0.20B,$0.17B,84.34%,$0.20B,$0.14B,72.22%,$0.14B,$1.71B,8.92%,$0.14B,$1.25B,11.11%,$0.14B,$2.46B,6.10%,$0.08B,$2.36B,3.63%,$53,$17,$36,$0,$0,$30,$23,$21,$44,$0,$44,$44,$38,$33,$23,$96,96,$0.40,$0.40,$4,$0,$10,$46,$1204,$730,$461,$19,$2414,$2461,$91,$649,$6,$663,$754,$1702,$0,$5,$1707,$2461,$130,$25,$9,$34,$0,$0,$0,$7,$7,$171,$-78,$0,$-390,$0,$184,$184,$16,$-268,$292,$-294,$-2,$218,$218,$-139,$-4,$74,$-24,$0,$-139
29,2011-06-30,20.86,$17.42,1.2,$2.29,9.12,$4.94,4.22,$1.71,12.2,$0.49B,$0.07B,7.34,$0.69B,$1.71B,0.4,$0.19B,$0.12B,62.37%,$0.19B,$0.08B,42.78%,$0.19B,$0.08B,42.78%,$0.19B,$0.11B,58.76%,$0.19B,$0.16B,83.51%,$0.19B,$0.14B,73.71%,$0.14B,$1.71B,9.44%,$0.14B,$1.44B,11.46%,$0.14B,$2.48B,6.56%,$0.08B,$2.40B,3.94%,$43,$18,$25,$0,$0,$28,$15,$23,$38,$0,$38,$38,$33,$23,$15,$91,91,$0.36,$0.36,$460,$0,$10,$492,$974,$729,$268,$19,$1990,$2482,$67,$689,$6,$703,$770,$1708,$0,$5,$1712,$2482,$87,$15,$17,$33,$0,$0,$0,$0,$0,$119,$-32,$0,$0,$0,$187,$187,$11,$165,$292,$-270,$22,$218,$218,$-89,$-4,$148,$432,$0,$-89
30,2011-03-31,21.26,$16.49,1.29,$2.40,8.85,$4.99,4.26,$1.73,12.29,$0.06B,$0.06B,1.07,$0.63B,$1.50B,0.42,$0.20B,$0.13B,63.64%,$0.20B,$0.09B,44.44%,$0.20B,$0.09B,44.44%,$0.20B,$0.12B,59.60%,$0.20B,$0.16B,79.80%,$0.20B,$0.14B,72.22%,$0.14B,$1.50B,10.03%,$0.14B,$1.23B,12.35%,$0.14B,$2.21B,7.11%,$0.09B,$2.13B,4.54%,$51,$15,$36,$0,$0,$26,$25,$24,$49,$0,$49,$49,$45,$33,$25,$89,89,$0.50,$0.50,$29,$0,$7,$62,$951,$909,$268,$15,$2143,$2206,$58,$632,$5,$647,$705,$1497,$0,$4,$1501,$2206,$49,$8,$1,$9,$0,$0,$0,$0,$0,$58,$-17,$0,$0,$0,$22,$22,$10,$15,$-37,$10,$-27,$0,$0,$-43,$0,$-71,$2,$0,$-43
31,2010-12-31,20.96,$16.42,1.28,$2.46,8.53,$5.15,4.07,$1.69,12.4,$0.06B,$0.06B,0.99,$0.66B,$1.49B,0.44,$0.20B,$0.13B,63.13%,$0.20B,$0.09B,44.44%,$0.20B,$0.09B,44.44%,$0.20B,$0.12B,59.09%,$0.20B,$0.15B,74.75%,$0.20B,$0.14B,69.19%,$0.14B,$1.49B,9.87%,$0.14B,$1.23B,12.22%,$0.14B,$2.22B,7.15%,$0.09B,$2.15B,4.78%,$51,$23,$27,$0,$0,$32,$19,$18,$36,$-1,$37,$37,$27,$26,$19,$81,81,$0.42,$0.42,$27,$4,$3,$59,$942,$938,$268,$16,$2164,$2223,$60,$656,$4,$669,$728,$1492,$0,$3,$1494,$2223,$148,$29,$5,$34,$2,$0,$2,$-1,$3,$185,$-26,$0,$-257,$0,$-232,$-232,$6,$-508,$207,$58,$265,$221,$221,$-146,$-2,$338,$15,$0,$-146
32,2010-09-30,21.8,$16.52,1.32,$2.51,8.68,$5.02,4.35,$1.67,13.05,$0.04B,$0.06B,0.65,$0.38B,$1.36B,0.28,$0.20B,$0.13B,63.82%,$0.20B,$0.09B,44.72%,$0.20B,$0.09B,44.72%,$0.20B,$0.12B,59.30%,$0.20B,$0.15B,73.37%,$0.20B,$0.14B,69.35%,$0.14B,$1.36B,10.21%,$0.14B,$1.09B,12.73%,$0.14B,$1.81B,7.61%,$0.09B,$1.74B,5.12%,$49,$17,$33,$0,$0,$25,$24,$14,$39,$0,$38,$38,$38,$32,$24,$80,80,$0.44,$0.44,$10,$0,$7,$40,$944,$543,$268,$16,$1770,$1810,$61,$380,$4,$394,$455,$1356,$0,$-1,$1355,$1810,$111,$22,$6,$28,$0,$0,$0,$5,$5,$145,$-20,$0,$0,$0,$-19,$-19,$6,$-32,$0,$-5,$-5,$0,$0,$-108,$-2,$-114,$-2,$0,$-108
33,2010-06-30,21.12,$16.50,1.28,$2.52,8.37,$4.69,4.51,$1.71,12.35,$0.04B,$0.05B,0.85,$0.39B,$1.35B,0.29,$0.20B,$0.13B,64.50%,$0.20B,$0.09B,45.50%,$0.20B,$0.09B,45.50%,$0.20B,$0.12B,60.00%,$0.20B,$0.15B,74.00%,$0.20B,$0.14B,70.00%,$0.14B,$1.35B,10.37%,$0.14B,$1.08B,12.93%,$0.14B,$1.81B,7.72%,$0.09B,$1.74B,5.23%,$47,$17,$30,$0,$0,$28,$20,$14,$34,$0,$33,$33,$33,$27,$20,$80,80,$0.38,$0.38,$15,$0,$7,$44,$945,$535,$268,$16,$1763,$1807,$52,$390,$4,$404,$456,$1352,$0,$-1,$1351,$1807,$72,$15,$6,$21,$0,$0,$0,$0,$0,$94,$-12,$0,$0,$0,$-11,$-11,$6,$-17,$0,$-3,$-3,$-2,$-2,$-71,$0,$-75,$2,$0,$-71
34,2010-03-31,18.67,$16.53,1.13,$2.49,7.5,$4.43,4.21,$1.77,10.55,$0.06B,$0.06B,0.96,$0.39B,$1.35B,0.29,$0.19B,$0.13B,66.49%,$0.19B,$0.09B,47.42%,$0.19B,$0.09B,47.42%,$0.19B,$0.12B,62.37%,$0.19B,$0.15B,76.29%,$0.19B,$0.14B,72.68%,$0.14B,$1.35B,10.46%,$0.14B,$1.09B,13.04%,$0.14B,$1.82B,7.78%,$0.09B,$1.74B,5.29%,$51,$16,$35,$0,$0,$26,$25,$14,$39,$0,$39,$39,$39,$32,$25,$80,80,$0.46,$0.46,$25,$0,$7,$57,$944,$537,$268,$16,$1764,$1822,$60,$390,$8,$408,$468,$1356,$0,$-2,$1354,$1822,$39,$7,$1,$9,$0,$0,$0,$4,$4,$52,$-2,$0,$0,$0,$-7,$-7,$5,$-4,$0,$0,$0,$0,$0,$-35,$0,$-35,$13,$0,$-35
35,2009-12-31,17.91,$16.47,1.09,$2.37,7.57,$4.20,4.26,$1.70,10.54,$0.05B,$0.06B,0.85,$0.39B,$1.35B,0.29,$0.18B,$0.12B,66.48%,$0.18B,$0.08B,46.37%,$0.18B,$0.08B,46.37%,$0.18B,$0.11B,62.57%,$0.18B,$0.14B,77.09%,$0.18B,$0.13B,73.18%,$0.13B,$1.35B,10.16%,$0.13B,$1.08B,12.36%,$0.13B,$1.81B,7.46%,$0.08B,$1.74B,4.94%,$52,$23,$29,$0,$0,$32,$20,$14,$34,$0,$33,$33,$28,$27,$20,$76,76,$0.40,$0.40,$12,$5,$3,$48,$945,$536,$268,$16,$1765,$1813,$56,$390,$8,$408,$464,$1351,$0,$-2,$1349,$1813,$136,$29,$5,$33,$-5,$0,$-1,$-3,$-10,$160,$-20,$0,$-295,$0,$-5,$-5,$71,$-249,$0,$-23,$-23,$212,$212,$-118,$-0,$71,$-19,$0,$-118
36,2009-09-30,14.51,$16.46,0.88,$2.16,6.71,$3.71,3.91,$1.66,8.74,$0.05B,$0.06B,0.86,$0.39B,$1.35B,0.29,$0.16B,$0.11B,68.75%,$0.16B,$0.08B,47.50%,$0.16B,$0.08B,47.50%,$0.16B,$0.11B,65.63%,$0.16B,$0.13B,80.63%,$0.16B,$0.12B,77.50%,$0.12B,$1.35B,10.07%,$0.12B,$1.08B,11.93%,$0.12B,$1.81B,7.28%,$0.08B,$1.74B,4.69%,$50,$15,$35,$0,$0,$24,$26,$15,$41,$0,$40,$40,$40,$34,$26,$80,80,$0.48,$0.48,$14,$0,$9,$49,$947,$534,$268,$16,$1764,$1813,$57,$390,$9,$408,$465,$1351,$0,$-3,$1348,$1813,$103,$21,$0,$21,$0,$0,$0,$-13,$-13,$111,$-12,$0,$-295,$0,$1,$1,$71,$-235,$0,$-20,$-20,$212,$212,$-85,$-0,$107,$-17,$0,$-85
37,2009-06-30,12.61,$16.36,0.77,$1.96,6.44,$3.56,3.54,$1.52,8.3,$0.04B,$0.05B,0.89,$0.39B,$1.34B,0.29,$0.14B,$0.09B,66.43%,$0.14B,$0.06B,42.86%,$0.14B,$0.06B,42.86%,$0.14B,$0.09B,62.86%,$0.14B,$0.11B,80.71%,$0.14B,$0.11B,77.14%,$0.11B,$1.34B,9.19%,$0.11B,$1.08B,10.58%,$0.11B,$1.80B,6.54%,$0.06B,$1.73B,3.83%,$41,$12,$30,$0,$0,$21,$21,$13,$34,$0,$34,$34,$34,$28,$21,$74,74,$0.44,$0.44,$11,$0,$8,$44,$955,$523,$262,$16,$1755,$1799,$49,$390,$10,$410,$459,$1343,$0,$-3,$1340,$1799,$62,$14,$3,$17,$0,$0,$0,$-14,$-14,$65,$-9,$0,$-295,$0,$10,$10,$71,$-223,$0,$-22,$-22,$212,$212,$-53,$0,$138,$-20,$0,$-53
38,2009-03-31,12.6,$15.57,0.81,$1.82,6.91,$3.59,3.51,$1.46,8.63,$0.07B,$0.07B,1.05,$0.39B,$1.12B,0.35,$0.13B,$0.08B,65.12%,$0.13B,$0.05B,40.31%,$0.13B,$0.05B,40.31%,$0.13B,$0.08B,62.02%,$0.13B,$0.10B,80.62%,$0.13B,$0.10B,79.07%,$0.10B,$1.12B,9.09%,$0.10B,$1.00B,10.17%,$0.10B,$1.60B,6.36%,$0.05B,$1.51B,3.44%,$36,$11,$25,$0,$0,$20,$16,$13,$29,$0,$29,$29,$29,$23,$16,$71,71,$0.39,$0.39,$49,$0,$3,$71,$809,$589,$118,$10,$1526,$1597,$68,$390,$11,$410,$478,$1124,$0,$-4,$1120,$1597,$29,$7,$0,$7,$0,$0,$0,$-6,$-6,$29,$-2,$0,$0,$0,$17,$17,$0,$15,$0,$0,$0,$0,$0,$-26,$0,$-26,$18,$0,$-26
39,2008-12-31,11.21,$15.55,0.72,$1.81,6.2,$3.71,3.02,$1.40,8.01,$0.05B,$0.08B,0.69,$0.39B,$1.12B,0.35,$0.13B,$0.08B,65.08%,$0.13B,$0.05B,41.27%,$0.13B,$0.05B,41.27%,$0.13B,$0.08B,62.70%,$0.13B,$0.10B,79.37%,$0.13B,$0.10B,76.98%,$0.10B,$1.12B,8.83%,$0.10B,$1.00B,9.90%,$0.10B,$1.60B,6.14%,$0.05B,$1.51B,3.49%,$33,$13,$20,$0,$0,$20,$13,$12,$25,$-0,$25,$25,$21,$20,$13,$69,69,$0.35,$0.35,$31,$3,$2,$52,$815,$605,$118,$11,$1549,$1602,$76,$390,$8,$407,$483,$1121,$0,$-2,$1118,$1602,$101,$26,$8,$35,$4,$0,$3,$-2,$3,$139,$-47,$0,$-5,$0,$34,$34,$0,$-17,$-10,$0,$-10,$0,$0,$-95,$-1,$-106,$16,$0,$-95
40,2008-09-30,10.59,$15.63,0.68,$1.89,5.62,$3.33,3.18,$1.38,7.67,$0.05B,$0.08B,0.58,$0.39B,$1.12B,0.35,$0.13B,$0.09B,66.92%,$0.13B,$0.06B,42.31%,$0.13B,$0.06B,42.31%,$0.13B,$0.08B,62.31%,$0.13B,$0.10B,77.69%,$0.13B,$0.10B,76.92%,$0.10B,$1.12B,9.10%,$0.10B,$1.01B,10.19%,$0.10B,$1.61B,6.33%,$0.06B,$1.51B,3.69%,$30,$12,$18,$0,$0,$19,$10,$14,$25,$0,$24,$24,$24,$17,$10,$71,71,$0.34,$0.34,$27,$0,$5,$48,$810,$622,$118,$11,$1560,$1609,$83,$390,$3,$402,$485,$1121,$0,$3,$1124,$1609,$76,$20,$5,$25,$0,$0,$0,$3,$3,$104,$-28,$0,$-5,$0,$21,$21,$0,$-12,$-10,$0,$-10,$0,$0,$-70,$-1,$-81,$12,$0,$-70
41,2008-06-30,12.66,$15.64,0.81,$1.90,6.67,$2.98,4.25,$1.04,12.17,$0.05B,$0.08B,0.64,$0.39B,$1.12B,0.35,$0.13B,$0.09B,68.99%,$0.13B,$0.06B,42.64%,$0.13B,$0.06B,42.64%,$0.13B,$0.08B,64.34%,$0.13B,$0.10B,78.29%,$0.13B,$0.21B,164.34%,$0.21B,$1.12B,19.69%,$0.21B,$1.01B,22.12%,$0.21B,$1.60B,13.58%,$0.06B,$1.51B,3.70%,$30,$8,$21,$0,$0,$17,$13,$12,$25,$-2,$28,$28,$28,$20,$13,$70,70,$0.38,$0.38,$30,$0,$6,$50,$805,$621,$118,$10,$1554,$1604,$79,$390,$2,$401,$480,$1121,$0,$4,$1124,$1604,$52,$13,$6,$19,$0,$0,$0,$3,$3,$74,$-18,$0,$-5,$0,$20,$20,$0,$-2,$-10,$0,$-10,$0,$0,$-45,$-1,$-56,$16,$0,$-45
