,Date,Stock Price,Book Value per Share,Price to Book Ratio,TTM Sales per Share,Price to Sales Ratio,TTM FCF per Share,Price to FCF Ratio,TTM Net EPS,PE Ratio,Current Assets,Current Liabilities,Current Ratio,Long Term Debt,Shareholder's Equity_x,Debt to Equity Ratio,TTM Revenue_x,TTM Gross Profit,Gross Margin,TTM Revenue_y,TTM Operating Income,Operating Margin,TTM Revenue_x,TTM EBIT,EBIT Margin,TTM Revenue_y,TTM EBITDA,EBITDA Margin,TTM Revenue_x,TTM Pre-Tax Income,Pre-Tax Margin,TTM Revenue_y,TTM Net Income_x,Net Margin,TTM Net Income_y,Shareholder's Equity_y,Return on Equity,TTM Net Income_x,Tangible Equity,Return on Tangible Equity,TTM Net Income_y,Total Assets,Return on Assets,TTM Net Income,LT Investments & Debt,Return on Investment,revenue,cost-goods-sold,gross-profit,research-development-expenses,selling-general-administrative-expenses,operating-expenses,operating-income,total-non-operating-income-expense,pre-tax-income,total-provision-income-taxes,income-after-taxes,income-from-continuous-operations,net-income,ebitda,ebit,basic-shares-outstanding,shares-outstanding,eps-basic-net-earnings-per-share,eps-earnings-per-share-diluted,cash-on-hand,inventory,other-current-assets,total-current-assets,net-property-plant-equipment,long-term-investments,goodwill-intangible-assets-total,other-long-term-assets,total-long-term-assets,total-assets,total-current-liabilities,long-term-debt,other-non-current-liabilities,total-long-term-liabilities,total-liabilities,common-stock-net,retained-earnings-accumulated-deficit,comprehensive-income,total-share-holder-equity,total-liabilities-share-holders-equity,net-income-loss,total-depreciation-amortization-cash-flow,other-non-cash-items,total-non-cash-items,change-in-accounts-receivable,change-in-inventories,change-in-accounts-payable,change-in-assets-liabilities,total-change-in-assets-liabilities,cash-flow-from-operating-activities,net-change-in-property-plant-equipment,net-change-in-intangible-assets,net-acquisitions-divestitures,net-change-in-short-term-investments,net-change-in-long-term-investments,net-change-in-investments-total,investing-activities-other,cash-flow-from-investing-activities,net-long-term-debt,net-current-debt,debt-issuance-retirement-net-total,net-common-equity-issued-repurchased,net-total-equity-issued-repurchased,total-common-preferred-stock-dividends-paid,financial-activities-other,cash-flow-from-financial-activities,net-cash-flow,stock-based-compensation,common-stock-dividends-paid
0,2018-09-30,51.26,$43.31,1.18,$37.29,1.37,$-0.38,0.0,$3.29,15.58,$12.87B,$17.82B,0.72,$2.78B,$3.01B,0.92,$3.04B,$2.99B,98.65%,$3.04B,$0.38B,12.45%,$3.04B,$0.38B,12.45%,$3.04B,$0.52B,17.23%,$3.04B,$0.38B,12.45%,$3.04B,$0.27B,8.86%,$0.27B,$3.16B,9.05%,$0.27B,$2.02B,14.41%,$0.27B,$23.76B,1.20%,$0.38B,$5.94B,6.82%,$738,$11,$727,$0,$510,$598,$141,$0,$141,$37,$104,$104,$102,$179,$141,$72,81,$1.41,$1.25,$1338,$1163,$0,$12868,$298,$7994,$1145,$955,$10892,$23760,$17816,$2783,$0,$2783,$20598,$11,$1266,$-59,$3162,$23760,$280,$110,$14,$124,$-270,$3,$-35,$-150,$-452,$-48,$-18,$0,$1,$24,$-446,$-421,$-811,$-1250,$52,$0,$52,$-60,$-60,$-33,$1271,$1230,$-71,$75,$-26
1,2018-06-30,52.25,$41.45,1.26,$37.15,1.41,$11.24,4.65,$2.83,18.46,$11.89B,$17.05B,0.7,$2.60B,$2.80B,0.93,$3.02B,$2.98B,98.64%,$3.02B,$0.35B,11.43%,$3.02B,$0.35B,11.43%,$3.02B,$0.49B,16.37%,$3.02B,$0.35B,11.43%,$3.02B,$0.23B,7.65%,$0.23B,$2.95B,7.92%,$0.23B,$1.85B,12.65%,$0.23B,$22.61B,1.07%,$0.35B,$5.56B,6.56%,$743,$10,$733,$0,$532,$624,$118,$0,$118,$31,$87,$87,$85,$155,$118,$72,81,$1.18,$1.04,$1151,$1277,$0,$11889,$154,$8090,$1100,$892,$10719,$22608,$17054,$2600,$0,$2600,$19654,$11,$1175,$-53,$2954,$22608,$176,$71,$65,$136,$-270,$-22,$-66,$-170,$-527,$-215,$-12,$0,$-29,$12,$-578,$-566,$-405,$-1012,$2,$0,$2,$-44,$-44,$-22,$1091,$1027,$-202,$48,$-17
2,2018-03-31,59.11,$40.57,1.46,$37.08,1.59,$20.54,2.88,$2.42,24.43,$11.39B,$16.23B,0.7,$2.57B,$2.77B,0.93,$3.00B,$2.96B,98.57%,$3.00B,$0.31B,10.33%,$3.00B,$0.31B,10.33%,$3.00B,$0.46B,15.26%,$3.00B,$0.31B,10.33%,$3.00B,$0.20B,6.53%,$0.20B,$2.92B,6.78%,$0.20B,$1.81B,10.88%,$0.20B,$21.72B,0.94%,$0.31B,$5.49B,6.10%,$750,$9,$741,$0,$549,$631,$120,$0,$120,$31,$89,$89,$86,$154,$120,$72,82,$1.20,$1.06,$1146,$1181,$0,$11388,$153,$7658,$1103,$954,$10327,$21715,$16226,$2572,$0,$2572,$18798,$11,$1103,$-36,$2918,$21715,$89,$34,$45,$79,$-142,$-13,$-41,$-343,$-540,$-372,$-5,$0,$-29,$10,$-112,$-102,$-131,$-266,$82,$60,$142,$-2,$-2,$-11,$195,$324,$-310,$27,$-9
3,2017-12-31,59.33,$40.38,1.47,$36.28,1.64,$28.30,2.1,$2.14,27.72,$11.23B,$16.21B,0.69,$2.32B,$2.71B,0.86,$2.93B,$2.88B,98.46%,$2.93B,$0.27B,9.19%,$2.93B,$0.27B,9.19%,$2.93B,$0.42B,14.42%,$2.93B,$0.27B,9.19%,$2.93B,$0.17B,5.91%,$0.17B,$2.86B,6.06%,$0.17B,$1.78B,9.77%,$0.17B,$21.38B,0.86%,$0.27B,$5.18B,5.46%,$804,$11,$793,$0,$706,$805,$-1,$0,$-1,$1,$-2,$-2,$-4,$35,$-1,$69,81,$-0.07,$-0.06,$1299,$1144,$0,$11234,$155,$7583,$1078,$850,$10150,$21384,$16205,$2317,$0,$2317,$18522,$11,$1034,$-27,$2862,$21384,$183,$152,$285,$437,$598,$-419,$-81,$-56,$42,$662,$-28,$0,$-7,$29,$-1266,$-1237,$-1375,$-2647,$463,$-121,$342,$-13,$-13,$-23,$1455,$1760,$-217,$140,$-14
4,2017-09-30,53.16,$42.86,1.24,$34.88,1.52,$16.41,3.24,$2.51,21.18,$10.55B,$15.66B,0.67,$1.89B,$2.78B,0.68,$2.78B,$2.74B,98.46%,$2.78B,$0.33B,11.67%,$2.78B,$0.33B,11.67%,$2.78B,$0.50B,18.03%,$2.78B,$0.33B,11.67%,$2.78B,$0.20B,7.26%,$0.20B,$2.93B,7.15%,$0.20B,$1.85B,11.61%,$0.20B,$20.48B,1.03%,$0.33B,$4.82B,6.75%,$721,$11,$710,$0,$540,$613,$108,$0,$108,$42,$67,$67,$64,$150,$108,$69,81,$0.94,$0.79,$1072,$1066,$0,$10547,$175,$7362,$1081,$739,$9937,$20484,$15664,$1888,$0,$1888,$17552,$10,$1048,$-18,$2932,$20484,$185,$117,$115,$232,$816,$-299,$-48,$10,$479,$895,$-21,$0,$-7,$25,$-1021,$-995,$-1202,$-2225,$-9,$0,$-9,$-13,$-13,$-14,$987,$951,$-372,$82,$-7
5,2017-06-30,45.62,$41.67,1.09,$34.25,1.33,$3.01,15.16,$1.93,23.64,$10.10B,$14.69B,0.69,$2.00B,$2.70B,0.74,$2.71B,$2.66B,98.41%,$2.71B,$0.25B,9.06%,$2.71B,$0.25B,9.06%,$2.71B,$0.42B,15.42%,$2.71B,$0.25B,9.06%,$2.71B,$0.15B,5.69%,$0.15B,$2.85B,5.57%,$0.15B,$1.76B,9.17%,$0.15B,$19.53B,0.82%,$0.25B,$4.85B,5.16%,$726,$11,$714,$0,$546,$642,$83,$0,$83,$30,$53,$53,$50,$119,$83,$69,80,$0.74,$0.63,$1156,$1064,$0,$10103,$181,$6892,$1085,$753,$9430,$19534,$14685,$2003,$0,$2003,$16688,$10,$990,$-26,$2845,$19534,$118,$75,$154,$229,$718,$-360,$-21,$-147,$190,$538,$-17,$0,$-9,$9,$-538,$-529,$-571,$-1126,$18,$0,$18,$-13,$-13,$-5,$276,$276,$-308,$55,$0
6,2017-03-31,49.8,$40.60,1.23,$33.76,1.48,$-9.37,0.0,$1.43,34.83,$9.79B,$14.29B,0.69,$2.07B,$2.63B,0.79,$2.63B,$2.59B,98.37%,$2.63B,$0.18B,6.77%,$2.63B,$0.18B,6.77%,$2.63B,$0.35B,13.19%,$2.63B,$0.18B,6.77%,$2.63B,$0.11B,4.33%,$0.11B,$2.78B,4.26%,$0.11B,$1.69B,7.15%,$0.11B,$19.14B,0.64%,$0.18B,$4.85B,3.75%,$676,$11,$665,$0,$523,$597,$79,$0,$79,$14,$66,$66,$63,$118,$79,$68,81,$0.92,$0.78,$977,$1058,$0,$9789,$173,$6702,$1091,$781,$9347,$19136,$14287,$2071,$0,$2071,$16358,$10,$940,$-31,$2778,$19136,$66,$39,$53,$92,$552,$-147,$-33,$-267,$105,$263,$-8,$0,$-9,$2,$-345,$-343,$-269,$-629,$290,$-178,$112,$0,$0,$-2,$-73,$37,$-328,$28,$0
7,2016-12-31,49.56,$41.09,1.21,$33.54,1.48,$-13.47,0.0,$1.01,49.07,$10.19B,$14.38B,0.71,$2.01B,$2.59B,0.78,$2.58B,$2.53B,98.29%,$2.58B,$0.14B,5.55%,$2.58B,$0.14B,5.55%,$2.58B,$0.31B,11.92%,$2.58B,$0.14B,5.55%,$2.58B,$0.08B,3.03%,$0.08B,$2.74B,3.02%,$0.08B,$1.66B,5.17%,$0.08B,$19.13B,0.47%,$0.14B,$4.75B,3.10%,$661,$10,$652,$0,$508,$606,$55,$0,$55,$28,$27,$27,$25,$115,$55,$67,78,$0.37,$0.30,$1235,$925,$0,$10192,$173,$6353,$1079,$711,$8938,$19129,$14382,$2009,$0,$2009,$16391,$10,$877,$-39,$2738,$19129,$82,$165,$260,$424,$-262,$67,$-310,$-289,$-793,$-288,$-28,$0,$-51,$40,$-2753,$-2713,$-2462,$-5255,$404,$288,$692,$-113,$32,$-4,$4937,$5657,$102,$186,$0
8,2016-09-30,38.15,$40.65,0.94,$32.41,1.18,$-13.62,0.0,$0.84,45.42,$9.07B,$12.65B,0.72,$1.86B,$2.54B,0.73,$2.50B,$2.45B,98.16%,$2.50B,$0.10B,3.97%,$2.50B,$0.10B,3.97%,$2.50B,$0.22B,8.82%,$2.50B,$0.10B,3.97%,$2.50B,$0.06B,2.57%,$0.06B,$2.69B,2.54%,$0.06B,$1.61B,4.34%,$0.06B,$17.21B,0.43%,$0.10B,$4.55B,2.26%,$642,$11,$631,$0,$528,$614,$28,$0,$28,$10,$18,$18,$16,$65,$28,$66,78,$0.24,$0.21,$973,$1149,$0,$9070,$174,$5540,$1082,$677,$8134,$17205,$12654,$1859,$0,$1859,$14513,$10,$852,$-34,$2692,$17205,$55,$104,$195,$299,$186,$-166,$-236,$-318,$-534,$-180,$-21,$0,$-59,$34,$-1895,$-1861,$-1822,$-3764,$549,$0,$549,$-113,$32,$-2,$3237,$3816,$-136,$149,$0
9,2016-06-30,31.21,$37.41,0.83,$31.55,0.99,$-11.82,0.0,$0.85,36.71,$7.90B,$10.43B,0.76,$2.33B,$2.49B,0.93,$2.45B,$2.40B,98.04%,$2.45B,$0.09B,3.80%,$2.45B,$0.09B,3.80%,$2.45B,$0.21B,8.75%,$2.45B,$0.09B,3.80%,$2.45B,$0.07B,2.66%,$0.07B,$2.49B,2.63%,$0.07B,$1.42B,4.46%,$0.07B,$15.39B,0.50%,$0.09B,$4.82B,2.25%,$652,$12,$640,$0,$556,$636,$16,$0,$16,$6,$10,$10,$10,$49,$16,$67,76,$0.15,$0.13,$718,$1086,$0,$7896,$176,$4743,$1071,$855,$7489,$15386,$10432,$2325,$137,$2462,$12895,$10,$820,$-43,$2491,$15386,$37,$67,$160,$227,$146,$-209,$-147,$-487,$-696,$-432,$-14,$0,$-72,$26,$-1094,$-1068,$-1032,$-2186,$963,$0,$963,$-95,$-95,$0,$1273,$2141,$-485,$94,$0
10,2016-03-31,29.37,$36.37,0.81,$30.64,0.96,$-13.71,0.0,$0.99,29.67,$7.42B,$9.86B,0.75,$1.94B,$2.42B,0.8,$2.39B,$2.35B,98.12%,$2.39B,$0.12B,4.81%,$2.39B,$0.12B,4.81%,$2.39B,$0.23B,9.45%,$2.39B,$0.12B,4.81%,$2.39B,$0.08B,3.18%,$0.08B,$2.42B,3.06%,$0.08B,$1.35B,5.08%,$0.08B,$14.21B,0.65%,$0.12B,$4.36B,3.04%,$620,$12,$608,$0,$505,$576,$44,$0,$44,$17,$27,$27,$27,$78,$44,$68,76,$0.40,$0.36,$822,$1029,$0,$7420,$182,$4319,$1067,$601,$6793,$14214,$9856,$1941,$0,$1941,$11797,$10,$826,$-47,$2417,$14214,$27,$34,$114,$148,$99,$17,$-36,$-316,$-236,$-62,$-9,$0,$-69,$13,$-673,$-660,$-328,$-1066,$352,$238,$590,$-95,$-95,$0,$400,$896,$-234,$30,$0
11,2015-12-31,42.03,$37.19,1.13,$29.75,1.41,$-16.93,0.0,$1.19,35.32,$7.29B,$9.50B,0.77,$1.34B,$2.49B,0.54,$2.33B,$2.29B,98.16%,$2.33B,$0.14B,6.05%,$2.33B,$0.14B,6.05%,$2.33B,$0.25B,10.51%,$2.33B,$0.14B,6.05%,$2.33B,$0.09B,3.95%,$0.09B,$2.49B,3.73%,$0.09B,$1.51B,5.99%,$0.09B,$13.33B,0.87%,$0.14B,$3.83B,4.05%,$581,$11,$570,$0,$495,$570,$11,$0,$11,$-0,$11,$11,$11,$28,$11,$69,79,$0.17,$0.13,$1199,$749,$0,$7293,$182,$3666,$979,$519,$6033,$13326,$9495,$1338,$0,$1338,$10834,$10,$806,$-40,$2492,$13326,$92,$104,$156,$260,$-920,$-258,$886,$-321,$-614,$-262,$-70,$0,$-605,$65,$-847,$-781,$-517,$-1973,$270,$-127,$143,$-117,$-117,$0,$2334,$2360,$121,$166,$0
12,2015-09-30,41.77,$36.63,1.14,$29.92,1.4,$-9.78,0.0,$1.63,25.63,$5.28B,$5.83B,0.91,$1.04B,$2.49B,0.42,$2.33B,$2.29B,98.28%,$2.33B,$0.20B,8.72%,$2.33B,$0.20B,8.72%,$2.33B,$0.32B,13.61%,$2.33B,$0.20B,8.72%,$2.33B,$0.13B,5.41%,$0.13B,$2.49B,5.20%,$0.13B,$1.55B,8.26%,$0.13B,$9.36B,1.31%,$0.20B,$3.53B,6.18%,$592,$12,$579,$0,$493,$569,$22,$0,$22,$5,$17,$17,$17,$59,$22,$70,80,$0.25,$0.22,$696,$813,$0,$5278,$183,$1916,$943,$524,$4082,$9359,$5828,$1038,$0,$1038,$6866,$10,$798,$-34,$2493,$9359,$81,$86,$118,$205,$-79,$-28,$147,$-328,$-287,$-1,$-62,$0,$18,$53,$919,$972,$-375,$553,$8,$0,$8,$-66,$-66,$0,$-575,$-633,$-83,$111,$0
13,2015-06-30,57.29,$36.35,1.58,$29.32,1.95,$-9.99,0.0,$1.93,29.68,$5.84B,$6.74B,0.87,$0.88B,$2.52B,0.35,$2.26B,$2.22B,98.36%,$2.26B,$0.25B,10.93%,$2.26B,$0.25B,10.93%,$2.26B,$0.35B,15.53%,$2.26B,$0.25B,10.93%,$2.26B,$0.15B,6.59%,$0.15B,$2.52B,6.31%,$0.15B,$1.57B,9.95%,$0.15B,$10.14B,1.55%,$0.25B,$3.40B,7.78%,$598,$9,$589,$0,$489,$560,$38,$0,$38,$17,$21,$21,$21,$61,$38,$68,78,$0.31,$0.27,$885,$945,$0,$5842,$159,$2104,$947,$579,$4297,$10140,$6744,$875,$0,$875,$7619,$10,$781,$-31,$2520,$10140,$64,$49,$78,$127,$-311,$-259,$170,$-363,$-764,$-572,$-32,$0,$18,$51,$751,$802,$-357,$432,$153,$0,$153,$0,$0,$0,$-61,$92,$-48,$81,$0
14,2015-03-31,55.32,$34.83,1.59,$29.05,1.9,$-7.62,0.0,$2.24,24.69,$4.66B,$6.22B,0.75,$0.79B,$2.36B,0.33,$2.22B,$2.19B,98.33%,$2.22B,$0.28B,12.74%,$2.22B,$0.28B,12.74%,$2.22B,$0.39B,17.64%,$2.22B,$0.28B,12.74%,$2.22B,$0.17B,7.74%,$0.17B,$2.36B,7.56%,$0.17B,$1.51B,11.85%,$0.17B,$9.37B,1.82%,$0.28B,$3.15B,9.29%,$561,$10,$551,$0,$429,$491,$70,$0,$70,$27,$43,$43,$43,$97,$70,$68,77,$0.62,$0.56,$602,$812,$0,$4661,$138,$2804,$854,$519,$4712,$9373,$6222,$788,$0,$788,$7010,$10,$759,$-35,$2363,$9373,$43,$27,$60,$87,$142,$-161,$-11,$-401,$-430,$-300,$-21,$0,$-1,$36,$76,$112,$-190,$-100,$21,$-175,$-155,$0,$0,$0,$273,$119,$-286,$22,$0
15,2014-12-31,50.62,$35.00,1.45,$29.02,1.74,$-8.02,0.0,$2.31,21.91,$4.78B,$6.45B,0.74,$0.75B,$2.32B,0.32,$2.21B,$2.17B,98.37%,$2.21B,$0.29B,13.13%,$2.21B,$0.29B,13.13%,$2.21B,$0.40B,18.25%,$2.21B,$0.29B,13.13%,$2.21B,$0.18B,7.97%,$0.18B,$2.32B,7.97%,$0.18B,$1.47B,12.52%,$0.18B,$9.52B,1.86%,$0.29B,$3.07B,9.84%,$578,$8,$570,$0,$442,$505,$73,$0,$73,$25,$48,$48,$45,$100,$73,$66,76,$0.67,$0.58,$795,$787,$0,$4782,$124,$2901,$850,$405,$4736,$9518,$6449,$747,$0,$747,$7196,$10,$716,$-38,$2322,$9518,$176,$112,$66,$178,$-204,$257,$-5,$-151,$-104,$250,$-27,$0,$-80,$60,$322,$382,$-668,$-393,$293,$-56,$237,$0,$0,$0,$-114,$123,$-27,$94,$0
16,2014-09-30,46.53,$33.92,1.37,$29.11,1.6,$-1.84,0.0,$2.37,19.63,$4.68B,$6.24B,0.75,$0.85B,$2.24B,0.38,$2.19B,$2.16B,98.31%,$2.19B,$0.30B,13.45%,$2.19B,$0.30B,13.45%,$2.19B,$0.42B,19.02%,$2.19B,$0.30B,13.45%,$2.19B,$0.18B,8.16%,$0.18B,$2.24B,8.35%,$0.18B,$1.43B,13.18%,$0.18B,$9.33B,1.92%,$0.30B,$3.09B,10.31%,$523,$10,$513,$0,$401,$458,$66,$0,$66,$26,$40,$40,$40,$93,$66,$67,77,$0.60,$0.52,$661,$952,$0,$4681,$126,$2936,$804,$358,$4645,$9326,$6236,$851,$0,$851,$7088,$10,$673,$-38,$2239,$9326,$131,$85,$78,$163,$-283,$97,$19,$-181,$-348,$-54,$-22,$0,$-39,$48,$300,$349,$-468,$-181,$290,$0,$290,$0,$0,$0,$-230,$60,$-181,$71,$0
17,2014-06-30,46.98,$33.18,1.42,$28.65,1.64,$4.64,10.12,$2.78,16.9,$4.72B,$6.71B,0.71,$0.70B,$2.17B,0.32,$2.15B,$2.11B,98.23%,$2.15B,$0.26B,12.10%,$2.15B,$0.26B,12.10%,$2.15B,$0.39B,17.96%,$2.15B,$0.26B,12.10%,$2.15B,$0.21B,9.73%,$0.21B,$2.17B,10.04%,$0.21B,$1.39B,16.01%,$0.21B,$9.58B,2.28%,$0.26B,$2.87B,9.42%,$560,$9,$551,$0,$424,$486,$74,$0,$74,$31,$44,$44,$44,$102,$74,$66,76,$0.66,$0.58,$643,$1032,$0,$4724,$120,$3147,$781,$394,$4851,$9575,$6705,$697,$0,$697,$7402,$10,$631,$-26,$2173,$9575,$91,$58,$57,$115,$-381,$-15,$45,$-251,$-603,$-396,$-12,$0,$-8,$34,$114,$148,$-358,$-230,$0,$312,$312,$0,$0,$0,$15,$328,$-296,$47,$0
18,2014-03-31,49.37,$32.08,1.54,$27.91,1.77,$11.07,4.46,$2.60,18.99,$4.43B,$6.63B,0.67,$0.65B,$2.10B,0.31,$2.08B,$2.04B,98.13%,$2.08B,$0.24B,11.47%,$2.08B,$0.24B,11.47%,$2.08B,$0.37B,17.62%,$2.08B,$0.24B,11.47%,$2.08B,$0.19B,9.31%,$0.19B,$2.10B,9.64%,$0.19B,$1.33B,15.66%,$0.19B,$9.39B,2.18%,$0.24B,$2.75B,8.94%,$547,$9,$538,$0,$413,$469,$77,$0,$77,$30,$47,$47,$47,$108,$77,$66,76,$0.72,$0.63,$820,$992,$0,$4427,$121,$3335,$775,$348,$4961,$9388,$6634,$654,$0,$654,$7288,$10,$588,$-31,$2100,$9388,$47,$31,$46,$77,$-206,$-21,$55,$-290,$-463,$-338,$-6,$0,$0,$10,$-54,$-45,$-95,$-146,$-3,$359,$356,$0,$0,$0,$-63,$293,$-191,$18,$0
19,2013-12-31,47.55,$32.30,1.47,$27.02,1.76,$16.37,2.9,$2.18,21.81,$4.06B,$6.28B,0.65,$0.67B,$2.06B,0.33,$1.98B,$1.94B,98.03%,$1.98B,$0.19B,9.42%,$1.98B,$0.19B,9.42%,$1.98B,$0.30B,15.39%,$1.98B,$0.19B,9.42%,$1.98B,$0.16B,8.20%,$0.16B,$2.06B,8.25%,$0.16B,$1.28B,13.57%,$0.16B,$9.01B,1.89%,$0.19B,$2.73B,7.14%,$563,$8,$554,$0,$421,$485,$78,$0,$78,$26,$52,$52,$48,$114,$78,$64,74,$0.77,$0.66,$946,$801,$0,$4063,$106,$3286,$777,$348,$4946,$9009,$6276,$671,$3,$674,$6950,$10,$540,$-35,$2059,$9009,$162,$119,$115,$235,$-73,$217,$12,$150,$305,$702,$-32,$0,$-89,$90,$-873,$-783,$-203,$-1106,$-61,$-249,$-310,$-13,$-13,$0,$1038,$715,$313,$137,$0
20,2013-09-30,40.9,$31.46,1.3,$25.81,1.58,$2.76,14.82,$2.17,18.85,$3.80B,$5.99B,0.64,$0.70B,$1.99B,0.35,$1.82B,$1.78B,98.02%,$1.82B,$0.17B,9.52%,$1.82B,$0.17B,9.52%,$1.82B,$0.28B,15.63%,$1.82B,$0.17B,9.52%,$1.82B,$0.15B,8.48%,$0.15B,$1.99B,8.45%,$0.15B,$1.22B,13.57%,$0.15B,$8.71B,1.91%,$0.17B,$2.69B,7.07%,$479,$10,$468,$0,$393,$448,$31,$0,$31,$-44,$75,$75,$70,$62,$31,$65,75,$1.08,$0.93,$822,$848,$0,$3802,$125,$3189,$771,$342,$4908,$8709,$5988,$695,$32,$727,$6715,$10,$493,$-36,$1994,$8709,$114,$83,$86,$169,$-233,$271,$26,$86,$151,$433,$-21,$0,$-165,$74,$-776,$-702,$-244,$-1133,$-29,$-172,$-201,$-13,$-13,$0,$1157,$944,$245,$125,$0
21,2013-06-30,35.39,$30.05,1.18,$26.01,1.36,$-3.74,0.0,$1.84,19.24,$3.51B,$5.95B,0.59,$0.62B,$1.90B,0.33,$1.75B,$1.72B,98.12%,$1.75B,$0.20B,11.59%,$1.75B,$0.20B,11.59%,$1.75B,$0.31B,17.75%,$1.75B,$0.20B,11.59%,$1.75B,$0.12B,6.96%,$0.12B,$1.90B,7.26%,$0.12B,$1.13B,11.22%,$0.12B,$8.49B,1.64%,$0.20B,$2.52B,9.17%,$494,$10,$484,$0,$384,$441,$53,$0,$53,$22,$31,$31,$29,$83,$53,$65,74,$0.46,$0.40,$497,$741,$0,$3513,$149,$3217,$773,$455,$4980,$8493,$5946,$621,$29,$649,$6595,$10,$427,$-31,$1898,$8493,$44,$52,$93,$145,$-452,$414,$-3,$-58,$-99,$90,$-13,$0,$-165,$49,$-764,$-715,$-167,$-1060,$-8,$202,$194,$-13,$-13,$0,$754,$935,$-37,$88,$0
22,2013-03-31,34.4,$30.12,1.14,$25.32,1.36,$-9.74,0.0,$1.86,18.49,$3.62B,$5.63B,0.64,$0.57B,$1.90B,0.3,$1.63B,$1.60B,98.16%,$1.63B,$0.19B,11.89%,$1.63B,$0.19B,11.89%,$1.63B,$0.30B,18.26%,$1.63B,$0.19B,11.89%,$1.63B,$0.12B,7.29%,$0.12B,$1.90B,7.68%,$0.12B,$1.14B,11.33%,$0.12B,$8.13B,1.74%,$0.19B,$2.48B,9.55%,$439,$9,$430,$0,$371,$415,$24,$0,$24,$9,$15,$15,$15,$45,$24,$60,69,$0.24,$0.21,$734,$923,$0,$3616,$149,$2714,$761,$536,$4518,$8134,$5630,$572,$28,$600,$6230,$9,$398,$1,$1904,$8134,$15,$22,$82,$104,$-233,$308,$28,$-165,$-62,$56,$-5,$0,$-154,$22,$-175,$-153,$-68,$-379,$-5,$265,$260,$0,$0,$0,$234,$494,$170,$70,$0
23,2012-12-31,31.72,$27.23,1.16,$25.37,1.25,$-13.58,0.0,$2.20,14.42,$3.04B,$4.86B,0.63,$0.61B,$1.50B,0.41,$1.59B,$1.57B,98.24%,$1.59B,$0.23B,14.38%,$1.59B,$0.23B,14.38%,$1.59B,$0.34B,21.22%,$1.59B,$0.23B,14.38%,$1.59B,$0.14B,8.73%,$0.14B,$1.50B,9.86%,$0.14B,$1.05B,13.86%,$0.14B,$6.97B,2.25%,$0.23B,$2.10B,12.40%,$405,$6,$399,$0,$303,$340,$65,$0,$65,$18,$47,$47,$40,$94,$65,$54,63,$0.75,$0.63,$695,$764,$0,$3039,$141,$2570,$448,$464,$3928,$6966,$4859,$607,$5,$612,$5471,$8,$384,$5,$1495,$6966,$139,$108,$27,$136,$49,$-441,$63,$-209,$-538,$-264,$-19,$0,$-120,$105,$-1012,$-907,$-180,$-1226,$374,$105,$479,$0,$0,$0,$1246,$1725,$236,$41,$0
24,2012-09-30,33.34,$26.60,1.25,$24.22,1.38,$-9.31,0.0,$2.00,16.67,$2.57B,$4.35B,0.59,$0.34B,$1.43B,0.24,$1.52B,$1.50B,98.29%,$1.52B,$0.21B,13.74%,$1.52B,$0.21B,13.74%,$1.52B,$0.32B,20.84%,$1.52B,$0.21B,13.74%,$1.52B,$0.13B,8.28%,$0.13B,$1.43B,9.26%,$0.13B,$1.04B,13.01%,$0.13B,$6.14B,2.22%,$0.21B,$1.76B,12.38%,$414,$8,$406,$0,$317,$353,$61,$0,$61,$24,$37,$37,$38,$89,$61,$54,63,$0.70,$0.60,$342,$746,$0,$2566,$96,$2377,$392,$409,$3573,$6140,$4349,$336,$28,$363,$4712,$8,$346,$8,$1427,$6140,$99,$80,$41,$121,$81,$-231,$91,$-210,$-270,$-51,$-14,$0,$0,$85,$-780,$-695,$-113,$-821,$169,$-102,$67,$-0,$-0,$0,$830,$896,$26,$29,$0
25,2012-06-30,30.66,$25.62,1.2,$22.94,1.34,$-10.85,0.0,$1.75,17.52,$2.94B,$4.33B,0.68,$0.41B,$1.37B,0.3,$1.44B,$1.42B,98.27%,$1.44B,$0.19B,12.98%,$1.44B,$0.19B,12.98%,$1.44B,$0.29B,20.26%,$1.44B,$0.19B,12.98%,$1.44B,$0.11B,7.63%,$0.11B,$1.37B,8.33%,$0.11B,$0.98B,11.70%,$0.11B,$6.14B,2.05%,$0.19B,$1.78B,11.71%,$374,$8,$367,$0,$292,$331,$44,$0,$44,$18,$26,$26,$26,$70,$44,$54,63,$0.49,$0.42,$605,$751,$0,$2944,$98,$2059,$393,$338,$3194,$6139,$4330,$411,$26,$437,$4767,$8,$311,$-2,$1372,$6139,$61,$52,$54,$106,$-67,$-211,$-10,$-182,$-470,$-303,$-8,$0,$0,$59,$-467,$-408,$-78,$-494,$169,$83,$251,$1,$1,$0,$818,$1071,$274,$18,$0
26,2012-03-31,37.55,$25.06,1.5,$22.64,1.66,$-7.52,0.0,$1.38,27.21,$2.38B,$3.70B,0.64,$0.40B,$1.34B,0.3,$1.43B,$1.40B,98.25%,$1.43B,$0.15B,10.31%,$1.43B,$0.15B,10.31%,$1.43B,$0.25B,17.53%,$1.43B,$0.15B,10.31%,$1.43B,$0.09B,6.10%,$0.09B,$1.34B,6.69%,$0.09B,$0.95B,9.31%,$0.09B,$5.47B,1.75%,$0.15B,$1.74B,9.76%,$400,$8,$393,$0,$306,$341,$59,$0,$59,$24,$35,$35,$35,$85,$59,$53,63,$0.65,$0.55,$337,$576,$0,$2376,$101,$1919,$392,$352,$3089,$5466,$3696,$400,$27,$427,$4123,$8,$287,$-0,$1343,$5466,$35,$25,$19,$44,$6,$322,$40,$-637,$-269,$-190,$-4,$0,$0,$16,$-278,$-263,$-25,$-292,$169,$-12,$157,$7,$7,$0,$376,$540,$59,$7,$0
27,2011-12-31,31.8,$24.32,1.31,$22.06,1.44,$-8.71,0.0,$1.33,23.91,$2.17B,$3.46B,0.63,$0.16B,$1.30B,0.13,$1.39B,$1.37B,98.21%,$1.39B,$0.14B,9.98%,$1.39B,$0.14B,9.98%,$1.39B,$0.24B,17.23%,$1.39B,$0.14B,9.98%,$1.39B,$0.08B,5.96%,$0.08B,$1.30B,6.45%,$0.08B,$0.91B,8.88%,$0.08B,$4.95B,1.75%,$0.14B,$1.47B,9.59%,$333,$4,$329,$0,$263,$289,$45,$0,$45,$17,$27,$27,$27,$73,$45,$52,63,$0.52,$0.44,$250,$475,$0,$2170,$105,$1644,$393,$290,$2782,$4952,$3461,$163,$26,$189,$3650,$8,$277,$-8,$1302,$4952,$84,$102,$32,$135,$-64,$76,$-37,$-149,$-173,$45,$-60,$0,$-19,$76,$-471,$-394,$-243,$-716,$0,$90,$90,$-45,$-45,$0,$540,$585,$-86,$26,$0
28,2011-09-30,26.35,$24.52,1.07,$23.73,1.11,$-6.51,0.0,$1.55,17.04,$2.20B,$3.52B,0.63,$0.14B,$1.26B,0.11,$1.46B,$1.43B,98.02%,$1.46B,$0.16B,11.01%,$1.46B,$0.16B,11.01%,$1.46B,$0.26B,17.78%,$1.46B,$0.16B,11.01%,$1.46B,$0.10B,6.63%,$0.10B,$1.26B,7.61%,$0.10B,$0.92B,10.36%,$0.10B,$4.94B,2.13%,$0.16B,$1.40B,11.15%,$334,$7,$327,$0,$260,$295,$39,$0,$39,$17,$22,$22,$22,$64,$39,$52,63,$0.43,$0.35,$343,$526,$0,$2200,$85,$1648,$340,$320,$2742,$4942,$3522,$135,$24,$159,$3681,$8,$260,$-8,$1262,$4942,$57,$74,$20,$94,$-37,$-2,$-63,$-179,$-281,$-130,$-33,$0,$0,$74,$-485,$-410,$-177,$-620,$-1,$201,$200,$-46,$-46,$0,$558,$712,$-39,$20,$0
29,2011-06-30,35.58,$24.53,1.45,$23.95,1.49,$-5.05,0.0,$-0.17,0.0,$2.14B,$3.06B,0.7,$0.13B,$1.30B,0.1,$1.47B,$1.44B,97.96%,$1.47B,$-0.02B,-1.43%,$1.47B,$-0.02B,-1.43%,$1.47B,$0.08B,5.18%,$1.47B,$-0.02B,-1.43%,$1.47B,$-0.01B,-0.61%,$-0.01B,$1.30B,-0.71%,$-0.01B,$0.96B,-0.97%,$-0.01B,$4.51B,-0.21%,$-0.02B,$1.42B,-1.45%,$359,$7,$352,$0,$278,$355,$4,$0,$4,$0,$3,$3,$3,$28,$4,$53,63,$0.06,$0.05,$256,$604,$0,$2140,$85,$1345,$341,$243,$2374,$4514,$3064,$125,$29,$154,$3217,$8,$233,$6,$1296,$4514,$35,$49,$-1,$48,$-77,$-37,$50,$-97,$-160,$-77,$-26,$0,$0,$50,$-144,$-93,$-87,$-206,$-1,$121,$120,$-1,$-1,$0,$62,$180,$-103,$14,$0
30,2011-03-31,47.49,$24.38,1.95,$24.54,1.94,$-3.18,0.0,$0.18,263.82,$2.12B,$3.00B,0.71,$0.23B,$1.29B,0.18,$1.44B,$1.41B,98.05%,$1.44B,$0.01B,0.77%,$1.44B,$0.01B,0.77%,$1.44B,$0.10B,7.24%,$1.44B,$0.01B,0.77%,$1.44B,$0.01B,0.63%,$0.01B,$1.29B,0.77%,$0.01B,$0.95B,1.03%,$0.01B,$4.54B,0.22%,$0.01B,$1.51B,0.81%,$367,$7,$360,$0,$279,$316,$51,$0,$51,$19,$31,$31,$31,$75,$51,$53,63,$0.60,$0.50,$351,$561,$0,$2119,$84,$1432,$336,$214,$2418,$4537,$2996,$226,$29,$255,$3250,$8,$232,$5,$1287,$4537,$31,$25,$4,$29,$-84,$-40,$-67,$-121,$-312,$-252,$-18,$0,$0,$17,$-203,$-186,$-7,$-212,$-1,$190,$189,$2,$2,$0,$144,$335,$-129,$7,$0
31,2010-12-31,41.04,$24.79,1.66,$24.67,1.66,$-0.53,0.0,$0.13,315.68,$1.95B,$2.74B,0.71,$0.19B,$1.25B,0.15,$1.38B,$1.36B,98.05%,$1.38B,$0.00B,0.00%,$1.38B,$0.00B,0.00%,$1.38B,$0.09B,6.44%,$1.38B,$0.00B,0.00%,$1.38B,$0.00B,0.14%,$0.00B,$1.25B,0.19%,$0.00B,$0.92B,0.25%,$0.00B,$4.21B,0.05%,$0.00B,$1.45B,0.00%,$402,$7,$394,$0,$292,$335,$67,$0,$67,$25,$41,$41,$41,$93,$67,$49,58,$0.71,$0.83,$390,$444,$0,$1949,$71,$1244,$337,$233,$2264,$4213,$2739,$192,$28,$220,$2959,$8,$232,$0,$1254,$4213,$2,$88,$117,$205,$-31,$-57,$17,$4,$-66,$141,$-28,$0,$13,$106,$-606,$-500,$-53,$-567,$-2,$19,$17,$-86,$-86,$0,$585,$516,$92,$191,$0
32,2010-09-30,30.62,$24.07,1.27,$24.30,1.26,$-10.25,0.0,$-0.05,0.0,$2.10B,$2.78B,0.76,$0.18B,$1.21B,0.15,$1.30B,$1.27B,98.08%,$1.30B,$-0.03B,-2.00%,$1.30B,$-0.03B,-2.00%,$1.30B,$0.06B,4.46%,$1.30B,$-0.03B,-2.00%,$1.30B,$-0.01B,-1.08%,$-0.01B,$1.21B,-1.43%,$-0.01B,$0.88B,-1.86%,$-0.01B,$4.18B,-0.40%,$-0.03B,$1.39B,-2.24%,$340,$8,$332,$0,$445,$483,$-143,$0,$-143,$-58,$-84,$-84,$-84,$-120,$-143,$51,62,$-1.65,$-1.65,$350,$646,$0,$2100,$76,$1047,$336,$253,$2084,$4184,$2781,$181,$9,$191,$2971,$5,$201,$9,$1213,$4184,$-39,$62,$107,$169,$76,$-194,$-6,$-51,$-176,$-46,$-22,$0,$13,$79,$-386,$-307,$-25,$-341,$-4,$116,$112,$-89,$-89,$0,$400,$424,$45,$184,$0
33,2010-06-30,28.7,$19.95,1.44,$24.68,1.16,$-16.95,0.0,$1.77,16.25,$1.83B,$2.29B,0.8,$0.14B,$0.93B,0.15,$1.25B,$1.23B,98.08%,$1.25B,$0.15B,11.85%,$1.25B,$0.15B,11.85%,$1.25B,$0.23B,18.17%,$1.25B,$0.15B,11.85%,$1.25B,$0.09B,7.37%,$0.09B,$0.93B,10.38%,$0.09B,$0.74B,13.14%,$0.09B,$3.37B,2.91%,$0.15B,$1.07B,14.05%,$328,$5,$323,$0,$259,$292,$36,$0,$36,$15,$21,$21,$21,$56,$36,$46,52,$0.46,$0.40,$351,$476,$0,$1834,$63,$874,$189,$171,$1537,$3371,$2293,$141,$9,$150,$2444,$5,$285,$2,$927,$3371,$45,$40,$12,$52,$55,$-9,$-50,$-69,$-74,$24,$-12,$0,$13,$38,$-208,$-169,$-31,$-199,$-4,$73,$69,$-23,$-23,$0,$230,$276,$101,$32,$0
34,2010-03-31,35.55,$19.60,1.81,$23.99,1.48,$-27.92,0.0,$1.71,20.83,$1.88B,$2.11B,0.89,$0.19B,$0.91B,0.21,$1.18B,$1.16B,97.80%,$1.18B,$0.14B,11.67%,$1.18B,$0.14B,11.67%,$1.18B,$0.21B,17.50%,$1.18B,$0.14B,11.67%,$1.18B,$0.09B,7.35%,$0.09B,$0.91B,10.48%,$0.09B,$0.72B,13.30%,$0.09B,$3.23B,3.01%,$0.14B,$1.10B,13.84%,$312,$6,$306,$0,$246,$272,$40,$0,$40,$16,$24,$24,$24,$60,$40,$46,53,$0.52,$0.45,$282,$586,$0,$1878,$63,$680,$191,$184,$1350,$3227,$2114,$191,$10,$201,$2315,$5,$268,$1,$912,$3227,$24,$20,$-1,$19,$26,$-50,$-12,$-86,$-122,$-79,$-6,$0,$-1,$17,$2,$19,$-6,$6,$-1,$94,$93,$1,$1,$0,$-37,$57,$-16,$16,$0
35,2009-12-31,39.19,$19.16,2.04,$22.91,1.71,$-33.74,0.0,$1.55,25.28,$1.77B,$2.07B,0.86,$0.21B,$0.87B,0.24,$1.09B,$1.07B,97.80%,$1.09B,$0.12B,11.00%,$1.09B,$0.12B,11.00%,$1.09B,$0.18B,16.50%,$1.09B,$0.12B,11.00%,$1.09B,$0.08B,6.97%,$0.08B,$0.87B,10.00%,$0.08B,$0.68B,12.79%,$0.08B,$3.17B,2.93%,$0.12B,$1.08B,13.32%,$319,$6,$313,$0,$243,$278,$41,$0,$41,$17,$25,$25,$25,$62,$41,$42,48,$0.56,$0.48,$287,$455,$0,$1770,$62,$695,$191,$210,$1398,$3167,$2067,$207,$19,$227,$2294,$5,$245,$1,$873,$3167,$76,$60,$41,$102,$-278,$-261,$138,$-124,$-525,$-347,$-28,$0,$-252,$58,$-625,$-567,$-4,$-851,$-5,$91,$86,$4,$4,$0,$1031,$1120,$-78,$48,$0
36,2009-09-30,36.32,$18.34,1.98,$21.80,1.67,$-18.18,0.0,$1.47,24.65,$1.86B,$1.91B,0.98,$0.13B,$0.83B,0.15,$1.00B,$0.98B,97.71%,$1.00B,$0.11B,10.57%,$1.00B,$0.11B,10.57%,$1.00B,$0.15B,14.96%,$1.00B,$0.11B,10.57%,$1.00B,$0.07B,6.68%,$0.07B,$0.83B,9.71%,$0.07B,$0.66B,12.50%,$0.07B,$2.89B,3.06%,$0.11B,$0.96B,13.22%,$290,$6,$283,$0,$232,$259,$31,$0,$31,$9,$22,$22,$22,$49,$31,$43,49,$0.51,$0.45,$438,$449,$0,$1864,$60,$414,$175,$147,$1027,$2891,$1909,$128,$19,$148,$2057,$5,$220,$1,$834,$2891,$51,$40,$35,$75,$-238,$-221,$104,$-134,$-489,$-363,$-21,$0,$-196,$45,$-332,$-286,$-8,$-512,$-5,$165,$160,$146,$146,$0,$675,$981,$106,$35,$0
37,2009-06-30,31.81,$16.50,1.93,$21.12,1.51,$-12.30,0.0,$1.33,23.86,$1.50B,$1.43B,1.04,$0.14B,$0.70B,0.2,$0.93B,$0.91B,97.85%,$0.93B,$0.10B,10.30%,$0.93B,$0.10B,10.30%,$0.93B,$0.13B,13.95%,$0.93B,$0.10B,10.30%,$0.93B,$0.06B,6.22%,$0.06B,$0.70B,9.31%,$0.06B,$0.55B,12.01%,$0.06B,$2.29B,2.94%,$0.10B,$0.84B,13.16%,$262,$6,$255,$0,$210,$235,$26,$0,$26,$10,$16,$16,$16,$36,$26,$41,47,$0.39,$0.34,$282,$290,$0,$1495,$51,$243,$149,$157,$793,$2288,$1432,$139,$14,$154,$1585,$4,$198,$-4,$703,$2288,$29,$21,$16,$37,$-359,$-158,$116,$-159,$-559,$-493,$-11,$0,$0,$40,$-148,$-109,$8,$-111,$-5,$212,$207,$54,$54,$0,$288,$549,$-55,$24,$0
38,2009-03-31,28.65,$15.38,1.86,$20.66,1.39,$-1.82,0.0,$1.29,22.15,$1.41B,$1.28B,1.1,$0.09B,$0.63B,0.14,$0.88B,$0.86B,98.07%,$0.88B,$0.09B,10.24%,$0.88B,$0.09B,10.24%,$0.88B,$0.12B,14.11%,$0.88B,$0.09B,10.24%,$0.88B,$0.05B,6.14%,$0.05B,$0.63B,9.58%,$0.05B,$0.48B,12.48%,$0.05B,$2.02B,2.96%,$0.09B,$0.72B,13.52%,$220,$4,$216,$0,$178,$198,$22,$0,$22,$9,$13,$13,$13,$33,$22,$40,45,$0.33,$0.29,$356,$427,$0,$1405,$48,$124,$148,$132,$609,$2015,$1282,$89,$13,$102,$1384,$4,$182,$-5,$631,$2015,$13,$11,$9,$20,$-61,$-176,$-11,$-119,$-367,$-334,$-4,$0,$0,$25,$-16,$9,$8,$13,$-1,$164,$162,$10,$10,$0,$195,$368,$47,$13,$0
39,2008-12-31,30.33,$15.04,2.02,$21.10,1.44,$6.00,5.06,$1.36,22.3,$0.95B,$0.85B,1.12,$0.09B,$0.59B,0.15,$0.87B,$0.86B,98.51%,$0.87B,$0.09B,10.57%,$0.87B,$0.09B,10.57%,$0.87B,$0.12B,14.14%,$0.87B,$0.09B,10.57%,$0.87B,$0.06B,6.32%,$0.06B,$0.59B,10.68%,$0.06B,$0.45B,13.98%,$0.06B,$1.56B,3.19%,$0.09B,$0.68B,14.87%,$231,$5,$226,$0,$173,$204,$27,$0,$27,$11,$16,$16,$16,$32,$27,$36,42,$0.42,$0.35,$257,$123,$0,$953,$48,$133,$144,$127,$605,$1558,$850,$91,$24,$115,$965,$4,$169,$-6,$593,$1558,$56,$32,$40,$71,$285,$62,$-27,$-96,$224,$350,$-21,$0,$-11,$63,$-57,$6,$-61,$-86,$5,$-128,$-123,$-9,$-9,$0,$60,$-72,$192,$54,$0
40,2008-09-30,33.01,$14.72,2.24,$21.11,1.56,$-0.57,0.0,$1.31,25.22,$1.48B,$1.35B,1.1,$0.11B,$0.57B,0.19,$0.85B,$0.84B,98.82%,$0.85B,$0.09B,10.34%,$0.85B,$0.09B,10.34%,$0.85B,$0.12B,14.45%,$0.85B,$0.09B,10.34%,$0.85B,$0.05B,6.23%,$0.05B,$0.57B,11.21%,$0.05B,$0.45B,14.73%,$0.05B,$2.04B,3.10%,$0.09B,$0.67B,15.23%,$219,$4,$215,$0,$179,$198,$21,$0,$21,$8,$13,$13,$13,$29,$21,$36,42,$0.36,$0.31,$121,$266,$0,$1484,$45,$154,$120,$108,$557,$2041,$1346,$105,$24,$129,$1475,$4,$153,$-4,$565,$2041,$39,$26,$34,$60,$-230,$15,$143,$-94,$-166,$-67,$-14,$0,$0,$39,$-44,$-5,$-71,$-90,$9,$137,$147,$55,$55,$0,$-15,$187,$31,$30,$0
41,2008-06-30,22.75,$13.08,1.74,$20.46,1.11,$1.51,15.11,$1.20,18.92,$1.17B,$1.07B,1.09,$0.12B,$0.47B,0.26,$0.82B,$0.81B,98.90%,$0.82B,$0.08B,9.82%,$0.82B,$0.08B,9.82%,$0.82B,$0.12B,14.48%,$0.82B,$0.08B,9.82%,$0.82B,$0.05B,5.89%,$0.05B,$0.47B,11.07%,$0.05B,$0.35B,14.76%,$0.05B,$1.69B,3.04%,$0.08B,$0.59B,14.86%,$209,$3,$205,$0,$171,$189,$20,$0,$20,$8,$12,$12,$12,$30,$20,$35,41,$0.35,$0.30,$93,$177,$0,$1168,$42,$161,$111,$88,$518,$1686,$1074,$122,$24,$147,$1221,$4,$140,$-3,$465,$1686,$27,$18,$21,$38,$-59,$30,$34,$-74,$-68,$-3,$-8,$0,$0,$31,$-40,$-9,$-41,$-58,$21,$56,$78,$-10,$-10,$0,$13,$80,$19,$25,$0
42,2008-03-31,19.8,$12.39,1.6,$20.75,0.95,$-0.25,0.0,$0.94,21.11,$1.13B,$1.05B,1.07,$0.10B,$0.44B,0.22,$0.82B,$0.81B,99.02%,$0.82B,$0.06B,7.71%,$0.82B,$0.06B,7.71%,$0.82B,$0.10B,12.24%,$0.82B,$0.06B,7.71%,$0.82B,$0.04B,4.53%,$0.04B,$0.44B,8.93%,$0.04B,$0.33B,11.86%,$0.04B,$1.61B,2.36%,$0.06B,$0.53B,12.02%,$211,$0,$211,$0,$174,$188,$24,$0,$24,$10,$14,$14,$14,$32,$24,$35,40,$0.41,$0.36,$107,$163,$0,$1125,$41,$145,$112,$81,$488,$1613,$1053,$95,$28,$123,$1176,$2,$129,$-2,$437,$1613,$14,$8,$11,$19,$-49,$60,$52,$-77,$-14,$19,$-5,$0,$1,$9,$0,$9,$-8,$-3,$-1,$11,$10,$-12,$-12,$0,$26,$24,$41,$12,$0
43,2007-12-31,23.18,$12.15,1.91,$20.01,1.16,$-2.66,0.0,$0.84,27.74,$1.00B,$0.95B,1.05,$0.10B,$0.43B,0.22,$0.76B,$0.75B,98.69%,$0.76B,$0.05B,7.08%,$0.76B,$0.05B,7.08%,$0.76B,$0.09B,11.40%,$0.76B,$0.05B,7.08%,$0.76B,$0.03B,4.19%,$0.03B,$0.43B,8.19%,$0.03B,$0.31B,10.61%,$0.03B,$1.50B,2.11%,$0.05B,$0.52B,10.73%,$212,$3,$210,$0,$170,$189,$23,$0,$23,$9,$14,$14,$14,$32,$23,$33,39,$0.40,$0.34,$61,$137,$0,$1000,$41,$160,$111,$82,$500,$1499,$951,$95,$29,$124,$1075,$3,$125,$-1,$425,$1499,$32,$32,$19,$52,$-266,$202,$53,$1,$-11,$73,$-24,$0,$-33,$64,$-134,$-70,$-23,$-151,$24,$-68,$-44,$-2,$-2,$0,$151,$105,$27,$56,$0
44,2007-09-30,25.51,$11.95,2.13,$18.66,1.37,$-5.90,0.0,$0.72,35.42,$1.07B,$0.98B,1.1,$0.11B,$0.41B,0.26,$0.68B,$0.67B,98.53%,$0.68B,$0.04B,6.31%,$0.68B,$0.04B,6.31%,$0.68B,$0.08B,11.45%,$0.68B,$0.04B,6.31%,$0.68B,$0.03B,3.67%,$0.03B,$0.41B,7.36%,$0.03B,$0.31B,9.17%,$0.03B,$1.52B,1.77%,$0.04B,$0.51B,9.65%,$183,$3,$180,$0,$153,$170,$13,$0,$13,$5,$8,$8,$8,$24,$13,$34,40,$0.24,$0.20,$72,$173,$0,$1073,$42,$151,$98,$54,$445,$1518,$976,$106,$29,$135,$1111,$2,$112,$-0,$407,$1518,$18,$24,$22,$45,$-309,$193,$76,$6,$-35,$29,$-23,$0,$-30,$49,$-109,$-61,$-14,$-127,$25,$-68,$-43,$-0,$-0,$0,$157,$113,$15,$45,$0
45,2007-06-30,25.97,$11.47,2.26,$17.61,1.47,$-10.46,0.0,$0.69,37.45,$1.21B,$1.07B,1.12,$0.14B,$0.39B,0.37,$0.61B,$0.60B,98.52%,$0.61B,$0.04B,6.41%,$0.61B,$0.04B,6.41%,$0.61B,$0.06B,10.36%,$0.61B,$0.04B,6.41%,$0.61B,$0.02B,3.62%,$0.02B,$0.39B,7.57%,$0.02B,$0.30B,8.98%,$0.02B,$1.63B,1.67%,$0.04B,$0.53B,10.06%,$211,$3,$208,$0,$191,$208,$3,$0,$3,$1,$1,$1,$1,$12,$3,$33,39,$0.05,$0.04,$208,$370,$0,$1206,$30,$126,$87,$81,$428,$1634,$1073,$144,$29,$173,$1246,$2,$105,$-0,$388,$1634,$10,$13,$18,$31,$-124,$25,$37,$-51,$-113,$-72,$-7,$0,$-30,$40,$-77,$-36,$2,$-71,$63,$87,$150,$0,$0,$0,$25,$176,$32,$35,$0
46,2007-03-31,19.54,$10.20,1.92,$15.43,1.27,$-11.95,0.0,$0.73,26.8,$1.12B,$0.95B,1.17,$0.11B,$0.34B,0.31,$0.50B,$0.49B,98.40%,$0.50B,$0.04B,8.00%,$0.50B,$0.04B,8.00%,$0.50B,$0.06B,11.60%,$0.50B,$0.04B,8.00%,$0.50B,$0.02B,4.60%,$0.02B,$0.34B,9.40%,$0.02B,$0.28B,10.57%,$0.02B,$1.43B,1.95%,$0.04B,$0.45B,12.37%,$157,$2,$155,$0,$130,$142,$15,$0,$15,$6,$9,$9,$9,$19,$15,$29,34,$0.30,$0.26,$177,$513,$0,$1116,$27,$73,$60,$79,$312,$1427,$951,$105,$28,$133,$1085,$2,$104,$0,$343,$1427,$9,$4,$-0,$4,$-17,$1,$-21,$-41,$-78,$-65,$-5,$0,$3,$10,$-10,$-0,$0,$-2,$35,$12,$47,$-0,$-0,$0,$27,$73,$6,$9,$0
47,2006-12-31,17.3,$8.14,2.13,$14.51,1.19,$-9.17,0.0,$0.49,35.39,$0.92B,$0.77B,1.2,$0.07B,$0.22B,0.32,$0.45B,$0.45B,98.23%,$0.45B,$0.03B,5.74%,$0.45B,$0.03B,5.74%,$0.45B,$0.04B,9.27%,$0.45B,$0.03B,5.74%,$0.45B,$0.01B,3.09%,$0.01B,$0.22B,6.73%,$0.01B,$0.20B,7.28%,$0.01B,$1.09B,1.34%,$0.03B,$0.29B,9.36%,$130,$1,$128,$0,$107,$117,$12,$0,$12,$5,$7,$7,$7,$23,$12,$26,31,$0.28,$0.23,$177,$331,$0,$917,$14,$49,$22,$49,$168,$1085,$766,$70,$29,$98,$865,$2,$95,$0,$220,$1085,$15,$15,$24,$39,$-59,$-124,$52,$22,$-109,$-55,$-8,$0,$-9,$74,$-69,$6,$0,$-11,$-1,$55,$54,$-16,$-16,$0,$36,$74,$8,$44,$0
