,Date,Stock Price,Book Value per Share,Price to Book Ratio,TTM Sales per Share,Price to Sales Ratio,TTM FCF per Share,Price to FCF Ratio,TTM Net EPS,PE Ratio,Current Assets,Current Liabilities,Current Ratio,Long Term Debt,Shareholder's Equity_x,Debt to Equity Ratio,TTM Revenue_x,TTM Gross Profit,Gross Margin,TTM Revenue_y,TTM Operating Income,Operating Margin,TTM Revenue_x,TTM EBIT,EBIT Margin,TTM Revenue_y,TTM EBITDA,EBITDA Margin,TTM Revenue_x,TTM Pre-Tax Income,Pre-Tax Margin,TTM Revenue_y,TTM Net Income_x,Net Margin,TTM Net Income_y,Shareholder's Equity_y,Return on Equity,TTM Net Income_x,Tangible Equity,Return on Tangible Equity,TTM Net Income_y,Total Assets,Return on Assets,TTM Net Income,LT Investments & Debt,Return on Investment,revenue,cost-goods-sold,gross-profit,research-development-expenses,selling-general-administrative-expenses,operating-expenses,operating-income,total-non-operating-income-expense,pre-tax-income,total-provision-income-taxes,income-after-taxes,income-from-continuous-operations,net-income,ebitda,ebit,basic-shares-outstanding,shares-outstanding,eps-basic-net-earnings-per-share,eps-earnings-per-share-diluted,cash-on-hand,inventory,other-current-assets,total-current-assets,net-property-plant-equipment,long-term-investments,goodwill-intangible-assets-total,other-long-term-assets,total-long-term-assets,total-assets,total-current-liabilities,long-term-debt,other-non-current-liabilities,total-long-term-liabilities,total-liabilities,common-stock-net,retained-earnings-accumulated-deficit,comprehensive-income,total-share-holder-equity,total-liabilities-share-holders-equity,net-income-loss,total-depreciation-amortization-cash-flow,other-non-cash-items,total-non-cash-items,change-in-accounts-receivable,change-in-inventories,change-in-accounts-payable,change-in-assets-liabilities,total-change-in-assets-liabilities,cash-flow-from-operating-activities,net-change-in-property-plant-equipment,net-change-in-intangible-assets,net-acquisitions-divestitures,net-change-in-short-term-investments,net-change-in-long-term-investments,net-change-in-investments-total,investing-activities-other,cash-flow-from-investing-activities,net-long-term-debt,net-current-debt,debt-issuance-retirement-net-total,net-common-equity-issued-repurchased,net-total-equity-issued-repurchased,total-common-preferred-stock-dividends-paid,financial-activities-other,cash-flow-from-financial-activities,net-cash-flow,stock-based-compensation,common-stock-dividends-paid
0,2018-06-30,14.95,$11.54,1.3,$3.75,3.99,$0.31,48.15,$0.90,16.61,$0.41B,$0.81B,0.5,$1.18B,$1.24B,0.95,$0.38B,$0.25B,66.49%,$0.38B,$0.13B,34.04%,$0.38B,$0.13B,34.04%,$0.38B,$0.23B,60.16%,$0.38B,$0.09B,23.75%,$0.38B,$0.09B,23.75%,$0.09B,$1.24B,7.61%,$0.09B,$1.24B,7.61%,$0.09B,$3.46B,2.87%,$0.13B,$2.42B,5.48%,$97,$31,$66,$0,$3,$80,$17,$-1,$16,$0,$16,$16,$16,$44,$17,$105,105,$0.15,$0.15,$259,$7,$40,$407,$2072,$640,$0,$47,$3057,$3464,$809,$1182,$231,$1413,$2222,$1,$72,$19,$1242,$3464,$40,$50,$-6,$45,$12,$-2,$0,$-1,$9,$94,$-481,$0,$0,$0,$0,$0,$41,$-440,$-69,$549,$480,$0,$0,$-74,$-69,$337,$-8,$0,$-74
1,2018-03-31,13.97,$11.53,1.21,$3.84,3.64,$5.62,2.49,$0.97,14.41,$0.29B,$0.44B,0.67,$1.06B,$0.00B,0.0,$0.38B,$0.25B,65.96%,$0.38B,$0.15B,40.16%,$0.38B,$0.15B,40.16%,$0.38B,$0.25B,65.96%,$0.38B,$0.09B,25.00%,$0.38B,$0.09B,25.00%,$0.09B,$1.19B,8.19%,$0.09B,$1.19B,8.19%,$0.09B,$2.93B,3.07%,$0.15B,$2.26B,6.52%,$92,$31,$62,$0,$3,$57,$35,$-11,$25,$0,$25,$25,$25,$59,$35,$103,103,$0.24,$0.24,$235,$0,$52,$293,$1740,$572,$0,$29,$2636,$2929,$441,$1061,$234,$1294,$1735,$0,$0,$0,$1194,$2929,$25,$24,$-7,$17,$0,$0,$0,$8,$8,$50,$18,$0,$0,$0,$27,$27,$8,$53,$0,$-16,$-16,$0,$0,$-36,$-63,$-116,$-13,$0,$-36
2,2017-12-31,14.79,$10.77,1.37,$3.98,3.72,$5.58,2.65,$1.08,13.69,$0.32B,$0.34B,0.92,$1.19B,$1.20B,1.0,$0.38B,$0.25B,65.35%,$0.38B,$0.16B,40.94%,$0.38B,$0.16B,40.94%,$0.38B,$0.25B,65.88%,$0.38B,$0.10B,26.51%,$0.38B,$0.10B,26.51%,$0.10B,$1.20B,8.93%,$0.10B,$1.20B,8.93%,$0.10B,$3.01B,3.27%,$0.16B,$2.39B,6.69%,$96,$33,$63,$0,$2,$57,$39,$-19,$20,$0,$20,$20,$20,$63,$39,$96,103,$0.18,$0.15,$247,$5,$32,$318,$1763,$597,$0,$21,$2694,$3012,$344,$1190,$283,$1473,$1817,$1,$204,$-94,$1195,$3012,$101,$96,$-27,$69,$2,$-0,$-1,$4,$4,$178,$-7,$0,$0,$0,$0,$0,$55,$48,$-29,$117,$88,$0,$0,$-153,$-71,$-135,$91,$0,$-153
3,2017-09-30,13.51,$11.79,1.15,$3.95,3.42,$4.58,2.95,$1.19,11.35,$0.43B,$0.53B,0.82,$1.25B,$1.10B,1.13,$0.38B,$0.25B,65.54%,$0.38B,$0.15B,39.43%,$0.38B,$0.15B,39.43%,$0.38B,$0.25B,64.75%,$0.38B,$0.11B,28.72%,$0.38B,$0.11B,28.72%,$0.11B,$1.10B,9.85%,$0.11B,$1.10B,9.85%,$0.11B,$3.16B,3.59%,$0.15B,$2.35B,6.39%,$94,$33,$61,$0,$2,$56,$38,$-9,$29,$0,$29,$29,$29,$62,$38,$94,94,$0.31,$0.31,$362,$0,$56,$430,$1785,$601,$0,$20,$2727,$3157,$525,$1245,$285,$1530,$2055,$1,$220,$-82,$1102,$3157,$81,$72,$-26,$46,$2,$-1,$-0,$7,$7,$133,$24,$0,$0,$0,$0,$0,$9,$33,$0,$204,$204,$0,$0,$-117,$-70,$18,$183,$0,$-117
4,2017-06-30,12.37,$11.74,1.05,$3.95,3.13,$5.13,2.41,$1.23,10.06,$0.45B,$0.56B,0.8,$1.18B,$1.10B,1.08,$0.38B,$0.25B,65.01%,$0.38B,$0.15B,38.12%,$0.38B,$0.15B,38.12%,$0.38B,$0.25B,63.97%,$0.38B,$0.11B,29.50%,$0.38B,$0.11B,29.50%,$0.11B,$1.10B,10.06%,$0.11B,$1.10B,10.06%,$0.11B,$3.14B,3.79%,$0.15B,$2.28B,6.01%,$94,$33,$62,$0,$2,$56,$39,$-19,$20,$0,$20,$20,$20,$64,$39,$94,94,$0.22,$0.22,$258,$0,$62,$448,$1692,$612,$0,$19,$2691,$3139,$562,$1184,$295,$1479,$2041,$1,$224,$-90,$1098,$3139,$52,$47,$-10,$37,$14,$0,$-0,$-1,$12,$101,$50,$0,$0,$0,$0,$0,$13,$63,$-67,$224,$157,$0,$0,$-84,$-51,$22,$187,$0,$-84
5,2017-03-31,12.93,$12.10,1.07,$4.05,3.19,$2.99,4.32,$1.43,9.04,$0.27B,$0.43B,0.62,$1.18B,$0.00B,0.0,$0.39B,$0.26B,65.39%,$0.39B,$0.15B,38.42%,$0.39B,$0.15B,38.42%,$0.39B,$0.25B,64.12%,$0.39B,$0.13B,33.59%,$0.39B,$0.13B,33.59%,$0.13B,$1.13B,11.65%,$0.13B,$1.13B,11.65%,$0.13B,$3.04B,4.51%,$0.15B,$2.31B,5.99%,$97,$33,$63,$0,$2,$57,$40,$-7,$32,$0,$32,$32,$32,$62,$40,$94,94,$0.35,$0.35,$186,$0,$67,$268,$1716,$657,$0,$19,$2772,$3040,$431,$1177,$300,$1478,$1909,$0,$0,$0,$1131,$3040,$32,$22,$-7,$16,$0,$0,$0,$-2,$-2,$46,$13,$0,$0,$0,$10,$10,$-8,$14,$0,$-21,$-21,$0,$0,$-42,$2,$-60,$-1,$0,$-42
6,2016-12-31,12.66,$11.17,1.13,$4.28,2.96,$1.99,6.35,$1.58,8.01,$0.28B,$0.24B,1.17,$1.38B,$1.13B,1.22,$0.41B,$0.28B,66.91%,$0.41B,$0.17B,40.58%,$0.41B,$0.17B,40.58%,$0.41B,$0.27B,65.70%,$0.41B,$0.15B,35.51%,$0.41B,$0.15B,35.51%,$0.15B,$1.13B,12.92%,$0.15B,$1.13B,12.92%,$0.15B,$2.94B,5.09%,$0.17B,$2.51B,6.44%,$98,$33,$65,$0,$2,$64,$34,$-5,$29,$0,$29,$29,$29,$60,$34,$93,108,$0.30,$0.23,$181,$5,$32,$278,$1737,$524,$0,$25,$2659,$2937,$239,$1378,$186,$1564,$1803,$1,$256,$-86,$1134,$2937,$146,$104,$-19,$85,$7,$-0,$0,$-10,$-2,$230,$-159,$0,$0,$0,$0,$0,$198,$39,$0,$193,$193,$0,$0,$-168,$-302,$-277,$-8,$0,$-168
7,2016-09-30,12.18,$12.10,1.01,$4.33,2.81,$-0.31,0.0,$1.85,6.58,$0.25B,$0.10B,2.52,$1.48B,$1.13B,1.31,$0.43B,$0.29B,68.14%,$0.43B,$0.18B,42.56%,$0.43B,$0.18B,42.56%,$0.43B,$0.29B,66.28%,$0.43B,$0.17B,40.00%,$0.43B,$0.17B,40.00%,$0.17B,$1.13B,14.77%,$0.17B,$1.13B,14.77%,$0.17B,$2.82B,5.90%,$0.18B,$2.61B,6.91%,$94,$34,$59,$0,$2,$61,$33,$-0,$32,$0,$32,$32,$32,$59,$33,$94,94,$0.35,$0.35,$180,$5,$30,$246,$1766,$413,$0,$28,$2578,$2824,$97,$1480,$115,$1595,$1693,$1,$269,$-106,$1132,$2824,$118,$78,$-16,$62,$10,$-0,$1,$-10,$-0,$180,$29,$0,$0,$0,$0,$0,$11,$40,$0,$17,$17,$0,$0,$-126,$-118,$-226,$-7,$0,$-126
8,2016-06-30,11.84,$12.14,0.97,$4.51,2.62,$-4.91,0.0,$1.99,5.95,$0.28B,$0.11B,2.44,$1.52B,$1.14B,1.34,$0.45B,$0.31B,69.35%,$0.45B,$0.21B,46.76%,$0.45B,$0.21B,46.76%,$0.45B,$0.31B,68.68%,$0.45B,$0.19B,41.39%,$0.45B,$0.19B,41.39%,$0.19B,$1.14B,15.71%,$0.19B,$1.14B,15.71%,$0.19B,$2.90B,6.20%,$0.21B,$2.66B,7.79%,$104,$34,$70,$0,$2,$60,$44,$-6,$39,$0,$39,$39,$39,$71,$44,$94,94,$0.42,$0.42,$202,$5,$32,$275,$1812,$443,$0,$28,$2630,$2904,$112,$1520,$136,$1657,$1769,$94,$279,$-112,$1135,$2904,$86,$51,$-5,$47,$3,$0,$0,$-11,$-9,$124,$-172,$0,$0,$0,$0,$0,$175,$3,$0,$86,$86,$0,$0,$-84,$-118,$-115,$12,$0,$-84
9,2016-03-31,10.83,$12.29,0.88,$4.38,2.47,$-4.71,0.0,$2.30,4.71,$0.30B,$0.11B,2.65,$1.51B,$1.15B,1.31,$0.44B,$0.31B,70.34%,$0.44B,$0.18B,41.84%,$0.44B,$0.18B,41.84%,$0.44B,$0.27B,62.76%,$0.44B,$0.21B,49.20%,$0.44B,$0.21B,49.20%,$0.21B,$1.15B,17.93%,$0.21B,$1.15B,17.93%,$0.21B,$2.89B,7.24%,$0.18B,$2.66B,6.91%,$118,$35,$83,$0,$3,$60,$57,$-10,$47,$0,$47,$47,$47,$82,$57,$93,93,$0.50,$0.50,$198,$5,$33,$295,$1716,$568,$0,$0,$2600,$2894,$111,$1507,$127,$1634,$1745,$94,$282,$-101,$1149,$2894,$47,$25,$-0,$25,$-19,$0,$0,$-11,$-29,$43,$-78,$0,$0,$-0,$0,$-0,$169,$91,$0,$40,$40,$0,$0,$-42,$-118,$-119,$14,$0,$-42
10,2015-12-31,12.51,$13.29,0.94,$3.88,3.22,$-4.53,0.0,$2.15,5.82,$0.38B,$0.24B,1.57,$1.43B,$1.24B,1.15,$0.41B,$0.29B,70.27%,$0.41B,$0.17B,41.03%,$0.41B,$0.17B,41.03%,$0.41B,$0.25B,62.41%,$0.41B,$0.20B,49.14%,$0.41B,$0.20B,49.14%,$0.20B,$1.24B,16.72%,$0.20B,$1.24B,16.72%,$0.20B,$3.03B,6.80%,$0.17B,$2.67B,6.45%,$114,$33,$81,$0,$1,$65,$49,$6,$54,$0,$54,$54,$54,$73,$49,$93,119,$0.58,$0.34,$270,$5,$37,$376,$1641,$559,$0,$29,$2657,$3033,$239,$1426,$126,$1552,$1791,$93,$278,$-3,$1242,$3033,$201,$88,$-41,$46,$15,$-3,$-2,$6,$12,$258,$-454,$0,$0,$111,$0,$111,$138,$-206,$0,$160,$160,$1,$1,$-163,$-31,$-33,$19,$0,$-163
11,2015-09-30,11.94,$0.00,0.0,$3.69,3.24,$-3.43,0.0,$1.84,6.49,$0.24B,$0.23B,1.02,$1.56B,$1.19B,1.32,$0.38B,$0.26B,68.85%,$0.38B,$0.15B,38.48%,$0.38B,$0.15B,38.48%,$0.38B,$0.23B,60.47%,$0.38B,$0.17B,44.76%,$0.38B,$0.17B,44.76%,$0.17B,$1.19B,14.57%,$0.17B,$1.19B,14.57%,$0.17B,$3.11B,5.81%,$0.15B,$2.75B,5.65%,$111,$34,$76,$0,$1,$52,$59,$-13,$45,$0,$45,$45,$45,$81,$59,$93,93,$0.49,$0.49,$101,$5,$38,$239,$1566,$758,$0,$0,$2872,$3111,$234,$1562,$130,$1692,$1926,$93,$265,$-48,$1185,$3111,$147,$64,$-34,$30,$13,$-3,$-1,$-8,$-6,$170,$-391,$0,$0,$107,$-89,$18,$99,$-274,$0,$251,$251,$1,$1,$-121,$-18,$114,$9,$0,$-121
12,2015-06-30,11.67,$12.83,0.91,$3.39,3.44,$-2.22,0.0,$1.72,6.78,$0.24B,$0.22B,1.05,$1.26B,$1.20B,1.05,$0.35B,$0.24B,67.80%,$0.35B,$0.13B,35.59%,$0.35B,$0.13B,35.59%,$0.35B,$0.21B,58.76%,$0.35B,$0.16B,45.48%,$0.35B,$0.16B,45.48%,$0.16B,$1.20B,13.72%,$0.16B,$1.20B,13.72%,$0.16B,$2.78B,5.49%,$0.13B,$2.46B,4.90%,$92,$26,$66,$0,$2,$75,$17,$51,$68,$0,$68,$68,$68,$37,$17,$93,93,$0.73,$0.73,$110,$6,$38,$236,$1314,$772,$0,$4,$2547,$2783,$224,$1259,$101,$1360,$1584,$93,$261,$-29,$1199,$2783,$101,$41,$-34,$8,$10,$-4,$-1,$-5,$-4,$104,$-133,$0,$0,$111,$0,$111,$100,$79,$0,$-85,$-85,$1,$1,$-79,$-8,$-172,$11,$0,$-79
13,2015-03-31,10.32,$12.40,0.83,$3.19,3.23,$-2.54,0.0,$1.23,8.39,$0.25B,$0.24B,1.06,$1.33B,$1.16B,1.15,$0.34B,$0.22B,65.07%,$0.34B,$0.14B,41.79%,$0.34B,$0.14B,41.79%,$0.34B,$0.22B,65.97%,$0.34B,$0.12B,34.33%,$0.34B,$0.12B,34.33%,$0.12B,$1.16B,9.85%,$0.12B,$1.16B,9.85%,$0.12B,$2.84B,3.84%,$0.14B,$2.49B,5.41%,$90,$27,$63,$0,$2,$48,$42,$-9,$33,$0,$33,$33,$33,$63,$42,$93,119,$0.35,$0.32,$119,$5,$47,$249,$1361,$763,$0,$0,$2593,$2841,$235,$1331,$117,$1448,$1683,$93,$233,$-41,$1159,$2841,$33,$21,$-3,$18,$21,$-2,$0,$1,$15,$66,$-89,$0,$0,$107,$0,$107,$-41,$-24,$0,$1,$1,$0,$0,$-39,$-5,$-43,$-1,$0,$-39
14,2014-12-31,9.57,$12.35,0.78,$3.14,3.05,$-2.38,0.0,$1.32,7.25,$0.34B,$0.21B,1.59,$1.55B,$1.15B,1.34,$0.33B,$0.21B,63.72%,$0.33B,$0.15B,44.21%,$0.33B,$0.15B,44.21%,$0.33B,$0.22B,67.68%,$0.33B,$0.12B,37.50%,$0.33B,$0.12B,37.50%,$0.12B,$1.15B,10.45%,$0.12B,$1.15B,10.45%,$0.12B,$3.04B,4.06%,$0.15B,$2.70B,5.63%,$89,$31,$58,$0,$2,$59,$29,$-4,$25,$0,$25,$25,$25,$50,$29,$93,117,$0.27,$0.23,$124,$7,$38,$340,$1377,$771,$0,$3,$2701,$3042,$214,$1550,$124,$1674,$1888,$93,$239,$-51,$1153,$3042,$123,$77,$-47,$30,$-16,$-0,$-1,$-7,$-20,$132,$-196,$0,$0,$-8,$89,$81,$93,$-22,$0,$117,$117,$-0,$-0,$-152,$-83,$-118,$-8,$0,$-152
15,2014-09-30,11.13,$12.66,0.88,$3.13,3.55,$-0.64,0.0,$1.25,8.9,$0.20B,$0.35B,0.58,$1.46B,$1.18B,1.23,$0.31B,$0.19B,61.74%,$0.31B,$0.14B,44.69%,$0.31B,$0.14B,44.69%,$0.31B,$0.21B,68.81%,$0.31B,$0.12B,37.30%,$0.31B,$0.12B,37.30%,$0.12B,$1.18B,9.78%,$0.12B,$1.18B,9.78%,$0.12B,$3.07B,3.83%,$0.14B,$2.64B,5.48%,$83,$31,$53,$0,$2,$45,$38,$-4,$35,$0,$35,$35,$35,$58,$38,$93,93,$0.37,$0.37,$95,$7,$45,$201,$1318,$884,$0,$9,$2869,$3069,$347,$1459,$81,$1539,$1887,$93,$252,$-33,$1183,$3069,$98,$56,$-44,$12,$-0,$-0,$-2,$-9,$-13,$96,$-204,$0,$0,$14,$49,$63,$83,$-58,$0,$131,$131,$-0,$-0,$-114,$-80,$-64,$-26,$0,$-114
16,2014-06-30,11.97,$12.60,0.95,$2.97,4.03,$1.37,8.72,$1.02,11.74,$0.23B,$0.43B,0.54,$1.33B,$1.18B,1.13,$0.30B,$0.18B,60.81%,$0.30B,$0.13B,42.23%,$0.30B,$0.13B,42.23%,$0.30B,$0.20B,66.55%,$0.30B,$0.09B,31.76%,$0.30B,$0.09B,31.76%,$0.09B,$1.18B,7.91%,$0.09B,$1.18B,7.91%,$0.09B,$3.01B,3.10%,$0.13B,$2.51B,4.94%,$73,$29,$44,$0,$2,$42,$31,$-8,$22,$0,$22,$22,$22,$50,$31,$93,93,$0.24,$0.24,$111,$6,$45,$231,$1186,$881,$0,$7,$2782,$3013,$427,$1333,$77,$1410,$1837,$93,$256,$-42,$1176,$3013,$63,$36,$-28,$8,$-2,$1,$-2,$-8,$-12,$57,$-116,$0,$0,$16,$44,$60,$72,$16,$0,$72,$72,$-1,$-1,$-76,$-78,$-82,$-9,$0,$-76
17,2014-03-31,11.32,$12.79,0.89,$2.96,3.83,$2.85,3.97,$1.07,10.58,$0.18B,$0.47B,0.39,$1.26B,$1.19B,1.05,$0.29B,$0.18B,61.59%,$0.29B,$0.12B,41.52%,$0.29B,$0.12B,41.52%,$0.29B,$0.19B,65.40%,$0.29B,$0.10B,33.56%,$0.29B,$0.10B,33.56%,$0.10B,$1.19B,8.11%,$0.10B,$1.19B,8.11%,$0.10B,$2.99B,3.18%,$0.12B,$2.45B,4.67%,$83,$29,$54,$0,$2,$36,$47,$-6,$41,$0,$41,$41,$41,$64,$47,$93,117,$0.44,$0.40,$98,$8,$45,$183,$1128,$883,$0,$12,$2804,$2987,$467,$1259,$68,$1327,$1793,$93,$272,$-40,$1194,$2987,$41,$17,$-18,$-1,$-0,$-1,$3,$-1,$-2,$37,$-42,$0,$0,$16,$0,$16,$50,$24,$0,$-43,$-43,$0,$0,$-37,$-2,$-82,$-22,$0,$-37
18,2013-12-31,10.1,$12.78,0.79,$2.86,3.54,$3.74,2.7,$1.01,10.0,$0.29B,$0.43B,0.68,$1.35B,$1.19B,1.13,$0.27B,$0.17B,61.25%,$0.27B,$0.12B,43.17%,$0.27B,$0.12B,43.17%,$0.27B,$0.19B,68.27%,$0.27B,$0.09B,32.47%,$0.27B,$0.09B,32.47%,$0.09B,$1.19B,7.57%,$0.09B,$1.19B,7.57%,$0.09B,$3.05B,2.91%,$0.12B,$2.54B,4.47%,$72,$31,$41,$0,$2,$48,$23,$-5,$18,$0,$18,$18,$18,$42,$23,$90,95,$0.19,$0.23,$136,$7,$45,$292,$1090,$900,$0,$17,$2754,$3046,$432,$1347,$75,$1422,$1854,$93,$269,$-37,$1192,$3046,$89,$68,$-56,$12,$45,$-4,$2,$-3,$40,$140,$-26,$0,$0,$0,$0,$0,$-48,$-74,$0,$175,$175,$129,$129,$-109,$-263,$-68,$-2,$0,$-109
19,2013-09-30,9.19,$12.75,0.72,$3.01,3.05,$2.77,3.32,$1.41,6.52,$0.20B,$0.38B,0.53,$1.42B,$1.19B,1.2,$0.28B,$0.13B,46.57%,$0.28B,$0.15B,54.87%,$0.28B,$0.15B,54.87%,$0.28B,$0.22B,77.98%,$0.28B,$0.12B,43.68%,$0.28B,$0.12B,43.68%,$0.12B,$1.19B,10.86%,$0.12B,$1.19B,10.86%,$0.12B,$3.08B,4.03%,$0.15B,$2.61B,5.74%,$68,$27,$41,$0,$2,$44,$24,$-11,$13,$0,$13,$13,$13,$41,$24,$93,93,$0.14,$0.14,$126,$6,$51,$202,$1105,$988,$0,$12,$2876,$3079,$384,$1424,$82,$1506,$1889,$93,$287,$-47,$1189,$3079,$71,$50,$-43,$7,$50,$-3,$2,$-5,$41,$116,$-36,$0,$0,$-10,$0,$-10,$-70,$-116,$0,$203,$203,$128,$128,$-73,$-261,$-2,$-2,$0,$-73
20,2013-06-30,8.71,$12.97,0.67,$3.22,2.71,$2.37,3.67,$1.71,5.1,$0.18B,$0.31B,0.58,$1.47B,$1.21B,1.22,$0.28B,$0.16B,57.24%,$0.28B,$0.16B,57.60%,$0.28B,$0.16B,57.60%,$0.28B,$0.23B,79.51%,$0.28B,$0.14B,50.53%,$0.28B,$0.14B,50.53%,$0.14B,$1.21B,13.70%,$0.14B,$1.21B,13.70%,$0.14B,$3.08B,4.83%,$0.16B,$2.68B,6.20%,$66,$24,$42,$0,$2,$40,$26,$-1,$25,$0,$25,$25,$25,$42,$26,$86,86,$0.29,$0.29,$108,$3,$52,$179,$1026,$1087,$0,$13,$2902,$3081,$310,$1474,$87,$1562,$1872,$93,$310,$-47,$1209,$3081,$57,$33,$-38,$-6,$49,$-0,$-1,$-1,$46,$96,$-24,$0,$0,$-10,$-126,$-136,$26,$-133,$0,$182,$182,$128,$128,$-36,$-256,$17,$-20,$0,$-36
21,2013-03-31,10.1,$12.46,0.81,$3.51,2.88,$1.74,5.81,$2.19,4.61,$0.20B,$0.16B,1.26,$1.57B,$1.06B,1.47,$0.30B,$0.20B,67.77%,$0.30B,$0.20B,67.44%,$0.30B,$0.20B,67.44%,$0.30B,$0.26B,87.71%,$0.30B,$0.18B,59.47%,$0.30B,$0.18B,59.47%,$0.18B,$1.06B,18.49%,$0.18B,$1.06B,18.49%,$0.18B,$2.89B,6.11%,$0.20B,$2.63B,7.78%,$65,$23,$42,$0,$2,$21,$44,$-11,$32,$0,$32,$32,$32,$60,$44,$85,107,$0.38,$0.33,$121,$3,$56,$197,$1040,$1304,$0,$0,$2692,$2890,$157,$1565,$106,$1671,$1828,$85,$321,$-75,$1062,$2890,$32,$16,$-24,$-8,$52,$-0,$-0,$-6,$45,$68,$23,$0,$0,$0,$0,$0,$48,$70,$0,$122,$122,$0,$0,$0,$-256,$-134,$4,$0,$0
22,2012-12-31,9.53,$11.67,0.82,$3.90,2.45,$1.03,9.22,$2.30,4.14,$0.24B,$0.20B,1.23,$1.67B,$1.00B,1.68,$0.32B,$0.22B,70.00%,$0.32B,$0.21B,64.69%,$0.32B,$0.21B,64.69%,$0.32B,$0.27B,83.44%,$0.32B,$0.19B,58.13%,$0.32B,$0.19B,58.13%,$0.19B,$1.00B,20.12%,$0.19B,$1.00B,20.12%,$0.19B,$2.97B,6.33%,$0.21B,$2.67B,7.97%,$78,$73,$4,$0,$2,$20,$58,$-7,$51,$0,$51,$51,$51,$73,$58,$81,86,$0.61,$0.53,$116,$3,$57,$243,$1041,$1321,$0,$3,$2730,$2973,$198,$1674,$107,$1781,$1978,$85,$289,$-85,$995,$2973,$186,$60,$-97,$-38,$-59,$-0,$1,$-6,$-61,$87,$-67,$0,$0,$-14,$0,$-14,$115,$34,$0,$-59,$-59,$88,$88,$-152,$-32,$-155,$-34,$0,$-152
23,2012-09-30,8.79,$0.00,0.0,$3.95,2.22,$0.97,9.07,$2.08,4.23,$0.22B,$0.25B,0.89,$1.63B,$0.00B,0.0,$0.32B,$0.30B,93.08%,$0.32B,$0.19B,60.06%,$0.32B,$0.19B,60.06%,$0.32B,$0.21B,67.30%,$0.32B,$0.17B,51.89%,$0.32B,$0.17B,51.89%,$0.17B,$0.91B,18.54%,$0.17B,$0.91B,18.54%,$0.17B,$2.90B,5.65%,$0.19B,$2.54B,7.39%,$74,$0,$74,$0,$2,$39,$35,$-1,$35,$0,$35,$35,$35,$50,$35,$79,79,$0.44,$0.44,$107,$0,$73,$221,$1034,$1336,$0,$0,$2681,$2902,$248,$1630,$114,$1744,$1993,$0,$0,$0,$909,$2902,$135,$44,$-64,$-20,$-44,$-1,$-0,$-5,$-46,$68,$-32,$0,$0,$1,$0,$1,$86,$55,$0,$-62,$-62,$1,$1,$-86,$-5,$-151,$-28,$0,$-86
24,2012-06-30,8.54,$0.00,0.0,$3.94,2.17,$-0.57,0.0,$1.99,4.29,$0.24B,$0.23B,1.04,$1.69B,$0.00B,0.0,$0.32B,$0.30B,93.06%,$0.32B,$0.19B,61.20%,$0.32B,$0.19B,61.20%,$0.32B,$0.22B,68.14%,$0.32B,$0.16B,49.53%,$0.32B,$0.16B,49.53%,$0.16B,$0.91B,17.99%,$0.16B,$0.91B,17.99%,$0.16B,$2.94B,5.33%,$0.19B,$2.60B,7.41%,$84,$0,$84,$0,$2,$17,$66,$-5,$61,$0,$61,$61,$61,$81,$66,$79,79,$0.77,$0.77,$140,$0,$74,$244,$1036,$1339,$0,$0,$2700,$2944,$234,$1690,$112,$1802,$2037,$0,$0,$0,$907,$2944,$100,$30,$-45,$-15,$-34,$-1,$0,$-0,$-36,$48,$-32,$0,$0,$1,$0,$1,$58,$27,$0,$-10,$-10,$0,$0,$-55,$-4,$-69,$6,$0,$-55
25,2012-03-31,8.15,$11.19,0.73,$3.82,2.14,$-1.81,0.0,$1.74,4.69,$0.23B,$0.26B,0.86,$1.69B,$0.00B,0.0,$0.31B,$0.29B,92.83%,$0.31B,$0.17B,56.35%,$0.31B,$0.17B,56.35%,$0.31B,$0.19B,62.87%,$0.31B,$0.14B,44.63%,$0.31B,$0.14B,44.63%,$0.14B,$0.89B,15.93%,$0.14B,$0.89B,15.93%,$0.14B,$2.94B,4.63%,$0.17B,$2.58B,6.54%,$84,$22,$62,$0,$2,$36,$48,$-9,$39,$0,$39,$39,$39,$63,$48,$79,84,$0.49,$0.48,$136,$0,$68,$227,$1038,$1386,$0,$0,$2712,$2939,$264,$1692,$95,$1788,$2052,$0,$0,$0,$887,$2939,$39,$15,$-12,$3,$-16,$-1,$-0,$-1,$-12,$30,$-18,$0,$0,$0,$0,$0,$29,$11,$0,$1,$1,$0,$0,$-24,$-2,$-24,$17,$0,$-24
26,2011-12-31,4.86,$10.83,0.45,$3.73,1.3,$-3.03,0.0,$1.66,2.93,$0.19B,$0.17B,1.11,$1.76B,$0.86B,2.05,$0.30B,$0.28B,93.22%,$0.30B,$0.16B,55.25%,$0.30B,$0.16B,55.25%,$0.30B,$0.18B,60.68%,$0.30B,$0.13B,44.07%,$0.30B,$0.13B,44.07%,$0.13B,$0.86B,15.28%,$0.13B,$0.86B,15.28%,$0.13B,$2.90B,4.37%,$0.16B,$2.62B,6.08%,$76,$0,$76,$0,$2,$34,$42,$-12,$30,$0,$30,$30,$30,$20,$42,$79,79,$0.38,$0.38,$118,$1,$60,$193,$897,$1333,$0,$0,$2703,$2896,$174,$1760,$105,$1865,$2039,$79,$255,$-87,$857,$2896,$30,$16,$-64,$4,$30,$-1,$0,$-1,$-1,$32,$-19,$0,$0,$13,$14,$14,$130,$125,$0,$-109,$-109,$0,$0,$-31,$-4,$-144,$14,$0,$-31
27,2011-09-30,6.54,$10.61,0.62,$3.67,1.78,$-3.17,0.0,$1.67,3.91,$0.21B,$0.21B,1.0,$1.84B,$0.00B,0.0,$0.29B,$0.25B,86.21%,$0.29B,$0.19B,64.83%,$0.29B,$0.19B,64.83%,$0.29B,$0.24B,81.72%,$0.29B,$0.13B,45.17%,$0.29B,$0.13B,45.17%,$0.13B,$0.84B,15.53%,$0.13B,$0.84B,15.53%,$0.13B,$3.00B,4.41%,$0.19B,$2.68B,7.03%,$73,$0,$73,$0,$2,$35,$38,$-11,$27,$0,$27,$27,$27,$52,$38,$79,79,$0.35,$0.35,$104,$0,$107,$214,$1007,$1467,$0,$0,$2789,$3004,$214,$1842,$108,$1951,$2164,$0,$0,$0,$839,$3004,$101,$38,$-46,$-8,$26,$-1,$1,$5,$38,$131,$-217,$0,$0,$13,$0,$13,$73,$-131,$0,$122,$122,$0,$0,$-92,$-37,$-6,$-6,$0,$-92
28,2011-06-30,8.82,$10.84,0.81,$3.67,2.4,$-0.99,0.0,$1.76,5.01,$0.21B,$0.19B,1.12,$1.85B,$0.00B,0.0,$0.29B,$0.23B,79.38%,$0.29B,$0.19B,66.67%,$0.29B,$0.19B,66.67%,$0.29B,$0.24B,81.79%,$0.29B,$0.14B,47.77%,$0.29B,$0.14B,47.77%,$0.14B,$0.86B,16.71%,$0.14B,$0.86B,16.71%,$0.14B,$2.99B,4.74%,$0.19B,$2.71B,7.37%,$74,$0,$74,$0,$3,$29,$45,$-3,$41,$0,$41,$41,$41,$58,$45,$79,79,$0.52,$0.52,$105,$0,$105,$214,$975,$1479,$0,$0,$2771,$2986,$191,$1852,$85,$1937,$2128,$0,$0,$0,$858,$2986,$74,$25,$-37,$-12,$25,$-0,$-0,$6,$32,$94,$-175,$0,$0,$20,$0,$20,$34,$-121,$0,$107,$107,$0,$0,$-61,$-17,$29,$2,$0,$-61
29,2011-03-31,9.93,$0.00,0.0,$3.75,2.65,$0.84,11.77,$1.79,5.55,$0.21B,$0.21B,0.99,$1.87B,$0.00B,0.0,$0.30B,$0.22B,73.06%,$0.30B,$0.20B,67.00%,$0.30B,$0.20B,67.00%,$0.30B,$0.24B,80.13%,$0.30B,$0.14B,47.81%,$0.30B,$0.14B,47.81%,$0.14B,$0.85B,17.41%,$0.14B,$0.85B,17.41%,$0.14B,$3.00B,4.88%,$0.20B,$2.72B,7.70%,$72,$20,$52,$0,$3,$34,$38,$-6,$32,$0,$32,$32,$32,$49,$38,$79,79,$0.41,$0.41,$96,$0,$115,$210,$0,$1491,$0,$348,$1856,$3004,$213,$1866,$75,$1942,$2155,$0,$0,$0,$849,$3004,$32,$11,$0,$11,$0,$0,$0,$0,$41,$70,$-156,$0,$0,$0,$0,$39,$-29,$-146,$0,$0,$113,$0,$0,$-30,$-4,$79,$3,$0,$0
30,2010-12-31,10.12,$10.48,0.97,$3.88,2.61,$3.05,3.32,$2.10,4.82,$0.24B,$0.21B,1.13,$1.76B,$0.83B,2.12,$0.31B,$0.23B,73.70%,$0.31B,$0.21B,68.83%,$0.31B,$0.21B,68.83%,$0.31B,$0.25B,80.84%,$0.31B,$0.17B,54.22%,$0.31B,$0.17B,54.22%,$0.17B,$0.83B,20.79%,$0.17B,$0.83B,20.79%,$0.17B,$2.88B,5.74%,$0.21B,$2.59B,8.28%,$71,$21,$51,$0,$-26,$4,$67,$-36,$31,$0,$31,$31,$31,$78,$67,$79,79,$0.39,$0.39,$93,$0,$104,$235,$786,$1519,$0,$2,$2647,$2882,$209,$1760,$85,$1845,$2053,$79,$246,$-89,$829,$2882,$166,$37,$-64,$37,$16,$-0,$0,$1,$15,$154,$-152,$0,$0,$0,$0,$0,$229,$77,$0,$-75,$0,$0,$0,$-117,$-36,$-228,$3,$0,$-117
31,2010-09-30,8.99,$0.00,0.0,$4.01,2.24,$3.02,2.98,$2.51,3.58,$0.22B,$0.24B,0.91,$1.72B,$0.00B,0.0,$0.32B,$0.23B,73.82%,$0.32B,$0.19B,60.25%,$0.32B,$0.19B,60.25%,$0.32B,$0.23B,71.29%,$0.32B,$0.20B,62.46%,$0.32B,$0.20B,62.46%,$0.20B,$0.79B,25.28%,$0.20B,$0.79B,25.28%,$0.20B,$2.86B,6.71%,$0.19B,$2.51B,7.46%,$74,$20,$54,$0,$2,$30,$44,$-9,$35,$0,$35,$35,$35,$53,$44,$79,79,$0.44,$0.44,$72,$0,$148,$221,$0,$1585,$0,$341,$1942,$2859,$242,$1718,$108,$1826,$2068,$0,$0,$0,$791,$2859,$135,$26,$-50,$-24,$0,$0,$0,$29,$29,$140,$-53,$0,$0,$0,$38,$38,$143,$129,$0,$-171,$-171,$0,$0,$-89,$-26,$-285,$-17,$1,$-89
32,2010-06-30,8.12,$0.00,0.0,$4.12,1.97,$5.04,1.61,$2.51,3.23,$0.23B,$0.27B,0.83,$1.73B,$0.00B,0.0,$0.32B,$0.24B,73.68%,$0.32B,$0.19B,59.75%,$0.32B,$0.19B,59.75%,$0.32B,$0.23B,70.59%,$0.32B,$0.20B,60.99%,$0.32B,$0.20B,60.99%,$0.20B,$0.79B,26.11%,$0.20B,$0.79B,26.11%,$0.20B,$2.89B,6.58%,$0.19B,$2.52B,7.47%,$80,$20,$60,$0,$3,$31,$50,$-7,$44,$0,$44,$44,$44,$58,$50,$79,79,$0.55,$0.55,$59,$0,$169,$228,$0,$1982,$0,$3,$2001,$2886,$273,$1725,$94,$1819,$2092,$0,$0,$0,$794,$2886,$101,$18,$0,$18,$0,$0,$0,$0,$35,$103,$-40,$0,$0,$0,$0,$147,$-1,$107,$0,$810,$-966,$0,$0,$-61,$-23,$-240,$-30,$0,$0
33,2010-03-31,7.92,$0.00,0.0,$4.29,1.84,$5.09,1.56,$2.68,2.96,$0.30B,$0.30B,1.0,$1.83B,$0.00B,0.0,$0.33B,$0.24B,73.41%,$0.33B,$0.20B,59.82%,$0.33B,$0.20B,59.82%,$0.33B,$0.23B,70.09%,$0.33B,$0.21B,62.54%,$0.33B,$0.21B,62.54%,$0.21B,$0.80B,28.59%,$0.21B,$0.80B,28.59%,$0.21B,$3.00B,6.74%,$0.20B,$2.63B,7.58%,$83,$21,$62,$0,$3,$32,$51,$6,$57,$0,$57,$57,$57,$60,$51,$79,79,$0.72,$0.72,$108,$0,$192,$299,$0,$2044,$0,$3,$2064,$3004,$301,$1826,$78,$1904,$2205,$0,$0,$0,$799,$3004,$57,$9,$0,$9,$0,$0,$0,$0,$99,$132,$-43,$0,$0,$0,$0,$16,$76,$49,$0,$-104,$0,$0,$0,$-35,$-22,$-161,$19,$0,$0
34,2009-12-31,5.98,$9.47,0.63,$4.58,1.31,$4.81,1.24,$2.55,2.35,$0.27B,$0.38B,0.71,$1.84B,$0.19B,9.89,$0.35B,$0.25B,73.62%,$0.35B,$0.21B,60.87%,$0.35B,$0.21B,60.87%,$0.35B,$0.24B,70.43%,$0.35B,$0.19B,55.94%,$0.35B,$0.19B,55.94%,$0.19B,$0.75B,29.02%,$0.19B,$0.75B,29.02%,$0.19B,$3.06B,6.15%,$0.21B,$2.59B,7.97%,$80,$22,$58,$0,$5,$34,$46,$34,$62,$0,$62,$62,$62,$55,$46,$78,78,$0.80,$0.80,$88,$0,$0,$267,$557,$0,$0,$0,$2793,$3060,$378,$1843,$0,$1843,$2310,$0,$186,$-82,$749,$0,$0,$0,$-100,$-66,$4,$0,$-0,$4,$0,$0,$0,$0,$0,$0,$0,$0,$0,$0,$0,$0,$0,$16,$0,$0,$0,$0,$0,$0,$-76
35,2009-09-30,5.28,$0.00,0.0,$4.86,1.09,$6.79,0.78,$1.79,2.95,$0.28B,$0.33B,0.85,$1.92B,$0.00B,0.0,$0.37B,$0.27B,74.32%,$0.37B,$0.25B,67.76%,$0.37B,$0.25B,67.76%,$0.37B,$0.28B,76.78%,$0.37B,$0.13B,36.61%,$0.37B,$0.13B,36.61%,$0.13B,$0.68B,22.08%,$0.13B,$0.68B,22.08%,$0.13B,$3.02B,4.17%,$0.25B,$2.59B,9.30%,$80,$22,$58,$0,$4,$34,$46,$-30,$34,$0,$34,$34,$34,$55,$46,$77,77,$0.44,$0.44,$98,$0,$181,$279,$0,$2073,$0,$2,$2087,$3024,$329,$1916,$102,$2018,$2348,$0,$0,$0,$676,$3024,$130,$25,$0,$25,$0,$0,$0,$0,$15,$113,$128,$0,$0,$0,$0,$180,$54,$363,$0,$0,$0,$0,$-109,$-65,$-19,$-429,$47,$0,$0
36,2009-06-30,4.63,$0.00,0.0,$5.39,0.86,$3.74,1.24,$2.00,2.32,$0.25B,$0.47B,0.54,$1.96B,$0.00B,0.0,$0.40B,$0.30B,75.75%,$0.40B,$0.28B,70.50%,$0.40B,$0.28B,70.50%,$0.40B,$0.31B,78.50%,$0.40B,$0.15B,36.75%,$0.40B,$0.15B,36.75%,$0.15B,$0.67B,24.22%,$0.15B,$0.67B,24.22%,$0.15B,$3.20B,4.51%,$0.28B,$2.63B,10.26%,$88,$23,$65,$0,$2,$33,$55,$-1,$54,$0,$54,$54,$54,$62,$55,$74,74,$0.72,$0.72,$62,$0,$189,$251,$0,$2269,$0,$2,$2284,$3195,$466,$1961,$97,$2057,$2523,$0,$0,$0,$672,$3195,$96,$16,$0,$16,$0,$0,$0,$0,$11,$82,$-19,$0,$0,$0,$0,$122,$59,$162,$0,$0,$0,$0,$16,$-53,$-19,$-229,$15,$0,$0
37,2009-03-31,2.69,$0.00,0.0,$5.87,0.46,$2.77,0.97,$2.26,1.19,$0.29B,$0.45B,0.65,$2.16B,$0.00B,0.0,$0.43B,$0.33B,77.14%,$0.43B,$0.31B,72.29%,$0.43B,$0.31B,72.29%,$0.43B,$0.35B,80.14%,$0.43B,$0.16B,37.88%,$0.43B,$0.16B,37.88%,$0.16B,$0.56B,27.01%,$0.16B,$0.56B,27.01%,$0.16B,$3.28B,5.10%,$0.31B,$2.72B,11.24%,$97,$24,$73,$0,$3,$34,$63,$-20,$43,$0,$43,$43,$43,$71,$63,$73,73,$0.59,$0.59,$104,$0,$186,$290,$0,$2310,$0,$9,$2333,$3283,$445,$2156,$120,$2275,$2720,$0,$0,$0,$563,$3283,$43,$8,$0,$8,$0,$0,$0,$0,$35,$73,$-11,$0,$0,$0,$0,$58,$6,$52,$0,$0,$-77,$0,$0,$-44,$-0,$-121,$4,$0,$0
38,2008-12-31,4.28,$0.00,0.0,$6.21,0.69,$2.32,1.84,$2.49,1.72,$0.33B,$0.49B,0.67,$2.21B,$0.52B,4.27,$0.46B,$0.36B,78.17%,$0.46B,$0.34B,73.80%,$0.46B,$0.34B,73.80%,$0.46B,$0.37B,80.79%,$0.46B,$0.18B,39.52%,$0.46B,$0.18B,39.52%,$0.18B,$0.52B,29.31%,$0.18B,$0.52B,29.31%,$0.18B,$3.35B,5.76%,$0.34B,$2.73B,12.16%,$101,$25,$76,$0,$-15,$18,$84,$-80,$3,$0,$3,$3,$3,$93,$84,$78,78,$0.04,$0.04,$281,$0,$49,$332,$708,$2346,$0,$0,$3069,$3348,$493,$2210,$128,$2338,$2831,$73,$85,$0,$517,$3348,$182,$32,$14,$32,$-4,$0,$-0,$-11,$-14,$211,$-58,$0,$0,$0,$-104,$-239,$-137,$-434,$0,$326,$0,$0,$0,$-123,$-12,$190,$-32,$0,$-123
39,2008-09-30,7.94,$0.00,0.0,$6.58,1.21,$0.34,23.2,$3.17,2.5,$0.43B,$0.25B,1.76,$2.25B,$0.00B,0.0,$0.48B,$0.40B,84.34%,$0.48B,$0.38B,78.50%,$0.48B,$0.38B,78.50%,$0.48B,$0.40B,83.30%,$0.48B,$0.30B,62.63%,$0.48B,$0.23B,48.02%,$0.23B,$0.68B,47.11%,$0.23B,$0.68B,47.11%,$0.23B,$3.20B,9.98%,$0.38B,$2.92B,17.93%,$114,$25,$89,$0,$2,$34,$80,$-33,$47,$0,$47,$47,$47,$88,$80,$73,73,$0.65,$0.65,$155,$0,$279,$434,$0,$2113,$0,$8,$2137,$3201,$246,$2246,$34,$2280,$2526,$0,$0,$0,$676,$3201,$179,$23,$0,$23,$0,$0,$0,$0,$-49,$134,$-130,$0,$0,$0,$0,$13,$-9,$-126,$0,$0,$156,$0,$0,$-123,$-1,$32,$40,$0,$0
40,2008-06-30,10.66,$0.00,0.0,$6.28,1.7,$-4.68,0.0,$2.80,3.81,$0.38B,$0.21B,1.8,$2.10B,$0.00B,0.0,$0.46B,$0.38B,83.41%,$0.46B,$0.36B,77.73%,$0.46B,$0.36B,77.73%,$0.46B,$0.38B,82.53%,$0.46B,$0.27B,59.83%,$0.46B,$0.20B,44.54%,$0.20B,$0.67B,43.24%,$0.20B,$0.67B,43.24%,$0.20B,$3.02B,9.11%,$0.36B,$2.77B,17.46%,$121,$25,$96,$0,$3,$35,$86,$-15,$71,$0,$71,$71,$71,$95,$86,$73,73,$0.98,$0.98,$121,$0,$263,$384,$0,$1995,$0,$4,$2016,$3019,$213,$2098,$35,$2133,$2346,$0,$0,$0,$673,$3019,$131,$15,$0,$15,$0,$0,$0,$0,$-23,$102,$-112,$0,$0,$0,$0,$117,$-8,$-3,$0,$0,$-8,$0,$-1,$-81,$-1,$-92,$8,$0,$0
41,2008-03-31,9.3,$0.00,0.0,$5.94,1.57,$-6.44,0.0,$2.36,3.94,$0.36B,$0.27B,1.33,$2.09B,$0.00B,0.0,$0.43B,$0.36B,82.26%,$0.43B,$0.34B,77.42%,$0.43B,$0.34B,77.42%,$0.43B,$0.35B,81.57%,$0.43B,$0.24B,55.76%,$0.43B,$0.17B,39.86%,$0.17B,$0.60B,37.43%,$0.17B,$0.60B,37.43%,$0.17B,$3.00B,7.93%,$0.34B,$2.70B,16.97%,$122,$25,$97,$0,$3,$34,$88,$-28,$60,$0,$60,$60,$60,$94,$88,$73,73,$0.82,$0.82,$136,$0,$219,$355,$0,$2029,$0,$2,$2048,$2999,$266,$2093,$36,$2129,$2395,$0,$0,$0,$604,$2999,$60,$6,$0,$6,$0,$0,$0,$0,$57,$84,$-54,$0,$0,$0,$0,$48,$-9,$-15,$0,$0,$-6,$0,$0,$-40,$-1,$-47,$22,$0,$0
42,2007-12-31,9.61,$0.00,0.0,$5.46,1.76,$-5.77,0.0,$2.30,4.18,$0.00B,$0.00B,0.0,$0.00B,$0.00B,0.0,$0.40B,$0.32B,79.45%,$0.40B,$0.30B,75.19%,$0.40B,$0.30B,75.19%,$0.40B,$0.32B,78.95%,$0.40B,$0.24B,59.40%,$0.40B,$0.17B,42.11%,$0.17B,$0.00B,35.86%,$0.17B,$0.00B,35.86%,$0.17B,$0.00B,8.05%,$0.30B,$0.00B,15.78%,$122,$0,$122,$0,$0,$0,$122,$0,$122,$0,$122,$52,$52,$122,$122,$73,73,$0.72,$0.72,$0,$0,$0,$0,$0,$0,$0,$0,$0,$0,$0,$0,$0,$0,$0,$0,$0,$0,$0,$0,$0,$0,$0,$0,$0,$0,$0,$0,$0,$0,$0,$0,$0,$0,$0,$0,$0,$0,$0,$0,$0,$0,$0,$0,$0,$0,$0,$0,$0
43,2007-09-30,8.92,$0.00,0.0,$5.41,1.65,$-5.84,0.0,$2.37,3.76,$0.28B,$0.23B,1.25,$2.08B,$0.00B,0.0,$0.40B,$0.28B,71.65%,$0.40B,$0.26B,65.57%,$0.40B,$0.26B,65.57%,$0.40B,$0.28B,70.38%,$0.40B,$0.17B,43.80%,$0.40B,$0.17B,44.05%,$0.17B,$0.61B,28.12%,$0.17B,$0.61B,28.12%,$0.17B,$2.94B,6.38%,$0.26B,$2.69B,10.39%,$93,$26,$67,$0,$1,$33,$60,$-39,$21,$0,$21,$21,$21,$67,$60,$74,74,$0.28,$0.28,$68,$0,$214,$282,$0,$2009,$0,$22,$2048,$2939,$226,$2077,$25,$2103,$2329,$0,$0,$0,$610,$2939,$115,$15,$0,$15,$0,$0,$0,$0,$88,$161,$-526,$0,$0,$0,$0,$128,$-10,$-408,$0,$0,$352,$0,$0,$-121,$-3,$228,$-19,$0,$0
44,2007-06-30,9.87,$0.00,0.0,$5.81,1.7,$1.70,5.79,$2.72,3.63,$0.31B,$0.25B,1.26,$1.90B,$0.00B,0.0,$0.42B,$0.31B,72.41%,$0.42B,$0.29B,67.22%,$0.42B,$0.29B,67.22%,$0.42B,$0.30B,71.23%,$0.42B,$0.20B,46.70%,$0.42B,$0.20B,46.93%,$0.20B,$0.64B,32.66%,$0.20B,$0.64B,32.66%,$0.20B,$2.79B,7.72%,$0.29B,$2.54B,12.05%,$97,$25,$71,$0,$2,$30,$66,$-27,$39,$0,$39,$40,$40,$71,$66,$73,73,$0.54,$0.54,$111,$0,$197,$308,$0,$2065,$0,$28,$2110,$2785,$245,$1904,$1,$1905,$2150,$0,$0,$0,$635,$2785,$95,$8,$0,$8,$0,$0,$0,$0,$82,$143,$-281,$0,$0,$0,$0,$83,$1,$-197,$0,$0,$171,$0,$0,$-81,$-2,$88,$35,$0,$0
45,2007-03-31,8.96,$0.00,0.0,$5.75,1.56,$5.93,1.51,$2.78,3.22,$0.32B,$0.24B,1.34,$1.75B,$0.00B,0.0,$0.42B,$0.30B,71.05%,$0.42B,$0.28B,65.79%,$0.42B,$0.28B,65.79%,$0.42B,$0.29B,69.62%,$0.42B,$0.20B,48.33%,$0.42B,$0.20B,48.33%,$0.20B,$0.63B,34.19%,$0.20B,$0.63B,34.19%,$0.20B,$2.63B,8.19%,$0.28B,$2.38B,12.08%,$87,$29,$57,$0,$2,$34,$52,$3,$55,$0,$55,$55,$55,$55,$52,$73,73,$0.76,$0.76,$160,$0,$160,$320,$0,$1846,$0,$24,$1887,$2626,$239,$1750,$8,$1758,$1997,$0,$0,$0,$629,$2626,$55,$3,$0,$3,$0,$0,$0,$0,$88,$112,$-33,$0,$1,$0,$0,$39,$-1,$6,$0,$0,$5,$0,$0,$-41,$-1,$-37,$82,$0,$0
46,2006-12-31,7.61,$0.00,0.0,$5.70,1.33,$7.10,1.07,$2.48,3.07,$0.31B,$0.17B,1.77,$1.77B,$0.60B,2.95,$0.42B,$0.30B,71.33%,$0.42B,$0.27B,66.02%,$0.42B,$0.27B,66.02%,$0.42B,$0.29B,70.36%,$0.42B,$0.18B,43.61%,$0.42B,$0.18B,43.61%,$0.18B,$0.60B,31.77%,$0.18B,$0.60B,31.77%,$0.18B,$2.55B,7.55%,$0.27B,$2.37B,12.31%,$118,$31,$88,$0,$4,$37,$81,$-33,$58,$0,$58,$58,$58,$85,$81,$73,73,$0.79,$0.79,$228,$0,$74,$307,$316,$1962,$0,$21,$2316,$2554,$174,$1771,$9,$1779,$1953,$73,$63,$0,$601,$2554,$181,$18,$0,$18,$0,$0,$0,$0,$25,$193,$-199,$0,$-35,$0,$0,$134,$-11,$-111,$0,$0,$122,$0,$-7,$-165,$-1,$-51,$32,$0,$0
