,Date,Stock Price,Book Value per Share,Price to Book Ratio,TTM Sales per Share,Price to Sales Ratio,TTM FCF per Share,Price to FCF Ratio,TTM Net EPS,PE Ratio,Current Assets,Current Liabilities,Current Ratio,Long Term Debt,Shareholder's Equity_x,Debt to Equity Ratio,TTM Revenue_x,TTM Gross Profit,Gross Margin,TTM Revenue_y,TTM Operating Income,Operating Margin,TTM Revenue_x,TTM EBIT,EBIT Margin,TTM Revenue_y,TTM EBITDA,EBITDA Margin,TTM Revenue_x,TTM Pre-Tax Income,Pre-Tax Margin,TTM Revenue_y,TTM Net Income_x,Net Margin,TTM Net Income_y,Shareholder's Equity_y,Return on Equity,TTM Net Income_x,Tangible Equity,Return on Tangible Equity,TTM Net Income_y,Total Assets,Return on Assets,TTM Net Income,LT Investments & Debt,Return on Investment,revenue,cost-goods-sold,gross-profit,research-development-expenses,selling-general-administrative-expenses,operating-expenses,operating-income,total-non-operating-income-expense,pre-tax-income,total-provision-income-taxes,income-after-taxes,income-from-continuous-operations,net-income,ebitda,ebit,basic-shares-outstanding,shares-outstanding,eps-basic-net-earnings-per-share,eps-earnings-per-share-diluted,cash-on-hand,inventory,other-current-assets,total-current-assets,net-property-plant-equipment,long-term-investments,goodwill-intangible-assets-total,other-long-term-assets,total-long-term-assets,total-assets,total-current-liabilities,long-term-debt,other-non-current-liabilities,total-long-term-liabilities,total-liabilities,common-stock-net,retained-earnings-accumulated-deficit,comprehensive-income,total-share-holder-equity,total-liabilities-share-holders-equity,net-income-loss,total-depreciation-amortization-cash-flow,other-non-cash-items,total-non-cash-items,change-in-accounts-receivable,change-in-inventories,change-in-accounts-payable,change-in-assets-liabilities,total-change-in-assets-liabilities,cash-flow-from-operating-activities,net-change-in-property-plant-equipment,net-change-in-intangible-assets,net-acquisitions-divestitures,net-change-in-short-term-investments,net-change-in-long-term-investments,net-change-in-investments-total,investing-activities-other,cash-flow-from-investing-activities,net-long-term-debt,net-current-debt,debt-issuance-retirement-net-total,net-common-equity-issued-repurchased,net-total-equity-issued-repurchased,total-common-preferred-stock-dividends-paid,financial-activities-other,cash-flow-from-financial-activities,net-cash-flow,stock-based-compensation,common-stock-dividends-paid
0,2018-09-30,65.89,$14.53,4.54,$47.87,1.38,$-10.93,0.0,$-0.46,0.0,$0.44B,$0.32B,1.39,$1.09B,$0.49B,2.24,$1.61B,$0.77B,47.82%,$1.61B,$0.04B,2.18%,$1.61B,$0.04B,2.18%,$1.61B,$0.18B,11.21%,$1.61B,$-0.01B,-0.75%,$1.61B,$-0.02B,-1.00%,$-0.02B,$0.49B,-2.99%,$-0.02B,$-0.68B,5.86%,$-0.02B,$2.05B,-0.92%,$0.04B,$1.58B,2.85%,$369,$225,$144,$45,$186,$455,$-87,$-16,$-102,$-29,$-74,$-74,$-74,$-44,$-87,$33,33,$-2.20,$-2.20,$205,$18,$0,$443,$389,$19,$1172,$24,$1603,$2046,$318,$1092,$149,$1241,$1559,$0,$-570,$5,$487,$2046,$-127,$115,$-10,$105,$14,$13,$-68,$-73,$-151,$-173,$-61,$0,$-890,$47,$184,$231,$0,$-720,$549,$0,$549,$20,$20,$0,$0,$569,$-324,$35,$0
1,2018-06-30,90.03,$16.31,5.52,$42.80,2.1,$-7.24,0.0,$0.96,93.78,$0.39B,$0.22B,1.72,$1.09B,$0.54B,2.01,$1.43B,$0.69B,48.04%,$1.43B,$0.09B,6.01%,$1.43B,$0.09B,6.01%,$1.43B,$0.22B,15.15%,$1.43B,$0.05B,3.35%,$1.43B,$0.03B,2.23%,$0.03B,$0.54B,6.07%,$0.03B,$-0.64B,-32.57%,$0.03B,$2.01B,2.16%,$0.09B,$1.64B,9.09%,$443,$233,$210,$44,$186,$466,$-23,$-16,$-39,$-13,$-27,$-27,$-27,$20,$-23,$33,33,$-0.80,$-0.80,$201,$15,$0,$387,$393,$25,$1183,$24,$1624,$2011,$224,$1094,$148,$1242,$1467,$0,$-497,$4,$544,$2011,$-54,$72,$42,$114,$31,$16,$-70,$-43,$-196,$-136,$-38,$0,$-890,$45,$165,$210,$0,$-718,$495,$0,$495,$17,$17,$0,$0,$511,$-343,$23,$0
2,2018-03-31,81.25,$16.77,4.84,$35.69,2.28,$-4.15,0.0,$1.08,75.23,$0.66B,$0.42B,1.58,$0.29B,$0.56B,0.53,$1.20B,$0.57B,47.50%,$1.20B,$0.08B,6.43%,$1.20B,$0.08B,6.43%,$1.20B,$0.20B,16.28%,$1.20B,$0.05B,4.09%,$1.20B,$0.04B,3.01%,$0.04B,$0.56B,6.98%,$0.04B,$0.12B,47.68%,$0.04B,$1.38B,2.91%,$0.08B,$0.85B,11.64%,$200,$126,$74,$39,$69,$234,$-34,$-8,$-42,$-15,$-27,$-27,$-27,$-5,$-34,$33,33,$-0.83,$-0.83,$539,$10,$0,$660,$260,$5,$437,$18,$719,$1379,$417,$292,$115,$406,$824,$0,$-470,$4,$556,$1379,$-27,$29,$16,$45,$28,$1,$-74,$-16,$-142,$-124,$-16,$0,$0,$0,$63,$63,$0,$47,$-5,$0,$-5,$14,$14,$0,$-1,$7,$-71,$12,$0
3,2017-12-31,49.75,$17.05,2.92,$35.27,1.41,$-2.34,0.0,$0.93,53.49,$0.80B,$0.57B,1.4,$0.29B,$0.55B,0.53,$1.19B,$0.57B,47.90%,$1.19B,$0.06B,5.13%,$1.19B,$0.06B,5.13%,$1.19B,$0.18B,15.21%,$1.19B,$0.04B,2.94%,$1.19B,$0.03B,2.52%,$0.03B,$0.55B,5.85%,$0.03B,$0.11B,43.48%,$0.03B,$1.54B,2.60%,$0.06B,$0.84B,9.30%,$594,$254,$340,$43,$117,$415,$179,$-8,$171,$59,$112,$112,$112,$209,$179,$33,34,$3.35,$3.32,$668,$11,$0,$803,$267,$9,$439,$17,$732,$1535,$572,$292,$119,$412,$984,$0,$-447,$2,$551,$1535,$30,$119,$55,$175,$-25,$-1,$32,$6,$35,$240,$-49,$0,$0,$14,$-160,$-146,$0,$-195,$266,$0,$266,$-109,$-109,$0,$0,$157,$201,$44,$0
4,2017-09-30,48.48,$13.93,3.48,$33.81,1.43,$-4.57,0.0,$0.19,255.16,$0.26B,$0.43B,0.6,$0.00B,$0.46B,0.0,$1.16B,$0.56B,48.49%,$1.16B,$0.04B,3.11%,$1.16B,$0.04B,3.11%,$1.16B,$0.16B,13.66%,$1.16B,$0.01B,1.04%,$1.16B,$0.01B,0.78%,$0.01B,$0.46B,1.75%,$0.01B,$0.02B,13.28%,$0.01B,$1.01B,0.84%,$0.04B,$0.46B,5.50%,$195,$131,$64,$40,$57,$231,$-36,$-6,$-42,$-17,$-26,$-26,$-26,$-7,$-36,$33,33,$-0.78,$-0.78,$101,$12,$0,$256,$269,$12,$442,$29,$751,$1007,$429,$0,$122,$122,$550,$0,$-529,$1,$457,$1007,$-82,$90,$36,$126,$-4,$-2,$-36,$-34,$-125,$-81,$-28,$0,$0,$0,$-16,$-16,$0,$-44,$-25,$0,$-25,$-79,$-79,$0,$-5,$-109,$-233,$33,$0
5,2017-06-30,47.5,$15.01,3.17,$33.39,1.42,$-5.03,0.0,$0.11,431.82,$0.29B,$0.41B,0.7,$0.00B,$0.50B,0.0,$1.15B,$0.57B,49.35%,$1.15B,$0.03B,2.61%,$1.15B,$0.03B,2.61%,$1.15B,$0.15B,13.40%,$1.15B,$0.01B,0.61%,$1.15B,$0.01B,0.52%,$0.01B,$0.50B,1.15%,$0.01B,$0.06B,8.66%,$0.01B,$1.02B,0.56%,$0.03B,$0.50B,4.12%,$209,$118,$91,$39,$70,$241,$-32,$-6,$-38,$-15,$-23,$-23,$-23,$-2,$-32,$34,34,$-0.68,$-0.68,$171,$9,$0,$286,$252,$17,$445,$22,$736,$1022,$407,$0,$115,$115,$522,$0,$-474,$-0,$500,$1022,$-56,$61,$26,$87,$27,$1,$-40,$-20,$-90,$-59,$-14,$0,$0,$0,$-21,$-21,$0,$-34,$-21,$0,$-21,$-49,$-49,$0,$0,$-70,$-163,$22,$0
6,2017-03-31,48.29,$16.06,3.01,$33.13,1.46,$-5.99,0.0,$0.31,155.77,$0.31B,$0.12B,2.68,$0.28B,$0.54B,0.52,$1.14B,$0.57B,49.83%,$1.14B,$0.04B,3.58%,$1.14B,$0.04B,3.58%,$1.14B,$0.17B,14.60%,$1.14B,$0.02B,1.57%,$1.14B,$0.01B,1.14%,$0.01B,$0.54B,2.49%,$0.01B,$0.09B,19.33%,$0.01B,$1.05B,1.22%,$0.04B,$0.82B,5.13%,$192,$117,$75,$46,$71,$242,$-50,$-6,$-56,$-22,$-33,$-33,$-33,$-19,$-50,$34,34,$-0.98,$-0.98,$207,$10,$0,$309,$267,$16,$448,$12,$743,$1052,$116,$283,$112,$395,$510,$0,$-421,$-0,$542,$1052,$-33,$31,$22,$53,$24,$1,$-45,$-12,$-92,$-72,$-11,$0,$0,$0,$-20,$-20,$0,$-31,$-4,$0,$-4,$-20,$-20,$0,$0,$-24,$-128,$12,$0
7,2016-12-31,50.18,$16.62,3.02,$32.69,1.54,$-6.45,0.0,$0.44,114.05,$0.43B,$0.22B,1.96,$0.28B,$0.56B,0.5,$1.13B,$0.57B,50.09%,$1.13B,$0.05B,4.32%,$1.13B,$0.05B,4.32%,$1.13B,$0.18B,15.61%,$1.13B,$0.03B,2.38%,$1.13B,$0.02B,1.50%,$0.02B,$0.56B,3.25%,$0.02B,$0.11B,26.46%,$0.02B,$1.20B,1.60%,$0.05B,$0.84B,6.16%,$561,$230,$331,$44,$133,$407,$154,$-6,$148,$57,$91,$91,$91,$186,$154,$34,35,$2.66,$2.64,$316,$12,$0,$433,$284,$14,$452,$12,$763,$1196,$221,$279,$137,$416,$636,$0,$-391,$-0,$559,$1196,$16,$128,$53,$181,$-2,$2,$27,$-19,$-4,$193,$-75,$0,$0,$12,$-1,$11,$0,$-64,$-21,$0,$-21,$-110,$-110,$0,$2,$-129,$0,$46,$0
8,2016-09-30,44.64,$14.09,3.17,$31.65,1.41,$-7.36,0.0,$1.38,32.35,$0.24B,$0.13B,1.87,$0.28B,$0.48B,0.58,$1.12B,$0.56B,49.60%,$1.12B,$0.04B,3.30%,$1.12B,$0.04B,3.30%,$1.12B,$0.17B,14.72%,$1.12B,$0.02B,1.34%,$1.12B,$0.06B,5.08%,$0.06B,$0.48B,10.66%,$0.06B,$0.02B,80.00%,$0.06B,$1.02B,5.35%,$0.04B,$0.75B,4.60%,$187,$118,$70,$43,$68,$229,$-42,$-6,$-47,$-18,$-29,$-29,$-29,$-11,$-42,$34,34,$-0.86,$-0.86,$93,$11,$0,$239,$293,$16,$456,$14,$779,$1018,$128,$275,$138,$413,$541,$0,$-460,$0,$477,$1018,$-75,$96,$39,$135,$10,$2,$-15,$-61,$-130,$-71,$-57,$0,$0,$0,$3,$3,$0,$-54,$-16,$0,$-16,$-89,$-89,$0,$1,$-104,$-229,$33,$0
9,2016-06-30,46.61,$14.99,3.11,$30.73,1.52,$-8.24,0.0,$0.51,91.39,$0.24B,$0.11B,2.2,$0.27B,$0.51B,0.53,$1.10B,$0.55B,49.59%,$1.10B,$0.03B,2.72%,$1.10B,$0.03B,2.72%,$1.10B,$0.16B,14.44%,$1.10B,$0.01B,0.73%,$1.10B,$0.02B,2.09%,$0.02B,$0.51B,4.21%,$0.02B,$0.05B,29.87%,$0.02B,$1.00B,2.14%,$0.03B,$0.78B,3.69%,$204,$110,$94,$41,$74,$225,$-21,$-6,$-27,$-10,$-16,$-16,$-16,$11,$-21,$34,34,$-0.48,$-0.48,$131,$12,$0,$239,$268,$19,$461,$13,$760,$999,$108,$271,$110,$382,$490,$0,$-418,$0,$509,$999,$-46,$65,$17,$81,$26,$2,$-19,$-34,$-101,$-66,$-41,$0,$0,$0,$2,$2,$0,$-39,$-13,$0,$-13,$-77,$-77,$0,$5,$-85,$-190,$21,$0
10,2016-03-31,46.37,$15.86,2.92,$29.67,1.56,$-8.41,0.0,$0.36,128.81,$0.27B,$0.11B,2.51,$0.27B,$0.55B,0.49,$1.08B,$0.54B,49.86%,$1.08B,$0.02B,2.13%,$1.08B,$0.02B,2.13%,$1.08B,$0.15B,13.97%,$1.08B,$0.00B,0.19%,$1.08B,$0.02B,1.39%,$0.02B,$0.55B,2.67%,$0.02B,$0.08B,16.95%,$0.02B,$1.04B,1.37%,$0.02B,$0.81B,2.78%,$182,$109,$73,$38,$77,$224,$-42,$-6,$-47,$-18,$-29,$-29,$-29,$-9,$-42,$35,35,$-0.85,$-0.85,$170,$12,$0,$270,$273,$25,$466,$10,$773,$1043,$108,$268,$122,$389,$497,$0,$-371,$0,$546,$1043,$-29,$33,$13,$45,$25,$1,$-17,$-27,$-99,$-83,$-19,$0,$0,$0,$4,$4,$0,$-15,$-5,$0,$-5,$-47,$-47,$0,$7,$-45,$-143,$10,$0
11,2015-12-31,44.56,$17.43,2.56,$28.63,1.56,$-8.71,0.0,$0.02,2228.0,$0.41B,$0.21B,1.95,$0.26B,$0.61B,0.44,$1.06B,$0.53B,50.14%,$1.06B,$0.02B,1.79%,$1.06B,$0.02B,1.79%,$1.06B,$0.15B,13.69%,$1.06B,$-0.00B,-0.19%,$1.06B,$-0.00B,-0.09%,$-0.00B,$0.61B,-0.17%,$-0.00B,$0.14B,-0.82%,$-0.00B,$1.21B,-0.09%,$0.02B,$0.87B,2.20%,$548,$229,$319,$43,$134,$406,$142,$-6,$136,$5,$131,$131,$131,$174,$142,$37,37,$3.53,$3.53,$312,$13,$0,$412,$282,$29,$471,$11,$793,$1205,$212,$264,$123,$387,$599,$0,$-294,$-0,$606,$1205,$-1,$127,$58,$185,$-24,$-0,$3,$-7,$-19,$165,$-75,$0,$-0,$11,$32,$42,$0,$-33,$-13,$0,$-13,$-251,$-251,$0,$40,$-224,$-92,$60,$0
12,2015-09-30,35.75,$14.71,2.43,$26.29,1.36,$-9.20,0.0,$-1.04,0.0,$0.27B,$0.12B,2.31,$0.26B,$0.52B,0.51,$0.99B,$0.49B,49.50%,$0.99B,$-0.00B,-0.30%,$0.99B,$-0.00B,-0.30%,$0.99B,$0.12B,12.27%,$0.99B,$-0.02B,-2.21%,$0.99B,$-0.03B,-3.22%,$-0.03B,$0.52B,-5.00%,$-0.03B,$0.04B,-20.85%,$-0.03B,$1.05B,-2.74%,$-0.00B,$0.79B,-0.33%,$167,$108,$60,$38,$71,$217,$-49,$-5,$-54,$9,$-63,$-63,$-63,$-17,$-49,$36,36,$-1.73,$-1.73,$134,$12,$0,$269,$286,$9,$477,$12,$784,$1053,$117,$264,$115,$415,$531,$0,$-380,$0,$522,$1053,$-132,$94,$36,$131,$-18,$1,$-14,$-12,$-106,$-108,$-61,$0,$-0,$0,$48,$48,$0,$-13,$-9,$0,$-9,$-206,$-206,$0,$52,$-164,$-284,$50,$0
13,2015-06-30,47.81,$15.51,3.08,$25.37,1.88,$-8.85,0.0,$-0.51,0.0,$0.30B,$0.11B,2.9,$0.26B,$0.58B,0.45,$0.97B,$0.48B,49.95%,$0.97B,$-0.00B,-0.31%,$0.97B,$-0.00B,-0.31%,$0.97B,$0.12B,12.28%,$0.97B,$-0.02B,-2.17%,$0.97B,$-0.02B,-1.55%,$-0.02B,$0.58B,-2.20%,$-0.02B,$0.09B,-7.77%,$-0.02B,$1.09B,-1.26%,$-0.00B,$0.84B,-0.32%,$184,$97,$87,$37,$79,$212,$-28,$-5,$-33,$-9,$-24,$-24,$-24,$3,$-28,$38,38,$-0.63,$-0.63,$190,$10,$0,$303,$279,$10,$483,$12,$786,$1089,$105,$261,$106,$407,$511,$0,$-237,$0,$577,$1089,$-69,$62,$28,$90,$7,$3,$-18,$-21,$-106,$-86,$-38,$0,$0,$0,$28,$28,$0,$-10,$-5,$0,$-5,$-160,$-160,$0,$14,$-151,$-247,$34,$0
14,2015-03-31,45.24,$18.60,2.43,$24.62,1.84,$-8.92,0.0,$-0.58,0.0,$0.42B,$0.11B,3.96,$0.26B,$0.71B,0.37,$0.94B,$0.47B,50.11%,$0.94B,$-0.00B,-0.21%,$0.94B,$-0.00B,-0.21%,$0.94B,$0.12B,12.29%,$0.94B,$-0.02B,-1.91%,$0.94B,$-0.02B,-1.91%,$-0.02B,$0.71B,-2.50%,$-0.02B,$0.22B,-7.93%,$-0.02B,$1.20B,-1.50%,$-0.00B,$0.96B,-0.21%,$160,$95,$65,$37,$74,$206,$-46,$-5,$-51,$-6,$-45,$-45,$-45,$-15,$-46,$38,38,$-1.19,$-1.19,$304,$12,$0,$417,$258,$21,$490,$13,$782,$1199,$105,$258,$88,$389,$495,$0,$-171,$0,$705,$1199,$-45,$31,$20,$50,$11,$1,$-18,$-28,$-113,$-108,$-15,$0,$0,$0,$9,$9,$0,$-6,$-2,$0,$-2,$-44,$-44,$0,$18,$-28,$-142,$18,$0
15,2014-12-31,41.7,$19.99,2.09,$23.96,1.74,$-8.59,0.0,$-0.28,0.0,$0.55B,$0.20B,2.79,$0.26B,$0.76B,0.34,$0.92B,$0.47B,50.92%,$0.92B,$0.00B,0.54%,$0.92B,$0.00B,0.54%,$0.92B,$0.12B,12.81%,$0.92B,$-0.01B,-0.98%,$0.92B,$-0.01B,-0.76%,$-0.01B,$0.76B,-0.95%,$-0.01B,$0.26B,-2.98%,$-0.01B,$1.33B,-0.59%,$0.00B,$1.01B,0.51%,$483,$203,$280,$37,$123,$363,$120,$-4,$116,$16,$100,$100,$100,$151,$120,$38,38,$2.59,$2.59,$445,$13,$0,$549,$242,$30,$497,$14,$783,$1332,$197,$255,$74,$377,$574,$0,$-80,$-0,$758,$1332,$-8,$112,$58,$170,$-9,$-3,$-1,$-5,$4,$166,$-91,$0,$-12,$0,$-94,$-94,$0,$-197,$-3,$0,$-3,$-86,$-86,$0,$1,$-88,$-119,$62,$0
16,2014-09-30,48.74,$17.98,2.71,$21.80,2.24,$-8.80,0.0,$-1.69,0.0,$0.36B,$0.11B,3.35,$0.25B,$0.69B,0.36,$0.85B,$0.44B,51.24%,$0.85B,$-0.01B,-1.18%,$0.85B,$-0.01B,-1.18%,$0.85B,$0.10B,11.43%,$0.85B,$-0.02B,-2.83%,$0.85B,$-0.06B,-7.42%,$-0.06B,$0.69B,-8.50%,$-0.06B,$0.20B,-26.53%,$-0.06B,$1.13B,-5.37%,$-0.01B,$0.95B,-1.01%,$142,$90,$52,$33,$68,$191,$-49,$-4,$-53,$-7,$-46,$-46,$-46,$-20,$-49,$38,38,$-1.20,$-1.20,$249,$16,$0,$362,$209,$52,$491,$15,$767,$1130,$108,$252,$48,$329,$437,$0,$-142,$-0,$693,$1130,$-108,$82,$29,$111,$-4,$-7,$-6,$-17,$-96,$-93,$-72,$0,$0,$0,$-102,$-102,$0,$-173,$-2,$0,$-2,$-47,$-47,$0,$14,$-35,$-301,$44,$0
17,2014-06-30,43.06,$18.99,2.27,$21.35,2.02,$-7.99,0.0,$-0.76,0.0,$0.37B,$0.09B,4.16,$0.25B,$0.73B,0.34,$0.83B,$0.43B,52.29%,$0.83B,$0.00B,0.48%,$0.83B,$0.00B,0.48%,$0.83B,$0.11B,12.65%,$0.83B,$-0.01B,-1.08%,$0.83B,$-0.03B,-3.25%,$-0.03B,$0.73B,-3.60%,$-0.03B,$0.23B,-11.04%,$-0.03B,$1.14B,-2.32%,$0.00B,$0.98B,0.40%,$159,$83,$76,$32,$70,$186,$-27,$-4,$-30,$-3,$-27,$-27,$-27,$0,$-27,$38,38,$-0.70,$-0.70,$280,$9,$0,$366,$190,$61,$499,$20,$770,$1136,$88,$249,$38,$319,$407,$0,$-91,$-0,$729,$1136,$-61,$53,$22,$75,$6,$1,$-20,$-20,$-99,$-85,$-44,$0,$0,$0,$-100,$-100,$0,$-144,$-1,$0,$-1,$-45,$-45,$0,$16,$-30,$-259,$31,$0
18,2014-03-31,42.68,$19.56,2.18,$20.74,2.06,$-7.47,0.0,$-0.37,0.0,$0.43B,$0.09B,4.94,$0.25B,$0.75B,0.33,$0.80B,$0.42B,52.24%,$0.80B,$0.01B,0.87%,$0.80B,$0.01B,0.87%,$0.80B,$0.10B,12.44%,$0.80B,$-0.00B,-0.62%,$0.80B,$-0.01B,-1.49%,$-0.01B,$0.75B,-1.60%,$-0.01B,$0.25B,-4.95%,$-0.01B,$1.16B,-1.04%,$0.01B,$1.00B,0.71%,$137,$76,$61,$31,$68,$176,$-39,$-4,$-42,$-8,$-34,$-34,$-34,$-13,$-39,$39,39,$-0.89,$-0.89,$339,$9,$0,$427,$171,$31,$508,$20,$730,$1158,$87,$246,$34,$318,$404,$0,$-53,$-0,$753,$1158,$-34,$26,$17,$43,$7,$1,$-20,$-27,$-107,$-97,$-14,$0,$0,$0,$-55,$-55,$0,$-69,$-0,$0,$-0,$-33,$-33,$0,$16,$-17,$-184,$16,$0
19,2013-12-31,50.93,$20.63,2.47,$20.33,2.51,$-7.31,0.0,$0.19,268.05,$0.58B,$0.17B,3.5,$0.24B,$0.79B,0.31,$0.78B,$0.41B,52.81%,$0.78B,$0.02B,2.81%,$0.78B,$0.02B,2.81%,$0.78B,$0.11B,13.39%,$0.78B,$0.01B,1.66%,$0.78B,$0.01B,1.28%,$0.01B,$0.79B,1.35%,$0.01B,$0.27B,4.16%,$0.01B,$1.27B,0.94%,$0.02B,$1.03B,2.39%,$411,$165,$246,$31,$111,$306,$105,$-4,$101,$57,$44,$44,$44,$130,$105,$38,39,$1.16,$1.15,$499,$10,$0,$579,$156,$0,$516,$15,$688,$1266,$165,$243,$26,$313,$478,$0,$16,$0,$788,$1266,$9,$83,$53,$136,$-7,$-4,$4,$-7,$2,$147,$-78,$0,$-77,$0,$0,$0,$0,$-155,$228,$0,$228,$30,$30,$0,$4,$262,$254,$54,$0
20,2013-09-30,55.88,$19.22,2.91,$19.33,2.89,$-6.42,0.0,$0.49,114.04,$0.45B,$0.08B,5.48,$0.24B,$0.73B,0.33,$0.73B,$0.38B,52.55%,$0.73B,$0.02B,2.48%,$0.73B,$0.02B,2.48%,$0.73B,$0.09B,12.69%,$0.73B,$0.01B,1.79%,$0.73B,$0.02B,2.62%,$0.02B,$0.73B,2.66%,$0.02B,$0.23B,8.44%,$0.02B,$1.10B,1.96%,$0.02B,$0.97B,2.16%,$123,$71,$51,$28,$58,$157,$-35,$-3,$-38,$-28,$-10,$-10,$-10,$-12,$-35,$38,38,$-0.27,$-0.27,$335,$8,$0,$451,$136,$0,$500,$16,$652,$1103,$82,$241,$21,$291,$373,$0,$-27,$0,$730,$1103,$-34,$57,$30,$87,$-1,$-2,$-11,$-59,$-124,$-71,$-60,$0,$-41,$0,$0,$0,$0,$-102,$228,$0,$228,$30,$30,$0,$5,$263,$90,$38,$0
21,2013-06-30,55.91,$19.34,2.89,$18.81,2.97,$-5.09,0.0,$0.47,118.96,$0.45B,$0.08B,5.88,$0.24B,$0.73B,0.33,$0.70B,$0.37B,53.21%,$0.70B,$0.03B,4.14%,$0.70B,$0.03B,4.14%,$0.70B,$0.09B,13.12%,$0.70B,$0.03B,3.85%,$0.70B,$0.02B,2.71%,$0.02B,$0.73B,2.75%,$0.02B,$0.22B,9.03%,$0.02B,$1.09B,2.17%,$0.03B,$0.97B,3.87%,$133,$72,$62,$26,$59,$157,$-24,$-2,$-26,$-14,$-12,$-12,$-12,$-5,$-24,$38,38,$-0.31,$-0.31,$366,$5,$0,$454,$114,$0,$507,$16,$638,$1091,$77,$238,$16,$286,$363,$0,$-17,$0,$728,$1091,$-24,$35,$22,$57,$-0,$1,$-13,$-38,$-104,$-72,$-35,$0,$-39,$0,$0,$0,$0,$-74,$229,$0,$229,$27,$27,$0,$11,$266,$121,$24,$0
22,2013-03-31,44.17,$18.81,2.35,$18.05,2.45,$-3.96,0.0,$0.51,86.61,$0.23B,$0.06B,3.63,$0.00B,$0.71B,0.0,$0.67B,$0.36B,53.82%,$0.67B,$0.04B,5.25%,$0.67B,$0.04B,5.25%,$0.67B,$0.09B,13.64%,$0.67B,$0.04B,5.25%,$0.67B,$0.02B,3.15%,$0.02B,$0.71B,3.15%,$0.02B,$0.24B,10.54%,$0.02B,$0.82B,2.70%,$0.04B,$0.71B,5.25%,$117,$62,$55,$24,$55,$141,$-24,$-0,$-24,$-12,$-12,$-12,$-12,$-8,$-24,$37,37,$-0.33,$-0.33,$164,$5,$0,$232,$101,$0,$474,$11,$587,$818,$64,$0,$14,$42,$106,$0,$25,$0,$713,$818,$-12,$16,$15,$30,$3,$0,$-14,$-36,$-101,$-84,$-19,$0,$-1,$0,$0,$0,$0,$-20,$0,$0,$0,$10,$10,$0,$12,$22,$-81,$12,$0
23,2012-12-31,29.87,$19.01,1.57,$17.49,1.71,$-2.79,0.0,$0.55,54.31,$0.29B,$0.14B,2.08,$0.00B,$0.69B,0.0,$0.64B,$0.35B,53.82%,$0.64B,$0.04B,6.24%,$0.64B,$0.04B,6.24%,$0.64B,$0.09B,14.04%,$0.64B,$0.04B,6.24%,$0.64B,$0.02B,3.59%,$0.02B,$0.69B,3.56%,$0.02B,$0.21B,12.19%,$0.02B,$0.87B,3.07%,$0.04B,$0.69B,6.20%,$352,$139,$213,$25,$87,$250,$101,$-0,$101,$48,$53,$53,$53,$117,$101,$36,37,$1.49,$1.46,$245,$5,$0,$287,$93,$0,$481,$4,$578,$865,$138,$0,$12,$36,$174,$0,$39,$0,$691,$865,$23,$50,$35,$85,$-1,$-1,$15,$4,$44,$151,$-52,$0,$-57,$0,$0,$0,$0,$-109,$0,$0,$0,$6,$6,$0,$17,$23,$65,$37,$0
24,2012-09-30,31.12,$17.44,1.78,$15.63,1.99,$-4.56,0.0,$0.12,259.33,$0.17B,$0.07B,2.42,$0.00B,$0.63B,0.0,$0.55B,$0.29B,51.90%,$0.55B,$0.01B,2.17%,$0.55B,$0.01B,2.17%,$0.55B,$0.06B,10.13%,$0.55B,$0.01B,2.17%,$0.55B,$0.01B,0.90%,$0.01B,$0.63B,0.80%,$0.01B,$0.17B,2.79%,$0.01B,$0.72B,0.70%,$0.01B,$0.63B,1.92%,$99,$55,$43,$22,$46,$122,$-24,$-0,$-24,$-13,$-10,$-10,$-10,$-12,$-24,$36,36,$-0.29,$-0.29,$90,$6,$0,$169,$85,$0,$459,$5,$554,$723,$70,$0,$11,$22,$92,$0,$-10,$0,$631,$723,$-30,$34,$22,$56,$-2,$-2,$4,$-41,$-68,$-42,$-36,$0,$-36,$0,$0,$0,$0,$-71,$0,$0,$0,$9,$9,$0,$15,$23,$-90,$28,$0
25,2012-06-30,30.69,$17.58,1.75,$15.11,2.03,$-4.82,0.0,$0.12,255.75,$0.18B,$0.06B,3.01,$0.00B,$0.63B,0.0,$0.53B,$0.28B,52.54%,$0.53B,$0.01B,2.45%,$0.53B,$0.01B,2.45%,$0.53B,$0.06B,10.36%,$0.53B,$0.01B,2.45%,$0.53B,$0.01B,0.94%,$0.01B,$0.63B,0.82%,$0.01B,$0.18B,2.96%,$0.01B,$0.71B,0.73%,$0.01B,$0.63B,2.13%,$99,$51,$48,$21,$45,$117,$-18,$-0,$-18,$-8,$-10,$-10,$-10,$-6,$-18,$36,36,$-0.27,$-0.27,$118,$4,$0,$177,$66,$0,$457,$5,$532,$709,$59,$0,$6,$18,$77,$0,$0,$0,$632,$709,$-20,$22,$16,$38,$2,$-0,$3,$-29,$-57,$-39,$-22,$0,$-24,$0,$0,$0,$0,$-46,$0,$0,$0,$7,$7,$0,$16,$23,$-62,$19,$0
26,2012-03-31,31.33,$17.63,1.78,$14.63,2.14,$-5.29,0.0,$0.28,111.89,$0.20B,$0.05B,3.8,$0.00B,$0.63B,0.0,$0.51B,$0.27B,52.56%,$0.51B,$0.01B,1.77%,$0.51B,$0.01B,1.77%,$0.51B,$0.05B,9.65%,$0.51B,$0.01B,1.77%,$0.51B,$0.01B,2.17%,$0.01B,$0.63B,1.85%,$0.01B,$0.20B,7.09%,$0.01B,$0.70B,1.64%,$0.01B,$0.63B,1.52%,$91,$50,$41,$19,$42,$110,$-19,$-0,$-19,$-9,$-10,$-10,$-10,$-9,$-19,$35,35,$-0.29,$-0.29,$144,$4,$0,$199,$58,$0,$432,$7,$501,$699,$52,$0,$6,$19,$71,$0,$10,$0,$628,$699,$-10,$10,$8,$18,$-0,$0,$-2,$-25,$-56,$-48,$-8,$0,$0,$0,$0,$0,$0,$-8,$0,$0,$0,$3,$3,$0,$16,$20,$-36,$10,$0
27,2011-12-31,22.76,$17.48,1.3,$14.03,1.62,$-5.76,0.0,$0.30,75.87,$0.21B,$0.08B,2.61,$0.00B,$0.61B,0.0,$0.47B,$0.25B,53.59%,$0.47B,$0.02B,3.16%,$0.47B,$0.02B,3.16%,$0.47B,$0.05B,10.76%,$0.47B,$0.02B,3.16%,$0.47B,$0.01B,2.74%,$0.01B,$0.61B,2.56%,$0.01B,$0.17B,7.45%,$0.01B,$0.71B,2.26%,$0.02B,$0.61B,2.95%,$264,$108,$155,$17,$65,$191,$73,$-0,$73,$37,$35,$35,$35,$83,$73,$33,35,$1.10,$1.07,$180,$4,$0,$211,$54,$0,$435,$5,$499,$710,$81,$0,$6,$20,$101,$0,$20,$0,$609,$710,$14,$34,$28,$62,$-7,$1,$-16,$-2,$-13,$63,$-33,$0,$-134,$0,$0,$0,$0,$-166,$-0,$0,$-0,$22,$22,$0,$8,$31,$-72,$34,$0
28,2011-09-30,41.18,$16.44,2.5,$12.18,3.38,$-4.69,0.0,$0.42,98.05,$0.14B,$0.05B,3.0,$0.00B,$0.57B,0.0,$0.38B,$0.20B,53.46%,$0.38B,$-0.01B,-2.13%,$0.38B,$-0.01B,-2.13%,$0.38B,$0.02B,6.38%,$0.38B,$-0.01B,-1.86%,$0.38B,$0.01B,2.93%,$0.01B,$0.57B,2.59%,$0.01B,$0.13B,5.66%,$0.01B,$0.64B,2.27%,$-0.01B,$0.57B,-1.89%,$77,$42,$35,$18,$39,$99,$-23,$0,$-23,$-13,$-10,$-10,$-10,$-13,$-23,$35,35,$-0.29,$-0.29,$69,$3,$0,$138,$53,$0,$441,$5,$499,$637,$46,$0,$5,$21,$67,$0,$-15,$0,$570,$637,$-21,$25,$25,$50,$-3,$1,$-16,$-47,$-88,$-60,$-24,$0,$-134,$0,$0,$0,$0,$-158,$-0,$0,$-0,$22,$22,$0,$12,$34,$-184,$27,$0
29,2011-06-30,57.42,$16.45,3.49,$11.76,4.88,$-3.52,0.0,$0.54,106.33,$0.13B,$0.04B,3.31,$0.00B,$0.57B,0.0,$0.35B,$0.19B,54.60%,$0.35B,$0.01B,2.01%,$0.35B,$0.01B,2.01%,$0.35B,$0.04B,10.06%,$0.35B,$0.01B,2.30%,$0.35B,$0.02B,4.60%,$0.02B,$0.57B,4.73%,$0.02B,$0.12B,7.42%,$0.02B,$0.63B,4.10%,$0.01B,$0.57B,2.07%,$76,$40,$36,$17,$40,$97,$-22,$0,$-22,$-18,$-4,$-4,$-4,$-12,$-22,$33,33,$-0.11,$-0.11,$76,$3,$0,$132,$47,$0,$445,$5,$497,$629,$40,$0,$5,$23,$63,$0,$-6,$0,$566,$629,$-11,$15,$17,$32,$0,$1,$-21,$-39,$-79,$-58,$-14,$0,$-134,$0,$0,$0,$0,$-148,$-0,$0,$-0,$18,$18,$0,$12,$30,$-176,$17,$0
30,2011-03-31,52.36,$9.90,5.29,$11.21,4.67,$-2.60,0.0,$0.43,121.77,$0.25B,$0.04B,7.28,$0.00B,$0.29B,0.0,$0.32B,$0.18B,55.80%,$0.32B,$0.02B,5.96%,$0.32B,$0.02B,5.96%,$0.32B,$0.04B,13.79%,$0.32B,$0.02B,6.27%,$0.32B,$0.01B,4.39%,$0.01B,$0.29B,5.54%,$0.01B,$0.27B,5.88%,$0.01B,$0.33B,4.71%,$0.02B,$0.29B,7.52%,$57,$30,$28,$13,$28,$70,$-13,$0,$-13,$-5,$-8,$-8,$-8,$-7,$-13,$29,29,$-0.27,$-0.27,$216,$3,$0,$253,$42,$0,$17,$5,$75,$328,$35,$0,$3,$3,$38,$0,$-2,$0,$290,$328,$-8,$6,$5,$11,$1,$1,$-15,$-20,$-56,$-53,$-6,$0,$-0,$0,$0,$0,$0,$-6,$0,$0,$0,$7,$7,$0,$16,$23,$-36,$5,$0
31,2010-12-31,34.89,$9.64,3.62,$10.96,3.18,$-1.78,0.0,$0.52,67.1,$0.27B,$0.07B,3.83,$0.00B,$0.27B,0.0,$0.31B,$0.17B,56.17%,$0.31B,$0.02B,7.79%,$0.31B,$0.02B,7.79%,$0.31B,$0.05B,16.23%,$0.31B,$0.03B,8.12%,$0.31B,$0.02B,5.52%,$0.02B,$0.27B,7.20%,$0.02B,$0.25B,7.65%,$0.02B,$0.34B,6.12%,$0.02B,$0.27B,10.17%,$166,$64,$102,$12,$40,$116,$50,$0,$51,$18,$33,$33,$33,$56,$50,$27,29,$1.20,$1.16,$252,$4,$0,$271,$40,$0,$17,$5,$73,$344,$71,$0,$3,$3,$74,$0,$6,$0,$270,$344,$17,$26,$18,$44,$1,$-1,$9,$0,$15,$76,$-19,$0,$-6,$0,$48,$48,$0,$23,$-0,$0,$-0,$15,$15,$0,$6,$21,$119,$16,$0
32,2010-09-30,26.0,$8.25,3.15,$10.16,2.56,$-2.37,0.0,$0.31,83.87,$0.19B,$0.03B,5.76,$0.00B,$0.23B,0.0,$0.27B,$0.15B,55.68%,$0.27B,$0.01B,4.03%,$0.27B,$0.01B,4.03%,$0.27B,$0.04B,13.55%,$0.27B,$0.01B,4.03%,$0.27B,$0.01B,2.93%,$0.01B,$0.23B,3.60%,$0.01B,$0.21B,3.82%,$0.01B,$0.26B,3.08%,$0.01B,$0.23B,4.95%,$49,$25,$24,$12,$20,$57,$-8,$0,$-8,$-3,$-5,$-5,$-5,$-2,$-8,$27,27,$-0.17,$-0.17,$161,$3,$0,$188,$39,$0,$12,$5,$73,$261,$33,$0,$3,$3,$36,$0,$-27,$0,$226,$261,$-15,$20,$8,$29,$3,$-0,$-5,$-12,$-31,$-18,$-16,$0,$-0,$0,$48,$48,$0,$32,$-0,$0,$-0,$9,$9,$0,$5,$14,$28,$12,$0
33,2010-06-30,23.96,$8.26,2.9,$9.96,2.41,$-2.29,0.0,$0.23,104.17,$0.18B,$0.03B,6.37,$0.00B,$0.23B,0.0,$0.26B,$0.15B,55.68%,$0.26B,$0.01B,3.79%,$0.26B,$0.01B,3.79%,$0.26B,$0.04B,14.02%,$0.26B,$0.01B,3.79%,$0.26B,$0.01B,2.65%,$0.01B,$0.23B,3.32%,$0.01B,$0.21B,3.54%,$0.01B,$0.26B,2.84%,$0.01B,$0.23B,4.74%,$47,$23,$24,$12,$21,$57,$-10,$0,$-10,$-4,$-6,$-6,$-6,$-3,$-10,$27,27,$-0.22,$-0.22,$159,$2,$0,$180,$41,$0,$12,$5,$76,$255,$28,$0,$3,$3,$31,$0,$-22,$0,$225,$255,$-11,$14,$5,$19,$3,$0,$-7,$-8,$-31,$-23,$-11,$0,$0,$0,$22,$22,$0,$11,$-0,$0,$-0,$8,$8,$0,$4,$12,$-0,$8,$0
34,2010-03-31,24.09,$8.32,2.89,$9.76,2.47,$-2.00,0.0,$0.23,104.74,$0.18B,$0.03B,6.36,$0.00B,$0.22B,0.0,$0.26B,$0.14B,55.47%,$0.26B,$0.01B,4.30%,$0.26B,$0.01B,4.30%,$0.26B,$0.04B,14.45%,$0.26B,$0.01B,4.30%,$0.26B,$0.01B,2.73%,$0.01B,$0.22B,3.50%,$0.01B,$0.21B,3.75%,$0.01B,$0.25B,2.98%,$0.01B,$0.22B,5.50%,$46,$23,$23,$12,$19,$54,$-8,$0,$-8,$-3,$-5,$-5,$-5,$-1,$-8,$26,26,$-0.18,$-0.18,$157,$3,$0,$176,$42,$0,$13,$5,$76,$252,$28,$0,$2,$2,$29,$0,$-16,$0,$223,$252,$-5,$7,$3,$10,$1,$0,$-9,$-6,$-33,$-28,$-4,$0,$0,$0,$0,$0,$0,$-4,$-0,$0,$-0,$6,$6,$0,$3,$8,$-24,$4,$0
35,2009-12-31,17.81,$8.30,2.14,$9.45,1.89,$-1.65,0.0,$0.16,111.31,$0.20B,$0.06B,3.59,$0.00B,$0.22B,0.0,$0.25B,$0.14B,54.88%,$0.25B,$0.01B,4.07%,$0.25B,$0.01B,4.07%,$0.25B,$0.04B,14.23%,$0.25B,$0.01B,4.07%,$0.25B,$0.01B,2.44%,$0.01B,$0.22B,3.16%,$0.01B,$0.20B,3.40%,$0.01B,$0.27B,2.67%,$0.01B,$0.22B,5.26%,$131,$50,$81,$13,$31,$94,$37,$0,$37,$13,$24,$24,$24,$43,$37,$25,27,$0.95,$0.94,$181,$3,$0,$196,$42,$0,$13,$5,$75,$271,$55,$0,$2,$2,$56,$0,$-11,$0,$215,$271,$6,$27,$13,$41,$1,$1,$2,$-4,$7,$54,$-18,$0,$-1,$0,$4,$4,$0,$-14,$-0,$0,$-0,$2,$2,$0,$3,$5,$45,$14,$0
36,2009-09-30,16.63,$7.04,2.36,$8.74,1.9,$-2.06,0.0,$-0.13,0.0,$0.14B,$0.03B,5.08,$0.00B,$0.18B,0.0,$0.22B,$0.12B,53.36%,$0.22B,$0.00B,0.45%,$0.22B,$0.00B,0.45%,$0.22B,$0.03B,12.11%,$0.22B,$0.00B,0.45%,$0.22B,$-0.00B,-1.79%,$-0.00B,$0.18B,-2.19%,$-0.00B,$0.17B,-2.37%,$-0.00B,$0.21B,-1.86%,$0.00B,$0.18B,0.55%,$40,$21,$19,$11,$17,$50,$-9,$0,$-9,$-3,$-6,$-6,$-6,$-2,$-9,$26,26,$-0.25,$-0.25,$112,$3,$0,$135,$43,$0,$14,$5,$74,$209,$27,$0,$2,$2,$28,$0,$-35,$0,$181,$209,$-18,$20,$11,$31,$2,$0,$-5,$-14,$-31,$-18,$-11,$0,$-1,$0,$4,$4,$0,$-8,$-0,$0,$-0,$1,$1,$0,$0,$1,$-25,$10,$0
37,2009-06-30,13.95,$7.11,1.96,$8.58,1.63,$-1.84,0.0,$0.01,0.0,$0.08B,$0.03B,3.04,$0.00B,$0.18B,0.0,$0.22B,$0.12B,53.88%,$0.22B,$0.00B,0.46%,$0.22B,$0.00B,0.46%,$0.22B,$0.03B,11.87%,$0.22B,$0.00B,0.46%,$0.22B,$-0.00B,-0.46%,$-0.00B,$0.18B,-0.56%,$-0.00B,$0.17B,-0.61%,$-0.00B,$0.21B,-0.47%,$0.00B,$0.18B,0.56%,$39,$20,$19,$11,$17,$48,$-9,$0,$-9,$-3,$-6,$-6,$-6,$-3,$-9,$25,25,$-0.22,$-0.22,$64,$3,$0,$82,$44,$52,$14,$5,$127,$209,$27,$0,$1,$1,$28,$0,$-28,$0,$181,$209,$-12,$13,$5,$19,$3,$1,$-7,$-9,$-23,$-16,$-8,$0,$0,$0,$0,$0,$0,$-8,$-0,$0,$-0,$-0,$-0,$0,$0,$-0,$-25,$6,$0
38,2009-03-31,9.37,$7.28,1.29,$8.46,1.11,$-1.81,0.0,$0.07,133.86,$0.08B,$0.02B,3.39,$0.00B,$0.18B,0.0,$0.22B,$0.12B,54.42%,$0.22B,$0.00B,0.93%,$0.22B,$0.00B,0.93%,$0.22B,$0.03B,12.56%,$0.22B,$0.00B,1.40%,$0.22B,$0.00B,0.47%,$0.00B,$0.18B,0.57%,$0.00B,$0.17B,0.62%,$0.00B,$0.21B,0.48%,$0.00B,$0.18B,1.14%,$36,$20,$16,$11,$15,$45,$-9,$0,$-9,$-3,$-6,$-6,$-6,$-3,$-9,$25,25,$-0.25,$-0.25,$66,$3,$0,$83,$47,$52,$14,$3,$126,$209,$24,$0,$1,$1,$26,$0,$-22,$0,$183,$209,$-6,$7,$5,$11,$3,$0,$-8,$-5,$-25,$-19,$-3,$0,$0,$0,$0,$0,$0,$-3,$-0,$0,$-0,$0,$0,$0,$0,$-0,$-22,$3,$0
39,2008-12-31,6.99,$7.43,0.94,$8.40,0.83,$-1.76,0.0,$0.17,41.12,$0.10B,$0.05B,2.28,$0.00B,$0.19B,0.0,$0.21B,$0.12B,54.93%,$0.21B,$0.00B,1.41%,$0.21B,$0.00B,1.41%,$0.21B,$0.03B,12.68%,$0.21B,$0.01B,2.35%,$0.21B,$0.00B,1.41%,$0.00B,$0.19B,1.75%,$0.00B,$0.17B,1.91%,$0.00B,$0.23B,1.49%,$0.00B,$0.19B,1.75%,$108,$42,$65,$11,$26,$80,$28,$0,$28,$14,$14,$14,$14,$35,$28,$25,26,$0.57,$0.56,$88,$4,$0,$104,$48,$52,$15,$2,$130,$233,$45,$0,$1,$1,$46,$0,$-17,$0,$187,$233,$4,$26,$9,$35,$-2,$1,$2,$0,$8,$47,$-23,$0,$-10,$3,$-52,$-49,$0,$-82,$-1,$0,$-1,$1,$1,$0,$1,$1,$-34,$10,$0
40,2008-09-30,9.61,$6.61,1.45,$7.94,1.21,$-2.42,0.0,$0.21,45.76,$0.06B,$0.03B,1.96,$0.00B,$0.17B,0.0,$0.20B,$0.11B,54.68%,$0.20B,$0.00B,0.49%,$0.20B,$0.00B,0.49%,$0.20B,$0.02B,11.33%,$0.20B,$0.00B,1.97%,$0.20B,$0.01B,2.46%,$0.01B,$0.17B,2.98%,$0.01B,$0.15B,3.22%,$0.01B,$0.20B,2.55%,$0.00B,$0.17B,0.60%,$36,$18,$18,$10,$17,$45,$-9,$0,$-9,$-6,$-3,$-3,$-3,$-3,$-9,$25,25,$-0.11,$-0.11,$41,$3,$0,$56,$52,$47,$15,$2,$139,$195,$28,$0,$1,$1,$29,$0,$-31,$-3,$166,$195,$-11,$19,$-3,$16,$1,$2,$-3,$-3,$-9,$-3,$-20,$0,$-10,$3,$-52,$-49,$0,$-79,$-0,$0,$-0,$1,$1,$0,$0,$1,$-82,$7,$0
41,2008-06-30,12.21,$6.64,1.84,$7.84,1.56,$-2.45,0.0,$0.18,67.83,$0.06B,$0.02B,2.43,$0.00B,$0.17B,0.0,$0.20B,$0.11B,54.00%,$0.20B,$0.00B,1.50%,$0.20B,$0.00B,1.50%,$0.20B,$0.02B,12.00%,$0.20B,$0.01B,4.00%,$0.20B,$0.01B,2.50%,$0.01B,$0.17B,3.05%,$0.01B,$0.15B,3.24%,$0.01B,$0.19B,2.59%,$0.00B,$0.17B,1.83%,$35,$17,$18,$10,$16,$43,$-8,$1,$-7,$-3,$-4,$-4,$-4,$-2,$-8,$25,25,$-0.16,$-0.16,$41,$4,$0,$55,$52,$49,$15,$2,$135,$190,$23,$0,$1,$1,$24,$0,$-28,$-2,$166,$190,$-8,$12,$-2,$11,$1,$1,$-6,$-0,$-12,$-9,$-14,$0,$-10,$3,$-52,$-49,$0,$-73,$-0,$0,$-0,$1,$1,$0,$0,$1,$-82,$4,$0
42,2008-03-31,14.87,$6.72,2.21,$7.66,1.94,$-2.09,0.0,$0.24,61.96,$0.06B,$0.02B,2.71,$0.00B,$0.17B,0.0,$0.20B,$0.11B,53.85%,$0.20B,$0.00B,2.56%,$0.20B,$0.00B,2.56%,$0.20B,$0.02B,12.31%,$0.20B,$0.01B,5.64%,$0.20B,$0.01B,3.59%,$0.01B,$0.17B,4.37%,$0.01B,$0.15B,4.55%,$0.01B,$0.19B,3.68%,$0.00B,$0.17B,3.12%,$34,$18,$16,$9,$16,$43,$-8,$1,$-7,$-3,$-4,$-4,$-4,$-3,$-8,$25,25,$-0.15,$-0.15,$43,$4,$0,$56,$52,$50,$16,$2,$134,$190,$21,$0,$1,$1,$22,$0,$-24,$-2,$168,$190,$-4,$6,$-1,$5,$2,$1,$-6,$0,$-13,$-12,$-9,$0,$-10,$3,$-52,$-49,$0,$-68,$-0,$0,$-0,$1,$1,$0,$0,$0,$-80,$2,$0
43,2007-12-31,25.62,$6.88,3.73,$7.40,3.46,$-1.61,0.0,$0.35,73.2,$0.14B,$0.04B,3.81,$0.00B,$0.17B,0.0,$0.19B,$0.10B,54.79%,$0.19B,$0.01B,5.32%,$0.19B,$0.01B,5.32%,$0.19B,$0.03B,14.89%,$0.19B,$0.02B,8.51%,$0.19B,$0.01B,5.32%,$0.01B,$0.17B,6.41%,$0.01B,$0.17B,6.54%,$0.01B,$0.21B,5.39%,$0.01B,$0.17B,6.39%,$98,$39,$59,$9,$24,$72,$26,$1,$27,$11,$16,$16,$16,$31,$26,$24,26,$0.67,$0.64,$126,$5,$0,$141,$48,$0,$4,$2,$68,$209,$37,$0,$1,$1,$38,$0,$-20,$-0,$171,$209,$10,$18,$11,$28,$-2,$-2,$-1,$-1,$4,$42,$-35,$0,$-3,$-3,$0,$-3,$0,$-41,$-3,$0,$-3,$5,$5,$0,$0,$2,$4,$5,$0
44,2007-09-30,31.91,$6.14,5.2,$10.05,3.18,$-1.61,0.0,$0.22,145.05,$0.11B,$0.03B,3.31,$0.00B,$0.15B,0.0,$0.16B,$0.08B,53.85%,$0.16B,$0.00B,1.92%,$0.16B,$0.00B,1.92%,$0.16B,$0.02B,12.82%,$0.16B,$0.01B,5.77%,$0.16B,$0.01B,3.85%,$0.01B,$0.15B,3.97%,$0.01B,$0.15B,4.03%,$0.01B,$0.18B,3.37%,$0.00B,$0.15B,1.97%,$33,$17,$15,$8,$14,$39,$-7,$1,$-5,$-2,$-3,$-3,$-3,$-2,$-7,$24,24,$-0.14,$-0.14,$95,$3,$0,$105,$50,$0,$4,$2,$79,$184,$32,$1,$1,$2,$33,$0,$-37,$-0,$151,$184,$-7,$12,$-2,$11,$0,$-1,$-2,$-2,$3,$8,$-31,$0,$-3,$-3,$0,$-3,$0,$-37,$-2,$0,$-2,$3,$3,$0,$0,$2,$-27,$3,$0
45,2007-06-30,21.55,$6.23,3.46,$14.07,1.53,$-5.30,0.0,$-0.34,0.0,$0.11B,$0.03B,4.56,$0.00B,$0.15B,0.0,$0.14B,$0.08B,54.86%,$0.14B,$0.01B,3.47%,$0.14B,$0.01B,3.47%,$0.14B,$0.02B,13.89%,$0.14B,$0.01B,6.25%,$0.14B,$0.01B,4.17%,$0.01B,$0.15B,4.69%,$0.01B,$0.15B,4.74%,$0.01B,$0.18B,3.90%,$0.01B,$0.15B,3.86%,$30,$15,$15,$7,$14,$35,$-6,$1,$-4,$-2,$-2,$-2,$-2,$-2,$-6,$24,24,$-0.10,$-0.10,$104,$2,$0,$113,$40,$0,$3,$1,$65,$178,$25,$1,$1,$2,$26,$0,$-34,$-0,$151,$178,$-4,$8,$-1,$6,$0,$0,$-6,$0,$-1,$2,$-16,$0,$-2,$0,$0,$0,$0,$-18,$-1,$0,$-1,$2,$2,$0,$0,$0,$-15,$2,$0
