,Date,Stock Price,Book Value per Share,Price to Book Ratio,TTM Sales per Share,Price to Sales Ratio,TTM FCF per Share,Price to FCF Ratio,TTM Net EPS,PE Ratio,Current Assets,Current Liabilities,Current Ratio,Long Term Debt,Shareholder's Equity_x,Debt to Equity Ratio,TTM Revenue_x,TTM Gross Profit,Gross Margin,TTM Revenue_y,TTM Operating Income,Operating Margin,TTM Revenue_x,TTM EBIT,EBIT Margin,TTM Revenue_y,TTM EBITDA,EBITDA Margin,TTM Revenue_x,TTM Pre-Tax Income,Pre-Tax Margin,TTM Revenue_y,TTM Net Income_x,Net Margin,TTM Net Income_y,Shareholder's Equity_y,Return on Equity,TTM Net Income_x,Tangible Equity,Return on Tangible Equity,TTM Net Income_y,Total Assets,Return on Assets,TTM Net Income,LT Investments & Debt,Return on Investment,revenue,cost-goods-sold,gross-profit,research-development-expenses,selling-general-administrative-expenses,operating-expenses,operating-income,total-non-operating-income-expense,pre-tax-income,total-provision-income-taxes,income-after-taxes,income-from-continuous-operations,net-income,ebitda,ebit,basic-shares-outstanding,shares-outstanding,eps-basic-net-earnings-per-share,eps-earnings-per-share-diluted,cash-on-hand,inventory,other-current-assets,total-current-assets,net-property-plant-equipment,long-term-investments,goodwill-intangible-assets-total,other-long-term-assets,total-long-term-assets,total-assets,total-current-liabilities,long-term-debt,other-non-current-liabilities,total-long-term-liabilities,total-liabilities,common-stock-net,retained-earnings-accumulated-deficit,comprehensive-income,total-share-holder-equity,total-liabilities-share-holders-equity,net-income-loss,total-depreciation-amortization-cash-flow,other-non-cash-items,total-non-cash-items,change-in-accounts-receivable,change-in-inventories,change-in-accounts-payable,change-in-assets-liabilities,total-change-in-assets-liabilities,cash-flow-from-operating-activities,net-change-in-property-plant-equipment,net-change-in-intangible-assets,net-acquisitions-divestitures,net-change-in-short-term-investments,net-change-in-long-term-investments,net-change-in-investments-total,investing-activities-other,cash-flow-from-investing-activities,net-long-term-debt,net-current-debt,debt-issuance-retirement-net-total,net-common-equity-issued-repurchased,net-total-equity-issued-repurchased,total-common-preferred-stock-dividends-paid,financial-activities-other,cash-flow-from-financial-activities,net-cash-flow,stock-based-compensation,common-stock-dividends-paid
0,2018-09-30,29.45,$23.66,1.24,$9.20,3.2,$4.54,6.49,$1.94,15.22,$12.42B,$12.30B,1.01,$1.79B,$2.18B,0.82,$0.79B,$0.69B,86.78%,$0.79B,$0.26B,33.12%,$0.79B,0,0.00%,$0.79B,0,0.00%,$0.79B,$0.24B,30.60%,$0.79B,$0.18B,22.54%,$0.18B,$2.18B,8.40%,$0.18B,$1.24B,15.08%,$0.18B,$16.28B,1.13%,$0.26B,$3.98B,6.87%,$213,$36,$177,$0,$110,$146,$67,$-1,$66,$11,$55,$55,$55,$0,$0,$92,93,$0.60,$0.59,$518,$0,$0,$12420,$287,$2321,$940,$313,$3861,$16281,$12304,$1794,$0,$1794,$14098,$1,$633,$-48,$2183,$16281,$160,$-21,$45,$24,$-32,$0,$24,$-28,$-32,$152,$-17,$0,$-58,$0,$-384,$-384,$-992,$-1452,$231,$28,$259,$3,$3,$-42,$996,$1216,$-84,$8,$-42
1,2018-06-30,29.9,$23.26,1.29,$8.82,3.39,$4.36,6.85,$1.79,16.7,$12.35B,$12.15B,1.02,$1.87B,$2.15B,0.87,$0.71B,$0.63B,88.94%,$0.71B,$0.24B,34.04%,$0.71B,0,0.00%,$0.71B,0,0.00%,$0.71B,$0.22B,31.35%,$0.71B,$0.15B,21.70%,$0.15B,$2.15B,8.05%,$0.15B,$1.21B,14.13%,$0.15B,$16.17B,1.09%,$0.24B,$4.01B,7.28%,$204,$29,$175,$0,$106,$136,$69,$-1,$67,$14,$54,$54,$54,$0,$0,$92,93,$0.58,$0.58,$947,$0,$0,$12345,$289,$2272,$942,$317,$3820,$16166,$12152,$1865,$2,$1867,$14019,$1,$592,$-40,$2147,$16166,$105,$-15,$26,$11,$-16,$0,$29,$-9,$-5,$111,$-10,$0,$-67,$0,$-331,$-331,$-513,$-921,$272,$49,$321,$3,$3,$-28,$861,$1156,$346,$5,$-28
2,2018-03-31,28.32,$22.86,1.24,$8.48,3.34,$4.10,6.9,$1.57,18.04,$11.86B,$11.88B,1.0,$1.61B,$2.11B,0.76,$0.62B,$0.57B,90.98%,$0.62B,$0.21B,34.14%,$0.62B,0,0.00%,$0.62B,0,0.00%,$0.62B,$0.19B,30.27%,$0.62B,$0.12B,19.65%,$0.12B,$2.11B,7.30%,$0.12B,$1.16B,12.44%,$0.12B,$15.60B,0.99%,$0.21B,$3.72B,7.75%,$195,$22,$173,$0,$106,$128,$67,$-2,$65,$14,$51,$51,$51,$0,$0,$92,93,$0.56,$0.55,$863,$0,$0,$11863,$289,$2183,$945,$317,$3735,$15597,$11876,$1609,$3,$1612,$13488,$1,$552,$-34,$2109,$15597,$51,$-8,$15,$7,$8,$0,$34,$-6,$22,$80,$-6,$0,$-76,$0,$-239,$-239,$-136,$-456,$327,$-241,$86,$1,$1,$-14,$564,$638,$262,$3,$-14
3,2017-12-31,28.27,$22.65,1.25,$8.10,3.49,$3.58,7.91,$1.37,20.64,$11.41B,$11.29B,1.01,$1.52B,$2.09B,0.73,$0.53B,$0.49B,92.51%,$0.53B,$0.18B,33.15%,$0.53B,0,0.00%,$0.53B,0,0.00%,$0.53B,$0.16B,29.03%,$0.53B,$0.09B,17.42%,$0.09B,$2.09B,6.47%,$0.09B,$1.14B,10.55%,$0.09B,$15.06B,0.88%,$0.18B,$3.61B,7.96%,$182,$18,$164,$0,$104,$122,$60,$-14,$45,$27,$19,$19,$19,$0,$0,$69,70,$0.18,$0.18,$601,$0,$0,$11407,$287,$1958,$949,$455,$3649,$15056,$11293,$1521,$157,$1678,$12971,$1,$515,$-17,$2085,$15056,$93,$-16,$54,$38,$4,$0,$-14,$9,$-16,$115,$-31,$0,$-48,$0,$409,$409,$-669,$-338,$-3,$451,$448,$3,$3,$-35,$121,$536,$312,$11,$-35
4,2017-09-30,28.54,$19.51,1.46,$7.37,3.87,$3.57,8.0,$1.58,18.06,$6.74B,$7.51B,0.9,$0.59B,$1.26B,0.47,$0.47B,$0.44B,94.02%,$0.47B,$0.16B,33.97%,$0.47B,0,0.00%,$0.47B,0,0.00%,$0.47B,$0.15B,31.84%,$0.47B,$0.10B,21.58%,$0.10B,$1.26B,8.39%,$0.10B,$0.83B,12.86%,$0.10B,$9.54B,1.13%,$0.16B,$1.85B,9.38%,$124,$9,$115,$0,$71,$80,$44,$-1,$44,$15,$29,$29,$29,$0,$0,$64,65,$0.45,$0.44,$436,$0,$0,$6740,$224,$1723,$431,$416,$2795,$9535,$7511,$590,$177,$767,$8278,$0,$504,$-11,$1257,$9535,$74,$-5,$24,$19,$14,$-0,$-10,$6,$15,$108,$-25,$0,$-22,$0,$81,$81,$-411,$-378,$0,$236,$236,$3,$3,$-24,$201,$416,$147,$6,$-24
5,2017-06-30,25.96,$19.15,1.36,$7.25,3.58,$3.40,7.63,$1.52,17.13,$6.56B,$7.29B,0.9,$0.54B,$1.23B,0.44,$0.45B,$0.43B,94.71%,$0.45B,$0.15B,33.26%,$0.45B,0,0.00%,$0.45B,0,0.00%,$0.45B,$0.14B,30.62%,$0.45B,$0.10B,20.93%,$0.10B,$1.23B,8.08%,$0.10B,$0.80B,12.42%,$0.10B,$9.07B,1.11%,$0.15B,$1.78B,9.50%,$120,$7,$113,$0,$72,$79,$41,$-7,$34,$11,$23,$23,$23,$0,$0,$64,64,$0.36,$0.36,$336,$0,$0,$6563,$231,$1610,$438,$227,$2505,$9068,$7292,$542,$0,$542,$7834,$0,$483,$-11,$1234,$9068,$45,$-4,$14,$10,$14,$-0,$-13,$10,$20,$76,$-23,$0,$-22,$0,$191,$191,$-332,$-187,$0,$188,$188,$3,$3,$-16,$-21,$155,$44,$4,$-16
6,2017-03-31,26.93,$18.65,1.44,$7.17,3.76,$3.27,8.24,$1.53,17.6,$6.09B,$6.95B,0.88,$0.50B,$1.17B,0.43,$0.44B,$0.42B,94.81%,$0.44B,$0.15B,32.73%,$0.44B,0,0.00%,$0.44B,0,0.00%,$0.44B,$0.14B,31.60%,$0.44B,$0.10B,21.44%,$0.10B,$1.17B,8.33%,$0.10B,$0.77B,12.77%,$0.10B,$8.63B,1.16%,$0.15B,$1.67B,9.79%,$108,$6,$102,$0,$70,$76,$32,$-1,$32,$10,$22,$22,$22,$0,$0,$63,63,$0.35,$0.35,$310,$0,$0,$6085,$222,$1689,$401,$229,$2542,$8627,$6954,$502,$0,$502,$7456,$0,$468,$-14,$1171,$8627,$22,$-2,$9,$7,$20,$-0,$-17,$4,$13,$42,$-25,$0,$0,$0,$-66,$-66,$-142,$-233,$0,$163,$163,$2,$2,$-8,$53,$210,$20,$2,$-8
7,2016-12-31,30.22,$18.40,1.64,$7.17,4.21,$2.87,10.55,$1.57,19.31,$5.94B,$6.92B,0.86,$0.33B,$1.15B,0.29,$0.44B,$0.42B,95.00%,$0.44B,$0.15B,33.64%,$0.44B,0,0.00%,$0.44B,0,0.00%,$0.44B,$0.14B,32.50%,$0.44B,$0.10B,21.82%,$0.10B,$1.15B,8.61%,$0.10B,$0.75B,13.24%,$0.10B,$8.40B,1.21%,$0.15B,$1.49B,10.65%,$116,$6,$110,$0,$68,$74,$42,$-3,$39,$12,$27,$27,$27,$0,$0,$61,62,$0.44,$0.42,$290,$0,$0,$5942,$199,$1619,$401,$237,$2458,$8400,$6915,$334,$0,$334,$7249,$1,$454,$-15,$1151,$8400,$97,$-15,$28,$13,$1,$4,$-15,$-12,$-19,$91,$-17,$0,$0,$0,$-13,$-13,$-220,$-251,$-1,$109,$109,$5,$-26,$-29,$139,$193,$33,$3,$-29
8,2016-09-30,24.17,$18.34,1.32,$7.21,3.35,$3.01,8.04,$1.53,15.8,$5.89B,$6.80B,0.87,$0.28B,$1.15B,0.24,$0.43B,$0.41B,94.91%,$0.43B,$0.14B,32.18%,$0.43B,0,0.00%,$0.43B,0,0.00%,$0.43B,$0.14B,31.25%,$0.43B,$0.09B,21.53%,$0.09B,$1.15B,8.48%,$0.09B,$0.74B,13.07%,$0.09B,$8.23B,1.21%,$0.14B,$1.42B,10.34%,$110,$5,$105,$0,$69,$75,$36,$-2,$34,$11,$23,$23,$23,$0,$0,$61,62,$0.39,$0.38,$462,$0,$0,$5885,$193,$1521,$403,$226,$2342,$8227,$6804,$276,$0,$276,$7080,$0,$435,$2,$1147,$8227,$70,$-10,$16,$6,$1,$1,$-14,$14,$1,$77,$-8,$0,$0,$0,$99,$99,$2,$93,$-1,$61,$60,$4,$-27,$-21,$21,$33,$202,$3,$-21
9,2016-06-30,22.27,$17.93,1.24,$7.22,3.08,$3.01,7.41,$1.51,14.75,$5.30B,$6.19B,0.86,$0.25B,$1.09B,0.23,$0.43B,$0.41B,94.65%,$0.43B,$0.14B,31.63%,$0.43B,0,0.00%,$0.43B,0,0.00%,$0.43B,$0.13B,31.16%,$0.43B,$0.09B,21.40%,$0.09B,$1.09B,8.59%,$0.09B,$0.71B,13.20%,$0.09B,$7.53B,1.22%,$0.14B,$1.34B,10.40%,$109,$5,$103,$0,$68,$74,$35,$-0,$35,$12,$23,$23,$23,$0,$0,$61,61,$0.38,$0.38,$268,$0,$0,$5303,$183,$1454,$378,$217,$2231,$7534,$6191,$252,$0,$252,$6444,$0,$418,$4,$1091,$7534,$46,$-8,$8,$-0,$1,$-3,$-11,$15,$-0,$46,$-4,$0,$0,$0,$87,$87,$-64,$19,$-1,$33,$33,$4,$-27,$-15,$-58,$-66,$-2,$2,$-15
10,2016-03-31,21.62,$17.68,1.22,$7.17,3.02,$2.48,8.72,$1.49,14.51,$5.19B,$6.23B,0.83,$0.24B,$1.07B,0.22,$0.43B,$0.40B,94.59%,$0.43B,$0.13B,31.29%,$0.43B,0,0.00%,$0.43B,0,0.00%,$0.43B,$0.13B,30.35%,$0.43B,$0.09B,20.94%,$0.09B,$1.07B,8.44%,$0.09B,$0.69B,13.00%,$0.09B,$7.54B,1.18%,$0.13B,$1.31B,10.33%,$105,$5,$100,$0,$65,$70,$35,$-0,$35,$12,$24,$24,$23,$0,$0,$61,61,$0.39,$0.39,$241,$0,$0,$5187,$192,$1532,$379,$246,$2350,$7537,$6228,$237,$0,$237,$6465,$0,$402,$4,$1072,$7537,$24,$-7,$2,$-4,$8,$-3,$-25,$-6,$-24,$-5,$-3,$0,$0,$0,$4,$4,$4,$6,$-1,$13,$12,$3,$-28,$-7,$-6,$-30,$-29,$1,$-7
11,2015-12-31,24.5,$17.78,1.38,$7.14,3.43,$2.91,8.41,$1.30,18.85,$5.22B,$6.26B,0.83,$0.22B,$1.05B,0.21,$0.40B,$0.37B,94.19%,$0.40B,$0.12B,30.56%,$0.40B,0,0.00%,$0.40B,0,0.00%,$0.40B,$0.11B,27.02%,$0.40B,$0.08B,18.94%,$0.08B,$1.08B,7.21%,$0.08B,$0.70B,11.12%,$0.08B,$7.56B,0.98%,$0.12B,$1.30B,9.31%,$108,$6,$102,$0,$69,$75,$33,$-1,$31,$8,$24,$24,$24,$0,$0,$56,56,$0.43,$0.42,$271,$0,$0,$5215,$194,$1527,$381,$243,$2345,$7560,$6260,$223,$0,$223,$6483,$0,$386,$-3,$1077,$7560,$74,$-19,$27,$8,$-8,$3,$1,$3,$2,$84,$-9,$0,$0,$0,$244,$244,$-100,$135,$0,$-171,$-171,$4,$4,$-27,$-108,$-303,$-84,$4,$-27
12,2015-09-30,22.77,$17.46,1.3,$7.37,3.09,$2.48,9.19,$1.27,17.93,$5.29B,$6.28B,0.84,$0.24B,$1.02B,0.23,$0.36B,$0.34B,94.18%,$0.36B,$0.11B,29.92%,$0.36B,0,0.00%,$0.36B,0,0.00%,$0.36B,$0.09B,26.04%,$0.36B,$0.06B,17.73%,$0.06B,$1.05B,7.15%,$0.06B,$0.69B,10.82%,$0.06B,$7.56B,0.93%,$0.11B,$1.28B,9.53%,$108,$7,$102,$0,$68,$75,$33,$-1,$33,$11,$22,$22,$22,$0,$0,$60,60,$0.36,$0.36,$424,$0,$0,$5289,$190,$1480,$359,$242,$2271,$7560,$6279,$235,$0,$235,$6514,$0,$369,$3,$1045,$7560,$51,$-18,$6,$-12,$5,$1,$16,$-3,$34,$72,$-5,$0,$0,$0,$290,$290,$-23,$262,$0,$-148,$-148,$3,$3,$-20,$-104,$-269,$65,$2,$-20
13,2015-06-30,22.06,$17.15,1.29,$7.38,2.99,$2.03,10.89,$1.17,18.86,$5.18B,$6.36B,0.82,$0.23B,$0.99B,0.23,$0.31B,$0.30B,94.27%,$0.31B,$0.09B,28.98%,$0.31B,0,0.00%,$0.31B,0,0.00%,$0.31B,$0.07B,23.25%,$0.31B,$0.05B,16.24%,$0.05B,$1.03B,6.76%,$0.05B,$0.66B,10.04%,$0.05B,$7.61B,0.82%,$0.09B,$1.26B,9.39%,$104,$6,$98,$0,$67,$73,$32,$-1,$30,$10,$20,$20,$20,$0,$0,$60,60,$0.34,$0.34,$323,$0,$0,$5177,$191,$1609,$361,$275,$2437,$7614,$6356,$233,$0,$233,$6589,$0,$354,$-1,$1025,$7614,$29,$-3,$3,$1,$-24,$1,$8,$-3,$-12,$17,$-8,$0,$0,$0,$145,$145,$63,$200,$0,$-149,$-149,$3,$3,$-13,$-101,$-261,$-43,$1,$-13
14,2015-03-31,21.38,$16.98,1.26,$7.45,2.87,$2.21,9.68,$1.12,19.18,$5.38B,$6.46B,0.83,$0.35B,$0.98B,0.35,$0.27B,$0.25B,94.42%,$0.27B,$0.08B,27.88%,$0.27B,0,0.00%,$0.27B,0,0.00%,$0.27B,$0.06B,21.19%,$0.27B,$0.04B,15.24%,$0.04B,$1.01B,6.82%,$0.04B,$0.65B,9.70%,$0.04B,$7.82B,0.76%,$0.08B,$1.36B,9.46%,$76,$4,$71,$0,$48,$52,$23,$-10,$13,$4,$9,$9,$9,$0,$0,$45,45,$0.20,$0.20,$717,$0,$0,$5375,$200,$1610,$363,$271,$2443,$7818,$6456,$348,$0,$348,$6804,$0,$341,$2,$1014,$7818,$9,$-3,$-1,$-4,$-2,$0,$3,$3,$12,$17,$-3,$0,$0,$0,$143,$143,$230,$370,$0,$-36,$-36,$2,$2,$-6,$3,$-37,$350,$0,$-6
15,2014-12-31,19.01,$13.69,1.39,$7.43,2.56,$2.02,9.4,$1.06,18.02,$3.09B,$4.01B,0.77,$0.14B,$0.49B,0.27,$0.25B,$0.23B,94.74%,$0.25B,$0.06B,23.89%,$0.25B,0,0.00%,$0.25B,0,0.00%,$0.25B,$0.05B,19.84%,$0.25B,$0.04B,14.57%,$0.04B,$0.49B,8.00%,$0.04B,$0.36B,10.64%,$0.04B,$4.64B,0.80%,$0.06B,$0.63B,10.03%,$73,$4,$69,$0,$49,$53,$20,$-1,$18,$6,$13,$13,$13,$0,$0,$34,34,$0.36,$0.36,$343,$0,$0,$3089,$122,$1083,$131,$219,$1555,$4643,$4014,$135,$0,$135,$4149,$0,$339,$-1,$494,$4643,$36,$8,$-17,$-9,$-11,$2,$7,$-17,$-15,$12,$19,$0,$0,$0,$-39,$-39,$32,$12,$0,$-22,$-22,$-13,$-13,$0,$-192,$-227,$-203,$1,$0
16,2014-09-30,17.92,$13.45,1.33,$6.83,2.62,$2.08,8.61,$0.81,22.12,$3.07B,$4.06B,0.76,$0.14B,$0.48B,0.3,$0.23B,$0.21B,94.22%,$0.23B,$0.05B,22.22%,$0.23B,0,0.00%,$0.23B,0,0.00%,$0.23B,$0.04B,16.00%,$0.23B,$0.03B,12.00%,$0.03B,$0.48B,6.32%,$0.03B,$0.35B,8.31%,$0.03B,$4.69B,0.61%,$0.05B,$0.63B,8.83%,$61,$3,$58,$0,$42,$45,$16,$-4,$12,$4,$9,$9,$9,$0,$0,$34,34,$0.26,$0.26,$301,$0,$0,$3072,$116,$1140,$131,$233,$1620,$4691,$4063,$144,$0,$144,$4207,$0,$330,$-2,$484,$4691,$23,$2,$-6,$-3,$-13,$2,$12,$-5,$-8,$12,$10,$0,$0,$2,$-98,$-97,$-6,$-93,$0,$-11,$-11,$2,$2,$-11,$-144,$-165,$-245,$1,$-11
17,2014-06-30,18.23,$12.68,1.44,$6.40,2.85,$2.25,8.09,$0.77,23.83,$2.83B,$3.78B,0.75,$0.14B,$0.41B,0.33,$0.21B,$0.20B,93.78%,$0.21B,$0.04B,21.05%,$0.21B,0,0.00%,$0.21B,0,0.00%,$0.21B,$0.03B,16.27%,$0.21B,$0.03B,11.96%,$0.03B,$0.41B,6.14%,$0.03B,$0.32B,7.79%,$0.03B,$4.33B,0.60%,$0.04B,$0.55B,8.24%,$59,$3,$56,$0,$40,$44,$16,$-1,$14,$4,$10,$10,$10,$0,$0,$33,33,$0.31,$0.30,$430,$0,$0,$2826,$114,$1070,$93,$223,$1500,$4326,$3775,$136,$0,$136,$3912,$0,$325,$-1,$414,$4326,$14,$1,$-3,$-2,$-10,$2,$4,$-6,$-12,$1,$11,$0,$0,$0,$-89,$-89,$34,$-44,$0,$-11,$-11,$1,$1,$-7,$-56,$-73,$-117,$1,$-7
18,2014-03-31,17.16,$12.47,1.38,$5.92,2.9,$2.61,6.57,$0.67,25.8,$2.90B,$3.85B,0.75,$0.14B,$0.41B,0.34,$0.19B,$0.18B,93.30%,$0.19B,$0.04B,19.07%,$0.19B,0,0.00%,$0.19B,0,0.00%,$0.19B,$0.03B,15.46%,$0.19B,$0.02B,11.34%,$0.02B,$0.41B,5.45%,$0.02B,$0.31B,6.77%,$0.02B,$4.40B,0.56%,$0.04B,$0.54B,7.09%,$54,$3,$51,$0,$44,$48,$7,$-1,$5,$1,$4,$4,$4,$0,$0,$33,33,$0.14,$0.14,$529,$0,$0,$2902,$112,$1042,$93,$249,$1495,$4397,$3852,$138,$0,$138,$3990,$0,$319,$-2,$407,$4397,$4,$1,$-2,$-2,$-7,$2,$4,$-3,$-1,$2,$2,$0,$0,$0,$-83,$-83,$58,$-22,$0,$-3,$-3,$1,$1,$-4,$9,$3,$-17,$0,$-4
19,2013-12-31,17.0,$12.44,1.37,$5.61,3.03,$2.88,5.91,$0.71,23.94,$2.95B,$3.84B,0.77,$0.14B,$0.40B,0.34,$0.19B,$0.17B,92.43%,$0.19B,$0.04B,21.08%,$0.19B,0,0.00%,$0.19B,0,0.00%,$0.19B,$0.03B,18.38%,$0.19B,$0.02B,12.97%,$0.02B,$0.40B,5.94%,$0.02B,$0.31B,7.23%,$0.02B,$4.38B,0.65%,$0.04B,$0.54B,7.61%,$51,$3,$47,$0,$36,$40,$11,$-6,$5,$1,$4,$4,$4,$0,$0,$33,33,$0.12,$0.12,$548,$0,$0,$2951,$120,$958,$94,$261,$1432,$4383,$3842,$138,$0,$138,$3979,$0,$319,$-3,$404,$4383,$23,$6,$-7,$-1,$15,$-3,$-3,$6,$14,$36,$-5,$0,$0,$0,$-41,$-41,$54,$8,$0,$-5,$-5,$-10,$-10,$-14,$-14,$-43,$2,$1,$-14
20,2013-09-30,14.14,$12.44,1.14,$5.51,2.57,$2.92,4.84,$0.84,16.93,$2.34B,$2.94B,0.8,$0.10B,$0.40B,0.24,$0.18B,$0.17B,92.35%,$0.18B,$0.04B,22.40%,$0.18B,0,0.00%,$0.18B,0,0.00%,$0.18B,$0.04B,22.40%,$0.18B,$0.03B,15.30%,$0.03B,$0.40B,6.93%,$0.03B,$0.34B,8.24%,$0.03B,$3.44B,0.80%,$0.04B,$0.50B,8.10%,$45,$3,$42,$0,$32,$35,$10,$-0,$10,$3,$7,$7,$7,$0,$0,$32,32,$0.22,$0.22,$385,$0,$0,$2342,$87,$762,$66,$185,$1100,$3442,$2942,$97,$0,$97,$3039,$0,$318,$-3,$403,$3442,$19,$-1,$1,$0,$14,$-3,$-2,$2,$11,$31,$-4,$0,$0,$0,$-78,$-78,$0,$-81,$0,$-55,$-55,$-10,$-10,$-10,$-35,$-111,$-161,$1,$-10
21,2013-06-30,11.77,$12.34,0.95,$5.43,2.17,$2.74,4.29,$0.83,14.27,$2.35B,$2.92B,0.8,$0.10B,$0.40B,0.25,$0.18B,$0.17B,91.76%,$0.18B,$0.04B,23.08%,$0.18B,0,0.00%,$0.18B,0,0.00%,$0.18B,$0.04B,22.53%,$0.18B,$0.03B,15.38%,$0.03B,$0.40B,6.92%,$0.03B,$0.34B,8.22%,$0.03B,$3.42B,0.81%,$0.04B,$0.50B,8.24%,$44,$3,$41,$0,$32,$35,$9,$0,$10,$3,$7,$7,$7,$0,$0,$33,33,$0.20,$0.20,$468,$0,$0,$2345,$88,$733,$64,$191,$1076,$3422,$2922,$98,$0,$98,$3020,$0,$315,$-2,$402,$3422,$13,$1,$0,$1,$13,$-3,$-3,$5,$13,$26,$-3,$0,$0,$0,$-50,$-50,$61,$8,$0,$-37,$-37,$-8,$-8,$-7,$-61,$-113,$-79,$1,$-7
22,2013-03-31,11.33,$12.31,0.92,$5.34,2.12,$2.85,3.98,$0.82,13.91,$2.51B,$3.04B,0.83,$0.10B,$0.41B,0.25,$0.18B,$0.16B,91.11%,$0.18B,$0.04B,23.33%,$0.18B,0,0.00%,$0.18B,0,0.00%,$0.18B,$0.04B,22.22%,$0.18B,$0.03B,15.56%,$0.03B,$0.41B,6.90%,$0.03B,$0.34B,8.18%,$0.03B,$3.54B,0.81%,$0.04B,$0.51B,8.12%,$45,$3,$41,$0,$33,$36,$9,$-0,$9,$3,$6,$6,$6,$0,$0,$33,33,$0.18,$0.18,$651,$0,$0,$2505,$88,$681,$64,$206,$1038,$3544,$3035,$102,$0,$102,$3137,$0,$312,$0,$406,$3544,$6,$0,$-0,$0,$8,$-2,$-2,$1,$8,$14,$-2,$0,$0,$0,$6,$6,$77,$82,$0,$-4,$-4,$-2,$-2,$-3,$19,$9,$105,$0,$-3
23,2012-12-31,11.26,$12.27,0.92,$5.23,2.15,$2.74,4.1,$0.82,13.73,$2.48B,$3.01B,0.82,$0.11B,$0.41B,0.27,$0.18B,$0.16B,90.45%,$0.18B,$0.04B,23.60%,$0.18B,0,0.00%,$0.18B,0,0.00%,$0.18B,$0.04B,22.47%,$0.18B,$0.03B,15.73%,$0.03B,$0.41B,6.89%,$0.03B,$0.34B,8.15%,$0.03B,$3.53B,0.83%,$0.04B,$0.52B,8.04%,$49,$4,$45,$0,$32,$36,$13,$-1,$12,$4,$8,$8,$8,$0,$0,$34,34,$0.24,$0.24,$544,$0,$0,$2478,$88,$687,$64,$210,$1049,$3527,$3011,$110,$0,$110,$3121,$0,$309,$0,$406,$3527,$28,$5,$-2,$4,$-2,$1,$3,$2,$5,$36,$-2,$0,$0,$0,$42,$42,$147,$187,$-10,$-41,$-51,$-17,$-17,$-13,$-173,$-255,$-32,$1,$-13
24,2012-09-30,10.72,$12.13,0.88,$5.07,2.11,$2.18,4.92,$0.77,14.02,$2.37B,$2.90B,0.82,$0.11B,$0.40B,0.27,$0.17B,$0.16B,89.66%,$0.17B,$0.04B,21.84%,$0.17B,0,0.00%,$0.17B,0,0.00%,$0.17B,$0.04B,21.26%,$0.17B,$0.03B,14.94%,$0.03B,$0.40B,6.39%,$0.03B,$0.34B,7.54%,$0.03B,$3.42B,0.78%,$0.04B,$0.51B,7.23%,$44,$4,$40,$0,$29,$33,$11,$-1,$10,$3,$7,$7,$7,$0,$0,$34,34,$0.21,$0.21,$495,$0,$0,$2367,$86,$716,$63,$184,$1048,$3415,$2901,$109,$0,$109,$3011,$0,$304,$1,$404,$3415,$20,$2,$2,$4,$-1,$1,$6,$-2,$0,$24,$-2,$0,$0,$0,$6,$6,$71,$75,$0,$-73,$-73,$-14,$-14,$-10,$-84,$-181,$-82,$1,$-10
25,2012-06-30,10.15,$12.01,0.84,$5.10,1.99,$1.83,5.56,$0.77,13.18,$2.28B,$2.73B,0.84,$0.12B,$0.41B,0.3,$0.18B,$0.16B,89.20%,$0.18B,$0.04B,21.59%,$0.18B,0,0.00%,$0.18B,0,0.00%,$0.18B,$0.04B,21.59%,$0.18B,$0.03B,14.77%,$0.03B,$0.41B,6.37%,$0.03B,$0.35B,7.52%,$0.03B,$3.26B,0.79%,$0.04B,$0.53B,7.17%,$42,$4,$38,$0,$29,$33,$9,$0,$9,$3,$7,$7,$7,$0,$0,$34,34,$0.19,$0.19,$553,$0,$0,$2282,$85,$692,$62,$135,$975,$3257,$2728,$122,$0,$122,$2850,$0,$301,$1,$407,$3257,$13,$3,$-1,$2,$10,$-0,$2,$2,$14,$29,$-1,$0,$0,$0,$5,$5,$22,$26,$0,$-44,$-44,$-7,$-7,$-7,$-21,$-79,$-25,$1,$-7
26,2012-03-31,11.18,$11.91,0.94,$5.20,2.15,$1.66,6.74,$0.78,14.43,$2.37B,$2.79B,0.85,$0.12B,$0.41B,0.3,$0.18B,$0.16B,88.95%,$0.18B,$0.04B,21.55%,$0.18B,0,0.00%,$0.18B,0,0.00%,$0.18B,$0.04B,21.55%,$0.18B,$0.03B,14.36%,$0.03B,$0.41B,6.38%,$0.03B,$0.35B,7.54%,$0.03B,$3.32B,0.79%,$0.04B,$0.53B,7.37%,$43,$4,$38,$0,$29,$34,$9,$0,$9,$3,$6,$6,$6,$0,$0,$34,34,$0.19,$0.19,$686,$0,$0,$2368,$86,$658,$62,$146,$952,$3320,$2789,$121,$0,$121,$2911,$0,$298,$0,$409,$3320,$6,$0,$2,$2,$0,$-0,$-0,$-0,$1,$10,$-1,$0,$0,$0,$40,$40,$68,$107,$0,$-8,$-8,$-2,$-2,$-3,$4,$-10,$108,$0,$-3
27,2011-12-31,11.68,$11.85,0.99,$5.26,2.22,$1.78,6.57,$0.74,15.89,$2.32B,$2.79B,0.83,$0.12B,$0.41B,0.3,$0.18B,$0.16B,88.52%,$0.18B,$0.04B,20.22%,$0.18B,0,0.00%,$0.18B,0,0.00%,$0.18B,$0.04B,20.22%,$0.18B,$0.03B,13.66%,$0.03B,$0.41B,6.17%,$0.03B,$0.35B,7.30%,$0.03B,$3.32B,0.76%,$0.04B,$0.53B,7.00%,$45,$5,$40,$0,$31,$36,$9,$0,$9,$3,$6,$6,$6,$0,$0,$35,35,$0.19,$0.19,$578,$0,$0,$2324,$86,$698,$62,$150,$997,$3320,$2791,$121,$0,$121,$2912,$0,$295,$0,$408,$3320,$25,$6,$3,$9,$-4,$0,$-3,$5,$-5,$30,$-14,$0,$0,$0,$-84,$-84,$200,$102,$0,$-39,$-39,$-3,$-3,$-13,$42,$-13,$118,$1,$-13
28,2011-09-30,9.26,$11.76,0.79,$5.91,1.57,$2.36,3.93,$1.03,8.99,$2.17B,$2.76B,0.79,$0.12B,$0.41B,0.3,$0.21B,$0.18B,88.78%,$0.21B,$0.06B,27.32%,$0.21B,0,0.00%,$0.21B,0,0.00%,$0.21B,$0.05B,26.34%,$0.21B,$0.04B,17.56%,$0.04B,$0.41B,8.95%,$0.04B,$0.35B,10.61%,$0.04B,$3.29B,1.10%,$0.06B,$0.53B,10.43%,$46,$5,$41,$0,$30,$35,$11,$0,$11,$3,$7,$7,$7,$0,$0,$35,35,$0.21,$0.21,$529,$0,$0,$2169,$87,$645,$62,$331,$1125,$3293,$2763,$123,$0,$123,$2886,$0,$292,$1,$408,$3293,$19,$1,$6,$7,$-3,$2,$-2,$2,$-2,$24,$-14,$0,$0,$0,$-31,$-31,$129,$84,$0,$-53,$-53,$0,$0,$-10,$26,$-37,$72,$1,$-10
29,2011-06-30,10.85,$11.64,0.93,$5.95,1.82,$2.47,4.4,$1.04,10.43,$2.18B,$2.74B,0.8,$0.12B,$0.40B,0.31,$0.21B,$0.18B,88.35%,$0.21B,$0.06B,27.18%,$0.21B,0,0.00%,$0.21B,0,0.00%,$0.21B,$0.05B,26.21%,$0.21B,$0.04B,17.96%,$0.04B,$0.40B,9.34%,$0.04B,$0.34B,11.09%,$0.04B,$3.26B,1.15%,$0.06B,$0.53B,10.48%,$47,$5,$42,$0,$32,$37,$10,$-0,$10,$3,$7,$7,$7,$0,$0,$35,35,$0.20,$0.20,$549,$0,$0,$2180,$82,$585,$63,$353,$1083,$3263,$2736,$124,$0,$124,$2859,$0,$288,$1,$404,$3263,$12,$3,$1,$4,$9,$0,$-1,$3,$14,$30,$-8,$0,$0,$0,$29,$29,$103,$124,$0,$-57,$-57,$0,$0,$-7,$-2,$-64,$90,$1,$-7
30,2011-03-31,11.37,$11.53,0.99,$6.02,1.89,$2.25,5.05,$1.08,10.57,$2.13B,$2.74B,0.78,$0.13B,$0.40B,0.32,$0.21B,$0.18B,87.50%,$0.21B,$0.06B,27.88%,$0.21B,0,0.00%,$0.21B,0,0.00%,$0.21B,$0.06B,26.44%,$0.21B,$0.04B,18.27%,$0.04B,$0.40B,9.74%,$0.04B,$0.34B,11.60%,$0.04B,$3.27B,1.20%,$0.06B,$0.53B,10.90%,$45,$6,$39,$0,$32,$38,$7,$-0,$7,$2,$5,$5,$5,$0,$0,$35,35,$0.15,$0.15,$517,$0,$0,$2130,$83,$622,$63,$372,$1139,$3269,$2742,$127,$0,$127,$2870,$0,$284,$0,$400,$3269,$5,$0,$2,$3,$13,$0,$-3,$3,$13,$21,$-7,$0,$0,$0,$-8,$-8,$101,$86,$-37,$-2,$-39,$0,$0,$-3,$-7,$-50,$57,$0,$-3
31,2010-12-31,11.88,$11.50,1.03,$5.99,1.98,$2.19,5.43,$1.08,11.05,$2.38B,$2.76B,0.87,$0.16B,$0.40B,0.41,$0.21B,$0.18B,86.96%,$0.21B,$0.06B,28.02%,$0.21B,0,0.00%,$0.21B,0,0.00%,$0.21B,$0.06B,26.57%,$0.21B,$0.04B,18.36%,$0.04B,$0.40B,9.92%,$0.04B,$0.33B,11.84%,$0.04B,$3.32B,1.22%,$0.06B,$0.56B,10.98%,$67,$7,$60,$0,$32,$39,$28,$-2,$26,$9,$17,$17,$17,$0,$0,$34,35,$0.48,$0.48,$460,$0,$0,$2383,$77,$614,$63,$180,$934,$3316,$2755,$164,$0,$164,$2919,$0,$283,$1,$397,$3316,$37,$5,$0,$5,$-8,$-1,$2,$4,$-3,$39,$-4,$0,$0,$-0,$134,$134,$293,$423,$0,$-93,$-93,$1,$1,$-13,$-259,$-363,$98,$1,$-13
32,2010-09-30,11.7,$11.14,1.05,$5.66,2.07,$2.05,5.71,$0.82,14.36,$2.09B,$2.50B,0.84,$0.14B,$0.38B,0.36,$0.19B,$0.16B,84.49%,$0.19B,$0.04B,21.39%,$0.19B,0,0.00%,$0.19B,0,0.00%,$0.19B,$0.04B,20.86%,$0.19B,$0.03B,14.97%,$0.03B,$0.38B,7.43%,$0.03B,$0.32B,8.90%,$0.03B,$3.02B,0.92%,$0.04B,$0.52B,7.68%,$47,$6,$41,$0,$30,$36,$11,$-0,$11,$3,$8,$8,$8,$0,$0,$34,35,$0.23,$0.22,$333,$0,$0,$2089,$78,$645,$62,$143,$929,$3018,$2497,$137,$0,$137,$2634,$0,$269,$1,$384,$3018,$21,$4,$8,$12,$-16,$-1,$2,$-2,$-15,$18,$-4,$0,$0,$0,$27,$27,$133,$156,$-23,$-22,$-45,$1,$1,$-10,$-147,$-201,$-28,$1,$-10
33,2010-06-30,10.8,$11.02,0.98,$6.05,1.79,$2.50,4.31,$0.87,12.48,$2.08B,$2.51B,0.83,$0.14B,$0.38B,0.37,$0.19B,$0.16B,83.07%,$0.19B,$0.04B,21.16%,$0.19B,0,0.00%,$0.19B,0,0.00%,$0.19B,$0.04B,20.63%,$0.19B,$0.03B,14.81%,$0.03B,$0.38B,7.88%,$0.03B,$0.32B,9.56%,$0.03B,$3.03B,0.92%,$0.04B,$0.52B,7.92%,$49,$6,$42,$0,$31,$37,$12,$-0,$11,$3,$8,$8,$8,$0,$0,$34,35,$0.23,$0.23,$253,$0,$0,$2084,$76,$660,$62,$143,$942,$3025,$2507,$139,$0,$139,$2646,$0,$265,$1,$379,$3025,$13,$3,$7,$10,$-8,$-1,$2,$0,$-7,$15,$-1,$0,$0,$0,$12,$12,$49,$61,$-21,$-22,$-43,$1,$1,$-7,$-136,$-185,$-109,$1,$-7
34,2010-03-31,11.26,$10.86,1.04,$6.29,1.79,$2.53,4.44,$0.83,13.56,$2.28B,$2.59B,0.88,$0.14B,$0.37B,0.37,$0.19B,$0.15B,81.28%,$0.19B,$0.04B,19.25%,$0.19B,0,0.00%,$0.19B,0,0.00%,$0.19B,$0.04B,19.25%,$0.19B,$0.03B,13.90%,$0.03B,$0.37B,7.80%,$0.03B,$0.31B,9.59%,$0.03B,$3.10B,0.87%,$0.04B,$0.51B,7.36%,$44,$7,$37,$0,$30,$37,$7,$0,$7,$2,$5,$5,$5,$0,$0,$34,34,$0.15,$0.15,$435,$0,$0,$2283,$77,$588,$62,$87,$814,$3097,$2585,$139,$0,$139,$2724,$0,$260,$1,$373,$3097,$5,$1,$3,$5,$3,$-1,$0,$-1,$2,$12,$-1,$0,$0,$0,$59,$59,$6,$64,$-21,$25,$5,$0,$0,$-3,$-4,$-2,$74,$0,$-3
35,2009-12-31,11.27,$10.86,1.04,$6.67,1.69,$2.44,4.61,$0.87,12.95,$2.24B,$2.56B,0.87,$0.16B,$0.37B,0.43,$0.19B,$0.15B,79.37%,$0.19B,$0.04B,19.05%,$0.19B,0,0.00%,$0.19B,0,0.00%,$0.19B,$0.04B,19.05%,$0.19B,$0.03B,13.76%,$0.03B,$0.37B,8.30%,$0.03B,$0.31B,10.38%,$0.03B,$3.09B,0.88%,$0.04B,$0.53B,7.59%,$47,$8,$38,$0,$29,$37,$10,$0,$10,$3,$7,$7,$7,$0,$0,$29,29,$0.22,$0.22,$360,$0,$0,$2237,$78,$647,$62,$69,$857,$3093,$2562,$160,$0,$160,$2722,$0,$259,$1,$371,$3093,$25,$6,$11,$17,$5,$-1,$-5,$-12,$-12,$30,$-4,$0,$0,$84,$-87,$-3,$41,$33,$1,$-7,$-6,$72,$72,$-11,$96,$151,$214,$1,$-11
36,2009-09-30,11.59,$10.60,1.09,$6.78,1.71,$2.50,4.63,$0.85,13.64,$2.15B,$2.46B,0.88,$0.16B,$0.30B,0.54,$0.19B,$0.15B,76.96%,$0.19B,$0.03B,17.80%,$0.19B,0,0.00%,$0.19B,0,0.00%,$0.19B,$0.03B,17.80%,$0.19B,$0.03B,13.09%,$0.03B,$0.30B,8.54%,$0.03B,$0.24B,10.88%,$0.03B,$2.92B,0.86%,$0.03B,$0.46B,7.50%,$49,$9,$40,$0,$29,$38,$11,$0,$11,$4,$8,$8,$8,$0,$0,$28,28,$0.27,$0.27,$216,$0,$0,$2148,$79,$572,$63,$54,$767,$2915,$2456,$162,$0,$162,$2618,$0,$255,$2,$298,$2915,$18,$4,$8,$12,$-2,$-1,$-1,$-1,$-3,$28,$-4,$0,$0,$84,$-11,$73,$-3,$67,$3,$-16,$-14,$1,$1,$-8,$-5,$-25,$70,$0,$-8
37,2009-06-30,10.68,$10.41,1.03,$6.82,1.57,$2.54,4.21,$0.81,13.19,$2.07B,$2.44B,0.85,$0.16B,$0.29B,0.56,$0.19B,$0.14B,74.48%,$0.19B,$0.03B,16.67%,$0.19B,0,0.00%,$0.19B,0,0.00%,$0.19B,$0.03B,16.67%,$0.19B,$0.02B,11.98%,$0.02B,$0.29B,7.97%,$0.02B,$0.23B,10.21%,$0.02B,$2.90B,0.79%,$0.03B,$0.46B,7.14%,$47,$10,$37,$0,$30,$39,$8,$0,$8,$2,$6,$6,$6,$0,$0,$28,28,$0.20,$0.20,$121,$0,$0,$2072,$79,$631,$63,$53,$826,$2898,$2443,$163,$0,$163,$2606,$0,$250,$1,$292,$2898,$11,$3,$5,$8,$-2,$-0,$-1,$-1,$-4,$15,$-2,$0,$0,$24,$-10,$14,$-18,$-7,$4,$-16,$-12,$1,$1,$-5,$-17,$-33,$-25,$0,$-5
38,2009-03-31,10.0,$10.42,0.96,$6.96,1.44,$2.58,3.87,$0.83,12.12,$2.03B,$2.49B,0.81,$0.16B,$0.29B,0.55,$0.20B,$0.14B,71.94%,$0.20B,$0.03B,16.33%,$0.20B,0,0.00%,$0.20B,0,0.00%,$0.20B,$0.03B,16.33%,$0.20B,$0.02B,11.73%,$0.02B,$0.29B,8.07%,$0.02B,$0.23B,10.37%,$0.02B,$2.94B,0.79%,$0.03B,$0.45B,7.24%,$46,$12,$35,$0,$28,$39,$7,$0,$7,$2,$5,$5,$5,$0,$0,$28,28,$0.19,$0.19,$105,$0,$0,$2027,$79,$723,$63,$52,$917,$2944,$2491,$160,$0,$160,$2651,$0,$247,$3,$292,$2944,$5,$1,$3,$4,$3,$-2,$-3,$0,$-1,$8,$-1,$0,$0,$-94,$18,$-77,$12,$-66,$2,$-16,$-15,$1,$1,$-3,$33,$17,$-42,$0,$-3
39,2008-12-31,11.61,$10.34,1.12,$7.29,1.59,$2.80,4.14,$0.96,12.15,$2.08B,$2.48B,0.84,$0.16B,$0.29B,0.55,$0.21B,$0.14B,70.24%,$0.21B,$0.04B,18.54%,$0.21B,0,0.00%,$0.21B,0,0.00%,$0.21B,$0.04B,18.54%,$0.21B,$0.03B,13.17%,$0.03B,$0.29B,9.57%,$0.03B,$0.23B,12.34%,$0.03B,$2.92B,0.93%,$0.04B,$0.45B,8.76%,$49,$14,$35,$0,$27,$41,$8,$0,$8,$2,$6,$6,$6,$0,$0,$28,28,$0.20,$0.20,$145,$0,$0,$2084,$79,$646,$63,$51,$839,$2923,$2476,$159,$0,$159,$2634,$0,$245,$3,$289,$2923,$27,$6,$5,$11,$1,$-0,$-3,$-1,$-3,$35,$-8,$0,$0,$-86,$-28,$-114,$-88,$-210,$76,$-14,$62,$-0,$-0,$-11,$153,$205,$29,$1,$-11
40,2008-09-30,13.93,$10.06,1.38,$7.46,1.87,$2.70,5.16,$0.98,14.29,$2.09B,$2.42B,0.86,$0.16B,$0.28B,0.56,$0.21B,$0.14B,68.57%,$0.21B,$0.04B,18.57%,$0.21B,0,0.00%,$0.21B,0,0.00%,$0.21B,$0.04B,18.57%,$0.21B,$0.03B,12.86%,$0.03B,$0.28B,9.71%,$0.03B,$0.22B,12.60%,$0.03B,$2.86B,0.95%,$0.04B,$0.44B,9.49%,$50,$15,$36,$0,$27,$42,$9,$0,$9,$3,$6,$6,$6,$0,$0,$28,28,$0.24,$0.23,$151,$0,$0,$2089,$78,$576,$63,$53,$771,$2860,$2422,$157,$0,$157,$2579,$0,$242,$-2,$281,$2860,$21,$4,$3,$7,$5,$5,$-2,$-2,$3,$32,$-7,$0,$0,$-6,$-43,$-49,$-90,$-145,$75,$-25,$50,$-0,$-0,$-8,$112,$153,$40,$0,$-8
41,2008-06-30,10.88,$9.97,1.09,$7.60,1.43,$2.45,4.44,$1.01,10.77,$2.12B,$2.51B,0.84,$0.15B,$0.28B,0.54,$0.22B,$0.14B,66.51%,$0.22B,$0.04B,19.07%,$0.22B,0,0.00%,$0.22B,0,0.00%,$0.22B,$0.04B,19.07%,$0.22B,$0.03B,13.49%,$0.03B,$0.28B,10.56%,$0.03B,$0.22B,13.76%,$0.03B,$2.94B,1.03%,$0.04B,$0.43B,10.57%,$51,$16,$35,$0,$26,$42,$8,$0,$8,$2,$6,$6,$6,$0,$0,$28,28,$0.22,$0.21,$201,$0,$0,$2116,$78,$626,$64,$51,$819,$2935,$2506,$151,$0,$151,$2657,$0,$238,$-1,$278,$2935,$15,$3,$1,$3,$-0,$5,$-3,$-1,$1,$19,$-5,$0,$0,$-49,$-49,$-97,$-59,$-162,$69,$-10,$58,$-1,$-1,$-5,$180,$232,$90,$0,$-5
42,2008-03-31,11.49,$10.07,1.14,$7.65,1.5,$2.44,4.71,$1.05,11.0,$2.10B,$2.44B,0.86,$0.14B,$0.28B,0.5,$0.22B,$0.14B,65.44%,$0.22B,$0.04B,19.82%,$0.22B,0,0.00%,$0.22B,0,0.00%,$0.22B,$0.04B,19.82%,$0.22B,$0.03B,13.82%,$0.03B,$0.28B,11.07%,$0.03B,$0.22B,14.51%,$0.03B,$2.86B,1.10%,$0.04B,$0.42B,11.71%,$55,$18,$38,$0,$25,$42,$13,$0,$13,$4,$9,$9,$9,$0,$0,$28,28,$0.32,$0.32,$254,$0,$0,$2098,$77,$571,$64,$51,$764,$2862,$2441,$140,$0,$140,$2581,$0,$235,$5,$281,$2862,$9,$1,$-2,$-0,$5,$-0,$0,$-1,$8,$16,$-3,$0,$0,$0,$-37,$-37,$9,$-31,$57,$-16,$41,$-0,$-0,$-3,$114,$152,$138,$0,$-3
43,2007-12-31,10.17,$9.79,1.04,$7.51,1.35,$2.07,4.91,$0.96,10.6,$1.97B,$2.34B,0.84,$0.08B,$0.27B,0.3,$0.22B,$0.14B,64.19%,$0.22B,$0.04B,18.60%,$0.22B,0,0.00%,$0.22B,0,0.00%,$0.22B,$0.04B,18.60%,$0.22B,$0.03B,13.02%,$0.03B,$0.27B,10.52%,$0.03B,$0.21B,13.86%,$0.03B,$2.69B,1.04%,$0.04B,$0.36B,11.48%,$54,$19,$35,$0,$26,$45,$9,$0,$9,$3,$6,$6,$6,$0,$0,$28,28,$0.23,$0.22,$116,$0,$0,$1973,$75,$531,$64,$49,$719,$2692,$2338,$82,$0,$82,$2420,$0,$230,$2,$272,$2692,$27,$6,$4,$10,$-3,$-1,$1,$3,$-1,$36,$-12,$0,$0,$0,$0,$0,$-72,$-85,$-1,$19,$18,$-8,$-8,$-10,$7,$8,$-41,$0,$-10
44,2007-09-30,10.04,$9.60,1.05,$7.39,1.36,$2.36,4.26,$0.98,10.3,$2.01B,$2.37B,0.85,$0.08B,$0.27B,0.3,$0.21B,$0.14B,63.85%,$0.21B,$0.04B,19.25%,$0.21B,0,0.00%,$0.21B,0,0.00%,$0.21B,$0.04B,19.25%,$0.21B,$0.03B,13.62%,$0.03B,$0.27B,11.03%,$0.03B,$0.20B,14.61%,$0.03B,$2.72B,1.08%,$0.04B,$0.35B,11.88%,$55,$20,$35,$0,$24,$44,$11,$0,$11,$3,$8,$8,$8,$0,$0,$28,28,$0.27,$0.27,$123,$0,$0,$2007,$73,$529,$64,$48,$715,$2722,$2374,$80,$0,$80,$2454,$0,$226,$0,$268,$2722,$21,$4,$2,$7,$-5,$-1,$3,$2,$-0,$27,$-9,$0,$0,$0,$-0,$-0,$-95,$-104,$-4,$63,$60,$-7,$-7,$-8,$-2,$43,$-34,$0,$-8
45,2007-06-30,10.44,$9.36,1.12,$7.22,1.45,$2.57,4.06,$0.97,10.82,$1.95B,$2.32B,0.84,$0.08B,$0.26B,0.31,$0.21B,$0.13B,64.11%,$0.21B,$0.04B,19.62%,$0.21B,0,0.00%,$0.21B,0,0.00%,$0.21B,$0.04B,19.62%,$0.21B,$0.03B,13.40%,$0.03B,$0.26B,10.78%,$0.03B,$0.20B,14.34%,$0.03B,$2.66B,1.05%,$0.04B,$0.35B,11.96%,$53,$19,$34,$0,$24,$43,$10,$0,$10,$3,$7,$7,$7,$0,$0,$28,29,$0.25,$0.25,$124,$0,$0,$1952,$71,$526,$64,$47,$708,$2660,$2315,$83,$0,$83,$2397,$0,$221,$-3,$263,$2660,$14,$3,$1,$4,$-3,$-0,$3,$1,$2,$19,$-5,$0,$0,$0,$1,$1,$-39,$-44,$-1,$-2,$-3,$-4,$-4,$-5,$5,$-7,$-32,$0,$-5
46,2007-03-31,11.31,$9.27,1.22,$7.05,1.6,$2.47,4.58,$0.98,11.6,$1.99B,$2.35B,0.85,$0.08B,$0.26B,0.32,$0.21B,$0.13B,65.37%,$0.21B,$0.04B,20.49%,$0.21B,0,0.00%,$0.21B,0,0.00%,$0.21B,$0.04B,20.49%,$0.21B,$0.03B,13.66%,$0.03B,$0.26B,10.95%,$0.03B,$0.20B,14.66%,$0.03B,$2.69B,1.06%,$0.04B,$0.35B,12.40%,$53,$19,$34,$0,$24,$43,$10,$0,$10,$3,$7,$7,$7,$0,$0,$28,29,$0.24,$0.23,$186,$0,$0,$1989,$69,$520,$65,$49,$703,$2692,$2346,$84,$0,$84,$2430,$0,$216,$-1,$262,$2692,$7,$1,$1,$2,$-1,$-6,$0,$1,$-3,$5,$-3,$0,$0,$0,$8,$8,$-16,$-11,$0,$3,$3,$-2,$-2,$-3,$31,$30,$24,$0,$-3
47,2006-12-31,11.73,$9.12,1.29,$6.81,1.72,$2.70,4.34,$0.95,12.35,$1.94B,$2.31B,0.84,$0.08B,$0.26B,0.32,$0.20B,$0.13B,67.17%,$0.20B,$0.04B,20.71%,$0.20B,0,0.00%,$0.20B,0,0.00%,$0.20B,$0.04B,20.71%,$0.20B,$0.03B,13.64%,$0.03B,$0.26B,10.74%,$0.03B,$0.19B,14.48%,$0.03B,$2.65B,1.03%,$0.04B,$0.34B,12.27%,$52,$18,$33,$0,$23,$42,$10,$0,$10,$3,$7,$7,$7,$0,$0,$28,29,$0.24,$0.24,$156,$0,$0,$1943,$68,$527,$65,$49,$709,$2651,$2309,$83,$0,$83,$2392,$0,$212,$-2,$259,$2651,$27,$6,$5,$10,$-2,$0,$4,$3,$4,$42,$-9,$0,$0,$0,$-3,$-3,$-72,$-85,$-4,$-4,$-8,$-5,$-5,$-10,$116,$93,$50,$0,$-10
