,Date,Stock Price,Book Value per Share,Price to Book Ratio,TTM Sales per Share,Price to Sales Ratio,TTM FCF per Share,Price to FCF Ratio,TTM Net EPS,PE Ratio,Current Assets,Current Liabilities,Current Ratio,Long Term Debt,Shareholder's Equity_x,Debt to Equity Ratio,TTM Revenue_x,TTM Gross Profit,Gross Margin,TTM Revenue_y,TTM Operating Income,Operating Margin,TTM Revenue_x,TTM EBIT,EBIT Margin,TTM Revenue_y,TTM EBITDA,EBITDA Margin,TTM Revenue_x,TTM Pre-Tax Income,Pre-Tax Margin,TTM Revenue_y,TTM Net Income_x,Net Margin,TTM Net Income_y,Shareholder's Equity_y,Return on Equity,TTM Net Income_x,Tangible Equity,Return on Tangible Equity,TTM Net Income_y,Total Assets,Return on Assets,TTM Net Income,LT Investments & Debt,Return on Investment,revenue,cost-goods-sold,gross-profit,research-development-expenses,selling-general-administrative-expenses,operating-expenses,operating-income,total-non-operating-income-expense,pre-tax-income,total-provision-income-taxes,income-after-taxes,income-from-continuous-operations,net-income,ebitda,ebit,basic-shares-outstanding,shares-outstanding,eps-basic-net-earnings-per-share,eps-earnings-per-share-diluted,cash-on-hand,inventory,other-current-assets,total-current-assets,net-property-plant-equipment,long-term-investments,goodwill-intangible-assets-total,other-long-term-assets,total-long-term-assets,total-assets,total-current-liabilities,long-term-debt,other-non-current-liabilities,total-long-term-liabilities,total-liabilities,common-stock-net,retained-earnings-accumulated-deficit,comprehensive-income,total-share-holder-equity,total-liabilities-share-holders-equity,net-income-loss,total-depreciation-amortization-cash-flow,other-non-cash-items,total-non-cash-items,change-in-accounts-receivable,change-in-inventories,change-in-accounts-payable,change-in-assets-liabilities,total-change-in-assets-liabilities,cash-flow-from-operating-activities,net-change-in-property-plant-equipment,net-change-in-intangible-assets,net-acquisitions-divestitures,net-change-in-short-term-investments,net-change-in-long-term-investments,net-change-in-investments-total,investing-activities-other,cash-flow-from-investing-activities,net-long-term-debt,net-current-debt,debt-issuance-retirement-net-total,net-common-equity-issued-repurchased,net-total-equity-issued-repurchased,total-common-preferred-stock-dividends-paid,financial-activities-other,cash-flow-from-financial-activities,net-cash-flow,stock-based-compensation,common-stock-dividends-paid
0,2018-06-30,3.88,$1.40,2.78,$0.79,4.9,$0.15,26.61,$-0.10,0.0,$0.71B,$0.61B,1.16,$0.36B,$0.67B,0.54,$0.36B,$0.27B,74.52%,$0.36B,$0.07B,18.56%,$0.36B,$0.07B,18.56%,$0.36B,$0.07B,18.56%,$0.36B,$-0.06B,-16.90%,$0.36B,$-0.04B,-9.97%,$-0.04B,$0.67B,-5.01%,$-0.04B,$0.67B,-5.01%,$-0.04B,$1.92B,-1.82%,$0.07B,$1.03B,6.12%,$74,$8,$66,$0,$53,$58,$17,$-82,$-65,$-65,$0,$0,$-27,$17,$17,$444,444,$-0.06,$-0.06,$443,$0,$0,$707,$767,$340,$0,$81,$1208,$1915,$610,$363,$175,$633,$1243,$12,$318,$-35,$671,$1915,$0,$0,$0,$0,$0,$0,$0,$0,$0,$0,$0,$0,$0,$0,$0,$0,$0,$0,$0,$0,$0,$0,$0,$0,$0,$0,$0,$0,$0
1,2018-03-31,5.14,$1.56,3.31,$0.87,5.88,$0.15,35.25,$-0.04,0.0,$0.71B,$0.63B,1.13,$0.36B,$0.75B,0.49,$0.40B,$0.26B,66.50%,$0.40B,$0.04B,11.08%,$0.40B,$0.04B,11.08%,$0.40B,$0.04B,11.08%,$0.40B,$0.00B,0.25%,$0.40B,$-0.01B,-2.77%,$-0.01B,$0.75B,-1.58%,$-0.01B,$0.75B,-1.58%,$-0.01B,$2.01B,-0.57%,$0.04B,$1.11B,4.15%,$63,$20,$43,$0,$46,$67,$-4,$-45,$-49,$-4,$-45,$-45,$-45,$-4,$-4,$444,444,$-0.10,$-0.10,$452,$0,$2,$710,$688,$446,$0,$144,$1299,$2009,$626,$364,$155,$638,$1264,$12,$345,$17,$745,$2009,$0,$0,$0,$0,$0,$0,$0,$0,$0,$0,$0,$0,$0,$0,$0,$0,$0,$0,$0,$0,$0,$0,$0,$0,$0,$0,$0,$0,$0
2,2017-12-31,5.58,$1.67,3.35,$0.98,5.69,$0.15,38.27,$0.03,186.0,$0.75B,$0.58B,1.29,$0.41B,$0.74B,0.55,$0.44B,$0.27B,60.81%,$0.44B,$0.04B,9.46%,$0.44B,$0.04B,9.46%,$0.44B,$0.04B,9.46%,$0.44B,$0.04B,9.68%,$0.44B,$0.02B,4.95%,$0.02B,$0.74B,3.49%,$0.02B,$0.74B,3.49%,$0.02B,$2.00B,1.21%,$0.04B,$1.15B,4.22%,$112,$30,$83,$0,$47,$76,$36,$-2,$34,$15,$18,$18,$21,$36,$36,$442,458,$0.06,$0.05,$507,$0,$6,$748,$622,$471,$0,$136,$1252,$2000,$582,$405,$146,$678,$1260,$12,$226,$138,$740,$2000,$22,$28,$47,$75,$-0,$0,$0,$32,$30,$127,$-60,$-34,$0,$-10,$1,$-9,$-181,$-285,$111,$-44,$67,$5,$5,$0,$-38,$34,$-108,$7,$0
3,2017-09-30,4.05,$1.63,2.49,$1.11,3.65,$0.23,17.62,$-0.02,0.0,$0.78B,$0.75B,1.03,$0.37B,$0.72B,0.52,$0.51B,$0.27B,53.65%,$0.51B,$-0.00B,-0.59%,$0.51B,$-0.00B,-0.59%,$0.51B,$-0.00B,-0.59%,$0.51B,$0.00B,0.39%,$0.51B,$-0.01B,-1.78%,$-0.01B,$0.72B,-1.59%,$-0.01B,$0.72B,-1.59%,$-0.01B,$1.97B,-0.52%,$-0.00B,$1.09B,-0.33%,$112,$35,$77,$0,$59,$94,$18,$1,$19,$4,$15,$15,$15,$18,$18,$442,470,$0.03,$0.03,$543,$0,$1,$776,$553,$467,$0,$150,$1194,$1970,$753,$372,$0,$497,$1250,$12,$205,$142,$720,$1970,$0,$0,$0,$0,$0,$0,$0,$0,$0,$0,$0,$0,$0,$0,$0,$0,$0,$0,$0,$0,$0,$0,$0,$0,$0,$0,$0,$0,$0
4,2017-06-30,3.71,$1.34,2.77,$1.40,2.64,$0.23,16.14,$-0.06,0.0,$0.73B,$0.72B,1.01,$0.31B,$0.58B,0.54,$0.65B,$0.29B,44.65%,$0.65B,$-0.02B,-3.26%,$0.65B,$-0.02B,-3.26%,$0.65B,$-0.02B,-3.26%,$0.65B,$-0.01B,-2.17%,$0.65B,$-0.03B,-4.50%,$-0.03B,$0.58B,-5.32%,$-0.03B,$0.58B,-5.32%,$-0.03B,$1.71B,-1.66%,$-0.02B,$0.89B,-2.34%,$110,$49,$61,$0,$67,$116,$-6,$3,$-3,$-3,$0,$0,$-2,$-6,$-6,$442,442,$-0.01,$-0.01,$547,$0,$1,$730,$550,$336,$0,$76,$984,$1714,$723,$312,$0,$410,$1133,$12,$190,$22,$582,$1714,$0,$0,$0,$0,$0,$0,$0,$0,$0,$0,$0,$0,$0,$0,$0,$0,$0,$0,$0,$0,$0,$0,$0,$0,$0,$0,$0,$0,$0
5,2017-03-31,3.26,$1.09,3.0,$1.76,1.85,$0.23,14.18,$-0.15,0.0,$0.74B,$0.66B,1.11,$0.37B,$0.48B,0.77,$0.82B,$0.28B,34.43%,$0.82B,$-0.05B,-5.84%,$0.82B,$-0.05B,-5.84%,$0.82B,$-0.05B,-5.84%,$0.82B,$-0.04B,-5.23%,$0.82B,$-0.07B,-8.27%,$-0.07B,$0.48B,-12.16%,$-0.07B,$0.48B,-12.16%,$-0.07B,$1.58B,-3.70%,$-0.05B,$0.85B,-5.29%,$110,$61,$49,$0,$55,$116,$-6,$-1,$-7,$5,$-12,$-12,$-12,$-6,$-6,$442,442,$-0.03,$-0.03,$543,$0,$6,$736,$543,$232,$0,$53,$847,$1584,$663,$371,$0,$441,$1104,$12,$192,$-78,$480,$1584,$0,$0,$0,$0,$0,$0,$0,$0,$0,$0,$0,$0,$0,$0,$0,$0,$0,$0,$0,$0,$0,$0,$0,$0,$0,$0,$0,$0,$0
6,2016-12-31,3.28,$1.10,2.97,$1.94,1.69,$0.23,14.27,$-0.36,0.0,$0.79B,$0.70B,1.14,$0.36B,$0.49B,0.74,$0.92B,$0.23B,24.97%,$0.92B,$-0.15B,-16.58%,$0.92B,$-0.15B,-16.58%,$0.92B,$-0.15B,-16.58%,$0.92B,$-0.15B,-15.81%,$0.92B,$-0.17B,-18.54%,$-0.17B,$0.49B,-27.27%,$-0.17B,$0.49B,-27.27%,$-0.17B,$1.62B,-8.65%,$-0.15B,$0.85B,-15.99%,$175,$89,$85,$0,$95,$184,$-9,$2,$-7,$3,$-10,$-10,$-10,$-9,$-9,$468,468,$-0.02,$-0.02,$591,$0,$7,$793,$320,$232,$0,$248,$822,$1615,$696,$360,$0,$431,$1127,$12,$204,$-81,$488,$1615,$-170,$25,$35,$60,$16,$0,$0,$228,$241,$131,$-24,$0,$0,$16,$8,$24,$-129,$-128,$-327,$114,$-212,$-135,$-135,$0,$-118,$-466,$-481,$7,$0
7,2016-09-30,4.49,$1.37,3.28,$2.25,1.99,$-0.48,0.0,$-0.43,0.0,$1.21B,$1.02B,1.18,$0.37B,$0.63B,0.59,$1.04B,$0.23B,22.15%,$1.04B,$-0.17B,-16.30%,$1.04B,$-0.17B,-16.30%,$1.04B,$-0.17B,-16.20%,$1.04B,$-0.17B,-16.20%,$1.04B,$-0.20B,-19.08%,$-0.20B,$0.63B,-27.82%,$-0.20B,$0.63B,-27.82%,$-0.20B,$2.10B,-9.32%,$-0.17B,$1.00B,-16.60%,$250,$157,$93,$0,$93,$250,$0,$3,$3,$8,$-5,$-5,$-5,$0,$0,$469,469,$-0.01,$-0.01,$893,$0,$8,$1211,$330,$242,$0,$268,$885,$2096,$1024,$371,$0,$443,$1467,$12,$211,$1,$629,$2096,$0,$0,$0,$0,$0,$0,$0,$0,$0,$0,$0,$0,$0,$0,$0,$0,$0,$0,$0,$0,$0,$0,$0,$0,$0,$0,$0,$0,$0
8,2016-06-30,5.03,$1.36,3.69,$2.27,2.22,$-0.81,0.0,$-0.42,0.0,$1.18B,$1.05B,1.12,$0.29B,$0.64B,0.45,$1.04B,$0.20B,19.00%,$1.04B,$-0.20B,-19.39%,$1.04B,$-0.20B,-19.39%,$1.04B,$-0.19B,-17.95%,$1.04B,$-0.20B,-19.19%,$1.04B,$-0.19B,-18.52%,$-0.19B,$0.64B,-26.90%,$-0.19B,$0.64B,-26.90%,$-0.19B,$2.05B,-9.25%,$-0.20B,$0.93B,-19.08%,$287,$231,$56,$0,$89,$320,$-33,$1,$-32,$9,$-41,$-41,$-41,$-33,$-33,$474,474,$-0.09,$-0.09,$759,$0,$9,$1180,$333,$232,$0,$247,$872,$2053,$1051,$289,$0,$363,$1413,$12,$219,$-42,$639,$2053,$0,$0,$0,$0,$0,$0,$0,$0,$0,$0,$0,$0,$0,$0,$0,$0,$0,$0,$0,$0,$0,$0,$0,$0,$0,$0,$0,$0,$0
9,2016-03-31,5.99,$1.55,3.86,$2.15,2.79,$-0.81,0.0,$-0.29,0.0,$1.28B,$0.99B,1.28,$0.29B,$0.74B,0.39,$0.97B,$0.25B,25.70%,$0.97B,$-0.15B,-15.17%,$0.97B,$-0.15B,-15.17%,$0.97B,$-0.13B,-13.62%,$0.97B,$-0.14B,-14.65%,$0.97B,$-0.14B,-14.04%,$-0.14B,$0.74B,-19.27%,$-0.14B,$0.74B,-19.27%,$-0.14B,$2.10B,-6.75%,$-0.15B,$1.03B,-13.37%,$205,$210,$-5,$0,$105,$315,$-110,$1,$-109,$5,$-114,$-114,$-114,$-110,$-110,$475,475,$-0.24,$-0.24,$812,$0,$10,$1276,$336,$236,$0,$145,$823,$2098,$994,$288,$0,$367,$1361,$12,$260,$-16,$738,$2098,$0,$0,$0,$0,$0,$0,$0,$0,$0,$0,$0,$0,$0,$0,$0,$0,$0,$0,$0,$0,$0,$0,$0,$0,$0,$0,$0,$0,$0
10,2015-12-31,7.39,$1.80,4.11,$2.00,3.7,$-0.81,0.0,$-0.04,0.0,$1.52B,$1.07B,1.41,$0.29B,$0.86B,0.34,$0.89B,$0.33B,37.53%,$0.89B,$-0.03B,-3.37%,$0.89B,$-0.03B,-3.37%,$0.89B,$-0.02B,-1.69%,$0.89B,$-0.02B,-2.36%,$0.89B,$-0.02B,-1.80%,$-0.02B,$0.86B,-2.42%,$-0.02B,$0.86B,-2.42%,$-0.02B,$2.29B,-0.84%,$-0.03B,$1.14B,-2.71%,$301,$214,$87,$0,$114,$328,$-27,$1,$-31,$8,$-39,$-39,$-39,$-26,$-27,$441,441,$-0.09,$-0.09,$984,$0,$11,$1515,$327,$245,$0,$145,$777,$2292,$1073,$288,$0,$365,$1438,$12,$374,$-10,$855,$2292,$-15,$15,$-4,$15,$-119,$0,$0,$-71,$-160,$-165,$-45,$-0,$0,$377,$-127,$250,$-147,$59,$300,$-81,$300,$356,$356,$-83,$95,$587,$463,$4,$-83
11,2015-09-30,6.6,$0.00,0.0,$1.80,3.66,$0.13,49.92,$0.24,27.5,$1.28B,$0.69B,1.87,$0.50B,$0.64B,0.78,$0.81B,$0.43B,52.59%,$0.81B,$0.11B,12.93%,$0.81B,$0.11B,12.93%,$0.81B,$0.12B,14.66%,$0.81B,$0.12B,14.29%,$0.81B,$0.11B,13.05%,$0.11B,$0.64B,17.53%,$0.11B,$0.64B,17.53%,$0.11B,$1.90B,5.99%,$0.11B,$1.14B,9.50%,$249,$188,$60,$0,$92,$280,$-32,$4,$-28,$-29,$1,$1,$1,$-18,$-32,$416,453,$0.00,$0.00,$807,$0,$111,$1283,$0,$234,$0,$164,$400,$1903,$686,$500,$0,$579,$1265,$11,$412,$0,$638,$1903,$24,$13,$0,$13,$0,$0,$0,$0,$-157,$-133,$-20,$0,$0,$0,$0,$-121,$323,$182,$0,$-8,$100,$0,$104,$-83,$16,$129,$161,$0,$0
12,2015-06-30,8.41,$0.00,0.0,$1.66,5.06,$0.47,17.88,$0.38,22.13,$1.04B,$0.56B,1.83,$0.50B,$0.59B,0.85,$0.75B,$0.51B,67.51%,$0.75B,$0.21B,27.59%,$0.75B,$0.21B,27.59%,$0.75B,$0.21B,27.59%,$0.75B,$0.22B,29.71%,$0.75B,$0.17B,22.02%,$0.17B,$0.59B,28.52%,$0.17B,$0.59B,28.52%,$0.17B,$1.77B,9.72%,$0.21B,$1.09B,19.22%,$214,$107,$107,$0,$85,$192,$22,$4,$26,$10,$16,$16,$16,$22,$22,$414,441,$0.04,$0.04,$632,$0,$124,$1035,$0,$257,$0,$259,$518,$1770,$564,$500,$0,$614,$1179,$11,$411,$0,$592,$1770,$0,$0,$0,$0,$0,$0,$0,$0,$0,$0,$0,$0,$0,$0,$0,$0,$0,$0,$0,$0,$0,$0,$0,$0,$0,$0,$0,$0,$0
13,2015-03-31,6.0,$0.00,0.0,$1.54,3.89,$0.47,12.76,$0.49,12.24,$1.10B,$0.49B,2.22,$0.50B,$0.56B,0.9,$0.71B,$0.54B,76.41%,$0.71B,$0.27B,37.71%,$0.71B,$0.27B,37.71%,$0.71B,$0.27B,37.71%,$0.71B,$0.29B,40.96%,$0.71B,$0.22B,30.79%,$0.22B,$0.56B,38.11%,$0.22B,$0.56B,38.11%,$0.22B,$1.66B,13.04%,$0.27B,$1.06B,24.44%,$126,$46,$80,$0,$73,$119,$7,$4,$12,$6,$6,$6,$6,$7,$7,$414,450,$0.01,$0.01,$765,$0,$188,$1095,$0,$124,$0,$226,$352,$1662,$494,$500,$0,$612,$1106,$11,$395,$0,$556,$1662,$0,$0,$0,$0,$0,$0,$0,$0,$0,$0,$0,$0,$0,$0,$0,$0,$0,$0,$0,$0,$0,$0,$0,$0,$0,$0,$0,$0,$0
14,2014-12-31,7.14,$1.53,4.67,$1.52,4.69,$0.47,15.19,$0.58,12.32,$1.18B,$0.50B,2.36,$0.50B,$0.63B,0.79,$0.70B,$0.56B,79.23%,$0.70B,$0.31B,43.95%,$0.70B,$0.31B,43.95%,$0.70B,$0.31B,43.95%,$0.70B,$0.34B,47.65%,$0.70B,$0.25B,36.13%,$0.25B,$0.63B,45.93%,$0.25B,$0.63B,45.93%,$0.25B,$1.74B,15.46%,$0.31B,$1.13B,28.26%,$223,$43,$180,$0,$72,$115,$108,$-2,$106,$24,$83,$83,$83,$108,$108,$410,456,$0.20,$0.19,$908,$0,$143,$1180,$252,$121,$0,$224,$599,$1744,$500,$500,$0,$611,$1112,$11,$471,$50,$633,$1744,$253,$12,$63,$12,$-23,$0,$0,$-106,$0,$214,$0,$0,$-10,$-446,$-119,$-119,$-502,$-631,$49,$-90,$0,$13,$12,$-82,$-32,$-192,$-226,$5,$-82
15,2014-09-30,9.62,$0.00,0.0,$1.52,6.31,$0.91,10.6,$0.64,14.94,$1.16B,$0.50B,2.32,$0.50B,$0.55B,0.92,$0.70B,$0.57B,81.21%,$0.70B,$0.33B,47.06%,$0.70B,$0.33B,47.06%,$0.70B,$0.33B,47.06%,$0.70B,$0.36B,51.65%,$0.70B,$0.28B,40.60%,$0.28B,$0.55B,55.98%,$0.28B,$0.55B,55.98%,$0.28B,$1.65B,17.87%,$0.33B,$1.05B,31.13%,$191,$49,$142,$0,$71,$120,$71,$9,$80,$19,$61,$61,$61,$71,$71,$411,467,$0.15,$0.14,$994,$0,$75,$1161,$0,$59,$0,$214,$274,$1652,$501,$500,$0,$604,$1106,$11,$389,$0,$547,$1652,$0,$0,$0,$0,$0,$0,$0,$0,$0,$0,$0,$0,$0,$0,$0,$0,$0,$0,$0,$0,$0,$0,$0,$0,$0,$0,$0,$0,$0
16,2014-06-30,9.31,$0.00,0.0,$1.56,5.98,$0.91,10.26,$0.75,12.44,$1.05B,$0.40B,2.64,$0.58B,$0.55B,1.05,$0.69B,$0.58B,84.08%,$0.69B,$0.37B,53.11%,$0.69B,$0.37B,53.11%,$0.69B,$0.37B,53.11%,$0.69B,$0.40B,57.45%,$0.69B,$0.33B,47.03%,$0.33B,$0.55B,72.38%,$0.33B,$0.55B,72.38%,$0.33B,$1.63B,22.01%,$0.37B,$1.13B,40.00%,$168,$29,$139,$0,$58,$87,$81,$11,$92,$24,$68,$68,$68,$81,$81,$410,463,$0.17,$0.15,$927,$0,$49,$1052,$0,$50,$0,$308,$360,$1629,$398,$581,$0,$678,$1077,$11,$410,$0,$552,$1629,$0,$0,$0,$0,$0,$0,$0,$0,$0,$0,$0,$0,$0,$0,$0,$0,$0,$0,$0,$0,$0,$0,$0,$0,$0,$0,$0,$0,$0
17,2014-03-31,13.01,$0.00,0.0,$1.54,8.45,$0.91,14.33,$0.73,17.77,$1.03B,$0.40B,2.58,$0.58B,$0.48B,1.21,$0.67B,$0.56B,83.96%,$0.67B,$0.36B,54.27%,$0.67B,$0.36B,54.27%,$0.67B,$0.36B,54.27%,$0.67B,$0.39B,57.72%,$0.67B,$0.31B,46.78%,$0.31B,$0.48B,81.52%,$0.31B,$0.48B,81.52%,$0.31B,$1.55B,23.67%,$0.36B,$1.06B,49.85%,$121,$25,$96,$0,$47,$72,$49,$7,$57,$15,$42,$42,$42,$49,$49,$409,463,$0.10,$0.10,$944,$0,$24,$1027,$0,$33,$0,$268,$303,$1548,$398,$581,$0,$670,$1068,$11,$342,$0,$480,$1548,$0,$0,$0,$0,$0,$0,$0,$0,$0,$0,$0,$0,$0,$0,$0,$0,$0,$0,$0,$0,$0,$0,$0,$0,$0,$0,$0,$0,$0
18,2013-12-31,15.67,$0.00,0.0,$1.50,10.48,$0.91,17.27,$0.70,22.39,$0.96B,$0.45B,2.16,$0.53B,$0.44B,1.2,$0.64B,$0.54B,83.99%,$0.64B,$0.35B,54.95%,$0.64B,$0.35B,54.95%,$0.64B,$0.35B,54.95%,$0.64B,$0.37B,57.77%,$0.64B,$0.30B,46.78%,$0.30B,$0.44B,93.64%,$0.30B,$0.44B,93.64%,$0.30B,$1.51B,25.73%,$0.35B,$0.97B,65.21%,$217,$28,$189,$0,$62,$90,$127,$4,$131,$19,$112,$112,$112,$127,$127,$392,442,$0.29,$0.25,$847,$0,$72,$964,$0,$0,$0,$318,$320,$1505,$446,$531,$0,$616,$1062,$11,$301,$0,$443,$1505,$299,$10,$39,$10,$-25,$0,$0,$80,$61,$408,$-7,$0,$-13,$16,$1,$17,$-38,$-40,$442,$-181,$442,$26,$26,$-81,$-119,$87,$463,$7,$-81
19,2013-09-30,9.82,$0.00,0.0,$1.36,7.21,$0.45,22.05,$0.58,16.87,$0.69B,$0.64B,1.09,$0.18B,$0.32B,0.56,$0.57B,$0.47B,82.39%,$0.57B,$0.30B,51.94%,$0.57B,$0.30B,51.94%,$0.57B,$0.30B,51.94%,$0.57B,$0.31B,54.40%,$0.57B,$0.24B,42.61%,$0.24B,$0.32B,95.09%,$0.24B,$0.32B,95.09%,$0.24B,$1.22B,24.64%,$0.30B,$0.50B,81.89%,$185,$29,$157,$0,$46,$75,$110,$7,$117,$14,$103,$103,$103,$110,$110,$391,421,$0.26,$0.24,$537,$0,$36,$693,$0,$0,$0,$304,$310,$1224,$635,$181,$0,$267,$903,$10,$188,$0,$321,$1224,$0,$0,$0,$0,$0,$0,$0,$0,$0,$0,$0,$0,$0,$0,$0,$0,$0,$0,$0,$0,$0,$0,$0,$0,$0,$0,$0,$0,$0
20,2013-06-30,4.58,$0.00,0.0,$1.24,3.69,$0.45,10.28,$0.46,9.95,$0.35B,$0.53B,0.65,$0.08B,$0.29B,0.28,$0.51B,$0.42B,81.76%,$0.51B,$0.25B,49.22%,$0.51B,$0.25B,49.22%,$0.51B,$0.25B,49.22%,$0.51B,$0.26B,51.18%,$0.51B,$0.19B,36.86%,$0.19B,$0.29B,92.50%,$0.19B,$0.29B,92.50%,$0.19B,$1.00B,21.98%,$0.25B,$0.37B,95.17%,$144,$26,$118,$0,$42,$69,$76,$5,$80,$25,$55,$55,$55,$76,$76,$390,416,$0.14,$0.13,$273,$0,$11,$345,$0,$0,$0,$426,$429,$995,$532,$81,$0,$175,$707,$10,$167,$0,$287,$995,$0,$0,$0,$0,$0,$0,$0,$0,$0,$0,$0,$0,$0,$0,$0,$0,$0,$0,$0,$0,$0,$0,$0,$0,$0,$0,$0,$0,$0
21,2013-03-31,4.83,$0.00,0.0,$1.13,4.27,$0.45,10.85,$0.41,11.91,$0.27B,$0.52B,0.52,$0.08B,$0.22B,0.36,$0.46B,$0.38B,81.64%,$0.46B,$0.22B,47.95%,$0.46B,$0.22B,47.95%,$0.46B,$0.22B,47.95%,$0.46B,$0.23B,49.89%,$0.46B,$0.17B,35.64%,$0.17B,$0.22B,98.51%,$0.17B,$0.22B,98.51%,$0.17B,$0.91B,21.59%,$0.22B,$0.30B,106.86%,$91,$20,$71,$0,$34,$54,$37,$3,$40,$12,$28,$28,$28,$37,$37,$389,417,$0.07,$0.07,$205,$0,$10,$269,$0,$0,$0,$417,$420,$908,$521,$81,$1,$166,$686,$10,$111,$0,$222,$908,$0,$0,$0,$0,$0,$0,$0,$0,$0,$0,$0,$0,$0,$0,$0,$0,$0,$0,$0,$0,$0,$0,$0,$0,$0,$0,$0,$0,$0
22,2012-12-31,4.61,$0.00,0.0,$1.06,4.36,$0.45,10.35,$0.37,12.33,$0.20B,$0.47B,0.42,$0.08B,$0.19B,0.43,$0.43B,$0.35B,81.16%,$0.43B,$0.20B,46.28%,$0.43B,$0.20B,46.28%,$0.43B,$0.20B,46.28%,$0.43B,$0.21B,48.14%,$0.43B,$0.15B,35.35%,$0.15B,$0.19B,108.77%,$0.15B,$0.19B,108.77%,$0.15B,$0.80B,22.28%,$0.20B,$0.27B,124.57%,$148,$25,$122,$0,$51,$76,$72,$0,$72,$16,$56,$56,$56,$72,$72,$388,412,$0.14,$0.14,$145,$0,$20,$195,$0,$0,$0,$525,$527,$801,$468,$81,$0,$146,$614,$10,$83,$0,$188,$801,$152,$9,$0,$9,$0,$0,$0,$0,$14,$219,$-35,$0,$0,$0,$0,$0,$-94,$-129,$0,$15,$81,$0,$17,$-131,$-105,$-123,$-32,$0,$0
23,2012-09-30,2.92,$0.00,0.0,$0.98,2.98,$0.24,12.38,$0.31,9.36,$0.26B,$0.55B,0.48,$0.00B,$0.12B,0.0,$0.40B,$0.32B,81.82%,$0.40B,$0.17B,43.69%,$0.40B,$0.17B,43.69%,$0.40B,$0.17B,43.69%,$0.40B,$0.18B,45.20%,$0.40B,$0.13B,31.82%,$0.13B,$0.12B,108.86%,$0.13B,$0.12B,108.86%,$0.13B,$0.72B,20.10%,$0.17B,$0.12B,149.46%,$127,$21,$106,$0,$40,$61,$66,$3,$69,$20,$49,$49,$49,$66,$66,$385,403,$0.13,$0.12,$181,$0,$25,$261,$0,$0,$0,$376,$377,$717,$546,$0,$0,$55,$601,$10,$27,$0,$116,$717,$0,$0,$0,$0,$0,$0,$0,$0,$0,$0,$0,$0,$0,$0,$0,$0,$0,$0,$0,$0,$0,$0,$0,$0,$0,$0,$0,$0,$0
24,2012-06-30,2.72,$0.00,0.0,$0.93,2.92,$0.24,11.51,$0.29,9.24,$0.29B,$0.44B,0.65,$0.00B,$0.14B,0.0,$0.38B,$0.31B,80.95%,$0.38B,$0.16B,41.80%,$0.38B,$0.16B,41.80%,$0.38B,$0.16B,41.80%,$0.38B,$0.16B,43.39%,$0.38B,$0.12B,31.75%,$0.12B,$0.14B,100.84%,$0.12B,$0.14B,100.84%,$0.12B,$0.63B,20.76%,$0.16B,$0.14B,94.19%,$97,$18,$79,$0,$32,$50,$47,$3,$50,$18,$32,$32,$32,$47,$47,$384,407,$0.08,$0.08,$227,$0,$18,$286,$0,$0,$0,$264,$265,$631,$442,$0,$0,$45,$486,$10,$57,$0,$144,$631,$0,$0,$0,$0,$0,$0,$0,$0,$0,$0,$0,$0,$0,$0,$0,$0,$0,$0,$0,$0,$0,$0,$0,$0,$0,$0,$0,$0,$0
25,2012-03-31,3.25,$0.00,0.0,$0.88,3.68,$0.24,13.77,$0.27,12.12,$0.23B,$0.43B,0.54,$0.00B,$0.11B,0.0,$0.36B,$0.29B,80.66%,$0.36B,$0.15B,40.88%,$0.36B,$0.15B,40.88%,$0.36B,$0.15B,40.88%,$0.36B,$0.15B,42.27%,$0.36B,$0.11B,30.66%,$0.11B,$0.11B,90.61%,$0.11B,$0.11B,90.61%,$0.11B,$0.58B,20.93%,$0.15B,$0.11B,75.90%,$58,$17,$42,$0,$28,$45,$14,$3,$16,$2,$15,$15,$15,$14,$14,$384,405,$0.04,$0.04,$177,$0,$27,$233,$0,$0,$0,$278,$279,$580,$430,$0,$0,$39,$469,$10,$25,$0,$111,$580,$0,$0,$0,$0,$0,$0,$0,$0,$0,$0,$0,$0,$0,$0,$0,$0,$0,$0,$0,$0,$0,$0,$0,$0,$0,$0,$0,$0,$0
26,2011-12-31,2.51,$0.00,0.0,$0.84,3.0,$0.24,10.63,$0.25,10.19,$0.26B,$0.45B,0.58,$0.00B,$0.09B,0.0,$0.35B,$0.28B,80.58%,$0.35B,$0.14B,40.58%,$0.35B,$0.14B,40.58%,$0.35B,$0.14B,40.58%,$0.35B,$0.15B,42.03%,$0.35B,$0.10B,29.57%,$0.10B,$0.09B,79.69%,$0.10B,$0.09B,79.69%,$0.10B,$0.58B,21.38%,$0.14B,$0.09B,66.12%,$114,$17,$97,$0,$51,$68,$46,$-2,$44,$13,$30,$30,$30,$46,$46,$384,406,$0.08,$0.07,$195,$0,$39,$262,$0,$0,$0,$249,$251,$580,$450,$0,$0,$39,$488,$10,$10,$0,$92,$580,$102,$4,$0,$4,$0,$0,$0,$0,$-6,$155,$-60,$0,$0,$0,$0,$258,$-219,$-20,$0,$252,$0,$0,$6,$-142,$-277,$-162,$-21,$0,$0
27,2011-09-30,1.63,$0.00,0.0,$0.80,2.05,$0.25,6.63,$0.27,6.08,$0.25B,$0.18B,1.45,$0.20B,$0.13B,1.51,$0.33B,$0.28B,84.85%,$0.33B,$0.19B,58.48%,$0.33B,$0.19B,58.48%,$0.33B,$0.19B,58.48%,$0.33B,$0.20B,60.61%,$0.33B,$0.11B,33.94%,$0.11B,$0.13B,82.50%,$0.11B,$0.13B,82.50%,$0.11B,$0.52B,27.62%,$0.19B,$0.32B,87.93%,$109,$21,$88,$0,$37,$58,$51,$3,$54,$11,$43,$43,$43,$51,$51,$382,410,$0.11,$0.10,$164,$0,$34,$254,$0,$0,$0,$211,$211,$521,$175,$195,$0,$217,$392,$10,$56,$0,$129,$521,$0,$0,$0,$0,$0,$0,$0,$0,$0,$0,$0,$0,$0,$0,$0,$0,$0,$0,$0,$0,$0,$0,$0,$0,$0,$0,$0,$0,$0
28,2011-06-30,3.15,$0.00,0.0,$0.67,4.67,$0.25,12.82,$0.21,15.08,$0.33B,$0.17B,1.95,$0.10B,$0.16B,0.6,$0.28B,$0.23B,84.17%,$0.28B,$0.17B,59.35%,$0.28B,$0.17B,59.35%,$0.28B,$0.17B,59.35%,$0.28B,$0.17B,61.15%,$0.28B,$0.09B,31.29%,$0.09B,$0.16B,70.59%,$0.09B,$0.16B,70.59%,$0.09B,$0.44B,26.07%,$0.17B,$0.25B,104.27%,$81,$16,$65,$0,$28,$44,$37,$2,$39,$16,$23,$23,$23,$37,$37,$382,418,$0.06,$0.05,$261,$0,$22,$325,$0,$0,$0,$107,$107,$440,$167,$95,$0,$115,$282,$10,$92,$0,$158,$440,$0,$0,$0,$0,$0,$0,$0,$0,$0,$0,$0,$0,$0,$0,$0,$0,$0,$0,$0,$0,$0,$0,$0,$0,$0,$0,$0,$0,$0
