,Date,Stock Price,Book Value per Share,Price to Book Ratio,TTM Sales per Share,Price to Sales Ratio,TTM FCF per Share,Price to FCF Ratio,TTM Net EPS,PE Ratio,Current Assets,Current Liabilities,Current Ratio,Long Term Debt,Shareholder's Equity_x,Debt to Equity Ratio,TTM Revenue_x,TTM Gross Profit,Gross Margin,TTM Revenue_y,TTM Operating Income,Operating Margin,TTM Revenue_x,TTM EBIT,EBIT Margin,TTM Revenue_y,TTM EBITDA,EBITDA Margin,TTM Revenue_x,TTM Pre-Tax Income,Pre-Tax Margin,TTM Revenue_y,TTM Net Income_x,Net Margin,TTM Net Income_y,Shareholder's Equity_y,Return on Equity,TTM Net Income_x,Tangible Equity,Return on Tangible Equity,TTM Net Income_y,Total Assets,Return on Assets,TTM Net Income,LT Investments & Debt,Return on Investment,revenue,cost-goods-sold,gross-profit,research-development-expenses,selling-general-administrative-expenses,operating-expenses,operating-income,total-non-operating-income-expense,pre-tax-income,total-provision-income-taxes,income-after-taxes,income-from-continuous-operations,net-income,ebitda,ebit,basic-shares-outstanding,shares-outstanding,eps-basic-net-earnings-per-share,eps-earnings-per-share-diluted,cash-on-hand,inventory,other-current-assets,total-current-assets,net-property-plant-equipment,long-term-investments,goodwill-intangible-assets-total,other-long-term-assets,total-long-term-assets,total-assets,total-current-liabilities,long-term-debt,other-non-current-liabilities,total-long-term-liabilities,total-liabilities,common-stock-net,retained-earnings-accumulated-deficit,comprehensive-income,total-share-holder-equity,total-liabilities-share-holders-equity,net-income-loss,total-depreciation-amortization-cash-flow,other-non-cash-items,total-non-cash-items,change-in-accounts-receivable,change-in-inventories,change-in-accounts-payable,change-in-assets-liabilities,total-change-in-assets-liabilities,cash-flow-from-operating-activities,net-change-in-property-plant-equipment,net-change-in-intangible-assets,net-acquisitions-divestitures,net-change-in-short-term-investments,net-change-in-long-term-investments,net-change-in-investments-total,investing-activities-other,cash-flow-from-investing-activities,net-long-term-debt,net-current-debt,debt-issuance-retirement-net-total,net-common-equity-issued-repurchased,net-total-equity-issued-repurchased,total-common-preferred-stock-dividends-paid,financial-activities-other,cash-flow-from-financial-activities,net-cash-flow,stock-based-compensation,common-stock-dividends-paid
0,2018-09-30,36.15,$31.16,1.16,$21.17,1.71,$4.46,8.1,$4.09,8.84,$0.07B,$0.01B,5.21,$0.02B,$0.18B,0.11,$0.12B,$0.03B,24.39%,$0.12B,$0.02B,13.82%,$0.12B,$0.02B,13.82%,$0.12B,$0.02B,13.82%,$0.12B,$0.02B,13.82%,$0.12B,$0.03B,20.33%,$0.03B,$0.18B,13.79%,$0.03B,$0.17B,15.06%,$0.03B,$0.24B,10.21%,$0.02B,$0.20B,8.29%,$32,$23,$8,$0,$3,$26,$5,$-0,$5,$2,$4,$4,$4,$5,$5,$6,6,$0.62,$0.62,$49,$0,$2,$72,$56,$0,$16,$99,$171,$243,$14,$20,$2,$45,$58,$0,$156,$0,$184,$243,$0,$0,$0,$0,$0,$0,$0,$0,$0,$18,$-4,$0,$0,$0,$0,$0,$0,$-4,$-5,$0,$-5,$-1,$-1,$-12,$-0,$-18,$-4,$0,$-12
1,2018-06-30,38.5,$30.78,1.25,$20.95,1.84,$4.49,8.58,$9.13,4.22,$0.08B,$0.02B,5.03,$0.03B,$0.18B,0.14,$0.12B,$0.03B,25.62%,$0.12B,$0.02B,14.88%,$0.12B,$0.02B,14.88%,$0.12B,$0.02B,14.88%,$0.12B,$0.02B,14.05%,$0.12B,$0.05B,44.63%,$0.05B,$0.18B,30.29%,$0.05B,$0.17B,33.18%,$0.05B,$0.25B,21.30%,$0.02B,$0.21B,8.86%,$32,$23,$9,$0,$3,$26,$6,$-0,$6,$2,$4,$4,$4,$6,$6,$6,6,$0.70,$0.70,$53,$0,$2,$75,$56,$0,$16,$99,$171,$246,$15,$25,$2,$49,$64,$0,$154,$0,$182,$246,$0,$0,$0,$0,$0,$0,$0,$0,$0,$13,$-3,$0,$0,$0,$0,$0,$0,$-3,$0,$0,$0,$-1,$-1,$-10,$-0,$-11,$-0,$0,$-10
2,2018-03-31,36.96,$30.32,1.22,$20.64,1.79,$4.41,8.39,$9.20,4.02,$0.07B,$0.01B,5.52,$0.03B,$0.18B,0.14,$0.12B,$0.03B,26.05%,$0.12B,$0.02B,15.13%,$0.12B,$0.02B,15.13%,$0.12B,$0.02B,15.13%,$0.12B,$0.02B,14.29%,$0.12B,$0.06B,46.22%,$0.06B,$0.18B,32.84%,$0.06B,$0.16B,35.77%,$0.06B,$0.24B,22.11%,$0.02B,$0.21B,9.22%,$28,$23,$5,$0,$3,$26,$2,$-0,$2,$1,$2,$2,$2,$2,$2,$6,6,$0.26,$0.26,$48,$0,$2,$69,$56,$0,$16,$101,$172,$241,$12,$25,$2,$49,$61,$0,$151,$0,$180,$241,$0,$0,$0,$0,$0,$0,$0,$0,$0,$4,$-1,$0,$0,$0,$0,$0,$0,$-1,$0,$0,$0,$-0,$-0,$-8,$0,$-8,$-5,$0,$-8
3,2017-12-31,39.83,$30.23,1.32,$20.35,1.96,$4.61,8.64,$9.26,4.3,$0.08B,$0.02B,3.64,$0.03B,$0.18B,0.14,$0.12B,$0.03B,26.50%,$0.12B,$0.02B,15.38%,$0.12B,$0.02B,15.38%,$0.12B,$0.02B,15.38%,$0.12B,$0.02B,14.53%,$0.12B,$0.06B,47.01%,$0.06B,$0.18B,35.14%,$0.06B,$0.16B,37.93%,$0.06B,$0.25B,22.54%,$0.02B,$0.20B,9.63%,$31,$23,$8,$0,$3,$28,$4,$-0,$4,$-11,$15,$15,$15,$4,$4,$6,6,$2.51,$2.51,$53,$0,$1,$76,$56,$0,$16,$101,$173,$249,$21,$25,$2,$48,$69,$0,$152,$0,$179,$249,$55,$6,$-56,$-50,$0,$0,$0,$-0,$0,$5,$-6,$0,$-26,$0,$0,$0,$70,$38,$-10,$0,$-10,$0,$0,$-5,$-1,$-17,$26,$0,$-5
4,2017-09-30,43.75,$29.04,1.51,$19.35,2.26,$9.15,4.78,$7.59,5.76,$0.10B,$0.05B,2.19,$0.03B,$0.17B,0.15,$0.11B,$0.03B,27.03%,$0.11B,$0.02B,16.22%,$0.11B,$0.02B,16.22%,$0.11B,$0.02B,16.22%,$0.11B,$0.02B,15.32%,$0.11B,$0.05B,40.54%,$0.05B,$0.17B,30.93%,$0.05B,$0.16B,33.09%,$0.05B,$0.28B,19.01%,$0.02B,$0.20B,10.08%,$30,$22,$9,$0,$3,$25,$6,$-0,$5,$2,$3,$3,$33,$6,$6,$6,6,$5.66,$5.66,$81,$0,$2,$104,$56,$0,$15,$103,$174,$278,$47,$25,$2,$59,$106,$0,$143,$0,$172,$278,$0,$0,$0,$0,$0,$0,$0,$0,$0,$19,$-5,$0,$44,$0,$0,$0,$0,$39,$0,$0,$0,$-0,$-0,$-4,$0,$-4,$54,$0,$-4
5,2017-06-30,43.59,$23.58,1.85,$19.32,2.26,$9.69,4.5,$2.85,15.3,$0.07B,$0.02B,4.18,$0.04B,$0.14B,0.25,$0.11B,$0.03B,26.13%,$0.11B,$0.02B,17.12%,$0.11B,$0.02B,17.12%,$0.11B,$0.02B,17.12%,$0.11B,$0.02B,17.12%,$0.11B,$0.02B,15.32%,$0.02B,$0.14B,12.52%,$0.02B,$0.13B,13.23%,$0.02B,$0.23B,7.67%,$0.02B,$0.18B,11.08%,$30,$21,$9,$0,$3,$24,$6,$-0,$6,$2,$3,$3,$5,$6,$6,$6,6,$0.77,$0.77,$30,$0,$2,$74,$50,$0,$8,$94,$153,$227,$18,$35,$3,$70,$88,$0,$112,$0,$139,$227,$0,$0,$0,$0,$0,$0,$0,$0,$0,$13,$-3,$0,$-2,$0,$0,$0,$-1,$-6,$0,$0,$0,$0,$0,$-4,$0,$-4,$4,$0,$-4
6,2017-03-31,48.35,$23.02,2.1,$19.46,2.48,$9.78,4.94,$2.90,16.67,$0.06B,$0.02B,3.62,$0.04B,$0.14B,0.27,$0.11B,$0.03B,25.89%,$0.11B,$0.02B,16.96%,$0.11B,$0.02B,16.96%,$0.11B,$0.02B,16.96%,$0.11B,$0.02B,16.96%,$0.11B,$0.02B,15.18%,$0.02B,$0.14B,12.76%,$0.02B,$0.13B,13.47%,$0.02B,$0.22B,7.78%,$0.02B,$0.17B,11.26%,$26,$21,$5,$0,$3,$24,$2,$-0,$2,$1,$1,$1,$2,$2,$2,$6,6,$0.33,$0.33,$31,$0,$2,$55,$56,$0,$7,$103,$167,$222,$15,$36,$4,$71,$86,$0,$109,$0,$136,$222,$0,$0,$0,$0,$0,$0,$0,$0,$0,$5,$-1,$0,$0,$0,$0,$0,$-0,$-2,$0,$0,$0,$0,$0,$0,$0,$0,$4,$0,$0
7,2016-12-31,47.36,$22.91,2.07,$20.64,2.29,$10.16,4.66,$3.10,15.28,$0.05B,$0.02B,3.29,$0.04B,$0.14B,0.26,$0.12B,$0.03B,26.89%,$0.12B,$0.02B,18.49%,$0.12B,$0.02B,18.49%,$0.12B,$0.02B,18.49%,$0.12B,$0.02B,18.49%,$0.12B,$0.02B,15.13%,$0.02B,$0.14B,13.79%,$0.02B,$0.13B,14.57%,$0.02B,$0.22B,8.35%,$0.02B,$0.17B,13.23%,$25,$18,$7,$0,$3,$21,$4,$-0,$4,$1,$2,$2,$5,$4,$4,$6,6,$0.84,$0.84,$27,$0,$1,$53,$49,$0,$7,$93,$167,$220,$16,$35,$4,$69,$85,$0,$109,$0,$135,$220,$18,$6,$5,$11,$0,$0,$0,$-1,$0,$29,$-4,$0,$-13,$0,$0,$0,$1,$-16,$0,$0,$0,$0,$0,$-8,$-1,$-8,$5,$0,$-8
8,2016-09-30,42.23,$22.73,1.86,$18.76,2.25,$10.13,4.17,$2.89,14.61,$0.05B,$0.02B,3.22,$0.04B,$0.13B,0.27,$0.11B,$0.03B,25.69%,$0.11B,$0.02B,15.60%,$0.11B,$0.02B,15.60%,$0.11B,$0.02B,15.60%,$0.11B,$0.02B,15.60%,$0.11B,$0.02B,15.60%,$0.02B,$0.13B,13.33%,$0.02B,$0.13B,13.99%,$0.02B,$0.22B,8.03%,$0.02B,$0.17B,10.40%,$30,$22,$8,$0,$3,$23,$7,$-0,$7,$3,$4,$4,$5,$7,$7,$6,6,$0.92,$0.92,$23,$0,$2,$49,$58,$0,$7,$103,$168,$218,$15,$35,$4,$69,$85,$0,$107,$0,$133,$218,$0,$0,$0,$0,$0,$0,$0,$0,$0,$21,$-4,$0,$-13,$0,$0,$0,$2,$-15,$0,$0,$0,$-0,$-0,$-5,$0,$-5,$1,$0,$-5
9,2016-06-30,36.57,$22.02,1.66,$19.46,1.88,$9.80,3.73,$2.50,14.63,$0.05B,$0.02B,2.73,$0.04B,$0.13B,0.27,$0.11B,$0.03B,26.55%,$0.11B,$0.02B,14.16%,$0.11B,$0.02B,14.16%,$0.11B,$0.02B,14.16%,$0.11B,$0.02B,14.16%,$0.11B,$0.02B,13.27%,$0.02B,$0.13B,12.02%,$0.02B,$0.12B,12.53%,$0.02B,$0.21B,7.20%,$0.02B,$0.16B,9.95%,$31,$22,$9,$0,$3,$24,$6,$-0,$6,$3,$4,$4,$5,$6,$6,$6,6,$0.82,$0.81,$18,$0,$2,$45,$58,$0,$7,$103,$169,$214,$17,$35,$4,$68,$85,$0,$103,$0,$129,$214,$0,$0,$0,$0,$0,$0,$0,$0,$0,$13,$-3,$0,$-13,$0,$0,$0,$0,$-15,$0,$0,$0,$0,$0,$-1,$0,$-1,$-4,$0,$-1
10,2016-03-31,36.84,$21.36,1.72,$20.07,1.84,$9.87,3.73,$2.45,15.04,$0.04B,$0.02B,2.56,$0.04B,$0.13B,0.29,$0.12B,$0.03B,26.72%,$0.12B,$0.02B,14.66%,$0.12B,$0.02B,14.66%,$0.12B,$0.02B,14.66%,$0.12B,$0.02B,15.52%,$0.12B,$0.01B,12.07%,$0.01B,$0.13B,11.43%,$0.01B,$0.12B,11.74%,$0.01B,$0.21B,6.84%,$0.02B,$0.16B,10.69%,$33,$25,$8,$0,$3,$27,$5,$-0,$5,$2,$3,$3,$3,$5,$5,$6,6,$0.52,$0.52,$15,$0,$1,$41,$58,$0,$7,$104,$169,$210,$16,$36,$4,$69,$85,$0,$100,$0,$125,$210,$0,$0,$0,$0,$0,$0,$0,$0,$0,$7,$-1,$0,$-12,$0,$0,$0,$0,$-13,$0,$0,$0,$0,$0,$0,$0,$0,$-6,$0,$0
11,2015-12-31,35.13,$20.97,1.68,$19.43,1.81,$9.95,3.53,$2.29,15.34,$0.05B,$0.01B,3.34,$0.04B,$0.12B,0.3,$0.11B,$0.03B,25.89%,$0.11B,$0.02B,14.29%,$0.11B,$0.02B,14.29%,$0.11B,$0.02B,14.29%,$0.11B,$0.02B,15.18%,$0.11B,$0.01B,11.61%,$0.01B,$0.12B,10.79%,$0.01B,$0.12B,10.92%,$0.01B,$0.21B,6.46%,$0.02B,$0.16B,10.21%,$15,$12,$3,$0,$2,$15,$-1,$-1,$-1,$-1,$-1,$-1,$4,$-1,$-1,$6,6,$0.63,$0.63,$22,$0,$1,$48,$58,$0,$3,$96,$157,$205,$14,$36,$3,$67,$82,$0,$98,$0,$123,$205,$13,$6,$8,$14,$0,$0,$0,$0,$1,$29,$-4,$0,$-12,$0,$0,$0,$-2,$-17,$0,$0,$0,$0,$0,$-6,$-2,$-8,$4,$0,$-6
12,2015-09-30,30.53,$20.97,1.46,$23.22,1.31,$9.04,3.38,$2.42,12.61,$0.05B,$0.02B,2.82,$0.04B,$0.12B,0.3,$0.13B,$0.04B,27.82%,$0.13B,$0.03B,18.80%,$0.13B,$0.03B,18.80%,$0.13B,$0.03B,18.80%,$0.13B,$0.03B,18.80%,$0.13B,$0.01B,9.77%,$0.01B,$0.12B,10.97%,$0.01B,$0.12B,11.04%,$0.01B,$0.20B,6.57%,$0.03B,$0.16B,16.16%,$34,$24,$10,$0,$3,$27,$6,$-1,$6,$3,$3,$3,$3,$6,$6,$6,6,$0.54,$0.53,$19,$0,$2,$46,$59,$0,$3,$96,$158,$204,$16,$36,$3,$66,$82,$0,$97,$0,$122,$204,$0,$0,$0,$0,$0,$0,$0,$0,$0,$19,$-4,$0,$-12,$0,$0,$0,$1,$-15,$0,$0,$0,$-1,$-1,$-2,$-0,$-3,$1,$0,$-2
13,2015-06-30,34.18,$20.74,1.65,$23.32,1.47,$9.44,3.62,$2.45,13.95,$0.05B,$0.02B,3.61,$0.04B,$0.12B,0.3,$0.13B,$0.04B,26.32%,$0.13B,$0.03B,18.80%,$0.13B,$0.03B,18.80%,$0.13B,$0.03B,18.80%,$0.13B,$0.02B,18.05%,$0.13B,$0.01B,9.77%,$0.01B,$0.12B,11.04%,$0.01B,$0.12B,11.04%,$0.01B,$0.20B,6.56%,$0.03B,$0.16B,16.10%,$34,$24,$10,$0,$3,$27,$7,$0,$8,$3,$4,$4,$4,$7,$7,$6,6,$0.77,$0.77,$27,$0,$2,$53,$54,$0,$0,$93,$148,$200,$15,$36,$4,$65,$80,$0,$95,$0,$120,$200,$0,$0,$0,$0,$0,$0,$0,$0,$0,$13,$-2,$0,$0,$0,$0,$0,$0,$-2,$0,$0,$0,$0,$0,$-1,$-0,$-1,$9,$0,$-1
14,2015-03-31,39.82,$20.14,1.98,$23.23,1.71,$9.15,4.35,$2.50,15.93,$0.05B,$0.01B,3.33,$0.04B,$0.12B,0.31,$0.13B,$0.04B,26.32%,$0.13B,$0.03B,19.55%,$0.13B,$0.03B,19.55%,$0.13B,$0.03B,19.55%,$0.13B,$0.02B,18.05%,$0.13B,$0.01B,10.53%,$0.01B,$0.12B,11.94%,$0.01B,$0.12B,11.94%,$0.01B,$0.20B,7.04%,$0.03B,$0.15B,16.69%,$29,$23,$6,$0,$2,$25,$4,$-0,$4,$1,$2,$2,$2,$4,$4,$6,6,$0.37,$0.36,$25,$0,$2,$48,$55,$0,$0,$93,$148,$196,$14,$36,$4,$64,$79,$0,$92,$0,$117,$196,$0,$0,$0,$0,$0,$0,$0,$0,$0,$8,$-1,$0,$0,$0,$0,$0,$0,$-1,$0,$0,$0,$0,$0,$0,$-0,$-0,$7,$0,$0
15,2014-12-31,38.87,$19.87,1.96,$23.30,1.67,$9.10,4.27,$2.56,15.18,$0.04B,$0.01B,3.34,$0.04B,$0.12B,0.31,$0.13B,$0.04B,26.32%,$0.13B,$0.03B,19.55%,$0.13B,$0.03B,19.55%,$0.13B,$0.03B,19.55%,$0.13B,$0.02B,18.05%,$0.13B,$0.01B,10.53%,$0.01B,$0.12B,12.04%,$0.01B,$0.12B,12.04%,$0.01B,$0.19B,7.04%,$0.03B,$0.15B,16.53%,$36,$26,$11,$0,$2,$29,$8,$-0,$7,$3,$4,$4,$4,$8,$8,$6,6,$0.75,$0.75,$18,$0,$1,$44,$55,$0,$0,$93,$148,$192,$13,$36,$4,$64,$77,$0,$91,$0,$115,$192,$15,$8,$5,$12,$0,$0,$0,$-2,$-2,$25,$-6,$0,$1,$0,$0,$0,$0,$-5,$-10,$0,$-10,$0,$0,$-10,$-0,$-20,$0,$0,$-10
16,2014-09-30,28.86,$20.47,1.41,$22.85,1.26,$9.40,3.07,$2.36,12.23,$0.05B,$0.02B,3.01,$0.04B,$0.12B,0.35,$0.13B,$0.03B,25.95%,$0.13B,$0.02B,18.32%,$0.13B,$0.02B,18.32%,$0.13B,$0.02B,18.32%,$0.13B,$0.02B,16.79%,$0.13B,$0.01B,9.92%,$0.01B,$0.12B,11.30%,$0.01B,$0.12B,11.30%,$0.01B,$0.21B,6.52%,$0.02B,$0.16B,15.17%,$34,$26,$8,$0,$2,$29,$6,$-0,$5,$2,$3,$3,$3,$6,$6,$6,6,$0.56,$0.56,$28,$0,$2,$54,$56,$0,$0,$95,$151,$205,$18,$41,$4,$68,$86,$0,$95,$0,$119,$205,$0,$0,$0,$0,$0,$0,$0,$0,$0,$21,$-4,$0,$-1,$0,$0,$0,$0,$-5,$-5,$0,$-5,$0,$0,$-1,$0,$-6,$10,$0,$-1
17,2014-06-30,36.53,$20.49,1.78,$22.59,1.62,$9.19,3.98,$2.55,14.33,$0.05B,$0.02B,2.92,$0.04B,$0.12B,0.35,$0.13B,$0.04B,26.92%,$0.13B,$0.03B,19.23%,$0.13B,$0.03B,19.23%,$0.13B,$0.03B,19.23%,$0.13B,$0.02B,18.46%,$0.13B,$0.01B,10.77%,$0.01B,$0.12B,12.23%,$0.01B,$0.12B,12.23%,$0.01B,$0.20B,7.03%,$0.03B,$0.16B,15.63%,$34,$23,$10,$0,$2,$26,$8,$-0,$8,$3,$5,$5,$5,$8,$8,$6,6,$0.83,$0.82,$26,$0,$2,$50,$56,$0,$0,$95,$152,$202,$17,$41,$4,$67,$84,$0,$94,$0,$118,$202,$0,$0,$0,$0,$0,$0,$0,$0,$0,$12,$-3,$0,$0,$0,$0,$0,$-1,$-4,$0,$0,$0,$0,$0,$0,$0,$0,$8,$0,$0
18,2014-03-31,42.5,$19.62,2.17,$22.60,1.88,$9.13,4.65,$2.57,16.54,$0.05B,$0.01B,3.45,$0.05B,$0.11B,0.41,$0.13B,$0.04B,26.92%,$0.13B,$0.03B,19.23%,$0.13B,$0.03B,19.23%,$0.13B,$0.03B,19.23%,$0.13B,$0.02B,18.46%,$0.13B,$0.01B,10.77%,$0.01B,$0.11B,12.39%,$0.01B,$0.11B,12.39%,$0.01B,$0.20B,7.06%,$0.03B,$0.16B,15.55%,$29,$23,$6,$0,$2,$25,$4,$-0,$4,$2,$2,$2,$2,$4,$4,$6,6,$0.43,$0.42,$23,$0,$2,$46,$57,$0,$0,$95,$152,$197,$13,$46,$4,$71,$84,$0,$89,$0,$113,$197,$0,$0,$0,$0,$0,$0,$0,$0,$0,$8,$-1,$0,$-1,$0,$0,$0,$0,$-2,$0,$0,$0,$0,$0,$0,$0,$0,$6,$0,$0
19,2013-12-31,43.02,$19.12,2.25,$22.53,1.91,$9.17,4.69,$2.66,16.17,$0.04B,$0.01B,3.01,$0.05B,$0.11B,0.41,$0.13B,$0.04B,27.69%,$0.13B,$0.03B,20.00%,$0.13B,$0.03B,20.00%,$0.13B,$0.03B,20.00%,$0.13B,$0.03B,19.23%,$0.13B,$0.02B,11.54%,$0.02B,$0.11B,13.45%,$0.02B,$0.11B,13.45%,$0.02B,$0.19B,7.53%,$0.03B,$0.16B,16.00%,$34,$24,$10,$0,$2,$28,$6,$-0,$5,$2,$3,$3,$3,$6,$6,$6,6,$0.53,$0.54,$18,$0,$1,$42,$56,$0,$0,$95,$151,$193,$14,$45,$4,$70,$84,$0,$87,$0,$110,$193,$15,$8,$5,$12,$0,$0,$0,$-0,$-1,$27,$-5,$0,$3,$0,$0,$0,$0,$-2,$-13,$0,$-13,$0,$0,$-10,$-0,$-23,$2,$0,$-10
20,2013-09-30,36.67,$20.52,1.79,$22.92,1.6,$10.02,3.66,$3.11,11.79,$0.05B,$0.01B,3.71,$0.05B,$0.12B,0.43,$0.13B,$0.04B,28.79%,$0.13B,$0.03B,22.73%,$0.13B,$0.03B,22.73%,$0.13B,$0.03B,22.73%,$0.13B,$0.03B,21.97%,$0.13B,$0.02B,13.64%,$0.02B,$0.12B,16.36%,$0.02B,$0.12B,16.36%,$0.02B,$0.21B,8.99%,$0.03B,$0.17B,18.24%,$33,$24,$9,$0,$2,$26,$7,$-0,$7,$3,$4,$4,$4,$7,$7,$6,6,$0.76,$0.75,$27,$0,$2,$52,$56,$0,$0,$97,$153,$205,$14,$50,$4,$74,$88,$0,$94,$0,$117,$205,$0,$0,$0,$0,$0,$0,$0,$0,$0,$19,$-3,$0,$3,$0,$0,$0,$0,$-0,$-8,$0,$-8,$0,$0,$0,$-0,$-8,$12,$0,$0
21,2013-06-30,37.94,$19.75,1.92,$22.92,1.66,$10.35,3.66,$3.13,12.14,$0.04B,$0.01B,3.31,$0.05B,$0.11B,0.45,$0.13B,$0.04B,29.77%,$0.13B,$0.03B,23.66%,$0.13B,$0.03B,23.66%,$0.13B,$0.03B,23.66%,$0.13B,$0.03B,22.90%,$0.13B,$0.02B,13.74%,$0.02B,$0.11B,16.82%,$0.02B,$0.11B,16.82%,$0.02B,$0.20B,9.08%,$0.03B,$0.16B,18.93%,$34,$23,$10,$0,$2,$25,$8,$-0,$8,$3,$5,$5,$5,$8,$8,$6,6,$0.85,$0.84,$19,$0,$2,$44,$58,$0,$0,$96,$154,$198,$13,$50,$3,$72,$86,$0,$89,$0,$112,$198,$0,$0,$0,$0,$0,$0,$0,$0,$0,$11,$-2,$0,$3,$0,$0,$0,$-0,$0,$-8,$0,$-8,$0,$0,$0,$-0,$-8,$3,$0,$0
22,2013-03-31,38.23,$18.90,2.02,$22.85,1.67,$11.02,3.47,$3.19,11.97,$0.05B,$0.01B,3.61,$0.06B,$0.11B,0.55,$0.13B,$0.04B,30.77%,$0.13B,$0.03B,24.62%,$0.13B,$0.03B,24.62%,$0.13B,$0.03B,24.62%,$0.13B,$0.03B,23.85%,$0.13B,$0.02B,13.85%,$0.02B,$0.11B,17.27%,$0.02B,$0.11B,17.27%,$0.02B,$0.20B,9.15%,$0.03B,$0.17B,19.60%,$29,$22,$7,$0,$2,$24,$5,$-0,$5,$2,$3,$3,$3,$5,$5,$6,6,$0.52,$0.51,$25,$0,$2,$47,$58,$0,$0,$96,$154,$201,$13,$59,$3,$80,$93,$0,$85,$0,$107,$201,$0,$0,$0,$0,$0,$0,$0,$0,$0,$8,$-1,$0,$3,$0,$0,$0,$-0,$2,$0,$0,$0,$0,$0,$0,$0,$0,$9,$0,$0
23,2012-12-31,28.82,$18.36,1.57,$22.97,1.25,$11.22,2.57,$3.16,9.11,$0.04B,$0.01B,3.03,$0.06B,$0.10B,0.57,$0.13B,$0.04B,30.77%,$0.13B,$0.03B,24.62%,$0.13B,$0.03B,24.62%,$0.13B,$0.03B,24.62%,$0.13B,$0.03B,23.08%,$0.13B,$0.02B,13.85%,$0.02B,$0.10B,17.73%,$0.02B,$0.10B,17.73%,$0.02B,$0.20B,9.31%,$0.03B,$0.16B,19.88%,$36,$24,$12,$0,$2,$26,$10,$-1,$9,$3,$6,$6,$6,$10,$10,$6,6,$1.02,$1.01,$16,$0,$1,$40,$58,$0,$0,$98,$157,$197,$13,$59,$3,$80,$93,$0,$82,$0,$104,$197,$18,$8,$5,$13,$0,$0,$0,$-1,$0,$31,$-5,$0,$0,$0,$0,$0,$-0,$-5,$-10,$0,$-10,$0,$0,$-7,$0,$-17,$9,$0,$-7
24,2012-09-30,24.13,$18.56,1.3,$22.32,1.08,$10.46,2.31,$2.88,8.38,$0.04B,$0.01B,2.95,$0.06B,$0.11B,0.56,$0.13B,$0.04B,30.16%,$0.13B,$0.03B,23.81%,$0.13B,$0.03B,23.81%,$0.13B,$0.03B,23.81%,$0.13B,$0.03B,22.22%,$0.13B,$0.02B,12.70%,$0.02B,$0.11B,16.20%,$0.02B,$0.11B,16.20%,$0.02B,$0.20B,8.36%,$0.03B,$0.16B,18.75%,$32,$22,$10,$0,$2,$24,$8,$-1,$8,$3,$4,$4,$4,$8,$8,$6,6,$0.76,$0.76,$14,$0,$2,$39,$59,$0,$0,$99,$158,$197,$13,$59,$3,$79,$92,$0,$83,$0,$105,$197,$0,$0,$0,$0,$0,$0,$0,$0,$0,$22,$-4,$0,$0,$0,$0,$0,$-0,$-4,$-10,$0,$-10,$0,$0,$0,$-0,$-10,$7,$0,$0
25,2012-06-30,22.1,$17.79,1.24,$22.26,0.99,$10.05,2.2,$2.77,7.99,$0.03B,$0.01B,2.42,$0.06B,$0.10B,0.58,$0.13B,$0.04B,29.37%,$0.13B,$0.03B,23.02%,$0.13B,$0.03B,23.02%,$0.13B,$0.03B,23.02%,$0.13B,$0.03B,20.63%,$0.13B,$0.02B,12.70%,$0.02B,$0.10B,16.89%,$0.02B,$0.10B,16.89%,$0.02B,$0.19B,8.41%,$0.03B,$0.16B,18.21%,$33,$22,$11,$0,$2,$24,$9,$-0,$9,$3,$5,$5,$5,$9,$9,$6,6,$0.91,$0.91,$9,$0,$2,$34,$60,$0,$0,$98,$158,$192,$14,$59,$3,$77,$91,$0,$79,$0,$101,$192,$0,$0,$0,$0,$0,$0,$0,$0,$0,$15,$-3,$0,$0,$0,$0,$0,$-0,$-3,$-10,$0,$-10,$0,$0,$0,$-0,$-10,$2,$0,$0
26,2012-03-31,21.32,$16.89,1.26,$22.23,0.96,$9.48,2.25,$2.42,8.8,$0.03B,$0.01B,2.22,$0.06B,$0.10B,0.64,$0.13B,$0.04B,28.57%,$0.13B,$0.03B,22.22%,$0.13B,$0.03B,22.22%,$0.13B,$0.03B,22.22%,$0.13B,$0.02B,18.25%,$0.13B,$0.01B,11.11%,$0.01B,$0.10B,15.43%,$0.01B,$0.10B,15.43%,$0.01B,$0.19B,7.26%,$0.03B,$0.16B,17.28%,$29,$22,$7,$0,$2,$24,$5,$-1,$4,$2,$3,$3,$3,$5,$5,$6,6,$0.48,$0.48,$7,$0,$2,$28,$63,$0,$0,$96,$159,$187,$13,$61,$3,$79,$91,$0,$74,$0,$96,$187,$0,$0,$0,$0,$0,$0,$0,$0,$0,$9,$-1,$0,$0,$0,$0,$0,$-0,$-1,$-8,$0,$-8,$0,$0,$0,$-0,$-8,$-0,$0,$0
27,2011-12-31,22.26,$16.41,1.36,$22.14,1.01,$8.98,2.48,$2.24,9.96,$0.03B,$0.02B,2.12,$0.07B,$0.09B,0.71,$0.13B,$0.04B,27.78%,$0.13B,$0.03B,21.43%,$0.13B,$0.03B,21.43%,$0.13B,$0.03B,21.43%,$0.13B,$0.02B,17.46%,$0.13B,$0.01B,10.32%,$0.01B,$0.09B,14.90%,$0.01B,$0.09B,14.90%,$0.01B,$0.19B,6.65%,$0.03B,$0.16B,16.36%,$32,$22,$10,$0,$2,$24,$8,$-1,$7,$3,$4,$4,$4,$8,$8,$6,6,$0.73,$0.72,$7,$0,$1,$31,$61,$0,$0,$99,$159,$190,$15,$66,$3,$83,$97,$0,$71,$0,$93,$190,$13,$8,$9,$17,$0,$0,$0,$-1,$-2,$27,$-5,$0,$0,$1,$0,$1,$0,$-4,$-27,$0,$-27,$0,$0,$0,$-1,$-28,$-5,$0,$0
28,2011-09-30,17.58,$15.66,1.12,$22.22,0.79,$9.28,1.89,$2.32,7.58,$0.03B,$0.02B,1.89,$0.07B,$0.09B,0.82,$0.13B,$0.04B,28.57%,$0.13B,$0.03B,22.22%,$0.13B,$0.03B,22.22%,$0.13B,$0.03B,22.22%,$0.13B,$0.02B,18.25%,$0.13B,$0.01B,11.11%,$0.01B,$0.09B,16.67%,$0.01B,$0.09B,16.67%,$0.01B,$0.19B,7.07%,$0.03B,$0.16B,16.69%,$32,$23,$9,$0,$2,$25,$7,$-1,$6,$2,$4,$4,$4,$7,$7,$6,6,$0.65,$0.65,$8,$0,$2,$31,$64,$0,$0,$97,$161,$192,$17,$72,$3,$87,$103,$0,$67,$0,$89,$192,$0,$0,$0,$0,$0,$0,$0,$0,$0,$19,$-4,$0,$0,$1,$0,$1,$0,$-3,$-20,$0,$-20,$-0,$-0,$0,$-1,$-21,$-5,$0,$0
29,2011-06-30,22.04,$15.00,1.47,$22.37,0.99,$9.41,2.34,$2.30,9.6,$0.04B,$0.02B,2.28,$0.09B,$0.09B,1.01,$0.13B,$0.04B,28.35%,$0.13B,$0.03B,22.05%,$0.13B,$0.03B,22.05%,$0.13B,$0.03B,22.05%,$0.13B,$0.02B,18.11%,$0.13B,$0.01B,11.02%,$0.01B,$0.09B,17.39%,$0.01B,$0.09B,17.39%,$0.01B,$0.20B,6.97%,$0.03B,$0.17B,16.47%,$33,$23,$10,$0,$2,$25,$8,$-2,$6,$2,$3,$3,$3,$8,$8,$6,6,$0.56,$0.56,$14,$0,$2,$40,$65,$0,$0,$97,$161,$202,$18,$86,$4,$99,$117,$0,$63,$0,$85,$202,$0,$0,$0,$0,$0,$0,$0,$0,$0,$12,$-3,$0,$0,$0,$0,$0,$-0,$-3,$-7,$0,$-7,$-0,$-0,$0,$-1,$-8,$1,$0,$0
30,2011-03-31,20.69,$14.43,1.43,$22.40,0.92,$9.70,2.13,$2.39,8.67,$0.04B,$0.02B,2.12,$0.09B,$0.08B,1.07,$0.13B,$0.04B,28.35%,$0.13B,$0.03B,22.05%,$0.13B,$0.03B,22.05%,$0.13B,$0.03B,22.05%,$0.13B,$0.02B,18.11%,$0.13B,$0.02B,11.81%,$0.02B,$0.08B,19.42%,$0.02B,$0.08B,19.42%,$0.02B,$0.20B,7.43%,$0.03B,$0.17B,16.54%,$29,$23,$6,$0,$2,$25,$4,$-1,$3,$1,$2,$2,$2,$4,$4,$6,6,$0.29,$0.29,$14,$0,$2,$35,$65,$0,$0,$97,$162,$198,$17,$88,$4,$99,$116,$0,$60,$0,$82,$198,$0,$0,$0,$0,$0,$0,$0,$0,$0,$6,$-1,$0,$0,$0,$0,$0,$-0,$-1,$-4,$0,$-4,$-0,$-0,$0,$0,$-4,$1,$0,$0
31,2010-12-31,15.49,$14.11,1.1,$22.29,0.69,$10.02,1.55,$2.68,5.78,$0.04B,$0.02B,1.98,$0.09B,$0.08B,1.12,$0.13B,$0.04B,27.78%,$0.13B,$0.03B,22.22%,$0.13B,$0.03B,22.22%,$0.13B,$0.03B,22.22%,$0.13B,$0.03B,20.63%,$0.13B,$0.02B,12.70%,$0.02B,$0.08B,21.69%,$0.02B,$0.08B,21.69%,$0.02B,$0.20B,7.88%,$0.03B,$0.17B,16.54%,$32,$21,$11,$0,$2,$23,$9,$-1,$8,$3,$5,$5,$5,$9,$9,$6,6,$0.81,$0.81,$13,$0,$1,$37,$66,$0,$0,$98,$163,$200,$18,$90,$4,$101,$120,$0,$58,$0,$80,$200,$15,$9,$3,$12,$0,$0,$0,$0,$0,$28,$-4,$4,$0,$-1,$0,$-1,$-0,$-2,$-25,$0,$-25,$0,$0,$0,$-2,$-27,$-1,$1,$0
32,2010-09-30,12.09,$13.27,0.91,$22.26,0.54,$9.66,1.25,$0.56,21.49,$0.04B,$0.02B,1.63,$0.09B,$0.08B,1.26,$0.13B,$0.03B,25.40%,$0.13B,$0.01B,6.35%,$0.13B,$0.01B,6.35%,$0.13B,$0.01B,6.35%,$0.13B,$0.01B,4.76%,$0.13B,$0.00B,3.17%,$0.00B,$0.08B,5.73%,$0.00B,$0.08B,5.73%,$0.00B,$0.20B,1.97%,$0.01B,$0.17B,4.74%,$33,$24,$9,$0,$2,$25,$7,$-1,$6,$2,$4,$4,$4,$7,$7,$6,6,$0.63,$0.63,$16,$0,$2,$39,$66,$0,$0,$97,$164,$203,$24,$94,$3,$103,$127,$0,$54,$0,$75,$203,$0,$0,$0,$0,$0,$0,$0,$0,$0,$19,$-3,$4,$0,$-2,$0,$-2,$0,$-2,$-16,$0,$-16,$-0,$-0,$0,$-2,$-17,$1,$0,$0
33,2010-06-30,14.22,$12.60,1.13,$22.00,0.65,$9.56,1.49,$0.37,38.7,$0.04B,$0.03B,1.34,$0.10B,$0.07B,1.35,$0.12B,$0.03B,25.00%,$0.12B,$0.01B,5.65%,$0.12B,$0.01B,5.65%,$0.12B,$0.01B,5.65%,$0.12B,$0.00B,3.23%,$0.12B,$0.00B,1.61%,$0.00B,$0.07B,2.91%,$0.00B,$0.07B,2.91%,$0.00B,$0.21B,0.96%,$0.01B,$0.17B,4.08%,$33,$23,$10,$0,$2,$25,$8,$-2,$6,$2,$4,$4,$4,$8,$8,$6,6,$0.65,$0.65,$18,$0,$2,$42,$67,$0,$0,$97,$164,$206,$31,$96,$3,$103,$135,$0,$50,$0,$72,$206,$0,$0,$0,$0,$0,$0,$0,$0,$0,$13,$-2,$4,$0,$-2,$0,$-2,$-0,$-1,$-8,$0,$-8,$-0,$-0,$0,$-2,$-9,$3,$0,$0
34,2010-03-31,13.48,$11.91,1.13,$21.79,0.62,$9.35,1.44,$0.19,71.92,$0.04B,$0.03B,1.33,$0.10B,$0.07B,1.49,$0.12B,$0.03B,23.58%,$0.12B,$0.01B,4.07%,$0.12B,$0.01B,4.07%,$0.12B,$0.01B,4.07%,$0.12B,$0.00B,2.44%,$0.12B,$0.00B,0.81%,$0.00B,$0.07B,1.48%,$0.00B,$0.07B,1.48%,$0.00B,$0.20B,0.47%,$0.01B,$0.17B,2.83%,$28,$23,$5,$0,$2,$24,$4,$2,$6,$2,$3,$3,$3,$4,$4,$6,6,$0.59,$0.59,$16,$0,$2,$37,$68,$0,$0,$97,$166,$203,$28,$101,$3,$107,$135,$0,$46,$0,$68,$203,$0,$0,$0,$0,$0,$0,$0,$0,$0,$7,$-1,$4,$0,$0,$0,$0,$0,$3,$-5,$0,$-5,$-0,$-0,$0,$-2,$-7,$4,$0,$0
35,2009-12-31,7.47,$11.28,0.66,$21.53,0.35,$8.91,0.84,$-0.47,0.0,$0.04B,$0.03B,1.27,$0.10B,$0.06B,1.62,$0.12B,$0.03B,21.49%,$0.12B,$0.00B,0.83%,$0.12B,$0.00B,0.83%,$0.12B,$0.00B,0.83%,$0.12B,$-0.00B,-3.31%,$0.12B,$-0.00B,-1.65%,$-0.00B,$0.06B,-2.99%,$-0.00B,$0.06B,-2.99%,$-0.00B,$0.20B,-0.92%,$0.00B,$0.17B,0.55%,$32,$24,$8,$0,$2,$42,$-11,$-2,$-12,$-5,$-7,$-7,$-7,$-11,$-11,$6,6,$-1.30,$-1.30,$13,$0,$2,$37,$69,$0,$0,$96,$165,$202,$29,$104,$3,$109,$138,$0,$43,$0,$64,$202,$-3,$10,$17,$27,$0,$0,$0,$3,$1,$25,$-4,$0,$0,$0,$0,$0,$0,$-4,$-14,$0,$-14,$-0,$-0,$0,$-1,$-15,$6,$1,$0
36,2009-09-30,7.98,$12.50,0.64,$21.40,0.37,$8.00,1.0,$-12.22,0.0,$0.04B,$0.03B,1.22,$0.11B,$0.07B,1.55,$0.12B,$0.03B,20.97%,$0.12B,$-0.10B,-79.03%,$0.12B,$-0.10B,-79.03%,$0.12B,$-0.10B,-79.03%,$0.12B,$-0.10B,-83.87%,$0.12B,$-0.07B,-55.65%,$-0.07B,$0.07B,-102.60%,$-0.07B,$0.07B,-102.60%,$-0.07B,$0.23B,-31.12%,$-0.10B,$0.18B,-51.31%,$31,$24,$8,$0,$2,$25,$6,$-1,$4,$2,$2,$2,$2,$6,$6,$6,6,$0.44,$0.44,$17,$0,$2,$41,$70,$0,$0,$114,$184,$225,$33,$110,$3,$120,$154,$0,$50,$0,$71,$225,$0,$0,$0,$0,$0,$0,$0,$0,$0,$19,$-3,$0,$0,$0,$0,$0,$0,$-3,$-5,$0,$-5,$-0,$-0,$0,$-1,$-6,$10,$0,$0
37,2009-06-30,3.07,$12.01,0.26,$21.58,0.14,$7.34,0.42,$-12.17,0.0,$0.04B,$0.03B,1.43,$0.12B,$0.07B,1.76,$0.13B,$0.03B,21.71%,$0.13B,$-0.10B,-75.19%,$0.13B,$-0.10B,-75.19%,$0.13B,$-0.10B,-75.19%,$0.13B,$-0.10B,-79.07%,$0.13B,$-0.07B,-52.71%,$-0.07B,$0.07B,-79.07%,$-0.07B,$0.07B,-94.12%,$-0.07B,$0.22B,-27.15%,$-0.10B,$0.19B,-45.01%,$32,$23,$8,$0,$2,$25,$6,$-1,$5,$2,$3,$3,$3,$6,$6,$6,6,$0.47,$0.47,$14,$0,$2,$39,$72,$0,$0,$114,$185,$224,$27,$120,$3,$129,$156,$0,$48,$0,$68,$224,$0,$0,$0,$0,$0,$0,$0,$0,$0,$12,$-3,$0,$0,$0,$0,$0,$0,$-2,$-2,$0,$-2,$-0,$-0,$0,$-1,$-3,$7,$0,$0
38,2009-03-31,2.27,$11.47,0.2,$21.62,0.1,$6.62,0.34,$-12.14,0.0,$0.03B,$0.01B,2.13,$0.13B,$0.07B,2.01,$0.13B,$0.03B,22.39%,$0.13B,$-0.10B,-70.90%,$0.13B,$-0.10B,-70.90%,$0.13B,$-0.10B,-70.90%,$0.13B,$-0.10B,-75.37%,$0.13B,$-0.07B,-50.75%,$-0.07B,$0.07B,-63.70%,$-0.07B,$0.07B,-85.80%,$-0.07B,$0.22B,-24.24%,$-0.10B,$0.20B,-39.62%,$26,$24,$2,$0,$2,$26,$0,$-1,$-1,$-0,$-0,$-0,$-0,$0,$0,$6,6,$-0.07,$-0.07,$8,$0,$2,$31,$72,$0,$0,$114,$186,$217,$14,$131,$3,$137,$152,$0,$45,$0,$65,$217,$0,$0,$0,$0,$0,$0,$0,$0,$0,$5,$-1,$0,$0,$0,$0,$0,$0,$-1,$-2,$0,$-2,$-0,$-0,$0,$-1,$-3,$1,$0,$0
39,2008-12-31,3.93,$10.83,0.36,$21.62,0.18,$6.20,0.63,$-11.92,0.0,$0.04B,$0.02B,2.26,$0.13B,$0.07B,2.06,$0.14B,$0.03B,24.29%,$0.14B,$-0.09B,-65.00%,$0.14B,$-0.09B,-65.00%,$0.14B,$-0.09B,-65.00%,$0.14B,$-0.10B,-70.00%,$0.14B,$-0.07B,-47.86%,$-0.07B,$0.07B,-52.45%,$-0.07B,$0.07B,-77.46%,$-0.07B,$0.22B,-21.56%,$-0.09B,$0.20B,-34.80%,$35,$27,$8,$0,$2,$145,$-110,$-1,$-112,$-38,$-74,$-74,$-74,$-110,$-110,$6,6,$-11.69,$-11.69,$7,$0,$2,$35,$73,$0,$0,$113,$187,$221,$15,$134,$3,$141,$156,$0,$46,$0,$65,$221,$-66,$10,$83,$93,$0,$0,$0,$-0,$-1,$25,$-7,$0,$-11,$0,$0,$0,$0,$-18,$6,$0,$6,$-19,$-19,$0,$-0,$-14,$-6,$1,$0
40,2008-09-30,13.58,$26.00,0.52,$21.69,0.63,$5.84,2.32,$1.62,8.38,$0.04B,$0.02B,2.2,$0.13B,$0.15B,0.91,$0.14B,$0.04B,25.17%,$0.14B,$0.03B,18.88%,$0.14B,$0.03B,18.88%,$0.14B,$0.03B,18.88%,$0.14B,$0.02B,13.29%,$0.14B,$0.01B,6.99%,$0.01B,$0.15B,6.72%,$0.01B,$0.09B,10.53%,$0.01B,$0.34B,2.94%,$0.03B,$0.28B,9.59%,$36,$27,$10,$0,$2,$29,$7,$-2,$6,$2,$3,$3,$3,$7,$7,$6,6,$0.49,$0.49,$8,$0,$0,$35,$74,$0,$55,$176,$304,$340,$16,$133,$4,$178,$194,$0,$120,$0,$146,$340,$0,$0,$0,$0,$0,$0,$0,$0,$0,$18,$-5,$0,$-11,$0,$0,$0,$-0,$-16,$5,$0,$5,$-12,$-12,$0,$-0,$-7,$-5,$0,$0
41,2008-06-30,11.94,$23.08,0.52,$21.36,0.56,$5.38,2.22,$1.65,7.23,$0.04B,$0.02B,2.38,$0.13B,$0.15B,0.88,$0.14B,$0.04B,25.17%,$0.14B,$0.03B,19.58%,$0.14B,$0.03B,19.58%,$0.14B,$0.03B,19.58%,$0.14B,$0.02B,13.29%,$0.14B,$0.01B,6.99%,$0.01B,$0.15B,6.72%,$0.01B,$0.10B,10.39%,$0.01B,$0.34B,2.96%,$0.03B,$0.29B,9.98%,$37,$27,$10,$0,$3,$30,$8,$-2,$6,$2,$3,$3,$3,$8,$8,$7,7,$0.53,$0.53,$10,$0,$0,$40,$76,$0,$55,$174,$305,$344,$17,$133,$4,$176,$193,$0,$116,$0,$151,$344,$0,$0,$0,$0,$0,$0,$0,$0,$0,$10,$-4,$0,$-11,$0,$0,$0,$-0,$-14,$5,$0,$5,$-3,$-3,$0,$-0,$1,$-3,$0,$0
42,2008-03-31,13.34,$22.42,0.6,$21.43,0.62,$5.12,2.6,$1.71,7.8,$0.03B,$0.01B,2.32,$0.13B,$0.15B,0.89,$0.14B,$0.04B,25.69%,$0.14B,$0.03B,20.14%,$0.14B,$0.03B,20.14%,$0.14B,$0.03B,20.14%,$0.14B,$0.02B,13.19%,$0.14B,$0.01B,7.64%,$0.01B,$0.15B,7.51%,$0.01B,$0.09B,11.52%,$0.01B,$0.34B,3.30%,$0.03B,$0.28B,10.46%,$32,$25,$6,$0,$3,$28,$4,$-2,$2,$1,$1,$1,$1,$4,$4,$7,7,$0.14,$0.14,$8,$0,$0,$33,$76,$0,$55,$174,$305,$338,$14,$133,$4,$175,$189,$0,$113,$0,$149,$338,$0,$0,$0,$0,$0,$0,$0,$0,$0,$4,$-2,$0,$-11,$0,$0,$0,$0,$-13,$5,$0,$5,$-1,$-1,$0,$-0,$3,$-6,$0,$0
43,2007-12-31,14.03,$22.05,0.64,$21.45,0.65,$5.10,2.75,$1.68,8.35,$0.04B,$0.02B,2.39,$0.13B,$0.15B,0.87,$0.14B,$0.04B,25.69%,$0.14B,$0.03B,20.14%,$0.14B,$0.03B,20.14%,$0.14B,$0.03B,20.14%,$0.14B,$0.02B,12.50%,$0.14B,$0.01B,7.64%,$0.01B,$0.15B,7.67%,$0.01B,$0.10B,11.70%,$0.01B,$0.34B,3.35%,$0.03B,$0.28B,10.59%,$38,$27,$10,$0,$3,$30,$8,$-2,$5,$2,$3,$3,$3,$8,$8,$7,7,$0.44,$0.44,$13,$0,$2,$41,$76,$0,$50,$170,$296,$338,$17,$130,$5,$171,$189,$0,$112,$0,$149,$338,$11,$9,$7,$16,$0,$0,$0,$-0,$-0,$27,$-10,$0,$-10,$0,$0,$0,$-0,$-20,$-4,$0,$-4,$-0,$-0,$0,$0,$-4,$3,$1,$0
44,2007-09-30,17.49,$21.53,0.81,$21.46,0.81,$5.38,3.25,$1.74,10.05,$0.04B,$0.02B,2.38,$0.13B,$0.15B,0.89,$0.14B,$0.04B,26.39%,$0.14B,$0.03B,20.83%,$0.14B,$0.03B,20.83%,$0.14B,$0.03B,20.83%,$0.14B,$0.02B,13.19%,$0.14B,$0.01B,8.33%,$0.01B,$0.15B,8.56%,$0.01B,$0.10B,13.19%,$0.01B,$0.33B,3.70%,$0.03B,$0.28B,11.05%,$36,$26,$10,$0,$2,$28,$8,$-2,$6,$2,$3,$3,$3,$8,$8,$7,7,$0.51,$0.51,$10,$0,$0,$39,$74,$0,$49,$168,$292,$331,$16,$130,$5,$169,$185,$0,$109,$0,$146,$331,$0,$0,$0,$0,$0,$0,$0,$0,$0,$17,$-6,$0,$-7,$0,$0,$0,$-1,$-13,$-4,$0,$-4,$-0,$-0,$0,$0,$-4,$-0,$0,$0
45,2007-06-30,23.35,$20.97,1.11,$21.30,1.1,$5.65,4.14,$1.71,13.65,$0.04B,$0.02B,2.23,$0.13B,$0.14B,0.92,$0.14B,$0.04B,26.39%,$0.14B,$0.03B,20.83%,$0.14B,$0.03B,20.83%,$0.14B,$0.03B,20.83%,$0.14B,$0.02B,13.19%,$0.14B,$0.01B,8.33%,$0.01B,$0.14B,8.74%,$0.01B,$0.09B,13.64%,$0.01B,$0.33B,3.73%,$0.03B,$0.27B,11.10%,$38,$27,$11,$0,$3,$30,$9,$-2,$6,$3,$4,$4,$4,$9,$9,$7,7,$0.57,$0.57,$8,$0,$0,$38,$74,$0,$49,$165,$288,$326,$17,$130,$4,$167,$184,$0,$106,$0,$142,$326,$0,$0,$0,$0,$0,$0,$0,$0,$0,$9,$-5,$0,$-3,$0,$0,$0,$-0,$-8,$-4,$0,$-4,$-0,$-0,$0,$0,$-4,$-2,$0,$0
46,2007-03-31,23.18,$20.39,1.14,$21.07,1.1,$5.98,3.87,$1.71,13.56,$0.03B,$0.01B,2.33,$0.13B,$0.14B,0.96,$0.14B,$0.04B,26.39%,$0.14B,$0.03B,20.83%,$0.14B,$0.03B,20.83%,$0.14B,$0.03B,20.83%,$0.14B,$0.02B,13.89%,$0.14B,$0.01B,8.33%,$0.01B,$0.14B,8.92%,$0.01B,$0.09B,14.08%,$0.01B,$0.32B,3.75%,$0.03B,$0.27B,11.14%,$32,$26,$6,$0,$2,$28,$4,$-2,$1,$1,$1,$1,$1,$4,$4,$7,7,$0.12,$0.12,$8,$0,$0,$32,$74,$0,$50,$162,$286,$319,$14,$132,$4,$167,$181,$0,$102,$0,$137,$319,$0,$0,$0,$0,$0,$0,$0,$0,$0,$4,$-2,$0,$-1,$0,$0,$0,$-2,$-5,$-2,$0,$-2,$-0,$-0,$0,$0,$-2,$-3,$0,$0
47,2006-12-31,22.9,$20.24,1.13,$20.90,1.1,$6.18,3.7,$1.80,12.72,$0.04B,$0.02B,2.25,$0.13B,$0.14B,0.98,$0.14B,$0.04B,26.57%,$0.14B,$0.03B,21.68%,$0.14B,$0.03B,21.68%,$0.14B,$0.03B,21.68%,$0.14B,$0.02B,15.38%,$0.14B,$0.01B,9.09%,$0.01B,$0.14B,9.83%,$0.01B,$0.09B,15.66%,$0.01B,$0.32B,4.09%,$0.03B,$0.27B,11.50%,$38,$28,$11,$0,$2,$29,$9,$-3,$6,$3,$4,$4,$4,$9,$9,$7,7,$0.57,$0.56,$11,$0,$2,$39,$74,$0,$50,$160,$284,$323,$17,$134,$4,$169,$186,$0,$101,$0,$136,$323,$12,$9,$6,$15,$0,$0,$0,$-0,$2,$30,$-11,$0,$-3,$0,$0,$0,$-2,$-15,$-15,$0,$-15,$-3,$-3,$0,$-0,$-19,$-4,$1,$0
