,Date,Stock Price,Book Value per Share,Price to Book Ratio,TTM Sales per Share,Price to Sales Ratio,TTM FCF per Share,Price to FCF Ratio,TTM Net EPS,PE Ratio,Current Assets,Current Liabilities,Current Ratio,Long Term Debt,Shareholder's Equity_x,Debt to Equity Ratio,TTM Revenue_x,TTM Gross Profit,Gross Margin,TTM Revenue_y,TTM Operating Income,Operating Margin,TTM Revenue_x,TTM EBIT,EBIT Margin,TTM Revenue_y,TTM EBITDA,EBITDA Margin,TTM Revenue_x,TTM Pre-Tax Income,Pre-Tax Margin,TTM Revenue_y,TTM Net Income_x,Net Margin,TTM Net Income_y,Shareholder's Equity_y,Return on Equity,TTM Net Income_x,Tangible Equity,Return on Tangible Equity,TTM Net Income_y,Total Assets,Return on Assets,TTM Net Income,LT Investments & Debt,Return on Investment,revenue,cost-goods-sold,gross-profit,research-development-expenses,selling-general-administrative-expenses,operating-expenses,operating-income,total-non-operating-income-expense,pre-tax-income,total-provision-income-taxes,income-after-taxes,income-from-continuous-operations,net-income,ebitda,ebit,basic-shares-outstanding,shares-outstanding,eps-basic-net-earnings-per-share,eps-earnings-per-share-diluted,cash-on-hand,inventory,other-current-assets,total-current-assets,net-property-plant-equipment,long-term-investments,goodwill-intangible-assets-total,other-long-term-assets,total-long-term-assets,total-assets,total-current-liabilities,long-term-debt,other-non-current-liabilities,total-long-term-liabilities,total-liabilities,common-stock-net,retained-earnings-accumulated-deficit,comprehensive-income,total-share-holder-equity,total-liabilities-share-holders-equity,net-income-loss,total-depreciation-amortization-cash-flow,other-non-cash-items,total-non-cash-items,change-in-accounts-receivable,change-in-inventories,change-in-accounts-payable,change-in-assets-liabilities,total-change-in-assets-liabilities,cash-flow-from-operating-activities,net-change-in-property-plant-equipment,net-change-in-intangible-assets,net-acquisitions-divestitures,net-change-in-short-term-investments,net-change-in-long-term-investments,net-change-in-investments-total,investing-activities-other,cash-flow-from-investing-activities,net-long-term-debt,net-current-debt,debt-issuance-retirement-net-total,net-common-equity-issued-repurchased,net-total-equity-issued-repurchased,total-common-preferred-stock-dividends-paid,financial-activities-other,cash-flow-from-financial-activities,net-cash-flow,stock-based-compensation,common-stock-dividends-paid
0,2018-09-30,19.02,$9.85,1.93,$21.00,0.91,$1.61,11.81,$0.92,20.67,$0.20B,$0.05B,4.18,$0.11B,$0.15B,0.75,$0.32B,$0.11B,35.29%,$0.32B,$0.03B,7.74%,$0.32B,$0.03B,7.74%,$0.32B,$0.03B,9.91%,$0.32B,$0.02B,6.81%,$0.32B,$0.01B,4.33%,$0.01B,$0.15B,9.98%,$0.01B,$0.05B,20.82%,$0.01B,$0.34B,4.98%,$0.03B,$0.26B,11.52%,$96,$62,$34,$0,$25,$88,$8,$-1,$7,$1,$6,$6,$6,$10,$8,$15,16,$0.41,$0.39,$2,$65,$50,$195,$29,$0,$101,$10,$140,$335,$47,$112,$9,$138,$184,$0,$102,$-7,$151,$335,$12,$6,$1,$7,$-6,$6,$0,$-7,$-8,$11,$-4,$0,$-86,$0,$0,$0,$0,$-89,$79,$0,$79,$0,$0,$-4,$-3,$73,$-6,$2,$-4
1,2018-06-30,20.6,$9.51,2.17,$19.27,1.07,$2.30,8.96,$0.86,23.96,$0.20B,$0.04B,4.76,$0.12B,$0.15B,0.84,$0.30B,$0.11B,35.59%,$0.30B,$0.02B,8.14%,$0.30B,$0.02B,8.14%,$0.30B,$0.03B,10.17%,$0.30B,$0.02B,7.46%,$0.30B,$0.01B,4.41%,$0.01B,$0.15B,9.72%,$0.01B,$0.04B,16.83%,$0.01B,$0.34B,5.23%,$0.02B,$0.27B,12.58%,$82,$53,$29,$0,$23,$77,$6,$-1,$5,$1,$4,$4,$4,$8,$6,$15,16,$0.26,$0.25,$4,$68,$47,$195,$29,$0,$102,$9,$140,$335,$41,$123,$9,$149,$190,$0,$98,$-7,$146,$335,$6,$4,$1,$5,$-4,$3,$-7,$-3,$-11,$-0,$-2,$0,$-86,$0,$0,$0,$0,$-88,$90,$0,$90,$0,$0,$-3,$-3,$85,$-4,$1,$-3
2,2018-03-31,26.03,$9.18,2.83,$18.33,1.42,$3.09,8.41,$0.90,28.92,$0.15B,$0.04B,4.32,$0.04B,$0.14B,0.29,$0.28B,$0.10B,35.48%,$0.28B,$0.02B,8.60%,$0.28B,$0.02B,8.60%,$0.28B,$0.03B,10.39%,$0.28B,$0.02B,8.24%,$0.28B,$0.01B,4.66%,$0.01B,$0.14B,10.26%,$0.01B,$0.10B,14.86%,$0.01B,$0.24B,6.07%,$0.02B,$0.18B,14.81%,$73,$48,$25,$0,$21,$69,$4,$-0,$3,$1,$2,$2,$2,$5,$4,$15,15,$0.17,$0.16,$10,$36,$47,$154,$27,$0,$44,$9,$81,$235,$36,$40,$12,$60,$96,$0,$95,$-7,$139,$235,$2,$2,$2,$3,$2,$4,$-7,$-5,$-6,$-1,$-1,$0,$0,$0,$0,$0,$0,$-1,$7,$0,$7,$0,$0,$-1,$-2,$4,$2,$1,$-1
3,2017-12-31,26.36,$8.29,3.18,$17.69,1.49,$3.80,6.94,$1.00,26.36,$0.14B,$0.04B,3.31,$0.03B,$0.13B,0.26,$0.27B,$0.10B,35.96%,$0.27B,$0.03B,9.36%,$0.27B,$0.03B,9.36%,$0.27B,$0.03B,11.24%,$0.27B,$0.03B,9.36%,$0.27B,$0.02B,5.62%,$0.02B,$0.13B,12.45%,$0.02B,$0.08B,17.91%,$0.02B,$0.22B,7.33%,$0.03B,$0.16B,16.16%,$72,$46,$26,$0,$20,$65,$7,$-0,$7,$5,$2,$2,$2,$9,$7,$15,15,$0.13,$0.11,$8,$65,$0,$137,$27,$0,$45,$8,$82,$219,$41,$33,$11,$53,$94,$0,$83,$-7,$125,$219,$15,$6,$7,$12,$-3,$4,$3,$-9,$-5,$23,$-1,$0,$-8,$0,$0,$0,$0,$-9,$-3,$0,$-3,$2,$2,$-5,$-2,$-9,$4,$2,$-5
4,2017-09-30,22.51,$8.39,2.68,$17.24,1.31,$2.69,8.36,$1.18,19.07,$0.13B,$0.03B,4.0,$0.03B,$0.13B,0.26,$0.26B,$0.09B,35.38%,$0.26B,$0.02B,9.23%,$0.26B,$0.02B,9.23%,$0.26B,$0.03B,10.77%,$0.26B,$0.02B,9.23%,$0.26B,$0.02B,6.54%,$0.02B,$0.13B,14.53%,$0.02B,$0.09B,20.54%,$0.02B,$0.21B,8.53%,$0.02B,$0.16B,15.79%,$68,$43,$25,$0,$17,$61,$7,$-0,$7,$2,$5,$5,$5,$8,$7,$15,15,$0.34,$0.33,$13,$66,$0,$132,$26,$0,$35,$5,$74,$205,$33,$33,$7,$48,$81,$0,$83,$-6,$125,$205,$13,$4,$1,$5,$-1,$3,$0,$-3,$-1,$17,$0,$0,$-1,$0,$0,$0,$0,$-0,$-3,$0,$-3,$1,$1,$-4,$-2,$-7,$10,$2,$-4
5,2017-06-30,21.87,$8.00,2.73,$17.15,1.28,$1.53,14.29,$1.14,19.19,$0.13B,$0.03B,4.04,$0.03B,$0.12B,0.29,$0.26B,$0.09B,35.02%,$0.26B,$0.02B,8.95%,$0.26B,$0.02B,8.95%,$0.26B,$0.03B,10.51%,$0.26B,$0.02B,8.95%,$0.26B,$0.02B,6.23%,$0.02B,$0.12B,14.19%,$0.02B,$0.09B,20.38%,$0.02B,$0.20B,8.13%,$0.02B,$0.15B,15.44%,$66,$42,$23,$0,$17,$60,$6,$-0,$6,$1,$4,$4,$4,$7,$6,$15,15,$0.30,$0.29,$8,$68,$0,$127,$26,$0,$33,$5,$71,$198,$31,$34,$6,$49,$80,$0,$79,$-6,$118,$198,$8,$3,$0,$3,$1,$2,$-2,$-3,$-3,$9,$1,$0,$0,$0,$0,$0,$0,$1,$-2,$0,$-2,$0,$0,$-2,$-1,$-6,$4,$1,$-2
6,2017-03-31,18.12,$7.80,2.32,$17.11,1.06,$1.08,16.84,$1.06,17.09,$0.13B,$0.03B,4.27,$0.04B,$0.11B,0.32,$0.26B,$0.09B,34.77%,$0.26B,$0.02B,8.59%,$0.26B,$0.02B,8.59%,$0.26B,$0.03B,10.16%,$0.26B,$0.02B,8.59%,$0.26B,$0.02B,5.86%,$0.02B,$0.11B,13.73%,$0.02B,$0.08B,20.20%,$0.02B,$0.20B,7.72%,$0.02B,$0.15B,15.09%,$61,$39,$22,$0,$17,$56,$5,$1,$5,$2,$4,$4,$4,$6,$5,$14,15,$0.27,$0.26,$9,$70,$0,$126,$26,$0,$34,$5,$71,$197,$29,$36,$9,$54,$83,$0,$77,$-6,$114,$197,$4,$1,$-0,$1,$8,$-1,$-1,$-4,$2,$7,$2,$0,$0,$0,$0,$0,$0,$2,$-0,$0,$-0,$0,$0,$-1,$-2,$-3,$6,$1,$-1
7,2016-12-31,19.02,$7.62,2.5,$16.97,1.12,$0.11,173.04,$0.95,20.02,$0.13B,$0.03B,3.92,$0.04B,$0.11B,0.33,$0.25B,$0.09B,34.39%,$0.25B,$0.02B,8.30%,$0.25B,$0.02B,8.30%,$0.25B,$0.03B,9.88%,$0.25B,$0.02B,7.91%,$0.25B,$0.01B,5.14%,$0.01B,$0.11B,12.26%,$0.01B,$0.08B,18.51%,$0.01B,$0.20B,6.80%,$0.02B,$0.15B,14.61%,$65,$43,$22,$0,$16,$59,$6,$-0,$6,$1,$4,$4,$4,$7,$6,$14,15,$0.32,$0.29,$4,$69,$0,$125,$28,$0,$35,$3,$72,$197,$32,$36,$9,$54,$86,$0,$74,$-6,$111,$197,$15,$5,$-0,$5,$-7,$-5,$0,$5,$-7,$12,$-7,$0,$-15,$0,$0,$0,$0,$-23,$18,$0,$18,$1,$1,$-5,$-1,$13,$3,$2,$-5
8,2016-09-30,19.09,$7.47,2.55,$16.28,1.17,$-0.07,0.0,$0.88,21.7,$0.12B,$0.03B,3.81,$0.04B,$0.11B,0.36,$0.24B,$0.08B,34.44%,$0.24B,$0.02B,8.30%,$0.24B,$0.02B,8.30%,$0.24B,$0.02B,9.96%,$0.24B,$0.02B,7.88%,$0.24B,$0.01B,4.98%,$0.01B,$0.11B,11.82%,$0.01B,$0.07B,17.20%,$0.01B,$0.20B,6.67%,$0.02B,$0.15B,14.76%,$65,$42,$23,$0,$17,$59,$6,$-0,$6,$2,$4,$4,$4,$7,$6,$14,15,$0.31,$0.30,$3,$66,$0,$123,$27,$0,$35,$2,$71,$195,$32,$39,$8,$55,$87,$0,$71,$-6,$108,$195,$10,$4,$-0,$3,$-6,$-2,$1,$-0,$-7,$7,$-7,$0,$-15,$0,$0,$0,$0,$-22,$21,$0,$21,$1,$1,$-3,$-1,$17,$2,$2,$-3
9,2016-06-30,18.33,$7.19,2.55,$15.81,1.16,$0.03,656.87,$0.87,21.07,$0.12B,$0.03B,3.73,$0.04B,$0.10B,0.36,$0.23B,$0.08B,33.91%,$0.23B,$0.02B,8.58%,$0.23B,$0.02B,8.58%,$0.23B,$0.02B,10.30%,$0.23B,$0.02B,8.15%,$0.23B,$0.01B,5.15%,$0.01B,$0.10B,12.34%,$0.01B,$0.07B,17.27%,$0.01B,$0.19B,7.09%,$0.02B,$0.14B,15.75%,$65,$43,$22,$0,$17,$60,$5,$-0,$5,$1,$3,$3,$3,$6,$5,$14,15,$0.23,$0.22,$5,$63,$0,$118,$27,$0,$36,$2,$70,$188,$32,$37,$8,$53,$85,$0,$68,$-6,$104,$188,$6,$2,$1,$4,$-1,$1,$2,$-3,$-1,$8,$-6,$0,$-15,$0,$0,$0,$0,$-21,$19,$0,$19,$1,$1,$-2,$-2,$16,$4,$1,$-2
10,2016-03-31,17.03,$7.03,2.42,$15.20,1.12,$0.10,176.65,$0.91,18.71,$0.12B,$0.03B,4.75,$0.04B,$0.10B,0.41,$0.22B,$0.08B,34.23%,$0.22B,$0.02B,9.46%,$0.22B,$0.02B,9.46%,$0.22B,$0.02B,10.81%,$0.22B,$0.02B,8.56%,$0.22B,$0.01B,5.86%,$0.01B,$0.10B,13.98%,$0.01B,$0.06B,18.71%,$0.01B,$0.19B,8.18%,$0.02B,$0.14B,17.65%,$58,$38,$20,$0,$16,$54,$4,$-0,$3,$1,$2,$2,$2,$5,$4,$14,15,$0.18,$0.17,$2,$63,$0,$117,$25,$0,$36,$2,$69,$185,$25,$42,$10,$60,$85,$0,$67,$-6,$101,$185,$2,$1,$1,$2,$-4,$1,$-2,$-2,$-7,$-3,$-3,$0,$-15,$0,$0,$0,$0,$-18,$24,$0,$24,$0,$0,$-1,$-1,$22,$1,$1,$-1
11,2015-12-31,16.15,$6.66,2.42,$14.43,1.12,$0.33,49.19,$0.90,17.94,$0.10B,$0.03B,4.22,$0.02B,$0.09B,0.23,$0.21B,$0.07B,34.29%,$0.21B,$0.02B,9.52%,$0.21B,$0.02B,9.52%,$0.21B,$0.02B,10.95%,$0.21B,$0.02B,9.05%,$0.21B,$0.01B,6.19%,$0.01B,$0.09B,14.69%,$0.01B,$0.07B,18.77%,$0.01B,$0.15B,8.74%,$0.02B,$0.11B,18.10%,$53,$35,$18,$0,$13,$48,$5,$-0,$5,$1,$3,$3,$3,$6,$5,$14,15,$0.25,$0.23,$1,$64,$0,$104,$23,$0,$18,$2,$48,$152,$25,$21,$4,$34,$59,$0,$65,$-7,$93,$152,$13,$4,$2,$6,$-1,$-5,$2,$-4,$-9,$10,$-8,$0,$0,$0,$0,$0,$0,$-8,$-1,$0,$-1,$2,$2,$-4,$-2,$-5,$-4,$1,$-4
12,2015-09-30,16.97,$6.57,2.58,$14.37,1.18,$0.36,46.73,$0.87,19.5,$0.11B,$0.03B,3.79,$0.02B,$0.09B,0.23,$0.21B,$0.07B,34.30%,$0.21B,$0.02B,9.66%,$0.21B,$0.02B,9.66%,$0.21B,$0.02B,11.11%,$0.21B,$0.02B,9.18%,$0.21B,$0.01B,6.28%,$0.01B,$0.09B,15.25%,$0.01B,$0.07B,19.77%,$0.01B,$0.15B,8.92%,$0.02B,$0.11B,18.56%,$57,$37,$19,$0,$14,$51,$6,$-0,$6,$2,$4,$4,$4,$7,$6,$14,15,$0.29,$0.28,$3,$62,$0,$108,$19,$0,$19,$1,$44,$152,$29,$21,$4,$32,$61,$0,$63,$-5,$91,$152,$10,$3,$0,$3,$-6,$-4,$6,$-3,$-7,$6,$-4,$0,$0,$0,$0,$0,$0,$-4,$-1,$0,$-1,$2,$2,$-3,$-0,$-3,$-2,$1,$-3
13,2015-06-30,15.58,$6.34,2.46,$14.22,1.1,$0.25,62.16,$0.83,18.77,$0.11B,$0.03B,3.94,$0.02B,$0.09B,0.23,$0.20B,$0.07B,34.65%,$0.20B,$0.02B,9.41%,$0.20B,$0.02B,9.41%,$0.20B,$0.02B,10.89%,$0.20B,$0.02B,8.91%,$0.20B,$0.01B,5.94%,$0.01B,$0.09B,14.50%,$0.01B,$0.07B,19.12%,$0.01B,$0.15B,8.47%,$0.02B,$0.11B,17.97%,$54,$36,$19,$0,$13,$49,$6,$-0,$5,$2,$4,$4,$4,$6,$6,$14,15,$0.26,$0.25,$6,$61,$0,$106,$18,$0,$19,$0,$41,$147,$27,$21,$4,$33,$60,$0,$60,$-5,$87,$147,$6,$2,$0,$2,$-1,$-2,$4,$-3,$-2,$6,$-2,$0,$0,$0,$0,$0,$0,$-2,$-2,$0,$-2,$1,$1,$-2,$1,$-2,$2,$1,$-2
14,2015-03-31,17.79,$6.09,2.92,$14.40,1.24,$-0.72,0.0,$0.87,20.57,$0.10B,$0.02B,4.51,$0.03B,$0.08B,0.31,$0.20B,$0.07B,34.83%,$0.20B,$0.02B,9.45%,$0.20B,$0.02B,9.45%,$0.20B,$0.02B,11.44%,$0.20B,$0.02B,9.45%,$0.20B,$0.01B,5.97%,$0.01B,$0.08B,14.95%,$0.01B,$0.06B,20.08%,$0.01B,$0.14B,8.59%,$0.02B,$0.11B,17.80%,$46,$31,$16,$0,$12,$43,$3,$-0,$3,$1,$2,$2,$2,$4,$3,$14,15,$0.15,$0.14,$5,$60,$0,$103,$17,$0,$20,$0,$40,$144,$23,$25,$4,$38,$61,$0,$58,$-6,$83,$144,$2,$1,$1,$2,$0,$-2,$1,$-5,$-5,$-1,$-1,$0,$0,$0,$0,$0,$0,$-1,$3,$0,$3,$0,$0,$-1,$0,$2,$0,$1,$-1
15,2014-12-31,13.72,$5.95,2.31,$14.25,0.96,$-1.17,0.0,$0.82,16.83,$0.10B,$0.02B,4.47,$0.02B,$0.08B,0.28,$0.20B,$0.07B,34.69%,$0.20B,$0.02B,9.18%,$0.20B,$0.02B,9.18%,$0.20B,$0.02B,11.22%,$0.20B,$0.02B,9.18%,$0.20B,$0.01B,5.61%,$0.01B,$0.08B,14.15%,$0.01B,$0.06B,19.38%,$0.01B,$0.14B,8.04%,$0.02B,$0.10B,16.98%,$50,$32,$17,$0,$12,$45,$5,$-0,$5,$2,$3,$3,$3,$6,$5,$13,14,$0.21,$0.20,$5,$58,$0,$99,$16,$0,$20,$0,$40,$140,$22,$23,$6,$37,$60,$0,$57,$-6,$80,$140,$11,$4,$2,$6,$-5,$-9,$1,$3,$-10,$7,$-5,$0,$0,$0,$0,$0,$0,$-5,$-1,$0,$-1,$2,$2,$-4,$0,$-3,$-1,$1,$-4
16,2014-09-30,10.05,$6.02,1.67,$14.25,0.71,$-0.80,0.0,$0.74,13.58,$0.10B,$0.02B,4.27,$0.02B,$0.08B,0.28,$0.19B,$0.07B,34.55%,$0.19B,$0.02B,8.38%,$0.19B,$0.02B,8.38%,$0.19B,$0.02B,10.47%,$0.19B,$0.02B,8.38%,$0.19B,$0.01B,5.24%,$0.01B,$0.08B,13.20%,$0.01B,$0.06B,18.52%,$0.01B,$0.14B,7.52%,$0.02B,$0.10B,15.35%,$52,$34,$18,$0,$13,$47,$5,$-0,$5,$2,$3,$3,$3,$6,$5,$13,14,$0.25,$0.24,$3,$55,$0,$97,$16,$0,$21,$0,$39,$136,$23,$23,$6,$33,$55,$0,$55,$-3,$81,$136,$8,$3,$2,$4,$-7,$-6,$3,$1,$-9,$4,$-4,$0,$0,$0,$0,$0,$0,$-4,$-1,$0,$-1,$1,$1,$-3,$0,$-2,$-2,$1,$-3
17,2014-06-30,7.47,$5.80,1.29,$13.96,0.54,$-0.13,0.0,$0.62,12.05,$0.10B,$0.02B,6.27,$0.04B,$0.08B,0.45,$0.18B,$0.06B,34.43%,$0.18B,$0.01B,7.10%,$0.18B,$0.01B,7.10%,$0.18B,$0.02B,9.29%,$0.18B,$0.01B,7.10%,$0.18B,$0.01B,4.92%,$0.01B,$0.08B,12.46%,$0.01B,$0.06B,18.00%,$0.01B,$0.14B,6.88%,$0.01B,$0.11B,12.84%,$53,$34,$19,$0,$13,$47,$6,$-0,$6,$2,$4,$4,$4,$7,$6,$13,14,$0.30,$0.29,$5,$57,$0,$103,$13,$0,$21,$0,$37,$139,$16,$35,$8,$46,$62,$0,$53,$-3,$77,$139,$5,$2,$1,$3,$-8,$-8,$0,$-2,$-17,$-9,$-1,$0,$0,$0,$0,$0,$0,$-1,$11,$0,$11,$1,$1,$-2,$0,$10,$-0,$1,$-2
18,2014-03-31,6.71,$5.57,1.2,$12.56,0.53,$0.79,8.52,$0.45,14.9,$0.10B,$0.02B,6.02,$0.03B,$0.07B,0.43,$0.16B,$0.06B,34.16%,$0.16B,$0.01B,5.59%,$0.16B,$0.01B,5.59%,$0.16B,$0.01B,7.45%,$0.16B,$0.01B,5.59%,$0.16B,$0.01B,3.73%,$0.01B,$0.07B,8.70%,$0.01B,$0.05B,11.59%,$0.01B,$0.13B,5.10%,$0.01B,$0.11B,9.94%,$41,$27,$14,$0,$12,$39,$2,$-0,$2,$1,$1,$1,$1,$3,$2,$13,14,$0.09,$0.09,$4,$55,$0,$95,$14,$0,$22,$0,$37,$132,$16,$32,$7,$43,$59,$0,$50,$-3,$73,$132,$1,$1,$1,$2,$-1,$-5,$1,$-5,$-11,$-7,$-1,$0,$0,$0,$0,$0,$0,$-1,$8,$0,$8,$0,$0,$-1,$0,$7,$-1,$1,$-1
19,2013-12-31,7.01,$5.52,1.27,$12.05,0.58,$1.36,5.17,$0.46,15.25,$0.09B,$0.02B,4.9,$0.03B,$0.07B,0.34,$0.15B,$0.05B,34.44%,$0.15B,$0.01B,5.96%,$0.15B,$0.01B,5.96%,$0.15B,$0.01B,7.28%,$0.15B,$0.01B,5.96%,$0.15B,$0.01B,3.97%,$0.01B,$0.07B,9.13%,$0.01B,$0.05B,11.16%,$0.01B,$0.13B,5.73%,$0.01B,$0.10B,11.36%,$45,$30,$15,$0,$12,$43,$3,$-0,$3,$1,$2,$2,$2,$4,$3,$13,13,$0.14,$0.13,$5,$49,$0,$88,$13,$0,$22,$0,$38,$125,$18,$25,$7,$36,$54,$0,$49,$-3,$72,$125,$6,$3,$1,$3,$-3,$0,$2,$0,$-1,$8,$-2,$0,$-32,$0,$0,$0,$0,$-34,$26,$0,$26,$2,$2,$-1,$0,$27,$2,$1,$-1
20,2013-09-30,5.6,$5.29,1.06,$10.99,0.51,$1.43,3.91,$0.38,14.94,$0.09B,$0.02B,4.24,$0.03B,$0.07B,0.37,$0.14B,$0.05B,35.04%,$0.14B,$0.01B,5.84%,$0.14B,$0.01B,5.84%,$0.14B,$0.01B,7.30%,$0.14B,$0.01B,5.11%,$0.14B,$0.00B,2.92%,$0.00B,$0.07B,6.43%,$0.00B,$0.04B,7.17%,$0.00B,$0.13B,4.29%,$0.01B,$0.09B,11.47%,$44,$29,$15,$0,$13,$42,$2,$-0,$2,$1,$2,$2,$2,$3,$2,$13,13,$0.12,$0.12,$6,$48,$0,$87,$13,$0,$23,$0,$40,$127,$21,$25,$8,$40,$60,$0,$49,$-5,$67,$127,$4,$2,$0,$2,$-4,$1,$2,$4,$3,$10,$-1,$0,$-32,$0,$0,$0,$0,$-34,$27,$0,$27,$0,$0,$0,$0,$27,$3,$1,$0
21,2013-06-30,4.84,$5.20,0.93,$10.03,0.48,$1.11,4.36,$0.36,13.65,$0.07B,$0.01B,6.95,$0.01B,$0.06B,0.08,$0.12B,$0.04B,34.68%,$0.12B,$0.01B,6.45%,$0.12B,$0.01B,6.45%,$0.12B,$0.01B,7.26%,$0.12B,$0.01B,5.65%,$0.12B,$0.00B,2.42%,$0.00B,$0.06B,4.90%,$0.00B,$0.06B,5.00%,$0.00B,$0.09B,3.67%,$0.01B,$0.07B,12.80%,$31,$20,$11,$0,$9,$29,$2,$-0,$2,$1,$1,$1,$1,$2,$2,$12,12,$0.12,$0.12,$11,$39,$0,$74,$9,$0,$0,$0,$13,$87,$11,$5,$1,$13,$23,$0,$47,$-5,$64,$87,$3,$1,$0,$1,$-1,$-0,$0,$1,$-0,$3,$-1,$0,$0,$0,$0,$0,$0,$-1,$5,$0,$5,$0,$0,$0,$0,$5,$7,$1,$0
22,2013-03-31,5.38,$4.89,1.1,$9.92,0.54,$1.07,5.01,$0.32,16.82,$0.07B,$0.01B,7.28,$0.00B,$0.06B,0.0,$0.12B,$0.04B,34.43%,$0.12B,$0.01B,6.56%,$0.12B,$0.01B,6.56%,$0.12B,$0.01B,7.38%,$0.12B,$0.01B,5.74%,$0.12B,$0.00B,2.46%,$0.00B,$0.06B,4.94%,$0.00B,$0.06B,5.06%,$0.00B,$0.08B,3.75%,$0.01B,$0.06B,13.17%,$31,$20,$11,$0,$10,$29,$2,$-0,$2,$1,$1,$1,$1,$2,$2,$12,12,$0.10,$0.10,$3,$39,$0,$66,$9,$0,$1,$0,$14,$80,$9,$0,$1,$11,$21,$0,$46,$-8,$60,$80,$1,$0,$0,$0,$-1,$-0,$-0,$0,$-1,$0,$-1,$0,$0,$0,$0,$0,$0,$-1,$0,$0,$0,$0,$0,$0,$0,$0,$-0,$1,$0
23,2012-12-31,5.14,$4.72,1.09,$9.72,0.53,$1.11,4.65,$0.25,20.98,$0.07B,$0.01B,6.62,$0.00B,$0.06B,0.0,$0.12B,$0.04B,33.33%,$0.12B,$0.01B,5.83%,$0.12B,$0.01B,5.83%,$0.12B,$0.01B,6.67%,$0.12B,$0.01B,5.00%,$0.12B,$0.00B,1.67%,$0.00B,$0.06B,3.27%,$0.00B,$0.06B,3.38%,$0.00B,$0.08B,2.50%,$0.01B,$0.06B,11.38%,$31,$20,$11,$0,$9,$29,$2,$-1,$1,$0,$0,$0,$0,$3,$2,$12,12,$0.05,$0.04,$4,$39,$0,$65,$9,$0,$1,$0,$14,$79,$10,$0,$1,$11,$21,$0,$44,$-8,$58,$79,$3,$2,$2,$4,$-0,$2,$1,$-1,$2,$9,$-2,$0,$0,$0,$0,$0,$0,$-2,$-1,$0,$-1,$0,$0,$-7,$0,$-7,$1,$1,$-7
24,2012-09-30,5.09,$5.16,0.99,$9.43,0.54,$0.35,14.42,$0.27,19.2,$0.07B,$0.01B,7.15,$0.00B,$0.06B,0.0,$0.12B,$0.04B,32.76%,$0.12B,$0.01B,5.17%,$0.12B,$0.01B,5.17%,$0.12B,$0.01B,5.17%,$0.12B,$0.01B,5.17%,$0.12B,$0.00B,2.59%,$0.00B,$0.06B,4.84%,$0.00B,$0.06B,5.04%,$0.00B,$0.08B,3.73%,$0.01B,$0.06B,9.60%,$31,$21,$10,$0,$8,$29,$2,$-0,$2,$0,$1,$1,$1,$2,$2,$12,12,$0.10,$0.10,$4,$41,$0,$67,$8,$0,$2,$0,$14,$81,$9,$0,$1,$9,$18,$0,$48,$-6,$63,$81,$3,$2,$1,$3,$-1,$0,$0,$-0,$-0,$5,$-1,$0,$0,$0,$0,$0,$0,$-1,$-1,$0,$-1,$0,$0,$-2,$0,$-3,$1,$1,$-2
25,2012-06-30,4.9,$5.10,0.96,$9.47,0.52,$-0.23,0.0,$0.32,15.32,$0.07B,$0.01B,7.2,$0.00B,$0.06B,0.01,$0.12B,$0.04B,33.62%,$0.12B,$0.01B,6.03%,$0.12B,$0.01B,6.03%,$0.12B,$0.01B,6.03%,$0.12B,$0.01B,6.03%,$0.12B,$0.00B,3.45%,$0.00B,$0.06B,6.43%,$0.00B,$0.06B,6.72%,$0.00B,$0.08B,4.97%,$0.01B,$0.06B,11.11%,$29,$20,$10,$0,$8,$28,$2,$-0,$2,$1,$1,$1,$1,$2,$2,$12,12,$0.08,$0.08,$3,$41,$0,$66,$8,$0,$2,$0,$15,$80,$9,$1,$1,$9,$18,$0,$48,$-7,$62,$80,$1,$1,$1,$2,$-0,$0,$0,$-1,$-1,$2,$-1,$0,$0,$0,$0,$0,$0,$-1,$-0,$0,$-0,$0,$0,$-2,$0,$-2,$0,$1,$-2
26,2012-03-31,4.87,$5.08,0.96,$9.34,0.52,$-0.66,0.0,$0.32,15.46,$0.07B,$0.01B,7.88,$0.00B,$0.06B,0.02,$0.12B,$0.04B,33.91%,$0.12B,$0.01B,5.22%,$0.12B,$0.01B,5.22%,$0.12B,$0.01B,6.09%,$0.12B,$0.01B,5.22%,$0.12B,$0.00B,3.48%,$0.00B,$0.06B,6.40%,$0.00B,$0.06B,6.72%,$0.00B,$0.08B,5.03%,$0.01B,$0.06B,9.49%,$29,$19,$9,$0,$9,$28,$1,$-0,$1,$0,$0,$0,$0,$1,$1,$12,12,$0.03,$0.03,$3,$40,$0,$65,$8,$0,$3,$0,$15,$80,$8,$1,$1,$10,$18,$0,$48,$-7,$62,$80,$0,$1,$0,$1,$-0,$1,$-0,$-1,$-1,$1,$-0,$0,$0,$0,$0,$0,$0,$-0,$1,$0,$1,$0,$0,$-1,$0,$-0,$0,$1,$-1
27,2011-12-31,5.03,$5.09,0.99,$9.23,0.54,$-1.05,0.0,$0.34,14.8,$0.07B,$0.01B,6.34,$0.00B,$0.06B,0.01,$0.11B,$0.04B,35.40%,$0.11B,$0.01B,5.31%,$0.11B,$0.01B,5.31%,$0.11B,$0.01B,7.08%,$0.11B,$0.01B,5.31%,$0.11B,$0.01B,4.42%,$0.01B,$0.06B,7.97%,$0.01B,$0.06B,8.40%,$0.01B,$0.08B,6.39%,$0.01B,$0.06B,9.49%,$27,$18,$9,$0,$9,$27,$1,$-0,$1,$-0,$1,$1,$1,$1,$1,$12,12,$0.06,$0.06,$3,$41,$0,$66,$8,$0,$3,$0,$15,$81,$10,$1,$1,$9,$20,$0,$49,$-7,$61,$81,$4,$3,$1,$4,$-2,$-10,$1,$3,$-9,$-1,$-1,$0,$-2,$0,$0,$0,$0,$-3,$1,$0,$1,$0,$0,$-3,$0,$-3,$-6,$1,$-3
28,2011-09-30,4.5,$5.36,0.84,$9.17,0.49,$-0.42,0.0,$0.36,12.51,$0.07B,$0.01B,5.79,$0.00B,$0.06B,0.01,$0.11B,$0.04B,35.71%,$0.11B,$0.01B,5.36%,$0.11B,$0.01B,5.36%,$0.11B,$0.01B,8.04%,$0.11B,$0.01B,5.36%,$0.11B,$0.01B,4.46%,$0.01B,$0.06B,7.97%,$0.01B,$0.06B,8.33%,$0.01B,$0.08B,6.54%,$0.01B,$0.07B,9.52%,$31,$20,$11,$0,$9,$28,$3,$-0,$3,$1,$2,$2,$2,$3,$3,$12,12,$0.16,$0.16,$2,$39,$0,$67,$9,$0,$3,$0,$14,$81,$12,$1,$1,$5,$17,$0,$49,$-4,$64,$81,$3,$2,$1,$3,$-5,$-8,$2,$2,$-8,$-2,$-1,$0,$-2,$0,$0,$0,$0,$-3,$1,$0,$1,$-0,$-0,$-2,$0,$-2,$-7,$1,$-2
29,2011-06-30,4.69,$5.26,0.89,$8.94,0.52,$0.37,12.67,$0.32,14.65,$0.06B,$0.01B,6.89,$0.00B,$0.06B,0.0,$0.11B,$0.04B,36.11%,$0.11B,$0.01B,4.63%,$0.11B,$0.01B,4.63%,$0.11B,$0.01B,8.33%,$0.11B,$0.01B,4.63%,$0.11B,$0.00B,3.70%,$0.00B,$0.06B,6.45%,$0.00B,$0.06B,6.69%,$0.00B,$0.08B,5.35%,$0.01B,$0.06B,8.06%,$28,$18,$10,$0,$8,$26,$1,$-0,$1,$1,$1,$1,$1,$2,$1,$12,12,$0.08,$0.08,$2,$34,$0,$62,$9,$0,$3,$0,$15,$76,$9,$0,$1,$4,$13,$0,$48,$-4,$63,$76,$2,$2,$0,$2,$-3,$-3,$1,$-1,$-6,$-3,$-1,$0,$-2,$0,$0,$0,$0,$-3,$0,$0,$0,$0,$0,$-2,$0,$-1,$-7,$1,$-2
30,2011-03-31,4.5,$5.24,0.86,$8.92,0.5,$0.86,5.25,$0.33,13.62,$0.06B,$0.01B,7.46,$0.00B,$0.06B,0.0,$0.11B,$0.04B,35.51%,$0.11B,$0.01B,5.61%,$0.11B,$0.01B,5.61%,$0.11B,$0.01B,8.41%,$0.11B,$0.01B,5.61%,$0.11B,$0.00B,3.74%,$0.00B,$0.06B,6.53%,$0.00B,$0.06B,6.72%,$0.00B,$0.08B,5.39%,$0.01B,$0.06B,9.80%,$27,$17,$10,$0,$9,$26,$1,$-0,$1,$0,$1,$1,$1,$2,$1,$12,12,$0.05,$0.05,$2,$31,$0,$60,$9,$0,$3,$0,$15,$75,$8,$0,$1,$4,$12,$0,$48,$-4,$63,$75,$1,$1,$1,$1,$-2,$0,$1,$-5,$-6,$-4,$-0,$0,$-2,$0,$0,$0,$0,$-2,$0,$0,$0,$0,$0,$-1,$0,$-1,$-7,$1,$-1
31,2010-12-31,4.3,$5.13,0.84,$8.88,0.48,$1.06,4.06,$0.33,13.24,$0.06B,$0.01B,7.03,$0.00B,$0.06B,0.0,$0.11B,$0.04B,34.91%,$0.11B,$0.01B,5.66%,$0.11B,$0.01B,5.66%,$0.11B,$0.01B,7.55%,$0.11B,$0.01B,5.66%,$0.11B,$0.00B,3.77%,$0.00B,$0.06B,6.61%,$0.00B,$0.06B,6.72%,$0.00B,$0.07B,5.42%,$0.01B,$0.06B,9.92%,$26,$17,$9,$0,$8,$25,$1,$-0,$1,$0,$1,$1,$1,$2,$1,$12,12,$0.08,$0.08,$9,$31,$0,$62,$9,$0,$1,$0,$12,$74,$9,$0,$1,$4,$13,$0,$48,$-4,$61,$74,$4,$3,$1,$4,$0,$1,$-0,$-3,$-1,$6,$-1,$0,$0,$0,$0,$0,$0,$-1,$0,$0,$0,$0,$0,$-3,$0,$-3,$3,$1,$-3
32,2010-09-30,3.55,$5.18,0.68,$8.91,0.4,$1.96,1.81,$0.29,12.23,$0.06B,$0.01B,6.68,$0.00B,$0.06B,0.0,$0.11B,$0.04B,34.58%,$0.11B,$0.01B,5.61%,$0.11B,$0.01B,5.61%,$0.11B,$0.01B,6.54%,$0.11B,$0.01B,5.61%,$0.11B,$0.00B,3.74%,$0.00B,$0.06B,6.64%,$0.00B,$0.06B,6.75%,$0.00B,$0.07B,5.42%,$0.01B,$0.06B,9.96%,$27,$17,$10,$0,$8,$25,$2,$-0,$2,$1,$1,$1,$1,$3,$2,$12,12,$0.12,$0.12,$10,$31,$0,$61,$10,$0,$1,$0,$13,$74,$9,$0,$1,$3,$12,$0,$49,$-4,$61,$74,$3,$2,$1,$3,$1,$1,$0,$-1,$2,$7,$-1,$0,$0,$0,$0,$0,$0,$-1,$0,$0,$0,$-0,$-0,$-2,$0,$-2,$4,$1,$-2
33,2010-06-30,3.74,$5.12,0.73,$8.91,0.42,$2.68,1.39,$0.28,13.35,$0.06B,$0.01B,7.56,$0.00B,$0.06B,0.0,$0.11B,$0.04B,33.33%,$0.11B,$0.01B,5.56%,$0.11B,$0.01B,5.56%,$0.11B,$0.01B,5.56%,$0.11B,$0.01B,5.56%,$0.11B,$0.00B,3.70%,$0.00B,$0.06B,6.67%,$0.00B,$0.06B,6.75%,$0.00B,$0.07B,5.41%,$0.01B,$0.06B,10.00%,$27,$17,$9,$0,$8,$25,$2,$-0,$2,$1,$1,$1,$1,$2,$2,$12,12,$0.09,$0.09,$7,$32,$0,$60,$11,$0,$1,$0,$14,$74,$8,$0,$1,$6,$14,$0,$48,$-4,$60,$74,$1,$1,$0,$1,$-0,$0,$0,$0,$0,$3,$-1,$0,$0,$0,$0,$0,$0,$-1,$0,$0,$0,$-0,$-0,$-2,$0,$-2,$1,$0,$-2
34,2010-03-31,3.7,$5.10,0.73,$8.75,0.42,$3.41,1.09,$0.26,14.5,$0.06B,$0.01B,7.98,$0.00B,$0.06B,0.0,$0.11B,$0.04B,33.02%,$0.11B,$0.01B,4.72%,$0.11B,$0.01B,4.72%,$0.11B,$0.01B,5.66%,$0.11B,$0.01B,4.72%,$0.11B,$0.00B,3.77%,$0.00B,$0.06B,6.69%,$0.00B,$0.06B,6.75%,$0.00B,$0.07B,5.41%,$0.01B,$0.06B,8.37%,$26,$17,$9,$0,$8,$25,$1,$-0,$1,$0,$1,$1,$1,$1,$1,$12,12,$0.05,$0.05,$3,$34,$0,$59,$11,$0,$1,$0,$15,$73,$7,$0,$1,$6,$13,$0,$48,$-4,$60,$73,$1,$1,$0,$1,$-1,$-2,$-0,$0,$-3,$-2,$-1,$0,$0,$0,$0,$0,$0,$-1,$0,$0,$0,$-0,$-0,$-1,$0,$-1,$-3,$0,$-1
35,2009-12-31,3.61,$5.08,0.71,$8.53,0.42,$4.06,0.89,$0.17,21.26,$0.06B,$0.01B,7.73,$0.00B,$0.06B,0.0,$0.10B,$0.03B,31.73%,$0.10B,$0.00B,2.88%,$0.10B,$0.00B,2.88%,$0.10B,$0.01B,4.81%,$0.10B,$0.00B,2.88%,$0.10B,$0.00B,1.92%,$0.00B,$0.06B,3.35%,$0.00B,$0.06B,3.38%,$0.00B,$0.07B,2.69%,$0.00B,$0.06B,5.02%,$27,$18,$9,$0,$8,$26,$1,$-0,$1,$0,$1,$1,$1,$1,$1,$12,12,$0.04,$0.04,$6,$32,$0,$59,$11,$0,$1,$0,$14,$74,$8,$0,$1,$6,$13,$0,$48,$-4,$60,$74,$2,$3,$-0,$3,$0,$12,$0,$0,$13,$17,$-1,$0,$-2,$0,$0,$0,$0,$-3,$-4,$0,$-4,$-1,$-1,$-3,$0,$-9,$6,$0,$-3
36,2009-09-30,2.84,$4.99,0.57,$8.50,0.33,$3.30,0.86,$0.06,47.34,$0.06B,$0.01B,8.08,$0.00B,$0.06B,0.0,$0.11B,$0.03B,31.43%,$0.11B,$0.00B,0.95%,$0.11B,$0.00B,0.95%,$0.11B,$0.01B,5.71%,$0.11B,$0.00B,0.95%,$0.11B,0,0.00%,$0.00B,$0.06B,0.00%,$0.00B,$0.06B,0.00%,$0.00B,$0.08B,0.00%,$0.00B,$0.06B,1.65%,$28,$19,$9,$0,$7,$26,$2,$-0,$2,$0,$1,$1,$1,$2,$2,$12,12,$0.11,$0.11,$8,$31,$0,$61,$11,$0,$0,$0,$14,$75,$8,$0,$1,$8,$15,$0,$49,$-5,$60,$75,$1,$2,$-0,$2,$-1,$12,$1,$0,$12,$16,$-0,$0,$0,$0,$0,$0,$0,$-0,$-4,$0,$-4,$-0,$-0,$-2,$0,$-7,$8,$0,$-2
37,2009-06-30,2.6,$4.93,0.53,$8.57,0.3,$2.34,1.11,$0.03,86.72,$0.06B,$0.01B,8.36,$0.00B,$0.06B,0.0,$0.11B,$0.03B,31.48%,$0.11B,$0.00B,0.93%,$0.11B,$0.00B,0.93%,$0.11B,$0.01B,5.56%,$0.11B,$0.00B,0.93%,$0.11B,0,0.00%,$0.00B,$0.06B,0.00%,$0.00B,$0.06B,0.00%,$0.00B,$0.07B,0.00%,$0.00B,$0.06B,1.56%,$25,$17,$8,$0,$7,$24,$1,$-0,$1,$0,$1,$1,$1,$2,$1,$12,12,$0.06,$0.06,$6,$35,$0,$59,$11,$0,$0,$0,$15,$74,$7,$0,$1,$8,$15,$0,$49,$-5,$59,$74,$0,$1,$-0,$1,$2,$8,$0,$0,$10,$11,$-0,$0,$0,$0,$0,$0,$0,$0,$-4,$0,$-4,$-0,$-0,$-2,$0,$-6,$6,$0,$-2
38,2009-03-31,2.55,$4.93,0.52,$8.90,0.29,$1.67,1.53,$0.06,42.45,$0.06B,$0.01B,8.43,$0.00B,$0.06B,0.0,$0.12B,$0.04B,32.17%,$0.12B,$0.00B,1.74%,$0.12B,$0.00B,1.74%,$0.12B,$0.01B,6.09%,$0.12B,$0.00B,1.74%,$0.12B,0,0.00%,$0.00B,$0.06B,0.00%,$0.00B,$0.06B,0.00%,$0.00B,$0.07B,0.00%,$0.00B,$0.06B,2.94%,$24,$16,$7,$0,$8,$24,$-1,$-0,$-1,$-0,$-1,$-1,$-1,$0,$-1,$12,12,$-0.04,$-0.04,$1,$40,$0,$59,$12,$0,$0,$0,$15,$74,$7,$0,$1,$8,$15,$0,$49,$-5,$60,$74,$-1,$1,$-0,$1,$2,$4,$0,$0,$6,$6,$0,$0,$0,$0,$0,$0,$0,$0,$-4,$0,$-4,$-0,$-0,$-1,$0,$-5,$1,$0,$-1
39,2008-12-31,2.63,$5.01,0.53,$9.43,0.28,$1.02,2.57,$0.16,16.45,$0.06B,$0.01B,8.16,$0.00B,$0.06B,0.06,$0.12B,$0.04B,33.06%,$0.12B,$0.01B,4.03%,$0.12B,$0.01B,4.03%,$0.12B,$0.01B,7.26%,$0.12B,$0.01B,4.03%,$0.12B,$0.00B,1.61%,$0.00B,$0.06B,2.90%,$0.00B,$0.06B,3.00%,$0.00B,$0.08B,2.35%,$0.01B,$0.06B,6.90%,$28,$19,$9,$0,$8,$29,$-1,$-0,$-1,$-0,$-1,$-1,$-1,$2,$-1,$13,13,$-0.06,$-0.06,$0,$43,$0,$64,$13,$0,$1,$0,$16,$80,$8,$3,$1,$11,$19,$0,$51,$-5,$61,$80,$2,$5,$-0,$5,$1,$3,$-2,$1,$4,$10,$-2,$0,$0,$0,$0,$0,$0,$-2,$0,$0,$0,$-6,$-6,$-3,$0,$-9,$-1,$0,$-3
40,2008-09-30,3.52,$5.51,0.64,$9.61,0.37,$0.38,9.28,$0.27,13.28,$0.07B,$0.01B,6.99,$0.00B,$0.07B,0.05,$0.13B,$0.04B,33.07%,$0.13B,$0.01B,6.30%,$0.13B,$0.01B,6.30%,$0.13B,$0.01B,7.87%,$0.13B,$0.01B,6.30%,$0.13B,$0.00B,3.15%,$0.00B,$0.07B,5.57%,$0.00B,$0.07B,5.78%,$0.00B,$0.09B,4.58%,$0.01B,$0.07B,10.63%,$31,$21,$10,$0,$8,$29,$2,$-0,$2,$1,$1,$1,$1,$2,$2,$13,13,$0.08,$0.08,$0,$46,$0,$68,$13,$0,$2,$2,$17,$85,$10,$3,$1,$5,$15,$0,$55,$-0,$71,$85,$3,$2,$-0,$2,$0,$1,$-1,$0,$1,$6,$-2,$0,$0,$0,$0,$0,$0,$-2,$0,$0,$0,$-2,$-2,$-3,$0,$-5,$-1,$0,$-3
41,2008-06-30,2.94,$5.49,0.54,$9.52,0.31,$0.30,9.67,$0.28,10.49,$0.07B,$0.01B,6.83,$0.00B,$0.07B,0.03,$0.13B,$0.04B,33.33%,$0.13B,$0.01B,6.35%,$0.13B,$0.01B,6.35%,$0.13B,$0.01B,8.73%,$0.13B,$0.01B,6.35%,$0.13B,$0.00B,3.17%,$0.00B,$0.07B,5.56%,$0.00B,$0.07B,5.73%,$0.00B,$0.09B,4.57%,$0.01B,$0.07B,10.67%,$32,$21,$11,$0,$9,$30,$2,$-0,$2,$1,$1,$1,$1,$3,$2,$13,13,$0.09,$0.09,$1,$46,$0,$69,$12,$0,$2,$2,$17,$86,$10,$2,$1,$5,$15,$0,$55,$-0,$71,$86,$2,$2,$0,$2,$0,$0,$-1,$0,$0,$4,$-0,$0,$0,$0,$0,$0,$0,$-0,$-0,$0,$-0,$-2,$-2,$-2,$0,$-4,$0,$0,$-2
42,2008-03-31,3.32,$5.44,0.61,$9.36,0.35,$0.29,11.61,$0.24,13.84,$0.07B,$0.01B,7.15,$0.01B,$0.07B,0.07,$0.12B,$0.04B,33.06%,$0.12B,$0.01B,5.65%,$0.12B,$0.01B,5.65%,$0.12B,$0.01B,8.06%,$0.12B,$0.01B,5.65%,$0.12B,$0.00B,3.23%,$0.00B,$0.07B,5.54%,$0.00B,$0.07B,5.73%,$0.00B,$0.09B,4.57%,$0.01B,$0.08B,9.36%,$33,$22,$11,$0,$9,$32,$2,$-0,$2,$1,$1,$1,$1,$2,$2,$13,13,$0.06,$0.06,$1,$48,$0,$73,$13,$0,$2,$2,$18,$90,$10,$5,$1,$8,$18,$0,$56,$-1,$73,$90,$1,$1,$0,$1,$-2,$-1,$-1,$0,$-4,$-2,$-0,$0,$0,$0,$0,$0,$0,$-0,$3,$0,$3,$0,$0,$-1,$0,$2,$0,$0,$-1
43,2007-12-31,3.26,$5.43,0.6,$9.02,0.36,$0.50,6.56,$0.19,17.16,$0.07B,$0.01B,6.52,$0.00B,$0.07B,0.03,$0.12B,$0.04B,33.33%,$0.12B,$0.01B,4.17%,$0.12B,$0.01B,4.17%,$0.12B,$0.01B,7.50%,$0.12B,$0.01B,4.17%,$0.12B,$0.00B,2.50%,$0.00B,$0.07B,4.17%,$0.00B,$0.07B,4.32%,$0.00B,$0.09B,3.47%,$0.01B,$0.08B,6.78%,$31,$21,$10,$0,$8,$29,$2,$-0,$2,$1,$1,$1,$1,$3,$2,$13,13,$0.04,$0.04,$1,$46,$1,$70,$13,$0,$2,$2,$18,$88,$11,$2,$1,$5,$15,$0,$56,$-1,$72,$88,$3,$3,$1,$4,$2,$-9,$2,$-1,$-6,$1,$-1,$0,$0,$0,$0,$0,$0,$-1,$0,$0,$0,$1,$1,$-4,$0,$-3,$-3,$1,$-4
44,2007-09-30,3.96,$5.43,0.73,$8.68,0.46,$1.17,3.39,$0.16,24.78,$0.07B,$0.01B,6.24,$0.00B,$0.00B,0.0,$0.12B,$0.04B,33.33%,$0.12B,$0.01B,4.27%,$0.12B,$0.01B,4.27%,$0.12B,$0.01B,6.84%,$0.12B,$0.00B,3.42%,$0.12B,$0.00B,1.71%,$0.00B,$0.07B,2.78%,$0.00B,$0.07B,2.89%,$0.00B,$0.09B,2.33%,$0.01B,$0.07B,6.80%,$30,$20,$10,$0,$8,$29,$2,$-0,$2,$0,$1,$1,$1,$3,$2,$13,13,$0.09,$0.09,$3,$41,$0,$68,$14,$0,$2,$2,$18,$86,$11,$1,$1,$3,$14,$0,$0,$0,$72,$86,$2,$3,$0,$3,$1,$-3,$2,$-0,$-1,$4,$-1,$0,$0,$0,$0,$0,$0,$-1,$-1,$0,$-1,$0,$0,$-3,$0,$-4,$-1,$1,$-3
45,2007-06-30,4.18,$5.39,0.78,$8.92,0.47,$1.60,2.62,$0.14,29.88,$0.07B,$0.01B,6.16,$0.00B,$0.00B,0.0,$0.12B,$0.04B,33.33%,$0.12B,$0.01B,4.17%,$0.12B,$0.01B,4.17%,$0.12B,$0.01B,5.83%,$0.12B,$0.00B,2.50%,$0.12B,$0.00B,1.67%,$0.00B,$0.07B,2.76%,$0.00B,$0.07B,2.88%,$0.00B,$0.09B,2.31%,$0.01B,$0.07B,6.73%,$30,$20,$10,$0,$8,$29,$1,$-0,$1,$0,$1,$1,$1,$2,$1,$13,13,$0.05,$0.05,$5,$36,$0,$67,$15,$0,$3,$2,$19,$86,$11,$1,$1,$4,$15,$0,$0,$0,$72,$86,$1,$2,$0,$2,$2,$-3,$2,$-0,$1,$4,$-1,$0,$0,$0,$0,$0,$0,$-1,$-1,$0,$-1,$0,$0,$-2,$0,$-3,$1,$0,$-2
46,2007-03-31,4.07,$5.41,0.75,$8.91,0.46,$1.78,2.29,$0.14,30.13,$0.07B,$0.01B,6.71,$0.00B,$0.00B,0.0,$0.12B,$0.04B,32.79%,$0.12B,$0.01B,4.10%,$0.12B,$0.01B,4.10%,$0.12B,$0.01B,5.74%,$0.12B,$0.00B,2.46%,$0.12B,$0.00B,1.64%,$0.00B,$0.07B,2.73%,$0.00B,$0.07B,2.85%,$0.00B,$0.09B,2.29%,$0.01B,$0.07B,6.62%,$29,$19,$10,$0,$9,$28,$0,$-0,$0,$0,$0,$0,$0,$1,$0,$13,13,$0.01,$0.01,$3,$34,$0,$66,$15,$0,$3,$2,$19,$86,$10,$2,$1,$4,$14,$0,$0,$0,$72,$86,$0,$1,$0,$1,$1,$-1,$1,$-0,$0,$1,$-1,$0,$0,$0,$0,$0,$0,$-1,$-1,$0,$-1,$0,$0,$-1,$0,$-1,$-1,$0,$-1
47,2006-12-31,4.02,$5.46,0.74,$8.92,0.45,$2.10,1.91,$0.17,24.37,$0.07B,$0.01B,7.09,$0.00B,$0.07B,0.03,$0.12B,$0.04B,32.26%,$0.12B,$0.01B,4.84%,$0.12B,$0.01B,4.84%,$0.12B,$0.01B,6.45%,$0.12B,$0.00B,3.23%,$0.12B,$0.00B,2.42%,$0.00B,$0.07B,3.99%,$0.00B,$0.07B,4.15%,$0.00B,$0.09B,3.33%,$0.01B,$0.07B,7.72%,$28,$19,$9,$0,$7,$26,$2,$-0,$1,$1,$1,$1,$0,$2,$2,$14,14,$0.01,$0.01,$4,$33,$0,$66,$15,$0,$3,$1,$19,$85,$9,$2,$0,$4,$13,$0,$58,$-1,$72,$85,$2,$4,$1,$4,$-0,$4,$-1,$1,$3,$10,$-1,$0,$0,$0,$0,$0,$5,$4,$-2,$0,$-2,$-8,$-8,$-4,$0,$-13,$1,$1,$-4
