,Date,Stock Price,Book Value per Share,Price to Book Ratio,TTM Sales per Share,Price to Sales Ratio,TTM FCF per Share,Price to FCF Ratio,TTM Net EPS,PE Ratio,Current Assets,Current Liabilities,Current Ratio,Long Term Debt,Shareholder's Equity_x,Debt to Equity Ratio,TTM Revenue_x,TTM Gross Profit,Gross Margin,TTM Revenue_y,TTM Operating Income,Operating Margin,TTM Revenue_x,TTM EBIT,EBIT Margin,TTM Revenue_y,TTM EBITDA,EBITDA Margin,TTM Revenue_x,TTM Pre-Tax Income,Pre-Tax Margin,TTM Revenue_y,TTM Net Income_x,Net Margin,TTM Net Income_y,Shareholder's Equity_y,Return on Equity,TTM Net Income_x,Tangible Equity,Return on Tangible Equity,TTM Net Income_y,Total Assets,Return on Assets,TTM Net Income,LT Investments & Debt,Return on Investment,revenue,cost-goods-sold,gross-profit,research-development-expenses,selling-general-administrative-expenses,operating-expenses,operating-income,total-non-operating-income-expense,pre-tax-income,total-provision-income-taxes,income-after-taxes,income-from-continuous-operations,net-income,ebitda,ebit,basic-shares-outstanding,shares-outstanding,eps-basic-net-earnings-per-share,eps-earnings-per-share-diluted,cash-on-hand,inventory,other-current-assets,total-current-assets,net-property-plant-equipment,long-term-investments,goodwill-intangible-assets-total,other-long-term-assets,total-long-term-assets,total-assets,total-current-liabilities,long-term-debt,other-non-current-liabilities,total-long-term-liabilities,total-liabilities,common-stock-net,retained-earnings-accumulated-deficit,comprehensive-income,total-share-holder-equity,total-liabilities-share-holders-equity,net-income-loss,total-depreciation-amortization-cash-flow,other-non-cash-items,total-non-cash-items,change-in-accounts-receivable,change-in-inventories,change-in-accounts-payable,change-in-assets-liabilities,total-change-in-assets-liabilities,cash-flow-from-operating-activities,net-change-in-property-plant-equipment,net-change-in-intangible-assets,net-acquisitions-divestitures,net-change-in-short-term-investments,net-change-in-long-term-investments,net-change-in-investments-total,investing-activities-other,cash-flow-from-investing-activities,net-long-term-debt,net-current-debt,debt-issuance-retirement-net-total,net-common-equity-issued-repurchased,net-total-equity-issued-repurchased,total-common-preferred-stock-dividends-paid,financial-activities-other,cash-flow-from-financial-activities,net-cash-flow,stock-based-compensation,common-stock-dividends-paid
0,2018-09-30,77.12,$8.53,9.05,$3.93,19.6,$-4.34,0.0,$-1.09,0.0,$0.72B,$0.19B,3.7,$0.00B,$1.37B,0.0,$0.61B,$0.54B,88.85%,$0.61B,$-0.22B,-35.25%,$0.61B,$-0.22B,-35.25%,$0.61B,$-0.19B,-30.98%,$0.61B,$-0.20B,-32.13%,$0.61B,$-0.16B,-26.56%,$-0.16B,$1.37B,-13.78%,$-0.16B,$1.11B,-16.40%,$-0.16B,$1.57B,-11.78%,$-0.22B,$1.37B,-18.28%,$169,$18,$152,$140,$57,$215,$-46,$-22,$-67,$0,$-67,$-67,$-67,$-41,$-46,$159,159,$-0.42,$-0.42,$463,$75,$0,$717,$101,$23,$251,$476,$851,$1568,$194,$0,$0,$10,$203,$0,$-1205,$-0,$1365,$1568,$-103,$18,$-10,$8,$-51,$-15,$0,$-20,$-84,$-179,$-15,$0,$-598,$0,$37,$37,$0,$-576,$0,$0,$0,$710,$710,$0,$0,$710,$-45,$53,$0
1,2018-06-30,66.39,$8.71,7.62,$3.79,17.54,$-4.19,0.0,$-0.33,0.0,$0.71B,$0.18B,3.9,$0.00B,$1.38B,0.0,$0.58B,$0.51B,88.72%,$0.58B,$-0.20B,-34.90%,$0.58B,$-0.20B,-34.90%,$0.58B,$-0.17B,-30.03%,$0.58B,$-0.08B,-13.72%,$0.58B,$-0.05B,-7.81%,$-0.05B,$1.38B,-4.50%,$-0.05B,$1.13B,-5.15%,$-0.05B,$1.58B,-3.76%,$-0.20B,$1.38B,-20.11%,$170,$19,$151,$123,$58,$200,$-30,$107,$76,$0,$76,$76,$76,$-24,$-30,$158,163,$0.48,$0.47,$448,$71,$0,$706,$101,$10,$251,$513,$875,$1581,$181,$0,$0,$18,$198,$0,$-1137,$-0,$1382,$1581,$-35,$13,$-54,$-41,$-49,$-11,$0,$-22,$-92,$-168,$-9,$0,$-598,$0,$93,$93,$0,$-515,$0,$0,$0,$681,$681,$0,$0,$681,$-2,$32,$0
2,2018-03-31,52.34,$8.09,6.47,$3.50,14.95,$-4.13,0.0,$-1.19,0.0,$0.64B,$0.17B,3.78,$0.00B,$1.28B,0.0,$0.51B,$0.46B,88.72%,$0.51B,$-0.23B,-44.75%,$0.51B,$-0.23B,-44.75%,$0.51B,$-0.21B,-39.88%,$0.51B,$-0.21B,-41.05%,$0.51B,$-0.18B,-34.44%,$-0.18B,$1.28B,-22.19%,$-0.18B,$1.03B,-24.08%,$-0.18B,$1.47B,-17.87%,$-0.23B,$1.28B,-28.83%,$141,$16,$125,$153,$66,$234,$-94,$-18,$-112,$0,$-112,$-112,$-112,$-87,$-94,$152,152,$-0.73,$-0.73,$400,$72,$0,$635,$103,$0,$251,$485,$839,$1474,$168,$0,$0,$26,$194,$0,$-1214,$-0,$1279,$1474,$-112,$7,$36,$43,$-18,$-12,$0,$-20,$-78,$-147,$-5,$0,$-598,$0,$106,$106,$0,$-497,$0,$0,$0,$670,$670,$0,$0,$670,$26,$17,$0
3,2017-12-31,53.5,$4.69,11.4,$3.34,16.0,$-3.68,0.0,$-0.88,0.0,$0.58B,$0.17B,3.45,$0.00B,$0.68B,0.0,$0.48B,$0.43B,88.80%,$0.48B,$-0.20B,-40.46%,$0.48B,$-0.20B,-40.46%,$0.48B,$-0.17B,-35.48%,$0.48B,$-0.16B,-32.99%,$0.48B,$-0.13B,-25.93%,$-0.13B,$0.68B,-19.88%,$-0.13B,$0.68B,-19.88%,$-0.13B,$0.88B,-15.28%,$-0.20B,$0.68B,-31.01%,$130,$16,$114,$111,$48,$175,$-45,$-48,$-93,$0,$-59,$-59,$-59,$-37,$-45,$143,143,$-0.42,$-0.41,$413,$60,$0,$577,$104,$0,$0,$197,$301,$878,$167,$0,$0,$33,$200,$0,$-1193,$64,$678,$878,$-126,$25,$-3,$21,$-23,$8,$0,$-19,$-15,$-119,$-29,$0,$-42,$0,$200,$200,$0,$130,$0,$0,$0,$41,$41,$0,$0,$41,$52,$64,$0
4,2017-09-30,54.41,$4.59,11.86,$3.19,17.08,$-3.53,0.0,$-0.86,0.0,$0.62B,$0.15B,4.06,$0.00B,$0.66B,0.0,$0.46B,$0.41B,89.28%,$0.46B,$-0.21B,-45.08%,$0.46B,$-0.21B,-45.08%,$0.46B,$-0.19B,-40.48%,$0.46B,$-0.12B,-26.48%,$0.46B,$-0.12B,-26.48%,$-0.12B,$0.66B,-19.59%,$-0.12B,$0.66B,-19.59%,$-0.12B,$0.85B,-14.98%,$-0.21B,$0.66B,-33.35%,$135,$14,$121,$114,$40,$167,$-32,$82,$50,$0,$50,$50,$50,$-25,$-32,$143,148,$0.35,$0.34,$450,$61,$0,$621,$83,$20,$0,$130,$233,$853,$153,$0,$0,$41,$193,$0,$-1133,$18,$660,$853,$-66,$17,$-40,$-23,$-29,$7,$0,$-12,$-27,$-117,$-43,$0,$0,$0,$153,$153,$0,$110,$0,$0,$0,$26,$26,$0,$0,$26,$19,$48,$0
5,2017-06-30,51.74,$4.01,12.9,$3.03,17.1,$-3.17,0.0,$-1.43,0.0,$0.62B,$0.14B,4.47,$0.00B,$0.57B,0.0,$0.43B,$0.38B,89.25%,$0.43B,$-0.21B,-48.13%,$0.43B,$-0.21B,-48.13%,$0.43B,$-0.19B,-43.69%,$0.43B,$-0.20B,-47.43%,$0.43B,$-0.20B,-47.43%,$-0.20B,$0.57B,-32.83%,$-0.20B,$0.57B,-32.83%,$-0.20B,$0.76B,-25.15%,$-0.21B,$0.57B,-33.32%,$108,$12,$96,$114,$41,$167,$-59,$3,$-56,$0,$-56,$-56,$-56,$-56,$-59,$143,143,$-0.39,$-0.39,$452,$69,$0,$616,$85,$21,$0,$36,$141,$757,$138,$0,$0,$46,$184,$0,$-1183,$8,$574,$757,$-116,$10,$32,$42,$-10,$-1,$0,$-12,$-34,$-108,$-38,$0,$0,$0,$219,$219,$0,$181,$0,$0,$0,$15,$15,$0,$0,$15,$88,$32,$0
6,2017-03-31,62.86,$4.23,14.86,$2.95,21.32,$-2.59,0.0,$-1.27,0.0,$0.66B,$0.13B,5.09,$0.00B,$0.60B,0.0,$0.42B,$0.37B,89.40%,$0.42B,$-0.18B,-43.37%,$0.42B,$-0.18B,-43.37%,$0.42B,$-0.16B,-38.31%,$0.42B,$-0.18B,-43.37%,$0.42B,$-0.18B,-43.37%,$-0.18B,$0.60B,-28.04%,$-0.18B,$0.60B,-28.04%,$-0.18B,$0.78B,-21.59%,$-0.18B,$0.60B,-28.04%,$109,$12,$97,$118,$38,$168,$-59,$-1,$-60,$0,$-60,$-60,$-60,$-53,$-59,$142,142,$-0.42,$-0.42,$506,$61,$0,$656,$68,$30,$0,$30,$128,$784,$129,$0,$0,$52,$181,$0,$-1127,$4,$603,$784,$-60,$7,$14,$21,$-12,$7,$0,$-2,$-25,$-64,$-15,$0,$0,$0,$34,$34,$0,$20,$0,$0,$0,$11,$11,$0,$0,$11,$-33,$14,$0
7,2016-12-31,52.77,$4.46,11.83,$2.98,17.73,$-2.22,0.0,$-1.00,0.0,$0.74B,$0.15B,4.95,$0.00B,$0.63B,0.0,$0.42B,$0.38B,90.17%,$0.42B,$-0.14B,-34.05%,$0.42B,$-0.14B,-34.05%,$0.42B,$-0.12B,-28.78%,$0.42B,$-0.14B,-33.57%,$0.42B,$-0.14B,-33.57%,$-0.14B,$0.63B,-21.14%,$-0.14B,$0.63B,-21.14%,$-0.14B,$0.84B,-16.33%,$-0.14B,$0.63B,-21.44%,$105,$12,$94,$108,$41,$161,$-56,$1,$-55,$0,$-55,$-55,$-55,$-51,$-56,$141,141,$-0.39,$-0.39,$589,$68,$0,$735,$63,$30,$0,$11,$104,$838,$149,$0,$0,$56,$204,$0,$-1067,$-0,$634,$838,$-140,$23,$52,$75,$-9,$-11,$0,$-42,$-32,$-97,$-28,$0,$0,$0,$96,$96,$0,$68,$0,$0,$0,$35,$35,$0,$0,$35,$6,$52,$0
8,2016-09-30,54.01,$4.68,11.54,$2.95,18.29,$-2.46,0.0,$-0.79,0.0,$0.74B,$0.13B,5.92,$0.00B,$0.66B,0.0,$0.41B,$0.37B,90.12%,$0.41B,$-0.11B,-27.41%,$0.41B,$-0.11B,-27.41%,$0.41B,$-0.09B,-21.98%,$0.41B,$-0.11B,-27.16%,$0.41B,$-0.11B,-27.16%,$-0.11B,$0.66B,-16.29%,$-0.11B,$0.66B,-16.29%,$-0.11B,$0.85B,-12.62%,$-0.11B,$0.66B,-16.44%,$106,$11,$95,$93,$35,$139,$-32,$1,$-32,$0,$-32,$-32,$-32,$-27,$-32,$141,141,$-0.23,$-0.23,$592,$72,$0,$744,$55,$40,$0,$11,$106,$850,$126,$0,$0,$62,$188,$0,$-1012,$0,$662,$850,$-85,$18,$37,$55,$-12,$-15,$0,$-33,$-52,$-82,$-19,$0,$0,$0,$106,$106,$0,$87,$0,$0,$0,$23,$23,$0,$0,$23,$29,$37,$0
9,2016-06-30,40.41,$4.76,8.49,$2.86,14.15,$-2.72,0.0,$-0.77,0.0,$0.75B,$0.13B,5.88,$0.00B,$0.67B,0.0,$0.38B,$0.34B,89.82%,$0.38B,$-0.11B,-27.68%,$0.38B,$-0.11B,-27.68%,$0.38B,$-0.08B,-21.93%,$0.38B,$-0.10B,-27.15%,$0.38B,$-0.10B,-27.15%,$-0.10B,$0.67B,-15.21%,$-0.10B,$0.67B,-15.21%,$-0.10B,$0.86B,-11.74%,$-0.11B,$0.67B,-15.50%,$95,$10,$85,$86,$33,$129,$-33,$1,$-33,$0,$-33,$-33,$-33,$-28,$-33,$140,140,$-0.23,$-0.23,$609,$72,$0,$751,$51,$51,$0,$11,$113,$863,$128,$0,$0,$67,$195,$0,$-980,$0,$669,$863,$-53,$12,$24,$37,$-5,$-15,$0,$-21,$-34,$-50,$-11,$0,$0,$0,$140,$140,$0,$130,$0,$0,$0,$10,$10,$0,$0,$10,$90,$24,$0
10,2016-03-31,35.09,$4.88,7.19,$2.79,12.56,$-2.91,0.0,$-0.92,0.0,$0.74B,$0.12B,6.0,$0.00B,$0.68B,0.0,$0.37B,$0.33B,89.86%,$0.37B,$-0.12B,-33.15%,$0.37B,$-0.12B,-33.15%,$0.37B,$-0.10B,-27.40%,$0.37B,$-0.12B,-32.60%,$0.37B,$-0.12B,-32.60%,$-0.12B,$0.68B,-21.19%,$-0.12B,$0.68B,-21.19%,$-0.12B,$0.88B,-15.41%,$-0.12B,$0.68B,-21.55%,$111,$10,$102,$93,$30,$132,$-21,$1,$-20,$0,$-20,$-20,$-20,$-14,$-21,$140,140,$-0.15,$-0.15,$609,$60,$0,$736,$50,$82,$0,$11,$143,$879,$123,$0,$0,$73,$195,$0,$-947,$0,$684,$879,$-20,$7,$12,$19,$1,$-3,$0,$-12,$-16,$-18,$-7,$0,$0,$0,$37,$37,$0,$29,$0,$0,$0,$6,$6,$0,$0,$6,$17,$12,$0
11,2015-12-31,44.88,$4.91,9.14,$2.66,16.88,$-2.97,0.0,$-0.94,0.0,$0.77B,$0.13B,5.74,$0.00B,$0.69B,0.0,$0.34B,$0.30B,89.29%,$0.34B,$-0.12B,-36.31%,$0.34B,$-0.12B,-36.31%,$0.34B,$-0.10B,-30.95%,$0.34B,$-0.12B,-36.01%,$0.34B,$-0.12B,-36.01%,$-0.12B,$0.69B,-27.33%,$-0.12B,$0.69B,-27.33%,$-0.12B,$0.90B,-18.22%,$-0.12B,$0.69B,-27.56%,$93,$10,$83,$75,$34,$119,$-25,$0,$-25,$0,$-25,$-25,$-25,$-20,$-25,$129,129,$-0.17,$-0.17,$650,$57,$0,$771,$50,$63,$0,$11,$124,$895,$134,$0,$0,$75,$209,$0,$-927,$-1,$686,$895,$-120,$17,$42,$59,$-14,$-14,$0,$-51,$-72,$-133,$-13,$0,$0,$-5,$-357,$-362,$0,$-376,$0,$0,$0,$554,$554,$0,$0,$554,$45,$42,$0
12,2015-09-30,38.56,$4.99,7.72,$2.54,15.19,$-2.46,0.0,$-0.98,0.0,$0.85B,$0.13B,6.65,$0.00B,$0.70B,0.0,$0.32B,$0.28B,89.27%,$0.32B,$-0.13B,-39.43%,$0.32B,$-0.13B,-39.43%,$0.32B,$-0.11B,-34.38%,$0.32B,$-0.12B,-38.80%,$0.32B,$-0.12B,-38.80%,$-0.12B,$0.70B,-37.96%,$-0.12B,$0.70B,-37.96%,$-0.12B,$0.91B,-22.16%,$-0.13B,$0.70B,-38.58%,$84,$10,$74,$71,$30,$111,$-27,$0,$-26,$0,$-26,$-26,$-26,$-22,$-27,$128,128,$-0.21,$-0.21,$736,$45,$0,$853,$45,$0,$0,$10,$55,$907,$128,$0,$0,$83,$211,$0,$-902,$0,$696,$907,$-96,$12,$29,$40,$-24,$-1,$0,$-33,$-59,$-114,$-9,$0,$0,$-5,$133,$128,$0,$119,$0,$0,$0,$552,$552,$0,$0,$552,$557,$29,$0
13,2015-06-30,48.4,$1.43,33.76,$2.49,19.41,$-1.89,0.0,$-0.90,0.0,$0.35B,$0.13B,2.65,$0.00B,$0.18B,0.0,$0.31B,$0.28B,89.64%,$0.31B,$-0.11B,-36.89%,$0.31B,$-0.11B,-36.89%,$0.31B,$-0.10B,-32.04%,$0.31B,$-0.11B,-36.57%,$0.31B,$-0.11B,-36.57%,$-0.11B,$0.18B,-54.79%,$-0.11B,$0.18B,-54.79%,$-0.11B,$0.41B,-25.24%,$-0.11B,$0.18B,-55.27%,$77,$9,$69,$86,$30,$125,$-48,$0,$-48,$0,$-48,$-48,$-48,$-44,$-48,$125,125,$-0.38,$-0.38,$250,$47,$0,$354,$44,$0,$0,$10,$54,$408,$134,$0,$0,$94,$228,$0,$-876,$0,$180,$408,$-69,$8,$18,$25,$-6,$-4,$0,$-29,$-30,$-74,$-5,$0,$0,$-5,$85,$80,$0,$75,$0,$0,$0,$20,$20,$0,$0,$20,$22,$18,$0
14,2015-03-31,35.35,$1.68,21.08,$2.43,14.54,$-1.54,0.0,$-0.66,0.0,$0.40B,$0.13B,3.1,$0.00B,$0.21B,0.0,$0.30B,$0.27B,90.00%,$0.30B,$-0.08B,-28.00%,$0.30B,$-0.08B,-28.00%,$0.30B,$-0.07B,-23.00%,$0.30B,$-0.08B,-27.67%,$0.30B,$-0.08B,-27.67%,$-0.08B,$0.21B,-38.12%,$-0.08B,$0.21B,-38.12%,$-0.08B,$0.45B,-17.92%,$-0.08B,$0.21B,-38.58%,$82,$8,$74,$63,$32,$104,$-22,$0,$-22,$0,$-22,$-22,$-22,$-18,$-22,$124,124,$-0.17,$-0.17,$296,$43,$0,$397,$45,$0,$0,$5,$50,$446,$128,$0,$0,$109,$237,$0,$-828,$-0,$209,$446,$-22,$4,$8,$11,$-10,$0,$0,$-10,$-17,$-27,$-2,$0,$0,$0,$23,$23,$0,$20,$0,$0,$0,$12,$12,$0,$0,$12,$6,$8,$0
15,2014-12-31,32.13,$1.70,18.89,$2.33,13.81,$-1.52,0.0,$-0.62,0.0,$0.41B,$0.13B,3.24,$0.00B,$0.21B,0.0,$0.29B,$0.26B,90.21%,$0.29B,$-0.08B,-27.27%,$0.29B,$-0.08B,-27.27%,$0.29B,$-0.06B,-22.38%,$0.29B,$-0.08B,-26.92%,$0.29B,$-0.08B,-26.92%,$-0.08B,$0.21B,-34.49%,$-0.08B,$0.21B,-34.49%,$-0.08B,$0.46B,-16.36%,$-0.08B,$0.21B,-34.94%,$74,$9,$66,$64,$29,$102,$-28,$1,$-27,$0,$-27,$-27,$-27,$-25,$-28,$123,123,$-0.22,$-0.22,$313,$43,$0,$408,$46,$0,$0,$5,$51,$459,$126,$0,$0,$122,$248,$0,$-806,$-0,$211,$459,$-76,$12,$41,$53,$-10,$-16,$0,$-29,$-37,$-60,$-17,$0,$0,$0,$54,$54,$0,$37,$0,$0,$0,$16,$16,$0,$0,$16,$-7,$41,$0
16,2014-09-30,37.18,$1.82,20.45,$2.28,16.32,$-1.08,0.0,$-0.53,0.0,$0.43B,$0.12B,3.6,$0.00B,$0.23B,0.0,$0.28B,$0.25B,90.68%,$0.28B,$-0.07B,-23.66%,$0.28B,$-0.07B,-23.66%,$0.28B,$-0.05B,-18.64%,$0.28B,$-0.07B,-23.66%,$0.28B,$-0.07B,-23.66%,$-0.07B,$0.23B,-28.95%,$-0.07B,$0.23B,-28.95%,$-0.07B,$0.48B,-13.84%,$-0.07B,$0.23B,-28.95%,$76,$8,$68,$59,$25,$91,$-16,$0,$-16,$0,$-16,$-16,$-16,$-12,$-16,$124,124,$-0.13,$-0.13,$340,$38,$0,$429,$44,$0,$0,$5,$49,$478,$119,$0,$0,$134,$253,$0,$-780,$1,$225,$478,$-49,$10,$29,$39,$-14,$-10,$0,$-14,$-29,$-39,$-10,$0,$0,$0,$20,$20,$0,$10,$0,$0,$0,$15,$15,$0,$0,$15,$-14,$29,$0
17,2014-06-30,38.25,$1.83,20.89,$2.25,17.03,$-0.87,0.0,$-0.59,0.0,$0.42B,$0.10B,4.07,$0.00B,$0.23B,0.0,$0.27B,$0.25B,91.61%,$0.27B,$-0.07B,-27.01%,$0.27B,$-0.07B,-27.01%,$0.27B,$-0.06B,-22.26%,$0.27B,$-0.07B,-27.01%,$0.27B,$-0.07B,-27.01%,$-0.07B,$0.23B,-32.14%,$-0.07B,$0.23B,-32.14%,$-0.07B,$0.47B,-15.51%,$-0.07B,$0.23B,-32.14%,$68,$7,$62,$54,$26,$86,$-18,$0,$-18,$0,$-18,$-18,$-18,$-14,$-18,$123,123,$-0.14,$-0.14,$349,$30,$0,$423,$41,$0,$0,$5,$47,$470,$104,$0,$0,$140,$244,$0,$-764,$1,$226,$470,$-34,$6,$19,$25,$-5,$-3,$0,$-13,$-19,$-27,$-7,$0,$0,$0,$-1,$-1,$0,$-8,$0,$0,$0,$10,$10,$0,$0,$10,$-25,$19,$0
18,2014-03-31,45.56,$1.88,24.28,$2.30,19.83,$-0.97,0.0,$-0.51,0.0,$0.43B,$0.10B,4.34,$0.00B,$0.23B,0.0,$0.28B,$0.26B,92.14%,$0.28B,$-0.06B,-22.50%,$0.28B,$-0.06B,-22.50%,$0.28B,$-0.05B,-18.21%,$0.28B,$-0.06B,-22.50%,$0.28B,$-0.06B,-22.50%,$-0.06B,$0.23B,-27.04%,$-0.06B,$0.23B,-27.04%,$-0.06B,$0.48B,-13.23%,$-0.06B,$0.23B,-27.04%,$68,$6,$62,$54,$24,$85,$-16,$0,$-16,$0,$-16,$-16,$-16,$-13,$-16,$123,123,$-0.13,$-0.13,$355,$29,$0,$429,$41,$0,$0,$6,$47,$476,$99,$0,$0,$146,$245,$0,$-747,$0,$231,$476,$-16,$3,$9,$12,$-8,$-2,$0,$-9,$-19,$-23,$-3,$0,$0,$0,$-1,$-1,$0,$-4,$0,$0,$0,$8,$8,$0,$0,$8,$-19,$9,$0
19,2013-12-31,39.89,$1.88,21.25,$2.22,17.98,$-1.05,0.0,$-0.52,0.0,$0.44B,$0.10B,4.41,$0.00B,$0.23B,0.0,$0.27B,$0.25B,92.57%,$0.27B,$-0.06B,-23.42%,$0.27B,$-0.06B,-23.42%,$0.27B,$-0.05B,-19.33%,$0.27B,$-0.06B,-23.42%,$0.27B,$-0.06B,-23.42%,$-0.06B,$0.23B,-26.98%,$-0.06B,$0.23B,-26.98%,$-0.06B,$0.48B,-13.30%,$-0.06B,$0.23B,-26.98%,$67,$7,$61,$51,$25,$83,$-16,$0,$-16,$0,$-16,$-16,$-16,$-13,$-16,$122,122,$-0.12,$-0.12,$374,$27,$0,$437,$41,$0,$0,$6,$47,$484,$99,$0,$0,$155,$254,$0,$-730,$-0,$230,$484,$-63,$10,$31,$42,$4,$11,$0,$3,$20,$-1,$-22,$0,$0,$0,$-2,$-2,$0,$-25,$0,$0,$0,$35,$35,$0,$0,$35,$9,$31,$0
20,2013-09-30,43.83,$1.91,22.9,$2.21,19.87,$-0.86,0.0,$-0.48,0.0,$0.44B,$0.10B,4.37,$0.00B,$0.23B,0.0,$0.27B,$0.25B,93.23%,$0.27B,$-0.06B,-21.80%,$0.27B,$-0.06B,-21.80%,$0.27B,$-0.05B,-17.67%,$0.27B,$-0.06B,-21.80%,$0.27B,$-0.06B,-21.80%,$-0.06B,$0.23B,-24.95%,$-0.06B,$0.23B,-24.95%,$-0.06B,$0.48B,-12.33%,$-0.06B,$0.23B,-24.95%,$71,$5,$66,$68,$21,$95,$-24,$0,$-24,$0,$-24,$-24,$-24,$-21,$-24,$122,122,$-0.19,$-0.19,$374,$26,$0,$435,$37,$0,$0,$5,$43,$478,$100,$0,$0,$144,$243,$0,$-715,$0,$234,$478,$-47,$8,$22,$29,$4,$12,$0,$-3,$10,$-8,$-15,$0,$0,$0,$54,$54,$0,$39,$0,$0,$0,$33,$33,$0,$0,$33,$65,$22,$0
21,2013-06-30,31.46,$1.95,16.12,$2.05,15.38,$-1.04,0.0,$-0.41,0.0,$0.43B,$0.09B,4.78,$0.00B,$0.24B,0.0,$0.25B,$0.23B,93.06%,$0.25B,$-0.05B,-19.59%,$0.25B,$-0.05B,-19.59%,$0.25B,$-0.04B,-15.10%,$0.25B,$-0.05B,-19.59%,$0.25B,$-0.05B,-19.59%,$-0.05B,$0.24B,-20.89%,$-0.05B,$0.24B,-20.89%,$-0.05B,$0.47B,-10.56%,$-0.05B,$0.24B,-20.89%,$74,$5,$69,$52,$24,$81,$-7,$0,$-7,$0,$-7,$-7,$-7,$-4,$-7,$121,121,$-0.06,$-0.06,$338,$39,$0,$431,$30,$0,$0,$6,$35,$467,$90,$0,$0,$139,$229,$0,$-691,$0,$237,$467,$-23,$5,$13,$18,$-14,$-1,$0,$-11,$-33,$-37,$-8,$0,$0,$0,$-2,$-2,$0,$-11,$0,$0,$0,$21,$21,$0,$0,$21,$-27,$13,$0
22,2013-03-31,35.51,$1.93,18.43,$1.86,19.14,$-0.81,0.0,$-0.50,0.0,$0.43B,$0.09B,4.84,$0.00B,$0.23B,0.0,$0.22B,$0.20B,92.73%,$0.22B,$-0.06B,-26.36%,$0.22B,$-0.06B,-26.36%,$0.22B,$-0.05B,-21.82%,$0.22B,$-0.06B,-26.36%,$0.22B,$-0.06B,-26.36%,$-0.06B,$0.23B,-25.75%,$-0.06B,$0.23B,-25.75%,$-0.06B,$0.47B,-13.09%,$-0.06B,$0.23B,-25.75%,$57,$4,$53,$48,$22,$74,$-16,$0,$-16,$0,$-16,$-16,$-16,$-14,$-16,$120,120,$-0.14,$-0.14,$344,$34,$0,$431,$29,$0,$0,$6,$35,$466,$89,$0,$0,$144,$233,$0,$-684,$0,$233,$466,$-16,$3,$7,$9,$-11,$4,$0,$-5,$-23,$-30,$-6,$0,$0,$0,$-0,$-0,$0,$-7,$0,$0,$0,$17,$17,$0,$0,$17,$-20,$7,$0
23,2012-12-31,23.17,$1.89,12.27,$1.79,12.92,$-0.76,0.0,$-0.47,0.0,$0.44B,$0.10B,4.38,$0.00B,$0.23B,0.0,$0.21B,$0.20B,92.89%,$0.21B,$-0.06B,-27.01%,$0.21B,$-0.06B,-27.01%,$0.21B,$-0.05B,-22.75%,$0.21B,$-0.05B,-25.59%,$0.21B,$-0.05B,-25.59%,$-0.05B,$0.23B,-24.32%,$-0.05B,$0.23B,-24.32%,$-0.05B,$0.47B,-12.57%,$-0.06B,$0.23B,-25.68%,$64,$4,$60,$48,$23,$75,$-11,$0,$-11,$0,$-11,$-11,$-11,$-8,$-11,$118,118,$-0.08,$-0.08,$364,$38,$0,$441,$25,$0,$0,$6,$31,$471,$101,$0,$0,$145,$245,$0,$-668,$0,$226,$471,$-54,$9,$25,$34,$22,$-28,$0,$34,$31,$11,$-10,$0,$0,$0,$-69,$-69,$0,$-80,$0,$0,$0,$36,$36,$0,$0,$36,$-33,$25,$0
24,2012-09-30,26.94,$1.87,14.4,$1.68,16.0,$-1.96,0.0,$-0.62,0.0,$0.39B,$0.08B,5.23,$0.00B,$0.22B,0.0,$0.20B,$0.18B,92.86%,$0.20B,$-0.07B,-33.16%,$0.20B,$-0.07B,-33.16%,$0.20B,$-0.05B,-24.49%,$0.20B,$-0.07B,-35.71%,$0.20B,$-0.07B,-35.71%,$-0.07B,$0.22B,-31.78%,$-0.07B,$0.22B,-31.78%,$-0.07B,$0.42B,-16.74%,$-0.07B,$0.22B,-29.51%,$50,$3,$46,$41,$19,$64,$-14,$0,$-14,$0,$-14,$-14,$-14,$-11,$-14,$118,118,$-0.12,$-0.12,$314,$34,$0,$390,$20,$0,$0,$5,$26,$415,$75,$0,$0,$118,$193,$0,$-657,$0,$223,$415,$-43,$6,$18,$24,$20,$-25,$0,$-5,$-20,$-39,$-5,$0,$0,$0,$-18,$-18,$0,$-22,$0,$0,$0,$29,$29,$0,$0,$29,$-33,$18,$0
25,2012-06-30,25.39,$1.85,13.71,$1.44,17.59,$-2.39,0.0,$-0.85,0.0,$0.40B,$0.09B,4.67,$0.00B,$0.22B,0.0,$0.17B,$0.16B,93.41%,$0.17B,$-0.09B,-55.09%,$0.17B,$-0.09B,-55.09%,$0.17B,$-0.08B,-45.51%,$0.17B,$-0.10B,-58.08%,$0.17B,$-0.10B,-58.08%,$-0.10B,$0.22B,-43.64%,$-0.10B,$0.22B,-43.64%,$-0.10B,$0.42B,-23.12%,$-0.09B,$0.22B,-41.39%,$49,$3,$45,$43,$20,$66,$-17,$0,$-17,$0,$-17,$-17,$-17,$-15,$-17,$117,117,$-0.15,$-0.15,$330,$26,$0,$395,$19,$0,$0,$6,$25,$420,$85,$0,$0,$117,$202,$0,$-644,$-0,$219,$420,$-30,$4,$12,$16,$23,$-16,$0,$-7,$-1,$-15,$-2,$0,$0,$0,$-28,$-28,$0,$-30,$0,$0,$0,$18,$18,$0,$0,$18,$-27,$12,$0
26,2012-03-31,20.38,$1.89,10.81,$1.14,17.85,$-2.65,0.0,$-1.15,0.0,$0.39B,$0.07B,5.23,$0.00B,$0.22B,0.0,$0.13B,$0.12B,94.66%,$0.13B,$-0.13B,-96.95%,$0.13B,$-0.13B,-96.95%,$0.13B,$-0.11B,-84.73%,$0.13B,$-0.13B,-100.76%,$0.13B,$-0.13B,-100.76%,$-0.13B,$0.22B,-56.53%,$-0.13B,$0.22B,-56.53%,$-0.13B,$0.41B,-30.84%,$-0.13B,$0.22B,-54.39%,$48,$3,$45,$38,$22,$64,$-15,$3,$-12,$0,$-12,$-12,$-12,$-14,$-15,$116,116,$-0.11,$-0.11,$309,$16,$0,$387,$19,$0,$0,$6,$25,$413,$74,$0,$0,$118,$192,$0,$-626,$-0,$220,$413,$-12,$2,$6,$8,$-2,$-6,$0,$-3,$-24,$-28,$-1,$0,$0,$0,$-13,$-13,$0,$-14,$0,$0,$0,$8,$8,$0,$0,$8,$-34,$6,$0
27,2011-12-31,16.72,$1.89,8.86,$0.84,19.92,$-2.50,0.0,$-1.34,0.0,$0.40B,$0.09B,4.38,$0.00B,$0.22B,0.0,$0.10B,$0.09B,95.79%,$0.10B,$-0.15B,-152.63%,$0.10B,$-0.15B,-152.63%,$0.10B,$-0.13B,-134.74%,$0.10B,$-0.15B,-161.05%,$0.10B,$-0.15B,-161.05%,$-0.15B,$0.22B,-60.06%,$-0.15B,$0.22B,-60.06%,$-0.15B,$0.43B,-34.38%,$-0.15B,$0.22B,-56.92%,$49,$2,$46,$40,$25,$68,$-19,$-8,$-27,$0,$-27,$-27,$-27,$-8,$-19,$113,113,$-0.24,$-0.24,$331,$9,$0,$400,$20,$0,$0,$6,$26,$425,$91,$0,$0,$115,$206,$0,$-614,$0,$219,$425,$-152,$17,$20,$37,$-36,$-9,$0,$9,$-9,$-124,$-11,$0,$0,$0,$20,$20,$-6,$3,$0,$0,$0,$188,$188,$0,$0,$188,$67,$20,$0
28,2011-09-30,19.04,$2.01,9.46,$0.49,39.06,$-1.27,0.0,$-1.44,0.0,$0.39B,$0.07B,5.23,$0.00B,$0.23B,0.0,$0.05B,$0.05B,98.15%,$0.05B,$-0.16B,-298.15%,$0.05B,$-0.16B,-298.15%,$0.05B,$-0.15B,-283.33%,$0.05B,$-0.16B,-298.15%,$0.05B,$-0.16B,-298.15%,$-0.16B,$0.23B,-66.94%,$-0.16B,$0.23B,-66.94%,$-0.16B,$0.42B,-38.22%,$-0.16B,$0.23B,-66.94%,$21,$1,$20,$41,$20,$62,$-41,$0,$-41,$0,$-41,$-41,$-41,$-39,$-41,$115,115,$-0.35,$-0.35,$362,$3,$0,$387,$15,$13,$0,$6,$34,$420,$74,$0,$0,$115,$189,$0,$-587,$-2,$231,$420,$-125,$6,$14,$20,$4,$-3,$0,$5,$18,$-87,$-5,$0,$0,$0,$8,$8,$-6,$-3,$0,$0,$0,$181,$181,$0,$0,$181,$91,$14,$0
29,2011-06-30,20.52,$2.31,8.89,$0.47,44.1,$-0.21,0.0,$-1.43,0.0,$0.43B,$0.07B,6.15,$0.00B,$0.26B,0.0,$0.05B,$0.05B,100.00%,$0.05B,$-0.16B,-316.33%,$0.05B,$-0.16B,-316.33%,$0.05B,$-0.15B,-302.04%,$0.05B,$-0.16B,-316.33%,$0.05B,$-0.16B,-316.33%,$-0.16B,$0.26B,-67.32%,$-0.16B,$0.26B,-67.32%,$-0.16B,$0.45B,-38.41%,$-0.16B,$0.26B,-67.32%,$13,$0,$13,$50,$15,$65,$-52,$0,$-52,$0,$-52,$-52,$-52,$-50,$-52,$114,114,$-0.45,$-0.45,$411,$0,$0,$428,$12,$13,$0,$1,$26,$454,$70,$0,$0,$120,$190,$0,$-546,$-1,$264,$454,$-84,$4,$9,$12,$8,$0,$0,$11,$27,$-45,$-2,$0,$0,$0,$-73,$-73,$-0,$-74,$0,$0,$0,$178,$178,$0,$0,$178,$59,$9,$0
30,2011-03-31,15.57,$2.69,5.8,$0.72,21.74,$0.56,27.72,$-1.06,0.0,$0.46B,$0.06B,7.61,$0.00B,$0.31B,0.0,$0.07B,$0.07B,100.00%,$0.07B,$-0.11B,-153.42%,$0.07B,$-0.11B,-153.42%,$0.07B,$-0.11B,-143.84%,$0.07B,$-0.11B,-152.05%,$0.07B,$-0.11B,-152.05%,$-0.11B,$0.31B,-50.68%,$-0.11B,$0.31B,-50.68%,$-0.11B,$0.48B,-29.25%,$-0.11B,$0.31B,-51.14%,$12,$0,$12,$32,$13,$45,$-33,$0,$-33,$0,$-33,$-33,$-33,$-31,$-33,$109,109,$-0.30,$-0.30,$443,$0,$0,$455,$12,$13,$0,$0,$25,$481,$60,$0,$0,$116,$176,$0,$-495,$-1,$305,$481,$-33,$2,$4,$6,$11,$0,$0,$7,$17,$-10,$-0,$0,$0,$0,$-121,$-121,$0,$-122,$0,$0,$0,$172,$172,$0,$0,$172,$40,$4,$0
31,2010-12-31,14.95,$1.59,9.4,$1.05,14.17,$1.08,13.91,$-0.65,0.0,$0.30B,$0.06B,5.55,$0.00B,$0.16B,0.0,$0.11B,$0.11B,100.00%,$0.11B,$-0.07B,-63.55%,$0.11B,$-0.07B,-63.55%,$0.11B,$-0.06B,-57.01%,$0.11B,$-0.07B,-62.62%,$0.11B,$-0.07B,-62.62%,$-0.07B,$0.16B,-33.80%,$-0.07B,$0.16B,-33.80%,$-0.07B,$0.33B,-19.07%,$-0.07B,$0.16B,-34.30%,$8,$0,$8,$33,$11,$43,$-35,$0,$-35,$0,$-35,$-35,$-35,$-33,$-35,$101,101,$-0.35,$-0.35,$282,$0,$0,$304,$12,$13,$0,$0,$26,$330,$55,$0,$0,$114,$168,$0,$-462,$-1,$162,$330,$-66,$7,$14,$21,$61,$0,$0,$-15,$52,$7,$-4,$0,$0,$0,$-8,$-8,$0,$-12,$0,$0,$0,$7,$7,$0,$0,$7,$3,$14,$0
32,2010-09-30,15.53,$1.87,8.29,$1.21,12.8,$0.31,49.52,$-0.43,0.0,$0.32B,$0.05B,6.3,$0.00B,$0.19B,0.0,$0.12B,$0.12B,100.00%,$0.12B,$-0.05B,-38.02%,$0.12B,$-0.05B,-38.02%,$0.12B,$-0.04B,-32.23%,$0.12B,$-0.04B,-36.36%,$0.12B,$-0.04B,-36.36%,$-0.04B,$0.19B,-21.03%,$-0.04B,$0.19B,-21.03%,$-0.04B,$0.35B,-12.03%,$-0.05B,$0.19B,-21.98%,$16,$0,$16,$44,$7,$51,$-35,$0,$-35,$0,$-35,$-35,$-35,$-34,$-35,$101,101,$-0.34,$-0.34,$303,$0,$0,$323,$13,$13,$0,$0,$26,$349,$51,$0,$0,$108,$159,$0,$-427,$-2,$190,$349,$-32,$6,$10,$16,$65,$0,$0,$-28,$45,$29,$-3,$0,$0,$0,$-27,$-27,$0,$-30,$0,$0,$0,$5,$5,$0,$0,$5,$4,$10,$0
33,2010-06-30,11.99,$2.16,5.55,$1.18,10.16,$-0.47,0.0,$-0.30,0.0,$0.33B,$0.05B,7.44,$0.00B,$0.22B,0.0,$0.12B,$0.12B,100.00%,$0.12B,$-0.03B,-27.35%,$0.12B,$-0.03B,-27.35%,$0.12B,$-0.02B,-20.51%,$0.12B,$-0.03B,-24.79%,$0.12B,$-0.03B,-24.79%,$-0.03B,$0.22B,-13.44%,$-0.03B,$0.22B,-13.44%,$-0.03B,$0.36B,-8.06%,$-0.03B,$0.22B,-14.83%,$37,$0,$37,$39,$6,$46,$-9,$1,$-8,$0,$-8,$-8,$-8,$-7,$-9,$101,101,$-0.08,$-0.08,$313,$0,$0,$333,$13,$12,$0,$0,$25,$358,$45,$0,$0,$95,$140,$0,$-393,$-2,$219,$358,$3,$4,$6,$10,$65,$0,$0,$-41,$26,$39,$-2,$0,$0,$0,$-10,$-10,$0,$-12,$0,$0,$0,$4,$4,$0,$0,$4,$31,$6,$0
34,2010-03-31,11.94,$2.21,5.41,$0.92,12.92,$-1.23,0.0,$-0.48,0.0,$0.34B,$0.06B,5.43,$0.00B,$0.22B,0.0,$0.09B,$0.09B,100.00%,$0.09B,$-0.05B,-51.69%,$0.09B,$-0.05B,-51.69%,$0.09B,$-0.04B,-42.70%,$0.09B,$-0.04B,-48.31%,$0.09B,$-0.04B,-48.31%,$-0.04B,$0.22B,-23.12%,$-0.04B,$0.22B,-23.12%,$-0.04B,$0.37B,-13.28%,$-0.05B,$0.22B,-24.73%,$46,$0,$46,$30,$5,$36,$11,$1,$11,$0,$11,$11,$11,$13,$11,$101,103,$0.11,$0.11,$318,$0,$0,$342,$13,$13,$0,$0,$26,$368,$63,$0,$0,$83,$146,$0,$-384,$-1,$222,$368,$11,$2,$3,$5,$66,$0,$0,$-34,$28,$45,$-1,$0,$0,$0,$-45,$-45,$0,$-46,$0,$0,$0,$1,$1,$0,$0,$1,$-0,$3,$0
35,2009-12-31,10.16,$2.05,4.95,$0.58,17.44,$-1.90,0.0,$-0.92,0.0,$0.35B,$0.10B,3.34,$0.00B,$0.21B,0.0,$0.05B,$0.05B,100.00%,$0.05B,$-0.09B,-163.46%,$0.05B,$-0.09B,-163.46%,$0.05B,$-0.08B,-150.00%,$0.05B,$-0.08B,-155.77%,$0.05B,$-0.08B,-155.77%,$-0.08B,$0.21B,-51.51%,$-0.08B,$0.21B,-51.51%,$-0.08B,$0.39B,-28.22%,$-0.09B,$0.21B,-54.05%,$22,$0,$22,$29,$6,$34,$-13,$1,$-12,$0,$-12,$-12,$-12,$-11,$-13,$91,91,$-0.10,$-0.10,$261,$0,$0,$349,$12,$27,$0,$1,$40,$388,$104,$0,$0,$78,$182,$0,$-396,$-1,$206,$388,$-82,$7,$12,$19,$-72,$0,$0,$70,$1,$-62,$-5,$0,$0,$0,$-143,$-143,$-0,$-147,$0,$0,$0,$197,$197,$0,$0,$197,$-12,$12,$0
36,2009-09-30,14.03,$2.14,6.54,$0.47,29.78,$-2.03,0.0,$-1.18,0.0,$0.27B,$0.05B,5.5,$0.00B,$0.22B,0.0,$0.04B,$0.04B,100.00%,$0.04B,$-0.10B,-260.00%,$0.04B,$-0.10B,-260.00%,$0.04B,$-0.10B,-242.50%,$0.04B,$-0.10B,-250.00%,$0.04B,$-0.10B,-250.00%,$-0.10B,$0.22B,-79.68%,$-0.10B,$0.22B,-79.68%,$-0.10B,$0.33B,-42.19%,$-0.10B,$0.22B,-82.87%,$12,$0,$12,$28,$4,$32,$-21,$1,$-20,$0,$-20,$-20,$-20,$-19,$-21,$93,93,$-0.21,$-0.21,$266,$0,$0,$274,$12,$40,$0,$1,$53,$326,$50,$0,$0,$61,$111,$0,$-384,$-0,$216,$326,$-70,$5,$8,$14,$4,$0,$0,$-0,$10,$-46,$-4,$0,$0,$0,$-106,$-106,$0,$-110,$0,$0,$0,$197,$197,$0,$0,$197,$41,$8,$0
37,2009-06-30,9.72,$1.15,8.44,$0.45,21.7,$-2.01,0.0,$-1.24,0.0,$0.15B,$0.05B,3.21,$0.00B,$0.10B,0.0,$0.04B,$0.04B,100.00%,$0.04B,$-0.11B,-294.44%,$0.04B,$-0.11B,-294.44%,$0.04B,$-0.10B,-277.78%,$0.04B,$-0.10B,-283.33%,$0.04B,$-0.10B,-283.33%,$-0.10B,$0.10B,-104.08%,$-0.10B,$0.10B,-104.08%,$-0.10B,$0.21B,-48.80%,$-0.11B,$0.10B,-108.16%,$9,$0,$9,$29,$4,$33,$-23,$1,$-22,$0,$-22,$-22,$-22,$-21,$-23,$86,86,$-0.26,$-0.26,$141,$0,$0,$150,$13,$49,$0,$0,$62,$213,$47,$0,$0,$66,$113,$0,$-364,$-1,$100,$213,$-50,$4,$5,$9,$2,$0,$0,$4,$10,$-31,$-3,$0,$0,$0,$-35,$-35,$0,$-38,$0,$0,$0,$65,$65,$0,$0,$65,$-4,$5,$0
38,2009-03-31,9.86,$1.26,7.85,$0.47,21.2,$-1.99,0.0,$-1.18,0.0,$0.15B,$0.05B,3.3,$0.00B,$0.11B,0.0,$0.04B,$0.04B,100.00%,$0.04B,$-0.10B,-272.97%,$0.04B,$-0.10B,-272.97%,$0.04B,$-0.10B,-256.76%,$0.04B,$-0.10B,-259.46%,$0.04B,$-0.10B,-259.46%,$-0.10B,$0.11B,-92.31%,$-0.10B,$0.11B,-92.31%,$-0.10B,$0.22B,-45.23%,$-0.10B,$0.11B,-97.12%,$9,$0,$9,$33,$4,$37,$-28,$1,$-27,$0,$-27,$-27,$-27,$-27,$-28,$84,84,$-0.33,$-0.33,$132,$0,$0,$148,$12,$61,$0,$0,$73,$221,$45,$0,$0,$69,$113,$0,$-341,$-2,$107,$221,$-27,$2,$3,$4,$-4,$0,$0,$6,$4,$-19,$-2,$0,$0,$0,$-33,$-33,$0,$-35,$0,$0,$0,$53,$53,$0,$0,$53,$-0,$3,$0
39,2008-12-31,8.94,$0.99,9.03,$0.45,19.93,$-1.91,0.0,$-1.07,0.0,$0.11B,$0.04B,2.75,$0.00B,$0.08B,0.0,$0.04B,$0.04B,100.00%,$0.04B,$-0.09B,-262.86%,$0.04B,$-0.09B,-262.86%,$0.04B,$-0.09B,-245.71%,$0.04B,$-0.09B,-245.71%,$0.04B,$-0.09B,-245.71%,$-0.09B,$0.08B,-76.96%,$-0.09B,$0.08B,-76.96%,$-0.09B,$0.19B,-39.77%,$-0.09B,$0.08B,-82.33%,$10,$0,$10,$38,$4,$42,$-32,$1,$-31,$0,$-31,$-31,$-31,$-30,$-32,$79,79,$-0.40,$-0.40,$95,$0,$0,$111,$11,$66,$0,$0,$77,$188,$40,$0,$0,$68,$109,$0,$-314,$-1,$79,$188,$-86,$5,$10,$15,$-2,$0,$0,$3,$7,$-63,$-5,$0,$0,$0,$-63,$-63,$0,$-68,$0,$0,$0,$102,$102,$0,$0,$102,$-29,$10,$0
40,2008-09-30,10.7,$1.33,8.07,$0.45,23.86,$-0.47,0.0,$-0.91,0.0,$0.12B,$0.04B,3.15,$0.00B,$0.11B,0.0,$0.03B,$0.03B,100.00%,$0.03B,$-0.08B,-233.33%,$0.03B,$-0.08B,-233.33%,$0.03B,$-0.07B,-215.15%,$0.03B,$-0.07B,-212.12%,$0.03B,$-0.07B,-212.12%,$-0.07B,$0.11B,-66.35%,$-0.07B,$0.11B,-66.35%,$-0.07B,$0.21B,-33.90%,$-0.08B,$0.11B,-72.99%,$8,$0,$8,$28,$4,$31,$-23,$2,$-22,$0,$-22,$-22,$-22,$-22,$-23,$80,80,$-0.27,$-0.27,$105,$0,$0,$120,$11,$83,$0,$0,$94,$214,$38,$0,$0,$70,$108,$0,$-283,$-2,$106,$214,$-55,$4,$7,$11,$-1,$0,$0,$2,$7,$-37,$-4,$0,$0,$0,$-96,$-96,$0,$-100,$0,$0,$0,$102,$102,$0,$0,$102,$-35,$7,$0
41,2008-06-30,8.46,$1.57,5.41,$0.42,20.28,$0.53,15.97,$-0.86,0.0,$0.13B,$0.03B,4.0,$0.00B,$0.12B,0.0,$0.03B,$0.03B,100.00%,$0.03B,$-0.07B,-233.33%,$0.03B,$-0.07B,-233.33%,$0.03B,$-0.07B,-216.67%,$0.03B,$-0.06B,-210.00%,$0.03B,$-0.06B,-210.00%,$-0.06B,$0.12B,-66.14%,$-0.06B,$0.12B,-66.14%,$-0.06B,$0.23B,-33.47%,$-0.07B,$0.12B,-73.49%,$10,$0,$10,$23,$4,$28,$-18,$2,$-16,$0,$-16,$-16,$-16,$-16,$-18,$79,79,$-0.20,$-0.20,$114,$0,$0,$130,$11,$84,$0,$1,$96,$226,$32,$0,$0,$69,$102,$0,$-262,$-1,$124,$226,$-33,$2,$5,$7,$-2,$0,$0,$-1,$-1,$-27,$-3,$0,$0,$0,$-94,$-94,$0,$-97,$0,$0,$0,$99,$99,$0,$0,$99,$-25,$5,$0
42,2008-03-31,9.1,$1.74,5.22,$0.39,23.37,$1.65,5.5,$-0.88,0.0,$0.18B,$0.03B,5.91,$0.00B,$0.14B,0.0,$0.03B,$0.03B,100.00%,$0.03B,$-0.06B,-246.15%,$0.03B,$-0.06B,-246.15%,$0.03B,$-0.06B,-234.62%,$0.03B,$-0.06B,-223.08%,$0.03B,$-0.06B,-223.08%,$-0.06B,$0.14B,-70.09%,$-0.06B,$0.14B,-70.09%,$-0.06B,$0.24B,-34.32%,$-0.06B,$0.14B,-77.34%,$7,$0,$7,$22,$4,$26,$-19,$2,$-17,$0,$-17,$-17,$-17,$-18,$-19,$76,76,$-0.22,$-0.22,$167,$0,$0,$178,$10,$49,$0,$1,$60,$237,$30,$0,$0,$69,$99,$0,$-246,$0,$138,$237,$-17,$1,$2,$3,$-1,$0,$0,$5,$3,$-11,$-1,$0,$0,$0,$-31,$-31,$0,$-32,$0,$0,$0,$99,$99,$0,$0,$99,$55,$2,$0
43,2007-12-31,11.4,$0.80,14.26,$0.38,30.32,$2.78,4.1,$-0.82,0.0,$0.12B,$0.03B,4.07,$0.00B,$0.05B,0.0,$0.02B,$0.02B,100.00%,$0.02B,$-0.06B,-239.13%,$0.02B,$-0.06B,-239.13%,$0.02B,$-0.05B,-230.43%,$0.02B,$-0.05B,-217.39%,$0.02B,$-0.05B,-217.39%,$-0.05B,$0.05B,-72.73%,$-0.05B,$0.05B,-72.73%,$-0.05B,$0.15B,-33.67%,$-0.06B,$0.05B,-80.00%,$8,$0,$8,$20,$4,$24,$-17,$2,$-15,$0,$-15,$-15,$-15,$-15,$-17,$61,61,$-0.24,$-0.24,$111,$0,$0,$119,$10,$18,$0,$1,$29,$149,$29,$0,$0,$65,$95,$0,$-229,$0,$54,$149,$-49,$3,$7,$10,$-5,$0,$0,$80,$79,$40,$-4,$0,$0,$0,$8,$8,$0,$4,$0,$0,$0,$7,$7,$0,$0,$7,$51,$8,$0
44,2007-09-30,11.24,$0.96,11.68,$0.30,37.32,$1.44,7.8,$-0.80,0.0,$0.10B,$0.02B,4.41,$0.00B,$0.07B,0.0,$0.02B,$0.02B,100.00%,$0.02B,$-0.05B,-272.22%,$0.02B,$-0.05B,-272.22%,$0.02B,$-0.05B,-272.22%,$0.02B,$-0.05B,-250.00%,$0.02B,$-0.05B,-250.00%,$-0.05B,$0.07B,-58.25%,$-0.05B,$0.07B,-58.25%,$-0.05B,$0.14B,-33.15%,$-0.05B,$0.07B,-63.43%,$5,$0,$5,$18,$3,$21,$-16,$2,$-15,$0,$-15,$-15,$-15,$-16,$-16,$66,66,$-0.22,$-0.22,$92,$0,$0,$100,$8,$32,$0,$1,$41,$141,$23,$0,$0,$54,$77,$0,$-214,$0,$65,$141,$-34,$1,$5,$7,$-4,$0,$0,$63,$62,$34,$-2,$0,$0,$0,$-33,$-33,$0,$-35,$0,$0,$0,$5,$5,$0,$0,$5,$4,$5,$0
45,2007-06-30,9.81,$1.30,7.54,$0.28,35.19,$0.43,22.6,$-0.75,0.0,$0.10B,$0.02B,4.88,$0.00B,$0.07B,0.0,$0.02B,$0.02B,100.00%,$0.02B,$-0.04B,-286.67%,$0.02B,$-0.04B,-286.67%,$0.02B,$-0.04B,-286.67%,$0.02B,$-0.04B,-260.00%,$0.02B,$-0.04B,-260.00%,$-0.04B,$0.07B,-45.75%,$-0.04B,$0.07B,-45.75%,$-0.04B,$0.15B,-30.65%,$-0.04B,$0.07B,-50.44%,$6,$0,$6,$15,$3,$18,$-12,$2,$-11,$0,$-11,$-11,$-11,$-12,$-12,$57,57,$-0.18,$-0.18,$94,$0,$0,$102,$8,$39,$0,$0,$47,$149,$21,$0,$0,$53,$74,$0,$-199,$-0,$74,$149,$-19,$1,$3,$4,$-4,$0,$0,$62,$60,$44,$-1,$0,$0,$0,$-49,$-49,$0,$-51,$0,$0,$0,$2,$2,$0,$0,$2,$-4,$3,$0
46,2007-03-31,8.19,$1.43,5.72,$0.24,34.53,$-0.69,0.0,$-0.70,0.0,$0.11B,$0.02B,6.03,$0.00B,$0.08B,0.0,$0.01B,$0.01B,100.00%,$0.01B,$-0.04B,-341.67%,$0.01B,$-0.04B,-341.67%,$0.01B,$-0.04B,-333.33%,$0.01B,$-0.04B,-308.33%,$0.01B,$-0.04B,-308.33%,$-0.04B,$0.08B,-39.89%,$-0.04B,$0.08B,-39.89%,$-0.04B,$0.16B,-31.09%,$-0.04B,$0.08B,-44.20%,$4,$0,$4,$12,$3,$15,$-10,$1,$-9,$0,$-9,$-9,$-9,$-10,$-10,$55,55,$-0.16,$-0.16,$109,$0,$0,$114,$8,$32,$0,$0,$40,$155,$19,$0,$0,$54,$73,$0,$-188,$-0,$82,$155,$-9,$0,$1,$2,$-3,$0,$0,$64,$61,$53,$-1,$0,$0,$0,$-45,$-45,$0,$-46,$0,$0,$0,$1,$1,$0,$0,$1,$8,$1,$0
47,2006-12-31,5.33,$1.73,3.08,$0.21,25.61,$-1.86,0.0,$-0.75,0.0,$0.09B,$0.01B,9.99,$0.00B,$0.09B,0.0,$0.01B,$0.01B,100.00%,$0.01B,$-0.04B,-400.00%,$0.01B,$-0.04B,-400.00%,$0.01B,$-0.04B,-390.00%,$0.01B,$-0.04B,-370.00%,$0.01B,$-0.04B,-370.00%,$-0.04B,$0.09B,-41.46%,$-0.04B,$0.09B,-41.46%,$-0.04B,$0.10B,-36.82%,$-0.04B,$0.09B,-44.82%,$3,$0,$3,$11,$3,$14,$-11,$1,$-10,$0,$-10,$-10,$-10,$-11,$-11,$49,49,$-0.19,$-0.19,$83,$0,$0,$85,$8,$4,$0,$0,$12,$98,$9,$0,$0,$1,$9,$0,$-180,$-0,$88,$98,$-36,$2,$5,$7,$-0,$0,$0,$-6,$-6,$-35,$-2,$0,$0,$0,$-9,$-9,$0,$-11,$0,$0,$0,$44,$44,$0,$0,$44,$-2,$5,$0
