,Date,Stock Price,Book Value per Share,Price to Book Ratio,TTM Sales per Share,Price to Sales Ratio,TTM FCF per Share,Price to FCF Ratio,TTM Net EPS,PE Ratio,Current Assets,Current Liabilities,Current Ratio,Long Term Debt,Shareholder's Equity_x,Debt to Equity Ratio,TTM Revenue_x,TTM Gross Profit,Gross Margin,TTM Revenue_y,TTM Operating Income,Operating Margin,TTM Revenue_x,TTM EBIT,EBIT Margin,TTM Revenue_y,TTM EBITDA,EBITDA Margin,TTM Revenue_x,TTM Pre-Tax Income,Pre-Tax Margin,TTM Revenue_y,TTM Net Income_x,Net Margin,TTM Net Income_y,Shareholder's Equity_y,Return on Equity,TTM Net Income_x,Tangible Equity,Return on Tangible Equity,TTM Net Income_y,Total Assets,Return on Assets,TTM Net Income,LT Investments & Debt,Return on Investment,revenue,cost-goods-sold,gross-profit,research-development-expenses,selling-general-administrative-expenses,operating-expenses,operating-income,total-non-operating-income-expense,pre-tax-income,total-provision-income-taxes,income-after-taxes,income-from-continuous-operations,net-income,ebitda,ebit,basic-shares-outstanding,shares-outstanding,eps-basic-net-earnings-per-share,eps-earnings-per-share-diluted,cash-on-hand,inventory,other-current-assets,total-current-assets,net-property-plant-equipment,long-term-investments,goodwill-intangible-assets-total,other-long-term-assets,total-long-term-assets,total-assets,total-current-liabilities,long-term-debt,other-non-current-liabilities,total-long-term-liabilities,total-liabilities,common-stock-net,retained-earnings-accumulated-deficit,comprehensive-income,total-share-holder-equity,total-liabilities-share-holders-equity,net-income-loss,total-depreciation-amortization-cash-flow,other-non-cash-items,total-non-cash-items,change-in-accounts-receivable,change-in-inventories,change-in-accounts-payable,change-in-assets-liabilities,total-change-in-assets-liabilities,cash-flow-from-operating-activities,net-change-in-property-plant-equipment,net-change-in-intangible-assets,net-acquisitions-divestitures,net-change-in-short-term-investments,net-change-in-long-term-investments,net-change-in-investments-total,investing-activities-other,cash-flow-from-investing-activities,net-long-term-debt,net-current-debt,debt-issuance-retirement-net-total,net-common-equity-issued-repurchased,net-total-equity-issued-repurchased,total-common-preferred-stock-dividends-paid,financial-activities-other,cash-flow-from-financial-activities,net-cash-flow,stock-based-compensation,common-stock-dividends-paid
0,2018-09-30,16.95,$3.73,4.54,$0.77,22.14,$1.47,11.5,$-0.55,0.0,$0.47B,$0.07B,6.32,$0.03B,$0.38B,0.07,$0.07B,$0.07B,100.00%,$0.07B,$-0.07B,-98.59%,$0.07B,$-0.07B,-98.59%,$0.07B,$-0.07B,-102.82%,$0.07B,$-0.06B,-88.73%,$0.07B,$-0.06B,-88.73%,$-0.06B,$0.38B,-22.14%,$-0.06B,$0.38B,-22.28%,$-0.06B,$0.61B,-13.98%,$-0.07B,$0.41B,-22.54%,$24,$0,$24,$29,$11,$40,$-16,$3,$-13,$0,$-13,$-13,$-13,$-18,$-16,$102,102,$-0.13,$-0.13,$459,$0,$0,$468,$50,$0,$2,$86,$138,$607,$74,$27,$2,$153,$227,$1,$-544,$-0,$380,$607,$-50,$-2,$11,$9,$-3,$0,$0,$118,$118,$77,$-15,$0,$0,$-221,$-5,$-226,$0,$-241,$0,$0,$0,$230,$230,$0,$-0,$230,$66,$10,$0
1,2018-06-30,14.2,$3.82,3.72,$0.68,21.04,$1.17,12.16,$-0.70,0.0,$0.55B,$0.08B,7.24,$0.03B,$0.39B,0.07,$0.06B,$0.06B,100.00%,$0.06B,$-0.07B,-113.56%,$0.06B,$-0.07B,-113.56%,$0.06B,$-0.07B,-115.25%,$0.06B,$-0.06B,-105.08%,$0.06B,$-0.06B,-105.08%,$-0.06B,$0.39B,-26.24%,$-0.06B,$0.39B,-26.44%,$-0.06B,$0.63B,-16.92%,$-0.07B,$0.41B,-26.12%,$21,$0,$21,$29,$11,$41,$-19,$3,$-17,$0,$-17,$-17,$-17,$-20,$-19,$97,97,$-0.17,$-0.17,$539,$0,$0,$550,$37,$34,$2,$5,$78,$628,$76,$26,$0,$164,$240,$1,$-531,$-0,$388,$628,$-37,$-0,$7,$7,$-2,$0,$0,$135,$135,$104,$-6,$0,$0,$-318,$0,$-318,$0,$-324,$0,$0,$0,$229,$229,$0,$-0,$229,$10,$7,$0
2,2018-03-31,19.0,$2.10,9.07,$0.57,33.41,$0.73,26.11,$-0.70,0.0,$0.24B,$0.05B,4.78,$0.03B,$0.18B,0.14,$0.05B,$0.05B,100.00%,$0.05B,$-0.06B,-132.61%,$0.05B,$-0.06B,-132.61%,$0.05B,$-0.06B,-130.43%,$0.05B,$-0.06B,-123.91%,$0.05B,$-0.06B,-123.91%,$-0.06B,$0.18B,-30.36%,$-0.06B,$0.18B,-30.65%,$-0.06B,$0.28B,-20.34%,$-0.06B,$0.21B,-30.12%,$13,$0,$13,$24,$10,$34,$-21,$1,$-20,$0,$-20,$-20,$-20,$-21,$-21,$86,86,$-0.23,$-0.23,$230,$0,$0,$236,$34,$5,$2,$5,$45,$281,$49,$25,$0,$49,$99,$1,$-515,$-0,$182,$281,$-20,$0,$3,$3,$-0,$0,$0,$1,$-1,$-18,$-3,$0,$0,$-9,$0,$-9,$0,$-12,$0,$0,$0,$11,$11,$0,$-0,$11,$-19,$3,$0
3,2017-12-31,16.4,$2.20,7.47,$0.47,34.85,$0.78,21.1,$-0.70,0.0,$0.25B,$0.05B,5.54,$0.03B,$0.19B,0.13,$0.04B,$0.04B,100.00%,$0.04B,$-0.06B,-158.33%,$0.04B,$-0.06B,-158.33%,$0.04B,$-0.06B,-152.78%,$0.04B,$-0.05B,-150.00%,$0.04B,$-0.05B,-150.00%,$-0.05B,$0.19B,-31.08%,$-0.05B,$0.19B,-31.44%,$-0.05B,$0.29B,-21.88%,$-0.06B,$0.21B,-31.15%,$13,$0,$13,$19,$7,$27,$-14,$1,$-13,$0,$-13,$-13,$-13,$-14,$-14,$78,78,$-0.15,$-0.15,$243,$0,$0,$248,$31,$1,$2,$5,$38,$287,$45,$25,$0,$54,$99,$1,$-495,$-0,$188,$287,$-55,$1,$9,$10,$2,$0,$0,$48,$56,$11,$-4,$0,$0,$-74,$0,$-74,$-4,$-81,$0,$0,$0,$98,$98,$0,$-1,$97,$28,$9,$0
4,2017-09-30,15.0,$2.22,6.76,$0.43,34.92,$-0.26,0.0,$-0.69,0.0,$0.24B,$0.04B,5.64,$0.00B,$0.19B,0.02,$0.03B,$0.03B,100.00%,$0.03B,$-0.05B,-165.63%,$0.03B,$-0.05B,-165.63%,$0.03B,$-0.05B,-159.38%,$0.03B,$-0.05B,-159.38%,$0.03B,$-0.05B,-159.38%,$-0.05B,$0.19B,-31.73%,$-0.05B,$0.19B,-32.08%,$-0.05B,$0.27B,-23.78%,$-0.05B,$0.19B,-32.17%,$12,$0,$12,$18,$6,$25,$-13,$1,$-12,$0,$-12,$-12,$-12,$-13,$-13,$84,84,$-0.15,$-0.15,$237,$0,$0,$242,$9,$16,$2,$1,$27,$270,$43,$4,$0,$40,$83,$1,$-482,$-0,$187,$270,$-41,$1,$7,$8,$1,$0,$0,$55,$62,$28,$-3,$0,$0,$-103,$0,$-103,$0,$-105,$0,$0,$0,$85,$85,$0,$0,$85,$8,$7,$0
5,2017-06-30,8.8,$2.32,3.79,$0.33,26.79,$-1.34,0.0,$-0.81,0.0,$0.26B,$0.04B,6.14,$0.00B,$0.19B,0.02,$0.02B,$0.02B,100.00%,$0.02B,$-0.06B,-256.52%,$0.02B,$-0.06B,-256.52%,$0.02B,$-0.06B,-247.83%,$0.02B,$-0.06B,-252.17%,$0.02B,$-0.06B,-252.17%,$-0.06B,$0.19B,-38.67%,$-0.06B,$0.19B,-39.12%,$-0.06B,$0.28B,-30.81%,$-0.06B,$0.20B,-38.44%,$8,$0,$8,$15,$6,$21,$-13,$0,$-12,$0,$-12,$-12,$-12,$-12,$-13,$73,73,$-0.17,$-0.17,$250,$0,$0,$256,$8,$16,$2,$1,$27,$283,$42,$4,$0,$47,$89,$1,$-470,$-0,$194,$283,$-29,$1,$5,$5,$1,$0,$0,$63,$67,$44,$-2,$0,$0,$-76,$0,$-76,$0,$-78,$0,$0,$0,$82,$82,$0,$-0,$82,$48,$5,$0
6,2017-03-31,5.2,$1.75,2.97,$0.27,19.46,$-2.43,0.0,$-1.02,0.0,$0.13B,$0.01B,10.24,$0.00B,$0.13B,0.03,$0.02B,$0.02B,100.00%,$0.02B,$-0.07B,-384.21%,$0.02B,$-0.07B,-384.21%,$0.02B,$-0.07B,-378.95%,$0.02B,$-0.07B,-384.21%,$0.02B,$-0.07B,-384.21%,$-0.07B,$0.13B,-51.59%,$-0.07B,$0.12B,-52.24%,$-0.07B,$0.15B,-44.85%,$-0.07B,$0.13B,-50.69%,$3,$0,$3,$13,$7,$20,$-17,$0,$-17,$0,$-17,$-17,$-17,$-16,$-17,$71,71,$-0.23,$-0.23,$129,$0,$0,$134,$7,$3,$2,$1,$13,$147,$13,$4,$0,$8,$21,$1,$-458,$-0,$126,$147,$-17,$0,$3,$3,$2,$0,$0,$-1,$0,$-13,$-0,$0,$0,$7,$0,$7,$0,$6,$0,$0,$0,$3,$3,$0,$-0,$3,$-4,$3,$0
7,2016-12-31,3.05,$1.92,1.59,$0.27,11.09,$-2.53,0.0,$-1.02,0.0,$0.15B,$0.01B,11.25,$0.00B,$0.14B,0.03,$0.02B,$0.02B,100.00%,$0.02B,$-0.07B,-365.00%,$0.02B,$-0.07B,-365.00%,$0.02B,$-0.07B,-360.00%,$0.02B,$-0.07B,-360.00%,$0.02B,$-0.07B,-360.00%,$-0.07B,$0.14B,-46.53%,$-0.07B,$0.14B,-46.98%,$-0.07B,$0.16B,-41.08%,$-0.07B,$0.14B,-46.65%,$9,$0,$9,$14,$5,$19,$-10,$0,$-10,$0,$-10,$-10,$-10,$-10,$-10,$71,71,$-0.14,$-0.14,$143,$0,$0,$150,$7,$0,$2,$0,$8,$158,$13,$4,$0,$8,$22,$1,$-441,$0,$136,$158,$-72,$1,$15,$16,$-2,$0,$0,$-6,$-11,$-66,$-1,$0,$0,$19,$0,$19,$0,$18,$0,$0,$0,$1,$1,$0,$-1,$0,$-47,$15,$0
8,2016-09-30,4.63,$2.04,2.27,$0.28,16.58,$-2.07,0.0,$-1.08,0.0,$0.15B,$0.01B,10.73,$0.00B,$0.14B,0.02,$0.02B,$0.02B,100.00%,$0.02B,$-0.08B,-395.00%,$0.02B,$-0.08B,-395.00%,$0.02B,$-0.08B,-385.00%,$0.02B,$-0.08B,-390.00%,$0.02B,$-0.08B,-380.00%,$-0.08B,$0.14B,-45.04%,$-0.08B,$0.14B,-45.44%,$-0.08B,$0.17B,-40.00%,$-0.08B,$0.15B,-46.61%,$3,$0,$3,$17,$5,$22,$-19,$0,$-19,$-0,$-19,$-19,$-19,$-19,$-19,$71,71,$-0.27,$-0.27,$146,$0,$0,$149,$5,$10,$2,$0,$16,$165,$14,$2,$0,$7,$21,$1,$-431,$0,$144,$165,$-62,$1,$13,$14,$1,$0,$0,$-5,$-6,$-54,$-1,$0,$0,$12,$0,$12,$0,$12,$0,$0,$0,$1,$1,$0,$0,$1,$-41,$13,$0
9,2016-06-30,5.79,$2.27,2.55,$0.36,16.0,$-1.69,0.0,$-0.94,0.0,$0.18B,$0.01B,12.18,$0.00B,$0.16B,0.0,$0.03B,$0.03B,100.00%,$0.03B,$-0.07B,-280.77%,$0.03B,$-0.07B,-280.77%,$0.03B,$-0.07B,-269.23%,$0.03B,$-0.07B,-276.92%,$0.03B,$-0.07B,-253.85%,$-0.07B,$0.16B,-35.92%,$-0.07B,$0.16B,-36.21%,$-0.07B,$0.18B,-31.88%,$-0.07B,$0.16B,-39.67%,$4,$0,$4,$19,$11,$31,$-27,$0,$-27,$-0,$-27,$-27,$-27,$-27,$-27,$70,70,$-0.38,$-0.38,$172,$0,$0,$176,$3,$0,$2,$0,$5,$181,$14,$0,$0,$6,$21,$1,$-412,$0,$160,$181,$-43,$1,$10,$11,$0,$0,$0,$-3,$-4,$-37,$-0,$0,$0,$-20,$0,$-20,$0,$-20,$0,$0,$0,$1,$1,$0,$-1,$0,$-57,$10,$0
10,2016-03-31,6.05,$2.55,2.37,$0.43,14.09,$-1.34,0.0,$-0.73,0.0,$0.19B,$0.01B,18.94,$0.00B,$0.18B,0.0,$0.03B,$0.03B,100.00%,$0.03B,$-0.06B,-193.33%,$0.03B,$-0.06B,-193.33%,$0.03B,$-0.06B,-183.33%,$0.03B,$-0.06B,-190.00%,$0.03B,$-0.05B,-170.00%,$-0.05B,$0.18B,-26.32%,$-0.05B,$0.18B,-26.53%,$-0.05B,$0.20B,-23.26%,$-0.06B,$0.18B,-29.90%,$4,$0,$4,$15,$5,$21,$-17,$0,$-16,$0,$-16,$-16,$-16,$-16,$-17,$70,70,$-0.23,$-0.23,$188,$0,$0,$191,$3,$1,$2,$0,$6,$197,$10,$0,$0,$8,$18,$1,$-386,$0,$179,$197,$-16,$0,$3,$4,$-0,$0,$0,$-1,$-7,$-20,$-0,$0,$0,$-16,$0,$-16,$0,$-16,$0,$0,$0,$0,$0,$0,$-0,$0,$-36,$3,$0
11,2015-12-31,9.13,$2.74,3.34,$0.57,16.07,$-1.10,0.0,$-0.58,0.0,$0.21B,$0.02B,10.58,$0.00B,$0.19B,0.0,$0.04B,$0.04B,100.00%,$0.04B,$-0.05B,-120.51%,$0.04B,$-0.05B,-120.51%,$0.04B,$-0.05B,-115.38%,$0.04B,$-0.05B,-120.51%,$0.04B,$-0.04B,-102.56%,$-0.04B,$0.19B,-19.93%,$-0.04B,$0.19B,-20.08%,$-0.04B,$0.22B,-17.41%,$-0.05B,$0.19B,-23.41%,$9,$0,$9,$20,$5,$25,$-16,$0,$-16,$-2,$-14,$-14,$-14,$-15,$-16,$70,70,$-0.20,$-0.20,$209,$0,$0,$213,$3,$0,$2,$0,$5,$217,$20,$0,$0,$5,$25,$1,$-369,$0,$192,$217,$-41,$2,$6,$8,$8,$0,$0,$-8,$-1,$-34,$0,$0,$-2,$80,$0,$80,$0,$77,$0,$0,$0,$7,$7,$0,$13,$20,$63,$12,$0
12,2015-09-30,5.64,$2.91,1.94,$0.66,8.54,$-0.70,0.0,$-0.44,0.0,$0.23B,$0.02B,10.29,$0.00B,$0.20B,0.0,$0.05B,$0.05B,100.00%,$0.05B,$-0.04B,-77.78%,$0.05B,$-0.04B,-77.78%,$0.05B,$-0.03B,-75.56%,$0.05B,$-0.04B,-77.78%,$0.05B,$-0.03B,-66.67%,$-0.03B,$0.20B,-14.67%,$-0.03B,$0.20B,-14.83%,$-0.03B,$0.23B,-12.70%,$-0.04B,$0.20B,-17.11%,$9,$0,$9,$17,$5,$21,$-13,$0,$-13,$-3,$-9,$-9,$-9,$-12,$-13,$70,70,$-0.13,$-0.13,$219,$0,$0,$228,$3,$0,$2,$0,$5,$233,$22,$0,$0,$7,$29,$1,$-355,$0,$204,$233,$-27,$1,$5,$6,$3,$0,$0,$-5,$-4,$-25,$-2,$0,$0,$35,$0,$35,$0,$32,$0,$0,$0,$6,$6,$0,$14,$21,$28,$9,$0
13,2015-06-30,11.09,$2.86,3.87,$0.72,15.41,$-0.37,0.0,$-0.42,0.0,$0.22B,$0.02B,10.5,$0.00B,$0.20B,0.0,$0.05B,$0.05B,100.00%,$0.05B,$-0.03B,-62.50%,$0.05B,$-0.03B,-62.50%,$0.05B,$-0.03B,-60.42%,$0.05B,$-0.03B,-62.50%,$0.05B,$-0.03B,-60.42%,$-0.03B,$0.20B,-14.08%,$-0.03B,$0.20B,-14.25%,$-0.03B,$0.23B,-12.10%,$-0.03B,$0.20B,-14.56%,$8,$0,$8,$16,$5,$21,$-12,$0,$-12,$0,$-12,$-12,$-12,$-12,$-12,$70,70,$-0.17,$-0.17,$214,$0,$0,$221,$3,$4,$2,$0,$9,$230,$21,$0,$0,$9,$30,$1,$-346,$-0,$200,$230,$-17,$1,$5,$6,$5,$0,$0,$-4,$1,$-10,$-2,$0,$0,$12,$0,$12,$0,$10,$0,$0,$0,$5,$5,$0,$-0,$5,$5,$6,$0
14,2015-03-31,15.68,$2.99,5.25,$0.75,20.84,$-0.15,0.0,$-0.35,0.0,$0.20B,$0.02B,10.21,$0.00B,$0.21B,0.0,$0.05B,$0.05B,100.00%,$0.05B,$-0.03B,-50.00%,$0.05B,$-0.03B,-50.00%,$0.05B,$-0.02B,-48.00%,$0.05B,$-0.03B,-50.00%,$0.05B,$-0.02B,-48.00%,$-0.02B,$0.21B,-11.46%,$-0.02B,$0.21B,-11.61%,$-0.02B,$0.24B,-9.80%,$-0.03B,$0.21B,-11.93%,$13,$0,$13,$15,$5,$20,$-6,$0,$-6,$-1,$-5,$-5,$-5,$-6,$-6,$69,69,$-0.08,$-0.08,$196,$0,$0,$204,$3,$30,$2,$0,$35,$239,$20,$0,$0,$11,$31,$1,$-334,$0,$207,$239,$-5,$0,$2,$3,$4,$0,$0,$0,$0,$-2,$-1,$0,$0,$20,$0,$20,$0,$18,$0,$0,$0,$3,$3,$0,$-0,$3,$19,$3,$0
15,2014-12-31,15.21,$2.99,5.08,$0.69,22.16,$0.08,199.61,$-0.39,0.0,$0.19B,$0.02B,9.14,$0.00B,$0.21B,0.0,$0.05B,$0.05B,100.00%,$0.05B,$-0.03B,-60.00%,$0.05B,$-0.03B,-60.00%,$0.05B,$-0.03B,-55.56%,$0.05B,$-0.03B,-60.00%,$0.05B,$-0.03B,-60.00%,$-0.03B,$0.21B,-12.74%,$-0.03B,$0.20B,-12.93%,$-0.03B,$0.24B,-10.83%,$-0.03B,$0.21B,-12.74%,$15,$0,$15,$15,$4,$19,$-4,$0,$-4,$0,$-4,$-4,$-4,$-4,$-4,$67,67,$-0.06,$-0.06,$179,$0,$0,$191,$1,$47,$3,$0,$52,$243,$21,$0,$2,$16,$37,$1,$-329,$-0,$207,$243,$-26,$2,$9,$11,$-7,$0,$0,$13,$10,$-6,$0,$0,$-1,$-100,$0,$-100,$0,$-101,$0,$0,$0,$107,$107,$0,$-5,$102,$-4,$9,$0
16,2014-09-30,10.79,$3.08,3.51,$0.59,18.41,$-0.19,0.0,$-0.46,0.0,$0.17B,$0.02B,8.88,$0.00B,$0.21B,0.0,$0.04B,$0.04B,100.00%,$0.04B,$-0.03B,-83.78%,$0.04B,$-0.03B,-83.78%,$0.04B,$-0.03B,-78.38%,$0.04B,$-0.03B,-83.78%,$0.04B,$-0.03B,-83.78%,$-0.03B,$0.21B,-16.25%,$-0.03B,$0.21B,-16.53%,$-0.03B,$0.25B,-13.85%,$-0.03B,$0.21B,-16.25%,$12,$0,$12,$16,$4,$20,$-8,$0,$-8,$0,$-8,$-8,$-8,$-7,$-8,$68,68,$-0.11,$-0.11,$163,$0,$1,$173,$2,$69,$3,$0,$74,$247,$19,$0,$2,$18,$37,$1,$-324,$0,$210,$247,$-22,$1,$6,$8,$-5,$0,$0,$14,$12,$-3,$-1,$0,$0,$-100,$0,$-100,$0,$-100,$0,$0,$0,$104,$104,$0,$0,$104,$1,$6,$0
17,2014-06-30,15.27,$3.15,4.85,$0.51,30.05,$-0.48,0.0,$-0.46,0.0,$0.20B,$0.02B,12.08,$0.00B,$0.21B,0.0,$0.03B,$0.03B,100.00%,$0.03B,$-0.03B,-93.55%,$0.03B,$-0.03B,-93.55%,$0.03B,$-0.03B,-90.32%,$0.03B,$-0.03B,-93.55%,$0.03B,$-0.03B,-93.55%,$-0.03B,$0.21B,-17.08%,$-0.03B,$0.21B,-17.34%,$-0.03B,$0.25B,-14.72%,$-0.03B,$0.21B,-17.08%,$10,$0,$10,$13,$4,$17,$-7,$0,$-7,$0,$-7,$-7,$-7,$-7,$-7,$68,68,$-0.10,$-0.10,$194,$0,$1,$203,$2,$43,$3,$0,$48,$251,$17,$0,$2,$20,$36,$1,$-317,$0,$214,$251,$-15,$1,$4,$5,$-4,$0,$0,$16,$12,$3,$-0,$0,$0,$-16,$0,$-16,$0,$-17,$0,$0,$0,$103,$103,$0,$0,$103,$89,$4,$0
18,2014-03-31,18.08,$3.21,5.64,$0.48,37.34,$-0.76,0.0,$-0.46,0.0,$0.22B,$0.02B,13.42,$0.00B,$0.22B,0.0,$0.03B,$0.03B,100.00%,$0.03B,$-0.03B,-96.43%,$0.03B,$-0.03B,-96.43%,$0.03B,$-0.03B,-92.86%,$0.03B,$-0.03B,-96.43%,$0.03B,$-0.03B,-96.43%,$-0.03B,$0.22B,-20.61%,$-0.03B,$0.21B,-20.89%,$-0.03B,$0.26B,-17.68%,$-0.03B,$0.22B,-20.61%,$8,$0,$8,$12,$4,$16,$-8,$0,$-8,$0,$-8,$-8,$-8,$-7,$-8,$63,63,$-0.12,$-0.12,$214,$0,$0,$220,$1,$30,$3,$0,$35,$256,$16,$0,$2,$22,$38,$1,$-310,$0,$217,$256,$-8,$0,$2,$2,$-2,$0,$0,$19,$17,$11,$-0,$0,$0,$4,$0,$4,$0,$4,$0,$0,$0,$101,$101,$0,$0,$101,$117,$2,$0
19,2013-12-31,13.89,$1.96,7.1,$0.44,31.4,$-1.09,0.0,$-0.47,0.0,$0.10B,$0.01B,9.6,$0.00B,$0.12B,0.0,$0.03B,$0.03B,100.00%,$0.03B,$-0.03B,-104.00%,$0.03B,$-0.03B,-104.00%,$0.03B,$-0.03B,-104.00%,$0.03B,$-0.03B,-104.00%,$0.03B,$-0.03B,-104.00%,$-0.03B,$0.12B,-28.18%,$-0.03B,$0.12B,-28.49%,$-0.03B,$0.14B,-24.13%,$-0.03B,$0.12B,-28.18%,$7,$0,$7,$11,$4,$15,$-8,$0,$-8,$0,$-8,$-8,$-8,$-8,$-8,$56,56,$-0.14,$-0.14,$93,$0,$0,$97,$1,$39,$3,$0,$44,$141,$10,$0,$2,$9,$19,$1,$-302,$0,$122,$141,$-27,$1,$6,$8,$1,$0,$0,$-3,$-1,$-19,$-0,$0,$0,$-68,$0,$-68,$0,$-68,$0,$0,$0,$78,$78,$0,$-2,$76,$-11,$6,$0
20,2013-09-30,10.49,$2.05,5.11,$0.49,21.45,$-0.91,0.0,$-0.41,0.0,$0.13B,$0.01B,18.01,$0.00B,$0.13B,0.0,$0.03B,$0.03B,100.00%,$0.03B,$-0.02B,-77.78%,$0.03B,$-0.02B,-77.78%,$0.03B,$-0.02B,-77.78%,$0.03B,$-0.02B,-77.78%,$0.03B,$-0.02B,-77.78%,$-0.02B,$0.13B,-26.92%,$-0.02B,$0.13B,-26.92%,$-0.02B,$0.14B,-22.52%,$-0.02B,$0.13B,-26.92%,$6,$0,$6,$9,$3,$12,$-6,$0,$-6,$0,$-6,$-6,$-6,$-6,$-6,$55,55,$-0.11,$-0.11,$120,$0,$0,$126,$1,$13,$0,$0,$14,$140,$7,$0,$0,$7,$14,$1,$-294,$0,$126,$140,$-18,$1,$4,$5,$-1,$0,$0,$-2,$-5,$-18,$-0,$0,$0,$1,$0,$1,$0,$1,$0,$0,$0,$76,$76,$0,$0,$76,$59,$4,$0
21,2013-06-30,7.81,$1.10,7.1,$0.48,16.34,$-0.74,0.0,$-0.41,0.0,$0.05B,$0.01B,7.62,$0.00B,$0.06B,0.0,$0.03B,$0.03B,100.00%,$0.03B,$-0.02B,-80.77%,$0.03B,$-0.02B,-80.77%,$0.03B,$-0.02B,-76.92%,$0.03B,$-0.02B,-80.77%,$0.03B,$-0.02B,-80.77%,$-0.02B,$0.06B,-33.33%,$-0.02B,$0.06B,-33.33%,$-0.02B,$0.07B,-26.67%,$-0.02B,$0.06B,-33.33%,$7,$0,$7,$9,$3,$12,$-5,$0,$-5,$0,$-5,$-5,$-5,$-5,$-5,$54,54,$-0.10,$-0.10,$47,$0,$0,$54,$2,$19,$0,$0,$20,$74,$7,$0,$0,$8,$15,$1,$-288,$-0,$59,$74,$-12,$1,$3,$3,$-1,$0,$0,$-2,$-4,$-13,$-0,$0,$0,$-0,$0,$-0,$0,$-0,$0,$0,$0,$4,$4,$0,$0,$4,$-10,$3,$0
22,2013-03-31,9.56,$1.15,8.31,$0.44,21.94,$-0.55,0.0,$-0.42,0.0,$0.06B,$0.01B,10.34,$0.00B,$0.06B,0.0,$0.02B,$0.02B,100.00%,$0.02B,$-0.02B,-91.67%,$0.02B,$-0.02B,-91.67%,$0.02B,$-0.02B,-83.33%,$0.02B,$-0.02B,-91.67%,$0.02B,$-0.02B,-91.67%,$-0.02B,$0.06B,-33.46%,$-0.02B,$0.06B,-33.46%,$-0.02B,$0.08B,-26.91%,$-0.02B,$0.06B,-33.46%,$5,$0,$5,$8,$3,$12,$-7,$0,$-7,$0,$-7,$-7,$-7,$-7,$-7,$53,53,$-0.13,$-0.13,$57,$0,$0,$62,$1,$13,$0,$0,$14,$76,$6,$0,$0,$8,$14,$1,$-282,$0,$62,$76,$-7,$0,$1,$2,$0,$0,$0,$-0,$-3,$-8,$-0,$0,$0,$-4,$0,$-4,$0,$-4,$0,$0,$0,$2,$2,$0,$0,$2,$-10,$1,$0
23,2012-12-31,6.01,$1.22,4.91,$0.41,14.63,$-0.35,0.0,$-0.43,0.0,$0.07B,$0.01B,7.78,$0.00B,$0.07B,0.0,$0.02B,$0.02B,100.00%,$0.02B,$-0.02B,-100.00%,$0.02B,$-0.02B,-100.00%,$0.02B,$-0.02B,-90.91%,$0.02B,$-0.02B,-100.00%,$0.02B,$-0.02B,-100.00%,$-0.02B,$0.07B,-32.00%,$-0.02B,$0.07B,-32.00%,$-0.02B,$0.08B,-25.81%,$-0.02B,$0.07B,-32.00%,$9,$0,$9,$9,$3,$12,$-3,$-0,$-3,$0,$-3,$-3,$-3,$-3,$-3,$53,53,$-0.06,$-0.06,$64,$0,$0,$68,$2,$13,$0,$0,$14,$83,$9,$0,$0,$9,$18,$1,$-276,$0,$65,$83,$-22,$2,$5,$7,$-3,$0,$0,$11,$7,$-8,$-1,$0,$0,$12,$0,$12,$0,$11,$0,$0,$0,$2,$2,$0,$0,$2,$5,$5,$0
24,2012-09-30,6.08,$1.26,4.84,$0.34,18.12,$-0.70,0.0,$-0.48,0.0,$0.06B,$0.01B,10.36,$0.00B,$0.07B,0.0,$0.02B,$0.02B,100.00%,$0.02B,$-0.03B,-138.89%,$0.02B,$-0.03B,-138.89%,$0.02B,$-0.02B,-127.78%,$0.02B,$-0.03B,-138.89%,$0.02B,$-0.03B,-138.89%,$-0.03B,$0.07B,-34.48%,$-0.03B,$0.07B,-34.48%,$-0.03B,$0.08B,-28.99%,$-0.03B,$0.07B,-34.48%,$5,$0,$5,$8,$3,$11,$-6,$0,$-6,$0,$-6,$-6,$-6,$-5,$-6,$53,53,$-0.11,$-0.11,$58,$0,$0,$62,$1,$18,$0,$0,$19,$82,$6,$0,$0,$9,$15,$1,$-272,$0,$66,$82,$-19,$1,$4,$5,$-3,$0,$0,$11,$5,$-8,$-0,$0,$0,$5,$0,$5,$0,$4,$0,$0,$0,$1,$1,$0,$0,$1,$-3,$4,$0
25,2012-06-30,5.52,$1.34,4.13,$0.28,19.86,$-1.04,0.0,$-0.55,0.0,$0.06B,$0.01B,10.35,$0.00B,$0.07B,0.0,$0.02B,$0.02B,100.00%,$0.02B,$-0.03B,-193.33%,$0.02B,$-0.03B,-193.33%,$0.02B,$-0.03B,-180.00%,$0.02B,$-0.03B,-193.33%,$0.02B,$-0.03B,-193.33%,$-0.03B,$0.07B,-37.66%,$-0.03B,$0.07B,-37.66%,$-0.03B,$0.09B,-33.05%,$-0.03B,$0.07B,-37.66%,$5,$0,$5,$8,$3,$10,$-6,$0,$-6,$0,$-6,$-6,$-6,$-5,$-6,$53,53,$-0.11,$-0.11,$60,$0,$0,$64,$2,$21,$0,$0,$23,$86,$6,$0,$0,$10,$16,$1,$-266,$-0,$70,$86,$-13,$1,$3,$3,$-2,$0,$0,$12,$6,$-3,$-0,$0,$0,$5,$0,$5,$0,$4,$0,$0,$0,$1,$1,$0,$0,$1,$2,$3,$0
26,2012-03-31,4.9,$1.41,3.47,$0.22,22.23,$-1.36,0.0,$-0.64,0.0,$0.08B,$0.01B,14.58,$0.00B,$0.07B,0.0,$0.01B,$0.01B,100.00%,$0.01B,$-0.03B,-275.00%,$0.01B,$-0.03B,-275.00%,$0.01B,$-0.03B,-266.67%,$0.01B,$-0.03B,-275.00%,$0.01B,$-0.03B,-275.00%,$-0.03B,$0.07B,-40.00%,$-0.03B,$0.07B,-40.00%,$-0.03B,$0.09B,-36.57%,$-0.03B,$0.07B,-40.00%,$3,$0,$3,$7,$3,$11,$-7,$0,$-7,$0,$-7,$-7,$-7,$-7,$-7,$53,53,$-0.14,$-0.14,$80,$0,$0,$82,$2,$7,$0,$0,$9,$90,$6,$0,$0,$10,$16,$1,$-261,$-0,$74,$90,$-7,$0,$1,$2,$-1,$0,$0,$13,$8,$3,$-0,$0,$0,$5,$0,$5,$0,$5,$0,$0,$0,$0,$0,$0,$0,$0,$8,$1,$0
27,2011-12-31,2.84,$1.52,1.86,$0.21,13.71,$-1.67,0.0,$-0.71,0.0,$0.09B,$0.01B,11.9,$0.00B,$0.08B,0.0,$0.01B,$0.01B,100.00%,$0.01B,$-0.04B,-327.27%,$0.01B,$-0.04B,-327.27%,$0.01B,$-0.03B,-309.09%,$0.01B,$-0.04B,-327.27%,$0.01B,$-0.04B,-327.27%,$-0.04B,$0.08B,-47.21%,$-0.04B,$0.08B,-47.21%,$-0.04B,$0.09B,-44.44%,$-0.04B,$0.08B,-47.21%,$5,$0,$5,$8,$3,$11,$-6,$0,$-6,$0,$-6,$-6,$-6,$-6,$-6,$51,51,$-0.12,$-0.12,$84,$0,$0,$86,$2,$0,$0,$0,$2,$87,$7,$0,$0,$0,$7,$1,$-253,$0,$80,$87,$-36,$2,$8,$10,$-1,$0,$0,$-0,$-0,$-26,$-1,$0,$0,$-19,$0,$-19,$0,$-20,$0,$0,$0,$52,$52,$0,$-0,$52,$6,$8,$0
28,2011-09-30,4.35,$1.60,2.71,$0.22,20.05,$-1.69,0.0,$-0.77,0.0,$0.09B,$0.00B,20.92,$0.00B,$0.08B,0.0,$0.01B,$0.01B,100.00%,$0.01B,$-0.04B,-345.45%,$0.01B,$-0.04B,-345.45%,$0.01B,$-0.04B,-327.27%,$0.01B,$-0.04B,-345.45%,$0.01B,$-0.04B,-345.45%,$-0.04B,$0.08B,-54.09%,$-0.04B,$0.08B,-54.09%,$-0.04B,$0.09B,-50.67%,$-0.04B,$0.08B,-54.09%,$2,$0,$2,$8,$4,$11,$-10,$0,$-10,$0,$-10,$-10,$-10,$-9,$-10,$52,52,$-0.18,$-0.18,$84,$0,$0,$87,$2,$0,$0,$0,$2,$88,$4,$0,$0,$0,$4,$1,$-247,$-0,$84,$88,$-29,$2,$6,$8,$-1,$0,$0,$-0,$-4,$-26,$-0,$0,$0,$-15,$0,$-15,$0,$-15,$0,$0,$0,$52,$52,$0,$0,$52,$11,$6,$0
29,2011-06-30,5.89,$1.75,3.37,$0.25,23.87,$-1.68,0.0,$-0.78,0.0,$0.09B,$0.00B,23.46,$0.00B,$0.09B,0.0,$0.01B,$0.01B,100.00%,$0.01B,$-0.04B,-308.33%,$0.01B,$-0.04B,-308.33%,$0.01B,$-0.04B,-291.67%,$0.01B,$-0.04B,-308.33%,$0.01B,$-0.04B,-308.33%,$-0.04B,$0.09B,-57.14%,$-0.04B,$0.09B,-57.14%,$-0.04B,$0.10B,-53.24%,$-0.04B,$0.09B,-57.14%,$2,$0,$2,$8,$4,$12,$-10,$0,$-10,$0,$-10,$-10,$-10,$-10,$-10,$52,52,$-0.20,$-0.20,$91,$0,$0,$94,$2,$0,$0,$0,$2,$96,$4,$0,$0,$0,$4,$1,$-237,$0,$92,$96,$-20,$1,$4,$5,$-1,$0,$0,$-0,$-5,$-19,$-0,$0,$0,$-34,$0,$-34,$0,$-35,$0,$0,$0,$52,$52,$0,$0,$52,$-2,$4,$0
30,2011-03-31,8.33,$1.08,7.73,$0.36,23.02,$-1.65,0.0,$-0.67,0.0,$0.05B,$0.00B,14.18,$0.00B,$0.05B,0.0,$0.02B,$0.02B,100.00%,$0.02B,$-0.03B,-182.35%,$0.02B,$-0.03B,-182.35%,$0.02B,$-0.03B,-164.71%,$0.02B,$-0.03B,-182.35%,$0.02B,$-0.03B,-182.35%,$-0.03B,$0.05B,-52.77%,$-0.03B,$0.05B,-52.77%,$-0.03B,$0.05B,-48.82%,$-0.03B,$0.05B,-52.77%,$2,$0,$2,$8,$4,$12,$-10,$0,$-10,$0,$-10,$-10,$-10,$-9,$-10,$45,45,$-0.21,$-0.21,$46,$0,$0,$48,$2,$3,$0,$0,$5,$53,$3,$0,$0,$0,$3,$0,$-227,$0,$49,$53,$-10,$0,$2,$2,$-1,$0,$0,$-0,$-5,$-12,$-0,$0,$0,$7,$0,$7,$0,$7,$0,$0,$0,$1,$1,$0,$0,$1,$-4,$2,$0
31,2010-12-31,6.64,$1.23,5.39,$0.46,14.4,$-1.57,0.0,$-0.55,0.0,$0.06B,$0.01B,8.65,$0.00B,$0.06B,0.0,$0.02B,$0.02B,100.00%,$0.02B,$-0.03B,-113.64%,$0.02B,$-0.03B,-113.64%,$0.02B,$-0.02B,-100.00%,$0.02B,$-0.03B,-113.64%,$0.02B,$-0.03B,-113.64%,$-0.03B,$0.06B,-39.06%,$-0.03B,$0.06B,-39.06%,$-0.03B,$0.06B,-35.71%,$-0.03B,$0.06B,-39.06%,$5,$0,$5,$10,$3,$13,$-8,$0,$-8,$0,$-8,$-8,$-8,$-8,$-8,$45,45,$-0.18,$-0.18,$60,$0,$0,$61,$2,$0,$0,$0,$2,$63,$7,$0,$0,$0,$7,$0,$-217,$-0,$56,$63,$-25,$2,$8,$10,$-0,$0,$0,$-12,$-9,$-24,$-1,$0,$0,$13,$0,$13,$0,$12,$0,$0,$0,$1,$1,$0,$0,$1,$-10,$8,$0
32,2010-09-30,3.43,$1.36,2.52,$0.60,5.71,$-1.18,0.0,$-0.42,0.0,$0.06B,$0.00B,15.08,$0.00B,$0.06B,0.0,$0.03B,$0.03B,100.00%,$0.03B,$-0.02B,-70.37%,$0.03B,$-0.02B,-70.37%,$0.03B,$-0.02B,-59.26%,$0.03B,$-0.02B,-70.37%,$0.03B,$-0.02B,-70.37%,$-0.02B,$0.06B,-27.94%,$-0.02B,$0.06B,-27.94%,$-0.02B,$0.07B,-25.00%,$-0.02B,$0.06B,-27.94%,$3,$0,$3,$9,$3,$12,$-9,$0,$-9,$0,$-9,$-9,$-9,$-8,$-9,$45,45,$-0.19,$-0.19,$63,$0,$0,$64,$2,$0,$0,$0,$2,$66,$4,$0,$0,$0,$4,$0,$-209,$0,$62,$66,$-17,$1,$6,$7,$-0,$0,$0,$-12,$-12,$-21,$-1,$0,$0,$9,$0,$9,$0,$9,$0,$0,$0,$1,$1,$0,$0,$1,$-12,$6,$0
33,2010-06-30,3.71,$1.51,2.45,$0.63,5.85,$-1.13,0.0,$-0.35,0.0,$0.07B,$0.00B,19.31,$0.00B,$0.07B,0.0,$0.03B,$0.03B,100.00%,$0.03B,$-0.02B,-53.57%,$0.03B,$-0.02B,-53.57%,$0.03B,$-0.01B,-46.43%,$0.03B,$-0.02B,-53.57%,$0.03B,$-0.02B,-53.57%,$-0.02B,$0.07B,-23.62%,$-0.02B,$0.07B,-23.62%,$-0.02B,$0.07B,-20.76%,$-0.02B,$0.07B,-23.62%,$7,$0,$7,$7,$3,$10,$-4,$0,$-4,$0,$-4,$-4,$-4,$-3,$-4,$45,45,$-0.09,$-0.09,$69,$0,$0,$70,$2,$0,$0,$0,$2,$72,$4,$0,$0,$0,$4,$0,$-200,$0,$68,$72,$-8,$1,$4,$5,$-0,$0,$0,$-11,$-12,$-15,$-1,$0,$0,$7,$0,$7,$0,$6,$0,$0,$0,$1,$1,$0,$0,$1,$-8,$4,$0
34,2010-03-31,5.42,$1.55,3.49,$0.60,8.96,$-1.09,0.0,$-0.37,0.0,$0.08B,$0.01B,8.29,$0.00B,$0.07B,0.0,$0.03B,$0.03B,100.00%,$0.03B,$-0.02B,-61.54%,$0.03B,$-0.02B,-61.54%,$0.03B,$-0.02B,-57.69%,$0.03B,$-0.02B,-61.54%,$0.03B,$-0.02B,-61.54%,$-0.02B,$0.07B,-27.47%,$-0.02B,$0.07B,-27.47%,$-0.02B,$0.08B,-23.53%,$-0.02B,$0.07B,-27.47%,$7,$0,$7,$7,$3,$11,$-4,$0,$-4,$0,$-4,$-4,$-4,$-3,$-4,$45,45,$-0.09,$-0.09,$77,$0,$0,$77,$2,$0,$0,$0,$2,$79,$9,$0,$0,$0,$9,$0,$-197,$0,$70,$79,$-4,$1,$2,$2,$-0,$0,$0,$-5,$-6,$-8,$-0,$0,$0,$-1,$0,$-1,$0,$-1,$0,$0,$0,$0,$0,$0,$0,$0,$-9,$2,$0
35,2009-12-31,5.92,$1.60,3.71,$0.53,11.09,$-1.08,0.0,$-0.45,0.0,$0.09B,$0.02B,5.48,$0.00B,$0.07B,0.0,$0.02B,$0.02B,100.00%,$0.02B,$-0.02B,-86.36%,$0.02B,$-0.02B,-86.36%,$0.02B,$-0.02B,-86.36%,$0.02B,$-0.02B,-86.36%,$0.02B,$-0.02B,-86.36%,$-0.02B,$0.07B,-35.68%,$-0.02B,$0.07B,-35.68%,$-0.02B,$0.09B,-29.92%,$-0.02B,$0.07B,-35.68%,$10,$0,$10,$9,$4,$13,$-2,$0,$-2,$0,$-2,$-2,$-2,$-2,$-2,$42,42,$-0.04,$-0.04,$85,$0,$0,$86,$2,$0,$0,$0,$2,$87,$16,$0,$0,$0,$16,$0,$-193,$0,$72,$87,$-19,$1,$8,$9,$0,$0,$0,$4,$3,$-6,$-0,$0,$0,$-19,$0,$-19,$0,$-19,$0,$0,$0,$27,$27,$0,$0,$27,$2,$8,$0
36,2009-09-30,8.21,$1.08,7.62,$0.46,17.93,$-1.37,0.0,$-0.46,0.0,$0.05B,$0.01B,7.17,$0.00B,$0.04B,0.0,$0.02B,$0.02B,100.00%,$0.02B,$-0.02B,-100.00%,$0.02B,$-0.02B,-100.00%,$0.02B,$-0.02B,-100.00%,$0.02B,$-0.02B,-105.26%,$0.02B,$-0.02B,-105.26%,$-0.02B,$0.04B,-40.82%,$-0.02B,$0.04B,-40.82%,$-0.02B,$0.05B,-34.04%,$-0.02B,$0.04B,-38.78%,$4,$0,$4,$6,$3,$9,$-5,$-0,$-5,$0,$-5,$-5,$-5,$-5,$-5,$41,41,$-0.12,$-0.12,$48,$0,$0,$50,$2,$0,$0,$0,$2,$51,$7,$0,$0,$0,$7,$0,$-190,$0,$44,$51,$-16,$0,$4,$5,$-1,$0,$0,$-5,$-6,$-18,$-0,$0,$0,$12,$0,$12,$0,$11,$0,$0,$0,$1,$1,$0,$0,$1,$-5,$5,$0
37,2009-06-30,4.94,$1.15,4.31,$0.45,10.96,$-1.52,0.0,$-0.49,0.0,$0.05B,$0.01B,6.89,$0.00B,$0.05B,0.0,$0.02B,$0.02B,100.00%,$0.02B,$-0.02B,-105.26%,$0.02B,$-0.02B,-105.26%,$0.02B,$-0.02B,-105.26%,$0.02B,$-0.02B,-110.53%,$0.02B,$-0.02B,-110.53%,$-0.02B,$0.05B,-40.38%,$-0.02B,$0.05B,-40.38%,$-0.02B,$0.06B,-32.94%,$-0.02B,$0.05B,-38.46%,$5,$0,$5,$7,$3,$10,$-5,$1,$-5,$0,$-5,$-5,$-5,$-5,$-5,$41,41,$-0.11,$-0.11,$52,$0,$0,$53,$2,$0,$0,$0,$2,$55,$8,$0,$0,$0,$8,$0,$-185,$0,$47,$55,$-11,$0,$3,$3,$0,$0,$0,$-4,$-5,$-13,$-0,$0,$0,$8,$0,$8,$0,$8,$0,$0,$0,$0,$0,$0,$0,$0,$-5,$3,$0
38,2009-03-31,4.23,$1.22,3.48,$0.41,10.44,$-1.65,0.0,$-0.56,0.0,$0.06B,$0.01B,5.61,$0.00B,$0.05B,0.0,$0.02B,$0.02B,100.00%,$0.02B,$-0.02B,-135.29%,$0.02B,$-0.02B,-135.29%,$0.02B,$-0.02B,-135.29%,$0.02B,$-0.02B,-135.29%,$0.02B,$-0.02B,-135.29%,$-0.02B,$0.05B,-41.44%,$-0.02B,$0.05B,-41.44%,$-0.02B,$0.06B,-33.33%,$-0.02B,$0.05B,-41.44%,$3,$0,$3,$7,$3,$10,$-7,$0,$-7,$0,$-7,$-7,$-7,$-7,$-7,$41,41,$-0.17,$-0.17,$58,$0,$0,$59,$2,$0,$0,$0,$2,$61,$11,$0,$0,$0,$11,$0,$-181,$0,$50,$61,$-7,$0,$2,$2,$-0,$0,$0,$-2,$-2,$-7,$-0,$0,$0,$2,$0,$2,$0,$2,$0,$0,$0,$-0,$-0,$0,$0,$-0,$-5,$2,$0
39,2008-12-31,3.48,$1.35,2.58,$0.40,8.77,$-1.70,0.0,$-0.59,0.0,$0.07B,$0.01B,5.66,$0.00B,$0.06B,0.0,$0.02B,$0.02B,100.00%,$0.02B,$-0.03B,-147.06%,$0.02B,$-0.03B,-147.06%,$0.02B,$-0.03B,-147.06%,$0.02B,$-0.02B,-141.18%,$0.02B,$-0.02B,-141.18%,$-0.02B,$0.06B,-40.34%,$-0.02B,$0.06B,-40.34%,$-0.02B,$0.07B,-32.88%,$-0.03B,$0.06B,-42.02%,$7,$0,$7,$7,$2,$9,$-2,$-0,$-3,$0,$-3,$-3,$-3,$-2,$-2,$41,41,$-0.07,$-0.07,$65,$0,$0,$66,$2,$0,$0,$0,$2,$68,$12,$0,$0,$1,$12,$0,$-174,$0,$55,$68,$-24,$-1,$7,$6,$-0,$0,$0,$1,$1,$-17,$-1,$0,$0,$25,$0,$25,$0,$24,$0,$0,$0,$2,$2,$0,$0,$2,$7,$6,$0
40,2008-09-30,7.7,$1.37,5.63,$0.30,25.38,$-1.72,0.0,$-0.70,0.0,$0.07B,$0.01B,5.06,$0.00B,$0.06B,0.0,$0.01B,$0.01B,100.00%,$0.01B,$-0.03B,-238.46%,$0.01B,$-0.03B,-238.46%,$0.01B,$-0.03B,-238.46%,$0.01B,$-0.03B,-215.38%,$0.01B,$-0.03B,-215.38%,$-0.03B,$0.06B,-43.92%,$-0.03B,$0.06B,-43.92%,$-0.03B,$0.07B,-36.36%,$-0.03B,$0.06B,-48.63%,$4,$0,$4,$8,$3,$10,$-6,$0,$-6,$0,$-6,$-6,$-6,$-6,$-6,$41,41,$-0.15,$-0.15,$59,$0,$0,$69,$2,$0,$0,$0,$2,$71,$14,$0,$0,$1,$15,$0,$-171,$0,$56,$71,$-22,$-1,$5,$4,$-8,$0,$0,$3,$-5,$-23,$-1,$0,$0,$19,$0,$19,$0,$18,$0,$0,$0,$1,$1,$0,$0,$1,$-4,$4,$0
41,2008-06-30,9.95,$1.48,6.71,$0.27,36.63,$-1.44,0.0,$-0.66,0.0,$0.07B,$0.01B,5.9,$0.00B,$0.06B,0.0,$0.01B,$0.01B,100.00%,$0.01B,$-0.03B,-272.73%,$0.01B,$-0.03B,-272.73%,$0.01B,$-0.03B,-281.82%,$0.01B,$-0.03B,-236.36%,$0.01B,$-0.03B,-236.36%,$-0.03B,$0.06B,-37.82%,$-0.03B,$0.06B,-37.82%,$-0.03B,$0.08B,-32.20%,$-0.03B,$0.06B,-43.64%,$3,$0,$3,$8,$3,$11,$-8,$1,$-7,$0,$-7,$-7,$-7,$-8,$-8,$41,41,$-0.18,$-0.18,$64,$0,$0,$74,$2,$0,$0,$0,$2,$76,$13,$0,$0,$3,$15,$0,$-165,$0,$61,$76,$-15,$-1,$3,$2,$-9,$0,$0,$5,$-5,$-18,$-1,$0,$0,$14,$0,$14,$0,$14,$0,$0,$0,$1,$1,$0,$0,$1,$-4,$3,$0
42,2008-03-31,10.16,$1.63,6.24,$0.28,36.86,$-1.30,0.0,$-0.63,0.0,$0.08B,$0.01B,8.7,$0.00B,$0.07B,0.0,$0.01B,$0.01B,100.00%,$0.01B,$-0.03B,-254.55%,$0.01B,$-0.03B,-254.55%,$0.01B,$-0.03B,-263.64%,$0.01B,$-0.02B,-218.18%,$0.01B,$-0.02B,-218.18%,$-0.02B,$0.07B,-37.80%,$-0.02B,$0.07B,-37.80%,$-0.02B,$0.08B,-32.65%,$-0.03B,$0.07B,-44.09%,$3,$0,$3,$9,$3,$12,$-9,$1,$-8,$0,$-8,$-8,$-8,$-9,$-9,$40,40,$-0.20,$-0.20,$73,$0,$0,$75,$2,$0,$0,$0,$2,$77,$9,$0,$0,$2,$10,$0,$-158,$0,$66,$77,$-8,$-0,$2,$1,$-0,$0,$0,$-2,$-2,$-8,$-0,$0,$0,$6,$0,$6,$0,$6,$0,$0,$0,$0,$0,$0,$0,$0,$-2,$2,$0
43,2007-12-31,13.02,$1.79,7.28,$0.25,52.52,$-1.24,0.0,$-0.58,0.0,$0.08B,$0.01B,8.48,$0.00B,$0.07B,0.0,$0.01B,$0.01B,100.00%,$0.01B,$-0.03B,-277.78%,$0.01B,$-0.03B,-277.78%,$0.01B,$-0.03B,-288.89%,$0.01B,$-0.02B,-233.33%,$0.01B,$-0.02B,-233.33%,$-0.02B,$0.07B,-36.21%,$-0.02B,$0.07B,-36.21%,$-0.02B,$0.08B,-31.34%,$-0.03B,$0.07B,-43.10%,$3,$0,$3,$8,$2,$10,$-8,$1,$-7,$0,$-7,$-7,$-7,$-8,$-8,$37,37,$-0.17,$-0.17,$81,$0,$0,$82,$2,$0,$0,$0,$2,$84,$10,$0,$0,$2,$12,$0,$-150,$0,$72,$84,$-21,$-2,$2,$1,$0,$0,$0,$3,$5,$-16,$-1,$0,$0,$-25,$0,$-25,$0,$-27,$0,$0,$0,$42,$42,$0,$0,$42,$-0,$2,$0
44,2007-09-30,14.11,$1.90,7.44,$0.24,58.47,$-1.23,0.0,$-0.67,0.0,$0.09B,$0.01B,10.56,$0.00B,$0.08B,0.0,$0.01B,$0.01B,100.00%,$0.01B,$-0.03B,-337.50%,$0.01B,$-0.03B,-337.50%,$0.01B,$-0.03B,-350.00%,$0.01B,$-0.02B,-287.50%,$0.01B,$-0.02B,-287.50%,$-0.02B,$0.08B,-44.02%,$-0.02B,$0.08B,-44.02%,$-0.02B,$0.09B,-38.33%,$-0.03B,$0.08B,-51.67%,$2,$0,$2,$6,$2,$8,$-5,$1,$-4,$0,$-4,$-4,$-4,$-6,$-5,$39,39,$-0.11,$-0.11,$84,$0,$0,$85,$1,$0,$0,$0,$1,$86,$8,$0,$0,$2,$11,$0,$-143,$0,$76,$86,$-15,$-1,$2,$0,$0,$0,$0,$3,$4,$-11,$-1,$0,$0,$-24,$0,$-24,$0,$-25,$0,$0,$0,$40,$40,$0,$0,$40,$4,$2,$0
45,2007-06-30,8.12,$1.13,7.17,$0.23,34.7,$-1.25,0.0,$-0.65,0.0,$0.05B,$0.01B,7.29,$0.00B,$0.04B,0.0,$0.01B,$0.01B,100.00%,$0.01B,$-0.03B,-325.00%,$0.01B,$-0.03B,-325.00%,$0.01B,$-0.03B,-325.00%,$0.01B,$-0.02B,-275.00%,$0.01B,$-0.02B,-275.00%,$-0.02B,$0.04B,-47.83%,$-0.02B,$0.04B,-47.83%,$-0.02B,$0.05B,-41.51%,$-0.03B,$0.04B,-56.52%,$3,$0,$3,$6,$2,$8,$-6,$1,$-5,$0,$-5,$-5,$-5,$-6,$-6,$35,35,$-0.15,$-0.15,$45,$0,$0,$46,$1,$0,$0,$0,$1,$47,$6,$0,$0,$1,$7,$0,$-139,$0,$40,$47,$-11,$-1,$1,$0,$0,$0,$0,$-1,$-0,$-10,$-1,$0,$0,$7,$0,$7,$0,$7,$0,$0,$0,$1,$1,$0,$0,$1,$-3,$1,$0
46,2007-03-31,6.8,$1.25,5.42,$0.22,31.31,$-1.20,0.0,$-0.61,0.0,$0.05B,$0.01B,10.27,$0.00B,$0.04B,0.0,$0.01B,$0.01B,100.00%,$0.01B,$-0.02B,-342.86%,$0.01B,$-0.02B,-342.86%,$0.01B,$-0.02B,-342.86%,$0.01B,$-0.02B,-285.71%,$0.01B,$-0.02B,-285.71%,$-0.02B,$0.04B,-40.61%,$-0.02B,$0.04B,-40.61%,$-0.02B,$0.05B,-35.40%,$-0.02B,$0.04B,-48.73%,$1,$0,$1,$5,$2,$7,$-6,$1,$-5,$0,$-5,$-5,$-5,$-6,$-6,$35,35,$-0.15,$-0.15,$49,$0,$0,$50,$1,$0,$0,$0,$1,$51,$5,$0,$0,$2,$7,$0,$-134,$0,$44,$51,$-5,$-0,$1,$0,$0,$0,$0,$0,$-0,$-5,$-0,$0,$0,$4,$0,$4,$0,$4,$0,$0,$0,$0,$0,$0,$0,$0,$-2,$1,$0
47,2006-12-31,6.6,$1.39,4.75,$0.25,26.78,$-1.20,0.0,$-0.55,0.0,$0.06B,$0.01B,10.59,$0.00B,$0.05B,0.0,$0.01B,$0.01B,100.00%,$0.01B,$-0.02B,-262.50%,$0.01B,$-0.02B,-262.50%,$0.01B,$-0.02B,-262.50%,$0.01B,$-0.02B,-225.00%,$0.01B,$-0.02B,-225.00%,$-0.02B,$0.05B,-38.10%,$-0.02B,$0.05B,-38.10%,$-0.02B,$0.06B,-32.88%,$-0.02B,$0.05B,-44.44%,$2,$0,$2,$10,$2,$12,$-10,$1,$-9,$0,$-9,$-9,$-9,$-10,$-10,$33,33,$-0.27,$-0.27,$54,$0,$0,$55,$1,$0,$0,$0,$1,$56,$5,$0,$0,$2,$7,$0,$-128,$0,$49,$56,$-18,$-1,$8,$7,$1,$0,$0,$-5,$-4,$-14,$-0,$0,$0,$-12,$0,$-12,$0,$-12,$0,$0,$0,$21,$21,$0,$0,$21,$-6,$8,$0
