,Date,Stock Price,Book Value per Share,Price to Book Ratio,TTM Sales per Share,Price to Sales Ratio,TTM FCF per Share,Price to FCF Ratio,TTM Net EPS,PE Ratio,Current Assets,Current Liabilities,Current Ratio,Long Term Debt,Shareholder's Equity_x,Debt to Equity Ratio,TTM Revenue_x,TTM Gross Profit,Gross Margin,TTM Revenue_y,TTM Operating Income,Operating Margin,TTM Revenue_x,TTM EBIT,EBIT Margin,TTM Revenue_y,TTM EBITDA,EBITDA Margin,TTM Revenue_x,TTM Pre-Tax Income,Pre-Tax Margin,TTM Revenue_y,TTM Net Income_x,Net Margin,TTM Net Income_y,Shareholder's Equity_y,Return on Equity,TTM Net Income_x,Tangible Equity,Return on Tangible Equity,TTM Net Income_y,Total Assets,Return on Assets,TTM Net Income,LT Investments & Debt,Return on Investment,revenue,cost-goods-sold,gross-profit,research-development-expenses,selling-general-administrative-expenses,operating-expenses,operating-income,total-non-operating-income-expense,pre-tax-income,total-provision-income-taxes,income-after-taxes,income-from-continuous-operations,net-income,ebitda,ebit,basic-shares-outstanding,shares-outstanding,eps-basic-net-earnings-per-share,eps-earnings-per-share-diluted,cash-on-hand,inventory,other-current-assets,total-current-assets,net-property-plant-equipment,long-term-investments,goodwill-intangible-assets-total,other-long-term-assets,total-long-term-assets,total-assets,total-current-liabilities,long-term-debt,other-non-current-liabilities,total-long-term-liabilities,total-liabilities,common-stock-net,retained-earnings-accumulated-deficit,comprehensive-income,total-share-holder-equity,total-liabilities-share-holders-equity,net-income-loss,total-depreciation-amortization-cash-flow,other-non-cash-items,total-non-cash-items,change-in-accounts-receivable,change-in-inventories,change-in-accounts-payable,change-in-assets-liabilities,total-change-in-assets-liabilities,cash-flow-from-operating-activities,net-change-in-property-plant-equipment,net-change-in-intangible-assets,net-acquisitions-divestitures,net-change-in-short-term-investments,net-change-in-long-term-investments,net-change-in-investments-total,investing-activities-other,cash-flow-from-investing-activities,net-long-term-debt,net-current-debt,debt-issuance-retirement-net-total,net-common-equity-issued-repurchased,net-total-equity-issued-repurchased,total-common-preferred-stock-dividends-paid,financial-activities-other,cash-flow-from-financial-activities,net-cash-flow,stock-based-compensation,common-stock-dividends-paid
0,2018-09-30,25.4,$-28.65,-0.89,$36.51,0.7,$1.77,14.33,$-6.63,0.0,$1.31B,$1.07B,1.22,$8.74B,$-2.62B,-3.34,$3.30B,$2.07B,62.77%,$3.30B,$0.04B,1.24%,$3.30B,$0.04B,1.24%,$3.30B,$0.04B,1.24%,$3.30B,$-0.60B,-18.24%,$3.30B,$-0.60B,-18.27%,$-0.60B,$-2.62B,26.48%,$-0.60B,$-7.95B,7.94%,$-0.60B,$7.53B,-7.88%,$0.04B,$6.12B,0.63%,$821,$301,$520,$50,$170,$1026,$-205,$-148,$-352,$-0,$-352,$-352,$-352,$-205,$-205,$91,91,$-3.85,$-3.85,$151,$238,$0,$1310,$542,$206,$5335,$95,$6219,$7529,$1072,$8735,$200,$9075,$10148,$1,$-3031,$-236,$-2619,$7529,$-559,$0,$678,$678,$0,$0,$0,$237,$237,$356,$-293,$0,$-274,$0,$-52,$-52,$0,$-619,$-503,$185,$-318,$-24,$-24,$0,$-61,$-403,$-668,$0,$0
1,2018-06-30,49.15,$-24.82,-1.98,$36.11,1.36,$3.04,16.18,$-3.44,0.0,$1.32B,$0.69B,1.92,$8.85B,$-2.27B,-3.9,$3.25B,$2.03B,62.48%,$3.25B,$0.34B,10.37%,$3.25B,$0.34B,10.37%,$3.25B,$0.34B,10.37%,$3.25B,$-0.31B,-9.66%,$3.25B,$-0.31B,-9.54%,$-0.31B,$-2.27B,14.64%,$-0.31B,$-7.69B,4.22%,$-0.31B,$7.61B,-4.11%,$0.34B,$6.58B,5.19%,$845,$316,$529,$49,$174,$745,$100,$-105,$-6,$0,$-6,$-6,$-6,$100,$100,$91,91,$-0.06,$-0.06,$152,$232,$0,$1318,$520,$209,$5426,$91,$6295,$7613,$688,$8845,$211,$9194,$9881,$1,$-2680,$-231,$-2268,$7613,$-208,$0,$478,$478,$0,$0,$0,$-138,$-138,$132,$-201,$0,$-274,$0,$-52,$-52,$0,$-527,$-381,$185,$-196,$-22,$-22,$0,$-53,$-270,$-667,$0,$0
2,2018-03-31,41.6,$-24.21,-1.72,$35.43,1.17,$5.35,7.78,$-3.82,0.0,$1.31B,$0.76B,1.73,$8.79B,$-2.20B,-4.0,$3.17B,$1.99B,62.71%,$3.17B,$0.35B,11.17%,$3.17B,$0.35B,11.17%,$3.17B,$0.35B,11.17%,$3.17B,$-0.34B,-10.76%,$3.17B,$-0.34B,-10.82%,$-0.34B,$-2.20B,16.74%,$-0.34B,$-7.80B,4.78%,$-0.34B,$7.74B,-4.64%,$0.35B,$6.60B,5.57%,$812,$297,$515,$54,$172,$762,$49,$-245,$-196,$6,$-202,$-202,$-202,$49,$49,$90,90,$-2.24,$-2.24,$144,$231,$0,$1311,$505,$179,$5603,$93,$6426,$7737,$756,$8794,$240,$9177,$9933,$1,$-2674,$-148,$-2196,$7737,$-202,$0,$309,$309,$0,$0,$0,$-78,$-78,$30,$-88,$0,$-274,$0,$2,$2,$0,$-361,$12,$-295,$-283,$-18,$-18,$0,$-45,$-346,$-674,$0,$0
3,2017-12-31,51.3,$-22.55,-2.28,$34.64,1.48,$6.56,7.82,$-2.72,0.0,$1.88B,$0.74B,2.54,$8.74B,$-2.03B,-4.31,$3.08B,$1.92B,62.21%,$3.08B,$0.39B,12.75%,$3.08B,$0.39B,12.75%,$3.08B,$0.39B,12.75%,$3.08B,$-0.23B,-7.43%,$3.08B,$-0.24B,-7.85%,$-0.24B,$-2.03B,12.10%,$-0.24B,$-6.93B,3.46%,$-0.24B,$7.73B,-3.35%,$0.39B,$6.71B,6.31%,$823,$315,$508,$46,$168,$726,$97,$-145,$-48,$-4,$-43,$-43,$-43,$97,$97,$89,89,$-0.48,$-0.48,$818,$243,$0,$1876,$568,$254,$4900,$74,$5849,$7725,$740,$8736,$203,$9012,$9752,$1,$-2461,$-200,$-2027,$7725,$-242,$683,$87,$770,$-48,$-2,$65,$-36,$-22,$507,$-286,$0,$-58,$0,$-73,$-73,$3,$-415,$396,$305,$701,$-10,$-10,$0,$-111,$580,$677,$27,$0
4,2017-09-30,45.85,$-22.06,-2.08,$34.02,1.35,$5.94,7.71,$-3.50,0.0,$1.23B,$0.67B,1.83,$8.05B,$-1.98B,-4.07,$3.01B,$1.86B,61.85%,$3.01B,$0.28B,9.43%,$3.01B,$0.28B,9.43%,$3.01B,$0.28B,9.43%,$3.01B,$-0.36B,-11.89%,$3.01B,$-0.31B,-10.29%,$-0.31B,$-1.98B,15.68%,$-0.31B,$-6.96B,4.42%,$-0.31B,$7.06B,-4.38%,$0.28B,$6.07B,4.68%,$769,$291,$478,$48,$159,$678,$91,$-154,$-64,$-4,$-59,$-59,$-59,$91,$91,$90,90,$-0.66,$-0.66,$223,$255,$0,$1225,$567,$168,$4986,$71,$5837,$7062,$671,$8049,$239,$8368,$9039,$1,$-2418,$-193,$-1977,$7062,$-199,$0,$594,$594,$0,$0,$0,$-6,$-6,$389,$-214,$0,$-58,$0,$24,$24,$10,$-238,$-114,$125,$11,$-3,$-3,$0,$-81,$-73,$83,$0,$0
5,2017-06-30,26.1,$-22.35,-1.17,$33.67,0.78,$5.49,4.75,$-3.97,0.0,$1.20B,$0.69B,1.74,$8.06B,$-2.00B,-4.04,$2.96B,$1.83B,61.80%,$2.96B,$0.23B,7.66%,$2.96B,$0.23B,7.66%,$2.96B,$0.23B,7.66%,$2.96B,$-0.41B,-13.94%,$2.96B,$-0.35B,-11.81%,$-0.35B,$-2.00B,18.23%,$-0.35B,$-7.02B,4.98%,$-0.35B,$7.07B,-4.89%,$0.23B,$6.07B,3.70%,$766,$279,$487,$48,$146,$649,$117,$-150,$-33,$6,$-39,$-39,$-39,$117,$117,$89,89,$-0.44,$-0.44,$224,$253,$0,$1197,$575,$157,$5020,$67,$5869,$7066,$687,$8063,$236,$8377,$9064,$1,$-2359,$-266,$-1998,$7066,$-140,$0,$407,$407,$0,$0,$0,$13,$13,$280,$-140,$0,$-52,$0,$22,$22,$10,$-160,$-112,$125,$13,$-4,$-4,$0,$-47,$-39,$84,$0,$0
6,2017-03-31,23.65,$-22.49,-1.05,$33.42,0.71,$4.65,5.09,$-4.12,0.0,$1.12B,$0.69B,1.63,$8.07B,$-2.00B,-4.04,$2.93B,$1.80B,61.41%,$2.93B,$0.17B,5.78%,$2.93B,$0.17B,5.78%,$2.93B,$0.17B,5.78%,$2.93B,$-0.45B,-15.41%,$2.93B,$-0.36B,-12.41%,$-0.36B,$-2.00B,19.76%,$-0.36B,$-7.06B,5.17%,$-0.36B,$7.07B,-5.01%,$0.17B,$6.07B,2.72%,$725,$280,$445,$42,$141,$637,$88,$-172,$-84,$17,$-101,$-101,$-101,$88,$88,$88,88,$-1.14,$-1.14,$159,$254,$0,$1120,$585,$187,$5064,$69,$5953,$7073,$686,$8068,$239,$8383,$9068,$1,$-2320,$-298,$-1995,$7073,$-101,$0,$205,$205,$0,$0,$0,$7,$7,$111,$-61,$0,$-22,$0,$1,$1,$2,$-80,$68,$-45,$23,$-1,$-1,$0,$-37,$-15,$19,$0,$0
7,2016-12-31,14.0,$-22.00,-0.64,$33.07,0.42,$4.66,3.01,$-4.05,0.0,$1.12B,$0.69B,1.61,$8.03B,$-1.94B,-4.15,$2.88B,$1.78B,61.67%,$2.88B,$0.13B,4.54%,$2.88B,$0.13B,4.54%,$2.88B,$0.13B,4.54%,$2.88B,$-0.48B,-16.61%,$2.88B,$-0.35B,-12.28%,$-0.35B,$-1.94B,20.41%,$-0.35B,$-7.00B,5.05%,$-0.35B,$7.09B,-4.78%,$0.13B,$6.09B,2.07%,$752,$300,$453,$49,$137,$765,$-12,$-165,$-177,$-67,$-111,$-111,$-111,$-12,$-12,$87,87,$-1.26,$-1.26,$140,$242,$0,$1117,$612,$180,$5066,$65,$5971,$7087,$692,$8025,$236,$8331,$9023,$1,$-2219,$-334,$-1936,$7087,$-354,$808,$-101,$707,$30,$3,$15,$21,$69,$419,$-256,$0,$0,$0,$24,$24,$4,$-228,$-90,$-50,$-140,$-6,$-6,$0,$-50,$-196,$-10,$35,$0
8,2016-09-30,11.27,$-19.98,-0.56,$33.04,0.34,$3.93,2.87,$-4.27,0.0,$1.14B,$0.72B,1.58,$8.03B,$-1.75B,-4.59,$2.87B,$1.74B,60.63%,$2.87B,$0.09B,3.10%,$2.87B,$0.09B,3.10%,$2.87B,$0.37B,12.80%,$2.87B,$-0.52B,-18.17%,$2.87B,$-0.37B,-12.94%,$-0.37B,$-1.75B,22.84%,$-0.37B,$-7.01B,5.31%,$-0.37B,$7.38B,-4.90%,$0.09B,$6.28B,1.37%,$720,$274,$446,$54,$153,$687,$34,$-152,$-119,$-20,$-99,$-99,$-99,$34,$34,$88,88,$-1.13,$-1.13,$145,$270,$0,$1136,$664,$207,$5263,$64,$6241,$7377,$719,$8034,$244,$8408,$9127,$1,$-2108,$-250,$-1750,$7377,$-243,$0,$489,$489,$0,$0,$0,$96,$96,$343,$-211,$0,$0,$0,$24,$24,$3,$-184,$-393,$270,$-123,$-5,$-5,$0,$-35,$-162,$-4,$0,$0
9,2016-06-30,9.19,$-19.05,-0.48,$32.61,0.28,$2.68,3.43,$-11.02,0.0,$1.14B,$0.65B,1.76,$8.07B,$-1.67B,-4.84,$2.82B,$1.72B,60.82%,$2.82B,$-0.93B,-33.09%,$2.82B,$-0.93B,-33.09%,$2.82B,$0.57B,20.07%,$2.82B,$-1.56B,-55.39%,$2.82B,$-1.35B,-47.87%,$-1.35B,$-1.67B,94.27%,$-1.35B,$-7.00B,19.39%,$-1.35B,$7.47B,-17.14%,$-0.93B,$6.40B,-13.83%,$729,$276,$453,$52,$145,$670,$59,$-130,$-71,$-20,$-52,$-52,$-52,$59,$59,$87,87,$-0.59,$-0.59,$126,$249,$0,$1137,$696,$200,$5328,$61,$6328,$7465,$645,$8068,$245,$8487,$9132,$1,$-2009,$-255,$-1667,$7465,$-144,$0,$328,$328,$0,$0,$0,$8,$8,$192,$-130,$0,$0,$0,$23,$23,$3,$-104,$-65,$-15,$-80,$-4,$-4,$0,$-25,$-110,$-24,$0,$0
10,2016-03-31,9.43,$-18.21,-0.52,$32.31,0.29,$2.00,4.72,$-11.62,0.0,$1.19B,$0.67B,1.77,$8.14B,$-1.58B,-5.14,$2.78B,$1.68B,60.29%,$2.78B,$-0.99B,-35.64%,$2.78B,$-0.99B,-35.64%,$2.78B,$0.73B,26.19%,$2.78B,$-1.66B,-59.61%,$2.78B,$-1.40B,-50.31%,$-1.40B,$-1.58B,129.60%,$-1.40B,$-7.01B,20.13%,$-1.40B,$7.69B,-16.70%,$-0.99B,$6.55B,-13.79%,$682,$256,$426,$50,$142,$632,$50,$-162,$-112,$-19,$-92,$-92,$-92,$50,$50,$87,87,$-1.07,$-1.07,$167,$260,$0,$1185,$735,$232,$5428,$65,$6505,$7691,$669,$8137,$254,$8606,$9275,$1,$-1957,$-225,$-1584,$7691,$0,$0,$0,$0,$0,$0,$0,$0,$0,$101,$-51,$0,$0,$0,$2,$2,$2,$-48,$-13,$-15,$-28,$0,$0,$0,$-10,$-37,$18,$0,$0
11,2015-12-31,8.97,$-17.29,-0.52,$32.15,0.28,$1.72,5.22,$-11.56,0.0,$1.18B,$0.65B,1.8,$8.16B,$-1.50B,-5.45,$2.76B,$1.66B,59.96%,$2.76B,$-1.02B,-37.10%,$2.76B,$-1.02B,-37.10%,$2.76B,$0.88B,31.92%,$2.76B,$-1.70B,-61.45%,$2.76B,$-1.39B,-50.51%,$-1.39B,$-1.50B,190.57%,$-1.39B,$-6.92B,20.06%,$-1.39B,$7.73B,-15.69%,$-1.02B,$6.66B,-13.44%,$737,$323,$414,$43,$144,$791,$-54,$-164,$-219,$-91,$-128,$-128,$-128,$224,$-54,$86,86,$-1.51,$-1.51,$149,$249,$0,$1176,$794,$229,$5420,$63,$6557,$7732,$654,$8157,$189,$8574,$9228,$1,$-1865,$-222,$-1496,$7732,$-1394,$1906,$-257,$1649,$26,$29,$5,$102,$162,$414,$-317,$0,$0,$0,$36,$36,$11,$-270,$-51,$-90,$-141,$-1,$-1,$0,$-41,$-183,$-49,$25,$0
12,2015-09-30,10.45,$-11.38,-0.92,$30.26,0.35,$0.18,58.25,$-10.63,0.0,$1.27B,$0.61B,2.07,$8.36B,$-0.98B,-8.52,$2.59B,$1.53B,59.17%,$2.59B,$-1.13B,-43.49%,$2.59B,$-1.13B,-43.49%,$2.59B,$0.66B,25.65%,$2.59B,$-1.80B,-69.64%,$2.59B,$-1.31B,-50.71%,$-1.31B,$-0.98B,368.30%,$-1.31B,$-6.93B,18.88%,$-1.31B,$8.62B,-14.00%,$-1.13B,$7.38B,-14.04%,$672,$250,$422,$46,$137,$1660,$-988,$-171,$-1160,$-81,$-1078,$-1078,$-1078,$233,$-988,$86,86,$-12.52,$-12.52,$119,$244,$0,$1270,$868,$227,$5953,$240,$7346,$8615,$614,$8360,$221,$8982,$9596,$1,$-1338,$-231,$-981,$8615,$-1267,$1628,$-163,$1465,$44,$37,$-18,$12,$57,$256,$-234,$0,$0,$0,$37,$37,$19,$-177,$-39,$-70,$-109,$0,$0,$0,$-33,$-141,$-70,$20,$0
13,2015-06-30,15.54,$-3.02,-5.14,$27.37,0.57,$1.44,10.83,$-3.57,0.0,$1.35B,$0.61B,2.22,$8.43B,$-0.26B,-32.42,$2.33B,$1.33B,56.84%,$2.33B,$-0.15B,-6.26%,$2.33B,$-0.15B,-6.26%,$2.33B,$0.52B,22.46%,$2.33B,$-0.71B,-30.30%,$2.33B,$-0.31B,-13.07%,$-0.31B,$-0.26B,359.88%,$-0.31B,$-6.96B,5.36%,$-0.31B,$9.49B,-3.70%,$-0.15B,$8.17B,-2.09%,$692,$275,$416,$48,$141,$692,$-0,$-167,$-168,$-65,$-102,$-102,$-102,$222,$-0,$86,86,$-1.19,$-1.19,$156,$250,$0,$1348,$902,$230,$6697,$251,$8138,$9487,$607,$8432,$225,$9139,$9747,$1,$-659,$-182,$-260,$9487,$-189,$406,$-101,$305,$24,$18,$-9,$11,$-1,$114,$-112,$-31,$0,$0,$35,$35,$10,$-98,$-26,$-10,$-36,$1,$1,$0,$-19,$-55,$-43,$12,$0
14,2015-03-31,10.47,$-2.21,-4.74,$24.26,0.43,$1.89,5.54,$-3.24,0.0,$1.33B,$0.65B,2.06,$8.45B,$-0.19B,-44.6,$2.06B,$1.14B,55.15%,$2.06B,$-0.14B,-6.90%,$2.06B,$-0.14B,-6.90%,$2.06B,$0.40B,19.53%,$2.06B,$-0.61B,-29.49%,$2.06B,$-0.28B,-13.36%,$-0.28B,$-0.19B,-748.30%,$-0.28B,$-6.99B,6.25%,$-0.28B,$9.70B,-3.98%,$-0.14B,$8.26B,-2.45%,$659,$255,$403,$47,$146,$641,$18,$-167,$-149,$-62,$-86,$-86,$-86,$202,$18,$85,85,$-1.01,$-1.01,$179,$262,$0,$1333,$968,$268,$6796,$265,$8370,$9703,$646,$8448,$238,$9246,$9893,$1,$-557,$-205,$-189,$9703,$-86,$184,$-54,$130,$35,$10,$-17,$1,$34,$78,$-53,$-20,$0,$0,$4,$4,$0,$-68,$-12,$-5,$-17,$-1,$-1,$0,$-9,$-27,$-21,$5,$0
15,2014-12-31,12.73,$0.05,277.95,$21.14,0.6,$2.14,5.94,$-2.76,0.0,$1.31B,$0.66B,1.99,$8.26B,$0.00B,2118.54,$1.79B,$0.94B,52.43%,$1.79B,$-0.17B,-9.63%,$1.79B,$-0.17B,-9.63%,$1.79B,$0.28B,15.78%,$1.79B,$-0.50B,-27.70%,$1.79B,$-0.23B,-13.09%,$-0.23B,$0.00B,-150.48%,$-0.23B,$-6.95B,7.57%,$-0.23B,$9.72B,-4.22%,$-0.17B,$8.27B,-3.74%,$566,$275,$291,$40,$225,$722,$-156,$-169,$-326,$-279,$-47,$-47,$-47,$7,$-156,$85,85,$-0.56,$-0.56,$199,$266,$0,$1305,$1013,$288,$6953,$75,$8416,$9721,$656,$8262,$237,$9061,$9717,$1,$-471,$-94,$4,$9721,$-234,$454,$-173,$281,$97,$12,$14,$32,$155,$204,$-238,$0,$-3141,$0,$46,$46,$0,$-3333,$3210,$185,$3395,$-48,$-48,$0,$-190,$3157,$18,$24,$0
16,2014-09-30,10.77,$1.25,8.64,$19.18,0.56,$3.24,3.33,$-2.25,0.0,$0.85B,$0.39B,2.17,$3.18B,$0.11B,30.07,$1.62B,$0.84B,51.82%,$1.62B,$-0.08B,-5.18%,$1.62B,$-0.08B,-5.18%,$1.62B,$0.30B,18.42%,$1.62B,$-0.30B,-18.36%,$1.62B,$-0.19B,-11.77%,$-0.19B,$0.11B,-76.94%,$-0.19B,$-1.87B,10.94%,$-0.19B,$4.04B,-4.57%,$-0.08B,$3.28B,-2.45%,$416,$199,$216,$26,$96,$423,$-8,$-57,$-64,$5,$-70,$-70,$-70,$93,$-8,$85,85,$-0.82,$-0.82,$145,$171,$0,$850,$740,$299,$1976,$119,$3189,$4039,$392,$3178,$216,$3541,$3933,$1,$-424,$-33,$106,$4039,$-187,$291,$78,$368,$81,$-31,$-37,$42,$56,$233,$-106,$-71,$0,$0,$47,$47,$-1,$-130,$-29,$0,$-29,$-49,$-49,$0,$-40,$-118,$-21,$18,$0
17,2014-06-30,11.12,$2.67,4.16,$17.03,0.65,$2.11,5.28,$-1.44,0.0,$0.88B,$0.40B,2.2,$3.19B,$0.23B,14.11,$1.44B,$0.73B,50.87%,$1.44B,$-0.05B,-3.47%,$1.44B,$-0.05B,-3.47%,$1.44B,$0.27B,18.53%,$1.44B,$-0.23B,-15.96%,$1.44B,$-0.12B,-8.47%,$-0.12B,$0.23B,-39.29%,$-0.12B,$-1.80B,8.64%,$-0.12B,$4.18B,-3.29%,$-0.05B,$3.41B,-1.64%,$417,$192,$225,$25,$95,$413,$4,$-71,$-68,$5,$-72,$-72,$-72,$100,$4,$84,84,$-0.86,$-0.86,$101,$170,$0,$879,$767,$330,$2029,$122,$3304,$4184,$400,$3188,$224,$3557,$3958,$1,$-354,$22,$226,$4184,$-117,$190,$50,$240,$61,$-30,$-49,$9,$-13,$107,$-66,$-49,$0,$0,$37,$37,$-1,$-79,$-17,$0,$-17,$-49,$-49,$0,$-26,$-92,$-65,$13,$0
18,2014-03-31,13.73,$3.40,4.04,$14.85,0.92,$1.77,7.77,$-0.73,0.0,$0.95B,$0.44B,2.15,$3.17B,$0.29B,11.08,$1.26B,$0.61B,48.45%,$1.26B,$-0.04B,-3.34%,$1.26B,$-0.04B,-3.34%,$1.26B,$0.22B,17.71%,$1.26B,$-0.17B,-13.58%,$1.26B,$-0.06B,-5.00%,$-0.06B,$0.29B,-19.00%,$-0.06B,$-1.75B,5.71%,$-0.06B,$4.26B,-1.98%,$-0.04B,$3.45B,-1.59%,$388,$183,$205,$26,$92,$400,$-12,$-25,$-37,$8,$-45,$-45,$-45,$82,$-12,$84,84,$-0.53,$-0.53,$181,$163,$0,$953,$766,$319,$2032,$126,$3307,$4260,$443,$3168,$218,$3531,$3974,$1,$-281,$18,$286,$4260,$-45,$94,$9,$103,$51,$-26,$-25,$7,$27,$83,$-37,$-23,$0,$0,$50,$50,$-1,$-11,$-6,$0,$-6,$-48,$-48,$0,$-2,$-57,$15,$5,$0
19,2013-12-31,16.93,$4.40,3.85,$12.84,1.32,$1.22,13.92,$-0.36,0.0,$0.96B,$0.45B,2.12,$3.16B,$0.38B,8.43,$1.09B,$0.50B,45.83%,$1.09B,$-0.02B,-1.74%,$1.09B,$-0.02B,-1.74%,$1.09B,$0.19B,16.96%,$1.09B,$-0.14B,-13.11%,$1.09B,$-0.03B,-2.84%,$-0.03B,$0.38B,-9.14%,$-0.03B,$-1.56B,3.83%,$-0.03B,$4.24B,-1.17%,$-0.02B,$3.54B,-0.86%,$402,$207,$195,$21,$127,$469,$-68,$-62,$-129,$-129,$-1,$-1,$-4,$24,$-68,$85,85,$-0.04,$-0.04,$165,$138,$0,$957,$773,$367,$1938,$128,$3279,$4236,$452,$3162,$110,$3410,$3861,$1,$-236,$18,$375,$4236,$-30,$203,$-43,$160,$-8,$14,$-5,$-9,$44,$171,$-113,$-52,$-1463,$0,$-65,$-65,$29,$-1665,$1623,$0,$1623,$-3,$-3,$0,$-82,$1539,$45,$22,$0
20,2013-09-30,16.17,$4.16,3.88,$10.86,1.49,$1.64,9.87,$-0.61,0.0,$0.41B,$0.22B,1.84,$1.45B,$0.36B,4.08,$0.94B,$0.42B,44.44%,$0.94B,$0.06B,6.30%,$0.94B,$0.06B,6.30%,$0.94B,$0.24B,25.21%,$0.94B,$-0.02B,-2.24%,$0.94B,$-0.05B,-5.56%,$-0.05B,$0.36B,-15.45%,$-0.05B,$-0.54B,9.13%,$-0.05B,$2.16B,-2.42%,$0.06B,$1.80B,3.30%,$234,$127,$108,$1,$46,$209,$26,$-22,$4,$4,$-0,$-0,$-1,$61,$26,$85,85,$-0.01,$-0.01,$74,$79,$0,$405,$375,$354,$892,$130,$1751,$2156,$221,$1448,$68,$1581,$1802,$1,$-233,$-1,$355,$2156,$-27,$112,$40,$151,$10,$-9,$-18,$-5,$-25,$96,$-63,$-38,$-0,$0,$-46,$-46,$31,$-117,$-10,$0,$-10,$-2,$-2,$0,$-2,$-14,$-36,$17,$0
21,2013-06-30,11.25,$3.64,3.09,$10.60,1.06,$2.02,5.58,$-0.90,0.0,$0.43B,$0.21B,2.0,$1.45B,$0.31B,4.68,$0.93B,$0.41B,43.80%,$0.93B,$0.05B,5.39%,$0.93B,$0.05B,5.39%,$0.93B,$0.23B,24.92%,$0.93B,$-0.04B,-4.75%,$0.93B,$-0.08B,-8.41%,$-0.08B,$0.31B,-22.43%,$-0.08B,$-0.57B,14.02%,$-0.08B,$2.10B,-3.62%,$0.05B,$1.76B,2.78%,$235,$133,$102,$1,$45,$223,$12,$-21,$-9,$3,$-12,$-12,$-13,$56,$12,$85,85,$-0.15,$-0.15,$107,$67,$0,$427,$374,$299,$876,$127,$1676,$2103,$213,$1449,$68,$1580,$1794,$1,$-232,$-40,$310,$2103,$-26,$76,$35,$112,$17,$1,$-16,$1,$-12,$70,$-57,$-22,$-0,$0,$-5,$-5,$1,$-84,$-9,$0,$-9,$-3,$-3,$0,$-2,$-14,$-31,$12,$0
22,2013-03-31,8.75,$3.72,2.35,$10.27,0.85,$2.51,3.49,$-0.89,0.0,$0.44B,$0.24B,1.85,$1.45B,$0.32B,4.59,$0.92B,$0.40B,44.01%,$0.92B,$0.05B,5.34%,$0.92B,$0.05B,5.34%,$0.92B,$0.23B,24.51%,$0.92B,$-0.04B,-4.58%,$0.92B,$-0.08B,-8.50%,$-0.08B,$0.32B,-20.50%,$-0.08B,$-0.57B,14.98%,$-0.08B,$2.13B,-3.61%,$0.05B,$1.77B,2.71%,$220,$125,$95,$2,$49,$209,$11,$-20,$-9,$4,$-12,$-12,$-13,$44,$11,$85,85,$-0.16,$-0.16,$119,$71,$0,$435,$381,$312,$882,$124,$1699,$2134,$235,$1451,$70,$1583,$1818,$1,$-219,$-41,$316,$2134,$-13,$33,$5,$38,$25,$1,$-13,$2,$1,$23,$-23,$-12,$-0,$0,$0,$0,$1,$-35,$-1,$0,$-1,$-3,$-3,$0,$0,$-4,$-19,$6,$0
23,2012-12-31,8.67,$4.32,2.01,$10.13,0.86,$2.65,3.28,$-0.71,0.0,$0.49B,$0.26B,1.89,$1.45B,$0.37B,3.98,$0.93B,$0.41B,44.13%,$0.93B,$0.06B,6.78%,$0.93B,$0.06B,6.78%,$0.93B,$0.24B,25.40%,$0.93B,$-0.02B,-2.58%,$0.93B,$-0.06B,-6.78%,$-0.06B,$0.37B,-14.96%,$-0.06B,$-0.61B,13.24%,$-0.06B,$2.19B,-2.90%,$0.06B,$1.82B,3.45%,$247,$136,$111,$0,$44,$237,$10,$-17,$-7,$5,$-12,$-12,$-25,$75,$10,$90,90,$-0.28,$-0.28,$139,$71,$0,$485,$377,$316,$973,$36,$1702,$2187,$256,$1452,$52,$1566,$1822,$1,$-206,$-3,$365,$2187,$-63,$173,$65,$239,$-20,$-3,$10,$-10,$-20,$157,$-57,$-54,$-25,$0,$25,$25,$-31,$-142,$77,$0,$77,$-73,$-73,$0,$-14,$-10,$5,$24,$0
24,2012-09-30,8.28,$4.61,1.79,$9.84,0.84,$2.85,2.91,$-0.51,0.0,$0.46B,$0.23B,2.04,$1.45B,$0.40B,3.63,$0.91B,$0.40B,43.94%,$0.91B,$0.08B,8.92%,$0.91B,$0.08B,8.92%,$0.91B,$0.22B,24.12%,$0.91B,$-0.01B,-1.43%,$0.91B,$-0.05B,-5.18%,$-0.05B,$0.40B,-10.66%,$-0.05B,$-0.49B,11.01%,$-0.05B,$2.20B,-2.17%,$0.08B,$1.85B,4.45%,$225,$127,$98,$0,$44,$208,$17,$-35,$-19,$6,$-25,$-25,$-27,$56,$17,$90,90,$-0.30,$-0.30,$136,$88,$0,$462,$396,$321,$885,$134,$1736,$2198,$227,$1454,$54,$1571,$1798,$1,$-181,$-8,$400,$2198,$-38,$109,$54,$163,$4,$-9,$-14,$4,$-11,$108,$-40,$-40,$-24,$0,$18,$18,$-2,$-87,$78,$0,$78,$-52,$-52,$0,$-13,$12,$32,$18,$0
25,2012-06-30,8.55,$4.76,1.8,$9.76,0.88,$3.31,2.58,$-0.25,0.0,$0.41B,$0.21B,1.96,$1.36B,$0.44B,3.07,$0.91B,$0.40B,44.04%,$0.91B,$0.09B,9.38%,$0.91B,$0.09B,9.38%,$0.91B,$0.21B,23.40%,$0.91B,$0.00B,0.44%,$0.91B,$-0.02B,-2.65%,$-0.02B,$0.44B,-5.26%,$-0.02B,$-0.42B,5.94%,$-0.02B,$2.12B,-1.11%,$0.09B,$1.80B,4.67%,$226,$126,$100,$0,$46,$215,$11,$-18,$-7,$4,$-11,$-11,$-13,$50,$11,$93,93,$-0.14,$-0.14,$112,$84,$0,$406,$403,$309,$865,$141,$1717,$2123,$207,$1355,$62,$1475,$1682,$1,$-154,$-35,$441,$2123,$-11,$70,$29,$99,$18,$-6,$-10,$2,$-4,$83,$-24,$-27,$-13,$0,$18,$18,$-2,$-46,$-21,$0,$-21,$-5,$-5,$0,$-0,$-27,$8,$12,$0
26,2012-03-31,11.66,$5.15,2.26,$9.71,1.2,$3.45,3.38,$-0.03,0.0,$0.40B,$0.23B,1.78,$1.35B,$0.48B,2.83,$0.90B,$0.40B,44.44%,$0.90B,$0.10B,11.44%,$0.90B,$0.10B,11.44%,$0.90B,$0.22B,24.44%,$0.90B,$0.02B,2.67%,$0.90B,$-0.00B,-0.44%,$-0.00B,$0.48B,-0.85%,$-0.00B,$-0.39B,1.04%,$-0.00B,$2.18B,-0.18%,$0.10B,$1.83B,5.59%,$231,$130,$101,$0,$45,$206,$25,$-16,$9,$6,$4,$4,$2,$55,$25,$92,94,$0.02,$0.02,$100,$80,$0,$399,$420,$356,$865,$136,$1777,$2176,$225,$1354,$63,$1474,$1699,$1,$-142,$-7,$478,$2176,$2,$31,$-1,$30,$7,$1,$-11,$-1,$-10,$22,$-9,$-12,$-0,$0,$2,$2,$-0,$-20,$-4,$0,$-4,$-4,$-4,$0,$-0,$-7,$-4,$6,$0
27,2011-12-31,9.7,$4.80,2.02,$9.39,1.03,$3.74,2.6,$-0.13,0.0,$0.41B,$0.24B,1.71,$1.36B,$0.44B,3.08,$0.87B,$0.38B,44.34%,$0.87B,$0.09B,10.62%,$0.87B,$0.09B,10.62%,$0.87B,$0.21B,24.25%,$0.87B,$0.01B,1.50%,$0.87B,$-0.01B,-1.50%,$-0.01B,$0.44B,-2.74%,$-0.01B,$-0.41B,3.39%,$-0.01B,$2.16B,-0.59%,$0.09B,$1.81B,4.97%,$226,$126,$100,$0,$42,$199,$28,$-24,$4,$5,$-2,$-2,$-9,$58,$28,$92,92,$-0.10,$-0.10,$105,$80,$0,$406,$426,$340,$855,$134,$1756,$2162,$237,$1364,$60,$1481,$1718,$1,$-144,$-33,$444,$2162,$-13,$119,$42,$161,$11,$-4,$-2,$1,$19,$171,$-50,$-40,$-53,$0,$-19,$-19,$1,$-161,$-8,$0,$-8,$-2,$-2,$0,$-15,$-25,$-20,$22,$0
28,2011-09-30,7.12,$5.00,1.42,$9.23,0.77,$3.49,2.04,$-1.78,0.0,$0.41B,$0.23B,1.74,$1.38B,$0.46B,3.0,$0.85B,$0.38B,44.13%,$0.85B,$0.05B,6.22%,$0.85B,$0.05B,6.22%,$0.85B,$0.20B,23.59%,$0.85B,$-0.02B,-2.70%,$0.85B,$-0.16B,-19.01%,$-0.16B,$0.46B,-33.98%,$-0.16B,$-0.39B,43.14%,$-0.16B,$2.20B,-7.39%,$0.05B,$1.84B,2.85%,$223,$125,$98,$0,$48,$201,$21,$-23,$-2,$2,$-4,$-4,$-4,$49,$21,$92,92,$-0.04,$-0.04,$87,$79,$0,$408,$438,$0,$855,$495,$1788,$2196,$234,$1382,$58,$1501,$1736,$1,$-135,$-21,$461,$2196,$-4,$88,$31,$118,$9,$-1,$-2,$16,$37,$153,$-40,$-29,$-50,$0,$7,$7,$-56,$-168,$-6,$0,$-6,$-1,$-1,$0,$-9,$-17,$-37,$15,$0
29,2011-06-30,10.34,$5.53,1.87,$9.20,1.12,$3.25,3.18,$-1.67,0.0,$0.42B,$0.20B,2.08,$1.38B,$0.51B,2.71,$0.85B,$0.37B,43.06%,$0.85B,$0.05B,6.35%,$0.85B,$0.05B,6.35%,$0.85B,$0.20B,23.65%,$0.85B,$-0.01B,-1.18%,$0.85B,$-0.15B,-17.53%,$-0.15B,$0.51B,-28.88%,$-0.15B,$-0.35B,44.88%,$-0.15B,$2.22B,-6.65%,$0.05B,$1.89B,2.81%,$220,$119,$101,$0,$43,$191,$29,$-16,$13,$6,$7,$7,$7,$58,$29,$92,93,$0.08,$0.08,$127,$69,$0,$416,$437,$0,$860,$503,$1799,$2215,$200,$1381,$61,$1506,$1706,$1,$-131,$31,$509,$2215,$0,$60,$25,$85,$14,$0,$-9,$6,$13,$98,$-26,$-18,$0,$0,$-34,$-34,$-9,$-87,$-5,$0,$-5,$-1,$-1,$0,$-3,$-9,$3,$10,$0
30,2011-03-31,8.74,$5.26,1.66,$9.32,0.94,$3.21,2.72,$-1.80,0.0,$0.40B,$0.21B,1.86,$1.38B,$0.48B,2.86,$0.86B,$0.37B,42.29%,$0.86B,$0.05B,6.03%,$0.86B,$0.05B,6.03%,$0.86B,$0.20B,22.83%,$0.86B,$-0.01B,-1.62%,$0.86B,$-0.16B,-18.54%,$-0.16B,$0.48B,-30.33%,$-0.16B,$-0.38B,51.95%,$-0.16B,$2.21B,-7.15%,$0.05B,$1.87B,2.69%,$197,$112,$85,$0,$40,$182,$14,$-16,$-2,$5,$-7,$-7,$-7,$45,$14,$92,92,$-0.08,$-0.08,$119,$68,$0,$398,$445,$0,$859,$504,$1808,$2206,$213,$1382,$63,$1508,$1722,$1,$-138,$18,$484,$2206,$-7,$31,$-0,$31,$21,$2,$-6,$-3,$26,$49,$-10,$-11,$0,$0,$0,$0,$-29,$-50,$-2,$0,$-2,$-2,$-2,$0,$-3,$-6,$-6,$5,$0
31,2010-12-31,9.96,$4.93,2.02,$9.46,1.05,$3.07,3.24,$-1.67,0.0,$0.41B,$0.20B,2.11,$1.39B,$0.45B,3.07,$0.88B,$0.37B,41.72%,$0.88B,$0.06B,6.80%,$0.88B,$0.06B,6.80%,$0.88B,$0.20B,22.79%,$0.88B,$-0.01B,-0.57%,$0.88B,$-0.15B,-16.78%,$-0.15B,$0.45B,-26.56%,$-0.15B,$-0.38B,54.71%,$-0.15B,$2.15B,-6.59%,$0.06B,$1.84B,3.08%,$212,$120,$92,$0,$43,$223,$-11,$-21,$-32,$127,$-158,$-158,$-158,$49,$-11,$93,93,$-1.70,$-1.70,$124,$69,$0,$414,$451,$321,$835,$132,$1738,$2152,$196,$1388,$54,$1503,$1699,$1,$-131,$-18,$453,$2152,$-149,$142,$151,$293,$-4,$4,$-3,$24,$28,$171,$-72,$-36,$23,$0,$-204,$-204,$1,$-288,$32,$0,$32,$-28,$-28,$0,$-13,$-10,$-136,$23,$0
32,2010-09-30,9.69,$6.75,1.43,$9.69,1.0,$3.58,2.71,$-0.47,0.0,$0.64B,$0.20B,3.17,$1.47B,$0.62B,2.38,$0.90B,$0.37B,40.75%,$0.90B,$0.00B,0.22%,$0.90B,$0.00B,0.22%,$0.90B,$0.14B,15.61%,$0.90B,$-0.06B,-6.20%,$0.90B,$-0.04B,-4.43%,$-0.04B,$0.62B,-6.68%,$-0.04B,$-0.22B,17.15%,$-0.04B,$2.39B,-1.75%,$0.00B,$2.09B,0.10%,$221,$133,$88,$0,$36,$199,$22,$-11,$11,$2,$9,$9,$9,$49,$22,$92,92,$0.09,$0.09,$250,$75,$89,$642,$467,$0,$839,$440,$1746,$2387,$203,$1469,$61,$1566,$1769,$1,$27,$-9,$618,$2387,$9,$82,$36,$118,$7,$-2,$-9,$23,$16,$143,$-52,$-26,$-12,$0,$0,$0,$-128,$-219,$113,$0,$113,$-28,$-28,$0,$-13,$71,$-11,$17,$0
33,2010-06-30,9.2,$6.01,1.53,$9.83,0.94,$3.89,2.36,$-0.38,0.0,$0.52B,$0.18B,2.91,$1.37B,$0.56B,2.47,$0.92B,$0.38B,41.37%,$0.92B,$0.01B,1.09%,$0.92B,$0.01B,1.09%,$0.92B,$0.15B,16.72%,$0.92B,$-0.05B,-4.89%,$0.92B,$-0.03B,-3.69%,$-0.03B,$0.56B,-5.56%,$-0.03B,$-0.26B,14.51%,$-0.03B,$2.20B,-1.50%,$0.01B,$1.92B,0.52%,$233,$133,$100,$0,$41,$207,$27,$-18,$9,$13,$-4,$-4,$-4,$54,$27,$94,94,$-0.05,$-0.05,$151,$67,$89,$524,$460,$0,$811,$406,$1677,$2201,$180,$1369,$61,$1465,$1645,$1,$19,$-66,$555,$2201,$1,$55,$38,$92,$16,$2,$-14,$14,$10,$103,$-35,$-18,$-6,$0,$-127,$-127,$-1,$-186,$14,$0,$14,$-19,$-19,$0,$-7,$-11,$-109,$13,$0
34,2010-03-31,14.11,$6.41,2.2,$9.74,1.45,$4.15,3.4,$-0.11,0.0,$0.65B,$0.21B,3.17,$1.34B,$0.60B,2.22,$0.91B,$0.38B,41.29%,$0.91B,$0.01B,1.10%,$0.91B,$0.01B,1.10%,$0.91B,$0.16B,17.20%,$0.91B,$-0.03B,-3.61%,$0.91B,$-0.01B,-1.10%,$-0.01B,$0.60B,-1.58%,$-0.01B,$-0.23B,4.29%,$-0.01B,$2.25B,-0.43%,$0.01B,$1.94B,0.53%,$216,$129,$88,$0,$39,$195,$22,$-15,$7,$2,$5,$5,$5,$49,$22,$94,95,$0.05,$0.05,$261,$70,$91,$651,$463,$0,$828,$307,$1598,$2249,$206,$1338,$66,$1441,$1646,$1,$23,$-31,$603,$2249,$5,$28,$-2,$26,$17,$2,$-13,$-1,$10,$41,$-14,$-8,$-0,$0,$0,$0,$0,$-21,$-11,$0,$-11,$-0,$-0,$0,$-4,$-15,$1,$7,$0
35,2009-12-31,14.55,$6.60,2.2,$9.94,1.46,$4.25,3.42,$-0.43,0.0,$0.67B,$0.23B,2.99,$1.34B,$0.62B,2.17,$0.93B,$0.38B,40.84%,$0.93B,$0.00B,0.11%,$0.93B,$0.00B,0.11%,$0.93B,$0.15B,16.38%,$0.93B,$-0.03B,-2.91%,$0.93B,$-0.04B,-4.31%,$-0.04B,$0.62B,-6.46%,$-0.04B,$-0.23B,15.89%,$-0.04B,$2.29B,-1.76%,$0.00B,$1.96B,0.05%,$233,$141,$92,$0,$49,$302,$-69,$-14,$-83,$-33,$-50,$-50,$-50,$-11,$-69,$93,93,$-0.54,$-0.54,$260,$74,$91,$673,$468,$0,$853,$298,$1619,$2292,$225,$1342,$67,$1447,$1672,$1,$18,$-3,$620,$2292,$-40,$152,$86,$238,$30,$3,$-5,$17,$17,$220,$-74,$-34,$-87,$0,$0,$0,$6,$-188,$113,$0,$113,$-4,$-4,$0,$-17,$92,$119,$35,$0
36,2009-09-30,15.83,$7.20,2.2,$10.27,1.54,$2.94,5.38,$-0.59,0.0,$0.58B,$0.36B,1.63,$1.19B,$0.67B,1.78,$0.96B,$0.37B,39.00%,$0.96B,$-0.01B,-1.25%,$0.96B,$-0.01B,-1.25%,$0.96B,$0.19B,20.13%,$0.96B,$-0.04B,-3.65%,$0.96B,$-0.06B,-6.15%,$-0.06B,$0.67B,-9.63%,$-0.06B,$-0.22B,24.69%,$-0.06B,$2.34B,-2.62%,$-0.01B,$1.86B,-0.67%,$239,$138,$101,$0,$39,$209,$30,$-8,$22,$7,$15,$15,$15,$62,$30,$93,94,$0.16,$0.16,$213,$76,$0,$583,$565,$0,$891,$297,$1754,$2337,$357,$1189,$88,$1312,$1669,$1,$68,$-3,$668,$2337,$10,$93,$53,$147,$4,$2,$-9,$45,$19,$176,$-54,$-26,$-89,$0,$0,$0,$4,$-166,$76,$0,$76,$-3,$-3,$0,$-12,$61,$72,$26,$0
37,2009-06-30,15.76,$6.91,2.28,$10.81,1.46,$1.76,8.94,$-0.48,0.0,$0.57B,$0.37B,1.52,$1.19B,$0.64B,1.86,$1.01B,$0.39B,38.54%,$1.01B,$-0.00B,-0.30%,$1.01B,$-0.00B,-0.30%,$1.01B,$0.21B,20.36%,$1.01B,$-0.03B,-2.47%,$1.01B,$-0.05B,-5.14%,$-0.05B,$0.64B,-8.29%,$-0.05B,$-0.25B,25.18%,$-0.05B,$2.33B,-2.31%,$-0.00B,$1.83B,-0.17%,$225,$129,$96,$0,$39,$198,$27,$-5,$21,$1,$20,$20,$20,$57,$27,$92,94,$0.22,$0.22,$235,$80,$0,$569,$575,$0,$891,$294,$1760,$2329,$374,$1190,$91,$1316,$1690,$1,$53,$-10,$640,$2329,$-5,$61,$58,$119,$33,$-2,$-15,$13,$16,$131,$-38,$-18,$-89,$0,$0,$0,$1,$-144,$120,$0,$120,$-4,$-4,$0,$-9,$107,$94,$19,$0
38,2009-03-31,12.11,$5.92,2.04,$11.66,1.04,$0.92,13.23,$-0.39,0.0,$0.45B,$0.33B,1.38,$1.15B,$0.55B,2.11,$1.09B,$0.42B,38.24%,$1.09B,$0.01B,0.91%,$1.09B,$0.01B,0.91%,$1.09B,$0.22B,20.49%,$1.09B,$-0.01B,-0.73%,$1.09B,$-0.05B,-4.21%,$-0.05B,$0.55B,-7.08%,$-0.05B,$-0.30B,26.40%,$-0.05B,$2.15B,-2.03%,$0.01B,$1.70B,0.54%,$231,$141,$90,$0,$41,$218,$13,$0,$13,$39,$-25,$-25,$-25,$44,$13,$93,93,$-0.27,$-0.27,$109,$72,$0,$454,$560,$0,$846,$293,$1699,$2154,$330,$1154,$90,$1276,$1607,$1,$33,$-78,$547,$2154,$-25,$31,$34,$65,$17,$2,$-10,$0,$10,$50,$-15,$-8,$-1,$0,$0,$0,$0,$-23,$-44,$0,$-44,$-7,$-7,$0,$-3,$-53,$-32,$11,$0
39,2008-12-31,17.54,$6.43,2.73,$11.88,1.48,$0.37,46.79,$0.09,194.89,$0.51B,$0.26B,1.96,$1.20B,$0.60B,2.01,$1.12B,$0.44B,39.14%,$1.12B,$0.02B,1.97%,$1.12B,$0.02B,1.97%,$1.12B,$0.24B,21.45%,$1.12B,$0.00B,0.36%,$1.12B,$-0.00B,-0.36%,$-0.00B,$0.60B,-0.58%,$-0.00B,$-0.18B,2.84%,$-0.00B,$2.18B,-0.18%,$0.02B,$1.79B,1.18%,$264,$176,$87,$0,$46,$346,$-82,$-9,$-91,$-22,$-69,$-69,$-69,$30,$-82,$93,93,$-0.75,$-0.73,$141,$75,$0,$512,$575,$0,$778,$317,$1671,$2182,$261,$1196,$96,$1326,$1587,$1,$58,$-49,$596,$2182,$-4,$219,$5,$223,$-21,$-3,$6,$-11,$-10,$208,$-183,$-46,$-8,$0,$6,$6,$-5,$-237,$339,$-158,$181,$-20,$-20,$0,$-15,$146,$111,$34,$0
40,2008-09-30,23.02,$7.80,2.95,$11.83,1.95,$0.19,118.35,$0.96,23.98,$0.58B,$0.27B,2.14,$1.22B,$0.73B,1.68,$1.12B,$0.46B,40.96%,$1.12B,$0.13B,11.58%,$1.12B,$0.13B,11.58%,$1.12B,$0.24B,21.02%,$1.12B,$0.11B,9.35%,$1.12B,$0.07B,6.14%,$0.07B,$0.73B,9.84%,$0.07B,$-0.09B,-48.42%,$0.07B,$2.36B,3.07%,$0.13B,$1.94B,7.00%,$292,$175,$117,$0,$42,$253,$39,$-7,$32,$10,$22,$22,$22,$75,$39,$93,95,$0.24,$0.23,$162,$92,$0,$583,$630,$0,$818,$326,$1774,$2357,$273,$1218,$89,$1360,$1632,$1,$172,$38,$725,$2357,$65,$106,$18,$124,$-41,$-5,$1,$11,$-51,$141,$-130,$-34,$-3,$0,$0,$0,$-2,$-169,$350,$-158,$192,$-15,$-15,$0,$-15,$162,$132,$24,$0
41,2008-06-30,29.62,$7.87,3.77,$11.62,2.55,$0.13,224.05,$0.66,44.88,$0.57B,$0.27B,2.12,$1.22B,$0.73B,1.67,$1.10B,$0.45B,41.17%,$1.10B,$0.10B,8.65%,$1.10B,$0.10B,8.65%,$1.10B,$0.17B,15.03%,$1.10B,$0.07B,6.38%,$1.10B,$0.04B,4.01%,$0.04B,$0.73B,6.48%,$0.04B,$-0.12B,-24.96%,$0.04B,$2.37B,2.03%,$0.10B,$1.95B,5.29%,$306,$182,$124,$0,$49,$266,$40,$-1,$38,$12,$26,$26,$26,$75,$40,$93,94,$0.28,$0.27,$178,$90,$0,$574,$618,$0,$852,$324,$1794,$2368,$270,$1218,$96,$1368,$1639,$1,$146,$79,$730,$2368,$42,$70,$17,$87,$-21,$-4,$1,$5,$-27,$106,$-93,$-22,$-8,$0,$0,$0,$-1,$-124,$352,$-158,$194,$-16,$-16,$0,$-14,$164,$148,$16,$0
42,2008-03-31,21.11,$7.44,2.84,$11.18,1.89,$0.12,173.03,$0.63,33.51,$0.40B,$0.22B,1.86,$1.11B,$0.69B,1.61,$1.06B,$0.44B,41.53%,$1.06B,$0.10B,9.04%,$1.06B,$0.10B,9.04%,$1.06B,$0.13B,12.34%,$1.06B,$0.07B,6.50%,$1.06B,$0.05B,4.24%,$0.05B,$0.69B,6.93%,$0.05B,$-0.17B,-21.63%,$0.05B,$2.17B,2.17%,$0.10B,$1.80B,5.59%,$257,$147,$110,$0,$47,$232,$25,$-0,$25,$8,$17,$17,$17,$60,$25,$93,95,$0.18,$0.18,$32,$94,$0,$404,$596,$0,$854,$313,$1763,$2167,$217,$1112,$96,$1261,$1478,$1,$117,$75,$689,$2167,$17,$35,$-3,$31,$5,$-5,$-4,$-6,$-12,$36,$-50,$-11,$-3,$0,$0,$0,$0,$-64,$7,$41,$48,$-18,$-18,$0,$0,$30,$3,$9,$0
43,2007-12-31,33.25,$7.08,4.7,$11.01,3.02,$0.32,103.23,$0.68,48.9,$0.39B,$0.22B,1.77,$1.07B,$0.66B,1.62,$1.05B,$0.43B,41.45%,$1.05B,$0.11B,10.12%,$1.05B,$0.11B,10.12%,$1.05B,$0.11B,10.12%,$1.05B,$0.08B,7.45%,$1.05B,$0.05B,5.06%,$0.05B,$0.66B,8.56%,$0.05B,$-0.19B,-23.71%,$0.05B,$2.10B,2.67%,$0.11B,$1.73B,6.47%,$268,$159,$109,$0,$42,$242,$26,$-16,$10,$6,$4,$4,$4,$26,$26,$93,96,$0.04,$0.04,$29,$79,$0,$385,$575,$0,$850,$291,$1715,$2100,$218,$1073,$97,$1221,$1439,$1,$97,$60,$661,$2100,$53,$160,$-1,$159,$-9,$-14,$-8,$13,$-20,$192,$-184,$-39,$-120,$0,$-31,$-31,$-5,$-378,$194,$-33,$161,$15,$15,$0,$10,$186,$2,$25,$0
44,2007-09-30,37.6,$6.84,5.5,$10.66,3.53,$0.12,311.77,$0.59,63.73,$0.41B,$0.23B,1.78,$1.06B,$0.64B,1.67,$1.01B,$0.43B,42.04%,$1.01B,$0.10B,9.89%,$1.01B,$0.10B,9.89%,$1.01B,$0.10B,9.89%,$1.01B,$0.08B,7.52%,$1.01B,$0.06B,5.64%,$0.06B,$0.64B,9.73%,$0.06B,$-0.23B,-23.55%,$0.06B,$2.06B,3.00%,$0.10B,$1.70B,6.38%,$267,$158,$109,$0,$44,$263,$4,$-8,$-3,$-1,$-3,$-3,$-3,$4,$4,$93,93,$-0.03,$-0.03,$41,$90,$0,$412,$548,$0,$864,$233,$1645,$2056,$231,$1062,$82,$1190,$1421,$1,$81,$67,$635,$2056,$0,$0,$0,$0,$0,$0,$0,$0,$0,$142,$-136,$-29,$-103,$0,$0,$0,$-26,$-294,$196,$-45,$151,$12,$12,$0,$0,$163,$13,$0,$0
45,2007-06-30,34.95,$6.59,5.3,$10.09,3.46,$0.00,0.0,$0.74,47.23,$0.38B,$0.22B,1.76,$1.03B,$0.61B,1.68,$0.96B,$0.41B,42.98%,$0.96B,$0.12B,12.70%,$0.96B,$0.12B,12.70%,$0.96B,$0.12B,12.70%,$0.96B,$0.09B,9.78%,$0.96B,$0.07B,7.49%,$0.07B,$0.61B,13.04%,$0.07B,$-0.25B,-30.22%,$0.07B,$1.98B,4.01%,$0.12B,$1.64B,8.21%,$270,$156,$113,$0,$40,$229,$41,$-3,$37,$10,$27,$27,$27,$41,$41,$93,96,$0.29,$0.28,$28,$83,$0,$381,$524,$0,$861,$217,$1602,$1983,$217,$1028,$80,$1154,$1371,$1,$84,$48,$612,$1983,$0,$0,$0,$0,$0,$0,$0,$0,$0,$93,$-81,$-19,$-102,$0,$0,$0,$-20,$-221,$6,$111,$117,$0,$11,$0,$0,$128,$0,$0,$0
46,2007-03-31,32.83,$6.15,5.34,$9.78,3.36,$-0.02,0.0,$0.72,45.6,$0.36B,$0.20B,1.85,$0.92B,$0.57B,1.62,$0.93B,$0.40B,43.18%,$0.93B,$0.12B,13.32%,$0.93B,$0.12B,13.32%,$0.93B,$0.12B,13.32%,$0.93B,$0.09B,9.88%,$0.93B,$0.07B,7.52%,$0.07B,$0.57B,13.50%,$0.07B,$-0.23B,-29.82%,$0.07B,$1.81B,4.12%,$0.12B,$1.49B,8.79%,$242,$139,$103,$0,$39,$207,$35,$-1,$34,$9,$25,$25,$25,$35,$35,$92,95,$0.27,$0.26,$33,$64,$0,$360,$452,$0,$795,$198,$1445,$1806,$195,$919,$79,$1042,$1237,$1,$57,$38,$569,$1806,$0,$0,$0,$0,$0,$0,$0,$0,$0,$30,$-26,$-8,$-0,$0,$0,$0,$-6,$-41,$199,$-191,$8,$8,$8,$0,$0,$16,$5,$0,$0
47,2006-12-31,30.23,$5.76,5.25,$9.48,3.19,$-0.08,0.0,$0.70,43.19,$0.35B,$0.19B,1.78,$0.91B,$0.53B,1.73,$0.90B,$0.39B,43.26%,$0.90B,$0.13B,14.05%,$0.90B,$0.13B,14.05%,$0.90B,$0.13B,14.05%,$0.90B,$0.09B,10.03%,$0.90B,$0.07B,7.47%,$0.07B,$0.53B,13.89%,$0.07B,$-0.26B,-33.17%,$0.07B,$1.76B,4.24%,$0.13B,$1.44B,9.66%,$232,$132,$100,$0,$41,$212,$20,$-12,$8,$1,$8,$8,$8,$20,$20,$91,95,$0.08,$0.08,$28,$59,$0,$345,$451,$0,$791,$173,$1415,$1760,$194,$913,$81,$1038,$1232,$1,$33,$36,$528,$1760,$67,$106,$9,$115,$-22,$-13,$-11,$-32,$-50,$131,$-142,$-50,$-297,$0,$0,$0,$-14,$-503,$145,$191,$336,$7,$7,$0,$12,$355,$-11,$22,$0
