,Date,Stock Price,Book Value per Share,Price to Book Ratio,TTM Sales per Share,Price to Sales Ratio,TTM FCF per Share,Price to FCF Ratio,TTM Net EPS,PE Ratio,Current Assets,Current Liabilities,Current Ratio,Long Term Debt,Shareholder's Equity_x,Debt to Equity Ratio,TTM Revenue_x,TTM Gross Profit,Gross Margin,TTM Revenue_y,TTM Operating Income,Operating Margin,TTM Revenue_x,TTM EBIT,EBIT Margin,TTM Revenue_y,TTM EBITDA,EBITDA Margin,TTM Revenue_x,TTM Pre-Tax Income,Pre-Tax Margin,TTM Revenue_y,TTM Net Income_x,Net Margin,TTM Net Income_y,Shareholder's Equity_y,Return on Equity,TTM Net Income_x,Tangible Equity,Return on Tangible Equity,TTM Net Income_y,Total Assets,Return on Assets,TTM Net Income,LT Investments & Debt,Return on Investment,revenue,cost-goods-sold,gross-profit,research-development-expenses,selling-general-administrative-expenses,operating-expenses,operating-income,total-non-operating-income-expense,pre-tax-income,total-provision-income-taxes,income-after-taxes,income-from-continuous-operations,net-income,ebitda,ebit,basic-shares-outstanding,shares-outstanding,eps-basic-net-earnings-per-share,eps-earnings-per-share-diluted,cash-on-hand,inventory,other-current-assets,total-current-assets,net-property-plant-equipment,long-term-investments,goodwill-intangible-assets-total,other-long-term-assets,total-long-term-assets,total-assets,total-current-liabilities,long-term-debt,other-non-current-liabilities,total-long-term-liabilities,total-liabilities,common-stock-net,retained-earnings-accumulated-deficit,comprehensive-income,total-share-holder-equity,total-liabilities-share-holders-equity,net-income-loss,total-depreciation-amortization-cash-flow,other-non-cash-items,total-non-cash-items,change-in-accounts-receivable,change-in-inventories,change-in-accounts-payable,change-in-assets-liabilities,total-change-in-assets-liabilities,cash-flow-from-operating-activities,net-change-in-property-plant-equipment,net-change-in-intangible-assets,net-acquisitions-divestitures,net-change-in-short-term-investments,net-change-in-long-term-investments,net-change-in-investments-total,investing-activities-other,cash-flow-from-investing-activities,net-long-term-debt,net-current-debt,debt-issuance-retirement-net-total,net-common-equity-issued-repurchased,net-total-equity-issued-repurchased,total-common-preferred-stock-dividends-paid,financial-activities-other,cash-flow-from-financial-activities,net-cash-flow,stock-based-compensation,common-stock-dividends-paid
0,2017-12-31,1.06,$0.00,0.0,0,0.0,0,0.0,0,0.0,$0.01B,$0.00B,1.69,$0.00B,$0.08B,0.0,$0.00B,0,nan%,$0.00B,0,nan%,$0.00B,0,nan%,$0.00B,0,nan%,$0.00B,0,nan%,$0.00B,0,nan%,$0.00B,$0.08B,0.00%,$0.00B,$-0.01B,0.00%,$0.00B,$0.10B,0.00%,$0.00B,$0.08B,0.00%,$0,$0,$0,$0,$0,$0,$0,$0,$0,$0,$0,$0,$0,$0,$0,$0,0,$0.00,$0.00,$5,$0,$0,$6,$1,$0,$92,$0,$93,$98,$3,$0,$1,$11,$15,$0,$41,$0,$84,$98,$-11,$3,$0,$3,$0,$0,$0,$0,$-7,$-8,$0,$0,$1,$0,$0,$6,$0,$7,$0,$-0,$2,$0,$3,$0,$-0,$5,$4,$0,$0
1,2017-06-30,1.15,$0.00,0.0,0,0.0,0,0.0,0,0.0,$0.00B,$0.00B,0.17,$0.00B,$0.05B,0.0,$0.00B,0,nan%,$0.00B,0,nan%,$0.00B,0,nan%,$0.00B,0,nan%,$0.00B,0,nan%,$0.00B,0,nan%,$0.00B,$0.09B,0.00%,$0.00B,$0.09B,0.00%,$0.00B,$0.10B,0.00%,$0.00B,$0.09B,0.00%,$0,$0,$0,$0,$0,$0,$0,$0,$0,$0,$0,$0,$0,$0,$0,$0,0,$0.00,$0.00,$0,$0,$0,$0,$0,$0,$0,$0,$0,$101,$1,$0,$0,$0,$12,$0,$50,$0,$88,$101,$0,$0,$0,$0,$0,$0,$0,$0,$0,$0,$0,$0,$0,$0,$0,$0,$0,$0,$0,$0,$0,$0,$0,$0,$0,$0,$0,$0,$0
2,2016-12-31,3.75,$0.00,0.0,0,0.0,0,0.0,0,0.0,$0.01B,$0.01B,0.91,$0.00B,$0.09B,0.0,$0.00B,0,nan%,$0.00B,0,nan%,$0.00B,0,nan%,$0.00B,0,nan%,$0.00B,0,nan%,$0.00B,0,nan%,$0.00B,$0.09B,0.00%,$0.00B,$0.03B,0.00%,$0.00B,$0.10B,0.00%,$0.00B,$0.09B,0.00%,$0,$0,$0,$0,$0,$0,$0,$0,$0,$0,$0,$0,$0,$0,$0,$0,0,$0.00,$0.00,$0,$0,$0,$7,$0,$0,$62,$32,$94,$100,$7,$0,$0,$6,$14,$0,$52,$0,$87,$100,$-5,$1,$0,$1,$0,$0,$0,$0,$-0,$-1,$0,$0,$0,$0,$0,$0,$-7,$-7,$0,$0,$0,$0,$7,$0,$0,$8,$-0,$0,$0
3,2015-12-31,1.56,$0.00,0.0,0,0.0,0,0.0,0,0.0,$0.00B,$0.01B,0.13,$0.00B,$0.08B,0.03,$0.00B,0,nan%,$0.00B,0,nan%,$0.00B,0,nan%,$0.00B,0,nan%,$0.00B,0,nan%,$0.00B,0,nan%,$0.00B,$0.08B,0.00%,$0.00B,$0.08B,0.00%,$0.00B,$0.09B,0.00%,$0.00B,$0.08B,0.00%,$0,$0,$0,$0,$0,$0,$0,$0,$0,$0,$0,$0,$0,$0,$0,$0,0,$0.00,$0.00,$0,$0,$0,$1,$0,$0,$0,$86,$86,$87,$9,$2,$0,$2,$9,$0,$57,$0,$78,$87,$-2,$0,$0,$0,$0,$0,$0,$0,$0,$-1,$0,$0,$90,$0,$0,$0,$-89,$0,$0,$0,$1,$0,$0,$0,$0,$1,$0,$0,$0
4,2015-06-30,2.61,$0.00,0.0,$10.32,0.25,$0.32,8.28,$0.28,9.32,$0.09B,$0.01B,11.93,$0.00B,$0.08B,0.0,$0.04B,$0.00B,9.09%,$0.04B,$0.00B,4.55%,$0.04B,$0.00B,4.55%,$0.04B,$0.00B,4.55%,$0.04B,$0.00B,4.55%,$0.04B,$0.00B,2.27%,$0.00B,$0.08B,1.17%,$0.00B,$0.08B,1.17%,$0.00B,$0.09B,1.01%,$0.00B,$0.08B,2.33%,$0,$0,$0,$0,$0,$0,$0,$0,$0,$0,$0,$0,$0,$0,$0,$0,0,$0.00,$0.00,$92,$0,$0,$92,$0,$0,$0,$0,$0,$92,$8,$0,$0,$0,$8,$0,$59,$0,$84,$92,$-1,$0,$0,$0,$0,$0,$0,$0,$1,$0,$0,$0,$91,$0,$0,$0,$0,$91,$0,$0,$-0,$0,$0,$0,$0,$-0,$92,$0,$0
5,2014-12-31,2.49,$0.00,0.0,$20.28,0.12,$-0.37,0.0,$0.76,3.28,$0.09B,$0.01B,12.59,$0.00B,$0.09B,0.0,$0.09B,$0.01B,8.05%,$0.09B,$0.00B,4.60%,$0.09B,$0.00B,4.60%,$0.09B,$0.00B,4.60%,$0.09B,$0.01B,5.75%,$0.09B,$0.00B,3.45%,$0.00B,$0.09B,3.48%,$0.00B,$0.09B,3.48%,$0.00B,$0.09B,2.84%,$0.00B,$0.09B,4.64%,$0,$0,$0,$0,$0,$0,$0,$0,$0,$0,$0,$0,$0,$0,$0,$0,0,$0.00,$0.00,$0,$0,$92,$93,$0,$0,$0,$0,$0,$93,$7,$0,$0,$0,$7,$0,$60,$0,$85,$93,$-2,$0,$0,$0,$0,$0,$0,$0,$-9,$-11,$0,$0,$-0,$0,$0,$0,$0,$-0,$0,$-2,$0,$0,$0,$0,$0,$-2,$-13,$0,$0
6,2014-06-30,8.16,$0.00,0.0,$34.07,0.24,$0.01,0.0,$1.56,5.23,$0.11B,$0.02B,5.59,$0.00B,$0.09B,0.0,$0.15B,$0.01B,8.22%,$0.15B,$0.01B,5.48%,$0.15B,$0.01B,5.48%,$0.15B,$0.01B,5.48%,$0.15B,$0.01B,6.16%,$0.15B,$0.01B,4.11%,$0.01B,$0.09B,6.98%,$0.01B,$0.09B,6.98%,$0.01B,$0.11B,5.14%,$0.01B,$0.09B,9.30%,$0,$0,$0,$0,$0,$0,$0,$0,$0,$0,$0,$0,$0,$0,$0,$0,0,$0.00,$0.00,$1,$6,$47,$105,$0,$0,$0,$0,$0,$105,$19,$0,$0,$0,$19,$0,$59,$0,$86,$105,$0,$0,$0,$0,$0,$0,$0,$0,$0,$0,$0,$0,$0,$0,$0,$0,$0,$0,$0,$0,$0,$0,$0,$0,$0,$0,$0,$0,$0
7,2013-12-31,13.56,$0.00,0.0,$46.84,0.29,$-2.68,0.0,$1.96,6.92,$0.11B,$0.02B,6.18,$0.00B,$0.09B,0.0,$0.20B,$0.02B,7.96%,$0.20B,$0.01B,5.47%,$0.20B,$0.01B,5.47%,$0.20B,$0.01B,5.47%,$0.20B,$0.01B,5.97%,$0.20B,$0.01B,3.98%,$0.01B,$0.09B,9.47%,$0.01B,$0.09B,9.47%,$0.01B,$0.11B,6.64%,$0.01B,$0.09B,13.02%,$44,$41,$4,$0,$2,$42,$2,$-0,$2,$1,$1,$1,$1,$2,$2,$4,4,$0.28,$0.28,$13,$7,$35,$105,$0,$0,$0,$0,$0,$105,$17,$0,$0,$0,$17,$0,$61,$0,$88,$105,$8,$0,$1,$0,$11,$-1,$-10,$-6,$-8,$1,$-0,$0,$0,$0,$0,$0,$0,$-0,$-0,$0,$-0,$0,$0,$0,$0,$0,$2,$0,$0
8,2013-09-30,10.92,$0.00,0.0,$51.40,0.21,$-6.27,0.0,$2.40,4.55,$0.12B,$0.03B,3.49,$0.00B,$0.09B,0.0,$0.22B,$0.08B,34.09%,$0.22B,$0.07B,32.73%,$0.22B,$0.07B,32.73%,$0.22B,$0.07B,32.73%,$0.22B,$0.07B,33.18%,$0.22B,$0.01B,4.55%,$0.01B,$0.09B,12.20%,$0.01B,$0.09B,12.20%,$0.01B,$0.12B,8.28%,$0.07B,$0.09B,87.80%,$43,$40,$3,$0,$1,$41,$2,$0,$3,$1,$2,$2,$2,$2,$2,$4,4,$0.48,$0.48,$14,$26,$21,$120,$0,$0,$0,$0,$0,$120,$34,$0,$0,$0,$35,$0,$60,$0,$86,$120,$7,$0,$0,$0,$0,$0,$0,$0,$-11,$-3,$-0,$0,$0,$0,$0,$0,$0,$-0,$0,$5,$0,$0,$0,$0,$0,$5,$2,$0,$0
9,2013-06-30,7.0,$0.00,0.0,$47.55,0.15,$-8.46,0.0,$1.68,4.17,$0.14B,$0.05B,2.56,$0.00B,$0.08B,0.0,$0.20B,$0.07B,35.96%,$0.20B,$0.07B,33.99%,$0.20B,$0.07B,33.99%,$0.20B,$0.07B,33.99%,$0.20B,$0.07B,33.99%,$0.20B,$0.01B,3.45%,$0.01B,$0.08B,8.83%,$0.01B,$0.08B,8.83%,$0.01B,$0.14B,6.21%,$0.07B,$0.08B,87.07%,$59,$54,$5,$0,$1,$55,$4,$-0,$4,$1,$3,$3,$3,$4,$4,$4,4,$0.80,$0.80,$14,$16,$28,$137,$0,$0,$0,$0,$0,$137,$54,$0,$0,$0,$54,$0,$58,$0,$84,$137,$5,$0,$0,$0,$0,$0,$0,$0,$-4,$2,$-0,$0,$0,$0,$0,$0,$0,$-0,$0,$1,$0,$0,$0,$0,$0,$1,$3,$0,$0
10,2013-03-31,4.32,$0.00,0.0,$43.76,0.1,$-8.83,0.0,$1.16,3.72,$0.12B,$0.04B,3.01,$0.00B,$0.08B,0.0,$0.19B,$0.11B,59.36%,$0.19B,$0.11B,57.75%,$0.19B,$0.11B,57.75%,$0.19B,$0.11B,57.75%,$0.19B,$0.11B,57.75%,$0.19B,$0.01B,2.67%,$0.01B,$0.08B,8.58%,$0.01B,$0.08B,8.58%,$0.01B,$0.12B,6.37%,$0.11B,$0.08B,185.41%,$55,$51,$4,$0,$1,$52,$3,$-0,$3,$1,$2,$2,$2,$3,$3,$4,4,$0.40,$0.40,$6,$12,$37,$120,$0,$0,$0,$0,$0,$120,$40,$0,$0,$0,$40,$0,$55,$0,$80,$120,$2,$0,$0,$0,$0,$0,$0,$0,$-13,$-11,$-0,$0,$0,$0,$0,$0,$0,$-0,$0,$6,$0,$0,$0,$0,$0,$6,$-6,$0,$0
11,2012-12-31,4.54,$0.00,0.0,$39.09,0.12,$-6.15,0.0,$0.96,4.73,$0.11B,$0.03B,3.86,$0.00B,$0.08B,0.0,$0.17B,$0.14B,85.03%,$0.17B,$0.14B,83.83%,$0.17B,$0.14B,83.83%,$0.17B,$0.14B,83.83%,$0.17B,$0.14B,83.83%,$0.17B,$0.00B,2.40%,$0.00B,$0.08B,10.46%,$0.00B,$0.08B,10.46%,$0.00B,$0.11B,8.25%,$0.14B,$0.08B,366.01%,$63,$0,$63,$0,$0,$0,$63,$0,$63,$0,$63,$3,$3,$63,$63,$4,4,$0.72,$0.72,$12,$6,$29,$105,$0,$0,$0,$0,$0,$106,$27,$0,$0,$0,$27,$0,$53,$0,$78,$106,$4,$0,$0,$0,$0,$0,$0,$0,$-18,$-14,$-0,$0,$19,$0,$0,$0,$0,$19,$0,$0,$6,$0,$0,$0,$0,$6,$11,$0,$0
12,2012-09-30,3.44,$0.00,0.0,$45.71,0.08,$-21.32,0.0,$-0.04,0.0,$0.09B,$0.01B,6.97,$0.00B,$0.08B,0.0,$0.17B,$0.09B,50.29%,$0.17B,$0.08B,47.40%,$0.17B,$0.08B,47.40%,$0.17B,$0.08B,47.98%,$0.17B,$0.08B,47.40%,$0.17B,0,0.00%,$0.00B,$0.08B,0.00%,$0.00B,$0.08B,0.00%,$0.00B,$0.09B,0.00%,$0.08B,$0.08B,220.13%,$26,$25,$1,$0,$2,$27,$-1,$-0,$-1,$0,$-1,$-1,$-1,$-1,$-1,$4,4,$-0.24,$-0.24,$7,$7,$45,$87,$0,$0,$0,$0,$0,$88,$13,$0,$0,$0,$13,$0,$50,$0,$75,$88,$1,$0,$0,$0,$0,$0,$0,$0,$-15,$-12,$-0,$0,$19,$0,$0,$0,$0,$19,$0,$0,$0,$0,$0,$0,$-0,$-0,$6,$0,$0
13,2012-06-30,6.08,$0.00,0.0,$57.46,0.11,$-23.26,0.0,$1.52,4.0,$0.00B,$0.00B,0.0,$0.00B,$0.00B,0.0,$0.22B,$0.09B,42.92%,$0.22B,$0.09B,40.64%,$0.22B,$0.09B,40.64%,$0.22B,$0.09B,41.55%,$0.22B,$0.09B,40.64%,$0.22B,$0.01B,2.74%,$0.01B,$0.00B,15.48%,$0.01B,$0.00B,16.44%,$0.01B,$0.00B,7.25%,$0.09B,$0.00B,229.68%,$43,$0,$43,$0,$0,$0,$43,$0,$43,$0,$43,$1,$1,$43,$43,$4,4,$0.28,$0.28,$0,$0,$0,$0,$0,$0,$0,$0,$0,$0,$0,$0,$0,$0,$0,$0,$0,$0,$0,$0,$0,$0,$0,$0,$0,$0,$0,$0,$0,$0,$0,$0,$0,$0,$0,$0,$0,$0,$0,$0,$0,$0,$0,$0,$0,$0,$0,$0,$0
14,2012-03-31,3.0,$0.00,0.0,$68.80,0.04,$-22.70,0.0,$3.04,0.99,$0.00B,$0.00B,0.0,$0.00B,$0.00B,0.0,$0.26B,$0.06B,23.66%,$0.26B,$0.06B,20.99%,$0.26B,$0.06B,20.99%,$0.26B,$0.06B,21.76%,$0.26B,$0.05B,20.61%,$0.26B,$0.01B,4.58%,$0.01B,$0.00B,20.87%,$0.01B,$0.00B,22.64%,$0.01B,$0.00B,8.53%,$0.06B,$0.00B,95.65%,$35,$0,$35,$0,$0,$0,$35,$0,$35,$0,$35,$1,$1,$35,$35,$4,4,$0.20,$0.20,$0,$0,$0,$0,$0,$0,$0,$0,$0,$0,$0,$0,$0,$0,$0,$0,$0,$0,$0,$0,$0,$0,$0,$0,$0,$0,$0,$0,$0,$0,$0,$0,$0,$0,$0,$0,$0,$0,$0,$0,$0,$0,$0,$0,$0,$0,$0,$0,$0
15,2011-12-31,5.2,$0.00,0.0,$82.07,0.06,$-22.70,0.0,$4.12,1.26,$0.09B,$0.01B,7.57,$0.00B,$0.07B,0.0,$0.31B,$0.03B,10.83%,$0.31B,$0.03B,8.28%,$0.31B,$0.03B,8.28%,$0.31B,$0.03B,8.92%,$0.31B,$0.03B,7.96%,$0.31B,$0.02B,5.10%,$0.02B,$0.07B,21.62%,$0.02B,$0.07B,23.70%,$0.02B,$0.09B,8.38%,$0.03B,$0.07B,35.14%,$69,$61,$8,$0,$2,$64,$5,$-0,$5,$6,$-1,$-1,$-1,$6,$5,$4,3,$-0.24,$-0.28,$1,$2,$63,$85,$0,$0,$0,$0,$0,$85,$11,$0,$0,$0,$11,$0,$49,$0,$74,$85,$17,$1,$0,$1,$0,$0,$0,$0,$-75,$-58,$-1,$0,$-2,$0,$0,$0,$-0,$-3,$0,$21,$-2,$0,$-2,$0,$21,$38,$-23,$0,$0
16,2011-09-30,10.12,$0.00,0.0,$84.66,0.12,$-2.88,0.0,$6.72,1.51,$0.22B,$0.17B,1.34,$0.00B,$0.08B,0.0,$0.33B,$0.11B,33.23%,$0.33B,$0.10B,31.71%,$0.33B,$0.10B,31.71%,$0.33B,$0.11B,32.01%,$0.33B,$0.10B,31.40%,$0.33B,$0.03B,7.62%,$0.03B,$0.08B,35.34%,$0.03B,$0.07B,40.32%,$0.03B,$0.25B,12.02%,$0.10B,$0.08B,147.00%,$72,$64,$8,$0,$2,$65,$6,$-0,$6,$1,$5,$5,$5,$7,$6,$4,4,$1.32,$1.32,$32,$14,$118,$221,$0,$0,$9,$0,$9,$246,$166,$0,$0,$0,$166,$0,$45,$0,$81,$246,$18,$1,$0,$1,$0,$0,$0,$0,$-36,$-18,$-1,$0,$0,$0,$0,$0,$-0,$-1,$0,$0,$21,$0,$-2,$0,$-22,$-4,$-20,$0,$0
17,2011-06-30,16.96,$0.00,0.0,$96.92,0.17,$1.93,8.78,$8.56,1.98,$0.21B,$0.16B,1.32,$0.00B,$0.08B,0.0,$0.33B,$0.17B,52.74%,$0.33B,$0.17B,51.83%,$0.33B,$0.17B,51.83%,$0.33B,$0.17B,51.83%,$0.33B,$0.17B,51.52%,$0.33B,$0.03B,8.54%,$0.03B,$0.08B,55.45%,$0.03B,$0.07B,63.64%,$0.03B,$0.23B,19.11%,$0.17B,$0.08B,336.63%,$86,$75,$11,$0,$2,$77,$9,$-0,$8,$1,$7,$7,$7,$9,$9,$4,4,$1.80,$1.80,$51,$11,$78,$205,$0,$0,$9,$0,$9,$232,$156,$0,$1,$1,$157,$0,$40,$0,$75,$232,$12,$1,$0,$1,$0,$0,$0,$0,$-10,$3,$-0,$0,$0,$0,$0,$0,$-0,$-0,$0,$18,$0,$0,$0,$0,$-25,$-8,$-5,$0,$0
