,Date,Stock Price,Book Value per Share,Price to Book Ratio,TTM Sales per Share,Price to Sales Ratio,TTM FCF per Share,Price to FCF Ratio,TTM Net EPS,PE Ratio,Current Assets,Current Liabilities,Current Ratio,Long Term Debt,Shareholder's Equity_x,Debt to Equity Ratio,TTM Revenue_x,TTM Gross Profit,Gross Margin,TTM Revenue_y,TTM Operating Income,Operating Margin,TTM Revenue_x,TTM EBIT,EBIT Margin,TTM Revenue_y,TTM EBITDA,EBITDA Margin,TTM Revenue_x,TTM Pre-Tax Income,Pre-Tax Margin,TTM Revenue_y,TTM Net Income_x,Net Margin,TTM Net Income_y,Shareholder's Equity_y,Return on Equity,TTM Net Income_x,Tangible Equity,Return on Tangible Equity,TTM Net Income_y,Total Assets,Return on Assets,TTM Net Income,LT Investments & Debt,Return on Investment,revenue,cost-goods-sold,gross-profit,research-development-expenses,selling-general-administrative-expenses,operating-expenses,operating-income,total-non-operating-income-expense,pre-tax-income,total-provision-income-taxes,income-after-taxes,income-from-continuous-operations,net-income,ebitda,ebit,basic-shares-outstanding,shares-outstanding,eps-basic-net-earnings-per-share,eps-earnings-per-share-diluted,cash-on-hand,inventory,other-current-assets,total-current-assets,net-property-plant-equipment,long-term-investments,goodwill-intangible-assets-total,other-long-term-assets,total-long-term-assets,total-assets,total-current-liabilities,long-term-debt,other-non-current-liabilities,total-long-term-liabilities,total-liabilities,common-stock-net,retained-earnings-accumulated-deficit,comprehensive-income,total-share-holder-equity,total-liabilities-share-holders-equity,net-income-loss,total-depreciation-amortization-cash-flow,other-non-cash-items,total-non-cash-items,change-in-accounts-receivable,change-in-inventories,change-in-accounts-payable,change-in-assets-liabilities,total-change-in-assets-liabilities,cash-flow-from-operating-activities,net-change-in-property-plant-equipment,net-change-in-intangible-assets,net-acquisitions-divestitures,net-change-in-short-term-investments,net-change-in-long-term-investments,net-change-in-investments-total,investing-activities-other,cash-flow-from-investing-activities,net-long-term-debt,net-current-debt,debt-issuance-retirement-net-total,net-common-equity-issued-repurchased,net-total-equity-issued-repurchased,total-common-preferred-stock-dividends-paid,financial-activities-other,cash-flow-from-financial-activities,net-cash-flow,stock-based-compensation,common-stock-dividends-paid
0,2018-09-30,0.98,$1.23,0.8,$10.44,0.09,$-0.45,0.0,$-0.14,0.0,$0.06B,$0.04B,1.33,$0.00B,$0.03B,0.13,$0.22B,$0.04B,19.37%,$0.22B,$0.00B,1.80%,$0.22B,$0.00B,1.80%,$0.22B,$0.01B,2.25%,$0.22B,$0.00B,1.80%,$0.22B,$-0.00B,-0.90%,$-0.00B,$0.03B,-7.55%,$-0.00B,$0.02B,-9.88%,$-0.00B,$0.07B,-2.99%,$0.00B,$0.03B,12.21%,$58,$47,$12,$0,$9,$56,$2,$-0,$2,$0,$2,$2,$1,$3,$2,$21,21,$0.03,$0.03,$7,$0,$0,$57,$3,$0,$7,$2,$14,$71,$43,$3,$0,$3,$46,$0,$4,$-4,$25,$71,$1,$2,$0,$2,$-8,$0,$2,$-0,$-5,$-2,$-1,$0,$1,$0,$0,$0,$0,$-1,$5,$0,$5,$-0,$-0,$0,$-0,$4,$-2,$0,$0
1,2018-06-30,1.26,$1.28,0.98,$9.99,0.13,$-0.03,0.0,$-0.13,0.0,$0.06B,$0.03B,1.74,$0.01B,$0.03B,0.44,$0.21B,$0.04B,18.78%,$0.21B,$0.00B,1.41%,$0.21B,$0.00B,1.41%,$0.21B,$0.00B,1.41%,$0.21B,$0.00B,1.41%,$0.21B,$-0.00B,-1.41%,$-0.00B,$0.03B,-11.32%,$-0.00B,$0.02B,-14.12%,$-0.00B,$0.07B,-4.69%,$0.00B,$0.04B,9.45%,$59,$49,$10,$0,$9,$60,$-1,$-0,$-1,$-0,$-1,$-1,$-2,$-1,$-1,$21,22,$-0.09,$-0.09,$6,$0,$0,$56,$3,$0,$7,$2,$14,$70,$32,$12,$0,$12,$44,$0,$3,$-2,$26,$70,$-1,$1,$0,$1,$-9,$0,$1,$-0,$-10,$-10,$-1,$0,$1,$0,$0,$0,$0,$-0,$8,$0,$8,$0,$0,$0,$-0,$8,$-3,$0,$0
2,2018-03-31,1.4,$1.38,1.01,$9.24,0.15,$0.61,2.3,$-0.02,0.0,$0.06B,$0.03B,1.72,$0.01B,$0.03B,0.32,$0.20B,$0.04B,19.80%,$0.20B,$0.01B,2.54%,$0.20B,$0.01B,2.54%,$0.20B,$0.01B,3.05%,$0.20B,$0.01B,2.54%,$0.20B,$-0.00B,-0.51%,$-0.00B,$0.03B,-3.81%,$-0.00B,$0.02B,-4.65%,$-0.00B,$0.07B,-1.65%,$0.01B,$0.04B,17.54%,$55,$45,$10,$0,$8,$54,$1,$-0,$1,$0,$0,$0,$0,$1,$1,$21,22,$0.01,$0.01,$9,$0,$0,$55,$3,$0,$7,$1,$15,$69,$32,$9,$0,$9,$41,$0,$5,$-2,$29,$69,$0,$1,$0,$1,$-7,$0,$1,$-0,$-2,$-1,$-0,$0,$1,$0,$0,$0,$0,$0,$1,$0,$1,$0,$0,$0,$-0,$1,$0,$0,$0
3,2017-12-31,1.23,$1.24,0.99,$8.65,0.14,$0.95,1.29,$-0.04,0.0,$0.05B,$0.03B,1.45,$0.00B,$0.03B,0.0,$0.18B,$0.04B,20.33%,$0.18B,$0.00B,2.20%,$0.18B,$0.00B,2.20%,$0.18B,$0.01B,3.30%,$0.18B,$0.01B,2.75%,$0.18B,$-0.00B,-0.55%,$-0.00B,$0.03B,-4.04%,$-0.00B,$0.02B,-4.76%,$-0.00B,$0.06B,-1.78%,$0.00B,$0.03B,16.16%,$50,$39,$11,$0,$9,$48,$2,$-0,$2,$2,$-0,$-0,$-1,$2,$2,$21,21,$-0.06,$-0.06,$9,$0,$0,$47,$3,$0,$3,$2,$11,$58,$32,$0,$0,$0,$32,$0,$5,$-2,$26,$58,$1,$2,$2,$4,$-2,$0,$2,$-1,$1,$7,$-1,$0,$0,$0,$0,$0,$0,$-1,$-3,$0,$-3,$-0,$-0,$0,$-2,$-5,$2,$0,$0
4,2017-09-30,1.06,$1.23,0.86,$8.31,0.13,$0.68,1.55,$0.02,53.0,$0.05B,$0.03B,1.39,$0.00B,$0.03B,0.0,$0.18B,$0.04B,19.77%,$0.18B,$0.00B,1.69%,$0.18B,$0.00B,1.69%,$0.18B,$0.01B,2.82%,$0.18B,$0.00B,2.26%,$0.18B,0,0.00%,$0.00B,$0.03B,0.00%,$0.00B,$0.02B,0.00%,$0.00B,$0.06B,0.00%,$0.00B,$0.03B,12.24%,$49,$40,$9,$0,$7,$48,$1,$-0,$1,$0,$1,$1,$0,$1,$1,$21,21,$0.01,$0.01,$8,$0,$0,$46,$3,$0,$4,$2,$12,$59,$33,$0,$0,$0,$33,$0,$6,$-2,$25,$59,$2,$2,$0,$2,$-3,$0,$2,$-1,$3,$6,$-1,$0,$0,$0,$0,$0,$0,$-1,$-4,$0,$-4,$-0,$-0,$0,$-2,$-6,$0,$0,$0
5,2017-06-30,1.0,$1.20,0.83,$7.65,0.13,$0.48,2.09,$0.01,100.15,$0.04B,$0.03B,1.38,$0.00B,$0.03B,0.0,$0.16B,$0.03B,20.50%,$0.16B,$0.00B,1.24%,$0.16B,$0.00B,1.24%,$0.16B,$0.01B,3.11%,$0.16B,$0.00B,1.86%,$0.16B,0,0.00%,$0.00B,$0.03B,0.00%,$0.00B,$0.02B,0.00%,$0.00B,$0.06B,0.00%,$0.00B,$0.03B,8.16%,$43,$34,$9,$0,$7,$42,$1,$0,$1,$0,$1,$1,$0,$2,$1,$21,21,$0.02,$0.02,$8,$0,$0,$43,$2,$0,$4,$2,$13,$56,$31,$0,$0,$0,$31,$0,$6,$-2,$25,$56,$1,$1,$0,$1,$1,$0,$0,$-1,$2,$4,$-1,$0,$0,$0,$0,$0,$0,$-1,$-1,$0,$-1,$-0,$-0,$0,$-2,$-3,$1,$0,$0
6,2017-03-31,1.02,$1.13,0.9,$7.04,0.14,$0.31,3.25,0,0.0,$0.04B,$0.03B,1.36,$0.00B,$0.02B,0.0,$0.15B,$0.03B,20.95%,$0.15B,$0.00B,1.35%,$0.15B,$0.00B,1.35%,$0.15B,$0.00B,2.70%,$0.15B,$0.00B,2.03%,$0.15B,0,0.00%,$0.00B,$0.02B,0.00%,$0.00B,$0.02B,0.00%,$0.00B,$0.05B,0.00%,$0.00B,$0.02B,7.69%,$40,$32,$8,$0,$7,$39,$0,$0,$1,$0,$0,$0,$-0,$1,$0,$21,21,$-0.01,$-0.01,$8,$0,$0,$39,$3,$0,$4,$2,$13,$52,$29,$0,$0,$0,$29,$0,$6,$-2,$23,$52,$0,$1,$0,$1,$3,$0,$2,$0,$6,$6,$-0,$0,$0,$0,$0,$0,$0,$-0,$-3,$0,$-3,$0,$0,$0,$-2,$-5,$1,$0,$0
7,2016-12-31,1.0,$1.22,0.82,$6.40,0.16,$0.22,4.56,0,0.0,$0.04B,$0.03B,1.42,$0.00B,$0.03B,0.0,$0.14B,$0.03B,21.48%,$0.14B,$0.00B,1.48%,$0.14B,$0.00B,1.48%,$0.14B,$0.00B,2.96%,$0.14B,$0.00B,1.48%,$0.14B,0,0.00%,$0.00B,$0.03B,0.00%,$0.00B,$0.02B,0.00%,$0.00B,$0.06B,0.00%,$0.00B,$0.03B,7.34%,$45,$35,$9,$0,$8,$44,$1,$-0,$1,$0,$1,$1,$0,$1,$1,$21,21,$0.01,$0.01,$7,$0,$0,$42,$3,$0,$4,$1,$13,$55,$30,$0,$0,$0,$30,$0,$6,$-2,$25,$55,$2,$2,$0,$2,$-7,$0,$2,$0,$-3,$1,$-2,$0,$-0,$0,$0,$0,$0,$-2,$4,$0,$4,$0,$0,$0,$-0,$3,$2,$0,$0
8,2016-09-30,1.01,$1.22,0.83,$5.81,0.17,$0.38,2.64,$0.05,20.2,$0.04B,$0.03B,1.31,$0.00B,$0.03B,0.0,$0.12B,$0.03B,22.95%,$0.12B,$0.00B,2.46%,$0.12B,$0.00B,2.46%,$0.12B,$0.01B,4.92%,$0.12B,$0.00B,2.46%,$0.12B,$0.00B,0.82%,$0.00B,$0.03B,4.12%,$0.00B,$0.02B,4.94%,$0.00B,$0.06B,2.15%,$0.00B,$0.03B,10.53%,$33,$26,$7,$0,$6,$33,$0,$0,$0,$-0,$0,$0,$-0,$1,$0,$21,21,$-0.00,$-0.00,$8,$0,$0,$40,$3,$0,$4,$2,$16,$55,$30,$0,$0,$0,$30,$0,$6,$-3,$25,$55,$1,$1,$1,$2,$-5,$0,$1,$-0,$-1,$2,$-1,$0,$-0,$0,$0,$0,$0,$-1,$2,$0,$2,$0,$0,$0,$-0,$2,$2,$0,$0
9,2016-06-30,1.05,$1.18,0.89,$5.56,0.19,$0.52,2.0,$0.05,21.0,$0.03B,$0.01B,2.09,$0.01B,$0.02B,0.26,$0.12B,$0.03B,23.93%,$0.12B,$0.00B,2.56%,$0.12B,$0.00B,2.56%,$0.12B,$0.01B,5.13%,$0.12B,$0.00B,2.56%,$0.12B,$0.00B,0.85%,$0.00B,$0.02B,4.26%,$0.00B,$0.02B,5.13%,$0.00B,$0.05B,2.31%,$0.00B,$0.03B,10.34%,$30,$23,$7,$0,$6,$29,$1,$0,$1,$0,$1,$1,$0,$1,$1,$21,21,$0.01,$0.01,$5,$0,$0,$30,$2,$0,$4,$2,$15,$45,$14,$6,$0,$6,$21,$0,$6,$-4,$24,$45,$1,$1,$0,$1,$-1,$0,$0,$-2,$-1,$0,$-1,$0,$0,$0,$0,$0,$0,$-1,$1,$0,$1,$0,$0,$0,$-0,$0,$-1,$0,$0
10,2016-03-31,0.97,$1.16,0.84,$5.53,0.18,$0.67,1.46,$0.04,24.25,$0.03B,$0.02B,1.94,$0.00B,$0.02B,0.17,$0.12B,$0.03B,24.14%,$0.12B,$0.00B,2.59%,$0.12B,$0.00B,2.59%,$0.12B,$0.01B,5.17%,$0.12B,$0.00B,1.72%,$0.12B,$0.00B,0.86%,$0.00B,$0.02B,4.30%,$0.00B,$0.02B,5.26%,$0.00B,$0.04B,2.34%,$0.00B,$0.03B,10.62%,$27,$20,$6,$0,$6,$26,$0,$-0,$0,$0,$0,$0,$-0,$1,$0,$21,21,$-0.01,$-0.01,$7,$0,$0,$29,$2,$0,$4,$1,$14,$43,$15,$4,$0,$4,$19,$0,$6,$-3,$24,$43,$0,$0,$0,$1,$3,$0,$1,$-0,$4,$4,$-0,$0,$0,$0,$0,$0,$0,$-0,$-2,$0,$-2,$0,$0,$0,$-0,$-2,$1,$0,$0
11,2015-12-31,1.02,$1.19,0.86,$5.66,0.18,$0.51,2.0,$0.05,20.4,$0.03B,$0.01B,2.27,$0.01B,$0.02B,0.24,$0.12B,$0.03B,24.58%,$0.12B,$0.00B,2.54%,$0.12B,$0.00B,2.54%,$0.12B,$0.01B,5.08%,$0.12B,$0.00B,1.69%,$0.12B,$0.00B,0.85%,$0.00B,$0.02B,4.35%,$0.00B,$0.02B,5.41%,$0.00B,$0.04B,2.34%,$0.00B,$0.03B,10.62%,$32,$24,$8,$0,$6,$30,$2,$0,$2,$0,$2,$2,$1,$3,$2,$21,22,$0.05,$0.05,$6,$0,$0,$30,$2,$0,$4,$1,$13,$43,$13,$6,$0,$6,$19,$0,$6,$-3,$24,$43,$2,$2,$1,$3,$3,$0,$-1,$-0,$-0,$5,$-2,$0,$0,$0,$0,$0,$0,$-2,$-0,$0,$-0,$-0,$-0,$0,$-0,$-1,$1,$0,$0
12,2015-09-30,1.5,$1.08,1.39,$5.63,0.27,$0.39,3.83,$0.12,12.5,$0.03B,$0.01B,2.01,$0.01B,$0.02B,0.23,$0.12B,$0.03B,25.42%,$0.12B,$0.00B,2.54%,$0.12B,$0.00B,2.54%,$0.12B,$0.01B,4.24%,$0.12B,$0.00B,1.69%,$0.12B,$0.00B,2.54%,$0.00B,$0.02B,13.19%,$0.00B,$0.02B,16.67%,$0.00B,$0.04B,6.94%,$0.00B,$0.03B,10.71%,$28,$22,$7,$0,$6,$28,$0,$-0,$0,$0,$0,$0,$-0,$1,$0,$21,21,$-0.01,$-0.01,$6,$0,$0,$29,$2,$0,$4,$1,$13,$42,$14,$5,$0,$5,$19,$0,$5,$-3,$22,$42,$1,$1,$1,$2,$4,$0,$-0,$-0,$2,$5,$-1,$0,$0,$0,$0,$0,$0,$-1,$-0,$0,$-0,$-0,$-0,$0,$-0,$-1,$2,$0,$0
13,2015-06-30,1.3,$1.12,1.16,$5.70,0.23,$0.36,3.58,$0.14,9.29,$0.03B,$0.02B,2.03,$0.01B,$0.02B,0.22,$0.12B,$0.03B,24.79%,$0.12B,$0.00B,3.31%,$0.12B,$0.00B,3.31%,$0.12B,$0.01B,4.13%,$0.12B,$0.00B,2.48%,$0.12B,$0.00B,2.48%,$0.00B,$0.02B,13.48%,$0.00B,$0.02B,17.39%,$0.00B,$0.04B,7.10%,$0.00B,$0.03B,14.55%,$29,$22,$7,$0,$6,$29,$1,$-0,$0,$0,$0,$0,$0,$1,$1,$21,22,$0.00,$0.00,$6,$0,$0,$30,$2,$0,$5,$0,$13,$43,$15,$5,$0,$5,$20,$0,$5,$-2,$23,$43,$0,$1,$0,$1,$3,$0,$-0,$0,$2,$4,$-1,$0,$0,$0,$0,$0,$0,$-1,$-1,$0,$-1,$-0,$-0,$0,$-0,$-1,$1,$0,$0
14,2015-03-31,1.46,$1.11,1.32,$5.76,0.25,$0.23,6.34,$0.17,8.59,$0.03B,$0.01B,2.1,$0.01B,$0.02B,0.24,$0.12B,$0.03B,25.20%,$0.12B,$0.00B,3.25%,$0.12B,$0.00B,3.25%,$0.12B,$0.01B,4.07%,$0.12B,$0.00B,3.25%,$0.12B,$0.00B,3.25%,$0.00B,$0.02B,18.60%,$0.00B,$0.02B,23.88%,$0.00B,$0.04B,9.70%,$0.00B,$0.03B,14.95%,$29,$22,$7,$0,$6,$29,$0,$-0,$0,$0,$0,$0,$-0,$1,$0,$21,21,$-0.00,$-0.00,$4,$0,$0,$30,$2,$0,$5,$0,$12,$43,$14,$5,$0,$5,$20,$0,$5,$-2,$23,$43,$0,$0,$0,$1,$1,$0,$-0,$1,$1,$1,$-1,$0,$0,$0,$0,$0,$0,$-1,$-0,$0,$-0,$0,$0,$0,$0,$-0,$-0,$0,$0
15,2014-12-31,1.4,$1.13,1.24,$5.70,0.25,$0.29,4.81,$0.15,9.33,$0.03B,$0.02B,2.06,$0.01B,$0.02B,0.25,$0.12B,$0.03B,24.59%,$0.12B,$0.00B,3.28%,$0.12B,$0.00B,3.28%,$0.12B,$0.00B,3.28%,$0.12B,$0.00B,3.28%,$0.12B,$0.00B,3.28%,$0.00B,$0.02B,19.51%,$0.00B,$0.02B,25.00%,$0.00B,$0.05B,10.26%,$0.00B,$0.03B,15.84%,$32,$23,$9,$0,$7,$30,$2,$0,$2,$-1,$3,$3,$3,$2,$2,$21,22,$0.13,$0.12,$4,$0,$0,$32,$2,$0,$5,$0,$13,$45,$16,$6,$0,$6,$21,$0,$5,$-2,$23,$45,$4,$2,$-1,$1,$-5,$0,$-0,$-0,$-3,$2,$-1,$0,$-0,$0,$0,$0,$0,$-2,$2,$0,$2,$-0,$-0,$-0,$-0,$2,$2,$1,$-0
16,2014-09-30,1.51,$1.00,1.52,$5.69,0.27,$0.33,4.59,$0.17,8.88,$0.03B,$0.01B,2.09,$0.00B,$0.02B,0.2,$0.12B,$0.03B,24.59%,$0.12B,$0.00B,3.28%,$0.12B,$0.00B,3.28%,$0.12B,$0.00B,3.28%,$0.12B,$0.00B,3.28%,$0.12B,$0.00B,3.28%,$0.00B,$0.02B,20.51%,$0.00B,$0.02B,26.67%,$0.00B,$0.04B,11.03%,$0.00B,$0.03B,17.58%,$31,$24,$7,$0,$6,$30,$1,$0,$1,$0,$1,$1,$0,$1,$1,$21,22,$0.02,$0.02,$6,$0,$0,$28,$2,$0,$5,$0,$10,$38,$14,$4,$0,$4,$18,$0,$2,$-1,$20,$38,$1,$1,$1,$2,$-0,$0,$-1,$-0,$1,$5,$-1,$0,$-0,$0,$0,$0,$0,$-1,$0,$0,$0,$-0,$-0,$0,$0,$0,$3,$1,$0
17,2014-06-30,1.51,$0.95,1.59,$5.53,0.27,$0.34,4.39,$0.17,8.88,$0.03B,$0.01B,2.24,$0.01B,$0.02B,0.3,$0.12B,$0.03B,25.21%,$0.12B,$0.00B,2.52%,$0.12B,$0.00B,2.52%,$0.12B,$0.00B,3.36%,$0.12B,$0.00B,2.52%,$0.12B,$0.00B,3.36%,$0.00B,$0.02B,21.92%,$0.00B,$0.02B,28.57%,$0.00B,$0.04B,11.68%,$0.00B,$0.03B,14.81%,$31,$23,$8,$0,$6,$30,$1,$0,$1,$0,$1,$1,$1,$1,$1,$21,22,$0.03,$0.03,$5,$0,$0,$30,$2,$0,$4,$1,$9,$39,$13,$6,$0,$6,$19,$0,$2,$-1,$20,$39,$1,$1,$0,$1,$-3,$0,$-0,$-0,$-1,$1,$-1,$0,$0,$0,$0,$0,$0,$-1,$2,$0,$2,$0,$0,$0,$0,$2,$2,$0,$0
18,2014-03-31,1.97,$0.90,2.19,$5.36,0.37,$0.52,3.82,$0.13,15.15,$0.03B,$0.01B,2.15,$0.00B,$0.02B,0.2,$0.12B,$0.03B,25.22%,$0.12B,$0.00B,1.74%,$0.12B,$0.00B,1.74%,$0.12B,$0.00B,3.48%,$0.12B,$0.00B,1.74%,$0.12B,$0.00B,2.61%,$0.00B,$0.02B,17.65%,$0.00B,$0.02B,24.00%,$0.00B,$0.03B,9.38%,$0.00B,$0.02B,11.27%,$28,$22,$6,$0,$6,$28,$-0,$0,$-0,$0,$-0,$-0,$-0,$0,$-0,$21,21,$-0.02,$-0.02,$4,$0,$0,$26,$2,$0,$4,$1,$8,$34,$12,$4,$0,$4,$16,$0,$1,$-1,$19,$34,$-0,$0,$0,$1,$1,$0,$-0,$0,$2,$2,$-0,$0,$0,$0,$0,$0,$0,$-0,$-1,$0,$-1,$0,$0,$0,$0,$-1,$1,$0,$0
19,2013-12-31,1.98,$0.91,2.19,$5.16,0.38,$0.63,3.15,$0.15,13.2,$0.03B,$0.02B,1.64,$0.00B,$0.02B,0.01,$0.11B,$0.03B,25.89%,$0.11B,$0.00B,1.79%,$0.11B,$0.00B,1.79%,$0.11B,$0.01B,4.46%,$0.11B,$0.00B,1.79%,$0.11B,$0.00B,2.68%,$0.00B,$0.02B,18.75%,$0.00B,$0.01B,26.67%,$0.00B,$0.03B,9.68%,$0.00B,$0.02B,12.50%,$32,$23,$9,$0,$6,$30,$2,$0,$2,$-1,$3,$3,$3,$2,$2,$20,22,$0.15,$0.14,$3,$0,$0,$26,$2,$0,$4,$1,$9,$34,$16,$0,$0,$0,$16,$0,$2,$-1,$19,$34,$4,$1,$-2,$-0,$-0,$0,$0,$-1,$-1,$3,$-1,$0,$-1,$0,$0,$0,$0,$-3,$2,$0,$2,$-0,$-0,$0,$-0,$1,$1,$1,$0
20,2013-09-30,1.82,$0.75,2.43,$4.98,0.37,$0.66,2.76,$0.07,26.0,$0.02B,$0.01B,1.6,$0.00B,$0.02B,0.01,$0.11B,$0.03B,25.93%,$0.11B,$0.00B,1.85%,$0.11B,$0.00B,1.85%,$0.11B,$0.01B,4.63%,$0.11B,$0.00B,1.85%,$0.11B,$0.00B,0.93%,$0.00B,$0.02B,6.67%,$0.00B,$0.01B,9.52%,$0.00B,$0.03B,3.36%,$0.00B,$0.02B,13.33%,$28,$21,$7,$0,$6,$27,$0,$-0,$0,$-0,$1,$1,$0,$1,$0,$21,22,$0.02,$0.02,$3,$0,$0,$23,$2,$0,$4,$1,$7,$30,$14,$0,$0,$0,$15,$0,$-1,$-1,$15,$30,$1,$1,$0,$2,$2,$0,$-0,$-1,$2,$5,$-1,$0,$-1,$0,$0,$0,$0,$-2,$-0,$0,$-0,$-0,$-0,$0,$-0,$-1,$1,$0,$0
21,2013-06-30,2.73,$0.72,3.79,$4.86,0.56,$0.65,4.2,$0.08,34.13,$0.02B,$0.02B,1.54,$0.00B,$0.02B,0.01,$0.11B,$0.03B,25.71%,$0.11B,$0.00B,2.86%,$0.11B,$0.00B,2.86%,$0.11B,$0.01B,4.76%,$0.11B,$0.00B,2.86%,$0.11B,$0.00B,1.90%,$0.00B,$0.02B,13.79%,$0.00B,$0.01B,19.51%,$0.00B,$0.03B,6.96%,$0.00B,$0.02B,20.69%,$27,$21,$7,$0,$6,$27,$0,$0,$0,$0,$0,$0,$-0,$1,$0,$20,22,$-0.01,$-0.01,$3,$0,$0,$24,$2,$0,$4,$0,$7,$30,$15,$0,$0,$0,$15,$0,$-2,$-1,$15,$30,$0,$1,$0,$1,$2,$0,$1,$-0,$3,$4,$-1,$0,$-1,$0,$0,$0,$0,$-2,$-0,$0,$-0,$-0,$-0,$0,$-0,$-1,$1,$0,$0
22,2013-03-31,1.92,$0.73,2.63,$4.73,0.41,$0.61,3.15,$0.12,16.0,$0.02B,$0.02B,1.57,$0.00B,$0.02B,0.01,$0.10B,$0.03B,26.47%,$0.10B,$0.00B,3.92%,$0.10B,$0.00B,3.92%,$0.10B,$0.01B,4.90%,$0.10B,$0.00B,3.92%,$0.10B,$0.00B,2.94%,$0.00B,$0.02B,21.82%,$0.00B,$0.01B,29.27%,$0.00B,$0.03B,11.01%,$0.00B,$0.02B,29.09%,$25,$19,$6,$0,$5,$25,$0,$-0,$0,$0,$0,$0,$0,$1,$0,$20,22,$0.00,$0.00,$3,$0,$0,$23,$2,$0,$4,$0,$7,$30,$15,$0,$0,$0,$15,$0,$-2,$-1,$15,$30,$0,$0,$0,$0,$3,$0,$0,$-1,$4,$5,$-0,$0,$-1,$0,$0,$0,$0,$-2,$-1,$0,$-1,$0,$0,$0,$-0,$-2,$2,$0,$0
23,2012-12-31,1.74,$0.72,2.42,$4.55,0.38,$0.52,3.34,$0.13,13.38,$0.02B,$0.01B,1.68,$0.00B,$0.02B,0.02,$0.10B,$0.03B,27.55%,$0.10B,$0.00B,4.08%,$0.10B,$0.00B,4.08%,$0.10B,$0.01B,5.10%,$0.10B,$0.01B,5.10%,$0.10B,$0.00B,3.06%,$0.00B,$0.02B,23.53%,$0.00B,$0.01B,30.00%,$0.00B,$0.03B,12.00%,$0.00B,$0.02B,31.37%,$28,$20,$8,$0,$6,$26,$2,$0,$2,$0,$2,$2,$1,$2,$2,$20,22,$0.05,$0.07,$2,$0,$0,$24,$2,$0,$3,$0,$5,$29,$14,$0,$0,$0,$15,$0,$-2,$-0,$15,$29,$3,$1,$0,$2,$-6,$0,$2,$0,$-2,$3,$-1,$0,$-1,$0,$0,$0,$0,$-1,$-1,$0,$-1,$0,$0,$0,$-0,$-2,$0,$1,$0
24,2012-09-30,1.66,$0.64,2.61,$4.37,0.38,$0.55,3.04,$0.13,12.77,$0.02B,$0.01B,1.67,$0.00B,$0.01B,0.03,$0.09B,$0.03B,27.66%,$0.09B,$0.00B,4.26%,$0.09B,$0.00B,4.26%,$0.09B,$0.01B,5.32%,$0.09B,$0.00B,4.26%,$0.09B,$0.00B,3.19%,$0.00B,$0.01B,26.09%,$0.00B,$0.01B,31.58%,$0.00B,$0.03B,12.90%,$0.00B,$0.01B,34.04%,$25,$19,$6,$0,$5,$24,$1,$-0,$1,$0,$1,$1,$1,$1,$1,$20,22,$0.03,$0.03,$2,$0,$0,$21,$2,$0,$3,$1,$5,$26,$12,$0,$0,$0,$13,$0,$-3,$-0,$13,$26,$2,$1,$0,$1,$-2,$0,$1,$-1,$1,$4,$-1,$0,$-0,$0,$0,$0,$0,$-1,$-3,$0,$-3,$0,$0,$0,$0,$-3,$0,$0,$0
25,2012-06-30,1.15,$0.58,1.99,$4.03,0.29,$0.47,2.44,$0.11,10.45,$0.02B,$0.01B,1.72,$0.00B,$0.01B,0.03,$0.09B,$0.03B,28.74%,$0.09B,$0.00B,3.45%,$0.09B,$0.00B,3.45%,$0.09B,$0.01B,5.75%,$0.09B,$0.00B,3.45%,$0.09B,$0.00B,2.30%,$0.00B,$0.01B,19.05%,$0.00B,$0.01B,22.86%,$0.00B,$0.02B,9.30%,$0.00B,$0.01B,27.91%,$24,$18,$7,$0,$6,$24,$1,$-0,$1,$0,$1,$1,$1,$1,$1,$20,21,$0.04,$0.03,$2,$0,$0,$20,$2,$0,$2,$0,$4,$24,$12,$0,$0,$0,$12,$0,$-4,$-0,$12,$24,$1,$1,$0,$1,$-2,$0,$1,$0,$1,$3,$-0,$0,$0,$0,$0,$0,$0,$-0,$-3,$0,$-3,$0,$0,$0,$0,$-3,$0,$0,$0
26,2012-03-31,1.35,$0.55,2.47,$3.64,0.37,$0.44,3.03,$0.10,13.5,$0.02B,$0.01B,1.8,$0.00B,$0.01B,0.04,$0.08B,$0.02B,29.11%,$0.08B,$0.00B,3.80%,$0.08B,$0.00B,3.80%,$0.08B,$0.01B,6.33%,$0.08B,$0.00B,3.80%,$0.08B,$0.00B,2.53%,$0.00B,$0.01B,21.05%,$0.00B,$0.01B,25.00%,$0.00B,$0.02B,10.13%,$0.00B,$0.01B,30.77%,$21,$15,$6,$0,$5,$21,$0,$0,$1,$0,$0,$0,$0,$1,$0,$20,21,$0.02,$0.01,$2,$0,$0,$17,$2,$0,$2,$0,$4,$21,$10,$0,$0,$0,$10,$0,$-4,$-0,$11,$21,$0,$0,$0,$0,$1,$0,$2,$-0,$2,$3,$-0,$0,$0,$0,$0,$0,$0,$-0,$-3,$0,$-3,$0,$0,$0,$0,$-3,$-0,$0,$0
27,2011-12-31,1.0,$0.52,1.93,$3.43,0.29,$0.41,2.42,$0.10,10.0,$0.02B,$0.01B,1.67,$0.00B,$0.01B,0.03,$0.07B,$0.02B,29.73%,$0.07B,$0.00B,4.05%,$0.07B,$0.00B,4.05%,$0.07B,$0.01B,6.76%,$0.07B,$0.00B,2.70%,$0.07B,$0.00B,2.70%,$0.00B,$0.01B,22.86%,$0.00B,$0.01B,27.59%,$0.00B,$0.02B,10.67%,$0.00B,$0.01B,33.33%,$24,$16,$7,$0,$5,$22,$2,$-0,$1,$0,$1,$1,$1,$2,$2,$20,21,$0.06,$0.06,$2,$0,$0,$18,$2,$0,$2,$0,$4,$22,$11,$0,$0,$0,$11,$0,$-5,$-0,$10,$22,$2,$1,$1,$1,$-1,$0,$0,$1,$-0,$4,$-1,$0,$-0,$0,$0,$0,$0,$-1,$-2,$-1,$-0,$0,$0,$0,$0,$-1,$1,$0,$0
28,2011-09-30,1.2,$0.00,0.0,$3.21,0.37,$0.23,5.19,$0.10,12.0,$0.02B,$0.01B,1.58,$0.00B,$0.01B,0.0,$0.07B,$0.02B,31.88%,$0.07B,$0.00B,4.35%,$0.07B,$0.00B,4.35%,$0.07B,$0.01B,8.70%,$0.07B,$0.00B,4.35%,$0.07B,$0.00B,2.90%,$0.00B,$0.01B,25.00%,$0.00B,$0.01B,30.77%,$0.00B,$0.02B,11.11%,$0.00B,$0.01B,37.50%,$18,$13,$5,$0,$4,$17,$0,$-0,$0,$0,$0,$0,$0,$1,$0,$20,22,$0.01,$0.01,$2,$0,$1,$15,$0,$0,$2,$0,$2,$19,$10,$0,$0,$0,$10,$0,$-6,$0,$9,$19,$1,$1,$0,$1,$1,$0,$-0,$0,$0,$2,$-0,$0,$-0,$0,$0,$0,$0,$-1,$-1,$0,$-1,$0,$0,$0,$0,$-1,$1,$0,$0
29,2011-06-30,1.12,$0.00,0.0,$3.15,0.36,$0.07,15.62,$0.11,10.18,$0.01B,$0.01B,1.71,$0.00B,$0.01B,0.0,$0.07B,$0.02B,32.84%,$0.07B,$0.00B,4.48%,$0.07B,$0.00B,4.48%,$0.07B,$0.01B,7.46%,$0.07B,$0.00B,4.48%,$0.07B,$0.00B,2.99%,$0.00B,$0.01B,27.59%,$0.00B,$0.01B,33.33%,$0.00B,$0.02B,11.27%,$0.00B,$0.01B,41.38%,$16,$11,$5,$0,$4,$15,$1,$-0,$1,$0,$1,$1,$1,$1,$1,$20,22,$0.03,$0.02,$1,$0,$1,$14,$0,$0,$1,$0,$1,$17,$8,$0,$0,$0,$9,$0,$-6,$0,$8,$17,$1,$1,$0,$1,$2,$0,$-0,$0,$1,$2,$-0,$0,$0,$0,$0,$0,$0,$-0,$-2,$0,$-2,$0,$0,$0,$0,$-2,$0,$0,$0
30,2011-03-31,1.73,$0.00,0.0,$3.18,0.54,$-0.10,0.0,$0.12,14.42,$0.02B,$0.01B,1.55,$0.00B,$0.01B,0.0,$0.07B,$0.02B,32.84%,$0.07B,$0.00B,4.48%,$0.07B,$0.00B,4.48%,$0.07B,$0.01B,7.46%,$0.07B,$0.00B,4.48%,$0.07B,$0.00B,2.99%,$0.00B,$0.01B,30.77%,$0.00B,$0.01B,38.10%,$0.00B,$0.02B,11.11%,$0.00B,$0.01B,46.15%,$16,$11,$5,$0,$5,$16,$0,$-0,$0,$0,$0,$0,$0,$1,$0,$20,21,$0.01,$0.01,$1,$0,$1,$15,$0,$0,$1,$0,$1,$17,$9,$0,$0,$0,$10,$0,$-7,$0,$8,$17,$0,$0,$0,$0,$2,$0,$-0,$1,$2,$2,$-0,$0,$0,$0,$0,$0,$0,$-0,$-2,$0,$-2,$0,$0,$0,$0,$-2,$1,$0,$0
31,2010-12-31,0.83,$0.00,0.0,$3.07,0.27,$-0.21,0.0,$0.11,7.55,$0.02B,$0.01B,1.37,$0.00B,$0.01B,0.0,$0.06B,$0.02B,32.81%,$0.06B,$0.00B,4.69%,$0.06B,$0.00B,4.69%,$0.06B,$0.00B,6.25%,$0.06B,$0.00B,4.69%,$0.06B,$0.00B,3.13%,$0.00B,$0.01B,34.78%,$0.00B,$0.01B,42.11%,$0.00B,$0.02B,11.27%,$0.00B,$0.01B,52.17%,$19,$12,$7,$0,$5,$17,$2,$-0,$2,$0,$1,$1,$1,$3,$2,$19,21,$0.06,$0.06,$1,$0,$1,$16,$0,$0,$1,$0,$1,$19,$12,$0,$0,$0,$12,$0,$-7,$0,$7,$19,$2,$1,$0,$1,$0,$0,$0,$0,$-3,$0,$-1,$0,$0,$0,$0,$0,$0,$-1,$0,$0,$0,$0,$0,$0,$0,$0,$-1,$0,$0
32,2010-09-30,0.95,$0.00,0.0,$2.88,0.33,$-0.12,0.0,$0.07,13.57,$0.02B,$0.01B,1.22,$0.00B,$0.01B,0.0,$0.06B,$0.02B,32.20%,$0.06B,$0.00B,1.69%,$0.06B,$0.00B,1.69%,$0.06B,$0.00B,3.39%,$0.06B,$0.00B,1.69%,$0.06B,$0.00B,1.69%,$0.00B,$0.01B,19.05%,$0.00B,$0.01B,23.53%,$0.00B,$0.02B,5.80%,$0.00B,$0.01B,19.05%,$16,$11,$5,$0,$4,$15,$0,$0,$0,$0,$0,$0,$0,$0,$0,$19,21,$0.02,$0.02,$1,$0,$1,$15,$0,$0,$1,$0,$1,$18,$12,$0,$0,$0,$12,$0,$-8,$0,$6,$18,$0,$0,$0,$0,$0,$0,$0,$0,$0,$-0,$-1,$0,$0,$0,$0,$0,$0,$-1,$0,$1,$0,$0,$0,$0,$0,$1,$-1,$0,$0
33,2010-06-30,0.78,$0.00,0.0,$2.88,0.27,$0.02,35.78,$0.06,13.0,$0.02B,$0.01B,1.19,$0.00B,$0.01B,0.0,$0.06B,$0.02B,31.03%,$0.06B,$0.00B,1.72%,$0.06B,$0.00B,1.72%,$0.06B,$0.00B,3.45%,$0.06B,$0.00B,1.72%,$0.06B,$0.00B,1.72%,$0.00B,$0.01B,21.05%,$0.00B,$0.00B,26.67%,$0.00B,$0.02B,5.63%,$0.00B,$0.01B,21.05%,$16,$10,$5,$0,$4,$15,$1,$-0,$1,$0,$1,$1,$1,$1,$1,$19,20,$0.03,$0.03,$1,$0,$3,$15,$0,$0,$1,$0,$1,$18,$13,$0,$0,$0,$13,$0,$-8,$0,$5,$18,$0,$0,$0,$0,$0,$0,$0,$0,$0,$-1,$-1,$0,$0,$0,$0,$0,$0,$-1,$0,$1,$0,$0,$0,$0,$0,$1,$-1,$0,$0
34,2010-03-31,0.86,$0.00,0.0,$2.82,0.31,$0.17,5.13,$0.04,21.5,$0.01B,$0.01B,1.02,$0.00B,$0.01B,0.0,$0.06B,$0.02B,30.91%,$0.06B,0,0.00%,$0.06B,0,0.00%,$0.06B,$0.00B,1.82%,$0.06B,0,0.00%,$0.06B,0,0.00%,$0.00B,$0.01B,0.00%,$0.00B,$0.00B,0.00%,$0.00B,$0.02B,0.00%,$0.00B,$0.01B,0.00%,$13,$9,$4,$0,$4,$13,$0,$-0,$0,$0,$-0,$0,$0,$0,$0,$19,20,$0.00,$0.00,$1,$0,$1,$12,$0,$0,$1,$2,$3,$16,$12,$0,$0,$0,$12,$0,$-9,$0,$5,$16,$0,$0,$0,$0,$0,$0,$0,$0,$0,$0,$-0,$0,$0,$0,$0,$0,$0,$-0,$0,$-1,$0,$0,$0,$0,$0,$-1,$-1,$0,$0
35,2009-12-31,0.8,$0.00,0.0,$2.96,0.27,$0.24,3.31,$0.03,26.67,$0.01B,$0.01B,1.02,$0.00B,$0.01B,0.0,$0.06B,$0.02B,29.82%,$0.06B,0,0.00%,$0.06B,0,0.00%,$0.06B,$0.00B,1.75%,$0.06B,0,0.00%,$0.06B,0,0.00%,$0.00B,$0.01B,0.00%,$0.00B,$0.00B,0.00%,$0.00B,$0.02B,0.00%,$0.00B,$0.01B,0.00%,$14,$9,$5,$0,$5,$14,$0,$0,$0,$-0,$0,$0,$0,$1,$0,$19,20,$0.02,$0.02,$2,$0,$1,$13,$0,$0,$1,$2,$3,$17,$13,$0,$0,$0,$13,$0,$-9,$0,$5,$17,$1,$1,$0,$1,$0,$0,$0,$0,$-0,$1,$-1,$0,$0,$0,$0,$0,$0,$-1,$0,$-1,$0,$0,$0,$0,$0,$-1,$-0,$0,$0
36,2009-09-30,0.71,$0.00,0.0,$3.09,0.23,$0.27,2.66,$0.03,23.67,$0.02B,$0.02B,1.0,$0.00B,$0.00B,0.0,$0.06B,$0.02B,30.51%,$0.06B,0,0.00%,$0.06B,0,0.00%,$0.06B,$0.00B,1.69%,$0.06B,$0.00B,1.69%,$0.06B,0,0.00%,$0.00B,$0.00B,0.00%,$0.00B,$0.00B,0.00%,$0.00B,$0.02B,0.00%,$0.00B,$0.00B,0.00%,$15,$10,$4,$0,$4,$14,$0,$0,$0,$0,$0,$0,$0,$0,$0,$19,19,$0.01,$0.01,$2,$0,$2,$15,$0,$0,$1,$2,$3,$20,$15,$0,$0,$0,$15,$0,$-9,$0,$4,$20,$0,$0,$0,$0,$0,$0,$0,$0,$0,$2,$-1,$0,$-0,$0,$0,$0,$0,$-1,$0,$-1,$0,$0,$0,$0,$-0,$-1,$0,$0,$0
37,2009-06-30,0.4,$0.00,0.0,$3.23,0.12,$0.31,1.3,$0.01,40.0,$0.01B,$0.01B,0.97,$0.00B,$0.00B,0.0,$0.06B,$0.02B,31.15%,$0.06B,0,0.00%,$0.06B,0,0.00%,$0.06B,$0.00B,1.64%,$0.06B,$0.00B,1.64%,$0.06B,0,0.00%,$0.00B,$0.00B,0.00%,$0.00B,$0.00B,0.00%,$0.00B,$0.02B,0.00%,$0.00B,$0.00B,0.00%,$13,$9,$4,$0,$4,$13,$0,$0,$0,$0,$0,$0,$0,$0,$0,$19,19,$0.01,$0.01,$1,$0,$1,$13,$0,$0,$1,$2,$3,$18,$14,$0,$0,$0,$14,$0,$-9,$0,$3,$18,$0,$0,$0,$0,$0,$0,$0,$0,$0,$2,$-0,$0,$0,$0,$0,$0,$0,$-0,$0,$-2,$0,$0,$0,$0,$-0,$-2,$-0,$0,$0
38,2009-03-31,0.55,$0.00,0.0,$3.52,0.16,$0.34,1.61,0,0.0,$0.02B,$0.02B,0.95,$0.00B,$0.00B,0.0,$0.07B,$0.02B,29.85%,$0.07B,0,0.00%,$0.07B,0,0.00%,$0.07B,$0.00B,1.49%,$0.07B,$0.00B,1.49%,$0.07B,0,0.00%,$0.00B,$0.00B,0.00%,$0.00B,$0.00B,0.00%,$0.00B,$0.02B,0.00%,$0.00B,$0.00B,0.00%,$15,$11,$4,$0,$4,$15,$-0,$0,$-0,$0,$-0,$-0,$-0,$-0,$-0,$19,19,$-0.01,$-0.01,$1,$0,$1,$15,$0,$0,$1,$2,$3,$19,$15,$0,$0,$1,$16,$0,$-10,$0,$3,$19,$0,$0,$0,$0,$0,$0,$0,$0,$0,$1,$-0,$0,$0,$0,$0,$0,$0,$-0,$0,$-1,$0,$0,$0,$0,$-0,$-2,$-0,$0,$0
39,2008-12-31,0.75,$0.00,0.0,$3.64,0.21,$0.39,1.91,0,0.0,$0.02B,$0.02B,0.96,$0.00B,$0.00B,0.0,$0.07B,$0.02B,30.43%,$0.07B,0,0.00%,$0.07B,0,0.00%,$0.07B,$0.00B,1.45%,$0.07B,$0.00B,1.45%,$0.07B,0,0.00%,$0.00B,$0.00B,0.00%,$0.00B,$0.00B,0.00%,$0.00B,$0.02B,0.00%,$0.00B,$0.00B,0.00%,$16,$10,$6,$0,$5,$16,$0,$0,$1,$1,$0,$0,$0,$1,$0,$19,19,$0.02,$0.02,$2,$0,$1,$16,$0,$0,$1,$2,$3,$21,$17,$0,$0,$1,$17,$0,$-9,$0,$3,$21,$0,$1,$0,$1,$0,$0,$0,$0,$1,$2,$-1,$0,$0,$0,$0,$0,$0,$-1,$0,$-1,$0,$0,$1,$0,$-0,$-0,$0,$0,$0
40,2008-09-30,0.8,$0.00,0.0,$3.76,0.21,$0.30,2.69,$0.06,13.33,$0.02B,$0.02B,0.96,$0.00B,$0.00B,0.0,$0.07B,$0.02B,29.58%,$0.07B,$0.00B,1.41%,$0.07B,$0.00B,1.41%,$0.07B,$0.00B,2.82%,$0.07B,$0.00B,1.41%,$0.07B,$0.00B,1.41%,$0.00B,$0.00B,33.33%,$0.00B,$0.00B,50.00%,$0.00B,$0.02B,4.82%,$0.00B,$0.00B,33.33%,$17,$12,$5,$0,$4,$17,$0,$-0,$0,$0,$0,$-0,$-0,$0,$0,$19,19,$-0.01,$-0.01,$2,$0,$1,$17,$0,$0,$1,$2,$3,$21,$18,$0,$0,$1,$19,$0,$-10,$0,$3,$21,$0,$0,$0,$0,$0,$0,$0,$0,$0,$3,$-1,$0,$0,$0,$0,$0,$0,$-1,$0,$-1,$0,$0,$0,$0,$-0,$-1,$1,$0,$0
41,2008-06-30,0.82,$0.00,0.0,$3.61,0.23,$0.31,2.63,$-0.02,0.0,$0.02B,$0.02B,0.97,$0.00B,$0.00B,0.0,$0.07B,$0.02B,29.41%,$0.07B,0,0.00%,$0.07B,0,0.00%,$0.07B,$0.00B,1.47%,$0.07B,$-0.00B,-1.47%,$0.07B,$-0.00B,-1.47%,$-0.00B,$0.00B,-40.00%,$-0.00B,$0.00B,-66.67%,$-0.00B,$0.02B,-5.13%,$0.00B,$0.00B,0.00%,$19,$14,$5,$0,$5,$18,$0,$-1,$-0,$-0,$0,$0,$0,$0,$0,$19,19,$0.00,$0.00,$2,$0,$1,$17,$0,$0,$1,$2,$3,$21,$17,$0,$0,$1,$18,$0,$-10,$0,$3,$21,$0,$0,$0,$0,$0,$0,$0,$0,$0,$2,$-0,$0,$0,$0,$0,$0,$0,$-0,$0,$-1,$-0,$0,$0,$0,$0,$-1,$1,$0,$0
42,2008-03-31,1.12,$0.00,0.0,$3.28,0.34,$0.38,2.94,$-0.11,0.0,$0.02B,$0.02B,0.98,$0.00B,$0.00B,0.0,$0.06B,$0.02B,30.65%,$0.06B,$-0.00B,-3.23%,$0.06B,$-0.00B,-3.23%,$0.06B,$-0.00B,-1.61%,$0.06B,$-0.00B,-4.84%,$0.06B,$-0.00B,-4.84%,$-0.00B,$0.00B,-120.00%,$-0.00B,$0.00B,-200.00%,$-0.00B,$0.02B,-16.90%,$-0.00B,$0.00B,-80.00%,$17,$12,$5,$0,$5,$17,$0,$-0,$-0,$0,$-0,$-0,$-0,$0,$0,$19,19,$-0.01,$-0.01,$2,$0,$1,$17,$0,$0,$1,$2,$2,$21,$17,$0,$0,$1,$18,$0,$-10,$0,$3,$21,$0,$0,$0,$0,$0,$0,$0,$0,$0,$2,$-0,$0,$0,$0,$0,$0,$0,$-0,$0,$-1,$0,$0,$0,$0,$-0,$-1,$1,$0,$0
43,2007-12-31,0.69,$0.00,0.0,$3.19,0.22,$0.41,1.7,$-0.13,0.0,$0.02B,$0.02B,0.97,$0.00B,$0.00B,0.0,$0.06B,$0.02B,31.67%,$0.06B,$-0.00B,-3.33%,$0.06B,$-0.00B,-3.33%,$0.06B,$-0.00B,-1.67%,$0.06B,$-0.00B,-5.00%,$0.06B,$-0.00B,-6.67%,$-0.00B,$0.00B,-145.45%,$-0.00B,$0.00B,-228.57%,$-0.00B,$0.02B,-23.53%,$-0.00B,$0.00B,-72.73%,$18,$12,$6,$0,$5,$17,$1,$-0,$1,$-0,$1,$1,$1,$2,$1,$19,19,$0.08,$0.08,$1,$0,$1,$16,$0,$0,$1,$2,$2,$20,$16,$0,$0,$1,$17,$0,$-10,$0,$3,$20,$-3,$1,$0,$1,$0,$0,$0,$0,$1,$0,$-1,$0,$0,$0,$0,$0,$0,$-1,$0,$1,$0,$0,$0,$0,$-0,$1,$0,$0,$0
44,2007-09-30,1.0,$0.00,0.0,$3.07,0.33,$0.29,3.44,$-0.22,0.0,$0.01B,$0.01B,0.87,$0.00B,$0.00B,0.0,$0.06B,$0.02B,32.76%,$0.06B,$-0.00B,-5.17%,$0.06B,$-0.00B,-5.17%,$0.06B,$-0.00B,-3.45%,$0.06B,$-0.00B,-6.90%,$0.06B,$-0.01B,-8.62%,$-0.01B,$0.00B,-153.85%,$-0.01B,$0.00B,-222.22%,$-0.01B,$0.02B,-30.30%,$-0.00B,$0.00B,-92.31%,$14,$10,$4,$0,$5,$16,$-1,$-0,$-2,$0,$-2,$-2,$-2,$-1,$-1,$19,19,$-0.09,$-0.09,$2,$0,$1,$12,$0,$0,$1,$2,$2,$16,$14,$0,$0,$1,$15,$0,$-11,$0,$1,$16,$0,$0,$0,$0,$0,$0,$0,$0,$0,$3,$-1,$0,$0,$0,$0,$0,$0,$-1,$0,$-2,$0,$0,$0,$0,$-0,$-2,$0,$0,$0
45,2007-06-30,1.23,$0.00,0.0,$2.98,0.41,$0.15,8.29,$-0.20,0.0,$0.01B,$0.01B,0.96,$0.00B,$0.00B,0.0,$0.06B,$0.02B,33.33%,$0.06B,$-0.00B,-5.26%,$0.06B,$-0.00B,-5.26%,$0.06B,$-0.00B,-3.51%,$0.06B,$-0.00B,-5.26%,$0.06B,$-0.00B,-7.02%,$-0.00B,$0.00B,-94.12%,$-0.00B,$0.00B,-123.08%,$-0.00B,$0.01B,-24.24%,$-0.00B,$0.00B,-70.59%,$13,$9,$4,$0,$5,$14,$-2,$-0,$-2,$0,$-2,$-2,$-2,$-2,$-2,$19,19,$-0.09,$-0.09,$2,$0,$1,$11,$0,$0,$1,$2,$2,$14,$11,$0,$0,$1,$12,$0,$-9,$0,$3,$14,$0,$0,$0,$0,$0,$0,$0,$0,$0,$4,$-0,$0,$0,$0,$0,$0,$0,$-0,$0,$-3,$0,$0,$0,$0,$-0,$-3,$0,$0,$0
46,2007-03-31,1.06,$0.00,0.0,$2.99,0.35,$-0.04,0.0,$-0.10,0.0,$0.01B,$0.01B,1.09,$0.00B,$0.00B,0.0,$0.06B,$0.02B,33.33%,$0.06B,$-0.00B,-1.75%,$0.06B,$-0.00B,-1.75%,$0.06B,0,0.00%,$0.06B,$-0.00B,-1.75%,$0.06B,$-0.00B,-3.51%,$-0.00B,$0.00B,-40.00%,$-0.00B,$0.00B,-50.00%,$-0.00B,$0.02B,-11.94%,$-0.00B,$0.00B,-20.00%,$15,$10,$5,$0,$5,$16,$-0,$-0,$-0,$0,$-0,$-1,$-1,$-0,$-0,$19,19,$-0.03,$-0.03,$2,$0,$1,$14,$0,$0,$1,$1,$2,$18,$13,$0,$0,$1,$14,$0,$-8,$0,$4,$18,$0,$0,$0,$0,$0,$0,$0,$0,$0,$3,$-0,$0,$0,$0,$0,$0,$0,$-0,$0,$-2,$0,$0,$0,$0,$0,$-2,$1,$0,$0
47,2006-12-31,1.22,$0.00,0.0,$3.01,0.41,$-0.20,0.0,$-0.03,0.0,$0.02B,$0.01B,1.13,$0.00B,$0.01B,0.0,$0.06B,$0.02B,34.48%,$0.06B,0,0.00%,$0.06B,0,0.00%,$0.06B,$0.00B,1.72%,$0.06B,0,0.00%,$0.06B,0,0.00%,$0.00B,$0.01B,0.00%,$0.00B,$0.00B,0.00%,$0.00B,$0.02B,0.00%,$0.00B,$0.01B,0.00%,$16,$10,$6,$0,$6,$16,$-0,$-0,$-0,$-0,$-0,$-0,$-0,$1,$-0,$19,19,$-0.01,$-0.01,$1,$0,$1,$15,$0,$0,$1,$2,$2,$18,$13,$0,$0,$1,$14,$0,$-7,$0,$5,$18,$-1,$1,$0,$1,$0,$0,$0,$0,$-3,$-2,$-1,$0,$0,$0,$0,$0,$0,$-1,$0,$2,$0,$0,$0,$0,$-0,$2,$-1,$0,$0
