,Date,Stock Price,Book Value per Share,Price to Book Ratio,TTM Sales per Share,Price to Sales Ratio,TTM FCF per Share,Price to FCF Ratio,TTM Net EPS,PE Ratio,Current Assets,Current Liabilities,Current Ratio,Long Term Debt,Shareholder's Equity_x,Debt to Equity Ratio,TTM Revenue_x,TTM Gross Profit,Gross Margin,TTM Revenue_y,TTM Operating Income,Operating Margin,TTM Revenue_x,TTM EBIT,EBIT Margin,TTM Revenue_y,TTM EBITDA,EBITDA Margin,TTM Revenue_x,TTM Pre-Tax Income,Pre-Tax Margin,TTM Revenue_y,TTM Net Income_x,Net Margin,TTM Net Income_y,Shareholder's Equity_y,Return on Equity,TTM Net Income_x,Tangible Equity,Return on Tangible Equity,TTM Net Income_y,Total Assets,Return on Assets,TTM Net Income,LT Investments & Debt,Return on Investment,revenue,cost-goods-sold,gross-profit,research-development-expenses,selling-general-administrative-expenses,operating-expenses,operating-income,total-non-operating-income-expense,pre-tax-income,total-provision-income-taxes,income-after-taxes,income-from-continuous-operations,net-income,ebitda,ebit,basic-shares-outstanding,shares-outstanding,eps-basic-net-earnings-per-share,eps-earnings-per-share-diluted,cash-on-hand,inventory,other-current-assets,total-current-assets,net-property-plant-equipment,long-term-investments,goodwill-intangible-assets-total,other-long-term-assets,total-long-term-assets,total-assets,total-current-liabilities,long-term-debt,other-non-current-liabilities,total-long-term-liabilities,total-liabilities,common-stock-net,retained-earnings-accumulated-deficit,comprehensive-income,total-share-holder-equity,total-liabilities-share-holders-equity,net-income-loss,total-depreciation-amortization-cash-flow,other-non-cash-items,total-non-cash-items,change-in-accounts-receivable,change-in-inventories,change-in-accounts-payable,change-in-assets-liabilities,total-change-in-assets-liabilities,cash-flow-from-operating-activities,net-change-in-property-plant-equipment,net-change-in-intangible-assets,net-acquisitions-divestitures,net-change-in-short-term-investments,net-change-in-long-term-investments,net-change-in-investments-total,investing-activities-other,cash-flow-from-investing-activities,net-long-term-debt,net-current-debt,debt-issuance-retirement-net-total,net-common-equity-issued-repurchased,net-total-equity-issued-repurchased,total-common-preferred-stock-dividends-paid,financial-activities-other,cash-flow-from-financial-activities,net-cash-flow,stock-based-compensation,common-stock-dividends-paid
0,2018-09-30,16.5,$32.31,0.51,$36.73,0.45,$4.93,3.34,$-2.54,0.0,$0.46B,$0.30B,1.57,$2.12B,$1.23B,1.72,$1.77B,$0.43B,24.18%,$1.77B,$0.21B,11.89%,$1.77B,$0.22B,12.40%,$1.77B,$0.29B,16.53%,$1.77B,$0.10B,5.44%,$1.77B,$-0.12B,-6.85%,$-0.12B,$1.58B,-7.46%,$-0.12B,$-1.85B,6.69%,$-0.12B,$4.56B,-2.64%,$0.21B,$3.70B,5.61%,$444,$334,$110,$0,$19,$399,$45,$-37,$8,$6,$2,$2,$-29,$64,$47,$48,48,$-0.61,$-0.61,$79,$44,$0,$463,$420,$81,$3428,$40,$4095,$4559,$296,$2119,$247,$2683,$2979,$0,$-99,$-1,$1580,$4559,$11,$49,$56,$106,$-24,$0,$0,$6,$-18,$99,$-27,$0,$-37,$0,$0,$0,$-3,$-67,$-32,$0,$-32,$-2,$-2,$-88,$-6,$-128,$-96,$6,$-80
1,2018-06-30,14.9,$32.66,0.46,$33.82,0.44,$4.38,3.4,$-2.59,0.0,$0.47B,$0.30B,1.59,$2.12B,$1.25B,1.69,$1.63B,$0.38B,23.16%,$1.63B,$0.16B,10.01%,$1.63B,$0.17B,10.57%,$1.63B,$0.24B,14.68%,$1.63B,$0.07B,4.24%,$1.63B,$-0.12B,-7.62%,$-0.12B,$1.60B,-7.50%,$-0.12B,$-1.84B,7.08%,$-0.12B,$4.58B,-2.70%,$0.16B,$3.72B,4.31%,$445,$340,$105,$0,$26,$401,$44,$-36,$8,$3,$4,$4,$-27,$63,$46,$48,48,$-0.57,$-0.57,$96,$46,$0,$473,$412,$78,$3438,$51,$4111,$4584,$297,$2123,$246,$2690,$2987,$0,$-78,$0,$1597,$4584,$9,$32,$25,$58,$-1,$0,$0,$4,$3,$70,$-16,$0,$-38,$0,$0,$0,$-1,$-55,$-24,$0,$-24,$-2,$-2,$-64,$-4,$-94,$-79,$5,$-56
2,2018-03-31,17.15,$33.53,0.51,$30.55,0.56,$4.12,4.17,$-2.11,0.0,$0.49B,$0.29B,1.72,$2.12B,$1.31B,1.63,$1.47B,$0.34B,23.39%,$1.47B,$0.16B,10.67%,$1.47B,$0.17B,11.22%,$1.47B,$0.22B,15.23%,$1.47B,$0.07B,4.96%,$1.47B,$-0.10B,-6.87%,$-0.10B,$1.64B,-7.58%,$-0.10B,$-1.81B,6.25%,$-0.10B,$4.60B,-2.45%,$0.16B,$3.76B,4.64%,$417,$327,$90,$0,$24,$376,$41,$-34,$7,$2,$5,$5,$-25,$59,$43,$48,48,$-0.53,$-0.53,$113,$48,$0,$491,$400,$75,$3445,$53,$4104,$4595,$286,$2122,$234,$2670,$2955,$0,$-59,$0,$1640,$4595,$5,$16,$10,$25,$8,$0,$0,$-9,$-0,$30,$-10,$0,$-26,$0,$0,$0,$-1,$-36,$-16,$0,$-16,$-2,$-2,$-35,$-3,$-56,$-62,$2,$-31
3,2017-12-31,12.1,$34.25,0.35,$27.82,0.43,$4.29,2.82,$-1.64,0.0,$0.56B,$0.30B,1.86,$2.13B,$1.34B,1.59,$1.34B,$0.33B,24.48%,$1.34B,$0.16B,11.79%,$1.34B,$0.17B,12.31%,$1.34B,$0.22B,16.49%,$1.34B,$0.08B,6.19%,$1.34B,$-0.08B,-5.90%,$-0.08B,$1.67B,-7.88%,$-0.08B,$-1.74B,5.32%,$-0.08B,$4.62B,-2.23%,$0.16B,$3.80B,5.51%,$460,$339,$122,$0,$21,$380,$80,$-8,$73,$72,$1,$1,$-40,$106,$83,$48,48,$-0.83,$-0.83,$175,$45,$0,$563,$399,$74,$3406,$49,$4060,$4623,$303,$2131,$222,$2652,$2955,$0,$-41,$0,$1667,$4623,$29,$56,$57,$113,$-23,$0,$0,$2,$-21,$121,$-30,$0,$-754,$0,$0,$0,$0,$-783,$624,$0,$624,$-2,$308,$-85,$-79,$768,$105,$6,$-84
4,2017-09-30,10.35,$34.98,0.3,$24.64,0.42,$4.19,2.47,$-0.46,0.0,$0.57B,$0.28B,2.09,$2.15B,$1.38B,1.56,$1.19B,$0.30B,25.13%,$1.19B,$0.15B,12.31%,$1.19B,$0.15B,12.82%,$1.19B,$0.20B,16.69%,$1.19B,$0.05B,4.47%,$1.19B,$-0.02B,-1.85%,$-0.02B,$1.71B,-3.30%,$-0.02B,$-1.62B,1.61%,$-0.02B,$4.60B,-0.74%,$0.15B,$3.85B,6.20%,$306,$247,$60,$0,$20,$308,$-2,$-18,$-19,$-21,$2,$2,$-32,$11,$0,$48,48,$-0.66,$-0.66,$200,$45,$5,$574,$389,$64,$3327,$39,$4028,$4602,$275,$2145,$205,$2621,$2896,$0,$-9,$0,$1706,$4602,$28,$33,$15,$49,$6,$0,$0,$-16,$-10,$66,$-21,$0,$-727,$0,$0,$0,$0,$-748,$638,$0,$638,$0,$310,$-57,$-80,$811,$130,$5,$-57
5,2017-06-30,22.75,$6.46,3.52,$24.19,0.94,$4.58,4.96,$0.15,151.67,$0.35B,$0.19B,1.89,$1.80B,$0.32B,5.69,$1.16B,$0.32B,27.43%,$1.16B,$0.19B,16.42%,$1.16B,$0.20B,16.85%,$1.16B,$0.24B,20.89%,$1.16B,$0.09B,7.31%,$1.16B,$0.01B,0.69%,$0.01B,$0.32B,2.50%,$0.01B,$-1.30B,-0.62%,$0.01B,$2.67B,0.34%,$0.19B,$2.11B,10.55%,$288,$216,$72,$0,$19,$251,$38,$-26,$12,$1,$12,$12,$-4,$48,$39,$48,48,$-0.09,$-0.09,$57,$30,$8,$352,$206,$34,$1613,$386,$2319,$2671,$186,$1795,$198,$2170,$2356,$0,$-319,$0,$316,$2671,$26,$23,$21,$44,$-6,$0,$0,$-8,$-13,$56,$-15,$0,$-14,$0,$0,$0,$0,$-29,$6,$0,$6,$0,$0,$-37,$-10,$-40,$-13,$2,$-37
6,2017-03-31,19.5,$6.55,2.98,$24.22,0.81,$4.84,4.03,$0.28,69.64,$0.35B,$0.20B,1.78,$1.40B,$0.32B,4.37,$1.17B,$0.33B,28.15%,$1.17B,$0.20B,17.51%,$1.17B,$0.21B,17.94%,$1.17B,$0.26B,22.23%,$1.17B,$0.10B,8.41%,$1.17B,$0.01B,1.20%,$0.01B,$0.32B,4.39%,$0.01B,$-1.28B,-1.10%,$0.01B,$2.29B,0.62%,$0.20B,$1.72B,12.05%,$286,$212,$74,$0,$16,$244,$42,$-25,$17,$2,$14,$14,$-3,$56,$43,$48,48,$-0.06,$-0.06,$56,$29,$11,$350,$205,$35,$1602,$16,$1940,$2290,$196,$1396,$198,$1774,$1970,$0,$-314,$0,$320,$2290,$14,$13,$9,$22,$-3,$0,$0,$2,$-2,$35,$-6,$0,$-0,$0,$0,$0,$0,$-7,$-22,$0,$-22,$0,$0,$-19,$-1,$-42,$-14,$1,$-19
7,2016-12-31,15.85,$6.70,2.37,$23.82,0.67,$4.53,3.5,$0.19,83.42,$0.36B,$0.19B,1.94,$1.41B,$0.33B,4.36,$1.15B,$0.32B,28.27%,$1.15B,$0.20B,17.10%,$1.15B,$0.20B,17.54%,$1.15B,$0.25B,21.73%,$1.15B,$0.09B,8.12%,$1.15B,$0.01B,0.87%,$0.01B,$0.33B,3.21%,$0.01B,$-1.28B,-0.81%,$0.01B,$2.31B,0.45%,$0.20B,$1.74B,11.75%,$306,$214,$92,$0,$18,$238,$68,$-26,$43,$5,$38,$38,$17,$83,$70,$48,48,$0.36,$0.36,$70,$29,$0,$362,$204,$35,$1603,$17,$1943,$2305,$187,$1414,$76,$1794,$1980,$0,$-311,$0,$325,$2305,$85,$46,$37,$84,$-61,$0,$0,$17,$-43,$125,$-39,$0,$-146,$0,$0,$0,$0,$-185,$177,$0,$177,$0,$0,$-66,$-40,$71,$12,$2,$-66
8,2016-09-30,20.24,$6.54,3.09,$24.50,0.83,$4.10,4.94,$0.19,106.53,$0.33B,$0.18B,1.84,$1.36B,$0.32B,4.28,$1.10B,$0.31B,28.29%,$1.10B,$0.15B,13.51%,$1.10B,$0.15B,13.87%,$1.10B,$0.20B,17.95%,$1.10B,$-0.07B,-6.44%,$1.10B,$0.01B,0.91%,$0.01B,$0.32B,3.28%,$0.01B,$-1.26B,-0.82%,$0.01B,$2.25B,0.46%,$0.15B,$1.68B,9.22%,$283,$201,$81,$0,$15,$240,$43,$-30,$13,$-2,$14,$14,$-2,$56,$44,$48,48,$-0.05,$-0.05,$55,$27,$9,$329,$200,$34,$1580,$16,$1920,$2249,$179,$1358,$212,$1753,$1931,$0,$-328,$0,$317,$2249,$47,$34,$36,$70,$-38,$0,$0,$14,$-24,$93,$-28,$0,$-126,$0,$0,$0,$0,$-154,$127,$0,$127,$0,$0,$-49,$-19,$59,$-3,$1,$-49
