,Date,Stock Price,Book Value per Share,Price to Book Ratio,TTM Sales per Share,Price to Sales Ratio,TTM FCF per Share,Price to FCF Ratio,TTM Net EPS,PE Ratio,Current Assets,Current Liabilities,Current Ratio,Long Term Debt,Shareholder's Equity_x,Debt to Equity Ratio,TTM Revenue_x,TTM Gross Profit,Gross Margin,TTM Revenue_y,TTM Operating Income,Operating Margin,TTM Revenue_x,TTM EBIT,EBIT Margin,TTM Revenue_y,TTM EBITDA,EBITDA Margin,TTM Revenue_x,TTM Pre-Tax Income,Pre-Tax Margin,TTM Revenue_y,TTM Net Income_x,Net Margin,TTM Net Income_y,Shareholder's Equity_y,Return on Equity,TTM Net Income_x,Tangible Equity,Return on Tangible Equity,TTM Net Income_y,Total Assets,Return on Assets,TTM Net Income,LT Investments & Debt,Return on Investment,revenue,cost-goods-sold,gross-profit,research-development-expenses,selling-general-administrative-expenses,operating-expenses,operating-income,total-non-operating-income-expense,pre-tax-income,total-provision-income-taxes,income-after-taxes,income-from-continuous-operations,net-income,ebitda,ebit,basic-shares-outstanding,shares-outstanding,eps-basic-net-earnings-per-share,eps-earnings-per-share-diluted,cash-on-hand,inventory,other-current-assets,total-current-assets,net-property-plant-equipment,long-term-investments,goodwill-intangible-assets-total,other-long-term-assets,total-long-term-assets,total-assets,total-current-liabilities,long-term-debt,other-non-current-liabilities,total-long-term-liabilities,total-liabilities,common-stock-net,retained-earnings-accumulated-deficit,comprehensive-income,total-share-holder-equity,total-liabilities-share-holders-equity,net-income-loss,total-depreciation-amortization-cash-flow,other-non-cash-items,total-non-cash-items,change-in-accounts-receivable,change-in-inventories,change-in-accounts-payable,change-in-assets-liabilities,total-change-in-assets-liabilities,cash-flow-from-operating-activities,net-change-in-property-plant-equipment,net-change-in-intangible-assets,net-acquisitions-divestitures,net-change-in-short-term-investments,net-change-in-long-term-investments,net-change-in-investments-total,investing-activities-other,cash-flow-from-investing-activities,net-long-term-debt,net-current-debt,debt-issuance-retirement-net-total,net-common-equity-issued-repurchased,net-total-equity-issued-repurchased,total-common-preferred-stock-dividends-paid,financial-activities-other,cash-flow-from-financial-activities,net-cash-flow,stock-based-compensation,common-stock-dividends-paid
0,2018-06-30,9.68,$6.38,1.52,$29.43,0.33,$-1.82,0.0,$0.96,10.08,$0.28B,$0.26B,1.1,$0.10B,$0.34B,0.28,$1.63B,$0.46B,28.28%,$1.63B,$0.08B,4.91%,$1.63B,$0.08B,4.91%,$1.63B,$0.11B,6.87%,$1.63B,$0.07B,4.42%,$1.63B,$0.06B,3.37%,$0.06B,$0.34B,16.38%,$0.06B,$0.01B,628.57%,$0.06B,$0.75B,7.14%,$0.08B,$0.44B,19.64%,$327,$248,$79,$0,$89,$336,$-9,$-3,$-11,$-3,$-8,$-8,$-8,$-0,$-9,$54,54,$-0.15,$-0.15,$9,$48,$12,$281,$86,$45,$329,$0,$471,$752,$256,$95,$24,$155,$411,$361,$0,$-19,$341,$752,$77,$24,$28,$52,$-87,$12,$5,$-30,$-99,$30,$-8,$0,$-21,$0,$-35,$-35,$0,$-64,$34,$0,$34,$-23,$-23,$-19,$-1,$-9,$-43,$0,$-19
1,2018-03-31,9.13,$6.71,1.36,$27.40,0.33,$-1.97,0.0,$0.87,10.49,$0.39B,$0.37B,1.07,$0.06B,$0.37B,0.17,$1.53B,$0.45B,29.10%,$1.53B,$0.07B,4.51%,$1.53B,$0.07B,4.51%,$1.53B,$0.10B,6.54%,$1.53B,$0.06B,3.99%,$1.53B,$0.05B,3.27%,$0.05B,$0.37B,15.03%,$0.05B,$0.04B,476.19%,$0.05B,$0.85B,6.64%,$0.07B,$0.43B,17.36%,$684,$468,$216,$0,$113,$599,$85,$-3,$83,$28,$55,$55,$45,$93,$85,$56,56,$0.81,$0.81,$35,$60,$7,$394,$80,$45,$322,$0,$458,$852,$369,$61,$23,$117,$486,$386,$0,$-19,$366,$852,$85,$16,$31,$47,$-171,$-0,$8,$-30,$-192,$-60,$-6,$0,$-0,$0,$-35,$-35,$0,$-41,$110,$0,$110,$-12,$-12,$-13,$-1,$84,$-17,$0,$-13
2,2017-12-31,10.39,$5.91,1.76,$24.63,0.42,$-1.55,0.0,$0.60,17.32,$0.34B,$0.38B,0.89,$0.06B,$0.33B,0.19,$1.38B,$0.41B,30.07%,$1.38B,$0.05B,3.85%,$1.38B,$0.05B,3.85%,$1.38B,$0.08B,6.03%,$1.38B,$0.05B,3.27%,$1.38B,$0.04B,2.76%,$0.04B,$0.33B,11.58%,$0.04B,$0.00B,389.74%,$0.04B,$0.80B,5.28%,$0.05B,$0.39B,13.40%,$437,$312,$124,$0,$98,$406,$31,$-2,$29,$-2,$30,$30,$30,$39,$31,$56,56,$0.45,$0.45,$21,$72,$19,$339,$80,$46,$327,$0,$464,$803,$383,$63,$23,$90,$473,$350,$0,$-18,$330,$803,$30,$8,$-14,$-6,$-96,$-12,$27,$-7,$-88,$-63,$-4,$0,$-0,$0,$-34,$-34,$0,$-38,$77,$0,$77,$0,$0,$-6,$-1,$70,$-31,$0,$-6
3,2017-09-30,10.86,$5.48,1.98,$23.68,0.46,$-1.61,0.0,$0.48,22.62,$0.24B,$0.27B,0.89,$0.07B,$0.31B,0.22,$1.32B,$0.41B,30.82%,$1.32B,$0.06B,4.15%,$1.32B,$0.06B,4.15%,$1.32B,$0.08B,6.34%,$1.32B,$0.05B,3.55%,$1.32B,$0.03B,1.96%,$0.03B,$0.31B,8.02%,$0.03B,$-0.03B,266.67%,$0.03B,$0.67B,3.74%,$0.06B,$0.37B,13.97%,$182,$139,$42,$0,$72,$209,$-27,$-2,$-29,$-11,$-18,$-18,$-12,$-20,$-27,$56,56,$-0.17,$-0.17,$52,$60,$6,$241,$80,$12,$331,$0,$433,$674,$272,$66,$24,$96,$368,$326,$0,$-19,$306,$674,$27,$29,$10,$39,$-20,$-11,$2,$-16,$-45,$21,$-11,$0,$-43,$0,$-12,$-12,$0,$-66,$-16,$0,$-16,$0,$0,$-24,$-1,$-41,$-86,$0,$-24
4,2017-06-30,10.26,$5.89,1.74,$23.28,0.44,$-0.16,0.0,$0.46,22.31,$0.28B,$0.26B,1.06,$0.07B,$0.33B,0.21,$1.30B,$0.41B,31.29%,$1.30B,$0.05B,3.99%,$1.30B,$0.05B,3.99%,$1.30B,$0.08B,6.21%,$1.30B,$0.04B,3.37%,$1.30B,$0.03B,1.92%,$0.03B,$0.33B,7.74%,$0.03B,$0.02B,181.82%,$0.03B,$0.68B,3.57%,$0.05B,$0.40B,13.16%,$226,$162,$63,$0,$74,$246,$-20,$-2,$-22,$-8,$-13,$-13,$-13,$-12,$-20,$56,56,$-0.24,$-0.24,$95,$42,$0,$278,$74,$12,$310,$0,$406,$684,$262,$68,$25,$93,$355,$350,$0,$-20,$329,$684,$45,$22,$14,$35,$-41,$4,$-3,$-17,$-57,$23,$-9,$0,$-15,$0,$-12,$-12,$0,$-35,$-14,$0,$-14,$0,$0,$-18,$-1,$-32,$-44,$0,$-18
5,2017-03-31,8.61,$6.23,1.38,$23.05,0.37,$1.39,6.19,$0.64,13.45,$0.31B,$0.27B,1.16,$0.07B,$0.35B,0.2,$1.30B,$0.41B,31.33%,$1.30B,$0.07B,5.32%,$1.30B,$0.07B,5.32%,$1.30B,$0.10B,7.48%,$1.30B,$0.06B,4.71%,$1.30B,$0.04B,2.70%,$0.04B,$0.35B,10.77%,$0.04B,$0.04B,233.33%,$0.04B,$0.72B,4.87%,$0.07B,$0.42B,17.25%,$532,$347,$185,$0,$98,$463,$69,$-2,$67,$27,$40,$40,$33,$76,$69,$56,56,$0.59,$0.59,$53,$46,$0,$314,$75,$12,$308,$0,$404,$718,$271,$71,$26,$98,$370,$369,$0,$-20,$348,$718,$58,$14,$13,$26,$-112,$1,$7,$-16,$-120,$-36,$-8,$0,$-8,$0,$-11,$-11,$0,$-27,$-11,$0,$-11,$0,$0,$-12,$-0,$-23,$-86,$0,$-12
6,2016-12-31,9.98,$5.62,1.77,$21.60,0.46,$3.37,2.96,$0.89,11.21,$0.30B,$0.29B,1.02,$0.07B,$0.31B,0.23,$1.23B,$0.40B,32.95%,$1.23B,$0.10B,7.83%,$1.23B,$0.10B,7.83%,$1.23B,$0.12B,10.11%,$1.23B,$0.09B,7.18%,$1.23B,$0.05B,3.83%,$0.05B,$0.31B,14.48%,$0.05B,$0.00B,383.67%,$0.05B,$0.71B,6.37%,$0.10B,$0.39B,23.78%,$384,$266,$118,$0,$87,$351,$33,$-2,$31,$13,$18,$18,$18,$40,$33,$56,56,$0.28,$0.28,$37,$62,$11,$296,$74,$11,$310,$0,$408,$705,$291,$73,$27,$100,$391,$335,$0,$-20,$314,$705,$18,$7,$-5,$2,$-77,$-16,$22,$-15,$-86,$-66,$-4,$0,$-6,$0,$-11,$-11,$0,$-22,$-9,$0,$-9,$0,$0,$-6,$0,$-15,$-102,$0,$-6
7,2016-09-30,8.85,$5.39,1.64,$20.30,0.44,$4.63,1.91,$0.77,11.5,$0.30B,$0.29B,1.02,$0.08B,$0.30B,0.25,$1.16B,$0.39B,33.76%,$1.16B,$0.09B,7.49%,$1.16B,$0.09B,7.49%,$1.16B,$0.12B,9.91%,$1.16B,$0.08B,6.72%,$1.16B,$0.04B,3.45%,$0.04B,$0.30B,12.49%,$0.04B,$-0.01B,727.27%,$0.04B,$0.69B,5.35%,$0.09B,$0.38B,21.55%,$162,$120,$42,$0,$64,$192,$-30,$-2,$-32,$-13,$-19,$-19,$-13,$-23,$-30,$57,57,$-0.22,$-0.22,$139,$46,$4,$295,$70,$0,$310,$0,$397,$692,$290,$75,$25,$101,$391,$323,$0,$-21,$301,$692,$45,$28,$-9,$19,$11,$10,$-1,$18,$38,$102,$-10,$0,$-10,$0,$0,$0,$0,$-20,$-8,$0,$-8,$-12,$-12,$-23,$-1,$-44,$39,$0,$-23
8,2016-06-30,8.05,$5.90,1.37,$20.37,0.4,$5.24,1.54,$0.32,25.17,$0.37B,$0.28B,1.29,$0.08B,$0.34B,0.24,$1.17B,$0.39B,33.70%,$1.17B,$0.06B,4.80%,$1.17B,$0.06B,4.80%,$1.17B,$0.08B,7.20%,$1.17B,$0.04B,3.26%,$1.17B,$0.02B,1.72%,$0.02B,$0.34B,6.30%,$0.02B,$0.02B,2666.67%,$0.02B,$0.76B,2.68%,$0.06B,$0.42B,13.84%,$218,$157,$61,$0,$70,$221,$-3,$-2,$-5,$-2,$-3,$-3,$-3,$4,$-3,$57,57,$-0.06,$-0.06,$171,$42,$4,$367,$68,$0,$314,$0,$395,$762,$284,$80,$25,$141,$425,$359,$0,$-21,$337,$762,$64,$21,$-7,$14,$1,$13,$-2,$20,$32,$110,$-7,$0,$-9,$0,$0,$0,$0,$-16,$-5,$0,$-5,$-1,$-1,$-17,$-1,$-24,$71,$0,$-17
9,2016-03-31,7.53,$6.05,1.24,$20.85,0.36,$5.02,1.5,$0.23,32.73,$0.40B,$0.31B,1.3,$0.09B,$0.35B,0.25,$1.19B,$0.39B,32.83%,$1.19B,$0.05B,4.10%,$1.19B,$0.05B,4.10%,$1.19B,$0.08B,6.45%,$1.19B,$0.03B,2.43%,$1.19B,$0.02B,1.26%,$0.02B,$0.35B,4.71%,$0.02B,$0.03B,333.33%,$0.02B,$0.79B,2.02%,$0.05B,$0.43B,11.94%,$462,$279,$183,$0,$96,$366,$96,$-2,$94,$39,$55,$55,$45,$103,$96,$57,57,$0.79,$0.79,$147,$46,$0,$396,$69,$0,$316,$0,$398,$794,$305,$88,$26,$143,$448,$368,$0,$-22,$346,$794,$67,$14,$-1,$13,$-38,$10,$-1,$23,$-6,$74,$-5,$0,$-8,$0,$0,$0,$0,$-13,$-3,$0,$-3,$-1,$-1,$-11,$-1,$-15,$46,$0,$-11
10,2015-12-31,6.58,$5.18,1.27,$26.08,0.25,$3.82,1.72,$0.58,11.35,$0.34B,$0.31B,1.11,$0.09B,$0.30B,0.3,$1.49B,$0.45B,29.99%,$1.49B,$0.09B,5.82%,$1.49B,$0.09B,5.82%,$1.49B,$0.12B,7.70%,$1.49B,$0.07B,4.35%,$1.49B,$0.03B,2.14%,$0.03B,$0.30B,9.98%,$0.03B,$-0.02B,345.95%,$0.03B,$0.74B,4.31%,$0.09B,$0.39B,20.64%,$319,$213,$106,$0,$71,$295,$24,$-2,$21,$9,$12,$12,$11,$31,$24,$57,57,$0.19,$0.19,$87,$65,$0,$339,$70,$0,$320,$0,$402,$741,$305,$90,$27,$139,$444,$319,$0,$-22,$297,$741,$12,$7,$6,$13,$-22,$-9,$-3,$13,$-21,$3,$-3,$0,$-8,$0,$0,$0,$0,$-11,$0,$0,$0,$-0,$-0,$-6,$-0,$-6,$-14,$0,$-6
11,2015-09-30,7.43,$5.06,1.47,$29.23,0.25,$3.56,2.09,$0.64,11.61,$0.27B,$0.28B,0.98,$0.09B,$0.29B,0.31,$1.67B,$0.47B,28.14%,$1.67B,$0.09B,5.62%,$1.67B,$0.09B,5.62%,$1.67B,$0.12B,7.23%,$1.67B,$0.07B,4.24%,$1.67B,$0.04B,2.09%,$0.04B,$0.29B,11.04%,$0.04B,$-0.03B,388.89%,$0.04B,$0.69B,4.73%,$0.09B,$0.38B,22.03%,$167,$125,$43,$0,$66,$228,$-61,$-11,$-72,$-27,$-45,$-45,$-33,$-54,$-61,$57,57,$-0.58,$-0.58,$101,$56,$1,$271,$68,$0,$318,$0,$414,$686,$279,$90,$27,$117,$396,$313,$0,$-23,$290,$686,$38,$27,$29,$56,$30,$4,$3,$6,$44,$137,$-9,$0,$-21,$0,$0,$0,$0,$-30,$-25,$0,$-25,$-1,$-1,$-21,$-8,$-55,$52,$0,$-21
12,2015-06-30,7.65,$5.95,1.29,$30.18,0.25,$2.83,2.7,$0.98,7.81,$0.37B,$0.26B,1.41,$0.10B,$0.34B,0.29,$1.73B,$0.47B,26.95%,$1.73B,$0.12B,6.65%,$1.73B,$0.12B,6.65%,$1.73B,$0.14B,8.21%,$1.73B,$0.10B,5.73%,$1.73B,$0.05B,2.95%,$0.05B,$0.34B,16.31%,$0.05B,$0.04B,755.56%,$0.05B,$0.74B,6.89%,$0.12B,$0.44B,26.67%,$246,$186,$60,$0,$71,$256,$-10,$-4,$-14,$-6,$-8,$-8,$-8,$-3,$-10,$57,57,$-0.15,$-0.15,$123,$47,$0,$367,$64,$0,$301,$0,$377,$744,$261,$100,$8,$142,$403,$363,$0,$-23,$341,$744,$83,$20,$4,$24,$-18,$13,$-7,$2,$-10,$96,$-5,$0,$-1,$0,$0,$0,$0,$-6,$0,$0,$0,$-1,$-1,$-16,$0,$-16,$74,$0,$-16
13,2015-03-31,6.33,$6.18,1.02,$31.57,0.2,$1.22,5.19,$0.96,6.59,$0.42B,$0.28B,1.5,$0.13B,$0.35B,0.35,$1.81B,$0.47B,25.80%,$1.81B,$0.11B,6.30%,$1.81B,$0.11B,6.30%,$1.81B,$0.14B,7.73%,$1.81B,$0.10B,5.30%,$1.81B,$0.05B,2.71%,$0.05B,$0.35B,16.12%,$0.05B,$0.05B,-1088.89%,$0.05B,$0.80B,6.73%,$0.11B,$0.48B,26.57%,$762,$523,$239,$0,$113,$628,$134,$-4,$130,$54,$76,$76,$62,$141,$134,$57,57,$1.08,$1.08,$37,$51,$1,$417,$66,$0,$305,$0,$382,$798,$277,$125,$9,$167,$444,$377,$0,$-23,$354,$798,$91,$13,$7,$20,$-146,$9,$6,$24,$-108,$4,$-4,$0,$-1,$0,$0,$0,$0,$-5,$0,$0,$0,$-1,$-1,$-10,$0,$-11,$-12,$0,$-10
14,2014-12-31,5.15,$4.92,1.05,$33.79,0.15,$-0.98,0.0,$0.55,9.36,$0.35B,$0.29B,1.2,$0.13B,$0.28B,0.44,$1.94B,$0.43B,22.06%,$1.94B,$0.07B,3.81%,$1.94B,$0.07B,3.81%,$1.94B,$0.10B,5.05%,$1.94B,$0.06B,2.84%,$1.94B,$0.03B,1.55%,$0.03B,$0.28B,10.15%,$0.03B,$-0.02B,-193.55%,$0.03B,$0.73B,4.00%,$0.07B,$0.41B,17.60%,$499,$370,$129,$0,$85,$468,$31,$-4,$27,$11,$16,$16,$14,$37,$31,$57,57,$0.24,$0.24,$28,$68,$4,$347,$66,$0,$308,$0,$386,$734,$290,$125,$10,$160,$450,$307,$0,$-23,$283,$734,$16,$7,$9,$15,$-58,$-9,$20,$2,$-44,$-13,$-2,$0,$0,$0,$0,$0,$0,$-2,$0,$0,$0,$-1,$-1,$-5,$0,$-6,$-21,$0,$-5
15,2014-09-30,4.75,$4.76,1.0,$34.13,0.14,$-2.39,0.0,$0.61,7.79,$0.30B,$0.25B,1.17,$0.13B,$0.27B,0.46,$1.96B,$0.41B,20.80%,$1.96B,$0.08B,4.08%,$1.96B,$0.08B,4.08%,$1.96B,$0.10B,5.25%,$1.96B,$0.06B,3.11%,$1.96B,$0.03B,1.68%,$0.03B,$0.27B,11.26%,$0.03B,$-0.04B,-425.81%,$0.03B,$0.69B,4.38%,$0.08B,$0.40B,19.15%,$222,$185,$38,$0,$61,$263,$-40,$-4,$-44,$-18,$-26,$-26,$-17,$-33,$-40,$57,57,$-0.30,$-0.30,$49,$59,$2,$296,$67,$0,$310,$0,$389,$685,$253,$125,$9,$158,$412,$297,$0,$-24,$273,$685,$36,$23,$15,$38,$13,$14,$-8,$2,$21,$95,$-9,$0,$-98,$0,$0,$0,$0,$-107,$0,$0,$0,$-2,$-2,$-20,$-2,$-24,$-36,$0,$-20
16,2014-06-30,5.09,$5.33,0.96,$33.25,0.15,$-3.68,0.0,$0.82,6.21,$0.30B,$0.25B,1.21,$0.13B,$0.31B,0.41,$1.92B,$0.40B,21.06%,$1.92B,$0.10B,5.21%,$1.92B,$0.10B,5.21%,$1.92B,$0.12B,6.31%,$1.92B,$0.08B,4.22%,$1.92B,$0.04B,2.19%,$0.04B,$0.31B,14.51%,$0.04B,$-0.01B,-5600.00%,$0.04B,$0.70B,5.68%,$0.10B,$0.43B,24.14%,$327,$266,$61,$0,$71,$337,$-11,$-6,$-17,$-7,$-10,$-10,$-10,$-5,$-11,$57,57,$-0.17,$-0.17,$7,$49,$1,$303,$68,$0,$312,$0,$392,$695,$251,$125,$7,$138,$389,$328,$0,$-22,$306,$695,$62,$16,$13,$29,$-78,$25,$-7,$-25,$-86,$5,$-6,$0,$-98,$0,$0,$0,$0,$-104,$40,$0,$40,$-1,$-1,$-15,$-2,$21,$-78,$0,$-15
17,2014-03-31,4.74,$5.58,0.85,$31.99,0.15,$-4.24,0.0,$0.86,5.51,$0.49B,$0.42B,1.15,$0.13B,$0.32B,0.39,$1.85B,$0.40B,21.47%,$1.85B,$0.10B,5.56%,$1.85B,$0.10B,5.56%,$1.85B,$0.12B,6.63%,$1.85B,$0.09B,4.64%,$1.85B,$0.04B,2.37%,$0.04B,$0.32B,15.59%,$0.04B,$0.01B,1760.00%,$0.04B,$0.88B,6.11%,$0.10B,$0.45B,25.32%,$892,$693,$200,$0,$99,$798,$94,$-5,$89,$37,$52,$52,$43,$99,$94,$57,57,$0.75,$0.75,$13,$60,$0,$489,$69,$0,$315,$0,$395,$884,$424,$125,$7,$140,$564,$343,$0,$-22,$320,$884,$72,$10,$11,$21,$-240,$13,$13,$-1,$-215,$-122,$-5,$0,$-98,$0,$0,$0,$0,$-103,$166,$0,$166,$-1,$-1,$-10,$-2,$152,$-72,$0,$-10
18,2013-12-31,4.19,$4.75,0.88,$29.59,0.14,$-4.43,0.0,$0.65,6.45,$0.42B,$0.33B,1.29,$0.12B,$0.27B,0.46,$1.75B,$0.36B,20.61%,$1.75B,$0.08B,4.81%,$1.75B,$0.08B,4.81%,$1.75B,$0.10B,5.95%,$1.75B,$0.07B,3.89%,$1.75B,$0.04B,2.00%,$0.04B,$0.27B,12.66%,$0.04B,$0.01B,451.61%,$0.04B,$0.75B,5.17%,$0.08B,$0.40B,20.95%,$521,$412,$109,$0,$74,$484,$37,$-4,$33,$14,$19,$19,$17,$42,$37,$58,58,$0.29,$0.29,$83,$84,$3,$423,$52,$0,$266,$0,$325,$748,$328,$124,$8,$147,$475,$295,$0,$-23,$273,$748,$19,$5,$-1,$3,$-108,$-16,$21,$-13,$-116,$-93,$-3,$0,$0,$0,$0,$0,$0,$-3,$100,$0,$100,$-1,$-1,$-5,$0,$94,$-2,$0,$-5
19,2013-09-30,3.87,$4.49,0.86,$29.06,0.13,$-4.77,0.0,$0.48,8.07,$0.31B,$0.22B,1.39,$0.12B,$0.26B,0.48,$1.74B,$0.35B,20.31%,$1.74B,$0.07B,3.79%,$1.74B,$0.07B,3.79%,$1.74B,$0.09B,4.88%,$1.74B,$0.05B,2.87%,$1.74B,$0.03B,1.55%,$0.03B,$0.26B,9.87%,$0.03B,$-0.01B,900.00%,$0.03B,$0.63B,4.10%,$0.07B,$0.38B,16.57%,$178,$144,$34,$0,$49,$197,$-20,$-4,$-24,$-10,$-14,$-14,$-8,$-15,$-20,$59,59,$-0.13,$-0.13,$85,$68,$1,$306,$51,$0,$268,$0,$327,$633,$221,$124,$9,$153,$373,$282,$0,$-23,$259,$633,$30,$19,$15,$34,$-14,$-21,$-5,$-6,$-45,$18,$-6,$0,$-1,$0,$0,$0,$0,$-7,$0,$0,$0,$-15,$-15,$-19,$-0,$-35,$-23,$0,$-19
20,2013-06-30,3.79,$4.77,0.79,$28.88,0.13,$-3.36,0.0,$0.63,6.01,$0.29B,$0.19B,1.49,$0.12B,$0.28B,0.45,$1.74B,$0.35B,20.30%,$1.74B,$0.08B,4.77%,$1.74B,$0.08B,4.77%,$1.74B,$0.10B,5.87%,$1.74B,$0.06B,3.68%,$1.74B,$0.04B,2.01%,$0.04B,$0.28B,12.79%,$0.04B,$0.01B,2800.00%,$0.04B,$0.61B,5.30%,$0.08B,$0.40B,20.83%,$263,$208,$55,$0,$58,$271,$-8,$-4,$-12,$-4,$-8,$-8,$-8,$-3,$-8,$59,59,$-0.13,$-0.13,$44,$49,$0,$287,$50,$0,$270,$0,$327,$614,$193,$124,$14,$145,$337,$302,$0,$-26,$277,$614,$44,$14,$19,$33,$-72,$-2,$-7,$-27,$-108,$-32,$-3,$0,$-1,$0,$0,$0,$0,$-4,$0,$0,$0,$-14,$-14,$-14,$-0,$-28,$-64,$0,$-14
21,2013-03-31,3.46,$4.98,0.69,$28.27,0.12,$-1.50,0.0,$0.57,6.07,$0.38B,$0.27B,1.41,$0.12B,$0.30B,0.42,$1.71B,$0.35B,20.20%,$1.71B,$0.07B,4.16%,$1.71B,$0.07B,4.16%,$1.71B,$0.09B,5.27%,$1.71B,$0.05B,3.16%,$1.71B,$0.03B,1.81%,$0.03B,$0.30B,11.39%,$0.03B,$0.03B,-1550.00%,$0.03B,$0.71B,4.69%,$0.07B,$0.42B,17.87%,$785,$623,$162,$0,$88,$710,$75,$-4,$71,$29,$42,$42,$34,$80,$75,$60,60,$0.58,$0.58,$11,$42,$1,$380,$51,$0,$271,$0,$330,$711,$270,$124,$16,$144,$413,$323,$0,$-26,$297,$711,$51,$10,$19,$29,$-209,$6,$4,$-23,$-222,$-141,$-2,$0,$0,$0,$0,$0,$0,$-2,$61,$0,$61,$-6,$-6,$-9,$-0,$46,$-98,$0,$-9
22,2012-12-31,3.06,$4.36,0.7,$25.39,0.12,$0.27,11.15,$0.54,5.67,$0.35B,$0.27B,1.28,$0.12B,$0.26B,0.48,$1.55B,$0.31B,19.90%,$1.55B,$0.07B,4.44%,$1.55B,$0.07B,4.44%,$1.55B,$0.09B,5.60%,$1.55B,$0.05B,3.41%,$1.55B,$0.03B,2.00%,$0.03B,$0.26B,11.49%,$0.03B,$-0.01B,-1127.27%,$0.03B,$0.68B,4.80%,$0.07B,$0.39B,17.48%,$517,$414,$103,$0,$73,$498,$19,$-4,$15,$5,$10,$10,$9,$23,$19,$61,61,$0.15,$0.15,$14,$83,$1,$345,$51,$0,$274,$0,$334,$679,$270,$124,$17,$148,$418,$288,$0,$-26,$261,$679,$10,$5,$11,$15,$-106,$-36,$9,$-13,$-146,$-121,$-1,$0,$0,$0,$0,$0,$0,$-1,$37,$0,$37,$-4,$-4,$-5,$-0,$28,$-94,$0,$-5
23,2012-09-30,3.17,$4.26,0.74,$24.05,0.13,$1.10,2.89,$0.43,7.38,$0.30B,$0.23B,1.32,$0.12B,$0.26B,0.48,$1.50B,$0.30B,19.91%,$1.50B,$0.06B,3.94%,$1.50B,$0.06B,3.94%,$1.50B,$0.08B,5.08%,$1.50B,$0.04B,2.94%,$1.50B,$0.03B,1.67%,$0.03B,$0.26B,9.29%,$0.03B,$-0.02B,-1428.57%,$0.03B,$0.64B,3.88%,$0.06B,$0.39B,14.97%,$174,$141,$33,$0,$46,$177,$-3,$-7,$-10,$-5,$-6,$-6,$-0,$2,$-3,$62,62,$-0.01,$-0.01,$108,$47,$5,$302,$53,$0,$276,$0,$338,$639,$228,$124,$18,$151,$379,$287,$0,$-27,$260,$639,$26,$18,$10,$28,$6,$34,$3,$8,$51,$106,$-5,$0,$-39,$0,$0,$0,$0,$-45,$0,$0,$0,$-20,$-20,$-20,$-1,$-40,$21,$0,$-20
24,2012-06-30,3.01,$4.44,0.68,$23.53,0.13,$-0.03,0.0,$0.12,25.11,$0.27B,$0.20B,1.32,$0.12B,$0.27B,0.46,$1.48B,$0.30B,19.99%,$1.48B,$0.03B,1.76%,$1.48B,$0.03B,1.76%,$1.48B,$0.04B,2.85%,$1.48B,$0.01B,0.68%,$1.48B,$0.01B,0.54%,$0.01B,$0.27B,2.94%,$0.01B,$-0.01B,106.67%,$0.01B,$0.62B,1.25%,$0.03B,$0.40B,6.55%,$232,$186,$47,$0,$51,$253,$-20,$-2,$-22,$-11,$-12,$-12,$-12,$-15,$-20,$61,61,$-0.19,$-0.19,$91,$37,$0,$269,$52,$0,$277,$0,$348,$617,$203,$124,$18,$143,$346,$297,$0,$-26,$271,$617,$32,$13,$22,$35,$-22,$45,$-2,$-7,$14,$81,$-3,$0,$-38,$0,$0,$0,$0,$-42,$0,$0,$0,$-20,$-20,$-15,$-1,$-35,$4,$0,$-15
25,2012-03-31,2.92,$4.71,0.62,$23.40,0.12,$-1.65,0.0,$0.04,73.09,$0.32B,$0.21B,1.48,$0.12B,$0.29B,0.43,$1.49B,$0.30B,20.12%,$1.49B,$0.02B,1.21%,$1.49B,$0.02B,1.21%,$1.49B,$0.03B,2.28%,$1.49B,$0.00B,0.07%,$1.49B,$0.00B,0.13%,$0.00B,$0.29B,0.70%,$0.00B,$0.02B,8.00%,$0.00B,$0.65B,0.31%,$0.02B,$0.41B,4.41%,$630,$504,$126,$0,$66,$557,$73,$-3,$70,$29,$40,$40,$34,$77,$73,$61,61,$0.55,$0.55,$25,$45,$5,$315,$52,$0,$265,$0,$331,$646,$213,$124,$21,$145,$358,$314,$0,$-27,$287,$646,$43,$8,$19,$27,$-111,$36,$-4,$-27,$-107,$-36,$-2,$0,$-26,$0,$0,$0,$0,$-29,$32,$0,$32,$-20,$-20,$-10,$-0,$3,$-62,$0,$-10
26,2011-12-31,3.38,$4.13,0.82,$24.07,0.14,$-2.60,0.0,$-0.01,0.0,$0.33B,$0.27B,1.22,$0.12B,$0.26B,0.48,$1.59B,$0.34B,21.41%,$1.59B,$0.03B,2.07%,$1.59B,$0.03B,2.07%,$1.59B,$0.05B,3.14%,$1.59B,$0.02B,0.94%,$1.59B,$0.01B,0.56%,$0.01B,$0.26B,3.03%,$0.01B,$-0.01B,21.95%,$0.01B,$0.68B,1.37%,$0.03B,$0.38B,7.83%,$461,$369,$92,$0,$73,$453,$9,$-3,$6,$3,$3,$3,$3,$12,$9,$64,64,$0.05,$0.05,$14,$101,$0,$332,$52,$0,$266,$0,$346,$677,$273,$124,$22,$146,$419,$285,$0,$-27,$258,$677,$3,$4,$10,$14,$-79,$-19,$7,$-1,$-91,$-75,$-1,$0,$-26,$0,$0,$0,$0,$-27,$47,$0,$47,$-13,$-13,$-5,$-0,$29,$-73,$0,$-5
27,2011-09-30,3.35,$4.20,0.8,$23.73,0.14,$-2.76,0.0,$0.24,13.95,$0.30B,$0.21B,1.44,$0.12B,$0.27B,0.46,$1.59B,$0.35B,22.24%,$1.59B,$0.07B,4.27%,$1.59B,$0.07B,4.27%,$1.59B,$0.09B,5.46%,$1.59B,$0.05B,2.95%,$1.59B,$0.02B,1.51%,$0.02B,$0.27B,7.83%,$0.02B,$0.02B,45.07%,$0.02B,$0.63B,3.67%,$0.07B,$0.40B,15.80%,$153,$123,$30,$0,$54,$190,$-36,$-7,$-44,$-17,$-27,$-27,$-17,$-32,$-36,$67,67,$-0.25,$-0.25,$87,$81,$4,$304,$47,$0,$252,$0,$327,$630,$211,$124,$23,$147,$358,$300,$0,$-27,$273,$630,$24,$20,$30,$51,$-32,$-13,$2,$7,$-36,$39,$-6,$0,$-10,$0,$0,$0,$0,$-16,$42,$0,$42,$-11,$-11,$-21,$-8,$2,$26,$0,$-21
28,2011-06-30,3.6,$4.72,0.76,$23.37,0.15,$-2.70,0.0,$0.43,8.37,$0.30B,$0.16B,1.88,$0.12B,$0.32B,0.39,$1.57B,$0.35B,22.43%,$1.57B,$0.08B,4.76%,$1.57B,$0.08B,4.76%,$1.57B,$0.10B,6.04%,$1.57B,$0.06B,3.75%,$1.57B,$0.03B,2.10%,$0.03B,$0.32B,10.71%,$0.03B,$0.06B,61.68%,$0.03B,$0.62B,5.14%,$0.08B,$0.44B,17.77%,$247,$195,$52,$0,$59,$275,$-28,$-3,$-31,$-13,$-18,$-18,$-18,$-23,$-28,$67,67,$-0.27,$-0.27,$51,$60,$10,$303,$44,$0,$253,$0,$321,$624,$161,$124,$22,$146,$307,$343,$0,$-26,$317,$624,$51,$16,$26,$42,$-92,$7,$-3,$-24,$-112,$-19,$-4,$0,$-6,$0,$0,$0,$0,$-10,$42,$0,$42,$0,$0,$-15,$-8,$19,$-11,$0,$-15
29,2011-03-31,3.78,$5.07,0.75,$22.24,0.17,$-2.20,0.0,$0.56,6.75,$0.39B,$0.21B,1.83,$0.12B,$0.34B,0.37,$1.50B,$0.34B,22.87%,$1.50B,$0.09B,5.92%,$1.50B,$0.09B,5.92%,$1.50B,$0.11B,7.25%,$1.50B,$0.07B,4.92%,$1.50B,$0.04B,2.73%,$0.04B,$0.34B,13.41%,$0.04B,$0.09B,84.54%,$0.04B,$0.70B,6.49%,$0.09B,$0.46B,21.76%,$732,$565,$167,$0,$87,$644,$88,$-4,$84,$35,$49,$49,$41,$93,$88,$67,67,$0.61,$0.61,$12,$39,$26,$387,$44,$0,$253,$0,$311,$699,$212,$124,$23,$147,$359,$366,$0,$-27,$340,$699,$69,$11,$20,$31,$-213,$28,$6,$-24,$-203,$-103,$-3,$0,$-2,$0,$0,$0,$0,$-4,$73,$0,$73,$0,$0,$-10,$-5,$58,$-49,$0,$-10
30,2010-12-31,3.48,$4.41,0.79,$19.18,0.18,$-1.75,0.0,$0.52,6.69,$0.33B,$0.22B,1.49,$0.12B,$0.30B,0.42,$1.32B,$0.33B,24.55%,$1.32B,$0.08B,5.74%,$1.32B,$0.08B,5.74%,$1.32B,$0.10B,7.18%,$1.32B,$0.06B,4.53%,$1.32B,$0.03B,2.57%,$0.03B,$0.30B,11.22%,$0.03B,$0.04B,57.63%,$0.03B,$0.66B,5.58%,$0.08B,$0.42B,19.20%,$460,$354,$105,$0,$71,$416,$44,$-6,$38,$17,$21,$21,$18,$49,$44,$67,67,$0.26,$0.26,$14,$77,$18,$329,$45,$0,$255,$0,$335,$664,$220,$124,$24,$148,$368,$323,$0,$-27,$296,$664,$21,$5,$5,$11,$-115,$-10,$17,$-11,$-120,$-89,$-2,$0,$-2,$0,$0,$0,$0,$-3,$55,$0,$55,$0,$0,$-5,$-5,$45,$-47,$0,$-5
31,2010-09-30,3.05,$4.17,0.73,$17.13,0.18,$-1.43,0.0,$0.38,8.04,$0.25B,$0.20B,1.26,$0.08B,$0.28B,0.3,$1.21B,$0.31B,25.47%,$1.21B,$0.06B,4.86%,$1.21B,$0.06B,4.86%,$1.21B,$0.08B,6.35%,$1.21B,$0.04B,3.63%,$1.21B,$0.03B,2.23%,$0.03B,$0.28B,8.90%,$0.03B,$0.02B,37.24%,$0.03B,$0.58B,4.45%,$0.06B,$0.36B,14.81%,$135,$106,$29,$0,$54,$165,$-29,$-3,$-32,$-18,$-14,$-14,$-8,$-24,$-29,$70,70,$-0.11,$-0.11,$61,$67,$7,$247,$45,$0,$258,$0,$336,$583,$196,$83,$24,$107,$303,$307,$0,$-27,$280,$583,$28,$18,$14,$33,$-5,$-2,$-2,$-8,$-16,$44,$-5,$0,$-69,$0,$0,$0,$-0,$-74,$-51,$0,$-51,$-33,$-33,$-20,$-0,$-105,$-134,$0,$-20
32,2010-06-30,2.77,$4.49,0.62,$16.72,0.17,$-1.01,0.0,$1.02,2.71,$0.27B,$0.16B,1.66,$0.08B,$0.31B,0.27,$1.19B,$0.31B,25.88%,$1.19B,$0.06B,5.36%,$1.19B,$0.06B,5.36%,$1.19B,$0.08B,6.78%,$1.19B,$0.05B,3.94%,$1.19B,$0.07B,5.44%,$0.07B,$0.31B,20.98%,$0.07B,$0.04B,70.08%,$0.07B,$0.58B,10.37%,$0.06B,$0.39B,15.34%,$177,$133,$43,$0,$51,$191,$-14,$-2,$-16,$-6,$-10,$-10,$-10,$-9,$-14,$69,69,$-0.14,$-0.14,$44,$63,$7,$265,$44,$0,$262,$0,$315,$580,$160,$83,$31,$114,$273,$332,$0,$-25,$307,$580,$43,$13,$32,$45,$-42,$2,$-3,$-31,$-74,$14,$-3,$0,$-68,$0,$0,$0,$-0,$-71,$-51,$0,$-51,$-28,$-28,$-15,$-0,$-94,$-151,$0,$-15
33,2010-03-31,2.72,$4.70,0.58,$16.39,0.17,$-0.13,0.0,$1.13,2.4,$0.35B,$0.17B,2.12,$0.08B,$0.33B,0.25,$1.19B,$0.31B,26.24%,$1.19B,$0.08B,6.67%,$1.19B,$0.08B,6.67%,$1.19B,$0.10B,8.02%,$1.19B,$0.06B,5.15%,$1.19B,$0.07B,6.16%,$0.07B,$0.33B,23.91%,$0.07B,$0.13B,71.05%,$0.07B,$0.61B,11.42%,$0.08B,$0.41B,18.51%,$552,$404,$148,$0,$74,$477,$75,$-5,$70,$30,$41,$41,$34,$79,$75,$70,70,$0.48,$0.48,$54,$60,$12,$354,$37,$0,$199,$0,$255,$609,$167,$83,$31,$114,$281,$354,$0,$-26,$329,$609,$53,$8,$34,$43,$-135,$2,$0,$-38,$-171,$-76,$-3,$0,$0,$0,$0,$0,$-0,$-3,$-32,$0,$-32,$-21,$-21,$-10,$-0,$-63,$-142,$0,$-10
34,2009-12-31,2.54,$4.19,0.61,$15.41,0.16,$1.41,1.8,$1.99,1.28,$0.38B,$0.19B,1.97,$0.13B,$0.30B,0.45,$1.15B,$0.32B,27.30%,$1.15B,$0.12B,9.97%,$1.15B,$0.12B,9.97%,$1.15B,$0.13B,11.61%,$1.15B,$0.10B,9.01%,$1.15B,$0.13B,11.01%,$0.13B,$0.30B,42.76%,$0.13B,$0.10B,136.93%,$0.13B,$0.65B,19.53%,$0.12B,$0.43B,26.60%,$349,$260,$89,$0,$62,$322,$27,$-5,$22,$10,$12,$12,$11,$31,$27,$73,73,$0.15,$0.15,$99,$72,$20,$381,$38,$0,$201,$0,$274,$654,$193,$133,$32,$165,$358,$322,$0,$-26,$297,$654,$12,$4,$8,$12,$-77,$-9,$8,$-19,$-97,$-73,$-2,$0,$0,$0,$0,$0,$0,$-2,$0,$0,$0,$-17,$-17,$-5,$0,$-22,$-96,$0,$-5
35,2009-09-30,2.19,$4.08,0.54,$15.93,0.14,$2.16,1.01,$1.72,1.27,$0.38B,$0.19B,1.95,$0.13B,$0.31B,0.44,$1.21B,$0.33B,27.32%,$1.21B,$0.08B,6.71%,$1.21B,$0.08B,6.71%,$1.21B,$0.10B,8.44%,$1.21B,$0.07B,6.13%,$1.21B,$0.11B,8.94%,$0.11B,$0.31B,39.89%,$0.11B,$0.10B,168.75%,$0.11B,$0.66B,16.66%,$0.08B,$0.44B,19.58%,$116,$86,$29,$0,$49,$140,$-24,$-5,$-29,$-61,$32,$32,$30,$-20,$-24,$76,76,$0.40,$0.40,$195,$63,$15,$377,$37,$0,$203,$0,$287,$664,$193,$133,$31,$164,$358,$332,$0,$-26,$306,$664,$131,$22,$-74,$-52,$27,$-18,$0,$-9,$-0,$78,$-4,$0,$-3,$0,$0,$0,$0,$-8,$-30,$0,$-30,$-2,$-2,$-15,$-7,$-55,$16,$0,$-15
36,2009-06-30,2.11,$3.82,0.55,$16.59,0.13,$2.07,1.02,$0.08,26.39,$0.38B,$0.19B,2.03,$0.14B,$0.29B,0.47,$1.26B,$0.33B,26.47%,$1.26B,$0.11B,8.82%,$1.26B,$0.11B,8.82%,$1.26B,$0.14B,10.73%,$1.26B,$0.01B,0.79%,$1.26B,$-0.01B,-1.11%,$-0.01B,$0.29B,-5.73%,$-0.01B,$0.08B,-40.00%,$-0.01B,$0.63B,-2.21%,$0.11B,$0.43B,27.92%,$168,$123,$45,$0,$50,$167,$1,$-3,$-2,$-0,$-2,$-2,$-2,$5,$1,$76,76,$-0.03,$-0.03,$217,$55,$11,$384,$37,$0,$205,$0,$247,$631,$189,$137,$15,$152,$342,$308,$0,$-18,$289,$631,$99,$18,$-16,$2,$4,$-11,$-1,$-13,$-20,$81,$-2,$0,$-3,$0,$0,$0,$0,$-6,$-26,$0,$-26,$0,$0,$-10,$0,$-37,$39,$0,$-10
37,2009-03-31,1.5,$3.91,0.38,$17.78,0.08,$0.77,1.94,$0.27,5.57,$0.40B,$0.20B,1.99,$0.14B,$0.30B,0.46,$1.35B,$0.33B,24.55%,$1.35B,$0.06B,4.75%,$1.35B,$0.06B,4.75%,$1.35B,$0.09B,6.75%,$1.35B,$0.02B,1.63%,$1.35B,0,0.00%,$0.00B,$0.30B,0.00%,$0.00B,$0.09B,0.00%,$0.00B,$0.65B,0.00%,$0.06B,$0.43B,15.69%,$521,$368,$152,$0,$78,$410,$111,$2,$113,$5,$109,$109,$88,$118,$111,$76,76,$1.17,$1.17,$176,$39,$2,$400,$38,$0,$207,$0,$252,$652,$201,$137,$17,$154,$355,$315,$0,$-19,$296,$652,$101,$13,$-8,$5,$-72,$5,$2,$-8,$-72,$33,$-2,$0,$-3,$0,$0,$0,$0,$-5,$-26,$0,$-26,$0,$0,$-5,$0,$-31,$-3,$0,$-5
38,2008-12-31,1.34,$2.54,0.53,$19.69,0.07,$-1.58,0.0,$-0.61,0.0,$0.39B,$0.27B,1.44,$0.16B,$0.19B,0.85,$1.49B,$0.31B,20.64%,$1.49B,$0.00B,0.13%,$1.49B,$0.00B,0.13%,$1.49B,$0.03B,2.01%,$1.49B,$-0.05B,-3.15%,$1.49B,$-0.05B,-3.15%,$-0.05B,$0.19B,-19.36%,$-0.05B,$-0.02B,-172.48%,$-0.05B,$0.65B,-7.34%,$0.00B,$0.36B,0.48%,$403,$298,$104,$0,$69,$410,$-7,$-1,$-8,$-0,$-8,$-8,$-8,$-1,$-7,$76,76,$-0.11,$-0.11,$148,$66,$2,$390,$39,$0,$212,$0,$256,$646,$271,$164,$19,$183,$454,$212,$0,$-19,$192,$646,$-8,$7,$36,$43,$-55,$-21,$8,$13,$-55,$-20,$-1,$0,$-3,$0,$0,$0,$0,$-4,$-6,$0,$-6,$0,$0,$0,$0,$-6,$-31,$0,$0
39,2008-09-30,1.25,$2.64,0.47,$20.36,0.06,$-2.98,0.0,$-0.17,0.0,$0.34B,$0.21B,1.62,$0.17B,$0.20B,0.87,$1.54B,$0.29B,18.54%,$1.54B,$0.00B,0.26%,$1.54B,$0.00B,0.26%,$1.54B,$0.03B,2.14%,$1.54B,$-0.01B,-0.84%,$1.54B,$-0.01B,-0.91%,$-0.01B,$0.20B,-5.48%,$-0.01B,$-0.01B,-38.36%,$-0.01B,$0.61B,-2.19%,$0.00B,$0.37B,0.93%,$166,$134,$32,$0,$44,$160,$6,$-3,$-93,$-1,$-92,$-92,$-92,$13,$6,$76,76,$-1.22,$-1.22,$179,$45,$7,$344,$39,$0,$213,$0,$261,$605,$213,$174,$18,$192,$405,$220,$0,$-19,$200,$605,$-13,$29,$37,$67,$-28,$41,$-2,$7,$18,$72,$-4,$0,$-2,$0,$0,$0,$0,$-5,$0,$0,$0,$0,$0,$0,$-0,$-0,$66,$0,$0
40,2008-06-30,1.57,$3.90,0.4,$19.99,0.08,$-3.24,0.0,$0.60,2.62,$0.38B,$0.16B,2.42,$0.17B,$0.30B,0.59,$1.52B,$0.28B,18.22%,$1.52B,$0.02B,0.99%,$1.52B,$0.02B,0.99%,$1.52B,$0.04B,2.90%,$1.52B,$0.05B,3.10%,$1.52B,$0.05B,2.97%,$0.05B,$0.30B,17.36%,$0.05B,$0.08B,124.14%,$0.05B,$0.64B,7.06%,$0.02B,$0.47B,3.46%,$258,$215,$43,$0,$52,$304,$-46,$-4,$10,$-2,$12,$12,$12,$-39,$-46,$76,76,$0.16,$0.16,$91,$55,$60,$379,$38,$0,$217,$0,$263,$641,$156,$174,$16,$189,$346,$311,$0,$-16,$296,$641,$79,$22,$-35,$-13,$-84,$31,$-3,$-28,$-84,$-18,$-2,$0,$-2,$0,$0,$0,$0,$-3,$0,$0,$0,$0,$0,$0,$-0,$-0,$-22,$0,$0
41,2008-03-31,1.69,$3.74,0.45,$19.52,0.09,$-2.26,0.0,$0.33,5.11,$0.40B,$0.20B,2.01,$0.17B,$0.28B,0.61,$1.48B,$0.28B,18.73%,$1.48B,$0.05B,3.04%,$1.48B,$0.05B,3.04%,$1.48B,$0.08B,5.07%,$1.48B,$0.03B,1.89%,$1.48B,$0.03B,1.69%,$0.03B,$0.28B,10.14%,$0.03B,$0.06B,113.64%,$0.03B,$0.67B,3.96%,$0.05B,$0.46B,10.70%,$665,$536,$129,$0,$71,$616,$49,$-5,$44,$3,$42,$42,$41,$57,$49,$76,76,$0.55,$0.55,$14,$64,$22,$403,$39,$0,$220,$0,$268,$671,$200,$174,$13,$187,$388,$299,$0,$-16,$283,$671,$67,$15,$-9,$6,$-193,$22,$3,$-49,$-218,$-145,$-2,$0,$-0,$0,$0,$0,$0,$-2,$48,$0,$48,$0,$0,$0,$-0,$48,$-99,$0,$0
42,2007-12-31,2.23,$3.19,0.7,$18.36,0.12,$-0.70,0.0,$0.76,2.94,$0.36B,$0.21B,1.75,$0.17B,$0.24B,0.72,$1.39B,$0.30B,21.21%,$1.39B,$0.04B,3.02%,$1.39B,$0.04B,3.02%,$1.39B,$0.07B,5.18%,$1.39B,$0.06B,4.53%,$1.39B,$0.06B,4.24%,$0.06B,$0.24B,24.69%,$0.06B,$0.02B,400.00%,$0.06B,$0.64B,9.53%,$0.04B,$0.42B,10.17%,$454,$372,$82,$0,$63,$459,$-5,$-4,$26,$1,$25,$25,$25,$2,$-5,$76,76,$0.33,$0.33,$6,$103,$29,$361,$41,$0,$225,$0,$275,$636,$207,$174,$14,$188,$395,$258,$0,$-16,$242,$636,$25,$8,$-16,$-8,$-108,$-17,$5,$-22,$-142,$-126,$-1,$0,$0,$0,$0,$0,$0,$-1,$20,$0,$20,$0,$0,$0,$-0,$20,$-107,$0,$0
43,2007-09-30,2.55,$2.86,0.89,$16.72,0.15,$0.68,3.74,$0.49,5.21,$0.32B,$0.20B,1.62,$0.17B,$0.22B,0.8,$1.27B,$0.29B,22.65%,$1.27B,$0.06B,4.42%,$1.27B,$0.06B,4.42%,$1.27B,$0.09B,6.87%,$1.27B,$0.04B,3.31%,$1.27B,$0.04B,3.08%,$0.04B,$0.22B,17.49%,$0.04B,$-0.01B,-7800.00%,$0.04B,$0.60B,6.38%,$0.06B,$0.39B,14.11%,$138,$116,$22,$0,$43,$121,$17,$-3,$-33,$-1,$-32,$-32,$-33,$24,$17,$76,76,$-0.43,$-0.43,$113,$86,$15,$321,$42,$0,$230,$0,$282,$602,$198,$174,$14,$188,$386,$233,$0,$-16,$216,$602,$38,$31,$-9,$22,$6,$-8,$-3,$-4,$-10,$51,$-3,$0,$-26,$0,$0,$0,$0,$-29,$-0,$0,$-0,$0,$0,$0,$0,$-0,$22,$0,$0
44,2007-06-30,2.51,$3.23,0.78,$16.91,0.15,$0.24,10.24,$0.65,3.86,$0.34B,$0.17B,1.98,$0.17B,$0.25B,0.71,$1.28B,$0.29B,22.89%,$1.28B,$0.01B,1.02%,$1.28B,$0.01B,1.02%,$1.28B,$0.05B,3.52%,$1.28B,$0.00B,0.00%,$1.28B,$0.05B,3.91%,$0.05B,$0.25B,23.56%,$0.05B,$0.02B,-476.19%,$0.05B,$0.62B,8.25%,$0.01B,$0.42B,3.37%,$222,$179,$44,$0,$48,$239,$-16,$-3,$-9,$-1,$-8,$-8,$-8,$-8,$-16,$76,76,$-0.11,$-0.11,$133,$60,$9,$342,$40,$0,$223,$0,$275,$616,$173,$174,$25,$199,$372,$266,$0,$-21,$245,$616,$71,$24,$-12,$12,$-28,$17,$-4,$-13,$-28,$55,$-1,$0,$-12,$0,$0,$0,$0,$-14,$-0,$0,$-0,$0,$0,$0,$0,$-0,$42,$0,$0
45,2007-03-31,2.2,$3.34,0.66,$16.97,0.13,$-0.62,0.0,$0.20,11.0,$0.35B,$0.17B,2.06,$0.17B,$0.25B,0.69,$1.25B,$0.28B,22.72%,$1.25B,$0.00B,0.16%,$1.25B,$0.00B,0.16%,$1.25B,$0.04B,2.80%,$1.25B,$-0.03B,-2.00%,$1.25B,$0.02B,1.92%,$0.02B,$0.25B,11.66%,$0.02B,$0.03B,-124.68%,$0.02B,$0.62B,4.01%,$0.00B,$0.43B,0.53%,$577,$430,$147,$0,$75,$531,$46,$-4,$79,$4,$75,$75,$75,$54,$46,$76,76,$0.98,$0.98,$60,$49,$4,$350,$41,$0,$218,$1,$272,$622,$170,$174,$25,$199,$369,$274,$0,$-21,$253,$622,$80,$16,$-8,$8,$-116,$27,$0,$-27,$-115,$-27,$-2,$0,$-2,$0,$0,$0,$0,$-4,$-0,$0,$-0,$0,$0,$0,$0,$-0,$-31,$0,$0
46,2006-12-31,1.98,$2.35,0.84,$24.37,0.08,$-2.52,0.0,$0.42,4.71,$0.33B,$0.23B,1.44,$0.17B,$0.18B,0.98,$1.21B,$0.26B,21.45%,$1.21B,$-0.00B,-0.33%,$1.21B,$-0.00B,-0.33%,$1.21B,$0.03B,2.39%,$1.21B,$-0.05B,-4.04%,$1.21B,$0.00B,0.25%,$0.00B,$0.18B,1.62%,$0.00B,$-0.04B,-6.86%,$0.00B,$0.60B,0.50%,$-0.00B,$0.35B,-1.05%,$330,$257,$74,$0,$51,$322,$9,$-4,$5,$0,$5,$5,$5,$17,$9,$76,76,$0.06,$0.06,$70,$76,$2,$326,$41,$0,$222,$1,$278,$604,$227,$174,$25,$199,$426,$200,$0,$-21,$178,$604,$5,$8,$8,$16,$-50,$-0,$2,$7,$-42,$-21,$-1,$0,$0,$0,$0,$0,$0,$-1,$0,$0,$0,$0,$0,$0,$0,$0,$-21,$0,$0
