,Date,Stock Price,Book Value per Share,Price to Book Ratio,TTM Sales per Share,Price to Sales Ratio,TTM FCF per Share,Price to FCF Ratio,TTM Net EPS,PE Ratio,Current Assets,Current Liabilities,Current Ratio,Long Term Debt,Shareholder's Equity_x,Debt to Equity Ratio,TTM Revenue_x,TTM Gross Profit,Gross Margin,TTM Revenue_y,TTM Operating Income,Operating Margin,TTM Revenue_x,TTM EBIT,EBIT Margin,TTM Revenue_y,TTM EBITDA,EBITDA Margin,TTM Revenue_x,TTM Pre-Tax Income,Pre-Tax Margin,TTM Revenue_y,TTM Net Income_x,Net Margin,TTM Net Income_y,Shareholder's Equity_y,Return on Equity,TTM Net Income_x,Tangible Equity,Return on Tangible Equity,TTM Net Income_y,Total Assets,Return on Assets,TTM Net Income,LT Investments & Debt,Return on Investment,revenue,cost-goods-sold,gross-profit,research-development-expenses,selling-general-administrative-expenses,operating-expenses,operating-income,total-non-operating-income-expense,pre-tax-income,total-provision-income-taxes,income-after-taxes,income-from-continuous-operations,net-income,ebitda,ebit,basic-shares-outstanding,shares-outstanding,eps-basic-net-earnings-per-share,eps-earnings-per-share-diluted,cash-on-hand,inventory,other-current-assets,total-current-assets,net-property-plant-equipment,long-term-investments,goodwill-intangible-assets-total,other-long-term-assets,total-long-term-assets,total-assets,total-current-liabilities,long-term-debt,other-non-current-liabilities,total-long-term-liabilities,total-liabilities,common-stock-net,retained-earnings-accumulated-deficit,comprehensive-income,total-share-holder-equity,total-liabilities-share-holders-equity,net-income-loss,total-depreciation-amortization-cash-flow,other-non-cash-items,total-non-cash-items,change-in-accounts-receivable,change-in-inventories,change-in-accounts-payable,change-in-assets-liabilities,total-change-in-assets-liabilities,cash-flow-from-operating-activities,net-change-in-property-plant-equipment,net-change-in-intangible-assets,net-acquisitions-divestitures,net-change-in-short-term-investments,net-change-in-long-term-investments,net-change-in-investments-total,investing-activities-other,cash-flow-from-investing-activities,net-long-term-debt,net-current-debt,debt-issuance-retirement-net-total,net-common-equity-issued-repurchased,net-total-equity-issued-repurchased,total-common-preferred-stock-dividends-paid,financial-activities-other,cash-flow-from-financial-activities,net-cash-flow,stock-based-compensation,common-stock-dividends-paid
0,2018-09-30,1.7,$-0.39,-4.38,$0.17,9.95,$-1.75,0.0,$-0.57,0.0,$0.08B,$0.16B,0.52,$0.00B,$-0.10B,0.0,$0.04B,$0.03B,63.41%,$0.04B,$-0.14B,-331.71%,$0.04B,$-0.14B,-331.71%,$0.04B,$-0.13B,-326.83%,$0.04B,$-0.14B,-331.71%,$0.04B,$-0.14B,-336.59%,$-0.14B,$-0.10B,267.96%,$-0.14B,$-0.10B,267.96%,$-0.14B,$0.08B,-115.00%,$-0.14B,$-0.10B,-375.17%,$11,$4,$7,$3,$34,$41,$-30,$-4,$-33,$1,$-35,$-35,$-35,$-29,$-30,$248,248,$-0.14,$-0.14,$46,$22,$0,$82,$1,$0,$0,$0,$1,$83,$158,$0,$10,$21,$179,$0,$-908,$0,$-96,$83,$-100,$1,$6,$8,$-3,$-4,$0,$16,$4,$-89,$-0,$0,$0,$0,$0,$0,$0,$-0,$0,$0,$0,$0,$0,$0,$-3,$-2,$-91,$9,$0
1,2018-06-30,1.74,$-0.26,-6.67,$0.15,11.73,$-2.19,0.0,$-0.65,0.0,$0.10B,$0.03B,2.83,$0.12B,$-0.07B,-1.82,$0.04B,$0.02B,62.86%,$0.04B,$-0.15B,-440.00%,$0.04B,$-0.15B,-440.00%,$0.04B,$-0.15B,-434.29%,$0.04B,$-0.15B,-434.29%,$0.04B,$-0.15B,-434.29%,$-0.15B,$-0.07B,542.86%,$-0.15B,$-0.07B,542.86%,$-0.15B,$0.10B,-111.97%,$-0.15B,$0.05B,-175.00%,$12,$4,$8,$3,$35,$41,$-29,$-1,$-30,$0,$-30,$-30,$-30,$-29,$-29,$247,247,$-0.12,$-0.12,$61,$18,$0,$95,$1,$0,$0,$0,$1,$97,$34,$118,$10,$128,$161,$0,$-873,$0,$-65,$97,$-66,$1,$2,$3,$-2,$-0,$0,$2,$-10,$-73,$-0,$0,$0,$0,$0,$0,$0,$-0,$0,$0,$0,$0,$0,$0,$-3,$-2,$-76,$6,$0
2,2018-03-31,1.83,$-0.16,-11.69,$0.11,16.78,$-2.43,0.0,$-0.86,0.0,$0.13B,$0.04B,3.09,$0.12B,$-0.04B,-3.01,$0.03B,$0.02B,60.00%,$0.03B,$-0.20B,-796.00%,$0.03B,$-0.20B,-796.00%,$0.03B,$-0.20B,-784.00%,$0.03B,$-0.20B,-784.00%,$0.03B,$-0.20B,-784.00%,$-0.20B,$-0.04B,19600.00%,$-0.20B,$-0.04B,19600.00%,$-0.20B,$0.13B,-142.29%,$-0.20B,$0.08B,-221.73%,$9,$4,$5,$3,$40,$47,$-39,$3,$-36,$0,$-36,$-36,$-36,$-38,$-39,$247,247,$-0.15,$-0.15,$99,$16,$0,$131,$1,$0,$0,$0,$1,$133,$42,$116,$12,$129,$171,$0,$-843,$0,$-39,$133,$-36,$0,$-0,$0,$-1,$1,$0,$1,$0,$-36,$-0,$0,$0,$0,$0,$0,$0,$-0,$0,$0,$0,$0,$0,$0,$-3,$-2,$-38,$3,$0
3,2017-12-31,2.23,$-0.02,-99.55,$0.07,29.85,$-2.58,0.0,$-1.01,0.0,$0.17B,$0.04B,4.33,$0.12B,$-0.01B,-21.02,$0.02B,$0.01B,50.00%,$0.02B,$-0.22B,-1393.75%,$0.02B,$-0.22B,-1393.75%,$0.02B,$-0.22B,-1375.00%,$0.02B,$-0.23B,-1406.25%,$0.02B,$-0.23B,-1406.25%,$-0.23B,$-0.01B,-647.48%,$-0.23B,$-0.01B,-647.48%,$-0.23B,$0.17B,-154.64%,$-0.22B,$0.11B,-221.89%,$9,$4,$6,$2,$42,$48,$-38,$1,$-37,$0,$-37,$-37,$-37,$-38,$-38,$225,225,$-0.15,$-0.15,$137,$17,$0,$165,$1,$0,$0,$0,$1,$167,$38,$116,$18,$134,$172,$0,$-807,$0,$-6,$167,$-224,$2,$23,$24,$-6,$-12,$0,$-4,$-13,$-213,$-0,$0,$0,$0,$0,$0,$0,$-0,$95,$0,$95,$174,$174,$0,$-2,$268,$55,$23,$0
4,2017-09-30,2.9,$-0.01,-391.89,$0.03,87.87,$-2.42,0.0,$-1.16,0.0,$0.14B,$0.03B,4.26,$0.11B,$-0.00B,-67.77,$0.01B,$0.00B,28.57%,$0.01B,$-0.23B,-3242.86%,$0.01B,$-0.23B,-3242.86%,$0.01B,$-0.22B,-3171.43%,$0.01B,$-0.25B,-3542.86%,$0.01B,$-0.25B,-3542.86%,$-0.25B,$-0.00B,-542.08%,$-0.25B,$-0.00B,-542.08%,$-0.25B,$0.15B,-196.44%,$-0.23B,$0.11B,-257.95%,$5,$2,$3,$6,$45,$53,$-48,$-1,$-49,$0,$-49,$-49,$-49,$-47,$-48,$225,225,$-0.22,$-0.22,$118,$13,$0,$144,$1,$0,$0,$0,$1,$146,$34,$113,$0,$114,$147,$0,$-770,$0,$-2,$146,$-187,$1,$22,$23,$-5,$-7,$0,$-5,$-16,$-180,$-0,$0,$0,$0,$0,$0,$0,$-0,$95,$0,$95,$122,$122,$0,$-2,$216,$35,$20,$0
5,2017-06-30,4.45,$0.19,23.12,$0.01,414.28,$-2.14,0.0,$-1.16,0.0,$0.10B,$0.05B,2.33,$0.02B,$0.04B,0.39,$0.00B,$-0.00B,-50.00%,$0.00B,$-0.22B,-10850.00%,$0.00B,$-0.22B,-10850.00%,$0.00B,$-0.21B,-10650.00%,$0.00B,$-0.24B,-11950.00%,$0.00B,$-0.24B,-11950.00%,$-0.24B,$0.04B,-485.28%,$-0.24B,$0.04B,-485.28%,$-0.24B,$0.11B,-202.97%,$-0.22B,$0.06B,-263.83%,$2,$2,$1,$22,$52,$76,$-74,$-0,$-74,$0,$-74,$-74,$-74,$-73,$-74,$225,225,$-0.33,$-0.33,$82,$12,$0,$104,$1,$0,$0,$0,$1,$105,$45,$17,$0,$17,$62,$0,$-721,$0,$43,$105,$-138,$1,$17,$18,$-2,$-6,$0,$-6,$-0,$-121,$-0,$0,$0,$0,$0,$0,$0,$-0,$0,$0,$0,$122,$122,$0,$-2,$120,$-0,$16,$0
6,2017-03-31,4.66,$0.46,10.09,$0.00,0.0,$-1.96,0.0,$-1.06,0.0,$0.16B,$0.04B,3.75,$0.02B,$0.10B,0.16,$0.00B,$-0.00B,inf%,$0.00B,$-0.18B,inf%,$0.00B,$-0.18B,inf%,$0.00B,$-0.18B,inf%,$0.00B,$-0.20B,inf%,$0.00B,$-0.20B,inf%,$-0.20B,$0.10B,-403.96%,$-0.20B,$0.10B,-403.96%,$-0.20B,$0.16B,-159.06%,$-0.18B,$0.12B,-183.67%,$0,$2,$-2,$18,$43,$63,$-63,$-2,$-65,$0,$-65,$-65,$-65,$-62,$-63,$215,215,$-0.30,$-0.30,$139,$10,$0,$163,$1,$0,$0,$0,$1,$164,$43,$17,$0,$17,$60,$0,$-648,$0,$104,$164,$-65,$1,$4,$5,$-6,$-4,$0,$-3,$-3,$-63,$-0,$0,$0,$0,$0,$0,$0,$-0,$0,$0,$0,$122,$122,$0,$-2,$120,$57,$3,$0
7,2016-12-31,6.09,$0.19,32.88,0,0.0,$-1.90,0.0,$-1.27,0.0,$0.09B,$0.03B,3.02,$0.02B,$0.04B,0.6,$0.00B,0,nan%,$0.00B,$-0.15B,inf%,$0.00B,$-0.15B,inf%,$0.00B,$-0.14B,inf%,$0.00B,$-0.20B,inf%,$0.00B,$-0.20B,inf%,$-0.20B,$0.04B,-865.22%,$-0.20B,$0.04B,-865.22%,$-0.20B,$0.09B,-182.15%,$-0.15B,$0.06B,-170.59%,$0,$0,$0,$15,$28,$42,$-42,$-17,$-60,$0,$-60,$-60,$-60,$-40,$-42,$164,164,$-0.25,$-0.25,$82,$6,$0,$89,$1,$0,$0,$0,$1,$90,$29,$23,$0,$23,$52,$0,$-583,$0,$38,$90,$-199,$7,$55,$62,$0,$-6,$0,$1,$7,$-130,$-0,$0,$0,$50,$0,$50,$0,$50,$0,$0,$0,$101,$101,$0,$-1,$101,$21,$13,$0
8,2016-09-30,5.51,$0.07,82.24,0,0.0,$-2.06,0.0,$-1.23,0.0,$0.11B,$0.02B,4.71,$0.08B,$0.01B,6.31,$0.00B,0,nan%,$0.00B,$-0.13B,inf%,$0.00B,$-0.13B,inf%,$0.00B,$-0.12B,inf%,$0.00B,$-0.17B,inf%,$0.00B,$-0.17B,inf%,$-0.17B,$0.01B,67600.00%,$-0.17B,$0.01B,67600.00%,$-0.17B,$0.11B,-146.00%,$-0.13B,$0.09B,-138.30%,$0,$0,$0,$25,$14,$38,$-38,$-2,$-40,$0,$-40,$-40,$-40,$-38,$-38,$180,180,$-0.22,$-0.22,$109,$0,$0,$111,$1,$0,$0,$0,$1,$112,$24,$76,$0,$76,$100,$0,$-523,$0,$12,$112,$-139,$5,$36,$41,$0,$0,$0,$2,$5,$-92,$-0,$0,$0,$50,$0,$50,$0,$50,$0,$0,$0,$90,$90,$0,$-0,$90,$47,$8,$0
9,2016-06-30,3.8,$0.26,14.38,0,0.0,$-2.19,0.0,$-1.24,0.0,$0.15B,$0.02B,6.29,$0.08B,$0.05B,1.6,$0.00B,0,nan%,$0.00B,$-0.12B,inf%,$0.00B,$-0.12B,inf%,$0.00B,$-0.11B,inf%,$0.00B,$-0.16B,inf%,$0.00B,$-0.16B,inf%,$-0.16B,$0.05B,1550.00%,$-0.16B,$0.05B,1550.00%,$-0.16B,$0.15B,-125.25%,$-0.12B,$0.12B,-111.65%,$0,$0,$0,$27,$10,$37,$-37,$-2,$-39,$0,$-39,$-39,$-39,$-37,$-37,$168,168,$-0.23,$-0.23,$141,$0,$0,$145,$1,$0,$0,$0,$1,$147,$23,$76,$0,$76,$99,$0,$-483,$0,$48,$147,$-98,$4,$31,$36,$0,$0,$0,$-2,$3,$-60,$-0,$0,$0,$50,$0,$50,$0,$50,$0,$0,$0,$90,$90,$0,$0,$90,$80,$4,$0
10,2016-03-31,2.76,$-0.04,-63.59,0,0.0,$-2.32,0.0,$-1.35,0.0,$0.09B,$0.02B,4.54,$0.08B,$-0.01B,-11.63,$0.00B,0,nan%,$0.00B,$-0.11B,inf%,$0.00B,$-0.11B,inf%,$0.00B,$-0.10B,inf%,$0.00B,$-0.15B,inf%,$0.00B,$-0.15B,inf%,$-0.15B,$-0.01B,545.45%,$-0.15B,$-0.01B,545.45%,$-0.15B,$0.09B,-116.96%,$-0.11B,$0.07B,-96.55%,$0,$0,$0,$21,$6,$28,$-28,$-32,$-60,$0,$-60,$-60,$-60,$-23,$-28,$118,118,$-0.51,$-0.51,$84,$0,$0,$88,$1,$0,$0,$0,$1,$88,$19,$76,$0,$76,$95,$0,$-444,$0,$-6,$88,$-60,$4,$29,$33,$0,$0,$0,$0,$-0,$-28,$-0,$0,$0,$50,$0,$50,$0,$50,$0,$0,$0,$0,$0,$0,$0,$0,$23,$1,$0
11,2015-12-31,5.67,$-0.49,-11.68,0,0.0,$-2.32,0.0,$-1.12,0.0,$0.12B,$0.02B,5.88,$0.15B,$-0.06B,-2.74,$0.00B,0,nan%,$0.00B,$-0.10B,inf%,$0.00B,$-0.10B,inf%,$0.00B,$-0.10B,inf%,$0.00B,$-0.12B,inf%,$0.00B,$-0.12B,inf%,$-0.12B,$-0.06B,362.79%,$-0.12B,$-0.06B,362.79%,$-0.12B,$0.12B,-75.48%,$-0.10B,$0.10B,-73.94%,$0,$0,$0,$20,$7,$27,$-27,$-3,$-30,$0,$-30,$-30,$-30,$-26,$-27,$106,106,$-0.26,$-0.26,$112,$0,$0,$115,$1,$0,$0,$0,$1,$116,$20,$151,$0,$152,$171,$0,$-384,$0,$-55,$116,$-118,$5,$10,$15,$0,$0,$0,$-0,$2,$-101,$-0,$0,$0,$-0,$0,$-0,$0,$-0,$0,$0,$0,$16,$16,$0,$0,$16,$-85,$10,$0
12,2015-09-30,5.28,$-0.24,-22.18,0,0.0,$-2.31,0.0,$-1.17,0.0,$0.14B,$0.02B,7.25,$0.15B,$-0.03B,-5.57,$0.00B,0,nan%,$0.00B,$-0.10B,inf%,$0.00B,$-0.10B,inf%,$0.00B,$-0.10B,inf%,$0.00B,$-0.12B,inf%,$0.00B,$-0.12B,inf%,$-0.12B,$-0.03B,597.47%,$-0.12B,$-0.03B,597.47%,$-0.12B,$0.14B,-66.95%,$-0.10B,$0.12B,-64.33%,$0,$0,$0,$20,$3,$23,$-23,$-3,$-26,$0,$-26,$-26,$-26,$-22,$-23,$111,111,$-0.23,$-0.23,$142,$0,$0,$143,$1,$0,$0,$0,$1,$144,$20,$151,$1,$151,$171,$0,$-354,$0,$-27,$144,$-87,$4,$8,$12,$0,$0,$0,$5,$4,$-71,$-0,$0,$0,$-50,$0,$-50,$0,$-50,$0,$0,$0,$17,$17,$0,$-0,$16,$-105,$8,$0
13,2015-06-30,8.3,$-0.20,-40.55,0,0.0,$-2.32,0.0,$-1.18,0.0,$0.16B,$0.02B,9.78,$0.17B,$-0.02B,-7.66,$0.00B,0,nan%,$0.00B,$-0.10B,inf%,$0.00B,$-0.10B,inf%,$0.00B,$-0.10B,inf%,$0.00B,$-0.12B,inf%,$0.00B,$-0.12B,inf%,$-0.12B,$-0.02B,1393.94%,$-0.12B,$-0.02B,1393.94%,$-0.12B,$0.17B,-76.79%,$-0.10B,$0.15B,-77.25%,$0,$0,$0,$20,$7,$27,$-27,$-7,$-34,$0,$-34,$-34,$-34,$-25,$-27,$100,100,$-0.34,$-0.34,$162,$0,$0,$164,$1,$0,$0,$0,$1,$165,$17,$168,$2,$170,$187,$0,$-328,$0,$-22,$165,$-61,$2,$10,$12,$0,$0,$0,$1,$-0,$-49,$-0,$0,$0,$-50,$0,$-50,$0,$-50,$0,$0,$0,$15,$15,$0,$-0,$14,$-85,$8,$0
14,2015-03-31,4.62,$-0.25,-18.29,0,0.0,$-2.25,0.0,$-1.12,0.0,$0.18B,$0.02B,9.53,$0.20B,$-0.03B,-8.09,$0.00B,0,nan%,$0.00B,$-0.10B,inf%,$0.00B,$-0.10B,inf%,$0.00B,$-0.10B,inf%,$0.00B,$-0.11B,inf%,$0.00B,$-0.11B,inf%,$-0.11B,$-0.03B,-1585.19%,$-0.11B,$-0.03B,-1585.19%,$-0.11B,$0.20B,-87.17%,$-0.10B,$0.18B,-97.35%,$0,$0,$0,$18,$5,$23,$-23,$-5,$-27,$0,$-27,$-27,$-27,$-22,$-23,$97,97,$-0.28,$-0.28,$179,$0,$0,$182,$1,$0,$0,$0,$13,$195,$19,$200,$0,$200,$220,$0,$-294,$0,$-25,$195,$-27,$1,$3,$3,$0,$0,$0,$4,$1,$-23,$-0,$0,$0,$-50,$0,$-50,$0,$-50,$0,$0,$0,$6,$6,$0,$-0,$5,$-68,$2,$0
15,2014-12-31,3.05,$-0.05,-57.12,0,0.0,$-2.23,0.0,$-1.02,0.0,$0.20B,$0.02B,10.92,$0.19B,$-0.01B,-36.38,$0.00B,0,nan%,$0.00B,$-0.09B,inf%,$0.00B,$-0.09B,inf%,$0.00B,$-0.09B,inf%,$0.00B,$-0.10B,inf%,$0.00B,$-0.10B,inf%,$-0.10B,$-0.01B,-333.91%,$-0.10B,$-0.01B,-333.91%,$-0.10B,$0.20B,-102.95%,$-0.09B,$0.18B,-124.09%,$0,$0,$0,$25,$3,$28,$-28,$-3,$-31,$0,$-31,$-31,$-31,$-27,$-28,$94,94,$-0.32,$-0.32,$196,$0,$0,$200,$1,$0,$0,$0,$1,$201,$18,$188,$0,$188,$206,$0,$-267,$0,$-5,$201,$-96,$1,$3,$4,$0,$0,$0,$2,$3,$-89,$-0,$0,$0,$0,$0,$0,$0,$0,$200,$0,$200,$34,$34,$0,$-17,$217,$128,$5,$0
16,2014-09-30,2.79,$0.20,13.96,0,0.0,$-1.90,0.0,$-0.92,0.0,$0.04B,$0.02B,1.98,$0.00B,$0.02B,0.0,$0.00B,0,nan%,$0.00B,$-0.09B,inf%,$0.00B,$-0.09B,inf%,$0.00B,$-0.09B,inf%,$0.00B,$-0.09B,inf%,$0.00B,$-0.09B,inf%,$-0.09B,$0.02B,-194.29%,$-0.09B,$0.02B,-194.29%,$-0.09B,$0.04B,-138.78%,$-0.09B,$0.02B,-194.29%,$0,$0,$0,$21,$3,$23,$-23,$0,$-23,$0,$-23,$-23,$-23,$-23,$-23,$95,95,$-0.24,$-0.24,$33,$0,$0,$37,$1,$0,$0,$0,$1,$38,$19,$0,$0,$0,$19,$0,$-236,$0,$19,$38,$-65,$0,$2,$2,$0,$0,$0,$-0,$3,$-61,$-0,$0,$0,$30,$0,$30,$0,$30,$0,$0,$0,$29,$29,$0,$-4,$25,$-5,$3,$0
17,2014-06-30,4.07,$0.41,10.01,0,0.0,$-1.70,0.0,$-0.83,0.0,$0.06B,$0.02B,3.12,$0.00B,$0.04B,0.0,$0.00B,0,nan%,$0.00B,$-0.08B,inf%,$0.00B,$-0.08B,inf%,$0.00B,$-0.08B,inf%,$0.00B,$-0.08B,inf%,$0.00B,$-0.08B,inf%,$-0.08B,$0.04B,-132.17%,$-0.08B,$0.04B,-132.17%,$-0.08B,$0.06B,-103.05%,$-0.08B,$0.04B,-130.43%,$0,$0,$0,$24,$2,$27,$-27,$1,$-26,$0,$-26,$-26,$-26,$-27,$-27,$94,94,$-0.28,$-0.28,$51,$0,$0,$56,$1,$0,$0,$0,$1,$57,$18,$0,$1,$1,$18,$0,$-213,$0,$38,$57,$-42,$0,$1,$1,$0,$0,$0,$-1,$1,$-40,$-0,$0,$0,$0,$0,$0,$0,$0,$0,$0,$0,$26,$26,$0,$-4,$22,$-17,$2,$0
18,2014-03-31,5.31,$0.67,7.93,0,0.0,$-1.61,0.0,$-0.66,0.0,$0.08B,$0.01B,6.05,$0.00B,$0.06B,0.0,$0.00B,0,nan%,$0.00B,$-0.06B,inf%,$0.00B,$-0.06B,inf%,$0.00B,$-0.06B,inf%,$0.00B,$-0.06B,inf%,$0.00B,$-0.06B,inf%,$-0.06B,$0.06B,-86.33%,$-0.06B,$0.06B,-86.33%,$-0.06B,$0.08B,-72.07%,$-0.06B,$0.06B,-86.33%,$0,$0,$0,$13,$3,$16,$-16,$0,$-16,$0,$-16,$-16,$-16,$-16,$-16,$92,92,$-0.18,$-0.18,$71,$0,$0,$76,$1,$0,$0,$0,$1,$77,$13,$0,$1,$1,$14,$0,$-187,$0,$63,$77,$-16,$0,$1,$1,$0,$0,$0,$-2,$-5,$-20,$-0,$0,$0,$0,$0,$0,$0,$0,$0,$0,$0,$26,$26,$0,$-4,$22,$3,$1,$0
19,2013-12-31,5.63,$0.61,9.17,0,0.0,$-1.61,0.0,$-0.74,0.0,$0.07B,$0.02B,4.59,$0.00B,$0.06B,0.0,$0.00B,0,nan%,$0.00B,$-0.06B,inf%,$0.00B,$-0.06B,inf%,$0.00B,$-0.06B,inf%,$0.00B,$-0.06B,inf%,$0.00B,$-0.06B,inf%,$-0.06B,$0.06B,-113.51%,$-0.06B,$0.06B,-113.51%,$-0.06B,$0.07B,-90.32%,$-0.06B,$0.06B,-111.71%,$0,$0,$0,$16,$3,$19,$-19,$-0,$-20,$0,$-20,$-20,$-20,$-19,$-19,$85,85,$-0.21,$-0.21,$68,$0,$0,$72,$1,$0,$0,$0,$1,$73,$16,$0,$2,$2,$17,$0,$-171,$0,$55,$73,$-62,$0,$4,$5,$0,$0,$0,$-2,$5,$-53,$-1,$0,$0,$-30,$0,$-30,$-0,$-31,$0,$0,$0,$95,$95,$0,$-6,$89,$6,$5,$0
20,2013-09-30,4.57,$0.82,5.58,0,0.0,$-1.49,0.0,$-0.70,0.0,$0.09B,$0.01B,6.63,$0.00B,$0.07B,0.0,$0.00B,0,nan%,$0.00B,$-0.06B,inf%,$0.00B,$-0.06B,inf%,$0.00B,$-0.05B,inf%,$0.00B,$-0.06B,inf%,$0.00B,$-0.06B,inf%,$-0.06B,$0.07B,-114.58%,$-0.06B,$0.07B,-114.58%,$-0.06B,$0.09B,-90.53%,$-0.06B,$0.07B,-114.58%,$0,$0,$0,$11,$3,$13,$-13,$-0,$-14,$0,$-14,$-14,$-14,$-13,$-13,$90,90,$-0.15,$-0.15,$82,$0,$0,$87,$1,$0,$0,$0,$1,$88,$13,$0,$1,$1,$14,$0,$-151,$0,$74,$88,$-42,$0,$3,$3,$0,$0,$0,$-4,$1,$-39,$-1,$0,$0,$-50,$0,$-50,$-0,$-51,$0,$0,$0,$95,$95,$0,$-6,$89,$-0,$3,$0
21,2013-06-30,4.32,$0.96,4.52,0,0.0,$-1.40,0.0,$-0.70,0.0,$0.10B,$0.01B,11.88,$0.00B,$0.09B,0.0,$0.00B,0,nan%,$0.00B,$-0.05B,inf%,$0.00B,$-0.05B,inf%,$0.00B,$-0.05B,inf%,$0.00B,$-0.05B,inf%,$0.00B,$-0.05B,inf%,$-0.05B,$0.09B,-136.00%,$-0.05B,$0.09B,-136.00%,$-0.05B,$0.10B,-104.08%,$-0.05B,$0.09B,-138.67%,$0,$0,$0,$9,$3,$12,$-12,$2,$-10,$0,$-10,$-10,$-10,$-12,$-12,$87,87,$-0.11,$-0.11,$92,$0,$0,$95,$0,$0,$0,$0,$1,$95,$8,$0,$1,$1,$9,$0,$-138,$0,$86,$95,$-29,$0,$1,$2,$0,$0,$0,$-1,$-1,$-29,$-0,$0,$0,$-64,$0,$-64,$-0,$-65,$0,$0,$0,$95,$95,$0,$-6,$89,$-4,$2,$0
22,2013-03-31,6.07,$0.10,61.75,0,0.0,$-1.30,0.0,$-0.59,0.0,$0.02B,$0.01B,2.44,$0.00B,$0.01B,0.0,$0.00B,0,nan%,$0.00B,$-0.05B,inf%,$0.00B,$-0.05B,inf%,$0.00B,$-0.05B,inf%,$0.00B,$-0.05B,inf%,$0.00B,$-0.05B,inf%,$-0.05B,$0.01B,-198.10%,$-0.05B,$0.01B,-198.10%,$-0.05B,$0.02B,-136.84%,$-0.05B,$0.01B,-190.48%,$0,$0,$0,$14,$3,$18,$-18,$-1,$-19,$0,$-19,$-19,$-19,$-18,$-18,$73,73,$-0.26,$-0.26,$21,$0,$0,$23,$0,$0,$0,$0,$0,$23,$9,$0,$6,$6,$16,$0,$-128,$0,$7,$23,$-19,$0,$2,$2,$0,$0,$0,$-0,$1,$-16,$-0,$0,$0,$8,$0,$8,$-0,$8,$0,$0,$0,$5,$5,$0,$-0,$5,$-3,$1,$0
23,2012-12-31,5.26,$0.37,14.11,0,0.0,$-1.21,0.0,$-0.46,0.0,$0.03B,$0.01B,4.66,$0.00B,$0.03B,0.0,$0.00B,0,nan%,$0.00B,$-0.04B,inf%,$0.00B,$-0.04B,inf%,$0.00B,$-0.04B,inf%,$0.00B,$-0.04B,inf%,$0.00B,$-0.04B,inf%,$-0.04B,$0.03B,-158.42%,$-0.04B,$0.03B,-158.42%,$-0.04B,$0.04B,-115.11%,$-0.04B,$0.03B,-154.46%,$0,$0,$0,$8,$2,$12,$-12,$-0,$-12,$0,$-12,$-12,$-12,$-11,$-12,$62,62,$-0.19,$-0.19,$33,$0,$0,$34,$0,$0,$0,$3,$3,$37,$7,$0,$5,$5,$13,$0,$-109,$0,$25,$37,$-39,$-0,$4,$4,$0,$0,$0,$-0,$4,$-31,$-0,$0,$0,$-20,$0,$-20,$-2,$-22,$0,$0,$0,$56,$56,$0,$-4,$52,$-1,$3,$0
24,2012-09-30,4.78,$0.48,9.93,0,0.0,$-1.15,0.0,$-0.40,0.0,$0.04B,$0.01B,7.77,$0.00B,$0.03B,0.0,$0.00B,0,nan%,$0.00B,$-0.04B,inf%,$0.00B,$-0.04B,inf%,$0.00B,$-0.04B,inf%,$0.00B,$-0.03B,inf%,$0.00B,$-0.03B,inf%,$-0.03B,$0.03B,-158.14%,$-0.03B,$0.03B,-158.14%,$-0.03B,$0.04B,-115.25%,$-0.04B,$0.03B,-162.79%,$0,$0,$0,$8,$2,$10,$-10,$0,$-10,$0,$-10,$-10,$-10,$-10,$-10,$66,66,$-0.15,$-0.15,$37,$0,$0,$39,$0,$0,$0,$3,$3,$41,$5,$0,$5,$5,$10,$0,$-97,$0,$32,$41,$-27,$-0,$3,$2,$0,$0,$0,$-0,$2,$-23,$0,$0,$0,$-20,$0,$-20,$-1,$-21,$0,$0,$0,$48,$48,$0,$0,$48,$4,$1,$0
25,2012-06-30,4.75,$0.63,7.58,0,0.0,$-1.01,0.0,$-0.25,0.0,$0.05B,$0.01B,9.14,$0.00B,$0.04B,0.0,$0.00B,0,nan%,$0.00B,$-0.03B,inf%,$0.00B,$-0.03B,inf%,$0.00B,$-0.03B,inf%,$0.00B,$-0.03B,inf%,$0.00B,$-0.03B,inf%,$-0.03B,$0.04B,-222.22%,$-0.03B,$0.04B,-222.22%,$-0.03B,$0.05B,-126.58%,$-0.03B,$0.04B,-266.67%,$0,$0,$0,$8,$2,$10,$-10,$-1,$-11,$0,$-11,$-11,$-11,$-10,$-10,$60,60,$-0.17,$-0.17,$44,$0,$0,$45,$0,$4,$0,$2,$6,$51,$5,$0,$5,$5,$10,$0,$-87,$0,$41,$51,$-18,$-0,$2,$2,$0,$0,$0,$-0,$2,$-14,$0,$0,$0,$-20,$0,$-20,$-0,$-20,$0,$0,$0,$52,$52,$0,$-3,$48,$14,$1,$0
26,2012-03-31,4.05,$0.06,68.41,0,0.0,$-0.93,0.0,$-0.25,0.0,$0.01B,$0.00B,2.54,$0.00B,$0.00B,0.0,$0.00B,0,nan%,$0.00B,$-0.02B,inf%,$0.00B,$-0.02B,inf%,$0.00B,$-0.02B,inf%,$0.00B,$-0.02B,inf%,$0.00B,$-0.02B,inf%,$-0.02B,$0.00B,1266.67%,$-0.02B,$0.00B,1266.67%,$-0.02B,$0.01B,-245.16%,$-0.02B,$0.00B,1600.00%,$0,$0,$0,$5,$2,$7,$-7,$0,$-7,$0,$-7,$-7,$-7,$-7,$-7,$54,54,$-0.13,$-0.13,$6,$0,$0,$8,$0,$0,$0,$2,$2,$10,$3,$0,$3,$3,$6,$0,$-77,$0,$3,$10,$-7,$0,$0,$0,$0,$0,$0,$-1,$-0,$-7,$0,$0,$0,$0,$0,$0,$-0,$-0,$0,$0,$0,$0,$0,$0,$0,$0,$-7,$0,$0
27,2011-12-31,3.51,$0.18,19.45,0,0.0,$-0.87,0.0,$-0.20,0.0,$0.01B,$0.00B,5.21,$0.00B,$0.01B,0.0,$0.00B,0,nan%,$0.00B,$-0.02B,inf%,$0.00B,$-0.02B,inf%,$0.00B,$-0.02B,inf%,$0.00B,$-0.02B,inf%,$0.00B,$-0.02B,inf%,$-0.02B,$0.01B,400.00%,$-0.02B,$0.01B,400.00%,$-0.02B,$0.02B,-266.67%,$-0.02B,$0.01B,500.00%,$0,$0,$0,$6,$2,$8,$-8,$2,$-6,$0,$-6,$-6,$-6,$-8,$-8,$48,48,$-0.11,$-0.11,$13,$0,$0,$14,$0,$0,$0,$2,$2,$16,$3,$0,$3,$3,$6,$0,$-70,$0,$10,$16,$-14,$0,$-4,$-4,$0,$0,$0,$-0,$-2,$-21,$0,$0,$0,$0,$0,$0,$0,$0,$0,$0,$0,$35,$35,$0,$-2,$33,$12,$1,$0
28,2011-09-30,4.42,$-0.18,-24.51,0,0.0,$-0.67,0.0,$-0.08,0.0,$0.00B,$0.01B,0.1,$0.00B,$-0.01B,0.0,$0.00B,0,nan%,$0.00B,$-0.02B,inf%,$0.00B,$-0.02B,inf%,$0.00B,$-0.02B,inf%,$0.00B,$-0.01B,inf%,$0.00B,$-0.01B,inf%,$-0.01B,$-0.01B,186.67%,$-0.01B,$-0.01B,186.67%,$-0.01B,$0.00B,-466.67%,$-0.02B,$-0.01B,213.33%,$0,$0,$0,$4,$1,$5,$-5,$4,$-1,$0,$-1,$-1,$-1,$-5,$-5,$47,47,$-0.01,$-0.01,$0,$0,$0,$1,$0,$0,$0,$1,$1,$2,$7,$0,$4,$4,$11,$0,$-64,$0,$-9,$2,$-9,$0,$-3,$-3,$0,$0,$0,$0,$2,$-10,$0,$0,$0,$0,$0,$0,$0,$0,$0,$0,$0,$8,$8,$0,$-1,$8,$-2,$0,$0
29,2011-06-30,8.2,$-0.21,-38.55,0,0.0,$-0.67,0.0,$-0.08,0.0,$0.00B,$0.01B,0.28,$0.00B,$-0.01B,0.0,$0.00B,0,nan%,$0.00B,$-0.02B,inf%,$0.00B,$-0.02B,inf%,$0.00B,$-0.02B,inf%,$0.00B,$-0.02B,inf%,$0.00B,$-0.02B,inf%,$-0.02B,$-0.01B,278.26%,$-0.02B,$-0.01B,278.26%,$-0.02B,$0.00B,-492.31%,$-0.02B,$-0.01B,260.87%,$0,$0,$0,$2,$2,$4,$-4,$-1,$-5,$0,$-5,$-5,$-5,$-4,$-4,$47,47,$-0.10,$-0.10,$1,$0,$0,$1,$0,$0,$0,$1,$1,$3,$5,$0,$8,$8,$13,$0,$-63,$0,$-10,$3,$-8,$0,$1,$1,$0,$0,$0,$0,$-0,$-7,$0,$0,$0,$0,$0,$0,$0,$0,$0,$0,$0,$6,$6,$0,$-0,$5,$-1,$0,$0
30,2011-03-31,7.68,$-0.16,-48.45,0,0.0,$-0.65,0.0,$-0.08,0.0,$0.00B,$0.01B,0.31,$0.00B,$-0.01B,0.0,$0.00B,0,nan%,$0.00B,$-0.02B,inf%,$0.00B,$-0.02B,inf%,$0.00B,$-0.02B,inf%,$0.00B,$-0.02B,inf%,$0.00B,$-0.02B,inf%,$-0.02B,$-0.01B,566.67%,$-0.02B,$-0.01B,566.67%,$-0.02B,$0.00B,-453.33%,$-0.02B,$-0.01B,566.67%,$0,$0,$0,$1,$2,$3,$-3,$-0,$-4,$0,$-4,$-4,$-4,$-3,$-3,$46,46,$-0.08,$-0.08,$1,$0,$0,$2,$0,$0,$0,$2,$2,$3,$5,$0,$5,$5,$11,$0,$-59,$0,$-7,$3,$-4,$0,$0,$0,$0,$0,$0,$0,$0,$-3,$0,$0,$0,$0,$0,$0,$0,$0,$0,$0,$0,$2,$2,$0,$0,$2,$-1,$0,$0
31,2010-12-31,7.0,$-0.09,-78.74,0,0.0,$-0.65,0.0,0,0.0,$0.00B,$0.01B,0.54,$0.00B,$-0.00B,0.0,$0.00B,0,nan%,$0.00B,$-0.02B,inf%,$0.00B,$-0.02B,inf%,$0.00B,$-0.02B,inf%,$0.00B,$-0.02B,inf%,$0.00B,$-0.02B,inf%,$-0.02B,$-0.00B,inf%,$-0.02B,$-0.00B,inf%,$-0.02B,$0.00B,-333.33%,$-0.02B,$-0.00B,inf%,$0,$0,$0,$2,$3,$4,$-4,$1,$-4,$0,$-4,$-4,$-4,$-4,$-4,$45,45,$-0.06,$-0.06,$2,$0,$0,$3,$0,$0,$0,$2,$2,$4,$5,$0,$3,$3,$9,$0,$-55,$0,$-4,$4,$-15,$0,$0,$0,$0,$0,$0,$0,$3,$-11,$0,$0,$0,$0,$0,$0,$-1,$-1,$0,$0,$0,$7,$7,$0,$-0,$7,$-5,$1,$0
32,2010-09-30,5.0,$-0.04,-123.46,0,0.0,$-0.63,0.0,0,0.0,$0.00B,$0.00B,0.34,$0.00B,$-0.00B,0.0,$0.00B,0,nan%,$0.00B,$-0.02B,inf%,$0.00B,$-0.02B,inf%,$0.00B,$-0.02B,inf%,$0.00B,$-0.01B,inf%,$0.00B,$-0.01B,inf%,$-0.01B,$-0.00B,-509.09%,$-0.01B,$-0.00B,-509.09%,$-0.01B,$0.00B,-243.48%,$-0.02B,$-0.00B,-545.45%,$0,$0,$0,$2,$1,$4,$-4,$0,$-3,$0,$-3,$-3,$-3,$-4,$-4,$45,45,$-0.08,$-0.08,$1,$0,$0,$1,$0,$0,$0,$2,$2,$3,$3,$0,$1,$1,$5,$0,$-51,$0,$-2,$3,$-12,$0,$0,$0,$0,$0,$0,$0,$2,$-9,$0,$0,$0,$0,$0,$0,$-1,$-1,$0,$0,$0,$3,$3,$0,$-0,$3,$-7,$1,$0
33,2010-06-30,15.76,$0.03,610.85,0,0.0,$-0.53,0.0,0,0.0,$0.00B,$0.00B,1.25,$0.00B,$0.00B,0.0,$0.00B,0,nan%,$0.00B,$-0.01B,inf%,$0.00B,$-0.01B,inf%,$0.00B,$-0.01B,inf%,$0.00B,$-0.01B,inf%,$0.00B,$-0.01B,inf%,$-0.01B,$0.00B,-346.67%,$-0.01B,$0.00B,-346.67%,$-0.01B,$0.01B,-216.67%,$-0.01B,$0.00B,-346.67%,$0,$0,$0,$4,$1,$6,$-6,$0,$-6,$0,$-6,$-6,$-6,$-6,$-6,$44,44,$-0.14,$-0.14,$1,$0,$2,$4,$0,$0,$0,$1,$1,$5,$3,$0,$1,$1,$4,$0,$-48,$0,$1,$5,$-8,$0,$0,$0,$0,$0,$0,$1,$2,$-6,$0,$0,$0,$0,$0,$0,$-0,$-0,$0,$0,$0,$0,$0,$0,$-0,$0,$-6,$0,$0
34,2010-03-31,16.9,$0.12,140.37,0,0.0,$-0.45,0.0,0,0.0,$0.01B,$0.00B,4.72,$0.00B,$0.01B,0.0,$0.00B,0,nan%,$0.00B,$-0.01B,inf%,$0.00B,$-0.01B,inf%,$0.00B,$-0.01B,inf%,$0.00B,$-0.01B,inf%,$0.00B,$-0.01B,inf%,$-0.01B,$0.01B,-240.00%,$-0.01B,$0.01B,-240.00%,$-0.01B,$0.01B,-156.52%,$-0.01B,$0.01B,-240.00%,$0,$0,$0,$1,$1,$2,$-2,$0,$-2,$0,$-2,$-2,$-2,$-2,$-2,$44,44,$-0.06,$-0.06,$4,$0,$0,$5,$0,$0,$0,$1,$1,$6,$1,$0,$0,$0,$1,$0,$-42,$0,$5,$6,$-2,$0,$0,$0,$0,$0,$0,$-0,$-1,$-3,$0,$0,$0,$0,$0,$0,$-0,$-0,$0,$0,$0,$0,$0,$0,$0,$0,$-3,$0,$0
35,2009-12-31,11.2,$0.17,66.15,0,0.0,$-0.40,0.0,0,0.0,$0.01B,$0.00B,4.76,$0.00B,$0.01B,0.0,$0.00B,0,nan%,$0.00B,$-0.01B,inf%,$0.00B,$-0.01B,inf%,$0.00B,$-0.01B,inf%,$0.00B,$-0.01B,inf%,$0.00B,$-0.01B,inf%,$-0.01B,$0.01B,-400.00%,$-0.01B,$0.01B,-400.00%,$-0.01B,$0.01B,-177.78%,$-0.01B,$0.01B,-400.00%,$0,$0,$0,$1,$2,$3,$-3,$0,$-3,$0,$-3,$-3,$-3,$-3,$-3,$37,37,$-0.06,$-0.06,$7,$0,$0,$8,$0,$0,$0,$1,$1,$9,$2,$0,$0,$0,$2,$0,$-40,$0,$7,$9,$-8,$0,$1,$1,$0,$0,$0,$-1,$-1,$-8,$0,$0,$0,$0,$0,$0,$-0,$-0,$0,$0,$0,$16,$16,$0,$-0,$16,$7,$1,$0
36,2009-09-30,6.12,$0.04,153.77,0,0.0,$-0.20,0.0,0,0.0,$0.00B,$0.00B,1.26,$0.00B,$0.00B,0.0,$0.00B,0,nan%,$0.00B,$-0.01B,inf%,$0.00B,$-0.01B,inf%,$0.00B,$-0.01B,inf%,$0.00B,$-0.01B,inf%,$0.00B,$-0.01B,inf%,$-0.01B,$0.00B,inf%,$-0.01B,$0.00B,inf%,$-0.01B,$0.00B,-280.00%,$-0.01B,$0.00B,inf%,$0,$0,$0,$1,$1,$2,$-2,$0,$-2,$0,$-2,$-2,$-2,$-2,$-2,$38,38,$-0.06,$-0.06,$3,$0,$0,$3,$0,$0,$0,$1,$1,$4,$3,$0,$0,$0,$3,$0,$-37,$0,$2,$4,$-5,$0,$1,$1,$0,$0,$0,$-0,$0,$-4,$0,$0,$0,$0,$0,$0,$-0,$-0,$0,$0,$0,$7,$7,$0,$-0,$7,$3,$1,$0
