,Date,Stock Price,Book Value per Share,Price to Book Ratio,TTM Sales per Share,Price to Sales Ratio,TTM FCF per Share,Price to FCF Ratio,TTM Net EPS,PE Ratio,Current Assets,Current Liabilities,Current Ratio,Long Term Debt,Shareholder's Equity_x,Debt to Equity Ratio,TTM Revenue_x,TTM Gross Profit,Gross Margin,TTM Revenue_y,TTM Operating Income,Operating Margin,TTM Revenue_x,TTM EBIT,EBIT Margin,TTM Revenue_y,TTM EBITDA,EBITDA Margin,TTM Revenue_x,TTM Pre-Tax Income,Pre-Tax Margin,TTM Revenue_y,TTM Net Income_x,Net Margin,TTM Net Income_y,Shareholder's Equity_y,Return on Equity,TTM Net Income_x,Tangible Equity,Return on Tangible Equity,TTM Net Income_y,Total Assets,Return on Assets,TTM Net Income,LT Investments & Debt,Return on Investment,revenue,cost-goods-sold,gross-profit,research-development-expenses,selling-general-administrative-expenses,operating-expenses,operating-income,total-non-operating-income-expense,pre-tax-income,total-provision-income-taxes,income-after-taxes,income-from-continuous-operations,net-income,ebitda,ebit,basic-shares-outstanding,shares-outstanding,eps-basic-net-earnings-per-share,eps-earnings-per-share-diluted,cash-on-hand,inventory,other-current-assets,total-current-assets,net-property-plant-equipment,long-term-investments,goodwill-intangible-assets-total,other-long-term-assets,total-long-term-assets,total-assets,total-current-liabilities,long-term-debt,other-non-current-liabilities,total-long-term-liabilities,total-liabilities,common-stock-net,retained-earnings-accumulated-deficit,comprehensive-income,total-share-holder-equity,total-liabilities-share-holders-equity,net-income-loss,total-depreciation-amortization-cash-flow,other-non-cash-items,total-non-cash-items,change-in-accounts-receivable,change-in-inventories,change-in-accounts-payable,change-in-assets-liabilities,total-change-in-assets-liabilities,cash-flow-from-operating-activities,net-change-in-property-plant-equipment,net-change-in-intangible-assets,net-acquisitions-divestitures,net-change-in-short-term-investments,net-change-in-long-term-investments,net-change-in-investments-total,investing-activities-other,cash-flow-from-investing-activities,net-long-term-debt,net-current-debt,debt-issuance-retirement-net-total,net-common-equity-issued-repurchased,net-total-equity-issued-repurchased,total-common-preferred-stock-dividends-paid,financial-activities-other,cash-flow-from-financial-activities,net-cash-flow,stock-based-compensation,common-stock-dividends-paid
0,2018-09-30,17.82,$13.45,1.33,$5.69,3.13,$2.79,6.39,$1.22,14.61,$1.22B,$1.30B,0.94,$0.00B,$0.17B,0.0,$0.07B,$0.07B,95.83%,$0.07B,$0.02B,31.94%,$0.07B,0,0.00%,$0.07B,0,0.00%,$0.07B,$0.02B,31.94%,$0.07B,$0.02B,20.83%,$0.02B,$0.17B,8.98%,$0.02B,$0.14B,11.11%,$0.02B,$1.47B,1.04%,$0.02B,$0.17B,13.77%,$19,$1,$18,$0,$11,$13,$6,$0,$6,$2,$4,$4,$4,$0,$0,$13,13,$0.35,$0.35,$49,$0,$0,$1219,$23,$174,$32,$25,$255,$1474,$1296,$0,$6,$6,$1302,$0,$110,$-4,$171,$1474,$13,$2,$2,$4,$-0,$0,$0,$-5,$-5,$12,$-1,$0,$0,$0,$25,$25,$-87,$-64,$0,$92,$92,$0,$0,$-3,$-21,$69,$17,$0,$-3
1,2018-06-30,18.94,$13.19,1.44,$5.57,3.4,$2.92,6.48,$1.14,16.61,$1.19B,$1.28B,0.93,$0.00B,$0.17B,0.0,$0.07B,$0.07B,97.14%,$0.07B,$0.02B,32.86%,$0.07B,0,0.00%,$0.07B,0,0.00%,$0.07B,$0.02B,32.86%,$0.07B,$0.01B,20.00%,$0.01B,$0.17B,8.48%,$0.01B,$0.14B,10.57%,$0.01B,$1.45B,0.99%,$0.02B,$0.17B,13.94%,$18,$1,$17,$0,$11,$12,$6,$-0,$6,$2,$4,$4,$4,$0,$0,$13,13,$0.34,$0.34,$43,$0,$0,$1190,$23,$182,$32,$24,$261,$1452,$1278,$0,$6,$6,$1284,$0,$106,$-4,$168,$1452,$8,$1,$1,$3,$0,$0,$0,$-5,$-4,$7,$-1,$0,$0,$0,$17,$17,$-63,$-47,$0,$81,$81,$0,$0,$-2,$-28,$52,$12,$0,$-2
2,2018-03-31,18.7,$12.95,1.44,$5.37,3.48,$2.88,6.5,$0.99,18.89,$1.15B,$1.25B,0.92,$0.00B,$0.17B,0.0,$0.07B,$0.07B,97.06%,$0.07B,$0.02B,30.88%,$0.07B,0,0.00%,$0.07B,0,0.00%,$0.07B,$0.02B,30.88%,$0.07B,$0.01B,17.65%,$0.01B,$0.17B,7.36%,$0.01B,$0.13B,9.20%,$0.01B,$1.42B,0.86%,$0.02B,$0.17B,12.88%,$18,$1,$17,$0,$12,$13,$5,$0,$5,$1,$4,$4,$4,$0,$0,$13,13,$0.32,$0.32,$42,$0,$0,$1152,$23,$190,$32,$24,$270,$1422,$1250,$0,$7,$7,$1257,$0,$103,$-3,$165,$1422,$4,$1,$1,$1,$0,$0,$0,$-4,$-3,$2,$-0,$0,$0,$0,$10,$10,$-26,$-17,$0,$51,$51,$0,$0,$-1,$-26,$25,$10,$0,$-1
3,2017-12-31,16.49,$12.90,1.28,$5.15,3.2,$3.00,5.5,$0.89,18.53,$1.12B,$1.23B,0.91,$0.00B,$0.16B,0.0,$0.07B,$0.06B,98.46%,$0.07B,$0.02B,32.31%,$0.07B,0,0.00%,$0.07B,0,0.00%,$0.07B,$0.02B,32.31%,$0.07B,$0.01B,16.92%,$0.01B,$0.16B,6.82%,$0.01B,$0.13B,8.24%,$0.01B,$1.39B,0.83%,$0.02B,$0.16B,13.02%,$17,$1,$17,$0,$11,$12,$6,$-0,$6,$3,$3,$3,$3,$0,$0,$13,13,$0.21,$0.21,$32,$0,$0,$1116,$23,$203,$32,$20,$278,$1394,$1225,$0,$6,$6,$1230,$0,$100,$-1,$164,$1394,$11,$2,$8,$10,$-1,$0,$-0,$-3,$-4,$17,$-1,$0,$64,$0,$-34,$-34,$-99,$-70,$0,$19,$19,$0,$0,$-3,$-7,$9,$-44,$1,$-3
4,2017-09-30,16.37,$12.82,1.28,$4.94,3.31,$3.17,5.16,$0.88,18.6,$1.08B,$1.21B,0.9,$0.00B,$0.16B,0.0,$0.06B,$0.06B,96.83%,$0.06B,$0.02B,31.75%,$0.06B,0,0.00%,$0.06B,0,0.00%,$0.06B,$0.02B,30.16%,$0.06B,$0.01B,15.87%,$0.01B,$0.16B,6.30%,$0.01B,$0.13B,7.35%,$0.01B,$1.38B,0.79%,$0.02B,$0.16B,12.60%,$17,$1,$17,$0,$11,$12,$6,$0,$6,$2,$3,$3,$3,$0,$0,$13,13,$0.27,$0.27,$44,$0,$0,$1082,$23,$220,$33,$19,$294,$1376,$1208,$0,$6,$6,$1213,$0,$98,$-0,$163,$1376,$9,$2,$6,$7,$-0,$0,$-0,$-2,$-2,$14,$-1,$0,$64,$0,$-48,$-48,$-53,$-38,$0,$-2,$-2,$0,$0,$-2,$-4,$-7,$-32,$1,$-2
5,2017-06-30,16.13,$12.61,1.28,$4.70,3.43,$3.15,5.12,$0.80,20.16,$1.08B,$1.20B,0.9,$0.00B,$0.16B,0.0,$0.06B,$0.06B,96.67%,$0.06B,$0.02B,30.00%,$0.06B,0,0.00%,$0.06B,0,0.00%,$0.06B,$0.02B,28.33%,$0.06B,$0.01B,15.00%,$0.01B,$0.16B,5.74%,$0.01B,$0.13B,6.47%,$0.01B,$1.36B,0.74%,$0.02B,$0.16B,11.48%,$16,$1,$15,$0,$11,$12,$4,$-0,$4,$2,$2,$2,$2,$0,$0,$13,13,$0.19,$0.19,$54,$0,$0,$1080,$23,$208,$32,$20,$283,$1363,$1200,$0,$3,$3,$1203,$0,$95,$0,$160,$1363,$5,$1,$5,$6,$-0,$0,$-0,$-4,$-4,$7,$-1,$0,$64,$0,$-36,$-36,$-41,$-14,$0,$0,$0,$0,$0,$-1,$-14,$-15,$-22,$1,$-1
6,2017-03-31,16.33,$12.44,1.31,$4.58,3.56,$3.37,4.85,$0.79,20.67,$0.93B,$1.00B,0.93,$0.00B,$0.16B,0.0,$0.06B,$0.06B,96.55%,$0.06B,$0.02B,31.03%,$0.06B,0,0.00%,$0.06B,0,0.00%,$0.06B,$0.02B,29.31%,$0.06B,$0.01B,15.52%,$0.01B,$0.16B,5.82%,$0.01B,$0.15B,6.35%,$0.01B,$1.17B,0.78%,$0.02B,$0.16B,11.63%,$15,$1,$15,$0,$10,$11,$5,$-0,$5,$2,$3,$3,$3,$0,$0,$13,13,$0.22,$0.22,$49,$0,$0,$932,$17,$185,$13,$21,$235,$1167,$1004,$0,$5,$5,$1009,$0,$93,$-0,$158,$1167,$3,$1,$2,$3,$-0,$0,$-0,$-2,$-2,$4,$-1,$0,$0,$0,$-13,$-13,$-20,$-34,$0,$-0,$-0,$0,$0,$-1,$4,$3,$-27,$0,$-1
7,2016-12-31,14.86,$12.18,1.22,$4.52,3.29,$3.40,4.37,$0.76,19.56,$0.94B,$1.00B,0.94,$0.00B,$0.15B,0.0,$0.06B,$0.06B,96.49%,$0.06B,$0.02B,29.82%,$0.06B,0,0.00%,$0.06B,0,0.00%,$0.06B,$0.02B,28.07%,$0.06B,$0.01B,14.04%,$0.01B,$0.15B,5.24%,$0.01B,$0.14B,5.72%,$0.01B,$1.16B,0.70%,$0.02B,$0.15B,11.13%,$15,$1,$14,$0,$9,$10,$5,$-0,$4,$2,$2,$2,$2,$0,$0,$13,13,$0.20,$0.20,$76,$0,$0,$939,$17,$171,$13,$21,$222,$1160,$1001,$0,$5,$5,$1006,$0,$91,$-1,$154,$1160,$10,$2,$8,$10,$-0,$0,$-0,$-1,$-1,$19,$-1,$0,$0,$0,$43,$43,$-76,$-34,$0,$-3,$-3,$0,$0,$-2,$22,$17,$2,$0,$-2
8,2016-09-30,11.44,$12.23,0.94,$4.46,2.57,$3.03,3.77,$0.73,15.67,$0.93B,$1.00B,0.93,$0.00B,$0.16B,0.0,$0.06B,$0.05B,96.43%,$0.06B,$0.02B,28.57%,$0.06B,0,0.00%,$0.06B,0,0.00%,$0.06B,$0.02B,28.57%,$0.06B,$0.01B,14.29%,$0.01B,$0.16B,5.30%,$0.01B,$0.14B,5.80%,$0.01B,$1.16B,0.70%,$0.02B,$0.16B,10.60%,$14,$1,$14,$0,$10,$10,$4,$-0,$4,$1,$2,$2,$2,$0,$0,$13,13,$0.19,$0.19,$75,$0,$0,$927,$17,$179,$13,$22,$231,$1158,$997,$0,$6,$6,$1003,$0,$89,$1,$155,$1158,$7,$2,$6,$8,$-0,$0,$-0,$-2,$-2,$13,$-1,$0,$0,$0,$40,$40,$-65,$-26,$0,$-2,$-2,$0,$0,$-1,$17,$14,$1,$0,$-1
9,2016-06-30,11.38,$12.04,0.95,$4.42,2.57,$2.75,4.14,$0.69,16.49,$0.87B,$0.97B,0.9,$0.00B,$0.15B,0.0,$0.06B,$0.05B,94.64%,$0.06B,$0.02B,26.79%,$0.06B,0,0.00%,$0.06B,0,0.00%,$0.06B,$0.02B,26.79%,$0.06B,$0.01B,14.29%,$0.01B,$0.15B,5.38%,$0.01B,$0.14B,5.89%,$0.01B,$1.13B,0.71%,$0.02B,$0.15B,10.08%,$14,$1,$13,$0,$10,$10,$4,$-0,$4,$1,$2,$2,$2,$0,$0,$13,13,$0.18,$0.18,$61,$0,$0,$874,$17,$200,$13,$22,$252,$1126,$968,$0,$5,$5,$973,$0,$87,$1,$152,$1126,$5,$1,$4,$5,$-0,$0,$-0,$-0,$-0,$9,$-0,$0,$0,$0,$18,$18,$-24,$-7,$0,$0,$0,$0,$0,$-1,$-14,$-15,$-13,$0,$-1
10,2016-03-31,11.57,$11.88,0.97,$4.37,2.65,$2.46,4.71,$0.64,18.08,$0.86B,$0.98B,0.89,$0.00B,$0.15B,0.0,$0.06B,$0.05B,94.55%,$0.06B,$0.01B,25.45%,$0.06B,0,0.00%,$0.06B,0,0.00%,$0.06B,$0.01B,25.45%,$0.06B,$0.01B,14.55%,$0.01B,$0.15B,5.46%,$0.01B,$0.14B,5.99%,$0.01B,$1.13B,0.72%,$0.01B,$0.15B,9.56%,$14,$1,$14,$0,$10,$10,$4,$-0,$4,$2,$2,$2,$2,$0,$0,$13,13,$0.19,$0.19,$74,$0,$0,$864,$17,$211,$13,$26,$267,$1131,$976,$0,$5,$5,$981,$0,$85,$1,$150,$1131,$2,$1,$2,$2,$-0,$0,$-0,$-1,$-1,$4,$-0,$0,$0,$0,$7,$7,$-4,$3,$0,$-1,$-1,$0,$0,$-0,$-6,$-7,$-0,$0,$-0
11,2015-12-31,10.48,$11.64,0.9,$4.30,2.44,$2.31,4.53,$0.56,18.72,$0.86B,$0.98B,0.88,$0.00B,$0.15B,0.0,$0.06B,$0.05B,92.73%,$0.06B,$0.01B,21.82%,$0.06B,0,0.00%,$0.06B,0,0.00%,$0.06B,$0.01B,21.82%,$0.06B,$0.01B,12.73%,$0.01B,$0.15B,4.84%,$0.01B,$0.13B,5.31%,$0.01B,$1.14B,0.63%,$0.01B,$0.15B,8.29%,$14,$1,$13,$0,$9,$10,$4,$-0,$4,$1,$2,$2,$2,$0,$0,$13,13,$0.17,$0.17,$74,$0,$0,$861,$17,$216,$13,$28,$275,$1135,$982,$0,$6,$6,$988,$0,$83,$-0,$147,$1135,$7,$2,$6,$9,$0,$0,$-0,$-1,$-1,$15,$-2,$0,$0,$0,$23,$23,$-87,$-65,$0,$2,$2,$0,$0,$-1,$26,$28,$-22,$0,$-1
12,2015-09-30,9.35,$11.55,0.81,$4.41,2.12,$2.25,4.16,$0.49,19.07,$0.84B,$0.97B,0.87,$0.00B,$0.15B,0.0,$0.05B,$0.05B,92.59%,$0.05B,$0.01B,18.52%,$0.05B,0,0.00%,$0.05B,0,0.00%,$0.05B,$0.01B,18.52%,$0.05B,$0.01B,11.11%,$0.01B,$0.15B,4.20%,$0.01B,$0.13B,4.62%,$0.01B,$1.12B,0.55%,$0.01B,$0.15B,6.99%,$14,$1,$13,$0,$10,$11,$3,$-0,$3,$1,$2,$2,$2,$0,$0,$13,13,$0.15,$0.15,$66,$0,$0,$835,$17,$225,$13,$28,$283,$1118,$966,$0,$6,$6,$972,$0,$81,$1,$146,$1118,$5,$2,$5,$6,$0,$0,$-0,$-1,$-1,$10,$-1,$0,$0,$0,$16,$16,$-67,$-52,$0,$2,$2,$0,$0,$-0,$10,$12,$-30,$0,$-0
13,2015-06-30,9.05,$11.35,0.8,$4.40,2.05,$2.23,4.05,$0.44,20.57,$0.79B,$0.94B,0.85,$0.00B,$0.14B,0.0,$0.05B,$0.05B,92.59%,$0.05B,$0.01B,16.67%,$0.05B,0,0.00%,$0.05B,0,0.00%,$0.05B,$0.01B,16.67%,$0.05B,$0.01B,9.26%,$0.01B,$0.14B,3.54%,$0.01B,$0.13B,3.91%,$0.01B,$1.08B,0.46%,$0.01B,$0.14B,6.37%,$13,$1,$12,$0,$10,$11,$3,$-0,$3,$1,$2,$2,$2,$0,$0,$13,13,$0.13,$0.13,$60,$0,$0,$793,$17,$233,$13,$29,$291,$1084,$936,$0,$5,$5,$941,$0,$80,$0,$143,$1084,$3,$1,$3,$4,$0,$0,$-0,$-1,$-1,$6,$-1,$0,$0,$0,$7,$7,$-30,$-24,$0,$2,$2,$0,$0,$0,$-20,$-18,$-36,$0,$0
14,2015-03-31,8.81,$11.31,0.78,$4.75,1.85,$2.37,3.72,$0.44,20.02,$0.79B,$0.95B,0.84,$0.00B,$0.14B,0.0,$0.06B,$0.05B,92.73%,$0.06B,$0.01B,14.55%,$0.06B,0,0.00%,$0.06B,0,0.00%,$0.06B,$0.01B,14.55%,$0.06B,$0.00B,7.27%,$0.00B,$0.14B,2.86%,$0.00B,$0.13B,3.16%,$0.00B,$1.09B,0.37%,$0.01B,$0.14B,5.72%,$14,$1,$13,$0,$10,$11,$2,$-0,$2,$1,$1,$1,$1,$0,$0,$13,13,$0.11,$0.11,$76,$0,$0,$790,$17,$245,$13,$30,$304,$1094,$946,$0,$6,$6,$951,$0,$78,$1,$143,$1094,$1,$1,$1,$2,$0,$0,$-0,$-1,$-1,$3,$-1,$0,$0,$0,$-3,$-3,$-11,$-15,$0,$0,$0,$0,$0,$0,$-8,$-8,$-20,$0,$0
15,2014-12-31,8.96,$11.13,0.81,$5.36,1.67,$2.67,3.36,$0.48,18.67,$0.80B,$0.95B,0.84,$0.00B,$0.14B,0.0,$0.06B,$0.05B,92.73%,$0.06B,$0.01B,14.55%,$0.06B,0,0.00%,$0.06B,0,0.00%,$0.06B,$0.01B,14.55%,$0.06B,$0.00B,7.27%,$0.00B,$0.14B,3.07%,$0.00B,$0.13B,3.44%,$0.00B,$1.10B,0.37%,$0.01B,$0.14B,6.14%,$13,$1,$12,$0,$10,$11,$2,$-0,$2,$1,$1,$1,$1,$0,$0,$11,11,$0.08,$0.08,$96,$0,$0,$799,$16,$241,$13,$31,$301,$1100,$954,$0,$6,$6,$960,$0,$76,$0,$140,$1100,$5,$2,$7,$9,$-0,$0,$-0,$-1,$-1,$13,$-2,$0,$3,$0,$-88,$-88,$-2,$-90,$0,$-5,$-5,$31,$31,$0,$16,$41,$-35,$0,$0
16,2014-09-30,8.64,$10.99,0.79,$5.82,1.48,$3.93,2.2,$0.52,16.61,$0.81B,$0.95B,0.85,$0.00B,$0.14B,0.0,$0.06B,$0.05B,92.86%,$0.06B,$0.01B,14.29%,$0.06B,0,0.00%,$0.06B,0,0.00%,$0.06B,$0.01B,14.29%,$0.06B,$0.00B,7.14%,$0.00B,$0.14B,3.31%,$0.00B,$0.13B,3.76%,$0.00B,$1.10B,0.38%,$0.01B,$0.14B,6.61%,$14,$1,$13,$0,$10,$11,$2,$-0,$2,$1,$1,$1,$1,$0,$0,$13,13,$0.10,$0.10,$110,$0,$0,$806,$15,$228,$13,$34,$290,$1096,$951,$0,$6,$6,$958,$0,$75,$-0,$139,$1096,$4,$2,$5,$7,$-0,$0,$-0,$-1,$-1,$9,$-1,$0,$3,$0,$-76,$-76,$4,$-70,$0,$1,$1,$31,$31,$0,$7,$39,$-21,$0,$0
17,2014-06-30,8.65,$10.90,0.79,$6.51,1.33,$4.45,1.94,$-0.93,0.0,$0.80B,$0.92B,0.86,$0.00B,$0.14B,0.0,$0.06B,$0.05B,92.98%,$0.06B,$-0.01B,-22.81%,$0.06B,0,0.00%,$0.06B,0,0.00%,$0.06B,$-0.01B,-22.81%,$0.06B,$-0.01B,-14.04%,$-0.01B,$0.14B,-7.16%,$-0.01B,$0.12B,-8.29%,$-0.01B,$1.07B,-0.76%,$-0.01B,$0.14B,-11.63%,$14,$1,$13,$0,$11,$12,$2,$-0,$2,$1,$1,$1,$1,$0,$0,$10,10,$0.13,$0.13,$94,$0,$0,$795,$15,$208,$13,$34,$270,$1065,$921,$0,$6,$6,$927,$0,$74,$-0,$137,$1065,$3,$1,$3,$4,$-0,$0,$-0,$-1,$-1,$6,$-0,$0,$3,$0,$-55,$-55,$2,$-51,$0,$-2,$-2,$31,$31,$0,$-20,$9,$-37,$0,$0
18,2014-03-31,9.13,$12.35,0.74,$6.84,1.33,$5.09,1.79,$-1.02,0.0,$0.83B,$0.94B,0.88,$0.00B,$0.11B,0.0,$0.06B,$0.05B,91.38%,$0.06B,$-0.01B,-24.14%,$0.06B,0,0.00%,$0.06B,0,0.00%,$0.06B,$-0.01B,-24.14%,$0.06B,$-0.01B,-15.52%,$-0.01B,$0.11B,-8.49%,$-0.01B,$0.09B,-10.03%,$-0.01B,$1.05B,-0.86%,$-0.01B,$0.11B,-13.21%,$14,$1,$13,$0,$11,$12,$2,$-0,$2,$1,$1,$1,$1,$0,$0,$8,8,$0.15,$0.15,$133,$0,$0,$826,$15,$157,$16,$35,$223,$1050,$938,$0,$7,$7,$945,$0,$73,$-0,$105,$1050,$1,$1,$2,$2,$0,$0,$-0,$0,$0,$4,$-0,$0,$0,$0,$-5,$-5,$9,$4,$0,$-2,$-2,$0,$0,$0,$-4,$-6,$2,$0,$0
19,2013-12-31,8.85,$12.19,0.73,$6.95,1.27,$5.21,1.7,$-1.14,0.0,$0.84B,$0.94B,0.89,$0.00B,$0.10B,0.0,$0.06B,$0.05B,89.83%,$0.06B,$-0.02B,-25.42%,$0.06B,0,0.00%,$0.06B,0,0.00%,$0.06B,$-0.02B,-27.12%,$0.06B,$-0.01B,-16.95%,$-0.01B,$0.10B,-9.24%,$-0.01B,$0.09B,-10.87%,$-0.01B,$1.05B,-0.94%,$-0.02B,$0.10B,-13.86%,$14,$1,$13,$0,$10,$12,$2,$-0,$2,$1,$1,$1,$1,$0,$0,$8,8,$0.14,$0.14,$131,$0,$0,$836,$15,$152,$16,$35,$218,$1054,$944,$0,$7,$7,$951,$0,$71,$-0,$103,$1054,$-10,$2,$24,$26,$0,$0,$-0,$3,$3,$20,$-1,$0,$0,$0,$-8,$-8,$39,$30,$0,$-4,$-4,$0,$0,$0,$-116,$-119,$-69,$0,$0
20,2013-09-30,8.44,$12.06,0.7,$6.90,1.22,$5.23,1.61,$-1.88,0.0,$0.84B,$0.94B,0.89,$0.00B,$0.10B,0.0,$0.06B,$0.05B,86.44%,$0.06B,$-0.03B,-42.37%,$0.06B,0,0.00%,$0.06B,0,0.00%,$0.06B,$-0.03B,-44.07%,$0.06B,$-0.02B,-27.12%,$-0.02B,$0.10B,-14.41%,$-0.02B,$0.09B,-16.89%,$-0.02B,$1.05B,-1.46%,$-0.03B,$0.10B,-22.52%,$15,$1,$14,$0,$32,$34,$-19,$-0,$-19,$-7,$-11,$-11,$-11,$0,$0,$8,8,$-1.35,$-1.35,$107,$0,$0,$838,$15,$138,$16,$44,$214,$1051,$942,$0,$8,$8,$949,$0,$70,$-1,$102,$1051,$-11,$2,$29,$31,$0,$0,$-0,$-10,$-10,$10,$-0,$0,$0,$0,$6,$6,$12,$17,$0,$-2,$-2,$0,$0,$0,$-119,$-121,$-93,$0,$0
21,2013-06-30,7.06,$13.43,0.53,$6.95,1.02,$5.47,1.29,$-0.75,0.0,$0.89B,$0.93B,0.96,$0.00B,$0.11B,0.0,$0.06B,$0.05B,84.75%,$0.06B,$-0.01B,-15.25%,$0.06B,0,0.00%,$0.06B,0,0.00%,$0.06B,$-0.01B,-16.95%,$0.06B,$-0.01B,-11.86%,$-0.01B,$0.11B,-6.09%,$-0.01B,$0.10B,-7.09%,$-0.01B,$1.05B,-0.62%,$-0.01B,$0.11B,-7.81%,$15,$2,$13,$0,$12,$14,$1,$-0,$1,$0,$0,$0,$0,$0,$0,$8,8,$0.04,$0.04,$125,$0,$0,$891,$15,$98,$16,$34,$163,$1054,$932,$0,$8,$8,$941,$0,$82,$-0,$114,$1054,$1,$1,$5,$6,$-0,$0,$-0,$3,$3,$10,$-0,$0,$0,$0,$47,$47,$-2,$45,$0,$-4,$-4,$0,$0,$0,$-127,$-131,$-76,$0,$0
22,2013-03-31,6.52,$13.51,0.48,$7.13,0.91,$5.45,1.2,$-0.76,0.0,$0.89B,$0.98B,0.91,$0.00B,$0.11B,0.0,$0.06B,$0.05B,85.00%,$0.06B,$-0.01B,-15.00%,$0.06B,0,0.00%,$0.06B,0,0.00%,$0.06B,$-0.01B,-18.33%,$0.06B,$-0.01B,-11.67%,$-0.01B,$0.11B,-6.02%,$-0.01B,$0.10B,-6.98%,$-0.01B,$1.11B,-0.60%,$-0.01B,$0.11B,-7.71%,$15,$2,$13,$0,$12,$14,$1,$-1,$0,$0,$0,$0,$0,$0,$0,$8,8,$0.03,$0.03,$122,$0,$0,$892,$16,$145,$16,$36,$213,$1105,$981,$0,$9,$9,$990,$0,$81,$1,$114,$1105,$0,$1,$3,$4,$0,$0,$-0,$1,$1,$5,$-0,$0,$0,$0,$3,$3,$-4,$-2,$0,$-3,$-3,$0,$0,$0,$-79,$-82,$-79,$0,$0
23,2012-12-31,5.17,$13.48,0.38,$7.29,0.71,$5.43,0.95,$-1.15,0.0,$0.97B,$1.06B,0.91,$0.00B,$0.11B,0.0,$0.06B,$0.05B,85.25%,$0.06B,$-0.02B,-24.59%,$0.06B,0,0.00%,$0.06B,0,0.00%,$0.06B,$-0.02B,-26.23%,$0.06B,$-0.01B,-16.39%,$-0.01B,$0.11B,-8.51%,$-0.01B,$0.10B,-9.88%,$-0.01B,$1.19B,-0.85%,$-0.02B,$0.11B,-12.71%,$14,$3,$11,$0,$19,$22,$-8,$-0,$-8,$-3,$-5,$-5,$-5,$0,$0,$8,8,$-0.59,$-0.59,$200,$0,$0,$969,$16,$148,$16,$36,$217,$1186,$1063,$0,$9,$9,$1072,$0,$81,$1,$114,$1186,$-10,$3,$26,$29,$1,$0,$-0,$2,$2,$21,$-2,$0,$0,$0,$-12,$-12,$30,$16,$-0,$-4,$-5,$0,$0,$-0,$39,$35,$72,$0,$-0
24,2012-09-30,5.78,$13.97,0.41,$7.65,0.76,$5.58,1.04,$-0.51,0.0,$0.98B,$1.05B,0.93,$0.00B,$0.12B,0.0,$0.06B,$0.06B,85.94%,$0.06B,$-0.01B,-9.38%,$0.06B,0,0.00%,$0.06B,0,0.00%,$0.06B,$-0.01B,-12.50%,$0.06B,$-0.01B,-7.81%,$-0.01B,$0.12B,-4.19%,$-0.01B,$0.10B,-4.85%,$-0.01B,$1.18B,-0.43%,$-0.01B,$0.12B,-5.00%,$15,$3,$13,$0,$16,$18,$-3,$-0,$-3,$-1,$-2,$-2,$-2,$0,$0,$8,8,$-0.22,$-0.22,$183,$0,$0,$979,$16,$130,$16,$38,$200,$1179,$1052,$0,$8,$9,$1060,$0,$86,$-0,$118,$1179,$-5,$2,$19,$21,$0,$0,$-0,$-3,$-3,$14,$-2,$0,$0,$0,$7,$7,$13,$18,$0,$-5,$-5,$0,$0,$-0,$29,$24,$56,$0,$-0
25,2012-06-30,5.74,$14.13,0.41,$7.88,0.73,$5.98,0.96,$-0.28,0.0,$0.97B,$1.05B,0.92,$0.00B,$0.12B,0.0,$0.07B,$0.06B,86.36%,$0.07B,$-0.00B,-1.52%,$0.07B,0,0.00%,$0.07B,0,0.00%,$0.07B,$-0.01B,-7.58%,$0.07B,$-0.00B,-4.55%,$-0.00B,$0.12B,-2.50%,$-0.00B,$0.10B,-2.90%,$-0.00B,$1.18B,-0.26%,$-0.00B,$0.12B,-0.83%,$16,$3,$14,$0,$13,$16,$1,$-0,$0,$0,$0,$0,$0,$0,$0,$8,8,$0.03,$0.03,$170,$0,$0,$967,$15,$138,$16,$39,$209,$1175,$1047,$0,$9,$9,$1056,$0,$88,$-1,$119,$1175,$-3,$1,$13,$14,$0,$0,$0,$-1,$-1,$11,$-1,$0,$0,$0,$-2,$-2,$15,$12,$0,$-4,$-4,$0,$0,$-0,$23,$19,$42,$0,$-0
26,2012-03-31,6.8,$14.02,0.49,$7.98,0.85,$6.04,1.13,$-0.34,0.0,$0.97B,$1.04B,0.93,$0.00B,$0.12B,0.0,$0.07B,$0.06B,85.07%,$0.07B,$-0.00B,-2.99%,$0.07B,0,0.00%,$0.07B,0,0.00%,$0.07B,$-0.01B,-7.46%,$0.07B,$-0.00B,-4.48%,$-0.00B,$0.12B,-2.49%,$-0.00B,$0.10B,-2.90%,$-0.00B,$1.17B,-0.26%,$-0.00B,$0.12B,-1.65%,$16,$3,$14,$0,$18,$21,$-5,$-1,$-5,$-2,$-3,$-3,$-3,$0,$0,$8,8,$-0.36,$-0.36,$166,$0,$0,$971,$15,$127,$17,$39,$198,$1170,$1042,$0,$9,$9,$1051,$0,$88,$-1,$119,$1170,$-3,$1,$9,$9,$0,$0,$0,$-1,$-1,$6,$-1,$0,$0,$0,$9,$9,$10,$19,$0,$-4,$-4,$0,$0,$-0,$18,$14,$38,$0,$-0
27,2011-12-31,4.93,$14.34,0.34,$8.07,0.61,$6.09,0.81,$-0.11,0.0,$0.96B,$1.03B,0.93,$0.00B,$0.12B,0.0,$0.07B,$0.06B,83.82%,$0.07B,$0.00B,1.47%,$0.07B,0,0.00%,$0.07B,0,0.00%,$0.07B,$-0.00B,-2.94%,$0.07B,$-0.00B,-1.47%,$-0.00B,$0.12B,-0.83%,$-0.00B,$0.11B,-0.96%,$-0.00B,$1.16B,-0.09%,$0.00B,$0.12B,0.82%,$17,$3,$14,$0,$13,$15,$1,$-1,$0,$0,$0,$0,$0,$0,$0,$8,8,$0.04,$0.04,$128,$0,$0,$955,$15,$136,$17,$36,$204,$1158,$1028,$0,$9,$9,$1037,$0,$91,$-2,$121,$1158,$-1,$4,$19,$22,$1,$0,$-0,$-0,$0,$22,$-1,$0,$0,$0,$-30,$-30,$28,$-3,$-0,$2,$1,$-0,$-0,$-1,$30,$31,$50,$0,$-1
28,2011-09-30,4.17,$14.31,0.29,$8.22,0.51,$5.84,0.71,$-0.05,0.0,$0.98B,$1.03B,0.95,$0.00B,$0.12B,0.01,$0.07B,$0.06B,84.06%,$0.07B,$0.00B,2.90%,$0.07B,0,0.00%,$0.07B,0,0.00%,$0.07B,$-0.00B,-1.45%,$0.07B,0,0.00%,$0.00B,$0.12B,0.00%,$0.00B,$0.10B,0.00%,$0.00B,$1.16B,0.00%,$0.00B,$0.12B,1.64%,$17,$3,$15,$0,$12,$15,$2,$-2,$0,$0,$0,$0,$0,$0,$0,$8,8,$0.01,$0.01,$129,$0,$0,$978,$14,$112,$17,$36,$180,$1158,$1027,$1,$8,$9,$1037,$0,$91,$-2,$121,$1158,$-1,$3,$15,$18,$1,$0,$-0,$-2,$-1,$16,$-1,$0,$0,$0,$-6,$-6,$10,$4,$0,$-1,$-1,$0,$0,$-1,$32,$31,$51,$0,$-1
29,2011-06-30,6.66,$14.30,0.47,$8.35,0.8,$5.49,1.21,$-0.23,0.0,$0.94B,$0.99B,0.95,$0.00B,$0.12B,0.01,$0.07B,$0.06B,82.86%,$0.07B,$0.00B,2.86%,$0.07B,0,0.00%,$0.07B,0,0.00%,$0.07B,$-0.00B,-2.86%,$0.07B,$-0.00B,-1.43%,$-0.00B,$0.12B,-0.82%,$-0.00B,$0.10B,-0.97%,$-0.00B,$1.12B,-0.09%,$0.00B,$0.12B,1.63%,$17,$3,$14,$0,$14,$17,$-0,$0,$-0,$-0,$-0,$-0,$-0,$0,$0,$8,8,$-0.03,$-0.03,$81,$0,$0,$942,$14,$113,$18,$37,$183,$1124,$992,$1,$11,$12,$1003,$0,$91,$-2,$121,$1124,$-1,$1,$11,$12,$1,$0,$0,$-1,$0,$11,$-0,$0,$0,$0,$-7,$-7,$4,$-4,$0,$2,$2,$0,$0,$-1,$-6,$-4,$3,$0,$-1
30,2011-03-31,9.29,$14.32,0.65,$8.52,1.09,$5.37,1.73,$-0.15,0.0,$0.96B,$1.00B,0.96,$0.00B,$0.12B,0.01,$0.07B,$0.06B,81.94%,$0.07B,$0.00B,4.17%,$0.07B,0,0.00%,$0.07B,0,0.00%,$0.07B,$-0.00B,-1.39%,$0.07B,$-0.00B,-1.39%,$-0.00B,$0.12B,-0.81%,$-0.00B,$0.10B,-0.96%,$-0.00B,$1.13B,-0.09%,$0.00B,$0.12B,2.42%,$17,$3,$14,$0,$16,$19,$-2,$0,$-2,$-1,$-1,$-1,$-1,$0,$0,$8,8,$-0.13,$-0.13,$90,$0,$0,$957,$14,$107,$18,$34,$174,$1131,$999,$1,$11,$12,$1010,$0,$91,$-2,$121,$1131,$-1,$1,$5,$6,$1,$0,$0,$-0,$1,$5,$-0,$0,$0,$0,$-2,$-2,$6,$4,$0,$-4,$-4,$0,$0,$-1,$7,$3,$12,$0,$-1
31,2010-12-31,9.98,$14.51,0.69,$8.71,1.15,$5.30,1.89,$-0.21,0.0,$0.96B,$1.00B,0.96,$0.00B,$0.12B,0.01,$0.07B,$0.06B,81.08%,$0.07B,$0.00B,2.70%,$0.07B,0,0.00%,$0.07B,0,0.00%,$0.07B,$-0.00B,-2.70%,$0.07B,$-0.00B,-2.70%,$-0.00B,$0.12B,-1.62%,$-0.00B,$0.10B,-1.92%,$-0.00B,$1.13B,-0.18%,$0.00B,$0.12B,1.60%,$18,$3,$15,$0,$13,$16,$2,$-1,$1,$0,$1,$1,$1,$0,$0,$8,8,$0.11,$0.11,$78,$0,$0,$959,$14,$106,$19,$32,$171,$1130,$996,$1,$11,$12,$1008,$0,$92,$-2,$123,$1130,$-2,$5,$19,$25,$-0,$0,$-1,$-2,$-3,$20,$-1,$0,$0,$0,$0,$0,$2,$1,$-0,$-4,$-5,$0,$0,$-2,$-11,$-18,$2,$0,$-2
32,2010-09-30,8.93,$14.49,0.62,$8.85,1.01,$4.69,1.9,$-0.17,0.0,$0.97B,$1.00B,0.97,$0.00B,$0.12B,0.01,$0.08B,$0.06B,80.00%,$0.08B,$0.00B,2.67%,$0.08B,0,0.00%,$0.08B,0,0.00%,$0.08B,$-0.00B,-1.33%,$0.08B,$-0.00B,-2.67%,$-0.00B,$0.12B,-1.60%,$-0.00B,$0.10B,-1.91%,$-0.00B,$1.14B,-0.18%,$0.00B,$0.12B,1.58%,$18,$3,$15,$0,$14,$17,$2,$-3,$-1,$-0,$-1,$-1,$-1,$0,$0,$8,8,$-0.17,$-0.17,$75,$0,$0,$968,$15,$104,$18,$30,$166,$1135,$1000,$1,$11,$12,$1012,$0,$92,$-2,$122,$1135,$-3,$5,$16,$20,$0,$0,$-1,$-3,$-4,$14,$-1,$0,$0,$0,$4,$4,$-4,$-2,$0,$-3,$-3,$0,$0,$-2,$-9,$-13,$-1,$0,$-2
33,2010-06-30,11.15,$14.77,0.76,$8.99,1.24,$4.39,2.54,$0.23,48.5,$0.96B,$0.99B,0.97,$0.00B,$0.13B,0.01,$0.08B,$0.06B,77.92%,$0.08B,$0.00B,3.90%,$0.08B,0,0.00%,$0.08B,0,0.00%,$0.08B,$0.00B,3.90%,$0.08B,$0.00B,1.30%,$0.00B,$0.13B,0.79%,$0.00B,$0.10B,0.95%,$0.00B,$1.13B,0.09%,$0.00B,$0.13B,2.34%,$19,$3,$15,$0,$14,$18,$1,$0,$1,$0,$0,$0,$0,$0,$0,$8,8,$0.05,$0.05,$65,$0,$0,$957,$15,$107,$21,$30,$172,$1129,$989,$1,$14,$15,$1005,$0,$94,$-1,$125,$1129,$-1,$1,$12,$13,$0,$0,$-0,$-1,$-1,$10,$-1,$0,$0,$0,$1,$1,$2,$1,$0,$-3,$-3,$0,$0,$-1,$-19,$-23,$-11,$0,$-1
34,2010-03-31,13.29,$14.82,0.9,$9.17,1.45,$4.19,3.17,$0.22,60.4,$0.97B,$1.01B,0.96,$0.00B,$0.13B,0.01,$0.08B,$0.06B,76.92%,$0.08B,$0.01B,6.41%,$0.08B,0,0.00%,$0.08B,0,0.00%,$0.08B,$0.01B,6.41%,$0.08B,$0.00B,1.28%,$0.00B,$0.13B,0.79%,$0.00B,$0.10B,0.95%,$0.00B,$1.15B,0.09%,$0.01B,$0.13B,3.83%,$19,$3,$15,$0,$18,$21,$-3,$0,$-3,$-1,$-2,$-2,$-2,$0,$0,$8,8,$-0.19,$-0.19,$72,$0,$0,$965,$15,$113,$21,$33,$182,$1146,$1005,$1,$15,$16,$1021,$0,$94,$-1,$125,$1146,$-2,$1,$7,$7,$0,$0,$-0,$-1,$-1,$5,$-1,$0,$0,$0,$-6,$-6,$6,$-2,$0,$-6,$-6,$0,$0,$-1,$-0,$-7,$-4,$0,$-1
35,2009-12-31,13.45,$15.18,0.89,$9.31,1.45,$4.14,3.25,$0.71,18.94,$0.98B,$1.01B,0.97,$0.00B,$0.13B,0.01,$0.08B,$0.06B,75.95%,$0.08B,$0.01B,15.19%,$0.08B,0,0.00%,$0.08B,0,0.00%,$0.08B,$0.01B,15.19%,$0.08B,$0.01B,6.33%,$0.01B,$0.13B,3.72%,$0.01B,$0.11B,4.43%,$0.01B,$1.16B,0.44%,$0.01B,$0.13B,8.63%,$19,$4,$15,$0,$13,$17,$2,$0,$2,$1,$1,$1,$1,$0,$0,$8,8,$0.15,$0.15,$76,$0,$0,$981,$14,$107,$21,$33,$175,$1157,$1011,$1,$16,$17,$1029,$0,$96,$0,$128,$1157,$7,$2,$8,$10,$-0,$0,$-1,$-1,$-2,$15,$-2,$0,$0,$0,$-21,$-21,$-45,$-67,$-7,$-33,$-39,$0,$1,$-7,$146,$101,$48,$0,$-5
36,2009-09-30,15.36,$15.23,1.01,$9.38,1.64,$4.49,3.42,$0.84,18.28,$1.00B,$1.01B,0.99,$0.00B,$0.13B,0.02,$0.08B,$0.06B,75.00%,$0.08B,$0.01B,17.50%,$0.08B,0,0.00%,$0.08B,0,0.00%,$0.08B,$0.01B,17.50%,$0.08B,$0.01B,7.50%,$0.01B,$0.13B,4.48%,$0.01B,$0.11B,5.32%,$0.01B,$1.16B,0.54%,$0.01B,$0.13B,9.96%,$20,$4,$15,$0,$12,$16,$3,$0,$3,$1,$2,$2,$2,$0,$0,$8,8,$0.23,$0.23,$87,$0,$0,$1001,$14,$104,$21,$14,$156,$1158,$1012,$2,$15,$17,$1029,$0,$96,$0,$128,$1158,$6,$1,$5,$6,$-0,$0,$-0,$-1,$-2,$11,$-1,$0,$0,$0,$-15,$-15,$-43,$-58,$-6,$-35,$-41,$0,$1,$-6,$153,$108,$60,$0,$-4
37,2009-06-30,16.33,$15.19,1.08,$9.50,1.72,$4.83,3.38,$0.98,16.66,$1.02B,$1.01B,1.01,$0.01B,$0.13B,0.06,$0.08B,$0.06B,74.07%,$0.08B,$0.02B,19.75%,$0.08B,0,0.00%,$0.08B,0,0.00%,$0.08B,$0.02B,19.75%,$0.08B,$0.01B,8.64%,$0.01B,$0.13B,5.25%,$0.01B,$0.11B,6.26%,$0.01B,$1.16B,0.65%,$0.02B,$0.14B,11.31%,$20,$5,$15,$0,$12,$17,$3,$0,$3,$1,$2,$2,$0,$0,$0,$8,8,$0.04,$0.04,$107,$0,$0,$1021,$14,$89,$22,$9,$137,$1158,$1012,$8,$11,$19,$1030,$0,$96,$1,$128,$1158,$4,$1,$4,$4,$0,$0,$0,$-0,$-0,$8,$-1,$0,$0,$0,$-1,$-1,$-35,$-36,$0,$-25,$-25,$0,$1,$-4,$136,$108,$80,$0,$-3
38,2009-03-31,15.11,$18.26,0.83,$9.54,1.58,$4.81,3.14,$1.27,11.9,$0.95B,$0.91B,1.05,$0.01B,$0.13B,0.06,$0.08B,$0.06B,74.07%,$0.08B,$0.02B,20.99%,$0.08B,0,0.00%,$0.08B,0,0.00%,$0.08B,$0.02B,20.99%,$0.08B,$0.01B,12.35%,$0.01B,$0.15B,7.58%,$0.01B,$0.13B,9.05%,$0.01B,$1.08B,0.96%,$0.02B,$0.16B,12.10%,$20,$4,$15,$0,$12,$16,$4,$0,$4,$1,$2,$2,$2,$0,$0,$8,8,$0.22,$0.22,$49,$0,$0,$954,$14,$79,$22,$6,$123,$1077,$906,$8,$9,$17,$923,$0,$97,$1,$153,$1077,$2,$0,$2,$2,$-0,$0,$-0,$-0,$-0,$4,$-0,$0,$0,$0,$10,$10,$-21,$-12,$0,$-22,$-22,$0,$25,$-1,$28,$29,$22,$0,$-1
39,2008-12-31,21.44,$15.16,1.41,$9.73,2.2,$5.03,4.26,$1.37,15.65,$0.91B,$0.90B,1.01,$0.01B,$0.13B,0.06,$0.08B,$0.06B,74.39%,$0.08B,$0.02B,21.95%,$0.08B,0,0.00%,$0.08B,0,0.00%,$0.08B,$0.02B,21.95%,$0.08B,$0.01B,13.41%,$0.01B,$0.13B,8.84%,$0.01B,$0.11B,10.73%,$0.01B,$1.05B,1.07%,$0.02B,$0.14B,13.36%,$20,$5,$15,$0,$11,$16,$4,$0,$4,$1,$2,$2,$2,$0,$0,$8,8,$0.27,$0.27,$27,$0,$0,$907,$14,$89,$22,$13,$138,$1045,$898,$8,$11,$19,$917,$0,$96,$1,$127,$1045,$11,$2,$2,$4,$0,$0,$-0,$-1,$-1,$14,$2,$0,$0,$0,$23,$23,$-114,$-89,$-5,$5,$1,$0,$0,$-5,$79,$75,$0,$0,$-5
40,2008-09-30,22.81,$14.92,1.53,$9.93,2.3,$5.10,4.47,$1.50,15.21,$0.90B,$0.89B,1.01,$0.01B,$0.13B,0.07,$0.08B,$0.06B,73.49%,$0.08B,$0.02B,22.89%,$0.08B,0,0.00%,$0.08B,0,0.00%,$0.08B,$0.02B,22.89%,$0.08B,$0.01B,14.46%,$0.01B,$0.13B,9.78%,$0.01B,$0.10B,11.94%,$0.01B,$1.04B,1.19%,$0.02B,$0.13B,14.15%,$21,$5,$15,$0,$10,$16,$5,$0,$5,$2,$3,$3,$3,$0,$0,$8,8,$0.37,$0.37,$38,$0,$0,$901,$14,$93,$22,$4,$136,$1037,$894,$8,$9,$17,$912,$0,$95,$0,$125,$1037,$9,$1,$2,$3,$-0,$0,$-1,$-1,$-2,$10,$2,$0,$0,$0,$17,$17,$-90,$-70,$-4,$5,$1,$0,$0,$-4,$73,$71,$11,$0,$-4
41,2008-06-30,16.5,$14.65,1.13,$9.83,1.68,$4.85,3.4,$1.53,10.79,$0.88B,$0.88B,1.01,$0.01B,$0.12B,0.07,$0.08B,$0.06B,73.17%,$0.08B,$0.02B,23.17%,$0.08B,0,0.00%,$0.08B,0,0.00%,$0.08B,$0.02B,23.17%,$0.08B,$0.01B,14.63%,$0.01B,$0.12B,9.92%,$0.01B,$0.10B,11.91%,$0.01B,$1.02B,1.22%,$0.02B,$0.13B,14.15%,$20,$5,$15,$0,$10,$16,$4,$0,$4,$2,$3,$3,$3,$0,$0,$8,8,$0.33,$0.33,$43,$0,$0,$883,$14,$93,$22,$5,$137,$1019,$879,$8,$9,$18,$896,$0,$93,$-0,$123,$1019,$6,$1,$1,$2,$0,$0,$-1,$-1,$-2,$6,$1,$0,$0,$0,$17,$17,$-65,$-47,$-4,$11,$7,$0,$0,$-3,$53,$57,$16,$0,$-3
42,2008-03-31,18.78,$14.62,1.29,$9.73,1.93,$4.82,3.9,$1.60,11.74,$0.86B,$0.85B,1.01,$0.02B,$0.12B,0.13,$0.08B,$0.06B,71.95%,$0.08B,$0.02B,24.39%,$0.08B,0,0.00%,$0.08B,0,0.00%,$0.08B,$0.02B,24.39%,$0.08B,$0.01B,14.63%,$0.01B,$0.12B,10.08%,$0.01B,$0.10B,11.88%,$0.01B,$1.00B,1.25%,$0.02B,$0.14B,14.63%,$21,$6,$16,$0,$10,$16,$5,$0,$5,$2,$3,$3,$3,$0,$0,$8,8,$0.40,$0.40,$52,$0,$0,$860,$15,$100,$22,$4,$144,$1004,$854,$15,$11,$27,$881,$0,$92,$1,$123,$1004,$3,$0,$1,$1,$-0,$0,$-0,$2,$2,$6,$-0,$0,$0,$0,$12,$12,$-32,$-20,$3,$-5,$-2,$0,$0,$-1,$43,$40,$26,$0,$-1
43,2007-12-31,19.08,$14.35,1.33,$9.51,2.01,$4.75,4.01,$1.61,11.85,$0.80B,$0.82B,0.98,$0.01B,$0.12B,0.1,$0.08B,$0.06B,70.37%,$0.08B,$0.02B,24.69%,$0.08B,0,0.00%,$0.08B,0,0.00%,$0.08B,$0.02B,24.69%,$0.08B,$0.01B,14.81%,$0.01B,$0.12B,10.30%,$0.01B,$0.10B,11.88%,$0.01B,$0.96B,1.26%,$0.02B,$0.13B,14.57%,$21,$6,$15,$0,$10,$16,$5,$0,$5,$2,$3,$3,$3,$0,$0,$8,8,$0.40,$0.39,$27,$0,$0,$802,$16,$111,$22,$4,$155,$957,$816,$12,$8,$20,$837,$0,$90,$0,$120,$957,$13,$1,$1,$3,$-0,$0,$1,$1,$1,$18,$-1,$0,$-5,$0,$22,$22,$-77,$-61,$-15,$19,$4,$-0,$-0,$-5,$-8,$-10,$-53,$0,$-5
44,2007-09-30,20.84,$14.05,1.48,$9.19,2.27,$4.43,4.71,$1.57,13.27,$0.78B,$0.80B,0.97,$0.02B,$0.12B,0.14,$0.08B,$0.06B,69.62%,$0.08B,$0.02B,27.85%,$0.08B,0,0.00%,$0.08B,0,0.00%,$0.08B,$0.02B,25.32%,$0.08B,$0.01B,15.19%,$0.01B,$0.12B,10.50%,$0.01B,$0.10B,11.88%,$0.01B,$0.94B,1.27%,$0.02B,$0.13B,15.94%,$20,$6,$14,$0,$8,$14,$5,$0,$5,$2,$3,$3,$3,$0,$0,$8,8,$0.40,$0.40,$31,$0,$0,$780,$16,$124,$13,$5,$160,$940,$802,$16,$4,$20,$822,$0,$88,$-0,$118,$940,$10,$1,$1,$2,$-1,$0,$-0,$-0,$-1,$11,$-1,$0,$0,$0,$8,$8,$-51,$-44,$-9,$11,$2,$-0,$-0,$-4,$-14,$-16,$-49,$0,$-4
45,2007-06-30,22.18,$13.72,1.62,$9.03,2.46,$4.41,5.03,$1.55,14.31,$0.78B,$0.79B,0.98,$0.03B,$0.12B,0.24,$0.08B,$0.05B,70.13%,$0.08B,$0.02B,28.57%,$0.08B,0,0.00%,$0.08B,0,0.00%,$0.08B,$0.02B,25.97%,$0.08B,$0.01B,15.58%,$0.01B,$0.12B,10.71%,$0.01B,$0.10B,12.12%,$0.01B,$0.94B,1.27%,$0.02B,$0.14B,15.94%,$20,$6,$14,$0,$8,$14,$5,$0,$5,$2,$3,$3,$3,$0,$0,$8,8,$0.40,$0.40,$48,$0,$0,$777,$16,$127,$13,$4,$163,$941,$794,$27,$4,$31,$826,$0,$86,$-1,$115,$941,$7,$1,$1,$1,$-0,$0,$-0,$-0,$-0,$8,$-1,$0,$0,$0,$4,$4,$-31,$-29,$2,$-1,$1,$-0,$-0,$-3,$-9,$-11,$-32,$0,$-3
46,2007-03-31,22.55,$13.54,1.67,$8.76,2.57,$4.42,5.1,$1.60,14.09,$0.79B,$0.82B,0.97,$0.03B,$0.11B,0.24,$0.07B,$0.05B,71.62%,$0.07B,$0.02B,31.08%,$0.07B,0,0.00%,$0.07B,0,0.00%,$0.07B,$0.02B,28.38%,$0.07B,$0.01B,17.57%,$0.01B,$0.11B,11.85%,$0.01B,$0.10B,13.44%,$0.01B,$0.96B,1.39%,$0.02B,$0.14B,17.01%,$20,$6,$14,$0,$8,$14,$5,$0,$5,$2,$3,$3,$3,$0,$0,$8,8,$0.41,$0.41,$97,$0,$0,$794,$16,$130,$13,$5,$166,$960,$816,$27,$4,$31,$847,$0,$84,$-1,$113,$960,$3,$0,$0,$1,$-0,$0,$0,$2,$2,$6,$-0,$0,$0,$0,$1,$1,$2,$3,$2,$4,$6,$-0,$-0,$-1,$4,$9,$17,$0,$-1
47,2006-12-31,25.56,$13.28,1.92,$8.44,3.03,$4.32,5.91,$1.62,15.81,$0.78B,$0.81B,0.97,$0.03B,$0.11B,0.23,$0.07B,$0.05B,73.24%,$0.07B,$0.02B,33.80%,$0.07B,0,0.00%,$0.07B,0,0.00%,$0.07B,$0.02B,30.99%,$0.07B,$0.01B,19.72%,$0.01B,$0.11B,13.02%,$0.01B,$0.10B,14.85%,$0.01B,$0.95B,1.55%,$0.02B,$0.14B,18.68%,$19,$6,$13,$0,$6,$12,$7,$0,$5,$2,$3,$3,$3,$0,$0,$8,8,$0.36,$0.35,$80,$0,$0,$779,$16,$131,$14,$4,$167,$946,$805,$25,$4,$29,$834,$0,$82,$-1,$111,$946,$14,$1,$1,$2,$-1,$0,$1,$0,$0,$16,$-2,$0,$0,$0,$-8,$-8,$-73,$-83,$21,$-7,$14,$1,$1,$-5,$70,$79,$12,$0,$-5
