,Date,Stock Price,Book Value per Share,Price to Book Ratio,TTM Sales per Share,Price to Sales Ratio,TTM FCF per Share,Price to FCF Ratio,TTM Net EPS,PE Ratio,Current Assets,Current Liabilities,Current Ratio,Long Term Debt,Shareholder's Equity_x,Debt to Equity Ratio,TTM Revenue_x,TTM Gross Profit,Gross Margin,TTM Revenue_y,TTM Operating Income,Operating Margin,TTM Revenue_x,TTM EBIT,EBIT Margin,TTM Revenue_y,TTM EBITDA,EBITDA Margin,TTM Revenue_x,TTM Pre-Tax Income,Pre-Tax Margin,TTM Revenue_y,TTM Net Income_x,Net Margin,TTM Net Income_y,Shareholder's Equity_y,Return on Equity,TTM Net Income_x,Tangible Equity,Return on Tangible Equity,TTM Net Income_y,Total Assets,Return on Assets,TTM Net Income,LT Investments & Debt,Return on Investment,revenue,cost-goods-sold,gross-profit,research-development-expenses,selling-general-administrative-expenses,operating-expenses,operating-income,total-non-operating-income-expense,pre-tax-income,total-provision-income-taxes,income-after-taxes,income-from-continuous-operations,net-income,ebitda,ebit,basic-shares-outstanding,shares-outstanding,eps-basic-net-earnings-per-share,eps-earnings-per-share-diluted,cash-on-hand,inventory,other-current-assets,total-current-assets,net-property-plant-equipment,long-term-investments,goodwill-intangible-assets-total,other-long-term-assets,total-long-term-assets,total-assets,total-current-liabilities,long-term-debt,other-non-current-liabilities,total-long-term-liabilities,total-liabilities,common-stock-net,retained-earnings-accumulated-deficit,comprehensive-income,total-share-holder-equity,total-liabilities-share-holders-equity,net-income-loss,total-depreciation-amortization-cash-flow,other-non-cash-items,total-non-cash-items,change-in-accounts-receivable,change-in-inventories,change-in-accounts-payable,change-in-assets-liabilities,total-change-in-assets-liabilities,cash-flow-from-operating-activities,net-change-in-property-plant-equipment,net-change-in-intangible-assets,net-acquisitions-divestitures,net-change-in-short-term-investments,net-change-in-long-term-investments,net-change-in-investments-total,investing-activities-other,cash-flow-from-investing-activities,net-long-term-debt,net-current-debt,debt-issuance-retirement-net-total,net-common-equity-issued-repurchased,net-total-equity-issued-repurchased,total-common-preferred-stock-dividends-paid,financial-activities-other,cash-flow-from-financial-activities,net-cash-flow,stock-based-compensation,common-stock-dividends-paid
0,2018-09-30,38.75,$8.98,4.32,$12.34,3.14,$5.48,7.07,$1.78,21.77,$0.21B,$0.14B,1.5,$0.69B,$0.45B,1.56,$0.62B,$0.38B,61.17%,$0.62B,$0.08B,12.78%,$0.62B,$0.08B,12.78%,$0.62B,$0.25B,40.94%,$0.62B,$0.05B,7.44%,$0.62B,$0.09B,14.56%,$0.09B,$0.45B,22.21%,$0.09B,$-0.08B,-67.04%,$0.09B,$1.47B,6.21%,$0.08B,$1.14B,6.98%,$159,$63,$96,$0,$27,$130,$28,$-8,$20,$5,$16,$16,$16,$70,$28,$50,50,$0.31,$0.31,$75,$5,$0,$206,$670,$12,$528,$0,$1264,$1470,$138,$694,$59,$887,$1025,$0,$385,$13,$445,$1470,$32,$128,$30,$158,$-5,$1,$-2,$-10,$-1,$189,$-92,$0,$0,$0,$0,$0,$-51,$-144,$-46,$0,$-46,$0,$0,$0,$-2,$-48,$-3,$5,$0
1,2018-06-30,32.7,$8.44,3.88,$12.21,2.68,$4.54,7.21,$1.54,21.23,$0.20B,$0.14B,1.41,$0.72B,$0.42B,1.71,$0.61B,$0.38B,61.87%,$0.61B,$0.06B,9.82%,$0.61B,$0.06B,9.82%,$0.61B,$0.24B,38.95%,$0.61B,$0.03B,4.42%,$0.61B,$0.08B,12.77%,$0.08B,$0.42B,21.15%,$0.08B,$-0.13B,-43.15%,$0.08B,$1.45B,5.41%,$0.06B,$1.13B,5.38%,$154,$64,$90,$0,$30,$135,$19,$-8,$11,$3,$8,$8,$8,$61,$19,$50,50,$0.16,$0.16,$66,$6,$0,$195,$668,$12,$543,$0,$1258,$1453,$139,$715,$56,$896,$1035,$0,$360,$12,$418,$1453,$13,$87,$12,$99,$-11,$-1,$2,$8,$15,$127,$-62,$0,$0,$0,$0,$0,$-52,$-114,$-24,$0,$-24,$0,$0,$0,$-2,$-26,$-13,$3,$0
2,2018-03-31,36.0,$8.24,4.37,$12.25,2.94,$3.61,9.97,$1.38,26.09,$0.18B,$0.13B,1.39,$0.74B,$0.41B,1.8,$0.61B,$0.39B,63.61%,$0.61B,$0.05B,8.03%,$0.61B,$0.05B,8.03%,$0.61B,$0.23B,38.03%,$0.61B,$0.02B,2.62%,$0.61B,$0.07B,11.48%,$0.07B,$0.41B,20.65%,$0.07B,$-0.15B,-31.75%,$0.07B,$1.46B,4.86%,$0.05B,$1.15B,4.43%,$152,$65,$87,$0,$29,$137,$14,$-8,$6,$1,$5,$5,$5,$59,$14,$49,50,$0.10,$0.10,$49,$8,$0,$181,$672,$12,$560,$0,$1278,$1459,$131,$736,$54,$920,$1051,$45,$352,$11,$408,$1459,$5,$45,$7,$51,$3,$-2,$0,$-5,$5,$61,$-24,$0,$0,$0,$0,$0,$-52,$-76,$-12,$0,$-12,$0,$0,$0,$-2,$-14,$-29,$2,$0
3,2017-12-31,33.8,$7.10,4.76,$12.31,2.75,$2.60,13.01,$1.33,25.41,$0.17B,$0.14B,1.26,$0.76B,$0.35B,2.16,$0.61B,$0.40B,65.52%,$0.61B,$0.05B,7.52%,$0.61B,$0.05B,7.52%,$0.61B,$0.23B,37.58%,$0.61B,$0.01B,2.12%,$0.61B,$0.07B,10.95%,$0.07B,$0.35B,21.49%,$0.07B,$-0.18B,-26.33%,$0.07B,$1.41B,4.66%,$0.05B,$1.11B,4.19%,$153,$49,$105,$0,$41,$135,$18,$-9,$9,$-51,$61,$61,$61,$63,$18,$49,50,$1.23,$1.21,$79,$6,$0,$173,$686,$11,$527,$0,$1239,$1412,$138,$758,$52,$924,$1062,$0,$297,$8,$350,$1412,$66,$183,$-17,$166,$16,$33,$-37,$-4,$-10,$223,$-146,$0,$-6,$0,$0,$0,$1,$-151,$-11,$0,$-11,$0,$0,$-12,$-5,$-29,$42,$4,$-12
4,2017-09-30,36.94,$6.08,6.08,$12.43,2.97,$0.83,44.47,$0.12,307.85,$0.17B,$0.13B,1.34,$0.78B,$0.30B,2.6,$0.62B,$0.40B,64.72%,$0.62B,$0.04B,6.34%,$0.62B,$0.04B,6.34%,$0.62B,$0.22B,35.45%,$0.62B,$0.01B,1.46%,$0.62B,$0.01B,0.98%,$0.01B,$0.30B,2.01%,$0.01B,$-0.27B,-2.10%,$0.01B,$1.45B,0.41%,$0.04B,$1.08B,3.56%,$152,$56,$96,$0,$42,$142,$9,$-9,$1,$-3,$4,$4,$4,$55,$9,$49,50,$0.07,$0.07,$75,$7,$0,$173,$683,$11,$568,$0,$1274,$1447,$130,$779,$81,$1018,$1148,$44,$249,$6,$299,$1447,$6,$138,$18,$156,$6,$32,$-31,$-2,$-3,$159,$-109,$0,$0,$0,$0,$0,$-6,$-115,$1,$0,$1,$0,$0,$0,$-5,$-4,$39,$3,$0
5,2017-06-30,30.49,$6.08,5.01,$12.60,2.42,$-0.31,0.0,$-0.11,0.0,$0.16B,$0.11B,1.41,$0.80B,$0.30B,2.68,$0.62B,$0.40B,64.68%,$0.62B,$0.03B,4.19%,$0.62B,$0.03B,4.19%,$0.62B,$0.21B,34.35%,$0.62B,$-0.00B,-0.48%,$0.62B,$-0.01B,-0.97%,$-0.01B,$0.30B,-2.01%,$-0.01B,$-0.28B,2.32%,$-0.01B,$1.44B,-0.41%,$0.03B,$1.10B,2.37%,$153,$53,$100,$0,$43,$145,$8,$-8,$0,$0,$-0,$-0,$-0,$55,$8,$49,49,$-0.00,$-0.00,$60,$14,$0,$158,$679,$11,$583,$0,$1285,$1443,$112,$800,$71,$1032,$1144,$47,$246,$6,$299,$1443,$2,$93,$9,$101,$5,$25,$-41,$-4,$-17,$87,$-69,$0,$0,$0,$0,$0,$-6,$-74,$13,$0,$13,$0,$0,$0,$-2,$11,$24,$2,$0
6,2017-03-31,27.86,$6.10,4.57,$12.15,2.29,$-0.87,0.0,$-0.25,0.0,$0.15B,$0.11B,1.36,$0.81B,$0.30B,2.71,$0.60B,$0.38B,63.82%,$0.60B,$0.01B,2.01%,$0.60B,$0.01B,2.01%,$0.60B,$0.19B,31.66%,$0.60B,$-0.02B,-2.51%,$0.60B,$-0.01B,-2.18%,$-0.01B,$0.30B,-4.34%,$-0.01B,$-0.29B,5.70%,$-0.01B,$1.45B,-0.89%,$0.01B,$1.11B,1.09%,$154,$54,$100,$0,$40,$143,$11,$-8,$3,$1,$2,$2,$2,$57,$11,$49,50,$0.05,$0.05,$40,$25,$0,$150,$690,$11,$587,$0,$1303,$1453,$110,$811,$65,$1043,$1154,$46,$246,$7,$299,$1453,$2,$46,$8,$54,$2,$14,$-39,$-12,$-32,$24,$-39,$0,$0,$0,$0,$0,$0,$-38,$19,$0,$19,$0,$0,$0,$-1,$18,$4,$2,$0
7,2016-12-31,27.11,$6.05,4.48,$10.94,2.48,$-0.12,0.0,$-0.02,0.0,$0.16B,$0.16B,0.98,$0.80B,$0.30B,2.69,$0.54B,$0.34B,63.81%,$0.54B,$0.02B,4.10%,$0.54B,$0.02B,4.10%,$0.54B,$0.17B,31.90%,$0.54B,$0.00B,0.37%,$0.54B,$-0.00B,-0.19%,$-0.00B,$0.30B,-0.33%,$-0.00B,$-0.30B,1.03%,$-0.00B,$1.48B,-0.08%,$0.02B,$1.09B,2.35%,$156,$53,$102,$0,$38,$144,$11,$-6,$5,$5,$-0,$-0,$-0,$51,$11,$49,49,$-0.01,$0.00,$36,$39,$0,$161,$698,$10,$600,$0,$1323,$1484,$164,$797,$57,$1024,$1189,$45,$244,$7,$296,$1484,$-1,$148,$-28,$120,$15,$-30,$42,$6,$41,$162,$-173,$0,$-657,$0,$0,$0,$11,$-820,$646,$0,$646,$3,$3,$-12,$-20,$618,$-41,$3,$-12
8,2016-09-30,26.74,$6.10,4.39,$9.54,2.8,$1.13,23.7,$0.22,121.56,$0.14B,$0.14B,1.05,$0.78B,$0.30B,2.63,$0.47B,$0.30B,63.60%,$0.47B,$0.03B,7.07%,$0.47B,$0.03B,7.07%,$0.47B,$0.16B,34.05%,$0.47B,$0.02B,3.85%,$0.47B,$0.01B,2.36%,$0.01B,$0.30B,3.68%,$0.01B,$-0.16B,31.65%,$0.01B,$1.43B,1.06%,$0.03B,$1.08B,4.23%,$157,$58,$99,$0,$40,$161,$-4,$-7,$-11,$-4,$-8,$-8,$-8,$50,$-4,$49,49,$-0.16,$-0.16,$30,$14,$0,$142,$668,$10,$458,$150,$1292,$1434,$135,$784,$69,$1000,$1135,$44,$256,$-2,$298,$1434,$-1,$108,$-46,$62,$8,$-6,$4,$3,$33,$95,$-103,$0,$-656,$0,$0,$0,$3,$-755,$627,$0,$627,$-2,$-2,$0,$-15,$611,$-49,$3,$0
9,2016-06-30,38.39,$6.22,6.17,$8.07,4.76,$2.17,17.69,$0.55,70.44,$0.16B,$0.14B,1.14,$0.80B,$0.30B,2.62,$0.40B,$0.25B,64.05%,$0.40B,$0.05B,13.16%,$0.40B,$0.05B,13.16%,$0.40B,$0.14B,36.20%,$0.40B,$0.04B,10.63%,$0.40B,$0.03B,6.84%,$0.03B,$0.30B,9.12%,$0.03B,$-0.16B,20.81%,$0.03B,$1.46B,3.24%,$0.05B,$1.10B,8.28%,$130,$50,$80,$0,$34,$136,$-6,$-6,$-12,$-5,$-7,$-7,$-7,$31,$-6,$49,49,$-0.14,$-0.14,$43,$19,$0,$158,$654,$13,$464,$157,$1298,$1456,$138,$795,$76,$1013,$1152,$44,$264,$-4,$304,$1456,$7,$55,$-48,$7,$-4,$-11,$6,$3,$34,$50,$-60,$0,$-644,$0,$0,$0,$0,$-704,$634,$0,$634,$-1,$-1,$0,$-15,$618,$-36,$2,$0
10,2016-03-31,26.29,$6.22,4.23,$7.15,3.68,$3.08,8.52,$0.90,29.21,$0.13B,$0.06B,2.34,$0.17B,$0.30B,0.57,$0.35B,$0.23B,64.96%,$0.35B,$0.08B,21.94%,$0.35B,$0.08B,21.94%,$0.35B,$0.15B,42.45%,$0.35B,$0.07B,20.23%,$0.35B,$0.04B,12.54%,$0.04B,$0.30B,15.17%,$0.04B,$0.24B,19.75%,$0.04B,$0.63B,7.05%,$0.08B,$0.48B,16.37%,$93,$32,$61,$0,$21,$71,$21,$-1,$20,$6,$14,$14,$14,$39,$21,$49,49,$0.29,$0.28,$89,$4,$0,$129,$411,$11,$67,$0,$500,$629,$55,$172,$28,$271,$326,$33,$271,$-1,$303,$629,$14,$18,$-0,$18,$2,$-0,$2,$-2,$9,$43,$-20,$0,$-2,$0,$0,$0,$0,$-23,$-6,$0,$-6,$-1,$-1,$0,$-2,$-8,$12,$1,$0
11,2015-12-31,21.16,$5.98,3.54,$6.99,3.03,$2.91,7.26,$0.83,25.49,$0.13B,$0.06B,2.11,$0.18B,$0.29B,0.61,$0.34B,$0.22B,64.62%,$0.34B,$0.08B,21.93%,$0.34B,$0.08B,21.93%,$0.34B,$0.15B,42.40%,$0.34B,$0.07B,19.88%,$0.34B,$0.04B,11.70%,$0.04B,$0.29B,14.22%,$0.04B,$0.22B,18.71%,$0.04B,$0.63B,6.44%,$0.08B,$0.47B,16.03%,$87,$30,$57,$0,$17,$66,$22,$-1,$21,$9,$12,$12,$12,$39,$22,$48,49,$0.24,$0.25,$77,$4,$0,$128,$410,$11,$67,$0,$499,$627,$61,$177,$22,$276,$337,$33,$257,$0,$290,$627,$41,$71,$3,$74,$-1,$0,$3,$-5,$5,$119,$-70,$0,$0,$0,$0,$0,$0,$-69,$-23,$0,$-23,$1,$1,$-11,$-9,$-42,$8,$2,$-11
12,2015-09-30,20.83,$5.93,3.51,$6.91,3.01,$2.86,7.28,$0.77,27.23,$0.13B,$0.06B,2.32,$0.18B,$0.29B,0.64,$0.34B,$0.22B,63.61%,$0.34B,$0.07B,20.41%,$0.34B,$0.07B,20.41%,$0.34B,$0.14B,41.42%,$0.34B,$0.06B,18.34%,$0.34B,$0.04B,10.95%,$0.04B,$0.29B,13.54%,$0.04B,$0.22B,18.00%,$0.04B,$0.62B,5.97%,$0.07B,$0.47B,14.81%,$85,$31,$55,$0,$18,$70,$15,$-2,$13,$5,$8,$8,$8,$34,$15,$48,49,$0.17,$0.16,$87,$5,$0,$132,$398,$10,$67,$0,$489,$620,$57,$184,$25,$276,$333,$32,$256,$-0,$287,$620,$29,$54,$-5,$49,$-3,$0,$-4,$-4,$5,$83,$-39,$0,$0,$0,$0,$0,$0,$-39,$-17,$0,$-17,$-1,$-1,$0,$-7,$-25,$18,$2,$0
13,2015-06-30,16.65,$5.78,2.88,$6.86,2.43,$2.80,5.94,$0.77,21.77,$0.13B,$0.06B,2.41,$0.19B,$0.28B,0.68,$0.34B,$0.21B,62.39%,$0.34B,$0.07B,20.30%,$0.34B,$0.07B,20.30%,$0.34B,$0.14B,40.90%,$0.34B,$0.06B,18.51%,$0.34B,$0.04B,11.04%,$0.04B,$0.28B,13.87%,$0.04B,$0.21B,18.64%,$0.04B,$0.62B,5.99%,$0.07B,$0.47B,14.62%,$86,$30,$55,$0,$19,$67,$19,$-1,$17,$7,$10,$10,$10,$37,$19,$48,49,$0.22,$0.21,$92,$6,$0,$134,$403,$11,$68,$0,$488,$622,$56,$190,$25,$287,$343,$31,$248,$1,$280,$622,$21,$34,$-2,$32,$-0,$-0,$-3,$-5,$7,$60,$-25,$0,$0,$0,$0,$0,$0,$-25,$-12,$0,$-12,$-1,$-1,$0,$0,$-12,$23,$1,$0
14,2015-03-31,15.16,$5.55,2.73,$6.78,2.23,$3.46,4.39,$0.73,20.91,$0.13B,$0.05B,2.41,$0.20B,$0.27B,0.73,$0.33B,$0.20B,61.52%,$0.33B,$0.07B,19.70%,$0.33B,$0.07B,19.70%,$0.33B,$0.13B,40.30%,$0.33B,$0.06B,17.88%,$0.33B,$0.04B,10.91%,$0.04B,$0.27B,13.86%,$0.04B,$0.20B,18.82%,$0.04B,$0.62B,5.87%,$0.07B,$0.46B,14.00%,$84,$31,$54,$0,$19,$66,$19,$-1,$17,$7,$10,$10,$10,$35,$19,$48,49,$0.21,$0.21,$77,$10,$0,$128,$402,$10,$68,$0,$487,$616,$53,$196,$24,$294,$347,$30,$238,$0,$268,$616,$10,$16,$-1,$15,$2,$-1,$-6,$-6,$-2,$24,$-9,$0,$0,$0,$0,$0,$0,$-9,$-6,$0,$-6,$-1,$-1,$0,$0,$-6,$8,$1,$0
15,2014-12-31,15.2,$5.35,2.84,$6.72,2.26,$3.48,4.36,$0.70,21.88,$0.13B,$0.06B,2.17,$0.20B,$0.26B,0.78,$0.33B,$0.20B,60.43%,$0.33B,$0.06B,19.02%,$0.33B,$0.06B,19.02%,$0.33B,$0.13B,39.57%,$0.33B,$0.06B,17.18%,$0.33B,$0.04B,10.74%,$0.04B,$0.26B,13.79%,$0.04B,$0.19B,18.94%,$0.04B,$0.62B,5.75%,$0.06B,$0.46B,13.37%,$83,$32,$51,$0,$18,$66,$16,$-2,$15,$6,$9,$9,$9,$34,$16,$48,49,$0.18,$0.18,$69,$9,$0,$128,$406,$10,$68,$0,$491,$619,$59,$201,$24,$302,$361,$30,$228,$1,$258,$619,$34,$66,$8,$75,$-6,$2,$5,$2,$5,$115,$-68,$0,$0,$0,$0,$0,$1,$-68,$-6,$0,$-6,$-1,$-1,$-11,$0,$-17,$31,$3,$-11
16,2014-09-30,11.88,$5.41,2.2,$6.64,1.79,$2.06,5.77,$0.66,18.13,$0.12B,$0.06B,2.14,$0.21B,$0.26B,0.79,$0.32B,$0.19B,59.81%,$0.32B,$0.06B,18.07%,$0.32B,$0.06B,18.07%,$0.32B,$0.12B,38.63%,$0.32B,$0.05B,16.20%,$0.32B,$0.03B,10.28%,$0.03B,$0.26B,13.32%,$0.03B,$0.19B,18.54%,$0.03B,$0.62B,5.47%,$0.06B,$0.47B,12.51%,$82,$33,$49,$0,$18,$68,$14,$-1,$13,$5,$8,$8,$8,$31,$14,$48,49,$0.17,$0.17,$79,$8,$0,$122,$406,$10,$69,$0,$493,$615,$57,$207,$23,$297,$354,$29,$230,$2,$261,$615,$25,$49,$-3,$47,$-3,$3,$2,$1,$18,$91,$-51,$0,$0,$0,$0,$0,$0,$-51,$0,$0,$0,$-1,$-1,$0,$0,$-0,$40,$2,$0
17,2014-06-30,14.58,$5.22,2.79,$6.56,2.22,$1.08,13.53,$0.63,23.14,$0.11B,$0.05B,2.26,$0.21B,$0.25B,0.85,$0.32B,$0.19B,59.62%,$0.32B,$0.06B,17.98%,$0.32B,$0.06B,17.98%,$0.32B,$0.12B,38.17%,$0.32B,$0.05B,16.09%,$0.32B,$0.03B,10.09%,$0.03B,$0.25B,13.26%,$0.03B,$0.18B,18.74%,$0.03B,$0.60B,5.34%,$0.06B,$0.47B,12.32%,$81,$32,$49,$0,$17,$66,$16,$-1,$14,$6,$9,$9,$9,$33,$16,$48,49,$0.18,$0.18,$72,$8,$0,$112,$406,$10,$69,$0,$492,$604,$50,$213,$22,$303,$352,$28,$222,$1,$252,$604,$17,$32,$-4,$28,$-2,$3,$2,$-0,$21,$67,$0,$0,$-33,$0,$0,$0,$0,$-33,$0,$0,$0,$-1,$-1,$0,$0,$-0,$34,$2,$0
18,2014-03-31,15.46,$5.05,3.06,$6.49,2.38,$-0.21,0.0,$0.62,24.93,$0.10B,$0.04B,2.49,$0.22B,$0.24B,0.9,$0.31B,$0.19B,59.74%,$0.31B,$0.06B,17.89%,$0.31B,$0.06B,17.89%,$0.31B,$0.12B,38.02%,$0.31B,$0.05B,15.97%,$0.31B,$0.03B,9.90%,$0.03B,$0.24B,13.18%,$0.03B,$0.17B,18.93%,$0.03B,$0.60B,5.19%,$0.06B,$0.46B,12.15%,$80,$32,$48,$0,$17,$65,$16,$-1,$14,$6,$9,$9,$9,$31,$16,$48,48,$0.18,$0.18,$54,$9,$0,$102,$406,$9,$70,$0,$494,$597,$41,$219,$21,$312,$353,$28,$214,$2,$244,$597,$9,$16,$-1,$14,$0,$2,$-0,$-1,$10,$33,$-17,$0,$0,$0,$0,$0,$0,$-17,$0,$0,$0,$-0,$-0,$0,$0,$-0,$15,$1,$0
19,2013-12-31,12.29,$4.87,2.52,$6.41,1.92,$-0.60,0.0,$0.62,19.98,$0.10B,$0.04B,2.23,$0.22B,$0.23B,0.96,$0.31B,$0.18B,59.55%,$0.31B,$0.06B,17.80%,$0.31B,$0.06B,17.80%,$0.31B,$0.12B,37.86%,$0.31B,$0.05B,16.18%,$0.31B,$0.03B,9.71%,$0.03B,$0.23B,13.13%,$0.03B,$0.16B,19.23%,$0.03B,$0.60B,5.09%,$0.06B,$0.46B,12.03%,$78,$32,$46,$0,$18,$66,$12,$-2,$11,$4,$7,$7,$7,$29,$12,$48,48,$0.14,$0.13,$38,$11,$0,$98,$409,$9,$71,$0,$499,$597,$44,$224,$20,$319,$363,$27,$205,$3,$234,$597,$30,$61,$18,$79,$-3,$-1,$-2,$2,$-16,$94,$-117,$0,$0,$0,$-0,$-0,$0,$-117,$-2,$0,$-2,$-0,$-0,$-8,$0,$-10,$-33,$2,$-8
20,2013-09-30,11.37,$4.89,2.33,$6.36,1.79,$0.03,345.67,$0.59,19.44,$0.11B,$0.05B,2.31,$0.23B,$0.24B,0.98,$0.31B,$0.19B,61.44%,$0.31B,$0.05B,16.99%,$0.31B,$0.05B,16.99%,$0.31B,$0.13B,40.85%,$0.31B,$0.05B,15.03%,$0.31B,$0.03B,9.15%,$0.03B,$0.24B,12.61%,$0.03B,$0.16B,18.86%,$0.03B,$0.60B,4.80%,$0.05B,$0.47B,11.50%,$78,$32,$46,$0,$17,$64,$13,$-1,$12,$5,$7,$7,$7,$28,$13,$48,48,$0.14,$0.14,$62,$9,$0,$112,$395,$9,$72,$0,$486,$597,$48,$230,$19,$314,$363,$26,$207,$2,$235,$597,$23,$45,$7,$52,$-1,$1,$1,$1,$-4,$74,$-81,$0,$0,$0,$0,$0,$0,$-80,$-2,$0,$-2,$-0,$-0,$0,$0,$-2,$-9,$2,$0
21,2013-06-30,7.87,$4.75,1.66,$6.27,1.25,$0.68,11.56,$0.48,16.57,$0.12B,$0.06B,1.99,$0.23B,$0.23B,1.01,$0.30B,$0.18B,60.47%,$0.30B,$0.04B,14.62%,$0.30B,$0.04B,14.62%,$0.30B,$0.12B,39.53%,$0.30B,$0.04B,12.29%,$0.30B,$0.02B,7.31%,$0.02B,$0.23B,10.20%,$0.02B,$0.16B,15.60%,$0.02B,$0.60B,3.85%,$0.04B,$0.46B,9.87%,$77,$31,$47,$0,$16,$63,$15,$-2,$13,$5,$8,$8,$8,$31,$15,$48,48,$0.17,$0.17,$73,$8,$0,$118,$387,$9,$73,$0,$478,$596,$59,$230,$18,$309,$368,$25,$200,$2,$228,$596,$16,$30,$2,$32,$-1,$2,$2,$-1,$3,$52,$-48,$0,$0,$0,$0,$0,$0,$-48,$-1,$0,$-1,$-0,$-0,$0,$0,$-2,$2,$1,$0
22,2013-03-31,7.19,$4.52,1.59,$6.16,1.17,$0.86,8.39,$0.43,16.91,$0.11B,$0.05B,2.41,$0.23B,$0.22B,1.06,$0.30B,$0.18B,59.66%,$0.30B,$0.04B,13.56%,$0.30B,$0.04B,13.56%,$0.30B,$0.11B,38.64%,$0.30B,$0.03B,11.53%,$0.30B,$0.02B,6.78%,$0.02B,$0.22B,9.49%,$0.02B,$0.14B,14.81%,$0.02B,$0.57B,3.70%,$0.04B,$0.45B,9.52%,$76,$31,$45,$0,$16,$61,$15,$-1,$14,$5,$8,$8,$8,$29,$15,$48,48,$0.18,$0.18,$67,$7,$0,$108,$370,$8,$74,$0,$459,$567,$45,$230,$18,$305,$350,$25,$192,$-0,$217,$567,$8,$14,$-1,$13,$0,$3,$-3,$-2,$0,$23,$-26,$0,$0,$0,$0,$0,$0,$-26,$-1,$0,$-1,$-0,$-0,$0,$0,$-1,$-4,$0,$0
23,2012-12-31,7.22,$4.34,1.67,$6.02,1.2,$1.08,6.67,$0.35,20.94,$0.12B,$0.06B,2.0,$0.23B,$0.21B,1.11,$0.29B,$0.17B,59.38%,$0.29B,$0.03B,11.81%,$0.29B,$0.03B,11.81%,$0.29B,$0.11B,38.19%,$0.29B,$0.03B,9.72%,$0.29B,$0.02B,5.56%,$0.02B,$0.21B,7.73%,$0.02B,$0.13B,12.31%,$0.02B,$0.57B,3.09%,$0.03B,$0.44B,8.55%,$75,$25,$50,$0,$13,$66,$9,$-2,$7,$2,$5,$5,$5,$37,$9,$48,48,$0.10,$0.10,$71,$10,$0,$116,$365,$8,$75,$0,$454,$571,$58,$230,$17,$305,$363,$25,$184,$-1,$208,$571,$16,$75,$11,$87,$-8,$-2,$-5,$0,$-7,$97,$-89,$0,$0,$0,$1,$1,$4,$-84,$52,$0,$52,$0,$0,$-7,$-2,$42,$55,$2,$-7
24,2012-09-30,8.11,$4.38,1.85,$5.85,1.39,$1.06,7.63,$0.32,25.33,$0.13B,$0.05B,2.66,$0.23B,$0.21B,1.1,$0.28B,$0.16B,56.43%,$0.28B,$0.03B,11.79%,$0.28B,$0.03B,11.79%,$0.28B,$0.10B,33.93%,$0.28B,$0.03B,9.64%,$0.28B,$0.02B,5.36%,$0.02B,$0.21B,7.33%,$0.02B,$0.13B,11.93%,$0.02B,$0.55B,3.03%,$0.03B,$0.44B,8.75%,$73,$33,$40,$0,$18,$67,$5,$-2,$3,$2,$1,$1,$1,$22,$5,$48,48,$0.03,$0.03,$95,$7,$0,$132,$320,$8,$76,$11,$421,$553,$50,$230,$17,$294,$343,$24,$187,$-1,$210,$553,$11,$48,$-1,$47,$-5,$0,$-2,$-1,$18,$77,$-54,$0,$0,$0,$1,$1,$3,$-49,$52,$0,$52,$0,$0,$0,$-2,$50,$79,$1,$0
25,2012-06-30,6.27,$4.37,1.44,$5.65,1.11,$0.61,10.3,$0.36,17.66,$0.06B,$0.06B,1.04,$0.15B,$0.21B,0.71,$0.27B,$0.16B,57.41%,$0.27B,$0.04B,13.70%,$0.27B,$0.04B,13.70%,$0.27B,$0.10B,35.56%,$0.27B,$0.03B,11.48%,$0.27B,$0.02B,6.30%,$0.02B,$0.21B,8.41%,$0.02B,$0.13B,13.96%,$0.02B,$0.47B,3.58%,$0.04B,$0.36B,10.33%,$71,$30,$41,$0,$15,$60,$11,$-1,$10,$4,$6,$6,$6,$26,$11,$48,48,$0.12,$0.12,$21,$8,$0,$57,$314,$8,$78,$11,$415,$472,$55,$148,$16,$209,$264,$23,$186,$0,$208,$472,$10,$31,$-5,$26,$-4,$-0,$-1,$-2,$7,$44,$-32,$0,$0,$0,$1,$1,$3,$-28,$-11,$0,$-11,$-0,$-0,$0,$0,$-11,$5,$1,$0
26,2012-03-31,5.14,$4.24,1.21,$5.45,0.94,$0.41,12.49,$0.31,16.84,$0.06B,$0.05B,1.07,$0.15B,$0.20B,0.76,$0.26B,$0.15B,57.47%,$0.26B,$0.03B,13.03%,$0.26B,$0.03B,13.03%,$0.26B,$0.09B,35.25%,$0.26B,$0.03B,9.96%,$0.26B,$0.01B,5.36%,$0.01B,$0.20B,7.02%,$0.01B,$0.12B,11.97%,$0.01B,$0.47B,2.96%,$0.03B,$0.36B,9.42%,$69,$29,$40,$0,$15,$60,$9,$-1,$8,$3,$4,$4,$4,$25,$9,$48,48,$0.10,$0.10,$20,$7,$1,$57,$312,$8,$79,$11,$415,$472,$53,$153,$17,$216,$269,$22,$180,$0,$202,$472,$4,$16,$-5,$11,$-1,$0,$-2,$-2,$7,$22,$-15,$0,$0,$0,$0,$0,$1,$-13,$-5,$0,$-5,$-0,$-0,$0,$0,$-5,$4,$0,$0
27,2011-12-31,4.83,$4.15,1.16,$5.27,0.92,$0.29,16.66,$0.28,17.55,$0.06B,$0.06B,1.16,$0.16B,$0.20B,0.8,$0.25B,$0.14B,57.14%,$0.25B,$0.03B,12.70%,$0.25B,$0.03B,12.70%,$0.25B,$0.09B,34.92%,$0.25B,$0.02B,9.13%,$0.25B,$0.01B,5.16%,$0.01B,$0.20B,6.58%,$0.01B,$0.12B,11.53%,$0.01B,$0.48B,2.76%,$0.03B,$0.36B,8.79%,$67,$30,$37,$0,$15,$58,$8,$-2,$6,$3,$4,$4,$4,$22,$8,$48,48,$0.08,$0.08,$16,$7,$3,$64,$311,$8,$81,$11,$416,$480,$56,$159,$16,$227,$282,$22,$176,$0,$198,$480,$13,$56,$21,$76,$-2,$-1,$-1,$5,$-9,$81,$-74,$0,$0,$0,$0,$0,$3,$-71,$-15,$0,$-15,$-0,$-0,$-7,$0,$-22,$-12,$2,$-7
28,2011-09-30,5.0,$4.22,1.19,$5.09,0.98,$0.55,9.03,$0.25,20.0,$0.07B,$0.05B,1.3,$0.16B,$0.20B,0.82,$0.24B,$0.14B,58.02%,$0.24B,$0.03B,12.76%,$0.24B,$0.03B,12.76%,$0.24B,$0.09B,35.80%,$0.24B,$0.02B,9.47%,$0.24B,$0.01B,4.94%,$0.01B,$0.20B,6.14%,$0.01B,$0.12B,11.03%,$0.01B,$0.47B,2.57%,$0.03B,$0.37B,8.42%,$63,$26,$37,$0,$14,$53,$9,$-2,$7,$3,$4,$4,$3,$23,$9,$48,48,$0.07,$0.07,$22,$5,$7,$66,$300,$8,$83,$11,$407,$473,$51,$164,$16,$222,$273,$21,$179,$0,$201,$473,$9,$42,$10,$52,$-3,$1,$-4,$4,$-7,$55,$-52,$0,$0,$0,$0,$0,$1,$-51,$-9,$0,$-9,$-0,$-0,$0,$0,$-9,$-6,$1,$0
29,2011-06-30,7.64,$4.14,1.84,$4.89,1.56,$0.93,8.17,$0.27,28.3,$0.07B,$0.05B,1.41,$0.17B,$0.20B,0.86,$0.23B,$0.14B,58.37%,$0.23B,$0.03B,13.73%,$0.23B,$0.03B,13.73%,$0.23B,$0.09B,36.91%,$0.23B,$0.02B,9.87%,$0.23B,$0.01B,5.58%,$0.01B,$0.20B,6.70%,$0.01B,$0.11B,12.35%,$0.01B,$0.47B,2.79%,$0.03B,$0.37B,8.61%,$62,$25,$36,$0,$14,$54,$8,$-3,$5,$2,$3,$3,$3,$22,$8,$48,48,$0.07,$0.07,$25,$7,$8,$68,$289,$9,$86,$11,$399,$467,$49,$170,$16,$222,$270,$21,$176,$0,$197,$467,$6,$28,$4,$32,$-2,$-0,$-1,$0,$-4,$34,$-31,$0,$0,$0,$0,$0,$1,$-30,$-6,$0,$-6,$-0,$-0,$0,$0,$-6,$-2,$1,$0
30,2011-03-31,8.11,$4.07,1.99,$4.49,1.81,$1.21,6.69,$0.30,27.02,$0.07B,$0.05B,1.46,$0.18B,$0.19B,0.9,$0.21B,$0.13B,59.62%,$0.21B,$0.03B,15.02%,$0.21B,$0.03B,15.02%,$0.21B,$0.08B,37.56%,$0.21B,$0.03B,12.21%,$0.21B,$0.02B,7.04%,$0.02B,$0.19B,7.80%,$0.02B,$0.11B,12.07%,$0.02B,$0.46B,3.57%,$0.03B,$0.37B,9.60%,$60,$26,$34,$0,$13,$53,$7,$-2,$5,$2,$3,$3,$3,$21,$7,$48,48,$0.07,$0.07,$27,$5,$9,$65,$286,$9,$87,$11,$398,$463,$45,$175,$15,$225,$270,$20,$173,$0,$194,$463,$3,$14,$0,$14,$-0,$1,$-4,$-0,$1,$18,$-16,$0,$0,$0,$0,$0,$0,$-16,$-3,$0,$-3,$0,$0,$0,$0,$-3,$-1,$0,$0
31,2010-12-31,8.41,$4.00,2.1,$4.10,2.05,$1.31,6.4,$0.38,22.12,$0.07B,$0.05B,1.58,$0.18B,$0.19B,0.95,$0.20B,$0.12B,62.05%,$0.20B,$0.04B,18.97%,$0.20B,$0.04B,18.97%,$0.20B,$0.08B,40.51%,$0.20B,$0.03B,16.41%,$0.20B,$0.02B,9.74%,$0.02B,$0.19B,10.03%,$0.02B,$0.10B,13.29%,$0.02B,$0.47B,5.09%,$0.04B,$0.37B,12.61%,$58,$24,$34,$0,$13,$51,$7,$-2,$6,$2,$3,$3,$3,$21,$7,$47,48,$0.06,$0.06,$27,$6,$9,$71,$280,$9,$90,$11,$396,$466,$45,$180,$15,$231,$276,$20,$170,$0,$190,$466,$18,$43,$9,$52,$-3,$-0,$4,$2,$5,$75,$-56,$-7,$-152,$0,$-0,$-0,$4,$-211,$161,$0,$161,$1,$1,$-7,$-3,$151,$15,$1,$-7
32,2010-09-30,8.02,$4.10,1.96,$3.74,2.15,$1.35,5.96,$0.46,17.63,$0.09B,$0.04B,2.02,$0.19B,$0.20B,0.95,$0.18B,$0.11B,63.48%,$0.18B,$0.04B,21.91%,$0.18B,$0.04B,21.91%,$0.18B,$0.08B,42.13%,$0.18B,$0.04B,19.66%,$0.18B,$0.02B,12.36%,$0.02B,$0.20B,11.83%,$0.02B,$0.10B,13.64%,$0.02B,$0.47B,6.78%,$0.04B,$0.38B,15.49%,$53,$21,$32,$0,$14,$44,$10,$-2,$7,$3,$4,$4,$4,$22,$10,$47,48,$0.09,$0.09,$43,$5,$11,$85,$265,$9,$92,$11,$382,$467,$42,$186,$15,$230,$272,$19,$176,$0,$195,$467,$15,$29,$2,$31,$-4,$1,$-1,$5,$7,$54,$-33,$-7,$-148,$0,$-0,$-0,$4,$-184,$164,$0,$164,$1,$1,$0,$-3,$161,$31,$1,$0
33,2010-06-30,7.83,$4.01,1.95,$3.47,2.26,$1.39,5.65,$0.51,15.51,$0.06B,$0.03B,2.43,$0.02B,$0.19B,0.13,$0.17B,$0.11B,64.85%,$0.17B,$0.04B,24.24%,$0.17B,$0.04B,24.24%,$0.17B,$0.07B,43.64%,$0.17B,$0.04B,23.64%,$0.17B,$0.02B,14.55%,$0.02B,$0.19B,13.24%,$0.02B,$0.19B,13.43%,$0.02B,$0.28B,8.78%,$0.04B,$0.21B,19.37%,$42,$15,$27,$0,$11,$35,$8,$-0,$8,$3,$5,$5,$5,$16,$8,$47,48,$0.10,$0.10,$27,$5,$11,$63,$205,$9,$2,$4,$221,$284,$26,$24,$14,$68,$94,$19,$172,$0,$190,$284,$11,$17,$5,$22,$-2,$1,$-4,$1,$2,$35,$-19,$0,$0,$0,$-0,$-0,$0,$-19,$-2,$0,$-2,$1,$1,$0,$0,$-2,$14,$0,$0
34,2010-03-31,8.3,$3.86,2.15,$3.42,2.42,$1.45,5.72,$0.56,14.96,$0.06B,$0.02B,2.4,$0.03B,$0.18B,0.14,$0.16B,$0.11B,65.64%,$0.16B,$0.04B,26.99%,$0.16B,$0.04B,26.99%,$0.16B,$0.08B,46.63%,$0.16B,$0.04B,26.38%,$0.16B,$0.03B,15.95%,$0.03B,$0.18B,14.75%,$0.03B,$0.18B,14.99%,$0.03B,$0.28B,9.73%,$0.04B,$0.21B,21.84%,$42,$14,$28,$0,$8,$30,$12,$-0,$11,$5,$7,$7,$7,$20,$12,$47,47,$0.15,$0.15,$18,$5,$11,$55,$203,$9,$2,$4,$220,$275,$23,$26,$14,$69,$92,$19,$167,$-2,$183,$275,$7,$8,$-0,$8,$-2,$1,$-4,$0,$1,$16,$-9,$0,$0,$0,$-0,$-0,$0,$-9,$-1,$0,$-1,$1,$1,$0,$0,$-1,$6,$0,$0
35,2009-12-31,8.99,$3.71,2.42,$3.39,2.65,$1.57,5.73,$0.32,28.08,$0.05B,$0.03B,2.14,$0.03B,$0.18B,0.16,$0.16B,$0.11B,65.84%,$0.16B,$0.04B,27.33%,$0.16B,$0.04B,27.33%,$0.16B,$0.08B,47.20%,$0.16B,$0.04B,26.71%,$0.16B,$0.02B,9.32%,$0.02B,$0.18B,8.75%,$0.02B,$0.17B,8.90%,$0.02B,$0.27B,5.72%,$0.04B,$0.20B,22.06%,$41,$15,$26,$0,$9,$32,$9,$1,$9,$3,$6,$6,$6,$17,$9,$47,47,$0.13,$0.13,$12,$6,$11,$53,$202,$9,$2,$4,$219,$272,$25,$28,$13,$71,$96,$18,$160,$-2,$176,$272,$15,$33,$20,$53,$0,$0,$3,$-1,$5,$74,$-53,$0,$-1,$0,$0,$0,$1,$-52,$-8,$0,$-8,$0,$0,$-7,$0,$-15,$7,$1,$-7
36,2009-09-30,7.78,$3.73,2.09,$3.32,2.34,$0.81,9.61,$0.31,25.09,$0.05B,$0.03B,1.72,$0.02B,$0.18B,0.13,$0.16B,$0.10B,66.24%,$0.16B,$0.05B,28.66%,$0.16B,$0.05B,28.66%,$0.16B,$0.08B,48.41%,$0.16B,$0.04B,27.39%,$0.16B,$0.01B,8.92%,$0.01B,$0.18B,8.28%,$0.01B,$0.17B,8.43%,$0.01B,$0.26B,5.36%,$0.05B,$0.20B,22.58%,$40,$14,$26,$0,$8,$30,$11,$0,$11,$4,$6,$6,$6,$19,$11,$47,47,$0.14,$0.14,$15,$5,$11,$51,$195,$9,$3,$5,$212,$263,$30,$23,$12,$57,$87,$17,$162,$-2,$176,$263,$9,$24,$12,$36,$-0,$2,$-1,$-2,$12,$60,$-38,$0,$0,$0,$-0,$-0,$0,$-38,$-12,$0,$-12,$0,$0,$0,$0,$-12,$10,$0,$0
37,2009-06-30,8.79,$3.59,2.45,$3.27,2.69,$0.19,46.64,$0.32,27.47,$0.05B,$0.03B,1.72,$0.02B,$0.17B,0.14,$0.15B,$0.11B,68.18%,$0.15B,$0.05B,29.87%,$0.15B,$0.05B,29.87%,$0.15B,$0.08B,50.00%,$0.15B,$0.04B,28.57%,$0.15B,$0.02B,9.74%,$0.02B,$0.17B,8.94%,$0.02B,$0.17B,9.06%,$0.02B,$0.26B,5.89%,$0.05B,$0.19B,23.50%,$40,$13,$27,$0,$7,$29,$12,$0,$12,$5,$7,$7,$7,$20,$12,$47,47,$0.15,$0.15,$13,$5,$11,$50,$191,$8,$3,$5,$208,$259,$29,$24,$12,$60,$89,$17,$155,$-3,$170,$259,$3,$16,$12,$28,$-1,$2,$1,$0,$12,$45,$-25,$0,$0,$0,$-0,$-0,$0,$-26,$-11,$0,$-11,$0,$0,$0,$0,$-11,$8,$0,$0
38,2009-03-31,9.88,$3.47,2.85,$3.19,3.09,$-0.05,0.0,$0.33,29.94,$0.06B,$0.02B,2.52,$0.04B,$0.16B,0.22,$0.15B,$0.10B,69.33%,$0.15B,$0.05B,32.00%,$0.15B,$0.05B,32.00%,$0.15B,$0.08B,52.00%,$0.15B,$0.05B,30.67%,$0.15B,$0.02B,10.00%,$0.02B,$0.16B,9.02%,$0.02B,$0.16B,9.15%,$0.02B,$0.26B,6.07%,$0.05B,$0.20B,25.00%,$40,$13,$27,$0,$8,$28,$12,$-1,$11,$5,$6,$6,$-4,$20,$12,$47,47,$-0.09,$-0.09,$19,$6,$11,$59,$179,$8,$3,$5,$196,$255,$23,$37,$7,$67,$91,$17,$150,$-3,$164,$255,$-4,$8,$12,$20,$2,$1,$0,$-2,$5,$21,$-9,$0,$0,$0,$-0,$-0,$0,$-9,$1,$0,$1,$0,$0,$0,$0,$1,$13,$0,$0
39,2008-12-31,12.15,$3.52,3.45,$3.06,3.97,$-0.17,0.0,$0.52,23.37,$0.07B,$0.02B,2.97,$0.04B,$0.17B,0.22,$0.14B,$0.10B,69.44%,$0.14B,$0.05B,31.94%,$0.14B,$0.05B,31.94%,$0.14B,$0.08B,52.08%,$0.14B,$0.04B,30.56%,$0.14B,$0.02B,16.67%,$0.02B,$0.17B,14.61%,$0.02B,$0.16B,14.79%,$0.02B,$0.27B,10.02%,$0.05B,$0.20B,24.86%,$37,$13,$24,$0,$8,$28,$10,$-1,$9,$4,$5,$5,$5,$17,$10,$47,47,$0.12,$0.12,$5,$6,$28,$72,$176,$8,$3,$5,$194,$267,$24,$37,$10,$76,$101,$16,$153,$-3,$166,$267,$24,$30,$11,$41,$-4,$-2,$-0,$-5,$-15,$50,$-65,$0,$-11,$0,$0,$0,$0,$-76,$19,$0,$19,$1,$1,$-7,$0,$14,$-12,$0,$-7
40,2008-09-30,9.44,$3.62,2.6,$2.90,3.25,$0.47,20.08,$0.48,19.66,$0.07B,$0.02B,2.84,$0.01B,$0.17B,0.08,$0.14B,$0.10B,70.80%,$0.14B,$0.05B,33.58%,$0.14B,$0.05B,33.58%,$0.14B,$0.08B,54.74%,$0.14B,$0.05B,32.85%,$0.14B,$0.02B,16.06%,$0.02B,$0.17B,13.73%,$0.02B,$0.17B,13.90%,$0.02B,$0.24B,9.64%,$0.05B,$0.19B,26.14%,$37,$11,$27,$0,$8,$25,$12,$-0,$12,$5,$7,$7,$7,$20,$12,$47,47,$0.14,$0.14,$7,$5,$27,$66,$156,$9,$0,$3,$171,$237,$23,$14,$3,$43,$66,$15,$157,$-2,$171,$237,$19,$23,$2,$25,$-4,$-0,$2,$-6,$-9,$31,$-39,$0,$0,$0,$0,$0,$0,$-38,$-3,$0,$-3,$0,$0,$0,$0,$-3,$-10,$0,$0
41,2008-06-30,5.57,$3.47,1.6,$2.81,1.98,$0.93,6.01,$0.45,12.51,$0.05B,$0.02B,1.99,$0.02B,$0.16B,0.1,$0.13B,$0.09B,69.92%,$0.13B,$0.04B,33.08%,$0.13B,$0.04B,33.08%,$0.13B,$0.07B,54.14%,$0.13B,$0.04B,32.33%,$0.13B,$0.02B,15.04%,$0.02B,$0.16B,12.88%,$0.02B,$0.16B,13.09%,$0.02B,$0.23B,8.93%,$0.04B,$0.18B,25.54%,$36,$10,$26,$0,$6,$23,$14,$0,$14,$6,$8,$8,$7,$21,$14,$47,47,$0.16,$0.16,$23,$4,$0,$45,$159,$10,$2,$10,$184,$230,$23,$15,$3,$43,$66,$15,$150,$-2,$164,$230,$12,$15,$-1,$15,$-2,$0,$-1,$4,$1,$27,$-19,$0,$0,$0,$-0,$-0,$0,$-19,$-2,$0,$-2,$0,$0,$0,$0,$-2,$6,$-0,$0
42,2008-03-31,6.35,$3.32,1.91,$2.78,2.28,$1.04,6.11,$0.37,17.0,$0.04B,$0.02B,1.9,$0.02B,$0.16B,0.11,$0.13B,$0.09B,68.94%,$0.13B,$0.04B,30.30%,$0.13B,$0.04B,30.30%,$0.13B,$0.07B,51.52%,$0.13B,$0.04B,29.55%,$0.13B,$0.02B,14.39%,$0.02B,$0.16B,12.60%,$0.02B,$0.15B,12.79%,$0.02B,$0.22B,8.61%,$0.04B,$0.17B,23.67%,$34,$11,$23,$0,$7,$24,$10,$-1,$9,$4,$5,$5,$5,$17,$10,$47,47,$0.10,$0.10,$23,$5,$0,$43,$156,$10,$2,$10,$180,$224,$23,$17,$3,$45,$68,$15,$143,$-2,$156,$224,$5,$8,$-0,$7,$1,$0,$1,$1,$3,$14,$-8,$0,$0,$0,$-0,$-0,$0,$-8,$-1,$0,$-1,$0,$0,$0,$0,$-1,$6,$-0,$0
43,2007-12-31,10.25,$3.18,3.22,$2.78,3.69,$1.07,9.59,$0.36,28.48,$0.04B,$0.02B,1.71,$0.02B,$0.15B,0.12,$0.13B,$0.09B,68.70%,$0.13B,$0.04B,28.24%,$0.13B,$0.04B,28.24%,$0.13B,$0.07B,49.62%,$0.13B,$0.04B,28.24%,$0.13B,$0.02B,13.74%,$0.02B,$0.15B,12.27%,$0.02B,$0.15B,12.48%,$0.02B,$0.22B,8.27%,$0.04B,$0.17B,22.29%,$30,$8,$21,$0,$8,$20,$10,$0,$10,$4,$6,$6,$3,$17,$10,$47,47,$0.08,$0.08,$17,$5,$0,$41,$155,$10,$2,$10,$180,$222,$24,$18,$8,$48,$72,$15,$137,$-2,$150,$222,$19,$29,$1,$30,$-1,$-2,$-1,$0,$-4,$44,$-29,$0,$0,$0,$-2,$-2,$0,$-31,$-4,$0,$-4,$0,$0,$-6,$0,$-9,$4,$2,$-6
44,2007-09-30,9.2,$3.24,2.84,$2.90,3.17,$1.04,8.86,$0.35,26.4,$0.04B,$0.02B,2.03,$0.02B,$0.15B,0.12,$0.14B,$0.09B,67.65%,$0.14B,$0.04B,27.94%,$0.14B,$0.04B,27.94%,$0.14B,$0.07B,48.53%,$0.14B,$0.04B,27.94%,$0.14B,$0.02B,13.24%,$0.02B,$0.15B,12.59%,$0.02B,$0.15B,12.81%,$0.02B,$0.22B,8.40%,$0.04B,$0.17B,23.24%,$33,$10,$23,$0,$7,$23,$10,$0,$10,$4,$6,$6,$5,$17,$10,$47,47,$0.11,$0.11,$23,$4,$0,$44,$152,$10,$2,$10,$176,$220,$22,$19,$3,$46,$68,$12,$141,$-2,$151,$220,$15,$22,$-3,$19,$-1,$-1,$-2,$3,$-2,$32,$-18,$0,$0,$0,$-2,$-2,$0,$-20,$-3,$0,$-3,$1,$1,$0,$0,$-2,$10,$0,$0
45,2007-06-30,7.16,$1.04,6.87,$3.12,2.3,$0.94,7.61,$0.31,23.1,$0.04B,$0.02B,1.99,$0.02B,$0.15B,0.14,$0.15B,$0.09B,63.70%,$0.15B,$0.03B,23.29%,$0.15B,$0.03B,23.29%,$0.15B,$0.06B,42.47%,$0.15B,$0.03B,23.29%,$0.15B,$0.02B,10.96%,$0.02B,$0.15B,11.43%,$0.02B,$0.14B,11.66%,$0.02B,$0.22B,7.55%,$0.03B,$0.17B,21.05%,$35,$11,$24,$0,$7,$25,$10,$0,$10,$4,$6,$6,$6,$17,$10,$47,47,$0.13,$0.13,$23,$4,$0,$43,$150,$10,$3,$10,$174,$217,$22,$20,$3,$49,$71,$12,$136,$-2,$146,$217,$10,$14,$-2,$13,$-0,$-1,$-2,$3,$-1,$22,$-8,$0,$0,$0,$-2,$-2,$0,$-11,$-2,$0,$-2,$1,$1,$0,$0,$-1,$10,$0,$0
46,2007-03-31,6.63,$2.99,2.22,$2.67,2.49,$0.70,9.48,$0.29,23.14,$0.04B,$0.02B,1.76,$0.02B,$0.14B,0.15,$0.15B,$0.09B,61.18%,$0.15B,$0.03B,19.08%,$0.15B,$0.03B,19.08%,$0.15B,$0.06B,37.50%,$0.15B,$0.03B,19.08%,$0.15B,$0.01B,8.55%,$0.01B,$0.14B,9.49%,$0.01B,$0.14B,9.70%,$0.01B,$0.21B,6.17%,$0.03B,$0.16B,18.07%,$33,$11,$22,$0,$7,$26,$7,$-0,$7,$3,$4,$4,$4,$14,$7,$47,47,$0.09,$0.09,$21,$2,$0,$39,$152,$7,$3,$10,$173,$212,$22,$21,$3,$50,$72,$12,$130,$-2,$140,$212,$4,$7,$-1,$6,$1,$0,$-3,$3,$1,$11,$-3,$0,$0,$0,$0,$0,$0,$-3,$-1,$0,$-1,$0,$0,$0,$0,$-1,$7,$0,$0
47,2006-12-31,6.62,$2.90,2.28,$2.82,2.35,$0.63,10.47,$0.39,17.2,$0.03B,$0.02B,1.45,$0.02B,$0.14B,0.16,$0.16B,$0.09B,59.12%,$0.16B,$0.03B,16.35%,$0.16B,$0.03B,16.35%,$0.16B,$0.05B,33.96%,$0.16B,$0.04B,22.64%,$0.16B,$0.02B,11.32%,$0.02B,$0.14B,13.36%,$0.02B,$0.13B,13.69%,$0.02B,$0.21B,8.52%,$0.03B,$0.16B,16.22%,$35,$12,$23,$0,$10,$24,$11,$-0,$11,$5,$6,$15,$3,$18,$11,$46,47,$0.11,$0.11,$13,$2,$0,$31,$156,$7,$3,$10,$177,$208,$21,$22,$3,$51,$73,$11,$126,$-2,$135,$208,$18,$27,$-11,$16,$0,$0,$0,$-2,$-1,$34,$-21,$0,$0,$0,$11,$11,$0,$-10,$-10,$0,$-10,$1,$1,$-5,$0,$-14,$11,$0,$-5
