,Date,Stock Price,Book Value per Share,Price to Book Ratio,TTM Sales per Share,Price to Sales Ratio,TTM FCF per Share,Price to FCF Ratio,TTM Net EPS,PE Ratio,Current Assets,Current Liabilities,Current Ratio,Long Term Debt,Shareholder's Equity_x,Debt to Equity Ratio,TTM Revenue_x,TTM Gross Profit,Gross Margin,TTM Revenue_y,TTM Operating Income,Operating Margin,TTM Revenue_x,TTM EBIT,EBIT Margin,TTM Revenue_y,TTM EBITDA,EBITDA Margin,TTM Revenue_x,TTM Pre-Tax Income,Pre-Tax Margin,TTM Revenue_y,TTM Net Income_x,Net Margin,TTM Net Income_y,Shareholder's Equity_y,Return on Equity,TTM Net Income_x,Tangible Equity,Return on Tangible Equity,TTM Net Income_y,Total Assets,Return on Assets,TTM Net Income,LT Investments & Debt,Return on Investment,revenue,cost-goods-sold,gross-profit,research-development-expenses,selling-general-administrative-expenses,operating-expenses,operating-income,total-non-operating-income-expense,pre-tax-income,total-provision-income-taxes,income-after-taxes,income-from-continuous-operations,net-income,ebitda,ebit,basic-shares-outstanding,shares-outstanding,eps-basic-net-earnings-per-share,eps-earnings-per-share-diluted,cash-on-hand,inventory,other-current-assets,total-current-assets,net-property-plant-equipment,long-term-investments,goodwill-intangible-assets-total,other-long-term-assets,total-long-term-assets,total-assets,total-current-liabilities,long-term-debt,other-non-current-liabilities,total-long-term-liabilities,total-liabilities,common-stock-net,retained-earnings-accumulated-deficit,comprehensive-income,total-share-holder-equity,total-liabilities-share-holders-equity,net-income-loss,total-depreciation-amortization-cash-flow,other-non-cash-items,total-non-cash-items,change-in-accounts-receivable,change-in-inventories,change-in-accounts-payable,change-in-assets-liabilities,total-change-in-assets-liabilities,cash-flow-from-operating-activities,net-change-in-property-plant-equipment,net-change-in-intangible-assets,net-acquisitions-divestitures,net-change-in-short-term-investments,net-change-in-long-term-investments,net-change-in-investments-total,investing-activities-other,cash-flow-from-investing-activities,net-long-term-debt,net-current-debt,debt-issuance-retirement-net-total,net-common-equity-issued-repurchased,net-total-equity-issued-repurchased,total-common-preferred-stock-dividends-paid,financial-activities-other,cash-flow-from-financial-activities,net-cash-flow,stock-based-compensation,common-stock-dividends-paid
0,2018-09-30,40.13,$0.00,0.0,$42.74,0.94,$-6.45,0.0,$7.69,5.22,$280.35B,$260.68B,1.08,$52.29B,$32.42B,1.61,$15.77B,$11.64B,73.83%,$15.77B,$3.93B,24.92%,$15.77B,0,0.00%,$15.77B,0,0.00%,$15.77B,$3.44B,21.84%,$15.77B,$2.50B,15.82%,$2.50B,$32.42B,8.12%,$2.50B,$28.55B,9.28%,$2.50B,$411.94B,0.63%,$3.93B,$84.71B,4.94%,$3625,$1174,$2451,$0,$1401,$2576,$1050,$0,$1050,$278,$772,$772,$752,$0,$0,$474,474,$1.59,$1.59,$17222,$0,$0,$280346,$2686,$96999,$3867,$27637,$131590,$411936,$260684,$52294,$66435,$118749,$379521,$2381,$20220,$-730,$32415,$411936,$3302,$199,$962,$1162,$0,$0,$0,$-5182,$-5182,$-718,$-46,$0,$-89,$0,$-2850,$-2850,$-1147,$-4131,$8578,$0,$8578,$-17,$-17,$-632,$-175,$7754,$2846,$0,$-632
1,2018-06-30,38.48,$0.00,0.0,$44.34,0.87,$-7.60,0.0,$10.71,3.59,$278.20B,$260.19B,1.07,$50.54B,$30.87B,1.64,$16.53B,$12.67B,76.65%,$16.53B,$4.04B,24.44%,$16.53B,0,0.00%,$16.53B,0,0.00%,$16.53B,$3.37B,20.37%,$16.53B,$2.48B,14.98%,$2.48B,$30.87B,8.20%,$2.48B,$26.99B,9.39%,$2.48B,$407.95B,0.63%,$4.04B,$81.41B,5.24%,$3603,$1091,$2512,$0,$1334,$2425,$1178,$0,$1178,$325,$853,$853,$839,$0,$0,$474,474,$1.77,$1.77,$19073,$0,$0,$278202,$2688,$95601,$3882,$27139,$129752,$407954,$260188,$50537,$66237,$116797,$377085,$2381,$19470,$-680,$30869,$407954,$2253,$128,$439,$568,$0,$0,$0,$-5120,$-5120,$-2300,$-16,$-76,$0,$0,$-1168,$-1168,$-6,$-1266,$5581,$0,$5581,$0,$0,$-626,$-171,$4783,$1208,$0,$-626
2,2018-03-31,42.4,$0.00,0.0,$45.93,0.92,$-5.16,0.0,$10.42,4.07,$266.27B,$250.03B,1.07,$47.09B,$29.84B,1.58,$17.28B,$13.64B,78.95%,$17.28B,$4.08B,23.59%,$17.28B,0,0.00%,$17.28B,0,0.00%,$17.28B,$3.26B,18.86%,$17.28B,$2.44B,14.10%,$2.44B,$29.84B,8.16%,$2.44B,$25.98B,9.36%,$2.44B,$390.32B,0.64%,$4.08B,$76.93B,5.44%,$4498,$992,$3506,$0,$2431,$3423,$1075,$0,$1075,$293,$782,$782,$768,$0,$0,$237,237,$3.24,$3.24,$16212,$0,$0,$266266,$2683,$92851,$3861,$24128,$124053,$390319,$250027,$47093,$63301,$110411,$360480,$2381,$18634,$-734,$29839,$390319,$1075,$62,$469,$531,$0,$0,$0,$-1963,$-1963,$-358,$-20,$-29,$0,$0,$569,$569,$-3,$518,$646,$0,$646,$0,$0,$-24,$-166,$456,$591,$0,$-24
3,2017-12-31,46.4,$62.88,0.74,$35.64,1.3,$-2.46,0.0,$10.64,4.36,$289.06B,$246.72B,1.17,$45.43B,$29.82B,1.52,$16.90B,$13.40B,79.29%,$16.90B,$4.26B,25.18%,$16.90B,0,0.00%,$16.90B,0,0.00%,$16.90B,$3.36B,19.88%,$16.90B,$2.57B,15.18%,$2.57B,$29.82B,8.67%,$2.57B,$26.04B,9.95%,$2.57B,$377.19B,0.68%,$4.26B,$75.25B,5.83%,$4041,$869,$3172,$0,$2546,$3414,$626,$-486,$141,$-4,$145,$145,$136,$0,$0,$474,474,$0.30,$0.30,$45241,$0,$0,$289056,$2674,$63471,$3780,$17682,$88130,$377186,$246724,$45425,$55202,$100636,$347367,$2340,$18395,$-469,$29819,$377186,$3359,$224,$2716,$2940,$0,$0,$0,$-5395,$-5395,$904,$-127,$8,$-24,$0,$-9318,$-9318,$-9,$-9470,$9569,$0,$9569,$0,$0,$-625,$198,$9142,$535,$0,$-625
4,2017-09-30,43.05,$0.00,0.0,$44.49,0.97,$2.64,16.31,$12.04,3.58,$294.80B,$251.98B,1.17,$44.62B,$30.32B,1.47,$21.10B,$16.65B,78.92%,$21.10B,$4.08B,19.32%,$21.10B,0,0.00%,$21.10B,0,0.00%,$21.10B,$3.09B,14.65%,$21.10B,$2.31B,10.96%,$2.31B,$30.32B,7.90%,$2.31B,$26.52B,9.09%,$2.31B,$386.81B,0.63%,$4.08B,$74.93B,5.72%,$4386,$908,$3478,$0,$2317,$3225,$1161,$-189,$972,$227,$746,$746,$733,$0,$0,$474,474,$1.55,$1.55,$47507,$0,$0,$294799,$2689,$62591,$3802,$22485,$92014,$386813,$251980,$44615,$59742,$104364,$356494,$2381,$18525,$-312,$30319,$386813,$3218,$170,$-23,$147,$0,$0,$0,$-4600,$-4600,$-1235,$-73,$6,$-57,$0,$-6575,$-6575,$-9,$-6709,$9356,$0,$9356,$0,$0,$-632,$-266,$8458,$478,$0,$-632
5,2017-06-30,42.26,$0.00,0.0,$41.78,1.01,$9.47,4.46,$11.67,3.62,$282.84B,$242.21B,1.17,$42.94B,$29.42B,1.46,$19.81B,$15.39B,77.66%,$19.81B,$3.99B,20.11%,$19.81B,0,0.00%,$19.81B,0,0.00%,$19.81B,$2.97B,15.00%,$19.81B,$2.21B,11.14%,$2.21B,$29.42B,7.67%,$2.21B,$25.61B,8.84%,$2.21B,$372.52B,0.61%,$3.99B,$72.36B,5.72%,$4355,$868,$3487,$0,$2273,$3141,$1214,$-144,$1071,$259,$812,$812,$799,$0,$0,$474,474,$1.68,$1.68,$46632,$0,$0,$282836,$2705,$60192,$3815,$22535,$89683,$372520,$242208,$42943,$57805,$100757,$343100,$2381,$17793,$-228,$29420,$372520,$2246,$114,$137,$251,$0,$0,$0,$-3609,$-3609,$-1112,$-48,$5,$-42,$0,$-4659,$-4659,$14,$-4728,$6533,$0,$6533,$0,$0,$-630,$167,$6070,$206,$0,$-630
6,2017-03-31,40.61,$0.00,0.0,$41.22,0.99,$14.42,2.82,$10.73,3.78,$280.04B,$236.16B,1.19,$40.52B,$28.74B,1.41,$19.55B,$15.11B,77.30%,$19.55B,$3.84B,19.63%,$19.55B,0,0.00%,$19.55B,0,0.00%,$19.55B,$2.68B,13.71%,$19.55B,$2.00B,10.22%,$2.00B,$28.74B,7.08%,$2.00B,$24.92B,8.18%,$2.00B,$364.50B,0.56%,$3.84B,$69.25B,5.69%,$4118,$855,$3263,$0,$2007,$2862,$1255,$-80,$1175,$269,$907,$907,$897,$0,$0,$474,474,$1.88,$1.88,$46773,$0,$0,$280037,$2811,$56536,$3816,$20837,$84459,$364496,$236156,$40517,$58953,$99476,$335761,$2381,$16994,$-200,$28735,$364496,$1175,$59,$-176,$-117,$0,$0,$0,$-518,$-518,$540,$-17,$4,$-18,$0,$-1599,$-1599,$-19,$-1649,$1647,$0,$1647,$0,$0,$-38,$-3,$1607,$477,$0,$-38
7,2016-12-31,36.58,$60.25,0.61,$38.48,0.95,$12.16,3.01,$9.79,3.74,$274.40B,$236.17B,1.16,$39.89B,$28.57B,1.4,$16.84B,$13.21B,78.45%,$16.84B,$3.93B,23.34%,$16.84B,0,0.00%,$16.84B,0,0.00%,$16.84B,$2.85B,16.94%,$16.84B,$2.45B,14.53%,$2.45B,$28.57B,9.66%,$2.45B,$24.77B,10.87%,$2.45B,$356.11B,0.91%,$3.93B,$68.47B,7.03%,$8239,$1816,$6422,$0,$5977,$7793,$446,$-573,$-128,$-70,$-58,$-58,$-116,$0,$0,$474,474,$-2.98,$-2.98,$41289,$0,$0,$274399,$2831,$55432,$3804,$19070,$81713,$356112,$236168,$39894,$51352,$91256,$327542,$2381,$16776,$-92,$28570,$356112,$2853,$234,$2697,$2931,$0,$0,$0,$-2367,$-2367,$3417,$-222,$7,$-84,$0,$-6580,$-6580,$43,$-6834,$6382,$0,$6382,$0,$-1013,$-602,$-407,$4360,$923,$0,$-602
8,2016-09-30,34.28,$0.00,0.0,$26.38,1.3,$15.65,2.19,$9.04,3.79,$276.57B,$233.34B,1.19,$39.98B,$28.39B,1.41,$9.90B,$11.16B,112.70%,$9.90B,$2.34B,23.63%,$9.90B,0,0.00%,$9.90B,0,0.00%,$9.90B,$3.44B,34.71%,$9.90B,$2.93B,29.55%,$2.93B,$28.39B,11.60%,$2.93B,$24.59B,13.06%,$2.93B,$359.09B,1.12%,$2.34B,$68.37B,4.26%,$3100,$886,$2214,$0,$1144,$2030,$1070,$-216,$853,$203,$650,$650,$628,$0,$0,$474,474,$1.33,$1.33,$43069,$0,$0,$276568,$2798,$52395,$3805,$23153,$82519,$359087,$233342,$39979,$57093,$97081,$330697,$2381,$16232,$44,$28390,$359087,$2283,$178,$1075,$1253,$0,$0,$0,$-1421,$-1421,$2115,$-184,$6,$-52,$0,$-3770,$-3770,$44,$-3955,$5360,$0,$5360,$0,$-1013,$-593,$-424,$3329,$1470,$0,$-593
9,2016-06-30,30.8,$0.00,0.0,$36.92,0.83,$14.12,2.18,$8.87,3.47,$258.22B,$217.76B,1.19,$36.72B,$27.07B,1.36,$10.85B,$12.04B,110.91%,$10.85B,$3.29B,30.33%,$10.85B,0,0.00%,$10.85B,0,0.00%,$10.85B,$3.37B,31.06%,$10.85B,$2.91B,26.81%,$2.91B,$27.07B,11.52%,$2.91B,$23.42B,12.96%,$2.91B,$336.04B,1.14%,$3.29B,$63.78B,5.53%,$4091,$879,$3212,$0,$2146,$3025,$1066,$-286,$780,$177,$603,$603,$588,$0,$0,$474,474,$1.22,$1.22,$43045,$0,$0,$258217,$2681,$48419,$3647,$22712,$77818,$336036,$217759,$36715,$54259,$90984,$308967,$2277,$14927,$219,$27068,$336036,$1368,$116,$1495,$1610,$0,$0,$0,$-1641,$-1641,$1337,$-150,$5,$-26,$0,$-1792,$-1792,$57,$-1906,$2002,$0,$2002,$0,$0,$-559,$-25,$1418,$866,$0,$-559
10,2016-03-31,33.13,$0.00,0.0,$40.45,0.82,$6.39,5.18,$8.98,3.69,$3.26B,$0.00B,778.27,$5.63B,$17.28B,0.33,$9.64B,$10.70B,110.90%,$9.64B,$3.02B,31.26%,$9.64B,0,0.00%,$9.64B,0,0.00%,$9.64B,$3.42B,35.47%,$9.64B,$2.95B,30.54%,$2.95B,$17.28B,11.56%,$2.95B,$17.28B,13.02%,$2.95B,$24.61B,1.17%,$3.02B,$22.91B,4.64%,$1408,$46,$1361,$0,$13,$59,$1348,$0,$1348,$1,$1347,$1347,$1347,$0,$0,$237,237,$5.59,$5.59,$2226,$0,$0,$3261,$1,$21120,$5,$222,$21350,$24611,$4,$5625,$1697,$7322,$7330,$2217,$6494,$-4,$17281,$24611,$1348,$0,$-1,$-0,$0,$0,$0,$-1623,$-1623,$-275,$-0,$1,$-1,$0,$0,$0,$-1,$-1,$59,$0,$59,$0,$0,$-34,$-1,$23,$-252,$0,$-34
11,2015-12-31,31.6,$0.00,0.0,$45.45,0.7,$-2.49,0.0,$8.62,3.67,$257.92B,$214.01B,1.21,$36.52B,$28.18B,1.3,$10.93B,$10.93B,100.01%,$10.93B,$2.25B,20.58%,$10.93B,0,0.00%,$10.93B,0,0.00%,$10.93B,$2.78B,25.46%,$10.93B,$2.13B,19.49%,$2.13B,$28.18B,7.62%,$2.13B,$24.40B,8.82%,$2.13B,$328.30B,0.66%,$2.25B,$64.71B,3.01%,$1305,$-3070,$4375,$0,$5519,$2449,$-1144,$0,$457,$110,$346,$364,$364,$0,$0,$247,247,$1.44,$1.44,$39571,$0,$0,$257918,$0,$47848,$3788,$16053,$67688,$328298,$214010,$36522,$49583,$86105,$300115,$2344,$15673,$0,$28183,$328298,$2783,$247,$0,$247,$0,$0,$0,$0,$-2128,$2632,$-103,$0,$-262,$0,$0,$-4306,$-15,$-4686,$0,$0,$1653,$0,$0,$-484,$-6,$1163,$-883,$0,$0
12,2015-09-30,31.79,$0.00,0.0,$51.18,0.62,$-139.04,0.0,$8.28,3.84,$262.86B,$201.45B,1.31,$58.20B,$28.51B,2.04,$12.44B,$7.91B,63.59%,$12.44B,$2.93B,23.56%,$12.44B,0,0.00%,$12.44B,0,0.00%,$12.44B,$2.88B,23.16%,$12.44B,$2.05B,16.47%,$2.05B,$28.51B,7.18%,$2.05B,$24.71B,8.31%,$2.05B,$328.95B,0.63%,$2.93B,$86.70B,3.88%,$4049,$961,$3089,$0,$1067,$2027,$2022,$0,$786,$158,$628,$611,$611,$0,$0,$237,237,$2.48,$2.48,$50699,$0,$0,$262859,$0,$43709,$3801,$15875,$63385,$328950,$201445,$58196,$40802,$98998,$300443,$2381,$15565,$0,$28507,$328950,$2326,$182,$0,$182,$0,$0,$0,$0,$-2169,$653,$-49,$0,$-24,$0,$0,$-2428,$-6,$-2507,$0,$2541,$1080,$0,$0,$-483,$-314,$2823,$982,$0,$0
13,2015-06-30,33.85,$0.00,0.0,$46.00,0.74,$-151.57,0.0,$8.14,4.16,$254.74B,$195.42B,1.3,$57.82B,$27.91B,2.07,$11.22B,$6.34B,56.50%,$11.22B,$1.32B,11.73%,$11.22B,0,0.00%,$11.22B,0,0.00%,$11.22B,$2.94B,26.18%,$11.22B,$2.01B,17.95%,$2.01B,$27.91B,6.98%,$2.01B,$24.11B,8.09%,$2.01B,$323.49B,0.62%,$1.32B,$85.73B,1.74%,$2882,$1012,$1870,$0,$1081,$2093,$789,$0,$830,$189,$640,$623,$623,$0,$0,$237,237,$2.54,$2.54,$46962,$0,$0,$254743,$0,$42794,$3798,$19439,$66031,$323485,$195415,$57820,$42342,$100162,$295577,$2381,$14963,$0,$27908,$323485,$1539,$121,$0,$121,$0,$0,$0,$0,$-3291,$-1214,$-26,$0,$-11,$0,$0,$-1787,$95,$-1728,$0,$0,$3639,$0,$0,$-474,$-305,$2860,$-75,$0,$0
14,2015-03-31,34.07,$0.00,0.0,$47.13,0.72,$-150.94,0.0,$7.87,4.33,$249.12B,$210.50B,1.18,$34.66B,$27.28B,1.27,$11.48B,$6.32B,55.04%,$11.48B,$1.18B,10.30%,$11.48B,0,0.00%,$11.48B,0,0.00%,$11.48B,$2.88B,25.07%,$11.48B,$1.95B,16.98%,$1.95B,$27.28B,6.72%,$1.95B,$23.46B,7.81%,$1.95B,$312.67B,0.60%,$1.18B,$61.93B,1.69%,$2696,$1097,$1599,$0,$1015,$2113,$583,$0,$710,$157,$552,$533,$533,$0,$0,$246,246,$2.16,$2.16,$46544,$0,$0,$249123,$0,$40325,$3820,$16596,$60742,$312667,$210501,$34656,$40234,$74889,$285391,$2381,$14347,$0,$27277,$312667,$710,$61,$0,$61,$0,$0,$0,$0,$-3544,$-2464,$-11,$0,$-3,$0,$0,$607,$53,$647,$0,$787,$1014,$0,$0,$-30,$-196,$1574,$-241,$0,$0
15,2014-12-31,36.89,$0.00,0.0,$49.37,0.75,$-149.62,0.0,$7.74,4.77,$270.87B,$230.34B,1.18,$37.34B,$30.52B,1.22,$12.04B,$6.77B,56.22%,$12.04B,$1.63B,13.49%,$12.04B,0,0.00%,$12.04B,0,0.00%,$12.04B,$2.87B,23.81%,$12.04B,$1.92B,15.94%,$1.92B,$30.52B,6.63%,$1.92B,$26.36B,7.70%,$1.92B,$338.02B,0.61%,$1.63B,$67.85B,2.34%,$2816,$1461,$1355,$0,$1818,$3279,$-463,$0,$556,$125,$431,$282,$282,$0,$0,$256,256,$1.10,$1.10,$49253,$0,$0,$270870,$0,$45410,$4153,$14442,$64004,$338022,$230343,$37335,$39829,$77164,$307507,$2645,$15870,$0,$30515,$338022,$2868,$313,$0,$313,$0,$0,$0,$0,$-7108,$-2081,$-30228,$0,$0,$0,$0,$32887,$-1698,$961,$0,$0,$2548,$0,$0,$-400,$-1461,$687,$-417,$0,$0
16,2014-09-30,41.52,$0.00,0.0,$48.98,0.85,$-29.01,0.0,$7.88,5.27,$259.37B,$197.50B,1.31,$57.48B,$29.63B,1.94,$11.74B,$6.58B,56.06%,$11.74B,$2.43B,20.66%,$11.74B,0,0.00%,$11.74B,0,0.00%,$11.74B,$2.76B,23.49%,$11.74B,$1.95B,16.64%,$1.95B,$29.63B,6.93%,$1.95B,$25.55B,8.06%,$1.95B,$328.50B,0.64%,$2.43B,$87.11B,3.56%,$2821,$1309,$1512,$0,$1107,$2416,$406,$0,$840,$201,$638,$575,$575,$0,$0,$237,237,$2.34,$2.34,$48251,$0,$0,$259369,$0,$42966,$4086,$19049,$66101,$328496,$197504,$57483,$43878,$101361,$298865,$2592,$15258,$0,$29632,$328496,$2381,$232,$0,$232,$0,$0,$0,$0,$3409,$-2259,$-107,$0,$19,$0,$0,$1799,$339,$2050,$0,$2539,$-1531,$0,$0,$-384,$-1503,$-880,$-1081,$0,$0
17,2014-06-30,41.89,$0.00,0.0,$50.40,0.83,$-30.57,0.0,$7.44,5.63,$249.27B,$212.39B,1.17,$34.74B,$28.63B,1.21,$12.08B,$6.91B,57.15%,$12.08B,$2.70B,22.38%,$12.08B,0,0.00%,$12.08B,0,0.00%,$12.08B,$2.60B,21.54%,$12.08B,$1.85B,15.31%,$1.85B,$28.63B,6.75%,$1.85B,$24.56B,7.86%,$1.85B,$313.32B,0.63%,$2.70B,$63.36B,4.39%,$3150,$1296,$1854,$0,$1121,$2493,$657,$0,$773,$180,$594,$560,$560,$0,$0,$237,237,$2.27,$2.27,$43757,$0,$0,$249272,$0,$42159,$4063,$14740,$60963,$313322,$212387,$34737,$37571,$72308,$284695,$2566,$14497,$0,$28627,$313322,$1526,$153,$0,$153,$0,$0,$0,$0,$-396,$-1030,$-62,$0,$12,$0,$0,$1874,$298,$2122,$0,$964,$-1612,$0,$0,$-373,$-1060,$-2081,$-1002,$0,$0
18,2014-03-31,40.15,$0.00,0.0,$50.06,0.8,$-43.63,0.0,$7.19,5.58,$227.10B,$192.24B,1.18,$32.81B,$27.01B,1.22,$12.00B,$6.76B,56.35%,$12.00B,$2.75B,22.91%,$12.00B,0,0.00%,$12.00B,0,0.00%,$12.00B,$2.53B,21.10%,$12.00B,$1.79B,14.92%,$1.79B,$27.01B,6.68%,$1.79B,$23.23B,7.79%,$1.79B,$286.93B,0.62%,$2.75B,$59.82B,4.52%,$3255,$1205,$2049,$0,$953,$2230,$1025,$0,$698,$162,$536,$503,$503,$0,$0,$247,247,$2.03,$2.03,$41181,$0,$0,$227097,$0,$39946,$3788,$13220,$56955,$286927,$192241,$32808,$34865,$67673,$259914,$2381,$12937,$0,$27013,$286927,$698,$72,$0,$72,$0,$0,$0,$0,$-3196,$-2126,$-28,$0,$35,$0,$0,$692,$1,$700,$0,$2259,$-970,$0,$0,$-26,$-60,$1204,$-221,$0,$0
19,2013-12-31,41.74,$0.00,0.0,$51.57,0.81,$-55.50,0.0,$6.96,6.0,$225.68B,$191.72B,1.18,$34.49B,$27.47B,1.26,$12.23B,$6.72B,54.96%,$12.23B,$2.36B,19.29%,$12.23B,0,0.00%,$12.23B,0,0.00%,$12.23B,$2.47B,20.18%,$12.23B,$1.74B,14.19%,$1.74B,$27.47B,6.50%,$1.74B,$23.58B,7.60%,$1.74B,$286.39B,0.60%,$2.36B,$61.96B,3.53%,$2518,$1349,$1169,$0,$978,$2180,$338,$0,$448,$81,$367,$316,$316,$0,$0,$237,237,$1.24,$1.24,$36417,$0,$0,$225682,$0,$42002,$3888,$11863,$57754,$286393,$191715,$34492,$32715,$67207,$258922,$2433,$13059,$0,$27471,$286393,$2468,$294,$0,$294,$0,$0,$0,$0,$-6456,$-1012,$-342,$0,$369,$0,$0,$3086,$11,$3124,$0,$0,$-351,$0,$0,$-390,$-442,$-1184,$932,$0,$0
20,2013-09-30,36.61,$0.00,0.0,$40.95,0.89,$-49.79,0.0,$5.72,6.4,$224.25B,$187.92B,1.19,$34.40B,$26.58B,1.29,$13.20B,$7.54B,57.10%,$13.20B,$2.54B,19.22%,$13.20B,0,0.00%,$13.20B,0,0.00%,$13.20B,$2.54B,19.22%,$13.20B,$1.81B,13.72%,$1.81B,$26.58B,6.91%,$1.81B,$22.78B,8.09%,$1.81B,$285.66B,0.64%,$2.54B,$60.98B,3.82%,$3160,$1326,$1834,$0,$1075,$2476,$684,$0,$684,$175,$508,$471,$471,$0,$0,$237,237,$1.90,$1.90,$39830,$0,$0,$224250,$0,$41027,$3804,$13720,$58551,$285655,$187921,$34398,$36751,$71150,$259071,$2381,$12472,$0,$26584,$285655,$1999,$215,$0,$215,$0,$0,$0,$0,$-5228,$-2509,$-227,$0,$0,$0,$0,$3190,$334,$3297,$0,$0,$900,$0,$0,$-375,$-221,$305,$1097,$0,$0
21,2013-06-30,29.41,$0.00,0.0,$41.41,0.71,$-30.62,0.0,$5.55,5.3,$219.77B,$188.93B,1.16,$34.58B,$26.17B,1.32,$13.77B,$7.90B,57.37%,$13.77B,$3.06B,22.21%,$13.77B,0,0.00%,$13.77B,0,0.00%,$13.77B,$2.44B,17.70%,$13.77B,$1.81B,13.14%,$1.81B,$26.17B,6.97%,$1.81B,$22.35B,8.18%,$1.81B,$287.40B,0.65%,$3.06B,$60.76B,4.60%,$3068,$1356,$1711,$0,$937,$2366,$702,$0,$702,$169,$533,$500,$500,$0,$0,$237,237,$2.02,$2.02,$34908,$0,$0,$219767,$0,$42243,$3820,$18708,$64772,$287396,$188925,$34584,$37715,$72299,$261224,$2381,$12008,$0,$26172,$287396,$1315,$141,$0,$141,$0,$0,$0,$0,$-6012,$-4039,$-149,$0,$0,$0,$0,$1911,$378,$2140,$0,$0,$2563,$0,$0,$-368,$-282,$1914,$14,$0,$0
22,2013-03-31,32.45,$0.00,0.0,$35.71,0.91,$-8.37,0.0,$4.65,6.98,$222.78B,$170.71B,1.31,$57.15B,$26.53B,2.15,$14.25B,$8.22B,57.69%,$14.25B,$3.53B,24.78%,$14.25B,0,0.00%,$14.25B,0,0.00%,$14.25B,$2.49B,17.48%,$14.25B,$1.86B,13.03%,$1.86B,$26.53B,7.30%,$1.86B,$22.57B,8.57%,$1.86B,$291.71B,0.68%,$3.53B,$83.68B,5.36%,$3481,$1475,$2006,$0,$1372,$2847,$634,$0,$634,$148,$486,$448,$448,$0,$0,$237,237,$1.80,$1.80,$35726,$0,$0,$222775,$0,$43256,$3956,$18829,$66041,$291708,$170709,$57146,$37324,$94469,$265179,$2460,$11839,$0,$26529,$291708,$634,$70,$0,$70,$0,$0,$0,$0,$-6563,$-4851,$-31,$0,$-13306,$0,$0,$15324,$399,$2386,$0,$3029,$-340,$0,$0,$-38,$-577,$2074,$-392,$0,$0
23,2012-12-31,33.12,$0.00,0.0,$29.64,1.12,$17.89,1.85,$3.99,8.31,$206.32B,$175.63B,1.18,$34.57B,$25.37B,1.36,$15.08B,$8.96B,59.38%,$15.08B,$4.70B,31.16%,$15.08B,0,0.00%,$15.08B,0,0.00%,$15.08B,$2.88B,19.08%,$15.08B,$1.98B,13.11%,$1.98B,$25.61B,7.96%,$1.98B,$21.88B,9.37%,$1.98B,$267.76B,0.74%,$4.70B,$60.18B,7.82%,$3495,$1507,$1988,$0,$1267,$2977,$518,$0,$518,$127,$391,$392,$392,$0,$0,$0,0,$0.00,$0.00,$28625,$0,$0,$206319,$0,$43194,$3730,$11800,$58725,$267755,$175630,$34568,$31943,$66511,$242141,$2110,$11124,$0,$25614,$267755,$2877,$266,$0,$266,$0,$0,$0,$0,$3206,$8079,$-241,$0,$80,$0,$0,$-1605,$-199,$-1966,$0,$-484,$-721,$0,$-3351,$-579,$-95,$-5231,$887,$0,$0
24,2012-09-30,29.96,$0.00,0.0,$39.87,0.75,$19.99,1.5,$4.78,6.27,$210.64B,$178.52B,1.18,$36.03B,$25.20B,1.43,$16.50B,$10.26B,62.19%,$16.50B,$5.21B,31.55%,$16.50B,0,0.00%,$16.50B,0,0.00%,$16.50B,$2.95B,17.90%,$16.50B,$1.97B,11.93%,$1.97B,$25.45B,8.01%,$1.97B,$21.67B,9.47%,$1.97B,$274.83B,0.74%,$5.21B,$61.48B,8.15%,$3727,$1531,$2196,$0,$991,$2522,$1205,$0,$583,$114,$469,$469,$469,$0,$0,$270,270,$1.73,$1.73,$32085,$0,$0,$210638,$0,$42834,$3776,$14903,$61513,$274826,$178519,$36031,$34830,$70861,$249381,$2110,$10793,$0,$25445,$274826,$2377,$198,$0,$198,$0,$0,$0,$0,$-1584,$2230,$-166,$0,$80,$0,$0,$-930,$-48,$-1065,$0,$1931,$628,$0,$-3351,$-572,$207,$-1157,$3,$0,$0
25,2012-06-30,31.68,$0.00,0.0,$33.10,0.96,$21.98,1.44,$4.26,7.44,$197.63B,$170.62B,1.16,$34.13B,$24.01B,1.42,$16.49B,$10.19B,61.76%,$16.49B,$5.28B,32.04%,$16.49B,0,0.00%,$16.49B,0,0.00%,$16.49B,$3.28B,19.90%,$16.49B,$2.16B,13.07%,$2.16B,$24.25B,8.56%,$2.16B,$20.55B,10.07%,$2.16B,$258.15B,0.82%,$5.28B,$58.38B,8.16%,$3551,$1518,$2033,$0,$858,$2375,$1175,$0,$756,$169,$586,$549,$549,$0,$0,$491,491,$1.12,$1.12,$30085,$0,$0,$197626,$0,$40317,$3700,$13921,$57938,$258151,$170621,$34125,$29153,$63278,$233899,$2063,$10135,$0,$24252,$258151,$1753,$125,$0,$125,$0,$0,$0,$0,$-109,$2337,$-92,$0,$78,$0,$0,$214,$539,$739,$0,$1165,$-461,$0,$-3276,$-553,$223,$-2901,$171,$0,$0
26,2012-03-31,34.41,$0.00,0.0,$33.60,1.02,$16.59,2.07,$4.84,7.12,$201.96B,$174.13B,1.16,$36.08B,$23.89B,1.51,$17.16B,$10.86B,63.25%,$17.16B,$5.29B,30.81%,$17.16B,0,0.00%,$17.16B,0,0.00%,$17.16B,$3.71B,21.59%,$17.16B,$2.53B,14.75%,$2.53B,$24.13B,9.79%,$2.53B,$20.35B,11.46%,$2.53B,$263.37B,0.96%,$5.29B,$60.21B,7.99%,$4309,$1570,$2739,$0,$875,$2509,$1801,$0,$1020,$247,$773,$568,$568,$0,$0,$501,501,$1.14,$1.14,$30923,$0,$0,$201955,$0,$42727,$3782,$12221,$58729,$263368,$174132,$36080,$29024,$65104,$239236,$2110,$9811,$0,$24132,$263368,$1020,$63,$0,$63,$0,$0,$0,$0,$1750,$2888,$-47,$0,$0,$0,$0,$30,$-3071,$-3089,$0,$119,$783,$0,$0,$-35,$-45,$822,$603,$0,$0
27,2011-12-31,30.44,$0.00,0.0,$32.48,0.94,$20.70,1.47,$5.29,5.75,$199.53B,$158.95B,1.26,$50.85B,$24.19B,2.1,$16.64B,$10.54B,63.34%,$16.64B,$4.62B,27.75%,$16.64B,0,0.00%,$16.64B,0,0.00%,$16.64B,$3.82B,22.93%,$16.64B,$2.79B,16.75%,$2.79B,$24.44B,10.73%,$2.79B,$20.62B,12.54%,$2.79B,$262.19B,1.07%,$4.62B,$75.29B,6.99%,$4914,$1620,$3294,$0,$2398,$3889,$1025,$0,$594,$98,$496,$383,$383,$0,$0,$480,480,$0.80,$0.79,$24284,$0,$0,$199525,$0,$42337,$3825,$13776,$59938,$262187,$158949,$50850,$27946,$78796,$237745,$2158,$9855,$0,$24442,$262187,$3815,$262,$0,$262,$0,$0,$0,$0,$-3860,$1223,$-212,$0,$-95,$0,$0,$-3304,$-92,$-3702,$0,$0,$1309,$0,$0,$-533,$919,$1695,$-786,$0,$0
28,2011-09-30,30.09,$0.00,0.0,$28.59,1.05,$6.87,4.38,$9.24,3.26,$207.39B,$174.57B,1.19,$37.38B,$27.59B,1.36,$15.30B,$10.82B,70.73%,$15.30B,$7.17B,46.87%,$15.30B,0,0.00%,$15.30B,0,0.00%,$15.30B,$6.80B,44.44%,$15.30B,$5.10B,33.35%,$5.10B,$27.84B,20.36%,$5.10B,$24.07B,23.73%,$5.10B,$271.82B,2.00%,$7.17B,$65.23B,11.45%,$3718,$1598,$2120,$0,$838,$2435,$1283,$0,$912,$217,$695,$655,$655,$0,$0,$529,529,$1.24,$1.22,$29328,$0,$0,$207387,$0,$43864,$3772,$14487,$62124,$271823,$174569,$37381,$32029,$69410,$243980,$2205,$13093,$0,$27843,$271823,$2531,$200,$0,$200,$0,$0,$0,$0,$993,$5231,$-132,$0,$0,$0,$0,$-6346,$-112,$-6591,$0,$1983,$-261,$0,$1030,$-545,$-53,$2154,$811,$0,$0
29,2011-06-30,42.19,$0.00,0.0,$21.67,1.95,$-2.76,0.0,$7.84,5.38,$198.25B,$162.98B,1.22,$37.07B,$26.76B,1.39,$11.63B,$8.75B,75.23%,$11.63B,$5.94B,51.04%,$11.63B,0,0.00%,$11.63B,0,0.00%,$11.63B,$6.66B,57.29%,$11.63B,$4.41B,37.88%,$4.41B,$27.01B,24.33%,$4.41B,$23.27B,28.45%,$4.41B,$261.59B,2.35%,$5.94B,$64.08B,12.81%,$4222,$1519,$2703,$0,$1459,$3043,$1179,$0,$1179,$253,$925,$925,$925,$0,$0,$533,545,$1.74,$1.70,$25426,$0,$0,$198251,$0,$39914,$3740,$16968,$60622,$261593,$162978,$37074,$34534,$71608,$234586,$2181,$12304,$0,$27007,$261593,$1816,$131,$0,$131,$0,$0,$0,$0,$-3272,$-364,$-83,$0,$0,$0,$0,$-477,$-1169,$-1730,$0,$0,$700,$0,$0,$-539,$987,$1149,$-959,$0,$0
30,2011-03-31,39.82,$0.00,0.0,$14.17,2.81,$-1.94,0.0,$6.08,6.55,$190.99B,$160.28B,1.19,$35.22B,$24.35B,1.45,$7.53B,$6.17B,81.91%,$7.53B,$4.88B,64.79%,$7.53B,0,0.00%,$7.53B,0,0.00%,$7.53B,$5.61B,74.45%,$7.53B,$3.49B,46.36%,$3.49B,$24.54B,30.74%,$3.49B,$20.94B,36.11%,$3.49B,$248.40B,2.86%,$4.88B,$59.76B,16.09%,$3781,$1361,$2419,$0,$1226,$2650,$1130,$0,$1130,$269,$862,$823,$823,$0,$0,$505,505,$1.63,$1.59,$27916,$0,$0,$190993,$0,$40007,$3603,$11125,$54736,$248395,$160284,$35218,$28352,$63570,$223854,$2110,$11044,$0,$24541,$248395,$862,$63,$0,$63,$0,$0,$0,$0,$3406,$4976,$-32,$0,$0,$0,$0,$-2591,$12,$-2612,$0,$0,$1003,$0,$0,$-32,$12,$983,$3204,$0,$0
31,2010-12-31,41.25,$0.00,0.0,$8.15,5.06,$-11.72,0.0,$5.66,7.29,$172.45B,$154.63B,1.12,$40.66B,$20.45B,1.99,$4.46B,$4.46B,100.00%,$4.46B,$4.46B,100.00%,$4.46B,0,0.00%,$4.46B,0,0.00%,$4.46B,$5.19B,116.29%,$4.46B,$3.29B,73.76%,$3.29B,$20.88B,63.07%,$3.29B,$17.73B,74.27%,$3.29B,$239.43B,5.50%,$4.46B,$61.54B,29.01%,$3579,$0,$3579,$0,$0,$0,$3579,$0,$3579,$0,$3579,$2700,$2700,$0,$0,$564,564,$4.79,$4.74,$13218,$0,$0,$172452,$0,$49341,$3147,$12363,$64851,$239429,$154633,$40659,$23258,$63918,$218550,$2134,$8061,$0,$20878,$239429,$2134,$696,$0,$696,$0,$0,$0,$0,$-12762,$-6426,$-187,$0,$0,$0,$0,$-89,$-87,$-363,$0,$4416,$1253,$0,$-165,$-385,$615,$5735,$-1052,$0,$0
32,2010-09-30,33.34,$0.00,0.0,$1.81,18.45,0,0.0,$0.92,36.24,$0.00B,$0.00B,0.0,$0.00B,$0.00B,0.0,$0.88B,$0.88B,100.00%,$0.88B,$0.88B,100.00%,$0.88B,0,0.00%,$0.88B,0,0.00%,$0.88B,$1.61B,182.24%,$0.88B,$0.59B,66.97%,$0.59B,$0.00B,13.41%,$0.59B,$0.00B,17.80%,$0.59B,$0.00B,1.08%,$0.88B,$0.00B,5.61%,$48,$0,$48,$0,$0,$0,$48,$0,$775,$0,$775,$-43,$-43,$0,$0,$474,489,$-0.20,$-0.19,$0,$0,$0,$0,$0,$0,$0,$0,$0,$0,$0,$0,$0,$0,$0,$0,$0,$0,$0,$0,$0,$0,$0,$0,$0,$0,$0,$0,$0,$0,$0,$0,$0,$0,$0,$0,$0,$0,$0,$0,$0,$0,$0,$0,$0,$0,$0,$0,$0
33,2010-06-30,31.75,$0.00,0.0,$6.26,5.07,$2.98,10.66,$1.11,28.6,$0.00B,$0.00B,0.0,$0.00B,$0.00B,0.0,$5.17B,$-1.82B,-35.20%,$5.17B,$-7.60B,-146.81%,$5.17B,0,0.00%,$5.17B,0,0.00%,$5.17B,$-2.31B,-44.61%,$5.17B,$-1.65B,-31.83%,$-1.65B,$0.00B,-20.82%,$-1.65B,$0.00B,-28.80%,$-1.65B,$0.00B,-1.55%,$-7.60B,$0.00B,-24.42%,$122,$0,$122,$0,$0,$0,$122,$0,$122,$0,$122,$11,$11,$0,$0,$474,489,$-0.08,$-0.07,$0,$0,$0,$0,$0,$0,$0,$0,$0,$0,$0,$0,$0,$0,$0,$0,$0,$0,$0,$0,$0,$0,$0,$0,$0,$0,$0,$0,$0,$0,$0,$0,$0,$0,$0,$0,$0,$0,$0,$0,$0,$0,$0,$0,$0,$0,$0,$0,$0
34,2010-03-31,34.56,$0.00,0.0,$13.36,2.59,$2.98,11.61,$3.34,10.35,$0.00B,$0.00B,0.0,$0.00B,$0.00B,0.0,$10.04B,$3.05B,30.34%,$10.04B,$-2.73B,-27.17%,$10.04B,0,0.00%,$10.04B,0,0.00%,$10.04B,$-2.14B,-21.29%,$10.04B,$-0.19B,-1.88%,$-0.19B,$0.00B,-2.39%,$-0.19B,$0.00B,-3.31%,$-0.19B,$0.00B,-0.18%,$-2.73B,$0.00B,-8.77%,$714,$0,$714,$0,$0,$0,$714,$0,$714,$0,$714,$624,$624,$0,$0,$474,489,$1.21,$1.18,$0,$0,$0,$0,$0,$0,$0,$0,$0,$0,$0,$0,$0,$0,$0,$0,$0,$0,$0,$0,$0,$0,$0,$0,$0,$0,$0,$0,$0,$0,$0,$0,$0,$0,$0,$0,$0,$0,$0,$0,$0,$0,$0,$0,$0,$0,$0,$0,$0
35,2009-12-31,32.3,$0.00,0.0,$20.82,1.55,$2.98,10.84,$5.24,6.17,$155.92B,$148.94B,1.05,$45.32B,$17.47B,2.59,$13.28B,$6.28B,47.32%,$13.28B,$0.51B,3.83%,$13.28B,0,0.00%,$13.28B,0,0.00%,$13.28B,$1.10B,8.28%,$13.28B,$0.55B,4.11%,$0.55B,$17.66B,6.90%,$0.55B,$13.30B,9.55%,$0.55B,$219.06B,0.51%,$0.51B,$62.98B,1.64%,$0,$0,$0,$0,$0,$0,$0,$0,$0,$0,$0,$0,$0,$0,$0,$0,0,$0.00,$0.00,$12462,$0,$0,$155924,$0,$34723,$4359,$21961,$61042,$219061,$148937,$45322,$7142,$52464,$201401,$2038,$7409,$0,$17659,$219061,$983,$737,$0,$737,$0,$0,$0,$0,$-1876,$1473,$-269,$0,$-1,$0,$0,$-331,$-5832,$-6433,$0,$10390,$-2824,$0,$1096,$-198,$-31,$8433,$2577,$0,$0
36,2008-12-31,19.85,$0.00,0.0,$29.84,0.67,$8.56,2.32,$8.04,2.47,$142.96B,$137.43B,1.04,$47.45B,$13.81B,3.44,$15.30B,$8.20B,53.62%,$15.30B,$2.41B,15.78%,$15.30B,0,0.00%,$15.30B,0,0.00%,$15.30B,$1.73B,11.28%,$15.30B,$1.17B,7.67%,$1.17B,$13.99B,14.70%,$1.17B,$9.57B,17.06%,$1.17B,$206.79B,2.01%,$2.41B,$61.43B,11.09%,$4338,$6995,$-2657,$0,$5775,$12770,$-8432,$0,$-3144,$0,$-3695,$-2282,$-2282,$0,$0,$939,954,$-6.79,$-6.81,$7956,$0,$0,$142960,$0,$30461,$4414,$27047,$61922,$206793,$137431,$47446,$7681,$55375,$192806,$1570,$6109,$0,$13987,$206793,$1173,$922,$0,$922,$0,$0,$0,$0,$-250,$3093,$-253,$0,$-37,$0,$0,$-20579,$-453,$-21322,$0,$5610,$-712,$0,$0,$-453,$11678,$16122,$-1755,$0,$0
37,2008-09-30,29.99,$0.00,0.0,$35.67,0.84,$8.38,3.58,$10.93,2.75,$0.00B,$0.00B,0.0,$0.00B,$0.00B,0.0,$20.16B,$20.06B,99.50%,$20.16B,$20.04B,99.44%,$20.16B,0,0.00%,$20.16B,0,0.00%,$20.16B,$14.07B,69.79%,$20.16B,$6.02B,29.85%,$6.02B,$0.00B,66.84%,$6.02B,$0.00B,81.80%,$6.02B,$0.00B,9.15%,$20.04B,$0.00B,75.90%,$4990,$0,$4990,$0,$0,$0,$4990,$0,$292,$0,$292,$1469,$1469,$0,$0,$679,679,$2.17,$2.17,$0,$0,$0,$0,$0,$0,$0,$0,$0,$0,$0,$0,$0,$0,$0,$0,$0,$0,$0,$0,$0,$0,$0,$0,$0,$0,$0,$0,$0,$0,$0,$0,$0,$0,$0,$0,$0,$0,$0,$0,$0,$0,$0,$0,$0,$0,$0,$0,$0
38,2008-06-30,37.72,$0.00,0.0,$39.22,0.96,$8.38,4.5,$12.45,3.03,$0.00B,$0.00B,0.0,$0.00B,$0.00B,0.0,$22.19B,$22.09B,99.55%,$22.19B,$22.08B,99.49%,$22.19B,0,0.00%,$22.19B,0,0.00%,$22.19B,$20.80B,93.73%,$22.19B,$6.92B,31.20%,$6.92B,$0.00B,76.93%,$6.92B,$0.00B,94.14%,$6.92B,$0.00B,10.53%,$22.08B,$0.00B,83.61%,$3951,$0,$3951,$0,$0,$0,$3951,$0,$3951,$0,$3951,$1359,$1359,$0,$0,$443,443,$3.07,$3.07,$0,$0,$0,$0,$0,$0,$0,$0,$0,$0,$0,$0,$0,$0,$0,$0,$0,$0,$0,$0,$0,$0,$0,$0,$0,$0,$0,$0,$0,$0,$0,$0,$0,$0,$0,$0,$0,$0,$0,$0,$0,$0,$0,$0,$0,$0,$0,$0,$0
39,2008-03-31,44.44,$0.00,0.0,$45.90,0.97,$9.42,4.72,$11.09,4.01,$4.02B,$0.00B,0.0,$7.71B,$17.45B,0.44,$24.81B,$24.62B,99.25%,$24.81B,$24.59B,99.13%,$24.81B,0,0.00%,$24.81B,0,0.00%,$24.81B,$17.59B,70.89%,$24.81B,$6.31B,25.42%,$6.31B,$17.93B,46.70%,$6.31B,$17.93B,53.18%,$6.31B,$26.29B,8.73%,$24.59B,$25.64B,74.84%,$2018,$101,$1918,$0,$12,$113,$1905,$0,$626,$0,$626,$627,$627,$0,$0,$224,224,$2.80,$2.80,$2079,$0,$0,$4021,$0,$22236,$0,$33,$22269,$26291,$0,$7711,$649,$8360,$8360,$1998,$5258,$0,$17931,$26291,$626,$0,$0,$0,$0,$0,$0,$0,$20,$1249,$-1,$0,$0,$0,$0,$383,$0,$383,$0,$358,$0,$0,$0,$-41,$-2,$314,$1946,$0,$0
40,2007-12-31,48.26,$0.00,0.0,$57.42,0.84,$3.86,12.5,$10.79,4.47,$170.92B,$149.37B,1.14,$61.92B,$17.84B,3.47,$30.95B,$30.80B,99.51%,$30.95B,$30.77B,99.40%,$30.95B,0,0.00%,$30.95B,0,0.00%,$30.95B,$17.98B,58.09%,$30.95B,$6.70B,21.65%,$6.70B,$18.07B,51.06%,$6.70B,$11.49B,58.38%,$6.70B,$236.83B,9.38%,$30.77B,$79.99B,95.86%,$9198,$0,$9198,$0,$0,$0,$9198,$0,$9198,$0,$9198,$2561,$2561,$0,$0,$887,887,$2.89,$2.89,$10065,$0,$0,$170916,$0,$33205,$6582,$23499,$63286,$236826,$149373,$61923,$7233,$69383,$218756,$2117,$7268,$0,$18070,$236826,$2062,$1282,$0,$1282,$0,$0,$0,$0,$-1331,$2957,$-473,$0,$-6368,$0,$0,$-23830,$-542,$-31212,$0,$4642,$10178,$0,$4426,$-360,$11309,$30195,$2018,$0,$0
41,2007-09-30,54.0,$0.00,0.0,$79.64,0.68,$1.46,37.02,$8.58,6.29,$0.00B,$0.00B,0.0,$0.00B,$0.00B,0.0,$33.76B,$28.42B,84.19%,$33.76B,$22.18B,65.69%,$33.76B,0,0.00%,$33.76B,0,0.00%,$33.76B,$9.39B,27.82%,$33.76B,$4.39B,13.00%,$4.39B,$0.00B,38.88%,$4.39B,$0.00B,41.43%,$4.39B,$0.00B,7.39%,$22.18B,$0.00B,86.24%,$7027,$0,$7027,$0,$0,$0,$7027,$0,$7027,$0,$7027,$2377,$2377,$0,$0,$645,645,$3.69,$3.69,$0,$0,$0,$0,$0,$0,$0,$0,$0,$0,$0,$0,$0,$0,$0,$0,$0,$0,$0,$0,$0,$0,$0,$0,$0,$0,$0,$0,$0,$0,$0,$0,$0,$0,$0,$0,$0,$0,$0,$0,$0,$0,$0,$0,$0,$0,$0,$0,$0
42,2007-06-30,51.56,$0.00,0.0,$70.30,0.73,$1.21,42.56,$6.30,8.18,$2.54B,$0.00B,0.0,$7.80B,$17.49B,0.45,$27.33B,$21.96B,80.33%,$27.33B,$15.70B,57.45%,$27.33B,0,0.00%,$27.33B,0,0.00%,$27.33B,$2.91B,10.63%,$27.33B,$2.55B,9.34%,$2.55B,$18.01B,18.01%,$2.55B,$18.01B,18.94%,$2.55B,$25.87B,4.05%,$15.70B,$25.81B,53.41%,$6567,$86,$6481,$0,$17,$103,$6464,$0,$736,$0,$736,$741,$741,$0,$0,$421,421,$1.76,$1.71,$1327,$0,$0,$2535,$0,$23276,$0,$60,$23336,$25872,$0,$7803,$60,$7863,$7863,$2059,$5009,$0,$18009,$25872,$1776,$0,$0,$0,$0,$0,$0,$0,$-22,$437,$-0,$0,$0,$0,$0,$-7133,$-0,$-7133,$0,$0,$3917,$0,$4046,$-423,$-22,$7518,$822,$0,$0
43,2007-03-31,47.93,$0.00,0.0,$56.52,0.85,$0.09,551.59,$6.19,7.74,$1.66B,$0.00B,0.0,$6.18B,$15.90B,0.39,$21.43B,$16.11B,75.18%,$21.43B,$9.86B,46.01%,$21.43B,0,0.00%,$21.43B,0,0.00%,$21.43B,$2.79B,13.02%,$21.43B,$2.43B,11.34%,$2.43B,$16.41B,19.81%,$2.43B,$16.41B,21.00%,$2.43B,$23.04B,4.05%,$9.86B,$22.59B,37.58%,$8162,$67,$8095,$0,$16,$82,$8079,$0,$1021,$0,$1021,$1021,$1021,$0,$0,$397,397,$2.57,$2.50,$490,$0,$0,$1660,$0,$21286,$0,$89,$21374,$23035,$0,$6176,$448,$6624,$6624,$2029,$4208,$0,$16411,$23035,$1021,$0,$0,$0,$0,$0,$0,$0,$-8,$8,$-0,$0,$0,$0,$0,$-7339,$1041,$-6298,$0,$0,$2343,$0,$3988,$-44,$-6,$6281,$-9,$0,$0
44,2006-12-31,43.5,$0.00,0.0,$51.31,0.85,$0.04,1201.57,$4.94,8.81,$141.30B,$127.78B,1.11,$43.74B,$10.73B,4.08,$18.90B,$13.61B,72.05%,$18.90B,$7.37B,38.99%,$18.90B,0,0.00%,$18.90B,0,0.00%,$18.90B,$2.26B,11.94%,$18.90B,$1.90B,10.04%,$1.90B,$10.73B,17.91%,$1.90B,$7.95B,19.16%,$1.90B,$188.53B,3.30%,$7.37B,$54.47B,31.21%,$12005,$5186,$6819,$0,$5705,$11397,$608,$0,$608,$664,$-56,$250,$250,$0,$0,$368,368,$0.68,$0.68,$9865,$0,$0,$141298,$0,$26924,$2778,$15274,$44976,$188529,$127775,$43739,$6111,$50023,$177798,$2051,$5533,$0,$10730,$188529,$1581,$690,$0,$690,$0,$0,$0,$0,$-2255,$630,$-483,$0,$488,$0,$0,$-16945,$-696,$-17637,$0,$-1010,$7272,$0,$213,$-304,$10085,$16256,$-799,$0,$0
