,Date,Stock Price,Book Value per Share,Price to Book Ratio,TTM Sales per Share,Price to Sales Ratio,TTM FCF per Share,Price to FCF Ratio,TTM Net EPS,PE Ratio,Current Assets,Current Liabilities,Current Ratio,Long Term Debt,Shareholder's Equity_x,Debt to Equity Ratio,TTM Revenue_x,TTM Gross Profit,Gross Margin,TTM Revenue_y,TTM Operating Income,Operating Margin,TTM Revenue_x,TTM EBIT,EBIT Margin,TTM Revenue_y,TTM EBITDA,EBITDA Margin,TTM Revenue_x,TTM Pre-Tax Income,Pre-Tax Margin,TTM Revenue_y,TTM Net Income_x,Net Margin,TTM Net Income_y,Shareholder's Equity_y,Return on Equity,TTM Net Income_x,Tangible Equity,Return on Tangible Equity,TTM Net Income_y,Total Assets,Return on Assets,TTM Net Income,LT Investments & Debt,Return on Investment,revenue,cost-goods-sold,gross-profit,research-development-expenses,selling-general-administrative-expenses,operating-expenses,operating-income,total-non-operating-income-expense,pre-tax-income,total-provision-income-taxes,income-after-taxes,income-from-continuous-operations,net-income,ebitda,ebit,basic-shares-outstanding,shares-outstanding,eps-basic-net-earnings-per-share,eps-earnings-per-share-diluted,cash-on-hand,inventory,other-current-assets,total-current-assets,net-property-plant-equipment,long-term-investments,goodwill-intangible-assets-total,other-long-term-assets,total-long-term-assets,total-assets,total-current-liabilities,long-term-debt,other-non-current-liabilities,total-long-term-liabilities,total-liabilities,common-stock-net,retained-earnings-accumulated-deficit,comprehensive-income,total-share-holder-equity,total-liabilities-share-holders-equity,net-income-loss,total-depreciation-amortization-cash-flow,other-non-cash-items,total-non-cash-items,change-in-accounts-receivable,change-in-inventories,change-in-accounts-payable,change-in-assets-liabilities,total-change-in-assets-liabilities,cash-flow-from-operating-activities,net-change-in-property-plant-equipment,net-change-in-intangible-assets,net-acquisitions-divestitures,net-change-in-short-term-investments,net-change-in-long-term-investments,net-change-in-investments-total,investing-activities-other,cash-flow-from-investing-activities,net-long-term-debt,net-current-debt,debt-issuance-retirement-net-total,net-common-equity-issued-repurchased,net-total-equity-issued-repurchased,total-common-preferred-stock-dividends-paid,financial-activities-other,cash-flow-from-financial-activities,net-cash-flow,stock-based-compensation,common-stock-dividends-paid
0,2018-03-31,0.87,$0.00,0.0,$1.50,0.58,$-2.73,0.0,$-0.56,0.0,$0.01B,$0.00B,0.0,$0.20B,$0.00B,0.0,$0.05B,$0.01B,17.78%,$0.05B,$-0.01B,-11.11%,$0.05B,$-0.01B,-11.11%,$0.05B,$-0.00B,-4.44%,$0.05B,$-0.02B,-35.56%,$0.05B,$-0.02B,-35.56%,$-0.02B,$0.04B,-47.06%,$-0.02B,$0.04B,-47.06%,$-0.02B,$0.27B,-6.08%,$-0.01B,$0.24B,-2.11%,$21,$15,$6,$0,$2,$20,$2,$-5,$-3,$0,$-3,$-3,$-3,$2,$2,$37,37,$-0.09,$-0.09,$8,$0,$0,$8,$252,$0,$0,$9,$261,$269,$0,$199,$34,$232,$232,$0,$0,$0,$37,$269,$0,$0,$0,$0,$0,$0,$0,$0,$0,$0,$0,$0,$0,$0,$0,$0,$0,$0,$0,$0,$0,$0,$0,$0,$0,$0,$0,$0,$0
1,2017-12-31,1.04,$0.00,0.0,$1.35,0.77,$-3.34,0.0,$-0.76,0.0,$0.01B,$0.00B,0.0,$0.20B,$0.00B,0.0,$0.03B,$0.00B,6.06%,$0.03B,$-0.01B,-30.30%,$0.03B,$-0.01B,-30.30%,$0.03B,$-0.01B,-15.15%,$0.03B,$-0.02B,-57.58%,$0.03B,$-0.02B,-57.58%,$-0.02B,$0.04B,-64.41%,$-0.02B,$0.04B,-64.41%,$-0.02B,$0.28B,-7.69%,$-0.01B,$0.24B,-4.44%,$0,$0,$0,$0,$0,$0,$0,$0,$0,$0,$0,$0,$0,$0,$0,$0,0,$0.00,$0.00,$11,$0,$0,$11,$255,$0,$0,$10,$265,$276,$0,$202,$33,$234,$234,$0,$0,$0,$41,$276,$0,$0,$0,$0,$0,$0,$0,$0,$0,$0,$0,$0,$0,$0,$0,$0,$0,$0,$0,$0,$0,$0,$0,$0,$0,$0,$0,$0,$0
2,2017-03-31,0.82,$0.00,0.0,$1.77,0.46,$-3.82,0.0,$-1.02,0.0,$0.01B,$0.00B,0.0,$0.21B,$0.00B,0.0,$0.04B,$0.00B,4.88%,$0.04B,$-0.01B,-31.71%,$0.04B,$-0.01B,-31.71%,$0.04B,$-0.01B,-19.51%,$0.04B,$-0.02B,-58.54%,$0.04B,$-0.02B,-58.54%,$-0.02B,$0.03B,-97.96%,$-0.02B,$0.03B,-97.96%,$-0.02B,$0.25B,-10.47%,$-0.01B,$0.24B,-6.10%,$13,$12,$1,$0,$1,$16,$-3,$-4,$-6,$0,$-6,$-6,$-6,$-3,$-3,$34,34,$-0.18,$-0.18,$7,$0,$0,$7,$233,$0,$0,$11,$243,$250,$0,$211,$13,$224,$224,$0,$0,$0,$27,$250,$0,$0,$0,$0,$0,$0,$0,$0,$0,$0,$0,$0,$0,$0,$0,$0,$0,$0,$0,$0,$0,$0,$0,$0,$0,$0,$0,$0,$0
3,2016-12-31,1.15,$0.90,1.27,$1.74,0.66,$-3.82,0.0,$-1.19,0.0,$0.02B,$0.02B,1.05,$0.20B,$0.03B,6.47,$0.04B,0,0.00%,$0.04B,$-0.02B,-42.86%,$0.04B,$-0.02B,-42.86%,$0.04B,$-0.01B,-28.57%,$0.04B,$-0.03B,-71.43%,$0.04B,$-0.03B,-71.43%,$-0.03B,$0.03B,-108.70%,$-0.03B,$0.03B,-108.70%,$-0.03B,$0.26B,-11.45%,$-0.02B,$0.23B,-7.36%,$11,$10,$1,$0,$2,$15,$-4,$-3,$-7,$0,$-7,$-7,$-7,$-1,$-4,$21,21,$-0.30,$-0.30,$14,$4,$1,$22,$232,$0,$0,$2,$235,$258,$21,$200,$6,$205,$227,$0,$-338,$0,$31,$258,$-25,$11,$1,$11,$-1,$-1,$0,$0,$-2,$-15,$-41,$0,$0,$0,$0,$0,$0,$-41,$47,$0,$47,$23,$23,$0,$-1,$69,$13,$1,$0
4,2016-09-30,3.09,$0.93,3.34,$1.85,1.67,$-20.25,0.0,$-1.21,0.0,$0.01B,$0.01B,0.65,$0.17B,$0.02B,8.91,$0.03B,$-0.00B,-9.68%,$0.03B,$-0.02B,-48.39%,$0.03B,$-0.02B,-48.39%,$0.03B,$-0.01B,-38.71%,$0.03B,$-0.02B,-77.42%,$0.03B,$-0.02B,-77.42%,$-0.02B,$0.02B,-114.29%,$-0.02B,$0.02B,-114.29%,$-0.02B,$0.20B,-11.65%,$-0.02B,$0.19B,-7.64%,$9,$9,$-0,$0,$1,$12,$-3,$-2,$-6,$0,$-6,$-6,$-6,$-1,$-3,$20,20,$-0.29,$-0.29,$4,$3,$0,$9,$194,$0,$0,$0,$195,$204,$14,$171,$0,$171,$184,$0,$-332,$0,$19,$204,$-18,$8,$0,$8,$-0,$0,$-1,$-0,$-2,$-12,$0,$0,$0,$0,$0,$0,$0,$0,$9,$0,$9,$4,$4,$0,$-0,$13,$1,$0,$0
5,2016-06-30,2.2,$1.07,2.05,$1.67,1.31,$-26.12,0.0,$-1.02,0.0,$0.01B,$0.01B,0.89,$0.18B,$0.02B,8.36,$0.03B,$-0.00B,-12.00%,$0.03B,$-0.01B,-52.00%,$0.03B,$-0.01B,-52.00%,$0.03B,$-0.01B,-48.00%,$0.03B,$-0.02B,-76.00%,$0.03B,$-0.02B,-76.00%,$-0.02B,$0.02B,-92.68%,$-0.02B,$0.02B,-92.68%,$-0.02B,$0.21B,-11.08%,$-0.01B,$0.20B,-8.50%,$8,$8,$0,$0,$1,$11,$-3,$-2,$-5,$0,$-5,$-5,$-5,$-3,$-3,$19,19,$-0.26,$-0.26,$3,$2,$1,$8,$196,$0,$0,$0,$197,$205,$9,$175,$0,$175,$184,$0,$-326,$0,$21,$205,$-12,$5,$0,$5,$-0,$1,$-3,$0,$-2,$-9,$0,$0,$0,$0,$0,$0,$0,$0,$9,$0,$9,$0,$0,$0,$0,$9,$-0,$0,$0
6,2016-03-31,2.77,$0.00,0.0,$1.44,1.92,$-27.69,0.0,$-0.86,0.0,$0.00B,$0.00B,0.0,$0.18B,$0.00B,0.0,$0.02B,$-0.00B,-15.79%,$0.02B,$-0.01B,-57.89%,$0.02B,$-0.01B,-57.89%,$0.02B,$-0.01B,-52.63%,$0.02B,$-0.02B,-78.95%,$0.02B,$-0.02B,-78.95%,$-0.02B,$0.02B,-85.71%,$-0.02B,$0.02B,-85.71%,$-0.02B,$0.21B,-11.98%,$-0.01B,$0.20B,-10.33%,$7,$8,$-1,$0,$1,$12,$-5,$-2,$-7,$0,$-7,$-7,$-7,$-5,$-5,$19,19,$-0.35,$-0.35,$3,$0,$0,$3,$198,$0,$0,$5,$203,$206,$0,$178,$7,$185,$185,$0,$0,$0,$21,$206,$0,$0,$0,$0,$0,$0,$0,$0,$0,$0,$0,$0,$0,$0,$0,$0,$0,$0,$0,$0,$0,$0,$0,$0,$0,$0,$0,$0,$0
7,2015-12-31,3.4,$1.19,2.85,$1.08,3.15,$-27.69,0.0,$-0.71,0.0,$0.01B,$0.01B,0.9,$0.18B,$0.02B,7.59,$0.01B,$-0.00B,-16.67%,$0.01B,$-0.01B,-58.33%,$0.01B,$-0.01B,-58.33%,$0.01B,$-0.01B,-50.00%,$0.01B,$-0.01B,-75.00%,$0.01B,$-0.01B,-75.00%,$-0.01B,$0.02B,-65.45%,$-0.01B,$0.02B,-65.45%,$-0.01B,$0.21B,-11.43%,$-0.01B,$0.20B,-11.81%,$7,$8,$-2,$0,$1,$11,$-4,$-1,$-6,$0,$-6,$-6,$-6,$-3,$-4,$11,11,$-0.42,$-0.42,$3,$3,$1,$8,$200,$0,$0,$0,$201,$209,$9,$177,$0,$177,$186,$0,$-314,$0,$23,$209,$-9,$2,$0,$2,$-1,$-3,$6,$-1,$2,$-5,$-202,$0,$0,$0,$0,$0,$0,$-202,$194,$0,$194,$14,$14,$0,$-1,$207,$0,$0,$0
8,2015-09-30,3.74,$0.00,0.0,$0.45,8.35,$20.75,0.18,$-0.80,0.0,$0.00B,$0.05B,0.02,$0.00B,$0.00B,0.0,$0.01B,0,0.00%,$0.01B,$0.08B,1620.00%,$0.01B,$0.08B,1620.00%,$0.01B,$0.08B,1620.00%,$0.01B,$-0.00B,-80.00%,$0.01B,$-0.00B,-80.00%,$-0.00B,$0.02B,-45.71%,$-0.00B,$0.02B,-45.71%,$-0.00B,$0.07B,-14.68%,$0.08B,$0.02B,810.00%,$3,$3,$-0,$0,$1,$4,$-1,$-0,$-1,$0,$-1,$-1,$-1,$-1,$-1,$10,10,$-0.10,$-0.10,$1,$0,$0,$1,$63,$0,$0,$2,$65,$66,$49,$0,$0,$0,$49,$0,$0,$0,$17,$66,$-3,$1,$-0,$0,$-0,$-1,$1,$-0,$-0,$-3,$-63,$0,$0,$0,$0,$0,$0,$-63,$54,$0,$54,$11,$11,$0,$-0,$64,$-2,$0,$0
9,2015-06-30,2.8,$0.00,0.0,$0.19,14.84,$27.24,0.1,$-1.10,0.0,$0.02B,$0.01B,1.79,$0.00B,$0.00B,0.0,$0.00B,0,0.00%,$0.00B,$0.08B,4050.00%,$0.00B,$0.08B,4050.00%,$0.00B,$0.08B,4050.00%,$0.00B,$-0.00B,-200.00%,$0.00B,$-0.00B,-200.00%,$-0.00B,$0.01B,-76.19%,$-0.00B,$0.01B,-76.19%,$-0.00B,$0.02B,-34.78%,$0.08B,$0.01B,1246.15%,$2,$2,$0,$0,$1,$3,$-1,$-0,$-1,$0,$-1,$-1,$-1,$-1,$-1,$9,9,$-0.11,$-0.11,$1,$0,$17,$18,$0,$0,$0,$2,$2,$20,$10,$0,$0,$0,$10,$0,$0,$0,$9,$20,$-2,$0,$0,$0,$-0,$-1,$1,$-0,$-0,$-2,$-17,$0,$0,$0,$0,$0,$0,$-17,$13,$0,$13,$5,$5,$0,$-0,$17,$-2,$0,$0
10,2015-03-31,4.0,$0.00,0.0,0,0.0,$29.28,0.14,$-1.30,0.0,$0.00B,$0.01B,0.29,$0.00B,$0.00B,0.0,$0.00B,0,nan%,$0.00B,$0.08B,inf%,$0.00B,$0.08B,inf%,$0.00B,$0.08B,inf%,$0.00B,$-0.00B,inf%,$0.00B,$-0.00B,inf%,$-0.00B,$0.01B,-106.67%,$-0.00B,$0.01B,-106.67%,$-0.00B,$0.02B,-55.17%,$0.08B,$0.01B,1705.26%,$0,$0,$-0,$0,$1,$1,$-1,$-0,$-1,$0,$-1,$-1,$-1,$-1,$-1,$5,5,$-0.20,$-0.20,$2,$0,$1,$3,$0,$0,$0,$0,$0,$20,$9,$4,$0,$4,$13,$0,$0,$0,$6,$20,$0,$0,$0,$0,$0,$0,$0,$0,$0,$0,$0,$0,$0,$0,$0,$0,$0,$0,$0,$0,$0,$0,$0,$0,$0,$0,$0,$0,$0
11,2014-12-31,4.15,$0.67,6.17,$0.84,4.94,$29.28,0.14,$33.80,0.12,$0.00B,$0.00B,5.42,$0.00B,$0.00B,0.0,$0.00B,0,0.00%,$0.00B,$0.08B,4050.00%,$0.00B,$0.08B,4050.00%,$0.00B,$0.08B,4050.00%,$0.00B,$0.08B,4050.00%,$0.00B,$0.08B,4050.00%,$0.08B,$0.00B,2700.00%,$0.08B,$0.00B,2700.00%,$0.08B,$0.00B,2700.00%,$0.08B,$0.00B,2700.00%,$0,$0,$-0,$0,$-85,$-84,$84,$-86,$-1,$0,$-1,$-1,$-1,$84,$84,$3,3,$-0.40,$-0.40,$3,$0,$0,$3,$0,$0,$0,$0,$0,$3,$1,$0,$0,$0,$1,$0,$-305,$0,$3,$3,$80,$0,$-86,$0,$1,$0,$-1,$0,$-9,$-15,$106,$0,$0,$0,$0,$0,$0,$106,$-94,$0,$-94,$3,$3,$0,$0,$-91,$-0,$0,$0
12,2014-09-30,8.69,$0.00,0.0,$3.49,2.49,$2.10,4.14,$37.30,0.23,$0.00B,$0.00B,9.36,$0.00B,$0.00B,0.0,$0.01B,$0.00B,37.50%,$0.01B,$0.03B,312.50%,$0.01B,$0.03B,312.50%,$0.01B,$0.03B,337.50%,$0.01B,$0.09B,1112.50%,$0.01B,$0.09B,1112.50%,$0.09B,$0.00B,-434.15%,$0.09B,$0.00B,-434.15%,$0.09B,$0.00B,474.67%,$0.03B,$0.00B,-121.95%,$0,$0,$-0,$0,$1,$1,$-1,$0,$-1,$0,$-1,$-1,$-1,$-1,$-1,$3,3,$-0.40,$-0.40,$3,$0,$0,$3,$0,$0,$0,$0,$0,$3,$0,$0,$0,$0,$0,$0,$0,$0,$3,$3,$0,$0,$0,$0,$0,$0,$0,$0,$0,$0,$0,$0,$0,$0,$0,$0,$0,$0,$0,$0,$0,$0,$0,$0,$0,$0,$0,$0,$0
13,2014-06-30,6.85,$0.00,0.0,$5.28,1.3,$2.10,3.26,$44.85,0.15,$0.00B,$0.00B,4.86,$0.00B,$0.00B,0.0,$0.01B,$0.00B,16.67%,$0.01B,$0.03B,208.33%,$0.01B,$0.03B,208.33%,$0.01B,$0.03B,225.00%,$0.01B,$0.11B,891.67%,$0.01B,$0.11B,891.67%,$0.11B,$0.00B,-233.88%,$0.11B,$0.00B,-233.88%,$0.11B,$0.00B,331.78%,$0.03B,$0.00B,-208.33%,$0,$0,$0,$0,$1,$1,$-1,$-0,$-1,$0,$-1,$-1,$-1,$-1,$-1,$2,2,$-0.30,$-0.30,$3,$0,$0,$3,$0,$0,$0,$1,$1,$3,$1,$0,$0,$0,$1,$0,$0,$0,$3,$4,$0,$0,$0,$0,$0,$0,$0,$0,$0,$0,$0,$0,$0,$0,$0,$0,$0,$0,$0,$0,$0,$0,$0,$0,$0,$0,$0,$0,$0
14,2014-03-31,8.85,$0.00,0.0,$8.13,1.09,$2.10,4.22,$39.00,0.23,$0.00B,$0.00B,10.2,$0.00B,$0.00B,0.0,$0.02B,$0.00B,10.53%,$0.02B,$0.02B,126.32%,$0.02B,$0.02B,126.32%,$0.02B,$0.03B,136.84%,$0.02B,$0.09B,489.47%,$0.02B,$0.09B,489.47%,$0.09B,$0.00B,-123.59%,$0.09B,$0.00B,-123.59%,$0.09B,$0.00B,181.46%,$0.02B,$0.00B,-57.83%,$2,$2,$0,$0,$1,$3,$-1,$84,$84,$0,$84,$84,$84,$-1,$-1,$2,2,$34.90,$34.90,$2,$0,$0,$2,$0,$0,$0,$2,$2,$3,$0,$0,$0,$0,$1,$0,$0,$0,$3,$3,$0,$0,$0,$0,$0,$0,$0,$0,$0,$0,$0,$0,$0,$0,$0,$0,$0,$0,$0,$0,$0,$0,$0,$0,$0,$0,$0,$0,$0
15,2013-12-31,10.05,$-37.92,-0.27,$9.65,1.04,$2.10,4.79,$4.55,2.21,$0.07B,$0.16B,0.42,$0.00B,$-0.09B,0.0,$0.02B,$0.00B,13.04%,$0.02B,$0.02B,104.35%,$0.02B,$0.02B,104.35%,$0.02B,$0.03B,113.04%,$0.02B,$0.01B,43.48%,$0.02B,$0.01B,43.48%,$0.01B,$-0.09B,-9.88%,$0.01B,$-0.09B,-9.88%,$0.01B,$0.07B,13.56%,$0.02B,$-0.09B,-35.56%,$6,$3,$3,$0,$-24,$-21,$28,$-20,$7,$-0,$7,$7,$7,$30,$28,$2,2,$3.10,$3.10,$3,$1,$61,$66,$0,$0,$0,$0,$0,$66,$157,$0,$0,$0,$157,$0,$-385,$0,$-91,$66,$11,$2,$-22,$2,$1,$-1,$2,$1,$11,$1,$4,$0,$0,$0,$0,$0,$-3,$1,$-5,$0,$-5,$0,$0,$0,$2,$-3,$-1,$0,$0
16,2013-09-30,8.25,$0.00,0.0,$10.56,0.78,$25.65,0.32,$-47.50,0.0,$0.00B,$0.00B,0.0,$0.14B,$0.00B,0.0,$0.03B,$0.00B,7.69%,$0.03B,$-0.03B,-96.15%,$0.03B,$-0.03B,-96.15%,$0.03B,$-0.01B,-19.23%,$0.03B,$-0.11B,-438.46%,$0.03B,$-0.11B,-438.46%,$-0.11B,$-0.10B,109.62%,$-0.11B,$-0.10B,109.62%,$-0.11B,$0.06B,-130.29%,$-0.03B,$0.04B,35.59%,$4,$5,$-1,$0,$1,$6,$-1,$18,$17,$0,$17,$17,$17,$-1,$-1,$2,2,$7.15,$7.15,$1,$0,$0,$1,$0,$0,$0,$3,$3,$57,$0,$135,$20,$155,$155,$0,$0,$0,$-98,$57,$0,$0,$0,$0,$0,$0,$0,$0,$0,$0,$0,$0,$0,$0,$0,$0,$0,$0,$0,$0,$0,$0,$0,$0,$0,$0,$0,$0,$0
17,2013-06-30,7.6,$0.00,0.0,$13.60,0.56,$27.15,0.28,$-72.20,0.0,$0.01B,$0.19B,0.04,$0.00B,$-0.12B,0.0,$0.03B,$0.00B,2.94%,$0.03B,$-0.03B,-94.12%,$0.03B,$-0.03B,-94.12%,$0.03B,$-0.02B,-67.65%,$0.03B,$-0.17B,-508.82%,$0.03B,$-0.17B,-508.82%,$-0.17B,$-0.12B,224.68%,$-0.17B,$-0.12B,224.68%,$-0.17B,$0.08B,-114.76%,$-0.03B,$-0.12B,441.38%,$7,$7,$0,$0,$2,$9,$-2,$-13,$-15,$-0,$-15,$-15,$-15,$-2,$-2,$2,2,$-6.15,$-6.15,$4,$2,$1,$8,$0,$0,$0,$0,$0,$79,$194,$0,$0,$0,$194,$0,$-410,$0,$-115,$79,$0,$0,$0,$0,$0,$0,$0,$0,$0,$0,$0,$0,$0,$0,$0,$0,$0,$0,$0,$0,$0,$0,$0,$0,$0,$0,$0,$0,$0
18,2013-03-31,9.96,$0.00,0.0,$18.33,0.54,$35.74,0.28,$-77.90,0.0,$0.03B,$0.19B,0.15,$0.00B,$-0.10B,0.0,$0.05B,$0.01B,17.78%,$0.05B,$-0.03B,-66.67%,$0.05B,$-0.03B,-66.67%,$0.05B,$-0.02B,-33.33%,$0.05B,$-0.19B,-413.33%,$0.05B,$-0.19B,-413.33%,$-0.19B,$-0.10B,527.66%,$-0.19B,$-0.10B,513.10%,$-0.19B,$0.09B,-83.60%,$-0.03B,$-0.10B,-30.23%,$6,$5,$1,$0,$2,$7,$-1,$3,$1,$0,$1,$1,$1,$-1,$-1,$2,2,$0.45,$0.45,$3,$2,$23,$30,$0,$0,$0,$0,$0,$93,$194,$0,$0,$0,$194,$0,$-395,$0,$-101,$93,$0,$0,$0,$0,$0,$0,$0,$0,$0,$0,$0,$0,$0,$0,$0,$0,$0,$0,$0,$0,$0,$0,$0,$0,$0,$0,$0,$0,$0
19,2012-12-31,5.2,$-42.48,-0.12,$23.35,0.22,$36.88,0.14,$-81.05,0.0,$0.05B,$0.22B,0.23,$0.00B,$-0.10B,0.0,$0.06B,$0.01B,25.00%,$0.06B,$-0.03B,-51.79%,$0.06B,$-0.03B,-51.79%,$0.06B,$-0.01B,-16.07%,$0.06B,$-0.19B,-344.64%,$0.06B,$-0.19B,-344.64%,$-0.19B,$-0.10B,-1882.93%,$-0.19B,$-0.10B,-2412.50%,$-0.19B,$0.12B,-63.54%,$-0.03B,$-0.10B,-13.32%,$9,$7,$2,$0,$19,$29,$-21,$-96,$-117,$-0,$-117,$-117,$-117,$-1,$-21,$2,2,$-48.95,$-48.95,$6,$0,$43,$52,$69,$0,$0,$0,$0,$121,$223,$0,$0,$0,$223,$0,$-396,$0,$-102,$121,$-194,$20,$164,$20,$-1,$1,$12,$-3,$13,$2,$59,$0,$0,$0,$0,$0,$-4,$55,$-99,$0,$-99,$10,$10,$0,$18,$-71,$-13,$0,$0
20,2012-09-30,10.4,$0.00,0.0,$38.62,0.27,$29.30,0.35,$-27.55,0.0,$0.01B,$0.00B,0.0,$0.28B,$0.00B,0.0,$0.08B,$0.03B,40.00%,$0.08B,$0.00B,2.67%,$0.08B,$0.00B,2.67%,$0.08B,$0.01B,9.33%,$0.08B,$-0.07B,-92.00%,$0.08B,$-0.07B,-92.00%,$-0.07B,$0.01B,-125.45%,$-0.07B,$0.01B,-133.33%,$-0.07B,$0.31B,-18.04%,$0.00B,$0.29B,0.59%,$12,$13,$-2,$0,$2,$20,$-8,$-34,$-42,$0,$-42,$-42,$-42,$-19,$-8,$2,2,$-17.55,$-17.55,$8,$0,$0,$8,$0,$0,$0,$10,$10,$310,$0,$279,$21,$299,$299,$0,$0,$0,$10,$310,$0,$0,$0,$0,$0,$0,$0,$0,$0,$4,$0,$0,$0,$0,$0,$0,$0,$25,$0,$0,$0,$0,$0,$0,$0,$-58,$-29,$0,$0
21,2012-06-30,10.35,$0.00,0.0,$49.87,0.21,$37.52,0.28,$-149.10,0.0,$0.03B,$0.06B,0.48,$0.26B,$0.05B,4.96,$0.09B,$0.05B,52.87%,$0.09B,$0.01B,12.64%,$0.09B,$0.01B,12.64%,$0.09B,$0.04B,43.68%,$0.09B,$-0.23B,-265.52%,$0.09B,$-0.23B,-265.52%,$-0.23B,$0.05B,-330.00%,$-0.23B,$0.05B,-351.33%,$-0.23B,$0.37B,-55.43%,$0.01B,$0.31B,3.07%,$18,$11,$7,$0,$2,$18,$-0,$-28,$-28,$0,$-28,$-28,$-28,$6,$-0,$2,2,$-11.85,$-11.85,$18,$2,$3,$26,$0,$0,$4,$0,$9,$366,$55,$259,$0,$259,$314,$0,$-237,$0,$52,$366,$-35,$11,$0,$11,$0,$0,$0,$0,$3,$4,$16,$0,$0,$0,$0,$0,$0,$16,$0,$0,$0,$0,$10,$0,$10,$-31,$-10,$0,$0
22,2012-03-31,16.6,$0.00,0.0,$61.26,0.27,$34.04,0.49,$-136.80,0.0,$0.04B,$0.05B,0.82,$0.29B,$0.08B,3.63,$0.10B,$0.06B,59.79%,$0.10B,$0.02B,16.49%,$0.10B,$0.02B,16.49%,$0.10B,$0.05B,48.45%,$0.10B,$-0.20B,-208.25%,$0.10B,$-0.20B,-208.25%,$-0.20B,$0.08B,-160.96%,$-0.20B,$0.08B,-171.19%,$-0.20B,$0.42B,-41.20%,$0.02B,$0.37B,3.72%,$17,$10,$7,$0,$2,$18,$-0,$-6,$-6,$0,$-6,$-6,$-6,$5,$-0,$2,2,$-2.70,$-2.70,$29,$3,$3,$37,$0,$0,$4,$0,$10,$418,$45,$293,$0,$293,$338,$0,$-209,$0,$81,$418,$-6,$6,$0,$6,$0,$0,$0,$0,$-1,$-2,$4,$0,$0,$0,$0,$0,$0,$4,$0,$0,$0,$0,$10,$0,$1,$-9,$-7,$0,$0
23,2011-12-31,10.8,$0.00,0.0,$71.12,0.15,$34.64,0.31,$-134.85,0.0,$0.04B,$0.06B,0.74,$0.30B,$0.08B,3.91,$0.11B,$0.07B,63.81%,$0.11B,$0.02B,17.14%,$0.11B,$0.02B,17.14%,$0.11B,$0.06B,52.38%,$0.11B,$-0.20B,-188.57%,$0.11B,$-0.20B,-188.57%,$-0.20B,$0.08B,-114.12%,$-0.20B,$0.07B,-121.47%,$-0.20B,$0.44B,-35.64%,$0.02B,$0.38B,3.68%,$28,$10,$18,$0,$2,$18,$10,$-3,$7,$0,$7,$7,$7,$15,$10,$1,1,$4.55,$4.55,$37,$3,$1,$43,$381,$0,$4,$0,$12,$436,$59,$301,$0,$301,$360,$0,$-202,$0,$77,$436,$-198,$37,$191,$37,$-1,$-1,$-3,$-1,$-4,$26,$0,$0,$0,$0,$0,$0,$0,$0,$-53,$0,$-53,$0,$0,$0,$-9,$-62,$-36,$0,$0
24,2011-09-30,15.95,$0.00,0.0,$69.97,0.23,$38.10,0.42,$-140.90,0.0,$0.05B,$0.08B,0.65,$0.30B,$0.07B,4.29,$0.10B,$0.06B,61.17%,$0.10B,$0.01B,8.74%,$0.10B,$0.01B,8.74%,$0.10B,$0.07B,71.84%,$0.10B,$-0.21B,-202.91%,$0.10B,$-0.21B,-201.94%,$-0.21B,$0.07B,-93.27%,$-0.21B,$0.07B,-99.52%,$-0.21B,$0.45B,-33.52%,$0.01B,$0.37B,1.64%,$24,$9,$14,$0,$2,$22,$1,$-205,$-204,$0,$-204,$-204,$-204,$12,$1,$1,1,$-139.10,$-139.10,$42,$2,$3,$49,$0,$0,$4,$0,$13,$447,$75,$301,$1,$302,$377,$0,$-209,$0,$70,$447,$-204,$31,$0,$31,$0,$0,$0,$0,$-5,$14,$0,$0,$0,$0,$0,$0,$0,$0,$0,$0,$0,$0,$0,$0,$-0,$-36,$-22,$0,$0
25,2011-06-30,29.5,$0.00,0.0,$73.73,0.4,$28.38,1.04,$0.45,65.56,$0.05B,$0.06B,0.81,$0.32B,$0.27B,1.18,$0.11B,$0.07B,63.89%,$0.11B,$0.02B,14.81%,$0.11B,$0.02B,14.81%,$0.11B,$0.06B,51.85%,$0.11B,$-0.00B,-1.85%,$0.11B,$-0.00B,-0.93%,$-0.00B,$0.27B,-0.36%,$-0.00B,$0.26B,-0.39%,$-0.00B,$0.66B,-0.15%,$0.02B,$0.60B,2.60%,$28,$9,$19,$0,$4,$23,$5,$-4,$1,$0,$1,$1,$1,$15,$5,$1,1,$0.45,$0.45,$45,$1,$3,$51,$0,$0,$17,$0,$28,$660,$63,$322,$2,$324,$387,$0,$-5,$0,$274,$660,$-1,$21,$0,$21,$0,$0,$0,$0,$-5,$7,$0,$0,$0,$0,$0,$0,$0,$0,$0,$0,$0,$0,$0,$0,$-0,$-26,$-19,$0,$0
26,2011-03-31,45.9,$0.00,0.0,$82.91,0.55,$43.64,1.05,$-2.25,0.0,$0.06B,$0.07B,0.9,$0.34B,$0.27B,1.24,$0.10B,$0.06B,62.14%,$0.10B,$0.02B,14.56%,$0.10B,$0.02B,14.56%,$0.10B,$0.06B,58.25%,$0.10B,$-0.00B,-3.88%,$0.10B,$-0.00B,-3.88%,$-0.00B,$0.27B,-1.44%,$-0.00B,$0.26B,-1.54%,$-0.00B,$0.68B,-0.57%,$0.02B,$0.61B,2.38%,$25,$9,$16,$0,$3,$23,$2,$-4,$-2,$0,$-2,$-2,$-2,$13,$2,$1,1,$-0.75,$-0.75,$56,$2,$2,$60,$0,$0,$17,$0,$30,$679,$66,$338,$2,$340,$406,$0,$-6,$0,$273,$679,$-2,$11,$0,$11,$0,$0,$0,$0,$-1,$3,$0,$0,$0,$0,$0,$0,$0,$0,$0,$0,$0,$0,$0,$0,$-1,$-12,$-10,$0,$0
27,2010-12-31,68.63,$187.74,0.37,$93.29,0.74,$41.89,1.64,$-1.50,0.0,$0.07B,$0.07B,0.94,$0.35B,$0.28B,1.26,$0.10B,$0.06B,63.54%,$0.10B,$0.02B,18.75%,$0.10B,$0.02B,18.75%,$0.10B,$0.05B,54.17%,$0.10B,$0.00B,1.04%,$0.10B,$-0.00B,-2.08%,$-0.00B,$0.28B,-0.73%,$-0.00B,$0.26B,-0.77%,$-0.00B,$0.70B,-0.30%,$0.02B,$0.62B,2.96%,$26,$12,$14,$0,$4,$25,$1,$-5,$-4,$0,$-4,$-3,$-3,$34,$1,$1,1,$-1.50,$-1.50,$64,$1,$2,$68,$597,$0,$17,$0,$31,$696,$73,$346,$3,$349,$422,$0,$-5,$0,$275,$696,$2,$33,$-6,$33,$-0,$-0,$4,$1,$2,$32,$-0,$0,$18,$0,$0,$0,$-10,$8,$-68,$0,$-68,$29,$29,$0,$-10,$-49,$-10,$0,$0
28,2010-09-30,83.25,$0.00,0.0,$114.59,0.73,$117.70,0.71,$-7.50,0.0,$0.08B,$0.08B,1.07,$0.36B,$0.28B,1.29,$0.09B,$0.05B,60.92%,$0.09B,$0.01B,14.94%,$0.09B,$0.01B,14.94%,$0.09B,$0.04B,49.43%,$0.09B,$-0.01B,-5.75%,$0.09B,$-0.00B,-2.30%,$-0.00B,$0.28B,-0.76%,$-0.00B,$0.26B,-0.80%,$-0.00B,$0.71B,-0.32%,$0.01B,$0.63B,2.26%,$29,$9,$20,$0,$3,$21,$8,$-5,$3,$-0,$3,$3,$3,$-6,$8,$1,1,$2.25,$2.25,$76,$2,$2,$81,$0,$0,$17,$0,$28,$714,$76,$357,$4,$361,$437,$0,$-2,$0,$277,$714,$0,$0,$0,$0,$0,$0,$0,$0,$0,$0,$0,$0,$0,$0,$0,$0,$0,$0,$0,$0,$0,$0,$0,$0,$0,$0,$0,$0,$0
29,2010-06-30,86.25,$0.00,0.0,$149.88,0.58,$117.70,0.73,$24.74,3.49,$0.09B,$0.07B,1.33,$0.37B,$0.28B,1.31,$0.08B,$0.06B,68.75%,$0.08B,$0.03B,33.75%,$0.08B,$0.03B,33.75%,$0.08B,$0.06B,70.00%,$0.08B,$0.01B,17.50%,$0.08B,$0.01B,11.25%,$0.01B,$0.28B,4.68%,$0.01B,$0.27B,4.88%,$0.01B,$0.73B,1.97%,$0.03B,$0.66B,6.47%,$23,$8,$14,$0,$3,$19,$4,$-5,$-1,$0,$-1,$-2,$-2,$19,$4,$1,1,$-2.25,$-2.25,$81,$1,$4,$87,$0,$0,$17,$0,$27,$728,$66,$373,$5,$378,$444,$0,$-6,$0,$284,$728,$1,$15,$0,$15,$0,$0,$0,$0,$-0,$16,$-0,$0,$18,$0,$0,$0,$0,$18,$0,$0,$0,$0,$29,$0,$-10,$-27,$7,$0,$0
30,2010-03-31,87.0,$0.00,0.0,$188.92,0.46,$202.33,0.43,$49.48,1.76,$0.09B,$0.04B,2.55,$0.26B,$0.26B,1.01,$0.08B,$0.06B,74.68%,$0.08B,$0.03B,39.24%,$0.08B,$0.03B,39.24%,$0.08B,$0.05B,67.09%,$0.08B,$0.02B,27.85%,$0.08B,$0.02B,22.78%,$0.02B,$0.26B,11.32%,$0.02B,$0.26B,11.59%,$0.02B,$0.56B,4.87%,$0.03B,$0.52B,9.07%,$18,$5,$13,$0,$2,$13,$5,$-2,$3,$0,$3,$0,$0,$5,$5,$1,1,$0.00,$0.00,$89,$1,$3,$94,$0,$0,$0,$0,$0,$558,$37,$261,$0,$261,$298,$0,$-5,$0,$258,$558,$0,$0,$0,$0,$0,$0,$0,$0,$0,$0,$0,$0,$0,$0,$0,$0,$0,$0,$0,$0,$0,$0,$0,$0,$0,$0,$0,$0,$0
31,2009-12-31,219.75,$511.27,0.43,$241.21,0.91,$263.81,0.83,$86.96,2.53,$0.07B,$0.04B,1.6,$0.27B,$0.23B,1.18,$0.09B,$0.07B,79.31%,$0.09B,$0.04B,45.98%,$0.09B,$0.04B,45.98%,$0.09B,$0.07B,79.31%,$0.09B,$0.03B,35.63%,$0.09B,$0.03B,34.48%,$0.03B,$0.23B,22.99%,$0.03B,$0.21B,23.76%,$0.03B,$0.54B,9.20%,$0.04B,$0.49B,13.33%,$17,$11,$6,$0,$-3,$21,$-4,$-6,$-10,$0,$-10,$-3,$-3,$25,$-4,$0,0,$-7.50,$-7.50,$64,$1,$2,$67,$445,$0,$17,$0,$26,$538,$42,$267,$2,$269,$312,$0,$-5,$0,$227,$538,$32,$28,$-14,$28,$1,$1,$-3,$-3,$-3,$43,$-0,$0,$36,$0,$0,$0,$0,$36,$-55,$0,$-55,$0,$0,$0,$11,$-43,$36,$0,$0
32,2009-09-30,300.75,$0.00,0.0,$202.24,1.49,$166.47,1.81,$94.45,3.18,$0.00B,$0.00B,0.0,$0.00B,$0.00B,0.0,$0.07B,$0.06B,90.00%,$0.07B,$0.04B,62.86%,$0.07B,$0.04B,62.86%,$0.07B,$0.04B,62.86%,$0.07B,$0.04B,58.57%,$0.07B,$0.03B,47.14%,$0.03B,$0.00B,30.91%,$0.03B,$0.00B,30.91%,$0.03B,$0.00B,11.54%,$0.04B,$0.00B,16.75%,$22,$0,$22,$0,$0,$0,$22,$0,$22,$0,$22,$14,$14,$7,$22,$0,0,$42.73,$34.48,$0,$0,$0,$0,$0,$0,$0,$0,$0,$0,$0,$0,$0,$0,$0,$0,$0,$0,$0,$0,$0,$0,$0,$0,$0,$0,$0,$0,$0,$0,$0,$0,$0,$0,$0,$0,$0,$0,$0,$0,$0,$0,$0,$0,$0,$0,$0,$0,$0
33,2009-06-30,276.75,$0.00,0.0,$147.10,1.88,$166.47,1.66,$59.97,4.61,$0.05B,$0.03B,1.7,$0.20B,$0.15B,1.34,$0.05B,$0.04B,85.42%,$0.05B,$0.02B,45.83%,$0.05B,$0.02B,45.83%,$0.05B,$0.04B,77.08%,$0.05B,$0.02B,41.67%,$0.05B,$0.02B,41.67%,$0.02B,$0.15B,13.94%,$0.02B,$0.15B,13.94%,$0.02B,$0.38B,5.80%,$0.02B,$0.35B,7.35%,$22,$4,$18,$0,$3,$14,$8,$-1,$7,$0,$7,$7,$7,$16,$8,$0,0,$23.99,$22.49,$47,$1,$0,$48,$0,$0,$0,$0,$5,$383,$28,$203,$1,$204,$232,$0,$-16,$0,$151,$383,$19,$15,$0,$15,$0,$0,$0,$0,$2,$35,$-0,$0,$0,$0,$0,$0,$0,$-0,$0,$0,$0,$0,$0,$0,$0,$-15,$19,$0,$0
34,2009-03-31,286.5,$0.00,0.0,$79.91,3.59,$61.48,4.66,$37.48,7.64,$0.04B,$0.03B,1.37,$0.21B,$0.14B,1.45,$0.03B,$0.02B,88.46%,$0.03B,$0.01B,53.85%,$0.03B,$0.01B,53.85%,$0.03B,$0.02B,80.77%,$0.03B,$0.01B,53.85%,$0.03B,$0.01B,53.85%,$0.01B,$0.14B,9.81%,$0.01B,$0.14B,9.81%,$0.01B,$0.38B,4.55%,$0.01B,$0.35B,5.65%,$26,$3,$23,$0,$2,$13,$14,$-1,$12,$0,$12,$12,$12,$21,$14,$0,0,$40.48,$37.48,$40,$1,$1,$42,$0,$0,$0,$0,$3,$383,$31,$208,$0,$208,$239,$0,$-23,$0,$144,$383,$12,$8,$0,$8,$0,$0,$0,$0,$0,$20,$-0,$0,$0,$0,$0,$0,$0,$-0,$0,$0,$0,$0,$0,$0,$0,$-8,$13,$0,$0
