,Date,Stock Price,Book Value per Share,Price to Book Ratio,TTM Sales per Share,Price to Sales Ratio,TTM FCF per Share,Price to FCF Ratio,TTM Net EPS,PE Ratio,Current Assets,Current Liabilities,Current Ratio,Long Term Debt,Shareholder's Equity_x,Debt to Equity Ratio,TTM Revenue_x,TTM Gross Profit,Gross Margin,TTM Revenue_y,TTM Operating Income,Operating Margin,TTM Revenue_x,TTM EBIT,EBIT Margin,TTM Revenue_y,TTM EBITDA,EBITDA Margin,TTM Revenue_x,TTM Pre-Tax Income,Pre-Tax Margin,TTM Revenue_y,TTM Net Income_x,Net Margin,TTM Net Income_y,Shareholder's Equity_y,Return on Equity,TTM Net Income_x,Tangible Equity,Return on Tangible Equity,TTM Net Income_y,Total Assets,Return on Assets,TTM Net Income,LT Investments & Debt,Return on Investment,revenue,cost-goods-sold,gross-profit,research-development-expenses,selling-general-administrative-expenses,operating-expenses,operating-income,total-non-operating-income-expense,pre-tax-income,total-provision-income-taxes,income-after-taxes,income-from-continuous-operations,net-income,ebitda,ebit,basic-shares-outstanding,shares-outstanding,eps-basic-net-earnings-per-share,eps-earnings-per-share-diluted,cash-on-hand,inventory,other-current-assets,total-current-assets,net-property-plant-equipment,long-term-investments,goodwill-intangible-assets-total,other-long-term-assets,total-long-term-assets,total-assets,total-current-liabilities,long-term-debt,other-non-current-liabilities,total-long-term-liabilities,total-liabilities,common-stock-net,retained-earnings-accumulated-deficit,comprehensive-income,total-share-holder-equity,total-liabilities-share-holders-equity,net-income-loss,total-depreciation-amortization-cash-flow,other-non-cash-items,total-non-cash-items,change-in-accounts-receivable,change-in-inventories,change-in-accounts-payable,change-in-assets-liabilities,total-change-in-assets-liabilities,cash-flow-from-operating-activities,net-change-in-property-plant-equipment,net-change-in-intangible-assets,net-acquisitions-divestitures,net-change-in-short-term-investments,net-change-in-long-term-investments,net-change-in-investments-total,investing-activities-other,cash-flow-from-investing-activities,net-long-term-debt,net-current-debt,debt-issuance-retirement-net-total,net-common-equity-issued-repurchased,net-total-equity-issued-repurchased,total-common-preferred-stock-dividends-paid,financial-activities-other,cash-flow-from-financial-activities,net-cash-flow,stock-based-compensation,common-stock-dividends-paid
0,2018-09-30,52.9,$9.92,5.33,$18.61,2.84,$2.20,24.02,$1.63,32.39,$0.75B,$0.22B,3.48,$0.00B,$0.87B,0.0,$1.61B,$0.60B,37.59%,$1.61B,$0.18B,11.26%,$1.61B,$0.18B,11.26%,$1.61B,$0.20B,12.57%,$1.61B,$0.18B,11.39%,$1.61B,$0.14B,8.84%,$0.14B,$0.87B,17.14%,$0.14B,$0.57B,26.72%,$0.14B,$1.13B,13.23%,$0.18B,$0.87B,21.85%,$458,$283,$175,$0,$0,$388,$70,$1,$71,$15,$56,$56,$56,$76,$70,$82,87,$0.68,$0.64,$230,$147,$0,$754,$65,$0,$295,$2,$371,$1125,$217,$0,$22,$41,$258,$0,$1217,$-27,$867,$1125,$118,$17,$17,$34,$-10,$-37,$0,$-76,$-106,$46,$-8,$0,$0,$34,$0,$34,$0,$26,$0,$0,$0,$-38,$-38,$-35,$-7,$-80,$-9,$15,$-35
1,2018-06-30,53.1,$9.46,5.61,$18.41,2.89,$2.03,26.18,$1.51,35.24,$0.71B,$0.23B,3.08,$0.00B,$0.83B,0.0,$1.59B,$0.60B,37.42%,$1.59B,$0.18B,11.07%,$1.59B,$0.18B,11.07%,$1.59B,$0.20B,12.39%,$1.59B,$0.18B,11.19%,$1.59B,$0.13B,8.18%,$0.13B,$0.83B,16.00%,$0.13B,$0.54B,25.35%,$0.13B,$1.09B,12.27%,$0.18B,$0.83B,21.66%,$396,$248,$148,$0,$0,$354,$42,$1,$43,$10,$32,$32,$32,$47,$42,$82,86,$0.40,$0.37,$255,$134,$0,$712,$67,$2,$295,$2,$376,$1088,$231,$0,$7,$26,$257,$0,$1173,$-29,$830,$1088,$62,$11,$12,$23,$-0,$-23,$0,$-48,$-40,$45,$-5,$0,$0,$25,$0,$25,$0,$20,$0,$0,$0,$-24,$-24,$-23,$-7,$-54,$10,$10,$-23
2,2018-03-31,43.74,$9.24,4.74,$18.14,2.41,$2.05,21.32,$1.47,29.82,$0.62B,$0.17B,3.61,$0.00B,$0.81B,0.0,$1.57B,$0.59B,37.37%,$1.57B,$0.18B,11.22%,$1.57B,$0.18B,11.22%,$1.57B,$0.20B,12.56%,$1.57B,$0.18B,11.35%,$1.57B,$0.13B,8.10%,$0.13B,$0.81B,16.03%,$0.13B,$0.51B,25.91%,$0.13B,$1.02B,12.20%,$0.18B,$0.81B,22.21%,$389,$248,$141,$0,$0,$352,$37,$1,$37,$8,$29,$29,$29,$42,$37,$82,86,$0.35,$0.33,$180,$94,$0,$622,$70,$21,$299,$2,$399,$1022,$172,$0,$22,$41,$214,$0,$1153,$-24,$808,$1022,$29,$6,$5,$10,$-19,$16,$0,$-36,$-67,$-27,$-3,$0,$0,$17,$0,$17,$0,$14,$0,$0,$0,$-24,$-24,$-12,$-7,$-43,$-56,$5,$-12
3,2017-12-31,46.32,$9.19,5.04,$17.81,2.6,$2.46,18.82,$1.37,33.9,$0.65B,$0.21B,3.12,$0.00B,$0.81B,0.0,$1.55B,$0.58B,37.41%,$1.55B,$0.17B,11.00%,$1.55B,$0.17B,11.00%,$1.55B,$0.19B,12.36%,$1.55B,$0.17B,11.13%,$1.55B,$0.12B,7.64%,$0.12B,$0.81B,15.22%,$0.12B,$0.51B,25.04%,$0.12B,$1.06B,11.55%,$0.17B,$0.81B,21.93%,$364,$225,$140,$0,$0,$333,$32,$1,$32,$7,$25,$25,$25,$37,$32,$83,87,$0.29,$0.28,$245,$110,$0,$646,$71,$30,$300,$2,$412,$1057,$207,$0,$22,$42,$248,$0,$1136,$-26,$809,$1057,$119,$21,$-0,$21,$23,$21,$0,$-38,$18,$158,$-15,$0,$-17,$18,$0,$18,$0,$-13,$0,$0,$0,$-83,$-83,$0,$-7,$-90,$55,$21,$0
4,2017-09-30,42.95,$9.06,4.74,$17.37,2.47,$2.35,18.25,$1.41,30.54,$0.65B,$0.21B,3.07,$0.00B,$0.80B,0.0,$1.52B,$0.57B,37.44%,$1.52B,$0.18B,11.73%,$1.52B,$0.18B,11.73%,$1.52B,$0.20B,13.12%,$1.52B,$0.18B,11.87%,$1.52B,$0.12B,8.04%,$0.12B,$0.80B,16.09%,$0.12B,$0.50B,26.57%,$0.12B,$1.07B,12.23%,$0.18B,$0.80B,23.48%,$441,$275,$166,$0,$0,$376,$65,$1,$66,$21,$45,$45,$44,$71,$65,$82,87,$0.54,$0.51,$143,$124,$0,$649,$74,$34,$306,$5,$422,$1071,$211,$0,$22,$57,$268,$0,$1111,$-23,$803,$1071,$94,$16,$25,$41,$11,$8,$0,$-141,$-100,$35,$-12,$0,$-17,$28,$0,$28,$0,$-1,$0,$0,$0,$-62,$-62,$0,$-7,$-69,$-34,$16,$0
5,2017-06-30,39.63,$8.45,4.69,$16.87,2.35,$2.76,14.34,$1.39,28.58,$0.58B,$0.21B,2.85,$0.00B,$0.75B,0.0,$1.48B,$0.56B,37.53%,$1.48B,$0.18B,11.93%,$1.48B,$0.18B,11.93%,$1.48B,$0.20B,13.27%,$1.48B,$0.18B,12.06%,$1.48B,$0.12B,8.22%,$0.12B,$0.75B,16.52%,$0.12B,$0.45B,27.40%,$0.12B,$1.01B,12.58%,$0.18B,$0.75B,23.97%,$374,$235,$139,$0,$0,$332,$42,$1,$43,$14,$29,$29,$29,$47,$42,$83,87,$0.35,$0.33,$157,$121,$0,$582,$74,$42,$305,$5,$430,$1013,$205,$0,$24,$58,$263,$0,$1067,$-26,$750,$1013,$50,$10,$21,$31,$19,$11,$0,$-74,$-31,$49,$-8,$0,$-17,$12,$0,$12,$0,$-13,$0,$0,$0,$-58,$-58,$0,$-5,$-64,$-27,$11,$0
6,2017-03-31,38.24,$8.25,4.64,$16.18,2.36,$2.84,13.46,$1.33,28.68,$0.50B,$0.15B,3.46,$0.00B,$0.74B,0.0,$1.44B,$0.54B,37.56%,$1.44B,$0.17B,11.92%,$1.44B,$0.17B,11.92%,$1.44B,$0.19B,13.31%,$1.44B,$0.17B,11.99%,$1.44B,$0.12B,8.22%,$0.12B,$0.74B,16.25%,$0.12B,$0.43B,26.96%,$0.12B,$0.94B,12.39%,$0.17B,$0.74B,23.55%,$366,$234,$133,$0,$0,$336,$31,$1,$31,$11,$21,$21,$20,$36,$31,$84,87,$0.24,$0.23,$140,$97,$0,$502,$75,$53,$304,$5,$441,$944,$145,$0,$26,$60,$205,$0,$1038,$-29,$739,$944,$21,$5,$14,$19,$14,$36,$0,$-28,$-31,$9,$-3,$0,$-17,$11,$0,$11,$0,$-9,$0,$0,$0,$-31,$-31,$0,$0,$-31,$-32,$5,$0
7,2016-12-31,35.46,$8.18,4.34,$15.63,2.27,$2.90,12.22,$1.32,26.87,$0.53B,$0.18B,2.89,$0.00B,$0.74B,0.0,$1.40B,$0.52B,37.34%,$1.40B,$0.17B,12.16%,$1.40B,$0.17B,12.16%,$1.40B,$0.19B,13.59%,$1.40B,$0.17B,12.23%,$1.40B,$0.12B,8.73%,$0.12B,$0.74B,17.00%,$0.12B,$0.46B,28.18%,$0.12B,$0.96B,12.96%,$0.17B,$0.74B,23.69%,$336,$206,$130,$0,$0,$297,$40,$1,$40,$12,$29,$29,$29,$45,$40,$86,89,$0.34,$0.33,$166,$120,$0,$529,$72,$71,$280,$5,$432,$961,$183,$0,$3,$37,$220,$0,$1018,$-32,$741,$961,$121,$21,$16,$37,$-14,$-18,$0,$9,$-5,$154,$-16,$0,$0,$12,$0,$12,$0,$-4,$0,$0,$0,$-75,$-75,$0,$-20,$-95,$54,$20,$0
8,2016-09-30,34.28,$7.96,4.31,$15.62,2.2,$2.63,13.04,$1.28,26.78,$0.51B,$0.20B,2.56,$0.00B,$0.72B,0.0,$1.41B,$0.52B,36.70%,$1.41B,$0.17B,12.02%,$1.41B,$0.17B,12.02%,$1.41B,$0.19B,13.58%,$1.41B,$0.17B,12.09%,$1.41B,$0.12B,8.46%,$0.12B,$0.72B,16.95%,$0.12B,$0.44B,28.62%,$0.12B,$0.96B,12.80%,$0.17B,$0.72B,24.07%,$408,$254,$155,$0,$0,$345,$64,$1,$65,$21,$44,$44,$44,$69,$64,$85,89,$0.51,$0.49,$93,$112,$0,$506,$74,$90,$283,$5,$456,$962,$198,$0,$0,$41,$239,$0,$989,$-28,$724,$962,$92,$16,$17,$33,$2,$-10,$0,$-68,$-52,$73,$-13,$0,$0,$3,$0,$3,$0,$-10,$0,$0,$0,$-62,$-62,$0,$-12,$-73,$-10,$15,$0
9,2016-06-30,33.91,$7.63,4.45,$15.54,2.18,$2.35,14.43,$1.25,27.05,$0.48B,$0.20B,2.41,$0.00B,$0.70B,0.0,$1.41B,$0.51B,36.14%,$1.41B,$0.17B,12.12%,$1.41B,$0.17B,12.12%,$1.41B,$0.19B,13.68%,$1.41B,$0.17B,12.05%,$1.41B,$0.12B,8.36%,$0.12B,$0.70B,17.05%,$0.12B,$0.42B,29.21%,$0.12B,$0.94B,12.66%,$0.17B,$0.70B,24.70%,$325,$204,$121,$0,$0,$290,$36,$1,$36,$12,$25,$25,$25,$41,$36,$86,90,$0.29,$0.27,$109,$116,$0,$483,$73,$90,$286,$5,$458,$941,$201,$0,$1,$40,$240,$0,$941,$-26,$701,$941,$49,$11,$12,$22,$15,$-14,$0,$-36,$-13,$58,$-8,$0,$0,$1,$0,$1,$0,$-8,$0,$0,$0,$-37,$-37,$0,$-10,$-47,$4,$11,$0
10,2016-03-31,36.74,$7.57,4.85,$15.42,2.38,$2.28,16.1,$1.24,29.63,$0.45B,$0.15B,2.92,$0.00B,$0.70B,0.0,$1.41B,$0.51B,35.82%,$1.41B,$0.17B,12.20%,$1.41B,$0.17B,12.20%,$1.41B,$0.19B,13.55%,$1.41B,$0.17B,12.13%,$1.41B,$0.12B,8.37%,$0.12B,$0.70B,17.22%,$0.12B,$0.42B,29.89%,$0.12B,$0.90B,12.67%,$0.17B,$0.70B,25.10%,$329,$213,$116,$0,$0,$299,$30,$-0,$30,$6,$24,$24,$24,$35,$30,$87,90,$0.27,$0.26,$105,$80,$0,$445,$73,$88,$289,$5,$457,$902,$152,$0,$7,$46,$198,$0,$917,$-25,$704,$902,$24,$5,$3,$8,$14,$22,$0,$-31,$-17,$15,$-4,$0,$0,$1,$0,$1,$0,$-3,$0,$0,$0,$-10,$-10,$0,$-3,$-14,$-2,$5,$0
11,2015-12-31,29.98,$7.33,4.09,$15.26,1.96,$2.10,14.3,$1.23,24.3,$0.46B,$0.18B,2.63,$0.00B,$0.68B,0.0,$1.41B,$0.50B,35.59%,$1.41B,$0.17B,12.24%,$1.41B,$0.17B,12.24%,$1.41B,$0.19B,13.74%,$1.41B,$0.17B,12.17%,$1.41B,$0.11B,8.11%,$0.11B,$0.68B,16.90%,$0.11B,$0.39B,29.82%,$0.11B,$0.91B,12.27%,$0.17B,$0.68B,25.50%,$344,$220,$124,$0,$0,$306,$39,$1,$39,$13,$26,$26,$26,$46,$39,$88,92,$0.29,$0.29,$105,$102,$0,$459,$72,$88,$287,$5,$455,$914,$175,$0,$10,$61,$236,$0,$897,$-31,$679,$914,$114,$21,$15,$36,$-11,$-9,$0,$15,$-14,$136,$-19,$0,$-9,$-6,$0,$-6,$0,$-34,$0,$0,$0,$-114,$-114,$0,$4,$-110,$-9,$19,$0
12,2015-09-30,36.33,$7.30,4.97,$15.09,2.41,$2.23,16.3,$1.17,30.96,$0.51B,$0.24B,2.11,$0.00B,$0.69B,0.0,$1.40B,$0.49B,35.11%,$1.40B,$0.17B,11.75%,$1.40B,$0.17B,11.75%,$1.40B,$0.18B,13.03%,$1.40B,$0.17B,11.75%,$1.40B,$0.11B,7.76%,$0.11B,$0.69B,16.21%,$0.11B,$0.39B,28.84%,$0.11B,$0.97B,11.75%,$0.17B,$0.69B,24.54%,$413,$265,$149,$0,$0,$347,$66,$-1,$65,$22,$43,$43,$43,$71,$66,$88,92,$0.49,$0.47,$61,$124,$0,$508,$71,$90,$291,$5,$462,$970,$241,$0,$13,$44,$285,$0,$871,$-26,$685,$970,$88,$14,$-4,$10,$-13,$-32,$0,$-60,$-48,$50,$-14,$0,$-9,$5,$0,$5,$0,$-18,$0,$0,$0,$-83,$-83,$0,$7,$-75,$-43,$14,$0
13,2015-06-30,42.44,$7.10,5.98,$14.71,2.88,$2.48,17.13,$1.12,37.89,$0.47B,$0.22B,2.19,$0.00B,$0.67B,0.0,$1.38B,$0.48B,34.71%,$1.38B,$0.16B,11.42%,$1.38B,$0.16B,11.42%,$1.38B,$0.18B,12.65%,$1.38B,$0.16B,11.57%,$1.38B,$0.11B,7.59%,$0.11B,$0.67B,15.61%,$0.11B,$0.38B,27.47%,$0.11B,$0.94B,11.42%,$0.16B,$0.67B,23.49%,$324,$207,$116,$0,$0,$287,$37,$1,$37,$13,$25,$25,$25,$39,$37,$89,92,$0.27,$0.27,$100,$112,$0,$474,$70,$89,$295,$6,$465,$939,$216,$0,$19,$50,$266,$0,$828,$-18,$673,$939,$45,$9,$-3,$6,$-7,$-19,$0,$-3,$3,$54,$-8,$0,$-9,$-1,$0,$-1,$0,$-18,$0,$0,$0,$-54,$-54,$0,$6,$-48,$-12,$9,$0
14,2015-03-31,37.69,$6.93,5.44,$14.27,2.64,$2.61,14.47,$1.15,32.88,$0.42B,$0.17B,2.54,$0.00B,$0.66B,0.0,$1.36B,$0.47B,34.76%,$1.36B,$0.16B,11.88%,$1.36B,$0.16B,11.88%,$1.36B,$0.18B,13.28%,$1.36B,$0.16B,12.10%,$1.36B,$0.11B,7.97%,$0.11B,$0.66B,16.02%,$0.11B,$0.37B,26.97%,$0.11B,$0.89B,11.86%,$0.16B,$0.66B,23.88%,$324,$213,$111,$0,$0,$294,$30,$0,$30,$10,$20,$20,$20,$37,$30,$89,93,$0.22,$0.21,$78,$76,$0,$424,$69,$91,$296,$8,$468,$892,$167,$0,$28,$65,$231,$0,$804,$-19,$661,$892,$20,$8,$-4,$3,$9,$17,$0,$-31,$-26,$-2,$-4,$0,$-9,$2,$0,$2,$0,$-10,$0,$0,$0,$-36,$-36,$0,$18,$-18,$-31,$5,$0
15,2014-12-31,31.57,$7.02,4.5,$13.91,2.27,$2.85,11.09,$1.17,26.91,$0.44B,$0.18B,2.49,$0.00B,$0.67B,0.0,$1.34B,$0.47B,35.03%,$1.34B,$0.17B,12.50%,$1.34B,$0.17B,12.50%,$1.34B,$0.18B,13.62%,$1.34B,$0.17B,12.80%,$1.34B,$0.11B,8.38%,$0.11B,$0.67B,16.51%,$0.11B,$0.38B,26.54%,$0.11B,$0.91B,12.39%,$0.17B,$0.67B,24.61%,$343,$225,$117,$0,$0,$311,$32,$1,$33,$11,$21,$21,$21,$36,$32,$92,96,$0.23,$0.23,$113,$93,$0,$442,$69,$90,$294,$10,$469,$911,$178,$0,$28,$64,$242,$0,$784,$-13,$670,$911,$113,$15,$21,$36,$-0,$-2,$0,$4,$4,$152,$-18,$0,$-82,$-9,$0,$-9,$1,$-108,$0,$0,$0,$-137,$-137,$0,$-5,$-143,$-99,$19,$0
16,2014-09-30,31.97,$7.07,4.52,$13.74,2.33,$2.79,11.47,$1.31,24.47,$0.58B,$0.21B,2.84,$0.00B,$0.69B,0.0,$1.34B,$0.48B,35.93%,$1.34B,$0.19B,14.15%,$1.34B,$0.19B,14.15%,$1.34B,$0.20B,15.19%,$1.34B,$0.19B,14.52%,$1.34B,$0.13B,9.51%,$0.13B,$0.69B,18.66%,$0.13B,$0.41B,28.77%,$0.13B,$0.94B,14.17%,$0.19B,$0.69B,27.76%,$392,$256,$136,$0,$0,$333,$59,$1,$60,$21,$39,$39,$39,$63,$59,$92,95,$0.43,$0.41,$187,$103,$0,$582,$63,$3,$275,$6,$353,$935,$205,$0,$17,$44,$249,$0,$763,$-8,$686,$935,$91,$11,$12,$23,$-1,$-17,$0,$-55,$-41,$74,$-13,$0,$-61,$95,$0,$95,$0,$21,$0,$0,$0,$-99,$-99,$0,$-7,$-106,$-10,$15,$0
17,2014-06-30,34.02,$6.90,4.93,$13.54,2.51,$2.56,13.31,$1.33,25.52,$0.51B,$0.18B,2.92,$0.00B,$0.68B,0.0,$1.34B,$0.48B,36.15%,$1.34B,$0.20B,14.79%,$1.34B,$0.20B,14.79%,$1.34B,$0.21B,15.76%,$1.34B,$0.20B,15.16%,$1.34B,$0.13B,9.86%,$0.13B,$0.68B,19.48%,$0.13B,$0.45B,29.35%,$0.13B,$0.91B,14.85%,$0.20B,$0.68B,29.23%,$296,$189,$107,$0,$0,$255,$40,$1,$41,$13,$28,$28,$28,$44,$40,$93,96,$0.30,$0.29,$189,$87,$0,$511,$59,$93,$228,$7,$394,$905,$175,$0,$25,$51,$226,$0,$724,$-4,$680,$905,$52,$7,$12,$19,$30,$-14,$0,$-46,$-4,$68,$-8,$0,$-7,$-11,$0,$-11,$0,$-26,$0,$0,$0,$-65,$-65,$0,$-2,$-67,$-24,$10,$0
18,2014-03-31,35.69,$6.78,5.26,$13.43,2.66,$2.48,14.41,$1.33,26.86,$0.47B,$0.14B,3.48,$0.00B,$0.68B,0.0,$1.34B,$0.49B,36.39%,$1.34B,$0.20B,15.21%,$1.34B,$0.20B,15.21%,$1.34B,$0.22B,16.11%,$1.34B,$0.21B,15.59%,$1.34B,$0.13B,9.92%,$0.13B,$0.68B,19.79%,$0.13B,$0.45B,29.92%,$0.13B,$0.86B,15.03%,$0.20B,$0.68B,30.36%,$305,$196,$108,$0,$0,$269,$36,$1,$37,$13,$24,$24,$24,$39,$36,$94,98,$0.25,$0.24,$184,$58,$0,$474,$58,$92,$227,$6,$390,$864,$136,$0,$25,$50,$186,$0,$696,$-8,$678,$864,$24,$3,$5,$8,$30,$15,$0,$9,$-11,$22,$-4,$0,$-7,$-9,$0,$-9,$0,$-21,$0,$0,$0,$-29,$-29,$0,$1,$-28,$-27,$5,$0
19,2013-12-31,36.3,$6.72,5.4,$13.08,2.78,$2.52,14.4,$1.32,27.5,$0.50B,$0.16B,3.21,$0.00B,$0.68B,0.0,$1.32B,$0.48B,36.73%,$1.32B,$0.20B,15.51%,$1.32B,$0.20B,15.51%,$1.32B,$0.22B,16.50%,$1.32B,$0.21B,15.89%,$1.32B,$0.13B,10.04%,$0.13B,$0.68B,19.89%,$0.13B,$0.45B,30.33%,$0.13B,$0.88B,15.10%,$0.20B,$0.68B,30.73%,$343,$213,$129,$0,$0,$289,$54,$2,$56,$19,$36,$36,$36,$57,$54,$97,100,$0.37,$0.36,$201,$74,$0,$497,$57,$91,$226,$3,$384,$880,$155,$0,$24,$47,$201,$0,$672,$-7,$679,$880,$133,$13,$25,$38,$34,$-10,$0,$-60,$-16,$155,$-21,$0,$0,$-20,$0,$-20,$0,$-40,$0,$0,$0,$-96,$-96,$0,$-7,$-104,$11,$20,$0
20,2013-09-30,35.6,$6.58,5.41,$12.83,2.77,$2.42,14.73,$1.29,27.62,$0.52B,$0.19B,2.73,$0.00B,$0.67B,0.0,$1.29B,$0.48B,37.11%,$1.29B,$0.20B,15.53%,$1.29B,$0.20B,15.53%,$1.29B,$0.21B,16.54%,$1.29B,$0.20B,15.84%,$1.29B,$0.13B,10.02%,$0.13B,$0.67B,19.83%,$0.13B,$0.44B,30.59%,$0.13B,$0.91B,15.09%,$0.20B,$0.67B,30.75%,$395,$255,$140,$0,$0,$327,$68,$1,$69,$25,$44,$44,$44,$71,$68,$97,100,$0.45,$0.44,$142,$100,$0,$524,$54,$92,$228,$2,$384,$907,$192,$0,$30,$42,$235,$0,$636,$-4,$673,$907,$97,$10,$13,$22,$-2,$-36,$0,$-83,$-61,$58,$-16,$0,$0,$-20,$0,$-20,$0,$-37,$0,$0,$0,$-65,$-65,$0,$-3,$-68,$-46,$15,$0
21,2013-06-30,31.99,$6.35,5.03,$12.48,2.56,$1.99,16.06,$1.23,25.99,$0.50B,$0.19B,2.63,$0.00B,$0.66B,0.0,$1.25B,$0.47B,37.52%,$1.25B,$0.19B,15.04%,$1.25B,$0.19B,15.04%,$1.25B,$0.20B,16.08%,$1.25B,$0.19B,15.52%,$1.25B,$0.12B,9.84%,$0.12B,$0.66B,19.56%,$0.12B,$0.43B,30.73%,$0.12B,$0.89B,14.87%,$0.19B,$0.66B,29.90%,$298,$187,$111,$0,$0,$252,$46,$1,$47,$17,$30,$30,$29,$49,$46,$98,101,$0.29,$0.29,$190,$91,$0,$501,$51,$100,$228,$2,$388,$889,$190,$0,$28,$40,$230,$0,$592,$-5,$658,$889,$53,$7,$9,$16,$-20,$-28,$0,$2,$-4,$65,$-11,$0,$0,$-31,$0,$-31,$0,$-41,$0,$0,$0,$-29,$-29,$0,$4,$-25,$-1,$10,$0
22,2013-03-31,28.59,$6.20,4.61,$12.45,2.3,$1.81,15.84,$1.21,23.56,$0.43B,$0.13B,3.33,$0.00B,$0.65B,0.0,$1.24B,$0.46B,37.23%,$1.24B,$0.18B,14.42%,$1.24B,$0.18B,14.42%,$1.24B,$0.19B,15.55%,$1.24B,$0.19B,14.99%,$1.24B,$0.12B,9.75%,$0.12B,$0.65B,20.19%,$0.12B,$0.41B,32.66%,$0.12B,$0.82B,15.14%,$0.18B,$0.65B,29.87%,$279,$176,$103,$0,$0,$242,$36,$1,$37,$14,$24,$24,$23,$40,$36,$98,101,$0.24,$0.23,$176,$59,$0,$433,$46,$101,$231,$2,$387,$820,$130,$0,$33,$46,$176,$0,$563,$1,$645,$820,$24,$3,$6,$10,$-22,$5,$0,$25,$-7,$26,$-4,$0,$0,$-26,$0,$-26,$0,$-31,$0,$0,$0,$-10,$-10,$0,$1,$-10,$-14,$5,$0
23,2012-12-31,27.95,$6.04,4.63,$12.37,2.26,$1.69,16.52,$1.20,23.21,$0.44B,$0.13B,3.28,$0.00B,$0.63B,0.0,$1.23B,$0.46B,37.05%,$1.23B,$0.18B,14.50%,$1.23B,$0.18B,14.50%,$1.23B,$0.19B,15.55%,$1.23B,$0.19B,15.07%,$1.23B,$0.12B,9.77%,$0.12B,$0.63B,21.25%,$0.12B,$0.40B,35.53%,$0.12B,$0.80B,15.62%,$0.18B,$0.63B,31.52%,$316,$191,$124,$0,$0,$266,$50,$1,$51,$18,$33,$33,$33,$53,$50,$97,99,$0.33,$0.33,$185,$64,$0,$441,$45,$81,$227,$2,$363,$804,$134,$0,$31,$43,$178,$0,$540,$0,$626,$804,$120,$13,$20,$33,$20,$-2,$0,$-30,$-9,$143,$-20,$0,$-29,$-17,$0,$-17,$-2,$-68,$0,$0,$0,$9,$9,$0,$-18,$-9,$66,$17,$0
24,2012-09-30,28.91,$5.68,5.09,$12.07,2.39,$1.06,27.2,$1.12,25.82,$0.44B,$0.16B,2.71,$0.00B,$0.59B,0.0,$1.19B,$0.43B,36.07%,$1.19B,$0.17B,14.01%,$1.19B,$0.17B,14.01%,$1.19B,$0.18B,15.10%,$1.19B,$0.17B,14.51%,$1.19B,$0.11B,9.31%,$0.11B,$0.59B,21.06%,$0.11B,$0.36B,35.46%,$0.11B,$0.80B,15.26%,$0.17B,$0.59B,31.69%,$357,$226,$131,$0,$0,$301,$56,$2,$59,$21,$38,$38,$38,$59,$56,$97,100,$0.39,$0.38,$75,$84,$0,$435,$43,$79,$228,$2,$360,$795,$161,$0,$39,$48,$209,$0,$507,$2,$586,$795,$87,$9,$15,$24,$6,$-22,$0,$-101,$-96,$15,$-16,$0,$-29,$-9,$0,$-9,$-10,$-64,$0,$0,$0,$7,$7,$0,$4,$11,$-38,$13,$0
25,2012-06-30,21.0,$5.39,3.9,$11.70,1.79,$1.02,20.55,$1.07,19.69,$0.40B,$0.19B,2.12,$0.00B,$0.54B,0.0,$1.15B,$0.41B,35.51%,$1.15B,$0.16B,14.10%,$1.15B,$0.16B,14.10%,$1.15B,$0.18B,15.23%,$1.15B,$0.17B,14.45%,$1.15B,$0.11B,9.14%,$0.11B,$0.54B,21.33%,$0.11B,$0.31B,35.90%,$0.11B,$0.78B,15.19%,$0.16B,$0.54B,32.91%,$289,$184,$104,$0,$0,$251,$37,$2,$39,$12,$27,$27,$27,$41,$37,$97,99,$0.28,$0.27,$92,$91,$0,$399,$38,$98,$229,$2,$378,$777,$188,$0,$40,$49,$237,$0,$469,$1,$540,$777,$49,$6,$7,$13,$4,$-29,$0,$-38,$-19,$43,$-8,$0,$-29,$-31,$0,$-31,$-5,$-73,$0,$0,$0,$5,$5,$0,$3,$8,$-22,$8,$0
26,2012-03-31,28.27,$5.09,5.56,$10.93,2.59,$0.83,34.01,$1.04,27.19,$0.32B,$0.14B,2.36,$0.00B,$0.51B,0.0,$1.07B,$0.39B,36.30%,$1.07B,$0.16B,15.15%,$1.07B,$0.16B,15.15%,$1.07B,$0.17B,16.28%,$1.07B,$0.17B,15.53%,$1.07B,$0.10B,9.54%,$0.10B,$0.51B,22.16%,$0.10B,$0.28B,37.12%,$0.10B,$0.70B,15.79%,$0.16B,$0.51B,35.20%,$266,$170,$96,$0,$0,$231,$35,$0,$36,$14,$22,$22,$22,$38,$35,$96,99,$0.23,$0.22,$67,$53,$0,$321,$36,$98,$224,$5,$376,$697,$136,$0,$44,$54,$190,$0,$442,$0,$507,$697,$22,$3,$-1,$2,$4,$9,$0,$-21,$-10,$14,$-3,$0,$-29,$-25,$0,$-25,$-3,$-61,$0,$0,$0,$4,$4,$0,$3,$6,$-41,$4,$0
27,2011-12-31,22.82,$4.91,4.65,$9.96,2.29,$0.67,34.03,$1.00,22.72,$0.35B,$0.14B,2.57,$0.00B,$0.48B,0.0,$0.97B,$0.36B,37.25%,$0.97B,$0.15B,15.89%,$0.97B,$0.15B,15.89%,$0.97B,$0.17B,17.13%,$0.97B,$0.16B,16.41%,$0.97B,$0.10B,10.11%,$0.10B,$0.48B,22.90%,$0.10B,$0.30B,35.19%,$0.10B,$0.64B,16.67%,$0.15B,$0.48B,35.98%,$280,$180,$99,$0,$0,$241,$39,$0,$39,$15,$24,$24,$24,$42,$39,$95,97,$0.25,$0.24,$108,$60,$0,$347,$32,$72,$174,$1,$293,$640,$135,$0,$24,$30,$165,$0,$420,$0,$475,$640,$97,$11,$11,$22,$-17,$-9,$0,$-11,$-44,$75,$-15,$0,$-78,$50,$0,$50,$0,$-43,$0,$0,$0,$5,$5,$0,$0,$5,$37,$11,$0
28,2011-09-30,19.91,$4.63,4.3,$8.77,2.27,$0.93,21.34,$0.94,21.09,$0.36B,$0.16B,2.22,$0.00B,$0.45B,0.0,$0.85B,$0.33B,39.06%,$0.85B,$0.14B,16.71%,$0.85B,$0.14B,16.71%,$0.85B,$0.15B,18.12%,$0.85B,$0.15B,17.53%,$0.85B,$0.09B,10.82%,$0.09B,$0.45B,23.09%,$0.09B,$0.28B,33.76%,$0.09B,$0.65B,17.04%,$0.14B,$0.45B,35.63%,$314,$204,$109,$0,$0,$263,$51,$2,$52,$20,$32,$32,$32,$54,$51,$95,98,$0.33,$0.33,$39,$77,$0,$359,$30,$73,$171,$2,$292,$651,$162,$0,$36,$42,$204,$0,$397,$0,$447,$651,$73,$8,$7,$15,$-40,$-25,$0,$-56,$-81,$7,$-12,$0,$-85,$51,$0,$51,$0,$-47,$0,$0,$0,$4,$4,$0,$4,$8,$-31,$8,$0
29,2011-06-30,24.81,$4.28,5.8,$7.49,3.31,$1.40,17.68,$0.85,29.02,$0.29B,$0.14B,2.03,$0.00B,$0.41B,0.0,$0.72B,$0.30B,41.81%,$0.72B,$0.13B,17.78%,$0.72B,$0.13B,17.78%,$0.72B,$0.14B,19.44%,$0.72B,$0.14B,18.89%,$0.72B,$0.08B,11.53%,$0.08B,$0.41B,22.42%,$0.08B,$0.24B,30.24%,$0.08B,$0.60B,17.13%,$0.13B,$0.41B,34.57%,$209,$125,$84,$0,$0,$172,$37,$2,$39,$15,$24,$24,$24,$40,$37,$95,97,$0.25,$0.24,$39,$68,$0,$287,$26,$93,$172,$3,$310,$596,$141,$0,$37,$43,$184,$0,$365,$0,$412,$596,$42,$5,$1,$5,$-1,$-16,$0,$-27,$-25,$22,$-6,$0,$-85,$27,$0,$27,$0,$-64,$0,$0,$0,$3,$3,$0,$4,$7,$-35,$6,$0
30,2011-03-31,20.69,$4.07,5.09,$7.00,2.96,$1.45,14.32,$0.82,25.3,$0.22B,$0.07B,3.23,$0.00B,$0.38B,0.0,$0.67B,$0.29B,42.69%,$0.67B,$0.12B,18.36%,$0.67B,$0.12B,18.36%,$0.67B,$0.14B,20.15%,$0.67B,$0.13B,19.40%,$0.67B,$0.08B,11.79%,$0.08B,$0.38B,22.97%,$0.08B,$0.30B,28.37%,$0.08B,$0.46B,18.13%,$0.12B,$0.38B,35.76%,$166,$97,$69,$0,$0,$138,$27,$2,$29,$11,$18,$18,$18,$30,$27,$94,96,$0.19,$0.19,$71,$34,$0,$221,$23,$118,$81,$3,$243,$464,$69,$0,$12,$17,$86,$0,$341,$0,$378,$464,$18,$2,$-1,$2,$-8,$6,$0,$-14,$-21,$-2,$-4,$0,$0,$-1,$0,$-1,$0,$-5,$0,$0,$0,$0,$0,$0,$1,$1,$-6,$3,$0
31,2010-12-31,18.39,$3.78,4.87,$6.66,2.76,$1.63,11.28,$0.79,23.16,$0.21B,$0.07B,2.94,$0.00B,$0.36B,0.0,$0.64B,$0.28B,43.55%,$0.64B,$0.12B,19.03%,$0.64B,$0.12B,19.03%,$0.64B,$0.13B,20.75%,$0.64B,$0.13B,19.97%,$0.64B,$0.08B,11.95%,$0.08B,$0.36B,23.68%,$0.08B,$0.28B,28.95%,$0.08B,$0.45B,18.59%,$0.12B,$0.36B,37.69%,$161,$91,$70,$0,$0,$134,$27,$1,$29,$11,$18,$18,$18,$30,$27,$93,95,$0.19,$0.18,$79,$40,$0,$210,$21,$114,$81,$3,$238,$448,$71,$0,$14,$19,$90,$0,$323,$0,$357,$448,$76,$10,$5,$15,$-8,$-9,$0,$-10,$-4,$87,$-3,$0,$-41,$-43,$0,$-43,$-9,$-95,$0,$0,$0,$1,$1,$0,$5,$5,$-3,$8,$0
32,2010-09-30,18.1,$3.57,5.07,$6.48,2.79,$1.41,12.8,$0.75,23.99,$0.21B,$0.08B,2.67,$0.00B,$0.33B,0.0,$0.62B,$0.27B,43.58%,$0.62B,$0.12B,18.70%,$0.62B,$0.12B,18.70%,$0.62B,$0.13B,20.33%,$0.62B,$0.12B,19.51%,$0.62B,$0.07B,11.71%,$0.07B,$0.33B,24.10%,$0.07B,$0.28B,28.49%,$0.07B,$0.43B,19.02%,$0.12B,$0.33B,38.49%,$184,$107,$78,$0,$0,$147,$37,$1,$39,$16,$23,$23,$23,$40,$37,$93,95,$0.24,$0.24,$49,$44,$0,$209,$21,$103,$51,$3,$221,$430,$78,$0,$12,$17,$96,$0,$305,$0,$334,$430,$58,$7,$4,$11,$-2,$-14,$0,$-37,$-27,$42,$-2,$0,$-11,$-36,$0,$-36,$-34,$-83,$0,$0,$0,$-2,$-2,$0,$3,$1,$-40,$6,$0
33,2010-06-30,13.9,$3.29,4.23,$6.05,2.3,$1.36,10.23,$0.71,19.68,$0.22B,$0.08B,2.88,$0.00B,$0.31B,0.0,$0.57B,$0.25B,44.13%,$0.57B,$0.11B,18.56%,$0.57B,$0.11B,18.56%,$0.57B,$0.12B,20.32%,$0.57B,$0.11B,19.26%,$0.57B,$0.07B,11.73%,$0.07B,$0.31B,24.12%,$0.07B,$0.26B,28.36%,$0.07B,$0.40B,19.14%,$0.11B,$0.31B,38.16%,$159,$90,$69,$0,$0,$127,$32,$1,$33,$13,$20,$20,$20,$35,$32,$93,96,$0.21,$0.21,$65,$44,$0,$217,$21,$99,$51,$2,$184,$401,$75,$0,$14,$19,$94,$0,$283,$0,$307,$401,$35,$5,$1,$6,$-1,$-14,$0,$-30,$-20,$21,$-1,$0,$-11,$-35,$0,$-35,$0,$-47,$0,$0,$0,$-3,$-3,$0,$3,$-0,$-26,$4,$0
34,2010-03-31,14.34,$3.08,4.66,$5.65,2.54,$1.37,10.46,$0.63,22.8,$0.20B,$0.05B,3.88,$0.00B,$0.29B,0.0,$0.53B,$0.23B,44.13%,$0.53B,$0.09B,17.61%,$0.53B,$0.09B,17.61%,$0.53B,$0.10B,19.51%,$0.53B,$0.10B,18.37%,$0.53B,$0.06B,11.17%,$0.06B,$0.29B,22.85%,$0.06B,$0.23B,26.58%,$0.06B,$0.36B,18.41%,$0.09B,$0.29B,36.01%,$132,$72,$60,$0,$0,$107,$25,$1,$26,$10,$15,$15,$15,$27,$25,$93,95,$0.17,$0.16,$87,$24,$0,$198,$22,$70,$52,$2,$158,$356,$51,$0,$14,$19,$70,$0,$263,$0,$286,$356,$15,$2,$0,$3,$0,$7,$0,$-10,$-5,$13,$-1,$0,$-11,$-2,$0,$-2,$0,$-14,$0,$0,$0,$0,$0,$0,$1,$1,$-0,$2,$0
35,2009-12-31,12.12,$2.89,4.19,$5.44,2.23,$1.27,9.55,$0.54,22.48,$0.19B,$0.05B,3.66,$0.00B,$0.27B,0.0,$0.50B,$0.22B,42.94%,$0.50B,$0.08B,15.51%,$0.50B,$0.08B,15.51%,$0.50B,$0.09B,17.69%,$0.50B,$0.08B,16.30%,$0.50B,$0.05B,10.14%,$0.05B,$0.27B,21.23%,$0.05B,$0.24B,24.37%,$0.05B,$0.33B,17.29%,$0.08B,$0.27B,32.47%,$140,$78,$61,$0,$0,$119,$21,$1,$22,$8,$14,$14,$14,$23,$21,$91,93,$0.14,$0.15,$87,$30,$0,$191,$24,$68,$31,$2,$135,$327,$52,$0,$2,$7,$59,$0,$247,$0,$268,$327,$50,$10,$8,$17,$-5,$1,$0,$-14,$-3,$64,$-3,$0,$-6,$-50,$0,$-50,$0,$-59,$0,$0,$0,$4,$4,$0,$-30,$-26,$-20,$6,$0
36,2009-09-30,10.82,$2.67,4.05,$5.21,2.08,$0.97,11.17,$0.47,22.82,$0.18B,$0.06B,2.99,$0.00B,$0.25B,0.0,$0.48B,$0.20B,42.12%,$0.48B,$0.07B,14.32%,$0.48B,$0.07B,14.32%,$0.48B,$0.08B,16.60%,$0.48B,$0.07B,14.94%,$0.48B,$0.04B,9.13%,$0.04B,$0.25B,19.58%,$0.04B,$0.22B,22.74%,$0.04B,$0.32B,15.47%,$0.07B,$0.25B,30.70%,$140,$78,$62,$0,$0,$112,$28,$0,$29,$11,$18,$18,$18,$31,$28,$92,93,$0.20,$0.19,$60,$30,$0,$183,$25,$65,$32,$2,$134,$316,$61,$0,$0,$5,$66,$0,$234,$0,$250,$316,$37,$7,$5,$13,$-5,$2,$0,$-34,$-13,$36,$-2,$0,$-6,$-42,$0,$-42,$0,$-50,$0,$0,$0,$2,$2,$0,$-30,$-28,$-42,$4,$0
37,2009-06-30,7.44,$2.50,2.97,$5.12,1.45,$0.54,13.74,$0.41,18.37,$0.17B,$0.05B,3.44,$0.00B,$0.23B,0.0,$0.47B,$0.19B,41.28%,$0.47B,$0.06B,12.55%,$0.47B,$0.06B,12.55%,$0.47B,$0.07B,14.68%,$0.47B,$0.06B,12.98%,$0.47B,$0.04B,7.87%,$0.04B,$0.23B,17.45%,$0.04B,$0.20B,20.30%,$0.04B,$0.28B,13.86%,$0.06B,$0.23B,27.83%,$116,$67,$50,$0,$0,$97,$19,$0,$20,$8,$12,$12,$12,$22,$19,$91,93,$0.13,$0.13,$64,$29,$0,$166,$26,$48,$31,$2,$116,$283,$48,$0,$0,$5,$54,$0,$216,$0,$229,$283,$19,$5,$3,$8,$-3,$3,$0,$-15,$-5,$22,$-2,$0,$-5,$-23,$0,$-23,$0,$-29,$0,$0,$0,$1,$1,$0,$-30,$-29,$-36,$3,$0
38,2009-03-31,5.52,$2.36,2.34,$5.07,1.09,$0.17,32.37,$0.36,15.35,$0.17B,$0.03B,4.91,$0.00B,$0.21B,0.0,$0.46B,$0.19B,41.04%,$0.46B,$0.05B,11.23%,$0.46B,$0.05B,11.23%,$0.46B,$0.06B,13.17%,$0.46B,$0.05B,11.66%,$0.46B,$0.03B,7.13%,$0.03B,$0.21B,16.44%,$0.03B,$0.18B,19.19%,$0.03B,$0.25B,13.04%,$0.05B,$0.21B,25.90%,$107,$64,$43,$0,$0,$97,$10,$0,$11,$4,$7,$7,$7,$13,$10,$91,91,$0.07,$0.07,$76,$28,$0,$167,$27,$16,$31,$2,$87,$254,$34,$0,$1,$6,$40,$0,$204,$0,$214,$254,$7,$2,$-1,$2,$-1,$4,$0,$-3,$-5,$4,$-1,$0,$-5,$6,$0,$6,$0,$-0,$0,$0,$0,$0,$0,$0,$-30,$-30,$-26,$1,$0
39,2008-12-31,6.27,$2.28,2.75,$4.87,1.29,$0.10,63.1,$0.31,20.46,$0.20B,$0.07B,2.68,$0.00B,$0.21B,0.0,$0.46B,$0.19B,40.92%,$0.46B,$0.05B,9.85%,$0.46B,$0.05B,9.85%,$0.46B,$0.05B,11.60%,$0.46B,$0.05B,10.07%,$0.46B,$0.03B,6.13%,$0.03B,$0.21B,14.66%,$0.03B,$0.17B,17.13%,$0.03B,$0.29B,11.38%,$0.05B,$0.21B,23.56%,$119,$71,$48,$0,$0,$107,$12,$0,$12,$5,$7,$7,$7,$14,$12,$93,94,$0.08,$0.07,$104,$32,$0,$195,$28,$21,$32,$2,$90,$285,$73,$0,$1,$6,$78,$0,$197,$0,$206,$285,$28,$9,$8,$17,$3,$-4,$0,$7,$-4,$42,$-8,$0,$-5,$44,$0,$44,$0,$31,$0,$0,$0,$-42,$-42,$0,$30,$-12,$60,$6,$0
40,2008-09-30,7.28,$2.20,3.31,$4.55,1.6,$0.18,40.94,$0.27,26.72,$0.18B,$0.04B,4.11,$0.00B,$0.20B,0.0,$0.44B,$0.18B,40.36%,$0.44B,$0.04B,9.07%,$0.44B,$0.04B,9.07%,$0.44B,$0.05B,11.11%,$0.44B,$0.04B,9.52%,$0.44B,$0.03B,5.90%,$0.03B,$0.20B,13.45%,$0.03B,$0.17B,15.55%,$0.03B,$0.25B,10.77%,$0.04B,$0.20B,20.70%,$128,$75,$53,$0,$0,$110,$18,$0,$18,$7,$11,$11,$11,$20,$18,$90,91,$0.12,$0.12,$50,$41,$0,$176,$29,$7,$26,$2,$70,$246,$43,$0,$0,$5,$47,$0,$190,$0,$199,$246,$21,$7,$2,$9,$1,$-14,$0,$-16,$-29,$1,$-6,$0,$-5,$56,$0,$56,$0,$45,$0,$0,$0,$-42,$-42,$0,$1,$-41,$4,$4,$0
41,2008-06-30,5.4,$2.05,2.63,$4.20,1.29,$0.39,13.92,$0.25,21.37,$0.16B,$0.04B,4.06,$0.00B,$0.18B,0.0,$0.43B,$0.17B,40.38%,$0.43B,$0.04B,8.22%,$0.43B,$0.04B,8.22%,$0.43B,$0.04B,10.33%,$0.43B,$0.04B,8.69%,$0.43B,$0.03B,6.10%,$0.03B,$0.18B,13.27%,$0.03B,$0.16B,15.20%,$0.03B,$0.23B,10.63%,$0.04B,$0.18B,17.86%,$109,$64,$46,$0,$0,$97,$12,$0,$13,$5,$8,$8,$8,$14,$12,$89,90,$0.09,$0.09,$41,$35,$0,$158,$28,$6,$26,$2,$69,$227,$39,$0,$0,$4,$43,$0,$179,$0,$184,$227,$10,$5,$1,$6,$3,$-8,$0,$-15,$-25,$-10,$-4,$0,$-5,$52,$0,$52,$0,$44,$0,$0,$0,$-44,$-44,$0,$0,$-44,$-11,$3,$0
42,2008-03-31,5.03,$1.97,2.56,$3.98,1.27,$0.55,9.08,$0.26,19.02,$0.14B,$0.05B,2.97,$0.00B,$0.18B,0.0,$0.43B,$0.17B,40.24%,$0.43B,$0.04B,9.41%,$0.43B,$0.04B,9.41%,$0.43B,$0.05B,11.53%,$0.43B,$0.04B,9.88%,$0.43B,$0.03B,6.82%,$0.03B,$0.18B,14.03%,$0.03B,$0.15B,15.87%,$0.03B,$0.23B,11.39%,$0.04B,$0.18B,19.35%,$101,$60,$40,$0,$0,$98,$3,$1,$3,$1,$2,$2,$2,$5,$3,$101,103,$0.02,$0.02,$32,$26,$0,$138,$29,$23,$27,$2,$88,$226,$46,$0,$0,$4,$51,$0,$171,$0,$175,$226,$2,$2,$1,$3,$2,$1,$0,$-13,$-7,$-2,$-2,$0,$-5,$47,$0,$47,$0,$40,$0,$0,$0,$-44,$-44,$0,$0,$-44,$-6,$2,$0
43,2007-12-31,5.88,$2.11,2.78,$3.96,1.49,$0.62,9.55,$0.33,17.82,$0.17B,$0.05B,3.54,$0.00B,$0.22B,0.0,$0.43B,$0.17B,40.14%,$0.43B,$0.05B,12.30%,$0.43B,$0.05B,12.30%,$0.43B,$0.06B,14.39%,$0.43B,$0.06B,12.99%,$0.43B,$0.04B,8.58%,$0.04B,$0.22B,17.33%,$0.04B,$0.19B,19.22%,$0.04B,$0.27B,14.41%,$0.05B,$0.22B,24.82%,$103,$64,$39,$0,$0,$96,$7,$1,$8,$3,$5,$5,$5,$10,$7,$105,108,$0.05,$0.05,$80,$27,$0,$169,$29,$29,$26,$3,$98,$267,$48,$0,$0,$3,$51,$0,$169,$0,$215,$267,$36,$8,$-0,$8,$-2,$6,$0,$6,$16,$60,$-13,$0,$-9,$10,$0,$10,$0,$-12,$0,$0,$0,$-44,$-44,$0,$7,$-37,$10,$4,$0
44,2007-09-30,5.57,$2.07,2.7,$4.02,1.38,$0.48,11.53,$0.37,14.92,$0.19B,$0.04B,4.17,$0.00B,$0.21B,0.0,$0.44B,$0.18B,40.95%,$0.44B,$0.06B,14.25%,$0.44B,$0.06B,14.25%,$0.44B,$0.07B,16.06%,$0.44B,$0.07B,14.93%,$0.44B,$0.04B,9.50%,$0.04B,$0.21B,19.74%,$0.04B,$0.19B,21.57%,$0.04B,$0.26B,16.62%,$0.06B,$0.21B,29.61%,$113,$67,$47,$0,$0,$101,$13,$1,$13,$3,$11,$11,$11,$15,$13,$106,107,$0.10,$0.10,$64,$36,$0,$185,$26,$15,$22,$3,$73,$258,$44,$0,$0,$3,$48,$0,$165,$0,$210,$258,$31,$6,$-3,$2,$-1,$-3,$0,$-13,$-10,$24,$-8,$0,$-9,$36,$0,$36,$0,$19,$0,$0,$0,$-45,$-45,$0,$8,$-37,$5,$3,$0
45,2007-06-30,9.63,$2.10,4.58,$4.07,2.37,$0.49,19.49,$0.38,25.13,$0.20B,$0.04B,5.36,$0.00B,$0.23B,0.0,$0.45B,$0.19B,40.93%,$0.45B,$0.07B,15.93%,$0.45B,$0.07B,15.93%,$0.45B,$0.08B,17.48%,$0.45B,$0.08B,16.81%,$0.45B,$0.04B,9.73%,$0.04B,$0.23B,20.42%,$0.04B,$0.21B,22.06%,$0.04B,$0.27B,17.29%,$0.07B,$0.23B,33.41%,$108,$63,$45,$0,$0,$91,$17,$1,$18,$8,$11,$11,$11,$19,$17,$105,109,$0.10,$0.10,$79,$35,$0,$196,$24,$15,$22,$3,$71,$267,$37,$0,$0,$3,$40,$0,$154,$0,$227,$267,$20,$4,$-5,$-1,$-0,$-1,$0,$-11,$-13,$6,$-5,$0,$-9,$20,$0,$20,$0,$6,$0,$0,$0,$-16,$-16,$0,$8,$-8,$5,$2,$0
46,2007-03-31,8.58,$1.95,4.4,$4.24,2.02,$0.51,16.92,$0.40,21.4,$0.17B,$0.03B,5.81,$0.00B,$0.20B,0.0,$0.47B,$0.20B,41.14%,$0.47B,$0.08B,16.03%,$0.47B,$0.08B,16.03%,$0.47B,$0.08B,17.51%,$0.47B,$0.08B,16.88%,$0.47B,$0.05B,9.70%,$0.05B,$0.20B,22.01%,$0.05B,$0.19B,23.62%,$0.05B,$0.24B,18.40%,$0.08B,$0.20B,36.36%,$107,$64,$42,$0,$0,$91,$16,$1,$17,$7,$10,$10,$10,$18,$16,$106,111,$0.09,$0.09,$75,$29,$0,$173,$23,$15,$13,$3,$61,$235,$30,$0,$0,$3,$33,$0,$143,$0,$202,$235,$10,$2,$-1,$1,$0,$5,$0,$-5,$-7,$4,$-2,$0,$0,$11,$0,$11,$0,$9,$0,$0,$0,$-21,$-21,$0,$0,$-21,$-8,$1,$0
47,2006-12-31,10.31,$1.98,5.2,$4.26,2.42,$0.38,26.8,$0.41,24.94,$0.19B,$0.04B,5.18,$0.00B,$0.21B,0.0,$0.48B,$0.20B,41.89%,$0.48B,$0.08B,16.42%,$0.48B,$0.08B,16.42%,$0.48B,$0.09B,17.89%,$0.48B,$0.08B,17.26%,$0.48B,$0.05B,9.89%,$0.05B,$0.21B,22.82%,$0.05B,$0.20B,24.54%,$0.05B,$0.25B,18.91%,$0.08B,$0.21B,37.86%,$114,$68,$47,$0,$0,$97,$17,$1,$18,$8,$10,$10,$10,$19,$17,$106,112,$0.09,$0.09,$92,$34,$0,$188,$23,$17,$14,$3,$63,$251,$36,$0,$0,$3,$39,$0,$134,$0,$212,$251,$46,$7,$1,$7,$-2,$1,$0,$-9,$-10,$43,$-10,$0,$-15,$-23,$0,$-23,$0,$-48,$0,$0,$0,$-1,$-1,$-21,$4,$-19,$-24,$2,$-21
