,Date,Stock Price,Book Value per Share,Price to Book Ratio,TTM Sales per Share,Price to Sales Ratio,TTM FCF per Share,Price to FCF Ratio,TTM Net EPS,PE Ratio,Current Assets,Current Liabilities,Current Ratio,Long Term Debt,Shareholder's Equity_x,Debt to Equity Ratio,TTM Revenue_x,TTM Gross Profit,Gross Margin,TTM Revenue_y,TTM Operating Income,Operating Margin,TTM Revenue_x,TTM EBIT,EBIT Margin,TTM Revenue_y,TTM EBITDA,EBITDA Margin,TTM Revenue_x,TTM Pre-Tax Income,Pre-Tax Margin,TTM Revenue_y,TTM Net Income_x,Net Margin,TTM Net Income_y,Shareholder's Equity_y,Return on Equity,TTM Net Income_x,Tangible Equity,Return on Tangible Equity,TTM Net Income_y,Total Assets,Return on Assets,TTM Net Income,LT Investments & Debt,Return on Investment,revenue,cost-goods-sold,gross-profit,research-development-expenses,selling-general-administrative-expenses,operating-expenses,operating-income,total-non-operating-income-expense,pre-tax-income,total-provision-income-taxes,income-after-taxes,income-from-continuous-operations,net-income,ebitda,ebit,basic-shares-outstanding,shares-outstanding,eps-basic-net-earnings-per-share,eps-earnings-per-share-diluted,cash-on-hand,inventory,other-current-assets,total-current-assets,net-property-plant-equipment,long-term-investments,goodwill-intangible-assets-total,other-long-term-assets,total-long-term-assets,total-assets,total-current-liabilities,long-term-debt,other-non-current-liabilities,total-long-term-liabilities,total-liabilities,common-stock-net,retained-earnings-accumulated-deficit,comprehensive-income,total-share-holder-equity,total-liabilities-share-holders-equity,net-income-loss,total-depreciation-amortization-cash-flow,other-non-cash-items,total-non-cash-items,change-in-accounts-receivable,change-in-inventories,change-in-accounts-payable,change-in-assets-liabilities,total-change-in-assets-liabilities,cash-flow-from-operating-activities,net-change-in-property-plant-equipment,net-change-in-intangible-assets,net-acquisitions-divestitures,net-change-in-short-term-investments,net-change-in-long-term-investments,net-change-in-investments-total,investing-activities-other,cash-flow-from-investing-activities,net-long-term-debt,net-current-debt,debt-issuance-retirement-net-total,net-common-equity-issued-repurchased,net-total-equity-issued-repurchased,total-common-preferred-stock-dividends-paid,financial-activities-other,cash-flow-from-financial-activities,net-cash-flow,stock-based-compensation,common-stock-dividends-paid
0,2018-07-31,2.25,$6.82,0.33,$70.22,0.03,$-9.34,0.0,$-2.76,0.0,$0.35B,$0.19B,1.83,$0.04B,$0.16B,0.26,$1.59B,$0.34B,21.46%,$1.59B,$-0.05B,-3.26%,$1.59B,$-0.05B,-3.26%,$1.59B,$-0.04B,-2.26%,$1.59B,$-0.06B,-3.89%,$1.59B,$-0.06B,-3.89%,$-0.06B,$0.16B,-35.23%,$-0.06B,$0.16B,-35.23%,$-0.06B,$0.39B,-15.03%,$-0.05B,$0.20B,-26.33%,$431,$339,$92,$0,$94,$437,$-6,$-3,$-9,$0,$-9,$-9,$-9,$-2,$-6,$23,23,$-0.41,$-0.41,$14,$307,$0,$345,$33,$0,$0,$6,$40,$385,$189,$41,$0,$41,$230,$0,$-401,$0,$155,$385,$-19,$7,$-0,$7,$-1,$0,$29,$-6,$22,$11,$-4,$0,$0,$0,$0,$0,$0,$-4,$40,$-42,$-2,$0,$0,$0,$-2,$-3,$3,$0,$0
1,2018-04-30,1.85,$7.23,0.26,$72.81,0.03,$-13.23,0.0,$-3.65,0.0,$0.37B,$0.21B,1.78,$0.04B,$0.16B,0.25,$1.65B,$0.34B,20.69%,$1.65B,$-0.07B,-4.48%,$1.65B,$-0.07B,-4.48%,$1.65B,$-0.06B,-3.45%,$1.65B,$-0.08B,-4.96%,$1.65B,$-0.08B,-4.96%,$-0.08B,$0.16B,-42.65%,$-0.08B,$0.16B,-42.65%,$-0.08B,$0.41B,-19.17%,$-0.07B,$0.21B,-36.27%,$381,$294,$87,$0,$90,$387,$-6,$-3,$-9,$0,$-9,$-9,$-9,$-3,$-6,$23,23,$-0.41,$-0.41,$14,$332,$0,$368,$36,$0,$0,$7,$43,$411,$206,$41,$0,$41,$247,$0,$-392,$0,$164,$411,$-9,$3,$0,$3,$2,$4,$2,$-10,$-3,$-9,$-2,$0,$0,$0,$0,$0,$0,$-2,$40,$-23,$17,$0,$0,$0,$-2,$15,$4,$0,$0
2,2018-01-31,2.45,$7.73,0.32,$75.76,0.03,$-15.30,0.0,$-4.18,0.0,$0.37B,$0.24B,1.57,$0.00B,$0.18B,0.01,$1.72B,$0.35B,20.29%,$1.72B,$-0.09B,-5.06%,$1.72B,$-0.09B,-5.06%,$1.72B,$-0.07B,-4.13%,$1.72B,$-0.09B,-5.47%,$1.72B,$-0.09B,-5.47%,$-0.09B,$0.18B,-44.03%,$-0.09B,$0.18B,-44.03%,$-0.09B,$0.41B,-21.21%,$-0.09B,$0.18B,-40.37%,$396,$320,$76,$0,$100,$427,$-31,$-2,$-33,$-0,$-33,$-33,$-33,$-25,$-31,$23,23,$-1.47,$-1.47,$10,$336,$0,$368,$36,$0,$0,$8,$44,$413,$235,$2,$0,$2,$237,$0,$-380,$0,$176,$413,$-95,$16,$7,$24,$-3,$38,$-2,$-67,$-34,$-106,$-9,$0,$0,$0,$0,$0,$0,$-9,$0,$111,$111,$0,$0,$0,$0,$111,$-4,$-0,$0
3,2017-10-31,1.55,$9.20,0.17,$79.87,0.02,$-8.36,0.0,$-4.74,0.0,$0.39B,$0.23B,1.71,$0.00B,$0.21B,0.01,$1.81B,$0.36B,19.58%,$1.81B,$-0.10B,-5.52%,$1.81B,$-0.10B,-5.52%,$1.81B,$-0.08B,-4.19%,$1.81B,$-0.11B,-5.85%,$1.81B,$-0.11B,-5.90%,$-0.11B,$0.21B,-45.10%,$-0.11B,$0.21B,-45.10%,$-0.11B,$0.44B,-23.41%,$-0.10B,$0.21B,-41.80%,$386,$299,$87,$0,$93,$395,$-9,$-2,$-11,$-0,$-11,$-11,$-11,$-6,$-9,$23,23,$-0.48,$-0.48,$14,$355,$0,$392,$39,$0,$0,$10,$49,$441,$229,$3,$0,$3,$232,$0,$-347,$0,$209,$441,$-62,$10,$6,$16,$-1,$19,$6,$-63,$-39,$-86,$-7,$0,$0,$0,$0,$0,$0,$-7,$0,$92,$92,$0,$0,$0,$0,$92,$-0,$-0,$0
4,2017-07-31,2.25,$9.68,0.23,$84.36,0.03,$-5.45,0.0,$-8.37,0.0,$0.40B,$0.22B,1.77,$0.00B,$0.22B,0.01,$1.92B,$0.36B,18.96%,$1.92B,$-0.11B,-5.64%,$1.92B,$-0.11B,-5.64%,$1.92B,$-0.08B,-4.39%,$1.92B,$-0.11B,-5.90%,$1.92B,$-0.19B,-9.87%,$-0.19B,$0.22B,-71.59%,$-0.19B,$0.22B,-71.59%,$-0.19B,$0.45B,-39.33%,$-0.11B,$0.22B,-40.56%,$490,$398,$92,$0,$115,$518,$-28,$-2,$-29,$0,$-29,$-29,$-29,$-23,$-28,$23,23,$-1.30,$-1.30,$18,$357,$0,$396,$39,$0,$0,$11,$50,$446,$224,$2,$0,$2,$227,$0,$-336,$0,$220,$446,$-51,$7,$6,$13,$1,$0,$10,$-49,$-38,$-77,$-5,$0,$0,$0,$0,$0,$0,$-5,$-0,$86,$86,$0,$0,$0,$0,$86,$4,$-0,$0
5,2017-04-30,3.35,$10.98,0.31,$87.29,0.04,$-1.96,0.0,$-6.60,0.0,$0.42B,$0.22B,1.87,$0.00B,$0.25B,0.01,$1.98B,$0.39B,19.49%,$1.98B,$-0.06B,-3.13%,$1.98B,$-0.06B,-3.13%,$1.98B,$-0.04B,-2.02%,$1.98B,$-0.07B,-3.33%,$1.98B,$-0.15B,-7.52%,$-0.15B,$0.25B,-47.83%,$-0.15B,$0.25B,-47.83%,$-0.15B,$0.47B,-28.39%,$-0.06B,$0.25B,-19.75%,$448,$354,$94,$0,$111,$468,$-19,$-1,$-21,$1,$-21,$-21,$-21,$-17,$-19,$23,23,$-0.94,$-0.94,$22,$372,$0,$415,$41,$0,$0,$17,$58,$473,$222,$2,$0,$2,$224,$0,$-306,$0,$249,$473,$-21,$2,$0,$2,$1,$1,$10,$-49,$-37,$-56,$-2,$0,$0,$0,$0,$0,$0,$-2,$-0,$67,$67,$0,$0,$0,$0,$67,$8,$-0,$0
6,2017-01-31,3.65,$11.92,0.31,$91.24,0.04,$2.42,1.51,$-5.82,0.0,$0.41B,$0.20B,2.09,$0.00B,$0.27B,0.01,$2.07B,$0.41B,19.71%,$2.07B,$-0.05B,-2.32%,$2.07B,$-0.05B,-2.32%,$2.07B,$-0.03B,-1.21%,$2.07B,$-0.05B,-2.42%,$2.07B,$-0.13B,-6.38%,$-0.13B,$0.27B,-37.82%,$-0.13B,$0.27B,-37.82%,$-0.13B,$0.47B,-23.39%,$-0.05B,$0.27B,-13.65%,$489,$406,$82,$0,$113,$532,$-44,$-1,$-45,$1,$-46,$-46,$-46,$-30,$-44,$23,23,$-2.01,$-2.01,$14,$374,$0,$409,$41,$0,$0,$19,$60,$468,$196,$2,$0,$2,$198,$0,$-285,$0,$271,$468,$-132,$23,$53,$76,$2,$61,$-22,$43,$85,$29,$14,$0,$0,$0,$0,$0,$0,$14,$0,$-42,$-41,$0,$0,$0,$-5,$-47,$-4,$0,$0
7,2016-10-31,4.85,$13.93,0.35,$93.44,0.05,$1.16,4.2,$-4.80,0.0,$0.47B,$0.22B,2.18,$0.00B,$0.32B,0.01,$2.12B,$0.45B,21.00%,$2.12B,$-0.04B,-1.84%,$2.12B,$-0.04B,-1.84%,$2.12B,$-0.02B,-1.04%,$2.12B,$-0.04B,-1.93%,$2.12B,$-0.11B,-5.14%,$-0.11B,$0.32B,-28.53%,$-0.11B,$0.32B,-28.63%,$-0.11B,$0.54B,-17.99%,$-0.04B,$0.32B,-10.14%,$488,$393,$95,$0,$109,$505,$-17,$-0,$-18,$76,$-93,$-93,$-93,$-14,$-17,$23,23,$-4.11,$-4.11,$16,$425,$0,$470,$50,$0,$0,$15,$65,$535,$216,$3,$0,$3,$219,$0,$-239,$0,$316,$535,$-86,$10,$53,$63,$-7,$10,$-1,$-23,$-21,$-44,$17,$0,$0,$0,$0,$0,$0,$17,$0,$24,$24,$0,$0,$0,$0,$24,$-3,$0,$0
8,2016-07-31,6.88,$18.03,0.38,$96.09,0.07,$4.05,1.7,$-0.86,0.0,$0.48B,$0.21B,2.29,$0.00B,$0.41B,0.01,$2.18B,$0.47B,21.49%,$2.18B,$-0.03B,-1.47%,$2.18B,$-0.03B,-1.47%,$2.18B,$-0.02B,-0.73%,$2.18B,$-0.03B,-1.52%,$2.18B,$-0.02B,-1.01%,$-0.02B,$0.41B,-5.40%,$-0.02B,$0.41B,-5.42%,$-0.02B,$0.62B,-3.46%,$-0.03B,$0.41B,-7.80%,$556,$442,$115,$0,$119,$538,$18,$-1,$18,$7,$11,$11,$11,$21,$18,$23,23,$0.47,$0.47,$19,$427,$0,$482,$51,$0,$0,$15,$141,$623,$210,$3,$0,$3,$213,$0,$-146,$0,$410,$623,$7,$7,$-22,$-15,$-4,$8,$-1,$-15,$-13,$-21,$19,$0,$0,$0,$0,$0,$0,$19,$0,$2,$2,$0,$0,$0,$0,$2,$0,$0,$0
9,2016-04-30,6.77,$17.56,0.39,$98.91,0.07,$7.57,0.89,$-1.26,0.0,$0.49B,$0.23B,2.12,$0.00B,$0.00B,0.0,$2.24B,$0.49B,22.03%,$2.24B,$-0.05B,-2.23%,$2.24B,$-0.05B,-2.23%,$2.24B,$-0.04B,-1.56%,$2.24B,$-0.05B,-2.27%,$2.24B,$-0.03B,-1.47%,$-0.03B,$0.40B,-8.04%,$-0.03B,$0.40B,-8.06%,$-0.03B,$0.63B,-5.17%,$-0.05B,$0.40B,-12.11%,$537,$421,$116,$0,$118,$542,$-5,$-0,$-5,$-2,$-4,$-4,$-4,$-2,$-5,$23,23,$-0.16,$-0.16,$23,$430,$0,$487,$50,$0,$0,$17,$144,$631,$229,$3,$0,$3,$232,$0,$0,$0,$399,$631,$-4,$3,$2,$6,$1,$4,$-9,$44,$41,$43,$-2,$0,$0,$0,$0,$0,$0,$-2,$0,$-36,$-36,$0,$0,$0,$0,$-36,$4,$0,$0
10,2016-01-31,6.96,$17.71,0.39,$100.93,0.07,$8.50,0.82,$-1.01,0.0,$0.49B,$0.23B,2.13,$0.00B,$0.40B,0.01,$2.29B,$0.52B,22.64%,$2.29B,$-0.04B,-1.84%,$2.29B,$-0.04B,-1.84%,$2.29B,$-0.03B,-1.22%,$2.29B,$-0.04B,-1.88%,$2.29B,$-0.03B,-1.22%,$-0.03B,$0.40B,-6.72%,$-0.03B,$0.40B,-6.74%,$-0.03B,$0.63B,-4.35%,$-0.04B,$0.41B,-10.03%,$538,$419,$119,$0,$146,$574,$-35,$-0,$-36,$-13,$-23,$-23,$-23,$-27,$-35,$23,23,$-1.00,$-1.00,$18,$435,$0,$487,$49,$0,$4,$14,$147,$634,$229,$3,$0,$3,$231,$0,$-153,$0,$403,$634,$-27,$15,$19,$33,$1,$8,$25,$-14,$19,$26,$-11,$0,$0,$0,$0,$0,$0,$-11,$0,$-16,$-16,$0,$0,$0,$0,$-16,$-2,$-0,$0
11,2015-10-31,8.04,$18.37,0.44,$102.00,0.08,$8.39,0.96,$-0.21,0.0,$0.51B,$0.23B,2.16,$0.00B,$0.42B,0.01,$2.31B,$0.53B,22.71%,$2.31B,$-0.02B,-0.74%,$2.31B,$-0.02B,-0.74%,$2.31B,$-0.01B,-0.30%,$2.31B,$-0.02B,-0.74%,$2.31B,$-0.01B,-0.43%,$-0.01B,$0.42B,-2.37%,$-0.01B,$0.42B,-2.37%,$-0.01B,$0.65B,-1.55%,$-0.02B,$0.42B,-4.01%,$547,$429,$118,$0,$125,$557,$-10,$0,$-10,$-4,$-6,$-6,$-6,$-8,$-10,$23,23,$-0.24,$-0.24,$22,$448,$0,$506,$53,$0,$0,$42,$148,$654,$234,$2,$0,$2,$237,$0,$-130,$0,$417,$654,$-5,$6,$4,$11,$-3,$-6,$31,$18,$40,$46,$-7,$0,$0,$0,$0,$0,$0,$-7,$0,$-37,$-37,$0,$0,$0,$0,$-37,$2,$-0,$0
12,2015-07-31,8.19,$18.61,0.44,$102.79,0.08,$7.82,1.05,$-7.59,0.0,$0.49B,$0.21B,2.35,$0.00B,$0.42B,0.01,$2.33B,$0.54B,23.26%,$2.33B,$-0.18B,-7.77%,$2.33B,$-0.18B,-7.77%,$2.33B,$-0.00B,-0.17%,$2.33B,$-0.18B,-7.77%,$2.33B,$-0.18B,-7.51%,$-0.18B,$0.42B,-41.30%,$-0.18B,$0.42B,-41.30%,$-0.18B,$0.63B,-26.97%,$-0.18B,$0.43B,-42.46%,$620,$478,$141,$0,$139,$619,$0,$-0,$0,$1,$-0,$-0,$-0,$2,$0,$23,23,$-0.02,$-0.02,$23,$431,$0,$486,$49,$0,$0,$43,$146,$632,$207,$2,$0,$2,$209,$0,$-125,$0,$423,$632,$1,$4,$3,$7,$1,$11,$15,$46,$73,$80,$-3,$0,$0,$0,$0,$0,$0,$-3,$0,$-74,$-74,$0,$0,$0,$0,$-74,$4,$-0,$0
13,2015-04-30,6.93,$18.61,0.37,$103.63,0.07,$5.38,1.29,$-7.51,0.0,$0.51B,$0.23B,2.21,$0.00B,$0.42B,0.01,$2.35B,$0.55B,23.33%,$2.35B,$-0.18B,-7.45%,$2.35B,$-0.18B,-7.45%,$2.35B,$0.00B,0.09%,$2.35B,$-0.18B,-7.45%,$2.35B,$-0.17B,-7.32%,$-0.17B,$0.42B,-36.79%,$-0.17B,$0.42B,-40.40%,$-0.17B,$0.65B,-24.56%,$-0.18B,$0.43B,-37.21%,$583,$442,$140,$0,$136,$580,$3,$-0,$3,$1,$1,$1,$1,$5,$3,$23,23,$0.06,$0.06,$27,$439,$0,$506,$49,$0,$0,$43,$148,$654,$229,$2,$0,$2,$231,$0,$-125,$0,$423,$654,$1,$2,$0,$2,$-5,$4,$10,$50,$59,$63,$-1,$0,$0,$0,$0,$0,$0,$-1,$0,$-54,$-54,$0,$0,$0,$0,$-54,$8,$-0,$0
14,2015-01-31,11.35,$18.57,0.61,$103.95,0.11,$2.69,4.22,$-7.44,0.0,$0.50B,$0.22B,2.25,$0.00B,$0.42B,0.01,$2.36B,$0.55B,23.43%,$2.36B,$-0.17B,-7.30%,$2.36B,$-0.17B,-7.30%,$2.36B,$0.01B,0.25%,$2.36B,$-0.17B,-7.30%,$2.36B,$-0.17B,-7.17%,$-0.17B,$0.42B,-33.12%,$-0.17B,$0.42B,-39.60%,$-0.17B,$0.65B,-22.46%,$-0.17B,$0.43B,-33.50%,$562,$436,$126,$0,$132,$572,$-10,$-0,$-10,$-5,$-5,$-5,$-5,$-6,$-10,$23,23,$-0.21,$-0.21,$20,$443,$0,$497,$51,$0,$0,$43,$148,$646,$221,$2,$0,$2,$223,$0,$-126,$0,$422,$646,$-169,$177,$7,$184,$-13,$39,$-9,$-8,$9,$24,$-13,$0,$0,$0,$0,$0,$0,$-13,$-0,$-15,$-15,$0,$0,$0,$0,$-15,$-4,$1,$0
15,2014-10-31,15.04,$18.77,0.8,$105.34,0.14,$-0.54,0.0,$-7.08,0.0,$0.52B,$0.23B,2.25,$0.00B,$0.00B,0.0,$2.40B,$0.57B,23.62%,$2.40B,$-0.15B,-6.43%,$2.40B,$-0.15B,-6.43%,$2.40B,$0.03B,1.04%,$2.40B,$-0.16B,-6.47%,$2.40B,$-0.16B,-6.68%,$-0.16B,$0.43B,-28.97%,$-0.16B,$0.43B,-37.47%,$-0.16B,$0.66B,-19.93%,$-0.15B,$0.43B,-27.70%,$565,$430,$135,$0,$140,$739,$-174,$-0,$-174,$-2,$-171,$-171,$-171,$-5,$-174,$23,23,$-7.55,$-7.55,$23,$462,$0,$524,$50,$0,$0,$41,$139,$663,$234,$3,$0,$3,$237,$0,$0,$0,$427,$663,$-164,$173,$13,$186,$-15,$20,$-4,$13,$14,$36,$-10,$0,$0,$0,$0,$0,$0,$-10,$-1,$-26,$-26,$0,$0,$0,$0,$-26,$-0,$1,$0
16,2014-07-31,18.96,$26.28,0.72,$104.80,0.18,$-4.20,0.0,$0.80,23.7,$0.53B,$0.24B,2.21,$0.00B,$0.00B,0.0,$2.39B,$0.57B,23.66%,$2.39B,$0.03B,1.38%,$2.39B,$0.03B,1.38%,$2.39B,$0.05B,1.88%,$2.39B,$0.03B,1.34%,$2.39B,$0.02B,0.79%,$0.02B,$0.60B,3.20%,$0.02B,$0.43B,4.46%,$0.02B,$0.84B,2.24%,$0.03B,$0.60B,5.52%,$639,$492,$147,$0,$139,$633,$6,$-0,$6,$2,$3,$3,$3,$8,$6,$23,23,$0.15,$0.15,$21,$470,$0,$525,$52,$0,$167,$46,$313,$838,$237,$3,$0,$3,$241,$0,$0,$0,$598,$838,$7,$4,$5,$9,$-8,$13,$-10,$19,$13,$29,$-7,$0,$0,$0,$0,$0,$0,$-7,$-0,$-24,$-25,$0,$0,$0,$0,$-25,$-2,$0,$0
17,2014-04-30,23.61,$26.12,0.9,$105.06,0.22,$-5.64,0.0,$1.05,22.49,$0.55B,$0.27B,2.09,$0.00B,$0.00B,0.0,$2.41B,$0.57B,23.53%,$2.41B,$0.04B,1.74%,$2.41B,$0.04B,1.74%,$2.41B,$0.05B,2.24%,$2.41B,$0.04B,1.70%,$2.41B,$0.03B,1.04%,$0.03B,$0.59B,4.23%,$0.03B,$0.43B,5.89%,$0.03B,$0.86B,2.97%,$0.04B,$0.60B,7.04%,$590,$446,$144,$0,$135,$584,$6,$-0,$6,$2,$4,$4,$4,$9,$6,$23,23,$0.16,$0.16,$23,$493,$0,$553,$50,$0,$167,$43,$310,$863,$265,$4,$0,$4,$269,$0,$0,$0,$594,$863,$4,$2,$3,$5,$-6,$-11,$-3,$17,$-4,$5,$-4,$0,$0,$0,$0,$0,$0,$-4,$-0,$-1,$-1,$0,$0,$0,$0,$-1,$-0,$0,$0
18,2014-01-31,20.99,$25.94,0.81,$105.05,0.2,$-6.52,0.0,$1.54,13.63,$0.54B,$0.25B,2.13,$0.00B,$0.59B,0.01,$2.42B,$0.58B,23.83%,$2.42B,$0.06B,2.52%,$2.42B,$0.06B,2.52%,$2.42B,$0.07B,2.97%,$2.42B,$0.06B,2.48%,$2.42B,$0.04B,1.49%,$0.04B,$0.59B,6.12%,$0.04B,$0.42B,8.55%,$0.04B,$0.85B,4.32%,$0.06B,$0.60B,10.28%,$602,$462,$140,$0,$127,$595,$8,$-1,$7,$4,$4,$4,$4,$13,$8,$23,23,$0.17,$0.17,$23,$482,$0,$538,$49,$0,$167,$40,$309,$847,$253,$4,$0,$4,$257,$0,$43,$0,$590,$847,$36,$12,$18,$30,$-27,$-54,$-8,$-32,$-120,$-54,$-8,$0,$0,$0,$0,$0,$0,$-8,$-1,$79,$78,$-13,$-13,$0,$0,$66,$3,$1,$0
19,2013-10-31,27.86,$25.77,1.08,$106.17,0.26,$1.11,25.06,$1.80,15.48,$0.54B,$0.25B,2.12,$0.01B,$0.00B,0.0,$2.45B,$0.59B,24.20%,$2.45B,$0.07B,2.86%,$2.45B,$0.07B,2.86%,$2.45B,$0.08B,3.22%,$2.45B,$0.07B,2.86%,$2.45B,$0.04B,1.71%,$0.04B,$0.59B,7.22%,$0.04B,$0.42B,10.12%,$0.04B,$0.85B,5.14%,$0.07B,$0.60B,11.93%,$561,$426,$135,$0,$122,$548,$13,$-0,$13,$5,$8,$8,$8,$15,$13,$23,23,$0.33,$0.33,$21,$489,$0,$535,$50,$0,$167,$32,$313,$848,$252,$5,$0,$5,$258,$0,$0,$0,$590,$848,$32,$7,$15,$21,$-16,$-60,$-0,$-31,$-107,$-54,$-3,$0,$0,$0,$0,$0,$0,$-3,$-1,$68,$67,$-8,$-8,$0,$0,$59,$1,$1,$0
20,2013-07-31,43.57,$25.57,1.7,$105.88,0.41,$7.41,5.88,$1.85,23.55,$0.50B,$0.21B,2.36,$0.01B,$0.00B,0.0,$2.45B,$0.60B,24.37%,$2.45B,$0.07B,2.90%,$2.45B,$0.07B,2.90%,$2.45B,$0.08B,3.27%,$2.45B,$0.07B,2.90%,$2.45B,$0.04B,1.76%,$0.04B,$0.59B,7.49%,$0.04B,$0.42B,10.57%,$0.04B,$0.81B,5.35%,$0.07B,$0.60B,12.28%,$657,$509,$148,$0,$131,$641,$15,$-0,$15,$6,$9,$9,$9,$17,$15,$23,23,$0.40,$0.40,$24,$446,$0,$498,$50,$0,$167,$27,$310,$808,$211,$6,$0,$6,$217,$0,$0,$0,$591,$808,$24,$4,$4,$9,$-8,$-17,$-10,$-6,$-41,$-8,$-2,$0,$0,$0,$0,$0,$0,$-2,$-1,$15,$14,$0,$0,$0,$0,$14,$4,$0,$0
