,Date,Stock Price,Book Value per Share,Price to Book Ratio,TTM Sales per Share,Price to Sales Ratio,TTM FCF per Share,Price to FCF Ratio,TTM Net EPS,PE Ratio,Current Assets,Current Liabilities,Current Ratio,Long Term Debt,Shareholder's Equity_x,Debt to Equity Ratio,TTM Revenue_x,TTM Gross Profit,Gross Margin,TTM Revenue_y,TTM Operating Income,Operating Margin,TTM Revenue_x,TTM EBIT,EBIT Margin,TTM Revenue_y,TTM EBITDA,EBITDA Margin,TTM Revenue_x,TTM Pre-Tax Income,Pre-Tax Margin,TTM Revenue_y,TTM Net Income_x,Net Margin,TTM Net Income_y,Shareholder's Equity_y,Return on Equity,TTM Net Income_x,Tangible Equity,Return on Tangible Equity,TTM Net Income_y,Total Assets,Return on Assets,TTM Net Income,LT Investments & Debt,Return on Investment,revenue,cost-goods-sold,gross-profit,research-development-expenses,selling-general-administrative-expenses,operating-expenses,operating-income,total-non-operating-income-expense,pre-tax-income,total-provision-income-taxes,income-after-taxes,income-from-continuous-operations,net-income,ebitda,ebit,basic-shares-outstanding,shares-outstanding,eps-basic-net-earnings-per-share,eps-earnings-per-share-diluted,cash-on-hand,inventory,other-current-assets,total-current-assets,net-property-plant-equipment,long-term-investments,goodwill-intangible-assets-total,other-long-term-assets,total-long-term-assets,total-assets,total-current-liabilities,long-term-debt,other-non-current-liabilities,total-long-term-liabilities,total-liabilities,common-stock-net,retained-earnings-accumulated-deficit,comprehensive-income,total-share-holder-equity,total-liabilities-share-holders-equity,net-income-loss,total-depreciation-amortization-cash-flow,other-non-cash-items,total-non-cash-items,change-in-accounts-receivable,change-in-inventories,change-in-accounts-payable,change-in-assets-liabilities,total-change-in-assets-liabilities,cash-flow-from-operating-activities,net-change-in-property-plant-equipment,net-change-in-intangible-assets,net-acquisitions-divestitures,net-change-in-short-term-investments,net-change-in-long-term-investments,net-change-in-investments-total,investing-activities-other,cash-flow-from-investing-activities,net-long-term-debt,net-current-debt,debt-issuance-retirement-net-total,net-common-equity-issued-repurchased,net-total-equity-issued-repurchased,total-common-preferred-stock-dividends-paid,financial-activities-other,cash-flow-from-financial-activities,net-cash-flow,stock-based-compensation,common-stock-dividends-paid
0,2018-09-30,14.02,$1.73,8.1,$2.04,6.87,$-1.03,0.0,$-0.59,0.0,$0.01B,$0.00B,5.75,$0.01B,$0.02B,0.58,$0.02B,$0.01B,70.59%,$0.02B,$-0.01B,-47.06%,$0.02B,$-0.01B,-47.06%,$0.02B,$-0.01B,-47.06%,$0.02B,$-0.01B,-58.82%,$0.02B,$-0.01B,-47.06%,$-0.01B,$0.02B,-46.38%,$-0.01B,$0.00B,-128.00%,$-0.01B,$0.03B,-31.07%,$-0.01B,$0.02B,-34.04%,$5,$1,$3,$1,$5,$7,$-2,$-0,$-3,$0,$-3,$-3,$-3,$-2,$-2,$9,9,$-0.32,$-0.32,$11,$0,$1,$13,$1,$0,$11,$1,$12,$25,$2,$9,$0,$9,$11,$0,$-15,$-0,$15,$25,$-7,$1,$2,$3,$-0,$0,$1,$-0,$2,$-2,$-0,$0,$0,$0,$0,$0,$0,$-0,$8,$0,$8,$0,$0,$0,$-0,$8,$6,$1,$0
1,2018-06-30,8.74,$1.91,4.58,$1.87,4.66,$-1.13,0.0,$-0.79,0.0,$0.01B,$0.00B,6.91,$0.01B,$0.02B,0.52,$0.02B,$0.01B,73.33%,$0.02B,$-0.01B,-53.33%,$0.02B,$-0.01B,-53.33%,$0.02B,$-0.01B,-46.67%,$0.02B,$-0.01B,-60.00%,$0.02B,$-0.01B,-46.67%,$-0.01B,$0.02B,-38.36%,$-0.01B,$0.01B,-96.55%,$-0.01B,$0.03B,-28.00%,$-0.01B,$0.03B,-35.56%,$4,$2,$3,$1,$4,$6,$-2,$-1,$-3,$-0,$-2,$-2,$-2,$-2,$-2,$8,8,$-0.29,$-0.29,$13,$0,$1,$14,$1,$0,$11,$1,$12,$27,$2,$8,$0,$8,$11,$0,$-12,$-0,$16,$27,$-5,$0,$1,$1,$-0,$0,$1,$-0,$2,$-1,$-0,$0,$0,$0,$0,$0,$0,$-0,$8,$0,$8,$0,$0,$0,$-0,$8,$7,$0,$0
2,2018-03-31,6.37,$2.14,2.97,$1.74,3.67,$-1.31,0.0,$-0.66,0.0,$0.02B,$0.00B,6.92,$0.01B,$0.02B,0.44,$0.01B,$0.01B,71.43%,$0.01B,$-0.01B,-57.14%,$0.01B,$-0.01B,-57.14%,$0.01B,$-0.01B,-42.86%,$0.01B,$-0.01B,-57.14%,$0.01B,$-0.01B,-42.86%,$-0.01B,$0.02B,-30.77%,$-0.01B,$0.01B,-72.73%,$-0.01B,$0.03B,-25.00%,$-0.01B,$0.03B,-37.21%,$4,$1,$3,$1,$4,$6,$-2,$0,$-2,$0,$-2,$-2,$-2,$-2,$-2,$8,8,$-0.24,$-0.24,$12,$0,$1,$16,$1,$0,$11,$1,$13,$29,$2,$8,$0,$8,$11,$0,$-10,$-1,$18,$29,$-2,$0,$0,$0,$-0,$0,$1,$-0,$1,$-1,$-0,$0,$0,$0,$0,$0,$0,$-0,$8,$0,$8,$0,$0,$0,$-0,$8,$7,$0,$0
3,2017-12-31,4.4,$2.36,1.86,$1.60,2.75,$-1.30,0.0,$-0.60,0.0,$0.01B,$0.00B,5.74,$0.00B,$0.02B,0.0,$0.01B,$0.01B,69.23%,$0.01B,$-0.01B,-61.54%,$0.01B,$-0.01B,-61.54%,$0.01B,$-0.01B,-46.15%,$0.01B,$-0.01B,-61.54%,$0.01B,$-0.01B,-38.46%,$-0.01B,$0.02B,-24.39%,$-0.01B,$0.01B,-55.56%,$-0.01B,$0.02B,-21.98%,$-0.01B,$0.02B,-39.02%,$4,$1,$3,$1,$4,$6,$-2,$0,$-2,$-1,$-1,$-1,$-1,$-2,$-2,$8,8,$-0.09,$-0.09,$5,$0,$1,$9,$1,$0,$11,$1,$13,$22,$2,$0,$0,$0,$2,$0,$-8,$-0,$20,$22,$-5,$1,$1,$2,$1,$0,$-0,$-0,$-1,$-4,$-0,$0,$-0,$0,$0,$0,$1,$1,$0,$0,$0,$0,$0,$0,$0,$0,$-3,$1,$0
4,2017-09-30,3.25,$2.27,1.43,$1.52,2.14,$-1.75,0.0,$-0.80,0.0,$0.01B,$0.00B,4.27,$0.00B,$0.02B,0.0,$0.01B,$0.01B,66.67%,$0.01B,$-0.01B,-75.00%,$0.01B,$-0.01B,-75.00%,$0.01B,$-0.01B,-41.67%,$0.01B,$-0.01B,-75.00%,$0.01B,$-0.01B,-50.00%,$-0.01B,$0.02B,-28.24%,$-0.01B,$0.01B,-63.16%,$-0.01B,$0.02B,-25.53%,$-0.01B,$0.02B,-42.35%,$3,$1,$2,$1,$3,$5,$-2,$-0,$-2,$-0,$-2,$-2,$-2,$-1,$-2,$8,8,$-0.19,$-0.19,$6,$0,$0,$9,$1,$0,$11,$0,$12,$22,$2,$0,$0,$0,$2,$0,$-9,$-0,$19,$22,$-4,$1,$1,$1,$1,$0,$0,$-0,$-0,$-3,$-0,$0,$-0,$0,$0,$0,$1,$1,$0,$0,$0,$0,$0,$0,$0,$0,$-2,$1,$0
5,2017-06-30,4.53,$2.45,1.85,$1.47,3.08,$-1.92,0.0,$-0.75,0.0,$0.01B,$0.00B,5.36,$0.00B,$0.02B,0.0,$0.01B,$0.01B,66.67%,$0.01B,$-0.01B,-75.00%,$0.01B,$-0.01B,-75.00%,$0.01B,$-0.01B,-41.67%,$0.01B,$-0.01B,-75.00%,$0.01B,$-0.01B,-41.67%,$-0.01B,$0.02B,-21.98%,$-0.01B,$0.01B,-48.78%,$-0.01B,$0.02B,-19.80%,$-0.01B,$0.02B,-39.56%,$3,$1,$2,$1,$3,$5,$-2,$0,$-2,$-0,$-1,$-1,$-1,$-1,$-2,$8,8,$-0.15,$-0.15,$7,$0,$0,$10,$1,$0,$11,$0,$12,$23,$2,$0,$0,$0,$2,$0,$-7,$-0,$21,$23,$-3,$0,$0,$1,$1,$0,$0,$-0,$-0,$-2,$-0,$0,$-0,$0,$0,$0,$1,$1,$0,$0,$0,$0,$0,$0,$0,$0,$-1,$0,$0
6,2017-03-31,4.61,$2.58,1.78,$1.46,3.15,$-1.74,0.0,$0.60,7.68,$0.01B,$0.00B,4.99,$0.00B,$0.02B,0.0,$0.01B,$0.01B,66.67%,$0.01B,$-0.01B,-66.67%,$0.01B,$-0.01B,-66.67%,$0.01B,$-0.01B,-41.67%,$0.01B,$-0.01B,-66.67%,$0.01B,$0.01B,41.67%,$0.01B,$0.02B,20.83%,$0.01B,$0.01B,45.45%,$0.01B,$0.02B,18.02%,$-0.01B,$0.02B,-33.33%,$3,$1,$2,$1,$3,$5,$-2,$0,$-2,$-0,$-1,$-1,$-1,$-2,$-2,$8,8,$-0.16,$-0.16,$8,$0,$1,$12,$1,$0,$12,$0,$13,$24,$2,$0,$0,$0,$3,$0,$-6,$-0,$22,$24,$-1,$0,$0,$0,$0,$0,$0,$-0,$0,$-1,$-0,$0,$-0,$0,$0,$0,$0,$-0,$0,$0,$0,$0,$0,$0,$0,$0,$-1,$0,$0
7,2016-12-31,5.27,$2.74,1.92,$1.49,3.55,$-1.65,0.0,$0.68,7.75,$0.01B,$0.00B,5.72,$0.00B,$0.02B,0.0,$0.01B,$0.01B,66.67%,$0.01B,$-0.01B,-66.67%,$0.01B,$-0.01B,-66.67%,$0.01B,$-0.00B,-33.33%,$0.01B,$-0.01B,-58.33%,$0.01B,$0.01B,41.67%,$0.01B,$0.02B,22.99%,$0.01B,$0.01B,60.61%,$0.01B,$0.03B,18.69%,$-0.01B,$0.02B,-36.78%,$3,$1,$2,$1,$3,$6,$-3,$-0,$-3,$-1,$-3,$-3,$-2,$-1,$-3,$8,8,$-0.31,$-0.31,$9,$0,$1,$13,$1,$0,$12,$0,$13,$25,$2,$0,$0,$0,$2,$0,$-4,$-0,$23,$25,$5,$3,$-8,$-5,$-1,$0,$-0,$-0,$-7,$-7,$-0,$0,$-1,$0,$0,$0,$14,$13,$0,$0,$0,$0,$0,$0,$-1,$-1,$4,$1,$0
8,2016-09-30,5.15,$3.00,1.72,$1.32,3.9,$-1.00,0.0,$0.40,12.87,$0.02B,$0.00B,3.43,$0.00B,$0.03B,0.0,$0.01B,$0.01B,70.00%,$0.01B,$-0.01B,-80.00%,$0.01B,$-0.01B,-80.00%,$0.01B,$-0.01B,-50.00%,$0.01B,$-0.01B,-70.00%,$0.01B,$0.00B,30.00%,$0.00B,$0.03B,15.58%,$0.00B,$0.01B,57.14%,$0.00B,$0.03B,11.65%,$-0.01B,$0.03B,-41.56%,$3,$1,$2,$1,$3,$5,$-2,$0,$-2,$-1,$-1,$-1,$-1,$-1,$-2,$8,8,$-0.15,$-0.15,$12,$0,$2,$15,$1,$0,$14,$0,$14,$29,$4,$0,$0,$0,$4,$0,$-2,$-0,$25,$29,$7,$1,$-9,$-8,$-0,$0,$0,$-0,$-4,$-4,$-0,$0,$-1,$0,$0,$0,$14,$13,$0,$0,$0,$0,$0,$0,$-1,$-1,$7,$1,$0
