,Date,Stock Price,Book Value per Share,Price to Book Ratio,TTM Sales per Share,Price to Sales Ratio,TTM FCF per Share,Price to FCF Ratio,TTM Net EPS,PE Ratio,Current Assets,Current Liabilities,Current Ratio,Long Term Debt,Shareholder's Equity_x,Debt to Equity Ratio,TTM Revenue_x,TTM Gross Profit,Gross Margin,TTM Revenue_y,TTM Operating Income,Operating Margin,TTM Revenue_x,TTM EBIT,EBIT Margin,TTM Revenue_y,TTM EBITDA,EBITDA Margin,TTM Revenue_x,TTM Pre-Tax Income,Pre-Tax Margin,TTM Revenue_y,TTM Net Income_x,Net Margin,TTM Net Income_y,Shareholder's Equity_y,Return on Equity,TTM Net Income_x,Tangible Equity,Return on Tangible Equity,TTM Net Income_y,Total Assets,Return on Assets,TTM Net Income,LT Investments & Debt,Return on Investment,revenue,cost-goods-sold,gross-profit,research-development-expenses,selling-general-administrative-expenses,operating-expenses,operating-income,total-non-operating-income-expense,pre-tax-income,total-provision-income-taxes,income-after-taxes,income-from-continuous-operations,net-income,ebitda,ebit,basic-shares-outstanding,shares-outstanding,eps-basic-net-earnings-per-share,eps-earnings-per-share-diluted,cash-on-hand,inventory,other-current-assets,total-current-assets,net-property-plant-equipment,long-term-investments,goodwill-intangible-assets-total,other-long-term-assets,total-long-term-assets,total-assets,total-current-liabilities,long-term-debt,other-non-current-liabilities,total-long-term-liabilities,total-liabilities,common-stock-net,retained-earnings-accumulated-deficit,comprehensive-income,total-share-holder-equity,total-liabilities-share-holders-equity,net-income-loss,total-depreciation-amortization-cash-flow,other-non-cash-items,total-non-cash-items,change-in-accounts-receivable,change-in-inventories,change-in-accounts-payable,change-in-assets-liabilities,total-change-in-assets-liabilities,cash-flow-from-operating-activities,net-change-in-property-plant-equipment,net-change-in-intangible-assets,net-acquisitions-divestitures,net-change-in-short-term-investments,net-change-in-long-term-investments,net-change-in-investments-total,investing-activities-other,cash-flow-from-investing-activities,net-long-term-debt,net-current-debt,debt-issuance-retirement-net-total,net-common-equity-issued-repurchased,net-total-equity-issued-repurchased,total-common-preferred-stock-dividends-paid,financial-activities-other,cash-flow-from-financial-activities,net-cash-flow,stock-based-compensation,common-stock-dividends-paid
0,2018-09-30,63.5,$29.52,2.15,$43.27,1.47,$11.99,5.3,$2.75,23.09,$1.44B,$5.50B,0.26,$0.44B,$1.74B,0.25,$2.58B,$1.11B,42.88%,$2.58B,$0.25B,9.78%,$2.58B,$0.25B,9.78%,$2.58B,$0.30B,11.64%,$2.58B,$0.23B,8.85%,$2.58B,$0.16B,6.33%,$0.16B,$1.74B,9.57%,$0.16B,$1.73B,9.62%,$0.16B,$7.99B,2.10%,$0.25B,$2.18B,11.77%,$664,$379,$285,$0,$125,$591,$73,$-6,$67,$12,$55,$55,$55,$86,$73,$60,60,$0.94,$0.93,$13,$0,$0,$1444,$64,$5902,$8,$259,$6543,$7987,$5504,$439,$292,$744,$6248,$206,$1825,$-93,$1739,$7987,$133,$35,$28,$63,$-80,$0,$229,$-71,$96,$292,$-11,$0,$0,$-135,$-117,$-252,$-24,$-287,$-5,$0,$-5,$-1,$-1,$-31,$0,$-37,$-32,$12,$-31
1,2018-06-30,54.84,$28.86,1.9,$42.61,1.29,$11.97,4.58,$2.61,21.01,$1.38B,$5.33B,0.26,$0.44B,$1.70B,0.26,$2.53B,$1.10B,43.29%,$2.53B,$0.25B,9.94%,$2.53B,$0.25B,9.94%,$2.53B,$0.30B,11.84%,$2.53B,$0.23B,9.00%,$2.53B,$0.16B,6.12%,$0.16B,$1.70B,9.16%,$0.16B,$1.69B,9.20%,$0.16B,$7.71B,2.01%,$0.25B,$2.14B,11.82%,$652,$366,$286,$0,$123,$573,$79,$-6,$73,$14,$59,$59,$59,$89,$79,$60,60,$1.00,$0.99,$16,$0,$0,$1383,$63,$5707,$8,$246,$6323,$7706,$5327,$439,$237,$681,$6008,$205,$1780,$-85,$1698,$7706,$78,$22,$22,$43,$-74,$0,$120,$-84,$-29,$92,$-7,$0,$0,$5,$-85,$-80,$-10,$-96,$-1,$0,$-1,$-2,$-2,$-20,$0,$-24,$-28,$10,$-20
2,2018-03-31,60.33,$28.25,2.14,$42.05,1.43,$12.03,5.01,$2.32,26.0,$1.34B,$5.32B,0.25,$0.44B,$1.66B,0.27,$2.50B,$1.08B,43.43%,$2.50B,$0.24B,9.54%,$2.50B,$0.24B,9.54%,$2.50B,$0.29B,11.58%,$2.50B,$0.21B,8.57%,$2.50B,$0.14B,5.49%,$0.14B,$1.66B,8.15%,$0.14B,$1.65B,8.19%,$0.14B,$7.66B,1.79%,$0.24B,$2.10B,11.23%,$627,$385,$242,$0,$121,$601,$26,$-6,$20,$1,$19,$19,$19,$37,$26,$60,60,$0.32,$0.32,$17,$0,$0,$1344,$62,$5721,$8,$238,$6316,$7660,$5318,$439,$243,$682,$6000,$205,$1732,$-68,$1660,$7660,$19,$11,$17,$28,$-19,$0,$45,$-84,$-55,$-8,$-2,$0,$0,$-14,$-36,$-50,$-7,$-59,$54,$0,$54,$-5,$-5,$-10,$0,$39,$-28,$6,$-10
3,2017-12-31,58.16,$29.28,1.99,$41.68,1.4,$12.53,4.64,$2.85,20.41,$1.39B,$5.25B,0.26,$0.44B,$1.71B,0.26,$2.47B,$1.13B,45.57%,$2.47B,$0.29B,11.58%,$2.47B,$0.29B,11.58%,$2.47B,$0.34B,13.73%,$2.47B,$0.26B,10.61%,$2.47B,$0.17B,6.80%,$0.17B,$1.71B,10.09%,$0.17B,$1.71B,10.14%,$0.17B,$7.69B,2.21%,$0.29B,$2.15B,13.60%,$634,$341,$292,$0,$0,$560,$74,$-6,$68,$38,$30,$30,$30,$88,$74,$58,59,$0.51,$0.50,$45,$0,$0,$1387,$64,$5726,$8,$235,$6300,$7686,$5253,$439,$282,$721,$5973,$205,$1699,$20,$1713,$7686,$169,$52,$31,$83,$-65,$0,$179,$5,$119,$371,$-14,$0,$0,$58,$-342,$-285,$-32,$-331,$-4,$0,$-4,$2,$2,$-37,$0,$-40,$0,$12,$-37
4,2017-09-30,53.19,$29.10,1.83,$40.91,1.3,$11.35,4.69,$3.01,17.67,$1.43B,$5.34B,0.27,$0.44B,$1.70B,0.26,$2.42B,$1.21B,50.06%,$2.42B,$0.27B,11.09%,$2.42B,$0.27B,11.09%,$2.42B,$0.32B,13.36%,$2.42B,$0.24B,10.10%,$2.42B,$0.18B,7.32%,$0.18B,$1.70B,10.93%,$0.18B,$1.69B,10.98%,$0.18B,$7.81B,2.35%,$0.27B,$2.14B,13.03%,$621,$345,$277,$0,$118,$548,$73,$-6,$67,$21,$47,$47,$47,$86,$73,$59,59,$0.80,$0.79,$1,$0,$0,$1432,$66,$5752,$8,$260,$6380,$7812,$5343,$439,$324,$770,$6113,$204,$1679,$31,$1699,$7812,$139,$38,$-0,$38,$-88,$0,$199,$-13,$114,$290,$-12,$0,$0,$7,$-255,$-248,$-18,$-278,$-3,$0,$-3,$-1,$-1,$-27,$0,$-31,$-19,$10,$-27
5,2017-06-30,49.28,$28.32,1.74,$40.35,1.22,$9.45,5.22,$2.88,17.11,$1.38B,$5.19B,0.27,$0.44B,$1.65B,0.27,$2.38B,$1.01B,42.26%,$2.38B,$0.26B,10.77%,$2.38B,$0.26B,10.77%,$2.38B,$0.31B,13.20%,$2.38B,$0.23B,9.76%,$2.38B,$0.17B,7.11%,$0.17B,$1.65B,10.64%,$0.17B,$1.65B,10.69%,$0.17B,$7.53B,2.28%,$0.26B,$2.09B,12.73%,$614,$342,$273,$0,$117,$549,$65,$-6,$59,$18,$41,$41,$41,$78,$65,$59,59,$0.71,$0.70,$9,$0,$0,$1375,$66,$5543,$8,$241,$6153,$7528,$5186,$439,$248,$689,$5876,$204,$1642,$24,$1653,$7528,$92,$25,$6,$31,$-83,$0,$113,$-65,$-27,$95,$-7,$0,$0,$90,$-164,$-74,$-13,$-94,$-2,$0,$-2,$-2,$-2,$-18,$0,$-22,$-21,$8,$-18
6,2017-03-31,46.28,$27.34,1.69,$39.68,1.17,$8.82,5.25,$2.92,15.85,$1.29B,$5.08B,0.25,$0.44B,$1.59B,0.28,$2.33B,$0.81B,34.80%,$2.33B,$0.26B,11.10%,$2.33B,$0.26B,11.10%,$2.33B,$0.32B,13.67%,$2.33B,$0.24B,10.07%,$2.33B,$0.17B,7.37%,$0.17B,$1.59B,11.00%,$0.17B,$1.59B,11.06%,$0.17B,$7.40B,2.35%,$0.26B,$2.03B,13.22%,$600,$317,$283,$0,$115,$527,$74,$-6,$68,$17,$50,$50,$50,$87,$74,$59,59,$0.87,$0.85,$0,$0,$0,$1289,$69,$5501,$8,$238,$6116,$7404,$5076,$439,$286,$736,$5812,$204,$1610,$2,$1593,$7404,$50,$13,$7,$20,$-26,$0,$30,$-67,$-46,$25,$-5,$0,$0,$-17,$-6,$-23,$-5,$-33,$-1,$0,$-1,$-4,$-4,$-9,$0,$-14,$-22,$5,$-9
7,2016-12-31,42.1,$26.42,1.59,$38.95,1.08,$8.67,4.86,$2.70,15.59,$1.30B,$5.09B,0.26,$0.44B,$1.53B,0.29,$2.28B,$0.60B,26.27%,$2.28B,$0.24B,10.60%,$2.28B,$0.24B,10.60%,$2.28B,$0.30B,13.31%,$2.28B,$0.22B,9.59%,$2.28B,$0.16B,6.96%,$0.16B,$1.53B,10.37%,$0.16B,$1.52B,10.42%,$0.16B,$7.36B,2.20%,$0.24B,$1.97B,12.72%,$582,$205,$377,$0,$0,$526,$56,$-6,$50,$11,$39,$39,$39,$72,$56,$58,59,$0.69,$0.67,$0,$0,$0,$1304,$70,$5405,$8,$262,$6052,$7356,$5087,$439,$298,$737,$5824,$203,$1569,$-16,$1531,$7356,$158,$62,$24,$86,$-66,$0,$154,$-30,$57,$302,$-18,$0,$0,$-29,$-231,$-261,$-39,$-318,$45,$0,$45,$3,$3,$-34,$2,$16,$-0,$10,$-34
8,2016-09-30,38.82,$27.22,1.43,$38.42,1.01,$10.12,3.83,$2.81,13.81,$1.35B,$5.14B,0.26,$0.38B,$1.58B,0.24,$2.25B,$0.59B,26.33%,$2.25B,$0.26B,11.34%,$2.25B,$0.26B,11.34%,$2.25B,$0.32B,14.10%,$2.25B,$0.23B,10.36%,$2.25B,$0.17B,7.34%,$0.17B,$1.58B,11.00%,$0.17B,$1.57B,11.06%,$0.17B,$7.36B,2.32%,$0.26B,$1.95B,13.85%,$582,$510,$72,$0,$0,$521,$61,$-6,$55,$17,$39,$39,$39,$77,$61,$59,59,$0.66,$0.66,$1,$0,$0,$1353,$70,$5408,$8,$247,$6010,$7363,$5141,$379,$262,$647,$5788,$203,$1539,$62,$1575,$7363,$119,$46,$6,$52,$-96,$0,$151,$-60,$7,$177,$-13,$0,$0,$25,$-180,$-155,$-16,$-185,$31,$0,$31,$-0,$-0,$-25,$2,$8,$1,$9,$-25
9,2016-06-30,37.07,$26.86,1.38,$37.83,0.98,$11.59,3.2,$2.96,12.52,$1.30B,$5.03B,0.26,$0.33B,$1.55B,0.21,$2.21B,$0.60B,27.20%,$2.21B,$0.27B,12.01%,$2.21B,$0.27B,12.01%,$2.21B,$0.33B,14.78%,$2.21B,$0.24B,11.06%,$2.21B,$0.17B,7.84%,$0.17B,$1.55B,11.96%,$0.17B,$1.55B,12.03%,$0.17B,$7.19B,2.47%,$0.27B,$1.88B,14.80%,$569,$489,$80,$0,$0,$501,$68,$-6,$62,$19,$44,$44,$44,$83,$68,$59,59,$0.75,$0.74,$2,$0,$0,$1301,$69,$5306,$8,$230,$5889,$7190,$5032,$328,$267,$605,$5637,$203,$1509,$72,$1553,$7190,$81,$30,$10,$40,$-91,$0,$81,$-54,$-61,$59,$-8,$0,$0,$-11,$-18,$-28,$-4,$-41,$-3,$0,$-3,$-0,$-0,$-17,$2,$-18,$1,$7,$-17
10,2016-03-31,35.37,$25.61,1.38,$37.16,0.95,$13.46,2.63,$2.80,12.63,$1.23B,$4.99B,0.25,$0.33B,$1.48B,0.22,$2.16B,$0.58B,26.91%,$2.16B,$0.25B,11.53%,$2.16B,$0.25B,11.53%,$2.16B,$0.31B,14.36%,$2.16B,$0.23B,10.61%,$2.16B,$0.16B,7.55%,$0.16B,$1.48B,11.76%,$0.16B,$1.47B,11.83%,$0.16B,$7.02B,2.36%,$0.25B,$1.80B,14.25%,$551,$480,$71,$0,$0,$494,$57,$-6,$52,$15,$37,$37,$37,$72,$57,$59,59,$0.64,$0.63,$1,$0,$0,$1232,$65,$5202,$8,$227,$5790,$7022,$4985,$328,$221,$561,$5547,$203,$1474,$36,$1476,$7022,$37,$15,$8,$23,$-39,$0,$59,$-71,$-46,$14,$-3,$0,$0,$92,$-87,$5,$-5,$-4,$-1,$0,$-1,$-2,$-2,$-8,$1,$-10,$-0,$4,$-8
11,2015-12-31,32.29,$24.37,1.32,$36.81,0.88,$14.26,2.27,$2.86,11.29,$1.18B,$4.92B,0.24,$0.33B,$1.40B,0.24,$2.13B,$0.58B,27.39%,$2.13B,$0.25B,11.91%,$2.13B,$0.25B,11.91%,$2.13B,$0.31B,14.73%,$2.13B,$0.23B,10.93%,$2.13B,$0.17B,7.79%,$0.17B,$1.40B,12.34%,$0.17B,$1.39B,12.41%,$0.17B,$6.90B,2.43%,$0.25B,$1.73B,14.74%,$546,$177,$369,$0,$0,$476,$69,$-6,$64,$18,$45,$45,$45,$85,$69,$57,58,$0.79,$0.77,$1,$0,$0,$1178,$66,$5128,$8,$219,$5726,$6904,$4915,$328,$256,$592,$5506,$202,$1446,$-9,$1398,$6904,$166,$60,$23,$82,$-56,$0,$151,$38,$133,$382,$-16,$0,$0,$-63,$-333,$-396,$20,$-392,$10,$0,$10,$6,$6,$-31,$2,$-13,$-23,$9,$-31
12,2015-09-30,29.74,$23.77,1.25,$36.21,0.82,$11.76,2.53,$2.80,10.62,$1.23B,$4.90B,0.25,$0.39B,$1.36B,0.29,$2.09B,$0.29B,13.78%,$2.09B,$0.25B,11.91%,$2.09B,$0.25B,11.91%,$2.09B,$0.31B,14.69%,$2.09B,$0.23B,10.81%,$2.09B,$0.16B,7.75%,$0.16B,$1.36B,12.32%,$0.16B,$1.35B,12.39%,$0.16B,$6.90B,2.40%,$0.25B,$1.75B,14.61%,$540,$460,$80,$0,$0,$469,$71,$-6,$66,$19,$47,$47,$47,$86,$71,$58,58,$0.82,$0.81,$15,$0,$0,$1230,$66,$5052,$8,$236,$5668,$6898,$4895,$394,$238,$644,$5539,$201,$1410,$-6,$1359,$6898,$120,$44,$-7,$37,$-95,$0,$182,$-13,$102,$259,$-12,$0,$0,$6,$-270,$-264,$15,$-260,$11,$0,$11,$2,$2,$-23,$1,$-8,$-9,$8,$-23
13,2015-06-30,26.74,$22.95,1.17,$35.86,0.75,$10.10,2.65,$2.92,9.16,$1.22B,$4.85B,0.25,$0.39B,$1.31B,0.3,$2.07B,$0.29B,14.24%,$2.07B,$0.26B,12.54%,$2.07B,$0.26B,12.54%,$2.07B,$0.31B,15.21%,$2.07B,$0.24B,11.38%,$2.07B,$0.17B,8.14%,$0.17B,$1.31B,13.00%,$0.17B,$1.30B,13.08%,$0.17B,$6.78B,2.52%,$0.26B,$1.71B,15.41%,$522,$461,$61,$0,$0,$470,$52,$-6,$47,$13,$34,$34,$34,$67,$52,$58,58,$0.59,$0.58,$0,$0,$0,$1220,$62,$4962,$8,$223,$5564,$6784,$4854,$394,$213,$620,$5474,$201,$1371,$-12,$1310,$6784,$73,$29,$-7,$22,$-89,$0,$133,$7,$70,$166,$-8,$0,$0,$-36,$-160,$-196,$15,$-189,$13,$0,$13,$0,$0,$-15,$2,$-1,$-24,$6,$-15
14,2015-03-31,27.55,$23.11,1.19,$35.69,0.77,$8.52,3.24,$2.85,9.67,$1.19B,$4.79B,0.25,$0.39B,$1.32B,0.3,$2.05B,$0.29B,14.00%,$2.05B,$0.25B,12.29%,$2.05B,$0.25B,12.29%,$2.05B,$0.30B,14.63%,$2.05B,$0.23B,11.12%,$2.05B,$0.16B,7.95%,$0.16B,$1.32B,12.79%,$0.16B,$1.31B,12.87%,$0.16B,$6.70B,2.47%,$0.25B,$1.71B,15.16%,$524,$450,$74,$0,$0,$462,$62,$-6,$56,$17,$40,$40,$40,$76,$62,$58,58,$0.70,$0.69,$15,$0,$0,$1187,$62,$4940,$8,$221,$5514,$6701,$4791,$394,$189,$594,$5385,$201,$1345,$24,$1316,$6701,$40,$14,$-12,$2,$-38,$0,$71,$-26,$18,$61,$-4,$0,$0,$8,$-84,$-76,$4,$-76,$14,$0,$14,$-1,$-1,$-8,$1,$6,$-9,$4,$-8
15,2014-12-31,25.64,$22.54,1.14,$35.51,0.72,$8.06,3.18,$2.47,10.38,$1.16B,$4.73B,0.25,$0.37B,$1.28B,0.29,$2.04B,$0.25B,12.38%,$2.04B,$0.22B,10.86%,$2.04B,$0.22B,10.86%,$2.04B,$0.27B,13.02%,$2.04B,$0.20B,9.68%,$2.04B,$0.14B,6.93%,$0.14B,$1.28B,11.35%,$0.14B,$1.27B,11.43%,$0.14B,$6.58B,2.17%,$0.22B,$1.65B,13.57%,$504,$430,$73,$0,$0,$440,$64,$-7,$57,$16,$41,$41,$41,$78,$64,$56,57,$0.74,$0.72,$24,$0,$0,$1164,$59,$4846,$8,$214,$5411,$6575,$4732,$373,$191,$567,$5299,$200,$1313,$20,$1276,$6575,$142,$45,$-26,$19,$-34,$0,$121,$-47,$72,$233,$-16,$8,$0,$42,$-214,$-172,$10,$-169,$-16,$0,$-16,$4,$4,$-28,$1,$-40,$24,$9,$-28
16,2014-09-30,20.78,$22.45,0.93,$35.32,0.59,$9.94,2.09,$2.19,9.49,$1.15B,$4.69B,0.25,$0.39B,$1.27B,0.31,$2.02B,$0.23B,11.24%,$2.02B,$0.20B,9.96%,$2.02B,$0.20B,9.96%,$2.02B,$0.24B,11.94%,$2.02B,$0.17B,8.62%,$2.02B,$0.13B,6.19%,$0.13B,$1.27B,10.32%,$0.13B,$1.26B,10.39%,$0.13B,$6.58B,1.94%,$0.20B,$1.66B,12.54%,$515,$429,$86,$0,$0,$434,$81,$-6,$75,$22,$53,$53,$53,$93,$81,$57,57,$0.94,$0.93,$3,$0,$0,$1154,$56,$4841,$8,$237,$5423,$6577,$4687,$392,$215,$623,$5310,$200,$1280,$49,$1267,$6577,$100,$31,$-28,$3,$-67,$0,$129,$-42,$54,$158,$-9,$8,$0,$-7,$-131,$-139,$5,$-135,$-2,$0,$-2,$1,$1,$-21,$1,$-21,$2,$7,$-21
17,2014-06-30,23.08,$21.96,1.05,$34.90,0.66,$11.35,2.03,$1.83,12.61,$1.15B,$4.64B,0.25,$0.39B,$1.24B,0.32,$1.99B,$0.20B,9.99%,$1.99B,$0.17B,8.54%,$1.99B,$0.17B,8.54%,$1.99B,$0.21B,10.45%,$1.99B,$0.14B,7.18%,$1.99B,$0.11B,5.27%,$0.11B,$1.24B,8.93%,$0.11B,$1.23B,8.99%,$0.11B,$6.49B,1.65%,$0.17B,$1.63B,10.84%,$507,$453,$54,$0,$0,$462,$45,$-5,$40,$10,$29,$29,$29,$53,$45,$57,57,$0.52,$0.51,$2,$0,$0,$1150,$54,$4777,$8,$223,$5341,$6491,$4637,$392,$213,$615,$5253,$199,$1234,$68,$1238,$6491,$47,$19,$-14,$5,$-65,$0,$86,$-14,$20,$73,$-7,$8,$0,$8,$-69,$-61,$2,$-58,$-1,$0,$-1,$0,$0,$-14,$1,$-14,$1,$6,$-14
18,2014-03-31,21.65,$21.09,1.03,$34.33,0.63,$11.80,1.83,$1.80,12.03,$1.13B,$4.60B,0.25,$0.39B,$1.19B,0.33,$1.95B,$0.19B,9.78%,$1.95B,$0.17B,8.55%,$1.95B,$0.17B,8.55%,$1.95B,$0.21B,10.60%,$1.95B,$0.14B,7.12%,$1.95B,$0.10B,5.27%,$0.10B,$1.19B,9.03%,$0.10B,$1.18B,9.09%,$0.10B,$6.37B,1.65%,$0.17B,$1.58B,10.89%,$509,$470,$39,$0,$0,$478,$31,$-6,$25,$7,$18,$18,$18,$41,$31,$57,57,$0.32,$0.31,$0,$0,$0,$1129,$54,$4677,$8,$212,$5241,$6370,$4600,$392,$189,$585,$5185,$199,$1213,$42,$1186,$6370,$18,$11,$-11,$-0,$-29,$0,$31,$12,$18,$36,$-6,$8,$0,$37,$-68,$-31,$1,$-28,$-0,$0,$-0,$-1,$-1,$-7,$1,$-8,$0,$4,$-7
19,2013-12-31,24.98,$20.63,1.21,$33.58,0.74,$11.71,2.13,$1.87,13.36,$1.08B,$4.52B,0.24,$0.39B,$1.15B,0.34,$1.90B,$0.20B,10.66%,$1.90B,$0.17B,8.98%,$1.90B,$0.17B,8.98%,$1.90B,$0.21B,11.24%,$1.90B,$0.14B,7.51%,$1.90B,$0.11B,5.57%,$0.11B,$1.15B,9.40%,$0.11B,$1.15B,9.46%,$0.11B,$6.27B,1.70%,$0.17B,$1.55B,11.24%,$488,$440,$48,$0,$0,$444,$44,$-9,$34,$9,$25,$25,$25,$54,$44,$56,57,$0.45,$0.44,$0,$0,$0,$1076,$51,$4621,$8,$219,$5194,$6270,$4520,$392,$203,$596,$5116,$198,$1202,$25,$1154,$6270,$106,$43,$-11,$33,$-40,$0,$257,$-34,$197,$336,$-14,$0,$1,$40,$-421,$-381,$3,$-391,$77,$0,$77,$3,$3,$-27,$2,$55,$-0,$9,$-27
20,2013-09-30,22.51,$20.16,1.12,$33.01,0.68,$9.86,2.28,$1.45,15.52,$1.13B,$4.55B,0.25,$0.39B,$1.12B,0.35,$1.87B,$0.16B,8.63%,$1.87B,$0.13B,6.81%,$1.87B,$0.13B,6.81%,$1.87B,$0.17B,9.06%,$1.87B,$0.10B,5.58%,$1.87B,$0.08B,4.40%,$0.08B,$1.12B,7.37%,$0.08B,$1.12B,7.42%,$0.08B,$6.27B,1.29%,$0.13B,$1.52B,8.56%,$487,$429,$58,$0,$0,$437,$50,$-6,$44,$12,$33,$33,$33,$60,$50,$57,57,$0.59,$0.57,$0,$0,$0,$1125,$50,$4552,$8,$223,$5141,$6266,$4545,$392,$205,$598,$5142,$198,$1184,$17,$1124,$6266,$81,$33,$-13,$20,$-85,$0,$248,$-35,$137,$238,$-10,$0,$1,$42,$-333,$-291,$3,$-298,$-101,$178,$78,$1,$1,$-21,$1,$60,$-0,$7,$-21
21,2013-06-30,21.03,$19.72,1.07,$32.28,0.65,$8.70,2.42,$1.21,17.38,$1.12B,$4.42B,0.25,$0.39B,$1.10B,0.36,$1.82B,$0.14B,7.49%,$1.82B,$0.10B,5.62%,$1.82B,$0.10B,5.62%,$1.82B,$0.14B,7.93%,$1.82B,$0.08B,4.41%,$1.82B,$0.07B,3.69%,$0.07B,$1.10B,6.02%,$0.07B,$1.09B,6.06%,$0.07B,$6.11B,1.07%,$0.10B,$1.49B,6.97%,$469,$423,$46,$0,$0,$427,$42,$-6,$36,$9,$27,$27,$27,$52,$42,$57,57,$0.49,$0.48,$0,$0,$0,$1121,$49,$4403,$8,$230,$4991,$6113,$4420,$392,$201,$593,$5014,$198,$1159,$19,$1099,$6113,$48,$23,$-1,$22,$-84,$0,$122,$-14,$27,$98,$-7,$0,$1,$28,$-189,$-161,$2,$-165,$78,$0,$78,$0,$0,$-14,$1,$67,$-0,$6,$-14
22,2013-03-31,21.82,$20.46,1.07,$31.70,0.69,$7.91,2.76,$0.74,29.48,$1.31B,$4.58B,0.29,$0.39B,$1.14B,0.35,$1.78B,$0.10B,5.63%,$1.78B,$0.06B,3.61%,$1.78B,$0.06B,3.61%,$1.78B,$0.11B,5.97%,$1.78B,$0.04B,2.42%,$1.78B,$0.04B,2.25%,$0.04B,$1.14B,3.61%,$0.04B,$1.13B,3.63%,$0.04B,$6.34B,0.65%,$0.06B,$1.53B,4.45%,$460,$409,$51,$0,$0,$425,$35,$-6,$29,$7,$22,$22,$21,$48,$35,$56,56,$0.38,$0.38,$0,$0,$0,$1309,$48,$4457,$8,$258,$5035,$6344,$4584,$392,$228,$624,$5208,$197,$1139,$82,$1136,$6344,$21,$13,$2,$15,$-36,$0,$52,$-29,$-8,$28,$-4,$0,$0,$51,$-148,$-97,$1,$-99,$79,$0,$79,$-2,$-2,$-7,$1,$71,$0,$4,$-7
23,2012-12-31,17.41,$19.77,0.88,$31.09,0.56,$8.08,2.16,$0.69,25.23,$1.91B,$5.20B,0.37,$0.31B,$1.09B,0.28,$1.73B,$0.09B,5.02%,$1.73B,$0.06B,3.29%,$1.73B,$0.06B,3.29%,$1.73B,$0.10B,5.54%,$1.73B,$0.04B,2.13%,$1.73B,$0.04B,2.13%,$0.04B,$1.09B,3.38%,$0.04B,$1.08B,3.40%,$0.04B,$6.79B,0.62%,$0.06B,$1.40B,4.06%,$449,$443,$6,$0,$0,$449,$-0,$-5,$-5,$-6,$1,$1,$1,$9,$-0,$55,56,$0.02,$0.01,$0,$0,$0,$1906,$47,$4366,$8,$193,$4889,$6794,$5196,$307,$200,$508,$5704,$196,$1125,$54,$1091,$6794,$38,$39,$-0,$38,$-18,$0,$163,$13,$150,$227,$-13,$0,$1,$3,$-205,$-203,$12,$-203,$0,$0,$0,$1,$1,$-27,$1,$-25,$-1,$7,$-27
24,2012-09-30,17.04,$20.44,0.83,$30.32,0.56,$6.27,2.72,$0.96,17.75,$1.00B,$4.25B,0.24,$0.31B,$1.12B,0.27,$1.69B,$0.12B,6.88%,$1.69B,$0.08B,4.99%,$1.69B,$0.08B,4.99%,$1.69B,$0.12B,7.36%,$1.69B,$0.07B,3.86%,$1.69B,$0.05B,3.20%,$0.05B,$1.12B,4.97%,$0.05B,$1.12B,5.00%,$0.05B,$5.88B,0.94%,$0.08B,$1.43B,6.02%,$437,$404,$33,$0,$0,$412,$25,$-5,$20,$2,$18,$18,$18,$35,$25,$56,56,$0.33,$0.33,$0,$0,$0,$1003,$46,$4369,$8,$201,$4877,$5880,$4245,$307,$203,$511,$4756,$196,$1131,$85,$1124,$5880,$37,$29,$4,$33,$-54,$0,$163,$-11,$98,$168,$-9,$0,$1,$32,$-177,$-145,$5,$-148,$0,$0,$0,$-1,$-1,$-20,$1,$-20,$-0,$6,$-20
25,2012-06-30,15.49,$19.75,0.78,$29.77,0.52,$5.60,2.77,$0.26,59.6,$0.97B,$4.13B,0.23,$0.31B,$1.09B,0.28,$1.64B,$0.06B,3.35%,$1.64B,$0.03B,1.58%,$1.64B,$0.03B,1.58%,$1.64B,$0.07B,3.96%,$1.64B,$0.01B,0.49%,$1.64B,$0.02B,1.10%,$0.02B,$1.09B,1.67%,$0.02B,$1.08B,1.68%,$0.02B,$5.69B,0.32%,$0.03B,$1.39B,1.89%,$429,$419,$10,$0,$0,$425,$4,$-5,$-1,$-1,$0,$0,$0,$14,$4,$56,56,$0.01,$0.01,$0,$0,$0,$965,$46,$4212,$8,$190,$4722,$5687,$4129,$307,$166,$474,$4602,$196,$1120,$59,$1085,$5687,$18,$20,$1,$21,$-57,$0,$84,$-11,$13,$52,$-7,$0,$1,$81,$-117,$-35,$2,$-39,$0,$0,$0,$-1,$-1,$-13,$1,$-13,$-1,$5,$-13
26,2012-03-31,15.56,$19.76,0.79,$29.31,0.53,$5.82,2.67,$0.29,53.64,$0.94B,$4.09B,0.23,$0.31B,$1.08B,0.28,$1.61B,$0.06B,3.41%,$1.61B,$0.03B,1.61%,$1.61B,$0.03B,1.61%,$1.61B,$0.06B,3.97%,$1.61B,$0.01B,0.56%,$1.61B,$0.02B,1.18%,$0.02B,$1.08B,1.76%,$0.02B,$1.08B,1.77%,$0.02B,$5.63B,0.34%,$0.03B,$1.39B,1.90%,$419,$381,$38,$0,$0,$391,$28,$-5,$23,$5,$18,$18,$18,$38,$28,$55,56,$0.33,$0.33,$0,$0,$0,$938,$44,$4190,$8,$189,$4692,$5630,$4088,$307,$146,$459,$4547,$196,$1127,$53,$1083,$5630,$18,$10,$-0,$9,$-25,$0,$30,$-1,$8,$36,$-2,$0,$1,$43,$-71,$-29,$2,$-28,$0,$0,$0,$-2,$-2,$-7,$1,$-8,$-1,$3,$-7
27,2011-12-31,15.55,$19.45,0.8,$29.10,0.53,$5.70,2.73,$0.35,44.43,$1.03B,$4.17B,0.25,$0.31B,$1.06B,0.29,$1.60B,$0.06B,3.51%,$1.60B,$0.03B,1.82%,$1.60B,$0.03B,1.82%,$1.60B,$0.07B,4.07%,$1.60B,$0.01B,0.75%,$1.60B,$0.02B,1.38%,$0.02B,$1.06B,2.03%,$0.02B,$1.05B,2.05%,$0.02B,$5.69B,0.40%,$0.03B,$1.37B,2.14%,$400,$365,$35,$0,$0,$373,$27,$-5,$23,$5,$18,$18,$18,$37,$27,$54,55,$0.33,$0.33,$1,$0,$0,$1029,$44,$4148,$8,$201,$4657,$5685,$4171,$307,$149,$456,$4627,$194,$1116,$42,$1058,$5685,$22,$35,$6,$40,$-45,$0,$105,$1,$61,$123,$-12,$0,$-51,$-15,$-92,$-107,$26,$-144,$45,$0,$45,$2,$2,$-27,$-0,$21,$0,$7,$-27
28,2011-09-30,11.35,$20.04,0.57,$29.08,0.39,$6.49,1.75,$0.49,23.17,$1.11B,$4.24B,0.26,$0.26B,$1.09B,0.24,$1.59B,$0.06B,3.90%,$1.59B,$0.04B,2.39%,$1.59B,$0.04B,2.39%,$1.59B,$0.07B,4.59%,$1.59B,$0.02B,1.32%,$1.59B,$0.03B,1.82%,$0.03B,$1.09B,2.67%,$0.03B,$1.08B,2.69%,$0.03B,$5.75B,0.54%,$0.04B,$1.35B,2.82%,$394,$422,$-28,$0,$0,$427,$-33,$-5,$-37,$-20,$-17,$-17,$-18,$-24,$-33,$54,54,$-0.33,$-0.33,$0,$0,$0,$1110,$39,$4098,$8,$191,$4639,$5749,$4244,$262,$156,$418,$4662,$194,$1158,$32,$1087,$5749,$4,$25,$-1,$25,$-64,$0,$161,$10,$98,$127,$-9,$0,$1,$-2,$-118,$-119,$20,$-107,$0,$0,$0,$0,$0,$-20,$-0,$-20,$-0,$6,$-20
29,2011-06-30,14.03,$20.33,0.69,$28.95,0.48,$6.14,2.29,$1.18,11.89,$0.81B,$3.86B,0.21,$0.26B,$1.10B,0.24,$1.59B,$0.12B,7.62%,$1.59B,$0.10B,6.18%,$1.59B,$0.10B,6.18%,$1.59B,$0.13B,8.32%,$1.59B,$0.08B,5.04%,$1.59B,$0.06B,4.03%,$0.06B,$1.10B,5.89%,$0.06B,$1.09B,5.93%,$0.06B,$5.37B,1.21%,$0.10B,$1.36B,7.26%,$400,$390,$10,$0,$0,$395,$4,$-5,$-0,$-2,$1,$1,$1,$13,$4,$54,55,$0.03,$0.03,$0,$0,$0,$805,$40,$4044,$8,$168,$4564,$5370,$3858,$262,$149,$411,$4269,$194,$1186,$21,$1101,$5370,$22,$16,$-3,$13,$-53,$0,$72,$5,$25,$60,$-3,$0,$1,$35,$-86,$-51,$6,$-47,$0,$0,$0,$-0,$-0,$-13,$-0,$-14,$-0,$5,$-13
30,2011-03-31,14.81,$20.06,0.74,$28.83,0.51,$6.13,2.42,$1.49,9.94,$0.76B,$3.80B,0.2,$0.26B,$1.08B,0.24,$1.58B,$0.14B,9.08%,$1.58B,$0.12B,7.75%,$1.58B,$0.12B,7.75%,$1.58B,$0.15B,9.78%,$1.58B,$0.10B,6.54%,$1.58B,$0.08B,5.21%,$0.08B,$1.08B,7.63%,$0.08B,$1.08B,7.69%,$0.08B,$5.28B,1.56%,$0.12B,$1.35B,9.13%,$403,$364,$39,$0,$0,$373,$31,$-5,$26,$6,$21,$21,$21,$39,$31,$54,55,$0.38,$0.37,$0,$0,$0,$762,$41,$3997,$8,$164,$4513,$5275,$3795,$262,$135,$397,$4192,$194,$1191,$3,$1084,$5275,$21,$8,$-5,$3,$-16,$0,$12,$3,$5,$28,$-1,$0,$0,$21,$-44,$-23,$4,$-20,$0,$0,$0,$-1,$-1,$-7,$-0,$-8,$-0,$3,$-7
31,2010-12-31,15.43,$19.96,0.77,$28.75,0.54,$6.24,2.47,$1.21,12.75,$0.73B,$3.76B,0.2,$0.26B,$1.07B,0.25,$1.57B,$0.13B,8.12%,$1.57B,$0.10B,6.58%,$1.57B,$0.10B,6.58%,$1.57B,$0.14B,8.63%,$1.57B,$0.09B,5.43%,$1.57B,$0.07B,4.28%,$0.07B,$1.07B,6.35%,$0.07B,$1.06B,6.39%,$0.07B,$5.23B,1.27%,$0.10B,$1.33B,7.80%,$394,$353,$41,$0,$0,$358,$36,$-5,$32,$6,$25,$25,$25,$45,$36,$53,55,$0.48,$0.45,$1,$0,$0,$734,$42,$3963,$8,$183,$4498,$5232,$3755,$262,$144,$406,$4161,$193,$1176,$7,$1071,$5232,$67,$32,$10,$42,$32,$0,$-7,$8,$50,$159,$-7,$0,$1,$53,$-172,$-120,$2,$-124,$0,$-12,$-12,$3,$3,$-26,$-1,$-36,$-0,$8,$-26
32,2010-09-30,13.74,$20.41,0.67,$28.82,0.48,$7.54,1.82,$1.16,11.85,$0.77B,$3.79B,0.2,$0.26B,$1.09B,0.24,$1.56B,$0.12B,7.82%,$1.56B,$0.10B,6.28%,$1.56B,$0.10B,6.28%,$1.56B,$0.14B,9.03%,$1.56B,$0.08B,5.06%,$1.56B,$0.06B,4.04%,$0.06B,$1.09B,6.07%,$0.06B,$1.08B,6.11%,$0.06B,$5.34B,1.20%,$0.10B,$1.36B,7.50%,$390,$359,$31,$0,$0,$363,$27,$-5,$22,$3,$19,$19,$17,$35,$27,$53,55,$0.32,$0.32,$0,$0,$0,$768,$42,$4007,$8,$212,$4567,$5335,$3792,$262,$188,$450,$4242,$192,$1159,$48,$1092,$5335,$42,$23,$8,$31,$-14,$0,$50,$1,$31,$103,$-4,$0,$1,$-51,$-22,$-73,$4,$-73,$0,$-12,$-12,$2,$2,$-20,$-1,$-31,$-0,$7,$-20
33,2010-06-30,12.43,$19.65,0.63,$28.97,0.43,$8.77,1.42,$1.08,11.51,$0.76B,$3.77B,0.2,$0.26B,$1.05B,0.25,$1.56B,$0.13B,8.01%,$1.56B,$0.10B,6.28%,$1.56B,$0.10B,6.28%,$1.56B,$0.14B,8.97%,$1.56B,$0.08B,5.06%,$1.56B,$0.06B,3.78%,$0.06B,$1.05B,5.83%,$0.06B,$1.04B,5.88%,$0.06B,$5.23B,1.14%,$0.10B,$1.31B,7.65%,$388,$356,$32,$0,$0,$360,$28,$-5,$23,$3,$20,$20,$19,$35,$28,$53,54,$0.35,$0.35,$1,$0,$0,$757,$43,$3925,$8,$174,$4470,$5227,$3765,$262,$150,$413,$4177,$192,$1149,$18,$1050,$5227,$25,$15,$6,$21,$-23,$0,$52,$-7,$12,$58,$-3,$0,$1,$-130,$95,$-35,$4,$-33,$0,$-12,$-12,$1,$1,$-13,$-1,$-25,$-0,$6,$-13
34,2010-03-31,13.77,$18.97,0.73,$28.92,0.48,$9.08,1.52,$1.02,13.5,$0.77B,$3.80B,0.2,$0.28B,$1.01B,0.27,$1.55B,$0.12B,7.55%,$1.55B,$0.09B,5.61%,$1.55B,$0.09B,5.61%,$1.55B,$0.13B,8.32%,$1.55B,$0.07B,4.39%,$1.55B,$0.06B,3.61%,$0.06B,$1.01B,5.68%,$0.06B,$1.00B,5.76%,$0.06B,$5.29B,1.09%,$0.09B,$1.29B,6.94%,$393,$370,$23,$0,$0,$381,$12,$-5,$8,$1,$7,$7,$6,$20,$12,$53,54,$0.11,$0.11,$0,$0,$0,$765,$44,$3879,$8,$259,$4523,$5288,$3799,$275,$204,$479,$4278,$192,$1138,$-6,$1010,$5288,$6,$7,$-5,$3,$-11,$0,$21,$6,$25,$33,$-1,$0,$1,$-68,$37,$-31,$6,$-26,$0,$0,$0,$-1,$-1,$-6,$-1,$-8,$-1,$6,$-6
35,2009-12-31,13.54,$18.83,0.72,$28.49,0.48,$9.51,1.42,$0.66,20.51,$0.72B,$3.69B,0.2,$0.28B,$1.00B,0.27,$1.51B,$0.09B,5.61%,$1.51B,$0.06B,3.90%,$1.51B,$0.06B,3.90%,$1.51B,$0.10B,6.61%,$1.51B,$0.04B,2.58%,$1.51B,$0.04B,2.44%,$0.04B,$1.00B,3.85%,$0.04B,$1.00B,3.93%,$0.04B,$5.12B,0.73%,$0.06B,$1.28B,4.80%,$390,$354,$36,$0,$0,$359,$31,$-5,$26,$4,$22,$22,$21,$51,$31,$53,53,$0.39,$0.40,$1,$0,$0,$723,$46,$3816,$8,$192,$4391,$5115,$3694,$275,$143,$418,$4112,$192,$1139,$-12,$1002,$5115,$36,$41,$76,$116,$34,$0,$42,$3,$75,$228,$-8,$0,$-13,$-16,$-193,$-209,$9,$-220,$13,$-12,$1,$2,$2,$-26,$-1,$-25,$-3,$11,$-26
36,2009-09-30,12.84,$18.58,0.69,$27.35,0.47,$9.78,1.31,$-0.00,0.0,$0.75B,$3.76B,0.2,$0.26B,$0.99B,0.27,$1.45B,$0.01B,0.76%,$1.45B,$0.01B,0.62%,$1.45B,$0.01B,0.62%,$1.45B,$0.04B,2.82%,$1.45B,$-0.01B,-0.76%,$1.45B,$0.00B,0.14%,$0.00B,$0.99B,0.21%,$0.00B,$0.98B,0.22%,$0.00B,$5.16B,0.04%,$0.01B,$1.25B,0.75%,$390,$357,$34,$0,$0,$364,$27,$-5,$22,$1,$21,$21,$13,$34,$27,$53,54,$0.25,$0.24,$1,$0,$0,$754,$46,$3802,$8,$166,$4405,$5158,$3762,$262,$121,$410,$4172,$191,$1125,$-11,$986,$5158,$16,$21,$66,$87,$-10,$0,$73,$-11,$64,$167,$-4,$0,$0,$-39,$-105,$-144,$10,$-139,$0,$-12,$-12,$0,$0,$-20,$-1,$-33,$-3,$9,$-20
37,2009-06-30,10.34,$17.85,0.58,$27.40,0.38,$10.25,1.01,$-0.07,0.0,$0.78B,$3.71B,0.21,$0.26B,$0.95B,0.28,$1.45B,$-0.01B,-0.62%,$1.45B,$-0.01B,-0.76%,$1.45B,$-0.01B,-0.76%,$1.45B,$0.02B,1.45%,$1.45B,$-0.03B,-2.21%,$1.45B,$-0.00B,-0.14%,$-0.00B,$0.95B,-0.21%,$-0.00B,$0.92B,-0.22%,$-0.00B,$5.03B,-0.04%,$-0.01B,$1.21B,-0.92%,$377,$354,$24,$0,$0,$360,$17,$-5,$12,$-3,$15,$15,$16,$24,$17,$53,53,$0.30,$0.29,$12,$0,$0,$778,$48,$3654,$30,$174,$4253,$5031,$3713,$262,$110,$372,$4085,$191,$1119,$-42,$946,$5031,$3,$14,$51,$65,$-18,$0,$19,$-11,$7,$74,$-3,$0,$0,$3,$-58,$-55,$5,$-53,$-12,$0,$-12,$-0,$-0,$-13,$-1,$-27,$-3,$6,$-13
38,2009-03-31,9.75,$17.23,0.57,$28.49,0.34,$11.03,0.88,$0.18,54.16,$0.75B,$3.68B,0.2,$0.27B,$0.91B,0.3,$1.51B,$0.02B,1.53%,$1.51B,$0.01B,0.86%,$1.51B,$0.01B,0.86%,$1.51B,$0.05B,2.99%,$1.51B,$-0.01B,-0.53%,$1.51B,$0.01B,0.73%,$0.01B,$0.91B,1.16%,$0.01B,$0.88B,1.19%,$0.01B,$5.00B,0.22%,$0.01B,$1.18B,1.06%,$357,$366,$-9,$0,$0,$373,$-16,$-5,$-21,$-8,$-13,$-13,$-13,$-9,$-16,$52,52,$-0.25,$-0.25,$13,$0,$0,$751,$50,$3681,$30,$137,$4251,$5002,$3678,$274,$139,$413,$4092,$191,$1108,$-63,$910,$5002,$-13,$7,$30,$36,$-1,$3,$2,$4,$31,$55,$-1,$0,$0,$-73,$14,$-60,$10,$-51,$0,$0,$0,$-2,$-2,$-7,$-1,$-10,$-3,$3,$-7
39,2008-12-31,18.21,$16.84,1.08,$29.82,0.61,$10.83,1.68,$0.81,22.49,$0.72B,$3.65B,0.2,$0.27B,$0.89B,0.31,$1.59B,$0.09B,5.66%,$1.59B,$0.06B,3.84%,$1.59B,$0.06B,3.84%,$1.59B,$0.09B,5.85%,$1.59B,$0.04B,2.52%,$1.59B,$0.05B,2.83%,$0.05B,$0.89B,4.58%,$0.05B,$0.88B,4.71%,$0.05B,$4.95B,0.90%,$0.06B,$1.16B,4.84%,$328,$366,$-38,$0,$0,$347,$-19,$-5,$-24,$-11,$-13,$-13,$-14,$-8,$-19,$52,53,$-0.27,$-0.27,$4,$0,$0,$715,$52,$3577,$8,$175,$4230,$4946,$3652,$274,$95,$403,$4055,$191,$1128,$-101,$890,$4946,$44,$33,$62,$94,$15,$0,$73,$37,$103,$241,$-8,$0,$0,$-8,$-104,$-112,$-27,$-147,$-9,$-12,$-21,$-39,$-39,$-26,$2,$-84,$2,$17,$-26
40,2008-09-30,18.09,$18.53,0.98,$29.95,0.6,$12.96,1.4,$1.76,10.28,$0.83B,$3.68B,0.22,$0.27B,$0.98B,0.28,$1.62B,$0.11B,6.97%,$1.62B,$0.06B,3.52%,$1.62B,$0.06B,3.52%,$1.62B,$0.09B,5.24%,$1.62B,$0.11B,6.72%,$1.62B,$0.10B,5.86%,$0.10B,$0.98B,9.23%,$0.10B,$0.94B,9.54%,$0.10B,$5.04B,1.89%,$0.06B,$1.25B,4.35%,$389,$376,$14,$0,$0,$383,$7,$-5,$1,$-7,$8,$8,$9,$14,$7,$53,53,$0.17,$0.17,$14,$0,$0,$827,$53,$3653,$34,$141,$4215,$5041,$3684,$274,$102,$380,$4064,$190,$1149,$-31,$978,$5041,$58,$21,$13,$34,$44,$11,$27,$9,$99,$192,$-6,$0,$0,$8,$-77,$-69,$-33,$-108,$-21,$0,$-21,$-40,$-40,$-19,$2,$-79,$1,$14,$-19
41,2008-06-30,14.73,$19.32,0.76,$30.68,0.48,$13.56,1.09,$2.25,6.55,$0.82B,$3.64B,0.23,$0.27B,$1.02B,0.27,$1.69B,$0.18B,10.73%,$1.69B,$0.13B,7.53%,$1.69B,$0.13B,7.53%,$1.69B,$0.16B,9.19%,$1.69B,$0.16B,9.19%,$1.69B,$0.12B,7.29%,$0.12B,$1.02B,11.76%,$0.12B,$0.98B,12.16%,$0.12B,$5.08B,2.46%,$0.13B,$1.29B,9.46%,$433,$377,$56,$0,$0,$392,$41,$-5,$36,$7,$29,$29,$29,$48,$41,$52,53,$0.55,$0.54,$16,$0,$0,$818,$55,$3744,$34,$135,$4261,$5079,$3636,$274,$152,$426,$4061,$190,$1147,$15,$1018,$5079,$49,$14,$-2,$12,$47,$0,$-3,$8,$55,$116,$-4,$0,$0,$-28,$19,$-9,$-22,$-35,$-21,$0,$-21,$-41,$-41,$-13,$1,$-73,$8,$9,$-13
42,2008-03-31,18.63,$19.62,0.95,$30.66,0.61,$13.52,1.38,$2.34,7.96,$0.76B,$3.53B,0.22,$0.29B,$1.05B,0.27,$1.72B,$0.21B,12.24%,$1.72B,$0.16B,9.56%,$1.72B,$0.16B,9.56%,$1.72B,$0.19B,11.25%,$1.72B,$0.17B,9.73%,$1.72B,$0.13B,7.58%,$0.13B,$1.05B,12.48%,$0.13B,$1.01B,12.89%,$0.13B,$4.97B,2.62%,$0.16B,$1.33B,12.12%,$439,$381,$58,$0,$0,$407,$32,$-5,$27,$6,$21,$21,$21,$39,$32,$53,54,$0.39,$0.38,$10,$0,$0,$759,$56,$3727,$34,$127,$4211,$4970,$3530,$286,$103,$394,$3925,$190,$1126,$53,$1046,$4970,$21,$7,$5,$12,$-1,$0,$2,$2,$13,$46,$-2,$0,$0,$-23,$33,$11,$-13,$-4,$-9,$0,$-9,$-27,$-27,$-7,$1,$-41,$1,$9,$-7
43,2007-12-31,17.84,$19.81,0.9,$30.16,0.59,$13.91,1.28,$2.58,6.92,$0.76B,$3.53B,0.22,$0.30B,$1.08B,0.27,$1.74B,$0.24B,13.97%,$1.74B,$0.21B,12.19%,$1.74B,$0.21B,12.19%,$1.74B,$0.24B,13.86%,$1.74B,$0.19B,10.87%,$1.74B,$0.15B,8.40%,$0.15B,$1.08B,14.04%,$0.15B,$1.04B,14.51%,$0.15B,$5.00B,2.97%,$0.21B,$1.37B,15.47%,$360,$375,$-15,$0,$0,$383,$-23,$68,$45,$12,$33,$33,$36,$-16,$-23,$52,57,$0.71,$0.67,$8,$0,$0,$762,$59,$3769,$34,$130,$4240,$5002,$3532,$295,$99,$394,$3926,$189,$1106,$86,$1076,$5002,$146,$29,$-13,$16,$-41,$0,$268,$1,$224,$386,$-15,$0,$0,$7,$-116,$-110,$-40,$-164,$-37,$-18,$-56,$-144,$-144,$-24,$3,$-220,$1,$21,$-24
44,2007-09-30,16.42,$19.64,0.84,$31.21,0.53,$13.39,1.23,$2.63,6.26,$0.79B,$3.51B,0.23,$0.33B,$1.04B,0.32,$1.84B,$0.35B,19.10%,$1.84B,$0.32B,17.52%,$1.84B,$0.32B,17.52%,$1.84B,$0.35B,19.10%,$1.84B,$0.20B,10.99%,$1.84B,$0.15B,8.38%,$0.15B,$1.04B,14.80%,$0.15B,$1.01B,15.29%,$0.15B,$4.99B,3.17%,$0.32B,$1.38B,23.20%,$455,$374,$82,$0,$0,$378,$77,$-31,$47,$10,$37,$37,$37,$84,$77,$51,56,$0.72,$0.66,$3,$0,$0,$794,$58,$3663,$34,$183,$4193,$4987,$3505,$333,$106,$439,$3944,$186,$1077,$87,$1043,$4987,$110,$21,$-8,$13,$-93,$0,$246,$-15,$120,$243,$-10,$0,$0,$-32,$-10,$-41,$-19,$-71,$-18,$0,$-18,$-142,$-142,$-18,$3,$-175,$-4,$16,$-18
45,2007-06-30,20.63,$18.76,1.1,$30.45,0.68,$13.76,1.5,$2.59,7.97,$0.80B,$3.41B,0.23,$0.33B,$1.00B,0.33,$1.83B,$0.35B,19.30%,$1.83B,$0.32B,17.67%,$1.83B,$0.32B,17.67%,$1.83B,$0.35B,19.19%,$1.83B,$0.21B,11.23%,$1.83B,$0.16B,8.45%,$0.16B,$1.00B,14.88%,$0.16B,$0.97B,15.37%,$0.16B,$4.85B,3.23%,$0.32B,$1.34B,23.20%,$462,$377,$85,$0,$0,$384,$78,$-31,$48,$12,$36,$36,$36,$86,$78,$52,57,$0.69,$0.64,$4,$0,$0,$795,$58,$3576,$34,$122,$4057,$4852,$3413,$333,$103,$436,$3848,$186,$1046,$74,$1003,$4852,$73,$14,$-17,$-3,$-88,$0,$153,$-7,$54,$124,$-6,$0,$0,$62,$3,$65,$-25,$34,$-18,$0,$-18,$-133,$-133,$-12,$3,$-161,$-3,$14,$-12
46,2007-03-31,19.45,$18.94,1.03,$29.59,0.66,$13.98,1.39,$2.64,7.37,$0.72B,$3.29B,0.22,$0.36B,$1.04B,0.35,$1.83B,$0.36B,19.81%,$1.83B,$0.33B,18.17%,$1.83B,$0.33B,18.17%,$1.83B,$0.36B,19.59%,$1.83B,$0.22B,11.77%,$1.83B,$0.16B,8.81%,$0.16B,$1.04B,15.45%,$0.16B,$1.01B,15.96%,$0.16B,$4.80B,3.41%,$0.33B,$1.40B,24.07%,$462,$371,$91,$0,$0,$382,$80,$-31,$49,$12,$37,$37,$37,$87,$80,$55,60,$0.68,$0.62,$4,$0,$0,$723,$58,$3626,$34,$114,$4079,$4802,$3287,$362,$102,$476,$3764,$185,$1016,$97,$1039,$4802,$37,$7,$-6,$1,$-35,$0,$56,$2,$37,$75,$-2,$0,$0,$40,$-18,$22,$-18,$2,$0,$0,$0,$-76,$-76,$-6,$2,$-80,$-3,$9,$-6
47,2006-12-31,21.79,$18.81,1.16,$28.88,0.75,$13.96,1.56,$2.66,8.19,$0.69B,$3.23B,0.21,$0.36B,$1.08B,0.34,$1.81B,$0.36B,20.08%,$1.81B,$0.34B,18.58%,$1.81B,$0.34B,18.58%,$1.81B,$0.36B,19.91%,$1.81B,$0.22B,12.17%,$1.81B,$0.16B,9.07%,$0.16B,$1.08B,16.05%,$0.16B,$1.04B,16.59%,$0.16B,$4.77B,3.54%,$0.34B,$1.44B,24.83%,$459,$366,$93,$0,$0,$372,$87,$-29,$58,$15,$44,$44,$44,$94,$87,$55,63,$0.77,$0.70,$6,$0,$0,$691,$59,$3631,$34,$120,$4077,$4768,$3230,$362,$99,$461,$3690,$183,$986,$101,$1077,$4768,$164,$26,$-32,$-6,$-16,$0,$260,$-6,$236,$393,$-19,$0,$0,$-12,$-248,$-260,$-63,$-342,$0,$78,$78,$-105,$-105,$-23,$2,$-48,$3,$15,$-23
