,Date,Stock Price,Book Value per Share,Price to Book Ratio,TTM Sales per Share,Price to Sales Ratio,TTM FCF per Share,Price to FCF Ratio,TTM Net EPS,PE Ratio,Current Assets,Current Liabilities,Current Ratio,Long Term Debt,Shareholder's Equity_x,Debt to Equity Ratio,TTM Revenue_x,TTM Gross Profit,Gross Margin,TTM Revenue_y,TTM Operating Income,Operating Margin,TTM Revenue_x,TTM EBIT,EBIT Margin,TTM Revenue_y,TTM EBITDA,EBITDA Margin,TTM Revenue_x,TTM Pre-Tax Income,Pre-Tax Margin,TTM Revenue_y,TTM Net Income_x,Net Margin,TTM Net Income_y,Shareholder's Equity_y,Return on Equity,TTM Net Income_x,Tangible Equity,Return on Tangible Equity,TTM Net Income_y,Total Assets,Return on Assets,TTM Net Income,LT Investments & Debt,Return on Investment,revenue,cost-goods-sold,gross-profit,research-development-expenses,selling-general-administrative-expenses,operating-expenses,operating-income,total-non-operating-income-expense,pre-tax-income,total-provision-income-taxes,income-after-taxes,income-from-continuous-operations,net-income,ebitda,ebit,basic-shares-outstanding,shares-outstanding,eps-basic-net-earnings-per-share,eps-earnings-per-share-diluted,cash-on-hand,inventory,other-current-assets,total-current-assets,net-property-plant-equipment,long-term-investments,goodwill-intangible-assets-total,other-long-term-assets,total-long-term-assets,total-assets,total-current-liabilities,long-term-debt,other-non-current-liabilities,total-long-term-liabilities,total-liabilities,common-stock-net,retained-earnings-accumulated-deficit,comprehensive-income,total-share-holder-equity,total-liabilities-share-holders-equity,net-income-loss,total-depreciation-amortization-cash-flow,other-non-cash-items,total-non-cash-items,change-in-accounts-receivable,change-in-inventories,change-in-accounts-payable,change-in-assets-liabilities,total-change-in-assets-liabilities,cash-flow-from-operating-activities,net-change-in-property-plant-equipment,net-change-in-intangible-assets,net-acquisitions-divestitures,net-change-in-short-term-investments,net-change-in-long-term-investments,net-change-in-investments-total,investing-activities-other,cash-flow-from-investing-activities,net-long-term-debt,net-current-debt,debt-issuance-retirement-net-total,net-common-equity-issued-repurchased,net-total-equity-issued-repurchased,total-common-preferred-stock-dividends-paid,financial-activities-other,cash-flow-from-financial-activities,net-cash-flow,stock-based-compensation,common-stock-dividends-paid
0,2018-09-30,40.56,$0.00,0.0,$16.49,2.46,$2.84,14.28,$1.96,20.69,$0.11B,$0.02B,5.31,$0.00B,$0.15B,0.0,$0.13B,$0.04B,30.71%,$0.13B,$0.02B,14.17%,$0.13B,$0.02B,14.17%,$0.13B,$0.02B,14.17%,$0.13B,$0.02B,14.96%,$0.13B,$0.02B,11.81%,$0.02B,$0.15B,10.51%,$0.02B,$0.12B,12.93%,$0.02B,$0.17B,9.04%,$0.02B,$0.15B,12.61%,$31,$21,$11,$4,$3,$27,$4,$0,$5,$1,$4,$4,$4,$4,$4,$8,8,$0.50,$0.49,$21,$50,$0,$107,$4,$30,$26,$2,$63,$170,$20,$0,$3,$3,$23,$54,$94,$0,$147,$170,$0,$0,$0,$0,$0,$0,$0,$0,$0,$0,$0,$0,$0,$0,$0,$0,$0,$0,$0,$0,$0,$0,$0,$0,$0,$0,$0,$0,$0
1,2018-06-30,38.46,$18.93,2.03,$16.66,2.31,$2.84,13.54,$2.07,18.58,$0.12B,$0.02B,5.26,$0.00B,$0.14B,0.0,$0.13B,$0.04B,31.25%,$0.13B,$0.02B,14.84%,$0.13B,$0.02B,14.84%,$0.13B,$0.02B,14.84%,$0.13B,$0.02B,15.63%,$0.13B,$0.02B,12.50%,$0.02B,$0.14B,11.57%,$0.02B,$0.12B,14.38%,$0.02B,$0.17B,9.76%,$0.02B,$0.14B,13.74%,$28,$19,$9,$4,$3,$25,$3,$0,$3,$0,$2,$2,$2,$3,$3,$8,8,$0.32,$0.32,$33,$50,$0,$115,$4,$20,$26,$2,$53,$167,$22,$0,$3,$3,$25,$0,$90,$0,$143,$167,$1,$1,$6,$7,$14,$-3,$4,$0,$14,$23,$-1,$0,$0,$0,$-6,$-6,$0,$-7,$0,$0,$0,$0,$0,$0,$0,$0,$16,$1,$0
2,2018-03-31,34.41,$0.00,0.0,$17.03,2.02,$0.21,161.78,$2.30,14.96,$0.12B,$0.02B,5.5,$0.00B,$0.14B,0.0,$0.13B,$0.04B,32.31%,$0.13B,$0.02B,16.15%,$0.13B,$0.02B,16.15%,$0.13B,$0.02B,16.15%,$0.13B,$0.02B,16.92%,$0.13B,$0.02B,13.85%,$0.02B,$0.14B,13.51%,$0.02B,$0.11B,16.98%,$0.02B,$0.16B,11.15%,$0.02B,$0.14B,15.76%,$30,$25,$5,$3,$2,$31,$-1,$0,$-1,$0,$-1,$-1,$-1,$-1,$-1,$8,8,$-0.19,$-0.19,$28,$50,$0,$120,$4,$12,$26,$2,$45,$164,$22,$0,$3,$3,$24,$52,$87,$0,$140,$164,$0,$0,$0,$0,$0,$0,$0,$0,$0,$0,$0,$0,$0,$0,$0,$0,$0,$0,$0,$0,$0,$0,$0,$0,$0,$0,$0,$0,$0
3,2017-12-31,70.11,$0.00,0.0,$16.58,4.23,$0.21,329.62,$2.84,24.69,$0.12B,$0.02B,6.48,$0.00B,$0.14B,0.0,$0.13B,$0.05B,37.60%,$0.13B,$0.03B,20.00%,$0.13B,$0.03B,20.00%,$0.13B,$0.03B,20.00%,$0.13B,$0.03B,20.80%,$0.13B,$0.02B,17.60%,$0.02B,$0.14B,16.99%,$0.02B,$0.11B,21.57%,$0.02B,$0.16B,13.90%,$0.03B,$0.14B,19.31%,$38,$24,$14,$4,$3,$26,$12,$0,$12,$1,$10,$10,$10,$12,$12,$7,8,$1.38,$1.35,$25,$51,$0,$123,$4,$6,$27,$2,$39,$163,$19,$0,$3,$3,$22,$52,$89,$0,$141,$163,$22,$4,$6,$10,$-16,$-10,$2,$-5,$-30,$1,$-2,$-0,$0,$0,$10,$10,$0,$9,$0,$0,$0,$3,$3,$-7,$0,$-5,$5,$2,$-7
4,2017-09-30,58.51,$0.00,0.0,$15.42,3.79,$-0.31,0.0,$2.10,27.86,$0.13B,$0.03B,5.14,$0.00B,$0.13B,0.0,$0.12B,$0.04B,38.26%,$0.12B,$0.02B,15.65%,$0.12B,$0.02B,15.65%,$0.12B,$0.02B,15.65%,$0.12B,$0.02B,16.52%,$0.12B,$0.02B,14.78%,$0.02B,$0.13B,13.65%,$0.02B,$0.10B,17.57%,$0.02B,$0.16B,11.04%,$0.02B,$0.13B,14.46%,$32,$21,$12,$4,$3,$27,$5,$0,$6,$1,$5,$5,$5,$5,$5,$7,8,$0.62,$0.60,$37,$53,$0,$127,$4,$0,$27,$2,$34,$162,$25,$0,$8,$8,$32,$51,$79,$0,$129,$162,$0,$0,$0,$0,$0,$0,$0,$0,$0,$0,$0,$0,$0,$0,$0,$0,$0,$0,$0,$0,$0,$0,$0,$0,$0,$0,$0,$0,$0
5,2017-06-30,44.36,$0.00,0.0,$14.49,3.06,$-0.31,0.0,$1.93,22.98,$0.12B,$0.03B,4.49,$0.00B,$0.12B,0.0,$0.11B,$0.04B,38.89%,$0.11B,$0.02B,15.74%,$0.11B,$0.02B,15.74%,$0.11B,$0.02B,15.74%,$0.11B,$0.02B,15.74%,$0.11B,$0.02B,13.89%,$0.02B,$0.12B,12.37%,$0.02B,$0.10B,16.13%,$0.02B,$0.16B,10.03%,$0.02B,$0.12B,14.02%,$30,$19,$11,$3,$3,$25,$5,$0,$5,$1,$4,$4,$4,$5,$5,$7,8,$0.57,$0.55,$31,$51,$0,$122,$4,$0,$28,$2,$35,$157,$27,$0,$7,$7,$35,$49,$74,$0,$123,$157,$7,$2,$2,$4,$-9,$-8,$8,$0,$-8,$3,$-1,$0,$0,$0,$10,$10,$0,$10,$0,$0,$0,$0,$0,$-7,$0,$-7,$5,$1,$-7
6,2017-03-31,49.67,$0.00,0.0,$14.00,3.55,$-1.09,0.0,$1.86,26.7,$0.12B,$0.02B,6.07,$0.00B,$0.13B,0.0,$0.10B,$0.04B,39.42%,$0.10B,$0.02B,15.38%,$0.10B,$0.02B,15.38%,$0.10B,$0.02B,17.31%,$0.10B,$0.02B,15.38%,$0.10B,$0.02B,14.42%,$0.02B,$0.13B,12.66%,$0.02B,$0.10B,16.71%,$0.02B,$0.15B,10.31%,$0.02B,$0.13B,13.50%,$25,$16,$10,$4,$3,$22,$3,$0,$3,$1,$3,$3,$3,$3,$3,$7,7,$0.35,$0.35,$38,$46,$0,$116,$4,$0,$28,$2,$35,$151,$19,$0,$7,$7,$26,$48,$77,$0,$125,$151,$0,$0,$0,$0,$0,$0,$0,$0,$0,$0,$0,$0,$0,$0,$0,$0,$0,$0,$0,$0,$0,$0,$0,$0,$0,$0,$0,$0,$0
7,2016-12-31,40.24,$16.44,2.45,$13.51,2.98,$-1.09,0.0,$1.77,22.74,$0.10B,$0.02B,5.75,$0.00B,$0.12B,0.0,$0.10B,$0.04B,39.00%,$0.10B,$0.02B,15.00%,$0.10B,$0.02B,15.00%,$0.10B,$0.02B,17.00%,$0.10B,$0.02B,15.00%,$0.10B,$0.01B,14.00%,$0.01B,$0.12B,11.02%,$0.01B,$0.09B,14.74%,$0.01B,$0.15B,8.86%,$0.02B,$0.12B,11.81%,$28,$17,$11,$4,$3,$23,$5,$0,$5,$1,$5,$5,$5,$5,$5,$7,7,$0.62,$0.60,$28,$44,$0,$103,$4,$8,$28,$1,$43,$146,$18,$0,$7,$7,$25,$0,$75,$0,$121,$146,$13,$4,$5,$9,$-6,$-21,$2,$-0,$-25,$-3,$-1,$0,$0,$0,$9,$9,$0,$7,$0,$0,$0,$1,$1,$-7,$-4,$-11,$-6,$2,$-7
8,2016-09-30,40.54,$0.00,0.0,$13.42,3.02,$0.87,46.84,$1.77,22.91,$0.10B,$0.02B,4.97,$0.00B,$0.12B,0.0,$0.10B,$0.04B,39.39%,$0.10B,$0.02B,15.15%,$0.10B,$0.02B,15.15%,$0.10B,$0.02B,20.20%,$0.10B,$0.02B,15.15%,$0.10B,$0.01B,13.13%,$0.01B,$0.12B,10.40%,$0.01B,$0.09B,14.09%,$0.01B,$0.14B,8.31%,$0.02B,$0.12B,12.00%,$25,$15,$10,$3,$3,$21,$4,$-0,$4,$0,$3,$3,$3,$4,$4,$7,7,$0.43,$0.43,$33,$45,$0,$100,$4,$8,$29,$1,$44,$144,$20,$0,$8,$8,$28,$46,$70,$0,$116,$144,$0,$0,$0,$0,$0,$0,$0,$0,$0,$0,$0,$0,$0,$0,$0,$0,$0,$0,$0,$0,$0,$0,$0,$0,$0,$0,$0,$0,$0
9,2016-06-30,29.28,$15.31,1.91,$12.76,2.3,$0.87,33.83,$2.30,12.73,$0.09B,$0.02B,4.31,$0.00B,$0.11B,0.0,$0.09B,$0.04B,39.78%,$0.09B,$0.02B,20.43%,$0.09B,$0.02B,20.43%,$0.09B,$0.02B,23.66%,$0.09B,$0.02B,20.43%,$0.09B,$0.02B,18.28%,$0.02B,$0.11B,13.82%,$0.02B,$0.08B,18.09%,$0.02B,$0.14B,11.24%,$0.02B,$0.11B,15.45%,$26,$16,$10,$3,$3,$22,$4,$0,$4,$1,$4,$4,$4,$6,$4,$7,7,$0.48,$0.48,$26,$38,$0,$91,$4,$14,$30,$1,$51,$141,$21,$0,$7,$8,$29,$46,$67,$0,$112,$141,$5,$2,$2,$3,$-1,$-13,$6,$0,$-12,$-3,$-1,$0,$0,$0,$4,$4,$0,$3,$0,$0,$0,$0,$0,$-7,$0,$-7,$-7,$1,$-7
10,2016-03-31,33.43,$0.00,0.0,$11.57,2.89,$2.03,16.51,$2.10,15.92,$0.13B,$0.03B,4.06,$0.00B,$0.16B,0.0,$0.08B,$0.03B,40.48%,$0.08B,$0.02B,20.24%,$0.08B,$0.02B,20.24%,$0.08B,$0.02B,21.43%,$0.08B,$0.02B,20.24%,$0.08B,$0.02B,17.86%,$0.02B,$0.16B,12.50%,$0.02B,$0.12B,15.79%,$0.02B,$0.20B,10.19%,$0.02B,$0.16B,14.17%,$21,$13,$8,$3,$2,$19,$2,$-0,$2,$0,$2,$2,$2,$2,$2,$7,7,$0.26,$0.26,$54,$44,$0,$128,$0,$22,$41,$2,$68,$201,$32,$0,$10,$11,$42,$62,$97,$0,$159,$201,$0,$0,$0,$0,$0,$0,$0,$0,$0,$0,$0,$0,$0,$0,$0,$0,$0,$0,$0,$0,$0,$0,$0,$0,$0,$0,$0,$0,$0
11,2015-12-31,28.83,$15.49,1.86,$11.23,2.57,$2.03,14.23,$2.25,12.81,$0.08B,$0.02B,3.97,$0.00B,$0.11B,0.0,$0.08B,$0.03B,41.46%,$0.08B,$0.02B,21.95%,$0.08B,$0.02B,21.95%,$0.08B,$0.02B,23.17%,$0.08B,$0.02B,21.95%,$0.08B,$0.02B,19.51%,$0.02B,$0.11B,15.02%,$0.02B,$0.08B,18.03%,$0.02B,$0.14B,12.40%,$0.02B,$0.11B,16.90%,$27,$16,$11,$3,$3,$23,$5,$0,$5,$1,$4,$4,$4,$8,$5,$7,7,$0.61,$0.60,$27,$26,$0,$78,$4,$24,$31,$1,$62,$140,$20,$0,$7,$7,$27,$0,$69,$0,$113,$140,$17,$3,$2,$3,$-5,$-1,$0,$-3,$-8,$13,$-3,$0,$-10,$4,$2,$6,$0,$-7,$0,$0,$0,$1,$1,$-7,$0,$-6,$0,$2,$-7
12,2015-09-30,25.68,$0.00,0.0,$10.63,2.42,$3.20,8.02,$2.30,11.17,$0.08B,$0.01B,5.95,$0.00B,$0.11B,0.0,$0.08B,$0.03B,41.03%,$0.08B,$0.02B,23.08%,$0.08B,$0.02B,23.08%,$0.08B,$0.02B,20.51%,$0.08B,$0.02B,24.36%,$0.08B,$0.02B,21.79%,$0.02B,$0.11B,16.43%,$0.02B,$0.09B,18.94%,$0.02B,$0.12B,13.65%,$0.02B,$0.11B,17.39%,$19,$11,$8,$2,$-2,$12,$8,$0,$8,$0,$7,$7,$7,$6,$8,$7,7,$0.97,$0.96,$28,$30,$1,$77,$0,$27,$14,$1,$43,$123,$13,$0,$2,$3,$15,$43,$64,$0,$108,$123,$0,$0,$0,$0,$0,$0,$0,$0,$0,$0,$0,$0,$0,$0,$0,$0,$0,$0,$0,$0,$0,$0,$0,$0,$0,$0,$0,$0,$0
13,2015-06-30,35.06,$0.00,0.0,$10.17,3.45,$3.20,10.95,$1.68,20.87,$0.08B,$0.02B,3.47,$0.00B,$0.10B,0.0,$0.08B,$0.03B,40.00%,$0.08B,$0.01B,17.33%,$0.08B,$0.01B,17.33%,$0.08B,$0.01B,17.33%,$0.08B,$0.01B,18.67%,$0.08B,$0.01B,17.33%,$0.01B,$0.10B,12.97%,$0.01B,$0.09B,14.44%,$0.01B,$0.13B,10.81%,$0.01B,$0.10B,12.97%,$17,$10,$7,$2,$2,$15,$2,$0,$2,$0,$2,$2,$2,$2,$2,$7,7,$0.28,$0.28,$26,$31,$1,$75,$0,$29,$14,$2,$45,$125,$22,$0,$3,$3,$24,$43,$57,$0,$100,$125,$5,$1,$1,$2,$2,$-6,$2,$0,$-1,$6,$-2,$0,$0,$4,$-3,$1,$0,$-0,$0,$0,$0,$1,$1,$-7,$0,$-6,$-0,$1,$-7
14,2015-03-31,38.37,$0.00,0.0,$10.29,3.73,$3.38,11.37,$1.85,20.74,$0.08B,$0.02B,3.93,$0.00B,$0.11B,0.0,$0.08B,$0.03B,39.47%,$0.08B,$0.02B,19.74%,$0.08B,$0.02B,19.74%,$0.08B,$0.02B,19.74%,$0.08B,$0.02B,21.05%,$0.08B,$0.01B,18.42%,$0.01B,$0.11B,14.25%,$0.01B,$0.09B,15.30%,$0.01B,$0.13B,12.17%,$0.02B,$0.11B,15.27%,$19,$11,$8,$2,$2,$15,$3,$0,$3,$0,$3,$3,$3,$3,$3,$7,7,$0.41,$0.41,$28,$27,$5,$79,$0,$29,$12,$3,$45,$128,$20,$0,$2,$3,$23,$42,$62,$0,$105,$128,$0,$0,$0,$0,$0,$0,$0,$0,$0,$0,$0,$0,$0,$0,$0,$0,$0,$0,$0,$0,$0,$0,$0,$0,$0,$0,$0,$0,$0
15,2014-12-31,32.68,$13.95,2.34,$10.33,3.16,$3.38,9.68,$1.99,16.42,$0.08B,$0.02B,4.4,$0.00B,$0.10B,0.0,$0.08B,$0.03B,39.47%,$0.08B,$0.02B,22.37%,$0.08B,$0.02B,22.37%,$0.08B,$0.02B,22.37%,$0.08B,$0.02B,23.68%,$0.08B,$0.02B,19.74%,$0.02B,$0.10B,15.63%,$0.02B,$0.09B,16.26%,$0.02B,$0.12B,13.64%,$0.02B,$0.10B,17.71%,$23,$13,$9,$2,$2,$17,$5,$0,$6,$1,$5,$5,$5,$5,$5,$7,7,$0.66,$0.65,$37,$25,$5,$84,$7,$20,$14,$1,$43,$122,$19,$0,$2,$3,$22,$41,$60,$0,$101,$122,$15,$1,$3,$1,$-3,$3,$1,$0,$0,$21,$-2,$-0,$-10,$-1,$3,$0,$2,$-10,$0,$0,$0,$1,$1,$-7,$0,$-6,$5,$1,$-7
16,2014-09-30,27.07,$0.00,0.0,$10.68,2.53,$0.95,28.55,$2.25,12.03,$0.08B,$0.01B,9.66,$0.00B,$0.10B,0.0,$0.08B,$0.03B,39.74%,$0.08B,$0.02B,24.36%,$0.08B,$0.02B,24.36%,$0.08B,$0.02B,24.36%,$0.08B,$0.02B,24.36%,$0.08B,$0.02B,21.79%,$0.02B,$0.10B,18.18%,$0.02B,$0.10B,18.18%,$0.02B,$0.11B,16.08%,$0.02B,$0.10B,20.32%,$16,$9,$6,$2,$2,$13,$3,$0,$3,$1,$3,$3,$3,$3,$3,$7,7,$0.35,$0.34,$35,$27,$0,$78,$0,$23,$0,$1,$25,$106,$8,$0,$3,$3,$11,$40,$55,$0,$95,$106,$0,$0,$0,$0,$0,$0,$0,$0,$0,$0,$0,$0,$0,$0,$0,$0,$0,$0,$0,$0,$0,$0,$0,$0,$0,$0,$0,$0,$0
17,2014-06-30,38.96,$0.00,0.0,$10.87,3.58,$0.95,41.08,$2.46,15.84,$0.08B,$0.01B,8.49,$0.00B,$0.09B,0.0,$0.08B,$0.03B,40.51%,$0.08B,$0.02B,25.32%,$0.08B,$0.02B,25.32%,$0.08B,$0.02B,25.32%,$0.08B,$0.02B,25.32%,$0.08B,$0.02B,22.78%,$0.02B,$0.09B,19.89%,$0.02B,$0.09B,19.89%,$0.02B,$0.10B,17.43%,$0.02B,$0.09B,22.10%,$18,$11,$7,$2,$2,$14,$4,$0,$4,$1,$3,$3,$3,$4,$4,$7,7,$0.46,$0.45,$31,$28,$1,$76,$0,$24,$0,$2,$26,$104,$9,$0,$3,$3,$12,$40,$52,$0,$92,$104,$7,$0,$0,$0,$0,$0,$0,$0,$-2,$7,$-1,$0,$0,$0,$0,$3,$0,$2,$0,$0,$0,$0,$1,$-7,$0,$-6,$3,$0,$0
18,2014-03-31,56.7,$0.00,0.0,$10.59,5.35,$0.15,379.26,$2.46,23.05,$0.08B,$0.01B,8.52,$0.00B,$0.10B,0.0,$0.08B,$0.03B,40.26%,$0.08B,$0.02B,24.68%,$0.08B,$0.02B,24.68%,$0.08B,$0.02B,24.68%,$0.08B,$0.02B,25.97%,$0.08B,$0.02B,23.38%,$0.02B,$0.10B,20.63%,$0.02B,$0.10B,20.63%,$0.02B,$0.11B,17.87%,$0.02B,$0.10B,21.78%,$19,$11,$8,$1,$2,$14,$5,$0,$5,$1,$4,$4,$4,$5,$5,$7,7,$0.56,$0.55,$34,$30,$3,$83,$0,$21,$0,$2,$23,$108,$10,$0,$3,$3,$12,$40,$56,$0,$96,$108,$0,$0,$0,$0,$0,$0,$0,$0,$0,$0,$0,$0,$0,$0,$0,$0,$0,$0,$0,$0,$0,$0,$0,$0,$0,$0,$0,$0,$0
19,2013-12-31,41.78,$0.00,0.0,$10.10,4.14,$0.15,279.49,$2.34,17.86,$0.08B,$0.01B,6.47,$0.00B,$0.09B,0.0,$0.07B,$0.03B,39.73%,$0.07B,$0.02B,23.29%,$0.07B,$0.02B,23.29%,$0.07B,$0.02B,23.29%,$0.07B,$0.02B,24.66%,$0.07B,$0.02B,23.29%,$0.02B,$0.09B,20.42%,$0.02B,$0.09B,20.42%,$0.02B,$0.11B,17.62%,$0.02B,$0.09B,20.42%,$25,$15,$10,$2,$2,$19,$7,$0,$7,$0,$7,$7,$7,$7,$7,$7,7,$0.94,$0.91,$31,$29,$0,$77,$0,$24,$0,$2,$27,$105,$12,$0,$3,$3,$15,$0,$52,$0,$91,$105,$17,$1,$3,$1,$-3,$-16,$-2,$0,$-19,$2,$-1,$-0,$0,$-0,$1,$1,$-1,$-0,$0,$0,$0,$2,$2,$-4,$0,$-2,$-0,$1,$-4
20,2013-09-30,33.91,$0.00,0.0,$9.01,3.76,$1.15,29.36,$1.86,18.23,$0.07B,$0.01B,6.93,$0.00B,$0.08B,0.0,$0.07B,$0.03B,38.46%,$0.07B,$0.01B,20.00%,$0.07B,$0.01B,20.00%,$0.07B,$0.01B,20.00%,$0.07B,$0.01B,21.54%,$0.07B,$0.01B,20.00%,$0.01B,$0.08B,16.40%,$0.01B,$0.08B,16.40%,$0.01B,$0.10B,14.05%,$0.01B,$0.08B,16.40%,$17,$10,$7,$1,$2,$13,$4,$0,$4,$0,$4,$4,$4,$4,$4,$7,7,$0.57,$0.55,$28,$32,$0,$71,$0,$22,$0,$2,$24,$96,$10,$0,$3,$3,$13,$38,$45,$0,$83,$96,$0,$0,$0,$0,$0,$0,$0,$0,$0,$0,$0,$0,$0,$0,$0,$0,$0,$0,$0,$0,$0,$0,$0,$0,$0,$0,$0,$0,$0
21,2013-06-30,31.33,$0.00,0.0,$8.29,3.78,$1.15,27.13,$1.68,18.65,$0.07B,$0.01B,5.29,$0.00B,$0.08B,0.0,$0.06B,$0.02B,38.33%,$0.06B,$0.01B,20.00%,$0.06B,$0.01B,20.00%,$0.06B,$0.01B,20.00%,$0.06B,$0.01B,21.67%,$0.06B,$0.01B,20.00%,$0.01B,$0.08B,15.74%,$0.01B,$0.08B,15.74%,$0.01B,$0.09B,13.48%,$0.01B,$0.08B,15.74%,$16,$9,$6,$1,$1,$12,$3,$0,$4,$0,$3,$3,$3,$3,$3,$7,7,$0.46,$0.45,$29,$27,$0,$68,$0,$24,$0,$1,$25,$94,$13,$0,$2,$2,$15,$38,$41,$0,$79,$94,$0,$0,$0,$0,$0,$0,$0,$0,$0,$0,$0,$0,$0,$0,$0,$0,$0,$0,$0,$0,$0,$0,$0,$0,$0,$0,$0,$0,$0
22,2013-03-31,25.29,$0.00,0.0,$7.60,3.33,$1.15,21.9,$1.56,16.21,$0.06B,$0.01B,6.75,$0.00B,$0.08B,0.0,$0.05B,$0.02B,38.89%,$0.05B,$0.01B,20.37%,$0.05B,$0.01B,20.37%,$0.05B,$0.01B,20.37%,$0.05B,$0.01B,20.37%,$0.05B,$0.01B,20.37%,$0.01B,$0.08B,14.92%,$0.01B,$0.08B,14.92%,$0.01B,$0.09B,12.98%,$0.01B,$0.08B,14.92%,$15,$9,$6,$1,$1,$12,$3,$0,$3,$0,$3,$3,$3,$3,$3,$7,7,$0.44,$0.43,$29,$19,$0,$61,$0,$27,$0,$1,$29,$91,$9,$0,$2,$2,$12,$38,$42,$0,$80,$91,$0,$0,$0,$0,$0,$0,$0,$0,$0,$0,$0,$0,$0,$0,$0,$0,$0,$0,$0,$0,$0,$0,$0,$0,$0,$0,$0,$0,$0
23,2012-12-31,16.09,$0.00,0.0,$6.95,2.32,$1.15,13.93,$1.41,11.41,$0.06B,$0.01B,4.91,$0.00B,$0.08B,0.0,$0.05B,$0.02B,38.78%,$0.05B,$0.01B,20.41%,$0.05B,$0.01B,20.41%,$0.05B,$0.01B,20.41%,$0.05B,$0.01B,20.41%,$0.05B,$0.01B,20.41%,$0.01B,$0.08B,14.23%,$0.01B,$0.08B,14.23%,$0.01B,$0.09B,12.38%,$0.01B,$0.08B,14.23%,$17,$10,$6,$1,$2,$14,$3,$0,$3,$0,$3,$3,$3,$3,$3,$7,7,$0.44,$0.43,$28,$15,$3,$58,$0,$28,$0,$1,$30,$89,$12,$0,$2,$2,$14,$0,$39,$0,$75,$89,$10,$0,$0,$0,$0,$0,$0,$0,$-4,$9,$-1,$0,$0,$0,$0,$-7,$0,$-7,$0,$0,$0,$0,$0,$0,$0,$0,$2,$0,$0
24,2012-09-30,13.91,$0.00,0.0,$6.14,2.26,$0.60,23.18,$1.32,10.54,$0.05B,$0.01B,6.22,$0.00B,$0.07B,0.0,$0.04B,$0.02B,41.86%,$0.04B,$0.01B,20.93%,$0.04B,$0.01B,20.93%,$0.04B,$0.01B,20.93%,$0.04B,$0.01B,23.26%,$0.04B,$0.01B,20.93%,$0.01B,$0.07B,13.33%,$0.01B,$0.07B,13.33%,$0.01B,$0.08B,11.73%,$0.01B,$0.07B,13.33%,$12,$7,$5,$1,$1,$9,$3,$0,$3,$0,$3,$3,$3,$3,$3,$7,7,$0.37,$0.37,$26,$13,$2,$51,$0,$29,$0,$1,$30,$82,$8,$0,$2,$2,$10,$36,$36,$0,$71,$82,$0,$0,$0,$0,$0,$0,$0,$0,$0,$0,$0,$0,$0,$0,$0,$0,$0,$0,$0,$0,$0,$0,$0,$0,$0,$0,$0,$0,$0
25,2012-06-30,12.43,$0.00,0.0,$5.93,2.1,$0.60,20.71,$1.25,9.94,$0.04B,$0.01B,6.5,$0.00B,$0.07B,0.0,$0.04B,$0.02B,41.46%,$0.04B,$0.01B,19.51%,$0.04B,$0.01B,19.51%,$0.04B,$0.01B,19.51%,$0.04B,$0.01B,21.95%,$0.04B,$0.01B,19.51%,$0.01B,$0.07B,12.26%,$0.01B,$0.07B,12.26%,$0.01B,$0.08B,10.81%,$0.01B,$0.07B,12.26%,$10,$6,$4,$1,$1,$8,$2,$0,$2,$0,$2,$2,$2,$2,$2,$7,7,$0.33,$0.33,$20,$12,$1,$42,$0,$33,$0,$1,$35,$77,$6,$0,$2,$2,$9,$35,$33,$0,$69,$77,$0,$0,$0,$0,$0,$0,$0,$0,$0,$0,$0,$0,$0,$0,$0,$0,$0,$0,$0,$0,$0,$0,$0,$0,$0,$0,$0,$0,$0
26,2012-03-31,16.0,$0.00,0.0,$5.78,2.77,$0.60,26.66,$1.20,13.33,$0.04B,$0.01B,6.54,$0.00B,$0.07B,0.0,$0.04B,$0.02B,42.50%,$0.04B,$0.01B,20.00%,$0.04B,$0.01B,20.00%,$0.04B,$0.01B,20.00%,$0.04B,$0.01B,22.50%,$0.04B,$0.01B,20.00%,$0.01B,$0.07B,12.75%,$0.01B,$0.07B,12.75%,$0.01B,$0.08B,11.15%,$0.01B,$0.07B,12.75%,$10,$6,$4,$1,$1,$8,$2,$0,$2,$0,$2,$2,$2,$2,$2,$7,7,$0.29,$0.28,$21,$11,$1,$43,$0,$30,$0,$1,$32,$75,$7,$0,$2,$2,$9,$35,$31,$0,$66,$75,$0,$0,$0,$0,$0,$0,$0,$0,$0,$0,$0,$0,$0,$0,$0,$0,$0,$0,$0,$0,$0,$0,$0,$0,$0,$0,$0,$0,$0
27,2011-12-31,15.73,$0.00,0.0,$5.65,2.78,$0.60,26.21,$1.17,13.44,$0.05B,$0.01B,7.3,$0.00B,$0.06B,0.0,$0.04B,$0.02B,43.59%,$0.04B,$0.01B,20.51%,$0.04B,$0.01B,20.51%,$0.04B,$0.01B,20.51%,$0.04B,$0.01B,23.08%,$0.04B,$0.01B,20.51%,$0.01B,$0.06B,13.22%,$0.01B,$0.06B,13.22%,$0.01B,$0.07B,11.51%,$0.01B,$0.06B,13.22%,$11,$6,$5,$1,$1,$9,$2,$0,$3,$0,$2,$2,$2,$2,$2,$7,7,$0.35,$0.34,$26,$11,$2,$47,$0,$24,$0,$1,$25,$73,$6,$0,$2,$2,$9,$0,$29,$0,$64,$73,$8,$0,$0,$0,$0,$0,$0,$0,$-6,$5,$-0,$0,$0,$0,$0,$1,$0,$0,$0,$0,$0,$0,$0,$0,$0,$0,$5,$0,$0
28,2011-09-30,12.44,$0.00,0.0,$5.48,2.27,$0.40,31.36,$1.11,11.21,$0.04B,$0.01B,6.4,$0.00B,$0.06B,0.0,$0.04B,$0.02B,42.11%,$0.04B,$0.01B,21.05%,$0.04B,$0.01B,21.05%,$0.04B,$0.01B,21.05%,$0.04B,$0.01B,21.05%,$0.04B,$0.01B,21.05%,$0.01B,$0.06B,13.73%,$0.01B,$0.06B,13.73%,$0.01B,$0.07B,11.94%,$0.01B,$0.06B,13.73%,$10,$6,$4,$1,$1,$8,$2,$0,$2,$0,$2,$2,$2,$2,$2,$7,7,$0.31,$0.30,$22,$12,$1,$43,$0,$25,$0,$1,$27,$71,$7,$0,$2,$2,$9,$35,$27,$0,$62,$71,$0,$0,$0,$0,$0,$0,$0,$0,$0,$0,$0,$0,$0,$0,$0,$0,$0,$0,$0,$0,$0,$0,$0,$0,$0,$0,$0,$0,$0
29,2011-06-30,17.94,$0.00,0.0,$5.11,3.51,$0.40,45.23,$1.02,17.58,$0.04B,$0.01B,6.87,$0.00B,$0.06B,0.0,$0.04B,$0.02B,42.86%,$0.04B,$0.01B,22.86%,$0.04B,$0.01B,22.86%,$0.04B,$0.01B,22.86%,$0.04B,$0.01B,22.86%,$0.04B,$0.01B,20.00%,$0.01B,$0.06B,12.50%,$0.01B,$0.06B,12.50%,$0.01B,$0.07B,10.85%,$0.01B,$0.06B,14.29%,$9,$5,$4,$1,$1,$7,$2,$0,$2,$0,$2,$2,$2,$2,$2,$7,7,$0.29,$0.28,$25,$11,$1,$44,$0,$22,$0,$1,$24,$68,$6,$0,$2,$2,$9,$35,$25,$0,$59,$68,$0,$0,$0,$0,$0,$0,$0,$0,$0,$0,$0,$0,$0,$0,$0,$0,$0,$0,$0,$0,$0,$0,$0,$0,$0,$0,$0,$0,$0
30,2011-03-31,16.49,$0.00,0.0,$4.75,3.47,$0.40,41.58,$0.94,17.55,$0.04B,$0.01B,6.36,$0.00B,$0.06B,0.0,$0.03B,$0.01B,42.42%,$0.03B,$0.01B,21.21%,$0.03B,$0.01B,21.21%,$0.03B,$0.01B,21.21%,$0.03B,$0.01B,24.24%,$0.03B,$0.01B,18.18%,$0.01B,$0.06B,11.06%,$0.01B,$0.06B,11.06%,$0.01B,$0.07B,9.64%,$0.01B,$0.06B,12.90%,$9,$5,$4,$1,$1,$7,$2,$0,$2,$0,$2,$2,$2,$2,$2,$7,7,$0.26,$0.25,$25,$10,$1,$43,$0,$22,$0,$1,$23,$66,$7,$0,$2,$2,$9,$35,$23,$0,$57,$66,$0,$0,$0,$0,$0,$0,$0,$0,$0,$0,$0,$0,$0,$0,$0,$0,$0,$0,$0,$0,$0,$0,$0,$0,$0,$0,$0,$0,$0
31,2010-12-31,16.71,$0.00,0.0,$4.36,3.83,$0.40,42.13,$0.83,20.13,$0.04B,$0.01B,6.79,$0.00B,$0.06B,0.0,$0.03B,$0.01B,43.33%,$0.03B,$0.01B,20.00%,$0.03B,$0.01B,20.00%,$0.03B,$0.01B,20.00%,$0.03B,$0.01B,23.33%,$0.03B,$0.01B,16.67%,$0.01B,$0.06B,9.52%,$0.01B,$0.06B,9.52%,$0.01B,$0.06B,8.30%,$0.01B,$0.06B,11.43%,$10,$6,$4,$1,$1,$8,$2,$0,$2,$0,$2,$2,$2,$2,$2,$7,7,$0.29,$0.28,$24,$8,$1,$40,$0,$22,$0,$1,$23,$63,$6,$0,$2,$2,$8,$0,$21,$0,$55,$63,$6,$0,$0,$0,$0,$0,$0,$0,$-5,$3,$-0,$0,$0,$0,$0,$-2,$-2,$-4,$0,$0,$0,$0,$0,$0,$0,$0,$-1,$0,$0
32,2010-09-30,12.48,$0.00,0.0,$3.93,3.18,$0.52,24.17,$0.74,16.87,$0.04B,$0.01B,6.77,$0.00B,$0.05B,0.0,$0.03B,$0.01B,44.44%,$0.03B,$0.01B,18.52%,$0.03B,$0.01B,18.52%,$0.03B,$0.01B,18.52%,$0.03B,$0.01B,22.22%,$0.03B,$0.00B,14.81%,$0.00B,$0.05B,7.84%,$0.00B,$0.05B,7.84%,$0.00B,$0.06B,6.84%,$0.01B,$0.05B,9.80%,$7,$4,$3,$1,$1,$6,$2,$0,$2,$0,$1,$1,$1,$2,$2,$7,7,$0.21,$0.21,$26,$9,$1,$40,$0,$19,$0,$1,$20,$61,$6,$0,$2,$2,$8,$34,$19,$0,$53,$61,$0,$0,$0,$0,$0,$0,$0,$0,$0,$0,$0,$0,$0,$0,$0,$0,$0,$0,$0,$0,$0,$0,$0,$0,$0,$0,$0,$0,$0
33,2010-06-30,7.48,$0.00,0.0,$3.55,2.11,$0.52,14.48,$0.58,12.9,$0.04B,$0.01B,7.57,$0.00B,$0.05B,0.0,$0.03B,$0.01B,44.00%,$0.03B,$0.00B,12.00%,$0.03B,$0.00B,12.00%,$0.03B,$0.00B,12.00%,$0.03B,$0.01B,20.00%,$0.03B,$0.00B,12.00%,$0.00B,$0.05B,6.06%,$0.00B,$0.05B,6.06%,$0.00B,$0.06B,5.29%,$0.00B,$0.05B,6.06%,$7,$4,$3,$1,$1,$5,$1,$0,$2,$0,$1,$1,$1,$1,$1,$7,7,$0.20,$0.20,$28,$7,$1,$41,$0,$16,$0,$1,$17,$59,$5,$0,$2,$2,$7,$34,$17,$0,$52,$59,$0,$0,$0,$0,$0,$0,$0,$0,$0,$0,$0,$0,$0,$0,$0,$0,$0,$0,$0,$0,$0,$0,$0,$0,$0,$0,$0,$0,$0
34,2010-03-31,9.6,$0.00,0.0,$3.17,3.03,$0.81,11.84,$0.42,22.85,$0.04B,$0.01B,6.55,$0.00B,$0.05B,0.0,$0.02B,$0.01B,45.45%,$0.02B,$0.00B,9.09%,$0.02B,$0.00B,9.09%,$0.02B,$0.00B,9.09%,$0.02B,$0.00B,13.64%,$0.02B,$0.00B,9.09%,$0.00B,$0.05B,4.15%,$0.00B,$0.05B,4.15%,$0.00B,$0.06B,3.64%,$0.00B,$0.05B,4.15%,$6,$4,$3,$1,$1,$5,$1,$0,$1,$0,$1,$1,$1,$1,$1,$7,7,$0.14,$0.14,$26,$6,$1,$39,$0,$18,$0,$1,$19,$58,$6,$0,$2,$2,$8,$34,$16,$0,$50,$58,$0,$0,$0,$0,$0,$0,$0,$0,$0,$0,$0,$0,$0,$0,$0,$0,$0,$0,$0,$0,$0,$0,$0,$0,$0,$0,$0,$0,$0
35,2009-12-31,7.43,$0.00,0.0,$2.99,2.48,$0.81,9.16,$0.41,18.11,$0.04B,$0.00B,8.06,$0.00B,$0.05B,0.0,$0.02B,$0.01B,42.86%,$0.02B,$0.00B,9.52%,$0.02B,$0.00B,9.52%,$0.02B,$0.00B,9.52%,$0.02B,$0.00B,14.29%,$0.02B,$0.00B,9.52%,$0.00B,$0.05B,4.23%,$0.00B,$0.05B,4.23%,$0.00B,$0.06B,3.74%,$0.00B,$0.05B,4.23%,$7,$4,$3,$1,$1,$6,$1,$0,$1,$-0,$1,$1,$1,$1,$1,$7,7,$0.20,$0.19,$25,$5,$1,$35,$0,$18,$0,$1,$20,$56,$4,$0,$2,$2,$6,$0,$15,$0,$49,$56,$3,$0,$0,$0,$0,$0,$0,$0,$-1,$4,$-0,$0,$0,$0,$0,$-12,$0,$-12,$0,$0,$0,$0,$1,$0,$0,$1,$-7,$0,$0
36,2009-09-30,8.4,$0.00,0.0,$2.98,2.82,$1.06,7.92,$0.46,18.27,$0.03B,$0.01B,6.44,$0.00B,$0.05B,0.0,$0.02B,$0.01B,38.10%,$0.02B,$0.00B,9.52%,$0.02B,$0.00B,9.52%,$0.02B,$0.00B,9.52%,$0.02B,$0.00B,19.05%,$0.02B,$0.00B,14.29%,$0.00B,$0.05B,6.49%,$0.00B,$0.05B,6.49%,$0.00B,$0.05B,5.71%,$0.00B,$0.05B,4.32%,$5,$3,$2,$1,$1,$4,$0,$0,$1,$0,$0,$0,$0,$0,$0,$7,7,$0.05,$0.05,$20,$5,$0,$30,$0,$22,$0,$1,$23,$54,$5,$0,$2,$2,$7,$33,$14,$0,$47,$54,$0,$0,$0,$0,$0,$0,$0,$0,$0,$0,$0,$0,$0,$0,$0,$0,$0,$0,$0,$0,$0,$0,$0,$0,$0,$0,$0,$0,$0
37,2009-06-30,6.51,$0.00,0.0,$3.21,2.03,$1.06,6.13,$0.55,11.84,$0.03B,$0.00B,8.32,$0.00B,$0.05B,0.0,$0.02B,$0.01B,36.36%,$0.02B,$0.00B,13.64%,$0.02B,$0.00B,13.64%,$0.02B,$0.00B,13.64%,$0.02B,$0.00B,18.18%,$0.02B,$0.00B,18.18%,$0.00B,$0.05B,8.79%,$0.00B,$0.05B,8.79%,$0.00B,$0.05B,7.77%,$0.00B,$0.05B,6.59%,$4,$2,$2,$1,$1,$4,$0,$0,$0,$0,$0,$0,$0,$0,$0,$7,7,$0.04,$0.04,$23,$5,$0,$32,$0,$19,$0,$1,$20,$52,$4,$0,$2,$2,$6,$33,$13,$0,$47,$52,$1,$0,$0,$0,$0,$0,$0,$0,$0,$2,$-0,$0,$0,$0,$0,$-3,$0,$-3,$0,$0,$0,$0,$0,$0,$0,$0,$-1,$0,$0
38,2009-03-31,5.95,$0.00,0.0,$3.38,1.76,$1.31,4.56,$0.56,10.62,$0.04B,$0.00B,9.55,$0.00B,$0.05B,0.0,$0.02B,$0.01B,34.78%,$0.02B,$0.00B,13.04%,$0.02B,$0.00B,13.04%,$0.02B,$0.00B,13.04%,$0.02B,$0.00B,17.39%,$0.02B,$0.00B,17.39%,$0.00B,$0.05B,8.99%,$0.00B,$0.05B,8.99%,$0.00B,$0.05B,7.84%,$0.00B,$0.05B,6.74%,$5,$3,$2,$1,$1,$4,$1,$0,$1,$0,$1,$1,$1,$1,$1,$7,7,$0.13,$0.13,$29,$5,$0,$40,$0,$11,$0,$1,$12,$52,$4,$0,$2,$2,$6,$33,$13,$0,$46,$52,$0,$0,$0,$0,$0,$0,$0,$0,$0,$0,$0,$0,$0,$0,$0,$0,$0,$0,$0,$0,$0,$0,$0,$0,$0,$0,$0,$0,$0
39,2008-12-31,3.77,$0.00,0.0,$3.78,1.0,$1.31,2.89,$0.69,5.46,$0.03B,$0.01B,7.12,$0.00B,$0.05B,0.0,$0.03B,$0.01B,34.62%,$0.03B,$0.00B,11.54%,$0.03B,$0.00B,11.54%,$0.03B,$0.00B,11.54%,$0.03B,$0.01B,19.23%,$0.03B,$0.01B,19.23%,$0.01B,$0.05B,11.49%,$0.01B,$0.05B,11.49%,$0.01B,$0.05B,9.95%,$0.00B,$0.05B,6.90%,$7,$4,$2,$1,$1,$5,$1,$0,$2,$0,$2,$2,$2,$1,$1,$7,7,$0.25,$0.24,$23,$5,$0,$34,$0,$16,$0,$1,$17,$52,$5,$0,$2,$2,$7,$0,$12,$0,$45,$52,$5,$0,$0,$0,$0,$0,$0,$0,$-0,$6,$-1,$0,$0,$0,$0,$-6,$0,$-6,$0,$0,$0,$0,$1,$0,$0,$1,$0,$0,$0
40,2008-09-30,4.39,$0.00,0.0,$3.91,1.12,$1.00,4.41,$0.72,6.1,$0.03B,$0.01B,6.22,$0.00B,$0.04B,0.0,$0.03B,$0.01B,38.46%,$0.03B,$0.00B,15.38%,$0.03B,$0.00B,15.38%,$0.03B,$0.00B,15.38%,$0.03B,$0.01B,19.23%,$0.03B,$0.01B,19.23%,$0.01B,$0.04B,11.90%,$0.01B,$0.04B,11.90%,$0.01B,$0.05B,10.26%,$0.00B,$0.04B,9.52%,$6,$4,$2,$1,$1,$5,$1,$0,$1,$0,$1,$1,$1,$1,$1,$7,7,$0.14,$0.14,$18,$5,$0,$29,$0,$19,$0,$1,$20,$50,$5,$0,$2,$2,$7,$33,$11,$0,$44,$50,$0,$0,$0,$0,$0,$0,$0,$0,$0,$0,$0,$0,$0,$0,$0,$0,$0,$0,$0,$0,$0,$0,$0,$0,$0,$0,$0,$0,$0
41,2008-06-30,5.96,$0.00,0.0,$3.99,1.49,$1.00,5.99,$0.83,7.19,$0.03B,$0.01B,4.86,$0.00B,$0.04B,0.0,$0.03B,$0.01B,40.74%,$0.03B,$0.00B,14.81%,$0.03B,$0.00B,14.81%,$0.03B,$0.00B,14.81%,$0.03B,$0.01B,22.22%,$0.03B,$0.01B,22.22%,$0.01B,$0.04B,14.91%,$0.01B,$0.04B,14.91%,$0.01B,$0.05B,12.77%,$0.00B,$0.04B,9.94%,$5,$3,$2,$1,$1,$5,$0,$0,$0,$0,$0,$0,$0,$0,$0,$7,7,$0.05,$0.05,$16,$5,$0,$26,$0,$22,$0,$1,$23,$50,$5,$0,$2,$2,$7,$33,$10,$0,$43,$50,$2,$0,$0,$0,$0,$0,$0,$0,$0,$4,$-0,$0,$0,$0,$0,$-9,$0,$-10,$0,$0,$0,$0,$1,$0,$0,$1,$-5,$0,$0
42,2008-03-31,12.47,$0.00,0.0,$4.27,2.92,$0.60,20.69,$1.03,12.1,$0.03B,$0.01B,5.94,$0.00B,$0.04B,0.0,$0.03B,$0.01B,41.38%,$0.03B,$0.01B,17.24%,$0.03B,$0.01B,17.24%,$0.03B,$0.01B,17.24%,$0.03B,$0.01B,27.59%,$0.03B,$0.01B,27.59%,$0.01B,$0.04B,20.92%,$0.01B,$0.04B,20.92%,$0.01B,$0.05B,17.78%,$0.01B,$0.04B,13.07%,$8,$4,$3,$1,$1,$6,$1,$0,$2,$-0,$2,$2,$2,$1,$1,$7,7,$0.26,$0.26,$19,$5,$0,$31,$0,$16,$0,$1,$17,$49,$5,$0,$2,$2,$7,$33,$9,$0,$42,$49,$0,$0,$0,$0,$0,$0,$0,$0,$0,$0,$0,$0,$0,$0,$0,$0,$0,$0,$0,$0,$0,$0,$0,$0,$0,$0,$0,$0,$0
43,2007-12-31,12.53,$0.00,0.0,$4.21,2.97,$0.60,20.8,$0.99,12.66,$0.03B,$0.01B,6.11,$0.00B,$0.04B,0.0,$0.03B,$0.01B,40.74%,$0.03B,$0.01B,18.52%,$0.03B,$0.01B,18.52%,$0.03B,$0.01B,18.52%,$0.03B,$0.01B,25.93%,$0.03B,$0.01B,25.93%,$0.01B,$0.04B,22.05%,$0.01B,$0.04B,22.05%,$0.01B,$0.05B,18.18%,$0.01B,$0.04B,15.75%,$7,$4,$3,$1,$1,$6,$2,$0,$2,$0,$2,$2,$2,$2,$2,$7,7,$0.28,$0.27,$18,$4,$0,$29,$0,$15,$0,$1,$16,$46,$5,$0,$2,$2,$6,$0,$8,$0,$39,$46,$6,$0,$0,$0,$0,$0,$0,$0,$0,$4,$-1,$0,$0,$0,$0,$-13,$0,$-14,$0,$0,$0,$0,$20,$0,$0,$20,$10,$0,$0
44,2007-09-30,20.64,$0.00,0.0,$4.07,5.07,$0.48,42.96,$0.92,22.43,$0.02B,$0.00B,5.96,$0.00B,$0.04B,0.0,$0.03B,$0.01B,52.00%,$0.03B,$0.01B,32.00%,$0.03B,$0.01B,32.00%,$0.03B,$0.01B,32.00%,$0.03B,$0.01B,40.00%,$0.03B,$0.01B,24.00%,$0.01B,$0.04B,23.76%,$0.01B,$0.04B,23.76%,$0.01B,$0.04B,19.05%,$0.01B,$0.04B,31.68%,$7,$4,$3,$1,$1,$5,$1,$0,$2,$0,$2,$2,$2,$1,$1,$6,7,$0.25,$0.25,$14,$5,$0,$24,$0,$17,$0,$1,$18,$43,$4,$0,$1,$1,$6,$32,$6,$0,$37,$43,$0,$0,$0,$0,$0,$0,$0,$0,$0,$0,$0,$0,$0,$0,$0,$0,$0,$0,$0,$0,$0,$0,$0,$0,$0,$0,$0,$0,$0
45,2007-06-30,18.04,$0.00,0.0,$3.86,4.67,$0.48,37.54,$0.79,22.83,$0.03B,$0.01B,5.94,$0.00B,$0.04B,0.0,$0.02B,$0.01B,54.55%,$0.02B,$0.01B,36.36%,$0.02B,$0.01B,36.36%,$0.02B,$0.01B,36.36%,$0.02B,$0.01B,40.91%,$0.02B,$0.01B,22.73%,$0.01B,$0.04B,26.32%,$0.01B,$0.04B,26.32%,$0.01B,$0.04B,20.20%,$0.01B,$0.04B,42.11%,$7,$4,$3,$1,$1,$5,$1,$0,$2,$0,$2,$2,$2,$1,$1,$6,6,$0.26,$0.25,$21,$6,$0,$32,$0,$9,$0,$1,$10,$42,$5,$0,$1,$1,$7,$31,$4,$0,$35,$42,$3,$0,$0,$0,$0,$0,$0,$0,$-2,$1,$-0,$0,$0,$0,$0,$-11,$0,$-11,$0,$0,$0,$0,$19,$0,$0,$19,$9,$0,$0
46,2007-03-31,14.77,$0.00,0.0,$3.49,4.24,$0.34,43.88,$0.60,24.62,$0.02B,$0.01B,3.54,$0.00B,$0.02B,0.0,$0.02B,$0.01B,68.42%,$0.02B,$0.01B,57.89%,$0.02B,$0.01B,57.89%,$0.02B,$0.01B,57.89%,$0.02B,$0.01B,57.89%,$0.02B,$0.00B,15.79%,$0.00B,$0.02B,29.27%,$0.00B,$0.02B,29.27%,$0.00B,$0.02B,21.05%,$0.01B,$0.02B,107.32%,$6,$4,$2,$1,$1,$5,$1,$0,$1,$0,$1,$1,$1,$1,$1,$5,6,$0.23,$0.22,$9,$5,$0,$19,$0,$4,$0,$0,$4,$23,$5,$0,$1,$1,$7,$14,$3,$0,$16,$23,$0,$0,$0,$0,$0,$0,$0,$0,$0,$0,$0,$0,$0,$0,$0,$0,$0,$0,$0,$0,$0,$0,$0,$0,$0,$0,$0,$0,$0
47,2006-12-31,8.31,$0.00,0.0,$3.08,2.7,$0.34,24.7,$0.49,16.97,$0.01B,$0.00B,3.73,$0.00B,$0.01B,0.0,$0.02B,$0.01B,87.50%,$0.02B,$0.01B,81.25%,$0.02B,$0.01B,81.25%,$0.02B,$0.01B,81.25%,$0.02B,$0.01B,81.25%,$0.02B,$0.00B,18.75%,$0.00B,$0.01B,48.00%,$0.00B,$0.01B,48.00%,$0.00B,$0.02B,35.29%,$0.01B,$0.01B,208.00%,$5,$0,$5,$0,$0,$0,$5,$0,$5,$0,$5,$1,$1,$5,$5,$5,5,$0.20,$0.20,$6,$4,$0,$13,$0,$4,$0,$1,$5,$18,$3,$0,$1,$1,$5,$0,$1,$0,$13,$18,$3,$0,$0,$0,$0,$0,$0,$0,$0,$2,$-0,$0,$0,$0,$0,$-5,$0,$-5,$0,$-1,$0,$0,$6,$0,$0,$5,$2,$0,$0
