,Date,Stock Price,Book Value per Share,Price to Book Ratio,TTM Sales per Share,Price to Sales Ratio,TTM FCF per Share,Price to FCF Ratio,TTM Net EPS,PE Ratio,Current Assets,Current Liabilities,Current Ratio,Long Term Debt,Shareholder's Equity_x,Debt to Equity Ratio,TTM Revenue_x,TTM Gross Profit,Gross Margin,TTM Revenue_y,TTM Operating Income,Operating Margin,TTM Revenue_x,TTM EBIT,EBIT Margin,TTM Revenue_y,TTM EBITDA,EBITDA Margin,TTM Revenue_x,TTM Pre-Tax Income,Pre-Tax Margin,TTM Revenue_y,TTM Net Income_x,Net Margin,TTM Net Income_y,Shareholder's Equity_y,Return on Equity,TTM Net Income_x,Tangible Equity,Return on Tangible Equity,TTM Net Income_y,Total Assets,Return on Assets,TTM Net Income,LT Investments & Debt,Return on Investment,revenue,cost-goods-sold,gross-profit,research-development-expenses,selling-general-administrative-expenses,operating-expenses,operating-income,total-non-operating-income-expense,pre-tax-income,total-provision-income-taxes,income-after-taxes,income-from-continuous-operations,net-income,ebitda,ebit,basic-shares-outstanding,shares-outstanding,eps-basic-net-earnings-per-share,eps-earnings-per-share-diluted,cash-on-hand,inventory,other-current-assets,total-current-assets,net-property-plant-equipment,long-term-investments,goodwill-intangible-assets-total,other-long-term-assets,total-long-term-assets,total-assets,total-current-liabilities,long-term-debt,other-non-current-liabilities,total-long-term-liabilities,total-liabilities,common-stock-net,retained-earnings-accumulated-deficit,comprehensive-income,total-share-holder-equity,total-liabilities-share-holders-equity,net-income-loss,total-depreciation-amortization-cash-flow,other-non-cash-items,total-non-cash-items,change-in-accounts-receivable,change-in-inventories,change-in-accounts-payable,change-in-assets-liabilities,total-change-in-assets-liabilities,cash-flow-from-operating-activities,net-change-in-property-plant-equipment,net-change-in-intangible-assets,net-acquisitions-divestitures,net-change-in-short-term-investments,net-change-in-long-term-investments,net-change-in-investments-total,investing-activities-other,cash-flow-from-investing-activities,net-long-term-debt,net-current-debt,debt-issuance-retirement-net-total,net-common-equity-issued-repurchased,net-total-equity-issued-repurchased,total-common-preferred-stock-dividends-paid,financial-activities-other,cash-flow-from-financial-activities,net-cash-flow,stock-based-compensation,common-stock-dividends-paid
0,2018-09-30,53.7,$0.00,0.0,$15.05,3.57,$2.57,20.91,$2.57,20.89,$0.51B,$0.09B,5.91,$0.00B,$0.00B,0.0,$0.54B,$0.26B,48.43%,$0.54B,$0.11B,19.34%,$0.54B,$0.11B,19.34%,$0.54B,$0.11B,19.34%,$0.54B,$0.11B,19.89%,$0.54B,$0.09B,17.13%,$0.09B,$0.58B,17.32%,$0.09B,$0.52B,19.69%,$0.09B,$0.70B,13.49%,$0.11B,$0.58B,19.55%,$139,$68,$71,$26,$12,$106,$32,$1,$33,$4,$29,$29,$29,$32,$32,$36,36,$0.81,$0.81,$308,$91,$19,$511,$111,$4,$64,$7,$187,$697,$86,$0,$28,$28,$114,$0,$0,$0,$583,$697,$0,$0,$0,$0,$0,$0,$0,$0,$0,$0,$0,$0,$0,$0,$0,$0,$0,$0,$0,$0,$0,$0,$0,$0,$0,$0,$0,$0,$0
1,2018-06-30,52.61,$0.00,0.0,$14.77,3.56,$2.57,20.49,$2.25,23.38,$0.56B,$0.11B,4.95,$0.00B,$0.00B,0.0,$0.53B,$0.25B,47.08%,$0.53B,$0.10B,17.89%,$0.53B,$0.10B,17.89%,$0.53B,$0.10B,17.89%,$0.53B,$0.10B,18.46%,$0.53B,$0.08B,15.44%,$0.08B,$0.55B,15.75%,$0.08B,$0.49B,18.12%,$0.08B,$0.69B,12.13%,$0.10B,$0.55B,18.25%,$138,$72,$66,$20,$11,$104,$34,$0,$34,$4,$31,$31,$31,$34,$34,$36,36,$0.85,$0.85,$364,$94,$19,$564,$52,$5,$65,$7,$128,$692,$114,$0,$27,$27,$141,$0,$0,$0,$550,$692,$0,$0,$0,$0,$0,$0,$0,$0,$0,$0,$0,$0,$0,$0,$0,$0,$0,$0,$0,$0,$0,$0,$0,$0,$0,$0,$0,$0,$0
2,2018-03-31,47.56,$0.00,0.0,$14.66,3.24,$2.57,18.52,$2.07,22.98,$0.55B,$0.13B,4.22,$0.00B,$0.00B,0.0,$0.53B,$0.25B,47.34%,$0.53B,$0.09B,17.30%,$0.53B,$0.09B,17.30%,$0.53B,$0.09B,17.30%,$0.53B,$0.10B,18.06%,$0.53B,$0.08B,14.26%,$0.08B,$0.52B,14.79%,$0.08B,$0.46B,17.17%,$0.08B,$0.68B,11.28%,$0.09B,$0.52B,17.95%,$130,$68,$63,$26,$11,$105,$25,$2,$27,$4,$23,$23,$23,$25,$25,$36,36,$0.64,$0.64,$346,$93,$19,$549,$52,$2,$66,$7,$126,$675,$130,$0,$24,$24,$154,$0,$0,$0,$521,$675,$0,$0,$0,$0,$0,$0,$0,$0,$0,$0,$0,$0,$0,$0,$0,$0,$0,$0,$0,$0,$0,$0,$0,$0,$0,$0,$0,$0,$0
3,2017-12-31,52.0,$13.80,3.77,$14.59,3.56,$2.57,20.25,$2.08,25.0,$0.57B,$0.18B,3.21,$0.00B,$0.49B,0.0,$0.52B,$0.25B,47.99%,$0.52B,$0.10B,18.36%,$0.52B,$0.10B,18.36%,$0.52B,$0.10B,18.36%,$0.52B,$0.10B,18.74%,$0.52B,$0.08B,14.53%,$0.08B,$0.49B,15.37%,$0.08B,$0.43B,18.00%,$0.08B,$0.69B,11.66%,$0.10B,$0.49B,19.41%,$136,$73,$63,$28,$12,$123,$14,$1,$14,$4,$10,$10,$10,$14,$14,$36,36,$0.28,$0.28,$366,$94,$20,$569,$51,$0,$66,$4,$125,$694,$177,$0,$22,$22,$200,$1,$247,$3,$494,$694,$75,$13,$25,$38,$-5,$-22,$24,$3,$-9,$104,$-12,$0,$-3,$0,$0,$0,$0,$-15,$0,$0,$0,$0,$0,$-32,$0,$-32,$60,$15,$-32
4,2017-09-30,46.86,$0.00,0.0,$14.86,3.15,$3.19,14.68,$2.54,18.45,$0.51B,$0.10B,4.93,$0.00B,$0.00B,0.0,$0.53B,$0.26B,48.96%,$0.53B,$0.12B,22.03%,$0.53B,$0.12B,22.03%,$0.53B,$0.12B,22.03%,$0.53B,$0.12B,22.60%,$0.53B,$0.09B,17.33%,$0.09B,$0.52B,19.10%,$0.09B,$0.44B,22.58%,$0.09B,$0.64B,14.61%,$0.12B,$0.52B,24.29%,$127,$69,$58,$25,$11,$106,$22,$2,$23,$6,$18,$18,$18,$22,$22,$36,36,$0.49,$0.49,$333,$79,$20,$511,$49,$0,$78,$6,$132,$643,$104,$0,$22,$22,$126,$0,$0,$0,$517,$643,$0,$0,$0,$0,$0,$0,$0,$0,$0,$0,$0,$0,$0,$0,$0,$0,$0,$0,$0,$0,$0,$0,$0,$0,$0,$0,$0,$0,$0
5,2017-06-30,46.84,$0.00,0.0,$15.77,2.97,$3.19,14.68,$2.97,15.77,$0.52B,$0.13B,4.0,$0.00B,$0.00B,0.0,$0.56B,$0.28B,49.56%,$0.56B,$0.13B,23.80%,$0.56B,$0.13B,23.80%,$0.56B,$0.13B,23.80%,$0.56B,$0.14B,24.16%,$0.56B,$0.11B,19.01%,$0.11B,$0.50B,23.52%,$0.11B,$0.42B,28.05%,$0.11B,$0.65B,17.31%,$0.13B,$0.50B,29.45%,$133,$68,$65,$24,$9,$102,$30,$1,$31,$7,$24,$24,$24,$30,$30,$36,36,$0.67,$0.67,$306,$82,$44,$520,$49,$0,$73,$6,$127,$647,$130,$0,$21,$21,$151,$0,$0,$0,$496,$647,$0,$0,$0,$0,$0,$0,$0,$0,$0,$0,$0,$0,$0,$0,$0,$0,$0,$0,$0,$0,$0,$0,$0,$0,$0,$0,$0,$0,$0
6,2017-03-31,45.23,$0.00,0.0,$16.03,2.82,$3.19,14.17,$3.12,14.5,$0.50B,$0.13B,3.7,$0.00B,$0.00B,0.0,$0.57B,$0.28B,49.39%,$0.57B,$0.14B,24.52%,$0.57B,$0.14B,24.52%,$0.57B,$0.14B,24.52%,$0.57B,$0.14B,24.69%,$0.57B,$0.11B,19.61%,$0.11B,$0.47B,26.00%,$0.11B,$0.40B,31.39%,$0.11B,$0.62B,19.03%,$0.14B,$0.47B,32.50%,$127,$62,$65,$24,$10,$97,$30,$0,$30,$7,$24,$24,$24,$30,$30,$35,36,$0.66,$0.65,$304,$76,$44,$495,$48,$0,$73,$6,$127,$623,$134,$0,$18,$18,$152,$0,$0,$0,$471,$623,$0,$0,$0,$0,$0,$0,$0,$0,$0,$0,$0,$0,$0,$0,$0,$0,$0,$0,$0,$0,$0,$0,$0,$0,$0,$0,$0,$0,$0
7,2016-12-31,40.89,$12.53,3.26,$15.67,2.61,$3.19,12.81,$3.12,13.11,$0.48B,$0.15B,3.27,$0.00B,$0.44B,0.0,$0.56B,$0.27B,49.19%,$0.56B,$0.14B,24.78%,$0.56B,$0.14B,24.78%,$0.56B,$0.14B,24.78%,$0.56B,$0.14B,24.96%,$0.56B,$0.11B,19.93%,$0.11B,$0.44B,27.37%,$0.11B,$0.37B,33.56%,$0.11B,$0.61B,19.95%,$0.14B,$0.44B,34.03%,$144,$72,$72,$26,$11,$109,$35,$1,$36,$9,$26,$26,$26,$35,$35,$35,36,$0.74,$0.73,$278,$72,$48,$477,$48,$0,$74,$3,$129,$606,$146,$0,$17,$17,$163,$1,$216,$-1,$443,$606,$111,$12,$14,$26,$-15,$-25,$9,$0,$-11,$126,$-12,$0,$0,$0,$4,$4,$0,$-8,$0,$25,$25,$0,$0,$-23,$0,$2,$119,$17,$-23
8,2016-09-30,49.62,$0.00,0.0,$14.39,3.45,$1.20,41.41,$2.77,17.91,$0.46B,$0.17B,2.74,$0.00B,$0.00B,0.0,$0.51B,$0.25B,49.12%,$0.51B,$0.12B,23.68%,$0.51B,$0.12B,23.68%,$0.51B,$0.12B,23.68%,$0.51B,$0.12B,23.68%,$0.51B,$0.10B,19.18%,$0.10B,$0.41B,25.74%,$0.10B,$0.34B,32.05%,$0.10B,$0.60B,18.97%,$0.12B,$0.41B,31.76%,$159,$81,$77,$26,$12,$120,$39,$0,$39,$6,$33,$33,$33,$39,$39,$35,36,$0.93,$0.92,$269,$80,$44,$461,$49,$0,$74,$11,$134,$596,$169,$0,$17,$17,$185,$0,$0,$0,$410,$596,$0,$0,$0,$0,$0,$0,$0,$0,$0,$0,$0,$0,$0,$0,$0,$0,$0,$0,$0,$0,$0,$0,$0,$0,$0,$0,$0,$0,$0
9,2016-06-30,45.67,$0.00,0.0,$12.66,3.61,$1.20,38.12,$2.28,20.03,$0.40B,$0.11B,3.48,$0.00B,$0.00B,0.0,$0.45B,$0.22B,49.89%,$0.45B,$0.10B,22.60%,$0.45B,$0.10B,22.60%,$0.45B,$0.10B,22.60%,$0.45B,$0.10B,22.82%,$0.45B,$0.08B,17.45%,$0.08B,$0.40B,21.37%,$0.08B,$0.32B,26.97%,$0.08B,$0.53B,16.40%,$0.10B,$0.40B,27.65%,$141,$73,$68,$21,$10,$104,$36,$-0,$36,$7,$29,$29,$29,$36,$36,$35,35,$0.82,$0.82,$219,$82,$19,$397,$48,$0,$75,$9,$132,$529,$114,$0,$16,$16,$130,$0,$0,$0,$399,$529,$0,$0,$0,$0,$0,$0,$0,$0,$0,$0,$0,$0,$0,$0,$0,$0,$0,$0,$0,$0,$0,$0,$0,$0,$0,$0,$0,$0,$0
10,2016-03-31,36.94,$0.00,0.0,$11.21,3.3,$1.20,30.83,$1.99,18.56,$0.37B,$0.11B,3.26,$0.00B,$0.00B,0.0,$0.39B,$0.20B,50.64%,$0.39B,$0.09B,21.88%,$0.39B,$0.09B,21.88%,$0.39B,$0.09B,21.88%,$0.39B,$0.09B,22.39%,$0.39B,$0.07B,17.05%,$0.07B,$0.37B,19.28%,$0.07B,$0.29B,23.78%,$0.07B,$0.50B,15.02%,$0.09B,$0.37B,24.73%,$113,$56,$57,$19,$10,$85,$28,$0,$28,$5,$23,$23,$23,$28,$28,$35,35,$0.66,$0.65,$191,$73,$19,$365,$50,$0,$75,$5,$130,$495,$112,$0,$13,$13,$125,$0,$0,$0,$370,$495,$0,$0,$0,$0,$0,$0,$0,$0,$0,$0,$0,$0,$0,$0,$0,$0,$0,$0,$0,$0,$0,$0,$0,$0,$0,$0,$0,$0,$0
11,2015-12-31,29.7,$9.88,3.01,$10.35,2.87,$1.20,24.79,$1.78,16.69,$0.32B,$0.09B,3.57,$0.00B,$0.34B,0.0,$0.36B,$0.18B,50.97%,$0.36B,$0.08B,21.05%,$0.36B,$0.08B,21.05%,$0.36B,$0.08B,21.05%,$0.36B,$0.08B,21.61%,$0.36B,$0.06B,16.34%,$0.06B,$0.34B,17.66%,$0.06B,$0.27B,21.20%,$0.06B,$0.45B,14.08%,$0.08B,$0.35B,22.74%,$98,$49,$49,$19,$11,$80,$18,$-0,$18,$5,$13,$13,$13,$18,$18,$35,35,$0.38,$0.38,$185,$47,$19,$315,$50,$0,$76,$3,$130,$446,$88,$0,$13,$13,$101,$1,$133,$1,$344,$446,$60,$9,$11,$9,$-29,$-0,$8,$1,$-15,$66,$-24,$0,$-30,$0,$-4,$-4,$-0,$-58,$0,$0,$0,$0,$0,$-21,$0,$-20,$-14,$10,$-21
12,2015-09-30,25.74,$0.00,0.0,$9.90,2.6,$1.66,15.53,$1.75,14.71,$0.31B,$0.08B,4.04,$0.00B,$0.00B,0.0,$0.34B,$0.18B,51.45%,$0.34B,$0.08B,21.80%,$0.34B,$0.08B,21.80%,$0.34B,$0.08B,21.80%,$0.34B,$0.08B,22.38%,$0.34B,$0.06B,16.86%,$0.06B,$0.35B,17.90%,$0.06B,$0.27B,20.84%,$0.06B,$0.43B,14.53%,$0.08B,$0.35B,23.15%,$95,$46,$49,$20,$10,$76,$19,$1,$20,$7,$13,$13,$13,$19,$19,$35,35,$0.38,$0.38,$184,$50,$20,$314,$38,$0,$77,$4,$119,$433,$78,$0,$8,$8,$86,$0,$0,$0,$347,$433,$0,$0,$0,$0,$0,$0,$0,$0,$0,$0,$0,$0,$0,$0,$0,$0,$0,$0,$0,$0,$0,$0,$0,$0,$0,$0,$0,$0,$0
13,2015-06-30,32.43,$0.00,0.0,$9.21,3.52,$1.66,19.57,$1.73,18.75,$0.33B,$0.07B,4.61,$0.00B,$0.00B,0.0,$0.32B,$0.16B,49.37%,$0.32B,$0.06B,18.24%,$0.32B,$0.06B,18.24%,$0.32B,$0.06B,18.24%,$0.32B,$0.08B,23.90%,$0.32B,$0.06B,18.55%,$0.06B,$0.33B,18.97%,$0.06B,$0.29B,21.42%,$0.06B,$0.41B,15.53%,$0.06B,$0.33B,18.65%,$87,$43,$44,$16,$7,$66,$21,$1,$22,$4,$18,$18,$18,$21,$21,$35,35,$0.53,$0.53,$202,$50,$19,$332,$37,$0,$35,$6,$78,$410,$72,$0,$9,$9,$81,$0,$0,$0,$329,$410,$0,$0,$0,$0,$0,$0,$0,$0,$0,$0,$0,$0,$0,$0,$0,$0,$0,$0,$0,$0,$0,$0,$0,$0,$0,$0,$0,$0,$0
14,2015-03-31,25.06,$0.00,0.0,$8.73,2.87,$1.66,15.12,$1.61,15.57,$0.31B,$0.06B,4.84,$0.00B,$0.00B,0.0,$0.30B,$0.15B,49.67%,$0.30B,$0.05B,17.67%,$0.30B,$0.05B,17.67%,$0.30B,$0.05B,17.67%,$0.30B,$0.07B,23.67%,$0.30B,$0.06B,18.33%,$0.06B,$0.32B,18.39%,$0.06B,$0.28B,20.89%,$0.06B,$0.39B,15.14%,$0.05B,$0.32B,17.73%,$81,$39,$42,$16,$8,$63,$18,$1,$18,$3,$15,$15,$15,$18,$18,$34,35,$0.45,$0.44,$201,$46,$19,$311,$35,$0,$35,$6,$76,$387,$64,$0,$7,$7,$71,$0,$0,$0,$316,$387,$0,$0,$0,$0,$0,$0,$0,$0,$0,$0,$0,$0,$0,$0,$0,$0,$0,$0,$0,$0,$0,$0,$0,$0,$0,$0,$0,$0,$0
15,2014-12-31,21.94,$8.97,2.45,$7.97,2.75,$1.66,13.24,$1.28,17.14,$0.29B,$0.06B,5.18,$0.00B,$0.30B,0.0,$0.27B,$0.13B,48.90%,$0.27B,$0.04B,15.81%,$0.27B,$0.04B,15.81%,$0.27B,$0.04B,15.81%,$0.27B,$0.06B,22.43%,$0.27B,$0.04B,16.18%,$0.04B,$0.30B,15.29%,$0.04B,$0.27B,17.46%,$0.04B,$0.37B,12.74%,$0.04B,$0.30B,14.94%,$81,$38,$42,$18,$8,$64,$17,$0,$17,$5,$12,$12,$12,$17,$17,$34,34,$0.35,$0.35,$195,$44,$23,$290,$81,$0,$35,$3,$122,$367,$56,$0,$6,$6,$62,$1,$109,$3,$304,$367,$44,$7,$11,$7,$2,$-10,$-0,$-0,$7,$69,$-12,$0,$0,$0,$0,$0,$-4,$-15,$0,$0,$0,$1,$1,$-20,$0,$-20,$32,$10,$-20
16,2014-09-30,24.84,$0.00,0.0,$7.19,3.45,$1.08,23.01,$1.09,22.79,$0.28B,$0.06B,5.09,$0.00B,$0.00B,0.0,$0.24B,$0.12B,47.74%,$0.24B,$0.03B,13.58%,$0.24B,$0.03B,13.58%,$0.24B,$0.03B,13.58%,$0.24B,$0.05B,21.40%,$0.24B,$0.04B,15.23%,$0.04B,$0.30B,13.24%,$0.04B,$0.26B,15.20%,$0.04B,$0.36B,11.12%,$0.03B,$0.30B,11.81%,$69,$41,$29,$18,$9,$68,$2,$0,$19,$4,$15,$14,$14,$2,$2,$34,34,$0.41,$0.41,$165,$55,$24,$281,$0,$0,$35,$5,$40,$356,$55,$0,$6,$6,$61,$0,$0,$0,$295,$356,$0,$0,$0,$0,$0,$0,$0,$0,$0,$0,$0,$0,$0,$0,$0,$0,$0,$0,$0,$0,$0,$0,$0,$0,$0,$0,$0,$0,$0
17,2014-06-30,18.72,$0.00,0.0,$6.87,2.73,$1.08,17.34,$0.97,19.3,$0.27B,$0.06B,4.89,$0.00B,$0.00B,0.0,$0.23B,$0.12B,49.78%,$0.23B,$0.04B,18.18%,$0.23B,$0.04B,18.18%,$0.23B,$0.04B,18.18%,$0.23B,$0.05B,19.48%,$0.23B,$0.03B,14.29%,$0.03B,$0.28B,12.13%,$0.03B,$0.25B,13.97%,$0.03B,$0.34B,10.26%,$0.04B,$0.28B,15.44%,$69,$33,$36,$14,$7,$54,$16,$1,$17,$3,$14,$14,$14,$16,$16,$34,34,$0.41,$0.41,$161,$45,$24,$272,$0,$0,$35,$5,$40,$343,$56,$0,$6,$6,$62,$0,$0,$0,$281,$343,$0,$0,$0,$0,$0,$0,$0,$0,$0,$0,$0,$0,$0,$0,$0,$0,$0,$0,$0,$0,$0,$0,$0,$0,$0,$0,$0,$0,$0
18,2014-03-31,15.23,$0.00,0.0,$6.57,2.32,$1.08,14.11,$0.78,19.53,$0.25B,$0.04B,6.34,$0.00B,$0.00B,0.0,$0.22B,$0.11B,48.64%,$0.22B,$0.04B,16.36%,$0.22B,$0.04B,16.36%,$0.22B,$0.04B,16.36%,$0.22B,$0.04B,17.27%,$0.22B,$0.03B,12.27%,$0.03B,$0.27B,10.14%,$0.03B,$0.24B,11.71%,$0.03B,$0.32B,8.65%,$0.04B,$0.27B,13.52%,$53,$27,$26,$12,$6,$45,$8,$0,$8,$4,$4,$4,$4,$8,$8,$33,34,$0.12,$0.11,$159,$31,$18,$245,$0,$0,$35,$5,$40,$315,$39,$0,$6,$6,$44,$0,$0,$0,$271,$315,$0,$0,$0,$0,$0,$0,$0,$0,$0,$0,$0,$0,$0,$0,$0,$0,$0,$0,$0,$0,$0,$0,$0,$0,$0,$0,$0,$0,$0
19,2013-12-31,12.73,$8.23,1.55,$6.70,1.9,$1.08,11.79,$0.81,15.72,$0.25B,$0.04B,6.06,$0.00B,$0.27B,0.0,$0.22B,$0.11B,47.32%,$0.22B,$0.04B,15.63%,$0.22B,$0.04B,15.63%,$0.22B,$0.04B,15.63%,$0.22B,$0.04B,16.52%,$0.22B,$0.03B,12.50%,$0.03B,$0.27B,10.59%,$0.03B,$0.24B,12.23%,$0.03B,$0.32B,9.00%,$0.04B,$0.27B,13.23%,$52,$27,$25,$12,$6,$46,$7,$1,$8,$2,$5,$5,$5,$7,$7,$33,34,$0.16,$0.16,$162,$34,$19,$247,$70,$0,$35,$4,$110,$317,$41,$0,$5,$6,$46,$1,$85,$4,$271,$317,$27,$6,$11,$6,$6,$-2,$-12,$16,$4,$49,$-13,$0,$0,$0,$0,$0,$-0,$-13,$0,$0,$0,$-10,$-10,$-20,$0,$-29,$7,$10,$-20
20,2013-09-30,11.61,$0.00,0.0,$7.23,1.61,$1.92,6.05,$0.88,13.19,$0.24B,$0.04B,5.6,$0.00B,$0.00B,0.0,$0.24B,$0.11B,45.68%,$0.24B,$0.04B,15.23%,$0.24B,$0.04B,15.23%,$0.24B,$0.04B,15.23%,$0.24B,$0.04B,16.05%,$0.24B,$0.03B,12.76%,$0.03B,$0.27B,11.82%,$0.03B,$0.23B,13.66%,$0.03B,$0.31B,9.92%,$0.04B,$0.27B,14.11%,$57,$29,$28,$10,$6,$46,$11,$1,$12,$3,$10,$10,$10,$11,$11,$33,33,$0.29,$0.29,$163,$29,$21,$244,$0,$0,$35,$4,$40,$312,$44,$0,$4,$4,$47,$0,$0,$0,$265,$312,$0,$0,$0,$0,$0,$0,$0,$0,$0,$0,$0,$0,$0,$0,$0,$0,$0,$0,$0,$0,$0,$0,$0,$0,$0,$0,$0,$0,$0
21,2013-06-30,9.3,$0.00,0.0,$7.80,1.19,$1.92,4.84,$1.05,8.86,$0.24B,$0.04B,5.35,$0.00B,$0.00B,0.0,$0.26B,$0.12B,45.25%,$0.26B,$0.04B,16.35%,$0.26B,$0.04B,16.35%,$0.26B,$0.04B,16.35%,$0.26B,$0.04B,16.73%,$0.26B,$0.04B,14.07%,$0.04B,$0.26B,14.31%,$0.04B,$0.22B,16.59%,$0.04B,$0.31B,11.90%,$0.04B,$0.26B,16.63%,$58,$30,$28,$12,$6,$48,$10,$0,$10,$3,$8,$8,$8,$10,$10,$33,34,$0.23,$0.22,$156,$29,$19,$236,$0,$0,$35,$4,$40,$305,$44,$0,$3,$3,$48,$0,$0,$0,$258,$305,$0,$0,$0,$0,$0,$0,$0,$0,$0,$0,$0,$0,$0,$0,$0,$0,$0,$0,$0,$0,$0,$0,$0,$0,$0,$0,$0,$0,$0
22,2013-03-31,10.14,$0.00,0.0,$8.14,1.25,$1.92,5.28,$1.15,8.82,$0.25B,$0.04B,5.69,$0.00B,$0.00B,0.0,$0.28B,$0.13B,45.45%,$0.28B,$0.05B,17.09%,$0.28B,$0.05B,17.09%,$0.28B,$0.05B,17.09%,$0.28B,$0.05B,17.09%,$0.28B,$0.04B,14.55%,$0.04B,$0.26B,15.90%,$0.04B,$0.23B,18.50%,$0.04B,$0.31B,13.20%,$0.05B,$0.26B,18.69%,$57,$32,$25,$12,$7,$50,$7,$0,$7,$2,$5,$5,$5,$7,$7,$33,34,$0.15,$0.14,$166,$29,$20,$247,$0,$0,$35,$4,$40,$311,$44,$0,$3,$3,$47,$0,$0,$0,$264,$311,$0,$0,$0,$0,$0,$0,$0,$0,$0,$0,$0,$0,$0,$0,$0,$0,$0,$0,$0,$0,$0,$0,$0,$0,$0,$0,$0,$0,$0
23,2012-12-31,12.19,$0.00,0.0,$8.37,1.46,$1.92,6.35,$1.40,8.71,$0.26B,$0.06B,4.58,$0.00B,$0.26B,0.0,$0.28B,$0.13B,46.81%,$0.28B,$0.05B,18.79%,$0.28B,$0.05B,18.79%,$0.28B,$0.05B,18.79%,$0.28B,$0.05B,19.15%,$0.28B,$0.05B,17.02%,$0.05B,$0.26B,20.04%,$0.05B,$0.23B,23.50%,$0.05B,$0.32B,16.58%,$0.05B,$0.26B,22.13%,$71,$40,$30,$14,$7,$61,$9,$0,$10,$2,$8,$8,$8,$9,$9,$32,34,$0.24,$0.23,$170,$32,$20,$258,$0,$0,$35,$3,$40,$322,$56,$0,$3,$3,$59,$1,$83,$0,$262,$322,$47,$6,$14,$6,$2,$-2,$6,$-11,$3,$69,$-4,$0,$0,$0,$0,$0,$-0,$-5,$0,$0,$0,$0,$0,$0,$0,$0,$66,$12,$0
24,2012-09-30,12.67,$0.00,0.0,$8.29,1.53,$1.41,9.01,$1.54,8.23,$0.24B,$0.05B,4.63,$0.00B,$0.00B,0.0,$0.28B,$0.14B,48.56%,$0.28B,$0.06B,20.86%,$0.28B,$0.06B,20.86%,$0.28B,$0.06B,20.86%,$0.28B,$0.06B,20.50%,$0.28B,$0.05B,18.71%,$0.05B,$0.25B,23.09%,$0.05B,$0.21B,27.51%,$0.05B,$0.31B,19.14%,$0.06B,$0.25B,25.75%,$77,$41,$36,$12,$7,$61,$17,$1,$17,$2,$16,$16,$16,$17,$17,$32,34,$0.48,$0.46,$162,$37,$6,$242,$0,$0,$35,$5,$40,$306,$52,$0,$4,$4,$56,$0,$0,$0,$250,$306,$0,$0,$0,$0,$0,$0,$0,$0,$0,$0,$0,$0,$0,$0,$0,$0,$0,$0,$0,$0,$0,$0,$0,$0,$0,$0,$0,$0,$0
25,2012-06-30,12.1,$0.00,0.0,$7.95,1.52,$1.41,8.6,$1.64,7.38,$0.21B,$0.04B,5.35,$0.00B,$0.00B,0.0,$0.26B,$0.13B,49.24%,$0.26B,$0.06B,20.83%,$0.26B,$0.06B,20.83%,$0.26B,$0.06B,20.83%,$0.26B,$0.06B,23.11%,$0.26B,$0.05B,20.45%,$0.05B,$0.23B,25.74%,$0.05B,$0.20B,31.26%,$0.05B,$0.27B,21.54%,$0.06B,$0.23B,26.22%,$70,$36,$34,$13,$7,$56,$14,$-0,$13,$3,$11,$11,$11,$14,$14,$32,33,$0.33,$0.32,$129,$33,$5,$208,$0,$0,$35,$5,$40,$273,$39,$0,$4,$4,$42,$0,$0,$0,$230,$273,$0,$0,$0,$0,$0,$0,$0,$0,$0,$0,$0,$0,$0,$0,$0,$0,$0,$0,$0,$0,$0,$0,$0,$0,$0,$0,$0,$0,$0
26,2012-03-31,16.6,$0.00,0.0,$7.44,2.23,$1.41,11.81,$1.46,11.37,$0.19B,$0.04B,5.09,$0.00B,$0.00B,0.0,$0.25B,$0.12B,48.98%,$0.25B,$0.05B,20.00%,$0.25B,$0.05B,20.00%,$0.25B,$0.05B,20.00%,$0.25B,$0.05B,21.63%,$0.25B,$0.05B,19.59%,$0.05B,$0.22B,24.33%,$0.05B,$0.18B,30.24%,$0.05B,$0.26B,20.30%,$0.05B,$0.22B,24.84%,$64,$32,$32,$11,$7,$51,$13,$1,$14,$1,$13,$13,$13,$13,$13,$32,34,$0.41,$0.39,$95,$35,$22,$193,$0,$0,$35,$5,$40,$257,$38,$0,$3,$3,$41,$0,$0,$0,$216,$257,$0,$0,$0,$0,$0,$0,$0,$0,$0,$0,$0,$0,$0,$0,$0,$0,$0,$0,$0,$0,$0,$0,$0,$0,$0,$0,$0,$0,$0
27,2011-12-31,17.56,$0.00,0.0,$6.91,2.54,$1.41,12.48,$1.28,13.72,$0.18B,$0.04B,4.2,$0.00B,$0.21B,0.0,$0.22B,$0.11B,48.21%,$0.22B,$0.04B,18.30%,$0.22B,$0.04B,18.30%,$0.22B,$0.04B,18.30%,$0.22B,$0.05B,20.54%,$0.22B,$0.04B,18.30%,$0.04B,$0.21B,22.13%,$0.04B,$0.17B,28.18%,$0.04B,$0.25B,18.37%,$0.04B,$0.21B,22.13%,$67,$34,$33,$12,$7,$53,$14,$-1,$13,$1,$12,$12,$12,$14,$14,$31,33,$0.39,$0.37,$92,$30,$16,$180,$0,$0,$39,$4,$46,$251,$43,$0,$3,$3,$46,$1,$35,$0,$205,$251,$40,$6,$0,$6,$0,$0,$0,$0,$-6,$52,$-5,$0,$-1,$0,$0,$0,$-9,$-14,$0,$0,$0,$0,$2,$0,$0,$2,$37,$0,$0
28,2011-09-30,9.91,$0.00,0.0,$6.27,1.58,0,0.0,$0.72,13.76,$0.15B,$0.03B,4.84,$0.00B,$0.00B,0.0,$0.20B,$0.09B,47.21%,$0.20B,$0.03B,16.24%,$0.20B,$0.03B,16.24%,$0.20B,$0.03B,16.24%,$0.20B,$0.03B,14.72%,$0.20B,$0.02B,12.18%,$0.02B,$0.19B,13.77%,$0.02B,$0.15B,17.91%,$0.02B,$0.22B,11.52%,$0.03B,$0.19B,18.36%,$63,$32,$31,$11,$7,$50,$14,$8,$21,$3,$18,$18,$18,$14,$14,$31,32,$0.59,$0.56,$70,$29,$20,$154,$0,$0,$38,$6,$44,$222,$32,$0,$3,$3,$35,$0,$0,$0,$188,$222,$0,$0,$0,$0,$0,$0,$0,$0,$0,$0,$0,$0,$0,$0,$0,$0,$0,$0,$0,$0,$0,$0,$0,$0,$0,$0,$0,$0,$0
29,2011-06-30,9.19,$0.00,0.0,$5.44,1.69,0,0.0,$0.17,54.06,$0.14B,$0.03B,4.29,$0.00B,$0.00B,0.0,$0.17B,$0.08B,47.02%,$0.17B,$0.02B,11.31%,$0.17B,$0.02B,11.31%,$0.17B,$0.02B,11.31%,$0.17B,$0.01B,4.17%,$0.17B,$0.01B,3.57%,$0.01B,$0.18B,3.64%,$0.01B,$0.14B,4.81%,$0.01B,$0.22B,3.01%,$0.02B,$0.18B,11.53%,$51,$27,$24,$9,$6,$43,$8,$-3,$5,$1,$5,$5,$5,$8,$8,$31,32,$0.15,$0.14,$55,$34,$23,$144,$0,$0,$40,$6,$46,$216,$33,$0,$3,$3,$36,$0,$0,$0,$180,$216,$0,$0,$0,$0,$0,$0,$0,$0,$0,$0,$0,$0,$0,$0,$0,$0,$0,$0,$0,$0,$0,$0,$0,$0,$0,$0,$0,$0,$0
30,2011-03-31,6.93,$0.00,0.0,$4.95,1.4,0,0.0,$0.10,69.26,$0.13B,$0.03B,3.97,$0.00B,$0.00B,0.0,$0.15B,$0.07B,46.98%,$0.15B,$0.01B,7.38%,$0.15B,$0.01B,7.38%,$0.15B,$0.01B,7.38%,$0.15B,$0.00B,2.68%,$0.15B,$0.00B,2.01%,$0.00B,$0.17B,1.93%,$0.00B,$0.13B,2.58%,$0.00B,$0.20B,1.59%,$0.01B,$0.17B,7.06%,$43,$23,$20,$9,$6,$38,$5,$2,$7,$1,$6,$6,$6,$5,$5,$30,31,$0.21,$0.21,$58,$25,$22,$133,$0,$0,$40,$6,$46,$204,$33,$0,$3,$3,$36,$0,$0,$0,$168,$204,$0,$0,$0,$0,$0,$0,$0,$0,$0,$0,$0,$0,$0,$0,$0,$0,$0,$0,$0,$0,$0,$0,$0,$0,$0,$0,$0,$0,$0
31,2010-12-31,3.64,$0.00,0.0,$4.51,0.81,0,0.0,$-0.19,0.0,$0.12B,$0.03B,4.22,$0.00B,$0.00B,0.0,$0.13B,$0.06B,46.97%,$0.13B,$0.01B,3.79%,$0.13B,$0.01B,3.79%,$0.13B,$0.01B,3.79%,$0.13B,$-0.01B,-3.79%,$0.13B,$-0.01B,-3.79%,$-0.01B,$0.16B,-3.36%,$-0.01B,$0.12B,-4.56%,$-0.01B,$0.19B,-2.78%,$0.01B,$0.16B,3.36%,$40,$22,$18,$8,$5,$35,$5,$-9,$-4,$1,$-5,$-5,$-5,$5,$5,$29,29,$-0.19,$-0.19,$55,$24,$10,$116,$0,$0,$41,$9,$49,$191,$28,$0,$2,$2,$30,$0,$0,$0,$161,$191,$0,$0,$0,$0,$0,$0,$0,$0,$0,$0,$0,$0,$0,$0,$0,$0,$0,$0,$0,$0,$0,$0,$0,$0,$0,$0,$0,$0,$0
32,2010-09-30,4.67,$0.00,0.0,$3.97,1.18,0,0.0,$-0.62,0.0,$0.11B,$0.03B,3.41,$0.00B,$0.00B,0.0,$0.12B,$0.05B,46.09%,$0.12B,$-0.01B,-11.30%,$0.12B,$-0.01B,-11.30%,$0.12B,$-0.01B,-11.30%,$0.12B,$-0.01B,-12.17%,$0.12B,$-0.02B,-14.78%,$-0.02B,$0.15B,-11.02%,$-0.02B,$0.11B,-16.00%,$-0.02B,$0.19B,-9.21%,$-0.01B,$0.15B,-8.43%,$34,$18,$17,$9,$6,$33,$1,$-2,$-1,$-2,$0,$0,$0,$1,$1,$29,30,$0.01,$0.01,$58,$22,$12,$114,$0,$0,$39,$10,$48,$187,$34,$0,$3,$3,$37,$0,$0,$0,$150,$187,$0,$0,$0,$0,$0,$0,$0,$0,$0,$0,$0,$0,$0,$0,$0,$0,$0,$0,$0,$0,$0,$0,$0,$0,$0,$0,$0,$0,$0
33,2010-06-30,4.43,$0.00,0.0,$3.65,1.22,0,0.0,$-0.79,0.0,$0.10B,$0.03B,3.78,$0.00B,$0.00B,0.0,$0.10B,$0.05B,45.19%,$0.10B,$-0.02B,-17.31%,$0.10B,$-0.02B,-17.31%,$0.10B,$-0.02B,-17.31%,$0.10B,$-0.02B,-18.27%,$0.10B,$-0.02B,-21.15%,$-0.02B,$0.14B,-13.39%,$-0.02B,$0.11B,-20.66%,$-0.02B,$0.17B,-11.46%,$-0.02B,$0.14B,-10.96%,$32,$17,$15,$9,$6,$32,$0,$2,$2,$-0,$2,$2,$2,$0,$0,$29,30,$0.08,$0.07,$65,$12,$9,$104,$0,$0,$38,$8,$46,$174,$28,$0,$3,$3,$31,$0,$0,$0,$144,$174,$0,$0,$0,$0,$0,$0,$0,$0,$0,$0,$0,$0,$0,$0,$0,$0,$0,$0,$0,$0,$0,$0,$0,$0,$0,$0,$0,$0,$0
34,2010-03-31,3.83,$0.00,0.0,$3.29,1.16,0,0.0,$-1.08,0.0,$0.10B,$0.02B,4.4,$0.00B,$0.00B,0.0,$0.09B,$0.04B,45.65%,$0.09B,$-0.02B,-25.00%,$0.09B,$-0.02B,-25.00%,$0.09B,$-0.02B,-25.00%,$0.09B,$-0.03B,-31.52%,$0.09B,$-0.03B,-32.61%,$-0.03B,$0.14B,-17.14%,$-0.03B,$0.10B,-27.84%,$-0.03B,$0.17B,-14.83%,$-0.02B,$0.14B,-13.11%,$26,$14,$12,$8,$6,$27,$-1,$-0,$-2,$0,$-2,$-2,$-2,$-1,$-1,$27,27,$-0.08,$-0.08,$61,$12,$8,$95,$0,$0,$39,$8,$48,$167,$22,$0,$4,$4,$26,$0,$0,$0,$141,$167,$0,$0,$0,$0,$0,$0,$0,$0,$0,$0,$0,$0,$0,$0,$0,$0,$0,$0,$0,$0,$0,$0,$0,$0,$0,$0,$0,$0,$0
35,2009-12-31,2.92,$0.00,0.0,$3.11,0.94,0,0.0,$-1.05,0.0,$0.10B,$0.02B,4.14,$0.00B,$0.00B,0.0,$0.09B,$0.04B,44.32%,$0.09B,$-0.03B,-29.55%,$0.09B,$-0.03B,-29.55%,$0.09B,$-0.03B,-29.55%,$0.09B,$-0.03B,-31.82%,$0.09B,$-0.03B,-32.95%,$-0.03B,$0.18B,-15.63%,$-0.03B,$0.11B,-26.61%,$-0.03B,$0.21B,-13.60%,$-0.03B,$0.18B,-13.98%,$23,$14,$9,$11,$10,$36,$-13,$-0,$-13,$3,$-17,$-17,$-17,$-13,$-13,$28,28,$-0.62,$-0.62,$61,$17,$7,$101,$0,$0,$76,$8,$84,$210,$24,$0,$4,$4,$28,$0,$0,$0,$182,$210,$0,$0,$0,$0,$0,$0,$0,$0,$0,$0,$0,$0,$0,$0,$0,$0,$0,$0,$0,$0,$0,$0,$0,$0,$0,$0,$0,$0,$0
36,2009-09-30,3.41,$0.00,0.0,$3.46,0.98,$2.44,1.4,$-0.46,0.0,$0.10B,$0.02B,4.37,$0.00B,$0.00B,0.0,$0.10B,$0.05B,48.45%,$0.10B,$-0.01B,-13.40%,$0.10B,$-0.01B,-13.40%,$0.10B,$-0.01B,-13.40%,$0.10B,$-0.02B,-24.74%,$0.10B,$-0.01B,-13.40%,$-0.01B,$0.19B,-6.91%,$-0.01B,$0.11B,-11.79%,$-0.01B,$0.22B,-5.98%,$-0.01B,$0.19B,-6.89%,$23,$12,$11,$9,$6,$28,$-4,$-2,$-6,$-1,$-5,$-5,$-5,$-4,$-4,$28,29,$-0.17,$-0.16,$61,$16,$8,$103,$0,$1,$77,$10,$87,$217,$24,$0,$3,$3,$27,$0,$0,$0,$190,$217,$0,$0,$0,$0,$0,$0,$0,$0,$0,$0,$0,$0,$0,$0,$0,$0,$0,$0,$0,$0,$0,$0,$0,$0,$0,$0,$0,$0,$0
37,2009-06-30,3.13,$0.00,0.0,$4.12,0.76,$2.44,1.28,$-0.04,0.0,$0.10B,$0.02B,4.18,$0.00B,$0.00B,0.0,$0.12B,$0.06B,48.74%,$0.12B,$-0.01B,-4.20%,$0.12B,$-0.01B,-4.20%,$0.12B,$-0.01B,-4.20%,$0.12B,$-0.01B,-8.40%,$0.12B,0,0.00%,$0.00B,$0.19B,0.00%,$0.00B,$0.11B,0.00%,$0.00B,$0.22B,0.00%,$-0.01B,$0.19B,-2.59%,$20,$11,$10,$8,$5,$25,$-5,$-3,$-8,$-2,$-6,$-6,$-6,$-5,$-5,$28,28,$-0.22,$-0.22,$61,$14,$9,$101,$0,$2,$77,$9,$87,$215,$24,$2,$1,$3,$27,$0,$0,$0,$187,$215,$0,$0,$0,$0,$0,$0,$0,$0,$0,$0,$0,$0,$0,$0,$0,$0,$0,$0,$0,$0,$0,$0,$0,$0,$0,$0,$0,$0,$0
38,2009-03-31,2.38,$0.00,0.0,$4.86,0.49,$2.44,0.98,$0.24,9.93,$0.10B,$0.03B,4.01,$0.00B,$0.00B,0.0,$0.15B,$0.07B,47.97%,$0.15B,$0.00B,2.70%,$0.15B,$0.00B,2.70%,$0.15B,$0.00B,2.70%,$0.15B,$0.00B,1.35%,$0.15B,$0.01B,5.41%,$0.01B,$0.18B,3.89%,$0.01B,$0.11B,6.52%,$0.01B,$0.21B,3.28%,$0.00B,$0.18B,1.94%,$22,$12,$9,$6,$5,$25,$-4,$3,$-1,$1,$-1,$-1,$-1,$-4,$-4,$27,28,$-0.05,$-0.05,$58,$15,$6,$101,$0,$1,$76,$6,$84,$211,$25,$0,$3,$3,$28,$0,$0,$0,$183,$211,$0,$0,$0,$0,$0,$0,$0,$0,$0,$0,$0,$0,$0,$0,$0,$0,$0,$0,$0,$0,$0,$0,$0,$0,$0,$0,$0,$0,$0
39,2008-12-31,1.96,$0.00,0.0,$5.64,0.35,$2.44,0.81,$0.54,3.64,$0.11B,$0.03B,3.4,$0.00B,$0.19B,0.01,$0.18B,$0.09B,50.00%,$0.18B,$0.02B,10.11%,$0.18B,$0.02B,10.11%,$0.18B,$0.02B,10.11%,$0.18B,$0.01B,6.18%,$0.18B,$0.02B,9.55%,$0.02B,$0.19B,7.56%,$0.02B,$0.11B,12.32%,$0.02B,$0.23B,6.38%,$0.02B,$0.19B,8.00%,$32,$15,$17,$7,$10,$33,$-0,$0,$-9,$-0,$-9,$-1,$-1,$-0,$-0,$28,28,$-0.03,$-0.03,$52,$19,$7,$109,$0,$2,$81,$2,$91,$227,$32,$1,$2,$3,$35,$1,$78,$0,$192,$227,$9,$11,$0,$11,$0,$0,$0,$0,$56,$85,$-18,$0,$0,$0,$0,$0,$-12,$-30,$0,$0,$1,$0,$-50,$0,$1,$-49,$-1,$0,$0
40,2008-09-30,4.01,$0.00,0.0,$6.05,0.66,$1.25,3.21,$0.92,4.36,$0.13B,$0.04B,3.25,$0.00B,$0.00B,0.0,$0.20B,$0.10B,49.75%,$0.20B,$0.03B,15.08%,$0.20B,$0.03B,15.08%,$0.20B,$0.03B,15.08%,$0.20B,$0.03B,16.58%,$0.20B,$0.03B,15.08%,$0.03B,$0.21B,12.75%,$0.03B,$0.12B,20.44%,$0.03B,$0.25B,10.71%,$0.03B,$0.21B,12.75%,$45,$22,$22,$9,$8,$41,$4,$4,$8,$0,$8,$8,$8,$4,$4,$31,31,$0.26,$0.26,$59,$22,$10,$130,$0,$4,$83,$6,$94,$251,$40,$0,$3,$3,$43,$0,$0,$0,$208,$251,$0,$0,$0,$0,$0,$0,$0,$0,$0,$0,$0,$0,$0,$0,$0,$0,$0,$0,$0,$0,$0,$0,$0,$0,$0,$0,$0,$0,$0
41,2008-06-30,12.39,$0.00,0.0,$5.94,2.09,$1.25,9.92,$0.96,12.9,$0.16B,$0.04B,3.72,$0.00B,$0.00B,0.0,$0.20B,$0.10B,50.50%,$0.20B,$0.04B,18.50%,$0.20B,$0.04B,18.50%,$0.20B,$0.04B,18.50%,$0.20B,$0.04B,18.00%,$0.20B,$0.03B,16.00%,$0.03B,$0.24B,13.46%,$0.03B,$0.15B,21.12%,$0.03B,$0.29B,11.43%,$0.04B,$0.24B,15.56%,$49,$26,$23,$10,$7,$45,$4,$0,$4,$2,$2,$2,$2,$4,$4,$33,33,$0.06,$0.06,$95,$23,$11,$161,$0,$4,$90,$6,$101,$286,$43,$0,$4,$4,$47,$0,$0,$0,$239,$286,$0,$0,$0,$0,$0,$0,$0,$0,$0,$0,$0,$0,$0,$0,$0,$0,$0,$0,$0,$0,$0,$0,$0,$0,$0,$0,$0,$0,$0
42,2008-03-31,12.1,$0.00,0.0,$5.80,2.09,$1.25,9.7,$1.15,10.53,$0.18B,$0.04B,4.46,$0.00B,$0.00B,0.0,$0.20B,$0.10B,51.79%,$0.20B,$0.04B,22.05%,$0.20B,$0.04B,22.05%,$0.20B,$0.04B,22.05%,$0.20B,$0.04B,20.51%,$0.20B,$0.04B,19.49%,$0.04B,$0.26B,16.61%,$0.04B,$0.17B,26.03%,$0.04B,$0.30B,14.15%,$0.04B,$0.26B,18.80%,$52,$26,$27,$7,$7,$42,$10,$-2,$8,$0,$8,$8,$8,$10,$10,$33,34,$0.25,$0.25,$113,$21,$14,$177,$0,$4,$92,$8,$104,$302,$40,$0,$3,$3,$42,$0,$0,$0,$260,$302,$0,$0,$0,$0,$0,$0,$0,$0,$0,$0,$0,$0,$0,$0,$0,$0,$0,$0,$0,$0,$0,$0,$0,$0,$0,$0,$0,$0,$0
43,2007-12-31,15.24,$0.00,0.0,$5.39,2.83,$1.25,12.21,$1.21,12.6,$0.17B,$0.05B,3.67,$0.00B,$0.23B,0.0,$0.18B,$0.09B,52.25%,$0.18B,$0.04B,24.16%,$0.18B,$0.04B,24.16%,$0.18B,$0.04B,24.16%,$0.18B,$0.04B,24.16%,$0.18B,$0.04B,22.47%,$0.04B,$0.23B,19.83%,$0.04B,$0.15B,28.17%,$0.04B,$0.28B,16.84%,$0.04B,$0.23B,21.31%,$53,$26,$27,$8,$6,$42,$12,$-0,$13,$1,$12,$12,$12,$12,$12,$33,34,$0.36,$0.35,$104,$17,$9,$165,$0,$4,$88,$3,$100,$281,$45,$0,$2,$2,$47,$1,$70,$0,$234,$281,$40,$8,$0,$8,$0,$0,$0,$0,$-6,$49,$-7,$0,$-55,$0,$0,$1,$1,$-60,$0,$0,$0,$0,$3,$0,$0,$4,$-6,$0,$0
44,2007-09-30,19.3,$0.00,0.0,$4.95,3.9,$0.32,61.02,$1.18,16.35,$0.15B,$0.03B,4.77,$0.00B,$0.00B,0.0,$0.16B,$0.09B,52.80%,$0.16B,$0.04B,25.47%,$0.16B,$0.04B,25.47%,$0.16B,$0.04B,25.47%,$0.16B,$0.04B,24.84%,$0.16B,$0.04B,23.60%,$0.04B,$0.22B,21.32%,$0.04B,$0.14B,27.05%,$0.04B,$0.25B,18.12%,$0.04B,$0.22B,23.00%,$46,$22,$24,$6,$6,$35,$11,$0,$11,$1,$10,$10,$10,$11,$11,$33,34,$0.31,$0.30,$91,$21,$13,$149,$0,$4,$75,$7,$86,$251,$31,$0,$2,$2,$33,$0,$0,$0,$218,$251,$0,$0,$0,$0,$0,$0,$0,$0,$0,$0,$0,$0,$0,$0,$0,$0,$0,$0,$0,$0,$0,$0,$0,$0,$0,$0,$0,$0,$0
45,2007-06-30,21.28,$0.00,0.0,$4.61,4.62,$0.32,67.31,$1.16,18.35,$0.14B,$0.04B,3.88,$0.00B,$0.00B,0.0,$0.15B,$0.08B,53.06%,$0.15B,$0.04B,26.53%,$0.15B,$0.04B,26.53%,$0.15B,$0.04B,26.53%,$0.15B,$0.04B,26.53%,$0.15B,$0.04B,25.17%,$0.04B,$0.20B,23.72%,$0.04B,$0.13B,27.01%,$0.04B,$0.24B,19.97%,$0.04B,$0.20B,25.00%,$44,$21,$23,$6,$5,$34,$10,$-2,$8,$0,$8,$8,$8,$10,$10,$32,33,$0.26,$0.25,$81,$22,$10,$137,$0,$6,$76,$8,$89,$240,$35,$0,$1,$1,$37,$0,$0,$0,$203,$240,$0,$0,$0,$0,$0,$0,$0,$0,$0,$0,$0,$0,$0,$0,$0,$0,$0,$0,$0,$0,$0,$0,$0,$0,$0,$0,$0,$0,$0
46,2007-03-31,19.3,$0.00,0.0,$3.99,4.84,$0.32,61.05,$1.10,17.55,$0.16B,$0.03B,5.99,$0.00B,$0.00B,0.0,$0.12B,$0.07B,53.23%,$0.12B,$0.03B,27.42%,$0.12B,$0.03B,27.42%,$0.12B,$0.03B,27.42%,$0.12B,$0.04B,29.84%,$0.12B,$0.04B,28.23%,$0.04B,$0.15B,25.93%,$0.04B,$0.15B,25.93%,$0.04B,$0.18B,21.98%,$0.03B,$0.15B,25.19%,$35,$16,$19,$5,$4,$26,$10,$1,$11,$1,$10,$10,$10,$10,$10,$31,31,$0.32,$0.31,$118,$16,$9,$158,$0,$6,$0,$4,$10,$178,$26,$0,$0,$0,$26,$0,$0,$0,$152,$178,$0,$0,$0,$0,$0,$0,$0,$0,$0,$0,$0,$0,$0,$0,$0,$0,$0,$0,$0,$0,$0,$0,$0,$0,$0,$0,$0,$0,$0
47,2006-12-31,13.6,$0.00,0.0,$3.42,3.98,$0.32,43.02,$0.93,14.63,$0.15B,$0.03B,5.16,$0.00B,$0.14B,0.0,$0.11B,$0.06B,52.34%,$0.11B,$0.03B,26.17%,$0.11B,$0.03B,26.17%,$0.11B,$0.03B,26.17%,$0.11B,$0.03B,28.04%,$0.11B,$0.03B,27.10%,$0.03B,$0.14B,23.15%,$0.03B,$0.14B,23.15%,$0.03B,$0.17B,19.83%,$0.03B,$0.14B,22.36%,$36,$17,$19,$5,$4,$25,$10,$-1,$10,$-0,$10,$10,$10,$10,$10,$31,32,$0.33,$0.32,$100,$13,$7,$152,$0,$5,$0,$1,$8,$170,$29,$0,$0,$0,$29,$1,$29,$0,$140,$170,$29,$1,$0,$1,$0,$0,$0,$0,$-11,$18,$-8,$0,$0,$0,$0,$-5,$0,$-13,$0,$0,$0,$0,$2,$0,$0,$2,$7,$0,$0
