,Date,Stock Price,Book Value per Share,Price to Book Ratio,TTM Sales per Share,Price to Sales Ratio,TTM FCF per Share,Price to FCF Ratio,TTM Net EPS,PE Ratio,Current Assets,Current Liabilities,Current Ratio,Long Term Debt,Shareholder's Equity_x,Debt to Equity Ratio,TTM Revenue_x,TTM Gross Profit,Gross Margin,TTM Revenue_y,TTM Operating Income,Operating Margin,TTM Revenue_x,TTM EBIT,EBIT Margin,TTM Revenue_y,TTM EBITDA,EBITDA Margin,TTM Revenue_x,TTM Pre-Tax Income,Pre-Tax Margin,TTM Revenue_y,TTM Net Income_x,Net Margin,TTM Net Income_y,Shareholder's Equity_y,Return on Equity,TTM Net Income_x,Tangible Equity,Return on Tangible Equity,TTM Net Income_y,Total Assets,Return on Assets,TTM Net Income,LT Investments & Debt,Return on Investment,revenue,cost-goods-sold,gross-profit,research-development-expenses,selling-general-administrative-expenses,operating-expenses,operating-income,total-non-operating-income-expense,pre-tax-income,total-provision-income-taxes,income-after-taxes,income-from-continuous-operations,net-income,ebitda,ebit,basic-shares-outstanding,shares-outstanding,eps-basic-net-earnings-per-share,eps-earnings-per-share-diluted,cash-on-hand,inventory,other-current-assets,total-current-assets,net-property-plant-equipment,long-term-investments,goodwill-intangible-assets-total,other-long-term-assets,total-long-term-assets,total-assets,total-current-liabilities,long-term-debt,other-non-current-liabilities,total-long-term-liabilities,total-liabilities,common-stock-net,retained-earnings-accumulated-deficit,comprehensive-income,total-share-holder-equity,total-liabilities-share-holders-equity,net-income-loss,total-depreciation-amortization-cash-flow,other-non-cash-items,total-non-cash-items,change-in-accounts-receivable,change-in-inventories,change-in-accounts-payable,change-in-assets-liabilities,total-change-in-assets-liabilities,cash-flow-from-operating-activities,net-change-in-property-plant-equipment,net-change-in-intangible-assets,net-acquisitions-divestitures,net-change-in-short-term-investments,net-change-in-long-term-investments,net-change-in-investments-total,investing-activities-other,cash-flow-from-investing-activities,net-long-term-debt,net-current-debt,debt-issuance-retirement-net-total,net-common-equity-issued-repurchased,net-total-equity-issued-repurchased,total-common-preferred-stock-dividends-paid,financial-activities-other,cash-flow-from-financial-activities,net-cash-flow,stock-based-compensation,common-stock-dividends-paid
0,2018-09-30,1.17,$1.37,0.85,$2.08,0.56,$-0.90,0.0,$-0.02,0.0,$0.02B,$0.00B,4.17,$0.00B,$0.02B,0.0,$0.02B,$0.01B,30.43%,$0.02B,$-0.00B,-4.35%,$0.02B,$-0.00B,-4.35%,$0.02B,$-0.00B,-4.35%,$0.02B,$-0.00B,-4.35%,$0.02B,$-0.00B,-8.70%,$-0.00B,$0.02B,-10.67%,$-0.00B,$0.02B,-11.11%,$-0.00B,$0.02B,-8.70%,$-0.00B,$0.02B,-5.33%,$7,$5,$1,$0,$3,$8,$-1,$0,$-1,$-0,$-1,$-1,$-1,$-1,$-1,$13,13,$-0.10,$-0.10,$1,$0,$3,$16,$1,$0,$0,$5,$7,$22,$4,$0,$0,$0,$4,$24,$-2,$-1,$19,$22,$-1,$0,$1,$2,$-4,$0,$-3,$0,$-6,$-6,$-0,$0,$0,$0,$0,$0,$0,$-0,$0,$0,$0,$0,$0,$0,$0,$0,$-6,$1,$0
1,2018-06-30,1.19,$1.49,0.79,$2.11,0.56,$-0.54,0.0,$0.05,23.7,$0.02B,$0.01B,3.38,$0.00B,$0.02B,0.0,$0.02B,$0.01B,36.36%,$0.02B,$0.00B,4.55%,$0.02B,$0.00B,4.55%,$0.02B,$0.00B,4.55%,$0.02B,$0.00B,4.55%,$0.02B,0,0.00%,$0.00B,$0.02B,0.00%,$0.00B,$0.02B,0.00%,$0.00B,$0.03B,0.00%,$0.00B,$0.02B,5.56%,$7,$5,$2,$0,$2,$7,$-0,$0,$0,$1,$-1,$-1,$-1,$-0,$-0,$11,12,$-0.07,$-0.07,$7,$0,$6,$22,$1,$0,$0,$2,$4,$26,$7,$0,$0,$0,$7,$24,$-0,$-0,$20,$26,$1,$0,$4,$4,$-7,$0,$3,$-2,$-6,$-2,$-1,$-2,$0,$0,$0,$0,$0,$-2,$0,$0,$0,$3,$3,$0,$0,$3,$-2,$2,$0
2,2018-03-31,1.12,$1.57,0.71,$2.03,0.55,$0.01,104.67,$0.18,6.22,$0.02B,$0.00B,5.77,$0.00B,$0.02B,0.0,$0.02B,$0.01B,35.00%,$0.02B,$0.00B,5.00%,$0.02B,$0.00B,5.00%,$0.02B,$0.00B,5.00%,$0.02B,$0.00B,10.00%,$0.02B,$0.00B,10.00%,$0.00B,$0.02B,11.94%,$0.00B,$0.02B,12.12%,$0.00B,$0.02B,9.88%,$0.00B,$0.02B,5.97%,$5,$3,$2,$0,$2,$5,$0,$0,$0,$0,$0,$0,$0,$0,$0,$11,11,$0.01,$0.01,$10,$0,$6,$21,$1,$0,$0,$0,$3,$24,$4,$0,$0,$0,$4,$22,$0,$0,$20,$24,$1,$0,$1,$1,$-3,$0,$0,$-1,$-3,$-1,$-0,$-1,$0,$0,$0,$0,$0,$-1,$0,$0,$0,$3,$3,$0,$0,$3,$1,$1,$0
3,2017-12-31,2.56,$1.56,1.64,$1.85,1.38,$0.46,5.55,$0.31,8.26,$0.02B,$0.00B,5.13,$0.00B,$0.02B,0.0,$0.02B,$0.01B,38.89%,$0.02B,$0.00B,11.11%,$0.02B,$0.00B,11.11%,$0.02B,$0.00B,11.11%,$0.02B,$0.00B,16.67%,$0.02B,$0.00B,16.67%,$0.00B,$0.02B,19.67%,$0.00B,$0.02B,19.67%,$0.00B,$0.02B,16.00%,$0.00B,$0.02B,13.11%,$5,$3,$2,$0,$2,$6,$-0,$0,$-0,$-1,$0,$0,$0,$-0,$-0,$10,10,$0.03,$0.03,$7,$0,$6,$18,$0,$0,$0,$0,$2,$20,$3,$0,$0,$0,$4,$21,$0,$-0,$16,$20,$1,$0,$0,$0,$-2,$0,$0,$-1,$-3,$-1,$-0,$-0,$0,$0,$0,$0,$0,$-0,$0,$0,$0,$0,$0,$0,$0,$0,$-2,$0,$0
4,2017-09-30,3.07,$1.54,1.99,$1.61,1.91,$0.82,3.76,$0.39,7.87,$0.02B,$0.00B,4.83,$0.00B,$0.02B,0.0,$0.02B,$0.01B,46.67%,$0.02B,$0.00B,20.00%,$0.02B,$0.00B,20.00%,$0.02B,$0.00B,20.00%,$0.02B,$0.00B,26.67%,$0.02B,$0.00B,26.67%,$0.00B,$0.02B,30.19%,$0.00B,$0.02B,30.19%,$0.00B,$0.02B,24.24%,$0.00B,$0.02B,22.64%,$5,$4,$2,$0,$1,$4,$1,$0,$1,$0,$1,$1,$1,$1,$1,$10,10,$0.07,$0.07,$8,$0,$6,$18,$0,$0,$0,$0,$1,$19,$4,$0,$0,$0,$4,$21,$-0,$-0,$16,$19,$1,$0,$0,$0,$-2,$0,$1,$-1,$-2,$-1,$-0,$0,$0,$0,$0,$0,$0,$-0,$0,$0,$0,$0,$0,$0,$0,$0,$-1,$0,$0
5,2017-06-30,2.88,$1.46,1.98,$1.31,2.2,$1.08,2.66,$0.40,7.2,$0.02B,$0.00B,5.43,$0.00B,$0.02B,0.0,$0.01B,$0.01B,58.33%,$0.01B,$0.00B,25.00%,$0.01B,$0.00B,25.00%,$0.01B,$0.00B,25.00%,$0.01B,$0.00B,33.33%,$0.01B,$0.00B,33.33%,$0.00B,$0.02B,36.36%,$0.00B,$0.02B,36.36%,$0.00B,$0.02B,28.57%,$0.00B,$0.02B,27.27%,$5,$3,$1,$0,$1,$4,$0,$0,$1,$-0,$1,$1,$1,$0,$0,$9,9,$0.08,$0.08,$9,$0,$5,$17,$0,$0,$0,$0,$1,$18,$3,$0,$0,$0,$3,$21,$-1,$-0,$15,$18,$4,$0,$-0,$-0,$-0,$0,$-0,$-0,$-1,$3,$-0,$0,$0,$0,$0,$0,$0,$-0,$0,$0,$0,$4,$4,$0,$0,$4,$7,$1,$0
6,2017-03-31,2.75,$1.38,1.99,$1.01,2.73,$0.78,3.55,$0.35,7.86,$0.02B,$0.00B,4.36,$0.00B,$0.01B,0.0,$0.01B,$0.01B,77.78%,$0.01B,$0.00B,33.33%,$0.01B,$0.00B,33.33%,$0.01B,$0.00B,33.33%,$0.01B,$0.00B,33.33%,$0.01B,$0.00B,33.33%,$0.00B,$0.01B,33.33%,$0.00B,$0.01B,33.33%,$0.00B,$0.02B,25.53%,$0.00B,$0.01B,33.33%,$3,$1,$2,$0,$1,$2,$1,$0,$1,$-0,$1,$1,$1,$1,$1,$9,9,$0.14,$0.14,$9,$0,$6,$17,$0,$0,$0,$0,$1,$18,$4,$0,$0,$0,$4,$21,$-2,$-1,$14,$18,$3,$0,$0,$0,$1,$0,$0,$-1,$0,$3,$-0,$0,$0,$0,$0,$0,$0,$-0,$0,$0,$0,$4,$4,$0,$0,$4,$7,$1,$0
7,2016-12-31,3.1,$0.97,3.2,$0.84,3.68,$0.77,4.04,$0.12,25.83,$0.01B,$0.00B,3.61,$0.00B,$0.01B,0.0,$0.01B,$0.01B,85.71%,$0.01B,$0.00B,14.29%,$0.01B,$0.00B,14.29%,$0.01B,$0.00B,14.29%,$0.01B,$0.00B,14.29%,$0.01B,$0.00B,14.29%,$0.00B,$0.01B,14.29%,$0.00B,$0.01B,14.29%,$0.00B,$0.01B,10.53%,$0.00B,$0.01B,14.29%,$2,$0,$2,$0,$1,$1,$1,$-0,$1,$0,$1,$1,$1,$1,$1,$8,8,$0.11,$0.11,$3,$0,$5,$11,$0,$0,$0,$0,$0,$11,$3,$0,$0,$0,$3,$16,$-3,$-1,$8,$11,$1,$0,$1,$1,$1,$0,$-0,$-1,$-0,$2,$0,$0,$0,$0,$0,$0,$0,$0,$0,$0,$0,$0,$0,$0,$0,$0,$2,$1,$0
8,2016-09-30,1.29,$0.88,1.47,$0.78,1.66,$0.49,2.61,$-0.17,0.0,$0.01B,$0.00B,4.1,$0.00B,$0.01B,0.0,$0.01B,$0.01B,71.43%,$0.01B,$-0.00B,-14.29%,$0.01B,$-0.00B,-14.29%,$0.01B,$-0.00B,-14.29%,$0.01B,$-0.00B,-14.29%,$0.01B,$-0.00B,-14.29%,$-0.00B,$0.01B,-13.79%,$-0.00B,$0.01B,-13.79%,$-0.00B,$0.01B,-10.53%,$-0.00B,$0.01B,-13.79%,$2,$0,$2,$0,$1,$1,$1,$-0,$1,$0,$1,$1,$1,$1,$1,$8,8,$0.08,$0.08,$3,$0,$5,$9,$0,$0,$0,$0,$0,$9,$2,$0,$0,$0,$2,$16,$-4,$-0,$7,$9,$1,$0,$0,$0,$2,$0,$-0,$-1,$1,$2,$0,$0,$0,$0,$0,$0,$0,$0,$0,$0,$0,$0,$0,$0,$0,$0,$2,$0,$0
9,2016-06-30,0.68,$0.80,0.85,$0.87,0.78,$0.28,2.44,$-0.23,0.0,$0.01B,$0.00B,3.55,$0.00B,$0.01B,0.0,$0.01B,$0.00B,50.00%,$0.01B,$-0.00B,-12.50%,$0.01B,$-0.00B,-12.50%,$0.01B,$-0.00B,-12.50%,$0.01B,$-0.00B,-25.00%,$0.01B,$-0.00B,-25.00%,$-0.00B,$0.01B,-24.24%,$-0.00B,$0.01B,-24.24%,$-0.00B,$0.01B,-19.51%,$-0.00B,$0.01B,-12.12%,$2,$1,$1,$0,$1,$2,$0,$0,$0,$-0,$0,$0,$0,$0,$0,$9,9,$0.02,$0.02,$1,$0,$4,$9,$0,$0,$0,$0,$0,$9,$2,$0,$0,$0,$2,$16,$-5,$-0,$7,$9,$-2,$0,$2,$2,$1,$0,$-0,$-1,$0,$-0,$0,$0,$0,$0,$0,$0,$0,$0,$0,$0,$0,$1,$1,$0,$0,$1,$1,$2,$0
10,2016-03-31,0.65,$0.80,0.8,$1.13,0.57,$-0.02,0.0,$-0.27,0.0,$0.01B,$0.00B,3.81,$0.00B,$0.01B,0.0,$0.01B,$0.00B,44.44%,$0.01B,$-0.00B,-11.11%,$0.01B,$-0.00B,-11.11%,$0.01B,0,0.00%,$0.01B,$-0.00B,-11.11%,$0.01B,$-0.00B,-22.22%,$-0.00B,$0.01B,-22.22%,$-0.00B,$0.01B,-22.22%,$-0.00B,$0.01B,-18.18%,$-0.00B,$0.01B,-11.11%,$1,$1,$1,$0,$1,$2,$-1,$0,$-1,$0,$-1,$-1,$-1,$-1,$-1,$8,8,$-0.09,$-0.09,$4,$0,$1,$8,$0,$0,$0,$0,$0,$9,$2,$0,$0,$0,$2,$15,$-5,$-0,$6,$9,$-2,$0,$1,$1,$1,$0,$-0,$2,$3,$2,$0,$0,$0,$0,$0,$0,$0,$0,$0,$0,$0,$1,$1,$0,$0,$1,$3,$1,$0
11,2015-12-31,0.9,$1.07,0.84,$1.40,0.64,$-0.67,0.0,$-0.13,0.0,$0.01B,$0.00B,5.91,$0.00B,$0.01B,0.0,$0.01B,$0.00B,36.36%,$0.01B,0,0.00%,$0.01B,0,0.00%,$0.01B,$0.00B,9.09%,$0.01B,0,0.00%,$0.01B,$-0.00B,-9.09%,$-0.00B,$0.01B,-10.81%,$-0.00B,$0.01B,-10.81%,$-0.00B,$0.01B,-9.30%,$0.00B,$0.01B,0.00%,$2,$1,$1,$0,$2,$3,$-1,$-0,$-1,$0,$-2,$-2,$-1,$-1,$-1,$8,8,$-0.18,$-0.18,$1,$0,$3,$11,$0,$0,$0,$0,$0,$11,$2,$0,$0,$0,$2,$17,$-4,$-0,$9,$11,$-1,$0,$2,$2,$-0,$0,$-0,$-1,$-1,$-1,$0,$0,$0,$0,$0,$0,$0,$0,$0,$0,$0,$1,$1,$0,$0,$1,$0,$1,$0
12,2015-09-30,0.83,$1.26,0.66,$1.71,0.48,$-0.79,0.0,$0.07,11.81,$0.01B,$0.00B,5.15,$0.00B,$0.01B,0.0,$0.01B,$0.00B,33.33%,$0.01B,$0.00B,8.33%,$0.01B,$0.00B,8.33%,$0.01B,$0.00B,16.67%,$0.01B,$0.00B,8.33%,$0.01B,0,0.00%,$0.00B,$0.01B,0.00%,$0.00B,$0.01B,0.00%,$0.00B,$0.01B,0.00%,$0.00B,$0.01B,11.43%,$3,$1,$1,$0,$1,$2,$1,$-0,$0,$0,$0,$0,$0,$1,$1,$8,8,$0.02,$0.02,$1,$0,$3,$9,$0,$0,$0,$3,$3,$12,$2,$0,$0,$0,$2,$17,$-2,$0,$11,$12,$0,$0,$0,$0,$0,$0,$-0,$-1,$-1,$-0,$-0,$0,$0,$0,$0,$0,$0,$-0,$0,$0,$0,$1,$1,$0,$0,$1,$0,$0,$0
13,2015-06-30,1.52,$1.26,1.21,$1.83,0.83,$-0.67,0.0,$0.11,13.82,$0.01B,$0.00B,4.24,$0.00B,$0.01B,0.0,$0.01B,$0.00B,33.33%,$0.01B,0,0.00%,$0.01B,0,0.00%,$0.01B,$0.00B,8.33%,$0.01B,$0.00B,8.33%,$0.01B,0,0.00%,$0.00B,$0.01B,0.00%,$0.00B,$0.01B,0.00%,$0.00B,$0.01B,0.00%,$0.00B,$0.01B,0.00%,$3,$2,$1,$0,$1,$3,$0,$0,$1,$1,$0,$0,$-0,$1,$0,$6,6,$-0.02,$-0.02,$1,$0,$3,$8,$0,$0,$0,$3,$4,$12,$2,$0,$0,$0,$2,$16,$-3,$0,$10,$12,$1,$0,$0,$1,$-3,$0,$0,$-1,$-3,$-2,$-0,$0,$0,$0,$0,$0,$1,$1,$0,$0,$0,$1,$1,$0,$0,$1,$-0,$1,$0
14,2015-03-31,1.44,$1.11,1.29,$2.14,0.67,$-0.70,0.0,$0.23,6.26,$0.01B,$0.00B,5.99,$0.00B,$0.01B,0.0,$0.01B,$0.00B,30.77%,$0.01B,0,0.00%,$0.01B,0,0.00%,$0.01B,0,0.00%,$0.01B,0,0.00%,$0.01B,0,0.00%,$0.00B,$0.01B,0.00%,$0.00B,$0.01B,0.00%,$0.00B,$0.01B,0.00%,$0.00B,$0.01B,0.00%,$3,$1,$1,$0,$1,$2,$0,$0,$0,$-0,$0,$0,$0,$0,$0,$6,6,$0.05,$0.05,$1,$0,$3,$7,$0,$0,$0,$0,$1,$8,$1,$0,$0,$0,$1,$13,$-2,$0,$7,$8,$1,$0,$0,$0,$0,$0,$-0,$-2,$-3,$-2,$-0,$0,$0,$0,$0,$0,$1,$1,$0,$0,$0,$1,$1,$0,$0,$1,$0,$0,$0
15,2014-12-31,1.58,$1.05,1.5,$2.18,0.72,$-0.56,0.0,$0.25,6.32,$0.01B,$0.00B,6.61,$0.00B,$0.01B,0.0,$0.01B,$0.00B,33.33%,$0.01B,0,0.00%,$0.01B,0,0.00%,$0.01B,0,0.00%,$0.01B,0,0.00%,$0.01B,0,0.00%,$0.00B,$0.01B,0.00%,$0.00B,$0.01B,0.00%,$0.00B,$0.01B,0.00%,$0.00B,$0.01B,0.00%,$3,$2,$1,$0,$1,$3,$0,$-0,$0,$-0,$0,$0,$0,$0,$0,$6,6,$0.02,$0.02,$2,$0,$2,$7,$0,$0,$0,$1,$1,$8,$1,$0,$0,$0,$1,$13,$-3,$0,$7,$8,$0,$0,$0,$0,$-1,$0,$-0,$-0,$-1,$-1,$-0,$0,$0,$0,$0,$0,$1,$1,$0,$0,$0,$1,$1,$0,$0,$1,$1,$0,$0
16,2014-09-30,2.16,$1.04,2.08,$2.21,0.98,$-0.51,0.0,$0.34,6.35,$0.01B,$0.00B,5.51,$0.00B,$0.01B,0.0,$0.01B,$0.00B,36.36%,$0.01B,0,0.00%,$0.01B,0,0.00%,$0.01B,0,0.00%,$0.01B,0,0.00%,$0.01B,0,0.00%,$0.00B,$0.01B,0.00%,$0.00B,$0.01B,0.00%,$0.00B,$0.01B,0.00%,$0.00B,$0.01B,0.00%,$3,$1,$1,$0,$1,$2,$0,$-0,$0,$-0,$0,$0,$0,$0,$0,$6,6,$0.06,$0.06,$4,$0,$1,$6,$0,$0,$0,$1,$1,$8,$1,$0,$0,$0,$1,$13,$-3,$0,$6,$8,$0,$0,$0,$0,$-0,$0,$-0,$1,$0,$1,$-0,$0,$0,$0,$0,$0,$1,$1,$0,$0,$0,$1,$1,$0,$0,$1,$3,$0,$0
17,2014-06-30,2.01,$0.88,2.29,$2.47,0.81,$-0.82,0.0,$0.34,5.91,$0.01B,$0.00B,4.03,$0.00B,$0.00B,0.0,$0.01B,$0.00B,36.36%,$0.01B,0,0.00%,$0.01B,0,0.00%,$0.01B,0,0.00%,$0.01B,0,0.00%,$0.01B,0,0.00%,$0.00B,$0.00B,0.00%,$0.00B,$0.00B,0.00%,$0.00B,$0.01B,0.00%,$0.00B,$0.00B,0.00%,$4,$3,$1,$0,$1,$4,$0,$0,$0,$0,$0,$0,$0,$0,$0,$5,5,$0.10,$0.10,$1,$0,$3,$5,$0,$0,$0,$0,$1,$6,$1,$0,$0,$0,$1,$12,$-3,$0,$4,$6,$0,$0,$-0,$-0,$0,$0,$-0,$-2,$-2,$-1,$-0,$0,$0,$0,$0,$0,$-1,$-1,$0,$0,$0,$0,$0,$0,$0,$0,$-2,$0,$0
18,2014-03-31,2.59,$0.71,3.64,$1.82,1.42,$-1.45,0.0,$0.08,32.38,$0.00B,$0.00B,3.43,$0.00B,$0.00B,0.0,$0.01B,$0.00B,37.50%,$0.01B,$-0.00B,-12.50%,$0.01B,$-0.00B,-12.50%,$0.01B,$-0.00B,-12.50%,$0.01B,$-0.00B,-12.50%,$0.01B,$-0.00B,-12.50%,$-0.00B,$0.00B,-33.33%,$-0.00B,$0.00B,-33.33%,$-0.00B,$0.01B,-16.00%,$-0.00B,$0.00B,-33.33%,$2,$1,$1,$0,$1,$2,$0,$0,$0,$-0,$0,$0,$0,$0,$0,$5,5,$0.07,$0.07,$2,$0,$1,$4,$0,$0,$0,$0,$1,$5,$1,$0,$0,$0,$1,$11,$-4,$0,$3,$5,$0,$0,$-0,$-0,$0,$0,$-0,$-1,$-1,$-1,$-0,$0,$0,$0,$0,$0,$0,$-0,$0,$0,$0,$0,$0,$0,$0,$0,$-1,$0,$0
19,2013-12-31,2.5,$0.68,3.67,$2.18,1.15,$-2.68,0.0,$-0.05,0.0,$0.00B,$0.00B,3.04,$0.00B,$0.00B,0.0,$0.01B,$0.00B,25.00%,$0.01B,$-0.00B,-12.50%,$0.01B,$-0.00B,-12.50%,$0.01B,$-0.00B,-12.50%,$0.01B,$-0.00B,-12.50%,$0.01B,$-0.00B,-12.50%,$-0.00B,$0.00B,-40.00%,$-0.00B,$0.00B,-40.00%,$-0.00B,$0.01B,-14.29%,$-0.00B,$0.00B,-40.00%,$2,$2,$1,$0,$1,$2,$0,$0,$0,$0,$0,$0,$0,$0,$0,$5,5,$0.11,$0.11,$2,$0,$1,$4,$0,$0,$0,$0,$1,$5,$1,$0,$0,$0,$1,$11,$-4,$0,$3,$5,$0,$0,$-0,$0,$0,$0,$-0,$-1,$-0,$-0,$-0,$0,$0,$0,$0,$0,$0,$-0,$0,$0,$0,$0,$0,$0,$0,$0,$-1,$0,$0
20,2013-09-30,2.53,$0.67,3.8,$3.87,0.65,$-3.79,0.0,$-0.26,0.0,$0.01B,$0.00B,1.69,$0.00B,$0.00B,0.0,$0.01B,$0.00B,8.33%,$0.01B,$-0.00B,-16.67%,$0.01B,$-0.00B,-16.67%,$0.01B,$-0.00B,-16.67%,$0.01B,$-0.00B,-16.67%,$0.01B,$-0.00B,-8.33%,$-0.00B,$0.00B,-44.44%,$-0.00B,$0.00B,-44.44%,$-0.00B,$0.01B,-12.50%,$-0.00B,$0.00B,-88.89%,$3,$2,$1,$0,$1,$3,$-0,$0,$0,$-0,$0,$0,$0,$0,$-0,$5,5,$0.06,$0.06,$2,$0,$1,$7,$0,$0,$0,$0,$0,$7,$4,$0,$0,$0,$4,$11,$-5,$0,$3,$7,$0,$0,$-0,$0,$0,$0,$-0,$-1,$-1,$-1,$-0,$0,$0,$0,$0,$0,$0,$-0,$0,$0,$0,$0,$0,$0,$0,$0,$-1,$0,$0
21,2013-06-30,1.41,$0.67,2.12,$5.88,0.24,$-4.03,0.0,$-0.39,0.0,$0.01B,$0.00B,1.62,$0.00B,$0.00B,0.0,$0.02B,$0.00B,5.88%,$0.02B,$-0.00B,-11.76%,$0.02B,$-0.00B,-11.76%,$0.02B,$-0.00B,-11.76%,$0.02B,$-0.00B,-11.76%,$0.02B,$-0.00B,-5.88%,$-0.00B,$0.00B,-50.00%,$-0.00B,$0.00B,-50.00%,$-0.00B,$0.01B,-11.76%,$-0.00B,$0.00B,-100.00%,$1,$0,$0,$0,$1,$2,$-1,$-0,$-1,$0,$-1,$-1,$-1,$-1,$-1,$5,5,$-0.15,$-0.15,$3,$0,$1,$7,$0,$0,$0,$0,$0,$8,$4,$0,$0,$0,$4,$11,$-5,$0,$3,$8,$-3,$0,$1,$1,$0,$0,$-4,$1,$-3,$-4,$-0,$0,$0,$0,$0,$0,$0,$-0,$0,$0,$0,$3,$3,$0,$-0,$3,$-1,$0,$0
22,2013-03-31,1.87,$0.45,4.2,$8.54,0.22,$-3.04,0.0,$-0.31,0.0,$0.01B,$0.01B,1.09,$0.00B,$0.00B,0.0,$0.02B,$0.00B,8.33%,$0.02B,$-0.00B,-8.33%,$0.02B,$-0.00B,-8.33%,$0.02B,$-0.00B,-4.17%,$0.02B,$-0.00B,-4.17%,$0.02B,0,0.00%,$0.00B,$0.00B,0.00%,$0.00B,$0.00B,0.00%,$0.00B,$0.01B,0.00%,$-0.00B,$0.00B,-100.00%,$2,$2,$0,$0,$1,$3,$-0,$-0,$-0,$-0,$-0,$-0,$-0,$-0,$-0,$3,3,$-0.06,$-0.06,$0,$0,$1,$7,$0,$0,$0,$0,$1,$8,$7,$0,$0,$0,$7,$8,$-4,$0,$1,$8,$-1,$0,$0,$0,$-2,$0,$-2,$0,$-3,$-4,$-0,$0,$0,$0,$0,$0,$0,$-0,$0,$0,$0,$0,$0,$0,$-0,$-0,$-4,$0,$0
23,2012-12-31,1.79,$0.52,3.45,$10.87,0.16,$-1.08,0.0,$-0.41,0.0,$0.01B,$0.01B,1.1,$0.00B,$0.00B,0.0,$0.03B,$0.00B,6.45%,$0.03B,$-0.00B,-9.68%,$0.03B,$-0.00B,-9.68%,$0.03B,$-0.00B,-6.45%,$0.03B,$-0.00B,-6.45%,$0.03B,0,0.00%,$0.00B,$0.00B,0.00%,$0.00B,$0.00B,0.00%,$0.00B,$0.01B,0.00%,$-0.00B,$0.00B,-120.00%,$6,$6,$0,$0,$1,$7,$-1,$0,$-1,$-0,$-1,$-1,$-0,$-1,$-1,$3,3,$-0.10,$-0.10,$1,$0,$1,$8,$0,$0,$0,$0,$1,$9,$7,$0,$0,$0,$7,$8,$-4,$0,$2,$9,$-1,$0,$0,$0,$-2,$0,$-1,$1,$-3,$-3,$-0,$0,$0,$0,$0,$0,$0,$-0,$0,$0,$0,$0,$0,$0,$-0,$-0,$-4,$0,$0
24,2012-09-30,2.19,$0.72,3.03,$11.42,0.19,$0.35,6.28,$-0.45,0.0,$0.01B,$0.01B,1.2,$0.00B,$0.00B,0.0,$0.03B,$0.00B,9.09%,$0.03B,$-0.00B,-9.09%,$0.03B,$-0.00B,-9.09%,$0.03B,$-0.00B,-6.06%,$0.03B,$-0.00B,-6.06%,$0.03B,0,0.00%,$0.00B,$0.00B,0.00%,$0.00B,$0.00B,0.00%,$0.00B,$0.01B,0.00%,$-0.00B,$0.00B,-109.09%,$8,$7,$1,$0,$1,$8,$-0,$0,$-0,$0,$-0,$-0,$-0,$-0,$-0,$3,3,$-0.07,$-0.07,$3,$0,$1,$8,$0,$0,$0,$0,$1,$9,$7,$0,$0,$0,$7,$8,$-3,$0,$2,$9,$-0,$0,$0,$0,$0,$0,$-1,$0,$-1,$-1,$-0,$0,$0,$0,$0,$0,$0,$-0,$0,$0,$0,$0,$0,$0,$0,$0,$-1,$0,$0
25,2012-06-30,2.67,$0.88,3.05,$11.67,0.23,$0.68,3.95,$-0.61,0.0,$0.01B,$0.01B,1.22,$0.00B,$0.00B,0.0,$0.03B,$0.00B,8.82%,$0.03B,$-0.00B,-11.76%,$0.03B,$-0.00B,-11.76%,$0.03B,$-0.00B,-8.82%,$0.03B,$-0.00B,-8.82%,$0.03B,$-0.00B,-2.94%,$-0.00B,$0.00B,-30.77%,$-0.00B,$0.00B,-30.77%,$-0.00B,$0.01B,-9.76%,$-0.00B,$0.00B,-123.08%,$8,$7,$1,$0,$1,$9,$-1,$0,$-0,$-0,$-0,$-0,$-0,$-0,$-1,$3,3,$-0.08,$-0.08,$4,$0,$1,$10,$0,$0,$0,$0,$1,$11,$8,$0,$0,$0,$8,$8,$-3,$0,$3,$11,$-3,$0,$0,$1,$-2,$0,$5,$-0,$2,$0,$-0,$0,$0,$0,$0,$0,$0,$-0,$0,$0,$0,$0,$0,$0,$-1,$-1,$-0,$0,$0
26,2012-03-31,2.34,$0.94,2.49,$11.14,0.21,$0.30,7.91,$-0.69,0.0,$0.01B,$0.01B,1.23,$0.00B,$0.00B,0.0,$0.03B,$0.00B,9.09%,$0.03B,$-0.00B,-12.12%,$0.03B,$-0.00B,-12.12%,$0.03B,$-0.00B,-12.12%,$0.03B,$-0.00B,-12.12%,$0.03B,$-0.00B,-3.03%,$-0.00B,$0.00B,-26.67%,$-0.00B,$0.00B,-26.67%,$-0.00B,$0.01B,-10.26%,$-0.00B,$0.00B,-106.67%,$9,$9,$0,$0,$1,$10,$-1,$-0,$-1,$-0,$-1,$-1,$-0,$-1,$-1,$3,3,$-0.16,$-0.16,$6,$0,$1,$10,$0,$0,$0,$0,$1,$11,$8,$0,$0,$0,$8,$8,$-3,$0,$3,$11,$-2,$0,$0,$0,$-1,$0,$5,$-0,$4,$2,$-0,$0,$0,$0,$0,$0,$0,$-0,$0,$0,$0,$0,$0,$0,$-0,$-0,$2,$0,$0
27,2011-12-31,2.2,$1.15,1.91,$11.13,0.2,$-0.44,0.0,$-0.58,0.0,$0.01B,$0.01B,1.41,$0.00B,$0.00B,0.0,$0.03B,$0.00B,12.12%,$0.03B,$-0.00B,-9.09%,$0.03B,$-0.00B,-9.09%,$0.03B,$-0.00B,-9.09%,$0.03B,$-0.00B,-9.09%,$0.03B,$-0.00B,-3.03%,$-0.00B,$0.00B,-22.22%,$-0.00B,$0.00B,-22.22%,$-0.00B,$0.01B,-10.53%,$-0.00B,$0.00B,-66.67%,$8,$7,$1,$0,$2,$9,$-1,$0,$-1,$-0,$-1,$-1,$-0,$-1,$-1,$3,3,$-0.14,$-0.14,$5,$0,$1,$9,$1,$0,$0,$0,$1,$10,$7,$0,$0,$0,$7,$8,$-2,$-0,$3,$10,$-2,$0,$0,$0,$-1,$0,$3,$-0,$2,$1,$-0,$0,$0,$0,$0,$0,$0,$-0,$0,$0,$0,$0,$0,$0,$-0,$-0,$1,$0,$0
28,2011-09-30,2.11,$1.50,1.4,$11.48,0.18,$-0.58,0.0,$-0.48,0.0,$0.01B,$0.00B,1.8,$0.00B,$0.00B,0.0,$0.03B,$0.00B,11.76%,$0.03B,$-0.00B,-5.88%,$0.03B,$-0.00B,-5.88%,$0.03B,$-0.00B,-5.88%,$0.03B,$-0.00B,-5.88%,$0.03B,$-0.00B,-2.94%,$-0.00B,$0.00B,-19.05%,$-0.00B,$0.00B,-19.05%,$-0.00B,$0.01B,-10.26%,$-0.00B,$0.00B,-38.10%,$9,$8,$1,$0,$1,$9,$-1,$-0,$-1,$-0,$-1,$-1,$-1,$-1,$-1,$3,3,$-0.23,$-0.23,$4,$0,$1,$8,$1,$0,$0,$0,$1,$9,$4,$0,$0,$0,$4,$8,$-2,$0,$4,$9,$-1,$0,$0,$0,$-0,$0,$1,$-0,$0,$-0,$-0,$0,$0,$0,$0,$0,$0,$-0,$0,$0,$0,$0,$0,$0,$-0,$-0,$-0,$0,$0
29,2011-06-30,1.45,$1.78,0.81,$11.35,0.13,$-0.36,0.0,$-0.30,0.0,$0.01B,$0.00B,2.06,$0.00B,$0.01B,0.0,$0.03B,$0.00B,12.12%,$0.03B,$-0.00B,-3.03%,$0.03B,$-0.00B,-3.03%,$0.03B,$-0.00B,-3.03%,$0.03B,$-0.00B,-3.03%,$0.03B,0,0.00%,$0.00B,$0.01B,0.00%,$0.00B,$0.01B,0.00%,$0.00B,$0.01B,0.00%,$-0.00B,$0.01B,-17.39%,$7,$6,$1,$0,$1,$7,$-1,$0,$-1,$-0,$-1,$-0,$-0,$-1,$-1,$3,3,$-0.16,$-0.16,$5,$0,$0,$8,$1,$0,$0,$0,$1,$9,$4,$0,$0,$0,$4,$8,$-1,$-0,$5,$9,$-1,$0,$0,$0,$-0,$0,$-1,$0,$-0,$-1,$-0,$0,$0,$0,$0,$0,$0,$-0,$0,$0,$0,$0,$0,$0,$-0,$-0,$-1,$0,$0
30,2011-03-31,2.25,$0.00,0.0,$11.72,0.19,$-0.38,0.0,$-0.33,0.0,$0.01B,$0.01B,1.97,$0.00B,$0.01B,0.0,$0.03B,$0.00B,11.76%,$0.03B,$-0.00B,-2.94%,$0.03B,$-0.00B,-2.94%,$0.03B,$-0.00B,-2.94%,$0.03B,$-0.00B,-2.94%,$0.03B,$-0.00B,-2.94%,$-0.00B,$0.01B,-16.67%,$-0.00B,$0.01B,-16.67%,$-0.00B,$0.01B,-9.52%,$-0.00B,$0.01B,-16.67%,$9,$8,$1,$0,$1,$9,$-0,$0,$-0,$-0,$-0,$-0,$-0,$-0,$-0,$3,3,$-0.05,$-0.05,$5,$0,$1,$9,$0,$0,$0,$0,$0,$10,$5,$0,$0,$0,$5,$8,$-1,$0,$6,$10,$-1,$0,$0,$0,$-1,$0,$0,$0,$0,$-1,$-0,$0,$0,$0,$0,$0,$0,$-0,$0,$0,$0,$0,$0,$0,$-0,$-0,$-1,$0,$0
31,2010-12-31,2.38,$0.00,0.0,$10.67,0.22,$-0.85,0.0,$-0.29,0.0,$0.01B,$0.01B,1.93,$0.00B,$0.01B,0.0,$0.03B,$0.00B,12.90%,$0.03B,$-0.00B,-3.23%,$0.03B,$-0.00B,-3.23%,$0.03B,$-0.00B,-3.23%,$0.03B,$-0.00B,-3.23%,$0.03B,$-0.00B,-3.23%,$-0.00B,$0.01B,-16.00%,$-0.00B,$0.01B,-16.00%,$-0.00B,$0.01B,-9.30%,$-0.00B,$0.01B,-16.00%,$9,$8,$1,$0,$1,$9,$-0,$0,$-0,$-0,$-0,$-0,$-0,$-0,$-0,$3,3,$-0.04,$-0.04,$6,$0,$1,$10,$0,$0,$0,$0,$0,$11,$5,$0,$0,$0,$5,$8,$-1,$0,$6,$11,$-0,$0,$0,$0,$-0,$0,$-0,$1,$1,$0,$-0,$0,$0,$0,$0,$0,$0,$-0,$0,$0,$0,$0,$0,$0,$-0,$-0,$0,$0,$0
32,2010-09-30,2.41,$0.00,0.0,$7.72,0.31,$-0.92,0.0,$-0.26,0.0,$0.01B,$0.01B,2.03,$0.00B,$0.01B,0.0,$0.03B,$0.00B,13.79%,$0.03B,$-0.00B,-3.45%,$0.03B,$-0.00B,-3.45%,$0.03B,$-0.00B,-3.45%,$0.03B,$-0.00B,-3.45%,$0.03B,$-0.00B,-3.45%,$-0.00B,$0.01B,-15.38%,$-0.00B,$0.01B,-15.38%,$-0.00B,$0.01B,-9.30%,$-0.00B,$0.01B,-15.38%,$8,$7,$1,$0,$1,$8,$-0,$0,$-0,$0,$-0,$-0,$-0,$-0,$-0,$3,3,$-0.05,$-0.05,$6,$0,$1,$10,$0,$0,$0,$0,$0,$11,$5,$0,$0,$0,$5,$8,$-1,$0,$6,$11,$-0,$0,$0,$0,$0,$0,$-0,$1,$0,$0,$-0,$0,$0,$0,$0,$0,$0,$-0,$0,$0,$0,$0,$0,$0,$-0,$-0,$0,$0,$0
33,2010-06-30,2.35,$0.00,0.0,$6.83,0.34,$-1.22,0.0,$-0.18,0.0,$0.01B,$0.00B,2.26,$0.00B,$0.01B,0.0,$0.03B,$0.00B,14.81%,$0.03B,$-0.00B,-3.70%,$0.03B,$-0.00B,-3.70%,$0.03B,$-0.00B,-3.70%,$0.03B,$-0.00B,-3.70%,$0.03B,$-0.00B,-3.70%,$-0.00B,$0.01B,-14.81%,$-0.00B,$0.01B,-14.81%,$-0.00B,$0.01B,-9.09%,$-0.00B,$0.01B,-14.81%,$8,$7,$1,$0,$1,$9,$-1,$-0,$-1,$-0,$-1,$-1,$-1,$-1,$-1,$3,3,$-0.19,$-0.19,$6,$0,$1,$9,$0,$0,$0,$0,$0,$10,$4,$0,$0,$0,$4,$8,$-0,$0,$6,$10,$-1,$0,$0,$0,$0,$0,$0,$0,$-1,$-1,$-0,$0,$0,$0,$0,$-0,$0,$-0,$0,$0,$0,$0,$-0,$0,$0,$-0,$-1,$0,$0
34,2010-03-31,4.09,$0.00,0.0,$5.97,0.69,$-0.87,0.0,$-0.07,0.0,$0.01B,$0.01B,2.15,$0.00B,$0.01B,0.0,$0.02B,$0.01B,33.33%,$0.02B,$0.01B,20.83%,$0.02B,$0.01B,20.83%,$0.02B,$0.01B,20.83%,$0.02B,$0.01B,20.83%,$0.02B,0,0.00%,$0.00B,$0.01B,0.00%,$0.00B,$0.01B,0.00%,$0.00B,$0.01B,0.00%,$0.01B,$0.01B,95.24%,$6,$5,$1,$0,$1,$6,$-0,$0,$-0,$0,$-0,$-0,$-0,$-0,$-0,$3,3,$-0.01,$-0.01,$5,$0,$2,$10,$0,$0,$0,$0,$0,$11,$5,$0,$0,$0,$5,$8,$0,$0,$7,$11,$-1,$0,$0,$0,$0,$0,$0,$0,$-1,$-2,$-0,$0,$0,$0,$0,$-0,$0,$-0,$0,$0,$0,$0,$-0,$0,$0,$-0,$-2,$0,$0
35,2009-12-31,3.31,$0.00,0.0,$4.89,0.68,$-0.21,0.0,$-0.03,0.0,$0.01B,$0.00B,2.33,$0.00B,$0.01B,0.0,$0.02B,$0.01B,47.62%,$0.02B,$0.01B,38.10%,$0.02B,$0.01B,38.10%,$0.02B,$0.01B,38.10%,$0.02B,$0.01B,38.10%,$0.02B,0,0.00%,$0.00B,$0.01B,0.00%,$0.00B,$0.01B,0.00%,$0.00B,$0.01B,0.00%,$0.01B,$0.01B,228.57%,$7,$6,$1,$0,$1,$7,$-0,$-0,$-0,$0,$-0,$-0,$-0,$-0,$-0,$39,39,$-0.01,$-0.01,$7,$0,$1,$10,$0,$0,$0,$0,$0,$11,$4,$0,$0,$0,$4,$8,$0,$0,$7,$11,$-0,$0,$0,$0,$0,$0,$0,$0,$0,$-0,$-0,$0,$0,$0,$0,$0,$0,$-0,$0,$0,$0,$0,$-0,$0,$0,$-0,$-0,$0,$0
36,2009-09-30,3.71,$0.00,0.0,$6.23,0.6,$-0.21,0.0,$-0.32,0.0,$0.01B,$0.00B,2.48,$0.00B,$0.01B,0.0,$0.02B,$0.01B,73.68%,$0.02B,$0.01B,68.42%,$0.02B,$0.01B,68.42%,$0.02B,$0.01B,68.42%,$0.02B,$0.01B,68.42%,$0.02B,$-0.00B,-5.26%,$-0.00B,$0.01B,-57.14%,$-0.00B,$0.01B,-57.14%,$-0.00B,$0.01B,-33.33%,$0.01B,$0.01B,742.86%,$6,$5,$1,$0,$1,$6,$-0,$0,$0,$0,$-0,$0,$0,$-0,$-0,$3,3,$0.03,$0.03,$7,$0,$2,$11,$0,$0,$0,$0,$0,$12,$4,$0,$0,$0,$4,$8,$0,$0,$7,$12,$-0,$0,$0,$0,$0,$0,$0,$0,$-1,$-1,$-0,$0,$0,$0,$0,$0,$0,$-0,$0,$0,$0,$0,$-0,$0,$0,$-0,$-1,$0,$0
37,2009-06-30,3.14,$0.00,0.0,$6.56,0.48,0,0.0,$-0.54,0.0,$0.00B,$0.00B,0.0,$0.00B,$0.00B,0.0,$0.02B,$0.02B,100.00%,$0.02B,$0.02B,100.00%,$0.02B,$0.02B,100.00%,$0.02B,$0.02B,100.00%,$0.02B,$0.02B,100.00%,$0.02B,$-0.00B,-5.56%,$-0.00B,$0.00B,inf%,$-0.00B,$0.00B,inf%,$-0.00B,$0.00B,inf%,$0.02B,$0.00B,inf%,$5,$0,$5,$0,$0,$0,$5,$0,$5,$0,$5,$-0,$-0,$5,$5,$3,3,$-0.08,$-0.08,$0,$0,$0,$0,$0,$0,$0,$0,$0,$0,$0,$0,$0,$0,$0,$0,$0,$0,$0,$0,$0,$0,$0,$0,$0,$0,$0,$0,$0,$0,$0,$0,$0,$0,$0,$0,$0,$0,$0,$0,$0,$0,$0,$0,$0,$0,$0,$0,$0
