,Date,Stock Price,Book Value per Share,Price to Book Ratio,TTM Sales per Share,Price to Sales Ratio,TTM FCF per Share,Price to FCF Ratio,TTM Net EPS,PE Ratio,Current Assets,Current Liabilities,Current Ratio,Long Term Debt,Shareholder's Equity_x,Debt to Equity Ratio,TTM Revenue_x,TTM Gross Profit,Gross Margin,TTM Revenue_y,TTM Operating Income,Operating Margin,TTM Revenue_x,TTM EBIT,EBIT Margin,TTM Revenue_y,TTM EBITDA,EBITDA Margin,TTM Revenue_x,TTM Pre-Tax Income,Pre-Tax Margin,TTM Revenue_y,TTM Net Income_x,Net Margin,TTM Net Income_y,Shareholder's Equity_y,Return on Equity,TTM Net Income_x,Tangible Equity,Return on Tangible Equity,TTM Net Income_y,Total Assets,Return on Assets,TTM Net Income,LT Investments & Debt,Return on Investment,revenue,cost-goods-sold,gross-profit,research-development-expenses,selling-general-administrative-expenses,operating-expenses,operating-income,total-non-operating-income-expense,pre-tax-income,total-provision-income-taxes,income-after-taxes,income-from-continuous-operations,net-income,ebitda,ebit,basic-shares-outstanding,shares-outstanding,eps-basic-net-earnings-per-share,eps-earnings-per-share-diluted,cash-on-hand,inventory,other-current-assets,total-current-assets,net-property-plant-equipment,long-term-investments,goodwill-intangible-assets-total,other-long-term-assets,total-long-term-assets,total-assets,total-current-liabilities,long-term-debt,other-non-current-liabilities,total-long-term-liabilities,total-liabilities,common-stock-net,retained-earnings-accumulated-deficit,comprehensive-income,total-share-holder-equity,total-liabilities-share-holders-equity,net-income-loss,total-depreciation-amortization-cash-flow,other-non-cash-items,total-non-cash-items,change-in-accounts-receivable,change-in-inventories,change-in-accounts-payable,change-in-assets-liabilities,total-change-in-assets-liabilities,cash-flow-from-operating-activities,net-change-in-property-plant-equipment,net-change-in-intangible-assets,net-acquisitions-divestitures,net-change-in-short-term-investments,net-change-in-long-term-investments,net-change-in-investments-total,investing-activities-other,cash-flow-from-investing-activities,net-long-term-debt,net-current-debt,debt-issuance-retirement-net-total,net-common-equity-issued-repurchased,net-total-equity-issued-repurchased,total-common-preferred-stock-dividends-paid,financial-activities-other,cash-flow-from-financial-activities,net-cash-flow,stock-based-compensation,common-stock-dividends-paid
0,2018-09-30,6.32,$-0.31,-20.45,$1.23,5.14,$0.83,7.66,$0.18,35.11,$0.49B,$2.81B,0.18,$6.56B,$-1.38B,-4.77,$5.68B,$3.37B,59.35%,$5.68B,$1.67B,29.34%,$5.68B,$1.67B,29.34%,$5.68B,$1.95B,34.38%,$5.68B,$1.33B,23.34%,$5.68B,$0.89B,15.62%,$0.89B,$-1.38B,-60.82%,$0.89B,$-6.17B,-14.17%,$0.89B,$8.27B,10.69%,$1.67B,$5.19B,32.16%,$1467,$565,$903,$0,$345,$985,$483,$-128,$355,$12,$343,$343,$343,$557,$483,$4474,4574,$0.08,$0.07,$46,$20,$10,$494,$1498,$0,$4795,$1154,$7779,$8274,$2814,$6562,$110,$6835,$9649,$4,$-2308,$12,$-1375,$8274,$925,$220,$247,$467,$-42,$1,$0,$39,$-46,$1346,$-239,$0,$-1,$0,$-15,$-15,$3,$-251,$-196,$0,$-196,$-662,$-662,$-148,$-111,$-1118,$-22,$100,$-148
1,2018-06-30,6.76,$-0.31,-22.13,$1.20,5.62,$0.82,8.26,$0.17,39.76,$0.48B,$2.94B,0.16,$6.44B,$-1.37B,-4.7,$5.59B,$3.33B,59.52%,$5.59B,$1.62B,28.92%,$5.59B,$1.62B,28.92%,$5.59B,$1.91B,34.13%,$5.59B,$1.36B,24.24%,$5.59B,$0.82B,14.67%,$0.82B,$-1.37B,-59.54%,$0.82B,$-6.17B,-13.26%,$0.82B,$8.30B,9.77%,$1.62B,$5.07B,30.49%,$1432,$637,$796,$0,$359,$1071,$362,$1,$363,$71,$292,$292,$292,$436,$362,$4482,4589,$0.07,$0.06,$64,$19,$14,$481,$1469,$0,$4798,$1180,$7818,$8299,$2943,$6443,$114,$6726,$9670,$4,$-2647,$5,$-1371,$8299,$582,$145,$117,$263,$-29,$1,$0,$99,$150,$994,$-174,$0,$0,$0,$-13,$-13,$3,$-184,$-310,$0,$-310,$-334,$-334,$-99,$-72,$-815,$-5,$70,$-99
2,2018-03-31,6.22,$-0.35,-17.81,$1.17,5.29,$0.78,7.95,$0.15,41.47,$0.50B,$2.77B,0.18,$6.81B,$-1.56B,-4.35,$5.51B,$3.37B,61.12%,$5.51B,$1.67B,30.34%,$5.51B,$1.67B,30.34%,$5.51B,$1.96B,35.61%,$5.51B,$1.31B,23.86%,$5.51B,$0.73B,13.26%,$0.73B,$-1.56B,-56.37%,$0.73B,$-6.37B,-11.95%,$0.73B,$8.30B,8.68%,$1.67B,$5.24B,31.02%,$1375,$535,$840,$0,$345,$952,$424,$-54,$370,$80,$289,$289,$289,$495,$424,$4491,4586,$0.06,$0.06,$79,$17,$13,$501,$1464,$0,$4804,$1100,$7799,$8299,$2768,$6807,$114,$7096,$9864,$4,$-2940,$13,$-1564,$8299,$289,$72,$88,$160,$-14,$3,$0,$68,$-35,$415,$-81,$0,$0,$0,$-7,$-7,$3,$-85,$61,$0,$61,$-309,$-309,$-49,$-23,$-320,$9,$34,$-49
3,2017-12-31,5.33,$-0.34,-15.84,$1.15,4.66,$0.76,6.99,$0.13,41.02,$0.47B,$2.82B,0.17,$6.74B,$-1.52B,-4.42,$5.43B,$3.32B,61.24%,$5.43B,$1.64B,30.24%,$5.43B,$1.64B,30.24%,$5.43B,$1.94B,35.68%,$5.43B,$1.27B,23.31%,$5.43B,$0.65B,11.94%,$0.65B,$-1.52B,-57.13%,$0.65B,$-6.33B,-10.92%,$0.65B,$8.33B,7.79%,$1.64B,$5.22B,30.72%,$1404,$572,$831,$0,$366,$1007,$397,$-160,$237,$274,$-37,$-37,$-37,$464,$397,$4638,4724,$0.00,$0.00,$69,$20,$10,$471,$1463,$0,$4809,$1081,$7858,$8329,$2822,$6741,$108,$7032,$9853,$5,$-3243,$18,$-1524,$8329,$648,$296,$815,$1111,$-74,$2,$0,$105,$97,$1856,$-288,$0,$-108,$0,$-620,$-620,$-131,$-1147,$870,$0,$870,$-1408,$-1408,$-190,$-126,$-854,$-145,$124,$-190
4,2017-09-30,5.48,$-0.23,-24.02,$1.11,4.93,$0.74,7.45,$0.18,30.45,$0.50B,$2.68B,0.19,$6.73B,$-1.05B,-6.41,$5.33B,$3.24B,60.92%,$5.33B,$1.57B,29.56%,$5.33B,$1.57B,29.56%,$5.33B,$1.87B,35.08%,$5.33B,$1.25B,23.51%,$5.33B,$0.89B,16.71%,$0.89B,$-1.05B,-93.56%,$0.89B,$-5.87B,-15.52%,$0.89B,$8.65B,10.81%,$1.57B,$5.68B,29.69%,$1380,$519,$861,$0,$347,$946,$434,$-49,$385,$109,$276,$276,$276,$513,$434,$4618,4705,$0.06,$0.06,$74,$22,$12,$497,$1428,$0,$4815,$1136,$8156,$8652,$2683,$6728,$107,$7020,$9703,$5,$-3206,$6,$-1050,$8652,$685,$228,$429,$657,$-44,$-0,$0,$36,$-29,$1314,$-207,$0,$-107,$0,$-620,$-620,$-131,$-1065,$864,$0,$864,$-995,$-995,$-140,$-117,$-389,$-140,$95,$-140
5,2017-06-30,5.42,$-0.23,-24.08,$1.08,5.03,$0.72,7.52,$0.16,33.89,$0.50B,$2.64B,0.19,$6.45B,$-1.04B,-6.2,$5.22B,$3.17B,60.73%,$5.22B,$1.53B,29.33%,$5.22B,$1.53B,29.33%,$5.22B,$1.81B,34.73%,$5.22B,$1.17B,22.44%,$5.22B,$0.81B,15.47%,$0.81B,$-1.04B,-99.08%,$0.81B,$-5.87B,-14.47%,$0.81B,$8.35B,9.88%,$1.53B,$5.41B,29.52%,$1348,$513,$834,$0,$344,$931,$416,$-95,$322,$120,$202,$202,$202,$489,$416,$4652,4736,$0.04,$0.04,$43,$20,$12,$495,$1410,$173,$4827,$569,$7852,$8348,$2644,$6454,$104,$6745,$9389,$5,$-3482,$3,$-1042,$8348,$409,$149,$318,$466,$-38,$2,$0,$29,$-83,$793,$-120,$0,$-107,$0,$-310,$-310,$-131,$-667,$604,$0,$604,$-784,$-784,$-94,$-23,$-296,$-171,$60,$-94
6,2017-03-31,5.09,$-0.20,-25.9,$1.04,4.9,$0.72,7.03,$0.15,33.96,$0.68B,$2.58B,0.26,$5.98B,$-0.92B,-6.5,$5.11B,$3.09B,60.40%,$5.11B,$1.48B,28.92%,$5.11B,$1.48B,28.92%,$5.11B,$1.75B,34.30%,$5.11B,$1.13B,22.13%,$5.11B,$0.78B,15.28%,$0.78B,$-0.92B,-104.31%,$0.78B,$-5.66B,-14.19%,$0.78B,$7.93B,9.61%,$1.48B,$5.06B,28.60%,$1294,$497,$797,$0,$326,$900,$394,$-73,$321,$114,$207,$207,$207,$470,$394,$4710,4784,$0.04,$0.04,$230,$17,$7,$676,$1408,$0,$4738,$133,$7256,$7932,$2577,$5983,$107,$6276,$8853,$5,$-3684,$-0,$-921,$7932,$207,$76,$154,$230,$-25,$3,$0,$27,$-127,$309,$-53,$0,$0,$0,$-7,$-7,$0,$-60,$136,$0,$136,$-306,$-306,$-47,$-16,$-232,$17,$29,$-47
7,2016-12-31,4.39,$-0.17,-26.29,$1.00,4.37,$0.74,5.97,$0.14,31.38,$0.64B,$2.67B,0.24,$5.84B,$-0.79B,-7.38,$5.02B,$3.02B,60.26%,$5.02B,$1.43B,28.54%,$5.02B,$1.43B,28.54%,$5.02B,$1.70B,33.84%,$5.02B,$1.09B,21.74%,$5.02B,$0.75B,14.87%,$0.75B,$-0.79B,-113.12%,$0.75B,$-5.54B,-13.75%,$0.75B,$8.00B,9.18%,$1.43B,$5.05B,27.60%,$1303,$551,$752,$0,$355,$973,$330,$-105,$224,$20,$205,$205,$205,$396,$330,$4917,4965,$0.04,$0.04,$214,$20,$6,$643,$1399,$0,$4750,$128,$7361,$8004,$2669,$5843,$102,$6127,$8796,$5,$-3891,$-0,$-792,$8004,$746,$266,$528,$795,$-44,$2,$0,$119,$179,$1719,$-206,$0,$0,$0,$-4,$-4,$0,$-210,$376,$0,$376,$-1673,$-1673,$-48,$-62,$-1407,$102,$109,$-48
8,2016-09-30,4.11,$-0.10,-39.26,$0.96,4.27,$0.64,6.46,$0.13,31.59,$1.04B,$2.90B,0.36,$5.74B,$-0.51B,-11.34,$4.91B,$3.00B,61.05%,$4.91B,$1.40B,28.43%,$4.91B,$1.40B,28.43%,$4.91B,$1.67B,33.90%,$4.91B,$1.09B,22.13%,$4.91B,$0.68B,13.77%,$0.68B,$-0.51B,-134.39%,$0.68B,$-5.27B,-12.80%,$0.68B,$8.42B,8.31%,$1.40B,$5.24B,26.61%,$1278,$489,$789,$0,$329,$885,$392,$-87,$305,$112,$194,$194,$194,$459,$392,$4870,4920,$0.04,$0.04,$572,$28,$5,$1041,$1381,$0,$4762,$138,$7381,$8423,$2902,$5743,$107,$6027,$8929,$5,$-4096,$-0,$-507,$8423,$541,$200,$443,$643,$-38,$-6,$0,$61,$32,$1216,$-132,$0,$0,$0,$-4,$-4,$0,$-136,$638,$0,$638,$-1225,$-1225,$0,$-33,$-619,$461,$78,$0
9,2016-06-30,3.89,$-0.16,-24.53,$0.92,4.22,$0.57,6.87,$0.12,32.42,$0.93B,$2.54B,0.37,$6.10B,$-0.78B,-7.87,$4.80B,$2.94B,61.17%,$4.80B,$1.36B,28.23%,$4.80B,$1.36B,28.23%,$4.80B,$1.63B,33.87%,$4.80B,$1.06B,22.09%,$4.80B,$0.65B,13.51%,$0.65B,$-0.78B,-179.78%,$0.65B,$-5.55B,-12.59%,$0.65B,$8.14B,8.05%,$1.36B,$5.32B,25.58%,$1236,$486,$749,$0,$320,$873,$362,$-81,$281,$106,$175,$175,$175,$428,$362,$4939,4988,$0.04,$0.04,$476,$26,$5,$933,$1374,$0,$4774,$148,$7206,$8140,$2539,$6097,$109,$6376,$8915,$5,$-4587,$-0,$-775,$8140,$347,$133,$292,$425,$-16,$-4,$0,$50,$22,$794,$-67,$0,$0,$0,$-4,$-4,$0,$-71,$642,$0,$642,$-996,$-996,$0,$-5,$-359,$365,$48,$0
10,2016-03-31,3.89,$-0.11,-34.42,$0.88,4.43,$0.54,7.22,$0.11,35.36,$0.56B,$2.50B,0.22,$5.71B,$-0.56B,-10.12,$4.69B,$2.79B,59.42%,$4.69B,$1.21B,25.86%,$4.69B,$1.21B,25.86%,$4.69B,$1.49B,31.66%,$4.69B,$0.93B,19.79%,$4.69B,$0.58B,12.30%,$0.58B,$-0.56B,-1039.64%,$0.58B,$-5.35B,-11.87%,$0.58B,$7.93B,7.10%,$1.21B,$5.15B,22.63%,$1201,$467,$734,$0,$318,$853,$348,$-68,$281,$108,$172,$172,$172,$415,$348,$5065,5111,$0.03,$0.03,$102,$22,$5,$562,$1401,$0,$4786,$167,$7366,$7928,$2504,$5709,$111,$5988,$8492,$5,$-4760,$-0,$-564,$7928,$172,$67,$138,$205,$-6,$1,$0,$11,$-15,$362,$-30,$0,$0,$0,$-4,$-4,$0,$-34,$258,$0,$258,$-594,$-594,$0,$-1,$-338,$-10,$24,$0
11,2015-12-31,4.01,$-0.03,-124.09,$0.83,4.8,$0.52,7.66,$0.10,40.08,$0.56B,$2.50B,0.23,$5.44B,$-0.17B,-32.7,$4.57B,$2.73B,59.69%,$4.57B,$1.18B,25.80%,$4.57B,$1.18B,25.80%,$4.57B,$1.45B,31.68%,$4.57B,$0.89B,19.52%,$4.57B,$0.51B,11.18%,$0.51B,$-0.17B,166.18%,$0.51B,$-4.97B,-11.33%,$0.51B,$8.05B,6.17%,$1.18B,$5.28B,21.16%,$1196,$471,$726,$0,$362,$902,$294,$-74,$220,$85,$135,$135,$135,$363,$294,$5376,5435,$0.02,$0.02,$112,$22,$6,$562,$1415,$0,$4798,$155,$7485,$8047,$2496,$5444,$109,$5717,$8213,$5,$-4931,$-1,$-166,$8047,$510,$269,$526,$795,$-61,$-3,$0,$-60,$-61,$1244,$-135,$0,$0,$0,$-4,$-4,$0,$-139,$931,$0,$931,$-2018,$-2018,$0,$-55,$-1141,$-36,$84,$0
12,2015-09-30,3.68,$0.01,317.08,$0.80,4.59,$0.51,7.18,$0.10,36.78,$1.42B,$2.42B,0.59,$5.40B,$0.06B,88.66,$4.47B,$2.67B,59.84%,$4.47B,$1.18B,26.41%,$4.47B,$1.18B,26.41%,$4.47B,$1.44B,32.34%,$4.47B,$0.90B,20.16%,$4.47B,$0.52B,11.62%,$0.52B,$0.06B,76.72%,$0.52B,$-4.75B,-12.49%,$0.52B,$8.14B,6.20%,$1.18B,$5.46B,20.68%,$1170,$441,$729,$0,$307,$818,$352,$-72,$279,$113,$167,$167,$167,$421,$352,$5298,5346,$0.03,$0.03,$153,$27,$9,$1416,$1440,$10,$4811,$59,$6725,$8141,$2422,$5400,$103,$5658,$8080,$5,$-5066,$-1,$61,$8141,$375,$200,$398,$598,$-51,$-7,$0,$-56,$-72,$901,$-91,$0,$0,$0,$-4,$-4,$0,$-95,$886,$0,$886,$-1647,$-1647,$0,$-40,$-801,$5,$62,$0
13,2015-06-30,3.67,$0.08,44.1,$0.76,4.84,$0.50,7.42,$0.09,40.81,$1.63B,$2.59B,0.63,$5.11B,$0.45B,11.42,$4.35B,$2.60B,59.67%,$4.35B,$1.12B,25.76%,$4.35B,$1.12B,25.76%,$4.35B,$1.38B,31.73%,$4.35B,$0.85B,19.44%,$4.35B,$0.49B,11.21%,$0.49B,$0.45B,51.13%,$0.49B,$-4.38B,-12.55%,$0.49B,$8.41B,5.78%,$1.12B,$5.56B,19.69%,$1123,$525,$598,$0,$311,$904,$219,$-71,$148,$45,$103,$103,$103,$286,$219,$5444,5508,$0.02,$0.02,$294,$25,$45,$1630,$1464,$10,$4824,$69,$6778,$8408,$2591,$5108,$105,$5370,$7961,$5,$-5232,$-0,$447,$8408,$209,$131,$249,$379,$-42,$-5,$0,$-45,$124,$712,$-61,$0,$0,$0,$-4,$-4,$0,$-65,$599,$0,$599,$-1084,$-1084,$0,$-15,$-501,$146,$39,$0
14,2015-03-31,3.76,$0.16,23.32,$0.72,5.21,$0.46,8.13,$0.09,41.8,$1.80B,$2.30B,0.79,$5.10B,$0.89B,5.74,$4.26B,$2.64B,61.94%,$4.26B,$1.19B,27.84%,$4.26B,$1.19B,27.84%,$4.26B,$1.45B,33.91%,$4.26B,$0.91B,21.22%,$4.26B,$0.51B,11.84%,$0.51B,$0.89B,41.59%,$0.51B,$-3.95B,-13.87%,$0.51B,$8.55B,5.94%,$1.19B,$5.99B,20.81%,$1081,$406,$675,$0,$296,$767,$314,$-69,$245,$139,$106,$106,$106,$378,$314,$5571,5640,$0.02,$0.02,$482,$23,$6,$1804,$1478,$10,$4837,$7,$6746,$8550,$2298,$5102,$106,$5364,$7662,$6,$-5335,$-0,$888,$8550,$106,$64,$171,$236,$-10,$-4,$0,$22,$-31,$310,$-30,$0,$0,$0,$-4,$-4,$0,$-34,$606,$0,$606,$-535,$-535,$0,$-13,$58,$334,$19,$0
15,2014-12-31,3.45,$0.23,14.86,$0.69,4.99,$0.45,7.67,$0.09,38.3,$1.55B,$2.31B,0.67,$4.49B,$1.31B,3.43,$4.18B,$2.57B,61.54%,$4.18B,$1.12B,26.79%,$4.18B,$1.12B,26.79%,$4.18B,$1.38B,33.08%,$4.18B,$0.83B,19.88%,$4.18B,$0.49B,11.79%,$0.49B,$1.31B,29.46%,$0.49B,$-3.54B,-15.43%,$0.49B,$8.37B,5.77%,$1.12B,$5.80B,19.91%,$1091,$421,$670,$0,$310,$797,$294,$-66,$228,$85,$143,$143,$143,$359,$294,$5789,5862,$0.03,$0.02,$148,$19,$4,$1550,$1510,$6,$4850,$15,$6819,$8369,$2314,$4487,$106,$4745,$7059,$6,$-5441,$-0,$1310,$8369,$493,$264,$514,$777,$-73,$-6,$0,$40,$-17,$1253,$-122,$0,$1,$0,$24,$24,$0,$-96,$1390,$0,$1390,$-2496,$-2496,$0,$-37,$-1144,$13,$78,$0
16,2014-09-30,3.44,$0.21,16.22,$0.66,5.19,$0.40,8.56,$0.07,49.1,$1.26B,$2.76B,0.46,$4.26B,$1.17B,3.63,$4.09B,$2.51B,61.30%,$4.09B,$1.07B,26.19%,$4.09B,$1.07B,26.19%,$4.09B,$1.33B,32.49%,$4.09B,$0.71B,17.38%,$4.09B,$0.42B,10.17%,$0.42B,$1.17B,20.47%,$0.42B,$-3.69B,-14.59%,$0.42B,$8.45B,4.80%,$1.07B,$5.43B,19.00%,$1057,$404,$654,$0,$295,$763,$294,$-69,$225,$89,$136,$136,$136,$358,$294,$5626,5974,$0.02,$0.02,$104,$24,$14,$1259,$1523,$6,$4864,$10,$7190,$8449,$2756,$4260,$112,$4520,$7276,$6,$-5584,$-0,$1173,$8449,$350,$198,$394,$592,$-47,$-10,$0,$7,$-54,$888,$-87,$0,$1,$0,$24,$24,$0,$-62,$1157,$0,$1157,$-1990,$-1990,$0,$-25,$-857,$-31,$58,$0
17,2014-06-30,3.41,$0.26,13.08,$0.64,5.34,$0.37,9.28,$0.06,56.79,$1.37B,$2.77B,0.5,$4.12B,$1.49B,2.77,$4.00B,$2.48B,62.03%,$4.00B,$1.06B,26.58%,$4.00B,$1.06B,26.58%,$4.00B,$1.31B,32.87%,$4.00B,$0.61B,15.27%,$4.00B,$0.34B,8.59%,$0.34B,$1.49B,14.01%,$0.34B,$-3.39B,-14.95%,$0.34B,$8.63B,3.91%,$1.06B,$5.60B,18.38%,$1035,$393,$642,$0,$290,$751,$285,$-78,$207,$87,$120,$120,$120,$351,$285,$5865,6210,$0.02,$0.02,$170,$22,$19,$1370,$1550,$6,$4876,$9,$7254,$8625,$2769,$4115,$110,$4370,$7139,$6,$-5720,$-0,$1486,$8625,$214,$134,$266,$400,$-31,$-8,$0,$43,$-22,$592,$-58,$0,$1,$0,$24,$24,$0,$-33,$1015,$0,$1015,$-1532,$-1532,$0,$-7,$-524,$35,$36,$0
18,2014-03-31,3.15,$0.45,7.01,$0.62,5.11,$0.34,9.27,$0.06,52.52,$1.38B,$2.80B,0.49,$2.94B,$2.73B,1.08,$3.90B,$2.45B,62.69%,$3.90B,$1.05B,26.79%,$3.90B,$1.05B,26.79%,$3.90B,$1.30B,33.23%,$3.90B,$0.61B,15.51%,$3.90B,$0.35B,8.95%,$0.35B,$2.73B,12.09%,$0.35B,$-2.16B,-20.36%,$0.35B,$8.73B,3.94%,$1.05B,$5.67B,17.42%,$998,$391,$607,$0,$292,$750,$247,$-77,$171,$77,$94,$94,$94,$315,$247,$6095,6174,$0.02,$0.02,$121,$19,$25,$1378,$1571,$6,$4889,$43,$7356,$8734,$2799,$2943,$119,$3209,$6009,$6,$-5840,$-0,$2725,$8734,$94,$68,$135,$202,$-11,$-5,$0,$24,$-45,$251,$-29,$0,$1,$0,$0,$0,$0,$-27,$-153,$0,$-153,$-81,$-81,$0,$-4,$-238,$-14,$18,$0
19,2013-12-31,3.44,$0.45,7.63,$0.59,5.81,$0.33,10.56,$0.06,57.28,$1.42B,$2.74B,0.52,$3.09B,$2.75B,1.13,$3.80B,$2.41B,63.31%,$3.80B,$1.05B,27.51%,$3.80B,$1.05B,27.51%,$3.80B,$1.29B,34.06%,$3.80B,$0.64B,16.77%,$3.80B,$0.37B,9.84%,$0.37B,$2.75B,11.91%,$0.37B,$-2.16B,-28.34%,$0.37B,$8.85B,4.23%,$1.05B,$5.84B,17.09%,$1000,$396,$604,$0,$298,$755,$245,$-137,$108,$43,$65,$65,$66,$305,$245,$6228,6385,$0.01,$0.01,$135,$14,$29,$1419,$1595,$6,$4905,$40,$7426,$8845,$2739,$3094,$117,$3360,$6099,$6,$-5934,$-0,$2746,$8845,$377,$251,$409,$659,$-15,$11,$0,$106,$66,$1103,$-174,$0,$-525,$0,$-2,$-2,$0,$-701,$998,$0,$998,$-1740,$-1740,$0,$-46,$-788,$-386,$69,$0
20,2013-09-30,3.82,$0.46,8.26,$0.56,6.76,$0.28,13.47,$0.07,54.51,$1.95B,$2.65B,0.74,$3.17B,$2.84B,1.12,$3.69B,$2.37B,64.07%,$3.69B,$1.01B,27.45%,$3.69B,$1.01B,27.45%,$3.69B,$1.27B,34.35%,$3.69B,$0.70B,18.99%,$3.69B,$0.66B,17.96%,$0.66B,$2.84B,19.15%,$0.66B,$-1.46B,-77.68%,$0.66B,$8.91B,7.46%,$1.01B,$6.01B,16.15%,$962,$336,$625,$0,$282,$677,$285,$-160,$124,$61,$63,$63,$63,$342,$285,$6184,6287,$0.01,$0.01,$717,$14,$19,$1951,$1543,$6,$4298,$43,$6955,$8906,$2654,$3172,$100,$3418,$6072,$6,$-5999,$-0,$2835,$8906,$312,$191,$247,$437,$-2,$11,$0,$24,$-5,$744,$-118,$0,$0,$0,$-2,$-2,$0,$-120,$1180,$0,$1180,$-1581,$-1581,$0,$-28,$-428,$196,$50,$0
21,2013-06-30,3.3,$0.52,6.36,$0.54,6.07,$0.25,13.17,$0.07,47.13,$1.94B,$2.21B,0.88,$3.25B,$3.24B,1.0,$3.60B,$2.29B,63.77%,$3.60B,$0.96B,26.70%,$3.60B,$0.96B,26.70%,$3.60B,$1.22B,34.04%,$3.60B,$0.63B,17.55%,$3.60B,$0.65B,17.99%,$0.65B,$3.24B,17.06%,$0.65B,$-1.07B,-120.77%,$0.65B,$8.95B,7.23%,$0.96B,$6.49B,14.96%,$940,$331,$609,$0,$273,$672,$268,$-66,$202,$77,$126,$126,$126,$334,$268,$6355,6448,$0.02,$0.02,$652,$17,$19,$1944,$1524,$4,$4310,$48,$7007,$8951,$2212,$3246,$101,$3500,$5712,$6,$-6062,$-0,$3239,$8951,$249,$133,$111,$244,$-22,$9,$0,$28,$-51,$442,$-63,$0,$0,$0,$0,$0,$0,$-63,$853,$0,$853,$-1087,$-1087,$0,$-15,$-248,$131,$30,$0
22,2013-03-31,3.03,$0.58,5.22,$0.53,5.76,$0.23,13.23,$0.53,5.72,$1.60B,$2.26B,0.71,$2.38B,$3.74B,0.64,$3.49B,$2.23B,63.77%,$3.49B,$0.92B,26.33%,$3.49B,$0.92B,26.33%,$3.49B,$1.18B,33.89%,$3.49B,$0.57B,16.23%,$3.49B,$2.38B,68.09%,$2.38B,$3.74B,59.67%,$2.38B,$-0.59B,-670.14%,$2.38B,$8.64B,26.15%,$0.92B,$6.12B,14.12%,$897,$330,$567,$0,$253,$650,$247,$-44,$203,$79,$124,$124,$119,$313,$247,$6260,6606,$0.02,$0.02,$207,$20,$20,$1599,$1543,$4,$4322,$52,$7044,$8643,$2255,$2384,$104,$2651,$4906,$6,$-6188,$-0,$3737,$8643,$124,$66,$53,$119,$-11,$5,$0,$-1,$-74,$169,$-26,$0,$0,$0,$0,$0,$0,$-26,$-2,$0,$-2,$-455,$-455,$0,$0,$-457,$-314,$15,$0
23,2012-12-31,2.85,$0.77,3.71,$0.51,5.54,$0.21,13.55,$0.53,5.37,$1.83B,$2.32B,0.79,$2.43B,$4.04B,0.6,$3.40B,$2.17B,63.87%,$3.40B,$0.87B,25.63%,$3.40B,$0.87B,25.63%,$3.40B,$1.14B,33.39%,$3.40B,$0.48B,13.96%,$3.40B,$2.32B,68.31%,$2.32B,$4.04B,71.18%,$2.32B,$-0.30B,-212.24%,$2.32B,$9.06B,26.37%,$0.87B,$6.47B,14.69%,$892,$329,$564,$0,$284,$679,$213,$-41,$172,$16,$156,$156,$355,$279,$213,$4209,6874,$0.03,$0.00,$521,$25,$25,$1828,$1572,$4,$4335,$58,$7227,$9055,$2315,$2431,$110,$2701,$5015,$5,$-6311,$0,$4040,$9055,$3473,$264,$-3022,$-2758,$-59,$11,$0,$130,$92,$807,$-97,$0,$0,$0,$-0,$-0,$0,$-97,$-759,$0,$-759,$123,$123,$-327,$0,$-962,$-253,$64,$-327
24,2012-09-30,2.51,$0.80,3.13,$0.50,4.97,$0.17,14.81,$0.52,4.82,$1.86B,$2.30B,0.81,$2.43B,$4.16B,0.59,$3.29B,$2.09B,63.54%,$3.29B,$0.81B,24.68%,$3.29B,$0.81B,24.68%,$3.29B,$1.08B,32.73%,$3.29B,$0.38B,11.51%,$3.29B,$1.90B,57.65%,$1.90B,$4.16B,78.12%,$1.90B,$-0.19B,-97.52%,$1.90B,$9.16B,22.55%,$0.81B,$6.59B,15.49%,$867,$314,$553,$0,$255,$636,$232,$-177,$54,$-20,$75,$75,$47,$298,$232,$4034,6578,$0.01,$0.01,$556,$36,$16,$1863,$1601,$4,$4348,$61,$7292,$9155,$2299,$2430,$112,$2700,$4999,$5,$-6468,$0,$4156,$9155,$3316,$197,$-2998,$-2801,$-29,$1,$0,$59,$-2,$514,$-74,$0,$0,$0,$0,$0,$0,$-74,$-747,$0,$-747,$89,$89,$0,$0,$-658,$-218,$46,$0
25,2012-06-30,1.79,$1.05,1.71,$0.49,3.66,$0.14,13.25,$0.53,3.38,$2.19B,$2.30B,0.96,$2.87B,$4.01B,0.72,$3.19B,$2.03B,63.48%,$3.19B,$0.77B,23.98%,$3.19B,$0.77B,23.98%,$3.19B,$1.03B,32.26%,$3.19B,$0.44B,13.64%,$3.19B,$1.91B,60.00%,$1.91B,$4.01B,123.82%,$1.91B,$-0.35B,-67.13%,$1.91B,$9.54B,24.03%,$0.77B,$6.89B,16.97%,$838,$294,$544,$0,$249,$610,$228,$-90,$138,$-2997,$3134,$3134,$1858,$294,$228,$3766,6506,$0.49,$0.48,$868,$37,$16,$2194,$1631,$4,$4362,$71,$7341,$9535,$2295,$2874,$182,$3226,$5521,$4,$-6542,$0,$4014,$9535,$3242,$132,$-3049,$-2917,$-39,$-0,$0,$67,$-31,$294,$-49,$0,$0,$0,$0,$0,$0,$-49,$-189,$0,$-189,$39,$39,$0,$0,$-150,$94,$29,$0
26,2012-03-31,2.24,$0.22,9.98,$0.47,4.76,$0.12,18.97,$0.08,27.96,$1.34B,$2.24B,0.6,$2.96B,$0.85B,3.48,$3.10B,$1.95B,63.05%,$3.10B,$0.71B,22.93%,$3.10B,$0.71B,22.93%,$3.10B,$0.97B,31.46%,$3.10B,$0.47B,15.28%,$3.10B,$0.24B,7.72%,$0.24B,$0.85B,35.89%,$0.24B,$-3.55B,-6.37%,$0.24B,$7.50B,3.23%,$0.71B,$3.81B,19.40%,$805,$292,$512,$0,$247,$605,$199,$-89,$111,$3,$108,$108,$64,$265,$199,$3767,6538,$0.02,$0.02,$747,$37,$27,$1337,$1646,$4,$4395,$82,$6165,$7502,$2237,$2955,$252,$4416,$6652,$4,$-9676,$0,$850,$7502,$108,$65,$-30,$35,$-24,$-0,$0,$11,$-103,$40,$-25,$0,$0,$0,$0,$0,$0,$-25,$-65,$0,$-65,$23,$23,$0,$0,$-42,$-27,$15,$0
27,2011-12-31,1.76,$0.19,9.39,$0.46,3.84,$0.11,15.59,$0.07,25.17,$1.28B,$2.25B,0.57,$3.01B,$0.70B,4.28,$3.02B,$1.89B,62.79%,$3.02B,$0.68B,22.39%,$3.02B,$0.68B,22.39%,$3.02B,$0.94B,31.21%,$3.02B,$0.44B,14.66%,$3.02B,$0.25B,8.39%,$0.25B,$0.70B,47.89%,$0.25B,$-3.70B,-6.48%,$0.25B,$7.50B,3.45%,$0.68B,$3.72B,19.12%,$784,$300,$484,$0,$263,$629,$154,$-79,$76,$4,$71,$71,$-70,$221,$154,$3745,6501,$-0.02,$0.01,$774,$37,$21,$1277,$1674,$4,$4408,$91,$6219,$7496,$2248,$3012,$323,$4544,$6792,$4,$-9784,$0,$704,$7496,$427,$265,$-198,$67,$-30,$-15,$0,$129,$50,$544,$-137,$0,$0,$0,$10,$10,$0,$-128,$-240,$0,$-240,$12,$12,$0,$0,$-228,$187,$53,$0
28,2011-09-30,1.46,$0.16,9.4,$0.45,3.22,$0.08,17.83,$0.04,36.55,$1.03B,$2.16B,0.48,$3.01B,$0.62B,4.89,$2.97B,$1.85B,62.45%,$2.97B,$0.59B,19.99%,$2.97B,$0.59B,19.99%,$2.97B,$0.86B,28.92%,$2.97B,$0.28B,9.54%,$2.97B,$0.22B,7.55%,$0.22B,$0.62B,55.41%,$0.22B,$-3.81B,-5.54%,$0.22B,$7.33B,3.06%,$0.59B,$3.62B,17.40%,$763,$277,$485,$0,$235,$578,$184,$-75,$110,$6,$104,$104,$62,$249,$184,$3747,6507,$0.02,$0.02,$605,$36,$10,$1033,$1703,$3,$4423,$118,$6292,$7325,$2158,$3006,$103,$4552,$6710,$4,$-9855,$0,$615,$7325,$356,$199,$-166,$33,$-14,$-14,$0,$62,$-60,$329,$-115,$0,$0,$0,$10,$10,$0,$-105,$-215,$0,$-215,$9,$9,$0,$0,$-206,$18,$38,$0
29,2011-06-30,2.12,$0.13,16.92,$0.45,4.72,$0.05,38.9,$0.03,70.67,$0.97B,$2.17B,0.45,$3.00B,$0.50B,6.06,$2.92B,$1.81B,61.77%,$2.92B,$0.55B,18.89%,$2.92B,$0.55B,18.89%,$2.92B,$0.82B,28.06%,$2.92B,$0.24B,8.35%,$2.92B,$0.23B,7.87%,$0.23B,$0.50B,72.38%,$0.23B,$-3.94B,-5.55%,$0.23B,$7.30B,3.16%,$0.55B,$3.49B,16.60%,$744,$273,$471,$0,$231,$571,$173,$3,$176,$3,$173,$173,$183,$239,$173,$3744,6804,$0.05,$0.03,$528,$32,$11,$965,$1723,$3,$4437,$127,$6339,$7304,$2171,$2999,$106,$4638,$6809,$4,$-9960,$0,$495,$7304,$251,$134,$-137,$-3,$-10,$-10,$0,$90,$-35,$213,$-75,$0,$0,$0,$10,$10,$0,$-65,$-214,$0,$-214,$7,$7,$0,$0,$-207,$-58,$24,$0
30,2011-03-31,1.6,$0.08,21.1,$0.45,3.55,$0.03,53.78,0,0.0,$0.88B,$2.21B,0.4,$2.99B,$0.30B,10.02,$2.88B,$1.77B,61.43%,$2.88B,$0.51B,17.55%,$2.88B,$0.51B,17.55%,$2.88B,$0.78B,26.96%,$2.88B,$0.09B,2.95%,$2.88B,$0.06B,2.15%,$0.06B,$0.30B,25.94%,$0.06B,$-4.15B,-1.46%,$0.06B,$7.23B,0.85%,$0.51B,$3.29B,15.53%,$724,$271,$453,$0,$221,$560,$164,$-84,$80,$2,$78,$78,$78,$232,$164,$3735,6481,$0.02,$0.01,$434,$29,$10,$879,$1745,$3,$4452,$100,$6351,$7229,$2212,$2993,$107,$4719,$6931,$4,$-10133,$-6,$299,$7229,$78,$68,$-25,$43,$2,$-7,$0,$5,$-103,$18,$-35,$0,$0,$0,$0,$0,$0,$-35,$-137,$0,$-137,$1,$1,$0,$0,$-136,$-153,$13,$0
31,2010-12-31,1.58,$0.05,29.89,$0.44,3.57,$0.01,147.5,0,0.0,$0.99B,$2.35B,0.42,$3.02B,$0.21B,14.55,$2.82B,$1.72B,60.97%,$2.82B,$0.47B,16.54%,$2.82B,$0.47B,16.54%,$2.82B,$0.74B,26.15%,$2.82B,$0.05B,1.70%,$2.82B,$0.03B,0.92%,$0.03B,$0.21B,12.86%,$0.03B,$-4.26B,-0.61%,$0.03B,$7.38B,0.35%,$0.47B,$3.23B,14.35%,$736,$292,$444,$0,$246,$664,$72,$-154,$-83,$-1,$-81,$-81,$-99,$138,$72,$3693,6391,$-0.02,$-0.01,$587,$22,$14,$992,$1761,$3,$4468,$105,$6391,$7383,$2350,$3022,$615,$4826,$7175,$4,$-10211,$-6,$208,$7383,$43,$271,$87,$358,$-50,$-6,$0,$164,$112,$513,$-312,$0,$0,$0,$9,$9,$0,$-302,$-18,$0,$-18,$11,$11,$0,$0,$-7,$203,$60,$0
32,2010-09-30,1.16,$0.07,16.94,$0.52,2.25,$0.03,37.6,$0.02,58.09,$0.78B,$2.06B,0.38,$3.02B,$0.27B,11.23,$2.76B,$1.68B,60.80%,$2.76B,$0.48B,17.33%,$2.76B,$0.48B,17.33%,$2.76B,$0.76B,27.56%,$2.76B,$0.15B,5.26%,$2.76B,$0.14B,4.97%,$0.14B,$0.27B,78.62%,$0.14B,$-4.21B,-3.16%,$0.14B,$7.23B,1.86%,$0.48B,$3.29B,14.80%,$718,$281,$437,$0,$224,$574,$143,$-72,$71,$3,$68,$68,$68,$211,$143,$3689,6370,$0.02,$0.01,$316,$18,$13,$779,$1798,$3,$4480,$115,$6453,$7232,$2056,$3022,$86,$4906,$6963,$4,$-10130,$-6,$269,$7232,$124,$205,$-23,$182,$-41,$-2,$0,$92,$-16,$291,$-257,$0,$0,$0,$9,$9,$0,$-248,$-115,$0,$-115,$5,$5,$0,$0,$-110,$-67,$51,$0
33,2010-06-30,0.92,$0.05,19.81,$0.57,1.6,$0.04,25.89,$-0.03,0.0,$0.76B,$2.04B,0.37,$3.02B,$0.18B,16.74,$2.66B,$1.59B,59.87%,$2.66B,$0.40B,15.08%,$2.66B,$0.40B,15.08%,$2.66B,$0.69B,25.84%,$2.66B,$-0.08B,-2.86%,$2.66B,$-0.08B,-3.12%,$-0.08B,$0.18B,-76.15%,$-0.08B,$-4.32B,1.88%,$-0.08B,$7.20B,-1.12%,$0.40B,$3.20B,12.55%,$700,$266,$434,$0,$237,$574,$126,$-109,$17,$1,$15,$15,$15,$195,$126,$3684,6364,$0.00,$0.00,$259,$14,$20,$760,$1765,$3,$4496,$117,$6441,$7201,$2042,$3020,$88,$4979,$7021,$4,$-10197,$-6,$180,$7201,$57,$137,$-5,$133,$-41,$2,$0,$71,$-49,$141,$-169,$0,$0,$0,$9,$9,$0,$-160,$-106,$0,$-106,$0,$0,$0,$0,$-106,$-125,$33,$0
34,2010-03-31,0.84,$0.04,21.55,$0.63,1.34,$0.04,19.83,$-0.07,0.0,$1.31B,$2.45B,0.53,$3.12B,$0.15B,20.54,$2.55B,$1.49B,58.59%,$2.55B,$0.31B,12.24%,$2.55B,$0.31B,12.24%,$2.55B,$0.61B,23.76%,$2.55B,$-0.25B,-9.88%,$2.55B,$-0.26B,-10.12%,$-0.26B,$0.15B,-258.00%,$-0.26B,$-4.36B,5.81%,$-0.26B,$7.74B,-3.46%,$0.31B,$3.27B,9.79%,$664,$261,$403,$0,$208,$539,$125,$-82,$43,$1,$42,$42,$42,$193,$125,$3678,6335,$0.01,$0.01,$803,$14,$123,$1305,$1730,$3,$4513,$127,$6435,$7740,$2449,$3121,$89,$5140,$7588,$4,$-10213,$-6,$152,$7740,$42,$68,$-17,$51,$-16,$-8,$0,$20,$-131,$-38,$-99,$0,$0,$0,$9,$9,$0,$-90,$12,$0,$12,$0,$0,$0,$0,$12,$-115,$17,$0
35,2009-12-31,0.58,$0.02,23.61,$0.69,0.84,$0.06,9.24,$-0.15,0.0,$0.86B,$2.08B,0.41,$3.06B,$0.10B,32.08,$2.47B,$1.41B,56.98%,$2.47B,$0.23B,9.22%,$2.47B,$0.23B,9.22%,$2.47B,$0.54B,21.67%,$2.47B,$-0.35B,-14.03%,$2.47B,$-0.54B,-21.80%,$-0.54B,$0.10B,-437.32%,$-0.54B,$-4.43B,12.15%,$-0.54B,$7.32B,-7.29%,$0.23B,$3.16B,7.33%,$676,$273,$403,$0,$239,$592,$84,$-69,$14,$3,$12,$12,$12,$161,$84,$3586,3586,$0.00,$0.00,$383,$16,$125,$860,$1711,$3,$4530,$152,$6462,$7322,$2077,$3063,$891,$5150,$7227,$4,$-10254,$-7,$96,$7322,$-352,$307,$258,$565,$-45,$8,$0,$302,$221,$434,$-249,$0,$0,$0,$0,$0,$0,$-249,$-179,$0,$-179,$0,$-4,$0,$0,$-182,$3,$74,$0
36,2009-09-30,0.61,$0.00,307.4,$0.79,0.78,$-0.12,0.0,$-0.23,0.0,$0.81B,$2.02B,0.4,$3.14B,$0.01B,412.78,$2.42B,$1.33B,54.77%,$2.42B,$0.09B,3.76%,$2.42B,$0.09B,3.76%,$2.42B,$0.43B,17.57%,$2.42B,$-0.61B,-25.22%,$2.42B,$-0.80B,-33.07%,$-0.80B,$0.01B,-788.18%,$-0.80B,$-4.54B,17.87%,$-0.80B,$7.27B,-10.77%,$0.09B,$3.15B,3.01%,$619,$267,$352,$0,$211,$552,$66,$-217,$-150,$1,$-152,$-152,$-152,$138,$66,$3621,3621,$-0.04,$-0.04,$380,$21,$173,$811,$1694,$3,$4548,$177,$6458,$7269,$2016,$3140,$61,$5245,$7261,$4,$-10255,$-7,$8,$7269,$-364,$230,$294,$523,$-5,$3,$0,$170,$94,$253,$-217,$0,$0,$0,$0,$0,$0,$-217,$-17,$2,$-15,$0,$-4,$0,$-17,$-36,$-0,$68,$0
37,2009-06-30,0.42,$0.04,11.25,$0.81,0.51,$-0.26,0.0,$-2.12,0.0,$0.97B,$2.17B,0.45,$3.03B,$0.14B,21.09,$2.29B,$1.19B,51.97%,$2.29B,$-4.80B,-209.88%,$2.29B,$-4.80B,-209.88%,$2.29B,$0.27B,11.84%,$2.29B,$-5.34B,-233.30%,$2.29B,$-5.53B,-241.56%,$-5.53B,$0.14B,-5340.10%,$-5.53B,$-4.42B,122.81%,$-5.53B,$7.51B,-73.80%,$-4.80B,$3.17B,-163.10%,$591,$254,$336,$0,$195,$554,$37,$-196,$-159,$1,$-160,$-160,$-160,$114,$37,$3587,3587,$-0.04,$-0.04,$542,$28,$166,$967,$1691,$3,$4566,$216,$6540,$7507,$2171,$3029,$59,$5192,$7364,$4,$-10106,$-7,$144,$7507,$-212,$158,$174,$332,$21,$-3,$0,$105,$17,$137,$-128,$0,$0,$0,$0,$0,$0,$-128,$172,$0,$172,$0,$-4,$0,$-17,$152,$161,$50,$0
38,2009-03-31,0.34,$0.06,5.34,$0.84,0.41,$-0.39,0.0,$-2.14,0.0,$0.84B,$2.34B,0.36,$2.71B,$0.24B,11.1,$1.98B,$0.99B,50.20%,$1.98B,$-4.91B,-247.83%,$1.98B,$-4.91B,-247.83%,$1.98B,$0.12B,5.86%,$1.98B,$-5.26B,-265.76%,$1.98B,$-5.45B,-275.30%,$-5.45B,$0.25B,3422.92%,$-5.45B,$-4.34B,149.65%,$-5.45B,$7.49B,-91.21%,$-4.91B,$2.96B,-226.29%,$587,$269,$318,$0,$194,$546,$41,$-93,$-52,$1,$-53,$-53,$-239,$123,$41,$3524,3524,$-0.07,$-0.07,$375,$20,$180,$839,$1697,$3,$4587,$313,$6645,$7485,$2340,$2714,$49,$4900,$7240,$4,$-9949,$-7,$245,$7485,$-53,$82,$20,$102,$-1,$5,$0,$85,$18,$67,$-71,$0,$0,$0,$0,$0,$1,$-71,$12,$0,$12,$0,$-4,$0,$-10,$-1,$-5,$20,$0
39,2008-12-31,0.12,$0.00,50.52,$0.85,0.14,$-0.51,0.0,$-2.14,0.0,$0.79B,$2.41B,0.33,$2.82B,$0.01B,331.36,$1.66B,$0.80B,48.11%,$1.66B,$-5.04B,-302.89%,$1.66B,$-5.04B,-302.89%,$1.66B,$-0.07B,-4.15%,$1.66B,$-5.31B,-319.54%,$1.66B,$-5.32B,-319.66%,$-5.32B,$0.01B,1235.56%,$-5.32B,$-4.60B,190.69%,$-5.32B,$7.46B,-118.87%,$-5.04B,$2.83B,-344.17%,$622,$303,$319,$0,$271,$675,$-53,$-196,$-249,$0,$-249,$-249,$-249,$50,$-53,$2169,2169,$-0.39,$-0.39,$380,$24,$138,$789,$1703,$141,$4607,$209,$6670,$7460,$2407,$2821,$1081,$5044,$7451,$4,$-9712,$-8,$9,$7460,$-5317,$4969,$173,$5141,$-18,$8,$0,$91,$21,$-153,$-130,$0,$820,$0,$63,$63,$-24,$728,$-573,$0,$-573,$0,$0,$0,$-62,$-634,$-58,$87,$0
40,2008-09-30,0.55,$0.00,114.96,$0.74,0.75,$-0.53,0.0,$-2.17,0.0,$0.74B,$2.40B,0.31,$2.80B,$0.02B,178.08,$1.29B,$0.56B,43.45%,$1.29B,$-5.13B,-397.68%,$1.29B,$-5.13B,-397.68%,$1.29B,$-0.24B,-18.67%,$1.29B,$-5.23B,-405.11%,$1.29B,$-5.23B,-405.34%,$-5.23B,$0.02B,829.65%,$-5.23B,$-4.64B,281.80%,$-5.23B,$7.50B,-172.66%,$-5.13B,$2.82B,-584.90%,$488,$272,$216,$0,$218,$5315,$-4827,$-51,$-4878,$1,$-4879,$-4879,$-4879,$-16,$-4827,$2528,2528,$-1.93,$-1.93,$360,$32,$135,$739,$1700,$141,$4654,$223,$6764,$7503,$2404,$2800,$904,$5083,$7487,$3,$-9466,$-1,$16,$7503,$-5067,$4865,$59,$4924,$11,$3,$0,$36,$-76,$-217,$-103,$0,$820,$0,$63,$63,$-13,$767,$-548,$0,$-548,$0,$0,$0,$-81,$-629,$-79,$63,$0
41,2008-06-30,1.86,$-0.60,-3.08,$0.71,2.63,$-0.62,0.0,$-0.32,0.0,$0.43B,$1.25B,0.34,$0.98B,$-0.91B,-1.08,$1.05B,$0.46B,44.02%,$1.05B,$-0.41B,-39.52%,$1.05B,$-0.41B,-39.52%,$1.05B,$-0.31B,-29.19%,$1.05B,$-0.47B,-45.17%,$1.05B,$-0.47B,-45.36%,$-0.47B,$-0.91B,59.62%,$-0.47B,$-0.99B,53.96%,$-0.47B,$1.46B,-30.55%,$-0.41B,$0.07B,-123.65%,$283,$142,$141,$0,$182,$351,$-68,$-15,$-83,$1,$-84,$-84,$-84,$-41,$-68,$1500,1500,$-0.06,$-0.06,$256,$24,$18,$430,$812,$21,$84,$99,$1027,$1456,$1252,$977,$24,$1112,$2364,$2,$-4587,$0,$-907,$1456,$-188,$54,$48,$102,$1,$6,$0,$46,$-45,$-131,$-74,$0,$0,$0,$2,$2,$-15,$-87,$-1,$0,$-1,$0,$0,$0,$0,$-1,$-219,$39,$0
42,2008-03-31,2.77,$-0.56,-4.95,$0.67,4.11,$-0.64,0.0,$-0.35,0.0,$0.46B,$1.20B,0.38,$0.98B,$-0.84B,-1.17,$0.99B,$0.43B,43.02%,$0.99B,$-0.47B,-47.37%,$0.99B,$-0.47B,-47.37%,$0.99B,$-0.36B,-36.44%,$0.99B,$-0.52B,-52.94%,$0.99B,$-0.52B,-53.04%,$-0.52B,$-0.84B,74.54%,$-0.52B,$-0.92B,66.62%,$-0.52B,$1.47B,-32.55%,$-0.47B,$0.14B,-93.23%,$270,$146,$124,$0,$186,$359,$-89,$-15,$-104,$1,$-104,$-104,$-104,$-62,$-89,$1475,1475,$-0.07,$-0.07,$288,$25,$18,$459,$799,$21,$84,$96,$1011,$1470,$1200,$978,$19,$1109,$2309,$1,$-4503,$0,$-839,$1470,$-104,$27,$26,$53,$9,$4,$0,$27,$-88,$-139,$-39,$0,$0,$5,$-3,$2,$-10,$-47,$-1,$0,$-1,$1,$1,$0,$0,$0,$-186,$22,$0
43,2007-12-31,2.93,$-0.54,-5.44,$0.63,4.65,$-0.62,0.0,$-0.38,0.0,$0.68B,$1.08B,0.63,$1.28B,$-0.79B,-1.61,$0.92B,$0.38B,41.43%,$0.92B,$-0.51B,-55.75%,$0.92B,$-0.51B,-55.75%,$0.92B,$-0.41B,-44.03%,$0.92B,$-0.56B,-61.06%,$0.92B,$-0.57B,-61.28%,$-0.57B,$-0.79B,94.36%,$-0.57B,$-0.88B,82.81%,$-0.57B,$1.69B,-34.90%,$-0.51B,$0.49B,-81.78%,$250,$170,$80,$0,$202,$400,$-150,$-16,$-165,$1,$-166,$-166,$-166,$-122,$-150,$1463,1463,$-0.12,$-0.12,$474,$30,$40,$679,$806,$18,$84,$94,$1015,$1694,$1075,$1279,$10,$1412,$2487,$1,$-4399,$0,$-793,$1694,$-565,$107,$94,$201,$-42,$5,$0,$209,$216,$-149,$-65,$0,$0,$40,$-0,$40,$-29,$-54,$244,$0,$244,$4,$4,$0,$0,$248,$45,$79,$0
44,2007-09-30,3.38,$-0.44,-7.73,$0.60,5.65,$-0.84,0.0,$-0.44,0.0,$0.58B,$0.84B,0.69,$1.28B,$-0.64B,-2.0,$0.87B,$0.34B,39.08%,$0.87B,$-0.60B,-69.48%,$0.87B,$-0.60B,-69.48%,$0.87B,$-0.49B,-56.99%,$0.87B,$-0.64B,-74.34%,$0.87B,$-0.65B,-74.57%,$-0.65B,$-0.64B,129.58%,$-0.65B,$-0.72B,110.92%,$-0.65B,$1.59B,-40.06%,$-0.60B,$0.64B,-88.81%,$242,$127,$115,$0,$195,$347,$-106,$-14,$-120,$1,$-120,$-120,$-120,$-80,$-106,$1464,1464,$-0.08,$-0.08,$398,$37,$24,$577,$797,$18,$84,$97,$1010,$1587,$839,$1282,$17,$1389,$2228,$1,$-4233,$0,$-641,$1587,$-399,$79,$75,$154,$-16,$-3,$0,$77,$-7,$-252,$-67,$0,$0,$36,$-0,$36,$0,$-31,$245,$0,$245,$3,$3,$0,$0,$248,$-36,$64,$0
45,2007-06-30,2.92,$-0.37,-7.93,$0.55,5.3,$-1.01,0.0,$-0.48,0.0,$0.65B,$0.83B,0.79,$1.28B,$-0.54B,-2.38,$0.79B,$0.27B,34.05%,$0.79B,$-0.65B,-82.15%,$0.79B,$-0.65B,-82.15%,$0.79B,$-0.54B,-68.35%,$0.79B,$-0.69B,-86.71%,$0.79B,$-0.69B,-87.09%,$-0.69B,$-0.54B,177.55%,$-0.69B,$-0.62B,145.92%,$-0.69B,$1.69B,-42.57%,$-0.65B,$0.74B,-88.00%,$226,$120,$106,$0,$202,$349,$-123,$-11,$-134,$1,$-134,$-134,$-134,$-96,$-123,$1462,1462,$-0.09,$-0.09,$455,$42,$26,$649,$792,$53,$84,$94,$1039,$1688,$825,$1282,$38,$1403,$2228,$1,$-4113,$0,$-539,$1688,$-279,$53,$48,$101,$-19,$-7,$0,$64,$-12,$-190,$-36,$0,$0,$11,$-0,$11,$0,$-26,$245,$0,$245,$2,$2,$0,$0,$247,$31,$41,$0
46,2007-03-31,3.1,$-0.29,-10.73,$0.50,6.15,$-1.06,0.0,$-0.56,0.0,$0.48B,$0.75B,0.64,$1.07B,$-0.42B,-2.53,$0.71B,$0.19B,26.61%,$0.71B,$-0.76B,-105.88%,$0.71B,$-0.76B,-105.88%,$0.71B,$-0.65B,-90.90%,$0.71B,$-0.79B,-110.36%,$0.71B,$-0.79B,-110.92%,$-0.79B,$-0.42B,296.63%,$-0.79B,$-0.51B,225.64%,$-0.79B,$1.51B,-48.09%,$-0.76B,$0.65B,-93.48%,$204,$123,$81,$0,$189,$339,$-135,$-9,$-144,$1,$-145,$-145,$-145,$-108,$-135,$1457,1457,$-0.10,$-0.10,$289,$35,$32,$480,$795,$53,$84,$82,$1026,$1506,$751,$1067,$36,$1177,$1928,$1,$-3978,$0,$-422,$1506,$-145,$27,$28,$54,$-1,$-0,$0,$20,$-41,$-131,$-12,$0,$0,$11,$-0,$11,$-3,$-5,$0,$0,$0,$2,$2,$0,$0,$2,$-134,$24,$0
47,2006-12-31,3.43,$-0.27,-12.64,$0.46,7.53,$-1.08,0.0,$-0.79,0.0,$0.62B,$0.88B,0.71,$1.07B,$-0.39B,-2.75,$0.64B,$-0.11B,-16.80%,$0.64B,$-1.07B,-167.50%,$0.64B,$-1.07B,-167.50%,$0.64B,$-0.96B,-151.02%,$0.64B,$-1.10B,-173.00%,$0.64B,$-1.11B,-173.63%,$-1.11B,$-0.39B,865.75%,$-1.11B,$-0.47B,522.31%,$-1.11B,$1.66B,-63.30%,$-1.07B,$0.68B,-112.05%,$193,$157,$36,$0,$246,$430,$-237,$-9,$-245,$0,$-246,$-246,$-246,$-209,$-237,$1403,1403,$-0.17,$-0.17,$434,$35,$25,$617,$810,$53,$84,$81,$1041,$1659,$875,$1068,$28,$1173,$2048,$1,$-3834,$0,$-389,$1659,$-1105,$106,$469,$575,$-22,$-20,$0,$123,$108,$-422,$-93,$0,$0,$132,$-12,$120,$0,$27,$0,$0,$0,$26,$26,$0,$0,$26,$-369,$438,$0
