,Date,Stock Price,Book Value per Share,Price to Book Ratio,TTM Sales per Share,Price to Sales Ratio,TTM FCF per Share,Price to FCF Ratio,TTM Net EPS,PE Ratio,Current Assets,Current Liabilities,Current Ratio,Long Term Debt,Shareholder's Equity_x,Debt to Equity Ratio,TTM Revenue_x,TTM Gross Profit,Gross Margin,TTM Revenue_y,TTM Operating Income,Operating Margin,TTM Revenue_x,TTM EBIT,EBIT Margin,TTM Revenue_y,TTM EBITDA,EBITDA Margin,TTM Revenue_x,TTM Pre-Tax Income,Pre-Tax Margin,TTM Revenue_y,TTM Net Income_x,Net Margin,TTM Net Income_y,Shareholder's Equity_y,Return on Equity,TTM Net Income_x,Tangible Equity,Return on Tangible Equity,TTM Net Income_y,Total Assets,Return on Assets,TTM Net Income,LT Investments & Debt,Return on Investment,revenue,cost-goods-sold,gross-profit,research-development-expenses,selling-general-administrative-expenses,operating-expenses,operating-income,total-non-operating-income-expense,pre-tax-income,total-provision-income-taxes,income-after-taxes,income-from-continuous-operations,net-income,ebitda,ebit,basic-shares-outstanding,shares-outstanding,eps-basic-net-earnings-per-share,eps-earnings-per-share-diluted,cash-on-hand,inventory,other-current-assets,total-current-assets,net-property-plant-equipment,long-term-investments,goodwill-intangible-assets-total,other-long-term-assets,total-long-term-assets,total-assets,total-current-liabilities,long-term-debt,other-non-current-liabilities,total-long-term-liabilities,total-liabilities,common-stock-net,retained-earnings-accumulated-deficit,comprehensive-income,total-share-holder-equity,total-liabilities-share-holders-equity,net-income-loss,total-depreciation-amortization-cash-flow,other-non-cash-items,total-non-cash-items,change-in-accounts-receivable,change-in-inventories,change-in-accounts-payable,change-in-assets-liabilities,total-change-in-assets-liabilities,cash-flow-from-operating-activities,net-change-in-property-plant-equipment,net-change-in-intangible-assets,net-acquisitions-divestitures,net-change-in-short-term-investments,net-change-in-long-term-investments,net-change-in-investments-total,investing-activities-other,cash-flow-from-investing-activities,net-long-term-debt,net-current-debt,debt-issuance-retirement-net-total,net-common-equity-issued-repurchased,net-total-equity-issued-repurchased,total-common-preferred-stock-dividends-paid,financial-activities-other,cash-flow-from-financial-activities,net-cash-flow,stock-based-compensation,common-stock-dividends-paid
0,2018-09-30,69.82,$-6.10,-11.44,$16.91,4.13,$5.94,11.75,$3.44,20.3,$0.34B,$0.40B,0.86,$2.06B,$-0.52B,-4.0,$1.45B,$1.33B,91.80%,$1.45B,$0.42B,29.01%,$1.45B,$0.42B,29.01%,$1.45B,$0.54B,37.15%,$1.45B,$0.31B,21.57%,$1.45B,$0.30B,20.33%,$0.30B,$-0.52B,-49.50%,$0.30B,$-1.52B,-18.54%,$0.30B,$2.63B,11.63%,$0.42B,$1.55B,29.12%,$620,$50,$570,$0,$66,$333,$287,$-27,$260,$55,$204,$204,$184,$317,$287,$84,86,$2.19,$2.16,$69,$36,$0,$343,$1267,$0,$1009,$12,$2290,$2633,$398,$2062,$31,$2750,$3149,$2,$-1596,$-69,$-515,$2633,$237,$89,$71,$160,$-95,$-25,$0,$1,$-55,$342,$-112,$0,$-19,$0,$0,$0,$0,$-131,$39,$0,$39,$-41,$-41,$-198,$-21,$-221,$-9,$31,$-198
1,2018-06-30,70.05,$-7.94,-8.83,$16.42,4.27,$6.32,11.09,$3.39,20.66,$0.31B,$0.57B,0.55,$2.06B,$-0.67B,-3.1,$1.41B,$1.30B,91.85%,$1.41B,$0.46B,32.60%,$1.41B,$0.46B,32.60%,$1.41B,$0.58B,40.89%,$1.41B,$0.35B,25.02%,$1.41B,$0.29B,20.69%,$0.29B,$-0.67B,-47.83%,$0.29B,$-1.68B,-18.26%,$0.29B,$2.61B,11.63%,$0.46B,$1.40B,32.38%,$445,$40,$406,$0,$69,$299,$146,$-28,$118,$24,$95,$95,$75,$175,$146,$84,85,$0.89,$0.88,$69,$42,$0,$313,$1274,$0,$1010,$12,$2297,$2610,$566,$2061,$36,$2710,$3276,$2,$-1715,$-72,$-666,$2610,$32,$59,$19,$77,$-63,$-27,$0,$1,$25,$135,$-91,$0,$-19,$0,$0,$0,$0,$-110,$158,$0,$158,$-59,$-59,$-131,$-1,$-33,$-9,$21,$-131
2,2018-03-31,61.52,$-8.36,-7.36,$15.94,3.86,$6.20,9.92,$3.10,19.85,$0.19B,$0.51B,0.37,$2.02B,$-0.70B,-2.9,$1.39B,$1.28B,91.86%,$1.39B,$0.49B,35.09%,$1.39B,$0.49B,35.09%,$1.39B,$0.60B,43.37%,$1.39B,$0.34B,24.71%,$1.39B,$0.27B,19.38%,$0.27B,$-0.70B,-46.16%,$0.27B,$-1.68B,-17.19%,$0.27B,$2.44B,10.79%,$0.49B,$1.32B,33.87%,$129,$10,$119,$0,$41,$183,$-54,$-28,$-82,$-20,$-62,$-62,$-62,$-25,$-54,$84,84,$-0.74,$-0.74,$33,$36,$0,$189,$1260,$0,$981,$11,$2255,$2444,$506,$2022,$38,$2637,$3142,$2,$-1724,$-68,$-698,$2444,$-62,$30,$-18,$12,$14,$-26,$0,$2,$28,$-23,$-42,$0,$0,$0,$0,$0,$0,$-42,$155,$0,$155,$-70,$-70,$-66,$-1,$19,$-44,$5,$-66
3,2017-12-31,65.04,$-5.98,-10.88,$15.51,4.19,$5.74,11.33,$3.21,20.26,$0.22B,$0.30B,0.74,$2.02B,$-0.51B,-4.0,$1.36B,$1.25B,91.83%,$1.36B,$0.47B,34.29%,$1.36B,$0.47B,34.29%,$1.36B,$0.58B,42.68%,$1.36B,$0.33B,24.28%,$1.36B,$0.27B,20.09%,$0.27B,$-0.51B,-60.07%,$0.27B,$-1.49B,-19.00%,$0.27B,$2.46B,10.97%,$0.47B,$1.52B,31.77%,$257,$19,$237,$0,$62,$214,$42,$-25,$17,$-81,$98,$98,$98,$72,$42,$87,88,$1.03,$1.02,$77,$25,$0,$221,$1238,$0,$982,$13,$2236,$2457,$298,$2021,$41,$2664,$2962,$2,$-1530,$-64,$-505,$2457,$313,$116,$21,$137,$-3,$-2,$0,$-4,$-4,$445,$-135,$0,$0,$0,$4,$4,$1,$-130,$364,$0,$364,$-437,$-437,$-227,$-77,$-377,$-60,$-23,$-227
4,2017-09-30,58.89,$-6.84,-8.61,$15.14,3.89,$5.80,10.16,$2.09,28.18,$0.28B,$0.35B,0.8,$2.02B,$-0.57B,-3.53,$1.34B,$1.23B,91.80%,$1.34B,$0.45B,33.63%,$1.34B,$0.45B,33.63%,$1.34B,$0.56B,42.06%,$1.34B,$0.32B,23.79%,$1.34B,$0.18B,13.20%,$0.18B,$-0.57B,-47.23%,$0.18B,$-1.56B,-13.03%,$0.18B,$2.53B,7.09%,$0.45B,$1.45B,31.16%,$580,$46,$534,$0,$12,$255,$326,$-26,$300,$99,$201,$201,$181,$355,$326,$84,86,$2.15,$2.11,$85,$31,$0,$275,$1255,$0,$982,$13,$2253,$2528,$345,$2020,$43,$2756,$3101,$2,$-1566,$-61,$-573,$2528,$215,$86,$86,$172,$-39,$-11,$0,$-4,$-7,$380,$-117,$0,$0,$0,$2,$2,$0,$-114,$364,$0,$364,$-463,$-463,$-168,$-57,$-324,$-55,$-39,$-168
5,2017-06-30,56.91,$-6.48,-8.78,$14.30,3.98,$5.66,10.05,$1.07,53.19,$0.28B,$0.43B,0.65,$2.02B,$-0.56B,-3.64,$1.32B,$1.21B,91.74%,$1.32B,$0.33B,24.64%,$1.32B,$0.33B,24.64%,$1.32B,$0.44B,33.13%,$1.32B,$0.20B,14.86%,$1.32B,$0.10B,7.43%,$0.10B,$-0.56B,-41.53%,$0.10B,$-1.54B,-8.03%,$0.10B,$2.54B,3.88%,$0.33B,$1.46B,21.75%,$422,$37,$385,$0,$38,$250,$173,$-65,$108,$36,$72,$72,$52,$200,$173,$87,89,$0.60,$0.59,$71,$40,$0,$279,$1266,$0,$983,$12,$2265,$2544,$430,$2019,$48,$2669,$3098,$2,$-1590,$-62,$-555,$2544,$14,$56,$29,$85,$-39,$-29,$0,$-2,$34,$133,$-97,$0,$0,$0,$1,$1,$0,$-96,$393,$0,$393,$-353,$-353,$-113,$-37,$-111,$-69,$-3,$-113
6,2017-03-31,56.21,$-2.03,-27.75,$13.82,4.07,$5.88,9.56,$1.13,49.75,$0.19B,$0.39B,0.47,$1.63B,$-0.19B,-8.79,$1.30B,$1.20B,91.72%,$1.30B,$0.30B,22.70%,$1.30B,$0.30B,22.70%,$1.30B,$0.41B,31.29%,$1.30B,$0.21B,16.03%,$1.30B,$0.11B,8.21%,$0.11B,$-0.19B,-88.98%,$0.11B,$-1.17B,-9.68%,$0.11B,$2.43B,4.21%,$0.30B,$1.44B,19.50%,$100,$8,$92,$0,$47,$175,$-75,$-20,$-95,$-38,$-58,$-58,$-58,$-47,$-75,$91,91,$-0.63,$-0.63,$35,$37,$0,$185,$1247,$0,$984,$11,$2245,$2429,$393,$1625,$48,$2221,$2614,$2,$-1270,$-64,$-185,$2429,$-58,$28,$-29,$-0,$14,$-25,$0,$-1,$-3,$-61,$-52,$0,$0,$0,$-0,$-0,$0,$-52,$60,$0,$60,$1,$1,$-59,$0,$3,$-106,$12,$-59
7,2016-12-31,56.06,$-2.05,-27.31,$13.97,4.01,$6.09,9.21,$1.25,44.85,$0.28B,$0.32B,0.88,$1.62B,$-0.19B,-8.71,$1.32B,$1.21B,91.66%,$1.32B,$0.32B,24.26%,$1.32B,$0.32B,24.26%,$1.32B,$0.43B,32.68%,$1.32B,$0.23B,17.66%,$1.32B,$0.12B,8.95%,$0.12B,$-0.19B,-127.91%,$0.12B,$-1.17B,-10.95%,$0.12B,$2.49B,4.66%,$0.32B,$1.44B,21.14%,$239,$19,$220,$0,$63,$212,$27,$-21,$6,$4,$2,$2,$2,$56,$27,$92,94,$0.03,$0.03,$141,$24,$0,$279,$1211,$0,$984,$9,$2209,$2488,$316,$1624,$49,$2358,$2674,$2,$-1238,$-67,$-186,$2488,$157,$111,$184,$295,$-6,$-5,$0,$-2,$11,$463,$-127,$-0,$0,$0,$-1,$-1,$0,$-128,$148,$0,$148,$-175,$-175,$-220,$-45,$-293,$38,$116,$-220
8,2016-09-30,49.57,$-0.20,-247.97,$13.66,3.63,$6.24,7.94,$1.25,39.66,$0.43B,$0.31B,1.4,$1.65B,$-0.02B,-89.79,$1.30B,$1.19B,91.83%,$1.30B,$0.30B,23.21%,$1.30B,$0.30B,23.21%,$1.30B,$0.41B,31.84%,$1.30B,$0.22B,16.65%,$1.30B,$0.12B,9.10%,$0.12B,$-0.02B,-296.86%,$0.12B,$-1.00B,-11.51%,$0.12B,$2.65B,4.69%,$0.30B,$1.63B,19.61%,$558,$44,$513,$0,$134,$358,$200,$-22,$177,$56,$122,$122,$102,$228,$200,$92,94,$1.11,$1.09,$239,$31,$0,$433,$1215,$4,$985,$8,$2216,$2649,$308,$1652,$54,$2359,$2667,$2,$-1100,$-68,$-18,$2649,$155,$83,$162,$245,$-49,$-17,$0,$-1,$-25,$375,$-99,$-0,$0,$0,$-1,$-1,$0,$-100,$148,$0,$148,$-94,$-94,$-161,$-25,$-133,$139,$96,$-161
9,2016-06-30,52.95,$-0.99,-53.37,$13.72,3.86,$6.37,8.31,$1.80,29.41,$0.36B,$0.37B,0.97,$1.65B,$-0.09B,-17.92,$1.31B,$1.21B,92.09%,$1.31B,$0.39B,29.68%,$1.31B,$0.39B,29.68%,$1.31B,$0.50B,38.13%,$1.31B,$0.31B,23.44%,$1.31B,$0.17B,13.17%,$0.17B,$-0.09B,3460.00%,$0.17B,$-1.08B,-17.63%,$0.17B,$2.59B,6.83%,$0.39B,$1.56B,25.23%,$407,$36,$371,$0,$59,$263,$144,$-23,$121,$41,$80,$80,$61,$171,$144,$93,95,$0.65,$0.64,$164,$40,$0,$361,$1228,$4,$985,$8,$2230,$2590,$372,$1651,$57,$2311,$2682,$2,$-1084,$-67,$-92,$2590,$33,$54,$17,$71,$-40,$-30,$0,$-0,$34,$139,$-79,$0,$0,$0,$-0,$-0,$0,$-80,$148,$0,$148,$-29,$-29,$-107,$-5,$7,$64,$6,$-107
10,2016-03-31,50.21,$-0.78,-63.97,$13.41,3.74,$6.52,7.7,$1.82,27.59,$0.17B,$0.36B,0.47,$1.50B,$-0.07B,-20.46,$1.29B,$1.19B,92.11%,$1.29B,$0.38B,29.62%,$1.29B,$0.38B,29.62%,$1.29B,$0.49B,38.13%,$1.29B,$0.30B,23.05%,$1.29B,$0.18B,13.77%,$0.18B,$-0.07B,288.26%,$0.18B,$-1.06B,-19.24%,$0.18B,$2.39B,6.95%,$0.38B,$1.42B,24.40%,$115,$10,$105,$0,$36,$166,$-51,$-20,$-71,$-24,$-47,$-47,$-47,$-24,$-51,$92,92,$-0.51,$-0.51,$23,$38,$0,$172,$1220,$3,$986,$7,$2221,$2393,$363,$1497,$59,$2104,$2467,$2,$-1063,$-66,$-73,$2393,$-47,$27,$-28,$-1,$4,$-25,$0,$0,$-5,$-53,$-42,$0,$0,$0,$-0,$-0,$0,$-41,$70,$0,$70,$-0,$-0,$-53,$0,$17,$-77,$2,$-53
11,2015-12-31,49.11,$0.26,185.65,$13.07,3.76,$6.62,7.41,$1.58,31.08,$0.23B,$0.27B,0.84,$1.50B,$0.02B,61.86,$1.26B,$1.16B,92.16%,$1.26B,$0.35B,27.47%,$1.26B,$0.35B,27.47%,$1.26B,$0.46B,36.26%,$1.26B,$0.26B,20.82%,$1.26B,$0.16B,12.27%,$0.16B,$0.02B,139.33%,$0.16B,$-0.96B,-17.69%,$0.16B,$2.43B,6.00%,$0.35B,$1.52B,21.80%,$217,$16,$202,$0,$63,$209,$8,$-19,$-11,$-14,$2,$2,$2,$38,$8,$94,98,$0.04,$0.02,$100,$22,$0,$228,$1198,$3,$987,$7,$2200,$2428,$272,$1498,$58,$2132,$2404,$2,$-953,$-67,$24,$2428,$193,$112,$135,$247,$-6,$0,$0,$-2,$34,$474,$-109,$-0,$0,$0,$-1,$-1,$0,$-110,$124,$0,$124,$-205,$-205,$-201,$-52,$-333,$26,$56,$-201
12,2015-09-30,40.47,$1.73,23.38,$12.72,3.18,$5.80,6.98,$1.19,34.0,$0.48B,$0.28B,1.71,$1.52B,$0.16B,9.41,$1.23B,$1.13B,92.03%,$1.23B,$0.32B,25.69%,$1.23B,$0.32B,25.69%,$1.23B,$0.43B,34.55%,$1.23B,$0.22B,18.05%,$1.23B,$0.12B,9.67%,$0.12B,$0.16B,73.80%,$0.12B,$-0.83B,-14.39%,$0.12B,$2.72B,4.61%,$0.32B,$1.68B,19.62%,$575,$43,$532,$0,$62,$286,$289,$-20,$269,$93,$176,$176,$157,$316,$289,$94,96,$1.67,$1.64,$211,$27,$0,$484,$1216,$3,$987,$7,$2237,$2720,$284,$1517,$61,$2276,$2559,$2,$-799,$-67,$161,$2720,$191,$82,$121,$203,$-50,$-9,$0,$-2,$-8,$385,$-91,$-0,$0,$0,$-0,$-0,$0,$-91,$126,$0,$126,$-98,$-98,$-148,$-33,$-153,$137,$37,$-148
13,2015-06-30,39.17,$1.43,27.4,$12.31,3.18,$5.14,7.62,$0.63,62.18,$0.45B,$0.34B,1.31,$1.52B,$0.14B,11.21,$1.20B,$1.10B,92.06%,$1.20B,$0.23B,19.21%,$1.20B,$0.23B,19.21%,$1.20B,$0.34B,28.40%,$1.20B,$0.14B,11.45%,$1.20B,$0.07B,5.60%,$0.07B,$0.14B,32.17%,$0.07B,$-0.85B,-8.58%,$0.07B,$2.70B,2.59%,$0.23B,$1.65B,14.15%,$386,$34,$352,$0,$55,$250,$137,$-25,$111,$27,$85,$85,$66,$163,$137,$95,97,$0.69,$0.67,$155,$36,$0,$448,$1230,$3,$988,$4,$2250,$2698,$343,$1519,$62,$2220,$2563,$2,$-822,$-63,$135,$2698,$14,$55,$24,$79,$-33,$-23,$0,$1,$51,$145,$-70,$-0,$0,$0,$-0,$-0,$0,$-71,$127,$0,$127,$-9,$-9,$-98,$-12,$8,$81,$27,$-98
14,2015-03-31,41.84,$1.31,31.86,$12.15,3.44,$4.73,8.84,$0.63,66.41,$0.25B,$0.32B,0.77,$1.39B,$0.13B,11.14,$1.19B,$1.10B,92.17%,$1.19B,$0.23B,18.94%,$1.19B,$0.23B,18.94%,$1.19B,$0.34B,28.28%,$1.19B,$0.15B,12.63%,$1.19B,$0.07B,5.64%,$0.07B,$0.13B,26.77%,$0.07B,$-0.86B,-9.05%,$0.07B,$2.48B,2.58%,$0.23B,$1.51B,13.75%,$85,$7,$78,$0,$55,$173,$-87,$-19,$-106,$-36,$-70,$-70,$-70,$-59,$-87,$94,94,$-0.75,$-0.75,$16,$34,$0,$245,$1222,$3,$989,$4,$2236,$2480,$320,$1388,$64,$2036,$2356,$2,$-828,$-63,$125,$2480,$-70,$28,$-17,$11,$13,$-14,$0,$1,$7,$-52,$-34,$-0,$0,$0,$-0,$-0,$0,$-34,$78,$0,$78,$1,$1,$-49,$0,$30,$-58,$22,$-49
15,2014-12-31,36.87,$2.41,15.3,$12.02,3.07,$4.58,8.05,$0.74,49.82,$0.20B,$0.23B,0.86,$1.37B,$0.22B,6.14,$1.18B,$1.08B,92.10%,$1.18B,$0.23B,19.88%,$1.18B,$0.23B,19.88%,$1.18B,$0.35B,29.40%,$1.18B,$0.16B,13.59%,$1.18B,$0.08B,6.46%,$0.08B,$0.22B,26.46%,$0.08B,$-0.77B,-10.80%,$0.08B,$2.42B,2.91%,$0.23B,$1.60B,13.97%,$184,$13,$170,$0,$90,$207,$-23,$-29,$-52,$-18,$-35,$-35,$-34,$5,$-23,$94,98,$-0.37,$-0.34,$74,$21,$0,$199,$1218,$2,$990,$5,$2218,$2417,$232,$1374,$65,$1961,$2193,$2,$-702,$-60,$224,$2417,$114,$113,$166,$279,$-8,$-6,$0,$-0,$-1,$392,$-109,$-0,$10,$0,$-1,$-1,$1,$-98,$-6,$0,$-6,$-157,$-157,$-184,$-38,$-385,$-95,$140,$-184
16,2014-09-30,29.0,$3.69,7.86,$11.68,2.48,$4.35,6.67,$1.24,23.39,$0.49B,$0.25B,1.94,$1.39B,$0.35B,3.99,$1.15B,$1.06B,92.15%,$1.15B,$0.25B,22.14%,$1.15B,$0.25B,22.14%,$1.15B,$0.37B,32.26%,$1.15B,$0.19B,16.56%,$1.15B,$0.12B,10.72%,$0.12B,$0.35B,37.90%,$0.12B,$-0.64B,-18.44%,$0.12B,$2.75B,4.63%,$0.25B,$1.74B,14.79%,$542,$40,$502,$0,$127,$339,$203,$-18,$184,$60,$124,$124,$105,$231,$203,$95,97,$1.11,$1.08,$165,$26,$0,$492,$1239,$2,$990,$5,$2257,$2749,$253,$1390,$34,$2147,$2400,$2,$-558,$-36,$349,$2749,$148,$85,$84,$168,$-59,$-18,$0,$-1,$13,$329,$-96,$-0,$10,$0,$-0,$-0,$0,$-85,$-5,$0,$-5,$-87,$-87,$-136,$-19,$-247,$-5,$89,$-136
17,2014-06-30,35.43,$3.18,11.14,$11.23,3.15,$4.14,8.56,$1.38,25.67,$0.45B,$0.32B,1.4,$1.39B,$0.30B,4.59,$1.11B,$1.02B,92.16%,$1.11B,$0.30B,26.76%,$1.11B,$0.30B,26.76%,$1.11B,$0.42B,37.57%,$1.11B,$0.23B,20.90%,$1.11B,$0.14B,12.43%,$0.14B,$0.30B,40.77%,$0.14B,$-0.69B,-21.09%,$0.14B,$2.73B,5.20%,$0.30B,$1.70B,17.15%,$377,$31,$345,$0,$60,$245,$132,$-8,$124,$39,$85,$85,$66,$159,$132,$95,99,$0.70,$0.67,$117,$36,$0,$450,$1260,$2,$991,$4,$2279,$2729,$321,$1392,$37,$2104,$2425,$2,$-529,$-34,$303,$2729,$24,$56,$-1,$56,$-40,$-23,$0,$0,$38,$117,$-82,$-0,$0,$0,$-0,$-0,$0,$-81,$-3,$0,$-3,$4,$4,$-90,$-0,$-88,$-52,$11,$-90
18,2014-03-31,33.04,$2.87,11.51,$11.06,2.99,$4.41,7.49,$1.18,28.0,$0.27B,$0.24B,1.12,$1.39B,$0.27B,5.1,$1.10B,$1.01B,92.16%,$1.10B,$0.28B,25.71%,$1.10B,$0.28B,25.71%,$1.10B,$0.41B,37.19%,$1.10B,$0.21B,18.78%,$1.10B,$0.12B,10.85%,$0.12B,$0.27B,32.65%,$0.12B,$-0.72B,-18.88%,$0.12B,$2.54B,4.46%,$0.28B,$1.67B,16.03%,$74,$6,$67,$0,$34,$152,$-78,$-18,$-96,$-35,$-61,$-61,$-61,$-49,$-78,$95,95,$-0.64,$-0.64,$22,$35,$0,$268,$1248,$2,$992,$4,$2268,$2536,$239,$1393,$38,$2023,$2262,$2,$-549,$-34,$273,$2536,$-61,$29,$-34,$-5,$9,$-19,$0,$0,$7,$-60,$-42,$0,$0,$0,$0,$0,$0,$-42,$-2,$0,$-2,$2,$2,$-45,$0,$-45,$-147,$5,$-45
19,2013-12-31,29.95,$3.94,7.61,$11.14,2.69,$4.77,6.28,$1.21,24.85,$0.35B,$0.22B,1.63,$1.39B,$0.37B,3.74,$1.11B,$1.02B,92.17%,$1.11B,$0.28B,25.11%,$1.11B,$0.28B,25.11%,$1.11B,$0.41B,37.17%,$1.11B,$0.20B,18.27%,$1.11B,$0.12B,10.53%,$0.12B,$0.37B,29.09%,$0.12B,$-0.62B,-19.66%,$0.12B,$2.61B,4.34%,$0.28B,$1.77B,15.51%,$154,$11,$143,$0,$37,$157,$-3,$-19,$-22,$-35,$13,$13,$13,$29,$-3,$97,100,$0.07,$0.10,$169,$22,$0,$354,$1232,$2,$992,$4,$2254,$2608,$217,$1394,$40,$2018,$2234,$2,$-439,$-33,$373,$2608,$157,$132,$74,$206,$-22,$-2,$0,$0,$6,$369,$-102,$-0,$0,$0,$-1,$-1,$0,$-102,$-6,$0,$-6,$-493,$-493,$-176,$-50,$-725,$-460,$27,$-176
20,2013-09-30,27.14,$4.26,6.38,$10.90,2.49,$4.57,5.94,$2.37,11.45,$0.48B,$0.22B,2.15,$1.40B,$0.41B,3.45,$1.10B,$1.02B,92.19%,$1.10B,$0.26B,23.43%,$1.10B,$0.26B,23.43%,$1.10B,$0.40B,35.97%,$1.10B,$0.19B,17.08%,$1.10B,$0.26B,23.61%,$0.26B,$0.41B,48.94%,$0.26B,$-0.59B,-55.32%,$0.26B,$2.75B,9.26%,$0.26B,$1.80B,13.38%,$505,$37,$468,$0,$53,$259,$246,$-20,$226,$86,$140,$140,$120,$278,$246,$95,98,$1.27,$1.22,$201,$27,$0,$477,$1245,$2,$996,$4,$2270,$2746,$222,$1395,$71,$2120,$2342,$2,$-403,$-30,$405,$2746,$144,$100,$94,$194,$-65,$-8,$0,$0,$-33,$305,$-89,$-0,$0,$0,$-0,$-0,$0,$-89,$-5,$0,$-5,$-478,$-478,$-131,$-29,$-643,$-428,$21,$-131
21,2013-06-30,27.86,$4.25,6.55,$10.05,2.77,$4.58,6.08,$3.38,8.24,$0.48B,$0.31B,1.54,$1.40B,$0.41B,3.43,$1.08B,$1.00B,92.32%,$1.08B,$0.24B,21.74%,$1.08B,$0.24B,21.74%,$1.08B,$0.38B,34.88%,$1.08B,$0.24B,22.02%,$1.08B,$0.39B,36.36%,$0.39B,$0.41B,60.14%,$0.39B,$-0.59B,-111.81%,$0.39B,$2.77B,13.94%,$0.24B,$1.80B,12.13%,$364,$31,$333,$0,$60,$246,$117,$-19,$98,$32,$66,$66,$47,$150,$117,$96,100,$0.49,$0.47,$201,$38,$0,$483,$1262,$1,$1000,$4,$2291,$2774,$314,$1396,$74,$2053,$2367,$2,$-402,$-31,$407,$2774,$4,$68,$8,$77,$-51,$-25,$0,$0,$55,$136,$-72,$-0,$0,$0,$-0,$-0,$0,$-72,$-3,$0,$-3,$-399,$-399,$-88,$-1,$-491,$-428,$14,$-88
22,2013-03-31,28.39,$4.40,6.45,$9.73,2.92,$4.55,6.24,$3.55,8.01,$0.36B,$0.24B,1.53,$1.40B,$0.42B,3.29,$1.09B,$1.01B,92.49%,$1.09B,$0.22B,20.33%,$1.09B,$0.22B,20.33%,$1.09B,$0.37B,33.70%,$1.09B,$0.23B,21.25%,$1.09B,$0.42B,38.28%,$0.42B,$0.42B,58.83%,$0.42B,$-0.58B,-140.03%,$0.42B,$2.65B,15.04%,$0.22B,$1.82B,11.80%,$88,$8,$80,$0,$40,$168,$-81,$-18,$-99,$-36,$-62,$-62,$-63,$-44,$-81,$102,102,$-0.61,$-0.61,$137,$37,$0,$362,$1258,$1,$1003,$4,$2292,$2654,$237,$1398,$75,$1993,$2230,$1,$-383,$-28,$424,$2654,$-62,$36,$-31,$5,$-12,$-24,$0,$-0,$20,$-37,$-37,$0,$0,$0,$0,$0,$0,$-36,$-2,$0,$-2,$-373,$-373,$-45,$-0,$-420,$-492,$7,$-45
23,2012-12-31,23.65,$8.26,2.86,$9.48,2.49,$4.54,5.2,$3.11,7.62,$0.76B,$0.18B,4.2,$1.40B,$0.89B,1.57,$1.07B,$0.99B,92.62%,$1.07B,$0.20B,18.32%,$1.07B,$0.20B,18.32%,$1.07B,$0.35B,32.43%,$1.07B,$0.21B,19.81%,$1.07B,$0.37B,34.21%,$0.37B,$0.89B,47.92%,$0.37B,$-0.12B,-146.84%,$0.37B,$3.06B,13.33%,$0.20B,$2.29B,10.80%,$144,$10,$134,$0,$50,$168,$-24,$-13,$-37,$-193,$155,$155,$156,$12,$-24,$108,111,$1.42,$1.49,$629,$22,$0,$763,$1255,$1,$1007,$4,$2293,$3056,$182,$1399,$76,$1986,$2168,$1,$28,$-49,$889,$3056,$403,$150,$-188,$-38,$-10,$-2,$0,$5,$6,$372,$-98,$0,$70,$0,$-1,$-1,$1,$-28,$447,$0,$447,$-191,$-191,$-148,$-56,$52,$398,$63,$0
24,2012-09-30,22.37,$8.26,2.71,$9.43,2.37,$3.75,5.97,$0.89,25.28,$0.48B,$0.20B,2.36,$0.94B,$0.89B,1.05,$1.06B,$0.99B,92.58%,$1.06B,$0.19B,17.48%,$1.06B,$0.19B,17.48%,$1.06B,$0.35B,32.42%,$1.06B,$0.15B,14.19%,$1.06B,$0.11B,10.15%,$0.11B,$0.89B,14.73%,$0.11B,$-0.12B,-38.06%,$0.11B,$2.79B,4.08%,$0.19B,$1.84B,11.17%,$485,$34,$451,$0,$54,$262,$223,$52,$276,$11,$265,$265,$253,$259,$223,$107,114,$2.37,$2.23,$281,$27,$0,$482,$1266,$16,$1010,$4,$2308,$2789,$204,$942,$71,$1691,$1896,$1,$23,$-43,$894,$2789,$248,$115,$-13,$102,$-44,$-10,$0,$5,$-19,$331,$-80,$0,$0,$0,$-15,$-15,$1,$-94,$-3,$0,$-3,$-68,$-68,$-97,$-22,$-190,$50,$45,$-97
25,2012-06-30,20.39,$5.98,3.41,$9.39,2.17,$3.13,6.51,$0.37,55.11,$0.28B,$0.28B,0.99,$0.95B,$0.64B,1.49,$1.06B,$0.98B,92.42%,$1.06B,$0.18B,17.16%,$1.06B,$0.18B,17.16%,$1.06B,$0.35B,32.99%,$1.06B,$0.08B,7.20%,$1.06B,$0.05B,4.55%,$0.05B,$0.64B,6.49%,$0.05B,$-0.38B,-17.08%,$0.05B,$2.62B,1.81%,$0.18B,$1.58B,10.83%,$375,$30,$345,$0,$76,$270,$104,$-12,$92,$1,$91,$91,$72,$141,$104,$108,113,$0.67,$0.64,$128,$38,$0,$280,$1284,$16,$1014,$9,$2335,$2615,$283,$945,$75,$1697,$1980,$1,$-197,$-48,$635,$2615,$-24,$79,$34,$113,$-45,$-29,$0,$1,$44,$133,$-66,$0,$0,$0,$-15,$-15,$1,$-79,$-2,$0,$-2,$-88,$-88,$-64,$-3,$-158,$-104,$32,$-64
26,2012-03-31,17.37,$5.88,2.95,$9.07,1.92,$2.51,6.91,$0.04,385.98,$0.18B,$0.23B,0.76,$0.92B,$0.64B,1.44,$1.02B,$0.94B,92.35%,$1.02B,$0.15B,14.92%,$1.02B,$0.15B,14.92%,$1.02B,$0.33B,31.89%,$1.02B,$0.04B,3.93%,$1.02B,$0.01B,1.08%,$0.01B,$0.64B,1.44%,$0.01B,$-0.38B,-4.21%,$0.01B,$2.52B,0.41%,$0.15B,$1.56B,8.98%,$66,$6,$61,$0,$46,$174,$-107,$-11,$-119,$-4,$-115,$-115,$-115,$-65,$-107,$109,109,$-1.06,$-1.06,$69,$36,$0,$176,$1292,$16,$1018,$9,$2348,$2524,$233,$918,$76,$1655,$1888,$1,$-199,$-44,$637,$2524,$-115,$42,$16,$58,$-0,$-27,$0,$1,$14,$-43,$-36,$0,$0,$0,$-15,$-15,$1,$-51,$-1,$0,$-1,$-36,$-36,$-33,$-1,$-71,$-162,$17,$-33
27,2011-12-31,15.12,$7.02,2.15,$9.01,1.68,$2.40,6.3,$-0.24,0.0,$0.31B,$0.22B,1.4,$0.92B,$0.77B,1.2,$1.01B,$0.94B,92.31%,$1.01B,$0.12B,11.93%,$1.01B,$0.12B,11.93%,$1.01B,$0.30B,29.39%,$1.01B,$0.00B,0.30%,$1.01B,$-0.02B,-2.17%,$-0.02B,$0.77B,-2.81%,$-0.02B,$-0.26B,8.89%,$-0.02B,$2.65B,-0.82%,$0.12B,$1.69B,7.05%,$138,$10,$128,$0,$49,$172,$-34,$-64,$-98,$6,$-104,$-104,$-102,$10,$-34,$110,110,$-0.96,$-0.90,$231,$21,$0,$310,$1292,$1,$1023,$10,$2339,$2648,$222,$922,$76,$1659,$1881,$1,$-20,$-50,$767,$2648,$13,$177,$80,$257,$1,$-1,$0,$6,$5,$275,$-91,$0,$-0,$0,$2,$2,$1,$-89,$-25,$0,$-25,$-50,$-50,$-10,$-55,$-140,$44,$54,$-10
28,2011-09-30,10.15,$8.38,1.21,$8.87,1.14,$0.46,22.03,$-0.16,0.0,$0.42B,$0.23B,1.85,$0.94B,$0.92B,1.02,$1.00B,$0.92B,92.18%,$1.00B,$0.10B,9.72%,$1.00B,$0.10B,9.72%,$1.00B,$0.28B,27.66%,$1.00B,$0.01B,0.80%,$1.00B,$-0.01B,-1.40%,$-0.01B,$0.92B,-1.73%,$-0.01B,$-0.11B,6.17%,$-0.01B,$2.80B,-0.52%,$0.10B,$1.86B,5.55%,$476,$35,$441,$0,$48,$257,$218,$-18,$201,$-10,$211,$211,$193,$262,$218,$109,112,$1.77,$1.72,$305,$26,$0,$423,$1308,$0,$1027,$11,$2381,$2804,$228,$940,$40,$1655,$1883,$1,$97,$-12,$921,$2804,$116,$133,$7,$140,$-31,$-8,$0,$6,$-7,$249,$-70,$0,$-0,$0,$3,$3,$1,$-66,$-1,$0,$-1,$-35,$-35,$-7,$-19,$-63,$118,$34,$-7
29,2011-06-30,13.68,$6.69,2.05,$8.95,1.53,$-1.56,0.0,$-0.66,0.0,$0.27B,$0.31B,0.9,$0.94B,$0.73B,1.29,$1.00B,$0.92B,91.98%,$1.00B,$0.07B,6.91%,$1.00B,$0.07B,6.91%,$1.00B,$0.25B,25.05%,$1.00B,$-0.03B,-3.31%,$1.00B,$-0.07B,-7.31%,$-0.07B,$0.73B,-8.93%,$-0.07B,$-0.30B,34.84%,$-0.07B,$2.71B,-2.67%,$0.07B,$1.67B,3.90%,$339,$27,$311,$0,$74,$264,$75,$-18,$56,$3,$53,$53,$35,$118,$75,$110,113,$0.32,$0.31,$142,$38,$0,$274,$1350,$0,$1032,$12,$2431,$2705,$306,$939,$42,$1669,$1975,$1,$-93,$0,$730,$2705,$-96,$89,$8,$98,$-28,$-24,$0,$5,$56,$58,$-60,$0,$0,$0,$2,$2,$1,$-57,$-1,$0,$-1,$-41,$-41,$-3,$-1,$-47,$-45,$28,$-3
30,2011-03-31,13.14,$6.44,2.04,$7.01,1.87,$-2.11,0.0,$-0.87,0.0,$0.19B,$0.27B,0.7,$0.94B,$0.71B,1.32,$0.98B,$0.90B,91.84%,$0.98B,$0.05B,4.59%,$0.98B,$0.05B,4.59%,$0.98B,$0.22B,22.76%,$0.98B,$0.77B,78.78%,$0.98B,$0.64B,64.80%,$0.64B,$0.71B,75.64%,$0.64B,$-0.33B,-352.78%,$0.64B,$2.63B,22.97%,$0.05B,$1.65B,2.49%,$61,$6,$56,$0,$44,$199,$-138,$-18,$-156,$-7,$-149,$-149,$-148,$-92,$-138,$111,111,$-1.34,$-1.34,$79,$36,$0,$188,$1351,$1,$1037,$15,$2442,$2630,$269,$939,$43,$1651,$1920,$1,$-113,$-0,$710,$2630,$-149,$46,$-9,$37,$-8,$-21,$0,$2,$41,$-70,$-23,$0,$0,$0,$2,$2,$1,$-21,$3,$0,$3,$-19,$-19,$-2,$-1,$-18,$-108,$14,$-2
