,Date,Stock Price,Book Value per Share,Price to Book Ratio,TTM Sales per Share,Price to Sales Ratio,TTM FCF per Share,Price to FCF Ratio,TTM Net EPS,PE Ratio,Current Assets,Current Liabilities,Current Ratio,Long Term Debt,Shareholder's Equity_x,Debt to Equity Ratio,TTM Revenue_x,TTM Gross Profit,Gross Margin,TTM Revenue_y,TTM Operating Income,Operating Margin,TTM Revenue_x,TTM EBIT,EBIT Margin,TTM Revenue_y,TTM EBITDA,EBITDA Margin,TTM Revenue_x,TTM Pre-Tax Income,Pre-Tax Margin,TTM Revenue_y,TTM Net Income_x,Net Margin,TTM Net Income_y,Shareholder's Equity_y,Return on Equity,TTM Net Income_x,Tangible Equity,Return on Tangible Equity,TTM Net Income_y,Total Assets,Return on Assets,TTM Net Income,LT Investments & Debt,Return on Investment,revenue,cost-goods-sold,gross-profit,research-development-expenses,selling-general-administrative-expenses,operating-expenses,operating-income,total-non-operating-income-expense,pre-tax-income,total-provision-income-taxes,income-after-taxes,income-from-continuous-operations,net-income,ebitda,ebit,basic-shares-outstanding,shares-outstanding,eps-basic-net-earnings-per-share,eps-earnings-per-share-diluted,cash-on-hand,inventory,other-current-assets,total-current-assets,net-property-plant-equipment,long-term-investments,goodwill-intangible-assets-total,other-long-term-assets,total-long-term-assets,total-assets,total-current-liabilities,long-term-debt,other-non-current-liabilities,total-long-term-liabilities,total-liabilities,common-stock-net,retained-earnings-accumulated-deficit,comprehensive-income,total-share-holder-equity,total-liabilities-share-holders-equity,net-income-loss,total-depreciation-amortization-cash-flow,other-non-cash-items,total-non-cash-items,change-in-accounts-receivable,change-in-inventories,change-in-accounts-payable,change-in-assets-liabilities,total-change-in-assets-liabilities,cash-flow-from-operating-activities,net-change-in-property-plant-equipment,net-change-in-intangible-assets,net-acquisitions-divestitures,net-change-in-short-term-investments,net-change-in-long-term-investments,net-change-in-investments-total,investing-activities-other,cash-flow-from-investing-activities,net-long-term-debt,net-current-debt,debt-issuance-retirement-net-total,net-common-equity-issued-repurchased,net-total-equity-issued-repurchased,total-common-preferred-stock-dividends-paid,financial-activities-other,cash-flow-from-financial-activities,net-cash-flow,stock-based-compensation,common-stock-dividends-paid
0,2018-09-30,35.27,$14.44,2.44,$17.13,2.06,$-0.54,0.0,$-0.20,0.0,$0.74B,$2.47B,0.3,$1.28B,$1.24B,1.04,$1.40B,$0.53B,37.58%,$1.40B,$0.00B,0.21%,$1.40B,$0.00B,0.21%,$1.40B,$0.00B,0.21%,$1.40B,$-0.06B,-4.15%,$1.40B,$-0.03B,-1.79%,$-0.03B,$1.24B,-2.00%,$-0.03B,$0.48B,-2.37%,$-0.03B,$5.92B,-0.52%,$0.00B,$2.52B,0.12%,$302,$233,$69,$0,$86,$341,$-39,$-25,$-64,$-17,$-47,$-46,$-46,$-39,$-39,$86,86,$-0.53,$-0.53,$3,$89,$417,$737,$3530,$85,$760,$160,$5177,$5915,$2471,$1281,$727,$2209,$4680,$107,$322,$-37,$1235,$5915,$0,$0,$0,$0,$0,$0,$0,$0,$0,$173,$-201,$-11,$-1740,$0,$-9,$-9,$1,$-1961,$1566,$75,$1641,$166,$166,$-46,$0,$1761,$-26,$0,$-46
1,2018-06-30,33.47,$15.25,2.2,$16.45,2.03,$-1.16,0.0,$-0.14,0.0,$2.43B,$2.12B,1.15,$1.40B,$1.30B,1.08,$1.32B,$0.51B,38.88%,$1.32B,$-0.01B,-0.91%,$1.32B,$-0.01B,-0.91%,$1.32B,$-0.01B,-0.91%,$1.32B,$-0.06B,-4.39%,$1.32B,$-0.02B,-1.29%,$-0.02B,$1.30B,-1.36%,$-0.02B,$1.29B,-1.38%,$-0.02B,$5.51B,-0.40%,$-0.01B,$2.71B,-0.50%,$227,$146,$82,$0,$66,$336,$-109,$-19,$-127,$-32,$-95,$-94,$-94,$-109,$-109,$84,84,$-1.12,$-1.12,$1763,$48,$398,$2425,$2361,$83,$16,$135,$3085,$5509,$2115,$1404,$490,$2091,$4206,$107,$392,$-37,$1304,$5509,$0,$0,$0,$0,$0,$0,$0,$0,$0,$153,$-126,$0,$0,$0,$-8,$-8,$2,$-132,$1579,$-10,$1569,$166,$166,$-22,$0,$1713,$1734,$0,$-22
2,2018-03-31,27.9,$16.10,1.73,$16.82,1.66,$-1.67,0.0,$0.88,31.71,$0.41B,$0.92B,0.45,$0.98B,$1.28B,0.76,$1.34B,$0.50B,37.12%,$1.34B,$0.09B,7.02%,$1.34B,$0.09B,7.02%,$1.34B,$0.09B,7.02%,$1.34B,$0.06B,4.18%,$1.34B,$0.07B,5.15%,$0.07B,$1.28B,5.55%,$0.07B,$1.27B,5.61%,$0.07B,$3.89B,1.81%,$0.09B,$2.26B,4.03%,$522,$283,$239,$0,$56,$364,$158,$-11,$147,$36,$110,$111,$111,$158,$158,$80,80,$1.40,$1.40,$6,$38,$120,$414,$2732,$84,$16,$140,$3477,$3890,$924,$975,$482,$1684,$2609,$100,$509,$-37,$1281,$3890,$0,$0,$0,$0,$0,$0,$0,$0,$0,$95,$-59,$0,$0,$0,$-4,$-4,$1,$-62,$49,$-98,$-50,$-1,$-1,$0,$0,$-50,$-17,$0,$0
3,2017-12-31,30.64,$14.99,2.04,$15.62,1.96,$-1.94,0.0,$-0.05,0.0,$0.44B,$0.88B,0.5,$1.12B,$1.19B,0.94,$1.24B,$0.40B,31.94%,$1.24B,$0.01B,0.40%,$1.24B,$0.01B,0.40%,$1.24B,$0.01B,0.40%,$1.24B,$-0.03B,-2.74%,$1.24B,$-0.00B,-0.32%,$-0.00B,$1.19B,-0.32%,$-0.00B,$1.19B,-0.32%,$-0.00B,$3.87B,-0.11%,$0.01B,$2.32B,0.21%,$346,$211,$135,$0,$68,$353,$-7,$-7,$-14,$-16,$3,$4,$4,$-7,$-7,$80,80,$0.06,$0.06,$8,$53,$149,$439,$2700,$94,$4,$146,$3426,$3865,$883,$1123,$478,$1790,$2673,$99,$420,$-37,$1192,$3865,$-3,$123,$35,$159,$0,$6,$59,$-29,$35,$190,$-269,$0,$0,$0,$-41,$-41,$23,$-287,$142,$50,$193,$-1,$-1,$-87,$0,$105,$8,$4,$-87
4,2017-09-30,33.59,$15.35,2.19,$15.59,2.15,$-1.16,0.0,$0.48,69.98,$0.32B,$0.68B,0.47,$1.18B,$1.22B,0.97,$1.23B,$0.41B,33.01%,$1.23B,$0.08B,6.68%,$1.23B,$0.08B,6.68%,$1.23B,$0.08B,6.68%,$1.23B,$0.05B,3.67%,$1.23B,$0.04B,3.10%,$0.04B,$1.22B,2.98%,$0.04B,$1.20B,3.03%,$0.04B,$3.74B,1.02%,$0.08B,$2.40B,3.55%,$227,$169,$58,$0,$44,$281,$-54,$-9,$-64,$-25,$-39,$-38,$-38,$-54,$-54,$80,80,$-0.47,$-0.47,$14,$62,$95,$323,$2698,$60,$20,$129,$3417,$3740,$684,$1180,$227,$1835,$2519,$99,$439,$-26,$1221,$3740,$0,$0,$0,$0,$0,$0,$0,$0,$0,$127,$-202,$0,$0,$0,$-30,$-30,$3,$-229,$150,$-16,$134,$-1,$-1,$-43,$0,$90,$-13,$0,$-43
5,2017-06-30,32.98,$16.08,2.05,$15.48,2.13,$-0.13,0.0,$1.07,30.83,$0.36B,$0.73B,0.49,$1.07B,$1.28B,0.83,$1.22B,$0.42B,34.70%,$1.22B,$0.15B,12.22%,$1.22B,$0.15B,12.22%,$1.22B,$0.15B,12.22%,$1.22B,$0.12B,9.52%,$1.22B,$0.09B,7.05%,$0.09B,$1.28B,6.69%,$0.09B,$1.26B,6.80%,$0.09B,$3.74B,2.33%,$0.15B,$2.35B,6.69%,$244,$180,$65,$0,$44,$248,$-3,$-10,$-13,$-6,$-8,$-8,$-8,$-3,$-3,$80,80,$-0.10,$-0.10,$10,$54,$105,$356,$2708,$52,$20,$128,$3385,$3742,$734,$1067,$212,$1728,$2463,$99,$498,$-26,$1279,$3742,$0,$0,$0,$0,$0,$0,$0,$0,$0,$124,$-139,$0,$0,$0,$-27,$-27,$3,$-163,$42,$0,$42,$-1,$-1,$-22,$0,$19,$-20,$0,$-22
6,2017-03-31,34.16,$16.44,2.08,$14.46,2.36,$0.57,60.21,$1.11,30.77,$0.44B,$0.68B,0.64,$1.08B,$1.31B,0.83,$1.13B,$0.41B,36.67%,$1.13B,$0.14B,12.75%,$1.13B,$0.14B,12.75%,$1.13B,$0.14B,12.75%,$1.13B,$0.12B,10.36%,$1.13B,$0.09B,7.88%,$0.09B,$1.31B,6.92%,$0.09B,$1.29B,7.05%,$0.09B,$3.75B,2.45%,$0.14B,$2.39B,6.64%,$426,$287,$139,$0,$46,$357,$69,$-12,$57,$22,$35,$38,$38,$69,$69,$80,80,$0.47,$0.47,$15,$42,$145,$437,$2663,$40,$20,$129,$3311,$3747,$681,$1079,$226,$1758,$2439,$99,$527,$-26,$1308,$3747,$0,$0,$0,$0,$0,$0,$0,$0,$0,$80,$-64,$0,$0,$0,$-14,$-14,$5,$-73,$71,$-91,$-20,$-1,$-1,$0,$0,$-21,$-14,$0,$0
7,2016-12-31,32.02,$16.22,1.97,$13.78,2.32,$0.81,39.69,$1.59,20.14,$0.47B,$0.95B,0.5,$0.81B,$1.29B,0.63,$1.04B,$0.46B,43.92%,$1.04B,$0.19B,18.24%,$1.04B,$0.19B,18.24%,$1.04B,$0.19B,18.24%,$1.04B,$0.17B,16.12%,$1.04B,$0.12B,11.49%,$0.12B,$1.29B,9.66%,$0.12B,$1.27B,9.86%,$0.12B,$3.73B,3.33%,$0.19B,$2.10B,8.98%,$330,$187,$143,$0,$49,$260,$70,$-6,$65,$19,$46,$46,$46,$70,$70,$76,76,$0.54,$0.55,$18,$61,$166,$473,$2624,$43,$21,$121,$3257,$3731,$953,$808,$242,$1489,$2441,$99,$511,$-27,$1289,$3731,$119,$110,$-27,$83,$-67,$0,$112,$15,$61,$263,$-279,$0,$0,$0,$-16,$-16,$15,$-280,$1,$-136,$-135,$214,$214,$-82,$0,$-3,$-21,$4,$-82
8,2016-09-30,27.86,$15.95,1.75,$13.21,2.11,$-1.25,0.0,$1.74,16.01,$0.36B,$0.81B,0.44,$0.81B,$1.27B,0.64,$0.96B,$0.44B,45.85%,$0.96B,$0.18B,19.09%,$0.96B,$0.18B,19.09%,$0.96B,$0.18B,19.09%,$0.96B,$0.16B,16.80%,$0.96B,$0.12B,12.86%,$0.12B,$1.27B,10.61%,$0.12B,$1.24B,10.86%,$0.12B,$3.56B,3.53%,$0.18B,$2.08B,8.80%,$219,$143,$76,$0,$40,$206,$13,$-5,$7,$3,$5,$10,$10,$13,$13,$79,80,$0.12,$0.12,$7,$58,$115,$358,$2547,$84,$24,$108,$3199,$3557,$812,$809,$255,$1477,$2290,$99,$486,$-24,$1267,$3557,$0,$0,$0,$0,$0,$0,$0,$0,$0,$196,$-189,$0,$0,$0,$-18,$-18,$24,$-184,$13,$-202,$-189,$214,$214,$-40,$0,$-14,$-2,$0,$-40
9,2016-06-30,29.56,$16.07,1.84,$12.51,2.36,$-2.55,0.0,$1.44,20.52,$0.38B,$0.76B,0.5,$0.83B,$1.28B,0.65,$0.89B,$0.41B,46.05%,$0.89B,$0.16B,17.61%,$0.89B,$0.16B,17.61%,$0.89B,$0.16B,17.61%,$0.89B,$0.13B,15.12%,$0.89B,$0.10B,11.40%,$0.10B,$1.28B,9.27%,$0.10B,$1.25B,9.46%,$0.10B,$3.52B,2.91%,$0.16B,$2.11B,7.64%,$154,$98,$56,$0,$42,$162,$-8,$-4,$-12,$-7,$-5,$-5,$-5,$-8,$-8,$75,75,$-0.06,$-0.06,$4,$51,$113,$376,$2515,$76,$24,$107,$3147,$3523,$758,$831,$246,$1487,$2245,$99,$498,$-24,$1278,$3523,$0,$0,$0,$0,$0,$0,$0,$0,$0,$158,$-120,$0,$0,$0,$-7,$-7,$1,$-126,$48,$-286,$-238,$214,$214,$-19,$0,$-43,$-10,$0,$-19
10,2016-03-31,26.36,$15.41,1.71,$13.05,2.02,$-3.63,0.0,$1.69,15.6,$0.40B,$0.70B,0.57,$1.05B,$1.09B,0.96,$0.91B,$0.44B,48.24%,$0.91B,$0.19B,21.32%,$0.91B,$0.19B,21.32%,$0.91B,$0.19B,21.32%,$0.91B,$0.17B,18.90%,$0.91B,$0.12B,13.08%,$0.12B,$1.09B,11.76%,$0.12B,$1.06B,11.94%,$0.12B,$3.49B,3.46%,$0.19B,$2.14B,9.84%,$333,$153,$180,$0,$45,$219,$114,$-7,$107,$39,$68,$68,$68,$114,$114,$71,71,$0.96,$0.95,$4,$45,$152,$396,$2478,$73,$30,$114,$3098,$3494,$698,$1047,$244,$1703,$2401,$89,$523,$-24,$1093,$3494,$0,$0,$0,$0,$0,$0,$0,$0,$0,$98,$-68,$0,$0,$0,$-4,$-4,$2,$-70,$48,$-92,$-44,$5,$5,$0,$0,$-39,$-10,$0,$0
11,2015-12-31,21.58,$14.62,1.48,$13.97,1.55,$-4.34,0.0,$1.53,14.1,$0.43B,$0.83B,0.52,$1.00B,$1.04B,0.96,$0.96B,$0.40B,41.67%,$0.96B,$0.16B,16.25%,$0.96B,$0.16B,16.25%,$0.96B,$0.16B,16.25%,$0.96B,$0.14B,14.06%,$0.96B,$0.11B,10.94%,$0.11B,$1.04B,10.70%,$0.11B,$1.01B,10.78%,$0.11B,$3.47B,3.08%,$0.16B,$2.04B,8.23%,$258,$128,$130,$0,$45,$193,$65,$-5,$60,$-1,$61,$51,$51,$65,$65,$69,69,$0.73,$0.72,$4,$59,$163,$431,$2448,$81,$30,$109,$3041,$3472,$832,$997,$232,$1602,$2434,$89,$474,$-24,$1038,$3472,$105,$91,$1,$92,$93,$9,$-103,$-8,$-10,$187,$-344,$0,$3,$0,$-41,$-41,$-6,$-387,$5,$186,$191,$63,$63,$-70,$0,$184,$-17,$2,$-70
12,2015-09-30,22.89,$13.78,1.66,$14.46,1.58,$-4.79,0.0,$1.45,15.79,$0.48B,$0.81B,0.59,$0.94B,$0.95B,0.99,$0.98B,$0.40B,40.39%,$0.98B,$0.16B,15.87%,$0.98B,$0.16B,15.87%,$0.98B,$0.16B,15.87%,$0.98B,$0.13B,13.53%,$0.98B,$0.10B,9.97%,$0.10B,$0.95B,10.26%,$0.10B,$0.95B,10.26%,$0.10B,$3.40B,2.90%,$0.16B,$1.88B,8.51%,$141,$99,$42,$0,$39,$156,$-15,$-6,$-21,$-11,$-10,$-13,$-13,$-15,$-15,$69,69,$-0.18,$-0.18,$2,$55,$110,$479,$2312,$111,$0,$115,$2921,$3400,$807,$937,$255,$1646,$2453,$86,$442,$-30,$947,$3400,$0,$0,$0,$0,$0,$0,$0,$0,$0,$152,$-235,$0,$0,$23,$-23,$-0,$-6,$-241,$6,$106,$112,$10,$10,$-34,$0,$87,$-2,$0,$-34
13,2015-06-30,22.18,$14.16,1.57,$14.25,1.56,$-5.02,0.0,$1.57,14.17,$0.53B,$0.84B,0.63,$0.86B,$0.97B,0.89,$0.96B,$0.40B,41.60%,$0.96B,$0.17B,17.32%,$0.96B,$0.17B,17.32%,$0.96B,$0.17B,17.32%,$0.96B,$0.15B,15.25%,$0.96B,$0.11B,11.10%,$0.11B,$0.97B,11.45%,$0.11B,$0.97B,11.45%,$0.11B,$3.38B,3.26%,$0.17B,$1.83B,9.21%,$178,$91,$87,$0,$39,$147,$30,$-4,$26,$-3,$29,$13,$13,$30,$30,$68,69,$0.19,$0.19,$3,$49,$138,$528,$2237,$121,$0,$113,$2851,$3379,$835,$859,$259,$1574,$2409,$86,$472,$-30,$970,$3379,$0,$0,$0,$0,$0,$0,$0,$0,$0,$102,$-142,$0,$0,$13,$-11,$1,$-5,$-146,$-64,$120,$56,$4,$4,$-17,$0,$43,$-1,$0,$-17
14,2015-03-31,23.87,$7.10,3.36,$13.68,1.75,$-5.13,0.0,$1.52,15.7,$0.58B,$0.82B,0.71,$0.86B,$0.97B,0.89,$0.92B,$0.37B,40.04%,$0.92B,$0.14B,15.34%,$0.92B,$0.14B,15.34%,$0.92B,$0.14B,15.34%,$0.92B,$0.12B,13.28%,$0.92B,$0.10B,11.32%,$0.10B,$0.97B,11.43%,$0.10B,$0.97B,11.43%,$0.10B,$3.38B,3.26%,$0.14B,$1.83B,7.94%,$383,$242,$141,$0,$48,$307,$76,$-6,$70,$17,$53,$54,$54,$76,$76,$68,69,$0.79,$0.79,$7,$41,$141,$580,$2165,$144,$0,$108,$2797,$3377,$822,$859,$269,$1584,$2405,$86,$476,$-30,$971,$3377,$0,$0,$0,$0,$0,$0,$0,$0,$0,$35,$-54,$0,$0,$5,$-13,$-8,$2,$-60,$0,$27,$27,$2,$2,$0,$0,$29,$3,$0,$0
15,2014-12-31,25.66,$13.65,1.88,$10.76,2.39,$-4.93,0.0,$1.46,17.58,$0.57B,$0.85B,0.67,$0.86B,$0.93B,0.92,$0.89B,$0.35B,39.39%,$0.89B,$0.13B,14.45%,$0.89B,$0.13B,14.45%,$0.89B,$0.13B,14.45%,$0.89B,$0.11B,12.42%,$0.89B,$0.10B,11.06%,$0.10B,$0.93B,11.10%,$0.10B,$0.93B,11.10%,$0.10B,$3.35B,3.16%,$0.13B,$1.79B,7.48%,$281,$154,$127,$0,$45,$216,$65,$-7,$58,$10,$48,$44,$44,$65,$65,$66,66,$1.02,$1.02,$4,$65,$167,$567,$2134,$143,$0,$104,$2783,$3349,$850,$859,$247,$1567,$2417,$85,$439,$-30,$932,$3349,$97,$79,$-11,$67,$-14,$-5,$27,$-11,$-3,$161,$-343,$0,$0,$0,$-44,$-44,$12,$-375,$306,$-108,$198,$81,$81,$-64,$-0,$214,$0,$2,$-64
16,2014-09-30,23.04,$12.99,1.77,$10.03,2.3,$-4.65,0.0,$1.42,16.23,$0.43B,$0.60B,0.71,$0.94B,$0.86B,1.08,$0.83B,$0.31B,37.03%,$0.83B,$0.10B,11.58%,$0.83B,$0.10B,11.58%,$0.83B,$0.10B,11.58%,$0.83B,$0.08B,9.77%,$0.83B,$0.09B,11.22%,$0.09B,$0.86B,10.85%,$0.09B,$0.86B,10.85%,$0.09B,$3.04B,3.10%,$0.10B,$1.80B,5.86%,$122,$76,$46,$0,$34,$127,$-4,$-3,$-7,$-8,$1,$-4,$-4,$-4,$-4,$66,66,$-0.07,$-0.07,$4,$63,$86,$426,$2011,$130,$0,$99,$2618,$3044,$604,$935,$249,$1576,$2180,$42,$412,$-21,$864,$3044,$0,$0,$0,$0,$0,$0,$0,$0,$0,$109,$-204,$0,$0,$0,$-8,$-8,$4,$-208,$306,$-205,$101,$29,$29,$-31,$0,$99,$-0,$0,$-31
17,2014-06-30,25.87,$13.19,1.96,$10.20,2.54,$-4.30,0.0,$1.47,17.66,$0.48B,$0.70B,0.68,$0.81B,$0.87B,0.92,$0.84B,$0.30B,36.00%,$0.84B,$0.10B,11.36%,$0.84B,$0.10B,11.36%,$0.84B,$0.10B,11.36%,$0.84B,$0.08B,9.69%,$0.84B,$0.10B,11.48%,$0.10B,$0.87B,11.56%,$0.10B,$0.87B,11.56%,$0.10B,$3.01B,3.29%,$0.10B,$1.68B,6.23%,$133,$79,$54,$0,$35,$130,$4,$-3,$1,$-10,$11,$10,$10,$4,$4,$66,66,$0.15,$0.15,$7,$36,$97,$475,$1945,$127,$0,$97,$2532,$3007,$701,$805,$249,$1433,$2135,$41,$432,$-21,$872,$3007,$0,$0,$0,$0,$0,$0,$0,$0,$0,$90,$-135,$0,$0,$-2,$3,$1,$6,$-128,$188,$-147,$41,$17,$17,$-16,$0,$42,$4,$0,$-16
18,2014-03-31,23.83,$13.12,1.82,$10.10,2.36,$-4.02,0.0,$1.34,17.85,$0.55B,$0.81B,0.68,$0.71B,$0.87B,0.82,$0.83B,$0.28B,34.14%,$0.83B,$0.08B,9.69%,$0.83B,$0.08B,9.69%,$0.83B,$0.08B,9.69%,$0.83B,$0.07B,8.35%,$0.83B,$0.09B,10.53%,$0.09B,$0.87B,10.81%,$0.09B,$0.87B,10.81%,$0.09B,$3.02B,3.08%,$0.08B,$1.58B,5.52%,$350,$228,$122,$0,$45,$288,$63,$-5,$58,$12,$46,$48,$48,$63,$63,$131,131,$0.37,$0.37,$8,$18,$137,$551,$1885,$125,$0,$102,$2469,$3020,$813,$710,$251,$1342,$2155,$41,$438,$-21,$865,$3020,$0,$0,$0,$0,$0,$0,$0,$0,$0,$49,$-60,$0,$0,$0,$5,$5,$5,$-50,$30,$-30,$0,$5,$5,$0,$0,$5,$4,$0,$0
19,2013-12-31,23.57,$12.64,1.86,$11.45,2.06,$-3.69,0.0,$1.28,18.41,$0.48B,$0.77B,0.63,$0.68B,$0.83B,0.82,$0.73B,$0.26B,35.93%,$0.73B,$0.07B,9.43%,$0.73B,$0.07B,9.43%,$0.73B,$0.07B,9.43%,$0.73B,$0.06B,8.47%,$0.73B,$0.08B,11.20%,$0.08B,$0.83B,10.47%,$0.08B,$0.83B,10.47%,$0.08B,$2.93B,3.01%,$0.07B,$1.51B,4.93%,$224,$140,$85,$0,$38,$191,$33,$-4,$29,$-10,$39,$39,$39,$33,$33,$64,64,$0.61,$0.61,$4,$61,$122,$483,$1859,$130,$0,$109,$2442,$2925,$765,$680,$275,$1333,$2098,$41,$406,$-21,$827,$2925,$82,$65,$18,$83,$-68,$-2,$49,$15,$-5,$160,$-317,$0,$0,$-25,$-35,$-60,$131,$-246,$25,$65,$90,$54,$54,$-58,$-1,$85,$-1,$3,$-58
20,2013-09-30,24.47,$11.84,2.07,$11.15,2.19,$-3.45,0.0,$1.07,22.87,$0.37B,$0.71B,0.51,$0.58B,$0.76B,0.77,$0.71B,$0.26B,36.12%,$0.71B,$0.06B,8.78%,$0.71B,$0.06B,8.78%,$0.71B,$0.06B,8.78%,$0.71B,$0.06B,8.22%,$0.71B,$0.07B,9.63%,$0.07B,$0.76B,8.94%,$0.07B,$0.76B,8.94%,$0.07B,$2.71B,2.56%,$0.06B,$1.34B,4.57%,$129,$89,$40,$0,$32,$134,$-5,$-2,$-7,$-6,$-2,$-1,$-1,$-5,$-5,$64,64,$-0.02,$-0.02,$4,$68,$61,$365,$1747,$110,$0,$91,$2343,$2708,$710,$580,$247,$1241,$1951,$40,$382,$-26,$757,$2708,$0,$0,$0,$0,$0,$0,$0,$0,$0,$123,$-192,$0,$0,$-0,$-25,$-25,$95,$-123,$-25,$39,$14,$14,$14,$-28,$0,$-1,$-0,$0,$-28
21,2013-06-30,23.8,$12.05,1.97,$10.95,2.17,$-3.75,0.0,$1.13,21.15,$0.39B,$0.63B,0.62,$0.60B,$0.77B,0.78,$0.69B,$0.26B,37.16%,$0.69B,$0.07B,9.72%,$0.69B,$0.07B,9.72%,$0.69B,$0.07B,9.72%,$0.69B,$0.06B,9.14%,$0.69B,$0.07B,10.30%,$0.07B,$0.77B,9.53%,$0.07B,$0.77B,9.53%,$0.07B,$2.65B,2.75%,$0.07B,$1.37B,5.01%,$123,$88,$35,$0,$33,$133,$-11,$-1,$-11,$-12,$0,$1,$1,$-11,$-11,$64,64,$0.02,$0.02,$2,$61,$66,$393,$1658,$118,$0,$93,$2261,$2654,$632,$601,$260,$1252,$1884,$40,$398,$-26,$771,$2654,$0,$0,$0,$0,$0,$0,$0,$0,$0,$63,$-88,$0,$0,$-0,$-20,$-20,$88,$-20,$-0,$-43,$-43,$13,$13,$-14,$0,$-45,$-2,$0,$-14
22,2013-03-31,22.87,$12.20,1.87,$11.03,2.07,$-4.01,0.0,$1.28,17.87,$0.44B,$0.60B,0.74,$0.60B,$0.78B,0.77,$0.69B,$0.27B,39.68%,$0.69B,$0.09B,12.79%,$0.69B,$0.09B,12.79%,$0.69B,$0.09B,12.79%,$0.69B,$0.08B,12.06%,$0.69B,$0.08B,11.63%,$0.08B,$0.78B,11.10%,$0.08B,$0.78B,11.10%,$0.08B,$2.63B,3.20%,$0.09B,$1.38B,6.78%,$256,$152,$103,$0,$40,$204,$52,$-1,$51,$8,$43,$43,$43,$52,$52,$64,64,$0.68,$0.68,$1,$46,$81,$442,$1607,$95,$0,$84,$2187,$2628,$597,$601,$256,$1253,$1850,$40,$411,$-26,$778,$2628,$0,$0,$0,$0,$0,$0,$0,$0,$0,$56,$-41,$0,$0,$8,$-1,$6,$58,$24,$-0,$-91,$-91,$7,$7,$0,$0,$-83,$-3,$0,$0
23,2012-12-31,20.54,$11.63,1.77,$11.55,1.78,$-4.31,0.0,$1.50,13.74,$0.40B,$0.65B,0.61,$0.60B,$0.74B,0.82,$0.71B,$0.29B,40.74%,$0.71B,$0.11B,15.56%,$0.71B,$0.11B,15.56%,$0.71B,$0.11B,15.56%,$0.71B,$0.10B,14.43%,$0.71B,$0.09B,12.87%,$0.09B,$0.74B,13.13%,$0.09B,$0.74B,13.13%,$0.09B,$2.63B,3.78%,$0.11B,$1.34B,8.96%,$198,$121,$77,$0,$40,$171,$26,$-1,$25,$-1,$26,$26,$25,$26,$26,$61,62,$0.39,$0.39,$5,$58,$77,$395,$1578,$101,$0,$87,$2237,$2631,$652,$601,$247,$1243,$1895,$40,$382,$-31,$736,$2631,$92,$55,$7,$62,$-60,$13,$19,$-9,$-36,$118,$-254,$0,$0,$1,$-105,$-105,$3,$-356,$198,$18,$215,$70,$70,$-51,$1,$235,$-3,$3,$-51
24,2012-09-30,21.41,$11.19,1.91,$11.64,1.84,$-2.07,0.0,$1.71,12.56,$0.32B,$0.55B,0.59,$0.57B,$0.70B,0.81,$0.71B,$0.30B,41.95%,$0.71B,$0.13B,17.94%,$0.71B,$0.13B,17.94%,$0.71B,$0.13B,17.94%,$0.71B,$0.12B,16.53%,$0.71B,$0.10B,14.55%,$0.10B,$0.70B,15.48%,$0.10B,$0.70B,15.48%,$0.10B,$2.41B,4.46%,$0.13B,$1.26B,11.00%,$112,$71,$41,$0,$31,$112,$-0,$-2,$-2,$-3,$1,$2,$2,$-0,$-0,$62,62,$0.04,$0.04,$4,$62,$55,$324,$1463,$90,$0,$86,$2081,$2405,$553,$566,$208,$1157,$1709,$39,$371,$-30,$696,$2405,$0,$0,$0,$0,$0,$0,$0,$0,$0,$62,$-148,$0,$0,$0,$-97,$-97,$6,$-239,$162,$-6,$156,$42,$42,$-24,$0,$174,$-3,$0,$-24
25,2012-06-30,20.46,$11.05,1.85,$12.12,1.69,$-0.27,0.0,$1.59,12.91,$0.30B,$0.53B,0.57,$0.54B,$0.67B,0.81,$0.73B,$0.29B,39.10%,$0.73B,$0.12B,16.35%,$0.73B,$0.12B,16.35%,$0.73B,$0.12B,16.35%,$0.73B,$0.11B,14.71%,$0.73B,$0.10B,13.08%,$0.10B,$0.67B,15.00%,$0.10B,$0.67B,15.00%,$0.10B,$2.33B,4.31%,$0.12B,$1.21B,10.97%,$122,$70,$52,$0,$32,$112,$10,$-2,$9,$-1,$10,$11,$10,$10,$10,$61,61,$0.17,$0.17,$2,$54,$57,$304,$1423,$79,$0,$78,$2022,$2326,$532,$541,$203,$1121,$1653,$38,$382,$-30,$673,$2326,$0,$0,$0,$0,$0,$0,$0,$0,$0,$56,$-97,$0,$0,$0,$-79,$-79,$1,$-175,$114,$2,$116,$9,$9,$-12,$0,$113,$-6,$0,$-12
26,2012-03-31,19.93,$11.02,1.81,$12.79,1.56,$1.30,15.38,$1.52,13.15,$0.30B,$0.58B,0.51,$0.43B,$0.67B,0.64,$0.77B,$0.29B,37.05%,$0.77B,$0.12B,15.80%,$0.77B,$0.12B,15.80%,$0.77B,$0.12B,15.80%,$0.77B,$0.11B,14.12%,$0.77B,$0.09B,11.92%,$0.09B,$0.67B,14.76%,$0.09B,$0.67B,14.76%,$0.09B,$2.26B,4.25%,$0.12B,$1.09B,11.63%,$275,$157,$118,$0,$35,$201,$74,$-4,$70,$16,$54,$54,$54,$74,$74,$60,61,$0.89,$0.89,$4,$49,$86,$295,$1387,$78,$0,$73,$1966,$2260,$583,$426,$206,$1010,$1593,$38,$384,$-30,$668,$2260,$0,$0,$0,$0,$0,$0,$0,$0,$0,$42,$-45,$0,$0,$0,$-32,$-32,$6,$-72,$-0,$23,$23,$3,$3,$0,$0,$26,$-4,$0,$0
27,2011-12-31,22.45,$10.33,2.17,$13.80,1.63,$2.91,7.7,$1.49,15.12,$0.34B,$0.59B,0.58,$0.42B,$0.62B,0.68,$0.83B,$0.28B,34.26%,$0.83B,$0.12B,14.60%,$0.83B,$0.12B,14.60%,$0.83B,$0.12B,14.60%,$0.83B,$0.11B,13.63%,$0.83B,$0.09B,10.74%,$0.09B,$0.62B,14.62%,$0.09B,$0.62B,14.62%,$0.09B,$2.25B,4.23%,$0.12B,$1.05B,11.77%,$199,$113,$86,$0,$33,$155,$43,$-3,$40,$3,$37,$37,$37,$43,$43,$60,60,$0.61,$0.61,$8,$72,$96,$341,$1352,$57,$0,$70,$1907,$2248,$588,$424,$206,$1035,$1623,$38,$342,$-28,$624,$2248,$89,$48,$-36,$12,$90,$2,$-6,$4,$90,$191,$-190,$0,$0,$-10,$-70,$-80,$45,$-224,$-2,$71,$69,$13,$13,$-45,$0,$38,$5,$3,$-45
28,2011-09-30,19.52,$9.90,1.97,$15.23,1.28,$2.76,7.08,$1.30,15.01,$0.33B,$0.50B,0.65,$0.42B,$0.60B,0.71,$0.91B,$0.28B,31.00%,$0.91B,$0.12B,13.14%,$0.91B,$0.12B,13.14%,$0.91B,$0.12B,13.14%,$0.91B,$0.11B,12.27%,$0.91B,$0.08B,8.43%,$0.08B,$0.60B,12.94%,$0.08B,$0.60B,12.94%,$0.08B,$2.08B,3.74%,$0.12B,$1.02B,12.08%,$138,$107,$31,$0,$29,$145,$-7,$-4,$-11,$-6,$-5,$-5,$-5,$-7,$-7,$60,60,$-0.09,$-0.09,$3,$75,$66,$327,$1281,$46,$0,$69,$1756,$2083,$502,$424,$202,$986,$1488,$38,$317,$-23,$595,$2083,$0,$0,$0,$0,$0,$0,$0,$0,$0,$136,$-110,$0,$0,$0,$-55,$-55,$36,$-129,$-2,$12,$11,$5,$5,$-22,$0,$-6,$0,$0,$-22
29,2011-06-30,21.15,$10.12,2.09,$15.61,1.35,$2.66,7.96,$1.41,15.06,$0.36B,$0.47B,0.76,$0.43B,$0.61B,0.7,$0.94B,$0.29B,30.77%,$0.94B,$0.13B,13.68%,$0.94B,$0.13B,13.68%,$0.94B,$0.13B,13.68%,$0.94B,$0.12B,12.61%,$0.94B,$0.08B,8.87%,$0.08B,$0.61B,14.18%,$0.08B,$0.61B,14.18%,$0.08B,$2.06B,4.11%,$0.13B,$1.03B,13.49%,$160,$109,$51,$0,$30,$148,$12,$-2,$10,$3,$7,$6,$6,$12,$12,$60,60,$0.10,$0.10,$1,$55,$68,$360,$1250,$43,$0,$65,$1702,$2062,$473,$426,$200,$983,$1455,$37,$333,$-23,$606,$2062,$0,$0,$0,$0,$0,$0,$0,$0,$0,$122,$-68,$0,$0,$0,$-45,$-45,$32,$-80,$23,$-56,$-32,$0,$0,$-11,$0,$-43,$-2,$0,$-11
30,2011-03-31,21.65,$10.18,2.13,$15.47,1.4,$2.33,9.28,$1.45,14.98,$0.35B,$0.46B,0.76,$0.40B,$0.61B,0.66,$0.93B,$0.29B,31.03%,$0.93B,$0.13B,14.12%,$0.93B,$0.13B,14.12%,$0.93B,$0.13B,14.12%,$0.93B,$0.12B,12.72%,$0.93B,$0.09B,9.16%,$0.09B,$0.61B,14.84%,$0.09B,$0.61B,14.84%,$0.09B,$2.02B,4.33%,$0.13B,$1.01B,14.21%,$332,$216,$116,$0,$34,$259,$73,$1,$74,$23,$51,$52,$51,$73,$73,$60,60,$0.86,$0.86,$3,$30,$89,$349,$1212,$42,$0,$59,$1670,$2019,$457,$401,$201,$952,$1409,$37,$338,$-23,$610,$2019,$0,$0,$0,$0,$0,$0,$0,$0,$0,$126,$-32,$0,$0,$0,$-38,$-38,$24,$-47,$20,$-98,$-78,$0,$0,$0,$0,$-78,$1,$0,$0
31,2010-12-31,20.3,$9.54,2.13,$15.44,1.31,$2.09,9.7,$1.11,18.29,$0.42B,$0.64B,0.66,$0.34B,$0.57B,0.6,$0.93B,$0.27B,29.19%,$0.93B,$0.12B,12.65%,$0.93B,$0.12B,12.65%,$0.93B,$0.12B,12.65%,$0.93B,$0.10B,10.70%,$0.93B,$0.07B,7.14%,$0.07B,$0.57B,11.75%,$0.07B,$0.57B,11.75%,$0.07B,$2.08B,3.44%,$0.12B,$0.91B,13.11%,$283,$198,$85,$0,$35,$242,$42,$-3,$39,$14,$25,$26,$25,$42,$42,$60,60,$0.42,$0.42,$2,$74,$123,$424,$1193,$23,$0,$61,$1653,$2077,$641,$340,$195,$866,$1507,$37,$297,$-22,$570,$2077,$67,$45,$70,$115,$-77,$32,$38,$-16,$-22,$159,$-167,$0,$0,$0,$-113,$-113,$2,$-279,$104,$54,$158,$0,$0,$-40,$1,$118,$-1,$2,$-40
32,2010-09-30,18.88,$9.31,2.03,$14.42,1.31,$3.33,5.68,$1.08,17.56,$0.35B,$0.61B,0.58,$0.29B,$0.56B,0.51,$0.86B,$0.27B,30.67%,$0.86B,$0.12B,13.43%,$0.86B,$0.12B,13.43%,$0.86B,$0.12B,13.43%,$0.86B,$0.10B,11.34%,$0.86B,$0.06B,7.41%,$0.06B,$0.56B,11.52%,$0.06B,$0.56B,11.52%,$0.06B,$1.93B,3.47%,$0.12B,$0.84B,13.20%,$161,$125,$36,$0,$26,$160,$1,$-6,$-5,$-7,$2,$1,$1,$1,$1,$60,60,$0.02,$0.02,$2,$104,$73,$351,$1132,$40,$0,$58,$1575,$1926,$605,$285,$165,$765,$1370,$37,$283,$-20,$556,$1926,$0,$0,$0,$0,$0,$0,$0,$0,$0,$121,$-102,$0,$0,$0,$-88,$-88,$1,$-189,$59,$28,$87,$0,$0,$-20,$0,$67,$-2,$0,$-20
33,2010-06-30,16.28,$9.28,1.75,$13.87,1.17,$4.02,4.05,$1.03,15.88,$0.34B,$0.46B,0.74,$0.37B,$0.56B,0.67,$0.83B,$0.26B,31.45%,$0.83B,$0.12B,13.86%,$0.83B,$0.12B,13.86%,$0.83B,$0.12B,13.86%,$0.83B,$0.10B,11.81%,$0.83B,$0.06B,7.35%,$0.06B,$0.56B,11.12%,$0.06B,$0.56B,11.12%,$0.06B,$1.83B,3.42%,$0.12B,$0.93B,13.01%,$152,$100,$51,$0,$27,$136,$15,$-5,$10,$0,$10,$9,$8,$15,$15,$60,60,$0.14,$0.14,$4,$92,$61,$337,$1104,$24,$0,$58,$1497,$1834,$456,$371,$162,$824,$1280,$37,$282,$-20,$555,$1834,$0,$0,$0,$0,$0,$0,$0,$0,$0,$104,$-69,$0,$0,$0,$-50,$-50,$3,$-116,$59,$-37,$22,$0,$0,$-10,$0,$13,$0,$0,$-10
34,2010-03-31,15.79,$9.47,1.67,$13.59,1.16,$4.72,3.34,$0.97,16.27,$0.38B,$0.49B,0.78,$0.33B,$0.57B,0.58,$0.81B,$0.25B,31.28%,$0.81B,$0.11B,13.67%,$0.81B,$0.11B,13.67%,$0.81B,$0.11B,13.67%,$0.81B,$0.10B,11.70%,$0.81B,$0.06B,7.14%,$0.06B,$0.57B,10.64%,$0.06B,$0.57B,10.64%,$0.06B,$1.84B,3.32%,$0.11B,$0.89B,12.75%,$329,$231,$98,$0,$31,$271,$59,$-4,$55,$22,$33,$32,$32,$59,$59,$60,60,$0.53,$0.53,$4,$65,$88,$382,$1083,$37,$0,$57,$1453,$1835,$490,$326,$160,$778,$1269,$37,$293,$-19,$566,$1835,$0,$0,$0,$0,$0,$0,$0,$0,$0,$118,$-39,$0,$0,$0,$-31,$-31,$1,$-69,$14,$-63,$-48,$0,$0,$0,$0,$-48,$1,$0,$0
35,2009-12-31,14.24,$9.14,1.56,$14.16,1.01,$5.12,2.78,$0.98,14.6,$0.37B,$0.48B,0.77,$0.31B,$0.55B,0.57,$0.85B,$0.25B,29.94%,$0.85B,$0.11B,13.14%,$0.85B,$0.11B,13.14%,$0.85B,$0.11B,13.14%,$0.85B,$0.09B,11.12%,$0.85B,$0.06B,6.86%,$0.06B,$0.55B,10.77%,$0.06B,$0.55B,10.77%,$0.06B,$1.78B,3.37%,$0.11B,$0.86B,12.82%,$222,$142,$80,$0,$30,$180,$41,$-4,$38,$14,$23,$24,$23,$41,$41,$60,60,$0.39,$0.39,$4,$107,$103,$368,$1073,$14,$0,$56,$1414,$1782,$479,$313,$160,$759,$1237,$37,$272,$-19,$545,$1782,$58,$39,$38,$78,$-28,$69,$-8,$7,$40,$175,$-109,$0,$0,$0,$-10,$-10,$4,$-115,$-10,$-16,$-26,$0,$0,$-36,$0,$-62,$-2,$1,$-36
36,2009-09-30,13.05,$8.87,1.47,$14.93,0.87,$3.42,3.81,$0.95,13.73,$0.33B,$0.38B,0.88,$0.33B,$0.53B,0.63,$0.89B,$0.25B,28.51%,$0.89B,$0.12B,12.91%,$0.89B,$0.12B,12.91%,$0.89B,$0.12B,12.91%,$0.89B,$0.09B,10.33%,$0.89B,$0.06B,6.40%,$0.06B,$0.53B,10.72%,$0.06B,$0.53B,10.72%,$0.06B,$1.69B,3.31%,$0.12B,$0.86B,13.31%,$127,$95,$32,$0,$24,$127,$0,$-5,$-5,$-3,$-2,$-2,$-2,$0,$0,$60,60,$-0.03,$-0.03,$3,$127,$70,$332,$1024,$10,$0,$56,$1355,$1687,$377,$333,$166,$781,$1158,$37,$258,$-21,$529,$1687,$0,$0,$0,$0,$0,$0,$0,$0,$0,$122,$-61,$0,$0,$0,$13,$13,$-1,$-49,$-0,$-57,$-57,$0,$0,$-18,$0,$-75,$-3,$0,$-18
37,2009-06-30,12.78,$9.06,1.41,$16.32,0.78,$2.19,5.83,$1.72,7.45,$0.36B,$0.39B,0.92,$0.33B,$0.54B,0.62,$0.97B,$0.33B,33.88%,$0.97B,$0.19B,19.92%,$0.97B,$0.19B,19.92%,$0.97B,$0.19B,19.92%,$0.97B,$0.17B,17.56%,$0.97B,$0.10B,10.57%,$0.10B,$0.54B,19.51%,$0.10B,$0.54B,19.51%,$0.10B,$1.69B,6.03%,$0.19B,$0.87B,22.38%,$134,$91,$44,$0,$25,$124,$11,$-4,$7,$3,$3,$5,$5,$11,$11,$60,60,$0.08,$0.08,$6,$108,$73,$357,$1003,$20,$0,$57,$1336,$1693,$387,$333,$162,$766,$1154,$37,$269,$-21,$540,$1693,$0,$0,$0,$0,$0,$0,$0,$0,$0,$113,$-36,$0,$0,$0,$7,$7,$-1,$-30,$-0,$-74,$-74,$0,$0,$-9,$0,$-83,$0,$0,$-9
38,2009-03-31,12.71,$9.08,1.4,$16.36,0.78,$1.89,6.74,$1.41,9.05,$0.37B,$0.40B,0.93,$0.33B,$0.54B,0.62,$0.98B,$0.30B,30.53%,$0.98B,$0.17B,16.91%,$0.98B,$0.17B,16.91%,$0.98B,$0.17B,16.91%,$0.98B,$0.14B,14.45%,$0.98B,$0.09B,8.71%,$0.09B,$0.54B,16.57%,$0.09B,$0.54B,16.57%,$0.09B,$1.72B,5.04%,$0.17B,$0.87B,19.37%,$362,$266,$97,$0,$30,$303,$59,$-4,$54,$20,$34,$32,$32,$59,$59,$60,60,$0.53,$0.53,$7,$75,$103,$367,$992,$41,$0,$58,$1352,$1719,$396,$333,$174,$782,$1178,$37,$273,$-23,$541,$1719,$0,$0,$0,$0,$0,$0,$0,$0,$0,$120,$-17,$0,$0,$-4,$-1,$-4,$0,$-21,$0,$-98,$-98,$0,$0,$0,$-0,$-98,$1,$0,$0
39,2008-12-31,14.34,$8.69,1.65,$16.14,0.89,$1.62,8.84,$1.29,11.12,$0.44B,$0.50B,0.87,$0.33B,$0.52B,0.64,$0.96B,$0.28B,29.31%,$0.96B,$0.15B,15.90%,$0.96B,$0.15B,15.90%,$0.96B,$0.15B,15.90%,$0.96B,$0.13B,13.41%,$0.96B,$0.08B,8.11%,$0.08B,$0.52B,15.55%,$0.08B,$0.52B,15.55%,$0.08B,$1.79B,4.77%,$0.15B,$0.85B,18.06%,$268,$187,$81,$0,$29,$223,$45,$-9,$36,$14,$22,$22,$22,$45,$45,$59,60,$0.37,$0.37,$6,$175,$124,$435,$983,$38,$0,$60,$1358,$1793,$500,$333,$177,$777,$1277,$37,$250,$-24,$516,$1793,$77,$36,$1,$36,$-14,$-49,$14,$-38,$-87,$26,$-62,$0,$0,$-2,$-38,$-41,$7,$-96,$-0,$94,$94,$2,$2,$-33,$1,$64,$-6,$1,$-33
40,2008-09-30,12.74,$8.66,1.47,$16.05,0.79,$3.78,3.37,$1.19,10.71,$0.36B,$0.38B,0.94,$0.36B,$0.52B,0.7,$0.95B,$0.27B,28.09%,$0.95B,$0.14B,14.68%,$0.95B,$0.14B,14.68%,$0.95B,$0.14B,14.68%,$0.95B,$0.12B,12.58%,$0.95B,$0.07B,7.55%,$0.07B,$0.52B,14.60%,$0.07B,$0.52B,14.60%,$0.07B,$1.63B,4.59%,$0.14B,$0.87B,16.58%,$210,$102,$108,$0,$21,$131,$79,$-5,$74,$30,$44,$44,$44,$79,$79,$59,60,$0.74,$0.73,$4,$183,$62,$355,$972,$25,$0,$56,$1278,$1633,$378,$358,$160,$740,$1118,$37,$237,$-11,$515,$1633,$0,$0,$0,$0,$0,$0,$0,$0,$0,$32,$-45,$0,$0,$-0,$-20,$-20,$-1,$-66,$-0,$41,$41,$2,$2,$-16,$0,$27,$-7,$0,$-16
41,2008-06-30,13.23,$8.07,1.64,$15.16,0.87,$5.07,2.61,$0.60,22.06,$0.35B,$0.38B,0.92,$0.33B,$0.48B,0.69,$0.90B,$0.21B,23.00%,$0.90B,$0.08B,9.11%,$0.90B,$0.08B,9.11%,$0.90B,$0.08B,9.11%,$0.90B,$0.06B,6.67%,$0.90B,$0.04B,4.11%,$0.04B,$0.48B,7.67%,$0.04B,$0.48B,7.67%,$0.04B,$1.60B,2.40%,$0.08B,$0.81B,9.84%,$136,$124,$12,$0,$23,$154,$-18,$-5,$-23,$-9,$-14,$-13,$-13,$-18,$-18,$59,59,$-0.22,$-0.22,$9,$117,$59,$352,$963,$36,$0,$48,$1243,$1595,$384,$333,$183,$731,$1115,$37,$201,$-10,$480,$1595,$0,$0,$0,$0,$0,$0,$0,$0,$0,$86,$-28,$0,$0,$-0,$-26,$-26,$0,$-54,$-25,$-4,$-29,$2,$2,$-8,$0,$-35,$-3,$0,$-8
42,2008-03-31,12.35,$8.35,1.48,$15.78,0.78,$5.52,2.24,$1.01,12.29,$0.32B,$0.29B,1.11,$0.36B,$0.50B,0.72,$0.94B,$0.25B,26.28%,$0.94B,$0.12B,13.25%,$0.94B,$0.12B,13.25%,$0.94B,$0.12B,13.25%,$0.94B,$0.10B,10.79%,$0.94B,$0.06B,6.52%,$0.06B,$0.50B,12.71%,$0.06B,$0.50B,12.71%,$0.06B,$1.52B,4.03%,$0.12B,$0.85B,14.80%,$348,$267,$81,$0,$27,$301,$47,$-6,$42,$17,$24,$25,$25,$47,$47,$59,60,$0.42,$0.42,$12,$53,$75,$318,$957,$15,$0,$41,$1205,$1523,$285,$358,$175,$742,$1028,$37,$223,$-13,$496,$1523,$0,$0,$0,$0,$0,$0,$0,$0,$0,$102,$-15,$0,$0,$0,$-0,$-0,$-1,$-16,$0,$-86,$-86,$0,$0,$0,$1,$-86,$0,$0,$0
43,2007-12-31,12.59,$8.12,1.55,$16.18,0.78,$5.89,2.14,$1.05,11.99,$0.33B,$0.33B,1.0,$0.36B,$0.48B,0.74,$0.96B,$0.25B,26.15%,$0.96B,$0.13B,13.49%,$0.96B,$0.13B,13.49%,$0.96B,$0.13B,13.49%,$0.96B,$0.11B,10.98%,$0.96B,$0.06B,6.59%,$0.06B,$0.48B,13.35%,$0.06B,$0.48B,13.35%,$0.06B,$1.53B,4.17%,$0.13B,$0.84B,15.55%,$260,$193,$67,$0,$27,$228,$32,$-6,$27,$11,$16,$16,$16,$32,$32,$59,59,$0.27,$0.27,$12,$127,$77,$328,$949,$15,$0,$47,$1201,$1529,$328,$358,$155,$720,$1048,$37,$206,$-10,$481,$1529,$62,$33,$4,$37,$-5,$21,$-5,$38,$49,$148,$-56,$0,$0,$6,$10,$16,$-4,$-43,$-2,$-76,$-79,$7,$7,$-30,$0,$-101,$4,$1,$-30
44,2007-09-30,12.05,$8.00,1.51,$16.06,0.75,$3.56,3.39,$1.13,10.71,$0.31B,$0.33B,0.94,$0.36B,$0.47B,0.76,$0.95B,$0.25B,26.64%,$0.95B,$0.14B,14.48%,$0.95B,$0.14B,14.48%,$0.95B,$0.14B,14.48%,$0.95B,$0.11B,11.84%,$0.95B,$0.07B,7.08%,$0.07B,$0.47B,14.49%,$0.07B,$0.47B,14.49%,$0.07B,$1.52B,4.41%,$0.14B,$0.83B,16.70%,$156,$109,$47,$0,$19,$135,$21,$-7,$14,$6,$8,$9,$9,$21,$21,$59,59,$0.15,$0.14,$14,$154,$43,$309,$942,$24,$0,$47,$1211,$1521,$328,$358,$151,$720,$1048,$37,$198,$-8,$472,$1521,$0,$0,$0,$0,$0,$0,$0,$0,$0,$104,$-41,$0,$0,$-0,$11,$11,$-7,$-38,$-2,$-49,$-51,$5,$5,$-14,$0,$-61,$6,$0,$-14
45,2007-06-30,12.16,$7.98,1.52,$16.07,0.76,$1.91,6.36,$1.02,11.92,$0.30B,$0.31B,0.97,$0.36B,$0.47B,0.76,$0.95B,$0.26B,27.83%,$0.95B,$0.15B,15.66%,$0.95B,$0.15B,15.66%,$0.95B,$0.15B,15.66%,$0.95B,$0.12B,13.02%,$0.95B,$0.07B,7.72%,$0.07B,$0.47B,16.13%,$0.07B,$0.47B,16.13%,$0.07B,$1.49B,4.82%,$0.15B,$0.83B,18.26%,$172,$121,$51,$0,$20,$148,$24,$-6,$18,$8,$11,$11,$11,$24,$24,$59,59,$0.18,$0.18,$5,$130,$41,$298,$935,$25,$0,$46,$1188,$1485,$308,$358,$138,$706,$1015,$37,$197,$-6,$471,$1485,$0,$0,$0,$0,$0,$0,$0,$0,$0,$112,$-28,$0,$0,$-0,$7,$6,$-2,$-23,$-2,$-86,$-88,$3,$3,$-7,$0,$-92,$-3,$0,$-7
46,2007-03-31,12.99,$7.87,1.65,$15.79,0.82,$-0.01,0.0,$0.97,13.46,$0.33B,$0.32B,1.05,$0.36B,$0.46B,0.77,$0.93B,$0.25B,27.18%,$0.93B,$0.14B,14.99%,$0.93B,$0.14B,14.99%,$0.93B,$0.14B,14.99%,$0.93B,$0.12B,12.41%,$0.93B,$0.07B,7.34%,$0.07B,$0.46B,15.43%,$0.07B,$0.46B,15.43%,$0.07B,$1.50B,4.54%,$0.14B,$0.82B,17.40%,$368,$283,$85,$0,$25,$316,$52,$-7,$46,$19,$27,$27,$27,$52,$52,$59,59,$0.46,$0.46,$14,$89,$65,$334,$927,$21,$0,$42,$1167,$1501,$317,$358,$151,$720,$1038,$37,$193,$-8,$463,$1501,$0,$0,$0,$0,$0,$0,$0,$0,$0,$120,$-12,$0,$0,$-0,$10,$10,$-0,$-2,$0,$-112,$-112,$0,$0,$0,$1,$-112,$6,$0,$0
47,2006-12-31,11.32,$7.55,1.5,$15.95,0.71,$-1.43,0.0,$0.97,11.73,$0.37B,$0.42B,0.88,$0.36B,$0.44B,0.81,$0.93B,$0.26B,27.36%,$0.93B,$0.15B,15.56%,$0.93B,$0.15B,15.56%,$0.93B,$0.15B,15.56%,$0.93B,$0.12B,12.98%,$0.93B,$0.07B,7.73%,$0.07B,$0.44B,16.74%,$0.07B,$0.44B,16.74%,$0.07B,$1.57B,4.88%,$0.15B,$0.80B,18.54%,$250,$181,$69,$0,$23,$210,$40,$-6,$34,$13,$20,$20,$20,$40,$40,$58,59,$0.34,$0.34,$8,$148,$91,$372,$920,$31,$0,$54,$1201,$1573,$423,$358,$136,$707,$1130,$37,$174,$-8,$443,$1573,$71,$31,$-25,$6,$38,$-26,$-58,$-3,$-49,$29,$-74,$0,$0,$-13,$-4,$-16,$-1,$-91,$38,$47,$85,$7,$7,$-27,$0,$65,$3,$1,$-27
