,Date,Stock Price,Book Value per Share,Price to Book Ratio,TTM Sales per Share,Price to Sales Ratio,TTM FCF per Share,Price to FCF Ratio,TTM Net EPS,PE Ratio,Current Assets,Current Liabilities,Current Ratio,Long Term Debt,Shareholder's Equity_x,Debt to Equity Ratio,TTM Revenue_x,TTM Gross Profit,Gross Margin,TTM Revenue_y,TTM Operating Income,Operating Margin,TTM Revenue_x,TTM EBIT,EBIT Margin,TTM Revenue_y,TTM EBITDA,EBITDA Margin,TTM Revenue_x,TTM Pre-Tax Income,Pre-Tax Margin,TTM Revenue_y,TTM Net Income_x,Net Margin,TTM Net Income_y,Shareholder's Equity_y,Return on Equity,TTM Net Income_x,Tangible Equity,Return on Tangible Equity,TTM Net Income_y,Total Assets,Return on Assets,TTM Net Income,LT Investments & Debt,Return on Investment,revenue,cost-goods-sold,gross-profit,research-development-expenses,selling-general-administrative-expenses,operating-expenses,operating-income,total-non-operating-income-expense,pre-tax-income,total-provision-income-taxes,income-after-taxes,income-from-continuous-operations,net-income,ebitda,ebit,basic-shares-outstanding,shares-outstanding,eps-basic-net-earnings-per-share,eps-earnings-per-share-diluted,cash-on-hand,inventory,other-current-assets,total-current-assets,net-property-plant-equipment,long-term-investments,goodwill-intangible-assets-total,other-long-term-assets,total-long-term-assets,total-assets,total-current-liabilities,long-term-debt,other-non-current-liabilities,total-long-term-liabilities,total-liabilities,common-stock-net,retained-earnings-accumulated-deficit,comprehensive-income,total-share-holder-equity,total-liabilities-share-holders-equity,net-income-loss,total-depreciation-amortization-cash-flow,other-non-cash-items,total-non-cash-items,change-in-accounts-receivable,change-in-inventories,change-in-accounts-payable,change-in-assets-liabilities,total-change-in-assets-liabilities,cash-flow-from-operating-activities,net-change-in-property-plant-equipment,net-change-in-intangible-assets,net-acquisitions-divestitures,net-change-in-short-term-investments,net-change-in-long-term-investments,net-change-in-investments-total,investing-activities-other,cash-flow-from-investing-activities,net-long-term-debt,net-current-debt,debt-issuance-retirement-net-total,net-common-equity-issued-repurchased,net-total-equity-issued-repurchased,total-common-preferred-stock-dividends-paid,financial-activities-other,cash-flow-from-financial-activities,net-cash-flow,stock-based-compensation,common-stock-dividends-paid
0,2018-09-30,61.15,$23.02,2.66,$18.95,3.23,$-3.71,0.0,$2.28,26.82,$0.08B,$0.15B,0.53,$0.43B,$0.48B,0.91,$0.39B,$0.23B,58.27%,$0.39B,$0.07B,18.07%,$0.39B,$0.07B,18.07%,$0.39B,$0.13B,32.06%,$0.39B,$0.06B,16.28%,$0.39B,$0.05B,11.96%,$0.05B,$0.48B,10.10%,$0.05B,$0.48B,10.10%,$0.05B,$1.54B,3.15%,$0.07B,$0.91B,7.92%,$125,$55,$70,$0,$22,$99,$26,$-6,$20,$4,$16,$16,$16,$40,$26,$21,21,$0.77,$0.76,$13,$0,$44,$80,$1348,$0,$0,$4,$1457,$1537,$152,$431,$322,$910,$1062,$0,$391,$0,$475,$1537,$30,$43,$-4,$39,$-15,$0,$3,$-5,$5,$74,$-104,$0,$-2,$0,$4,$4,$-4,$-106,$51,$0,$51,$0,$0,$-17,$4,$38,$6,$1,$-17
1,2018-06-30,65.93,$22.59,2.92,$18.95,3.48,$-3.14,0.0,$2.46,26.8,$0.07B,$0.13B,0.59,$0.43B,$0.47B,0.93,$0.39B,$0.23B,58.52%,$0.39B,$0.08B,21.37%,$0.39B,$0.08B,21.37%,$0.39B,$0.14B,35.11%,$0.39B,$0.08B,19.59%,$0.39B,$0.05B,12.98%,$0.05B,$0.47B,11.10%,$0.05B,$0.47B,11.10%,$0.05B,$1.50B,3.44%,$0.08B,$0.90B,9.43%,$99,$40,$59,$0,$20,$76,$23,$-6,$17,$4,$13,$13,$13,$37,$23,$21,21,$0.63,$0.62,$9,$0,$39,$73,$1323,$3,$0,$3,$1427,$1500,$125,$431,$320,$910,$1035,$0,$381,$0,$465,$1500,$14,$28,$-1,$28,$-9,$0,$1,$2,$4,$45,$-65,$0,$0,$0,$1,$1,$-3,$-67,$34,$0,$34,$0,$0,$-12,$1,$23,$1,$1,$-12
2,2018-03-31,52.24,$22.24,2.35,$19.10,2.73,$-2.58,0.0,$2.74,19.07,$0.06B,$0.10B,0.64,$0.43B,$0.46B,0.94,$0.40B,$0.23B,59.09%,$0.40B,$0.09B,23.48%,$0.40B,$0.09B,23.48%,$0.40B,$0.15B,36.62%,$0.40B,$0.09B,23.48%,$0.40B,$0.06B,14.39%,$0.06B,$0.46B,12.60%,$0.06B,$0.46B,12.60%,$0.06B,$1.46B,3.86%,$0.09B,$0.89B,10.53%,$75,$30,$45,$0,$20,$68,$7,$-7,$1,$-1,$1,$1,$1,$21,$7,$21,21,$0.06,$0.06,$7,$0,$27,$61,$1300,$3,$0,$3,$1403,$1464,$95,$431,$320,$911,$1006,$0,$374,$0,$458,$1464,$1,$14,$2,$16,$5,$0,$-2,$2,$5,$23,$-30,$0,$0,$0,$0,$0,$-1,$-32,$14,$0,$14,$0,$0,$-6,$-0,$8,$-1,$0,$-6
3,2017-12-31,62.93,$22.57,2.79,$18.82,3.34,$-2.26,0.0,$2.86,22.0,$0.07B,$0.09B,0.79,$0.43B,$0.46B,0.93,$0.39B,$0.23B,59.49%,$0.39B,$0.10B,25.13%,$0.39B,$0.10B,25.13%,$0.39B,$0.15B,37.95%,$0.39B,$0.10B,24.87%,$0.39B,$0.06B,15.38%,$0.06B,$0.46B,13.54%,$0.06B,$0.46B,13.54%,$0.06B,$1.46B,4.08%,$0.10B,$0.89B,11.20%,$94,$38,$55,$0,$28,$78,$15,$10,$26,$8,$17,$17,$17,$28,$15,$21,21,$0.85,$0.84,$8,$0,$33,$67,$1284,$5,$0,$3,$1391,$1458,$85,$431,$320,$910,$995,$0,$376,$2,$463,$1458,$61,$51,$-17,$33,$-2,$0,$3,$-0,$7,$101,$-120,$0,$-1,$0,$11,$11,$-3,$-114,$8,$0,$8,$0,$0,$-21,$8,$-5,$-18,$3,$-21
4,2017-09-30,55.46,$22.05,2.52,$18.15,3.06,$-2.67,0.0,$2.69,20.62,$0.09B,$0.09B,0.93,$0.43B,$0.45B,0.95,$0.38B,$0.23B,60.00%,$0.38B,$0.10B,26.40%,$0.38B,$0.10B,26.40%,$0.38B,$0.15B,39.47%,$0.38B,$0.09B,24.80%,$0.38B,$0.06B,15.20%,$0.06B,$0.45B,13.17%,$0.06B,$0.45B,13.17%,$0.06B,$1.51B,3.89%,$0.10B,$0.88B,11.45%,$125,$53,$71,$0,$20,$85,$39,$-6,$33,$14,$20,$20,$20,$52,$39,$21,21,$0.95,$0.94,$8,$0,$55,$87,$1272,$4,$0,$8,$1424,$1512,$93,$431,$255,$966,$1059,$0,$367,$2,$452,$1512,$44,$38,$-4,$34,$-18,$0,$2,$1,$10,$88,$-106,$0,$-1,$0,$11,$11,$1,$-95,$-4,$0,$-4,$0,$0,$-13,$7,$-10,$-18,$2,$-13
5,2017-06-30,48.0,$21.27,2.26,$17.59,2.73,$-3.33,0.0,$2.67,17.98,$0.07B,$0.07B,1.04,$0.43B,$0.44B,0.99,$0.36B,$0.22B,61.05%,$0.36B,$0.10B,26.52%,$0.36B,$0.10B,26.52%,$0.36B,$0.14B,39.78%,$0.36B,$0.09B,25.14%,$0.36B,$0.06B,15.47%,$0.06B,$0.44B,13.25%,$0.06B,$0.44B,13.25%,$0.06B,$1.47B,3.86%,$0.10B,$0.87B,11.45%,$102,$39,$63,$0,$19,$70,$32,$1,$33,$12,$21,$21,$19,$44,$32,$21,21,$0.91,$0.90,$9,$0,$43,$73,$1240,$4,$0,$8,$1398,$1471,$70,$431,$254,$965,$1035,$0,$352,$2,$436,$1471,$24,$25,$-5,$21,$-8,$0,$1,$-0,$12,$57,$-65,$0,$-1,$0,$11,$11,$2,$-53,$-17,$0,$-17,$0,$0,$-9,$6,$-20,$-16,$1,$-9
6,2017-03-31,46.86,$20.56,2.28,$16.87,2.78,$-3.46,0.0,$2.59,18.09,$0.07B,$0.05B,1.45,$0.43B,$0.42B,1.03,$0.35B,$0.22B,62.54%,$0.35B,$0.09B,27.09%,$0.35B,$0.09B,27.09%,$0.35B,$0.14B,40.63%,$0.35B,$0.09B,24.78%,$0.35B,$0.05B,15.56%,$0.05B,$0.42B,13.08%,$0.05B,$0.42B,13.08%,$0.05B,$1.44B,3.77%,$0.09B,$0.86B,11.58%,$69,$26,$43,$0,$19,$57,$12,$-6,$5,$2,$4,$4,$4,$24,$12,$20,21,$0.18,$0.18,$7,$0,$38,$74,$1211,$4,$0,$8,$1362,$1436,$51,$433,$251,$964,$1014,$0,$338,$2,$421,$1436,$4,$13,$3,$16,$6,$0,$0,$3,$9,$28,$-29,$0,$-1,$0,$-0,$-0,$-0,$-31,$-14,$0,$-14,$0,$0,$-4,$3,$-16,$-18,$1,$-4
7,2016-12-31,54.16,$20.61,2.63,$16.50,3.28,$-3.42,0.0,$2.57,21.07,$0.10B,$0.06B,1.57,$0.43B,$0.42B,1.03,$0.34B,$0.21B,63.13%,$0.34B,$0.09B,27.43%,$0.34B,$0.09B,27.43%,$0.34B,$0.14B,41.00%,$0.34B,$0.09B,25.66%,$0.34B,$0.05B,15.63%,$0.05B,$0.42B,13.14%,$0.05B,$0.42B,13.14%,$0.05B,$1.44B,3.75%,$0.09B,$0.86B,11.84%,$79,$31,$48,$0,$21,$63,$16,$5,$22,$8,$14,$14,$14,$28,$16,$21,21,$0.67,$0.67,$25,$0,$45,$100,$1197,$3,$0,$8,$1344,$1443,$64,$433,$249,$958,$1022,$0,$338,$2,$422,$1443,$53,$46,$-7,$39,$-5,$0,$-0,$25,$23,$115,$-142,$0,$-1,$0,$25,$25,$-3,$-122,$33,$0,$33,$0,$0,$-17,$11,$28,$20,$2,$-17
8,2016-09-30,42.08,$20.12,2.09,$16.92,2.49,$-2.50,0.0,$2.69,15.64,$0.13B,$0.15B,0.88,$0.36B,$0.41B,0.89,$0.35B,$0.23B,65.23%,$0.35B,$0.11B,31.32%,$0.35B,$0.11B,31.32%,$0.35B,$0.15B,43.97%,$0.35B,$0.09B,26.44%,$0.35B,$0.06B,15.80%,$0.06B,$0.41B,13.96%,$0.06B,$0.41B,13.96%,$0.06B,$1.45B,3.97%,$0.11B,$0.78B,14.31%,$112,$45,$67,$0,$20,$76,$36,$-5,$31,$13,$19,$19,$19,$48,$36,$20,21,$0.93,$0.92,$18,$0,$73,$133,$1176,$3,$0,$8,$1321,$1454,$151,$364,$240,$892,$1043,$11,$329,$1,$412,$1454,$39,$35,$15,$49,$-19,$0,$3,$12,$-12,$77,$-109,$0,$-1,$0,$4,$4,$19,$-87,$24,$0,$24,$0,$0,$-12,$10,$22,$12,$1,$-12
9,2016-06-30,37.75,$19.37,1.95,$15.51,2.43,$-0.93,0.0,$2.23,16.93,$0.09B,$0.12B,0.77,$0.36B,$0.40B,0.92,$0.32B,$0.21B,64.89%,$0.32B,$0.09B,28.53%,$0.32B,$0.09B,28.53%,$0.32B,$0.13B,42.01%,$0.32B,$0.08B,23.82%,$0.32B,$0.05B,14.42%,$0.05B,$0.40B,11.99%,$0.05B,$0.40B,11.99%,$0.05B,$1.40B,3.40%,$0.09B,$0.76B,12.04%,$87,$28,$59,$0,$18,$57,$30,$-2,$28,$11,$17,$17,$17,$41,$30,$20,21,$0.82,$0.82,$13,$0,$57,$93,$1144,$3,$0,$8,$1307,$1399,$120,$364,$238,$883,$1003,$11,$314,$2,$396,$1399,$20,$23,$8,$31,$-7,$0,$-1,$3,$4,$55,$-66,$0,$-1,$0,$4,$4,$-1,$-64,$16,$0,$16,$0,$0,$-8,$7,$16,$7,$1,$-8
10,2016-03-31,34.64,$18.81,1.84,$14.81,2.34,$-0.36,0.0,$1.77,19.57,$0.06B,$0.10B,0.64,$0.37B,$0.38B,0.95,$0.30B,$0.19B,63.82%,$0.30B,$0.08B,25.66%,$0.30B,$0.08B,25.66%,$0.30B,$0.12B,39.80%,$0.30B,$0.06B,19.74%,$0.30B,$0.04B,11.84%,$0.04B,$0.38B,9.57%,$0.04B,$0.38B,9.57%,$0.04B,$1.36B,2.71%,$0.08B,$0.75B,10.36%,$61,$21,$40,$0,$19,$51,$11,$-5,$6,$2,$3,$3,$3,$22,$11,$20,21,$0.17,$0.16,$9,$0,$36,$63,$1128,$7,$0,$8,$1293,$1356,$98,$366,$235,$874,$971,$11,$301,$3,$384,$1356,$3,$12,$12,$23,$4,$0,$-2,$5,$6,$33,$-33,$0,$-1,$0,$0,$0,$-0,$-34,$5,$0,$5,$0,$0,$-4,$4,$5,$3,$0,$-4
11,2015-12-31,28.08,$18.83,1.49,$14.88,1.89,$0.11,256.18,$1.84,15.26,$0.07B,$0.08B,0.92,$0.38B,$0.38B,0.98,$0.31B,$0.20B,63.93%,$0.31B,$0.08B,26.23%,$0.31B,$0.08B,26.23%,$0.31B,$0.12B,40.00%,$0.31B,$0.06B,20.00%,$0.31B,$0.04B,12.46%,$0.04B,$0.38B,10.26%,$0.04B,$0.38B,10.26%,$0.04B,$1.34B,2.90%,$0.08B,$0.76B,10.64%,$88,$27,$61,$0,$19,$56,$32,$-5,$27,$11,$16,$16,$16,$42,$32,$20,21,$0.79,$0.80,$5,$0,$39,$73,$1098,$6,$0,$8,$1264,$1337,$80,$377,$228,$874,$954,$0,$302,$2,$384,$1337,$38,$42,$15,$58,$1,$0,$2,$2,$3,$98,$-107,$0,$-1,$0,$1,$1,$-4,$-111,$21,$0,$21,$0,$0,$-16,$10,$15,$3,$2,$-16
12,2015-09-30,28.93,$18.20,1.59,$14.00,2.07,$-1.23,0.0,$1.33,21.75,$0.08B,$0.07B,1.05,$0.38B,$0.37B,1.03,$0.29B,$0.18B,61.89%,$0.29B,$0.06B,22.38%,$0.29B,$0.06B,22.38%,$0.29B,$0.11B,36.71%,$0.29B,$0.05B,15.73%,$0.29B,$0.03B,9.79%,$0.03B,$0.37B,7.69%,$0.03B,$0.37B,7.69%,$0.03B,$1.32B,2.17%,$0.06B,$0.75B,8.56%,$83,$36,$47,$0,$19,$65,$18,$-3,$15,$6,$10,$10,$10,$29,$18,$20,21,$0.47,$0.46,$6,$0,$43,$77,$1075,$6,$0,$7,$1246,$1323,$73,$381,$232,$879,$952,$11,$290,$2,$371,$1323,$22,$32,$4,$36,$-10,$0,$1,$12,$15,$72,$-72,$0,$-1,$0,$1,$1,$-3,$-74,$8,$0,$8,$1,$1,$-12,$9,$6,$4,$1,$-12
13,2015-06-30,28.68,$17.91,1.6,$16.10,1.78,$-2.82,0.0,$2.75,10.43,$0.07B,$0.06B,1.19,$0.38B,$0.37B,1.05,$0.33B,$0.22B,65.85%,$0.33B,$0.11B,32.01%,$0.33B,$0.11B,32.01%,$0.33B,$0.15B,44.21%,$0.33B,$0.08B,25.61%,$0.33B,$0.06B,17.07%,$0.06B,$0.37B,15.52%,$0.06B,$0.37B,15.52%,$0.06B,$1.30B,4.43%,$0.11B,$0.75B,14.09%,$72,$27,$46,$0,$18,$55,$17,$-5,$12,$4,$7,$7,$7,$28,$17,$20,21,$0.37,$0.36,$5,$1,$36,$70,$1055,$6,$0,$6,$1226,$1296,$59,$384,$223,$872,$931,$11,$284,$2,$365,$1296,$12,$21,$3,$24,$-3,$0,$0,$5,$9,$45,$-44,$0,$-1,$0,$-0,$-0,$-3,$-48,$7,$0,$7,$0,$0,$-8,$6,$5,$3,$1,$-8
14,2015-03-31,28.7,$17.77,1.62,$16.02,1.79,$-4.23,0.0,$2.73,10.51,$0.06B,$0.05B,1.3,$0.38B,$0.36B,1.06,$0.33B,$0.21B,63.50%,$0.33B,$0.10B,30.67%,$0.33B,$0.10B,30.67%,$0.33B,$0.14B,42.64%,$0.33B,$0.08B,25.15%,$0.33B,$0.06B,17.18%,$0.06B,$0.36B,16.00%,$0.06B,$0.36B,16.00%,$0.06B,$1.28B,4.57%,$0.10B,$0.75B,13.85%,$62,$21,$41,$0,$18,$49,$13,$-5,$7,$3,$5,$5,$5,$23,$13,$20,20,$0.23,$0.23,$5,$1,$32,$63,$1039,$6,$0,$7,$1215,$1278,$49,$384,$219,$868,$916,$11,$281,$3,$361,$1278,$5,$11,$1,$11,$-0,$0,$0,$2,$11,$27,$-18,$0,$-1,$0,$-0,$-0,$-2,$-21,$-2,$0,$-2,$0,$0,$-4,$2,$-3,$3,$0,$-4
15,2014-12-31,29.65,$17.75,1.67,$15.66,1.89,$-5.21,0.0,$2.54,11.68,$0.07B,$0.05B,1.52,$0.38B,$0.36B,1.07,$0.32B,$0.20B,61.76%,$0.32B,$0.09B,29.15%,$0.32B,$0.09B,29.15%,$0.32B,$0.13B,41.38%,$0.32B,$0.08B,23.82%,$0.32B,$0.05B,16.30%,$0.05B,$0.36B,15.32%,$0.05B,$0.36B,15.32%,$0.05B,$1.27B,4.38%,$0.09B,$0.75B,13.30%,$69,$27,$43,$0,$18,$54,$16,$-4,$11,$6,$6,$6,$6,$25,$16,$20,20,$0.28,$0.28,$2,$0,$38,$68,$1025,$6,$0,$6,$1201,$1269,$45,$384,$220,$864,$909,$11,$281,$3,$360,$1269,$52,$39,$25,$64,$-1,$0,$-0,$-41,$-50,$66,$-102,$0,$-2,$0,$8,$8,$-2,$-98,$40,$0,$40,$2,$2,$-15,$5,$32,$0,$1,$-15
16,2014-09-30,24.66,$17.62,1.4,$15.64,1.58,$-4.99,0.0,$2.49,9.9,$0.07B,$0.05B,1.36,$0.39B,$0.36B,1.08,$0.32B,$0.19B,60.57%,$0.32B,$0.09B,27.76%,$0.32B,$0.09B,27.76%,$0.32B,$0.13B,40.06%,$0.32B,$0.07B,22.71%,$0.32B,$0.05B,16.09%,$0.05B,$0.36B,15.47%,$0.05B,$0.36B,15.47%,$0.05B,$1.21B,4.44%,$0.09B,$0.74B,13.00%,$125,$39,$86,$0,$17,$66,$59,$-5,$54,$16,$38,$38,$38,$69,$59,$20,20,$1.90,$1.88,$6,$1,$40,$71,$1012,$6,$0,$6,$1140,$1210,$52,$385,$214,$802,$854,$11,$279,$2,$357,$1210,$46,$30,$17,$46,$-9,$0,$0,$-44,$-47,$46,$-78,$0,$-2,$0,$8,$8,$-1,$-72,$35,$0,$35,$1,$1,$-11,$5,$30,$3,$1,$-11
17,2014-06-30,24.78,$15.91,1.56,$13.68,1.81,$-4.45,0.0,$1.05,23.6,$0.05B,$0.09B,0.51,$0.34B,$0.32B,1.04,$0.28B,$0.15B,54.51%,$0.28B,$0.05B,17.33%,$0.28B,$0.05B,17.33%,$0.28B,$0.09B,31.41%,$0.28B,$0.03B,11.91%,$0.28B,$0.02B,7.94%,$0.02B,$0.32B,6.87%,$0.02B,$0.32B,6.87%,$0.02B,$1.15B,1.94%,$0.05B,$0.66B,7.33%,$70,$33,$37,$0,$16,$58,$12,$-2,$10,$3,$7,$7,$7,$22,$12,$20,20,$0.34,$0.34,$6,$1,$20,$47,$997,$6,$0,$6,$1100,$1147,$92,$335,$211,$733,$825,$11,$244,$2,$322,$1147,$8,$20,$-1,$18,$-5,$0,$-0,$-1,$-1,$25,$-53,$0,$-1,$0,$7,$7,$-1,$-47,$29,$0,$29,$0,$0,$-8,$3,$25,$4,$0,$-8
18,2014-03-31,26.74,$15.81,1.69,$13.90,1.92,$-3.76,0.0,$1.08,24.76,$0.04B,$0.07B,0.57,$0.34B,$0.32B,1.05,$0.28B,$0.16B,55.52%,$0.28B,$0.05B,18.86%,$0.28B,$0.05B,18.86%,$0.28B,$0.09B,32.38%,$0.28B,$0.04B,12.81%,$0.28B,$0.02B,7.83%,$0.02B,$0.32B,6.92%,$0.02B,$0.32B,6.92%,$0.02B,$1.12B,1.95%,$0.05B,$0.65B,8.11%,$55,$24,$31,$0,$16,$49,$6,$-5,$1,$1,$1,$1,$1,$16,$6,$20,20,$0.04,$0.04,$3,$1,$19,$41,$979,$9,$0,$6,$1083,$1124,$72,$335,$211,$733,$805,$11,$241,$4,$319,$1124,$1,$10,$2,$12,$3,$0,$-1,$1,$3,$16,$-27,$0,$-1,$0,$0,$0,$-0,$-28,$14,$0,$14,$0,$0,$-4,$2,$13,$1,$0,$-4
19,2013-12-31,26.77,$15.92,1.68,$13.87,1.93,$-3.51,0.0,$1.11,24.12,$0.04B,$0.06B,0.67,$0.34B,$0.32B,1.04,$0.28B,$0.16B,56.88%,$0.28B,$0.05B,19.20%,$0.28B,$0.05B,19.20%,$0.28B,$0.09B,32.61%,$0.28B,$0.04B,13.41%,$0.28B,$0.02B,7.97%,$0.02B,$0.32B,7.18%,$0.02B,$0.32B,7.18%,$0.02B,$1.11B,1.96%,$0.05B,$0.66B,8.26%,$67,$30,$38,$0,$18,$56,$11,$-4,$7,$2,$5,$5,$5,$20,$11,$20,20,$0.25,$0.24,$2,$1,$18,$40,$967,$9,$0,$6,$1070,$1110,$59,$335,$208,$730,$789,$11,$244,$3,$321,$1110,$22,$37,$11,$48,$-3,$0,$-0,$-5,$-7,$63,$-94,$0,$-3,$0,$5,$5,$-3,$-96,$2,$0,$2,$37,$37,$-14,$8,$32,$-0,$1,$-14
20,2013-09-30,25.02,$15.84,1.58,$13.82,1.81,$-3.64,0.0,$1.19,21.02,$0.05B,$0.05B,0.99,$0.34B,$0.32B,1.05,$0.27B,$0.16B,58.30%,$0.27B,$0.06B,20.66%,$0.27B,$0.06B,20.66%,$0.27B,$0.09B,34.32%,$0.27B,$0.04B,14.76%,$0.27B,$0.02B,8.49%,$0.02B,$0.32B,7.80%,$0.02B,$0.32B,7.80%,$0.02B,$1.15B,2.06%,$0.06B,$0.65B,8.88%,$85,$40,$45,$0,$17,$66,$19,$-5,$15,$6,$9,$9,$9,$29,$19,$20,20,$0.44,$0.44,$3,$1,$24,$49,$947,$8,$0,$6,$1101,$1150,$50,$335,$208,$781,$831,$11,$243,$3,$319,$1150,$18,$28,$10,$37,$-13,$0,$-2,$-2,$-8,$47,$-68,$0,$-2,$0,$5,$5,$-2,$-67,$-14,$0,$-14,$37,$37,$-11,$8,$20,$1,$1,$-11
21,2013-06-30,23.24,$15.56,1.49,$14.00,1.66,$-3.40,0.0,$1.28,18.16,$0.05B,$0.05B,1.07,$0.34B,$0.31B,1.07,$0.27B,$0.16B,59.33%,$0.27B,$0.06B,21.64%,$0.27B,$0.06B,21.64%,$0.27B,$0.09B,35.07%,$0.27B,$0.04B,15.67%,$0.27B,$0.02B,8.96%,$0.02B,$0.31B,8.47%,$0.02B,$0.31B,8.47%,$0.02B,$1.13B,2.19%,$0.06B,$0.65B,9.37%,$74,$32,$42,$0,$16,$57,$17,$-4,$13,$5,$7,$7,$7,$26,$17,$20,20,$0.37,$0.37,$4,$1,$22,$48,$931,$8,$0,$6,$1082,$1130,$45,$335,$207,$772,$817,$10,$238,$3,$313,$1130,$9,$18,$4,$22,$-12,$0,$2,$0,$-4,$27,$-40,$0,$-2,$0,$5,$5,$-1,$-38,$-20,$0,$-20,$36,$36,$-7,$3,$12,$1,$1,$-7
22,2013-03-31,23.34,$14.62,1.6,$13.82,1.69,$-3.32,0.0,$1.19,19.61,$0.03B,$0.06B,0.58,$0.34B,$0.27B,1.23,$0.26B,$0.16B,59.62%,$0.26B,$0.06B,21.15%,$0.26B,$0.06B,21.15%,$0.26B,$0.09B,34.62%,$0.26B,$0.04B,14.62%,$0.26B,$0.02B,8.46%,$0.02B,$0.27B,8.12%,$0.02B,$0.27B,8.12%,$0.02B,$1.10B,2.04%,$0.06B,$0.61B,9.07%,$50,$18,$32,$0,$17,$44,$6,$-4,$2,$1,$1,$1,$1,$15,$6,$19,19,$0.07,$0.07,$2,$1,$15,$34,$914,$8,$0,$6,$1065,$1099,$59,$335,$204,$766,$825,$10,$234,$3,$273,$1099,$1,$9,$-1,$9,$1,$0,$0,$1,$5,$14,$-20,$0,$-1,$0,$8,$8,$-1,$-14,$2,$0,$2,$0,$0,$-3,$1,$-0,$-0,$0,$-3
23,2012-12-31,23.27,$14.71,1.58,$13.89,1.68,$-3.22,0.0,$1.18,19.72,$0.04B,$0.05B,0.87,$0.34B,$0.28B,1.22,$0.26B,$0.15B,59.00%,$0.26B,$0.06B,21.46%,$0.26B,$0.06B,21.46%,$0.26B,$0.09B,34.48%,$0.26B,$0.04B,14.56%,$0.26B,$0.02B,8.43%,$0.02B,$0.28B,8.20%,$0.02B,$0.28B,8.20%,$0.02B,$1.09B,2.07%,$0.06B,$0.61B,9.24%,$62,$23,$39,$0,$17,$48,$14,$-4,$10,$4,$6,$6,$6,$23,$14,$19,19,$0.32,$0.31,$3,$1,$24,$43,$897,$7,$0,$5,$1045,$1087,$49,$336,$205,$764,$813,$10,$236,$2,$275,$1087,$22,$35,$12,$47,$-1,$0,$1,$1,$6,$74,$-106,$0,$-2,$0,$5,$5,$-1,$-104,$12,$0,$12,$1,$1,$-13,$6,$6,$-24,$1,$-13
24,2012-09-30,22.02,$14.56,1.51,$13.89,1.59,$-1.84,0.0,$1.22,18.05,$0.06B,$0.05B,1.22,$0.34B,$0.27B,1.24,$0.26B,$0.16B,59.39%,$0.26B,$0.06B,22.61%,$0.26B,$0.06B,22.61%,$0.26B,$0.09B,35.25%,$0.26B,$0.04B,15.33%,$0.26B,$0.02B,8.81%,$0.02B,$0.27B,8.66%,$0.02B,$0.27B,8.66%,$0.02B,$1.08B,2.18%,$0.06B,$0.61B,9.75%,$82,$37,$46,$0,$17,$61,$21,$-4,$17,$7,$10,$10,$10,$30,$21,$19,19,$0.54,$0.53,$7,$1,$34,$62,$877,$7,$0,$4,$1013,$1075,$51,$336,$201,$753,$804,$10,$234,$2,$272,$1075,$16,$26,$8,$34,$-14,$0,$1,$9,$7,$57,$-72,$0,$-2,$0,$5,$5,$-1,$-69,$-3,$0,$-3,$1,$1,$-10,$4,$-8,$-20,$0,$-10
25,2012-06-30,20.69,$14.19,1.46,$13.45,1.54,$-1.04,0.0,$1.13,18.31,$0.06B,$0.05B,1.27,$0.34B,$0.26B,1.27,$0.25B,$0.15B,59.68%,$0.25B,$0.06B,22.13%,$0.25B,$0.06B,22.13%,$0.25B,$0.09B,35.18%,$0.25B,$0.04B,14.62%,$0.25B,$0.02B,8.30%,$0.02B,$0.26B,8.00%,$0.02B,$0.26B,8.00%,$0.02B,$1.06B,2.02%,$0.06B,$0.60B,9.26%,$66,$27,$38,$0,$16,$52,$14,$-5,$9,$4,$5,$5,$5,$22,$14,$19,19,$0.28,$0.28,$9,$1,$29,$58,$862,$7,$0,$4,$997,$1055,$46,$336,$200,$745,$791,$10,$227,$2,$264,$1055,$6,$17,$4,$21,$-9,$0,$0,$5,$4,$32,$-43,$0,$-2,$0,$-0,$-0,$-0,$-45,$-0,$0,$-0,$0,$0,$-7,$2,$-5,$-17,$0,$-7
26,2012-03-31,20.63,$14.08,1.46,$13.11,1.57,$-0.48,0.0,$1.14,18.09,$0.06B,$0.03B,1.86,$0.34B,$0.26B,1.31,$0.25B,$0.15B,60.98%,$0.25B,$0.06B,22.76%,$0.25B,$0.06B,22.76%,$0.25B,$0.09B,36.18%,$0.25B,$0.04B,15.04%,$0.25B,$0.02B,8.54%,$0.02B,$0.26B,8.07%,$0.02B,$0.26B,8.07%,$0.02B,$1.04B,2.05%,$0.06B,$0.61B,9.26%,$51,$20,$31,$0,$16,$44,$7,$-5,$2,$1,$1,$1,$1,$15,$7,$19,19,$0.06,$0.06,$19,$1,$19,$59,$848,$7,$0,$4,$983,$1042,$32,$344,$199,$748,$780,$10,$225,$2,$262,$1042,$1,$9,$1,$9,$1,$0,$-0,$4,$4,$15,$-18,$0,$-1,$0,$0,$0,$-0,$-20,$-0,$0,$-0,$0,$0,$-3,$1,$-2,$-7,$0,$-3
27,2011-12-31,20.07,$14.20,1.41,$12.72,1.58,$-0.35,0.0,$1.11,18.08,$0.07B,$0.03B,2.44,$0.34B,$0.26B,1.3,$0.24B,$0.15B,61.51%,$0.24B,$0.06B,23.01%,$0.24B,$0.06B,23.01%,$0.24B,$0.09B,36.82%,$0.24B,$0.04B,15.06%,$0.24B,$0.02B,8.79%,$0.02B,$0.26B,8.14%,$0.02B,$0.26B,8.14%,$0.02B,$1.04B,2.10%,$0.06B,$0.61B,9.32%,$62,$22,$40,$0,$16,$46,$17,$-5,$12,$5,$7,$7,$7,$25,$17,$19,19,$0.36,$0.35,$27,$1,$21,$69,$835,$7,$0,$4,$970,$1039,$28,$344,$198,$747,$775,$10,$227,$2,$264,$1039,$21,$33,$16,$49,$-2,$0,$-0,$-4,$-5,$64,$-70,$0,$-4,$0,$-0,$-0,$-2,$-76,$45,$0,$45,$1,$1,$-13,$4,$37,$25,$1,$-13
28,2011-09-30,18.35,$14.00,1.31,$12.11,1.52,$-3.41,0.0,$1.19,15.42,$0.09B,$0.04B,2.31,$0.35B,$0.26B,1.32,$0.23B,$0.14B,60.09%,$0.23B,$0.04B,17.98%,$0.23B,$0.04B,17.98%,$0.23B,$0.08B,32.89%,$0.23B,$0.04B,16.67%,$0.23B,$0.02B,9.65%,$0.02B,$0.26B,8.60%,$0.02B,$0.26B,8.60%,$0.02B,$1.01B,2.26%,$0.04B,$0.61B,7.12%,$74,$32,$42,$0,$16,$55,$18,$-5,$14,$5,$8,$8,$8,$27,$18,$19,19,$0.44,$0.44,$43,$1,$21,$89,$820,$7,$0,$4,$924,$1013,$39,$345,$198,$714,$753,$10,$224,$2,$260,$1013,$14,$25,$12,$36,$-13,$0,$0,$1,$-2,$49,$-49,$0,$-2,$0,$-0,$-0,$-2,$-53,$51,$0,$51,$1,$1,$-10,$3,$45,$41,$1,$-10
29,2011-06-30,20.28,$13.73,1.48,$11.93,1.7,$-5.57,0.0,$1.32,15.37,$0.08B,$0.04B,2.13,$0.35B,$0.26B,1.35,$0.22B,$0.14B,60.27%,$0.22B,$0.04B,18.30%,$0.22B,$0.04B,18.30%,$0.22B,$0.07B,32.59%,$0.22B,$0.04B,18.75%,$0.22B,$0.03B,11.16%,$0.03B,$0.26B,9.79%,$0.03B,$0.26B,9.79%,$0.03B,$1.00B,2.61%,$0.04B,$0.60B,7.28%,$59,$22,$37,$0,$15,$45,$14,$-5,$9,$4,$5,$5,$5,$22,$14,$19,19,$0.29,$0.29,$45,$1,$18,$84,$813,$7,$0,$4,$917,$1000,$39,$345,$198,$706,$745,$10,$219,$2,$255,$1000,$6,$16,$9,$25,$-8,$0,$1,$1,$-2,$30,$-30,$0,$-2,$0,$-0,$-0,$-2,$-34,$52,$0,$52,$0,$0,$-6,$2,$48,$44,$0,$-6
30,2011-03-31,19.23,$13.61,1.41,$11.67,1.65,$-6.52,0.0,$1.27,15.14,$0.04B,$0.04B,0.95,$0.30B,$0.25B,1.17,$0.22B,$0.13B,59.36%,$0.22B,$0.04B,17.35%,$0.22B,$0.04B,17.35%,$0.22B,$0.07B,31.51%,$0.22B,$0.04B,18.72%,$0.22B,$0.03B,11.42%,$0.03B,$0.25B,9.82%,$0.03B,$0.25B,9.82%,$0.03B,$0.95B,2.64%,$0.04B,$0.55B,6.91%,$44,$16,$28,$0,$15,$38,$6,$-5,$1,$0,$1,$1,$1,$14,$6,$19,19,$0.03,$0.03,$2,$1,$13,$39,$806,$7,$0,$3,$909,$948,$41,$295,$197,$654,$695,$10,$217,$2,$253,$948,$1,$8,$3,$12,$3,$0,$-1,$1,$-1,$12,$-13,$0,$-1,$0,$-0,$-0,$-1,$-15,$7,$0,$7,$0,$0,$-3,$-0,$4,$1,$0,$-3
31,2010-12-31,21.83,$13.75,1.59,$11.51,1.9,$-6.75,0.0,$1.29,16.92,$0.04B,$0.03B,1.3,$0.30B,$0.26B,1.16,$0.22B,$0.13B,59.53%,$0.22B,$0.04B,17.21%,$0.22B,$0.04B,17.21%,$0.22B,$0.07B,31.16%,$0.22B,$0.04B,19.53%,$0.22B,$0.03B,11.63%,$0.03B,$0.26B,9.83%,$0.03B,$0.26B,9.83%,$0.03B,$0.94B,2.68%,$0.04B,$0.55B,6.88%,$51,$21,$30,$0,$16,$47,$3,$10,$14,$6,$8,$8,$8,$12,$3,$19,19,$0.45,$0.43,$2,$1,$13,$38,$795,$7,$0,$3,$897,$935,$29,$296,$196,$651,$680,$10,$220,$2,$255,$935,$24,$30,$-15,$15,$-2,$0,$1,$-1,$-2,$37,$-100,$0,$-4,$0,$29,$29,$-1,$-75,$47,$0,$47,$1,$1,$-13,$2,$38,$0,$1,$-13
32,2010-09-30,20.18,$13.91,1.45,$11.40,1.77,$-3.54,0.0,$1.00,20.18,$0.04B,$0.05B,0.8,$0.30B,$0.26B,1.15,$0.21B,$0.12B,55.87%,$0.21B,$0.05B,23.94%,$0.21B,$0.05B,23.94%,$0.21B,$0.08B,37.09%,$0.21B,$0.04B,19.25%,$0.21B,$0.02B,9.39%,$0.02B,$0.26B,7.88%,$0.02B,$0.26B,7.88%,$0.02B,$0.96B,2.18%,$0.05B,$0.55B,9.71%,$70,$30,$40,$0,$15,$52,$18,$0,$18,$7,$11,$11,$11,$25,$18,$19,19,$0.58,$0.58,$3,$1,$19,$43,$795,$32,$0,$3,$913,$955,$53,$296,$198,$644,$697,$10,$215,$11,$258,$955,$16,$21,$-3,$18,$-12,$0,$0,$3,$-1,$33,$-73,$0,$-3,$0,$5,$5,$-0,$-72,$47,$0,$47,$1,$1,$-9,$2,$40,$2,$1,$-9
33,2010-06-30,19.07,$13.59,1.4,$11.36,1.68,$-1.78,0.0,$0.86,22.17,$0.06B,$0.06B,1.17,$0.30B,$0.25B,1.18,$0.21B,$0.12B,56.60%,$0.21B,$0.05B,21.23%,$0.21B,$0.05B,21.23%,$0.21B,$0.07B,33.96%,$0.21B,$0.03B,14.62%,$0.21B,$0.02B,8.02%,$0.02B,$0.25B,6.73%,$0.02B,$0.25B,6.73%,$0.02B,$0.95B,1.89%,$0.05B,$0.55B,8.80%,$54,$22,$32,$0,$14,$43,$11,$-4,$8,$3,$5,$5,$5,$18,$11,$19,19,$0.24,$0.24,$31,$1,$17,$64,$763,$39,$0,$4,$889,$953,$55,$296,$198,$646,$701,$10,$207,$12,$252,$953,$6,$14,$1,$15,$-7,$0,$1,$3,$1,$22,$-40,$0,$-3,$0,$0,$0,$-0,$-43,$28,$0,$28,$0,$0,$-6,$1,$23,$2,$0,$-6
34,2010-03-31,20.54,$13.57,1.51,$11.58,1.77,$-1.02,0.0,$0.85,24.16,$0.03B,$0.04B,0.6,$0.25B,$0.25B,0.98,$0.22B,$0.12B,56.48%,$0.22B,$0.04B,19.44%,$0.22B,$0.04B,19.44%,$0.22B,$0.07B,31.48%,$0.22B,$0.03B,12.50%,$0.22B,$0.02B,7.41%,$0.02B,$0.25B,6.36%,$0.02B,$0.25B,6.36%,$0.02B,$0.89B,1.82%,$0.04B,$0.50B,8.43%,$40,$14,$26,$0,$13,$35,$5,$-4,$2,$1,$1,$1,$1,$12,$5,$19,19,$0.05,$0.05,$2,$1,$11,$26,$739,$41,$0,$3,$865,$891,$43,$247,$196,$596,$639,$10,$206,$14,$252,$891,$1,$7,$0,$8,$2,$0,$-0,$2,$3,$11,$-17,$0,$-1,$0,$0,$0,$-0,$-17,$8,$0,$8,$0,$0,$-3,$1,$7,$0,$0,$-3
35,2009-12-31,18.09,$13.66,1.32,$11.57,1.56,$-0.88,0.0,$0.81,22.34,$0.03B,$0.03B,0.88,$0.25B,$0.25B,0.98,$0.22B,$0.12B,56.48%,$0.22B,$0.04B,18.52%,$0.22B,$0.04B,18.52%,$0.22B,$0.07B,30.56%,$0.22B,$0.03B,11.57%,$0.22B,$0.02B,6.94%,$0.02B,$0.25B,5.98%,$0.02B,$0.25B,5.98%,$0.02B,$0.88B,1.72%,$0.04B,$0.50B,8.12%,$49,$28,$21,$0,$11,$32,$17,$-4,$13,$0,$3,$3,$3,$24,$17,$18,19,$0.14,$0.14,$1,$1,$12,$28,$726,$41,$0,$2,$850,$878,$32,$247,$196,$594,$626,$10,$208,$13,$253,$878,$15,$27,$9,$36,$2,$0,$-0,$3,$3,$55,$-57,$0,$-6,$0,$0,$0,$-0,$-64,$17,$0,$17,$1,$1,$-12,$3,$8,$-2,$1,$-12
36,2009-09-30,18.18,$13.75,1.32,$11.63,1.56,$-1.39,0.0,$0.90,20.2,$0.04B,$0.04B,1.07,$0.25B,$0.25B,0.97,$0.22B,$0.13B,59.91%,$0.22B,$0.03B,13.36%,$0.22B,$0.03B,13.36%,$0.22B,$0.05B,24.88%,$0.22B,$0.02B,7.37%,$0.22B,$0.02B,7.37%,$0.02B,$0.25B,6.37%,$0.02B,$0.25B,6.37%,$0.02B,$0.88B,1.85%,$0.03B,$0.50B,5.98%,$69,$29,$41,$0,$18,$58,$12,$-4,$8,$0,$8,$8,$8,$18,$12,$18,19,$0.43,$0.43,$2,$1,$19,$40,$719,$43,$0,$2,$841,$881,$37,$246,$198,$590,$627,$10,$208,$15,$254,$881,$13,$19,$8,$27,$-9,$0,$1,$2,$-3,$37,$-44,$0,$-4,$0,$0,$0,$-0,$-48,$15,$0,$15,$1,$1,$-9,$3,$10,$-2,$1,$-9
37,2009-06-30,17.91,$13.39,1.34,$11.66,1.54,$-1.66,0.0,$0.91,19.69,$0.04B,$0.04B,1.12,$0.25B,$0.25B,0.99,$0.22B,$0.13B,58.72%,$0.22B,$0.03B,12.84%,$0.22B,$0.03B,12.84%,$0.22B,$0.05B,24.31%,$0.22B,$0.02B,7.34%,$0.22B,$0.02B,7.34%,$0.02B,$0.25B,6.41%,$0.02B,$0.25B,6.41%,$0.02B,$0.87B,1.89%,$0.03B,$0.49B,5.88%,$58,$24,$34,$0,$15,$50,$8,$-4,$4,$0,$4,$4,$4,$14,$8,$18,19,$0.24,$0.23,$5,$1,$17,$42,$709,$41,$0,$2,$829,$870,$37,$246,$197,$586,$623,$10,$203,$13,$248,$870,$5,$13,$5,$18,$-6,$0,$2,$3,$0,$22,$-26,$0,$-4,$0,$0,$0,$-0,$-30,$14,$0,$14,$0,$0,$-6,$1,$9,$1,$0,$-6
38,2009-03-31,19.91,$13.49,1.48,$11.77,1.69,$-2.04,0.0,$1.02,19.52,$0.03B,$0.04B,0.72,$0.23B,$0.25B,0.91,$0.22B,$0.13B,58.18%,$0.22B,$0.03B,13.64%,$0.22B,$0.03B,13.64%,$0.22B,$0.06B,25.00%,$0.22B,$0.02B,8.18%,$0.22B,$0.02B,8.18%,$0.02B,$0.25B,7.28%,$0.02B,$0.25B,7.28%,$0.02B,$0.85B,2.18%,$0.03B,$0.48B,6.43%,$40,$14,$26,$0,$12,$37,$3,$-3,$0,$0,$0,$0,$0,$10,$3,$18,19,$0.01,$0.01,$2,$1,$10,$29,$700,$46,$0,$3,$825,$854,$41,$226,$197,$564,$605,$10,$202,$16,$249,$854,$0,$7,$2,$8,$3,$0,$0,$2,$1,$10,$-13,$0,$-4,$0,$0,$0,$-0,$-16,$8,$0,$8,$0,$0,$-3,$0,$6,$-1,$0,$-3
39,2008-12-31,23.3,$13.78,1.69,$11.84,1.97,$-2.28,0.0,$1.16,20.08,$0.03B,$0.04B,0.74,$0.22B,$0.25B,0.85,$0.22B,$0.13B,58.82%,$0.22B,$0.03B,14.93%,$0.22B,$0.03B,14.93%,$0.22B,$0.06B,25.79%,$0.22B,$0.02B,9.50%,$0.22B,$0.02B,9.50%,$0.02B,$0.25B,8.59%,$0.02B,$0.25B,8.59%,$0.02B,$0.85B,2.61%,$0.03B,$0.47B,7.15%,$50,$20,$29,$0,$13,$43,$6,$-2,$4,$0,$4,$4,$4,$12,$6,$18,19,$0.23,$0.22,$3,$1,$13,$32,$689,$51,$0,$2,$819,$851,$43,$217,$194,$553,$597,$10,$205,$19,$254,$851,$21,$24,$6,$30,$-1,$0,$-1,$2,$1,$52,$-64,$0,$0,$0,$0,$0,$-3,$-67,$14,$0,$14,$1,$1,$-12,$13,$16,$1,$1,$-12
40,2008-09-30,23.18,$13.43,1.73,$11.75,1.97,$-5.91,0.0,$1.13,20.51,$0.04B,$0.05B,0.81,$0.22B,$0.25B,0.88,$0.22B,$0.13B,59.36%,$0.22B,$0.03B,15.53%,$0.22B,$0.03B,15.53%,$0.22B,$0.06B,26.03%,$0.22B,$0.02B,9.59%,$0.22B,$0.02B,9.59%,$0.02B,$0.25B,8.74%,$0.02B,$0.25B,8.74%,$0.02B,$0.81B,2.68%,$0.03B,$0.46B,7.44%,$70,$31,$39,$0,$17,$58,$11,$-3,$8,$0,$8,$8,$8,$17,$11,$18,19,$0.45,$0.44,$2,$1,$20,$42,$676,$42,$0,$2,$767,$809,$52,$217,$188,$510,$561,$10,$204,$14,$248,$809,$17,$18,$6,$24,$-13,$0,$0,$0,$-5,$36,$-48,$0,$0,$0,$0,$0,$-1,$-49,$14,$0,$14,$1,$1,$-9,$7,$13,$-0,$0,$-9
41,2008-06-30,20.29,$12.93,1.57,$11.51,1.76,$-8.59,0.0,$1.12,18.12,$0.04B,$0.05B,0.87,$0.22B,$0.24B,0.91,$0.21B,$0.13B,58.88%,$0.21B,$0.03B,15.89%,$0.21B,$0.03B,15.89%,$0.21B,$0.06B,26.17%,$0.21B,$0.02B,9.81%,$0.21B,$0.02B,9.81%,$0.02B,$0.24B,8.84%,$0.02B,$0.24B,8.84%,$0.02B,$0.79B,2.72%,$0.03B,$0.46B,7.57%,$60,$26,$34,$0,$15,$51,$10,$-3,$6,$0,$6,$6,$6,$16,$10,$18,19,$0.34,$0.34,$2,$1,$18,$39,$664,$36,$0,$2,$749,$788,$45,$217,$184,$505,$550,$10,$198,$11,$238,$788,$9,$12,$1,$13,$-10,$0,$0,$5,$0,$23,$-34,$0,$0,$0,$0,$0,$-0,$-34,$11,$0,$11,$0,$0,$-6,$5,$10,$-1,$0,$-6
42,2008-03-31,21.86,$12.95,1.69,$11.25,1.94,$-10.93,0.0,$1.07,20.43,$0.03B,$0.03B,0.81,$0.22B,$0.24B,0.91,$0.21B,$0.12B,58.85%,$0.21B,$0.03B,15.31%,$0.21B,$0.03B,15.31%,$0.21B,$0.05B,25.84%,$0.21B,$0.02B,9.57%,$0.21B,$0.02B,9.57%,$0.02B,$0.24B,8.49%,$0.02B,$0.24B,8.49%,$0.02B,$0.77B,2.62%,$0.03B,$0.46B,7.24%,$41,$13,$28,$0,$12,$35,$6,$-3,$3,$0,$3,$3,$3,$12,$6,$18,19,$0.15,$0.15,$2,$1,$12,$28,$655,$42,$0,$2,$747,$774,$34,$217,$183,$502,$536,$10,$195,$14,$238,$774,$3,$6,$0,$6,$1,$0,$-1,$1,$2,$11,$-19,$0,$0,$0,$0,$0,$-0,$-19,$6,$0,$6,$0,$0,$-3,$3,$7,$-1,$0,$-3
43,2007-12-31,26.37,$12.90,2.04,$11.14,2.37,$-13.35,0.0,$1.04,25.36,$0.03B,$0.03B,0.96,$0.22B,$0.24B,0.91,$0.21B,$0.12B,57.97%,$0.21B,$0.03B,14.49%,$0.21B,$0.03B,14.49%,$0.21B,$0.05B,25.12%,$0.21B,$0.02B,9.18%,$0.21B,$0.02B,9.18%,$0.02B,$0.24B,8.15%,$0.02B,$0.24B,8.15%,$0.02B,$0.77B,2.53%,$0.03B,$0.45B,6.90%,$48,$19,$29,$0,$12,$41,$7,$-3,$4,$0,$4,$4,$4,$12,$7,$18,19,$0.19,$0.21,$2,$1,$13,$32,$645,$41,$0,$1,$736,$767,$33,$216,$180,$497,$530,$10,$195,$13,$237,$767,$19,$23,$-1,$22,$-2,$0,$-1,$4,$1,$42,$-121,$0,$0,$0,$0,$0,$30,$-91,$42,$0,$42,$1,$1,$-11,$15,$48,$-1,$1,$-11
44,2007-09-30,25.85,$12.90,2.0,$10.98,2.36,$-8.68,0.0,$1.87,13.82,$0.04B,$0.04B,0.94,$0.20B,$0.24B,0.83,$0.20B,$0.12B,58.82%,$0.20B,$0.03B,14.71%,$0.20B,$0.03B,14.71%,$0.20B,$0.05B,25.49%,$0.20B,$0.03B,16.67%,$0.20B,$0.03B,16.67%,$0.03B,$0.24B,14.73%,$0.03B,$0.24B,14.73%,$0.03B,$0.76B,4.63%,$0.03B,$0.43B,7.16%,$65,$30,$35,$0,$15,$54,$11,$-3,$8,$0,$8,$8,$8,$16,$11,$18,19,$0.44,$0.43,$2,$1,$19,$39,$626,$42,$0,$2,$723,$762,$41,$196,$177,$484,$525,$10,$194,$14,$237,$762,$16,$17,$-2,$15,$-12,$0,$-1,$6,$3,$33,$-95,$0,$0,$0,$0,$0,$30,$-65,$25,$0,$25,$1,$1,$-8,$12,$30,$-2,$1,$-8
45,2007-06-30,25.08,$12.55,2.0,$10.88,2.3,$-6.65,0.0,$1.92,13.06,$0.04B,$0.04B,1.1,$0.20B,$0.23B,0.86,$0.20B,$0.12B,60.40%,$0.20B,$0.03B,14.85%,$0.20B,$0.03B,14.85%,$0.20B,$0.05B,26.24%,$0.20B,$0.04B,17.33%,$0.20B,$0.04B,17.33%,$0.04B,$0.23B,15.68%,$0.04B,$0.23B,15.73%,$0.04B,$0.75B,4.95%,$0.03B,$0.43B,7.50%,$55,$24,$31,$0,$14,$47,$8,$-3,$5,$0,$5,$5,$5,$14,$8,$18,19,$0.30,$0.29,$6,$1,$18,$38,$612,$41,$0,$1,$708,$746,$35,$197,$175,$481,$516,$10,$189,$14,$230,$746,$8,$11,$-3,$9,$-8,$0,$-1,$7,$8,$24,$-78,$0,$0,$0,$0,$0,$31,$-48,$21,$0,$21,$1,$1,$-6,$9,$26,$2,$0,$-6
46,2007-03-31,30.35,$12.44,2.44,$10.49,2.89,$-4.68,0.0,$1.98,15.33,$0.03B,$0.02B,1.3,$0.20B,$0.23B,0.86,$0.20B,$0.12B,62.56%,$0.20B,$0.03B,15.90%,$0.20B,$0.03B,15.90%,$0.20B,$0.05B,27.18%,$0.20B,$0.04B,18.46%,$0.20B,$0.04B,18.46%,$0.04B,$0.23B,16.67%,$0.04B,$0.23B,16.80%,$0.04B,$0.73B,5.31%,$0.03B,$0.43B,8.14%,$39,$14,$25,$0,$12,$35,$4,$-2,$2,$0,$2,$2,$2,$10,$4,$18,19,$0.12,$0.11,$3,$1,$11,$26,$602,$42,$0,$1,$699,$725,$20,$197,$170,$477,$497,$10,$187,$14,$228,$725,$2,$6,$-1,$5,$1,$0,$-2,$4,$4,$11,$-63,$0,$0,$0,$0,$0,$31,$-32,$18,$0,$18,$1,$1,$-3,$4,$20,$-1,$0,$-3
47,2006-12-31,28.95,$12.48,2.32,$10.21,2.84,$-1.79,0.0,$2.09,13.85,$0.06B,$0.04B,1.59,$0.16B,$0.23B,0.72,$0.19B,$0.12B,63.68%,$0.19B,$0.03B,16.84%,$0.19B,$0.03B,16.84%,$0.19B,$0.05B,27.89%,$0.19B,$0.04B,20.00%,$0.19B,$0.04B,20.00%,$0.04B,$0.23B,18.14%,$0.04B,$0.23B,18.38%,$0.04B,$0.71B,5.88%,$0.03B,$0.39B,8.86%,$45,$16,$29,$0,$13,$38,$7,$12,$19,$0,$19,$19,$19,$12,$7,$18,19,$1.05,$1.02,$4,$1,$42,$60,$547,$44,$0,$1,$646,$707,$38,$164,$166,$440,$478,$10,$187,$16,$228,$707,$39,$21,$-5,$16,$-2,$0,$1,$-9,$-10,$44,$-37,$0,$4,$0,$0,$0,$-32,$-65,$14,$0,$14,$0,$0,$-10,$11,$15,$-6,$0,$-10
