,Date,Stock Price,Book Value per Share,Price to Book Ratio,TTM Sales per Share,Price to Sales Ratio,TTM FCF per Share,Price to FCF Ratio,TTM Net EPS,PE Ratio,Current Assets,Current Liabilities,Current Ratio,Long Term Debt,Shareholder's Equity_x,Debt to Equity Ratio,TTM Revenue_x,TTM Gross Profit,Gross Margin,TTM Revenue_y,TTM Operating Income,Operating Margin,TTM Revenue_x,TTM EBIT,EBIT Margin,TTM Revenue_y,TTM EBITDA,EBITDA Margin,TTM Revenue_x,TTM Pre-Tax Income,Pre-Tax Margin,TTM Revenue_y,TTM Net Income_x,Net Margin,TTM Net Income_y,Shareholder's Equity_y,Return on Equity,TTM Net Income_x,Tangible Equity,Return on Tangible Equity,TTM Net Income_y,Total Assets,Return on Assets,TTM Net Income,LT Investments & Debt,Return on Investment,revenue,cost-goods-sold,gross-profit,research-development-expenses,selling-general-administrative-expenses,operating-expenses,operating-income,total-non-operating-income-expense,pre-tax-income,total-provision-income-taxes,income-after-taxes,income-from-continuous-operations,net-income,ebitda,ebit,basic-shares-outstanding,shares-outstanding,eps-basic-net-earnings-per-share,eps-earnings-per-share-diluted,cash-on-hand,inventory,other-current-assets,total-current-assets,net-property-plant-equipment,long-term-investments,goodwill-intangible-assets-total,other-long-term-assets,total-long-term-assets,total-assets,total-current-liabilities,long-term-debt,other-non-current-liabilities,total-long-term-liabilities,total-liabilities,common-stock-net,retained-earnings-accumulated-deficit,comprehensive-income,total-share-holder-equity,total-liabilities-share-holders-equity,net-income-loss,total-depreciation-amortization-cash-flow,other-non-cash-items,total-non-cash-items,change-in-accounts-receivable,change-in-inventories,change-in-accounts-payable,change-in-assets-liabilities,total-change-in-assets-liabilities,cash-flow-from-operating-activities,net-change-in-property-plant-equipment,net-change-in-intangible-assets,net-acquisitions-divestitures,net-change-in-short-term-investments,net-change-in-long-term-investments,net-change-in-investments-total,investing-activities-other,cash-flow-from-investing-activities,net-long-term-debt,net-current-debt,debt-issuance-retirement-net-total,net-common-equity-issued-repurchased,net-total-equity-issued-repurchased,total-common-preferred-stock-dividends-paid,financial-activities-other,cash-flow-from-financial-activities,net-cash-flow,stock-based-compensation,common-stock-dividends-paid
0,2018-06-30,23.32,$25.89,0.9,$26.13,0.89,$5.30,4.4,$5.45,4.28,$7.03B,$5.18B,1.36,$5.94B,$18.82B,0.32,$16.61B,$13.92B,83.79%,$16.61B,$1.29B,7.78%,$16.61B,$1.29B,7.78%,$16.61B,$1.29B,7.78%,$16.61B,$3.81B,22.95%,$16.61B,$2.86B,17.23%,$2.86B,$18.82B,16.65%,$2.86B,$14.05B,23.29%,$2.86B,$32.70B,9.23%,$1.29B,$24.76B,5.69%,$3739,$625,$3114,$0,$581,$3427,$312,$735,$1047,$224,$823,$823,$817,$312,$312,$635,635,$1.29,$1.29,$2116,$233,$163,$7033,$8581,$10911,$4766,$1055,$25670,$32703,$5183,$5944,$1127,$8702,$13885,$40,$18679,$0,$18818,$32703,$1447,$0,$553,$553,$257,$14,$-55,$-130,$-13,$1987,$-968,$-35,$-34,$-100,$169,$69,$97,$-871,$-131,$-77,$-208,$0,$0,$-572,$-34,$-814,$305,$0,$-572
1,2018-03-31,24.17,$24.75,0.98,$26.40,0.92,$4.73,5.12,$4.97,4.86,$7.62B,$6.20B,1.23,$5.70B,$17.99B,0.32,$16.78B,$13.68B,81.54%,$16.78B,$1.00B,5.95%,$16.78B,$1.00B,5.95%,$16.78B,$1.00B,5.95%,$16.78B,$3.44B,20.49%,$16.78B,$2.60B,15.49%,$2.60B,$17.99B,16.01%,$2.60B,$13.16B,23.11%,$2.60B,$32.52B,8.74%,$1.00B,$23.69B,4.63%,$3763,$636,$3128,$0,$585,$3470,$293,$523,$816,$192,$624,$624,$625,$293,$293,$635,635,$0.98,$0.98,$2277,$229,$141,$7624,$8684,$10057,$4833,$1066,$24897,$32521,$6195,$5700,$1120,$8337,$14532,$40,$17858,$0,$17989,$32521,$624,$0,$408,$408,$-53,$16,$-301,$341,$-143,$889,$-563,$-24,$8,$47,$-4,$44,$46,$-489,$77,$-90,$-13,$0,$0,$0,$-1,$-14,$385,$0,$0
2,2017-12-31,27.91,$25.51,1.09,$24.85,1.12,$4.82,5.79,$4.75,5.88,$5.58B,$6.40B,0.87,$5.23B,$16.23B,0.32,$15.80B,$13.00B,82.32%,$15.80B,$1.10B,6.97%,$15.80B,$1.10B,6.97%,$15.80B,$1.10B,6.97%,$15.80B,$3.06B,19.40%,$15.80B,$2.32B,14.71%,$2.32B,$16.23B,15.60%,$2.32B,$11.27B,22.99%,$2.32B,$30.09B,8.55%,$1.10B,$21.45B,5.53%,$5108,$723,$4385,$0,$975,$4774,$334,$1072,$1045,$275,$770,$770,$704,$334,$334,$636,636,$1.11,$1.11,$1997,$245,$57,$5582,$9130,$9612,$4952,$385,$24504,$30086,$6398,$5227,$1353,$7461,$13860,$40,$16052,$0,$16226,$30086,$2392,$0,$1314,$1314,$-102,$-16,$98,$-319,$-235,$3470,$-2418,$-123,$2,$-352,$-71,$-423,$198,$-2764,$-79,$115,$36,$0,$0,$-635,$-144,$-744,$-43,$0,$-635
3,2017-09-30,23.79,$24.75,0.96,$25.41,0.94,$5.68,4.19,$3.44,6.92,$5.41B,$5.75B,0.94,$5.22B,$15.73B,0.33,$16.15B,$12.90B,79.90%,$16.15B,$0.81B,4.99%,$16.15B,$0.81B,4.99%,$16.15B,$0.81B,4.99%,$16.15B,$2.59B,16.02%,$16.15B,$2.12B,13.10%,$2.12B,$15.73B,14.62%,$2.12B,$10.68B,21.96%,$2.12B,$28.73B,7.92%,$0.81B,$20.95B,4.11%,$3998,$710,$3289,$0,$574,$3645,$353,$550,$904,$190,$714,$714,$716,$353,$353,$635,635,$1.13,$1.13,$1962,$224,$163,$5407,$8641,$8906,$5047,$386,$23324,$28731,$5749,$5220,$1386,$7254,$13003,$40,$15518,$0,$15728,$28731,$1797,$0,$972,$972,$121,$7,$-125,$-155,$-120,$2649,$-1675,$-63,$-23,$-266,$-9,$-275,$138,$-1898,$-180,$70,$-110,$0,$0,$-635,$-29,$-775,$-52,$0,$-635
4,2017-06-30,24.84,$23.62,1.05,$25.07,0.99,$5.96,4.17,$2.80,8.87,$5.21B,$5.48B,0.95,$5.30B,$15.01B,0.35,$15.97B,$12.74B,79.76%,$15.97B,$0.84B,5.23%,$15.97B,$0.84B,5.23%,$15.97B,$0.84B,5.23%,$15.97B,$2.07B,12.96%,$15.97B,$1.69B,10.60%,$1.69B,$15.01B,12.06%,$1.69B,$9.89B,18.17%,$1.69B,$27.70B,6.46%,$0.84B,$20.30B,4.32%,$3911,$1030,$2881,$0,$530,$3892,$19,$293,$674,$115,$558,$558,$555,$19,$19,$635,635,$0.87,$0.87,$1789,$237,$66,$5213,$8616,$8140,$5115,$394,$22487,$27700,$5480,$5296,$1366,$7213,$12692,$40,$14862,$0,$15008,$27700,$1084,$0,$768,$768,$116,$-3,$-463,$134,$-220,$1631,$-980,$-46,$0,$-242,$106,$-135,$87,$-1075,$-182,$25,$-157,$0,$0,$-572,$-65,$-794,$-241,$0,$-572
5,2017-03-31,24.27,$19.88,1.22,$23.29,1.04,$6.58,3.69,$2.33,10.42,$3.28B,$4.12B,0.8,$4.25B,$12.64B,0.34,$14.84B,$12.27B,82.71%,$14.84B,$1.25B,8.40%,$14.84B,$1.25B,8.40%,$14.84B,$1.25B,8.40%,$14.84B,$1.74B,11.71%,$14.84B,$1.39B,9.33%,$1.39B,$12.64B,10.34%,$1.39B,$8.58B,14.91%,$1.39B,$22.25B,5.66%,$1.25B,$16.89B,6.71%,$2779,$331,$2448,$0,$161,$2384,$395,$45,$441,$91,$349,$349,$349,$395,$395,$635,635,$0.55,$0.55,$1027,$22,$29,$3279,$6193,$8488,$4053,$178,$18972,$22251,$4121,$4250,$1245,$5495,$9616,$40,$12284,$0,$12635,$22251,$349,$0,$508,$508,$214,$7,$-312,$130,$-51,$806,$-420,$-4,$0,$-3,$-37,$-39,$43,$-420,$-273,$0,$-273,$0,$0,$0,$0,$-273,$113,$0,$0
6,2016-12-31,20.14,$22.82,0.88,$24.24,0.83,$6.38,3.16,$2.21,9.11,$5.40B,$5.80B,0.93,$5.83B,$14.51B,0.4,$15.44B,$12.57B,81.42%,$15.44B,$1.17B,7.60%,$15.44B,$1.17B,7.60%,$15.44B,$1.17B,7.60%,$15.44B,$1.89B,12.21%,$15.44B,$1.49B,9.67%,$1.49B,$14.51B,11.27%,$1.49B,$9.37B,15.97%,$1.49B,$28.17B,6.07%,$1.17B,$20.34B,6.26%,$5458,$1175,$4283,$0,$939,$5418,$39,$528,$567,$77,$491,$491,$495,$39,$39,$635,635,$0.78,$0.78,$1873,$234,$58,$5397,$9337,$7604,$5138,$404,$22771,$28168,$5800,$5831,$1601,$7863,$13663,$40,$14358,$0,$14505,$28168,$1494,$0,$2312,$2312,$-322,$1,$353,$-175,$12,$3819,$-2221,$-557,$-21,$-21,$415,$394,$190,$-2216,$-90,$-232,$-322,$0,$0,$-635,$17,$-940,$663,$0,$-635
7,2016-09-30,20.9,$21.79,0.96,$22.02,0.95,$5.78,3.62,$1.95,10.72,$5.20B,$4.85B,1.07,$5.84B,$13.99B,0.42,$13.93B,$13.25B,95.17%,$13.93B,$1.50B,10.74%,$13.93B,$1.50B,10.74%,$13.93B,$1.50B,10.74%,$13.93B,$1.66B,11.88%,$13.93B,$1.26B,9.08%,$1.26B,$13.99B,9.70%,$1.26B,$9.40B,13.33%,$1.26B,$26.60B,5.29%,$1.50B,$19.83B,8.09%,$3819,$696,$3123,$0,$497,$3438,$382,$6,$388,$98,$290,$290,$293,$382,$382,$642,642,$0.46,$0.46,$1426,$247,$95,$5200,$8811,$7292,$4591,$406,$21400,$26600,$4854,$5841,$1482,$7756,$12610,$40,$13922,$0,$13990,$26600,$1067,$0,$1803,$1803,$-438,$-6,$-72,$-103,$-431,$2439,$-1276,$-357,$-4,$-76,$149,$73,$103,$-1461,$-60,$-233,$-293,$0,$0,$-635,$36,$-892,$81,$0,$-635
8,2016-06-30,19.35,$19.55,0.99,$21.94,0.88,$5.27,3.67,$2.02,9.58,$3.20B,$3.03B,1.06,$4.81B,$12.42B,0.39,$13.94B,$12.85B,92.18%,$13.94B,$1.56B,11.16%,$13.94B,$1.56B,11.16%,$13.94B,$1.56B,11.16%,$13.94B,$1.77B,12.67%,$13.94B,$1.32B,9.43%,$1.32B,$12.42B,10.08%,$1.32B,$9.82B,13.53%,$1.32B,$20.86B,5.56%,$1.56B,$17.24B,8.42%,$2783,$364,$2419,$0,$189,$2352,$430,$-88,$342,$87,$256,$256,$248,$430,$430,$635,635,$0.39,$0.39,$969,$33,$72,$3204,$6122,$8685,$2602,$176,$17660,$20864,$3034,$4814,$552,$5407,$8441,$40,$12089,$0,$12423,$20864,$600,$0,$1060,$1060,$-384,$7,$223,$-12,$-166,$1493,$-449,$-13,$0,$-285,$-35,$-319,$79,$-703,$189,$-207,$-18,$0,$0,$-572,$-8,$-597,$193,$0,$-572
9,2016-03-31,18.56,$19.03,0.98,$23.40,0.79,$4.07,4.56,$2.18,8.51,$4.65B,$4.28B,1.08,$5.42B,$12.09B,0.45,$14.99B,$13.07B,87.19%,$14.99B,$1.50B,9.99%,$14.99B,$1.50B,9.99%,$14.99B,$1.50B,9.99%,$14.99B,$1.89B,12.60%,$14.99B,$1.42B,9.49%,$1.42B,$12.09B,10.63%,$1.42B,$8.82B,14.58%,$1.42B,$22.79B,5.75%,$1.50B,$17.51B,7.90%,$3383,$634,$2749,$0,$452,$3061,$322,$267,$589,$131,$458,$458,$457,$322,$322,$635,635,$0.72,$0.72,$1335,$223,$93,$4645,$7938,$6511,$3276,$361,$18148,$22792,$4284,$5421,$606,$6416,$10700,$36,$11953,$0,$12092,$22792,$311,$0,$468,$468,$-276,$-0,$58,$44,$-240,$539,$-279,$-6,$0,$-76,$-19,$-95,$26,$-354,$-42,$-187,$-230,$0,$0,$0,$0,$-230,$-45,$0,$0
10,2015-12-31,18.54,$0.00,0.0,$24.23,0.77,$3.50,5.3,$2.15,8.62,$4.57B,$4.66B,0.98,$5.81B,$13.62B,0.43,$15.54B,$12.61B,81.17%,$15.54B,$1.65B,10.64%,$15.54B,$1.65B,10.64%,$15.54B,$1.65B,10.64%,$15.54B,$1.80B,11.60%,$15.54B,$1.38B,8.87%,$1.38B,$13.62B,10.01%,$1.38B,$9.89B,13.81%,$1.38B,$25.32B,5.44%,$1.65B,$19.43B,8.54%,$3941,$-1021,$4962,$0,$3984,$3580,$362,$187,$336,$93,$243,$266,$266,$362,$362,$619,619,$0.43,$0.43,$1375,$242,$232,$4572,$0,$7350,$3733,$464,$11562,$25323,$4657,$5813,$755,$7044,$11702,$40,$13297,$0,$13621,$25323,$1343,$0,$0,$0,$0,$0,$0,$0,$-608,$3347,$-2164,$0,$-12,$0,$0,$-617,$240,$-2552,$0,$-97,$480,$0,$-434,$-592,$-211,$-855,$-58,$0,$0
11,2015-09-30,21.54,$0.00,0.0,$23.81,0.9,$7.29,2.96,$2.41,8.94,$5.02B,$4.71B,1.07,$5.67B,$14.07B,0.4,$15.46B,$12.14B,78.51%,$15.46B,$0.39B,2.50%,$15.46B,$0.39B,2.50%,$15.46B,$0.39B,2.50%,$15.46B,$2.18B,14.10%,$15.46B,$1.56B,10.11%,$1.56B,$14.07B,11.03%,$1.56B,$10.35B,15.30%,$1.56B,$25.70B,6.02%,$0.39B,$19.74B,1.95%,$3835,$1113,$2722,$0,$1633,$3394,$442,$58,$499,$156,$344,$344,$344,$442,$442,$654,654,$0.53,$0.53,$1522,$245,$260,$5016,$0,$7315,$3719,$479,$11533,$25703,$4710,$5673,$814,$6922,$11632,$40,$13254,$0,$14070,$25703,$1100,$0,$0,$0,$0,$0,$0,$0,$-624,$2380,$-1528,$0,$123,$0,$0,$2,$-46,$-1450,$0,$445,$-12,$0,$0,$-602,$-378,$-547,$386,$0,$0
12,2015-06-30,21.89,$0.00,0.0,$23.01,0.95,$5.61,3.9,$2.33,9.39,$4.66B,$4.78B,0.98,$5.42B,$13.79B,0.39,$14.86B,$10.95B,73.67%,$14.86B,$-0.57B,-3.86%,$14.86B,$-0.57B,-3.86%,$14.86B,$-0.57B,-3.86%,$14.86B,$2.33B,15.69%,$14.86B,$1.51B,10.14%,$1.51B,$13.79B,10.56%,$1.51B,$9.98B,14.76%,$1.51B,$25.24B,5.72%,$-0.57B,$19.20B,-2.90%,$3830,$1194,$2636,$0,$1631,$3459,$372,$92,$464,$106,$358,$356,$356,$372,$372,$656,656,$0.54,$0.54,$1312,$255,$240,$4662,$0,$7034,$3806,$485,$11348,$25237,$4778,$5417,$796,$6674,$11452,$40,$12979,$0,$13786,$25237,$757,$0,$0,$0,$0,$0,$0,$0,$-708,$1273,$-980,$0,$-73,$0,$0,$111,$-42,$-985,$0,$0,$436,$0,$0,$-536,$-197,$-297,$-4,$0,$0
13,2015-03-31,23.93,$0.00,0.0,$23.60,1.01,$7.50,3.19,$2.53,9.46,$4.71B,$4.79B,0.98,$5.44B,$13.57B,0.4,$15.21B,$10.78B,70.86%,$15.21B,$-0.03B,-0.22%,$15.21B,$-0.03B,-0.22%,$15.21B,$-0.03B,-0.22%,$15.21B,$2.46B,16.17%,$15.21B,$1.63B,10.75%,$1.63B,$13.57B,11.46%,$1.63B,$9.70B,16.17%,$1.63B,$25.04B,6.15%,$-0.03B,$19.01B,-0.17%,$3931,$1640,$2291,$0,$1191,$3454,$477,$142,$504,$106,$398,$412,$412,$477,$477,$638,638,$0.65,$0.65,$1228,$266,$401,$4706,$0,$6591,$3874,$485,$10972,$25042,$4791,$5438,$833,$6681,$11473,$40,$12627,$0,$13569,$25042,$398,$0,$0,$0,$0,$0,$0,$0,$-571,$419,$-521,$0,$-17,$0,$0,$-89,$96,$-531,$0,$23,$457,$0,$0,$0,$-453,$27,$-95,$0,$0
14,2014-12-31,23.76,$0.00,0.0,$23.91,0.99,$7.29,3.26,$2.30,10.33,$5.08B,$5.42B,0.94,$5.80B,$15.25B,0.38,$15.40B,$12.06B,78.31%,$15.40B,$0.06B,0.40%,$15.40B,$0.06B,0.40%,$15.40B,$0.06B,0.40%,$15.40B,$2.25B,14.63%,$15.40B,$1.49B,9.66%,$1.49B,$15.25B,10.64%,$1.49B,$10.85B,15.16%,$1.49B,$27.94B,5.68%,$0.06B,$21.05B,0.32%,$3860,$-626,$4486,$0,$4574,$4765,$-905,$552,$712,$157,$556,$451,$451,$-905,$-905,$649,649,$0.69,$0.69,$1428,$268,$231,$5083,$0,$7340,$4402,$524,$12290,$27941,$5420,$5799,$1030,$7273,$12693,$45,$14189,$0,$15248,$27941,$1799,$0,$0,$0,$0,$0,$0,$0,$-707,$3677,$25,$0,$-124,$0,$0,$-174,$-3410,$-3683,$0,$-23,$-1040,$0,$0,$-667,$1171,$-559,$-564,$0,$0
15,2014-09-30,26.69,$0.00,0.0,$24.18,1.1,$2.59,10.3,$2.06,12.96,$5.63B,$5.94B,0.95,$5.25B,$14.45B,0.36,$15.49B,$9.07B,58.55%,$15.49B,$1.40B,9.06%,$15.49B,$1.40B,9.06%,$15.49B,$-0.49B,-3.16%,$15.49B,$1.90B,12.25%,$15.49B,$1.33B,8.55%,$1.33B,$14.45B,9.87%,$1.33B,$10.30B,14.21%,$1.33B,$27.13B,5.23%,$1.40B,$19.70B,7.69%,$3238,$1703,$1534,$0,$1392,$3754,$-517,$127,$652,$132,$520,$287,$287,$-517,$-517,$638,638,$0.45,$0.45,$1685,$232,$186,$5625,$0,$6852,$4154,$462,$11493,$27131,$5942,$5249,$1136,$6740,$12682,$44,$13442,$0,$14449,$27131,$1270,$0,$0,$0,$0,$0,$0,$0,$-874,$2254,$-2496,$0,$0,$0,$0,$261,$0,$-2235,$0,$-1390,$1307,$0,$0,$0,$0,$-83,$1435,$0,$0
16,2014-06-30,22.82,$0.00,0.0,$24.95,0.91,$3.71,6.15,$2.32,9.84,$5.43B,$5.98B,0.91,$5.10B,$13.78B,0.37,$15.97B,$10.73B,67.23%,$15.97B,$2.42B,15.13%,$15.97B,$2.42B,15.13%,$15.97B,$2.42B,15.13%,$15.97B,$1.63B,10.22%,$15.97B,$1.49B,9.35%,$1.49B,$13.78B,11.55%,$1.49B,$9.59B,16.86%,$1.49B,$26.22B,6.12%,$2.42B,$18.87B,13.74%,$4176,$1712,$2464,$0,$903,$3264,$912,$-322,$590,$107,$483,$484,$484,$912,$912,$649,649,$0.74,$0.74,$1655,$388,$168,$5425,$0,$6375,$4188,$448,$11037,$26217,$5978,$5096,$1094,$6462,$12440,$43,$12857,$0,$13777,$26217,$742,$0,$0,$0,$0,$0,$0,$0,$-689,$1335,$184,$0,$-1292,$0,$0,$0,$-300,$-1408,$0,$0,$1212,$0,$0,$-578,$-625,$9,$-65,$0,$0
17,2014-03-31,19.85,$0.00,0.0,$24.48,0.81,$1.80,11.05,$2.25,8.82,$4.30B,$5.66B,0.76,$4.28B,$12.44B,0.34,$15.54B,$11.52B,74.11%,$15.54B,$2.00B,12.89%,$15.54B,$2.00B,12.89%,$15.54B,$2.00B,12.89%,$15.54B,$1.58B,10.19%,$15.54B,$1.43B,9.19%,$1.43B,$12.44B,11.44%,$1.43B,$8.49B,16.81%,$1.43B,$23.46B,6.07%,$2.00B,$16.72B,11.71%,$4126,$550,$3576,$0,$2414,$3555,$572,$72,$299,$59,$241,$265,$265,$572,$572,$638,638,$0.42,$0.42,$1290,$170,$167,$4304,$0,$5863,$3948,$352,$10187,$23461,$5655,$4276,$881,$5363,$11018,$40,$11495,$0,$12442,$23461,$241,$0,$0,$0,$0,$0,$0,$0,$-508,$351,$-586,$0,$-19,$0,$0,$56,$0,$-548,$0,$0,$272,$0,$0,$0,$-372,$-101,$-298,$0,$0
18,2013-12-31,21.66,$0.00,0.0,$24.12,0.9,$2.39,9.04,$2.36,9.18,$4.71B,$5.58B,0.84,$4.61B,$13.03B,0.35,$15.24B,$11.23B,73.71%,$15.24B,$1.81B,11.89%,$15.24B,$1.81B,11.89%,$15.24B,$1.81B,11.89%,$15.24B,$1.68B,11.04%,$15.24B,$1.49B,9.79%,$1.49B,$13.03B,12.18%,$1.49B,$8.91B,18.14%,$1.49B,$24.45B,6.33%,$1.81B,$17.65B,10.58%,$3951,$2456,$1496,$0,$414,$3515,$436,$-118,$356,$83,$272,$289,$289,$-1456,$436,$636,636,$0.45,$0.45,$1744,$163,$138,$4714,$0,$5904,$4125,$303,$10356,$24450,$5584,$4613,$1065,$5833,$11417,$41,$12054,$0,$13033,$24450,$1481,$0,$0,$0,$0,$0,$0,$0,$-892,$3274,$-2637,$0,$111,$0,$0,$220,$0,$-2306,$0,$-313,$397,$0,$0,$-603,$-8,$-527,$440,$0,$0
19,2013-09-30,19.43,$0.00,0.0,$17.91,1.08,$1.39,13.94,$1.91,10.17,$4.84B,$5.09B,0.95,$4.67B,$12.41B,0.38,$15.11B,$13.11B,86.72%,$15.11B,$1.77B,11.73%,$15.11B,$1.77B,11.73%,$15.11B,$1.97B,13.01%,$15.11B,$1.93B,12.74%,$15.11B,$1.79B,11.87%,$1.79B,$12.41B,15.13%,$1.79B,$8.41B,22.78%,$1.79B,$23.34B,7.74%,$1.77B,$17.07B,10.57%,$3712,$514,$3198,$0,$2101,$3216,$496,$-110,$387,$89,$297,$299,$454,$2388,$496,$635,635,$0.71,$0.71,$1908,$159,$157,$4843,$0,$5735,$3997,$284,$10047,$23340,$5088,$4670,$1121,$5847,$10935,$40,$11507,$0,$12405,$23340,$1184,$1892,$0,$1892,$0,$0,$0,$0,$-1090,$1964,$-1493,$0,$146,$0,$0,$231,$-83,$-1201,$0,$-468,$813,$0,$0,$-592,$-15,$-263,$495,$0,$0
20,2013-06-30,17.4,$0.00,0.0,$17.91,0.97,$2.00,8.7,$1.45,12.0,$4.71B,$5.12B,0.92,$4.90B,$12.04B,0.41,$15.07B,$12.95B,85.94%,$15.07B,$1.55B,10.25%,$15.07B,$1.55B,10.25%,$15.07B,$1.55B,10.25%,$15.07B,$1.71B,11.36%,$15.07B,$1.50B,9.94%,$1.50B,$12.04B,12.98%,$1.50B,$8.17B,19.80%,$1.50B,$22.89B,6.48%,$1.55B,$16.94B,9.18%,$3748,$503,$3245,$0,$2140,$3250,$498,$43,$541,$120,$421,$420,$420,$498,$498,$629,629,$0.67,$0.67,$1730,$162,$173,$4708,$0,$5550,$3873,$275,$9737,$22893,$5120,$4900,$834,$5734,$10854,$40,$11118,$0,$12039,$22893,$732,$0,$0,$0,$0,$0,$0,$0,$-797,$1237,$-971,$0,$-138,$0,$0,$452,$-46,$-702,$0,$-486,$815,$0,$0,$-529,$-11,$-211,$326,$0,$0
21,2013-03-31,15.21,$0.00,0.0,$17.22,0.88,$2.60,5.86,$0.97,15.69,$4.73B,$5.85B,0.81,$5.37B,$11.50B,0.47,$14.90B,$12.78B,85.80%,$14.90B,$1.46B,9.81%,$14.90B,$1.46B,9.81%,$14.90B,$1.46B,9.81%,$14.90B,$1.44B,9.67%,$14.90B,$1.21B,8.10%,$1.21B,$11.50B,10.72%,$1.21B,$7.42B,16.63%,$1.21B,$23.63B,5.24%,$1.46B,$16.87B,8.72%,$3825,$533,$3292,$0,$2314,$3443,$382,$16,$398,$76,$322,$329,$329,$382,$382,$627,627,$0.53,$0.53,$1549,$191,$270,$4726,$0,$5402,$4083,$408,$9972,$23630,$5847,$5365,$917,$6281,$12128,$42,$11058,$0,$11502,$23630,$322,$0,$0,$0,$0,$0,$0,$0,$-366,$627,$-483,$0,$-19,$0,$0,$450,$-102,$-154,$0,$-560,$283,$0,$0,$0,$-7,$-284,$190,$0,$0
22,2012-12-31,13.48,$0.00,0.0,$16.73,0.81,$3.34,4.03,$0.86,15.67,$4.71B,$5.50B,0.86,$4.76B,$11.44B,0.42,$14.60B,$12.51B,85.72%,$14.60B,$1.48B,10.14%,$14.60B,$1.48B,10.14%,$14.60B,$1.48B,10.14%,$14.60B,$1.38B,9.46%,$14.60B,$1.15B,7.87%,$1.15B,$11.44B,10.33%,$1.15B,$7.49B,16.17%,$1.15B,$22.78B,5.00%,$1.48B,$16.20B,8.87%,$3826,$456,$3370,$0,$2377,$3429,$397,$202,$599,$116,$483,$483,$590,$-1302,$397,$0,0,$0.00,$0.00,$1330,$216,$833,$4712,$0,$4972,$3946,$371,$9399,$22780,$5496,$4760,$1084,$5844,$11339,$40,$10791,$0,$11441,$22780,$2928,$0,$0,$0,$0,$0,$0,$0,$182,$3560,$0,$0,$103,$0,$0,$-4828,$0,$-4726,$0,$-55,$1203,$0,$0,$-583,$-44,$521,$-650,$0,$0
23,2012-09-30,11.76,$0.00,0.0,$16.73,0.7,$3.34,3.52,$0.86,13.67,$4.84B,$4.73B,1.03,$6.10B,$11.18B,0.55,$14.48B,$12.09B,83.44%,$14.48B,$1.36B,9.37%,$14.48B,$1.36B,9.37%,$14.48B,$3.06B,21.10%,$14.48B,$1.04B,7.17%,$14.48B,$0.75B,5.16%,$0.75B,$11.18B,6.70%,$0.75B,$7.19B,10.60%,$0.75B,$23.19B,3.27%,$1.36B,$17.28B,8.31%,$3672,$627,$3045,$0,$2230,$3404,$268,$-94,$174,$18,$156,$159,$159,$1967,$268,$627,627,$0.25,$0.25,$1537,$212,$875,$4844,$0,$5290,$3987,$854,$10273,$23192,$4728,$6103,$1184,$7287,$12015,$40,$10334,$0,$11177,$23192,$531,$1699,$0,$1699,$0,$0,$0,$0,$431,$2745,$-1900,$0,$79,$0,$0,$-2451,$97,$-4174,$0,$-130,$1921,$0,$0,$0,$-788,$1003,$-430,$0,$0
24,2012-06-30,9.78,$0.00,0.0,$16.17,0.61,$5.47,1.79,$1.11,8.81,$4.14B,$4.63B,0.89,$5.81B,$10.88B,0.54,$14.25B,$12.00B,84.21%,$14.25B,$1.58B,11.08%,$14.25B,$1.58B,11.08%,$14.25B,$1.58B,11.08%,$14.25B,$1.29B,9.04%,$14.25B,$0.92B,6.42%,$0.92B,$10.88B,8.30%,$0.92B,$6.90B,12.86%,$0.92B,$22.42B,4.17%,$1.58B,$16.69B,10.30%,$3574,$498,$3075,$0,$2160,$3159,$415,$-58,$270,$58,$213,$238,$128,$415,$415,$629,679,$0.20,$0.19,$1513,$197,$290,$4136,$0,$5351,$3980,$1135,$10656,$22423,$4630,$5814,$1103,$6917,$11547,$39,$10006,$0,$10876,$22423,$366,$0,$0,$0,$0,$0,$0,$0,$172,$1742,$-1050,$0,$-2704,$0,$0,$-2672,$3195,$-3231,$0,$73,$1529,$0,$0,$0,$-524,$1078,$-412,$0,$0
25,2012-03-31,11.19,$0.00,0.0,$16.66,0.67,$7.27,1.54,$1.59,7.04,$4.91B,$5.82B,0.84,$5.58B,$10.95B,0.51,$14.47B,$12.21B,84.39%,$14.47B,$1.78B,12.32%,$14.47B,$1.78B,12.32%,$14.47B,$1.78B,12.32%,$14.47B,$1.63B,11.24%,$14.47B,$1.23B,8.47%,$1.23B,$10.95B,10.89%,$1.23B,$6.82B,16.27%,$1.23B,$23.46B,5.67%,$1.78B,$16.54B,12.03%,$3523,$502,$3021,$0,$2101,$3123,$400,$-62,$338,$72,$266,$271,$271,$400,$400,$627,627,$0.43,$0.42,$2296,$163,$255,$4910,$0,$5438,$4137,$881,$10633,$23464,$5818,$5582,$1111,$6693,$12511,$39,$10040,$0,$10953,$23464,$265,$0,$0,$0,$0,$0,$0,$0,$128,$1079,$-467,$0,$78,$0,$0,$-57,$-2359,$-2806,$0,$389,$1732,$0,$0,$0,$-288,$1833,$105,$0,$0
26,2011-12-31,10.95,$0.00,0.0,$16.62,0.66,$8.04,1.36,$1.92,5.7,$5.63B,$6.14B,0.92,$3.23B,$11.59B,0.28,$14.51B,$12.29B,84.72%,$14.51B,$1.94B,13.39%,$14.51B,$1.94B,13.39%,$14.51B,$1.94B,13.39%,$14.51B,$1.99B,13.72%,$14.51B,$1.45B,9.99%,$1.45B,$11.59B,12.81%,$1.45B,$7.27B,18.51%,$1.45B,$22.24B,6.90%,$1.94B,$14.83B,13.64%,$3715,$770,$2945,$0,$2102,$3441,$274,$-17,$257,$66,$191,$191,$189,$274,$274,$0,0,$0.00,$0.00,$2462,$200,$443,$5633,$0,$2672,$4319,$1155,$8145,$22242,$6136,$3233,$1280,$4513,$10650,$41,$10595,$0,$11593,$22242,$1366,$0,$0,$0,$0,$0,$0,$0,$1882,$5444,$-2525,$0,$-14,$0,$0,$-24,$-1096,$-3659,$0,$150,$-308,$0,$-180,$-577,$-17,$-932,$856,$0,$0
27,2011-09-30,10.82,$0.00,0.0,$16.62,0.65,$8.04,1.35,$1.92,5.64,$5.75B,$5.64B,1.02,$2.64B,$10.65B,0.25,$10.79B,$9.35B,86.59%,$10.79B,$1.67B,15.46%,$10.79B,$1.67B,15.46%,$10.79B,$1.67B,15.46%,$10.79B,$1.73B,16.06%,$10.79B,$1.26B,11.67%,$1.26B,$10.65B,11.27%,$1.26B,$7.47B,15.87%,$1.26B,$19.60B,6.17%,$1.67B,$13.29B,11.81%,$3442,$480,$2962,$0,$1949,$2952,$490,$-65,$424,$102,$323,$325,$327,$490,$490,$634,651,$0.52,$0.50,$2354,$149,$465,$5749,$0,$2691,$3178,$842,$6898,$19598,$5644,$2642,$664,$3306,$8950,$38,$9689,$0,$10648,$19598,$1174,$0,$0,$0,$0,$0,$0,$0,$1055,$3732,$-1469,$0,$-48,$0,$0,$-273,$-104,$-1893,$0,$-719,$-719,$0,$-176,$-566,$1245,$-936,$906,$0,$0
28,2011-06-30,14.39,$0.00,0.0,$15.22,0.95,$4.56,3.15,$1.87,7.69,$5.72B,$5.82B,0.98,$2.84B,$11.82B,0.24,$9.88B,$8.92B,90.21%,$9.88B,$3.71B,37.53%,$9.88B,$3.71B,37.53%,$9.88B,$3.71B,37.53%,$9.88B,$3.84B,38.85%,$9.88B,$1.23B,12.46%,$1.23B,$11.82B,14.46%,$1.23B,$8.59B,20.27%,$1.23B,$21.21B,7.92%,$3.71B,$14.66B,34.31%,$3790,$507,$3283,$0,$2109,$3171,$619,$-11,$608,$171,$437,$439,$439,$619,$619,$640,658,$0.69,$0.67,$1679,$160,$322,$5719,$0,$3194,$3236,$914,$7477,$21206,$5816,$2836,$734,$3569,$9385,$42,$10434,$0,$11821,$21206,$940,$0,$0,$0,$0,$0,$0,$0,$901,$2947,$-1091,$0,$-153,$0,$0,$140,$-360,$-1463,$0,$-38,$-598,$0,$6,$560,$-1137,$-1207,$280,$0,$0
29,2011-03-31,14.41,$0.00,0.0,$13.50,1.07,$1.74,8.26,$1.63,8.84,$6.11B,$6.22B,0.98,$2.99B,$11.20B,0.27,$8.76B,$8.30B,94.75%,$8.76B,$5.76B,65.73%,$8.76B,$5.76B,65.73%,$8.76B,$5.76B,65.73%,$8.76B,$5.90B,67.34%,$8.76B,$1.08B,12.28%,$1.08B,$11.20B,19.36%,$1.08B,$7.98B,27.40%,$1.08B,$20.90B,10.51%,$5.76B,$14.19B,80.56%,$3562,$460,$3102,$0,$2018,$3003,$560,$141,$701,$211,$490,$494,$494,$560,$560,$639,639,$0.77,$0.75,$1997,$141,$295,$6109,$0,$3149,$3219,$1008,$7477,$20904,$6215,$2992,$499,$3491,$9706,$41,$9718,$0,$11198,$20904,$490,$0,$0,$0,$0,$0,$0,$0,$272,$1373,$-258,$0,$-25,$0,$0,$22,$-12,$-273,$0,$143,$-572,$0,$7,$0,$-14,$-436,$661,$0,$0
30,2010-12-31,14.27,$0.00,0.0,$12.10,1.18,$1.10,13.0,$1.21,11.79,$6.17B,$5.23B,1.18,$3.36B,$11.04B,0.31,$7.94B,$7.94B,100.00%,$7.94B,$7.94B,100.00%,$7.94B,$7.94B,100.00%,$7.94B,$7.94B,100.00%,$7.94B,$7.94B,100.00%,$7.94B,$0.80B,10.09%,$0.80B,$11.04B,14.80%,$0.80B,$7.73B,21.49%,$0.80B,$20.04B,8.01%,$7.94B,$14.40B,107.94%,$0,$0,$0,$0,$0,$0,$0,$0,$0,$0,$0,$0,$0,$0,$0,$0,0,$0.00,$0.00,$1551,$132,$514,$6168,$0,$2470,$3309,$1119,$6911,$20035,$5232,$3363,$311,$3766,$8998,$39,$9379,$0,$11037,$20035,$1147,$2537,$0,$2537,$0,$0,$0,$0,$-264,$3557,$-1813,$0,$0,$0,$0,$501,$-774,$-2086,$0,$-31,$-817,$0,$-186,$-601,$27,$-1608,$-155,$0,$0
31,2010-06-30,10.9,$0.00,0.0,$16.02,0.68,$1.10,9.93,$1.74,6.26,$0.00B,$0.00B,0.0,$0.00B,$0.00B,0.0,$10.54B,$10.54B,100.00%,$10.54B,$10.54B,100.00%,$10.54B,$10.54B,100.00%,$10.54B,$10.54B,100.00%,$10.54B,$10.54B,100.00%,$10.54B,$1.16B,10.96%,$1.16B,$0.00B,43.55%,$1.16B,$0.00B,64.36%,$1.16B,$0.00B,23.17%,$10.54B,$0.00B,280.77%,$2530,$0,$2530,$0,$0,$0,$2530,$0,$2530,$0,$2530,$298,$298,$2530,$2530,$651,651,$0.46,$0.45,$0,$0,$0,$0,$0,$0,$0,$0,$0,$0,$0,$0,$0,$0,$0,$0,$0,$0,$0,$0,$0,$0,$0,$0,$0,$0,$0,$0,$0,$0,$0,$0,$0,$0,$0,$0,$0,$0,$0,$0,$0,$0,$0,$0,$0,$0,$0,$0,$0
32,2010-03-31,12.71,$0.00,0.0,$15.77,0.81,$1.10,11.59,$1.66,7.66,$0.00B,$0.00B,0.0,$0.00B,$0.00B,0.0,$10.42B,$10.42B,100.00%,$10.42B,$10.42B,100.00%,$10.42B,$10.42B,100.00%,$10.42B,$10.42B,100.00%,$10.42B,$10.42B,100.00%,$10.42B,$1.10B,10.58%,$1.10B,$0.00B,41.55%,$1.10B,$0.00B,61.41%,$1.10B,$0.00B,22.10%,$10.42B,$0.00B,277.55%,$2668,$0,$2668,$0,$0,$0,$2668,$0,$2668,$0,$2668,$284,$284,$2668,$2668,$652,660,$0.44,$0.43,$0,$0,$0,$0,$0,$0,$0,$0,$0,$0,$0,$0,$0,$0,$0,$0,$0,$0,$0,$0,$0,$0,$0,$0,$0,$0,$0,$0,$0,$0,$0,$0,$0,$0,$0,$0,$0,$0,$0,$0,$0,$0,$0,$0,$0,$0,$0,$0,$0
33,2009-12-31,11.98,$0.00,0.0,$15.59,0.77,$1.10,10.91,$1.65,7.26,$5.48B,$4.21B,1.3,$4.40B,$10.61B,0.42,$10.29B,$10.29B,100.00%,$10.29B,$10.29B,100.00%,$10.29B,$10.29B,100.00%,$10.29B,$10.29B,100.00%,$10.29B,$10.29B,100.00%,$10.29B,$1.10B,10.67%,$1.10B,$10.61B,41.40%,$1.10B,$7.18B,61.19%,$1.10B,$19.94B,22.02%,$10.29B,$15.01B,274.22%,$2739,$0,$2739,$0,$0,$0,$2739,$0,$2739,$0,$2739,$219,$219,$2739,$2739,$652,657,$0.34,$0.33,$1446,$103,$422,$5475,$0,$2682,$3431,$1330,$7450,$19943,$4207,$4404,$447,$5128,$9334,$38,$8516,$0,$10609,$19943,$907,$2385,$9,$2394,$0,$0,$0,$0,$-1059,$2521,$-1800,$0,$0,$0,$0,$1155,$-926,$-1571,$0,$-565,$88,$0,$-25,$-586,$52,$-1036,$-49,$0,$0
34,2009-09-30,12.37,$0.00,0.0,$11.42,1.08,0,0.0,$1.32,9.37,$0.00B,$0.00B,0.0,$0.00B,$0.00B,0.0,$10.62B,$10.77B,101.41%,$10.62B,$7.46B,70.24%,$10.62B,$7.46B,70.24%,$10.62B,$7.46B,70.24%,$10.62B,$7.26B,68.32%,$10.62B,$0.71B,6.64%,$0.71B,$0.00B,30.10%,$0.71B,$0.00B,45.36%,$0.71B,$0.00B,15.84%,$7.46B,$0.00B,224.78%,$2601,$0,$2601,$0,$0,$0,$2601,$0,$2601,$0,$2601,$354,$354,$2601,$2601,$652,662,$0.54,$0.53,$0,$0,$0,$0,$0,$0,$0,$0,$0,$0,$0,$0,$0,$0,$0,$0,$0,$0,$0,$0,$0,$0,$0,$0,$0,$0,$0,$0,$0,$0,$0,$0,$0,$0,$0,$0,$0,$0,$0,$0,$0,$0,$0,$0,$0,$0,$0,$0,$0
35,2009-06-30,10.74,$0.00,0.0,$41.26,0.26,0,0.0,$4.67,2.3,$0.00B,$0.00B,0.0,$0.00B,$0.00B,0.0,$10.47B,$10.19B,97.30%,$10.47B,$5.33B,50.86%,$10.47B,$5.33B,50.86%,$10.47B,$5.33B,50.86%,$10.47B,$5.02B,47.95%,$10.47B,$0.63B,6.04%,$0.63B,$0.00B,13.86%,$0.63B,$0.00B,19.98%,$0.63B,$0.00B,7.65%,$5.33B,$0.00B,86.04%,$2409,$0,$2409,$0,$0,$0,$2409,$0,$2409,$0,$2409,$245,$245,$2409,$2409,$652,663,$0.38,$0.37,$0,$0,$0,$0,$0,$0,$0,$0,$0,$0,$0,$0,$0,$0,$0,$0,$0,$0,$0,$0,$0,$0,$0,$0,$0,$0,$0,$0,$0,$0,$0,$0,$0,$0,$0,$0,$0,$0,$0,$0,$0,$0,$0,$0,$0,$0,$0,$0,$0
36,2009-03-31,10.9,$0.00,0.0,$42.09,0.26,$1.56,6.98,$4.75,2.29,$0.00B,$0.00B,0.0,$0.00B,$0.00B,0.0,$11.00B,$10.28B,93.52%,$11.00B,$3.56B,32.36%,$11.00B,$3.56B,32.36%,$11.00B,$3.56B,32.36%,$11.00B,$3.02B,27.49%,$11.00B,$0.69B,6.24%,$0.69B,$0.00B,9.57%,$0.69B,$0.00B,13.58%,$0.69B,$0.00B,5.46%,$3.56B,$0.00B,37.88%,$2543,$0,$2543,$0,$0,$0,$2543,$0,$2543,$0,$2543,$280,$280,$2543,$2543,$652,658,$0.43,$0.42,$0,$0,$0,$0,$0,$0,$0,$0,$0,$0,$0,$0,$0,$0,$0,$0,$0,$0,$0,$0,$0,$0,$0,$0,$0,$0,$0,$0,$0,$0,$0,$0,$0,$0,$0,$0,$0,$0,$0,$0,$0,$0,$0,$0,$0,$0,$0,$0,$0
37,2008-12-31,12.82,$0.00,0.0,$77.66,0.17,$1.56,8.21,$9.65,1.33,$4.30B,$3.67B,1.17,$3.91B,$9.37B,0.42,$11.32B,$10.08B,89.09%,$11.32B,$1.60B,14.11%,$11.32B,$1.60B,14.11%,$11.32B,$1.60B,14.11%,$11.32B,$1.00B,8.82%,$11.32B,$0.79B,7.01%,$0.79B,$9.37B,8.04%,$0.79B,$6.22B,11.38%,$0.79B,$17.81B,4.56%,$1.60B,$13.28B,12.47%,$3069,$-149,$3219,$-91,$2531,$3162,$-92,$-203,$-296,$-112,$-184,$-174,$-174,$-92,$-92,$0,0,$0.00,$0.00,$1389,$28,$308,$4297,$0,$3296,$3152,$1170,$7618,$17808,$3668,$3907,$539,$4771,$8438,$35,$7487,$0,$9370,$17808,$770,$2186,$0,$2186,$0,$0,$0,$0,$-690,$2612,$-1736,$0,$-866,$0,$0,$-81,$-387,$-3071,$0,$0,$1220,$0,$0,$541,$-1072,$689,$99,$0,$0
38,2008-09-30,12.9,$0.00,0.0,$81.28,0.16,$3.58,3.6,$9.59,1.35,$3.32B,$2.98B,1.12,$2.60B,$8.89B,0.29,$11.93B,$9.08B,76.09%,$11.93B,$1.50B,12.56%,$11.93B,$1.50B,12.56%,$11.93B,$2.22B,18.62%,$11.93B,$1.06B,8.89%,$11.93B,$0.91B,7.64%,$0.91B,$8.89B,8.61%,$0.91B,$6.46B,12.06%,$0.91B,$15.27B,5.05%,$1.50B,$11.49B,11.21%,$2453,$433,$2020,$43,$1119,$1986,$467,$-52,$366,$90,$277,$282,$282,$467,$467,$73,73,$3.88,$3.88,$1019,$11,$145,$3320,$0,$5077,$2434,$741,$8252,$15273,$2978,$2598,$349,$3404,$6382,$0,$7658,$0,$8892,$15273,$0,$0,$0,$0,$0,$0,$0,$0,$0,$0,$0,$0,$0,$0,$0,$0,$0,$0,$0,$0,$0,$0,$0,$0,$0,$0,$0,$0,$0
39,2008-06-30,14.24,$0.00,0.0,$52.23,0.27,$6.04,2.36,$7.01,2.03,$3.60B,$3.21B,1.12,$2.39B,$10.42B,0.23,$12.56B,$9.63B,76.65%,$12.56B,$1.62B,12.88%,$12.56B,$1.62B,12.88%,$12.56B,$2.88B,22.95%,$12.56B,$1.85B,14.69%,$12.56B,$1.48B,11.78%,$1.48B,$10.42B,13.01%,$1.48B,$7.53B,18.29%,$1.48B,$17.17B,7.80%,$1.62B,$12.81B,11.44%,$2931,$431,$2501,$48,$1427,$2291,$640,$-100,$410,$125,$285,$298,$298,$640,$640,$656,656,$0.45,$0.45,$1007,$15,$130,$3600,$0,$6083,$2887,$320,$9290,$17166,$3208,$2385,$408,$3537,$6745,$0,$8576,$0,$10421,$17166,$650,$828,$0,$828,$0,$0,$0,$0,$-26,$1581,$-556,$0,$0,$0,$0,$-864,$-46,$-1466,$0,$650,$-393,$0,$40,$-582,$-1,$-287,$-172,$0,$0
40,2008-03-31,14.76,$0.00,0.0,$47.76,0.31,$4.48,3.3,$6.56,2.25,$4.78B,$4.40B,1.09,$2.87B,$10.77B,0.27,$12.71B,$9.74B,76.62%,$12.71B,$1.70B,13.34%,$12.71B,$1.70B,13.34%,$12.71B,$3.46B,27.21%,$12.71B,$2.04B,16.06%,$12.71B,$1.62B,12.73%,$1.62B,$10.77B,14.06%,$1.62B,$7.68B,20.05%,$1.62B,$19.34B,8.44%,$1.70B,$13.65B,11.92%,$2865,$523,$2343,$0,$1348,$2283,$582,$-36,$518,$135,$383,$387,$387,$582,$582,$73,73,$5.32,$5.32,$2093,$17,$261,$4775,$0,$6658,$3096,$275,$10030,$19343,$4398,$2874,$1297,$4171,$8569,$0,$8679,$0,$10774,$19343,$0,$0,$0,$0,$0,$0,$0,$0,$0,$0,$0,$0,$0,$0,$0,$0,$0,$0,$0,$0,$0,$0,$0,$0,$0,$0,$0,$0,$0
41,2007-12-31,20.38,$0.00,0.0,$8.32,2.45,$4.48,4.55,$1.24,16.44,$5.14B,$3.22B,1.6,$3.31B,$12.22B,0.27,$12.73B,$9.81B,77.06%,$12.73B,$1.82B,14.28%,$12.73B,$1.82B,14.28%,$12.73B,$4.01B,31.50%,$12.73B,$2.12B,16.68%,$12.73B,$1.65B,12.98%,$1.65B,$12.22B,14.60%,$1.65B,$8.55B,21.27%,$1.65B,$20.36B,8.91%,$1.82B,$15.53B,13.02%,$3681,$1468,$2213,$70,$1670,$3872,$-191,$-161,$-234,$86,$-320,$-56,$-56,$532,$-191,$1019,1019,$-0.06,$-0.06,$1982,$50,$200,$5143,$0,$5871,$3670,$354,$9902,$20356,$3224,$3307,$219,$4913,$8137,$48,$9527,$0,$12219,$20356,$1669,$2191,$0,$2191,$0,$0,$0,$0,$399,$3965,$-1907,$0,$0,$0,$0,$-486,$-170,$-2564,$0,$-54,$-191,$0,$-78,$-621,$-32,$-977,$427,$0,$0
42,2007-09-30,19.85,$0.00,0.0,$4.71,4.21,$2.46,8.07,$1.30,15.27,$4.40B,$2.76B,1.6,$2.55B,$12.06B,0.21,$12.64B,$9.87B,78.09%,$12.64B,$2.40B,18.97%,$12.64B,$2.40B,18.97%,$12.64B,$4.49B,35.50%,$12.64B,$2.80B,22.16%,$12.64B,$2.05B,16.18%,$2.05B,$12.06B,19.00%,$2.05B,$8.58B,28.45%,$2.05B,$19.02B,11.48%,$2.40B,$14.61B,18.17%,$3082,$512,$2570,$58,$1439,$2494,$587,$563,$1151,$300,$850,$850,$850,$1128,$587,$654,654,$1.30,$1.30,$1336,$19,$163,$4400,$0,$6001,$3481,$252,$9733,$19024,$2757,$2547,$678,$4206,$6964,$0,$9676,$0,$12061,$19024,$1725,$1468,$0,$1468,$0,$0,$0,$0,$51,$2821,$-1213,$0,$0,$0,$0,$-599,$-39,$-1850,$0,$369,$-544,$0,$0,$-636,$-21,$-831,$139,$0,$0
43,2007-06-30,18.28,$0.00,0.0,0,0.0,0,0.0,0,0.0,$4.33B,$3.36B,1.29,$2.15B,$10.99B,0.2,$12.42B,$9.72B,78.27%,$12.42B,$2.61B,21.02%,$12.42B,$2.61B,21.02%,$12.42B,$4.62B,37.15%,$12.42B,$2.33B,18.77%,$12.42B,$1.68B,13.51%,$1.68B,$10.99B,16.70%,$1.68B,$7.47B,25.82%,$1.68B,$17.93B,9.86%,$2.61B,$13.14B,20.98%,$3081,$469,$2612,$51,$1398,$2363,$718,$-112,$606,$169,$437,$437,$437,$1216,$718,$0,0,$0.00,$0.00,$1271,$22,$162,$4325,$0,$5031,$3525,$259,$8816,$17928,$3362,$2150,$669,$3574,$6936,$0,$8818,$0,$10992,$17928,$867,$927,$0,$927,$0,$0,$0,$0,$101,$2054,$-735,$0,$0,$0,$0,$-594,$-31,$-1361,$0,$0,$-103,$0,$0,$-551,$-6,$-660,$34,$0,$0
44,2007-03-31,15.6,$0.00,0.0,0,0.0,0,0.0,0,0.0,$4.29B,$3.44B,1.25,$2.55B,$9.99B,0.26,$12.12B,$9.54B,78.65%,$12.12B,$2.69B,22.20%,$12.12B,$2.69B,22.20%,$12.12B,$4.62B,38.10%,$12.12B,$2.28B,18.81%,$12.12B,$1.64B,13.49%,$1.64B,$9.99B,17.16%,$1.64B,$6.47B,27.19%,$1.64B,$16.82B,9.92%,$2.69B,$12.55B,22.10%,$2881,$470,$2411,$54,$1269,$2178,$703,$-104,$599,$178,$421,$421,$421,$1132,$703,$0,0,$0.00,$0.00,$1186,$20,$211,$4286,$0,$4087,$3523,$257,$7868,$16820,$3442,$2553,$207,$3385,$6826,$47,$8216,$0,$9994,$16820,$421,$429,$0,$429,$0,$0,$0,$0,$160,$1091,$-290,$0,$0,$0,$0,$-121,$-16,$-427,$0,$0,$-99,$0,$0,$-541,$3,$-637,$27,$0,$0
45,2006-12-31,17.64,$0.00,0.0,0,0.0,0,0.0,0,0.0,$5.02B,$3.45B,1.45,$2.46B,$10.01B,0.25,$11.86B,$9.33B,78.67%,$11.86B,$2.82B,23.76%,$11.86B,$2.82B,23.76%,$11.86B,$4.70B,39.64%,$11.86B,$2.17B,18.33%,$11.86B,$1.56B,13.16%,$1.56B,$10.01B,17.11%,$1.56B,$6.23B,27.71%,$1.56B,$17.46B,9.77%,$2.82B,$12.48B,24.02%,$3594,$1318,$2276,$67,$1257,$3205,$389,$54,$444,$108,$335,$337,$337,$1010,$389,$0,0,$0.00,$0.00,$1313,$21,$303,$5015,$0,$3489,$3783,$325,$7601,$17462,$3450,$2463,$780,$3999,$7449,$48,$8438,$0,$10014,$17462,$1561,$1881,$0,$1881,$0,$0,$0,$0,$84,$3860,$-1595,$0,$58,$0,$0,$-982,$-190,$-2710,$0,$468,$-560,$0,$-225,$-713,$5,$-1024,$116,$0,$0
