,Date,Stock Price,Book Value per Share,Price to Book Ratio,TTM Sales per Share,Price to Sales Ratio,TTM FCF per Share,Price to FCF Ratio,TTM Net EPS,PE Ratio,Current Assets,Current Liabilities,Current Ratio,Long Term Debt,Shareholder's Equity_x,Debt to Equity Ratio,TTM Revenue_x,TTM Gross Profit,Gross Margin,TTM Revenue_y,TTM Operating Income,Operating Margin,TTM Revenue_x,TTM EBIT,EBIT Margin,TTM Revenue_y,TTM EBITDA,EBITDA Margin,TTM Revenue_x,TTM Pre-Tax Income,Pre-Tax Margin,TTM Revenue_y,TTM Net Income_x,Net Margin,TTM Net Income_y,Shareholder's Equity_y,Return on Equity,TTM Net Income_x,Tangible Equity,Return on Tangible Equity,TTM Net Income_y,Total Assets,Return on Assets,TTM Net Income,LT Investments & Debt,Return on Investment,revenue,cost-goods-sold,gross-profit,research-development-expenses,selling-general-administrative-expenses,operating-expenses,operating-income,total-non-operating-income-expense,pre-tax-income,total-provision-income-taxes,income-after-taxes,income-from-continuous-operations,net-income,ebitda,ebit,basic-shares-outstanding,shares-outstanding,eps-basic-net-earnings-per-share,eps-earnings-per-share-diluted,cash-on-hand,inventory,other-current-assets,total-current-assets,net-property-plant-equipment,long-term-investments,goodwill-intangible-assets-total,other-long-term-assets,total-long-term-assets,total-assets,total-current-liabilities,long-term-debt,other-non-current-liabilities,total-long-term-liabilities,total-liabilities,common-stock-net,retained-earnings-accumulated-deficit,comprehensive-income,total-share-holder-equity,total-liabilities-share-holders-equity,net-income-loss,total-depreciation-amortization-cash-flow,other-non-cash-items,total-non-cash-items,change-in-accounts-receivable,change-in-inventories,change-in-accounts-payable,change-in-assets-liabilities,total-change-in-assets-liabilities,cash-flow-from-operating-activities,net-change-in-property-plant-equipment,net-change-in-intangible-assets,net-acquisitions-divestitures,net-change-in-short-term-investments,net-change-in-long-term-investments,net-change-in-investments-total,investing-activities-other,cash-flow-from-investing-activities,net-long-term-debt,net-current-debt,debt-issuance-retirement-net-total,net-common-equity-issued-repurchased,net-total-equity-issued-repurchased,total-common-preferred-stock-dividends-paid,financial-activities-other,cash-flow-from-financial-activities,net-cash-flow,stock-based-compensation,common-stock-dividends-paid
0,2018-09-30,27.93,$13.99,2.0,$28.88,0.97,$3.21,8.7,$1.19,23.47,$2.28B,$0.67B,3.43,$0.07B,$2.17B,0.03,$4.53B,$2.16B,47.71%,$4.53B,$0.41B,9.05%,$4.53B,$0.41B,9.05%,$4.53B,$0.52B,11.43%,$4.53B,$0.41B,8.94%,$4.53B,$0.19B,4.13%,$0.19B,$2.17B,9.00%,$0.19B,$2.17B,9.00%,$0.19B,$3.00B,6.40%,$0.41B,$2.24B,19.08%,$1176,$613,$564,$0,$445,$1052,$124,$-1,$123,$17,$106,$106,$91,$151,$124,$156,156,$0.58,$0.58,$890,$755,$0,$2281,$565,$91,$0,$39,$723,$3004,$665,$70,$102,$172,$837,$0,$1644,$-30,$2167,$3004,$304,$81,$57,$138,$-144,$99,$48,$-33,$-29,$413,$-97,$0,$0,$-161,$0,$-161,$0,$-258,$-1,$7,$6,$-55,$-55,$0,$-30,$-79,$66,$24,$0
1,2018-06-30,30.01,$13.52,2.22,$28.34,1.06,$1.66,18.07,$1.20,25.01,$2.36B,$0.72B,3.28,$0.07B,$2.11B,0.03,$4.45B,$2.12B,47.58%,$4.45B,$0.40B,9.03%,$4.45B,$0.40B,9.03%,$4.45B,$0.51B,11.41%,$4.45B,$0.40B,8.99%,$4.45B,$0.19B,4.22%,$0.19B,$2.11B,9.23%,$0.19B,$2.11B,9.23%,$0.19B,$3.01B,6.61%,$0.40B,$2.18B,19.08%,$1135,$574,$561,$0,$485,$1053,$81,$-6,$75,$14,$61,$61,$45,$109,$81,$157,157,$0.29,$0.29,$888,$822,$0,$2362,$554,$24,$0,$40,$644,$3006,$720,$70,$102,$173,$892,$0,$1553,$-25,$2113,$3006,$198,$54,$48,$102,$-156,$41,$88,$-23,$-44,$256,$-61,$0,$0,$-49,$0,$-49,$0,$-110,$-1,$3,$2,$-15,$-15,$0,$-19,$-32,$108,$16,$0
2,2018-03-31,38.89,$13.31,2.92,$27.69,1.4,$0.63,61.73,$1.29,30.15,$2.29B,$0.67B,3.4,$0.07B,$2.08B,0.03,$4.34B,$2.05B,47.10%,$4.34B,$0.41B,9.37%,$4.34B,$0.41B,9.37%,$4.34B,$0.51B,11.72%,$4.34B,$0.41B,9.51%,$4.34B,$0.20B,4.68%,$0.20B,$2.08B,10.26%,$0.20B,$2.08B,10.26%,$0.20B,$2.94B,7.40%,$0.41B,$2.15B,19.86%,$1250,$667,$583,$0,$440,$1101,$149,$3,$152,$15,$137,$137,$118,$176,$149,$156,158,$0.75,$0.75,$700,$800,$0,$2293,$553,$0,$0,$61,$643,$2936,$674,$71,$108,$179,$853,$0,$1508,$-12,$2083,$2936,$137,$27,$22,$49,$-276,$80,$11,$-9,$-183,$4,$-34,$0,$0,$-1,$0,$-1,$0,$-36,$-0,$4,$4,$-3,$-3,$0,$-13,$-12,$-36,$9,$0
3,2017-12-31,37.84,$12.46,3.04,$26.64,1.42,$0.10,379.54,$1.14,33.19,$2.11B,$0.60B,3.52,$0.07B,$1.95B,0.04,$4.17B,$1.94B,46.53%,$4.17B,$0.38B,9.17%,$4.17B,$0.38B,9.17%,$4.17B,$0.48B,11.52%,$4.17B,$0.39B,9.24%,$4.17B,$0.18B,4.30%,$0.18B,$1.95B,9.38%,$0.18B,$1.95B,9.38%,$0.18B,$2.74B,6.86%,$0.38B,$2.02B,19.31%,$971,$517,$454,$0,$405,$915,$56,$-1,$55,$107,$-52,$-52,$-67,$82,$56,$156,157,$-0.43,$-0.43,$736,$873,$0,$2105,$542,$17,$0,$41,$630,$2735,$597,$71,$118,$190,$787,$0,$1390,$-15,$1948,$2735,$235,$97,$33,$130,$-102,$-159,$-13,$-18,$-206,$159,$-136,$-0,$0,$-2,$0,$-2,$0,$-138,$4,$2,$6,$5,$5,$0,$-26,$-15,$18,$29,$0
4,2017-09-30,25.09,$12.83,1.96,$25.36,0.99,$1.51,16.6,$1.61,15.58,$2.07B,$0.60B,3.46,$0.07B,$2.00B,0.04,$3.96B,$1.84B,46.49%,$3.96B,$0.35B,8.94%,$3.96B,$0.35B,8.94%,$3.96B,$0.45B,11.32%,$3.96B,$0.35B,8.89%,$3.96B,$0.25B,6.39%,$0.25B,$2.00B,13.73%,$0.25B,$2.00B,13.73%,$0.25B,$2.69B,10.02%,$0.35B,$2.07B,18.52%,$1095,$575,$520,$0,$406,$978,$116,$1,$118,$11,$107,$107,$92,$141,$116,$156,157,$0.59,$0.59,$803,$698,$0,$2074,$532,$0,$0,$56,$619,$2693,$599,$71,$23,$95,$694,$0,$1457,$-18,$2000,$2693,$287,$70,$21,$91,$-164,$10,$-25,$-17,$-203,$176,$-102,$-0,$0,$-2,$0,$-2,$0,$-104,$4,$5,$9,$3,$3,$0,$-9,$2,$84,$22,$0
5,2017-06-30,29.5,$12.09,2.44,$24.45,1.21,$2.09,14.12,$1.44,20.49,$2.00B,$0.64B,3.14,$0.07B,$1.88B,0.04,$3.81B,$1.75B,45.99%,$3.81B,$0.34B,8.96%,$3.81B,$0.34B,8.96%,$3.81B,$0.43B,11.33%,$3.81B,$0.34B,8.80%,$3.81B,$0.23B,5.94%,$0.23B,$1.88B,12.83%,$0.23B,$1.88B,12.83%,$0.23B,$2.61B,9.38%,$0.34B,$1.95B,18.64%,$1026,$538,$488,$0,$405,$940,$86,$1,$88,$14,$73,$73,$60,$110,$86,$156,156,$0.38,$0.38,$752,$670,$0,$1995,$527,$0,$0,$53,$614,$2609,$636,$68,$22,$90,$726,$0,$1365,$-22,$1883,$2609,$180,$46,$13,$59,$-178,$34,$6,$-2,$-130,$109,$-77,$0,$0,$-1,$0,$-1,$0,$-77,$1,$-2,$-1,$3,$3,$0,$-7,$-5,$33,$14,$0
6,2017-03-31,27.45,$11.60,2.37,$23.54,1.17,$2.70,10.16,$1.54,17.82,$1.83B,$0.51B,3.56,$0.07B,$1.80B,0.04,$3.66B,$1.68B,45.88%,$3.66B,$0.36B,9.71%,$3.66B,$0.36B,9.71%,$3.66B,$0.44B,12.03%,$3.66B,$0.34B,9.38%,$3.66B,$0.24B,6.56%,$0.24B,$1.80B,14.21%,$0.24B,$1.80B,14.21%,$0.24B,$2.41B,10.30%,$0.36B,$1.87B,20.21%,$1073,$596,$476,$0,$356,$948,$124,$-0,$124,$17,$107,$107,$94,$147,$124,$155,156,$0.61,$0.60,$608,$586,$0,$1826,$503,$0,$0,$51,$579,$2406,$514,$69,$20,$90,$603,$0,$1305,$-24,$1803,$2406,$107,$22,$18,$40,$-234,$118,$-98,$-4,$-231,$-84,$-29,$0,$0,$-0,$0,$-0,$0,$-29,$2,$-0,$1,$0,$0,$0,$-1,$1,$-111,$7,$0
7,2016-12-31,24.58,$10.88,2.26,$22.99,1.07,$3.00,8.2,$1.57,15.66,$1.83B,$0.62B,2.94,$0.07B,$1.69B,0.04,$3.56B,$1.63B,45.86%,$3.56B,$0.37B,10.38%,$3.56B,$0.37B,10.38%,$3.56B,$0.45B,12.60%,$3.56B,$0.36B,10.08%,$3.56B,$0.24B,6.85%,$0.24B,$1.69B,15.13%,$0.24B,$1.69B,15.13%,$0.24B,$2.39B,10.87%,$0.37B,$1.75B,22.02%,$764,$408,$356,$0,$333,$736,$28,$-6,$22,$7,$15,$15,$7,$50,$28,$154,155,$0.05,$0.04,$719,$701,$0,$1828,$494,$0,$0,$45,$566,$2394,$622,$67,$19,$86,$708,$0,$1211,$-27,$1686,$2394,$285,$79,$38,$118,$-10,$-58,$38,$-20,$-41,$362,$-119,$0,$-23,$-4,$0,$-4,$0,$-146,$-16,$6,$-10,$5,$5,$0,$1,$-4,$211,$23,$0
8,2016-09-30,22.9,$10.86,2.11,$22.74,1.01,$2.18,10.53,$1.72,13.31,$1.69B,$0.46B,3.66,$0.07B,$1.68B,0.04,$3.52B,$1.61B,45.66%,$3.52B,$0.40B,11.27%,$3.52B,$0.40B,11.27%,$3.52B,$0.46B,13.17%,$3.52B,$0.39B,11.02%,$3.52B,$0.27B,7.55%,$0.27B,$1.68B,17.32%,$0.27B,$1.68B,17.32%,$0.27B,$2.23B,12.33%,$0.40B,$1.74B,24.76%,$942,$512,$430,$0,$330,$839,$103,$-2,$101,$24,$77,$77,$65,$124,$103,$154,155,$0.42,$0.42,$665,$523,$0,$1694,$470,$0,$0,$45,$533,$2227,$463,$68,$13,$90,$553,$0,$1204,$-19,$1675,$2227,$270,$57,$32,$89,$-94,$100,$-93,$-15,$-117,$243,$-81,$0,$0,$-3,$0,$-3,$0,$-84,$-15,$5,$-10,$3,$3,$0,$2,$-5,$157,$17,$0
9,2016-06-30,29.72,$10.32,2.88,$22.21,1.34,$1.78,16.66,$1.73,17.18,$1.77B,$0.61B,2.89,$0.07B,$1.59B,0.04,$3.44B,$1.57B,45.55%,$3.44B,$0.39B,11.35%,$3.44B,$0.39B,11.35%,$3.44B,$0.45B,13.13%,$3.44B,$0.38B,10.97%,$3.44B,$0.27B,7.80%,$0.27B,$1.59B,18.51%,$0.27B,$1.59B,18.51%,$0.27B,$2.29B,12.85%,$0.39B,$1.66B,25.71%,$878,$462,$416,$0,$319,$777,$100,$-4,$96,$12,$84,$84,$74,$119,$100,$154,155,$0.48,$0.48,$629,$591,$0,$1766,$464,$0,$0,$43,$525,$2291,$611,$68,$12,$89,$700,$0,$1139,$-19,$1592,$2291,$194,$36,$20,$56,$-131,$34,$54,$-8,$-68,$182,$-55,$0,$0,$-2,$0,$-2,$0,$-57,$-15,$3,$-12,$3,$3,$0,$2,$-6,$121,$11,$0
10,2016-03-31,30.45,$9.73,3.13,$21.75,1.4,$1.31,23.18,$1.77,17.24,$1.55B,$0.48B,3.22,$0.07B,$1.50B,0.05,$3.36B,$1.52B,45.38%,$3.36B,$0.40B,11.97%,$3.36B,$0.40B,11.97%,$3.36B,$0.46B,13.67%,$3.36B,$0.39B,11.70%,$3.36B,$0.27B,8.16%,$0.27B,$1.50B,19.96%,$0.27B,$1.50B,19.96%,$0.27B,$2.07B,13.77%,$0.40B,$1.57B,28.21%,$979,$547,$432,$0,$296,$840,$139,$2,$140,$31,$110,$110,$98,$156,$139,$154,155,$0.63,$0.63,$444,$502,$0,$1554,$457,$0,$0,$42,$515,$2068,$482,$68,$10,$88,$570,$0,$1065,$-21,$1499,$2068,$110,$17,$12,$29,$-201,$122,$-73,$9,$-170,$-31,$-35,$0,$0,$-1,$0,$-1,$0,$-36,$-2,$0,$-2,$0,$0,$0,$3,$1,$-64,$5,$0
11,2015-12-31,30.21,$8.96,3.37,$20.43,1.48,$1.33,22.67,$1.50,20.09,$1.55B,$0.58B,2.68,$0.07B,$1.38B,0.05,$3.15B,$1.43B,45.28%,$3.15B,$0.35B,11.15%,$3.15B,$0.35B,11.15%,$3.15B,$0.41B,12.87%,$3.15B,$0.33B,10.61%,$3.15B,$0.23B,7.37%,$0.23B,$1.38B,17.88%,$0.23B,$1.38B,17.88%,$0.23B,$2.04B,12.20%,$0.35B,$1.45B,26.27%,$723,$393,$330,$0,$279,$668,$55,$-4,$51,$12,$38,$38,$29,$65,$55,$153,154,$0.19,$0.18,$508,$620,$0,$1548,$436,$0,$0,$38,$492,$2040,$577,$69,$10,$87,$664,$0,$968,$-26,$1376,$2040,$261,$54,$22,$75,$-100,$-176,$130,$-9,$-104,$232,$-118,$-0,$0,$-8,$0,$-8,$0,$-126,$-32,$-2,$-34,$4,$4,$0,$-29,$-58,$41,$18,$0
12,2015-09-30,44.69,$8.67,5.16,$19.47,2.3,$1.29,34.6,$1.46,30.68,$1.51B,$0.52B,2.92,$0.07B,$1.33B,0.05,$2.99B,$1.35B,45.19%,$2.99B,$0.33B,10.99%,$2.99B,$0.33B,10.99%,$2.99B,$0.39B,12.89%,$2.99B,$0.31B,10.42%,$2.99B,$0.23B,7.52%,$0.23B,$1.33B,18.19%,$0.23B,$1.33B,18.19%,$0.23B,$1.94B,12.43%,$0.33B,$1.40B,26.07%,$856,$469,$387,$0,$294,$761,$96,$-6,$90,$16,$74,$74,$67,$111,$96,$153,154,$0.44,$0.43,$511,$500,$0,$1513,$389,$0,$0,$39,$428,$1941,$518,$70,$27,$97,$615,$0,$938,$-28,$1325,$1941,$223,$43,$22,$65,$-151,$-53,$60,$-22,$-129,$159,$-58,$-0,$0,$-3,$0,$-3,$0,$-61,$-16,$-2,$-18,$2,$2,$0,$-33,$-48,$44,$14,$0
13,2015-06-30,36.6,$8.45,4.33,$18.33,2.0,$1.15,31.94,$1.36,26.91,$1.51B,$0.60B,2.53,$0.00B,$1.29B,0.0,$2.81B,$1.27B,45.16%,$2.81B,$0.31B,10.92%,$2.81B,$0.31B,10.92%,$2.81B,$0.36B,12.87%,$2.81B,$0.29B,10.31%,$2.81B,$0.21B,7.43%,$0.21B,$1.29B,17.68%,$0.21B,$1.29B,17.68%,$0.21B,$1.91B,12.10%,$0.31B,$1.29B,25.24%,$800,$426,$375,$0,$266,$688,$112,$0,$112,$25,$87,$87,$80,$127,$112,$153,154,$0.52,$0.52,$514,$471,$0,$1505,$382,$0,$0,$26,$408,$1913,$595,$2,$24,$26,$621,$0,$872,$-19,$1292,$1913,$149,$28,$15,$44,$-167,$-19,$76,$-3,$-105,$87,$-33,$-0,$0,$-2,$0,$-2,$0,$-35,$-6,$-0,$-6,$2,$2,$0,$1,$-3,$47,$9,$0
14,2015-03-31,23.97,$7.84,3.06,$16.98,1.41,$1.13,21.3,$1.07,22.4,$1.32B,$0.48B,2.73,$0.01B,$1.20B,0.01,$2.60B,$1.16B,44.79%,$2.60B,$0.25B,9.58%,$2.60B,$0.25B,9.58%,$2.60B,$0.30B,11.58%,$2.60B,$0.23B,8.77%,$2.60B,$0.16B,6.31%,$0.16B,$1.20B,14.60%,$0.16B,$1.20B,14.61%,$0.16B,$1.71B,10.02%,$0.25B,$1.21B,21.02%,$768,$435,$333,$0,$246,$680,$88,$-7,$81,$19,$62,$62,$56,$102,$88,$152,153,$0.37,$0.37,$397,$392,$0,$1315,$376,$0,$0,$23,$398,$1714,$482,$14,$21,$35,$517,$0,$792,$-20,$1197,$1714,$62,$14,$9,$22,$-175,$59,$-30,$-1,$-132,$-48,$-15,$0,$0,$-1,$0,$-1,$0,$-15,$-3,$-2,$-5,$0,$0,$0,$1,$-4,$-70,$4,$0
15,2014-12-31,18.42,$7.45,2.47,$15.56,1.18,$1.29,14.31,$0.91,20.31,$1.29B,$0.51B,2.54,$0.02B,$1.13B,0.01,$2.38B,$1.07B,45.04%,$2.38B,$0.21B,8.79%,$2.38B,$0.21B,8.79%,$2.38B,$0.26B,10.89%,$2.38B,$0.19B,8.03%,$2.38B,$0.14B,5.85%,$0.14B,$1.13B,12.91%,$0.14B,$1.13B,12.92%,$0.14B,$1.68B,8.92%,$0.21B,$1.15B,17.96%,$570,$312,$258,$0,$227,$537,$33,$-4,$29,$3,$26,$26,$22,$46,$33,$152,153,$0.14,$0.15,$467,$454,$0,$1285,$373,$0,$0,$17,$390,$1675,$506,$15,$20,$35,$541,$0,$736,$-16,$1134,$1675,$152,$50,$46,$96,$-71,$-100,$99,$-27,$-84,$164,$-57,$0,$0,$0,$0,$0,$0,$-57,$-12,$2,$-10,$3,$3,$0,$-2,$-9,$95,$9,$0
16,2014-09-30,17.77,$7.28,2.44,$14.81,1.2,$0.97,18.32,$0.86,20.74,$1.22B,$0.38B,3.24,$0.11B,$1.11B,0.1,$2.26B,$1.01B,44.89%,$2.26B,$0.19B,8.54%,$2.26B,$0.19B,8.54%,$2.26B,$0.24B,10.71%,$2.26B,$0.18B,7.88%,$2.26B,$0.13B,5.80%,$0.13B,$1.11B,12.61%,$0.13B,$1.11B,12.64%,$0.13B,$1.61B,8.78%,$0.19B,$1.21B,16.78%,$674,$370,$304,$0,$232,$600,$74,$-6,$68,$13,$55,$55,$51,$87,$74,$152,153,$0.34,$0.33,$441,$363,$0,$1217,$371,$0,$2,$18,$392,$1609,$375,$107,$20,$128,$503,$0,$714,$-12,$1106,$1609,$126,$37,$39,$76,$-123,$-8,$53,$-18,$-83,$120,$-42,$0,$0,$0,$0,$0,$0,$-42,$-9,$0,$-9,$2,$2,$0,$-3,$-10,$69,$5,$0
17,2014-06-30,15.23,$6.95,2.19,$13.80,1.1,$0.57,26.76,$0.70,21.76,$1.16B,$0.37B,3.14,$0.11B,$1.06B,0.11,$2.10B,$0.94B,44.79%,$2.10B,$0.16B,7.76%,$2.10B,$0.16B,7.76%,$2.10B,$0.21B,10.00%,$2.10B,$0.15B,7.23%,$2.10B,$0.11B,5.09%,$0.11B,$1.06B,10.67%,$0.11B,$1.05B,10.69%,$0.11B,$1.55B,7.49%,$0.16B,$1.17B,14.58%,$587,$318,$269,$0,$217,$533,$54,$-3,$50,$12,$38,$38,$35,$66,$54,$152,153,$0.23,$0.23,$415,$360,$0,$1164,$365,$0,$2,$19,$388,$1551,$371,$110,$15,$125,$496,$0,$663,$-8,$1055,$1551,$71,$24,$30,$54,$-95,$-3,$54,$-11,$-51,$74,$-24,$0,$0,$0,$0,$0,$0,$-24,$-6,$0,$-6,$2,$2,$0,$-2,$-6,$43,$3,$0
18,2014-03-31,12.18,$6.68,1.82,$12.78,0.95,$0.32,37.78,$0.52,23.42,$1.01B,$0.27B,3.76,$0.11B,$1.01B,0.11,$1.94B,$0.87B,44.64%,$1.94B,$0.13B,6.49%,$1.94B,$0.13B,6.49%,$1.94B,$0.17B,8.86%,$1.94B,$0.12B,5.92%,$1.94B,$0.08B,4.07%,$0.08B,$1.01B,8.12%,$0.08B,$1.01B,8.14%,$0.08B,$1.40B,5.76%,$0.13B,$1.13B,11.54%,$547,$306,$240,$0,$195,$498,$48,$-4,$44,$11,$33,$33,$31,$60,$48,$152,153,$0.20,$0.20,$329,$312,$0,$1013,$363,$0,$2,$20,$386,$1399,$270,$113,$2,$116,$386,$0,$628,$-8,$1013,$1399,$33,$12,$15,$27,$-89,$46,$-43,$-2,$-86,$-27,$-11,$0,$0,$0,$0,$0,$0,$-11,$-3,$-0,$-3,$0,$0,$0,$-1,$-4,$-43,$1,$0
19,2013-12-31,11.04,$6.46,1.71,$12.18,0.91,$0.17,64.24,$0.36,30.68,$1.02B,$0.31B,3.27,$0.12B,$0.98B,0.12,$1.85B,$0.82B,44.40%,$1.85B,$0.09B,5.04%,$1.85B,$0.09B,5.04%,$1.85B,$0.14B,7.47%,$1.85B,$0.08B,4.39%,$1.85B,$0.06B,2.98%,$0.06B,$0.98B,5.78%,$0.06B,$0.98B,5.79%,$0.06B,$1.41B,4.11%,$0.09B,$1.10B,8.66%,$451,$250,$201,$0,$186,$434,$17,$-1,$16,$0,$16,$16,$14,$29,$17,$151,152,$0.09,$0.09,$372,$358,$0,$1015,$362,$0,$2,$20,$394,$1409,$310,$116,$2,$118,$429,$0,$597,$-9,$980,$1409,$61,$45,$16,$61,$-21,$-23,$18,$-2,$-23,$99,$-41,$-0,$0,$0,$0,$0,$0,$-41,$-12,$-2,$-14,$3,$3,$0,$1,$-10,$46,$2,$0
20,2013-09-30,10.37,$6.38,1.62,$11.85,0.88,$-0.58,0.0,$0.29,35.34,$0.97B,$0.27B,3.55,$0.12B,$0.97B,0.12,$1.79B,$0.79B,43.92%,$1.79B,$0.08B,4.69%,$1.79B,$0.08B,4.69%,$1.79B,$0.13B,7.14%,$1.79B,$0.07B,4.02%,$1.79B,$0.05B,2.51%,$0.05B,$0.97B,4.80%,$0.05B,$0.96B,4.82%,$0.05B,$1.36B,3.41%,$0.08B,$1.09B,7.91%,$516,$285,$231,$0,$188,$472,$44,$-2,$42,$14,$28,$28,$27,$55,$44,$151,152,$0.18,$0.18,$333,$310,$0,$969,$362,$0,$3,$20,$389,$1358,$273,$120,$0,$120,$393,$0,$583,$-6,$965,$1358,$45,$33,$17,$50,$-59,$27,$-16,$0,$-49,$46,$-30,$0,$0,$0,$0,$0,$0,$-30,$-9,$-2,$-11,$1,$1,$0,$1,$-8,$7,$2,$0
21,2013-06-30,8.0,$6.19,1.29,$11.32,0.71,$-1.02,0.0,$0.19,42.12,$0.93B,$0.26B,3.51,$0.12B,$0.94B,0.13,$1.71B,$0.74B,43.64%,$1.71B,$0.06B,3.52%,$1.71B,$0.06B,3.52%,$1.71B,$0.10B,6.10%,$1.71B,$0.05B,2.64%,$1.71B,$0.03B,1.70%,$0.03B,$0.94B,3.14%,$0.03B,$0.93B,3.15%,$0.03B,$1.32B,2.21%,$0.06B,$1.06B,5.79%,$428,$233,$195,$0,$179,$411,$17,$-4,$13,$5,$9,$9,$7,$28,$17,$151,151,$0.05,$0.05,$333,$285,$0,$927,$359,$0,$3,$20,$395,$1322,$264,$123,$0,$123,$387,$0,$556,$-7,$935,$1322,$16,$22,$6,$28,$-40,$51,$-19,$-0,$-14,$30,$-18,$0,$0,$0,$0,$0,$0,$-18,$-6,$-1,$-7,$1,$1,$0,$1,$-4,$7,$1,$0
22,2013-03-31,7.05,$6.16,1.14,$11.09,0.64,$-0.98,0.0,$0.13,54.23,$0.86B,$0.21B,4.16,$0.13B,$0.93B,0.14,$1.66B,$0.72B,43.35%,$1.66B,$0.04B,2.47%,$1.66B,$0.04B,2.47%,$1.66B,$0.09B,5.18%,$1.66B,$0.03B,1.69%,$1.66B,$0.02B,1.20%,$0.02B,$0.93B,2.19%,$0.02B,$0.93B,2.19%,$0.02B,$1.26B,1.52%,$0.04B,$1.06B,4.04%,$452,$259,$193,$0,$179,$436,$15,$-5,$10,$2,$8,$8,$7,$26,$15,$151,151,$0.04,$0.04,$265,$254,$0,$862,$361,$0,$3,$20,$400,$1262,$207,$126,$0,$126,$333,$0,$549,$-3,$929,$1262,$8,$11,$4,$15,$-71,$85,$-81,$-2,$-75,$-53,$-8,$0,$0,$0,$0,$0,$0,$-8,$-3,$1,$-2,$0,$0,$0,$2,$-0,$-61,$1,$0
23,2012-12-31,6.17,$6.09,1.01,$10.48,0.59,$-0.33,0.0,$0.06,97.27,$0.94B,$0.29B,3.21,$0.13B,$0.92B,0.14,$1.56B,$0.68B,43.78%,$1.56B,$0.02B,1.41%,$1.56B,$0.02B,1.41%,$1.56B,$0.07B,4.23%,$1.56B,$0.01B,0.71%,$1.56B,$0.01B,0.58%,$0.01B,$0.92B,0.99%,$0.01B,$0.92B,1.00%,$0.01B,$1.34B,0.68%,$0.02B,$1.05B,2.22%,$396,$227,$168,$0,$163,$388,$8,$-1,$7,$3,$4,$4,$4,$19,$8,$148,150,$0.03,$0.03,$326,$339,$0,$940,$362,$0,$3,$18,$400,$1340,$293,$129,$0,$129,$421,$0,$542,$-2,$919,$1340,$11,$44,$5,$49,$-37,$-112,$10,$55,$-63,$-3,$-52,$0,$0,$0,$0,$0,$0,$-52,$72,$-48,$24,$3,$3,$0,$2,$30,$-25,$12,$0
24,2012-09-30,6.8,$6.17,1.1,$9.79,0.69,$0.46,14.84,$-0.36,0.0,$0.93B,$0.33B,2.83,$0.07B,$0.92B,0.08,$1.45B,$0.63B,43.40%,$1.45B,$-0.09B,-6.15%,$1.45B,$-0.09B,-6.15%,$1.45B,$-0.05B,-3.11%,$1.45B,$-0.09B,-6.36%,$1.45B,$-0.05B,-3.66%,$-0.05B,$0.92B,-5.89%,$-0.05B,$0.91B,-5.92%,$-0.05B,$1.32B,-4.04%,$-0.09B,$0.99B,-9.15%,$429,$242,$188,$0,$169,$409,$20,$-5,$15,$4,$12,$12,$11,$31,$20,$148,150,$0.07,$0.07,$308,$302,$0,$931,$367,$0,$3,$12,$385,$1316,$330,$70,$0,$70,$400,$0,$538,$1,$916,$1316,$7,$32,$6,$38,$-66,$-74,$12,$55,$-66,$-21,$-28,$0,$0,$0,$0,$0,$0,$-28,$-6,$7,$1,$2,$2,$0,$2,$5,$-43,$10,$0
25,2012-06-30,6.79,$5.98,1.14,$9.70,0.7,$0.50,13.65,$-0.37,0.0,$0.95B,$0.38B,2.52,$0.07B,$0.89B,0.08,$1.43B,$0.62B,43.01%,$1.43B,$-0.11B,-7.48%,$1.43B,$-0.11B,-7.48%,$1.43B,$-0.07B,-4.55%,$1.43B,$-0.11B,-7.34%,$1.43B,$-0.06B,-3.92%,$-0.06B,$0.89B,-6.18%,$-0.06B,$0.89B,-6.21%,$-0.06B,$1.34B,-4.32%,$-0.11B,$0.97B,-10.90%,$384,$213,$171,$0,$174,$386,$-2,$-3,$-4,$-3,$-1,$-1,$-2,$10,$-2,$148,148,$-0.01,$-0.01,$374,$258,$0,$945,$374,$0,$4,$13,$396,$1341,$375,$71,$0,$71,$447,$0,$527,$-3,$894,$1341,$-5,$22,$-0,$21,$-58,$-31,$54,$56,$23,$40,$-23,$0,$0,$0,$0,$0,$0,$-23,$-5,$10,$5,$1,$1,$0,$0,$6,$23,$7,$0
26,2012-03-31,4.24,$6.07,0.7,$10.10,0.42,$0.10,42.66,$-0.57,0.0,$0.92B,$0.34B,2.72,$0.07B,$0.90B,0.08,$1.48B,$0.59B,39.66%,$1.48B,$-0.15B,-10.34%,$1.48B,$-0.15B,-10.34%,$1.48B,$-0.12B,-7.77%,$1.48B,$-0.15B,-10.27%,$1.48B,$-0.08B,-5.68%,$-0.08B,$0.90B,-9.13%,$-0.08B,$0.89B,-9.19%,$-0.08B,$1.31B,-6.47%,$-0.15B,$0.97B,-15.34%,$351,$196,$156,$0,$161,$356,$-4,$-3,$-7,$-4,$-3,$-3,$-4,$6,$-4,$148,148,$-0.02,$-0.02,$392,$215,$0,$916,$379,$0,$4,$13,$397,$1313,$337,$74,$0,$78,$415,$0,$529,$4,$897,$1313,$-3,$10,$3,$13,$-47,$13,$19,$52,$40,$50,$-12,$0,$0,$0,$0,$0,$0,$-12,$-2,$4,$2,$0,$0,$0,$0,$2,$40,$3,$0
27,2011-12-31,4.04,$6.04,0.67,$10.94,0.37,$-0.46,0.0,$-0.46,0.0,$0.89B,$0.31B,2.88,$0.08B,$0.89B,0.09,$1.61B,$0.62B,38.88%,$1.61B,$-0.13B,-8.35%,$1.61B,$-0.13B,-8.35%,$1.61B,$-0.10B,-6.11%,$1.61B,$-0.13B,-8.16%,$1.61B,$-0.07B,-4.24%,$-0.07B,$0.89B,-7.25%,$-0.07B,$0.89B,-7.30%,$-0.07B,$1.28B,-5.22%,$-0.13B,$0.97B,-13.28%,$283,$171,$113,$0,$175,$386,$-103,$8,$-96,$-38,$-58,$-58,$-58,$-92,$-103,$145,145,$-0.39,$-0.39,$351,$226,$0,$887,$376,$0,$4,$13,$395,$1282,$308,$77,$0,$81,$389,$0,$533,$-1,$893,$1282,$-68,$36,$15,$52,$86,$160,$-18,$-35,$181,$165,$-105,$-0,$0,$0,$0,$0,$0,$-105,$23,$32,$55,$3,$3,$0,$2,$60,$118,$14,$0
28,2011-09-30,4.68,$6.49,0.72,$12.09,0.39,$-1.76,0.0,$-0.05,0.0,$0.83B,$0.23B,3.67,$0.08B,$0.94B,0.08,$1.78B,$0.70B,39.11%,$1.78B,$-0.03B,-1.74%,$1.78B,$-0.03B,-1.74%,$1.78B,$0.00B,0.11%,$1.78B,$-0.03B,-1.91%,$1.78B,$-0.01B,-0.39%,$-0.01B,$0.94B,-0.74%,$-0.01B,$0.94B,-0.74%,$-0.01B,$1.25B,-0.54%,$-0.03B,$1.02B,-3.05%,$412,$237,$175,$0,$174,$410,$2,$-0,$2,$-7,$8,$8,$8,$11,$2,$145,148,$0.06,$0.06,$248,$238,$0,$828,$382,$0,$6,$19,$420,$1248,$226,$79,$0,$79,$305,$0,$590,$-2,$943,$1248,$-10,$25,$16,$41,$15,$159,$-98,$-27,$41,$72,$-114,$0,$0,$0,$0,$0,$0,$-114,$25,$31,$56,$2,$2,$0,$0,$59,$14,$11,$0
29,2011-06-30,4.83,$6.52,0.74,$13.07,0.37,$-1.92,0.0,$0.14,33.68,$0.95B,$0.32B,2.95,$0.08B,$0.95B,0.09,$1.92B,$0.77B,40.26%,$1.92B,$0.02B,1.20%,$1.92B,$0.02B,1.20%,$1.92B,$0.05B,2.81%,$1.92B,$0.02B,0.89%,$1.92B,$0.02B,1.09%,$0.02B,$0.95B,2.21%,$0.02B,$0.94B,2.23%,$0.02B,$1.35B,1.61%,$0.02B,$1.03B,2.30%,$434,$291,$143,$0,$193,$483,$-48,$-3,$-51,$-21,$-30,$-30,$-30,$-40,$-48,$145,145,$-0.21,$-0.21,$251,$326,$0,$945,$367,$0,$7,$18,$404,$1348,$320,$81,$0,$81,$402,$0,$582,$13,$947,$1348,$-18,$17,$14,$30,$-8,$74,$2,$-16,$40,$52,$-93,$0,$0,$0,$0,$0,$0,$-93,$27,$28,$55,$2,$2,$0,$0,$57,$17,$7,$0
30,2011-03-31,6.85,$6.67,1.03,$13.50,0.51,$-1.89,0.0,$0.62,10.98,$0.97B,$0.31B,3.07,$0.05B,$0.97B,0.05,$1.99B,$0.87B,43.60%,$1.99B,$0.13B,6.53%,$1.99B,$0.13B,6.53%,$1.99B,$0.16B,7.99%,$1.99B,$0.13B,6.48%,$1.99B,$0.09B,4.57%,$0.09B,$0.97B,9.72%,$0.09B,$0.96B,9.80%,$0.09B,$1.33B,7.28%,$0.13B,$1.02B,13.41%,$476,$284,$193,$0,$179,$461,$15,$-2,$14,$2,$12,$12,$12,$23,$15,$145,148,$0.08,$0.08,$198,$376,$0,$965,$330,$0,$7,$18,$367,$1332,$314,$50,$0,$50,$365,$0,$612,$9,$967,$1332,$12,$8,$8,$16,$-55,$23,$3,$5,$-30,$-2,$-43,$0,$0,$0,$0,$0,$0,$-43,$-8,$16,$8,$1,$1,$0,$0,$9,$-36,$4,$0
31,2010-12-31,6.67,$6.54,1.02,$13.64,0.49,$-1.47,0.0,$0.93,7.17,$0.97B,$0.31B,3.17,$0.05B,$0.95B,0.06,$2.01B,$0.91B,45.42%,$2.01B,$0.20B,9.76%,$2.01B,$0.20B,9.76%,$2.01B,$0.22B,11.11%,$2.01B,$0.20B,9.81%,$2.01B,$0.14B,6.72%,$0.14B,$0.95B,15.01%,$0.14B,$0.94B,15.15%,$0.14B,$1.31B,11.41%,$0.20B,$1.00B,21.32%,$455,$270,$184,$0,$184,$454,$0,$1,$1,$-2,$3,$3,$3,$8,$0,$142,147,$0.02,$0.02,$234,$399,$0,$973,$294,$0,$7,$18,$331,$1305,$307,$52,$0,$52,$359,$0,$600,$4,$946,$1305,$136,$28,$15,$43,$-50,$-172,$33,$-29,$-226,$-47,$-82,$-0,$0,$30,$0,$30,$0,$-52,$30,$16,$46,$8,$8,$0,$13,$67,$-32,$14,$0
32,2010-09-30,7.83,$6.60,1.19,$13.30,0.59,$-0.02,0.0,$1.10,7.12,$0.92B,$0.27B,3.39,$0.02B,$0.94B,0.02,$1.94B,$0.92B,47.22%,$1.94B,$0.24B,12.10%,$1.94B,$0.24B,12.10%,$1.94B,$0.26B,13.39%,$1.94B,$0.23B,12.05%,$1.94B,$0.16B,8.24%,$0.16B,$0.94B,18.82%,$0.16B,$0.94B,19.01%,$0.16B,$1.23B,14.47%,$0.24B,$0.96B,27.28%,$555,$302,$253,$0,$199,$499,$56,$-3,$53,$16,$37,$37,$36,$63,$56,$143,148,$0.25,$0.25,$249,$327,$0,$922,$269,$0,$8,$18,$308,$1230,$272,$16,$0,$16,$288,$0,$597,$9,$943,$1230,$133,$20,$15,$35,$-63,$-102,$32,$-26,$-169,$-1,$-66,$-0,$0,$30,$0,$30,$0,$-36,$-1,$0,$-0,$12,$12,$0,$8,$20,$-17,$10,$0
33,2010-06-30,12.17,$6.24,1.95,$12.41,0.98,$0.85,14.36,$1.03,11.86,$0.84B,$0.23B,3.64,$0.02B,$0.89B,0.02,$1.79B,$0.85B,47.32%,$1.79B,$0.21B,11.77%,$1.79B,$0.21B,11.77%,$1.79B,$0.24B,13.11%,$1.79B,$0.22B,12.00%,$1.79B,$0.15B,8.26%,$0.15B,$0.89B,18.65%,$0.15B,$0.88B,18.83%,$0.15B,$1.14B,14.37%,$0.21B,$0.90B,26.21%,$505,$267,$238,$0,$180,$446,$59,$2,$61,$20,$40,$40,$40,$65,$59,$142,147,$0.28,$0.27,$273,$219,$0,$844,$237,$0,$8,$33,$292,$1136,$232,$15,$0,$15,$246,$0,$560,$-1,$890,$1136,$97,$13,$10,$22,$-91,$4,$-5,$-25,$-127,$-8,$-30,$-0,$0,$0,$30,$30,$0,$0,$-0,$-0,$-0,$11,$11,$0,$7,$17,$8,$7,$0
34,2010-03-31,12.11,$5.76,2.1,$11.14,1.09,$1.40,8.63,$0.71,17.05,$0.85B,$0.24B,3.51,$0.00B,$0.82B,0.0,$1.59B,$0.73B,46.22%,$1.59B,$0.14B,9.08%,$1.59B,$0.14B,9.08%,$1.59B,$0.17B,10.53%,$1.59B,$0.15B,9.21%,$1.59B,$0.10B,6.43%,$0.10B,$0.82B,13.72%,$0.10B,$0.81B,13.85%,$0.10B,$1.06B,10.50%,$0.14B,$0.82B,19.07%,$493,$255,$237,$0,$157,$412,$81,$1,$82,$26,$56,$56,$56,$87,$81,$140,146,$0.40,$0.38,$326,$189,$0,$852,$174,$0,$9,$13,$210,$1061,$243,$0,$0,$0,$243,$0,$520,$5,$819,$1061,$56,$6,$6,$12,$-71,$35,$-12,$-5,$-44,$24,$-7,$0,$0,$30,$0,$30,$0,$23,$-0,$-1,$-1,$8,$8,$0,$6,$13,$60,$3,$0
35,2009-12-31,9.8,$5.36,1.83,$10.24,0.96,$0.96,10.2,$0.38,25.58,$0.79B,$0.23B,3.42,$0.02B,$0.75B,0.02,$1.44B,$0.62B,43.25%,$1.44B,$0.07B,4.81%,$1.44B,$0.07B,4.81%,$1.44B,$0.09B,6.34%,$1.44B,$0.07B,4.94%,$1.44B,$0.05B,3.76%,$0.05B,$0.75B,7.63%,$0.05B,$0.74B,7.70%,$0.05B,$1.00B,5.94%,$0.07B,$0.77B,9.54%,$389,$199,$189,$0,$148,$349,$39,$-1,$38,$12,$26,$26,$28,$45,$39,$139,141,$0.20,$0.20,$296,$224,$0,$789,$172,$0,$9,$12,$207,$996,$231,$16,$0,$16,$246,$0,$464,$9,$749,$996,$55,$21,$8,$29,$-47,$39,$28,$2,$31,$115,$-35,$-5,$0,$66,$0,$66,$0,$26,$-0,$2,$2,$3,$3,$0,$4,$8,$151,$6,$0
36,2009-09-30,5.71,$5.15,1.11,$9.61,0.59,$-0.28,0.0,$0.04,131.95,$0.73B,$0.20B,3.71,$0.02B,$0.72B,0.02,$1.35B,$0.53B,39.18%,$1.35B,$-0.01B,-0.37%,$1.35B,$-0.01B,-0.37%,$1.35B,$0.02B,1.19%,$1.35B,$-0.00B,-0.07%,$1.35B,$0.01B,0.45%,$0.01B,$0.72B,0.87%,$0.01B,$0.71B,0.88%,$0.01B,$0.93B,0.68%,$-0.01B,$0.73B,-0.71%,$405,$222,$184,$0,$152,$373,$32,$2,$34,$10,$24,$24,$24,$38,$32,$139,141,$0.18,$0.17,$276,$192,$0,$725,$173,$0,$5,$13,$203,$928,$195,$16,$0,$16,$211,$0,$436,$8,$717,$928,$27,$15,$3,$19,$-31,$71,$-6,$1,$45,$90,$-31,$0,$0,$66,$0,$66,$0,$34,$0,$0,$0,$1,$1,$0,$4,$6,$131,$2,$0
37,2009-06-30,3.26,$4.95,0.66,$9.61,0.34,$-1.14,0.0,$0.07,46.52,$0.70B,$0.20B,3.55,$0.02B,$0.69B,0.02,$1.34B,$0.52B,38.35%,$1.34B,$-0.01B,-0.89%,$1.34B,$-0.01B,-0.89%,$1.34B,$0.01B,0.52%,$1.34B,$-0.01B,-0.82%,$1.34B,$0.01B,0.74%,$0.01B,$0.69B,1.46%,$0.01B,$0.68B,1.47%,$0.01B,$0.90B,1.14%,$-0.01B,$0.71B,-1.72%,$299,$176,$123,$0,$131,$307,$-8,$-0,$-8,$-1,$-7,$-7,$-6,$-3,$-8,$139,139,$-0.04,$-0.04,$257,$191,$0,$697,$174,$0,$5,$12,$205,$901,$196,$16,$0,$16,$212,$0,$411,$7,$689,$901,$2,$10,$-1,$9,$-17,$71,$11,$-2,$57,$68,$-27,$0,$0,$96,$0,$96,$0,$69,$-0,$1,$0,$1,$1,$0,$3,$4,$142,$1,$0
38,2009-03-31,2.22,$4.87,0.46,$9.99,0.22,$-1.90,0.0,$0.22,10.26,$0.53B,$0.12B,4.43,$0.02B,$0.68B,0.02,$1.40B,$0.55B,39.24%,$1.40B,$0.02B,1.14%,$1.40B,$0.02B,1.14%,$1.40B,$0.03B,2.43%,$1.40B,$0.02B,1.29%,$1.40B,$0.03B,2.22%,$0.03B,$0.68B,4.56%,$0.03B,$0.67B,4.58%,$0.03B,$0.81B,3.53%,$0.02B,$0.69B,2.30%,$343,$218,$125,$0,$120,$337,$6,$0,$7,$-1,$7,$7,$8,$11,$6,$139,139,$0.06,$0.06,$73,$173,$0,$531,$170,$78,$5,$9,$281,$812,$120,$16,$0,$16,$136,$0,$417,$-10,$676,$812,$8,$5,$1,$5,$-58,$88,$-65,$-0,$-42,$-28,$-16,$0,$0,$0,$0,$0,$0,$-16,$-0,$1,$1,$0,$0,$0,$2,$3,$-42,$1,$0
39,2008-12-31,4.27,$4.85,0.88,$10.27,0.42,$-1.88,0.0,$0.39,10.96,$0.60B,$0.19B,3.2,$0.02B,$0.67B,0.02,$1.44B,$0.60B,41.36%,$1.44B,$0.06B,4.02%,$1.44B,$0.06B,4.02%,$1.44B,$0.08B,5.27%,$1.44B,$0.06B,4.23%,$1.44B,$0.06B,3.89%,$0.06B,$0.67B,8.28%,$0.06B,$0.67B,8.30%,$0.06B,$0.88B,6.29%,$0.06B,$0.69B,8.38%,$298,$203,$95,$0,$131,$333,$-35,$1,$-34,$-13,$-22,$-22,$-20,$-30,$-35,$138,140,$-0.15,$-0.14,$115,$261,$0,$602,$158,$82,$5,$11,$274,$876,$188,$16,$0,$16,$204,$0,$409,$-5,$672,$876,$55,$18,$11,$29,$-27,$-58,$0,$-24,$-106,$-22,$-72,$0,$-5,$9,$0,$9,$0,$-68,$-0,$0,$-0,$4,$4,$0,$5,$9,$-85,$2,$0
40,2008-09-30,5.61,$5.05,1.11,$10.30,0.54,$-0.71,0.0,$0.62,9.0,$0.66B,$0.20B,3.28,$0.02B,$0.70B,0.02,$1.45B,$0.63B,43.46%,$1.45B,$0.11B,7.61%,$1.45B,$0.11B,7.61%,$1.45B,$0.13B,8.86%,$1.45B,$0.11B,7.89%,$1.45B,$0.09B,6.09%,$0.09B,$0.70B,13.24%,$0.09B,$0.70B,13.24%,$0.09B,$0.91B,10.02%,$0.11B,$0.71B,16.16%,$403,$232,$172,$0,$147,$378,$25,$-0,$24,$-4,$28,$28,$28,$29,$25,$138,141,$0.20,$0.20,$151,$250,$0,$657,$134,$88,$0,$19,$257,$914,$200,$16,$0,$19,$219,$0,$430,$2,$695,$914,$76,$13,$12,$25,$-55,$-47,$11,$-27,$-115,$-15,$-48,$0,$0,$9,$0,$9,$0,$-39,$-0,$0,$-0,$3,$3,$0,$4,$6,$-49,$2,$0
41,2008-06-30,6.59,$4.92,1.34,$10.25,0.64,$-0.30,0.0,$0.60,10.98,$0.65B,$0.22B,3.01,$0.02B,$0.68B,0.02,$1.44B,$0.63B,43.70%,$1.44B,$0.12B,8.49%,$1.44B,$0.12B,8.49%,$1.44B,$0.14B,9.74%,$1.44B,$0.13B,8.98%,$1.44B,$0.09B,5.92%,$0.09B,$0.68B,13.20%,$0.09B,$0.68B,13.20%,$0.09B,$0.91B,10.10%,$0.12B,$0.69B,18.48%,$355,$197,$157,$0,$137,$335,$20,$1,$21,$7,$14,$14,$15,$24,$20,$138,140,$0.11,$0.10,$146,$234,$0,$651,$127,$94,$0,$23,$260,$911,$216,$16,$0,$19,$235,$0,$401,$12,$676,$911,$47,$9,$8,$17,$-68,$-30,$20,$-23,$-91,$-27,$-38,$0,$0,$5,$0,$5,$0,$-33,$-0,$0,$-0,$3,$3,$0,$4,$6,$-54,$1,$0
42,2008-03-31,6.74,$4.80,1.4,$10.23,0.66,$0.09,78.15,$0.60,11.16,$0.61B,$0.18B,3.34,$0.02B,$0.66B,0.03,$1.43B,$0.62B,43.44%,$1.43B,$0.12B,8.65%,$1.43B,$0.12B,8.65%,$1.43B,$0.14B,9.90%,$1.43B,$0.13B,9.14%,$1.43B,$0.09B,5.93%,$0.09B,$0.66B,13.70%,$0.09B,$0.66B,13.70%,$0.09B,$0.86B,10.45%,$0.12B,$0.68B,19.47%,$385,$213,$172,$0,$125,$337,$48,$1,$50,$17,$33,$33,$33,$53,$48,$138,140,$0.24,$0.23,$152,$178,$0,$607,$107,$0,$0,$23,$252,$859,$182,$16,$0,$16,$198,$0,$387,$14,$661,$859,$33,$4,$6,$10,$-71,$26,$-17,$-23,$-72,$-29,$-14,$0,$0,$-5,$0,$-5,$0,$-19,$-0,$0,$-0,$1,$1,$0,$0,$1,$-47,$1,$0
43,2007-12-31,6.5,$4.56,1.43,$9.94,0.65,$0.05,133.26,$0.54,11.97,$0.71B,$0.19B,3.83,$0.02B,$0.63B,0.03,$1.39B,$0.60B,43.04%,$1.39B,$0.11B,8.11%,$1.39B,$0.11B,8.11%,$1.39B,$0.13B,9.40%,$1.39B,$0.12B,8.54%,$1.39B,$0.08B,5.45%,$0.08B,$0.63B,12.75%,$0.08B,$0.63B,12.76%,$0.08B,$0.83B,9.80%,$0.11B,$0.64B,18.44%,$302,$175,$127,$0,$111,$285,$17,$1,$19,$6,$12,$12,$12,$22,$17,$136,140,$0.09,$0.09,$304,$204,$0,$709,$98,$0,$0,$7,$119,$828,$185,$16,$0,$16,$201,$0,$354,$15,$627,$828,$76,$18,$3,$21,$8,$-3,$3,$-0,$5,$101,$-31,$0,$0,$-45,$0,$-45,$0,$-76,$-1,$0,$-1,$8,$8,$0,$2,$10,$39,$1,$0
44,2007-09-30,7.37,$4.46,1.65,$9.99,0.74,$-0.46,0.0,$0.57,13.0,$0.65B,$0.14B,4.61,$0.02B,$0.61B,0.03,$1.40B,$0.60B,43.05%,$1.40B,$0.12B,8.52%,$1.40B,$0.12B,8.52%,$1.40B,$0.14B,9.81%,$1.40B,$0.12B,8.88%,$1.40B,$0.08B,5.66%,$0.08B,$0.61B,14.32%,$0.08B,$0.61B,14.34%,$0.08B,$0.77B,10.49%,$0.12B,$0.63B,20.14%,$395,$223,$172,$0,$136,$358,$37,$2,$39,$14,$25,$25,$25,$41,$37,$137,140,$0.18,$0.18,$224,$187,$0,$654,$97,$0,$0,$7,$116,$770,$142,$17,$0,$17,$158,$0,$342,$14,$611,$770,$64,$13,$7,$20,$-30,$14,$-35,$-5,$-63,$21,$-26,$0,$0,$0,$-43,$-43,$0,$-69,$-0,$0,$-0,$7,$7,$0,$0,$7,$-39,$1,$0
45,2007-06-30,9.73,$4.25,2.29,$9.55,1.02,$-0.49,0.0,$0.55,17.59,$0.69B,$0.20B,3.49,$0.02B,$0.58B,0.03,$1.33B,$0.58B,43.17%,$1.33B,$0.12B,8.71%,$1.33B,$0.12B,8.71%,$1.33B,$0.14B,10.14%,$1.33B,$0.12B,8.93%,$1.33B,$0.08B,5.71%,$0.08B,$0.58B,15.05%,$0.08B,$0.58B,15.07%,$0.08B,$0.80B,10.38%,$0.12B,$0.60B,21.31%,$352,$200,$152,$0,$131,$330,$22,$1,$23,$8,$15,$15,$15,$26,$22,$137,140,$0.11,$0.11,$219,$205,$0,$685,$94,$0,$0,$5,$111,$796,$196,$17,$0,$17,$213,$0,$317,$10,$583,$796,$39,$8,$7,$15,$-50,$-4,$15,$-2,$-46,$8,$-17,$0,$0,$-42,$0,$-42,$0,$-60,$-0,$0,$-0,$7,$7,$0,$0,$7,$-44,$1,$0
46,2007-03-31,11.19,$4.12,2.71,$9.16,1.22,$-0.49,0.0,$0.58,19.3,$0.60B,$0.13B,4.65,$0.02B,$0.56B,0.03,$1.27B,$0.55B,43.55%,$1.27B,$0.12B,9.51%,$1.27B,$0.12B,9.51%,$1.27B,$0.14B,11.08%,$1.27B,$0.12B,9.67%,$1.27B,$0.08B,6.21%,$0.08B,$0.56B,17.19%,$0.08B,$0.56B,17.23%,$0.08B,$0.71B,11.27%,$0.12B,$0.58B,24.26%,$345,$196,$149,$0,$113,$307,$37,$1,$38,$14,$24,$24,$24,$42,$37,$132,140,$0.18,$0.17,$177,$169,$0,$603,$89,$0,$0,$5,$106,$709,$130,$17,$0,$17,$146,$0,$302,$8,$563,$709,$24,$4,$5,$9,$-47,$32,$-52,$-2,$-73,$-40,$-8,$0,$0,$0,$-2,$-2,$0,$-9,$-0,$0,$-0,$4,$4,$0,$1,$4,$-45,$0,$0
47,2006-12-31,11.1,$3.58,3.11,$8.74,1.27,$-0.32,0.0,$0.53,20.82,$0.63B,$0.18B,3.49,$0.11B,$0.45B,0.24,$1.21B,$0.52B,43.40%,$1.21B,$0.11B,9.21%,$1.21B,$0.11B,9.21%,$1.21B,$0.13B,10.87%,$1.21B,$0.11B,9.29%,$1.21B,$0.07B,5.98%,$0.07B,$0.45B,17.49%,$0.07B,$0.45B,17.53%,$0.07B,$0.74B,10.73%,$0.11B,$0.56B,23.43%,$304,$177,$128,$0,$106,$281,$23,$1,$24,$9,$15,$15,$15,$28,$23,$123,138,$0.12,$0.11,$220,$201,$0,$632,$88,$0,$1,$5,$105,$737,$181,$107,$0,$107,$288,$0,$281,$11,$449,$737,$71,$17,$5,$22,$-48,$-64,$50,$-2,$-67,$26,$-28,$0,$0,$-60,$0,$-60,$0,$-88,$-1,$0,$-1,$19,$19,$0,$5,$23,$-37,$2,$0
