,Date,Stock Price,Book Value per Share,Price to Book Ratio,TTM Sales per Share,Price to Sales Ratio,TTM FCF per Share,Price to FCF Ratio,TTM Net EPS,PE Ratio,Current Assets,Current Liabilities,Current Ratio,Long Term Debt,Shareholder's Equity_x,Debt to Equity Ratio,TTM Revenue_x,TTM Gross Profit,Gross Margin,TTM Revenue_y,TTM Operating Income,Operating Margin,TTM Revenue_x,TTM EBIT,EBIT Margin,TTM Revenue_y,TTM EBITDA,EBITDA Margin,TTM Revenue_x,TTM Pre-Tax Income,Pre-Tax Margin,TTM Revenue_y,TTM Net Income_x,Net Margin,TTM Net Income_y,Shareholder's Equity_y,Return on Equity,TTM Net Income_x,Tangible Equity,Return on Tangible Equity,TTM Net Income_y,Total Assets,Return on Assets,TTM Net Income,LT Investments & Debt,Return on Investment,revenue,cost-goods-sold,gross-profit,research-development-expenses,selling-general-administrative-expenses,operating-expenses,operating-income,total-non-operating-income-expense,pre-tax-income,total-provision-income-taxes,income-after-taxes,income-from-continuous-operations,net-income,ebitda,ebit,basic-shares-outstanding,shares-outstanding,eps-basic-net-earnings-per-share,eps-earnings-per-share-diluted,cash-on-hand,inventory,other-current-assets,total-current-assets,net-property-plant-equipment,long-term-investments,goodwill-intangible-assets-total,other-long-term-assets,total-long-term-assets,total-assets,total-current-liabilities,long-term-debt,other-non-current-liabilities,total-long-term-liabilities,total-liabilities,common-stock-net,retained-earnings-accumulated-deficit,comprehensive-income,total-share-holder-equity,total-liabilities-share-holders-equity,net-income-loss,total-depreciation-amortization-cash-flow,other-non-cash-items,total-non-cash-items,change-in-accounts-receivable,change-in-inventories,change-in-accounts-payable,change-in-assets-liabilities,total-change-in-assets-liabilities,cash-flow-from-operating-activities,net-change-in-property-plant-equipment,net-change-in-intangible-assets,net-acquisitions-divestitures,net-change-in-short-term-investments,net-change-in-long-term-investments,net-change-in-investments-total,investing-activities-other,cash-flow-from-investing-activities,net-long-term-debt,net-current-debt,debt-issuance-retirement-net-total,net-common-equity-issued-repurchased,net-total-equity-issued-repurchased,total-common-preferred-stock-dividends-paid,financial-activities-other,cash-flow-from-financial-activities,net-cash-flow,stock-based-compensation,common-stock-dividends-paid
0,2018-09-30,58.9,$37.15,1.59,$61.71,0.95,$-9.13,0.0,$9.49,6.21,$1.05B,$0.91B,1.15,$2.75B,$1.93B,1.43,$3.27B,$2.36B,72.03%,$3.27B,$0.45B,13.63%,$3.27B,$0.45B,13.63%,$3.27B,$0.45B,13.63%,$3.27B,$0.34B,10.49%,$3.27B,$0.50B,15.38%,$0.50B,$1.93B,27.45%,$0.50B,$1.93B,27.45%,$0.50B,$6.19B,8.68%,$0.45B,$4.68B,10.18%,$829,$235,$594,$0,$301,$691,$138,$-28,$110,$27,$83,$83,$83,$138,$138,$52,53,$1.60,$1.57,$705,$124,$53,$1052,$4875,$0,$0,$258,$5133,$6185,$913,$2752,$63,$3343,$4256,$688,$1715,$-0,$1929,$6185,$0,$0,$0,$0,$0,$0,$0,$0,$0,$573,$-849,$0,$0,$123,$0,$123,$-17,$-742,$363,$0,$363,$-34,$-34,$-15,$-3,$312,$143,$0,$-15
1,2018-06-30,51.9,$35.75,1.45,$61.37,0.85,$-4.43,0.0,$8.93,5.81,$0.98B,$0.88B,1.11,$2.62B,$1.86B,1.41,$3.26B,$2.32B,71.21%,$3.26B,$0.42B,12.90%,$3.26B,$0.42B,12.90%,$3.26B,$0.42B,12.90%,$3.26B,$0.32B,9.83%,$3.26B,$0.47B,14.56%,$0.47B,$1.86B,27.57%,$0.47B,$1.86B,27.59%,$0.47B,$5.91B,8.47%,$0.42B,$4.48B,10.06%,$806,$233,$572,$0,$294,$679,$127,$-28,$98,$22,$76,$76,$76,$127,$127,$52,53,$1.46,$1.43,$649,$119,$35,$975,$4659,$0,$0,$279,$4938,$5913,$879,$2616,$62,$3174,$4052,$683,$1637,$-0,$1861,$5913,$0,$0,$0,$0,$0,$0,$0,$0,$0,$351,$-554,$0,$0,$30,$0,$30,$-24,$-548,$223,$0,$223,$-21,$-21,$-9,$-2,$191,$-6,$0,$-9
2,2018-03-31,54.29,$34.34,1.58,$61.09,0.89,$-3.09,0.0,$8.45,6.43,$0.95B,$0.84B,1.14,$2.44B,$1.79B,1.37,$3.24B,$2.28B,70.38%,$3.24B,$0.40B,12.34%,$3.24B,$0.40B,12.34%,$3.24B,$0.40B,12.34%,$3.24B,$0.30B,9.35%,$3.24B,$0.45B,13.82%,$0.45B,$1.79B,27.83%,$0.45B,$1.79B,27.89%,$0.45B,$5.60B,8.21%,$0.40B,$4.23B,9.94%,$783,$243,$541,$0,$307,$695,$88,$-21,$67,$13,$54,$54,$54,$88,$88,$52,53,$1.05,$1.03,$646,$117,$30,$953,$4375,$0,$0,$272,$4648,$5600,$838,$2441,$62,$2975,$3813,$680,$1566,$-0,$1787,$5600,$0,$0,$0,$0,$0,$0,$0,$0,$0,$166,$-199,$0,$0,$109,$0,$109,$-11,$-100,$30,$0,$30,$-21,$-21,$-4,$-1,$4,$70,$0,$-4
3,2017-12-31,52.9,$33.90,1.56,$60.36,0.88,$-3.23,0.0,$8.07,6.55,$1.00B,$0.82B,1.21,$2.38B,$1.75B,1.36,$3.21B,$2.25B,70.11%,$3.21B,$0.39B,12.11%,$3.21B,$0.39B,12.11%,$3.21B,$0.39B,12.11%,$3.21B,$0.29B,8.99%,$3.21B,$0.43B,13.39%,$0.43B,$1.75B,28.47%,$0.43B,$1.75B,28.58%,$0.43B,$5.47B,8.04%,$0.39B,$4.13B,9.97%,$853,$204,$649,$0,$370,$760,$93,$-25,$68,$-222,$290,$290,$290,$93,$93,$52,53,$5.59,$5.47,$685,$120,$27,$995,$4183,$0,$0,$296,$4479,$5474,$821,$2377,$59,$2899,$3720,$673,$1517,$-0,$1754,$5474,$429,$293,$-135,$158,$4,$-1,$47,$46,$97,$684,$-656,$0,$0,$-94,$0,$-94,$-2,$-751,$141,$0,$141,$-15,$-15,$-15,$-9,$102,$35,$11,$-15
4,2017-09-30,43.67,$28.47,1.53,$59.01,0.74,$-15.99,0.0,$-2.61,0.0,$0.99B,$0.80B,1.24,$2.38B,$1.48B,1.61,$3.11B,$2.12B,68.26%,$3.11B,$-0.11B,-3.50%,$3.11B,$-0.11B,-3.50%,$3.11B,$-0.11B,-3.50%,$3.11B,$-0.21B,-6.62%,$3.11B,$-0.13B,-4.21%,$-0.13B,$1.48B,-9.32%,$-0.13B,$1.47B,-9.35%,$-0.13B,$5.39B,-2.51%,$-0.11B,$3.86B,-2.90%,$813,$257,$556,$0,$304,$700,$112,$-26,$87,$33,$54,$54,$54,$112,$112,$52,53,$1.04,$1.01,$675,$121,$30,$994,$4142,$0,$6,$247,$4395,$5389,$799,$2381,$47,$3115,$3914,$669,$1231,$-0,$1476,$5389,$0,$0,$0,$0,$0,$0,$0,$0,$0,$532,$-559,$0,$0,$-159,$0,$-159,$23,$-695,$139,$0,$139,$-11,$-11,$-11,$-3,$114,$-49,$0,$-11
5,2017-06-30,34.85,$27.48,1.27,$58.94,0.59,$-19.65,0.0,$-2.83,0.0,$0.95B,$0.78B,1.22,$2.45B,$1.42B,1.72,$3.10B,$2.12B,68.58%,$3.10B,$-0.14B,-4.36%,$3.10B,$-0.14B,-4.36%,$3.10B,$-0.14B,-4.36%,$3.10B,$-0.23B,-7.30%,$3.10B,$-0.14B,-4.65%,$-0.14B,$1.42B,-9.98%,$-0.14B,$1.42B,-10.02%,$-0.14B,$5.36B,-2.77%,$-0.14B,$3.88B,-3.67%,$792,$257,$535,$0,$295,$685,$107,$-26,$81,$30,$50,$50,$50,$107,$107,$52,53,$0.98,$0.95,$635,$118,$18,$947,$4135,$0,$7,$272,$4414,$5361,$779,$2453,$48,$3159,$3938,$665,$1182,$-0,$1423,$5361,$0,$0,$0,$0,$0,$0,$0,$0,$0,$332,$-464,$0,$0,$-73,$0,$-73,$8,$-528,$215,$0,$215,$-12,$-12,$-7,$-3,$193,$-3,$0,$-7
6,2017-03-31,33.93,$26.55,1.28,$59.36,0.57,$-18.82,0.0,$-3.01,0.0,$0.92B,$0.75B,1.22,$2.32B,$1.37B,1.69,$3.11B,$2.14B,69.00%,$3.11B,$-0.16B,-5.09%,$3.11B,$-0.16B,-5.09%,$3.11B,$-0.16B,-5.09%,$3.11B,$-0.24B,-7.76%,$3.11B,$-0.15B,-4.96%,$-0.15B,$1.37B,-10.39%,$-0.15B,$1.37B,-10.44%,$-0.15B,$5.13B,-3.01%,$-0.16B,$3.70B,-4.46%,$747,$240,$507,$0,$298,$671,$76,$-24,$52,$18,$35,$35,$35,$76,$76,$52,53,$0.67,$0.65,$586,$120,$25,$917,$3928,$0,$8,$276,$4212,$5128,$751,$2321,$50,$3004,$3755,$662,$1135,$-0,$1374,$5128,$0,$0,$0,$0,$0,$0,$0,$0,$0,$144,$-184,$0,$0,$-73,$0,$-73,$8,$-249,$70,$0,$70,$-12,$-12,$-3,$-1,$54,$-51,$0,$-3
7,2016-12-31,36.02,$26.10,1.38,$59.96,0.6,$-19.22,0.0,$-3.14,0.0,$0.92B,$0.75B,1.23,$2.24B,$1.35B,1.66,$3.12B,$2.17B,69.43%,$3.12B,$-0.17B,-5.51%,$3.12B,$-0.17B,-5.51%,$3.12B,$-0.17B,-5.51%,$3.12B,$-0.25B,-7.95%,$3.12B,$-0.16B,-5.19%,$-0.16B,$1.35B,-10.64%,$-0.16B,$1.35B,-10.69%,$-0.16B,$5.01B,-3.22%,$-0.17B,$3.59B,-5.03%,$758,$233,$525,$0,$314,$1162,$-404,$-22,$-426,$-156,$-270,$-270,$-270,$-404,$-404,$52,52,$-5.25,$-5.22,$565,$119,$18,$918,$3822,$0,$0,$268,$4090,$5008,$747,$2240,$51,$2910,$3657,$657,$1104,$-0,$1351,$5008,$-162,$285,$388,$673,$15,$-2,$-48,$33,$-5,$507,$-1137,$0,$0,$-123,$0,$-123,$83,$-1177,$624,$0,$624,$8,$8,$-9,$-9,$614,$-56,$8,$-9
8,2016-09-30,26.07,$31.39,0.83,$59.77,0.44,$-12.45,0.0,$2.86,9.11,$1.13B,$0.76B,1.48,$1.93B,$1.62B,1.19,$3.12B,$2.16B,69.22%,$3.12B,$0.28B,9.11%,$3.12B,$0.28B,9.11%,$3.12B,$0.28B,9.11%,$3.12B,$0.24B,7.83%,$3.12B,$0.15B,4.75%,$0.15B,$1.62B,9.48%,$0.15B,$1.62B,9.54%,$0.15B,$5.30B,2.98%,$0.28B,$3.55B,8.57%,$800,$243,$557,$0,$322,$714,$86,$-19,$67,$25,$41,$41,$41,$86,$86,$52,52,$0.80,$0.79,$564,$143,$28,$1125,$3894,$0,$9,$272,$4175,$5300,$760,$1925,$53,$2916,$3676,$658,$1377,$-0,$1624,$5300,$0,$0,$0,$0,$0,$0,$0,$0,$0,$399,$-618,$0,$0,$-219,$0,$-219,$-13,$-851,$299,$0,$299,$10,$10,$-7,$-5,$298,$-153,$0,$-7
9,2016-06-30,26.07,$30.64,0.85,$60.01,0.43,$-14.68,0.0,$2.78,9.38,$1.03B,$0.74B,1.39,$1.76B,$1.58B,1.12,$3.11B,$2.15B,69.04%,$3.11B,$0.28B,8.87%,$3.11B,$0.28B,8.87%,$3.11B,$0.28B,8.87%,$3.11B,$0.24B,7.62%,$3.11B,$0.14B,4.60%,$0.14B,$1.58B,9.41%,$0.14B,$1.57B,9.47%,$0.14B,$5.00B,2.93%,$0.28B,$3.34B,8.48%,$801,$247,$554,$0,$321,$717,$84,$-18,$66,$26,$40,$40,$40,$84,$84,$51,52,$0.78,$0.77,$513,$141,$13,$1028,$3657,$0,$9,$302,$3969,$4997,$741,$1763,$52,$2679,$3420,$650,$1338,$-0,$1577,$4997,$0,$0,$0,$0,$0,$0,$0,$0,$0,$228,$-315,$0,$0,$10,$0,$10,$-9,$-313,$113,$0,$113,$4,$4,$-4,$-2,$110,$25,$0,$-4
10,2016-03-31,19.65,$29.90,0.66,$59.83,0.33,$-19.35,0.0,$2.62,7.5,$0.99B,$0.73B,1.35,$1.67B,$1.54B,1.08,$3.10B,$2.13B,68.61%,$3.10B,$0.26B,8.46%,$3.10B,$0.26B,8.46%,$3.10B,$0.26B,8.46%,$3.10B,$0.22B,7.23%,$3.10B,$0.13B,4.33%,$0.13B,$1.54B,9.04%,$0.13B,$1.53B,9.11%,$0.13B,$4.81B,2.77%,$0.26B,$3.20B,8.13%,$762,$231,$531,$0,$327,$700,$62,$-17,$45,$17,$27,$27,$27,$62,$62,$51,52,$0.53,$0.52,$442,$141,$18,$985,$3503,$0,$10,$316,$3828,$4813,$729,$1665,$54,$2548,$3277,$646,$1300,$-0,$1536,$4813,$0,$0,$0,$0,$0,$0,$0,$0,$0,$35,$-95,$0,$0,$99,$0,$99,$-6,$-1,$11,$0,$11,$2,$2,$-2,$-1,$10,$44,$0,$-2
11,2015-12-31,18.66,$29.54,0.63,$59.69,0.31,$-22.40,0.0,$2.28,8.19,$1.02B,$0.75B,1.36,$1.66B,$1.51B,1.1,$3.10B,$2.10B,67.79%,$3.10B,$0.23B,7.56%,$3.10B,$0.23B,7.56%,$3.10B,$0.23B,7.56%,$3.10B,$0.20B,6.30%,$3.10B,$0.12B,3.78%,$0.12B,$1.51B,8.07%,$0.12B,$1.50B,8.13%,$0.12B,$4.78B,2.44%,$0.23B,$3.17B,7.32%,$753,$238,$515,$0,$317,$701,$52,$14,$66,$25,$40,$40,$40,$52,$52,$51,52,$0.79,$0.77,$498,$140,$18,$1018,$3471,$0,$10,$283,$3764,$4782,$748,$1659,$56,$2528,$3276,$642,$1275,$-0,$1506,$4782,$118,$265,$46,$310,$21,$-3,$10,$-38,$-11,$417,$-701,$0,$0,$129,$0,$129,$2,$-570,$238,$0,$238,$-9,$-9,$-8,$3,$223,$71,$5,$-8
12,2015-09-30,16.32,$28.84,0.57,$61.05,0.27,$-23.84,0.0,$0.96,17.0,$1.36B,$0.73B,1.85,$1.84B,$1.46B,1.26,$3.16B,$2.11B,66.95%,$3.16B,$0.16B,5.13%,$3.16B,$0.16B,5.13%,$3.16B,$0.16B,5.13%,$3.16B,$0.09B,2.92%,$3.16B,$0.05B,1.55%,$0.05B,$1.46B,3.44%,$0.05B,$1.45B,3.47%,$0.05B,$4.93B,1.04%,$0.16B,$3.31B,5.16%,$794,$247,$547,$0,$324,$716,$78,$-19,$60,$23,$36,$36,$36,$78,$78,$51,51,$0.72,$0.71,$568,$140,$34,$1358,$3472,$0,$11,$85,$3568,$4926,$734,$1843,$50,$2731,$3465,$635,$1237,$-0,$1462,$4926,$0,$0,$0,$0,$0,$0,$0,$0,$0,$314,$-641,$0,$0,$-14,$0,$-14,$-1,$-656,$362,$0,$362,$-14,$-14,$-6,$-4,$337,$-6,$0,$-6
13,2015-06-30,14.69,$28.19,0.52,$61.61,0.24,$-23.01,0.0,$1.04,14.13,$1.33B,$0.75B,1.79,$1.80B,$1.42B,1.27,$3.20B,$2.12B,66.28%,$3.20B,$0.14B,4.47%,$3.20B,$0.14B,4.47%,$3.20B,$0.14B,4.47%,$3.20B,$0.10B,3.13%,$3.20B,$0.05B,1.69%,$0.05B,$1.42B,3.81%,$0.05B,$1.41B,3.85%,$0.05B,$4.84B,1.18%,$0.14B,$3.22B,4.71%,$788,$256,$532,$0,$319,$718,$70,$-17,$53,$21,$31,$31,$31,$70,$70,$51,52,$0.61,$0.61,$505,$140,$25,$1331,$3405,$0,$12,$90,$3507,$4839,$745,$1800,$49,$2671,$3415,$631,$1202,$-0,$1423,$4839,$0,$0,$0,$0,$0,$0,$0,$0,$0,$169,$-498,$0,$0,$93,$0,$93,$-19,$-424,$318,$0,$318,$-17,$-17,$-4,$-3,$294,$39,$0,$-4
14,2015-03-31,14.24,$27.31,0.52,$62.39,0.23,$-21.87,0.0,$0.14,101.69,$1.29B,$0.70B,1.84,$1.68B,$1.41B,1.19,$3.23B,$2.09B,64.91%,$3.23B,$0.09B,2.67%,$3.23B,$0.09B,2.67%,$3.23B,$0.09B,2.67%,$3.23B,$0.04B,1.30%,$3.23B,$0.01B,0.25%,$0.01B,$1.41B,0.57%,$0.01B,$1.40B,0.57%,$0.01B,$4.61B,0.18%,$0.09B,$3.09B,2.94%,$760,$256,$504,$0,$327,$726,$34,$-18,$16,$7,$10,$10,$10,$34,$34,$51,52,$0.19,$0.18,$480,$139,$21,$1285,$3219,$0,$12,$97,$3329,$4614,$697,$1677,$49,$2506,$3203,$629,$1173,$0,$1411,$4614,$0,$0,$0,$0,$0,$0,$0,$0,$0,$35,$-256,$0,$0,$38,$0,$38,$-19,$-237,$164,$0,$164,$1,$1,$-2,$-2,$160,$-41,$0,$-2
15,2014-12-31,12.91,$27.36,0.47,$62.89,0.21,$-19.62,0.0,$-0.48,0.0,$1.09B,$0.68B,1.59,$1.53B,$1.40B,1.1,$3.24B,$2.06B,63.53%,$3.24B,$0.02B,0.74%,$3.24B,$0.02B,0.74%,$3.24B,$0.02B,0.74%,$3.24B,$-0.02B,-0.53%,$3.24B,$-0.03B,-0.77%,$-0.03B,$1.40B,-1.78%,$-0.03B,$1.39B,-1.79%,$-0.03B,$4.41B,-0.58%,$0.02B,$2.93B,0.85%,$814,$284,$530,$0,$337,$834,$-20,$-17,$-37,$-9,$-28,$-28,$-28,$-20,$-20,$51,51,$-0.55,$-0.53,$559,$137,$16,$1090,$3021,$0,$13,$286,$3320,$4410,$684,$1534,$50,$2325,$3010,$627,$1165,$-0,$1400,$4410,$-24,$260,$45,$305,$26,$-1,$6,$-19,$9,$290,$-644,$0,$0,$71,$17,$88,$-30,$-585,$275,$0,$275,$-6,$-6,$-8,$-5,$257,$-38,$5,$-8
16,2014-09-30,7.54,$27.84,0.27,$62.35,0.12,$-9.89,0.0,$0.23,32.77,$1.34B,$0.66B,2.03,$1.47B,$1.43B,1.03,$3.23B,$2.03B,62.98%,$3.23B,$0.08B,2.32%,$3.23B,$0.08B,2.32%,$3.23B,$0.08B,2.32%,$3.23B,$0.04B,1.08%,$3.23B,$0.01B,0.37%,$0.01B,$1.43B,0.85%,$0.01B,$1.42B,0.86%,$0.01B,$4.40B,0.28%,$0.08B,$2.90B,2.71%,$835,$282,$553,$0,$347,$776,$59,$9,$68,$27,$41,$41,$41,$59,$59,$51,52,$0.81,$0.79,$556,$150,$25,$1337,$2959,$0,$13,$89,$3061,$4398,$660,$1468,$48,$2309,$2969,$625,$1195,$0,$1429,$4398,$0,$0,$0,$0,$0,$0,$0,$0,$0,$186,$-476,$0,$0,$94,$17,$112,$-28,$-393,$199,$0,$199,$-5,$-5,$-6,$-1,$187,$-19,$0,$-6
17,2014-06-30,11.78,$27.24,0.43,$62.48,0.19,$-1.56,0.0,$-0.06,0.0,$1.32B,$0.65B,2.04,$1.38B,$1.39B,0.99,$3.24B,$2.02B,62.36%,$3.24B,$0.07B,2.22%,$3.24B,$0.07B,2.22%,$3.24B,$0.07B,2.22%,$3.24B,$0.01B,0.34%,$3.24B,$-0.00B,-0.09%,$-0.00B,$1.39B,-0.21%,$-0.00B,$1.37B,-0.21%,$-0.00B,$4.28B,-0.07%,$0.07B,$2.77B,2.63%,$817,$309,$507,$0,$343,$803,$13,$-18,$-5,$10,$-15,$-15,$-15,$13,$13,$51,51,$-0.29,$-0.29,$467,$146,$19,$1316,$2839,$0,$14,$111,$2964,$4280,$646,$1377,$74,$2246,$2892,$622,$1156,$2,$1388,$4280,$0,$0,$0,$0,$0,$0,$0,$0,$0,$32,$-298,$0,$0,$102,$0,$102,$-25,$-221,$99,$0,$99,$-6,$-6,$-4,$-1,$87,$-101,$0,$-4
18,2014-03-31,12.26,$27.43,0.45,$62.49,0.2,$4.78,2.56,$0.62,19.78,$1.41B,$0.64B,2.22,$1.29B,$1.41B,0.91,$3.27B,$2.06B,62.92%,$3.27B,$0.11B,3.37%,$3.27B,$0.11B,3.37%,$3.27B,$0.11B,3.37%,$3.27B,$0.05B,1.53%,$3.27B,$0.03B,1.01%,$0.03B,$1.41B,2.32%,$0.03B,$1.40B,2.35%,$0.03B,$4.20B,0.78%,$0.11B,$2.70B,4.00%,$772,$306,$467,$0,$355,$800,$-28,$-15,$-43,$-20,$-23,$-23,$-23,$-28,$-28,$51,51,$-0.44,$-0.44,$543,$143,$19,$1410,$2665,$0,$14,$113,$2792,$4202,$636,$1286,$73,$2157,$2793,$621,$1173,$2,$1409,$4202,$0,$0,$0,$0,$0,$0,$0,$0,$0,$-34,$-67,$0,$0,$39,$0,$39,$-18,$-46,$-4,$0,$-4,$-1,$-1,$-2,$-1,$-8,$-88,$0,$-2
19,2013-12-31,14.16,$28.01,0.51,$62.79,0.23,$6.15,2.3,$1.12,12.65,$1.46B,$0.62B,2.36,$1.29B,$1.44B,0.9,$3.30B,$2.09B,63.45%,$3.30B,$0.15B,4.67%,$3.30B,$0.15B,4.67%,$3.30B,$0.15B,4.67%,$3.30B,$0.10B,2.97%,$3.30B,$0.06B,1.79%,$0.06B,$1.44B,4.17%,$0.06B,$1.42B,4.21%,$0.06B,$4.23B,1.39%,$0.15B,$2.73B,5.54%,$804,$298,$506,$0,$338,$774,$31,$-16,$15,$6,$9,$9,$9,$31,$31,$52,52,$0.17,$0.17,$670,$138,$27,$1464,$2652,$0,$15,$102,$2769,$4233,$620,$1293,$76,$2178,$2798,$619,$1198,$2,$1435,$4233,$59,$245,$2,$247,$19,$-25,$18,$-27,$-16,$290,$-142,$0,$0,$69,$17,$86,$-9,$-66,$-171,$0,$-171,$-7,$-7,$-8,$0,$-187,$37,$4,$-8
20,2013-09-30,13.87,$27.87,0.5,$63.11,0.22,$8.10,1.71,$1.22,11.37,$1.48B,$0.60B,2.45,$1.35B,$1.43B,0.95,$3.30B,$2.11B,63.89%,$3.30B,$0.17B,5.05%,$3.30B,$0.17B,5.05%,$3.30B,$0.17B,5.05%,$3.30B,$0.11B,3.30%,$3.30B,$0.06B,1.94%,$0.06B,$1.43B,4.56%,$0.06B,$1.41B,4.61%,$0.06B,$4.27B,1.51%,$0.17B,$2.78B,5.93%,$851,$307,$543,$0,$337,$795,$56,$-12,$44,$18,$26,$26,$26,$56,$56,$52,53,$0.51,$0.50,$728,$133,$28,$1480,$2664,$0,$16,$106,$2786,$4265,$604,$1349,$76,$2234,$2838,$618,$1191,$1,$1427,$4265,$0,$0,$0,$0,$0,$0,$0,$0,$0,$251,$-106,$0,$0,$116,$17,$132,$-13,$14,$-118,$0,$-118,$-7,$-7,$-6,$-0,$-131,$134,$0,$-6
21,2013-06-30,12.9,$27.20,0.47,$63.53,0.2,$9.41,1.37,$1.12,11.52,$1.44B,$0.59B,2.45,$1.38B,$1.41B,0.98,$3.32B,$2.12B,63.74%,$3.32B,$0.17B,5.00%,$3.32B,$0.17B,5.00%,$3.32B,$0.17B,5.00%,$3.32B,$0.10B,2.95%,$3.32B,$0.06B,1.78%,$0.06B,$1.41B,4.24%,$0.06B,$1.40B,4.29%,$0.06B,$4.24B,1.39%,$0.17B,$2.79B,5.83%,$839,$300,$539,$0,$333,$789,$51,$-17,$34,$13,$21,$21,$21,$51,$51,$52,53,$0.40,$0.39,$666,$129,$23,$1436,$2678,$0,$16,$110,$2804,$4240,$586,$1383,$59,$2243,$2829,$615,$1167,$1,$1411,$4240,$0,$0,$0,$0,$0,$0,$0,$0,$0,$129,$-69,$0,$0,$50,$0,$50,$-16,$-35,$-86,$0,$-86,$2,$2,$-4,$-0,$-88,$7,$0,$-4
22,2013-03-31,15.24,$26.84,0.57,$65.66,0.23,$9.84,1.55,$1.06,14.38,$1.41B,$0.59B,2.41,$1.44B,$1.39B,1.03,$3.42B,$2.11B,61.74%,$3.42B,$0.16B,4.74%,$3.42B,$0.16B,4.74%,$3.42B,$0.16B,4.74%,$3.42B,$0.09B,2.72%,$3.42B,$0.06B,1.61%,$0.06B,$1.39B,4.00%,$0.06B,$1.38B,4.05%,$0.06B,$4.22B,1.30%,$0.16B,$2.83B,5.65%,$803,$299,$504,$0,$332,$788,$16,$-10,$5,$2,$3,$3,$3,$16,$16,$52,52,$0.06,$0.06,$631,$119,$23,$1413,$2679,$0,$17,$111,$2807,$4220,$587,$1438,$58,$2241,$2828,$614,$1148,$2,$1392,$4220,$0,$0,$0,$0,$0,$0,$0,$0,$0,$-14,$-17,$0,$0,$87,$0,$87,$-15,$54,$-32,$0,$-32,$2,$2,$-2,$0,$-31,$9,$0,$-2
23,2012-12-31,11.77,$26.97,0.44,$68.46,0.17,$10.12,1.16,$0.99,11.89,$1.43B,$0.59B,2.43,$1.47B,$1.39B,1.06,$3.53B,$2.11B,59.82%,$3.53B,$0.17B,4.70%,$3.53B,$0.17B,4.70%,$3.53B,$0.17B,4.70%,$3.53B,$0.09B,2.46%,$3.53B,$0.05B,1.44%,$0.05B,$1.39B,3.75%,$0.05B,$1.37B,3.80%,$0.05B,$4.26B,1.20%,$0.17B,$2.86B,5.75%,$811,$285,$525,$0,$555,$767,$44,$-18,$26,$12,$14,$14,$14,$44,$44,$51,52,$0.27,$0.27,$709,$114,$31,$1434,$2711,$0,$17,$92,$2821,$4255,$591,$1471,$57,$2276,$2867,$610,$1147,$2,$1387,$4255,$51,$252,$25,$277,$0,$2,$-8,$-35,$-39,$289,$-42,$0,$0,$-59,$8,$-50,$-16,$-108,$-173,$0,$-173,$5,$5,$-8,$0,$-176,$4,$5,$-8
24,2012-09-30,9.76,$26.78,0.36,$70.03,0.14,$5.16,1.89,$0.37,26.37,$1.39B,$0.60B,2.32,$1.53B,$1.37B,1.11,$3.62B,$2.08B,57.27%,$3.62B,$0.12B,3.23%,$3.62B,$0.12B,3.23%,$3.62B,$0.12B,3.23%,$3.62B,$0.03B,0.91%,$3.62B,$0.02B,0.52%,$0.02B,$1.37B,1.41%,$0.02B,$1.36B,1.43%,$0.02B,$4.25B,0.45%,$0.12B,$2.90B,4.02%,$865,$318,$547,$0,$326,$810,$55,$-22,$33,$12,$21,$21,$21,$55,$55,$51,52,$0.41,$0.40,$739,$114,$32,$1392,$2748,$0,$18,$91,$2856,$4249,$600,$1526,$54,$2276,$2876,$607,$1135,$2,$1372,$4249,$0,$0,$0,$0,$0,$0,$0,$0,$0,$244,$-32,$0,$0,$-85,$0,$-85,$-4,$-121,$-114,$0,$-114,$3,$3,$-6,$0,$-116,$7,$0,$-6
25,2012-06-30,6.14,$26.51,0.23,$71.70,0.09,$2.16,2.84,$-0.03,0.0,$1.32B,$0.63B,2.1,$1.53B,$1.35B,1.13,$3.71B,$2.05B,55.13%,$3.71B,$0.09B,2.40%,$3.71B,$0.09B,2.40%,$3.71B,$0.09B,2.40%,$3.71B,$-0.00B,-0.05%,$3.71B,$-0.00B,-0.05%,$-0.00B,$1.35B,-0.15%,$-0.00B,$1.33B,-0.15%,$-0.00B,$4.24B,-0.05%,$0.09B,$2.88B,3.04%,$937,$405,$533,$0,$320,$890,$47,$-18,$29,$12,$17,$17,$17,$47,$47,$51,52,$0.33,$0.33,$629,$114,$31,$1324,$2797,$0,$18,$99,$2915,$4239,$630,$1525,$49,$2258,$2888,$603,$1116,$2,$1351,$4239,$0,$0,$0,$0,$0,$0,$0,$0,$0,$109,$-27,$0,$0,$-3,$0,$-3,$-13,$-43,$-85,$0,$-85,$1,$1,$-4,$0,$-87,$-21,$0,$-4
26,2012-03-31,10.34,$26.19,0.39,$71.10,0.15,$0.74,14.0,$-0.33,0.0,$1.30B,$0.63B,2.05,$1.58B,$1.33B,1.18,$3.71B,$2.02B,54.50%,$3.71B,$0.06B,1.64%,$3.71B,$0.06B,1.64%,$3.71B,$0.06B,1.64%,$3.71B,$-0.03B,-0.89%,$3.71B,$-0.02B,-0.46%,$-0.02B,$1.33B,-1.26%,$-0.02B,$1.32B,-1.28%,$-0.02B,$4.27B,-0.39%,$0.06B,$2.91B,2.06%,$921,$412,$509,$0,$326,$901,$20,$-22,$-1,$-1,$-1,$-1,$-1,$20,$20,$51,51,$-0.01,$-0.01,$583,$119,$37,$1300,$2842,$0,$19,$105,$2966,$4266,$634,$1578,$49,$2297,$2931,$602,$1101,$2,$1334,$4266,$0,$0,$0,$0,$0,$0,$0,$0,$0,$-2,$-14,$0,$0,$33,$0,$33,$-13,$6,$-34,$0,$-34,$1,$1,$-2,$0,$-34,$-31,$0,$-2
27,2011-12-31,11.73,$26.36,0.45,$69.08,0.17,$0.35,33.18,$-0.53,0.0,$1.28B,$0.62B,2.05,$1.61B,$1.33B,1.2,$3.66B,$2.00B,54.80%,$3.66B,$0.04B,1.12%,$3.66B,$0.04B,1.12%,$3.66B,$0.04B,1.12%,$3.66B,$-0.05B,-1.40%,$3.66B,$-0.03B,-0.74%,$-0.03B,$1.33B,-1.98%,$-0.03B,$1.32B,-2.01%,$-0.03B,$4.28B,-0.62%,$0.04B,$2.94B,1.36%,$900,$414,$486,$0,$562,$905,$-5,$-23,$-28,$-10,$-18,$-18,$-18,$-5,$-5,$52,52,$-0.34,$-0.34,$647,$115,$31,$1280,$2883,$0,$19,$98,$3001,$4282,$624,$1607,$50,$2323,$2948,$599,$1104,$1,$1334,$4282,$-27,$254,$-15,$239,$-11,$-9,$10,$-42,$-50,$162,$-172,$0,$0,$174,$0,$174,$-13,$-12,$-83,$14,$-69,$-56,$-56,$-8,$0,$-133,$17,$5,$-8
28,2011-09-30,10.69,$26.65,0.4,$65.93,0.16,$4.18,2.56,$0.49,21.82,$1.33B,$0.63B,2.13,$1.63B,$1.36B,1.2,$3.55B,$1.99B,56.01%,$3.55B,$0.10B,2.76%,$3.55B,$0.10B,2.76%,$3.55B,$0.10B,2.76%,$3.55B,$0.03B,0.79%,$3.55B,$0.03B,0.79%,$0.03B,$1.36B,2.02%,$0.03B,$1.34B,2.05%,$0.03B,$4.34B,0.64%,$0.10B,$2.99B,3.19%,$955,$437,$519,$0,$319,$929,$27,$-29,$-2,$-2,$0,$0,$0,$27,$27,$52,52,$0.00,$0.00,$724,$113,$30,$1330,$2878,$0,$20,$109,$3007,$4337,$625,$1626,$51,$2352,$2978,$598,$1124,$3,$1359,$4337,$0,$0,$0,$0,$0,$0,$0,$0,$0,$161,$-105,$0,$0,$52,$0,$52,$-13,$-66,$-72,$7,$-65,$-52,$-52,$-6,$0,$-123,$-28,$0,$-6
29,2011-06-30,13.94,$26.37,0.53,$59.76,0.23,$5.62,2.48,$0.94,14.83,$1.33B,$0.59B,2.26,$1.66B,$1.37B,1.21,$3.28B,$1.87B,56.99%,$3.28B,$0.13B,3.93%,$3.28B,$0.13B,3.93%,$3.28B,$0.13B,3.93%,$3.28B,$0.07B,2.10%,$3.28B,$0.05B,1.61%,$0.05B,$1.37B,3.79%,$0.05B,$1.35B,3.85%,$0.05B,$4.34B,1.21%,$0.13B,$3.03B,4.13%,$934,$426,$508,$0,$323,$915,$19,$-21,$-2,$-3,$2,$2,$2,$19,$19,$53,53,$0.03,$0.03,$685,$113,$27,$1325,$2878,$0,$21,$116,$3015,$4340,$586,$1658,$52,$2382,$2967,$594,$1126,$2,$1372,$4340,$0,$0,$0,$0,$0,$0,$0,$0,$0,$51,$-42,$0,$0,$148,$0,$148,$-9,$97,$-79,$0,$-79,$-38,$-38,$-4,$0,$-121,$27,$0,$-4
30,2011-03-31,15.62,$26.08,0.6,$53.72,0.29,$5.84,2.67,$1.24,12.6,$1.34B,$0.58B,2.31,$1.71B,$1.39B,1.23,$3.00B,$1.74B,58.02%,$3.00B,$0.16B,5.30%,$3.00B,$0.16B,5.30%,$3.00B,$0.16B,5.30%,$3.00B,$0.10B,3.40%,$3.00B,$0.07B,2.33%,$0.07B,$1.39B,5.00%,$0.07B,$1.37B,5.08%,$0.07B,$4.40B,1.59%,$0.16B,$3.10B,5.03%,$866,$376,$490,$0,$323,$866,$0,$-19,$-19,$-7,$-11,$-11,$-11,$0,$0,$54,54,$-0.21,$-0.21,$707,$108,$24,$1337,$2919,$0,$21,$122,$3062,$4399,$579,$1708,$48,$2428,$3008,$593,$1127,$2,$1392,$4399,$0,$0,$0,$0,$0,$0,$0,$0,$0,$-8,$-29,$0,$0,$115,$0,$115,$-11,$74,$-31,$0,$-31,$-17,$-17,$-2,$0,$-51,$15,$0,$-2
31,2010-12-31,14.39,$26.23,0.55,$48.75,0.3,$5.78,2.49,$1.71,8.42,$1.38B,$0.57B,2.41,$1.74B,$1.42B,1.22,$2.77B,$1.63B,58.81%,$2.77B,$0.20B,7.27%,$2.77B,$0.20B,7.27%,$2.77B,$0.20B,7.27%,$2.77B,$0.15B,5.28%,$2.77B,$0.10B,3.47%,$0.10B,$1.42B,6.89%,$0.10B,$1.40B,7.00%,$0.10B,$4.46B,2.18%,$0.20B,$3.16B,6.29%,$796,$324,$472,$0,$217,$744,$52,$-0,$51,$14,$37,$37,$37,$52,$52,$56,57,$0.67,$0.66,$805,$107,$32,$1379,$2943,$0,$22,$112,$3077,$4456,$572,$1739,$46,$2463,$3035,$590,$1140,$1,$1421,$4456,$96,$236,$30,$266,$3,$-2,$6,$-32,$-15,$347,$-142,$0,$-54,$-26,$0,$-26,$44,$-177,$-104,$4,$-100,$-25,$-25,$-9,$0,$-134,$36,$6,$-9
32,2010-09-30,12.83,$25.36,0.51,$45.30,0.28,$1.95,6.57,$1.38,9.3,$1.42B,$0.47B,3.02,$1.79B,$1.40B,1.28,$2.57B,$1.52B,58.88%,$2.57B,$0.20B,7.66%,$2.57B,$0.20B,7.66%,$2.57B,$0.20B,7.66%,$2.57B,$0.13B,4.94%,$2.57B,$0.08B,3.07%,$0.08B,$1.40B,5.74%,$0.08B,$1.38B,5.84%,$0.08B,$4.40B,1.81%,$0.20B,$3.19B,6.16%,$687,$286,$401,$0,$212,$629,$58,$-19,$39,$14,$25,$25,$25,$58,$58,$56,57,$0.46,$0.45,$883,$93,$25,$1416,$2848,$0,$22,$110,$2980,$4396,$468,$1787,$43,$2526,$2994,$588,$1105,$1,$1402,$4396,$0,$0,$0,$0,$0,$0,$0,$0,$0,$268,$-125,$0,$0,$-149,$0,$-149,$44,$-230,$-22,$4,$-18,$-8,$-8,$-7,$0,$-32,$6,$0,$-7
33,2010-06-30,11.2,$24.76,0.45,$44.47,0.25,$1.47,7.63,$1.43,7.83,$1.30B,$0.45B,2.89,$1.82B,$1.39B,1.31,$2.52B,$1.50B,59.23%,$2.52B,$0.20B,8.00%,$2.52B,$0.20B,8.00%,$2.52B,$0.20B,8.00%,$2.52B,$0.13B,5.31%,$2.52B,$0.08B,3.29%,$0.08B,$1.39B,6.11%,$0.08B,$1.36B,6.21%,$0.08B,$4.37B,1.93%,$0.20B,$3.20B,6.39%,$650,$273,$377,$0,$201,$600,$49,$-19,$31,$12,$19,$19,$19,$49,$49,$56,57,$0.33,$0.33,$746,$90,$20,$1300,$2884,$0,$23,$159,$3067,$4367,$450,$1818,$39,$2532,$2982,$583,$1082,$1,$1385,$4367,$0,$0,$0,$0,$0,$0,$0,$0,$0,$133,$-111,$0,$0,$-35,$0,$-35,$-13,$-159,$8,$4,$12,$1,$1,$-5,$0,$9,$-17,$0,$-5
34,2010-03-31,13.05,$24.44,0.53,$45.37,0.29,$2.17,6.0,$1.56,8.36,$1.28B,$0.46B,2.76,$1.87B,$1.37B,1.37,$2.57B,$1.50B,58.10%,$2.57B,$0.21B,8.28%,$2.57B,$0.21B,8.28%,$2.57B,$0.21B,8.28%,$2.57B,$0.14B,5.60%,$2.57B,$0.09B,3.50%,$0.09B,$1.37B,6.72%,$0.09B,$1.34B,6.85%,$0.09B,$4.40B,2.13%,$0.21B,$3.23B,6.86%,$632,$257,$376,$0,$246,$590,$42,$-18,$25,$10,$15,$15,$15,$42,$42,$56,57,$0.27,$0.26,$730,$90,$16,$1281,$2926,$0,$23,$168,$3118,$4399,$464,$1866,$40,$2567,$3032,$582,$1065,$1,$1367,$4399,$0,$0,$0,$0,$0,$0,$0,$0,$0,$58,$-102,$0,$0,$-9,$0,$-9,$-17,$-128,$55,$4,$59,$1,$1,$-2,$0,$58,$-12,$0,$-2
35,2009-12-31,15.41,$24.32,0.63,$45.96,0.34,$3.69,4.18,$1.46,10.56,$1.25B,$0.45B,2.79,$1.82B,$1.35B,1.34,$2.61B,$1.49B,56.85%,$2.61B,$0.21B,8.11%,$2.61B,$0.21B,8.11%,$2.61B,$0.21B,8.11%,$2.61B,$0.13B,5.05%,$2.61B,$0.08B,3.21%,$0.08B,$1.35B,6.38%,$0.08B,$1.33B,6.50%,$0.08B,$4.31B,2.03%,$0.21B,$3.17B,6.98%,$604,$244,$361,$0,$88,$556,$48,$-17,$32,$12,$20,$20,$20,$48,$48,$56,57,$0.35,$0.35,$732,$90,$25,$1254,$2880,$0,$24,$153,$3057,$4311,$450,$1816,$39,$2509,$2959,$578,$1052,$1,$1352,$4311,$84,$222,$73,$294,$-56,$15,$47,$-22,$-15,$363,$-374,$0,$0,$-162,$0,$-162,$-27,$-563,$153,$16,$170,$-10,$-10,$-9,$0,$151,$-49,$8,$-9
36,2009-09-30,15.07,$23.97,0.63,$48.00,0.31,$7.73,1.95,$1.49,10.11,$1.31B,$0.43B,3.03,$1.71B,$1.33B,1.28,$2.75B,$1.50B,54.30%,$2.75B,$0.22B,7.92%,$2.75B,$0.22B,7.92%,$2.75B,$0.22B,7.92%,$2.75B,$0.13B,4.79%,$2.75B,$0.09B,3.09%,$0.09B,$1.33B,6.55%,$0.09B,$1.31B,6.68%,$0.09B,$4.15B,2.09%,$0.22B,$3.04B,7.31%,$638,$257,$381,$0,$234,$574,$63,$-18,$46,$17,$29,$29,$29,$63,$63,$56,57,$0.51,$0.50,$815,$103,$34,$1308,$2737,$0,$25,$79,$2840,$4148,$431,$1707,$40,$2384,$2816,$576,$1035,$1,$1333,$4148,$0,$0,$0,$0,$0,$0,$0,$0,$0,$309,$-194,$0,$0,$-132,$0,$-132,$-25,$-351,$34,$8,$42,$-10,$-10,$-7,$-1,$24,$-18,$0,$-7
37,2009-06-30,9.25,$23.51,0.39,$52.94,0.17,$10.29,0.9,$1.44,6.42,$1.27B,$0.43B,2.97,$1.68B,$1.30B,1.29,$3.05B,$1.51B,49.56%,$3.05B,$0.22B,7.05%,$3.05B,$0.22B,7.05%,$3.05B,$0.22B,7.05%,$3.05B,$0.13B,4.17%,$3.05B,$0.08B,2.69%,$0.08B,$1.30B,6.40%,$0.08B,$1.28B,6.53%,$0.08B,$4.08B,2.03%,$0.22B,$2.98B,7.28%,$699,$321,$377,$0,$233,$639,$60,$-18,$41,$15,$26,$26,$26,$60,$60,$56,57,$0.47,$0.46,$732,$104,$31,$1274,$2706,$0,$25,$77,$2808,$4082,$429,$1681,$40,$2351,$2780,$572,$1009,$0,$1302,$4082,$0,$0,$0,$0,$0,$0,$0,$0,$0,$167,$-105,$0,$0,$-25,$0,$-25,$-23,$-153,$5,$4,$10,$-12,$-12,$-5,$-1,$-8,$7,$0,$-5
38,2009-03-31,11.24,$23.05,0.49,$56.98,0.2,$12.20,0.92,$1.61,6.98,$1.24B,$0.42B,2.96,$1.67B,$1.28B,1.3,$3.30B,$1.55B,46.83%,$3.30B,$0.23B,6.91%,$3.30B,$0.23B,6.91%,$3.30B,$0.23B,6.91%,$3.30B,$0.14B,4.36%,$3.30B,$0.09B,2.79%,$0.09B,$1.28B,7.28%,$0.09B,$1.26B,7.44%,$0.09B,$4.02B,2.29%,$0.23B,$2.95B,7.76%,$673,$306,$367,$0,$239,$632,$41,$-28,$13,$4,$9,$9,$9,$41,$41,$57,57,$0.17,$0.16,$697,$105,$37,$1235,$2680,$0,$26,$82,$2788,$4022,$417,$1666,$41,$2323,$2740,$571,$985,$1,$1283,$4022,$0,$0,$0,$0,$0,$0,$0,$0,$0,$67,$-25,$0,$0,$15,$0,$15,$-24,$-34,$-14,$1,$-13,$-7,$-7,$-2,$0,$-22,$11,$0,$-2
39,2008-12-31,16.75,$22.63,0.74,$59.41,0.28,$12.90,1.3,$1.92,8.72,$1.22B,$0.39B,3.16,$1.68B,$1.28B,1.32,$3.50B,$1.60B,45.71%,$3.50B,$0.26B,7.29%,$3.50B,$0.26B,7.29%,$3.50B,$0.26B,7.29%,$3.50B,$0.18B,5.03%,$3.50B,$0.11B,3.20%,$0.11B,$1.28B,8.98%,$0.11B,$1.25B,9.18%,$0.11B,$4.01B,2.80%,$0.26B,$2.96B,8.70%,$743,$373,$370,$0,$70,$689,$54,$-21,$32,$11,$21,$21,$21,$54,$54,$58,59,$0.37,$0.38,$705,$104,$38,$1221,$2709,$0,$26,$58,$2794,$4014,$387,$1682,$42,$2352,$2739,$562,$978,$-3,$1276,$4014,$113,$220,$67,$287,$26,$1,$-24,$-21,$-9,$391,$-165,$0,$0,$-50,$0,$-50,$-44,$-260,$-39,$3,$-36,$-85,$-85,$-7,$0,$-128,$3,$11,$-7
40,2008-09-30,14.36,$22.39,0.64,$60.47,0.24,$10.27,1.4,$2.21,6.5,$1.26B,$0.42B,2.96,$1.66B,$1.27B,1.31,$3.61B,$1.64B,45.54%,$3.61B,$0.29B,7.90%,$3.61B,$0.29B,7.90%,$3.61B,$0.29B,7.90%,$3.61B,$0.20B,5.65%,$3.61B,$0.13B,3.66%,$0.13B,$1.27B,10.65%,$0.13B,$1.24B,10.89%,$0.13B,$4.00B,3.30%,$0.29B,$2.93B,9.70%,$934,$537,$397,$0,$247,$874,$60,$-19,$41,$15,$26,$26,$26,$60,$60,$57,58,$0.46,$0.45,$730,$108,$55,$1257,$2663,$0,$27,$56,$2746,$4003,$424,$1661,$42,$2314,$2738,$558,$958,$-2,$1265,$4003,$0,$0,$0,$0,$0,$0,$0,$0,$0,$349,$-84,$0,$0,$-47,$0,$-47,$-42,$-174,$-65,$0,$-64,$-76,$-76,$-6,$0,$-146,$29,$0,$-6
41,2008-06-30,11.35,$21.82,0.52,$58.20,0.19,$7.07,1.6,$2.44,4.65,$1.23B,$0.44B,2.76,$1.69B,$1.23B,1.37,$3.55B,$1.43B,40.28%,$3.55B,$0.32B,8.93%,$3.55B,$0.32B,8.93%,$3.55B,$0.32B,8.93%,$3.55B,$0.23B,6.51%,$3.55B,$0.15B,4.20%,$0.15B,$1.23B,12.11%,$0.15B,$1.21B,12.39%,$0.15B,$4.01B,3.74%,$0.32B,$2.92B,10.73%,$951,$539,$412,$0,$251,$878,$73,$-15,$58,$22,$36,$36,$36,$73,$73,$57,58,$0.63,$0.63,$669,$111,$27,$1225,$2695,$0,$27,$58,$2781,$4006,$444,$1686,$41,$2329,$2774,$549,$934,$-1,$1232,$4006,$0,$0,$0,$0,$0,$0,$0,$0,$0,$249,$-74,$0,$0,$66,$0,$66,$-30,$-38,$-41,$0,$-41,$-82,$-82,$-4,$0,$-126,$85,$0,$-4
42,2008-03-31,18.9,$21.03,0.9,$54.92,0.34,$3.45,5.48,$2.43,7.78,$1.16B,$0.42B,2.74,$1.71B,$1.22B,1.4,$3.45B,$1.20B,34.68%,$3.45B,$0.33B,9.64%,$3.45B,$0.33B,9.64%,$3.45B,$0.33B,9.64%,$3.45B,$0.24B,6.92%,$3.45B,$0.15B,4.46%,$0.15B,$1.22B,12.54%,$0.15B,$1.19B,12.84%,$0.15B,$3.98B,3.87%,$0.33B,$2.93B,11.18%,$868,$449,$419,$0,$261,$800,$68,$-24,$45,$16,$29,$29,$29,$68,$68,$60,61,$0.49,$0.47,$618,$108,$30,$1156,$2712,$0,$28,$81,$2821,$3977,$423,$1708,$41,$2337,$2760,$546,$899,$-1,$1217,$3977,$0,$0,$0,$0,$0,$0,$0,$0,$0,$136,$-48,$0,$0,$139,$0,$139,$-26,$66,$-23,$0,$-23,$-60,$-60,$-2,$0,$-85,$117,$0,$-2
43,2007-12-31,23.99,$20.60,1.16,$52.75,0.45,$0.90,26.57,$2.49,9.64,$1.21B,$0.40B,3.04,$1.73B,$1.25B,1.39,$3.38B,$0.95B,28.03%,$3.38B,$0.35B,10.22%,$3.38B,$0.35B,10.22%,$3.38B,$0.35B,10.22%,$3.38B,$0.25B,7.41%,$3.38B,$0.16B,4.74%,$0.16B,$1.25B,13.01%,$0.16B,$1.22B,13.32%,$0.16B,$3.99B,4.02%,$0.35B,$2.98B,11.50%,$855,$439,$415,$0,$207,$771,$84,$-23,$60,$19,$41,$41,$41,$84,$84,$61,62,$0.67,$0.66,$660,$106,$45,$1210,$2701,$0,$28,$51,$2780,$3991,$398,$1733,$40,$2346,$2745,$534,$872,$-1,$1246,$3991,$159,$209,$119,$328,$-52,$-21,$-21,$23,$-91,$396,$-320,$0,$0,$-302,$0,$-302,$-40,$-662,$67,$12,$79,$-97,$-97,$-8,$0,$-26,$-293,$13,$-8
44,2007-09-30,22.47,$20.04,1.12,$51.18,0.44,$4.18,5.38,$2.31,9.73,$1.19B,$0.43B,2.76,$1.77B,$1.23B,1.44,$3.31B,$0.70B,21.12%,$3.31B,$0.34B,10.27%,$3.31B,$0.34B,10.27%,$3.31B,$0.34B,10.27%,$3.31B,$0.24B,7.37%,$3.31B,$0.15B,4.53%,$0.15B,$1.23B,12.36%,$0.15B,$1.20B,12.67%,$0.15B,$3.98B,3.83%,$0.34B,$2.99B,11.45%,$876,$692,$184,$0,$38,$783,$92,$-24,$68,$25,$43,$43,$43,$92,$92,$62,63,$0.69,$0.68,$728,$100,$26,$1187,$2706,$0,$29,$53,$2788,$3975,$430,$1769,$36,$2320,$2749,$530,$833,$-1,$1226,$3975,$0,$0,$0,$0,$0,$0,$0,$0,$0,$366,$-279,$0,$0,$-323,$0,$-323,$-39,$-641,$101,$12,$113,$-77,$-77,$-6,$0,$30,$-245,$0,$-6
45,2007-06-30,21.24,$19.43,1.09,$49.54,0.43,$6.39,3.32,$2.26,9.4,$1.17B,$0.43B,2.73,$1.79B,$1.23B,1.46,$3.23B,$0.68B,21.11%,$3.23B,$0.34B,10.42%,$3.23B,$0.34B,10.42%,$3.23B,$0.34B,10.42%,$3.23B,$0.24B,7.44%,$3.23B,$0.15B,4.59%,$0.15B,$1.23B,12.40%,$0.15B,$1.20B,12.73%,$0.15B,$3.98B,3.87%,$0.34B,$3.02B,11.65%,$855,$675,$180,$0,$39,$766,$89,$-23,$66,$25,$41,$41,$41,$89,$89,$64,65,$0.64,$0.62,$677,$95,$34,$1174,$2724,$0,$30,$55,$2809,$3983,$430,$1792,$36,$2328,$2758,$527,$792,$-2,$1225,$3983,$0,$0,$0,$0,$0,$0,$0,$0,$0,$213,$-253,$0,$0,$-48,$0,$-48,$-33,$-334,$124,$12,$136,$-34,$-34,$-4,$0,$98,$-23,$0,$-4
46,2007-03-31,23.89,$19.00,1.26,$48.83,0.49,$9.22,2.59,$2.26,10.57,$1.19B,$0.45B,2.65,$1.78B,$1.22B,1.46,$3.16B,$0.68B,21.39%,$3.16B,$0.34B,10.66%,$3.16B,$0.34B,10.66%,$3.16B,$0.34B,10.66%,$3.16B,$0.24B,7.56%,$3.16B,$0.15B,4.62%,$0.15B,$1.22B,12.57%,$0.15B,$1.19B,12.91%,$0.15B,$3.97B,3.96%,$0.34B,$3.01B,12.16%,$789,$622,$167,$0,$37,$709,$80,$-23,$56,$22,$35,$35,$35,$80,$80,$64,66,$0.54,$0.53,$683,$95,$50,$1189,$2686,$0,$30,$62,$2778,$3967,$448,$1783,$39,$2294,$2743,$505,$754,$-1,$1224,$3967,$0,$0,$0,$0,$0,$0,$0,$0,$0,$101,$-173,$0,$0,$-5,$0,$-5,$-23,$-201,$112,$7,$119,$9,$9,$-2,$0,$127,$27,$0,$-2
47,2006-12-31,22.69,$18.42,1.23,$49.14,0.46,$10.87,2.09,$2.30,9.86,$1.10B,$0.41B,2.68,$1.68B,$1.18B,1.42,$3.12B,$0.68B,21.67%,$3.12B,$0.34B,10.91%,$3.12B,$0.34B,10.91%,$3.12B,$0.34B,10.91%,$3.12B,$0.24B,7.67%,$3.12B,$0.15B,4.69%,$0.15B,$1.18B,13.32%,$0.15B,$1.15B,13.71%,$0.15B,$3.73B,4.12%,$0.34B,$2.85B,12.95%,$790,$622,$168,$0,$39,$711,$79,$-25,$54,$23,$31,$31,$31,$79,$79,$64,65,$0.49,$0.48,$652,$85,$46,$1095,$2558,$0,$31,$47,$2636,$3731,$408,$1676,$35,$2145,$2553,$491,$721,$-1,$1178,$3731,$146,$190,$103,$293,$-1,$-17,$59,$1,$53,$492,$-200,$0,$0,$-61,$0,$-61,$-45,$-305,$30,$-49,$-19,$115,$115,$-7,$0,$89,$275,$11,$-7
