,Date,Stock Price,Book Value per Share,Price to Book Ratio,TTM Sales per Share,Price to Sales Ratio,TTM FCF per Share,Price to FCF Ratio,TTM Net EPS,PE Ratio,Current Assets,Current Liabilities,Current Ratio,Long Term Debt,Shareholder's Equity_x,Debt to Equity Ratio,TTM Revenue_x,TTM Gross Profit,Gross Margin,TTM Revenue_y,TTM Operating Income,Operating Margin,TTM Revenue_x,TTM EBIT,EBIT Margin,TTM Revenue_y,TTM EBITDA,EBITDA Margin,TTM Revenue_x,TTM Pre-Tax Income,Pre-Tax Margin,TTM Revenue_y,TTM Net Income_x,Net Margin,TTM Net Income_y,Shareholder's Equity_y,Return on Equity,TTM Net Income_x,Tangible Equity,Return on Tangible Equity,TTM Net Income_y,Total Assets,Return on Assets,TTM Net Income,LT Investments & Debt,Return on Investment,revenue,cost-goods-sold,gross-profit,research-development-expenses,selling-general-administrative-expenses,operating-expenses,operating-income,total-non-operating-income-expense,pre-tax-income,total-provision-income-taxes,income-after-taxes,income-from-continuous-operations,net-income,ebitda,ebit,basic-shares-outstanding,shares-outstanding,eps-basic-net-earnings-per-share,eps-earnings-per-share-diluted,cash-on-hand,inventory,other-current-assets,total-current-assets,net-property-plant-equipment,long-term-investments,goodwill-intangible-assets-total,other-long-term-assets,total-long-term-assets,total-assets,total-current-liabilities,long-term-debt,other-non-current-liabilities,total-long-term-liabilities,total-liabilities,common-stock-net,retained-earnings-accumulated-deficit,comprehensive-income,total-share-holder-equity,total-liabilities-share-holders-equity,net-income-loss,total-depreciation-amortization-cash-flow,other-non-cash-items,total-non-cash-items,change-in-accounts-receivable,change-in-inventories,change-in-accounts-payable,change-in-assets-liabilities,total-change-in-assets-liabilities,cash-flow-from-operating-activities,net-change-in-property-plant-equipment,net-change-in-intangible-assets,net-acquisitions-divestitures,net-change-in-short-term-investments,net-change-in-long-term-investments,net-change-in-investments-total,investing-activities-other,cash-flow-from-investing-activities,net-long-term-debt,net-current-debt,debt-issuance-retirement-net-total,net-common-equity-issued-repurchased,net-total-equity-issued-repurchased,total-common-preferred-stock-dividends-paid,financial-activities-other,cash-flow-from-financial-activities,net-cash-flow,stock-based-compensation,common-stock-dividends-paid
0,2018-09-30,91.8,$24.28,3.78,$19.43,4.73,$8.26,11.11,$1.44,63.75,$0.80B,$0.15B,5.44,$0.35B,$1.05B,0.34,$0.85B,$0.51B,59.79%,$0.85B,$0.09B,10.90%,$0.85B,$0.09B,10.90%,$0.85B,$0.16B,18.87%,$0.85B,$0.08B,9.61%,$0.85B,$0.06B,7.39%,$0.06B,$1.05B,6.25%,$0.06B,$0.47B,11.85%,$0.06B,$1.60B,4.00%,$0.09B,$1.40B,6.87%,$230,$95,$136,$61,$49,$205,$25,$-3,$22,$-5,$28,$28,$28,$47,$25,$43,44,$0.64,$0.63,$602,$78,$0,$801,$136,$0,$578,$89,$803,$1604,$147,$351,$58,$409,$557,$0,$946,$-2,$1048,$1604,$68,$55,$34,$89,$3,$5,$9,$-28,$-12,$145,$-18,$0,$-240,$372,$-254,$118,$-9,$-149,$0,$0,$0,$-18,$-18,$0,$-22,$-40,$-44,$37,$0
1,2018-06-30,99.6,$23.72,4.2,$18.80,5.3,$8.41,11.84,$1.27,78.43,$0.78B,$0.14B,5.58,$0.35B,$1.03B,0.34,$0.82B,$0.49B,59.73%,$0.82B,$0.09B,11.31%,$0.82B,$0.09B,11.31%,$0.82B,$0.15B,18.61%,$0.82B,$0.08B,9.98%,$0.82B,$0.06B,6.69%,$0.06B,$1.03B,5.61%,$0.06B,$0.44B,9.91%,$0.06B,$1.59B,3.56%,$0.09B,$1.38B,6.97%,$217,$86,$131,$59,$54,$199,$18,$-3,$15,$0,$14,$14,$14,$37,$18,$43,44,$0.33,$0.32,$542,$87,$0,$776,$132,$0,$589,$95,$817,$1593,$139,$348,$77,$425,$564,$0,$918,$-2,$1028,$1593,$41,$32,$18,$51,$-17,$-1,$3,$-26,$-41,$51,$-11,$0,$-240,$0,$147,$147,$-6,$-110,$0,$0,$0,$3,$3,$0,$-18,$-15,$-75,$24,$0
2,2018-03-31,89.9,$23.15,3.88,$18.30,4.91,$9.19,9.78,$1.33,67.59,$0.98B,$0.15B,6.74,$0.35B,$1.00B,0.35,$0.80B,$0.47B,59.50%,$0.80B,$0.10B,12.08%,$0.80B,$0.10B,12.08%,$0.80B,$0.15B,18.99%,$0.80B,$0.09B,10.69%,$0.80B,$0.06B,7.30%,$0.06B,$1.00B,6.09%,$0.06B,$0.64B,10.05%,$0.06B,$1.57B,3.86%,$0.10B,$1.35B,7.37%,$205,$81,$124,$55,$46,$182,$24,$-2,$22,$-4,$26,$26,$26,$37,$24,$43,44,$0.61,$0.60,$760,$77,$0,$976,$130,$0,$365,$95,$590,$1566,$145,$345,$76,$421,$565,$0,$904,$-2,$1001,$1566,$26,$13,$7,$21,$-3,$-3,$13,$-31,$-25,$22,$-4,$0,$0,$129,$-53,$76,$-5,$67,$0,$0,$0,$1,$1,$0,$-18,$-17,$73,$12,$0
3,2017-12-31,88.3,$22.32,3.96,$17.78,4.97,$9.65,9.15,$1.09,81.01,$0.95B,$0.16B,5.84,$0.34B,$0.95B,0.36,$0.77B,$0.45B,59.04%,$0.77B,$0.09B,11.05%,$0.77B,$0.09B,11.05%,$0.77B,$0.14B,17.95%,$0.77B,$0.08B,9.88%,$0.77B,$0.05B,6.11%,$0.05B,$0.95B,5.10%,$0.05B,$0.58B,8.70%,$0.05B,$1.54B,3.22%,$0.09B,$1.30B,6.70%,$201,$82,$119,$53,$40,$175,$26,$-3,$23,$28,$-5,$-5,$-5,$40,$26,$42,43,$-0.12,$-0.11,$764,$73,$0,$948,$128,$0,$371,$88,$587,$1535,$162,$342,$78,$420,$582,$0,$851,$-1,$953,$1535,$47,$52,$18,$70,$3,$-13,$-0,$83,$72,$190,$-12,$0,$-15,$0,$-342,$-342,$-5,$-374,$317,$0,$317,$12,$12,$0,$-16,$313,$128,$45,$0
4,2017-09-30,79.9,$22.15,3.61,$17.45,4.58,$8.34,9.58,$1.67,47.84,$0.91B,$0.16B,5.66,$0.38B,$0.94B,0.4,$0.75B,$0.44B,59.12%,$0.75B,$0.08B,10.52%,$0.75B,$0.08B,10.52%,$0.75B,$0.13B,17.04%,$0.75B,$0.07B,9.72%,$0.75B,$0.07B,9.59%,$0.07B,$0.94B,8.09%,$0.07B,$0.56B,14.22%,$0.07B,$1.48B,5.34%,$0.08B,$1.32B,6.76%,$199,$82,$117,$52,$40,$174,$25,$-3,$22,$2,$20,$20,$20,$39,$25,$43,43,$0.47,$0.46,$719,$73,$0,$906,$129,$5,$378,$59,$572,$1478,$160,$375,$0,$375,$535,$0,$856,$-0,$943,$1478,$52,$39,$27,$66,$-2,$-13,$2,$37,$24,$141,$-10,$0,$-14,$144,$-472,$-328,$-3,$-355,$317,$0,$317,$7,$7,$0,$-15,$309,$95,$33,$0
5,2017-06-30,68.35,$21.44,3.19,$17.08,4.0,$7.64,8.94,$1.68,40.68,$0.85B,$0.14B,5.94,$0.34B,$0.91B,0.37,$0.73B,$0.44B,59.59%,$0.73B,$0.08B,10.41%,$0.73B,$0.08B,10.41%,$0.73B,$0.12B,16.44%,$0.73B,$0.07B,9.86%,$0.73B,$0.07B,9.86%,$0.07B,$0.91B,8.46%,$0.07B,$0.53B,15.35%,$0.07B,$1.43B,5.82%,$0.08B,$1.25B,7.21%,$190,$77,$113,$52,$40,$169,$21,$-3,$18,$1,$17,$17,$17,$35,$21,$42,43,$0.39,$0.38,$662,$67,$0,$852,$131,$5,$385,$61,$583,$1434,$143,$336,$43,$379,$522,$0,$836,$-0,$912,$1434,$32,$25,$15,$40,$-1,$-8,$2,$15,$8,$81,$-8,$0,$-14,$0,$-297,$-297,$-2,$-321,$317,$0,$317,$7,$7,$0,$-14,$310,$70,$22,$0
6,2017-03-31,73.55,$20.75,3.54,$16.82,4.37,$7.28,10.1,$1.67,44.04,$0.81B,$0.15B,5.6,$0.33B,$0.88B,0.38,$0.72B,$0.43B,60.14%,$0.72B,$0.07B,10.21%,$0.72B,$0.07B,10.21%,$0.72B,$0.11B,15.94%,$0.72B,$0.07B,9.93%,$0.72B,$0.07B,9.93%,$0.07B,$0.88B,8.73%,$0.07B,$0.49B,16.41%,$0.07B,$1.40B,6.31%,$0.07B,$1.21B,7.70%,$179,$74,$105,$52,$40,$166,$13,$1,$13,$-2,$15,$15,$15,$24,$13,$42,43,$0.37,$0.36,$622,$61,$0,$813,$131,$5,$392,$58,$586,$1399,$145,$333,$43,$375,$521,$0,$820,$-1,$879,$1399,$15,$11,$6,$18,$-1,$-2,$6,$6,$9,$42,$-5,$0,$-14,$26,$-268,$-242,$-1,$-262,$318,$0,$318,$0,$0,$0,$-14,$304,$84,$10,$0
7,2016-12-31,65.0,$19.74,3.29,$16.49,3.94,$7.36,8.83,$1.45,44.83,$0.49B,$0.14B,3.51,$0.07B,$0.83B,0.09,$0.70B,$0.42B,60.32%,$0.70B,$0.07B,9.60%,$0.70B,$0.07B,9.60%,$0.70B,$0.11B,15.47%,$0.70B,$0.06B,9.17%,$0.70B,$0.06B,8.88%,$0.06B,$0.83B,7.94%,$0.06B,$0.45B,15.43%,$0.06B,$1.08B,6.04%,$0.07B,$0.90B,7.89%,$183,$73,$109,$51,$39,$163,$20,$-0,$20,$-0,$20,$20,$20,$30,$20,$42,42,$0.48,$0.47,$295,$60,$0,$491,$130,$0,$380,$82,$591,$1082,$140,$73,$43,$115,$255,$0,$802,$0,$827,$1082,$61,$41,$34,$75,$0,$-6,$0,$-2,$-7,$129,$-11,$0,$-7,$0,$-23,$-23,$-9,$-50,$-5,$0,$-5,$-27,$-27,$0,$-20,$-52,$27,$40,$0
8,2016-09-30,58.8,$18.91,3.11,$15.91,3.7,$6.77,8.69,$1.11,52.97,$0.47B,$0.14B,3.26,$0.07B,$0.79B,0.09,$0.68B,$0.41B,60.15%,$0.68B,$0.05B,7.70%,$0.68B,$0.05B,7.70%,$0.68B,$0.09B,13.78%,$0.68B,$0.05B,7.11%,$0.68B,$0.05B,7.11%,$0.05B,$0.79B,6.28%,$0.05B,$0.42B,12.57%,$0.05B,$1.03B,4.76%,$0.05B,$0.86B,6.25%,$178,$70,$108,$48,$38,$156,$22,$-0,$21,$1,$20,$20,$20,$31,$22,$42,42,$0.48,$0.47,$279,$55,$0,$468,$130,$7,$373,$51,$562,$1030,$144,$73,$26,$99,$243,$0,$782,$-1,$788,$1030,$41,$31,$27,$58,$-11,$-2,$1,$8,$7,$107,$-9,$0,$0,$0,$-2,$-2,$-5,$-16,$-5,$0,$-5,$-32,$-32,$0,$-20,$-57,$34,$30,$0
9,2016-06-30,48.74,$18.28,2.67,$15.35,3.17,$6.32,7.71,$0.87,56.02,$0.43B,$0.14B,3.02,$0.06B,$0.76B,0.08,$0.65B,$0.39B,59.88%,$0.65B,$0.04B,6.28%,$0.65B,$0.04B,6.28%,$0.65B,$0.08B,12.71%,$0.65B,$0.04B,5.67%,$0.65B,$0.04B,5.82%,$0.04B,$0.76B,5.05%,$0.04B,$0.38B,10.35%,$0.04B,$0.99B,3.82%,$0.04B,$0.82B,5.00%,$175,$67,$108,$52,$39,$157,$18,$-0,$17,$2,$16,$16,$16,$29,$18,$42,42,$0.37,$0.37,$244,$56,$0,$425,$130,$7,$379,$51,$567,$993,$141,$63,$28,$90,$231,$0,$762,$-1,$761,$993,$21,$22,$20,$43,$2,$-3,$-2,$-4,$-4,$60,$-5,$0,$0,$0,$-13,$-13,$-2,$-21,$-5,$0,$-5,$-29,$-29,$0,$-19,$-53,$-13,$21,$0
10,2016-03-31,44.96,$17.95,2.5,$15.01,3.0,$5.76,7.8,$0.67,67.1,$0.42B,$0.16B,2.72,$0.07B,$0.75B,0.09,$0.64B,$0.38B,59.10%,$0.64B,$0.03B,4.98%,$0.64B,$0.03B,4.98%,$0.64B,$0.07B,11.51%,$0.64B,$0.03B,4.51%,$0.64B,$0.03B,4.67%,$0.03B,$0.75B,3.95%,$0.03B,$0.36B,8.11%,$0.03B,$1.00B,2.98%,$0.03B,$0.81B,3.86%,$162,$66,$96,$49,$40,$155,$7,$-1,$6,$0,$6,$6,$6,$18,$7,$42,42,$0.14,$0.14,$254,$49,$0,$421,$130,$7,$387,$54,$577,$998,$155,$65,$29,$94,$249,$0,$750,$-1,$749,$998,$6,$11,$9,$21,$-1,$5,$2,$4,$16,$42,$-2,$0,$0,$47,$-45,$2,$-1,$-1,$-3,$0,$-3,$-18,$-18,$0,$-8,$-29,$13,$10,$0
11,2015-12-31,48.54,$18.24,2.66,$14.96,3.24,$5.33,9.12,$0.68,71.38,$0.42B,$0.14B,2.97,$0.07B,$0.76B,0.09,$0.65B,$0.38B,58.91%,$0.65B,$0.03B,4.96%,$0.65B,$0.03B,4.96%,$0.65B,$0.07B,11.32%,$0.65B,$0.03B,4.65%,$0.65B,$0.03B,4.65%,$0.03B,$0.76B,3.93%,$0.03B,$0.37B,8.10%,$0.03B,$1.01B,2.97%,$0.03B,$0.83B,3.83%,$160,$67,$94,$47,$41,$155,$5,$-1,$4,$-1,$6,$6,$6,$15,$5,$42,43,$0.13,$0.14,$243,$54,$0,$423,$131,$7,$394,$56,$588,$1011,$142,$68,$41,$108,$250,$0,$748,$-1,$761,$1011,$30,$42,$39,$80,$2,$2,$7,$-15,$-4,$105,$-11,$0,$-96,$0,$64,$64,$-6,$-49,$-13,$0,$-13,$-54,$-54,$0,$-16,$-84,$-28,$43,$0
12,2015-09-30,41.55,$17.84,2.33,$14.94,2.78,$6.01,6.91,$0.78,53.27,$0.43B,$0.13B,3.32,$0.07B,$0.74B,0.09,$0.65B,$0.38B,59.20%,$0.65B,$0.04B,5.87%,$0.65B,$0.04B,5.87%,$0.65B,$0.08B,11.90%,$0.65B,$0.04B,5.56%,$0.65B,$0.03B,5.26%,$0.03B,$0.74B,4.46%,$0.03B,$0.36B,8.90%,$0.03B,$0.98B,3.33%,$0.04B,$0.81B,4.54%,$156,$63,$93,$46,$36,$145,$11,$-1,$10,$0,$10,$10,$10,$21,$11,$42,43,$0.24,$0.23,$248,$52,$0,$429,$130,$7,$385,$26,$549,$978,$129,$70,$37,$107,$237,$0,$742,$-1,$741,$978,$24,$31,$32,$63,$12,$2,$-6,$-4,$1,$87,$-7,$0,$-77,$0,$81,$81,$-5,$-9,$-11,$0,$-11,$-59,$-59,$0,$-15,$-85,$-6,$31,$0
13,2015-06-30,54.01,$18.32,2.95,$14.89,3.63,$6.47,8.35,$0.68,79.43,$0.48B,$0.13B,3.61,$0.08B,$0.79B,0.1,$0.65B,$0.39B,59.48%,$0.65B,$0.04B,5.70%,$0.65B,$0.04B,5.70%,$0.65B,$0.07B,11.25%,$0.65B,$0.04B,5.39%,$0.65B,$0.03B,4.62%,$0.03B,$0.79B,3.93%,$0.03B,$0.39B,7.63%,$0.03B,$1.04B,2.92%,$0.04B,$0.86B,4.39%,$165,$67,$97,$47,$41,$156,$9,$-0,$9,$1,$8,$8,$8,$20,$9,$43,43,$0.18,$0.17,$273,$61,$0,$482,$131,$7,$392,$24,$554,$1036,$133,$75,$42,$116,$250,$0,$743,$-1,$786,$1036,$14,$21,$26,$47,$2,$-7,$-3,$-7,$-24,$37,$-5,$0,$-77,$0,$46,$46,$-2,$-38,$-5,$0,$-5,$2,$2,$0,$-13,$-16,$-17,$22,$0
14,2015-03-31,50.77,$17.88,2.84,$14.60,3.48,$7.08,7.17,$0.83,61.17,$0.46B,$0.14B,3.4,$0.08B,$0.76B,0.1,$0.64B,$0.39B,60.72%,$0.64B,$0.05B,7.67%,$0.64B,$0.05B,7.67%,$0.64B,$0.08B,12.68%,$0.64B,$0.05B,7.20%,$0.64B,$0.04B,5.63%,$0.04B,$0.76B,4.72%,$0.04B,$0.36B,8.98%,$0.04B,$1.02B,3.51%,$0.05B,$0.84B,5.82%,$164,$67,$96,$47,$42,$156,$7,$-0,$7,$1,$6,$6,$6,$17,$7,$42,43,$0.15,$0.15,$262,$61,$0,$458,$131,$7,$400,$25,$563,$1021,$135,$77,$46,$123,$258,$0,$735,$-0,$763,$1021,$6,$10,$17,$27,$7,$-6,$0,$4,$-9,$24,$-2,$0,$-77,$58,$-13,$45,$-1,$-35,$-3,$0,$-3,$-13,$-13,$0,$-3,$-18,$-29,$11,$0
15,2014-12-31,47.62,$17.95,2.65,$14.12,3.37,$7.60,6.27,$0.86,55.37,$0.53B,$0.16B,3.24,$0.08B,$0.76B,0.1,$0.62B,$0.38B,61.03%,$0.62B,$0.05B,8.37%,$0.62B,$0.05B,8.37%,$0.62B,$0.08B,13.20%,$0.62B,$0.05B,7.89%,$0.62B,$0.04B,6.12%,$0.04B,$0.76B,4.99%,$0.04B,$0.41B,9.25%,$0.04B,$1.04B,3.71%,$0.05B,$0.84B,6.17%,$162,$65,$97,$46,$40,$151,$11,$-1,$10,$0,$10,$10,$10,$19,$11,$43,44,$0.23,$0.24,$335,$53,$0,$529,$133,$7,$344,$30,$514,$1043,$163,$78,$44,$121,$285,$0,$729,$-0,$758,$1043,$38,$30,$42,$72,$2,$-7,$11,$-3,$27,$137,$-11,$0,$0,$0,$-10,$-10,$-6,$-26,$-8,$0,$-8,$-49,$-49,$0,$-9,$-65,$46,$39,$0
16,2014-09-30,40.64,$17.65,2.3,$13.78,2.95,$7.24,5.62,$0.87,46.71,$0.51B,$0.15B,3.31,$0.08B,$0.75B,0.11,$0.61B,$0.37B,61.32%,$0.61B,$0.06B,9.09%,$0.61B,$0.06B,9.09%,$0.61B,$0.09B,14.05%,$0.61B,$0.05B,8.76%,$0.61B,$0.04B,6.45%,$0.04B,$0.75B,5.15%,$0.04B,$0.40B,9.70%,$0.04B,$1.02B,3.86%,$0.06B,$0.83B,6.54%,$158,$62,$96,$43,$44,$149,$10,$-0,$9,$4,$6,$6,$6,$17,$10,$43,44,$0.13,$0.13,$329,$47,$0,$505,$128,$12,$349,$21,$510,$1015,$153,$80,$32,$112,$265,$0,$719,$-0,$750,$1015,$28,$23,$32,$54,$1,$-2,$5,$-3,$25,$108,$-6,$0,$0,$0,$-37,$-37,$-3,$-46,$-4,$0,$-4,$-42,$-42,$0,$1,$-45,$16,$28,$0
17,2014-06-30,49.25,$17.91,2.75,$13.51,3.64,$6.87,7.17,$0.89,55.34,$0.51B,$0.14B,3.78,$0.08B,$0.78B,0.11,$0.59B,$0.36B,61.11%,$0.59B,$0.06B,9.26%,$0.59B,$0.06B,9.26%,$0.59B,$0.09B,14.65%,$0.59B,$0.05B,9.09%,$0.59B,$0.04B,6.73%,$0.04B,$0.78B,5.31%,$0.04B,$0.43B,10.14%,$0.04B,$1.02B,3.98%,$0.06B,$0.86B,6.55%,$155,$56,$99,$42,$36,$134,$21,$-1,$20,$6,$14,$14,$14,$28,$21,$43,44,$0.33,$0.32,$329,$46,$0,$509,$129,$11,$353,$22,$515,$1024,$135,$83,$30,$112,$247,$0,$713,$-1,$778,$1024,$22,$15,$23,$38,$3,$-0,$4,$-19,$3,$63,$-3,$0,$0,$62,$-118,$-56,$-3,$-62,$-3,$0,$-3,$-2,$-2,$0,$1,$-4,$-3,$19,$0
18,2014-03-31,52.25,$17.53,2.98,$13.28,3.93,$10.28,5.08,$0.86,60.76,$0.49B,$0.13B,3.66,$0.09B,$0.76B,0.11,$0.58B,$0.35B,60.76%,$0.58B,$0.05B,9.12%,$0.58B,$0.05B,9.12%,$0.58B,$0.08B,14.46%,$0.58B,$0.05B,8.95%,$0.58B,$0.04B,6.71%,$0.04B,$0.76B,5.31%,$0.04B,$0.40B,9.49%,$0.04B,$1.01B,3.99%,$0.05B,$0.85B,6.43%,$146,$59,$87,$42,$35,$136,$10,$-0,$10,$1,$8,$8,$8,$18,$10,$43,44,$0.19,$0.18,$323,$44,$0,$488,$131,$11,$357,$23,$523,$1010,$133,$85,$31,$116,$249,$0,$699,$-0,$761,$1010,$8,$8,$16,$24,$7,$1,$1,$-8,$15,$47,$-2,$0,$0,$28,$-43,$-15,$-2,$-19,$-1,$0,$-1,$5,$5,$0,$0,$4,$33,$9,$0
19,2013-12-31,43.31,$17.26,2.51,$13.35,3.24,$9.85,4.4,$1.14,37.99,$0.46B,$0.11B,4.21,$0.09B,$0.74B,0.12,$0.58B,$0.35B,60.86%,$0.58B,$0.06B,11.03%,$0.58B,$0.06B,11.03%,$0.58B,$0.09B,16.03%,$0.58B,$0.06B,10.69%,$0.58B,$0.05B,8.79%,$0.05B,$0.74B,7.14%,$0.05B,$0.38B,11.99%,$0.05B,$0.99B,5.37%,$0.06B,$0.83B,7.95%,$146,$58,$89,$42,$32,$132,$14,$-0,$14,$3,$11,$11,$11,$22,$14,$43,44,$0.25,$0.24,$275,$45,$0,$459,$132,$11,$360,$28,$532,$991,$109,$88,$56,$143,$253,$0,$691,$-1,$739,$991,$50,$29,$33,$63,$9,$6,$-4,$-9,$8,$120,$-10,$0,$-86,$211,$-214,$-3,$-6,$-106,$-13,$0,$-13,$-11,$-11,$0,$0,$-24,$-10,$31,$0
20,2013-09-30,42.71,$17.04,2.51,$13.53,3.16,$7.21,5.92,$1.34,31.87,$0.45B,$0.10B,4.35,$0.09B,$0.73B,0.12,$0.59B,$0.36B,61.09%,$0.59B,$0.08B,12.80%,$0.59B,$0.08B,12.80%,$0.59B,$0.10B,17.58%,$0.59B,$0.07B,12.29%,$0.59B,$0.06B,10.07%,$0.06B,$0.73B,8.52%,$0.06B,$0.37B,13.46%,$0.06B,$1.00B,6.41%,$0.08B,$0.83B,9.55%,$147,$59,$88,$41,$37,$136,$10,$-1,$10,$3,$7,$7,$7,$19,$10,$43,44,$0.15,$0.15,$270,$45,$0,$452,$134,$11,$363,$39,$548,$1000,$104,$91,$70,$162,$265,$0,$680,$-1,$734,$1000,$39,$21,$28,$49,$13,$6,$-3,$-5,$7,$95,$-9,$0,$-86,$0,$23,$23,$-3,$-76,$-12,$0,$-12,$4,$4,$0,$0,$-8,$11,$22,$0
21,2013-06-30,41.41,$16.53,2.5,$13.70,3.02,$4.89,8.47,$1.43,28.96,$0.53B,$0.10B,5.35,$0.09B,$0.71B,0.13,$0.59B,$0.36B,60.54%,$0.59B,$0.09B,15.65%,$0.59B,$0.09B,15.65%,$0.59B,$0.12B,20.58%,$0.59B,$0.09B,15.14%,$0.59B,$0.06B,10.54%,$0.06B,$0.71B,9.33%,$0.06B,$0.49B,13.94%,$0.06B,$0.91B,7.01%,$0.09B,$0.80B,12.05%,$142,$53,$89,$37,$32,$123,$19,$-1,$18,$6,$13,$13,$13,$25,$19,$43,43,$0.30,$0.29,$345,$51,$0,$527,$135,$10,$215,$26,$386,$913,$98,$91,$18,$109,$208,$0,$673,$-1,$705,$913,$33,$12,$22,$34,$9,$-1,$-2,$5,$-1,$66,$140,$0,$0,$0,$-122,$-122,$-2,$16,$-4,$0,$-4,$10,$10,$0,$0,$6,$88,$14,$0
22,2013-03-31,41.36,$16.06,2.58,$13.55,3.05,$0.95,43.59,$1.61,25.69,$0.50B,$0.10B,4.84,$0.09B,$0.68B,0.14,$0.58B,$0.35B,60.14%,$0.58B,$0.09B,15.29%,$0.58B,$0.09B,15.29%,$0.58B,$0.12B,20.27%,$0.58B,$0.09B,15.29%,$0.58B,$0.07B,12.03%,$0.07B,$0.68B,10.90%,$0.07B,$0.46B,16.14%,$0.07B,$0.90B,8.37%,$0.09B,$0.77B,12.34%,$145,$58,$87,$38,$29,$125,$21,$-1,$20,$0,$20,$20,$20,$27,$21,$42,43,$0.47,$0.46,$309,$57,$0,$503,$136,$11,$218,$29,$394,$897,$104,$93,$19,$112,$216,$0,$661,$-1,$681,$897,$20,$6,$13,$19,$5,$-7,$2,$4,$-10,$30,$-4,$0,$0,$0,$-53,$-53,$-1,$-58,$-3,$0,$-3,$5,$5,$0,$0,$3,$-26,$6,$0
23,2012-12-31,41.8,$15.52,2.69,$13.04,3.2,$0.90,46.67,$1.48,28.24,$0.47B,$0.11B,4.4,$0.10B,$0.65B,0.15,$0.56B,$0.34B,60.04%,$0.56B,$0.09B,15.10%,$0.56B,$0.09B,15.10%,$0.56B,$0.11B,20.25%,$0.56B,$0.09B,15.28%,$0.56B,$0.06B,11.37%,$0.06B,$0.65B,10.20%,$0.06B,$0.43B,14.87%,$0.06B,$0.87B,8.05%,$0.09B,$0.75B,12.35%,$152,$59,$94,$36,$32,$127,$25,$-1,$24,$6,$19,$19,$19,$32,$25,$42,43,$0.45,$0.43,$282,$50,$0,$468,$135,$11,$221,$37,$404,$872,$106,$95,$21,$116,$222,$0,$641,$-1,$650,$872,$64,$28,$29,$56,$-21,$-13,$7,$8,$-23,$97,$-102,$0,$-72,$0,$43,$43,$-9,$-139,$98,$0,$98,$-47,$-47,$0,$1,$53,$10,$31,$0
24,2012-09-30,36.76,$14.90,2.47,$12.33,2.98,$2.80,13.14,$1.33,27.64,$0.45B,$0.12B,3.83,$0.12B,$0.62B,0.19,$0.54B,$0.32B,59.67%,$0.54B,$0.08B,13.94%,$0.54B,$0.08B,13.94%,$0.54B,$0.10B,19.14%,$0.54B,$0.08B,14.50%,$0.54B,$0.06B,10.78%,$0.06B,$0.62B,9.43%,$0.06B,$0.40B,13.52%,$0.06B,$0.86B,7.69%,$0.08B,$0.74B,11.40%,$149,$63,$86,$35,$24,$122,$27,$-0,$27,$17,$10,$10,$10,$37,$27,$42,43,$0.24,$0.24,$274,$43,$0,$445,$136,$11,$225,$38,$410,$855,$116,$118,$0,$118,$234,$0,$622,$-1,$621,$855,$45,$21,$20,$41,$-18,$-6,$9,$19,$-2,$84,$-100,$0,$-72,$210,$-139,$71,$-6,$-107,$98,$0,$98,$-48,$-48,$0,$2,$53,$31,$24,$0
25,2012-06-30,37.85,$14.72,2.57,$11.53,3.28,$4.48,8.44,$1.35,28.04,$0.48B,$0.09B,5.03,$0.01B,$0.62B,0.02,$0.51B,$0.31B,60.63%,$0.51B,$0.06B,12.20%,$0.51B,$0.06B,12.20%,$0.51B,$0.09B,16.93%,$0.51B,$0.07B,12.80%,$0.51B,$0.06B,11.61%,$0.06B,$0.62B,9.79%,$0.06B,$0.45B,13.79%,$0.06B,$0.72B,8.32%,$0.06B,$0.63B,9.99%,$136,$53,$83,$34,$32,$119,$16,$1,$18,$-3,$21,$21,$21,$22,$16,$43,43,$0.48,$0.47,$312,$36,$0,$475,$23,$11,$171,$41,$246,$721,$94,$10,$0,$10,$104,$0,$619,$-2,$617,$721,$35,$11,$18,$29,$-17,$-1,$9,$6,$-23,$41,$-5,$0,$0,$0,$81,$81,$-8,$68,$0,$0,$0,$-33,$-33,$0,$2,$-31,$79,$16,$0
26,2012-03-31,43.0,$14.55,2.95,$11.15,3.86,$4.11,10.46,$1.17,36.75,$0.48B,$0.09B,5.33,$0.02B,$0.62B,0.03,$0.50B,$0.30B,60.44%,$0.50B,$0.06B,12.45%,$0.50B,$0.06B,12.45%,$0.50B,$0.09B,17.27%,$0.50B,$0.06B,12.85%,$0.50B,$0.05B,10.24%,$0.05B,$0.62B,8.40%,$0.05B,$0.45B,11.87%,$0.05B,$0.73B,7.13%,$0.06B,$0.64B,9.86%,$126,$51,$75,$33,$25,$109,$17,$0,$17,$3,$14,$14,$14,$23,$17,$42,44,$0.34,$0.33,$333,$34,$0,$482,$24,$18,$173,$36,$251,$733,$90,$19,$0,$19,$109,$0,$601,$-2,$623,$733,$14,$6,$10,$16,$-6,$0,$4,$8,$-4,$26,$-2,$0,$0,$-83,$61,$-22,$-1,$-26,$0,$0,$0,$0,$0,$0,$2,$3,$3,$7,$0
27,2011-12-31,43.42,$14.24,3.05,$10.99,3.95,$3.45,12.59,$0.80,54.28,$0.45B,$0.08B,5.47,$0.02B,$0.60B,0.04,$0.49B,$0.30B,60.57%,$0.49B,$0.05B,10.16%,$0.49B,$0.05B,10.16%,$0.49B,$0.07B,15.04%,$0.49B,$0.05B,10.77%,$0.49B,$0.04B,7.11%,$0.04B,$0.60B,5.74%,$0.04B,$0.42B,8.18%,$0.04B,$0.71B,4.89%,$0.05B,$0.62B,7.92%,$127,$50,$77,$35,$27,$111,$15,$1,$16,$3,$13,$13,$13,$21,$15,$43,45,$0.30,$0.28,$307,$35,$0,$453,$25,$17,$175,$35,$253,$706,$83,$24,$0,$24,$107,$0,$587,$-2,$599,$706,$35,$25,$37,$62,$-9,$5,$-2,$-8,$-9,$89,$-9,$0,$-27,$193,$-179,$15,$-4,$-25,$-7,$0,$-7,$-102,$-102,$0,$2,$-107,$-44,$36,$0
28,2011-09-30,33.54,$13.66,2.46,$10.55,3.18,$3.89,8.62,$0.79,42.46,$0.43B,$0.09B,4.92,$0.02B,$0.57B,0.03,$0.48B,$0.29B,61.22%,$0.48B,$0.05B,9.64%,$0.48B,$0.05B,9.64%,$0.48B,$0.07B,14.47%,$0.48B,$0.05B,10.27%,$0.48B,$0.04B,7.34%,$0.04B,$0.57B,5.68%,$0.04B,$0.39B,8.00%,$0.04B,$0.68B,4.86%,$0.05B,$0.59B,7.21%,$119,$46,$73,$32,$27,$105,$14,$0,$14,$3,$11,$11,$11,$20,$14,$43,44,$0.26,$0.26,$283,$38,$0,$427,$27,$18,$179,$26,$251,$677,$87,$19,$0,$19,$106,$0,$574,$-3,$571,$677,$23,$19,$29,$48,$-12,$2,$1,$2,$-5,$66,$-7,$0,$-27,$166,$-114,$52,$-1,$17,$-7,$0,$-7,$-108,$-108,$0,$2,$-113,$-30,$27,$0
29,2011-06-30,41.26,$14.37,2.87,$10.45,3.95,$4.23,9.74,$0.93,44.37,$0.49B,$0.09B,5.65,$0.02B,$0.64B,0.03,$0.48B,$0.30B,62.34%,$0.48B,$0.05B,10.67%,$0.48B,$0.05B,10.67%,$0.48B,$0.07B,15.27%,$0.48B,$0.05B,11.30%,$0.48B,$0.04B,8.79%,$0.04B,$0.64B,6.74%,$0.04B,$0.45B,9.32%,$0.04B,$0.74B,5.76%,$0.05B,$0.66B,7.90%,$126,$50,$76,$34,$26,$110,$16,$1,$17,$3,$13,$13,$13,$22,$16,$45,46,$0.30,$0.29,$334,$38,$0,$487,$28,$17,$183,$28,$257,$744,$86,$22,$0,$22,$108,$0,$591,$-3,$637,$744,$11,$13,$18,$31,$-24,$2,$0,$4,$-16,$26,$-5,$0,$-27,$29,$0,$29,$-1,$-4,$-7,$0,$-7,$-21,$-21,$0,$2,$-26,$-4,$18,$0
30,2011-03-31,43.21,$14.16,3.05,$10.55,4.1,$4.81,8.98,$1.08,40.01,$0.47B,$0.08B,5.91,$0.02B,$0.63B,0.04,$0.49B,$0.31B,64.27%,$0.49B,$0.07B,13.55%,$0.49B,$0.07B,13.55%,$0.49B,$0.09B,17.66%,$0.49B,$0.07B,13.96%,$0.49B,$0.05B,10.27%,$0.05B,$0.63B,8.10%,$0.05B,$0.44B,11.08%,$0.05B,$0.73B,6.92%,$0.07B,$0.65B,10.31%,$120,$47,$72,$35,$32,$115,$5,$1,$6,$8,$-2,$-2,$-2,$11,$5,$44,44,$-0.04,$-0.04,$322,$41,$0,$471,$29,$17,$186,$30,$262,$734,$80,$24,$0,$24,$103,$0,$577,$-3,$630,$734,$-2,$6,$11,$17,$-12,$-1,$-5,$-2,$-18,$-3,$-3,$0,$-28,$24,$0,$24,$-1,$-7,$-7,$0,$-7,$-4,$-4,$0,$1,$-10,$-20,$9,$0
31,2010-12-31,46.02,$14.24,3.23,$10.49,4.39,$5.55,8.3,$1.56,29.5,$0.49B,$0.08B,6.19,$0.02B,$0.63B,0.04,$0.49B,$0.33B,65.79%,$0.49B,$0.09B,17.61%,$0.49B,$0.09B,17.61%,$0.49B,$0.11B,21.26%,$0.49B,$0.09B,17.81%,$0.49B,$0.07B,14.78%,$0.07B,$0.63B,11.76%,$0.07B,$0.46B,15.69%,$0.07B,$0.73B,10.03%,$0.09B,$0.65B,13.50%,$112,$41,$71,$33,$27,$101,$11,$0,$12,$-1,$13,$13,$13,$16,$11,$45,47,$0.30,$0.29,$366,$39,$0,$494,$30,$18,$166,$21,$234,$728,$80,$22,$0,$22,$102,$0,$579,$-4,$625,$728,$73,$19,$41,$60,$11,$-8,$-1,$-8,$-15,$118,$-14,$0,$-28,$-5,$0,$-5,$-8,$-55,$0,$0,$0,$-122,$-122,$0,$2,$-120,$-57,$40,$0
32,2010-09-30,36.65,$13.73,2.67,$10.83,3.38,$5.73,6.4,$2.12,17.29,$0.49B,$0.09B,5.54,$0.02B,$0.60B,0.04,$0.51B,$0.34B,66.21%,$0.51B,$0.10B,20.04%,$0.51B,$0.10B,20.04%,$0.51B,$0.12B,23.58%,$0.51B,$0.10B,20.04%,$0.51B,$0.10B,19.65%,$0.10B,$0.60B,16.07%,$0.10B,$0.45B,21.23%,$0.10B,$0.71B,13.68%,$0.10B,$0.62B,15.80%,$120,$41,$79,$31,$29,$101,$19,$0,$19,$1,$18,$18,$18,$24,$19,$44,46,$0.41,$0.40,$346,$38,$0,$488,$26,$19,$155,$21,$222,$710,$88,$22,$0,$22,$110,$0,$566,$-3,$600,$710,$60,$14,$30,$45,$-7,$-6,$1,$-1,$-22,$83,$-7,$0,$-18,$278,$-294,$-16,$-7,$-48,$0,$0,$0,$-125,$-125,$0,$2,$-123,$-88,$31,$0
33,2010-06-30,40.56,$13.75,2.95,$10.88,3.73,$5.56,7.29,$2.19,18.52,$0.49B,$0.08B,5.87,$0.02B,$0.61B,0.04,$0.52B,$0.34B,65.83%,$0.52B,$0.11B,21.36%,$0.52B,$0.11B,21.36%,$0.52B,$0.13B,24.85%,$0.52B,$0.11B,21.36%,$0.52B,$0.10B,20.19%,$0.10B,$0.61B,16.86%,$0.10B,$0.46B,22.26%,$0.10B,$0.72B,14.18%,$0.11B,$0.64B,16.99%,$135,$44,$91,$31,$30,$104,$31,$0,$31,$10,$21,$21,$21,$35,$31,$45,47,$0.46,$0.44,$353,$29,$0,$488,$25,$26,$157,$23,$232,$720,$83,$24,$0,$24,$107,$0,$548,$-3,$613,$720,$42,$9,$21,$31,$-20,$3,$3,$4,$-20,$53,$-3,$0,$-18,$159,$-216,$-57,$-7,$-86,$0,$0,$0,$-83,$-83,$0,$2,$-81,$-115,$21,$0
34,2010-03-31,47.67,$14.10,3.38,$10.30,4.63,$5.01,9.51,$1.96,24.32,$0.53B,$0.08B,6.48,$0.02B,$0.65B,0.04,$0.48B,$0.31B,64.67%,$0.48B,$0.09B,19.01%,$0.48B,$0.09B,19.01%,$0.48B,$0.11B,22.93%,$0.48B,$0.09B,19.21%,$0.48B,$0.09B,19.21%,$0.09B,$0.65B,15.62%,$0.09B,$0.50B,20.78%,$0.09B,$0.75B,12.99%,$0.09B,$0.67B,14.55%,$127,$43,$84,$30,$28,$101,$26,$0,$26,$5,$21,$21,$21,$30,$26,$46,48,$0.46,$0.44,$421,$28,$0,$534,$27,$26,$145,$20,$218,$752,$82,$24,$0,$24,$107,$0,$527,$-3,$646,$752,$21,$5,$11,$16,$-1,$4,$1,$-1,$-6,$31,$-2,$0,$0,$-54,$0,$-54,$-3,$-59,$0,$0,$0,$-17,$-17,$0,$1,$-16,$-44,$10,$0
35,2009-12-31,48.38,$13.76,3.52,$9.52,5.08,$4.57,10.59,$1.53,31.62,$0.52B,$0.09B,5.91,$0.02B,$0.63B,0.04,$0.44B,$0.28B,63.49%,$0.44B,$0.07B,15.19%,$0.44B,$0.07B,15.19%,$0.44B,$0.09B,19.73%,$0.44B,$0.07B,15.65%,$0.44B,$0.07B,16.55%,$0.07B,$0.63B,13.02%,$0.07B,$0.48B,17.76%,$0.07B,$0.74B,10.68%,$0.07B,$0.65B,11.09%,$127,$44,$83,$27,$31,$101,$26,$0,$26,$-14,$40,$40,$40,$31,$26,$45,47,$0.88,$0.88,$410,$32,$0,$524,$28,$25,$147,$19,$219,$743,$89,$24,$0,$24,$113,$0,$506,$-4,$630,$743,$73,$20,$46,$66,$-20,$-3,$8,$10,$-18,$121,$-9,$0,$-4,$-85,$0,$-85,$-6,$-104,$0,$0,$0,$5,$5,$0,$2,$7,$23,$44,$0
36,2009-09-30,46.36,$12.70,3.65,$8.81,5.26,$4.64,9.99,$0.83,55.86,$0.50B,$0.09B,5.6,$0.05B,$0.58B,0.09,$0.41B,$0.26B,62.23%,$0.41B,$0.05B,11.62%,$0.41B,$0.05B,11.62%,$0.41B,$0.07B,16.71%,$0.41B,$0.05B,12.35%,$0.41B,$0.04B,9.44%,$0.04B,$0.58B,7.38%,$0.04B,$0.43B,10.34%,$0.04B,$0.72B,5.96%,$0.05B,$0.63B,8.30%,$126,$45,$81,$26,$29,$99,$27,$1,$27,$5,$22,$22,$22,$32,$27,$45,47,$0.50,$0.47,$378,$34,$0,$498,$29,$25,$149,$17,$220,$718,$89,$51,$0,$51,$139,$0,$466,$-5,$579,$718,$33,$15,$33,$48,$-25,$-5,$6,$14,$-3,$78,$-7,$0,$-3,$83,$-182,$-99,$-3,$-112,$0,$0,$0,$9,$9,$0,$1,$10,$-23,$32,$0
37,2009-06-30,37.98,$11.79,3.22,$8.50,4.47,$4.95,7.68,$0.38,99.95,$0.43B,$0.07B,5.77,$0.05B,$0.53B,0.09,$0.40B,$0.25B,61.25%,$0.40B,$0.03B,7.00%,$0.40B,$0.03B,7.00%,$0.40B,$0.05B,12.50%,$0.40B,$0.03B,8.25%,$0.40B,$0.02B,4.50%,$0.02B,$0.53B,3.49%,$0.02B,$0.38B,4.99%,$0.02B,$0.65B,2.81%,$0.03B,$0.58B,4.97%,$104,$39,$65,$26,$26,$91,$13,$1,$14,$4,$10,$10,$10,$18,$13,$45,46,$0.22,$0.21,$313,$27,$0,$429,$29,$23,$150,$20,$222,$651,$74,$50,$0,$50,$124,$0,$443,$-6,$527,$651,$10,$10,$23,$33,$-26,$2,$4,$8,$-16,$27,$-4,$0,$-3,$62,$-46,$16,$-2,$7,$0,$0,$0,$-7,$-7,$0,$0,$-7,$27,$21,$0
38,2009-03-31,26.4,$11.37,2.32,$8.33,3.17,$5.55,4.76,$0.46,57.39,$0.37B,$0.07B,5.55,$0.05B,$0.51B,0.1,$0.40B,$0.25B,61.35%,$0.40B,$0.03B,8.23%,$0.40B,$0.03B,8.23%,$0.40B,$0.05B,13.47%,$0.40B,$0.04B,9.73%,$0.40B,$0.02B,5.74%,$0.02B,$0.51B,4.35%,$0.02B,$0.35B,5.91%,$0.02B,$0.62B,3.52%,$0.03B,$0.56B,5.73%,$84,$33,$51,$26,$23,$83,$1,$1,$2,$1,$1,$1,$1,$6,$1,$45,45,$0.02,$0.01,$276,$24,$0,$371,$29,$51,$153,$19,$252,$623,$67,$49,$0,$49,$116,$0,$433,$-6,$507,$623,$1,$5,$14,$19,$-8,$5,$-2,$2,$-10,$9,$-2,$0,$0,$0,$8,$8,$-0,$6,$0,$0,$0,$-6,$-6,$0,$0,$-6,$10,$10,$0
39,2008-12-31,24.78,$11.26,2.2,$8.37,2.96,$6.09,4.07,$0.66,37.55,$0.36B,$0.07B,4.97,$0.05B,$0.50B,0.1,$0.42B,$0.26B,61.45%,$0.42B,$0.04B,10.36%,$0.42B,$0.04B,10.36%,$0.42B,$0.06B,15.18%,$0.42B,$0.05B,12.77%,$0.42B,$0.03B,7.95%,$0.03B,$0.50B,6.01%,$0.03B,$0.35B,7.76%,$0.03B,$0.62B,4.89%,$0.04B,$0.55B,7.21%,$99,$39,$60,$27,$26,$92,$7,$1,$8,$2,$6,$6,$6,$13,$7,$48,49,$0.15,$0.15,$274,$28,$0,$363,$30,$52,$155,$24,$262,$624,$73,$49,$0,$49,$122,$0,$433,$-6,$502,$624,$33,$19,$53,$72,$20,$4,$-6,$5,$15,$120,$2,$0,$-78,$153,$0,$153,$-8,$69,$0,$0,$0,$-282,$-282,$0,$1,$-281,$-92,$41,$0
40,2008-09-30,30.7,$11.35,2.7,$8.12,3.78,$9.10,3.37,$0.90,34.11,$0.40B,$0.09B,4.42,$0.05B,$0.53B,0.09,$0.42B,$0.26B,62.26%,$0.42B,$0.05B,12.02%,$0.42B,$0.05B,12.02%,$0.42B,$0.07B,16.35%,$0.42B,$0.07B,15.87%,$0.42B,$0.05B,11.54%,$0.05B,$0.53B,8.01%,$0.05B,$0.37B,9.76%,$0.05B,$0.66B,6.58%,$0.05B,$0.57B,7.75%,$113,$44,$69,$26,$26,$106,$7,$2,$9,$8,$1,$1,$1,$13,$7,$47,48,$0.02,$0.02,$283,$34,$0,$396,$29,$53,$159,$22,$264,$660,$90,$46,$0,$46,$135,$0,$426,$-4,$525,$660,$27,$13,$41,$54,$-6,$-1,$-1,$10,$0,$81,$6,$0,$-75,$0,$120,$120,$-5,$47,$0,$0,$0,$-242,$-242,$0,$1,$-242,$-113,$30,$0
41,2008-06-30,36.09,$12.09,2.99,$7.32,4.93,$12.10,2.98,$1.24,29.1,$0.50B,$0.08B,6.54,$0.05B,$0.58B,0.08,$0.39B,$0.24B,62.15%,$0.39B,$0.05B,13.55%,$0.39B,$0.05B,13.55%,$0.39B,$0.07B,17.65%,$0.39B,$0.07B,18.93%,$0.39B,$0.07B,17.14%,$0.07B,$0.58B,10.15%,$0.07B,$0.49B,11.72%,$0.07B,$0.70B,8.51%,$0.05B,$0.63B,7.51%,$105,$39,$66,$23,$24,$86,$18,$2,$20,$5,$15,$15,$15,$22,$18,$49,50,$0.30,$0.29,$392,$30,$0,$497,$28,$58,$89,$31,$206,$703,$76,$48,$0,$48,$124,$0,$425,$-2,$579,$703,$25,$7,$19,$27,$-1,$-1,$1,$1,$-7,$45,$9,$0,$0,$269,$-140,$128,$-4,$134,$0,$0,$0,$-170,$-170,$0,$1,$-170,$10,$20,$0
42,2008-03-31,31.54,$12.09,2.61,$6.56,4.81,$15.54,2.03,$1.08,29.2,$0.50B,$0.08B,6.39,$0.05B,$0.59B,0.08,$0.36B,$0.22B,61.33%,$0.36B,$0.04B,10.22%,$0.36B,$0.04B,10.22%,$0.36B,$0.05B,14.64%,$0.36B,$0.06B,17.40%,$0.36B,$0.06B,16.30%,$0.06B,$0.59B,8.38%,$0.06B,$0.50B,9.57%,$0.06B,$0.71B,7.10%,$0.04B,$0.64B,4.94%,$98,$38,$60,$25,$25,$87,$11,$5,$16,$5,$11,$11,$11,$15,$11,$51,52,$0.21,$0.21,$401,$27,$0,$501,$27,$66,$90,$30,$213,$714,$78,$46,$0,$46,$125,$0,$411,$-2,$589,$714,$11,$4,$10,$14,$5,$2,$-4,$2,$-1,$24,$13,$0,$0,$0,$170,$170,$-0,$182,$0,$0,$0,$-140,$-140,$0,$0,$-140,$66,$10,$0
43,2007-12-31,37.43,$13.32,2.81,$6.02,6.22,$20.21,1.85,$3.71,10.09,$0.69B,$0.09B,7.42,$0.04B,$0.70B,0.06,$0.34B,$0.21B,61.24%,$0.34B,$0.02B,6.51%,$0.34B,$0.02B,6.51%,$0.34B,$0.04B,11.24%,$0.34B,$0.05B,13.91%,$0.34B,$0.20B,60.36%,$0.20B,$0.70B,27.60%,$0.20B,$0.61B,31.23%,$0.20B,$0.84B,23.09%,$0.02B,$0.75B,2.80%,$100,$37,$64,$22,$28,$86,$14,$6,$21,$5,$16,$16,$21,$18,$14,$55,56,$0.39,$0.31,$573,$29,$0,$693,$28,$0,$91,$28,$148,$840,$93,$43,$0,$43,$137,$0,$400,$0,$704,$840,$205,$16,$-124,$-108,$-15,$-6,$-3,$17,$-53,$44,$265,$0,$-9,$10,$0,$10,$-10,$257,$0,$0,$0,$-142,$-142,$0,$2,$-140,$196,$40,$0
44,2007-09-30,41.76,$13.94,3.0,$5.54,7.53,$15.34,2.72,$3.42,12.21,$0.75B,$0.08B,9.55,$0.05B,$0.77B,0.06,$0.31B,$0.19B,60.06%,$0.31B,$0.01B,2.88%,$0.31B,$0.01B,2.88%,$0.31B,$0.03B,7.99%,$0.31B,$0.03B,9.90%,$0.31B,$0.19B,60.06%,$0.19B,$0.77B,26.65%,$0.19B,$0.69B,30.27%,$0.19B,$0.89B,22.24%,$0.01B,$0.81B,1.21%,$88,$35,$53,$21,$22,$78,$10,$7,$17,$-0,$18,$18,$20,$14,$10,$55,57,$0.37,$0.36,$638,$24,$0,$752,$29,$0,$83,$28,$140,$892,$79,$45,$0,$45,$123,$0,$379,$0,$769,$892,$184,$12,$-129,$-117,$-20,$-2,$2,$10,$-61,$6,$267,$0,$0,$0,$-168,$-168,$-7,$93,$0,$0,$0,$-37,$-37,$0,$1,$-35,$83,$29,$0
45,2007-06-30,34.61,$13.67,2.53,$5.27,6.57,$11.20,3.09,$3.14,11.02,$0.74B,$0.08B,9.69,$0.05B,$0.75B,0.07,$0.30B,$0.18B,61.07%,$0.30B,$-0.00B,-0.34%,$0.30B,$-0.00B,-0.34%,$0.30B,$0.02B,5.03%,$0.30B,$0.02B,5.70%,$0.30B,$0.17B,58.05%,$0.17B,$0.75B,26.48%,$0.17B,$0.67B,30.65%,$0.17B,$0.88B,21.73%,$-0.00B,$0.80B,-0.15%,$76,$30,$45,$22,$21,$74,$2,$7,$9,$2,$7,$7,$7,$6,$2,$55,56,$0.14,$0.13,$644,$19,$0,$742,$30,$0,$84,$24,$138,$880,$77,$50,$0,$50,$126,$0,$358,$0,$754,$880,$163,$8,$-133,$-125,$-6,$3,$-1,$-0,$-52,$-14,$269,$0,$0,$0,$-164,$-164,$-0,$105,$0,$0,$0,$-14,$-14,$0,$1,$-13,$94,$20,$0
46,2007-03-31,29.92,$13.34,2.24,$5.21,5.75,$7.12,4.2,$3.19,9.38,$0.78B,$0.14B,5.6,$0.05B,$0.73B,0.07,$0.30B,$0.19B,62.84%,$0.30B,$-0.00B,-0.68%,$0.30B,$-0.00B,-0.68%,$0.30B,$0.02B,5.07%,$0.30B,$0.01B,4.39%,$0.30B,$0.18B,59.46%,$0.18B,$0.73B,28.84%,$0.18B,$0.65B,33.88%,$0.18B,$0.92B,23.33%,$-0.00B,$0.78B,-0.31%,$74,$28,$45,$25,$24,$78,$-4,$3,$-0,$1,$-1,$-1,$156,$0,$-4,$55,55,$2.84,$2.84,$666,$21,$0,$778,$33,$0,$85,$26,$144,$922,$139,$53,$0,$53,$192,$0,$351,$0,$730,$922,$156,$4,$-144,$-140,$3,$1,$1,$6,$10,$25,$269,$0,$0,$-135,$0,$-135,$0,$135,$0,$0,$0,$-14,$-14,$0,$0,$-13,$145,$12,$0
47,2006-12-31,34.65,$10.38,3.34,$5.01,6.91,$2.11,16.39,$0.54,64.17,$0.50B,$0.10B,4.96,$0.02B,$0.57B,0.03,$0.29B,$0.19B,64.71%,$0.29B,$0.01B,2.08%,$0.29B,$0.01B,2.08%,$0.29B,$0.02B,8.30%,$0.29B,$0.02B,6.92%,$0.29B,$0.03B,10.73%,$0.03B,$0.57B,5.49%,$0.03B,$0.48B,6.51%,$0.03B,$0.69B,4.48%,$0.01B,$0.58B,1.03%,$75,$29,$45,$23,$21,$74,$1,$4,$5,$0,$4,$4,$5,$5,$1,$55,57,$0.10,$0.09,$386,$22,$0,$504,$34,$0,$86,$25,$183,$687,$102,$16,$0,$17,$118,$0,$195,$0,$569,$687,$31,$18,$16,$34,$-3,$-10,$-1,$-1,$-9,$56,$-20,$0,$-16,$-55,$0,$-55,$-4,$-95,$-1,$0,$-1,$-17,$-17,$0,$5,$-13,$-32,$31,$0
