,Date,Stock Price,Book Value per Share,Price to Book Ratio,TTM Sales per Share,Price to Sales Ratio,TTM FCF per Share,Price to FCF Ratio,TTM Net EPS,PE Ratio,Current Assets,Current Liabilities,Current Ratio,Long Term Debt,Shareholder's Equity_x,Debt to Equity Ratio,TTM Revenue_x,TTM Gross Profit,Gross Margin,TTM Revenue_y,TTM Operating Income,Operating Margin,TTM Revenue_x,TTM EBIT,EBIT Margin,TTM Revenue_y,TTM EBITDA,EBITDA Margin,TTM Revenue_x,TTM Pre-Tax Income,Pre-Tax Margin,TTM Revenue_y,TTM Net Income_x,Net Margin,TTM Net Income_y,Shareholder's Equity_y,Return on Equity,TTM Net Income_x,Tangible Equity,Return on Tangible Equity,TTM Net Income_y,Total Assets,Return on Assets,TTM Net Income,LT Investments & Debt,Return on Investment,revenue,cost-goods-sold,gross-profit,research-development-expenses,selling-general-administrative-expenses,operating-expenses,operating-income,total-non-operating-income-expense,pre-tax-income,total-provision-income-taxes,income-after-taxes,income-from-continuous-operations,net-income,ebitda,ebit,basic-shares-outstanding,shares-outstanding,eps-basic-net-earnings-per-share,eps-earnings-per-share-diluted,cash-on-hand,inventory,other-current-assets,total-current-assets,net-property-plant-equipment,long-term-investments,goodwill-intangible-assets-total,other-long-term-assets,total-long-term-assets,total-assets,total-current-liabilities,long-term-debt,other-non-current-liabilities,total-long-term-liabilities,total-liabilities,common-stock-net,retained-earnings-accumulated-deficit,comprehensive-income,total-share-holder-equity,total-liabilities-share-holders-equity,net-income-loss,total-depreciation-amortization-cash-flow,other-non-cash-items,total-non-cash-items,change-in-accounts-receivable,change-in-inventories,change-in-accounts-payable,change-in-assets-liabilities,total-change-in-assets-liabilities,cash-flow-from-operating-activities,net-change-in-property-plant-equipment,net-change-in-intangible-assets,net-acquisitions-divestitures,net-change-in-short-term-investments,net-change-in-long-term-investments,net-change-in-investments-total,investing-activities-other,cash-flow-from-investing-activities,net-long-term-debt,net-current-debt,debt-issuance-retirement-net-total,net-common-equity-issued-repurchased,net-total-equity-issued-repurchased,total-common-preferred-stock-dividends-paid,financial-activities-other,cash-flow-from-financial-activities,net-cash-flow,stock-based-compensation,common-stock-dividends-paid
0,2018-09-30,97.53,$82.20,1.19,$13.33,7.32,$33.69,2.89,$3.63,26.87,$0.33B,$0.17B,1.93,$5.58B,$6.51B,0.86,$1.27B,$0.79B,62.42%,$1.27B,$0.39B,30.82%,$1.27B,$0.39B,30.82%,$1.27B,$0.62B,48.82%,$1.27B,$0.21B,16.75%,$1.27B,$0.32B,25.31%,$0.32B,$7.04B,4.48%,$0.32B,$7.04B,4.48%,$0.32B,$13.46B,2.36%,$0.39B,$12.62B,3.04%,$308,$115,$192,$0,$21,$210,$97,$-69,$29,$0,$29,$99,$88,$177,$97,$86,90,$1.03,$1.03,$259,$0,$0,$325,$6525,$0,$0,$6074,$13130,$13455,$168,$5584,$666,$6251,$6419,$1,$1477,$36,$7036,$13455,$329,$224,$-196,$28,$8,$0,$21,$-66,$-37,$318,$688,$0,$0,$0,$-398,$-398,$210,$500,$189,$0,$189,$-744,$-745,$-248,$-5,$-809,$9,$0,$-248
1,2018-06-30,100.53,$82.01,1.23,$13.58,7.4,$25.45,3.95,$3.00,33.51,$0.46B,$0.17B,2.73,$5.90B,$6.51B,0.91,$1.34B,$0.83B,61.84%,$1.34B,$0.40B,29.95%,$1.34B,$0.40B,29.95%,$1.34B,$0.65B,48.24%,$1.34B,$0.23B,17.10%,$1.34B,$0.27B,20.39%,$0.27B,$7.03B,3.78%,$0.27B,$7.03B,3.78%,$0.27B,$13.71B,1.94%,$0.40B,$12.93B,3.05%,$301,$110,$191,$0,$22,$205,$96,$34,$131,$0,$131,$116,$104,$168,$96,$87,92,$1.19,$1.19,$380,$0,$0,$455,$6595,$0,$0,$6142,$13259,$13714,$167,$5901,$616,$6517,$6684,$1,$1458,$33,$7030,$13714,$230,$144,$-124,$20,$-2,$0,$23,$-21,$1,$246,$654,$0,$0,$0,$-541,$-541,$155,$268,$508,$0,$508,$-719,$-719,$-168,$-4,$-384,$130,$0,$-168
2,2018-03-31,96.06,$81.11,1.18,$14.12,6.81,$17.65,5.44,$1.89,50.82,$0.46B,$0.17B,2.72,$5.47B,$6.79B,0.81,$1.44B,$0.90B,62.33%,$1.44B,$0.40B,27.99%,$1.44B,$0.40B,27.99%,$1.44B,$0.74B,51.60%,$1.44B,$0.12B,8.22%,$1.44B,$0.18B,12.33%,$0.18B,$7.32B,2.36%,$0.18B,$7.32B,2.36%,$0.18B,$13.38B,1.23%,$0.40B,$12.78B,2.96%,$302,$114,$188,$0,$24,$210,$91,$-1,$90,$0,$90,$114,$102,$164,$91,$91,95,$1.12,$1.12,$378,$0,$0,$459,$6829,$0,$0,$5577,$12922,$13381,$169,$5465,$432,$5897,$6066,$1,$1584,$29,$7315,$13381,$114,$73,$-58,$15,$-6,$0,$19,$-51,$-38,$95,$354,$0,$0,$0,$-19,$-19,$121,$456,$50,$0,$50,$-382,$-382,$-86,$-4,$-422,$128,$0,$-86
3,2017-12-31,99.29,$79.23,1.25,$14.52,6.84,$13.08,7.59,$0.88,112.83,$0.33B,$0.18B,1.89,$5.90B,$6.83B,0.86,$1.51B,$0.94B,62.21%,$1.51B,$0.42B,27.86%,$1.51B,$0.42B,27.86%,$1.51B,$0.84B,55.72%,$1.51B,$0.03B,1.85%,$1.51B,$0.09B,5.69%,$0.09B,$7.35B,1.10%,$0.09B,$7.35B,1.10%,$0.09B,$13.98B,0.57%,$0.42B,$13.25B,2.98%,$361,$139,$223,$0,$28,$253,$108,$-145,$-37,$0,$-37,$38,$28,$112,$108,$99,103,$0.29,$0.28,$250,$0,$0,$331,$7906,$0,$0,$5155,$13652,$13983,$175,$5898,$557,$6454,$6630,$1,$1139,$19,$7353,$13983,$101,$420,$81,$501,$-13,$0,$-12,$-11,$-36,$548,$287,$0,$0,$0,$-651,$-651,$345,$-19,$493,$0,$493,$-783,$-783,$-386,$-5,$-681,$-152,$0,$-386
4,2017-09-30,98.88,$73.72,1.34,$14.60,6.77,$31.19,3.17,$1.03,96.0,$0.43B,$0.18B,2.39,$6.47B,$6.96B,0.93,$1.52B,$0.94B,61.94%,$1.52B,$0.41B,26.77%,$1.52B,$0.41B,26.77%,$1.52B,$0.92B,60.56%,$1.52B,$-0.11B,-6.89%,$1.52B,$0.10B,6.69%,$0.10B,$7.18B,1.26%,$0.10B,$7.18B,1.26%,$0.10B,$15.11B,0.66%,$0.41B,$13.65B,2.80%,$375,$148,$226,$0,$24,$268,$106,$-62,$45,$0,$45,$46,$39,$202,$106,$98,103,$0.40,$0.40,$349,$0,$0,$428,$9422,$0,$0,$4619,$14682,$15110,$179,$6468,$506,$7747,$7926,$1,$1410,$14,$7184,$15110,$63,$416,$-11,$406,$-11,$0,$1,$-34,$-44,$412,$-116,$0,$0,$0,$-286,$-286,$326,$-76,$267,$0,$267,$-338,$-338,$-262,$-25,$-357,$-21,$0,$-262
5,2017-06-30,102.47,$82.72,1.24,$14.91,6.87,$54.06,1.9,$0.97,105.63,$0.46B,$0.17B,2.67,$6.42B,$7.61B,0.84,$1.57B,$0.98B,62.77%,$1.57B,$0.42B,26.63%,$1.57B,$0.42B,26.63%,$1.57B,$0.95B,60.92%,$1.57B,$-0.11B,-6.83%,$1.57B,$0.10B,6.19%,$0.10B,$8.14B,1.15%,$0.10B,$8.14B,1.15%,$0.10B,$15.31B,0.62%,$0.42B,$14.56B,2.80%,$398,$140,$258,$0,$24,$301,$97,$-77,$20,$0,$20,$16,$8,$263,$97,$100,105,$0.08,$0.08,$381,$0,$0,$456,$9505,$0,$0,$4715,$14854,$15310,$171,$6419,$583,$7002,$7173,$1,$1431,$14,$8137,$15310,$17,$321,$8,$328,$-6,$0,$-11,$7,$-11,$311,$-104,$0,$0,$0,$-230,$-230,$97,$-238,$294,$0,$294,$-200,$-200,$-176,$20,$-62,$11,$0,$-176
6,2017-03-31,102.51,$84.32,1.22,$17.00,6.03,$72.80,1.41,$2.22,46.17,$0.61B,$0.20B,3.01,$6.62B,$7.97B,0.83,$1.79B,$1.20B,67.02%,$1.79B,$0.33B,18.65%,$1.79B,$0.33B,18.65%,$1.79B,$1.15B,64.22%,$1.79B,$0.02B,1.23%,$1.79B,$0.22B,12.43%,$0.22B,$8.50B,2.61%,$0.22B,$8.50B,2.61%,$0.22B,$15.88B,1.36%,$0.33B,$15.12B,2.16%,$377,$144,$233,$0,$24,$267,$110,$-110,$0,$0,$0,$1,$11,$265,$110,$101,106,$0.11,$0.11,$539,$0,$0,$611,$10387,$0,$0,$4158,$15267,$15877,$203,$6622,$555,$7177,$7380,$1,$1497,$17,$8497,$15877,$1,$155,$11,$166,$-2,$0,$-16,$-29,$-47,$113,$-98,$0,$0,$0,$56,$56,$60,$17,$98,$0,$98,$9,$9,$-88,$20,$39,$169,$0,$-88
7,2016-12-31,102.64,$84.79,1.21,$17.79,5.77,$74.71,1.37,$2.34,43.86,$0.44B,$0.23B,1.94,$6.52B,$8.00B,0.82,$1.86B,$1.27B,68.13%,$1.86B,$0.32B,16.95%,$1.86B,$0.32B,16.95%,$1.86B,$1.16B,62.39%,$1.86B,$0.04B,2.20%,$1.86B,$0.23B,12.55%,$0.23B,$8.53B,2.75%,$0.23B,$8.53B,2.75%,$0.23B,$15.86B,1.36%,$0.32B,$15.05B,1.99%,$374,$147,$227,$0,$26,$279,$95,$-265,$-170,$0,$-170,$54,$44,$193,$95,$100,105,$0.45,$0.44,$370,$0,$0,$440,$10479,$0,$0,$4230,$15418,$15858,$227,$6524,$581,$7104,$7331,$1,$1579,$22,$8527,$15858,$279,$846,$-434,$411,$-0,$0,$-36,$-70,$-106,$635,$2112,$0,$0,$0,$-194,$-194,$204,$2123,$-2364,$0,$-2364,$15,$12,$-329,$-51,$-2733,$24,$0,$-329
8,2016-09-30,102.41,$84.05,1.22,$18.33,5.59,$34.85,2.94,$2.91,35.19,$0.58B,$0.21B,2.75,$6.40B,$7.99B,0.8,$1.92B,$1.32B,69.14%,$1.92B,$0.36B,19.01%,$1.92B,$0.36B,19.01%,$1.92B,$1.23B,64.07%,$1.92B,$0.31B,16.24%,$1.92B,$0.29B,15.20%,$0.29B,$8.52B,3.44%,$0.29B,$8.52B,3.44%,$0.29B,$15.79B,1.60%,$0.36B,$14.92B,2.17%,$417,$152,$265,$0,$25,$301,$115,$-72,$43,$0,$43,$43,$34,$233,$115,$100,105,$0.34,$0.34,$506,$0,$0,$577,$10419,$0,$0,$4112,$15214,$15791,$210,$6400,$666,$7066,$7276,$1,$1613,$-14,$8515,$15791,$225,$748,$-402,$345,$-1,$0,$-28,$-72,$-101,$509,$2199,$0,$0,$0,$27,$27,$180,$2405,$-2480,$0,$-2480,$12,$9,$-246,$-47,$-2763,$150,$0,$-246
9,2016-06-30,100.21,$85.29,1.17,$18.52,5.41,$-5.49,0.0,$4.21,23.8,$0.51B,$0.23B,2.27,$8.00B,$8.01B,1.0,$1.93B,$1.34B,69.59%,$1.93B,$0.35B,18.19%,$1.93B,$0.35B,18.19%,$1.93B,$1.25B,64.72%,$1.93B,$0.28B,14.56%,$1.93B,$0.42B,21.81%,$0.42B,$8.54B,5.10%,$0.42B,$8.54B,5.10%,$0.42B,$17.54B,2.21%,$0.35B,$16.54B,2.00%,$618,$146,$472,$0,$24,$605,$13,$136,$149,$0,$149,$149,$133,$456,$13,$100,105,$1.33,$1.33,$443,$0,$0,$514,$12788,$0,$0,$3542,$17030,$17544,$226,$8004,$778,$8782,$9008,$1,$1655,$-17,$8536,$17544,$182,$630,$-434,$196,$2,$0,$-34,$-42,$-73,$373,$1798,$0,$0,$0,$171,$171,$158,$2127,$-2301,$0,$-2301,$4,$2,$-166,$-14,$-2479,$21,$0,$-166
10,2016-03-31,90.54,$84.00,1.08,$16.73,5.41,$-22.89,0.0,$2.49,36.36,$0.57B,$0.21B,2.76,$8.55B,$7.88B,1.09,$1.72B,$1.15B,66.59%,$1.72B,$0.38B,22.14%,$1.72B,$0.38B,22.14%,$1.72B,$1.04B,60.49%,$1.72B,$0.10B,5.98%,$1.72B,$0.25B,14.47%,$0.25B,$8.41B,3.11%,$0.25B,$8.41B,3.11%,$0.25B,$19.59B,1.31%,$0.38B,$16.96B,2.20%,$455,$150,$306,$0,$24,$362,$93,$-75,$19,$0,$19,$33,$23,$281,$93,$100,104,$0.23,$0.23,$496,$0,$0,$567,$12829,$0,$0,$5515,$19019,$19586,$205,$8550,$2424,$10974,$11179,$1,$1621,$-17,$8407,$19586,$33,$187,$-49,$139,$3,$0,$-21,$-48,$-65,$114,$99,$0,$0,$0,$149,$149,$91,$339,$-298,$0,$-298,$1,$1,$-86,$-9,$-392,$61,$0,$-86
11,2015-12-31,104.8,$84.28,1.24,$16.21,6.46,$-19.89,0.0,$2.70,38.81,$0.56B,$0.24B,2.36,$10.32B,$7.92B,1.3,$1.66B,$1.10B,65.94%,$1.66B,$0.40B,24.19%,$1.66B,$0.40B,24.19%,$1.66B,$0.99B,59.51%,$1.66B,$0.13B,7.58%,$1.66B,$0.27B,16.19%,$0.27B,$8.43B,3.45%,$0.27B,$8.43B,3.45%,$0.27B,$19.73B,1.46%,$0.40B,$18.74B,2.37%,$425,$144,$281,$0,$23,$283,$143,$-42,$100,$0,$100,$113,$101,$257,$143,$99,104,$1.02,$1.01,$489,$0,$0,$563,$14621,$0,$0,$3805,$19165,$19728,$239,$10317,$746,$11063,$11302,$1,$1644,$-9,$8426,$19728,$317,$588,$-260,$328,$-5,$0,$9,$-26,$-23,$526,$-1944,$0,$0,$0,$-405,$-405,$83,$-2266,$1902,$0,$1902,$241,$240,$-377,$-52,$1713,$-26,$0,$-377
12,2015-09-30,99.7,$76.98,1.3,$15.99,6.23,$-7.30,0.0,$2.28,43.73,$0.60B,$0.38B,1.6,$10.17B,$7.45B,1.37,$1.62B,$1.06B,65.52%,$1.62B,$0.38B,23.34%,$1.62B,$0.38B,23.34%,$1.62B,$0.96B,58.93%,$1.62B,$0.07B,4.25%,$1.62B,$0.23B,13.85%,$0.23B,$7.67B,2.93%,$0.23B,$7.67B,2.93%,$0.23B,$19.49B,1.27%,$0.38B,$17.84B,2.32%,$432,$148,$284,$0,$23,$331,$102,$-88,$13,$0,$13,$177,$164,$255,$102,$100,104,$1.64,$1.64,$524,$0,$0,$602,$14261,$0,$0,$3817,$18889,$19491,$377,$10172,$564,$11441,$11819,$1,$1773,$-16,$7672,$19491,$203,$474,$-196,$278,$-8,$0,$6,$-90,$-92,$323,$-1839,$0,$0,$0,$-224,$-224,$77,$-1986,$1714,$0,$1714,$237,$237,$-199,$-125,$1626,$-37,$0,$-199
13,2015-06-30,100.73,$75.55,1.33,$15.75,6.4,$4.00,25.15,$1.32,76.31,$0.42B,$0.31B,1.36,$8.23B,$7.30B,1.13,$1.58B,$1.04B,65.42%,$1.58B,$0.41B,25.60%,$1.58B,$0.41B,25.60%,$1.58B,$0.93B,58.91%,$1.58B,$0.10B,6.07%,$1.58B,$0.13B,7.96%,$0.13B,$7.52B,1.66%,$0.13B,$7.52B,1.66%,$0.13B,$17.27B,0.73%,$0.41B,$15.75B,2.56%,$409,$134,$275,$0,$23,$366,$43,$-72,$-29,$0,$-29,$-29,$-39,$248,$43,$100,100,$-0.39,$-0.39,$344,$0,$0,$420,$11524,$0,$0,$4559,$16847,$17267,$308,$8227,$651,$9434,$9743,$1,$1658,$-11,$7524,$17267,$26,$320,$-21,$300,$-6,$0,$-17,$-23,$-46,$233,$97,$0,$0,$0,$-394,$-394,$39,$-258,$-38,$0,$-38,$236,$236,$-132,$-107,$-41,$-66,$0,$-132
14,2015-03-31,117.05,$75.79,1.54,$15.47,7.57,$2.23,52.42,$4.17,28.07,$0.52B,$0.31B,1.66,$8.11B,$7.32B,1.11,$1.55B,$1.01B,65.12%,$1.55B,$0.49B,31.47%,$1.55B,$0.49B,31.47%,$1.55B,$0.91B,58.69%,$1.55B,$0.26B,16.41%,$1.55B,$0.40B,25.80%,$0.40B,$7.54B,5.32%,$0.40B,$7.54B,5.32%,$0.40B,$17.08B,2.35%,$0.49B,$15.65B,3.11%,$396,$141,$256,$0,$25,$282,$114,$-72,$42,$0,$42,$42,$43,$229,$114,$98,103,$0.44,$0.44,$460,$0,$0,$522,$12005,$0,$0,$3819,$16559,$17081,$314,$8110,$503,$9223,$9537,$1,$1691,$-12,$7543,$17081,$56,$115,$-17,$98,$7,$0,$-20,$-37,$-50,$91,$429,$0,$0,$0,$-239,$-239,$40,$230,$-322,$0,$-322,$230,$230,$-174,$-7,$-272,$49,$0,$-174
15,2014-12-31,108.01,$82.27,1.31,$15.29,7.06,$-1.66,0.0,$5.26,20.53,$0.50B,$0.31B,1.61,$8.20B,$7.71B,1.06,$1.52B,$0.99B,65.00%,$1.52B,$0.49B,32.30%,$1.52B,$0.49B,32.30%,$1.52B,$0.89B,58.75%,$1.52B,$0.36B,23.95%,$1.52B,$0.50B,33.16%,$0.50B,$8.00B,6.78%,$0.50B,$8.00B,6.78%,$0.50B,$17.10B,3.04%,$0.49B,$16.20B,3.18%,$387,$137,$249,$0,$23,$266,$120,$-78,$43,$0,$43,$43,$57,$225,$120,$96,100,$0.56,$0.56,$431,$0,$0,$500,$12164,$0,$0,$3730,$16597,$17097,$311,$8200,$586,$8786,$9097,$1,$1608,$-7,$8000,$17097,$546,$400,$-327,$73,$-2,$0,$-8,$-34,$-44,$490,$-597,$0,$0,$0,$-428,$-428,$229,$-797,$471,$0,$471,$211,$209,$-215,$-84,$381,$75,$0,$-215
16,2014-09-30,91.49,$73.97,1.24,$14.75,6.2,$-2.53,0.0,$5.06,18.08,$0.49B,$0.31B,1.58,$8.31B,$7.14B,1.16,$1.45B,$0.94B,64.65%,$1.45B,$0.46B,31.77%,$1.45B,$0.46B,31.77%,$1.45B,$0.85B,58.65%,$1.45B,$0.35B,24.26%,$1.45B,$0.48B,33.36%,$0.48B,$7.36B,6.73%,$0.48B,$7.36B,6.73%,$0.48B,$17.24B,3.01%,$0.46B,$15.67B,3.10%,$390,$136,$255,$0,$23,$262,$128,$-88,$40,$0,$40,$40,$65,$230,$128,$96,100,$0.68,$0.68,$413,$0,$0,$490,$12120,$0,$0,$3952,$16747,$17237,$311,$8310,$799,$9563,$9874,$1,$1814,$-3,$7363,$17237,$481,$296,$-310,$-15,$-13,$0,$17,$-24,$-19,$377,$-705,$0,$0,$0,$-295,$-295,$175,$-825,$644,$0,$644,$63,$63,$-160,$-52,$495,$47,$0,$-160
17,2014-06-30,98.32,$73.32,1.34,$14.41,6.83,$1.97,49.79,$4.78,20.57,$0.53B,$0.29B,1.8,$8.19B,$7.05B,1.16,$1.40B,$0.89B,63.57%,$1.40B,$0.43B,30.93%,$1.40B,$0.43B,30.93%,$1.40B,$0.82B,58.21%,$1.40B,$0.34B,24.00%,$1.40B,$0.46B,32.57%,$0.46B,$7.27B,6.47%,$0.46B,$7.27B,6.47%,$0.46B,$16.72B,2.96%,$0.43B,$15.46B,3.02%,$381,$129,$252,$0,$24,$253,$127,$3,$130,$0,$130,$130,$236,$228,$127,$95,99,$2.47,$2.46,$465,$0,$0,$526,$11958,$0,$0,$3579,$16192,$16718,$293,$8187,$536,$9153,$9445,$1,$1798,$-6,$7272,$16718,$407,$194,$-323,$-129,$5,$0,$13,$-7,$11,$277,$-123,$0,$0,$0,$-373,$-373,$178,$-318,$268,$0,$268,$29,$29,$-107,$-47,$143,$101,$0,$-107
18,2014-03-31,90.01,$74.67,1.21,$14.32,6.28,$1.50,59.99,$2.41,37.35,$0.67B,$0.25B,2.64,$7.22B,$6.90B,1.05,$1.37B,$0.86B,62.93%,$1.37B,$0.42B,30.81%,$1.37B,$0.42B,30.81%,$1.37B,$0.79B,57.68%,$1.37B,$0.23B,16.97%,$1.37B,$0.23B,16.61%,$0.23B,$7.12B,3.30%,$0.23B,$7.12B,3.30%,$0.23B,$15.36B,1.54%,$0.42B,$14.33B,3.05%,$362,$130,$232,$0,$23,$246,$116,$35,$151,$0,$151,$151,$146,$210,$116,$95,99,$1.54,$1.53,$602,$0,$0,$669,$10587,$0,$0,$3467,$14694,$15363,$253,$7216,$428,$7993,$8246,$1,$1688,$-15,$7118,$15363,$157,$94,$-111,$-17,$0,$0,$-2,$-33,$-35,$88,$26,$0,$0,$0,$-169,$-169,$71,$-72,$273,$0,$273,$9,$9,$-53,$-4,$224,$240,$0,$-53
19,2013-12-31,82.22,$73.87,1.11,$14.47,5.68,$0.72,114.34,$1.09,75.43,$0.42B,$0.26B,1.6,$6.97B,$6.80B,1.03,$1.37B,$0.86B,62.73%,$1.37B,$0.43B,31.36%,$1.37B,$0.43B,31.36%,$1.37B,$0.79B,57.62%,$1.37B,$0.11B,8.02%,$1.37B,$0.10B,7.37%,$0.10B,$7.02B,1.47%,$0.10B,$7.02B,1.47%,$0.10B,$14.96B,0.69%,$0.43B,$13.98B,3.14%,$318,$119,$199,$0,$23,$229,$90,$-59,$31,$0,$31,$31,$37,$183,$90,$92,95,$0.40,$0.40,$349,$0,$0,$418,$10688,$0,$0,$3200,$14541,$14959,$261,$6968,$399,$7682,$7942,$1,$1619,$-15,$7017,$14959,$151,$360,$-53,$307,$-8,$0,$-1,$-40,$-50,$386,$-571,$0,$0,$0,$-57,$-57,$-0,$-628,$316,$0,$316,$311,$118,$-153,$-23,$259,$17,$0,$-153
20,2013-09-30,78.64,$73.41,1.07,$13.81,5.69,$0.10,761.31,$0.92,85.48,$0.63B,$0.24B,2.64,$6.87B,$6.55B,1.05,$1.30B,$0.82B,62.60%,$1.30B,$0.39B,29.80%,$1.30B,$0.39B,29.80%,$1.30B,$0.76B,58.14%,$1.30B,$0.08B,5.84%,$1.30B,$0.08B,6.45%,$0.08B,$6.77B,1.23%,$0.08B,$6.77B,1.23%,$0.08B,$14.58B,0.58%,$0.39B,$13.64B,2.86%,$339,$132,$207,$0,$21,$239,$100,$-76,$24,$0,$24,$24,$37,$194,$100,$92,95,$0.40,$0.40,$566,$0,$0,$625,$10140,$0,$0,$3188,$13950,$14575,$237,$6867,$404,$7569,$7806,$1,$1637,$-19,$6769,$14575,$107,$267,$-12,$255,$-3,$0,$24,$-28,$-7,$311,$-195,$0,$0,$0,$-52,$-52,$5,$-243,$218,$0,$218,$58,$-134,$-116,$-17,$-49,$19,$0,$-116
21,2013-06-30,77.78,$73.23,1.06,$14.05,5.54,$-3.68,0.0,$0.61,127.51,$0.39B,$0.21B,1.84,$6.76B,$6.50B,1.04,$1.32B,$0.82B,62.12%,$1.32B,$0.39B,29.70%,$1.32B,$0.39B,29.70%,$1.32B,$0.76B,57.65%,$1.32B,$0.08B,6.06%,$1.32B,$0.06B,4.17%,$0.06B,$6.72B,0.80%,$0.06B,$6.72B,0.80%,$0.06B,$14.40B,0.38%,$0.39B,$13.48B,2.92%,$354,$128,$226,$0,$22,$237,$117,$-89,$27,$0,$27,$27,$8,$205,$117,$92,95,$0.09,$0.09,$329,$0,$0,$388,$10161,$0,$0,$3246,$14014,$14402,$210,$6758,$417,$7468,$7679,$1,$1631,$-19,$6723,$14402,$62,$173,$30,$203,$6,$0,$2,$-4,$3,$210,$-109,$0,$0,$0,$68,$68,$-2,$-43,$112,$0,$112,$17,$-175,$-81,$-13,$-158,$9,$0,$-81
22,2013-03-31,75.66,$75.43,1.0,$14.00,5.41,$-6.53,0.0,$1.66,45.58,$0.40B,$0.22B,1.86,$6.72B,$6.50B,1.03,$1.31B,$0.81B,61.78%,$1.31B,$0.39B,29.67%,$1.31B,$0.39B,29.67%,$1.31B,$0.75B,56.83%,$1.31B,$0.17B,13.04%,$1.31B,$0.15B,11.44%,$0.15B,$6.91B,2.18%,$0.15B,$6.91B,2.18%,$0.15B,$14.54B,1.05%,$0.39B,$13.63B,2.92%,$360,$132,$228,$0,$21,$237,$123,$-94,$28,$0,$28,$28,$19,$208,$123,$91,94,$0.21,$0.21,$350,$0,$0,$403,$10270,$0,$0,$3263,$14141,$14544,$217,$6721,$430,$7421,$7638,$1,$1665,$-26,$6906,$14544,$30,$85,$-12,$73,$4,$0,$1,$-4,$0,$90,$-54,$0,$0,$0,$-110,$-110,$-5,$-169,$155,$0,$155,$5,$4,$-43,$-6,$110,$30,$0,$-43
23,2012-12-31,67.09,$75.69,0.89,$13.94,4.81,$-8.01,0.0,$1.74,38.56,$0.39B,$0.24B,1.62,$6.56B,$6.51B,1.01,$1.29B,$0.79B,61.09%,$1.29B,$0.37B,28.60%,$1.29B,$0.37B,28.60%,$1.29B,$0.72B,55.89%,$1.29B,$0.17B,13.33%,$1.29B,$0.16B,12.09%,$0.16B,$6.91B,2.29%,$0.16B,$6.91B,2.29%,$0.16B,$14.39B,1.10%,$0.37B,$13.47B,2.81%,$249,$95,$154,$0,$21,$201,$48,$-51,$-3,$0,$-3,$-3,$20,$150,$48,$89,93,$0.22,$0.22,$326,$0,$0,$389,$10270,$0,$0,$3125,$13997,$14386,$241,$6558,$418,$7239,$7479,$1,$1701,$-30,$6907,$14386,$210,$352,$-45,$306,$-15,$0,$9,$-98,$-103,$347,$-584,$0,$0,$0,$-670,$-670,$91,$-1163,$724,$0,$724,$300,$322,$-125,$-53,$868,$52,$0,$-125
24,2012-09-30,69.78,$75.92,0.92,$14.88,4.69,$-6.25,0.0,$1.55,45.02,$0.34B,$0.25B,1.37,$6.34B,$6.46B,0.98,$1.35B,$0.83B,61.12%,$1.35B,$0.41B,30.45%,$1.35B,$0.41B,30.45%,$1.35B,$0.75B,55.21%,$1.35B,$0.20B,14.56%,$1.35B,$0.14B,10.27%,$0.14B,$6.86B,2.08%,$0.14B,$6.86B,2.08%,$0.14B,$14.29B,1.00%,$0.41B,$13.20B,3.20%,$357,$145,$212,$0,$21,$253,$104,$-77,$28,$0,$28,$28,$8,$198,$104,$90,94,$0.09,$0.09,$305,$0,$0,$341,$10380,$0,$0,$2980,$13944,$14285,$248,$6343,$520,$7177,$7425,$1,$1728,$-29,$6860,$14285,$182,$250,$-24,$226,$-12,$0,$11,$-86,$-87,$270,$-511,$0,$0,$0,$-332,$-332,$20,$-823,$377,$0,$377,$525,$325,$-107,$-17,$577,$24,$0,$-107
25,2012-06-30,69.71,$72.82,0.96,$14.55,4.79,$-3.74,0.0,$1.54,45.27,$0.44B,$0.26B,1.71,$6.23B,$6.44B,0.97,$1.30B,$0.80B,61.32%,$1.30B,$0.40B,30.47%,$1.30B,$0.40B,30.47%,$1.30B,$0.71B,54.80%,$1.30B,$0.18B,14.12%,$1.30B,$0.14B,10.59%,$0.14B,$6.81B,2.10%,$0.14B,$6.81B,2.10%,$0.14B,$14.14B,1.01%,$0.40B,$13.04B,3.14%,$345,$129,$216,$0,$21,$231,$114,$4,$118,$0,$118,$118,$103,$189,$114,$90,93,$1.15,$1.14,$395,$0,$0,$436,$10242,$0,$0,$2896,$13703,$14139,$255,$6232,$511,$7073,$7328,$1,$1741,$-28,$6811,$14139,$154,$156,$-14,$142,$-9,$0,$10,$-65,$-64,$198,$-364,$0,$0,$0,$-207,$-207,$13,$-558,$269,$0,$269,$295,$295,$-71,$-14,$479,$119,$0,$-71
26,2012-03-31,67.16,$71.95,0.93,$14.34,4.68,$-2.13,0.0,$6.56,10.24,$0.27B,$0.25B,1.06,$6.10B,$6.28B,0.97,$1.26B,$0.77B,61.10%,$1.26B,$0.37B,29.75%,$1.26B,$0.37B,29.75%,$1.26B,$0.69B,54.49%,$1.26B,$0.57B,45.11%,$1.26B,$0.56B,44.63%,$0.56B,$6.65B,8.70%,$0.56B,$6.65B,8.70%,$0.56B,$13.76B,4.23%,$0.37B,$12.75B,3.03%,$339,$134,$206,$0,$20,$236,$103,$-74,$29,$0,$29,$29,$25,$184,$103,$87,90,$0.29,$0.29,$232,$0,$0,$269,$10136,$0,$0,$2845,$13493,$13762,$254,$6098,$470,$6855,$7109,$1,$1666,$-24,$6652,$13762,$35,$81,$-7,$73,$-4,$0,$4,$-37,$-36,$57,$-157,$0,$0,$0,$-114,$-114,$-23,$-294,$43,$0,$43,$214,$214,$-36,$12,$233,$-5,$0,$-36
27,2011-12-31,57.52,$75.23,0.76,$14.61,3.94,$0.09,648.52,$7.28,7.9,$0.26B,$0.27B,0.97,$6.05B,$6.08B,1.0,$1.25B,$0.78B,62.79%,$1.25B,$0.41B,32.48%,$1.25B,$0.41B,32.48%,$1.25B,$0.70B,56.38%,$1.25B,$0.62B,49.88%,$1.25B,$0.62B,49.48%,$0.62B,$6.45B,9.97%,$0.62B,$6.45B,9.97%,$0.62B,$13.48B,4.86%,$0.41B,$12.51B,3.43%,$312,$119,$193,$0,$19,$222,$91,$-69,$22,$0,$22,$14,$3,$176,$91,$84,86,$-0.03,$-0.02,$225,$0,$0,$261,$10011,$0,$0,$2720,$13223,$13484,$269,$6053,$512,$6762,$7031,$1,$1705,$-28,$6453,$13484,$677,$298,$-556,$-258,$-2,$0,$11,$-33,$-25,$307,$-376,$0,$0,$0,$-471,$-471,$113,$-734,$-46,$0,$-46,$521,$521,$-207,$-36,$232,$-195,$0,$-207
28,2011-09-30,50.0,$71.94,0.7,$14.28,3.5,$7.47,6.69,$7.34,6.81,$0.53B,$0.27B,1.95,$5.90B,$6.04B,0.98,$1.20B,$0.75B,62.77%,$1.20B,$0.39B,32.22%,$1.20B,$0.39B,32.22%,$1.20B,$0.66B,55.43%,$1.20B,$0.63B,52.17%,$1.20B,$0.62B,51.84%,$0.62B,$6.41B,10.49%,$0.62B,$6.41B,10.49%,$0.62B,$13.16B,5.12%,$0.39B,$12.32B,3.40%,$307,$122,$184,$0,$19,$218,$89,$-73,$15,$0,$15,$15,$7,$165,$89,$86,88,$0.08,$0.08,$497,$0,$0,$531,$9548,$0,$0,$2626,$12631,$13163,$273,$5904,$459,$6477,$6750,$1,$1763,$-24,$6413,$13163,$660,$213,$-566,$-353,$-3,$0,$13,$-24,$-14,$238,$-243,$0,$0,$0,$-350,$-350,$91,$-502,$-6,$0,$-6,$520,$520,$-191,$3,$325,$62,$0,$-191
29,2011-06-30,71.14,$71.38,1.0,$14.80,4.81,$15.45,4.6,$8.68,8.2,$0.51B,$0.23B,2.17,$5.62B,$5.89B,0.95,$1.21B,$0.79B,64.88%,$1.21B,$0.43B,35.79%,$1.21B,$0.43B,35.79%,$1.21B,$0.70B,57.44%,$1.21B,$0.69B,56.94%,$1.21B,$0.73B,60.00%,$0.73B,$6.26B,12.86%,$0.73B,$6.26B,12.86%,$0.73B,$12.64B,6.32%,$0.43B,$11.88B,4.03%,$299,$114,$185,$0,$22,$207,$91,$410,$501,$0,$501,$501,$526,$160,$91,$84,86,$6.30,$6.26,$476,$0,$0,$507,$9602,$0,$0,$2110,$12137,$12644,$233,$5615,$376,$6149,$6383,$1,$1721,$-22,$6261,$12644,$643,$136,$-564,$-428,$0,$0,$-5,$3,$-2,$177,$-192,$0,$0,$0,$24,$24,$103,$-65,$-292,$0,$-292,$422,$422,$-165,$-20,$-55,$57,$0,$-165
30,2011-03-31,64.48,$66.59,0.97,$14.48,4.45,$22.75,2.83,$4.27,15.1,$0.37B,$0.28B,1.35,$4.92B,$5.25B,0.94,$1.16B,$0.75B,64.83%,$1.16B,$0.41B,35.43%,$1.16B,$0.41B,35.43%,$1.16B,$0.66B,57.01%,$1.16B,$0.34B,28.89%,$1.16B,$0.34B,28.98%,$0.34B,$5.62B,6.26%,$0.34B,$5.62B,6.26%,$0.34B,$11.44B,3.08%,$0.41B,$10.53B,4.03%,$329,$108,$221,$0,$20,$195,$134,$-50,$84,$0,$84,$92,$81,$202,$134,$79,82,$1.02,$1.01,$342,$0,$0,$372,$8308,$0,$0,$2359,$11071,$11442,$275,$4916,$492,$5552,$5827,$1,$1208,$-13,$5616,$11442,$94,$68,$-45,$23,$3,$0,$-6,$-15,$-17,$77,$15,$0,$0,$0,$72,$72,$-53,$34,$-344,$0,$-344,$166,$166,$-18,$-14,$-210,$-99,$0,$-18
31,2010-12-31,57.81,$66.09,0.87,$13.59,4.25,$22.14,2.61,$3.45,16.76,$0.50B,$0.17B,2.94,$5.27B,$5.03B,1.05,$1.09B,$0.68B,62.86%,$1.09B,$0.34B,31.71%,$1.09B,$0.34B,31.71%,$1.09B,$0.59B,54.01%,$1.09B,$0.28B,25.44%,$1.09B,$0.27B,24.98%,$0.27B,$5.40B,5.17%,$0.27B,$5.40B,5.17%,$0.27B,$11.30B,2.53%,$0.34B,$10.67B,3.42%,$263,$101,$162,$0,$21,$191,$72,$-47,$25,$0,$25,$17,$7,$137,$72,$78,80,$0.09,$0.09,$471,$0,$0,$504,$7974,$0,$0,$2449,$10796,$11300,$172,$5268,$379,$5731,$5903,$1,$1173,$-23,$5398,$11300,$319,$243,$-157,$86,$3,$0,$-4,$-35,$-36,$321,$204,$0,$0,$0,$-271,$-271,$86,$19,$-357,$0,$-357,$15,$137,$-72,$-58,$-351,$-11,$0,$-72
32,2010-09-30,54.15,$65.01,0.83,$13.33,4.06,$18.20,2.97,$3.29,16.46,$0.46B,$0.17B,2.77,$4.65B,$4.94B,0.94,$1.04B,$0.65B,62.79%,$1.04B,$0.30B,29.23%,$1.04B,$0.30B,29.23%,$1.04B,$0.54B,52.21%,$1.04B,$0.25B,23.94%,$1.04B,$0.26B,24.90%,$0.26B,$5.31B,5.06%,$0.26B,$5.31B,5.06%,$0.26B,$10.59B,2.47%,$0.30B,$9.95B,3.09%,$319,$102,$217,$0,$18,$183,$136,$-56,$79,$0,$79,$87,$112,$196,$136,$78,80,$1.43,$1.42,$424,$0,$0,$461,$7728,$0,$0,$2052,$10127,$10588,$166,$4645,$391,$5115,$5282,$1,$1181,$-31,$5306,$10588,$301,$178,$-194,$-15,$-2,$0,$10,$-29,$-21,$254,$378,$0,$0,$0,$-210,$-210,$7,$175,$-538,$0,$-538,$14,$136,$-55,$-45,$-502,$-73,$0,$-55
33,2010-06-30,46.98,$63.74,0.74,$12.43,3.78,$12.37,3.8,$1.84,25.54,$0.53B,$0.17B,3.12,$4.58B,$4.83B,0.95,$0.97B,$0.59B,60.50%,$0.97B,$0.22B,23.06%,$0.97B,$0.22B,23.06%,$0.97B,$0.46B,47.78%,$0.97B,$0.19B,19.13%,$0.97B,$0.14B,14.89%,$0.14B,$5.20B,2.87%,$0.14B,$5.20B,2.87%,$0.14B,$10.41B,1.37%,$0.22B,$9.78B,2.27%,$252,$98,$154,$0,$18,$182,$70,$79,$148,$0,$148,$148,$137,$128,$70,$78,80,$1.76,$1.75,$497,$0,$0,$526,$7501,$0,$0,$2049,$9882,$10408,$169,$4576,$397,$5040,$5209,$1,$1082,$-30,$5199,$10408,$177,$118,$-139,$-21,$7,$0,$17,$-11,$12,$153,$416,$0,$0,$0,$-171,$-171,$3,$247,$-459,$0,$-459,$14,$136,$-35,$-45,$-404,$-4,$0,$-35
34,2010-03-31,48.81,$62.29,0.78,$12.89,3.79,$7.06,6.92,$0.27,180.76,$0.36B,$0.16B,2.27,$4.79B,$4.69B,1.02,$0.97B,$0.59B,60.60%,$0.97B,$0.19B,19.54%,$0.97B,$0.19B,19.54%,$0.97B,$0.43B,44.05%,$0.97B,$0.06B,6.41%,$0.97B,$0.02B,2.07%,$0.02B,$5.06B,0.40%,$0.02B,$5.06B,0.40%,$0.02B,$10.51B,0.19%,$0.19B,$9.86B,1.92%,$251,$102,$149,$0,$18,$185,$66,$-42,$24,$0,$24,$24,$15,$125,$66,$78,80,$0.19,$0.19,$338,$0,$0,$364,$7597,$0,$0,$2225,$10150,$10514,$160,$4793,$417,$5291,$5451,$1,$949,$-22,$5063,$10514,$26,$60,$-9,$51,$6,$0,$12,$-17,$1,$67,$-26,$0,$0,$0,$-41,$-41,$7,$-60,$-258,$0,$-258,$12,$134,$-16,$-43,$-183,$-176,$0,$-16
35,2009-12-31,42.74,$60.75,0.7,$14.15,3.02,$7.48,5.72,$0.65,65.75,$0.47B,$0.16B,2.92,$4.91B,$4.67B,1.05,$0.98B,$0.60B,61.35%,$0.98B,$0.15B,15.24%,$0.98B,$0.15B,15.24%,$0.98B,$0.38B,39.26%,$0.98B,$0.07B,6.65%,$0.98B,$0.04B,3.89%,$0.04B,$4.91B,0.79%,$0.04B,$4.91B,0.79%,$0.04B,$10.49B,0.36%,$0.15B,$9.82B,1.52%,$218,$85,$133,$0,$19,$186,$32,$-34,$-2,$0,$-2,$-2,$-5,$94,$32,$70,72,$-0.19,$-0.18,$438,$0,$0,$469,$7519,$0,$0,$2193,$10018,$10488,$161,$4910,$420,$5414,$5574,$1,$950,$-34,$4913,$10488,$72,$235,$2,$237,$10,$0,$-15,$-41,$-46,$275,$-84,$0,$0,$0,$-252,$-252,$-9,$-345,$-593,$0,$-593,$388,$388,$-98,$-10,$-313,$-383,$0,$-98
36,2009-09-30,37.23,$61.01,0.61,$15.27,2.44,$10.01,3.72,$2.32,16.05,$0.76B,$0.17B,4.57,$4.93B,$4.65B,1.06,$1.01B,$0.63B,62.02%,$1.01B,$0.09B,8.80%,$1.01B,$0.09B,8.80%,$1.01B,$0.32B,31.55%,$1.01B,$-0.09B,-9.00%,$1.01B,$0.12B,11.87%,$0.12B,$4.89B,2.55%,$0.12B,$4.89B,2.55%,$0.12B,$10.53B,1.13%,$0.09B,$9.83B,0.90%,$246,$96,$149,$0,$19,$191,$55,$-40,$15,$0,$15,$15,$-3,$115,$55,$77,79,$-0.03,$-0.03,$725,$0,$0,$762,$7529,$0,$0,$1943,$9772,$10534,$167,$4933,$439,$5474,$5641,$1,$974,$-42,$4893,$10534,$69,$173,$-9,$164,$5,$0,$-6,$-27,$-29,$215,$-49,$0,$0,$0,$26,$26,$-14,$-37,$-569,$0,$-569,$388,$388,$-82,$-7,$-270,$-93,$0,$-82
37,2009-06-30,19.43,$61.37,0.32,$16.59,1.17,$11.33,1.71,$2.93,6.63,$0.81B,$0.16B,4.93,$4.98B,$4.67B,1.07,$1.03B,$0.65B,62.63%,$1.03B,$0.12B,11.33%,$1.03B,$0.12B,11.33%,$1.03B,$0.34B,33.30%,$1.03B,$-0.08B,-7.94%,$1.03B,$0.15B,14.71%,$0.15B,$4.92B,3.42%,$0.15B,$4.92B,3.42%,$0.15B,$10.60B,1.40%,$0.12B,$9.90B,1.18%,$252,$97,$155,$0,$18,$216,$36,$-11,$25,$0,$25,$22,$13,$92,$36,$67,70,$0.19,$0.18,$764,$0,$0,$805,$7591,$0,$0,$1907,$9790,$10595,$163,$4979,$443,$5511,$5675,$1,$996,$-32,$4920,$10595,$64,$113,$-9,$104,$-0,$0,$-8,$-12,$-20,$152,$-27,$0,$0,$0,$43,$43,$9,$25,$-525,$0,$-525,$387,$387,$-64,$-26,$-228,$-50,$0,$-64
38,2009-03-31,9.11,$74.22,0.12,$17.74,0.51,$12.16,0.75,$5.12,1.78,$0.58B,$0.19B,3.07,$5.24B,$4.25B,1.23,$1.07B,$0.69B,64.09%,$1.07B,$0.19B,17.72%,$1.07B,$0.19B,17.72%,$1.07B,$0.42B,38.99%,$1.07B,$-0.05B,-5.04%,$1.07B,$0.27B,25.47%,$0.27B,$4.50B,6.49%,$0.27B,$4.50B,6.49%,$0.27B,$10.50B,2.47%,$0.19B,$9.74B,1.95%,$262,$100,$163,$0,$18,$237,$26,$1,$27,$0,$27,$36,$33,$83,$26,$57,60,$0.57,$0.57,$531,$0,$0,$579,$7614,$0,$0,$2022,$9923,$10501,$188,$5243,$481,$5813,$6002,$1,$989,$-53,$4499,$10501,$43,$57,$-14,$43,$-6,$0,$-2,$-21,$-29,$55,$0,$0,$0,$0,$-8,$-8,$5,$-3,$-311,$0,$-311,$0,$0,$-33,$-2,$-345,$-293,$0,$-33
39,2008-12-31,21.19,$74.20,0.29,$17.49,1.21,$12.41,1.71,$6.69,3.17,$0.87B,$0.20B,4.28,$5.60B,$4.23B,1.32,$1.07B,$0.68B,64.23%,$1.07B,$0.24B,22.82%,$1.07B,$0.24B,22.82%,$1.07B,$0.47B,44.32%,$1.07B,$-0.06B,-5.45%,$1.07B,$0.36B,33.90%,$0.36B,$4.48B,8.92%,$0.36B,$4.48B,8.92%,$0.36B,$10.98B,3.20%,$0.24B,$10.08B,2.50%,$251,$91,$160,$0,$34,$279,$-28,$-130,$-158,$0,$-158,$-158,$77,$29,$-28,$58,61,$1.35,$1.36,$833,$0,$0,$871,$7655,$0,$0,$2179,$10113,$10984,$204,$5598,$613,$6299,$6502,$1,$980,$-55,$4482,$10984,$404,$230,$-259,$-29,$17,$0,$-49,$-46,$-79,$296,$18,$0,$0,$0,$-88,$-88,$466,$396,$365,$0,$365,$-145,$-145,$-203,$-29,$-11,$681,$0,$-203
40,2008-09-30,52.22,$64.43,0.81,$16.44,3.18,$-4.72,0.0,$7.25,7.2,$0.87B,$0.19B,4.62,$5.89B,$3.64B,1.62,$1.01B,$0.63B,62.33%,$1.01B,$0.31B,31.01%,$1.01B,$0.31B,31.01%,$1.01B,$0.54B,53.98%,$1.01B,$0.09B,8.45%,$1.01B,$0.40B,39.56%,$0.40B,$3.89B,10.25%,$0.40B,$3.89B,10.25%,$0.40B,$11.49B,3.50%,$0.31B,$9.78B,3.25%,$268,$100,$169,$0,$21,$185,$83,$-59,$24,$0,$24,$33,$29,$140,$83,$58,61,$0.50,$0.49,$817,$0,$0,$867,$7756,$0,$0,$2580,$10625,$11491,$188,$5893,$875,$7412,$7600,$1,$953,$-14,$3892,$11491,$316,$172,$-236,$-64,$8,$0,$-31,$-43,$-67,$213,$-6,$0,$0,$0,$-169,$-169,$441,$267,$446,$0,$446,$-109,$-109,$-182,$31,$185,$665,$0,$-182
41,2008-06-30,65.91,$67.73,0.97,$15.95,4.13,$-55.34,0.0,$8.31,7.93,$0.21B,$0.17B,1.2,$5.42B,$3.70B,1.47,$0.98B,$0.61B,61.95%,$0.98B,$0.31B,31.43%,$0.98B,$0.31B,31.43%,$0.98B,$0.53B,54.22%,$0.98B,$0.09B,8.75%,$0.98B,$0.47B,47.61%,$0.47B,$3.95B,12.13%,$0.47B,$3.95B,12.13%,$0.47B,$11.15B,4.20%,$0.31B,$9.37B,3.28%,$291,$95,$195,$0,$25,$182,$109,$-56,$53,$0,$53,$146,$134,$166,$109,$58,61,$2.30,$2.29,$155,$0,$0,$206,$8267,$0,$0,$2377,$10943,$11150,$172,$5422,$892,$7030,$7202,$1,$965,$-8,$3948,$11150,$282,$115,$-222,$-107,$9,$0,$-52,$-22,$-66,$138,$23,$0,$0,$0,$-77,$-77,$400,$346,$-318,$0,$-318,$-61,$-61,$-126,$29,$-476,$8,$0,$-126
42,2008-03-31,64.31,$64.22,1.0,$15.17,4.24,$-109.66,0.0,$10.32,6.23,$0.25B,$0.18B,1.42,$5.78B,$3.62B,1.6,$0.94B,$0.57B,60.49%,$0.94B,$0.28B,29.77%,$0.94B,$0.28B,29.77%,$0.94B,$0.50B,53.18%,$0.94B,$0.06B,6.67%,$0.94B,$0.60B,63.56%,$0.60B,$3.87B,15.73%,$0.60B,$3.87B,15.73%,$0.60B,$11.45B,5.60%,$0.28B,$9.64B,3.06%,$255,$94,$160,$0,$24,$175,$79,$-57,$23,$0,$23,$23,$121,$137,$79,$58,61,$2.07,$2.06,$191,$0,$0,$249,$8278,$0,$0,$2635,$11200,$11449,$175,$5775,$912,$7408,$7583,$1,$872,$2,$3866,$11449,$134,$57,$-121,$-63,$4,$0,$-52,$-16,$-64,$20,$52,$0,$0,$0,$-8,$-8,$-2,$42,$35,$0,$35,$-49,$-49,$-59,$12,$-61,$1,$0,$-59
43,2007-12-31,73.08,$63.71,1.15,$15.70,4.65,$-166.44,0.0,$10.71,6.82,$0.21B,$0.23B,0.94,$5.74B,$3.58B,1.6,$0.98B,$0.61B,62.97%,$0.98B,$0.33B,33.95%,$0.98B,$0.33B,33.95%,$0.98B,$0.54B,54.97%,$0.98B,$0.12B,12.41%,$0.98B,$0.63B,64.21%,$0.63B,$3.83B,16.73%,$0.63B,$3.83B,16.73%,$0.63B,$11.43B,6.10%,$0.33B,$9.57B,3.71%,$192,$89,$103,$0,$12,$151,$41,$-57,$-15,$0,$-15,$-42,$114,$100,$41,$59,62,$1.93,$1.99,$151,$0,$0,$214,$8241,$0,$0,$2705,$11217,$11430,$226,$5740,$923,$7377,$7603,$1,$792,$5,$3827,$11430,$683,$205,$-534,$-329,$-24,$0,$83,$-6,$53,$407,$-1146,$0,$0,$0,$-1174,$-1174,$-15,$-2334,$1682,$0,$1682,$-138,$-138,$-181,$493,$1856,$-71,$0,$-181
44,2007-09-30,90.55,$63.18,1.43,$14.67,6.17,$-162.33,0.0,$9.17,9.87,$0.30B,$0.22B,1.36,$5.35B,$3.54B,1.51,$0.88B,$0.58B,65.57%,$0.88B,$0.32B,36.13%,$0.88B,$0.32B,36.13%,$0.88B,$0.49B,55.72%,$0.88B,$0.15B,16.87%,$0.88B,$0.54B,61.27%,$0.54B,$3.79B,15.99%,$0.54B,$3.79B,15.99%,$0.54B,$10.52B,6.32%,$0.32B,$9.14B,4.20%,$245,$94,$151,$0,$22,$166,$80,$-55,$25,$0,$25,$21,$99,$130,$80,$59,62,$1.66,$1.64,$218,$0,$0,$299,$8090,$0,$0,$1865,$10217,$10516,$220,$5346,$486,$6507,$6726,$1,$709,$7,$3790,$10516,$527,$146,$-382,$-236,$-42,$0,$84,$-11,$31,$318,$-3264,$0,$0,$0,$-527,$-527,$1878,$-1914,$1289,$0,$1289,$-83,$-83,$-134,$504,$1576,$-19,$0,$-134
45,2007-06-30,95.47,$63.01,1.52,$13.37,7.14,$-122.68,0.0,$10.06,9.49,$0.26B,$0.19B,1.39,$4.67B,$3.53B,1.32,$0.77B,$0.50B,65.49%,$0.77B,$0.28B,36.59%,$0.77B,$0.28B,36.59%,$0.77B,$0.43B,55.34%,$0.77B,$0.15B,19.92%,$0.77B,$0.56B,73.05%,$0.56B,$3.78B,19.34%,$0.56B,$3.78B,19.34%,$0.56B,$9.45B,8.03%,$0.28B,$8.45B,4.50%,$252,$95,$157,$0,$24,$171,$81,$-51,$30,$0,$30,$24,$266,$135,$81,$60,63,$4.47,$4.38,$212,$0,$0,$264,$7258,$0,$0,$1705,$9188,$9452,$190,$4670,$146,$5486,$5676,$1,$652,$9,$3776,$9452,$423,$96,$-325,$-229,$-13,$0,$58,$-11,$35,$249,$-3520,$0,$0,$0,$-413,$-413,$1977,$-1957,$1289,$0,$1289,$-30,$-30,$-85,$496,$1671,$-37,$0,$-85
46,2007-03-31,105.13,$60.40,1.74,$12.03,8.74,$-74.55,0.0,$6.33,16.61,$0.70B,$0.21B,3.37,$4.97B,$3.33B,1.49,$0.64B,$0.42B,65.78%,$0.64B,$0.24B,38.13%,$0.64B,$0.24B,38.13%,$0.64B,$0.35B,54.69%,$0.64B,$0.16B,24.38%,$0.64B,$0.32B,50.63%,$0.32B,$3.58B,13.90%,$0.32B,$3.58B,13.90%,$0.32B,$9.63B,5.84%,$0.24B,$8.54B,4.93%,$286,$83,$203,$0,$34,$157,$129,$-48,$81,$0,$81,$149,$147,$171,$129,$57,61,$2.60,$2.53,$628,$0,$0,$696,$6974,$0,$0,$1735,$8930,$9626,$207,$4966,$222,$5844,$6051,$1,$428,$12,$3575,$9626,$152,$42,$-77,$-35,$-27,$0,$66,$-35,$4,$135,$-3523,$0,$0,$0,$-321,$-321,$1937,$-1907,$1684,$0,$1684,$9,$9,$-40,$501,$2154,$383,$0,$-40
47,2006-12-31,101.23,$48.05,2.11,$9.83,10.29,$-23.48,0.0,$4.34,23.32,$0.41B,$0.15B,2.77,$1.83B,$2.15B,0.85,$0.47B,$0.28B,60.43%,$0.47B,$0.15B,32.34%,$0.47B,$0.15B,32.34%,$0.47B,$0.23B,49.15%,$0.47B,$0.10B,22.13%,$0.47B,$0.20B,42.77%,$0.20B,$2.40B,11.11%,$0.20B,$2.40B,11.11%,$0.20B,$4.63B,5.01%,$0.15B,$4.23B,4.21%,$100,$32,$68,$0,$26,$71,$29,$-16,$13,$0,$13,$14,$29,$56,$29,$45,48,$0.66,$0.66,$369,$0,$0,$411,$2776,$0,$0,$1251,$4221,$4632,$148,$1832,$129,$2089,$2237,$0,$322,$14,$2395,$4632,$221,$80,$-56,$24,$-12,$0,$43,$-48,$-16,$226,$-606,$0,$0,$0,$-223,$-223,$42,$-787,$-70,$0,$-70,$815,$815,$-118,$28,$654,$93,$0,$-118
