,Date,Stock Price,Book Value per Share,Price to Book Ratio,TTM Sales per Share,Price to Sales Ratio,TTM FCF per Share,Price to FCF Ratio,TTM Net EPS,PE Ratio,Current Assets,Current Liabilities,Current Ratio,Long Term Debt,Shareholder's Equity_x,Debt to Equity Ratio,TTM Revenue_x,TTM Gross Profit,Gross Margin,TTM Revenue_y,TTM Operating Income,Operating Margin,TTM Revenue_x,TTM EBIT,EBIT Margin,TTM Revenue_y,TTM EBITDA,EBITDA Margin,TTM Revenue_x,TTM Pre-Tax Income,Pre-Tax Margin,TTM Revenue_y,TTM Net Income_x,Net Margin,TTM Net Income_y,Shareholder's Equity_y,Return on Equity,TTM Net Income_x,Tangible Equity,Return on Tangible Equity,TTM Net Income_y,Total Assets,Return on Assets,TTM Net Income,LT Investments & Debt,Return on Investment,revenue,cost-goods-sold,gross-profit,research-development-expenses,selling-general-administrative-expenses,operating-expenses,operating-income,total-non-operating-income-expense,pre-tax-income,total-provision-income-taxes,income-after-taxes,income-from-continuous-operations,net-income,ebitda,ebit,basic-shares-outstanding,shares-outstanding,eps-basic-net-earnings-per-share,eps-earnings-per-share-diluted,cash-on-hand,inventory,other-current-assets,total-current-assets,net-property-plant-equipment,long-term-investments,goodwill-intangible-assets-total,other-long-term-assets,total-long-term-assets,total-assets,total-current-liabilities,long-term-debt,other-non-current-liabilities,total-long-term-liabilities,total-liabilities,common-stock-net,retained-earnings-accumulated-deficit,comprehensive-income,total-share-holder-equity,total-liabilities-share-holders-equity,net-income-loss,total-depreciation-amortization-cash-flow,other-non-cash-items,total-non-cash-items,change-in-accounts-receivable,change-in-inventories,change-in-accounts-payable,change-in-assets-liabilities,total-change-in-assets-liabilities,cash-flow-from-operating-activities,net-change-in-property-plant-equipment,net-change-in-intangible-assets,net-acquisitions-divestitures,net-change-in-short-term-investments,net-change-in-long-term-investments,net-change-in-investments-total,investing-activities-other,cash-flow-from-investing-activities,net-long-term-debt,net-current-debt,debt-issuance-retirement-net-total,net-common-equity-issued-repurchased,net-total-equity-issued-repurchased,total-common-preferred-stock-dividends-paid,financial-activities-other,cash-flow-from-financial-activities,net-cash-flow,stock-based-compensation,common-stock-dividends-paid
0,2018-09-30,27.8,$8.24,3.37,$39.21,0.71,$-2.05,0.0,$2.98,9.33,$1.71B,$1.46B,1.17,$2.19B,$0.91B,2.4,$4.37B,$0.72B,16.37%,$4.37B,$0.42B,9.60%,$4.37B,$0.42B,9.60%,$4.37B,$0.62B,14.08%,$4.37B,$0.30B,6.86%,$4.37B,$0.33B,7.59%,$0.33B,$0.91B,39.75%,$0.33B,$-0.64B,-45.02%,$0.33B,$5.06B,6.74%,$0.42B,$3.10B,13.64%,$1307,$1103,$204,$0,$74,$1169,$138,$-28,$110,$26,$85,$85,$85,$187,$138,$111,112,$0.77,$0.76,$171,$690,$0,$1713,$1502,$0,$1548,$295,$3346,$5058,$1460,$2186,$221,$2686,$4146,$2,$1971,$-212,$912,$5058,$186,$146,$15,$161,$-272,$-33,$-11,$-7,$-334,$13,$-135,$0,$0,$0,$0,$0,$0,$-134,$371,$-88,$283,$-3,$-3,$-34,$-3,$243,$118,$11,$-34
1,2018-06-30,26.83,$7.58,3.54,$38.88,0.69,$-2.12,0.0,$2.87,9.35,$1.73B,$1.55B,1.11,$2.17B,$0.84B,2.59,$4.33B,$0.72B,16.57%,$4.33B,$0.42B,9.71%,$4.33B,$0.42B,9.71%,$4.33B,$0.61B,14.17%,$4.33B,$0.30B,6.88%,$4.33B,$0.32B,7.36%,$0.32B,$0.84B,41.81%,$0.32B,$-0.72B,-38.99%,$0.32B,$5.06B,6.48%,$0.42B,$3.01B,13.68%,$1059,$886,$173,$0,$78,$955,$104,$-32,$72,$16,$55,$55,$55,$153,$104,$111,112,$0.50,$0.50,$181,$834,$0,$1727,$1480,$0,$1559,$294,$3333,$5060,$1554,$2174,$220,$2668,$4222,$2,$1897,$-209,$838,$5060,$101,$98,$11,$109,$-135,$-176,$45,$-8,$-303,$-93,$-91,$0,$0,$0,$0,$0,$0,$-91,$432,$-88,$344,$-3,$-3,$-22,$-3,$316,$128,$7,$-22
2,2018-03-31,27.75,$7.46,3.72,$38.56,0.72,$-2.45,0.0,$2.62,10.59,$1.57B,$1.46B,1.08,$2.18B,$0.83B,2.64,$4.30B,$0.70B,16.38%,$4.30B,$0.39B,9.12%,$4.30B,$0.39B,9.12%,$4.30B,$0.58B,13.54%,$4.30B,$0.27B,6.24%,$4.30B,$0.29B,6.80%,$0.29B,$0.83B,42.36%,$0.29B,$-0.77B,-32.49%,$0.29B,$4.95B,5.99%,$0.39B,$3.00B,12.77%,$1012,$852,$160,$0,$77,$920,$92,$-30,$62,$16,$46,$46,$46,$141,$92,$110,112,$0.41,$0.41,$175,$743,$0,$1569,$1503,$0,$1597,$284,$3384,$4952,$1459,$2175,$226,$2668,$4128,$2,$1853,$-175,$825,$4952,$46,$49,$4,$53,$-50,$-74,$-16,$-8,$-189,$-90,$-49,$0,$0,$0,$0,$0,$1,$-48,$360,$-88,$272,$-3,$-3,$-11,$0,$258,$121,$4,$-11
3,2017-12-31,29.18,$6.94,4.2,$36.73,0.79,$-2.81,0.0,$2.42,12.06,$1.29B,$0.96B,1.35,$2.44B,$0.77B,3.18,$4.09B,$0.66B,16.19%,$4.09B,$0.36B,8.73%,$4.09B,$0.36B,8.73%,$4.09B,$0.54B,13.08%,$4.09B,$0.24B,5.87%,$4.09B,$0.27B,6.58%,$0.27B,$0.77B,44.43%,$0.27B,$-0.82B,-34.51%,$0.27B,$4.65B,5.91%,$0.36B,$3.21B,12.57%,$996,$817,$179,$0,$66,$909,$86,$-30,$56,$-90,$146,$146,$146,$135,$86,$110,111,$1.32,$1.31,$54,$721,$0,$1292,$1490,$0,$1589,$275,$3354,$4645,$958,$2439,$220,$2921,$3879,$2,$1810,$-189,$766,$4645,$270,$178,$-87,$91,$-37,$-17,$84,$-5,$29,$390,$-174,$0,$-1024,$0,$0,$0,$1,$-1198,$889,$9,$898,$-4,$-4,$-40,$-17,$837,$29,$15,$-40
4,2017-09-30,29.13,$5.65,5.16,$34.48,0.84,$-3.07,0.0,$1.32,22.15,$1.67B,$1.32B,1.27,$2.47B,$0.62B,3.96,$3.90B,$0.59B,15.21%,$3.90B,$0.32B,8.28%,$3.90B,$0.32B,8.28%,$3.90B,$0.49B,12.54%,$3.90B,$0.22B,5.62%,$3.90B,$0.15B,3.77%,$0.15B,$0.62B,27.67%,$0.15B,$-0.96B,-22.51%,$0.15B,$5.02B,3.52%,$0.32B,$3.09B,12.95%,$1267,$1061,$206,$0,$75,$1128,$139,$-31,$108,$36,$72,$72,$72,$185,$139,$110,111,$0.66,$0.65,$199,$704,$0,$1668,$1472,$0,$1583,$298,$3353,$5021,$1319,$2466,$218,$3079,$4398,$2,$1652,$-170,$623,$5021,$124,$130,$23,$152,$-286,$-3,$2,$-9,$-280,$-4,$-124,$0,$-1029,$0,$0,$0,$1,$-1152,$1461,$-79,$1382,$-4,$-4,$-30,$-17,$1331,$174,$11,$-30
5,2017-06-30,31.36,$4.92,6.37,$32.48,0.97,$-3.25,0.0,$1.24,25.29,$1.57B,$1.28B,1.23,$2.45B,$0.54B,4.5,$3.77B,$0.57B,15.08%,$3.77B,$0.31B,8.11%,$3.77B,$0.31B,8.11%,$3.77B,$0.46B,12.30%,$3.77B,$0.22B,5.72%,$3.77B,$0.15B,3.84%,$0.15B,$0.54B,25.73%,$0.15B,$-1.04B,-34.10%,$0.15B,$4.90B,3.82%,$0.31B,$2.99B,13.60%,$1022,$863,$159,$0,$89,$947,$75,$-34,$42,$14,$28,$28,$28,$121,$75,$110,111,$0.25,$0.25,$142,$831,$0,$1569,$1453,$0,$1585,$288,$3325,$4895,$1279,$2445,$211,$3072,$4352,$2,$1589,$-185,$543,$4895,$51,$83,$18,$102,$-119,$-134,$-28,$-9,$-291,$-139,$-81,$0,$-1022,$0,$0,$0,$0,$-1103,$1478,$-79,$1399,$-3,$-3,$-20,$-17,$1359,$117,$7,$-20
6,2017-03-31,29.21,$4.44,6.57,$30.48,0.96,$-3.53,0.0,$1.27,23.09,$1.44B,$1.09B,1.32,$1.59B,$0.49B,3.25,$3.63B,$0.54B,14.84%,$3.63B,$0.30B,8.25%,$3.63B,$0.30B,8.25%,$3.63B,$0.45B,12.33%,$3.63B,$0.23B,6.21%,$3.63B,$0.15B,4.14%,$0.15B,$0.49B,25.00%,$0.15B,$-0.30B,-77.72%,$0.15B,$3.65B,4.33%,$0.30B,$2.08B,14.83%,$805,$687,$118,$0,$69,$749,$57,$-23,$34,$10,$23,$23,$23,$94,$57,$110,111,$0.21,$0.21,$351,$713,$0,$1443,$1167,$0,$785,$255,$2207,$3650,$1093,$1592,$177,$2067,$3160,$1,$1572,$-216,$490,$3650,$23,$38,$7,$44,$-41,$-107,$-37,$-5,$-209,$-141,$-39,$0,$0,$0,$0,$0,$0,$-39,$614,$-79,$535,$-3,$-3,$-10,$-17,$505,$326,$3,$-10
7,2016-12-31,25.11,$8.53,2.94,$29.76,0.84,$-3.66,0.0,$1.28,19.69,$0.96B,$0.86B,1.12,$1.34B,$0.47B,2.86,$3.61B,$0.53B,14.78%,$3.61B,$0.30B,8.27%,$3.61B,$0.30B,8.27%,$3.61B,$0.45B,12.37%,$3.61B,$0.23B,6.42%,$3.61B,$0.15B,4.26%,$0.15B,$0.47B,23.89%,$0.15B,$-0.32B,-99.84%,$0.15B,$3.15B,4.53%,$0.30B,$1.81B,14.91%,$806,$696,$110,$0,$53,$754,$52,$-17,$35,$11,$24,$24,$24,$89,$52,$120,120,$0.20,$0.21,$25,$603,$0,$962,$1157,$0,$785,$245,$2187,$3149,$862,$1344,$175,$1818,$2680,$1,$1559,$-224,$469,$3149,$153,$147,$77,$224,$-11,$20,$53,$-25,$17,$395,$-192,$0,$0,$0,$0,$0,$12,$-180,$55,$-23,$32,$-281,$-281,$-41,$0,$-289,$-75,$13,$-41
8,2016-09-30,24.73,$12.46,1.99,$29.84,0.83,$-4.54,0.0,$1.29,19.17,$1.30B,$0.97B,1.34,$1.36B,$0.75B,1.82,$3.64B,$0.54B,14.76%,$3.64B,$0.30B,8.25%,$3.64B,$0.30B,8.25%,$3.64B,$0.45B,12.29%,$3.64B,$0.23B,6.40%,$3.64B,$0.16B,4.32%,$0.16B,$0.75B,22.85%,$0.16B,$-0.05B,-133.62%,$0.16B,$3.50B,4.61%,$0.30B,$2.12B,14.62%,$1140,$958,$182,$0,$52,$1017,$122,$-17,$105,$35,$70,$70,$70,$160,$122,$121,122,$0.58,$0.57,$94,$638,$0,$1298,$1171,$0,$800,$232,$2203,$3502,$966,$1364,$168,$1783,$2750,$1,$1544,$-195,$752,$3502,$130,$110,$24,$134,$-232,$-7,$-60,$-11,$-275,$-12,$-152,$0,$0,$0,$0,$0,$9,$-143,$291,$-102,$189,$-10,$-10,$-31,$0,$148,$-6,$10,$-31
9,2016-06-30,25.07,$11.40,2.2,$30.38,0.83,$-4.84,0.0,$1.30,19.36,$1.37B,$1.08B,1.27,$1.37B,$0.69B,1.98,$3.70B,$0.54B,14.59%,$3.70B,$0.30B,8.10%,$3.70B,$0.30B,8.10%,$3.70B,$0.45B,12.05%,$3.70B,$0.23B,6.29%,$3.70B,$0.16B,4.24%,$0.16B,$0.69B,23.90%,$0.16B,$-0.11B,-103.46%,$0.16B,$3.55B,4.61%,$0.30B,$2.06B,14.71%,$875,$747,$128,$0,$55,$807,$68,$-17,$51,$17,$33,$33,$33,$104,$68,$121,122,$0.28,$0.27,$120,$807,$0,$1367,$1165,$0,$803,$219,$2187,$3554,$1078,$1365,$168,$1786,$2865,$1,$1485,$-202,$689,$3554,$60,$73,$13,$86,$-112,$-176,$-11,$5,$-308,$-163,$-112,$0,$0,$0,$0,$0,$9,$-103,$411,$-102,$309,$-2,$-2,$-21,$0,$286,$21,$6,$-21
10,2016-03-31,25.82,$5.52,4.67,$30.72,0.84,$-4.51,0.0,$1.37,18.84,$1.21B,$0.93B,1.29,$1.37B,$0.67B,2.05,$3.74B,$0.55B,14.60%,$3.74B,$0.31B,8.29%,$3.74B,$0.31B,8.29%,$3.74B,$0.46B,12.22%,$3.74B,$0.24B,6.52%,$3.74B,$0.17B,4.44%,$0.17B,$0.67B,26.33%,$0.17B,$-0.14B,-90.34%,$0.17B,$3.38B,4.89%,$0.31B,$2.04B,15.26%,$793,$679,$114,$0,$55,$735,$57,$-16,$41,$14,$27,$27,$27,$94,$57,$121,122,$0.22,$0.22,$67,$753,$0,$1207,$1153,$0,$808,$216,$2178,$3384,$934,$1368,$414,$1782,$2716,$1,$1462,$-197,$668,$3384,$27,$36,$4,$40,$-55,$-121,$-50,$4,$-218,$-151,$-62,$0,$0,$0,$0,$0,$1,$-61,$293,$-102,$191,$-2,$-2,$-10,$0,$178,$-33,$3,$-10
11,2015-12-31,26.0,$5.29,4.91,$30.68,0.85,$-4.29,0.0,$1.42,18.37,$1.05B,$0.78B,1.34,$1.36B,$0.64B,2.13,$3.77B,$0.55B,14.71%,$3.77B,$0.32B,8.50%,$3.77B,$0.32B,8.50%,$3.77B,$0.47B,12.40%,$3.77B,$0.25B,6.75%,$3.77B,$0.17B,4.57%,$0.17B,$0.64B,28.70%,$0.17B,$-0.17B,-79.17%,$0.17B,$3.19B,5.09%,$0.32B,$2.00B,15.89%,$830,$716,$113,$0,$57,$777,$53,$-17,$36,$9,$27,$27,$27,$89,$53,$122,123,$0.22,$0.22,$100,$628,$0,$1045,$1125,$0,$808,$214,$2147,$3193,$781,$1361,$411,$1772,$2553,$1,$1446,$-209,$639,$3193,$172,$146,$13,$160,$12,$-98,$44,$8,$4,$336,$-237,$0,$-1,$0,$0,$0,$1,$-237,$-28,$19,$-9,$-173,$-173,$-40,$0,$-221,$-123,$12,$-40
12,2015-09-30,25.11,$5.23,4.8,$31.05,0.81,$-3.46,0.0,$1.38,18.2,$1.34B,$0.98B,1.37,$1.44B,$0.63B,2.27,$3.85B,$0.56B,14.67%,$3.85B,$0.33B,8.48%,$3.85B,$0.33B,8.48%,$3.85B,$0.48B,12.35%,$3.85B,$0.26B,6.74%,$3.85B,$0.17B,4.40%,$0.17B,$0.63B,27.39%,$0.17B,$-0.19B,-81.25%,$0.17B,$3.49B,4.97%,$0.33B,$2.07B,15.86%,$1204,$1018,$185,$0,$54,$1082,$122,$-17,$105,$34,$70,$70,$70,$159,$122,$121,121,$0.58,$0.58,$104,$580,$0,$1337,$1100,$0,$817,$238,$2155,$3492,$975,$1436,$449,$1885,$2860,$1,$1429,$-197,$632,$3492,$146,$110,$20,$130,$-325,$-44,$9,$15,$-323,$-47,$-151,$0,$-1,$0,$0,$0,$0,$-152,$367,$-83,$284,$-173,$-173,$-30,$0,$81,$-118,$9,$-30
13,2015-06-30,25.38,$4.83,5.26,$30.78,0.82,$-2.98,0.0,$1.46,17.44,$1.36B,$1.04B,1.31,$1.44B,$0.58B,2.47,$3.87B,$0.59B,15.12%,$3.87B,$0.35B,9.10%,$3.87B,$0.35B,9.10%,$3.87B,$0.50B,12.95%,$3.87B,$0.28B,7.29%,$3.87B,$0.18B,4.70%,$0.18B,$0.58B,27.82%,$0.18B,$-0.24B,-100.83%,$0.18B,$3.50B,5.30%,$0.35B,$2.02B,16.64%,$914,$781,$134,$0,$54,$836,$78,$-17,$62,$19,$42,$42,$42,$115,$78,$121,121,$0.35,$0.35,$127,$753,$0,$1360,$1083,$0,$824,$236,$2143,$3503,$1038,$1438,$445,$1883,$2920,$1,$1369,$-183,$583,$3503,$76,$73,$8,$81,$-140,$-213,$39,$11,$-292,$-136,$-98,$0,$-1,$0,$0,$0,$0,$-99,$414,$-83,$332,$-173,$-173,$-20,$0,$139,$-96,$6,$-20
14,2015-03-31,27.88,$4.49,6.22,$30.43,0.92,$-2.79,0.0,$1.45,19.23,$1.23B,$0.92B,1.33,$1.42B,$0.54B,2.62,$3.87B,$0.60B,15.37%,$3.87B,$0.36B,9.30%,$3.87B,$0.36B,9.30%,$3.87B,$0.51B,13.17%,$3.87B,$0.29B,7.41%,$3.87B,$0.18B,4.75%,$0.18B,$0.54B,26.36%,$0.18B,$-0.27B,-123.70%,$0.18B,$3.33B,5.30%,$0.36B,$1.97B,16.46%,$817,$694,$122,$0,$54,$750,$67,$-16,$51,$17,$33,$33,$33,$104,$67,$126,126,$0.27,$0.27,$129,$680,$0,$1228,$1050,$0,$817,$235,$2102,$3330,$921,$1423,$443,$1866,$2787,$1,$1337,$-195,$543,$3330,$33,$37,$4,$41,$-85,$-145,$-4,$9,$-218,$-144,$-49,$0,$0,$0,$0,$0,$0,$-49,$357,$-83,$274,$-165,$-165,$-10,$0,$99,$-94,$3,$-10
15,2014-12-31,25.64,$5.62,4.56,$30.65,0.84,$-2.28,0.0,$1.43,17.93,$1.14B,$0.66B,1.71,$1.46B,$0.71B,2.06,$3.91B,$0.60B,15.37%,$3.91B,$0.36B,9.23%,$3.91B,$0.36B,9.23%,$3.91B,$0.51B,13.09%,$3.91B,$0.28B,7.26%,$3.91B,$0.18B,4.65%,$0.18B,$0.71B,24.48%,$0.18B,$-0.13B,-154.56%,$0.18B,$3.27B,5.21%,$0.36B,$2.17B,15.92%,$910,$788,$123,$0,$54,$851,$59,$-18,$41,$18,$24,$24,$24,$97,$59,$127,127,$0.19,$0.19,$223,$549,$0,$1135,$1064,$0,$842,$233,$2139,$3274,$664,$1459,$441,$1900,$2564,$1,$1314,$-166,$710,$3274,$182,$152,$67,$219,$4,$-54,$86,$-81,$-54,$348,$-140,$0,$-18,$0,$0,$0,$1,$-157,$-46,$-4,$-49,$-36,$-36,$-39,$-5,$-129,$62,$12,$-39
16,2014-09-30,22.41,$6.18,3.63,$30.20,0.74,$-2.00,0.0,$1.43,15.73,$1.41B,$0.89B,1.58,$1.52B,$0.78B,1.95,$3.87B,$0.60B,15.47%,$3.87B,$0.36B,9.23%,$3.87B,$0.36B,9.23%,$3.87B,$0.52B,13.32%,$3.87B,$0.28B,7.22%,$3.87B,$0.18B,4.68%,$0.18B,$0.78B,24.31%,$0.18B,$-0.08B,-143.37%,$0.18B,$3.63B,5.16%,$0.36B,$2.30B,15.57%,$1228,$1023,$206,$0,$55,$1081,$148,$-19,$128,$45,$83,$83,$83,$185,$148,$127,127,$0.66,$0.66,$146,$588,$0,$1407,$1080,$0,$856,$286,$2223,$3630,$890,$1523,$436,$1959,$2849,$1,$1300,$-78,$781,$3630,$159,$114,$3,$117,$-292,$-82,$27,$-25,$-329,$-53,$-94,$0,$-18,$0,$0,$0,$1,$-111,$302,$-87,$216,$-36,$-36,$-29,$-2,$149,$-15,$0,$-29
17,2014-06-30,24.16,$5.97,4.04,$29.71,0.81,$-1.46,0.0,$1.38,17.57,$1.39B,$0.90B,1.54,$1.55B,$0.76B,2.05,$3.81B,$0.58B,15.24%,$3.81B,$0.35B,9.06%,$3.81B,$0.35B,9.06%,$3.81B,$0.51B,13.32%,$3.81B,$0.27B,7.09%,$3.81B,$0.18B,4.60%,$0.18B,$0.76B,24.77%,$0.18B,$-0.11B,-145.53%,$0.18B,$3.64B,5.15%,$0.35B,$2.31B,15.21%,$917,$774,$144,$0,$57,$831,$86,$-19,$67,$23,$44,$44,$44,$124,$86,$127,128,$0.35,$0.35,$134,$748,$0,$1391,$1103,$0,$872,$275,$2250,$3641,$903,$1554,$426,$1981,$2883,$1,$1226,$-44,$758,$3641,$75,$77,$3,$79,$-116,$-235,$43,$-22,$-318,$-163,$-60,$0,$0,$0,$0,$0,$0,$-60,$319,$-87,$232,$-13,$-13,$-19,$-4,$196,$-27,$0,$-19
18,2014-03-31,23.47,$5.70,4.11,$29.39,0.8,$-1.38,0.0,$1.50,15.7,$1.20B,$0.74B,1.63,$1.56B,$0.73B,2.15,$3.77B,$0.56B,14.96%,$3.77B,$0.33B,8.86%,$3.77B,$0.33B,8.86%,$3.77B,$0.50B,13.27%,$3.77B,$0.26B,6.95%,$3.77B,$0.19B,5.07%,$0.19B,$0.73B,29.20%,$0.19B,$-0.15B,-154.03%,$0.19B,$3.44B,5.80%,$0.33B,$2.28B,15.60%,$856,$728,$128,$0,$58,$788,$68,$-20,$48,$16,$31,$31,$31,$106,$68,$127,128,$0.25,$0.25,$83,$649,$0,$1196,$1102,$0,$875,$266,$2243,$3439,$735,$1558,$421,$1979,$2714,$1,$1192,$-48,$725,$3439,$31,$38,$2,$41,$-68,$-133,$31,$-21,$-175,$-103,$-27,$0,$0,$0,$0,$0,$0,$-27,$158,$-86,$72,$-5,$-5,$-10,$-4,$53,$-77,$0,$-10
19,2013-12-31,22.69,$5.63,4.03,$28.65,0.79,$-1.06,0.0,$1.44,15.76,$1.08B,$0.62B,1.75,$1.56B,$0.71B,2.18,$3.71B,$0.55B,14.75%,$3.71B,$0.32B,8.74%,$3.71B,$0.32B,8.74%,$3.71B,$0.50B,13.37%,$3.71B,$0.26B,6.88%,$3.71B,$0.19B,4.99%,$0.19B,$0.71B,30.81%,$0.19B,$-0.17B,-144.53%,$0.19B,$3.32B,5.77%,$0.32B,$2.27B,16.10%,$865,$745,$120,$0,$56,$810,$55,$-20,$36,$12,$23,$23,$23,$100,$55,$129,129,$0.18,$0.18,$160,$516,$0,$1082,$1118,$0,$880,$240,$2239,$3321,$620,$1558,$429,$1987,$2607,$1,$1170,$-38,$714,$3321,$185,$172,$31,$203,$20,$25,$1,$-52,$-38,$351,$-103,$0,$-282,$0,$0,$0,$8,$-376,$19,$13,$32,$-270,$-270,$-36,$-5,$-279,$-305,$10,$-36
20,2013-09-30,22.14,$4.96,4.46,$28.11,0.79,$-1.31,0.0,$1.47,15.06,$1.33B,$0.62B,2.16,$1.57B,$0.63B,2.5,$3.70B,$0.54B,14.47%,$3.70B,$0.33B,8.86%,$3.70B,$0.33B,8.86%,$3.70B,$0.50B,13.48%,$3.70B,$0.26B,7.08%,$3.70B,$0.19B,5.16%,$0.19B,$0.63B,31.29%,$0.19B,$-0.05B,-277.82%,$0.19B,$3.20B,5.97%,$0.33B,$2.20B,16.51%,$1168,$980,$188,$0,$51,$1032,$136,$-17,$119,$42,$77,$77,$77,$177,$136,$127,128,$0.61,$0.61,$134,$545,$0,$1332,$1052,$0,$681,$138,$1871,$3203,$617,$1574,$382,$1956,$2574,$1,$1156,$-106,$629,$3203,$162,$127,$5,$132,$-258,$-25,$0,$-21,$-293,$1,$-80,$0,$-6,$0,$0,$0,$7,$-79,$123,$-73,$50,$-270,$-270,$-27,$-5,$-253,$-331,$0,$-27
21,2013-06-30,22.06,$4.32,5.11,$27.14,0.81,$-1.35,0.0,$1.43,15.43,$1.35B,$1.01B,1.33,$1.26B,$0.55B,2.3,$3.68B,$0.53B,14.34%,$3.68B,$0.32B,8.82%,$3.68B,$0.32B,8.82%,$3.68B,$0.50B,13.50%,$3.68B,$0.26B,7.05%,$3.68B,$0.19B,5.25%,$0.19B,$0.55B,30.29%,$0.19B,$-0.13B,-467.88%,$0.19B,$3.21B,5.87%,$0.32B,$1.81B,16.10%,$880,$752,$128,$0,$52,$805,$75,$-15,$59,$-0,$60,$60,$60,$117,$75,$127,128,$0.47,$0.47,$113,$721,$0,$1346,$1052,$0,$676,$135,$1863,$3209,$1013,$1259,$389,$1648,$2661,$1,$1087,$-120,$548,$3209,$85,$86,$4,$89,$-125,$-207,$28,$-22,$-334,$-159,$-53,$0,$-6,$0,$0,$0,$6,$-53,$218,$-73,$144,$-268,$-268,$-18,$1,$-141,$-352,$0,$-18
22,2013-03-31,22.14,$4.01,5.52,$26.14,0.85,$-1.51,0.0,$1.04,21.29,$1.22B,$0.92B,1.33,$1.26B,$0.51B,2.46,$3.62B,$0.51B,14.21%,$3.62B,$0.32B,8.79%,$3.62B,$0.32B,8.79%,$3.62B,$0.49B,13.52%,$3.62B,$0.21B,5.92%,$3.62B,$0.14B,3.98%,$0.14B,$0.51B,21.65%,$0.14B,$-0.17B,394.52%,$0.14B,$3.10B,4.38%,$0.32B,$1.77B,15.06%,$796,$684,$111,$0,$52,$738,$58,$-17,$41,$15,$25,$25,$25,$102,$58,$133,134,$0.19,$0.19,$159,$646,$0,$1219,$1071,$0,$677,$133,$1881,$3100,$915,$1258,$416,$1674,$2589,$1,$1037,$-118,$511,$3100,$25,$44,$3,$47,$-27,$-134,$3,$1,$-141,$-69,$-25,$0,$-6,$0,$0,$0,$0,$-31,$128,$-73,$55,$-253,$-253,$-9,$1,$-207,$-307,$0,$-9
23,2012-12-31,19.4,$5.45,3.56,$25.66,0.76,$-1.75,0.0,$1.09,17.88,$1.38B,$0.70B,1.96,$1.42B,$0.75B,1.88,$3.59B,$0.52B,14.41%,$3.59B,$0.33B,9.08%,$3.59B,$0.33B,9.08%,$3.59B,$0.50B,13.79%,$3.59B,$0.22B,6.21%,$3.59B,$0.15B,4.24%,$0.15B,$0.75B,21.38%,$0.15B,$0.07B,117.83%,$0.15B,$3.29B,4.51%,$0.33B,$2.17B,14.57%,$859,$749,$109,$0,$48,$800,$59,$-15,$43,$14,$29,$29,$29,$103,$59,$139,140,$0.22,$0.21,$466,$516,$0,$1378,$1099,$0,$683,$133,$1915,$3294,$703,$1416,$421,$1837,$2540,$1,$1021,$-110,$754,$3294,$151,$170,$45,$215,$35,$57,$-6,$-78,$-15,$352,$-119,$0,$-319,$0,$0,$0,$2,$-437,$237,$-5,$232,$-36,$-36,$-34,$-9,$154,$69,$0,$-34
24,2012-09-30,20.26,$5.32,3.81,$25.45,0.8,$-2.08,0.0,$1.14,17.77,$1.63B,$0.83B,1.97,$1.57B,$0.74B,2.13,$3.57B,$0.53B,14.72%,$3.57B,$0.34B,9.45%,$3.57B,$0.34B,9.45%,$3.57B,$0.50B,14.13%,$3.57B,$0.23B,6.56%,$3.57B,$0.16B,4.49%,$0.16B,$0.74B,23.29%,$0.16B,$0.06B,103.73%,$0.16B,$3.54B,4.86%,$0.34B,$2.30B,15.44%,$1140,$961,$179,$0,$44,$1007,$132,$-16,$116,$38,$79,$79,$79,$174,$132,$139,139,$0.57,$0.57,$423,$562,$0,$1633,$1093,$0,$677,$139,$1909,$3542,$831,$1566,$409,$1975,$2806,$1,$1000,$-105,$736,$3542,$122,$125,$43,$168,$-239,$11,$-7,$-65,$-296,$-6,$-85,$0,$-318,$0,$0,$0,$1,$-401,$568,$-66,$502,$-36,$-36,$-25,$-8,$432,$25,$0,$-25
25,2012-06-30,19.82,$4.75,4.18,$25.44,0.78,$-1.77,0.0,$1.14,17.46,$1.57B,$0.62B,2.52,$1.55B,$0.66B,2.34,$3.57B,$0.53B,14.80%,$3.57B,$0.34B,9.54%,$3.57B,$0.34B,9.54%,$3.57B,$0.51B,14.21%,$3.57B,$0.24B,6.63%,$3.57B,$0.16B,4.48%,$0.16B,$0.66B,23.88%,$0.16B,$0.18B,87.55%,$0.16B,$3.22B,5.06%,$0.34B,$2.20B,16.23%,$822,$706,$115,$0,$47,$753,$69,$-55,$14,$3,$11,$11,$11,$110,$69,$139,140,$0.08,$0.08,$369,$741,$0,$1572,$1037,$0,$477,$135,$1649,$3221,$623,$1545,$394,$1938,$2561,$1,$929,$-121,$660,$3221,$43,$83,$41,$124,$-77,$-194,$15,$-91,$-363,$-195,$-59,$0,$-51,$0,$0,$0,$0,$-110,$393,$-67,$326,$-24,$-24,$-17,$-8,$277,$-28,$0,$-17
26,2012-03-31,20.46,$4.97,4.12,$25.40,0.81,$-0.92,0.0,$1.43,14.36,$1.75B,$0.72B,2.42,$1.58B,$0.69B,2.28,$3.57B,$0.53B,14.86%,$3.57B,$0.37B,10.24%,$3.57B,$0.37B,10.24%,$3.57B,$0.53B,14.94%,$3.57B,$0.30B,8.42%,$3.57B,$0.20B,5.60%,$0.20B,$0.69B,30.12%,$0.20B,$0.20B,115.94%,$0.20B,$3.42B,6.44%,$0.37B,$2.28B,17.89%,$768,$654,$114,$0,$45,$703,$66,$-16,$50,$17,$33,$33,$33,$108,$66,$140,141,$0.24,$0.24,$648,$688,$0,$1748,$1067,$0,$490,$113,$1670,$3418,$723,$1581,$419,$2000,$2724,$1,$927,$-100,$694,$3418,$33,$42,$2,$45,$-28,$-130,$3,$-17,$-183,$-106,$-26,$0,$-51,$0,$0,$0,$0,$-77,$521,$-63,$457,$-7,$-7,$-8,$-8,$434,$251,$0,$-8
27,2011-12-31,17.84,$4.71,3.79,$24.92,0.72,$-0.63,0.0,$1.38,12.98,$1.33B,$0.60B,2.24,$1.29B,$0.66B,1.96,$3.51B,$0.52B,14.79%,$3.51B,$0.35B,10.09%,$3.51B,$0.35B,10.09%,$3.51B,$0.52B,14.76%,$3.51B,$0.29B,8.29%,$3.51B,$0.19B,5.50%,$0.19B,$0.66B,30.27%,$0.19B,$0.17B,131.52%,$0.19B,$2.98B,6.51%,$0.35B,$1.95B,19.09%,$836,$719,$117,$0,$44,$766,$70,$-16,$54,$17,$37,$37,$37,$112,$70,$140,141,$0.27,$0.27,$397,$554,$0,$1334,$1065,$0,$486,$94,$1645,$2979,$595,$1288,$437,$1726,$2321,$1,$903,$-115,$658,$2979,$193,$163,$29,$191,$-53,$-28,$30,$23,$-25,$360,$-173,$0,$-291,$0,$0,$0,$4,$-460,$417,$-34,$384,$-19,$-19,$-31,$-11,$322,$222,$0,$-31
28,2011-09-30,16.91,$4.78,3.54,$23.63,0.72,$-1.42,0.0,$1.22,13.86,$1.35B,$0.62B,2.16,$1.31B,$0.67B,1.97,$3.39B,$0.50B,14.77%,$3.39B,$0.32B,9.54%,$3.39B,$0.32B,9.54%,$3.39B,$0.48B,14.24%,$3.39B,$0.26B,7.65%,$3.39B,$0.17B,5.08%,$0.17B,$0.67B,28.13%,$0.17B,$0.17B,120.28%,$0.17B,$3.02B,6.22%,$0.32B,$1.98B,18.68%,$1148,$965,$183,$0,$46,$1012,$136,$-17,$119,$40,$79,$79,$79,$178,$136,$140,141,$0.57,$0.56,$140,$580,$0,$1346,$1071,$0,$495,$108,$1674,$3020,$622,$1313,$417,$1730,$2352,$1,$874,$-72,$668,$3020,$156,$121,$4,$125,$-287,$-47,$46,$42,$-205,$76,$-123,$0,$-289,$0,$0,$0,$3,$-409,$445,$-93,$353,$-20,$-20,$-23,$-11,$298,$-35,$0,$-23
29,2011-06-30,18.81,$4.53,4.15,$21.94,0.86,$-1.76,0.0,$1.08,17.41,$1.36B,$0.66B,2.07,$1.35B,$0.64B,2.12,$3.24B,$0.48B,14.79%,$3.24B,$0.31B,9.51%,$3.24B,$0.31B,9.51%,$3.24B,$0.46B,14.23%,$3.24B,$0.24B,7.41%,$3.24B,$0.16B,4.88%,$0.16B,$0.64B,24.56%,$0.16B,$0.14B,75.06%,$0.16B,$3.01B,5.95%,$0.31B,$1.98B,18.60%,$822,$705,$117,$0,$20,$728,$94,$-16,$78,$27,$51,$51,$51,$136,$94,$140,141,$0.37,$0.37,$128,$742,$0,$1356,$1085,$0,$495,$72,$1652,$3008,$655,$1346,$371,$1717,$2372,$1,$803,$-45,$636,$3008,$77,$79,$2,$82,$-120,$-199,$43,$17,$-212,$-52,$-84,$0,$-264,$0,$0,$0,$3,$-345,$468,$-100,$369,$-4,$-4,$-16,$2,$350,$-48,$0,$-16
30,2011-03-31,17.46,$4.19,4.16,$20.60,0.85,$-2.22,0.0,$0.95,18.38,$1.22B,$0.93B,1.31,$0.92B,$0.59B,1.57,$3.11B,$0.47B,15.14%,$3.11B,$0.28B,9.03%,$3.11B,$0.28B,9.03%,$3.11B,$0.43B,13.79%,$3.11B,$0.22B,6.98%,$3.11B,$0.14B,4.60%,$0.14B,$0.59B,21.53%,$0.14B,$0.10B,53.21%,$0.14B,$2.86B,5.84%,$0.28B,$1.51B,18.36%,$703,$601,$102,$0,$47,$649,$54,$-14,$40,$14,$26,$26,$26,$92,$54,$140,141,$0.19,$0.19,$136,$654,$0,$1216,$1082,$0,$487,$71,$1639,$2855,$929,$923,$416,$1339,$2267,$1,$759,$-47,$588,$2855,$26,$38,$0,$38,$-70,$-114,$43,$14,$-123,$-59,$-33,$0,$-264,$0,$0,$0,$0,$-298,$429,$-101,$328,$-5,$-5,$-8,$2,$317,$-39,$0,$-8
31,2010-12-31,16.35,$3.96,4.13,$19.91,0.82,$-2.72,0.0,$0.94,17.44,$0.86B,$0.41B,2.09,$0.89B,$0.55B,1.61,$3.07B,$0.47B,15.36%,$3.07B,$0.28B,9.24%,$3.07B,$0.28B,9.24%,$3.07B,$0.43B,14.00%,$3.07B,$0.22B,7.19%,$3.07B,$0.14B,4.69%,$0.14B,$0.55B,20.79%,$0.14B,$0.16B,43.60%,$0.14B,$2.18B,6.33%,$0.28B,$1.44B,18.69%,$712,$613,$98,$0,$41,$673,$39,$-17,$22,$6,$16,$16,$16,$76,$39,$152,153,$0.12,$0.12,$175,$439,$0,$864,$850,$0,$397,$65,$1312,$2176,$413,$891,$319,$1209,$1622,$1,$741,$-63,$554,$2176,$145,$146,$48,$194,$-20,$-52,$4,$-72,$-152,$187,$-105,$0,$-48,$0,$0,$0,$2,$-152,$114,$7,$122,$-247,$-247,$-32,$-9,$-166,$-131,$0,$-32
32,2010-09-30,14.43,$5.18,2.79,$19.84,0.73,$-1.80,0.0,$0.98,14.68,$1.31B,$0.61B,2.14,$0.89B,$0.80B,1.12,$3.07B,$0.47B,15.20%,$3.07B,$0.30B,9.66%,$3.07B,$0.30B,9.66%,$3.07B,$0.44B,14.45%,$3.07B,$0.24B,7.70%,$3.07B,$0.15B,4.96%,$0.15B,$0.80B,20.95%,$0.15B,$0.44B,40.81%,$0.15B,$2.57B,6.66%,$0.30B,$1.69B,19.43%,$1002,$840,$162,$0,$40,$881,$121,$-20,$100,$35,$65,$65,$65,$157,$121,$154,155,$0.43,$0.42,$393,$428,$0,$1310,$848,$0,$353,$64,$1264,$2574,$611,$892,$275,$1168,$1779,$1,$732,$-55,$795,$2574,$128,$109,$7,$116,$-280,$-43,$69,$-41,$-272,$-28,$-76,$0,$0,$0,$0,$0,$1,$-75,$316,$-90,$226,$-0,$-0,$-25,$-11,$190,$87,$0,$-25
33,2010-06-30,12.87,$4.69,2.74,$19.97,0.64,$-1.48,0.0,$1.04,12.38,$0.94B,$0.42B,2.22,$0.76B,$0.72B,1.06,$3.08B,$0.47B,15.29%,$3.08B,$0.30B,9.84%,$3.08B,$0.30B,9.84%,$3.08B,$0.45B,14.64%,$3.08B,$0.25B,8.15%,$3.08B,$0.16B,5.23%,$0.16B,$0.72B,23.30%,$0.16B,$0.37B,47.95%,$0.16B,$2.18B,7.28%,$0.30B,$1.48B,20.44%,$694,$585,$109,$0,$41,$627,$67,$-12,$55,$19,$36,$36,$36,$104,$67,$153,155,$0.24,$0.24,$52,$564,$0,$939,$843,$0,$346,$55,$1244,$2183,$423,$760,$280,$1040,$1463,$1,$675,$-71,$720,$2183,$63,$73,$2,$75,$-119,$-185,$34,$-45,$-310,$-172,$-48,$0,$0,$0,$0,$0,$1,$-48,$76,$-93,$-17,$-1,$-1,$-16,$0,$-34,$-254,$0,$-16
34,2010-03-31,13.61,$4.57,2.97,$19.96,0.68,$-0.84,0.0,$1.03,13.28,$0.88B,$0.42B,2.13,$0.76B,$0.70B,1.09,$3.08B,$0.47B,15.25%,$3.08B,$0.30B,9.85%,$3.08B,$0.30B,9.85%,$3.08B,$0.45B,14.63%,$3.08B,$0.25B,8.13%,$3.08B,$0.16B,5.20%,$0.16B,$0.70B,24.42%,$0.16B,$0.35B,53.78%,$0.16B,$2.16B,7.19%,$0.30B,$1.47B,20.60%,$664,$561,$103,$0,$45,$607,$57,$-13,$44,$17,$27,$27,$27,$93,$57,$153,154,$0.18,$0.18,$99,$489,$0,$883,$866,$0,$354,$57,$1277,$2160,$415,$764,$279,$1043,$1459,$1,$647,$-59,$701,$2160,$27,$36,$2,$38,$-68,$-105,$20,$-64,$-219,$-155,$-24,$0,$0,$0,$0,$0,$0,$-24,$74,$-93,$-19,$-1,$-1,$-8,$0,$-28,$-207,$0,$-8
35,2009-12-31,13.03,$8.96,1.45,$19.93,0.65,$-0.07,0.0,$1.03,12.62,$0.91B,$0.42B,2.15,$0.77B,$0.69B,1.13,$3.07B,$0.46B,15.03%,$3.07B,$0.30B,9.72%,$3.07B,$0.30B,9.72%,$3.07B,$0.45B,14.54%,$3.07B,$0.25B,8.09%,$3.07B,$0.16B,5.22%,$0.16B,$0.69B,26.05%,$0.16B,$0.33B,62.14%,$0.16B,$2.21B,7.13%,$0.30B,$1.46B,21.04%,$705,$613,$92,$0,$41,$654,$51,$-14,$37,$13,$24,$24,$24,$89,$51,$153,154,$0.16,$0.16,$306,$387,$0,$914,$882,$0,$360,$58,$1300,$2214,$424,$773,$331,$1104,$1529,$0,$628,$-56,$686,$2214,$159,$147,$15,$162,$72,$-8,$-63,$-2,$1,$323,$-100,$0,$0,$0,$0,$0,$3,$-97,$-94,$41,$-53,$2,$2,$-29,$-2,$-83,$143,$0,$-29
36,2009-09-30,11.83,$8.60,1.38,$20.19,0.59,$-0.07,0.0,$1.04,11.4,$0.98B,$0.44B,2.25,$0.87B,$0.66B,1.32,$3.10B,$0.46B,14.69%,$3.10B,$0.29B,9.21%,$3.10B,$0.29B,9.21%,$3.10B,$0.43B,13.95%,$3.10B,$0.24B,7.60%,$3.10B,$0.15B,4.96%,$0.15B,$0.66B,26.83%,$0.15B,$0.30B,70.72%,$0.15B,$2.29B,6.90%,$0.29B,$1.53B,20.96%,$1017,$849,$167,$0,$39,$888,$128,$-14,$115,$41,$74,$74,$74,$165,$128,$153,154,$0.49,$0.48,$67,$375,$0,$983,$890,$0,$361,$58,$1308,$2291,$437,$868,$328,$1197,$1634,$0,$612,$-64,$657,$2291,$135,$110,$0,$110,$-247,$6,$-41,$3,$-227,$19,$-72,$0,$0,$0,$0,$0,$3,$-69,$30,$-52,$-21,$1,$1,$-22,$-3,$-46,$-96,$0,$-22
37,2009-06-30,10.96,$7.57,1.45,$19.88,0.55,$0.22,50.89,$0.91,12.11,$0.94B,$0.48B,1.96,$0.86B,$0.58B,1.48,$3.05B,$0.43B,14.09%,$3.05B,$0.26B,8.46%,$3.05B,$0.26B,8.46%,$3.05B,$0.41B,13.27%,$3.05B,$0.21B,6.75%,$3.05B,$0.13B,4.36%,$0.13B,$0.58B,23.84%,$0.13B,$0.22B,66.09%,$0.13B,$2.24B,5.78%,$0.26B,$1.43B,19.14%,$690,$583,$107,$0,$40,$623,$67,$-13,$54,$19,$35,$35,$35,$103,$67,$153,154,$0.23,$0.23,$80,$542,$0,$940,$892,$0,$357,$52,$1301,$2240,$480,$857,$327,$1183,$1663,$0,$545,$-75,$577,$2240,$62,$73,$1,$74,$-23,$-164,$-29,$-4,$-207,$-72,$-49,$0,$0,$0,$0,$0,$2,$-46,$103,$-50,$53,$0,$0,$-15,$-4,$35,$-83,$0,$-15
38,2009-03-31,11.69,$7.04,1.66,$20.20,0.58,$0.35,33.54,$0.90,12.95,$0.94B,$0.65B,1.44,$0.71B,$0.54B,1.32,$3.10B,$0.43B,13.92%,$3.10B,$0.26B,8.27%,$3.10B,$0.26B,8.27%,$3.10B,$0.40B,12.98%,$3.10B,$0.20B,6.52%,$3.10B,$0.13B,4.23%,$0.13B,$0.54B,23.69%,$0.13B,$0.19B,68.23%,$0.13B,$2.24B,5.58%,$0.26B,$1.25B,18.93%,$655,$560,$95,$0,$41,$603,$52,$-10,$42,$15,$27,$27,$27,$89,$52,$152,154,$0.18,$0.18,$201,$454,$0,$941,$894,$0,$350,$50,$1294,$2235,$654,$710,$334,$1044,$1698,$0,$518,$-86,$537,$2235,$27,$37,$0,$37,$5,$-81,$-26,$-14,$-100,$-36,$-24,$0,$0,$0,$0,$0,$0,$-24,$155,$-51,$104,$0,$0,$-7,$1,$98,$38,$0,$-7
39,2008-12-31,10.59,$3.45,3.07,$20.39,0.52,$0.49,21.68,$0.86,12.32,$0.84B,$0.57B,1.47,$0.73B,$0.53B,1.38,$3.12B,$0.43B,13.65%,$3.12B,$0.25B,8.14%,$3.12B,$0.25B,8.14%,$3.12B,$0.40B,12.78%,$3.12B,$0.19B,6.22%,$3.12B,$0.13B,4.01%,$0.13B,$0.53B,22.81%,$0.13B,$0.17B,69.54%,$0.13B,$2.16B,5.24%,$0.25B,$1.25B,18.22%,$742,$654,$87,$0,$45,$702,$39,$-14,$25,$8,$18,$18,$18,$76,$39,$152,153,$0.12,$0.12,$163,$378,$0,$839,$918,$0,$358,$50,$1326,$2164,$571,$726,$342,$1068,$1639,$0,$498,$-76,$525,$2164,$125,$145,$28,$174,$-50,$49,$66,$-11,$47,$345,$-123,$0,$-15,$0,$0,$0,$2,$-136,$-80,$-42,$-122,$2,$2,$-26,$3,$-143,$67,$0,$-26
40,2008-09-30,11.28,$3.90,2.89,$20.02,0.56,$-0.15,0.0,$0.83,13.59,$1.21B,$0.83B,1.45,$0.87B,$0.59B,1.46,$3.06B,$0.43B,14.04%,$3.06B,$0.27B,8.75%,$3.06B,$0.27B,8.75%,$3.06B,$0.41B,13.52%,$3.06B,$0.21B,6.73%,$3.06B,$0.13B,4.28%,$0.13B,$0.59B,24.18%,$0.13B,$0.23B,77.29%,$0.13B,$2.57B,5.51%,$0.27B,$1.46B,18.79%,$964,$823,$141,$0,$39,$865,$100,$-15,$85,$32,$53,$53,$53,$137,$100,$152,153,$0.35,$0.35,$290,$399,$0,$1206,$936,$0,$362,$68,$1367,$2572,$834,$867,$279,$1146,$1980,$0,$480,$12,$593,$2572,$107,$108,$7,$115,$-269,$16,$70,$14,$-145,$78,$-88,$0,$-15,$0,$0,$0,$1,$-101,$324,$-92,$233,$1,$1,$-19,$3,$218,$194,$0,$-19
41,2008-06-30,11.16,$3.68,3.04,$19.66,0.57,$-0.45,0.0,$0.80,14.0,$1.04B,$0.70B,1.48,$0.90B,$0.56B,1.61,$3.00B,$0.42B,13.95%,$3.00B,$0.26B,8.69%,$3.00B,$0.26B,8.69%,$3.00B,$0.40B,13.45%,$3.00B,$0.20B,6.52%,$3.00B,$0.13B,4.19%,$0.13B,$0.56B,24.67%,$0.13B,$0.18B,91.97%,$0.13B,$2.43B,5.47%,$0.26B,$1.45B,18.39%,$735,$627,$108,$0,$40,$670,$65,$-15,$50,$17,$33,$33,$33,$100,$65,$151,153,$0.22,$0.22,$86,$576,$0,$1039,$940,$0,$373,$76,$1390,$2428,$704,$896,$271,$1167,$1871,$0,$434,$26,$557,$2428,$54,$71,$5,$77,$-119,$-131,$66,$3,$-175,$-44,$-55,$0,$-15,$0,$0,$0,$1,$-69,$201,$-88,$113,$1,$1,$-13,$2,$103,$-10,$0,$-13
42,2008-03-31,10.89,$3.42,3.19,$19.33,0.56,$-0.54,0.0,$0.76,14.42,$1.00B,$0.70B,1.43,$0.90B,$0.52B,1.73,$2.95B,$0.41B,13.88%,$2.95B,$0.25B,8.60%,$2.95B,$0.25B,8.60%,$2.95B,$0.40B,13.44%,$2.95B,$0.19B,6.37%,$2.95B,$0.12B,4.06%,$0.12B,$0.52B,25.13%,$0.12B,$0.14B,112.68%,$0.12B,$2.38B,5.31%,$0.25B,$1.41B,18.18%,$680,$590,$90,$0,$36,$630,$50,$-16,$34,$12,$21,$21,$21,$86,$50,$151,153,$0.14,$0.14,$169,$518,$0,$998,$937,$0,$379,$60,$1377,$2375,$697,$895,$266,$1162,$1858,$0,$407,$16,$517,$2375,$21,$36,$4,$40,$-53,$-73,$42,$-13,$-76,$-15,$-24,$0,$-11,$0,$0,$0,$0,$-34,$214,$-86,$128,$0,$0,$-6,$1,$122,$73,$0,$-6
43,2007-12-31,11.35,$3.31,3.43,$19.15,0.59,$-0.68,0.0,$0.81,14.1,$0.77B,$0.49B,1.57,$0.88B,$0.50B,1.76,$2.92B,$0.42B,14.36%,$2.92B,$0.27B,9.10%,$2.92B,$0.27B,9.10%,$2.92B,$0.41B,13.89%,$2.92B,$0.20B,6.84%,$2.92B,$0.13B,4.38%,$0.13B,$0.50B,28.67%,$0.13B,$0.13B,159.01%,$0.13B,$2.14B,5.81%,$0.27B,$1.38B,19.33%,$684,$593,$91,$0,$36,$631,$53,$-16,$37,$13,$24,$24,$24,$91,$53,$151,153,$0.16,$0.16,$96,$428,$0,$771,$940,$0,$374,$55,$1369,$2140,$491,$880,$269,$1149,$1640,$0,$392,$15,$500,$2140,$127,$139,$-8,$131,$24,$5,$-29,$28,$21,$280,$-155,$0,$-8,$0,$0,$0,$4,$-159,$-13,$-7,$-20,$1,$1,$-24,$2,$-42,$79,$0,$-24
44,2007-09-30,11.71,$3.11,3.77,$18.92,0.62,$-0.84,0.0,$0.81,14.42,$0.92B,$0.56B,1.66,$0.96B,$0.47B,2.06,$2.88B,$0.42B,14.56%,$2.88B,$0.26B,9.05%,$2.88B,$0.26B,9.05%,$2.88B,$0.40B,13.77%,$2.88B,$0.20B,6.76%,$2.88B,$0.13B,4.33%,$0.13B,$0.47B,30.25%,$0.13B,$0.10B,238.10%,$0.13B,$2.27B,5.76%,$0.26B,$1.43B,19.26%,$905,$775,$130,$0,$37,$812,$93,$-17,$75,$28,$48,$48,$48,$127,$93,$151,153,$0.32,$0.31,$27,$413,$0,$923,$926,$0,$368,$51,$1346,$2269,$556,$963,$282,$1245,$1801,$0,$378,$-2,$469,$2269,$103,$101,$2,$104,$-214,$23,$-2,$23,$-150,$57,$-113,$0,$-8,$0,$0,$0,$3,$-118,$182,$-96,$86,$1,$1,$-18,$2,$70,$10,$0,$-18
45,2007-06-30,12.01,$2.81,4.27,$18.64,0.64,$-0.88,0.0,$0.83,14.51,$0.93B,$0.60B,1.54,$0.94B,$0.42B,2.23,$2.84B,$0.42B,14.64%,$2.84B,$0.26B,8.99%,$2.84B,$0.26B,8.99%,$2.84B,$0.39B,13.72%,$2.84B,$0.19B,6.67%,$2.84B,$0.13B,4.48%,$0.13B,$0.42B,33.27%,$0.13B,$0.06B,434.19%,$0.13B,$2.26B,5.95%,$0.26B,$1.37B,19.29%,$684,$584,$99,$0,$38,$625,$58,$-17,$42,$15,$27,$27,$27,$93,$58,$151,153,$0.18,$0.18,$25,$548,$0,$927,$913,$0,$361,$58,$1332,$2259,$603,$943,$290,$1233,$1835,$0,$337,$-3,$424,$2259,$55,$67,$3,$69,$-83,$-117,$1,$17,$-162,$-38,$-75,$0,$-8,$0,$0,$0,$3,$-81,$234,$-96,$138,$1,$1,$-12,$1,$127,$9,$0,$-12
46,2007-03-31,11.07,$2.61,4.24,$18.10,0.61,$-0.84,0.0,$0.76,14.57,$0.83B,$0.53B,1.56,$0.93B,$0.39B,2.38,$2.75B,$0.39B,14.23%,$2.75B,$0.24B,8.62%,$2.75B,$0.24B,8.62%,$2.75B,$0.37B,13.39%,$2.75B,$0.17B,6.30%,$2.75B,$0.12B,4.22%,$0.12B,$0.39B,33.10%,$0.12B,$0.03B,2442.11%,$0.12B,$2.14B,5.54%,$0.24B,$1.33B,18.32%,$651,$551,$100,$0,$37,$589,$62,$-16,$46,$17,$29,$29,$29,$95,$62,$150,152,$0.19,$0.19,$23,$495,$0,$830,$905,$0,$359,$50,$1314,$2144,$532,$934,$285,$1219,$1751,$0,$316,$-11,$393,$2144,$29,$33,$1,$33,$-40,$-66,$5,$8,$-84,$-22,$-38,$0,$-8,$0,$0,$0,$0,$-45,$174,$-95,$79,$0,$0,$-6,$0,$74,$6,$0,$-6
47,2006-12-31,9.48,$2.44,3.89,$17.60,0.54,$-0.92,0.0,$0.69,13.79,$0.72B,$0.43B,1.66,$0.93B,$0.37B,2.54,$2.67B,$0.36B,13.57%,$2.67B,$0.22B,8.06%,$2.67B,$0.22B,8.06%,$2.67B,$0.34B,12.86%,$2.67B,$0.16B,5.81%,$2.67B,$0.10B,3.90%,$0.10B,$0.37B,32.12%,$0.10B,$0.01B,770.37%,$0.10B,$2.01B,5.29%,$0.22B,$1.30B,17.80%,$644,$553,$91,$0,$36,$596,$48,$-16,$32,$11,$21,$21,$21,$82,$48,$150,152,$0.14,$0.14,$17,$427,$0,$718,$895,$0,$352,$44,$1291,$2008,$433,$929,$280,$1209,$1642,$0,$295,$-16,$367,$2008,$104,$128,$36,$164,$-19,$-38,$26,$-15,$-46,$222,$-122,$0,$-318,$0,$0,$0,$1,$-438,$232,$-4,$228,$3,$3,$-18,$0,$213,$-4,$0,$-18
