,Date,Stock Price,Book Value per Share,Price to Book Ratio,TTM Sales per Share,Price to Sales Ratio,TTM FCF per Share,Price to FCF Ratio,TTM Net EPS,PE Ratio,Current Assets,Current Liabilities,Current Ratio,Long Term Debt,Shareholder's Equity_x,Debt to Equity Ratio,TTM Revenue_x,TTM Gross Profit,Gross Margin,TTM Revenue_y,TTM Operating Income,Operating Margin,TTM Revenue_x,TTM EBIT,EBIT Margin,TTM Revenue_y,TTM EBITDA,EBITDA Margin,TTM Revenue_x,TTM Pre-Tax Income,Pre-Tax Margin,TTM Revenue_y,TTM Net Income_x,Net Margin,TTM Net Income_y,Shareholder's Equity_y,Return on Equity,TTM Net Income_x,Tangible Equity,Return on Tangible Equity,TTM Net Income_y,Total Assets,Return on Assets,TTM Net Income,LT Investments & Debt,Return on Investment,revenue,cost-goods-sold,gross-profit,research-development-expenses,selling-general-administrative-expenses,operating-expenses,operating-income,total-non-operating-income-expense,pre-tax-income,total-provision-income-taxes,income-after-taxes,income-from-continuous-operations,net-income,ebitda,ebit,basic-shares-outstanding,shares-outstanding,eps-basic-net-earnings-per-share,eps-earnings-per-share-diluted,cash-on-hand,inventory,other-current-assets,total-current-assets,net-property-plant-equipment,long-term-investments,goodwill-intangible-assets-total,other-long-term-assets,total-long-term-assets,total-assets,total-current-liabilities,long-term-debt,other-non-current-liabilities,total-long-term-liabilities,total-liabilities,common-stock-net,retained-earnings-accumulated-deficit,comprehensive-income,total-share-holder-equity,total-liabilities-share-holders-equity,net-income-loss,total-depreciation-amortization-cash-flow,other-non-cash-items,total-non-cash-items,change-in-accounts-receivable,change-in-inventories,change-in-accounts-payable,change-in-assets-liabilities,total-change-in-assets-liabilities,cash-flow-from-operating-activities,net-change-in-property-plant-equipment,net-change-in-intangible-assets,net-acquisitions-divestitures,net-change-in-short-term-investments,net-change-in-long-term-investments,net-change-in-investments-total,investing-activities-other,cash-flow-from-investing-activities,net-long-term-debt,net-current-debt,debt-issuance-retirement-net-total,net-common-equity-issued-repurchased,net-total-equity-issued-repurchased,total-common-preferred-stock-dividends-paid,financial-activities-other,cash-flow-from-financial-activities,net-cash-flow,stock-based-compensation,common-stock-dividends-paid
0,2018-09-30,1.22,$0.90,1.36,0,0.0,$-8.80,0.0,$-2.93,0.0,$0.02B,$0.01B,1.48,$0.00B,$0.02B,0.0,$0.00B,0,nan%,$0.00B,$-0.03B,inf%,$0.00B,$-0.03B,inf%,$0.00B,$-0.03B,inf%,$0.00B,$-0.02B,inf%,$0.00B,$-0.04B,inf%,$-0.04B,$0.02B,-870.59%,$-0.04B,$0.02B,-1480.00%,$-0.04B,$0.04B,-108.03%,$-0.03B,$0.02B,-476.19%,$0,$0,$0,$2,$1,$3,$-3,$3,$-0,$0,$-0,$-0,$-9,$-3,$-3,$18,18,$-0.53,$-0.53,$10,$0,$0,$18,$0,$0,$2,$19,$21,$38,$12,$0,$6,$8,$20,$0,$-69,$0,$18,$38,$-14,$0,$0,$0,$-7,$0,$-4,$-1,$-12,$-26,$0,$0,$0,$0,$0,$0,$0,$0,$-8,$0,$-8,$22,$31,$-0,$0,$23,$-3,$2,$-0
1,2018-06-30,3.42,$-0.34,-10.17,0,0.0,$-12.04,0.0,$-7.43,0.0,$0.01B,$0.03B,0.44,$0.00B,$-0.00B,0.0,$0.00B,0,nan%,$0.00B,$-0.03B,inf%,$0.00B,$-0.03B,inf%,$0.00B,$-0.03B,inf%,$0.00B,$-0.03B,inf%,$0.00B,$-0.03B,inf%,$-0.03B,$-0.00B,-914.29%,$-0.03B,$-0.00B,2133.33%,$-0.03B,$0.03B,-85.91%,$-0.03B,$-0.00B,-577.78%,$0,$0,$0,$2,$5,$7,$-7,$1,$-6,$0,$-6,$-6,$-9,$-7,$-7,$7,7,$-1.26,$-1.26,$10,$0,$0,$11,$0,$0,$2,$19,$21,$32,$25,$0,$8,$10,$34,$0,$-68,$0,$-2,$32,$-14,$0,$3,$3,$0,$0,$0,$-1,$-1,$-12,$0,$0,$0,$0,$0,$0,$0,$0,$-1,$0,$-1,$0,$10,$-0,$0,$9,$-3,$1,$-0
2,2018-03-31,3.45,$-0.21,-16.11,0,0.0,$-15.53,0.0,$-12.78,0.0,$0.01B,$0.03B,0.51,$0.00B,$-0.00B,-0.87,$0.00B,0,nan%,$0.00B,$-0.03B,inf%,$0.00B,$-0.03B,inf%,$0.00B,$-0.03B,inf%,$0.00B,$-0.03B,inf%,$0.00B,$-0.03B,inf%,$-0.03B,$-0.00B,-331.43%,$-0.03B,$-0.00B,-5800.00%,$-0.03B,$0.03B,-65.17%,$-0.03B,$0.00B,-256.41%,$0,$0,$0,$2,$4,$6,$-6,$-2,$-8,$0,$-8,$-8,$-10,$-6,$-6,$6,6,$-1.67,$-1.67,$12,$0,$0,$13,$0,$0,$2,$18,$20,$33,$26,$1,$6,$9,$35,$0,$-62,$0,$-1,$33,$-8,$0,$2,$2,$0,$0,$-0,$-1,$0,$-5,$0,$0,$0,$0,$0,$0,$0,$0,$-1,$0,$-1,$5,$5,$0,$0,$5,$-1,$-2,$0
3,2017-12-31,7.86,$0.36,21.9,0,0.0,$-17.62,0.0,$-24.63,0.0,$0.01B,$0.03B,0.53,$0.00B,$0.00B,1.26,$0.00B,0,nan%,$0.00B,$-0.02B,inf%,$0.00B,$-0.02B,inf%,$0.00B,$-0.02B,inf%,$0.00B,$-0.02B,inf%,$0.00B,$-0.02B,inf%,$-0.02B,$0.00B,-152.38%,$-0.02B,$0.00B,-564.71%,$-0.02B,$0.03B,-44.65%,$-0.02B,$0.01B,-139.39%,$0,$0,$0,$1,$6,$9,$-9,$-0,$-9,$0,$-9,$-9,$-9,$-9,$-9,$2,2,$-0.04,$-0.04,$13,$0,$0,$13,$0,$0,$2,$19,$20,$34,$25,$3,$3,$7,$31,$0,$-54,$0,$2,$34,$-24,$0,$7,$7,$0,$0,$8,$0,$6,$-11,$0,$0,$2,$0,$0,$0,$0,$2,$-0,$0,$-0,$6,$6,$0,$0,$6,$-4,$5,$0
4,2017-09-30,10.58,$10.61,1.0,0,0.0,$-25.44,0.0,$-39.34,0.0,$0.03B,$0.03B,0.95,$0.00B,$0.02B,0.0,$0.00B,0,nan%,$0.00B,$-0.01B,inf%,$0.00B,$-0.01B,inf%,$0.00B,$-0.01B,inf%,$0.00B,$-0.02B,inf%,$0.00B,$-0.02B,inf%,$-0.02B,$0.02B,-107.14%,$-0.02B,$0.00B,-500.00%,$-0.02B,$0.05B,-32.09%,$-0.01B,$0.02B,-32.26%,$0,$0,$0,$1,$3,$4,$-4,$-0,$-4,$0,$-4,$-4,$-4,$-4,$-4,$2,2,$-2.27,$-2.27,$25,$0,$0,$27,$0,$0,$13,$9,$23,$50,$28,$0,$1,$7,$35,$0,$-329,$0,$15,$50,$-15,$0,$5,$5,$0,$0,$0,$0,$0,$-9,$0,$0,$0,$0,$0,$0,$0,$0,$-0,$0,$-0,$6,$6,$0,$0,$6,$-4,$4,$0
5,2017-06-30,17.43,$15.48,1.13,0,0.0,$-127.64,0.0,$-52.85,0.0,$0.03B,$0.04B,0.94,$0.00B,$0.02B,0.0,$0.00B,0,nan%,$0.00B,$-0.01B,inf%,$0.00B,$-0.01B,inf%,$0.00B,$-0.01B,inf%,$0.00B,$-0.02B,inf%,$0.00B,$-0.02B,inf%,$-0.02B,$0.02B,-110.77%,$-0.02B,$0.00B,-360.00%,$-0.02B,$0.06B,-34.29%,$-0.01B,$0.02B,-39.44%,$0,$0,$0,$2,$4,$6,$-6,$-0,$-6,$0,$-6,$-6,$-6,$-6,$-6,$1,1,$-4.50,$-4.50,$32,$0,$0,$32,$0,$0,$15,$13,$28,$61,$35,$0,$1,$7,$41,$0,$-323,$0,$19,$61,$-11,$0,$4,$4,$0,$0,$-0,$0,$-0,$-7,$0,$0,$0,$0,$0,$0,$0,$0,$-0,$0,$-0,$6,$6,$0,$0,$6,$-1,$3,$0
6,2017-03-31,18.3,$22.18,0.82,0,0.0,$-203.17,0.0,$-28.23,0.0,$0.04B,$0.04B,1.16,$0.00B,$0.03B,0.0,$0.00B,0,nan%,$0.00B,$-0.01B,inf%,$0.00B,$-0.01B,inf%,$0.00B,$-0.01B,inf%,$0.00B,$-0.01B,inf%,$0.00B,$-0.01B,inf%,$-0.01B,$0.03B,-42.42%,$-0.01B,$0.01B,-133.33%,$-0.01B,$0.07B,-12.56%,$-0.01B,$0.03B,-55.56%,$0,$0,$0,$2,$2,$4,$-4,$-0,$-5,$0,$-5,$-5,$-5,$-4,$-4,$1,1,$-3.63,$-3.63,$41,$0,$0,$42,$0,$0,$15,$13,$28,$70,$36,$0,$1,$7,$43,$0,$-315,$0,$27,$70,$-5,$0,$1,$1,$0,$0,$4,$0,$-0,$-4,$0,$0,$0,$0,$0,$0,$0,$0,$0,$0,$0,$0,$0,$0,$0,$0,$-4,$1,$0
7,2016-12-31,58.2,$-3.94,-14.77,0,0.0,$-244.85,0.0,$-68.77,0.0,$0.01B,$0.01B,1.11,$0.01B,$-0.01B,-1.13,$0.00B,0,nan%,$0.00B,$-0.02B,inf%,$0.00B,$-0.02B,inf%,$0.00B,$-0.02B,inf%,$0.00B,$-0.02B,inf%,$0.00B,$-0.02B,inf%,$-0.02B,$-0.01B,-141.18%,$-0.02B,$-0.01B,-1200.00%,$-0.02B,$0.01B,-32.88%,$-0.02B,$0.00B,-105.26%,$0,$0,$0,$-4,$-5,$-9,$9,$-17,$-9,$0,$-9,$-9,$0,$9,$9,$1,1,$39.22,$39.52,$6,$0,$0,$6,$0,$0,$0,$0,$0,$6,$6,$6,$0,$6,$11,$0,$-30,$0,$-5,$6,$-18,$0,$4,$4,$0,$0,$0,$-0,$1,$-12,$0,$0,$0,$0,$0,$0,$-0,$-0,$17,$0,$17,$0,$0,$0,$0,$17,$5,$3,$0
8,2016-09-30,210.18,$67.61,3.11,0,0.0,$-420.92,0.0,$-126.13,0.0,$0.04B,$0.04B,1.05,$0.00B,$0.02B,0.0,$0.00B,0,nan%,$0.00B,$-0.03B,inf%,$0.00B,$-0.03B,inf%,$0.00B,$-0.03B,inf%,$0.00B,$-0.02B,inf%,$0.00B,$-0.04B,inf%,$-0.04B,$0.02B,-217.14%,$-0.04B,$0.01B,-1688.89%,$-0.04B,$0.07B,-51.53%,$-0.03B,$0.02B,-182.86%,$0,$0,$0,$4,$3,$6,$-6,$2,$-4,$0,$-4,$-4,$-7,$-6,$-6,$0,0,$-20.00,$-20.00,$43,$0,$0,$44,$0,$0,$15,$13,$28,$73,$43,$0,$1,$6,$49,$0,$-297,$0,$24,$73,$-9,$0,$-26,$-26,$0,$0,$-1,$0,$-2,$-37,$-0,$0,$0,$0,$0,$0,$-1,$-1,$0,$0,$0,$32,$32,$0,$0,$33,$-5,$4,$0
9,2016-06-30,279.66,$67.55,4.14,0,0.0,$-437.42,0.0,$-174.17,0.0,$0.05B,$0.05B,0.96,$0.00B,$0.02B,0.0,$0.00B,0,nan%,$0.00B,$-0.04B,inf%,$0.00B,$-0.04B,inf%,$0.00B,$-0.04B,inf%,$0.00B,$-0.02B,inf%,$0.00B,$-0.05B,inf%,$-0.05B,$0.02B,-251.28%,$-0.05B,$0.01B,-1152.94%,$-0.05B,$0.07B,-64.26%,$-0.04B,$0.02B,-175.00%,$0,$0,$0,$6,$3,$9,$-9,$18,$8,$0,$8,$8,$5,$-9,$-9,$0,0,$17.88,$17.58,$44,$0,$0,$45,$0,$0,$15,$13,$28,$74,$47,$0,$1,$6,$53,$0,$0,$-290,$20,$74,$-5,$0,$-19,$-19,$0,$0,$-0,$0,$-1,$-25,$-0,$0,$0,$0,$0,$0,$-1,$-1,$-5,$0,$-5,$21,$21,$0,$0,$16,$-10,$1,$0
10,2016-03-31,816.0,$41.37,19.72,0,0.0,$-444.73,0.0,$-252.25,0.0,$0.04B,$0.04B,0.9,$0.00B,$0.01B,0.0,$0.00B,0,nan%,$0.00B,$-0.04B,inf%,$0.00B,$-0.04B,inf%,$0.00B,$-0.04B,inf%,$0.00B,$-0.04B,inf%,$0.00B,$-0.07B,inf%,$-0.07B,$0.01B,-261.68%,$-0.07B,$-0.00B,-1166.67%,$-0.07B,$0.07B,-84.08%,$-0.04B,$0.01B,-125.00%,$0,$0,$0,$5,$4,$9,$-9,$-4,$-13,$0,$-13,$-13,$-16,$-9,$-9,$0,0,$-55.76,$-55.76,$35,$0,$2,$38,$0,$0,$15,$13,$28,$66,$42,$0,$6,$12,$54,$0,$-296,$0,$12,$66,$-13,$0,$1,$1,$0,$0,$-1,$0,$-1,$-13,$-0,$0,$0,$0,$0,$0,$-1,$-1,$-1,$0,$-1,$20,$20,$0,$0,$19,$5,$5,$0
11,2015-12-31,882.0,$50.58,17.44,0,0.0,$-451.62,0.0,$-246.25,0.0,$0.05B,$0.06B,0.94,$0.00B,$0.01B,0.0,$0.00B,0,nan%,$0.00B,$-0.04B,inf%,$0.00B,$-0.04B,inf%,$0.00B,$-0.04B,inf%,$0.00B,$-0.04B,inf%,$0.00B,$-0.07B,inf%,$-0.07B,$0.01B,-168.83%,$-0.07B,$-0.00B,-541.67%,$-0.07B,$0.08B,-69.15%,$-0.04B,$0.01B,-85.89%,$0,$0,$0,$-8,$16,$8,$-8,$-3,$-10,$0,$-11,$-11,$-20,$-8,$-8,$0,0,$-73.64,$-73.64,$30,$0,$22,$54,$0,$0,$15,$13,$29,$82,$57,$0,$6,$12,$69,$0,$-279,$0,$14,$82,$-39,$0,$-5,$-5,$0,$0,$-0,$-0,$-4,$-48,$-0,$0,$0,$0,$0,$0,$11,$10,$-4,$0,$-4,$48,$48,$0,$0,$44,$6,$2,$0
12,2015-09-30,948.0,$121.35,7.81,0,0.0,$-480.95,0.0,$-210.21,0.0,$0.05B,$0.04B,1.46,$0.00B,$0.03B,0.05,$0.00B,0,nan%,$0.00B,$-0.03B,inf%,$0.00B,$-0.03B,inf%,$0.00B,$-0.03B,inf%,$0.00B,$-0.03B,inf%,$0.00B,$-0.05B,inf%,$-0.05B,$0.03B,-119.77%,$-0.05B,$0.02B,-294.44%,$-0.05B,$0.08B,-56.68%,$-0.03B,$0.03B,-58.64%,$0,$0,$0,$6,$3,$9,$-9,$2,$-6,$0,$-6,$-6,$-18,$-9,$-9,$0,0,$-66.67,$-66.67,$35,$0,$18,$54,$0,$0,$15,$13,$28,$83,$37,$2,$7,$13,$50,$0,$-260,$0,$32,$83,$-28,$0,$-3,$-2,$0,$0,$-1,$-0,$-2,$-33,$-0,$0,$0,$0,$0,$0,$-1,$-1,$-3,$0,$-3,$48,$48,$0,$0,$45,$11,$1,$0
13,2015-06-30,1020.0,$185.00,5.51,0,0.0,$-521.40,0.0,$-174.17,0.0,$0.05B,$0.04B,1.34,$0.00B,$0.05B,0.05,$0.00B,0,nan%,$0.00B,$-0.03B,inf%,$0.00B,$-0.04B,inf%,$0.00B,$-0.03B,inf%,$0.00B,$-0.03B,inf%,$0.00B,$-0.04B,inf%,$-0.04B,$0.05B,-93.18%,$-0.04B,$0.01B,-341.67%,$-0.04B,$0.10B,-44.32%,$-0.03B,$0.05B,-62.18%,$0,$0,$0,$7,$2,$9,$-9,$-4,$-13,$0,$-13,$-13,$-16,$-9,$-9,$0,0,$-60.61,$-60.61,$45,$1,$0,$51,$1,$0,$37,$13,$51,$102,$38,$3,$7,$14,$53,$0,$-242,$0,$49,$102,$-22,$0,$0,$0,$0,$0,$-1,$0,$-2,$-23,$-0,$0,$-1,$0,$0,$0,$0,$-1,$-2,$0,$-2,$48,$48,$0,$0,$46,$22,$1,$0
14,2015-03-31,834.0,$226.55,3.68,$11.97,69.7,$-541.37,0.0,$-216.22,0.0,$0.06B,$0.03B,1.69,$0.00B,$0.06B,0.06,$0.00B,$0.00B,100.00%,$0.00B,$-0.04B,-1850.00%,$0.00B,$-0.04B,-2100.00%,$0.00B,$-0.04B,-1850.00%,$0.00B,$-0.03B,-1700.00%,$0.00B,$-0.05B,-2250.00%,$-0.05B,$0.06B,-116.13%,$-0.05B,$0.02B,-439.02%,$-0.05B,$0.11B,-51.72%,$-0.04B,$0.06B,-84.57%,$0,$0,$0,$6,$3,$9,$-9,$1,$-8,$0,$-8,$-8,$-11,$-9,$-9,$0,0,$-48.49,$-48.49,$53,$1,$0,$57,$1,$0,$38,$13,$51,$109,$34,$4,$7,$16,$50,$0,$-226,$0,$59,$109,$-8,$0,$-2,$-1,$0,$0,$0,$0,$-2,$-12,$-0,$0,$0,$0,$0,$0,$-1,$-1,$-1,$0,$-1,$42,$42,$0,$0,$41,$29,$0,$0
15,2014-12-31,906.0,$173.48,5.22,$23.30,38.89,$-531.88,0.0,$-180.18,0.0,$0.05B,$0.03B,1.91,$0.00B,$0.04B,0.12,$0.00B,$0.00B,100.00%,$0.00B,$-0.04B,-1000.00%,$0.00B,$-0.05B,-1125.00%,$0.00B,$-0.04B,-1000.00%,$0.00B,$-0.03B,-725.00%,$0.00B,$-0.04B,-925.00%,$-0.04B,$0.04B,-103.50%,$-0.04B,$0.02B,-336.36%,$-0.04B,$0.08B,-44.71%,$-0.04B,$0.04B,-96.97%,$0,$0,$0,$-6,$8,$1,$-1,$3,$-2,$0,$-2,$-2,$-8,$-1,$-6,$0,0,$-40.30,$-40.30,$24,$0,$0,$52,$0,$0,$15,$13,$28,$80,$27,$4,$7,$16,$43,$0,$-215,$0,$37,$80,$-28,$0,$-18,$-18,$0,$0,$-0,$-1,$3,$-43,$-0,$0,$-2,$0,$0,$0,$-3,$-6,$-2,$0,$-2,$26,$26,$0,$0,$24,$-24,$5,$0
16,2014-09-30,1236.0,$153.98,8.03,$23.30,53.06,$-510.53,0.0,$-420.42,0.0,$0.03B,$0.03B,0.9,$0.01B,$0.03B,0.17,$0.00B,$0.00B,100.00%,$0.00B,$-0.05B,-1125.00%,$0.00B,$-0.05B,-1150.00%,$0.00B,$-0.05B,-1125.00%,$0.00B,$-0.07B,-1725.00%,$0.00B,$-0.08B,-1950.00%,$-0.08B,$0.03B,-278.57%,$-0.08B,$-0.01B,-4457.14%,$-0.08B,$0.08B,-92.04%,$-0.05B,$0.04B,-131.39%,$0,$0,$0,$7,$4,$11,$-11,$7,$-4,$0,$-4,$-4,$-6,$-11,$-11,$0,0,$-30.30,$-30.30,$25,$0,$0,$29,$1,$0,$37,$13,$51,$79,$32,$5,$7,$17,$49,$0,$-208,$0,$31,$79,$-22,$0,$-13,$-12,$0,$0,$0,$-0,$2,$-32,$-0,$0,$-2,$0,$0,$0,$-3,$-5,$-1,$0,$-1,$15,$15,$0,$0,$14,$-23,$-9,$0
17,2014-06-30,1836.0,$145.24,12.64,$31.41,58.44,$-492.37,0.0,$-456.46,0.0,$0.04B,$0.03B,1.31,$0.01B,$0.03B,0.21,$0.01B,$0.01B,100.00%,$0.01B,$-0.04B,-820.00%,$0.01B,$-0.04B,-840.00%,$0.01B,$-0.04B,-820.00%,$0.01B,$-0.07B,-1460.00%,$0.01B,$-0.08B,-1620.00%,$-0.08B,$0.03B,-279.31%,$-0.08B,$0.01B,-1157.14%,$-0.08B,$0.08B,-92.31%,$-0.04B,$0.03B,-113.89%,$2,$0,$2,$8,$10,$18,$-16,$-4,$-20,$0,$-20,$-20,$-20,$-16,$-16,$0,0,$-103.03,$-103.03,$39,$0,$0,$44,$1,$0,$23,$13,$37,$80,$33,$6,$7,$19,$52,$0,$-201,$0,$28,$80,$-22,$0,$-3,$-2,$2,$-0,$-1,$-0,$4,$-21,$-0,$0,$-2,$0,$0,$0,$0,$-2,$-0,$0,$-0,$15,$15,$0,$0,$15,$-9,$3,$0
18,2014-03-31,1500.0,$238.80,6.28,$19.45,77.13,$-477.82,0.0,$-420.42,0.0,$0.06B,$0.03B,2.08,$0.01B,$0.05B,0.15,$0.00B,$0.00B,100.00%,$0.00B,$-0.03B,-1100.00%,$0.00B,$-0.03B,-1133.33%,$0.00B,$-0.03B,-1100.00%,$0.00B,$-0.06B,-2033.33%,$0.00B,$-0.07B,-2366.67%,$-0.07B,$0.05B,-275.73%,$-0.07B,$0.02B,-1670.59%,$-0.07B,$0.09B,-85.29%,$-0.03B,$0.05B,-97.78%,$2,$0,$2,$7,$7,$14,$-12,$9,$-3,$0,$-3,$-3,$-3,$-12,$-12,$0,0,$-12.12,$-12.12,$53,$0,$0,$56,$1,$0,$23,$13,$37,$92,$27,$7,$7,$19,$46,$0,$-181,$0,$47,$92,$-3,$0,$-8,$-8,$2,$0,$-1,$0,$2,$-8,$-0,$0,$-2,$0,$0,$0,$0,$-2,$-0,$0,$-0,$15,$15,$0,$0,$15,$5,$2,$0
19,2013-12-31,2976.0,$32.60,91.29,$8.12,366.53,$-474.67,0.0,$-474.47,0.0,$0.05B,$0.06B,0.86,$0.01B,$0.01B,1.32,$0.00B,$0.00B,100.00%,$0.00B,$-0.03B,-2800.00%,$0.00B,$-0.03B,-2900.00%,$0.00B,$-0.03B,-2800.00%,$0.00B,$-0.07B,-7000.00%,$0.00B,$-0.08B,-7700.00%,$-0.08B,$0.01B,-389.87%,$-0.08B,$-0.02B,6160.00%,$-0.08B,$0.09B,-101.99%,$-0.03B,$0.01B,-106.67%,$0,$0,$0,$6,$-0,$6,$-6,$-35,$-42,$1,$-43,$-43,$-49,$-6,$-7,$0,0,$-315.15,$-315.15,$48,$0,$0,$53,$1,$0,$21,$13,$35,$88,$62,$8,$7,$20,$82,$0,$-179,$0,$6,$88,$-71,$0,$39,$39,$0,$0,$-0,$0,$3,$-29,$-0,$0,$0,$4,$0,$4,$-16,$-12,$10,$0,$10,$46,$46,$0,$0,$56,$15,$3,$0
20,2013-09-30,1368.0,$199.99,6.84,$8.12,168.49,$-481.41,0.0,$-198.20,0.0,$0.06B,$0.04B,1.56,$0.01B,$0.04B,0.25,$0.00B,$0.00B,100.00%,$0.00B,$-0.03B,-2700.00%,$0.00B,$-0.03B,-2700.00%,$0.00B,$-0.03B,-2700.00%,$0.00B,$-0.03B,-3200.00%,$0.00B,$-0.03B,-3200.00%,$-0.03B,$0.04B,-126.73%,$-0.03B,$0.01B,-400.00%,$-0.03B,$0.09B,-47.58%,$-0.03B,$0.04B,-90.76%,$1,$0,$1,$4,$4,$8,$-7,$-1,$-8,$1,$-9,$-9,$-9,$-7,$-7,$0,0,$-66.67,$-66.67,$54,$0,$0,$57,$1,$0,$21,$13,$34,$91,$37,$9,$6,$20,$57,$0,$-130,$2,$35,$91,$-28,$0,$8,$8,$-2,$-0,$-0,$0,$-0,$-20,$-1,$0,$-10,$1,$0,$1,$0,$-9,$10,$0,$10,$38,$38,$0,$0,$48,$19,$1,$0
21,2013-06-30,1332.0,$109.36,12.18,0,0.0,$-478.03,0.0,$-186.19,0.0,$0.03B,$0.03B,1.07,$0.01B,$0.02B,0.62,$0.00B,0,nan%,$0.00B,$-0.03B,inf%,$0.00B,$-0.03B,inf%,$0.00B,$-0.03B,inf%,$0.00B,$-0.03B,inf%,$0.00B,$-0.03B,inf%,$-0.03B,$0.02B,-145.00%,$-0.03B,$-0.01B,-446.15%,$-0.03B,$0.06B,-54.46%,$-0.03B,$0.03B,-115.56%,$0,$0,$0,$5,$3,$8,$-8,$-0,$-8,$2,$-10,$-10,$-10,$-8,$-8,$0,0,$-66.67,$-66.67,$27,$0,$0,$28,$0,$0,$21,$13,$34,$62,$26,$9,$7,$21,$47,$0,$-121,$4,$15,$62,$-19,$0,$5,$5,$0,$-0,$0,$0,$1,$-12,$-0,$0,$-10,$1,$0,$1,$-0,$-10,$10,$0,$10,$1,$1,$0,$0,$11,$-12,$1,$0
22,2013-03-31,1260.0,$0.00,0.0,0,0.0,$-489.47,0.0,$-120.12,0.0,$0.03B,$0.03B,1.04,$0.00B,$0.02B,0.0,$0.00B,0,nan%,$0.00B,$-0.02B,inf%,$0.00B,$-0.02B,inf%,$0.00B,$-0.02B,inf%,$0.00B,$-0.02B,inf%,$0.00B,$-0.02B,inf%,$-0.02B,$0.02B,-116.92%,$-0.02B,$0.00B,-237.50%,$-0.02B,$0.06B,-50.33%,$-0.02B,$0.02B,-147.69%,$0,$0,$0,$5,$2,$7,$-7,$-5,$-12,$-3,$-9,$-9,$-9,$-7,$-7,$0,0,$-66.67,$-66.67,$27,$0,$0,$28,$0,$0,$21,$13,$34,$61,$26,$0,$7,$12,$38,$0,$-111,$0,$23,$61,$-9,$0,$3,$3,$0,$0,$0,$0,$1,$-5,$0,$0,$-10,$0,$0,$0,$-0,$-10,$0,$0,$0,$0,$0,$0,$0,$0,$-15,$0,$0
23,2012-12-31,918.0,$202.87,4.53,0,0.0,$-511.62,0.0,$-366.37,0.0,$0.04B,$0.02B,2.27,$0.00B,$0.03B,0.0,$0.00B,0,nan%,$0.00B,$-0.02B,inf%,$0.00B,$-0.02B,inf%,$0.00B,$-0.02B,inf%,$0.00B,$-0.04B,inf%,$0.00B,$-0.04B,inf%,$-0.04B,$0.03B,-451.61%,$-0.04B,$0.02B,-1000.00%,$-0.04B,$0.06B,-118.64%,$-0.02B,$0.03B,-275.00%,$0,$0,$0,$3,$2,$5,$-5,$1,$-4,$-1,$-3,$-3,$-4,$-5,$-5,$0,0,$29.29,$45.65,$36,$0,$0,$36,$0,$0,$6,$13,$19,$55,$16,$0,$6,$11,$27,$0,$-102,$2,$28,$55,$-35,$0,$14,$0,$0,$0,$1,$-0,$0,$-21,$0,$0,$0,$0,$0,$0,$-0,$-0,$0,$0,$0,$42,$42,$0,$0,$42,$21,$13,$0
24,2012-09-30,1068.0,$0.00,0.0,0,0.0,$-508.45,0.0,$-342.34,0.0,$0.02B,$0.01B,1.62,$0.00B,$0.01B,0.0,$0.00B,0,nan%,$0.00B,$-0.02B,inf%,$0.00B,$-0.02B,inf%,$0.00B,$-0.02B,inf%,$0.00B,$-0.02B,inf%,$0.00B,$-0.03B,inf%,$-0.03B,$0.01B,-892.31%,$-0.03B,$0.01B,2900.00%,$-0.03B,$0.04B,-123.40%,$-0.02B,$0.01B,-628.57%,$0,$0,$0,$4,$1,$6,$-6,$-1,$-6,$0,$-6,$-6,$-6,$-6,$-6,$0,0,$-54.55,$-54.55,$16,$0,$1,$16,$0,$0,$6,$13,$19,$35,$10,$0,$6,$11,$21,$0,$-98,$0,$14,$35,$-31,$0,$15,$15,$0,$0,$1,$-1,$0,$-16,$0,$0,$0,$0,$0,$0,$-0,$-0,$-0,$1,$0,$19,$19,$0,$0,$20,$4,$1,$0
25,2012-06-30,990.0,$0.00,0.0,0,0.0,$-516.92,0.0,$-366.37,0.0,$0.00B,$0.00B,0.0,$0.00B,$0.00B,0.0,$0.00B,0,nan%,$0.00B,$-0.02B,inf%,$0.00B,$-0.02B,inf%,$0.00B,$-0.02B,inf%,$0.00B,$-0.02B,inf%,$0.00B,$-0.03B,inf%,$-0.03B,$0.00B,-2800.00%,$-0.03B,$0.00B,1400.00%,$-0.03B,$0.00B,-125.84%,$-0.02B,$0.00B,-1680.00%,$0,$0,$0,$4,$2,$6,$-6,$6,$0,$0,$0,$0,$-0,$-6,$-6,$0,0,$-1.82,$-18.18,$0,$0,$0,$0,$0,$0,$0,$0,$0,$0,$0,$0,$0,$0,$0,$0,$0,$0,$0,$0,$-25,$0,$14,$14,$0,$0,$0,$-1,$-1,$-12,$0,$0,$0,$0,$0,$0,$-0,$-0,$-0,$1,$0,$19,$19,$0,$0,$20,$8,$1,$0
26,2012-03-31,1332.0,$0.00,0.0,0,0.0,$-523.06,0.0,$-390.39,0.0,$0.01B,$0.03B,0.33,$0.00B,$-0.01B,-0.1,$0.00B,0,nan%,$0.00B,$-0.02B,inf%,$0.00B,$-0.02B,inf%,$0.00B,$-0.02B,inf%,$0.00B,$-0.02B,inf%,$0.00B,$-0.03B,inf%,$-0.03B,$-0.01B,-1054.55%,$-0.03B,$-0.02B,5800.00%,$-0.03B,$0.03B,-95.87%,$-0.02B,$-0.01B,-666.67%,$0,$0,$0,$4,$2,$5,$-5,$-19,$-25,$0,$-25,$-25,$-25,$-5,$-5,$0,0,$-312.31,$-312.31,$9,$0,$0,$9,$0,$0,$6,$13,$19,$28,$27,$1,$5,$11,$39,$0,$-92,$0,$-11,$28,$-25,$0,$0,$0,$0,$0,$0,$0,$19,$-5,$0,$0,$0,$0,$0,$0,$0,$0,$0,$-0,$1,$0,$2,$0,$0,$2,$-3,$0,$0
27,2011-12-31,281.4,$129.99,2.16,0,0.0,$-552.51,0.0,$-192.19,0.0,$0.01B,$0.01B,1.05,$0.00B,$0.01B,0.01,$0.00B,0,nan%,$0.00B,$-0.02B,inf%,$0.00B,$-0.02B,inf%,$0.00B,$-0.02B,inf%,$0.00B,$-0.00B,inf%,$0.00B,$-0.01B,inf%,$-0.01B,$0.01B,-128.00%,$-0.01B,$0.00B,-188.24%,$-0.01B,$0.03B,-30.48%,$-0.02B,$0.01B,-320.00%,$0,$0,$0,$4,$2,$5,$-5,$7,$10,$0,$10,$2,$2,$-5,$-5,$0,0,$24.02,$24.02,$12,$0,$0,$12,$0,$0,$6,$13,$19,$31,$11,$0,$5,$10,$21,$0,$-67,$0,$10,$31,$-11,$0,$-6,$0,$0,$0,$1,$-0,$3,$-15,$-0,$0,$0,$0,$0,$0,$0,$0,$-0,$-0,$1,$19,$19,$0,$0,$19,$5,$3,$0
28,2011-09-30,606.0,$0.00,0.0,0,0.0,$-695.09,0.0,$-276.28,0.0,$0.02B,$0.02B,0.75,$0.00B,$0.01B,0.0,$0.00B,0,nan%,$0.00B,$-0.02B,inf%,$0.00B,$-0.02B,inf%,$0.00B,$-0.02B,inf%,$0.00B,$-0.02B,inf%,$0.00B,$-0.01B,inf%,$-0.01B,$0.01B,-282.35%,$-0.01B,$0.00B,-320.00%,$-0.01B,$0.03B,-59.26%,$-0.02B,$0.01B,-447.06%,$0,$0,$0,$3,$2,$5,$-5,$-0,$-5,$0,$-5,$-5,$-5,$-5,$-5,$0,0,$-78.08,$-78.08,$16,$0,$0,$16,$0,$0,$1,$13,$14,$30,$21,$0,$4,$4,$26,$0,$-69,$0,$5,$30,$-13,$0,$0,$0,$0,$0,$0,$0,$-1,$-10,$-0,$0,$0,$0,$0,$0,$0,$0,$0,$-0,$1,$0,$19,$0,$0,$19,$9,$0,$0
29,2011-06-30,588.0,$0.00,0.0,0,0.0,$-820.12,0.0,$-336.34,0.0,$0.02B,$0.02B,0.93,$0.00B,$0.01B,0.0,$0.00B,0,nan%,$0.00B,$-0.02B,inf%,$0.00B,$-0.02B,inf%,$0.00B,$-0.02B,inf%,$0.00B,$-0.01B,inf%,$0.00B,$-0.01B,inf%,$-0.01B,$0.01B,-293.33%,$-0.01B,$0.01B,-314.29%,$-0.01B,$0.03B,-72.13%,$-0.02B,$0.01B,-480.00%,$0,$0,$0,$3,$2,$5,$-5,$1,$-4,$0,$-4,$-1,$-1,$-5,$-5,$0,0,$-24.02,$-24.02,$18,$0,$0,$18,$0,$0,$1,$13,$14,$32,$20,$0,$6,$6,$25,$0,$-63,$0,$7,$32,$-5,$0,$0,$0,$0,$0,$0,$0,$1,$-7,$-0,$0,$0,$0,$0,$0,$0,$0,$0,$-0,$0,$0,$18,$0,$0,$18,$11,$0,$0
30,2011-03-31,828.0,$0.00,0.0,0,0.0,$-892.07,0.0,$-384.38,0.0,$0.01B,$0.01B,1.32,$0.00B,$0.00B,0.01,$0.00B,0,nan%,$0.00B,$-0.02B,inf%,$0.00B,$-0.02B,inf%,$0.00B,$-0.02B,inf%,$0.00B,$-0.01B,inf%,$0.00B,$-0.01B,inf%,$-0.01B,$0.00B,-342.86%,$-0.01B,$0.00B,-342.86%,$-0.01B,$0.01B,-117.07%,$-0.02B,$0.00B,-514.29%,$0,$0,$0,$2,$3,$5,$-5,$1,$-4,$0,$-4,$-4,$-4,$-5,$-5,$0,0,$-114.11,$-114.11,$11,$0,$0,$11,$0,$0,$0,$0,$0,$12,$9,$0,$0,$0,$9,$0,$-60,$0,$3,$12,$-4,$0,$0,$0,$0,$0,$0,$0,$-1,$-3,$-0,$0,$0,$0,$0,$0,$0,$-0,$0,$-0,$0,$0,$7,$0,$0,$7,$4,$0,$0
31,2010-12-31,1548.0,$0.00,0.0,0,0.0,$-891.28,0.0,$-414.41,0.0,$0.01B,$0.01B,1.4,$0.00B,$0.00B,0.01,$0.00B,0,nan%,$0.00B,$-0.02B,inf%,$0.00B,$-0.02B,inf%,$0.00B,$-0.02B,inf%,$0.00B,$-0.01B,inf%,$0.00B,$-0.01B,inf%,$-0.01B,$0.00B,-266.67%,$-0.01B,$0.00B,-266.67%,$-0.01B,$0.01B,-106.67%,$-0.02B,$0.00B,-377.78%,$0,$0,$0,$2,$2,$4,$-4,$2,$-2,$0,$-2,$-2,$-2,$-4,$-4,$0,0,$-60.06,$-60.06,$7,$0,$0,$7,$1,$0,$0,$0,$1,$7,$5,$0,$0,$0,$5,$0,$-56,$0,$2,$7,$-12,$0,$0,$0,$0,$0,$0,$0,$-3,$-10,$-0,$0,$0,$0,$0,$0,$0,$-0,$0,$-0,$0,$0,$12,$0,$0,$12,$1,$0,$0
32,2010-09-30,1710.0,$0.00,0.0,0,0.0,$-984.12,0.0,$-582.58,0.0,$0.01B,$0.01B,1.46,$0.00B,$0.00B,0.01,$0.00B,0,nan%,$0.00B,$-0.02B,inf%,$0.00B,$-0.02B,inf%,$0.00B,$-0.02B,inf%,$0.00B,$-0.02B,inf%,$0.00B,$-0.02B,inf%,$-0.02B,$0.00B,-376.47%,$-0.02B,$0.00B,-376.47%,$-0.02B,$0.01B,-145.45%,$-0.02B,$0.00B,-400.00%,$0,$0,$0,$2,$2,$4,$-4,$-0,$-4,$0,$-4,$-4,$-4,$-4,$-4,$0,0,$-138.14,$-138.14,$9,$0,$0,$9,$0,$0,$0,$0,$0,$10,$6,$0,$0,$0,$6,$0,$-54,$0,$3,$10,$-10,$0,$0,$0,$0,$0,$0,$0,$-2,$-8,$-0,$0,$0,$0,$0,$-6,$0,$-6,$0,$-0,$0,$0,$12,$0,$0,$12,$-3,$0,$0
33,2010-06-30,1560.0,$0.00,0.0,0,0.0,$-1043.99,0.0,$-558.56,0.0,$0.01B,$0.01B,2.12,$0.00B,$0.01B,0.01,$0.00B,0,nan%,$0.00B,$-0.02B,inf%,$0.00B,$-0.02B,inf%,$0.00B,$-0.02B,inf%,$0.00B,$-0.02B,inf%,$0.00B,$-0.02B,inf%,$-0.02B,$0.01B,-300.00%,$-0.02B,$0.01B,-300.00%,$-0.02B,$0.01B,-136.36%,$-0.02B,$0.01B,-340.00%,$0,$0,$0,$2,$2,$5,$-5,$3,$-2,$0,$-2,$-2,$-2,$-5,$-5,$0,0,$-72.07,$-72.07,$11,$0,$0,$11,$0,$0,$0,$0,$0,$12,$5,$0,$0,$0,$5,$0,$-50,$0,$6,$12,$-6,$0,$0,$0,$0,$0,$0,$0,$-3,$-6,$-0,$0,$0,$0,$0,$-6,$0,$-6,$0,$-0,$0,$0,$12,$0,$0,$12,$-1,$0,$0
34,2010-03-31,2736.0,$0.00,0.0,0,0.0,$-1098.81,0.0,$-708.71,0.0,$0.02B,$0.01B,1.74,$0.00B,$0.01B,0.01,$0.00B,0,nan%,$0.00B,$-0.02B,inf%,$0.00B,$-0.02B,inf%,$0.00B,$-0.02B,inf%,$0.00B,$-0.02B,inf%,$0.00B,$-0.02B,inf%,$-0.02B,$0.01B,-423.53%,$-0.02B,$0.01B,-423.53%,$-0.02B,$0.02B,-194.59%,$-0.02B,$0.01B,-400.00%,$0,$0,$0,$2,$3,$4,$-4,$1,$-4,$0,$-4,$-4,$-4,$-4,$-4,$0,0,$-144.14,$-144.14,$15,$0,$0,$15,$0,$0,$0,$0,$0,$16,$9,$0,$0,$0,$9,$0,$-48,$0,$7,$16,$-4,$0,$0,$0,$0,$0,$0,$0,$-0,$-2,$-0,$0,$0,$0,$0,$0,$0,$-0,$0,$-0,$0,$0,$12,$0,$0,$12,$9,$0,$0
35,2009-12-31,2748.0,$0.00,0.0,0,0.0,$-1125.50,0.0,$-744.74,0.0,$0.01B,$0.01B,1.06,$0.00B,$0.00B,0.04,$0.00B,0,nan%,$0.00B,$-0.02B,inf%,$0.00B,$-0.02B,inf%,$0.00B,$-0.02B,inf%,$0.00B,$-0.02B,inf%,$0.00B,$-0.02B,inf%,$-0.02B,$0.00B,-450.00%,$-0.02B,$0.00B,-450.00%,$-0.02B,$0.01B,-248.28%,$-0.02B,$0.00B,-425.00%,$0,$0,$0,$2,$2,$4,$-4,$-2,$-6,$0,$-6,$-6,$-6,$-4,$-4,$0,0,$-228.23,$-228.23,$6,$0,$0,$6,$1,$0,$0,$0,$1,$6,$5,$0,$0,$0,$6,$0,$-44,$0,$1,$6,$-18,$0,$0,$0,$0,$0,$0,$0,$1,$-12,$0,$0,$0,$0,$0,$0,$-0,$-0,$0,$-0,$0,$0,$8,$0,$0,$8,$-4,$0,$0
36,2009-09-30,1470.0,$0.00,0.0,0,0.0,$-1108.29,0.0,$-690.69,0.0,$0.01B,$0.00B,2.37,$0.00B,$0.01B,0.01,$0.00B,0,nan%,$0.00B,$-0.02B,inf%,$0.00B,$-0.02B,inf%,$0.00B,$-0.02B,inf%,$0.00B,$-0.02B,inf%,$0.00B,$-0.02B,inf%,$-0.02B,$0.01B,-266.67%,$-0.02B,$0.01B,-266.67%,$-0.02B,$0.01B,-193.94%,$-0.02B,$0.01B,-283.33%,$0,$0,$0,$2,$2,$4,$-4,$1,$-3,$0,$-3,$-3,$-3,$-4,$-4,$0,0,$-114.11,$-114.11,$9,$0,$0,$9,$0,$0,$0,$0,$0,$10,$4,$0,$0,$0,$4,$0,$-38,$0,$6,$10,$-12,$0,$0,$0,$0,$0,$0,$0,$0,$-8,$-0,$0,$0,$0,$0,$0,$-0,$-0,$0,$-0,$0,$0,$8,$0,$0,$8,$-1,$0,$0
37,2009-06-30,2724.0,$0.00,0.0,0,0.0,$-1067.80,0.0,$-726.73,0.0,$0.01B,$0.00B,2.52,$0.00B,$0.00B,0.0,$0.00B,0,nan%,$0.00B,$-0.02B,inf%,$0.00B,$-0.02B,inf%,$0.00B,$-0.02B,inf%,$0.00B,$-0.02B,inf%,$0.00B,$-0.02B,inf%,$-0.02B,$0.00B,-213.33%,$-0.02B,$0.00B,-213.33%,$-0.02B,$0.01B,-177.78%,$-0.02B,$0.00B,-213.33%,$0,$0,$0,$3,$2,$5,$-5,$-0,$-5,$0,$-5,$-5,$-5,$-5,$-5,$0,0,$-222.22,$-222.22,$4,$0,$0,$5,$0,$0,$0,$0,$0,$5,$2,$0,$0,$0,$2,$0,$-35,$0,$3,$5,$-9,$0,$0,$0,$0,$0,$0,$0,$0,$-5,$-0,$0,$0,$0,$0,$0,$-0,$-0,$0,$-0,$0,$0,$0,$0,$0,$-0,$-5,$0,$0
38,2009-03-31,3054.0,$0.00,0.0,0,0.0,$-1037.52,0.0,$-708.71,0.0,$0.01B,$0.00B,5.07,$0.00B,$0.01B,0.0,$0.00B,0,nan%,$0.00B,$-0.02B,inf%,$0.00B,$-0.02B,inf%,$0.00B,$-0.02B,inf%,$0.00B,$-0.02B,inf%,$0.00B,$-0.02B,inf%,$-0.02B,$0.01B,-146.34%,$-0.02B,$0.01B,-146.34%,$-0.02B,$0.01B,-127.66%,$-0.02B,$0.01B,-146.34%,$0,$0,$0,$1,$3,$4,$-4,$0,$-4,$0,$-4,$-4,$-4,$-4,$-4,$0,0,$-180.18,$-180.18,$7,$0,$0,$8,$0,$0,$0,$0,$0,$8,$1,$0,$0,$0,$1,$0,$-30,$0,$6,$8,$-4,$0,$0,$0,$0,$0,$0,$0,$-0,$-3,$-0,$0,$0,$0,$0,$0,$0,$-0,$0,$-0,$0,$0,$0,$0,$0,$-0,$-3,$0,$0
39,2008-12-31,3450.0,$0.00,0.0,0,0.0,$-1000.23,0.0,$-654.65,0.0,$0.01B,$0.00B,7.19,$0.00B,$0.01B,0.0,$0.00B,0,nan%,$0.00B,$-0.01B,inf%,$0.00B,$-0.01B,inf%,$0.00B,$-0.01B,inf%,$0.00B,$-0.01B,inf%,$0.00B,$-0.01B,inf%,$-0.01B,$0.01B,-127.27%,$-0.01B,$0.01B,-127.27%,$-0.01B,$0.01B,-112.00%,$-0.01B,$0.01B,-127.27%,$0,$0,$0,$2,$2,$4,$-4,$0,$-4,$0,$-4,$-4,$-4,$-4,$-4,$0,0,$-174.17,$-174.17,$10,$0,$0,$10,$1,$0,$0,$0,$1,$10,$1,$0,$0,$0,$1,$0,$-25,$0,$9,$10,$-14,$0,$0,$0,$0,$0,$0,$0,$-0,$-9,$-0,$0,$0,$0,$0,$10,$0,$10,$0,$-0,$0,$0,$8,$0,$0,$8,$8,$0,$0
