,Date,Stock Price,Book Value per Share,Price to Book Ratio,TTM Sales per Share,Price to Sales Ratio,TTM FCF per Share,Price to FCF Ratio,TTM Net EPS,PE Ratio,Current Assets,Current Liabilities,Current Ratio,Long Term Debt,Shareholder's Equity_x,Debt to Equity Ratio,TTM Revenue_x,TTM Gross Profit,Gross Margin,TTM Revenue_y,TTM Operating Income,Operating Margin,TTM Revenue_x,TTM EBIT,EBIT Margin,TTM Revenue_y,TTM EBITDA,EBITDA Margin,TTM Revenue_x,TTM Pre-Tax Income,Pre-Tax Margin,TTM Revenue_y,TTM Net Income_x,Net Margin,TTM Net Income_y,Shareholder's Equity_y,Return on Equity,TTM Net Income_x,Tangible Equity,Return on Tangible Equity,TTM Net Income_y,Total Assets,Return on Assets,TTM Net Income,LT Investments & Debt,Return on Investment,revenue,cost-goods-sold,gross-profit,research-development-expenses,selling-general-administrative-expenses,operating-expenses,operating-income,total-non-operating-income-expense,pre-tax-income,total-provision-income-taxes,income-after-taxes,income-from-continuous-operations,net-income,ebitda,ebit,basic-shares-outstanding,shares-outstanding,eps-basic-net-earnings-per-share,eps-earnings-per-share-diluted,cash-on-hand,inventory,other-current-assets,total-current-assets,net-property-plant-equipment,long-term-investments,goodwill-intangible-assets-total,other-long-term-assets,total-long-term-assets,total-assets,total-current-liabilities,long-term-debt,other-non-current-liabilities,total-long-term-liabilities,total-liabilities,common-stock-net,retained-earnings-accumulated-deficit,comprehensive-income,total-share-holder-equity,total-liabilities-share-holders-equity,net-income-loss,total-depreciation-amortization-cash-flow,other-non-cash-items,total-non-cash-items,change-in-accounts-receivable,change-in-inventories,change-in-accounts-payable,change-in-assets-liabilities,total-change-in-assets-liabilities,cash-flow-from-operating-activities,net-change-in-property-plant-equipment,net-change-in-intangible-assets,net-acquisitions-divestitures,net-change-in-short-term-investments,net-change-in-long-term-investments,net-change-in-investments-total,investing-activities-other,cash-flow-from-investing-activities,net-long-term-debt,net-current-debt,debt-issuance-retirement-net-total,net-common-equity-issued-repurchased,net-total-equity-issued-repurchased,total-common-preferred-stock-dividends-paid,financial-activities-other,cash-flow-from-financial-activities,net-cash-flow,stock-based-compensation,common-stock-dividends-paid
0,2018-09-30,37.27,$22.91,1.63,$10.79,3.45,$8.25,4.52,$2.59,14.39,$1.66B,$1.60B,1.03,$0.13B,$0.21B,0.65,$0.09B,$0.08B,84.04%,$0.09B,$0.03B,31.91%,$0.09B,0,0.00%,$0.09B,0,0.00%,$0.09B,$0.03B,31.91%,$0.09B,$0.02B,24.47%,$0.02B,$0.21B,11.73%,$0.02B,$0.19B,12.98%,$0.02B,$1.94B,1.23%,$0.03B,$0.34B,10.45%,$25,$5,$21,$0,$12,$17,$8,$0,$8,$2,$7,$7,$7,$0,$0,$9,9,$0.76,$0.76,$24,$0,$0,$1658,$55,$156,$20,$56,$286,$1944,$1604,$133,$0,$133,$1738,$0,$125,$-3,$206,$1944,$7,$0,$0,$1,$-1,$0,$0,$1,$-1,$7,$-0,$0,$0,$0,$-1,$-1,$-62,$-63,$42,$0,$42,$0,$0,$-1,$11,$52,$-4,$0,$-1
1,2018-06-30,38.89,$22.31,1.74,$10.48,3.71,$7.99,4.87,$2.39,16.27,$1.60B,$1.59B,1.0,$0.09B,$0.20B,0.46,$0.09B,$0.08B,83.52%,$0.09B,$0.03B,31.87%,$0.09B,0,0.00%,$0.09B,0,0.00%,$0.09B,$0.03B,31.87%,$0.09B,$0.02B,23.08%,$0.02B,$0.20B,11.13%,$0.02B,$0.18B,12.26%,$0.02B,$1.89B,1.15%,$0.03B,$0.29B,10.68%,$24,$4,$19,$0,$12,$17,$7,$0,$7,$2,$6,$6,$6,$0,$0,$9,9,$0.63,$0.63,$28,$0,$0,$1600,$55,$156,$20,$56,$286,$1886,$1594,$92,$0,$92,$1685,$0,$120,$-2,$201,$1886,$21,$4,$-0,$4,$-2,$0,$0,$8,$6,$31,$1,$0,$-2,$0,$-9,$-9,$-99,$-108,$21,$0,$21,$0,$0,$-4,$56,$73,$-4,$0,$-4
2,2018-03-31,36.36,$21.85,1.66,$10.33,3.52,$7.47,4.87,$2.25,16.16,$1.56B,$1.59B,0.98,$0.07B,$0.08B,0.81,$0.09B,$0.07B,84.88%,$0.09B,$0.03B,31.40%,$0.09B,0,0.00%,$0.09B,0,0.00%,$0.09B,$0.03B,31.40%,$0.09B,$0.02B,22.09%,$0.02B,$0.20B,10.45%,$0.02B,$0.18B,11.48%,$0.02B,$1.85B,1.07%,$0.03B,$0.26B,10.53%,$23,$4,$20,$0,$12,$16,$7,$0,$7,$2,$5,$5,$5,$0,$0,$9,9,$0.60,$0.60,$33,$0,$0,$1562,$55,$154,$20,$58,$287,$1850,$1588,$66,$0,$66,$1653,$0,$0,$-2,$196,$1850,$15,$3,$-0,$3,$-1,$0,$0,$7,$3,$21,$1,$0,$-2,$0,$-6,$-6,$-58,$-65,$-4,$0,$-4,$0,$0,$-3,$51,$43,$-0,$0,$-3
3,2017-12-31,37.23,$21.02,1.77,$10.07,3.7,$7.07,5.26,$2.18,17.08,$1.50B,$1.52B,0.98,$0.08B,$0.18B,0.41,$0.08B,$0.07B,83.95%,$0.08B,$0.03B,30.86%,$0.08B,0,0.00%,$0.08B,0,0.00%,$0.08B,$0.03B,30.86%,$0.08B,$0.02B,22.22%,$0.02B,$0.18B,10.83%,$0.02B,$0.17B,11.75%,$0.02B,$1.78B,1.07%,$0.03B,$0.26B,10.37%,$22,$4,$19,$0,$11,$15,$8,$0,$8,$3,$5,$5,$5,$0,$0,$9,9,$0.60,$0.60,$36,$0,$0,$1498,$53,$156,$15,$55,$279,$1777,$1521,$75,$0,$75,$1596,$0,$111,$-0,$181,$1777,$10,$2,$1,$3,$-3,$0,$0,$5,$-2,$12,$-0,$0,$0,$0,$-12,$-12,$-56,$-68,$10,$0,$10,$-0,$-0,$-2,$53,$61,$4,$0,$-2
4,2017-09-30,36.04,$20.61,1.75,$9.85,3.66,$6.99,5.16,$2.14,16.84,$1.48B,$1.49B,1.0,$0.10B,$0.18B,0.56,$0.08B,$0.06B,83.12%,$0.08B,$0.02B,29.87%,$0.08B,0,0.00%,$0.08B,0,0.00%,$0.08B,$0.02B,29.87%,$0.08B,$0.02B,22.08%,$0.02B,$0.18B,11.07%,$0.02B,$0.16B,11.93%,$0.02B,$1.76B,1.05%,$0.02B,$0.28B,9.56%,$22,$3,$18,$0,$11,$15,$7,$0,$7,$2,$5,$5,$5,$0,$0,$9,9,$0.57,$0.56,$26,$0,$0,$1484,$54,$156,$15,$55,$280,$1763,$1487,$100,$0,$100,$1586,$0,$106,$1,$177,$1763,$5,$1,$1,$2,$-2,$0,$0,$3,$-2,$5,$-0,$0,$0,$0,$-10,$-10,$-53,$-63,$38,$0,$38,$-0,$-0,$-1,$16,$53,$-6,$0,$-1
5,2017-06-30,31.75,$20.15,1.58,$9.70,3.27,$6.65,4.77,$2.08,15.26,$1.44B,$1.48B,0.97,$0.06B,$0.17B,0.34,$0.07B,$0.06B,83.56%,$0.07B,$0.02B,28.77%,$0.07B,0,0.00%,$0.07B,0,0.00%,$0.07B,$0.02B,28.77%,$0.07B,$0.02B,21.92%,$0.02B,$0.17B,11.31%,$0.02B,$0.16B,12.10%,$0.02B,$1.71B,1.04%,$0.02B,$0.23B,8.77%,$19,$3,$16,$0,$11,$14,$5,$0,$5,$2,$4,$4,$4,$0,$0,$7,8,$0.49,$0.48,$32,$0,$0,$1436,$54,$150,$15,$52,$272,$1708,$1476,$58,$0,$58,$1535,$0,$102,$1,$173,$1708,$16,$4,$3,$7,$-1,$0,$0,$3,$3,$26,$-2,$0,$-2,$0,$-8,$-8,$-111,$-123,$-84,$0,$-84,$24,$24,$-3,$168,$106,$8,$1,$-3
6,2017-03-31,34.85,$17.98,1.94,$9.40,3.71,$4.81,7.25,$2.08,16.75,$1.25B,$1.30B,0.97,$0.07B,$0.13B,0.5,$0.07B,$0.06B,83.10%,$0.07B,$0.02B,29.58%,$0.07B,0,0.00%,$0.07B,0,0.00%,$0.07B,$0.02B,29.58%,$0.07B,$0.02B,22.54%,$0.02B,$0.13B,12.33%,$0.02B,$0.13B,13.09%,$0.02B,$1.50B,1.09%,$0.02B,$0.20B,8.60%,$18,$3,$15,$0,$10,$12,$5,$0,$5,$1,$4,$4,$4,$0,$0,$7,7,$0.53,$0.53,$22,$0,$0,$1253,$47,$140,$7,$49,$243,$1496,$1296,$66,$0,$66,$1362,$0,$99,$-0,$134,$1496,$12,$3,$1,$4,$0,$0,$0,$1,$1,$17,$-1,$0,$0,$0,$-8,$-8,$-92,$-101,$-68,$0,$-68,$0,$0,$-2,$152,$82,$-2,$0,$-2
7,2016-12-31,34.61,$17.50,1.98,$9.16,3.78,$3.46,10.01,$2.00,17.31,$1.25B,$1.24B,1.01,$0.12B,$0.13B,0.94,$0.07B,$0.06B,84.06%,$0.07B,$0.02B,30.43%,$0.07B,0,0.00%,$0.07B,0,0.00%,$0.07B,$0.02B,30.43%,$0.07B,$0.02B,21.74%,$0.02B,$0.13B,11.83%,$0.02B,$0.12B,12.61%,$0.02B,$1.49B,1.05%,$0.02B,$0.25B,8.72%,$18,$3,$15,$0,$9,$12,$6,$0,$6,$2,$4,$4,$4,$0,$0,$7,7,$0.56,$0.56,$31,$0,$0,$1247,$46,$140,$7,$51,$245,$1492,$1240,$122,$0,$122,$1362,$0,$96,$-1,$130,$1492,$8,$2,$2,$4,$-2,$0,$0,$1,$-2,$10,$-0,$0,$0,$0,$-9,$-9,$-76,$-85,$-7,$0,$-7,$0,$0,$-1,$91,$83,$8,$0,$-1
8,2016-09-30,24.27,$17.32,1.4,$9.06,2.68,$2.46,9.88,$2.00,12.13,$1.23B,$1.20B,1.03,$0.14B,$0.13B,1.12,$0.07B,$0.06B,85.29%,$0.07B,$0.02B,30.88%,$0.07B,0,0.00%,$0.07B,0,0.00%,$0.07B,$0.02B,30.88%,$0.07B,$0.02B,22.06%,$0.02B,$0.13B,12.10%,$0.02B,$0.12B,12.93%,$0.02B,$1.47B,1.08%,$0.02B,$0.27B,9.30%,$18,$3,$15,$0,$10,$13,$5,$0,$5,$1,$4,$4,$4,$0,$0,$7,7,$0.50,$0.50,$22,$0,$0,$1232,$47,$133,$8,$50,$237,$1470,$1197,$144,$0,$144,$1341,$0,$93,$1,$129,$1470,$4,$1,$1,$2,$-3,$0,$0,$0,$-4,$1,$0,$0,$0,$0,$2,$2,$-68,$-66,$17,$0,$17,$0,$0,$-1,$47,$63,$-1,$0,$-1
9,2016-06-30,22.84,$16.94,1.35,$8.86,2.58,$2.28,10.04,$1.98,11.53,$1.16B,$1.15B,1.01,$0.13B,$0.13B,0.99,$0.07B,$0.06B,86.36%,$0.07B,$0.02B,31.82%,$0.07B,0,0.00%,$0.07B,0,0.00%,$0.07B,$0.02B,31.82%,$0.07B,$0.02B,22.73%,$0.02B,$0.13B,11.93%,$0.02B,$0.12B,12.77%,$0.02B,$1.40B,1.11%,$0.02B,$0.25B,9.73%,$17,$2,$14,$0,$9,$12,$5,$0,$5,$2,$4,$4,$4,$0,$0,$7,7,$0.50,$0.49,$23,$0,$0,$1164,$47,$138,$8,$47,$240,$1404,$1153,$125,$0,$125,$1278,$0,$90,$2,$126,$1404,$15,$3,$3,$5,$-2,$0,$-0,$0,$-2,$18,$-8,$0,$0,$0,$-1,$-1,$-91,$-100,$46,$0,$46,$0,$-20,$-3,$66,$88,$6,$0,$-3
10,2016-03-31,23.23,$16.44,1.41,$8.76,2.65,$2.76,8.41,$1.96,11.85,$1.12B,$1.16B,0.97,$0.06B,$0.12B,0.52,$0.07B,$0.06B,87.69%,$0.07B,$0.02B,32.31%,$0.07B,0,0.00%,$0.07B,0,0.00%,$0.07B,$0.02B,32.31%,$0.07B,$0.02B,23.08%,$0.02B,$0.12B,11.76%,$0.02B,$0.11B,12.61%,$0.02B,$1.34B,1.13%,$0.02B,$0.19B,10.19%,$16,$2,$14,$0,$9,$11,$5,$0,$5,$2,$3,$3,$3,$0,$0,$7,7,$0.45,$0.45,$19,$0,$0,$1118,$47,$135,$8,$37,$226,$1344,$1159,$63,$0,$63,$1222,$0,$87,$1,$122,$1344,$11,$2,$1,$3,$-1,$0,$-0,$1,$-1,$13,$-7,$0,$0,$0,$1,$1,$-40,$-46,$-12,$0,$-12,$0,$-20,$-2,$67,$33,$1,$0,$-2
11,2015-12-31,23.02,$16.05,1.43,$8.72,2.64,$3.32,6.95,$1.95,11.81,$1.11B,$1.15B,0.97,$0.07B,$0.12B,0.62,$0.07B,$0.06B,87.69%,$0.07B,$0.02B,32.31%,$0.07B,0,0.00%,$0.07B,0,0.00%,$0.07B,$0.02B,32.31%,$0.07B,$0.02B,23.08%,$0.02B,$0.12B,11.52%,$0.02B,$0.11B,12.35%,$0.02B,$1.34B,1.14%,$0.02B,$0.19B,9.87%,$17,$2,$15,$0,$8,$11,$6,$0,$6,$2,$4,$4,$4,$0,$0,$7,7,$0.56,$0.56,$26,$0,$0,$1111,$46,$135,$8,$38,$227,$1338,$1145,$74,$0,$74,$1218,$0,$84,$1,$119,$1338,$8,$1,$0,$1,$-1,$0,$-0,$1,$-1,$8,$-6,$0,$0,$0,$0,$0,$-25,$-30,$-10,$0,$-10,$0,$-20,$-1,$62,$31,$8,$0,$-1
12,2015-09-30,19.88,$18.30,1.09,$8.61,2.31,$3.77,5.27,$1.39,14.3,$1.10B,$1.09B,1.01,$0.10B,$0.12B,0.84,$0.07B,$0.06B,86.15%,$0.07B,$0.02B,30.77%,$0.07B,0,0.00%,$0.07B,0,0.00%,$0.07B,$0.02B,30.77%,$0.07B,$0.01B,21.54%,$0.01B,$0.14B,10.53%,$0.01B,$0.13B,11.29%,$0.01B,$1.32B,1.07%,$0.02B,$0.23B,9.24%,$16,$2,$14,$0,$8,$11,$5,$0,$5,$2,$4,$4,$4,$0,$0,$7,7,$0.48,$0.48,$20,$0,$0,$1095,$43,$135,$8,$39,$225,$1320,$1087,$97,$0,$97,$1184,$0,$81,$1,$136,$1320,$4,$1,$-0,$1,$-1,$0,$-0,$0,$-1,$3,$-3,$0,$0,$0,$1,$1,$-16,$-18,$14,$0,$14,$0,$0,$-1,$3,$16,$2,$0,$-1
13,2015-06-30,18.0,$17.88,1.01,$8.52,2.11,$4.33,4.16,$1.36,13.29,$1.08B,$1.09B,0.99,$0.08B,$0.11B,0.71,$0.06B,$0.06B,85.94%,$0.06B,$0.02B,31.25%,$0.06B,0,0.00%,$0.06B,0,0.00%,$0.06B,$0.02B,31.25%,$0.06B,$0.01B,20.31%,$0.01B,$0.13B,9.96%,$0.01B,$0.12B,10.70%,$0.01B,$1.30B,1.00%,$0.02B,$0.21B,9.06%,$16,$2,$14,$0,$8,$11,$5,$0,$5,$2,$4,$4,$4,$0,$0,$7,8,$0.47,$0.46,$19,$0,$0,$1077,$40,$136,$9,$38,$223,$1300,$1088,$79,$0,$79,$1167,$0,$78,$1,$133,$1300,$14,$2,$2,$4,$-0,$0,$0,$1,$2,$20,$-7,$0,$3,$0,$32,$32,$-55,$-26,$-35,$0,$-35,$-2,$-2,$-3,$48,$8,$2,$0,$-3
14,2015-03-31,17.94,$17.93,1.0,$8.20,2.19,$3.95,4.54,$1.28,14.02,$1.08B,$1.09B,0.99,$0.08B,$0.11B,0.71,$0.06B,$0.05B,86.67%,$0.06B,$0.02B,31.67%,$0.06B,0,0.00%,$0.06B,0,0.00%,$0.06B,$0.02B,31.67%,$0.06B,$0.01B,20.00%,$0.01B,$0.13B,9.60%,$0.01B,$0.12B,10.23%,$0.01B,$1.30B,0.98%,$0.02B,$0.21B,8.67%,$16,$2,$14,$0,$9,$11,$5,$0,$5,$1,$3,$3,$3,$0,$0,$7,8,$0.45,$0.44,$23,$0,$0,$1078,$37,$140,$9,$39,$225,$1303,$1090,$80,$0,$80,$1170,$0,$75,$2,$133,$1303,$10,$1,$1,$3,$0,$0,$0,$2,$2,$14,$-4,$0,$3,$0,$29,$29,$-51,$-23,$-34,$0,$-34,$0,$0,$-2,$50,$14,$6,$0,$-2
15,2014-12-31,17.97,$35.20,0.51,$7.66,2.35,$3.30,5.45,$1.16,15.49,$1.06B,$1.09B,0.97,$0.08B,$0.11B,0.71,$0.06B,$0.05B,85.71%,$0.06B,$0.02B,30.36%,$0.06B,0,0.00%,$0.06B,0,0.00%,$0.06B,$0.02B,30.36%,$0.06B,$0.01B,19.64%,$0.01B,$0.13B,9.28%,$0.01B,$0.12B,9.82%,$0.01B,$1.30B,0.95%,$0.02B,$0.21B,8.16%,$17,$2,$14,$0,$9,$12,$5,$0,$5,$1,$3,$3,$3,$0,$0,$7,8,$0.46,$0.45,$40,$0,$0,$1060,$36,$151,$9,$39,$236,$1296,$1089,$78,$0,$78,$1166,$0,$72,$1,$130,$1296,$7,$1,$1,$2,$-1,$0,$0,$1,$-1,$8,$-2,$0,$3,$0,$18,$18,$-20,$-1,$-43,$0,$-43,$0,$0,$-1,$55,$12,$18,$0,$-1
16,2014-09-30,16.91,$17.10,0.99,$8.98,1.88,$3.60,4.69,$1.53,11.09,$1.05B,$1.05B,1.0,$0.12B,$0.11B,1.16,$0.05B,$0.04B,86.27%,$0.05B,$0.02B,29.41%,$0.05B,0,0.00%,$0.05B,0,0.00%,$0.05B,$0.02B,29.41%,$0.05B,$0.01B,19.61%,$0.01B,$0.13B,8.91%,$0.01B,$0.12B,9.35%,$0.01B,$1.30B,0.94%,$0.02B,$0.25B,7.31%,$15,$2,$13,$0,$8,$11,$5,$0,$5,$1,$3,$3,$3,$0,$0,$7,7,$0.46,$0.44,$28,$0,$0,$1053,$34,$164,$10,$39,$247,$1300,$1050,$123,$0,$123,$1174,$0,$69,$1,$126,$1300,$3,$1,$1,$2,$-1,$0,$0,$1,$-1,$4,$-0,$0,$3,$0,$4,$4,$-25,$-17,$6,$0,$6,$0,$0,$-1,$14,$19,$6,$0,$-1
17,2014-06-30,16.74,$33.27,0.5,$8.44,1.98,$3.32,5.04,$1.45,11.54,$0.82B,$0.82B,1.01,$0.10B,$0.09B,1.05,$0.05B,$0.04B,86.96%,$0.05B,$0.01B,30.43%,$0.05B,0,0.00%,$0.05B,0,0.00%,$0.05B,$0.01B,30.43%,$0.05B,$0.01B,21.74%,$0.01B,$0.11B,9.39%,$0.01B,$0.11B,9.69%,$0.01B,$1.02B,1.05%,$0.01B,$0.21B,7.54%,$12,$2,$11,$0,$7,$9,$4,$0,$4,$1,$3,$3,$3,$0,$0,$7,7,$0.03,$0.03,$17,$0,$0,$822,$22,$136,$4,$37,$199,$1021,$815,$95,$0,$95,$910,$0,$67,$1,$111,$1021,$10,$3,$1,$4,$-0,$0,$-0,$0,$-1,$13,$-4,$0,$-6,$0,$28,$28,$-104,$-86,$55,$0,$55,$1,$1,$-2,$21,$74,$2,$0,$-2
18,2014-03-31,16.13,$16.22,0.99,$8.10,1.99,$3.41,4.73,$1.42,11.36,$0.79B,$0.83B,0.96,$0.06B,$0.09B,0.7,$0.04B,$0.04B,84.09%,$0.04B,$0.01B,29.55%,$0.04B,0,0.00%,$0.04B,0,0.00%,$0.04B,$0.01B,29.55%,$0.04B,$0.01B,20.45%,$0.01B,$0.11B,8.63%,$0.01B,$0.10B,8.85%,$0.01B,$0.99B,1.01%,$0.01B,$0.17B,7.75%,$12,$2,$10,$0,$7,$9,$3,$0,$3,$1,$2,$2,$2,$0,$0,$7,8,$0.33,$0.32,$20,$0,$0,$791,$24,$139,$4,$37,$204,$994,$826,$61,$0,$61,$887,$0,$65,$-0,$107,$994,$7,$2,$0,$3,$0,$0,$-0,$1,$-0,$10,$-4,$0,$-6,$0,$24,$24,$-69,$-55,$23,$0,$23,$0,$0,$-2,$30,$51,$5,$0,$-2
19,2013-12-31,15.45,$15.91,0.97,$8.00,1.93,$3.96,3.91,$1.46,10.62,$0.77B,$0.76B,1.03,$0.09B,$0.09B,1.07,$0.04B,$0.04B,83.33%,$0.04B,$0.01B,30.95%,$0.04B,0,0.00%,$0.04B,0,0.00%,$0.04B,$0.01B,30.95%,$0.04B,$0.01B,21.43%,$0.01B,$0.11B,8.76%,$0.01B,$0.10B,8.91%,$0.01B,$0.95B,1.07%,$0.01B,$0.20B,8.20%,$12,$2,$10,$0,$6,$8,$3,$0,$3,$1,$3,$3,$2,$0,$0,$3,3,$0.75,$0.73,$21,$0,$0,$774,$20,$119,$4,$34,$176,$950,$755,$91,$0,$91,$845,$0,$63,$-1,$105,$950,$5,$1,$0,$1,$-1,$0,$-0,$-0,$-2,$4,$-1,$0,$-4,$0,$-6,$-6,$-63,$-74,$48,$0,$48,$0,$0,$-1,$29,$76,$7,$0,$-1
20,2013-09-30,12.29,$15.65,0.79,$6.03,2.04,$3.04,4.04,$1.45,8.48,$0.69B,$0.66B,1.05,$0.07B,$0.08B,0.83,$0.04B,$0.03B,82.50%,$0.04B,$0.01B,35.00%,$0.04B,0,0.00%,$0.04B,0,0.00%,$0.04B,$0.01B,35.00%,$0.04B,$0.01B,22.50%,$0.01B,$0.10B,8.89%,$0.01B,$0.10B,8.98%,$0.01B,$0.83B,1.13%,$0.01B,$0.17B,9.84%,$10,$2,$9,$0,$5,$7,$4,$0,$4,$1,$3,$3,$3,$0,$0,$7,7,$0.38,$0.37,$11,$0,$0,$694,$19,$88,$1,$30,$138,$832,$660,$69,$0,$69,$729,$0,$61,$-1,$103,$832,$3,$1,$0,$1,$-1,$0,$0,$0,$-1,$2,$-1,$0,$0,$0,$-6,$-6,$-31,$-38,$31,$0,$31,$0,$0,$-1,$3,$34,$-2,$0,$-1
21,2013-06-30,11.8,$15.46,0.76,$6.02,1.96,$2.42,4.87,$1.44,8.19,$0.67B,$0.66B,1.0,$0.03B,$0.08B,0.39,$0.04B,$0.03B,80.00%,$0.04B,$0.01B,35.00%,$0.04B,0,0.00%,$0.04B,0,0.00%,$0.04B,$0.01B,35.00%,$0.04B,$0.01B,20.00%,$0.01B,$0.10B,8.02%,$0.01B,$0.10B,8.10%,$0.01B,$0.80B,1.03%,$0.01B,$0.13B,10.29%,$10,$2,$8,$0,$5,$7,$3,$0,$3,$1,$3,$3,$2,$0,$0,$7,7,$0.38,$0.37,$14,$0,$0,$665,$18,$83,$1,$30,$131,$796,$663,$32,$0,$32,$695,$0,$59,$-0,$102,$796,$10,$2,$2,$4,$-1,$0,$-0,$1,$1,$15,$-5,$0,$0,$0,$-10,$-10,$-68,$-83,$2,$0,$2,$0,$0,$-2,$48,$47,$-21,$0,$-2
22,2013-03-31,11.99,$15.45,0.78,$6.28,1.91,$1.62,7.42,$1.42,8.48,$0.66B,$0.66B,1.0,$0.03B,$0.08B,0.39,$0.04B,$0.03B,80.00%,$0.04B,$0.01B,35.00%,$0.04B,0,0.00%,$0.04B,0,0.00%,$0.04B,$0.01B,35.00%,$0.04B,$0.01B,20.00%,$0.01B,$0.10B,8.16%,$0.01B,$0.10B,8.27%,$0.01B,$0.79B,1.05%,$0.01B,$0.13B,10.45%,$10,$2,$8,$0,$5,$7,$3,$0,$3,$1,$2,$2,$2,$0,$0,$7,7,$0.37,$0.36,$42,$0,$0,$663,$16,$83,$1,$30,$131,$793,$661,$32,$0,$32,$693,$0,$57,$1,$101,$793,$8,$2,$1,$3,$1,$0,$-0,$1,$2,$13,$-4,$0,$0,$0,$-8,$-8,$-39,$-51,$2,$0,$2,$0,$0,$-2,$46,$46,$7,$0,$-1
23,2012-12-31,10.2,$15.19,0.67,$6.42,1.59,$0.76,13.5,$1.38,7.39,$0.64B,$0.64B,1.0,$0.03B,$0.08B,0.4,$0.04B,$0.03B,78.05%,$0.04B,$0.01B,34.15%,$0.04B,0,0.00%,$0.04B,0,0.00%,$0.04B,$0.01B,34.15%,$0.04B,$0.01B,19.51%,$0.01B,$0.10B,8.33%,$0.01B,$0.10B,8.47%,$0.01B,$0.77B,1.07%,$0.01B,$0.13B,10.61%,$10,$2,$8,$0,$5,$7,$4,$0,$4,$1,$2,$2,$2,$0,$0,$7,7,$0.37,$0.36,$18,$0,$0,$642,$15,$81,$1,$31,$128,$770,$640,$32,$0,$32,$671,$0,$55,$1,$99,$770,$5,$1,$1,$2,$-1,$0,$-0,$-2,$-3,$4,$-3,$0,$0,$0,$-2,$-2,$-41,$-47,$5,$0,$5,$0,$0,$-1,$22,$26,$-17,$0,$-1
24,2012-09-30,10.87,$14.92,0.73,$6.92,1.57,$1.02,10.63,$1.50,7.27,$0.62B,$0.60B,1.05,$0.05B,$0.08B,0.65,$0.04B,$0.03B,76.19%,$0.04B,$0.01B,33.33%,$0.04B,0,0.00%,$0.04B,0,0.00%,$0.04B,$0.01B,33.33%,$0.04B,$0.01B,21.43%,$0.01B,$0.10B,9.57%,$0.01B,$0.10B,9.73%,$0.01B,$0.74B,1.20%,$0.01B,$0.15B,10.59%,$10,$2,$8,$0,$5,$7,$4,$0,$4,$1,$3,$3,$2,$0,$0,$7,7,$0.37,$0.36,$11,$0,$0,$624,$13,$76,$1,$29,$119,$744,$597,$50,$0,$50,$647,$0,$53,$1,$97,$744,$3,$1,$1,$1,$-1,$0,$-0,$-2,$-5,$-1,$-2,$0,$0,$0,$3,$3,$-26,$-25,$19,$0,$19,$0,$0,$-1,$-13,$2,$-24,$0,$-0
25,2012-06-30,9.64,$14.41,0.67,$7.99,1.21,$1.62,5.95,$1.74,5.54,$0.62B,$0.61B,1.02,$0.03B,$0.08B,0.42,$0.04B,$0.03B,76.74%,$0.04B,$0.01B,32.56%,$0.04B,0,0.00%,$0.04B,0,0.00%,$0.04B,$0.01B,32.56%,$0.04B,$0.01B,23.26%,$0.01B,$0.10B,11.49%,$0.01B,$0.09B,11.73%,$0.01B,$0.74B,1.34%,$0.01B,$0.13B,11.38%,$10,$2,$8,$0,$5,$7,$3,$0,$3,$1,$2,$2,$2,$0,$0,$6,6,$0.28,$0.26,$35,$0,$0,$622,$11,$78,$1,$26,$117,$739,$613,$32,$0,$32,$644,$0,$51,$1,$95,$739,$10,$2,$0,$2,$-1,$0,$-0,$1,$-5,$7,$-3,$0,$0,$0,$-13,$-13,$-37,$-53,$-9,$0,$-9,$20,$30,$-2,$25,$45,$-0,$0,$-1
26,2012-03-31,11.42,$14.25,0.8,$8.78,1.3,$4.15,2.75,$2.00,5.73,$0.64B,$0.63B,1.02,$0.03B,$0.07B,0.44,$0.04B,$0.03B,75.00%,$0.04B,$0.02B,34.09%,$0.04B,0,0.00%,$0.04B,0,0.00%,$0.04B,$0.02B,34.09%,$0.04B,$0.01B,22.73%,$0.01B,$0.09B,12.94%,$0.01B,$0.09B,13.25%,$0.01B,$0.75B,1.37%,$0.02B,$0.12B,12.99%,$11,$2,$8,$0,$5,$8,$3,$0,$3,$1,$2,$2,$2,$0,$0,$6,7,$0.33,$0.32,$88,$0,$0,$637,$11,$77,$2,$24,$114,$751,$627,$32,$0,$32,$659,$0,$49,$1,$93,$751,$8,$1,$-1,$1,$1,$0,$-0,$1,$-3,$6,$-3,$0,$0,$0,$-11,$-11,$1,$-13,$-8,$0,$-8,$20,$30,$-1,$39,$61,$53,$0,$-1
27,2011-12-31,9.97,$14.03,0.71,$9.75,1.02,$6.38,1.56,$2.11,4.74,$0.67B,$0.64B,1.04,$0.04B,$0.07B,0.57,$0.04B,$0.03B,75.00%,$0.04B,$0.02B,34.09%,$0.04B,0,0.00%,$0.04B,0,0.00%,$0.04B,$0.02B,34.09%,$0.04B,$0.01B,22.73%,$0.01B,$0.09B,14.87%,$0.01B,$0.09B,15.27%,$0.01B,$0.77B,1.39%,$0.02B,$0.13B,13.89%,$11,$3,$8,$0,$4,$7,$4,$0,$4,$1,$3,$3,$3,$0,$0,$5,5,$0.49,$0.48,$119,$0,$0,$666,$10,$78,$2,$16,$106,$773,$641,$41,$0,$41,$681,$0,$48,$1,$91,$773,$6,$1,$0,$1,$2,$0,$-0,$0,$-2,$4,$-2,$0,$0,$0,$-11,$-11,$11,$-3,$5,$0,$5,$20,$30,$-1,$49,$83,$85,$0,$-1
28,2011-09-30,9.1,$16.42,0.55,$11.36,0.8,$7.64,1.19,$2.91,3.13,$0.62B,$0.61B,1.03,$0.04B,$0.05B,0.83,$0.05B,$0.04B,79.17%,$0.05B,$0.02B,41.67%,$0.05B,0,0.00%,$0.05B,0,0.00%,$0.05B,$0.02B,41.67%,$0.05B,$0.01B,25.00%,$0.01B,$0.07B,20.96%,$0.01B,$0.07B,21.72%,$0.01B,$0.72B,1.72%,$0.02B,$0.11B,20.41%,$11,$3,$9,$0,$4,$7,$4,$0,$4,$1,$3,$3,$3,$0,$0,$4,4,$0.63,$0.61,$56,$0,$0,$624,$8,$68,$2,$16,$94,$718,$609,$41,$0,$41,$650,$0,$45,$1,$69,$718,$3,$0,$0,$1,$-1,$0,$-0,$0,$-2,$1,$-0,$0,$0,$0,$-1,$-1,$-8,$-9,$0,$0,$0,$0,$10,$-0,$19,$29,$21,$0,$-0
29,2011-06-30,9.12,$13.28,0.69,$10.66,0.86,$7.92,1.15,$2.59,3.53,$0.60B,$0.59B,1.01,$0.04B,$0.05B,0.88,$0.05B,$0.03B,75.56%,$0.05B,$0.02B,40.00%,$0.05B,0,0.00%,$0.05B,0,0.00%,$0.05B,$0.02B,40.00%,$0.05B,$0.01B,22.22%,$0.01B,$0.06B,19.32%,$0.01B,$0.05B,20.10%,$0.01B,$0.69B,1.51%,$0.02B,$0.10B,19.00%,$11,$3,$8,$0,$4,$7,$4,$0,$4,$1,$3,$3,$2,$0,$0,$4,4,$0.60,$0.57,$35,$0,$0,$595,$8,$66,$2,$17,$93,$688,$592,$41,$0,$41,$632,$0,$43,$1,$56,$688,$11,$1,$-3,$-2,$-0,$0,$-0,$1,$5,$14,$-0,$0,$38,$0,$2,$2,$-26,$14,$-32,$0,$-32,$0,$0,$-1,$6,$-27,$1,$0,$-1
30,2011-03-31,9.75,$12.60,0.77,$9.98,0.98,$6.35,1.53,$2.24,4.35,$0.61B,$0.61B,1.0,$0.04B,$0.04B,0.94,$0.04B,$0.03B,73.81%,$0.04B,$0.02B,38.10%,$0.04B,0,0.00%,$0.04B,0,0.00%,$0.04B,$0.02B,38.10%,$0.04B,$0.01B,21.43%,$0.01B,$0.05B,18.27%,$0.01B,$0.05B,19.05%,$0.01B,$0.70B,1.44%,$0.02B,$0.09B,16.89%,$11,$3,$8,$0,$5,$8,$3,$0,$3,$1,$2,$2,$2,$0,$0,$4,4,$0.44,$0.43,$54,$0,$0,$609,$8,$67,$2,$17,$94,$702,$609,$41,$0,$41,$650,$0,$41,$-0,$53,$702,$9,$1,$-2,$-1,$1,$0,$-0,$0,$4,$12,$-1,$0,$38,$0,$0,$0,$-20,$18,$-32,$0,$-32,$0,$0,$-1,$23,$-10,$20,$0,$-1
31,2010-12-31,7.49,$12.22,0.61,$9.20,0.81,$4.50,1.66,$2.04,3.68,$0.59B,$0.60B,1.0,$0.04B,$0.04B,0.98,$0.04B,$0.03B,71.79%,$0.04B,$0.01B,35.90%,$0.04B,0,0.00%,$0.04B,0,0.00%,$0.04B,$0.01B,35.90%,$0.04B,$0.01B,20.51%,$0.01B,$0.05B,16.93%,$0.01B,$0.05B,17.68%,$0.01B,$0.69B,1.37%,$0.01B,$0.09B,14.70%,$15,$3,$13,$0,$4,$7,$9,$0,$9,$3,$6,$6,$5,$0,$0,$4,4,$1.31,$1.28,$30,$0,$0,$594,$8,$73,$2,$11,$94,$688,$597,$41,$0,$41,$637,$0,$39,$-0,$51,$688,$7,$1,$-4,$-3,$-1,$0,$0,$3,$3,$7,$-1,$0,$38,$0,$-3,$-3,$-27,$7,$-26,$0,$-26,$0,$0,$-1,$7,$-19,$-4,$0,$-1
32,2010-09-30,6.68,$11.20,0.6,$7.42,0.9,$3.14,2.13,$1.01,6.65,$0.47B,$0.47B,1.01,$0.05B,$0.04B,1.36,$0.03B,$0.02B,62.50%,$0.03B,$0.01B,21.88%,$0.03B,0,0.00%,$0.03B,0,0.00%,$0.03B,$0.01B,21.88%,$0.03B,$0.00B,12.50%,$0.00B,$0.05B,8.74%,$0.00B,$0.05B,9.20%,$0.00B,$0.57B,0.73%,$0.01B,$0.10B,7.12%,$8,$3,$5,$0,$3,$6,$2,$0,$2,$1,$1,$1,$1,$0,$0,$4,4,$0.28,$0.28,$33,$0,$0,$472,$8,$68,$2,$16,$93,$565,$468,$51,$0,$51,$518,$0,$34,$1,$47,$565,$1,$0,$1,$1,$-1,$0,$0,$0,$-0,$2,$-0,$0,$0,$0,$2,$2,$-17,$-15,$-1,$0,$-1,$0,$0,$-0,$13,$11,$-2,$0,$0
33,2010-06-30,6.41,$10.93,0.59,$7.31,0.88,$2.72,2.36,$0.98,6.54,$0.46B,$0.46B,1.0,$0.05B,$0.04B,1.4,$0.03B,$0.02B,62.50%,$0.03B,$0.01B,18.75%,$0.03B,0,0.00%,$0.03B,0,0.00%,$0.03B,$0.01B,18.75%,$0.03B,$0.00B,12.50%,$0.00B,$0.05B,8.89%,$0.00B,$0.04B,9.36%,$0.00B,$0.55B,0.75%,$0.01B,$0.10B,5.80%,$8,$3,$5,$0,$3,$6,$2,$0,$2,$1,$1,$1,$1,$0,$0,$4,4,$0.26,$0.25,$34,$0,$0,$456,$8,$70,$2,$16,$96,$552,$456,$51,$0,$51,$506,$0,$33,$1,$46,$552,$5,$1,$0,$2,$-0,$0,$-0,$-1,$-2,$5,$2,$0,$10,$0,$-5,$-5,$-39,$-31,$-29,$0,$-29,$0,$0,$-1,$82,$52,$25,$0,$-1
34,2010-03-31,6.02,$10.77,0.56,$7.11,0.85,$2.64,2.28,$0.95,6.37,$0.44B,$0.44B,0.99,$0.05B,$0.04B,1.43,$0.03B,$0.02B,61.29%,$0.03B,$0.01B,19.35%,$0.03B,0,0.00%,$0.03B,0,0.00%,$0.03B,$0.01B,19.35%,$0.03B,$0.00B,12.90%,$0.00B,$0.05B,9.09%,$0.00B,$0.04B,9.58%,$0.00B,$0.54B,0.78%,$0.01B,$0.10B,5.38%,$8,$3,$5,$0,$3,$6,$1,$0,$1,$0,$1,$1,$1,$0,$0,$4,4,$0.23,$0.23,$41,$0,$0,$440,$10,$71,$2,$17,$99,$539,$443,$51,$0,$51,$494,$0,$32,$1,$45,$539,$3,$1,$-0,$1,$0,$0,$-0,$-1,$-1,$3,$0,$0,$10,$0,$-5,$-5,$-14,$-9,$-30,$0,$-30,$0,$0,$-1,$71,$40,$33,$0,$0
35,2009-12-31,4.94,$10.68,0.46,$6.97,0.71,$2.94,1.68,$0.93,5.31,$0.44B,$0.43B,1.02,$0.06B,$0.04B,1.72,$0.03B,$0.02B,60.00%,$0.03B,$0.01B,20.00%,$0.03B,0,0.00%,$0.03B,0,0.00%,$0.03B,$0.01B,20.00%,$0.03B,$0.00B,13.33%,$0.00B,$0.05B,9.30%,$0.00B,$0.04B,9.82%,$0.00B,$0.53B,0.81%,$0.01B,$0.10B,5.10%,$8,$3,$5,$0,$3,$6,$2,$0,$2,$0,$1,$1,$1,$0,$0,$4,4,$0.25,$0.25,$33,$0,$0,$438,$9,$67,$2,$16,$95,$533,$429,$60,$0,$60,$489,$0,$32,$1,$45,$533,$2,$1,$0,$1,$-0,$0,$-0,$-2,$-2,$1,$0,$0,$10,$0,$-2,$-2,$-20,$-11,$-21,$0,$-21,$0,$0,$-1,$56,$35,$24,$0,$-1
36,2009-09-30,4.49,$10.43,0.43,$6.66,0.67,$3.14,1.43,$0.68,6.61,$0.42B,$0.40B,1.07,$0.08B,$0.03B,2.18,$0.03B,$0.02B,58.62%,$0.03B,$0.01B,17.24%,$0.03B,0,0.00%,$0.03B,0,0.00%,$0.03B,$0.01B,17.24%,$0.03B,$0.00B,13.79%,$0.00B,$0.04B,9.58%,$0.00B,$0.04B,10.00%,$0.00B,$0.52B,0.85%,$0.01B,$0.12B,3.94%,$8,$3,$5,$0,$3,$6,$1,$0,$1,$0,$1,$1,$1,$0,$0,$4,4,$0.26,$0.26,$15,$0,$0,$423,$9,$66,$2,$14,$91,$515,$396,$75,$0,$75,$471,$0,$31,$1,$44,$515,$1,$0,$-0,$0,$-1,$0,$-0,$-0,$-1,$0,$0,$0,$10,$0,$0,$0,$-22,$-12,$-12,$0,$-12,$0,$0,$-0,$31,$18,$6,$0,$0
37,2009-06-30,4.09,$10.06,0.41,$6.36,0.64,$3.23,1.27,$0.43,9.63,$0.38B,$0.34B,1.12,$0.09B,$0.03B,2.64,$0.03B,$0.02B,57.14%,$0.03B,$0.01B,17.86%,$0.03B,0,0.00%,$0.03B,0,0.00%,$0.03B,$0.01B,17.86%,$0.03B,$0.00B,14.29%,$0.00B,$0.04B,10.39%,$0.00B,$0.04B,10.88%,$0.00B,$0.47B,0.89%,$0.01B,$0.13B,3.87%,$7,$3,$4,$0,$3,$5,$2,$0,$2,$1,$1,$1,$1,$0,$0,$4,4,$0.22,$0.22,$8,$0,$0,$380,$8,$65,$2,$12,$87,$466,$338,$86,$0,$86,$424,$0,$30,$0,$42,$466,$4,$1,$1,$2,$0,$0,$-0,$0,$1,$7,$-0,$0,$0,$0,$-22,$-22,$-25,$-48,$17,$0,$17,$-1,$8,$-1,$20,$43,$2,$0,$-1
38,2009-03-31,4.39,$9.85,0.45,$6.25,0.7,$2.62,1.68,$0.21,20.91,$0.37B,$0.34B,1.11,$0.08B,$0.03B,2.51,$0.03B,$0.02B,57.14%,$0.03B,$0.01B,17.86%,$0.03B,0,0.00%,$0.03B,0,0.00%,$0.03B,$0.01B,17.86%,$0.03B,$0.00B,14.29%,$0.00B,$0.04B,11.27%,$0.00B,$0.04B,11.76%,$0.00B,$0.46B,0.91%,$0.01B,$0.12B,4.07%,$7,$3,$4,$0,$3,$5,$1,$0,$1,$0,$1,$1,$1,$0,$0,$4,4,$0.21,$0.21,$9,$0,$0,$371,$8,$63,$2,$12,$85,$456,$335,$80,$0,$80,$414,$0,$29,$-0,$41,$456,$3,$1,$1,$2,$-0,$0,$-0,$0,$-0,$5,$-0,$0,$0,$0,$-21,$-21,$-17,$-38,$13,$0,$13,$-1,$8,$-1,$14,$35,$1,$0,$-1
39,2008-12-31,4.45,$9.64,0.46,$6.17,0.72,$2.33,1.91,$0.20,22.27,$0.37B,$0.31B,1.18,$0.10B,$0.03B,3.23,$0.03B,$0.02B,57.14%,$0.03B,$0.01B,17.86%,$0.03B,0,0.00%,$0.03B,0,0.00%,$0.03B,$0.01B,17.86%,$0.03B,$0.00B,14.29%,$0.00B,$0.04B,12.12%,$0.00B,$0.04B,12.70%,$0.00B,$0.45B,0.94%,$0.01B,$0.14B,4.27%,$7,$3,$4,$0,$2,$5,$1,$0,$1,$0,$1,$1,$1,$0,$0,$4,4,$0.20,$0.20,$13,$0,$0,$368,$8,$63,$2,$12,$85,$453,$313,$100,$0,$100,$413,$0,$29,$-0,$40,$453,$2,$0,$1,$1,$-1,$0,$-0,$0,$-1,$2,$-0,$0,$0,$0,$-21,$-21,$-9,$-31,$32,$0,$32,$-1,$8,$-1,$-6,$34,$5,$0,$-1
40,2008-09-30,5.19,$7.04,0.74,$6.22,0.84,$2.34,2.22,$0.40,13.14,$0.36B,$0.30B,1.21,$0.10B,$0.03B,3.12,$0.03B,$0.02B,53.57%,$0.03B,$0.01B,17.86%,$0.03B,0,0.00%,$0.03B,0,0.00%,$0.03B,$0.01B,17.86%,$0.03B,$0.00B,14.29%,$0.00B,$0.03B,13.11%,$0.00B,$0.03B,13.91%,$0.00B,$0.43B,0.97%,$0.01B,$0.13B,4.75%,$7,$3,$4,$0,$2,$5,$1,$0,$1,$0,$1,$1,$1,$0,$0,$4,4,$0.21,$0.21,$8,$0,$0,$362,$8,$44,$2,$12,$66,$429,$301,$97,$0,$97,$398,$0,$28,$-1,$31,$429,$1,$0,$1,$1,$-1,$0,$-0,$0,$-1,$1,$-0,$0,$0,$0,$-3,$-3,$-8,$-11,$25,$0,$25,$0,$0,$-0,$-14,$10,$-0,$0,$-0
41,2008-06-30,6.11,$6.95,0.88,$6.24,0.98,$2.26,2.7,$0.58,10.63,$0.35B,$0.32B,1.12,$0.07B,$0.03B,2.34,$0.03B,$0.01B,50.00%,$0.03B,$0.01B,17.86%,$0.03B,0,0.00%,$0.03B,0,0.00%,$0.03B,$0.01B,17.86%,$0.03B,$0.00B,14.29%,$0.00B,$0.03B,13.33%,$0.00B,$0.03B,14.16%,$0.00B,$0.42B,1.00%,$0.01B,$0.10B,5.06%,$7,$3,$4,$0,$2,$5,$2,$0,$2,$1,$1,$1,$1,$0,$0,$4,4,$0.23,$0.24,$8,$0,$0,$354,$8,$43,$2,$10,$64,$418,$316,$71,$0,$71,$387,$0,$27,$-1,$30,$418,$4,$1,$-0,$1,$-1,$0,$-0,$0,$-1,$4,$0,$0,$0,$0,$-6,$-6,$-34,$-40,$14,$0,$14,$-1,$-1,$-1,$22,$35,$-1,$0,$-1
42,2008-03-31,5.92,$6.95,0.85,$6.17,0.96,$2.17,2.73,$0.76,7.84,$0.34B,$0.31B,1.1,$0.07B,$0.03B,2.15,$0.03B,$0.01B,46.43%,$0.03B,$0.00B,14.29%,$0.03B,0,0.00%,$0.03B,0,0.00%,$0.03B,$0.00B,14.29%,$0.03B,$0.00B,14.29%,$0.00B,$0.03B,13.45%,$0.00B,$0.03B,14.41%,$0.00B,$0.41B,1.02%,$0.00B,$0.10B,4.18%,$7,$3,$4,$0,$2,$6,$1,$0,$1,$0,$1,$1,$1,$0,$0,$4,4,$0.21,$0.20,$5,$0,$0,$338,$8,$47,$2,$10,$67,$405,$307,$67,$0,$67,$374,$0,$27,$0,$31,$405,$3,$1,$-0,$1,$-0,$0,$-0,$0,$-0,$3,$0,$0,$0,$0,$-8,$-8,$-20,$-27,$10,$0,$10,$-0,$-0,$-1,$12,$22,$-2,$0,$-1
43,2007-12-31,5.45,$6.86,0.79,$6.01,0.91,$2.12,2.58,$0.70,7.78,$0.33B,$0.30B,1.11,$0.06B,$0.03B,2.14,$0.03B,$0.01B,44.44%,$0.03B,$0.00B,14.81%,$0.03B,0,0.00%,$0.03B,0,0.00%,$0.03B,$0.00B,14.81%,$0.03B,$0.00B,14.81%,$0.00B,$0.03B,13.68%,$0.00B,$0.03B,14.81%,$0.00B,$0.39B,1.05%,$0.00B,$0.09B,4.13%,$7,$4,$3,$0,$2,$6,$1,$0,$1,$0,$1,$1,$1,$0,$0,$4,4,$0.20,$0.20,$9,$0,$0,$332,$8,$41,$2,$9,$61,$393,$299,$64,$0,$64,$363,$0,$26,$0,$30,$393,$2,$0,$0,$0,$-1,$0,$0,$0,$-0,$2,$0,$0,$0,$0,$-3,$-3,$-8,$-10,$8,$0,$8,$-1,$-1,$-0,$4,$10,$2,$0,$-0
44,2007-09-30,5.79,$6.65,0.87,$5.83,0.99,$2.33,2.48,$0.67,8.7,$0.33B,$0.28B,1.15,$0.07B,$0.03B,2.49,$0.03B,$0.01B,46.15%,$0.03B,$0.00B,15.38%,$0.03B,0,0.00%,$0.03B,0,0.00%,$0.03B,$0.00B,15.38%,$0.03B,$0.00B,15.38%,$0.00B,$0.03B,13.91%,$0.00B,$0.03B,15.09%,$0.00B,$0.39B,1.07%,$0.00B,$0.10B,4.05%,$7,$4,$3,$0,$2,$6,$1,$0,$1,$0,$1,$1,$1,$0,$0,$4,4,$0.19,$0.18,$5,$0,$0,$328,$9,$38,$2,$10,$58,$386,$284,$73,$0,$73,$357,$0,$25,$-0,$29,$386,$1,$0,$0,$0,$-1,$0,$-0,$-0,$-1,$0,$0,$0,$0,$0,$-0,$-0,$-7,$-7,$10,$0,$10,$-0,$-0,$-0,$-4,$5,$-2,$0,$-0
45,2007-06-30,5.74,$6.48,0.89,$5.67,1.01,$2.50,2.3,$0.65,8.84,$0.32B,$0.29B,1.11,$0.06B,$0.03B,2.13,$0.03B,$0.01B,48.00%,$0.03B,$0.00B,16.00%,$0.03B,0,0.00%,$0.03B,0,0.00%,$0.03B,$0.00B,16.00%,$0.03B,$0.00B,16.00%,$0.00B,$0.03B,14.16%,$0.00B,$0.03B,15.38%,$0.00B,$0.38B,1.09%,$0.00B,$0.09B,4.06%,$7,$4,$3,$0,$2,$6,$1,$0,$1,$0,$1,$1,$1,$0,$0,$4,5,$0.19,$0.18,$7,$0,$0,$322,$9,$38,$2,$10,$58,$380,$290,$61,$0,$61,$351,$0,$25,$-0,$29,$380,$3,$1,$0,$1,$-0,$0,$0,$-0,$-0,$4,$-0,$0,$0,$0,$4,$4,$-32,$-28,$14,$0,$14,$-0,$-0,$-1,$12,$25,$1,$0,$-1
46,2007-03-31,5.91,$6.39,0.92,$5.52,1.07,$2.30,2.57,$0.65,9.17,$0.31B,$0.27B,1.16,$0.07B,$0.03B,2.58,$0.02B,$0.01B,50.00%,$0.02B,$0.00B,16.67%,$0.02B,0,0.00%,$0.02B,0,0.00%,$0.02B,$0.00B,16.67%,$0.02B,$0.00B,16.67%,$0.00B,$0.03B,14.41%,$0.00B,$0.03B,15.84%,$0.00B,$0.37B,1.11%,$0.00B,$0.10B,4.17%,$6,$3,$3,$0,$2,$5,$1,$0,$1,$0,$1,$1,$1,$0,$0,$4,5,$0.15,$0.15,$5,$0,$0,$309,$9,$40,$2,$9,$60,$369,$266,$74,$0,$74,$340,$0,$24,$-0,$29,$369,$2,$1,$0,$1,$-0,$0,$0,$0,$0,$3,$-0,$0,$0,$0,$2,$2,$-21,$-19,$23,$0,$23,$0,$0,$-1,$-8,$15,$-1,$0,$-1
47,2006-12-31,5.77,$6.27,0.92,$5.36,1.08,$2.00,2.88,$0.36,16.02,$0.31B,$0.26B,1.15,$0.07B,$0.03B,2.59,$0.02B,$0.01B,50.00%,$0.02B,$0.00B,16.67%,$0.02B,0,0.00%,$0.02B,0,0.00%,$0.02B,$0.00B,16.67%,$0.02B,$0.00B,16.67%,$0.00B,$0.03B,14.81%,$0.00B,$0.03B,16.16%,$0.00B,$0.37B,1.12%,$0.00B,$0.10B,4.36%,$6,$3,$3,$0,$2,$5,$1,$0,$1,$0,$1,$1,$1,$0,$0,$4,5,$0.16,$0.16,$9,$0,$0,$305,$9,$41,$2,$9,$61,$365,$264,$73,$0,$73,$337,$0,$24,$-0,$28,$365,$1,$0,$0,$1,$-0,$0,$0,$0,$1,$3,$-0,$0,$0,$0,$1,$1,$-13,$-12,$18,$0,$18,$0,$0,$-0,$-7,$11,$3,$0,$-0
