,Date,Stock Price,Book Value per Share,Price to Book Ratio,TTM Sales per Share,Price to Sales Ratio,TTM FCF per Share,Price to FCF Ratio,TTM Net EPS,PE Ratio,Current Assets,Current Liabilities,Current Ratio,Long Term Debt,Shareholder's Equity_x,Debt to Equity Ratio,TTM Revenue_x,TTM Gross Profit,Gross Margin,TTM Revenue_y,TTM Operating Income,Operating Margin,TTM Revenue_x,TTM EBIT,EBIT Margin,TTM Revenue_y,TTM EBITDA,EBITDA Margin,TTM Revenue_x,TTM Pre-Tax Income,Pre-Tax Margin,TTM Revenue_y,TTM Net Income_x,Net Margin,TTM Net Income_y,Shareholder's Equity_y,Return on Equity,TTM Net Income_x,Tangible Equity,Return on Tangible Equity,TTM Net Income_y,Total Assets,Return on Assets,TTM Net Income,LT Investments & Debt,Return on Investment,revenue,cost-goods-sold,gross-profit,research-development-expenses,selling-general-administrative-expenses,operating-expenses,operating-income,total-non-operating-income-expense,pre-tax-income,total-provision-income-taxes,income-after-taxes,income-from-continuous-operations,net-income,ebitda,ebit,basic-shares-outstanding,shares-outstanding,eps-basic-net-earnings-per-share,eps-earnings-per-share-diluted,cash-on-hand,inventory,other-current-assets,total-current-assets,net-property-plant-equipment,long-term-investments,goodwill-intangible-assets-total,other-long-term-assets,total-long-term-assets,total-assets,total-current-liabilities,long-term-debt,other-non-current-liabilities,total-long-term-liabilities,total-liabilities,common-stock-net,retained-earnings-accumulated-deficit,comprehensive-income,total-share-holder-equity,total-liabilities-share-holders-equity,net-income-loss,total-depreciation-amortization-cash-flow,other-non-cash-items,total-non-cash-items,change-in-accounts-receivable,change-in-inventories,change-in-accounts-payable,change-in-assets-liabilities,total-change-in-assets-liabilities,cash-flow-from-operating-activities,net-change-in-property-plant-equipment,net-change-in-intangible-assets,net-acquisitions-divestitures,net-change-in-short-term-investments,net-change-in-long-term-investments,net-change-in-investments-total,investing-activities-other,cash-flow-from-investing-activities,net-long-term-debt,net-current-debt,debt-issuance-retirement-net-total,net-common-equity-issued-repurchased,net-total-equity-issued-repurchased,total-common-preferred-stock-dividends-paid,financial-activities-other,cash-flow-from-financial-activities,net-cash-flow,stock-based-compensation,common-stock-dividends-paid
0,2018-09-30,23.55,$19.74,1.19,$7.91,2.98,$3.10,7.6,$0.96,24.53,$1.71B,$1.74B,0.99,$0.06B,$0.25B,0.26,$0.09B,$0.08B,85.56%,$0.09B,$0.02B,25.56%,$0.09B,0,0.00%,$0.09B,0,0.00%,$0.09B,$0.02B,21.11%,$0.09B,$0.01B,12.22%,$0.01B,$0.25B,4.81%,$0.01B,$0.18B,6.52%,$0.01B,$2.05B,0.58%,$0.02B,$0.32B,8.19%,$25,$4,$21,$0,$14,$18,$6,$-1,$6,$1,$4,$4,$4,$0,$0,$13,13,$0.34,$0.34,$130,$0,$0,$1708,$51,$184,$68,$40,$343,$2051,$1735,$64,$0,$64,$1799,$13,$34,$-4,$252,$2051,$12,$-1,$1,$0,$-1,$0,$0,$5,$5,$17,$2,$0,$6,$0,$-4,$-4,$-80,$-77,$17,$-7,$10,$2,$2,$0,$66,$77,$17,$0,$0
1,2018-06-30,25.76,$19.48,1.32,$7.60,3.39,$2.19,11.78,$0.82,31.41,$1.74B,$1.74B,1.0,$0.07B,$0.25B,0.29,$0.08B,$0.07B,86.08%,$0.08B,$0.02B,25.32%,$0.08B,0,0.00%,$0.08B,0,0.00%,$0.08B,$0.02B,20.25%,$0.08B,$0.01B,11.39%,$0.01B,$0.25B,4.51%,$0.01B,$0.18B,5.80%,$0.01B,$2.06B,0.54%,$0.02B,$0.32B,8.41%,$25,$3,$21,$0,$15,$18,$6,$-1,$5,$1,$4,$4,$4,$0,$0,$12,12,$0.32,$0.32,$170,$0,$0,$1739,$52,$165,$68,$38,$324,$2062,$1743,$72,$0,$72,$1815,$13,$29,$-3,$247,$2062,$7,$2,$1,$3,$-0,$0,$0,$2,$2,$12,$1,$0,$6,$0,$16,$16,$-73,$-51,$24,$-5,$19,$1,$1,$0,$75,$96,$57,$0,$0
2,2018-03-31,23.56,$18.60,1.27,$7.14,3.3,$1.64,14.36,$0.70,33.66,$1.46B,$1.52B,0.96,$0.03B,$0.21B,0.14,$0.07B,$0.06B,88.06%,$0.07B,$0.02B,25.37%,$0.07B,0,0.00%,$0.07B,0,0.00%,$0.07B,$0.01B,19.40%,$0.07B,$0.01B,10.45%,$0.01B,$0.21B,4.08%,$0.01B,$0.16B,4.92%,$0.01B,$1.76B,0.49%,$0.02B,$0.24B,8.88%,$21,$3,$18,$0,$13,$16,$5,$-0,$4,$1,$3,$3,$3,$0,$0,$11,11,$0.30,$0.30,$97,$0,$0,$1464,$44,$164,$51,$37,$296,$1760,$1521,$30,$0,$30,$1551,$11,$25,$-3,$209,$1760,$3,$1,$1,$2,$-0,$0,$0,$-1,$-2,$3,$-1,$0,$0,$0,$-8,$-8,$-51,$-60,$-14,$-8,$-22,$1,$1,$0,$61,$40,$-16,$0,$0
3,2017-12-31,21.7,$18.46,1.18,$6.86,3.16,$1.75,12.38,$0.59,36.78,$1.43B,$1.47B,0.97,$0.04B,$0.21B,0.21,$0.06B,$0.05B,89.66%,$0.06B,$0.02B,25.86%,$0.06B,0,0.00%,$0.06B,0,0.00%,$0.06B,$0.01B,20.69%,$0.06B,$0.01B,8.62%,$0.01B,$0.21B,3.27%,$0.01B,$0.16B,3.72%,$0.01B,$1.72B,0.40%,$0.02B,$0.25B,9.09%,$19,$2,$17,$0,$11,$13,$6,$-2,$4,$4,$0,$0,$0,$0,$0,$9,9,$-0.03,$-0.04,$113,$0,$0,$1430,$43,$158,$51,$38,$290,$1721,$1471,$44,$0,$44,$1515,$11,$22,$-1,$206,$1721,$5,$2,$-0,$2,$-0,$0,$0,$-0,$-0,$7,$-3,$0,$-0,$0,$29,$29,$-82,$-56,$20,$-3,$18,$38,$26,$-0,$50,$94,$44,$0,$0
4,2017-09-30,24.06,$16.57,1.45,$6.67,3.61,$2.27,10.62,$0.81,29.7,$0.95B,$0.99B,0.96,$0.01B,$0.14B,0.04,$0.05B,$0.05B,90.20%,$0.05B,$0.01B,23.53%,$0.05B,0,0.00%,$0.05B,0,0.00%,$0.05B,$0.01B,21.57%,$0.05B,$0.01B,11.76%,$0.01B,$0.14B,4.71%,$0.01B,$0.13B,4.99%,$0.01B,$1.14B,0.55%,$0.01B,$0.14B,8.97%,$14,$1,$12,$0,$9,$11,$3,$-0,$3,$1,$2,$2,$2,$0,$0,$8,8,$0.20,$0.20,$84,$0,$0,$950,$34,$122,$7,$23,$185,$1136,$993,$6,$0,$6,$999,$8,$22,$-0,$137,$1136,$5,$-1,$-1,$-2,$-0,$0,$0,$2,$2,$6,$-2,$0,$-1,$0,$14,$14,$-41,$-30,$-13,$-0,$-13,$38,$26,$-0,$26,$39,$15,$0,$0
5,2017-06-30,23.88,$16.39,1.46,$7.00,3.41,$3.31,7.22,$0.83,28.77,$0.94B,$1.01B,0.94,$0.00B,$0.14B,0.0,$0.05B,$0.05B,91.84%,$0.05B,$0.01B,24.49%,$0.05B,0,0.00%,$0.05B,0,0.00%,$0.05B,$0.01B,22.45%,$0.05B,$0.01B,10.20%,$0.01B,$0.14B,4.18%,$0.01B,$0.13B,4.44%,$0.01B,$1.15B,0.47%,$0.01B,$0.14B,8.89%,$13,$1,$12,$0,$9,$10,$3,$-0,$2,$1,$2,$2,$2,$0,$0,$8,8,$0.20,$0.20,$83,$0,$0,$943,$34,$139,$7,$23,$203,$1145,$1005,$0,$6,$6,$1011,$8,$20,$-0,$135,$1145,$3,$1,$-0,$1,$0,$0,$0,$1,$1,$6,$-1,$0,$-1,$0,$-3,$-3,$-37,$-42,$-19,$-4,$-22,$38,$26,$-0,$48,$51,$14,$0,$0
6,2017-03-31,21.04,$16.14,1.3,$7.37,2.86,$4.11,5.12,$0.78,26.97,$0.86B,$0.91B,0.94,$0.00B,$0.13B,0.0,$0.05B,$0.04B,91.67%,$0.05B,$0.01B,22.92%,$0.05B,0,0.00%,$0.05B,0,0.00%,$0.05B,$0.01B,22.92%,$0.05B,$0.00B,8.33%,$0.00B,$0.13B,3.59%,$0.00B,$0.13B,3.82%,$0.00B,$1.05B,0.38%,$0.01B,$0.13B,8.49%,$12,$1,$11,$0,$8,$9,$3,$0,$3,$1,$2,$2,$1,$0,$0,$8,8,$0.19,$0.19,$56,$0,$0,$858,$31,$143,$7,$13,$193,$1051,$913,$0,$6,$6,$919,$8,$18,$-1,$133,$1051,$2,$1,$-0,$0,$0,$0,$0,$0,$1,$3,$-1,$0,$0,$0,$-7,$-7,$6,$-2,$-18,$-3,$-22,$38,$26,$-0,$-17,$-14,$-13,$0,$0
7,2016-12-31,18.56,$17.85,1.04,$7.65,2.43,$4.36,4.25,$0.78,23.79,$0.88B,$0.94B,0.93,$0.02B,$0.11B,0.18,$0.05B,$0.04B,91.49%,$0.05B,$0.01B,21.28%,$0.05B,0,0.00%,$0.05B,0,0.00%,$0.05B,$0.01B,21.28%,$0.05B,$0.00B,8.51%,$0.00B,$0.11B,3.86%,$0.00B,$0.10B,4.12%,$0.00B,$1.06B,0.39%,$0.01B,$0.12B,7.74%,$12,$1,$11,$0,$8,$9,$3,$0,$3,$1,$2,$2,$1,$0,$0,$6,6,$0.23,$0.22,$69,$0,$0,$877,$31,$135,$7,$13,$185,$1062,$939,$19,$0,$19,$957,$6,$17,$-1,$105,$1062,$6,$2,$-0,$2,$0,$0,$-0,$4,$4,$12,$-6,$0,$0,$0,$34,$34,$-83,$-54,$-16,$-1,$-17,$1,$1,$-1,$49,$32,$-11,$0,$0
8,2016-09-30,16.3,$17.87,0.91,$8.44,1.93,$4.99,3.27,$0.75,21.73,$0.85B,$0.89B,0.96,$0.04B,$0.11B,0.41,$0.05B,$0.04B,91.49%,$0.05B,$0.01B,19.15%,$0.05B,0,0.00%,$0.05B,0,0.00%,$0.05B,$0.01B,19.15%,$0.05B,$0.00B,8.51%,$0.00B,$0.11B,3.90%,$0.00B,$0.10B,4.19%,$0.00B,$1.04B,0.39%,$0.01B,$0.15B,6.83%,$12,$1,$11,$0,$8,$9,$3,$0,$3,$1,$2,$2,$1,$0,$0,$6,6,$0.23,$0.22,$59,$0,$0,$851,$28,$143,$7,$12,$190,$1041,$885,$43,$7,$51,$936,$6,$15,$0,$105,$1041,$4,$2,$-0,$1,$0,$0,$-0,$6,$7,$12,$-3,$0,$0,$0,$29,$29,$-67,$-41,$9,$-4,$5,$1,$1,$-1,$2,$7,$-21,$0,$0
