,Date,Stock Price,Book Value per Share,Price to Book Ratio,TTM Sales per Share,Price to Sales Ratio,TTM FCF per Share,Price to FCF Ratio,TTM Net EPS,PE Ratio,Current Assets,Current Liabilities,Current Ratio,Long Term Debt,Shareholder's Equity_x,Debt to Equity Ratio,TTM Revenue_x,TTM Gross Profit,Gross Margin,TTM Revenue_y,TTM Operating Income,Operating Margin,TTM Revenue_x,TTM EBIT,EBIT Margin,TTM Revenue_y,TTM EBITDA,EBITDA Margin,TTM Revenue_x,TTM Pre-Tax Income,Pre-Tax Margin,TTM Revenue_y,TTM Net Income_x,Net Margin,TTM Net Income_y,Shareholder's Equity_y,Return on Equity,TTM Net Income_x,Tangible Equity,Return on Tangible Equity,TTM Net Income_y,Total Assets,Return on Assets,TTM Net Income,LT Investments & Debt,Return on Investment,revenue,cost-goods-sold,gross-profit,research-development-expenses,selling-general-administrative-expenses,operating-expenses,operating-income,total-non-operating-income-expense,pre-tax-income,total-provision-income-taxes,income-after-taxes,income-from-continuous-operations,net-income,ebitda,ebit,basic-shares-outstanding,shares-outstanding,eps-basic-net-earnings-per-share,eps-earnings-per-share-diluted,cash-on-hand,inventory,other-current-assets,total-current-assets,net-property-plant-equipment,long-term-investments,goodwill-intangible-assets-total,other-long-term-assets,total-long-term-assets,total-assets,total-current-liabilities,long-term-debt,other-non-current-liabilities,total-long-term-liabilities,total-liabilities,common-stock-net,retained-earnings-accumulated-deficit,comprehensive-income,total-share-holder-equity,total-liabilities-share-holders-equity,net-income-loss,total-depreciation-amortization-cash-flow,other-non-cash-items,total-non-cash-items,change-in-accounts-receivable,change-in-inventories,change-in-accounts-payable,change-in-assets-liabilities,total-change-in-assets-liabilities,cash-flow-from-operating-activities,net-change-in-property-plant-equipment,net-change-in-intangible-assets,net-acquisitions-divestitures,net-change-in-short-term-investments,net-change-in-long-term-investments,net-change-in-investments-total,investing-activities-other,cash-flow-from-investing-activities,net-long-term-debt,net-current-debt,debt-issuance-retirement-net-total,net-common-equity-issued-repurchased,net-total-equity-issued-repurchased,total-common-preferred-stock-dividends-paid,financial-activities-other,cash-flow-from-financial-activities,net-cash-flow,stock-based-compensation,common-stock-dividends-paid
0,2018-09-30,3.45,$1.60,2.16,$2.54,1.36,$0.26,13.06,$-0.05,0.0,$0.02B,$0.01B,2.74,$0.00B,$0.03B,0.05,$0.04B,$0.01B,27.50%,$0.04B,$-0.00B,-2.50%,$0.04B,$-0.00B,-2.50%,$0.04B,$0.00B,5.00%,$0.04B,$-0.00B,-2.50%,$0.04B,$-0.00B,-2.50%,$-0.00B,$0.03B,-3.92%,$-0.00B,$0.02B,-6.67%,$-0.00B,$0.03B,-2.92%,$-0.00B,$0.03B,-3.67%,$10,$7,$3,$0,$3,$10,$0,$-0,$0,$0,$0,$0,$0,$1,$0,$16,16,$0.00,$0.00,$5,$4,$0,$17,$6,$0,$10,$0,$17,$34,$6,$1,$1,$2,$8,$0,$-2,$0,$26,$34,$0,$0,$0,$1,$-0,$-0,$0,$-0,$-0,$0,$-0,$-0,$0,$0,$0,$0,$0,$-0,$-0,$0,$-0,$0,$0,$0,$0,$-0,$-0,$0,$0
1,2018-06-30,3.69,$1.57,2.36,$2.50,1.48,$0.29,12.86,$-0.05,0.0,$0.02B,$0.01B,2.71,$0.00B,$0.03B,0.06,$0.04B,$0.01B,27.50%,$0.04B,$-0.00B,-2.50%,$0.04B,$-0.00B,-2.50%,$0.04B,$0.00B,2.50%,$0.04B,$-0.00B,-2.50%,$0.04B,$-0.00B,-2.50%,$-0.00B,$0.03B,-3.96%,$-0.00B,$0.02B,-6.67%,$-0.00B,$0.03B,-2.90%,$-0.00B,$0.03B,-3.67%,$10,$7,$3,$0,$3,$10,$-0,$-0,$-0,$0,$-0,$-0,$-0,$0,$-0,$16,16,$0.00,$0.00,$5,$4,$0,$16,$7,$0,$10,$0,$17,$33,$6,$1,$1,$2,$8,$0,$-2,$0,$25,$33,$-1,$2,$1,$2,$1,$0,$0,$-1,$1,$2,$-1,$-0,$0,$0,$0,$0,$0,$-1,$-1,$0,$-1,$0,$0,$0,$0,$-1,$0,$0,$0
2,2018-03-31,4.54,$1.57,2.9,$2.53,1.79,$0.02,192.37,0,0.0,$0.02B,$0.01B,2.7,$0.00B,$0.03B,0.06,$0.04B,$0.01B,30.00%,$0.04B,0,0.00%,$0.04B,0,0.00%,$0.04B,$0.00B,5.00%,$0.04B,0,0.00%,$0.04B,0,0.00%,$0.00B,$0.03B,0.00%,$0.00B,$0.02B,0.00%,$0.00B,$0.03B,0.00%,$0.00B,$0.03B,0.00%,$9,$7,$2,$0,$3,$10,$-1,$-0,$-1,$0,$-1,$-1,$-1,$-0,$-1,$16,16,$-0.05,$-0.05,$5,$4,$0,$17,$7,$0,$10,$0,$17,$34,$6,$2,$0,$2,$8,$0,$-2,$0,$25,$34,$-1,$1,$0,$2,$1,$0,$0,$-0,$1,$2,$-1,$-0,$0,$0,$0,$0,$0,$-1,$-0,$0,$-0,$0,$0,$0,$0,$-0,$1,$0,$0
3,2017-12-31,4.09,$1.61,2.54,$2.48,1.65,$-0.20,0.0,$0.01,409.0,$0.02B,$0.01B,2.45,$0.00B,$0.03B,0.07,$0.04B,$0.01B,30.00%,$0.04B,0,0.00%,$0.04B,0,0.00%,$0.04B,$0.00B,5.00%,$0.04B,0,0.00%,$0.04B,0,0.00%,$0.00B,$0.03B,0.00%,$0.00B,$0.02B,0.00%,$0.00B,$0.04B,0.00%,$0.00B,$0.03B,0.00%,$11,$8,$3,$0,$3,$11,$0,$-0,$0,$-0,$0,$0,$0,$1,$0,$16,16,$0.01,$0.01,$6,$4,$0,$18,$7,$0,$11,$0,$17,$36,$7,$2,$0,$2,$10,$0,$-1,$0,$26,$36,$0,$1,$0,$1,$0,$-0,$0,$0,$1,$2,$-1,$-0,$0,$0,$0,$0,$0,$-1,$-0,$0,$-0,$0,$0,$0,$0,$-0,$1,$0,$0
4,2017-09-30,4.78,$1.59,3.0,$2.40,1.99,$-0.35,0.0,$-0.01,0.0,$0.02B,$0.01B,2.66,$0.00B,$0.03B,0.07,$0.04B,$0.01B,30.77%,$0.04B,0,0.00%,$0.04B,0,0.00%,$0.04B,$0.00B,2.56%,$0.04B,0,0.00%,$0.04B,0,0.00%,$0.00B,$0.03B,0.00%,$0.00B,$0.02B,0.00%,$0.00B,$0.04B,0.00%,$0.00B,$0.03B,0.00%,$10,$7,$3,$0,$3,$10,$0,$-0,$0,$0,$0,$0,$0,$0,$0,$16,16,$0.00,$0.00,$5,$4,$0,$17,$6,$0,$11,$0,$17,$35,$6,$2,$0,$3,$9,$0,$-1,$0,$25,$35,$0,$0,$0,$1,$0,$-0,$0,$0,$0,$1,$-0,$-0,$0,$0,$0,$0,$0,$-0,$-0,$0,$-0,$0,$0,$0,$0,$-0,$0,$0,$0
5,2017-06-30,4.23,$1.58,2.68,$2.40,1.76,$-0.49,0.0,$-0.07,0.0,$0.02B,$0.01B,2.61,$0.00B,$0.03B,0.08,$0.04B,$0.01B,30.77%,$0.04B,$-0.00B,-2.56%,$0.04B,$-0.00B,-2.56%,$0.04B,0,0.00%,$0.04B,$-0.00B,-2.56%,$0.04B,$-0.00B,-2.56%,$-0.00B,$0.03B,-4.00%,$-0.00B,$0.02B,-7.02%,$-0.00B,$0.03B,-2.86%,$-0.00B,$0.03B,-3.70%,$10,$7,$4,$0,$3,$10,$1,$-0,$1,$0,$1,$1,$1,$1,$1,$16,16,$0.03,$0.03,$5,$4,$0,$17,$7,$0,$11,$0,$17,$34,$7,$2,$0,$3,$9,$0,$-1,$0,$25,$34,$-1,$1,$1,$2,$-1,$-0,$0,$-0,$-1,$-1,$-2,$-0,$-7,$0,$0,$0,$0,$-10,$2,$0,$2,$0,$0,$0,$0,$3,$-8,$0,$0
6,2017-03-31,4.76,$1.54,3.1,$2.31,2.06,$-0.35,0.0,$-0.10,0.0,$0.02B,$0.01B,2.45,$0.00B,$0.03B,0.09,$0.04B,$0.01B,28.95%,$0.04B,$-0.00B,-5.26%,$0.04B,$-0.00B,-5.26%,$0.04B,$-0.00B,-2.63%,$0.04B,$-0.00B,-5.26%,$0.04B,$-0.00B,-5.26%,$-0.00B,$0.03B,-8.08%,$-0.00B,$0.01B,-12.50%,$-0.00B,$0.03B,-5.88%,$-0.00B,$0.03B,-7.62%,$9,$6,$2,$0,$3,$9,$-1,$-0,$-1,$0,$-1,$-1,$-1,$-0,$-1,$16,16,$-0.04,$-0.04,$6,$5,$0,$16,$7,$0,$11,$0,$18,$34,$7,$2,$0,$3,$9,$0,$-2,$0,$25,$34,$-2,$1,$0,$1,$1,$-0,$0,$-0,$1,$0,$-2,$-0,$-7,$0,$0,$0,$0,$-10,$3,$0,$3,$0,$0,$0,$0,$3,$-7,$0,$0
7,2016-12-31,3.83,$1.57,2.44,$2.20,1.74,$-0.19,0.0,$-0.13,0.0,$0.02B,$0.01B,2.23,$0.00B,$0.03B,0.09,$0.04B,$0.01B,30.56%,$0.04B,$-0.00B,-5.56%,$0.04B,$-0.00B,-5.56%,$0.04B,$-0.00B,-5.56%,$0.04B,$-0.00B,-5.56%,$0.04B,$-0.00B,-5.56%,$-0.00B,$0.03B,-8.25%,$-0.00B,$0.01B,-11.27%,$-0.00B,$0.04B,-6.11%,$-0.00B,$0.03B,-7.92%,$10,$7,$3,$0,$3,$10,$-0,$-0,$-0,$0,$-0,$-0,$-0,$0,$-0,$16,16,$-0.01,$-0.01,$7,$4,$0,$18,$7,$0,$11,$0,$18,$36,$8,$2,$0,$3,$11,$0,$-1,$0,$25,$36,$-1,$1,$0,$1,$1,$-0,$0,$-0,$1,$1,$-2,$-0,$-7,$0,$0,$0,$0,$-9,$3,$0,$3,$0,$0,$0,$0,$3,$-5,$0,$0
8,2016-09-30,4.38,$1.57,2.78,$2.21,1.98,$-0.08,0.0,$-0.08,0.0,$0.02B,$0.01B,2.38,$0.00B,$0.03B,0.1,$0.04B,$0.01B,30.56%,$0.04B,$-0.00B,-2.78%,$0.04B,$-0.00B,-2.78%,$0.04B,$-0.00B,-2.78%,$0.04B,$-0.00B,-2.78%,$0.04B,$-0.00B,-2.78%,$-0.00B,$0.03B,-4.12%,$-0.00B,$0.01B,-5.06%,$-0.00B,$0.04B,-3.15%,$-0.00B,$0.03B,-4.04%,$10,$7,$3,$0,$4,$10,$-1,$-0,$-1,$0,$-1,$-1,$-1,$-1,$-1,$16,16,$-0.06,$-0.06,$7,$4,$0,$19,$6,$0,$11,$0,$17,$36,$8,$2,$0,$3,$11,$0,$-1,$0,$25,$36,$-1,$0,$0,$0,$-1,$-0,$0,$0,$-0,$-1,$-1,$0,$-7,$0,$0,$0,$0,$-8,$3,$0,$3,$0,$0,$0,$0,$3,$-6,$0,$0
9,2016-06-30,4.39,$1.54,2.84,$2.11,2.08,$0.09,49.0,$-0.01,0.0,$0.02B,$0.01B,4.06,$0.00B,$0.02B,0.0,$0.03B,$0.01B,32.35%,$0.03B,0,0.00%,$0.03B,0,0.00%,$0.03B,0,0.00%,$0.03B,0,0.00%,$0.03B,0,0.00%,$0.00B,$0.02B,0.00%,$0.00B,$0.02B,0.00%,$0.00B,$0.03B,0.00%,$0.00B,$0.02B,0.00%,$9,$6,$3,$0,$3,$9,$0,$0,$0,$0,$0,$0,$0,$0,$0,$15,16,$0.02,$0.02,$12,$4,$0,$23,$5,$0,$2,$0,$7,$30,$6,$0,$0,$1,$6,$0,$-0,$0,$24,$30,$0,$1,$1,$2,$1,$-1,$0,$1,$-0,$1,$-2,$0,$-2,$0,$0,$0,$0,$-3,$0,$0,$0,$-0,$-0,$0,$0,$-0,$-3,$1,$0
10,2016-03-31,5.5,$1.52,3.62,$2.12,2.59,$0.23,24.08,$0.06,91.67,$0.02B,$0.01B,4.55,$0.00B,$0.02B,0.0,$0.03B,$0.01B,35.29%,$0.03B,$0.00B,2.94%,$0.03B,$0.00B,2.94%,$0.03B,$0.00B,5.88%,$0.03B,$0.00B,2.94%,$0.03B,$0.00B,2.94%,$0.00B,$0.02B,4.17%,$0.00B,$0.02B,4.49%,$0.00B,$0.03B,3.31%,$0.00B,$0.02B,4.17%,$7,$5,$2,$0,$3,$8,$-1,$0,$-1,$-0,$-1,$-1,$-1,$-1,$-1,$15,15,$-0.07,$-0.07,$13,$4,$0,$22,$5,$0,$2,$0,$7,$29,$5,$0,$0,$1,$6,$0,$-0,$0,$23,$29,$-0,$1,$1,$1,$3,$-1,$0,$0,$1,$1,$-1,$0,$-2,$0,$0,$0,$0,$-3,$0,$0,$0,$-0,$-0,$0,$0,$-0,$-2,$1,$0
11,2015-12-31,8.7,$1.59,5.49,$2.10,4.15,$0.37,23.54,$0.08,108.75,$0.03B,$0.01B,3.94,$0.00B,$0.03B,0.0,$0.03B,$0.01B,36.36%,$0.03B,$0.00B,3.03%,$0.03B,$0.00B,3.03%,$0.03B,$0.00B,6.06%,$0.03B,$0.00B,3.03%,$0.03B,$0.00B,3.03%,$0.00B,$0.03B,4.21%,$0.00B,$0.02B,4.49%,$0.00B,$0.03B,3.36%,$0.00B,$0.03B,4.21%,$10,$7,$3,$0,$3,$9,$1,$0,$1,$0,$1,$1,$1,$1,$1,$15,16,$0.04,$0.04,$14,$4,$0,$25,$4,$0,$2,$0,$7,$32,$6,$0,$0,$1,$7,$0,$1,$0,$25,$32,$1,$0,$0,$1,$0,$-1,$0,$1,$-0,$1,$-1,$0,$-1,$0,$0,$0,$0,$-2,$0,$0,$0,$-0,$-0,$0,$0,$-0,$-1,$0,$0
12,2015-09-30,8.76,$1.56,5.6,$2.04,4.3,$0.50,17.44,$0.09,97.33,$0.03B,$0.01B,4.61,$0.00B,$0.02B,0.0,$0.03B,$0.01B,37.50%,$0.03B,$0.00B,3.13%,$0.03B,$0.00B,3.13%,$0.03B,$0.00B,6.25%,$0.03B,$0.00B,3.13%,$0.03B,$0.00B,3.13%,$0.00B,$0.02B,4.30%,$0.00B,$0.02B,4.49%,$0.00B,$0.03B,3.48%,$0.00B,$0.02B,4.30%,$8,$5,$3,$0,$3,$8,$0,$0,$0,$0,$0,$0,$0,$0,$0,$15,16,$0.01,$0.01,$16,$3,$0,$25,$4,$0,$1,$0,$6,$30,$5,$0,$0,$1,$6,$0,$0,$0,$24,$30,$0,$0,$0,$0,$2,$-1,$0,$0,$1,$2,$-0,$0,$-1,$0,$0,$0,$0,$-1,$0,$0,$0,$0,$0,$0,$0,$0,$1,$0,$0
13,2015-06-30,6.95,$1.53,4.53,$2.00,3.47,$0.60,11.66,$0.08,86.88,$0.03B,$0.01B,4.51,$0.00B,$0.02B,0.0,$0.03B,$0.01B,35.48%,$0.03B,$0.00B,3.23%,$0.03B,$0.00B,3.23%,$0.03B,$0.00B,6.45%,$0.03B,$0.00B,3.23%,$0.03B,$0.00B,3.23%,$0.00B,$0.02B,4.40%,$0.00B,$0.02B,4.60%,$0.00B,$0.03B,3.57%,$0.00B,$0.02B,4.40%,$9,$5,$4,$0,$2,$8,$1,$0,$1,$0,$1,$1,$1,$2,$1,$15,16,$0.08,$0.07,$15,$3,$0,$25,$4,$0,$1,$0,$5,$30,$6,$0,$0,$1,$6,$0,$-0,$0,$24,$30,$1,$1,$1,$1,$-2,$-1,$0,$2,$-0,$2,$-1,$-0,$0,$0,$0,$0,$0,$-1,$0,$0,$0,$0,$0,$0,$0,$0,$1,$1,$0
14,2015-03-31,6.35,$1.44,4.41,$1.89,3.37,$0.43,14.74,$0.11,57.73,$0.02B,$0.00B,5.34,$0.00B,$0.02B,0.0,$0.03B,$0.01B,34.48%,$0.03B,$0.00B,6.90%,$0.03B,$0.00B,6.90%,$0.03B,$0.00B,6.90%,$0.03B,$0.00B,6.90%,$0.03B,$0.00B,6.90%,$0.00B,$0.02B,8.99%,$0.00B,$0.02B,9.41%,$0.00B,$0.03B,7.41%,$0.00B,$0.02B,8.99%,$6,$5,$2,$0,$2,$7,$-1,$0,$-1,$0,$-1,$-1,$-1,$-1,$-1,$15,15,$-0.05,$-0.05,$16,$2,$0,$22,$4,$0,$1,$0,$4,$27,$4,$0,$0,$1,$5,$0,$-1,$0,$22,$27,$-0,$1,$0,$1,$2,$-1,$0,$1,$2,$3,$-1,$-0,$0,$0,$0,$0,$0,$-1,$0,$0,$0,$0,$0,$0,$0,$0,$2,$0,$0
15,2014-12-31,4.26,$1.48,2.87,$1.85,2.3,$0.25,17.39,$0.10,42.6,$0.02B,$0.01B,4.83,$0.00B,$0.02B,0.0,$0.03B,$0.01B,31.03%,$0.03B,$0.00B,6.90%,$0.03B,$0.00B,6.90%,$0.03B,$0.00B,6.90%,$0.03B,$0.00B,6.90%,$0.03B,$0.00B,6.90%,$0.00B,$0.02B,9.20%,$0.00B,$0.02B,9.64%,$0.00B,$0.03B,7.62%,$0.00B,$0.02B,9.20%,$9,$5,$3,$0,$2,$8,$1,$0,$1,$0,$1,$1,$1,$1,$1,$15,15,$0.05,$0.05,$16,$2,$0,$24,$4,$0,$1,$0,$4,$28,$5,$0,$0,$1,$5,$0,$-1,$0,$23,$28,$1,$0,$0,$1,$0,$-1,$0,$1,$2,$3,$-0,$0,$0,$0,$0,$0,$0,$-0,$0,$0,$0,$-0,$-0,$0,$0,$-0,$3,$0,$0
16,2014-09-30,4.37,$1.43,3.06,$1.78,2.45,$0.10,44.28,$0.06,72.83,$0.02B,$0.01B,4.9,$0.00B,$0.02B,0.0,$0.03B,$0.01B,32.14%,$0.03B,$0.00B,3.57%,$0.03B,$0.00B,3.57%,$0.03B,$0.00B,3.57%,$0.03B,$0.00B,3.57%,$0.03B,$0.00B,3.57%,$0.00B,$0.02B,4.71%,$0.00B,$0.02B,4.94%,$0.00B,$0.03B,3.92%,$0.00B,$0.02B,4.71%,$7,$5,$2,$0,$2,$7,$-0,$0,$-0,$0,$-0,$-0,$-0,$0,$-0,$15,15,$0.00,$0.00,$16,$1,$0,$23,$4,$0,$1,$0,$4,$27,$5,$0,$0,$1,$5,$0,$-1,$0,$22,$27,$-0,$0,$0,$0,$0,$-0,$0,$2,$2,$3,$-0,$0,$0,$0,$0,$0,$0,$-0,$0,$0,$0,$-0,$-0,$0,$0,$-0,$2,$0,$0
17,2014-06-30,4.4,$1.43,3.07,$1.73,2.55,$-0.07,0.0,$0.07,62.86,$0.02B,$0.00B,5.47,$0.00B,$0.02B,0.0,$0.03B,$0.01B,33.33%,$0.03B,$0.00B,3.70%,$0.03B,$0.00B,3.70%,$0.03B,$0.00B,3.70%,$0.03B,$0.00B,3.70%,$0.03B,$0.00B,3.70%,$0.00B,$0.02B,4.76%,$0.00B,$0.02B,5.00%,$0.00B,$0.03B,3.96%,$0.00B,$0.02B,4.76%,$7,$5,$3,$0,$2,$5,$2,$0,$2,$0,$2,$2,$2,$2,$2,$15,15,$0.10,$0.10,$14,$1,$0,$22,$4,$0,$1,$0,$5,$26,$4,$0,$0,$1,$5,$0,$-1,$0,$22,$26,$1,$1,$0,$2,$-2,$0,$0,$-1,$-3,$-1,$-0,$-0,$0,$0,$0,$0,$0,$-1,$0,$0,$0,$-1,$-1,$0,$0,$-1,$-2,$0,$0
18,2014-03-31,4.58,$1.32,3.47,$1.61,2.84,$-0.12,0.0,$-0.09,0.0,$0.02B,$0.00B,5.13,$0.00B,$0.02B,0.0,$0.03B,$0.01B,32.00%,$0.03B,$-0.00B,-8.00%,$0.03B,$-0.00B,-8.00%,$0.03B,$-0.00B,-4.00%,$0.03B,$-0.00B,-8.00%,$0.03B,$-0.00B,-8.00%,$-0.00B,$0.02B,-9.64%,$-0.00B,$0.02B,-10.13%,$-0.00B,$0.02B,-7.92%,$-0.00B,$0.02B,-9.64%,$6,$4,$1,$0,$2,$6,$-1,$0,$-1,$0,$-1,$-1,$-1,$-1,$-1,$15,15,$-0.06,$-0.06,$15,$1,$0,$20,$4,$0,$1,$0,$5,$24,$4,$0,$0,$0,$4,$0,$-3,$0,$20,$24,$-1,$1,$0,$1,$-0,$0,$0,$-1,$-1,$-0,$-0,$-0,$0,$0,$0,$0,$0,$-0,$0,$0,$0,$-1,$-1,$0,$0,$-1,$-1,$0,$0
19,2013-12-31,4.73,$1.37,3.45,$1.60,2.95,$-0.17,0.0,$-0.09,0.0,$0.02B,$0.00B,5.11,$0.00B,$0.02B,0.0,$0.02B,$0.01B,37.50%,$0.02B,$-0.00B,-8.33%,$0.02B,$-0.00B,-8.33%,$0.02B,$-0.00B,-4.17%,$0.02B,$-0.00B,-8.33%,$0.02B,$-0.00B,-8.33%,$-0.00B,$0.02B,-9.41%,$-0.00B,$0.02B,-9.88%,$-0.00B,$0.03B,-7.69%,$-0.00B,$0.02B,-9.41%,$8,$5,$3,$0,$2,$8,$0,$0,$0,$0,$0,$0,$0,$0,$0,$15,15,$0.01,$0.01,$15,$1,$0,$21,$4,$0,$1,$0,$5,$25,$4,$0,$0,$1,$5,$0,$-2,$0,$21,$25,$0,$1,$0,$1,$-0,$0,$0,$-0,$-0,$1,$-0,$-0,$0,$0,$0,$0,$0,$-0,$0,$0,$0,$-1,$-1,$0,$0,$-1,$-0,$0,$0
20,2013-09-30,3.07,$1.38,2.22,$1.48,2.07,$-0.24,0.0,$-0.13,0.0,$0.02B,$0.01B,4.64,$0.00B,$0.02B,0.0,$0.02B,$0.01B,36.36%,$0.02B,$-0.00B,-9.09%,$0.02B,$-0.00B,-9.09%,$0.02B,$-0.00B,-4.55%,$0.02B,$-0.00B,-9.09%,$0.02B,$-0.00B,-9.09%,$-0.00B,$0.02B,-9.30%,$-0.00B,$0.02B,-9.64%,$-0.00B,$0.03B,-7.55%,$-0.00B,$0.02B,-9.30%,$6,$4,$2,$0,$2,$6,$0,$0,$0,$0,$0,$0,$0,$0,$0,$15,15,$0.01,$0.01,$15,$2,$0,$21,$4,$0,$1,$0,$5,$26,$5,$0,$0,$1,$5,$0,$-2,$0,$21,$26,$0,$0,$0,$0,$-1,$0,$0,$0,$-0,$0,$-0,$-0,$0,$0,$0,$0,$0,$-0,$0,$0,$0,$-0,$-0,$0,$0,$-0,$-0,$0,$0
21,2013-06-30,2.62,$1.37,1.91,$1.41,1.85,$-0.28,0.0,$-0.18,0.0,$0.02B,$0.00B,5.4,$0.00B,$0.02B,0.0,$0.02B,$0.01B,38.10%,$0.02B,$-0.00B,-14.29%,$0.02B,$-0.00B,-14.29%,$0.02B,$-0.00B,-4.76%,$0.02B,$-0.00B,-14.29%,$0.02B,$-0.00B,-14.29%,$-0.00B,$0.02B,-13.64%,$-0.00B,$0.02B,-14.12%,$-0.00B,$0.03B,-11.11%,$-0.00B,$0.02B,-13.64%,$5,$4,$2,$0,$2,$6,$-1,$-0,$-1,$-0,$-1,$-1,$-1,$-0,$-1,$15,15,$-0.05,$-0.05,$16,$2,$0,$20,$4,$0,$1,$0,$5,$26,$4,$0,$0,$1,$4,$0,$-2,$0,$21,$26,$-3,$1,$1,$2,$-0,$1,$0,$-0,$0,$-1,$-1,$-0,$0,$0,$0,$0,$0,$-1,$0,$0,$0,$0,$0,$0,$0,$0,$-2,$1,$0
22,2013-03-31,2.68,$1.41,1.9,$1.37,1.96,$-0.21,0.0,$-0.32,0.0,$0.02B,$0.00B,5.16,$0.00B,$0.02B,0.0,$0.02B,$0.01B,33.33%,$0.02B,$-0.00B,-14.29%,$0.02B,$-0.00B,-14.29%,$0.02B,$-0.00B,-9.52%,$0.02B,$-0.00B,-14.29%,$0.02B,$-0.01B,-23.81%,$-0.01B,$0.02B,-22.22%,$-0.01B,$0.02B,-22.73%,$-0.01B,$0.03B,-18.18%,$-0.00B,$0.02B,-13.33%,$5,$4,$2,$0,$2,$6,$-1,$0,$-1,$0,$-1,$-1,$-1,$-1,$-1,$15,15,$-0.06,$-0.06,$16,$2,$0,$22,$4,$0,$1,$0,$5,$27,$4,$0,$0,$1,$5,$0,$-2,$0,$22,$27,$-2,$1,$0,$1,$-1,$0,$0,$-0,$0,$-1,$-1,$-0,$0,$0,$0,$0,$0,$-1,$0,$0,$0,$-0,$-0,$0,$0,$-0,$-1,$0,$0
23,2012-12-31,2.26,$1.47,1.54,$1.36,1.66,$-0.24,0.0,$-0.29,0.0,$0.02B,$0.00B,5.66,$0.00B,$0.02B,0.0,$0.02B,$0.01B,33.33%,$0.02B,$-0.00B,-14.29%,$0.02B,$-0.00B,-14.29%,$0.02B,$-0.00B,-9.52%,$0.02B,$-0.00B,-14.29%,$0.02B,$-0.01B,-23.81%,$-0.01B,$0.02B,-21.28%,$-0.01B,$0.02B,-21.74%,$-0.01B,$0.03B,-17.54%,$-0.00B,$0.02B,-12.77%,$6,$4,$2,$0,$2,$6,$-0,$0,$-0,$0,$-0,$-0,$-0,$-0,$-0,$15,15,$-0.03,$-0.03,$17,$2,$0,$22,$4,$0,$1,$0,$5,$27,$4,$0,$0,$1,$5,$0,$-1,$0,$22,$27,$-1,$1,$0,$1,$-0,$0,$0,$0,$0,$-0,$-0,$-0,$0,$0,$0,$0,$0,$-1,$0,$0,$0,$0,$0,$0,$0,$0,$-1,$0,$0
24,2012-09-30,2.63,$1.49,1.76,$1.39,1.89,$-0.20,0.0,$-0.26,0.0,$0.02B,$0.01B,4.98,$0.00B,$0.02B,0.0,$0.02B,$0.01B,33.33%,$0.02B,$-0.00B,-14.29%,$0.02B,$-0.00B,-14.29%,$0.02B,$-0.00B,-9.52%,$0.02B,$-0.00B,-14.29%,$0.02B,$-0.01B,-23.81%,$-0.01B,$0.02B,-20.41%,$-0.01B,$0.02B,-20.83%,$-0.01B,$0.03B,-16.95%,$-0.00B,$0.02B,-12.24%,$5,$4,$2,$0,$2,$6,$-1,$0,$-1,$0,$-1,$-1,$-1,$-0,$-1,$15,15,$-0.04,$-0.04,$17,$2,$0,$23,$5,$0,$1,$0,$5,$28,$5,$0,$0,$1,$5,$0,$-0,$0,$23,$28,$-1,$0,$0,$0,$-1,$0,$0,$0,$-0,$-0,$-0,$-0,$0,$0,$0,$0,$0,$-0,$0,$0,$0,$0,$0,$0,$0,$0,$-1,$0,$0
25,2012-06-30,3.38,$1.52,2.22,$1.44,2.36,$-0.15,0.0,$-0.24,0.0,$0.02B,$0.00B,5.73,$0.00B,$0.02B,0.0,$0.02B,$0.01B,31.82%,$0.02B,$-0.00B,-9.09%,$0.02B,$-0.00B,-9.09%,$0.02B,$-0.00B,-9.09%,$0.02B,$-0.00B,-13.64%,$0.02B,$-0.00B,-18.18%,$-0.00B,$0.02B,-15.84%,$-0.00B,$0.02B,-16.16%,$-0.00B,$0.03B,-13.22%,$-0.00B,$0.02B,-7.92%,$5,$3,$1,$0,$2,$6,$-1,$0,$-1,$2,$-3,$-3,$-3,$-1,$-1,$15,15,$-0.19,$-0.19,$17,$2,$0,$23,$5,$0,$0,$0,$5,$28,$4,$0,$0,$1,$4,$0,$0,$0,$23,$28,$-4,$1,$2,$3,$1,$-0,$0,$0,$0,$-0,$-0,$-0,$0,$0,$0,$0,$0,$-1,$0,$0,$0,$0,$0,$0,$0,$0,$-1,$1,$0
26,2012-03-31,3.72,$1.70,2.19,$1.47,2.53,$-0.14,0.0,$-0.10,0.0,$0.02B,$0.00B,5.51,$0.00B,$0.03B,0.0,$0.02B,$0.01B,36.36%,$0.02B,$-0.00B,-9.09%,$0.02B,$-0.00B,-9.09%,$0.02B,$-0.00B,-9.09%,$0.02B,$-0.00B,-13.64%,$0.02B,$-0.00B,-9.09%,$-0.00B,$0.03B,-7.69%,$-0.00B,$0.03B,-7.84%,$-0.00B,$0.03B,-6.45%,$-0.00B,$0.03B,-7.69%,$5,$4,$2,$0,$2,$6,$-1,$0,$-1,$-0,$-1,$-1,$-1,$-1,$-1,$15,15,$-0.03,$-0.03,$17,$2,$0,$24,$5,$0,$0,$0,$7,$31,$4,$0,$0,$1,$5,$0,$3,$0,$26,$31,$-1,$1,$0,$1,$-1,$-1,$0,$0,$-1,$-1,$-0,$-0,$0,$0,$0,$0,$0,$-0,$0,$0,$0,$0,$0,$0,$0,$0,$-2,$1,$0
27,2011-12-31,4.11,$1.72,2.39,$1.42,2.89,$-0.17,0.0,$-0.11,0.0,$0.03B,$0.00B,5.72,$0.00B,$0.03B,0.0,$0.02B,$0.01B,31.82%,$0.02B,$-0.00B,-9.09%,$0.02B,$-0.00B,-9.09%,$0.02B,$-0.00B,-9.09%,$0.02B,$-0.00B,-13.64%,$0.02B,$-0.00B,-9.09%,$-0.00B,$0.03B,-7.69%,$-0.00B,$0.03B,-7.77%,$-0.00B,$0.03B,-6.45%,$-0.00B,$0.03B,-7.69%,$6,$4,$2,$0,$2,$6,$0,$0,$0,$0,$0,$0,$0,$0,$0,$15,15,$0.00,$0.00,$18,$2,$0,$25,$5,$0,$0,$0,$6,$31,$4,$0,$0,$1,$5,$0,$4,$0,$26,$31,$-0,$1,$0,$1,$0,$-1,$0,$-0,$-0,$0,$-0,$-0,$0,$0,$0,$0,$0,$-0,$0,$0,$0,$0,$0,$0,$0,$0,$0,$0,$0
28,2011-09-30,4.52,$1.70,2.65,$1.33,3.4,$-0.25,0.0,$-0.16,0.0,$0.02B,$0.00B,5.49,$0.00B,$0.03B,0.0,$0.02B,$0.01B,28.57%,$0.02B,$-0.00B,-14.29%,$0.02B,$-0.00B,-14.29%,$0.02B,$-0.00B,-14.29%,$0.02B,$-0.00B,-19.05%,$0.02B,$-0.00B,-14.29%,$-0.00B,$0.03B,-11.43%,$-0.00B,$0.03B,-11.54%,$-0.00B,$0.03B,-9.60%,$-0.00B,$0.03B,-11.43%,$6,$4,$2,$0,$2,$6,$-0,$-0,$-1,$-0,$-0,$-0,$-0,$-0,$-0,$15,15,$-0.02,$-0.02,$18,$2,$0,$24,$5,$0,$0,$0,$6,$31,$4,$0,$0,$1,$5,$0,$4,$0,$26,$31,$-0,$0,$-0,$0,$0,$-0,$0,$0,$0,$0,$-0,$-0,$0,$0,$0,$0,$0,$-0,$0,$0,$0,$0,$0,$0,$0,$0,$0,$0,$0
29,2011-06-30,4.2,$1.72,2.44,$1.30,3.23,$-0.15,0.0,$-0.19,0.0,$0.02B,$0.00B,6.12,$0.00B,$0.03B,0.0,$0.02B,$0.01B,30.00%,$0.02B,$-0.00B,-20.00%,$0.02B,$-0.00B,-20.00%,$0.02B,$-0.00B,-20.00%,$0.02B,$-0.00B,-20.00%,$0.02B,$-0.00B,-20.00%,$-0.00B,$0.03B,-15.24%,$-0.00B,$0.03B,-15.24%,$-0.00B,$0.03B,-12.70%,$-0.00B,$0.03B,-15.24%,$5,$3,$2,$0,$3,$6,$-1,$0,$-1,$-0,$-1,$-1,$-1,$-1,$-1,$15,15,$-0.06,$-0.06,$18,$2,$0,$24,$5,$0,$0,$0,$6,$31,$4,$0,$0,$1,$5,$0,$4,$0,$26,$31,$-3,$1,$-0,$1,$-1,$-0,$0,$3,$2,$0,$-1,$-0,$0,$0,$0,$0,$0,$-1,$0,$0,$0,$0,$0,$0,$1,$1,$0,$1,$0
30,2011-03-31,4.72,$1.76,2.68,$1.24,3.81,$0.32,14.79,$-0.21,0.0,$0.03B,$0.00B,6.06,$0.00B,$0.03B,0.0,$0.02B,$0.01B,26.32%,$0.02B,$-0.01B,-26.32%,$0.02B,$-0.01B,-26.32%,$0.02B,$-0.00B,-21.05%,$0.02B,$-0.01B,-26.32%,$0.02B,$-0.00B,-21.05%,$-0.00B,$0.03B,-15.09%,$-0.00B,$0.03B,-15.09%,$-0.00B,$0.03B,-12.60%,$-0.01B,$0.03B,-18.87%,$5,$3,$1,$0,$2,$6,$-1,$0,$-1,$-0,$-1,$-1,$-1,$-1,$-1,$15,15,$-0.04,$-0.04,$17,$2,$0,$25,$5,$0,$0,$0,$6,$31,$4,$0,$0,$1,$5,$0,$5,$0,$26,$31,$-2,$1,$-0,$1,$-0,$-0,$0,$-0,$0,$-1,$-1,$-0,$0,$0,$0,$0,$0,$-1,$0,$0,$0,$0,$0,$0,$1,$1,$-1,$1,$0
31,2010-12-31,4.43,$1.79,2.47,$1.19,3.73,$1.04,4.28,$-0.24,0.0,$0.03B,$0.00B,6.63,$0.00B,$0.03B,0.0,$0.02B,$0.01B,27.78%,$0.02B,$-0.01B,-27.78%,$0.02B,$-0.01B,-27.78%,$0.02B,$-0.00B,-22.22%,$0.02B,$-0.01B,-27.78%,$0.02B,$-0.00B,-22.22%,$-0.00B,$0.03B,-14.95%,$-0.00B,$0.03B,-14.95%,$-0.00B,$0.03B,-12.60%,$-0.01B,$0.03B,-18.69%,$5,$3,$1,$0,$2,$6,$-1,$0,$-1,$-0,$-1,$-1,$-1,$-1,$-1,$15,15,$-0.05,$-0.05,$18,$2,$0,$26,$5,$0,$0,$0,$6,$32,$4,$0,$0,$1,$5,$0,$5,$0,$27,$32,$-2,$0,$0,$1,$0,$-0,$0,$-0,$0,$-1,$-0,$-0,$0,$0,$0,$0,$0,$-0,$0,$0,$0,$0,$0,$0,$1,$1,$-0,$1,$0
32,2010-09-30,5.0,$1.77,2.83,$1.95,2.56,$1.81,2.77,$0.19,26.32,$0.03B,$0.00B,5.74,$0.00B,$0.03B,0.0,$0.03B,$0.02B,51.72%,$0.03B,$0.00B,13.79%,$0.03B,$0.00B,13.79%,$0.03B,$0.01B,20.69%,$0.03B,$0.00B,13.79%,$0.03B,$0.00B,10.34%,$0.00B,$0.03B,11.11%,$0.00B,$0.03B,11.11%,$0.00B,$0.03B,9.45%,$0.00B,$0.03B,14.81%,$5,$3,$2,$0,$2,$6,$-1,$0,$-1,$-0,$-1,$-1,$-1,$-1,$-1,$15,15,$-0.05,$-0.05,$20,$2,$0,$25,$6,$0,$0,$0,$6,$32,$4,$0,$0,$1,$5,$0,$6,$0,$26,$32,$-1,$0,$0,$0,$0,$-0,$0,$2,$2,$2,$-0,$-0,$0,$0,$0,$0,$0,$-0,$0,$0,$0,$0,$0,$0,$0,$0,$2,$0,$0
33,2010-06-30,4.6,$1.81,2.54,$2.66,1.73,$1.92,2.4,$0.64,7.19,$0.03B,$0.00B,6.88,$0.00B,$0.03B,0.0,$0.04B,$0.02B,61.54%,$0.04B,$0.01B,35.90%,$0.04B,$0.01B,35.90%,$0.04B,$0.02B,41.03%,$0.04B,$0.01B,35.90%,$0.04B,$0.01B,25.64%,$0.01B,$0.03B,40.82%,$0.01B,$0.03B,40.82%,$0.01B,$0.03B,33.90%,$0.01B,$0.03B,57.14%,$4,$3,$1,$0,$3,$6,$-2,$0,$-2,$-0,$-1,$-1,$-1,$-1,$-2,$14,15,$-0.11,$-0.08,$18,$2,$0,$25,$6,$0,$0,$0,$6,$32,$4,$0,$0,$1,$5,$0,$7,$0,$27,$32,$9,$1,$1,$2,$-0,$1,$0,$-2,$-2,$9,$-3,$-0,$0,$0,$0,$0,$0,$-3,$0,$0,$0,$6,$6,$0,$1,$7,$13,$1,$0
34,2010-03-31,6.54,$1.87,3.49,$2.86,2.29,$1.66,3.94,$0.76,8.61,$0.03B,$0.00B,8.16,$0.00B,$0.03B,0.0,$0.04B,$0.03B,64.29%,$0.04B,$0.02B,40.48%,$0.04B,$0.02B,40.48%,$0.04B,$0.02B,42.86%,$0.04B,$0.02B,40.48%,$0.04B,$0.01B,28.57%,$0.01B,$0.03B,59.26%,$0.01B,$0.03B,60.00%,$0.01B,$0.03B,47.52%,$0.02B,$0.03B,83.95%,$4,$3,$1,$0,$2,$5,$-1,$0,$-1,$-0,$-1,$-1,$-1,$-1,$-1,$15,15,$-0.07,$-0.07,$20,$2,$0,$26,$5,$0,$0,$0,$6,$31,$3,$0,$0,$1,$4,$0,$8,$0,$27,$31,$10,$1,$1,$2,$0,$0,$0,$-2,$-2,$10,$-2,$-0,$0,$0,$0,$0,$0,$-2,$0,$0,$0,$6,$6,$0,$1,$7,$15,$1,$0
35,2009-12-31,9.6,$1.91,5.01,$3.03,3.16,$0.96,10.03,$0.92,10.43,$0.03B,$0.00B,8.26,$0.00B,$0.03B,0.0,$0.04B,$0.03B,68.18%,$0.04B,$0.02B,45.45%,$0.04B,$0.02B,45.45%,$0.04B,$0.02B,47.73%,$0.04B,$0.02B,45.45%,$0.04B,$0.01B,31.82%,$0.01B,$0.03B,90.32%,$0.01B,$0.03B,91.80%,$0.01B,$0.03B,68.29%,$0.02B,$0.03B,129.03%,$16,$5,$11,$0,$2,$8,$8,$0,$8,$3,$6,$6,$6,$9,$8,$14,15,$0.40,$0.38,$22,$2,$0,$27,$4,$0,$0,$0,$5,$32,$3,$0,$0,$1,$4,$0,$9,$0,$28,$32,$11,$0,$1,$1,$-0,$1,$0,$0,$-2,$11,$-1,$-0,$0,$0,$0,$0,$0,$-1,$0,$0,$0,$6,$6,$0,$1,$6,$17,$1,$0
36,2009-09-30,9.85,$1.20,8.22,$2.20,4.47,$0.25,39.45,$0.66,14.92,$0.02B,$0.01B,3.21,$0.00B,$0.02B,0.0,$0.03B,$0.02B,64.52%,$0.03B,$0.01B,38.71%,$0.03B,$0.01B,38.71%,$0.03B,$0.01B,38.71%,$0.03B,$0.01B,38.71%,$0.03B,$0.01B,32.26%,$0.01B,$0.02B,97.56%,$0.01B,$0.02B,100.00%,$0.01B,$0.02B,67.80%,$0.01B,$0.02B,117.07%,$15,$4,$11,$0,$2,$6,$9,$0,$9,$3,$6,$6,$6,$9,$9,$13,15,$0.44,$0.40,$8,$3,$0,$19,$4,$0,$0,$0,$4,$23,$6,$0,$0,$1,$7,$0,$4,$0,$16,$23,$6,$0,$1,$1,$-5,$-0,$0,$0,$-4,$3,$-0,$-0,$0,$0,$0,$0,$0,$-0,$0,$0,$0,$0,$0,$0,$0,$1,$4,$0,$0
37,2009-06-30,6.36,$0.72,8.81,$1.46,4.37,$0.06,106.89,$0.30,21.2,$0.01B,$0.01B,1.93,$0.00B,$0.01B,0.0,$0.02B,$0.01B,55.00%,$0.02B,$0.00B,20.00%,$0.02B,$0.00B,20.00%,$0.02B,$0.00B,20.00%,$0.02B,$0.00B,20.00%,$0.02B,$0.01B,25.00%,$0.01B,$0.01B,68.97%,$0.01B,$0.01B,71.43%,$0.01B,$0.02B,46.51%,$0.00B,$0.01B,55.17%,$7,$3,$4,$0,$3,$6,$1,$0,$1,$0,$1,$1,$1,$1,$1,$13,14,$0.06,$0.06,$5,$2,$0,$9,$3,$0,$0,$0,$6,$15,$5,$0,$0,$1,$6,$0,$-2,$0,$10,$15,$4,$0,$-0,$0,$-0,$-2,$0,$-0,$0,$5,$-2,$-0,$0,$0,$0,$0,$0,$-3,$0,$0,$0,$0,$0,$0,$0,$0,$3,$1,$0
38,2009-03-31,3.25,$0.64,5.05,$1.20,2.71,$-0.12,0.0,$0.21,15.48,$0.01B,$0.00B,2.28,$0.00B,$0.01B,0.0,$0.02B,$0.01B,50.00%,$0.02B,$0.00B,18.75%,$0.02B,$0.00B,18.75%,$0.02B,$0.00B,18.75%,$0.02B,$0.00B,18.75%,$0.02B,$0.00B,25.00%,$0.00B,$0.01B,72.73%,$0.00B,$0.01B,72.73%,$0.00B,$0.01B,47.06%,$0.00B,$0.01B,54.55%,$6,$2,$4,$0,$1,$4,$2,$-0,$2,$1,$1,$1,$1,$2,$2,$13,14,$0.10,$0.09,$1,$1,$0,$7,$3,$0,$0,$0,$5,$12,$3,$0,$0,$1,$3,$0,$-3,$0,$8,$12,$4,$0,$-1,$-1,$-3,$-1,$0,$-0,$-3,$-0,$-1,$-0,$0,$0,$0,$0,$0,$-2,$0,$0,$0,$0,$0,$0,$0,$0,$-1,$0,$0
39,2008-12-31,1.6,$0.53,3.04,$1.01,1.58,$-0.02,0.0,$0.11,14.55,$0.00B,$0.00B,2.11,$0.00B,$0.01B,0.0,$0.01B,$0.01B,38.46%,$0.01B,$0.00B,7.69%,$0.01B,$0.00B,7.69%,$0.01B,$0.00B,7.69%,$0.01B,$0.00B,7.69%,$0.01B,$0.00B,23.08%,$0.00B,$0.01B,70.59%,$0.00B,$0.01B,70.59%,$0.00B,$0.01B,42.86%,$0.00B,$0.01B,22.22%,$3,$2,$1,$0,$1,$4,$-0,$0,$-0,$-2,$2,$2,$2,$-0,$-0,$13,14,$0.12,$0.11,$2,$1,$0,$4,$2,$0,$0,$0,$5,$9,$2,$0,$0,$1,$3,$0,$-4,$0,$7,$9,$2,$0,$-2,$-2,$0,$-0,$0,$0,$-0,$0,$-1,$-0,$0,$0,$0,$0,$0,$-1,$0,$0,$0,$0,$0,$0,$0,$0,$0,$0,$0
40,2008-09-30,2.8,$0.29,9.69,$1.04,2.68,$0.02,142.13,$0.02,140.0,$0.01B,$0.00B,2.04,$0.00B,$0.00B,0.0,$0.01B,$0.01B,42.86%,$0.01B,$0.00B,7.14%,$0.01B,$0.00B,7.14%,$0.01B,$0.00B,7.14%,$0.01B,$0.00B,7.14%,$0.01B,$0.00B,7.14%,$0.00B,$0.00B,30.77%,$0.00B,$0.00B,30.77%,$0.00B,$0.01B,16.00%,$0.00B,$0.00B,28.57%,$4,$2,$2,$0,$1,$4,$1,$0,$1,$0,$1,$1,$1,$1,$1,$13,14,$0.05,$0.04,$3,$1,$0,$5,$2,$0,$0,$0,$2,$7,$3,$0,$0,$1,$3,$0,$-6,$0,$4,$7,$1,$0,$0,$0,$-1,$0,$0,$0,$-0,$1,$-0,$-0,$0,$0,$0,$0,$0,$-0,$0,$0,$0,$0,$0,$0,$0,$0,$1,$0,$0
41,2008-06-30,2.75,$0.23,11.99,$0.98,2.8,$-0.01,0.0,0,0.0,$0.00B,$0.00B,1.83,$0.00B,$0.00B,0.0,$0.01B,$0.01B,38.46%,$0.01B,0,0.00%,$0.01B,0,0.00%,$0.01B,0,0.00%,$0.01B,0,0.00%,$0.01B,0,0.00%,$0.00B,$0.00B,0.00%,$0.00B,$0.00B,0.00%,$0.00B,$0.01B,0.00%,$0.00B,$0.00B,0.00%,$3,$2,$1,$0,$1,$3,$-0,$-0,$-0,$-0,$-0,$-0,$-0,$-0,$-0,$13,13,$-0.04,$-0.04,$2,$1,$0,$4,$1,$0,$0,$0,$2,$6,$2,$0,$0,$1,$3,$0,$-6,$0,$3,$6,$0,$0,$0,$0,$0,$-0,$0,$0,$0,$1,$-1,$-0,$0,$0,$0,$0,$-1,$-1,$-0,$-0,$0,$1,$1,$0,$0,$1,$-0,$0,$0
42,2008-03-31,2.35,$0.00,0.0,$1.01,2.33,$0.07,35.34,$0.04,58.75,$0.00B,$0.00B,2.41,$0.00B,$0.00B,0.16,$0.01B,$0.01B,38.46%,$0.01B,0,0.00%,$0.01B,0,0.00%,$0.01B,0,0.00%,$0.01B,0,0.00%,$0.01B,0,0.00%,$0.00B,$0.00B,0.00%,$0.00B,$0.00B,0.00%,$0.00B,$0.01B,0.00%,$0.00B,$0.00B,0.00%,$3,$2,$1,$0,$1,$3,$-0,$0,$-0,$0,$-0,$-0,$-0,$-0,$-0,$12,12,$-0.01,$-0.01,$2,$1,$0,$4,$2,$0,$0,$0,$2,$6,$2,$1,$0,$1,$2,$0,$-6,$0,$3,$6,$1,$0,$0,$0,$0,$-0,$0,$0,$-0,$0,$-1,$-0,$0,$0,$0,$0,$0,$-1,$-0,$0,$-0,$1,$1,$0,$0,$1,$0,$0,$0
43,2007-12-31,2.95,$0.00,0.0,$0.99,2.98,$0.13,22.48,$0.06,49.17,$0.01B,$0.00B,2.21,$0.00B,$0.00B,0.0,$0.01B,$0.01B,38.46%,$0.01B,0,0.00%,$0.01B,0,0.00%,$0.01B,0,0.00%,$0.01B,0,0.00%,$0.01B,0,0.00%,$0.00B,$0.00B,0.00%,$0.00B,$0.00B,0.00%,$0.00B,$0.01B,0.00%,$0.00B,$0.00B,0.00%,$4,$2,$2,$0,$1,$3,$0,$0,$0,$0,$0,$0,$0,$0,$0,$12,13,$0.03,$0.03,$3,$1,$0,$5,$2,$0,$0,$0,$2,$6,$2,$0,$0,$1,$3,$0,$-6,$0,$3,$6,$1,$0,$0,$0,$-0,$-0,$0,$0,$-0,$1,$-0,$-0,$0,$0,$0,$0,$0,$-0,$-0,$0,$-0,$0,$0,$0,$0,$0,$1,$0,$0
44,2007-09-30,2.6,$0.00,0.0,$0.99,2.64,$0.14,18.36,$0.07,37.14,$0.00B,$0.00B,2.09,$0.00B,$0.00B,0.0,$0.01B,$0.00B,33.33%,$0.01B,0,0.00%,$0.01B,0,0.00%,$0.01B,0,0.00%,$0.01B,0,0.00%,$0.01B,0,0.00%,$0.00B,$0.00B,0.00%,$0.00B,$0.00B,0.00%,$0.00B,$0.01B,0.00%,$0.00B,$0.00B,0.00%,$3,$2,$1,$0,$1,$3,$0,$0,$0,$0,$0,$0,$0,$0,$0,$12,14,$0.02,$0.02,$2,$1,$0,$4,$2,$0,$0,$0,$2,$5,$2,$0,$0,$0,$3,$0,$-6,$0,$3,$5,$0,$0,$0,$0,$-0,$-0,$0,$0,$-0,$0,$-0,$-0,$0,$0,$0,$0,$0,$-0,$-0,$0,$-0,$0,$0,$0,$0,$0,$0,$0,$0
45,2007-06-30,2.99,$0.18,16.61,$1.01,2.97,$0.15,20.38,$0.08,37.38,$0.00B,$0.00B,1.96,$0.00B,$0.00B,0.0,$0.01B,$0.00B,33.33%,$0.01B,0,0.00%,$0.01B,0,0.00%,$0.01B,0,0.00%,$0.01B,0,0.00%,$0.01B,0,0.00%,$0.00B,$0.00B,0.00%,$0.00B,$0.00B,0.00%,$0.00B,$0.01B,0.00%,$0.00B,$0.00B,0.00%,$3,$2,$1,$0,$1,$3,$-0,$0,$-0,$0,$-0,$-0,$-0,$0,$-0,$12,12,$0.00,$0.00,$2,$0,$0,$4,$1,$0,$0,$0,$2,$5,$2,$0,$0,$0,$3,$0,$-7,$0,$2,$5,$1,$0,$0,$0,$-0,$-0,$0,$0,$0,$1,$-0,$-0,$0,$0,$0,$0,$-0,$-0,$-0,$-0,$0,$1,$1,$0,$0,$1,$2,$0,$0
46,2007-03-31,3.45,$0.00,0.0,$1.01,3.41,$0.09,36.39,$0.08,43.13,$0.00B,$0.00B,1.93,$0.00B,$0.00B,0.0,$0.01B,$0.00B,33.33%,$0.01B,0,0.00%,$0.01B,0,0.00%,$0.01B,0,0.00%,$0.01B,0,0.00%,$0.01B,0,0.00%,$0.00B,$0.00B,0.00%,$0.00B,$0.00B,0.00%,$0.00B,$0.00B,0.00%,$0.00B,$0.00B,0.00%,$3,$2,$1,$0,$1,$3,$0,$-0,$0,$0,$0,$0,$0,$0,$0,$12,13,$0.01,$0.01,$2,$0,$0,$4,$1,$0,$0,$0,$2,$4,$2,$0,$0,$0,$2,$0,$-7,$0,$2,$4,$1,$0,$0,$0,$0,$0,$0,$0,$-0,$1,$-0,$0,$0,$0,$0,$0,$-0,$-0,$0,$-0,$0,$0,$1,$0,$0,$1,$1,$0,$0
47,2006-12-31,2.45,$0.00,0.0,$1.03,2.37,$0.08,31.57,$0.07,35.0,$0.00B,$0.00B,1.47,$0.00B,$0.00B,0.0,$0.01B,$0.00B,33.33%,$0.01B,0,0.00%,$0.01B,0,0.00%,$0.01B,0,0.00%,$0.01B,0,0.00%,$0.01B,0,0.00%,$0.00B,$0.00B,0.00%,$0.00B,$0.00B,0.00%,$0.00B,$0.00B,0.00%,$0.00B,$0.00B,0.00%,$3,$2,$1,$0,$1,$3,$0,$0,$0,$0,$0,$0,$0,$0,$0,$11,12,$0.04,$0.04,$1,$0,$0,$3,$1,$0,$0,$0,$1,$3,$2,$0,$0,$0,$2,$0,$-7,$0,$1,$3,$1,$0,$0,$0,$0,$0,$0,$0,$-0,$1,$-0,$0,$0,$0,$0,$0,$-0,$-0,$0,$-0,$0,$0,$0,$0,$0,$0,$1,$0,$0
