,Date,Stock Price,Book Value per Share,Price to Book Ratio,TTM Sales per Share,Price to Sales Ratio,TTM FCF per Share,Price to FCF Ratio,TTM Net EPS,PE Ratio,Current Assets,Current Liabilities,Current Ratio,Long Term Debt,Shareholder's Equity_x,Debt to Equity Ratio,TTM Revenue_x,TTM Gross Profit,Gross Margin,TTM Revenue_y,TTM Operating Income,Operating Margin,TTM Revenue_x,TTM EBIT,EBIT Margin,TTM Revenue_y,TTM EBITDA,EBITDA Margin,TTM Revenue_x,TTM Pre-Tax Income,Pre-Tax Margin,TTM Revenue_y,TTM Net Income_x,Net Margin,TTM Net Income_y,Shareholder's Equity_y,Return on Equity,TTM Net Income_x,Tangible Equity,Return on Tangible Equity,TTM Net Income_y,Total Assets,Return on Assets,TTM Net Income,LT Investments & Debt,Return on Investment,revenue,cost-goods-sold,gross-profit,research-development-expenses,selling-general-administrative-expenses,operating-expenses,operating-income,total-non-operating-income-expense,pre-tax-income,total-provision-income-taxes,income-after-taxes,income-from-continuous-operations,net-income,ebitda,ebit,basic-shares-outstanding,shares-outstanding,eps-basic-net-earnings-per-share,eps-earnings-per-share-diluted,cash-on-hand,inventory,other-current-assets,total-current-assets,net-property-plant-equipment,long-term-investments,goodwill-intangible-assets-total,other-long-term-assets,total-long-term-assets,total-assets,total-current-liabilities,long-term-debt,other-non-current-liabilities,total-long-term-liabilities,total-liabilities,common-stock-net,retained-earnings-accumulated-deficit,comprehensive-income,total-share-holder-equity,total-liabilities-share-holders-equity,net-income-loss,total-depreciation-amortization-cash-flow,other-non-cash-items,total-non-cash-items,change-in-accounts-receivable,change-in-inventories,change-in-accounts-payable,change-in-assets-liabilities,total-change-in-assets-liabilities,cash-flow-from-operating-activities,net-change-in-property-plant-equipment,net-change-in-intangible-assets,net-acquisitions-divestitures,net-change-in-short-term-investments,net-change-in-long-term-investments,net-change-in-investments-total,investing-activities-other,cash-flow-from-investing-activities,net-long-term-debt,net-current-debt,debt-issuance-retirement-net-total,net-common-equity-issued-repurchased,net-total-equity-issued-repurchased,total-common-preferred-stock-dividends-paid,financial-activities-other,cash-flow-from-financial-activities,net-cash-flow,stock-based-compensation,common-stock-dividends-paid
0,2018-09-30,23.21,$17.25,1.35,$8.93,2.6,$5.97,3.88,$1.85,12.55,$1.70B,$1.89B,0.9,$0.02B,$0.21B,0.1,$0.11B,$0.09B,76.58%,$0.11B,$0.04B,31.53%,$0.11B,0,0.00%,$0.11B,0,0.00%,$0.11B,$0.04B,31.53%,$0.11B,$0.02B,19.82%,$0.02B,$0.21B,10.59%,$0.02B,$0.19B,12.19%,$0.02B,$2.14B,1.03%,$0.04B,$0.23B,13.71%,$28,$7,$21,$0,$12,$19,$9,$-0,$9,$2,$7,$7,$7,$0,$0,$12,12,$0.56,$0.55,$54,$0,$0,$1696,$37,$302,$26,$78,$443,$2139,$1889,$20,$15,$36,$1925,$82,$136,$-3,$214,$2139,$21,$5,$2,$7,$-1,$0,$0,$1,$1,$28,$-4,$0,$0,$0,$31,$31,$-43,$-16,$-45,$-12,$-57,$0,$0,$-5,$51,$-11,$1,$0,$-5
1,2018-06-30,26.84,$16.96,1.58,$8.79,3.05,$5.17,5.19,$1.78,15.08,$1.67B,$1.84B,0.91,$0.04B,$0.21B,0.19,$0.11B,$0.09B,77.98%,$0.11B,$0.03B,31.19%,$0.11B,0,0.00%,$0.11B,0,0.00%,$0.11B,$0.03B,31.19%,$0.11B,$0.02B,19.27%,$0.02B,$0.21B,10.29%,$0.02B,$0.18B,11.90%,$0.02B,$2.11B,0.99%,$0.03B,$0.25B,12.94%,$28,$6,$21,$0,$13,$20,$8,$0,$8,$2,$6,$6,$6,$0,$0,$12,12,$0.51,$0.51,$46,$0,$0,$1672,$36,$296,$27,$77,$435,$2108,$1842,$40,$15,$55,$1898,$82,$130,$-1,$210,$2108,$14,$3,$1,$4,$-0,$0,$0,$-0,$-1,$17,$-2,$0,$0,$0,$41,$41,$-26,$13,$-25,$-48,$-73,$0,$0,$-3,$40,$-37,$-6,$0,$-3
2,2018-03-31,24.89,$16.58,1.5,$8.70,2.86,$4.13,6.02,$1.70,14.64,$1.69B,$1.85B,0.91,$0.07B,$0.21B,0.32,$0.11B,$0.09B,80.37%,$0.11B,$0.04B,32.71%,$0.11B,0,0.00%,$0.11B,0,0.00%,$0.11B,$0.03B,31.78%,$0.11B,$0.02B,18.69%,$0.02B,$0.21B,10.01%,$0.02B,$0.18B,11.63%,$0.02B,$2.14B,0.95%,$0.04B,$0.27B,13.22%,$28,$6,$22,$0,$12,$18,$9,$0,$9,$2,$7,$7,$7,$0,$0,$12,12,$0.60,$0.60,$47,$0,$0,$1687,$36,$310,$27,$75,$448,$2135,$1848,$65,$17,$82,$1930,$81,$126,$-1,$205,$2135,$7,$2,$-0,$2,$-0,$0,$0,$2,$2,$11,$-1,$0,$0,$0,$29,$29,$-39,$-11,$-0,$-57,$-57,$0,$0,$-2,$54,$-5,$-5,$0,$-2
3,2017-12-31,26.06,$16.30,1.6,$8.34,3.12,$3.84,6.79,$0.95,27.43,$1.66B,$1.85B,0.89,$0.07B,$0.20B,0.32,$0.10B,$0.08B,80.81%,$0.10B,$0.02B,23.23%,$0.10B,0,0.00%,$0.10B,0,0.00%,$0.10B,$0.02B,22.22%,$0.10B,$0.01B,11.11%,$0.01B,$0.20B,5.88%,$0.01B,$0.17B,6.77%,$0.01B,$2.13B,0.54%,$0.02B,$0.27B,9.13%,$27,$5,$21,$0,$12,$18,$9,$-0,$9,$6,$2,$2,$2,$0,$0,$12,12,$0.24,$0.24,$53,$0,$0,$1655,$34,$344,$28,$74,$480,$2134,$1851,$65,$16,$82,$1933,$81,$120,$2,$202,$2134,$12,$6,$6,$13,$-1,$0,$0,$0,$-0,$24,$-1,$0,$39,$0,$37,$37,$-61,$14,$-1,$19,$18,$0,$0,$-5,$-45,$-32,$6,$0,$-5
4,2017-09-30,25.3,$18.51,1.37,$8.06,3.14,$4.29,5.9,$1.20,21.08,$1.62B,$1.82B,0.89,$0.07B,$0.20B,0.33,$0.09B,$0.08B,80.65%,$0.09B,$0.02B,23.66%,$0.09B,0,0.00%,$0.09B,0,0.00%,$0.09B,$0.02B,21.51%,$0.09B,$0.01B,15.05%,$0.01B,$0.20B,7.99%,$0.01B,$0.17B,9.06%,$0.01B,$2.10B,0.72%,$0.02B,$0.26B,9.14%,$26,$5,$21,$0,$12,$18,$8,$-0,$8,$2,$6,$6,$6,$0,$0,$12,12,$0.48,$0.48,$51,$0,$0,$1619,$34,$341,$28,$79,$482,$2101,$1820,$65,$17,$83,$1902,$80,$119,$0,$199,$2101,$10,$5,$1,$6,$-1,$0,$0,$1,$0,$16,$-1,$0,$39,$0,$40,$40,$-26,$52,$-1,$-29,$-30,$-0,$-0,$-4,$-29,$-63,$5,$0,$-4
5,2017-06-30,21.59,$15.70,1.37,$7.69,2.81,$4.90,4.4,$1.12,19.28,$1.60B,$1.82B,0.88,$0.07B,$0.19B,0.34,$0.09B,$0.07B,80.23%,$0.09B,$0.02B,23.26%,$0.09B,0,0.00%,$0.09B,0,0.00%,$0.09B,$0.02B,20.93%,$0.09B,$0.01B,13.95%,$0.01B,$0.19B,7.32%,$0.01B,$0.17B,8.09%,$0.01B,$2.10B,0.66%,$0.02B,$0.26B,8.45%,$26,$4,$22,$0,$12,$17,$9,$-1,$8,$2,$5,$5,$5,$0,$0,$12,12,$0.43,$0.43,$54,$0,$0,$1600,$33,$351,$28,$83,$495,$2095,$1820,$65,$17,$83,$1902,$80,$115,$-0,$193,$2095,$4,$3,$1,$4,$-1,$0,$0,$-3,$-4,$4,$-1,$0,$39,$0,$31,$31,$-5,$65,$-1,$-26,$-27,$-0,$-0,$-3,$-32,$-62,$7,$0,$-3
6,2017-03-31,21.03,$14.29,1.47,$7.27,2.89,$5.74,3.67,$1.09,19.3,$1.36B,$1.53B,0.89,$0.07B,$0.15B,0.43,$0.08B,$0.06B,79.49%,$0.08B,$0.02B,21.79%,$0.08B,0,0.00%,$0.08B,0,0.00%,$0.08B,$0.02B,20.51%,$0.08B,$0.01B,14.10%,$0.01B,$0.15B,7.17%,$0.01B,$0.14B,7.71%,$0.01B,$1.78B,0.65%,$0.02B,$0.22B,7.28%,$20,$4,$16,$0,$19,$23,$-3,$-0,$-3,$-1,$-2,$-2,$-2,$0,$0,$11,11,$-0.15,$-0.15,$58,$0,$0,$1357,$26,$295,$14,$84,$419,$1776,$1530,$66,$27,$93,$1623,$47,$111,$-3,$154,$1776,$-2,$1,$-3,$-2,$0,$0,$0,$10,$10,$7,$-2,$0,$0,$0,$-17,$-17,$15,$-4,$-0,$4,$4,$0,$0,$-1,$6,$9,$12,$0,$-1
7,2016-12-31,26.74,$14.47,1.85,$7.07,3.78,$5.95,4.49,$1.62,16.51,$1.36B,$1.52B,0.9,$0.07B,$0.16B,0.43,$0.08B,$0.06B,80.26%,$0.08B,$0.03B,34.21%,$0.08B,0,0.00%,$0.08B,0,0.00%,$0.08B,$0.03B,32.89%,$0.08B,$0.02B,22.37%,$0.02B,$0.16B,11.22%,$0.02B,$0.14B,11.93%,$0.02B,$1.76B,1.05%,$0.03B,$0.22B,10.88%,$21,$4,$16,$0,$9,$13,$8,$-1,$7,$2,$5,$5,$5,$0,$0,$11,11,$0.44,$0.43,$47,$0,$0,$1361,$24,$279,$14,$81,$398,$1759,$1520,$66,$17,$83,$1603,$47,$113,$-3,$155,$1759,$17,$6,$-1,$5,$0,$0,$0,$1,$1,$23,$3,$0,$31,$0,$8,$8,$-171,$-129,$-29,$53,$24,$1,$1,$-4,$122,$142,$37,$0,$-4
8,2016-09-30,18.54,$14.37,1.29,$6.80,2.73,$6.72,2.76,$1.57,11.81,$1.28B,$1.39B,0.92,$0.09B,$0.15B,0.61,$0.07B,$0.06B,82.19%,$0.07B,$0.02B,32.88%,$0.07B,0,0.00%,$0.07B,0,0.00%,$0.07B,$0.02B,32.88%,$0.07B,$0.02B,21.92%,$0.02B,$0.15B,10.76%,$0.02B,$0.15B,11.35%,$0.02B,$1.66B,1.03%,$0.02B,$0.25B,9.87%,$19,$4,$15,$0,$8,$12,$6,$-0,$6,$2,$4,$4,$4,$0,$0,$11,11,$0.40,$0.40,$34,$0,$0,$1275,$22,$275,$7,$79,$383,$1658,$1391,$94,$19,$112,$1504,$46,$110,$-0,$154,$1658,$13,$4,$-0,$4,$1,$0,$0,$-1,$-0,$17,$3,$0,$0,$0,$14,$14,$-157,$-140,$-1,$63,$62,$0,$0,$-3,$90,$149,$25,$0,$-3
9,2016-06-30,16.85,$14.09,1.2,$6.69,2.52,$7.44,2.27,$1.51,11.16,$1.19B,$1.30B,0.91,$0.09B,$0.15B,0.63,$0.07B,$0.06B,81.94%,$0.07B,$0.02B,31.94%,$0.07B,0,0.00%,$0.07B,0,0.00%,$0.07B,$0.02B,31.94%,$0.07B,$0.02B,22.22%,$0.02B,$0.15B,11.02%,$0.02B,$0.14B,11.62%,$0.02B,$1.57B,1.06%,$0.02B,$0.25B,9.57%,$18,$4,$15,$0,$8,$12,$6,$-0,$6,$2,$4,$4,$4,$0,$0,$11,11,$0.40,$0.40,$13,$0,$0,$1185,$21,$274,$7,$77,$380,$1565,$1302,$94,$18,$112,$1415,$46,$107,$-0,$151,$1565,$8,$3,$-0,$3,$1,$0,$0,$-3,$-2,$9,$3,$0,$0,$0,$18,$18,$-87,$-66,$-1,$34,$33,$0,$0,$-2,$30,$61,$4,$0,$-2
10,2016-03-31,14.81,$13.68,1.08,$6.62,2.24,$8.04,1.84,$1.49,9.94,$1.12B,$1.25B,0.9,$0.10B,$0.15B,0.65,$0.07B,$0.06B,80.56%,$0.07B,$0.02B,31.94%,$0.07B,0,0.00%,$0.07B,0,0.00%,$0.07B,$0.02B,31.94%,$0.07B,$0.02B,22.22%,$0.02B,$0.15B,11.23%,$0.02B,$0.14B,11.85%,$0.02B,$1.51B,1.08%,$0.02B,$0.24B,9.63%,$18,$3,$15,$0,$9,$12,$6,$-0,$6,$2,$4,$4,$4,$0,$0,$11,11,$0.38,$0.38,$17,$0,$0,$1119,$22,$282,$7,$79,$389,$1509,$1248,$95,$20,$114,$1362,$46,$103,$-1,$146,$1509,$4,$1,$-0,$1,$0,$0,$0,$0,$1,$6,$1,$0,$0,$0,$8,$8,$-17,$-7,$-0,$-18,$-18,$0,$0,$-1,$28,$8,$7,$0,$-1
11,2015-12-31,11.29,$13.47,0.84,$6.64,1.7,$8.39,1.35,$1.52,7.43,$1.10B,$1.24B,0.89,$0.10B,$0.14B,0.66,$0.07B,$0.06B,80.56%,$0.07B,$0.02B,31.94%,$0.07B,0,0.00%,$0.07B,0,0.00%,$0.07B,$0.02B,31.94%,$0.07B,$0.02B,22.22%,$0.02B,$0.14B,11.43%,$0.02B,$0.14B,12.10%,$0.02B,$1.49B,1.08%,$0.02B,$0.24B,9.67%,$18,$3,$15,$0,$9,$12,$6,$0,$6,$2,$4,$4,$4,$0,$0,$10,11,$0.35,$0.37,$9,$0,$0,$1095,$22,$290,$7,$78,$397,$1492,$1238,$95,$15,$111,$1349,$46,$100,$-0,$144,$1492,$16,$6,$3,$9,$0,$0,$0,$-1,$-1,$24,$11,$0,$0,$0,$-6,$-6,$-63,$-59,$-19,$48,$29,$1,$1,$-4,$5,$32,$-3,$0,$-3
12,2015-09-30,11.11,$13.16,0.84,$6.76,1.64,$9.28,1.2,$1.45,7.66,$1.08B,$1.22B,0.89,$0.10B,$0.14B,0.68,$0.07B,$0.06B,80.28%,$0.07B,$0.02B,30.99%,$0.07B,0,0.00%,$0.07B,0,0.00%,$0.07B,$0.02B,30.99%,$0.07B,$0.02B,21.13%,$0.02B,$0.14B,10.95%,$0.02B,$0.13B,11.61%,$0.02B,$1.47B,1.03%,$0.02B,$0.24B,9.19%,$18,$3,$14,$0,$9,$12,$5,$0,$5,$2,$4,$4,$4,$0,$0,$11,11,$0.34,$0.34,$12,$0,$0,$1080,$20,$279,$8,$82,$389,$1469,$1217,$96,$16,$112,$1329,$46,$97,$-0,$140,$1469,$12,$5,$2,$7,$1,$0,$0,$-1,$-0,$19,$8,$0,$0,$0,$6,$6,$-46,$-32,$3,$0,$3,$1,$1,$-3,$11,$13,$-0,$0,$-3
13,2015-06-30,10.51,$12.92,0.81,$6.96,1.51,$9.21,1.14,$1.46,7.2,$1.08B,$1.23B,0.88,$0.10B,$0.14B,0.7,$0.07B,$0.06B,80.28%,$0.07B,$0.02B,30.99%,$0.07B,0,0.00%,$0.07B,0,0.00%,$0.07B,$0.02B,30.99%,$0.07B,$0.01B,19.72%,$0.01B,$0.14B,10.59%,$0.01B,$0.13B,11.24%,$0.01B,$1.48B,0.96%,$0.02B,$0.24B,9.19%,$18,$3,$14,$0,$9,$12,$6,$0,$6,$2,$4,$4,$4,$0,$0,$11,11,$0.38,$0.38,$13,$0,$0,$1083,$20,$285,$8,$83,$397,$1480,$1228,$99,$13,$112,$1340,$46,$94,$0,$140,$1480,$8,$3,$1,$5,$1,$0,$0,$-2,$-1,$12,$6,$0,$0,$0,$-0,$-0,$-46,$-41,$-15,$51,$36,$4,$4,$-2,$-8,$29,$1,$0,$-2
14,2015-03-31,11.12,$12.84,0.87,$7.09,1.57,$9.26,1.2,$1.33,8.36,$1.06B,$1.21B,0.88,$0.10B,$0.14B,0.75,$0.07B,$0.06B,80.00%,$0.07B,$0.02B,27.14%,$0.07B,0,0.00%,$0.07B,0,0.00%,$0.07B,$0.02B,27.14%,$0.07B,$0.01B,17.14%,$0.01B,$0.14B,9.49%,$0.01B,$0.13B,10.08%,$0.01B,$1.46B,0.83%,$0.02B,$0.24B,7.64%,$18,$3,$15,$0,$8,$12,$6,$0,$6,$2,$4,$4,$4,$0,$0,$9,10,$0.49,$0.41,$12,$0,$0,$1058,$20,$289,$8,$86,$403,$1460,$1207,$102,$16,$117,$1325,$43,$91,$2,$136,$1460,$4,$2,$1,$2,$1,$0,$0,$0,$1,$8,$3,$0,$0,$0,$-0,$-0,$-21,$-18,$-12,$25,$13,$1,$1,$-1,$-3,$10,$-0,$0,$-1
15,2014-12-31,11.01,$15.86,0.69,$7.13,1.54,$9.12,1.21,$1.17,9.41,$1.04B,$1.19B,0.88,$0.11B,$0.12B,0.93,$0.07B,$0.05B,78.26%,$0.07B,$0.02B,23.19%,$0.07B,0,0.00%,$0.07B,0,0.00%,$0.07B,$0.02B,23.19%,$0.07B,$0.01B,14.49%,$0.01B,$0.13B,8.25%,$0.01B,$0.12B,8.79%,$0.01B,$1.44B,0.70%,$0.02B,$0.25B,6.20%,$17,$4,$14,$0,$9,$13,$5,$0,$5,$1,$3,$3,$3,$0,$0,$8,10,$0.39,$0.32,$13,$0,$0,$1039,$20,$289,$8,$88,$405,$1444,$1185,$114,$13,$127,$1312,$33,$88,$2,$132,$1444,$11,$7,$8,$14,$-0,$0,$0,$0,$0,$26,$14,$0,$0,$0,$10,$10,$-88,$-64,$-86,$61,$-25,$8,$8,$-1,$58,$39,$1,$0,$0
16,2014-09-30,9.48,$16.27,0.58,$7.15,1.33,$9.00,1.05,$1.14,8.32,$1.01B,$1.18B,0.86,$0.12B,$0.11B,1.03,$0.07B,$0.05B,76.81%,$0.07B,$0.01B,20.29%,$0.07B,0,0.00%,$0.07B,0,0.00%,$0.07B,$0.01B,20.29%,$0.07B,$0.01B,14.49%,$0.01B,$0.12B,8.62%,$0.01B,$0.11B,9.22%,$0.01B,$1.43B,0.71%,$0.01B,$0.24B,5.10%,$18,$4,$14,$0,$9,$13,$5,$0,$5,$1,$3,$3,$3,$0,$0,$7,10,$0.42,$0.35,$13,$0,$0,$1012,$20,$290,$8,$99,$416,$1429,$1182,$115,$11,$125,$1307,$25,$85,$3,$121,$1429,$8,$5,$6,$11,$0,$0,$0,$-1,$-1,$18,$5,$0,$0,$0,$9,$9,$-61,$-47,$-85,$65,$-20,$0,$0,$-1,$51,$30,$1,$0,$0
17,2014-06-30,9.84,$15.75,0.62,$7.07,1.39,$9.69,1.02,$1.03,9.55,$1.01B,$1.15B,0.88,$0.16B,$0.11B,1.46,$0.07B,$0.05B,75.00%,$0.07B,$0.01B,17.65%,$0.07B,0,0.00%,$0.07B,0,0.00%,$0.07B,$0.01B,17.65%,$0.07B,$0.01B,13.24%,$0.01B,$0.12B,7.96%,$0.01B,$0.11B,8.55%,$0.01B,$1.44B,0.64%,$0.01B,$0.28B,4.10%,$17,$4,$13,$0,$9,$14,$3,$0,$3,$1,$2,$2,$2,$0,$0,$7,10,$0.30,$0.25,$14,$0,$0,$1013,$20,$295,$8,$100,$423,$1436,$1150,$158,$11,$169,$1318,$25,$82,$2,$117,$1436,$5,$3,$5,$8,$-0,$0,$0,$-1,$-1,$12,$5,$0,$0,$0,$4,$4,$-60,$-51,$-42,$29,$-13,$0,$0,$-0,$54,$41,$2,$0,$0
18,2014-03-31,9.48,$15.36,0.62,$7.07,1.34,$10.04,0.94,$0.91,10.42,$0.99B,$1.12B,0.88,$0.16B,$0.11B,1.52,$0.07B,$0.05B,73.53%,$0.07B,$0.01B,16.18%,$0.07B,0,0.00%,$0.07B,0,0.00%,$0.07B,$0.01B,16.18%,$0.07B,$0.01B,11.76%,$0.01B,$0.12B,7.24%,$0.01B,$0.11B,7.80%,$0.01B,$1.41B,0.58%,$0.01B,$0.27B,3.66%,$17,$4,$13,$0,$9,$14,$3,$0,$3,$1,$2,$2,$2,$0,$0,$7,10,$0.29,$0.25,$17,$0,$0,$985,$20,$288,$8,$104,$421,$1406,$1122,$160,$10,$170,$1292,$25,$79,$1,$115,$1406,$2,$2,$2,$3,$1,$0,$0,$1,$1,$7,$1,$0,$0,$0,$10,$10,$-28,$-16,$-40,$6,$-34,$0,$0,$-0,$49,$15,$5,$0,$0
19,2013-12-31,9.16,$14.91,0.61,$7.12,1.29,$10.06,0.91,$0.85,10.78,$0.96B,$1.07B,0.9,$0.20B,$0.10B,1.96,$0.07B,$0.05B,73.53%,$0.07B,$0.01B,14.71%,$0.07B,0,0.00%,$0.07B,0,0.00%,$0.07B,$0.01B,14.71%,$0.07B,$0.01B,11.76%,$0.01B,$0.11B,7.32%,$0.01B,$0.10B,7.90%,$0.01B,$1.39B,0.58%,$0.01B,$0.31B,3.23%,$17,$4,$13,$0,$9,$14,$3,$0,$3,$1,$3,$3,$3,$0,$0,$7,10,$0.34,$0.28,$12,$0,$0,$955,$21,$297,$8,$106,$431,$1386,$1067,$200,$9,$209,$1275,$25,$77,$-0,$111,$1386,$8,$8,$10,$18,$-0,$0,$0,$2,$2,$28,$10,$0,$0,$0,$-15,$-15,$-21,$-26,$-40,$59,$19,$0,$0,$-1,$-23,$-5,$-3,$0,$0
20,2013-09-30,8.0,$14.61,0.55,$7.64,1.05,$9.30,0.86,$0.78,10.26,$0.96B,$1.07B,0.9,$0.20B,$0.10B,2.01,$0.07B,$0.05B,73.97%,$0.07B,$0.01B,12.33%,$0.07B,0,0.00%,$0.07B,0,0.00%,$0.07B,$0.01B,12.33%,$0.07B,$0.01B,9.59%,$0.01B,$0.11B,6.44%,$0.01B,$0.10B,6.97%,$0.01B,$1.39B,0.51%,$0.01B,$0.31B,2.83%,$17,$5,$12,$0,$9,$14,$3,$0,$3,$1,$2,$2,$2,$0,$0,$7,10,$0.28,$0.24,$16,$0,$0,$961,$21,$299,$8,$98,$427,$1388,$1071,$200,$8,$208,$1279,$25,$75,$0,$109,$1388,$5,$6,$8,$14,$-0,$0,$0,$1,$1,$20,$10,$0,$0,$0,$-15,$-15,$-13,$-19,$-40,$50,$10,$0,$0,$-1,$-10,$-0,$1,$0,$0
21,2013-06-30,7.64,$14.41,0.53,$7.86,0.97,$8.55,0.89,$0.64,11.94,$0.95B,$1.06B,0.9,$0.20B,$0.10B,2.04,$0.08B,$0.06B,73.33%,$0.08B,$0.01B,9.33%,$0.08B,0,0.00%,$0.08B,0,0.00%,$0.08B,$0.01B,9.33%,$0.08B,$0.01B,8.00%,$0.01B,$0.11B,5.54%,$0.01B,$0.10B,6.00%,$0.01B,$1.37B,0.43%,$0.01B,$0.31B,2.13%,$17,$5,$12,$0,$10,$15,$2,$0,$2,$0,$1,$1,$1,$0,$0,$7,10,$0.14,$0.13,$12,$0,$0,$945,$21,$299,$8,$97,$425,$1370,$1055,$200,$8,$208,$1263,$25,$72,$1,$107,$1370,$3,$4,$6,$10,$-1,$0,$0,$-0,$-1,$11,$8,$0,$0,$0,$-12,$-12,$6,$2,$-40,$13,$-27,$0,$0,$-0,$11,$-16,$-2,$0,$0
22,2013-03-31,6.56,$14.79,0.44,$8.00,0.82,$8.08,0.81,$0.60,10.93,$0.96B,$1.07B,0.9,$0.20B,$0.10B,1.99,$0.08B,$0.05B,72.00%,$0.08B,$0.01B,9.33%,$0.08B,0,0.00%,$0.08B,0,0.00%,$0.08B,$0.01B,9.33%,$0.08B,$0.01B,8.00%,$0.01B,$0.11B,5.56%,$0.01B,$0.10B,6.03%,$0.01B,$1.39B,0.43%,$0.01B,$0.31B,2.00%,$17,$5,$13,$0,$10,$15,$2,$0,$2,$1,$2,$2,$2,$0,$0,$7,10,$0.22,$0.19,$12,$0,$0,$963,$21,$296,$8,$102,$427,$1390,$1072,$200,$8,$208,$1280,$25,$71,$5,$110,$1390,$2,$2,$2,$4,$0,$0,$0,$1,$1,$7,$2,$0,$0,$0,$-2,$-2,$-11,$-11,$-40,$2,$-38,$0,$0,$-0,$39,$1,$-3,$0,$0
23,2012-12-31,4.48,$14.62,0.31,$8.13,0.55,$7.78,0.58,$0.59,7.59,$0.96B,$1.03B,0.93,$0.24B,$0.10B,2.42,$0.08B,$0.05B,68.83%,$0.08B,$0.01B,9.09%,$0.08B,0,0.00%,$0.08B,0,0.00%,$0.08B,$0.01B,9.09%,$0.08B,$0.01B,7.79%,$0.01B,$0.11B,5.63%,$0.01B,$0.10B,6.12%,$0.01B,$1.39B,0.42%,$0.01B,$0.35B,1.87%,$22,$5,$17,$0,$15,$20,$2,$0,$2,$-0,$2,$2,$2,$0,$0,$7,10,$0.25,$0.23,$15,$0,$0,$958,$21,$296,$8,$104,$429,$1387,$1031,$240,$8,$247,$1279,$25,$70,$5,$109,$1387,$6,$6,$14,$20,$-0,$0,$0,$-4,$-4,$22,$9,$0,$0,$0,$9,$9,$12,$29,$-67,$-12,$-79,$0,$0,$-1,$11,$-69,$-18,$0,$0
24,2012-09-30,4.62,$14.46,0.32,$8.87,0.52,$8.32,0.56,$0.53,8.72,$0.96B,$1.05B,0.92,$0.24B,$0.10B,2.45,$0.08B,$0.05B,67.50%,$0.08B,$0.01B,8.75%,$0.08B,0,0.00%,$0.08B,0,0.00%,$0.08B,$0.01B,8.75%,$0.08B,$0.01B,6.25%,$0.01B,$0.11B,4.76%,$0.01B,$0.10B,5.18%,$0.01B,$1.40B,0.35%,$0.01B,$0.35B,1.79%,$19,$6,$13,$0,$12,$18,$1,$0,$1,$0,$1,$1,$1,$0,$0,$7,10,$0.11,$0.10,$17,$0,$0,$964,$21,$308,$8,$103,$440,$1404,$1048,$240,$8,$248,$1297,$25,$68,$6,$107,$1404,$4,$4,$10,$14,$0,$0,$0,$-2,$-2,$16,$7,$0,$0,$0,$-1,$-1,$14,$20,$-67,$5,$-62,$0,$0,$-1,$11,$-51,$-15,$0,$0
25,2012-06-30,4.82,$14.24,0.34,$9.34,0.52,$9.09,0.53,$0.67,7.19,$0.97B,$1.01B,0.96,$0.29B,$0.10B,3.01,$0.08B,$0.05B,65.43%,$0.08B,$0.01B,11.11%,$0.08B,0,0.00%,$0.08B,0,0.00%,$0.08B,$0.01B,11.11%,$0.08B,$0.01B,7.41%,$0.01B,$0.11B,5.83%,$0.01B,$0.10B,6.37%,$0.01B,$1.42B,0.42%,$0.01B,$0.40B,2.22%,$17,$6,$11,$0,$9,$16,$2,$0,$2,$1,$1,$1,$1,$0,$0,$7,9,$0.10,$0.09,$19,$0,$0,$973,$21,$307,$8,$107,$443,$1416,$1013,$290,$8,$298,$1311,$25,$67,$5,$106,$1416,$3,$3,$6,$9,$-0,$0,$0,$-2,$-3,$9,$5,$0,$0,$0,$-0,$-0,$9,$14,$-17,$-5,$-22,$0,$0,$-0,$-15,$-37,$-14,$0,$0
26,2012-03-31,4.07,$14.06,0.29,$10.11,0.4,$9.14,0.45,$0.69,5.9,$1.00B,$1.03B,0.97,$0.30B,$0.10B,3.19,$0.08B,$0.05B,64.29%,$0.08B,$0.01B,9.52%,$0.08B,0,0.00%,$0.08B,0,0.00%,$0.08B,$0.01B,9.52%,$0.08B,$0.01B,7.14%,$0.01B,$0.10B,6.03%,$0.01B,$0.10B,6.61%,$0.01B,$1.44B,0.41%,$0.01B,$0.41B,1.96%,$19,$7,$12,$0,$9,$16,$2,$0,$2,$0,$2,$2,$2,$0,$0,$7,10,$0.20,$0.18,$31,$0,$0,$995,$22,$310,$9,$109,$449,$1444,$1027,$304,$9,$313,$1340,$25,$66,$4,$104,$1444,$2,$1,$2,$4,$-1,$0,$0,$-0,$-1,$5,$1,$0,$0,$0,$-4,$-4,$5,$2,$-3,$0,$-3,$0,$0,$-0,$-5,$-9,$-2,$0,$0
27,2011-12-31,2.52,$13.81,0.18,$10.57,0.24,$9.22,0.27,$0.47,5.37,$1.00B,$1.03B,0.97,$0.31B,$0.09B,3.29,$0.08B,$0.05B,62.65%,$0.08B,$0.01B,7.23%,$0.08B,0,0.00%,$0.08B,0,0.00%,$0.08B,$0.01B,7.23%,$0.08B,$0.00B,4.82%,$0.00B,$0.10B,4.18%,$0.00B,$0.09B,4.61%,$0.00B,$1.45B,0.27%,$0.01B,$0.41B,1.47%,$25,$7,$18,$0,$16,$24,$2,$0,$2,$0,$1,$1,$1,$0,$0,$7,8,$0.18,$0.18,$33,$0,$0,$1004,$22,$306,$9,$110,$446,$1450,$1032,$307,$8,$315,$1348,$25,$65,$4,$103,$1450,$4,$4,$12,$16,$0,$0,$0,$-2,$-1,$18,$13,$0,$0,$0,$-7,$-7,$-8,$-1,$-34,$14,$-19,$0,$6,$-0,$-20,$-34,$-18,$0,$0
28,2011-09-30,2.5,$13.32,0.19,$10.25,0.24,$10.73,0.23,$0.42,5.95,$1.01B,$1.05B,0.97,$0.31B,$0.09B,3.36,$0.08B,$0.05B,57.69%,$0.08B,$0.01B,6.41%,$0.08B,0,0.00%,$0.08B,0,0.00%,$0.08B,$0.01B,6.41%,$0.08B,$0.00B,5.13%,$0.00B,$0.10B,4.32%,$0.00B,$0.09B,4.79%,$0.00B,$1.47B,0.27%,$0.01B,$0.41B,1.21%,$20,$8,$12,$0,$9,$17,$3,$0,$3,$1,$2,$2,$2,$0,$0,$7,8,$0.25,$0.24,$43,$0,$0,$1013,$22,$312,$9,$108,$452,$1465,$1048,$308,$9,$317,$1366,$25,$64,$4,$99,$1465,$3,$3,$10,$13,$1,$0,$0,$-2,$-1,$14,$11,$0,$0,$0,$-13,$-13,$5,$4,$-32,$-1,$-33,$0,$4,$-0,$10,$-19,$-1,$0,$0
29,2011-06-30,2.93,$12.37,0.24,$10.76,0.27,$11.14,0.26,$0.15,19.54,$1.01B,$1.05B,0.96,$0.32B,$0.09B,3.61,$0.08B,$0.05B,56.25%,$0.08B,$0.00B,1.25%,$0.08B,0,0.00%,$0.08B,0,0.00%,$0.08B,$0.00B,1.25%,$0.08B,$0.00B,2.50%,$0.00B,$0.09B,2.22%,$0.00B,$0.08B,2.46%,$0.00B,$1.47B,0.14%,$0.00B,$0.41B,0.23%,$20,$8,$12,$0,$11,$19,$1,$0,$1,$0,$1,$1,$1,$0,$0,$7,7,$0.11,$0.11,$29,$0,$0,$1006,$23,$317,$9,$113,$462,$1468,$1048,$319,$9,$328,$1376,$25,$62,$2,$92,$1468,$1,$2,$8,$10,$0,$0,$0,$-3,$-3,$7,$5,$0,$0,$0,$-20,$-20,$20,$4,$-21,$0,$-21,$0,$0,$-0,$9,$-12,$-0,$0,$0
30,2011-03-31,3.6,$12.03,0.3,$11.04,0.33,$10.93,0.33,$-0.36,0.0,$1.04B,$1.06B,0.97,$0.32B,$0.09B,3.73,$0.08B,$0.05B,54.88%,$0.08B,$-0.01B,-6.10%,$0.08B,0,0.00%,$0.08B,0,0.00%,$0.08B,$-0.01B,-6.10%,$0.08B,$-0.00B,-2.44%,$-0.00B,$0.09B,-2.23%,$-0.00B,$0.08B,-2.48%,$-0.00B,$1.48B,-0.13%,$-0.01B,$0.41B,-1.12%,$18,$8,$10,$0,$10,$18,$-0,$0,$-0,$-0,$-0,$-0,$-0,$0,$0,$7,7,$-0.04,$-0.04,$51,$0,$0,$1036,$23,$315,$9,$99,$446,$1482,$1064,$320,$9,$329,$1393,$25,$61,$0,$89,$1482,$-0,$1,$4,$5,$0,$0,$0,$-2,$-2,$3,$2,$0,$0,$0,$-21,$-21,$10,$-9,$-21,$0,$-20,$0,$0,$-0,$25,$5,$-0,$0,$0
31,2010-12-31,3.75,$12.10,0.31,$11.77,0.32,$10.75,0.35,$-0.31,0.0,$1.05B,$1.04B,1.01,$0.34B,$0.09B,3.95,$0.09B,$0.05B,55.17%,$0.09B,$-0.01B,-5.75%,$0.09B,0,0.00%,$0.09B,0,0.00%,$0.09B,$-0.01B,-5.75%,$0.09B,$-0.00B,-2.30%,$-0.00B,$0.09B,-2.22%,$-0.00B,$0.08B,-2.48%,$-0.00B,$1.48B,-0.13%,$-0.01B,$0.43B,-1.08%,$20,$9,$11,$0,$11,$20,$1,$0,$1,$-0,$1,$1,$1,$0,$0,$7,7,$0.11,$0.11,$50,$0,$0,$1052,$23,$295,$9,$99,$426,$1478,$1039,$340,$9,$349,$1388,$25,$61,$1,$90,$1478,$-2,$1,$20,$21,$0,$0,$0,$2,$2,$21,$18,$0,$0,$0,$5,$5,$72,$94,$-77,$-48,$-126,$0,$0,$-0,$20,$-106,$9,$0,$0
32,2010-09-30,3.56,$12.15,0.29,$12.37,0.29,$8.24,0.43,$-0.49,0.0,$1.07B,$1.03B,1.04,$0.37B,$0.09B,4.22,$0.09B,$0.05B,55.43%,$0.09B,$-0.01B,-7.61%,$0.09B,0,0.00%,$0.09B,0,0.00%,$0.09B,$-0.01B,-7.61%,$0.09B,$-0.00B,-4.35%,$-0.00B,$0.09B,-4.43%,$-0.00B,$0.08B,-4.95%,$-0.00B,$1.50B,-0.26%,$-0.01B,$0.46B,-1.44%,$22,$10,$12,$0,$13,$23,$-1,$0,$-1,$-1,$-0,$-0,$-0,$0,$0,$7,7,$-0.03,$-0.03,$45,$0,$0,$1071,$23,$292,$9,$101,$426,$1496,$1032,$366,$8,$375,$1406,$25,$60,$2,$90,$1496,$-3,$1,$17,$18,$-1,$0,$0,$-5,$-6,$9,$17,$0,$0,$0,$10,$10,$48,$76,$-52,$-48,$-100,$0,$0,$-0,$13,$-88,$-2,$0,$0
33,2010-06-30,2.41,$11.97,0.2,$12.80,0.19,$6.12,0.39,$-0.27,0.0,$1.10B,$1.02B,1.08,$0.40B,$0.09B,4.66,$0.10B,$0.05B,55.79%,$0.10B,$-0.00B,-4.21%,$0.10B,0,0.00%,$0.10B,0,0.00%,$0.10B,$-0.00B,-4.21%,$0.10B,$-0.00B,-3.16%,$-0.00B,$0.09B,-3.31%,$-0.00B,$0.08B,-3.70%,$-0.00B,$1.52B,-0.19%,$-0.00B,$0.49B,-0.80%,$22,$10,$12,$0,$16,$27,$-5,$0,$-5,$-2,$-3,$-3,$-3,$0,$0,$7,7,$-0.40,$-0.40,$29,$0,$0,$1101,$24,$283,$9,$103,$419,$1520,$1024,$398,$9,$407,$1431,$25,$61,$0,$89,$1520,$-3,$0,$12,$13,$-0,$0,$0,$-2,$-2,$7,$3,$0,$0,$0,$17,$17,$34,$54,$-20,$-47,$-67,$0,$0,$-0,$4,$-64,$-3,$0,$0
34,2010-03-31,3.58,$12.19,0.29,$12.59,0.28,$5.80,0.62,$-0.33,0.0,$1.13B,$1.04B,1.09,$0.40B,$0.09B,4.57,$0.09B,$0.05B,53.76%,$0.09B,$-0.00B,-4.30%,$0.09B,0,0.00%,$0.09B,0,0.00%,$0.09B,$-0.00B,-4.30%,$0.09B,$-0.00B,-3.23%,$-0.00B,$0.09B,-3.35%,$-0.00B,$0.08B,-3.77%,$-0.00B,$1.54B,-0.19%,$-0.00B,$0.49B,-0.79%,$23,$10,$13,$0,$13,$23,$-0,$0,$-0,$-0,$0,$0,$0,$0,$0,$7,7,$0.01,$0.01,$14,$0,$0,$1134,$24,$287,$9,$83,$403,$1536,$1038,$398,$10,$407,$1446,$25,$64,$-1,$91,$1536,$0,$0,$5,$5,$-1,$0,$0,$-1,$-1,$4,$0,$0,$0,$0,$9,$9,$34,$44,$-20,$-22,$-42,$0,$0,$-0,$-6,$-49,$-2,$0,$0
35,2009-12-31,3.51,$12.21,0.29,$12.89,0.27,$5.83,0.6,$-0.10,0.0,$1.19B,$1.07B,1.11,$0.42B,$0.09B,4.8,$0.10B,$0.05B,53.68%,$0.10B,$-0.00B,-2.11%,$0.10B,0,0.00%,$0.10B,0,0.00%,$0.10B,$-0.00B,-2.11%,$0.10B,$-0.00B,-1.05%,$-0.00B,$0.09B,-1.14%,$-0.00B,$0.08B,-1.29%,$-0.00B,$1.59B,-0.06%,$-0.00B,$0.51B,-0.39%,$25,$11,$14,$0,$15,$26,$-1,$0,$-1,$-1,$-0,$-0,$-1,$0,$0,$7,7,$-0.07,$-0.08,$41,$0,$0,$1185,$24,$296,$9,$71,$400,$1585,$1067,$418,$9,$427,$1494,$25,$63,$-1,$91,$1585,$-1,$-1,$26,$25,$2,$0,$0,$-6,$-4,$20,$0,$0,$0,$0,$55,$55,$-37,$18,$6,$-103,$-98,$0,$4,$-0,$51,$-43,$-5,$0,$-0
36,2009-09-30,4.64,$12.38,0.37,$12.88,0.36,$5.96,0.78,$0.45,10.31,$1.17B,$1.04B,1.13,$0.43B,$0.09B,4.9,$0.10B,$0.05B,51.58%,$0.10B,$0.00B,3.16%,$0.10B,0,0.00%,$0.10B,0,0.00%,$0.10B,$0.00B,3.16%,$0.10B,$0.00B,4.21%,$0.00B,$0.09B,4.61%,$0.00B,$0.08B,5.19%,$0.00B,$1.58B,0.25%,$0.00B,$0.53B,0.58%,$25,$12,$14,$0,$12,$23,$2,$0,$2,$0,$1,$1,$1,$0,$0,$7,7,$0.19,$0.19,$11,$0,$0,$1174,$24,$309,$9,$61,$404,$1578,$1044,$433,$9,$442,$1486,$25,$64,$-0,$92,$1578,$-0,$-1,$12,$11,$1,$0,$0,$-4,$-3,$12,$-1,$0,$0,$0,$42,$42,$-9,$33,$21,$-79,$-59,$0,$4,$-0,$4,$-51,$-7,$0,$-0
37,2009-06-30,5.16,$11.28,0.46,$12.23,0.42,$6.66,0.78,$-0.77,0.0,$1.19B,$1.06B,1.12,$0.43B,$0.08B,5.16,$0.09B,$0.04B,47.78%,$0.09B,$-0.01B,-11.11%,$0.09B,0,0.00%,$0.09B,0,0.00%,$0.09B,$-0.01B,-11.11%,$0.09B,$-0.01B,-5.56%,$-0.01B,$0.08B,-5.95%,$-0.01B,$0.07B,-6.73%,$-0.01B,$1.58B,-0.31%,$-0.01B,$0.52B,-1.96%,$20,$12,$9,$0,$14,$26,$-5,$0,$-5,$-2,$-3,$-3,$-3,$0,$0,$7,7,$-0.47,$-0.46,$15,$0,$0,$1188,$24,$313,$10,$49,$396,$1584,$1059,$432,$9,$441,$1500,$25,$63,$-3,$84,$1584,$-2,$-0,$12,$11,$1,$0,$0,$-1,$-0,$9,$-1,$0,$0,$0,$32,$32,$-7,$24,$20,$-48,$-28,$0,$0,$-0,$-12,$-40,$-7,$0,$-0
38,2009-03-31,7.21,$11.28,0.64,$12.77,0.56,$6.70,1.08,$0.04,180.31,$1.21B,$1.08B,1.13,$0.43B,$0.08B,5.15,$0.09B,$0.05B,50.00%,$0.09B,$-0.00B,-1.06%,$0.09B,0,0.00%,$0.09B,0,0.00%,$0.09B,$-0.00B,-1.06%,$0.09B,$0.00B,1.06%,$0.00B,$0.08B,1.17%,$0.00B,$0.07B,1.31%,$0.00B,$1.60B,0.06%,$-0.00B,$0.51B,-0.20%,$25,$12,$14,$0,$12,$23,$2,$0,$2,$0,$2,$2,$2,$0,$0,$7,7,$0.24,$0.24,$15,$0,$0,$1210,$23,$320,$10,$36,$389,$1599,$1076,$431,$9,$440,$1515,$24,$66,$-7,$84,$1599,$2,$-0,$3,$3,$-0,$0,$0,$0,$0,$5,$-1,$0,$0,$0,$23,$23,$2,$23,$18,$-33,$-14,$0,$0,$0,$-10,$-25,$4,$0,$0
39,2008-12-31,8.24,$11.77,0.7,$12.94,0.64,$7.07,1.17,$0.31,26.57,$1.21B,$1.12B,1.08,$0.41B,$0.09B,4.73,$0.10B,$0.05B,48.96%,$0.10B,$0.00B,3.13%,$0.10B,0,0.00%,$0.10B,0,0.00%,$0.10B,$0.00B,3.13%,$0.10B,$0.00B,3.13%,$0.00B,$0.09B,3.42%,$0.00B,$0.08B,3.83%,$0.00B,$1.63B,0.19%,$0.00B,$0.50B,0.59%,$25,$12,$12,$0,$9,$21,$4,$0,$4,$0,$4,$4,$4,$0,$0,$7,7,$0.48,$0.48,$11,$0,$0,$1212,$22,$351,$10,$33,$415,$1627,$1119,$412,$9,$421,$1540,$24,$65,$-2,$87,$1627,$2,$1,$16,$18,$0,$0,$0,$0,$0,$20,$1,$0,$0,$0,$-60,$-60,$-164,$-223,$77,$-19,$58,$0,$0,$-3,$137,$192,$-10,$0,$-3
40,2008-09-30,10.54,$10.86,0.97,$13.25,0.8,$5.89,1.79,$-0.54,0.0,$1.18B,$1.04B,1.13,$0.43B,$0.08B,5.39,$0.10B,$0.05B,49.48%,$0.10B,$0.01B,5.15%,$0.10B,0,0.00%,$0.10B,0,0.00%,$0.10B,$0.00B,4.12%,$0.10B,$-0.00B,-4.12%,$-0.00B,$0.08B,-4.53%,$-0.00B,$0.07B,-5.10%,$-0.00B,$1.57B,-0.27%,$0.01B,$0.52B,1.01%,$20,$12,$8,$0,$19,$32,$-11,$0,$-11,$-3,$-8,$-8,$-8,$0,$0,$7,7,$-1.04,$-1.03,$24,$0,$0,$1178,$22,$328,$10,$30,$390,$1567,$1044,$434,$9,$443,$1487,$24,$62,$-6,$81,$1567,$-1,$1,$16,$18,$1,$0,$0,$-2,$-1,$15,$1,$0,$0,$0,$-44,$-43,$-110,$-153,$99,$-74,$25,$0,$0,$-1,$117,$140,$3,$0,$-1
41,2008-06-30,11.21,$12.34,0.91,$14.02,0.8,$5.88,1.91,$0.97,11.56,$1.16B,$1.01B,1.16,$0.42B,$0.09B,4.59,$0.10B,$0.05B,51.46%,$0.10B,$0.02B,21.36%,$0.10B,0,0.00%,$0.10B,0,0.00%,$0.10B,$0.02B,20.39%,$0.10B,$0.01B,7.77%,$0.01B,$0.09B,8.77%,$0.01B,$0.08B,9.82%,$0.01B,$1.53B,0.55%,$0.02B,$0.51B,4.79%,$24,$12,$13,$0,$9,$21,$4,$0,$4,$1,$3,$3,$3,$0,$0,$7,7,$0.35,$0.35,$23,$0,$0,$1162,$22,$307,$10,$25,$364,$1526,$1006,$420,$0,$420,$1435,$24,$70,$-3,$91,$1526,$6,$1,$3,$3,$-0,$0,$0,$-2,$-2,$8,$0,$0,$0,$-1,$-13,$-14,$-82,$-95,$84,$-24,$60,$0,$0,$-1,$29,$88,$0,$0,$-1
42,2008-03-31,12.57,$12.41,1.01,$13.96,0.9,$6.30,2.0,$1.04,12.09,$1.11B,$0.93B,1.19,$0.43B,$0.09B,4.7,$0.10B,$0.05B,49.02%,$0.10B,$0.02B,21.57%,$0.10B,0,0.00%,$0.10B,0,0.00%,$0.10B,$0.02B,20.59%,$0.10B,$0.01B,7.84%,$0.01B,$0.09B,8.99%,$0.01B,$0.08B,9.91%,$0.01B,$1.47B,0.58%,$0.02B,$0.52B,5.35%,$27,$13,$14,$0,$8,$21,$6,$0,$6,$2,$4,$4,$4,$0,$0,$7,7,$0.52,$0.51,$24,$0,$0,$1110,$22,$302,$10,$21,$355,$1465,$931,$432,$10,$442,$1373,$24,$69,$-1,$92,$1465,$4,$0,$0,$1,$1,$0,$0,$1,$3,$7,$-0,$0,$0,$-1,$-4,$-5,$-28,$-33,$97,$-78,$18,$0,$0,$0,$8,$27,$1,$0,$0
43,2007-12-31,12.09,$12.07,1.0,$13.58,0.89,$6.80,1.78,$0.89,13.58,$1.08B,$1.00B,1.08,$0.34B,$0.09B,3.75,$0.10B,$0.05B,46.94%,$0.10B,$0.02B,20.41%,$0.10B,0,0.00%,$0.10B,0,0.00%,$0.10B,$0.02B,19.39%,$0.10B,$0.01B,7.14%,$0.01B,$0.09B,8.09%,$0.01B,$0.08B,8.75%,$0.01B,$1.44B,0.53%,$0.02B,$0.43B,5.69%,$26,$13,$13,$0,$7,$21,$6,$0,$5,$2,$4,$4,$-3,$0,$0,$7,7,$-0.39,$-0.39,$22,$0,$0,$1083,$22,$300,$10,$20,$353,$1436,$1001,$335,$9,$345,$1346,$24,$65,$-0,$89,$1436,$6,$2,$1,$3,$6,$0,$0,$-2,$4,$13,$-1,$0,$0,$0,$-52,$-51,$-141,$-193,$140,$112,$251,$-0,$-0,$-2,$-60,$189,$9,$0,$-2
44,2007-09-30,16.02,$12.63,1.27,$13.26,1.21,$7.99,2.01,$1.29,12.42,$1.01B,$0.95B,1.06,$0.28B,$0.09B,3.03,$0.10B,$0.05B,46.88%,$0.10B,$0.04B,36.46%,$0.10B,0,0.00%,$0.10B,0,0.00%,$0.10B,$0.02B,18.75%,$0.10B,$0.01B,10.42%,$0.01B,$0.09B,11.90%,$0.01B,$0.08B,12.62%,$0.01B,$1.34B,0.78%,$0.04B,$0.38B,11.16%,$26,$13,$13,$0,$7,$21,$6,$0,$6,$2,$4,$4,$4,$0,$0,$7,7,$0.49,$0.49,$16,$0,$0,$1011,$22,$279,$10,$18,$329,$1341,$953,$283,$10,$294,$1247,$24,$69,$-0,$93,$1341,$9,$1,$1,$2,$6,$0,$0,$-1,$5,$16,$-1,$0,$0,$-2,$-31,$-33,$-73,$-106,$88,$64,$152,$0,$0,$-1,$-60,$90,$1,$0,$-1
45,2007-06-30,17.39,$11.56,1.5,$12.88,1.35,$8.47,2.05,$1.16,15.0,$0.98B,$0.95B,1.03,$0.24B,$0.08B,2.89,$0.09B,$0.04B,46.24%,$0.09B,$0.03B,36.56%,$0.09B,0,0.00%,$0.09B,0,0.00%,$0.09B,$0.02B,18.28%,$0.09B,$0.01B,9.68%,$0.01B,$0.08B,11.18%,$0.01B,$0.08B,11.61%,$0.01B,$1.28B,0.72%,$0.03B,$0.32B,12.12%,$23,$13,$10,$0,$6,$19,$4,$0,$4,$1,$3,$3,$3,$0,$0,$7,7,$0.40,$0.40,$17,$0,$0,$975,$22,$260,$3,$20,$305,$1280,$951,$236,$10,$247,$1199,$18,$65,$-2,$82,$1280,$6,$1,$1,$2,$6,$0,$0,$-2,$4,$11,$-0,$0,$0,$-1,$-14,$-15,$-35,$-50,$41,$40,$81,$0,$0,$-1,$-38,$42,$3,$0,$-1
46,2007-03-31,18.13,$11.57,1.57,$12.50,1.45,$8.67,2.09,$1.11,16.33,$0.95B,$0.96B,0.99,$0.20B,$0.08B,2.48,$0.09B,$0.04B,47.25%,$0.09B,$0.03B,37.36%,$0.09B,0,0.00%,$0.09B,0,0.00%,$0.09B,$0.02B,18.68%,$0.09B,$0.01B,9.89%,$0.01B,$0.08B,11.36%,$0.01B,$0.08B,11.84%,$0.01B,$1.26B,0.74%,$0.03B,$0.29B,12.98%,$23,$13,$10,$0,$6,$19,$4,$0,$4,$1,$3,$3,$3,$0,$0,$7,7,$0.39,$0.38,$14,$0,$0,$951,$22,$258,$3,$18,$303,$1255,$957,$203,$11,$215,$1173,$18,$64,$0,$82,$1255,$3,$0,$0,$1,$7,$0,$0,$-0,$7,$10,$-0,$0,$0,$-1,$-10,$-10,$-15,$-26,$8,$19,$27,$0,$0,$0,$-12,$16,$0,$0,$0
47,2006-12-31,16.73,$11.12,1.51,$11.93,1.4,$8.44,1.98,$1.16,14.42,$0.94B,$0.95B,0.99,$0.20B,$0.08B,2.49,$0.09B,$0.04B,48.28%,$0.09B,$0.03B,39.08%,$0.09B,0,0.00%,$0.09B,0,0.00%,$0.09B,$0.02B,19.54%,$0.09B,$0.01B,10.34%,$0.01B,$0.08B,11.58%,$0.01B,$0.08B,12.08%,$0.01B,$1.24B,0.76%,$0.03B,$0.27B,13.31%,$24,$12,$12,$0,$-10,$2,$21,$0,$4,$1,$3,$3,$0,$0,$0,$7,7,$0.03,$0.03,$13,$0,$0,$935,$22,$248,$3,$17,$300,$1236,$949,$196,$10,$208,$1157,$18,$61,$-0,$79,$1236,$8,$2,$4,$2,$7,$0,$0,$1,$-0,$22,$-1,$0,$0,$3,$-23,$-148,$-122,$-146,$23,$-122,$23,$-1,$-1,$-2,$429,$113,$-11,$0,$-2
