,Date,Stock Price,Book Value per Share,Price to Book Ratio,TTM Sales per Share,Price to Sales Ratio,TTM FCF per Share,Price to FCF Ratio,TTM Net EPS,PE Ratio,Current Assets,Current Liabilities,Current Ratio,Long Term Debt,Shareholder's Equity_x,Debt to Equity Ratio,TTM Revenue_x,TTM Gross Profit,Gross Margin,TTM Revenue_y,TTM Operating Income,Operating Margin,TTM Revenue_x,TTM EBIT,EBIT Margin,TTM Revenue_y,TTM EBITDA,EBITDA Margin,TTM Revenue_x,TTM Pre-Tax Income,Pre-Tax Margin,TTM Revenue_y,TTM Net Income_x,Net Margin,TTM Net Income_y,Shareholder's Equity_y,Return on Equity,TTM Net Income_x,Tangible Equity,Return on Tangible Equity,TTM Net Income_y,Total Assets,Return on Assets,TTM Net Income,LT Investments & Debt,Return on Investment,revenue,cost-goods-sold,gross-profit,research-development-expenses,selling-general-administrative-expenses,operating-expenses,operating-income,total-non-operating-income-expense,pre-tax-income,total-provision-income-taxes,income-after-taxes,income-from-continuous-operations,net-income,ebitda,ebit,basic-shares-outstanding,shares-outstanding,eps-basic-net-earnings-per-share,eps-earnings-per-share-diluted,cash-on-hand,inventory,other-current-assets,total-current-assets,net-property-plant-equipment,long-term-investments,goodwill-intangible-assets-total,other-long-term-assets,total-long-term-assets,total-assets,total-current-liabilities,long-term-debt,other-non-current-liabilities,total-long-term-liabilities,total-liabilities,common-stock-net,retained-earnings-accumulated-deficit,comprehensive-income,total-share-holder-equity,total-liabilities-share-holders-equity,net-income-loss,total-depreciation-amortization-cash-flow,other-non-cash-items,total-non-cash-items,change-in-accounts-receivable,change-in-inventories,change-in-accounts-payable,change-in-assets-liabilities,total-change-in-assets-liabilities,cash-flow-from-operating-activities,net-change-in-property-plant-equipment,net-change-in-intangible-assets,net-acquisitions-divestitures,net-change-in-short-term-investments,net-change-in-long-term-investments,net-change-in-investments-total,investing-activities-other,cash-flow-from-investing-activities,net-long-term-debt,net-current-debt,debt-issuance-retirement-net-total,net-common-equity-issued-repurchased,net-total-equity-issued-repurchased,total-common-preferred-stock-dividends-paid,financial-activities-other,cash-flow-from-financial-activities,net-cash-flow,stock-based-compensation,common-stock-dividends-paid
0,2018-09-30,49.22,$21.15,2.33,$47.16,1.04,$3.12,15.79,$1.35,36.46,$0.54B,$0.31B,1.75,$0.00B,$0.47B,0.0,$1.09B,$0.31B,28.55%,$1.09B,$0.08B,7.27%,$1.09B,$0.08B,7.27%,$1.09B,$0.10B,9.48%,$1.09B,$0.08B,6.91%,$1.09B,$0.03B,2.85%,$0.03B,$0.47B,6.70%,$0.03B,$0.36B,9.07%,$0.03B,$0.84B,3.73%,$0.08B,$0.47B,17.08%,$297,$209,$87,$0,$60,$269,$27,$-1,$26,$7,$19,$19,$16,$33,$27,$22,23,$0.70,$0.69,$27,$318,$21,$542,$92,$34,$118,$16,$294,$836,$309,$0,$53,$53,$362,$48,$382,$-7,$474,$836,$40,$18,$12,$30,$-23,$3,$5,$1,$-2,$68,$-16,$0,$-10,$0,$0,$0,$0,$-25,$1,$-11,$-9,$-9,$-9,$-14,$0,$-33,$10,$6,$-14
1,2018-06-30,48.14,$20.60,2.34,$46.36,1.04,$1.67,28.75,$1.23,39.14,$0.56B,$0.34B,1.63,$0.00B,$0.46B,0.0,$1.07B,$0.31B,28.60%,$1.07B,$0.08B,7.38%,$1.07B,$0.08B,7.38%,$1.07B,$0.10B,9.63%,$1.07B,$0.08B,7.10%,$1.07B,$0.03B,2.62%,$0.03B,$0.46B,6.07%,$0.03B,$0.34B,8.27%,$0.03B,$0.85B,3.38%,$0.08B,$0.46B,17.12%,$287,$205,$81,$0,$58,$263,$23,$-1,$23,$6,$17,$17,$16,$29,$23,$22,23,$0.71,$0.69,$19,$331,$18,$559,$91,$35,$120,$16,$293,$852,$342,$0,$48,$48,$390,$48,$370,$-8,$462,$852,$24,$12,$9,$20,$-35,$-7,$16,$-5,$-40,$4,$-11,$0,$-9,$0,$0,$0,$0,$-20,$1,$34,$34,$-8,$-8,$-9,$0,$17,$1,$4,$-9
2,2018-03-31,47.14,$20.42,2.31,$47.28,1.0,$1.31,35.89,$1.30,36.26,$0.55B,$0.34B,1.62,$0.00B,$0.46B,0.0,$1.10B,$0.32B,28.83%,$1.10B,$0.09B,7.76%,$1.10B,$0.09B,7.76%,$1.10B,$0.11B,9.95%,$1.10B,$0.08B,7.57%,$1.10B,$0.03B,2.74%,$0.03B,$0.46B,6.47%,$0.03B,$0.34B,8.84%,$0.03B,$0.85B,3.62%,$0.09B,$0.46B,18.32%,$262,$189,$73,$0,$58,$250,$12,$-1,$12,$3,$9,$9,$8,$18,$12,$22,23,$0.36,$0.35,$26,$330,$19,$548,$92,$36,$122,$16,$298,$846,$339,$0,$48,$48,$387,$48,$359,$-2,$460,$846,$8,$6,$5,$10,$-20,$-3,$11,$1,$-25,$-6,$-7,$0,$-6,$0,$0,$0,$0,$-13,$1,$35,$36,$-3,$-3,$-5,$0,$28,$9,$2,$-5
3,2017-12-31,44.31,$20.15,2.2,$47.99,0.92,$0.59,75.1,$1.62,27.35,$0.50B,$0.29B,1.74,$0.00B,$0.45B,0.0,$1.12B,$0.33B,29.30%,$1.12B,$0.10B,8.78%,$1.12B,$0.10B,8.78%,$1.12B,$0.12B,10.93%,$1.12B,$0.10B,8.69%,$1.12B,$0.04B,3.41%,$0.04B,$0.45B,8.20%,$0.04B,$0.33B,11.28%,$0.04B,$0.79B,4.61%,$0.10B,$0.45B,21.14%,$240,$171,$69,$0,$51,$223,$17,$-2,$14,$22,$-8,$-8,$-9,$23,$17,$23,23,$-0.38,$-0.36,$17,$326,$0,$496,$89,$31,$124,$15,$291,$788,$286,$0,$48,$48,$334,$48,$357,$-4,$454,$788,$38,$23,$39,$63,$-5,$-14,$-7,$-4,$-36,$65,$-24,$0,$-7,$0,$0,$0,$0,$-31,$4,$2,$6,$-24,$-24,$-17,$0,$-36,$-2,$8,$-17
4,2017-09-30,47.39,$20.87,2.27,$47.60,1.0,$2.19,21.65,$2.36,20.08,$0.53B,$0.32B,1.7,$0.00B,$0.47B,0.0,$1.11B,$0.33B,29.39%,$1.11B,$0.09B,8.50%,$1.11B,$0.09B,8.50%,$1.11B,$0.12B,10.58%,$1.11B,$0.10B,8.77%,$1.11B,$0.06B,4.97%,$0.06B,$0.47B,11.95%,$0.06B,$0.34B,16.58%,$0.06B,$0.83B,6.71%,$0.09B,$0.47B,20.42%,$281,$199,$83,$0,$55,$254,$27,$-0,$27,$10,$17,$17,$13,$33,$27,$23,23,$0.58,$0.57,$25,$333,$0,$534,$87,$0,$126,$35,$298,$832,$315,$0,$48,$48,$362,$48,$370,$-4,$470,$832,$47,$17,$15,$32,$-28,$-19,$0,$-4,$-41,$37,$-18,$0,$0,$0,$0,$0,$0,$-18,$-0,$19,$19,$-20,$-20,$-13,$0,$-14,$6,$6,$-13
5,2017-06-30,51.07,$20.72,2.47,$48.50,1.05,$4.30,11.87,$2.68,19.06,$0.55B,$0.34B,1.65,$0.00B,$0.47B,0.0,$1.13B,$0.34B,30.02%,$1.13B,$0.10B,8.97%,$1.13B,$0.10B,8.97%,$1.13B,$0.12B,10.92%,$1.13B,$0.10B,9.15%,$1.13B,$0.06B,5.60%,$0.06B,$0.47B,13.92%,$0.06B,$0.35B,19.57%,$0.06B,$0.85B,7.76%,$0.10B,$0.47B,22.32%,$313,$222,$91,$0,$60,$283,$29,$0,$30,$11,$18,$18,$18,$35,$29,$23,23,$0.78,$0.76,$16,$341,$0,$554,$82,$0,$127,$36,$296,$850,$335,$0,$43,$43,$378,$48,$361,$-5,$472,$850,$33,$11,$8,$19,$-53,$-27,$17,$-2,$-59,$-7,$-9,$0,$0,$0,$0,$0,$0,$-9,$-0,$26,$26,$-5,$-5,$-9,$0,$12,$-3,$4,$-9
6,2017-03-31,47.88,$20.02,2.39,$47.64,1.0,$5.56,8.61,$2.76,17.35,$0.53B,$0.33B,1.63,$0.00B,$0.46B,0.0,$1.10B,$0.33B,30.31%,$1.10B,$0.10B,9.44%,$1.10B,$0.10B,9.44%,$1.10B,$0.13B,11.34%,$1.10B,$0.11B,9.53%,$1.10B,$0.06B,5.81%,$0.06B,$0.46B,14.56%,$0.06B,$0.33B,20.85%,$0.06B,$0.83B,8.00%,$0.10B,$0.46B,23.65%,$282,$198,$84,$0,$57,$257,$25,$0,$26,$10,$16,$16,$16,$31,$25,$23,23,$0.69,$0.67,$16,$332,$0,$534,$79,$0,$129,$36,$295,$829,$328,$0,$44,$44,$372,$48,$348,$-8,$458,$829,$16,$5,$4,$10,$-45,$-19,$14,$1,$-52,$-27,$-3,$0,$0,$0,$0,$0,$0,$-3,$-0,$31,$31,$-1,$-1,$-4,$0,$25,$-4,$2,$-4
7,2016-12-31,51.66,$19.31,2.67,$45.94,1.12,$6.62,7.81,$2.62,19.72,$0.47B,$0.28B,1.67,$0.00B,$0.44B,0.0,$1.06B,$0.32B,30.50%,$1.06B,$0.10B,9.35%,$1.06B,$0.10B,9.35%,$1.06B,$0.12B,11.14%,$1.06B,$0.10B,9.35%,$1.06B,$0.06B,5.67%,$0.06B,$0.44B,14.08%,$0.06B,$0.31B,19.64%,$0.06B,$0.77B,7.80%,$0.10B,$0.44B,23.21%,$230,$163,$67,$0,$53,$217,$13,$1,$14,$5,$9,$9,$8,$18,$13,$23,23,$0.36,$0.36,$20,$312,$0,$474,$78,$0,$131,$34,$294,$769,$284,$0,$44,$44,$328,$48,$336,$-11,$441,$769,$60,$20,$12,$32,$-9,$-20,$7,$6,$5,$98,$-21,$0,$-67,$0,$0,$0,$0,$-88,$0,$7,$7,$-0,$-0,$-15,$1,$-8,$1,$6,$-15
8,2016-09-30,46.2,$19.31,2.39,$44.85,1.03,$5.32,8.68,$2.49,18.56,$0.54B,$0.31B,1.73,$0.00B,$0.44B,0.0,$1.03B,$0.32B,30.85%,$1.03B,$0.10B,9.28%,$1.03B,$0.10B,9.28%,$1.03B,$0.11B,11.03%,$1.03B,$0.09B,9.09%,$1.03B,$0.06B,5.51%,$0.06B,$0.44B,13.77%,$0.06B,$0.31B,18.69%,$0.06B,$0.80B,7.63%,$0.10B,$0.44B,23.17%,$301,$205,$96,$0,$61,$267,$34,$-0,$33,$12,$21,$21,$21,$39,$34,$23,23,$0.91,$0.89,$31,$303,$0,$543,$77,$0,$133,$37,$255,$798,$314,$0,$45,$45,$360,$48,$332,$-6,$439,$798,$52,$14,$11,$25,$-35,$-7,$10,$7,$5,$83,$-15,$0,$-67,$0,$0,$0,$0,$-82,$0,$23,$23,$-0,$-0,$-12,$0,$11,$12,$4,$-12
9,2016-06-30,38.33,$18.51,2.07,$43.50,0.88,$4.91,7.81,$2.40,15.97,$0.55B,$0.34B,1.62,$0.00B,$0.42B,0.0,$1.00B,$0.31B,30.41%,$1.00B,$0.09B,9.17%,$1.00B,$0.09B,9.17%,$1.00B,$0.11B,10.87%,$1.00B,$0.09B,8.97%,$1.00B,$0.05B,5.38%,$0.05B,$0.42B,13.42%,$0.05B,$0.29B,17.68%,$0.05B,$0.80B,7.51%,$0.09B,$0.42B,22.86%,$289,$202,$87,$0,$55,$257,$32,$-0,$32,$12,$20,$20,$19,$37,$32,$23,23,$0.85,$0.84,$12,$317,$0,$548,$75,$0,$136,$37,$256,$803,$338,$0,$45,$45,$383,$48,$315,$-6,$420,$803,$31,$9,$8,$17,$-42,$-21,$19,$5,$-25,$24,$-10,$0,$-67,$0,$0,$0,$0,$-77,$0,$55,$55,$-0,$-0,$-8,$0,$47,$-6,$3,$-8
10,2016-03-31,33.24,$17.86,1.86,$42.52,0.78,$5.00,6.64,$2.14,15.53,$0.51B,$0.26B,1.99,$0.00B,$0.41B,0.0,$0.98B,$0.29B,29.60%,$0.98B,$0.08B,8.24%,$0.98B,$0.08B,8.24%,$0.98B,$0.10B,9.87%,$0.98B,$0.08B,8.04%,$0.98B,$0.05B,4.88%,$0.05B,$0.41B,12.18%,$0.05B,$0.32B,15.52%,$0.05B,$0.71B,6.90%,$0.08B,$0.41B,20.56%,$239,$166,$73,$0,$53,$219,$20,$0,$20,$7,$13,$13,$12,$24,$20,$23,23,$0.54,$0.53,$13,$300,$0,$506,$70,$0,$83,$37,$199,$705,$255,$0,$45,$45,$300,$48,$300,$-5,$405,$705,$12,$4,$4,$8,$-19,$-15,$11,$6,$-21,$-1,$-4,$0,$0,$0,$0,$0,$0,$-4,$0,$4,$4,$-0,$-0,$-4,$0,$-0,$-5,$1,$-4
11,2015-12-31,36.32,$17.31,2.1,$41.90,0.87,$4.46,8.15,$2.00,18.16,$0.48B,$0.24B,1.97,$0.00B,$0.39B,0.0,$0.97B,$0.28B,29.01%,$0.97B,$0.08B,7.82%,$0.97B,$0.08B,7.82%,$0.97B,$0.09B,9.47%,$0.97B,$0.07B,7.61%,$0.97B,$0.05B,4.63%,$0.05B,$0.39B,11.60%,$0.05B,$0.31B,14.90%,$0.05B,$0.68B,6.50%,$0.08B,$0.39B,19.59%,$205,$142,$63,$0,$53,$195,$10,$-1,$9,$3,$6,$6,$5,$14,$10,$23,23,$0.24,$0.22,$19,$286,$0,$480,$69,$0,$84,$37,$201,$681,$244,$0,$45,$45,$289,$48,$291,$-6,$392,$681,$46,$17,$11,$28,$-2,$-13,$2,$1,$-9,$65,$-18,$0,$0,$0,$0,$0,$0,$-18,$-0,$-8,$-8,$-20,$-20,$-14,$1,$-41,$5,$5,$-14
12,2015-09-30,33.17,$17.38,1.91,$42.43,0.78,$3.85,8.63,$2.25,14.74,$0.48B,$0.25B,1.94,$0.00B,$0.39B,0.0,$0.99B,$0.29B,29.04%,$0.99B,$0.09B,8.63%,$0.99B,$0.09B,8.63%,$0.99B,$0.10B,10.25%,$0.99B,$0.08B,8.43%,$0.99B,$0.05B,5.18%,$0.05B,$0.39B,13.30%,$0.05B,$0.31B,17.22%,$0.05B,$0.69B,7.38%,$0.09B,$0.39B,22.16%,$270,$188,$82,$0,$52,$240,$30,$-1,$29,$10,$19,$19,$18,$34,$30,$23,23,$0.81,$0.80,$13,$270,$0,$479,$69,$0,$86,$38,$206,$686,$247,$0,$46,$46,$293,$48,$290,$-6,$392,$686,$41,$13,$8,$21,$-25,$5,$8,$1,$11,$73,$-15,$0,$0,$0,$0,$0,$0,$-15,$-0,$-32,$-32,$-15,$-15,$-10,$0,$-58,$-0,$4,$-10
13,2015-06-30,33.26,$16.94,1.96,$41.85,0.79,$2.34,14.24,$1.86,17.88,$0.50B,$0.28B,1.82,$0.00B,$0.39B,0.0,$0.97B,$0.28B,28.91%,$0.97B,$0.08B,8.54%,$0.97B,$0.08B,8.54%,$0.97B,$0.10B,10.29%,$0.97B,$0.08B,8.33%,$0.97B,$0.04B,4.42%,$0.04B,$0.39B,11.41%,$0.04B,$0.30B,14.90%,$0.04B,$0.71B,6.21%,$0.08B,$0.39B,22.02%,$269,$197,$73,$0,$52,$248,$21,$0,$21,$8,$14,$14,$13,$25,$21,$23,23,$0.58,$0.58,$13,$277,$0,$500,$68,$0,$87,$40,$209,$709,$275,$0,$48,$48,$323,$48,$275,$-4,$387,$709,$22,$8,$4,$13,$-35,$-1,$18,$-2,$-9,$26,$-10,$0,$0,$0,$0,$0,$0,$-10,$-0,$-3,$-3,$-7,$-7,$-7,$0,$-17,$-1,$3,$-7
14,2015-03-31,39.85,$16.56,2.41,$42.02,0.95,$2.13,18.68,$1.74,22.9,$0.49B,$0.27B,1.84,$0.00B,$0.38B,0.0,$0.98B,$0.29B,29.20%,$0.98B,$0.08B,8.20%,$0.98B,$0.08B,8.20%,$0.98B,$0.10B,9.94%,$0.98B,$0.08B,7.89%,$0.98B,$0.04B,4.20%,$0.04B,$0.38B,11.04%,$0.04B,$0.29B,14.58%,$0.04B,$0.70B,5.94%,$0.08B,$0.38B,21.55%,$228,$164,$64,$0,$49,$213,$15,$-0,$15,$5,$9,$9,$9,$19,$15,$23,23,$0.39,$0.39,$8,$284,$0,$488,$65,$0,$88,$39,$207,$695,$265,$0,$49,$49,$314,$48,$265,$-5,$381,$695,$9,$4,$2,$6,$-25,$-7,$5,$4,$-29,$-14,$-4,$0,$0,$0,$0,$0,$0,$-4,$-0,$17,$16,$0,$0,$-3,$0,$13,$-6,$1,$-3
15,2014-12-31,35.81,$16.34,2.19,$42.25,0.85,$3.19,11.21,$1.85,19.36,$0.47B,$0.25B,1.86,$0.00B,$0.37B,0.0,$0.98B,$0.29B,29.46%,$0.98B,$0.09B,8.66%,$0.98B,$0.09B,8.66%,$0.98B,$0.10B,10.40%,$0.98B,$0.08B,8.36%,$0.98B,$0.04B,4.49%,$0.04B,$0.37B,12.05%,$0.04B,$0.29B,15.94%,$0.04B,$0.67B,6.50%,$0.09B,$0.37B,23.29%,$218,$151,$67,$0,$48,$199,$19,$-1,$18,$6,$12,$12,$11,$23,$19,$23,23,$0.48,$0.48,$14,$278,$0,$466,$65,$0,$89,$39,$208,$674,$251,$0,$48,$49,$299,$48,$259,$-3,$374,$674,$43,$17,$14,$31,$2,$-7,$-4,$-10,$-27,$47,$-14,$0,$-38,$0,$0,$0,$0,$-51,$0,$36,$36,$-10,$-10,$-12,$1,$15,$8,$5,$-12
16,2014-09-30,32.24,$16.00,2.02,$42.26,0.76,$3.76,8.58,$1.75,18.42,$0.48B,$0.27B,1.79,$0.00B,$0.37B,0.0,$0.98B,$0.29B,29.43%,$0.98B,$0.08B,8.35%,$0.98B,$0.08B,8.35%,$0.98B,$0.10B,10.08%,$0.98B,$0.08B,8.04%,$0.98B,$0.04B,4.28%,$0.04B,$0.37B,11.71%,$0.04B,$0.28B,15.33%,$0.04B,$0.69B,6.34%,$0.08B,$0.37B,22.86%,$257,$180,$77,$0,$49,$229,$28,$-1,$27,$9,$18,$18,$10,$33,$28,$23,23,$0.42,$0.41,$11,$276,$0,$483,$64,$0,$91,$40,$208,$692,$270,$0,$56,$56,$325,$48,$251,$-1,$366,$692,$32,$13,$9,$22,$-17,$-4,$-3,$-5,$-21,$33,$-9,$0,$-38,$0,$0,$0,$0,$-47,$-0,$38,$38,$-9,$-9,$-9,$1,$21,$5,$3,$-9
17,2014-06-30,41.68,$15.89,2.62,$42.54,0.98,$3.83,10.88,$2.08,20.04,$0.50B,$0.29B,1.69,$0.00B,$0.36B,0.0,$0.99B,$0.29B,29.52%,$0.99B,$0.08B,8.29%,$0.99B,$0.08B,8.29%,$0.99B,$0.10B,9.91%,$0.99B,$0.08B,8.09%,$0.99B,$0.05B,4.95%,$0.05B,$0.36B,13.84%,$0.05B,$0.27B,17.93%,$0.05B,$0.70B,7.55%,$0.08B,$0.36B,23.16%,$273,$195,$77,$0,$49,$255,$18,$-0,$17,$6,$11,$11,$11,$22,$18,$23,23,$0.47,$0.46,$6,$292,$0,$496,$65,$0,$92,$38,$206,$702,$294,$0,$45,$45,$339,$48,$244,$1,$364,$702,$22,$8,$6,$14,$-16,$-20,$14,$-10,$-19,$18,$-6,$0,$-38,$0,$0,$0,$0,$-44,$-0,$39,$39,$-6,$-6,$-6,$0,$28,$1,$2,$-6
18,2014-03-31,33.27,$15.54,2.14,$42.40,0.78,$2.58,12.92,$2.31,14.4,$0.46B,$0.24B,1.92,$0.00B,$0.36B,0.0,$0.99B,$0.29B,29.72%,$0.99B,$0.09B,9.23%,$0.99B,$0.09B,9.23%,$0.99B,$0.11B,10.85%,$0.99B,$0.09B,9.13%,$0.99B,$0.05B,5.48%,$0.05B,$0.36B,15.62%,$0.05B,$0.27B,20.04%,$0.05B,$0.64B,8.42%,$0.09B,$0.36B,26.32%,$233,$165,$68,$0,$48,$212,$20,$-1,$20,$7,$12,$12,$12,$24,$20,$23,23,$0.51,$0.50,$4,$284,$0,$460,$64,$0,$84,$22,$181,$641,$240,$0,$45,$45,$285,$48,$237,$1,$356,$641,$12,$4,$2,$6,$-1,$-13,$9,$1,$-9,$9,$-3,$0,$-12,$0,$0,$0,$0,$-15,$-0,$13,$13,$-4,$-4,$-3,$0,$5,$-1,$1,$-3
19,2013-12-31,34.09,$15.22,2.24,$42.37,0.8,$1.02,33.28,$2.21,15.42,$0.45B,$0.22B,2.03,$0.00B,$0.35B,0.0,$0.98B,$0.29B,29.57%,$0.98B,$0.09B,8.84%,$0.98B,$0.09B,8.84%,$0.98B,$0.10B,10.47%,$0.98B,$0.09B,8.64%,$0.98B,$0.05B,5.18%,$0.05B,$0.35B,15.17%,$0.05B,$0.28B,19.48%,$0.05B,$0.62B,7.95%,$0.09B,$0.35B,25.87%,$219,$152,$67,$0,$50,$203,$16,$-0,$15,$6,$9,$9,$9,$20,$16,$23,23,$0.39,$0.38,$6,$269,$0,$446,$64,$0,$73,$23,$169,$616,$220,$0,$46,$46,$266,$48,$228,$2,$349,$616,$51,$17,$13,$31,$-27,$-6,$12,$-12,$-25,$58,$-11,$0,$-13,$0,$0,$0,$-1,$-25,$-0,$-22,$-22,$-7,$-7,$-10,$0,$-39,$-8,$4,$-10
20,2013-09-30,29.69,$15.03,1.97,$41.31,0.72,$2.59,11.49,$2.09,14.21,$0.47B,$0.24B,1.93,$0.00B,$0.35B,0.0,$0.96B,$0.28B,29.47%,$0.96B,$0.08B,8.67%,$0.96B,$0.08B,8.67%,$0.96B,$0.10B,10.45%,$0.96B,$0.08B,8.46%,$0.96B,$0.05B,5.02%,$0.05B,$0.35B,14.72%,$0.05B,$0.27B,19.10%,$0.05B,$0.64B,7.59%,$0.08B,$0.35B,25.46%,$264,$184,$80,$0,$51,$236,$28,$-0,$28,$10,$18,$18,$17,$32,$28,$23,23,$0.75,$0.74,$10,$269,$0,$468,$64,$0,$74,$20,$168,$636,$243,$0,$46,$46,$289,$48,$222,$3,$347,$636,$43,$13,$10,$23,$-44,$-5,$-0,$-9,$-32,$34,$-8,$0,$-13,$0,$0,$0,$-1,$-22,$-0,$-5,$-5,$-2,$-2,$-8,$-0,$-14,$-3,$2,$-8
21,2013-06-30,31.59,$14.38,2.2,$42.01,0.75,$3.90,8.1,$2.09,15.12,$0.51B,$0.30B,1.7,$0.00B,$0.33B,0.0,$0.97B,$0.28B,28.90%,$0.97B,$0.08B,8.46%,$0.97B,$0.08B,8.46%,$0.97B,$0.10B,10.22%,$0.97B,$0.08B,8.15%,$0.97B,$0.05B,4.95%,$0.05B,$0.33B,15.24%,$0.05B,$0.26B,19.96%,$0.05B,$0.67B,7.65%,$0.08B,$0.33B,26.03%,$270,$192,$78,$0,$51,$243,$27,$-1,$27,$10,$16,$16,$16,$31,$27,$23,23,$0.70,$0.69,$12,$297,$0,$505,$64,$0,$75,$19,$168,$673,$297,$0,$46,$46,$343,$48,$207,$2,$331,$673,$25,$9,$8,$17,$-54,$-32,$17,$-5,$-54,$-12,$-6,$0,$-13,$0,$0,$0,$-1,$-19,$-0,$39,$39,$-1,$-1,$-5,$-1,$32,$-1,$1,$-5
22,2013-03-31,25.41,$13.82,1.84,$42.03,0.6,$5.36,4.74,$1.98,12.84,$0.48B,$0.28B,1.71,$0.00B,$0.32B,0.0,$0.97B,$0.27B,28.00%,$0.97B,$0.08B,8.06%,$0.97B,$0.08B,8.06%,$0.97B,$0.10B,9.81%,$0.97B,$0.07B,7.64%,$0.97B,$0.05B,4.65%,$0.05B,$0.32B,14.80%,$0.05B,$0.24B,19.61%,$0.05B,$0.64B,7.28%,$0.08B,$0.32B,25.66%,$231,$165,$66,$0,$50,$215,$16,$-1,$15,$6,$10,$10,$9,$20,$16,$23,23,$0.40,$0.40,$10,$293,$0,$475,$64,$0,$77,$15,$167,$642,$277,$0,$46,$46,$324,$48,$193,$3,$318,$642,$9,$4,$4,$8,$-29,$-27,$14,$-1,$-44,$-27,$-3,$0,$-13,$0,$0,$0,$-1,$-16,$-0,$43,$43,$-1,$-1,$-3,$0,$40,$-3,$1,$-3
23,2012-12-31,20.27,$13.48,1.5,$41.21,0.49,$6.13,3.3,$1.80,11.26,$0.42B,$0.22B,1.88,$0.00B,$0.31B,0.0,$0.95B,$0.26B,27.40%,$0.95B,$0.07B,7.59%,$0.95B,$0.07B,7.59%,$0.95B,$0.09B,9.38%,$0.95B,$0.07B,7.17%,$0.95B,$0.04B,4.32%,$0.04B,$0.31B,13.91%,$0.04B,$0.24B,18.20%,$0.04B,$0.58B,6.80%,$0.07B,$0.31B,24.43%,$192,$134,$58,$0,$45,$180,$12,$-1,$11,$5,$6,$6,$6,$17,$12,$23,23,$0.25,$0.25,$13,$267,$0,$419,$64,$0,$72,$10,$158,$577,$222,$0,$47,$47,$269,$48,$187,$4,$308,$577,$41,$17,$18,$34,$15,$-2,$3,$-6,$18,$94,$-12,$0,$-39,$0,$0,$0,$0,$-50,$-0,$-30,$-30,$-5,$-5,$-8,$0,$-43,$2,$2,$-8
24,2012-09-30,16.73,$13.30,1.26,$40.36,0.41,$5.36,3.12,$2.82,5.93,$0.46B,$0.27B,1.71,$0.00B,$0.30B,0.0,$0.93B,$0.25B,26.85%,$0.93B,$0.07B,7.09%,$0.93B,$0.07B,7.09%,$0.93B,$0.08B,8.92%,$0.93B,$0.07B,6.98%,$0.93B,$0.06B,6.87%,$0.06B,$0.30B,22.40%,$0.06B,$0.23B,29.09%,$0.06B,$0.62B,10.73%,$0.07B,$0.30B,23.10%,$276,$198,$78,$0,$51,$249,$27,$-1,$26,$9,$17,$17,$17,$31,$27,$23,23,$0.74,$0.74,$11,$246,$0,$457,$64,$0,$73,$10,$161,$619,$267,$0,$43,$48,$315,$48,$183,$4,$303,$619,$35,$12,$14,$26,$-48,$21,$5,$-3,$1,$63,$-8,$0,$-39,$0,$0,$0,$0,$-47,$-0,$-7,$-7,$-5,$-5,$-6,$0,$-18,$0,$2,$-6
25,2012-06-30,12.72,$12.65,1.01,$38.55,0.33,$5.16,2.47,$2.65,4.8,$0.47B,$0.30B,1.57,$0.00B,$0.29B,0.0,$0.89B,$0.24B,26.49%,$0.89B,$0.06B,6.96%,$0.89B,$0.06B,6.96%,$0.89B,$0.08B,8.75%,$0.89B,$0.06B,6.85%,$0.89B,$0.06B,6.73%,$0.06B,$0.29B,22.16%,$0.06B,$0.21B,27.84%,$0.06B,$0.64B,10.48%,$0.06B,$0.29B,22.90%,$269,$200,$69,$0,$47,$246,$23,$-1,$22,$8,$14,$14,$13,$27,$23,$23,23,$0.59,$0.58,$9,$266,$0,$472,$64,$0,$75,$11,$164,$636,$300,$0,$43,$49,$349,$48,$168,$3,$287,$636,$19,$8,$9,$17,$-44,$3,$19,$-2,$-15,$21,$-5,$0,$-39,$0,$0,$0,$0,$-44,$-0,$30,$30,$-5,$-5,$-4,$0,$21,$-2,$1,$-4
26,2012-03-31,15.92,$12.18,1.31,$37.43,0.43,$5.18,3.07,$2.65,6.01,$0.43B,$0.25B,1.73,$0.00B,$0.28B,0.0,$0.87B,$0.23B,26.56%,$0.87B,$0.06B,7.16%,$0.87B,$0.06B,7.16%,$0.87B,$0.08B,9.01%,$0.87B,$0.06B,7.04%,$0.87B,$0.06B,6.93%,$0.06B,$0.28B,23.23%,$0.06B,$0.22B,28.04%,$0.06B,$0.58B,10.91%,$0.06B,$0.28B,24.01%,$212,$157,$55,$0,$45,$202,$10,$-1,$9,$3,$5,$5,$5,$14,$10,$23,23,$0.23,$0.22,$9,$260,$0,$432,$64,$0,$57,$11,$148,$580,$250,$0,$44,$50,$299,$48,$157,$4,$281,$580,$5,$4,$4,$8,$-18,$-13,$17,$-1,$-22,$-9,$-2,$0,$0,$0,$0,$0,$0,$-2,$-0,$11,$11,$0,$0,$-2,$0,$9,$-2,$0,$-2
27,2011-12-31,17.92,$11.92,1.5,$37.90,0.47,$5.05,3.55,$2.72,6.59,$0.40B,$0.23B,1.75,$0.00B,$0.27B,0.0,$0.87B,$0.23B,26.09%,$0.87B,$0.06B,7.32%,$0.87B,$0.06B,7.32%,$0.87B,$0.08B,9.15%,$0.87B,$0.06B,7.21%,$0.87B,$0.06B,7.09%,$0.06B,$0.27B,25.57%,$0.06B,$0.21B,29.59%,$0.06B,$0.55B,11.55%,$0.06B,$0.27B,26.39%,$174,$126,$48,$0,$42,$168,$6,$2,$8,$-21,$30,$30,$29,$11,$6,$23,23,$1.29,$1.26,$11,$248,$0,$401,$64,$0,$58,$11,$150,$551,$229,$0,$50,$50,$279,$48,$154,$3,$272,$551,$62,$15,$16,$31,$10,$3,$-3,$-31,$-18,$75,$-11,$0,$-65,$0,$0,$0,$0,$-76,$-12,$21,$8,$-2,$-2,$-6,$0,$1,$-1,$2,$-6
28,2011-09-30,11.55,$10.71,1.08,$38.05,0.3,$3.16,3.65,$1.54,7.5,$0.41B,$0.23B,1.77,$0.00B,$0.24B,0.0,$0.87B,$0.23B,25.77%,$0.87B,$0.07B,7.45%,$0.87B,$0.07B,7.45%,$0.87B,$0.08B,9.05%,$0.87B,$0.06B,6.87%,$0.87B,$0.04B,4.01%,$0.04B,$0.24B,15.42%,$0.04B,$0.21B,17.05%,$0.04B,$0.52B,6.70%,$0.07B,$0.24B,28.63%,$236,$172,$64,$0,$42,$213,$23,$-1,$22,$8,$14,$14,$13,$26,$23,$23,23,$0.57,$0.57,$15,$234,$0,$409,$60,$0,$31,$12,$115,$524,$232,$0,$43,$49,$281,$48,$126,$4,$243,$524,$33,$10,$19,$29,$-31,$9,$9,$-13,$-5,$57,$-7,$0,$-24,$0,$0,$0,$0,$-31,$-12,$-2,$-14,$-3,$-3,$-5,$-0,$-22,$3,$2,$-5
29,2011-06-30,13.48,$10.36,1.3,$37.49,0.36,$0.90,15.02,$1.39,9.7,$0.43B,$0.26B,1.65,$0.00B,$0.24B,0.0,$0.87B,$0.22B,25.55%,$0.87B,$0.06B,6.94%,$0.87B,$0.06B,6.94%,$0.87B,$0.07B,8.55%,$0.87B,$0.06B,6.36%,$0.87B,$0.03B,3.70%,$0.03B,$0.24B,14.65%,$0.03B,$0.21B,15.90%,$0.03B,$0.55B,6.03%,$0.06B,$0.24B,27.43%,$244,$181,$63,$0,$40,$221,$23,$-1,$22,$9,$14,$14,$13,$27,$23,$23,23,$0.58,$0.58,$13,$236,$0,$426,$61,$0,$31,$13,$119,$545,$258,$0,$44,$50,$308,$48,$114,$7,$237,$545,$20,$7,$14,$21,$-46,$7,$15,$-11,$-20,$21,$-5,$0,$-25,$0,$0,$0,$0,$-30,$-12,$25,$12,$0,$0,$-3,$0,$9,$1,$1,$-3
30,2011-03-31,12.18,$9.54,1.28,$36.79,0.33,$-0.15,0.0,$1.15,10.59,$0.42B,$0.24B,1.76,$0.00B,$0.22B,0.0,$0.85B,$0.22B,25.35%,$0.85B,$0.05B,6.10%,$0.85B,$0.05B,6.10%,$0.85B,$0.07B,7.75%,$0.85B,$0.05B,5.52%,$0.85B,$0.03B,3.17%,$0.03B,$0.22B,12.89%,$0.03B,$0.21B,13.72%,$0.03B,$0.53B,5.08%,$0.05B,$0.22B,24.76%,$220,$167,$53,$0,$41,$208,$12,$-1,$11,$4,$7,$7,$7,$16,$12,$23,23,$0.30,$0.29,$14,$241,$0,$421,$60,$0,$12,$13,$105,$527,$240,$0,$47,$69,$309,$48,$103,$1,$218,$527,$7,$3,$4,$7,$-35,$-0,$14,$-0,$-26,$-12,$-2,$0,$1,$0,$0,$0,$0,$-1,$-0,$16,$16,$0,$0,$-2,$0,$14,$1,$0,$-2
31,2010-12-31,12.0,$9.26,1.3,$35.13,0.34,$-0.40,0.0,$0.97,12.37,$0.39B,$0.22B,1.79,$0.00B,$0.21B,0.0,$0.81B,$0.21B,25.52%,$0.81B,$0.05B,5.80%,$0.81B,$0.05B,5.80%,$0.81B,$0.06B,7.40%,$0.81B,$0.04B,5.06%,$0.81B,$0.02B,2.71%,$0.02B,$0.21B,10.78%,$0.02B,$0.20B,11.52%,$0.02B,$0.49B,4.16%,$0.05B,$0.21B,22.49%,$173,$128,$45,$0,$39,$166,$7,$-1,$5,$2,$3,$3,$2,$10,$7,$23,23,$0.09,$0.10,$12,$241,$0,$385,$61,$0,$12,$14,$108,$493,$215,$0,$47,$68,$283,$48,$98,$1,$210,$493,$22,$13,$20,$33,$19,$-48,$-2,$-4,$-26,$28,$-8,$0,$0,$0,$0,$0,$0,$-8,$-5,$-8,$-14,$0,$0,$-5,$-1,$-19,$2,$1,$-5
32,2010-09-30,9.19,$9.26,0.99,$35.74,0.26,$3.63,2.53,$0.61,15.07,$0.44B,$0.28B,1.59,$0.00B,$0.21B,0.0,$0.80B,$0.20B,25.31%,$0.80B,$0.04B,4.51%,$0.80B,$0.04B,4.51%,$0.80B,$0.05B,6.14%,$0.80B,$0.03B,3.63%,$0.80B,$0.02B,1.88%,$0.02B,$0.21B,7.50%,$0.02B,$0.20B,8.03%,$0.02B,$0.56B,2.85%,$0.04B,$0.21B,17.31%,$228,$168,$60,$0,$42,$209,$18,$-2,$17,$5,$11,$11,$10,$21,$18,$23,23,$0.43,$0.42,$13,$232,$0,$442,$62,$0,$13,$14,$114,$556,$278,$0,$47,$69,$347,$48,$96,$2,$209,$556,$20,$9,$13,$22,$-47,$-36,$21,$-2,$-37,$5,$-7,$0,$-1,$0,$0,$0,$0,$-8,$-5,$14,$8,$0,$0,$-3,$-0,$5,$3,$1,$-3
33,2010-06-30,7.01,$8.91,0.79,$36.82,0.19,$8.68,0.81,$0.35,20.02,$0.43B,$0.28B,1.54,$0.00B,$0.20B,0.0,$0.78B,$0.19B,24.74%,$0.78B,$0.03B,3.61%,$0.78B,$0.03B,3.61%,$0.78B,$0.04B,5.28%,$0.78B,$0.02B,2.58%,$0.78B,$0.01B,1.03%,$0.01B,$0.20B,4.19%,$0.01B,$0.19B,4.52%,$0.01B,$0.55B,1.53%,$0.03B,$0.20B,13.78%,$231,$173,$58,$0,$42,$216,$15,$-2,$14,$6,$8,$8,$8,$19,$15,$23,24,$0.34,$0.34,$15,$218,$0,$434,$62,$0,$14,$14,$117,$550,$281,$0,$48,$68,$349,$48,$88,$2,$201,$550,$10,$6,$9,$15,$-50,$-20,$26,$-2,$-28,$-3,$-5,$0,$-1,$0,$0,$0,$0,$-6,$-0,$16,$16,$0,$0,$-2,$0,$14,$4,$1,$-2
34,2010-03-31,8.57,$8.70,0.98,$36.87,0.23,$12.45,0.69,$0.29,29.53,$0.40B,$0.23B,1.71,$0.02B,$0.20B,0.09,$0.74B,$0.18B,24.26%,$0.74B,$0.02B,2.83%,$0.74B,$0.02B,2.83%,$0.74B,$0.03B,4.58%,$0.74B,$0.02B,2.02%,$0.74B,$0.01B,0.67%,$0.01B,$0.20B,2.73%,$0.01B,$0.18B,2.97%,$0.01B,$0.51B,0.96%,$0.02B,$0.21B,10.58%,$179,$136,$44,$0,$37,$173,$7,$-2,$5,$2,$3,$3,$2,$10,$7,$22,22,$0.11,$0.11,$15,$210,$0,$395,$62,$0,$13,$14,$118,$514,$232,$18,$48,$86,$317,$48,$81,$5,$196,$514,$2,$3,$4,$7,$-18,$-11,$9,$-1,$-27,$-17,$-2,$0,$1,$0,$0,$0,$0,$-1,$-0,$24,$24,$0,$0,$-1,$0,$22,$4,$0,$-1
35,2009-12-31,7.31,$8.67,0.84,$38.16,0.19,$14.25,0.51,$0.21,34.8,$0.36B,$0.21B,1.78,$0.01B,$0.19B,0.07,$0.74B,$0.18B,24.08%,$0.74B,$0.02B,2.45%,$0.74B,$0.02B,2.45%,$0.74B,$0.03B,4.22%,$0.74B,$0.01B,1.50%,$0.74B,$0.00B,0.54%,$0.00B,$0.19B,2.29%,$0.00B,$0.18B,2.51%,$0.00B,$0.48B,0.76%,$0.02B,$0.21B,9.70%,$160,$120,$40,$0,$37,$164,$-4,$-3,$-7,$-2,$-5,$-5,$-5,$-1,$-4,$19,19,$-0.29,$-0.29,$11,$200,$1,$364,$61,$0,$14,$15,$120,$484,$205,$13,$54,$86,$291,$48,$80,$5,$194,$484,$3,$13,$13,$26,$41,$30,$-13,$1,$73,$102,$-7,$0,$-8,$0,$4,$4,$0,$-11,$-27,$-88,$-116,$28,$28,$0,$-4,$-91,$4,$1,$0
36,2009-09-30,13.04,$9.15,1.43,$37.93,0.34,$11.32,1.15,$-1.34,0.0,$0.41B,$0.28B,1.47,$0.02B,$0.17B,0.11,$0.72B,$0.17B,23.90%,$0.72B,$-0.01B,-1.38%,$0.72B,$-0.01B,-1.38%,$0.72B,$0.00B,0.55%,$0.72B,$-0.04B,-5.11%,$0.72B,$-0.03B,-3.45%,$-0.03B,$0.17B,-14.95%,$-0.03B,$0.16B,-16.53%,$-0.03B,$0.54B,-4.53%,$-0.01B,$0.19B,-5.71%,$206,$156,$50,$0,$37,$196,$10,$-2,$8,$3,$5,$5,$3,$13,$10,$19,19,$0.16,$0.16,$10,$200,$1,$411,$64,$0,$16,$47,$127,$538,$279,$18,$25,$86,$365,$41,$86,$7,$173,$538,$9,$10,$4,$14,$1,$37,$11,$-1,$77,$100,$-5,$0,$-9,$0,$4,$4,$0,$-10,$-27,$-58,$-86,$0,$0,$0,$-4,$-89,$4,$1,$0
37,2009-06-30,7.09,$8.99,0.79,$38.06,0.19,$5.87,1.21,$-1.56,0.0,$0.41B,$0.29B,1.42,$0.01B,$0.17B,0.08,$0.72B,$0.17B,23.86%,$0.72B,$-0.01B,-1.94%,$0.72B,$-0.01B,-1.94%,$0.72B,$0.00B,0.14%,$0.72B,$-0.04B,-5.69%,$0.72B,$-0.03B,-4.02%,$-0.03B,$0.17B,-16.50%,$-0.03B,$0.15B,-19.37%,$-0.03B,$0.54B,-4.95%,$-0.01B,$0.18B,-7.82%,$197,$151,$46,$0,$37,$189,$8,$1,$9,$4,$6,$6,$5,$12,$8,$19,20,$0.28,$0.28,$14,$198,$1,$410,$66,$0,$15,$48,$129,$538,$289,$13,$24,$80,$369,$41,$82,$7,$170,$538,$6,$7,$3,$10,$4,$36,$-2,$-2,$57,$73,$-4,$0,$-2,$0,$4,$4,$0,$-2,$-1,$-60,$-61,$0,$0,$0,$-4,$-65,$8,$1,$0
38,2009-03-31,2.36,$8.65,0.27,$39.91,0.06,$-0.52,0.0,$-1.90,0.0,$0.44B,$0.33B,1.33,$0.00B,$0.16B,0.0,$0.74B,$0.18B,23.68%,$0.74B,$-0.02B,-2.30%,$0.74B,$-0.02B,-2.30%,$0.74B,$-0.00B,-0.41%,$0.74B,$-0.05B,-6.63%,$0.74B,$-0.04B,-4.74%,$-0.04B,$0.16B,-18.79%,$-0.04B,$0.15B,-23.29%,$-0.04B,$0.56B,-5.55%,$-0.02B,$0.16B,-8.13%,$172,$131,$41,$0,$36,$169,$4,$-2,$1,$1,$1,$1,$1,$7,$4,$19,19,$0.03,$0.03,$11,$212,$2,$438,$65,$0,$16,$39,$121,$558,$329,$0,$24,$67,$396,$41,$77,$6,$162,$558,$1,$3,$4,$7,$-8,$23,$-13,$0,$11,$19,$-1,$0,$-2,$0,$0,$0,$0,$-3,$-0,$-10,$-10,$0,$0,$0,$0,$-10,$4,$0,$0
39,2008-12-31,2.97,$8.81,0.34,$40.49,0.07,$-3.83,0.0,$-1.25,0.0,$0.45B,$0.34B,1.31,$0.00B,$0.16B,0.0,$0.78B,$0.19B,23.87%,$0.78B,$-0.02B,-2.06%,$0.78B,$-0.02B,-2.06%,$0.78B,$-0.00B,-0.26%,$0.78B,$-0.03B,-3.74%,$0.78B,$-0.02B,-2.97%,$-0.02B,$0.16B,-11.73%,$-0.02B,$0.15B,-15.38%,$-0.02B,$0.58B,-3.42%,$-0.02B,$0.16B,-6.63%,$149,$113,$36,$0,$39,$181,$-32,$-23,$-55,$-21,$-34,$-34,$-34,$-28,$-32,$19,19,$-1.83,$-1.78,$7,$232,$2,$448,$67,$0,$16,$16,$127,$575,$343,$0,$49,$68,$411,$41,$77,$8,$164,$575,$-23,$15,$23,$37,$28,$18,$5,$-8,$33,$47,$-10,$0,$-5,$0,$0,$0,$37,$22,$-49,$-10,$-60,$0,$0,$-7,$-2,$-68,$-7,$1,$-7
40,2008-09-30,5.17,$11.15,0.46,$41.45,0.12,$-6.92,0.0,$0.11,46.96,$0.52B,$0.40B,1.3,$0.00B,$0.21B,0.0,$0.79B,$0.19B,23.71%,$0.79B,$0.01B,1.13%,$0.79B,$0.01B,1.13%,$0.79B,$0.02B,2.90%,$0.79B,$0.02B,1.89%,$0.79B,$0.00B,0.38%,$0.00B,$0.21B,1.49%,$0.00B,$0.15B,2.07%,$0.00B,$0.67B,0.43%,$0.01B,$0.21B,3.33%,$203,$154,$49,$0,$41,$197,$6,$-2,$4,$3,$0,$0,$-1,$10,$6,$19,19,$-0.06,$-0.06,$11,$239,$2,$518,$69,$0,$56,$30,$155,$673,$399,$0,$24,$68,$466,$41,$112,$16,$207,$673,$11,$11,$1,$12,$-36,$13,$5,$-10,$-23,$-1,$-8,$0,$-4,$0,$0,$0,$37,$26,$-27,$7,$-20,$0,$0,$-5,$0,$-25,$-2,$1,$-5
41,2008-06-30,6.7,$11.44,0.59,$41.62,0.16,$-7.63,0.0,$0.31,21.62,$0.56B,$0.35B,1.6,$0.09B,$0.21B,0.43,$0.80B,$0.19B,24.37%,$0.80B,$0.01B,1.51%,$0.80B,$0.01B,1.51%,$0.80B,$0.03B,3.27%,$0.80B,$0.02B,2.14%,$0.80B,$0.01B,0.88%,$0.01B,$0.21B,3.50%,$0.01B,$0.16B,4.88%,$0.01B,$0.72B,1.00%,$0.01B,$0.30B,4.10%,$215,$167,$49,$0,$43,$211,$5,$-4,$1,$2,$-1,$-1,$-1,$8,$5,$18,18,$-0.06,$-0.06,$12,$244,$2,$562,$69,$0,$57,$31,$156,$718,$350,$90,$22,$155,$506,$41,$115,$19,$212,$718,$12,$7,$-0,$7,$-76,$7,$4,$-8,$-68,$-49,$-5,$0,$0,$0,$0,$0,$37,$32,$-8,$29,$21,$0,$0,$-3,$0,$17,$-1,$1,$-3
42,2008-03-31,4.97,$10.86,0.46,$41.37,0.12,$-7.07,0.0,$0.65,7.65,$0.55B,$0.34B,1.62,$0.09B,$0.20B,0.45,$0.80B,$0.20B,25.31%,$0.80B,$0.02B,2.51%,$0.80B,$0.02B,2.51%,$0.80B,$0.03B,4.26%,$0.80B,$0.03B,3.13%,$0.80B,$0.01B,1.63%,$0.01B,$0.20B,6.58%,$0.01B,$0.14B,9.20%,$0.01B,$0.72B,1.86%,$0.02B,$0.29B,6.86%,$208,$157,$51,$0,$44,$204,$5,$16,$21,$7,$13,$13,$13,$8,$5,$18,21,$0.71,$0.66,$15,$250,$2,$554,$70,$0,$57,$42,$169,$722,$342,$91,$22,$179,$521,$41,$118,$5,$201,$722,$13,$3,$-13,$-9,$-53,$1,$7,$-3,$-51,$-47,$-3,$0,$0,$0,$0,$0,$37,$35,$-8,$24,$17,$0,$0,$-2,$0,$15,$1,$0,$-2
43,2007-12-31,6.55,$10.29,0.64,$42.27,0.15,$-6.86,0.0,$0.11,59.54,$0.50B,$0.32B,1.57,$0.09B,$0.19B,0.48,$0.79B,$0.20B,25.70%,$0.79B,$0.02B,2.91%,$0.79B,$0.02B,2.91%,$0.79B,$0.04B,4.81%,$0.79B,$0.01B,1.01%,$0.79B,$0.00B,0.38%,$0.00B,$0.19B,1.53%,$0.00B,$0.13B,2.15%,$0.00B,$0.68B,0.43%,$0.02B,$0.28B,7.88%,$167,$128,$39,$0,$39,$174,$-7,$-4,$-11,$-3,$-8,$-8,$-8,$-3,$-7,$19,19,$-0.45,$-0.44,$13,$252,$5,$503,$72,$0,$58,$45,$175,$678,$320,$91,$23,$170,$490,$41,$106,$6,$188,$678,$2,$15,$9,$24,$-20,$-24,$10,$-5,$-33,$-7,$-14,$0,$-4,$0,$0,$0,$4,$-13,$-1,$17,$16,$-1,$-1,$-7,$-0,$8,$-9,$0,$-7
44,2007-09-30,7.46,$10.88,0.69,$42.49,0.18,$-4.40,0.0,$0.46,16.22,$0.52B,$0.32B,1.65,$0.10B,$0.20B,0.49,$0.79B,$0.21B,26.52%,$0.79B,$0.04B,4.42%,$0.79B,$0.04B,4.42%,$0.79B,$0.05B,6.31%,$0.79B,$0.02B,2.02%,$0.79B,$0.01B,1.14%,$0.01B,$0.20B,4.58%,$0.01B,$0.14B,6.39%,$0.01B,$0.69B,1.32%,$0.04B,$0.30B,11.88%,$206,$152,$55,$0,$43,$197,$9,$-3,$6,$2,$5,$5,$3,$13,$9,$19,19,$0.14,$0.14,$19,$239,$0,$518,$77,$0,$55,$39,$170,$688,$315,$98,$23,$174,$489,$41,$116,$6,$199,$688,$11,$11,$10,$21,$-52,$-8,$6,$11,$-44,$-12,$-9,$0,$0,$0,$0,$0,$4,$-5,$-0,$18,$18,$-1,$-1,$-5,$0,$12,$-3,$0,$-5
45,2007-06-30,11.8,$10.73,1.1,$42.51,0.28,$-3.15,0.0,$0.55,21.46,$0.54B,$0.34B,1.6,$0.10B,$0.20B,0.48,$0.79B,$0.20B,25.82%,$0.79B,$0.04B,4.43%,$0.79B,$0.04B,4.43%,$0.79B,$0.05B,6.33%,$0.79B,$0.01B,1.77%,$0.79B,$0.01B,1.27%,$0.01B,$0.20B,5.11%,$0.01B,$0.15B,7.17%,$0.01B,$0.71B,1.47%,$0.04B,$0.30B,11.91%,$217,$160,$57,$0,$43,$204,$13,$-4,$9,$3,$6,$6,$5,$16,$13,$19,19,$0.29,$0.28,$22,$244,$3,$542,$77,$0,$55,$38,$170,$712,$338,$98,$21,$171,$510,$41,$115,$5,$202,$712,$8,$7,$6,$14,$-65,$-12,$11,$3,$-61,$-39,$-6,$0,$0,$0,$0,$0,$0,$-6,$-0,$42,$42,$4,$4,$-3,$0,$43,$-1,$0,$-3
46,2007-03-31,13.34,$10.40,1.28,$43.56,0.31,$-2.83,0.0,$0.55,24.25,$0.51B,$0.32B,1.59,$0.10B,$0.19B,0.51,$0.80B,$0.20B,25.44%,$0.80B,$0.04B,4.49%,$0.80B,$0.04B,4.49%,$0.80B,$0.05B,6.48%,$0.80B,$0.01B,1.75%,$0.80B,$0.01B,1.25%,$0.01B,$0.19B,5.17%,$0.01B,$0.14B,7.30%,$0.01B,$0.69B,1.47%,$0.04B,$0.29B,12.35%,$200,$148,$52,$0,$43,$191,$8,$-4,$4,$1,$3,$3,$3,$12,$8,$18,19,$0.14,$0.14,$18,$242,$0,$514,$79,$0,$56,$39,$174,$689,$324,$98,$21,$171,$495,$41,$111,$4,$194,$689,$3,$4,$2,$6,$-44,$-10,$17,$-2,$-47,$-38,$-2,$0,$0,$0,$0,$0,$0,$-2,$-0,$36,$36,$2,$2,$-2,$0,$36,$-4,$0,$-2
47,2006-12-31,11.64,$10.38,1.12,$44.36,0.26,$-3.37,0.0,$0.51,22.82,$0.46B,$0.28B,1.66,$0.10B,$0.19B,0.51,$0.81B,$0.21B,25.25%,$0.81B,$0.04B,4.56%,$0.81B,$0.04B,4.56%,$0.81B,$0.05B,6.53%,$0.81B,$0.02B,1.85%,$0.81B,$0.01B,1.11%,$0.01B,$0.19B,4.69%,$0.01B,$0.13B,6.65%,$0.01B,$0.64B,1.32%,$0.04B,$0.29B,12.76%,$169,$123,$46,$0,$40,$164,$5,$-8,$-3,$-2,$-1,$-1,$-2,$9,$5,$18,18,$-0.10,$-0.10,$22,$234,$0,$462,$80,$0,$56,$42,$178,$640,$279,$98,$21,$171,$449,$41,$112,$4,$191,$640,$9,$15,$11,$27,$-12,$-1,$8,$0,$-2,$34,$-9,$0,$3,$0,$0,$0,$0,$-6,$-1,$-14,$-14,$1,$1,$-7,$0,$-20,$8,$1,$-7
