,Date,Stock Price,Book Value per Share,Price to Book Ratio,TTM Sales per Share,Price to Sales Ratio,TTM FCF per Share,Price to FCF Ratio,TTM Net EPS,PE Ratio,Current Assets,Current Liabilities,Current Ratio,Long Term Debt,Shareholder's Equity_x,Debt to Equity Ratio,TTM Revenue_x,TTM Gross Profit,Gross Margin,TTM Revenue_y,TTM Operating Income,Operating Margin,TTM Revenue_x,TTM EBIT,EBIT Margin,TTM Revenue_y,TTM EBITDA,EBITDA Margin,TTM Revenue_x,TTM Pre-Tax Income,Pre-Tax Margin,TTM Revenue_y,TTM Net Income_x,Net Margin,TTM Net Income_y,Shareholder's Equity_y,Return on Equity,TTM Net Income_x,Tangible Equity,Return on Tangible Equity,TTM Net Income_y,Total Assets,Return on Assets,TTM Net Income,LT Investments & Debt,Return on Investment,revenue,cost-goods-sold,gross-profit,research-development-expenses,selling-general-administrative-expenses,operating-expenses,operating-income,total-non-operating-income-expense,pre-tax-income,total-provision-income-taxes,income-after-taxes,income-from-continuous-operations,net-income,ebitda,ebit,basic-shares-outstanding,shares-outstanding,eps-basic-net-earnings-per-share,eps-earnings-per-share-diluted,cash-on-hand,inventory,other-current-assets,total-current-assets,net-property-plant-equipment,long-term-investments,goodwill-intangible-assets-total,other-long-term-assets,total-long-term-assets,total-assets,total-current-liabilities,long-term-debt,other-non-current-liabilities,total-long-term-liabilities,total-liabilities,common-stock-net,retained-earnings-accumulated-deficit,comprehensive-income,total-share-holder-equity,total-liabilities-share-holders-equity,net-income-loss,total-depreciation-amortization-cash-flow,other-non-cash-items,total-non-cash-items,change-in-accounts-receivable,change-in-inventories,change-in-accounts-payable,change-in-assets-liabilities,total-change-in-assets-liabilities,cash-flow-from-operating-activities,net-change-in-property-plant-equipment,net-change-in-intangible-assets,net-acquisitions-divestitures,net-change-in-short-term-investments,net-change-in-long-term-investments,net-change-in-investments-total,investing-activities-other,cash-flow-from-investing-activities,net-long-term-debt,net-current-debt,debt-issuance-retirement-net-total,net-common-equity-issued-repurchased,net-total-equity-issued-repurchased,total-common-preferred-stock-dividends-paid,financial-activities-other,cash-flow-from-financial-activities,net-cash-flow,stock-based-compensation,common-stock-dividends-paid
0,2018-07-31,2.21,$1.18,1.88,$28.12,0.08,$-0.16,0.0,$-0.18,0.0,$0.29B,$0.27B,1.08,$0.05B,$0.06B,0.87,$1.31B,$0.35B,26.45%,$1.31B,$-0.01B,-0.61%,$1.31B,$-0.01B,-0.61%,$1.31B,$0.02B,1.83%,$1.31B,$-0.02B,-1.22%,$1.31B,$-0.01B,-0.69%,$-0.01B,$0.06B,-17.31%,$-0.01B,$0.06B,-17.31%,$-0.01B,$0.45B,-1.80%,$-0.01B,$0.11B,-5.35%,$314,$232,$83,$0,$81,$313,$2,$-3,$-1,$0,$-1,$-1,$-1,$10,$2,$47,47,$-0.02,$-0.02,$10,$241,$0,$285,$139,$0,$0,$25,$164,$449,$265,$49,$37,$127,$392,$0,$-2,$-0,$56,$449,$6,$16,$2,$19,$0,$29,$-54,$-13,$-42,$-17,$-4,$0,$0,$0,$0,$0,$3,$-1,$19,$0,$19,$0,$0,$-0,$-1,$18,$-0,$2,$-0
1,2018-04-30,2.05,$1.18,1.73,$28.19,0.07,$0.58,3.56,$-0.44,0.0,$0.35B,$0.33B,1.05,$0.05B,$0.06B,0.87,$1.31B,$0.33B,25.29%,$1.31B,$-0.03B,-2.44%,$1.31B,$-0.03B,-2.44%,$1.31B,$0.00B,0.08%,$1.31B,$-0.04B,-2.90%,$1.31B,$-0.02B,-1.60%,$-0.02B,$0.06B,-39.44%,$-0.02B,$0.06B,-39.44%,$-0.02B,$0.52B,-4.14%,$-0.03B,$0.11B,-17.83%,$331,$231,$100,$0,$91,$321,$10,$-2,$7,$0,$7,$7,$7,$18,$10,$47,47,$0.16,$0.16,$16,$297,$0,$349,$144,$0,$0,$25,$169,$518,$331,$49,$39,$130,$461,$0,$-1,$-0,$57,$518,$7,$8,$2,$10,$0,$-27,$-26,$-12,$-64,$-47,$-2,$0,$0,$0,$0,$0,$3,$1,$53,$0,$53,$-0,$-0,$-0,$-1,$52,$6,$1,$-0
2,2018-01-31,0.68,$1.01,0.68,$28.48,0.02,$2.34,0.29,$-0.52,0.0,$0.31B,$0.21B,1.45,$0.14B,$0.05B,2.95,$1.32B,$0.33B,25.02%,$1.32B,$-0.03B,-2.43%,$1.32B,$-0.03B,-2.43%,$1.32B,$0.00B,0.08%,$1.32B,$-0.04B,-2.73%,$1.32B,$-0.02B,-1.82%,$-0.02B,$0.05B,-42.11%,$-0.02B,$0.05B,-42.11%,$-0.02B,$0.48B,-4.64%,$-0.03B,$0.19B,-15.37%,$378,$282,$95,$0,$91,$374,$4,$-1,$3,$3,$-0,$-0,$-0,$12,$4,$46,46,$-0.01,$-0.01,$10,$270,$0,$307,$151,$0,$0,$25,$176,$483,$212,$142,$40,$223,$435,$0,$-8,$-0,$48,$483,$-24,$32,$7,$39,$0,$21,$5,$4,$33,$48,$-21,$0,$0,$0,$0,$0,$3,$-18,$-26,$0,$-26,$0,$0,$-4,$0,$-29,$-0,$6,$-4
3,2017-10-31,1.07,$0.99,1.09,$28.60,0.04,$2.22,0.48,$-0.62,0.0,$0.36B,$0.26B,1.36,$0.15B,$0.05B,3.13,$1.33B,$0.32B,24.34%,$1.33B,$-0.04B,-3.32%,$1.33B,$-0.04B,-3.32%,$1.33B,$-0.01B,-0.75%,$1.33B,$-0.05B,-3.62%,$1.33B,$-0.03B,-2.19%,$-0.03B,$0.05B,-46.40%,$-0.03B,$0.05B,-46.40%,$-0.03B,$0.55B,-5.49%,$-0.04B,$0.20B,-19.91%,$285,$217,$68,$0,$92,$309,$-24,$-1,$-25,$-10,$-15,$-15,$-15,$-16,$-24,$46,46,$-0.31,$-0.31,$13,$311,$0,$356,$159,$0,$0,$30,$189,$545,$262,$147,$47,$236,$498,$0,$-8,$-0,$47,$545,$-24,$24,$7,$31,$0,$-20,$65,$-5,$45,$53,$-17,$0,$0,$0,$0,$0,$2,$-16,$-31,$0,$-31,$0,$0,$-4,$0,$-35,$3,$4,$-4
4,2017-07-31,1.39,$1.27,1.09,$28.99,0.05,$1.93,0.72,$-0.55,0.0,$0.29B,$0.17B,1.76,$0.17B,$0.06B,2.7,$1.34B,$0.33B,24.44%,$1.34B,$-0.04B,-2.68%,$1.34B,$-0.04B,-2.68%,$1.34B,$-0.00B,-0.15%,$1.34B,$-0.04B,-2.98%,$1.34B,$-0.03B,-1.86%,$-0.03B,$0.06B,-35.59%,$-0.03B,$0.06B,-35.59%,$-0.03B,$0.48B,-4.55%,$-0.04B,$0.23B,-15.37%,$315,$246,$68,$0,$90,$336,$-22,$-1,$-23,$-10,$-13,$-13,$-13,$-13,$-22,$46,46,$-0.28,$-0.28,$11,$246,$0,$293,$160,$0,$0,$30,$190,$483,$166,$165,$48,$255,$422,$0,$7,$-0,$61,$483,$-9,$16,$9,$25,$0,$45,$-27,$-6,$9,$25,$-12,$0,$0,$0,$0,$0,$1,$-10,$-11,$0,$-11,$0,$0,$-4,$0,$-15,$-0,$3,$-4
5,2017-04-30,2.47,$1.52,1.62,$29.06,0.08,$2.26,1.09,$-0.21,0.0,$0.36B,$0.24B,1.49,$0.15B,$0.07B,2.08,$1.35B,$0.35B,25.91%,$1.35B,$-0.01B,-0.59%,$1.35B,$-0.01B,-0.59%,$1.35B,$0.03B,1.86%,$1.35B,$-0.01B,-0.89%,$1.35B,$-0.01B,-0.67%,$-0.01B,$0.07B,-11.65%,$-0.01B,$0.07B,-11.65%,$-0.01B,$0.56B,-1.62%,$-0.01B,$0.22B,-3.34%,$341,$242,$99,$0,$89,$331,$10,$-1,$9,$5,$4,$4,$4,$18,$10,$46,46,$0.08,$0.08,$16,$322,$0,$364,$164,$0,$0,$29,$193,$556,$244,$149,$49,$241,$484,$0,$20,$-0,$72,$556,$4,$8,$7,$15,$0,$-31,$48,$4,$21,$40,$-7,$0,$0,$0,$0,$0,$0,$-7,$-24,$0,$-24,$-0,$-0,$-3,$0,$-28,$5,$2,$-3
6,2017-01-31,3.57,$1.49,2.39,$29.36,0.12,$2.61,1.37,$-0.00,0.0,$0.33B,$0.20B,1.68,$0.17B,$0.07B,2.45,$1.36B,$0.36B,26.36%,$1.36B,$0.00B,0.29%,$1.36B,$0.00B,0.29%,$1.36B,$0.04B,2.72%,$1.36B,$0.00B,0.00%,$1.36B,$0.00B,0.00%,$0.00B,$0.07B,0.00%,$0.00B,$0.07B,0.00%,$0.00B,$0.53B,0.00%,$0.00B,$0.24B,1.66%,$386,$298,$88,$0,$96,$394,$-8,$-1,$-9,$-4,$-5,$-5,$-5,$1,$-8,$46,47,$-0.11,$-0.10,$11,$291,$0,$332,$166,$0,$0,$30,$196,$528,$197,$172,$47,$260,$458,$0,$20,$-0,$70,$528,$0,$33,$11,$43,$0,$2,$9,$1,$17,$60,$-39,$0,$0,$0,$0,$0,$0,$-39,$-8,$0,$-8,$0,$0,$-15,$0,$-23,$-1,$8,$-15
7,2016-10-31,5.79,$1.66,3.49,$29.67,0.2,$2.02,2.87,$0.24,24.14,$0.43B,$0.30B,1.45,$0.17B,$0.08B,2.18,$1.37B,$0.38B,27.52%,$1.37B,$0.02B,1.68%,$1.37B,$0.02B,1.68%,$1.37B,$0.06B,4.01%,$1.37B,$0.02B,1.39%,$1.37B,$0.01B,0.80%,$0.01B,$0.08B,13.29%,$0.01B,$0.08B,13.29%,$0.01B,$0.63B,1.99%,$0.02B,$0.25B,9.41%,$300,$227,$73,$0,$89,$316,$-16,$-1,$-17,$-6,$-11,$-11,$-11,$-8,$-16,$46,46,$-0.24,$-0.24,$14,$384,$0,$428,$173,$0,$0,$30,$203,$630,$295,$170,$45,$257,$553,$0,$28,$-0,$78,$630,$5,$24,$7,$31,$0,$-90,$102,$2,$21,$57,$-35,$0,$0,$0,$0,$0,$0,$-35,$-11,$0,$-11,$1,$1,$-10,$0,$-20,$2,$6,$-10
8,2016-07-31,8.2,$1.91,4.29,$29.84,0.27,$1.35,6.07,$0.47,17.44,$0.31B,$0.18B,1.77,$0.16B,$0.09B,1.76,$1.37B,$0.39B,28.15%,$1.37B,$0.04B,2.92%,$1.37B,$0.04B,2.92%,$1.37B,$0.07B,5.18%,$1.37B,$0.04B,2.63%,$1.37B,$0.02B,1.60%,$0.02B,$0.09B,27.08%,$0.02B,$0.09B,27.08%,$0.02B,$0.51B,4.01%,$0.04B,$0.25B,16.26%,$320,$230,$89,$0,$84,$314,$6,$-1,$5,$2,$3,$3,$3,$14,$6,$46,47,$0.07,$0.06,$12,$280,$0,$312,$170,$0,$0,$30,$199,$512,$177,$157,$46,$246,$422,$0,$43,$-0,$89,$512,$16,$16,$4,$19,$0,$14,$-8,$12,$17,$53,$-24,$0,$0,$0,$0,$0,$0,$-24,$-23,$0,$-23,$0,$0,$-7,$0,$-29,$-0,$4,$-7
9,2016-04-30,6.83,$1.89,3.61,$29.76,0.23,$0.90,7.58,$0.50,13.66,$0.36B,$0.24B,1.49,$0.14B,$0.09B,1.58,$1.36B,$0.39B,28.32%,$1.36B,$0.04B,3.01%,$1.36B,$0.04B,3.01%,$1.36B,$0.07B,5.28%,$1.36B,$0.04B,2.79%,$1.36B,$0.02B,1.69%,$0.02B,$0.09B,29.68%,$0.02B,$0.09B,29.68%,$0.02B,$0.55B,4.21%,$0.04B,$0.23B,16.87%,$356,$247,$109,$0,$86,$333,$22,$-1,$21,$8,$13,$13,$13,$30,$22,$46,46,$0.29,$0.29,$16,$317,$0,$356,$166,$0,$0,$30,$196,$552,$238,$139,$46,$226,$465,$0,$43,$-0,$88,$552,$13,$8,$2,$9,$0,$-23,$47,$10,$38,$60,$-11,$0,$0,$0,$0,$0,$0,$-11,$-41,$0,$-41,$0,$0,$-3,$0,$-45,$4,$2,$-3
10,2016-01-31,6.87,$1.67,4.13,$29.80,0.23,$0.44,15.56,$0.50,13.74,$0.32B,$0.19B,1.73,$0.18B,$0.08B,2.36,$1.36B,$0.39B,28.29%,$1.36B,$0.04B,3.09%,$1.36B,$0.04B,3.09%,$1.36B,$0.07B,5.29%,$1.36B,$0.04B,2.87%,$1.36B,$0.02B,1.69%,$0.02B,$0.08B,31.40%,$0.02B,$0.08B,31.40%,$0.02B,$0.52B,4.26%,$0.04B,$0.26B,17.46%,$394,$288,$106,$0,$95,$383,$11,$-1,$10,$4,$6,$6,$6,$19,$11,$45,46,$0.14,$0.14,$12,$294,$0,$324,$163,$0,$0,$29,$192,$516,$187,$180,$31,$253,$440,$0,$33,$-0,$76,$516,$24,$30,$3,$33,$0,$-8,$-24,$14,$-19,$38,$-44,$0,$0,$0,$0,$0,$1,$-44,$190,$0,$190,$-2,$-2,$-239,$4,$-48,$-53,$7,$-239
11,2015-10-31,8.18,$1.58,5.17,$29.87,0.27,$0.86,9.57,$0.64,12.79,$0.42B,$0.28B,1.49,$0.18B,$0.07B,2.52,$1.35B,$0.39B,29.03%,$1.35B,$0.05B,3.84%,$1.35B,$0.05B,3.84%,$1.35B,$0.08B,5.98%,$1.35B,$0.05B,3.62%,$1.35B,$0.03B,2.14%,$0.03B,$0.07B,23.11%,$0.03B,$0.07B,23.11%,$0.03B,$0.61B,5.29%,$0.05B,$0.25B,20.99%,$301,$218,$82,$0,$81,$300,$1,$-1,$-0,$0,$-0,$-0,$-0,$8,$1,$45,45,$-0.01,$-0.01,$14,$373,$0,$419,$163,$0,$0,$31,$193,$612,$280,$182,$36,$259,$540,$0,$30,$-0,$72,$612,$17,$22,$5,$27,$0,$-87,$72,$-0,$-18,$26,$-34,$0,$0,$0,$0,$0,$0,$-34,$192,$0,$192,$-3,$-3,$-236,$3,$-43,$-51,$6,$-236
12,2015-07-31,9.34,$1.62,5.77,$30.08,0.31,$1.23,7.58,$0.62,15.06,$0.32B,$0.20B,1.62,$0.16B,$0.07B,2.18,$1.36B,$0.40B,29.18%,$1.36B,$0.05B,3.61%,$1.36B,$0.05B,3.61%,$1.36B,$0.08B,5.82%,$1.36B,$0.05B,3.46%,$1.36B,$0.03B,2.06%,$0.03B,$0.07B,15.91%,$0.03B,$0.07B,15.91%,$0.03B,$0.51B,5.09%,$0.05B,$0.24B,19.39%,$312,$223,$89,$0,$82,$304,$7,$-1,$7,$2,$4,$4,$4,$15,$7,$45,46,$0.09,$0.09,$12,$277,$0,$319,$156,$0,$0,$30,$186,$505,$197,$161,$36,$235,$431,$0,$34,$-0,$74,$505,$18,$15,$2,$17,$0,$8,$-8,$-2,$-7,$27,$-20,$0,$0,$0,$0,$0,$0,$-20,$170,$0,$170,$-3,$-3,$-232,$3,$-61,$-54,$4,$-232
13,2015-04-30,10.77,$1.56,6.91,$29.97,0.36,$0.92,11.7,$0.57,18.89,$0.35B,$0.24B,1.45,$0.15B,$0.07B,2.06,$1.34B,$0.39B,29.11%,$1.34B,$0.05B,3.35%,$1.34B,$0.05B,3.35%,$1.34B,$0.07B,5.51%,$1.34B,$0.04B,3.20%,$1.34B,$0.03B,1.94%,$0.03B,$0.07B,11.47%,$0.03B,$0.07B,11.47%,$0.03B,$0.53B,4.69%,$0.05B,$0.22B,17.09%,$354,$245,$108,$0,$86,$331,$23,$-1,$22,$9,$14,$14,$13,$30,$23,$45,46,$0.30,$0.29,$17,$303,$0,$345,$149,$0,$0,$31,$180,$525,$238,$146,$37,$216,$454,$0,$33,$-0,$71,$525,$14,$7,$2,$9,$0,$-17,$33,$-2,$12,$35,$-7,$0,$0,$0,$0,$0,$0,$-7,$152,$0,$152,$-3,$-3,$-229,$3,$-76,$-48,$2,$-229
14,2015-01-31,8.95,$6.34,1.41,$29.64,0.3,$0.90,9.99,$0.59,15.17,$0.37B,$0.20B,1.86,$0.00B,$0.29B,0.0,$1.32B,$0.39B,29.36%,$1.32B,$0.05B,3.41%,$1.32B,$0.05B,3.41%,$1.32B,$0.07B,5.61%,$1.32B,$0.04B,3.34%,$1.32B,$0.03B,2.05%,$0.03B,$0.29B,9.75%,$0.03B,$0.29B,9.75%,$0.03B,$0.55B,4.75%,$0.05B,$0.29B,16.25%,$387,$273,$114,$0,$93,$366,$21,$-0,$20,$8,$12,$12,$12,$28,$21,$44,45,$0.28,$0.27,$65,$286,$0,$370,$149,$0,$0,$31,$180,$550,$199,$0,$34,$66,$265,$0,$250,$-0,$285,$550,$27,$29,$10,$40,$0,$-24,$-1,$7,$-14,$52,$-40,$0,$0,$0,$0,$0,$-0,$-40,$0,$0,$0,$-3,$-3,$-12,$2,$-14,$-2,$8,$-12
15,2014-10-31,8.66,$6.09,1.42,$29.23,0.3,$0.71,12.19,$0.48,18.04,$0.44B,$0.28B,1.58,$0.00B,$0.27B,0.0,$1.29B,$0.38B,29.72%,$1.29B,$0.04B,2.71%,$1.29B,$0.04B,2.71%,$1.29B,$0.06B,4.95%,$1.29B,$0.04B,2.71%,$1.29B,$0.02B,1.70%,$0.02B,$0.27B,8.10%,$0.02B,$0.27B,8.10%,$0.02B,$0.62B,3.91%,$0.04B,$0.27B,12.88%,$304,$219,$85,$0,$86,$305,$-2,$-0,$-2,$-1,$-1,$-1,$-1,$6,$-2,$44,44,$-0.03,$-0.03,$65,$344,$0,$438,$151,$0,$0,$31,$182,$620,$278,$0,$36,$68,$346,$0,$241,$-0,$274,$620,$15,$22,$8,$30,$0,$-82,$83,$-1,$-2,$43,$-34,$0,$0,$0,$0,$0,$0,$-34,$0,$0,$0,$-2,$-2,$-9,$1,$-11,$-2,$5,$-9
16,2014-07-31,8.35,$6.15,1.36,$28.92,0.29,$0.40,20.91,$0.51,16.37,$0.35B,$0.18B,1.94,$0.00B,$0.28B,0.0,$1.28B,$0.38B,29.50%,$1.28B,$0.04B,2.90%,$1.28B,$0.04B,2.90%,$1.28B,$0.07B,5.09%,$1.28B,$0.04B,2.90%,$1.28B,$0.02B,1.80%,$0.02B,$0.28B,8.61%,$0.02B,$0.28B,8.61%,$0.02B,$0.52B,4.16%,$0.04B,$0.28B,13.84%,$298,$214,$84,$0,$81,$295,$3,$-0,$3,$1,$2,$2,$2,$10,$3,$44,45,$0.04,$0.04,$53,$266,$0,$346,$148,$0,$0,$29,$176,$523,$178,$0,$37,$68,$246,$0,$246,$-0,$277,$523,$16,$14,$5,$19,$0,$-5,$-11,$4,$-19,$16,$-22,$0,$0,$0,$0,$0,$0,$-22,$0,$0,$0,$-2,$-2,$-6,$1,$-7,$-14,$4,$-6
17,2014-04-30,8.0,$6.09,1.31,$28.91,0.28,$0.17,45.85,$0.55,14.54,$0.41B,$0.24B,1.7,$0.00B,$0.27B,0.0,$1.27B,$0.37B,29.35%,$1.27B,$0.04B,3.15%,$1.27B,$0.04B,3.15%,$1.27B,$0.07B,5.35%,$1.27B,$0.04B,3.15%,$1.27B,$0.02B,1.89%,$0.02B,$0.27B,9.18%,$0.02B,$0.27B,9.18%,$0.02B,$0.58B,4.43%,$0.04B,$0.27B,15.30%,$329,$225,$104,$0,$81,$306,$23,$-0,$23,$9,$14,$14,$14,$30,$23,$44,44,$0.31,$0.31,$88,$295,$0,$409,$144,$0,$0,$28,$172,$581,$241,$0,$37,$68,$308,$0,$244,$-0,$272,$581,$14,$7,$6,$13,$0,$-34,$47,$3,$8,$35,$-9,$0,$0,$0,$0,$0,$0,$-9,$0,$0,$0,$-3,$-3,$-2,$1,$-4,$21,$1,$-2
18,2014-01-31,7.89,$5.93,1.33,$28.94,0.27,$0.02,481.26,$0.57,13.85,$0.36B,$0.20B,1.82,$0.00B,$0.26B,0.0,$1.26B,$0.37B,29.06%,$1.26B,$0.04B,3.25%,$1.26B,$0.04B,3.25%,$1.26B,$0.07B,5.46%,$1.26B,$0.04B,3.25%,$1.26B,$0.02B,1.90%,$0.02B,$0.26B,9.38%,$0.02B,$0.26B,9.38%,$0.02B,$0.52B,4.51%,$0.04B,$0.26B,16.02%,$361,$249,$111,$0,$101,$350,$11,$-0,$11,$3,$7,$7,$7,$18,$11,$43,44,$0.16,$0.16,$67,$262,$0,$357,$140,$0,$0,$27,$167,$524,$196,$0,$37,$64,$260,$0,$235,$-0,$264,$524,$26,$28,$9,$37,$0,$-18,$0,$-3,$-22,$40,$-36,$0,$0,$0,$0,$0,$0,$-36,$-2,$0,$-2,$4,$4,$-7,$1,$-4,$-0,$7,$-7
19,2013-10-31,9.35,$5.76,1.62,$29.30,0.32,$0.53,17.49,$0.71,13.17,$0.42B,$0.26B,1.57,$0.00B,$0.26B,0.0,$1.27B,$0.36B,28.48%,$1.27B,$0.05B,3.70%,$1.27B,$0.05B,3.70%,$1.27B,$0.08B,5.90%,$1.27B,$0.05B,3.70%,$1.27B,$0.03B,2.36%,$0.03B,$0.26B,12.07%,$0.03B,$0.26B,12.07%,$0.03B,$0.58B,5.73%,$0.05B,$0.26B,18.91%,$290,$213,$78,$0,$78,$291,$-0,$-0,$-0,$-0,$0,$0,$0,$7,$-0,$43,44,$0.00,$0.00,$60,$330,$0,$415,$140,$0,$0,$27,$167,$582,$264,$0,$38,$62,$326,$0,$230,$-0,$256,$582,$18,$21,$12,$33,$0,$-86,$68,$-7,$-26,$25,$-30,$0,$0,$0,$0,$0,$0,$-30,$-2,$0,$-2,$3,$3,$-4,$1,$-3,$-8,$5,$-4
20,2013-07-31,8.81,$5.74,1.53,$29.12,0.3,$1.05,8.39,$0.67,13.15,$0.32B,$0.17B,1.88,$0.00B,$0.25B,0.0,$1.26B,$0.36B,28.29%,$1.26B,$0.04B,3.43%,$1.26B,$0.04B,3.43%,$1.26B,$0.07B,5.66%,$1.26B,$0.04B,3.43%,$1.26B,$0.03B,2.23%,$0.03B,$0.25B,11.21%,$0.03B,$0.25B,11.21%,$0.03B,$0.48B,5.38%,$0.04B,$0.25B,17.22%,$291,$211,$80,$0,$74,$285,$6,$-0,$6,$2,$3,$3,$3,$13,$6,$43,44,$0.08,$0.08,$48,$251,$0,$319,$136,$0,$0,$27,$163,$482,$170,$0,$34,$58,$228,$0,$232,$-0,$254,$482,$18,$14,$5,$19,$0,$-7,$-17,$-1,$-34,$3,$-19,$0,$0,$0,$0,$0,$0,$-19,$-2,$0,$-2,$1,$1,$-2,$0,$-3,$-19,$3,$-2
21,2013-04-30,4.97,$5.70,0.87,$29.03,0.17,$1.54,3.23,$0.64,7.77,$0.38B,$0.23B,1.64,$0.00B,$0.25B,0.0,$1.24B,$0.35B,28.05%,$1.24B,$0.04B,3.30%,$1.24B,$0.04B,3.30%,$1.24B,$0.07B,5.39%,$1.24B,$0.04B,3.30%,$1.24B,$0.03B,2.17%,$0.03B,$0.25B,10.72%,$0.03B,$0.25B,10.72%,$0.03B,$0.54B,5.14%,$0.04B,$0.25B,16.29%,$321,$223,$98,$0,$74,$297,$24,$-0,$24,$10,$15,$15,$14,$31,$24,$43,43,$0.34,$0.33,$84,$278,$0,$380,$132,$0,$0,$27,$159,$539,$231,$0,$34,$58,$290,$0,$231,$-0,$250,$539,$15,$7,$3,$10,$0,$-35,$35,$2,$2,$26,$-8,$0,$0,$0,$0,$0,$0,$-8,$-1,$0,$-1,$0,$0,$0,$0,$-1,$17,$1,$0
22,2013-01-31,5.3,$5.34,0.99,$28.84,0.18,$1.74,3.06,$0.56,9.47,$0.33B,$0.20B,1.69,$0.00B,$0.23B,0.0,$1.23B,$0.34B,27.82%,$1.23B,$0.04B,2.92%,$1.23B,$0.04B,2.92%,$1.23B,$0.06B,4.87%,$1.23B,$0.04B,2.92%,$1.23B,$0.02B,1.95%,$0.02B,$0.23B,9.46%,$0.02B,$0.23B,9.46%,$0.02B,$0.49B,4.57%,$0.04B,$0.23B,14.19%,$369,$262,$106,$0,$89,$351,$17,$-0,$17,$4,$14,$14,$13,$24,$17,$43,43,$0.31,$0.31,$67,$243,$0,$333,$132,$0,$0,$27,$158,$492,$197,$0,$44,$61,$258,$0,$217,$-0,$234,$492,$25,$24,$11,$35,$0,$-25,$25,$11,$12,$71,$-45,$0,$0,$0,$0,$0,$0,$-45,$-6,$0,$-6,$-3,$-3,$-44,$1,$-53,$-27,$6,$-44
23,2012-10-31,4.35,$5.99,0.73,$27.81,0.16,$1.74,2.5,$0.39,11.16,$0.42B,$0.25B,1.67,$0.00B,$0.26B,0.0,$1.20B,$0.32B,27.11%,$1.20B,$0.03B,2.34%,$1.20B,$0.03B,2.34%,$1.20B,$0.05B,4.18%,$1.20B,$0.03B,2.34%,$1.20B,$0.02B,1.42%,$0.02B,$0.26B,6.60%,$0.02B,$0.26B,6.60%,$0.02B,$0.57B,3.26%,$0.03B,$0.26B,10.86%,$274,$203,$71,$0,$74,$277,$-4,$-0,$-4,$-2,$-2,$-2,$-2,$3,$-4,$43,43,$-0.04,$-0.04,$104,$297,$0,$418,$126,$0,$0,$25,$150,$569,$251,$0,$57,$57,$307,$0,$247,$-1,$261,$569,$11,$17,$2,$19,$0,$-78,$79,$19,$19,$50,$-33,$0,$0,$0,$0,$0,$0,$-33,$-4,$0,$-4,$-3,$-3,$0,$0,$-7,$10,$4,$0
24,2012-07-31,4.4,$6.00,0.73,$27.46,0.16,$2.07,2.12,$0.36,12.23,$0.36B,$0.18B,2.04,$0.00B,$0.26B,0.0,$1.18B,$0.32B,27.03%,$1.18B,$0.03B,2.45%,$1.18B,$0.03B,2.45%,$1.18B,$0.05B,4.14%,$1.18B,$0.03B,2.45%,$1.18B,$0.02B,1.44%,$0.02B,$0.26B,6.69%,$0.02B,$0.26B,6.69%,$0.02B,$0.50B,3.31%,$0.03B,$0.26B,11.42%,$280,$207,$74,$0,$70,$277,$4,$-0,$4,$2,$2,$2,$2,$9,$4,$43,43,$0.05,$0.05,$94,$238,$0,$359,$120,$0,$0,$22,$143,$502,$176,$0,$64,$64,$239,$0,$249,$-1,$262,$502,$13,$11,$8,$19,$0,$-19,$7,$11,$-6,$26,$-21,$0,$0,$0,$0,$0,$0,$-21,$-3,$0,$-3,$-2,$-2,$0,$0,$-5,$0,$2,$0
25,2012-04-30,3.56,$5.97,0.6,$27.08,0.13,$2.42,1.47,$0.35,10.16,$0.40B,$0.22B,1.79,$0.00B,$0.26B,0.0,$1.18B,$0.32B,26.89%,$1.18B,$0.03B,2.37%,$1.18B,$0.03B,2.37%,$1.18B,$0.05B,4.07%,$1.18B,$0.03B,2.37%,$1.18B,$0.02B,1.44%,$0.02B,$0.26B,6.74%,$0.02B,$0.26B,6.74%,$0.02B,$0.54B,3.37%,$0.03B,$0.26B,11.10%,$310,$218,$92,$0,$73,$291,$19,$-0,$19,$8,$11,$11,$11,$24,$19,$43,43,$0.25,$0.25,$117,$263,$0,$401,$114,$0,$0,$23,$137,$537,$224,$0,$55,$55,$279,$0,$246,$-1,$258,$537,$11,$5,$-0,$5,$0,$-44,$44,$14,$20,$35,$-9,$0,$0,$0,$0,$0,$0,$-9,$-1,$0,$-1,$-2,$-2,$0,$0,$-4,$23,$1,$0
26,2012-01-31,4.02,$5.73,0.7,$26.84,0.15,$2.07,1.94,$0.41,9.8,$0.35B,$0.17B,1.99,$0.00B,$0.25B,0.0,$1.18B,$0.32B,27.16%,$1.18B,$0.03B,2.72%,$1.18B,$0.03B,2.72%,$1.18B,$0.05B,4.41%,$1.18B,$0.03B,2.72%,$1.18B,$0.02B,1.70%,$0.02B,$0.25B,7.96%,$0.02B,$0.25B,7.96%,$0.02B,$0.48B,4.09%,$0.03B,$0.25B,12.74%,$331,$243,$87,$0,$78,$322,$9,$-0,$9,$3,$6,$6,$6,$14,$9,$43,44,$0.14,$0.13,$94,$219,$0,$347,$110,$0,$0,$23,$133,$480,$174,$0,$56,$56,$230,$0,$235,$-1,$250,$480,$20,$19,$17,$36,$0,$11,$11,$-9,$9,$65,$-38,$0,$0,$0,$0,$0,$0,$-38,$-3,$0,$-3,$-9,$-9,$0,$0,$-12,$14,$4,$0
27,2011-10-31,4.02,$5.64,0.71,$27.44,0.15,$1.93,2.08,$0.70,5.74,$0.41B,$0.24B,1.71,$0.00B,$0.25B,0.0,$1.20B,$0.34B,28.35%,$1.20B,$0.04B,3.41%,$1.20B,$0.04B,3.41%,$1.20B,$0.06B,5.07%,$1.20B,$0.04B,3.41%,$1.20B,$0.04B,3.24%,$0.04B,$0.25B,15.57%,$0.04B,$0.25B,15.57%,$0.04B,$0.53B,8.15%,$0.04B,$0.25B,16.37%,$263,$197,$67,$0,$70,$266,$-3,$-0,$-3,$-1,$-2,$-2,$-2,$2,$-3,$43,43,$-0.04,$-0.04,$102,$272,$0,$407,$107,$0,$0,$20,$127,$534,$238,$0,$50,$50,$288,$0,$229,$0,$246,$534,$14,$14,$14,$28,$0,$-43,$73,$-9,$20,$61,$-29,$0,$0,$0,$0,$0,$0,$-29,$-2,$0,$-2,$-8,$-8,$0,$0,$-9,$22,$3,$0
28,2011-07-31,5.26,$5.70,0.92,$27.48,0.19,$1.17,4.49,$0.87,6.05,$0.35B,$0.17B,2.12,$0.00B,$0.26B,0.0,$1.21B,$0.34B,28.31%,$1.21B,$0.05B,3.89%,$1.21B,$0.05B,3.89%,$1.21B,$0.07B,5.46%,$1.21B,$0.05B,3.89%,$1.21B,$0.05B,3.73%,$0.05B,$0.26B,17.91%,$0.05B,$0.26B,17.91%,$0.05B,$0.47B,9.68%,$0.05B,$0.26B,18.71%,$275,$204,$71,$0,$68,$271,$3,$-0,$3,$1,$2,$2,$2,$8,$3,$44,44,$0.04,$0.04,$101,$224,$0,$351,$92,$0,$0,$24,$116,$467,$165,$0,$46,$46,$212,$0,$231,$0,$255,$467,$16,$9,$6,$15,$0,$6,$10,$-1,$6,$37,$-16,$0,$0,$0,$0,$0,$0,$-16,$0,$0,$0,$0,$0,$0,$0,$0,$21,$2,$0
29,2011-04-30,6.03,$5.69,1.06,$27.57,0.22,$0.67,9.05,$1.08,5.58,$0.37B,$0.18B,2.03,$0.00B,$0.25B,0.0,$1.21B,$0.34B,28.12%,$1.21B,$0.06B,4.71%,$1.21B,$0.06B,4.71%,$1.21B,$0.08B,6.29%,$1.21B,$0.06B,4.71%,$1.21B,$0.05B,4.47%,$0.05B,$0.25B,21.75%,$0.05B,$0.25B,21.75%,$0.05B,$0.48B,12.00%,$0.06B,$0.25B,22.96%,$309,$215,$95,$0,$72,$286,$23,$-0,$23,$9,$14,$14,$14,$28,$23,$44,44,$0.31,$0.31,$94,$254,$0,$367,$85,$0,$0,$25,$110,$477,$181,$0,$42,$42,$223,$0,$229,$0,$254,$477,$14,$5,$4,$9,$0,$-25,$21,$2,$-4,$19,$-7,$0,$0,$0,$0,$0,$0,$-7,$0,$0,$0,$2,$2,$0,$0,$2,$14,$1,$0
30,2011-01-31,4.34,$5.57,0.78,$27.47,0.16,$0.17,25.32,$1.09,3.98,$0.34B,$0.17B,2.03,$0.00B,$0.25B,0.0,$1.20B,$0.33B,27.73%,$1.20B,$0.06B,4.58%,$1.20B,$0.06B,4.58%,$1.20B,$0.07B,6.16%,$1.20B,$0.06B,4.58%,$1.20B,$0.05B,4.50%,$0.05B,$0.25B,22.27%,$0.05B,$0.25B,22.27%,$0.05B,$0.44B,12.40%,$0.06B,$0.25B,22.68%,$356,$248,$108,$0,$65,$338,$18,$-0,$18,$-9,$27,$27,$25,$23,$18,$43,44,$0.59,$0.59,$80,$232,$0,$340,$80,$0,$0,$16,$96,$436,$168,$0,$21,$21,$189,$0,$225,$0,$247,$436,$57,$18,$-4,$14,$0,$-13,$15,$-11,$-21,$49,$-29,$0,$0,$0,$0,$0,$0,$-29,$0,$0,$0,$-6,$-6,$-22,$7,$-21,$-1,$4,$-22
31,2010-10-31,4.93,$5.72,0.86,$27.23,0.18,$1.81,2.72,$0.73,6.75,$0.39B,$0.21B,1.84,$0.00B,$0.25B,0.0,$1.19B,$0.31B,26.37%,$1.19B,$0.04B,3.62%,$1.19B,$0.04B,3.62%,$1.19B,$0.06B,5.22%,$1.19B,$0.04B,3.62%,$1.19B,$0.03B,2.70%,$0.03B,$0.25B,13.63%,$0.03B,$0.25B,13.63%,$0.03B,$0.48B,7.49%,$0.04B,$0.25B,18.32%,$268,$200,$68,$0,$70,$265,$3,$0,$3,$-2,$4,$4,$4,$7,$3,$43,44,$0.10,$0.10,$81,$281,$0,$387,$77,$0,$0,$15,$92,$479,$211,$0,$20,$20,$230,$0,$229,$1,$249,$479,$30,$13,$3,$16,$0,$-63,$57,$-6,$-25,$21,$-22,$0,$0,$0,$0,$0,$0,$-22,$0,$0,$0,$-1,$-1,$0,$2,$1,$-0,$2,$0
32,2010-07-31,4.05,$5.60,0.72,$27.21,0.15,$3.41,1.19,$0.70,5.79,$0.32B,$0.14B,2.21,$0.00B,$0.24B,0.0,$1.19B,$0.32B,26.49%,$1.19B,$0.04B,3.45%,$1.19B,$0.04B,3.45%,$1.19B,$0.06B,5.13%,$1.19B,$0.04B,3.45%,$1.19B,$0.03B,2.61%,$0.03B,$0.24B,13.76%,$0.03B,$0.24B,13.76%,$0.03B,$0.41B,7.47%,$0.04B,$0.24B,18.20%,$276,$207,$69,$0,$70,$262,$13,$0,$13,$2,$11,$11,$11,$18,$13,$43,44,$0.26,$0.25,$80,$218,$0,$319,$75,$0,$0,$15,$90,$408,$144,$0,$21,$21,$165,$0,$224,$1,$243,$408,$26,$9,$2,$10,$0,$-0,$-5,$1,$-23,$13,$-15,$0,$0,$0,$0,$0,$0,$-15,$0,$0,$0,$-1,$-1,$0,$2,$1,$-1,$1,$0
33,2010-04-30,4.99,$5.32,0.94,$27.71,0.18,$4.77,1.05,$0.49,10.19,$0.33B,$0.17B,1.97,$0.00B,$0.23B,0.0,$1.20B,$0.32B,26.73%,$1.20B,$0.03B,2.83%,$1.20B,$0.03B,2.83%,$1.20B,$0.05B,4.41%,$1.20B,$0.03B,2.83%,$1.20B,$0.02B,1.83%,$0.02B,$0.23B,10.19%,$0.02B,$0.23B,10.19%,$0.02B,$0.42B,5.45%,$0.03B,$0.23B,15.74%,$301,$213,$88,$0,$72,$280,$21,$0,$21,$7,$14,$14,$14,$26,$21,$43,44,$0.33,$0.32,$72,$238,$0,$329,$73,$0,$0,$16,$89,$419,$168,$0,$20,$20,$188,$0,$213,$1,$231,$419,$14,$4,$0,$5,$2,$-19,$2,$-3,$-20,$-1,$-9,$0,$0,$0,$0,$0,$0,$-9,$0,$0,$0,$-2,$-2,$0,$2,$0,$-9,$0,$0
34,2010-01-31,4.15,$5.03,0.82,$28.44,0.15,$5.72,0.72,$0.55,7.54,$0.32B,$0.17B,1.91,$0.00B,$0.22B,0.0,$1.22B,$0.33B,27.05%,$1.22B,$0.04B,2.87%,$1.22B,$0.04B,2.87%,$1.22B,$0.05B,4.43%,$1.22B,$0.04B,2.87%,$1.22B,$0.02B,1.97%,$0.02B,$0.22B,11.48%,$0.02B,$0.22B,11.48%,$0.02B,$0.40B,6.14%,$0.04B,$0.22B,16.75%,$342,$253,$88,$0,$86,$335,$6,$-0,$6,$3,$3,$3,$3,$11,$6,$42,43,$0.06,$0.05,$81,$218,$0,$320,$68,$0,$0,$15,$84,$404,$168,$0,$21,$21,$189,$0,$199,$1,$216,$404,$24,$19,$16,$35,$0,$-11,$25,$18,$40,$98,$-8,$0,$0,$0,$0,$0,$0,$-8,$0,$-100,$-100,$1,$1,$0,$0,$-99,$-8,$5,$0
35,2009-10-31,4.99,$4.93,1.01,$29.31,0.17,$3.62,1.38,$-0.86,0.0,$0.34B,$0.20B,1.7,$0.00B,$0.21B,0.0,$1.24B,$0.30B,23.91%,$1.24B,$-0.03B,-2.33%,$1.24B,$-0.03B,-2.33%,$1.24B,$-0.01B,-0.64%,$1.24B,$-0.03B,-2.42%,$1.24B,$-0.04B,-2.82%,$-0.04B,$0.21B,-17.37%,$-0.04B,$0.21B,-17.37%,$-0.04B,$0.43B,-8.70%,$-0.03B,$0.21B,-12.80%,$270,$201,$70,$0,$73,$269,$1,$0,$1,$-2,$3,$3,$3,$6,$1,$42,44,$0.07,$0.07,$59,$254,$0,$337,$77,$0,$0,$17,$93,$430,$199,$0,$20,$20,$219,$0,$196,$1,$211,$430,$21,$14,$6,$20,$-1,$-47,$63,$-7,$34,$75,$-5,$0,$0,$0,$0,$0,$0,$-5,$0,$-100,$-100,$1,$1,$0,$0,$-99,$-30,$3,$0
36,2009-07-31,5.79,$4.82,1.2,$30.41,0.19,$1.47,3.93,$-1.27,0.0,$0.27B,$0.13B,1.97,$0.00B,$0.21B,0.0,$1.27B,$0.29B,23.13%,$1.27B,$-0.05B,-4.01%,$1.27B,$-0.05B,-4.01%,$1.27B,$-0.03B,-2.28%,$1.27B,$-0.05B,-4.17%,$1.27B,$-0.05B,-4.09%,$-0.05B,$0.21B,-24.91%,$-0.05B,$0.21B,-24.91%,$-0.05B,$0.36B,-12.05%,$-0.05B,$0.21B,-19.71%,$288,$212,$75,$0,$74,$282,$6,$0,$6,$4,$2,$2,$2,$10,$6,$42,42,$0.04,$0.04,$45,$185,$0,$265,$79,$0,$0,$18,$96,$361,$134,$0,$21,$21,$155,$0,$193,$1,$206,$361,$18,$10,$4,$14,$-4,$22,$2,$-5,$28,$59,$-3,$0,$0,$0,$0,$0,$0,$-3,$0,$-100,$-100,$0,$0,$0,$0,$-100,$-44,$2,$0
37,2009-04-30,2.29,$4.76,0.48,$31.18,0.07,$0.13,17.95,$-1.50,0.0,$0.27B,$0.14B,1.9,$0.00B,$0.20B,0.0,$1.30B,$0.29B,22.63%,$1.30B,$-0.07B,-5.41%,$1.30B,$-0.07B,-5.41%,$1.30B,$-0.05B,-3.55%,$1.30B,$-0.07B,-5.56%,$1.30B,$-0.06B,-4.79%,$-0.06B,$0.20B,-28.09%,$-0.06B,$0.20B,-28.09%,$-0.06B,$0.37B,-13.72%,$-0.07B,$0.20B,-25.13%,$320,$223,$97,$0,$80,$298,$22,$-0,$22,$6,$16,$16,$16,$27,$22,$42,42,$0.38,$0.38,$19,$210,$0,$268,$83,$0,$0,$17,$100,$368,$141,$0,$24,$24,$165,$0,$191,$1,$203,$368,$16,$5,$1,$6,$0,$-2,$7,$-1,$10,$32,$-2,$0,$0,$0,$0,$0,$0,$-2,$0,$-100,$-100,$-0,$-0,$0,$0,$-100,$-69,$1,$0
38,2009-01-31,0.61,$4.37,0.14,$31.93,0.02,$-0.73,0.0,$-1.71,0.0,$0.34B,$0.14B,2.52,$0.10B,$0.19B,0.54,$1.33B,$0.29B,22.16%,$1.33B,$-0.08B,-6.03%,$1.33B,$-0.08B,-6.03%,$1.33B,$-0.05B,-4.07%,$1.33B,$-0.08B,-6.18%,$1.33B,$-0.07B,-5.35%,$-0.07B,$0.19B,-30.21%,$-0.07B,$0.19B,-30.21%,$-0.07B,$0.45B,-14.78%,$-0.08B,$0.29B,-26.42%,$364,$309,$55,$0,$117,$422,$-58,$-1,$-59,$-3,$-56,$-56,$-56,$-51,$-58,$41,41,$-1.36,$-1.36,$89,$207,$0,$342,$86,$0,$0,$22,$108,$450,$135,$100,$28,$128,$264,$0,$175,$1,$186,$450,$-71,$26,$38,$64,$3,$55,$-21,$1,$27,$19,$-19,$0,$0,$0,$0,$0,$0,$-19,$0,$73,$73,$1,$1,$0,$0,$74,$74,$4,$0
39,2008-10-31,1.13,$5.68,0.2,$33.05,0.03,$-0.92,0.0,$-0.66,0.0,$0.41B,$0.18B,2.32,$0.10B,$0.24B,0.42,$1.38B,$0.32B,23.41%,$1.38B,$-0.04B,-2.83%,$1.38B,$-0.04B,-2.83%,$1.38B,$-0.01B,-0.94%,$1.38B,$-0.04B,-2.97%,$1.38B,$-0.03B,-1.96%,$-0.03B,$0.24B,-10.68%,$-0.03B,$0.24B,-10.68%,$-0.03B,$0.55B,-5.59%,$-0.04B,$0.34B,-12.90%,$299,$231,$67,$0,$94,$320,$-21,$-1,$-22,$-8,$-14,$-14,$-14,$-15,$-21,$41,41,$-0.34,$-0.34,$65,$306,$0,$412,$106,$0,$0,$29,$135,$547,$177,$100,$29,$129,$306,$0,$231,$0,$240,$547,$-15,$19,$7,$26,$5,$-44,$23,$-1,$-20,$-10,$-14,$0,$0,$0,$0,$0,$0,$-14,$0,$73,$73,$1,$1,$0,$0,$73,$50,$3,$0
40,2008-07-31,2.35,$5.99,0.39,$33.85,0.07,$-1.13,0.0,$-0.38,0.0,$0.30B,$0.13B,2.36,$0.03B,$0.25B,0.12,$1.41B,$0.34B,24.19%,$1.41B,$-0.02B,-1.63%,$1.41B,$-0.02B,-1.63%,$1.41B,$0.00B,0.21%,$1.41B,$-0.03B,-1.77%,$1.41B,$-0.02B,-1.13%,$-0.02B,$0.25B,-6.14%,$-0.02B,$0.25B,-6.14%,$-0.02B,$0.44B,-3.30%,$-0.02B,$0.29B,-7.69%,$312,$238,$74,$0,$93,$325,$-13,$-0,$-13,$-5,$-8,$-8,$-8,$-7,$-13,$41,41,$-0.19,$-0.19,$18,$249,$0,$301,$108,$0,$0,$33,$141,$442,$128,$31,$29,$60,$188,$0,$245,$0,$254,$442,$-1,$13,$3,$16,$4,$14,$-23,$-1,$-6,$9,$-10,$0,$0,$0,$0,$0,$0,$-10,$0,$4,$4,$1,$1,$0,$0,$4,$3,$2,$0
41,2008-04-30,2.8,$6.19,0.45,$33.99,0.08,$-1.30,0.0,$-0.14,0.0,$0.34B,$0.15B,2.21,$0.04B,$0.26B,0.15,$1.43B,$0.35B,24.70%,$1.43B,$-0.01B,-0.42%,$1.43B,$-0.01B,-0.42%,$1.43B,$0.02B,1.40%,$1.43B,$-0.01B,-0.56%,$1.43B,$-0.01B,-0.42%,$-0.01B,$0.26B,-2.23%,$-0.01B,$0.26B,-2.23%,$-0.01B,$0.48B,-1.22%,$-0.01B,$0.30B,-1.98%,$352,$254,$98,$0,$92,$340,$12,$-0,$12,$5,$7,$7,$7,$19,$12,$42,42,$0.17,$0.17,$22,$281,$0,$340,$110,$0,$0,$34,$143,$483,$154,$40,$29,$69,$223,$0,$253,$0,$260,$483,$7,$6,$2,$8,$1,$-18,$3,$-3,$-15,$-0,$-5,$0,$0,$0,$0,$0,$0,$-5,$0,$13,$13,$0,$0,$0,$0,$13,$7,$1,$0
42,2008-01-31,3.35,$6.14,0.55,$34.18,0.1,$-1.36,0.0,$-0.13,0.0,$0.32B,$0.15B,2.08,$0.03B,$0.26B,0.11,$1.46B,$0.36B,24.78%,$1.46B,$-0.01B,-0.34%,$1.46B,$-0.01B,-0.34%,$1.46B,$0.02B,1.37%,$1.46B,$-0.01B,-0.48%,$1.46B,$-0.01B,-0.34%,$-0.01B,$0.26B,-1.80%,$-0.01B,$0.26B,-1.80%,$-0.01B,$0.46B,-1.01%,$-0.01B,$0.28B,-1.65%,$417,$333,$84,$0,$106,$435,$-17,$-0,$-18,$-5,$-12,$-12,$-12,$-10,$-17,$42,42,$-0.29,$-0.28,$15,$262,$0,$318,$111,$0,$0,$32,$142,$461,$153,$27,$24,$51,$204,$0,$251,$0,$257,$461,$-5,$26,$6,$32,$-2,$28,$-6,$-0,$-10,$18,$-26,$0,$0,$11,$0,$11,$0,$-15,$0,$27,$27,$-22,$-22,$-10,$0,$-5,$-2,$0,$-10
43,2007-10-31,3.4,$6.51,0.52,$34.77,0.1,$-1.59,0.0,$0.65,5.24,$0.41B,$0.21B,2.0,$0.06B,$0.27B,0.2,$1.50B,$0.41B,27.45%,$1.50B,$0.05B,3.06%,$1.50B,$0.05B,3.06%,$1.50B,$0.07B,4.60%,$1.50B,$0.05B,3.00%,$1.50B,$0.03B,1.87%,$0.03B,$0.27B,9.81%,$0.03B,$0.27B,9.81%,$0.03B,$0.56B,5.61%,$0.05B,$0.33B,15.12%,$333,$247,$86,$0,$97,$339,$-5,$-0,$-6,$-3,$-3,$-3,$-3,$1,$-5,$42,42,$-0.06,$-0.06,$20,$345,$0,$409,$115,$0,$0,$31,$146,$555,$205,$55,$24,$79,$284,$0,$266,$0,$272,$555,$8,$19,$6,$25,$-5,$-54,$42,$-3,$-45,$-12,$-20,$0,$0,$11,$0,$11,$0,$-9,$0,$55,$55,$-23,$-23,$-8,$0,$24,$3,$6,$-8
44,2007-07-31,5.54,$6.66,0.83,$34.52,0.16,$-2.18,0.0,$0.72,7.69,$0.32B,$0.13B,2.37,$0.01B,$0.29B,0.05,$1.51B,$0.42B,27.54%,$1.51B,$0.05B,3.38%,$1.51B,$0.05B,3.38%,$1.51B,$0.08B,4.98%,$1.51B,$0.05B,3.38%,$1.51B,$0.03B,2.06%,$0.03B,$0.29B,10.91%,$0.03B,$0.29B,10.91%,$0.03B,$0.46B,6.31%,$0.05B,$0.30B,17.24%,$331,$245,$86,$0,$88,$327,$4,$-0,$4,$2,$2,$2,$2,$10,$4,$43,43,$0.05,$0.05,$17,$272,$0,$318,$114,$0,$0,$30,$144,$462,$134,$14,$28,$42,$176,$0,$271,$0,$286,$462,$10,$13,$2,$14,$0,$18,$-21,$4,$-21,$4,$-13,$0,$0,$11,$0,$11,$0,$-2,$0,$14,$14,$-12,$-12,$-5,$0,$-3,$-1,$5,$-5
45,2007-04-30,8.35,$6.76,1.23,$34.49,0.24,$-2.59,0.0,$0.86,9.7,$0.36B,$0.17B,2.07,$0.01B,$0.30B,0.02,$1.51B,$0.42B,27.98%,$1.51B,$0.06B,3.97%,$1.51B,$0.06B,3.97%,$1.51B,$0.08B,5.56%,$1.51B,$0.06B,3.97%,$1.51B,$0.04B,2.45%,$0.04B,$0.30B,13.20%,$0.04B,$0.30B,13.20%,$0.04B,$0.50B,7.61%,$0.06B,$0.30B,20.82%,$376,$271,$105,$0,$97,$363,$13,$0,$13,$5,$8,$8,$8,$19,$13,$43,44,$0.19,$0.18,$23,$308,$0,$359,$112,$0,$0,$29,$141,$500,$174,$5,$24,$30,$204,$0,$271,$0,$296,$500,$8,$6,$1,$8,$-0,$-17,$8,$-1,$-19,$-3,$-5,$0,$0,$11,$0,$11,$0,$6,$0,$5,$5,$0,$0,$-3,$0,$3,$6,$2,$-3
46,2007-01-31,6.89,$6.59,1.05,$34.20,0.2,$-2.32,0.0,$0.85,8.1,$0.34B,$0.17B,2.03,$0.00B,$0.29B,0.0,$1.50B,$0.42B,27.71%,$1.50B,$0.06B,3.86%,$1.50B,$0.06B,3.86%,$1.50B,$0.08B,5.46%,$1.50B,$0.06B,3.93%,$1.50B,$0.04B,2.47%,$0.04B,$0.29B,13.62%,$0.04B,$0.29B,13.62%,$0.04B,$0.48B,7.67%,$0.06B,$0.29B,20.84%,$461,$326,$135,$0,$109,$427,$34,$-0,$34,$13,$21,$21,$21,$39,$34,$43,44,$0.49,$0.48,$28,$291,$0,$344,$113,$0,$0,$23,$136,$480,$169,$0,$23,$23,$192,$0,$266,$0,$288,$480,$37,$24,$4,$28,$1,$-25,$-5,$-0,$-34,$30,$-49,$0,$0,$94,$0,$94,$0,$45,$0,$0,$0,$-3,$-3,$-76,$1,$-78,$-3,$0,$-76
47,2006-10-31,8.31,$6.13,1.36,$33.32,0.25,$-0.96,0.0,$0.85,9.78,$0.39B,$0.21B,1.87,$0.03B,$0.27B,0.1,$1.47B,$0.41B,27.68%,$1.47B,$0.06B,3.82%,$1.47B,$0.06B,3.82%,$1.47B,$0.08B,5.45%,$1.47B,$0.06B,3.89%,$1.47B,$0.04B,2.52%,$0.04B,$0.27B,13.18%,$0.04B,$0.27B,13.18%,$0.04B,$0.52B,7.52%,$0.06B,$0.29B,19.50%,$339,$250,$89,$0,$93,$339,$0,$-0,$0,$0,$0,$0,$0,$7,$0,$43,44,$0.01,$0.01,$15,$349,$0,$393,$110,$0,$0,$19,$129,$522,$210,$26,$19,$45,$255,$0,$248,$0,$267,$522,$16,$19,$2,$21,$-0,$-83,$45,$-3,$-58,$-21,$-39,$0,$0,$105,$0,$105,$0,$66,$0,$26,$26,$-3,$-3,$-74,$0,$-50,$-5,$4,$-74
