,Date,Stock Price,Book Value per Share,Price to Book Ratio,TTM Sales per Share,Price to Sales Ratio,TTM FCF per Share,Price to FCF Ratio,TTM Net EPS,PE Ratio,Current Assets,Current Liabilities,Current Ratio,Long Term Debt,Shareholder's Equity_x,Debt to Equity Ratio,TTM Revenue_x,TTM Gross Profit,Gross Margin,TTM Revenue_y,TTM Operating Income,Operating Margin,TTM Revenue_x,TTM EBIT,EBIT Margin,TTM Revenue_y,TTM EBITDA,EBITDA Margin,TTM Revenue_x,TTM Pre-Tax Income,Pre-Tax Margin,TTM Revenue_y,TTM Net Income_x,Net Margin,TTM Net Income_y,Shareholder's Equity_y,Return on Equity,TTM Net Income_x,Tangible Equity,Return on Tangible Equity,TTM Net Income_y,Total Assets,Return on Assets,TTM Net Income,LT Investments & Debt,Return on Investment,revenue,cost-goods-sold,gross-profit,research-development-expenses,selling-general-administrative-expenses,operating-expenses,operating-income,total-non-operating-income-expense,pre-tax-income,total-provision-income-taxes,income-after-taxes,income-from-continuous-operations,net-income,ebitda,ebit,basic-shares-outstanding,shares-outstanding,eps-basic-net-earnings-per-share,eps-earnings-per-share-diluted,cash-on-hand,inventory,other-current-assets,total-current-assets,net-property-plant-equipment,long-term-investments,goodwill-intangible-assets-total,other-long-term-assets,total-long-term-assets,total-assets,total-current-liabilities,long-term-debt,other-non-current-liabilities,total-long-term-liabilities,total-liabilities,common-stock-net,retained-earnings-accumulated-deficit,comprehensive-income,total-share-holder-equity,total-liabilities-share-holders-equity,net-income-loss,total-depreciation-amortization-cash-flow,other-non-cash-items,total-non-cash-items,change-in-accounts-receivable,change-in-inventories,change-in-accounts-payable,change-in-assets-liabilities,total-change-in-assets-liabilities,cash-flow-from-operating-activities,net-change-in-property-plant-equipment,net-change-in-intangible-assets,net-acquisitions-divestitures,net-change-in-short-term-investments,net-change-in-long-term-investments,net-change-in-investments-total,investing-activities-other,cash-flow-from-investing-activities,net-long-term-debt,net-current-debt,debt-issuance-retirement-net-total,net-common-equity-issued-repurchased,net-total-equity-issued-repurchased,total-common-preferred-stock-dividends-paid,financial-activities-other,cash-flow-from-financial-activities,net-cash-flow,stock-based-compensation,common-stock-dividends-paid
0,2018-07-31,47.45,$10.67,4.45,$8.58,5.53,$3.33,14.24,$0.73,65.0,$0.48B,$0.12B,4.13,$0.20B,$0.70B,0.29,$0.58B,$0.35B,59.08%,$0.58B,$0.06B,10.62%,$0.58B,$0.06B,10.62%,$0.58B,$0.11B,19.01%,$0.58B,$0.05B,9.25%,$0.58B,$0.05B,8.39%,$0.05B,$0.70B,7.19%,$0.05B,$0.31B,17.41%,$0.05B,$1.11B,4.49%,$0.06B,$0.91B,6.96%,$163,$63,$100,$28,$34,$130,$33,$-2,$31,$6,$25,$25,$25,$45,$33,$66,69,$0.38,$0.37,$311,$59,$20,$478,$123,$0,$393,$90,$630,$1109,$116,$202,$72,$290,$405,$1,$549,$-1,$703,$1109,$38,$25,$34,$59,$-21,$13,$3,$1,$-12,$84,$-10,$0,$-7,$0,$-4,$-4,$0,$-21,$-8,$0,$-8,$-42,$-42,$0,$-11,$-60,$3,$49,$0
1,2018-04-30,39.3,$10.48,3.75,$8.48,4.64,$2.65,14.82,$0.55,71.45,$0.47B,$0.11B,4.09,$0.21B,$0.69B,0.3,$0.57B,$0.34B,58.71%,$0.57B,$0.05B,8.36%,$0.57B,$0.05B,8.36%,$0.57B,$0.10B,16.90%,$0.57B,$0.04B,6.97%,$0.57B,$0.04B,6.45%,$0.04B,$0.69B,5.56%,$0.04B,$0.30B,14.31%,$0.04B,$1.10B,3.43%,$0.05B,$0.90B,5.46%,$130,$59,$71,$26,$41,$134,$-3,$-2,$-5,$-18,$12,$12,$12,$9,$-3,$66,68,$0.19,$0.18,$303,$65,$20,$467,$122,$0,$395,$89,$631,$1099,$114,$207,$69,$291,$405,$1,$524,$-1,$693,$1099,$12,$13,$20,$32,$-8,$6,$3,$-2,$-10,$35,$-5,$0,$0,$0,$-4,$-4,$0,$-9,$-4,$0,$-4,$-21,$-21,$0,$-6,$-31,$-5,$36,$0
2,2018-01-31,35.8,$10.03,3.57,$8.70,4.11,$2.29,15.66,$0.55,65.09,$0.46B,$0.13B,3.66,$0.21B,$0.67B,0.32,$0.59B,$0.35B,59.69%,$0.59B,$0.07B,11.73%,$0.59B,$0.07B,11.73%,$0.59B,$0.12B,20.07%,$0.59B,$0.06B,10.37%,$0.59B,$0.04B,6.29%,$0.04B,$0.67B,5.72%,$0.04B,$0.26B,15.29%,$0.04B,$1.09B,3.50%,$0.07B,$0.88B,7.99%,$141,$55,$85,$24,$36,$127,$14,$-3,$11,$12,$-1,$-1,$-1,$27,$14,$66,68,$-0.02,$-0.03,$308,$71,$17,$461,$125,$0,$402,$94,$625,$1086,$126,$211,$69,$295,$421,$1,$502,$-1,$665,$1086,$36,$50,$69,$119,$-1,$-6,$-5,$-18,$-44,$111,$-35,$0,$-18,$0,$-19,$-19,$6,$-66,$-15,$0,$-15,$-8,$-8,$0,$-12,$-35,$11,$48,$0
3,2017-10-31,41.05,$10.02,4.1,$8.74,4.7,$2.44,16.82,$0.69,59.49,$0.45B,$0.12B,3.8,$0.22B,$0.67B,0.32,$0.59B,$0.35B,59.45%,$0.59B,$0.07B,11.93%,$0.59B,$0.07B,11.93%,$0.59B,$0.12B,20.10%,$0.59B,$0.06B,10.39%,$0.59B,$0.05B,7.84%,$0.05B,$0.67B,7.28%,$0.05B,$0.26B,20.02%,$0.05B,$1.07B,4.43%,$0.07B,$0.88B,8.21%,$150,$61,$89,$28,$37,$133,$18,$-1,$17,$3,$14,$13,$13,$30,$18,$66,68,$0.20,$0.20,$291,$71,$16,$450,$123,$0,$410,$82,$621,$1071,$118,$216,$64,$288,$406,$1,$504,$-1,$665,$1071,$38,$36,$51,$87,$-15,$-6,$-7,$0,$-52,$73,$-27,$0,$-18,$0,$-13,$-13,$6,$-52,$-11,$0,$-11,$-5,$-5,$0,$-11,$-27,$-6,$44,$0
4,2017-07-31,39.6,$9.72,4.07,$8.59,4.61,$2.83,13.99,$0.95,41.68,$0.44B,$0.13B,3.42,$0.22B,$0.64B,0.34,$0.57B,$0.34B,59.41%,$0.57B,$0.09B,15.85%,$0.57B,$0.09B,15.85%,$0.57B,$0.14B,24.22%,$0.57B,$0.08B,14.11%,$0.57B,$0.06B,11.15%,$0.06B,$0.64B,10.46%,$0.06B,$0.22B,30.05%,$0.06B,$1.06B,6.27%,$0.09B,$0.86B,10.88%,$153,$61,$92,$27,$39,$134,$19,$-2,$17,$4,$13,$13,$13,$31,$19,$66,67,$0.19,$0.19,$278,$75,$21,$439,$119,$0,$422,$76,$623,$1061,$128,$219,$65,$293,$421,$1,$490,$-1,$640,$1061,$24,$23,$30,$54,$-9,$-9,$-9,$1,$-32,$46,$-19,$0,$-18,$0,$-7,$-7,$0,$-44,$-8,$0,$-8,$-8,$-8,$0,$-6,$-21,$-19,$29,$0
5,2017-04-30,34.15,$9.39,3.64,$8.39,4.07,$3.04,11.24,$0.90,37.94,$0.44B,$0.11B,4.14,$0.22B,$0.62B,0.36,$0.56B,$0.33B,59.43%,$0.56B,$0.09B,15.80%,$0.56B,$0.09B,15.80%,$0.56B,$0.14B,24.60%,$0.56B,$0.08B,14.00%,$0.56B,$0.06B,10.77%,$0.06B,$0.62B,10.17%,$0.06B,$0.23B,30.69%,$0.06B,$1.01B,6.05%,$0.09B,$0.84B,10.77%,$144,$59,$85,$26,$34,$126,$18,$-3,$16,$4,$12,$12,$12,$30,$18,$66,67,$0.18,$0.18,$282,$77,$18,$436,$110,$0,$385,$71,$572,$1007,$105,$223,$52,$285,$390,$1,$478,$-0,$617,$1007,$12,$11,$17,$29,$-4,$-11,$-4,$6,$-30,$10,$-5,$0,$0,$0,$-5,$-5,$0,$-10,$-4,$0,$-4,$-9,$-9,$0,$-3,$-16,$-16,$13,$0
6,2017-01-31,32.95,$9.20,3.58,$8.25,3.99,$3.13,10.52,$0.83,39.7,$0.44B,$0.12B,3.57,$0.23B,$0.61B,0.37,$0.54B,$0.33B,59.74%,$0.54B,$0.08B,15.26%,$0.54B,$0.08B,15.26%,$0.54B,$0.13B,24.26%,$0.54B,$0.07B,13.42%,$0.54B,$0.06B,10.11%,$0.06B,$0.61B,9.64%,$0.06B,$0.21B,32.45%,$0.06B,$1.01B,5.66%,$0.08B,$0.83B,10.37%,$140,$57,$83,$25,$37,$125,$15,$-4,$11,$3,$8,$8,$8,$27,$15,$65,66,$0.12,$0.12,$297,$66,$18,$438,$109,$0,$391,$67,$573,$1012,$123,$227,$50,$283,$406,$1,$468,$-1,$605,$1012,$55,$48,$7,$55,$-7,$-2,$3,$1,$8,$118,$-33,$0,$32,$0,$-13,$-13,$0,$-14,$-15,$0,$-15,$5,$5,$0,$-9,$-19,$85,$31,$0
7,2016-10-31,24.2,$8.93,2.71,$7.93,3.05,$3.20,7.56,$0.73,33.15,$0.44B,$0.12B,3.73,$0.23B,$0.59B,0.39,$0.52B,$0.31B,59.66%,$0.52B,$0.07B,13.58%,$0.52B,$0.07B,13.58%,$0.52B,$0.12B,23.14%,$0.52B,$0.06B,11.85%,$0.52B,$0.05B,9.18%,$0.05B,$0.59B,8.70%,$0.05B,$0.19B,33.45%,$0.05B,$1.00B,5.07%,$0.07B,$0.82B,9.05%,$137,$56,$81,$26,$35,$98,$39,$-3,$37,$6,$31,$31,$31,$51,$39,$66,66,$0.47,$0.46,$298,$63,$12,$439,$96,$0,$398,$60,$562,$1001,$118,$229,$46,$297,$415,$1,$460,$-3,$586,$1001,$47,$36,$12,$48,$-16,$1,$7,$-3,$-10,$85,$-14,$0,$32,$0,$-3,$-3,$0,$16,$-9,$0,$-9,$1,$1,$0,$-6,$-14,$86,$21,$0
8,2016-07-31,25.42,$8.45,3.01,$7.64,3.33,$3.00,8.47,$0.43,59.12,$0.38B,$0.11B,3.41,$0.23B,$0.55B,0.42,$0.50B,$0.30B,59.96%,$0.50B,$0.05B,10.16%,$0.50B,$0.05B,10.16%,$0.50B,$0.10B,20.32%,$0.50B,$0.04B,8.17%,$0.50B,$0.03B,5.58%,$0.03B,$0.55B,5.24%,$0.03B,$0.15B,23.33%,$0.03B,$0.95B,3.04%,$0.05B,$0.78B,6.61%,$136,$54,$82,$26,$33,$119,$16,$-2,$14,$5,$9,$9,$9,$29,$16,$65,66,$0.14,$0.14,$239,$62,$16,$380,$97,$0,$404,$59,$568,$949,$111,$230,$39,$285,$397,$1,$429,$1,$552,$949,$16,$24,$22,$46,$-13,$1,$3,$-8,$-16,$45,$-5,$0,$0,$0,$-1,$-1,$0,$-7,$-9,$0,$-9,$0,$0,$0,$-3,$-12,$27,$12,$0
9,2016-04-30,21.64,$8.28,2.61,$7.48,2.89,$3.01,7.2,$0.29,74.62,$0.35B,$0.10B,3.44,$0.23B,$0.54B,0.43,$0.49B,$0.30B,59.96%,$0.49B,$0.04B,7.72%,$0.49B,$0.04B,7.72%,$0.49B,$0.09B,17.89%,$0.49B,$0.03B,5.69%,$0.49B,$0.02B,3.86%,$0.02B,$0.54B,3.62%,$0.02B,$0.13B,18.45%,$0.02B,$0.93B,2.06%,$0.04B,$0.77B,4.94%,$131,$53,$79,$25,$34,$118,$13,$-2,$11,$4,$7,$7,$7,$25,$13,$65,66,$0.11,$0.11,$216,$63,$17,$350,$98,$0,$412,$58,$575,$925,$102,$234,$38,$283,$385,$1,$420,$3,$540,$925,$7,$12,$10,$22,$-5,$1,$2,$-9,$-15,$14,$-3,$0,$0,$0,$0,$0,$0,$-3,$-5,$0,$-5,$0,$0,$0,$-2,$-7,$4,$6,$0
10,2016-01-31,20.1,$8.12,2.47,$7.43,2.7,$2.98,6.73,$0.18,111.67,$0.34B,$0.10B,3.29,$0.24B,$0.53B,0.45,$0.49B,$0.29B,59.88%,$0.49B,$0.03B,6.11%,$0.49B,$0.03B,6.11%,$0.49B,$0.08B,16.29%,$0.49B,$0.02B,4.07%,$0.49B,$0.01B,2.44%,$0.01B,$0.53B,2.29%,$0.01B,$0.11B,12.53%,$0.01B,$0.91B,1.28%,$0.03B,$0.77B,3.87%,$119,$49,$70,$29,$39,$115,$3,$-3,$0,$-1,$1,$1,$1,$16,$3,$66,66,$0.02,$0.01,$212,$64,$16,$341,$101,$0,$418,$44,$570,$912,$104,$239,$34,$280,$383,$1,$413,$1,$528,$912,$11,$50,$6,$56,$25,$10,$5,$4,$35,$102,$-13,$0,$-39,$0,$-15,$-15,$0,$-67,$4,$0,$4,$-52,$-52,$0,$-7,$-54,$-19,$20,$0
11,2015-10-31,17.5,$8.00,2.19,$7.56,2.32,$2.74,6.4,$-0.07,0.0,$0.34B,$0.10B,3.54,$0.24B,$0.52B,0.47,$0.50B,$0.30B,59.16%,$0.50B,$0.01B,2.59%,$0.50B,$0.01B,2.59%,$0.50B,$0.07B,13.75%,$0.50B,$0.01B,1.00%,$0.50B,$-0.00B,-0.80%,$-0.00B,$0.52B,-0.76%,$-0.00B,$0.09B,-3.62%,$-0.00B,$0.90B,-0.42%,$0.01B,$0.76B,1.67%,$116,$46,$70,$27,$31,$97,$19,$-3,$16,$5,$11,$11,$11,$32,$19,$65,65,$0.16,$0.16,$192,$72,$15,$340,$105,$0,$425,$32,$561,$901,$96,$244,$35,$286,$382,$1,$412,$0,$519,$901,$10,$38,$7,$45,$15,$3,$1,$8,$13,$68,$-11,$0,$-44,$0,$0,$0,$0,$-55,$9,$0,$9,$-53,$-53,$0,$-6,$-50,$-38,$13,$0
12,2015-07-31,17.59,$7.85,2.24,$7.98,2.2,$2.88,6.1,$0.03,586.33,$0.38B,$0.13B,3.01,$0.26B,$0.51B,0.51,$0.54B,$0.32B,59.07%,$0.54B,$0.02B,3.18%,$0.54B,$0.02B,3.18%,$0.54B,$0.07B,13.46%,$0.54B,$0.01B,2.06%,$0.54B,$0.00B,0.56%,$0.00B,$0.51B,0.56%,$0.00B,$0.08B,2.36%,$0.00B,$0.95B,0.32%,$0.02B,$0.77B,2.16%,$126,$50,$76,$28,$34,$123,$3,$-2,$1,$2,$-0,$-0,$-0,$15,$3,$66,66,$0.00,$0.00,$213,$80,$17,$377,$109,$0,$431,$33,$573,$950,$125,$260,$51,$314,$439,$1,$401,$0,$511,$950,$-0,$25,$11,$36,$8,$-6,$16,$4,$13,$49,$-8,$0,$-35,$0,$2,$2,$0,$-41,$26,$0,$26,$-47,$-47,$0,$-4,$-25,$-18,$8,$0
13,2015-04-30,23.29,$8.07,2.89,$8.23,2.83,$2.99,7.8,$0.29,80.31,$0.40B,$0.13B,3.0,$0.27B,$0.54B,0.5,$0.56B,$0.33B,59.10%,$0.56B,$0.04B,6.49%,$0.56B,$0.04B,6.49%,$0.56B,$0.09B,16.40%,$0.56B,$0.03B,5.41%,$0.56B,$0.02B,3.78%,$0.02B,$0.54B,3.81%,$0.02B,$0.10B,14.48%,$0.02B,$0.99B,2.22%,$0.04B,$0.80B,4.53%,$130,$52,$78,$30,$38,$125,$5,$-2,$3,$3,$-0,$-0,$-0,$17,$5,$67,67,$0.00,$0.00,$212,$75,$21,$399,$112,$0,$437,$39,$588,$987,$133,$265,$51,$318,$451,$1,$402,$0,$536,$987,$-0,$12,$3,$16,$-16,$-1,$22,$2,$-1,$15,$-5,$0,$-35,$0,$-2,$-2,$0,$-42,$30,$0,$30,$-18,$-18,$0,$-4,$8,$-19,$6,$0
14,2015-01-31,25.46,$8.25,3.09,$8.23,3.09,$3.08,8.27,$0.41,62.1,$0.40B,$0.11B,3.67,$0.24B,$0.55B,0.43,$0.56B,$0.33B,58.78%,$0.56B,$0.04B,7.53%,$0.56B,$0.04B,7.53%,$0.56B,$0.10B,17.38%,$0.56B,$0.04B,6.45%,$0.56B,$0.03B,5.20%,$0.03B,$0.55B,5.26%,$0.03B,$0.17B,19.08%,$0.03B,$0.93B,3.10%,$0.04B,$0.79B,5.28%,$130,$57,$73,$35,$32,$144,$-14,$-1,$-15,$1,$-15,$-15,$-15,$5,$-14,$67,68,$-0.23,$-0.23,$230,$74,$19,$397,$115,$0,$382,$35,$533,$929,$108,$235,$33,$270,$378,$1,$402,$0,$551,$929,$28,$56,$45,$101,$-3,$-13,$-9,$-2,$-23,$106,$-32,$-1,$-5,$0,$-3,$-3,$0,$-41,$-39,$0,$-39,$-32,$-32,$0,$-7,$-78,$-13,$30,$0
15,2014-10-31,25.38,$8.39,3.03,$8.18,3.1,$3.18,7.99,$-2.48,0.0,$0.40B,$0.11B,3.57,$0.23B,$0.56B,0.42,$0.56B,$0.31B,55.68%,$0.56B,$-0.11B,-20.00%,$0.56B,$-0.11B,-20.00%,$0.56B,$0.09B,16.94%,$0.56B,$-0.12B,-21.26%,$0.56B,$-0.17B,-30.09%,$-0.17B,$0.56B,-30.50%,$-0.17B,$0.16B,-119.93%,$-0.17B,$0.94B,-17.77%,$-0.11B,$0.79B,-13.85%,$149,$60,$89,$28,$32,$126,$23,$-1,$22,$4,$18,$18,$18,$35,$23,$67,68,$0.26,$0.26,$232,$60,$17,$395,$119,$1,$398,$29,$547,$942,$110,$234,$28,$272,$382,$1,$417,$0,$559,$942,$43,$37,$27,$64,$-12,$-0,$-0,$0,$-13,$95,$-25,$-1,$0,$0,$-1,$-1,$0,$-27,$-39,$0,$-39,$-33,$-33,$0,$-6,$-78,$-11,$21,$0
16,2014-07-31,22.33,$8.29,2.69,$8.03,2.78,$2.98,7.5,$-2.56,0.0,$0.39B,$0.10B,3.72,$0.24B,$0.56B,0.43,$0.55B,$0.30B,55.39%,$0.55B,$-0.12B,-22.12%,$0.55B,$-0.12B,-22.12%,$0.55B,$0.09B,15.72%,$0.55B,$-0.13B,-23.58%,$0.55B,$-0.17B,-31.63%,$-0.17B,$0.56B,-29.03%,$-0.17B,$0.15B,-120.35%,$-0.17B,$0.93B,-17.33%,$-0.12B,$0.80B,-14.06%,$146,$58,$88,$28,$32,$124,$22,$-2,$20,$2,$18,$18,$18,$34,$22,$67,68,$0.27,$0.26,$239,$54,$21,$388,$112,$1,$405,$29,$547,$934,$104,$239,$28,$274,$378,$1,$400,$0,$556,$934,$26,$25,$16,$41,$-2,$6,$-3,$-3,$-5,$61,$-13,$-1,$0,$0,$-0,$-0,$0,$-14,$-34,$0,$-34,$-14,$-14,$0,$-4,$-52,$-5,$13,$0
17,2014-04-30,23.98,$8.01,2.99,$8.27,2.9,$2.77,8.66,$-2.54,0.0,$0.38B,$0.10B,3.9,$0.27B,$0.54B,0.5,$0.57B,$0.32B,55.83%,$0.57B,$-0.12B,-21.02%,$0.57B,$-0.12B,-21.02%,$0.57B,$0.09B,16.25%,$0.57B,$-0.14B,-23.85%,$0.57B,$-0.17B,-30.39%,$-0.17B,$0.54B,-26.69%,$-0.17B,$0.13B,-116.02%,$-0.17B,$0.94B,-16.19%,$-0.12B,$0.81B,-12.93%,$133,$55,$78,$28,$32,$122,$11,$-2,$9,$2,$8,$8,$8,$23,$11,$67,68,$0.12,$0.12,$241,$55,$16,$380,$111,$3,$411,$29,$555,$935,$98,$269,$27,$299,$397,$1,$382,$0,$539,$935,$8,$12,$7,$19,$5,$5,$-1,$-2,$-4,$23,$-6,$0,$0,$0,$-3,$-3,$0,$-9,$-5,$0,$-5,$-8,$-8,$0,$-3,$-16,$-2,$7,$0
18,2014-01-31,22.81,$7.96,2.86,$8.68,2.63,$2.62,8.7,$-2.44,0.0,$0.39B,$0.11B,3.55,$0.27B,$0.54B,0.51,$0.60B,$0.34B,56.30%,$0.60B,$-0.11B,-18.49%,$0.60B,$-0.11B,-18.49%,$0.60B,$0.10B,17.31%,$0.60B,$-0.13B,-21.68%,$0.60B,$-0.17B,-27.73%,$-0.17B,$0.54B,-23.92%,$-0.17B,$0.12B,-111.11%,$-0.17B,$0.95B,-14.67%,$-0.11B,$0.81B,-11.35%,$127,$73,$54,$38,$27,$293,$-167,$-2,$-169,$42,$-211,$-211,$-211,$2,$-167,$67,67,$-3.12,$-3.12,$243,$60,$16,$394,$110,$4,$418,$23,$555,$949,$111,$273,$25,$302,$413,$1,$374,$0,$536,$949,$-164,$212,$59,$272,$3,$12,$-11,$8,$11,$118,$-37,$-4,$0,$0,$7,$7,$0,$-34,$-41,$0,$-41,$-14,$-14,$0,$-9,$-64,$20,$25,$0
19,2013-10-31,31.11,$11.13,2.79,$9.04,3.44,$2.59,12.02,$0.87,35.76,$0.42B,$0.10B,4.15,$0.28B,$0.75B,0.37,$0.62B,$0.37B,59.61%,$0.62B,$0.07B,11.15%,$0.62B,$0.07B,11.15%,$0.62B,$0.13B,20.68%,$0.62B,$0.05B,7.75%,$0.62B,$0.06B,9.53%,$0.06B,$0.75B,8.09%,$0.06B,$0.18B,41.33%,$0.06B,$1.18B,5.00%,$0.07B,$1.03B,6.82%,$141,$58,$83,$32,$31,$128,$13,$-2,$11,$-1,$12,$12,$12,$27,$13,$68,69,$0.18,$0.18,$237,$72,$21,$420,$116,$4,$574,$20,$756,$1176,$101,$278,$40,$322,$423,$1,$585,$0,$753,$1176,$46,$44,$23,$67,$-5,$0,$-13,$7,$-26,$87,$-31,$-3,$0,$0,$8,$8,$0,$-25,$-36,$0,$-36,$-0,$-0,$0,$-12,$-48,$14,$22,$0
20,2013-07-31,30.25,$11.07,2.73,$9.37,3.23,$2.49,12.16,$0.94,32.18,$0.43B,$0.11B,3.76,$0.28B,$0.75B,0.38,$0.64B,$0.38B,59.94%,$0.64B,$0.08B,11.89%,$0.64B,$0.08B,11.89%,$0.64B,$0.13B,20.97%,$0.64B,$0.05B,7.98%,$0.64B,$0.06B,10.02%,$0.06B,$0.75B,8.99%,$0.06B,$0.17B,54.82%,$0.06B,$1.19B,5.39%,$0.08B,$1.03B,7.63%,$165,$64,$101,$33,$33,$141,$24,$-11,$14,$-5,$19,$19,$19,$40,$24,$68,69,$0.28,$0.28,$237,$78,$19,$429,$113,$5,$582,$20,$760,$1190,$114,$282,$39,$325,$439,$1,$572,$0,$750,$1190,$34,$30,$20,$49,$-11,$-6,$-2,$6,$-25,$58,$-24,$-3,$0,$0,$8,$8,$0,$-18,$-33,$0,$-33,$13,$13,$0,$-7,$-26,$14,$15,$0
21,2013-04-30,32.07,$10.68,3.0,$9.23,3.48,$2.00,16.05,$0.81,39.59,$0.42B,$0.14B,3.0,$0.29B,$0.72B,0.4,$0.63B,$0.36B,57.12%,$0.63B,$0.06B,8.80%,$0.63B,$0.06B,8.80%,$0.63B,$0.11B,18.08%,$0.63B,$0.04B,5.76%,$0.63B,$0.06B,8.80%,$0.06B,$0.72B,7.99%,$0.06B,$0.13B,64.52%,$0.06B,$1.19B,4.65%,$0.06B,$1.01B,5.60%,$162,$65,$97,$35,$35,$142,$20,$-5,$15,$0,$15,$15,$15,$34,$20,$67,69,$0.22,$0.22,$230,$77,$18,$421,$109,$6,$591,$23,$765,$1185,$140,$286,$36,$325,$465,$1,$553,$0,$720,$1185,$15,$14,$11,$25,$-11,$-4,$2,$2,$-23,$17,$-11,$-3,$0,$0,$7,$7,$0,$-7,$-6,$0,$-6,$7,$7,$0,$-5,$-3,$7,$9,$0
22,2013-01-31,30.16,$10.43,2.89,$8.60,3.51,$1.66,18.15,$0.62,48.65,$0.41B,$0.16B,2.58,$0.28B,$0.70B,0.41,$0.58B,$0.32B,54.31%,$0.58B,$0.02B,2.76%,$0.58B,$0.02B,2.76%,$0.58B,$0.07B,11.55%,$0.58B,$-0.00B,0.00%,$0.58B,$0.04B,7.24%,$0.04B,$0.70B,6.28%,$0.04B,$0.10B,77.06%,$0.04B,$1.17B,3.56%,$0.02B,$0.98B,1.64%,$151,$63,$88,$30,$37,$138,$12,$-4,$8,$-5,$13,$13,$13,$27,$12,$66,67,$0.21,$0.19,$228,$75,$19,$406,$102,$8,$600,$22,$765,$1171,$158,$282,$34,$319,$476,$1,$538,$0,$695,$1171,$42,$52,$15,$66,$-5,$-4,$4,$10,$-6,$102,$-23,$-1,$-492,$0,$85,$85,$0,$-431,$330,$0,$330,$12,$12,$0,$-17,$325,$-4,$25,$0
23,2012-10-31,24.97,$10.30,2.42,$7.91,3.16,$1.66,15.06,$0.62,40.27,$0.42B,$0.15B,2.74,$0.29B,$0.68B,0.42,$0.53B,$0.29B,53.85%,$0.53B,$0.02B,3.00%,$0.53B,$0.02B,3.00%,$0.53B,$0.06B,10.69%,$0.53B,$0.00B,0.75%,$0.53B,$0.04B,7.69%,$0.04B,$0.68B,6.28%,$0.04B,$0.08B,29.44%,$0.04B,$1.21B,3.84%,$0.02B,$0.97B,1.81%,$161,$64,$97,$33,$36,$141,$20,$-5,$14,$-2,$17,$17,$17,$33,$20,$66,67,$0.25,$0.25,$210,$74,$18,$420,$100,$8,$607,$21,$784,$1205,$153,$289,$28,$369,$523,$1,$525,$0,$682,$1205,$29,$37,$34,$71,$-9,$1,$5,$9,$-33,$67,$-18,$-0,$-492,$0,$88,$88,$0,$-423,$336,$0,$336,$5,$5,$0,$-7,$334,$-22,$17,$0
24,2012-07-31,23.89,$10.01,2.39,$7.36,3.24,$1.76,13.56,$0.77,31.03,$0.38B,$0.11B,3.45,$0.32B,$0.66B,0.49,$0.50B,$0.26B,53.02%,$0.50B,$0.02B,3.83%,$0.50B,$0.02B,3.83%,$0.50B,$0.06B,11.09%,$0.50B,$0.01B,2.82%,$0.50B,$0.05B,10.28%,$0.05B,$0.66B,7.99%,$0.05B,$0.04B,22.44%,$0.05B,$1.17B,5.36%,$0.02B,$0.98B,2.38%,$151,$76,$75,$33,$31,$148,$3,$-4,$-1,$-11,$10,$10,$10,$19,$3,$66,67,$0.15,$0.15,$166,$76,$19,$380,$98,$8,$614,$22,$789,$1169,$110,$320,$29,$402,$512,$1,$509,$0,$657,$1169,$12,$24,$24,$47,$-13,$3,$-2,$9,$-48,$12,$-11,$0,$-492,$0,$93,$93,$0,$-409,$341,$0,$341,$2,$2,$0,$-7,$336,$-61,$10,$0
25,2012-04-30,27.26,$9.78,2.79,$7.03,3.88,$2.12,12.88,$1.02,26.73,$0.35B,$0.11B,3.15,$0.33B,$0.64B,0.51,$0.48B,$0.27B,56.21%,$0.48B,$0.05B,10.11%,$0.48B,$0.05B,10.11%,$0.48B,$0.07B,15.16%,$0.48B,$0.05B,9.89%,$0.48B,$0.07B,14.32%,$0.07B,$0.64B,10.82%,$0.07B,$0.01B,21.18%,$0.07B,$1.17B,8.07%,$0.05B,$0.97B,6.76%,$117,$61,$55,$24,$45,$136,$-19,$-2,$-21,$-23,$2,$2,$2,$-12,$-19,$65,67,$0.03,$0.03,$148,$96,$31,$353,$97,$14,$635,$22,$820,$1172,$112,$325,$36,$420,$532,$1,$499,$1,$641,$1172,$2,$7,$-2,$5,$-0,$1,$-4,$6,$-19,$-12,$-5,$0,$-492,$0,$78,$78,$0,$-418,$347,$0,$347,$1,$1,$0,$-7,$341,$-88,$5,$0
26,2012-01-31,28.48,$9.70,2.94,$7.12,4.0,$2.34,12.15,$1.33,21.41,$0.43B,$0.07B,6.38,$0.00B,$0.63B,0.0,$0.48B,$0.29B,59.58%,$0.48B,$0.09B,19.58%,$0.48B,$0.09B,19.58%,$0.48B,$0.12B,23.96%,$0.48B,$0.09B,19.58%,$0.48B,$0.09B,18.54%,$0.09B,$0.63B,14.54%,$0.09B,$0.43B,21.56%,$0.09B,$0.73B,12.35%,$0.09B,$0.63B,15.36%,$104,$44,$60,$19,$26,$92,$12,$0,$12,$-0,$12,$12,$12,$17,$12,$65,67,$0.20,$0.18,$310,$47,$6,$427,$70,$18,$196,$15,$299,$726,$67,$0,$28,$29,$96,$1,$496,$1,$630,$726,$89,$21,$21,$42,$1,$1,$-3,$-8,$-31,$100,$-22,$-3,$0,$0,$38,$38,$0,$14,$0,$0,$0,$-8,$-8,$0,$2,$-6,$108,$24,$0
27,2011-10-31,24.42,$9.59,2.55,$7.38,3.31,$2.24,10.9,$1.53,15.96,$0.43B,$0.07B,6.03,$0.00B,$0.63B,0.0,$0.49B,$0.30B,60.16%,$0.49B,$0.11B,21.95%,$0.49B,$0.11B,21.95%,$0.49B,$0.13B,26.02%,$0.49B,$0.11B,21.95%,$0.49B,$0.10B,20.93%,$0.10B,$0.63B,17.55%,$0.10B,$0.43B,26.74%,$0.10B,$0.74B,14.63%,$0.11B,$0.63B,18.41%,$124,$51,$73,$20,$25,$101,$23,$1,$24,$-3,$27,$27,$27,$31,$23,$65,67,$0.41,$0.40,$292,$47,$14,$426,$69,$25,$199,$22,$314,$741,$71,$0,$26,$45,$115,$1,$484,$1,$625,$741,$77,$16,$20,$36,$-9,$1,$7,$-9,$-39,$74,$-18,$-3,$0,$0,$5,$5,$0,$-16,$0,$0,$0,$4,$4,$0,$2,$7,$64,$17,$0
28,2011-07-31,23.3,$9.38,2.48,$7.44,3.13,$2.14,10.9,$1.50,15.53,$0.41B,$0.07B,5.78,$0.00B,$0.62B,0.0,$0.49B,$0.30B,60.49%,$0.49B,$0.10B,20.98%,$0.49B,$0.10B,20.98%,$0.49B,$0.12B,24.24%,$0.49B,$0.10B,20.77%,$0.49B,$0.09B,18.74%,$0.09B,$0.62B,16.63%,$0.09B,$0.42B,26.32%,$0.09B,$0.73B,13.59%,$0.10B,$0.62B,18.62%,$130,$52,$79,$22,$22,$98,$32,$-0,$32,$5,$27,$27,$27,$36,$32,$66,68,$0.41,$0.40,$283,$49,$11,$407,$68,$31,$200,$24,$323,$730,$70,$0,$26,$41,$112,$1,$457,$1,$618,$730,$50,$9,$17,$25,$-1,$-2,$4,$-6,$-35,$41,$-15,$0,$0,$0,$-34,$-34,$0,$-49,$0,$0,$0,$28,$28,$0,$2,$30,$22,$12,$0
29,2011-04-30,28.07,$8.82,3.18,$7.31,3.84,$2.15,13.03,$1.41,19.91,$0.39B,$0.07B,5.57,$0.00B,$0.58B,0.0,$0.47B,$0.29B,60.13%,$0.47B,$0.09B,19.83%,$0.47B,$0.09B,19.83%,$0.47B,$0.11B,23.21%,$0.47B,$0.09B,19.62%,$0.47B,$0.09B,17.93%,$0.09B,$0.58B,16.58%,$0.09B,$0.37B,27.71%,$0.09B,$0.69B,13.32%,$0.09B,$0.58B,18.33%,$122,$49,$74,$19,$27,$96,$27,$-0,$26,$4,$23,$23,$23,$31,$27,$65,67,$0.35,$0.34,$264,$50,$12,$390,$62,$12,$202,$18,$295,$685,$70,$0,$26,$40,$110,$1,$430,$1,$575,$685,$23,$4,$9,$13,$0,$-2,$4,$-1,$-30,$6,$-7,$0,$0,$0,$-2,$-2,$0,$-10,$0,$0,$0,$18,$18,$0,$1,$19,$16,$7,$0
30,2011-01-31,21.84,$8.27,2.64,$7.10,3.07,$2.23,9.79,$1.24,17.61,$0.35B,$0.09B,3.77,$0.00B,$0.53B,0.0,$0.45B,$0.27B,59.03%,$0.45B,$0.08B,17.62%,$0.45B,$0.08B,17.62%,$0.45B,$0.10B,21.15%,$0.45B,$0.08B,17.62%,$0.45B,$0.07B,16.08%,$0.07B,$0.53B,15.33%,$0.07B,$0.32B,27.21%,$0.07B,$0.66B,12.16%,$0.08B,$0.53B,16.80%,$116,$46,$70,$19,$24,$91,$26,$0,$26,$-0,$26,$26,$26,$30,$26,$62,65,$0.40,$0.39,$231,$48,$11,$354,$57,$27,$204,$18,$306,$660,$94,$0,$26,$38,$131,$1,$407,$1,$529,$660,$73,$16,$31,$48,$-19,$-14,$6,$4,$-27,$94,$-25,$0,$0,$0,$-58,$-58,$0,$-83,$0,$0,$0,$27,$27,$0,$1,$28,$38,$29,$0
31,2010-10-31,21.41,$7.77,2.76,$6.68,3.21,$2.38,8.98,$1.00,21.41,$0.31B,$0.10B,3.08,$0.00B,$0.49B,0.0,$0.42B,$0.24B,57.68%,$0.42B,$0.06B,13.95%,$0.42B,$0.06B,13.95%,$0.42B,$0.07B,17.49%,$0.42B,$0.06B,14.18%,$0.42B,$0.06B,13.24%,$0.06B,$0.49B,12.57%,$0.06B,$0.28B,23.80%,$0.06B,$0.63B,9.93%,$0.06B,$0.49B,13.24%,$123,$49,$74,$18,$36,$106,$18,$0,$18,$1,$16,$16,$16,$22,$18,$62,65,$0.26,$0.25,$185,$43,$12,$311,$51,$44,$207,$15,$321,$632,$101,$0,$24,$40,$141,$1,$381,$1,$491,$632,$47,$12,$25,$37,$-28,$-9,$13,$1,$-19,$65,$-18,$0,$0,$0,$-64,$-64,$0,$-82,$0,$0,$0,$20,$20,$0,$0,$20,$3,$23,$0
32,2010-07-31,17.38,$7.34,2.37,$6.00,2.89,$2.50,6.96,$0.29,59.93,$0.27B,$0.08B,3.26,$0.00B,$0.46B,0.0,$0.38B,$0.21B,56.27%,$0.38B,$0.05B,14.13%,$0.38B,$0.05B,14.13%,$0.38B,$0.07B,17.60%,$0.38B,$0.06B,14.67%,$0.38B,$0.02B,5.07%,$0.02B,$0.46B,4.52%,$0.02B,$0.25B,7.47%,$0.02B,$0.58B,3.65%,$0.05B,$0.46B,12.62%,$113,$46,$67,$17,$25,$91,$23,$0,$23,$3,$20,$20,$20,$27,$23,$62,64,$0.32,$0.31,$163,$37,$7,$268,$46,$31,$209,$17,$308,$576,$82,$0,$21,$37,$120,$1,$365,$1,$456,$576,$30,$8,$17,$25,$-18,$-3,$9,$-7,$-20,$35,$-10,$0,$0,$0,$-34,$-34,$0,$-44,$0,$0,$0,$6,$6,$0,$0,$6,$-3,$16,$0
33,2010-04-30,18.17,$6.95,2.61,$5.31,3.42,$2.62,6.93,$0.10,181.7,$0.23B,$0.07B,3.46,$0.00B,$0.43B,0.0,$0.33B,$0.18B,54.88%,$0.33B,$0.04B,11.89%,$0.33B,$0.04B,11.89%,$0.33B,$0.05B,14.94%,$0.33B,$0.04B,12.50%,$0.33B,$0.01B,1.83%,$0.01B,$0.43B,1.48%,$0.01B,$0.22B,2.10%,$0.01B,$0.53B,1.22%,$0.04B,$0.43B,9.60%,$102,$45,$57,$15,$26,$89,$13,$0,$13,$2,$11,$11,$11,$17,$13,$61,63,$0.18,$0.17,$140,$33,$8,$233,$41,$31,$212,$10,$301,$534,$67,$0,$21,$37,$105,$1,$346,$1,$429,$534,$11,$4,$9,$13,$-9,$0,$5,$-1,$-15,$8,$-4,$0,$0,$0,$-35,$-35,$0,$-39,$0,$0,$0,$5,$5,$0,$0,$5,$-26,$8,$0
34,2010-01-31,14.98,$6.62,2.26,$4.69,3.2,$2.80,5.35,$0.01,0.0,$0.22B,$0.07B,2.99,$0.00B,$0.41B,0.0,$0.29B,$0.16B,54.55%,$0.29B,$0.03B,10.84%,$0.29B,$0.03B,10.84%,$0.29B,$0.04B,13.64%,$0.29B,$0.03B,11.89%,$0.29B,$-0.00B,0.00%,$-0.00B,$0.41B,0.00%,$-0.00B,$0.19B,0.00%,$-0.00B,$0.51B,0.00%,$0.03B,$0.41B,7.84%,$85,$39,$46,$14,$25,$80,$5,$0,$6,$-4,$9,$9,$9,$8,$5,$61,62,$0.16,$0.16,$136,$34,$7,$219,$38,$26,$214,$9,$295,$514,$73,$0,$19,$35,$109,$1,$335,$1,$406,$514,$1,$8,$37,$45,$3,$4,$11,$1,$37,$83,$-9,$0,$-178,$0,$30,$30,$0,$-157,$-2,$0,$-2,$8,$8,$0,$0,$6,$-67,$20,$0
35,2009-10-31,15.47,$6.36,2.43,$4.32,3.58,$2.70,5.72,$-0.04,0.0,$0.33B,$0.06B,5.46,$0.00B,$0.39B,0.0,$0.26B,$0.14B,54.17%,$0.26B,$0.03B,12.50%,$0.26B,$0.03B,12.50%,$0.26B,$0.04B,15.15%,$0.26B,$0.04B,13.64%,$0.26B,$-0.00B,-1.14%,$-0.00B,$0.39B,-0.77%,$-0.00B,$0.36B,-0.83%,$-0.00B,$0.46B,-0.68%,$0.03B,$0.39B,8.49%,$75,$34,$41,$10,$19,$63,$12,$1,$13,$34,$-21,$-21,$-21,$14,$12,$61,61,$-0.34,$-0.34,$271,$25,$8,$330,$34,$46,$29,$10,$129,$459,$60,$0,$9,$9,$69,$1,$325,$1,$389,$459,$-9,$5,$44,$50,$2,$2,$9,$2,$17,$58,$-7,$-2,$0,$0,$-102,$-102,$0,$-112,$0,$0,$0,$8,$8,$0,$0,$9,$-45,$14,$0
36,2009-07-31,18.4,$6.60,2.79,$4.38,4.2,$2.75,6.7,$0.49,37.55,$0.33B,$0.04B,8.16,$0.00B,$0.40B,0.0,$0.27B,$0.15B,53.90%,$0.27B,$0.03B,12.64%,$0.27B,$0.03B,12.64%,$0.27B,$0.04B,15.24%,$0.27B,$0.04B,13.75%,$0.27B,$0.03B,11.15%,$0.03B,$0.40B,7.82%,$0.03B,$0.37B,8.49%,$0.03B,$0.45B,6.96%,$0.03B,$0.40B,8.86%,$66,$30,$36,$11,$17,$58,$9,$0,$9,$1,$7,$7,$7,$10,$9,$60,61,$0.12,$0.12,$268,$27,$9,$333,$32,$24,$29,$10,$120,$453,$41,$0,$10,$11,$52,$1,$346,$1,$401,$453,$12,$4,$9,$13,$2,$1,$8,$-2,$10,$35,$-3,$-2,$0,$0,$-64,$-64,$0,$-70,$0,$0,$0,$3,$3,$0,$0,$3,$-32,$10,$0
37,2009-04-30,14.42,$6.40,2.25,$4.54,3.18,$2.71,5.32,$0.56,25.75,$0.31B,$0.03B,9.49,$0.00B,$0.39B,0.0,$0.28B,$0.15B,54.09%,$0.28B,$0.04B,13.52%,$0.28B,$0.04B,13.52%,$0.28B,$0.05B,16.37%,$0.28B,$0.04B,14.95%,$0.28B,$0.04B,12.46%,$0.04B,$0.39B,9.29%,$0.04B,$0.36B,10.14%,$0.04B,$0.43B,8.24%,$0.04B,$0.39B,10.09%,$60,$27,$33,$10,$17,$55,$5,$1,$6,$1,$5,$5,$5,$7,$5,$60,61,$0.08,$0.08,$249,$26,$8,$311,$32,$22,$30,$9,$118,$429,$33,$0,$10,$10,$42,$1,$339,$1,$386,$429,$5,$2,$5,$7,$3,$2,$3,$-0,$4,$16,$-1,$-2,$0,$0,$3,$3,$0,$-1,$0,$0,$0,$-0,$-0,$0,$0,$-0,$15,$5,$0
38,2009-01-31,11.75,$6.27,1.87,$4.75,2.48,$2.67,4.4,$0.61,19.26,$0.31B,$0.03B,9.28,$0.00B,$0.38B,0.0,$0.30B,$0.16B,54.24%,$0.30B,$0.04B,14.24%,$0.30B,$0.04B,14.24%,$0.30B,$0.05B,16.95%,$0.30B,$0.05B,15.59%,$0.30B,$0.04B,12.88%,$0.04B,$0.38B,10.23%,$0.04B,$0.35B,11.23%,$0.04B,$0.42B,9.04%,$0.04B,$0.38B,11.31%,$63,$29,$33,$9,$18,$56,$7,$0,$8,$1,$6,$6,$6,$9,$7,$61,62,$0.10,$0.10,$246,$28,$8,$314,$32,$12,$28,$10,$107,$421,$34,$0,$9,$9,$43,$1,$334,$1,$378,$421,$38,$8,$18,$26,$6,$1,$-3,$12,$14,$78,$-9,$0,$0,$0,$-71,$-71,$0,$-80,$0,$0,$0,$-26,$-26,$0,$2,$-24,$-25,$16,$0
39,2008-10-31,12.12,$6.13,1.98,$4.90,2.47,$2.56,4.74,$0.74,16.38,$0.32B,$0.04B,7.43,$0.00B,$0.37B,0.0,$0.31B,$0.17B,54.66%,$0.31B,$0.05B,17.04%,$0.31B,$0.05B,17.04%,$0.31B,$0.06B,19.61%,$0.31B,$0.06B,18.65%,$0.31B,$0.05B,15.11%,$0.05B,$0.37B,12.90%,$0.05B,$0.34B,14.29%,$0.05B,$0.42B,11.36%,$0.05B,$0.37B,14.55%,$80,$37,$43,$10,$20,$67,$13,$1,$14,$2,$12,$12,$12,$15,$13,$61,62,$0.19,$0.19,$239,$32,$6,$317,$32,$7,$35,$5,$105,$422,$43,$0,$9,$9,$52,$1,$327,$0,$370,$422,$31,$6,$14,$21,$-3,$-4,$4,$10,$9,$61,$-7,$0,$0,$0,$-58,$-58,$0,$-65,$0,$0,$0,$-24,$-24,$0,$2,$-22,$-26,$13,$0
40,2008-07-31,14.57,$6.05,2.41,$4.79,3.04,$2.53,5.76,$0.79,18.44,$0.32B,$0.04B,7.65,$0.00B,$0.37B,0.0,$0.31B,$0.17B,54.84%,$0.31B,$0.05B,17.10%,$0.31B,$0.05B,17.10%,$0.31B,$0.06B,20.00%,$0.31B,$0.06B,19.35%,$0.31B,$0.05B,16.45%,$0.05B,$0.37B,13.76%,$0.05B,$0.34B,15.21%,$0.05B,$0.43B,12.14%,$0.05B,$0.37B,14.30%,$78,$35,$43,$11,$19,$65,$13,$1,$14,$3,$12,$12,$12,$15,$13,$62,63,$0.19,$0.19,$236,$35,$10,$323,$32,$4,$35,$7,$103,$426,$42,$0,$11,$11,$53,$1,$316,$0,$373,$426,$20,$4,$12,$16,$-5,$-6,$7,$6,$-0,$35,$-5,$0,$0,$0,$2,$2,$0,$-3,$0,$0,$0,$-5,$-5,$0,$1,$-4,$28,$9,$0
41,2008-04-30,16.24,$5.92,2.74,$4.52,3.59,$2.55,6.37,$0.73,22.25,$0.31B,$0.04B,8.53,$0.00B,$0.37B,0.0,$0.30B,$0.16B,54.85%,$0.30B,$0.05B,16.05%,$0.30B,$0.05B,16.05%,$0.30B,$0.06B,19.40%,$0.30B,$0.06B,19.06%,$0.30B,$0.05B,16.05%,$0.05B,$0.37B,13.03%,$0.05B,$0.33B,14.43%,$0.05B,$0.41B,11.57%,$0.05B,$0.37B,13.03%,$74,$34,$41,$11,$19,$66,$9,$2,$10,$2,$8,$8,$8,$11,$9,$61,62,$0.13,$0.13,$225,$33,$11,$308,$31,$4,$35,$7,$104,$412,$36,$0,$11,$11,$47,$1,$304,$0,$365,$412,$8,$2,$5,$7,$-2,$-4,$3,$5,$-1,$14,$-2,$0,$0,$0,$1,$1,$0,$-1,$0,$0,$0,$3,$3,$0,$1,$4,$17,$5,$0
42,2008-01-31,12.77,$5.70,2.24,$4.14,3.08,$2.62,4.87,$0.71,17.99,$0.29B,$0.04B,8.1,$0.00B,$0.35B,0.0,$0.29B,$0.16B,54.55%,$0.29B,$0.04B,15.38%,$0.29B,$0.04B,15.38%,$0.29B,$0.05B,18.88%,$0.29B,$0.06B,19.93%,$0.29B,$0.05B,16.78%,$0.05B,$0.35B,11.98%,$0.05B,$0.31B,13.16%,$0.05B,$0.40B,10.77%,$0.04B,$0.35B,10.98%,$79,$35,$43,$11,$15,$61,$18,$3,$20,$5,$15,$15,$15,$20,$18,$66,68,$0.23,$0.23,$209,$29,$16,$292,$31,$4,$36,$7,$104,$395,$36,$0,$11,$11,$47,$1,$296,$1,$349,$395,$48,$10,$11,$21,$-8,$-8,$4,$-1,$-8,$61,$6,$0,$0,$0,$136,$136,$0,$142,$0,$0,$0,$-203,$-203,$0,$10,$-193,$10,$15,$0
43,2007-10-31,17.11,$6.17,2.77,$3.76,4.55,$2.59,6.61,$0.54,31.69,$0.32B,$0.04B,9.02,$0.00B,$0.40B,0.0,$0.27B,$0.14B,53.58%,$0.27B,$0.03B,9.81%,$0.27B,$0.03B,9.81%,$0.27B,$0.04B,13.96%,$0.27B,$0.04B,15.47%,$0.27B,$0.04B,14.34%,$0.04B,$0.40B,8.76%,$0.04B,$0.36B,9.56%,$0.04B,$0.45B,7.96%,$0.03B,$0.40B,5.99%,$79,$36,$43,$11,$18,$65,$13,$3,$16,$0,$16,$16,$16,$16,$13,$64,66,$0.25,$0.24,$257,$24,$9,$324,$35,$9,$36,$7,$123,$447,$36,$0,$13,$15,$51,$1,$281,$0,$396,$447,$33,$8,$4,$12,$-6,$-4,$4,$8,$4,$48,$8,$0,$0,$0,$131,$131,$0,$139,$0,$0,$0,$-134,$-134,$0,$5,$-130,$58,$11,$0
44,2007-07-31,16.25,$5.73,2.83,$3.44,4.72,$2.50,6.5,$0.39,41.67,$0.27B,$0.03B,8.49,$0.00B,$0.36B,0.0,$0.25B,$0.13B,53.60%,$0.25B,$0.02B,7.20%,$0.25B,$0.02B,7.20%,$0.25B,$0.03B,11.60%,$0.25B,$0.03B,13.20%,$0.25B,$0.03B,11.20%,$0.03B,$0.36B,6.18%,$0.03B,$0.33B,6.72%,$0.03B,$0.41B,5.66%,$0.02B,$0.36B,3.97%,$67,$30,$37,$11,$18,$59,$8,$4,$11,$2,$9,$9,$9,$11,$8,$67,69,$0.13,$0.13,$206,$22,$11,$271,$37,$29,$36,$8,$135,$406,$32,$0,$8,$10,$42,$1,$265,$0,$364,$406,$17,$5,$6,$11,$-4,$-1,$0,$2,$-2,$26,$9,$0,$0,$0,$122,$122,$0,$130,$0,$0,$0,$-142,$-142,$0,$3,$-139,$17,$7,$0
45,2007-04-30,14.42,$6.80,2.12,$3.35,4.31,$2.50,5.76,$0.37,38.97,$0.35B,$0.03B,11.48,$0.00B,$0.49B,0.0,$0.25B,$0.13B,53.23%,$0.25B,$0.02B,6.85%,$0.25B,$0.02B,6.85%,$0.25B,$0.03B,11.29%,$0.25B,$0.03B,12.90%,$0.25B,$0.03B,10.89%,$0.03B,$0.49B,5.66%,$0.03B,$0.46B,6.13%,$0.03B,$0.54B,5.21%,$0.02B,$0.49B,3.56%,$61,$27,$33,$10,$18,$56,$5,$6,$10,$2,$8,$8,$8,$7,$5,$72,74,$0.11,$0.11,$290,$20,$12,$351,$39,$74,$37,$8,$185,$535,$31,$0,$8,$10,$41,$1,$256,$0,$494,$535,$8,$3,$2,$4,$1,$0,$0,$-2,$-2,$11,$9,$0,$0,$0,$22,$22,$0,$31,$0,$0,$0,$2,$2,$0,$1,$3,$45,$2,$0
46,2007-01-31,13.7,$6.65,2.06,$3.41,4.02,$2.44,5.62,$0.42,32.62,$0.36B,$0.03B,11.68,$0.00B,$0.48B,0.0,$0.25B,$0.14B,54.15%,$0.25B,$0.02B,9.49%,$0.25B,$0.02B,9.49%,$0.25B,$0.04B,14.23%,$0.25B,$0.04B,14.23%,$0.25B,$0.03B,12.25%,$0.03B,$0.48B,6.67%,$0.03B,$0.44B,7.25%,$0.03B,$0.52B,6.14%,$0.02B,$0.48B,5.16%,$58,$29,$29,$11,$18,$58,$0,$4,$4,$-0,$5,$5,$5,$3,$0,$72,74,$0.06,$0.06,$289,$20,$18,$356,$41,$50,$37,$10,$166,$522,$30,$0,$7,$10,$40,$1,$251,$-0,$481,$522,$31,$12,$19,$30,$2,$3,$-2,$5,$13,$74,$-2,$0,$0,$0,$35,$35,$0,$33,$0,$0,$0,$-11,$-11,$0,$2,$-10,$97,$13,$0
47,2006-10-31,13.03,$6.54,1.99,$3.47,3.76,$2.18,5.97,$0.54,24.13,$0.33B,$0.03B,10.42,$0.00B,$0.47B,0.0,$0.26B,$0.14B,55.60%,$0.26B,$0.04B,14.67%,$0.26B,$0.04B,14.67%,$0.26B,$0.05B,19.31%,$0.26B,$0.05B,18.53%,$0.26B,$0.04B,15.06%,$0.04B,$0.47B,8.59%,$0.04B,$0.44B,9.36%,$0.04B,$0.52B,7.92%,$0.04B,$0.47B,8.37%,$64,$29,$35,$10,$20,$59,$5,$4,$8,$2,$6,$6,$6,$8,$5,$72,74,$0.09,$0.09,$265,$25,$7,$333,$50,$62,$37,$11,$182,$515,$32,$0,$7,$10,$42,$1,$246,$-0,$473,$515,$27,$9,$15,$24,$1,$-2,$0,$4,$8,$59,$-2,$0,$0,$0,$-3,$-3,$1,$-4,$0,$0,$0,$-11,$-11,$0,$2,$-10,$45,$12,$0
