,Date,Stock Price,Book Value per Share,Price to Book Ratio,TTM Sales per Share,Price to Sales Ratio,TTM FCF per Share,Price to FCF Ratio,TTM Net EPS,PE Ratio,Current Assets,Current Liabilities,Current Ratio,Long Term Debt,Shareholder's Equity_x,Debt to Equity Ratio,TTM Revenue_x,TTM Gross Profit,Gross Margin,TTM Revenue_y,TTM Operating Income,Operating Margin,TTM Revenue_x,TTM EBIT,EBIT Margin,TTM Revenue_y,TTM EBITDA,EBITDA Margin,TTM Revenue_x,TTM Pre-Tax Income,Pre-Tax Margin,TTM Revenue_y,TTM Net Income_x,Net Margin,TTM Net Income_y,Shareholder's Equity_y,Return on Equity,TTM Net Income_x,Tangible Equity,Return on Tangible Equity,TTM Net Income_y,Total Assets,Return on Assets,TTM Net Income,LT Investments & Debt,Return on Investment,revenue,cost-goods-sold,gross-profit,research-development-expenses,selling-general-administrative-expenses,operating-expenses,operating-income,total-non-operating-income-expense,pre-tax-income,total-provision-income-taxes,income-after-taxes,income-from-continuous-operations,net-income,ebitda,ebit,basic-shares-outstanding,shares-outstanding,eps-basic-net-earnings-per-share,eps-earnings-per-share-diluted,cash-on-hand,inventory,other-current-assets,total-current-assets,net-property-plant-equipment,long-term-investments,goodwill-intangible-assets-total,other-long-term-assets,total-long-term-assets,total-assets,total-current-liabilities,long-term-debt,other-non-current-liabilities,total-long-term-liabilities,total-liabilities,common-stock-net,retained-earnings-accumulated-deficit,comprehensive-income,total-share-holder-equity,total-liabilities-share-holders-equity,net-income-loss,total-depreciation-amortization-cash-flow,other-non-cash-items,total-non-cash-items,change-in-accounts-receivable,change-in-inventories,change-in-accounts-payable,change-in-assets-liabilities,total-change-in-assets-liabilities,cash-flow-from-operating-activities,net-change-in-property-plant-equipment,net-change-in-intangible-assets,net-acquisitions-divestitures,net-change-in-short-term-investments,net-change-in-long-term-investments,net-change-in-investments-total,investing-activities-other,cash-flow-from-investing-activities,net-long-term-debt,net-current-debt,debt-issuance-retirement-net-total,net-common-equity-issued-repurchased,net-total-equity-issued-repurchased,total-common-preferred-stock-dividends-paid,financial-activities-other,cash-flow-from-financial-activities,net-cash-flow,stock-based-compensation,common-stock-dividends-paid
0,2018-09-30,2.89,$1.45,2.0,$9.69,0.3,$-1.29,0.0,$-0.02,0.0,$0.10B,$0.07B,1.39,$0.01B,$0.03B,0.15,$0.17B,$0.02B,9.20%,$0.17B,$0.00B,1.15%,$0.17B,$0.00B,1.15%,$0.17B,$0.01B,2.87%,$0.17B,0,0.00%,$0.17B,0,0.00%,$0.00B,$0.03B,0.00%,$0.00B,$0.03B,0.00%,$0.00B,$0.11B,0.00%,$0.00B,$0.04B,7.08%,$54,$48,$5,$0,$4,$52,$1,$-0,$1,$0,$1,$1,$1,$2,$1,$19,20,$0.04,$0.04,$15,$28,$9,$96,$12,$0,$0,$0,$13,$109,$69,$5,$2,$7,$75,$0,$-246,$0,$33,$109,$1,$2,$-0,$2,$-12,$-6,$17,$-9,$-8,$-5,$-4,$0,$0,$0,$0,$0,$0,$-4,$-2,$5,$3,$13,$13,$0,$3,$18,$9,$0,$0
1,2018-06-30,2.94,$1.15,2.56,$9.05,0.32,$-1.24,0.0,$-0.09,0.0,$0.07B,$0.06B,1.26,$0.01B,$0.02B,0.27,$0.15B,$0.01B,9.09%,$0.15B,$0.00B,0.65%,$0.15B,$0.00B,0.65%,$0.15B,$0.00B,2.60%,$0.15B,$-0.00B,-0.65%,$0.15B,$-0.00B,-1.30%,$-0.00B,$0.02B,-10.13%,$-0.00B,$0.02B,-10.13%,$-0.00B,$0.08B,-2.81%,$0.00B,$0.03B,3.96%,$44,$40,$4,$0,$4,$44,$1,$-0,$0,$0,$-0,$-0,$-0,$1,$1,$17,17,$-0.01,$-0.01,$2,$25,$7,$70,$12,$0,$0,$0,$12,$82,$55,$5,$1,$7,$62,$0,$-246,$0,$20,$82,$-0,$2,$-0,$1,$-3,$-3,$9,$-8,$-3,$-2,$-2,$0,$0,$0,$0,$0,$0,$-2,$1,$-0,$1,$0,$0,$0,$-0,$1,$-4,$0,$0
2,2018-03-31,2.27,$1.14,1.99,$8.43,0.27,$-1.32,0.0,$-0.44,0.0,$0.06B,$0.05B,1.32,$0.01B,$0.02B,0.28,$0.14B,$0.01B,7.69%,$0.14B,$-0.01B,-4.20%,$0.14B,$-0.01B,-4.20%,$0.14B,$-0.00B,-1.40%,$0.14B,$-0.01B,-4.90%,$0.14B,$-0.01B,-5.59%,$-0.01B,$0.02B,-40.51%,$-0.01B,$0.02B,-40.51%,$-0.01B,$0.07B,-11.94%,$-0.01B,$0.03B,-23.30%,$37,$33,$4,$0,$4,$37,$0,$-0,$0,$0,$0,$0,$0,$1,$0,$17,18,$0.00,$0.00,$3,$20,$5,$62,$10,$0,$0,$0,$10,$72,$47,$6,$0,$6,$53,$0,$-246,$0,$20,$72,$0,$1,$-0,$1,$-2,$-1,$4,$-2,$0,$1,$-0,$0,$0,$0,$0,$0,$0,$-0,$-1,$-2,$-3,$0,$0,$0,$-0,$-3,$-2,$0,$0
3,2017-12-31,1.89,$1.12,1.68,$8.30,0.23,$-1.73,0.0,$-0.46,0.0,$0.06B,$0.05B,1.32,$0.01B,$0.02B,0.32,$0.14B,$0.01B,7.91%,$0.14B,$-0.01B,-4.32%,$0.14B,$-0.01B,-4.32%,$0.14B,$-0.00B,-1.44%,$0.14B,$-0.01B,-5.04%,$0.14B,$-0.01B,-5.76%,$-0.01B,$0.02B,-37.65%,$-0.01B,$0.02B,-37.65%,$-0.01B,$0.07B,-12.12%,$-0.01B,$0.03B,-21.43%,$39,$36,$3,$0,$3,$39,$-0,$-0,$-1,$0,$-1,$-1,$-1,$1,$-0,$17,17,$-0.06,$-0.06,$6,$22,$0,$59,$10,$0,$0,$0,$11,$70,$45,$6,$0,$6,$51,$0,$-247,$0,$19,$70,$-8,$4,$1,$5,$-6,$-2,$2,$0,$-6,$-9,$-1,$0,$0,$0,$0,$0,$0,$-1,$-2,$9,$7,$0,$0,$0,$-0,$7,$-3,$0,$0
4,2017-09-30,1.3,$1.18,1.1,$8.40,0.15,$-0.84,0.0,$-0.44,0.0,$0.05B,$0.03B,1.44,$0.01B,$0.02B,0.34,$0.14B,$0.01B,7.86%,$0.14B,$-0.01B,-4.29%,$0.14B,$-0.01B,-4.29%,$0.14B,$-0.00B,-1.43%,$0.14B,$-0.01B,-4.29%,$0.14B,$-0.01B,-5.71%,$-0.01B,$0.02B,-34.78%,$-0.01B,$0.02B,-34.78%,$-0.01B,$0.06B,-12.17%,$-0.01B,$0.03B,-19.67%,$34,$31,$3,$0,$3,$35,$-0,$-0,$-0,$0,$-1,$-1,$-1,$1,$-0,$17,17,$-0.03,$-0.03,$3,$21,$0,$49,$11,$0,$0,$0,$12,$61,$34,$7,$0,$7,$41,$0,$-246,$0,$20,$61,$-7,$3,$0,$3,$-1,$-1,$-3,$1,$-2,$-6,$-1,$0,$0,$0,$0,$0,$0,$-1,$-2,$3,$1,$0,$0,$0,$-0,$1,$-6,$0,$0
5,2017-06-30,1.29,$1.21,1.07,$8.94,0.14,$-0.19,0.0,$-0.41,0.0,$0.05B,$0.04B,1.41,$0.01B,$0.02B,0.35,$0.15B,$0.01B,8.05%,$0.15B,$-0.01B,-4.03%,$0.15B,$-0.01B,-4.03%,$0.15B,$-0.00B,-1.34%,$0.15B,$-0.01B,-4.03%,$0.15B,$-0.01B,-4.70%,$-0.01B,$0.02B,-28.28%,$-0.01B,$0.02B,-28.28%,$-0.01B,$0.07B,-10.22%,$-0.01B,$0.03B,-18.90%,$33,$32,$1,$0,$4,$39,$-6,$-0,$-6,$0,$-6,$-6,$-6,$-5,$-6,$17,17,$-0.36,$-0.36,$4,$25,$0,$53,$12,$0,$0,$0,$12,$65,$38,$7,$0,$7,$45,$0,$-245,$0,$20,$65,$-6,$2,$0,$2,$1,$-4,$2,$0,$-1,$-5,$-1,$0,$0,$0,$0,$0,$0,$-1,$-1,$3,$1,$0,$0,$0,$-0,$1,$-4,$0,$0
6,2017-03-31,1.28,$1.57,0.82,$9.62,0.13,$0.13,10.1,$-0.09,0.0,$0.05B,$0.03B,1.58,$0.01B,$0.03B,0.29,$0.16B,$0.01B,8.75%,$0.16B,0,0.00%,$0.16B,0,0.00%,$0.16B,$0.00B,2.50%,$0.16B,0,0.00%,$0.16B,$-0.00B,-1.25%,$-0.00B,$0.03B,-7.55%,$-0.00B,$0.03B,-7.55%,$-0.00B,$0.07B,-2.83%,$0.00B,$0.03B,0.00%,$33,$30,$4,$0,$4,$33,$-0,$-0,$-0,$-0,$-0,$-0,$-0,$1,$-0,$17,17,$-0.02,$-0.02,$4,$23,$0,$54,$14,$0,$0,$0,$14,$68,$34,$8,$0,$8,$42,$0,$-239,$0,$26,$68,$-0,$1,$-1,$-0,$-2,$-2,$-1,$-0,$-5,$-6,$-1,$0,$0,$0,$0,$0,$0,$-1,$-1,$3,$2,$0,$0,$0,$0,$2,$-4,$0,$0
7,2016-12-31,1.53,$1.60,0.95,$10.02,0.15,$0.34,4.44,$-0.01,0.0,$0.05B,$0.03B,1.59,$0.01B,$0.03B,0.31,$0.17B,$0.02B,8.88%,$0.17B,$0.00B,0.59%,$0.17B,$0.00B,0.59%,$0.17B,$0.01B,2.96%,$0.17B,$0.00B,0.59%,$0.17B,$-0.00B,-0.59%,$-0.00B,$0.03B,-3.74%,$-0.00B,$0.03B,-3.74%,$-0.00B,$0.07B,-1.38%,$0.00B,$0.04B,3.13%,$40,$36,$3,$0,$4,$40,$-0,$-0,$-0,$0,$-1,$-1,$-1,$1,$-0,$17,17,$-0.03,$-0.03,$9,$21,$0,$54,$14,$0,$0,$0,$15,$69,$34,$8,$0,$8,$43,$0,$-239,$0,$26,$69,$-0,$4,$-0,$4,$7,$5,$-8,$-0,$3,$7,$-2,$0,$0,$0,$0,$0,$1,$-1,$4,$-8,$-4,$1,$1,$0,$-0,$-3,$2,$0,$0
8,2016-09-30,1.38,$1.63,0.84,$11.32,0.12,$0.56,2.48,$0.07,19.71,$0.06B,$0.04B,1.38,$0.00B,$0.03B,0.14,$0.19B,$0.02B,9.47%,$0.19B,$0.00B,1.05%,$0.19B,$0.00B,1.05%,$0.19B,$0.01B,3.16%,$0.19B,$0.00B,1.05%,$0.19B,$0.00B,0.53%,$0.00B,$0.03B,3.74%,$0.00B,$0.03B,3.74%,$0.00B,$0.07B,1.32%,$0.00B,$0.03B,6.45%,$43,$39,$4,$0,$3,$43,$0,$-0,$-0,$0,$-0,$-0,$-0,$1,$0,$17,17,$0.00,$0.00,$8,$23,$0,$57,$15,$0,$0,$0,$15,$72,$41,$4,$0,$4,$45,$0,$-238,$0,$27,$72,$0,$3,$-1,$2,$6,$3,$-5,$0,$3,$6,$-2,$0,$0,$0,$0,$0,$0,$-1,$-1,$-3,$-4,$1,$1,$0,$0,$-3,$1,$0,$0
9,2016-06-30,1.51,$1.63,0.93,$11.99,0.13,$0.61,2.46,$-0.01,0.0,$0.06B,$0.04B,1.35,$0.00B,$0.03B,0.14,$0.20B,$0.02B,8.50%,$0.20B,$0.00B,0.50%,$0.20B,$0.00B,0.50%,$0.20B,$0.01B,2.50%,$0.20B,$0.00B,0.50%,$0.20B,0,0.00%,$0.00B,$0.03B,0.00%,$0.00B,$0.03B,0.00%,$0.00B,$0.07B,0.00%,$0.00B,$0.03B,3.36%,$44,$41,$3,$0,$3,$44,$-0,$-0,$-0,$0,$-1,$-1,$-1,$1,$-0,$17,17,$-0.04,$-0.04,$5,$25,$0,$58,$16,$0,$0,$0,$16,$74,$43,$4,$0,$4,$47,$0,$-238,$0,$27,$74,$0,$2,$-1,$1,$3,$1,$-4,$0,$-1,$1,$-1,$0,$0,$0,$0,$0,$0,$-1,$-1,$-2,$-3,$1,$1,$0,$0,$-2,$-2,$0,$0
10,2016-03-31,1.5,$1.66,0.91,$12.86,0.12,$0.68,2.2,$0.09,16.67,$0.06B,$0.04B,1.36,$0.00B,$0.03B,0.14,$0.21B,$0.02B,8.88%,$0.21B,$0.00B,0.93%,$0.21B,$0.00B,0.93%,$0.21B,$0.01B,2.80%,$0.21B,$0.00B,0.93%,$0.21B,$0.00B,0.93%,$0.00B,$0.03B,7.62%,$0.00B,$0.03B,7.62%,$0.00B,$0.07B,2.42%,$0.00B,$0.03B,6.96%,$42,$37,$5,$0,$4,$41,$1,$-0,$1,$-0,$1,$1,$1,$2,$1,$16,18,$0.06,$0.06,$3,$25,$0,$58,$16,$0,$0,$0,$16,$74,$43,$4,$0,$4,$46,$0,$-238,$0,$27,$74,$1,$1,$-1,$0,$3,$0,$-6,$0,$-3,$-2,$-1,$0,$0,$0,$0,$0,$0,$-0,$-0,$-1,$-1,$0,$0,$0,$0,$-1,$-4,$0,$0
11,2015-12-31,1.55,$1.60,0.97,$13.44,0.12,$0.92,1.68,0,0.0,$0.07B,$0.05B,1.27,$0.00B,$0.03B,0.16,$0.22B,$0.02B,8.14%,$0.22B,$0.00B,0.45%,$0.22B,$0.00B,0.45%,$0.22B,$0.01B,2.26%,$0.22B,$0.00B,0.45%,$0.22B,$0.00B,0.45%,$0.00B,$0.03B,3.88%,$0.00B,$0.03B,3.88%,$0.00B,$0.08B,1.17%,$0.00B,$0.03B,3.64%,$61,$55,$6,$0,$4,$59,$1,$-0,$1,$0,$1,$1,$1,$2,$1,$16,16,$0.05,$0.05,$7,$26,$0,$65,$16,$0,$0,$0,$17,$82,$51,$4,$0,$4,$56,$0,$-239,$0,$26,$82,$-0,$4,$-0,$4,$1,$6,$1,$0,$7,$11,$-3,$0,$0,$0,$0,$0,$-1,$-3,$4,$-11,$-7,$0,$0,$0,$-0,$-7,$1,$1,$0
12,2015-09-30,1.55,$1.54,1.0,$13.21,0.12,$0.61,2.55,$-0.20,0.0,$0.07B,$0.06B,1.15,$0.00B,$0.03B,0.01,$0.22B,$0.02B,7.37%,$0.22B,$-0.00B,-0.46%,$0.22B,$-0.00B,-0.46%,$0.22B,$0.00B,1.38%,$0.22B,$-0.00B,-0.46%,$0.22B,$-0.00B,-0.92%,$-0.00B,$0.03B,-7.77%,$-0.00B,$0.03B,-7.77%,$-0.00B,$0.08B,-2.29%,$-0.00B,$0.03B,-3.77%,$53,$50,$3,$0,$4,$54,$-1,$-0,$-1,$0,$-1,$-1,$-1,$0,$-1,$16,16,$-0.08,$-0.08,$5,$30,$0,$65,$17,$0,$0,$0,$17,$83,$57,$0,$0,$0,$57,$0,$-239,$0,$25,$83,$-1,$3,$1,$4,$3,$1,$-0,$0,$4,$7,$-2,$0,$0,$0,$0,$0,$0,$-2,$-1,$-5,$-6,$0,$0,$0,$-0,$-6,$-1,$0,$0
13,2015-06-30,1.66,$1.62,1.03,$13.34,0.12,$0.29,5.72,$-0.16,0.0,$0.08B,$0.07B,1.15,$0.00B,$0.03B,0.02,$0.22B,$0.02B,8.18%,$0.22B,0,0.00%,$0.22B,0,0.00%,$0.22B,$0.00B,1.82%,$0.22B,$-0.00B,-0.45%,$0.22B,$-0.00B,-0.91%,$-0.00B,$0.03B,-7.41%,$-0.00B,$0.03B,-7.41%,$-0.00B,$0.09B,-2.24%,$0.00B,$0.03B,0.00%,$58,$52,$5,$0,$4,$56,$1,$-0,$1,$0,$1,$1,$1,$2,$1,$16,16,$0.06,$0.06,$6,$34,$0,$75,$17,$0,$0,$0,$17,$92,$65,$0,$0,$0,$65,$0,$-238,$0,$27,$92,$1,$2,$-0,$2,$-0,$-3,$2,$-0,$-0,$2,$-1,$0,$0,$0,$0,$0,$0,$-1,$-1,$1,$0,$0,$0,$0,$-0,$0,$1,$0,$0
14,2015-03-31,1.48,$1.55,0.95,$13.36,0.11,$0.23,6.57,$-0.22,0.0,$0.07B,$0.06B,1.15,$0.00B,$0.03B,0.03,$0.22B,$0.02B,8.64%,$0.22B,0,0.00%,$0.22B,0,0.00%,$0.22B,$0.00B,1.82%,$0.22B,$-0.00B,-0.91%,$0.22B,$-0.00B,-1.36%,$-0.00B,$0.03B,-10.81%,$-0.00B,$0.03B,-10.81%,$-0.00B,$0.09B,-3.32%,$0.00B,$0.03B,0.00%,$49,$45,$4,$0,$4,$49,$-0,$-0,$-0,$0,$-0,$-0,$-0,$1,$-0,$16,16,$-0.03,$-0.03,$5,$35,$0,$69,$17,$0,$0,$0,$17,$86,$60,$1,$0,$1,$61,$0,$-239,$0,$25,$86,$-0,$1,$0,$1,$5,$-3,$-1,$0,$1,$2,$-0,$0,$0,$0,$0,$0,$0,$-0,$-0,$-1,$-2,$0,$0,$0,$0,$-2,$-0,$0,$0
15,2014-12-31,1.77,$1.57,1.13,$13.92,0.13,$0.22,8.19,$-0.26,0.0,$0.07B,$0.06B,1.15,$0.00B,$0.03B,0.03,$0.23B,$0.02B,8.73%,$0.23B,0,0.00%,$0.23B,0,0.00%,$0.23B,$0.00B,1.75%,$0.23B,$-0.00B,-1.31%,$0.23B,$-0.00B,-1.75%,$-0.00B,$0.03B,-13.79%,$-0.00B,$0.03B,-13.79%,$-0.00B,$0.09B,-4.37%,$0.00B,$0.03B,0.00%,$57,$53,$4,$0,$5,$58,$-1,$-0,$-1,$1,$-2,$-2,$-2,$0,$-1,$16,16,$-0.15,$-0.15,$5,$32,$0,$71,$18,$0,$0,$0,$18,$89,$62,$1,$0,$1,$63,$0,$-239,$0,$26,$89,$-4,$4,$3,$8,$-0,$5,$-4,$-1,$1,$5,$-2,$0,$0,$0,$0,$0,$0,$-2,$-2,$1,$-1,$0,$0,$0,$-0,$-1,$2,$0,$0
16,2014-09-30,1.85,$1.80,1.03,$14.57,0.13,$0.08,24.63,$-0.58,0.0,$0.07B,$0.06B,1.19,$0.00B,$0.03B,0.03,$0.24B,$0.02B,7.11%,$0.24B,$-0.00B,-1.26%,$0.24B,$-0.00B,-1.26%,$0.24B,$0.00B,0.42%,$0.24B,$-0.01B,-2.51%,$0.24B,$-0.01B,-4.18%,$-0.01B,$0.03B,-33.61%,$-0.01B,$0.03B,-33.61%,$-0.01B,$0.09B,-10.81%,$-0.00B,$0.03B,-9.84%,$56,$51,$5,$0,$4,$56,$-0,$-0,$-1,$0,$-1,$-1,$-1,$1,$-0,$16,16,$-0.05,$-0.05,$3,$37,$0,$71,$18,$0,$0,$0,$19,$90,$60,$1,$0,$1,$61,$0,$-235,$0,$30,$90,$-1,$3,$0,$3,$2,$-0,$-3,$1,$-1,$1,$-1,$0,$0,$0,$0,$0,$0,$-1,$-2,$2,$-0,$0,$0,$0,$-0,$-0,$-0,$0,$0
17,2014-06-30,1.82,$1.84,0.99,$15.64,0.12,$-0.35,0.0,$-0.50,0.0,$0.08B,$0.07B,1.18,$0.00B,$0.03B,0.04,$0.26B,$0.02B,7.03%,$0.26B,$-0.00B,-0.78%,$0.26B,$-0.00B,-0.78%,$0.26B,$0.00B,0.78%,$0.26B,$-0.00B,-1.56%,$0.26B,$-0.01B,-3.13%,$-0.01B,$0.03B,-25.00%,$-0.01B,$0.03B,-25.00%,$-0.01B,$0.10B,-8.04%,$-0.00B,$0.03B,-6.11%,$58,$52,$6,$0,$5,$57,$1,$-0,$0,$0,$0,$0,$0,$2,$1,$16,16,$0.01,$0.01,$3,$39,$0,$77,$19,$0,$0,$0,$20,$96,$65,$1,$0,$1,$66,$0,$-234,$0,$30,$96,$-1,$2,$-1,$1,$0,$-2,$2,$0,$-0,$0,$-1,$0,$0,$0,$0,$0,$0,$-1,$-1,$2,$1,$0,$0,$0,$-0,$0,$-0,$0,$0
18,2014-03-31,1.99,$1.83,1.09,$16.07,0.12,$-0.52,0.0,$-0.87,0.0,$0.07B,$0.06B,1.2,$0.00B,$0.03B,0.01,$0.26B,$0.01B,4.94%,$0.26B,$-0.01B,-3.04%,$0.26B,$-0.01B,-3.04%,$0.26B,$-0.00B,-1.52%,$0.26B,$-0.01B,-3.80%,$0.26B,$-0.01B,-5.32%,$-0.01B,$0.03B,-41.18%,$-0.01B,$0.03B,-41.18%,$-0.01B,$0.09B,-13.56%,$-0.01B,$0.03B,-23.02%,$58,$53,$5,$0,$4,$58,$-0,$-0,$-1,$0,$-1,$-1,$-1,$1,$-0,$16,16,$-0.05,$-0.05,$4,$37,$0,$73,$17,$0,$0,$0,$18,$91,$60,$0,$0,$0,$61,$0,$-234,$0,$30,$91,$-1,$1,$-0,$1,$2,$-0,$1,$0,$1,$1,$-0,$0,$0,$0,$0,$0,$0,$-0,$-0,$-0,$-1,$0,$0,$0,$0,$-1,$0,$0,$0
19,2013-12-31,2.35,$1.79,1.31,$16.53,0.14,$-1.37,0.0,$-0.73,0.0,$0.07B,$0.06B,1.17,$0.00B,$0.03B,0.02,$0.27B,$0.02B,5.56%,$0.27B,$-0.01B,-2.22%,$0.27B,$-0.01B,-2.22%,$0.27B,$-0.00B,-0.74%,$0.27B,$-0.01B,-2.59%,$0.27B,$-0.01B,-4.44%,$-0.01B,$0.03B,-32.00%,$-0.01B,$0.03B,-32.00%,$-0.01B,$0.09B,-10.57%,$-0.01B,$0.03B,-15.48%,$67,$66,$1,$0,$5,$71,$-4,$-0,$-4,$4,$-8,$-8,$-8,$-3,$-4,$16,16,$-0.50,$-0.50,$3,$37,$0,$74,$18,$0,$0,$0,$19,$93,$63,$1,$0,$1,$63,$0,$-235,$0,$29,$93,$-12,$4,$5,$9,$5,$18,$-15,$0,$6,$3,$-3,$0,$0,$0,$0,$0,$0,$-3,$-7,$7,$0,$1,$1,$0,$-1,$0,$1,$0,$0
20,2013-09-30,1.94,$2.36,0.82,$16.86,0.12,$-1.19,0.0,$-0.20,0.0,$0.10B,$0.08B,1.21,$0.00B,$0.04B,0.02,$0.28B,$0.02B,6.88%,$0.28B,$-0.00B,-1.09%,$0.28B,$-0.00B,-1.09%,$0.28B,$0.00B,0.36%,$0.28B,$-0.01B,-1.81%,$0.28B,$-0.00B,-1.45%,$-0.00B,$0.04B,-9.76%,$-0.00B,$0.04B,-9.76%,$-0.00B,$0.12B,-3.31%,$-0.00B,$0.04B,-7.10%,$73,$67,$6,$0,$5,$72,$1,$-0,$1,$-0,$1,$1,$1,$2,$1,$16,16,$0.04,$0.04,$3,$49,$0,$95,$19,$0,$0,$0,$23,$118,$78,$1,$0,$1,$79,$0,$-225,$0,$39,$118,$-4,$3,$2,$4,$-3,$6,$-6,$1,$-5,$-5,$-2,$0,$0,$0,$0,$0,$0,$-2,$-5,$13,$7,$1,$1,$0,$-1,$7,$0,$0,$0
21,2013-06-30,2.01,$2.33,0.86,$17.01,0.12,$-1.41,0.0,$-0.16,0.0,$0.09B,$0.07B,1.23,$0.00B,$0.04B,0.03,$0.28B,$0.02B,6.81%,$0.28B,$-0.00B,-0.72%,$0.28B,$-0.00B,-0.72%,$0.28B,$0.00B,0.72%,$0.28B,$-0.01B,-1.79%,$0.28B,$-0.00B,-1.43%,$-0.00B,$0.04B,-9.58%,$-0.00B,$0.04B,-9.58%,$-0.00B,$0.11B,-3.27%,$-0.00B,$0.04B,-4.02%,$65,$64,$1,$0,$6,$70,$-5,$-0,$-6,$0,$-6,$-6,$-6,$-4,$-5,$16,16,$-0.37,$-0.37,$3,$49,$0,$88,$19,$0,$0,$0,$23,$111,$71,$1,$0,$1,$73,$0,$-226,$0,$38,$111,$-5,$2,$2,$4,$4,$6,$-12,$1,$-1,$-2,$-1,$0,$0,$0,$0,$0,$0,$-1,$-3,$7,$4,$1,$1,$0,$-1,$4,$1,$0,$0
22,2013-03-31,2.37,$2.69,0.88,$17.60,0.13,$-1.70,0.0,$0.38,6.24,$0.11B,$0.09B,1.26,$0.00B,$0.04B,0.04,$0.29B,$0.03B,8.65%,$0.29B,$0.01B,2.42%,$0.29B,$0.01B,2.42%,$0.29B,$0.01B,3.46%,$0.29B,$0.00B,1.38%,$0.29B,$0.01B,1.73%,$0.01B,$0.04B,11.83%,$0.01B,$0.04B,11.83%,$0.01B,$0.13B,3.95%,$0.01B,$0.05B,12.39%,$65,$59,$7,$0,$5,$63,$2,$-0,$2,$0,$1,$1,$1,$3,$2,$16,16,$0.07,$0.07,$3,$59,$0,$108,$19,$0,$0,$0,$23,$132,$86,$2,$0,$2,$88,$0,$-220,$0,$44,$132,$1,$1,$-1,$0,$-4,$-4,$-5,$-0,$-13,$-12,$-1,$0,$0,$0,$0,$0,$0,$-1,$-2,$15,$13,$1,$1,$0,$-0,$14,$1,$0,$0
23,2012-12-31,2.43,$2.61,0.93,$18.05,0.13,$-1.62,0.0,$0.46,5.28,$0.10B,$0.08B,1.27,$0.00B,$0.04B,0.03,$0.30B,$0.03B,8.78%,$0.30B,$0.01B,2.70%,$0.30B,$0.01B,2.70%,$0.30B,$0.01B,3.72%,$0.30B,$0.01B,1.69%,$0.30B,$0.01B,2.03%,$0.01B,$0.04B,14.81%,$0.01B,$0.04B,14.81%,$0.01B,$0.12B,4.83%,$0.01B,$0.04B,13.01%,$73,$68,$5,$0,$5,$75,$-1,$-0,$-2,$-2,$0,$0,$0,$-0,$-1,$16,16,$0.02,$0.02,$2,$55,$0,$98,$19,$0,$0,$0,$23,$122,$78,$1,$0,$1,$79,$0,$-221,$0,$43,$122,$7,$3,$-2,$1,$2,$-2,$2,$-0,$2,$9,$-6,$0,$0,$0,$0,$0,$0,$-6,$-4,$0,$-3,$0,$0,$0,$-1,$-4,$-0,$0,$0
24,2012-09-30,3.11,$2.55,1.22,$17.96,0.17,$-1.77,0.0,$0.58,5.36,$0.10B,$0.06B,1.88,$0.03B,$0.04B,0.67,$0.29B,$0.03B,9.86%,$0.29B,$0.01B,4.42%,$0.29B,$0.01B,4.42%,$0.29B,$0.02B,5.10%,$0.29B,$0.01B,3.40%,$0.29B,$0.01B,3.06%,$0.01B,$0.04B,23.38%,$0.01B,$0.04B,23.38%,$0.01B,$0.12B,7.36%,$0.01B,$0.07B,21.58%,$76,$70,$6,$0,$4,$74,$2,$-1,$1,$-0,$1,$1,$1,$3,$2,$16,16,$0.08,$0.08,$1,$56,$0,$103,$18,$0,$0,$0,$22,$124,$55,$28,$0,$28,$83,$0,$-222,$0,$42,$124,$7,$2,$-1,$1,$-4,$-4,$-4,$-1,$-14,$-7,$-4,$0,$0,$0,$0,$0,$0,$-4,$-3,$13,$9,$0,$0,$0,$-1,$9,$-2,$0,$0
25,2012-06-30,3.3,$2.47,1.34,$16.08,0.21,$-1.36,0.0,$0.41,8.05,$0.11B,$0.06B,1.72,$0.03B,$0.04B,0.65,$0.26B,$0.03B,10.31%,$0.26B,$0.01B,3.82%,$0.26B,$0.01B,3.82%,$0.26B,$0.01B,4.58%,$0.26B,$0.01B,3.05%,$0.26B,$0.01B,2.67%,$0.01B,$0.04B,19.44%,$0.01B,$0.04B,19.44%,$0.01B,$0.13B,5.97%,$0.01B,$0.07B,17.94%,$75,$68,$7,$0,$4,$72,$4,$-1,$3,$0,$3,$3,$3,$4,$4,$16,16,$0.17,$0.17,$2,$61,$0,$106,$18,$0,$0,$0,$22,$128,$62,$26,$0,$26,$88,$0,$-223,$0,$40,$128,$5,$2,$-0,$1,$-2,$-8,$2,$-1,$-11,$-5,$-4,$0,$0,$0,$0,$0,$0,$-4,$-3,$11,$8,$0,$0,$0,$0,$8,$-0,$0,$0
26,2012-03-31,3.78,$2.36,1.6,$14.58,0.26,$-1.07,0.0,$0.18,21.0,$0.10B,$0.06B,1.81,$0.03B,$0.04B,0.77,$0.24B,$0.03B,10.59%,$0.24B,$0.01B,2.54%,$0.24B,$0.01B,2.54%,$0.24B,$0.01B,3.39%,$0.24B,$0.00B,1.69%,$0.24B,$0.00B,1.27%,$0.00B,$0.04B,8.76%,$0.00B,$0.04B,8.76%,$0.00B,$0.12B,2.82%,$0.01B,$0.07B,11.88%,$72,$65,$8,$0,$4,$69,$3,$-0,$3,$0,$2,$2,$2,$4,$3,$16,16,$0.15,$0.15,$2,$55,$0,$102,$17,$0,$0,$0,$20,$123,$57,$29,$0,$29,$85,$5,$-226,$0,$37,$123,$2,$1,$-0,$0,$-5,$-2,$-4,$-1,$-12,$-10,$-2,$0,$0,$0,$0,$0,$0,$-2,$-2,$12,$10,$0,$0,$0,$0,$11,$-1,$0,$0
27,2011-12-31,2.82,$2.21,1.28,$13.60,0.21,$-0.81,0.0,$0.08,35.25,$0.10B,$0.08B,1.27,$0.01B,$0.04B,0.14,$0.22B,$0.02B,10.00%,$0.22B,$0.00B,1.82%,$0.22B,$0.00B,1.82%,$0.22B,$0.01B,2.73%,$0.22B,$0.00B,0.91%,$0.22B,$0.00B,0.91%,$0.00B,$0.04B,5.97%,$0.00B,$0.04B,5.97%,$0.00B,$0.11B,1.98%,$0.00B,$0.04B,8.60%,$71,$63,$8,$0,$4,$68,$4,$-1,$3,$0,$3,$3,$3,$4,$4,$16,16,$0.18,$0.18,$3,$53,$0,$95,$15,$0,$0,$0,$19,$114,$75,$5,$0,$5,$80,$6,$-229,$0,$35,$114,$1,$3,$1,$3,$1,$-3,$0,$1,$-3,$2,$-1,$0,$-3,$0,$0,$0,$0,$-4,$-4,$7,$-2,$0,$0,$0,$-1,$4,$2,$0,$0
28,2011-09-30,1.49,$0.00,0.0,$13.22,0.11,$-0.49,0.0,$0.18,8.28,$0.09B,$0.05B,1.63,$0.02B,$0.03B,0.65,$0.21B,$0.02B,9.81%,$0.21B,$0.00B,0.93%,$0.21B,$0.00B,0.93%,$0.21B,$0.01B,3.74%,$0.21B,$0.00B,0.47%,$0.21B,$0.00B,1.87%,$0.00B,$0.03B,12.12%,$0.00B,$0.03B,12.12%,$0.00B,$0.10B,4.12%,$0.00B,$0.05B,4.26%,$44,$40,$4,$0,$4,$45,$-1,$-0,$-1,$0,$-1,$-1,$-1,$-0,$-1,$16,16,$-0.09,$-0.09,$2,$52,$2,$85,$0,$0,$0,$0,$4,$104,$52,$21,$0,$21,$73,$6,$-232,$0,$32,$104,$-2,$2,$1,$3,$10,$-3,$-10,$1,$-5,$-3,$-0,$0,$-3,$0,$0,$0,$0,$-3,$-2,$11,$8,$0,$0,$0,$-1,$8,$1,$0,$0
29,2011-06-30,2.03,$0.00,0.0,$14.66,0.14,$0.10,19.77,$0.43,4.72,$0.07B,$0.04B,1.68,$0.01B,$0.03B,0.36,$0.24B,$0.03B,10.64%,$0.24B,$0.01B,2.55%,$0.24B,$0.01B,2.55%,$0.24B,$0.01B,5.11%,$0.24B,$0.01B,2.13%,$0.24B,$0.01B,3.40%,$0.01B,$0.03B,25.20%,$0.01B,$0.03B,25.20%,$0.01B,$0.08B,8.36%,$0.01B,$0.05B,13.26%,$49,$44,$5,$0,$3,$49,$-0,$-0,$-1,$0,$-1,$-1,$-1,$0,$-0,$16,16,$-0.06,$-0.06,$1,$35,$1,$66,$0,$0,$0,$0,$4,$84,$39,$12,$0,$12,$51,$6,$-230,$0,$33,$84,$-0,$1,$0,$2,$6,$8,$-16,$1,$-4,$-3,$-0,$0,$0,$0,$0,$0,$0,$-0,$-1,$4,$3,$0,$0,$0,$0,$3,$0,$0,$0
30,2011-03-31,2.92,$0.00,0.0,$16.13,0.18,$0.39,7.56,$0.69,4.23,$0.08B,$0.05B,1.61,$0.02B,$0.03B,0.48,$0.26B,$0.03B,10.89%,$0.26B,$0.01B,3.89%,$0.26B,$0.01B,3.89%,$0.26B,$0.02B,6.23%,$0.26B,$0.01B,3.50%,$0.26B,$0.01B,4.67%,$0.01B,$0.03B,40.68%,$0.01B,$0.03B,40.68%,$0.01B,$0.10B,11.76%,$0.01B,$0.05B,21.86%,$56,$51,$5,$0,$4,$55,$1,$-0,$1,$0,$1,$1,$1,$2,$1,$16,16,$0.05,$0.05,$2,$43,$2,$83,$0,$0,$0,$0,$4,$102,$52,$16,$0,$16,$68,$6,$-229,$0,$34,$102,$1,$1,$0,$1,$-1,$-1,$-3,$0,$-8,$-7,$-0,$0,$0,$0,$0,$0,$0,$-0,$-0,$8,$8,$0,$0,$0,$0,$8,$1,$0,$0
31,2010-12-31,3.2,$0.00,0.0,$16.81,0.19,$1.01,3.17,$0.78,4.1,$0.08B,$0.06B,1.4,$0.01B,$0.03B,0.25,$0.26B,$0.03B,11.07%,$0.26B,$0.01B,4.58%,$0.26B,$0.01B,4.58%,$0.26B,$0.02B,6.49%,$0.26B,$0.01B,3.82%,$0.26B,$0.01B,4.96%,$0.01B,$0.03B,50.00%,$0.01B,$0.03B,50.00%,$0.01B,$0.10B,12.90%,$0.01B,$0.04B,27.27%,$65,$58,$7,$0,$5,$63,$2,$-0,$2,$-3,$5,$5,$5,$6,$2,$16,16,$0.29,$0.28,$1,$42,$2,$81,$0,$0,$0,$0,$4,$98,$58,$8,$0,$8,$66,$6,$-230,$0,$33,$98,$9,$5,$-2,$5,$2,$-5,$1,$0,$-6,$8,$-1,$0,$0,$0,$0,$0,$0,$-1,$-1,$-7,$-3,$2,$2,$0,$0,$-8,$-2,$1,$0
32,2010-09-30,3.44,$0.00,0.0,$16.33,0.21,$0.18,19.37,$0.64,5.38,$0.09B,$0.05B,1.56,$0.02B,$0.03B,0.65,$0.25B,$0.03B,13.31%,$0.25B,$0.02B,6.85%,$0.25B,$0.02B,6.85%,$0.25B,$0.02B,7.66%,$0.25B,$0.01B,4.44%,$0.25B,$0.01B,4.03%,$0.01B,$0.03B,44.94%,$0.01B,$0.03B,44.94%,$0.01B,$0.10B,10.03%,$0.02B,$0.05B,39.08%,$65,$58,$8,$0,$5,$62,$3,$-0,$3,$0,$3,$3,$3,$4,$3,$15,16,$0.17,$0.16,$2,$45,$1,$85,$0,$0,$0,$0,$1,$99,$54,$18,$0,$18,$72,$6,$-234,$0,$27,$99,$8,$2,$0,$2,$0,$0,$0,$0,$-4,$7,$-1,$0,$0,$0,$0,$0,$0,$-1,$0,$-6,$-0,$0,$1,$0,$0,$-5,$1,$0,$0
33,2010-06-30,3.02,$0.00,0.0,$15.19,0.2,$-0.41,0.0,$0.49,6.16,$0.09B,$0.06B,1.53,$0.02B,$0.02B,0.95,$0.23B,$0.03B,12.78%,$0.23B,$0.02B,6.61%,$0.23B,$0.02B,6.61%,$0.23B,$0.02B,7.49%,$0.23B,$0.01B,3.96%,$0.23B,$0.01B,3.08%,$0.01B,$0.02B,35.90%,$0.01B,$0.02B,35.90%,$0.01B,$0.11B,7.47%,$0.02B,$0.05B,37.27%,$71,$63,$8,$0,$5,$67,$4,$-0,$3,$0,$3,$3,$3,$4,$4,$15,16,$0.21,$0.20,$2,$46,$2,$94,$0,$0,$0,$0,$1,$109,$62,$23,$0,$23,$85,$0,$-237,$0,$24,$109,$5,$1,$0,$1,$0,$0,$0,$0,$-5,$2,$-1,$0,$0,$0,$0,$0,$0,$-1,$0,$-1,$-0,$0,$1,$0,$-0,$-1,$1,$0,$0
34,2010-03-31,2.79,$0.00,0.0,$13.33,0.21,$-0.49,0.0,$0.05,55.8,$0.08B,$0.06B,1.5,$0.02B,$0.02B,1.09,$0.20B,$0.03B,12.82%,$0.20B,$0.01B,6.15%,$0.20B,$0.01B,6.15%,$0.20B,$0.01B,7.18%,$0.20B,$0.01B,3.08%,$0.20B,$0.00B,0.51%,$0.00B,$0.02B,5.71%,$0.00B,$0.02B,5.71%,$0.00B,$0.10B,1.18%,$0.01B,$0.04B,33.33%,$61,$55,$6,$0,$4,$59,$3,$-0,$2,$0,$2,$2,$2,$3,$3,$15,15,$0.14,$0.14,$2,$46,$1,$82,$0,$0,$0,$0,$1,$97,$55,$22,$0,$22,$77,$0,$-240,$0,$20,$97,$2,$1,$0,$1,$0,$0,$0,$0,$0,$4,$-1,$0,$0,$0,$0,$0,$0,$-1,$0,$-3,$-0,$0,$0,$0,$0,$-3,$0,$0,$0
35,2009-12-31,0.88,$0.00,0.0,$12.50,0.07,$-0.69,0.0,$-0.26,0.0,$0.08B,$0.05B,1.45,$0.02B,$0.02B,1.16,$0.18B,$0.02B,12.09%,$0.18B,$0.01B,4.40%,$0.18B,$0.01B,4.40%,$0.18B,$0.01B,5.49%,$0.18B,$0.00B,1.10%,$0.18B,$-0.00B,-1.65%,$-0.00B,$0.02B,-17.39%,$-0.00B,$0.02B,-17.39%,$-0.00B,$0.09B,-3.76%,$0.01B,$0.04B,23.53%,$51,$41,$11,$0,$3,$44,$7,$-0,$3,$-0,$4,$2,$2,$8,$7,$15,15,$0.14,$0.14,$2,$37,$2,$78,$0,$0,$0,$0,$1,$94,$54,$21,$0,$21,$75,$0,$-242,$0,$18,$94,$-4,$3,$0,$3,$0,$0,$0,$0,$-6,$-6,$-0,$0,$0,$0,$0,$0,$0,$-0,$0,$-1,$7,$0,$0,$0,$-0,$5,$-1,$0,$0
36,2009-09-30,0.78,$0.00,0.0,$9.00,0.09,$-0.25,0.0,$-0.40,0.0,$0.06B,$0.04B,1.38,$0.02B,$0.02B,1.05,$0.19B,$0.02B,7.81%,$0.19B,$0.00B,0.52%,$0.19B,$0.00B,0.52%,$0.19B,$0.00B,1.56%,$0.19B,$-0.00B,-0.52%,$0.19B,$-0.01B,-2.60%,$-0.01B,$0.02B,-27.78%,$-0.01B,$0.02B,-27.78%,$-0.01B,$0.08B,-6.41%,$0.00B,$0.03B,2.94%,$44,$40,$4,$0,$3,$43,$1,$-0,$1,$0,$0,$0,$0,$2,$1,$15,15,$0.01,$0.01,$0,$27,$1,$59,$0,$0,$0,$0,$1,$75,$43,$17,$0,$17,$60,$0,$-244,$0,$16,$75,$-6,$2,$0,$2,$0,$0,$0,$0,$0,$-3,$-0,$0,$0,$0,$0,$0,$0,$-0,$0,$-1,$3,$0,$0,$0,$-0,$1,$-2,$0,$0
37,2009-06-30,0.87,$0.00,0.0,$10.06,0.09,$0.29,2.98,$-0.40,0.0,$0.06B,$0.04B,1.32,$0.01B,$0.02B,0.91,$0.21B,$0.02B,7.69%,$0.21B,$0.00B,0.48%,$0.21B,$0.00B,0.48%,$0.21B,$0.00B,1.44%,$0.21B,$-0.00B,-0.96%,$0.21B,$-0.01B,-2.40%,$-0.01B,$0.02B,-25.97%,$-0.01B,$0.02B,-25.97%,$-0.01B,$0.07B,-6.06%,$0.00B,$0.03B,2.78%,$39,$35,$4,$0,$3,$38,$1,$-1,$0,$-0,$0,$0,$-3,$1,$1,$15,15,$-0.24,$-0.24,$1,$27,$1,$56,$0,$0,$0,$0,$1,$72,$43,$14,$0,$14,$57,$7,$-244,$0,$16,$72,$-6,$1,$0,$1,$0,$0,$0,$0,$4,$-1,$1,$0,$0,$0,$0,$0,$0,$1,$0,$-0,$-1,$0,$0,$0,$-0,$-1,$-1,$0,$0
38,2009-03-31,0.41,$0.00,0.0,$11.91,0.03,$0.08,4.87,$-0.59,0.0,$0.06B,$0.04B,1.41,$0.02B,$0.02B,0.84,$0.24B,$0.02B,6.81%,$0.24B,0,0.00%,$0.24B,0,0.00%,$0.24B,$0.00B,1.28%,$0.24B,$-0.01B,-3.40%,$0.24B,$-0.01B,-3.40%,$-0.01B,$0.02B,-39.02%,$-0.01B,$0.02B,-39.02%,$-0.01B,$0.08B,-8.99%,$0.00B,$0.04B,0.00%,$48,$46,$3,$0,$4,$49,$-1,$-1,$-2,$0,$-2,$-2,$-2,$-1,$-1,$15,15,$-0.17,$-0.17,$0,$30,$2,$60,$0,$0,$0,$0,$1,$78,$43,$16,$0,$16,$59,$0,$-241,$0,$19,$78,$0,$0,$0,$0,$0,$0,$0,$0,$0,$0,$0,$0,$0,$0,$0,$0,$0,$0,$0,$0,$0,$0,$0,$0,$0,$0,$0,$0,$0
39,2008-12-31,0.54,$0.00,0.0,$12.36,0.04,$0.19,2.91,$-0.39,0.0,$0.07B,$0.05B,1.43,$0.02B,$0.02B,0.82,$0.24B,$0.02B,7.02%,$0.24B,$0.00B,0.83%,$0.24B,$0.00B,0.83%,$0.24B,$0.01B,2.48%,$0.24B,$-0.01B,-2.07%,$0.24B,$-0.01B,-2.48%,$-0.01B,$0.02B,-26.67%,$-0.01B,$0.02B,-26.67%,$-0.01B,$0.09B,-6.37%,$0.00B,$0.04B,4.71%,$61,$57,$4,$0,$4,$61,$0,$-1,$-0,$-0,$-0,$-0,$-0,$1,$0,$0,0,$0.00,$0.00,$3,$37,$1,$69,$0,$0,$0,$0,$1,$87,$48,$18,$0,$18,$66,$0,$-246,$0,$21,$87,$-6,$3,$0,$3,$0,$0,$0,$0,$4,$7,$-1,$0,$0,$0,$0,$0,$0,$-1,$0,$-1,$-2,$0,$0,$0,$-0,$-4,$2,$0,$0
40,2008-09-30,1.15,$0.00,0.0,$16.90,0.07,$1.74,0.66,$-0.33,0.0,$0.08B,$0.05B,1.41,$0.02B,$0.02B,0.86,$0.25B,$0.02B,7.66%,$0.25B,$0.00B,1.61%,$0.25B,$0.00B,1.61%,$0.25B,$0.01B,3.23%,$0.25B,$-0.00B,-1.61%,$0.25B,$-0.01B,-2.02%,$-0.01B,$0.02B,-20.83%,$-0.01B,$0.02B,-20.83%,$-0.01B,$0.09B,-5.19%,$0.00B,$0.04B,9.04%,$60,$55,$5,$0,$3,$59,$1,$-1,$0,$0,$0,$0,$0,$2,$1,$15,15,$0.01,$0.01,$2,$41,$2,$75,$0,$0,$0,$0,$1,$93,$53,$18,$0,$18,$71,$0,$-246,$0,$21,$93,$-6,$3,$0,$3,$0,$0,$0,$0,$2,$5,$-1,$0,$0,$0,$0,$0,$0,$-1,$0,$-1,$-2,$0,$0,$0,$-0,$-3,$2,$0,$0
41,2008-06-30,2.25,$0.00,0.0,$16.51,0.14,$2.84,0.79,$-0.42,0.0,$0.08B,$0.05B,1.48,$0.02B,$0.02B,1.11,$0.24B,$0.02B,7.02%,$0.24B,$0.00B,1.65%,$0.24B,$0.00B,1.65%,$0.24B,$0.01B,3.31%,$0.24B,$-0.01B,-2.07%,$0.24B,$-0.01B,-2.48%,$-0.01B,$0.02B,-23.76%,$-0.01B,$0.02B,-23.76%,$-0.01B,$0.10B,-6.14%,$0.00B,$0.05B,8.70%,$66,$62,$4,$0,$4,$66,$0,$-7,$-6,$0,$-6,$-6,$-6,$1,$0,$15,15,$-0.43,$-0.43,$0,$38,$1,$79,$0,$0,$0,$0,$2,$98,$53,$23,$0,$23,$77,$8,$-246,$0,$21,$98,$-6,$2,$0,$2,$0,$0,$0,$0,$-4,$-3,$-0,$0,$0,$0,$0,$0,$0,$-0,$0,$-0,$4,$0,$0,$0,$0,$3,$-0,$0,$0
42,2008-03-31,1.83,$0.00,0.0,$16.39,0.11,$3.81,0.48,$0.02,91.5,$0.08B,$0.05B,1.42,$0.02B,$0.03B,0.68,$0.24B,$0.02B,7.85%,$0.24B,$0.01B,2.48%,$0.24B,$0.01B,2.48%,$0.24B,$0.01B,4.13%,$0.24B,$0.00B,0.41%,$0.24B,0,0.00%,$0.00B,$0.03B,0.00%,$0.00B,$0.03B,0.00%,$0.00B,$0.10B,0.00%,$0.01B,$0.05B,12.24%,$55,$51,$4,$0,$3,$54,$1,$-1,$1,$0,$0,$0,$0,$2,$1,$15,15,$0.03,$0.03,$0,$39,$1,$75,$0,$0,$0,$0,$2,$99,$53,$19,$0,$19,$71,$0,$-240,$0,$27,$99,$0,$1,$0,$1,$0,$0,$0,$0,$-0,$2,$-0,$0,$0,$0,$0,$0,$0,$-0,$0,$-0,$-1,$0,$0,$0,$0,$-1,$0,$0,$0
43,2007-12-31,1.58,$0.00,0.0,$17.30,0.09,$3.96,0.4,$0.18,8.78,$0.07B,$0.05B,1.45,$0.02B,$0.03B,0.71,$0.26B,$0.02B,8.20%,$0.26B,$0.01B,3.13%,$0.26B,$0.01B,3.13%,$0.26B,$0.01B,4.69%,$0.26B,$0.00B,0.39%,$0.26B,$0.00B,1.17%,$0.00B,$0.03B,11.21%,$0.00B,$0.03B,11.21%,$0.00B,$0.10B,2.90%,$0.01B,$0.05B,16.41%,$67,$60,$6,$0,$4,$65,$2,$-1,$1,$0,$1,$1,$1,$3,$2,$15,15,$0.07,$0.06,$0,$31,$1,$71,$0,$0,$0,$0,$2,$95,$49,$19,$0,$19,$68,$0,$-240,$0,$27,$95,$3,$5,$0,$5,$0,$0,$0,$0,$15,$25,$-2,$0,$0,$0,$0,$0,$0,$-2,$0,$-1,$-21,$0,$0,$0,$-1,$-23,$0,$0,$0
44,2007-09-30,2.37,$0.00,0.0,$17.87,0.13,$1.70,1.39,$0.26,9.12,$0.07B,$0.05B,1.42,$0.02B,$0.03B,0.83,$0.27B,$0.02B,8.68%,$0.27B,$0.01B,3.77%,$0.27B,$0.01B,3.77%,$0.27B,$0.01B,5.28%,$0.27B,$0.00B,0.75%,$0.27B,$0.00B,1.51%,$0.00B,$0.03B,15.38%,$0.00B,$0.03B,15.38%,$0.00B,$0.10B,3.68%,$0.01B,$0.05B,20.62%,$54,$51,$3,$0,$3,$53,$1,$-2,$-1,$0,$-1,$-1,$-1,$2,$1,$15,15,$-0.08,$-0.08,$0,$37,$1,$74,$0,$0,$0,$0,$2,$99,$52,$22,$0,$22,$73,$0,$-241,$0,$26,$99,$2,$4,$0,$4,$0,$0,$0,$0,$15,$22,$-2,$0,$0,$0,$0,$0,$0,$-2,$0,$-0,$-19,$0,$0,$0,$-1,$-20,$0,$0,$0
45,2007-06-30,5.84,$0.00,0.0,$18.59,0.31,$-0.46,0.0,$0.75,7.79,$0.08B,$0.05B,1.68,$0.03B,$0.03B,1.11,$0.28B,$0.03B,9.39%,$0.28B,$0.01B,3.97%,$0.28B,$0.01B,3.97%,$0.28B,$0.02B,5.78%,$0.28B,$0.01B,2.17%,$0.28B,$0.01B,3.97%,$0.01B,$0.03B,43.56%,$0.01B,$0.03B,43.56%,$0.01B,$0.10B,9.59%,$0.01B,$0.06B,21.67%,$66,$60,$6,$0,$4,$64,$2,$-2,$0,$0,$0,$0,$0,$3,$2,$15,15,$0.01,$0.01,$1,$37,$2,$79,$0,$0,$0,$0,$1,$104,$47,$30,$0,$30,$77,$0,$-240,$0,$27,$104,$3,$3,$0,$3,$0,$0,$0,$0,$5,$13,$-1,$0,$0,$0,$0,$0,$0,$-1,$0,$-0,$-10,$0,$0,$0,$0,$-10,$1,$0,$0
46,2007-03-31,2.89,$0.00,0.0,$18.28,0.16,$-2.21,0.0,$0.83,3.48,$0.09B,$0.07B,1.28,$0.02B,$0.03B,0.68,$0.27B,$0.03B,9.93%,$0.27B,$0.01B,4.41%,$0.27B,$0.01B,4.41%,$0.27B,$0.02B,6.25%,$0.27B,$0.01B,2.57%,$0.27B,$0.01B,4.41%,$0.01B,$0.03B,53.33%,$0.01B,$0.03B,53.33%,$0.01B,$0.12B,10.26%,$0.01B,$0.05B,23.88%,$69,$63,$6,$0,$4,$67,$3,$-2,$1,$-2,$3,$3,$3,$4,$3,$15,15,$0.19,$0.19,$0,$45,$1,$91,$0,$0,$0,$0,$2,$116,$71,$18,$0,$18,$90,$0,$-240,$0,$27,$116,$3,$1,$0,$1,$0,$0,$0,$0,$-0,$4,$-0,$0,$0,$0,$0,$0,$0,$-0,$0,$0,$-4,$0,$0,$0,$0,$-4,$0,$0,$0
47,2006-12-31,2.42,$0.00,0.0,$17.65,0.14,$-2.88,0.0,$0.70,3.46,$0.09B,$0.07B,1.25,$0.02B,$0.02B,0.87,$0.26B,$0.03B,10.27%,$0.26B,$0.01B,4.18%,$0.26B,$0.01B,4.18%,$0.26B,$0.02B,6.08%,$0.26B,$0.01B,2.66%,$0.26B,$0.01B,3.80%,$0.01B,$0.02B,51.28%,$0.01B,$0.02B,51.28%,$0.01B,$0.12B,8.87%,$0.01B,$0.05B,21.89%,$76,$68,$8,$0,$4,$72,$4,$-2,$2,$-0,$2,$2,$2,$5,$4,$15,15,$0.14,$0.14,$0,$43,$1,$89,$0,$0,$0,$1,$2,$116,$71,$21,$0,$21,$92,$0,$-243,$0,$24,$116,$10,$5,$-1,$4,$0,$0,$0,$0,$-25,$-10,$-1,$0,$1,$0,$0,$0,$0,$-0,$0,$-2,$12,$0,$0,$0,$-1,$10,$0,$0,$0
