,Date,Stock Price,Book Value per Share,Price to Book Ratio,TTM Sales per Share,Price to Sales Ratio,TTM FCF per Share,Price to FCF Ratio,TTM Net EPS,PE Ratio,Current Assets,Current Liabilities,Current Ratio,Long Term Debt,Shareholder's Equity_x,Debt to Equity Ratio,TTM Revenue_x,TTM Gross Profit,Gross Margin,TTM Revenue_y,TTM Operating Income,Operating Margin,TTM Revenue_x,TTM EBIT,EBIT Margin,TTM Revenue_y,TTM EBITDA,EBITDA Margin,TTM Revenue_x,TTM Pre-Tax Income,Pre-Tax Margin,TTM Revenue_y,TTM Net Income_x,Net Margin,TTM Net Income_y,Shareholder's Equity_y,Return on Equity,TTM Net Income_x,Tangible Equity,Return on Tangible Equity,TTM Net Income_y,Total Assets,Return on Assets,TTM Net Income,LT Investments & Debt,Return on Investment,revenue,cost-goods-sold,gross-profit,research-development-expenses,selling-general-administrative-expenses,operating-expenses,operating-income,total-non-operating-income-expense,pre-tax-income,total-provision-income-taxes,income-after-taxes,income-from-continuous-operations,net-income,ebitda,ebit,basic-shares-outstanding,shares-outstanding,eps-basic-net-earnings-per-share,eps-earnings-per-share-diluted,cash-on-hand,inventory,other-current-assets,total-current-assets,net-property-plant-equipment,long-term-investments,goodwill-intangible-assets-total,other-long-term-assets,total-long-term-assets,total-assets,total-current-liabilities,long-term-debt,other-non-current-liabilities,total-long-term-liabilities,total-liabilities,common-stock-net,retained-earnings-accumulated-deficit,comprehensive-income,total-share-holder-equity,total-liabilities-share-holders-equity,net-income-loss,total-depreciation-amortization-cash-flow,other-non-cash-items,total-non-cash-items,change-in-accounts-receivable,change-in-inventories,change-in-accounts-payable,change-in-assets-liabilities,total-change-in-assets-liabilities,cash-flow-from-operating-activities,net-change-in-property-plant-equipment,net-change-in-intangible-assets,net-acquisitions-divestitures,net-change-in-short-term-investments,net-change-in-long-term-investments,net-change-in-investments-total,investing-activities-other,cash-flow-from-investing-activities,net-long-term-debt,net-current-debt,debt-issuance-retirement-net-total,net-common-equity-issued-repurchased,net-total-equity-issued-repurchased,total-common-preferred-stock-dividends-paid,financial-activities-other,cash-flow-from-financial-activities,net-cash-flow,stock-based-compensation,common-stock-dividends-paid
0,2018-09-30,2.3,$-0.91,-2.52,$12.91,0.18,$-19.47,0.0,$-2.23,0.0,$0.51B,$0.55B,0.93,$2.37B,$-0.54B,-4.4,$1.03B,$0.74B,71.08%,$1.03B,$0.26B,25.53%,$1.03B,$0.26B,25.53%,$1.03B,$0.51B,49.23%,$1.03B,$-0.10B,-9.28%,$1.03B,$-0.18B,-17.02%,$-0.18B,$-0.08B,315.70%,$-0.18B,$-0.08B,315.70%,$-0.18B,$2.93B,-6.28%,$0.26B,$2.29B,11.99%,$278,$76,$202,$0,$44,$193,$85,$-79,$6,$0,$6,$6,$-17,$150,$85,$82,82,$-0.21,$-0.21,$369,$0,$19,$513,$2321,$35,$0,$63,$2419,$2932,$550,$2368,$94,$2462,$3012,$1,$-1909,$0,$-80,$2932,$-34,$186,$88,$274,$-1,$0,$0,$-6,$10,$250,$-451,$0,$0,$0,$0,$0,$-3,$-454,$437,$0,$437,$0,$0,$-34,$-14,$389,$184,$4,$0
1,2018-06-30,4.52,$-0.77,-5.86,$11.91,0.38,$-30.86,0.0,$-2.83,0.0,$0.56B,$0.50B,1.12,$2.37B,$-0.52B,-4.55,$0.94B,$0.65B,68.86%,$0.94B,$0.22B,23.27%,$0.94B,$0.22B,23.27%,$0.94B,$0.44B,47.18%,$0.94B,$-0.07B,-7.01%,$0.94B,$-0.14B,-15.09%,$-0.14B,$-0.07B,243.78%,$-0.14B,$-0.07B,243.78%,$-0.14B,$2.90B,-5.40%,$0.22B,$2.30B,10.55%,$259,$78,$182,$0,$49,$189,$70,$-105,$-35,$0,$-35,$-35,$-58,$130,$70,$82,82,$-0.71,$-0.71,$438,$0,$14,$562,$2234,$47,$0,$62,$2342,$2904,$503,$2365,$104,$2469,$2972,$1,$-1892,$0,$-68,$2904,$-40,$120,$79,$199,$14,$0,$0,$-34,$-4,$155,$-305,$0,$0,$0,$0,$0,$-2,$-307,$437,$0,$437,$0,$0,$-18,$-14,$405,$253,$8,$0
2,2018-03-31,3.13,$-0.39,-7.98,$10.71,0.29,$-41.91,0.0,$-1.81,0.0,$0.69B,$0.47B,1.45,$2.37B,$-0.47B,-5.07,$0.86B,$0.58B,67.48%,$0.86B,$0.18B,20.75%,$0.86B,$0.18B,20.75%,$0.86B,$0.38B,44.52%,$0.86B,$0.02B,2.56%,$0.86B,$-0.05B,-6.29%,$-0.05B,$-0.03B,106.40%,$-0.05B,$-0.03B,106.40%,$-0.05B,$2.90B,-2.20%,$0.18B,$2.33B,9.05%,$251,$72,$179,$0,$40,$172,$79,$-84,$-5,$0,$-5,$-5,$-25,$139,$79,$81,81,$-0.30,$-0.30,$550,$0,$25,$686,$2119,$37,$0,$61,$2217,$2904,$474,$2366,$97,$2463,$2937,$1,$-1834,$0,$-33,$2904,$-5,$60,$25,$85,$13,$0,$-5,$-1,$4,$85,$-133,$0,$0,$0,$0,$0,$0,$-133,$441,$0,$441,$0,$0,$-14,$-13,$414,$366,$-1,$0
3,2017-12-31,5.31,$-0.50,-10.71,$9.53,0.56,$-57.69,0.0,$-1.69,0.0,$0.35B,$0.46B,0.76,$1.93B,$-0.47B,-4.12,$0.74B,$0.50B,66.94%,$0.74B,$0.09B,12.42%,$0.74B,$0.09B,12.42%,$0.74B,$0.26B,34.95%,$0.74B,$0.04B,5.67%,$0.74B,$-0.04B,-4.72%,$-0.04B,$-0.04B,56.45%,$-0.04B,$-0.04B,56.45%,$-0.04B,$2.47B,-1.55%,$0.09B,$1.89B,5.02%,$246,$74,$172,$0,$43,$216,$30,$-93,$-62,$-1,$-61,$-61,$-76,$90,$30,$76,76,$-0.99,$-0.98,$184,$0,$38,$351,$2027,$38,$0,$54,$2120,$2471,$463,$1931,$119,$2050,$2512,$1,$-1832,$0,$-42,$2471,$43,$167,$151,$318,$-85,$0,$14,$-1,$-69,$292,$-1395,$0,$0,$12,$0,$12,$0,$-1383,$230,$0,$230,$136,$636,$-44,$-48,$773,$-317,$40,$0
4,2017-09-30,4.82,$-1.09,-4.43,$8.41,0.57,$-42.36,0.0,$0.05,96.4,$0.32B,$0.36B,0.88,$1.88B,$-0.51B,-3.72,$0.62B,$0.42B,68.12%,$0.62B,$0.22B,34.94%,$0.62B,$0.22B,34.94%,$0.62B,$0.33B,53.78%,$0.62B,$0.28B,44.77%,$0.62B,$0.21B,33.82%,$0.21B,$-0.09B,-94.38%,$0.21B,$-0.09B,-94.38%,$0.21B,$2.24B,10.67%,$0.22B,$1.79B,13.40%,$185,$70,$115,$0,$26,$145,$40,$-4,$36,$0,$36,$36,$17,$85,$40,$77,78,$0.22,$0.22,$174,$0,$36,$316,$1844,$31,$0,$50,$1924,$2240,$359,$1878,$94,$1972,$2331,$1,$-1858,$0,$-90,$2240,$105,$107,$-88,$18,$-58,$0,$0,$94,$44,$167,$-1240,$0,$0,$12,$0,$12,$0,$-1228,$180,$0,$180,$136,$636,$-36,$-47,$733,$-328,$31,$0
5,2017-06-30,7.18,$-0.46,-15.53,$7.97,0.9,$-30.33,0.0,$-0.33,0.0,$0.27B,$0.27B,1.0,$1.89B,$-0.45B,-4.23,$0.55B,$0.38B,69.69%,$0.55B,$0.13B,22.69%,$0.55B,$0.13B,22.69%,$0.55B,$0.23B,42.29%,$0.55B,$0.18B,32.12%,$0.55B,$0.12B,22.32%,$0.12B,$-0.04B,-31.52%,$0.12B,$-0.04B,-31.52%,$0.12B,$2.22B,7.22%,$0.13B,$1.86B,8.87%,$176,$63,$113,$0,$39,$146,$29,$23,$53,$-0,$53,$53,$30,$68,$29,$76,89,$0.40,$0.39,$128,$0,$49,$273,$1846,$34,$0,$66,$1945,$2218,$273,$1894,$90,$1983,$2256,$1,$-1796,$0,$-38,$2218,$69,$62,$-75,$-13,$-50,$0,$0,$47,$4,$60,$-1206,$0,$0,$12,$0,$12,$0,$-1194,$199,$0,$199,$136,$636,$-27,$-47,$760,$-374,$30,$0
6,2017-03-31,9.54,$-0.95,-10.07,$7.90,1.21,$-18.91,0.0,$-3.84,0.0,$0.20B,$0.17B,1.17,$1.88B,$-0.48B,-3.91,$0.49B,$0.34B,69.34%,$0.49B,$0.00B,0.21%,$0.49B,$0.00B,0.21%,$0.49B,$0.11B,23.05%,$0.49B,$-0.06B,-12.14%,$0.49B,$-0.09B,-19.34%,$-0.09B,$-0.08B,16.89%,$-0.09B,$-0.08B,16.89%,$-0.09B,$2.08B,-6.44%,$0.00B,$1.80B,0.08%,$134,$38,$96,$0,$74,$141,$-7,$22,$15,$-1,$16,$16,$-6,$16,$-7,$70,70,$-0.09,$-0.09,$125,$0,$19,$201,$1775,$49,$0,$53,$1877,$2079,$172,$1882,$102,$1984,$2156,$1,$-1823,$0,$-78,$2079,$16,$23,$-27,$-4,$-10,$0,$7,$-14,$-25,$-14,$-1127,$0,$0,$-0,$0,$-0,$0,$-1127,$190,$0,$190,$136,$636,$-16,$-46,$764,$-377,$23,$0
7,2016-12-31,9.03,$-10.27,-0.88,$7.35,1.23,$-3.56,0.0,$-4.86,0.0,$0.56B,$0.19B,3.03,$1.71B,$-0.68B,-2.5,$0.43B,$0.28B,63.89%,$0.43B,$-0.05B,-11.34%,$0.43B,$-0.05B,-11.34%,$0.43B,$0.08B,19.44%,$0.43B,$-0.14B,-32.41%,$0.43B,$-0.16B,-36.57%,$-0.16B,$-0.68B,23.66%,$-0.16B,$-0.68B,23.66%,$-0.16B,$1.33B,-12.20%,$-0.05B,$1.03B,-4.70%,$126,$27,$99,$0,$45,$-29,$155,$19,$174,$0,$173,$173,$169,$165,$155,$59,59,$2.92,$2.92,$502,$0,$13,$563,$705,$40,$0,$25,$769,$1332,$186,$1713,$118,$1830,$2016,$1,$-1797,$0,$-684,$1332,$-141,$132,$195,$328,$-12,$0,$-3,$2,$-3,$183,$-139,$0,$0,$56,$-25,$31,$0,$-108,$0,$0,$0,$0,$0,$-4,$-4,$-8,$67,$37,$0
8,2016-09-30,8.84,$-11.54,-0.77,$7.13,1.24,$-3.81,0.0,$-5.29,0.0,$0.41B,$0.15B,2.82,$1.71B,$-0.76B,-2.25,$0.42B,$0.24B,58.17%,$0.42B,$0.51B,122.84%,$0.42B,$0.51B,122.84%,$0.42B,$0.60B,143.99%,$0.42B,$0.43B,103.37%,$0.42B,$0.42B,100.96%,$0.42B,$-0.76B,-68.77%,$0.42B,$-0.76B,-68.77%,$0.42B,$1.19B,31.41%,$0.51B,$0.95B,46.59%,$115,$39,$76,$0,$31,$167,$-52,$-13,$-65,$1,$-66,$-66,$-70,$-16,$-52,$59,59,$-1.19,$-1.19,$329,$0,$45,$411,$693,$53,$0,$28,$774,$1185,$146,$1711,$90,$1800,$1946,$1,$-1863,$0,$-761,$1185,$-315,$123,$334,$457,$-2,$0,$-3,$3,$-4,$138,$-245,$0,$0,$8,$0,$8,$0,$-237,$0,$0,$0,$0,$0,$-4,$-4,$-8,$-107,$26,$0
9,2016-06-30,7.06,$-10.74,-0.66,$7.18,0.98,$-6.60,0.0,$-11.43,0.0,$0.44B,$0.15B,2.92,$1.71B,$-0.70B,-2.43,$0.42B,$0.24B,57.69%,$0.42B,$0.07B,17.79%,$0.42B,$0.07B,17.79%,$0.42B,$0.22B,52.16%,$0.42B,$0.08B,18.75%,$0.42B,$0.07B,16.59%,$0.07B,$-0.70B,-12.80%,$0.07B,$-0.70B,-12.80%,$0.07B,$1.24B,4.85%,$0.07B,$1.01B,6.28%,$111,$45,$66,$0,$30,$206,$-95,$-88,$-183,$0,$-183,$-183,$-187,$-53,$-95,$58,58,$-3.20,$-3.20,$324,$0,$71,$439,$709,$71,$0,$23,$802,$1241,$151,$1709,$85,$1793,$1944,$1,$-1793,$0,$-703,$1241,$-249,$87,$254,$341,$-7,$0,$-1,$-1,$-4,$89,$-174,$0,$0,$-18,$0,$-18,$0,$-192,$0,$0,$0,$0,$0,$-4,$-4,$-8,$-111,$13,$0
10,2016-03-31,5.49,$-8.14,-0.67,$7.75,0.71,$-8.53,0.0,$-18.14,0.0,$0.56B,$0.16B,3.56,$1.71B,$-0.52B,-3.26,$0.45B,$0.28B,62.56%,$0.45B,$-0.33B,-73.77%,$0.45B,$-0.33B,-73.77%,$0.45B,$-0.12B,-27.35%,$0.45B,$-0.30B,-67.71%,$0.45B,$-0.31B,-69.73%,$-0.31B,$-0.52B,82.60%,$-0.31B,$-0.52B,82.60%,$-0.31B,$1.42B,-19.47%,$-0.33B,$1.18B,-24.37%,$80,$45,$35,$0,$23,$137,$-57,$-8,$-66,$0,$-66,$-66,$-70,$-12,$-57,$58,58,$-1.20,$-1.20,$362,$0,$159,$559,$779,$56,$0,$28,$863,$1421,$157,$1706,$81,$1788,$1944,$1,$-1606,$0,$-523,$1421,$-66,$45,$59,$104,$-2,$0,$-3,$-0,$-13,$26,$-86,$0,$0,$-5,$0,$-5,$0,$-91,$0,$0,$0,$0,$0,$-4,$-4,$-8,$-73,$3,$0
11,2015-12-31,4.31,$-7.37,-0.59,$8.32,0.52,$-9.68,0.0,$-25.77,0.0,$0.67B,$0.17B,3.98,$1.71B,$-0.46B,-3.74,$0.48B,$0.32B,67.09%,$0.48B,$-0.77B,-161.43%,$0.48B,$-0.77B,-161.43%,$0.48B,$-0.50B,-105.45%,$0.48B,$-0.73B,-152.20%,$0.48B,$-0.74B,-155.56%,$-0.74B,$-0.46B,622.22%,$-0.74B,$-0.46B,622.22%,$-0.74B,$1.50B,-39.87%,$-0.77B,$1.25B,-47.61%,$110,$45,$65,$0,$22,$-605,$715,$29,$744,$-7,$751,$751,$747,$680,$715,$57,57,$13.10,$13.10,$435,$0,$196,$667,$756,$50,$0,$29,$835,$1501,$168,$1706,$84,$1790,$1957,$1,$-1536,$0,$-456,$1501,$-726,$268,$701,$968,$57,$0,$-25,$-7,$28,$271,$-242,$0,$0,$-50,$0,$-50,$0,$-292,$0,$0,$0,$0,$0,$-16,$-1,$-17,$-39,$15,$0
12,2015-09-30,6.15,$-7.65,-0.8,$9.70,0.63,$-28.25,0.0,$-27.25,0.0,$0.39B,$0.22B,1.8,$1.75B,$-0.47B,-3.69,$0.54B,$0.40B,73.84%,$0.54B,$-1.68B,-311.69%,$0.54B,$-1.68B,-311.69%,$0.54B,$-1.26B,-234.32%,$0.54B,$-1.57B,-290.35%,$0.54B,$-1.55B,-288.13%,$-1.55B,$-0.47B,-634.53%,$-1.55B,$-0.47B,-634.53%,$-1.55B,$1.53B,-69.14%,$-1.68B,$1.27B,-84.37%,$115,$40,$74,$0,$19,$603,$-489,$72,$-417,$0,$-417,$-417,$-421,$-398,$-489,$57,57,$-7.33,$-7.33,$197,$0,$151,$388,$1010,$1,$0,$93,$1144,$1532,$216,$1747,$37,$1790,$2006,$1,$-1555,$0,$-474,$1532,$-1477,$302,$1370,$1672,$49,$0,$-13,$-1,$34,$229,$-493,$0,$0,$0,$0,$0,$0,$-493,$0,$0,$0,$0,$0,$-12,$-0,$-12,$-277,$16,$0
13,2015-06-30,9.8,$-0.86,-11.39,$10.74,0.91,$-35.75,0.0,$-19.23,0.0,$0.41B,$0.20B,2.04,$1.75B,$-0.05B,-32.87,$0.63B,$0.50B,78.76%,$0.63B,$-1.14B,-179.87%,$0.63B,$-1.14B,-179.87%,$0.63B,$-0.71B,-113.15%,$0.63B,$-1.07B,-169.89%,$0.63B,$-1.09B,-172.58%,$-1.09B,$-0.05B,-172.04%,$-1.09B,$-0.05B,-172.04%,$-1.09B,$1.94B,-41.26%,$-1.14B,$1.69B,-47.70%,$141,$36,$105,$0,$30,$640,$-498,$-64,$-563,$0,$-563,$-563,$-567,$-392,$-498,$57,57,$-9.91,$-9.91,$272,$0,$82,$406,$1413,$2,$0,$95,$1530,$1935,$199,$1747,$30,$1789,$1988,$1,$-1134,$0,$-53,$1935,$-1060,$211,$982,$1193,$31,$0,$-28,$10,$16,$149,$-343,$0,$0,$0,$0,$0,$0,$-343,$0,$0,$0,$0,$0,$-8,$-0,$-8,$-202,$16,$0
14,2015-03-31,13.01,$8.29,1.57,$11.27,1.15,$-47.11,0.0,$-9.70,0.0,$0.53B,$0.19B,2.72,$1.75B,$0.51B,3.45,$0.64B,$0.53B,82.55%,$0.64B,$-0.61B,-94.55%,$0.64B,$-0.61B,-94.55%,$0.64B,$-0.22B,-33.80%,$0.64B,$-0.53B,-82.24%,$0.64B,$-0.54B,-84.27%,$-0.54B,$0.51B,-59.80%,$-0.54B,$0.51B,-59.80%,$-0.54B,$2.48B,-19.11%,$-0.61B,$2.25B,-23.57%,$111,$34,$76,$0,$30,$608,$-498,$8,$-490,$7,$-497,$-497,$-501,$-393,$-498,$57,57,$-8.83,$-8.83,$345,$0,$126,$530,$1849,$2,$0,$96,$1946,$2476,$194,$1746,$29,$1776,$1970,$1,$-567,$0,$506,$2476,$-497,$104,$445,$549,$27,$0,$-4,$-3,$12,$64,$-188,$0,$0,$0,$0,$0,$0,$-188,$0,$0,$0,$0,$0,$-4,$-0,$-4,$-128,$8,$0
15,2014-12-31,9.29,$17.06,0.54,$12.19,0.76,$-45.74,0.0,$-1.18,0.0,$0.68B,$0.27B,2.54,$1.75B,$1.00B,1.75,$0.67B,$0.57B,86.04%,$0.67B,$-0.08B,-12.16%,$0.67B,$-0.08B,-12.16%,$0.67B,$0.27B,39.94%,$0.67B,$-0.03B,-4.95%,$0.67B,$-0.06B,-8.26%,$-0.06B,$1.00B,-5.53%,$-0.06B,$1.00B,-5.53%,$-0.06B,$3.04B,-2.09%,$-0.08B,$2.75B,-3.41%,$172,$29,$143,$0,$11,$367,$-195,$99,$-95,$-33,$-62,$-62,$-64,$-80,$-195,$52,52,$-1.14,$-1.06,$474,$0,$123,$682,$2262,$0,$0,$91,$2360,$3042,$269,$1746,$27,$1774,$2043,$1,$-66,$0,$1000,$3042,$-22,$347,$84,$431,$-28,$0,$-3,$-14,$6,$415,$-1361,$0,$0,$0,$0,$0,$0,$-1361,$1152,$0,$1152,$176,$176,$-16,$-46,$1266,$320,$13,$0
16,2014-09-30,26.26,$18.42,1.43,$12.47,2.11,$-52.83,0.0,$0.19,138.21,$0.73B,$0.22B,3.28,$1.75B,$1.08B,1.62,$0.62B,$0.55B,87.50%,$0.62B,$0.15B,24.36%,$0.62B,$0.15B,24.36%,$0.62B,$0.44B,71.15%,$0.62B,$0.08B,13.46%,$0.62B,$0.02B,2.88%,$0.02B,$1.08B,1.88%,$0.02B,$1.08B,1.88%,$0.02B,$3.10B,0.79%,$0.15B,$2.83B,7.40%,$207,$34,$173,$0,$24,$152,$56,$20,$76,$27,$49,$49,$43,$151,$56,$56,68,$0.77,$0.69,$596,$0,$22,$734,$2303,$0,$0,$68,$2371,$3104,$223,$1746,$24,$1802,$2026,$1,$0,$0,$1079,$3104,$40,$233,$32,$265,$-53,$0,$-30,$-9,$-32,$273,$-1100,$0,$0,$0,$0,$0,$0,$-1100,$1152,$0,$1152,$176,$176,$-12,$-46,$1270,$443,$26,$0
17,2014-06-30,37.59,$17.79,2.11,$12.15,3.09,$-57.75,0.0,$-0.39,0.0,$0.48B,$0.17B,2.77,$1.44B,$1.03B,1.4,$0.51B,$0.46B,89.24%,$0.51B,$0.12B,23.48%,$0.51B,$0.12B,23.48%,$0.51B,$0.36B,69.86%,$0.51B,$0.01B,1.57%,$0.51B,$-0.03B,-5.28%,$-0.03B,$1.03B,-3.00%,$-0.03B,$1.03B,-3.00%,$-0.03B,$2.70B,-1.42%,$0.12B,$2.48B,7.03%,$152,$14,$138,$0,$37,$121,$30,$-49,$-19,$-7,$-12,$-12,$-19,$105,$30,$51,51,$-0.38,$-0.38,$386,$0,$6,$482,$2163,$0,$0,$59,$2222,$2704,$174,$1444,$32,$1496,$1670,$1,$-44,$0,$1034,$2704,$-9,$137,$57,$194,$-14,$0,$-34,$-4,$-43,$142,$-888,$0,$0,$0,$0,$0,$0,$-888,$850,$0,$850,$176,$176,$-8,$-40,$978,$232,$26,$0
18,2014-03-31,29.63,$16.65,1.78,$10.93,2.71,$-55.08,0.0,$0.09,329.22,$0.18B,$0.20B,0.93,$0.59B,$0.87B,0.69,$0.42B,$0.37B,88.52%,$0.42B,$0.10B,24.40%,$0.42B,$0.10B,24.40%,$0.42B,$0.29B,70.10%,$0.42B,$0.04B,8.61%,$0.42B,$-0.01B,-1.20%,$-0.01B,$0.87B,-0.63%,$-0.01B,$0.87B,-0.63%,$-0.01B,$1.68B,-0.33%,$0.10B,$1.46B,7.64%,$135,$16,$119,$0,$30,$107,$28,$-22,$5,$2,$3,$3,$-15,$90,$28,$47,47,$-0.31,$-0.31,$111,$0,$4,$182,$1476,$0,$0,$22,$1498,$1681,$195,$593,$8,$619,$814,$1,$-25,$0,$866,$1681,$3,$62,$19,$82,$-2,$0,$-38,$0,$-21,$65,$-103,$0,$0,$0,$0,$0,$0,$-103,$0,$0,$0,$0,$0,$-4,$-0,$-4,$-43,$10,$0
19,2013-12-31,24.51,$18.49,1.33,$9.01,2.72,$-55.93,0.0,$0.34,72.09,$0.22B,$0.16B,1.38,$0.59B,$0.86B,0.69,$0.31B,$0.28B,88.85%,$0.31B,$0.08B,25.16%,$0.31B,$0.08B,25.16%,$0.31B,$0.22B,70.38%,$0.31B,$0.03B,9.87%,$0.31B,$0.01B,2.55%,$0.01B,$0.86B,1.11%,$0.01B,$0.86B,1.11%,$0.01B,$1.63B,0.64%,$0.08B,$1.45B,7.00%,$130,$15,$116,$0,$19,$92,$38,$-16,$22,$8,$14,$14,$9,$98,$38,$36,36,$0.23,$0.23,$154,$0,$1,$220,$1385,$0,$0,$24,$1410,$1629,$159,$593,$4,$613,$772,$0,$-10,$0,$857,$1629,$27,$142,$33,$175,$-48,$0,$20,$1,$-12,$189,$-1105,$0,$0,$12,$0,$12,$0,$-1093,$593,$0,$593,$253,$478,$-19,$-45,$1007,$103,$18,$0
20,2013-09-30,26.41,$18.24,1.45,$5.94,4.45,$-35.03,0.0,$0.12,220.08,$0.54B,$0.15B,3.52,$0.59B,$0.85B,0.7,$0.20B,$0.18B,88.56%,$0.20B,$0.04B,21.39%,$0.20B,$0.04B,21.39%,$0.20B,$0.13B,65.67%,$0.20B,$0.01B,4.98%,$0.20B,$-0.00B,-1.00%,$-0.00B,$0.85B,-0.34%,$-0.00B,$0.85B,-0.34%,$-0.00B,$1.60B,-0.21%,$0.04B,$1.44B,5.01%,$94,$11,$83,$0,$21,$70,$24,$-24,$0,$-4,$4,$4,$-2,$64,$24,$35,35,$-0.05,$-0.05,$490,$0,$1,$538,$1038,$0,$0,$23,$1061,$1599,$153,$593,$4,$601,$754,$0,$-19,$0,$845,$1599,$13,$82,$21,$103,$-30,$0,$-4,$1,$-7,$109,$-700,$0,$0,$2,$0,$2,$0,$-698,$593,$0,$593,$253,$478,$-8,$-44,$1019,$430,$14,$0
21,2013-06-30,22.96,$16.97,1.35,$3.61,6.37,$-19.90,0.0,$0.05,459.2,$0.28B,$0.08B,3.6,$0.40B,$0.59B,0.68,$0.12B,$0.11B,89.92%,$0.12B,$0.02B,19.33%,$0.12B,$0.02B,19.33%,$0.12B,$0.08B,63.87%,$0.12B,$0.01B,10.08%,$0.12B,$0.00B,0.84%,$0.00B,$0.59B,0.21%,$0.00B,$0.59B,0.21%,$0.00B,$1.07B,0.15%,$0.02B,$0.99B,3.90%,$59,$7,$52,$0,$16,$47,$12,$-3,$9,$0,$9,$9,$3,$41,$12,$33,33,$0.10,$0.10,$252,$0,$2,$278,$772,$0,$0,$21,$793,$1071,$77,$400,$3,$403,$480,$0,$-17,$0,$591,$1071,$9,$43,$7,$50,$-14,$0,$13,$3,$10,$69,$-469,$0,$0,$-13,$0,$-13,$0,$-482,$400,$0,$400,$-1,$224,$-8,$-27,$589,$176,$8,$0
22,2013-03-31,19.92,$16.87,1.18,$2.01,9.89,$-8.69,0.0,$-0.52,0.0,$0.28B,$0.08B,3.47,$0.05B,$0.58B,0.09,$0.07B,$0.06B,92.42%,$0.07B,$-0.01B,-13.64%,$0.07B,$-0.01B,-13.64%,$0.07B,$0.02B,27.27%,$0.07B,$-0.01B,-19.70%,$0.07B,$-0.02B,-27.27%,$-0.02B,$0.58B,-4.68%,$-0.02B,$0.58B,-4.68%,$-0.02B,$0.72B,-4.00%,$-0.01B,$0.63B,-2.27%,$31,$3,$28,$0,$10,$26,$5,$-5,$-0,$0,$-0,$-0,$-2,$18,$5,$33,33,$-0.06,$-0.06,$270,$0,$1,$281,$431,$0,$0,$4,$435,$717,$81,$50,$2,$52,$133,$0,$-21,$0,$584,$717,$-0,$14,$7,$20,$-1,$0,$17,$-0,$20,$40,$-95,$0,$0,$12,$0,$12,$0,$-83,$50,$0,$50,$-1,$224,$-2,$-9,$263,$219,$3,$0
23,2012-12-31,18.0,$10.86,1.66,$1.31,13.76,$-7.04,0.0,$-0.55,0.0,$0.08B,$0.06B,1.26,$0.00B,$0.37B,0.0,$0.04B,$0.04B,93.02%,$0.04B,$-0.02B,-37.21%,$0.04B,$-0.02B,-37.21%,$0.04B,$-0.00B,0.00%,$0.04B,$-0.02B,-37.21%,$0.04B,$-0.02B,-44.19%,$-0.02B,$0.37B,-6.50%,$-0.02B,$0.37B,-6.50%,$-0.02B,$0.43B,-5.78%,$-0.02B,$0.37B,-5.47%,$17,$1,$15,$0,$6,$14,$2,$-2,$1,$0,$1,$1,$-1,$9,$2,$33,33,$-0.04,$-0.04,$62,$0,$3,$75,$349,$0,$0,$3,$352,$427,$59,$0,$1,$1,$60,$0,$-19,$0,$367,$427,$-16,$16,$26,$42,$-9,$0,$12,$-0,$4,$29,$-170,$0,$0,$-12,$0,$-12,$0,$-181,$0,$0,$0,$0,$150,$-2,$-8,$140,$-13,$26,$0
24,2012-09-30,20.43,$10.96,1.86,$1.00,20.46,$-3.26,0.0,$-0.58,0.0,$0.15B,$0.04B,3.78,$0.00B,$0.37B,0.0,$0.03B,$0.03B,93.55%,$0.03B,$-0.02B,-54.84%,$0.03B,$-0.02B,-54.84%,$0.03B,$-0.01B,-22.58%,$0.03B,$-0.02B,-58.06%,$0.03B,$-0.02B,-61.29%,$-0.02B,$0.37B,-7.47%,$-0.02B,$0.37B,-7.47%,$-0.02B,$0.41B,-6.88%,$-0.02B,$0.37B,-6.68%,$12,$1,$12,$0,$3,$9,$4,$-2,$2,$0,$2,$2,$1,$8,$4,$33,33,$0.04,$0.04,$145,$0,$4,$153,$254,$0,$0,$1,$255,$408,$41,$0,$0,$0,$41,$0,$-17,$0,$367,$408,$-17,$9,$23,$32,$-3,$0,$13,$-1,$11,$26,$-89,$0,$0,$-12,$0,$-12,$0,$-100,$0,$0,$0,$0,$150,$0,$-5,$145,$70,$25,$0
