,Date,Stock Price,Book Value per Share,Price to Book Ratio,TTM Sales per Share,Price to Sales Ratio,TTM FCF per Share,Price to FCF Ratio,TTM Net EPS,PE Ratio,Current Assets,Current Liabilities,Current Ratio,Long Term Debt,Shareholder's Equity_x,Debt to Equity Ratio,TTM Revenue_x,TTM Gross Profit,Gross Margin,TTM Revenue_y,TTM Operating Income,Operating Margin,TTM Revenue_x,TTM EBIT,EBIT Margin,TTM Revenue_y,TTM EBITDA,EBITDA Margin,TTM Revenue_x,TTM Pre-Tax Income,Pre-Tax Margin,TTM Revenue_y,TTM Net Income_x,Net Margin,TTM Net Income_y,Shareholder's Equity_y,Return on Equity,TTM Net Income_x,Tangible Equity,Return on Tangible Equity,TTM Net Income_y,Total Assets,Return on Assets,TTM Net Income,LT Investments & Debt,Return on Investment,revenue,cost-goods-sold,gross-profit,research-development-expenses,selling-general-administrative-expenses,operating-expenses,operating-income,total-non-operating-income-expense,pre-tax-income,total-provision-income-taxes,income-after-taxes,income-from-continuous-operations,net-income,ebitda,ebit,basic-shares-outstanding,shares-outstanding,eps-basic-net-earnings-per-share,eps-earnings-per-share-diluted,cash-on-hand,inventory,other-current-assets,total-current-assets,net-property-plant-equipment,long-term-investments,goodwill-intangible-assets-total,other-long-term-assets,total-long-term-assets,total-assets,total-current-liabilities,long-term-debt,other-non-current-liabilities,total-long-term-liabilities,total-liabilities,common-stock-net,retained-earnings-accumulated-deficit,comprehensive-income,total-share-holder-equity,total-liabilities-share-holders-equity,net-income-loss,total-depreciation-amortization-cash-flow,other-non-cash-items,total-non-cash-items,change-in-accounts-receivable,change-in-inventories,change-in-accounts-payable,change-in-assets-liabilities,total-change-in-assets-liabilities,cash-flow-from-operating-activities,net-change-in-property-plant-equipment,net-change-in-intangible-assets,net-acquisitions-divestitures,net-change-in-short-term-investments,net-change-in-long-term-investments,net-change-in-investments-total,investing-activities-other,cash-flow-from-investing-activities,net-long-term-debt,net-current-debt,debt-issuance-retirement-net-total,net-common-equity-issued-repurchased,net-total-equity-issued-repurchased,total-common-preferred-stock-dividends-paid,financial-activities-other,cash-flow-from-financial-activities,net-cash-flow,stock-based-compensation,common-stock-dividends-paid
0,2018-09-30,36.78,$-1.64,-22.48,$38.93,0.94,$6.80,5.41,$1.53,24.04,$0.16B,$0.44B,0.36,$0.00B,$-0.05B,0.0,$1.48B,$0.90B,60.55%,$1.48B,$0.07B,4.99%,$1.48B,$0.07B,4.99%,$1.48B,$0.14B,9.17%,$1.48B,$0.07B,4.72%,$1.48B,$0.06B,3.98%,$0.06B,$-0.05B,472.00%,$0.06B,$-0.13B,-91.83%,$0.06B,$0.47B,12.61%,$0.07B,$-0.05B,592.00%,$415,$164,$251,$7,$218,$389,$25,$-2,$23,$5,$18,$18,$18,$41,$25,$34,35,$0.53,$0.52,$1,$91,$31,$158,$199,$0,$76,$36,$312,$470,$439,$0,$81,$85,$524,$0,$-55,$0,$-54,$470,$43,$47,$17,$64,$-5,$-7,$26,$24,$28,$134,$-34,$0,$0,$0,$0,$0,$0,$-34,$0,$94,$94,$-196,$-196,$0,$-1,$-103,$-2,$10,$0
1,2018-06-30,29.02,$-0.61,-47.86,$36.79,0.79,$7.26,4.0,$1.63,17.8,$0.16B,$0.41B,0.39,$0.00B,$-0.02B,0.0,$1.47B,$0.90B,61.18%,$1.47B,$0.09B,5.98%,$1.47B,$0.09B,5.98%,$1.47B,$0.15B,10.13%,$1.47B,$0.09B,5.85%,$1.47B,$0.07B,4.55%,$0.07B,$-0.02B,128.85%,$0.07B,$-0.10B,-265.35%,$0.07B,$0.47B,14.26%,$0.09B,$-0.02B,169.23%,$316,$127,$189,$7,$180,$314,$2,$-1,$1,$-3,$4,$4,$4,$17,$2,$36,37,$0.10,$0.10,$2,$90,$26,$158,$202,$0,$76,$33,$312,$470,$410,$0,$77,$82,$492,$0,$-22,$0,$-21,$470,$24,$31,$14,$45,$-3,$-6,$-5,$8,$-40,$29,$-21,$0,$0,$0,$0,$0,$0,$-21,$0,$133,$133,$-141,$-141,$0,$-1,$-9,$-1,$7,$0
2,2018-03-31,35.15,$0.97,36.07,$35.03,1.0,$8.52,4.12,$1.51,23.28,$0.14B,$0.35B,0.41,$0.00B,$0.04B,0.0,$1.44B,$0.89B,61.67%,$1.44B,$0.08B,5.76%,$1.44B,$0.08B,5.76%,$1.44B,$0.14B,10.00%,$1.44B,$0.08B,5.69%,$1.44B,$0.06B,4.31%,$0.06B,$0.04B,72.30%,$0.06B,$-0.04B,751.52%,$0.06B,$0.46B,13.40%,$0.08B,$0.04B,96.79%,$389,$151,$237,$7,$204,$362,$27,$-1,$26,$6,$21,$21,$21,$43,$27,$38,39,$0.54,$0.52,$2,$87,$22,$142,$204,$0,$77,$34,$316,$459,$346,$0,$77,$77,$423,$0,$36,$0,$36,$459,$21,$16,$4,$20,$-2,$-2,$0,$16,$9,$49,$-9,$0,$0,$0,$0,$0,$0,$-9,$0,$36,$36,$-77,$-77,$0,$-1,$-42,$-1,$3,$0
3,2017-12-31,37.59,$2.30,16.36,$34.17,1.1,$9.18,4.09,$1.55,24.25,$0.15B,$0.31B,0.5,$0.00B,$0.09B,0.0,$1.45B,$0.90B,62.08%,$1.45B,$0.09B,6.37%,$1.45B,$0.09B,6.37%,$1.45B,$0.15B,10.59%,$1.45B,$0.09B,6.37%,$1.45B,$0.07B,4.50%,$0.07B,$0.09B,58.96%,$0.07B,$0.01B,201.55%,$0.07B,$0.47B,14.02%,$0.09B,$0.09B,83.45%,$363,$142,$221,$7,$194,$343,$20,$-0,$20,$4,$16,$16,$16,$35,$20,$41,42,$0.40,$0.39,$4,$84,$28,$152,$209,$0,$78,$30,$319,$472,$306,$0,$76,$76,$383,$0,$89,$0,$89,$472,$65,$61,$18,$79,$0,$-9,$22,$-11,$28,$173,$-60,$0,$0,$0,$0,$0,$3,$-57,$0,$28,$28,$-152,$-152,$0,$-0,$-124,$-8,$16,$0
4,2017-09-30,31.05,$2.62,11.85,$32.22,0.96,$8.50,3.65,$1.41,22.02,$0.16B,$0.30B,0.55,$0.00B,$0.10B,0.0,$1.40B,$0.87B,62.58%,$1.40B,$0.09B,6.24%,$1.40B,$0.09B,6.24%,$1.40B,$0.15B,10.61%,$1.40B,$0.09B,6.24%,$1.40B,$0.06B,4.30%,$0.06B,$0.10B,46.88%,$0.06B,$0.03B,121.83%,$0.06B,$0.48B,13.04%,$0.09B,$0.10B,67.97%,$403,$149,$253,$7,$207,$364,$39,$-0,$39,$13,$26,$26,$26,$54,$39,$41,42,$0.63,$0.62,$30,$79,$24,$164,$207,$0,$78,$29,$315,$479,$298,$0,$76,$76,$375,$0,$104,$0,$104,$479,$49,$46,$16,$62,$-1,$-4,$33,$12,$65,$176,$-38,$0,$0,$0,$0,$0,$0,$-38,$0,$-6,$-6,$-117,$-117,$0,$-0,$-123,$15,$12,$0
5,2017-06-30,35.49,$2.79,12.74,$30.46,1.17,$7.46,4.75,$1.35,26.29,$0.13B,$0.25B,0.51,$0.00B,$0.11B,0.0,$1.36B,$0.85B,62.65%,$1.36B,$0.09B,6.40%,$1.36B,$0.09B,6.40%,$1.36B,$0.15B,10.88%,$1.36B,$0.09B,6.40%,$1.36B,$0.06B,4.41%,$0.06B,$0.11B,41.03%,$0.06B,$0.04B,90.23%,$0.06B,$0.44B,12.88%,$0.09B,$0.11B,59.49%,$285,$108,$177,$6,$173,$288,$-3,$-0,$-3,$-3,$-1,$-1,$-1,$12,$-3,$42,42,$-0.02,$-0.02,$2,$70,$18,$129,$206,$0,$79,$27,$312,$441,$253,$0,$73,$74,$326,$0,$114,$0,$114,$441,$24,$31,$13,$44,$-5,$5,$12,$2,$21,$89,$-27,$0,$0,$0,$0,$0,$0,$-27,$0,$3,$3,$-77,$-77,$0,$-0,$-74,$-13,$8,$0
6,2017-03-31,24.79,$3.22,7.7,$29.52,0.84,$6.48,3.82,$1.40,17.71,$0.15B,$0.25B,0.59,$0.00B,$0.13B,0.0,$1.35B,$0.85B,62.57%,$1.35B,$0.09B,6.80%,$1.35B,$0.09B,6.80%,$1.35B,$0.15B,11.32%,$1.35B,$0.09B,6.80%,$1.35B,$0.06B,4.59%,$0.06B,$0.13B,38.45%,$0.06B,$0.06B,77.02%,$0.06B,$0.46B,13.21%,$0.09B,$0.13B,57.05%,$394,$147,$246,$8,$203,$358,$36,$-0,$36,$11,$24,$24,$24,$52,$36,$43,44,$0.57,$0.56,$36,$67,$17,$149,$207,$0,$79,$27,$314,$463,$252,$0,$75,$76,$329,$0,$134,$0,$134,$463,$24,$16,$9,$26,$1,$8,$-1,$7,$37,$87,$-13,$0,$0,$0,$0,$0,$0,$-13,$0,$2,$2,$-54,$-54,$0,$0,$-52,$22,$4,$0
7,2016-12-31,22.62,$3.68,6.15,$27.73,0.82,$5.86,3.86,$1.11,20.38,$0.14B,$0.23B,0.61,$0.00B,$0.16B,0.0,$1.31B,$0.81B,61.71%,$1.31B,$0.08B,5.80%,$1.31B,$0.08B,5.80%,$1.31B,$0.14B,10.30%,$1.31B,$0.08B,5.80%,$1.31B,$0.05B,3.89%,$0.05B,$0.16B,29.23%,$0.05B,$0.08B,54.99%,$0.05B,$0.46B,10.76%,$0.08B,$0.16B,43.55%,$313,$116,$197,$6,$176,$298,$15,$-0,$15,$4,$11,$11,$11,$30,$15,$46,47,$0.25,$0.24,$12,$75,$23,$138,$208,$0,$81,$25,$319,$457,$225,$0,$72,$72,$297,$0,$160,$0,$160,$457,$51,$57,$10,$67,$9,$12,$-5,$-27,$33,$152,$-58,$0,$0,$15,$0,$15,$0,$-43,$0,$6,$6,$-124,$-124,$0,$0,$-118,$-9,$12,$0
8,2016-09-30,21.6,$3.93,5.5,$25.17,0.86,$4.29,5.04,$0.44,49.09,$0.19B,$0.25B,0.78,$0.00B,$0.18B,0.0,$1.21B,$0.73B,60.43%,$1.21B,$0.03B,2.47%,$1.21B,$0.03B,2.47%,$1.21B,$0.09B,7.25%,$1.21B,$0.03B,2.47%,$1.21B,$0.02B,1.57%,$0.02B,$0.18B,10.00%,$0.02B,$0.10B,17.67%,$0.02B,$0.50B,3.92%,$0.03B,$0.18B,15.79%,$368,$136,$232,$7,$186,$329,$39,$-0,$39,$13,$26,$26,$26,$54,$39,$46,46,$0.56,$0.56,$51,$71,$18,$191,$204,$0,$81,$27,$312,$503,$245,$0,$70,$82,$326,$0,$176,$0,$177,$503,$40,$43,$8,$51,$5,$16,$-1,$-3,$54,$145,$-39,$0,$0,$9,$0,$9,$0,$-30,$0,$3,$3,$-94,$-94,$0,$0,$-91,$24,$9,$0
9,2016-06-30,21.38,$3.78,5.65,$24.46,0.87,$3.34,6.39,$0.50,42.76,$0.15B,$0.21B,0.72,$0.00B,$0.17B,0.0,$1.22B,$0.74B,60.30%,$1.22B,$0.04B,2.95%,$1.22B,$0.04B,2.95%,$1.22B,$0.09B,7.47%,$1.22B,$0.04B,2.95%,$1.22B,$0.03B,2.05%,$0.03B,$0.17B,11.70%,$0.03B,$0.09B,19.16%,$0.03B,$0.46B,4.99%,$0.04B,$0.17B,16.84%,$277,$106,$171,$7,$162,$274,$2,$-0,$2,$1,$1,$1,$1,$17,$2,$46,47,$0.03,$0.03,$2,$74,$16,$147,$202,$0,$82,$23,$307,$455,$206,$0,$61,$75,$281,$0,$173,$0,$174,$455,$14,$28,$8,$36,$5,$13,$-15,$-34,$-3,$47,$-24,$0,$0,$15,$0,$15,$0,$-9,$0,$13,$13,$-70,$-70,$0,$0,$-57,$-19,$8,$0
10,2016-03-31,19.39,$4.01,4.84,$23.82,0.81,$2.96,6.54,$0.68,28.51,$0.17B,$0.22B,0.78,$0.00B,$0.19B,0.0,$1.22B,$0.74B,60.39%,$1.22B,$0.05B,4.19%,$1.22B,$0.05B,4.19%,$1.22B,$0.10B,8.38%,$1.22B,$0.05B,4.19%,$1.22B,$0.04B,2.88%,$0.04B,$0.19B,14.96%,$0.04B,$0.10B,20.90%,$0.04B,$0.48B,6.92%,$0.05B,$0.19B,21.79%,$353,$144,$209,$8,$182,$333,$20,$-0,$20,$7,$13,$13,$13,$34,$20,$48,49,$0.27,$0.27,$30,$81,$14,$172,$204,$0,$83,$22,$309,$481,$220,$0,$59,$74,$294,$0,$187,$0,$187,$481,$13,$14,$5,$19,$9,$6,$-0,$-22,$32,$64,$-12,$0,$0,$15,$0,$15,$0,$3,$0,$-7,$-7,$-51,$-51,$0,$-0,$-58,$9,$4,$0
11,2015-12-31,21.41,$4.50,4.76,$23.15,0.92,$2.49,8.6,$0.95,22.54,$0.18B,$0.23B,0.81,$0.00B,$0.22B,0.0,$1.21B,$0.74B,61.12%,$1.21B,$0.08B,6.18%,$1.21B,$0.08B,6.18%,$1.21B,$0.12B,10.13%,$1.21B,$0.08B,6.18%,$1.21B,$0.05B,4.20%,$0.05B,$0.22B,20.02%,$0.05B,$0.14B,24.88%,$0.05B,$0.50B,10.02%,$0.08B,$0.22B,29.44%,$215,$94,$121,$6,$146,$245,$-31,$-0,$-31,$-10,$-21,$-21,$-21,$-17,$-31,$51,52,$-0.40,$-0.40,$28,$87,$14,$182,$204,$9,$83,$19,$319,$501,$225,$0,$54,$54,$279,$0,$222,$-0,$222,$501,$51,$48,$13,$61,$-9,$-33,$19,$31,$-4,$108,$-86,$0,$-70,$98,$13,$111,$0,$-44,$0,$1,$1,$-97,$-97,$0,$1,$-95,$-31,$10,$0
12,2015-09-30,21.89,$5.37,4.08,$24.98,0.88,$3.31,6.61,$1.72,12.73,$0.25B,$0.24B,1.01,$0.00B,$0.27B,0.0,$1.32B,$0.82B,61.70%,$1.32B,$0.13B,10.14%,$1.32B,$0.13B,10.14%,$1.32B,$0.18B,13.47%,$1.32B,$0.13B,10.14%,$1.32B,$0.09B,6.89%,$0.09B,$0.27B,34.54%,$0.09B,$0.19B,39.48%,$0.09B,$0.57B,18.13%,$0.13B,$0.27B,50.85%,$374,$140,$234,$4,$185,$329,$45,$0,$45,$14,$32,$32,$32,$57,$45,$51,52,$0.63,$0.62,$106,$78,$13,$246,$198,$9,$85,$18,$320,$566,$243,$0,$51,$51,$294,$1,$271,$0,$272,$566,$72,$34,$-5,$28,$-7,$-24,$25,$1,$32,$132,$-61,$0,$-70,$72,$13,$85,$0,$-47,$0,$2,$2,$-68,$-68,$0,$1,$-64,$21,$9,$0
13,2015-06-30,30.07,$4.97,6.05,$23.74,1.27,$3.39,8.87,$1.54,19.53,$0.22B,$0.18B,1.21,$0.00B,$0.26B,0.0,$1.27B,$0.78B,61.42%,$1.27B,$0.12B,9.76%,$1.27B,$0.12B,9.76%,$1.27B,$0.17B,13.15%,$1.27B,$0.12B,9.76%,$1.27B,$0.08B,6.54%,$0.08B,$0.26B,32.20%,$0.08B,$0.24B,34.30%,$0.08B,$0.48B,17.32%,$0.12B,$0.26B,48.11%,$275,$105,$171,$3,$151,$259,$17,$0,$17,$6,$11,$11,$11,$28,$17,$52,53,$0.21,$0.21,$88,$68,$11,$217,$187,$29,$16,$19,$258,$476,$179,$0,$41,$41,$220,$1,$255,$0,$255,$476,$40,$22,$-0,$21,$-1,$-15,$8,$-4,$-16,$45,$-39,$0,$0,$23,$0,$23,$0,$-16,$0,$-7,$-7,$-49,$-49,$0,$2,$-55,$-26,$6,$0
14,2015-03-31,34.47,$5.17,6.67,$22.82,1.51,$3.45,9.99,$1.49,23.13,$0.24B,$0.19B,1.26,$0.00B,$0.27B,0.0,$1.23B,$0.75B,61.06%,$1.23B,$0.12B,9.76%,$1.23B,$0.12B,9.76%,$1.23B,$0.16B,13.17%,$1.23B,$0.12B,9.76%,$1.23B,$0.08B,6.50%,$0.08B,$0.27B,31.71%,$0.08B,$0.25B,33.86%,$0.08B,$0.49B,17.50%,$0.12B,$0.27B,47.57%,$350,$134,$216,$3,$169,$306,$44,$0,$44,$15,$29,$29,$29,$55,$44,$52,53,$0.55,$0.54,$121,$56,$14,$235,$178,$41,$16,$16,$257,$492,$186,$0,$36,$36,$222,$1,$270,$0,$270,$492,$29,$11,$-1,$9,$2,$-2,$7,$-3,$11,$49,$-18,$0,$0,$-2,$0,$-2,$0,$-20,$0,$-17,$-17,$-19,$-19,$0,$1,$-35,$-6,$3,$0
15,2014-12-31,27.03,$4.87,5.56,$21.30,1.27,$3.27,8.26,$1.26,21.45,$0.23B,$0.19B,1.24,$0.00B,$0.26B,0.0,$1.16B,$0.71B,61.07%,$1.16B,$0.10B,8.82%,$1.16B,$0.10B,8.82%,$1.16B,$0.14B,12.28%,$1.16B,$0.10B,8.82%,$1.16B,$0.07B,5.88%,$0.07B,$0.26B,28.01%,$0.07B,$0.24B,29.99%,$0.07B,$0.47B,15.72%,$0.10B,$0.26B,42.02%,$322,$128,$194,$3,$164,$294,$28,$0,$28,$9,$19,$19,$19,$38,$28,$53,54,$0.36,$0.34,$122,$54,$11,$233,$165,$44,$16,$12,$242,$474,$187,$0,$30,$30,$217,$1,$256,$-0,$257,$474,$68,$40,$6,$46,$-5,$-13,$14,$3,$31,$144,$-77,$0,$0,$-36,$-2,$-37,$-1,$-114,$0,$6,$6,$-44,$-44,$0,$1,$-36,$-6,$7,$0
16,2014-09-30,20.92,$4.67,4.48,$19.49,1.07,$2.23,9.4,$1.03,20.31,$0.24B,$0.20B,1.19,$0.00B,$0.25B,0.0,$1.07B,$0.65B,61.31%,$1.07B,$0.08B,7.89%,$1.07B,$0.08B,7.89%,$1.07B,$0.12B,11.46%,$1.07B,$0.08B,7.89%,$1.07B,$0.06B,5.16%,$0.06B,$0.25B,23.43%,$0.06B,$0.23B,25.17%,$0.06B,$0.48B,13.43%,$0.08B,$0.25B,35.78%,$323,$125,$199,$2,$161,$288,$35,$0,$35,$12,$24,$24,$24,$46,$35,$53,54,$0.44,$0.44,$134,$49,$10,$238,$159,$43,$16,$9,$237,$475,$200,$0,$25,$25,$226,$1,$248,$0,$249,$475,$49,$30,$-1,$29,$-14,$-9,$27,$11,$58,$136,$-58,$0,$0,$-20,$0,$-20,$-1,$-79,$0,$-7,$-7,$-30,$-30,$0,$1,$-37,$20,$4,$0
17,2014-06-30,20.66,$4.33,4.77,$18.23,1.13,$1.37,15.07,$0.95,21.75,$0.17B,$0.13B,1.26,$0.00B,$0.23B,0.0,$1.01B,$0.62B,61.63%,$1.01B,$0.08B,7.95%,$1.01B,$0.08B,7.95%,$1.01B,$0.12B,11.43%,$1.01B,$0.08B,7.95%,$1.01B,$0.05B,5.07%,$0.05B,$0.23B,22.27%,$0.05B,$0.22B,24.00%,$0.05B,$0.39B,13.14%,$0.08B,$0.23B,34.93%,$235,$92,$142,$2,$128,$222,$13,$0,$13,$4,$8,$8,$8,$23,$13,$54,54,$0.16,$0.16,$83,$43,$9,$169,$151,$38,$16,$7,$219,$388,$134,$0,$22,$22,$155,$1,$232,$0,$233,$388,$25,$19,$-1,$19,$1,$-3,$-1,$-1,$5,$50,$-40,$0,$0,$-5,$0,$-5,$-1,$-45,$0,$-6,$-6,$-20,$-20,$0,$1,$-26,$-21,$2,$0
18,2014-03-31,18.08,$4.28,4.23,$17.61,1.03,$1.18,15.38,$0.97,18.64,$0.20B,$0.14B,1.39,$0.00B,$0.23B,0.0,$0.98B,$0.61B,62.27%,$0.98B,$0.08B,8.38%,$0.98B,$0.08B,8.38%,$0.98B,$0.12B,11.76%,$0.98B,$0.08B,8.38%,$0.98B,$0.05B,5.42%,$0.05B,$0.23B,23.63%,$0.05B,$0.22B,25.54%,$0.05B,$0.39B,14.02%,$0.08B,$0.23B,36.57%,$276,$105,$171,$2,$144,$251,$26,$0,$26,$9,$17,$17,$17,$35,$26,$54,55,$0.31,$0.31,$113,$45,$9,$196,$138,$30,$17,$6,$197,$393,$141,$0,$21,$21,$161,$1,$232,$0,$232,$393,$17,$9,$-2,$8,$-1,$-4,$4,$6,$14,$39,$-17,$0,$0,$-4,$0,$-4,$-1,$-21,$0,$-6,$-6,$-10,$-10,$0,$0,$-16,$2,$-0,$0
19,2013-12-31,21.09,$4.10,5.14,$17.16,1.23,$1.32,16.02,$1.08,19.53,$0.19B,$0.14B,1.38,$0.00B,$0.23B,0.0,$0.96B,$0.60B,62.60%,$0.96B,$0.09B,9.48%,$0.96B,$0.09B,9.48%,$0.96B,$0.12B,12.71%,$0.96B,$0.09B,9.48%,$0.96B,$0.06B,6.15%,$0.06B,$0.23B,26.97%,$0.06B,$0.21B,29.24%,$0.06B,$0.38B,15.87%,$0.09B,$0.23B,41.60%,$231,$90,$141,$2,$129,$221,$10,$0,$10,$3,$6,$6,$6,$18,$10,$55,56,$0.12,$0.12,$110,$40,$8,$190,$130,$35,$17,$6,$192,$382,$137,$0,$19,$19,$157,$1,$219,$0,$225,$382,$60,$31,$2,$33,$2,$-4,$-3,$-4,$-5,$88,$-77,$0,$-16,$9,$-5,$5,$0,$-87,$0,$-0,$-0,$-34,$-34,$0,$4,$-30,$-30,$4,$0
20,2013-09-30,24.35,$4.09,5.95,$16.89,1.44,$1.97,12.35,$1.18,20.64,$0.22B,$0.15B,1.52,$0.00B,$0.23B,0.0,$0.95B,$0.60B,63.16%,$0.95B,$0.10B,10.53%,$0.95B,$0.10B,10.53%,$0.95B,$0.13B,13.58%,$0.95B,$0.10B,10.63%,$0.95B,$0.07B,6.84%,$0.07B,$0.23B,30.81%,$0.07B,$0.21B,32.91%,$0.07B,$0.39B,17.97%,$0.10B,$0.23B,47.39%,$264,$97,$166,$2,$133,$233,$31,$0,$31,$11,$20,$20,$20,$39,$31,$55,56,$0.37,$0.36,$139,$41,$11,$220,$118,$26,$17,$5,$169,$390,$145,$0,$18,$18,$164,$1,$213,$0,$226,$390,$54,$22,$4,$26,$2,$-5,$11,$-12,$10,$90,$-58,$0,$-16,$6,$-3,$3,$0,$-70,$0,$-5,$-5,$-25,$-25,$0,$3,$-26,$-7,$3,$0
21,2013-06-30,25.06,$3.85,6.51,$16.49,1.52,$2.46,10.19,$1.28,19.57,$0.19B,$0.12B,1.61,$0.00B,$0.21B,0.0,$0.93B,$0.60B,63.77%,$0.93B,$0.11B,11.68%,$0.93B,$0.11B,11.68%,$0.93B,$0.14B,14.58%,$0.93B,$0.11B,11.79%,$0.93B,$0.07B,7.61%,$0.07B,$0.21B,35.19%,$0.07B,$0.20B,36.88%,$0.07B,$0.35B,20.24%,$0.11B,$0.21B,54.03%,$207,$76,$131,$3,$114,$192,$15,$0,$15,$5,$10,$10,$10,$23,$15,$55,56,$0.18,$0.18,$112,$34,$11,$186,$106,$29,$17,$5,$160,$347,$116,$0,$17,$17,$132,$1,$193,$-0,$214,$347,$33,$14,$3,$17,$3,$2,$-2,$-7,$-15,$36,$-37,$0,$-16,$7,$-3,$4,$0,$-49,$0,$-5,$-5,$-15,$-15,$0,$3,$-17,$-30,$2,$0
22,2013-03-31,19.77,$3.78,5.23,$16.36,1.21,$2.84,6.97,$1.40,14.12,$0.21B,$0.14B,1.48,$0.00B,$0.21B,0.0,$0.93B,$0.60B,64.02%,$0.93B,$0.12B,12.89%,$0.93B,$0.12B,12.89%,$0.93B,$0.14B,15.47%,$0.93B,$0.12B,13.00%,$0.93B,$0.08B,8.38%,$0.08B,$0.21B,40.94%,$0.08B,$0.19B,42.05%,$0.08B,$0.37B,23.15%,$0.12B,$0.21B,62.99%,$258,$95,$163,$3,$126,$223,$35,$0,$35,$12,$23,$23,$23,$42,$35,$55,56,$0.43,$0.42,$143,$31,$8,$209,$91,$39,$18,$3,$159,$368,$141,$0,$16,$16,$157,$1,$183,$0,$210,$368,$23,$7,$-1,$5,$2,$5,$13,$-1,$16,$45,$-14,$0,$-16,$-7,$-2,$-8,$0,$-38,$0,$-4,$-4,$-8,$-8,$0,$2,$-10,$-3,$0,$0
23,2012-12-31,26.17,$3.46,7.55,$16.34,1.6,$2.90,9.01,$1.37,19.1,$0.21B,$0.13B,1.58,$0.00B,$0.19B,0.0,$0.94B,$0.60B,63.85%,$0.94B,$0.12B,12.73%,$0.94B,$0.12B,12.73%,$0.94B,$0.14B,15.08%,$0.94B,$0.12B,12.83%,$0.94B,$0.08B,8.24%,$0.08B,$0.19B,43.20%,$0.08B,$0.19B,43.38%,$0.08B,$0.34B,23.99%,$0.12B,$0.19B,66.76%,$221,$81,$140,$2,$119,$201,$19,$0,$20,$7,$12,$12,$12,$25,$19,$56,57,$0.24,$0.22,$139,$36,$10,$211,$79,$39,$3,$2,$131,$342,$133,$0,$15,$15,$148,$1,$159,$0,$194,$342,$78,$20,$7,$28,$-3,$-11,$7,$-1,$-5,$101,$-52,$0,$0,$-61,$0,$-61,$0,$-112,$0,$6,$6,$-30,$-30,$0,$6,$-17,$-28,$10,$0
24,2012-09-30,31.53,$3.36,9.37,$15.83,1.99,$3.24,9.73,$1.42,22.2,$0.22B,$0.14B,1.58,$0.00B,$0.19B,0.0,$0.90B,$0.58B,63.79%,$0.90B,$0.12B,13.29%,$0.90B,$0.12B,13.29%,$0.90B,$0.14B,15.50%,$0.90B,$0.12B,13.29%,$0.90B,$0.08B,8.86%,$0.08B,$0.19B,49.38%,$0.08B,$0.19B,49.38%,$0.08B,$0.35B,26.56%,$0.12B,$0.19B,74.07%,$247,$86,$161,$2,$119,$207,$40,$0,$40,$14,$26,$26,$26,$46,$40,$55,57,$0.47,$0.46,$158,$29,$9,$224,$68,$36,$0,$5,$123,$346,$141,$0,$16,$16,$157,$1,$147,$0,$189,$346,$66,$14,$4,$18,$-1,$-4,$11,$-5,$14,$98,$-37,$0,$0,$-53,$0,$-53,$0,$-90,$0,$2,$2,$-21,$-21,$0,$5,$-14,$-6,$10,$0
25,2012-06-30,20.92,$3.00,6.96,$15.03,1.39,$3.23,6.47,$1.27,16.47,$0.18B,$0.11B,1.65,$0.00B,$0.17B,0.0,$0.86B,$0.54B,63.20%,$0.86B,$0.11B,12.38%,$0.86B,$0.11B,12.38%,$0.86B,$0.12B,14.49%,$0.86B,$0.11B,12.38%,$0.86B,$0.07B,8.29%,$0.07B,$0.17B,49.91%,$0.07B,$0.17B,49.91%,$0.07B,$0.29B,25.89%,$0.11B,$0.17B,74.52%,$205,$74,$132,$1,$104,$179,$26,$0,$26,$9,$17,$17,$17,$31,$26,$56,57,$0.30,$0.30,$123,$27,$7,$180,$60,$32,$0,$5,$113,$292,$109,$0,$15,$15,$123,$1,$120,$-0,$169,$292,$39,$9,$2,$11,$3,$-2,$0,$-5,$-7,$43,$-22,$0,$0,$-35,$0,$-35,$0,$-58,$0,$-3,$-3,$-12,$-12,$0,$4,$-11,$-26,$8,$0
26,2012-03-31,32.39,$2.85,11.38,$14.31,2.26,$3.30,9.81,$1.17,27.68,$0.22B,$0.13B,1.75,$0.00B,$0.16B,0.0,$0.81B,$0.51B,63.05%,$0.81B,$0.10B,12.07%,$0.81B,$0.10B,12.07%,$0.81B,$0.11B,14.04%,$0.81B,$0.10B,12.07%,$0.81B,$0.07B,8.00%,$0.07B,$0.16B,53.06%,$0.07B,$0.16B,53.06%,$0.07B,$0.30B,26.00%,$0.10B,$0.16B,80.00%,$262,$98,$164,$1,$123,$228,$34,$0,$34,$12,$22,$22,$22,$39,$34,$56,57,$0.40,$0.39,$171,$25,$6,$224,$49,$10,$0,$5,$80,$304,$128,$0,$14,$14,$142,$1,$104,$0,$161,$304,$22,$4,$2,$6,$1,$-0,$7,$7,$16,$45,$-9,$0,$0,$0,$0,$0,$0,$-9,$0,$-3,$-3,$0,$0,$0,$2,$-1,$35,$7,$0
27,2011-12-31,21.69,$2.29,9.45,$13.20,1.64,$3.21,6.75,$1.08,20.08,$0.19B,$0.12B,1.61,$0.00B,$0.13B,0.0,$0.74B,$0.47B,63.39%,$0.74B,$0.09B,12.11%,$0.74B,$0.09B,12.11%,$0.74B,$0.11B,14.13%,$0.74B,$0.09B,12.11%,$0.74B,$0.06B,8.08%,$0.06B,$0.13B,59.26%,$0.06B,$0.13B,59.26%,$0.06B,$0.26B,26.79%,$0.09B,$0.13B,88.89%,$189,$70,$119,$1,$98,$169,$20,$0,$20,$5,$15,$15,$15,$24,$20,$55,56,$0.28,$0.26,$136,$25,$6,$191,$44,$10,$0,$5,$71,$263,$119,$0,$14,$14,$133,$1,$81,$0,$129,$263,$60,$14,$6,$19,$-4,$-5,$7,$-1,$11,$91,$-24,$0,$0,$-30,$0,$-30,$-3,$-56,$0,$-1,$-1,$4,$4,$0,$2,$5,$40,$5,$0
28,2011-09-30,13.97,$1.96,7.13,$12.53,1.11,$3.18,4.4,$0.94,14.86,$0.16B,$0.11B,1.44,$0.00B,$0.11B,0.0,$0.70B,$0.45B,63.44%,$0.70B,$0.08B,11.52%,$0.70B,$0.08B,11.52%,$0.70B,$0.10B,13.66%,$0.70B,$0.08B,11.52%,$0.70B,$0.05B,7.40%,$0.05B,$0.11B,62.28%,$0.05B,$0.11B,62.28%,$0.05B,$0.24B,25.90%,$0.08B,$0.11B,97.01%,$200,$74,$126,$1,$98,$173,$26,$0,$26,$9,$17,$17,$17,$30,$26,$55,56,$0.31,$0.31,$116,$21,$6,$162,$39,$20,$0,$4,$76,$238,$113,$0,$15,$15,$128,$1,$66,$0,$110,$238,$45,$10,$5,$14,$2,$-1,$3,$-2,$15,$75,$-14,$0,$0,$-40,$0,$-40,$-3,$-57,$0,$-1,$-1,$2,$2,$0,$2,$3,$20,$4,$0
29,2011-06-30,17.98,$1.60,11.22,$11.90,1.51,$3.33,5.4,$0.82,21.93,$0.12B,$0.09B,1.35,$0.00B,$0.09B,0.0,$0.66B,$0.42B,63.35%,$0.66B,$0.07B,10.86%,$0.66B,$0.07B,10.86%,$0.66B,$0.09B,12.97%,$0.66B,$0.07B,10.86%,$0.66B,$0.05B,6.79%,$0.05B,$0.09B,65.69%,$0.05B,$0.09B,65.69%,$0.05B,$0.20B,24.56%,$0.07B,$0.09B,105.11%,$161,$59,$103,$1,$84,$144,$18,$-0,$18,$6,$11,$11,$11,$21,$18,$55,56,$0.21,$0.20,$78,$21,$5,$122,$36,$20,$0,$5,$73,$195,$90,$0,$15,$15,$106,$1,$48,$-0,$90,$195,$28,$6,$4,$10,$3,$-1,$-1,$-6,$-5,$34,$-10,$0,$0,$-40,$0,$-40,$-3,$-52,$0,$-2,$-2,$1,$1,$0,$1,$0,$-18,$2,$0
30,2011-03-31,12.06,$1.36,8.86,$11.55,1.04,$3.39,3.56,$0.73,16.52,$0.15B,$0.11B,1.34,$0.00B,$0.08B,0.0,$0.64B,$0.40B,62.87%,$0.64B,$0.06B,9.98%,$0.64B,$0.06B,9.98%,$0.64B,$0.08B,12.17%,$0.64B,$0.06B,9.98%,$0.64B,$0.04B,6.24%,$0.04B,$0.08B,72.07%,$0.04B,$0.08B,72.07%,$0.04B,$0.20B,23.81%,$0.06B,$0.08B,115.32%,$193,$70,$123,$1,$96,$167,$26,$-0,$26,$10,$17,$17,$17,$30,$26,$55,56,$0.30,$0.30,$102,$19,$5,$145,$36,$0,$0,$4,$54,$200,$108,$0,$16,$16,$124,$1,$37,$0,$76,$200,$17,$3,$2,$6,$1,$1,$4,$-0,$10,$32,$-3,$0,$0,$0,$0,$0,$-3,$-5,$0,$-1,$-1,$-0,$-0,$0,$0,$-1,$26,$1,$0
31,2010-12-31,9.13,$1.05,8.73,$10.97,0.83,$3.39,2.69,$0.57,16.02,$0.12B,$0.10B,1.21,$0.00B,$0.06B,0.0,$0.61B,$0.38B,62.38%,$0.61B,$0.05B,8.58%,$0.61B,$0.05B,8.58%,$0.61B,$0.07B,11.06%,$0.61B,$0.05B,8.25%,$0.61B,$0.03B,5.12%,$0.03B,$0.06B,70.45%,$0.03B,$0.06B,70.45%,$0.03B,$0.17B,20.46%,$0.05B,$0.06B,117.51%,$149,$55,$94,$0,$82,$137,$11,$-0,$11,$4,$7,$7,$7,$15,$11,$54,55,$0.13,$0.13,$76,$20,$1,$117,$33,$0,$0,$4,$53,$170,$97,$0,$15,$15,$112,$1,$21,$0,$58,$170,$32,$15,$5,$20,$1,$-4,$4,$2,$20,$71,$-7,$0,$0,$0,$0,$0,$0,$-7,$0,$-1,$-1,$-0,$-0,$0,$1,$-0,$64,$4,$0
32,2010-09-30,6.78,$0.90,7.56,$11.23,0.6,$3.55,1.91,$1.13,6.0,$0.11B,$0.10B,1.11,$0.00B,$0.05B,0.01,$0.59B,$0.37B,62.39%,$0.59B,$0.05B,8.09%,$0.59B,$0.05B,8.09%,$0.59B,$0.06B,10.62%,$0.59B,$0.05B,7.59%,$0.59B,$0.06B,9.95%,$0.06B,$0.05B,168.57%,$0.06B,$0.05B,168.57%,$0.06B,$0.17B,42.60%,$0.05B,$0.05B,136.17%,$160,$60,$100,$0,$83,$143,$17,$-0,$17,$6,$10,$10,$10,$20,$17,$54,55,$0.19,$0.19,$82,$16,$1,$114,$33,$0,$0,$4,$54,$168,$103,$0,$16,$16,$119,$1,$14,$0,$50,$168,$24,$11,$-0,$11,$4,$-1,$6,$3,$35,$71,$-4,$0,$0,$0,$0,$0,$0,$-4,$0,$-1,$-1,$-1,$-1,$0,$1,$-0,$67,$3,$0
33,2010-06-30,8.75,$0.68,12.81,$11.57,0.76,$3.45,2.54,$1.09,8.03,$0.08B,$0.08B,0.98,$0.00B,$0.04B,0.0,$0.58B,$0.36B,62.76%,$0.58B,$0.04B,7.41%,$0.58B,$0.04B,7.41%,$0.58B,$0.06B,10.52%,$0.58B,$0.04B,6.55%,$0.58B,$0.06B,9.66%,$0.06B,$0.04B,439.22%,$0.06B,$0.04B,439.22%,$0.06B,$0.13B,47.86%,$0.04B,$0.04B,324.53%,$139,$52,$86,$1,$76,$129,$10,$-0,$10,$4,$6,$6,$6,$13,$10,$54,55,$0.12,$0.11,$40,$16,$0,$79,$33,$0,$0,$4,$56,$134,$81,$0,$16,$16,$97,$1,$3,$0,$38,$134,$14,$8,$-1,$7,$4,$-1,$-1,$-0,$7,$29,$-2,$0,$0,$0,$0,$0,$0,$-2,$0,$-2,$-2,$-1,$-1,$0,$1,$-2,$25,$1,$0
34,2010-03-31,7.97,$0.56,14.34,$11.74,0.68,$3.72,2.15,$0.89,8.96,$0.08B,$0.09B,0.87,$0.00B,$0.03B,0.01,$0.56B,$0.35B,62.63%,$0.56B,$0.03B,6.05%,$0.56B,$0.03B,6.05%,$0.56B,$0.05B,9.61%,$0.56B,$0.03B,4.80%,$0.56B,$0.05B,8.19%,$0.05B,$0.03B,-557.58%,$0.05B,$0.03B,-557.58%,$0.05B,$0.13B,43.71%,$0.03B,$0.03B,-438.71%,$158,$60,$98,$1,$83,$144,$14,$-2,$12,$5,$8,$8,$8,$19,$14,$54,55,$0.14,$0.14,$44,$15,$0,$76,$35,$0,$0,$4,$57,$134,$88,$0,$16,$16,$103,$1,$-3,$0,$30,$134,$8,$5,$-1,$4,$3,$0,$2,$5,$18,$30,$-1,$0,$0,$0,$0,$0,$-5,$-6,$0,$-1,$-1,$-1,$-1,$0,$1,$-2,$23,$1,$0
35,2009-12-31,6.52,$0.41,15.77,$12.00,0.54,$3.69,1.77,$0.69,9.45,$0.05B,$0.08B,0.68,$0.00B,$0.02B,0.0,$0.54B,$0.34B,61.76%,$0.54B,$0.02B,3.68%,$0.54B,$0.02B,3.68%,$0.54B,$0.04B,7.35%,$0.54B,$0.01B,2.39%,$0.54B,$0.04B,6.43%,$0.04B,$0.02B,-132.08%,$0.04B,$0.02B,-132.08%,$0.04B,$0.12B,34.06%,$0.02B,$0.02B,-76.19%,$136,$51,$86,$1,$78,$129,$7,$-1,$6,$-29,$35,$35,$35,$11,$7,$46,46,$0.78,$0.77,$18,$16,$1,$54,$38,$0,$0,$7,$64,$118,$80,$0,$16,$16,$96,$1,$-11,$0,$22,$118,$36,$19,$-14,$5,$-4,$3,$3,$-3,$23,$63,$-2,$0,$0,$0,$0,$0,$0,$-2,$0,$-85,$-85,$27,$27,$0,$-1,$-60,$1,$3,$0
36,2009-09-30,4.75,$-0.85,-5.59,$12.01,0.4,$1.72,2.77,$-1.30,0.0,$0.03B,$0.10B,0.33,$0.00B,$-0.04B,-0.01,$0.54B,$0.32B,59.93%,$0.54B,$-0.04B,-6.86%,$0.54B,$-0.04B,-6.86%,$0.54B,$-0.02B,-2.97%,$0.54B,$-0.05B,-8.35%,$0.54B,$-0.06B,-10.58%,$-0.06B,$-0.04B,134.12%,$-0.06B,$-0.04B,134.12%,$-0.06B,$0.08B,-53.27%,$-0.04B,$-0.04B,88.10%,$147,$54,$94,$0,$78,$135,$12,$-2,$10,$3,$7,$7,$7,$18,$12,$45,46,$0.15,$0.15,$5,$15,$1,$34,$41,$0,$0,$7,$48,$82,$103,$0,$17,$18,$121,$0,$-46,$0,$-39,$82,$0,$15,$11,$26,$2,$3,$3,$-9,$27,$53,$-2,$0,$0,$0,$0,$0,$0,$-2,$0,$-59,$-59,$0,$0,$0,$0,$-59,$-8,$3,$0
37,2009-06-30,0.84,$-1.02,-0.83,$12.30,0.07,$0.24,3.46,$-1.43,0.0,$0.04B,$0.12B,0.3,$0.00B,$-0.05B,-0.01,$0.55B,$0.33B,59.56%,$0.55B,$-0.05B,-8.56%,$0.55B,$-0.05B,-8.56%,$0.55B,$-0.03B,-4.92%,$0.55B,$-0.05B,-9.84%,$0.55B,$-0.06B,-11.48%,$-0.06B,$-0.05B,217.24%,$-0.06B,$-0.05B,217.24%,$-0.06B,$0.09B,-47.91%,$-0.05B,$-0.05B,164.91%,$121,$46,$74,$0,$73,$120,$1,$-1,$-1,$3,$-4,$-4,$-4,$6,$1,$45,45,$-0.09,$-0.09,$4,$16,$0,$35,$45,$0,$0,$7,$52,$87,$117,$0,$16,$17,$133,$0,$-53,$0,$-46,$87,$-7,$10,$10,$20,$1,$3,$1,$-2,$22,$36,$-2,$0,$0,$0,$0,$0,$0,$-2,$0,$-42,$-42,$0,$0,$0,$0,$-42,$-9,$2,$0
38,2009-03-31,0.72,$-0.96,-0.75,$13.06,0.06,$-0.74,0.0,$-1.49,0.0,$0.06B,$0.15B,0.42,$0.00B,$-0.04B,-0.01,$0.58B,$0.34B,59.31%,$0.58B,$-0.06B,-10.00%,$0.58B,$-0.06B,-10.00%,$0.58B,$-0.04B,-6.38%,$0.58B,$-0.06B,-11.03%,$0.58B,$-0.07B,-11.38%,$-0.07B,$-0.04B,463.16%,$-0.07B,$-0.04B,463.16%,$-0.07B,$0.12B,-42.79%,$-0.06B,$-0.04B,421.82%,$140,$58,$82,$0,$81,$139,$0,$-2,$-2,$1,$-3,$-3,$-3,$5,$0,$45,45,$-0.06,$-0.06,$26,$17,$1,$63,$49,$0,$0,$7,$60,$124,$149,$0,$17,$17,$167,$0,$-49,$0,$-43,$124,$-3,$5,$3,$8,$-2,$2,$2,$-5,$19,$24,$-1,$0,$0,$0,$0,$0,$-23,$-24,$0,$-10,$-10,$0,$0,$0,$0,$-10,$-10,$1,$0
39,2008-12-31,0.25,$-0.93,-0.27,$13.75,0.02,$-1.16,0.0,$-1.59,0.0,$0.07B,$0.16B,0.43,$0.00B,$-0.04B,-0.02,$0.61B,$0.36B,59.05%,$0.61B,$-0.07B,-11.35%,$0.61B,$-0.07B,-11.35%,$0.61B,$-0.05B,-7.73%,$0.61B,$-0.07B,-12.01%,$0.61B,$-0.07B,-11.51%,$-0.07B,$-0.04B,-7000.00%,$-0.07B,$-0.04B,-7000.00%,$-0.07B,$0.14B,-41.92%,$-0.07B,$-0.04B,-4600.00%,$131,$58,$73,$1,$90,$181,$-50,$-1,$-52,$6,$-57,$-57,$-57,$-45,$-50,$44,44,$-1.30,$-1.30,$13,$19,$1,$69,$53,$0,$0,$7,$66,$135,$160,$1,$17,$17,$177,$0,$-46,$0,$-42,$135,$-70,$22,$63,$86,$14,$14,$-20,$9,$-12,$3,$-32,$0,$0,$0,$0,$0,$0,$-32,$0,$36,$36,$1,$1,$0,$-1,$35,$6,$4,$0
40,2008-09-30,1.65,$0.34,4.86,$14.73,0.11,$-0.49,0.0,$-0.24,0.0,$0.06B,$0.15B,0.42,$0.00B,$0.02B,0.04,$0.67B,$0.40B,59.58%,$0.67B,$-0.02B,-2.40%,$0.67B,$-0.02B,-2.40%,$0.67B,$0.01B,1.05%,$0.67B,$-0.02B,-2.69%,$0.67B,$-0.01B,-1.65%,$-0.01B,$0.02B,-62.86%,$-0.01B,$0.02B,-62.86%,$-0.01B,$0.18B,-6.09%,$-0.02B,$0.02B,-90.14%,$157,$59,$98,$1,$94,$155,$2,$-1,$1,$-0,$1,$1,$1,$7,$2,$44,45,$0.02,$0.02,$6,$20,$1,$60,$87,$0,$0,$6,$120,$180,$145,$1,$19,$20,$165,$0,$11,$0,$15,$180,$-13,$17,$5,$22,$11,$13,$-17,$0,$3,$12,$-28,$0,$0,$0,$0,$0,$0,$-28,$0,$16,$16,$1,$1,$0,$-1,$15,$-1,$3,$0
41,2008-06-30,1.64,$0.29,5.69,$15.83,0.1,$0.43,3.79,0,0.0,$0.06B,$0.15B,0.4,$0.00B,$0.01B,0.03,$0.72B,$0.43B,59.53%,$0.72B,$0.00B,0.14%,$0.72B,$0.00B,0.14%,$0.72B,$0.03B,3.45%,$0.72B,0,0.00%,$0.72B,0,0.00%,$0.00B,$0.01B,0.00%,$0.00B,$0.01B,0.00%,$0.00B,$0.18B,0.00%,$0.00B,$0.01B,5.26%,$152,$61,$91,$1,$100,$162,$-10,$-1,$-11,$-4,$-7,$-7,$-7,$-4,$-10,$44,44,$-0.15,$-0.15,$7,$20,$3,$58,$87,$0,$0,$4,$120,$178,$146,$0,$18,$19,$165,$0,$10,$0,$13,$178,$-14,$12,$1,$13,$13,$12,$-8,$3,$11,$10,$-21,$0,$0,$0,$0,$0,$0,$-21,$0,$11,$11,$0,$0,$0,$-1,$10,$-0,$2,$0
42,2008-03-31,3.6,$0.40,8.97,$15.97,0.23,$0.68,5.28,$0.21,17.14,$0.06B,$0.14B,0.43,$0.00B,$0.02B,0.02,$0.75B,$0.45B,59.92%,$0.75B,$0.02B,2.13%,$0.75B,$0.02B,2.13%,$0.75B,$0.04B,5.33%,$0.75B,$0.02B,2.13%,$0.75B,$0.01B,1.33%,$0.01B,$0.02B,37.38%,$0.01B,$0.02B,37.38%,$0.01B,$0.18B,5.69%,$0.02B,$0.02B,59.81%,$168,$71,$97,$1,$107,$179,$-11,$-0,$-11,$-4,$-7,$-7,$-7,$-5,$-11,$44,44,$-0.16,$-0.16,$6,$26,$3,$60,$84,$0,$0,$4,$115,$175,$138,$0,$18,$19,$157,$0,$17,$0,$18,$175,$-7,$6,$-1,$5,$11,$7,$-5,$4,$16,$15,$-10,$0,$0,$0,$0,$0,$0,$-10,$0,$-6,$-6,$0,$0,$0,$0,$-5,$-1,$1,$0
43,2007-12-31,7.01,$0.54,12.96,$16.34,0.43,$0.95,7.36,$0.58,12.09,$0.08B,$0.15B,0.53,$0.00B,$0.02B,0.0,$0.80B,$0.49B,60.88%,$0.80B,$0.04B,5.50%,$0.80B,$0.04B,5.50%,$0.80B,$0.07B,8.63%,$0.80B,$0.04B,5.50%,$0.80B,$0.03B,3.50%,$0.03B,$0.02B,63.64%,$0.03B,$0.02B,63.64%,$0.03B,$0.19B,15.16%,$0.04B,$0.02B,100.00%,$191,$79,$112,$1,$107,$188,$3,$-0,$3,$0,$2,$2,$2,$9,$3,$47,48,$0.05,$0.04,$7,$33,$4,$79,$80,$0,$0,$5,$111,$190,$149,$0,$17,$17,$166,$0,$24,$0,$24,$190,$28,$25,$-2,$23,$-7,$-8,$12,$-3,$-7,$44,$-44,$0,$0,$81,$0,$81,$0,$38,$0,$45,$45,$-130,$-130,$0,$1,$-83,$-2,$6,$0
44,2007-09-30,13.95,$0.47,29.91,$15.95,0.87,$1.45,9.62,$0.73,19.11,$0.07B,$0.14B,0.55,$0.00B,$0.02B,0.0,$0.81B,$0.50B,61.46%,$0.81B,$0.06B,7.06%,$0.81B,$0.06B,7.06%,$0.81B,$0.08B,10.16%,$0.81B,$0.06B,7.19%,$0.81B,$0.04B,4.58%,$0.04B,$0.02B,55.22%,$0.04B,$0.02B,55.22%,$0.04B,$0.17B,19.02%,$0.06B,$0.02B,85.07%,$213,$82,$131,$1,$111,$194,$19,$-0,$19,$7,$12,$12,$12,$25,$19,$44,46,$0.27,$0.26,$9,$30,$3,$74,$71,$0,$0,$5,$98,$172,$135,$0,$16,$16,$151,$0,$20,$0,$21,$172,$25,$19,$2,$20,$-4,$-6,$18,$0,$10,$56,$-30,$0,$0,$81,$0,$81,$0,$51,$0,$22,$22,$-130,$-130,$0,$1,$-107,$-0,$6,$0
45,2007-06-30,16.22,$0.95,17.14,$15.09,1.08,$1.55,10.47,$0.72,22.53,$0.08B,$0.11B,0.7,$0.00B,$0.04B,0.0,$0.80B,$0.49B,61.60%,$0.80B,$0.06B,7.48%,$0.80B,$0.06B,7.48%,$0.80B,$0.08B,10.47%,$0.80B,$0.06B,7.73%,$0.80B,$0.04B,4.86%,$0.04B,$0.04B,41.49%,$0.04B,$0.04B,41.49%,$0.04B,$0.17B,18.22%,$0.06B,$0.04B,63.83%,$179,$69,$110,$1,$103,$174,$5,$0,$5,$2,$3,$3,$3,$11,$5,$48,50,$0.06,$0.06,$11,$26,$3,$75,$66,$2,$0,$4,$91,$166,$106,$0,$16,$16,$122,$0,$44,$-0,$44,$166,$14,$13,$2,$14,$-0,$-2,$4,$-4,$-8,$20,$-19,$0,$0,$78,$0,$78,$0,$59,$0,$10,$10,$-89,$-89,$0,$1,$-78,$1,$4,$0
46,2007-03-31,17.8,$1.76,10.09,$14.84,1.2,$1.42,12.57,$0.85,20.94,$0.10B,$0.11B,0.9,$0.00B,$0.09B,0.0,$0.81B,$0.50B,61.41%,$0.81B,$0.07B,8.75%,$0.81B,$0.07B,8.75%,$0.81B,$0.09B,11.59%,$0.81B,$0.07B,9.12%,$0.81B,$0.05B,5.80%,$0.05B,$0.09B,40.00%,$0.05B,$0.09B,40.00%,$0.05B,$0.21B,20.26%,$0.07B,$0.09B,60.43%,$217,$82,$134,$2,$116,$200,$17,$0,$17,$7,$11,$11,$11,$24,$17,$50,52,$0.21,$0.21,$36,$25,$3,$97,$61,$31,$0,$4,$114,$211,$108,$0,$15,$15,$124,$0,$87,$-0,$87,$211,$11,$7,$1,$8,$-2,$-1,$10,$-0,$9,$28,$-8,$0,$0,$30,$0,$30,$0,$21,$0,$-0,$-0,$-43,$-43,$0,$1,$-42,$7,$2,$0
47,2006-12-31,17.39,$2.24,7.75,$14.42,1.21,$1.10,15.8,$0.85,20.46,$0.10B,$0.10B,1.06,$0.00B,$0.12B,0.0,$0.81B,$0.49B,61.04%,$0.81B,$0.07B,8.93%,$0.81B,$0.07B,8.93%,$0.81B,$0.09B,11.54%,$0.81B,$0.08B,9.43%,$0.81B,$0.05B,5.96%,$0.05B,$0.12B,37.80%,$0.05B,$0.12B,37.80%,$0.05B,$0.23B,20.21%,$0.07B,$0.12B,56.69%,$198,$77,$121,$2,$99,$182,$16,$1,$17,$6,$11,$11,$11,$22,$16,$53,56,$0.21,$0.20,$47,$24,$4,$103,$59,$44,$0,$4,$126,$229,$98,$0,$16,$16,$113,$1,$111,$0,$116,$229,$47,$20,$-2,$18,$-6,$-2,$6,$-3,$-5,$59,$-31,$0,$0,$-2,$0,$-2,$0,$-33,$0,$-1,$-1,$-68,$-68,$0,$9,$-61,$-35,$8,$0
