,Date,Stock Price,Book Value per Share,Price to Book Ratio,TTM Sales per Share,Price to Sales Ratio,TTM FCF per Share,Price to FCF Ratio,TTM Net EPS,PE Ratio,Current Assets,Current Liabilities,Current Ratio,Long Term Debt,Shareholder's Equity_x,Debt to Equity Ratio,TTM Revenue_x,TTM Gross Profit,Gross Margin,TTM Revenue_y,TTM Operating Income,Operating Margin,TTM Revenue_x,TTM EBIT,EBIT Margin,TTM Revenue_y,TTM EBITDA,EBITDA Margin,TTM Revenue_x,TTM Pre-Tax Income,Pre-Tax Margin,TTM Revenue_y,TTM Net Income_x,Net Margin,TTM Net Income_y,Shareholder's Equity_y,Return on Equity,TTM Net Income_x,Tangible Equity,Return on Tangible Equity,TTM Net Income_y,Total Assets,Return on Assets,TTM Net Income,LT Investments & Debt,Return on Investment,revenue,cost-goods-sold,gross-profit,research-development-expenses,selling-general-administrative-expenses,operating-expenses,operating-income,total-non-operating-income-expense,pre-tax-income,total-provision-income-taxes,income-after-taxes,income-from-continuous-operations,net-income,ebitda,ebit,basic-shares-outstanding,shares-outstanding,eps-basic-net-earnings-per-share,eps-earnings-per-share-diluted,cash-on-hand,inventory,other-current-assets,total-current-assets,net-property-plant-equipment,long-term-investments,goodwill-intangible-assets-total,other-long-term-assets,total-long-term-assets,total-assets,total-current-liabilities,long-term-debt,other-non-current-liabilities,total-long-term-liabilities,total-liabilities,common-stock-net,retained-earnings-accumulated-deficit,comprehensive-income,total-share-holder-equity,total-liabilities-share-holders-equity,net-income-loss,total-depreciation-amortization-cash-flow,other-non-cash-items,total-non-cash-items,change-in-accounts-receivable,change-in-inventories,change-in-accounts-payable,change-in-assets-liabilities,total-change-in-assets-liabilities,cash-flow-from-operating-activities,net-change-in-property-plant-equipment,net-change-in-intangible-assets,net-acquisitions-divestitures,net-change-in-short-term-investments,net-change-in-long-term-investments,net-change-in-investments-total,investing-activities-other,cash-flow-from-investing-activities,net-long-term-debt,net-current-debt,debt-issuance-retirement-net-total,net-common-equity-issued-repurchased,net-total-equity-issued-repurchased,total-common-preferred-stock-dividends-paid,financial-activities-other,cash-flow-from-financial-activities,net-cash-flow,stock-based-compensation,common-stock-dividends-paid
0,2018-03-31,10.55,$9.48,1.11,$9.06,1.16,$-1.76,0.0,$-0.95,0.0,$0.39B,$0.11B,3.43,$0.24B,$0.39B,0.61,$0.40B,$0.22B,54.75%,$0.40B,$-0.12B,-30.50%,$0.40B,$-0.12B,-30.50%,$0.40B,$-0.02B,-4.50%,$0.40B,$-0.21B,-53.25%,$0.40B,$-0.09B,-22.75%,$-0.09B,$0.39B,-20.48%,$-0.09B,$0.02B,-129.08%,$-0.09B,$0.98B,-6.08%,$-0.12B,$0.63B,-21.43%,$83,$44,$40,$19,$27,$118,$-35,$-14,$-49,$-2,$-47,$-47,$-55,$-11,$-35,$40,40,$-1.38,$-1.38,$234,$0,$14,$347,$81,$39,$352,$9,$547,$894,$351,$10,$11,$252,$603,$0,$-157,$-31,$292,$894,$-126,$71,$28,$99,$29,$0,$8,$-47,$-34,$-61,$-9,$-11,$-10,$-13,$0,$-13,$0,$-42,$-1,$0,$-1,$0,$86,$0,$0,$85,$-19,$22,$0
1,2017-12-31,8.94,$9.87,0.91,$9.02,0.99,$-1.89,0.0,0,0.0,$0.37B,$0.19B,1.93,$0.24B,$0.46B,0.52,$0.40B,$0.22B,54.73%,$0.40B,$-0.13B,-32.09%,$0.40B,$-0.13B,-32.09%,$0.40B,$-0.02B,-5.47%,$0.40B,$-0.23B,-56.97%,$0.40B,$-0.11B,-27.36%,$-0.11B,$0.46B,-23.50%,$-0.11B,$0.09B,-118.28%,$-0.11B,$0.97B,-6.24%,$-0.13B,$0.70B,-15.90%,$77,$40,$37,$20,$34,$120,$-43,$2,$-41,$1,$-41,$-41,$-47,$-19,$-43,$39,39,$-1.20,$-1.20,$232,$0,$0,$341,$89,$39,$361,$13,$588,$928,$100,$239,$15,$488,$587,$0,$-102,$-29,$341,$928,$-79,$47,$3,$51,$29,$0,$8,$-56,$-43,$-71,$-4,$-8,$-10,$-11,$0,$-11,$0,$-33,$-1,$0,$-1,$0,$86,$0,$0,$86,$-20,$15,$0
2,2017-09-30,9.33,$9.45,0.99,$9.10,1.03,$0.21,43.91,$0.55,16.96,$0.44B,$1.12B,0.39,$0.01B,$0.45B,0.03,$0.40B,$0.21B,52.61%,$0.40B,$-0.15B,-36.72%,$0.40B,$-0.15B,-36.72%,$0.40B,$-0.04B,-9.68%,$0.40B,$-0.18B,-45.66%,$0.40B,$-0.09B,-22.33%,$-0.09B,$0.45B,-18.58%,$-0.09B,$0.07B,-85.71%,$-0.09B,$2.00B,-5.04%,$-0.15B,$0.46B,-17.87%,$84,$45,$39,$21,$38,$128,$-44,$6,$-38,$0,$-38,$-38,$-40,$-21,$-44,$42,42,$-0.95,$-0.95,$314,$0,$0,$391,$100,$37,$370,$5,$592,$983,$114,$239,$6,$478,$592,$0,$-55,$-20,$391,$983,$-38,$24,$1,$24,$36,$0,$9,$-30,$4,$-9,$-1,$-7,$0,$-5,$0,$-5,$0,$-13,$-0,$0,$-0,$0,$86,$0,$0,$86,$66,$7,$0
3,2017-06-30,16.45,$10.27,1.6,$9.82,1.67,$0.44,37.53,$0.71,23.17,$0.45B,$1.12B,0.4,$0.01B,$0.47B,0.03,$0.43B,$0.24B,55.09%,$0.43B,$-0.12B,-28.70%,$0.43B,$-0.12B,-28.70%,$0.43B,$-0.02B,-5.56%,$0.43B,$-0.14B,-32.41%,$0.43B,$-0.05B,-12.04%,$-0.05B,$0.47B,-9.81%,$-0.05B,$0.10B,-46.33%,$-0.05B,$2.04B,-3.32%,$-0.12B,$0.49B,-13.32%,$106,$42,$64,$24,$51,$139,$-33,$-65,$-98,$-17,$-81,$-81,$11,$-10,$-33,$45,45,$0.26,$0.26,$249,$0,$10,$371,$112,$34,$369,$5,$594,$965,$192,$239,$6,$309,$502,$0,$-5,$-23,$464,$965,$-194,$107,$86,$193,$29,$0,$-9,$-32,$-17,$-18,$-12,$-9,$127,$13,$0,$13,$-20,$98,$-3,$-29,$-32,$4,$4,$0,$-7,$-36,$35,$22,$0
4,2017-03-31,24.4,$10.59,2.3,$9.94,2.45,$1.80,13.53,$0.61,40.0,$0.47B,$0.24B,1.98,$1.11B,$0.49B,2.29,$0.43B,$0.24B,55.30%,$0.43B,$-0.13B,-29.49%,$0.43B,$-0.13B,-29.49%,$0.43B,$-0.03B,-6.45%,$0.43B,$-0.14B,-31.11%,$0.43B,$-0.02B,-3.92%,$-0.02B,$0.49B,-3.02%,$-0.02B,$0.11B,-16.23%,$-0.02B,$2.05B,-1.27%,$-0.13B,$1.60B,-12.54%,$91,$46,$45,$21,$35,$127,$-36,$-22,$-58,$-13,$-45,$-45,$-35,$-3,$-36,$45,45,$-0.78,$-0.78,$220,$0,$63,$436,$125,$45,$376,$901,$1566,$2002,$1121,$12,$348,$433,$1554,$0,$-16,$-23,$448,$2002,$-113,$84,$44,$128,$24,$0,$-2,$-21,$-16,$-1,$-10,$-8,$-802,$11,$0,$11,$-18,$-826,$893,$-29,$864,$4,$4,$0,$-41,$827,$5,$14,$0
5,2016-12-31,38.3,$11.70,3.27,$9.80,3.91,$2.50,15.35,$0.44,87.05,$0.37B,$0.18B,2.02,$0.24B,$0.53B,0.45,$0.43B,$0.23B,54.46%,$0.43B,$-0.12B,-28.64%,$0.43B,$-0.12B,-28.64%,$0.43B,$-0.03B,-5.87%,$0.43B,$-0.13B,-30.05%,$0.43B,$0.01B,3.05%,$0.01B,$0.53B,2.17%,$0.01B,$0.14B,13.20%,$0.01B,$1.05B,1.17%,$-0.12B,$0.77B,-14.56%,$119,$48,$71,$21,$29,$128,$-9,$-10,$-19,$4,$-23,$-23,$-27,$16,$-9,$45,45,$-0.60,$-0.60,$230,$0,$57,$448,$137,$45,$378,$911,$1590,$2037,$1121,$12,$348,$443,$1563,$0,$19,$-28,$474,$2037,$-68,$51,$23,$74,$1,$0,$-10,$2,$-26,$-20,$-5,$-5,$-802,$8,$0,$8,$-13,$-818,$896,$-29,$867,$4,$4,$0,$-24,$847,$12,$11,$0
6,2016-09-30,41.18,$13.93,2.96,$6.18,6.66,$1.88,21.86,$0.01,0.0,$0.41B,$0.16B,2.62,$0.24B,$0.63B,0.38,$0.27B,$0.14B,53.33%,$0.27B,$-0.17B,-63.33%,$0.27B,$-0.17B,-63.33%,$0.27B,$-0.08B,-29.26%,$0.27B,$-0.18B,-65.19%,$0.27B,$-0.05B,-18.52%,$-0.05B,$0.63B,-8.08%,$-0.05B,$0.10B,-39.60%,$-0.05B,$1.13B,-4.55%,$-0.17B,$0.87B,-19.94%,$86,$46,$40,$25,$39,$137,$-51,$-3,$-54,$-9,$-45,$-45,$-59,$-25,$-51,$44,44,$-1.33,$-1.33,$251,$0,$63,$465,$147,$46,$375,$926,$1583,$2048,$235,$1113,$121,$1327,$1562,$0,$46,$-38,$486,$2048,$-45,$26,$15,$41,$9,$0,$11,$-10,$-8,$-13,$-4,$-2,$-802,$4,$0,$4,$-3,$-807,$899,$-29,$870,$3,$3,$0,$-24,$850,$29,$8,$0
7,2016-06-30,31.86,$13.44,2.37,$6.59,4.83,$2.40,13.29,$0.05,637.2,$0.39B,$0.17B,2.26,$0.24B,$0.61B,0.4,$0.30B,$0.16B,53.16%,$0.30B,$-0.14B,-45.51%,$0.30B,$-0.14B,-45.51%,$0.30B,$-0.05B,-15.95%,$0.30B,$-0.14B,-47.18%,$0.30B,$-0.04B,-14.29%,$-0.04B,$0.61B,-7.05%,$-0.04B,$0.07B,-24.78%,$-0.04B,$1.12B,-4.11%,$-0.14B,$0.85B,-16.12%,$107,$51,$56,$30,$42,$159,$-52,$-1,$-53,$-14,$-38,$-38,$31,$-27,$-52,$44,44,$0.71,$0.71,$224,$0,$0,$370,$158,$47,$388,$9,$685,$1054,$183,$239,$8,$341,$525,$0,$108,$-42,$530,$1054,$-94,$98,$41,$139,$-14,$0,$-10,$90,$59,$105,$-43,$-8,$-59,$69,$0,$69,$0,$-40,$-4,$29,$25,$-24,$-24,$0,$-1,$-0,$64,$34,$0
8,2016-03-31,32.34,$13.92,2.32,$6.72,4.81,$2.19,14.79,$0.47,68.81,$0.39B,$0.17B,2.36,$0.24B,$0.63B,0.38,$0.32B,$0.17B,53.46%,$0.32B,$-0.10B,-31.45%,$0.32B,$-0.10B,-31.45%,$0.32B,$-0.02B,-5.97%,$0.32B,$-0.11B,-33.02%,$0.32B,$-0.04B,-11.32%,$-0.04B,$0.63B,-5.99%,$-0.04B,$0.09B,-15.67%,$-0.04B,$1.13B,-3.63%,$-0.10B,$0.87B,-11.87%,$120,$49,$71,$31,$29,$132,$-12,$-1,$-14,$-4,$-10,$-10,$3,$12,$-12,$44,44,$0.06,$0.06,$140,$0,$0,$406,$168,$4,$531,$14,$719,$1125,$155,$239,$20,$338,$494,$0,$196,$-32,$631,$1125,$-56,$73,$42,$115,$-62,$0,$-6,$61,$-27,$32,$-33,$-6,$-86,$64,$0,$64,$0,$-61,$-3,$38,$35,$-28,$-28,$0,$-1,$5,$-25,$24,$0
9,2015-12-31,35.23,$13.73,2.57,$7.74,4.55,$1.36,25.86,$0.87,40.49,$0.41B,$0.08B,5.08,$0.24B,$0.61B,0.39,$0.37B,$0.22B,58.18%,$0.37B,$-0.04B,-9.92%,$0.37B,$-0.04B,-9.92%,$0.37B,$0.04B,9.92%,$0.37B,$-0.04B,-10.99%,$0.37B,$0.00B,1.07%,$0.00B,$0.61B,0.69%,$0.00B,$0.25B,1.47%,$0.00B,$1.01B,0.43%,$-0.04B,$0.85B,-4.51%,$121,$48,$73,$28,$30,$134,$-13,$-1,$-14,$0,$-14,$-14,$8,$12,$-13,$43,43,$0.18,$0.18,$173,$0,$0,$386,$167,$14,$540,$15,$737,$1123,$170,$239,$23,$347,$517,$0,$188,$-35,$606,$1123,$-45,$48,$31,$80,$-26,$0,$0,$56,$19,$53,$-19,$-4,$-86,$9,$0,$9,$0,$-100,$-1,$47,$46,$-34,$-34,$0,$0,$11,$-37,$15,$0
10,2015-09-30,32.8,$13.52,2.43,$8.41,3.9,$0.88,37.15,$1.05,31.24,$0.40B,$0.07B,5.73,$0.24B,$0.60B,0.41,$0.40B,$0.26B,64.43%,$0.40B,$0.02B,4.73%,$0.40B,$0.02B,4.73%,$0.40B,$0.09B,21.64%,$0.40B,$0.01B,3.23%,$0.40B,$0.05B,12.44%,$0.05B,$0.60B,8.96%,$0.05B,$0.29B,17.95%,$0.05B,$0.92B,5.66%,$0.02B,$0.84B,2.37%,$78,$46,$32,$26,$26,$124,$-45,$-1,$-47,$-16,$-31,$-31,$-29,$-22,$-45,$43,43,$-0.68,$-0.68,$177,$0,$0,$390,$162,$18,$542,$16,$743,$1134,$165,$239,$20,$341,$506,$0,$194,$-29,$628,$1134,$-31,$24,$8,$32,$-23,$0,$8,$39,$23,$23,$-10,$-1,$-86,$4,$0,$4,$0,$-94,$-0,$50,$50,$-14,$-14,$0,$0,$36,$-35,$8,$0
11,2015-06-30,45.73,$13.05,3.5,$8.08,5.66,$0.85,53.5,$1.07,42.74,$0.43B,$0.07B,5.94,$0.24B,$0.57B,0.43,$0.38B,$0.25B,65.69%,$0.38B,$0.01B,3.46%,$0.38B,$0.01B,3.46%,$0.38B,$0.08B,20.21%,$0.38B,$0.01B,2.13%,$0.38B,$0.05B,13.03%,$0.05B,$0.57B,9.15%,$0.05B,$0.29B,18.30%,$0.05B,$0.90B,5.65%,$0.01B,$0.82B,1.67%,$-49,$-17,$-32,$24,$24,$52,$-101,$0,$-101,$-28,$-73,$-73,$-32,$-81,$-101,$42,42,$-0.77,$-0.70,$214,$0,$0,$407,$168,$20,$356,$10,$603,$1010,$80,$238,$4,$320,$400,$0,$201,$-39,$610,$1010,$-38,$74,$72,$146,$-20,$0,$-8,$12,$-17,$92,$-58,$-3,$-102,$-33,$0,$-33,$0,$-195,$-2,$0,$-2,$22,$22,$0,$-4,$15,$-88,$31,$0
12,2015-03-31,47.46,$12.38,3.83,$7.69,6.17,$0.36,132.61,$0.95,49.96,$0.38B,$0.06B,6.48,$0.24B,$0.54B,0.46,$0.34B,$0.23B,66.28%,$0.34B,$0.00B,0.88%,$0.34B,$0.00B,0.88%,$0.34B,$0.06B,18.48%,$0.34B,$-0.00B,-0.29%,$0.34B,$0.04B,12.32%,$0.04B,$0.54B,8.17%,$0.04B,$0.25B,16.36%,$0.04B,$0.85B,5.38%,$0.00B,$0.78B,0.43%,$151,$63,$87,$24,$21,$129,$22,$-2,$20,$11,$10,$10,$10,$43,$22,$42,48,$0.23,$0.21,$211,$0,$0,$404,$169,$16,$306,$18,$517,$922,$71,$244,$3,$255,$326,$0,$196,$-33,$596,$922,$35,$54,$10,$64,$-40,$0,$0,$7,$-23,$77,$-53,$-1,$-84,$-30,$0,$-30,$0,$-169,$-2,$0,$-2,$19,$19,$0,$-20,$-3,$-93,$21,$0
13,2014-12-31,41.86,$12.39,3.38,$7.28,5.75,$0.40,105.52,$0.91,46.0,$0.44B,$0.09B,5.04,$0.24B,$0.53B,0.45,$0.31B,$0.21B,66.99%,$0.31B,$-0.00B,-0.98%,$0.31B,$-0.00B,-0.98%,$0.31B,$0.05B,17.65%,$0.31B,$-0.01B,-1.63%,$0.31B,$0.04B,12.75%,$0.04B,$0.53B,7.85%,$0.04B,$0.28B,15.54%,$0.04B,$0.86B,5.55%,$-0.00B,$0.77B,-0.48%,$138,$55,$83,$22,$19,$114,$24,$-1,$23,$8,$15,$15,$15,$41,$24,$42,47,$0.36,$0.33,$242,$0,$0,$427,$164,$7,$281,$18,$475,$902,$72,$244,$3,$258,$330,$0,$186,$-33,$572,$902,$26,$33,$16,$49,$-20,$0,$3,$-4,$-12,$63,$-35,$0,$-59,$-20,$0,$-20,$0,$-114,$-1,$0,$-1,$13,$13,$0,$-21,$-9,$-60,$13,$0
14,2014-09-30,45.78,$11.92,3.84,$10.20,4.49,$0.26,179.04,$1.00,45.78,$0.44B,$0.11B,4.03,$0.24B,$0.51B,0.47,$0.42B,$0.25B,59.57%,$0.42B,$0.06B,14.66%,$0.42B,$0.06B,14.66%,$0.42B,$0.12B,27.90%,$0.42B,$0.06B,14.89%,$0.42B,$0.04B,9.69%,$0.04B,$0.51B,8.60%,$0.04B,$0.25B,17.63%,$0.04B,$0.86B,6.63%,$0.06B,$0.74B,11.41%,$133,$54,$79,$22,$21,$115,$18,$-1,$17,$7,$11,$11,$11,$34,$18,$42,47,$0.25,$0.23,$207,$0,$0,$379,$160,$2,$283,$19,$467,$846,$59,$244,$3,$253,$311,$0,$171,$-39,$535,$846,$11,$16,$6,$22,$-22,$0,$0,$2,$-32,$-0,$-24,$0,$-59,$-3,$0,$-3,$0,$-87,$-0,$0,$-0,$6,$6,$0,$-2,$4,$-83,$7,$0
15,2014-06-30,34.96,$11.64,3.0,$9.62,3.64,$-0.75,0.0,$0.87,40.18,$0.20B,$0.06B,3.49,$0.01B,$0.49B,0.02,$0.39B,$0.23B,59.02%,$0.39B,$0.06B,14.18%,$0.39B,$0.06B,14.18%,$0.39B,$0.11B,27.06%,$0.39B,$0.06B,14.43%,$0.39B,$0.04B,9.28%,$0.04B,$0.49B,7.91%,$0.04B,$0.25B,16.44%,$0.04B,$0.56B,6.79%,$0.06B,$0.50B,11.85%,$-20,$-29,$10,$20,$21,$26,$-45,$-1,$-47,$-19,$-27,$-27,$14,$-31,$-45,$40,40,$0.33,$0.35,$287,$0,$0,$442,$151,$3,$247,$19,$421,$863,$88,$239,$3,$246,$334,$0,$161,$-20,$529,$863,$39,$57,$33,$90,$-51,$0,$4,$-11,$-42,$87,$-74,$0,$-38,$-41,$0,$-41,$0,$-153,$228,$0,$228,$32,$32,$0,$-22,$238,$172,$29,$0
16,2014-03-31,34.29,$11.34,3.02,$9.21,3.72,$-0.94,0.0,$0.76,45.12,$0.18B,$0.05B,3.64,$0.01B,$0.47B,0.02,$0.37B,$0.22B,58.27%,$0.37B,$0.05B,12.74%,$0.37B,$0.05B,12.74%,$0.37B,$0.09B,24.93%,$0.37B,$0.05B,13.01%,$0.37B,$0.03B,8.40%,$0.03B,$0.47B,7.18%,$0.03B,$0.23B,15.56%,$0.03B,$0.53B,6.05%,$0.05B,$0.48B,10.66%,$125,$50,$75,$21,$21,$110,$16,$-1,$15,$5,$9,$9,$9,$32,$16,$41,44,$0.23,$0.22,$303,$0,$0,$441,$131,$2,$258,$20,$416,$857,$110,$239,$4,$243,$352,$0,$147,$-13,$505,$857,$25,$43,$19,$62,$-41,$0,$8,$-8,$-42,$45,$-25,$0,$-38,$-26,$0,$-26,$0,$-89,$229,$0,$229,$22,$22,$0,$-6,$245,$202,$20,$0
17,2013-12-31,31.07,$11.01,2.82,$8.79,3.53,$-0.36,0.0,$0.58,53.57,$0.16B,$0.06B,2.57,$0.01B,$0.45B,0.02,$0.35B,$0.20B,58.17%,$0.35B,$0.04B,10.03%,$0.35B,$0.04B,10.03%,$0.35B,$0.08B,21.78%,$0.35B,$0.04B,10.03%,$0.35B,$0.02B,6.59%,$0.02B,$0.45B,5.59%,$0.02B,$0.21B,12.78%,$0.02B,$0.53B,4.64%,$0.04B,$0.46B,8.32%,$103,$41,$62,$17,$17,$90,$14,$0,$14,$6,$8,$8,$8,$28,$14,$40,41,$0.21,$0.20,$80,$0,$0,$196,$103,$4,$240,$9,$360,$556,$56,$9,$4,$13,$69,$0,$138,$-0,$487,$556,$16,$26,$15,$41,$-22,$0,$-2,$-4,$-38,$19,$-16,$0,$-6,$-3,$0,$-3,$0,$-25,$-1,$0,$-1,$9,$9,$0,$1,$9,$3,$13,$0
18,2013-09-30,38.06,$10.34,3.68,$8.23,4.62,$0.03,1181.99,$0.28,135.93,$0.16B,$0.07B,2.23,$0.01B,$0.42B,0.02,$0.33B,$0.19B,57.85%,$0.33B,$0.02B,6.77%,$0.33B,$0.02B,6.77%,$0.33B,$0.06B,17.23%,$0.33B,$0.02B,6.46%,$0.33B,$0.01B,3.08%,$0.01B,$0.42B,2.54%,$0.01B,$0.19B,6.16%,$0.01B,$0.50B,2.08%,$0.02B,$0.43B,5.47%,$98,$40,$58,$16,$17,$86,$12,$0,$13,$5,$8,$8,$8,$25,$12,$40,41,$0.19,$0.19,$58,$0,$0,$175,$104,$4,$237,$10,$358,$534,$48,$9,$10,$19,$67,$0,$129,$0,$466,$534,$8,$12,$9,$22,$-29,$0,$-3,$1,$-41,$-11,$-8,$0,$0,$-1,$0,$-1,$0,$-9,$-0,$0,$-0,$4,$4,$0,$0,$4,$-16,$6,$0
19,2013-06-30,30.87,$9.83,3.14,$7.77,3.97,$0.82,37.74,$0.35,88.2,$0.16B,$0.08B,2.04,$0.01B,$0.39B,0.02,$0.30B,$0.18B,57.89%,$0.30B,$0.02B,7.89%,$0.30B,$0.02B,7.89%,$0.30B,$0.06B,18.09%,$0.30B,$0.02B,7.89%,$0.30B,$0.01B,3.95%,$0.01B,$0.39B,3.14%,$0.01B,$0.17B,6.97%,$0.01B,$0.49B,2.61%,$0.02B,$0.40B,6.14%,$97,$40,$57,$15,$17,$77,$20,$0,$21,$5,$16,$16,$16,$33,$20,$39,40,$0.41,$0.39,$73,$0,$0,$162,$106,$5,$240,$10,$365,$527,$63,$9,$7,$17,$79,$0,$122,$-1,$448,$527,$23,$41,$28,$69,$10,$0,$0,$-15,$-11,$81,$-73,$0,$-7,$6,$0,$6,$0,$-74,$-2,$0,$-2,$21,$21,$0,$1,$20,$27,$25,$0
20,2013-03-31,31.03,$9.72,3.19,$7.36,4.22,$0.79,39.46,$0.57,54.44,$0.16B,$0.07B,2.29,$0.01B,$0.38B,0.02,$0.29B,$0.17B,58.54%,$0.29B,$0.03B,11.50%,$0.29B,$0.03B,11.50%,$0.29B,$0.06B,21.60%,$0.29B,$0.03B,11.85%,$0.29B,$0.02B,7.32%,$0.02B,$0.38B,5.60%,$0.02B,$0.15B,11.28%,$0.02B,$0.47B,4.75%,$0.03B,$0.39B,8.58%,$90,$38,$52,$17,$16,$81,$9,$-0,$8,$5,$4,$4,$4,$19,$9,$39,40,$0.09,$0.09,$45,$0,$0,$162,$96,$6,$227,$10,$342,$504,$72,$9,$3,$12,$85,$0,$106,$-2,$419,$504,$7,$29,$9,$38,$0,$0,$3,$-3,$-12,$33,$-55,$0,$0,$7,$0,$7,$0,$-48,$-1,$0,$-1,$19,$19,$0,$-0,$18,$1,$18,$0
21,2012-12-31,21.09,$9.69,2.18,$7.00,3.01,$0.72,29.22,$0.70,30.13,$0.16B,$0.08B,2.13,$0.01B,$0.38B,0.03,$0.27B,$0.16B,57.66%,$0.27B,$0.04B,14.96%,$0.27B,$0.04B,14.96%,$0.27B,$0.07B,24.45%,$0.27B,$0.04B,15.33%,$0.27B,$0.03B,9.49%,$0.03B,$0.38B,7.09%,$0.03B,$0.14B,12.61%,$0.03B,$0.47B,6.11%,$0.04B,$0.38B,10.91%,$84,$36,$48,$16,$15,$78,$6,$0,$6,$3,$3,$3,$3,$15,$6,$39,40,$0.09,$0.09,$59,$0,$0,$161,$85,$2,$226,$4,$324,$485,$79,$9,$3,$12,$91,$0,$102,$-7,$394,$485,$4,$19,$10,$29,$1,$0,$3,$5,$0,$33,$-38,$0,$0,$6,$0,$6,$0,$-32,$-1,$0,$-1,$11,$11,$0,$0,$10,$10,$11,$0
22,2012-09-30,22.9,$9.62,2.38,$6.74,3.4,$0.86,26.49,$0.82,27.93,$0.20B,$0.04B,5.31,$0.01B,$0.37B,0.03,$0.26B,$0.15B,57.03%,$0.26B,$0.04B,15.59%,$0.26B,$0.04B,15.59%,$0.26B,$0.07B,24.71%,$0.26B,$0.04B,15.97%,$0.26B,$0.03B,12.17%,$0.03B,$0.37B,8.98%,$0.03B,$0.23B,14.16%,$0.03B,$0.42B,7.83%,$0.04B,$0.38B,11.21%,$78,$32,$46,$17,$15,$78,$0,$-0,$-0,$-1,$0,$0,$0,$9,$0,$38,39,$0.01,$0.01,$67,$0,$0,$160,$64,$1,$232,$4,$307,$467,$70,$9,$4,$13,$83,$0,$99,$-3,$384,$467,$0,$9,$5,$14,$6,$0,$-3,$9,$1,$15,$-11,$0,$0,$5,$0,$5,$0,$-6,$-1,$0,$-1,$7,$7,$0,$0,$6,$15,$5,$0
23,2012-06-30,18.47,$9.41,1.96,$6.50,2.84,$1.03,17.88,$0.75,24.63,$0.18B,$0.03B,5.48,$0.01B,$0.37B,0.03,$0.25B,$0.14B,55.73%,$0.25B,$0.04B,13.83%,$0.25B,$0.04B,13.83%,$0.25B,$0.06B,22.13%,$0.25B,$0.04B,14.23%,$0.25B,$0.03B,11.86%,$0.03B,$0.37B,8.74%,$0.03B,$0.22B,12.88%,$0.03B,$0.41B,7.59%,$0.04B,$0.38B,9.93%,$73,$31,$42,$14,$15,$67,$7,$0,$7,$3,$3,$3,$3,$13,$7,$38,39,$0.10,$0.08,$56,$0,$0,$159,$58,$1,$238,$3,$307,$467,$75,$10,$8,$17,$92,$0,$98,$-0,$375,$467,$27,$25,$23,$48,$-12,$0,$-2,$-7,$-19,$56,$-33,$0,$-105,$61,$0,$61,$0,$-77,$-1,$0,$-1,$-16,$-16,$0,$5,$-12,$-33,$20,$0
24,2012-03-31,31.92,$8.96,3.56,$6.20,5.15,$1.31,24.34,$0.50,63.84,$0.21B,$0.03B,6.27,$0.01B,$0.35B,0.03,$0.24B,$0.13B,53.94%,$0.24B,$0.03B,10.37%,$0.24B,$0.03B,10.37%,$0.24B,$0.04B,17.43%,$0.24B,$0.03B,10.37%,$0.24B,$0.02B,8.71%,$0.02B,$0.35B,6.34%,$0.02B,$0.23B,8.70%,$0.02B,$0.40B,5.46%,$0.03B,$0.36B,7.34%,$69,$29,$40,$13,$10,$58,$11,$-0,$11,$5,$6,$6,$6,$18,$11,$38,39,$0.16,$0.16,$118,$0,$0,$203,$49,$15,$142,$2,$219,$422,$38,$9,$1,$10,$48,$0,$95,$-0,$374,$422,$24,$18,$9,$27,$0,$0,$-3,$-10,$-16,$35,$-25,$0,$-27,$2,$0,$2,$0,$-50,$-1,$0,$-1,$-6,$-6,$0,$4,$-2,$-17,$14,$0
25,2011-12-31,30.21,$8.71,3.47,$5.93,5.09,$1.36,22.26,$0.36,83.92,$0.20B,$0.05B,4.37,$0.01B,$0.34B,0.03,$0.23B,$0.12B,53.28%,$0.23B,$0.02B,8.30%,$0.23B,$0.02B,8.30%,$0.23B,$0.03B,14.41%,$0.23B,$0.02B,8.30%,$0.23B,$0.02B,7.42%,$0.02B,$0.34B,5.31%,$0.02B,$0.22B,6.95%,$0.02B,$0.40B,4.51%,$0.02B,$0.34B,5.77%,$67,$27,$40,$13,$11,$52,$15,$1,$16,$4,$12,$12,$12,$22,$15,$38,39,$0.31,$0.31,$100,$0,$0,$183,$50,$23,$143,$2,$230,$413,$33,$9,$2,$12,$45,$0,$89,$-1,$368,$413,$17,$12,$11,$23,$-2,$0,$-5,$-11,$-24,$16,$-22,$0,$-26,$-5,$0,$-5,$0,$-54,$-0,$0,$-0,$1,$1,$0,$3,$3,$-34,$10,$0
26,2011-09-30,24.91,$8.43,2.96,$5.81,4.29,$0.83,30.05,$0.06,415.17,$0.23B,$0.04B,5.95,$0.01B,$0.32B,0.03,$0.22B,$0.11B,52.78%,$0.22B,$0.01B,4.17%,$0.22B,$0.01B,4.17%,$0.22B,$0.02B,10.19%,$0.22B,$0.01B,4.17%,$0.22B,$0.00B,1.85%,$0.00B,$0.32B,1.30%,$0.00B,$0.26B,1.60%,$0.00B,$0.37B,1.10%,$0.01B,$0.33B,2.83%,$65,$29,$36,$13,$10,$56,$8,$0,$8,$3,$5,$5,$5,$14,$8,$38,39,$0.14,$0.14,$130,$0,$0,$206,$37,$27,$117,$2,$194,$400,$33,$9,$8,$18,$51,$0,$77,$-0,$349,$400,$5,$6,$7,$13,$-1,$0,$-2,$-1,$-12,$7,$-5,$0,$-0,$1,$0,$1,$0,$-4,$-0,$0,$-0,$4,$4,$0,$-0,$3,$6,$5,$0
27,2011-06-30,31.73,$8.40,3.78,$5.65,5.62,$0.49,64.32,$0.02,1586.5,$0.23B,$0.04B,5.82,$0.01B,$0.32B,0.03,$0.20B,$0.10B,51.74%,$0.20B,$0.01B,3.48%,$0.20B,$0.01B,3.48%,$0.20B,$0.02B,8.96%,$0.20B,$0.01B,3.48%,$0.20B,$0.00B,1.00%,$0.00B,$0.32B,0.74%,$0.00B,$0.26B,0.94%,$0.00B,$0.37B,0.61%,$0.01B,$0.33B,2.49%,$62,$28,$34,$11,$13,$55,$7,$0,$7,$-1,$8,$8,$9,$11,$7,$37,39,$0.23,$0.24,$121,$0,$0,$198,$35,$32,$119,$2,$200,$399,$45,$9,$9,$19,$64,$0,$71,$-1,$335,$399,$15,$15,$22,$37,$-19,$0,$0,$2,$-10,$43,$-15,$0,$-56,$-75,$0,$-75,$0,$-145,$-1,$0,$-1,$-2,$-2,$0,$-5,$-8,$-111,$22,$0
28,2011-03-31,34.75,$8.07,4.31,$5.39,6.45,$0.42,83.45,$0.05,695.0,$0.25B,$0.03B,7.6,$0.01B,$0.31B,0.03,$0.18B,$0.09B,50.82%,$0.18B,$0.01B,3.83%,$0.18B,$0.01B,3.83%,$0.18B,$0.02B,9.29%,$0.18B,$0.01B,3.83%,$0.18B,$0.00B,1.09%,$0.00B,$0.31B,0.86%,$0.00B,$0.25B,1.07%,$0.00B,$0.37B,0.72%,$0.01B,$0.31B,2.90%,$59,$28,$31,$11,$11,$54,$5,$-0,$5,$1,$4,$4,$4,$9,$5,$38,39,$0.10,$0.09,$167,$0,$0,$228,$36,$23,$61,$2,$141,$369,$38,$9,$1,$10,$48,$0,$63,$-0,$321,$369,$7,$11,$14,$25,$-10,$0,$-1,$4,$-4,$28,$-12,$0,$-8,$-32,$0,$-32,$0,$-52,$-1,$0,$-1,$-6,$-6,$0,$-1,$-8,$-32,$16,$0
29,2010-12-31,26.71,$7.81,3.42,$5.11,5.22,$0.45,59.9,$0.14,190.79,$0.23B,$0.03B,9.1,$0.01B,$0.29B,0.03,$0.17B,$0.08B,49.70%,$0.17B,$0.01B,6.06%,$0.17B,$0.01B,6.06%,$0.17B,$0.02B,11.52%,$0.17B,$0.01B,6.06%,$0.17B,$0.00B,2.42%,$0.00B,$0.29B,2.06%,$0.00B,$0.24B,2.47%,$0.00B,$0.34B,1.73%,$0.01B,$0.30B,4.92%,$55,$26,$29,$10,$11,$50,$5,$0,$5,$1,$3,$3,$3,$8,$5,$38,39,$0.07,$0.06,$166,$0,$0,$231,$34,$22,$62,$2,$138,$370,$40,$9,$1,$10,$50,$0,$60,$0,$320,$370,$3,$7,$9,$16,$-12,$0,$1,$5,$-7,$13,$-7,$0,$-8,$-25,$0,$-25,$0,$-40,$-0,$0,$-0,$3,$3,$0,$-2,$1,$-27,$10,$0
30,2010-09-30,17.81,$5.46,3.26,$4.77,3.74,$0.82,21.72,$0.37,48.14,$0.11B,$0.03B,4.43,$0.01B,$0.17B,0.05,$0.15B,$0.07B,48.68%,$0.15B,$0.02B,12.50%,$0.15B,$0.02B,12.50%,$0.15B,$0.03B,17.76%,$0.15B,$0.02B,12.50%,$0.15B,$0.01B,8.55%,$0.01B,$0.17B,8.19%,$0.01B,$0.12B,9.49%,$0.01B,$0.22B,6.84%,$0.02B,$0.18B,11.31%,$53,$25,$28,$10,$10,$51,$2,$-0,$2,$1,$0,$0,$1,$5,$2,$37,38,$0.04,$0.04,$189,$0,$0,$245,$34,$12,$60,$2,$125,$370,$32,$9,$24,$33,$66,$0,$56,$-0,$305,$370,$0,$3,$5,$9,$-8,$0,$1,$9,$-2,$7,$-3,$0,$-3,$-7,$0,$-7,$0,$-13,$-0,$0,$-0,$7,$7,$0,$4,$11,$4,$5,$0
31,2010-06-30,18.97,$5.13,3.7,$4.45,4.26,$0.95,19.94,$0.42,45.17,$0.13B,$0.02B,8.92,$0.01B,$0.16B,0.06,$0.14B,$0.07B,48.94%,$0.14B,$0.02B,14.89%,$0.14B,$0.02B,14.89%,$0.14B,$0.03B,21.28%,$0.14B,$0.02B,14.89%,$0.14B,$0.01B,9.93%,$0.01B,$0.16B,9.33%,$0.01B,$0.15B,9.96%,$0.01B,$0.19B,7.97%,$0.02B,$0.17B,13.19%,$49,$24,$26,$9,$10,$52,$-3,$-0,$-3,$0,$-4,$-4,$-4,$-0,$-3,$32,33,$-0.11,$-0.11,$182,$0,$0,$229,$33,$8,$52,$3,$111,$340,$25,$9,$18,$27,$52,$0,$56,$-0,$288,$340,$4,$9,$14,$24,$-9,$0,$0,$-3,$-6,$22,$-15,$0,$-31,$-1,$0,$-1,$0,$-47,$-1,$0,$-1,$115,$115,$0,$2,$116,$90,$14,$0
32,2010-03-31,19.34,$4.92,3.93,$4.27,4.53,$0.88,21.93,$0.41,47.17,$0.13B,$0.02B,8.73,$0.01B,$0.15B,0.06,$0.14B,$0.07B,48.89%,$0.14B,$0.02B,15.56%,$0.14B,$0.02B,15.56%,$0.14B,$0.03B,22.22%,$0.14B,$0.02B,14.81%,$0.14B,$0.01B,10.37%,$0.01B,$0.15B,9.77%,$0.01B,$0.14B,10.49%,$0.01B,$0.18B,8.32%,$0.02B,$0.16B,13.77%,$44,$23,$21,$8,$10,$42,$3,$0,$3,$1,$2,$2,$2,$5,$3,$32,32,$0.05,$0.05,$65,$0,$0,$112,$26,$8,$59,$3,$109,$221,$25,$9,$13,$22,$47,$0,$60,$0,$174,$221,$8,$6,$10,$16,$-13,$0,$1,$-4,$-14,$10,$-7,$0,$-31,$-2,$0,$-2,$0,$-39,$-1,$0,$-1,$3,$3,$0,$1,$3,$-27,$9,$0
33,2009-12-31,15.81,$4.71,3.36,$4.12,3.83,$0.63,25.28,$0.39,40.54,$0.12B,$0.02B,7.94,$0.01B,$0.15B,0.06,$0.13B,$0.06B,48.46%,$0.13B,$0.02B,14.62%,$0.13B,$0.02B,14.62%,$0.13B,$0.03B,21.54%,$0.13B,$0.02B,13.85%,$0.13B,$0.01B,10.00%,$0.01B,$0.15B,9.51%,$0.01B,$0.14B,10.24%,$0.01B,$0.17B,8.07%,$0.02B,$0.16B,13.01%,$37,$19,$18,$5,$6,$32,$5,$-0,$5,$2,$3,$3,$3,$7,$5,$31,32,$0.09,$0.09,$94,$0,$0,$132,$26,$8,$9,$2,$54,$187,$15,$9,$2,$11,$26,$0,$58,$0,$161,$187,$6,$4,$6,$10,$-4,$0,$-0,$-2,$-8,$7,$-5,$0,$0,$-2,$0,$-2,$0,$-8,$-0,$0,$-0,$3,$3,$0,$1,$3,$2,$6,$0
34,2009-09-30,12.47,$4.49,2.78,$3.95,3.16,$0.74,16.86,$0.34,36.68,$0.12B,$0.01B,8.03,$0.01B,$0.14B,0.07,$0.13B,$0.06B,49.60%,$0.13B,$0.02B,13.60%,$0.13B,$0.02B,13.60%,$0.13B,$0.03B,20.80%,$0.13B,$0.02B,13.60%,$0.13B,$0.01B,8.80%,$0.01B,$0.14B,8.38%,$0.01B,$0.13B,9.07%,$0.01B,$0.16B,7.14%,$0.02B,$0.15B,12.16%,$35,$18,$17,$4,$6,$30,$5,$-0,$5,$2,$3,$3,$3,$7,$5,$31,32,$0.09,$0.09,$95,$0,$0,$129,$23,$8,$9,$1,$50,$179,$15,$9,$2,$11,$26,$0,$55,$0,$154,$179,$3,$2,$3,$5,$-3,$0,$1,$2,$-3,$4,$-1,$0,$0,$-3,$0,$-3,$0,$-3,$-0,$0,$-0,$1,$1,$0,$0,$1,$2,$3,$0
35,2009-06-30,12.27,$4.32,2.84,$3.73,3.29,$1.05,11.71,$0.31,39.58,$0.11B,$0.01B,8.47,$0.01B,$0.13B,0.07,$0.12B,$0.06B,50.00%,$0.12B,$0.02B,13.56%,$0.12B,$0.02B,13.56%,$0.12B,$0.02B,19.49%,$0.12B,$0.02B,13.56%,$0.12B,$0.01B,8.47%,$0.01B,$0.13B,7.91%,$0.01B,$0.12B,8.66%,$0.01B,$0.16B,6.85%,$0.02B,$0.14B,12.05%,$36,$17,$18,$4,$6,$30,$6,$-0,$6,$1,$5,$5,$5,$8,$6,$31,31,$0.15,$0.14,$92,$0,$0,$124,$24,$5,$10,$1,$49,$173,$16,$9,$1,$10,$26,$0,$52,$-0,$146,$173,$12,$8,$8,$17,$-1,$0,$0,$0,$1,$30,$-12,$0,$-0,$-1,$0,$-1,$0,$-13,$-0,$0,$-0,$1,$1,$0,$0,$1,$18,$8,$0
36,2009-03-31,12.26,$4.16,2.95,$3.49,3.51,$1.29,9.51,$0.31,39.55,$0.10B,$0.01B,9.07,$0.01B,$0.13B,0.07,$0.11B,$0.06B,50.45%,$0.11B,$0.02B,13.51%,$0.11B,$0.02B,13.51%,$0.11B,$0.02B,18.92%,$0.11B,$0.02B,14.41%,$0.11B,$0.01B,9.01%,$0.01B,$0.13B,8.00%,$0.01B,$0.12B,8.58%,$0.01B,$0.15B,7.09%,$0.02B,$0.14B,11.63%,$33,$17,$16,$3,$6,$28,$5,$-0,$5,$2,$3,$3,$3,$8,$5,$31,31,$0.10,$0.10,$82,$0,$0,$115,$24,$4,$10,$1,$49,$164,$14,$9,$1,$10,$25,$0,$48,$0,$139,$164,$8,$6,$5,$11,$-3,$0,$1,$1,$-2,$17,$-11,$0,$-0,$-1,$0,$-1,$0,$-11,$-0,$0,$-0,$1,$1,$0,$0,$1,$7,$6,$0
37,2008-12-31,10.66,$4.03,2.65,$3.41,3.12,$1.57,6.77,$0.37,28.81,$0.10B,$0.01B,8.06,$0.01B,$0.12B,0.05,$0.11B,$0.06B,52.73%,$0.11B,$0.02B,17.27%,$0.11B,$0.02B,17.27%,$0.11B,$0.02B,21.82%,$0.11B,$0.02B,18.18%,$0.11B,$0.01B,10.91%,$0.01B,$0.12B,9.49%,$0.01B,$0.11B,9.96%,$0.01B,$0.15B,8.62%,$0.02B,$0.13B,14.81%,$31,$15,$15,$3,$6,$26,$5,$-0,$4,$2,$3,$3,$3,$7,$5,$31,31,$0.08,$0.08,$76,$0,$0,$109,$25,$4,$10,$1,$48,$157,$13,$9,$1,$10,$23,$0,$45,$0,$134,$157,$5,$4,$4,$8,$-2,$0,$4,$-0,$-4,$9,$-9,$0,$0,$0,$0,$0,$0,$-9,$0,$0,$0,$1,$1,$0,$0,$1,$1,$4,$0
38,2008-09-30,9.41,$3.89,2.42,$3.54,2.66,$1.28,7.33,$0.48,19.6,$0.10B,$0.01B,9.1,$0.00B,$0.12B,0.0,$0.12B,$0.06B,53.91%,$0.12B,$0.03B,21.74%,$0.12B,$0.03B,21.74%,$0.12B,$0.03B,26.09%,$0.12B,$0.03B,23.48%,$0.12B,$0.02B,13.91%,$0.02B,$0.12B,12.57%,$0.02B,$0.11B,12.93%,$0.02B,$0.13B,11.62%,$0.03B,$0.12B,19.65%,$30,$15,$14,$3,$6,$26,$3,$0,$3,$1,$2,$2,$2,$5,$3,$31,31,$0.07,$0.07,$70,$0,$0,$103,$23,$4,$10,$1,$47,$150,$11,$9,$1,$10,$21,$0,$42,$0,$128,$150,$2,$2,$2,$4,$-3,$0,$-1,$1,$-5,$1,$-6,$0,$0,$0,$0,$0,$0,$-6,$0,$0,$0,$0,$0,$0,$0,$0,$-4,$2,$0
39,2008-06-30,9.03,$4.03,2.24,$3.72,2.42,$1.01,8.92,$0.65,13.89,$0.12B,$0.01B,15.95,$0.00B,$0.13B,0.0,$0.12B,$0.07B,55.28%,$0.12B,$0.03B,25.20%,$0.12B,$0.03B,25.20%,$0.12B,$0.04B,29.27%,$0.12B,$0.03B,27.64%,$0.12B,$0.02B,17.89%,$0.02B,$0.13B,17.43%,$0.02B,$0.13B,17.43%,$0.02B,$0.14B,16.09%,$0.03B,$0.13B,24.55%,$31,$15,$17,$4,$7,$27,$4,$0,$5,$2,$3,$3,$3,$6,$4,$32,32,$0.09,$0.09,$74,$0,$0,$104,$17,$4,$10,$1,$41,$145,$13,$7,$1,$8,$21,$0,$40,$0,$124,$145,$12,$7,$6,$13,$4,$0,$0,$-2,$1,$26,$-4,$0,$-18,$-3,$0,$-3,$0,$-25,$0,$0,$0,$-23,$-23,$0,$1,$-22,$-21,$7,$0
40,2008-03-31,20.03,$4.09,4.89,$3.93,5.1,$0.73,27.4,$0.73,27.44,$0.13B,$0.01B,15.7,$0.00B,$0.13B,0.0,$0.13B,$0.07B,56.15%,$0.13B,$0.04B,26.92%,$0.13B,$0.04B,26.92%,$0.13B,$0.04B,31.54%,$0.13B,$0.04B,30.00%,$0.13B,$0.02B,18.46%,$0.02B,$0.13B,19.88%,$0.02B,$0.13B,19.88%,$0.02B,$0.14B,18.22%,$0.04B,$0.13B,28.99%,$26,$14,$13,$3,$5,$23,$4,$0,$4,$2,$2,$2,$2,$5,$4,$31,31,$0.08,$0.07,$69,$0,$0,$100,$10,$4,$14,$1,$32,$132,$11,$0,$1,$1,$12,$0,$37,$-0,$120,$132,$9,$5,$5,$10,$6,$0,$-1,$-4,$-1,$18,$-2,$0,$-17,$-2,$0,$-2,$0,$-22,$0,$0,$0,$-23,$-23,$0,$2,$-21,$-25,$5,$0
41,2007-12-31,35.44,$3.89,9.12,$3.70,9.57,$0.55,64.08,$0.71,49.92,$0.13B,$0.01B,10.79,$0.00B,$0.13B,0.0,$0.12B,$0.07B,56.56%,$0.12B,$0.03B,27.05%,$0.12B,$0.03B,27.05%,$0.12B,$0.04B,32.79%,$0.12B,$0.04B,31.15%,$0.12B,$0.02B,19.67%,$0.02B,$0.13B,21.38%,$0.02B,$0.13B,21.38%,$0.02B,$0.14B,19.39%,$0.03B,$0.13B,29.40%,$24,$12,$12,$2,$5,$21,$4,$1,$4,$2,$3,$3,$3,$5,$4,$32,33,$0.08,$0.08,$93,$0,$0,$122,$9,$2,$0,$0,$15,$137,$8,$0,$1,$1,$8,$0,$35,$-0,$128,$137,$7,$3,$3,$6,$4,$0,$-1,$-5,$-4,$9,$-2,$0,$0,$-1,$0,$-1,$0,$-3,$0,$0,$0,$-10,$-10,$0,$1,$-9,$-2,$3,$0
42,2007-09-30,42.06,$3.56,11.82,$3.31,12.71,$0.49,85.4,$0.63,66.76,$0.11B,$0.01B,9.66,$0.00B,$0.12B,0.0,$0.11B,$0.06B,56.60%,$0.11B,$0.03B,27.36%,$0.11B,$0.03B,27.36%,$0.11B,$0.04B,33.02%,$0.11B,$0.03B,31.13%,$0.11B,$0.02B,19.81%,$0.02B,$0.12B,20.14%,$0.02B,$0.12B,20.14%,$0.02B,$0.13B,18.22%,$0.03B,$0.12B,27.82%,$29,$13,$16,$2,$5,$23,$7,$1,$7,$3,$4,$4,$4,$8,$7,$33,33,$0.13,$0.13,$102,$0,$0,$130,$9,$0,$0,$0,$13,$143,$8,$0,$1,$1,$9,$0,$33,$0,$134,$143,$4,$1,$1,$3,$1,$0,$-1,$0,$-2,$5,$-0,$0,$0,$1,$0,$1,$0,$1,$0,$0,$0,$1,$1,$0,$1,$1,$7,$2,$0
43,2007-06-30,29.34,$3.28,8.94,$2.86,10.25,$0.36,80.74,$0.49,59.88,$0.10B,$0.01B,9.2,$0.00B,$0.11B,0.0,$0.09B,$0.05B,56.04%,$0.09B,$0.02B,25.27%,$0.09B,$0.02B,25.27%,$0.09B,$0.03B,31.87%,$0.09B,$0.03B,29.67%,$0.09B,$0.02B,17.58%,$0.02B,$0.11B,16.33%,$0.02B,$0.11B,16.33%,$0.02B,$0.12B,14.78%,$0.02B,$0.11B,23.47%,$36,$16,$21,$3,$6,$26,$10,$1,$12,$5,$7,$7,$7,$12,$10,$32,33,$0.20,$0.20,$95,$0,$0,$125,$10,$1,$0,$0,$14,$139,$12,$0,$1,$1,$12,$0,$28,$0,$127,$139,$24,$5,$2,$8,$-10,$0,$6,$-4,$-8,$23,$-10,$0,$0,$2,$0,$2,$0,$-8,$-1,$0,$-1,$2,$2,$0,$3,$4,$19,$3,$0
44,2007-03-31,17.4,$3.09,5.63,$2.58,6.74,$0.39,44.13,$0.38,45.79,$0.10B,$0.01B,9.22,$0.00B,$0.10B,0.0,$0.08B,$0.04B,54.55%,$0.08B,$0.02B,22.08%,$0.08B,$0.02B,22.08%,$0.08B,$0.02B,28.57%,$0.08B,$0.02B,25.97%,$0.08B,$0.01B,15.58%,$0.01B,$0.10B,13.11%,$0.01B,$0.10B,13.11%,$0.01B,$0.11B,11.88%,$0.02B,$0.10B,18.58%,$34,$16,$19,$3,$5,$25,$10,$1,$11,$3,$8,$8,$8,$11,$10,$32,34,$0.25,$0.24,$85,$0,$0,$113,$10,$3,$0,$0,$15,$128,$12,$0,$1,$1,$12,$0,$22,$0,$116,$128,$17,$4,$2,$6,$-8,$0,$1,$-0,$-6,$17,$-9,$0,$0,$0,$0,$0,$0,$-9,$-1,$0,$-1,$1,$1,$0,$0,$1,$9,$2,$0
