,Date,Stock Price,Book Value per Share,Price to Book Ratio,TTM Sales per Share,Price to Sales Ratio,TTM FCF per Share,Price to FCF Ratio,TTM Net EPS,PE Ratio,Current Assets,Current Liabilities,Current Ratio,Long Term Debt,Shareholder's Equity_x,Debt to Equity Ratio,TTM Revenue_x,TTM Gross Profit,Gross Margin,TTM Revenue_y,TTM Operating Income,Operating Margin,TTM Revenue_x,TTM EBIT,EBIT Margin,TTM Revenue_y,TTM EBITDA,EBITDA Margin,TTM Revenue_x,TTM Pre-Tax Income,Pre-Tax Margin,TTM Revenue_y,TTM Net Income_x,Net Margin,TTM Net Income_y,Shareholder's Equity_y,Return on Equity,TTM Net Income_x,Tangible Equity,Return on Tangible Equity,TTM Net Income_y,Total Assets,Return on Assets,TTM Net Income,LT Investments & Debt,Return on Investment,revenue,cost-goods-sold,gross-profit,research-development-expenses,selling-general-administrative-expenses,operating-expenses,operating-income,total-non-operating-income-expense,pre-tax-income,total-provision-income-taxes,income-after-taxes,income-from-continuous-operations,net-income,ebitda,ebit,basic-shares-outstanding,shares-outstanding,eps-basic-net-earnings-per-share,eps-earnings-per-share-diluted,cash-on-hand,inventory,other-current-assets,total-current-assets,net-property-plant-equipment,long-term-investments,goodwill-intangible-assets-total,other-long-term-assets,total-long-term-assets,total-assets,total-current-liabilities,long-term-debt,other-non-current-liabilities,total-long-term-liabilities,total-liabilities,common-stock-net,retained-earnings-accumulated-deficit,comprehensive-income,total-share-holder-equity,total-liabilities-share-holders-equity,net-income-loss,total-depreciation-amortization-cash-flow,other-non-cash-items,total-non-cash-items,change-in-accounts-receivable,change-in-inventories,change-in-accounts-payable,change-in-assets-liabilities,total-change-in-assets-liabilities,cash-flow-from-operating-activities,net-change-in-property-plant-equipment,net-change-in-intangible-assets,net-acquisitions-divestitures,net-change-in-short-term-investments,net-change-in-long-term-investments,net-change-in-investments-total,investing-activities-other,cash-flow-from-investing-activities,net-long-term-debt,net-current-debt,debt-issuance-retirement-net-total,net-common-equity-issued-repurchased,net-total-equity-issued-repurchased,total-common-preferred-stock-dividends-paid,financial-activities-other,cash-flow-from-financial-activities,net-cash-flow,stock-based-compensation,common-stock-dividends-paid
0,2018-09-30,8.08,$2.67,3.02,$0.10,78.81,$-6.61,0.0,$-2.33,0.0,$0.10B,$0.02B,5.63,$0.00B,$0.06B,0.0,$0.00B,$0.00B,100.00%,$0.00B,$-0.08B,-7600.00%,$0.00B,$-0.08B,-7600.00%,$0.00B,$-0.08B,-7600.00%,$0.00B,$-0.07B,-7300.00%,$0.00B,$-0.07B,-7300.00%,$-0.07B,$0.06B,-89.85%,$-0.07B,$0.06B,-89.85%,$-0.07B,$0.10B,-63.76%,$-0.08B,$0.06B,-93.54%,$0,$0,$0,$14,$4,$18,$-18,$1,$-17,$0,$-17,$-17,$-17,$-18,$-18,$25,25,$-0.68,$-0.68,$90,$0,$0,$96,$0,$0,$0,$0,$1,$96,$17,$0,$0,$15,$32,$0,$-421,$-0,$64,$96,$-55,$-0,$5,$4,$0,$0,$1,$-4,$-3,$-53,$-0,$0,$0,$36,$0,$36,$0,$35,$0,$0,$0,$10,$10,$0,$-0,$10,$-8,$5,$0
1,2018-06-30,7.02,$3.10,2.27,$0.10,69.26,$-6.06,0.0,$-3.01,0.0,$0.11B,$0.02B,5.43,$0.00B,$0.07B,0.0,$0.00B,$0.00B,100.00%,$0.00B,$-0.07B,-7300.00%,$0.00B,$-0.07B,-7300.00%,$0.00B,$-0.07B,-7300.00%,$0.00B,$-0.07B,-7100.00%,$0.00B,$-0.07B,-7100.00%,$-0.07B,$0.07B,-79.33%,$-0.07B,$0.07B,-79.33%,$-0.07B,$0.11B,-58.44%,$-0.07B,$0.07B,-81.56%,$0,$0,$0,$15,$4,$19,$-19,$1,$-18,$0,$-18,$-18,$-18,$-19,$-19,$25,25,$-0.74,$-0.74,$98,$0,$0,$105,$0,$0,$0,$0,$1,$105,$19,$0,$0,$16,$35,$0,$-403,$-0,$70,$105,$-38,$-0,$3,$3,$0,$0,$3,$-4,$-0,$-35,$-0,$0,$0,$32,$0,$32,$0,$32,$0,$0,$0,$0,$0,$0,$-0,$0,$-3,$3,$0
2,2018-03-31,14.23,$3.52,4.04,$0.10,139.98,$-5.89,0.0,$-2.97,0.0,$0.12B,$0.02B,7.06,$0.00B,$0.09B,0.0,$0.00B,$0.00B,100.00%,$0.00B,$-0.07B,-6800.00%,$0.00B,$-0.07B,-6800.00%,$0.00B,$-0.07B,-6800.00%,$0.00B,$-0.07B,-6700.00%,$0.00B,$-0.07B,-6700.00%,$-0.07B,$0.09B,-67.51%,$-0.07B,$0.09B,-67.51%,$-0.07B,$0.12B,-51.94%,$-0.07B,$0.09B,-68.51%,$0,$0,$0,$15,$5,$20,$-20,$0,$-19,$0,$-19,$-19,$-19,$-20,$-20,$24,24,$-0.79,$-0.79,$113,$0,$0,$119,$0,$0,$0,$0,$1,$120,$17,$0,$0,$16,$33,$0,$-385,$-0,$87,$120,$-19,$-0,$1,$1,$0,$0,$0,$-3,$-2,$-20,$-0,$0,$0,$13,$0,$13,$0,$13,$0,$0,$0,$0,$0,$0,$-0,$0,$-7,$1,$0
3,2017-12-31,8.76,$4.28,2.05,$0.10,85.13,$-5.77,0.0,$-2.89,0.0,$0.13B,$0.02B,8.45,$0.00B,$0.10B,0.0,$0.00B,$0.00B,100.00%,$0.00B,$-0.06B,-6100.00%,$0.00B,$-0.06B,-6100.00%,$0.00B,$-0.06B,-6100.00%,$0.00B,$-0.06B,-6100.00%,$0.00B,$-0.06B,-6100.00%,$-0.06B,$0.10B,-63.71%,$-0.06B,$0.10B,-63.71%,$-0.06B,$0.14B,-49.39%,$-0.06B,$0.10B,-63.71%,$1,$0,$1,$17,$4,$21,$-19,$0,$-19,$0,$-19,$-19,$-19,$-19,$-19,$21,21,$-0.81,$-0.81,$130,$0,$0,$133,$0,$3,$0,$0,$4,$137,$16,$0,$0,$17,$33,$0,$-366,$-0,$104,$137,$-61,$0,$5,$6,$0,$0,$-0,$3,$8,$-47,$-0,$0,$0,$-17,$0,$-17,$0,$-17,$0,$0,$0,$76,$76,$0,$0,$76,$11,$5,$0
4,2017-09-30,11.7,$4.33,2.7,$0.07,174.76,$-5.93,0.0,$-2.68,0.0,$0.12B,$0.01B,8.73,$0.00B,$0.10B,0.0,$0.00B,0,nan%,$0.00B,$-0.05B,inf%,$0.00B,$-0.05B,inf%,$0.00B,$-0.05B,inf%,$0.00B,$-0.05B,inf%,$0.00B,$-0.05B,inf%,$-0.05B,$0.10B,-58.40%,$-0.05B,$0.10B,-58.40%,$-0.05B,$0.12B,-45.49%,$-0.05B,$0.10B,-58.40%,$0,$0,$0,$12,$4,$16,$-15,$0,$-15,$0,$-15,$-15,$-15,$-15,$-15,$22,22,$-0.68,$-0.68,$121,$0,$0,$124,$0,$0,$0,$0,$1,$124,$14,$0,$0,$14,$28,$0,$-347,$0,$97,$124,$-42,$0,$4,$4,$0,$0,$-0,$-1,$3,$-35,$-0,$0,$0,$-19,$0,$-19,$0,$-19,$0,$0,$0,$50,$50,$0,$-0,$50,$-3,$4,$0
5,2017-06-30,13.97,$4.92,2.84,$0.07,198.8,$-5.77,0.0,$-2.84,0.0,$0.13B,$0.01B,11.66,$0.00B,$0.11B,0.0,$0.00B,0,nan%,$0.00B,$-0.05B,inf%,$0.00B,$-0.05B,inf%,$0.00B,$-0.05B,inf%,$0.00B,$-0.05B,inf%,$0.00B,$-0.05B,inf%,$-0.05B,$0.11B,-58.89%,$-0.05B,$0.11B,-58.89%,$-0.05B,$0.14B,-46.09%,$-0.05B,$0.11B,-58.89%,$0,$0,$0,$10,$4,$14,$-14,$0,$-14,$0,$-14,$-14,$-14,$-14,$-14,$19,19,$-0.70,$-0.70,$130,$0,$0,$134,$0,$0,$0,$0,$0,$135,$12,$0,$0,$14,$25,$0,$-332,$0,$109,$135,$-27,$0,$3,$3,$0,$0,$1,$-2,$-1,$-24,$0,$0,$0,$-26,$0,$-26,$0,$-26,$0,$0,$0,$49,$49,$0,$-0,$49,$-1,$3,$0
6,2017-03-31,13.72,$3.98,3.45,$0.07,191.1,$-5.27,0.0,$-2.61,0.0,$0.10B,$0.01B,8.83,$0.00B,$0.07B,0.0,$0.00B,0,nan%,$0.00B,$-0.05B,inf%,$0.00B,$-0.05B,inf%,$0.00B,$-0.05B,inf%,$0.00B,$-0.05B,inf%,$0.00B,$-0.05B,inf%,$-0.05B,$0.07B,-52.66%,$-0.05B,$0.07B,-52.66%,$-0.05B,$0.10B,-41.50%,$-0.05B,$0.07B,-53.78%,$0,$0,$0,$10,$4,$13,$-13,$0,$-13,$0,$-13,$-13,$-13,$-13,$-13,$18,18,$-0.71,$-0.71,$93,$0,$0,$97,$0,$0,$0,$0,$1,$98,$11,$0,$0,$14,$25,$0,$-318,$-0,$73,$98,$-13,$0,$1,$1,$0,$0,$0,$-1,$-1,$-13,$0,$0,$0,$11,$0,$11,$0,$11,$0,$0,$0,$0,$0,$0,$-0,$0,$-2,$1,$0
7,2016-12-31,7.17,$4.62,1.55,$0.12,58.67,$-6.02,0.0,$-4.75,0.0,$0.11B,$0.01B,10.47,$0.00B,$0.08B,0.0,$0.00B,0,nan%,$0.00B,$-0.04B,inf%,$0.00B,$-0.04B,inf%,$0.00B,$-0.04B,inf%,$0.00B,$-0.04B,inf%,$0.00B,$-0.05B,inf%,$-0.05B,$0.08B,-47.24%,$-0.05B,$0.08B,-47.24%,$-0.05B,$0.11B,-38.29%,$-0.04B,$0.08B,-44.22%,$0,$0,$0,$8,$3,$11,$-11,$0,$-11,$0,$-11,$-11,$-11,$-11,$-11,$15,15,$0.94,$0.94,$105,$0,$0,$109,$0,$0,$0,$0,$1,$109,$10,$0,$0,$15,$25,$0,$-305,$0,$84,$109,$-44,$-0,$6,$6,$0,$0,$1,$-3,$3,$-35,$-0,$0,$0,$-18,$0,$-18,$-0,$-18,$0,$0,$0,$54,$54,$0,$-0,$54,$1,$5,$0
