,Date,Stock Price,Book Value per Share,Price to Book Ratio,TTM Sales per Share,Price to Sales Ratio,TTM FCF per Share,Price to FCF Ratio,TTM Net EPS,PE Ratio,Current Assets,Current Liabilities,Current Ratio,Long Term Debt,Shareholder's Equity_x,Debt to Equity Ratio,TTM Revenue_x,TTM Gross Profit,Gross Margin,TTM Revenue_y,TTM Operating Income,Operating Margin,TTM Revenue_x,TTM EBIT,EBIT Margin,TTM Revenue_y,TTM EBITDA,EBITDA Margin,TTM Revenue_x,TTM Pre-Tax Income,Pre-Tax Margin,TTM Revenue_y,TTM Net Income_x,Net Margin,TTM Net Income_y,Shareholder's Equity_y,Return on Equity,TTM Net Income_x,Tangible Equity,Return on Tangible Equity,TTM Net Income_y,Total Assets,Return on Assets,TTM Net Income,LT Investments & Debt,Return on Investment,revenue,cost-goods-sold,gross-profit,research-development-expenses,selling-general-administrative-expenses,operating-expenses,operating-income,total-non-operating-income-expense,pre-tax-income,total-provision-income-taxes,income-after-taxes,income-from-continuous-operations,net-income,ebitda,ebit,basic-shares-outstanding,shares-outstanding,eps-basic-net-earnings-per-share,eps-earnings-per-share-diluted,cash-on-hand,inventory,other-current-assets,total-current-assets,net-property-plant-equipment,long-term-investments,goodwill-intangible-assets-total,other-long-term-assets,total-long-term-assets,total-assets,total-current-liabilities,long-term-debt,other-non-current-liabilities,total-long-term-liabilities,total-liabilities,common-stock-net,retained-earnings-accumulated-deficit,comprehensive-income,total-share-holder-equity,total-liabilities-share-holders-equity,net-income-loss,total-depreciation-amortization-cash-flow,other-non-cash-items,total-non-cash-items,change-in-accounts-receivable,change-in-inventories,change-in-accounts-payable,change-in-assets-liabilities,total-change-in-assets-liabilities,cash-flow-from-operating-activities,net-change-in-property-plant-equipment,net-change-in-intangible-assets,net-acquisitions-divestitures,net-change-in-short-term-investments,net-change-in-long-term-investments,net-change-in-investments-total,investing-activities-other,cash-flow-from-investing-activities,net-long-term-debt,net-current-debt,debt-issuance-retirement-net-total,net-common-equity-issued-repurchased,net-total-equity-issued-repurchased,total-common-preferred-stock-dividends-paid,financial-activities-other,cash-flow-from-financial-activities,net-cash-flow,stock-based-compensation,common-stock-dividends-paid
0,2018-09-30,60.65,$0.00,0.0,$61.28,0.99,$12.74,4.76,$4.71,12.88,$51.69B,$56.09B,0.92,$4.59B,$36.12B,0.13,$79.23B,$32.44B,40.95%,$79.23B,$7.31B,9.22%,$79.23B,$7.31B,9.22%,$79.23B,$10.58B,13.35%,$79.23B,$8.25B,10.42%,$79.23B,$6.15B,7.76%,$6.15B,$36.12B,17.89%,$6.15B,$26.46B,24.97%,$6.15B,$182.93B,3.48%,$7.31B,$40.71B,18.46%,$19645,$11005,$8640,$0,$3574,$17489,$2156,$62,$2218,$533,$1684,$1684,$1557,$2909,$2156,$1269,1297,$1.23,$1.20,$25889,$7332,$0,$51693,$6677,$101750,$9663,$6804,$131236,$182929,$56086,$4591,$78680,$90725,$146811,$7847,$16459,$-5363,$36118,$182929,$3816,$1546,$-825,$722,$-1673,$-1064,$2727,$301,$291,$3697,$-1291,$0,$742,$0,$-4011,$-4011,$-192,$-4752,$-408,$0,$-408,$0,$0,$-171,$576,$-2,$-424,$0,$-171
1,2018-06-30,51.26,$0.00,0.0,$60.54,0.85,$11.88,4.32,$4.41,11.62,$48.67B,$53.06B,0.92,$5.25B,$35.55B,0.15,$78.15B,$31.25B,39.99%,$78.15B,$6.99B,8.94%,$78.15B,$6.99B,8.94%,$78.15B,$10.29B,13.16%,$78.15B,$7.82B,10.01%,$78.15B,$5.77B,7.39%,$5.77B,$35.55B,17.51%,$5.77B,$25.71B,24.97%,$5.77B,$179.98B,3.33%,$6.99B,$40.80B,18.24%,$17973,$10235,$7738,$0,$3218,$16179,$1794,$1077,$2871,$692,$2179,$2179,$2083,$2587,$1794,$1267,1295,$1.64,$1.61,$25287,$6372,$0,$48671,$6853,$101882,$9840,$6392,$131312,$179983,$53063,$5254,$78412,$91373,$144436,$8006,$15408,$-5653,$35547,$179983,$2179,$793,$-871,$-78,$-424,$-66,$1010,$-1140,$-619,$890,$-637,$0,$-2458,$0,$1318,$1318,$-38,$-1816,$-1427,$1179,$-248,$0,$0,$-175,$220,$-203,$-721,$0,$-175
2,2018-03-31,48.34,$25.94,1.86,$59.63,0.81,$11.67,4.14,$3.37,14.34,$46.59B,$50.59B,0.92,$5.61B,$32.82B,0.17,$76.90B,$30.20B,39.28%,$76.90B,$6.61B,8.60%,$76.90B,$6.61B,8.60%,$76.90B,$9.87B,12.83%,$76.90B,$6.29B,8.18%,$76.90B,$4.42B,5.74%,$4.42B,$32.82B,14.09%,$4.42B,$23.31B,20.56%,$4.42B,$171.59B,2.61%,$6.61B,$38.44B,17.99%,$17826,$11236,$6591,$0,$3858,$17592,$235,$-124,$111,$122,$-12,$-12,$-122,$1190,$235,$1264,1292,$-0.10,$-0.10,$24866,$6236,$0,$46585,$6655,$96805,$9519,$5875,$125005,$171590,$50585,$5611,$74887,$88181,$138765,$7791,$12963,$-5551,$32824,$171590,$4926,$3253,$3104,$6357,$-720,$-464,$-791,$1270,$-705,$11295,$-1822,$0,$402,$0,$-5879,$-5879,$-101,$-7400,$725,$316,$1041,$0,$0,$-256,$1433,$2218,$5636,$0,$-256
3,2017-12-31,44.82,$0.00,0.0,$59.54,0.75,$7.87,5.7,$3.68,12.18,$49.49B,$53.59B,0.92,$5.29B,$33.06B,0.16,$76.73B,$30.20B,39.36%,$76.73B,$7.27B,9.47%,$76.73B,$7.27B,9.47%,$76.73B,$10.37B,13.52%,$76.73B,$7.00B,9.12%,$76.73B,$4.80B,6.25%,$4.80B,$33.06B,15.77%,$4.80B,$23.07B,23.55%,$4.80B,$172.84B,2.87%,$7.27B,$38.35B,20.18%,$23784,$14311,$9473,$0,$3698,$20661,$3122,$-69,$3054,$251,$2802,$2802,$2633,$3891,$3122,$1262,1288,$2.08,$2.04,$22700,$6708,$0,$49491,$7045,$93954,$9998,$6245,$123353,$172844,$53594,$5288,$73365,$86187,$139781,$7690,$13138,$-5120,$33063,$172844,$4914,$2298,$957,$3255,$-4346,$-792,$805,$2224,$-2108,$5877,$-1555,$0,$397,$0,$-3795,$-3795,$-93,$-5046,$643,$649,$1292,$0,$0,$-247,$1315,$2360,$3282,$0,$-247
4,2017-09-30,37.23,$0.00,0.0,$57.12,0.65,$4.93,7.56,$1.78,20.92,$46.09B,$53.42B,0.86,$5.29B,$30.43B,0.17,$73.61B,$28.51B,38.73%,$73.61B,$4.94B,6.71%,$73.61B,$4.94B,6.71%,$73.61B,$7.72B,10.49%,$73.61B,$4.51B,6.13%,$73.61B,$2.34B,3.17%,$2.34B,$30.43B,8.10%,$2.34B,$20.39B,12.35%,$2.34B,$169.17B,1.44%,$4.94B,$35.72B,14.28%,$18563,$11112,$7451,$0,$3477,$16725,$1838,$-51,$1787,$502,$1285,$1285,$1178,$2618,$1838,$1262,1288,$0.93,$0.91,$19264,$8376,$0,$46086,$6876,$93951,$10041,$6262,$123088,$169174,$53420,$5291,$72462,$85328,$138748,$7759,$10623,$-5313,$30426,$169174,$2135,$1530,$852,$2382,$2782,$-2451,$-1780,$-624,$-2073,$2397,$-1111,$0,$168,$0,$-2837,$-2837,$74,$-3706,$505,$503,$1008,$0,$0,$-114,$721,$1616,$366,$0,$-114
5,2017-06-30,37.97,$0.00,0.0,$56.65,0.67,$2.96,12.81,$0.92,41.27,$41.93B,$49.84B,0.84,$5.41B,$29.10B,0.19,$71.77B,$27.39B,38.17%,$71.77B,$3.56B,4.96%,$71.77B,$3.56B,4.96%,$71.77B,$6.44B,8.97%,$71.77B,$3.13B,4.36%,$71.77B,$1.21B,1.68%,$1.21B,$29.10B,4.23%,$1.21B,$19.18B,6.60%,$1.21B,$163.24B,0.75%,$3.56B,$34.51B,10.30%,$16723,$10036,$6687,$0,$3216,$15305,$1418,$-78,$1340,$490,$850,$850,$728,$2168,$1418,$1263,1290,$0.58,$0.56,$18748,$6553,$0,$41931,$6814,$92622,$9919,$6072,$121313,$163244,$49843,$5414,$71308,$84302,$134145,$7752,$9587,$-5464,$29099,$163244,$850,$749,$237,$986,$-616,$-750,$1207,$-1216,$-1375,$460,$-481,$0,$84,$0,$-1477,$-1477,$133,$-1740,$604,$636,$1240,$0,$0,$-114,$365,$1491,$216,$0,$-114
6,2017-03-31,33.53,$23.07,1.45,$55.91,0.6,$2.31,14.5,$0.52,64.49,$40.51B,$48.56B,0.83,$6.34B,$29.16B,0.22,$70.71B,$26.51B,37.49%,$70.71B,$2.69B,3.80%,$70.71B,$2.69B,3.80%,$70.71B,$5.73B,8.10%,$70.71B,$2.34B,3.31%,$70.71B,$0.68B,0.96%,$0.68B,$29.16B,2.38%,$0.68B,$18.87B,3.76%,$0.68B,$164.24B,0.42%,$2.69B,$35.50B,7.75%,$17658,$11066,$6592,$0,$3824,$16768,$890,$-76,$814,$404,$410,$410,$260,$1693,$890,$1262,1288,$0.21,$0.20,$18708,$5960,$0,$40508,$7051,$94040,$10293,$6141,$123735,$164243,$48562,$6338,$72357,$86522,$135084,$8004,$9155,$-5755,$29159,$164243,$1186,$3042,$4052,$7093,$-349,$104,$-13,$115,$-143,$7526,$-2980,$0,$30,$0,$-8784,$-8784,$72,$-11662,$-61,$2956,$2894,$0,$0,$-235,$1547,$4206,$-218,$0,$-235
7,2016-12-31,27.79,$21.09,1.32,$54.27,0.51,$1.42,19.51,$-0.29,0.0,$39.65B,$46.21B,0.86,$6.06B,$26.61B,0.23,$68.23B,$25.27B,37.03%,$68.23B,$1.03B,1.50%,$68.23B,$1.03B,1.50%,$68.23B,$4.27B,6.25%,$68.23B,$0.70B,1.03%,$68.23B,$-0.31B,-0.45%,$-0.31B,$26.61B,-1.11%,$-0.31B,$17.21B,-1.77%,$-0.31B,$152.54B,-0.20%,$1.03B,$32.68B,3.07%,$20668,$12888,$7780,$0,$3549,$19872,$796,$-225,$571,$319,$252,$252,$169,$1241,$796,$1262,1288,$0.13,$0.13,$15514,$5872,$0,$39652,$6627,$85654,$9403,$5688,$112892,$152544,$46206,$6064,$66010,$79724,$125930,$7414,$8356,$-5557,$26614,$152544,$714,$2238,$2893,$5131,$-3215,$-161,$756,$319,$-2301,$2700,$-2166,$0,$28,$0,$-6247,$-6247,$-76,$-8461,$627,$2027,$2654,$0,$0,$-218,$1597,$4033,$-1827,$0,$-218
8,2016-09-30,32.92,$0.00,0.0,$54.98,0.6,$1.57,21.02,$0.36,91.45,$40.23B,$48.65B,0.83,$6.48B,$29.02B,0.22,$69.07B,$25.47B,36.87%,$69.07B,$1.91B,2.77%,$69.07B,$1.91B,2.77%,$69.07B,$5.47B,7.92%,$69.07B,$1.74B,2.52%,$69.07B,$0.52B,0.76%,$0.52B,$29.02B,1.85%,$0.52B,$17.83B,2.98%,$0.52B,$166.38B,0.35%,$1.91B,$35.51B,5.64%,$16722,$10389,$6333,$0,$3350,$16269,$453,$-52,$401,$232,$169,$169,$48,$1338,$453,$1200,1200,$0.04,$0.04,$14361,$8539,$0,$40234,$7534,$95534,$11197,$5785,$126146,$166380,$48645,$6484,$73452,$88711,$137356,$8513,$9403,$-7555,$29024,$166380,$530,$1793,$2147,$3940,$-1531,$-2540,$2115,$-2315,$-4271,$807,$-1964,$0,$32,$0,$-4586,$-4586,$-92,$-6610,$621,$1224,$1845,$0,$0,$-125,$94,$1814,$-4539,$0,$-125
9,2016-06-30,29.02,$0.00,0.0,$53.44,0.54,$1.70,17.04,$0.54,53.74,$37.89B,$44.49B,0.85,$5.18B,$29.79B,0.17,$68.12B,$24.67B,36.22%,$68.12B,$2.19B,3.22%,$68.12B,$2.19B,3.22%,$68.12B,$5.69B,8.35%,$68.12B,$1.94B,2.85%,$68.12B,$0.76B,1.11%,$0.76B,$29.79B,2.71%,$0.76B,$18.69B,4.35%,$0.76B,$159.05B,0.52%,$2.19B,$34.97B,6.56%,$15662,$9860,$5802,$0,$3282,$15116,$546,$8,$554,$199,$355,$355,$205,$1454,$546,$1281,1281,$0.16,$0.16,$14841,$6970,$0,$37887,$7611,$90969,$11106,$5579,$121159,$159046,$44490,$5182,$70766,$84765,$129255,$8340,$9296,$-7092,$29791,$159046,$355,$908,$1309,$2217,$-784,$-729,$741,$-2248,$-3020,$157,$-1011,$0,$0,$0,$-1143,$-1143,$26,$-2128,$-462,$-339,$-801,$0,$0,$-123,$-33,$-957,$-3423,$0,$-123
10,2016-03-31,25.43,$20.56,1.24,$53.93,0.47,$0.76,33.47,$0.96,26.49,$34.83B,$40.10B,0.87,$4.62B,$25.93B,0.18,$67.28B,$24.39B,36.26%,$67.28B,$2.44B,3.63%,$67.28B,$2.44B,3.63%,$67.28B,$5.74B,8.53%,$67.28B,$2.53B,3.76%,$67.28B,$1.23B,1.82%,$1.23B,$25.93B,4.62%,$1.23B,$15.79B,7.55%,$1.23B,$138.39B,0.89%,$2.44B,$30.55B,7.58%,$15177,$9824,$5353,$0,$3608,$15948,$-770,$-52,$-823,$-202,$-620,$-620,$-730,$233,$-770,$1238,1258,$-0.60,$-0.61,$16019,$5670,$0,$34833,$6813,$76643,$10143,$4899,$103556,$138389,$40095,$4620,$60099,$72361,$112457,$7129,$7772,$-5423,$25933,$138389,$1741,$3296,$2857,$6153,$-48,$-480,$-411,$-1114,$-2054,$6217,$-2896,$0,$148,$0,$-5198,$-5198,$-605,$-8552,$-1092,$815,$-278,$2504,$2504,$-106,$1034,$3155,$284,$0,$-106
11,2015-12-31,24.25,$0.00,0.0,$58.19,0.42,$2.82,8.6,$0.82,29.57,$40.34B,$42.48B,0.95,$6.12B,$28.52B,0.22,$70.29B,$25.06B,35.65%,$70.29B,$2.43B,3.45%,$70.29B,$2.43B,3.45%,$70.29B,$5.87B,8.35%,$70.29B,$2.47B,3.52%,$70.29B,$1.05B,1.49%,$1.05B,$28.52B,3.92%,$1.05B,$18.15B,6.46%,$1.05B,$142.56B,0.75%,$2.43B,$34.64B,7.38%,$21507,$13528,$7979,$0,$3845,$19822,$1685,$-74,$1611,$464,$1147,$1147,$1001,$2444,$1685,$1267,1283,$0.79,$0.78,$17071,$6181,$0,$40338,$6866,$74785,$10372,$5048,$102218,$142556,$42476,$6119,$59287,$71563,$114039,$7156,$8644,$-3643,$28517,$142556,$2374,$2293,$1199,$3492,$-2591,$-765,$714,$-682,$-3324,$2680,$-1966,$0,$148,$0,$-3465,$-3465,$-299,$-5582,$8,$1262,$1270,$2514,$2514,$-106,$470,$4148,$1177,$0,$-106
12,2015-09-30,24.14,$0.00,0.0,$59.68,0.4,$4.17,5.78,$0.67,36.03,$39.24B,$42.65B,0.92,$6.39B,$27.22B,0.24,$69.99B,$24.58B,35.11%,$69.99B,$2.25B,3.21%,$69.99B,$2.25B,3.21%,$69.99B,$5.48B,7.82%,$69.99B,$2.25B,3.21%,$69.99B,$0.79B,1.13%,$0.79B,$27.22B,3.05%,$0.79B,$16.83B,5.11%,$0.79B,$140.26B,0.58%,$2.25B,$33.61B,7.01%,$15773,$10236,$5537,$0,$3486,$15040,$733,$-131,$602,$199,$403,$403,$280,$1554,$733,$1273,1273,$0.22,$0.22,$15832,$7901,$0,$39243,$6796,$73410,$10387,$5323,$101017,$140260,$42651,$6389,$57916,$70392,$113043,$7154,$7643,$-3759,$27217,$140260,$1227,$1534,$677,$2211,$-877,$-2491,$2191,$-2242,$-3419,$213,$-1266,$0,$148,$0,$-2398,$-2398,$-293,$-3809,$291,$1782,$2073,$2514,$2514,$-1,$-408,$4178,$506,$0,$-1
13,2015-06-30,27.88,$0.00,0.0,$63.23,0.44,$5.32,5.24,$-0.69,0.0,$34.65B,$39.65B,0.87,$5.50B,$24.60B,0.22,$71.67B,$25.76B,35.94%,$71.67B,$0.73B,1.01%,$71.67B,$0.73B,1.01%,$71.67B,$3.83B,5.35%,$71.67B,$0.82B,1.15%,$71.67B,$-0.74B,-1.03%,$-0.74B,$24.60B,-2.86%,$-0.74B,$14.27B,-4.89%,$-0.74B,$131.90B,-0.53%,$0.73B,$30.10B,2.28%,$14820,$9297,$5523,$0,$3104,$14026,$794,$343,$1137,$326,$811,$811,$676,$1507,$794,$1166,1166,$0.58,$0.58,$13109,$6396,$0,$34654,$6383,$70554,$10326,$4931,$97242,$131896,$39649,$5498,$56131,$67649,$107298,$5800,$7346,$-3296,$24598,$131896,$811,$713,$-283,$430,$-681,$-849,$1084,$-1939,$-2385,$-1265,$-611,$0,$146,$0,$-757,$-757,$-188,$-1410,$-615,$509,$-106,$0,$0,$0,$42,$-64,$-2634,$0,$0
14,2015-03-31,26.3,$22.80,1.15,$66.07,0.4,$7.29,3.61,$-1.04,0.0,$38.20B,$43.19B,0.89,$6.48B,$26.65B,0.24,$74.77B,$26.76B,35.79%,$74.77B,$0.62B,0.83%,$74.77B,$0.62B,0.83%,$74.77B,$3.85B,5.15%,$74.77B,$0.36B,0.48%,$74.77B,$-1.15B,-1.53%,$-1.15B,$26.65B,-4.33%,$-1.15B,$15.70B,-7.61%,$-1.15B,$144.09B,-0.80%,$0.62B,$33.13B,1.87%,$18187,$12171,$6016,$0,$4663,$18974,$-787,$-90,$-877,$-191,$-687,$-687,$-908,$365,$-787,$1114,1114,$-0.79,$-0.76,$17164,$6055,$0,$38201,$6727,$77635,$10953,$5023,$105892,$144092,$43185,$6480,$60955,$74258,$117443,$6434,$7405,$-3506,$26649,$144092,$-446,$3227,$3316,$6544,$308,$1033,$-1079,$1533,$1795,$6867,$-1630,$0,$1,$0,$-4077,$-4077,$-114,$-5821,$-2180,$-464,$-2645,$0,$0,$-120,$369,$-2395,$-883,$0,$-120
15,2014-12-31,20.1,$0.00,0.0,$68.52,0.29,$7.26,2.77,$-1.57,0.0,$39.56B,$42.75B,0.93,$5.92B,$25.41B,0.23,$75.86B,$26.61B,35.08%,$75.86B,$-3.88B,-5.11%,$75.86B,$-3.88B,-5.11%,$75.86B,$-0.32B,-0.43%,$75.86B,$0.11B,0.15%,$75.86B,$-1.62B,-2.13%,$-1.62B,$25.41B,-6.05%,$-1.62B,$15.16B,-11.01%,$-1.62B,$134.52B,-1.11%,$-3.88B,$31.33B,-11.29%,$21213,$13714,$7499,$0,$3911,$19708,$1505,$-118,$1387,$464,$923,$923,$744,$2050,$1505,$1145,1163,$0.65,$0.64,$15510,$6459,$0,$39556,$6294,$68674,$10248,$4734,$94968,$134524,$42746,$5921,$54360,$66372,$109118,$5793,$7608,$-2607,$25406,$134524,$281,$2075,$2174,$4249,$-2631,$168,$289,$1556,$-618,$3165,$-944,$0,$0,$0,$-1959,$-1959,$-104,$-3007,$-1888,$358,$-1530,$0,$0,$-108,$113,$-1525,$-933,$8,$-108
16,2014-09-30,17.72,$0.00,0.0,$69.94,0.25,$6.39,2.77,$-1.98,0.0,$39.93B,$44.58B,0.9,$6.84B,$26.05B,0.26,$77.62B,$26.99B,34.77%,$77.62B,$-4.52B,-5.83%,$77.62B,$-4.52B,-5.83%,$77.62B,$-2.10B,-2.70%,$77.62B,$-0.42B,-0.54%,$77.62B,$-2.10B,-2.71%,$-2.10B,$26.05B,-7.68%,$-2.10B,$15.02B,-14.07%,$-2.10B,$142.84B,-1.41%,$-4.52B,$32.89B,-12.66%,$17445,$10724,$6721,$0,$3846,$18230,$-785,$-40,$-825,$276,$-1101,$-1101,$-1247,$-90,$-785,$1094,1094,$-1.14,$-1.14,$14195,$8686,$0,$39931,$6891,$74658,$11027,$4749,$102904,$142835,$44579,$6842,$58875,$72208,$116787,$6394,$7621,$-3779,$26048,$142835,$-713,$1530,$2154,$3684,$-941,$-1747,$1499,$-496,$-1685,$955,$-600,$0,$0,$0,$-1868,$-1868,$-127,$-2595,$-2011,$-8,$-2019,$0,$0,$-120,$-366,$-2505,$-4000,$5,$-120
17,2014-06-30,16.47,$0.00,0.0,$71.47,0.23,$5.47,3.01,$-1.03,0.0,$39.36B,$44.86B,0.88,$8.46B,$27.64B,0.31,$78.29B,$26.60B,33.97%,$78.29B,$-1.48B,-1.89%,$78.29B,$-1.48B,-1.89%,$78.29B,$1.73B,2.21%,$78.29B,$0.47B,0.60%,$78.29B,$-1.05B,-1.35%,$-1.05B,$27.64B,-3.77%,$-1.05B,$14.40B,-6.93%,$-1.05B,$150.16B,-0.70%,$-1.48B,$36.10B,-4.02%,$17920,$11395,$6525,$0,$4064,$17229,$691,$-14,$677,$258,$419,$419,$265,$1526,$691,$1060,1152,$0.25,$0.23,$15311,$7842,$0,$39357,$7345,$79533,$13243,$4634,$110803,$150160,$44863,$8458,$62185,$77654,$122517,$6403,$9575,$-4687,$27643,$150160,$419,$835,$340,$1175,$-376,$-653,$509,$-530,$-1050,$657,$-252,$0,$0,$0,$-1008,$-1008,$25,$-1235,$-2086,$-188,$-2274,$0,$0,$-130,$-481,$-2885,$-3555,$4,$-130
18,2014-03-31,18.78,$26.67,0.7,$70.73,0.27,$4.16,4.51,$-1.23,0.0,$42.05B,$47.84B,0.88,$9.17B,$27.83B,0.33,$77.67B,$26.27B,33.82%,$77.67B,$0.27B,0.34%,$77.67B,$0.27B,0.34%,$77.67B,$4.03B,5.19%,$77.67B,$0.26B,0.33%,$77.67B,$-1.28B,-1.65%,$-1.28B,$27.83B,-4.59%,$-1.28B,$14.16B,-8.29%,$-1.28B,$153.34B,-0.85%,$0.27B,$37.00B,0.71%,$19277,$13411,$5866,$0,$5077,$24565,$-5288,$-1301,$-1126,$118,$-1243,$-942,$-1379,$-3810,$-5288,$1027,1027,$-1.34,$-1.31,$18790,$7339,$0,$42049,$7500,$79190,$13675,$4891,$111288,$153337,$47836,$9166,$61503,$77670,$125506,$6467,$9403,$-4516,$27831,$153337,$-688,$3767,$2279,$6046,$-290,$202,$1034,$206,$1152,$6641,$-1838,$0,$150,$0,$-5454,$-5454,$37,$-7105,$144,$252,$396,$0,$0,$-256,$1939,$2079,$2201,$11,$-256
19,2013-12-31,16.98,$0.00,0.0,$67.74,0.25,$3.13,5.42,$0.92,18.46,$43.46B,$48.16B,0.9,$8.91B,$28.02B,0.32,$76.83B,$32.01B,41.66%,$76.83B,$5.64B,7.34%,$76.83B,$5.64B,7.34%,$76.83B,$10.87B,14.15%,$76.83B,$3.29B,4.28%,$76.83B,$1.09B,1.42%,$1.09B,$28.02B,3.89%,$1.09B,$16.26B,6.85%,$1.09B,$149.08B,0.73%,$5.64B,$36.93B,14.99%,$22979,$15104,$7875,$0,$4370,$22119,$860,$-5,$855,$439,$416,$416,$257,$275,$860,$1028,1168,$0.25,$0.22,$16023,$8096,$0,$43464,$7608,$73622,$11761,$6951,$105616,$149080,$48161,$8913,$57305,$72901,$121062,$6131,$10480,$-4186,$28018,$149080,$549,$2289,$913,$3202,$-3226,$-743,$2505,$396,$-1068,$2364,$-1152,$0,$16,$0,$-3153,$-3153,$129,$-4160,$289,$190,$479,$0,$0,$-244,$1159,$1394,$218,$8,$-244
20,2013-09-30,21.14,$0.00,0.0,$69.74,0.3,$2.21,9.56,$0.58,36.44,$42.01B,$49.11B,0.86,$9.35B,$28.25B,0.33,$76.24B,$31.78B,41.68%,$76.24B,$7.97B,10.45%,$76.24B,$7.97B,10.45%,$76.24B,$13.38B,17.54%,$76.24B,$2.77B,3.63%,$76.24B,$0.71B,0.94%,$0.71B,$28.25B,2.52%,$0.71B,$16.02B,4.51%,$0.71B,$152.83B,0.47%,$7.97B,$37.60B,20.85%,$18117,$11786,$6331,$0,$4077,$15863,$2254,$505,$61,$119,$-58,$-197,$-197,$3742,$2254,$1037,1037,$-0.19,$-0.19,$15062,$9854,$8161,$42006,$0,$77062,$12235,$6974,$102180,$152834,$49108,$9346,$62281,$75476,$124584,$6568,$10953,$0,$28250,$152834,$142,$2874,$0,$2874,$0,$0,$0,$0,$-1849,$-105,$-518,$0,$17,$0,$0,$-1935,$149,$-2287,$0,$107,$1264,$0,$0,$-128,$-134,$1109,$-1027,$0,$0
21,2013-06-30,20.71,$0.00,0.0,$72.77,0.28,$1.74,11.92,$0.57,36.34,$40.27B,$46.98B,0.86,$9.60B,$27.72B,0.35,$78.70B,$32.62B,41.45%,$78.70B,$8.64B,10.98%,$78.70B,$8.64B,10.98%,$78.70B,$14.16B,17.99%,$78.70B,$2.96B,3.76%,$78.70B,$0.71B,0.90%,$0.71B,$27.72B,2.48%,$0.71B,$15.52B,4.48%,$0.71B,$148.75B,0.45%,$8.64B,$37.32B,22.11%,$17300,$11100,$6200,$0,$3761,$14861,$2439,$793,$467,$270,$197,$35,$35,$3825,$2439,$1011,1168,$0.03,$0.03,$15392,$8497,$7730,$40270,$0,$74789,$12200,$6883,$99735,$148748,$46980,$9601,$60637,$74052,$121032,$6373,$11169,$0,$27716,$148748,$197,$1386,$0,$1386,$0,$0,$0,$0,$-2434,$-1331,$219,$0,$0,$0,$0,$0,$-640,$-421,$0,$150,$1290,$0,$0,$-128,$-93,$1219,$-255,$0,$0
22,2013-03-31,17.01,$0.00,0.0,$77.07,0.22,$1.49,11.4,$0.23,73.95,$38.79B,$45.91B,0.85,$9.98B,$28.56B,0.35,$80.58B,$32.86B,40.78%,$80.58B,$8.25B,10.24%,$80.58B,$8.25B,10.24%,$80.58B,$13.98B,17.35%,$80.58B,$2.61B,3.24%,$80.58B,$0.37B,0.45%,$0.37B,$28.56B,1.24%,$0.37B,$16.10B,2.22%,$0.37B,$151.13B,0.23%,$8.25B,$38.54B,20.69%,$18436,$6835,$11601,$0,$11517,$18352,$84,$6750,$1905,$673,$1232,$999,$999,$3030,$84,$1011,1168,$0.99,$0.86,$16212,$7554,$6766,$38793,$0,$77842,$12455,$3955,$103173,$151131,$45905,$9983,$62709,$76671,$122576,$6712,$11727,$0,$28555,$151131,$1108,$5730,$0,$5730,$0,$0,$0,$0,$1352,$5122,$-859,$0,$561,$0,$0,$-7027,$-178,$-7503,$0,$-1280,$-1770,$0,$0,$-267,$4202,$885,$-726,$0,$0
23,2012-12-31,10.87,$0.00,0.0,$80.73,0.13,$-0.22,0.0,$-3.73,0.0,$42.76B,$52.22B,0.82,$10.83B,$28.56B,0.38,$81.66B,$26.81B,32.83%,$81.66B,$7.21B,8.83%,$81.66B,$7.21B,8.83%,$81.66B,$13.07B,16.00%,$81.66B,$0.73B,0.89%,$81.66B,$-3.75B,-4.59%,$-3.75B,$28.56B,-12.39%,$-3.75B,$15.57B,-22.14%,$-3.75B,$159.32B,-2.26%,$7.21B,$39.39B,17.75%,$22391,$14745,$7646,$0,$4456,$19201,$3190,$450,$338,$298,$40,$-124,$-124,$2779,$3190,$1033,1033,$-0.12,$-0.12,$15589,$8846,$7709,$42760,$0,$79933,$12989,$6836,$106088,$159322,$52220,$10834,$64345,$78546,$130766,$7252,$11736,$0,$28556,$159322,$-108,$2784,$0,$2784,$0,$0,$0,$0,$-1685,$2533,$-2415,$0,$606,$0,$0,$-6206,$-273,$-8288,$0,$5262,$-985,$0,$0,$-288,$-695,$3294,$-2259,$0,$0
24,2012-09-30,11.36,$0.00,0.0,$82.35,0.14,$0.03,436.88,$-5.64,0.0,$44.51B,$55.71B,0.8,$11.17B,$29.88B,0.37,$82.64B,$26.35B,31.88%,$82.64B,$4.26B,5.15%,$82.64B,$4.26B,5.15%,$82.64B,$10.55B,12.77%,$82.64B,$-0.97B,-1.17%,$82.64B,$-5.66B,-6.85%,$-5.66B,$29.88B,-17.88%,$-5.66B,$16.42B,-29.81%,$-5.66B,$169.92B,-3.38%,$4.26B,$41.05B,10.29%,$20573,$13397,$7176,$0,$4250,$17647,$2926,$-2674,$252,$282,$-30,$-198,$-198,$4521,$2926,$1004,1004,$-0.20,$-0.20,$15682,$10745,$8657,$44508,$0,$85961,$13464,$7279,$113743,$169923,$55709,$11172,$69282,$84334,$140043,$8089,$13228,$0,$29880,$169923,$-166,$3195,$0,$3195,$0,$0,$0,$0,$-2541,$634,$-1712,$0,$0,$0,$0,$-3981,$-343,$-6036,$0,$2379,$-996,$0,$0,$-704,$1218,$1897,$-3920,$0,$0
25,2012-06-30,13.66,$0.00,0.0,$82.23,0.17,$0.73,18.75,$-5.79,0.0,$44.48B,$55.12B,0.81,$9.94B,$30.60B,0.33,$82.52B,$26.09B,31.62%,$82.52B,$1.71B,2.07%,$82.52B,$1.71B,2.07%,$82.52B,$8.08B,9.79%,$82.52B,$-1.22B,-1.48%,$82.52B,$-5.81B,-7.04%,$-5.81B,$30.60B,-17.47%,$-5.81B,$17.55B,-27.28%,$-5.81B,$166.22B,-3.48%,$1.71B,$40.55B,4.05%,$19180,$12740,$6440,$0,$4389,$17129,$2051,$-1932,$119,$253,$-134,$-312,$-312,$3651,$2051,$1004,1004,$-0.31,$-0.31,$16656,$10032,$8966,$44480,$0,$82312,$13052,$8830,$110057,$166215,$55121,$9943,$66802,$80492,$135613,$7986,$13415,$0,$30602,$166215,$-134,$1600,$0,$1600,$0,$0,$0,$0,$-2096,$-324,$-879,$0,$0,$0,$0,$-2465,$12,$-3332,$0,$1332,$-531,$0,$0,$-159,$349,$991,$-2993,$0,$0
26,2012-03-31,19.92,$0.00,0.0,$81.47,0.24,$0.59,33.69,$-5.67,0.0,$47.69B,$57.53B,0.83,$9.68B,$31.88B,0.3,$81.80B,$26.09B,31.89%,$81.80B,$0.02B,0.03%,$81.80B,$0.02B,0.03%,$81.80B,$6.22B,7.61%,$81.80B,$-1.06B,-1.29%,$81.80B,$-5.69B,-6.96%,$-5.69B,$31.88B,-16.41%,$-5.69B,$18.16B,-24.34%,$-5.69B,$168.86B,-3.45%,$0.02B,$41.56B,0.06%,$19517,$13971,$5546,$0,$6500,$20471,$-954,$4237,$16,$3055,$-3039,$-3112,$-3112,$2114,$-954,$1004,1004,$-3.10,$-3.10,$20009,$8980,$8922,$47688,$0,$80257,$13722,$8485,$109343,$168855,$57531,$9680,$66152,$79446,$136976,$8013,$13773,$0,$31879,$168855,$-4859,$6200,$0,$6200,$0,$0,$0,$0,$1225,$6336,$-4389,$0,$-773,$0,$0,$-5958,$353,$-10767,$0,$-319,$1279,$0,$0,$-306,$2484,$3138,$-1462,$0,$0
27,2011-12-31,17.17,$0.00,0.0,$81.01,0.21,$3.10,5.54,$-7.24,0.0,$46.71B,$55.07B,0.85,$8.08B,$34.28B,0.24,$81.33B,$27.54B,33.86%,$81.33B,$-0.44B,-0.54%,$81.33B,$-0.44B,-0.54%,$81.33B,$4.29B,5.28%,$81.33B,$-1.94B,-2.38%,$81.33B,$-7.26B,-8.93%,$-7.26B,$34.28B,-20.54%,$-7.26B,$23.83B,-29.09%,$-7.26B,$165.59B,-4.52%,$-0.44B,$42.37B,-0.99%,$23370,$16186,$7184,$0,$6950,$23136,$234,$1413,$-1358,$371,$-1729,$-2038,$-2038,$263,$234,$1004,1004,$-2.03,$-2.03,$18176,$8454,$9228,$46705,$0,$79001,$10454,$9508,$107037,$165590,$55066,$8084,$64811,$76243,$131309,$8089,$17337,$0,$34281,$165590,$-2019,$3132,$0,$3132,$0,$0,$0,$0,$-2646,$3638,$-3278,$0,$32,$0,$0,$-4605,$67,$-7784,$0,$2030,$2030,$0,$0,$-322,$1336,$2045,$-2727,$0,$0
28,2011-09-30,18.08,$0.00,0.0,$84.86,0.21,$5.29,3.42,$-4.32,0.0,$47.03B,$55.90B,0.84,$8.01B,$36.31B,0.22,$85.19B,$29.17B,34.23%,$85.19B,$1.02B,1.20%,$85.19B,$1.02B,1.20%,$85.19B,$8.84B,10.38%,$85.19B,$1.04B,1.22%,$85.19B,$-4.33B,-5.08%,$-4.33B,$36.31B,-11.75%,$-4.33B,$25.70B,-16.19%,$-4.33B,$167.14B,-2.71%,$1.02B,$44.32B,2.22%,$20454,$13532,$6922,$0,$6544,$20076,$378,$2256,$1,$238,$-237,$-350,$-350,$2053,$378,$1004,1004,$-0.35,$-0.35,$16898,$10836,$9933,$47029,$0,$79942,$10614,$9345,$108055,$167141,$55896,$8011,$62946,$74936,$130832,$8194,$19627,$0,$36309,$167141,$-295,$3103,$0,$3103,$0,$0,$0,$0,$-1750,$1939,$-2312,$0,$32,$0,$0,$-3185,$40,$-5425,$0,$1012,$1012,$0,$0,$-162,$460,$311,$-3836,$0,$0
29,2011-06-30,24.92,$0.00,0.0,$85.27,0.29,$5.53,4.5,$-3.60,0.0,$45.05B,$50.22B,0.9,$9.20B,$36.24B,0.25,$85.62B,$29.54B,34.50%,$85.62B,$3.56B,4.16%,$85.62B,$3.56B,4.16%,$85.62B,$10.20B,11.92%,$85.62B,$1.80B,2.10%,$85.62B,$-3.61B,-4.21%,$-3.61B,$36.24B,-9.62%,$-3.61B,$25.84B,-13.02%,$-3.61B,$158.73B,-2.30%,$3.56B,$45.44B,7.54%,$18456,$12019,$6437,$0,$6071,$18090,$366,$2622,$285,$340,$-55,$-191,$-191,$1794,$366,$1005,1005,$-0.19,$-0.19,$17692,$9986,$8674,$45053,$0,$74343,$10393,$9023,$101705,$158732,$50224,$9200,$59063,$72272,$122496,$7789,$19145,$0,$36236,$158732,$-55,$1428,$0,$1428,$0,$0,$0,$0,$-1808,$-493,$-850,$0,$31,$0,$0,$-1084,$74,$-1829,$0,$140,$-254,$0,$0,$-156,$382,$112,$-2442,$0,$0
30,2011-03-31,30.05,$0.00,0.0,$85.48,0.35,$6.01,5.0,$-3.12,0.0,$44.98B,$48.29B,0.93,$9.50B,$34.58B,0.28,$85.83B,$29.30B,34.14%,$85.83B,$3.82B,4.45%,$85.83B,$3.82B,4.45%,$85.83B,$10.56B,12.30%,$85.83B,$2.40B,2.80%,$85.83B,$-3.13B,-3.64%,$-3.13B,$34.58B,-8.35%,$-3.13B,$24.52B,-11.15%,$-3.13B,$151.22B,-2.04%,$3.82B,$44.09B,8.07%,$19046,$12052,$6994,$0,$8408,$20460,$-1414,$7721,$-867,$3647,$-4515,$-4684,$-4684,$183,$-1414,$1004,1004,$-4.67,$-4.67,$19429,$8237,$8608,$44975,$0,$68944,$10063,$8605,$95426,$151222,$48286,$9503,$55267,$68353,$116638,$7382,$18325,$0,$34584,$151222,$-2578,$6734,$0,$6734,$0,$0,$0,$0,$-1539,$7210,$-2749,$0,$1162,$0,$0,$-6667,$-105,$-8359,$0,$72,$-2512,$0,$0,$-294,$2616,$-118,$-2073,$0,$0
31,2010-12-31,33.55,$0.00,0.0,$85.00,0.39,$7.98,4.21,$0.94,35.69,$52.29B,$51.76B,1.01,$10.12B,$40.33B,0.25,$85.22B,$28.00B,32.85%,$85.22B,$4.89B,5.74%,$85.22B,$4.89B,5.74%,$85.22B,$11.83B,13.89%,$85.22B,$2.74B,3.22%,$85.22B,$0.95B,1.11%,$0.95B,$40.33B,2.52%,$0.95B,$30.98B,3.32%,$0.95B,$161.56B,0.63%,$4.89B,$50.45B,10.25%,$27238,$18425,$8813,$0,$7121,$25546,$1692,$2717,$1624,$588,$1036,$893,$893,$4809,$1692,$1003,1003,$0.89,$0.89,$19346,$9035,$11034,$52291,$0,$70711,$9356,$8613,$98029,$161558,$51758,$10115,$56393,$69469,$121227,$7789,$24292,$0,$40331,$161558,$1989,$5137,$0,$5137,$0,$0,$0,$0,$-3670,$4987,$-2422,$0,$1066,$0,$0,$-5828,$-6,$-7190,$0,$348,$-2131,$0,$0,$-310,$1966,$-127,$-3356,$0,$0
32,2010-09-30,29.05,$0.00,0.0,$82.15,0.35,$8.38,3.47,$0.91,31.92,$50.91B,$50.77B,1.0,$10.07B,$38.78B,0.26,$82.31B,$27.09B,32.91%,$82.31B,$4.91B,5.97%,$82.31B,$4.91B,5.97%,$82.31B,$10.57B,12.85%,$82.31B,$2.47B,2.99%,$82.31B,$0.92B,1.11%,$0.92B,$38.78B,2.51%,$0.92B,$29.51B,3.32%,$0.92B,$156.74B,0.63%,$4.91B,$48.85B,10.51%,$20881,$13586,$7295,$0,$4378,$17964,$2917,$-2162,$755,$250,$505,$375,$375,$3418,$2917,$1004,1005,$0.37,$0.37,$18027,$11052,$12072,$50910,$0,$67416,$9273,$5236,$91203,$156744,$50772,$10068,$54202,$67190,$117962,$7601,$22834,$0,$38782,$156744,$930,$2020,$0,$2020,$0,$0,$0,$0,$-3961,$1359,$-1493,$0,$555,$0,$0,$-4168,$30,$-5076,$0,$254,$-1354,$0,$0,$-151,$1457,$206,$-4270,$0,$0
33,2010-06-30,24.94,$0.00,0.0,$79.70,0.31,$9.05,2.76,$0.25,99.78,$45.28B,$44.90B,1.01,$10.10B,$36.01B,0.28,$79.89B,$25.64B,32.10%,$79.89B,$1.89B,2.37%,$79.89B,$1.89B,2.37%,$79.89B,$8.77B,10.98%,$79.89B,$1.52B,1.90%,$79.89B,$0.25B,0.31%,$0.25B,$36.01B,0.70%,$0.25B,$27.18B,0.93%,$0.25B,$143.16B,0.18%,$1.89B,$46.11B,4.09%,$18663,$12464,$6199,$0,$5571,$18035,$628,$2366,$887,$491,$396,$289,$289,$2147,$628,$1004,1005,$0.29,$0.29,$17836,$8411,$9651,$45275,$0,$60644,$8833,$8494,$87065,$143163,$44904,$10100,$49443,$62248,$107152,$7088,$21087,$0,$36011,$143163,$396,$1519,$0,$1519,$0,$0,$0,$0,$-3100,$-77,$-789,$0,$0,$0,$0,$-1265,$11,$-2043,$0,$216,$-58,$0,$0,$-142,$278,$294,$-2213,$0,$0
34,2010-03-31,35.83,$0.00,0.0,$77.97,0.46,$9.53,3.76,$-0.43,0.0,$44.64B,$43.85B,1.02,$9.98B,$35.48B,0.28,$77.89B,$25.05B,32.16%,$77.89B,$1.11B,1.43%,$77.89B,$1.11B,1.43%,$77.89B,$8.09B,10.38%,$77.89B,$0.29B,0.37%,$77.89B,$-0.43B,-0.55%,$-0.43B,$35.48B,-1.21%,$-0.43B,$26.65B,-1.62%,$-0.43B,$138.95B,-0.31%,$1.11B,$45.47B,2.43%,$18442,$12751,$5691,$0,$6037,$18787,$-345,$2336,$-523,$-64,$-459,$-608,$-608,$1460,$-345,$997,997,$-0.61,$-0.61,$19128,$6971,$8907,$44635,$0,$57233,$8832,$8489,$83433,$138954,$43847,$9981,$47087,$59623,$103470,$6813,$19991,$0,$35484,$138954,$139,$6975,$0,$6975,$0,$0,$0,$0,$3244,$9859,$-3466,$0,$0,$0,$0,$-4741,$150,$-8057,$0,$-2691,$3935,$0,$1,$-270,$2967,$3942,$5708,$0,$0
35,2009-12-31,27.03,$0.00,0.0,$74.96,0.36,$7.17,3.77,$-1.50,0.0,$45.79B,$43.59B,1.05,$10.50B,$35.95B,0.29,$75.00B,$22.96B,30.62%,$75.00B,$-0.42B,-0.56%,$75.00B,$-0.42B,-0.56%,$75.00B,$6.02B,8.03%,$75.00B,$-2.33B,-3.11%,$75.00B,$-1.50B,-2.00%,$-1.50B,$35.95B,-4.38%,$-1.50B,$27.06B,-5.90%,$-1.50B,$139.37B,-1.14%,$-0.42B,$46.46B,-0.96%,$24325,$16423,$7902,$0,$6192,$22615,$1710,$2068,$1346,$361,$985,$861,$861,$3549,$1710,$1001,1001,$0.86,$0.86,$17260,$6933,$8848,$45786,$0,$55876,$8889,$8623,$81768,$139368,$43588,$10504,$47167,$59828,$103416,$6856,$20871,$0,$35952,$139368,$593,$5170,$0,$5170,$0,$0,$0,$0,$104,$5895,$-2931,$0,$0,$0,$0,$-2954,$29,$-5856,$0,$-2389,$4538,$0,$0,$-273,$1931,$3807,$3740,$0,$0
36,2009-09-30,27.21,$0.00,0.0,$72.21,0.38,$1.65,16.52,$-2.26,0.0,$44.30B,$42.62B,1.04,$11.38B,$35.20B,0.32,$73.10B,$20.30B,27.77%,$73.10B,$-3.43B,-4.69%,$73.10B,$-3.43B,-4.69%,$73.10B,$3.44B,4.70%,$73.10B,$-2.95B,-4.03%,$73.10B,$-2.26B,-3.08%,$-2.26B,$35.20B,-6.62%,$-2.26B,$26.09B,-8.92%,$-2.26B,$138.60B,-1.72%,$-3.43B,$46.59B,-7.93%,$18458,$12609,$5849,$0,$5952,$18561,$-103,$2340,$-189,$-19,$-170,$-292,$-292,$1618,$-103,$1007,1007,$-0.29,$-0.29,$15491,$9662,$9527,$44295,$0,$55364,$9117,$8970,$81903,$138598,$42621,$11383,$47266,$60773,$103394,$7009,$20456,$0,$35204,$138598,$-401,$3331,$0,$3331,$0,$0,$0,$0,$-107,$2583,$-2043,$0,$0,$0,$0,$-1658,$35,$-3666,$0,$-1902,$4658,$0,$0,$-139,$704,$3321,$1975,$0,$0
37,2009-06-30,23.99,$0.00,0.0,$73.81,0.33,$-1.20,0.0,$-1.78,0.0,$39.93B,$38.02B,1.05,$11.12B,$33.80B,0.33,$74.57B,$19.81B,26.57%,$74.57B,$-3.17B,-4.25%,$74.57B,$-3.17B,-4.25%,$74.57B,$3.68B,4.93%,$74.57B,$-2.69B,-3.60%,$74.57B,$-1.76B,-2.36%,$-1.76B,$33.80B,-5.26%,$-1.76B,$25.00B,-6.92%,$-1.76B,$128.82B,-1.38%,$-3.17B,$44.91B,-7.66%,$16665,$11057,$5608,$0,$5757,$16814,$-149,$2359,$-343,$-127,$-216,$-386,$-386,$1461,$-149,$990,990,$-0.39,$-0.39,$13870,$8689,$8661,$39932,$0,$51183,$8802,$8467,$76708,$128817,$38015,$11115,$43853,$57005,$95020,$6570,$19582,$0,$33797,$128817,$-216,$1610,$0,$1610,$0,$0,$0,$0,$-367,$593,$-973,$0,$0,$0,$0,$-815,$-13,$-1801,$0,$-766,$3432,$0,$0,$-131,$229,$2764,$1533,$0,$0
38,2009-03-31,19.14,$0.00,0.0,$75.64,0.25,$-2.66,0.0,$-1.06,0.0,$36.21B,$38.11B,0.95,$6.60B,$32.17B,0.21,$76.58B,$19.97B,26.08%,$76.58B,$-2.37B,-3.09%,$76.58B,$-2.37B,-3.09%,$76.58B,$4.25B,5.54%,$76.58B,$-1.75B,-2.29%,$76.58B,$-1.05B,-1.37%,$-1.05B,$32.17B,-3.12%,$-1.05B,$23.76B,-4.01%,$-1.05B,$120.14B,-0.83%,$-2.37B,$38.77B,-5.89%,$15552,$11949,$3603,$0,$5484,$17433,$-1881,$992,$-3144,$-1528,$-1615,$-1685,$-1685,$-608,$-1881,$1004,1004,$-1.68,$-1.68,$11776,$8131,$7765,$36206,$0,$47984,$8403,$8188,$72170,$120135,$38109,$6601,$41375,$49860,$87969,$6308,$19170,$0,$32166,$120135,$-989,$6612,$0,$6612,$0,$0,$0,$0,$-3060,$4072,$0,$0,$22,$0,$0,$-1668,$-9168,$-10813,$0,$2446,$-1923,$0,$4,$-426,$2574,$2675,$-4256,$0,$0
39,2008-12-31,20.18,$0.00,0.0,$79.67,0.25,$-2.95,0.0,$0.90,22.43,$51.85B,$47.13B,1.1,$7.53B,$35.12B,0.21,$80.55B,$22.28B,27.65%,$80.55B,$0.34B,0.42%,$80.55B,$0.34B,0.42%,$80.55B,$7.24B,8.99%,$80.55B,$1.52B,1.89%,$80.55B,$0.93B,1.15%,$0.93B,$35.12B,2.80%,$0.93B,$26.32B,3.50%,$0.93B,$138.05B,0.75%,$0.34B,$42.65B,0.85%,$22429,$17188,$5241,$0,$6535,$23723,$-1294,$2151,$730,$707,$23,$108,$108,$965,$-1294,$1002,1041,$0.11,$0.10,$15848,$11899,$10741,$51846,$38221,$48950,$8796,$8713,$111483,$138054,$47127,$7528,$42998,$55809,$102936,$6931,$23027,$0,$35118,$138054,$727,$5339,$0,$5339,$0,$0,$0,$0,$-7527,$-384,$-2284,$0,$0,$0,$0,$-4288,$16,$-6556,$0,$4221,$-2314,$0,$4,$-469,$2766,$4208,$-3293,$0,$0
40,2008-09-30,28.49,$0.00,0.0,$83.12,0.34,$0.30,95.96,$2.47,11.53,$49.32B,$43.38B,1.14,$6.24B,$33.00B,0.19,$83.20B,$24.27B,29.17%,$83.20B,$3.32B,3.99%,$83.20B,$3.32B,3.99%,$83.20B,$9.66B,11.61%,$83.20B,$3.32B,3.99%,$83.20B,$2.58B,3.10%,$2.58B,$33.00B,7.94%,$2.58B,$26.76B,9.62%,$2.58B,$124.74B,2.18%,$3.32B,$39.24B,8.56%,$19926,$14566,$5360,$0,$5207,$19773,$153,$1090,$70,$-86,$156,$200,$200,$1858,$153,$1000,1000,$0.20,$0.19,$14441,$13129,$10847,$49322,$34308,$43471,$6237,$8001,$97904,$124735,$43382,$6244,$37290,$48354,$91736,$6065,$20049,$0,$32999,$124735,$536,$3080,$0,$3080,$0,$0,$0,$0,$-5130,$-1385,$-926,$0,$-4,$0,$0,$-3763,$0,$-4693,$0,$118,$25,$0,$4,$-121,$2249,$2275,$-3706,$0,$0
41,2008-06-30,40.23,$0.00,0.0,$81.28,0.5,$0.63,63.46,$2.89,13.92,$46.28B,$38.84B,1.19,$6.15B,$33.86B,0.18,$81.39B,$23.94B,29.41%,$81.39B,$3.54B,4.35%,$81.39B,$3.54B,4.35%,$81.39B,$9.79B,12.03%,$81.39B,$4.02B,4.94%,$81.39B,$3.02B,3.71%,$3.02B,$33.86B,9.48%,$3.02B,$27.60B,11.40%,$3.02B,$120.69B,2.65%,$3.54B,$40.01B,9.12%,$18670,$12902,$5768,$0,$5113,$18015,$655,$1861,$594,$180,$414,$330,$330,$2030,$655,$1000,1000,$0.33,$0.33,$14910,$11397,$9423,$46276,$33905,$42606,$6263,$8030,$96671,$120686,$38836,$6147,$36663,$47987,$86823,$5950,$19758,$0,$33863,$120686,$330,$1375,$0,$1375,$0,$0,$0,$0,$-3256,$-2047,$203,$0,$0,$0,$0,$-2227,$3,$-2021,$0,$134,$-15,$0,$3,$-119,$1069,$1072,$-2818,$0,$0
42,2008-03-31,36.86,$0.00,0.0,$78.68,0.47,$0.94,39.42,$3.07,12.01,$44.09B,$35.41B,1.25,$6.42B,$30.49B,0.21,$78.79B,$23.44B,29.75%,$78.79B,$3.68B,4.67%,$78.79B,$3.68B,4.67%,$78.79B,$10.14B,12.87%,$78.79B,$4.10B,5.21%,$78.79B,$3.23B,4.10%,$3.23B,$30.49B,10.55%,$3.23B,$25.50B,12.58%,$3.23B,$110.46B,2.99%,$3.68B,$36.91B,9.67%,$19528,$13621,$5907,$0,$5083,$18704,$824,$1255,$128,$-21,$149,$290,$290,$2388,$824,$1000,1000,$0.29,$0.28,$13324,$8990,$12176,$44085,$32401,$38154,$4998,$7046,$87839,$110464,$35406,$6416,$33350,$44566,$79971,$5549,$18122,$0,$30493,$110464,$3251,$6455,$0,$6455,$0,$0,$0,$0,$-2486,$6668,$-2902,$0,$0,$0,$0,$-7860,$2750,$-8012,$0,$139,$-32,$0,$321,$-221,$4241,$4449,$2521,$0,$0
43,2007-12-31,49.95,$0.00,0.0,$76.76,0.65,$-1.75,0.0,$2.22,22.5,$48.73B,$39.29B,1.24,$6.47B,$32.48B,0.2,$76.97B,$21.33B,27.71%,$76.97B,$1.07B,1.40%,$76.97B,$1.07B,1.40%,$76.97B,$8.29B,10.77%,$76.97B,$3.09B,4.02%,$76.97B,$2.36B,3.07%,$2.36B,$32.48B,7.83%,$2.36B,$27.29B,9.32%,$2.36B,$115.93B,2.24%,$1.07B,$38.95B,2.81%,$25079,$17847,$7232,$0,$5544,$23391,$1688,$2252,$2530,$1186,$1344,$1756,$1756,$3381,$1688,$1003,1003,$1.75,$1.67,$13205,$9662,$11694,$48731,$34713,$37081,$5192,$6841,$89344,$115934,$39289,$6470,$32387,$44168,$83457,$5530,$17920,$0,$32477,$115934,$2986,$4891,$0,$4891,$0,$0,$0,$0,$-3596,$2970,$-2281,$0,$2685,$0,$0,$-5148,$43,$-4701,$0,$991,$-52,$0,$315,$-220,$2720,$3754,$1964,$0,$0
44,2007-09-30,44.21,$0.00,0.0,$73.62,0.6,$-4.21,0.0,$1.83,24.16,$43.43B,$34.58B,1.26,$8.83B,$30.51B,0.29,$73.80B,$20.71B,28.06%,$73.80B,$0.86B,1.17%,$73.80B,$0.86B,1.17%,$73.80B,$8.15B,11.04%,$73.80B,$2.08B,2.81%,$73.80B,$1.95B,2.64%,$1.95B,$30.51B,6.65%,$1.95B,$25.46B,7.89%,$1.95B,$108.44B,1.92%,$0.86B,$39.34B,2.27%,$18113,$13080,$5033,$0,$4660,$17740,$373,$1949,$765,$304,$461,$641,$641,$1991,$373,$1002,1002,$0.64,$0.61,$9758,$10975,$11190,$43426,$32865,$35395,$5053,$6804,$85598,$108442,$34579,$8828,$31652,$43351,$77930,$5472,$16023,$0,$30512,$108442,$1219,$3198,$0,$3198,$0,$0,$0,$0,$-4005,$-600,$-1377,$0,$7,$0,$0,$-3451,$48,$-4773,$0,$2106,$-7,$0,$41,$-109,$1858,$3889,$-1503,$0,$0
45,2007-06-30,47.14,$0.00,0.0,$66.76,0.71,$-4.09,0.0,$1.23,38.33,$35.15B,$27.53B,1.28,$8.33B,$28.82B,0.29,$71.40B,$20.49B,28.69%,$71.40B,$0.33B,0.46%,$71.40B,$0.33B,0.46%,$71.40B,$7.34B,10.28%,$71.40B,$1.09B,1.53%,$71.40B,$1.33B,1.86%,$1.33B,$28.82B,4.64%,$1.33B,$24.39B,5.49%,$1.33B,$96.46B,1.35%,$0.33B,$37.15B,0.89%,$16069,$10804,$5265,$0,$4467,$15271,$798,$1577,$681,$322,$359,$540,$540,$2378,$798,$1000,1000,$0.54,$0.51,$7857,$9668,$8218,$35154,$30833,$33620,$4436,$6434,$80362,$96463,$27527,$8330,$29197,$40112,$67639,$5114,$14495,$0,$28824,$96463,$540,$1580,$0,$1580,$0,$0,$0,$0,$-3140,$-764,$-779,$0,$7,$0,$0,$-2475,$-3,$-3250,$0,$250,$142,$0,$35,$-102,$743,$1068,$-2841,$0,$0
46,2007-03-31,46.33,$0.00,0.0,$65.80,0.7,$-4.48,0.0,$0.99,46.8,$39.10B,$30.55B,1.28,$8.61B,$28.99B,0.3,$70.50B,$19.85B,28.16%,$70.50B,$-0.17B,-0.25%,$70.50B,$-0.17B,-0.25%,$70.50B,$6.74B,9.56%,$70.50B,$0.88B,1.25%,$70.50B,$1.07B,1.51%,$1.07B,$28.99B,3.77%,$1.07B,$24.36B,4.47%,$1.07B,$100.76B,1.10%,$-0.17B,$37.60B,-0.48%,$17709,$13913,$3796,$0,$5581,$19494,$-1785,$1854,$-882,$-206,$-677,$-573,$-573,$541,$-1785,$1005,1005,$-0.57,$-0.57,$11122,$8092,$8109,$39102,$33213,$33443,$4626,$6109,$82647,$100761,$30546,$8609,$30037,$41227,$71773,$5391,$14788,$0,$28988,$100761,$1137,$6916,$0,$6916,$0,$0,$0,$0,$-2419,$5049,$-3962,$0,$388,$0,$0,$-2811,$-55,$-6439,$0,$55,$796,$0,$70,$-225,$1536,$2231,$871,$0,$0
47,2006-12-31,39.23,$0.00,0.0,$63.94,0.61,$-5.78,0.0,$0.99,39.62,$40.67B,$31.59B,1.29,$8.43B,$29.07B,0.29,$68.57B,$19.74B,28.78%,$68.57B,$-1.11B,-1.61%,$68.57B,$-1.11B,-1.61%,$68.57B,$5.53B,8.06%,$68.57B,$1.43B,2.09%,$68.57B,$1.07B,1.56%,$1.07B,$29.07B,3.80%,$1.07B,$24.73B,4.50%,$1.07B,$100.34B,1.12%,$-1.11B,$37.50B,-3.10%,$21913,$15296,$6617,$0,$5142,$20438,$1475,$1668,$1511,$517,$994,$1344,$1344,$3238,$1475,$1003,1003,$1.34,$1.28,$10268,$8119,$8014,$40674,$31217,$32171,$4343,$6326,$78683,$100343,$31593,$8430,$28756,$39676,$71269,$5255,$14960,$0,$29074,$100343,$1629,$4590,$0,$4590,$0,$0,$0,$0,$-4139,$1318,$-3098,$0,$0,$0,$0,$-1659,$-11,$-4768,$0,$2156,$736,$0,$0,$-211,$972,$3653,$254,$0,$0
