,Date,Stock Price,Book Value per Share,Price to Book Ratio,TTM Sales per Share,Price to Sales Ratio,TTM FCF per Share,Price to FCF Ratio,TTM Net EPS,PE Ratio,Current Assets,Current Liabilities,Current Ratio,Long Term Debt,Shareholder's Equity_x,Debt to Equity Ratio,TTM Revenue_x,TTM Gross Profit,Gross Margin,TTM Revenue_y,TTM Operating Income,Operating Margin,TTM Revenue_x,TTM EBIT,EBIT Margin,TTM Revenue_y,TTM EBITDA,EBITDA Margin,TTM Revenue_x,TTM Pre-Tax Income,Pre-Tax Margin,TTM Revenue_y,TTM Net Income_x,Net Margin,TTM Net Income_y,Shareholder's Equity_y,Return on Equity,TTM Net Income_x,Tangible Equity,Return on Tangible Equity,TTM Net Income_y,Total Assets,Return on Assets,TTM Net Income,LT Investments & Debt,Return on Investment,revenue,cost-goods-sold,gross-profit,research-development-expenses,selling-general-administrative-expenses,operating-expenses,operating-income,total-non-operating-income-expense,pre-tax-income,total-provision-income-taxes,income-after-taxes,income-from-continuous-operations,net-income,ebitda,ebit,basic-shares-outstanding,shares-outstanding,eps-basic-net-earnings-per-share,eps-earnings-per-share-diluted,cash-on-hand,inventory,other-current-assets,total-current-assets,net-property-plant-equipment,long-term-investments,goodwill-intangible-assets-total,other-long-term-assets,total-long-term-assets,total-assets,total-current-liabilities,long-term-debt,other-non-current-liabilities,total-long-term-liabilities,total-liabilities,common-stock-net,retained-earnings-accumulated-deficit,comprehensive-income,total-share-holder-equity,total-liabilities-share-holders-equity,net-income-loss,total-depreciation-amortization-cash-flow,other-non-cash-items,total-non-cash-items,change-in-accounts-receivable,change-in-inventories,change-in-accounts-payable,change-in-assets-liabilities,total-change-in-assets-liabilities,cash-flow-from-operating-activities,net-change-in-property-plant-equipment,net-change-in-intangible-assets,net-acquisitions-divestitures,net-change-in-short-term-investments,net-change-in-long-term-investments,net-change-in-investments-total,investing-activities-other,cash-flow-from-investing-activities,net-long-term-debt,net-current-debt,debt-issuance-retirement-net-total,net-common-equity-issued-repurchased,net-total-equity-issued-repurchased,total-common-preferred-stock-dividends-paid,financial-activities-other,cash-flow-from-financial-activities,net-cash-flow,stock-based-compensation,common-stock-dividends-paid
0,2018-09-30,17.56,$14.28,1.23,$4.68,3.76,$4.69,3.74,$1.97,8.91,$0.16B,$0.04B,4.49,$3.70B,$3.39B,1.09,$1.11B,$0.67B,60.49%,$1.11B,$0.25B,22.77%,$1.11B,$0.25B,22.77%,$1.11B,$0.54B,48.24%,$1.11B,$0.17B,14.94%,$1.11B,$0.47B,42.39%,$0.47B,$3.39B,13.92%,$0.47B,$3.39B,13.92%,$0.47B,$7.45B,6.37%,$0.25B,$7.10B,3.59%,$279,$116,$163,$0,$31,$223,$56,$-9,$46,$0,$46,$47,$46,$128,$56,$238,238,$0.19,$0.19,$156,$0,$0,$156,$6410,$0,$0,$888,$7297,$7453,$35,$3704,$320,$4024,$4059,$2,$-1379,$-0,$3394,$7453,$410,$215,$-355,$-140,$0,$0,$0,$-0,$17,$286,$137,$0,$0,$0,$0,$0,$0,$137,$386,$-401,$-15,$-0,$-0,$-294,$-4,$-314,$109,$0,$-294
1,2018-06-30,17.69,$14.49,1.22,$4.62,3.83,$3.80,4.66,$1.92,9.21,$0.14B,$0.03B,5.36,$3.67B,$3.44B,1.07,$1.10B,$0.67B,61.06%,$1.10B,$0.27B,24.75%,$1.10B,$0.27B,24.75%,$1.10B,$0.55B,50.05%,$1.10B,$0.16B,14.19%,$1.10B,$0.46B,41.77%,$0.46B,$3.44B,13.68%,$0.46B,$3.44B,13.68%,$0.46B,$7.44B,6.27%,$0.27B,$7.11B,3.89%,$277,$110,$167,$0,$29,$212,$65,$-21,$44,$0,$44,$44,$124,$138,$65,$237,238,$0.52,$0.52,$139,$0,$0,$139,$6432,$0,$0,$864,$7296,$7436,$26,$3670,$296,$3966,$3992,$2,$-1332,$-0,$3444,$7436,$362,$143,$-320,$-177,$0,$0,$0,$-14,$-6,$179,$162,$0,$0,$0,$0,$0,$0,$162,$484,$-532,$-48,$-0,$-0,$-185,$-15,$-249,$92,$0,$-185
2,2018-03-31,14.94,$14.38,1.04,$4.57,3.27,$2.95,5.07,$1.47,10.16,$0.05B,$0.04B,1.52,$3.65B,$3.42B,1.07,$1.09B,$0.67B,61.27%,$1.09B,$0.27B,25.02%,$1.09B,$0.27B,25.02%,$1.09B,$0.55B,50.23%,$1.09B,$0.13B,11.87%,$1.09B,$0.35B,32.29%,$0.35B,$3.42B,10.54%,$0.35B,$3.42B,10.54%,$0.35B,$7.38B,4.83%,$0.27B,$7.06B,3.92%,$276,$108,$168,$0,$25,$204,$72,$-16,$56,$0,$56,$56,$236,$143,$72,$237,237,$0.99,$0.99,$53,$0,$0,$53,$6453,$0,$0,$878,$7331,$7384,$35,$3645,$288,$3933,$3968,$2,$-1364,$1,$3416,$7384,$237,$70,$-212,$-142,$0,$0,$0,$-29,$-11,$84,$80,$0,$0,$0,$0,$0,$0,$80,$485,$-541,$-56,$-0,$-0,$-93,$-10,$-158,$6,$0,$-93
3,2017-12-31,17.87,$13.79,1.3,$4.53,3.95,$2.55,7.01,$0.62,28.82,$0.05B,$0.02B,2.63,$3.68B,$3.28B,1.12,$1.08B,$0.66B,61.52%,$1.08B,$0.28B,25.56%,$1.08B,$0.28B,25.56%,$1.08B,$0.55B,51.21%,$1.08B,$0.11B,9.76%,$1.08B,$0.15B,13.66%,$0.15B,$3.28B,4.41%,$0.15B,$3.28B,4.41%,$0.15B,$7.29B,2.04%,$0.28B,$6.95B,3.99%,$279,$105,$174,$0,$46,$218,$60,$-40,$20,$0,$20,$20,$65,$127,$60,$237,237,$0.27,$0.27,$47,$0,$0,$47,$6370,$0,$0,$876,$7247,$7294,$18,$3675,$324,$3999,$4017,$2,$-1594,$87,$3277,$7294,$152,$277,$-52,$225,$0,$0,$0,$31,$30,$407,$-221,$0,$0,$0,$0,$0,$0,$-221,$-314,$269,$-45,$-0,$-0,$-371,$230,$-186,$-1,$0,$-371
4,2017-09-30,17.87,$13.83,1.29,$4.51,3.96,$2.33,7.67,$0.53,33.72,$0.04B,$0.03B,1.34,$3.56B,$3.29B,1.08,$1.07B,$0.66B,61.72%,$1.07B,$0.30B,28.10%,$1.07B,$0.30B,28.10%,$1.07B,$0.58B,54.53%,$1.07B,$0.13B,11.95%,$1.07B,$0.13B,11.67%,$0.13B,$3.29B,3.77%,$0.13B,$3.29B,3.77%,$0.13B,$7.19B,1.73%,$0.30B,$6.85B,4.37%,$267,$105,$162,$0,$20,$191,$75,$-40,$36,$0,$36,$36,$34,$142,$75,$237,237,$0.14,$0.14,$43,$0,$0,$43,$6362,$0,$0,$783,$7145,$7188,$32,$3559,$309,$3868,$3900,$2,$-1566,$66,$3288,$7188,$85,$210,$-1,$208,$0,$0,$0,$27,$41,$335,$-124,$0,$0,$0,$0,$0,$0,$-124,$-304,$144,$-160,$-0,$-0,$-287,$243,$-203,$7,$0,$-287
5,2017-06-30,18.32,$14.06,1.3,$4.50,4.07,$1.91,9.59,$0.51,35.91,$0.04B,$0.02B,2.34,$3.52B,$3.34B,1.05,$1.07B,$0.66B,61.80%,$1.07B,$0.30B,27.81%,$1.07B,$0.30B,27.81%,$1.07B,$0.59B,54.78%,$1.07B,$0.12B,11.24%,$1.07B,$0.12B,11.14%,$0.12B,$3.34B,3.61%,$0.12B,$3.34B,3.61%,$0.12B,$7.18B,1.65%,$0.30B,$6.86B,4.31%,$265,$103,$162,$0,$23,$200,$65,$-47,$17,$0,$17,$17,$16,$134,$65,$237,237,$0.07,$0.07,$41,$0,$0,$41,$6373,$0,$0,$769,$7143,$7184,$17,$3523,$303,$3825,$3843,$2,$-1508,$59,$3341,$7184,$50,$143,$3,$146,$0,$0,$0,$17,$16,$211,$-72,$0,$0,$0,$0,$0,$0,$-72,$-302,$107,$-195,$-0,$-0,$-185,$247,$-134,$5,$0,$-185
6,2017-03-31,17.83,$14.39,1.24,$4.48,3.98,$1.28,13.93,$0.61,29.23,$0.04B,$0.03B,1.06,$3.48B,$3.42B,1.02,$1.06B,$0.66B,62.22%,$1.06B,$0.31B,28.85%,$1.06B,$0.31B,28.85%,$1.06B,$0.60B,56.20%,$1.06B,$0.14B,12.97%,$1.06B,$0.14B,13.35%,$0.14B,$3.42B,4.32%,$0.14B,$3.42B,4.32%,$0.14B,$7.22B,1.96%,$0.31B,$6.90B,4.44%,$265,$101,$164,$0,$15,$190,$75,$-43,$32,$0,$32,$32,$32,$148,$75,$237,237,$0.14,$0.14,$35,$0,$0,$35,$6391,$0,$0,$794,$7185,$7220,$34,$3483,$285,$3768,$3801,$2,$-1431,$59,$3419,$7220,$32,$73,$-5,$69,$0,$0,$0,$-2,$13,$114,$-44,$0,$0,$0,$0,$0,$0,$-44,$-3,$-230,$-233,$0,$0,$-93,$256,$-70,$-0,$0,$-93
7,2016-12-31,16.33,$13.47,1.21,$4.46,3.66,$1.31,12.47,$0.60,27.21,$0.05B,$0.04B,1.33,$3.71B,$3.20B,1.16,$1.06B,$0.66B,62.25%,$1.06B,$0.30B,28.67%,$1.06B,$0.30B,28.67%,$1.06B,$0.59B,56.01%,$1.06B,$0.14B,12.96%,$1.06B,$0.14B,13.34%,$0.14B,$3.20B,4.32%,$0.14B,$3.20B,4.32%,$0.14B,$7.23B,1.95%,$0.30B,$6.91B,4.40%,$274,$101,$173,$0,$12,$188,$86,$-43,$43,$0,$43,$43,$43,$160,$86,$237,237,$0.18,$0.18,$36,$0,$0,$54,$6347,$0,$0,$827,$7174,$7228,$41,$3714,$273,$3988,$4028,$2,$-1371,$35,$3199,$7228,$141,$289,$-6,$282,$0,$0,$0,$2,$3,$427,$-293,$0,$0,$0,$0,$0,$0,$-293,$692,$-448,$244,$-0,$-0,$-370,$-12,$-140,$-6,$0,$-370
8,2016-09-30,19.24,$13.64,1.41,$4.45,4.32,$-2.68,0.0,$0.46,41.84,$0.05B,$0.03B,1.42,$3.65B,$3.24B,1.13,$1.05B,$0.65B,61.94%,$1.05B,$0.30B,28.64%,$1.05B,$0.30B,28.64%,$1.05B,$0.59B,55.95%,$1.05B,$0.10B,9.90%,$1.05B,$0.11B,10.28%,$0.11B,$3.24B,3.27%,$0.11B,$3.24B,3.27%,$0.11B,$7.23B,1.50%,$0.30B,$6.89B,4.38%,$264,$103,$161,$0,$12,$193,$71,$-43,$28,$0,$28,$28,$28,$143,$71,$237,237,$0.12,$0.12,$47,$0,$0,$47,$6387,$0,$0,$796,$7183,$7230,$33,$3653,$305,$3958,$3991,$2,$-1321,$24,$3239,$7230,$98,$215,$-4,$212,$0,$0,$0,$16,$32,$342,$-232,$0,$0,$0,$0,$0,$0,$-232,$743,$-560,$183,$-0,$-0,$-278,$-12,$-107,$3,$0,$-278
9,2016-06-30,17.34,$13.83,1.25,$4.41,3.93,$-6.79,0.0,$0.50,34.68,$0.03B,$0.02B,1.77,$3.66B,$3.29B,1.12,$1.04B,$0.65B,62.19%,$1.04B,$0.31B,29.46%,$1.04B,$0.31B,29.46%,$1.04B,$0.59B,56.91%,$1.04B,$0.11B,10.94%,$1.04B,$0.12B,11.32%,$0.12B,$3.29B,3.50%,$0.12B,$3.29B,3.50%,$0.12B,$7.27B,1.63%,$0.31B,$6.95B,4.45%,$261,$97,$164,$0,$12,$186,$75,$-40,$35,$0,$35,$35,$39,$147,$75,$237,237,$0.17,$0.17,$33,$0,$0,$33,$6419,$0,$0,$814,$7233,$7266,$18,$3664,$298,$3962,$3980,$2,$-1257,$8,$3286,$7266,$71,$143,$-3,$140,$0,$0,$0,$4,$6,$216,$-227,$0,$0,$0,$0,$0,$0,$-227,$218,$-26,$192,$0,$0,$-185,$-9,$-2,$-12,$0,$-185
10,2016-03-31,14.56,$13.99,1.04,$4.36,3.34,$-10.65,0.0,$0.48,30.34,$0.05B,$0.03B,1.37,$3.50B,$3.32B,1.05,$1.03B,$0.64B,62.06%,$1.03B,$0.31B,29.86%,$1.03B,$0.31B,29.86%,$1.03B,$0.58B,56.81%,$1.03B,$0.12B,11.28%,$1.03B,$0.12B,11.19%,$0.12B,$3.32B,3.34%,$0.12B,$3.32B,3.34%,$0.12B,$7.15B,1.59%,$0.31B,$6.82B,4.44%,$258,$98,$160,$0,$11,$188,$71,$-39,$31,$0,$31,$31,$31,$142,$71,$237,237,$0.13,$0.13,$46,$0,$0,$46,$6297,$0,$0,$812,$7108,$7154,$34,$3498,$300,$3798,$3831,$2,$-1203,$-8,$3323,$7154,$31,$71,$2,$73,$0,$0,$0,$2,$18,$123,$-46,$0,$0,$0,$0,$0,$0,$-46,$240,$-214,$26,$0,$0,$-93,$-9,$-75,$2,$0,$-93
11,2015-12-31,11.76,$14.15,0.83,$4.31,2.73,$-12.85,0.0,$0.53,22.19,$0.06B,$0.03B,1.93,$3.48B,$3.36B,1.04,$1.00B,$0.62B,62.16%,$1.00B,$0.31B,31.33%,$1.00B,$0.31B,31.33%,$1.00B,$0.57B,57.46%,$1.00B,$0.13B,12.51%,$1.00B,$0.12B,12.41%,$0.12B,$3.36B,3.54%,$0.12B,$3.36B,3.54%,$0.12B,$7.16B,1.75%,$0.31B,$6.84B,4.61%,$268,$101,$166,$0,$10,$184,$84,$-74,$10,$0,$10,$10,$10,$156,$84,$233,233,$0.04,$0.04,$44,$0,$0,$62,$6309,$0,$0,$789,$7098,$7160,$32,$3479,$289,$3768,$3800,$2,$-1142,$-33,$3360,$7160,$124,$260,$21,$281,$0,$0,$0,$4,$1,$406,$-1202,$0,$0,$0,$-11,$-11,$0,$-1213,$-176,$695,$519,$659,$659,$-356,$-4,$818,$10,$0,$-356
12,2015-09-30,12.41,$14.76,0.84,$4.31,2.88,$-14.02,0.0,$0.71,17.48,$0.07B,$0.03B,2.07,$3.50B,$3.51B,1.0,$0.96B,$0.60B,62.54%,$0.96B,$0.31B,32.47%,$0.96B,$0.31B,32.47%,$0.96B,$0.55B,57.34%,$0.96B,$0.16B,16.86%,$0.96B,$0.16B,16.55%,$0.16B,$3.51B,4.68%,$0.16B,$3.51B,4.68%,$0.16B,$7.35B,2.34%,$0.31B,$7.01B,4.79%,$255,$97,$158,$0,$10,$178,$77,$-39,$38,$0,$38,$38,$38,$148,$77,$237,237,$0.16,$0.16,$70,$0,$0,$70,$6338,$0,$0,$916,$7283,$7353,$34,$3502,$312,$3814,$3847,$2,$-1027,$-1,$3506,$7353,$114,$187,$-14,$174,$0,$0,$0,$19,$33,$321,$-1186,$0,$0,$0,$-10,$-10,$0,$-1196,$130,$388,$518,$659,$659,$-264,$-4,$909,$34,$0,$-264
13,2015-06-30,13.15,$15.02,0.88,$4.30,3.06,$-14.88,0.0,$0.73,18.01,$0.06B,$0.02B,2.89,$3.44B,$3.57B,0.96,$0.92B,$0.58B,62.51%,$0.92B,$0.31B,33.48%,$0.92B,$0.31B,33.48%,$0.92B,$0.53B,57.10%,$0.92B,$0.16B,17.55%,$0.92B,$0.16B,17.12%,$0.16B,$3.57B,4.83%,$0.16B,$3.57B,4.83%,$0.16B,$7.35B,2.45%,$0.31B,$7.01B,4.98%,$247,$94,$154,$0,$12,$172,$75,$-38,$37,$0,$37,$37,$36,$138,$75,$236,236,$0.15,$0.15,$61,$0,$0,$61,$6326,$0,$0,$933,$7287,$7348,$21,$3440,$321,$3761,$3782,$2,$-973,$6,$3566,$7348,$76,$117,$-7,$110,$0,$0,$0,$30,$31,$217,$-1137,$0,$0,$0,$-10,$-10,$0,$-1147,$-66,$535,$469,$660,$660,$-171,$-2,$955,$25,$0,$-171
14,2015-03-31,16.32,$15.21,1.07,$4.29,3.81,$-15.90,0.0,$0.77,21.2,$0.09B,$0.03B,2.67,$2.72B,$3.58B,0.76,$0.88B,$0.55B,62.29%,$0.88B,$0.30B,34.20%,$0.88B,$0.30B,34.20%,$0.88B,$0.51B,57.19%,$0.88B,$0.16B,18.01%,$0.88B,$0.16B,18.12%,$0.16B,$3.58B,5.10%,$0.16B,$3.58B,5.10%,$0.16B,$6.54B,2.61%,$0.30B,$6.29B,5.12%,$229,$86,$143,$0,$11,$151,$77,$-37,$40,$0,$40,$40,$40,$132,$77,$221,221,$0.18,$0.18,$85,$0,$0,$85,$5694,$0,$0,$728,$6452,$6537,$32,$2719,$211,$2930,$2962,$2,$-918,$5,$3575,$6537,$40,$54,$-2,$52,$0,$0,$0,$2,$14,$106,$-521,$0,$0,$0,$0,$0,$0,$-521,$-32,$-80,$-112,$660,$660,$-80,$-2,$466,$50,$0,$-80
15,2014-12-31,16.0,$14.48,1.1,$4.27,3.74,$-13.88,0.0,$0.80,19.99,$0.06B,$0.03B,1.78,$2.80B,$2.95B,0.95,$0.85B,$0.52B,61.66%,$0.85B,$0.29B,34.56%,$0.85B,$0.29B,34.56%,$0.85B,$0.48B,56.80%,$0.85B,$0.16B,18.58%,$0.85B,$0.16B,18.82%,$0.16B,$2.95B,5.43%,$0.16B,$2.95B,5.43%,$0.16B,$5.97B,2.80%,$0.29B,$5.75B,5.32%,$230,$84,$146,$0,$11,$147,$83,$-36,$47,$0,$47,$47,$45,$133,$83,$199,199,$0.22,$0.22,$38,$0,$0,$56,$5249,$0,$0,$632,$5912,$5968,$32,$2801,$183,$2984,$3016,$2,$-878,$3,$2952,$5968,$159,$189,$-11,$179,$0,$0,$0,$10,$14,$351,$-1263,$0,$0,$0,$-1,$-1,$0,$-1264,$912,$-20,$892,$323,$323,$-306,$-8,$901,$-12,$0,$-306
16,2014-09-30,14.87,$14.64,1.02,$4.19,3.55,$-8.48,0.0,$0.96,15.49,$0.09B,$0.03B,2.82,$2.76B,$2.98B,0.93,$0.82B,$0.50B,61.10%,$0.82B,$0.28B,34.72%,$0.82B,$0.28B,34.72%,$0.82B,$0.46B,56.69%,$0.82B,$0.15B,18.90%,$0.82B,$0.19B,22.82%,$0.19B,$2.98B,6.45%,$0.19B,$2.98B,6.45%,$0.19B,$5.99B,3.45%,$0.28B,$5.75B,5.42%,$217,$83,$134,$0,$10,$143,$74,$-36,$38,$0,$37,$37,$37,$124,$74,$204,204,$0.18,$0.18,$92,$0,$0,$92,$5238,$0,$0,$628,$5897,$5989,$33,$2762,$210,$2972,$3005,$2,$-844,$2,$2984,$5989,$113,$139,$-9,$129,$0,$0,$0,$22,$39,$282,$-1200,$0,$0,$0,$18,$18,$0,$-1182,$954,$-100,$854,$323,$323,$-226,$-8,$942,$42,$0,$-226
17,2014-06-30,16.98,$14.87,1.14,$4.12,4.12,$-3.63,0.0,$0.98,17.33,$0.09B,$0.02B,4.43,$2.77B,$3.03B,0.91,$0.79B,$0.48B,60.76%,$0.79B,$0.28B,35.03%,$0.79B,$0.28B,35.03%,$0.79B,$0.45B,56.82%,$0.79B,$0.15B,19.36%,$0.79B,$0.19B,23.82%,$0.19B,$3.03B,6.61%,$0.19B,$3.03B,6.61%,$0.19B,$6.02B,3.67%,$0.28B,$5.80B,5.54%,$207,$80,$127,$0,$10,$139,$68,$-34,$34,$0,$34,$34,$38,$116,$68,$200,200,$0.19,$0.19,$90,$0,$0,$90,$5259,$0,$0,$634,$5927,$6017,$20,$2766,$201,$2967,$2987,$2,$-801,$7,$3030,$6017,$76,$88,$-6,$82,$0,$0,$0,$16,$21,$179,$-1163,$0,$0,$0,$-1,$-1,$0,$-1164,$957,$-100,$857,$323,$323,$-147,$-8,$1025,$40,$0,$-147
18,2014-03-31,15.44,$14.56,1.06,$4.08,3.79,$1.57,9.86,$0.82,18.83,$0.04B,$0.02B,1.99,$1.93B,$2.74B,0.71,$0.77B,$0.46B,60.39%,$0.77B,$0.27B,35.03%,$0.77B,$0.27B,35.03%,$0.77B,$0.43B,56.47%,$0.77B,$0.15B,19.61%,$0.77B,$0.16B,20.26%,$0.16B,$2.74B,5.58%,$0.16B,$2.74B,5.58%,$0.16B,$4.78B,3.25%,$0.27B,$4.68B,5.73%,$191,$78,$114,$0,$8,$125,$67,$-29,$38,$0,$38,$38,$39,$107,$67,$188,188,$0.21,$0.21,$43,$0,$0,$43,$4410,$0,$0,$298,$4735,$4779,$22,$1934,$82,$2016,$2038,$2,$-766,$7,$2741,$4779,$39,$41,$-1,$40,$0,$0,$0,$6,$12,$90,$-65,$0,$0,$0,$0,$0,$0,$-65,$-3,$45,$42,$0,$0,$-73,$0,$-32,$-6,$0,$-73
19,2013-12-31,15.01,$14.76,1.02,$4.07,3.69,$1.41,10.61,$0.80,18.76,$0.07B,$0.03B,2.58,$1.89B,$2.78B,0.68,$0.76B,$0.46B,60.58%,$0.76B,$0.27B,34.82%,$0.76B,$0.27B,34.82%,$0.76B,$0.43B,56.37%,$0.76B,$0.15B,19.19%,$0.76B,$0.15B,19.84%,$0.15B,$2.78B,5.37%,$0.15B,$2.78B,5.37%,$0.15B,$4.77B,3.16%,$0.27B,$4.67B,5.66%,$200,$77,$123,$0,$8,$127,$74,$-29,$44,$0,$44,$44,$72,$115,$74,$187,187,$0.39,$0.39,$52,$0,$0,$71,$4423,$0,$0,$242,$4693,$4765,$28,$1893,$67,$1960,$1988,$2,$-731,$8,$2777,$4765,$151,$164,$2,$165,$0,$0,$0,$-10,$-10,$307,$-153,$0,$0,$0,$0,$0,$0,$-153,$-36,$-90,$-126,$262,$262,$-289,$-3,$-157,$-3,$0,$-289
20,2013-09-30,15.5,$14.76,1.05,$4.12,3.76,$0.10,152.4,$0.67,23.13,$0.06B,$0.02B,2.86,$1.92B,$2.78B,0.69,$0.75B,$0.46B,60.67%,$0.75B,$0.26B,35.07%,$0.75B,$0.26B,35.07%,$0.75B,$0.42B,56.53%,$0.75B,$0.14B,19.20%,$0.75B,$0.12B,16.53%,$0.12B,$2.78B,4.46%,$0.12B,$2.78B,4.46%,$0.12B,$4.81B,2.59%,$0.26B,$4.70B,5.62%,$187,$75,$113,$0,$8,$121,$66,$-30,$36,$0,$36,$36,$38,$108,$66,$188,188,$0.20,$0.20,$62,$0,$0,$62,$4390,$0,$0,$326,$4745,$4807,$22,$1921,$88,$2009,$2031,$2,$-730,$7,$2776,$4807,$79,$123,$28,$150,$0,$0,$0,$13,$19,$248,$-186,$0,$0,$0,$3,$3,$0,$-183,$-33,$-65,$-98,$262,$262,$-216,$-3,$-55,$10,$0,$-216
21,2013-06-30,16.97,$14.95,1.14,$4.02,4.23,$0.97,17.54,$0.62,27.37,$0.05B,$0.02B,3.17,$1.84B,$2.81B,0.66,$0.72B,$0.45B,62.73%,$0.72B,$0.26B,35.88%,$0.72B,$0.26B,35.88%,$0.72B,$0.42B,57.86%,$0.72B,$0.13B,18.50%,$0.72B,$0.11B,15.58%,$0.11B,$2.81B,4.07%,$0.11B,$2.81B,4.07%,$0.11B,$4.75B,2.36%,$0.26B,$4.66B,5.56%,$187,$74,$112,$0,$8,$126,$61,$-29,$32,$0,$32,$32,$6,$102,$61,$188,188,$0.03,$0.03,$50,$0,$0,$50,$4391,$0,$0,$281,$4699,$4749,$16,$1843,$78,$1921,$1936,$2,$-694,$9,$2812,$4749,$41,$81,$30,$111,$0,$0,$0,$-0,$-1,$151,$-99,$0,$0,$0,$0,$0,$0,$-99,$-17,$-160,$-177,$262,$262,$-142,$-0,$-57,$-5,$0,$-142
22,2013-03-31,17.31,$15.34,1.13,$3.91,4.43,$0.71,24.52,$0.79,21.91,$0.05B,$0.02B,2.36,$1.83B,$2.88B,0.63,$0.68B,$0.44B,65.68%,$0.68B,$0.26B,38.02%,$0.68B,$0.26B,38.02%,$0.68B,$0.41B,60.65%,$0.68B,$0.13B,19.67%,$0.68B,$0.14B,20.56%,$0.14B,$2.88B,5.24%,$0.14B,$2.88B,5.24%,$0.14B,$4.81B,2.98%,$0.26B,$4.71B,5.62%,$187,$74,$113,$0,$9,$123,$64,$-29,$34,$0,$34,$34,$35,$104,$64,$185,185,$0.19,$0.19,$51,$0,$0,$51,$4479,$0,$0,$253,$4760,$4811,$22,$1827,$79,$1906,$1927,$2,$-627,$13,$2884,$4811,$35,$40,$-1,$40,$0,$0,$0,$-7,$-1,$74,$-77,$0,$0,$0,$0,$0,$0,$-77,$-3,$-190,$-193,$262,$262,$-69,$-0,$-0,$-3,$0,$-69
23,2012-12-31,15.01,$14.99,1.0,$3.79,3.96,$1.15,13.04,$0.80,18.76,$0.07B,$0.03B,2.57,$2.01B,$2.65B,0.76,$0.63B,$0.44B,68.93%,$0.63B,$0.25B,40.06%,$0.63B,$0.25B,40.06%,$0.63B,$0.40B,63.41%,$0.63B,$0.13B,20.82%,$0.63B,$0.14B,21.45%,$0.14B,$2.65B,5.34%,$0.14B,$2.65B,5.34%,$0.14B,$4.75B,2.98%,$0.25B,$4.65B,5.69%,$189,$72,$117,$0,$7,$117,$72,$-29,$42,$0,$42,$43,$45,$110,$72,$170,170,$0.25,$0.25,$52,$0,$0,$70,$4305,$0,$0,$344,$4678,$4748,$27,$2007,$68,$2074,$2101,$2,$-593,$5,$2647,$4748,$136,$148,$-5,$143,$0,$0,$0,$11,$4,$283,$-367,$0,$0,$0,$1,$1,$38,$-328,$-142,$190,$48,$287,$287,$-260,$-13,$63,$19,$0,$-260
24,2012-09-30,13.59,$15.13,0.9,$3.52,3.86,$3.08,4.41,$0.79,17.2,$0.03B,$0.02B,1.47,$1.87B,$2.67B,0.7,$0.57B,$0.42B,73.95%,$0.57B,$0.24B,42.48%,$0.57B,$0.24B,42.48%,$0.57B,$0.39B,67.48%,$0.57B,$0.10B,18.01%,$0.57B,$0.13B,22.73%,$0.13B,$2.67B,5.20%,$0.13B,$2.67B,5.20%,$0.13B,$4.65B,2.91%,$0.24B,$4.54B,5.55%,$156,$47,$109,$0,$8,$95,$61,$-37,$25,$0,$25,$25,$26,$100,$61,$175,175,$0.15,$0.15,$32,$0,$0,$32,$4372,$0,$0,$211,$4614,$4646,$22,$1868,$85,$1953,$1975,$2,$-569,$5,$2671,$4646,$91,$110,$-1,$109,$0,$0,$0,$39,$39,$239,$-30,$0,$-256,$0,$1,$1,$38,$-246,$-134,$55,$-79,$287,$287,$-191,$-12,$5,$-3,$0,$-191
25,2012-06-30,13.69,$14.85,0.92,$3.37,4.07,$2.81,4.87,$0.84,16.3,$0.03B,$0.01B,2.29,$1.97B,$2.42B,0.81,$0.53B,$0.41B,76.98%,$0.53B,$0.24B,44.72%,$0.53B,$0.24B,44.72%,$0.53B,$0.37B,69.81%,$0.53B,$0.11B,20.38%,$0.53B,$0.13B,25.28%,$0.13B,$2.42B,5.56%,$0.13B,$2.42B,5.56%,$0.13B,$4.47B,3.11%,$0.24B,$4.38B,5.61%,$144,$40,$105,$0,$8,$84,$60,$-28,$32,$0,$32,$32,$33,$96,$60,$163,163,$0.20,$0.20,$30,$0,$0,$30,$4178,$0,$0,$235,$4436,$4467,$13,$1965,$72,$2037,$2050,$2,$-527,$-3,$2416,$4467,$66,$71,$-3,$68,$0,$0,$0,$22,$13,$147,$-144,$0,$0,$0,$0,$0,$38,$-106,$-280,$360,$80,$0,$0,$-124,$-0,$-44,$-3,$0,$-124
26,2012-03-31,13.29,$15.04,0.88,$3.19,4.16,$3.61,3.68,$1.00,13.29,$0.07B,$0.02B,3.75,$1.85B,$2.45B,0.76,$0.49B,$0.39B,80.70%,$0.49B,$0.23B,47.23%,$0.49B,$0.23B,47.23%,$0.49B,$0.36B,72.90%,$0.49B,$0.13B,26.08%,$0.49B,$0.15B,31.21%,$0.15B,$2.45B,6.52%,$0.15B,$2.45B,6.52%,$0.15B,$4.38B,3.68%,$0.23B,$4.30B,5.69%,$145,$39,$106,$0,$8,$84,$61,$-28,$33,$0,$32,$32,$32,$96,$61,$163,163,$0.20,$0.20,$36,$0,$0,$74,$4079,$0,$0,$207,$4310,$4384,$20,$1852,$67,$1918,$1938,$2,$-499,$-2,$2446,$4384,$32,$35,$0,$36,$0,$0,$0,$7,$4,$72,$-3,$0,$-30,$0,$0,$0,$0,$-33,$-241,$265,$24,$0,$0,$-62,$-0,$-38,$2,$0,$-62
27,2011-12-31,13.29,$15.20,0.87,$3.00,4.44,$2.59,5.13,$1.02,13.03,$0.09B,$0.03B,3.37,$1.83B,$2.47B,0.74,$0.44B,$0.38B,85.03%,$0.44B,$0.22B,50.57%,$0.44B,$0.22B,50.57%,$0.44B,$0.34B,77.32%,$0.44B,$0.13B,28.57%,$0.44B,$0.15B,34.47%,$0.15B,$2.47B,6.76%,$0.15B,$2.47B,6.76%,$0.15B,$4.38B,3.89%,$0.22B,$4.30B,5.82%,$127,$24,$103,$0,$7,$66,$61,$-48,$13,$-0,$13,$13,$39,$94,$61,$150,150,$0.23,$0.23,$31,$0,$0,$87,$4091,$0,$0,$179,$4296,$4383,$26,$1827,$57,$1885,$1910,$2,$-469,$-4,$2473,$4383,$151,$118,$-30,$88,$0,$0,$0,$8,$15,$254,$-39,$0,$-797,$0,$34,$34,$-38,$-841,$532,$-128,$404,$432,$432,$-224,$-14,$599,$13,$0,$-224
28,2011-09-30,12.54,$15.05,0.83,$2.91,4.3,$2.55,4.91,$1.04,12.05,$0.08B,$0.02B,5.15,$1.61B,$2.31B,0.7,$0.41B,$0.36B,88.11%,$0.41B,$0.22B,52.43%,$0.41B,$0.22B,52.43%,$0.41B,$0.33B,78.88%,$0.41B,$0.15B,35.68%,$0.41B,$0.15B,35.68%,$0.15B,$2.31B,6.80%,$0.15B,$2.31B,6.80%,$0.15B,$4.00B,4.01%,$0.22B,$3.91B,6.02%,$114,$20,$94,$0,$7,$59,$55,$-24,$30,$0,$30,$30,$30,$84,$55,$153,153,$0.20,$0.20,$34,$0,$0,$82,$3692,$0,$0,$207,$3921,$4003,$16,$1605,$73,$1678,$1694,$2,$-446,$-5,$2310,$4003,$113,$85,$-28,$57,$0,$0,$0,$-3,$-2,$168,$-25,$0,$-510,$0,$34,$34,$-48,$-550,$240,$82,$322,$247,$247,$-162,$-10,$398,$16,$0,$-162
29,2011-06-30,13.41,$14.82,0.9,$2.81,4.78,$2.89,4.64,$1.06,12.65,$0.04B,$0.02B,2.13,$1.55B,$2.10B,0.74,$0.38B,$0.35B,91.03%,$0.38B,$0.21B,55.15%,$0.38B,$0.21B,55.15%,$0.38B,$0.31B,82.32%,$0.38B,$0.15B,38.26%,$0.38B,$0.15B,38.26%,$0.15B,$2.10B,7.08%,$0.15B,$2.10B,7.08%,$0.15B,$3.73B,4.25%,$0.21B,$3.66B,6.24%,$101,$11,$90,$0,$7,$48,$53,$-2,$51,$0,$51,$51,$51,$81,$53,$142,142,$0.36,$0.36,$34,$0,$0,$43,$3499,$0,$0,$168,$3691,$3733,$20,$1552,$58,$1610,$1630,$1,$-420,$10,$2103,$3733,$83,$55,$-27,$29,$0,$0,$0,$15,$20,$132,$-16,$0,$-307,$0,$34,$34,$-9,$-299,$243,$56,$299,$-0,$-0,$-105,$-10,$184,$17,$0,$-105
30,2011-03-31,12.99,$14.88,0.87,$2.73,4.76,$2.92,4.46,$0.89,14.6,$0.02B,$0.02B,1.24,$1.35B,$2.11B,0.64,$0.36B,$0.33B,92.48%,$0.36B,$0.20B,56.82%,$0.36B,$0.20B,56.82%,$0.36B,$0.30B,84.40%,$0.36B,$0.12B,33.15%,$0.36B,$0.12B,33.15%,$0.12B,$2.11B,5.98%,$0.12B,$2.11B,5.98%,$0.12B,$3.53B,3.69%,$0.20B,$3.46B,6.44%,$99,$10,$88,$0,$6,$44,$54,$-23,$32,$0,$32,$32,$32,$82,$54,$142,142,$0.22,$0.22,$20,$0,$0,$20,$3311,$0,$0,$178,$3505,$3525,$16,$1347,$51,$1398,$1414,$1,$-418,$17,$2111,$3525,$32,$27,$-3,$24,$0,$0,$0,$7,$9,$65,$-148,$0,$0,$0,$0,$0,$0,$-148,$245,$-103,$142,$-0,$-0,$-52,$-2,$87,$4,$0,$-52
31,2010-12-31,12.16,$15.00,0.81,$2.67,4.56,$3.91,3.11,$0.90,13.52,$0.03B,$0.02B,1.93,$1.21B,$2.13B,0.57,$0.34B,$0.32B,94.12%,$0.34B,$0.20B,58.24%,$0.34B,$0.20B,58.24%,$0.34B,$0.29B,85.88%,$0.34B,$0.12B,34.41%,$0.34B,$0.12B,34.41%,$0.12B,$2.13B,6.06%,$0.12B,$2.13B,6.06%,$0.12B,$3.39B,3.79%,$0.20B,$3.33B,6.52%,$98,$7,$91,$0,$5,$44,$54,$-20,$34,$0,$34,$34,$34,$78,$54,$128,128,$0.26,$0.26,$16,$0,$0,$33,$3223,$0,$0,$120,$3359,$3393,$17,$1205,$42,$1247,$1265,$1,$-397,$14,$2128,$3393,$116,$94,$2,$96,$0,$0,$0,$0,$1,$214,$-34,$0,$-431,$0,$1,$1,$0,$-465,$91,$68,$159,$282,$282,$-185,$-5,$251,$0,$0,$-185
32,2010-09-30,12.83,$14.53,0.88,$2.62,4.9,$4.23,3.03,$0.89,14.42,$0.01B,$0.01B,1.04,$1.09B,$1.85B,0.59,$0.33B,$0.31B,94.55%,$0.33B,$0.20B,60.30%,$0.33B,$0.20B,60.30%,$0.33B,$0.29B,88.48%,$0.33B,$0.12B,34.85%,$0.33B,$0.12B,34.85%,$0.12B,$1.85B,6.13%,$0.12B,$1.85B,6.13%,$0.12B,$3.00B,3.85%,$0.20B,$2.94B,6.77%,$81,$5,$76,$0,$6,$33,$48,$-20,$28,$0,$28,$28,$28,$71,$48,$127,127,$0.22,$0.22,$14,$0,$0,$14,$2862,$0,$0,$108,$2986,$3000,$13,$1091,$43,$1134,$1147,$1,$-384,$7,$1853,$3000,$83,$70,$3,$73,$0,$0,$0,$6,$6,$161,$0,$0,$-68,$0,$1,$1,$0,$-67,$93,$-48,$45,$0,$0,$-138,$-4,$-97,$-2,$0,$-138
33,2010-06-30,10.8,$14.62,0.74,$2.58,4.19,$4.31,2.51,$0.80,13.5,$0.03B,$0.02B,2.06,$1.08B,$1.86B,0.58,$0.32B,$0.30B,94.70%,$0.32B,$0.19B,60.44%,$0.32B,$0.19B,60.44%,$0.32B,$0.28B,88.47%,$0.32B,$0.10B,32.09%,$0.32B,$0.10B,32.09%,$0.10B,$1.86B,5.45%,$0.10B,$1.86B,5.45%,$0.10B,$2.99B,3.46%,$0.19B,$2.94B,6.63%,$81,$4,$77,$0,$5,$32,$48,$-24,$25,$0,$25,$25,$25,$72,$48,$127,127,$0.19,$0.19,$30,$0,$0,$30,$2852,$0,$0,$95,$2963,$2993,$15,$1081,$35,$1116,$1131,$1,$-366,$0,$1863,$2993,$55,$46,$4,$50,$0,$0,$0,$1,$2,$107,$0,$0,$-31,$0,$-0,$-0,$0,$-31,$95,$-60,$35,$0,$0,$-92,$-4,$-61,$15,$0,$-92
34,2010-03-31,11.71,$14.80,0.79,$2.52,4.65,$4.37,2.68,$0.86,13.62,$0.01B,$0.01B,0.94,$1.04B,$1.89B,0.55,$0.31B,$0.29B,94.82%,$0.31B,$0.19B,60.52%,$0.31B,$0.19B,60.52%,$0.31B,$0.27B,88.35%,$0.31B,$0.11B,35.28%,$0.31B,$0.11B,35.28%,$0.11B,$1.89B,5.80%,$0.11B,$1.89B,5.80%,$0.11B,$2.97B,3.80%,$0.19B,$2.92B,6.63%,$80,$4,$76,$0,$5,$32,$48,$-18,$30,$0,$30,$30,$30,$71,$48,$127,127,$0.24,$0.24,$10,$0,$0,$10,$2849,$0,$0,$92,$2956,$2966,$11,$1038,$32,$1070,$1081,$1,$-345,$2,$1885,$2966,$30,$23,$0,$23,$0,$0,$0,$2,$-1,$52,$0,$0,$-6,$0,$-0,$-0,$0,$-6,$-2,$-2,$-4,$0,$0,$-46,$-1,$-51,$-5,$0,$-46
35,2009-12-31,11.37,$14.92,0.76,$2.47,4.61,$4.41,2.58,$0.90,12.63,$0.03B,$0.02B,1.99,$1.04B,$1.90B,0.55,$0.30B,$0.28B,94.95%,$0.30B,$0.18B,60.94%,$0.30B,$0.18B,60.94%,$0.30B,$0.26B,88.55%,$0.30B,$0.11B,37.37%,$0.30B,$0.11B,37.37%,$0.11B,$1.90B,5.96%,$0.11B,$1.90B,5.96%,$0.11B,$2.99B,4.03%,$0.18B,$2.94B,6.68%,$88,$5,$83,$0,$5,$33,$55,$-23,$32,$0,$32,$32,$32,$78,$55,$122,122,$0.25,$0.25,$15,$0,$0,$32,$2864,$0,$0,$77,$2956,$2988,$16,$1042,$29,$1071,$1087,$1,$-329,$2,$1901,$2988,$110,$82,$15,$97,$0,$0,$0,$-0,$2,$209,$0,$0,$-548,$0,$-9,$-9,$0,$-557,$509,$-197,$312,$224,$224,$-171,$-12,$352,$5,$0,$-171
36,2009-09-30,9.75,$15.04,0.65,$2.42,4.03,$-3.76,0.0,$0.93,10.49,$0.08B,$0.01B,7.09,$0.98B,$1.92B,0.51,$0.28B,$0.27B,95.71%,$0.28B,$0.17B,61.79%,$0.28B,$0.17B,61.79%,$0.28B,$0.25B,89.64%,$0.28B,$0.11B,40.00%,$0.28B,$0.11B,39.64%,$0.11B,$1.92B,6.10%,$0.11B,$1.92B,6.10%,$0.11B,$2.96B,4.22%,$0.17B,$2.90B,6.68%,$72,$4,$68,$0,$5,$30,$43,$-27,$16,$0,$16,$16,$16,$63,$43,$122,122,$0.13,$0.13,$77,$0,$0,$77,$2766,$0,$0,$97,$2878,$2955,$11,$984,$44,$1028,$1039,$1,$-315,$4,$1916,$2955,$78,$59,$11,$71,$0,$0,$0,$13,$12,$161,$3,$0,$-424,$0,$-5,$-5,$-9,$-435,$511,$-257,$254,$224,$224,$-126,$-11,$341,$66,$0,$-126
37,2009-06-30,8.14,$15.02,0.54,$2.35,3.46,$-3.94,0.0,$1.05,7.75,$0.01B,$0.01B,0.92,$0.71B,$1.81B,0.39,$0.27B,$0.26B,96.64%,$0.27B,$0.17B,62.69%,$0.27B,$0.17B,62.69%,$0.27B,$0.24B,90.30%,$0.27B,$0.13B,46.64%,$0.27B,$0.12B,46.27%,$0.12B,$1.81B,6.98%,$0.12B,$1.81B,6.98%,$0.12B,$2.56B,5.00%,$0.17B,$2.52B,6.88%,$69,$3,$66,$0,$5,$28,$41,$-11,$31,$0,$31,$31,$31,$61,$41,$120,120,$0.25,$0.25,$10,$0,$0,$10,$2480,$0,$0,$64,$2550,$2560,$11,$707,$33,$740,$751,$1,$-288,$-3,$1810,$2560,$62,$39,$0,$39,$0,$0,$0,$8,$7,$108,$0,$0,$-95,$0,$-2,$-2,$0,$-97,$-1,$-22,$-23,$97,$97,$-82,$-2,$-11,$-1,$0,$-82
38,2009-03-31,6.85,$15.11,0.45,$2.31,2.97,$-4.01,0.0,$1.02,6.72,$0.01B,$0.01B,1.26,$0.65B,$1.82B,0.36,$0.25B,$0.25B,97.62%,$0.25B,$0.16B,63.89%,$0.25B,$0.16B,63.89%,$0.25B,$0.23B,91.27%,$0.25B,$0.12B,46.03%,$0.25B,$0.12B,45.63%,$0.12B,$1.82B,6.53%,$0.12B,$1.82B,6.53%,$0.12B,$2.51B,4.81%,$0.16B,$2.47B,6.84%,$68,$3,$65,$0,$5,$26,$42,$-11,$32,$0,$32,$32,$32,$61,$42,$118,118,$0.27,$0.27,$10,$0,$0,$10,$2440,$0,$0,$53,$2498,$2509,$8,$654,$27,$681,$689,$1,$-276,$-4,$1819,$2509,$32,$19,$0,$19,$0,$0,$0,$5,$2,$53,$0,$0,$-32,$0,$0,$0,$0,$-32,$-1,$-76,$-77,$97,$97,$-40,$-1,$-21,$-0,$0,$-40
39,2008-12-31,8.54,$15.12,0.57,$2.27,3.77,$-4.04,0.0,$1.01,8.46,$0.03B,$0.01B,1.89,$0.73B,$1.73B,0.42,$0.23B,$0.23B,98.72%,$0.23B,$0.15B,64.96%,$0.23B,$0.15B,64.96%,$0.23B,$0.22B,91.88%,$0.23B,$0.11B,45.73%,$0.23B,$0.11B,45.30%,$0.11B,$1.73B,6.43%,$0.11B,$1.73B,6.43%,$0.11B,$2.50B,4.72%,$0.15B,$2.46B,6.87%,$71,$2,$69,$0,$4,$24,$47,$-14,$33,$0,$33,$33,$32,$66,$47,$105,105,$0.28,$0.28,$10,$0,$0,$25,$2426,$0,$0,$41,$2471,$2497,$13,$730,$22,$752,$766,$1,$-267,$-3,$1731,$2497,$107,$63,$8,$71,$0,$0,$0,$7,$7,$184,$-863,$0,$0,$0,$21,$21,$0,$-842,$-15,$257,$242,$523,$523,$-144,$-1,$620,$-38,$0,$-144
40,2008-09-30,11.12,$15.22,0.73,$2.24,4.97,$2.72,4.08,$1.04,10.69,$0.01B,$0.01B,1.44,$0.57B,$1.74B,0.33,$0.22B,$0.22B,99.54%,$0.22B,$0.14B,65.74%,$0.22B,$0.14B,65.74%,$0.22B,$0.20B,92.13%,$0.22B,$0.10B,46.76%,$0.22B,$0.10B,46.76%,$0.10B,$1.74B,6.61%,$0.10B,$1.74B,6.61%,$0.10B,$2.35B,4.93%,$0.14B,$2.31B,7.04%,$60,$1,$59,$0,$4,$21,$38,$-10,$29,$0,$29,$29,$29,$54,$38,$114,114,$0.25,$0.25,$12,$0,$0,$12,$2281,$0,$0,$51,$2337,$2349,$8,$567,$31,$598,$606,$1,$-260,$0,$1743,$2349,$74,$44,$3,$47,$0,$0,$0,$15,$13,$134,$0,$0,$-689,$0,$21,$21,$0,$-667,$-14,$93,$79,$523,$523,$-104,$0,$497,$-36,$0,$-104
41,2008-06-30,8.96,$15.31,0.59,$2.26,3.97,$2.72,3.29,$1.04,8.61,$0.19B,$0.01B,17.72,$0.41B,$1.75B,0.24,$0.20B,$0.20B,100.00%,$0.20B,$0.13B,66.67%,$0.20B,$0.13B,66.67%,$0.20B,$0.19B,93.03%,$0.20B,$0.09B,46.27%,$0.20B,$0.09B,46.27%,$0.09B,$1.75B,6.74%,$0.09B,$1.75B,6.74%,$0.09B,$2.20B,5.02%,$0.13B,$2.17B,7.33%,$53,$0,$53,$0,$5,$19,$34,$-13,$22,$0,$22,$22,$22,$49,$34,$100,100,$0.22,$0.22,$189,$0,$0,$189,$1963,$0,$0,$42,$2010,$2199,$11,$413,$22,$435,$446,$1,$-249,$0,$1753,$2199,$45,$28,$3,$31,$0,$0,$0,$7,$7,$83,$0,$0,$-386,$0,$0,$0,$0,$-386,$-13,$0,$-13,$523,$523,$-64,$0,$445,$142,$0,$-64
42,2008-03-31,10.72,$14.44,0.74,$2.26,4.74,$2.59,4.14,$1.07,10.02,$0.01B,$0.01B,1.13,$0.54B,$1.37B,0.4,$0.19B,$0.19B,100.00%,$0.19B,$0.13B,67.36%,$0.19B,$0.13B,67.36%,$0.19B,$0.18B,93.26%,$0.19B,$0.09B,47.67%,$0.19B,$0.09B,47.67%,$0.09B,$1.37B,7.48%,$0.09B,$1.37B,7.48%,$0.09B,$1.94B,5.41%,$0.13B,$1.91B,7.75%,$50,$0,$50,$0,$4,$17,$33,$-10,$23,$0,$23,$23,$23,$46,$33,$91,91,$0.26,$0.26,$9,$0,$0,$9,$1892,$0,$0,$30,$1928,$1937,$8,$541,$17,$559,$567,$1,$-237,$0,$1370,$1937,$23,$14,$0,$14,$0,$0,$0,$4,$1,$38,$0,$0,$-289,$0,$0,$0,$0,$-289,$-1,$115,$114,$129,$129,$-31,$0,$213,$-38,$0,$-31
43,2007-12-31,10.08,$14.09,0.72,$2.27,4.44,$2.55,3.95,$1.03,9.79,$0.06B,$0.01B,4.74,$0.43B,$1.25B,0.34,$0.19B,$0.19B,100.00%,$0.19B,$0.13B,67.02%,$0.19B,$0.13B,67.02%,$0.19B,$0.18B,93.62%,$0.19B,$0.09B,46.28%,$0.19B,$0.09B,46.28%,$0.09B,$1.25B,7.39%,$0.09B,$1.25B,7.39%,$0.09B,$1.70B,5.39%,$0.13B,$1.68B,7.90%,$53,$0,$53,$0,$3,$16,$37,$-11,$27,$0,$27,$27,$27,$50,$37,$83,83,$0.31,$0.31,$47,$0,$0,$59,$1616,$0,$0,$21,$1643,$1702,$12,$427,$13,$440,$452,$1,$-229,$1,$1249,$1702,$85,$49,$3,$53,$0,$0,$0,$-1,$-2,$136,$-110,$0,$0,$0,$0,$0,$0,$-110,$-23,$-112,$-135,$260,$260,$-113,$0,$12,$38,$0,$-113
44,2007-09-30,9.65,$13.21,0.73,$2.39,4.04,$1.01,9.53,$1.09,8.86,$0.01B,$0.01B,0.82,$0.41B,$1.15B,0.36,$0.19B,$0.19B,100.00%,$0.19B,$0.13B,67.89%,$0.19B,$0.13B,67.89%,$0.19B,$0.18B,92.63%,$0.19B,$0.09B,46.32%,$0.19B,$0.09B,46.32%,$0.09B,$1.15B,7.86%,$0.09B,$1.15B,7.86%,$0.09B,$1.58B,5.55%,$0.13B,$1.56B,8.24%,$45,$0,$45,$0,$4,$15,$30,$-9,$21,$0,$21,$21,$21,$42,$30,$84,84,$0.25,$0.25,$7,$0,$0,$7,$1536,$0,$0,$28,$1570,$1577,$8,$412,$11,$423,$431,$1,$-227,$3,$1146,$1577,$59,$37,$2,$39,$0,$0,$0,$4,$0,$98,$0,$0,$-33,$0,$0,$0,$0,$-33,$-23,$-112,$-135,$152,$152,$-83,$0,$-67,$-2,$0,$-83
45,2007-06-30,8.76,$13.79,0.64,$2.44,3.59,$1.01,8.71,$1.05,8.34,$0.01B,$0.01B,1.06,$0.41B,$1.15B,0.36,$0.19B,$0.19B,100.00%,$0.19B,$0.13B,67.38%,$0.19B,$0.13B,67.38%,$0.19B,$0.17B,92.51%,$0.19B,$0.08B,43.85%,$0.19B,$0.08B,43.85%,$0.08B,$1.15B,7.76%,$0.08B,$1.15B,7.76%,$0.08B,$1.59B,5.19%,$0.13B,$1.57B,8.07%,$45,$0,$45,$0,$3,$15,$30,$-9,$21,$0,$21,$21,$21,$42,$30,$84,84,$0.25,$0.25,$11,$0,$0,$11,$1532,$0,$0,$35,$1573,$1585,$11,$412,$8,$421,$431,$1,$-219,$4,$1153,$1585,$38,$24,$2,$26,$0,$0,$0,$-5,$-6,$58,$0,$0,$-17,$0,$0,$0,$0,$-17,$-23,$-112,$-135,$152,$152,$-55,$0,$-38,$3,$0,$-55
46,2007-03-31,10.15,$13.90,0.73,$2.48,4.1,$1.06,9.57,$0.98,10.35,$0.02B,$0.01B,2.52,$0.41B,$1.16B,0.36,$0.18B,$0.18B,100.00%,$0.18B,$0.12B,67.21%,$0.18B,$0.12B,67.21%,$0.18B,$0.17B,92.35%,$0.18B,$0.07B,40.44%,$0.18B,$0.07B,40.44%,$0.07B,$1.16B,7.44%,$0.07B,$1.16B,7.44%,$0.07B,$1.59B,4.75%,$0.12B,$1.58B,8.01%,$45,$0,$45,$0,$4,$15,$29,$-12,$18,$0,$18,$18,$18,$42,$29,$81,81,$0.22,$0.22,$20,$0,$0,$20,$1536,$0,$0,$28,$1571,$1591,$8,$413,$7,$420,$428,$1,$-211,$6,$1163,$1591,$18,$12,$2,$14,$0,$0,$0,$2,$-1,$30,$0,$0,$-10,$0,$0,$0,$0,$-10,$-22,$-112,$-134,$152,$152,$-26,$0,$-9,$12,$0,$-26
47,2006-12-31,10.26,$13.14,0.78,$2.50,4.11,$1.04,9.82,$0.98,10.46,$0.02B,$0.01B,1.35,$0.55B,$1.02B,0.54,$0.18B,$0.18B,100.00%,$0.18B,$0.12B,67.60%,$0.18B,$0.12B,67.60%,$0.18B,$0.17B,92.18%,$0.18B,$0.07B,36.87%,$0.18B,$0.07B,36.87%,$0.07B,$1.02B,7.08%,$0.07B,$1.02B,7.08%,$0.07B,$1.59B,4.32%,$0.12B,$1.57B,8.03%,$55,$0,$55,$0,$4,$15,$40,$-12,$28,$0,$28,$28,$28,$50,$40,$73,73,$0.37,$0.37,$8,$0,$0,$18,$1538,$0,$0,$21,$1567,$1585,$13,$545,$7,$552,$565,$1,$-202,$6,$1019,$1585,$66,$44,$8,$44,$0,$0,$0,$-2,$-4,$44,$-133,$0,$0,$0,$7,$7,$0,$-133,$-86,$48,$48,$121,$121,$-93,$-1,$-45,$-134,$0,$-93
