,Date,Stock Price,Book Value per Share,Price to Book Ratio,TTM Sales per Share,Price to Sales Ratio,TTM FCF per Share,Price to FCF Ratio,TTM Net EPS,PE Ratio,Current Assets,Current Liabilities,Current Ratio,Long Term Debt,Shareholder's Equity_x,Debt to Equity Ratio,TTM Revenue_x,TTM Gross Profit,Gross Margin,TTM Revenue_y,TTM Operating Income,Operating Margin,TTM Revenue_x,TTM EBIT,EBIT Margin,TTM Revenue_y,TTM EBITDA,EBITDA Margin,TTM Revenue_x,TTM Pre-Tax Income,Pre-Tax Margin,TTM Revenue_y,TTM Net Income_x,Net Margin,TTM Net Income_y,Shareholder's Equity_y,Return on Equity,TTM Net Income_x,Tangible Equity,Return on Tangible Equity,TTM Net Income_y,Total Assets,Return on Assets,TTM Net Income,LT Investments & Debt,Return on Investment,revenue,cost-goods-sold,gross-profit,research-development-expenses,selling-general-administrative-expenses,operating-expenses,operating-income,total-non-operating-income-expense,pre-tax-income,total-provision-income-taxes,income-after-taxes,income-from-continuous-operations,net-income,ebitda,ebit,basic-shares-outstanding,shares-outstanding,eps-basic-net-earnings-per-share,eps-earnings-per-share-diluted,cash-on-hand,inventory,other-current-assets,total-current-assets,net-property-plant-equipment,long-term-investments,goodwill-intangible-assets-total,other-long-term-assets,total-long-term-assets,total-assets,total-current-liabilities,long-term-debt,other-non-current-liabilities,total-long-term-liabilities,total-liabilities,common-stock-net,retained-earnings-accumulated-deficit,comprehensive-income,total-share-holder-equity,total-liabilities-share-holders-equity,net-income-loss,total-depreciation-amortization-cash-flow,other-non-cash-items,total-non-cash-items,change-in-accounts-receivable,change-in-inventories,change-in-accounts-payable,change-in-assets-liabilities,total-change-in-assets-liabilities,cash-flow-from-operating-activities,net-change-in-property-plant-equipment,net-change-in-intangible-assets,net-acquisitions-divestitures,net-change-in-short-term-investments,net-change-in-long-term-investments,net-change-in-investments-total,investing-activities-other,cash-flow-from-investing-activities,net-long-term-debt,net-current-debt,debt-issuance-retirement-net-total,net-common-equity-issued-repurchased,net-total-equity-issued-repurchased,total-common-preferred-stock-dividends-paid,financial-activities-other,cash-flow-from-financial-activities,net-cash-flow,stock-based-compensation,common-stock-dividends-paid
0,2018-09-30,54.78,$16.48,3.32,$14.95,3.66,$2.81,19.5,$1.08,50.72,$0.20B,$0.09B,2.14,$0.36B,$0.53B,0.68,$0.45B,$0.17B,37.31%,$0.45B,$0.06B,13.47%,$0.45B,$0.06B,13.47%,$0.45B,$0.10B,22.08%,$0.45B,$0.05B,9.93%,$0.45B,$0.03B,7.51%,$0.03B,$0.53B,7.44%,$0.03B,$-0.15B,266.67%,$0.03B,$1.01B,4.44%,$0.06B,$0.89B,9.19%,$136,$84,$52,$0,$25,$117,$19,$-5,$14,$3,$12,$12,$12,$33,$19,$32,32,$0.36,$0.36,$16,$88,$12,$196,$123,$0,$678,$4,$812,$1009,$92,$360,$10,$390,$482,$0,$206,$-36,$527,$1009,$30,$35,$8,$42,$-11,$-14,$1,$-1,$-29,$44,$-19,$0,$-535,$0,$0,$0,$-3,$-556,$249,$1,$250,$241,$241,$-8,$-19,$463,$-48,$3,$-8
1,2018-06-30,48.1,$15.93,3.02,$13.94,3.45,$3.12,15.4,$1.14,42.19,$0.19B,$0.11B,1.78,$0.35B,$0.50B,0.7,$0.41B,$0.15B,37.78%,$0.41B,$0.06B,14.57%,$0.41B,$0.06B,14.57%,$0.41B,$0.09B,21.98%,$0.41B,$0.05B,11.60%,$0.41B,$0.03B,8.15%,$0.03B,$0.50B,8.41%,$0.03B,$-0.17B,51.97%,$0.03B,$0.99B,5.21%,$0.06B,$0.86B,10.95%,$136,$86,$50,$0,$25,$119,$17,$-8,$9,$2,$7,$7,$7,$33,$17,$32,32,$0.22,$0.22,$30,$77,$9,$191,$114,$0,$675,$4,$801,$992,$107,$352,$9,$382,$489,$0,$197,$-31,$503,$992,$19,$21,$6,$27,$-14,$-5,$6,$-0,$-15,$31,$-11,$0,$-527,$0,$0,$0,$-3,$-540,$240,$1,$241,$241,$241,$-5,$-2,$474,$-34,$2,$-5
2,2018-03-31,53.37,$16.62,3.21,$12.93,4.13,$3.15,16.93,$1.19,44.85,$0.29B,$0.05B,5.56,$0.00B,$0.53B,0.0,$0.36B,$0.14B,39.66%,$0.36B,$0.06B,17.60%,$0.36B,$0.06B,17.60%,$0.36B,$0.08B,22.91%,$0.36B,$0.05B,13.69%,$0.36B,$0.03B,9.22%,$0.03B,$0.53B,9.97%,$0.03B,$0.31B,28.45%,$0.03B,$0.60B,6.57%,$0.06B,$0.53B,14.99%,$97,$60,$38,$0,$18,$80,$17,$-1,$16,$4,$12,$12,$12,$22,$17,$30,30,$0.40,$0.40,$199,$41,$4,$291,$94,$0,$211,$4,$313,$604,$52,$1,$23,$26,$79,$0,$193,$-4,$525,$604,$12,$5,$2,$7,$-10,$1,$1,$-0,$-4,$15,$-4,$0,$0,$0,$0,$0,$0,$-4,$-115,$0,$-115,$240,$240,$-2,$-0,$122,$135,$1,$-2
3,2017-12-31,64.37,$10.07,6.39,$12.69,5.07,$3.24,19.89,$1.17,55.02,$0.15B,$0.05B,3.2,$0.12B,$0.27B,0.43,$0.34B,$0.14B,40.06%,$0.34B,$0.06B,18.13%,$0.34B,$0.06B,18.13%,$0.34B,$0.08B,24.27%,$0.34B,$0.05B,14.04%,$0.34B,$0.03B,9.06%,$0.03B,$0.27B,11.85%,$0.03B,$0.06B,67.76%,$0.03B,$0.46B,6.68%,$0.06B,$0.39B,16.25%,$84,$55,$29,$0,$18,$77,$8,$-2,$6,$3,$3,$3,$3,$12,$8,$27,27,$0.10,$0.10,$64,$42,$4,$147,$92,$0,$213,$3,$313,$460,$46,$116,$23,$141,$187,$0,$184,$-6,$273,$460,$32,$21,$9,$30,$-11,$-13,$6,$0,$-12,$49,$-22,$0,$-1,$7,$0,$7,$0,$-16,$-24,$0,$-24,$1,$1,$-10,$-17,$-50,$-10,$4,$-10
4,2017-09-30,53.65,$9.93,5.4,$11.43,4.69,$3.43,15.63,$1.19,45.08,$0.17B,$0.07B,2.62,$0.12B,$0.27B,0.43,$0.31B,$0.13B,40.58%,$0.31B,$0.06B,19.16%,$0.31B,$0.06B,19.16%,$0.31B,$0.08B,26.30%,$0.31B,$0.05B,15.26%,$0.31B,$0.03B,10.06%,$0.03B,$0.27B,12.29%,$0.03B,$0.05B,86.71%,$0.03B,$0.48B,6.74%,$0.06B,$0.39B,15.60%,$88,$52,$36,$0,$17,$71,$17,$-1,$16,$5,$11,$11,$11,$22,$17,$27,27,$0.42,$0.42,$85,$44,$4,$173,$81,$0,$217,$3,$303,$477,$66,$116,$19,$142,$208,$0,$183,$-9,$269,$477,$29,$17,$10,$27,$-14,$-15,$7,$-1,$-17,$38,$-8,$0,$-1,$3,$0,$3,$0,$-6,$-24,$0,$-24,$1,$1,$-8,$0,$-31,$7,$3,$-8
5,2017-06-30,42.39,$9.49,4.47,$9.86,4.3,$3.31,12.8,$0.96,44.16,$0.17B,$0.05B,3.65,$0.12B,$0.26B,0.48,$0.27B,$0.11B,39.62%,$0.27B,$0.05B,18.49%,$0.27B,$0.05B,18.49%,$0.27B,$0.07B,26.04%,$0.27B,$0.04B,14.72%,$0.27B,$0.03B,9.43%,$0.03B,$0.26B,10.21%,$0.03B,$0.04B,30.67%,$0.03B,$0.47B,6.15%,$0.05B,$0.38B,14.34%,$89,$51,$39,$0,$16,$69,$21,$-10,$11,$4,$7,$7,$7,$26,$21,$27,27,$0.27,$0.27,$83,$38,$4,$166,$78,$0,$219,$3,$304,$469,$45,$124,$36,$167,$213,$0,$175,$-11,$257,$469,$17,$12,$8,$20,$-14,$-10,$6,$0,$-16,$22,$-3,$0,$0,$3,$0,$3,$0,$-0,$-16,$0,$-16,$0,$0,$-5,$0,$-21,$4,$2,$-5
6,2017-03-31,35.8,$9.15,3.91,$8.44,4.24,$3.35,10.68,$0.95,37.68,$0.15B,$0.04B,3.66,$0.12B,$0.25B,0.5,$0.23B,$0.09B,37.44%,$0.23B,$0.04B,16.74%,$0.23B,$0.04B,16.74%,$0.23B,$0.06B,24.67%,$0.23B,$0.04B,17.18%,$0.23B,$0.03B,11.01%,$0.03B,$0.25B,10.45%,$0.03B,$0.03B,19.31%,$0.03B,$0.45B,7.07%,$0.04B,$0.37B,12.45%,$81,$49,$33,$0,$15,$66,$16,$-1,$15,$5,$10,$10,$10,$23,$16,$27,27,$0.38,$0.38,$75,$32,$5,$150,$79,$0,$214,$3,$300,$450,$41,$124,$28,$162,$202,$0,$170,$-14,$247,$450,$10,$7,$2,$9,$-12,$-4,$5,$-1,$-6,$12,$-1,$0,$0,$2,$0,$2,$0,$1,$-16,$0,$-16,$0,$0,$-3,$0,$-19,$-4,$1,$-3
7,2016-12-31,39.5,$8.78,4.5,$7.33,5.39,$3.27,12.07,$0.88,44.89,$0.14B,$0.03B,4.55,$0.14B,$0.24B,0.59,$0.20B,$0.07B,36.55%,$0.20B,$0.03B,17.26%,$0.20B,$0.03B,17.26%,$0.20B,$0.05B,23.86%,$0.20B,$0.04B,18.27%,$0.20B,$0.02B,11.68%,$0.02B,$0.24B,9.78%,$0.02B,$0.02B,12.94%,$0.02B,$0.45B,7.56%,$0.03B,$0.38B,12.58%,$50,$33,$17,$0,$11,$45,$5,$-0,$5,$1,$3,$3,$3,$10,$5,$27,27,$0.11,$0.11,$81,$30,$4,$141,$81,$0,$216,$3,$304,$445,$31,$140,$28,$177,$208,$0,$162,$-16,$236,$445,$23,$12,$5,$18,$-3,$-1,$3,$-1,$-3,$39,$-6,$-1,$-200,$38,$0,$38,$0,$-170,$140,$0,$140,$1,$1,$-11,$-2,$128,$-8,$5,$-11
8,2016-09-30,31.82,$8.89,3.58,$7.13,4.46,$3.77,8.43,$0.95,33.5,$0.18B,$0.01B,13.56,$0.00B,$0.24B,0.0,$0.19B,$0.07B,37.17%,$0.19B,$0.04B,19.37%,$0.19B,$0.04B,19.37%,$0.19B,$0.05B,24.61%,$0.19B,$0.04B,19.90%,$0.19B,$0.03B,13.09%,$0.03B,$0.24B,10.79%,$0.03B,$0.24B,11.07%,$0.03B,$0.26B,9.86%,$0.04B,$0.24B,15.97%,$45,$30,$16,$0,$8,$38,$7,$0,$8,$3,$5,$5,$5,$10,$7,$27,27,$0.19,$0.19,$144,$13,$3,$179,$71,$0,$5,$7,$83,$262,$13,$0,$0,$9,$22,$0,$162,$-11,$239,$262,$20,$8,$5,$13,$-4,$1,$1,$-1,$-2,$31,$-5,$-1,$0,$11,$0,$11,$0,$5,$0,$0,$0,$1,$1,$-8,$0,$-7,$28,$4,$-8
9,2016-06-30,29.19,$8.73,3.35,$7.25,4.03,$4.20,6.95,$1.08,27.03,$0.17B,$0.01B,12.35,$0.00B,$0.24B,0.0,$0.19B,$0.07B,38.14%,$0.19B,$0.04B,21.13%,$0.19B,$0.04B,21.13%,$0.19B,$0.05B,26.29%,$0.19B,$0.04B,22.16%,$0.19B,$0.03B,14.43%,$0.03B,$0.24B,12.35%,$0.03B,$0.23B,12.70%,$0.03B,$0.26B,11.29%,$0.04B,$0.24B,18.08%,$51,$32,$19,$0,$8,$40,$10,$0,$11,$4,$7,$7,$7,$13,$10,$27,27,$0.26,$0.26,$138,$12,$3,$174,$72,$0,$5,$6,$83,$257,$14,$0,$0,$8,$22,$0,$159,$-12,$235,$257,$15,$5,$3,$8,$-6,$1,$1,$-0,$-1,$22,$-3,$-1,$0,$6,$0,$6,$0,$3,$0,$0,$0,$0,$0,$-6,$0,$-5,$18,$3,$-6
10,2016-03-31,32.53,$8.59,3.79,$7.39,4.4,$4.43,7.34,$1.17,27.81,$0.17B,$0.02B,11.14,$0.00B,$0.23B,0.0,$0.20B,$0.08B,38.58%,$0.20B,$0.05B,22.84%,$0.20B,$0.05B,22.84%,$0.20B,$0.05B,27.41%,$0.20B,$0.05B,23.35%,$0.20B,$0.03B,15.23%,$0.03B,$0.23B,13.54%,$0.03B,$0.23B,13.94%,$0.03B,$0.25B,12.35%,$0.05B,$0.23B,20.32%,$51,$31,$20,$0,$7,$39,$12,$0,$12,$4,$8,$8,$8,$14,$12,$27,27,$0.31,$0.31,$132,$13,$5,$169,$73,$0,$5,$6,$84,$253,$15,$0,$0,$8,$23,$0,$155,$-10,$231,$253,$8,$3,$1,$4,$-6,$0,$1,$-1,$-2,$10,$-1,$-1,$0,$2,$0,$2,$0,$0,$0,$0,$0,$0,$0,$-3,$0,$-3,$8,$1,$-3
11,2015-12-31,30.98,$8.29,3.74,$7.53,4.12,$4.55,6.81,$1.25,24.79,$0.16B,$0.01B,13.44,$0.00B,$0.22B,0.0,$0.20B,$0.08B,38.50%,$0.20B,$0.05B,23.50%,$0.20B,$0.05B,23.50%,$0.20B,$0.06B,28.00%,$0.20B,$0.05B,24.50%,$0.20B,$0.03B,16.00%,$0.03B,$0.22B,14.90%,$0.03B,$0.21B,15.35%,$0.03B,$0.24B,13.49%,$0.05B,$0.22B,21.89%,$44,$28,$16,$0,$8,$37,$8,$-0,$7,$2,$5,$5,$5,$10,$8,$27,27,$0.18,$0.18,$126,$13,$4,$157,$74,$0,$10,$1,$85,$242,$12,$0,$0,$8,$19,$0,$150,$-10,$222,$242,$33,$10,$3,$13,$4,$1,$-0,$-0,$4,$50,$-4,$-1,$0,$-3,$0,$-3,$0,$-9,$0,$0,$0,$1,$1,$-12,$0,$-11,$25,$4,$-12
12,2015-09-30,26.75,$8.20,3.26,$7.94,3.37,$4.82,5.55,$1.45,18.45,$0.16B,$0.01B,12.05,$0.00B,$0.22B,0.0,$0.21B,$0.08B,39.34%,$0.21B,$0.05B,25.12%,$0.21B,$0.05B,25.12%,$0.21B,$0.06B,29.86%,$0.21B,$0.06B,27.01%,$0.21B,$0.04B,17.54%,$0.04B,$0.22B,17.72%,$0.04B,$0.21B,18.16%,$0.04B,$0.24B,15.91%,$0.05B,$0.22B,25.39%,$48,$30,$19,$0,$7,$37,$11,$2,$13,$4,$8,$8,$8,$14,$11,$27,27,$0.32,$0.32,$123,$12,$3,$155,$75,$0,$5,$5,$86,$240,$13,$0,$0,$8,$21,$0,$147,$-9,$219,$240,$28,$7,$2,$9,$1,$2,$0,$0,$4,$41,$-3,$-1,$0,$-3,$0,$-3,$0,$-8,$0,$0,$0,$1,$1,$-10,$0,$-9,$20,$3,$-10
13,2015-06-30,36.99,$8.03,4.61,$8.22,4.5,$4.90,7.54,$1.50,24.66,$0.15B,$0.01B,10.53,$0.00B,$0.21B,0.0,$0.22B,$0.09B,39.45%,$0.22B,$0.06B,26.15%,$0.22B,$0.06B,26.15%,$0.22B,$0.07B,30.28%,$0.22B,$0.06B,27.06%,$0.22B,$0.04B,17.89%,$0.04B,$0.21B,19.28%,$0.04B,$0.21B,19.77%,$0.04B,$0.24B,16.68%,$0.06B,$0.21B,28.18%,$54,$33,$21,$0,$7,$40,$14,$-0,$14,$5,$9,$9,$9,$16,$14,$27,27,$0.35,$0.35,$116,$12,$3,$151,$76,$0,$5,$5,$86,$237,$14,$0,$0,$9,$23,$0,$141,$-7,$214,$237,$20,$5,$2,$7,$-2,$2,$1,$0,$2,$28,$-3,$-1,$0,$-1,$0,$-1,$0,$-5,$0,$0,$0,$1,$1,$-7,$0,$-7,$15,$2,$-7
14,2015-03-31,40.05,$7.64,5.24,$8.50,4.71,$4.77,8.4,$1.61,24.87,$0.14B,$0.02B,8.25,$0.00B,$0.20B,0.0,$0.23B,$0.09B,40.44%,$0.23B,$0.06B,27.11%,$0.23B,$0.06B,27.11%,$0.23B,$0.07B,31.56%,$0.23B,$0.06B,28.00%,$0.23B,$0.04B,18.67%,$0.04B,$0.20B,20.72%,$0.04B,$0.20B,21.24%,$0.04B,$0.23B,17.93%,$0.06B,$0.20B,30.09%,$54,$33,$21,$0,$7,$40,$14,$1,$15,$5,$10,$10,$10,$16,$14,$27,27,$0.39,$0.39,$106,$13,$3,$144,$76,$0,$5,$5,$86,$230,$17,$0,$0,$9,$26,$0,$134,$-9,$204,$230,$10,$2,$1,$3,$-3,$1,$2,$0,$0,$14,$-1,$-1,$0,$-1,$0,$-1,$0,$-2,$0,$0,$0,$0,$0,$-2,$0,$-2,$6,$1,$-2
15,2014-12-31,37.96,$7.46,5.09,$8.61,4.41,$4.60,8.25,$1.65,23.01,$0.14B,$0.02B,8.62,$0.00B,$0.20B,0.0,$0.23B,$0.09B,41.23%,$0.23B,$0.06B,28.07%,$0.23B,$0.06B,28.07%,$0.23B,$0.07B,32.46%,$0.23B,$0.07B,28.51%,$0.23B,$0.04B,18.86%,$0.04B,$0.20B,21.26%,$0.04B,$0.19B,21.80%,$0.04B,$0.22B,18.47%,$0.06B,$0.20B,31.64%,$55,$33,$22,$0,$7,$40,$14,$1,$15,$5,$10,$10,$10,$17,$14,$26,26,$0.39,$0.39,$101,$14,$3,$136,$78,$0,$5,$4,$87,$223,$16,$0,$0,$9,$25,$0,$129,$-4,$198,$223,$44,$9,$5,$14,$-1,$-0,$0,$-0,$5,$63,$-11,$-1,$0,$-6,$0,$-6,$0,$-18,$0,$0,$0,$1,$1,$-38,$0,$-37,$2,$4,$-38
16,2014-09-30,35.2,$7.29,4.83,$8.41,4.18,$3.75,9.39,$1.58,22.28,$0.16B,$0.04B,3.64,$0.00B,$0.19B,0.0,$0.22B,$0.09B,40.99%,$0.22B,$0.06B,27.93%,$0.22B,$0.06B,27.93%,$0.22B,$0.07B,31.98%,$0.22B,$0.06B,28.38%,$0.22B,$0.04B,18.47%,$0.04B,$0.19B,20.45%,$0.04B,$0.19B,20.97%,$0.04B,$0.25B,17.81%,$0.06B,$0.19B,30.92%,$55,$33,$22,$0,$8,$40,$15,$0,$15,$5,$10,$10,$10,$17,$15,$26,26,$0.37,$0.37,$122,$14,$4,$160,$77,$0,$5,$3,$85,$245,$44,$0,$0,$8,$52,$0,$121,$-0,$193,$245,$33,$6,$3,$9,$-3,$0,$1,$-1,$4,$47,$-7,$0,$0,$-17,$0,$-17,$0,$-24,$0,$0,$0,$1,$1,$-10,$-0,$-9,$11,$3,$-10
17,2014-06-30,37.93,$8.18,4.64,$8.22,4.62,$3.10,12.25,$1.53,24.79,$0.15B,$0.02B,10.27,$0.00B,$0.22B,0.0,$0.22B,$0.09B,41.20%,$0.22B,$0.06B,27.78%,$0.22B,$0.06B,27.78%,$0.22B,$0.07B,31.94%,$0.22B,$0.06B,28.24%,$0.22B,$0.04B,18.06%,$0.04B,$0.22B,19.72%,$0.04B,$0.21B,20.23%,$0.04B,$0.24B,17.71%,$0.06B,$0.22B,30.34%,$61,$35,$26,$0,$7,$43,$18,$0,$18,$6,$12,$12,$12,$21,$18,$26,26,$0.46,$0.46,$111,$15,$4,$153,$77,$0,$5,$3,$86,$239,$15,$0,$0,$8,$23,$0,$140,$5,$216,$239,$24,$4,$2,$6,$-6,$-1,$1,$-2,$-3,$27,$-5,$0,$0,$0,$0,$0,$0,$-5,$0,$0,$0,$0,$0,$-7,$-0,$-7,$17,$2,$-7
18,2014-03-31,40.37,$7.65,5.28,$8.03,5.03,$2.81,14.36,$1.52,26.56,$0.14B,$0.01B,9.93,$0.00B,$0.20B,0.0,$0.21B,$0.09B,40.76%,$0.21B,$0.06B,27.96%,$0.21B,$0.06B,27.96%,$0.21B,$0.07B,31.75%,$0.21B,$0.06B,28.91%,$0.21B,$0.04B,18.48%,$0.04B,$0.20B,20.88%,$0.04B,$0.20B,21.46%,$0.04B,$0.22B,18.64%,$0.06B,$0.20B,31.59%,$57,$33,$24,$0,$7,$40,$17,$0,$17,$6,$11,$11,$11,$19,$17,$26,26,$0.43,$0.43,$97,$14,$4,$140,$76,$0,$5,$3,$84,$224,$14,$0,$0,$8,$22,$0,$130,$3,$202,$224,$11,$2,$1,$3,$-7,$-1,$2,$-1,$-4,$10,$-2,$0,$0,$-3,$0,$-3,$0,$-5,$0,$0,$0,$0,$0,$-5,$0,$-5,$0,$1,$-5
19,2013-12-31,37.9,$7.26,5.22,$7.83,4.84,$2.80,13.52,$1.46,25.96,$0.13B,$0.01B,9.21,$0.00B,$0.19B,0.0,$0.21B,$0.08B,40.49%,$0.21B,$0.06B,27.32%,$0.21B,$0.06B,27.32%,$0.21B,$0.06B,31.22%,$0.21B,$0.06B,28.29%,$0.21B,$0.04B,18.54%,$0.04B,$0.19B,21.50%,$0.04B,$0.19B,22.09%,$0.04B,$0.21B,19.05%,$0.06B,$0.19B,31.68%,$49,$30,$19,$0,$7,$37,$12,$0,$13,$4,$8,$8,$8,$14,$12,$26,26,$0.31,$0.31,$94,$14,$3,$129,$76,$0,$5,$3,$84,$213,$14,$0,$0,$8,$22,$0,$123,$3,$191,$213,$38,$7,$3,$10,$-3,$-1,$0,$0,$-1,$47,$-18,$0,$0,$-3,$0,$-3,$0,$-20,$0,$0,$0,$1,$1,$-9,$0,$-8,$20,$3,$-9
20,2013-09-30,33.59,$6.95,4.83,$7.63,4.4,$3.18,10.57,$1.40,23.99,$0.12B,$0.02B,8.24,$0.00B,$0.18B,0.0,$0.20B,$0.08B,40.20%,$0.20B,$0.05B,26.63%,$0.20B,$0.05B,26.63%,$0.20B,$0.06B,30.65%,$0.20B,$0.06B,27.64%,$0.20B,$0.04B,18.59%,$0.04B,$0.18B,22.06%,$0.04B,$0.18B,22.66%,$0.04B,$0.21B,19.47%,$0.05B,$0.18B,31.59%,$49,$30,$20,$0,$7,$36,$13,$-0,$13,$5,$8,$8,$8,$15,$13,$26,26,$0.32,$0.32,$87,$13,$3,$122,$74,$0,$5,$4,$83,$205,$15,$0,$0,$8,$23,$0,$117,$1,$182,$205,$30,$5,$2,$7,$-5,$-0,$1,$-0,$-0,$37,$-14,$0,$0,$-5,$0,$-5,$0,$-19,$0,$0,$0,$1,$1,$-7,$0,$-6,$12,$2,$-7
21,2013-06-30,28.9,$6.57,4.4,$7.62,3.79,$3.62,7.99,$1.42,20.35,$0.12B,$0.02B,7.84,$0.00B,$0.17B,0.0,$0.20B,$0.08B,39.70%,$0.20B,$0.05B,26.63%,$0.20B,$0.05B,26.63%,$0.20B,$0.06B,30.65%,$0.20B,$0.06B,28.14%,$0.20B,$0.04B,19.10%,$0.04B,$0.17B,22.89%,$0.04B,$0.17B,23.35%,$0.04B,$0.20B,20.24%,$0.05B,$0.17B,31.93%,$56,$32,$23,$0,$7,$39,$17,$1,$18,$6,$12,$12,$12,$19,$17,$26,26,$0.45,$0.45,$79,$12,$3,$116,$71,$0,$5,$4,$79,$195,$15,$0,$0,$8,$23,$0,$112,$-2,$172,$195,$21,$4,$1,$4,$-7,$0,$1,$-0,$-2,$23,$-10,$0,$0,$-1,$0,$-1,$0,$-11,$0,$0,$0,$0,$0,$-5,$0,$-4,$7,$1,$-5
22,2013-03-31,29.95,$6.19,4.84,$7.69,3.89,$3.82,7.84,$1.40,21.39,$0.11B,$0.02B,7.46,$0.00B,$0.16B,0.0,$0.20B,$0.08B,39.50%,$0.20B,$0.05B,26.00%,$0.20B,$0.05B,26.00%,$0.20B,$0.06B,30.00%,$0.20B,$0.06B,27.50%,$0.20B,$0.04B,18.50%,$0.04B,$0.16B,22.49%,$0.04B,$0.16B,22.77%,$0.04B,$0.19B,19.92%,$0.05B,$0.16B,31.61%,$51,$31,$21,$0,$7,$37,$14,$0,$14,$5,$10,$10,$10,$16,$14,$26,26,$0.37,$0.37,$76,$13,$3,$111,$66,$0,$4,$3,$74,$185,$15,$0,$0,$8,$23,$0,$102,$-2,$162,$185,$10,$2,$1,$2,$-5,$0,$1,$-1,$-1,$11,$-3,$0,$0,$2,$0,$2,$0,$-2,$0,$0,$0,$0,$0,$-2,$0,$-2,$6,$0,$-2
23,2012-12-31,23.9,$5.95,4.02,$7.88,3.03,$3.90,6.12,$1.44,16.59,$0.10B,$0.01B,8.37,$0.00B,$0.16B,0.0,$0.20B,$0.08B,39.22%,$0.20B,$0.05B,25.98%,$0.20B,$0.05B,25.98%,$0.20B,$0.06B,29.90%,$0.20B,$0.06B,27.94%,$0.20B,$0.04B,18.63%,$0.04B,$0.16B,23.28%,$0.04B,$0.15B,23.42%,$0.04B,$0.18B,20.57%,$0.05B,$0.16B,32.47%,$43,$27,$16,$0,$7,$34,$9,$0,$10,$3,$7,$7,$7,$11,$9,$26,26,$0.26,$0.26,$73,$13,$3,$102,$65,$0,$4,$4,$73,$175,$12,$0,$0,$8,$20,$0,$97,$1,$155,$175,$37,$7,$3,$10,$2,$0,$-1,$-1,$5,$52,$-13,$0,$-1,$-8,$0,$-8,$0,$-22,$-0,$0,$-0,$1,$1,$-41,$-0,$-41,$-8,$2,$-41
24,2012-09-30,23.34,$6.72,3.47,$7.99,2.92,$3.94,5.92,$1.42,16.43,$0.13B,$0.02B,8.94,$0.00B,$0.18B,0.0,$0.21B,$0.08B,39.13%,$0.21B,$0.05B,26.09%,$0.21B,$0.05B,26.09%,$0.21B,$0.06B,29.95%,$0.21B,$0.06B,28.02%,$0.21B,$0.04B,17.87%,$0.04B,$0.18B,23.02%,$0.04B,$0.18B,23.02%,$0.04B,$0.20B,20.22%,$0.05B,$0.18B,33.59%,$49,$29,$19,$0,$6,$36,$13,$0,$14,$5,$9,$9,$9,$15,$13,$26,26,$0.34,$0.34,$98,$13,$1,$131,$59,$0,$0,$7,$65,$196,$15,$0,$0,$7,$22,$0,$119,$-1,$175,$196,$31,$5,$2,$7,$-2,$-0,$0,$-0,$2,$40,$-7,$0,$0,$-19,$0,$-19,$0,$-26,$0,$0,$0,$1,$1,$-10,$0,$-10,$6,$2,$-10
25,2012-06-30,21.26,$6.39,3.33,$8.18,2.6,$3.87,5.49,$1.52,13.99,$0.12B,$0.01B,9.1,$0.00B,$0.17B,0.0,$0.21B,$0.08B,39.34%,$0.21B,$0.06B,26.54%,$0.21B,$0.06B,26.54%,$0.21B,$0.06B,30.33%,$0.21B,$0.06B,28.91%,$0.21B,$0.04B,18.48%,$0.04B,$0.17B,25.62%,$0.04B,$0.17B,25.62%,$0.04B,$0.19B,22.32%,$0.06B,$0.17B,36.78%,$57,$34,$23,$0,$7,$41,$16,$0,$17,$6,$11,$11,$11,$18,$16,$26,26,$0.43,$0.43,$84,$14,$2,$122,$58,$0,$0,$6,$65,$187,$13,$0,$0,$7,$21,$0,$113,$-2,$166,$187,$22,$4,$1,$5,$-5,$-1,$0,$-0,$-3,$24,$-5,$0,$0,$-9,$0,$-9,$0,$-14,$0,$0,$0,$0,$0,$-8,$0,$-7,$2,$1,$-8
26,2012-03-31,22.81,$6.06,3.76,$8.11,2.81,$3.88,5.87,$1.50,15.2,$0.12B,$0.02B,7.2,$0.00B,$0.16B,0.0,$0.21B,$0.08B,39.23%,$0.21B,$0.06B,26.32%,$0.21B,$0.06B,26.32%,$0.21B,$0.06B,30.14%,$0.21B,$0.06B,28.71%,$0.21B,$0.04B,18.18%,$0.04B,$0.16B,26.30%,$0.04B,$0.16B,26.30%,$0.04B,$0.18B,22.75%,$0.06B,$0.16B,38.06%,$55,$33,$22,$0,$7,$40,$15,$0,$16,$5,$11,$11,$11,$17,$15,$26,26,$0.41,$0.41,$79,$14,$2,$118,$57,$0,$0,$6,$64,$181,$16,$0,$1,$8,$24,$0,$104,$-0,$157,$181,$11,$2,$1,$2,$-5,$-1,$1,$-0,$-1,$12,$-2,$0,$0,$-4,$0,$-4,$0,$-6,$0,$0,$0,$0,$0,$-5,$0,$-5,$2,$1,$-5
27,2011-12-31,20.27,$5.64,3.59,$7.96,2.55,$4.00,5.07,$1.47,13.79,$0.10B,$0.01B,7.33,$0.00B,$0.15B,0.0,$0.21B,$0.08B,39.02%,$0.21B,$0.05B,26.34%,$0.21B,$0.05B,26.34%,$0.21B,$0.06B,30.24%,$0.21B,$0.06B,28.29%,$0.21B,$0.04B,18.05%,$0.04B,$0.15B,27.06%,$0.04B,$0.15B,27.06%,$0.04B,$0.17B,23.31%,$0.05B,$0.15B,39.49%,$46,$29,$17,$0,$6,$35,$10,$0,$11,$5,$6,$6,$6,$12,$10,$26,26,$0.24,$0.24,$73,$13,$1,$104,$57,$0,$0,$7,$64,$168,$14,$0,$1,$8,$22,$0,$98,$-2,$145,$168,$38,$7,$2,$8,$1,$-2,$0,$-2,$3,$50,$-10,$0,$-2,$-19,$1,$-18,$0,$-30,$-0,$0,$-0,$1,$1,$-10,$0,$-9,$10,$2,$-10
28,2011-09-30,17.56,$5.51,3.18,$7.82,2.25,$3.31,5.31,$1.48,11.89,$0.10B,$0.01B,7.05,$0.00B,$0.14B,0.0,$0.20B,$0.08B,38.81%,$0.20B,$0.05B,26.37%,$0.20B,$0.05B,26.37%,$0.20B,$0.06B,30.35%,$0.20B,$0.06B,27.86%,$0.20B,$0.04B,18.41%,$0.04B,$0.14B,28.63%,$0.04B,$0.14B,28.63%,$0.04B,$0.16B,24.71%,$0.05B,$0.14B,41.01%,$53,$32,$21,$0,$5,$38,$15,$1,$17,$6,$11,$11,$11,$17,$15,$26,26,$0.44,$0.44,$68,$12,$1,$102,$55,$0,$0,$6,$61,$163,$14,$0,$1,$7,$21,$0,$95,$-1,$141,$163,$32,$5,$-0,$5,$-3,$-1,$2,$-1,$1,$38,$-7,$0,$-2,$-7,$1,$-6,$0,$-14,$0,$0,$0,$0,$0,$-7,$0,$-7,$16,$1,$-7
29,2011-06-30,41.03,$5.28,7.77,$7.25,5.66,$2.69,15.27,$1.26,32.47,$0.10B,$0.01B,7.36,$0.00B,$0.14B,0.0,$0.19B,$0.07B,38.17%,$0.19B,$0.05B,24.73%,$0.19B,$0.05B,24.73%,$0.19B,$0.05B,29.03%,$0.19B,$0.05B,25.27%,$0.19B,$0.03B,17.20%,$0.03B,$0.14B,25.86%,$0.03B,$0.14B,25.86%,$0.03B,$0.16B,22.42%,$0.05B,$0.14B,37.17%,$55,$33,$22,$0,$6,$39,$15,$0,$16,$5,$10,$10,$10,$17,$15,$26,26,$0.41,$0.41,$63,$12,$3,$102,$53,$0,$0,$1,$55,$156,$14,$0,$2,$7,$21,$0,$86,$2,$135,$156,$20,$3,$1,$4,$-7,$-1,$2,$-0,$-3,$22,$-3,$0,$0,$-1,$1,$0,$0,$-3,$0,$0,$0,$0,$0,$-5,$0,$-5,$17,$1,$-5
30,2011-03-31,36.92,$4.92,7.51,$6.65,5.55,$2.26,16.32,$1.09,33.77,$0.09B,$0.01B,6.5,$0.00B,$0.13B,0.0,$0.17B,$0.06B,37.06%,$0.17B,$0.04B,23.53%,$0.17B,$0.04B,23.53%,$0.17B,$0.05B,28.24%,$0.17B,$0.04B,23.53%,$0.17B,$0.03B,16.47%,$0.03B,$0.13B,23.73%,$0.03B,$0.13B,23.73%,$0.03B,$0.15B,20.66%,$0.04B,$0.13B,33.90%,$51,$31,$20,$0,$6,$37,$14,$1,$14,$5,$10,$10,$10,$16,$14,$26,26,$0.38,$0.38,$57,$12,$3,$93,$53,$0,$0,$1,$54,$148,$14,$0,$1,$7,$21,$0,$77,$2,$126,$148,$10,$2,$0,$2,$-4,$-1,$2,$-1,$2,$14,$-1,$0,$0,$-1,$1,$1,$0,$-0,$0,$0,$0,$0,$0,$-3,$0,$-3,$11,$0,$-3
31,2010-12-31,32.23,$4.51,7.15,$5.91,5.45,$1.82,17.75,$0.85,38.06,$0.08B,$0.01B,7.53,$0.00B,$0.12B,0.0,$0.15B,$0.05B,35.10%,$0.15B,$0.03B,20.53%,$0.15B,$0.03B,20.53%,$0.15B,$0.04B,25.83%,$0.15B,$0.03B,20.53%,$0.15B,$0.02B,13.91%,$0.02B,$0.12B,18.46%,$0.02B,$0.12B,18.46%,$0.02B,$0.13B,16.28%,$0.03B,$0.12B,27.25%,$42,$27,$15,$0,$6,$33,$9,$0,$9,$2,$6,$6,$6,$11,$9,$25,25,$0.25,$0.25,$45,$11,$3,$76,$53,$0,$0,$3,$56,$132,$10,$0,$1,$7,$17,$0,$71,$-0,$115,$132,$21,$7,$2,$9,$-6,$-3,$1,$-0,$-5,$25,$-4,$0,$0,$-4,$0,$-4,$0,$-8,$0,$0,$0,$0,$0,$-15,$0,$-14,$3,$1,$-15
32,2010-09-30,23.6,$4.67,5.06,$5.35,4.41,$1.31,17.96,$0.65,36.13,$0.08B,$0.01B,7.87,$0.00B,$0.12B,0.0,$0.14B,$0.05B,33.09%,$0.14B,$0.02B,17.65%,$0.14B,$0.02B,17.65%,$0.14B,$0.03B,22.79%,$0.14B,$0.02B,17.65%,$0.14B,$0.02B,11.76%,$0.02B,$0.12B,14.29%,$0.02B,$0.12B,14.29%,$0.02B,$0.14B,12.70%,$0.02B,$0.12B,21.43%,$38,$25,$14,$0,$5,$30,$8,$0,$8,$3,$6,$6,$6,$10,$8,$25,25,$0.22,$0.22,$49,$10,$3,$79,$53,$0,$0,$3,$56,$135,$10,$0,$1,$6,$16,$0,$75,$0,$119,$135,$15,$5,$1,$6,$-6,$-2,$2,$-0,$-4,$17,$-2,$0,$0,$-4,$0,$-4,$0,$-6,$0,$0,$0,$0,$0,$-5,$0,$-4,$7,$1,$-5
33,2010-06-30,19.58,$4.38,4.47,$4.78,4.1,$0.98,19.92,$0.45,43.85,$0.07B,$0.01B,7.31,$0.00B,$0.11B,0.0,$0.12B,$0.04B,29.75%,$0.12B,$0.02B,13.22%,$0.12B,$0.02B,13.22%,$0.12B,$0.02B,19.01%,$0.12B,$0.02B,14.05%,$0.12B,$0.01B,9.09%,$0.01B,$0.11B,10.09%,$0.01B,$0.11B,10.09%,$0.01B,$0.13B,8.98%,$0.02B,$0.11B,14.68%,$39,$25,$14,$0,$5,$30,$9,$0,$9,$3,$6,$6,$6,$11,$9,$25,25,$0.24,$0.24,$41,$9,$3,$71,$54,$0,$0,$3,$56,$127,$10,$0,$1,$6,$15,$0,$71,$-2,$112,$127,$9,$3,$1,$4,$-7,$-2,$2,$-0,$-4,$10,$-1,$0,$0,$-6,$0,$-6,$0,$-7,$0,$0,$0,$0,$0,$-3,$0,$-3,$-2,$1,$-3
34,2010-03-31,21.61,$4.27,5.06,$4.09,5.28,$0.74,29.31,$0.19,115.8,$0.06B,$0.01B,8.74,$0.00B,$0.11B,0.0,$0.10B,$0.03B,25.00%,$0.10B,$0.01B,5.77%,$0.10B,$0.01B,5.77%,$0.10B,$0.01B,12.50%,$0.10B,$0.01B,6.73%,$0.10B,$0.00B,3.85%,$0.00B,$0.11B,3.71%,$0.00B,$0.11B,3.71%,$0.00B,$0.12B,3.31%,$0.01B,$0.11B,5.57%,$32,$21,$10,$0,$5,$27,$5,$0,$5,$2,$3,$3,$3,$7,$5,$25,25,$0.13,$0.13,$38,$9,$2,$64,$55,$0,$0,$3,$58,$122,$7,$0,$1,$6,$13,$0,$66,$-0,$109,$122,$3,$2,$0,$2,$-4,$-1,$1,$-0,$-3,$2,$-1,$0,$0,$-3,$0,$-3,$0,$-4,$0,$0,$0,$0,$0,$-2,$0,$-1,$-4,$0,$-2
35,2009-12-31,21.76,$4.24,5.14,$3.86,5.64,$0.83,26.21,$0.07,296.85,$0.06B,$0.01B,9.3,$0.00B,$0.11B,0.0,$0.10B,$0.02B,22.68%,$0.10B,$0.00B,2.06%,$0.10B,$0.00B,2.06%,$0.10B,$0.01B,9.28%,$0.10B,$0.00B,3.09%,$0.10B,$0.00B,2.06%,$0.00B,$0.11B,1.88%,$0.00B,$0.11B,1.88%,$0.00B,$0.12B,1.66%,$0.00B,$0.11B,1.88%,$27,$20,$7,$0,$5,$26,$2,$0,$2,$0,$1,$1,$1,$3,$2,$25,25,$0.05,$0.05,$38,$8,$2,$60,$57,$0,$0,$3,$60,$120,$6,$0,$1,$6,$12,$0,$64,$1,$108,$120,$2,$7,$1,$8,$3,$2,$-1,$0,$4,$14,$-5,$0,$0,$-8,$0,$-8,$0,$-13,$-0,$0,$-0,$0,$0,$-8,$0,$-7,$-5,$1,$-8
36,2009-09-30,17.4,$4.24,4.11,$4.10,4.25,$1.60,10.85,$0.12,144.99,$0.06B,$0.01B,6.88,$0.00B,$0.11B,0.0,$0.10B,$0.02B,22.33%,$0.10B,$0.00B,2.91%,$0.10B,$0.00B,2.91%,$0.10B,$0.01B,9.71%,$0.10B,$0.00B,3.88%,$0.10B,$0.00B,2.91%,$0.00B,$0.11B,2.82%,$0.00B,$0.11B,2.82%,$0.00B,$0.12B,2.48%,$0.00B,$0.11B,2.82%,$23,$18,$5,$0,$5,$23,$0,$0,$1,$0,$1,$1,$1,$2,$0,$25,25,$0.02,$0.02,$35,$8,$1,$57,$58,$2,$0,$4,$64,$121,$8,$0,$1,$5,$14,$0,$65,$1,$107,$121,$1,$5,$1,$6,$2,$2,$0,$1,$5,$11,$-5,$0,$0,$-7,$0,$-7,$0,$-12,$-0,$0,$-0,$0,$0,$-6,$0,$-6,$-5,$1,$-6
37,2009-06-30,13.3,$4.24,3.14,$4.97,2.68,$2.21,6.03,$0.37,36.28,$0.06B,$0.01B,7.49,$0.00B,$0.11B,0.0,$0.13B,$0.03B,26.40%,$0.13B,$0.01B,9.60%,$0.13B,$0.01B,9.60%,$0.13B,$0.02B,15.20%,$0.13B,$0.01B,10.40%,$0.13B,$0.01B,7.20%,$0.01B,$0.11B,8.41%,$0.01B,$0.11B,8.41%,$0.01B,$0.12B,7.32%,$0.01B,$0.11B,11.21%,$22,$17,$4,$0,$5,$22,$-1,$-0,$-1,$-0,$-1,$-1,$-1,$1,$-1,$25,25,$-0.02,$-0.02,$32,$8,$2,$56,$58,$2,$0,$4,$64,$120,$7,$0,$0,$5,$13,$0,$66,$0,$107,$120,$0,$4,$0,$4,$2,$2,$0,$-0,$1,$5,$-4,$0,$0,$-8,$0,$-8,$0,$-11,$-0,$0,$-0,$0,$0,$-5,$0,$-5,$-9,$0,$-5
38,2009-03-31,11.96,$4.15,2.88,$6.19,1.93,$2.67,4.49,$0.75,16.01,$0.06B,$0.01B,4.84,$0.00B,$0.10B,0.0,$0.16B,$0.05B,30.97%,$0.16B,$0.03B,16.77%,$0.16B,$0.03B,16.77%,$0.16B,$0.03B,21.29%,$0.16B,$0.03B,17.42%,$0.16B,$0.02B,12.26%,$0.02B,$0.10B,17.76%,$0.02B,$0.10B,17.76%,$0.02B,$0.12B,15.17%,$0.03B,$0.10B,24.30%,$25,$20,$6,$0,$5,$24,$1,$-0,$1,$0,$1,$1,$1,$3,$1,$25,25,$0.02,$0.02,$36,$9,$1,$59,$57,$1,$0,$4,$62,$121,$12,$0,$0,$5,$17,$0,$68,$-2,$104,$121,$1,$2,$0,$2,$1,$1,$-0,$0,$2,$5,$-1,$0,$0,$-6,$0,$-6,$0,$-7,$-0,$0,$-0,$0,$0,$-2,$0,$-2,$-5,$0,$-2
39,2008-12-31,15.21,$4.26,3.57,$7.15,2.13,$2.72,5.59,$1.03,14.72,$0.06B,$0.01B,5.81,$0.00B,$0.11B,0.0,$0.18B,$0.06B,32.96%,$0.18B,$0.04B,20.11%,$0.18B,$0.04B,20.11%,$0.18B,$0.04B,24.02%,$0.18B,$0.04B,20.67%,$0.18B,$0.03B,14.53%,$0.03B,$0.11B,24.53%,$0.03B,$0.11B,24.53%,$0.03B,$0.12B,20.63%,$0.04B,$0.11B,33.88%,$33,$25,$8,$0,$6,$30,$3,$0,$3,$1,$2,$2,$2,$4,$3,$25,25,$0.10,$0.10,$35,$10,$1,$61,$58,$0,$0,$4,$62,$122,$10,$0,$0,$5,$16,$0,$70,$-2,$107,$122,$26,$7,$1,$8,$5,$1,$-2,$0,$5,$39,$-11,$0,$0,$0,$0,$0,$0,$-11,$-0,$0,$-0,$0,$0,$-7,$0,$-7,$16,$1,$-7
40,2008-09-30,20.92,$4.40,4.75,$7.50,2.79,$2.25,9.29,$1.14,18.35,$0.07B,$0.01B,4.7,$0.00B,$0.11B,0.0,$0.19B,$0.06B,34.22%,$0.19B,$0.04B,21.93%,$0.19B,$0.04B,21.93%,$0.19B,$0.05B,26.20%,$0.19B,$0.04B,22.46%,$0.19B,$0.03B,15.51%,$0.03B,$0.11B,28.36%,$0.03B,$0.11B,28.36%,$0.03B,$0.13B,23.53%,$0.04B,$0.11B,40.00%,$45,$30,$15,$0,$5,$35,$9,$0,$10,$3,$7,$7,$7,$11,$9,$25,25,$0.27,$0.27,$33,$12,$1,$65,$60,$0,$0,$4,$64,$129,$14,$0,$1,$6,$20,$0,$69,$3,$110,$129,$23,$5,$1,$6,$-2,$-0,$0,$0,$2,$31,$-9,$0,$0,$0,$0,$0,$0,$-9,$-0,$0,$-0,$0,$0,$-6,$0,$-6,$14,$1,$-6
41,2008-06-30,25.84,$4.29,6.02,$7.39,3.49,$1.80,14.34,$1.09,23.78,$0.06B,$0.02B,4.0,$0.00B,$0.11B,0.0,$0.18B,$0.06B,33.70%,$0.18B,$0.04B,21.74%,$0.18B,$0.04B,21.74%,$0.18B,$0.05B,26.09%,$0.18B,$0.04B,21.74%,$0.18B,$0.03B,14.67%,$0.03B,$0.11B,27.91%,$0.03B,$0.11B,27.91%,$0.03B,$0.13B,22.93%,$0.04B,$0.11B,41.24%,$52,$32,$19,$0,$6,$38,$13,$0,$13,$4,$9,$9,$9,$15,$13,$25,25,$0.36,$0.36,$28,$12,$1,$64,$60,$0,$0,$4,$65,$129,$16,$0,$1,$6,$22,$0,$64,$6,$107,$129,$17,$4,$0,$4,$-5,$-1,$1,$0,$-0,$20,$-7,$0,$0,$0,$0,$0,$0,$-7,$-0,$0,$-0,$0,$0,$-4,$0,$-4,$9,$0,$-4
42,2008-03-31,23.32,$4.04,5.77,$7.08,3.29,$1.49,15.6,$0.97,24.12,$0.06B,$0.02B,3.52,$0.00B,$0.10B,0.0,$0.18B,$0.06B,32.57%,$0.18B,$0.04B,20.57%,$0.18B,$0.04B,20.57%,$0.18B,$0.04B,24.57%,$0.18B,$0.04B,20.57%,$0.18B,$0.02B,13.71%,$0.02B,$0.10B,26.45%,$0.02B,$0.10B,26.45%,$0.02B,$0.12B,21.62%,$0.04B,$0.10B,39.56%,$49,$32,$17,$0,$6,$38,$11,$0,$11,$4,$8,$8,$8,$13,$11,$25,25,$0.31,$0.31,$23,$12,$1,$61,$58,$0,$0,$5,$62,$124,$17,$0,$0,$6,$23,$0,$58,$6,$100,$124,$8,$2,$0,$2,$-8,$-1,$1,$0,$-2,$7,$-2,$0,$0,$0,$0,$0,$0,$-2,$-0,$0,$-0,$0,$0,$-1,$0,$-1,$4,$0,$-1
43,2007-12-31,20.04,$3.71,5.4,$6.77,2.96,$1.45,13.79,$0.90,22.38,$0.05B,$0.01B,3.76,$0.00B,$0.09B,0.0,$0.17B,$0.05B,32.34%,$0.17B,$0.03B,20.36%,$0.17B,$0.03B,20.36%,$0.17B,$0.04B,23.95%,$0.17B,$0.03B,20.36%,$0.17B,$0.02B,13.17%,$0.02B,$0.09B,25.88%,$0.02B,$0.09B,25.88%,$0.02B,$0.11B,21.10%,$0.03B,$0.09B,39.88%,$41,$28,$13,$0,$5,$33,$8,$0,$8,$3,$5,$5,$5,$10,$8,$25,25,$0.21,$0.21,$19,$11,$1,$49,$57,$0,$0,$4,$61,$111,$13,$0,$0,$6,$19,$0,$52,$6,$92,$111,$22,$6,$2,$8,$-3,$-1,$1,$-0,$-2,$28,$-12,$0,$0,$0,$-2,$-2,$0,$-15,$-0,$0,$-0,$1,$1,$-5,$1,$-4,$10,$1,$-5
44,2007-09-30,25.23,$3.55,7.11,$6.52,3.87,$1.22,20.61,$0.84,29.87,$0.05B,$0.01B,3.44,$0.00B,$0.09B,0.0,$0.16B,$0.05B,32.30%,$0.16B,$0.03B,19.88%,$0.16B,$0.03B,19.88%,$0.16B,$0.04B,23.60%,$0.16B,$0.03B,19.88%,$0.16B,$0.02B,13.04%,$0.02B,$0.09B,26.33%,$0.02B,$0.09B,26.33%,$0.02B,$0.11B,21.37%,$0.03B,$0.09B,40.00%,$42,$28,$13,$0,$5,$34,$8,$0,$8,$3,$5,$5,$5,$10,$8,$25,25,$0.21,$0.21,$17,$11,$2,$50,$56,$0,$0,$2,$58,$107,$14,$0,$1,$5,$20,$0,$48,$6,$88,$107,$17,$5,$0,$5,$-4,$-1,$1,$-2,$-2,$20,$-9,$0,$0,$0,$0,$0,$0,$-9,$-0,$0,$-0,$0,$0,$-4,$0,$-3,$8,$1,$-4
45,2007-06-30,25.91,$3.36,7.72,$6.31,4.1,$1.13,22.89,$0.79,32.74,$0.05B,$0.01B,3.43,$0.00B,$0.08B,0.01,$0.16B,$0.05B,32.26%,$0.16B,$0.03B,19.35%,$0.16B,$0.03B,19.35%,$0.16B,$0.04B,22.58%,$0.16B,$0.03B,19.35%,$0.16B,$0.02B,12.90%,$0.02B,$0.08B,26.94%,$0.02B,$0.08B,26.94%,$0.02B,$0.10B,21.45%,$0.03B,$0.08B,39.60%,$43,$29,$14,$0,$5,$35,$9,$0,$9,$3,$6,$6,$6,$10,$9,$25,25,$0.24,$0.24,$14,$11,$2,$45,$54,$0,$0,$2,$56,$102,$13,$0,$1,$6,$19,$0,$44,$5,$83,$102,$12,$3,$0,$3,$-4,$-1,$1,$-1,$-2,$12,$-7,$0,$0,$0,$0,$0,$0,$-7,$-0,$0,$-0,$0,$0,$-2,$0,$-2,$4,$0,$-2
46,2007-03-31,14.02,$3.14,4.46,$6.05,2.32,$1.04,13.52,$0.72,19.35,$0.04B,$0.01B,3.0,$0.00B,$0.08B,0.01,$0.15B,$0.05B,31.54%,$0.15B,$0.03B,18.79%,$0.15B,$0.03B,18.79%,$0.15B,$0.03B,22.15%,$0.15B,$0.03B,18.79%,$0.15B,$0.02B,12.08%,$0.02B,$0.08B,25.99%,$0.02B,$0.08B,25.99%,$0.02B,$0.10B,20.34%,$0.03B,$0.08B,38.89%,$41,$27,$14,$0,$5,$32,$9,$0,$9,$3,$6,$6,$6,$10,$9,$25,25,$0.23,$0.23,$13,$12,$1,$43,$52,$0,$0,$2,$54,$97,$14,$0,$0,$5,$20,$0,$40,$5,$77,$97,$6,$2,$0,$2,$-3,$-1,$1,$-0,$-0,$7,$-3,$0,$0,$0,$0,$0,$0,$-3,$-0,$0,$-0,$0,$0,$-1,$0,$-1,$3,$0,$-1
47,2006-12-31,10.72,$2.90,3.7,$5.78,1.86,$0.93,11.54,$0.66,16.29,$0.04B,$0.01B,3.19,$0.00B,$0.07B,0.01,$0.14B,$0.04B,30.99%,$0.14B,$0.03B,17.61%,$0.14B,$0.03B,17.61%,$0.14B,$0.03B,21.83%,$0.14B,$0.03B,17.61%,$0.14B,$0.02B,11.27%,$0.02B,$0.07B,24.52%,$0.02B,$0.07B,24.52%,$0.02B,$0.09B,19.05%,$0.03B,$0.07B,36.50%,$35,$24,$11,$0,$5,$29,$6,$0,$6,$2,$4,$4,$4,$8,$6,$24,25,$0.16,$0.16,$9,$10,$1,$35,$50,$0,$0,$2,$52,$87,$11,$1,$0,$5,$16,$0,$35,$5,$71,$87,$16,$6,$1,$7,$-3,$-3,$-0,$-0,$-3,$20,$-9,$0,$0,$0,$0,$0,$0,$-9,$-1,$0,$-1,$-3,$-3,$-4,$0,$-8,$4,$1,$-4
