,Date,Stock Price,Book Value per Share,Price to Book Ratio,TTM Sales per Share,Price to Sales Ratio,TTM FCF per Share,Price to FCF Ratio,TTM Net EPS,PE Ratio,Current Assets,Current Liabilities,Current Ratio,Long Term Debt,Shareholder's Equity_x,Debt to Equity Ratio,TTM Revenue_x,TTM Gross Profit,Gross Margin,TTM Revenue_y,TTM Operating Income,Operating Margin,TTM Revenue_x,TTM EBIT,EBIT Margin,TTM Revenue_y,TTM EBITDA,EBITDA Margin,TTM Revenue_x,TTM Pre-Tax Income,Pre-Tax Margin,TTM Revenue_y,TTM Net Income_x,Net Margin,TTM Net Income_y,Shareholder's Equity_y,Return on Equity,TTM Net Income_x,Tangible Equity,Return on Tangible Equity,TTM Net Income_y,Total Assets,Return on Assets,TTM Net Income,LT Investments & Debt,Return on Investment,revenue,cost-goods-sold,gross-profit,research-development-expenses,selling-general-administrative-expenses,operating-expenses,operating-income,total-non-operating-income-expense,pre-tax-income,total-provision-income-taxes,income-after-taxes,income-from-continuous-operations,net-income,ebitda,ebit,basic-shares-outstanding,shares-outstanding,eps-basic-net-earnings-per-share,eps-earnings-per-share-diluted,cash-on-hand,inventory,other-current-assets,total-current-assets,net-property-plant-equipment,long-term-investments,goodwill-intangible-assets-total,other-long-term-assets,total-long-term-assets,total-assets,total-current-liabilities,long-term-debt,other-non-current-liabilities,total-long-term-liabilities,total-liabilities,common-stock-net,retained-earnings-accumulated-deficit,comprehensive-income,total-share-holder-equity,total-liabilities-share-holders-equity,net-income-loss,total-depreciation-amortization-cash-flow,other-non-cash-items,total-non-cash-items,change-in-accounts-receivable,change-in-inventories,change-in-accounts-payable,change-in-assets-liabilities,total-change-in-assets-liabilities,cash-flow-from-operating-activities,net-change-in-property-plant-equipment,net-change-in-intangible-assets,net-acquisitions-divestitures,net-change-in-short-term-investments,net-change-in-long-term-investments,net-change-in-investments-total,investing-activities-other,cash-flow-from-investing-activities,net-long-term-debt,net-current-debt,debt-issuance-retirement-net-total,net-common-equity-issued-repurchased,net-total-equity-issued-repurchased,total-common-preferred-stock-dividends-paid,financial-activities-other,cash-flow-from-financial-activities,net-cash-flow,stock-based-compensation,common-stock-dividends-paid
0,2018-06-30,37.53,$0.00,0.0,0,0.0,0,0.0,0,0.0,$2.66B,$1.25B,2.13,$1.42B,$4.64B,0.31,$0.00B,0,nan%,$0.00B,0,nan%,$0.00B,0,nan%,$0.00B,0,nan%,$0.00B,0,nan%,$0.00B,0,nan%,$0.00B,$4.64B,0.00%,$0.00B,$1.01B,0.00%,$0.00B,$7.71B,0.00%,$0.00B,$6.06B,0.00%,$0,$0,$0,$0,$0,$0,$0,$0,$0,$0,$0,$0,$0,$0,$0,$0,0,$0.00,$0.00,$99,$1352,$0,$2656,$0,$140,$3638,$94,$4001,$7713,$1247,$1420,$288,$1823,$3070,$178,$4358,$0,$4643,$7713,$341,$228,$0,$228,$0,$0,$0,$0,$-183,$297,$-178,$0,$-20,$0,$0,$-1,$0,$-199,$0,$0,$54,$0,$-29,$-198,$4,$-169,$-74,$0,$0
1,2017-12-31,34.59,$0.00,0.0,0,0.0,0,0.0,0,0.0,$2.73B,$1.35B,2.03,$1.42B,$4.64B,0.31,$0.00B,0,nan%,$0.00B,0,nan%,$0.00B,0,nan%,$0.00B,0,nan%,$0.00B,0,nan%,$0.00B,0,nan%,$0.00B,$4.64B,0.00%,$0.00B,$0.90B,0.00%,$0.00B,$7.87B,0.00%,$0.00B,$6.07B,0.00%,$0,$0,$0,$0,$0,$0,$0,$0,$0,$0,$0,$0,$0,$0,$0,$0,0,$0.00,$0.00,$169,$1304,$0,$2731,$2741,$139,$3742,$78,$6827,$7866,$1346,$1423,$356,$1876,$3222,$178,$4329,$0,$4644,$7866,$879,$447,$0,$447,$0,$0,$0,$0,$-102,$1090,$-376,$0,$-159,$0,$0,$-8,$0,$-543,$0,$-11,$-136,$0,$-42,$-269,$24,$-434,$117,$0,$0
2,2017-06-30,34.2,$0.00,0.0,0,0.0,0,0.0,0,0.0,$2.58B,$1.19B,2.18,$1.60B,$4.20B,0.38,$0.00B,0,nan%,$0.00B,0,nan%,$0.00B,0,nan%,$0.00B,0,nan%,$0.00B,0,nan%,$0.00B,0,nan%,$0.00B,$4.20B,0.00%,$0.00B,$0.61B,0.00%,$0.00B,$7.44B,0.00%,$0.00B,$5.81B,0.00%,$0,$0,$0,$0,$0,$0,$0,$0,$0,$0,$0,$0,$0,$0,$0,$0,0,$0.00,$0.00,$69,$1298,$0,$2579,$0,$135,$3587,$0,$3828,$7439,$1185,$1604,$338,$2053,$3238,$178,$3956,$0,$4201,$7439,$383,$219,$0,$219,$0,$0,$0,$0,$-196,$351,$-178,$0,$-32,$0,$0,$-7,$0,$-217,$0,$0,$53,$0,$-31,$-162,$10,$-130,$6,$0,$0
3,2016-12-31,29.17,$0.00,0.0,$2.78,10.5,$0.69,42.57,$0.36,81.04,$2.53B,$1.35B,1.88,$1.56B,$3.96B,0.4,$1.25B,$0.94B,75.26%,$1.25B,$0.23B,18.09%,$1.25B,$0.23B,18.09%,$1.25B,$0.36B,28.58%,$1.25B,$0.21B,16.97%,$1.25B,$0.16B,12.81%,$0.16B,$3.96B,4.00%,$0.16B,$0.36B,44.17%,$0.16B,$7.34B,2.20%,$0.23B,$5.52B,4.07%,$0,$0,$0,$0,$0,$0,$0,$0,$0,$0,$0,$0,$0,$0,$0,$0,0,$0.00,$0.00,$100,$1244,$0,$2529,$2538,$137,$3599,$0,$6371,$7344,$1348,$1564,$380,$2038,$3386,$180,$3970,$0,$3958,$7344,$1062,$463,$0,$463,$0,$0,$0,$0,$-170,$849,$-392,$0,$11,$0,$0,$-2,$0,$-383,$0,$131,$-4,$0,$-352,$-279,$-25,$-529,$-64,$0,$0
4,2015-12-31,33.89,$0.00,0.0,$5.35,6.33,$0.96,35.19,$0.59,57.43,$2.48B,$1.34B,1.84,$1.43B,$3.97B,0.36,$2.40B,$1.79B,74.72%,$2.40B,$0.39B,16.10%,$2.40B,$0.39B,16.10%,$2.40B,$0.63B,26.32%,$2.40B,$0.37B,15.23%,$2.40B,$0.26B,10.93%,$0.26B,$3.97B,6.52%,$0.26B,$0.45B,82.45%,$0.26B,$7.17B,3.57%,$0.39B,$5.40B,6.82%,$0,$0,$0,$0,$0,$0,$0,$0,$0,$0,$0,$0,$0,$0,$0,$0,0,$0.00,$0.00,$120,$1217,$0,$2475,$0,$128,$3514,$13,$3760,$7167,$1344,$1434,$346,$1857,$3201,$183,$3731,$0,$3966,$7167,$559,$493,$0,$493,$0,$0,$0,$0,$107,$1030,$-358,$0,$-44,$0,$0,$-27,$0,$-429,$0,$16,$-231,$0,$-56,$-272,$-15,$-558,$37,$0,$0
5,2015-06-30,32.1,$0.00,0.0,$7.92,4.05,$1.48,21.62,$0.79,40.63,$2.43B,$1.23B,1.99,$1.53B,$4.05B,0.38,$3.54B,$2.65B,74.77%,$3.54B,$0.52B,14.67%,$3.54B,$0.52B,14.67%,$3.54B,$0.87B,24.44%,$3.54B,$0.49B,13.91%,$3.54B,$0.35B,9.90%,$0.35B,$4.05B,8.63%,$0.35B,$0.37B,135.52%,$0.35B,$7.22B,4.69%,$0.52B,$5.58B,8.90%,$0,$0,$0,$0,$0,$0,$0,$0,$0,$0,$0,$0,$0,$0,$0,$0,0,$0.00,$0.00,$88,$1185,$0,$2432,$0,$116,$3677,$7,$3875,$7215,$1225,$1532,$332,$1941,$3166,$183,$3713,$0,$4049,$7215,$411,$226,$0,$226,$0,$0,$0,$0,$-77,$490,$-161,$0,$-16,$0,$0,$0,$491,$314,$0,$0,$0,$0,$-43,$-166,$-130,$-339,$-27,$0,$0
6,2014-12-31,34.36,$9.04,3.8,$10.32,3.33,$1.54,22.28,$1.13,30.52,$2.44B,$1.16B,2.1,$1.67B,$4.04B,0.41,$4.62B,$3.46B,74.83%,$4.62B,$0.75B,16.22%,$4.62B,$0.75B,16.22%,$4.62B,$1.19B,25.73%,$4.62B,$0.71B,15.46%,$4.62B,$0.50B,10.85%,$0.50B,$4.04B,12.20%,$0.50B,$0.27B,78.19%,$0.50B,$7.31B,7.00%,$0.75B,$5.71B,13.40%,$1249,$309,$940,$58,$656,$1023,$226,$-14,$212,$52,$160,$160,$160,$357,$226,$449,449,$0.36,$0.36,$93,$1181,$0,$2440,$891,$117,$3774,$7,$3975,$7306,$1162,$1666,$340,$2104,$3266,$184,$3650,$0,$4040,$7306,$714,$439,$-24,$439,$-76,$-168,$86,$0,$-193,$683,$-375,$0,$-1574,$0,$-6,$184,$20,$-1745,$-22,$0,$1300,$-31,$-31,$-250,$-11,$1008,$-61,$32,$-250
7,2014-09-30,31.28,$0.00,0.0,$10.15,3.08,$2.03,15.42,$1.13,27.78,$2.53B,$1.23B,2.06,$1.94B,$4.02B,0.48,$4.54B,$3.40B,74.77%,$4.54B,$0.76B,16.69%,$4.54B,$0.76B,16.69%,$4.54B,$1.18B,25.86%,$4.54B,$0.73B,16.16%,$4.54B,$0.50B,11.07%,$0.50B,$4.02B,12.24%,$0.50B,$0.18B,49.88%,$0.50B,$7.65B,7.41%,$0.76B,$5.95B,14.41%,$1148,$297,$851,$57,$634,$988,$160,$-7,$153,$51,$102,$102,$102,$274,$160,$447,447,$0.23,$0.23,$147,$1209,$0,$2529,$0,$301,$3836,$0,$4227,$7650,$1228,$1936,$299,$2405,$3633,$184,$3559,$0,$4017,$7650,$502,$308,$0,$308,$0,$0,$0,$0,$-237,$381,$-257,$0,$-1573,$0,$0,$0,$0,$-1830,$0,$0,$1607,$0,$-23,$-152,$2,$1434,$-20,$0,$0
8,2014-06-30,33.17,$0.00,0.0,$9.85,3.37,$2.48,13.36,$1.16,28.49,$2.53B,$1.15B,2.21,$1.99B,$4.16B,0.48,$4.42B,$3.31B,74.92%,$4.42B,$0.78B,17.59%,$4.42B,$0.78B,17.59%,$4.42B,$1.17B,26.55%,$4.42B,$0.76B,17.16%,$4.42B,$0.52B,11.83%,$0.52B,$4.16B,12.81%,$0.52B,$0.22B,37.67%,$0.52B,$7.74B,8.35%,$0.78B,$6.14B,16.13%,$1147,$288,$859,$64,$661,$1013,$134,$-6,$128,$39,$89,$89,$89,$235,$134,$447,447,$0.20,$0.20,$140,$1185,$0,$2532,$0,$111,$3938,$184,$4317,$7742,$1148,$1986,$284,$2439,$3587,$184,$3590,$0,$4155,$7742,$349,$194,$0,$194,$0,$0,$0,$0,$0,$233,$0,$0,$0,$0,$0,$0,$-1500,$-1500,$0,$0,$0,$0,$24,$-152,$1634,$1506,$6,$0,$0
9,2014-03-31,28.09,$0.00,0.0,$9.65,2.91,$2.42,11.63,$1.25,22.51,$2.39B,$1.06B,2.25,$0.34B,$4.22B,0.08,$4.35B,$3.25B,74.73%,$4.35B,$0.83B,19.13%,$4.35B,$0.83B,19.13%,$4.35B,$1.22B,28.03%,$4.35B,$0.82B,18.83%,$4.35B,$0.56B,12.95%,$0.56B,$4.22B,14.01%,$0.56B,$1.90B,31.97%,$0.56B,$5.94B,9.89%,$0.83B,$4.55B,19.15%,$1073,$268,$805,$56,$520,$844,$229,$-8,$221,$71,$150,$150,$150,$322,$229,$446,446,$0.34,$0.34,$182,$1067,$0,$2387,$0,$107,$2317,$181,$2739,$5940,$1061,$337,$277,$663,$1724,$184,$3668,$0,$4216,$5940,$221,$93,$0,$93,$0,$0,$0,$0,$-164,$91,$-65,$0,$0,$0,$0,$0,$0,$-65,$0,$-14,$0,$0,$11,$0,$1,$-2,$24,$0,$0
10,2013-12-31,26.35,$0.00,0.0,$9.62,2.74,$2.66,9.91,$1.23,21.45,$2.26B,$1.07B,2.1,$0.35B,$4.05B,0.09,$4.35B,$3.25B,74.72%,$4.35B,$0.81B,18.62%,$4.35B,$0.81B,18.62%,$4.35B,$1.19B,27.44%,$4.35B,$0.80B,18.43%,$4.35B,$0.56B,12.78%,$0.56B,$4.05B,14.07%,$0.56B,$1.74B,32.22%,$0.56B,$5.82B,9.97%,$0.81B,$4.39B,19.07%,$1175,$293,$882,$62,$585,$940,$235,$-3,$232,$70,$162,$162,$162,$344,$235,$448,450,$0.36,$0.36,$137,$1006,$0,$2256,$0,$287,$2310,$5,$2747,$5819,$1073,$347,$302,$699,$1772,$184,$3520,$0,$4047,$5819,$802,$384,$20,$384,$-70,$-99,$122,$0,$-74,$867,$-340,$0,$-74,$0,$0,$0,$7,$-407,$-84,$-78,$0,$-180,$-180,$-239,$-1,$-498,$-41,$28,$-239
11,2013-09-30,22.73,$0.00,0.0,$9.41,2.42,$2.91,7.82,$1.18,19.2,$2.17B,$1.03B,2.11,$0.29B,$3.91B,0.07,$4.25B,$3.16B,74.21%,$4.25B,$0.79B,18.53%,$4.25B,$0.79B,18.53%,$4.25B,$1.15B,26.97%,$4.25B,$0.79B,18.46%,$4.25B,$0.54B,12.60%,$0.54B,$3.91B,13.71%,$0.54B,$1.70B,31.53%,$0.54B,$5.57B,9.69%,$0.79B,$4.20B,18.64%,$1027,$260,$767,$59,$528,$847,$180,$-2,$178,$56,$122,$122,$122,$273,$180,$452,452,$0.27,$0.27,$136,$975,$0,$2169,$0,$109,$2210,$175,$2628,$5567,$1029,$289,$303,$627,$1656,$185,$3443,$0,$3911,$5567,$570,$275,$0,$275,$0,$0,$0,$0,$-111,$546,$-215,$0,$0,$0,$0,$7,$0,$-208,$0,$-122,$0,$0,$-120,$-146,$2,$-386,$-53,$0,$0
12,2013-06-30,20.43,$0.00,0.0,$9.27,2.2,$3.44,5.94,$1.22,16.8,$2.08B,$0.89B,2.34,$0.34B,$3.90B,0.09,$4.18B,$3.10B,74.13%,$4.18B,$0.80B,19.03%,$4.18B,$0.80B,19.03%,$4.18B,$1.14B,27.36%,$4.18B,$0.80B,19.15%,$4.18B,$0.55B,13.12%,$0.55B,$3.90B,14.26%,$0.55B,$1.71B,30.28%,$0.55B,$5.45B,10.17%,$0.80B,$4.23B,19.43%,$1074,$278,$796,$58,$550,$886,$188,$0,$188,$59,$129,$129,$129,$280,$188,$451,454,$0.28,$0.28,$101,$933,$0,$2080,$0,$109,$2188,$173,$2611,$5452,$890,$335,$281,$667,$1557,$193,$3872,$0,$3895,$5452,$392,$182,$0,$182,$0,$0,$0,$0,$-89,$347,$-141,$0,$0,$0,$0,$0,$7,$-134,$0,$0,$-84,$0,$-54,$-146,$1,$-283,$-75,$0,$0
13,2013-03-31,20.73,$0.00,0.0,$9.21,2.25,$3.59,5.78,$1.59,13.05,$2.07B,$0.92B,2.26,$0.21B,$3.95B,0.05,$4.13B,$3.07B,74.16%,$4.13B,$0.82B,19.77%,$4.13B,$0.82B,19.77%,$4.13B,$1.15B,27.85%,$4.13B,$1.07B,25.91%,$4.13B,$0.71B,17.20%,$0.71B,$3.95B,18.91%,$0.71B,$1.76B,37.49%,$0.71B,$5.47B,13.60%,$0.82B,$4.16B,20.81%,$1075,$269,$806,$52,$547,$868,$207,$-3,$204,$61,$143,$143,$143,$297,$207,$453,453,$0.32,$0.32,$125,$911,$0,$2066,$0,$114,$2195,$172,$2636,$5465,$916,$209,$339,$596,$1512,$193,$3944,$0,$3953,$5465,$204,$90,$0,$90,$0,$0,$0,$0,$-58,$192,$-55,$0,$0,$0,$0,$0,$0,$-55,$0,$0,$-206,$0,$14,$0,$1,$-191,$-56,$0,$0
14,2012-12-31,19.89,$0.00,0.0,$9.25,2.15,$3.50,5.68,$1.63,12.19,$2.14B,$0.93B,2.31,$0.43B,$3.88B,0.11,$4.14B,$3.07B,74.14%,$4.14B,$0.85B,20.45%,$4.14B,$0.85B,20.45%,$4.14B,$1.17B,28.28%,$4.14B,$1.10B,26.59%,$4.14B,$0.73B,17.62%,$0.73B,$3.88B,20.06%,$0.73B,$1.63B,37.66%,$0.73B,$5.64B,14.34%,$0.85B,$4.31B,22.54%,$1077,$290,$787,$46,$528,$864,$213,$2,$215,$73,$142,$142,$142,$297,$213,$449,449,$0.32,$0.32,$178,$901,$0,$2144,$0,$283,$2250,$8,$2705,$5642,$930,$430,$337,$828,$1758,$193,$3817,$0,$3884,$5642,$1100,$324,$0,$324,$0,$0,$0,$0,$-24,$902,$-265,$0,$-782,$0,$0,$0,$93,$-954,$0,$0,$158,$0,$83,$-186,$-1,$54,$6,$0,$0
15,2012-09-30,19.6,$0.00,0.0,$9.33,2.1,$3.25,6.03,$1.63,12.04,$2.29B,$0.91B,2.52,$0.02B,$3.64B,0.0,$4.17B,$3.09B,74.17%,$4.17B,$0.85B,20.33%,$4.17B,$0.85B,20.33%,$4.17B,$1.17B,27.96%,$4.17B,$1.10B,26.28%,$4.17B,$0.73B,17.45%,$0.73B,$3.64B,21.01%,$0.73B,$2.14B,37.39%,$0.73B,$5.00B,14.96%,$0.85B,$3.66B,24.37%,$952,$244,$708,$40,$481,$765,$187,$6,$193,$59,$134,$134,$134,$269,$187,$447,447,$0.30,$0.30,$445,$890,$0,$2288,$0,$129,$1503,$167,$1945,$4997,$908,$16,$374,$447,$1355,$192,$3625,$0,$3642,$4997,$885,$240,$0,$240,$0,$0,$0,$0,$-30,$650,$-84,$0,$-10,$0,$0,$0,$0,$-94,$0,$0,$-258,$0,$55,$-97,$-3,$-303,$256,$0,$0
16,2012-06-30,17.78,$0.00,0.0,$9.53,1.87,$2.92,6.1,$1.63,10.92,$2.09B,$0.80B,2.62,$0.02B,$3.56B,0.0,$4.25B,$3.13B,73.79%,$4.25B,$0.85B,20.04%,$4.25B,$0.85B,20.04%,$4.25B,$1.17B,27.53%,$4.25B,$1.09B,25.67%,$4.25B,$0.73B,17.10%,$0.73B,$3.56B,21.91%,$0.73B,$2.06B,40.66%,$0.73B,$4.81B,15.07%,$0.85B,$3.57B,25.56%,$1029,$265,$764,$42,$512,$819,$210,$249,$459,$167,$292,$292,$292,$288,$210,$446,446,$0.66,$0.66,$221,$872,$0,$2094,$0,$126,$1502,$177,$1953,$4812,$799,$15,$369,$456,$1255,$192,$3615,$0,$3557,$4812,$692,$158,$0,$158,$0,$0,$0,$0,$-63,$398,$-130,$0,$0,$0,$0,$-10,$103,$-37,$0,$0,$-254,$0,$21,$-97,$5,$-325,$35,$0,$0
17,2012-03-31,17.77,$0.00,0.0,$9.64,1.84,$2.93,6.06,$1.31,13.55,$2.32B,$1.03B,2.26,$0.02B,$3.45B,0.0,$4.29B,$3.16B,73.57%,$4.29B,$0.87B,20.19%,$4.29B,$0.87B,20.19%,$4.29B,$1.18B,27.48%,$4.29B,$0.85B,19.86%,$4.29B,$0.59B,13.67%,$0.59B,$3.45B,18.30%,$0.59B,$1.92B,35.60%,$0.59B,$4.88B,12.13%,$0.87B,$3.47B,26.89%,$1079,$271,$808,$43,$529,$843,$236,$-3,$233,$72,$161,$161,$161,$316,$236,$447,447,$0.36,$0.36,$254,$888,$128,$2321,$0,$13,$1538,$18,$1783,$4884,$1027,$15,$311,$404,$1431,$191,$3454,$0,$3453,$4884,$233,$80,$0,$80,$0,$0,$0,$0,$-112,$154,$-58,$0,$0,$0,$0,$0,$0,$-58,$0,$0,$-46,$0,$14,$0,$1,$-31,$69,$0,$0
18,2011-12-31,16.95,$0.00,0.0,$9.60,1.77,$3.03,5.59,$1.30,13.04,$2.21B,$1.14B,1.94,$0.02B,$3.19B,0.01,$4.27B,$3.13B,73.30%,$4.27B,$0.86B,20.19%,$4.27B,$0.86B,20.19%,$4.27B,$1.17B,27.35%,$4.27B,$0.85B,19.86%,$4.27B,$0.58B,13.63%,$0.58B,$3.19B,18.80%,$0.58B,$1.67B,37.90%,$0.58B,$4.75B,12.08%,$0.86B,$3.20B,26.61%,$1106,$296,$810,$41,$555,$892,$214,$-4,$210,$70,$140,$140,$140,$292,$214,$446,446,$0.32,$0.31,$184,$859,$125,$2205,$0,$13,$1519,$4,$1759,$4747,$1138,$16,$340,$422,$1560,$191,$3258,$0,$3187,$4747,$848,$306,$0,$306,$0,$0,$0,$0,$-57,$842,$-321,$0,$-33,$0,$0,$0,$0,$-354,$0,$0,$-392,$0,$18,$-146,$-1,$-521,$-34,$0,$0
19,2011-09-30,15.62,$0.00,0.0,$9.52,1.64,$3.11,5.03,$1.40,11.19,$2.22B,$1.29B,1.73,$0.02B,$3.06B,0.01,$4.23B,$3.10B,73.32%,$4.23B,$0.92B,21.63%,$4.23B,$0.92B,21.63%,$4.23B,$1.23B,29.05%,$4.23B,$0.90B,21.18%,$4.23B,$0.62B,14.75%,$0.62B,$3.06B,20.86%,$0.62B,$1.50B,43.64%,$0.62B,$4.82B,12.96%,$0.92B,$3.07B,27.79%,$1032,$281,$751,$43,$517,$841,$191,$-3,$188,$55,$133,$133,$133,$273,$191,$443,443,$0.30,$0.30,$292,$904,$0,$2220,$0,$13,$1553,$5,$1814,$4821,$1286,$16,$385,$478,$1764,$191,$3227,$0,$3057,$4821,$638,$228,$0,$228,$0,$0,$0,$0,$-47,$613,$-200,$0,$-33,$0,$0,$0,$0,$-233,$0,$-231,$0,$0,$12,$-88,$0,$-307,$70,$0,$0
20,2011-06-30,18.93,$0.00,0.0,$9.25,2.05,$3.05,6.2,$1.40,13.56,$2.24B,$1.35B,1.66,$0.02B,$3.13B,0.01,$4.14B,$3.05B,73.60%,$4.14B,$0.93B,22.46%,$4.14B,$0.93B,22.46%,$4.14B,$1.23B,29.78%,$4.14B,$0.91B,21.96%,$4.14B,$0.63B,15.17%,$0.63B,$3.13B,22.06%,$0.63B,$1.51B,48.36%,$0.63B,$4.91B,13.01%,$0.93B,$3.15B,27.29%,$1077,$287,$790,$43,$521,$851,$226,$-4,$222,$69,$153,$153,$153,$299,$226,$445,445,$0.34,$0.34,$245,$942,$0,$2237,$0,$14,$1625,$6,$1864,$4909,$1348,$18,$332,$428,$1776,$191,$3092,$0,$3133,$4909,$450,$146,$0,$146,$0,$0,$0,$0,$-39,$408,$-133,$0,$-33,$0,$0,$0,$0,$-166,$0,$0,$-154,$0,$10,$-88,$2,$-230,$20,$0,$0
21,2011-03-31,19.55,$0.00,0.0,$8.99,2.18,$3.00,6.52,$1.36,14.33,$2.21B,$0.88B,2.51,$0.53B,$3.00B,0.18,$4.02B,$2.97B,73.87%,$4.02B,$0.91B,22.65%,$4.02B,$0.91B,22.65%,$4.02B,$1.20B,29.94%,$4.02B,$0.89B,22.10%,$4.02B,$0.61B,15.22%,$0.61B,$3.00B,23.17%,$0.61B,$1.46B,53.70%,$0.61B,$4.79B,12.90%,$0.91B,$3.53B,26.34%,$1055,$276,$779,$40,$508,$824,$231,$-3,$228,$72,$156,$156,$156,$304,$231,$446,446,$0.35,$0.35,$256,$936,$0,$2209,$0,$13,$1541,$10,$1781,$4790,$882,$528,$301,$905,$1787,$191,$3184,$0,$3003,$4790,$228,$73,$0,$73,$0,$0,$0,$0,$0,$212,$-73,$0,$0,$0,$0,$0,$0,$-73,$0,$0,$-116,$0,$8,$0,$-1,$-109,$32,$0,$0
22,2010-12-31,18.21,$0.00,0.0,$8.87,2.05,$2.98,6.11,$1.38,13.24,$2.15B,$0.91B,2.36,$0.64B,$2.77B,0.23,$3.96B,$2.93B,73.98%,$3.96B,$0.92B,23.22%,$3.96B,$0.92B,23.22%,$3.96B,$1.21B,30.49%,$3.96B,$0.90B,22.59%,$3.96B,$0.62B,15.52%,$0.62B,$2.77B,25.14%,$0.62B,$1.25B,63.65%,$0.62B,$4.73B,13.13%,$0.92B,$3.42B,27.17%,$1067,$285,$782,$39,$476,$800,$267,$-9,$258,$76,$182,$182,$182,$353,$267,$444,444,$0.41,$0.41,$207,$923,$0,$2154,$0,$13,$1527,$28,$1792,$4733,$914,$642,$335,$1046,$1960,$191,$2848,$0,$2773,$4733,$895,$288,$-108,$180,$0,$0,$0,$0,$0,$859,$-307,$0,$0,$0,$0,$0,$0,$-307,$0,$0,$-420,$0,$18,$-132,$-3,$-537,$21,$0,$0
23,2010-09-30,15.63,$0.00,0.0,$8.88,1.76,$2.65,5.9,$1.26,12.44,$2.35B,$0.86B,2.72,$1.05B,$2.48B,0.43,$3.96B,$2.91B,73.57%,$3.96B,$0.84B,21.26%,$3.96B,$0.84B,21.26%,$3.96B,$1.16B,29.16%,$3.96B,$0.81B,20.50%,$3.96B,$0.56B,14.16%,$0.56B,$2.48B,24.41%,$0.56B,$0.98B,68.14%,$0.56B,$4.88B,12.09%,$0.84B,$3.53B,25.14%,$941,$245,$696,$38,$452,$735,$206,$-5,$201,$64,$137,$137,$137,$277,$206,$457,457,$0.30,$0.30,$490,$953,$0,$2350,$0,$12,$1500,$30,$1754,$4878,$863,$1054,$460,$1537,$2400,$190,$2683,$0,$2478,$4878,$637,$202,$0,$202,$0,$0,$0,$0,$-78,$602,$-200,$0,$0,$0,$0,$0,$0,$-200,$0,$-37,$0,$0,$9,$0,$-81,$-109,$304,$0,$0
24,2010-06-30,16.18,$0.00,0.0,$8.90,1.82,$2.26,7.17,$1.24,13.01,$2.15B,$0.78B,2.75,$1.05B,$2.31B,0.45,$3.94B,$2.89B,73.37%,$3.94B,$0.82B,20.89%,$3.94B,$0.82B,20.89%,$3.94B,$1.13B,28.74%,$3.94B,$0.78B,19.92%,$3.94B,$0.55B,14.03%,$0.55B,$2.31B,25.31%,$0.55B,$0.87B,78.24%,$0.55B,$4.58B,12.06%,$0.82B,$3.36B,25.10%,$959,$245,$714,$39,$468,$752,$207,$-5,$202,$65,$137,$137,$137,$270,$207,$445,445,$0.31,$0.31,$360,$906,$0,$2150,$0,$12,$1437,$26,$1684,$4583,$783,$1045,$423,$1490,$2273,$190,$2508,$0,$2310,$4583,$436,$131,$0,$131,$0,$0,$0,$0,$-74,$383,$-133,$0,$0,$0,$0,$0,$0,$-133,$0,$0,$7,$0,$8,$-79,$-3,$-67,$173,$0,$0
25,2010-03-31,17.1,$0.00,0.0,$8.83,1.94,$1.84,9.3,$1.20,14.2,$2.09B,$0.88B,2.38,$1.01B,$2.23B,0.46,$3.90B,$2.85B,72.99%,$3.90B,$0.80B,20.60%,$3.90B,$0.80B,20.60%,$3.90B,$1.12B,28.70%,$3.90B,$0.76B,19.43%,$3.90B,$0.53B,13.66%,$0.53B,$2.23B,25.71%,$0.53B,$0.77B,90.42%,$0.53B,$4.54B,11.69%,$0.80B,$3.24B,24.94%,$995,$256,$739,$35,$464,$755,$240,$-6,$234,$75,$159,$159,$159,$308,$240,$442,442,$0.36,$0.36,$268,$917,$0,$2092,$0,$20,$1458,$11,$1689,$4535,$879,$1014,$395,$1430,$2309,$190,$2431,$0,$2226,$4535,$234,$68,$0,$68,$0,$0,$0,$0,$-55,$205,$-74,$0,$0,$0,$0,$0,$0,$-74,$0,$-47,$0,$0,$8,$0,$-1,$-40,$87,$0,$0
26,2009-12-31,17.5,$0.00,0.0,$8.52,2.05,$1.66,10.53,$1.06,16.45,$2.09B,$0.86B,2.42,$1.09B,$2.18B,0.5,$3.77B,$2.74B,72.69%,$3.77B,$0.72B,19.17%,$3.77B,$0.72B,19.17%,$3.77B,$1.04B,27.44%,$3.77B,$0.67B,17.76%,$3.77B,$0.47B,12.51%,$0.47B,$2.18B,24.28%,$0.47B,$0.67B,99.63%,$0.47B,$4.57B,10.48%,$0.72B,$3.27B,23.09%,$1066,$301,$765,$47,$529,$877,$189,$-14,$175,$47,$128,$128,$128,$300,$189,$441,441,$0.29,$0.29,$192,$933,$14,$2085,$0,$20,$1505,$0,$1727,$4565,$863,$1090,$402,$1523,$2386,$190,$2338,$0,$2179,$4565,$670,$312,$0,$312,$0,$0,$0,$0,$-8,$719,$-318,$0,$-25,$0,$0,$0,$137,$-206,$0,$0,$-354,$0,$17,$-120,$-12,$-469,$52,$0,$0
27,2009-09-30,15.28,$0.00,0.0,$8.26,1.85,$1.38,11.11,$1.04,14.75,$2.15B,$0.91B,2.37,$1.23B,$2.01B,0.61,$3.67B,$2.68B,72.97%,$3.67B,$0.71B,19.45%,$3.67B,$0.71B,19.45%,$3.67B,$1.01B,27.47%,$3.67B,$0.66B,17.92%,$3.67B,$0.46B,12.52%,$0.46B,$2.01B,25.17%,$0.46B,$0.51B,135.50%,$0.46B,$4.63B,10.22%,$0.71B,$3.24B,23.16%,$915,$246,$669,$40,$443,$729,$186,$-13,$173,$45,$128,$128,$128,$253,$186,$441,441,$0.29,$0.29,$217,$995,$0,$2151,$0,$20,$1502,$0,$1730,$4627,$906,$1229,$443,$1712,$2618,$190,$2196,$0,$2009,$4627,$495,$201,$0,$201,$0,$0,$0,$0,$-92,$413,$-197,$0,$-4,$0,$0,$0,$137,$-64,$0,$0,$-210,$0,$5,$-72,$-7,$-284,$76,$0,$0
28,2009-06-30,12.64,$0.00,0.0,$8.20,1.54,$1.31,9.67,$0.91,13.93,$2.09B,$0.88B,2.38,$1.27B,$1.88B,0.67,$3.68B,$2.66B,72.32%,$3.68B,$0.66B,17.98%,$3.68B,$0.66B,17.98%,$3.68B,$0.96B,26.03%,$3.68B,$0.60B,16.38%,$3.68B,$0.41B,11.00%,$0.41B,$1.88B,22.95%,$0.41B,$0.41B,162.32%,$0.41B,$4.52B,9.07%,$0.66B,$3.15B,21.64%,$926,$251,$675,$35,$451,$737,$189,$-13,$176,$58,$118,$118,$118,$259,$189,$442,443,$0.27,$0.27,$156,$971,$0,$2091,$0,$20,$1470,$0,$1689,$4517,$879,$1267,$461,$1759,$2638,$190,$2106,$0,$1879,$4517,$322,$134,$0,$134,$0,$0,$0,$0,$-122,$195,$-131,$0,$0,$0,$0,$0,$137,$6,$0,$0,$-121,$0,$2,$-72,$-2,$-193,$11,$0,$0
29,2009-03-31,10.48,$0.00,0.0,$8.36,1.25,$1.38,7.59,$0.87,12.02,$2.00B,$1.00B,2.0,$1.16B,$1.71B,0.68,$3.76B,$2.70B,71.96%,$3.76B,$0.65B,17.23%,$3.76B,$0.65B,17.23%,$3.76B,$0.94B,24.93%,$3.76B,$0.58B,15.55%,$3.76B,$0.39B,10.39%,$0.39B,$1.71B,22.33%,$0.39B,$0.31B,226.74%,$0.39B,$4.31B,8.64%,$0.65B,$2.87B,23.67%,$865,$232,$633,$33,$441,$706,$159,$-13,$146,$48,$98,$98,$98,$223,$159,$445,445,$0.22,$0.22,$172,$908,$0,$2000,$0,$19,$1403,$0,$1610,$4306,$1001,$1163,$397,$1597,$2598,$190,$1959,$0,$1708,$4306,$146,$64,$0,$64,$0,$0,$0,$0,$-66,$95,$-42,$0,$0,$0,$0,$0,$137,$95,$0,$-165,$0,$0,$0,$0,$-2,$-167,$19,$0,$0
30,2008-12-31,10.84,$0.00,0.0,$8.48,1.28,$1.36,7.98,$0.84,12.9,$1.99B,$0.97B,2.05,$1.36B,$1.70B,0.8,$3.80B,$2.72B,71.67%,$3.80B,$0.63B,16.57%,$3.80B,$0.63B,16.57%,$3.80B,$0.92B,24.13%,$3.80B,$0.56B,14.84%,$3.80B,$0.38B,9.87%,$0.38B,$1.70B,21.17%,$0.38B,$0.13B,331.13%,$0.38B,$4.51B,8.15%,$0.63B,$3.06B,25.44%,$960,$262,$698,$37,$482,$781,$179,$-17,$162,$45,$117,$115,$115,$272,$179,$443,445,$0.26,$0.26,$145,$879,$0,$1985,$0,$19,$1565,$0,$1798,$4508,$968,$1358,$437,$1841,$2809,$190,$1957,$0,$1699,$4508,$564,$287,$0,$287,$0,$0,$0,$0,$-140,$566,$-289,$0,$-16,$0,$0,$0,$0,$-305,$0,$31,$0,$0,$-170,$-109,$5,$-243,$13,$0,$0
31,2008-09-30,17.71,$0.00,0.0,$8.47,2.09,$1.28,13.88,$0.80,22.03,$1.98B,$1.04B,1.9,$1.39B,$1.77B,0.79,$3.81B,$2.65B,69.62%,$3.81B,$0.48B,12.66%,$3.81B,$0.48B,12.66%,$3.81B,$0.69B,18.20%,$3.81B,$0.54B,14.26%,$3.81B,$0.36B,9.48%,$0.36B,$1.77B,20.05%,$0.36B,$0.15B,295.90%,$0.36B,$4.53B,7.87%,$0.48B,$3.16B,22.16%,$930,$274,$656,$44,$477,$795,$135,$-16,$119,$45,$74,$74,$74,$204,$135,$463,463,$0.16,$0.16,$149,$901,$0,$1982,$0,$19,$1622,$0,$1788,$4525,$1043,$1392,$253,$1710,$2753,$190,$2036,$0,$1772,$4525,$402,$194,$0,$194,$0,$0,$0,$0,$0,$393,$-198,$0,$-13,$0,$0,$0,$0,$-211,$0,$64,$0,$0,$-174,$-66,$-7,$-183,$0,$0,$0
32,2008-06-30,18.26,$0.00,0.0,$8.54,2.14,$1.22,14.92,$0.68,27.02,$2.06B,$2.50B,0.83,$0.04B,$1.81B,0.02,$3.72B,$2.61B,70.08%,$3.72B,$0.50B,13.46%,$3.72B,$0.50B,13.46%,$3.72B,$0.76B,20.39%,$3.72B,$0.46B,12.44%,$3.72B,$0.30B,8.06%,$0.30B,$1.81B,16.36%,$0.30B,$0.10B,193.86%,$0.30B,$4.71B,6.63%,$0.50B,$1.84B,26.78%,$1000,$285,$715,$38,$503,$826,$174,$-17,$157,$54,$103,$103,$103,$237,$174,$444,444,$0.23,$0.23,$139,$921,$0,$2063,$0,$20,$1708,$0,$1865,$4709,$2496,$36,$326,$406,$2902,$190,$2032,$0,$1807,$4709,$283,$125,$0,$125,$0,$0,$0,$0,$0,$231,$-134,$0,$-13,$0,$0,$0,$0,$-147,$0,$100,$0,$0,$-130,$-66,$-7,$-103,$-14,$0,$0
33,2008-03-31,21.89,$0.00,0.0,$8.02,2.73,$1.20,18.22,$0.68,32.19,$2.01B,$2.51B,0.8,$0.04B,$1.81B,0.02,$3.54B,$2.48B,70.08%,$3.54B,$0.49B,13.89%,$3.54B,$0.49B,13.89%,$3.54B,$0.74B,20.81%,$3.54B,$0.46B,13.12%,$3.54B,$0.31B,8.71%,$0.31B,$1.81B,16.04%,$0.31B,$0.07B,113.44%,$0.31B,$4.67B,6.99%,$0.49B,$1.84B,25.06%,$911,$256,$655,$33,$480,$769,$142,$-16,$126,$43,$83,$83,$83,$204,$142,$441,441,$0.19,$0.19,$171,$888,$0,$2008,$0,$20,$1736,$0,$1896,$4671,$2510,$37,$251,$355,$2865,$190,$1978,$0,$1806,$4671,$126,$62,$0,$62,$0,$0,$0,$0,$-72,$103,$-61,$0,$-10,$0,$0,$0,$0,$-71,$0,$0,$49,$0,$-82,$0,$-5,$-38,$0,$0,$0
34,2007-12-31,19.05,$0.00,0.0,$7.54,2.53,$1.23,15.44,$0.68,27.84,$1.91B,$2.27B,0.84,$0.04B,$1.82B,0.02,$3.37B,$2.38B,70.50%,$3.37B,$0.49B,14.63%,$3.37B,$0.49B,14.63%,$3.37B,$0.72B,21.40%,$3.37B,$0.47B,13.92%,$3.37B,$0.32B,9.38%,$0.32B,$1.82B,15.73%,$0.32B,$0.17B,53.97%,$0.32B,$4.45B,7.81%,$0.49B,$1.85B,24.13%,$967,$342,$625,$42,$574,$936,$31,$110,$141,$40,$101,$101,$101,$48,$31,$451,451,$0.22,$0.22,$170,$837,$0,$1905,$0,$20,$1647,$0,$1802,$4450,$2271,$36,$264,$363,$2634,$190,$1907,$0,$1816,$4450,$469,$228,$0,$228,$0,$0,$0,$0,$-130,$438,$-194,$0,$-781,$0,$0,$0,$0,$-975,$0,$1184,$-106,$0,$-612,$-105,$-14,$347,$-182,$0,$0
35,2007-09-30,20.24,$0.00,0.0,$7.06,2.87,$1.02,19.91,$0.76,26.49,$1.80B,$2.01B,0.9,$0.04B,$1.91B,0.02,$3.17B,$2.26B,71.26%,$3.17B,$0.58B,18.37%,$3.17B,$0.58B,18.37%,$3.17B,$0.84B,26.44%,$3.17B,$0.48B,15.06%,$3.17B,$0.36B,11.19%,$0.36B,$1.91B,16.92%,$0.36B,$0.28B,40.39%,$0.36B,$4.28B,9.49%,$0.58B,$1.95B,27.40%,$845,$231,$614,$36,$409,$691,$154,$-115,$39,$26,$13,$13,$13,$270,$154,$406,406,$0.03,$0.03,$99,$861,$0,$1798,$0,$15,$1624,$0,$1747,$4276,$2008,$40,$245,$363,$2371,$190,$1841,$0,$1905,$4276,$328,$211,$0,$211,$0,$0,$0,$0,$0,$289,$-139,$0,$-737,$0,$0,$0,$0,$-876,$0,$0,$878,$0,$-455,$-63,$-10,$350,$-232,$0,$0
36,2007-06-30,20.5,$0.00,0.0,$5.27,3.89,$0.67,30.52,$0.77,26.55,$1.77B,$1.75B,1.01,$0.04B,$2.16B,0.02,$3.01B,$2.15B,71.60%,$3.01B,$0.56B,18.59%,$3.01B,$0.56B,18.59%,$3.01B,$0.74B,24.71%,$3.01B,$0.57B,19.02%,$3.01B,$0.44B,14.47%,$0.44B,$2.16B,20.33%,$0.44B,$0.57B,38.72%,$0.44B,$4.23B,12.53%,$0.56B,$2.20B,25.84%,$813,$229,$584,$32,$385,$649,$164,$-6,$158,$47,$111,$111,$111,$214,$164,$470,470,$0.24,$0.24,$153,$777,$0,$1774,$0,$15,$1590,$0,$1723,$4233,$1751,$42,$234,$326,$2077,$189,$1850,$0,$2156,$4233,$289,$95,$0,$95,$0,$0,$0,$0,$0,$197,$-105,$0,$-737,$0,$0,$0,$0,$-842,$0,$708,$0,$0,$-204,$-63,$-8,$433,$-211,$0,$0
37,2007-03-31,20.87,$0.00,0.0,$5.05,4.13,$0.57,36.57,$0.76,27.6,$1.64B,$0.83B,1.97,$0.02B,$2.16B,0.01,$2.88B,$2.08B,72.33%,$2.88B,$0.53B,18.44%,$2.88B,$0.53B,18.44%,$2.88B,$0.71B,24.51%,$2.88B,$0.56B,19.27%,$2.88B,$0.42B,14.72%,$0.42B,$2.16B,20.15%,$0.42B,$1.33B,32.50%,$0.42B,$3.22B,13.24%,$0.53B,$2.18B,25.04%,$744,$192,$552,$32,$372,$600,$144,$-13,$131,$40,$91,$91,$91,$189,$144,$469,469,$0.19,$0.19,$349,$652,$0,$1637,$0,$10,$831,$0,$949,$3217,$833,$21,$168,$227,$1060,$188,$1708,$0,$2157,$3217,$131,$45,$0,$45,$0,$0,$0,$0,$0,$98,$-38,$0,$-4,$0,$0,$0,$0,$-42,$0,$5,$0,$0,$-53,$0,$-2,$-50,$6,$0,$0
38,2006-12-31,17.2,$0.00,0.0,$4.81,3.57,$0.46,37.6,$1.44,11.91,$1.65B,$0.82B,2.02,$0.02B,$2.17B,0.01,$2.78B,$2.01B,72.33%,$2.78B,$0.51B,18.42%,$2.78B,$0.51B,18.42%,$2.78B,$0.68B,24.40%,$2.78B,$0.55B,19.79%,$2.78B,$0.75B,27.06%,$0.75B,$2.17B,36.93%,$0.75B,$1.34B,59.08%,$0.75B,$3.23B,23.69%,$0.51B,$2.19B,24.95%,$771,$260,$511,$31,$367,$650,$121,$29,$150,$36,$114,$121,$140,$166,$121,$464,464,$0.30,$0.30,$346,$619,$0,$1645,$0,$10,$831,$0,$951,$3231,$816,$15,$191,$241,$1057,$188,$1657,$0,$2174,$3231,$550,$166,$0,$166,$0,$0,$0,$0,$-217,$372,$-222,$0,$-83,$0,$0,$0,$537,$232,$0,$-93,$-200,$0,$16,$-96,$-10,$-383,$226,$0,$0
