,Date,Stock Price,Book Value per Share,Price to Book Ratio,TTM Sales per Share,Price to Sales Ratio,TTM FCF per Share,Price to FCF Ratio,TTM Net EPS,PE Ratio,Current Assets,Current Liabilities,Current Ratio,Long Term Debt,Shareholder's Equity_x,Debt to Equity Ratio,TTM Revenue_x,TTM Gross Profit,Gross Margin,TTM Revenue_y,TTM Operating Income,Operating Margin,TTM Revenue_x,TTM EBIT,EBIT Margin,TTM Revenue_y,TTM EBITDA,EBITDA Margin,TTM Revenue_x,TTM Pre-Tax Income,Pre-Tax Margin,TTM Revenue_y,TTM Net Income_x,Net Margin,TTM Net Income_y,Shareholder's Equity_y,Return on Equity,TTM Net Income_x,Tangible Equity,Return on Tangible Equity,TTM Net Income_y,Total Assets,Return on Assets,TTM Net Income,LT Investments & Debt,Return on Investment,revenue,cost-goods-sold,gross-profit,research-development-expenses,selling-general-administrative-expenses,operating-expenses,operating-income,total-non-operating-income-expense,pre-tax-income,total-provision-income-taxes,income-after-taxes,income-from-continuous-operations,net-income,ebitda,ebit,basic-shares-outstanding,shares-outstanding,eps-basic-net-earnings-per-share,eps-earnings-per-share-diluted,cash-on-hand,inventory,other-current-assets,total-current-assets,net-property-plant-equipment,long-term-investments,goodwill-intangible-assets-total,other-long-term-assets,total-long-term-assets,total-assets,total-current-liabilities,long-term-debt,other-non-current-liabilities,total-long-term-liabilities,total-liabilities,common-stock-net,retained-earnings-accumulated-deficit,comprehensive-income,total-share-holder-equity,total-liabilities-share-holders-equity,net-income-loss,total-depreciation-amortization-cash-flow,other-non-cash-items,total-non-cash-items,change-in-accounts-receivable,change-in-inventories,change-in-accounts-payable,change-in-assets-liabilities,total-change-in-assets-liabilities,cash-flow-from-operating-activities,net-change-in-property-plant-equipment,net-change-in-intangible-assets,net-acquisitions-divestitures,net-change-in-short-term-investments,net-change-in-long-term-investments,net-change-in-investments-total,investing-activities-other,cash-flow-from-investing-activities,net-long-term-debt,net-current-debt,debt-issuance-retirement-net-total,net-common-equity-issued-repurchased,net-total-equity-issued-repurchased,total-common-preferred-stock-dividends-paid,financial-activities-other,cash-flow-from-financial-activities,net-cash-flow,stock-based-compensation,common-stock-dividends-paid
0,2018-09-30,100.44,$0.00,0.0,$313.20,0.32,$18.53,5.42,$8.10,12.4,$89.95B,$91.22B,0.99,$15.13B,$126.66B,0.12,$382.60B,$88.05B,23.01%,$382.60B,$14.32B,3.74%,$382.60B,$14.32B,3.74%,$382.60B,$22.42B,5.86%,$382.60B,$16.35B,4.27%,$382.60B,$9.87B,2.58%,$9.87B,$126.66B,7.67%,$9.87B,$125.38B,7.74%,$9.87B,$244.43B,4.25%,$14.32B,$141.79B,9.86%,$113590,$91047,$22543,$346,$4974,$110019,$3570,$582,$4152,$932,$3221,$3221,$2612,$3570,$3570,$1209,1209,$2.16,$2.16,$34744,$31370,$0,$89952,$107469,$20808,$1276,$21994,$154474,$244426,$91221,$15134,$10545,$26547,$117768,$17797,$0,$0,$126658,$244426,$14262,$11767,$50,$11817,$-11964,$-6431,$16948,$0,$-1447,$20274,$-6758,$0,$-469,$-482,$5754,$5272,$1474,$-481,$1349,$0,$1349,$0,$0,$-9967,$-2540,$-11157,$8683,$0,$-9967
1,2018-03-31,82.97,$0.00,0.0,$279.17,0.3,$18.00,4.61,$7.14,11.62,$81.99B,$83.33B,0.98,$16.15B,$137.82B,0.12,$341.72B,$85.34B,24.97%,$341.72B,$13.20B,3.86%,$341.72B,$13.20B,3.86%,$341.72B,$21.30B,6.23%,$341.72B,$14.82B,4.34%,$341.72B,$8.78B,2.57%,$8.78B,$137.82B,6.89%,$8.78B,$136.47B,6.95%,$8.78B,$247.36B,3.92%,$13.20B,$153.97B,9.09%,$97723,$74621,$23101,$351,$5280,$93127,$4596,$456,$5052,$1100,$3952,$3952,$3037,$8739,$4596,$1215,1215,$2.50,$2.50,$33475,$30095,$0,$81989,$117959,$21255,$1352,$22146,$165369,$247359,$83330,$16150,$9066,$26210,$109540,$19044,$0,$0,$137818,$247359,$5052,$4143,$-204,$3938,$1229,$-728,$-6163,$0,$-5662,$1896,$-2816,$0,$-501,$1248,$1746,$2994,$89,$-234,$1190,$-0,$1190,$0,$0,$0,$-174,$1016,$2606,$0,$0
2,2017-09-30,71.04,$0.00,0.0,$250.95,0.28,$20.71,3.43,$5.42,13.11,$65.53B,$67.69B,0.97,$17.46B,$126.55B,0.14,$307.26B,$81.53B,26.53%,$307.26B,$10.60B,3.45%,$307.26B,$10.60B,3.45%,$307.26B,$18.42B,6.00%,$307.26B,$11.72B,3.81%,$307.26B,$6.77B,2.20%,$6.77B,$126.55B,5.48%,$6.77B,$125.60B,5.52%,$6.77B,$221.35B,3.14%,$10.60B,$144.01B,7.44%,$86810,$65206,$21604,$356,$5329,$84344,$2466,$538,$3004,$612,$2392,$2392,$1722,$2466,$2466,$1221,1221,$1.41,$1.41,$24269,$24115,$0,$65525,$112902,$18883,$948,$21427,$155825,$221351,$67691,$17461,$8845,$27111,$94802,$18149,$0,$0,$126548,$221351,$9893,$12392,$309,$12701,$-541,$-684,$-2040,$0,$-3265,$16668,$-6515,$0,$0,$-4305,$-609,$-4914,$921,$-10509,$-1435,$0,$-1435,$0,$0,$-4901,$-1191,$-7527,$-1396,$0,$-4901
3,2017-03-31,72.64,$0.00,0.0,$242.96,0.3,$18.20,3.99,$4.23,17.17,$59.88B,$63.84B,0.94,$17.81B,$123.68B,0.14,$299.84B,$79.78B,26.61%,$299.84B,$9.56B,3.19%,$299.84B,$9.56B,3.19%,$299.84B,$17.38B,5.80%,$299.84B,$9.52B,3.18%,$299.84B,$5.31B,1.77%,$5.31B,$123.68B,4.31%,$5.31B,$122.76B,4.34%,$5.31B,$214.59B,2.45%,$9.56B,$141.49B,6.71%,$84475,$63671,$20804,$330,$4360,$80784,$3691,$452,$4143,$914,$3229,$3229,$2496,$7645,$3691,$1248,1248,$2.00,$2.00,$19596,$23206,$0,$59883,$115347,$17435,$921,$19828,$154708,$214591,$63840,$17810,$8254,$27075,$90916,$17567,$0,$0,$123675,$214591,$4143,$3955,$-30,$3925,$-774,$-497,$-4457,$0,$-5728,$1926,$-2188,$0,$0,$-880,$-190,$-1071,$128,$-3130,$-602,$0,$-602,$0,$0,$0,$-143,$-745,$-1957,$0,$0
4,2016-09-30,65.81,$0.00,0.0,$239.86,0.27,$14.80,4.45,$2.47,26.65,$50.85B,$61.20B,0.83,$19.85B,$121.83B,0.16,$293.32B,$78.43B,26.74%,$293.32B,$6.71B,2.29%,$293.32B,$6.71B,2.29%,$293.32B,$14.45B,4.93%,$293.32B,$5.96B,2.03%,$293.32B,$3.16B,1.08%,$3.16B,$121.83B,2.56%,$3.16B,$120.88B,2.58%,$3.16B,$211.97B,1.43%,$6.71B,$141.68B,4.66%,$72709,$52879,$19830,$373,$4549,$70260,$2448,$172,$2621,$523,$2098,$2098,$1528,$2448,$2448,$1213,1213,$1.26,$1.26,$12957,$21269,$0,$50849,$125680,$13525,$949,$19891,$161123,$211972,$61200,$19850,$7902,$28945,$90145,$18161,$0,$0,$121828,$211972,$7949,$11017,$1099,$12117,$73,$533,$1538,$0,$2144,$19755,$-6830,$0,$0,$-675,$714,$39,$608,$-6183,$-7863,$0,$-7863,$0,$0,$-2531,$-1391,$-11785,$1832,$0,$-2531
5,2016-03-31,56.36,$0.00,0.0,$285.60,0.2,$7.51,7.51,$3.99,14.13,$47.02B,$62.48B,0.75,$21.05B,$121.57B,0.17,$343.95B,$79.29B,23.05%,$343.95B,$8.18B,2.38%,$343.95B,$8.18B,2.38%,$343.95B,$15.92B,4.63%,$343.95B,$7.58B,2.20%,$343.95B,$4.76B,1.38%,$4.76B,$121.57B,3.98%,$4.76B,$120.61B,4.02%,$4.76B,$213.71B,2.10%,$8.18B,$142.62B,5.80%,$63268,$43978,$19291,$329,$4626,$61272,$1996,$-48,$1948,$486,$1462,$1462,$1019,$5862,$1996,$1211,1211,$0.84,$0.84,$9769,$21183,$0,$47024,$131922,$13036,$963,$19586,$166682,$213707,$62481,$21049,$7385,$29652,$92133,$18512,$86220,$0,$121574,$213707,$1948,$3866,$327,$4193,$2544,$1061,$-3784,$0,$-180,$5252,$-2890,$0,$0,$-0,$-1038,$-1038,$129,$-3798,$-1648,$0,$-1648,$0,$0,$0,$-506,$-2154,$-714,$0,$0
6,2015-09-30,53.24,$0.00,0.0,$322.45,0.17,$2.52,21.09,$5.13,10.38,$53.92B,$70.78B,0.76,$19.27B,$125.38B,0.15,$385.49B,$80.34B,20.84%,$385.49B,$10.24B,2.66%,$385.49B,$10.24B,2.66%,$385.49B,$17.57B,4.56%,$385.49B,$8.90B,2.31%,$385.49B,$6.05B,1.57%,$6.05B,$125.38B,5.25%,$6.05B,$124.37B,5.29%,$6.05B,$224.57B,2.62%,$10.24B,$144.64B,7.45%,$79386,$59530,$19856,$237,$4861,$77958,$1428,$-619,$809,$126,$683,$683,$262,$1428,$1428,$1258,1258,$0.21,$0.21,$9142,$24798,$0,$53919,$136082,$13903,$1004,$18510,$170647,$224566,$70784,$19269,$7517,$28406,$99190,$19359,$88434,$0,$125376,$224566,$7410,$11234,$2304,$13537,$5120,$5285,$-11122,$0,$-717,$18643,$-11345,$0,$0,$13,$-1195,$-1182,$661,$-11866,$-11224,$0,$-11224,$0,$0,$-3872,$15857,$762,$7540,$0,$-3872
7,2015-03-31,66.06,$0.00,0.0,$353.38,0.19,$-5.54,0.0,$6.77,9.76,$58.25B,$78.67B,0.74,$21.16B,$125.93B,0.17,$423.72B,$81.99B,19.35%,$423.72B,$13.93B,3.29%,$423.72B,$13.93B,3.29%,$423.72B,$21.26B,5.02%,$423.72B,$13.09B,3.09%,$423.72B,$9.36B,2.21%,$9.36B,$125.93B,8.65%,$9.36B,$124.90B,8.73%,$9.36B,$234.08B,4.11%,$13.93B,$147.09B,10.62%,$77953,$58500,$19453,$452,$4765,$77113,$840,$-261,$579,$155,$424,$424,$354,$4712,$840,$1207,1207,$0.29,$0.29,$12053,$26134,$0,$58254,$141159,$13642,$1024,$18776,$175823,$234076,$78671,$21161,$7147,$29478,$108149,$19735,$89491,$0,$125928,$234076,$579,$3872,$504,$4375,$4980,$4647,$-13017,$0,$-3390,$1089,$-5438,$0,$0,$-178,$-453,$-632,$95,$-5975,$-1785,$0,$-1785,$0,$0,$0,$16943,$15158,$10229,$0,$0
8,2014-09-30,72.42,$0.00,0.0,$384.86,0.19,$-7.45,0.0,$8.89,8.14,$65.95B,$96.26B,0.69,$23.85B,$105.47B,0.23,$456.57B,$82.65B,18.10%,$456.57B,$17.48B,3.83%,$456.57B,$17.48B,3.83%,$456.57B,$23.91B,5.24%,$456.57B,$16.33B,3.58%,$456.57B,$11.67B,2.56%,$11.67B,$105.47B,11.66%,$11.67B,$104.45B,11.78%,$11.67B,$233.47B,5.27%,$17.48B,$129.32B,14.21%,$123339,$102648,$20691,$444,$4874,$119426,$3913,$332,$4245,$928,$3317,$3317,$3127,$3913,$3913,$1167,1167,$2.68,$2.68,$3397,$37691,$0,$65953,$135739,$12809,$1016,$17036,$167511,$233465,$96258,$23847,$6466,$31739,$127997,$18968,$77231,$0,$105468,$233465,$11676,$10686,$1852,$12538,$-3640,$-1652,$1086,$0,$-4207,$17579,$-13658,$0,$0,$-152,$-765,$-917,$424,$-14152,$2872,$0,$2872,$0,$0,$-4552,$-979,$-2659,$793,$0,$-4552
9,2014-03-31,71.2,$0.00,0.0,$279.17,0.26,$-12.79,0.0,$9.18,7.76,$66.37B,$94.60B,0.7,$23.83B,$104.55B,0.23,$333.24B,$61.95B,18.59%,$333.24B,$13.57B,4.07%,$333.24B,$13.57B,4.07%,$333.24B,$19.99B,6.00%,$333.24B,$12.08B,3.63%,$333.24B,$12.07B,3.62%,$12.07B,$104.55B,12.65%,$12.07B,$103.53B,12.78%,$12.07B,$230.27B,5.66%,$13.57B,$128.38B,11.41%,$104814,$84471,$20343,$491,$4802,$100757,$4058,$-791,$3266,$788,$2479,$2479,$2309,$7519,$4058,$1167,1177,$1.98,$1.96,$3396,$39909,$0,$66366,$133686,$13305,$1023,$15112,$163902,$230268,$94595,$23828,$6007,$31123,$125718,$19096,$76340,$0,$104550,$230268,$3266,$3461,$943,$4405,$-473,$-3623,$-690,$0,$-4786,$2064,$-5631,$0,$0,$-283,$-584,$-867,$93,$-6405,$4818,$0,$4818,$0,$0,$0,$162,$4980,$644,$0,$0
10,2013-09-30,62.28,$0.00,0.0,$190.10,0.33,$-9.75,0.0,$9.69,6.43,$61.14B,$87.98B,0.7,$23.11B,$96.95B,0.24,$228.42B,$41.61B,18.22%,$228.42B,$9.51B,4.16%,$228.42B,$9.51B,4.16%,$228.42B,$12.47B,5.46%,$228.42B,$8.82B,3.86%,$228.42B,$12.68B,5.55%,$12.68B,$96.95B,18.29%,$12.68B,$95.94B,18.49%,$12.68B,$214.14B,8.14%,$9.51B,$120.06B,10.96%,$117616,$96116,$21500,$279,$5089,$112496,$5120,$-124,$4996,$1214,$3782,$3782,$3574,$5120,$5120,$1165,1251,$3.07,$2.86,$1963,$36534,$0,$61144,$125982,$9734,$1015,$15568,$152992,$214136,$87978,$23107,$4837,$29208,$117186,$18919,$71017,$0,$96950,$214136,$12321,$9582,$1107,$10688,$-3421,$-1114,$-2237,$0,$-6772,$12921,$-15748,$0,$0,$59,$-4518,$-4459,$357,$-19850,$7703,$0,$7703,$3150,$3150,$-4555,$822,$7119,$259,$0,$-4555
11,2013-03-31,67.98,$0.00,0.0,$96.08,0.71,$-7.49,0.0,$9.25,7.35,$63.79B,$86.47B,0.74,$21.14B,$93.25B,0.23,$110.81B,$20.11B,18.15%,$110.81B,$4.39B,3.96%,$110.81B,$4.39B,3.96%,$110.81B,$7.35B,6.64%,$110.81B,$3.82B,3.45%,$110.81B,$10.81B,9.76%,$10.81B,$93.25B,16.50%,$10.81B,$92.25B,16.69%,$10.81B,$207.74B,7.26%,$4.39B,$114.39B,5.22%,$110805,$90694,$20111,$573,$4522,$106413,$4392,$-571,$3821,$1002,$2818,$2818,$2657,$7353,$4392,$1147,1153,$2.32,$2.30,$2356,$36862,$0,$63792,$120348,$8697,$997,$11652,$143945,$207738,$86469,$21144,$4354,$28021,$114491,$14284,$72833,$0,$93247,$207738,$3821,$2962,$732,$3694,$-2729,$-2093,$-184,$0,$-5006,$1292,$-7658,$0,$0,$-4,$-517,$-522,$48,$-8132,$4387,$0,$4387,$3092,$3092,$0,$2,$7481,$659,$0,$0
12,2012-12-31,66.82,$0.00,0.0,$92.59,0.72,$-1.97,0.0,$8.67,7.71,$57.93B,$81.47B,0.71,$25.73B,$86.97B,0.3,$106.48B,$106.48B,100.00%,$106.48B,$106.48B,100.00%,$106.48B,$106.48B,100.00%,$106.48B,$106.48B,100.00%,$106.48B,$106.48B,100.00%,$106.48B,$10.19B,9.57%,$10.19B,$86.97B,24.14%,$10.19B,$85.98B,24.43%,$10.19B,$201.02B,10.50%,$106.48B,$112.70B,191.95%,$0,$0,$0,$0,$0,$0,$0,$0,$0,$0,$0,$3531,$3531,$0,$0,$1127,1154,$3.13,$3.06,$1724,$34638,$5467,$57928,$0,$8284,$993,$11265,$22810,$201024,$81472,$25728,$4305,$32579,$114051,$13778,$38682,$0,$86973,$201024,$14385,$11181,$0,$11181,$0,$0,$0,$0,$-2063,$22596,$-24875,$0,$0,$0,$0,$-1450,$584,$-25741,$0,$0,$6626,$0,$0,$-4045,$-1688,$893,$-2252,$0,$0
13,2012-09-30,53.74,$0.00,0.0,$92.59,0.58,$2.53,21.26,$7.32,7.35,$0.00B,$0.00B,0.0,$0.00B,$0.00B,0.0,$106.48B,$106.48B,100.00%,$106.48B,$106.48B,100.00%,$106.48B,$106.48B,100.00%,$106.48B,$106.48B,100.00%,$106.48B,$106.48B,100.00%,$106.48B,$8.76B,8.23%,$8.76B,$0.00B,21.84%,$8.76B,$0.00B,22.15%,$8.76B,$0.00B,9.61%,$106.48B,$0.00B,201.13%,$0,$0,$0,$0,$0,$0,$0,$0,$0,$0,$0,$2914,$2914,$0,$0,$1130,1198,$2.58,$2.43,$0,$0,$0,$0,$0,$0,$0,$0,$0,$0,$0,$0,$0,$0,$0,$0,$0,$0,$0,$0,$0,$0,$0,$0,$0,$0,$0,$0,$0,$0,$0,$0,$0,$0,$0,$0,$0,$0,$0,$0,$0,$0,$0,$0,$0,$0,$0,$0,$0
14,2012-06-30,50.96,$0.00,0.0,$92.59,0.55,$2.53,20.16,$7.64,6.67,$56.75B,$71.69B,0.79,$27.27B,$81.91B,0.33,$106.48B,$106.48B,100.00%,$106.48B,$106.48B,100.00%,$106.48B,$106.48B,100.00%,$106.48B,$106.48B,100.00%,$106.48B,$106.48B,100.00%,$106.48B,$8.95B,8.41%,$8.95B,$81.91B,22.30%,$8.95B,$80.87B,22.62%,$8.95B,$187.23B,9.82%,$106.48B,$109.18B,201.13%,$0,$0,$0,$0,$0,$0,$0,$0,$0,$0,$0,$1710,$1710,$0,$0,$1130,1218,$1.52,$1.41,$2213,$32846,$8365,$56746,$0,$374,$1036,$17844,$21500,$187234,$71694,$27273,$3912,$33630,$105324,$13761,$28886,$0,$81910,$187234,$0,$0,$0,$0,$0,$0,$0,$0,$0,$0,$0,$0,$0,$0,$0,$0,$0,$0,$0,$0,$0,$0,$0,$0,$0,$0,$0,$0,$0
15,2012-03-31,60.07,$0.00,0.0,$92.59,0.65,$2.53,23.77,$8.85,6.79,$0.00B,$0.00B,0.0,$0.00B,$0.00B,0.0,$106.48B,$106.48B,100.00%,$106.48B,$106.48B,100.00%,$106.48B,$106.48B,100.00%,$106.48B,$106.48B,100.00%,$106.48B,$106.48B,100.00%,$106.48B,$10.33B,9.70%,$10.33B,$0.00B,26.85%,$10.33B,$0.00B,28.14%,$10.33B,$0.00B,12.07%,$106.48B,$0.00B,209.81%,$106479,$0,$106479,$0,$0,$0,$106479,$0,$106479,$0,$106479,$2035,$2035,$106479,$106479,$1150,1150,$1.77,$1.77,$0,$0,$0,$0,$0,$0,$0,$0,$0,$0,$0,$0,$0,$0,$0,$0,$0,$0,$0,$0,$0,$0,$0,$0,$0,$0,$0,$0,$0,$0,$0,$0,$0,$0,$0,$0,$0,$0,$0,$0,$0,$0,$0,$0,$0,$0,$0,$0,$0
16,2011-12-31,58.05,$0.00,0.0,0,0.0,$2.53,22.96,$10.15,5.72,$53.13B,$68.86B,0.77,$23.94B,$78.64B,0.3,$0.00B,0,nan%,$0.00B,0,nan%,$0.00B,0,nan%,$0.00B,0,nan%,$0.00B,0,nan%,$0.00B,$11.43B,inf%,$11.43B,$78.64B,20.63%,$11.43B,$77.37B,21.31%,$11.43B,$177.40B,9.10%,$0.00B,$102.58B,0.00%,$0,$0,$0,$0,$0,$0,$0,$0,$0,$0,$0,$2105,$2105,$0,$0,$1126,1233,$1.87,$1.71,$3906,$31530,$8590,$53127,$0,$283,$1273,$15776,$19302,$177402,$68857,$23941,$3612,$29906,$98764,$13439,$32966,$0,$78638,$177402,$16208,$9891,$0,$9891,$0,$0,$0,$0,$559,$23346,$-20231,$0,$0,$0,$0,$-599,$-939,$-21770,$0,$0,$3965,$0,$0,$-3018,$-1338,$-390,$1184,$0,$0
17,2011-09-30,52.94,$0.00,0.0,0,0.0,$10.57,5.01,$10.39,5.09,$0.00B,$0.00B,0.0,$0.00B,$0.00B,0.0,$0.00B,0,nan%,$0.00B,0,nan%,$0.00B,0,nan%,$0.00B,0,nan%,$0.00B,0,nan%,$0.00B,$11.51B,inf%,$11.51B,$0.00B,21.96%,$11.51B,$0.00B,22.72%,$11.51B,$0.00B,9.74%,$0.00B,$0.00B,0.00%,$0,$0,$0,$0,$0,$0,$0,$0,$0,$0,$0,$3100,$3100,$0,$0,$1124,1124,$2.75,$2.75,$0,$0,$0,$0,$0,$0,$0,$0,$0,$0,$0,$0,$0,$0,$0,$0,$0,$0,$0,$0,$0,$0,$0,$0,$0,$0,$0,$0,$0,$0,$0,$0,$0,$0,$0,$0,$0,$0,$0,$0,$0,$0,$0,$0,$0,$0,$0,$0,$0
18,2011-06-30,55.18,$0.00,0.0,0,0.0,$10.57,5.22,$10.24,5.39,$51.06B,$59.39B,0.86,$25.17B,$75.25B,0.34,$0.00B,0,nan%,$0.00B,0,nan%,$0.00B,0,nan%,$0.00B,0,nan%,$0.00B,0,nan%,$0.00B,$11.34B,inf%,$11.34B,$75.25B,16.84%,$11.34B,$69.49B,17.28%,$11.34B,$165.07B,7.40%,$0.00B,$100.42B,0.00%,$0,$0,$0,$0,$0,$0,$0,$0,$0,$0,$0,$3090,$3090,$0,$0,$1116,1182,$2.77,$2.62,$2185,$32026,$1645,$51056,$0,$7039,$5761,$231,$16498,$165074,$59386,$25171,$2920,$30441,$89828,$13352,$34562,$0,$75247,$165074,$0,$0,$0,$0,$0,$0,$0,$0,$0,$0,$0,$0,$0,$0,$0,$0,$0,$0,$0,$0,$0,$0,$0,$0,$0,$0,$0,$0,$0
19,2011-03-31,53.61,$0.00,0.0,0,0.0,$10.57,5.07,$10.19,5.26,$0.00B,$0.00B,0.0,$0.00B,$0.00B,0.0,$0.00B,0,nan%,$0.00B,0,nan%,$0.00B,0,nan%,$0.00B,0,nan%,$0.00B,0,nan%,$0.00B,$11.14B,inf%,$11.14B,$67.74B,17.33%,$11.14B,$67.74B,17.81%,$11.14B,$160.27B,7.64%,$0.00B,$67.74B,0.00%,$0,$0,$0,$0,$0,$0,$0,$0,$0,$0,$0,$3138,$3138,$0,$0,$1020,1020,$3.08,$3.08,$0,$0,$0,$0,$0,$0,$0,$0,$0,$160273,$0,$0,$0,$0,$92532,$0,$0,$0,$67741,$160273,$0,$0,$0,$0,$0,$0,$0,$0,$0,$0,$0,$0,$0,$0,$0,$0,$0,$0,$0,$0,$0,$0,$0,$0,$0,$0,$0,$0,$0
20,2010-12-31,51.0,$0.00,0.0,$57.08,0.89,$10.57,4.83,$9.17,5.56,$38.49B,$49.75B,0.77,$25.75B,$66.61B,0.39,$64.20B,$64.20B,100.00%,$64.20B,$64.20B,100.00%,$64.20B,$64.20B,100.00%,$64.20B,$64.20B,100.00%,$64.20B,$64.20B,100.00%,$64.20B,$10.32B,16.07%,$10.32B,$66.61B,21.78%,$10.32B,$65.40B,22.60%,$10.32B,$147.18B,9.74%,$64.20B,$92.36B,106.99%,$0,$0,$0,$0,$0,$0,$0,$0,$0,$0,$0,$2179,$2179,$0,$0,$1121,1121,$1.95,$1.95,$2683,$23153,$6278,$38488,$0,$307,$1214,$11659,$15474,$147183,$49754,$25746,$2853,$30819,$80574,$12823,$49154,$0,$66609,$147183,$15336,$8759,$0,$8759,$0,$0,$0,$0,$-3841,$25192,$-13347,$0,$0,$0,$0,$-1423,$-876,$-15646,$0,$-1377,$-148,$0,$0,$-2424,$-4377,$-8326,$1217,$0,$0
21,2010-09-30,47.05,$0.00,0.0,$57.08,0.82,$5.96,7.89,$8.68,5.42,$0.00B,$0.00B,0.0,$0.00B,$0.00B,0.0,$64.20B,$64.20B,100.00%,$64.20B,$64.20B,100.00%,$64.20B,$64.20B,100.00%,$64.20B,$64.20B,100.00%,$64.20B,$64.20B,100.00%,$64.20B,$9.83B,15.31%,$9.83B,$59.91B,21.67%,$9.83B,$59.91B,22.63%,$9.83B,$140.91B,9.70%,$64.20B,$59.91B,112.76%,$0,$0,$0,$0,$0,$0,$0,$0,$0,$0,$0,$2937,$2937,$0,$0,$1129,1129,$2.60,$2.60,$0,$0,$0,$0,$0,$0,$0,$0,$0,$140909,$0,$0,$0,$0,$80999,$0,$0,$0,$59909,$140909,$0,$0,$0,$0,$0,$0,$0,$0,$0,$0,$0,$0,$0,$0,$0,$0,$0,$0,$0,$0,$0,$0,$0,$0,$0,$0,$0,$0,$0
22,2010-06-30,42.29,$0.00,0.0,$57.08,0.74,$5.96,7.09,$8.23,5.14,$36.73B,$44.35B,0.83,$24.86B,$62.90B,0.4,$64.20B,$64.20B,100.00%,$64.20B,$64.20B,100.00%,$64.20B,$64.20B,100.00%,$64.20B,$64.20B,100.00%,$64.20B,$64.20B,100.00%,$64.20B,$9.31B,14.50%,$9.31B,$62.90B,30.65%,$9.31B,$57.27B,32.72%,$9.31B,$135.36B,14.09%,$64.20B,$87.75B,153.01%,$0,$0,$0,$0,$0,$0,$0,$0,$0,$0,$0,$2889,$2889,$0,$0,$1125,1125,$2.57,$2.57,$2454,$23894,$846,$36726,$0,$5749,$5632,$148,$14326,$135357,$44348,$24855,$2284,$28110,$72458,$12745,$46486,$0,$62899,$135357,$0,$0,$0,$0,$0,$0,$0,$0,$0,$0,$0,$0,$0,$0,$0,$0,$0,$0,$0,$0,$0,$0,$0,$0,$0,$0,$0,$0,$0
23,2010-03-31,42.31,$0.00,0.0,$57.08,0.74,$5.96,7.1,$8.52,4.97,$0.00B,$0.00B,0.0,$0.00B,$0.00B,0.0,$64.20B,$64.20B,100.00%,$64.20B,$64.20B,100.00%,$64.20B,$64.20B,100.00%,$64.20B,$64.20B,100.00%,$64.20B,$64.20B,100.00%,$64.20B,$9.64B,15.01%,$9.64B,$0.00B,36.69%,$9.64B,$0.00B,38.03%,$9.64B,$0.00B,16.68%,$64.20B,$0.00B,173.87%,$64198,$0,$64198,$0,$0,$0,$64198,$0,$64198,$0,$64198,$2310,$2310,$64198,$64198,$1125,1125,$2.05,$2.05,$0,$0,$0,$0,$0,$0,$0,$0,$0,$0,$0,$0,$0,$0,$0,$0,$0,$0,$0,$0,$0,$0,$0,$0,$0,$0,$0,$0,$0,$0,$0,$0,$0,$0,$0,$0,$0,$0,$0,$0,$0,$0,$0,$0,$0,$0,$0,$0,$0
24,2009-12-31,45.31,$0.00,0.0,0,0.0,$5.96,7.6,$7.92,5.72,$29.59B,$46.07B,0.64,$21.44B,$58.63B,0.37,$0.00B,0,nan%,$0.00B,0,nan%,$0.00B,0,nan%,$0.00B,0,nan%,$0.00B,0,nan%,$0.00B,$8.96B,inf%,$8.96B,$58.63B,34.13%,$8.96B,$56.56B,35.37%,$8.96B,$129.04B,15.51%,$0.00B,$80.07B,0.00%,$0,$0,$0,$0,$0,$0,$0,$0,$0,$0,$0,$1693,$1693,$0,$0,$1123,1166,$1.51,$1.45,$1468,$20817,$3084,$29588,$0,$320,$2069,$9022,$13464,$129043,$46073,$21437,$2170,$24339,$70411,$12745,$42477,$0,$58631,$129043,$11843,$7422,$0,$7422,$0,$0,$0,$0,$2289,$22355,$-15400,$0,$0,$0,$0,$-39,$-1619,$-17058,$0,$112327,$-115410,$0,$0,$-1993,$35,$-5041,$256,$0,$0
25,2009-09-30,43.81,$0.00,0.0,$-5.36,0.0,$-0.35,0.0,$6.47,6.77,$0.00B,$0.00B,0.0,$0.00B,$0.00B,0.0,$-69.25B,$-99.55B,143.75%,$-69.25B,$-119.90B,173.14%,$-69.25B,$-119.90B,173.14%,$-69.25B,$-119.90B,173.14%,$-69.25B,$-118.01B,170.40%,$-69.25B,$8.65B,-12.49%,$8.65B,$0.00B,36.90%,$8.65B,$0.00B,38.41%,$8.65B,$0.00B,16.27%,$-119.90B,$0.00B,-359.90%,$0,$0,$0,$0,$0,$0,$0,$0,$0,$0,$0,$2419,$2419,$0,$0,$1123,1123,$2.15,$2.15,$0,$0,$0,$0,$0,$0,$0,$0,$0,$0,$0,$0,$0,$0,$0,$0,$0,$0,$0,$0,$0,$0,$0,$0,$0,$0,$0,$0,$0,$0,$0,$0,$0,$0,$0,$0,$0,$0,$0,$0,$0,$0,$0,$0,$0,$0,$0,$0,$0
26,2009-06-30,38.58,$0.00,0.0,$129.66,0.3,$-0.35,0.0,$5.29,7.29,$19.45B,$32.33B,0.6,$21.20B,$46.42B,0.46,$98.27B,$-86.79B,-88.32%,$98.27B,$-114.03B,-116.04%,$98.27B,$-114.03B,-116.04%,$98.27B,$-114.03B,-116.04%,$98.27B,$-107.33B,-109.22%,$98.27B,$7.44B,7.57%,$7.44B,$46.42B,31.75%,$7.44B,$44.79B,31.16%,$7.44B,$102.06B,11.95%,$-114.03B,$67.63B,-320.50%,$0,$0,$0,$0,$0,$0,$0,$0,$0,$0,$0,$3214,$3214,$0,$0,$1126,1126,$2.85,$2.85,$1331,$12257,$4292,$19447,$0,$12005,$1637,$19998,$34417,$102061,$32334,$21201,$1435,$23303,$55637,$12711,$14603,$0,$46424,$102061,$0,$0,$0,$0,$0,$0,$0,$0,$0,$0,$0,$0,$0,$0,$0,$0,$0,$0,$0,$0,$0,$0,$0,$0,$0,$0,$0,$0,$0
27,2009-03-31,32.08,$0.00,0.0,$189.85,0.17,$-0.35,0.0,$2.75,11.68,$0.00B,$0.00B,0.0,$0.00B,$0.00B,0.0,$160.86B,$-24.20B,-15.04%,$160.86B,$-51.44B,-31.98%,$160.86B,$-51.44B,-31.98%,$160.86B,$-51.44B,-31.98%,$160.86B,$-44.74B,-27.81%,$160.86B,$4.55B,2.83%,$4.55B,$0.00B,19.75%,$4.55B,$0.00B,19.50%,$4.55B,$0.00B,6.79%,$-51.44B,$0.00B,-147.61%,$0,$0,$0,$0,$0,$0,$0,$0,$0,$0,$0,$1637,$1637,$0,$0,$1120,1120,$1.46,$1.46,$0,$0,$0,$0,$0,$0,$0,$0,$0,$0,$0,$0,$0,$0,$0,$0,$0,$0,$0,$0,$0,$0,$0,$0,$0,$0,$0,$0,$0,$0,$0,$0,$0,$0,$0,$0,$0,$0,$0,$0,$0,$0,$0,$0,$0,$0,$0,$0,$0
28,2008-12-31,30.89,$0.00,0.0,$232.90,0.13,$-0.35,0.0,$2.05,15.04,$23.66B,$39.53B,0.6,$18.31B,$47.33B,0.39,$209.10B,$24.04B,11.50%,$209.10B,$-3.20B,-1.53%,$209.10B,$-3.20B,-1.53%,$209.10B,$-3.20B,-1.53%,$209.10B,$3.50B,1.67%,$209.10B,$3.77B,1.80%,$3.77B,$47.33B,16.39%,$3.77B,$45.28B,16.18%,$3.77B,$110.57B,5.63%,$-3.20B,$65.64B,-9.18%,$-69252,$30298,$-99550,$0,$12559,$50652,$-119904,$1896,$-118008,$-662,$-117346,$2108,$1379,$-119904,$-119904,$12915,12915,$-1.79,$-1.72,$1109,$13717,$6965,$23661,$0,$214,$2050,$7176,$11285,$110567,$39533,$18309,$1669,$23705,$63239,$12485,$34843,$0,$47328,$110567,$3502,$6599,$0,$6599,$0,$0,$0,$0,$1349,$9751,$-14310,$0,$0,$0,$0,$-248,$-1305,$-15863,$0,$1720,$6458,$0,$0,$-1810,$-352,$6016,$-108,$0,$0
29,2008-09-30,39.16,$0.00,0.0,$280.41,0.14,$1.23,31.8,$2.90,13.5,$34.18B,$21.99B,1.55,$9.06B,$0.00B,0.0,$324.21B,$169.45B,52.26%,$324.21B,$162.56B,50.14%,$324.21B,$162.56B,50.14%,$324.21B,$162.56B,50.14%,$324.21B,$167.37B,51.62%,$324.21B,$3.32B,1.02%,$3.32B,$0.00B,15.54%,$3.32B,$5.48B,15.32%,$3.32B,$36.52B,5.22%,$162.56B,$9.06B,499.36%,$167520,$154764,$12756,$0,$6886,$161650,$5870,$4805,$10676,$391,$10285,$1212,$1212,$5870,$5870,$1124,1241,$1.08,$0.98,$1694,$24086,$1950,$34175,$0,$0,$0,$0,$2349,$36524,$21988,$9057,$0,$9057,$31045,$0,$0,$0,$0,$31045,$0,$0,$0,$0,$0,$0,$0,$0,$0,$0,$0,$0,$0,$0,$0,$0,$0,$0,$0,$0,$0,$0,$0,$0,$0,$0,$0,$0,$0
30,2008-06-30,46.21,$0.00,0.0,$145.39,0.32,$1.23,37.53,$3.54,13.06,$38.69B,$50.17B,0.77,$19.93B,$44.77B,0.45,$156.69B,$156.69B,100.00%,$156.69B,$156.69B,100.00%,$156.69B,$156.69B,100.00%,$156.69B,$156.69B,100.00%,$156.69B,$156.69B,100.00%,$156.69B,$3.92B,2.50%,$3.92B,$44.77B,18.37%,$3.92B,$42.53B,19.34%,$3.92B,$120.74B,7.21%,$156.69B,$64.70B,517.31%,$62595,$0,$62595,$0,$0,$0,$62595,$0,$62595,$0,$62595,$320,$320,$62595,$62595,$1140,1040,$0.28,$0.31,$1407,$23540,$6255,$38694,$0,$297,$2233,$7203,$12366,$120740,$50171,$19929,$1391,$25803,$75974,$12485,$32280,$0,$44765,$120740,$0,$0,$0,$0,$0,$0,$0,$0,$0,$0,$0,$0,$0,$0,$0,$0,$0,$0,$0,$0,$0,$0,$0,$0,$0,$0,$0,$0,$0
31,2008-03-31,42.08,$0.00,0.0,$85.20,0.49,$1.23,34.18,$3.23,13.02,$0.00B,$0.00B,0.0,$0.00B,$0.00B,0.0,$94.10B,$94.10B,100.00%,$94.10B,$94.10B,100.00%,$94.10B,$94.10B,100.00%,$94.10B,$94.10B,100.00%,$94.10B,$94.10B,100.00%,$94.10B,$3.60B,3.82%,$3.60B,$0.00B,19.53%,$3.60B,$0.00B,20.61%,$3.60B,$0.00B,8.28%,$94.10B,$0.00B,364.28%,$48239,$0,$48239,$0,$0,$0,$48239,$0,$48239,$0,$48239,$862,$862,$48239,$48239,$1126,1120,$0.77,$0.77,$0,$0,$0,$0,$0,$0,$0,$0,$0,$0,$0,$0,$0,$0,$0,$0,$0,$0,$0,$0,$0,$0,$0,$0,$0,$0,$0,$0,$0,$0,$0,$0,$0,$0,$0,$0,$0,$0,$0,$0,$0,$0,$0,$0,$0,$0,$0,$0,$0
32,2007-12-31,72.53,$0.00,0.0,$72.32,1.0,$1.23,58.91,$3.75,19.32,$24.44B,$35.03B,0.7,$15.88B,$40.58B,0.39,$79.66B,$79.66B,100.00%,$79.66B,$79.66B,100.00%,$79.66B,$79.66B,100.00%,$79.66B,$79.66B,100.00%,$79.66B,$79.66B,100.00%,$79.66B,$4.18B,5.25%,$4.18B,$40.58B,16.33%,$4.18B,$38.54B,17.06%,$4.18B,$96.72B,7.10%,$79.66B,$56.46B,222.15%,$45858,$0,$45858,$0,$0,$0,$45858,$0,$45858,$0,$45858,$921,$921,$45858,$45858,$1134,1088,$0.82,$0.85,$1104,$15316,$3290,$24435,$0,$422,$2045,$6328,$10172,$96720,$35027,$15881,$1143,$21112,$56139,$11445,$29136,$0,$40581,$96720,$11017,$5718,$0,$5718,$0,$0,$0,$0,$1722,$15786,$-14447,$0,$-524,$0,$0,$-18,$-4,$-14993,$0,$1797,$0,$0,$0,$-2581,$83,$-701,$84,$0,$0
33,2007-09-30,60.25,$0.00,0.0,$30.17,2.0,0,0.0,$3.91,15.42,$0.00B,$0.00B,0.0,$0.00B,$0.00B,0.0,$33.80B,$33.80B,100.00%,$33.80B,$33.80B,100.00%,$33.80B,$33.80B,100.00%,$33.80B,$33.80B,100.00%,$33.80B,$33.80B,100.00%,$33.80B,$4.39B,12.99%,$4.39B,$0.00B,28.41%,$4.39B,$0.00B,29.53%,$4.39B,$0.00B,12.66%,$33.80B,$0.00B,155.47%,$0,$0,$0,$0,$0,$0,$0,$0,$0,$0,$0,$1816,$1816,$0,$0,$1125,1125,$1.62,$1.62,$0,$0,$0,$0,$0,$0,$0,$0,$0,$0,$0,$0,$0,$0,$0,$0,$0,$0,$0,$0,$0,$0,$0,$0,$0,$0,$0,$0,$0,$0,$0,$0,$0,$0,$0,$0,$0,$0,$0,$0,$0,$0,$0,$0,$0,$0,$0,$0,$0
