,Date,Stock Price,Book Value per Share,Price to Book Ratio,TTM Sales per Share,Price to Sales Ratio,TTM FCF per Share,Price to FCF Ratio,TTM Net EPS,PE Ratio,Current Assets,Current Liabilities,Current Ratio,Long Term Debt,Shareholder's Equity_x,Debt to Equity Ratio,TTM Revenue_x,TTM Gross Profit,Gross Margin,TTM Revenue_y,TTM Operating Income,Operating Margin,TTM Revenue_x,TTM EBIT,EBIT Margin,TTM Revenue_y,TTM EBITDA,EBITDA Margin,TTM Revenue_x,TTM Pre-Tax Income,Pre-Tax Margin,TTM Revenue_y,TTM Net Income_x,Net Margin,TTM Net Income_y,Shareholder's Equity_y,Return on Equity,TTM Net Income_x,Tangible Equity,Return on Tangible Equity,TTM Net Income_y,Total Assets,Return on Assets,TTM Net Income,LT Investments & Debt,Return on Investment,revenue,cost-goods-sold,gross-profit,research-development-expenses,selling-general-administrative-expenses,operating-expenses,operating-income,total-non-operating-income-expense,pre-tax-income,total-provision-income-taxes,income-after-taxes,income-from-continuous-operations,net-income,ebitda,ebit,basic-shares-outstanding,shares-outstanding,eps-basic-net-earnings-per-share,eps-earnings-per-share-diluted,cash-on-hand,inventory,other-current-assets,total-current-assets,net-property-plant-equipment,long-term-investments,goodwill-intangible-assets-total,other-long-term-assets,total-long-term-assets,total-assets,total-current-liabilities,long-term-debt,other-non-current-liabilities,total-long-term-liabilities,total-liabilities,common-stock-net,retained-earnings-accumulated-deficit,comprehensive-income,total-share-holder-equity,total-liabilities-share-holders-equity,net-income-loss,total-depreciation-amortization-cash-flow,other-non-cash-items,total-non-cash-items,change-in-accounts-receivable,change-in-inventories,change-in-accounts-payable,change-in-assets-liabilities,total-change-in-assets-liabilities,cash-flow-from-operating-activities,net-change-in-property-plant-equipment,net-change-in-intangible-assets,net-acquisitions-divestitures,net-change-in-short-term-investments,net-change-in-long-term-investments,net-change-in-investments-total,investing-activities-other,cash-flow-from-investing-activities,net-long-term-debt,net-current-debt,debt-issuance-retirement-net-total,net-common-equity-issued-repurchased,net-total-equity-issued-repurchased,total-common-preferred-stock-dividends-paid,financial-activities-other,cash-flow-from-financial-activities,net-cash-flow,stock-based-compensation,common-stock-dividends-paid
0,2018-09-30,45.79,$26.05,1.76,$13.17,3.48,$9.96,4.6,$2.82,16.24,$26.34B,$27.10B,0.97,$1.66B,$2.85B,0.58,$1.58B,$1.40B,88.95%,$1.58B,$0.51B,32.63%,$1.58B,0,0.00%,$1.58B,0,0.00%,$1.58B,$0.51B,32.19%,$1.58B,$0.34B,21.33%,$0.34B,$3.04B,11.08%,$0.34B,$2.97B,11.34%,$0.34B,$32.08B,1.06%,$0.51B,$4.70B,10.88%,$416,$52,$363,$0,$229,$281,$135,$-7,$128,$19,$109,$109,$99,$0,$0,$117,118,$0.85,$0.84,$1012,$0,$0,$26338,$431,$3921,$67,$1133,$5738,$32075,$27103,$1657,$275,$1932,$29035,$143,$771,$-144,$3040,$32075,$323,$42,$63,$104,$10,$0,$0,$-65,$-55,$373,$-39,$0,$0,$0,$-19,$-19,$-816,$-874,$50,$408,$458,$-141,$-76,$-88,$285,$580,$79,$13,$-77
1,2018-06-30,52.83,$26.88,1.97,$13.21,4.0,$10.83,4.88,$2.76,19.14,$26.03B,$26.65B,0.98,$1.66B,$2.85B,0.58,$1.59B,$1.44B,90.20%,$1.59B,$0.53B,33.42%,$1.59B,0,0.00%,$1.59B,0,0.00%,$1.59B,$0.53B,33.42%,$1.59B,$0.33B,20.85%,$0.33B,$3.17B,10.99%,$0.33B,$3.10B,11.25%,$0.33B,$31.74B,1.05%,$0.53B,$4.82B,11.15%,$403,$45,$358,$0,$216,$261,$142,$-0,$142,$31,$111,$111,$109,$0,$0,$118,119,$0.92,$0.91,$1092,$0,$0,$26028,$429,$3930,$68,$1103,$5713,$31740,$26650,$1657,$266,$1922,$28573,$143,$701,$-126,$3168,$31740,$214,$29,$39,$68,$-5,$0,$0,$-44,$-49,$233,$-27,$0,$0,$0,$-38,$-38,$-360,$-425,$-50,$46,$-4,$-75,$120,$-53,$286,$350,$159,$8,$-48
2,2018-03-31,49.72,$24.91,2.0,$12.70,3.91,$10.95,4.54,$2.45,20.29,$25.68B,$26.44B,0.97,$1.86B,$2.83B,0.66,$1.54B,$1.40B,90.60%,$1.54B,$0.51B,32.92%,$1.54B,0,0.00%,$1.54B,0,0.00%,$1.54B,$0.51B,32.92%,$1.54B,$0.30B,19.18%,$0.30B,$2.96B,9.94%,$0.30B,$2.89B,10.17%,$0.30B,$31.50B,0.95%,$0.51B,$4.81B,10.49%,$380,$39,$341,$0,$208,$247,$133,$0,$133,$30,$103,$103,$101,$0,$0,$119,119,$0.85,$0.84,$1059,$0,$0,$25684,$424,$4041,$68,$1104,$5817,$31501,$26439,$1856,$249,$2105,$28545,$143,$622,$-108,$2956,$31501,$103,$15,$19,$34,$-1,$0,$0,$-61,$-62,$75,$-9,$0,$0,$0,$-71,$-71,$-95,$-175,$150,$24,$174,$-34,$-34,$-20,$106,$226,$126,$4,$-18
3,2017-12-31,47.5,$24.91,1.91,$12.32,3.86,$11.45,4.15,$2.17,21.89,$25.47B,$26.41B,0.96,$1.61B,$2.84B,0.57,$1.51B,$1.37B,90.84%,$1.51B,$0.49B,32.32%,$1.51B,0,0.00%,$1.51B,0,0.00%,$1.51B,$0.48B,31.92%,$1.51B,$0.26B,17.52%,$0.26B,$2.96B,8.86%,$0.26B,$2.89B,9.07%,$0.26B,$31.22B,0.85%,$0.49B,$4.57B,9.90%,$376,$37,$339,$0,$235,$272,$104,$0,$104,$74,$30,$30,$27,$0,$0,$121,122,$0.23,$0.23,$933,$0,$0,$25471,$427,$4035,$69,$1054,$5751,$31222,$26409,$1606,$245,$1851,$28260,$143,$544,$-55,$2962,$31222,$275,$59,$347,$406,$6,$5,$0,$-52,$-40,$642,$-51,$0,$0,$69,$-285,$-216,$-1148,$-1416,$-479,$1,$-477,$-172,$-172,$-65,$1490,$777,$3,$14,$-55
4,2017-09-30,45.49,$25.07,1.81,$11.94,3.81,$10.02,4.54,$2.48,18.34,$26.07B,$26.33B,0.99,$1.88B,$2.87B,0.66,$1.47B,$1.34B,91.02%,$1.47B,$0.49B,33.40%,$1.47B,0,0.00%,$1.47B,0,0.00%,$1.47B,$0.49B,32.99%,$1.47B,$0.30B,20.61%,$0.30B,$3.00B,10.20%,$0.30B,$2.93B,10.44%,$0.30B,$31.64B,0.98%,$0.49B,$4.88B,9.72%,$433,$35,$398,$0,$245,$280,$153,$-1,$153,$55,$98,$98,$95,$0,$0,$121,122,$0.79,$0.78,$1751,$0,$0,$26074,$423,$3825,$69,$978,$5568,$31642,$26328,$1883,$435,$2317,$28645,$143,$535,$-40,$2997,$31642,$246,$45,$184,$228,$-0,$0,$0,$11,$11,$485,$-35,$0,$0,$0,$100,$100,$-867,$-802,$-279,$-18,$-297,$-141,$-141,$-44,$1538,$1056,$740,$11,$-37
5,2017-06-30,43.55,$24.64,1.77,$11.01,3.96,$8.78,4.96,$2.21,19.7,$25.15B,$25.37B,0.99,$2.11B,$2.87B,0.73,$1.36B,$1.23B,90.60%,$1.36B,$0.44B,32.45%,$1.36B,0,0.00%,$1.36B,0,0.00%,$1.36B,$0.44B,31.94%,$1.36B,$0.27B,19.90%,$0.27B,$3.00B,9.19%,$0.27B,$2.93B,9.38%,$0.27B,$30.69B,0.89%,$0.44B,$5.11B,8.67%,$354,$34,$320,$0,$202,$236,$118,$-0,$118,$42,$76,$76,$73,$0,$0,$122,123,$0.60,$0.60,$901,$0,$0,$25146,$416,$3827,$69,$910,$5542,$30688,$25369,$2107,$214,$2321,$27690,$142,$458,$-48,$2998,$30688,$148,$29,$89,$118,$-8,$0,$0,$-14,$-22,$244,$-15,$0,$0,$0,$-96,$-96,$-666,$-778,$-54,$-9,$-63,$-43,$-43,$-23,$563,$433,$-101,$7,$-18
6,2017-03-31,40.24,$24.22,1.66,$10.68,3.77,$8.39,4.8,$2.07,19.44,$25.14B,$25.25B,1.0,$2.16B,$2.84B,0.76,$1.33B,$1.20B,90.59%,$1.33B,$0.42B,31.93%,$1.33B,0,0.00%,$1.33B,0,0.00%,$1.33B,$0.41B,30.95%,$1.33B,$0.26B,19.28%,$0.26B,$2.96B,8.72%,$0.26B,$2.89B,8.86%,$0.26B,$30.68B,0.85%,$0.42B,$5.12B,8.33%,$344,$32,$312,$0,$200,$232,$112,$-7,$106,$34,$72,$72,$69,$0,$0,$122,123,$0.57,$0.56,$1079,$0,$0,$25142,$413,$3783,$69,$914,$5538,$30680,$25252,$2161,$304,$2465,$27717,$142,$402,$-55,$2962,$30680,$72,$14,$40,$55,$-4,$0,$0,$12,$8,$135,$-5,$0,$0,$0,$35,$35,$-489,$-459,$0,$-13,$-13,$-21,$-21,$-21,$457,$402,$78,$3,$-18
7,2016-12-31,40.16,$23.95,1.68,$10.33,3.89,$7.98,5.03,$1.90,21.13,$24.67B,$24.81B,0.99,$2.16B,$2.80B,0.77,$1.30B,$1.17B,90.43%,$1.30B,$0.40B,30.63%,$1.30B,0,0.00%,$1.30B,0,0.00%,$1.30B,$0.39B,30.02%,$1.30B,$0.24B,18.29%,$0.24B,$2.93B,8.07%,$0.24B,$2.86B,8.18%,$0.24B,$30.10B,0.80%,$0.40B,$5.09B,7.72%,$339,$31,$308,$0,$200,$231,$108,$-0,$108,$40,$69,$69,$66,$0,$0,$124,125,$0.54,$0.53,$1008,$0,$0,$24665,$417,$3718,$73,$836,$5439,$30104,$24808,$2161,$207,$2368,$27176,$142,$352,$-56,$2928,$30104,$247,$58,$179,$238,$6,$-2,$0,$-26,$-23,$462,$-34,$0,$6,$313,$-286,$27,$-1099,$-1099,$-389,$-17,$-406,$-258,$-258,$-70,$1400,$666,$28,$14,$-59
8,2016-09-30,31.7,$23.93,1.32,$9.94,3.19,$7.70,4.12,$1.79,17.71,$24.56B,$24.39B,1.01,$2.16B,$2.78B,0.78,$1.27B,$1.14B,90.28%,$1.27B,$0.38B,30.02%,$1.27B,0,0.00%,$1.27B,0,0.00%,$1.27B,$0.37B,29.38%,$1.27B,$0.23B,17.93%,$0.23B,$2.91B,7.69%,$0.23B,$2.88B,7.75%,$0.23B,$29.73B,0.78%,$0.38B,$5.07B,7.36%,$325,$31,$294,$0,$190,$220,$104,$-2,$103,$37,$65,$65,$63,$0,$0,$123,124,$0.51,$0.51,$1451,$0,$0,$24555,$418,$3603,$24,$730,$5172,$29727,$24387,$2161,$272,$2433,$26820,$141,$301,$5,$2907,$29727,$178,$44,$147,$191,$-37,$-2,$0,$-2,$-40,$328,$-24,$0,$0,$-159,$75,$-83,$-840,$-948,$-30,$18,$-12,$-265,$-265,$-52,$949,$619,$0,$10,$-45
9,2016-06-30,28.15,$23.79,1.18,$9.62,2.93,$7.46,3.77,$1.70,16.56,$24.28B,$24.17B,1.0,$2.14B,$2.83B,0.76,$1.25B,$1.12B,90.21%,$1.25B,$0.37B,29.70%,$1.25B,0,0.00%,$1.25B,0,0.00%,$1.25B,$0.36B,29.13%,$1.25B,$0.22B,17.58%,$0.22B,$2.95B,7.35%,$0.22B,$2.93B,7.41%,$0.22B,$29.46B,0.76%,$0.37B,$5.09B,7.17%,$320,$31,$289,$0,$189,$220,$100,$-6,$94,$34,$60,$60,$58,$0,$0,$125,126,$0.46,$0.46,$1385,$0,$0,$24279,$425,$3580,$24,$726,$5181,$29460,$24173,$2136,$199,$2335,$26508,$141,$253,$11,$2952,$29460,$113,$29,$103,$131,$-28,$4,$0,$-20,$-44,$201,$-17,$0,$0,$-90,$64,$-26,$-636,$-679,$-55,$70,$15,$-174,$-174,$-35,$683,$489,$10,$7,$-30
10,2016-03-31,27.96,$23.47,1.19,$9.33,3.0,$6.80,4.11,$1.64,17.05,$23.93B,$23.65B,1.01,$2.36B,$2.83B,0.84,$1.23B,$1.11B,90.15%,$1.23B,$0.36B,29.15%,$1.23B,0,0.00%,$1.23B,0,0.00%,$1.23B,$0.36B,29.07%,$1.23B,$0.21B,17.43%,$0.21B,$2.95B,7.15%,$0.21B,$2.93B,7.21%,$0.21B,$29.17B,0.75%,$0.36B,$5.31B,6.92%,$312,$31,$281,$0,$196,$228,$85,$-1,$84,$31,$53,$53,$50,$0,$0,$127,128,$0.39,$0.39,$1363,$0,$0,$23930,$439,$3582,$24,$731,$5241,$29171,$23654,$2361,$203,$2564,$26218,$141,$210,$-1,$2953,$29171,$53,$14,$48,$62,$-3,$0,$0,$-21,$-24,$90,$-8,$0,$0,$-89,$48,$-42,$-329,$-378,$170,$27,$197,$-113,$-113,$-18,$207,$273,$-15,$3,$-15
11,2015-12-31,31.18,$23.16,1.35,$9.08,3.43,$6.41,4.87,$1.63,19.13,$23.53B,$23.42B,1.01,$2.19B,$2.87B,0.76,$1.21B,$1.10B,90.27%,$1.21B,$0.36B,29.60%,$1.21B,0,0.00%,$1.21B,0,0.00%,$1.21B,$0.36B,29.60%,$1.21B,$0.22B,17.72%,$0.22B,$3.00B,7.13%,$0.22B,$2.98B,7.19%,$0.22B,$28.79B,0.76%,$0.36B,$5.19B,6.97%,$309,$30,$279,$0,$188,$218,$91,$-0,$91,$32,$58,$58,$56,$0,$0,$132,133,$0.43,$0.42,$1289,$0,$0,$23526,$445,$3588,$25,$697,$5267,$28793,$23420,$2187,$186,$2373,$25792,$141,$175,$-30,$3000,$28793,$226,$57,$170,$227,$2,$9,$0,$-19,$-8,$445,$-28,$0,$0,$-111,$-593,$-704,$-1375,$-2107,$48,$50,$98,$-194,$-194,$-66,$1705,$1543,$-118,$13,$-55
12,2015-09-30,28.4,$23.10,1.23,$8.91,3.19,$5.79,4.91,$1.57,18.09,$22.95B,$22.91B,1.0,$2.04B,$2.89B,0.71,$1.20B,$1.09B,90.44%,$1.20B,$0.35B,29.09%,$1.20B,0,0.00%,$1.20B,0,0.00%,$1.20B,$0.35B,28.84%,$1.20B,$0.21B,17.46%,$0.21B,$3.02B,6.95%,$0.21B,$2.99B,7.00%,$0.21B,$28.17B,0.76%,$0.35B,$5.06B,6.80%,$305,$30,$275,$0,$181,$211,$94,$-0,$94,$36,$58,$58,$55,$0,$0,$132,132,$0.42,$0.42,$1264,$0,$0,$22951,$449,$3487,$24,$730,$5217,$28168,$22913,$2039,$199,$2238,$25151,$141,$135,$-6,$3017,$28168,$168,$43,$130,$173,$-11,$8,$0,$-22,$-24,$316,$-22,$0,$0,$-122,$-449,$-571,$-824,$-1417,$-100,$9,$-91,$-162,$-162,$-47,$1246,$945,$-156,$9,$-40
13,2015-06-30,29.48,$22.73,1.3,$8.73,3.38,$5.45,5.41,$1.47,20.05,$23.09B,$22.84B,1.01,$2.14B,$2.88B,0.74,$1.20B,$1.08B,90.63%,$1.20B,$0.33B,27.53%,$1.20B,0,0.00%,$1.20B,0,0.00%,$1.20B,$0.33B,27.28%,$1.20B,$0.20B,16.65%,$0.20B,$3.01B,6.55%,$0.20B,$2.98B,6.60%,$0.20B,$28.21B,0.73%,$0.33B,$5.15B,6.34%,$302,$30,$272,$0,$184,$214,$88,$-0,$88,$32,$56,$56,$53,$0,$0,$133,134,$0.40,$0.40,$1753,$0,$0,$23092,$446,$3355,$24,$718,$5114,$28206,$22837,$2139,$223,$2362,$25200,$140,$93,$-22,$3006,$28206,$110,$28,$84,$112,$-37,$2,$0,$-71,$-107,$115,$-9,$0,$0,$-574,$-290,$-864,$-404,$-1276,$-0,$61,$61,$-111,$-111,$-32,$1117,$1036,$-125,$6,$-27
14,2015-03-31,26.7,$22.63,1.18,$8.59,3.11,$5.59,4.78,$1.39,19.21,$22.74B,$22.23B,1.02,$2.19B,$2.91B,0.75,$1.19B,$1.08B,90.75%,$1.19B,$0.32B,27.17%,$1.19B,0,0.00%,$1.19B,0,0.00%,$1.19B,$0.31B,26.24%,$1.19B,$0.19B,15.98%,$0.19B,$3.03B,6.23%,$0.19B,$3.01B,6.28%,$0.19B,$27.63B,0.70%,$0.32B,$5.22B,6.18%,$297,$28,$269,$0,$183,$212,$86,$0,$86,$32,$54,$54,$51,$0,$0,$135,136,$0.38,$0.38,$1801,$0,$0,$22743,$452,$3130,$24,$695,$4891,$27634,$22233,$2190,$180,$2370,$24603,$140,$52,$-4,$3031,$27634,$54,$14,$43,$57,$-27,$-6,$0,$-37,$-70,$41,$-5,$0,$0,$-545,$-78,$-624,$-15,$-643,$50,$-2,$48,$-62,$-62,$-16,$576,$547,$-56,$3,$-13
15,2014-12-31,25.73,$22.34,1.15,$8.54,3.01,$5.89,4.37,$1.36,18.92,$22.21B,$21.66B,1.03,$2.14B,$2.92B,0.73,$1.19B,$1.08B,90.76%,$1.19B,$0.32B,27.12%,$1.19B,0,0.00%,$1.19B,0,0.00%,$1.19B,$0.30B,25.44%,$1.19B,$0.19B,15.53%,$0.19B,$3.04B,6.08%,$0.19B,$3.02B,6.13%,$0.19B,$27.05B,0.69%,$0.32B,$5.18B,6.21%,$299,$27,$272,$0,$190,$217,$82,$-3,$79,$26,$53,$53,$51,$0,$0,$138,139,$0.37,$0.36,$1306,$0,$0,$22205,$455,$3041,$24,$701,$4845,$27050,$21659,$2139,$211,$2350,$24009,$140,$15,$-13,$3041,$27050,$195,$55,$169,$224,$-17,$-8,$0,$-7,$-32,$387,$-39,$0,$-91,$-56,$211,$154,$-1192,$-1167,$109,$-21,$88,$-86,$-86,$-53,$846,$795,$16,$10,$-43
16,2014-09-30,22.37,$22.12,1.01,$8.57,2.61,$7.69,2.91,$1.27,17.62,$21.63B,$21.10B,1.03,$2.13B,$2.95B,0.72,$1.19B,$1.07B,90.63%,$1.19B,$0.30B,25.65%,$1.19B,0,0.00%,$1.19B,0,0.00%,$1.19B,$0.28B,23.97%,$1.19B,$0.17B,14.35%,$0.17B,$3.08B,5.63%,$0.17B,$3.05B,5.68%,$0.17B,$26.52B,0.64%,$0.30B,$5.21B,5.90%,$297,$27,$270,$0,$197,$224,$73,$-1,$73,$26,$47,$47,$44,$0,$0,$139,140,$0.32,$0.32,$1234,$0,$0,$21626,$457,$3050,$26,$704,$4893,$26519,$21097,$2131,$215,$2346,$23443,$140,$-25,$-25,$3077,$26519,$142,$40,$125,$165,$-26,$-7,$0,$21,$-12,$295,$-31,$0,$-91,$-85,$161,$76,$-660,$-706,$99,$-41,$58,$2,$2,$-37,$305,$328,$-83,$7,$-29
17,2014-06-30,23.0,$21.96,1.05,$8.61,2.67,$9.15,2.51,$1.23,18.71,$21.65B,$21.12B,1.03,$2.26B,$2.93B,0.77,$1.19B,$1.07B,90.46%,$1.19B,$0.31B,25.74%,$1.19B,0,0.00%,$1.19B,0,0.00%,$1.19B,$0.28B,23.97%,$1.19B,$0.16B,13.76%,$0.16B,$3.05B,5.46%,$0.16B,$3.03B,5.51%,$0.16B,$26.63B,0.62%,$0.31B,$5.31B,6.04%,$296,$27,$268,$0,$187,$214,$82,$-8,$74,$27,$47,$47,$44,$0,$0,$139,140,$0.32,$0.32,$1393,$0,$0,$21650,$462,$3080,$26,$732,$4977,$26627,$21121,$2256,$197,$2453,$23574,$140,$-62,$-14,$3053,$26627,$95,$26,$82,$108,$-28,$-14,$0,$-7,$-49,$154,$-24,$0,$-91,$-27,$154,$128,$-529,$-516,$224,$-20,$204,$1,$1,$-25,$308,$489,$127,$5,$-19
18,2014-03-31,22.33,$21.57,1.04,$8.78,2.54,$10.40,2.15,$1.12,19.94,$21.36B,$21.12B,1.01,$2.11B,$2.87B,0.73,$1.19B,$1.07B,90.30%,$1.19B,$0.30B,25.13%,$1.19B,0,0.00%,$1.19B,0,0.00%,$1.19B,$0.28B,23.86%,$1.19B,$0.15B,12.65%,$0.15B,$3.00B,4.82%,$0.15B,$2.97B,4.86%,$0.15B,$26.44B,0.57%,$0.30B,$5.11B,5.86%,$299,$28,$271,$0,$185,$213,$86,$-9,$77,$29,$48,$48,$46,$0,$0,$139,140,$0.33,$0.33,$1448,$0,$0,$21360,$467,$3132,$26,$737,$5075,$26435,$21116,$2107,$214,$2321,$23437,$979,$-99,$-30,$2998,$26435,$48,$12,$32,$44,$-4,$-12,$0,$12,$-5,$87,$-8,$0,$0,$-220,$81,$-139,$-294,$-441,$74,$17,$91,$0,$0,$-12,$266,$345,$-9,$2,$-10
19,2013-12-31,23.64,$21.23,1.11,$8.90,2.66,$11.12,2.13,$0.91,25.99,$21.03B,$21.03B,1.0,$2.03B,$2.82B,0.72,$1.18B,$1.07B,90.10%,$1.18B,$0.26B,22.25%,$1.18B,0,0.00%,$1.18B,0,0.00%,$1.18B,$0.25B,21.40%,$1.18B,$0.12B,10.07%,$0.12B,$2.95B,3.65%,$0.12B,$2.93B,3.68%,$0.12B,$26.20B,0.45%,$0.26B,$4.98B,5.14%,$293,$29,$265,$0,$201,$230,$63,$-4,$60,$21,$39,$39,$36,$0,$0,$127,134,$0.27,$0.23,$1226,$0,$0,$21032,$469,$3199,$24,$732,$5170,$26202,$21025,$2033,$195,$2228,$23253,$140,$-138,$-41,$2949,$26202,$159,$59,$194,$253,$153,$5,$0,$34,$192,$605,$-28,$0,$56,$886,$-315,$570,$-625,$-28,$310,$-53,$257,$173,$-669,$-73,$-237,$-723,$-145,$7,$-36
20,2013-09-30,21.61,$21.10,1.02,$9.18,2.35,$10.24,2.11,$6.09,3.55,$21.06B,$21.17B,1.0,$1.89B,$2.81B,0.67,$1.21B,$1.09B,89.99%,$1.21B,$0.13B,10.75%,$1.21B,0,0.00%,$1.21B,0,0.00%,$1.21B,$0.12B,10.01%,$1.21B,$0.79B,65.51%,$0.79B,$2.93B,23.21%,$0.79B,$2.90B,23.41%,$0.79B,$26.22B,3.00%,$0.13B,$4.82B,2.50%,$297,$30,$268,$0,$193,$223,$74,$-1,$73,$28,$46,$46,$37,$0,$0,$137,137,$0.27,$0.27,$1593,$0,$0,$21056,$476,$3151,$28,$743,$5162,$26218,$21168,$1885,$233,$2118,$23287,$978,$-166,$-30,$2932,$26218,$121,$47,$146,$192,$146,$-6,$-3,$36,$168,$481,$-22,$0,$56,$575,$-209,$366,$-266,$135,$161,$-7,$154,$172,$-670,$-60,$-139,$-716,$-100,$6,$-27
21,2013-06-30,19.06,$27.42,0.7,$9.48,2.01,$7.87,2.42,$5.95,3.2,$21.42B,$20.93B,1.02,$1.89B,$2.61B,0.72,$1.23B,$1.11B,89.70%,$1.23B,$0.09B,7.14%,$1.23B,0,0.00%,$1.23B,0,0.00%,$1.23B,$0.08B,6.41%,$1.23B,$0.77B,62.53%,$0.77B,$3.57B,22.69%,$0.77B,$3.54B,22.89%,$0.77B,$26.56B,2.93%,$0.09B,$5.45B,1.72%,$297,$29,$267,$0,$193,$222,$75,$-2,$73,$27,$46,$46,$31,$0,$0,$122,130,$0.25,$0.24,$2022,$0,$0,$21420,$478,$3078,$29,$770,$5143,$26563,$20934,$1886,$176,$2061,$22995,$916,$-202,$-33,$3568,$26563,$75,$33,$107,$139,$90,$0,$-3,$14,$86,$300,$-16,$0,$56,$65,$-185,$-120,$-143,$-223,$161,$22,$183,$-1,$-1,$-41,$-403,$-263,$-186,$3,$-17
22,2013-03-31,18.02,$31.79,0.57,$9.74,1.85,$7.99,2.26,$5.95,3.03,$21.07B,$20.80B,1.01,$1.65B,$2.62B,0.63,$1.27B,$1.13B,89.18%,$1.27B,$0.05B,4.11%,$1.27B,0,0.00%,$1.27B,0,0.00%,$1.27B,$0.04B,3.40%,$1.27B,$0.77B,60.43%,$0.77B,$3.58B,23.77%,$0.77B,$3.55B,23.99%,$0.77B,$26.21B,2.91%,$0.05B,$5.23B,1.08%,$295,$31,$265,$0,$213,$244,$51,$-5,$47,$17,$30,$30,$15,$0,$0,$112,130,$0.14,$0.14,$1899,$0,$0,$21068,$477,$3049,$29,$797,$5145,$26213,$20799,$1653,$182,$1835,$22635,$793,$-238,$3,$3578,$26213,$30,$18,$61,$79,$68,$2,$-2,$5,$62,$174,$-6,$0,$0,$158,$-80,$78,$105,$176,$-72,$37,$-35,$-1,$-1,$-20,$-496,$-553,$-202,$2,$-8
23,2012-12-31,15.88,$31.76,0.5,$10.14,1.57,$9.37,1.7,$5.95,2.67,$21.65B,$21.26B,1.02,$1.73B,$2.61B,0.66,$1.32B,$1.17B,88.69%,$1.32B,$0.04B,2.88%,$1.32B,0,0.00%,$1.32B,0,0.00%,$1.32B,$0.03B,2.43%,$1.32B,$0.77B,58.50%,$0.77B,$3.57B,25.45%,$0.77B,$3.54B,25.71%,$0.77B,$26.76B,2.91%,$0.04B,$5.30B,0.84%,$320,$33,$288,$0,$358,$390,$-70,$-2,$-72,$-796,$724,$724,$709,$0,$0,$112,130,$6.31,$5.44,$2261,$0,$0,$21653,$480,$2981,$30,$811,$5107,$26760,$21258,$1726,$206,$1932,$23191,$792,$-260,$4,$3569,$26760,$830,$64,$-428,$-363,$-39,$6,$-8,$30,$-12,$472,$-27,$0,$0,$104,$684,$788,$57,$818,$369,$-113,$256,$0,$0,$-80,$-1363,$-1186,$104,$9,$-31
24,2012-09-30,15.3,$25.58,0.6,$10.77,1.42,$11.60,1.32,$0.56,27.32,$20.99B,$21.01B,1.0,$1.65B,$1.92B,0.86,$1.35B,$1.18B,87.88%,$1.35B,$0.14B,10.11%,$1.35B,0,0.00%,$1.35B,0,0.00%,$1.35B,$0.13B,9.74%,$1.35B,$0.08B,5.58%,$0.08B,$2.88B,2.64%,$0.08B,$2.85B,2.67%,$0.08B,$25.77B,0.28%,$0.14B,$4.53B,3.19%,$321,$35,$286,$0,$254,$289,$32,$-1,$31,$-0,$31,$31,$16,$0,$0,$112,130,$0.14,$0.14,$1419,$0,$0,$20988,$475,$3229,$30,$1042,$4777,$25765,$21013,$1654,$222,$1876,$22889,$792,$-976,$16,$2876,$25765,$106,$47,$193,$240,$-71,$11,$-8,$-143,$-206,$141,$-14,$0,$0,$781,$462,$1243,$51,$1280,$296,$-148,$148,$0,$0,$-60,$-1565,$-1477,$-56,$7,$-24
25,2012-06-30,12.73,$25.39,0.5,$11.49,1.11,$14.71,0.87,$0.56,22.73,$21.35B,$21.92B,0.97,$1.30B,$1.90B,0.69,$1.44B,$1.26B,87.42%,$1.44B,$0.14B,10.01%,$1.44B,0,0.00%,$1.44B,0,0.00%,$1.44B,$0.14B,9.52%,$1.44B,$0.08B,5.21%,$0.08B,$2.85B,2.65%,$0.08B,$2.82B,2.68%,$0.08B,$26.29B,0.28%,$0.14B,$4.16B,3.41%,$330,$40,$290,$0,$251,$292,$39,$-1,$37,$-2,$39,$39,$25,$0,$0,$112,130,$0.21,$0.21,$1971,$0,$0,$21350,$476,$3570,$31,$866,$4944,$26294,$21916,$1302,$223,$1524,$23441,$792,$-999,$7,$2853,$26294,$75,$28,$126,$154,$46,$5,$-3,$30,$73,$305,$-6,$0,$0,$304,$116,$420,$201,$615,$-58,$37,$-21,$0,$0,$-40,$-847,$-907,$13,$5,$-16
26,2012-03-31,13.1,$25.10,0.52,$12.12,1.08,$16.15,0.81,$-0.14,0.0,$21.87B,$22.45B,0.97,$1.35B,$1.87B,0.72,$1.47B,$1.27B,86.48%,$1.47B,$0.06B,4.37%,$1.47B,0,0.00%,$1.47B,0,0.00%,$1.47B,$0.06B,3.82%,$1.47B,$-0.00B,-0.27%,$-0.00B,$2.82B,-0.14%,$-0.00B,$2.79B,-0.14%,$-0.00B,$27.07B,-0.01%,$0.06B,$4.17B,1.47%,$347,$42,$305,$0,$268,$310,$37,$-1,$36,$-0,$36,$36,$21,$0,$0,$112,130,$0.21,$0.14,$2418,$0,$0,$21870,$480,$3713,$32,$969,$5194,$27065,$22454,$1352,$438,$1789,$24243,$792,$-1031,$-2,$2822,$27065,$36,$12,$63,$75,$66,$0,$1,$171,$234,$347,$-0,$0,$0,$-177,$-32,$-209,$138,$-72,$-9,$2,$-7,$0,$0,$-20,$-274,$-301,$-25,$2,$-8
27,2011-12-31,8.96,$25.20,0.36,$12.68,0.71,$15.53,0.58,$-1.12,0.0,$22.00B,$22.73B,0.97,$1.37B,$1.88B,0.73,$1.48B,$1.26B,85.35%,$1.48B,$-0.03B,-1.96%,$1.48B,0,0.00%,$1.48B,0,0.00%,$1.48B,$-0.06B,-4.05%,$1.48B,$-0.12B,-8.04%,$-0.12B,$2.83B,-4.18%,$-0.12B,$2.79B,-4.23%,$-0.12B,$27.16B,-0.42%,$-0.03B,$4.19B,-0.64%,$347,$46,$301,$0,$273,$319,$28,$-1,$27,$-0,$27,$27,$13,$0,$0,$112,112,$0.14,$0.14,$2267,$0,$0,$22002,$487,$3690,$33,$949,$5161,$27163,$22726,$1365,$245,$1610,$24335,$791,$-1059,$21,$2827,$27163,$-61,$48,$472,$519,$82,$5,$-17,$112,$185,$646,$-11,$0,$0,$1541,$-208,$1334,$943,$2266,$-436,$-185,$-622,$0,$0,$-80,$-2089,$-2790,$121,$6,$-31
28,2011-09-30,6.75,$25.21,0.27,$13.61,0.5,$18.99,0.36,$-2.80,0.0,$23.12B,$23.44B,0.99,$1.52B,$1.89B,0.81,$1.53B,$1.29B,84.15%,$1.53B,$-0.21B,-14.01%,$1.53B,0,0.00%,$1.53B,0,0.00%,$1.53B,$-0.25B,-16.18%,$1.53B,$-0.31B,-20.43%,$-0.31B,$2.83B,-10.77%,$-0.31B,$2.80B,-10.90%,$-0.31B,$28.25B,-1.08%,$-0.21B,$4.35B,-4.57%,$415,$53,$362,$0,$322,$376,$40,$-3,$37,$7,$30,$30,$16,$0,$0,$112,130,$0.14,$0.14,$3431,$0,$0,$23116,$488,$3597,$34,$1019,$5137,$28254,$23438,$1522,$464,$1986,$25424,$791,$-1078,$32,$2829,$28254,$-88,$35,$398,$432,$120,$5,$-13,$81,$199,$536,$-4,$0,$0,$319,$94,$413,$1020,$1429,$-281,$-170,$-451,$0,$0,$-60,$-1391,$-1902,$63,$4,$-24
29,2011-06-30,13.03,$25.41,0.51,$14.06,0.93,$20.76,0.63,$-4.69,0.0,$23.46B,$23.33B,1.01,$1.90B,$1.91B,0.99,$1.52B,$1.25B,82.24%,$1.52B,$-0.43B,-28.36%,$1.52B,0,0.00%,$1.52B,0,0.00%,$1.52B,$-0.47B,-30.59%,$1.52B,$-0.52B,-34.47%,$-0.52B,$2.85B,-17.47%,$-0.52B,$2.82B,-17.68%,$-0.52B,$28.31B,-1.78%,$-0.43B,$4.75B,-8.91%,$356,$57,$299,$0,$339,$397,$-41,$-3,$-44,$-5,$-39,$-39,$-54,$0,$0,$112,112,$-0.49,$-0.49,$3422,$0,$0,$23464,$494,$3259,$35,$1062,$4850,$28314,$23327,$1895,$241,$2135,$25463,$791,$-1188,$66,$2851,$28314,$-118,$23,$329,$352,$159,$6,$-10,$52,$201,$427,$-7,$0,$0,$284,$201,$485,$737,$1215,$90,$-47,$44,$0,$0,$-40,$-1625,$-1622,$20,$2,$-16
30,2011-03-31,14.96,$25.69,0.58,$15.15,0.99,$23.12,0.65,$-6.72,0.0,$23.66B,$23.63B,1.0,$1.91B,$1.94B,0.99,$1.58B,$1.28B,80.90%,$1.58B,$-0.62B,-39.59%,$1.58B,0,0.00%,$1.58B,0,0.00%,$1.58B,$-0.66B,-41.56%,$1.58B,$-0.71B,-45.24%,$-0.71B,$2.88B,-22.64%,$-0.71B,$2.85B,-22.92%,$-0.71B,$28.68B,-2.34%,$-0.62B,$4.80B,-12.52%,$363,$61,$302,$0,$357,$418,$-56,$-24,$-80,$-0,$-79,$-79,$-94,$0,$0,$112,112,$-0.84,$-0.84,$3119,$0,$0,$23661,$495,$3346,$36,$1139,$5017,$28678,$23631,$1913,$251,$2164,$25796,$791,$-1126,$40,$2883,$28678,$-79,$11,$160,$171,$127,$5,$-6,$27,$149,$233,$-3,$0,$0,$587,$81,$668,$402,$1067,$107,$-74,$33,$0,$0,$-20,$-1294,$-1282,$18,$1,$-8
31,2010-12-31,16.39,$26.95,0.61,$17.81,0.92,$27.79,0.59,$-9.17,0.0,$24.94B,$25.00B,1.0,$1.81B,$2.09B,0.87,$1.63B,$1.29B,79.51%,$1.63B,$-0.84B,-51.88%,$1.63B,0,0.00%,$1.63B,0,0.00%,$1.63B,$-0.85B,-52.31%,$1.63B,$-0.85B,-52.25%,$-0.85B,$3.03B,-27.50%,$-0.85B,$2.99B,-27.85%,$-0.85B,$30.09B,-2.70%,$-0.84B,$4.83B,-17.16%,$393,$72,$322,$0,$479,$551,$-157,$-2,$-160,$6,$-165,$-165,$-180,$0,$0,$98,98,$-1.12,$-1.12,$3692,$0,$0,$24935,$545,$3440,$37,$1136,$5159,$30093,$25000,$1808,$261,$2069,$27069,$791,$-967,$57,$3025,$30093,$-791,$46,$1210,$1256,$-61,$-8,$-24,$541,$452,$911,$-19,$0,$69,$-1163,$-254,$-1417,$2166,$801,$62,$24,$86,$1035,$1035,$-74,$-2933,$-1887,$-175,$7,$-26
32,2010-09-30,15.21,$28.89,0.53,$23.15,0.66,$26.03,0.58,$-11.34,0.0,$25.75B,$25.65B,1.0,$1.74B,$2.31B,0.76,$1.73B,$1.36B,78.74%,$1.73B,$-0.93B,-53.78%,$1.73B,0,0.00%,$1.73B,0,0.00%,$1.73B,$-0.93B,-53.96%,$1.73B,$-0.95B,-55.00%,$-0.95B,$3.24B,-31.22%,$-0.95B,$3.20B,-31.63%,$-0.95B,$30.96B,-2.96%,$-0.93B,$4.98B,-19.16%,$408,$81,$327,$0,$505,$586,$-177,$-3,$-181,$0,$-181,$-181,$-196,$0,$0,$112,112,$-1.75,$-1.75,$3714,$0,$0,$25750,$556,$3326,$38,$1285,$5205,$30955,$25647,$1743,$324,$2067,$27714,$791,$-837,$91,$3241,$30955,$-625,$33,$939,$971,$-77,$-1,$-16,$410,$323,$671,$-14,$0,$69,$-1195,$-111,$-1305,$1685,$435,$-3,$-65,$-68,$1035,$1035,$-54,$-2197,$-1285,$-179,$6,$-18
33,2010-06-30,15.64,$30.72,0.51,$28.91,0.54,$30.64,0.51,$-18.47,0.0,$27.14B,$26.73B,1.02,$1.88B,$2.51B,0.75,$1.79B,$1.38B,77.10%,$1.79B,$-1.23B,-68.65%,$1.79B,0,0.00%,$1.79B,0,0.00%,$1.79B,$-1.23B,-68.59%,$1.79B,$-1.21B,-67.75%,$-1.21B,$3.45B,-39.90%,$-1.21B,$3.41B,-40.50%,$-1.21B,$32.38B,-3.66%,$-1.23B,$5.32B,-25.03%,$412,$88,$324,$0,$558,$645,$-234,$0,$-234,$-5,$-229,$-229,$-243,$0,$0,$97,97,$-2.52,$-2.52,$4437,$0,$0,$27141,$566,$3328,$39,$1308,$5242,$32382,$26734,$1877,$325,$2202,$28936,$791,$-633,$101,$3446,$32382,$-444,$22,$646,$668,$13,$-6,$-7,$374,$378,$600,$-10,$0,$69,$-1710,$-101,$-1810,$1221,$-530,$128,$2,$130,$1034,$1034,$-34,$-1176,$-45,$25,$4,$-10
34,2010-03-31,20.19,$37.69,0.54,$35.00,0.58,$27.73,0.73,$-28.69,0.0,$27.24B,$27.63B,0.99,$1.87B,$1.71B,1.09,$1.86B,$1.41B,75.89%,$1.86B,$-1.66B,-88.99%,$1.86B,0,0.00%,$1.86B,0,0.00%,$1.86B,$-1.66B,-88.99%,$1.86B,$-1.57B,-84.21%,$-1.57B,$2.64B,-53.43%,$-1.57B,$2.60B,-54.34%,$-1.57B,$32.44B,-4.67%,$-1.66B,$4.51B,-34.54%,$412,$94,$319,$0,$594,$688,$-275,$0,$-275,$-16,$-259,$-259,$-230,$0,$0,$70,70,$-3.29,$-3.29,$3599,$0,$0,$27239,$573,$3238,$40,$1350,$5201,$32439,$27631,$1868,$302,$2170,$29801,$496,$-383,$81,$2638,$32439,$-216,$11,$304,$315,$33,$1,$-4,$348,$377,$474,$-4,$0,$69,$-888,$-47,$-935,$586,$-283,$119,$-24,$94,$0,$0,$-17,$-253,$-176,$15,$2,$-5
35,2009-12-31,12.54,$41.02,0.31,$39.09,0.32,$22.01,0.57,$-28.62,0.0,$27.31B,$27.91B,0.98,$1.75B,$1.94B,0.9,$1.92B,$1.42B,74.02%,$1.92B,$-1.60B,-83.24%,$1.92B,0,0.00%,$1.92B,0,0.00%,$1.92B,$-1.61B,-83.60%,$1.92B,$-1.49B,-77.51%,$-1.49B,$2.87B,-46.63%,$-1.49B,$2.83B,-47.44%,$-1.49B,$32.83B,-4.37%,$-1.60B,$4.62B,-31.63%,$499,$106,$393,$0,$623,$743,$-245,$1,$-244,$26,$-269,$-269,$-283,$0,$0,$53,53,$-2.73,$-2.73,$2697,$0,$0,$27311,$580,$3189,$41,$1710,$5520,$32831,$27909,$1752,$300,$2051,$29960,$496,$-148,$85,$2872,$32831,$-1429,$52,$2223,$2275,$38,$10,$-64,$-386,$-414,$424,$-33,$0,$0,$-513,$689,$176,$714,$857,$-305,$-251,$-555,$571,$571,$-74,$-1184,$-1241,$40,$8,$-30
36,2009-09-30,22.82,$46.23,0.49,$40.59,0.56,$26.32,0.87,$-38.34,0.0,$29.04B,$29.09B,1.0,$1.96B,$2.25B,0.87,$1.93B,$1.36B,70.25%,$1.93B,$-2.10B,-108.64%,$1.93B,0,0.00%,$1.93B,0,0.00%,$1.93B,$-2.11B,-109.21%,$1.93B,$-1.84B,-95.34%,$-1.84B,$3.17B,-53.73%,$-1.84B,$3.12B,-54.67%,$-1.84B,$34.61B,-5.29%,$-2.10B,$5.14B,-39.02%,$463,$122,$341,$0,$813,$935,$-472,$0,$-472,$-32,$-441,$-441,$-454,$0,$0,$49,49,$-9.24,$-9.24,$3431,$0,$0,$29037,$588,$3299,$57,$1629,$5573,$34610,$29085,$1963,$389,$2352,$31437,$486,$139,$108,$3174,$34610,$-1161,$34,$1852,$1887,$59,$11,$-34,$-210,$-187,$540,$-25,$0,$0,$-1410,$489,$-922,$161,$-785,$-132,$305,$172,$571,$571,$-58,$-563,$122,$-123,$7,$-26
37,2009-06-30,18.16,$64.71,0.28,$42.97,0.42,$23.97,0.76,$-30.02,0.0,$28.43B,$29.00B,0.98,$1.87B,$2.13B,0.88,$2.02B,$1.38B,68.38%,$2.02B,$-1.68B,-82.95%,$2.02B,0,0.00%,$2.02B,0,0.00%,$2.02B,$-1.70B,-83.94%,$2.02B,$-1.43B,-70.60%,$-1.43B,$3.06B,-41.05%,$-1.43B,$3.00B,-43.17%,$-1.43B,$34.35B,-4.11%,$-1.68B,$4.92B,-30.68%,$488,$128,$360,$0,$1025,$1153,$-665,$-0,$-666,$-80,$-586,$-586,$-601,$0,$0,$47,47,$-12.74,$-12.74,$1412,$0,$0,$28426,$596,$3560,$58,$1709,$5923,$34350,$29004,$1865,$425,$2290,$31295,$336,$596,$106,$3055,$34350,$-721,$30,$1251,$1281,$-158,$4,$-11,$-208,$-388,$170,$-19,$0,$0,$657,$202,$858,$-477,$362,$-232,$854,$622,$0,$0,$-43,$-1193,$-613,$-82,$5,$-23
38,2009-03-31,19.68,$77.76,0.25,$44.57,0.44,$25.73,0.76,$-17.00,0.0,$28.40B,$28.53B,1.0,$1.87B,$2.75B,0.68,$2.10B,$1.41B,66.84%,$2.10B,$-0.99B,-47.00%,$2.10B,0,0.00%,$2.10B,0,0.00%,$2.10B,$-1.01B,-48.10%,$2.10B,$-0.82B,-38.82%,$-0.82B,$3.67B,-22.83%,$-0.82B,$3.61B,-24.81%,$-0.82B,$34.55B,-2.35%,$-0.99B,$5.54B,-17.55%,$471,$143,$328,$0,$545,$688,$-217,$-6,$-224,$-86,$-138,$-138,$-151,$0,$0,$47,47,$-3.22,$-3.22,$1066,$0,$0,$28400,$604,$3778,$60,$1706,$6148,$34547,$28525,$1870,$481,$2351,$30876,$336,$1201,$125,$3671,$34547,$-137,$11,$335,$345,$-80,$10,$10,$-71,$-151,$59,$-12,$0,$0,$992,$115,$1107,$-162,$933,$-233,$-149,$-382,$0,$0,$-27,$-669,$-1078,$-87,$3,$-20
39,2008-12-31,50.11,$80.91,0.62,$48.16,1.04,$28.35,1.77,$-12.11,0.0,$29.61B,$29.34B,1.01,$2.11B,$2.90B,0.73,$2.28B,$1.50B,65.76%,$2.28B,$-0.65B,-28.35%,$2.28B,0,0.00%,$2.28B,0,0.00%,$2.28B,$-0.66B,-29.05%,$2.28B,$-0.58B,-25.67%,$-0.58B,$3.82B,-16.50%,$-0.58B,$3.76B,-18.64%,$-0.58B,$35.79B,-1.69%,$-0.65B,$5.93B,-11.47%,$511,$182,$329,$0,$632,$1257,$-746,$-3,$-749,$-109,$-640,$-640,$-637,$0,$0,$47,47,$-13.58,$-13.51,$2154,$0,$0,$29613,$605,$3770,$61,$1737,$6173,$35786,$29343,$2107,$517,$2624,$31967,$336,$1351,$129,$3820,$35786,$-575,$550,$663,$1214,$104,$-7,$-14,$-44,$29,$659,$-111,$0,$0,$-1518,$-33,$-1551,$-2170,$-3832,$179,$-1594,$-1415,$3,$971,$-200,$3658,$3014,$-158,$14,$-200
40,2008-09-30,62.02,$71.57,0.87,$50.78,1.22,$26.60,2.33,$3.15,19.69,$28.18B,$28.52B,0.99,$2.12B,$3.38B,0.63,$2.40B,$1.54B,63.98%,$2.40B,$0.17B,7.21%,$2.40B,0,0.00%,$2.40B,0,0.00%,$2.40B,$0.16B,6.67%,$2.40B,$0.14B,5.63%,$0.14B,$3.38B,3.92%,$0.14B,$2.87B,4.63%,$0.14B,$34.34B,0.40%,$0.17B,$5.50B,3.16%,$554,$187,$367,$0,$408,$605,$-51,$-9,$-60,$-24,$-35,$-35,$-40,$0,$0,$47,47,$-0.84,$-0.84,$872,$0,$0,$28175,$596,$3831,$506,$1232,$6165,$34339,$28523,$2121,$286,$2438,$30961,$336,$2006,$36,$3378,$34339,$59,$79,$312,$391,$118,$-84,$-23,$19,$11,$471,$-89,$0,$0,$-185,$-97,$-283,$-1580,$-1952,$228,$-1645,$-1417,$3,$3,$-180,$2890,$1296,$-185,$11,$-180
41,2008-06-30,52.02,$72.67,0.72,$53.39,0.97,$24.52,2.12,$6.72,7.74,$28.08B,$28.32B,0.99,$2.12B,$3.43B,0.62,$2.52B,$1.57B,62.03%,$2.52B,$0.35B,13.87%,$2.52B,0,0.00%,$2.52B,0,0.00%,$2.52B,$0.35B,13.71%,$2.52B,$0.31B,12.29%,$0.31B,$3.43B,8.58%,$0.31B,$2.91B,10.24%,$0.31B,$34.23B,0.92%,$0.35B,$5.55B,6.30%,$566,$185,$381,$0,$328,$540,$26,$-4,$22,$9,$12,$12,$12,$0,$0,$47,47,$0.28,$0.28,$865,$0,$0,$28084,$581,$3814,$517,$1230,$6143,$34227,$28316,$2122,$337,$2482,$30799,$336,$2066,$30,$3429,$34227,$95,$55,$145,$199,$35,$-2,$-33,$25,$4,$296,$-61,$0,$0,$-82,$-90,$-173,$-1217,$-1451,$232,$-32,$201,$2,$2,$-124,$1069,$1147,$-8,$8,$-124
42,2008-03-31,64.68,$74.85,0.86,$55.44,1.17,$22.95,2.82,$9.87,6.56,$27.64B,$27.77B,1.0,$1.99B,$3.53B,0.56,$2.62B,$1.57B,59.93%,$2.62B,$0.49B,18.75%,$2.62B,0,0.00%,$2.62B,0,0.00%,$2.62B,$0.49B,18.75%,$2.62B,$0.46B,17.61%,$0.46B,$3.53B,12.33%,$0.46B,$2.99B,14.88%,$0.46B,$33.76B,1.38%,$0.49B,$5.52B,8.82%,$644,$225,$419,$0,$292,$518,$126,$0,$126,$44,$83,$83,$81,$0,$0,$47,47,$1.75,$1.68,$729,$0,$0,$27635,$566,$3780,$545,$1234,$6125,$33760,$27771,$1993,$442,$2458,$30229,$336,$2111,$92,$3531,$33760,$83,$27,$92,$118,$31,$-17,$-5,$13,$1,$204,$-33,$0,$0,$-17,$8,$-10,$-770,$-812,$89,$-211,$-122,$1,$1,$-68,$704,$515,$-93,$4,$-68
43,2007-12-31,61.12,$73.01,0.84,$55.35,1.1,$21.11,2.89,$11.34,5.39,$27.07B,$27.28B,0.99,$1.89B,$3.44B,0.55,$2.61B,$1.52B,58.26%,$2.61B,$0.52B,19.93%,$2.61B,0,0.00%,$2.61B,0,0.00%,$2.61B,$0.52B,19.93%,$2.61B,$0.53B,20.20%,$0.53B,$3.44B,13.82%,$0.53B,$2.89B,16.85%,$0.53B,$33.06B,1.59%,$0.52B,$5.33B,9.40%,$635,$267,$368,$0,$296,$563,$72,$0,$72,$24,$48,$48,$82,$0,$0,$47,47,$1.75,$1.75,$787,$0,$0,$27072,$547,$3667,$547,$1231,$5993,$33064,$27279,$1890,$453,$2344,$29623,$336,$2087,$31,$3442,$33064,$526,$208,$236,$445,$11,$-3,$1,$-313,$-337,$635,$-167,$-74,$-13,$33,$-262,$-228,$-2167,$-2649,$793,$737,$1530,$64,$64,$-265,$684,$2012,$-207,$37,$-265
44,2007-09-30,70.93,$86.39,0.82,$28.29,2.51,$25.24,2.81,$13.37,5.31,$26.68B,$26.89B,0.99,$1.76B,$4.05B,0.43,$1.35B,$0.26B,19.41%,$1.35B,$0.38B,28.48%,$1.35B,0,0.00%,$1.35B,0,0.00%,$1.35B,$0.40B,29.96%,$1.35B,$0.62B,46.17%,$0.62B,$4.05B,16.00%,$0.62B,$3.32B,19.45%,$0.62B,$33.58B,1.89%,$0.38B,$5.82B,7.01%,$678,$281,$397,$0,$271,$553,$126,$0,$126,$42,$84,$84,$135,$0,$0,$47,47,$2.87,$2.87,$1095,$0,$0,$26679,$804,$3629,$732,$1733,$6897,$33576,$26894,$1760,$593,$2628,$29521,$334,$2703,$23,$4054,$33576,$444,$145,$118,$264,$-21,$-18,$-0,$-326,$-358,$402,$-118,$-27,$0,$3,$-262,$-259,$-1227,$-1631,$406,$996,$1402,$42,$42,$-198,$41,$1287,$54,$22,$-198
45,2007-06-30,77.39,$83.90,0.92,$36.64,2.11,$29.64,2.61,$13.65,5.67,$26.60B,$26.78B,0.99,$1.67B,$3.93B,0.43,$1.73B,$0.69B,39.62%,$1.73B,$0.50B,29.15%,$1.73B,0,0.00%,$1.73B,0,0.00%,$1.73B,$0.51B,29.73%,$1.73B,$0.64B,37.02%,$0.64B,$3.93B,17.03%,$0.64B,$3.19B,20.85%,$0.64B,$33.22B,1.98%,$0.50B,$5.60B,9.62%,$661,$276,$385,$0,$218,$494,$167,$0,$167,$61,$106,$106,$163,$0,$0,$47,47,$3.50,$3.43,$1200,$0,$0,$26601,$785,$3559,$734,$1543,$6620,$33221,$26784,$1673,$576,$2511,$29295,$333,$2636,$-21,$3925,$33221,$310,$89,$47,$137,$-26,$-55,$-1,$-70,$-230,$234,$-74,$-26,$0,$-126,$-244,$-371,$-926,$-1397,$327,$213,$541,$34,$34,$-130,$711,$1155,$-8,$15,$-130
46,2007-03-31,81.3,$82.13,0.99,$44.41,1.83,$31.09,2.62,$13.51,6.02,$26.18B,$26.40B,0.99,$1.55B,$3.84B,0.41,$2.08B,$1.10B,52.98%,$2.08B,$0.59B,28.41%,$2.08B,0,0.00%,$2.08B,0,0.00%,$2.08B,$0.59B,28.37%,$2.08B,$0.63B,30.29%,$0.63B,$3.84B,17.40%,$0.63B,$3.10B,21.35%,$0.63B,$32.71B,1.99%,$0.59B,$5.39B,11.73%,$635,$265,$370,$0,$215,$480,$155,$0,$155,$55,$100,$100,$147,$0,$0,$47,47,$3.15,$3.15,$1100,$0,$0,$26178,$769,$3521,$736,$1503,$6529,$32708,$26403,$1552,$667,$2469,$28872,$333,$2540,$7,$3836,$32708,$147,$48,$32,$80,$-17,$-30,$4,$10,$-131,$125,$-41,$-7,$0,$-106,$-166,$-271,$-569,$-889,$203,$-12,$191,$23,$23,$-63,$553,$703,$-61,$7,$-63
47,2006-12-31,77.29,$79.72,0.97,$51.53,1.5,$31.10,2.49,$13.37,5.78,$25.36B,$26.11B,0.97,$1.34B,$3.71B,0.36,$2.38B,$1.49B,62.54%,$2.38B,$0.66B,27.65%,$2.38B,0,0.00%,$2.38B,0,0.00%,$2.38B,$0.65B,27.19%,$2.38B,$0.62B,26.01%,$0.62B,$3.71B,17.85%,$0.62B,$3.16B,21.67%,$0.62B,$31.97B,2.01%,$0.66B,$5.05B,13.34%,$-629,$262,$-891,$0,$-827,$-565,$-65,$0,$-45,$-19,$-26,$-26,$176,$0,$0,$46,46,$3.78,$3.71,$849,$0,$0,$25364,$481,$3352,$551,$832,$6602,$31966,$26111,$1343,$432,$2147,$28258,$331,$2460,$-2,$3709,$31966,$617,$231,$77,$308,$-118,$12,$74,$-150,$-175,$789,$-139,$-75,$-54,$-44,$-242,$-286,$-2472,$-3026,$-634,$361,$-272,$66,$66,$-245,$2697,$2246,$9,$27,$-245
