,Date,Stock Price,Book Value per Share,Price to Book Ratio,TTM Sales per Share,Price to Sales Ratio,TTM FCF per Share,Price to FCF Ratio,TTM Net EPS,PE Ratio,Current Assets,Current Liabilities,Current Ratio,Long Term Debt,Shareholder's Equity_x,Debt to Equity Ratio,TTM Revenue_x,TTM Gross Profit,Gross Margin,TTM Revenue_y,TTM Operating Income,Operating Margin,TTM Revenue_x,TTM EBIT,EBIT Margin,TTM Revenue_y,TTM EBITDA,EBITDA Margin,TTM Revenue_x,TTM Pre-Tax Income,Pre-Tax Margin,TTM Revenue_y,TTM Net Income_x,Net Margin,TTM Net Income_y,Shareholder's Equity_y,Return on Equity,TTM Net Income_x,Tangible Equity,Return on Tangible Equity,TTM Net Income_y,Total Assets,Return on Assets,TTM Net Income,LT Investments & Debt,Return on Investment,revenue,cost-goods-sold,gross-profit,research-development-expenses,selling-general-administrative-expenses,operating-expenses,operating-income,total-non-operating-income-expense,pre-tax-income,total-provision-income-taxes,income-after-taxes,income-from-continuous-operations,net-income,ebitda,ebit,basic-shares-outstanding,shares-outstanding,eps-basic-net-earnings-per-share,eps-earnings-per-share-diluted,cash-on-hand,inventory,other-current-assets,total-current-assets,net-property-plant-equipment,long-term-investments,goodwill-intangible-assets-total,other-long-term-assets,total-long-term-assets,total-assets,total-current-liabilities,long-term-debt,other-non-current-liabilities,total-long-term-liabilities,total-liabilities,common-stock-net,retained-earnings-accumulated-deficit,comprehensive-income,total-share-holder-equity,total-liabilities-share-holders-equity,net-income-loss,total-depreciation-amortization-cash-flow,other-non-cash-items,total-non-cash-items,change-in-accounts-receivable,change-in-inventories,change-in-accounts-payable,change-in-assets-liabilities,total-change-in-assets-liabilities,cash-flow-from-operating-activities,net-change-in-property-plant-equipment,net-change-in-intangible-assets,net-acquisitions-divestitures,net-change-in-short-term-investments,net-change-in-long-term-investments,net-change-in-investments-total,investing-activities-other,cash-flow-from-investing-activities,net-long-term-debt,net-current-debt,debt-issuance-retirement-net-total,net-common-equity-issued-repurchased,net-total-equity-issued-repurchased,total-common-preferred-stock-dividends-paid,financial-activities-other,cash-flow-from-financial-activities,net-cash-flow,stock-based-compensation,common-stock-dividends-paid
0,2018-08-31,96.97,$59.36,1.63,$496.90,0.2,$-1.32,0.0,$6.95,13.95,$5.41B,$3.58B,1.51,$1.09B,$2.33B,0.47,$19.74B,$1.74B,8.80%,$19.74B,$0.51B,2.60%,$19.74B,$0.51B,2.60%,$19.74B,$0.71B,3.60%,$19.74B,$0.44B,2.21%,$19.74B,$0.28B,1.41%,$0.28B,$2.33B,12.08%,$0.28B,$0.98B,30.88%,$0.28B,$7.26B,3.75%,$0.51B,$3.42B,14.99%,$4907,$4473,$433,$0,$316,$4790,$117,$-21,$96,$27,$69,$69,$69,$166,$117,$39,39,$1.75,$1.74,$214,$2040,$200,$5405,$344,$0,$1351,$127,$1853,$7258,$3582,$1091,$170,$1349,$4931,$0,$2100,$-127,$2327,$7258,$187,$146,$-5,$141,$-153,$115,$-388,$57,$-369,$-40,$-75,$0,$-6,$6,$0,$6,$1,$-74,$-115,$-5,$-119,$-54,$-54,$-42,$-8,$-223,$-346,$17,$-42
1,2018-05-31,106.45,$58.83,1.81,$480.19,0.22,$-2.22,0.0,$7.08,15.04,$5.43B,$3.64B,1.49,$1.11B,$2.31B,0.48,$19.11B,$1.68B,8.79%,$19.11B,$0.52B,2.71%,$19.11B,$0.52B,2.71%,$19.11B,$0.70B,3.68%,$19.11B,$0.45B,2.38%,$19.11B,$0.28B,1.49%,$0.28B,$2.31B,12.45%,$0.28B,$0.92B,28.13%,$0.28B,$7.32B,4.03%,$0.52B,$3.42B,15.87%,$4973,$4543,$429,$0,$305,$4849,$124,$-18,$106,$12,$94,$94,$93,$173,$124,$40,40,$2.35,$2.34,$364,$2130,$221,$5427,$344,$0,$1387,$125,$1888,$7316,$3640,$1107,$170,$1365,$5004,$0,$2045,$-90,$2311,$7316,$118,$98,$-15,$82,$112,$31,$-342,$62,$-138,$63,$-50,$0,$-6,$-0,$5,$5,$1,$-51,$-128,$-5,$-133,$-45,$-45,$-28,$0,$-206,$-196,$11,$-28
2,2018-02-28,122.81,$58.30,2.11,$454.19,0.27,$-7.35,0.0,$6.57,18.69,$5.53B,$3.74B,1.48,$1.12B,$2.32B,0.48,$18.08B,$1.62B,8.98%,$18.08B,$0.52B,2.87%,$18.08B,$0.52B,2.87%,$18.08B,$0.69B,3.83%,$18.08B,$0.46B,2.57%,$18.08B,$0.26B,1.45%,$0.26B,$2.32B,11.78%,$0.26B,$0.89B,23.49%,$0.26B,$7.46B,3.98%,$0.52B,$3.44B,16.83%,$4552,$4138,$414,$0,$302,$4440,$112,$-19,$93,$69,$24,$24,$24,$161,$112,$40,40,$0.61,$0.61,$384,$2323,$197,$5526,$347,$0,$1430,$124,$1932,$7458,$3741,$1121,$192,$1401,$5142,$0,$1965,$-46,$2315,$7458,$24,$49,$-18,$31,$236,$-155,$-200,$57,$-61,$-6,$-22,$0,$-6,$-0,$0,$-0,$0,$-28,$-139,$7,$-132,$0,$0,$-14,$-0,$-146,$-179,$5,$-14
3,2017-11-30,134.92,$57.56,2.34,$429.00,0.31,$-11.87,0.0,$7.50,17.99,$5.74B,$4.04B,1.42,$1.14B,$2.28B,0.5,$17.05B,$1.55B,9.10%,$17.05B,$0.51B,2.99%,$17.05B,$0.51B,2.99%,$17.05B,$0.67B,3.92%,$17.05B,$0.46B,2.72%,$17.05B,$0.30B,1.76%,$0.30B,$2.28B,13.86%,$0.30B,$0.83B,24.69%,$0.30B,$7.70B,4.98%,$0.51B,$3.42B,17.67%,$5312,$4850,$462,$0,$302,$5152,$160,$-19,$141,$50,$91,$91,$93,$211,$160,$40,40,$2.28,$2.27,$562,$2163,$169,$5740,$347,$0,$1456,$125,$1959,$7699,$4041,$1136,$124,$1374,$5415,$0,$1955,$-62,$2284,$7699,$301,$160,$-4,$156,$-478,$-243,$342,$99,$-280,$177,$-98,$0,$-527,$-2,$-30,$-32,$2,$-654,$679,$1,$681,$-6,$-6,$-42,$6,$639,$170,$17,$-42
4,2017-08-31,118.22,$56.02,2.11,$393.72,0.3,$-8.76,0.0,$7.37,16.04,$4.45B,$2.77B,1.61,$0.56B,$2.22B,0.25,$15.62B,$1.47B,9.40%,$15.62B,$0.48B,3.07%,$15.62B,$0.48B,3.07%,$15.62B,$0.63B,4.01%,$15.62B,$0.45B,2.86%,$15.62B,$0.29B,1.87%,$0.29B,$2.22B,13.99%,$0.29B,$1.40B,22.36%,$0.29B,$5.74B,5.41%,$0.48B,$2.78B,17.97%,$4277,$3902,$375,$0,$253,$4154,$122,$-8,$114,$39,$75,$75,$74,$159,$122,$40,40,$1.88,$1.87,$252,$2242,$98,$4454,$330,$0,$816,$73,$1285,$5739,$2773,$564,$114,$749,$3522,$0,$1876,$-47,$2217,$5739,$210,$108,$15,$123,$-77,$-485,$76,$72,$-413,$-80,$-72,$0,$-51,$-2,$0,$-2,$2,$-124,$82,$1,$83,$-1,$-1,$-30,$2,$55,$-140,$12,$-30
5,2017-05-31,109.74,$53.52,2.05,$378.95,0.29,$-0.42,0.0,$6.97,15.74,$4.33B,$2.67B,1.62,$0.58B,$2.12B,0.27,$15.01B,$1.42B,9.45%,$15.01B,$0.46B,3.04%,$15.01B,$0.46B,3.04%,$15.01B,$0.59B,3.96%,$15.01B,$0.42B,2.81%,$15.01B,$0.28B,1.84%,$0.28B,$2.12B,13.75%,$0.28B,$1.36B,22.36%,$0.28B,$5.53B,5.36%,$0.46B,$2.70B,17.46%,$3936,$3564,$372,$0,$247,$3811,$125,$-9,$116,$43,$73,$73,$72,$161,$125,$40,40,$1.83,$1.83,$315,$2113,$111,$4326,$321,$0,$752,$70,$1203,$5529,$2665,$579,$109,$747,$3413,$0,$1810,$-76,$2116,$5529,$135,$71,$6,$77,$-24,$-368,$-9,$43,$-358,$-146,$-45,$0,$7,$-4,$2,$-2,$1,$-40,$123,$-1,$121,$-2,$-2,$-20,$2,$102,$-77,$8,$-20
6,2017-02-28,115.04,$51.58,2.23,$365.44,0.31,$9.87,11.65,$6.25,18.41,$3.90B,$2.32B,1.68,$0.59B,$2.04B,0.29,$14.46B,$1.34B,9.28%,$14.46B,$0.41B,2.81%,$14.46B,$0.41B,2.81%,$14.46B,$0.54B,3.71%,$14.46B,$0.38B,2.60%,$14.46B,$0.25B,1.72%,$0.25B,$2.04B,12.74%,$0.25B,$1.27B,19.82%,$0.25B,$5.11B,5.08%,$0.41B,$2.63B,15.84%,$3521,$3179,$342,$0,$240,$3419,$102,$-9,$93,$31,$62,$62,$61,$138,$102,$39,40,$1.55,$1.54,$219,$1854,$99,$3897,$315,$0,$770,$67,$1211,$5108,$2316,$590,$104,$754,$3070,$0,$1747,$-86,$2038,$5108,$62,$36,$2,$38,$37,$-109,$-214,$1,$-285,$-186,$-22,$0,$0,$-1,$0,$-1,$1,$-22,$44,$-1,$43,$-2,$-2,$-10,$1,$32,$-174,$4,$-10
7,2016-11-30,114.81,$50.05,2.29,$355.97,0.32,$17.82,6.44,$5.88,19.53,$4.00B,$2.48B,1.61,$0.60B,$1.98B,0.3,$14.06B,$1.28B,9.12%,$14.06B,$0.38B,2.70%,$14.06B,$0.38B,2.70%,$14.06B,$0.50B,3.56%,$14.06B,$0.36B,2.53%,$14.06B,$0.24B,1.67%,$0.24B,$1.98B,12.37%,$0.24B,$1.19B,18.31%,$0.24B,$5.22B,5.04%,$0.38B,$2.58B,15.08%,$3887,$3508,$379,$0,$248,$3756,$131,$-8,$123,$37,$85,$85,$85,$169,$131,$39,40,$2.14,$2.13,$392,$1742,$105,$3995,$313,$0,$785,$64,$1220,$5215,$2477,$601,$103,$763,$3239,$0,$1695,$-93,$1976,$5215,$235,$121,$-2,$119,$95,$-410,$266,$20,$-30,$325,$-123,$0,$-415,$0,$0,$0,$6,$-532,$218,$-2,$215,$-8,$-8,$-34,$7,$180,$-37,$14,$-34
8,2016-08-31,104.02,$48.95,2.12,$347.84,0.3,$26.47,3.93,$5.31,19.59,$3.62B,$2.12B,1.71,$0.62B,$1.93B,0.32,$13.73B,$1.22B,8.87%,$13.73B,$0.35B,2.58%,$13.73B,$0.35B,2.58%,$13.73B,$0.46B,3.37%,$13.73B,$0.33B,2.41%,$13.73B,$0.21B,1.55%,$0.21B,$1.93B,11.48%,$0.21B,$1.13B,16.15%,$0.21B,$4.82B,4.76%,$0.35B,$2.55B,14.24%,$3670,$3344,$326,$0,$228,$3572,$98,$-8,$90,$31,$59,$59,$59,$126,$98,$39,40,$1.48,$1.47,$235,$1569,$118,$3616,$315,$0,$795,$67,$1206,$4822,$2116,$621,$101,$779,$2895,$0,$1620,$-65,$1927,$4822,$150,$83,$-9,$74,$225,$-225,$70,$-21,$49,$274,$-95,$0,$-404,$-1,$0,$-1,$4,$-496,$51,$-4,$47,$-4,$-4,$-24,$4,$23,$-198,$11,$-24
9,2016-05-31,89.07,$47.71,1.87,$339.75,0.26,$34.32,2.6,$5.06,17.6,$3.64B,$1.84B,1.97,$0.63B,$1.88B,0.33,$13.39B,$1.18B,8.83%,$13.39B,$0.34B,2.52%,$13.39B,$0.34B,2.52%,$13.39B,$0.45B,3.32%,$13.39B,$0.32B,2.35%,$13.39B,$0.20B,1.51%,$0.20B,$1.88B,11.15%,$0.20B,$1.43B,14.94%,$0.20B,$4.44B,4.67%,$0.34B,$2.50B,13.76%,$3379,$3085,$294,$0,$219,$3304,$75,$-6,$70,$25,$44,$44,$44,$104,$75,$39,39,$1.12,$1.11,$598,$1378,$110,$3637,$278,$0,$441,$59,$806,$4443,$1842,$625,$92,$726,$2568,$0,$1569,$-61,$1875,$4443,$91,$55,$-6,$49,$263,$-39,$-61,$-19,$144,$284,$-68,$0,$1,$-33,$31,$-2,$1,$-67,$-36,$6,$-30,$-6,$-6,$-16,$4,$-48,$166,$7,$-16
10,2016-02-29,91.73,$46.42,1.98,$336.85,0.27,$36.21,2.53,$5.25,17.47,$3.39B,$1.63B,2.08,$0.64B,$1.82B,0.35,$13.26B,$1.19B,8.96%,$13.26B,$0.35B,2.65%,$13.26B,$0.35B,2.65%,$13.26B,$0.46B,3.43%,$13.26B,$0.33B,2.47%,$13.26B,$0.21B,1.58%,$0.21B,$1.82B,11.83%,$0.21B,$1.38B,16.18%,$0.21B,$4.18B,4.95%,$0.35B,$2.46B,14.51%,$3126,$2841,$284,$0,$209,$3050,$76,$-2,$73,$27,$47,$47,$47,$102,$76,$39,39,$1.17,$1.17,$488,$1273,$104,$3388,$264,$0,$446,$60,$795,$4184,$1630,$635,$90,$732,$2362,$0,$1533,$-73,$1821,$4184,$47,$26,$-5,$21,$279,$59,$-240,$-22,$76,$143,$-36,$0,$0,$0,$0,$0,$1,$-34,$-36,$-4,$-40,$-6,$-6,$-8,$3,$-51,$58,$3,$-8
11,2015-11-30,91.74,$45.93,2.0,$339.12,0.27,$38.21,2.4,$5.24,17.51,$3.65B,$1.92B,1.9,$0.64B,$1.80B,0.36,$13.34B,$1.19B,8.94%,$13.34B,$0.35B,2.65%,$13.34B,$0.35B,2.65%,$13.34B,$0.46B,3.43%,$13.34B,$0.33B,2.45%,$13.34B,$0.21B,1.57%,$0.21B,$1.80B,12.01%,$0.21B,$1.34B,16.81%,$0.21B,$4.44B,4.95%,$0.35B,$2.44B,15.45%,$3550,$3237,$313,$0,$208,$3445,$105,$-7,$98,$36,$62,$62,$63,$131,$105,$39,39,$1.58,$1.57,$430,$1329,$91,$3650,$249,$0,$465,$61,$794,$4444,$1918,$639,$77,$726,$2644,$0,$1494,$-55,$1800,$4444,$209,$104,$17,$120,$291,$40,$-23,$4,$312,$641,$-100,$0,$37,$2,$0,$2,$2,$-59,$-245,$-82,$-327,$-13,$-13,$-23,$8,$-355,$210,$14,$-23
12,2015-08-31,76.89,$44.80,1.72,$347.36,0.22,$16.94,4.54,$5.12,15.02,$3.41B,$1.74B,1.97,$0.65B,$1.75B,0.37,$13.61B,$1.19B,8.76%,$13.61B,$0.35B,2.56%,$13.61B,$0.35B,2.56%,$13.61B,$0.46B,3.34%,$13.61B,$0.32B,2.35%,$13.61B,$0.20B,1.49%,$0.20B,$1.75B,11.91%,$0.20B,$1.26B,17.11%,$0.20B,$4.22B,4.73%,$0.35B,$2.40B,16.15%,$3333,$3042,$291,$0,$209,$3251,$81,$-7,$74,$26,$48,$48,$48,$108,$81,$39,39,$1.22,$1.21,$378,$1327,$96,$3414,$236,$0,$487,$62,$800,$4215,$1738,$648,$67,$727,$2465,$0,$1440,$-49,$1750,$4215,$146,$77,$26,$103,$481,$47,$-204,$-16,$308,$557,$-71,$0,$37,$2,$0,$2,$-32,$-64,$2602,$-2931,$-329,$-9,$-9,$-15,$5,$-348,$128,$11,$-15
13,2015-05-31,80.14,$44.21,1.81,$353.11,0.23,$-2.76,0.0,$5.05,15.87,$3.31B,$1.66B,1.99,$0.66B,$1.73B,0.38,$13.82B,$1.20B,8.70%,$13.82B,$0.35B,2.51%,$13.82B,$0.35B,2.51%,$13.82B,$0.45B,3.29%,$13.82B,$0.32B,2.29%,$13.82B,$0.20B,1.45%,$0.20B,$1.73B,11.95%,$0.20B,$1.22B,17.84%,$0.20B,$4.12B,4.59%,$0.35B,$2.38B,17.04%,$3254,$2954,$300,$0,$211,$3164,$89,$-7,$82,$30,$52,$52,$52,$114,$89,$39,39,$1.31,$1.30,$249,$1246,$88,$3309,$223,$0,$509,$62,$806,$4115,$1660,$655,$60,$726,$2387,$0,$1397,$-30,$1728,$4115,$98,$50,$9,$59,$370,$133,$-256,$-69,$178,$336,$-45,$0,$65,$2,$-1,$1,$7,$29,$2326,$-2645,$-319,$-1,$-1,$-10,$3,$-327,$35,$7,$-10
14,2015-02-28,73.79,$43.19,1.71,$358.94,0.21,$-15.78,0.0,$4.76,15.5,$3.30B,$2.09B,1.58,$0.26B,$1.69B,0.16,$14.02B,$1.18B,8.43%,$14.02B,$0.33B,2.33%,$14.02B,$0.33B,2.33%,$14.02B,$0.43B,3.08%,$14.02B,$0.30B,2.12%,$14.02B,$0.19B,1.34%,$0.19B,$1.69B,11.49%,$0.19B,$1.16B,17.91%,$0.19B,$4.11B,4.23%,$0.33B,$1.95B,17.11%,$3202,$2914,$288,$0,$209,$3124,$79,$-6,$73,$26,$46,$46,$46,$105,$79,$39,39,$1.17,$1.16,$215,$1306,$152,$3297,$213,$0,$528,$58,$811,$4108,$2094,$260,$57,$330,$2424,$0,$1350,$-23,$1685,$4108,$46,$26,$5,$31,$479,$77,$-366,$-59,$131,$208,$-22,$0,$33,$0,$-1,$-1,$-3,$7,$-3,$-213,$-216,$-0,$-0,$-5,$2,$-220,$-10,$4,$-5
15,2014-11-30,69.03,$42.49,1.62,$356.98,0.19,$-21.54,0.0,$4.61,14.97,$3.90B,$2.72B,1.43,$0.26B,$1.65B,0.16,$13.84B,$1.10B,7.95%,$13.84B,$0.31B,2.23%,$13.84B,$0.31B,2.23%,$13.84B,$0.40B,2.89%,$13.84B,$0.28B,2.05%,$13.84B,$0.18B,1.30%,$0.18B,$1.65B,11.27%,$0.18B,$1.11B,18.04%,$0.18B,$4.71B,4.09%,$0.31B,$1.92B,16.51%,$3824,$3510,$314,$0,$214,$3724,$100,$-8,$91,$34,$57,$57,$57,$128,$100,$38,39,$1.44,$1.43,$222,$1398,$154,$3900,$201,$0,$544,$58,$813,$4713,$2722,$264,$60,$337,$3059,$0,$1308,$-7,$1654,$4713,$180,$92,$-17,$74,$-528,$-330,$206,$163,$-489,$-235,$-57,$0,$-385,$9,$0,$9,$-8,$-442,$679,$28,$707,$2,$2,$-5,$-2,$702,$29,$14,$-5
16,2014-08-31,67.25,$41.90,1.6,$339.82,0.2,$-13.84,0.0,$4.27,15.75,$3.61B,$2.52B,1.43,$0.28B,$1.63B,0.17,$13.08B,$0.97B,7.39%,$13.08B,$0.28B,2.13%,$13.08B,$0.28B,2.13%,$13.08B,$0.35B,2.66%,$13.08B,$0.26B,1.98%,$13.08B,$0.16B,1.24%,$0.16B,$1.63B,10.55%,$0.16B,$1.00B,15.88%,$0.16B,$4.48B,4.00%,$0.28B,$1.90B,15.78%,$3535,$3235,$300,$0,$221,$3456,$79,$-8,$71,$26,$45,$45,$45,$107,$79,$39,39,$1.15,$1.14,$139,$1445,$151,$3608,$197,$0,$626,$46,$870,$4477,$2516,$275,$54,$336,$2852,$0,$1256,$21,$1625,$4477,$123,$64,$16,$79,$-247,$-356,$22,$-28,$-449,$-247,$-40,$0,$-390,$3,$2,$5,$-14,$-440,$221,$442,$663,$4,$4,$0,$-1,$666,$-24,$9,$0
17,2014-05-31,63.75,$40.86,1.56,$322.12,0.2,$-3.76,0.0,$3.31,19.26,$3.59B,$2.55B,1.41,$0.28B,$1.58B,0.18,$12.27B,$0.83B,6.76%,$12.27B,$0.26B,2.13%,$12.27B,$0.26B,2.13%,$12.27B,$0.31B,2.53%,$12.27B,$0.26B,2.13%,$12.27B,$0.16B,1.34%,$0.16B,$1.58B,11.15%,$0.16B,$0.93B,15.49%,$0.16B,$4.48B,4.47%,$0.26B,$1.86B,15.93%,$3454,$3175,$279,$0,$211,$3385,$68,$-6,$62,$22,$40,$40,$40,$92,$68,$39,39,$1.01,$1.00,$215,$1424,$113,$3585,$187,$0,$648,$54,$890,$4475,$2549,$279,$56,$344,$2894,$0,$1211,$28,$1581,$4475,$78,$36,$12,$48,$-201,$-332,$111,$-8,$-325,$-200,$-20,$0,$-390,$3,$2,$5,$4,$-402,$-1428,$2084,$656,$3,$3,$0,$-2,$656,$53,$6,$0
18,2014-02-28,57.35,$39.53,1.45,$302.03,0.19,$4.08,14.05,$3.11,18.44,$3.13B,$2.03B,1.54,$0.28B,$1.53B,0.19,$11.41B,$0.71B,6.19%,$11.41B,$0.25B,2.16%,$11.41B,$0.25B,2.16%,$11.41B,$0.28B,2.44%,$11.41B,$0.25B,2.16%,$11.41B,$0.16B,1.36%,$0.16B,$1.53B,10.95%,$0.16B,$0.95B,13.97%,$0.16B,$3.93B,4.74%,$0.25B,$1.81B,16.02%,$3027,$2820,$207,$0,$145,$2965,$62,$-2,$60,$22,$38,$38,$38,$73,$62,$38,38,$1.01,$1.00,$162,$1225,$161,$3125,$169,$0,$577,$58,$804,$3929,$2033,$282,$77,$370,$2403,$0,$1172,$17,$1526,$3929,$38,$11,$4,$16,$51,$-137,$-31,$-13,$-89,$-35,$-4,$0,$-390,$1,$0,$1,$5,$-389,$225,$190,$415,$3,$3,$0,$1,$419,$-3,$3,$0
19,2013-11-30,63.8,$37.94,1.68,$287.21,0.22,$6.11,10.44,$2.98,21.41,$2.93B,$1.79B,1.64,$0.07B,$1.41B,0.05,$10.85B,$0.66B,6.04%,$10.85B,$0.24B,2.21%,$10.85B,$0.24B,2.21%,$10.85B,$0.27B,2.48%,$10.85B,$0.24B,2.20%,$10.85B,$0.15B,1.38%,$0.15B,$1.41B,10.95%,$0.15B,$1.20B,12.97%,$0.15B,$3.33B,5.01%,$0.24B,$1.48B,16.68%,$3059,$2879,$180,$0,$110,$2990,$69,$-3,$66,$25,$42,$42,$39,$76,$69,$37,38,$1.05,$1.14,$167,$1095,$55,$2932,$133,$0,$212,$41,$394,$3326,$1789,$65,$56,$125,$1914,$0,$1133,$19,$1412,$3326,$152,$27,$13,$40,$-187,$-155,$186,$-11,$-157,$36,$-29,$0,$-29,$7,$-0,$7,$7,$-44,$990,$-995,$-5,$3,$3,$0,$-6,$-8,$-12,$9,$0
20,2013-08-31,45.81,$36.91,1.24,$279.18,0.16,$11.98,3.82,$3.04,15.07,$2.56B,$1.46B,1.76,$0.07B,$1.37B,0.05,$10.55B,$0.65B,6.20%,$10.55B,$0.25B,2.33%,$10.55B,$0.25B,2.33%,$10.55B,$0.28B,2.61%,$10.55B,$0.24B,2.31%,$10.55B,$0.15B,1.45%,$0.15B,$1.37B,11.36%,$0.15B,$1.15B,13.52%,$0.15B,$2.95B,5.27%,$0.25B,$1.44B,17.33%,$2734,$2570,$164,$0,$101,$2670,$63,$9,$73,$26,$47,$47,$47,$70,$63,$37,38,$1.26,$0.19,$154,$1012,$66,$2562,$124,$0,$214,$40,$388,$2950,$1459,$68,$53,$124,$1584,$0,$1092,$19,$1367,$2950,$111,$21,$9,$30,$109,$-67,$-54,$-22,$-23,$118,$-15,$0,$-26,$6,$-0,$5,$3,$-33,$-220,$109,$-111,$5,$5,$0,$-9,$-115,$-24,$7,$0
21,2013-05-31,39.1,$36.79,1.06,$274.35,0.14,$14.71,2.66,$3.78,10.34,$2.49B,$1.40B,1.79,$0.07B,$1.36B,0.05,$10.39B,$0.64B,6.18%,$10.39B,$0.24B,2.31%,$10.39B,$0.24B,2.31%,$10.39B,$0.27B,2.60%,$10.39B,$0.22B,2.15%,$10.39B,$0.14B,1.36%,$0.14B,$1.36B,10.61%,$0.14B,$1.14B,12.66%,$0.14B,$2.88B,4.95%,$0.24B,$1.42B,17.07%,$2591,$2437,$155,$0,$103,$2539,$52,$-4,$48,$17,$31,$31,$31,$59,$52,$37,38,$0.84,$0.81,$231,$947,$66,$2491,$121,$0,$217,$38,$385,$2876,$1395,$67,$54,$125,$1520,$0,$1045,$22,$1356,$2876,$64,$15,$8,$22,$194,$-1,$-148,$-18,$5,$91,$-8,$0,$-22,$5,$-0,$5,$0,$-24,$-268,$256,$-12,$2,$2,$0,$-10,$-20,$53,$5,$0
22,2013-02-28,36.77,$36.66,1.0,$270.67,0.14,$15.51,2.37,$3.87,9.5,$2.44B,$1.33B,1.83,$0.07B,$1.35B,0.05,$10.29B,$0.64B,6.25%,$10.29B,$0.25B,2.40%,$10.29B,$0.25B,2.40%,$10.29B,$0.28B,2.70%,$10.29B,$0.23B,2.22%,$10.29B,$0.14B,1.40%,$0.14B,$1.35B,11.07%,$0.14B,$1.14B,13.25%,$0.14B,$2.81B,5.20%,$0.25B,$1.42B,17.86%,$2461,$2305,$156,$0,$100,$2405,$56,$-4,$52,$18,$33,$33,$33,$64,$56,$37,38,$0.91,$0.88,$248,$916,$60,$2443,$120,$0,$210,$39,$371,$2814,$1332,$73,$55,$136,$1468,$0,$1014,$25,$1346,$2814,$33,$8,$3,$11,$176,$-9,$-147,$-11,$-4,$41,$-3,$0,$-1,$5,$0,$5,$-0,$1,$-1,$35,$34,$1,$1,$0,$-11,$24,$68,$2,$0
23,2012-11-30,31.84,$36.02,0.88,$271.35,0.12,$16.36,1.95,$4.01,7.94,$2.58B,$1.50B,1.73,$0.08B,$1.32B,0.06,$10.29B,$0.66B,6.38%,$10.29B,$0.26B,2.48%,$10.29B,$0.26B,2.48%,$10.29B,$0.29B,2.77%,$10.29B,$0.24B,2.29%,$10.29B,$0.15B,1.45%,$0.15B,$1.32B,11.73%,$0.15B,$1.10B,14.14%,$0.15B,$2.96B,5.44%,$0.26B,$1.40B,18.36%,$2765,$2586,$179,$0,$104,$2690,$75,$-4,$71,$27,$44,$44,$42,$82,$75,$37,38,$1.13,$1.11,$180,$923,$53,$2580,$123,$0,$218,$41,$383,$2963,$1495,$81,$59,$149,$1644,$0,$981,$35,$1319,$2963,$153,$30,$9,$39,$-112,$49,$108,$6,$51,$243,$-14,$0,$-2,$6,$-0,$5,$1,$-10,$1427,$-1560,$-133,$-1,$-1,$0,$-4,$-137,$96,$8,$0
24,2012-08-31,33.3,$35.25,0.94,$275.23,0.12,$15.17,2.19,$4.22,7.89,$2.35B,$1.28B,1.83,$0.09B,$1.29B,0.07,$10.36B,$0.67B,6.42%,$10.36B,$0.27B,2.56%,$10.36B,$0.27B,2.56%,$10.36B,$0.30B,2.86%,$10.36B,$0.24B,2.34%,$10.36B,$0.16B,1.52%,$0.16B,$1.29B,12.73%,$0.16B,$1.08B,15.47%,$0.16B,$2.73B,5.80%,$0.27B,$1.38B,19.11%,$2577,$2425,$152,$0,$95,$2520,$57,$-5,$52,$17,$35,$35,$35,$65,$57,$37,38,$0.96,$0.93,$188,$901,$58,$2349,$124,$0,$215,$42,$383,$2732,$1284,$85,$60,$153,$1437,$0,$937,$36,$1294,$2732,$109,$23,$3,$26,$125,$78,$-103,$3,$84,$219,$-12,$0,$2,$2,$3,$5,$1,$-3,$1305,$-1417,$-112,$9,$9,$0,$-4,$-108,$105,$6,$0
25,2012-05-31,32.16,$33.96,0.95,$277.55,0.12,$12.30,2.62,$4.36,7.38,$2.18B,$1.16B,1.88,$0.09B,$1.25B,0.07,$10.36B,$0.67B,6.44%,$10.36B,$0.28B,2.66%,$10.36B,$0.28B,2.66%,$10.36B,$0.30B,2.94%,$10.36B,$0.25B,2.40%,$10.36B,$0.16B,1.55%,$0.16B,$1.25B,13.51%,$0.16B,$1.03B,16.52%,$0.16B,$2.56B,5.99%,$0.28B,$1.33B,19.93%,$2483,$2326,$156,$0,$97,$2423,$59,$-6,$53,$19,$35,$35,$34,$67,$59,$37,38,$0.94,$0.90,$112,$875,$50,$2180,$124,$0,$214,$42,$380,$2560,$1163,$85,$58,$152,$1315,$0,$902,$25,$1246,$2560,$74,$15,$4,$19,$174,$97,$-218,$0,$30,$122,$-7,$0,$-0,$5,$0,$5,$13,$10,$1138,$-1246,$-108,$8,$8,$0,$-4,$-105,$30,$4,$0
26,2012-02-29,39.76,$33.49,1.19,$280.08,0.14,$13.24,3.0,$4.31,9.22,$2.30B,$1.18B,1.94,$0.22B,$1.22B,0.18,$10.37B,$0.66B,6.33%,$10.37B,$0.27B,2.60%,$10.37B,$0.27B,2.60%,$10.37B,$0.30B,2.87%,$10.37B,$0.24B,2.35%,$10.37B,$0.16B,1.52%,$0.16B,$1.22B,13.73%,$0.16B,$1.00B,16.90%,$0.16B,$2.70B,5.88%,$0.27B,$1.44B,19.68%,$2461,$2291,$169,$0,$105,$2397,$64,$-4,$60,$21,$39,$39,$38,$71,$64,$36,38,$1.05,$1.02,$85,$953,$57,$2298,$126,$0,$220,$55,$401,$2699,$1183,$221,$64,$293,$1476,$0,$868,$36,$1224,$2699,$39,$7,$3,$10,$114,$22,$-95,$-6,$25,$74,$-5,$0,$-0,$1,$0,$1,$11,$7,$740,$-828,$-87,$6,$6,$0,$2,$-80,$1,$2,$0
27,2011-11-30,28.3,$32.31,0.88,$282.36,0.1,$12.77,2.22,$4.09,6.92,$2.44B,$1.37B,1.78,$0.22B,$1.17B,0.19,$10.41B,$0.63B,6.06%,$10.41B,$0.26B,2.47%,$10.41B,$0.26B,2.47%,$10.41B,$0.29B,2.74%,$10.41B,$0.23B,2.21%,$10.41B,$0.15B,1.44%,$0.15B,$1.17B,13.56%,$0.15B,$0.95B,16.82%,$0.15B,$2.83B,5.58%,$0.26B,$1.39B,19.37%,$2841,$2653,$188,$0,$103,$2756,$85,$-8,$77,$27,$50,$50,$50,$93,$85,$36,37,$1.40,$1.36,$84,$975,$57,$2438,$125,$0,$223,$46,$395,$2833,$1372,$224,$61,$293,$1665,$0,$830,$30,$1168,$2833,$151,$30,$18,$48,$32,$28,$-49,$7,$21,$219,$-40,$0,$-59,$-3,$-7,$-10,$-17,$-126,$4190,$-4317,$-126,$1,$1,$0,$11,$-114,$-20,$8,$0
28,2011-08-31,25.4,$31.28,0.81,$274.25,0.09,$5.71,4.45,$3.76,6.76,$2.28B,$1.24B,1.83,$0.22B,$1.13B,0.2,$10.04B,$0.58B,5.82%,$10.04B,$0.24B,2.36%,$10.04B,$0.24B,2.36%,$10.04B,$0.26B,2.61%,$10.04B,$0.21B,2.12%,$10.04B,$0.14B,1.37%,$0.14B,$1.13B,12.99%,$0.14B,$0.92B,16.01%,$0.14B,$2.66B,5.29%,$0.24B,$1.35B,18.78%,$2572,$2418,$154,$0,$87,$2506,$67,$-8,$59,$20,$39,$39,$39,$73,$67,$36,37,$1.09,$1.07,$95,$956,$51,$2278,$116,$0,$210,$49,$378,$2656,$1242,$223,$59,$285,$1528,$0,$779,$40,$1128,$2656,$100,$21,$12,$33,$192,$56,$-250,$-0,$-17,$116,$-21,$0,$-40,$-3,$1,$-3,$-10,$-74,$3279,$-3336,$-57,$4,$4,$0,$11,$-43,$-2,$6,$0
29,2011-05-31,31.57,$30.35,1.04,$264.59,0.12,$2.00,15.76,$3.55,8.89,$2.18B,$1.19B,1.83,$0.22B,$1.08B,0.2,$9.64B,$0.56B,5.76%,$9.64B,$0.22B,2.30%,$9.64B,$0.22B,2.30%,$9.64B,$0.25B,2.55%,$9.64B,$0.20B,2.08%,$9.64B,$0.13B,1.35%,$0.13B,$1.08B,12.80%,$0.13B,$0.87B,15.59%,$0.13B,$2.55B,5.23%,$0.22B,$1.30B,18.59%,$2496,$2351,$145,$0,$91,$2442,$54,$-6,$48,$17,$32,$32,$31,$61,$54,$36,37,$0.88,$0.85,$106,$941,$73,$2183,$114,$0,$212,$44,$370,$2553,$1193,$218,$56,$277,$1470,$0,$740,$41,$1083,$2553,$61,$14,$7,$21,$298,$67,$-248,$-7,$80,$162,$-16,$0,$-41,$-4,$1,$-3,$-16,$-76,$2136,$-2223,$-87,$0,$0,$0,$9,$-78,$7,$4,$0
30,2011-02-28,34.02,$29.33,1.16,$254.25,0.13,$-2.45,0.0,$3.40,10.01,$2.35B,$1.40B,1.68,$0.22B,$1.05B,0.21,$9.18B,$0.53B,5.74%,$9.18B,$0.21B,2.30%,$9.18B,$0.21B,2.30%,$9.18B,$0.23B,2.55%,$9.18B,$0.19B,2.10%,$9.18B,$0.12B,1.35%,$0.12B,$1.05B,12.74%,$0.12B,$0.83B,15.29%,$0.12B,$2.72B,5.22%,$0.21B,$1.26B,18.65%,$2501,$2357,$144,$0,$93,$2450,$51,$-5,$46,$16,$30,$30,$30,$58,$51,$36,37,$0.83,$0.80,$115,$964,$72,$2351,$111,$0,$213,$41,$367,$2718,$1397,$217,$56,$276,$1673,$0,$709,$39,$1045,$2718,$30,$7,$4,$12,$162,$44,$-161,$-21,$18,$59,$-9,$0,$-43,$-4,$0,$-4,$-17,$-72,$1132,$-1111,$21,$-1,$-1,$0,$7,$27,$13,$2,$0
31,2010-11-30,27.64,$27.91,0.99,$241.51,0.11,$-4.52,0.0,$3.58,7.72,$2.21B,$1.31B,1.68,$0.14B,$0.99B,0.14,$8.61B,$0.49B,5.71%,$8.61B,$0.20B,2.31%,$8.61B,$0.20B,2.31%,$8.61B,$0.22B,2.55%,$8.61B,$0.18B,2.12%,$8.61B,$0.13B,1.50%,$0.13B,$0.99B,13.89%,$0.13B,$0.83B,16.38%,$0.13B,$2.50B,5.81%,$0.20B,$1.13B,18.64%,$2468,$2327,$141,$0,$76,$2404,$65,$-4,$60,$23,$38,$38,$38,$70,$65,$35,36,$1.06,$1.04,$99,$912,$40,$2209,$92,$0,$168,$30,$291,$2500,$1314,$140,$49,$193,$1507,$0,$679,$28,$993,$2500,$128,$21,$5,$25,$-198,$-240,$220,$-14,$-219,$-66,$-13,$0,$-10,$3,$10,$13,$10,$1,$3990,$-3922,$68,$16,$16,$0,$10,$94,$29,$9,$0
32,2010-08-31,22.24,$26.81,0.83,$237.10,0.09,$4.64,4.79,$3.41,6.52,$1.92B,$1.05B,1.83,$0.14B,$0.94B,0.15,$8.34B,$0.47B,5.58%,$8.34B,$0.18B,2.18%,$8.34B,$0.18B,2.18%,$8.34B,$0.20B,2.43%,$8.34B,$0.17B,2.00%,$8.34B,$0.12B,1.45%,$0.12B,$0.94B,13.59%,$0.12B,$0.81B,15.93%,$0.12B,$2.18B,5.70%,$0.18B,$1.08B,17.70%,$2177,$2052,$125,$0,$73,$2125,$52,$-5,$47,$16,$31,$31,$31,$57,$52,$35,36,$0.88,$0.86,$87,$794,$62,$1923,$88,$0,$134,$19,$253,$2176,$1053,$139,$30,$181,$1234,$0,$642,$21,$941,$2176,$91,$16,$2,$18,$-2,$-120,$20,$-36,$-141,$-33,$-7,$0,$-3,$3,$2,$5,$-10,$-15,$-0,$35,$34,$13,$13,$0,$9,$56,$9,$6,$0
33,2010-05-31,25.78,$26.03,0.99,$234.23,0.11,$11.01,2.34,$3.22,8.0,$1.83B,$0.99B,1.85,$0.14B,$0.91B,0.15,$8.17B,$0.45B,5.47%,$8.17B,$0.17B,2.06%,$8.17B,$0.17B,2.06%,$8.17B,$0.19B,2.33%,$8.17B,$0.16B,1.90%,$8.17B,$0.11B,1.37%,$0.11B,$0.91B,13.16%,$0.11B,$0.78B,15.70%,$0.11B,$2.10B,5.39%,$0.17B,$1.05B,16.94%,$2033,$1916,$117,$0,$73,$1989,$43,$-4,$40,$15,$25,$25,$25,$49,$43,$35,36,$0.72,$0.70,$75,$792,$67,$1830,$94,$0,$131,$36,$275,$2104,$991,$138,$49,$201,$1192,$0,$611,$25,$913,$2104,$60,$10,$-2,$8,$81,$-51,$-47,$-59,$-81,$-13,$-5,$0,$-7,$2,$5,$7,$-13,$-18,$-0,$10,$10,$12,$12,$0,$9,$31,$-1,$4,$0
34,2010-02-28,27.62,$25.64,1.08,$230.74,0.12,$17.69,1.56,$3.09,8.94,$1.83B,$1.04B,1.76,$0.14B,$0.87B,0.16,$7.94B,$0.43B,5.43%,$7.94B,$0.16B,1.95%,$7.94B,$0.16B,1.95%,$7.94B,$0.18B,2.23%,$7.94B,$0.14B,1.79%,$7.94B,$0.11B,1.34%,$0.11B,$0.87B,13.10%,$0.11B,$0.74B,15.95%,$0.11B,$2.11B,5.22%,$0.16B,$1.01B,16.24%,$1936,$1827,$109,$0,$70,$1897,$39,$-3,$36,$13,$23,$23,$35,$44,$39,$34,35,$1.02,$0.98,$62,$771,$50,$1825,$94,$0,$131,$38,$280,$2105,$1036,$137,$43,$200,$1236,$0,$586,$24,$869,$2105,$35,$5,$-8,$-2,$47,$-27,$-56,$-18,$-54,$-22,$-2,$0,$-7,$1,$-0,$1,$-16,$-25,$-0,$20,$20,$3,$3,$0,$3,$26,$-21,$2,$0
35,2009-11-30,27.3,$24.96,1.09,$228.33,0.12,$24.57,1.11,$2.70,10.11,$1.84B,$1.08B,1.71,$0.14B,$0.84B,0.16,$7.72B,$0.42B,5.48%,$7.72B,$0.15B,1.94%,$7.72B,$0.15B,1.94%,$7.72B,$0.17B,2.24%,$7.72B,$0.13B,1.74%,$7.72B,$0.09B,1.17%,$0.09B,$0.84B,11.72%,$0.09B,$0.71B,14.51%,$0.09B,$2.10B,4.58%,$0.15B,$0.98B,16.37%,$2198,$2083,$115,$0,$68,$2150,$48,$-3,$44,$16,$29,$29,$30,$53,$48,$33,34,$0.90,$0.86,$59,$714,$114,$1840,$95,$0,$126,$37,$260,$2100,$1078,$136,$39,$183,$1261,$0,$551,$27,$839,$2100,$91,$24,$19,$43,$-9,$2,$103,$29,$129,$262,$-25,$0,$-16,$-1,$-12,$-13,$-16,$-70,$2693,$-2895,$-202,$12,$12,$0,$6,$-183,$3,$8,$0
36,2009-08-31,28.59,$23.62,1.21,$225.77,0.13,$18.17,1.57,$2.63,10.87,$1.69B,$1.01B,1.67,$0.15B,$0.78B,0.2,$7.59B,$0.41B,5.43%,$7.59B,$0.14B,1.90%,$7.59B,$0.14B,1.90%,$7.59B,$0.17B,2.23%,$7.59B,$0.12B,1.60%,$7.59B,$0.09B,1.12%,$0.09B,$0.78B,11.68%,$0.09B,$0.62B,14.55%,$0.09B,$2.00B,4.36%,$0.14B,$0.94B,16.35%,$1998,$1892,$106,$0,$68,$1960,$38,$-3,$35,$13,$22,$22,$22,$44,$38,$33,35,$0.68,$0.65,$84,$696,$36,$1689,$97,$0,$159,$30,$314,$2003,$1012,$153,$30,$209,$1221,$0,$525,$23,$782,$2003,$61,$18,$23,$41,$81,$7,$-0,$16,$99,$201,$-19,$0,$-16,$-1,$-4,$-5,$-23,$-64,$-20,$-122,$-142,$9,$9,$0,$6,$-127,$5,$6,$0
37,2009-05-31,24.96,$22.91,1.09,$228.79,0.11,$13.88,1.8,$2.62,9.52,$1.61B,$0.96B,1.67,$0.15B,$0.75B,0.21,$7.63B,$0.42B,5.49%,$7.63B,$0.15B,1.91%,$7.63B,$0.15B,1.91%,$7.63B,$0.17B,2.21%,$7.63B,$0.12B,1.59%,$7.63B,$0.09B,1.11%,$0.09B,$0.75B,12.14%,$0.09B,$0.59B,15.23%,$0.09B,$1.92B,4.31%,$0.15B,$0.90B,17.06%,$1803,$1702,$101,$0,$71,$1773,$30,$-3,$27,$10,$17,$17,$19,$36,$30,$32,34,$0.57,$0.55,$87,$651,$34,$1608,$86,$0,$161,$29,$314,$1922,$961,$153,$30,$213,$1174,$0,$502,$23,$747,$1922,$38,$12,$17,$29,$120,$53,$-57,$38,$146,$213,$-5,$0,$-11,$-0,$-3,$-3,$-20,$-39,$-10,$-156,$-166,$4,$4,$0,$3,$-160,$11,$4,$0
38,2009-02-28,14.29,$21.75,0.66,$231.82,0.06,$8.32,1.72,$2.61,5.48,$1.54B,$0.92B,1.67,$0.15B,$0.70B,0.22,$7.71B,$0.42B,5.44%,$7.71B,$0.15B,1.92%,$7.71B,$0.15B,1.92%,$7.71B,$0.17B,2.19%,$7.71B,$0.12B,1.60%,$7.71B,$0.09B,1.10%,$0.09B,$0.70B,12.58%,$0.09B,$0.56B,15.89%,$0.09B,$1.83B,4.23%,$0.15B,$0.86B,17.70%,$1720,$1620,$101,$0,$67,$1687,$34,$-5,$28,$10,$18,$18,$19,$40,$34,$32,33,$0.59,$0.58,$68,$653,$12,$1537,$83,$0,$143,$27,$296,$1832,$918,$152,$27,$211,$1129,$0,$482,$4,$703,$1832,$19,$6,$10,$17,$135,$34,$-20,$29,$169,$205,$-2,$0,$-2,$1,$1,$3,$-1,$-3,$-6,$-199,$-205,$1,$1,$0,$1,$-203,$0,$2,$0
39,2008-11-30,10.09,$21.28,0.47,$232.23,0.04,$4.23,2.38,$2.53,3.99,$1.73B,$1.14B,1.52,$0.15B,$0.68B,0.22,$7.74B,$0.41B,5.35%,$7.74B,$0.15B,1.90%,$7.74B,$0.15B,1.90%,$7.74B,$0.17B,2.15%,$7.74B,$0.12B,1.58%,$7.74B,$0.08B,1.07%,$0.08B,$0.68B,12.65%,$0.08B,$0.57B,15.96%,$0.08B,$2.03B,4.14%,$0.15B,$0.83B,18.68%,$2064,$1960,$104,$0,$62,$2022,$42,$-11,$31,$13,$19,$19,$25,$49,$42,$32,33,$0.78,$0.75,$48,$696,$34,$1725,$81,$0,$112,$58,$308,$2033,$1135,$152,$29,$218,$1353,$0,$463,$9,$680,$2033,$83,$21,$24,$45,$-37,$-16,$-37,$19,$-76,$53,$-34,$-1,$-28,$1,$0,$1,$-3,$-66,$117,$-102,$15,$4,$4,$0,$2,$20,$18,$7,$0
40,2008-08-31,22.17,$21.09,1.05,$229.95,0.1,$-1.70,0.0,$2.34,9.47,$1.76B,$1.19B,1.48,$0.17B,$0.67B,0.25,$7.63B,$0.41B,5.34%,$7.63B,$0.14B,1.82%,$7.63B,$0.14B,1.82%,$7.63B,$0.16B,2.05%,$7.63B,$0.12B,1.59%,$7.63B,$0.08B,1.02%,$0.08B,$0.67B,12.24%,$0.08B,$0.52B,15.61%,$0.08B,$2.11B,3.96%,$0.14B,$0.84B,18.80%,$2046,$1933,$113,$0,$73,$2006,$40,$-5,$35,$12,$22,$22,$22,$44,$40,$32,34,$0.70,$0.66,$74,$738,$13,$1760,$82,$0,$151,$28,$347,$2107,$1191,$166,$25,$246,$1437,$0,$436,$28,$670,$2107,$57,$14,$13,$27,$4,$-33,$-3,$11,$-27,$58,$-26,$-1,$-23,$1,$0,$1,$-3,$-52,$121,$-120,$1,$4,$4,$0,$1,$6,$17,$5,$0
41,2008-05-31,23.96,$20.58,1.16,$222.94,0.11,$-5.10,0.0,$2.12,11.3,$1.71B,$1.15B,1.49,$0.17B,$0.65B,0.27,$7.34B,$0.39B,5.25%,$7.34B,$0.12B,1.69%,$7.34B,$0.12B,1.69%,$7.34B,$0.14B,1.92%,$7.34B,$0.11B,1.46%,$7.34B,$0.07B,0.95%,$0.07B,$0.65B,11.41%,$0.07B,$0.49B,14.45%,$0.07B,$2.06B,3.74%,$0.12B,$0.82B,18.12%,$1878,$1777,$101,$0,$69,$1846,$32,$-3,$29,$10,$19,$19,$19,$36,$32,$32,33,$0.59,$0.56,$66,$746,$13,$1707,$70,$0,$157,$28,$354,$2061,$1149,$172,$26,$261,$1410,$0,$414,$35,$650,$2061,$35,$9,$7,$16,$66,$-30,$-64,$7,$-22,$30,$-9,$-1,$-17,$2,$0,$2,$-3,$-29,$127,$-124,$3,$2,$2,$0,$1,$6,$8,$3,$0
42,2008-02-29,20.07,$19.88,1.01,$218.05,0.09,$-8.55,0.0,$2.01,9.98,$1.52B,$1.09B,1.4,$0.03B,$0.63B,0.05,$7.15B,$0.37B,5.15%,$7.15B,$0.12B,1.65%,$7.15B,$0.12B,1.65%,$7.15B,$0.14B,1.89%,$7.15B,$0.10B,1.41%,$7.15B,$0.07B,0.92%,$0.07B,$0.63B,11.20%,$0.07B,$0.50B,14.04%,$0.07B,$1.83B,3.73%,$0.12B,$0.66B,18.75%,$1749,$1653,$96,$0,$63,$1716,$33,$-6,$27,$10,$17,$17,$17,$37,$33,$31,33,$0.54,$0.51,$58,$625,$11,$1523,$61,$0,$126,$24,$305,$1828,$1089,$33,$23,$114,$1203,$0,$396,$32,$625,$1828,$17,$4,$5,$9,$40,$19,$-10,$12,$47,$73,$-4,$-1,$1,$2,$0,$2,$-1,$-4,$-7,$-62,$-70,$1,$1,$0,$0,$-69,$1,$2,$0
43,2007-11-30,19.92,$19.30,1.03,$214.20,0.09,$-15.33,0.0,$1.93,10.32,$1.59B,$1.17B,1.36,$0.04B,$0.61B,0.06,$6.99B,$0.35B,4.95%,$6.99B,$0.11B,1.57%,$6.99B,$0.11B,1.57%,$6.99B,$0.13B,1.80%,$6.99B,$0.10B,1.37%,$6.99B,$0.06B,0.90%,$0.06B,$0.61B,11.16%,$0.06B,$0.49B,13.74%,$0.06B,$1.89B,3.71%,$0.11B,$0.64B,18.13%,$1953,$1857,$97,$0,$65,$1919,$34,$-4,$30,$12,$18,$18,$20,$39,$34,$31,33,$0.66,$0.61,$60,$643,$17,$1588,$59,$0,$118,$19,$299,$1887,$1169,$38,$15,$114,$1283,$0,$379,$29,$605,$1887,$63,$16,$20,$35,$-329,$-4,$71,$-14,$-251,$-152,$-23,$0,$-107,$-3,$0,$-3,$-4,$-137,$-13,$314,$301,$6,$6,$0,$2,$309,$15,$5,$0
44,2007-08-31,19.21,$18.40,1.04,$208.70,0.09,$-10.80,0.0,$1.80,10.67,$1.41B,$1.02B,1.39,$0.04B,$0.57B,0.07,$6.77B,$0.33B,4.84%,$6.77B,$0.10B,1.54%,$6.77B,$0.10B,1.54%,$6.77B,$0.12B,1.74%,$6.77B,$0.09B,1.34%,$6.77B,$0.06B,0.87%,$0.06B,$0.57B,10.90%,$0.06B,$0.46B,13.04%,$0.06B,$1.71B,3.75%,$0.10B,$0.62B,17.74%,$1760,$1669,$91,$0,$64,$1736,$25,$-4,$21,$6,$14,$14,$14,$29,$25,$31,33,$0.46,$0.44,$61,$593,$12,$1408,$59,$0,$115,$18,$306,$1713,$1016,$42,$14,$124,$1140,$0,$359,$23,$573,$1713,$43,$11,$8,$20,$-208,$43,$44,$-17,$-122,$-60,$-20,$0,$-108,$-2,$0,$-2,$-3,$-133,$-8,$214,$206,$6,$6,$0,$0,$212,$16,$4,$0
45,2007-05-31,19.75,$17.87,1.11,$204.89,0.1,$-8.27,0.0,$1.79,11.03,$1.33B,$0.96B,1.39,$0.05B,$0.55B,0.09,$6.60B,$0.31B,4.69%,$6.60B,$0.10B,1.56%,$6.60B,$0.10B,1.56%,$6.60B,$0.12B,1.74%,$6.60B,$0.09B,1.38%,$6.60B,$0.06B,0.89%,$0.06B,$0.55B,11.34%,$0.06B,$0.44B,13.13%,$0.06B,$1.65B,3.99%,$0.10B,$0.60B,18.19%,$1685,$1601,$84,$0,$58,$1659,$26,$-3,$23,$8,$15,$15,$15,$30,$26,$31,33,$0.47,$0.45,$53,$570,$16,$1328,$58,$0,$119,$17,$321,$1649,$956,$48,$12,$139,$1095,$0,$345,$21,$554,$1649,$29,$7,$5,$12,$-154,$64,$1,$-35,$-116,$-75,$-17,$0,$-109,$-1,$0,$-1,$-2,$-129,$-2,$209,$207,$5,$5,$0,$0,$212,$10,$2,$0
46,2007-02-28,18.22,$17.19,1.06,$201.13,0.09,$-4.83,0.0,$1.70,10.72,$1.29B,$0.89B,1.45,$0.04B,$0.53B,0.08,$6.43B,$0.29B,4.57%,$6.43B,$0.10B,1.54%,$6.43B,$0.10B,1.54%,$6.43B,$0.11B,1.71%,$6.43B,$0.09B,1.34%,$6.43B,$0.06B,0.86%,$0.06B,$0.53B,11.02%,$0.06B,$0.45B,12.30%,$0.06B,$1.55B,4.04%,$0.10B,$0.57B,18.43%,$1588,$1514,$74,$0,$49,$1563,$25,$-3,$22,$8,$14,$14,$14,$28,$25,$31,32,$0.45,$0.43,$37,$524,$12,$1288,$40,$0,$73,$16,$263,$1550,$888,$42,$11,$135,$1024,$0,$330,$12,$527,$1550,$14,$3,$3,$6,$-222,$68,$8,$-20,$-169,$-150,$-2,$0,$-33,$-1,$0,$-1,$-1,$-37,$-7,$187,$179,$2,$2,$0,$0,$181,$-5,$1,$0
47,2006-11-30,21.9,$16.78,1.3,$200.20,0.11,$-0.04,0.0,$1.61,13.6,$1.14B,$0.72B,1.58,$0.05B,$0.51B,0.09,$6.34B,$0.29B,4.49%,$6.34B,$0.10B,1.51%,$6.34B,$0.10B,1.51%,$6.34B,$0.11B,1.67%,$6.34B,$0.08B,1.28%,$6.34B,$0.05B,0.82%,$0.05B,$0.51B,10.82%,$0.05B,$0.46B,11.91%,$0.05B,$1.38B,4.14%,$0.10B,$0.56B,18.86%,$1738,$1659,$79,$0,$51,$1710,$28,$-3,$25,$9,$16,$16,$16,$31,$28,$30,32,$0.52,$0.48,$41,$595,$10,$1138,$37,$0,$49,$14,$245,$1383,$721,$48,$10,$150,$871,$0,$316,$14,$512,$1383,$51,$10,$16,$26,$-24,$-92,$35,$-28,$-96,$-19,$-8,$0,$-21,$13,$0,$13,$-8,$-24,$91,$-50,$41,$11,$11,$0,$6,$59,$14,$4,$0
