,Date,Stock Price,Book Value per Share,Price to Book Ratio,TTM Sales per Share,Price to Sales Ratio,TTM FCF per Share,Price to FCF Ratio,TTM Net EPS,PE Ratio,Current Assets,Current Liabilities,Current Ratio,Long Term Debt,Shareholder's Equity_x,Debt to Equity Ratio,TTM Revenue_x,TTM Gross Profit,Gross Margin,TTM Revenue_y,TTM Operating Income,Operating Margin,TTM Revenue_x,TTM EBIT,EBIT Margin,TTM Revenue_y,TTM EBITDA,EBITDA Margin,TTM Revenue_x,TTM Pre-Tax Income,Pre-Tax Margin,TTM Revenue_y,TTM Net Income_x,Net Margin,TTM Net Income_y,Shareholder's Equity_y,Return on Equity,TTM Net Income_x,Tangible Equity,Return on Tangible Equity,TTM Net Income_y,Total Assets,Return on Assets,TTM Net Income,LT Investments & Debt,Return on Investment,revenue,cost-goods-sold,gross-profit,research-development-expenses,selling-general-administrative-expenses,operating-expenses,operating-income,total-non-operating-income-expense,pre-tax-income,total-provision-income-taxes,income-after-taxes,income-from-continuous-operations,net-income,ebitda,ebit,basic-shares-outstanding,shares-outstanding,eps-basic-net-earnings-per-share,eps-earnings-per-share-diluted,cash-on-hand,inventory,other-current-assets,total-current-assets,net-property-plant-equipment,long-term-investments,goodwill-intangible-assets-total,other-long-term-assets,total-long-term-assets,total-assets,total-current-liabilities,long-term-debt,other-non-current-liabilities,total-long-term-liabilities,total-liabilities,common-stock-net,retained-earnings-accumulated-deficit,comprehensive-income,total-share-holder-equity,total-liabilities-share-holders-equity,net-income-loss,total-depreciation-amortization-cash-flow,other-non-cash-items,total-non-cash-items,change-in-accounts-receivable,change-in-inventories,change-in-accounts-payable,change-in-assets-liabilities,total-change-in-assets-liabilities,cash-flow-from-operating-activities,net-change-in-property-plant-equipment,net-change-in-intangible-assets,net-acquisitions-divestitures,net-change-in-short-term-investments,net-change-in-long-term-investments,net-change-in-investments-total,investing-activities-other,cash-flow-from-investing-activities,net-long-term-debt,net-current-debt,debt-issuance-retirement-net-total,net-common-equity-issued-repurchased,net-total-equity-issued-repurchased,total-common-preferred-stock-dividends-paid,financial-activities-other,cash-flow-from-financial-activities,net-cash-flow,stock-based-compensation,common-stock-dividends-paid
0,2018-03-31,38.26,$0.00,0.0,$16.48,2.32,$3.53,10.83,$1.74,21.99,$0.00B,$0.00B,0.0,$0.00B,$0.00B,0.0,$41.43B,$28.14B,67.93%,$41.43B,$6.77B,16.33%,$41.43B,$6.77B,16.33%,$41.43B,$6.77B,16.33%,$41.43B,$5.98B,14.44%,$41.43B,$4.71B,11.36%,$4.71B,$0.00B,14.55%,$4.71B,$0.00B,213.20%,$4.71B,$0.00B,8.37%,$6.77B,$0.00B,16.67%,$9988,$3128,$6860,$1573,$2842,$8440,$1549,$-70,$1479,$230,$1249,$1286,$1249,$1549,$1549,$2496,2496,$0.50,$0.50,$0,$0,$0,$0,$0,$0,$0,$0,$0,$0,$0,$0,$0,$0,$0,$0,$0,$0,$0,$0,$0,$0,$0,$0,$0,$0,$0,$0,$0,$0,$0,$0,$0,$0,$0,$0,$0,$0,$0,$0,$0,$0,$0,$0,$0,$0,$0,$0,$0
1,2017-12-31,41.05,$26.26,1.56,$16.23,2.53,$3.53,11.62,$3.65,11.25,$29.79B,$17.47B,1.71,$16.19B,$65.85B,0.25,$40.92B,$27.80B,67.93%,$40.92B,$7.07B,17.27%,$40.92B,$7.07B,17.27%,$40.92B,$7.07B,17.27%,$40.92B,$6.25B,15.28%,$40.92B,$9.53B,23.30%,$9.53B,$65.85B,29.46%,$9.53B,$5.55B,431.84%,$9.53B,$112.83B,16.96%,$7.07B,$82.04B,17.42%,$10572,$3629,$6943,$1720,$3183,$9384,$1188,$-365,$824,$803,$21,$48,$475,$1188,$1188,$2514,2534,$0.20,$0.17,$11659,$7704,$2266,$29786,$10827,$3236,$60295,$3802,$83048,$112833,$17471,$16193,$11506,$29513,$46984,$2835,$0,$-661,$65849,$112833,$9533,$4166,$-5526,$-1360,$-598,$-164,$652,$277,$167,$8340,$-1606,$0,$0,$-184,$-1483,$-1667,$0,$-3273,$-2630,$34,$-2596,$-2083,$-2083,$-4193,$-59,$-8932,$47,$0,$-4193
2,2017-09-30,47.53,$0.00,0.0,$15.88,2.99,$3.42,13.9,$3.92,12.12,$0.00B,$0.00B,0.0,$0.00B,$0.00B,0.0,$40.25B,$27.56B,68.47%,$40.25B,$7.72B,19.19%,$40.25B,$7.72B,19.19%,$40.25B,$7.72B,19.19%,$40.25B,$6.63B,16.48%,$40.25B,$9.90B,24.58%,$9.90B,$0.00B,31.05%,$9.90B,$0.00B,375.74%,$9.90B,$0.00B,17.37%,$7.72B,$0.00B,18.98%,$11040,$3353,$7686,$1576,$2720,$8606,$2434,$-200,$2234,$484,$1750,$1799,$1842,$2434,$2434,$2509,2509,$0.74,$0.74,$0,$0,$0,$0,$0,$0,$0,$0,$0,$0,$0,$0,$0,$0,$0,$0,$0,$0,$0,$0,$0,$0,$0,$0,$0,$0,$0,$0,$0,$0,$0,$0,$0,$0,$0,$0,$0,$0,$0,$0,$0,$0,$0,$0,$0,$0,$0,$0,$0
3,2017-06-30,45.73,$25.22,1.81,$15.51,2.95,$3.42,13.37,$3.92,11.67,$29.78B,$18.76B,1.59,$16.71B,$63.58B,0.26,$39.59B,$27.15B,68.59%,$39.59B,$8.01B,20.24%,$39.59B,$8.01B,20.24%,$39.59B,$8.01B,20.24%,$39.59B,$6.79B,17.16%,$39.59B,$9.92B,25.06%,$9.92B,$63.58B,31.13%,$9.92B,$3.28B,376.72%,$9.92B,$112.08B,17.41%,$8.01B,$80.29B,19.69%,$9828,$3174,$6654,$1494,$2825,$8232,$1596,$-150,$1447,$301,$1145,$1181,$1141,$1596,$1596,$2516,2516,$0.45,$0.45,$11967,$7972,$2301,$29784,$10598,$3126,$60305,$3221,$82294,$112077,$18764,$16708,$10671,$29731,$48495,$2774,$0,$228,$63583,$112077,$7413,$1939,$-5136,$-3197,$165,$-552,$121,$-1138,$-1404,$2812,$-614,$0,$0,$-20,$-535,$-555,$0,$-1168,$-7,$190,$184,$-1761,$-1761,$-4082,$-53,$-5712,$665,$0,$-4082
4,2017-03-31,41.78,$0.00,0.0,$15.25,2.74,$3.19,13.11,$3.98,10.5,$0.00B,$0.00B,0.0,$0.00B,$0.00B,0.0,$39.14B,$27.03B,69.06%,$39.14B,$8.14B,20.79%,$39.14B,$8.14B,20.79%,$39.14B,$8.14B,20.79%,$39.14B,$6.89B,17.59%,$39.14B,$10.09B,25.77%,$10.09B,$0.00B,32.21%,$10.09B,$0.00B,348.25%,$10.09B,$0.00B,17.71%,$8.14B,$0.00B,20.27%,$9482,$2968,$6514,$1395,$2641,$7630,$1851,$-106,$1746,$358,$1388,$1394,$6076,$1851,$1851,$2525,2525,$2.41,$2.41,$0,$0,$0,$0,$0,$0,$0,$0,$0,$0,$0,$0,$0,$0,$0,$0,$0,$0,$0,$0,$0,$0,$0,$0,$0,$0,$0,$0,$0,$0,$0,$0,$0,$0,$0,$0,$0,$0,$0,$0,$0,$0,$0,$0,$0,$0,$0,$0,$0
5,2016-12-31,37.34,$24.72,1.51,$14.89,2.51,$3.19,11.72,$2.04,18.3,$29.53B,$18.19B,1.62,$18.61B,$63.88B,0.29,$38.41B,$26.57B,69.17%,$38.41B,$7.59B,19.77%,$38.41B,$7.59B,19.77%,$38.41B,$7.59B,19.77%,$38.41B,$6.28B,16.36%,$38.41B,$5.21B,13.57%,$5.21B,$63.88B,16.64%,$5.21B,$7.26B,179.89%,$5.21B,$115.83B,9.15%,$7.59B,$82.49B,18.91%,$9904,$3195,$6708,$1553,$2811,$8062,$1842,$-637,$1205,$396,$809,$842,$836,$1842,$1842,$2573,2592,$0.33,$0.31,$11368,$7627,$2447,$29532,$11087,$3198,$56620,$3121,$86298,$115830,$18186,$18607,$11301,$33767,$51953,$2859,$0,$2173,$63877,$115830,$5211,$3653,$-1107,$2546,$186,$-357,$495,$593,$916,$8674,$-2074,$0,$0,$-3,$-702,$-705,$0,$-2779,$2431,$106,$2537,$-2880,$-2880,$-4160,$-35,$-4538,$1245,$0,$-4160
6,2016-09-30,35.26,$0.00,0.0,$15.19,2.32,$0.64,55.13,$2.40,14.69,$0.00B,$0.00B,0.0,$0.00B,$0.00B,0.0,$39.27B,$27.29B,69.49%,$39.27B,$8.06B,20.52%,$39.27B,$8.06B,20.52%,$39.27B,$8.06B,20.52%,$39.27B,$7.14B,18.17%,$39.27B,$6.19B,15.75%,$6.19B,$0.00B,40.31%,$6.19B,$0.00B,571.45%,$6.19B,$0.00B,22.10%,$8.06B,$0.00B,41.24%,$10373,$3098,$7275,$1363,$2538,$7651,$2722,$-326,$2396,$513,$1883,$1889,$1868,$2722,$2722,$2577,2577,$0.73,$0.73,$0,$0,$0,$0,$0,$0,$0,$0,$0,$0,$0,$0,$0,$0,$0,$0,$0,$0,$0,$0,$0,$0,$0,$0,$0,$0,$0,$0,$0,$0,$0,$0,$0,$0,$0,$0,$0,$0,$0,$0,$0,$0,$0,$0,$0,$0,$0,$0,$0
7,2016-06-30,38.64,$23.85,1.62,$15.17,2.55,$1.72,22.4,$2.22,17.4,$25.23B,$17.22B,1.47,$16.78B,$61.39B,0.27,$39.37B,$27.23B,69.17%,$39.37B,$7.47B,18.97%,$39.37B,$7.47B,18.97%,$39.37B,$7.47B,18.97%,$39.37B,$6.82B,17.33%,$39.37B,$5.76B,14.63%,$5.76B,$61.39B,18.55%,$5.76B,$4.33B,370.05%,$5.76B,$111.96B,10.46%,$7.47B,$78.17B,19.54%,$9385,$2850,$6535,$1445,$2708,$7661,$1724,$-185,$1539,$429,$1109,$1115,$1308,$1724,$1724,$2574,2574,$0.51,$0.51,$7010,$7983,$2002,$25230,$11092,$3080,$57061,$2616,$86728,$111958,$17220,$16775,$12337,$33348,$50568,$2908,$0,$611,$61390,$111958,$2536,$1776,$-1093,$682,$116,$-581,$84,$-134,$-515,$2703,$-1057,$0,$0,$-11,$-529,$-540,$0,$-1597,$-898,$2097,$1199,$-1567,$-1567,$-4246,$-10,$-4625,$-3470,$0,$-4246
8,2016-03-31,35.56,$0.00,0.0,$15.77,2.26,$2.17,16.4,$2.05,17.35,$0.00B,$0.00B,0.0,$0.00B,$0.00B,0.0,$41.16B,$28.29B,68.75%,$41.16B,$7.72B,18.76%,$41.16B,$7.72B,18.76%,$41.16B,$7.72B,18.76%,$41.16B,$6.87B,16.68%,$41.16B,$5.52B,13.40%,$5.52B,$0.00B,16.49%,$5.52B,$0.00B,1092.28%,$5.52B,$0.00B,9.48%,$7.72B,$0.00B,19.35%,$8746,$2700,$6047,$1362,$2440,$7441,$1305,$-161,$1144,$129,$1015,$1118,$1199,$1305,$1305,$2577,2577,$0.46,$0.46,$0,$0,$0,$0,$0,$0,$0,$0,$0,$0,$0,$0,$0,$0,$0,$0,$0,$0,$0,$0,$0,$0,$0,$0,$0,$0,$0,$0,$0,$0,$0,$0,$0,$0,$0,$0,$0,$0,$0,$0,$0,$0,$0,$0,$0,$0,$0,$0,$0
9,2015-09-30,42.04,$0.00,0.0,$16.30,2.58,$2.95,14.27,$1.80,23.35,$0.00B,$0.00B,0.0,$0.00B,$0.00B,0.0,$42.97B,$29.31B,68.22%,$42.97B,$7.96B,18.53%,$42.97B,$7.96B,18.53%,$42.97B,$7.96B,18.53%,$42.97B,$6.43B,14.95%,$42.97B,$4.90B,11.40%,$4.90B,$0.00B,9.45%,$4.90B,$0.00B,1126.39%,$4.90B,$0.00B,5.45%,$7.96B,$0.00B,12.90%,$10770,$3336,$7434,$1508,$2738,$8462,$2308,$-249,$2058,$303,$1756,$1837,$1811,$2308,$2308,$2611,2611,$0.70,$0.70,$0,$0,$0,$0,$0,$0,$0,$0,$0,$0,$0,$0,$0,$0,$0,$0,$0,$0,$0,$0,$0,$0,$0,$0,$0,$0,$0,$0,$0,$0,$0,$0,$0,$0,$0,$0,$0,$0,$0,$0,$0,$0,$0,$0,$0,$0,$0,$0,$0
10,2015-06-30,43.86,$23.95,1.83,$16.63,2.64,$4.71,9.31,$1.65,26.58,$24.35B,$18.03B,1.35,$11.91B,$62.80B,0.19,$43.92B,$30.08B,68.50%,$43.92B,$7.84B,17.84%,$43.92B,$7.84B,17.84%,$43.92B,$11.02B,25.10%,$43.92B,$6.27B,14.27%,$43.92B,$4.59B,10.45%,$4.59B,$62.80B,6.57%,$4.59B,$1.89B,-380.60%,$4.59B,$108.32B,3.75%,$7.84B,$74.72B,9.42%,$10466,$3250,$7216,$1427,$2929,$8335,$2131,$-48,$2083,$574,$1509,$1470,$1440,$2131,$2131,$2612,2612,$0.55,$0.55,$5450,$7906,$2400,$24346,$11659,$2719,$60910,$3225,$83976,$108322,$18026,$11914,$11436,$27494,$45519,$2900,$0,$1098,$62803,$108322,$2572,$2192,$-727,$1466,$-316,$-553,$179,$419,$-271,$3767,$-933,$0,$0,$-17,$-187,$-204,$0,$-1136,$-502,$-128,$-631,$-864,$-864,$-4086,$-17,$-5597,$-2920,$0,$-4086
11,2014-06-30,45.6,$0.00,0.0,$16.88,2.7,$3.63,12.58,$2.01,22.69,$27.94B,$19.48B,1.43,$13.87B,$71.01B,0.2,$44.70B,$30.67B,68.62%,$44.70B,$8.29B,18.54%,$44.70B,$8.29B,18.54%,$44.70B,$11.47B,25.67%,$44.70B,$6.92B,15.49%,$44.70B,$5.57B,12.45%,$5.57B,$71.01B,10.27%,$5.57B,$0.13B,-331.30%,$5.57B,$124.45B,5.83%,$8.29B,$84.89B,12.86%,$11175,$3578,$7597,$1630,$3093,$9198,$1977,$-396,$1580,$480,$1100,$1103,$1066,$1977,$1977,$2634,2634,$0.41,$0.41,$6000,$9306,$2845,$27942,$13841,$5211,$70888,$0,$96508,$124450,$19480,$13873,$13773,$33956,$53436,$3624,$0,$-4611,$71014,$124450,$2553,$2718,$-866,$1852,$-288,$-538,$295,$-398,$-929,$3476,$-624,$0,$0,$-22,$-2306,$-2328,$0,$-2952,$-1476,$1634,$158,$-1059,$-1059,$-5043,$-8,$-5952,$-5420,$0,$-5043
12,2013-06-30,42.64,$0.00,0.0,$17.03,2.5,$6.68,6.39,$2.38,17.92,$27.17B,$17.80B,1.53,$13.96B,$73.39B,0.19,$45.22B,$31.02B,68.59%,$45.22B,$8.36B,18.48%,$45.22B,$8.36B,18.48%,$45.22B,$11.54B,25.53%,$45.22B,$6.43B,14.23%,$45.22B,$6.39B,14.12%,$6.39B,$73.39B,11.39%,$6.39B,$-0.28B,-179.04%,$6.39B,$126.66B,6.44%,$8.36B,$87.34B,12.43%,$10560,$3493,$7066,$1549,$3015,$9015,$1545,$-840,$705,$59,$646,$637,$580,$1545,$1545,$2691,2691,$0.22,$0.22,$5567,$8948,$2714,$27172,$13593,$6498,$73666,$0,$99483,$126655,$17798,$13959,$14250,$35472,$53270,$3479,$0,$240,$73385,$126655,$1891,$3406,$-1484,$1922,$-405,$-669,$161,$-256,$-1169,$2644,$-548,$0,$0,$-40,$-266,$-307,$0,$-855,$-2091,$2446,$355,$-195,$-195,$-4751,$-13,$-4603,$-2873,$0,$-4751
13,2012-06-30,30.22,$0.00,0.0,$17.62,1.71,$5.90,5.12,$3.21,9.41,$27.56B,$20.66B,1.33,$13.20B,$72.42B,0.18,$46.75B,$31.94B,68.33%,$46.75B,$9.00B,19.24%,$46.75B,$9.00B,19.24%,$46.75B,$12.18B,26.06%,$46.75B,$8.86B,18.96%,$46.75B,$8.61B,18.41%,$8.61B,$72.42B,22.81%,$8.61B,$-6.56B,-246.22%,$8.61B,$130.75B,12.74%,$9.00B,$85.62B,19.82%,$11716,$3512,$8204,$1592,$2942,$9533,$2183,$-283,$1901,$479,$1421,$1569,$1505,$5370,$2183,$2631,2631,$0.57,$0.57,$5960,$8466,$2606,$27563,$13780,$5000,$78985,$0,$103187,$130750,$20657,$13198,$16223,$37673,$58329,$3398,$0,$455,$72421,$130750,$3853,$3187,$-491,$2696,$-67,$-625,$44,$-341,$-988,$5561,$-919,$0,$0,$4,$-230,$-226,$0,$-1145,$-386,$1189,$803,$-488,$-488,$-4481,$-37,$-4204,$235,$0,$-4481
14,2012-03-31,29.61,$0.00,0.0,$17.83,1.66,$5.88,5.03,$3.23,9.17,$0.00B,$0.00B,0.0,$0.00B,$0.00B,0.0,$47.10B,$31.70B,67.31%,$47.10B,$8.41B,17.86%,$47.10B,$8.41B,17.86%,$47.10B,$8.41B,17.86%,$47.10B,$8.39B,17.82%,$47.10B,$8.56B,18.17%,$8.56B,$0.00B,22.19%,$8.56B,$0.00B,-188.25%,$8.56B,$0.00B,12.10%,$8.41B,$0.00B,17.63%,$11247,$3444,$7803,$1542,$2588,$8666,$2582,$-315,$2736,$650,$2086,$2414,$2414,$2582,$2582,$2642,2642,$0.91,$0.91,$0,$0,$0,$0,$0,$0,$0,$0,$0,$0,$0,$0,$0,$0,$0,$0,$0,$0,$0,$0,$0,$0,$0,$0,$0,$0,$0,$0,$0,$0,$0,$0,$0,$0,$0,$0,$0,$0,$0,$0,$0,$0,$0,$0,$0,$0,$0,$0,$0
15,2011-12-31,27.93,$0.00,0.0,$17.94,1.56,$5.88,4.75,$3.54,7.89,$29.05B,$18.92B,1.54,$17.41B,$78.54B,0.22,$47.27B,$32.09B,67.88%,$47.27B,$8.89B,18.80%,$47.27B,$8.89B,18.80%,$47.27B,$8.89B,18.80%,$47.27B,$7.41B,15.67%,$47.27B,$9.33B,19.74%,$9.33B,$78.54B,24.20%,$9.33B,$-7.42B,-205.26%,$9.33B,$139.51B,13.20%,$8.89B,$95.95B,18.64%,$11701,$3753,$7948,$1746,$3073,$9654,$2047,$-1277,$1092,$-590,$1682,$1887,$1887,$2047,$2047,$2660,2660,$0.71,$0.71,$5985,$8428,$3437,$29051,$0,$4465,$85961,$0,$95486,$139510,$18920,$17409,$16271,$42051,$60971,$3735,$0,$0,$78539,$139510,$7929,$7734,$0,$7734,$0,$0,$0,$0,$-717,$12980,$-1982,$0,$0,$0,$0,$-18928,$435,$-20476,$0,$-202,$7560,$0,$-1394,$-1911,$-24,$4029,$-3261,$0,$0
16,2011-09-30,25.07,$0.00,0.0,$17.40,1.44,$5.98,4.19,$3.05,8.22,$0.00B,$0.00B,0.0,$0.00B,$0.00B,0.0,$45.65B,$31.06B,68.05%,$45.65B,$8.20B,17.97%,$45.65B,$8.20B,17.97%,$45.65B,$8.20B,17.97%,$45.65B,$6.56B,14.36%,$45.65B,$8.04B,17.61%,$8.04B,$0.00B,21.95%,$8.04B,$0.00B,3127.63%,$8.04B,$0.00B,12.53%,$8.20B,$0.00B,18.80%,$12087,$4099,$7988,$1729,$2937,$9903,$2184,$50,$3133,$564,$2570,$2803,$2803,$2184,$2184,$2678,2678,$1.05,$1.05,$0,$0,$0,$0,$0,$0,$0,$0,$0,$0,$0,$0,$0,$0,$0,$0,$0,$0,$0,$0,$0,$0,$0,$0,$0,$0,$0,$0,$0,$0,$0,$0,$0,$0,$0,$0,$0,$0,$0,$0,$0,$0,$0,$0,$0,$0,$0,$0,$0
17,2011-06-30,30.7,$0.00,0.0,$17.02,1.8,$5.98,5.13,$2.85,10.77,$32.57B,$23.10B,1.41,$19.12B,$75.69B,0.25,$44.35B,$30.90B,69.68%,$44.35B,$8.97B,20.23%,$44.35B,$8.97B,20.23%,$44.35B,$8.97B,20.23%,$44.35B,$5.47B,12.33%,$44.35B,$7.45B,16.81%,$7.45B,$75.69B,20.36%,$7.45B,$-10.76B,2900.39%,$7.45B,$143.31B,11.62%,$8.97B,$94.81B,20.57%,$12061,$4101,$7960,$1722,$3253,$10465,$1596,$-722,$1433,$292,$1141,$1453,$1453,$1596,$1596,$2588,2588,$0.56,$0.56,$9573,$9013,$2892,$32571,$0,$4366,$86445,$0,$95383,$143306,$23097,$19122,$15963,$44524,$67621,$3886,$0,$0,$75685,$143306,$3200,$4209,$0,$4209,$0,$0,$0,$0,$-1259,$5619,$-1095,$0,$-18858,$0,$0,$0,$0,$-19953,$0,$6200,$10212,$0,$-121,$-1990,$0,$14301,$105,$0,$0
18,2011-03-31,26.02,$0.00,0.0,$16.45,1.58,$5.97,4.36,$3.14,8.29,$0.00B,$0.00B,0.0,$0.00B,$0.00B,0.0,$42.93B,$30.94B,72.07%,$42.93B,$10.32B,24.03%,$42.93B,$10.32B,24.03%,$42.93B,$10.32B,24.03%,$42.93B,$6.49B,15.12%,$42.93B,$8.22B,19.15%,$8.22B,$0.00B,23.85%,$8.22B,$0.00B,180.72%,$8.22B,$0.00B,14.73%,$10.32B,$0.00B,26.49%,$11423,$3232,$8191,$1504,$2621,$8363,$3061,$-1087,$1750,$368,$1382,$3187,$3187,$3061,$3061,$2614,2614,$1.22,$1.22,$0,$0,$0,$0,$0,$0,$0,$0,$0,$0,$0,$0,$0,$0,$0,$0,$0,$0,$0,$0,$0,$0,$0,$0,$0,$0,$0,$0,$0,$0,$0,$0,$0,$0,$0,$0,$0,$0,$0,$0,$0,$0,$0,$0,$0,$0,$0,$0,$0
19,2010-12-31,23.81,$0.00,0.0,$15.82,1.51,$5.97,3.99,$3.15,7.56,$35.96B,$15.62B,2.3,$8.89B,$70.76B,0.13,$41.26B,$29.68B,71.95%,$41.26B,$9.22B,22.33%,$41.26B,$9.22B,22.33%,$41.26B,$9.22B,22.33%,$41.26B,$7.44B,18.02%,$41.26B,$8.24B,19.96%,$8.24B,$70.76B,23.90%,$8.24B,$11.79B,181.09%,$8.24B,$113.22B,14.76%,$9.22B,$79.65B,23.67%,$10075,$3152,$6923,$1528,$2875,$8715,$1360,$-1705,$239,$-117,$356,$595,$595,$1360,$1360,$2610,2610,$0.22,$0.22,$8653,$6666,$11999,$35958,$0,$3410,$58973,$0,$66435,$113222,$15615,$8890,$12899,$26846,$42461,$3482,$0,$0,$70761,$113222,$7260,$6811,$0,$6811,$0,$0,$0,$0,$-368,$12959,$-1915,$0,$0,$0,$0,$-2301,$-276,$-4492,$0,$412,$-1960,$0,$-327,$-4158,$-138,$-6171,$2354,$0,$0
20,2010-09-30,24.56,$0.00,0.0,$15.82,1.55,$5.38,4.57,$3.56,6.9,$0.00B,$0.00B,0.0,$0.00B,$0.00B,0.0,$41.28B,$29.76B,72.09%,$41.28B,$8.91B,21.59%,$41.28B,$8.91B,21.59%,$41.28B,$8.91B,21.59%,$41.28B,$9.46B,22.92%,$41.28B,$9.30B,22.53%,$9.30B,$0.00B,27.63%,$9.30B,$0.00B,279.03%,$9.30B,$0.00B,16.78%,$8.91B,$0.00B,23.46%,$10788,$2962,$7826,$1400,$2338,$7834,$2954,$-774,$2048,$470,$1578,$2219,$2219,$2954,$2954,$2610,2610,$0.85,$0.85,$0,$0,$0,$0,$0,$0,$0,$0,$0,$0,$0,$0,$0,$0,$0,$0,$0,$0,$0,$0,$0,$0,$0,$0,$0,$0,$0,$0,$0,$0,$0,$0,$0,$0,$0,$0,$0,$0,$0,$0,$0,$0,$0,$0,$0,$0,$0,$0,$0
21,2010-06-30,22.2,$0.00,0.0,$15.87,1.4,$5.38,4.13,$3.97,5.59,$31.89B,$15.40B,2.07,$9.01B,$67.09B,0.13,$41.42B,$29.96B,72.33%,$41.42B,$8.83B,21.33%,$41.42B,$8.83B,21.33%,$41.42B,$8.83B,21.33%,$41.42B,$9.82B,23.72%,$41.42B,$10.37B,25.04%,$10.37B,$67.09B,30.81%,$10.37B,$6.41B,311.16%,$10.37B,$110.06B,18.71%,$8.83B,$76.10B,23.25%,$10648,$2647,$8001,$1378,$2465,$7708,$2940,$-288,$2456,$618,$1839,$2219,$2219,$2940,$2940,$2606,2606,$0.85,$0.85,$4341,$6531,$12103,$31890,$0,$2815,$60682,$0,$67660,$110057,$15401,$9009,$11860,$27568,$42969,$3346,$0,$0,$67088,$110057,$4366,$3079,$0,$3079,$0,$0,$0,$0,$-1607,$5385,$-851,$0,$0,$0,$0,$-1821,$0,$-2672,$0,$-416,$114,$0,$-323,$-4002,$-123,$-4750,$-1877,$0,$0
22,2010-03-31,26.62,$0.00,0.0,$15.83,1.68,$5.50,4.84,$4.36,6.11,$0.00B,$0.00B,0.0,$0.00B,$0.00B,0.0,$41.35B,$30.02B,72.59%,$41.35B,$8.80B,21.28%,$41.35B,$8.80B,21.28%,$41.35B,$8.80B,21.28%,$41.35B,$8.98B,21.72%,$41.35B,$11.38B,27.52%,$11.38B,$0.00B,35.40%,$11.38B,$0.00B,634.37%,$11.38B,$0.00B,21.05%,$8.80B,$0.00B,24.05%,$9748,$2814,$6934,$1538,$2260,$7787,$1961,$-294,$2692,$679,$2013,$3204,$3204,$1961,$1961,$2609,2609,$1.23,$1.23,$0,$0,$0,$0,$0,$0,$0,$0,$0,$0,$0,$0,$0,$0,$0,$0,$0,$0,$0,$0,$0,$0,$0,$0,$0,$0,$0,$0,$0,$0,$0,$0,$0,$0,$0,$0,$0,$0,$0,$0,$0,$0,$0,$0,$0,$0,$0,$0,$0
23,2009-12-31,27.98,$0.00,0.0,$15.62,1.79,$5.50,5.08,$4.21,6.65,$33.30B,$17.29B,1.93,$8.31B,$67.56B,0.12,$40.79B,$29.80B,73.06%,$40.79B,$8.81B,21.60%,$40.79B,$8.81B,21.60%,$40.79B,$8.81B,21.60%,$40.79B,$8.46B,20.74%,$40.79B,$10.99B,26.95%,$10.99B,$67.56B,34.20%,$10.99B,$6.93B,612.79%,$10.99B,$111.64B,20.34%,$8.81B,$75.88B,24.08%,$10098,$3098,$7000,$1873,$2764,$9040,$1057,$-403,$2266,$364,$1902,$1658,$1658,$1057,$1057,$2614,2614,$0.63,$0.63,$6930,$6198,$11779,$33295,$0,$2724,$60637,$0,$67422,$111636,$17290,$8313,$11591,$26783,$44074,$3678,$0,$0,$67563,$111636,$7343,$6988,$0,$6988,$0,$0,$0,$0,$-1181,$11875,$-2371,$0,$0,$0,$0,$-7758,$-33,$-10162,$0,$-1095,$3777,$0,$234,$-4005,$-8,$-1098,$650,$0,$0
24,2009-09-30,26.33,$0.00,0.0,$15.85,1.66,$6.18,4.26,$3.68,7.15,$0.00B,$0.00B,0.0,$0.00B,$0.00B,0.0,$40.53B,$30.07B,74.20%,$40.53B,$9.40B,23.19%,$40.53B,$9.40B,23.19%,$40.53B,$9.40B,23.19%,$40.53B,$5.28B,13.02%,$40.53B,$9.57B,23.62%,$9.57B,$0.00B,30.08%,$9.57B,$0.00B,1432.16%,$9.57B,$0.00B,18.20%,$9.40B,$0.00B,26.30%,$10922,$2898,$8023,$1585,$2317,$8048,$2874,$-650,$2410,$617,$1792,$3290,$3290,$2874,$2874,$2611,2611,$1.26,$1.26,$0,$0,$0,$0,$0,$0,$0,$0,$0,$0,$0,$0,$0,$0,$0,$0,$0,$0,$0,$0,$0,$0,$0,$0,$0,$0,$0,$0,$0,$0,$0,$0,$0,$0,$0,$0,$0,$0,$0,$0,$0,$0,$0,$0,$0,$0,$0,$0,$0
25,2009-06-30,21.01,$0.00,0.0,$15.54,1.35,$6.18,3.4,$3.17,6.63,$25.23B,$14.69B,1.72,$9.51B,$61.00B,0.16,$39.73B,$29.47B,74.18%,$39.73B,$8.62B,21.69%,$39.73B,$8.62B,21.69%,$39.73B,$8.62B,21.69%,$39.73B,$5.46B,13.74%,$39.73B,$8.26B,20.78%,$8.26B,$61.00B,25.94%,$8.26B,$0.25B,1234.85%,$8.26B,$104.55B,15.69%,$8.62B,$70.51B,24.12%,$10582,$2523,$8059,$1509,$2401,$7674,$2908,$-1331,$1615,$356,$1260,$3227,$3227,$2908,$2908,$2611,2611,$1.24,$1.24,$8722,$5818,$2700,$25233,$0,$4122,$60751,$0,$69023,$104552,$14693,$9512,$11793,$28859,$43552,$3584,$0,$0,$61000,$104552,$3592,$3093,$0,$3093,$0,$0,$0,$0,$-1344,$5963,$-1084,$0,$0,$0,$0,$-2508,$0,$-3592,$0,$-90,$4315,$0,$4,$-3919,$0,$311,$2708,$0,$0
26,2009-03-31,18.86,$0.00,0.0,$15.46,1.22,$5.83,3.23,$2.97,6.35,$0.00B,$0.00B,0.0,$0.00B,$0.00B,0.0,$39.56B,$29.12B,73.62%,$39.56B,$7.71B,19.49%,$39.56B,$7.71B,19.49%,$39.56B,$7.71B,19.49%,$39.56B,$5.81B,14.69%,$39.56B,$7.76B,19.61%,$7.76B,$0.00B,23.66%,$7.76B,$0.00B,-7954.87%,$7.76B,$0.00B,14.67%,$7.71B,$0.00B,21.42%,$9190,$2471,$6720,$1424,$2196,$7218,$1973,$-59,$2169,$565,$1604,$2817,$2817,$1973,$1973,$2609,2609,$1.08,$1.08,$0,$0,$0,$0,$0,$0,$0,$0,$0,$0,$0,$0,$0,$0,$0,$0,$0,$0,$0,$0,$0,$0,$0,$0,$0,$0,$0,$0,$0,$0,$0,$0,$0,$0,$0,$0,$0,$0,$0,$0,$0,$0,$0,$0,$0,$0,$0,$0,$0
27,2008-12-31,21.72,$0.00,0.0,$19.90,1.09,$5.83,3.72,$4.03,5.39,$22.66B,$13.75B,1.65,$6.14B,$66.31B,0.09,$40.89B,$30.09B,73.60%,$40.89B,$7.99B,19.54%,$40.89B,$7.99B,19.54%,$40.89B,$7.99B,19.54%,$40.89B,$6.12B,14.98%,$40.89B,$7.76B,18.99%,$7.76B,$66.31B,23.68%,$7.76B,$2.43B,-7963.08%,$7.76B,$105.92B,14.69%,$7.99B,$72.45B,22.20%,$9834,$2566,$7269,$1754,$2638,$8189,$1645,$-2614,$-919,$-891,$-29,$240,$240,$1645,$1645,$2401,2401,$0.10,$0.10,$6811,$5282,$2768,$22662,$0,$4826,$63888,$0,$73010,$105915,$13749,$6140,$11373,$25852,$39602,$3871,$0,$0,$66313,$105915,$5666,$8806,$0,$8806,$0,$0,$0,$0,$-1,$12540,$-2182,$0,$0,$0,$0,$-987,$0,$-3169,$0,$820,$-718,$0,$-1721,$-3984,$0,$-5604,$3700,$0,$0
28,2008-09-30,22.2,$0.00,0.0,$19.69,1.13,$4.51,4.92,$4.75,4.67,$0.00B,$0.00B,0.0,$0.00B,$0.00B,0.0,$41.42B,$30.35B,73.28%,$41.42B,$7.86B,18.98%,$41.42B,$7.86B,18.98%,$41.42B,$7.86B,18.98%,$41.42B,$8.43B,20.34%,$41.42B,$9.72B,23.46%,$9.72B,$0.00B,30.82%,$9.72B,$0.00B,-763.17%,$9.72B,$0.00B,19.04%,$7.86B,$0.00B,22.79%,$10127,$2702,$7426,$1641,$2414,$8034,$2094,$-167,$2595,$717,$1877,$1971,$1971,$2094,$2094,$2616,2616,$0.75,$0.75,$0,$0,$0,$0,$0,$0,$0,$0,$0,$0,$0,$0,$0,$0,$0,$0,$0,$0,$0,$0,$0,$0,$0,$0,$0,$0,$0,$0,$0,$0,$0,$0,$0,$0,$0,$0,$0,$0,$0,$0,$0,$0,$0,$0,$0,$0,$0,$0,$0
29,2008-06-30,22.44,$0.00,0.0,$19.56,1.15,$4.51,4.98,$4.99,4.5,$18.62B,$14.01B,1.33,$6.69B,$64.83B,0.1,$41.43B,$30.44B,73.49%,$41.43B,$8.22B,19.84%,$41.43B,$8.22B,19.84%,$41.43B,$8.22B,19.84%,$41.43B,$8.16B,19.70%,$41.43B,$10.42B,25.15%,$10.42B,$64.83B,33.04%,$10.42B,$-2.82B,-818.30%,$10.42B,$105.54B,20.42%,$8.22B,$71.52B,23.83%,$10407,$2698,$7709,$1706,$2681,$8411,$1997,$-528,$1965,$530,$1435,$2728,$2728,$1997,$1997,$2623,2623,$1.04,$1.04,$1577,$5873,$3092,$18622,$0,$5096,$67646,$0,$76677,$105535,$14007,$6691,$10448,$26698,$40705,$4111,$0,$0,$64830,$105535,$3650,$3557,$0,$3557,$0,$0,$0,$0,$-1079,$5068,$-1085,$0,$0,$0,$0,$3,$0,$-1082,$0,$86,$888,$0,$-1882,$-4230,$0,$-5139,$-1196,$0,$0
30,2008-03-31,24.28,$0.00,0.0,$19.06,1.27,$4.31,5.63,$4.51,5.38,$0.00B,$0.00B,0.0,$0.00B,$0.00B,0.0,$40.37B,$29.61B,73.34%,$40.37B,$7.78B,19.27%,$40.37B,$7.78B,19.27%,$40.37B,$7.78B,19.27%,$40.37B,$8.06B,19.97%,$40.37B,$9.21B,22.82%,$9.21B,$0.00B,29.84%,$9.21B,$0.00B,-511.07%,$9.21B,$0.00B,18.44%,$7.78B,$0.00B,23.19%,$10519,$2829,$7690,$1631,$2515,$8265,$2254,$-67,$2483,$647,$1836,$2825,$2825,$2254,$2254,$1320,1320,$2.14,$2.14,$0,$0,$0,$0,$0,$0,$0,$0,$0,$0,$0,$0,$0,$0,$0,$0,$0,$0,$0,$0,$0,$0,$0,$0,$0,$0,$0,$0,$0,$0,$0,$0,$0,$0,$0,$0,$0,$0,$0,$0,$0,$0,$0,$0,$0,$0,$0,$0,$0
31,2007-12-31,29.45,$0.00,0.0,$14.69,2.0,$4.31,6.83,$3.12,9.44,$17.21B,$13.25B,1.3,$5.12B,$61.30B,0.08,$39.59B,$29.22B,73.79%,$39.59B,$7.93B,20.02%,$39.59B,$7.93B,20.02%,$39.59B,$7.93B,20.02%,$39.59B,$7.91B,19.98%,$39.59B,$8.40B,21.22%,$8.40B,$61.30B,27.21%,$8.40B,$-2.28B,-466.02%,$8.40B,$98.57B,16.82%,$7.93B,$66.42B,23.62%,$10366,$2839,$7527,$1828,$2857,$8851,$1515,$-248,$1383,$185,$1197,$2193,$2193,$1515,$1515,$2671,2671,$0.82,$0.82,$2459,$5111,$2914,$17206,$0,$4839,$63574,$0,$72404,$98573,$13253,$5118,$9399,$24023,$37276,$3745,$0,$0,$61296,$98573,$7214,$6393,$0,$6393,$0,$0,$0,$0,$-1112,$9740,$-1756,$0,$0,$0,$0,$-596,$0,$-2352,$0,$-698,$-584,$0,$-2072,$-3253,$0,$-6607,$765,$0,$0
32,2007-09-30,27.44,$0.00,0.0,$14.33,1.91,$4.27,6.43,$2.58,10.64,$0.00B,$0.00B,0.0,$0.00B,$0.00B,0.0,$38.72B,$28.63B,73.95%,$38.72B,$7.81B,20.18%,$38.72B,$7.81B,20.18%,$38.72B,$7.81B,20.18%,$38.72B,$7.14B,18.45%,$38.72B,$6.95B,17.95%,$6.95B,$0.00B,23.22%,$6.95B,$0.00B,-214.49%,$6.95B,$0.00B,13.97%,$7.81B,$0.00B,23.85%,$10133,$2615,$7518,$1490,$2331,$7680,$2452,$-55,$2328,$-98,$2425,$2673,$2673,$2452,$2452,$2705,2705,$0.99,$0.99,$0,$0,$0,$0,$0,$0,$0,$0,$0,$0,$0,$0,$0,$0,$0,$0,$0,$0,$0,$0,$0,$0,$0,$0,$0,$0,$0,$0,$0,$0,$0,$0,$0,$0,$0,$0,$0,$0,$0,$0,$0,$0,$0,$0,$0,$0,$0,$0,$0
33,2007-06-30,26.05,$0.00,0.0,$13.86,1.88,$4.27,6.11,$2.40,10.85,$16.75B,$13.18B,1.27,$5.64B,$62.17B,0.09,$37.43B,$27.61B,73.76%,$37.43B,$7.00B,18.70%,$37.43B,$7.00B,18.70%,$37.43B,$7.00B,18.70%,$37.43B,$6.63B,17.71%,$37.43B,$6.45B,17.24%,$6.45B,$62.17B,21.56%,$6.45B,$-4.93B,-199.21%,$6.45B,$101.22B,12.98%,$7.00B,$67.81B,21.36%,$9356,$2481,$6875,$1484,$2597,$7795,$1561,$-84,$1870,$503,$1367,$1521,$1521,$1561,$1561,$2704,2704,$0.56,$0.56,$1587,$5300,$2740,$16745,$0,$4822,$67102,$0,$75888,$101220,$13181,$5640,$8845,$25868,$39049,$3673,$0,$0,$62170,$101220,$3593,$3073,$0,$3073,$0,$0,$0,$0,$-1568,$4107,$-538,$0,$0,$0,$0,$-249,$0,$-787,$0,$1216,$-1619,$0,$163,$-3197,$0,$-3437,$-94,$0,$0
34,2007-03-31,27.46,$0.00,0.0,$13.71,2.0,$4.60,5.97,$2.68,10.25,$0.00B,$0.00B,0.0,$0.00B,$0.00B,0.0,$36.97B,$27.25B,73.71%,$36.97B,$6.85B,18.54%,$36.97B,$6.85B,18.54%,$36.97B,$6.85B,18.54%,$36.97B,$6.01B,16.26%,$36.97B,$7.18B,19.43%,$7.18B,$0.00B,25.15%,$7.18B,$0.00B,-133.35%,$7.18B,$0.00B,14.36%,$6.85B,$0.00B,22.01%,$9737,$2443,$7295,$1417,$2275,$7338,$2399,$-71,$2331,$351,$1980,$2013,$2013,$2399,$2399,$2702,2702,$0.75,$0.75,$0,$0,$0,$0,$0,$0,$0,$0,$0,$0,$0,$0,$0,$0,$0,$0,$0,$0,$0,$0,$0,$0,$0,$0,$0,$0,$0,$0,$0,$0,$0,$0,$0,$0,$0,$0,$0,$0,$0,$0,$0,$0,$0,$0,$0,$0,$0,$0,$0
35,2006-12-31,29.14,$0.00,0.0,$13.24,2.2,$4.60,6.34,$2.60,11.21,$15.28B,$12.91B,1.18,$5.65B,$57.56B,0.1,$35.70B,$26.17B,73.30%,$35.70B,$5.85B,16.39%,$35.70B,$5.85B,16.39%,$35.70B,$5.85B,16.39%,$35.70B,$5.97B,16.71%,$35.70B,$6.99B,19.58%,$6.99B,$57.56B,24.47%,$6.99B,$-8.03B,-129.74%,$6.99B,$97.69B,13.97%,$5.85B,$63.21B,18.78%,$9489,$2547,$6942,$1557,$2728,$8089,$1400,$-1078,$615,$-257,$872,$742,$742,$1400,$1400,$2696,2696,$0.28,$0.28,$1584,$4596,$2774,$15275,$0,$4625,$65586,$0,$74598,$97686,$12911,$5652,$9949,$27216,$40127,$3416,$0,$0,$57559,$97686,$5032,$7678,$0,$7678,$0,$0,$0,$0,$-4000,$8295,$-352,$0,$0,$0,$0,$-636,$-5,$-992,$0,$-4615,$-612,$0,$448,$-2575,$0,$-7353,$-121,$0,$0
