,Date,Stock Price,Book Value per Share,Price to Book Ratio,TTM Sales per Share,Price to Sales Ratio,TTM FCF per Share,Price to FCF Ratio,TTM Net EPS,PE Ratio,Current Assets,Current Liabilities,Current Ratio,Long Term Debt,Shareholder's Equity_x,Debt to Equity Ratio,TTM Revenue_x,TTM Gross Profit,Gross Margin,TTM Revenue_y,TTM Operating Income,Operating Margin,TTM Revenue_x,TTM EBIT,EBIT Margin,TTM Revenue_y,TTM EBITDA,EBITDA Margin,TTM Revenue_x,TTM Pre-Tax Income,Pre-Tax Margin,TTM Revenue_y,TTM Net Income_x,Net Margin,TTM Net Income_y,Shareholder's Equity_y,Return on Equity,TTM Net Income_x,Tangible Equity,Return on Tangible Equity,TTM Net Income_y,Total Assets,Return on Assets,TTM Net Income,LT Investments & Debt,Return on Investment,revenue,cost-goods-sold,gross-profit,research-development-expenses,selling-general-administrative-expenses,operating-expenses,operating-income,total-non-operating-income-expense,pre-tax-income,total-provision-income-taxes,income-after-taxes,income-from-continuous-operations,net-income,ebitda,ebit,basic-shares-outstanding,shares-outstanding,eps-basic-net-earnings-per-share,eps-earnings-per-share-diluted,cash-on-hand,inventory,other-current-assets,total-current-assets,net-property-plant-equipment,long-term-investments,goodwill-intangible-assets-total,other-long-term-assets,total-long-term-assets,total-assets,total-current-liabilities,long-term-debt,other-non-current-liabilities,total-long-term-liabilities,total-liabilities,common-stock-net,retained-earnings-accumulated-deficit,comprehensive-income,total-share-holder-equity,total-liabilities-share-holders-equity,net-income-loss,total-depreciation-amortization-cash-flow,other-non-cash-items,total-non-cash-items,change-in-accounts-receivable,change-in-inventories,change-in-accounts-payable,change-in-assets-liabilities,total-change-in-assets-liabilities,cash-flow-from-operating-activities,net-change-in-property-plant-equipment,net-change-in-intangible-assets,net-acquisitions-divestitures,net-change-in-short-term-investments,net-change-in-long-term-investments,net-change-in-investments-total,investing-activities-other,cash-flow-from-investing-activities,net-long-term-debt,net-current-debt,debt-issuance-retirement-net-total,net-common-equity-issued-repurchased,net-total-equity-issued-repurchased,total-common-preferred-stock-dividends-paid,financial-activities-other,cash-flow-from-financial-activities,net-cash-flow,stock-based-compensation,common-stock-dividends-paid
0,2018-09-30,7.2,$6.29,1.15,$12.74,0.56,$-17.42,0.0,$-0.44,0.0,$0.05B,$0.02B,2.9,$0.39B,$0.09B,4.41,$0.17B,$0.11B,63.01%,$0.17B,$0.02B,11.56%,$0.17B,$0.02B,11.56%,$0.17B,$0.04B,23.70%,$0.17B,$0.00B,0.58%,$0.17B,$-0.01B,-3.47%,$-0.01B,$0.09B,-6.54%,$-0.01B,$0.09B,-6.54%,$-0.01B,$0.50B,-1.26%,$0.02B,$0.48B,4.41%,$41,$16,$25,$0,$2,$38,$3,$-6,$-3,$-1,$-2,$-2,$-3,$8,$3,$14,14,$-0.23,$-0.23,$42,$0,$0,$50,$438,$0,$0,$9,$452,$502,$17,$390,$6,$396,$413,$0,$-56,$0,$89,$502,$2,$16,$1,$17,$-2,$1,$0,$1,$3,$22,$-98,$0,$0,$0,$0,$0,$1,$-97,$95,$0,$95,$1,$2,$-10,$-4,$84,$9,$0,$-5
1,2018-06-30,6.98,$6.52,1.07,$12.34,0.57,$-11.82,0.0,$-0.32,0.0,$0.05B,$0.02B,2.61,$0.38B,$0.09B,4.11,$0.17B,$0.11B,63.31%,$0.17B,$0.02B,11.24%,$0.17B,$0.02B,11.24%,$0.17B,$0.04B,23.67%,$0.17B,$0.00B,1.18%,$0.17B,$-0.01B,-2.96%,$-0.01B,$0.09B,-5.70%,$-0.01B,$0.09B,-5.70%,$-0.01B,$0.49B,-1.10%,$0.02B,$0.47B,4.40%,$52,$18,$34,$0,$2,$42,$9,$-5,$4,$1,$3,$3,$1,$15,$9,$13,13,$0.10,$0.10,$34,$0,$0,$45,$434,$0,$0,$9,$448,$493,$17,$378,$5,$383,$401,$0,$-51,$0,$92,$493,$4,$12,$-1,$11,$-4,$1,$0,$2,$1,$16,$-90,$0,$0,$0,$0,$0,$0,$-90,$83,$0,$83,$0,$0,$-6,$-2,$74,$0,$0,$-3
2,2018-03-31,6.8,$6.56,1.04,$11.46,0.59,$-6.25,0.0,$-0.40,0.0,$0.05B,$0.02B,2.74,$0.38B,$0.09B,4.13,$0.16B,$0.10B,63.29%,$0.16B,$0.02B,9.49%,$0.16B,$0.02B,9.49%,$0.16B,$0.04B,22.15%,$0.16B,$-0.00B,-0.63%,$0.16B,$-0.01B,-3.80%,$-0.01B,$0.09B,-7.16%,$-0.01B,$0.09B,-7.16%,$-0.01B,$0.50B,-1.38%,$0.02B,$0.47B,3.63%,$42,$15,$27,$0,$2,$37,$5,$-3,$1,$0,$1,$1,$-0,$11,$5,$13,13,$-0.02,$-0.02,$36,$0,$0,$45,$439,$0,$0,$6,$450,$495,$17,$381,$6,$387,$403,$0,$-51,$0,$92,$495,$1,$6,$-0,$5,$-4,$1,$0,$1,$1,$7,$-86,$0,$0,$0,$0,$0,$1,$-85,$85,$0,$85,$0,$0,$-3,$-2,$80,$2,$0,$-2
3,2017-12-31,6.22,$6.69,0.93,$11.12,0.56,$-0.30,0.0,$-0.25,0.0,$0.04B,$0.01B,2.85,$0.30B,$0.09B,3.16,$0.16B,$0.10B,63.87%,$0.16B,$0.02B,10.32%,$0.16B,$0.02B,10.32%,$0.16B,$0.03B,21.94%,$0.16B,$0.00B,0.65%,$0.16B,$-0.00B,-2.58%,$-0.00B,$0.09B,-5.00%,$-0.00B,$0.09B,-5.00%,$-0.00B,$0.41B,-0.98%,$0.02B,$0.39B,4.10%,$38,$16,$23,$0,$1,$35,$3,$-4,$-1,$2,$-3,$-3,$-4,$7,$3,$14,14,$-0.28,$-0.28,$33,$0,$0,$39,$358,$0,$0,$7,$371,$410,$14,$297,$5,$302,$316,$0,$-49,$0,$94,$410,$0,$18,$2,$20,$-2,$-3,$0,$-1,$-4,$16,$-22,$0,$0,$0,$0,$0,$3,$-18,$-11,$0,$-11,$-9,$22,$-10,$-1,$1,$-2,$0,$-6
4,2017-09-30,5.59,$5.25,1.07,$10.77,0.52,$0.30,18.62,$-0.01,0.0,$0.05B,$0.02B,2.78,$0.32B,$0.07B,4.46,$0.15B,$0.10B,64.71%,$0.15B,$0.02B,10.46%,$0.15B,$0.02B,10.46%,$0.15B,$0.03B,22.22%,$0.15B,$0.00B,0.65%,$0.15B,$-0.00B,-0.65%,$-0.00B,$0.07B,-1.30%,$-0.00B,$0.07B,-1.30%,$-0.00B,$0.42B,-0.24%,$0.02B,$0.40B,4.11%,$37,$14,$23,$0,$1,$35,$2,$-4,$-2,$-1,$-1,$-1,$-2,$7,$2,$14,14,$-0.11,$-0.11,$39,$0,$0,$45,$358,$0,$0,$6,$372,$416,$16,$323,$5,$328,$344,$0,$-43,$0,$73,$416,$3,$13,$-1,$12,$-2,$-2,$0,$0,$0,$15,$-16,$0,$0,$0,$0,$0,$1,$-15,$16,$0,$16,$-6,$-6,$-7,$-1,$2,$2,$0,$-5
5,2017-06-30,6.32,$5.49,1.15,$10.61,0.6,$0.63,9.98,$-0.01,0.0,$0.04B,$0.01B,3.19,$0.32B,$0.08B,4.2,$0.15B,$0.10B,65.36%,$0.15B,$0.02B,11.76%,$0.15B,$0.02B,11.76%,$0.15B,$0.04B,22.88%,$0.15B,$0.00B,0.65%,$0.15B,$-0.00B,-0.65%,$-0.00B,$0.08B,-1.25%,$-0.00B,$0.08B,-1.25%,$-0.00B,$0.41B,-0.25%,$0.02B,$0.40B,4.66%,$41,$14,$27,$0,$2,$35,$5,$-4,$1,$0,$1,$1,$0,$10,$5,$14,14,$0.02,$0.02,$39,$0,$0,$43,$357,$0,$0,$6,$370,$413,$13,$319,$5,$324,$337,$0,$-40,$0,$76,$413,$4,$9,$-1,$8,$0,$-1,$0,$-0,$0,$12,$-11,$0,$0,$0,$0,$0,$1,$-10,$12,$0,$12,$-6,$-6,$-5,$-1,$1,$3,$0,$-3
6,2017-03-31,5.87,$5.58,1.05,$10.46,0.56,$0.87,6.79,$0.09,65.24,$0.03B,$0.01B,2.25,$0.30B,$0.08B,3.94,$0.15B,$0.10B,64.94%,$0.15B,$0.02B,12.99%,$0.15B,$0.02B,12.99%,$0.15B,$0.04B,23.38%,$0.15B,$0.00B,1.30%,$0.15B,$0.00B,0.65%,$0.00B,$0.08B,1.34%,$0.00B,$0.08B,1.34%,$0.00B,$0.40B,0.25%,$0.02B,$0.38B,5.22%,$39,$13,$26,$0,$2,$33,$6,$-3,$3,$0,$3,$3,$2,$10,$6,$14,14,$0.13,$0.13,$26,$0,$0,$32,$356,$0,$0,$6,$368,$401,$14,$304,$6,$309,$324,$0,$-39,$0,$77,$401,$3,$4,$-1,$3,$-2,$-1,$0,$1,$-0,$6,$-5,$0,$0,$0,$0,$0,$1,$-4,$-4,$0,$-4,$-6,$-6,$-2,$0,$-12,$-10,$0,$-2
7,2016-12-31,6.13,$5.62,1.09,$10.26,0.6,$0.89,6.86,$-0.01,0.0,$0.04B,$0.01B,3.12,$0.31B,$0.08B,3.78,$0.15B,$0.10B,64.05%,$0.15B,$0.02B,12.42%,$0.15B,$0.02B,12.42%,$0.15B,$0.04B,22.88%,$0.15B,$-0.00B,-0.65%,$0.15B,$-0.00B,-0.65%,$-0.00B,$0.08B,-1.47%,$-0.00B,$0.08B,-1.47%,$-0.00B,$0.41B,-0.25%,$0.02B,$0.39B,4.98%,$36,$13,$23,$0,$2,$33,$3,$-4,$-1,$-1,$-0,$-0,$-1,$7,$3,$15,15,$-0.05,$-0.05,$36,$0,$0,$40,$354,$0,$0,$5,$366,$406,$13,$307,$5,$312,$325,$0,$-40,$0,$81,$406,$1,$16,$0,$17,$0,$-0,$0,$0,$-0,$17,$-15,$0,$0,$0,$0,$0,$2,$-13,$-12,$0,$-12,$-2,$36,$-6,$-2,$16,$20,$0,$-6
8,2016-09-30,4.7,$5.82,0.81,$10.78,0.44,$-1.83,0.0,$-0.00,0.0,$0.04B,$0.02B,2.38,$0.30B,$0.09B,3.39,$0.15B,$0.10B,64.29%,$0.15B,$0.02B,12.34%,$0.15B,$0.02B,12.34%,$0.15B,$0.04B,22.73%,$0.15B,$-0.00B,-1.30%,$0.15B,$-0.00B,-0.65%,$-0.00B,$0.09B,-1.63%,$-0.00B,$0.09B,-1.63%,$-0.00B,$0.40B,-0.25%,$0.02B,$0.38B,5.03%,$37,$14,$24,$0,$1,$34,$4,$-6,$-2,$-0,$-2,$-2,$-2,$8,$4,$15,15,$-0.11,$-0.11,$32,$0,$0,$37,$354,$0,$0,$5,$365,$402,$16,$295,$4,$299,$315,$0,$-37,$0,$87,$402,$1,$12,$1,$13,$-0,$-1,$0,$-2,$1,$15,$-11,$0,$0,$0,$0,$0,$2,$-9,$-24,$0,$-24,$0,$38,$-4,$-1,$8,$15,$0,$-4
9,2016-06-30,4.94,$3.52,1.4,$10.67,0.46,$-4.21,0.0,$0.40,12.34,$0.04B,$0.02B,2.39,$0.33B,$0.05B,6.27,$0.15B,$0.10B,63.58%,$0.15B,$0.02B,11.26%,$0.15B,$0.02B,11.26%,$0.15B,$0.03B,21.85%,$0.15B,$0.00B,2.65%,$0.15B,$0.01B,3.31%,$0.01B,$0.05B,9.39%,$0.01B,$0.05B,9.39%,$0.01B,$0.40B,1.27%,$0.02B,$0.38B,4.52%,$42,$14,$27,$0,$1,$35,$7,$-5,$2,$1,$2,$2,$2,$11,$7,$15,15,$0.12,$0.12,$31,$0,$0,$35,$356,$0,$0,$5,$366,$401,$15,$330,$4,$334,$349,$0,$-34,$0,$53,$401,$3,$8,$0,$9,$0,$-1,$0,$1,$2,$13,$-9,$0,$0,$0,$0,$0,$1,$-8,$12,$0,$12,$0,$0,$-3,$-1,$9,$15,$0,$-3
10,2016-03-31,4.42,$3.49,1.27,$11.29,0.39,$-4.65,0.0,$0.41,10.78,$0.02B,$0.01B,1.59,$0.32B,$0.05B,6.12,$0.15B,$0.09B,63.70%,$0.15B,$0.02B,11.64%,$0.15B,$0.02B,11.64%,$0.15B,$0.03B,22.60%,$0.15B,$0.01B,3.42%,$0.15B,$0.00B,2.74%,$0.00B,$0.05B,8.47%,$0.00B,$0.05B,8.47%,$0.00B,$0.39B,1.08%,$0.02B,$0.37B,4.81%,$38,$14,$24,$0,$2,$33,$5,$-5,$0,$-0,$1,$1,$0,$9,$5,$15,15,$0.03,$0.03,$19,$0,$0,$23,$356,$0,$0,$5,$367,$390,$14,$319,$4,$323,$337,$0,$-35,$0,$52,$390,$1,$4,$0,$4,$0,$-0,$0,$0,$2,$7,$-5,$0,$0,$0,$0,$0,$2,$-3,$1,$0,$1,$0,$0,$-1,$-0,$-0,$3,$0,$-1
11,2015-12-31,5.22,$3.65,1.43,$11.66,0.45,$-4.87,0.0,$0.43,12.13,$0.02B,$0.01B,1.96,$0.32B,$0.05B,6.07,$0.14B,$0.09B,63.31%,$0.14B,$0.02B,11.51%,$0.14B,$0.02B,11.51%,$0.14B,$0.03B,22.30%,$0.14B,$0.01B,3.60%,$0.14B,$0.01B,3.60%,$0.01B,$0.05B,12.12%,$0.01B,$0.05B,12.12%,$0.01B,$0.39B,1.44%,$0.02B,$0.37B,4.83%,$37,$13,$24,$0,$2,$34,$3,$-5,$-2,$-1,$-1,$-1,$-1,$7,$3,$13,13,$-0.02,$-0.02,$17,$0,$0,$24,$355,$0,$0,$4,$365,$389,$12,$321,$3,$324,$336,$0,$-34,$0,$53,$389,$6,$15,$-7,$8,$-2,$-1,$0,$1,$-3,$11,$-43,$0,$0,$0,$0,$0,$2,$-41,$7,$0,$7,$23,$23,$-4,$-1,$25,$-5,$0,$-4
12,2015-09-30,5.68,$3.79,1.5,$11.60,0.49,$-7.73,0.0,$0.42,13.53,$0.03B,$0.02B,1.84,$0.32B,$0.06B,5.87,$0.13B,$0.08B,62.12%,$0.13B,$0.01B,9.09%,$0.13B,$0.01B,9.09%,$0.13B,$0.03B,20.45%,$0.13B,$0.00B,1.52%,$0.13B,$0.00B,2.27%,$0.00B,$0.06B,8.57%,$0.00B,$0.06B,8.57%,$0.00B,$0.40B,0.92%,$0.01B,$0.38B,3.88%,$34,$13,$21,$0,$2,$32,$2,$2,$4,$-1,$5,$5,$4,$6,$2,$14,14,$0.27,$0.27,$22,$0,$0,$27,$355,$0,$0,$5,$368,$395,$15,$322,$4,$326,$340,$0,$-32,$0,$55,$395,$7,$11,$-6,$4,$-3,$-1,$0,$0,$-2,$9,$-39,$0,$0,$0,$0,$0,$3,$-36,$7,$0,$7,$23,$23,$-3,$-1,$26,$-1,$0,$-3
13,2015-06-30,5.84,$2.67,2.18,$12.29,0.48,$-10.42,0.0,$0.11,53.09,$0.03B,$0.01B,2.29,$0.26B,$0.03B,9.0,$0.13B,$0.08B,62.31%,$0.13B,$0.01B,10.00%,$0.13B,$0.01B,10.00%,$0.13B,$0.03B,21.54%,$0.13B,$-0.00B,-2.31%,$0.13B,$-0.00B,-0.77%,$-0.00B,$0.03B,-3.39%,$-0.00B,$0.03B,-3.39%,$-0.00B,$0.31B,-0.33%,$0.01B,$0.29B,4.55%,$37,$13,$24,$0,$1,$30,$7,$-4,$3,$1,$2,$2,$1,$11,$7,$11,11,$0.13,$0.13,$24,$0,$0,$28,$264,$0,$0,$6,$277,$305,$12,$261,$3,$264,$276,$0,$-35,$0,$29,$305,$2,$7,$1,$8,$-2,$-0,$0,$-0,$-1,$9,$-11,$0,$0,$0,$0,$0,$1,$-10,$3,$0,$3,$1,$1,$-2,$-1,$1,$1,$0,$-2
14,2015-03-31,6.23,$2.60,2.4,$12.38,0.5,$-15.25,0.0,$0.19,32.79,$0.02B,$0.01B,1.84,$0.26B,$0.03B,9.32,$0.13B,$0.08B,62.79%,$0.13B,$0.01B,10.08%,$0.13B,$0.01B,10.08%,$0.13B,$0.03B,21.71%,$0.13B,$-0.00B,-2.33%,$0.13B,0,0.00%,$0.00B,$0.03B,0.00%,$0.00B,$0.03B,0.00%,$0.00B,$0.30B,0.00%,$0.01B,$0.29B,4.57%,$31,$12,$19,$0,$1,$27,$4,$-3,$0,$-0,$1,$1,$1,$7,$4,$11,11,$0.05,$0.05,$20,$0,$0,$24,$261,$0,$0,$6,$276,$300,$13,$257,$3,$260,$273,$0,$-36,$0,$28,$300,$1,$3,$-1,$3,$-2,$-1,$0,$0,$0,$3,$-4,$0,$0,$0,$0,$0,$3,$-1,$-1,$0,$-1,$0,$0,$-1,$-1,$-3,$-1,$0,$-1
15,2014-12-31,6.08,$2.60,2.34,$11.90,0.51,$-20.90,0.0,$0.22,27.65,$0.03B,$0.01B,2.11,$0.26B,$0.03B,9.39,$0.12B,$0.08B,63.41%,$0.12B,$0.01B,9.76%,$0.12B,$0.01B,9.76%,$0.12B,$0.03B,21.14%,$0.12B,$-0.00B,-2.44%,$0.12B,0,0.00%,$0.00B,$0.03B,0.00%,$0.00B,$0.03B,0.00%,$0.00B,$0.30B,0.00%,$0.01B,$0.29B,4.21%,$30,$12,$18,$0,$1,$30,$-1,$-4,$-5,$-1,$-4,$-4,$-3,$3,$-1,$10,10,$-0.33,$-0.33,$23,$0,$0,$25,$260,$0,$0,$5,$274,$300,$12,$258,$2,$260,$272,$0,$-35,$0,$28,$300,$-1,$13,$1,$15,$0,$-2,$0,$-0,$1,$15,$-71,$0,$0,$0,$0,$0,$-0,$-71,$69,$0,$69,$0,$0,$-3,$-3,$64,$7,$0,$-3
16,2014-09-30,6.27,$3.17,1.98,$11.24,0.56,$-18.06,0.0,$0.27,23.23,$0.03B,$0.01B,1.91,$0.25B,$0.03B,7.6,$0.12B,$0.07B,64.35%,$0.12B,$0.01B,12.17%,$0.12B,$0.01B,12.17%,$0.12B,$0.03B,23.48%,$0.12B,$0.00B,0.87%,$0.12B,$0.00B,1.74%,$0.00B,$0.03B,6.15%,$0.00B,$0.03B,6.15%,$0.00B,$0.30B,0.71%,$0.01B,$0.28B,5.22%,$32,$12,$20,$0,$1,$29,$3,$-4,$-1,$-1,$-0,$-0,$-0,$7,$3,$10,10,$-0.02,$-0.02,$24,$0,$0,$27,$261,$0,$0,$6,$273,$300,$14,$250,$2,$253,$267,$0,$-31,$0,$33,$300,$3,$10,$-0,$10,$-0,$-1,$0,$-2,$3,$17,$-66,$0,$0,$0,$0,$0,$-0,$-66,$61,$0,$61,$0,$0,$-2,$-2,$57,$8,$0,$-2
17,2014-06-30,6.24,$3.28,1.91,$10.28,0.61,$-12.90,0.0,$0.14,44.61,$0.03B,$0.01B,2.06,$0.25B,$0.03B,7.41,$0.10B,$0.07B,65.38%,$0.10B,$0.01B,12.50%,$0.10B,$0.01B,12.50%,$0.10B,$0.03B,24.04%,$0.10B,0,0.00%,$0.10B,0,0.00%,$0.00B,$0.03B,0.00%,$0.00B,$0.03B,0.00%,$0.00B,$0.30B,0.00%,$0.01B,$0.29B,5.24%,$36,$13,$24,$0,$1,$29,$7,$-4,$3,$1,$3,$3,$2,$11,$7,$10,10,$0.21,$0.21,$24,$0,$0,$29,$261,$0,$0,$5,$273,$301,$14,$251,$2,$254,$267,$0,$-30,$0,$34,$301,$4,$6,$-0,$6,$-2,$-1,$0,$-1,$3,$12,$-64,$0,$0,$0,$0,$0,$1,$-63,$62,$0,$62,$0,$0,$-1,$-2,$59,$9,$0,$-1
18,2014-03-31,5.05,$3.11,1.63,$9.03,0.56,$-7.61,0.0,$0.05,100.95,$0.02B,$0.01B,2.26,$0.25B,$0.03B,7.96,$0.09B,$0.06B,65.59%,$0.09B,$0.01B,11.83%,$0.09B,$0.01B,11.83%,$0.09B,$0.02B,22.58%,$0.09B,0,0.00%,$0.09B,$-0.00B,-1.08%,$-0.00B,$0.03B,-3.08%,$-0.00B,$0.03B,-3.08%,$-0.00B,$0.30B,-0.42%,$0.01B,$0.29B,5.00%,$25,$9,$16,$0,$1,$22,$3,$-2,$0,$-1,$1,$1,$1,$5,$3,$10,10,$0.08,$0.08,$18,$0,$0,$22,$262,$0,$0,$6,$275,$297,$10,$253,$2,$255,$265,$0,$-32,$0,$32,$297,$1,$3,$-0,$2,$-1,$-1,$0,$-1,$0,$4,$-62,$0,$0,$0,$0,$0,$1,$-61,$64,$0,$64,$0,$0,$-1,$-2,$61,$4,$0,$-1
19,2013-12-31,4.67,$3.02,1.55,$8.59,0.54,$-1.76,0.0,$-0.27,0.0,$0.02B,$0.01B,1.88,$0.19B,$0.03B,6.09,$0.09B,$0.06B,65.91%,$0.09B,$0.01B,11.36%,$0.09B,$0.01B,11.36%,$0.09B,$0.02B,22.73%,$0.09B,$-0.00B,-3.41%,$0.09B,$-0.01B,-5.68%,$-0.01B,$0.03B,-15.15%,$-0.01B,$0.03B,-15.15%,$-0.01B,$0.23B,-2.34%,$0.01B,$0.22B,5.19%,$22,$8,$14,$0,$1,$21,$1,$-2,$-1,$0,$-1,$-1,$-1,$4,$1,$10,10,$-0.05,$-0.04,$13,$0,$0,$15,$203,$0,$0,$5,$213,$228,$8,$188,$1,$189,$197,$0,$-32,$0,$31,$228,$-4,$10,$3,$13,$0,$0,$0,$1,$1,$10,$-36,$0,$0,$0,$0,$0,$6,$-30,$48,$0,$48,$0,$-14,$-2,$-10,$22,$2,$0,$-2
20,2013-09-30,3.7,$3.16,1.17,$8.42,0.44,$1.42,2.61,$-0.13,0.0,$0.03B,$0.01B,4.01,$0.17B,$0.03B,5.3,$0.09B,$0.06B,66.28%,$0.09B,$0.01B,12.79%,$0.09B,$0.01B,12.79%,$0.09B,$0.02B,23.26%,$0.09B,0,0.00%,$0.09B,$-0.00B,-3.49%,$-0.00B,$0.03B,-8.70%,$-0.00B,$0.03B,-8.70%,$-0.00B,$0.22B,-1.44%,$0.01B,$0.20B,6.04%,$21,$8,$14,$0,$1,$19,$2,$-4,$-2,$0,$-2,$-2,$-2,$5,$2,$10,10,$-0.16,$-0.16,$29,$0,$0,$31,$174,$0,$0,$11,$189,$220,$8,$171,$9,$180,$188,$0,$-31,$0,$32,$220,$-4,$7,$3,$10,$-0,$-0,$0,$1,$1,$8,$-4,$0,$0,$0,$0,$0,$0,$-4,$31,$0,$31,$0,$-14,$-1,$-2,$13,$17,$0,$-1
21,2013-06-30,3.4,$3.44,0.99,$8.33,0.41,$1.59,2.15,$-0.13,0.0,$0.01B,$0.01B,1.75,$0.14B,$0.04B,3.97,$0.09B,$0.06B,65.52%,$0.09B,$0.01B,12.64%,$0.09B,$0.01B,12.64%,$0.09B,$0.02B,22.99%,$0.09B,0,0.00%,$0.09B,$-0.00B,-3.45%,$-0.00B,$0.04B,-8.45%,$-0.00B,$0.04B,-8.45%,$-0.00B,$0.20B,-1.47%,$0.01B,$0.17B,6.27%,$25,$8,$17,$0,$1,$20,$5,$-2,$3,$1,$2,$2,$1,$7,$5,$10,11,$0.13,$0.12,$11,$0,$0,$13,$175,$0,$0,$11,$189,$202,$7,$139,$9,$160,$167,$0,$-29,$0,$35,$202,$-2,$5,$2,$7,$-1,$-1,$0,$1,$2,$7,$-3,$0,$0,$0,$0,$0,$1,$-3,$-1,$0,$-1,$0,$-2,$-1,$-1,$-5,$-1,$0,$-1
22,2013-03-31,3.19,$3.33,0.96,$8.43,0.38,$1.51,2.11,$-0.41,0.0,$0.01B,$0.01B,1.49,$0.14B,$0.03B,4.19,$0.09B,$0.06B,65.52%,$0.09B,$0.01B,12.64%,$0.09B,$0.01B,12.64%,$0.09B,$0.02B,24.14%,$0.09B,$-0.00B,-4.60%,$0.09B,$-0.01B,-6.90%,$-0.01B,$0.03B,-16.55%,$-0.01B,$0.03B,-16.55%,$-0.01B,$0.21B,-2.91%,$0.01B,$0.18B,6.21%,$20,$7,$13,$0,$1,$18,$2,$-5,$-3,$0,$-3,$-3,$-3,$4,$2,$10,10,$-0.26,$-0.26,$10,$0,$0,$13,$175,$0,$0,$12,$192,$205,$8,$141,$9,$162,$171,$0,$-30,$0,$34,$205,$-3,$2,$3,$5,$-1,$-1,$0,$0,$1,$2,$-1,$0,$0,$0,$0,$0,$0,$-1,$1,$0,$1,$0,$-2,$-0,$-0,$-1,$0,$0,$-0
23,2012-12-31,2.53,$3.73,0.68,$8.39,0.3,$1.55,1.63,$-0.40,0.0,$0.01B,$0.01B,1.73,$0.14B,$0.04B,3.74,$0.09B,$0.06B,65.52%,$0.09B,$0.01B,11.49%,$0.09B,$0.01B,11.49%,$0.09B,$0.02B,24.14%,$0.09B,$-0.00B,-4.60%,$0.09B,$-0.01B,-5.75%,$-0.01B,$0.04B,-13.16%,$-0.01B,$0.04B,-13.16%,$-0.01B,$0.20B,-2.40%,$0.01B,$0.18B,5.68%,$20,$7,$13,$0,$1,$18,$2,$0,$2,$0,$2,$2,$1,$4,$2,$10,10,$0.14,$0.14,$10,$0,$0,$12,$176,$0,$0,$11,$192,$204,$7,$140,$6,$160,$167,$0,$-27,$0,$37,$204,$-5,$11,$2,$13,$0,$0,$0,$2,$1,$9,$-3,$0,$0,$0,$0,$0,$-0,$-3,$36,$-26,$11,$0,$-12,$-1,$-1,$-3,$3,$0,$-1
24,2012-09-30,3.07,$3.58,0.86,$8.36,0.37,$1.11,2.77,$-0.80,0.0,$0.01B,$0.01B,1.62,$0.14B,$0.04B,3.93,$0.09B,$0.06B,65.12%,$0.09B,$0.01B,10.47%,$0.09B,$0.01B,10.47%,$0.09B,$0.02B,24.42%,$0.09B,$-0.01B,-10.47%,$0.09B,$-0.01B,-10.47%,$-0.01B,$0.04B,-22.64%,$-0.01B,$0.04B,-22.64%,$-0.01B,$0.21B,-4.30%,$0.01B,$0.18B,5.34%,$22,$8,$14,$0,$1,$20,$2,$-4,$-2,$0,$-2,$-2,$-2,$5,$2,$10,11,$-0.16,$-0.16,$11,$0,$0,$14,$177,$0,$0,$11,$194,$208,$9,$141,$9,$164,$172,$0,$-28,$0,$36,$208,$-7,$8,$5,$13,$-1,$-0,$0,$2,$2,$8,$-3,$0,$0,$0,$0,$0,$-0,$-3,$37,$-26,$12,$0,$-12,$-1,$-1,$-2,$4,$0,$-1
25,2012-06-30,2.68,$3.83,0.7,$8.39,0.32,$0.90,2.97,$-0.76,0.0,$0.01B,$0.01B,1.57,$0.14B,$0.04B,3.69,$0.08B,$0.06B,65.48%,$0.08B,$0.01B,9.52%,$0.08B,$0.01B,9.52%,$0.08B,$0.02B,22.62%,$0.08B,$-0.01B,-10.71%,$0.08B,$-0.01B,-9.52%,$-0.01B,$0.04B,-18.71%,$-0.01B,$0.04B,-18.71%,$-0.01B,$0.21B,-3.80%,$0.01B,$0.18B,5.10%,$25,$9,$17,$0,$1,$20,$5,$-6,$-1,$1,$-2,$-2,$-2,$8,$5,$10,11,$-0.17,$-0.17,$9,$0,$0,$13,$179,$0,$0,$12,$196,$209,$8,$141,$7,$162,$170,$0,$-26,$0,$38,$209,$-5,$6,$3,$9,$-2,$-0,$0,$2,$1,$5,$-2,$0,$0,$0,$0,$0,$0,$-2,$38,$-26,$12,$0,$-12,$-1,$-1,$-0,$3,$0,$-1
26,2012-03-31,2.18,$4.08,0.53,$8.34,0.26,$0.81,2.7,$-0.62,0.0,$0.01B,$0.01B,1.16,$0.13B,$0.04B,3.18,$0.08B,$0.05B,64.63%,$0.08B,$0.01B,8.54%,$0.08B,$0.01B,8.54%,$0.08B,$0.02B,20.73%,$0.08B,$-0.01B,-8.54%,$0.08B,$-0.01B,-7.32%,$-0.01B,$0.04B,-13.19%,$-0.01B,$0.04B,-13.19%,$-0.01B,$0.21B,-2.84%,$0.01B,$0.17B,4.89%,$20,$7,$13,$0,$1,$19,$1,$-4,$-3,$0,$-3,$-3,$-2,$4,$1,$10,10,$-0.23,$-0.23,$8,$0,$0,$12,$180,$0,$0,$12,$200,$211,$10,$130,$5,$160,$170,$0,$-25,$0,$41,$211,$-3,$3,$1,$4,$-2,$-0,$0,$1,$1,$2,$-1,$0,$0,$0,$0,$0,$0,$-0,$26,$-26,$1,$0,$0,$-0,$-1,$-0,$2,$0,$-0
27,2011-12-31,1.76,$4.41,0.4,$8.31,0.21,$0.95,1.85,$-0.49,0.0,$0.01B,$0.03B,0.27,$0.10B,$0.04B,2.36,$0.08B,$0.05B,64.20%,$0.08B,$0.01B,8.64%,$0.08B,$0.01B,8.64%,$0.08B,$0.02B,20.99%,$0.08B,$-0.01B,-6.17%,$0.08B,$-0.01B,-6.17%,$-0.01B,$0.04B,-10.47%,$-0.01B,$0.04B,-10.47%,$-0.01B,$0.21B,-2.36%,$0.01B,$0.15B,5.29%,$19,$7,$12,$0,$1,$18,$1,$-4,$-3,$0,$-3,$-3,$-3,$4,$1,$10,10,$-0.26,$-0.26,$7,$0,$0,$9,$181,$0,$0,$12,$200,$209,$33,$103,$4,$132,$165,$0,$-22,$0,$44,$209,$-6,$10,$2,$12,$0,$0,$0,$1,$2,$8,$-6,$0,$0,$0,$0,$0,$-0,$-6,$27,$-50,$-23,$0,$25,$-0,$-2,$-0,$1,$0,$-0
28,2011-09-30,1.58,$4.90,0.32,$8.29,0.19,$0.98,1.62,$-0.32,0.0,$0.01B,$0.05B,0.21,$0.08B,$0.05B,1.76,$0.08B,$0.05B,64.20%,$0.08B,$0.01B,8.64%,$0.08B,$0.01B,8.64%,$0.08B,$0.02B,20.99%,$0.08B,$-0.00B,-3.70%,$0.08B,$-0.00B,-3.70%,$-0.00B,$0.05B,-6.06%,$-0.00B,$0.05B,-6.06%,$-0.00B,$0.21B,-1.42%,$0.01B,$0.13B,5.50%,$20,$8,$13,$0,$1,$19,$1,$-2,$-2,$-0,$-1,$-1,$-1,$3,$1,$10,10,$-0.12,$-0.12,$9,$0,$0,$12,$182,$0,$0,$12,$201,$213,$54,$83,$2,$111,$165,$0,$-19,$0,$48,$213,$-3,$7,$0,$7,$-1,$0,$0,$1,$3,$7,$-4,$0,$0,$0,$0,$0,$-0,$-4,$7,$-30,$-23,$0,$25,$0,$-2,$-1,$2,$0,$0
29,2011-06-30,2.12,$5.08,0.42,$8.29,0.26,$0.87,2.44,$-0.32,0.0,$0.01B,$0.06B,0.17,$0.08B,$0.05B,1.55,$0.08B,$0.05B,62.96%,$0.08B,$0.01B,9.88%,$0.08B,$0.01B,9.88%,$0.08B,$0.02B,22.22%,$0.08B,$-0.00B,-2.47%,$0.08B,$-0.00B,-3.70%,$-0.00B,$0.05B,-5.94%,$-0.00B,$0.05B,-5.94%,$-0.00B,$0.21B,-1.42%,$0.01B,$0.13B,6.31%,$23,$8,$15,$0,$1,$19,$4,$-3,$1,$1,$-0,$-0,$-0,$6,$4,$10,10,$-0.02,$-0.02,$8,$0,$0,$10,$183,$0,$0,$13,$203,$213,$60,$76,$3,$104,$164,$0,$-18,$0,$49,$213,$-2,$5,$0,$5,$-1,$-0,$0,$1,$1,$5,$-3,$0,$0,$0,$0,$0,$-0,$-3,$-0,$-23,$-23,$0,$25,$0,$-2,$-0,$1,$0,$0
30,2011-03-31,1.84,$5.17,0.36,$8.23,0.22,$1.01,1.82,$-0.27,0.0,$0.01B,$0.09B,0.12,$0.08B,$0.05B,1.54,$0.08B,$0.05B,62.50%,$0.08B,$0.01B,8.75%,$0.08B,$0.01B,8.75%,$0.08B,$0.02B,22.50%,$0.08B,$-0.00B,-2.50%,$0.08B,$-0.00B,-3.75%,$-0.00B,$0.05B,-5.83%,$-0.00B,$0.05B,-5.83%,$-0.00B,$0.21B,-1.42%,$0.01B,$0.13B,5.47%,$19,$7,$12,$0,$1,$18,$1,$-2,$-1,$0,$-1,$-1,$-1,$4,$1,$10,10,$-0.10,$-0.10,$7,$0,$0,$10,$183,$0,$0,$13,$202,$212,$85,$77,$1,$77,$163,$0,$-18,$0,$50,$212,$-1,$3,$-0,$2,$-1,$-0,$0,$0,$3,$4,$-1,$0,$0,$0,$0,$0,$-0,$-1,$-0,$0,$-0,$0,$0,$0,$-0,$-1,$2,$0,$0
31,2010-12-31,1.53,$5.33,0.29,$8.19,0.19,$0.67,2.27,$-0.26,0.0,$0.01B,$0.08B,0.09,$0.08B,$0.05B,1.51,$0.08B,$0.05B,62.03%,$0.08B,$0.01B,7.59%,$0.08B,$0.01B,7.59%,$0.08B,$0.02B,21.52%,$0.08B,$-0.00B,-2.53%,$0.08B,$-0.00B,-3.80%,$-0.00B,$0.05B,-5.74%,$-0.00B,$0.05B,-5.74%,$-0.00B,$0.21B,-1.41%,$0.01B,$0.13B,4.65%,$19,$7,$12,$0,$1,$17,$1,$-3,$-1,$-0,$-1,$-1,$-1,$4,$1,$9,9,$-0.09,$-0.09,$5,$0,$0,$7,$184,$0,$0,$13,$202,$210,$82,$77,$1,$77,$159,$0,$-17,$0,$51,$210,$-3,$10,$-0,$10,$-0,$-0,$0,$-0,$-2,$5,$-3,$0,$0,$0,$0,$0,$-1,$-3,$-1,$-0,$-1,$0,$0,$0,$-1,$-2,$-0,$0,$0
32,2010-09-30,1.89,$5.45,0.35,$8.66,0.22,$-0.86,0.0,$-0.27,0.0,$0.01B,$0.08B,0.11,$0.08B,$0.05B,1.48,$0.08B,$0.05B,61.54%,$0.08B,$0.01B,6.41%,$0.08B,$0.01B,6.41%,$0.08B,$0.02B,20.51%,$0.08B,$-0.00B,-3.85%,$0.08B,$-0.00B,-3.85%,$-0.00B,$0.05B,-5.66%,$-0.00B,$0.05B,-5.66%,$-0.00B,$0.21B,-1.41%,$0.01B,$0.13B,3.85%,$20,$7,$12,$0,$1,$18,$2,$-3,$-1,$0,$-1,$-1,$-1,$4,$2,$10,10,$-0.11,$-0.11,$6,$0,$0,$9,$185,$0,$0,$13,$204,$212,$83,$77,$1,$78,$161,$0,$-16,$0,$52,$212,$-2,$7,$-0,$7,$-1,$-1,$0,$-0,$-0,$4,$-2,$0,$0,$0,$0,$0,$-1,$-3,$-0,$-0,$-1,$0,$0,$0,$-1,$-1,$0,$0,$0
33,2010-06-30,1.27,$5.59,0.23,$9.19,0.14,$-2.35,0.0,$-0.26,0.0,$0.01B,$0.08B,0.11,$0.08B,$0.05B,1.45,$0.08B,$0.05B,61.84%,$0.08B,$0.00B,5.26%,$0.08B,$0.00B,5.26%,$0.08B,$0.02B,19.74%,$0.08B,$-0.00B,-5.26%,$0.08B,$-0.00B,-3.95%,$-0.00B,$0.05B,-5.66%,$-0.00B,$0.05B,-5.66%,$-0.00B,$0.21B,-1.40%,$0.00B,$0.13B,3.08%,$22,$8,$14,$0,$1,$18,$3,$-2,$1,$1,$0,$0,$0,$6,$3,$10,10,$0.03,$0.03,$7,$0,$0,$9,$185,$0,$0,$13,$205,$214,$83,$77,$1,$78,$161,$0,$-15,$0,$53,$214,$-1,$5,$-1,$4,$-1,$-0,$0,$0,$1,$4,$-1,$0,$0,$0,$0,$0,$-0,$-1,$-0,$-0,$-1,$0,$0,$0,$-0,$-1,$1,$0,$0
34,2010-03-31,1.79,$5.55,0.32,$9.87,0.18,$-3.73,0.0,$-0.27,0.0,$0.01B,$0.08B,0.07,$0.08B,$0.05B,1.46,$0.08B,$0.05B,61.33%,$0.08B,$0.00B,5.33%,$0.08B,$0.00B,5.33%,$0.08B,$0.01B,18.67%,$0.08B,$-0.00B,-5.33%,$0.08B,$-0.00B,-4.00%,$-0.00B,$0.05B,-5.66%,$-0.00B,$0.05B,-5.66%,$-0.00B,$0.21B,-1.39%,$0.00B,$0.13B,3.08%,$18,$7,$11,$0,$1,$17,$0,$-2,$-1,$-0,$-1,$-1,$-1,$3,$0,$9,9,$-0.08,$-0.08,$3,$0,$0,$6,$187,$0,$0,$13,$207,$213,$82,$77,$1,$78,$160,$0,$-15,$0,$53,$213,$-1,$2,$-1,$2,$-1,$-0,$0,$-0,$-1,$-0,$-0,$0,$0,$0,$0,$0,$-0,$-1,$-0,$-0,$-0,$0,$0,$0,$0,$-0,$-1,$0,$0
35,2009-12-31,1.47,$5.92,0.25,$10.17,0.14,$-4.84,0.0,$-0.27,0.0,$0.01B,$0.08B,0.07,$0.08B,$0.05B,1.44,$0.07B,$0.04B,61.11%,$0.07B,$0.00B,5.56%,$0.07B,$0.00B,5.56%,$0.07B,$0.01B,18.06%,$0.07B,$-0.01B,-6.94%,$0.07B,$-0.00B,-4.17%,$-0.00B,$0.05B,-5.66%,$-0.00B,$0.05B,-5.66%,$-0.00B,$0.21B,-1.37%,$0.00B,$0.13B,3.08%,$18,$7,$11,$0,$1,$17,$0,$-2,$-2,$-1,$-1,$-1,$-1,$3,$0,$7,7,$-0.11,$-0.11,$4,$0,$0,$6,$189,$0,$0,$13,$208,$214,$82,$77,$1,$78,$160,$0,$-14,$0,$54,$214,$-3,$9,$-1,$8,$-0,$-1,$0,$-2,$-2,$3,$-13,$0,$0,$0,$0,$0,$2,$-11,$5,$2,$7,$3,$3,$-0,$-1,$10,$2,$0,$-0
36,2009-09-30,1.6,$7.45,0.21,$10.24,0.16,$-9.14,0.0,$-0.30,0.0,$0.01B,$0.09B,0.1,$0.08B,$0.05B,1.49,$0.07B,$0.04B,61.11%,$0.07B,$0.01B,6.94%,$0.07B,$0.01B,6.94%,$0.07B,$0.01B,18.06%,$0.07B,$-0.01B,-6.94%,$0.07B,$-0.00B,-4.17%,$-0.00B,$0.05B,-5.66%,$-0.00B,$0.05B,-5.66%,$-0.00B,$0.22B,-1.38%,$0.01B,$0.13B,3.88%,$18,$7,$11,$0,$1,$17,$1,$-2,$-2,$-1,$-1,$-1,$-1,$3,$1,$7,7,$-0.10,$-0.10,$5,$0,$0,$9,$190,$0,$0,$18,$209,$218,$88,$77,$1,$78,$166,$0,$-14,$0,$52,$218,$-2,$7,$-1,$6,$-2,$-1,$0,$-1,$-5,$-1,$-8,$0,$0,$0,$0,$0,$2,$-6,$5,$6,$11,$0,$0,$-0,$-1,$10,$3,$0,$-0
37,2009-06-30,1.01,$7.60,0.13,$10.13,0.1,$-12.07,0.0,$-0.28,0.0,$0.01B,$0.09B,0.12,$0.08B,$0.05B,1.47,$0.07B,$0.04B,60.56%,$0.07B,$0.01B,7.04%,$0.07B,$0.01B,7.04%,$0.07B,$0.01B,18.31%,$0.07B,$-0.00B,-5.63%,$0.07B,$-0.00B,-4.23%,$-0.00B,$0.05B,-6.09%,$-0.00B,$0.05B,-6.09%,$-0.00B,$0.22B,-1.40%,$0.01B,$0.13B,4.05%,$21,$7,$13,$0,$1,$18,$3,$-2,$1,$0,$0,$0,$0,$5,$3,$7,7,$0.02,$0.02,$7,$0,$0,$10,$191,$0,$0,$17,$210,$220,$89,$78,$1,$78,$168,$0,$-13,$0,$53,$220,$-1,$4,$-0,$4,$-1,$-1,$0,$-0,$-3,$-0,$-7,$0,$0,$0,$0,$0,$2,$-6,$5,$6,$12,$0,$0,$-0,$-1,$11,$5,$0,$-0
38,2009-03-31,0.81,$7.58,0.11,$10.13,0.08,$-13.74,0.0,$-0.11,0.0,$0.01B,$0.09B,0.11,$0.08B,$0.05B,1.47,$0.07B,$0.04B,61.43%,$0.07B,$0.01B,7.14%,$0.07B,$0.01B,7.14%,$0.07B,$0.01B,18.57%,$0.07B,$-0.00B,-4.29%,$0.07B,$-0.00B,-2.86%,$-0.00B,$0.05B,-4.37%,$-0.00B,$0.05B,-4.37%,$-0.00B,$0.22B,-0.97%,$0.01B,$0.13B,4.28%,$15,$6,$9,$0,$1,$16,$-0,$-2,$-2,$-1,$-1,$-1,$-1,$2,$-0,$7,7,$-0.09,$-0.09,$6,$0,$0,$10,$191,$0,$0,$18,$211,$221,$90,$78,$1,$79,$168,$0,$-13,$0,$53,$221,$-1,$2,$-0,$2,$-2,$-1,$0,$-0,$-3,$-2,$-6,$0,$0,$0,$0,$0,$2,$-4,$5,$6,$11,$0,$0,$-0,$-1,$10,$4,$0,$-0
39,2008-12-31,0.91,$7.75,0.12,$10.15,0.09,$-14.13,0.0,$-0.09,0.0,$0.01B,$0.09B,0.07,$0.07B,$0.05B,1.34,$0.07B,$0.04B,60.56%,$0.07B,$0.01B,8.45%,$0.07B,$0.01B,8.45%,$0.07B,$0.01B,18.31%,$0.07B,$-0.00B,-2.82%,$0.07B,$-0.00B,-1.41%,$-0.00B,$0.05B,-2.37%,$-0.00B,$0.05B,-2.37%,$-0.00B,$0.21B,-0.51%,$0.01B,$0.13B,5.57%,$18,$7,$11,$0,$1,$16,$1,$-3,$-2,$-0,$-1,$-1,$-1,$3,$1,$7,7,$-0.13,$-0.13,$4,$0,$0,$6,$187,$0,$0,$14,$205,$211,$85,$72,$1,$73,$157,$0,$-12,$0,$54,$211,$-1,$7,$1,$8,$0,$-1,$0,$-2,$-0,$7,$-47,$0,$0,$0,$0,$0,$-5,$-52,$12,$39,$50,$0,$0,$-7,$-1,$42,$-2,$0,$-7
40,2008-09-30,3.74,$5.36,0.7,$10.06,0.37,$-11.45,0.0,$0.04,93.57,$0.01B,$0.08B,0.14,$0.07B,$0.04B,1.91,$0.07B,$0.04B,60.00%,$0.07B,$0.01B,10.00%,$0.07B,$0.01B,10.00%,$0.07B,$0.01B,20.00%,$0.07B,0,0.00%,$0.07B,0,0.00%,$0.00B,$0.04B,0.00%,$0.00B,$0.04B,0.00%,$0.00B,$0.20B,0.00%,$0.01B,$0.11B,6.67%,$17,$7,$10,$0,$1,$16,$1,$-2,$-1,$-1,$-1,$-1,$-1,$3,$1,$7,7,$-0.08,$-0.08,$9,$0,$0,$11,$174,$0,$0,$17,$192,$203,$75,$71,$3,$91,$166,$0,$-11,$0,$37,$203,$0,$5,$0,$6,$0,$-2,$0,$0,$-3,$3,$-32,$0,$0,$0,$0,$0,$-5,$-37,$10,$33,$43,$0,$0,$-5,$-1,$37,$3,$0,$-5
41,2008-06-30,3.49,$5.60,0.62,$10.01,0.35,$-7.56,0.0,$0.18,19.37,$0.01B,$0.07B,0.16,$0.06B,$0.04B,1.64,$0.07B,$0.04B,60.00%,$0.07B,$0.01B,11.43%,$0.07B,$0.01B,11.43%,$0.07B,$0.02B,21.43%,$0.07B,$0.00B,1.43%,$0.07B,$0.00B,1.43%,$0.00B,$0.04B,2.23%,$0.00B,$0.04B,2.23%,$0.00B,$0.19B,0.60%,$0.01B,$0.10B,7.88%,$20,$8,$13,$0,$1,$18,$3,$-1,$2,$0,$2,$2,$1,$5,$3,$7,7,$0.19,$0.19,$9,$0,$0,$11,$164,$0,$0,$17,$183,$194,$70,$64,$3,$86,$155,$0,$-10,$0,$39,$194,$1,$3,$0,$4,$-1,$-1,$0,$0,$-3,$2,$-21,$0,$0,$0,$0,$0,$-6,$-27,$3,$28,$31,$0,$0,$-4,$-0,$27,$2,$0,$-4
42,2008-03-31,4.23,$5.58,0.76,$9.90,0.43,$-4.95,0.0,$0.20,21.14,$0.01B,$0.06B,0.14,$0.06B,$0.04B,1.43,$0.07B,$0.04B,59.42%,$0.07B,$0.01B,11.59%,$0.07B,$0.01B,11.59%,$0.07B,$0.02B,21.74%,$0.07B,$0.00B,2.90%,$0.07B,$0.00B,1.45%,$0.00B,$0.04B,2.20%,$0.00B,$0.04B,2.20%,$0.00B,$0.17B,0.66%,$0.01B,$0.09B,8.10%,$16,$6,$9,$0,$1,$15,$1,$-2,$-1,$-1,$-1,$-1,$-0,$2,$1,$7,7,$-0.07,$-0.07,$5,$0,$0,$8,$150,$0,$0,$12,$163,$170,$55,$56,$3,$77,$132,$0,$-10,$0,$39,$170,$-0,$1,$1,$2,$-0,$-1,$0,$0,$-2,$-0,$-11,$0,$0,$0,$0,$0,$-0,$-11,$1,$12,$12,$0,$0,$-2,$0,$10,$-1,$0,$-2
43,2007-12-31,4.74,$8.68,0.55,$10.16,0.47,$-3.54,0.0,$0.36,13.17,$0.01B,$0.04B,0.18,$0.06B,$0.06B,0.92,$0.07B,$0.04B,60.00%,$0.07B,$0.01B,12.86%,$0.07B,$0.01B,12.86%,$0.07B,$0.02B,22.86%,$0.07B,$0.00B,5.71%,$0.07B,$0.00B,2.86%,$0.00B,$0.06B,4.32%,$0.00B,$0.06B,4.32%,$0.00B,$0.16B,1.41%,$0.01B,$0.12B,9.16%,$17,$7,$10,$0,$1,$15,$2,$-2,$-0,$-0,$0,$1,$0,$4,$2,$7,7,$0.00,$0.00,$6,$0,$0,$8,$141,$0,$0,$10,$152,$160,$43,$55,$2,$57,$100,$0,$-8,$0,$60,$160,$2,$5,$4,$9,$0,$-1,$0,$-0,$1,$13,$-33,$0,$0,$0,$0,$0,$-2,$-35,$13,$19,$33,$0,$0,$-7,$-1,$25,$3,$0,$-7
44,2007-09-30,6.1,$5.99,1.02,$10.23,0.6,$-1.09,0.0,$0.52,11.73,$0.01B,$0.02B,0.38,$0.05B,$0.04B,1.28,$0.07B,$0.04B,61.43%,$0.07B,$0.01B,14.29%,$0.07B,$0.01B,14.29%,$0.07B,$0.02B,22.86%,$0.07B,$0.01B,8.57%,$0.07B,$0.00B,4.29%,$0.00B,$0.04B,6.38%,$0.00B,$0.04B,6.38%,$0.00B,$0.14B,2.24%,$0.01B,$0.09B,10.44%,$17,$6,$10,$0,$1,$14,$2,$-2,$0,$-0,$1,$0,$0,$4,$2,$7,7,$0.06,$0.06,$6,$0,$0,$9,$120,$0,$0,$10,$132,$141,$23,$53,$3,$76,$99,$0,$-7,$0,$41,$141,$2,$4,$2,$6,$0,$-1,$0,$0,$1,$10,$-12,$0,$0,$0,$0,$0,$-2,$-14,$11,$1,$12,$0,$0,$-5,$-1,$6,$2,$0,$-5
45,2007-06-30,6.72,$6.14,1.1,$10.19,0.66,$-1.54,0.0,$0.58,11.59,$0.01B,$0.02B,0.57,$0.05B,$0.04B,1.2,$0.07B,$0.04B,62.32%,$0.07B,$0.01B,14.49%,$0.07B,$0.01B,14.49%,$0.07B,$0.02B,23.19%,$0.07B,$0.01B,10.14%,$0.07B,$0.00B,5.80%,$0.00B,$0.04B,8.47%,$0.00B,$0.04B,8.47%,$0.00B,$0.13B,3.05%,$0.01B,$0.09B,10.72%,$19,$7,$12,$0,$1,$16,$3,$-1,$3,$0,$2,$1,$1,$5,$3,$7,7,$0.21,$0.21,$5,$0,$0,$8,$117,$0,$0,$5,$122,$131,$15,$50,$3,$74,$89,$0,$-6,$0,$42,$131,$2,$3,$1,$4,$-1,$-0,$0,$0,$1,$7,$-7,$0,$0,$0,$0,$0,$4,$-3,$9,$-7,$2,$0,$0,$-4,$-0,$-2,$1,$0,$-4
46,2007-03-31,6.19,$6.09,1.02,$10.11,0.61,$-1.23,0.0,$0.53,11.67,$0.02B,$0.02B,0.85,$0.05B,$0.04B,1.21,$0.07B,$0.04B,62.32%,$0.07B,$0.01B,14.49%,$0.07B,$0.01B,14.49%,$0.07B,$0.02B,21.74%,$0.07B,$0.01B,8.70%,$0.07B,$0.00B,5.80%,$0.00B,$0.04B,8.47%,$0.00B,$0.04B,8.47%,$0.00B,$0.14B,3.11%,$0.01B,$0.09B,10.96%,$17,$7,$10,$0,$1,$15,$2,$-1,$1,$-0,$1,$1,$1,$3,$2,$7,7,$0.09,$0.09,$14,$0,$0,$18,$113,$0,$0,$5,$119,$136,$21,$51,$3,$74,$94,$0,$-7,$0,$42,$136,$1,$1,$0,$2,$-1,$-0,$0,$0,$-1,$2,$-3,$0,$0,$0,$0,$0,$5,$2,$9,$-1,$8,$0,$0,$-2,$-0,$7,$10,$0,$-2
47,2006-12-31,6.06,$9.39,0.65,$9.93,0.61,$-1.16,0.0,$0.46,13.17,$0.01B,$0.02B,0.52,$0.04B,$0.06B,0.66,$0.07B,$0.04B,61.76%,$0.07B,$0.01B,13.24%,$0.07B,$0.01B,13.24%,$0.07B,$0.02B,22.06%,$0.07B,$0.01B,7.35%,$0.07B,$0.00B,4.41%,$0.00B,$0.06B,6.35%,$0.00B,$0.06B,6.35%,$0.00B,$0.13B,2.41%,$0.01B,$0.11B,10.06%,$17,$6,$11,$0,$1,$14,$3,$-1,$2,$0,$2,$1,$1,$4,$3,$7,7,$0.17,$0.17,$4,$0,$0,$11,$111,$0,$0,$5,$117,$128,$21,$42,$2,$44,$65,$0,$-6,$0,$63,$128,$3,$5,$2,$7,$-0,$-0,$0,$1,$0,$11,$-15,$0,$0,$0,$0,$0,$2,$-13,$-1,$12,$11,$0,$0,$-5,$-3,$3,$1,$0,$-5
