,Date,Stock Price,Book Value per Share,Price to Book Ratio,TTM Sales per Share,Price to Sales Ratio,TTM FCF per Share,Price to FCF Ratio,TTM Net EPS,PE Ratio,Current Assets,Current Liabilities,Current Ratio,Long Term Debt,Shareholder's Equity_x,Debt to Equity Ratio,TTM Revenue_x,TTM Gross Profit,Gross Margin,TTM Revenue_y,TTM Operating Income,Operating Margin,TTM Revenue_x,TTM EBIT,EBIT Margin,TTM Revenue_y,TTM EBITDA,EBITDA Margin,TTM Revenue_x,TTM Pre-Tax Income,Pre-Tax Margin,TTM Revenue_y,TTM Net Income_x,Net Margin,TTM Net Income_y,Shareholder's Equity_y,Return on Equity,TTM Net Income_x,Tangible Equity,Return on Tangible Equity,TTM Net Income_y,Total Assets,Return on Assets,TTM Net Income,LT Investments & Debt,Return on Investment,revenue,cost-goods-sold,gross-profit,research-development-expenses,selling-general-administrative-expenses,operating-expenses,operating-income,total-non-operating-income-expense,pre-tax-income,total-provision-income-taxes,income-after-taxes,income-from-continuous-operations,net-income,ebitda,ebit,basic-shares-outstanding,shares-outstanding,eps-basic-net-earnings-per-share,eps-earnings-per-share-diluted,cash-on-hand,inventory,other-current-assets,total-current-assets,net-property-plant-equipment,long-term-investments,goodwill-intangible-assets-total,other-long-term-assets,total-long-term-assets,total-assets,total-current-liabilities,long-term-debt,other-non-current-liabilities,total-long-term-liabilities,total-liabilities,common-stock-net,retained-earnings-accumulated-deficit,comprehensive-income,total-share-holder-equity,total-liabilities-share-holders-equity,net-income-loss,total-depreciation-amortization-cash-flow,other-non-cash-items,total-non-cash-items,change-in-accounts-receivable,change-in-inventories,change-in-accounts-payable,change-in-assets-liabilities,total-change-in-assets-liabilities,cash-flow-from-operating-activities,net-change-in-property-plant-equipment,net-change-in-intangible-assets,net-acquisitions-divestitures,net-change-in-short-term-investments,net-change-in-long-term-investments,net-change-in-investments-total,investing-activities-other,cash-flow-from-investing-activities,net-long-term-debt,net-current-debt,debt-issuance-retirement-net-total,net-common-equity-issued-repurchased,net-total-equity-issued-repurchased,total-common-preferred-stock-dividends-paid,financial-activities-other,cash-flow-from-financial-activities,net-cash-flow,stock-based-compensation,common-stock-dividends-paid
0,2018-06-30,2.55,$0.00,0.0,$-1.54,0.0,$-2.51,0.0,$0.16,15.94,$0.18B,$0.11B,1.68,$0.07B,$0.13B,0.57,$0.02B,$0.03B,108.33%,$0.02B,$0.04B,170.83%,$0.02B,$0.04B,170.83%,$0.02B,$0.04B,170.83%,$0.02B,$0.04B,170.83%,$0.02B,$0.09B,387.50%,$0.09B,$0.13B,118.47%,$0.09B,$0.13B,118.47%,$0.09B,$0.39B,34.25%,$0.04B,$0.20B,36.20%,$28,$20,$8,$0,$3,$22,$6,$-5,$0,$-0,$0,$0,$-1,$6,$6,$38,38,$0.00,$0.00,$26,$0,$79,$175,$196,$0,$0,$1,$214,$390,$105,$73,$85,$158,$262,$519,$-430,$-3,$127,$390,$0,$0,$0,$0,$0,$0,$0,$0,$0,$0,$0,$0,$0,$0,$0,$0,$0,$0,$0,$0,$0,$0,$0,$0,$0,$0,$0,$0,$0
1,2018-03-31,2.56,$0.00,0.0,$5.29,0.48,$-5.69,0.0,$-1.39,0.0,$0.16B,$0.15B,1.02,$0.03B,$0.10B,0.34,$0.15B,$0.02B,14.86%,$0.15B,$0.02B,10.14%,$0.15B,$0.02B,10.14%,$0.15B,$0.03B,21.62%,$0.15B,$0.01B,8.11%,$0.15B,$0.06B,42.57%,$0.06B,$0.10B,124.75%,$0.06B,$0.10B,124.75%,$0.06B,$0.36B,13.61%,$0.02B,$0.13B,20.13%,$45,$36,$8,$0,$3,$39,$6,$-0,$5,$0,$5,$5,$5,$6,$6,$38,38,$0.10,$0.10,$13,$0,$84,$155,$192,$0,$0,$1,$205,$360,$152,$33,$78,$111,$263,$519,$-429,$-2,$97,$360,$0,$0,$0,$0,$0,$0,$0,$0,$0,$0,$0,$0,$0,$0,$0,$0,$0,$0,$0,$0,$0,$0,$0,$0,$0,$0,$0,$0,$0
2,2017-12-31,2.66,$0.00,0.0,$4.12,0.65,$-7.83,0.0,$-2.69,0.0,$0.17B,$0.15B,1.17,$0.03B,$0.09B,0.36,$0.10B,$0.01B,13.59%,$0.10B,$0.01B,7.77%,$0.10B,$0.01B,7.77%,$0.10B,$0.05B,43.69%,$0.10B,$0.00B,3.88%,$0.10B,$0.04B,33.98%,$0.04B,$0.09B,95.24%,$0.04B,$0.09B,95.24%,$0.04B,$0.34B,5.35%,$0.01B,$0.12B,13.28%,$-85,$-89,$4,$0,$-20,$-110,$25,$7,$32,$-2,$34,$34,$85,$25,$25,$25,25,$3.67,$3.67,$14,$0,$89,$170,$155,$0,$0,$3,$166,$336,$145,$33,$68,$100,$245,$519,$-436,$-2,$90,$336,$3,$4,$66,$70,$-22,$0,$24,$-49,$-55,$18,$-80,$0,$0,$0,$0,$0,$-76,$-156,$5,$39,$44,$0,$0,$0,$59,$102,$-24,$1,$0
3,2017-09-30,2.33,$0.00,0.0,$-15.13,0.0,$-3.81,0.0,$-3.99,0.0,$0.00B,$0.00B,0.0,$0.00B,$0.00B,0.0,$-0.27B,$-0.07B,26.10%,$-0.27B,$-0.03B,12.50%,$-0.27B,$-0.03B,12.50%,$-0.27B,$-0.05B,19.49%,$-0.27B,$-0.04B,14.34%,$-0.27B,$-0.10B,34.93%,$-0.10B,$0.00B,-308.94%,$-0.10B,$0.00B,-308.94%,$-0.10B,$0.00B,-11.28%,$-0.03B,$0.00B,-63.85%,$36,$30,$6,$0,$2,$32,$4,$0,$4,$0,$4,$4,$4,$4,$4,$0,0,$0.00,$0.00,$0,$0,$0,$0,$0,$0,$0,$0,$0,$0,$0,$0,$0,$0,$0,$0,$0,$0,$0,$0,$0,$0,$0,$0,$0,$0,$0,$0,$0,$0,$0,$0,$0,$0,$0,$0,$0,$0,$0,$0,$0,$0,$0,$0,$0,$0,$0,$0,$0
4,2017-06-30,2.44,$0.00,0.0,$-15.13,0.0,$-3.81,0.0,$-4.99,0.0,$0.52B,$1.03B,0.51,$0.03B,$0.02B,2.06,$-0.28B,$-0.08B,26.88%,$-0.28B,$-0.04B,13.62%,$-0.28B,$-0.04B,13.62%,$-0.28B,$-0.04B,13.26%,$-0.28B,$-0.04B,15.77%,$-0.28B,$-0.10B,35.84%,$-0.10B,$0.02B,-186.05%,$-0.10B,$0.02B,-186.05%,$-0.10B,$1.16B,-8.67%,$-0.04B,$0.05B,-49.84%,$152,$148,$4,$5,$24,$172,$-20,$-9,$-29,$2,$-31,$-31,$-31,$-3,$-20,$20,20,$-1.57,$-1.57,$139,$92,$117,$519,$538,$0,$0,$52,$636,$1155,$1025,$30,$30,$115,$1140,$477,$53,$-525,$15,$1155,$-55,$39,$5,$44,$0,$2,$-26,$8,$-28,$-39,$-25,$0,$-1,$0,$0,$0,$-13,$-39,$61,$0,$61,$0,$0,$0,$5,$67,$-9,$0,$0
5,2017-03-31,2.4,$0.00,0.0,$-10.31,0.0,$-1.25,0.0,$-3.17,0.0,$0.54B,$0.97B,0.56,$0.03B,$0.04B,0.74,$-0.18B,$-0.04B,20.99%,$-0.18B,$-0.01B,6.63%,$-0.18B,$-0.01B,6.63%,$-0.18B,$-0.01B,5.52%,$-0.18B,$-0.01B,4.97%,$-0.18B,$-0.06B,34.81%,$-0.06B,$0.04B,-80.77%,$-0.06B,$0.04B,-80.77%,$-0.06B,$1.13B,-5.31%,$-0.01B,$0.07B,-12.90%,$0,$0,$-0,$0,$1,$2,$-1,$-2,$-3,$0,$-3,$-3,$-23,$19,$-1,$20,20,$-0.80,$-0.80,$144,$153,$84,$543,$486,$0,$0,$51,$583,$1126,$971,$31,$29,$114,$1084,$477,$-493,$50,$42,$1126,$-23,$21,$3,$24,$6,$-11,$-4,$-10,$-34,$-34,$-9,$0,$0,$0,$0,$0,$-21,$-30,$47,$0,$47,$0,$0,$0,$3,$51,$-11,$0,$0
6,2016-12-31,3.2,$3.30,0.97,$2.51,1.28,$0.57,5.6,$-1.71,0.0,$0.51B,$0.90B,0.56,$0.03B,$0.07B,0.44,$0.08B,$0.01B,8.75%,$0.08B,$0.00B,1.25%,$0.08B,$0.00B,1.25%,$0.08B,$0.00B,5.00%,$0.08B,0,0.00%,$0.08B,$-0.03B,-42.50%,$-0.03B,$0.07B,-35.32%,$-0.03B,$0.07B,-35.32%,$-0.03B,$1.09B,-2.74%,$0.00B,$0.10B,0.96%,$-460,$-379,$-81,$0,$-50,$-443,$-17,$6,$-11,$-1,$-10,$-10,$-45,$-73,$-17,$20,20,$-2.25,$-2.25,$4,$0,$492,$507,$20,$0,$0,$3,$581,$1088,$904,$29,$0,$118,$1022,$477,$-470,$51,$66,$1088,$0,$2,$49,$51,$-0,$0,$-2,$-24,$-24,$28,$3,$0,$0,$0,$0,$0,$39,$42,$-27,$0,$-27,$-1,$-1,$0,$-34,$-62,$-1,$1,$0
7,2016-09-30,5.05,$0.00,0.0,$28.11,0.18,$-1.03,0.0,$-0.10,0.0,$0.61B,$1.06B,0.58,$0.00B,$0.09B,0.0,$0.84B,$0.14B,16.15%,$0.84B,$0.04B,4.19%,$0.84B,$0.04B,4.19%,$0.84B,$0.12B,13.76%,$0.84B,$0.02B,2.27%,$0.84B,$0.02B,2.15%,$0.02B,$0.09B,16.71%,$0.02B,$0.09B,16.71%,$0.02B,$1.25B,1.38%,$0.04B,$0.09B,29.72%,$29,$27,$2,$0,$2,$29,$0,$-1,$-1,$0,$-1,$-1,$-1,$20,$0,$0,0,$0.00,$0.00,$139,$185,$54,$613,$548,$0,$0,$48,$634,$1247,$1063,$0,$40,$92,$1155,$477,$-445,$51,$92,$1247,$-9,$59,$3,$62,$-18,$-22,$-9,$-35,$-70,$-17,$-2,$0,$0,$0,$0,$0,$26,$24,$-12,$0,$-12,$-1,$-1,$0,$0,$-13,$-9,$1,$0
8,2016-06-30,6.2,$0.00,0.0,$46.11,0.13,$0.54,11.47,$1.30,4.77,$0.63B,$1.09B,0.58,$0.00B,$0.11B,0.0,$1.18B,$0.19B,16.34%,$1.18B,$0.05B,3.91%,$1.18B,$0.05B,3.91%,$1.18B,$0.13B,10.98%,$1.18B,$0.03B,2.47%,$1.18B,$0.03B,2.38%,$0.03B,$0.11B,24.94%,$0.03B,$0.11B,24.94%,$0.03B,$1.29B,2.07%,$0.05B,$0.11B,34.85%,$250,$209,$41,$7,$29,$244,$6,$-0,$6,$0,$6,$6,$6,$24,$6,$20,20,$0.27,$0.27,$163,$165,$67,$633,$568,$0,$0,$46,$656,$1289,$1087,$0,$39,$89,$1176,$477,$-424,$51,$112,$1289,$11,$39,$1,$40,$-29,$1,$-13,$-46,$-65,$-14,$1,$0,$0,$0,$0,$0,$-3,$-2,$33,$0,$33,$0,$0,$0,$-27,$6,$-14,$1,$0
9,2016-03-31,7.2,$0.00,0.0,$46.85,0.15,$0.07,106.35,$0.95,7.58,$0.65B,$1.13B,0.58,$0.00B,$0.12B,0.01,$1.19B,$0.20B,16.35%,$1.19B,$0.05B,4.19%,$1.19B,$0.05B,4.19%,$1.19B,$0.14B,11.74%,$1.19B,$0.02B,1.76%,$1.19B,$0.02B,1.68%,$0.02B,$0.12B,17.70%,$0.02B,$0.12B,17.70%,$0.02B,$1.34B,1.42%,$0.05B,$0.12B,34.97%,$261,$216,$45,$8,$27,$248,$12,$-6,$6,$0,$6,$6,$6,$33,$12,$20,20,$0.28,$0.28,$190,$182,$35,$652,$603,$0,$0,$47,$687,$1339,$1129,$2,$38,$95,$1224,$477,$-430,$59,$115,$1339,$6,$21,$-3,$18,$-15,$2,$-1,$-22,$-28,$-4,$-2,$0,$5,$0,$0,$0,$-10,$-7,$11,$0,$11,$-1,$-1,$0,$0,$11,$1,$0,$0
10,2015-12-31,8.5,$1.10,7.72,$51.13,0.17,$-0.13,0.0,$-0.25,0.0,$0.64B,$1.10B,0.58,$0.04B,$0.11B,0.35,$1.28B,$0.19B,14.60%,$1.28B,$0.03B,2.19%,$1.28B,$0.03B,2.19%,$1.28B,$0.12B,9.37%,$1.28B,$-0.00B,-0.31%,$1.28B,$-0.00B,-0.31%,$-0.00B,$0.11B,-3.47%,$-0.00B,$0.11B,-3.47%,$-0.00B,$1.35B,-0.27%,$0.03B,$0.15B,18.01%,$296,$249,$47,$10,$28,$280,$17,$-9,$8,$1,$7,$7,$7,$38,$17,$102,102,$0.56,$0.58,$178,$193,$25,$638,$630,$0,$0,$47,$709,$1346,$1104,$39,$36,$131,$1234,$478,$-435,$62,$112,$1346,$-5,$91,$-11,$80,$-29,$122,$-159,$-14,$-72,$2,$-11,$0,$0,$-0,$0,$-0,$-29,$-40,$-7,$0,$-7,$-0,$-0,$0,$-4,$-11,$-62,$2,$0
11,2015-09-30,4.86,$0.00,0.0,$67.24,0.07,$-8.69,0.0,$-1.00,0.0,$0.67B,$1.19B,0.57,$0.04B,$0.11B,0.35,$1.37B,$0.19B,13.78%,$1.37B,$0.01B,0.44%,$1.37B,$0.01B,0.44%,$1.37B,$0.10B,7.29%,$1.37B,$-0.02B,-1.31%,$1.37B,$-0.02B,-1.38%,$-0.02B,$0.11B,-15.70%,$-0.02B,$0.11B,-15.70%,$-0.02B,$1.43B,-1.22%,$0.01B,$0.15B,3.23%,$368,$309,$59,$10,$35,$357,$11,$-3,$9,$0,$9,$9,$9,$34,$11,$20,20,$0.40,$0.40,$233,$199,$24,$673,$667,$0,$0,$49,$753,$1426,$1185,$39,$37,$131,$1316,$479,$-442,$66,$110,$1426,$-12,$70,$-13,$56,$-20,$121,$-135,$7,$-5,$40,$-8,$0,$0,$0,$0,$0,$-32,$-39,$-8,$0,$-8,$2,$2,$0,$0,$-7,$-13,$0,$0
12,2015-06-30,6.85,$0.00,0.0,$67.53,0.1,$-20.56,0.0,$-2.00,0.0,$0.74B,$1.28B,0.58,$0.04B,$0.12B,0.36,$1.38B,$0.19B,13.59%,$1.38B,$0.00B,0.29%,$1.38B,$0.00B,0.29%,$1.38B,$0.10B,7.05%,$1.38B,$-0.04B,-2.83%,$1.38B,$-0.04B,-2.91%,$-0.04B,$0.12B,-30.71%,$-0.04B,$0.12B,-30.71%,$-0.04B,$1.53B,-2.42%,$0.00B,$0.16B,1.76%,$268,$224,$44,$11,$34,$258,$10,$-12,$-2,$1,$-2,$-2,$-2,$35,$10,$20,20,$-0.10,$-0.10,$185,$278,$55,$737,$705,$0,$0,$46,$789,$1525,$1280,$41,$38,$130,$1410,$478,$-451,$80,$115,$1525,$-20,$47,$-15,$32,$30,$46,$-49,$-69,$-33,$-21,$-2,$0,$0,$0,$0,$0,$-19,$-21,$-18,$0,$-18,$0,$0,$0,$3,$-15,$-57,$1,$0
13,2015-03-31,7.35,$0.00,0.0,$73.45,0.1,$-29.03,0.0,$-1.85,0.0,$0.83B,$1.40B,0.59,$0.04B,$0.12B,0.33,$1.50B,$0.20B,13.38%,$1.50B,$0.00B,0.33%,$1.50B,$0.00B,0.33%,$1.50B,$0.09B,6.02%,$1.50B,$-0.04B,-2.41%,$1.50B,$-0.04B,-2.47%,$-0.04B,$0.12B,-26.29%,$-0.04B,$0.12B,-26.29%,$-0.04B,$1.63B,-2.14%,$0.00B,$0.17B,1.84%,$349,$312,$37,$13,$36,$359,$-10,$-10,$-19,$-1,$-18,$-18,$-18,$13,$-10,$20,20,$-0.90,$-0.90,$228,$269,$68,$831,$729,$0,$0,$49,$796,$1627,$1400,$41,$37,$103,$1503,$478,$-448,$87,$124,$1627,$-18,$23,$-16,$7,$-7,$53,$22,$-68,$2,$-9,$-2,$0,$0,$0,$0,$0,$-54,$-55,$9,$0,$9,$2,$2,$0,$-4,$6,$-52,$0,$0
14,2014-12-31,7.05,$6.63,1.06,$76.74,0.09,$-35.85,0.0,$-1.65,0.0,$0.86B,$1.34B,0.64,$0.14B,$0.14B,1.02,$1.56B,$0.21B,13.26%,$1.56B,$0.01B,0.38%,$1.56B,$0.01B,0.38%,$1.56B,$0.10B,6.21%,$1.56B,$-0.03B,-2.18%,$1.56B,$-0.03B,-2.18%,$-0.03B,$0.14B,-22.97%,$-0.03B,$0.14B,-22.97%,$-0.03B,$1.67B,-1.91%,$0.01B,$0.27B,1.91%,$387,$338,$49,$14,$39,$392,$-5,$-3,$-6,$2,$-8,$-8,$-8,$18,$-5,$20,20,$-0.45,$-0.45,$222,$357,$39,$860,$750,$0,$0,$49,$809,$1669,$1337,$138,$34,$197,$1534,$477,$-430,$81,$135,$1669,$-34,$91,$-19,$73,$28,$-19,$-175,$4,$-161,$-122,$-54,$0,$19,$0,$0,$0,$151,$115,$8,$0,$8,$1,$1,$0,$4,$13,$13,$2,$0
15,2014-09-30,15.0,$0.00,0.0,$81.82,0.18,$-27.60,0.0,$-1.20,0.0,$0.94B,$1.40B,0.67,$0.17B,$0.15B,1.15,$1.61B,$0.20B,12.65%,$1.61B,$0.02B,0.99%,$1.61B,$0.02B,0.99%,$1.61B,$0.12B,7.32%,$1.61B,$-0.02B,-1.43%,$1.61B,$-0.03B,-1.55%,$-0.03B,$0.15B,-15.97%,$-0.03B,$0.15B,-15.97%,$-0.03B,$1.80B,-1.32%,$0.02B,$0.32B,4.80%,$372,$315,$57,$13,$42,$364,$9,$-22,$-12,$-1,$-12,$-12,$-12,$31,$9,$20,20,$-0.60,$-0.60,$197,$406,$36,$935,$789,$0,$0,$45,$861,$1796,$1397,$168,$33,$252,$1649,$477,$-422,$85,$147,$1796,$-26,$68,$6,$74,$7,$-61,$-130,$-33,$-212,$-164,$-46,$0,$19,$0,$0,$0,$111,$84,$22,$0,$22,$1,$1,$0,$0,$23,$-47,$1,$0
16,2014-06-30,14.75,$0.00,0.0,$86.87,0.17,$-14.39,0.0,$-11.75,0.0,$0.95B,$1.41B,0.67,$0.18B,$0.16B,1.12,$1.66B,$0.18B,11.08%,$1.66B,$-0.17B,-10.42%,$1.66B,$-0.17B,-10.42%,$1.66B,$-0.07B,-3.98%,$1.66B,$-0.21B,-12.35%,$1.66B,$-0.21B,-12.83%,$-0.21B,$0.16B,-131.08%,$-0.21B,$0.16B,-131.08%,$-0.21B,$1.82B,-10.56%,$-0.17B,$0.33B,-48.19%,$387,$330,$57,$14,$35,$377,$11,$-9,$1,$0,$1,$1,$1,$28,$11,$20,20,$0.05,$0.05,$219,$390,$34,$949,$804,$0,$0,$44,$875,$1824,$1408,$176,$30,$259,$1667,$476,$-410,$84,$157,$1824,$-14,$46,$4,$49,$19,$-35,$-134,$-47,$-188,$-153,$-42,$0,$18,$0,$0,$0,$107,$83,$34,$0,$34,$1,$1,$0,$0,$35,$-29,$1,$0
17,2014-03-31,16.05,$0.00,0.0,$89.34,0.18,$-4.22,0.0,$-13.00,0.0,$0.94B,$1.41B,0.66,$0.18B,$0.15B,1.19,$1.65B,$0.16B,9.52%,$1.65B,$-0.20B,-12.18%,$1.65B,$-0.20B,-12.18%,$1.65B,$-0.08B,-5.03%,$1.65B,$-0.24B,-14.24%,$1.65B,$-0.24B,-14.24%,$-0.24B,$0.15B,-116.48%,$-0.24B,$0.15B,-116.48%,$-0.24B,$1.84B,-10.87%,$-0.20B,$0.34B,-48.00%,$415,$371,$44,$12,$43,$424,$-9,$-8,$-17,$-2,$-15,$-15,$-15,$20,$-9,$20,20,$-0.70,$-0.70,$215,$376,$33,$935,$827,$0,$0,$44,$900,$1835,$1414,$182,$32,$268,$1682,$476,$-411,$82,$153,$1835,$-15,$29,$3,$31,$24,$-22,$-107,$-25,$-129,$-112,$-37,$0,$15,$0,$0,$0,$106,$84,$-1,$0,$-1,$0,$0,$0,$0,$-1,$-34,$1,$0
18,2013-12-31,17.25,$8.31,2.08,$85.33,0.2,$3.04,5.68,$-14.55,0.0,$1.21B,$1.71B,0.71,$0.18B,$0.17B,1.07,$1.52B,$0.11B,7.18%,$1.52B,$-0.23B,-14.81%,$1.52B,$-0.23B,-14.81%,$1.52B,$-0.11B,-7.31%,$1.52B,$-0.26B,-17.25%,$1.52B,$-0.26B,-17.05%,$-0.26B,$0.17B,-105.61%,$-0.26B,$0.17B,-105.61%,$-0.26B,$2.14B,-11.34%,$-0.23B,$0.35B,-47.24%,$439,$393,$46,$11,$33,$434,$5,$-4,$5,$3,$1,$1,$1,$39,$5,$18,18,$0.40,$0.40,$349,$360,$158,$1207,$863,$0,$0,$47,$933,$2140,$1713,$181,$30,$258,$1971,$476,$-397,$84,$169,$2140,$-259,$114,$162,$276,$-19,$-97,$157,$56,$102,$119,$-126,$0,$0,$0,$0,$0,$-64,$-190,$2,$0,$2,$71,$71,$0,$-5,$68,$-7,$2,$0
19,2013-09-30,24.95,$0.00,0.0,$78.99,0.32,$-9.94,0.0,$-17.50,0.0,$1.24B,$1.77B,0.7,$0.25B,$0.17B,1.45,$1.39B,$0.00B,0.22%,$1.39B,$-0.32B,-23.23%,$1.39B,$-0.32B,-23.23%,$1.39B,$-0.22B,-15.73%,$1.39B,$-0.30B,-21.50%,$1.39B,$-0.35B,-25.18%,$-0.35B,$0.17B,-118.71%,$-0.35B,$0.17B,-118.71%,$-0.35B,$2.27B,-15.42%,$-0.32B,$0.42B,-61.69%,$419,$383,$37,$14,$37,$600,$-180,$-13,$-194,$7,$-200,$-200,$-200,$-153,$-180,$18,18,$-11.15,$-11.15,$439,$342,$52,$1239,$951,$0,$0,$48,$1027,$2267,$1772,$247,$35,$324,$2096,$476,$-398,$86,$171,$2267,$-260,$80,$170,$250,$-112,$-83,$325,$23,$159,$149,$-97,$0,$0,$0,$0,$0,$-149,$-246,$29,$0,$29,$71,$71,$0,$-5,$95,$2,$2,$0
20,2013-06-30,10.7,$0.00,0.0,$68.27,0.16,$-26.48,0.0,$-10.90,0.0,$1.17B,$1.76B,0.66,$0.26B,$0.31B,0.82,$1.19B,$-0.07B,-6.16%,$1.19B,$-0.23B,-18.99%,$1.19B,$-0.23B,-18.99%,$1.19B,$-0.12B,-10.46%,$1.19B,$-0.20B,-16.54%,$1.19B,$-0.23B,-19.24%,$-0.23B,$0.31B,-62.72%,$-0.23B,$0.31B,-62.72%,$-0.23B,$2.40B,-10.33%,$-0.23B,$0.57B,-38.05%,$377,$347,$30,$15,$32,$394,$-17,$-12,$-29,$-7,$-21,$-21,$-21,$11,$-17,$18,18,$-1.20,$-1.20,$406,$343,$51,$1168,$1149,$0,$0,$49,$1234,$2402,$1759,$258,$33,$329,$2088,$422,$-198,$84,$314,$2402,$-60,$53,$-6,$47,$-63,$-87,$227,$9,$83,$70,$-59,$0,$0,$0,$0,$0,$-136,$-195,$111,$0,$111,$0,$0,$0,$-0,$111,$-13,$0,$0
21,2013-03-31,6.9,$0.00,0.0,$60.17,0.11,$-36.18,0.0,$-11.70,0.0,$1.12B,$1.70B,0.66,$0.24B,$0.33B,0.73,$1.04B,$-0.10B,-9.80%,$1.04B,$-0.24B,-23.34%,$1.04B,$-0.24B,-23.34%,$1.04B,$-0.15B,-14.12%,$1.04B,$-0.22B,-20.94%,$1.04B,$-0.24B,-23.25%,$-0.24B,$0.33B,-58.28%,$-0.24B,$0.33B,-58.28%,$-0.24B,$2.33B,-11.32%,$-0.24B,$0.57B,-38.03%,$284,$288,$-4,$6,$29,$318,$-33,$-11,$-44,$-5,$-39,$-39,$-39,$-8,$-33,$17,17,$-2.25,$-2.25,$443,$293,$34,$1122,$1124,$0,$0,$50,$1205,$2327,$1700,$237,$27,$301,$2000,$421,$-177,$76,$327,$2327,$-39,$25,$-5,$20,$-56,$-38,$85,$39,$23,$4,$-6,$0,$0,$0,$0,$0,$-117,$-123,$168,$0,$168,$0,$0,$0,$-0,$168,$50,$0,$0
22,2012-12-31,7.7,$21.09,0.37,$56.13,0.14,$-43.85,0.0,$-11.80,0.0,$0.87B,$1.44B,0.61,$0.17B,$0.36B,0.46,$0.97B,$-0.11B,-10.95%,$0.97B,$-0.25B,-25.62%,$0.97B,$-0.25B,-25.62%,$0.97B,$-0.15B,-15.91%,$0.97B,$-0.22B,-22.73%,$0.97B,$-0.24B,-25.10%,$-0.24B,$0.36B,-51.27%,$-0.24B,$0.36B,-51.46%,$-0.24B,$2.06B,-11.75%,$-0.25B,$0.53B,-35.40%,$306,$367,$-60,$11,$21,$399,$-92,$-8,$-31,$58,$-89,$-89,$-89,$-68,$-92,$17,17,$-5.10,$-5.10,$268,$255,$26,$874,$1103,$0,$0,$52,$1185,$2058,$1442,$168,$54,$252,$1694,$421,$-138,$75,$364,$2058,$-243,$94,$78,$172,$-98,$-157,$243,$-20,$-24,$-95,$-136,$0,$0,$0,$-1,$-1,$-112,$-249,$59,$0,$59,$0,$0,$0,$0,$60,$-286,$2,$0
23,2012-09-30,7.15,$0.00,0.0,$38.39,0.19,$-30.47,0.0,$-11.05,0.0,$0.86B,$1.26B,0.68,$0.25B,$0.45B,0.55,$0.85B,$-0.09B,-10.47%,$0.85B,$-0.21B,-24.47%,$0.85B,$-0.21B,-24.47%,$0.85B,$-0.12B,-13.53%,$0.85B,$-0.24B,-28.12%,$0.85B,$-0.19B,-22.47%,$-0.19B,$0.45B,-35.82%,$-0.19B,$0.45B,-36.04%,$-0.19B,$2.04B,-9.36%,$-0.21B,$0.70B,-26.62%,$218,$257,$-39,$8,$25,$301,$-83,$-9,$-92,$-14,$-79,$-79,$-79,$-59,$-83,$17,17,$-4.55,$-4.55,$336,$236,$22,$862,$1021,$0,$0,$60,$1182,$2044,$1260,$246,$59,$335,$1595,$421,$-49,$71,$449,$2044,$-154,$70,$71,$142,$-29,$-141,$160,$-88,$-107,$-119,$-116,$0,$-1,$0,$0,$0,$-8,$-126,$133,$0,$133,$0,$0,$0,$0,$133,$-114,$2,$0
24,2012-06-30,6.3,$0.00,0.0,$36.20,0.17,$-25.01,0.0,$-6.95,0.0,$0.95B,$1.27B,0.75,$0.24B,$0.52B,0.46,$0.82B,$-0.06B,-7.06%,$0.82B,$-0.16B,-19.49%,$0.82B,$-0.16B,-19.49%,$0.82B,$-0.07B,-8.65%,$0.82B,$-0.16B,-19.49%,$0.82B,$-0.12B,-14.62%,$-0.12B,$0.52B,-20.73%,$-0.12B,$0.52B,-20.91%,$-0.12B,$2.12B,-5.95%,$-0.16B,$0.76B,-19.04%,$233,$232,$1,$14,$18,$268,$-35,$-16,$-51,$-16,$-35,$-35,$-35,$-12,$-35,$17,17,$-2.00,$-2.00,$394,$210,$25,$951,$1003,$0,$0,$59,$1162,$2119,$1265,$242,$63,$334,$1598,$420,$30,$66,$521,$2119,$-75,$46,$27,$73,$-103,$-85,$168,$-47,$-71,$-73,$-85,$0,$0,$0,$0,$0,$-21,$-105,$113,$0,$113,$0,$0,$0,$0,$113,$-65,$1,$0
25,2012-03-31,11.55,$0.00,0.0,$29.96,0.39,$-17.15,0.0,$-4.85,0.0,$0.90B,$1.13B,0.79,$0.25B,$0.56B,0.45,$0.84B,$-0.01B,-1.55%,$0.84B,$-0.10B,-12.19%,$0.84B,$-0.10B,-12.19%,$0.84B,$-0.02B,-1.91%,$0.84B,$-0.10B,-12.43%,$0.84B,$-0.08B,-9.92%,$-0.08B,$0.56B,-13.70%,$-0.08B,$0.56B,-13.84%,$-0.08B,$2.05B,-4.24%,$-0.10B,$0.81B,-11.46%,$211,$220,$-8,$12,$18,$249,$-38,$-9,$-46,$-6,$-40,$-40,$-40,$-15,$-38,$17,17,$-2.35,$-2.35,$388,$176,$7,$898,$986,$0,$6,$60,$1150,$2048,$1132,$250,$75,$355,$1486,$420,$65,$71,$562,$2048,$-40,$23,$13,$36,$-64,$-35,$47,$-20,$-84,$-88,$-45,$0,$0,$0,$-2,$-2,$10,$-37,$86,$0,$86,$0,$0,$0,$0,$86,$-40,$1,$0
26,2011-12-31,7.65,$34.83,0.22,$27.59,0.28,$-10.38,0.0,$-0.05,0.0,$0.83B,$0.99B,0.84,$0.26B,$0.60B,0.43,$0.99B,$0.10B,9.75%,$0.99B,$0.01B,1.22%,$0.99B,$0.01B,1.22%,$0.99B,$0.09B,9.54%,$0.99B,$-0.00B,-0.41%,$0.99B,0,0.00%,$0.00B,$0.60B,0.00%,$0.00B,$0.60B,0.00%,$0.00B,$1.95B,0.00%,$0.01B,$0.86B,1.31%,$188,$231,$-43,$12,$14,$240,$-52,$3,$-50,$-13,$-37,$-37,$-37,$-29,$-52,$0,0,$-0.85,$-0.80,$567,$154,$7,$833,$980,$0,$6,$59,$1116,$1949,$989,$256,$73,$358,$1348,$422,$105,$72,$601,$1949,$0,$84,$50,$133,$-79,$-24,$5,$-48,$-156,$-22,$-153,$0,$-1,$0,$0,$0,$-23,$-177,$307,$0,$307,$-2,$-2,$0,$-31,$274,$88,$4,$0
27,2011-09-30,8.6,$0.00,0.0,$49.77,0.17,$4.55,1.89,$5.55,1.55,$0.92B,$0.92B,1.01,$0.30B,$0.63B,0.47,$1.18B,$0.26B,21.81%,$1.18B,$0.15B,12.68%,$1.18B,$0.15B,12.68%,$1.18B,$0.23B,19.02%,$1.18B,$0.13B,11.33%,$1.18B,$0.10B,8.28%,$0.10B,$0.63B,15.90%,$0.10B,$0.63B,16.05%,$0.10B,$1.96B,5.43%,$0.15B,$0.93B,17.08%,$189,$197,$-8,$12,$17,$224,$-35,$21,$-13,$-5,$-8,$-8,$-8,$-15,$-35,$18,18,$-0.45,$-0.45,$452,$219,$10,$923,$911,$0,$6,$56,$1035,$1958,$919,$299,$109,$408,$1327,$422,$142,$66,$631,$1958,$37,$60,$28,$88,$-35,$-65,$-17,$-41,$-172,$-47,$-101,$0,$-1,$0,$0,$0,$-16,$-118,$303,$0,$303,$-2,$-2,$0,$-31,$270,$116,$3,$0
28,2011-06-30,26.1,$0.00,0.0,$49.70,0.53,$18.34,1.42,$9.50,2.75,$0.88B,$0.79B,1.11,$0.33B,$0.63B,0.53,$1.35B,$0.38B,28.31%,$1.35B,$0.27B,20.03%,$1.35B,$0.27B,20.03%,$1.35B,$0.34B,25.28%,$1.35B,$0.23B,16.63%,$1.35B,$0.17B,12.27%,$0.17B,$0.63B,28.29%,$0.17B,$0.62B,28.55%,$0.17B,$1.87B,9.75%,$0.27B,$0.96B,33.01%,$249,$203,$46,$11,$12,$226,$23,$-18,$5,$3,$2,$2,$2,$43,$23,$35,35,$0.05,$0.05,$484,$163,$3,$880,$880,$0,$6,$55,$993,$1874,$791,$333,$95,$453,$1244,$422,$149,$56,$630,$1874,$45,$40,$36,$76,$-26,$8,$-62,$-16,$-109,$12,$-55,$0,$-1,$0,$0,$0,$-11,$-67,$227,$0,$227,$0,$0,$0,$-32,$196,$147,$2,$0
29,2011-03-31,52.75,$0.00,0.0,$49.59,1.06,$22.93,2.3,$11.50,4.59,$0.84B,$0.77B,1.09,$0.29B,$0.62B,0.48,$1.36B,$0.41B,30.49%,$1.36B,$0.30B,22.09%,$1.36B,$0.30B,22.09%,$1.36B,$0.37B,26.88%,$1.36B,$0.27B,19.73%,$1.36B,$0.20B,14.73%,$0.20B,$0.62B,36.95%,$0.20B,$0.61B,37.31%,$0.20B,$1.80B,12.53%,$0.30B,$0.91B,40.55%,$359,$258,$101,$12,$13,$284,$76,$-22,$54,$11,$43,$43,$43,$95,$76,$35,36,$1.25,$1.20,$441,$152,$3,$837,$843,$0,$5,$44,$958,$1795,$769,$294,$88,$407,$1177,$422,$149,$45,$618,$1795,$43,$20,$20,$40,$-42,$19,$-45,$-12,$-87,$-3,$-32,$0,$0,$0,$0,$0,$-13,$-45,$171,$0,$171,$0,$0,$0,$-28,$144,$98,$1,$0
30,2010-12-31,43.7,$33.73,1.3,$45.59,0.96,$24.29,1.8,$9.75,4.48,$0.70B,$0.78B,0.9,$0.12B,$0.59B,0.21,$1.21B,$0.35B,28.86%,$1.21B,$0.25B,20.32%,$1.21B,$0.25B,20.32%,$1.21B,$0.30B,25.12%,$1.21B,$0.23B,18.99%,$1.21B,$0.17B,14.01%,$0.17B,$0.59B,34.58%,$0.17B,$0.58B,34.95%,$0.17B,$1.59B,11.43%,$0.25B,$0.71B,37.30%,$386,$267,$119,$13,$12,$301,$86,$2,$88,$27,$61,$61,$61,$102,$86,$17,17,$6.65,$6.55,$328,$171,$12,$698,$801,$0,$5,$40,$896,$1594,$778,$122,$87,$229,$1007,$422,$108,$36,$586,$1594,$169,$57,$4,$61,$27,$-28,$121,$29,$173,$403,$-143,$0,$0,$0,$0,$0,$-8,$-151,$-76,$0,$-76,$3,$3,$0,$0,$-73,$184,$4,$0
31,2010-09-30,62.5,$0.00,0.0,$28.66,2.18,$1.17,53.54,$5.15,12.14,$0.70B,$0.75B,0.93,$0.19B,$0.51B,0.37,$1.00B,$0.23B,22.80%,$1.00B,$0.14B,13.90%,$1.00B,$0.14B,13.90%,$1.00B,$0.19B,19.40%,$1.00B,$0.12B,11.90%,$1.00B,$0.09B,9.10%,$0.09B,$0.51B,20.62%,$0.09B,$0.51B,20.88%,$0.09B,$1.55B,6.49%,$0.14B,$0.70B,22.20%,$359,$242,$117,$9,$18,$272,$86,$-8,$78,$18,$60,$60,$60,$102,$86,$35,35,$1.75,$1.75,$290,$164,$0,$695,$787,$0,$5,$29,$855,$1550,$745,$189,$103,$292,$1037,$415,$47,$28,$513,$1550,$108,$41,$10,$51,$-12,$-23,$112,$35,$128,$287,$-93,$0,$0,$0,$0,$0,$-42,$-135,$-49,$0,$-49,$0,$0,$0,$-0,$-49,$105,$3,$0
32,2010-06-30,29.85,$0.00,0.0,$23.26,1.28,$-12.25,0.0,$0.95,31.42,$0.62B,$0.71B,0.88,$0.19B,$0.45B,0.42,$0.78B,$0.12B,14.83%,$0.78B,$0.05B,5.75%,$0.78B,$0.05B,5.75%,$0.78B,$0.09B,11.76%,$0.78B,$0.03B,3.71%,$0.78B,$0.02B,2.69%,$0.02B,$0.45B,5.22%,$0.02B,$0.44B,5.31%,$0.02B,$1.45B,1.58%,$0.05B,$0.64B,7.41%,$254,$177,$77,$7,$15,$201,$52,$-5,$48,$12,$36,$36,$36,$66,$52,$35,36,$1.05,$1.05,$252,$165,$0,$619,$743,$0,$6,$28,$825,$1445,$705,$189,$103,$292,$997,$415,$-13,$24,$448,$1445,$48,$25,$4,$28,$5,$-26,$96,$7,$92,$168,$-47,$0,$0,$0,$0,$0,$-50,$-97,$-7,$0,$-7,$0,$0,$0,$-0,$-7,$64,$1,$0
33,2010-03-31,29.6,$0.00,0.0,$19.17,1.54,$-20.54,0.0,$-1.45,0.0,$0.51B,$0.66B,0.77,$0.17B,$0.41B,0.42,$0.61B,$0.04B,7.04%,$0.61B,$-0.01B,-1.80%,$0.61B,$-0.01B,-1.80%,$0.61B,$0.02B,3.60%,$0.61B,$-0.02B,-3.60%,$0.61B,$-0.02B,-3.11%,$-0.02B,$0.41B,-4.98%,$-0.02B,$0.40B,-5.08%,$-0.02B,$1.33B,-1.48%,$-0.01B,$0.58B,-1.82%,$207,$171,$35,$6,$6,$185,$21,$-6,$15,$4,$12,$12,$12,$33,$21,$35,35,$0.35,$0.35,$148,$122,$0,$508,$721,$0,$6,$27,$819,$1327,$661,$171,$86,$257,$919,$414,$-49,$22,$408,$1327,$12,$12,$0,$12,$-38,$16,$36,$-3,$19,$43,$-30,$0,$0,$0,$0,$0,$-19,$-49,$-3,$0,$-3,$0,$0,$0,$0,$-3,$-9,$0,$0
34,2009-12-31,23.8,$22.96,1.04,$17.08,1.39,$-20.92,0.0,$-4.35,0.0,$0.48B,$0.61B,0.79,$0.19B,$0.40B,0.48,$0.51B,$-0.04B,-8.41%,$0.51B,$-0.09B,-17.61%,$0.51B,$-0.09B,-17.61%,$0.51B,$-0.07B,-13.50%,$0.51B,$-0.10B,-19.57%,$0.51B,$-0.06B,-11.94%,$-0.06B,$0.40B,-16.61%,$-0.06B,$0.39B,-16.87%,$-0.06B,$1.29B,-4.90%,$-0.09B,$0.59B,-14.62%,$180,$181,$-1,$3,$17,$200,$-20,$-2,$-22,$-5,$-17,$-17,$-17,$-7,$-20,$34,34,$-0.50,$-0.50,$138,$138,$0,$480,$703,$0,$7,$26,$805,$1285,$610,$189,$83,$279,$889,$414,$-61,$22,$396,$1285,$-72,$36,$90,$126,$-63,$-2,$38,$-49,$-108,$-54,$-227,$0,$-17,$-1,$0,$-1,$-13,$-258,$237,$0,$237,$74,$74,$0,$-5,$306,$-6,$3,$0
35,2009-09-30,24.05,$0.00,0.0,$17.59,1.37,$-26.27,0.0,$-12.40,0.0,$0.49B,$0.53B,0.93,$0.27B,$0.36B,0.76,$0.49B,$-0.17B,-35.10%,$0.49B,$-0.21B,-43.47%,$0.49B,$-0.21B,-43.47%,$0.49B,$-0.21B,-41.84%,$0.49B,$-0.23B,-45.92%,$0.49B,$-0.17B,-35.10%,$-0.17B,$0.36B,-47.29%,$-0.17B,$0.35B,-47.84%,$-0.17B,$1.27B,-14.62%,$-0.21B,$0.63B,-35.06%,$141,$136,$5,$5,$8,$149,$-8,$-4,$-12,$-1,$-10,$-10,$-10,$0,$-8,$28,28,$-0.35,$-0.35,$124,$162,$0,$487,$619,$0,$8,$25,$784,$1271,$525,$270,$120,$390,$915,$346,$-32,$22,$356,$1271,$-44,$23,$67,$90,$-41,$-24,$30,$-5,$-68,$-23,$-198,$0,$-17,$0,$0,$0,$-17,$-232,$237,$0,$237,$0,$0,$0,$0,$237,$-17,$3,$0
36,2009-06-30,28.15,$0.00,0.0,$19.88,1.42,$-18.48,0.0,$-9.40,0.0,$0.48B,$0.49B,0.98,$0.26B,$0.37B,0.71,$0.57B,$-0.13B,-23.19%,$0.57B,$-0.17B,-29.73%,$0.57B,$-0.17B,-29.73%,$0.57B,$-0.17B,-29.73%,$0.57B,$-0.18B,-31.86%,$0.57B,$-0.13B,-23.01%,$-0.13B,$0.37B,-32.26%,$-0.13B,$0.36B,-32.44%,$-0.13B,$1.25B,-11.54%,$-0.17B,$0.62B,-26.87%,$83,$78,$4,$3,$6,$87,$-4,$1,$-3,$1,$-4,$-4,$-4,$-4,$-4,$28,28,$-0.15,$-0.15,$232,$143,$0,$484,$510,$0,$9,$21,$767,$1251,$493,$259,$135,$393,$886,$346,$-22,$22,$365,$1251,$-34,$15,$66,$81,$10,$-14,$3,$-17,$-38,$9,$-146,$0,$-17,$-1,$0,$-1,$-46,$-210,$262,$0,$262,$0,$0,$0,$0,$262,$61,$2,$0
37,2009-03-31,20.0,$0.00,0.0,$23.52,0.85,$-19.59,0.0,$-7.20,0.0,$0.52B,$0.42B,1.23,$0.28B,$0.35B,0.78,$0.66B,$-0.09B,-14.05%,$0.66B,$-0.13B,-19.69%,$0.66B,$-0.13B,-19.69%,$0.66B,$-0.13B,-19.08%,$0.66B,$-0.15B,-22.29%,$0.66B,$-0.10B,-15.73%,$-0.10B,$0.35B,-23.91%,$-0.10B,$0.35B,-23.91%,$-0.10B,$1.18B,-9.85%,$-0.13B,$0.63B,-20.36%,$107,$158,$-51,$3,$4,$165,$-58,$-4,$-63,$-33,$-30,$-30,$-30,$-58,$-58,$28,28,$-1.10,$-1.10,$240,$149,$0,$515,$416,$0,$0,$14,$660,$1175,$420,$275,$128,$403,$823,$331,$-19,$22,$352,$1175,$0,$0,$0,$0,$0,$0,$0,$0,$0,$0,$0,$0,$0,$0,$0,$0,$0,$0,$0,$0,$0,$0,$0,$0,$0,$0,$0,$0,$0
38,2008-12-31,22.05,$27.76,0.79,$24.58,0.9,$-24.81,0.0,$-3.60,0.0,$0.44B,$0.33B,1.32,$0.17B,$0.38B,0.45,$0.67B,$-0.01B,-2.09%,$0.67B,$-0.05B,-7.15%,$0.67B,$-0.05B,-7.15%,$0.67B,$-0.04B,-6.11%,$0.67B,$-0.06B,-9.24%,$0.67B,$-0.06B,-8.20%,$-0.06B,$0.38B,-13.33%,$-0.06B,$0.38B,-13.33%,$-0.06B,$1.01B,-6.02%,$-0.05B,$0.55B,-8.15%,$159,$289,$-130,$3,$9,$302,$-143,$-4,$-147,$-18,$-129,$-129,$-128,$-143,$-143,$28,28,$-4.65,$-4.65,$118,$193,$0,$440,$341,$0,$0,$14,$568,$1008,$333,$172,$121,$293,$626,$331,$11,$22,$382,$1008,$-54,$19,$141,$159,$-35,$-205,$23,$86,$-140,$-35,$-338,$0,$-4,$6,$0,$6,$0,$-336,$128,$0,$128,$316,$316,$-0,$-22,$422,$59,$3,$-0
