,Date,Stock Price,Book Value per Share,Price to Book Ratio,TTM Sales per Share,Price to Sales Ratio,TTM FCF per Share,Price to FCF Ratio,TTM Net EPS,PE Ratio,Current Assets,Current Liabilities,Current Ratio,Long Term Debt,Shareholder's Equity_x,Debt to Equity Ratio,TTM Revenue_x,TTM Gross Profit,Gross Margin,TTM Revenue_y,TTM Operating Income,Operating Margin,TTM Revenue_x,TTM EBIT,EBIT Margin,TTM Revenue_y,TTM EBITDA,EBITDA Margin,TTM Revenue_x,TTM Pre-Tax Income,Pre-Tax Margin,TTM Revenue_y,TTM Net Income_x,Net Margin,TTM Net Income_y,Shareholder's Equity_y,Return on Equity,TTM Net Income_x,Tangible Equity,Return on Tangible Equity,TTM Net Income_y,Total Assets,Return on Assets,TTM Net Income,LT Investments & Debt,Return on Investment,revenue,cost-goods-sold,gross-profit,research-development-expenses,selling-general-administrative-expenses,operating-expenses,operating-income,total-non-operating-income-expense,pre-tax-income,total-provision-income-taxes,income-after-taxes,income-from-continuous-operations,net-income,ebitda,ebit,basic-shares-outstanding,shares-outstanding,eps-basic-net-earnings-per-share,eps-earnings-per-share-diluted,cash-on-hand,inventory,other-current-assets,total-current-assets,net-property-plant-equipment,long-term-investments,goodwill-intangible-assets-total,other-long-term-assets,total-long-term-assets,total-assets,total-current-liabilities,long-term-debt,other-non-current-liabilities,total-long-term-liabilities,total-liabilities,common-stock-net,retained-earnings-accumulated-deficit,comprehensive-income,total-share-holder-equity,total-liabilities-share-holders-equity,net-income-loss,total-depreciation-amortization-cash-flow,other-non-cash-items,total-non-cash-items,change-in-accounts-receivable,change-in-inventories,change-in-accounts-payable,change-in-assets-liabilities,total-change-in-assets-liabilities,cash-flow-from-operating-activities,net-change-in-property-plant-equipment,net-change-in-intangible-assets,net-acquisitions-divestitures,net-change-in-short-term-investments,net-change-in-long-term-investments,net-change-in-investments-total,investing-activities-other,cash-flow-from-investing-activities,net-long-term-debt,net-current-debt,debt-issuance-retirement-net-total,net-common-equity-issued-repurchased,net-total-equity-issued-repurchased,total-common-preferred-stock-dividends-paid,financial-activities-other,cash-flow-from-financial-activities,net-cash-flow,stock-based-compensation,common-stock-dividends-paid
0,2018-09-30,16.2,$14.17,1.14,$5.57,2.91,$4.13,3.92,$1.02,15.88,$2.18B,$2.33B,0.94,$0.01B,$0.34B,0.03,$0.13B,$0.10B,80.95%,$0.13B,$0.04B,33.33%,$0.13B,0,0.00%,$0.13B,0,0.00%,$0.13B,$0.04B,33.33%,$0.13B,$0.03B,19.84%,$0.03B,$0.34B,7.54%,$0.03B,$0.23B,11.33%,$0.03B,$2.70B,0.94%,$0.04B,$0.35B,11.91%,$33,$7,$25,$0,$14,$22,$11,$0,$11,$2,$9,$9,$9,$0,$0,$24,24,$0.37,$0.36,$34,$0,$0,$2184,$33,$269,$111,$87,$518,$2703,$2333,$10,$19,$29,$2362,$0,$39,$-4,$341,$2703,$26,$6,$-0,$5,$0,$0,$0,$1,$1,$32,$-0,$0,$0,$0,$16,$16,$-102,$-86,$0,$-90,$-90,$0,$0,$-6,$159,$64,$9,$0,$-6
1,2018-06-30,17.76,$13.91,1.28,$5.51,3.22,$3.35,5.3,$0.84,21.14,$2.20B,$2.36B,0.93,$0.01B,$0.33B,0.03,$0.12B,$0.10B,83.06%,$0.12B,$0.04B,30.65%,$0.12B,0,0.00%,$0.12B,0,0.00%,$0.12B,$0.04B,29.84%,$0.12B,$0.02B,16.13%,$0.02B,$0.33B,6.10%,$0.02B,$0.22B,9.17%,$0.02B,$2.73B,0.76%,$0.04B,$0.34B,10.53%,$32,$7,$26,$0,$14,$21,$11,$0,$11,$2,$9,$9,$9,$0,$0,$24,24,$0.37,$0.37,$52,$0,$0,$2196,$34,$280,$111,$87,$530,$2726,$2364,$10,$17,$27,$2391,$0,$32,$-4,$334,$2726,$17,$4,$0,$4,$0,$0,$0,$-1,$-1,$20,$2,$0,$0,$0,$10,$10,$-102,$-90,$0,$-15,$-15,$0,$0,$-4,$115,$97,$27,$0,$-4
2,2018-03-31,15.69,$13.68,1.15,$5.33,2.94,$2.47,6.34,$0.26,60.36,$2.13B,$2.25B,0.95,$0.06B,$0.33B,0.17,$0.11B,$0.09B,83.18%,$0.11B,$0.03B,29.91%,$0.11B,0,0.00%,$0.11B,0,0.00%,$0.11B,$0.02B,20.56%,$0.11B,$0.01B,7.48%,$0.01B,$0.33B,2.46%,$0.01B,$0.22B,3.72%,$0.01B,$2.65B,0.30%,$0.03B,$0.39B,8.65%,$31,$6,$26,$0,$15,$21,$10,$0,$10,$2,$8,$8,$8,$0,$0,$24,24,$0.34,$0.34,$29,$0,$0,$2125,$34,$287,$110,$77,$526,$2650,$2245,$57,$21,$77,$2322,$0,$25,$-3,$328,$2650,$8,$2,$1,$3,$0,$0,$0,$3,$3,$14,$1,$0,$0,$0,$5,$5,$-43,$-38,$0,$-1,$-1,$0,$0,$-2,$29,$27,$3,$0,$-2
3,2017-12-31,15.8,$13.48,1.17,$5.04,3.14,$2.40,6.59,$0.08,197.52,$2.08B,$2.26B,0.92,$0.01B,$0.32B,0.03,$0.09B,$0.07B,82.95%,$0.09B,$0.03B,29.55%,$0.09B,0,0.00%,$0.09B,0,0.00%,$0.09B,$0.02B,17.05%,$0.09B,$0.00B,2.27%,$0.00B,$0.32B,0.73%,$0.00B,$0.21B,1.05%,$0.00B,$2.61B,0.09%,$0.03B,$0.33B,8.33%,$30,$5,$25,$0,$15,$20,$10,$-0,$10,$11,$-1,$-1,$-1,$0,$0,$18,19,$-0.01,$0.00,$25,$0,$0,$2078,$36,$294,$111,$78,$536,$2614,$2263,$10,$19,$28,$2291,$0,$19,$-1,$323,$2614,$2,$5,$15,$20,$0,$0,$0,$2,$2,$25,$-0,$0,$24,$10,$1,$11,$-96,$-62,$26,$191,$217,$1,$1,$-6,$-197,$15,$-22,$0,$-6
4,2017-09-30,16.66,$13.63,1.22,$4.42,3.77,$2.68,6.22,$0.31,53.76,$2.05B,$2.19B,0.94,$0.06B,$0.33B,0.17,$0.07B,$0.06B,81.69%,$0.07B,$0.02B,28.17%,$0.07B,0,0.00%,$0.07B,0,0.00%,$0.07B,$0.01B,12.68%,$0.07B,$0.01B,7.04%,$0.01B,$0.33B,2.21%,$0.01B,$0.22B,3.02%,$0.01B,$2.60B,0.27%,$0.02B,$0.38B,7.67%,$31,$5,$26,$0,$19,$24,$7,$-0,$6,$2,$4,$4,$4,$0,$0,$24,24,$0.18,$0.18,$24,$0,$0,$2050,$36,$297,$107,$82,$547,$2597,$2192,$57,$22,$78,$2271,$0,$22,$-1,$326,$2597,$4,$2,$5,$7,$0,$0,$0,$1,$1,$12,$0,$0,$24,$0,$7,$7,$-61,$-30,$26,$120,$146,$1,$1,$-4,$-149,$-6,$-24,$0,$-4
5,2017-06-30,17.18,$13.52,1.27,$4.25,4.04,$3.21,5.36,$0.35,49.08,$2.09B,$2.23B,0.94,$0.06B,$0.32B,0.18,$0.05B,$0.04B,81.48%,$0.05B,$0.02B,31.48%,$0.05B,0,0.00%,$0.05B,0,0.00%,$0.05B,$0.01B,12.96%,$0.05B,$0.00B,7.41%,$0.00B,$0.32B,2.28%,$0.00B,$0.21B,2.87%,$0.00B,$2.63B,0.26%,$0.02B,$0.38B,8.55%,$15,$3,$12,$0,$7,$10,$5,$-9,$-4,$-1,$-3,$-3,$-3,$0,$0,$13,13,$-0.21,$-0.21,$45,$0,$0,$2085,$37,$292,$111,$83,$545,$2631,$2230,$57,$21,$78,$2308,$0,$19,$-1,$323,$2631,$-1,$1,$1,$2,$0,$0,$0,$-1,$-1,$0,$0,$0,$24,$0,$2,$2,$-62,$-36,$26,$49,$75,$1,$1,$-2,$-41,$33,$-3,$0,$-2
6,2017-03-31,16.45,$10.40,1.58,$4.18,3.94,$3.69,4.46,$0.79,20.82,$1.00B,$1.01B,0.99,$0.03B,$0.13B,0.2,$0.05B,$0.04B,82.69%,$0.05B,$0.02B,30.77%,$0.05B,0,0.00%,$0.05B,0,0.00%,$0.05B,$0.02B,28.85%,$0.05B,$0.01B,19.23%,$0.01B,$0.13B,7.97%,$0.01B,$0.12B,8.75%,$0.01B,$1.18B,0.87%,$0.02B,$0.15B,11.68%,$12,$3,$10,$0,$6,$9,$4,$-0,$3,$1,$2,$2,$2,$0,$0,$12,13,$0.17,$0.16,$35,$0,$0,$1001,$8,$109,$11,$41,$176,$1177,$1012,$26,$11,$37,$1049,$0,$23,$-1,$128,$1177,$2,$0,$1,$1,$0,$0,$0,$3,$3,$7,$0,$0,$0,$0,$-4,$-4,$-45,$-48,$26,$21,$47,$1,$1,$-1,$-17,$30,$-12,$0,$-1
7,2016-12-31,15.8,$10.30,1.53,$4.17,3.79,$3.36,4.7,$0.84,18.81,$0.97B,$1.01B,0.96,$0.00B,$0.13B,0.0,$0.05B,$0.04B,82.69%,$0.05B,$0.02B,30.77%,$0.05B,0,0.00%,$0.05B,0,0.00%,$0.05B,$0.02B,30.77%,$0.05B,$0.01B,21.15%,$0.01B,$0.13B,8.89%,$0.01B,$0.12B,9.78%,$0.01B,$1.14B,0.98%,$0.02B,$0.13B,12.08%,$13,$2,$10,$0,$6,$9,$4,$0,$4,$1,$2,$2,$2,$0,$0,$12,12,$0.17,$0.17,$47,$0,$0,$969,$8,$104,$11,$43,$173,$1142,$1008,$0,$8,$8,$1016,$0,$22,$-1,$126,$1142,$10,$1,$2,$3,$0,$0,$0,$4,$4,$18,$2,$0,$0,$0,$13,$13,$-110,$-96,$0,$21,$21,$0,$0,$-4,$77,$95,$17,$0,$-4
8,2016-09-30,12.54,$10.20,1.23,$4.14,3.03,$3.07,4.08,$0.85,14.75,$0.96B,$0.99B,0.96,$0.01B,$0.13B,0.08,$0.05B,$0.04B,84.31%,$0.05B,$0.02B,31.37%,$0.05B,0,0.00%,$0.05B,0,0.00%,$0.05B,$0.02B,31.37%,$0.05B,$0.01B,21.57%,$0.01B,$0.13B,9.00%,$0.01B,$0.11B,9.93%,$0.01B,$1.14B,1.01%,$0.02B,$0.14B,11.87%,$14,$2,$12,$0,$7,$10,$4,$0,$4,$1,$3,$3,$3,$0,$0,$12,12,$0.23,$0.22,$50,$0,$0,$955,$8,$106,$11,$48,$181,$1135,$990,$10,$10,$20,$1010,$0,$21,$-1,$125,$1135,$8,$1,$2,$2,$0,$0,$0,$2,$2,$12,$1,$0,$0,$0,$11,$11,$-91,$-80,$-5,$16,$11,$0,$0,$-3,$80,$88,$20,$0,$-3
9,2016-06-30,11.6,$10.04,1.16,$4.01,2.89,$3.20,3.62,$0.83,13.98,$0.94B,$0.98B,0.96,$0.01B,$0.12B,0.08,$0.05B,$0.04B,83.67%,$0.05B,$0.02B,32.65%,$0.05B,0,0.00%,$0.05B,0,0.00%,$0.05B,$0.02B,32.65%,$0.05B,$0.01B,20.41%,$0.01B,$0.12B,8.26%,$0.01B,$0.11B,9.13%,$0.01B,$1.12B,0.94%,$0.02B,$0.13B,12.10%,$13,$2,$11,$0,$7,$9,$4,$0,$4,$1,$3,$3,$3,$0,$0,$12,12,$0.23,$0.23,$42,$0,$0,$940,$9,$111,$11,$43,$181,$1121,$980,$10,$7,$17,$998,$0,$19,$-1,$123,$1121,$5,$0,$1,$1,$0,$0,$0,$-1,$-1,$5,$1,$0,$0,$0,$5,$5,$-79,$-73,$-5,$19,$14,$0,$0,$-2,$67,$79,$11,$0,$-2
10,2016-03-31,11.31,$9.89,1.14,$3.95,2.86,$3.14,3.61,$0.80,14.13,$0.90B,$0.94B,0.95,$0.02B,$0.12B,0.12,$0.05B,$0.04B,85.42%,$0.05B,$0.02B,33.33%,$0.05B,0,0.00%,$0.05B,0,0.00%,$0.05B,$0.02B,33.33%,$0.05B,$0.01B,18.75%,$0.01B,$0.12B,7.50%,$0.01B,$0.11B,8.29%,$0.01B,$1.08B,0.87%,$0.02B,$0.14B,11.85%,$12,$2,$10,$0,$7,$9,$4,$0,$4,$1,$3,$3,$3,$0,$0,$12,12,$0.21,$0.21,$34,$0,$0,$896,$9,$117,$12,$44,$188,$1084,$941,$15,$8,$23,$963,$0,$17,$-1,$121,$1084,$3,$0,$0,$1,$0,$0,$0,$-1,$-1,$2,$0,$0,$0,$0,$-2,$-2,$-42,$-44,$0,$14,$14,$0,$0,$-1,$32,$45,$4,$0,$-1
11,2015-12-31,12.31,$9.78,1.26,$3.85,3.2,$3.20,3.85,$0.75,16.42,$0.85B,$0.90B,0.95,$0.02B,$0.12B,0.13,$0.05B,$0.04B,85.11%,$0.05B,$0.02B,31.91%,$0.05B,0,0.00%,$0.05B,0,0.00%,$0.05B,$0.02B,31.91%,$0.05B,$0.01B,17.02%,$0.01B,$0.12B,6.75%,$0.01B,$0.11B,7.49%,$0.01B,$1.04B,0.80%,$0.02B,$0.14B,11.03%,$12,$2,$10,$0,$7,$8,$4,$0,$4,$1,$2,$2,$2,$0,$0,$12,12,$0.20,$0.19,$30,$0,$0,$851,$9,$115,$12,$43,$185,$1036,$895,$15,$7,$22,$916,$0,$16,$-1,$120,$1036,$9,$1,$1,$3,$0,$0,$0,$0,$0,$12,$4,$0,$0,$4,$-5,$-1,$-130,$-127,$-10,$40,$30,$-0,$-0,$-6,$83,$107,$-8,$0,$-6
12,2015-09-30,10.39,$9.86,1.05,$3.80,2.74,$3.07,3.39,$0.72,14.43,$0.83B,$0.89B,0.94,$0.01B,$0.12B,0.04,$0.05B,$0.04B,86.96%,$0.05B,$0.01B,30.43%,$0.05B,0,0.00%,$0.05B,0,0.00%,$0.05B,$0.01B,30.43%,$0.05B,$0.01B,17.39%,$0.01B,$0.12B,6.84%,$0.01B,$0.11B,7.60%,$0.01B,$1.02B,0.82%,$0.01B,$0.13B,10.22%,$12,$2,$10,$0,$6,$8,$4,$0,$4,$1,$2,$2,$2,$0,$0,$12,12,$0.20,$0.20,$52,$0,$0,$833,$9,$116,$12,$42,$185,$1018,$887,$5,$6,$11,$898,$0,$17,$-1,$120,$1018,$7,$1,$-0,$1,$0,$0,$0,$4,$4,$12,$3,$0,$0,$4,$-7,$-3,$-91,$-91,$0,$7,$7,$-0,$-0,$-3,$88,$92,$13,$0,$-3
13,2015-06-30,10.13,$9.73,1.04,$3.69,2.74,$2.76,3.67,$0.69,14.68,$0.83B,$0.86B,0.96,$0.03B,$0.12B,0.21,$0.05B,$0.04B,86.67%,$0.05B,$0.01B,28.89%,$0.05B,0,0.00%,$0.05B,0,0.00%,$0.05B,$0.01B,28.89%,$0.05B,$0.01B,17.78%,$0.01B,$0.12B,6.90%,$0.01B,$0.11B,7.71%,$0.01B,$1.01B,0.85%,$0.01B,$0.14B,9.22%,$12,$2,$11,$0,$7,$9,$4,$0,$4,$1,$2,$2,$2,$0,$0,$12,12,$0.20,$0.20,$75,$0,$0,$827,$9,$110,$12,$47,$185,$1012,$862,$25,$6,$31,$893,$0,$15,$-1,$119,$1012,$4,$1,$-0,$0,$0,$0,$0,$0,$0,$5,$0,$0,$0,$4,$-1,$3,$-61,$-58,$0,$16,$16,$0,$0,$-2,$75,$89,$36,$0,$-2
14,2015-03-31,10.8,$9.42,1.15,$3.51,3.08,$2.89,3.74,$0.64,16.88,$0.76B,$0.79B,0.96,$0.03B,$0.12B,0.22,$0.04B,$0.04B,86.05%,$0.04B,$0.01B,27.91%,$0.04B,0,0.00%,$0.04B,0,0.00%,$0.04B,$0.01B,27.91%,$0.04B,$0.01B,18.60%,$0.01B,$0.12B,7.05%,$0.01B,$0.10B,7.84%,$0.01B,$0.94B,0.91%,$0.01B,$0.14B,8.66%,$11,$2,$9,$0,$6,$8,$3,$0,$3,$1,$2,$2,$2,$0,$0,$12,12,$0.16,$0.16,$36,$0,$0,$758,$9,$105,$12,$43,$179,$937,$790,$25,$7,$32,$822,$0,$14,$-3,$115,$937,$2,$0,$0,$0,$0,$0,$0,$1,$1,$3,$0,$0,$0,$0,$2,$2,$-25,$-23,$0,$1,$1,$0,$0,$-1,$18,$18,$-2,$0,$-1
15,2014-12-31,10.22,$9.33,1.1,$3.42,2.99,$3.04,3.36,$0.62,16.49,$0.73B,$0.77B,0.95,$0.03B,$0.11B,0.22,$0.04B,$0.04B,87.80%,$0.04B,$0.01B,29.27%,$0.04B,0,0.00%,$0.04B,0,0.00%,$0.04B,$0.01B,26.83%,$0.04B,$0.01B,19.51%,$0.01B,$0.11B,7.16%,$0.01B,$0.10B,7.94%,$0.01B,$0.92B,0.97%,$0.01B,$0.14B,8.78%,$11,$1,$10,$0,$7,$8,$3,$0,$3,$1,$2,$2,$2,$0,$0,$12,12,$0.16,$0.17,$38,$0,$0,$734,$9,$107,$12,$43,$182,$917,$771,$25,$6,$31,$803,$0,$13,$-3,$114,$917,$7,$1,$0,$2,$0,$0,$0,$2,$2,$11,$2,$0,$22,$0,$-17,$-17,$-98,$-90,$0,$-11,$-11,$1,$1,$-7,$113,$96,$17,$0,$-7
16,2014-09-30,10.11,$9.54,1.06,$3.27,3.09,$2.70,3.74,$0.58,17.44,$0.71B,$0.74B,0.96,$0.03B,$0.12B,0.22,$0.04B,$0.03B,87.18%,$0.04B,$0.01B,28.21%,$0.04B,0,0.00%,$0.04B,0,0.00%,$0.04B,$0.01B,25.64%,$0.04B,$0.01B,17.95%,$0.01B,$0.12B,6.36%,$0.01B,$0.10B,7.04%,$0.01B,$0.88B,0.91%,$0.01B,$0.14B,8.15%,$11,$1,$9,$0,$6,$7,$3,$-0,$3,$1,$2,$2,$2,$0,$0,$12,12,$0.18,$0.17,$46,$0,$0,$705,$9,$104,$13,$43,$179,$883,$736,$25,$6,$31,$767,$0,$15,$-3,$116,$883,$6,$1,$-0,$1,$0,$0,$0,$2,$2,$8,$2,$0,$22,$5,$-17,$-13,$-60,$-48,$0,$-2,$-2,$1,$1,$-3,$68,$65,$25,$0,$-3
17,2014-06-30,9.67,$9.38,1.03,$3.19,3.03,$2.76,3.5,$0.56,17.27,$0.61B,$0.64B,0.96,$0.03B,$0.11B,0.23,$0.04B,$0.03B,89.19%,$0.04B,$0.01B,29.73%,$0.04B,0,0.00%,$0.04B,0,0.00%,$0.04B,$0.01B,27.03%,$0.04B,$0.01B,18.92%,$0.01B,$0.11B,6.51%,$0.01B,$0.10B,7.16%,$0.01B,$0.78B,0.96%,$0.01B,$0.13B,8.22%,$10,$1,$9,$0,$6,$7,$3,$-0,$3,$1,$2,$2,$2,$0,$0,$12,12,$0.15,$0.15,$24,$0,$0,$607,$6,$99,$9,$45,$167,$775,$636,$25,$5,$30,$666,$0,$14,$-3,$109,$775,$3,$1,$-0,$0,$0,$0,$0,$1,$1,$5,$2,$0,$0,$0,$-7,$-7,$-50,$-56,$0,$27,$27,$0,$0,$-2,$29,$54,$3,$0,$-2
18,2014-03-31,8.77,$9.28,0.94,$3.14,2.8,$2.76,3.18,$0.54,16.24,$0.55B,$0.58B,0.96,$0.03B,$0.11B,0.23,$0.04B,$0.03B,88.89%,$0.04B,$0.01B,27.78%,$0.04B,0,0.00%,$0.04B,0,0.00%,$0.04B,$0.01B,25.00%,$0.04B,$0.01B,19.44%,$0.01B,$0.11B,6.57%,$0.01B,$0.10B,7.25%,$0.01B,$0.71B,0.98%,$0.01B,$0.13B,7.46%,$9,$1,$8,$0,$5,$7,$3,$-0,$2,$1,$2,$2,$2,$0,$0,$12,12,$0.14,$0.14,$19,$0,$0,$551,$6,$93,$10,$45,$162,$713,$576,$25,$5,$30,$606,$0,$13,$-3,$108,$713,$2,$0,$0,$0,$0,$0,$0,$0,$0,$2,$3,$0,$0,$0,$-4,$-4,$2,$1,$0,$-20,$-20,$0,$0,$-1,$16,$-5,$-1,$0,$-1
19,2013-12-31,8.55,$9.20,0.93,$3.17,2.7,$2.68,3.2,$0.53,16.14,$0.56B,$0.58B,0.97,$0.03B,$0.11B,0.23,$0.04B,$0.03B,86.49%,$0.04B,$0.01B,24.32%,$0.04B,0,0.00%,$0.04B,0,0.00%,$0.04B,$0.01B,24.32%,$0.04B,$0.01B,18.92%,$0.01B,$0.11B,6.64%,$0.01B,$0.10B,7.33%,$0.01B,$0.72B,0.98%,$0.01B,$0.13B,6.70%,$9,$1,$8,$0,$6,$7,$2,$0,$2,$1,$1,$1,$1,$0,$0,$12,12,$0.13,$0.13,$21,$0,$0,$560,$6,$90,$10,$41,$156,$716,$580,$25,$4,$29,$610,$0,$13,$-3,$107,$716,$6,$1,$0,$2,$0,$0,$0,$-2,$-2,$6,$4,$0,$0,$0,$2,$2,$-17,$-12,$0,$1,$1,$0,$0,$-3,$-11,$-12,$-18,$0,$-3
20,2013-09-30,8.18,$9.14,0.89,$3.26,2.51,$2.84,2.88,$0.52,15.72,$0.55B,$0.57B,0.97,$0.03B,$0.11B,0.29,$0.04B,$0.03B,86.84%,$0.04B,$0.01B,23.68%,$0.04B,0,0.00%,$0.04B,0,0.00%,$0.04B,$0.01B,23.68%,$0.04B,$0.01B,18.42%,$0.01B,$0.11B,6.70%,$0.01B,$0.10B,7.41%,$0.01B,$0.71B,0.98%,$0.01B,$0.14B,6.69%,$9,$1,$8,$0,$5,$7,$3,$0,$3,$1,$2,$2,$2,$0,$0,$12,12,$0.15,$0.15,$32,$0,$0,$551,$6,$88,$10,$44,$157,$708,$566,$30,$5,$35,$602,$0,$12,$-3,$106,$708,$5,$1,$-0,$1,$0,$0,$0,$2,$2,$7,$4,$0,$0,$0,$3,$3,$-1,$6,$0,$-13,$-13,$0,$0,$-2,$-5,$-20,$-7,$0,$-2
21,2013-06-30,8.24,$9.05,0.91,$3.32,2.48,$2.52,3.27,$0.47,17.53,$0.55B,$0.57B,0.96,$0.03B,$0.11B,0.29,$0.04B,$0.03B,84.62%,$0.04B,$0.01B,20.51%,$0.04B,0,0.00%,$0.04B,0,0.00%,$0.04B,$0.01B,20.51%,$0.04B,$0.01B,15.38%,$0.01B,$0.11B,5.77%,$0.01B,$0.10B,6.40%,$0.01B,$0.71B,0.84%,$0.01B,$0.14B,5.97%,$9,$1,$8,$0,$5,$7,$2,$0,$2,$1,$2,$2,$2,$0,$0,$12,12,$0.13,$0.13,$29,$0,$0,$546,$6,$91,$10,$46,$161,$707,$566,$30,$5,$36,$602,$0,$11,$-3,$105,$707,$3,$1,$0,$1,$0,$0,$0,$-0,$-0,$4,$3,$0,$0,$0,$1,$1,$1,$5,$0,$-13,$-13,$0,$0,$-1,$-5,$-19,$-11,$0,$-1
22,2013-03-31,8.11,$8.99,0.9,$3.69,2.2,$2.38,3.41,$0.53,15.3,$0.56B,$0.58B,0.97,$0.03B,$0.10B,0.29,$0.04B,$0.04B,86.05%,$0.04B,$0.01B,23.26%,$0.04B,0,0.00%,$0.04B,0,0.00%,$0.04B,$0.01B,20.93%,$0.04B,$0.01B,13.95%,$0.01B,$0.10B,5.80%,$0.01B,$0.09B,6.45%,$0.01B,$0.72B,0.84%,$0.01B,$0.13B,7.49%,$10,$1,$8,$0,$6,$7,$2,$0,$2,$1,$2,$2,$2,$0,$0,$12,12,$0.13,$0.13,$55,$0,$0,$557,$6,$89,$10,$43,$158,$715,$575,$30,$6,$36,$611,$0,$10,$-3,$104,$715,$2,$0,$0,$1,$0,$0,$0,$-0,$-0,$2,$2,$0,$0,$9,$-6,$2,$19,$23,$0,$-18,$-18,$0,$0,$-1,$8,$-10,$15,$0,$-1
23,2012-12-31,6.78,$8.90,0.76,$3.72,1.82,$2.29,2.96,$0.56,12.1,$0.56B,$0.58B,0.96,$0.03B,$0.10B,0.29,$0.04B,$0.04B,88.37%,$0.04B,$0.01B,25.58%,$0.04B,0,0.00%,$0.04B,0,0.00%,$0.04B,$0.01B,23.26%,$0.04B,$0.01B,13.95%,$0.01B,$0.10B,5.84%,$0.01B,$0.09B,6.52%,$0.01B,$0.72B,0.87%,$0.01B,$0.13B,8.29%,$10,$1,$9,$0,$7,$8,$2,$0,$2,$1,$1,$1,$1,$0,$0,$12,12,$0.12,$0.12,$39,$0,$0,$562,$7,$93,$10,$44,$162,$724,$584,$30,$6,$36,$621,$0,$9,$-3,$103,$724,$7,$2,$-0,$1,$-1,$0,$0,$3,$3,$11,$1,$0,$47,$19,$-22,$-3,$33,$78,$-16,$16,$-1,$0,$0,$-3,$-51,$-54,$34,$0,$-3
24,2012-09-30,6.51,$8.98,0.73,$3.64,1.79,$2.56,2.54,$0.57,11.42,$0.55B,$0.57B,0.97,$0.03B,$0.10B,0.29,$0.04B,$0.04B,88.10%,$0.04B,$0.01B,21.43%,$0.04B,0,0.00%,$0.04B,0,0.00%,$0.04B,$0.01B,19.05%,$0.04B,$0.01B,11.90%,$0.01B,$0.10B,4.91%,$0.01B,$0.09B,5.51%,$0.01B,$0.71B,0.76%,$0.01B,$0.13B,6.83%,$10,$1,$8,$0,$6,$8,$2,$-0,$2,$1,$1,$1,$1,$0,$0,$12,12,$0.10,$0.10,$22,$0,$0,$553,$6,$87,$11,$45,$155,$708,$570,$30,$4,$34,$604,$0,$10,$-3,$104,$708,$5,$1,$1,$2,$-1,$0,$0,$-0,$-1,$7,$1,$0,$47,$21,$-18,$3,$27,$77,$-16,$15,$-2,$0,$0,$-1,$-64,$-66,$17,$0,$-1
25,2012-06-30,6.15,$8.89,0.69,$3.58,1.72,$2.74,2.24,$0.58,10.6,$0.57B,$0.58B,0.99,$0.03B,$0.10B,0.29,$0.04B,$0.04B,90.24%,$0.04B,$0.01B,21.95%,$0.04B,0,0.00%,$0.04B,0,0.00%,$0.04B,$0.01B,19.51%,$0.04B,$0.01B,12.20%,$0.01B,$0.10B,4.93%,$0.01B,$0.09B,5.52%,$0.01B,$0.71B,0.79%,$0.01B,$0.13B,6.33%,$13,$2,$12,$0,$8,$10,$4,$-0,$3,$1,$2,$2,$2,$0,$0,$12,12,$0.19,$0.19,$27,$0,$0,$567,$6,$77,$11,$45,$145,$712,$575,$30,$4,$34,$609,$0,$9,$-3,$103,$712,$4,$1,$-1,$0,$-1,$0,$0,$0,$-0,$4,$1,$0,$47,$12,$0,$13,$19,$79,$-16,$13,$-3,$0,$0,$-0,$-58,$-61,$22,$0,$-0
26,2012-03-31,5.46,$8.69,0.63,$3.22,1.69,$2.71,2.02,$0.50,10.93,$0.49B,$0.48B,1.03,$0.03B,$0.10B,0.3,$0.04B,$0.03B,89.19%,$0.04B,$0.01B,18.92%,$0.04B,0,0.00%,$0.04B,0,0.00%,$0.04B,$0.01B,18.92%,$0.04B,$0.00B,10.81%,$0.00B,$0.10B,3.95%,$0.00B,$0.09B,4.43%,$0.00B,$0.61B,0.66%,$0.01B,$0.13B,4.82%,$10,$1,$9,$0,$6,$7,$3,$0,$3,$1,$2,$2,$2,$0,$0,$12,12,$0.16,$0.16,$5,$0,$0,$489,$6,$53,$11,$45,$122,$611,$476,$30,$4,$34,$510,$0,$7,$-3,$101,$611,$2,$0,$0,$0,$-1,$0,$0,$1,$0,$2,$0,$0,$0,$1,$-2,$-2,$2,$1,$0,$6,$6,$0,$0,$-0,$-8,$-3,$0,$0,$-0
27,2011-12-31,4.93,$8.55,0.58,$3.09,1.59,$2.72,1.81,$0.44,11.2,$0.49B,$0.48B,1.02,$0.03B,$0.10B,0.3,$0.04B,$0.03B,88.57%,$0.04B,$0.01B,17.14%,$0.04B,0,0.00%,$0.04B,0,0.00%,$0.04B,$0.01B,17.14%,$0.04B,$0.00B,8.57%,$0.00B,$0.10B,2.97%,$0.00B,$0.09B,3.33%,$0.00B,$0.61B,0.50%,$0.01B,$0.13B,4.10%,$9,$1,$8,$0,$7,$9,$0,$0,$0,$0,$0,$0,$0,$0,$0,$12,12,$0.03,$0.03,$5,$0,$0,$491,$6,$52,$11,$45,$121,$611,$479,$30,$3,$33,$512,$0,$5,$-3,$99,$611,$4,$1,$5,$6,$-0,$0,$0,$3,$2,$13,$2,$0,$40,$1,$10,$11,$-47,$6,$-5,$-6,$-11,$0,$0,$0,$-12,$-24,$-5,$0,$0
28,2011-09-30,5.06,$8.89,0.57,$3.06,1.65,$2.03,2.49,$0.23,21.98,$0.48B,$0.43B,1.12,$0.07B,$0.10B,0.7,$0.04B,$0.03B,85.71%,$0.04B,$-0.00B,-2.86%,$0.04B,0,0.00%,$0.04B,0,0.00%,$0.04B,$0.01B,20.00%,$0.04B,$0.00B,5.71%,$0.00B,$0.10B,2.01%,$0.00B,$0.09B,2.25%,$0.00B,$0.61B,0.34%,$-0.00B,$0.18B,-0.68%,$9,$1,$8,$0,$5,$7,$2,$0,$2,$1,$1,$1,$1,$0,$0,$12,12,$0.12,$0.12,$7,$0,$0,$478,$5,$56,$11,$51,$128,$605,$427,$73,$2,$75,$502,$0,$10,$-3,$103,$605,$4,$1,$2,$4,$0,$0,$0,$1,$1,$9,$0,$0,$0,$1,$7,$7,$-29,$-22,$38,$-4,$33,$0,$0,$0,$-23,$10,$-3,$0,$0
29,2011-06-30,5.48,$8.78,0.62,$2.98,1.84,$1.69,3.25,$0.22,24.92,$0.48B,$0.45B,1.05,$0.04B,$0.10B,0.43,$0.03B,$0.03B,82.35%,$0.03B,$-0.00B,-2.94%,$0.03B,0,0.00%,$0.03B,0,0.00%,$0.03B,$0.01B,20.59%,$0.03B,$0.00B,5.88%,$0.00B,$0.10B,2.02%,$0.00B,$0.09B,2.40%,$0.00B,$0.60B,0.33%,$-0.00B,$0.15B,-0.74%,$9,$2,$8,$0,$6,$7,$2,$0,$2,$0,$1,$1,$1,$0,$0,$12,12,$0.12,$0.12,$4,$0,$0,$475,$5,$57,$11,$50,$127,$601,$454,$44,$2,$46,$500,$0,$8,$-3,$102,$601,$3,$1,$1,$2,$0,$0,$0,$-0,$-0,$4,$0,$0,$0,$0,$5,$6,$-24,$-18,$9,$-4,$5,$0,$0,$0,$3,$8,$-6,$0,$0
30,2011-03-31,5.78,$8.66,0.67,$2.98,1.94,$1.30,4.44,$0.20,28.91,$0.47B,$0.45B,1.03,$0.04B,$0.10B,0.35,$0.03B,$0.03B,79.41%,$0.03B,$-0.00B,-5.88%,$0.03B,0,0.00%,$0.03B,0,0.00%,$0.03B,$0.01B,17.65%,$0.03B,$0.00B,5.88%,$0.00B,$0.10B,2.04%,$0.00B,$0.09B,2.43%,$0.00B,$0.59B,0.33%,$-0.00B,$0.14B,-1.50%,$8,$2,$7,$0,$5,$7,$2,$0,$2,$1,$1,$1,$1,$0,$0,$12,12,$0.11,$0.11,$8,$0,$0,$465,$5,$59,$11,$47,$126,$590,$452,$35,$3,$38,$490,$0,$7,$-3,$100,$590,$1,$0,$0,$1,$0,$0,$0,$1,$1,$3,$0,$0,$0,$0,$3,$4,$-6,$-2,$0,$-4,$-4,$0,$0,$0,$1,$-3,$-2,$0,$0
31,2010-12-31,6.14,$8.14,0.75,$3.02,2.03,$1.32,4.65,$0.19,32.3,$0.47B,$0.46B,1.03,$0.04B,$0.09B,0.37,$0.04B,$0.03B,77.14%,$0.04B,$-0.00B,-5.71%,$0.04B,0,0.00%,$0.04B,0,0.00%,$0.04B,$0.01B,17.14%,$0.04B,$0.00B,5.71%,$0.00B,$0.09B,2.05%,$0.00B,$0.08B,2.45%,$0.00B,$0.59B,0.33%,$-0.00B,$0.13B,-1.51%,$9,$2,$7,$0,$13,$16,$-7,$0,$1,$0,$1,$-1,$-1,$0,$0,$12,12,$-0.09,$-0.10,$10,$0,$0,$467,$5,$62,$12,$35,$119,$587,$455,$35,$2,$37,$492,$0,$1,$-3,$94,$587,$2,$2,$1,$2,$0,$0,$0,$-4,$-4,$9,$-2,$0,$0,$8,$13,$10,$-1,$11,$5,$2,$0,$0,$-0,$0,$-50,$-18,$2,$0,$0
32,2010-09-30,5.81,$0.00,0.0,$3.56,1.63,$1.36,4.27,$0.46,12.62,$0.49B,$0.48B,1.01,$0.04B,$0.10B,0.35,$0.04B,$0.03B,79.49%,$0.04B,$0.01B,20.51%,$0.04B,0,0.00%,$0.04B,0,0.00%,$0.04B,$-0.00B,-7.69%,$0.04B,$0.01B,12.82%,$0.01B,$0.10B,5.08%,$0.01B,$0.07B,6.10%,$0.01B,$0.62B,0.81%,$0.01B,$0.14B,5.72%,$8,$2,$6,$0,$4,$7,$2,$0,$2,$1,$1,$1,$1,$0,$0,$12,12,$0.10,$0.10,$29,$0,$0,$487,$0,$67,$31,$26,$123,$619,$481,$35,$3,$38,$518,$0,$7,$0,$100,$619,$3,$1,$4,$6,$-0,$0,$0,$-4,$-4,$5,$1,$0,$0,$7,$9,$16,$-8,$8,$5,$3,$8,$0,$0,$0,$-1,$8,$21,$0,$0
33,2010-06-30,5.9,$0.00,0.0,$3.71,1.59,$1.33,4.44,$0.39,15.14,$0.47B,$0.48B,0.99,$0.04B,$0.10B,0.35,$0.04B,$0.03B,78.38%,$0.04B,$0.01B,16.22%,$0.04B,0,0.00%,$0.04B,0,0.00%,$0.04B,$-0.01B,-13.51%,$0.04B,$0.00B,10.81%,$0.00B,$0.10B,4.44%,$0.00B,$0.09B,5.11%,$0.00B,$0.61B,0.70%,$0.01B,$0.13B,4.62%,$9,$2,$7,$0,$5,$8,$1,$0,$1,$0,$1,$1,$1,$0,$0,$12,12,$0.09,$0.09,$11,$0,$0,$469,$0,$77,$12,$45,$134,$613,$476,$35,$3,$38,$514,$0,$6,$0,$99,$613,$2,$1,$3,$4,$0,$0,$0,$-5,$-5,$1,$-1,$0,$0,$1,$5,$6,$-7,$-2,$5,$-2,$3,$0,$0,$0,$-0,$3,$3,$0,$0
34,2010-03-31,6.29,$0.00,0.0,$3.67,1.71,$1.47,4.28,$0.30,20.97,$0.47B,$0.47B,0.99,$0.04B,$0.10B,0.36,$0.03B,$0.03B,75.76%,$0.03B,$0.01B,15.15%,$0.03B,0,0.00%,$0.03B,0,0.00%,$0.03B,$-0.01B,-18.18%,$0.03B,$0.00B,9.09%,$0.00B,$0.10B,3.65%,$0.00B,$0.09B,4.26%,$0.00B,$0.61B,0.57%,$0.01B,$0.13B,4.13%,$9,$2,$7,$0,$5,$7,$2,$0,$2,$0,$1,$1,$1,$0,$0,$12,12,$0.09,$0.09,$21,$0,$0,$467,$0,$80,$12,$44,$137,$612,$470,$35,$8,$43,$513,$0,$5,$0,$98,$612,$1,$0,$1,$2,$0,$0,$0,$2,$2,$5,$-1,$0,$0,$1,$3,$3,$9,$11,$5,$-1,$4,$0,$0,$0,$-7,$-2,$13,$0,$0
35,2009-12-31,5.81,$8.38,0.69,$3.79,1.53,$1.28,4.55,$0.29,20.05,$0.92B,$0.96B,0.97,$0.06B,$0.10B,0.62,$0.03B,$0.02B,73.33%,$0.03B,$0.00B,13.33%,$0.03B,0,0.00%,$0.03B,0,0.00%,$0.03B,$-0.01B,-23.33%,$0.03B,$0.00B,10.00%,$0.00B,$0.10B,4.00%,$0.00B,$0.09B,4.72%,$0.00B,$0.61B,0.62%,$0.00B,$0.16B,3.56%,$13,$2,$11,$0,$7,$9,$3,$0,$-8,$-3,$-5,$2,$2,$0,$0,$10,10,$0.18,$0.18,$8,$0,$0,$922,$3,$88,$13,$48,$156,$611,$956,$60,$6,$66,$514,$0,$4,$-3,$97,$611,$2,$1,$10,$1,$-0,$0,$0,$-1,$1,$6,$-0,$0,$53,$25,$-7,$-11,$-27,$44,$-25,$1,$-25,$27,$27,$0,$-118,$-56,$-7,$0,$0
36,2009-09-30,5.84,$0.00,0.0,$3.63,1.61,$1.31,4.44,$0.26,22.46,$0.36B,$0.36B,0.99,$0.03B,$0.07B,0.45,$0.03B,$0.02B,64.00%,$0.03B,$0.00B,12.00%,$0.03B,0,0.00%,$0.03B,0,0.00%,$0.03B,$0.00B,8.00%,$0.03B,$0.00B,8.00%,$0.00B,$0.07B,2.94%,$0.00B,$0.06B,3.54%,$0.00B,$0.46B,0.46%,$0.00B,$0.10B,3.06%,$6,$2,$4,$0,$4,$6,$0,$0,$0,$-0,$0,$0,$0,$0,$0,$7,7,$0.03,$0.03,$17,$0,$0,$358,$0,$65,$12,$24,$100,$462,$364,$30,$2,$32,$396,$0,$2,$0,$66,$462,$1,$1,$0,$1,$0,$0,$0,$0,$-1,$3,$-0,$0,$3,$0,$0,$-11,$1,$-7,$0,$2,$0,$0,$0,$0,$4,$6,$2,$0,$0
37,2009-06-30,6.62,$0.00,0.0,$3.54,1.87,$1.37,4.85,$0.12,55.18,$0.33B,$0.33B,0.99,$0.03B,$0.07B,0.44,$0.02B,$0.01B,58.33%,$0.02B,$0.00B,8.33%,$0.02B,0,0.00%,$0.02B,0,0.00%,$0.02B,$0.00B,4.17%,$0.02B,$0.00B,4.17%,$0.00B,$0.07B,1.46%,$0.00B,$0.06B,1.76%,$0.00B,$0.43B,0.23%,$0.00B,$0.10B,2.03%,$5,$2,$3,$0,$3,$5,$-0,$0,$-0,$-0,$0,$0,$0,$0,$0,$7,7,$0.00,$0.00,$7,$0,$0,$329,$0,$66,$11,$23,$100,$433,$333,$30,$2,$32,$365,$0,$2,$0,$68,$433,$1,$1,$0,$1,$0,$0,$0,$0,$-1,$1,$-0,$0,$0,$0,$0,$-12,$1,$-11,$0,$-3,$0,$0,$0,$0,$5,$3,$-7,$0,$0
38,2009-03-31,5.24,$0.00,0.0,$3.73,1.41,$1.57,3.35,$0.19,27.58,$0.32B,$0.33B,0.98,$0.03B,$0.07B,0.43,$0.03B,$0.01B,56.00%,$0.03B,$0.00B,12.00%,$0.03B,0,0.00%,$0.03B,0,0.00%,$0.03B,$0.00B,8.00%,$0.03B,$0.00B,4.00%,$0.00B,$0.07B,1.46%,$0.00B,$0.06B,1.76%,$0.00B,$0.43B,0.23%,$0.00B,$0.10B,3.05%,$6,$2,$4,$0,$3,$5,$1,$0,$1,$0,$1,$1,$1,$0,$0,$7,7,$0.08,$0.08,$4,$0,$0,$318,$0,$73,$12,$21,$106,$428,$326,$30,$3,$33,$359,$0,$2,$0,$69,$428,$1,$0,$0,$0,$0,$0,$0,$0,$-0,$1,$-0,$0,$0,$0,$0,$-7,$0,$-7,$0,$2,$0,$0,$0,$0,$-7,$-4,$-10,$0,$0
39,2008-12-31,4.8,$0.00,0.0,$3.78,1.27,$1.65,2.91,$0.18,26.65,$0.31B,$0.33B,0.95,$0.03B,$0.07B,0.44,$0.03B,$0.01B,52.00%,$0.03B,$0.00B,12.00%,$0.03B,0,0.00%,$0.03B,0,0.00%,$0.03B,$0.00B,8.00%,$0.03B,$0.00B,4.00%,$0.00B,$0.07B,1.45%,$0.00B,$0.06B,1.77%,$0.00B,$0.43B,0.24%,$0.00B,$0.10B,2.96%,$8,$3,$5,$0,$3,$6,$2,$0,$1,$-0,$1,$1,$1,$0,$0,$7,7,$0.15,$0.15,$15,$0,$0,$313,$0,$79,$12,$21,$112,$432,$330,$30,$3,$33,$363,$0,$2,$0,$69,$432,$1,$1,$0,$1,$0,$0,$0,$0,$-0,$5,$-0,$0,$0,$0,$0,$-46,$0,$-45,$0,$5,$5,$0,$0,$0,$44,$54,$13,$0,$0
40,2008-09-30,6.66,$0.00,0.0,$3.52,1.89,$1.45,4.61,$0.05,133.24,$0.32B,$0.34B,0.94,$0.03B,$0.07B,0.44,$0.02B,$0.01B,47.83%,$0.02B,$0.00B,4.35%,$0.02B,0,0.00%,$0.02B,0,0.00%,$0.02B,$0.00B,4.35%,$0.02B,0,0.00%,$0.00B,$0.07B,0.00%,$0.00B,$0.06B,0.00%,$0.00B,$0.44B,0.00%,$0.00B,$0.10B,1.00%,$5,$3,$2,$0,$3,$6,$-1,$0,$-1,$0,$-1,$-1,$-1,$0,$0,$7,7,$-0.11,$-0.11,$29,$0,$0,$323,$0,$85,$12,$21,$118,$444,$343,$30,$3,$33,$376,$0,$1,$0,$68,$444,$0,$1,$0,$1,$0,$0,$0,$0,$0,$3,$-0,$0,$0,$0,$0,$-44,$0,$-44,$0,$6,$5,$0,$0,$0,$57,$67,$27,$0,$0
41,2008-06-30,6.57,$0.00,0.0,$3.61,1.82,$1.38,4.78,$0.23,28.58,$0.30B,$0.32B,0.94,$0.03B,$0.07B,0.44,$0.02B,$0.01B,50.00%,$0.02B,$0.00B,12.50%,$0.02B,0,0.00%,$0.02B,0,0.00%,$0.02B,$0.00B,12.50%,$0.02B,$0.00B,4.17%,$0.00B,$0.07B,1.44%,$0.00B,$0.06B,1.76%,$0.00B,$0.42B,0.26%,$0.00B,$0.10B,3.05%,$6,$3,$3,$0,$2,$5,$1,$0,$1,$0,$0,$0,$0,$0,$0,$6,6,$0.07,$0.07,$14,$0,$0,$300,$0,$82,$12,$21,$115,$419,$320,$30,$0,$30,$350,$0,$1,$0,$68,$419,$1,$1,$0,$1,$0,$0,$0,$0,$0,$2,$-0,$0,$0,$0,$0,$-32,$0,$-31,$0,$2,$5,$0,$0,$0,$34,$41,$12,$0,$0
42,2008-03-31,6.86,$0.00,0.0,$3.52,1.95,$1.19,5.75,$0.25,27.46,$0.28B,$0.29B,0.98,$0.04B,$0.07B,0.6,$0.02B,$0.01B,52.17%,$0.02B,$0.00B,13.04%,$0.02B,0,0.00%,$0.02B,0,0.00%,$0.02B,$0.00B,13.04%,$0.02B,$0.00B,8.70%,$0.00B,$0.07B,2.88%,$0.00B,$0.06B,3.52%,$0.00B,$0.40B,0.56%,$0.00B,$0.11B,3.30%,$6,$3,$3,$0,$2,$6,$1,$0,$1,$0,$1,$1,$1,$0,$0,$7,7,$0.07,$0.07,$10,$0,$0,$281,$0,$83,$12,$20,$116,$400,$286,$41,$3,$44,$331,$0,$1,$0,$70,$400,$1,$0,$0,$0,$0,$0,$0,$0,$0,$1,$-0,$0,$0,$0,$0,$-15,$0,$-15,$0,$0,$1,$0,$0,$0,$21,$22,$8,$0,$0
43,2007-12-31,7.27,$0.00,0.0,$3.32,2.19,$1.07,6.8,$0.25,29.07,$0.26B,$0.28B,0.92,$0.03B,$0.07B,0.36,$0.02B,$0.01B,54.55%,$0.02B,$0.00B,9.09%,$0.02B,0,0.00%,$0.02B,0,0.00%,$0.02B,$0.00B,9.09%,$0.02B,$0.00B,4.55%,$0.00B,$0.07B,1.44%,$0.00B,$0.06B,1.79%,$0.00B,$0.38B,0.30%,$0.00B,$0.09B,2.48%,$6,$3,$3,$0,$3,$6,$0,$0,$0,$-0,$0,$0,$0,$0,$0,$7,7,$0.02,$0.02,$1,$0,$0,$259,$0,$83,$13,$19,$115,$377,$281,$25,$2,$27,$308,$0,$0,$0,$69,$377,$2,$1,$0,$1,$0,$0,$0,$0,$-1,$3,$-0,$0,$0,$0,$0,$-83,$-12,$-95,$0,$10,$25,$0,$0,$0,$50,$85,$-7,$0,$0
44,2007-09-30,10.06,$0.00,0.0,$3.23,3.11,$0.75,13.46,$0.31,32.46,$0.24B,$0.25B,0.95,$0.02B,$0.07B,0.29,$0.02B,$0.01B,65.00%,$0.02B,$0.01B,30.00%,$0.02B,0,0.00%,$0.02B,0,0.00%,$0.02B,$0.01B,30.00%,$0.02B,$0.00B,5.00%,$0.00B,$0.07B,1.45%,$0.00B,$0.06B,1.83%,$0.00B,$0.35B,0.32%,$0.01B,$0.09B,8.11%,$6,$3,$3,$0,$2,$5,$1,$0,$1,$0,$0,$0,$0,$0,$0,$7,7,$0.07,$0.07,$2,$0,$0,$242,$0,$69,$13,$19,$101,$346,$254,$20,$2,$22,$277,$0,$0,$0,$70,$346,$2,$1,$0,$1,$0,$0,$0,$0,$0,$3,$-0,$0,$0,$0,$0,$-50,$-13,$-63,$0,$9,$20,$0,$0,$0,$24,$54,$-6,$0,$0
