,Date,Stock Price,Book Value per Share,Price to Book Ratio,TTM Sales per Share,Price to Sales Ratio,TTM FCF per Share,Price to FCF Ratio,TTM Net EPS,PE Ratio,Current Assets,Current Liabilities,Current Ratio,Long Term Debt,Shareholder's Equity_x,Debt to Equity Ratio,TTM Revenue_x,TTM Gross Profit,Gross Margin,TTM Revenue_y,TTM Operating Income,Operating Margin,TTM Revenue_x,TTM EBIT,EBIT Margin,TTM Revenue_y,TTM EBITDA,EBITDA Margin,TTM Revenue_x,TTM Pre-Tax Income,Pre-Tax Margin,TTM Revenue_y,TTM Net Income_x,Net Margin,TTM Net Income_y,Shareholder's Equity_y,Return on Equity,TTM Net Income_x,Tangible Equity,Return on Tangible Equity,TTM Net Income_y,Total Assets,Return on Assets,TTM Net Income,LT Investments & Debt,Return on Investment,revenue,cost-goods-sold,gross-profit,research-development-expenses,selling-general-administrative-expenses,operating-expenses,operating-income,total-non-operating-income-expense,pre-tax-income,total-provision-income-taxes,income-after-taxes,income-from-continuous-operations,net-income,ebitda,ebit,basic-shares-outstanding,shares-outstanding,eps-basic-net-earnings-per-share,eps-earnings-per-share-diluted,cash-on-hand,inventory,other-current-assets,total-current-assets,net-property-plant-equipment,long-term-investments,goodwill-intangible-assets-total,other-long-term-assets,total-long-term-assets,total-assets,total-current-liabilities,long-term-debt,other-non-current-liabilities,total-long-term-liabilities,total-liabilities,common-stock-net,retained-earnings-accumulated-deficit,comprehensive-income,total-share-holder-equity,total-liabilities-share-holders-equity,net-income-loss,total-depreciation-amortization-cash-flow,other-non-cash-items,total-non-cash-items,change-in-accounts-receivable,change-in-inventories,change-in-accounts-payable,change-in-assets-liabilities,total-change-in-assets-liabilities,cash-flow-from-operating-activities,net-change-in-property-plant-equipment,net-change-in-intangible-assets,net-acquisitions-divestitures,net-change-in-short-term-investments,net-change-in-long-term-investments,net-change-in-investments-total,investing-activities-other,cash-flow-from-investing-activities,net-long-term-debt,net-current-debt,debt-issuance-retirement-net-total,net-common-equity-issued-repurchased,net-total-equity-issued-repurchased,total-common-preferred-stock-dividends-paid,financial-activities-other,cash-flow-from-financial-activities,net-cash-flow,stock-based-compensation,common-stock-dividends-paid
0,2018-09-30,36.5,$15.78,2.31,$65.69,0.56,$3.78,9.65,$2.31,15.8,$0.16B,$0.19B,0.84,$0.09B,$0.36B,0.24,$1.48B,$0.18B,11.87%,$1.48B,$0.08B,5.12%,$1.48B,$0.08B,5.12%,$1.48B,$0.10B,6.41%,$1.48B,$0.08B,5.26%,$1.48B,$0.05B,3.51%,$0.05B,$0.36B,15.46%,$0.05B,$-0.12B,-35.25%,$0.05B,$0.75B,6.84%,$0.08B,$0.45B,16.95%,$362,$317,$45,$0,$19,$340,$22,$-2,$20,$6,$15,$15,$14,$26,$22,$22,23,$0.60,$0.60,$20,$0,$0,$157,$26,$0,$482,$73,$597,$753,$186,$86,$123,$209,$395,$0,$111,$-2,$359,$753,$47,$14,$-8,$6,$-14,$0,$-9,$2,$-17,$36,$-7,$0,$0,$0,$19,$19,$-1,$12,$-47,$0,$-47,$0,$0,$0,$-3,$-50,$-3,$2,$0
1,2018-06-30,37.2,$15.24,2.44,$67.13,0.55,$3.27,11.38,$2.21,16.83,$0.16B,$0.19B,0.87,$0.11B,$0.35B,0.3,$1.51B,$0.18B,11.69%,$1.51B,$0.08B,4.95%,$1.51B,$0.08B,4.95%,$1.51B,$0.10B,6.27%,$1.51B,$0.08B,5.09%,$1.51B,$0.05B,3.24%,$0.05B,$0.35B,15.17%,$0.05B,$-0.14B,-30.20%,$0.05B,$0.76B,6.42%,$0.08B,$0.45B,16.60%,$362,$311,$51,$0,$22,$338,$24,$-2,$22,$6,$16,$16,$15,$29,$24,$22,23,$0.68,$0.68,$33,$0,$0,$163,$26,$0,$483,$73,$598,$761,$187,$105,$124,$229,$416,$0,$98,$-2,$345,$761,$32,$10,$-8,$2,$-9,$0,$-8,$3,$-9,$25,$-4,$0,$0,$0,$0,$0,$19,$15,$-28,$0,$-28,$0,$0,$0,$-2,$-30,$10,$2,$0
2,2018-03-31,35.6,$14.50,2.45,$69.05,0.52,$3.39,10.5,$2.25,15.82,$0.17B,$0.19B,0.88,$0.12B,$0.33B,0.38,$1.56B,$0.18B,11.83%,$1.56B,$0.08B,5.21%,$1.56B,$0.08B,5.21%,$1.56B,$0.10B,6.49%,$1.56B,$0.08B,5.33%,$1.56B,$0.05B,3.21%,$0.05B,$0.33B,16.13%,$0.05B,$-0.16B,-28.33%,$0.05B,$0.77B,6.53%,$0.08B,$0.45B,18.01%,$367,$327,$39,$0,$22,$354,$13,$8,$21,$5,$16,$16,$15,$19,$13,$22,23,$0.69,$0.68,$29,$0,$0,$165,$27,$0,$484,$73,$600,$765,$188,$124,$125,$249,$437,$0,$82,$-2,$328,$765,$16,$5,$-10,$-4,$-14,$0,$-5,$4,$-13,$-2,$-3,$0,$0,$0,$19,$19,$-0,$17,$-8,$0,$-8,$0,$0,$0,$-1,$-9,$6,$1,$0
3,2017-12-31,37.1,$13.89,2.67,$70.69,0.52,$3.75,9.9,$1.84,20.16,$0.15B,$0.19B,0.76,$0.13B,$0.31B,0.42,$1.59B,$0.19B,11.69%,$1.59B,$0.08B,5.09%,$1.59B,$0.08B,5.09%,$1.59B,$0.10B,6.41%,$1.59B,$0.07B,4.53%,$1.59B,$0.04B,2.58%,$0.04B,$0.31B,13.82%,$0.04B,$-0.17B,-21.47%,$0.04B,$0.76B,5.34%,$0.08B,$0.45B,18.07%,$392,$351,$41,$0,$20,$375,$17,$-2,$15,$6,$9,$9,$8,$21,$17,$22,23,$0.35,$0.34,$23,$0,$0,$145,$27,$0,$486,$89,$618,$763,$191,$132,$127,$259,$450,$0,$67,$-1,$313,$763,$45,$21,$-3,$18,$-3,$0,$-7,$-4,$-17,$45,$-6,$0,$1,$0,$8,$8,$-1,$2,$-44,$0,$-44,$0,$0,$0,$-3,$-47,$1,$3,$0
4,2017-09-30,39.5,$13.76,2.87,$69.73,0.57,$4.21,9.37,$1.92,20.57,$0.15B,$0.18B,0.82,$0.15B,$0.31B,0.5,$1.57B,$0.19B,12.23%,$1.57B,$0.08B,5.16%,$1.57B,$0.08B,5.16%,$1.57B,$0.11B,6.69%,$1.57B,$0.07B,4.59%,$1.57B,$0.04B,2.74%,$0.04B,$0.31B,15.06%,$0.04B,$-0.18B,-21.10%,$0.04B,$0.77B,5.57%,$0.08B,$0.46B,17.89%,$393,$347,$46,$0,$20,$371,$21,$-2,$19,$7,$12,$12,$11,$26,$21,$22,23,$0.51,$0.50,$23,$0,$0,$148,$27,$0,$487,$85,$618,$766,$180,$153,$128,$281,$460,$0,$59,$-1,$306,$766,$36,$17,$-7,$10,$-5,$0,$-14,$2,$-25,$21,$-4,$0,$1,$0,$8,$8,$-1,$4,$-22,$0,$-22,$0,$0,$0,$-3,$-25,$1,$3,$0
5,2017-06-30,30.55,$13.20,2.31,$69.95,0.44,$4.45,6.86,$1.73,17.66,$0.15B,$0.19B,0.78,$0.15B,$0.29B,0.51,$1.57B,$0.19B,12.07%,$1.57B,$0.08B,4.83%,$1.57B,$0.08B,4.83%,$1.57B,$0.10B,6.54%,$1.57B,$0.07B,4.19%,$1.57B,$0.04B,2.48%,$0.04B,$0.29B,14.23%,$0.04B,$-0.20B,-17.95%,$0.04B,$0.77B,5.03%,$0.08B,$0.44B,16.82%,$404,$346,$58,$0,$23,$373,$30,$-2,$28,$11,$17,$17,$16,$35,$30,$22,23,$0.73,$0.72,$28,$0,$0,$148,$28,$0,$488,$87,$622,$770,$190,$149,$138,$287,$477,$0,$48,$-1,$293,$770,$24,$12,$-8,$4,$1,$0,$-2,$3,$-0,$27,$-4,$0,$1,$0,$0,$0,$9,$6,$-27,$0,$-27,$0,$0,$0,$-2,$-28,$5,$2,$0
6,2017-03-31,33.75,$12.42,2.72,$69.82,0.48,$4.08,8.28,$1.30,25.96,$0.15B,$0.19B,0.77,$0.17B,$0.28B,0.62,$1.57B,$0.18B,11.38%,$1.57B,$0.06B,3.88%,$1.57B,$0.06B,3.88%,$1.57B,$0.09B,5.85%,$1.57B,$0.05B,3.18%,$1.57B,$0.03B,1.91%,$0.03B,$0.28B,11.32%,$0.03B,$-0.21B,-13.09%,$0.03B,$0.77B,3.85%,$0.06B,$0.45B,13.41%,$402,$361,$41,$0,$21,$389,$13,$-3,$10,$3,$7,$7,$6,$20,$13,$22,22,$0.27,$0.27,$22,$0,$0,$147,$29,$0,$490,$91,$627,$774,$192,$171,$136,$307,$499,$0,$32,$-2,$275,$774,$7,$7,$1,$8,$-4,$0,$4,$1,$-9,$5,$-1,$0,$0,$0,$0,$0,$-0,$-1,$-4,$0,$-4,$0,$0,$0,$-1,$-4,$-1,$1,$0
7,2016-12-31,28.15,$12.01,2.34,$69.52,0.4,$4.13,6.82,$1.03,27.33,$0.14B,$0.18B,0.82,$0.20B,$0.27B,0.73,$1.57B,$0.18B,11.22%,$1.57B,$0.05B,3.38%,$1.57B,$0.05B,3.38%,$1.57B,$0.09B,5.48%,$1.57B,$0.04B,2.68%,$1.57B,$0.02B,1.53%,$0.02B,$0.27B,9.28%,$0.02B,$-0.22B,-10.03%,$0.02B,$0.78B,3.06%,$0.05B,$0.46B,11.52%,$371,$324,$47,$0,$23,$354,$17,$-2,$15,$5,$10,$10,$10,$24,$17,$22,23,$0.44,$0.43,$22,$0,$0,$143,$31,$0,$493,$94,$636,$779,$175,$195,$140,$335,$510,$0,$26,$-1,$268,$779,$26,$34,$2,$36,$-16,$0,$15,$-2,$-2,$60,$-10,$0,$0,$0,$0,$0,$-4,$-14,$-31,$0,$-31,$-8,$-8,$0,$-3,$-42,$4,$3,$0
8,2016-09-30,25.57,$11.64,2.2,$69.10,0.37,$3.46,7.4,$0.71,36.01,$0.14B,$0.18B,0.77,$0.20B,$0.26B,0.75,$1.56B,$0.17B,10.84%,$1.56B,$0.04B,2.76%,$1.56B,$0.04B,2.76%,$1.56B,$0.08B,5.07%,$1.56B,$0.03B,1.99%,$1.56B,$0.02B,1.09%,$0.02B,$0.26B,6.69%,$0.02B,$-0.24B,-6.87%,$0.02B,$0.78B,2.16%,$0.04B,$0.46B,9.29%,$397,$353,$44,$0,$20,$381,$16,$-3,$13,$5,$8,$8,$7,$24,$16,$22,22,$0.31,$0.31,$19,$0,$0,$140,$32,$0,$496,$99,$639,$779,$182,$195,$142,$337,$519,$0,$16,$-1,$260,$779,$16,$27,$6,$32,$-16,$0,$2,$-4,$-17,$31,$-8,$0,$0,$0,$0,$0,$-2,$-10,$-12,$0,$-12,$-5,$-5,$0,$-3,$-20,$1,$3,$0
9,2016-06-30,22.58,$11.51,1.96,$69.21,0.33,$3.02,7.48,$0.56,40.32,$0.14B,$0.18B,0.74,$0.20B,$0.26B,0.77,$1.56B,$0.17B,10.75%,$1.56B,$0.04B,2.43%,$1.56B,$0.04B,2.43%,$1.56B,$0.07B,4.73%,$1.56B,$0.03B,1.66%,$1.56B,$0.01B,0.90%,$0.01B,$0.26B,5.58%,$0.01B,$-0.24B,-5.50%,$0.01B,$0.79B,1.77%,$0.04B,$0.46B,8.11%,$403,$356,$47,$0,$22,$388,$15,$-3,$12,$5,$7,$7,$7,$24,$15,$22,23,$0.29,$0.29,$22,$0,$0,$136,$33,$0,$500,$104,$649,$786,$184,$199,$147,$345,$529,$0,$9,$-1,$257,$786,$8,$19,$3,$22,$-9,$0,$8,$-7,$-9,$21,$-6,$0,$0,$0,$0,$0,$-0,$-6,$-9,$0,$-9,$-1,$-1,$0,$-2,$-12,$3,$2,$0
10,2016-03-31,24.06,$11.18,2.15,$69.43,0.35,$2.61,9.23,$0.70,34.37,$0.14B,$0.18B,0.75,$0.22B,$0.25B,0.87,$1.57B,$0.17B,10.66%,$1.57B,$0.04B,2.36%,$1.57B,$0.04B,2.36%,$1.57B,$0.07B,4.60%,$1.57B,$0.02B,1.53%,$1.57B,$0.02B,1.09%,$0.02B,$0.25B,6.88%,$0.02B,$-0.25B,-6.48%,$0.02B,$0.80B,2.13%,$0.04B,$0.47B,7.77%,$398,$359,$38,$0,$25,$393,$5,$-3,$2,$1,$1,$1,$0,$14,$5,$22,23,$0.00,$0.00,$31,$0,$0,$137,$32,$0,$504,$111,$659,$796,$184,$217,$146,$363,$547,$0,$3,$-1,$250,$796,$1,$9,$0,$10,$-2,$0,$5,$-10,$-5,$5,$0,$0,$0,$0,$0,$0,$-0,$0,$9,$0,$9,$0,$0,$0,$-2,$7,$12,$1,$0
11,2015-12-31,23.9,$11.20,2.13,$69.77,0.34,$1.99,12.01,$0.76,31.45,$0.12B,$0.16B,0.76,$0.23B,$0.25B,0.9,$1.57B,$0.17B,10.81%,$1.57B,$0.04B,2.54%,$1.57B,$0.04B,2.54%,$1.57B,$0.07B,4.71%,$1.57B,$0.03B,1.59%,$1.57B,$0.02B,1.15%,$0.02B,$0.25B,7.42%,$0.02B,$-0.26B,-6.64%,$0.02B,$0.78B,2.24%,$0.04B,$0.48B,8.33%,$361,$322,$40,$0,$23,$354,$7,$-3,$4,$0,$4,$4,$3,$17,$7,$22,23,$0.11,$0.12,$19,$0,$0,$124,$35,$0,$507,$103,$660,$784,$163,$225,$147,$371,$534,$0,$3,$-1,$250,$784,$20,$35,$-4,$31,$4,$0,$-11,$7,$-8,$44,$-9,$0,$1,$0,$0,$0,$-4,$-12,$-26,$0,$-26,$0,$0,$0,$-4,$-31,$1,$4,$0
12,2015-09-30,23.15,$11.10,2.08,$70.87,0.33,$2.20,10.54,$1.06,21.84,$0.13B,$0.20B,0.63,$0.23B,$0.25B,0.94,$1.60B,$0.17B,10.91%,$1.60B,$0.04B,2.70%,$1.60B,$0.04B,2.70%,$1.60B,$0.08B,4.76%,$1.60B,$0.03B,1.94%,$1.60B,$0.02B,1.50%,$0.02B,$0.25B,10.11%,$0.02B,$-0.26B,-8.56%,$0.02B,$0.80B,2.95%,$0.04B,$0.48B,8.94%,$401,$358,$43,$0,$24,$390,$11,$-3,$8,$4,$5,$5,$4,$19,$11,$22,23,$0.17,$0.16,$19,$0,$0,$126,$38,$0,$511,$115,$675,$801,$200,$231,$122,$353,$554,$0,$0,$-1,$247,$801,$17,$26,$-5,$21,$2,$0,$-15,$3,$-18,$19,$-6,$0,$1,$0,$0,$0,$-3,$-8,$-7,$0,$-7,$0,$0,$0,$-3,$-10,$1,$3,$0
13,2015-06-30,26.11,$10.94,2.39,$70.05,0.37,$2.77,9.41,$1.09,23.95,$0.14B,$0.21B,0.68,$0.24B,$0.24B,1.0,$1.57B,$0.18B,11.12%,$1.57B,$0.04B,2.80%,$1.57B,$0.04B,2.80%,$1.57B,$0.08B,4.89%,$1.57B,$0.03B,1.97%,$1.57B,$0.02B,1.52%,$0.02B,$0.24B,10.40%,$0.02B,$-0.27B,-8.20%,$0.02B,$0.82B,2.92%,$0.04B,$0.49B,9.27%,$406,$359,$46,$0,$25,$392,$14,$-3,$10,$-0,$11,$11,$10,$22,$14,$22,23,$0.44,$0.43,$24,$0,$0,$139,$40,$0,$516,$109,$676,$815,$205,$243,$125,$368,$573,$0,$-3,$-1,$242,$815,$12,$17,$-4,$13,$-6,$0,$-9,$8,$-15,$10,$-4,$0,$0,$0,$0,$0,$-3,$-7,$5,$0,$5,$0,$0,$0,$-3,$2,$6,$2,$0
14,2015-03-31,21.85,$10.45,2.09,$68.76,0.32,$3.17,6.89,$0.90,24.28,$0.13B,$0.21B,0.65,$0.25B,$0.23B,1.09,$1.54B,$0.18B,11.48%,$1.54B,$0.05B,2.92%,$1.54B,$0.05B,2.92%,$1.54B,$0.08B,5.12%,$1.54B,$0.03B,2.01%,$1.54B,$0.02B,1.23%,$0.02B,$0.23B,8.48%,$0.02B,$-0.29B,-6.23%,$0.02B,$0.82B,2.30%,$0.05B,$0.48B,9.59%,$404,$363,$41,$0,$26,$397,$8,$-5,$3,$1,$2,$2,$1,$16,$8,$22,23,$0.06,$0.06,$19,$0,$0,$134,$42,$0,$520,$114,$686,$820,$208,$251,$125,$381,$589,$0,$-13,$-1,$231,$820,$2,$9,$0,$9,$-6,$0,$-5,$7,$-17,$-6,$-3,$0,$0,$0,$0,$0,$-2,$-5,$14,$0,$14,$0,$0,$0,$-2,$12,$1,$1,$0
15,2014-12-31,25.23,$10.39,2.43,$67.63,0.37,$2.98,8.47,$1.03,24.5,$0.13B,$0.18B,0.72,$0.25B,$0.23B,1.09,$1.51B,$0.17B,11.29%,$1.51B,$0.04B,2.58%,$1.51B,$0.04B,2.58%,$1.51B,$0.07B,4.76%,$1.51B,$0.03B,1.65%,$1.51B,$0.02B,1.45%,$0.02B,$0.23B,10.08%,$0.02B,$-0.29B,-6.96%,$0.02B,$0.82B,2.62%,$0.04B,$0.48B,8.29%,$384,$340,$44,$0,$26,$374,$10,$-0,$10,$0,$10,$10,$9,$19,$10,$22,22,$0.41,$0.41,$18,$0,$0,$128,$43,$0,$524,$118,$696,$823,$177,$250,$161,$417,$593,$0,$-15,$-0,$230,$823,$26,$32,$-12,$20,$5,$0,$-9,$2,$6,$52,$-13,$0,$0,$0,$0,$0,$-2,$-15,$-37,$0,$-37,$0,$0,$0,$-5,$-42,$-5,$3,$0
16,2014-09-30,18.96,$10.01,1.89,$67.14,0.28,$2.14,8.87,$0.85,22.31,$0.13B,$0.23B,0.57,$0.23B,$0.22B,1.05,$1.50B,$0.17B,11.53%,$1.50B,$0.04B,2.93%,$1.50B,$0.04B,2.93%,$1.50B,$0.07B,4.93%,$1.50B,$0.03B,1.67%,$1.50B,$0.02B,1.20%,$0.02B,$0.22B,8.50%,$0.02B,$-0.31B,-5.49%,$0.02B,$0.83B,2.12%,$0.04B,$0.45B,9.42%,$380,$337,$44,$0,$24,$368,$12,$-4,$8,$3,$5,$5,$4,$20,$12,$22,22,$0.20,$0.19,$18,$0,$0,$132,$45,$0,$534,$103,$693,$825,$234,$232,$128,$371,$605,$0,$-24,$0,$220,$825,$16,$24,$-3,$20,$0,$0,$0,$-1,$-1,$36,$-10,$0,$-0,$0,$0,$0,$-1,$-11,$-27,$0,$-27,$0,$0,$0,$-3,$-29,$-5,$3,$0
17,2014-06-30,21.39,$9.77,2.19,$66.12,0.32,$0.94,22.85,$0.83,25.77,$0.14B,$0.24B,0.59,$0.25B,$0.22B,1.15,$1.48B,$0.17B,11.45%,$1.48B,$0.04B,2.98%,$1.48B,$0.04B,2.98%,$1.48B,$0.07B,5.01%,$1.48B,$0.02B,1.63%,$1.48B,$0.02B,1.22%,$0.02B,$0.22B,8.73%,$0.02B,$-0.32B,-5.10%,$0.02B,$0.84B,2.09%,$0.04B,$0.46B,9.26%,$374,$327,$48,$0,$25,$359,$15,$-5,$10,$4,$6,$6,$5,$24,$15,$22,22,$0.24,$0.24,$24,$0,$0,$140,$46,$0,$538,$106,$701,$841,$238,$248,$130,$388,$626,$0,$-28,$-0,$215,$841,$11,$15,$-4,$11,$0,$0,$0,$1,$1,$23,$-8,$0,$0,$0,$0,$0,$-1,$-9,$-12,$0,$-12,$0,$0,$0,$-2,$-14,$0,$2,$0
18,2014-03-31,26.27,$9.48,2.77,$66.07,0.4,$0.23,116.14,$0.74,35.5,$0.16B,$0.24B,0.66,$0.28B,$0.21B,1.33,$1.47B,$0.17B,11.35%,$1.47B,$0.04B,2.72%,$1.47B,$0.04B,2.72%,$1.47B,$0.07B,4.62%,$1.47B,$0.02B,1.36%,$1.47B,$0.02B,1.09%,$0.02B,$0.21B,7.97%,$0.02B,$-0.33B,-4.22%,$0.02B,$0.87B,1.84%,$0.04B,$0.49B,8.36%,$376,$340,$35,$0,$26,$374,$2,$-5,$-3,$-7,$5,$5,$4,$9,$2,$22,22,$0.20,$0.19,$24,$0,$0,$156,$48,$0,$542,$112,$711,$867,$237,$277,$134,$422,$659,$0,$-33,$0,$208,$867,$5,$7,$-5,$2,$0,$0,$0,$-17,$-17,$-10,$-3,$0,$0,$0,$0,$0,$-0,$-3,$15,$0,$15,$0,$0,$0,$-1,$14,$1,$1,$0
19,2013-12-31,26.04,$9.27,2.81,$66.21,0.39,$0.23,111.0,$0.55,47.35,$0.14B,$0.20B,0.69,$0.26B,$0.20B,1.29,$1.47B,$0.17B,11.72%,$1.47B,$0.04B,2.93%,$1.47B,$0.04B,2.93%,$1.47B,$0.07B,4.77%,$1.47B,$0.02B,1.57%,$1.47B,$0.01B,0.82%,$0.01B,$0.20B,6.13%,$0.01B,$-0.34B,-2.96%,$0.01B,$0.86B,1.37%,$0.04B,$0.47B,8.99%,$371,$325,$46,$0,$24,$356,$15,$-4,$10,$4,$6,$6,$5,$21,$15,$22,22,$0.23,$0.23,$23,$0,$0,$138,$45,$0,$546,$123,$724,$862,$202,$263,$176,$457,$659,$0,$-38,$0,$204,$862,$15,$28,$7,$35,$-4,$0,$-14,$4,$-15,$35,$-15,$0,$0,$0,$2,$2,$-1,$-13,$-23,$0,$-23,$0,$0,$0,$-3,$-26,$-5,$4,$0
20,2013-09-30,26.89,$9.03,2.98,$71.30,0.38,$-0.30,0.0,$0.10,268.9,$0.15B,$0.24B,0.59,$0.29B,$0.20B,1.45,$1.48B,$0.17B,11.25%,$1.48B,$0.02B,1.15%,$1.48B,$0.02B,1.15%,$1.48B,$0.05B,3.25%,$1.48B,$-0.00B,-0.20%,$1.48B,0,0.00%,$0.00B,$0.20B,0.00%,$0.00B,$-0.42B,0.00%,$0.00B,$0.88B,0.00%,$0.02B,$0.48B,3.54%,$355,$315,$40,$0,$20,$344,$12,$-5,$7,$2,$4,$4,$4,$20,$12,$22,22,$0.17,$0.17,$22,$0,$0,$145,$45,$0,$613,$57,$730,$875,$244,$286,$132,$433,$677,$0,$-43,$0,$198,$875,$9,$22,$3,$25,$0,$0,$0,$-24,$-24,$10,$-11,$0,$0,$0,$0,$0,$-0,$-12,$-2,$0,$-2,$0,$0,$0,$-2,$-4,$-6,$3,$0
21,2013-06-30,21.46,$8.82,2.43,$67.49,0.32,$0.25,85.43,$0.08,268.25,$0.14B,$0.25B,0.56,$0.28B,$0.19B,1.46,$1.31B,$0.15B,11.19%,$1.31B,$0.01B,0.84%,$1.31B,$0.01B,0.84%,$1.31B,$0.04B,2.74%,$1.31B,$-0.01B,-0.38%,$1.31B,$-0.00B,-0.15%,$-0.00B,$0.19B,-1.27%,$-0.00B,$-0.43B,0.60%,$-0.00B,$0.88B,-0.27%,$0.01B,$0.48B,2.80%,$370,$324,$46,$0,$27,$359,$11,$-5,$6,$2,$4,$4,$3,$18,$11,$22,22,$0.16,$0.15,$20,$0,$0,$140,$42,$0,$620,$62,$739,$880,$253,$283,$132,$434,$686,$0,$-47,$1,$193,$880,$5,$14,$2,$16,$0,$0,$0,$-13,$-13,$7,$-8,$0,$0,$0,$0,$0,$-0,$-8,$-5,$0,$-5,$0,$0,$0,$-2,$-7,$-8,$2,$0
22,2013-03-31,20.7,$8.58,2.41,$62.83,0.33,$0.78,26.48,$0.19,108.95,$0.14B,$0.25B,0.57,$0.30B,$0.19B,1.59,$1.14B,$0.13B,11.10%,$1.14B,$0.01B,0.70%,$1.14B,$0.01B,0.70%,$1.14B,$0.03B,2.47%,$1.14B,$-0.00B,-0.35%,$1.14B,$-0.00B,-0.09%,$-0.00B,$0.19B,-0.81%,$-0.00B,$-0.44B,0.41%,$-0.00B,$0.89B,-0.17%,$0.01B,$0.49B,2.62%,$371,$330,$40,$0,$28,$366,$5,$-5,$0,$-0,$0,$0,$-0,$11,$5,$22,22,$-0.01,$-0.01,$27,$0,$0,$144,$41,$0,$628,$65,$750,$893,$254,$299,$134,$452,$706,$0,$-50,$-0,$188,$893,$0,$6,$1,$7,$0,$0,$0,$-17,$-17,$-10,$-3,$0,$0,$0,$0,$0,$-0,$-3,$12,$0,$12,$0,$0,$0,$-1,$11,$-2,$1,$0
23,2012-12-31,21.99,$8.55,2.57,$57.86,0.38,$0.74,29.66,$0.33,66.64,$0.14B,$0.21B,0.65,$0.29B,$0.19B,1.53,$0.95B,$0.11B,11.23%,$0.95B,$0.01B,0.73%,$0.95B,$0.01B,0.73%,$0.95B,$0.02B,2.41%,$0.95B,$-0.00B,-0.10%,$0.95B,$0.00B,0.10%,$0.00B,$0.19B,1.12%,$0.00B,$-0.38B,-0.63%,$0.00B,$0.91B,0.24%,$0.01B,$0.47B,3.20%,$380,$340,$40,$0,$43,$391,$-11,$-5,$-16,$-10,$-6,$-6,$-7,$-1,$-11,$17,17,$-0.43,$-0.43,$28,$0,$0,$140,$40,$0,$562,$148,$765,$905,$214,$287,$199,$504,$718,$0,$-50,$-0,$187,$905,$2,$16,$9,$25,$-6,$0,$9,$3,$-16,$11,$-5,$0,$28,$0,$0,$0,$-2,$21,$-5,$-0,$-5,$1,$1,$0,$-13,$-17,$15,$2,$0
24,2012-09-30,22.43,$3.83,5.86,$47.36,0.47,$2.30,9.75,$0.78,28.76,$0.09B,$0.09B,0.97,$0.07B,$0.06B,1.21,$0.75B,$0.09B,11.67%,$0.75B,$0.02B,3.18%,$0.75B,$0.02B,3.18%,$0.75B,$0.03B,4.24%,$0.75B,$0.02B,2.52%,$0.75B,$0.01B,1.46%,$0.01B,$0.06B,20.85%,$0.01B,$-0.08B,-12.54%,$0.01B,$0.27B,4.23%,$0.02B,$0.13B,18.39%,$193,$172,$21,$0,$14,$187,$6,$-1,$5,$3,$2,$2,$2,$8,$6,$16,16,$0.14,$0.14,$10,$0,$0,$87,$17,$0,$143,$20,$182,$269,$90,$73,$30,$119,$209,$0,$-34,$-0,$60,$269,$8,$6,$4,$10,$0,$0,$0,$-7,$-7,$11,$-3,$0,$0,$0,$0,$0,$-1,$-4,$-9,$0,$-9,$0,$0,$0,$-2,$-10,$-3,$1,$0
25,2012-06-30,21.52,$3.65,5.9,$46.91,0.46,$2.44,8.81,$1.00,21.52,$0.08B,$0.09B,0.9,$0.07B,$0.06B,1.24,$0.75B,$0.09B,12.17%,$0.75B,$0.03B,3.88%,$0.75B,$0.03B,3.88%,$0.75B,$0.04B,4.95%,$0.75B,$0.02B,3.21%,$0.75B,$0.02B,2.01%,$0.02B,$0.06B,30.15%,$0.02B,$-0.09B,-16.62%,$0.02B,$0.26B,5.84%,$0.03B,$0.13B,21.85%,$191,$166,$25,$0,$15,$183,$8,$-1,$7,$3,$4,$4,$4,$10,$8,$16,16,$0.26,$0.26,$9,$0,$0,$81,$16,$0,$142,$21,$182,$264,$91,$71,$30,$116,$206,$0,$-36,$-0,$57,$264,$6,$4,$2,$6,$0,$0,$0,$-2,$-2,$10,$-2,$0,$0,$0,$0,$0,$-0,$-2,$-10,$0,$-10,$0,$0,$0,$-1,$-12,$-4,$1,$0
26,2012-03-31,20.5,$3.37,6.08,$46.01,0.45,$2.99,6.86,$1.02,20.1,$0.08B,$0.08B,1.0,$0.09B,$0.05B,1.67,$0.74B,$0.09B,11.94%,$0.74B,$0.03B,4.07%,$0.74B,$0.03B,4.07%,$0.74B,$0.04B,5.16%,$0.74B,$0.03B,3.39%,$0.74B,$0.02B,2.17%,$0.02B,$0.05B,34.04%,$0.02B,$-0.09B,-17.20%,$0.02B,$0.26B,6.27%,$0.03B,$0.14B,22.39%,$189,$169,$21,$0,$15,$185,$4,$-1,$3,$1,$2,$2,$2,$6,$4,$16,16,$0.11,$0.11,$9,$0,$0,$80,$16,$0,$142,$21,$183,$263,$80,$88,$29,$130,$210,$0,$-40,$-0,$53,$263,$2,$2,$0,$2,$0,$0,$0,$-13,$-13,$-9,$-1,$0,$0,$0,$0,$0,$-0,$-1,$7,$0,$7,$0,$0,$0,$-1,$6,$-4,$0,$0
27,2011-12-31,17.87,$2.66,6.71,$45.33,0.39,$3.99,4.48,$1.11,16.1,$0.06B,$0.07B,0.82,$0.08B,$0.04B,1.94,$0.73B,$0.09B,11.92%,$0.73B,$0.03B,4.52%,$0.73B,$0.03B,4.52%,$0.73B,$0.04B,5.62%,$0.73B,$0.03B,3.84%,$0.73B,$0.02B,2.47%,$0.02B,$0.04B,40.91%,$0.02B,$-0.09B,-18.85%,$0.02B,$0.24B,7.10%,$0.03B,$0.12B,24.91%,$181,$159,$21,$0,$14,$175,$6,$-1,$4,$1,$3,$3,$3,$8,$6,$16,16,$0.18,$0.19,$13,$0,$0,$60,$17,$0,$134,$30,$183,$243,$72,$80,$42,$129,$202,$0,$-51,$-0,$41,$243,$17,$7,$5,$12,$5,$0,$1,$-2,$5,$35,$-4,$0,$0,$0,$0,$0,$-1,$-5,$-16,$0,$-16,$-7,$-7,$0,$-0,$-23,$6,$2,$0
28,2011-09-30,15.64,$3.06,5.12,$45.61,0.34,$3.10,5.04,$1.17,13.37,$0.08B,$0.08B,1.0,$0.09B,$0.05B,1.98,$0.73B,$0.09B,11.73%,$0.73B,$0.03B,4.50%,$0.73B,$0.03B,4.50%,$0.73B,$0.04B,5.59%,$0.73B,$0.03B,3.96%,$0.73B,$0.02B,2.46%,$0.02B,$0.05B,41.86%,$0.02B,$-0.09B,-18.32%,$0.02B,$0.26B,7.01%,$0.03B,$0.14B,24.31%,$187,$163,$24,$0,$12,$176,$11,$-1,$10,$4,$6,$6,$6,$13,$11,$16,16,$0.38,$0.37,$8,$0,$0,$76,$17,$0,$141,$22,$182,$258,$76,$94,$28,$134,$210,$0,$-46,$-0,$48,$258,$15,$5,$4,$10,$0,$0,$0,$-11,$-11,$13,$-3,$0,$0,$0,$0,$0,$-1,$-4,$-4,$0,$-4,$-5,$-5,$0,$-0,$-9,$0,$2,$0
29,2011-06-30,15.97,$2.92,5.46,$45.25,0.35,$3.32,4.82,$1.10,14.52,$0.07B,$0.08B,0.88,$0.09B,$0.05B,1.86,$0.73B,$0.08B,11.55%,$0.73B,$0.03B,4.26%,$0.73B,$0.03B,4.26%,$0.73B,$0.04B,5.36%,$0.73B,$0.03B,3.71%,$0.73B,$0.02B,2.34%,$0.02B,$0.05B,43.87%,$0.02B,$-0.10B,-16.75%,$0.02B,$0.26B,6.65%,$0.03B,$0.13B,23.44%,$180,$158,$22,$0,$12,$171,$9,$-1,$8,$3,$5,$5,$5,$11,$9,$16,16,$0.29,$0.28,$12,$0,$0,$72,$17,$0,$142,$23,$184,$256,$82,$86,$30,$128,$210,$0,$-52,$0,$46,$256,$8,$4,$3,$6,$0,$0,$0,$4,$4,$19,$-2,$0,$0,$0,$0,$0,$-1,$-2,$-12,$0,$-12,$-0,$-0,$0,$0,$-12,$4,$1,$0
30,2011-03-31,17.76,$2.62,6.78,$45.29,0.39,$2.31,7.7,$1.10,16.15,$0.07B,$0.08B,0.86,$0.09B,$0.04B,2.23,$0.72B,$0.09B,11.74%,$0.72B,$0.03B,4.28%,$0.72B,$0.03B,4.28%,$0.72B,$0.04B,5.39%,$0.72B,$0.03B,3.73%,$0.72B,$0.02B,2.35%,$0.02B,$0.04B,50.75%,$0.02B,$-0.10B,-16.11%,$0.02B,$0.26B,6.67%,$0.03B,$0.13B,23.31%,$182,$162,$20,$0,$11,$175,$7,$-1,$6,$2,$4,$4,$4,$9,$7,$16,16,$0.24,$0.23,$8,$0,$0,$72,$16,$0,$142,$24,$184,$257,$84,$93,$28,$131,$215,$0,$-57,$0,$41,$257,$4,$2,$1,$3,$0,$0,$0,$0,$0,$7,$-1,$0,$0,$0,$0,$0,$-0,$-1,$-5,$0,$-5,$0,$0,$0,$0,$-5,$1,$0,$0
31,2010-12-31,18.98,$2.33,8.14,$45.34,0.42,$2.00,9.49,$1.05,18.08,$0.07B,$0.07B,1.02,$0.10B,$0.04B,2.64,$0.72B,$0.08B,11.65%,$0.72B,$0.03B,4.16%,$0.72B,$0.03B,4.16%,$0.72B,$0.04B,5.27%,$0.72B,$0.03B,3.61%,$0.72B,$0.02B,2.22%,$0.02B,$0.04B,57.66%,$0.02B,$-0.10B,-14.51%,$0.02B,$0.26B,6.35%,$0.03B,$0.13B,22.73%,$184,$164,$20,$0,$13,$178,$6,$-1,$5,$2,$3,$3,$3,$8,$6,$16,16,$0.21,$0.20,$7,$0,$0,$72,$17,$0,$141,$23,$183,$256,$71,$97,$41,$148,$219,$0,$-61,$0,$37,$256,$16,$7,$3,$9,$-7,$0,$-5,$1,$-5,$20,$-3,$0,$-4,$0,$0,$0,$-1,$-8,$-15,$0,$-15,$2,$2,$0,$1,$-13,$-1,$2,$0
32,2010-09-30,17.1,$1.97,8.69,$45.09,0.38,$2.13,8.02,$0.97,17.63,$0.07B,$0.09B,0.83,$0.10B,$0.03B,3.16,$0.71B,$0.08B,11.48%,$0.71B,$0.03B,4.20%,$0.71B,$0.03B,4.20%,$0.71B,$0.04B,5.32%,$0.71B,$0.03B,3.64%,$0.71B,$0.02B,2.24%,$0.02B,$0.03B,71.91%,$0.02B,$-0.11B,-13.94%,$0.02B,$0.25B,6.43%,$0.03B,$0.13B,23.08%,$181,$159,$22,$0,$12,$172,$9,$-1,$8,$3,$5,$5,$5,$11,$9,$16,16,$0.31,$0.30,$7,$0,$0,$74,$17,$0,$137,$23,$180,$253,$89,$98,$27,$134,$223,$0,$-65,$-0,$31,$253,$12,$5,$3,$8,$0,$0,$0,$-4,$-4,$16,$-2,$0,$0,$0,$0,$0,$-1,$-3,$-16,$0,$-16,$1,$1,$0,$0,$-14,$-1,$2,$0
33,2010-06-30,15.83,$1.60,9.92,$44.76,0.35,$2.05,7.74,$0.94,16.84,$0.08B,$0.08B,0.93,$0.11B,$0.03B,4.46,$0.71B,$0.08B,11.49%,$0.71B,$0.03B,4.11%,$0.71B,$0.03B,4.11%,$0.71B,$0.04B,5.25%,$0.71B,$0.03B,3.55%,$0.71B,$0.02B,2.13%,$0.02B,$0.03B,88.24%,$0.02B,$-0.11B,-12.61%,$0.02B,$0.25B,6.13%,$0.03B,$0.14B,22.18%,$177,$154,$23,$0,$12,$168,$9,$-1,$8,$3,$5,$5,$5,$11,$9,$16,16,$0.29,$0.28,$8,$0,$0,$75,$17,$0,$137,$21,$178,$253,$80,$111,$28,$148,$228,$0,$-70,$-0,$25,$253,$7,$3,$1,$5,$0,$0,$0,$-10,$-10,$2,$-2,$0,$0,$0,$0,$0,$-0,$-2,$-2,$0,$-2,$1,$1,$0,$1,$-0,$0,$1,$0
34,2010-03-31,16.42,$1.18,13.9,$44.54,0.37,$2.38,6.89,$0.93,17.66,$0.07B,$0.08B,0.86,$0.11B,$0.02B,6.15,$0.70B,$0.08B,11.16%,$0.70B,$0.03B,4.01%,$0.70B,$0.03B,4.01%,$0.70B,$0.04B,5.15%,$0.70B,$0.02B,3.43%,$0.70B,$0.01B,2.00%,$0.01B,$0.02B,116.67%,$0.01B,$-0.12B,-11.43%,$0.01B,$0.25B,5.86%,$0.03B,$0.13B,21.62%,$179,$160,$19,$0,$12,$173,$6,$-1,$5,$2,$3,$3,$3,$8,$6,$15,16,$0.18,$0.18,$9,$0,$0,$69,$17,$0,$137,$19,$177,$246,$81,$112,$26,$147,$228,$0,$-75,$0,$18,$246,$3,$2,$1,$2,$0,$0,$0,$-4,$-4,$2,$-0,$0,$0,$0,$0,$0,$-0,$-0,$-1,$0,$-1,$0,$0,$0,$0,$-1,$1,$1,$0
35,2009-12-31,15.88,$0.95,16.65,$44.43,0.36,$2.26,7.01,$0.90,17.64,$0.06B,$0.07B,0.86,$0.11B,$0.02B,7.59,$0.70B,$0.08B,11.35%,$0.70B,$0.03B,3.88%,$0.70B,$0.03B,3.88%,$0.70B,$0.04B,5.03%,$0.70B,$0.02B,3.30%,$0.70B,$0.01B,1.87%,$0.01B,$0.02B,173.33%,$0.01B,$-0.12B,-10.36%,$0.01B,$0.24B,5.53%,$0.03B,$0.13B,20.77%,$177,$159,$18,$0,$10,$171,$6,$-1,$5,$1,$3,$3,$3,$8,$6,$15,16,$0.22,$0.21,$8,$0,$0,$63,$17,$0,$137,$22,$180,$243,$74,$111,$35,$154,$228,$0,$-77,$0,$15,$243,$14,$6,$7,$13,$-2,$0,$2,$-4,$-6,$22,$-3,$0,$-2,$0,$0,$0,$-1,$-7,$-12,$0,$-12,$-3,$-3,$0,$0,$-15,$-0,$2,$0
36,2009-09-30,17.49,$0.67,26.2,$42.99,0.41,$2.42,7.22,$0.96,18.22,$0.06B,$0.08B,0.84,$0.12B,$0.01B,11.8,$0.69B,$0.08B,11.96%,$0.69B,$0.03B,4.18%,$0.69B,$0.03B,4.18%,$0.69B,$0.04B,5.33%,$0.69B,$0.02B,3.46%,$0.69B,$0.01B,2.02%,$0.01B,$0.01B,350.00%,$0.01B,$-0.12B,-10.98%,$0.01B,$0.24B,6.04%,$0.03B,$0.13B,22.39%,$172,$151,$21,$0,$11,$164,$8,$-1,$7,$3,$4,$4,$4,$10,$8,$15,16,$0.27,$0.27,$9,$0,$0,$63,$17,$0,$133,$19,$173,$236,$75,$121,$23,$151,$226,$0,$-81,$0,$10,$236,$11,$5,$6,$11,$0,$0,$0,$-7,$-7,$15,$-3,$0,$-3,$0,$0,$0,$-1,$-6,$-4,$0,$-4,$-4,$-4,$0,$-0,$-8,$0,$2,$0
37,2009-06-30,16.29,$0.31,52.16,$42.04,0.39,$2.58,6.31,$0.98,16.62,$0.06B,$0.07B,0.86,$0.13B,$0.01B,26.54,$0.70B,$0.09B,12.16%,$0.70B,$0.03B,4.43%,$0.70B,$0.03B,4.43%,$0.70B,$0.04B,5.44%,$0.70B,$0.03B,3.58%,$0.70B,$0.02B,2.15%,$0.02B,$0.01B,240.00%,$0.02B,$-0.13B,-12.00%,$0.02B,$0.23B,6.49%,$0.03B,$0.13B,23.98%,$171,$150,$20,$0,$10,$162,$8,$-1,$7,$3,$4,$4,$4,$10,$8,$15,16,$0.28,$0.27,$11,$0,$0,$62,$18,$0,$131,$17,$169,$231,$73,$127,$22,$154,$226,$0,$-85,$0,$5,$231,$7,$3,$4,$7,$0,$0,$0,$-5,$-5,$8,$-2,$0,$0,$0,$0,$0,$-1,$-3,$2,$0,$2,$-4,$-4,$0,$-0,$-2,$2,$1,$0
38,2009-03-31,16.4,$-0.01,-1123.29,$40.73,0.4,$3.02,5.43,$1.00,16.4,$0.06B,$0.08B,0.84,$0.13B,$0.00B,-591.46,$0.70B,$0.09B,12.64%,$0.70B,$0.03B,4.69%,$0.70B,$0.03B,4.69%,$0.70B,$0.04B,5.54%,$0.70B,$0.03B,3.84%,$0.70B,$0.02B,2.27%,$0.02B,$0.00B,112.28%,$0.02B,$-0.13B,-13.73%,$0.02B,$0.23B,6.94%,$0.03B,$0.13B,25.88%,$176,$156,$20,$0,$13,$170,$5,$-1,$4,$2,$2,$2,$2,$7,$5,$15,16,$0.15,$0.15,$10,$0,$0,$63,$17,$0,$130,$17,$169,$231,$75,$132,$21,$157,$231,$0,$-89,$-0,$-0,$231,$2,$2,$1,$3,$0,$0,$0,$-5,$-5,$0,$-1,$0,$0,$0,$0,$0,$-1,$-1,$7,$0,$7,$-4,$-4,$0,$-0,$3,$1,$1,$0
39,2008-12-31,19.34,$0.06,325.04,$38.83,0.5,$3.23,5.99,$1.08,17.91,$0.06B,$0.07B,0.9,$0.12B,$0.00B,128.07,$0.70B,$0.09B,12.98%,$0.70B,$0.04B,5.28%,$0.70B,$0.04B,5.28%,$0.70B,$0.04B,5.99%,$0.70B,$0.03B,4.28%,$0.70B,$0.02B,2.57%,$0.02B,$0.00B,77.42%,$0.02B,$-0.13B,-16.82%,$0.02B,$0.23B,7.83%,$0.04B,$0.12B,29.19%,$175,$152,$22,$0,$12,$166,$8,$-2,$6,$2,$4,$4,$4,$10,$8,$17,18,$0.27,$0.26,$8,$0,$0,$60,$18,$0,$130,$18,$169,$229,$67,$123,$36,$162,$228,$0,$-91,$0,$1,$229,$19,$6,$9,$15,$-5,$0,$4,$-3,$-5,$30,$-6,$0,$-6,$0,$0,$0,$-1,$-13,$45,$0,$45,$-59,$-59,$0,$-2,$-16,$-0,$2,$0
40,2008-09-30,22.22,$1.12,19.78,$37.44,0.59,$3.58,6.21,$1.08,20.57,$0.06B,$0.07B,0.86,$0.11B,$0.02B,5.88,$0.69B,$0.09B,13.35%,$0.69B,$0.04B,5.52%,$0.69B,$0.04B,5.52%,$0.69B,$0.04B,6.24%,$0.69B,$0.03B,4.64%,$0.69B,$0.02B,2.76%,$0.02B,$0.02B,58.02%,$0.02B,$-0.11B,-19.84%,$0.02B,$0.23B,8.40%,$0.04B,$0.13B,30.46%,$177,$154,$23,$0,$12,$167,$10,$-2,$8,$3,$5,$5,$5,$11,$10,$17,18,$0.30,$0.29,$11,$0,$0,$64,$16,$0,$132,$15,$169,$233,$74,$111,$24,$140,$214,$0,$-96,$0,$19,$233,$15,$4,$7,$11,$0,$0,$0,$-6,$-6,$20,$-3,$0,$-5,$0,$0,$0,$-1,$-9,$31,$0,$31,$-37,$-37,$0,$-2,$-7,$3,$1,$0
41,2008-06-30,18.2,$2.08,8.75,$35.38,0.51,$3.82,4.77,$1.03,17.76,$0.06B,$0.08B,0.79,$0.09B,$0.04B,2.34,$0.66B,$0.09B,13.70%,$0.66B,$0.04B,5.72%,$0.66B,$0.04B,5.72%,$0.66B,$0.04B,6.48%,$0.66B,$0.03B,4.82%,$0.66B,$0.02B,2.86%,$0.02B,$0.04B,49.67%,$0.02B,$-0.09B,-21.53%,$0.02B,$0.23B,8.57%,$0.04B,$0.12B,30.96%,$176,$152,$24,$0,$12,$166,$10,$-1,$9,$4,$5,$5,$5,$11,$10,$18,18,$0.29,$0.29,$12,$0,$0,$62,$16,$0,$130,$15,$168,$229,$78,$87,$24,$114,$192,$0,$-101,$0,$37,$229,$10,$3,$4,$7,$0,$0,$0,$1,$1,$17,$-3,$0,$-5,$0,$0,$0,$-0,$-8,$7,$0,$7,$-13,$-13,$0,$0,$-6,$3,$0,$0
42,2008-03-31,20.96,$2.01,10.45,$33.61,0.62,$3.74,5.6,$0.96,21.83,$0.06B,$0.08B,0.82,$0.09B,$0.04B,2.54,$0.64B,$0.09B,13.75%,$0.64B,$0.04B,5.78%,$0.64B,$0.04B,5.78%,$0.64B,$0.04B,6.56%,$0.64B,$0.03B,4.69%,$0.64B,$0.02B,2.81%,$0.02B,$0.04B,45.86%,$0.02B,$-0.09B,-20.99%,$0.02B,$0.23B,8.30%,$0.04B,$0.13B,30.33%,$173,$151,$22,$0,$11,$164,$9,$-1,$7,$3,$4,$4,$4,$10,$9,$18,19,$0.24,$0.23,$11,$0,$0,$62,$16,$0,$129,$15,$166,$228,$75,$93,$23,$116,$191,$0,$-106,$1,$36,$228,$4,$1,$1,$3,$0,$0,$0,$-3,$-3,$4,$-1,$0,$-5,$0,$0,$0,$-0,$-7,$12,$0,$12,$-8,$-8,$0,$0,$5,$3,$0,$0
43,2007-12-31,24.25,$2.14,11.32,$32.08,0.76,$3.84,6.31,$0.91,26.79,$0.06B,$0.07B,0.85,$0.08B,$0.04B,1.96,$0.62B,$0.09B,13.85%,$0.62B,$0.04B,5.80%,$0.62B,$0.04B,5.80%,$0.62B,$0.04B,6.60%,$0.62B,$0.03B,4.67%,$0.62B,$0.02B,2.74%,$0.02B,$0.04B,41.72%,$0.02B,$-0.09B,-20.54%,$0.02B,$0.22B,7.99%,$0.04B,$0.12B,29.81%,$163,$141,$23,$0,$12,$154,$9,$-1,$8,$3,$5,$5,$5,$11,$9,$19,19,$0.27,$0.26,$8,$0,$0,$56,$16,$0,$124,$12,$159,$215,$66,$77,$33,$110,$176,$0,$-111,$0,$39,$215,$18,$5,$9,$14,$-3,$0,$9,$-3,$5,$37,$-4,$0,$-6,$0,$0,$0,$-0,$-11,$-5,$0,$-5,$-21,$-21,$0,$1,$-26,$0,$0,$0
44,2007-09-30,19.9,$2.20,9.03,$31.12,0.64,$3.48,5.72,$1.78,11.21,$0.05B,$0.07B,0.75,$0.08B,$0.04B,1.97,$0.61B,$0.08B,13.40%,$0.61B,$0.04B,5.72%,$0.61B,$0.04B,5.72%,$0.61B,$0.04B,6.37%,$0.61B,$0.03B,4.41%,$0.61B,$0.04B,5.72%,$0.04B,$0.04B,84.85%,$0.04B,$-0.08B,-42.81%,$0.04B,$0.22B,16.49%,$0.04B,$0.12B,28.57%,$152,$130,$22,$0,$11,$143,$10,$-2,$8,$3,$5,$5,$5,$11,$10,$19,19,$0.24,$0.24,$7,$0,$0,$54,$20,$0,$124,$7,$161,$215,$72,$81,$21,$102,$174,$0,$-116,$0,$41,$215,$12,$4,$5,$9,$0,$0,$0,$4,$4,$25,$-3,$0,$-6,$0,$0,$0,$-0,$-9,$-5,$0,$-5,$-14,$-14,$0,$1,$-18,$-1,$1,$0
45,2007-06-30,17.57,$2.19,8.04,$30.63,0.57,$3.31,5.3,$1.76,9.98,$0.05B,$0.07B,0.78,$0.08B,$0.04B,1.92,$0.61B,$0.08B,12.89%,$0.61B,$0.03B,5.22%,$0.61B,$0.03B,5.22%,$0.61B,$0.04B,6.04%,$0.61B,$0.02B,3.92%,$0.61B,$0.04B,5.71%,$0.04B,$0.04B,89.74%,$0.04B,$-0.08B,-41.92%,$0.04B,$0.21B,16.87%,$0.03B,$0.12B,26.83%,$152,$131,$21,$0,$11,$143,$9,$-2,$7,$3,$4,$4,$4,$10,$9,$19,19,$0.23,$0.22,$7,$0,$0,$51,$17,$0,$123,$5,$158,$209,$65,$79,$22,$102,$167,$0,$-120,$0,$41,$209,$8,$3,$3,$6,$0,$0,$0,$3,$3,$17,$-2,$0,$0,$0,$0,$0,$-0,$-3,$-6,$0,$-6,$-9,$-9,$0,$1,$-15,$-1,$0,$0
46,2007-03-31,17.69,$2.19,8.08,$29.98,0.59,$3.14,5.63,$1.75,10.11,$0.06B,$0.07B,0.86,$0.08B,$0.04B,1.97,$0.61B,$0.08B,12.64%,$0.61B,$0.03B,4.93%,$0.61B,$0.03B,4.93%,$0.61B,$0.04B,5.91%,$0.61B,$0.02B,3.61%,$0.61B,$0.04B,5.75%,$0.04B,$0.04B,98.59%,$0.04B,$-0.08B,-40.35%,$0.04B,$0.21B,17.18%,$0.03B,$0.12B,25.64%,$154,$134,$20,$0,$11,$146,$8,$-2,$6,$2,$3,$3,$3,$9,$8,$19,20,$0.18,$0.18,$7,$0,$0,$56,$16,$0,$122,$4,$157,$212,$65,$82,$23,$106,$171,$0,$-124,$0,$42,$212,$3,$1,$2,$3,$0,$0,$0,$-0,$-0,$6,$-1,$0,$0,$0,$0,$0,$-0,$-1,$-3,$0,$-3,$-3,$-3,$0,$0,$-6,$-1,$0,$0
47,2006-12-31,19.21,$2.14,8.96,$29.48,0.65,$2.76,6.96,$1.76,10.91,$0.05B,$0.05B,0.99,$0.08B,$0.04B,1.97,$0.61B,$0.08B,12.52%,$0.61B,$0.03B,4.78%,$0.61B,$0.03B,4.78%,$0.61B,$0.04B,5.77%,$0.61B,$0.02B,3.29%,$0.61B,$0.04B,5.93%,$0.04B,$0.04B,115.20%,$0.04B,$-0.08B,-39.67%,$0.04B,$0.21B,17.93%,$0.03B,$0.12B,25.05%,$154,$135,$19,$0,$10,$146,$8,$-2,$6,$-17,$23,$23,$23,$9,$8,$20,20,$1.15,$1.13,$8,$0,$0,$53,$16,$0,$122,$5,$159,$213,$54,$81,$36,$117,$171,$0,$-128,$0,$41,$213,$36,$6,$-15,$-9,$1,$0,$2,$-0,$2,$29,$-2,$0,$0,$0,$0,$0,$-0,$-2,$-8,$0,$-8,$-20,$-20,$0,$-1,$-29,$-3,$0,$0
