,Date,Stock Price,Book Value per Share,Price to Book Ratio,TTM Sales per Share,Price to Sales Ratio,TTM FCF per Share,Price to FCF Ratio,TTM Net EPS,PE Ratio,Current Assets,Current Liabilities,Current Ratio,Long Term Debt,Shareholder's Equity_x,Debt to Equity Ratio,TTM Revenue_x,TTM Gross Profit,Gross Margin,TTM Revenue_y,TTM Operating Income,Operating Margin,TTM Revenue_x,TTM EBIT,EBIT Margin,TTM Revenue_y,TTM EBITDA,EBITDA Margin,TTM Revenue_x,TTM Pre-Tax Income,Pre-Tax Margin,TTM Revenue_y,TTM Net Income_x,Net Margin,TTM Net Income_y,Shareholder's Equity_y,Return on Equity,TTM Net Income_x,Tangible Equity,Return on Tangible Equity,TTM Net Income_y,Total Assets,Return on Assets,TTM Net Income,LT Investments & Debt,Return on Investment,revenue,cost-goods-sold,gross-profit,research-development-expenses,selling-general-administrative-expenses,operating-expenses,operating-income,total-non-operating-income-expense,pre-tax-income,total-provision-income-taxes,income-after-taxes,income-from-continuous-operations,net-income,ebitda,ebit,basic-shares-outstanding,shares-outstanding,eps-basic-net-earnings-per-share,eps-earnings-per-share-diluted,cash-on-hand,inventory,other-current-assets,total-current-assets,net-property-plant-equipment,long-term-investments,goodwill-intangible-assets-total,other-long-term-assets,total-long-term-assets,total-assets,total-current-liabilities,long-term-debt,other-non-current-liabilities,total-long-term-liabilities,total-liabilities,common-stock-net,retained-earnings-accumulated-deficit,comprehensive-income,total-share-holder-equity,total-liabilities-share-holders-equity,net-income-loss,total-depreciation-amortization-cash-flow,other-non-cash-items,total-non-cash-items,change-in-accounts-receivable,change-in-inventories,change-in-accounts-payable,change-in-assets-liabilities,total-change-in-assets-liabilities,cash-flow-from-operating-activities,net-change-in-property-plant-equipment,net-change-in-intangible-assets,net-acquisitions-divestitures,net-change-in-short-term-investments,net-change-in-long-term-investments,net-change-in-investments-total,investing-activities-other,cash-flow-from-investing-activities,net-long-term-debt,net-current-debt,debt-issuance-retirement-net-total,net-common-equity-issued-repurchased,net-total-equity-issued-repurchased,total-common-preferred-stock-dividends-paid,financial-activities-other,cash-flow-from-financial-activities,net-cash-flow,stock-based-compensation,common-stock-dividends-paid
0,2018-09-30,14.43,$7.47,1.93,$38.81,0.37,$-2.32,0.0,$-0.87,0.0,$0.15B,$0.09B,1.77,$0.07B,$0.07B,0.99,$0.38B,$0.08B,21.52%,$0.38B,$0.01B,3.41%,$0.38B,$0.01B,3.41%,$0.38B,$0.03B,7.35%,$0.38B,$0.01B,1.84%,$0.38B,$-0.01B,-1.57%,$-0.01B,$0.07B,-8.19%,$-0.01B,$0.04B,-15.48%,$-0.01B,$0.24B,-2.63%,$0.01B,$0.15B,8.31%,$89,$72,$18,$0,$12,$87,$2,$-2,$0,$0,$0,$0,$0,$6,$2,$10,10,$0.02,$0.02,$1,$91,$0,$150,$32,$0,$32,$5,$87,$236,$85,$73,$5,$78,$163,$12,$45,$-1,$73,$236,$0,$3,$-0,$3,$7,$-9,$0,$4,$9,$12,$-1,$0,$0,$0,$0,$0,$0,$-1,$-12,$0,$-12,$0,$0,$0,$0,$-12,$0,$-0,$0
1,2018-06-30,18.99,$7.48,2.54,$38.11,0.5,$-5.90,0.0,$-1.18,0.0,$0.14B,$0.07B,2.12,$0.09B,$0.07B,1.15,$0.38B,$0.08B,21.33%,$0.38B,$0.01B,2.40%,$0.38B,$0.01B,2.40%,$0.38B,$0.02B,6.40%,$0.38B,$0.00B,1.07%,$0.38B,$-0.01B,-2.13%,$-0.01B,$0.07B,-10.67%,$-0.01B,$0.04B,-20.65%,$-0.01B,$0.23B,-3.52%,$0.01B,$0.16B,5.47%,$100,$78,$22,$0,$16,$99,$2,$-2,$-0,$-0,$-0,$-0,$-0,$5,$2,$10,10,$-0.03,$-0.03,$1,$72,$0,$142,$33,$0,$34,$5,$90,$232,$67,$85,$6,$91,$158,$12,$45,$-1,$74,$232,$-8,$15,$8,$23,$-15,$-12,$2,$-2,$-18,$-4,$-4,$0,$0,$0,$0,$0,$0,$-4,$10,$0,$10,$0,$0,$0,$-1,$8,$0,$-0,$0
2,2018-03-31,17.41,$7.55,2.31,$38.53,0.45,$-2.55,0.0,$-0.98,0.0,$0.14B,$0.05B,2.68,$0.10B,$0.07B,1.31,$0.38B,$0.08B,21.11%,$0.38B,$0.01B,3.17%,$0.38B,$0.01B,3.17%,$0.38B,$0.03B,7.12%,$0.38B,$0.01B,1.85%,$0.38B,$-0.01B,-1.58%,$-0.01B,$0.07B,-7.79%,$-0.01B,$0.04B,-15.38%,$-0.01B,$0.23B,-2.68%,$0.01B,$0.17B,7.31%,$94,$74,$20,$0,$13,$90,$4,$-1,$3,$1,$2,$2,$2,$8,$4,$10,10,$0.21,$0.21,$1,$70,$0,$140,$34,$0,$35,$5,$89,$229,$52,$97,$5,$103,$155,$12,$45,$-1,$74,$229,$-8,$11,$10,$21,$-20,$-10,$0,$-1,$-32,$-18,$-4,$0,$0,$0,$0,$0,$0,$-4,$22,$0,$22,$0,$0,$0,$-0,$22,$-0,$0,$0
3,2017-12-31,23.06,$7.33,3.15,$38.70,0.6,$0.79,29.18,$-1.00,0.0,$0.13B,$0.06B,2.09,$0.08B,$0.07B,1.1,$0.38B,$0.08B,20.26%,$0.38B,$0.01B,2.63%,$0.38B,$0.01B,2.63%,$0.38B,$0.02B,6.32%,$0.38B,$0.00B,1.05%,$0.38B,$-0.01B,-2.11%,$-0.01B,$0.07B,-10.22%,$-0.01B,$0.04B,-20.92%,$-0.01B,$0.22B,-3.58%,$0.01B,$0.15B,6.13%,$98,$76,$22,$0,$14,$93,$5,$-1,$4,$12,$-8,$-8,$-8,$9,$5,$10,10,$-0.82,$-0.82,$1,$65,$0,$125,$34,$0,$37,$5,$92,$217,$60,$79,$5,$85,$145,$12,$43,$-1,$72,$217,$-10,$7,$10,$18,$-9,$-5,$0,$-1,$-9,$-1,$-3,$0,$0,$0,$0,$0,$0,$-3,$4,$0,$4,$0,$0,$0,$-0,$4,$0,$0,$0
4,2017-09-30,23.21,$8.15,2.85,$38.69,0.6,$2.43,9.56,$-0.17,0.0,$0.13B,$0.05B,2.69,$0.10B,$0.08B,1.22,$0.38B,$0.07B,18.73%,$0.38B,$0.01B,1.32%,$0.38B,$0.01B,1.32%,$0.38B,$0.02B,5.01%,$0.38B,$-0.00B,-0.26%,$0.38B,$-0.00B,-0.26%,$-0.00B,$0.08B,-1.25%,$-0.00B,$0.04B,-2.63%,$-0.00B,$0.23B,-0.44%,$0.01B,$0.18B,3.00%,$83,$67,$16,$0,$15,$85,$-2,$-1,$-3,$-1,$-2,$-2,$-2,$2,$-2,$10,10,$-0.20,$-0.20,$0,$70,$0,$129,$33,$0,$39,$6,$103,$232,$48,$98,$5,$104,$152,$12,$51,$-1,$80,$232,$-2,$4,$0,$4,$-9,$-10,$0,$-2,$-25,$-23,$-0,$0,$0,$0,$0,$0,$0,$-0,$23,$0,$23,$0,$0,$0,$-0,$23,$-1,$0,$0
5,2017-06-30,21.99,$8.30,2.65,$40.54,0.54,$5.04,4.36,$0.13,169.15,$0.11B,$0.05B,2.04,$0.08B,$0.08B,0.91,$0.40B,$0.07B,18.18%,$0.40B,$0.01B,2.02%,$0.40B,$0.01B,2.02%,$0.40B,$0.02B,5.56%,$0.40B,$0.00B,0.51%,$0.40B,$0.00B,0.25%,$0.00B,$0.08B,1.25%,$0.00B,$0.04B,2.80%,$0.00B,$0.22B,0.44%,$0.01B,$0.16B,4.82%,$104,$83,$22,$0,$15,$100,$5,$-1,$3,$2,$2,$2,$2,$8,$5,$10,10,$0.17,$0.17,$1,$60,$0,$110,$34,$0,$41,$6,$107,$217,$54,$75,$5,$81,$135,$12,$53,$-1,$82,$217,$1,$15,$2,$17,$1,$18,$-1,$4,$13,$31,$-7,$0,$0,$0,$0,$0,$0,$-7,$-23,$0,$-23,$0,$0,$0,$-1,$-24,$1,$1,$0
6,2017-03-31,20.99,$8.03,2.61,$40.83,0.51,$6.86,3.06,$-4.34,0.0,$0.12B,$0.05B,2.22,$0.09B,$0.08B,1.11,$0.40B,$0.07B,17.79%,$0.40B,$-0.06B,-14.04%,$0.40B,$-0.06B,-14.04%,$0.40B,$0.02B,5.76%,$0.40B,$-0.06B,-15.54%,$0.40B,$-0.04B,-10.78%,$-0.04B,$0.08B,-54.43%,$-0.04B,$0.04B,-131.30%,$-0.04B,$0.23B,-18.47%,$-0.06B,$0.17B,-32.80%,$95,$78,$17,$0,$13,$94,$2,$-1,$0,$0,$0,$0,$0,$5,$2,$10,10,$0.04,$0.04,$1,$65,$0,$119,$34,$0,$43,$6,$108,$227,$54,$88,$6,$95,$148,$12,$51,$-2,$79,$227,$-0,$11,$1,$12,$-1,$13,$0,$1,$4,$16,$-5,$0,$0,$0,$0,$0,$0,$-5,$-10,$0,$-10,$0,$0,$0,$-0,$-10,$1,$1,$0
7,2016-12-31,23.85,$8.05,2.96,$41.55,0.57,$7.43,3.21,$-4.26,0.0,$0.11B,$0.05B,2.22,$0.09B,$0.08B,1.09,$0.41B,$0.07B,17.98%,$0.41B,$-0.06B,-13.55%,$0.41B,$-0.06B,-13.55%,$0.41B,$0.03B,6.16%,$0.41B,$-0.06B,-14.78%,$0.41B,$-0.04B,-10.34%,$-0.04B,$0.08B,-46.93%,$-0.04B,$0.03B,-168.00%,$-0.04B,$0.22B,-16.52%,$-0.06B,$0.17B,-28.91%,$97,$82,$16,$0,$13,$97,$0,$-1,$-1,$0,$-1,$-1,$-1,$4,$0,$10,10,$-0.09,$-0.09,$1,$60,$0,$113,$33,$0,$45,$6,$110,$223,$51,$86,$6,$93,$144,$12,$51,$-2,$79,$223,$-1,$8,$1,$9,$-1,$18,$0,$1,$7,$15,$-3,$0,$0,$0,$0,$0,$0,$-3,$-12,$0,$-12,$0,$0,$0,$-0,$-12,$0,$1,$0
8,2016-09-30,26.26,$8.05,3.26,$42.20,0.62,$7.20,3.65,$-4.14,0.0,$0.12B,$0.05B,2.34,$0.10B,$0.08B,1.22,$0.41B,$0.08B,18.40%,$0.41B,$-0.06B,-13.32%,$0.41B,$-0.06B,-13.32%,$0.41B,$0.03B,6.30%,$0.41B,$-0.06B,-14.29%,$0.41B,$-0.04B,-9.93%,$-0.04B,$0.08B,-41.10%,$-0.04B,$0.03B,-244.78%,$-0.04B,$0.24B,-14.83%,$-0.06B,$0.18B,-25.88%,$100,$83,$17,$0,$13,$99,$1,$-1,$0,$0,$0,$0,$0,$5,$1,$10,10,$0.01,$0.01,$1,$68,$0,$123,$33,$0,$47,$6,$112,$235,$52,$96,$6,$103,$156,$12,$52,$-2,$79,$235,$0,$4,$0,$4,$-1,$10,$0,$0,$-1,$3,$-1,$0,$0,$0,$0,$0,$0,$-1,$-1,$0,$-1,$0,$0,$0,$-0,$-2,$1,$0,$0
9,2016-06-30,21.77,$7.99,2.73,$42.86,0.51,$7.29,2.99,$-3.91,0.0,$0.13B,$0.06B,2.09,$0.10B,$0.08B,1.24,$0.42B,$0.08B,19.05%,$0.42B,$-0.05B,-12.38%,$0.42B,$-0.05B,-12.38%,$0.42B,$0.03B,6.90%,$0.42B,$-0.06B,-13.10%,$0.42B,$-0.04B,-9.29%,$-0.04B,$0.08B,-35.45%,$-0.04B,$0.03B,-410.53%,$-0.04B,$0.25B,-13.10%,$-0.05B,$0.18B,-22.29%,$107,$86,$21,$0,$13,$166,$-59,$-1,$-61,$-18,$-42,$-42,$-42,$9,$-59,$10,10,$-4.30,$-4.30,$0,$78,$0,$131,$33,$0,$50,$7,$115,$246,$62,$98,$6,$105,$167,$12,$52,$-2,$79,$246,$-38,$80,$-20,$60,$24,$-3,$0,$-2,$26,$48,$-6,$0,$0,$1,$0,$1,$0,$-5,$-57,$0,$-57,$-0,$-0,$0,$-1,$-58,$-15,$0,$0
10,2016-03-31,17.99,$12.27,1.47,$44.71,0.4,$2.85,6.32,$0.90,19.99,$0.16B,$0.06B,2.5,$0.12B,$0.12B,1.03,$0.44B,$0.09B,19.82%,$0.44B,$0.02B,3.64%,$0.44B,$0.02B,3.64%,$0.44B,$0.03B,7.52%,$0.44B,$0.01B,3.19%,$0.44B,$0.01B,1.82%,$0.01B,$0.12B,6.69%,$0.01B,$0.01B,533.33%,$0.01B,$0.31B,2.49%,$0.02B,$0.25B,6.23%,$102,$83,$19,$0,$14,$99,$3,$-1,$2,$1,$1,$1,$1,$7,$3,$10,10,$0.12,$0.12,$1,$80,$0,$155,$34,$0,$116,$6,$159,$313,$62,$124,$7,$131,$193,$12,$94,$-1,$121,$313,$4,$12,$-2,$10,$9,$-6,$0,$-4,$7,$21,$-5,$0,$1,$0,$0,$0,$0,$-4,$-31,$0,$-31,$-0,$-0,$0,$0,$-31,$-14,$-0,$0
11,2015-12-31,19.99,$12.16,1.64,$43.80,0.46,$2.06,9.72,$1.20,16.66,$0.15B,$0.05B,2.94,$0.13B,$0.12B,1.11,$0.43B,$0.09B,20.23%,$0.43B,$0.02B,4.19%,$0.43B,$0.02B,4.19%,$0.43B,$0.03B,7.91%,$0.43B,$0.02B,3.72%,$0.43B,$0.01B,2.56%,$0.01B,$0.12B,9.38%,$0.01B,$0.00B,133.33%,$0.01B,$0.31B,3.62%,$0.02B,$0.25B,7.38%,$104,$85,$19,$0,$14,$103,$0,$-1,$-0,$-1,$0,$0,$0,$5,$0,$10,10,$0.03,$0.03,$5,$77,$0,$150,$34,$0,$119,$7,$162,$312,$51,$134,$7,$141,$192,$12,$93,$-2,$120,$312,$3,$8,$-1,$7,$14,$-2,$0,$-2,$3,$13,$-3,$0,$1,$0,$0,$0,$0,$-3,$-21,$0,$-21,$-0,$-0,$0,$0,$-21,$-10,$1,$0
12,2015-09-30,21.4,$12.11,1.77,$41.86,0.51,$1.75,12.22,$1.33,16.09,$0.16B,$0.05B,2.98,$0.14B,$0.12B,1.16,$0.41B,$0.08B,20.15%,$0.41B,$0.02B,5.10%,$0.41B,$0.02B,5.10%,$0.41B,$0.03B,8.25%,$0.41B,$0.02B,4.37%,$0.41B,$0.01B,3.16%,$0.01B,$0.12B,11.38%,$0.01B,$0.00B,68.42%,$0.01B,$0.32B,4.68%,$0.02B,$0.26B,9.47%,$107,$86,$21,$0,$14,$102,$4,$-1,$4,$1,$2,$2,$2,$8,$4,$10,10,$0.24,$0.24,$2,$87,$0,$161,$33,$0,$116,$7,$159,$320,$54,$139,$7,$146,$200,$12,$92,$-2,$120,$320,$2,$4,$0,$4,$11,$-7,$0,$-4,$-2,$4,$-1,$0,$0,$0,$0,$0,$0,$-1,$-16,$0,$-16,$-0,$-0,$0,$0,$-16,$-13,$0,$0
13,2015-06-30,27.32,$11.82,2.31,$38.67,0.71,$3.21,8.5,$1.11,24.61,$0.17B,$0.06B,2.91,$0.16B,$0.12B,1.32,$0.38B,$0.08B,19.63%,$0.38B,$0.02B,4.71%,$0.38B,$0.02B,4.71%,$0.38B,$0.03B,7.85%,$0.38B,$0.01B,3.66%,$0.38B,$0.01B,2.88%,$0.01B,$0.12B,9.84%,$0.01B,$-0.00B,35.48%,$0.01B,$0.34B,4.41%,$0.02B,$0.27B,9.22%,$126,$98,$28,$0,$14,$118,$9,$-1,$8,$3,$5,$5,$5,$13,$9,$10,10,$0.50,$0.50,$15,$80,$0,$171,$33,$0,$120,$7,$167,$338,$59,$155,$7,$162,$221,$12,$90,$-1,$117,$338,$11,$12,$3,$15,$-7,$1,$0,$-4,$-22,$5,$-6,$0,$-97,$-1,$0,$-1,$0,$-104,$114,$0,$114,$-7,$-7,$0,$-0,$106,$7,$2,$0
14,2015-03-31,24.5,$11.29,2.17,$35.10,0.7,$4.23,5.79,$0.89,27.53,$0.13B,$0.04B,2.82,$0.08B,$0.11B,0.72,$0.35B,$0.07B,19.43%,$0.35B,$0.01B,4.00%,$0.35B,$0.01B,4.00%,$0.35B,$0.02B,6.86%,$0.35B,$0.01B,3.14%,$0.35B,$0.01B,2.57%,$0.01B,$0.11B,8.18%,$0.01B,$0.03B,19.05%,$0.01B,$0.24B,4.19%,$0.01B,$0.19B,8.48%,$93,$74,$19,$0,$12,$88,$5,$-0,$4,$0,$4,$4,$4,$8,$5,$10,10,$0.42,$0.42,$6,$64,$0,$125,$30,$0,$80,$6,$118,$244,$44,$80,$7,$87,$132,$12,$85,$-1,$112,$244,$6,$8,$-0,$8,$7,$-4,$0,$-4,$-2,$12,$-4,$0,$-42,$-1,$0,$-1,$0,$-47,$39,$0,$39,$-7,$-7,$0,$-0,$32,$-2,$2,$0
15,2014-12-31,28.34,$10.86,2.61,$33.85,0.84,$4.64,6.11,$0.89,31.84,$0.11B,$0.04B,3.06,$0.06B,$0.11B,0.54,$0.34B,$0.07B,19.06%,$0.34B,$0.02B,4.40%,$0.34B,$0.02B,4.40%,$0.34B,$0.03B,7.33%,$0.34B,$0.01B,3.81%,$0.34B,$0.01B,2.64%,$0.01B,$0.11B,8.29%,$0.01B,$0.04B,16.82%,$0.01B,$0.21B,4.46%,$0.02B,$0.17B,9.85%,$86,$70,$15,$0,$11,$83,$3,$-0,$2,$1,$2,$2,$2,$5,$3,$10,10,$0.16,$0.16,$3,$56,$0,$109,$29,$0,$64,$6,$100,$209,$36,$59,$7,$66,$102,$12,$81,$-1,$108,$209,$2,$6,$0,$6,$13,$1,$0,$-4,$1,$9,$-2,$0,$-22,$-1,$0,$-1,$0,$-25,$18,$0,$18,$-6,$-6,$0,$-0,$11,$-5,$1,$0
16,2014-09-30,24.65,$10.93,2.26,$33.56,0.73,$5.03,4.9,$1.07,23.04,$0.11B,$0.05B,2.36,$0.04B,$0.11B,0.38,$0.34B,$0.07B,19.12%,$0.34B,$0.02B,5.00%,$0.34B,$0.02B,5.00%,$0.34B,$0.03B,7.94%,$0.34B,$0.02B,4.71%,$0.34B,$0.01B,2.94%,$0.01B,$0.11B,9.35%,$0.01B,$0.05B,17.39%,$0.01B,$0.21B,5.12%,$0.02B,$0.15B,11.91%,$77,$64,$13,$0,$11,$76,$1,$-1,$0,$0,$0,$0,$0,$4,$1,$10,10,$0.02,$0.02,$7,$57,$0,$112,$29,$0,$59,$5,$95,$207,$48,$42,$8,$50,$97,$13,$79,$-1,$110,$207,$0,$3,$-1,$2,$13,$2,$0,$6,$16,$19,$-1,$0,$-18,$0,$0,$0,$0,$-19,$1,$0,$1,$-2,$-2,$0,$-0,$-1,$-1,$0,$0
17,2014-06-30,27.74,$10.87,2.55,$33.20,0.84,$2.70,10.26,$1.28,21.67,$0.12B,$0.04B,2.84,$0.04B,$0.11B,0.36,$0.34B,$0.06B,18.99%,$0.34B,$0.02B,5.64%,$0.34B,$0.02B,5.64%,$0.34B,$0.03B,8.31%,$0.34B,$0.02B,5.64%,$0.34B,$0.01B,3.56%,$0.01B,$0.11B,11.54%,$0.01B,$0.06B,19.35%,$0.01B,$0.20B,6.38%,$0.02B,$0.15B,13.92%,$94,$72,$21,$0,$11,$89,$5,$-0,$5,$2,$3,$3,$3,$7,$5,$10,10,$0.29,$0.29,$8,$53,$0,$117,$29,$0,$48,$4,$82,$199,$41,$40,$8,$48,$89,$13,$79,$-1,$110,$199,$13,$8,$5,$13,$5,$1,$0,$-17,$-14,$12,$-3,$0,$-36,$0,$0,$0,$0,$-39,$29,$0,$29,$-1,$-1,$0,$1,$28,$2,$2,$0
18,2014-03-31,29.28,$10.52,2.78,$31.97,0.92,$1.75,16.75,$1.66,17.64,$0.11B,$0.05B,2.27,$0.04B,$0.11B,0.33,$0.33B,$0.06B,18.15%,$0.33B,$0.02B,6.77%,$0.33B,$0.02B,6.77%,$0.33B,$0.03B,9.23%,$0.33B,$0.02B,6.77%,$0.33B,$0.02B,4.62%,$0.02B,$0.11B,14.93%,$0.02B,$0.06B,23.35%,$0.02B,$0.19B,8.34%,$0.02B,$0.14B,17.50%,$84,$68,$16,$0,$9,$78,$6,$-0,$6,$2,$4,$4,$4,$9,$6,$10,10,$0.42,$0.42,$8,$51,$0,$112,$29,$0,$50,$3,$81,$193,$49,$35,$2,$37,$87,$13,$76,$-1,$106,$193,$10,$6,$2,$8,$7,$3,$0,$-15,$-2,$15,$-2,$0,$-36,$0,$0,$0,$0,$-38,$25,$0,$25,$-1,$-1,$0,$0,$24,$1,$1,$0
19,2013-12-31,27.95,$10.06,2.78,$30.05,0.93,$-0.41,0.0,$1.38,20.25,$0.11B,$0.05B,2.04,$0.03B,$0.10B,0.26,$0.31B,$0.05B,17.32%,$0.31B,$0.02B,5.88%,$0.31B,$0.02B,5.88%,$0.31B,$0.03B,8.17%,$0.31B,$0.02B,5.88%,$0.31B,$0.01B,4.25%,$0.01B,$0.10B,13.47%,$0.01B,$0.06B,19.70%,$0.01B,$0.18B,7.62%,$0.02B,$0.13B,15.42%,$85,$70,$15,$0,$9,$79,$5,$-0,$5,$2,$3,$3,$3,$7,$5,$10,10,$0.34,$0.34,$1,$52,$0,$105,$29,$0,$42,$3,$77,$183,$52,$26,$3,$29,$81,$13,$72,$-1,$102,$183,$6,$4,$1,$4,$8,$2,$0,$-3,$2,$12,$-1,$0,$-30,$0,$0,$0,$0,$-32,$15,$0,$15,$-1,$-1,$0,$0,$14,$-5,$1,$0
20,2013-09-30,25.5,$9.66,2.64,$28.27,0.9,$-2.54,0.0,$1.47,17.35,$0.12B,$0.05B,2.47,$0.03B,$0.10B,0.31,$0.29B,$0.05B,17.36%,$0.29B,$0.02B,5.90%,$0.29B,$0.02B,5.90%,$0.29B,$0.02B,7.99%,$0.29B,$0.02B,5.90%,$0.29B,$0.02B,5.21%,$0.02B,$0.10B,16.13%,$0.02B,$0.07B,22.56%,$0.02B,$0.18B,9.09%,$0.02B,$0.13B,15.85%,$74,$62,$12,$0,$8,$71,$3,$-0,$3,$1,$2,$2,$2,$5,$3,$10,10,$0.23,$0.23,$3,$56,$0,$115,$29,$0,$29,$1,$62,$177,$46,$30,$3,$33,$79,$13,$68,$-1,$98,$177,$2,$2,$-0,$1,$3,$-1,$0,$-7,$-9,$-5,$-0,$0,$-15,$0,$0,$0,$0,$-15,$18,$0,$18,$-2,$-2,$0,$0,$17,$-3,$0,$0
21,2013-06-30,17.24,$9.52,1.81,$25.91,0.67,$-2.33,0.0,$1.33,12.96,$0.11B,$0.06B,1.92,$0.01B,$0.10B,0.12,$0.27B,$0.05B,17.36%,$0.27B,$0.02B,6.04%,$0.27B,$0.02B,6.04%,$0.27B,$0.02B,7.92%,$0.27B,$0.02B,6.04%,$0.27B,$0.01B,5.28%,$0.01B,$0.10B,15.64%,$0.01B,$0.07B,20.59%,$0.01B,$0.17B,8.97%,$0.02B,$0.11B,16.54%,$82,$66,$16,$0,$7,$74,$8,$-0,$8,$2,$6,$6,$6,$9,$8,$10,10,$0.56,$0.56,$6,$46,$0,$107,$29,$0,$25,$1,$59,$166,$55,$11,$3,$14,$70,$13,$66,$-1,$96,$166,$13,$5,$1,$6,$-12,$-1,$0,$-4,$-17,$3,$-4,$0,$-48,$0,$0,$0,$0,$-51,$10,$0,$10,$-2,$-2,$0,$-0,$7,$-41,$1,$0
22,2013-03-31,13.4,$8.83,1.52,$24.21,0.55,$-0.02,0.0,$1.06,12.64,$0.10B,$0.05B,2.01,$0.01B,$0.09B,0.16,$0.25B,$0.04B,17.41%,$0.25B,$0.02B,6.07%,$0.25B,$0.02B,6.07%,$0.25B,$0.02B,7.69%,$0.25B,$0.02B,6.07%,$0.25B,$0.01B,4.86%,$0.01B,$0.09B,13.95%,$0.01B,$0.06B,17.52%,$0.01B,$0.16B,7.96%,$0.02B,$0.11B,16.48%,$65,$55,$10,$0,$7,$63,$2,$0,$2,$1,$2,$2,$2,$4,$2,$10,10,$0.15,$0.15,$5,$47,$0,$96,$29,$0,$26,$1,$60,$156,$48,$14,$3,$18,$66,$13,$59,$-2,$90,$156,$8,$3,$2,$5,$-1,$-3,$0,$-17,$-20,$-6,$-3,$0,$-45,$0,$0,$0,$-1,$-49,$-10,$22,$13,$-0,$-0,$0,$-0,$12,$-43,$1,$0
23,2012-12-31,13.87,$8.64,1.6,$23.30,0.6,$1.19,11.67,$1.12,12.38,$0.10B,$0.07B,1.49,$0.00B,$0.09B,0.02,$0.24B,$0.04B,17.72%,$0.24B,$0.02B,6.75%,$0.24B,$0.02B,6.75%,$0.24B,$0.02B,8.02%,$0.24B,$0.02B,6.75%,$0.24B,$0.01B,5.06%,$0.01B,$0.09B,14.41%,$0.01B,$0.06B,17.20%,$0.01B,$0.16B,8.30%,$0.02B,$0.09B,18.88%,$67,$55,$12,$0,$7,$63,$4,$-0,$4,$-1,$5,$5,$5,$5,$4,$10,10,$0.47,$0.47,$7,$45,$0,$100,$29,$0,$27,$1,$61,$161,$67,$1,$3,$5,$73,$13,$57,$-2,$88,$161,$6,$1,$2,$3,$-4,$-2,$0,$-9,$-19,$-9,$-2,$0,$-43,$0,$0,$0,$-1,$-45,$-0,$14,$14,$-0,$-0,$0,$-0,$13,$-41,$1,$0
24,2012-09-30,12.65,$8.17,1.55,$22.10,0.57,$2.78,4.55,$0.88,14.38,$0.11B,$0.05B,2.16,$0.00B,$0.08B,0.02,$0.23B,$0.04B,17.33%,$0.23B,$0.02B,6.67%,$0.23B,$0.02B,6.67%,$0.23B,$0.02B,7.56%,$0.23B,$0.02B,6.67%,$0.23B,$0.01B,4.00%,$0.01B,$0.08B,11.15%,$0.01B,$0.08B,12.63%,$0.01B,$0.14B,6.61%,$0.02B,$0.09B,18.29%,$51,$43,$8,$0,$5,$49,$2,$0,$2,$1,$1,$1,$1,$3,$2,$10,10,$0.14,$0.14,$43,$38,$0,$111,$15,$0,$9,$0,$29,$141,$51,$2,$3,$6,$57,$13,$53,$-2,$84,$141,$1,$0,$1,$1,$4,$-3,$0,$-3,$-5,$-3,$-1,$0,$0,$0,$0,$0,$0,$-1,$-0,$0,$-0,$-0,$-0,$0,$0,$-0,$-4,$0,$0
25,2012-06-30,9.9,$8.16,1.21,$22.13,0.45,$3.38,2.93,$0.94,10.53,$0.12B,$0.06B,2.05,$0.00B,$0.08B,0.02,$0.23B,$0.04B,17.26%,$0.23B,$0.02B,6.64%,$0.23B,$0.02B,6.64%,$0.23B,$0.02B,7.52%,$0.23B,$0.02B,6.64%,$0.23B,$0.01B,4.42%,$0.01B,$0.08B,12.66%,$0.01B,$0.07B,14.44%,$0.01B,$0.15B,7.45%,$0.02B,$0.08B,18.69%,$64,$51,$13,$0,$6,$58,$7,$0,$7,$2,$4,$4,$4,$7,$7,$10,10,$0.43,$0.42,$47,$35,$0,$116,$14,$0,$9,$0,$29,$145,$56,$2,$3,$6,$62,$13,$52,$-2,$82,$145,$10,$2,$5,$6,$-6,$4,$0,$12,$11,$27,$-4,$0,$0,$0,$2,$2,$0,$-2,$-0,$0,$-0,$-3,$-3,$0,$0,$-2,$22,$1,$0
26,2012-03-31,9.6,$7.82,1.23,$21.78,0.44,$1.46,6.6,$0.47,20.43,$0.10B,$0.05B,2.13,$0.00B,$0.08B,0.02,$0.22B,$0.04B,16.14%,$0.22B,$-0.00B,-1.79%,$0.22B,$-0.00B,-1.79%,$0.22B,$0.02B,6.73%,$0.22B,$-0.00B,-1.79%,$0.22B,$0.01B,2.24%,$0.01B,$0.08B,6.47%,$0.01B,$0.07B,7.41%,$0.01B,$0.13B,3.88%,$-0.00B,$0.08B,-5.10%,$55,$46,$9,$0,$6,$52,$3,$-0,$3,$1,$2,$2,$2,$4,$3,$10,10,$0.20,$0.20,$27,$39,$0,$102,$14,$0,$9,$1,$29,$131,$48,$2,$4,$5,$53,$13,$48,$-1,$79,$131,$5,$1,$4,$5,$-8,$-1,$0,$5,$-4,$6,$-3,$0,$0,$0,$2,$2,$0,$-1,$-0,$0,$-0,$-3,$-3,$0,$0,$-3,$2,$1,$0
27,2011-12-31,8.7,$7.61,1.14,$21.23,0.41,$1.63,5.33,$0.52,16.73,$0.10B,$0.05B,2.22,$0.00B,$0.08B,0.02,$0.22B,$0.04B,16.06%,$0.22B,$-0.00B,-1.83%,$0.22B,$-0.00B,-1.83%,$0.22B,$0.01B,6.42%,$0.22B,$-0.00B,-1.83%,$0.22B,$0.01B,2.75%,$0.01B,$0.08B,7.92%,$0.01B,$0.07B,9.68%,$0.01B,$0.13B,4.66%,$-0.00B,$0.08B,-5.18%,$55,$47,$9,$0,$6,$52,$3,$0,$3,$1,$2,$2,$2,$3,$3,$10,10,$0.19,$0.19,$31,$39,$0,$99,$13,$0,$9,$1,$29,$128,$45,$2,$4,$5,$50,$13,$46,$-1,$78,$128,$3,$1,$3,$3,$-1,$0,$6,$-1,$1,$8,$-2,$0,$0,$0,$2,$2,$0,$-0,$-0,$0,$-0,$-1,$-1,$0,$0,$-1,$6,$1,$0
28,2011-09-30,6.28,$7.41,0.85,$20.39,0.31,$1.53,4.11,$0.47,13.36,$0.11B,$0.05B,2.07,$0.00B,$0.08B,0.02,$0.21B,$0.03B,16.27%,$0.21B,$-0.01B,-2.39%,$0.21B,$-0.01B,-2.39%,$0.21B,$0.01B,6.22%,$0.21B,$-0.01B,-2.39%,$0.21B,$0.01B,2.39%,$0.01B,$0.08B,6.78%,$0.01B,$0.07B,8.81%,$0.01B,$0.13B,3.89%,$-0.01B,$0.08B,-6.62%,$52,$43,$8,$0,$5,$49,$2,$-0,$2,$1,$2,$2,$2,$3,$2,$10,10,$0.15,$0.15,$27,$42,$0,$105,$12,$0,$9,$1,$28,$133,$51,$2,$4,$5,$56,$13,$44,$-1,$77,$133,$2,$0,$1,$2,$-5,$-3,$12,$-0,$0,$3,$-1,$0,$0,$0,$0,$0,$0,$-1,$-0,$0,$-0,$-0,$-0,$0,$0,$-0,$2,$0,$0
29,2011-06-30,10.22,$7.33,1.39,$19.85,0.51,$1.73,5.9,$0.72,14.19,$0.09B,$0.04B,2.22,$0.00B,$0.08B,0.02,$0.20B,$0.03B,16.26%,$0.20B,$-0.00B,-1.48%,$0.20B,$-0.00B,-1.48%,$0.20B,$0.02B,7.39%,$0.20B,$-0.00B,-1.48%,$0.20B,$0.01B,3.45%,$0.01B,$0.08B,9.76%,$0.01B,$0.07B,13.66%,$0.01B,$0.12B,5.48%,$-0.00B,$0.08B,-4.08%,$61,$51,$10,$0,$5,$73,$-12,$-0,$-12,$-12,$-1,$-1,$-1,$5,$-12,$10,10,$-0.07,$-0.07,$25,$39,$0,$93,$11,$0,$10,$3,$29,$123,$42,$2,$4,$5,$48,$13,$42,$-1,$75,$123,$7,$18,$-13,$6,$-5,$0,$0,$-8,$-11,$2,$1,$0,$-13,$0,$0,$0,$3,$-9,$-0,$0,$-0,$0,$0,$0,$0,$0,$-6,$1,$0
30,2011-03-31,7.77,$7.16,1.09,$17.91,0.43,$3.54,2.19,$1.00,7.77,$0.09B,$0.05B,1.88,$0.00B,$0.07B,0.02,$0.18B,$0.03B,15.38%,$0.18B,$0.01B,6.04%,$0.18B,$0.01B,6.04%,$0.18B,$0.01B,7.14%,$0.18B,$0.01B,6.04%,$0.18B,$0.01B,5.49%,$0.01B,$0.07B,14.49%,$0.01B,$0.05B,22.35%,$0.01B,$0.13B,7.87%,$0.01B,$0.08B,15.55%,$50,$42,$8,$0,$5,$48,$3,$-0,$3,$0,$3,$3,$3,$3,$3,$10,10,$0.25,$0.25,$26,$40,$0,$91,$11,$0,$27,$3,$40,$131,$48,$2,$4,$9,$58,$13,$43,$-3,$73,$131,$8,$1,$-1,$-0,$-3,$-2,$-2,$-1,$-5,$3,$2,$0,$-13,$0,$0,$0,$3,$-8,$-0,$0,$-0,$0,$0,$0,$0,$-0,$-4,$1,$0
31,2010-12-31,8.25,$6.89,1.2,$16.87,0.49,$3.47,2.38,$0.82,10.06,$0.09B,$0.05B,1.92,$0.00B,$0.07B,0.03,$0.17B,$0.03B,15.20%,$0.17B,$0.01B,4.68%,$0.17B,$0.01B,4.68%,$0.17B,$0.01B,6.43%,$0.17B,$0.01B,5.26%,$0.17B,$0.01B,4.68%,$0.01B,$0.07B,12.08%,$0.01B,$0.05B,18.82%,$0.01B,$0.13B,6.57%,$0.01B,$0.07B,11.81%,$46,$39,$8,$0,$6,$45,$2,$-0,$2,$0,$1,$1,$1,$2,$2,$10,10,$0.14,$0.14,$30,$35,$4,$90,$10,$0,$24,$3,$37,$127,$47,$2,$4,$10,$56,$13,$41,$-3,$70,$127,$6,$1,$-2,$-1,$-1,$2,$1,$-1,$1,$6,$-1,$0,$-8,$0,$0,$0,$3,$-7,$-0,$0,$-0,$0,$0,$0,$0,$-0,$-1,$0,$0
32,2010-09-30,6.09,$6.73,0.91,$17.09,0.36,$3.08,1.98,$1.01,6.03,$0.09B,$0.05B,1.8,$0.00B,$0.07B,0.03,$0.17B,$0.03B,15.12%,$0.17B,$0.01B,4.07%,$0.17B,$0.01B,4.07%,$0.17B,$0.01B,6.40%,$0.17B,$0.01B,4.65%,$0.17B,$0.01B,5.81%,$0.01B,$0.07B,15.63%,$0.01B,$0.05B,24.84%,$0.01B,$0.13B,8.44%,$0.01B,$0.07B,10.73%,$46,$39,$7,$0,$5,$42,$4,$-0,$4,$-0,$4,$4,$4,$5,$4,$10,10,$0.41,$0.41,$30,$37,$4,$94,$10,$0,$24,$3,$36,$130,$52,$2,$4,$10,$62,$13,$39,$-3,$69,$130,$4,$0,$-2,$-2,$-3,$1,$3,$-0,$2,$5,$-0,$0,$-8,$0,$0,$0,$-0,$-8,$-0,$0,$-0,$0,$0,$0,$0,$-0,$-3,$0,$0
33,2010-06-30,5.03,$6.30,0.8,$17.44,0.29,$3.15,1.6,$0.75,6.71,$0.08B,$0.05B,1.82,$0.00B,$0.06B,0.03,$0.17B,$0.03B,14.94%,$0.17B,$0.01B,2.87%,$0.17B,$0.01B,2.87%,$0.17B,$0.01B,4.60%,$0.17B,$0.01B,2.87%,$0.17B,$0.01B,4.02%,$0.01B,$0.06B,11.52%,$0.01B,$0.04B,18.79%,$0.01B,$0.12B,6.00%,$0.01B,$0.07B,8.03%,$40,$35,$5,$0,$3,$38,$2,$-0,$2,$0,$2,$2,$2,$3,$2,$10,10,$0.21,$0.21,$34,$27,$4,$84,$9,$0,$24,$3,$36,$120,$46,$2,$4,$9,$56,$13,$35,$-3,$64,$120,$7,$1,$1,$1,$20,$12,$-4,$1,$10,$20,$2,$0,$-2,$0,$1,$1,$-3,$-4,$-6,$-16,$-6,$0,$0,$0,$-1,$-22,$-6,$1,$0
34,2010-03-31,5.9,$0.00,0.0,$19.49,0.3,$4.83,1.22,$-0.37,0.0,$0.07B,$0.04B,1.9,$0.00B,$0.06B,0.03,$0.19B,$0.03B,13.47%,$0.19B,$-0.01B,-2.59%,$0.19B,$-0.01B,-2.59%,$0.19B,$-0.00B,-1.55%,$0.19B,$-0.00B,-2.07%,$0.19B,$-0.00B,-2.07%,$-0.00B,$0.06B,-6.84%,$-0.00B,$0.04B,-11.35%,$-0.00B,$0.11B,-3.19%,$-0.01B,$0.06B,-8.30%,$39,$33,$6,$0,$4,$38,$0,$0,$1,$-0,$1,$1,$1,$1,$0,$10,10,$0.07,$0.07,$16,$29,$8,$71,$0,$0,$24,$6,$30,$110,$38,$2,$8,$11,$48,$12,$33,$0,$62,$110,$5,$1,$2,$3,$20,$10,$-13,$0,$-4,$5,$-1,$0,$-1,$0,$1,$1,$-3,$-4,$-4,$-16,$-20,$0,$0,$0,$-1,$-21,$-20,$0,$0
35,2009-12-31,6.04,$0.00,0.0,$21.35,0.28,$4.85,1.24,$-0.52,0.0,$0.08B,$0.04B,1.79,$0.00B,$0.06B,0.03,$0.21B,$0.03B,11.96%,$0.21B,$-0.00B,-1.91%,$0.21B,$-0.00B,-1.91%,$0.21B,$-0.00B,-1.44%,$0.21B,$-0.01B,-2.87%,$0.21B,$-0.01B,-2.87%,$-0.01B,$0.06B,-10.26%,$-0.01B,$0.04B,-16.78%,$-0.01B,$0.11B,-4.55%,$-0.00B,$0.06B,-6.53%,$47,$39,$8,$0,$5,$46,$1,$-0,$1,$-2,$3,$3,$3,$2,$1,$10,10,$0.33,$0.33,$12,$32,$11,$77,$0,$0,$23,$6,$29,$114,$43,$2,$8,$11,$54,$12,$32,$0,$61,$114,$5,$1,$-1,$0,$16,$7,$-5,$-1,$-4,$1,$-0,$0,$-1,$0,$0,$0,$-3,$-4,$-4,$-16,$-20,$0,$0,$0,$-1,$-21,$-24,$0,$0
36,2009-09-30,4.15,$0.00,0.0,$22.08,0.19,$5.11,0.81,$-1.13,0.0,$0.09B,$0.06B,1.58,$0.00B,$0.06B,0.03,$0.22B,$0.02B,9.68%,$0.22B,$-0.01B,-2.76%,$0.22B,$-0.01B,-2.76%,$0.22B,$-0.01B,-2.76%,$0.22B,$-0.01B,-4.61%,$0.22B,$-0.01B,-5.53%,$-0.01B,$0.06B,-20.17%,$-0.01B,$0.03B,-32.43%,$-0.01B,$0.12B,-8.71%,$-0.01B,$0.06B,-9.49%,$48,$41,$7,$0,$5,$46,$2,$-0,$1,$0,$1,$1,$1,$2,$2,$10,10,$0.14,$0.14,$21,$35,$7,$88,$0,$0,$23,$3,$26,$123,$56,$2,$8,$11,$67,$12,$29,$0,$56,$123,$1,$0,$1,$1,$14,$3,$-2,$0,$3,$5,$-0,$0,$-1,$0,$0,$0,$0,$-1,$-3,$-16,$-19,$0,$0,$0,$-1,$-20,$-16,$0,$0
37,2009-06-30,2.9,$5.52,0.53,$22.71,0.13,$4.34,0.67,$-1.61,0.0,$0.12B,$0.09B,1.38,$0.00B,$0.06B,0.06,$0.22B,$0.02B,7.17%,$0.22B,$-0.01B,-4.93%,$0.22B,$-0.01B,-4.93%,$0.22B,$-0.01B,-4.48%,$0.22B,$-0.01B,-6.28%,$0.22B,$-0.02B,-7.17%,$-0.02B,$0.06B,-25.60%,$-0.02B,$0.03B,-40.00%,$-0.02B,$0.16B,-11.31%,$-0.01B,$0.06B,-16.30%,$59,$54,$5,$0,$12,$67,$-8,$0,$-7,$1,$-9,$-9,$-9,$-8,$-8,$10,10,$-0.91,$-0.91,$36,$38,$7,$120,$39,$0,$23,$2,$64,$155,$87,$3,$9,$13,$100,$12,$28,$-5,$55,$155,$-16,$2,$7,$2,$-8,$25,$25,$1,$44,$38,$-1,$0,$-1,$0,$0,$0,$0,$-2,$-5,$2,$-5,$0,$0,$0,$0,$-3,$33,$0,$0
38,2009-03-31,1.58,$0.00,0.0,$22.56,0.07,$-0.45,0.0,$-1.77,0.0,$0.10B,$0.06B,1.69,$0.01B,$0.06B,0.08,$0.22B,$0.01B,5.86%,$0.22B,$-0.01B,-2.70%,$0.22B,$-0.01B,-2.70%,$0.22B,$-0.00B,-1.80%,$0.22B,$-0.01B,-4.50%,$0.22B,$-0.02B,-7.66%,$-0.02B,$0.06B,-25.56%,$-0.02B,$0.04B,-38.64%,$-0.02B,$0.14B,-12.27%,$-0.01B,$0.07B,-8.25%,$55,$50,$5,$0,$4,$54,$1,$-1,$-1,$0,$-1,$-1,$-1,$1,$1,$10,10,$-0.08,$-0.08,$6,$51,$8,$99,$0,$0,$22,$2,$25,$136,$59,$5,$10,$15,$73,$12,$37,$0,$62,$136,$-7,$1,$0,$1,$0,$0,$0,$0,$8,$5,$-1,$0,$0,$0,$0,$0,$0,$-1,$0,$2,$-3,$0,$0,$0,$0,$-1,$3,$0,$0
39,2008-12-31,1.66,$0.00,0.0,$22.34,0.07,$-1.43,0.0,$-1.63,0.0,$0.10B,$0.06B,1.69,$0.01B,$0.07B,0.08,$0.23B,$0.01B,5.78%,$0.23B,$-0.01B,-3.11%,$0.23B,$-0.01B,-3.11%,$0.23B,$-0.01B,-2.22%,$0.23B,$-0.01B,-4.44%,$0.23B,$-0.02B,-6.67%,$-0.02B,$0.07B,-20.83%,$-0.02B,$0.04B,-30.30%,$-0.02B,$0.14B,-10.60%,$-0.01B,$0.07B,-8.81%,$55,$51,$4,$0,$5,$56,$-1,$-2,$-3,$-0,$-3,$-3,$-3,$-1,$-1,$10,10,$-0.28,$-0.28,$6,$56,$8,$100,$0,$0,$22,$2,$26,$137,$59,$5,$8,$13,$72,$12,$37,$0,$65,$137,$-6,$1,$0,$1,$0,$0,$0,$0,$8,$4,$-1,$0,$0,$0,$0,$0,$-0,$-1,$0,$2,$-3,$0,$0,$0,$0,$-1,$3,$0,$0
40,2008-09-30,2.51,$0.00,0.0,$22.47,0.11,$-1.67,0.0,$-1.54,0.0,$0.09B,$0.06B,1.69,$0.01B,$0.07B,0.11,$0.23B,$0.01B,5.78%,$0.23B,$-0.01B,-3.11%,$0.23B,$-0.01B,-3.11%,$0.23B,$-0.01B,-2.22%,$0.23B,$-0.01B,-4.00%,$0.23B,$-0.01B,-6.22%,$-0.01B,$0.07B,-18.30%,$-0.01B,$0.05B,-25.93%,$-0.01B,$0.14B,-9.82%,$-0.01B,$0.08B,-8.21%,$54,$52,$2,$0,$5,$57,$-3,$-0,$-3,$0,$-3,$-3,$-3,$-2,$-3,$10,10,$-0.34,$-0.34,$2,$62,$1,$92,$0,$0,$23,$4,$28,$138,$55,$8,$8,$15,$70,$12,$40,$0,$68,$138,$-3,$0,$0,$0,$0,$0,$0,$0,$1,$-2,$-1,$0,$0,$0,$0,$0,$0,$-1,$0,$2,$-1,$0,$0,$0,$0,$1,$-1,$0,$0
41,2008-06-30,4.2,$7.22,0.58,$23.01,0.18,$-1.54,0.0,$-1.34,0.0,$0.10B,$0.06B,1.74,$0.01B,$0.07B,0.11,$0.23B,$0.01B,5.65%,$0.23B,$-0.01B,-3.04%,$0.23B,$-0.01B,-3.04%,$0.23B,$-0.01B,-2.17%,$0.23B,$-0.01B,-3.48%,$0.23B,$-0.01B,-5.22%,$-0.01B,$0.07B,-14.86%,$-0.01B,$0.05B,-20.51%,$-0.01B,$0.14B,-8.44%,$-0.01B,$0.08B,-7.71%,$58,$56,$2,$0,$4,$61,$-3,$-0,$-3,$7,$-10,$-10,$-10,$-2,$-3,$10,10,$-1.07,$-1.07,$3,$63,$1,$98,$48,$0,$23,$4,$75,$143,$56,$8,$8,$16,$72,$12,$44,$-5,$71,$143,$-13,$2,$8,$2,$-6,$-10,$0,$-0,$-6,$-9,$-0,$0,$0,$0,$0,$0,$0,$-0,$-4,$13,$-4,$0,$0,$0,$0,$9,$-1,$0,$0
42,2008-03-31,4.12,$0.00,0.0,$22.41,0.18,$-2.17,0.0,$-0.44,0.0,$0.10B,$0.05B,2.01,$0.01B,$0.08B,0.11,$0.22B,$0.01B,5.38%,$0.22B,$-0.01B,-3.59%,$0.22B,$-0.01B,-3.59%,$0.22B,$-0.01B,-2.69%,$0.22B,$-0.01B,-3.59%,$0.22B,$-0.00B,-1.79%,$-0.00B,$0.08B,-4.73%,$-0.00B,$0.06B,-6.40%,$-0.00B,$0.15B,-2.84%,$-0.01B,$0.09B,-8.36%,$58,$54,$5,$0,$5,$59,$-0,$-0,$-1,$-2,$1,$1,$1,$0,$-0,$11,11,$0.06,$0.06,$4,$63,$3,$97,$0,$0,$22,$4,$33,$148,$48,$10,$6,$15,$64,$12,$54,$0,$84,$148,$-3,$2,$0,$2,$0,$0,$0,$0,$-5,$-6,$0,$0,$0,$0,$0,$0,$0,$1,$0,$8,$-2,$0,$0,$0,$0,$5,$-0,$0,$0
43,2007-12-31,4.94,$0.00,0.0,$21.69,0.23,$-3.17,0.0,$-0.73,0.0,$0.09B,$0.04B,2.18,$0.01B,$0.08B,0.12,$0.21B,$0.01B,3.76%,$0.21B,$-0.01B,-5.63%,$0.21B,$-0.01B,-5.63%,$0.21B,$-0.01B,-4.23%,$0.21B,$-0.01B,-5.16%,$0.21B,$-0.01B,-3.29%,$-0.01B,$0.08B,-8.14%,$-0.01B,$0.06B,-10.94%,$-0.01B,$0.14B,-5.09%,$-0.01B,$0.09B,-12.21%,$55,$51,$4,$0,$5,$56,$-1,$-0,$-2,$0,$-2,$-2,$-2,$-1,$-1,$10,10,$-0.19,$-0.19,$7,$54,$4,$92,$0,$0,$22,$4,$32,$141,$42,$10,$6,$16,$58,$12,$53,$0,$83,$141,$-3,$1,$0,$1,$0,$0,$0,$0,$1,$0,$1,$0,$0,$0,$0,$0,$0,$1,$0,$4,$-2,$0,$0,$0,$0,$2,$3,$0,$0
44,2007-09-30,4.65,$0.00,0.0,$21.48,0.22,$-4.34,0.0,$-0.68,0.0,$0.09B,$0.04B,2.5,$0.01B,$0.09B,0.14,$0.21B,$0.01B,3.32%,$0.21B,$-0.01B,-5.69%,$0.21B,$-0.01B,-5.69%,$0.21B,$-0.01B,-3.79%,$0.21B,$-0.01B,-5.21%,$0.21B,$-0.01B,-2.84%,$-0.01B,$0.09B,-6.80%,$-0.01B,$0.06B,-9.06%,$-0.01B,$0.14B,-4.36%,$-0.01B,$0.10B,-11.79%,$59,$57,$2,$0,$4,$62,$-3,$1,$-2,$-1,$-1,$-1,$-1,$-2,$-3,$10,10,$-0.14,$-0.14,$6,$53,$3,$88,$0,$0,$23,$4,$32,$137,$35,$12,$6,$17,$52,$12,$55,$0,$85,$137,$-1,$1,$0,$1,$0,$0,$0,$0,$-2,$-2,$1,$0,$0,$0,$0,$0,$-0,$1,$0,$4,$-1,$0,$0,$0,$0,$3,$2,$0,$0
45,2007-06-30,7.2,$0.00,0.0,$20.15,0.36,$-4.75,0.0,$-0.78,0.0,$0.09B,$0.03B,2.62,$0.01B,$0.09B,0.14,$0.20B,$0.01B,3.00%,$0.20B,$-0.01B,-6.50%,$0.20B,$-0.01B,-6.50%,$0.20B,$-0.01B,-4.50%,$0.20B,$-0.01B,-6.50%,$0.20B,$-0.01B,-3.50%,$-0.01B,$0.09B,-7.73%,$-0.01B,$0.06B,-10.22%,$-0.01B,$0.14B,-5.00%,$-0.01B,$0.10B,-12.38%,$51,$50,$1,$0,$5,$55,$-4,$0,$-3,$-2,$-2,$-2,$-2,$-3,$-4,$10,10,$-0.17,$-0.17,$4,$54,$4,$86,$46,$0,$23,$6,$80,$137,$33,$12,$6,$18,$51,$12,$57,$0,$86,$137,$-8,$3,$-2,$3,$1,$-7,$0,$0,$-6,$-14,$-2,$0,$0,$0,$16,$16,$-0,$14,$-4,$1,$-4,$-1,$-1,$-0,$0,$-4,$-4,$0,$-0
46,2007-03-31,8.16,$0.00,0.0,$19.99,0.41,$-2.43,0.0,$-0.56,0.0,$0.09B,$0.03B,3.27,$0.01B,$0.09B,0.15,$0.20B,$0.01B,4.50%,$0.20B,$-0.01B,-4.50%,$0.20B,$-0.01B,-4.50%,$0.20B,$-0.01B,-3.00%,$0.20B,$-0.01B,-5.00%,$0.20B,$-0.01B,-2.50%,$-0.01B,$0.09B,-5.36%,$-0.01B,$0.07B,-7.04%,$-0.01B,$0.14B,-3.49%,$-0.01B,$0.10B,-8.29%,$48,$47,$1,$0,$4,$51,$-4,$-0,$-4,$-1,$-2,$-2,$-2,$-3,$-4,$10,10,$-0.23,$-0.23,$5,$53,$6,$85,$0,$0,$22,$10,$32,$135,$26,$14,$6,$19,$45,$12,$58,$0,$90,$135,$-6,$2,$0,$2,$0,$0,$0,$0,$-10,$-13,$-2,$0,$0,$0,$0,$16,$-0,$14,$0,$0,$-2,$0,$-1,$-0,$0,$-3,$-3,$0,$0
47,2006-12-31,8.38,$0.00,0.0,$19.94,0.42,$-0.16,0.0,$-0.25,0.0,$0.09B,$0.03B,3.12,$0.01B,$0.09B,0.15,$0.20B,$0.01B,6.60%,$0.20B,$-0.00B,-2.03%,$0.20B,$-0.00B,-2.03%,$0.20B,$-0.00B,-1.02%,$0.20B,$-0.01B,-2.54%,$0.20B,$-0.00B,-1.02%,$-0.00B,$0.09B,-2.11%,$-0.00B,$0.07B,-2.56%,$-0.00B,$0.14B,-1.43%,$-0.00B,$0.11B,-3.76%,$53,$50,$3,$0,$4,$54,$-1,$-0,$-2,$-0,$-1,$-1,$-1,$-0,$-1,$10,10,$-0.14,$-0.14,$10,$50,$5,$91,$0,$0,$22,$10,$32,$141,$29,$14,$6,$20,$49,$12,$61,$0,$92,$141,$-4,$1,$0,$1,$0,$0,$0,$0,$-7,$-9,$-1,$0,$0,$0,$0,$16,$0,$15,$0,$0,$-2,$0,$-1,$0,$0,$-3,$2,$0,$0
