,Date,Stock Price,Book Value per Share,Price to Book Ratio,TTM Sales per Share,Price to Sales Ratio,TTM FCF per Share,Price to FCF Ratio,TTM Net EPS,PE Ratio,Current Assets,Current Liabilities,Current Ratio,Long Term Debt,Shareholder's Equity_x,Debt to Equity Ratio,TTM Revenue_x,TTM Gross Profit,Gross Margin,TTM Revenue_y,TTM Operating Income,Operating Margin,TTM Revenue_x,TTM EBIT,EBIT Margin,TTM Revenue_y,TTM EBITDA,EBITDA Margin,TTM Revenue_x,TTM Pre-Tax Income,Pre-Tax Margin,TTM Revenue_y,TTM Net Income_x,Net Margin,TTM Net Income_y,Shareholder's Equity_y,Return on Equity,TTM Net Income_x,Tangible Equity,Return on Tangible Equity,TTM Net Income_y,Total Assets,Return on Assets,TTM Net Income,LT Investments & Debt,Return on Investment,revenue,cost-goods-sold,gross-profit,research-development-expenses,selling-general-administrative-expenses,operating-expenses,operating-income,total-non-operating-income-expense,pre-tax-income,total-provision-income-taxes,income-after-taxes,income-from-continuous-operations,net-income,ebitda,ebit,basic-shares-outstanding,shares-outstanding,eps-basic-net-earnings-per-share,eps-earnings-per-share-diluted,cash-on-hand,inventory,other-current-assets,total-current-assets,net-property-plant-equipment,long-term-investments,goodwill-intangible-assets-total,other-long-term-assets,total-long-term-assets,total-assets,total-current-liabilities,long-term-debt,other-non-current-liabilities,total-long-term-liabilities,total-liabilities,common-stock-net,retained-earnings-accumulated-deficit,comprehensive-income,total-share-holder-equity,total-liabilities-share-holders-equity,net-income-loss,total-depreciation-amortization-cash-flow,other-non-cash-items,total-non-cash-items,change-in-accounts-receivable,change-in-inventories,change-in-accounts-payable,change-in-assets-liabilities,total-change-in-assets-liabilities,cash-flow-from-operating-activities,net-change-in-property-plant-equipment,net-change-in-intangible-assets,net-acquisitions-divestitures,net-change-in-short-term-investments,net-change-in-long-term-investments,net-change-in-investments-total,investing-activities-other,cash-flow-from-investing-activities,net-long-term-debt,net-current-debt,debt-issuance-retirement-net-total,net-common-equity-issued-repurchased,net-total-equity-issued-repurchased,total-common-preferred-stock-dividends-paid,financial-activities-other,cash-flow-from-financial-activities,net-cash-flow,stock-based-compensation,common-stock-dividends-paid
0,2018-09-30,74.72,$29.77,2.51,$93.48,0.8,$87.69,0.85,$23.65,3.16,$3.36B,$1.35B,2.49,$4.65B,$1.59B,2.93,$3.15B,$1.15B,36.67%,$3.15B,$0.10B,3.24%,$3.15B,$0.10B,3.24%,$3.15B,$0.37B,11.66%,$3.15B,$-0.16B,-4.99%,$3.15B,$0.77B,24.40%,$0.77B,$1.59B,49.14%,$0.77B,$-2.12B,-33.99%,$0.77B,$7.75B,9.15%,$0.10B,$6.24B,1.56%,$946,$591,$355,$7,$199,$819,$126,$-61,$65,$4,$-139,$-139,$-79,$69,$126,$33,33,$11.52,$11.51,$815,$547,$0,$3766,$495,$0,$3834,$0,$4747,$8513,$1200,$5189,$119,$5623,$6823,$2,$-78,$-142,$1690,$8513,$942,$116,$-890,$-775,$0,$0,$0,$-224,$-224,$-56,$-46,$0,$0,$0,$0,$0,$1345,$1298,$-452,$0,$-452,$-288,$-288,$-28,$112,$-657,$545,$6,$-28
1,2018-06-30,80.78,$31.64,2.55,$96.66,0.84,$103.89,0.78,$25.15,3.21,$3.77B,$1.20B,3.14,$5.19B,$1.69B,3.07,$3.15B,$1.17B,37.31%,$3.15B,$0.23B,7.24%,$3.15B,$0.23B,7.24%,$3.15B,$0.40B,12.77%,$3.15B,$-0.06B,-1.78%,$3.15B,$0.82B,26.09%,$0.82B,$1.69B,49.69%,$0.82B,$-2.14B,-37.07%,$0.82B,$8.51B,5.32%,$0.23B,$6.88B,3.32%,$766,$495,$271,$0,$242,$737,$29,$-67,$-39,$-338,$403,$403,$377,$164,$29,$32,32,$-1.12,$-1.12,$759,$611,$0,$3805,$505,$0,$3870,$0,$4435,$8240,$1223,$5248,$140,$5674,$6897,$2,$-456,$-125,$1344,$8240,$542,$78,$-598,$-519,$0,$0,$0,$-209,$-209,$-186,$1486,$0,$0,$0,$1,$1,$-189,$1298,$573,$-994,$-421,$-258,$-258,$-20,$110,$-589,$489,$1,$-20
2,2018-03-31,101.77,$41.02,2.48,$94.55,1.08,$112.68,0.9,$13.70,7.43,$3.81B,$1.22B,3.11,$5.25B,$1.34B,3.91,$3.06B,$1.14B,37.17%,$3.06B,$0.20B,6.63%,$3.06B,$0.20B,6.63%,$3.06B,$0.38B,12.24%,$3.06B,$-0.10B,-3.20%,$3.06B,$0.45B,14.56%,$0.45B,$1.34B,26.17%,$0.45B,$-2.53B,-18.03%,$0.45B,$8.24B,2.01%,$0.20B,$6.59B,2.85%,$647,$404,$243,$0,$216,$620,$27,$-75,$-48,$-1,$-37,$-37,$-37,$70,$27,$32,33,$15.71,$15.59,$1648,$581,$0,$4637,$507,$0,$3875,$0,$4443,$9080,$2121,$4888,$145,$5332,$7452,$2,$-419,$-127,$1628,$9080,$579,$37,$-537,$-500,$0,$0,$0,$-140,$-140,$-61,$1472,$0,$0,$0,$1,$1,$-182,$1291,$104,$0,$104,$-8,$-8,$-10,$99,$186,$1378,$4,$-10
3,2017-12-31,104.6,$49.99,2.09,$94.48,1.11,$74.94,1.4,$12.28,8.52,$4.64B,$2.12B,2.19,$4.89B,$1.63B,3.0,$3.06B,$1.18B,38.63%,$3.06B,$0.27B,8.81%,$3.06B,$0.27B,8.81%,$3.06B,$0.44B,14.30%,$3.06B,$-0.04B,-1.41%,$3.06B,$0.40B,13.13%,$0.40B,$1.63B,22.15%,$0.40B,$-2.25B,-15.45%,$0.40B,$9.08B,1.37%,$0.27B,$6.52B,4.54%,$2786,$1782,$1004,$0,$747,$2507,$279,$-131,$148,$-126,$78,$78,$507,$64,$279,$32,32,$-0.81,$-0.81,$270,$496,$0,$30036,$504,$0,$3889,$0,$5814,$35850,$27645,$5544,$65,$6258,$33903,$2,$-926,$309,$1947,$35850,$273,$233,$281,$513,$0,$0,$0,$54,$54,$840,$-110,$0,$-305,$0,$0,$0,$-1187,$-1602,$316,$-261,$55,$-265,$-265,$-40,$834,$583,$-195,$62,$-40
4,2017-09-30,96.33,$9.71,9.93,$93.41,1.03,$33.55,2.87,$3.29,29.32,$30.04B,$27.65B,1.09,$5.54B,$1.95B,2.85,$3.01B,$1.18B,39.10%,$3.01B,$0.28B,9.40%,$3.01B,$0.28B,9.40%,$3.01B,$0.45B,14.88%,$3.01B,$-0.03B,-1.03%,$3.01B,$0.11B,3.52%,$0.11B,$1.95B,5.82%,$0.11B,$-1.94B,-3.77%,$0.11B,$35.85B,0.30%,$0.28B,$7.49B,6.00%,$863,$543,$320,$7,$197,$762,$101,$-77,$23,$-11,$-23,$-23,$-26,$104,$101,$32,32,$0.06,$0.06,$266,$844,$0,$1771,$676,$0,$5075,$144,$33725,$35496,$942,$6033,$158,$32657,$33599,$2,$-900,$235,$1897,$35496,$249,$108,$70,$178,$0,$0,$0,$-197,$-197,$230,$-48,$0,$-305,$0,$0,$0,$-963,$-1315,$353,$0,$353,$-179,$-179,$-30,$669,$813,$-199,$29,$-30
5,2017-06-30,109.29,$58.63,1.86,$43.91,2.49,$37.00,2.95,$3.84,28.43,$1.77B,$0.94B,1.88,$6.03B,$1.90B,3.18,$1.42B,$0.64B,44.69%,$1.42B,$0.14B,9.99%,$1.42B,$0.14B,9.99%,$1.42B,$0.24B,16.96%,$1.42B,$-0.13B,-9.15%,$1.42B,$0.13B,8.80%,$0.13B,$1.90B,6.99%,$0.13B,$-3.18B,-4.05%,$0.13B,$35.50B,0.35%,$0.14B,$7.93B,4.31%,$757,$446,$312,$0,$217,$662,$95,$-79,$16,$20,$4,$4,$2,$137,$95,$32,32,$-2.55,$-2.55,$320,$836,$0,$3375,$662,$0,$4786,$164,$33322,$36697,$8201,$0,$143,$26727,$34929,$2,$-902,$94,$1768,$36697,$209,$71,$34,$104,$0,$0,$0,$-205,$-205,$109,$-37,$0,$0,$0,$0,$0,$-767,$-804,$262,$-165,$96,$-103,$-103,$-20,$572,$546,$-171,$24,$-20
6,2017-03-31,119.23,$54.67,2.18,$59.09,2.02,$41.43,2.88,$-0.31,0.0,$3.38B,$8.20B,0.41,$0.00B,$1.77B,0.0,$1.92B,$0.85B,44.09%,$1.92B,$0.23B,11.92%,$1.92B,$0.23B,11.92%,$1.92B,$0.36B,18.48%,$1.92B,$-0.06B,-3.28%,$1.92B,$-0.01B,-0.52%,$-0.01B,$1.77B,-0.58%,$-0.01B,$-3.02B,0.32%,$-0.01B,$36.70B,-0.03%,$0.23B,$1.77B,13.19%,$602,$362,$240,$0,$199,$561,$41,$-78,$-36,$24,$-8,$-8,$-82,$132,$41,$32,32,$6.58,$6.58,$349,$780,$0,$3294,$569,$0,$4792,$157,$32369,$35663,$8081,$0,$138,$25912,$33993,$2,$-820,$-22,$1669,$35663,$261,$34,$-94,$-60,$0,$0,$0,$-120,$-120,$81,$-21,$0,$0,$0,$0,$0,$-585,$-606,$27,$0,$27,$-98,$-98,$-10,$232,$151,$-152,$10,$-10
7,2016-12-31,96.03,$51.69,1.86,$74.69,1.29,$37.51,2.56,$1.12,86.05,$3.29B,$8.08B,0.41,$0.00B,$1.67B,0.0,$2.43B,$1.06B,43.44%,$2.43B,$0.28B,11.39%,$2.43B,$0.28B,11.39%,$2.43B,$0.41B,17.03%,$2.43B,$-0.03B,-1.28%,$2.43B,$0.05B,1.93%,$0.05B,$1.67B,2.81%,$0.05B,$-3.12B,-1.47%,$0.05B,$35.66B,0.13%,$0.28B,$1.67B,16.58%,$1209,$764,$445,$0,$345,$1066,$143,$-110,$34,$6,$-42,$-42,$212,$75,$143,$32,32,$-0.25,$-0.31,$465,$741,$0,$1745,$543,$0,$4851,$138,$31835,$33580,$6509,$0,$154,$25254,$31763,$2,$-1032,$221,$1817,$33580,$-34,$220,$734,$954,$0,$0,$0,$-7,$-7,$913,$-76,$0,$0,$0,$35,$35,$-851,$-891,$485,$-1091,$-606,$-52,$-52,$-37,$844,$149,$-178,$78,$-37
8,2016-09-30,96.89,$56.11,1.73,$93.90,1.03,$32.32,3.0,$-6.51,0.0,$1.75B,$6.51B,0.27,$0.00B,$1.82B,0.0,$3.04B,$1.25B,41.05%,$3.04B,$0.34B,11.06%,$3.04B,$0.34B,11.06%,$3.04B,$0.49B,16.10%,$3.04B,$0.01B,0.30%,$3.04B,$-0.20B,-6.55%,$-0.20B,$1.82B,-12.46%,$-0.20B,$-3.03B,6.03%,$-0.20B,$33.58B,-0.57%,$0.34B,$1.82B,21.04%,$1363,$831,$532,$0,$344,$1175,$188,$-98,$90,$-35,$-98,$-98,$-7,$-103,$188,$32,32,$-4.16,$-4.10,$538,$842,$0,$3700,$639,$0,$4879,$148,$32111,$35811,$8599,$0,$152,$25523,$34122,$2,$-1025,$131,$1689,$35811,$-70,$162,$622,$784,$0,$0,$0,$-327,$-327,$387,$-59,$0,$0,$0,$35,$35,$-575,$-599,$204,$-443,$-239,$-50,$-50,$-28,$540,$223,$-195,$58,$-28
9,2016-06-30,84.73,$52.14,1.63,$157.77,0.54,$12.20,6.95,$-10.79,0.0,$3.70B,$8.60B,0.43,$0.00B,$1.69B,0.0,$5.08B,$1.95B,38.41%,$5.08B,$1.08B,21.20%,$5.08B,$1.08B,21.20%,$5.08B,$1.26B,24.70%,$5.08B,$0.51B,9.96%,$5.08B,$-0.34B,-6.59%,$-0.34B,$1.69B,-21.76%,$-0.34B,$-3.19B,9.90%,$-0.34B,$35.81B,-0.95%,$1.08B,$1.69B,69.96%,$1267,$747,$521,$0,$336,$1125,$143,$-94,$48,$-2,$93,$93,$-133,$251,$143,$32,32,$-0.75,$-0.75,$605,$924,$0,$3871,$665,$0,$4927,$149,$31584,$35455,$8904,$0,$159,$25043,$33947,$2,$-902,$-73,$1508,$35455,$23,$99,$257,$356,$0,$0,$0,$-395,$-395,$-17,$-38,$0,$0,$0,$52,$52,$-343,$-329,$49,$0,$49,$-50,$-50,$-18,$130,$111,$-204,$40,$-18
10,2016-03-31,85.97,$46.58,1.85,$154.51,0.56,$-4.45,0.0,$-9.05,0.0,$3.87B,$8.90B,0.44,$0.00B,$1.51B,0.0,$4.94B,$1.83B,37.08%,$4.94B,$0.81B,16.46%,$4.94B,$0.81B,16.46%,$4.94B,$0.99B,20.00%,$4.94B,$0.23B,4.73%,$4.94B,$-0.28B,-5.62%,$-0.28B,$1.51B,-17.54%,$-0.28B,$-3.42B,7.74%,$-0.28B,$35.46B,-0.80%,$0.81B,$1.51B,24.72%,$1209,$778,$431,$0,$331,$1110,$100,$-96,$4,$-15,$64,$64,$-25,$191,$100,$32,32,$-1.06,$-1.06,$732,$868,$0,$3901,$664,$0,$4923,$144,$31132,$35033,$8967,$0,$157,$24693,$33660,$2,$-867,$-174,$1373,$35033,$7,$51,$166,$217,$0,$0,$0,$-312,$-312,$-89,$-17,$0,$0,$0,$52,$52,$12,$46,$142,$0,$142,$-50,$-50,$-9,$-91,$-7,$-95,$15,$-9
11,2015-12-31,83.68,$42.43,1.97,$151.46,0.55,$-12.57,0.0,$-15.13,0.0,$3.90B,$8.97B,0.44,$0.00B,$1.37B,0.0,$4.82B,$1.73B,35.80%,$4.82B,$0.49B,10.25%,$4.82B,$0.49B,10.25%,$4.82B,$0.68B,14.08%,$4.82B,$-0.06B,-1.20%,$4.82B,$-0.48B,-9.98%,$-0.48B,$1.37B,-28.73%,$-0.48B,$-3.55B,14.37%,$-0.48B,$35.03B,-1.43%,$0.49B,$1.37B,10.32%,$1241,$775,$467,$0,$494,$595,$646,$-282,$364,$-6,$10,$10,$-34,$150,$646,$32,32,$-4.41,$-4.41,$661,$781,$0,$4109,$510,$0,$4968,$412,$30922,$35032,$9301,$0,$149,$24142,$33443,$2,$-833,$-41,$1588,$35032,$-512,$253,$473,$726,$0,$0,$0,$103,$103,$317,$-89,$0,$-1310,$0,$71,$71,$-813,$-2141,$3705,$-3051,$655,$209,$209,$-31,$898,$1731,$-30,$73,$-31
12,2015-09-30,72.39,$48.89,1.48,$149.43,0.48,$-15.35,0.0,$-17.55,0.0,$4.11B,$9.30B,0.44,$0.00B,$1.59B,0.0,$4.75B,$1.70B,35.84%,$4.75B,$0.18B,3.77%,$4.75B,$0.18B,3.77%,$4.75B,$0.43B,9.09%,$4.75B,$-0.18B,-3.77%,$4.75B,$-0.56B,-11.72%,$-0.56B,$1.59B,-30.08%,$-0.56B,$-3.38B,18.63%,$-0.56B,$35.03B,-1.71%,$0.18B,$1.59B,2.80%,$1227,$814,$414,$0,$370,$1302,$-75,$-108,$-182,$72,$291,$291,$-143,$663,$-75,$32,32,$-2.36,$-2.36,$1293,$904,$0,$2952,$856,$19498,$5885,$1122,$30018,$32970,$927,$6833,$22727,$30171,$31098,$2,$-690,$64,$1872,$32970,$-385,$236,$409,$645,$0,$0,$0,$-423,$-423,$-163,$-45,$0,$-1322,$0,$81,$81,$-659,$-1945,$3756,$-2642,$1114,$222,$222,$-23,$781,$2095,$-103,$57,$-23
13,2015-06-30,80.23,$57.63,1.39,$117.60,0.68,$1.80,44.6,$-13.21,0.0,$2.95B,$0.93B,3.18,$6.83B,$1.87B,3.65,$3.70B,$0.69B,18.74%,$3.70B,$-0.46B,-12.55%,$3.70B,$-0.46B,-12.55%,$3.70B,$-0.25B,-6.76%,$3.70B,$-0.60B,-16.28%,$3.70B,$-0.42B,-11.36%,$-0.42B,$1.87B,-20.80%,$-0.42B,$-4.01B,15.95%,$-0.42B,$32.97B,-1.34%,$-0.46B,$8.71B,-5.92%,$1144,$730,$414,$0,$324,$1321,$-177,$-67,$-244,$-38,$-144,$-144,$-76,$-15,$-177,$32,32,$-7.21,$-7.21,$1280,$819,$0,$2769,$944,$19753,$4310,$1103,$28686,$31455,$871,$5624,$22572,$28720,$29591,$2,$-614,$252,$1864,$31455,$-344,$177,$259,$435,$0,$0,$0,$-361,$-361,$-270,$-41,$0,$-422,$0,$59,$59,$-436,$-839,$489,$-19,$470,$-54,$-54,$-14,$679,$1081,$-313,$34,$-14
14,2015-03-31,77.02,$57.45,1.34,$134.65,0.57,$11.99,6.42,$-9.11,0.0,$2.77B,$0.87B,3.18,$5.62B,$1.86B,3.02,$4.07B,$1.15B,28.16%,$4.07B,$-0.16B,-3.93%,$4.07B,$-0.16B,-3.93%,$4.07B,$0.06B,1.50%,$4.07B,$-0.23B,-5.53%,$4.07B,$-0.30B,-7.25%,$-0.30B,$1.86B,-13.79%,$-0.30B,$-2.45B,14.09%,$-0.30B,$31.46B,-0.96%,$-0.16B,$7.49B,-2.11%,$1142,$733,$409,$0,$336,$1357,$-215,$98,$-117,$-1,$-243,$-243,$-228,$-119,$-215,$32,32,$-3.48,$-3.48,$1311,$710,$0,$2682,$1055,$19740,$4204,$930,$28525,$31207,$900,$5666,$22041,$28225,$29125,$2,$-386,$223,$2082,$31207,$-106,$118,$106,$224,$0,$0,$0,$-293,$-293,$-175,$-20,$0,$-147,$0,$28,$28,$-538,$-677,$430,$0,$430,$-47,$-47,$-7,$476,$853,$13,$14,$-7
15,2014-12-31,87.39,$64.05,1.36,$158.07,0.55,$16.00,5.46,$-5.83,0.0,$2.68B,$0.90B,2.98,$5.67B,$2.08B,2.72,$4.27B,$1.39B,32.68%,$4.27B,$0.03B,0.77%,$4.27B,$0.03B,0.77%,$4.27B,$0.27B,6.24%,$4.27B,$-0.05B,-1.17%,$4.27B,$-0.16B,-3.63%,$-0.16B,$2.08B,-7.64%,$-0.16B,$-2.12B,7.15%,$-0.16B,$31.21B,-0.51%,$0.03B,$7.75B,0.45%,$184,$728,$-544,$0,$201,$181,$3,$-62,$-59,$6,$-123,$-123,$-110,$-97,$3,$26,26,$0.75,$0.75,$1319,$635,$0,$2540,$909,$19253,$4209,$607,$27561,$30100,$1033,$5158,$21119,$26810,$27843,$2,$-276,$244,$2257,$30100,$102,$179,$245,$424,$0,$0,$0,$178,$178,$704,$-66,$0,$-27,$0,$-47,$-47,$-1802,$-1942,$162,$0,$162,$-75,$-75,$-55,$633,$666,$52,$74,$-26
16,2014-09-30,80.97,$69.17,1.17,$189.40,0.43,$17.20,4.71,$-4.09,0.0,$2.54B,$1.03B,2.46,$5.16B,$2.26B,2.29,$4.63B,$1.76B,37.98%,$4.63B,$0.43B,9.21%,$4.63B,$0.43B,9.21%,$4.63B,$0.61B,13.10%,$4.63B,$0.10B,2.24%,$4.63B,$-0.08B,-1.81%,$-0.08B,$2.26B,-4.59%,$-0.08B,$-1.95B,3.54%,$-0.08B,$30.10B,-0.28%,$0.43B,$7.42B,6.03%,$1599,$733,$867,$0,$332,$1370,$229,$-34,$195,$11,$-70,$-70,$-6,$-19,$229,$28,29,$1.74,$1.74,$1456,$747,$0,$2868,$925,$18751,$4204,$599,$27018,$29885,$900,$5303,$20809,$26635,$27535,$2,$-270,$301,$2351,$29885,$84,$201,$278,$479,$0,$0,$0,$-398,$-398,$164,$-60,$0,$-26,$0,$-1175,$-1175,$-102,$-1363,$266,$0,$266,$152,$152,$-41,$378,$755,$-444,$67,$-21
17,2014-06-30,78.38,$70.54,1.11,$248.92,0.31,$11.64,6.73,$-12.90,0.0,$2.87B,$0.90B,3.19,$5.30B,$2.35B,2.26,$5.95B,$3.05B,51.18%,$5.95B,$0.63B,10.57%,$5.95B,$0.63B,10.57%,$5.95B,$0.91B,15.22%,$5.95B,$-0.02B,-0.37%,$5.95B,$-0.28B,-4.71%,$-0.28B,$2.35B,-18.09%,$-0.28B,$-1.85B,10.55%,$-0.28B,$29.89B,-0.97%,$0.63B,$7.65B,9.34%,$1341,$679,$662,$0,$331,$1325,$16,$-85,$-69,$54,$142,$142,$49,$296,$16,$23,23,$-3.91,$-3.91,$1320,$726,$0,$2703,$931,$18313,$4171,$591,$26620,$29323,$822,$5396,$20504,$27078,$27899,$2,$-319,$198,$1423,$29323,$-57,$134,$248,$382,$0,$0,$0,$-406,$-406,$-82,$-49,$0,$-25,$0,$-1169,$-1169,$-137,$-1380,$360,$0,$360,$167,$167,$-29,$384,$883,$-580,$47,$-12
18,2014-03-31,75.48,$59.44,1.27,$235.80,0.32,$9.07,8.32,$-11.84,0.0,$2.70B,$0.82B,3.29,$5.40B,$1.42B,3.79,$5.76B,$2.86B,49.70%,$5.76B,$0.58B,10.12%,$5.76B,$0.58B,10.12%,$5.76B,$0.92B,15.90%,$5.76B,$-0.06B,-1.06%,$5.76B,$-0.24B,-4.11%,$-0.24B,$1.42B,-18.07%,$-0.24B,$-2.75B,8.26%,$-0.24B,$29.32B,-0.84%,$0.58B,$6.82B,9.23%,$1510,$736,$775,$0,$317,$1331,$179,$-143,$37,$-13,$-56,$-56,$-88,$86,$179,$22,22,$-1.74,$-1.74,$1294,$683,$0,$2623,$1010,$17668,$4226,$558,$26141,$28764,$892,$5166,$20221,$26591,$27482,$2,$-232,$62,$1282,$28764,$-2,$65,$82,$147,$0,$0,$0,$-235,$-235,$-89,$-21,$0,$0,$0,$-908,$-908,$-110,$-1039,$121,$0,$121,$171,$171,$-14,$244,$523,$-606,$23,$-6
19,2013-12-31,73.13,$54.70,1.34,$238.98,0.31,$10.76,6.8,$-9.98,0.0,$2.62B,$0.89B,2.94,$5.17B,$1.28B,4.03,$5.83B,$2.94B,50.39%,$5.83B,$0.70B,12.02%,$5.83B,$0.70B,12.02%,$5.83B,$1.05B,17.97%,$5.83B,$0.02B,0.41%,$5.83B,$-0.20B,-3.34%,$-0.20B,$1.28B,-14.39%,$-0.20B,$-2.94B,7.07%,$-0.20B,$28.76B,-0.70%,$0.70B,$6.45B,11.38%,$1501,$758,$742,$0,$339,$1295,$205,$-391,$-185,$38,$-2,$-2,$-39,$244,$205,$23,23,$-6.83,$-3.85,$1900,$633,$0,$3144,$993,$16466,$4206,$443,$24765,$27909,$1013,$4896,$19714,$25763,$26775,$1,$-192,$88,$1134,$27909,$-69,$397,$203,$600,$0,$0,$0,$-8,$-8,$522,$-100,$0,$-2015,$0,$491,$491,$-387,$-2011,$4144,$-1609,$2536,$-89,$-89,$-51,$-473,$1922,$429,$62,$-33
20,2013-09-30,64.0,$49.36,1.3,$208.82,0.31,$10.64,6.02,$-8.06,0.0,$3.14B,$1.01B,3.1,$4.90B,$1.13B,4.32,$5.54B,$2.80B,50.57%,$5.54B,$0.74B,13.30%,$5.54B,$0.74B,13.30%,$5.54B,$1.13B,20.46%,$5.54B,$0.12B,2.16%,$5.54B,$-0.09B,-1.70%,$-0.09B,$1.13B,-6.47%,$-0.09B,$-3.07B,3.64%,$-0.09B,$27.91B,-0.34%,$0.74B,$6.03B,12.40%,$1409,$725,$684,$0,$309,$1227,$183,$-27,$156,$20,$-205,$-205,$-202,$281,$183,$23,33,$2.80,$1.55,$1244,$707,$0,$2562,$999,$16601,$4120,$432,$24803,$27365,$843,$4554,$19579,$25114,$25958,$1,$10,$140,$1407,$27365,$136,$321,$-48,$273,$0,$0,$0,$-315,$-315,$94,$-59,$0,$-2014,$0,$125,$125,$-252,$-2200,$2342,$0,$2342,$-74,$-74,$-37,$-347,$1884,$-227,$45,$-12
21,2013-06-30,46.53,$60.58,0.77,$195.36,0.24,$17.15,2.71,$5.77,8.07,$2.56B,$0.84B,3.04,$4.55B,$1.41B,3.24,$5.24B,$2.71B,51.63%,$5.24B,$0.65B,12.45%,$5.24B,$0.65B,12.45%,$5.24B,$1.08B,20.61%,$5.24B,$0.35B,6.59%,$5.24B,$0.27B,5.10%,$0.27B,$1.41B,17.03%,$0.27B,$-2.71B,-12.82%,$0.27B,$27.37B,1.00%,$0.65B,$5.96B,12.13%,$1411,$674,$737,$0,$314,$1277,$134,$-119,$16,$37,$119,$119,$92,$306,$134,$22,22,$-2.05,$-2.05,$1475,$705,$0,$2774,$966,$17034,$3902,$544,$24943,$27717,$796,$4597,$19681,$25323,$26118,$1,$-82,$393,$1599,$27717,$18,$198,$73,$271,$0,$0,$0,$-356,$-356,$-67,$-25,$0,$-1904,$0,$100,$100,$-163,$-1992,$2381,$0,$2381,$-16,$-16,$-23,$-276,$2066,$4,$22,$-6
22,2013-03-31,50.98,$68.81,0.74,$197.82,0.26,$23.70,2.15,$-3.66,0.0,$2.77B,$0.80B,3.49,$4.60B,$1.60B,2.88,$4.84B,$2.50B,51.63%,$4.84B,$0.55B,11.38%,$4.84B,$0.55B,11.38%,$4.84B,$0.93B,19.25%,$4.84B,$0.07B,1.51%,$4.84B,$0.03B,0.54%,$0.03B,$1.60B,1.69%,$0.03B,$-2.30B,-1.45%,$0.03B,$27.72B,0.10%,$0.55B,$6.20B,11.52%,$1222,$582,$640,$0,$255,$1007,$215,$-83,$133,$66,$-51,$-51,$-46,$218,$215,$22,33,$1.93,$0.19,$1104,$679,$0,$2350,$328,$17217,$3897,$500,$24509,$26859,$736,$3918,$19558,$24454,$25190,$1,$-36,$403,$1668,$26859,$68,$114,$-30,$85,$0,$0,$0,$-308,$-308,$-155,$-11,$0,$-1296,$0,$-386,$-386,$-126,$-1819,$1700,$0,$1700,$-16,$-16,$-9,$-67,$1608,$-367,$7,$-1
23,2012-12-31,47.46,$72.26,0.66,$184.40,0.26,$31.70,1.5,$-1.74,0.0,$2.35B,$0.74B,3.19,$3.92B,$1.67B,2.35,$4.54B,$2.38B,52.50%,$4.54B,$0.51B,11.31%,$4.54B,$0.51B,11.31%,$4.54B,$0.90B,19.90%,$4.54B,$0.07B,1.63%,$4.54B,$0.07B,1.50%,$0.07B,$1.67B,4.57%,$0.07B,$-2.23B,-4.29%,$0.07B,$26.86B,0.27%,$0.51B,$5.59B,12.31%,$1197,$553,$644,$0,$496,$1077,$120,$-81,$40,$64,$68,$68,$62,$330,$120,$22,23,$7.02,$7.39,$1471,$453,$0,$2338,$222,$16918,$2683,$364,$22863,$25200,$754,$2167,$19747,$22847,$23602,$1,$-98,$413,$1599,$25200,$111,$369,$-60,$310,$0,$0,$0,$202,$202,$623,$-54,$0,$-185,$0,$234,$234,$-181,$-186,$-7,$0,$-7,$-85,$-85,$-55,$45,$-103,$333,$31,$-24
24,2012-09-30,52.02,$70.71,0.74,$183.32,0.28,$36.27,1.43,$-1.55,0.0,$2.34B,$0.75B,3.1,$2.17B,$1.60B,1.36,$4.48B,$2.34B,52.29%,$4.48B,$0.41B,9.15%,$4.48B,$0.41B,9.15%,$4.48B,$0.78B,17.38%,$4.48B,$0.03B,0.58%,$4.48B,$0.03B,0.67%,$0.03B,$1.60B,2.12%,$0.03B,$-1.08B,-2.13%,$0.03B,$25.20B,0.12%,$0.41B,$3.77B,11.14%,$1012,$533,$479,$0,$214,$931,$82,$-197,$-116,$-136,$176,$176,$159,$226,$82,$22,22,$-6.65,$-6.65,$467,$553,$0,$1533,$209,$15565,$2816,$2000,$23048,$24581,$532,$2296,$19587,$22765,$23297,$1,$-257,$254,$1284,$24581,$-65,$263,$95,$358,$0,$0,$0,$-89,$-89,$205,$-34,$0,$-185,$0,$526,$526,$-74,$233,$526,$-373,$153,$-85,$-85,$-23,$215,$259,$695,$17,$0
25,2012-06-30,48.07,$56.80,0.85,$165.03,0.29,$15.63,3.08,$-11.16,0.0,$1.53B,$0.53B,2.88,$2.30B,$1.28B,1.79,$4.17B,$2.04B,48.92%,$4.17B,$0.25B,5.90%,$4.17B,$0.25B,5.90%,$4.17B,$0.54B,12.85%,$4.17B,$-0.14B,-3.26%,$4.17B,$-0.19B,-4.46%,$-0.19B,$1.28B,-13.70%,$-0.19B,$-1.53B,12.53%,$-0.19B,$24.58B,-0.77%,$0.25B,$3.58B,6.81%,$1106,$486,$619,$0,$223,$1010,$96,$-79,$17,$-6,$-110,$-110,$-149,$158,$96,$22,22,$-0.19,$-0.19,$522,$551,$0,$1631,$208,$14985,$2890,$2377,$22904,$24535,$580,$2346,$19454,$22560,$23140,$1,$-108,$230,$1395,$24535,$45,$187,$-24,$163,$0,$0,$0,$-102,$-102,$106,$-19,$0,$-185,$0,$1029,$1029,$-32,$793,$209,$0,$209,$-83,$-83,$-15,$172,$284,$1182,$12,$0
26,2012-03-31,31.97,$61.72,0.52,$166.03,0.19,$4.84,6.6,$1.86,17.19,$1.63B,$0.58B,2.81,$2.35B,$1.40B,1.68,$4.19B,$2.09B,49.71%,$4.19B,$0.29B,6.80%,$4.19B,$0.29B,6.80%,$4.19B,$0.58B,13.92%,$4.19B,$0.21B,5.10%,$4.19B,$0.12B,2.96%,$0.12B,$1.40B,8.94%,$0.12B,$-1.50B,-8.44%,$0.12B,$24.54B,0.52%,$0.29B,$3.74B,7.81%,$1166,$565,$601,$0,$0,$1054,$112,$-27,$85,$17,$-0,$-0,$-4,$189,$112,$22,32,$0.75,$0.37,$654,$482,$0,$1629,$204,$14569,$2910,$2190,$22382,$24011,$587,$2253,$19082,$22046,$22633,$1,$-112,$150,$1378,$24011,$46,$94,$-102,$-8,$0,$0,$0,$-42,$-42,$-5,$-11,$0,$-183,$-625,$1710,$1085,$-0,$891,$133,$0,$133,$-13,$-13,$-7,$67,$179,$1067,$5,$0
27,2011-12-31,24.75,$61.26,0.4,$147.74,0.17,$-5.52,0.0,$-0.81,0.0,$1.63B,$0.59B,2.78,$2.25B,$1.38B,1.64,$3.78B,$1.72B,45.51%,$3.78B,$0.21B,5.58%,$3.78B,$0.21B,5.58%,$3.78B,$0.45B,11.79%,$3.78B,$0.14B,3.62%,$3.78B,$0.07B,1.75%,$0.07B,$1.38B,5.03%,$0.07B,$-1.53B,-4.66%,$0.07B,$24.01B,0.35%,$0.21B,$3.63B,5.99%,$888,$547,$342,$0,$271,$932,$-44,$-79,$-122,$40,$46,$46,$24,$206,$-44,$22,26,$-2.86,$-2.98,$672,$435,$0,$1645,$207,$15751,$2751,$1417,$21946,$23591,$662,$2128,$18721,$21555,$22218,$1,$-128,$149,$1373,$23591,$7,$176,$-2,$174,$0,$0,$0,$-25,$-25,$156,$-38,$0,$684,$0,$-109,$-109,$-5,$532,$274,$0,$274,$0,$386,$0,$-468,$192,$881,$31,$0
28,2011-09-30,31.29,$61.09,0.51,$111.71,0.28,$-5.04,0.0,$-1.18,0.0,$1.65B,$0.66B,2.48,$2.13B,$1.37B,1.55,$2.62B,$1.12B,42.81%,$2.62B,$0.10B,3.78%,$2.62B,$0.10B,3.78%,$2.62B,$0.24B,9.17%,$2.62B,$0.05B,1.99%,$2.62B,$0.04B,1.61%,$0.04B,$1.37B,4.34%,$0.04B,$-1.38B,-4.07%,$0.04B,$23.59B,0.32%,$0.10B,$3.50B,3.79%,$1034,$511,$523,$0,$223,$914,$121,$114,$234,$-13,$-109,$-109,$-57,$-17,$121,$22,22,$7.21,$7.21,$589,$548,$0,$1645,$217,$16271,$2876,$1104,$22275,$23920,$609,$2314,$19013,$21905,$22514,$1,$-45,$103,$1405,$23920,$116,$148,$-20,$129,$0,$0,$0,$-289,$-289,$-44,$-28,$0,$684,$0,$-140,$-140,$5,$522,$467,$0,$467,$0,$269,$0,$-279,$457,$933,$23,$0
29,2011-06-30,37.71,$62.56,0.6,$76.94,0.49,$-13.45,0.0,$1.12,33.79,$1.65B,$0.61B,2.7,$2.31B,$1.41B,1.65,$1.73B,$0.78B,45.02%,$1.73B,$0.14B,7.81%,$1.73B,$0.14B,8.28%,$1.73B,$0.16B,9.38%,$1.73B,$0.17B,9.61%,$1.73B,$0.09B,5.27%,$0.09B,$1.41B,14.57%,$0.09B,$-1.47B,-13.23%,$0.09B,$23.92B,1.29%,$0.14B,$3.72B,7.77%,$694,$438,$255,$0,$233,$671,$22,$-82,$-60,$4,$230,$230,$161,$206,$22,$22,22,$-2.80,$-2.80,$537,$561,$0,$1599,$202,$0,$2375,$102,$2679,$4278,$578,$2139,$162,$2605,$3184,$1,$-232,$5,$1094,$4278,$-114,$63,$103,$165,$0,$0,$0,$-185,$-185,$-133,$-12,$0,$-10,$0,$-14,$-14,$-2,$-37,$406,$0,$406,$0,$0,$0,$-22,$384,$212,$14,$0
30,2011-03-31,32.15,$48.72,0.66,$61.69,0.52,$-13.65,0.0,$-6.26,0.0,$1.60B,$0.58B,2.76,$2.14B,$1.09B,1.96,$1.35B,$0.51B,37.71%,$1.35B,$0.07B,5.42%,$1.35B,$0.08B,6.01%,$1.35B,$0.05B,3.71%,$1.35B,$-0.14B,-10.54%,$1.35B,$-0.12B,-9.06%,$-0.12B,$1.09B,-39.55%,$-0.12B,$-1.28B,42.77%,$-0.12B,$4.28B,-11.03%,$0.07B,$3.23B,8.66%,$0,$0,$0,$0,$0,$0,$0,$0,$0,$25,$-85,$-85,$-62,$51,$0,$0,0,$0.00,$0.00,$0,$0,$0,$0,$0,$0,$0,$0,$0,$0,$0,$0,$0,$0,$0,$0,$0,$0,$0,$0,$0,$0,$0,$0,$0,$0,$0,$0,$0,$0,$0,$0,$0,$0,$0,$0,$0,$0,$0,$0,$0,$0,$0,$0,$0,$0,$0,$0,$0
31,2010-12-31,38.2,$0.00,0.0,$56.26,0.68,$-11.58,0.0,$-4.34,0.0,$0.00B,$0.00B,0.0,$0.00B,$0.00B,0.0,$1.19B,$0.46B,39.04%,$1.19B,$0.10B,8.18%,$1.19B,$0.11B,8.85%,$1.19B,$0.05B,3.79%,$1.19B,$-0.09B,-7.67%,$1.19B,$-0.08B,-6.66%,$-0.08B,$0.00B,-111.66%,$-0.08B,$0.00B,-111.66%,$-0.08B,$0.00B,-106.40%,$0.10B,$0.00B,137.10%,$0,$0,$0,$0,$0,$0,$-8,$0,$-8,$0,$0,$0,$0,$0,$0,$3,3,$-2.49,$-2.49,$0,$0,$0,$0,$0,$0,$0,$0,$0,$0,$0,$0,$0,$0,$0,$0,$0,$0,$0,$0,$-14,$0,$0,$0,$0,$0,$1,$-1,$2,$-12,$-0,$0,$0,$0,$-30,$-30,$-0,$-30,$0,$0,$0,$0,$0,$0,$0,$0,$-42,$0,$0
32,2010-09-30,34.25,$0.00,0.0,$56.26,0.61,$-11.58,0.0,$-4.34,0.0,$0.00B,$0.00B,0.0,$0.00B,$0.00B,0.0,$1.19B,$0.46B,39.04%,$1.19B,$0.10B,8.18%,$1.19B,$0.11B,8.85%,$1.19B,$0.05B,3.79%,$1.19B,$-0.09B,-7.67%,$1.19B,$-0.08B,-6.66%,$-0.08B,$0.00B,-111.66%,$-0.08B,$0.00B,-111.66%,$-0.08B,$0.00B,-106.40%,$0.10B,$0.00B,137.10%,$653,$401,$253,$0,$194,$594,$59,$-134,$-74,$0,$0,$0,$-8,$-95,$59,$21,21,$-2.42,$-2.42,$141,$0,$0,$142,$0,$4,$0,$1,$5,$147,$2,$0,$1,$5,$7,$0,$18,$-10,$140,$147,$-166,$95,$105,$200,$-3,$-50,$0,$18,$-89,$-55,$-17,$0,$-3,$0,$0,$0,$66,$46,$1440,$-1279,$161,$0,$0,$0,$-57,$104,$83,$12,$0
33,2010-06-30,38.76,$45.15,0.86,$56.26,0.69,$-8.23,0.0,$-1.98,0.0,$0.14B,$0.00B,60.37,$0.00B,$0.14B,0.0,$1.19B,$0.46B,39.04%,$1.19B,$0.10B,8.77%,$1.19B,$0.11B,8.85%,$1.19B,$0.14B,11.80%,$1.19B,$-0.08B,-7.08%,$1.19B,$-0.08B,-6.66%,$-0.08B,$0.14B,-71.66%,$-0.08B,$0.14B,-71.66%,$-0.08B,$0.15B,-68.70%,$0.10B,$0.14B,94.33%,$533,$323,$210,$0,$164,$487,$46,$-55,$-9,$12,$-87,$-87,$-52,$94,$46,$21,21,$-0.93,$-0.93,$141,$0,$0,$141,$0,$8,$0,$0,$9,$150,$2,$0,$1,$5,$7,$0,$21,$-11,$143,$150,$-79,$60,$37,$97,$-3,$-36,$-16,$28,$-98,$-81,$-11,$0,$0,$0,$0,$0,$0,$-11,$59,$0,$59,$0,$0,$0,$-3,$56,$-42,$6,$0
34,2010-03-31,41.78,$46.09,0.91,$25.48,1.64,$-5.32,0.0,$-1.12,0.0,$0.14B,$0.00B,56.99,$0.00B,$0.14B,0.0,$0.53B,$0.21B,39.40%,$0.53B,$0.04B,8.26%,$0.53B,$0.05B,8.44%,$0.53B,$0.05B,8.44%,$0.53B,$-0.01B,-2.06%,$0.53B,$-0.03B,-5.07%,$-0.03B,$0.14B,-23.53%,$-0.03B,$0.14B,-23.53%,$-0.03B,$0.15B,-22.69%,$0.04B,$0.14B,38.34%,$0,$0,$0,$0,$0,$0,$0,$0,$0,$10,$-19,$-19,$-19,$46,$0,$0,0,$0.00,$0.00,$0,$0,$0,$0,$0,$0,$0,$0,$0,$0,$0,$0,$0,$0,$0,$0,$0,$0,$0,$0,$0,$0,$0,$0,$0,$0,$0,$0,$0,$0,$0,$0,$0,$0,$0,$0,$0,$0,$0,$0,$0,$0,$0,$0,$0,$0,$0,$0,$0
35,2009-12-31,43.32,$0.00,0.0,0,0.0,$-1.16,0.0,$-0.50,0.0,$0.00B,$0.00B,0.0,$0.00B,$0.00B,0.0,$0.00B,0,nan%,$0.00B,$-0.00B,inf%,$0.00B,$-0.00B,inf%,$0.00B,$-0.00B,inf%,$0.00B,$-0.00B,inf%,$0.00B,$-0.01B,inf%,$-0.01B,$0.00B,-7.59%,$-0.01B,$0.00B,-7.59%,$-0.01B,$0.00B,-7.35%,$-0.00B,$0.00B,-2.53%,$0,$0,$0,$0,$0,$0,$-1,$0,$-1,$0,$0,$0,$0,$0,$0,$3,3,$-2.73,$-2.73,$145,$0,$0,$146,$0,$8,$0,$10,$18,$163,$2,$0,$1,$4,$6,$0,$36,$-11,$158,$163,$-10,$0,$7,$7,$0,$0,$-0,$1,$1,$-1,$-0,$0,$0,$0,$-12,$-12,$0,$-12,$0,$0,$0,$0,$0,$0,$0,$0,$-14,$0,$0
36,2009-09-30,42.95,$50.71,0.85,0,0.0,$-1.16,0.0,$-0.50,0.0,$0.15B,$0.00B,93.03,$0.00B,$0.16B,0.0,$0.00B,0,nan%,$0.00B,$-0.00B,inf%,$0.00B,$-0.00B,inf%,$0.00B,$-0.00B,inf%,$0.00B,$-0.00B,inf%,$0.00B,$-0.01B,inf%,$-0.01B,$0.16B,-7.59%,$-0.01B,$0.16B,-7.59%,$-0.01B,$0.16B,-7.35%,$-0.00B,$0.16B,-2.53%,$0,$0,$0,$0,$1,$1,$-1,$0,$-1,$8,$0,$0,$-8,$0,$-1,$3,3,$-0.12,$-0.12,$149,$0,$0,$150,$0,$4,$0,$9,$13,$163,$1,$0,$1,$4,$5,$0,$36,$-11,$158,$163,$-1,$0,$-1,$-1,$0,$0,$-0,$0,$0,$-1,$-0,$0,$0,$0,$-8,$-8,$0,$-8,$0,$0,$0,$0,$0,$0,$0,$0,$-9,$0,$0
37,2009-06-30,42.03,$50.80,0.83,0,0.0,$-0.57,0.0,$-0.43,0.0,$0.15B,$0.00B,134.63,$0.00B,$0.16B,0.0,$0.00B,0,nan%,$0.00B,$-0.00B,inf%,$0.00B,$-0.00B,inf%,$0.00B,$-0.00B,inf%,$0.00B,$-0.00B,inf%,$0.00B,$-0.00B,inf%,$-0.00B,$0.16B,-0.84%,$-0.00B,$0.16B,-0.84%,$-0.00B,$0.16B,-0.81%,$-0.00B,$0.16B,-2.51%,$0,$0,$0,$0,$1,$1,$-1,$0,$-1,$-0,$-0,$-0,$-0,$-1,$-1,$3,3,$-0.25,$-0.25,$154,$0,$0,$154,$0,$0,$0,$9,$9,$164,$1,$0,$1,$4,$5,$0,$36,$-11,$158,$164,$-1,$0,$-0,$-0,$0,$0,$0,$0,$0,$-1,$0,$0,$0,$0,$-4,$-4,$0,$-4,$0,$0,$0,$0,$0,$0,$0,$0,$-5,$0,$0
38,2009-03-31,36.35,$50.90,0.71,0,0.0,$-0.09,0.0,$-0.19,0.0,$0.15B,$0.00B,129.49,$0.00B,$0.16B,0.0,$0.00B,0,nan%,$0.00B,$-0.00B,inf%,$0.00B,$-0.00B,inf%,$0.00B,$-0.00B,inf%,$0.00B,$-0.00B,inf%,$0.00B,$-0.00B,inf%,$-0.00B,$0.16B,-0.83%,$-0.00B,$0.16B,-0.83%,$-0.00B,$0.16B,-0.81%,$-0.00B,$0.16B,-2.48%,$0,$0,$0,$0,$0,$0,$0,$0,$0,$-0,$-1,$-1,$-1,$-1,$0,$0,0,$0.00,$0.00,$0,$0,$0,$0,$0,$0,$0,$0,$0,$0,$0,$0,$0,$0,$0,$0,$0,$0,$0,$0,$0,$0,$0,$0,$0,$0,$0,$0,$0,$0,$0,$0,$0,$0,$0,$0,$0,$0,$0,$0,$0,$0,$0,$0,$0,$0,$0,$0,$0
39,2008-12-31,37.21,$0.00,0.0,0,0.0,$0.34,110.2,$0.19,200.07,$0.00B,$0.00B,0.0,$0.00B,$0.00B,0.0,$0.00B,0,nan%,$0.00B,$-0.00B,inf%,$0.00B,$-0.00B,inf%,$0.00B,$-0.00B,inf%,$0.00B,$0.00B,inf%,$0.00B,0,nan%,$0.00B,$0.00B,0.00%,$0.00B,$0.00B,0.00%,$0.00B,$0.00B,0.00%,$-0.00B,$0.00B,-2.45%,$0,$0,$0,$0,$0,$0,$-1,$0,$-0,$0,$0,$0,$0,$0,$0,$3,3,$-0.06,$-0.06,$155,$0,$0,$156,$0,$0,$0,$10,$10,$166,$1,$0,$1,$2,$3,$0,$38,$-8,$163,$166,$0,$0,$-0,$-0,$0,$0,$-0,$0,$0,$0,$0,$0,$0,$0,$-140,$-140,$0,$-140,$0,$0,$0,$0,$0,$0,$0,$0,$-139,$0,$0
40,2008-09-30,41.84,$52.36,0.8,0,0.0,$0.34,123.9,$0.19,224.96,$0.16B,$0.00B,137.91,$0.00B,$0.16B,0.0,$0.00B,0,nan%,$0.00B,$-0.00B,inf%,$0.00B,$-0.00B,inf%,$0.00B,$-0.00B,inf%,$0.00B,$0.00B,inf%,$0.00B,0,nan%,$0.00B,$0.16B,0.00%,$0.00B,$0.16B,0.00%,$0.00B,$0.17B,0.00%,$-0.00B,$0.16B,-2.45%,$0,$0,$0,$0,$1,$1,$-1,$1,$0,$-0,$0,$0,$-0,$0,$-1,$3,3,$0.12,$0.12,$154,$0,$0,$156,$0,$0,$0,$10,$10,$166,$1,$0,$1,$2,$3,$0,$38,$-8,$163,$166,$1,$0,$0,$0,$-1,$0,$-0,$-0,$-1,$0,$0,$0,$0,$0,$-138,$-138,$0,$-138,$0,$0,$0,$0,$0,$0,$0,$0,$-138,$0,$0
41,2008-06-30,43.14,$52.39,0.82,0,0.0,$0.70,61.74,$0.43,99.4,$0.16B,$0.00B,138.48,$0.00B,$0.16B,0.0,$0.00B,0,nan%,$0.00B,$-0.00B,inf%,$0.00B,$-0.00B,inf%,$0.00B,$-0.00B,inf%,$0.00B,$0.00B,inf%,$0.00B,0,nan%,$0.00B,$0.16B,0.00%,$0.00B,$0.16B,0.00%,$0.00B,$0.17B,0.00%,$-0.00B,$0.16B,-2.46%,$0,$0,$0,$0,$1,$1,$-1,$2,$1,$-0,$0,$0,$0,$-1,$-1,$3,3,$0.12,$0.12,$155,$0,$0,$156,$0,$0,$0,$10,$10,$166,$1,$0,$1,$2,$3,$0,$38,$-8,$163,$166,$0,$0,$0,$0,$0,$0,$-0,$0,$0,$1,$0,$0,$0,$0,$-139,$-139,$0,$-139,$0,$0,$0,$0,$0,$0,$0,$0,$-139,$0,$0
42,2008-03-31,42.95,$52.28,0.82,0,0.0,$0.83,51.99,$0.56,76.98,$0.16B,$0.00B,131.11,$0.00B,$0.16B,0.0,$0.00B,0,nan%,$0.00B,$-0.00B,inf%,$0.00B,$-0.00B,inf%,$0.00B,$-0.00B,inf%,$0.00B,$0.00B,inf%,$0.00B,$0.00B,inf%,$0.00B,$0.16B,0.83%,$0.00B,$0.16B,0.83%,$0.00B,$0.17B,0.81%,$-0.00B,$0.16B,-2.48%,$0,$0,$0,$0,$0,$0,$0,$0,$0,$0,$0,$0,$0,$-1,$0,$0,0,$0.00,$0.00,$0,$0,$0,$0,$0,$0,$0,$0,$0,$0,$0,$0,$0,$0,$0,$0,$0,$0,$0,$0,$0,$0,$0,$0,$0,$0,$0,$0,$0,$0,$0,$0,$0,$0,$0,$0,$0,$0,$0,$0,$0,$0,$0,$0,$0,$0,$0,$0,$0
43,2007-12-31,45.17,$0.00,0.0,0,0.0,$0.39,116.82,$0.56,80.96,$0.00B,$0.00B,0.0,$0.00B,$0.00B,0.0,$0.00B,0,nan%,$0.00B,$-0.00B,inf%,$0.00B,$-0.00B,inf%,$0.00B,$-0.00B,inf%,$0.00B,$0.00B,inf%,$0.00B,$0.00B,inf%,$0.00B,$0.00B,0.83%,$0.00B,$0.00B,0.83%,$0.00B,$0.00B,0.81%,$-0.00B,$0.00B,-2.49%,$0,$0,$0,$0,$0,$0,$-1,$0,$1,$0,$0,$0,$0,$0,$0,$3,3,$0.19,$0.19,$146,$0,$0,$147,$0,$7,$0,$10,$18,$165,$1,$0,$1,$2,$4,$0,$36,$-8,$161,$165,$2,$0,$1,$1,$-0,$0,$-0,$0,$-1,$2,$0,$0,$0,$0,$-138,$-138,$0,$-138,$0,$0,$0,$0,$0,$0,$0,$0,$-136,$-0,$0
44,2007-09-30,44.43,$51.82,0.86,0,0.0,$0.39,114.9,$0.56,79.63,$0.15B,$0.00B,108.89,$0.00B,$0.16B,0.0,$0.00B,0,nan%,$0.00B,$-0.00B,inf%,$0.00B,$-0.00B,inf%,$0.00B,$-0.00B,inf%,$0.00B,$0.00B,inf%,$0.00B,$0.00B,inf%,$0.00B,$0.16B,0.83%,$0.00B,$0.16B,0.83%,$0.00B,$0.17B,0.81%,$-0.00B,$0.16B,-2.49%,$0,$0,$0,$0,$1,$1,$-1,$2,$1,$1,$0,$0,$0,$0,$-1,$3,3,$0.25,$0.25,$153,$0,$0,$153,$0,$0,$0,$11,$11,$164,$1,$0,$1,$2,$4,$0,$36,$-8,$160,$164,$1,$0,$0,$0,$-0,$0,$-0,$0,$-1,$0,$0,$0,$0,$0,$-4,$-4,$0,$-4,$0,$0,$0,$0,$0,$0,$0,$0,$-3,$-0,$0
45,2007-06-30,41.72,$51.62,0.81,0,0.0,$0.76,54.86,$-1.49,0.0,$0.15B,$0.00B,110.34,$0.00B,$0.16B,0.0,$0.00B,0,nan%,$0.00B,$-0.00B,inf%,$0.00B,$-0.00B,inf%,$0.00B,$-0.00B,inf%,$0.00B,$0.00B,inf%,$0.00B,$-0.01B,inf%,$-0.01B,$0.16B,-4.12%,$-0.01B,$0.16B,-4.12%,$-0.01B,$0.16B,-3.19%,$-0.00B,$0.16B,-2.34%,$0,$0,$0,$0,$1,$1,$-1,$2,$1,$1,$1,$1,$1,$-1,$-1,$3,3,$0.12,$0.12,$151,$0,$0,$153,$0,$0,$0,$11,$11,$163,$1,$0,$1,$2,$4,$0,$35,$-8,$160,$163,$0,$0,$0,$0,$-1,$0,$-0,$0,$-2,$-1,$0,$0,$0,$0,$-136,$-136,$0,$-136,$0,$0,$0,$0,$0,$0,$0,$0,$-137,$0,$0
46,2007-03-31,43.94,$51.67,0.85,0,0.0,$1.12,39.12,$-1.86,0.0,$0.15B,$0.00B,112.58,$0.00B,$0.16B,0.0,$0.00B,0,nan%,$0.00B,$-0.00B,inf%,$0.00B,$-0.00B,inf%,$0.00B,$-0.00B,inf%,$0.00B,0,nan%,$0.00B,$-0.01B,inf%,$-0.01B,$0.16B,-4.82%,$-0.01B,$0.16B,-4.82%,$-0.01B,$0.16B,-3.13%,$-0.00B,$0.16B,-2.91%,$0,$0,$0,$0,$0,$0,$0,$0,$0,$1,$0,$0,$0,$-1,$0,$0,0,$0.00,$0.00,$0,$0,$0,$0,$0,$0,$0,$0,$0,$0,$0,$0,$0,$0,$0,$0,$0,$0,$0,$0,$0,$0,$0,$0,$0,$0,$0,$0,$0,$0,$0,$0,$0,$0,$0,$0,$0,$0,$0,$0,$0,$0,$0,$0,$0,$0,$0,$0,$0
47,2006-12-31,43.2,$0.00,0.0,0,0.0,$1.96,22.0,$-1.80,0.0,$0.00B,$0.00B,0.0,$0.00B,$0.00B,0.0,$0.00B,0,nan%,$0.00B,$-0.01B,inf%,$0.00B,$-0.00B,inf%,$0.00B,$-0.00B,inf%,$0.00B,$-0.00B,inf%,$0.00B,$-0.01B,inf%,$-0.01B,$0.00B,-4.71%,$-0.01B,$0.00B,-4.71%,$-0.01B,$0.00B,-2.68%,$-0.01B,$0.00B,-3.40%,$0,$0,$0,$0,$0,$0,$-1,$0,$0,$0,$0,$0,$0,$0,$0,$3,3,$-1.86,$-1.86,$90,$60,$0,$175,$90,$0,$0,$34,$124,$299,$33,$26,$0,$100,$133,$0,$37,$-5,$166,$299,$-6,$0,$8,$8,$0,$0,$-0,$1,$0,$3,$0,$0,$0,$0,$0,$0,$-15,$-15,$0,$0,$0,$0,$0,$0,$-1,$-1,$-0,$0,$0
