,Date,Stock Price,Book Value per Share,Price to Book Ratio,TTM Sales per Share,Price to Sales Ratio,TTM FCF per Share,Price to FCF Ratio,TTM Net EPS,PE Ratio,Current Assets,Current Liabilities,Current Ratio,Long Term Debt,Shareholder's Equity_x,Debt to Equity Ratio,TTM Revenue_x,TTM Gross Profit,Gross Margin,TTM Revenue_y,TTM Operating Income,Operating Margin,TTM Revenue_x,TTM EBIT,EBIT Margin,TTM Revenue_y,TTM EBITDA,EBITDA Margin,TTM Revenue_x,TTM Pre-Tax Income,Pre-Tax Margin,TTM Revenue_y,TTM Net Income_x,Net Margin,TTM Net Income_y,Shareholder's Equity_y,Return on Equity,TTM Net Income_x,Tangible Equity,Return on Tangible Equity,TTM Net Income_y,Total Assets,Return on Assets,TTM Net Income,LT Investments & Debt,Return on Investment,revenue,cost-goods-sold,gross-profit,research-development-expenses,selling-general-administrative-expenses,operating-expenses,operating-income,total-non-operating-income-expense,pre-tax-income,total-provision-income-taxes,income-after-taxes,income-from-continuous-operations,net-income,ebitda,ebit,basic-shares-outstanding,shares-outstanding,eps-basic-net-earnings-per-share,eps-earnings-per-share-diluted,cash-on-hand,inventory,other-current-assets,total-current-assets,net-property-plant-equipment,long-term-investments,goodwill-intangible-assets-total,other-long-term-assets,total-long-term-assets,total-assets,total-current-liabilities,long-term-debt,other-non-current-liabilities,total-long-term-liabilities,total-liabilities,common-stock-net,retained-earnings-accumulated-deficit,comprehensive-income,total-share-holder-equity,total-liabilities-share-holders-equity,net-income-loss,total-depreciation-amortization-cash-flow,other-non-cash-items,total-non-cash-items,change-in-accounts-receivable,change-in-inventories,change-in-accounts-payable,change-in-assets-liabilities,total-change-in-assets-liabilities,cash-flow-from-operating-activities,net-change-in-property-plant-equipment,net-change-in-intangible-assets,net-acquisitions-divestitures,net-change-in-short-term-investments,net-change-in-long-term-investments,net-change-in-investments-total,investing-activities-other,cash-flow-from-investing-activities,net-long-term-debt,net-current-debt,debt-issuance-retirement-net-total,net-common-equity-issued-repurchased,net-total-equity-issued-repurchased,total-common-preferred-stock-dividends-paid,financial-activities-other,cash-flow-from-financial-activities,net-cash-flow,stock-based-compensation,common-stock-dividends-paid
0,2018-09-30,1.79,$0.00,0.0,$1.38,1.3,$-0.17,0.0,$-0.34,0.0,$0.03B,$0.01B,2.44,$0.01B,$0.03B,0.15,$0.03B,$0.01B,42.86%,$0.03B,$-0.01B,-21.43%,$0.03B,$-0.01B,-21.43%,$0.03B,$-0.01B,-21.43%,$0.03B,$-0.01B,-21.43%,$0.03B,$-0.01B,-17.86%,$-0.01B,$0.03B,-15.15%,$-0.01B,$0.02B,-25.32%,$-0.01B,$0.06B,-9.13%,$-0.01B,$0.04B,-17.39%,$6,$3,$3,$1,$2,$6,$0,$-0,$-0,$-0,$0,$0,$0,$0,$0,$15,15,$0.01,$0.01,$3,$5,$5,$31,$1,$0,$11,$8,$26,$57,$13,$5,$4,$10,$23,$1,$-51,$0,$34,$57,$0,$0,$0,$0,$0,$0,$0,$0,$0,$0,$0,$0,$0,$0,$0,$0,$0,$0,$0,$0,$0,$0,$0,$0,$0,$0,$0,$0,$0
1,2018-06-30,2.34,$2.17,1.08,$1.61,1.45,$-0.17,0.0,$-0.30,0.0,$0.03B,$0.02B,1.62,$0.00B,$0.03B,0.0,$0.03B,$0.01B,43.75%,$0.03B,$-0.01B,-15.63%,$0.03B,$-0.01B,-15.63%,$0.03B,$-0.01B,-15.63%,$0.03B,$-0.01B,-15.63%,$0.03B,$-0.00B,-12.50%,$-0.00B,$0.03B,-11.85%,$-0.00B,$0.01B,-22.22%,$-0.00B,$0.06B,-7.34%,$-0.01B,$0.03B,-14.49%,$7,$3,$4,$1,$3,$7,$-0,$0,$-0,$-0,$0,$0,$0,$-0,$-0,$15,15,$0.00,$0.00,$3,$5,$5,$30,$1,$0,$18,$2,$26,$55,$18,$0,$4,$4,$23,$1,$-51,$0,$33,$55,$-0,$2,$-0,$2,$-1,$-0,$-2,$1,$-2,$-0,$-0,$-0,$0,$-0,$0,$-0,$-1,$-1,$0,$0,$0,$2,$2,$0,$-0,$2,$1,$0,$0
2,2018-03-31,2.73,$0.00,0.0,$1.66,1.64,$-0.21,0.0,$-0.34,0.0,$0.03B,$0.02B,1.66,$0.00B,$0.03B,0.0,$0.03B,$0.01B,39.39%,$0.03B,$-0.01B,-15.15%,$0.03B,$-0.01B,-15.15%,$0.03B,$-0.01B,-15.15%,$0.03B,$-0.01B,-18.18%,$0.03B,$-0.01B,-15.15%,$-0.01B,$0.03B,-14.49%,$-0.01B,$0.02B,-27.40%,$-0.01B,$0.05B,-9.17%,$-0.01B,$0.03B,-13.99%,$7,$3,$4,$1,$3,$8,$-1,$0,$-1,$-0,$-0,$-0,$-0,$-1,$-1,$0,0,$0.00,$0.00,$2,$5,$5,$27,$1,$0,$12,$9,$26,$53,$16,$0,$4,$4,$20,$1,$-51,$0,$32,$53,$0,$0,$0,$0,$0,$0,$0,$0,$0,$0,$0,$0,$0,$0,$0,$0,$0,$0,$0,$0,$0,$0,$0,$0,$0,$0,$0,$0,$0
3,2017-12-31,3.91,$0.00,0.0,$1.66,2.35,$-0.21,0.0,$-0.45,0.0,$0.03B,$0.02B,1.53,$0.00B,$0.03B,0.0,$0.03B,$0.01B,35.29%,$0.03B,$-0.01B,-17.65%,$0.03B,$-0.01B,-17.65%,$0.03B,$-0.01B,-17.65%,$0.03B,$-0.01B,-20.59%,$0.03B,$-0.01B,-20.59%,$-0.01B,$0.03B,-19.58%,$-0.01B,$0.02B,-41.79%,$-0.01B,$0.05B,-12.79%,$-0.01B,$0.03B,-16.22%,$8,$6,$1,$2,$4,$13,$-5,$-0,$-5,$-0,$-5,$-5,$-5,$-5,$-5,$15,15,$-0.45,$-0.45,$2,$5,$5,$27,$1,$0,$12,$9,$27,$54,$18,$0,$3,$4,$21,$1,$-50,$0,$33,$54,$-7,$4,$0,$4,$-4,$1,$2,$2,$1,$-2,$-0,$-0,$0,$0,$0,$0,$-1,$-1,$0,$1,$1,$2,$2,$0,$-0,$3,$-1,$1,$0
4,2017-09-30,3.5,$0.00,0.0,$1.41,2.48,$-0.82,0.0,$-0.13,0.0,$0.03B,$0.02B,1.64,$0.00B,$0.04B,0.04,$0.03B,$0.01B,33.33%,$0.03B,$-0.01B,-23.33%,$0.03B,$-0.01B,-23.33%,$0.03B,$-0.01B,-23.33%,$0.03B,$-0.01B,-26.67%,$0.03B,$-0.01B,-36.67%,$-0.01B,$0.04B,-29.53%,$-0.01B,$0.02B,-74.58%,$-0.01B,$0.06B,-20.18%,$-0.01B,$0.04B,-18.06%,$10,$5,$5,$2,$3,$9,$1,$-0,$1,$-0,$1,$1,$1,$1,$1,$15,15,$0.04,$0.04,$1,$6,$0,$27,$1,$0,$21,$4,$29,$56,$17,$1,$1,$3,$19,$1,$-46,$0,$37,$56,$0,$0,$0,$0,$0,$0,$0,$0,$0,$0,$0,$0,$0,$0,$0,$0,$0,$0,$0,$0,$0,$0,$0,$0,$0,$0,$0,$0,$0
5,2017-06-30,3.19,$2.44,1.31,$1.11,2.88,$-0.82,0.0,$-0.27,0.0,$0.03B,$0.02B,1.63,$0.00B,$0.04B,0.04,$0.03B,$0.01B,28.00%,$0.03B,$-0.01B,-44.00%,$0.03B,$-0.01B,-44.00%,$0.03B,$-0.01B,-44.00%,$0.03B,$-0.01B,-48.00%,$0.03B,$-0.02B,-60.00%,$-0.02B,$0.04B,-53.57%,$-0.02B,$0.02B,-139.53%,$-0.02B,$0.06B,-37.04%,$-0.01B,$0.04B,-37.93%,$8,$4,$3,$2,$4,$8,$-0,$-0,$-1,$-0,$-1,$-1,$-1,$-0,$-0,$15,15,$-0.04,$-0.04,$1,$6,$0,$25,$1,$0,$21,$4,$30,$55,$15,$1,$1,$3,$18,$1,$-46,$0,$36,$55,$-3,$2,$0,$2,$-3,$-0,$2,$1,$-0,$-1,$-0,$0,$0,$1,$0,$1,$-1,$0,$0,$0,$0,$0,$0,$0,$-0,$-0,$-1,$0,$0
6,2017-03-31,2.86,$0.00,0.0,$0.94,3.05,$-1.17,0.0,$-0.33,0.0,$0.02B,$0.01B,1.67,$0.00B,$0.04B,0.04,$0.02B,$0.01B,22.73%,$0.02B,$-0.01B,-59.09%,$0.02B,$-0.01B,-59.09%,$0.02B,$-0.01B,-59.09%,$0.02B,$-0.01B,-59.09%,$0.02B,$-0.02B,-72.73%,$-0.02B,$0.04B,-50.39%,$-0.02B,$0.02B,-101.59%,$-0.02B,$0.05B,-37.43%,$-0.01B,$0.04B,-40.00%,$8,$5,$3,$2,$4,$10,$-2,$-0,$-2,$-0,$-2,$-2,$-2,$-2,$-2,$0,0,$0.00,$0.00,$2,$6,$0,$24,$1,$0,$22,$4,$30,$54,$14,$1,$1,$3,$17,$1,$-46,$0,$37,$54,$0,$0,$0,$0,$0,$0,$0,$0,$0,$0,$0,$0,$0,$0,$0,$0,$0,$0,$0,$0,$0,$0,$0,$0,$0,$0,$0,$0,$0
7,2016-12-31,3.39,$2.59,1.31,$1.32,2.56,$-1.17,0.0,$-0.19,0.0,$0.02B,$0.01B,1.65,$0.00B,$0.04B,0.02,$0.02B,$0.00B,15.00%,$0.02B,$-0.01B,-60.00%,$0.02B,$-0.01B,-60.00%,$0.02B,$-0.01B,-60.00%,$0.02B,$-0.01B,-60.00%,$0.02B,$-0.01B,-70.00%,$-0.01B,$0.04B,-43.41%,$-0.01B,$0.01B,-86.15%,$-0.01B,$0.05B,-32.94%,$-0.01B,$0.04B,-36.36%,$4,$5,$-1,$3,$5,$10,$-6,$-0,$-6,$4,$-9,$-9,$-9,$-6,$-6,$15,15,$-0.63,$-0.63,$3,$5,$0,$21,$2,$0,$26,$0,$32,$53,$13,$1,$0,$2,$15,$1,$-44,$0,$39,$53,$-14,$3,$-9,$-6,$5,$0,$-0,$4,$9,$-11,$-0,$-0,$-5,$2,$0,$2,$-2,$-5,$0,$0,$0,$-3,$-3,$0,$-2,$-5,$-21,$1,$0
8,2016-09-30,3.43,$0.00,0.0,$1.53,2.24,$-0.69,0.0,$-0.23,0.0,$0.00B,$0.00B,0.0,$0.00B,$0.00B,0.0,$0.02B,$0.01B,34.78%,$0.02B,$-0.01B,-34.78%,$0.02B,$-0.01B,-34.78%,$0.02B,$-0.01B,-34.78%,$0.02B,$-0.01B,-39.13%,$0.02B,$-0.01B,-30.43%,$-0.01B,$0.00B,-19.44%,$-0.01B,$0.00B,-29.47%,$-0.01B,$0.00B,-15.30%,$-0.01B,$0.00B,-21.77%,$5,$3,$2,$1,$4,$8,$-3,$-0,$-3,$0,$-3,$-3,$-3,$-3,$-3,$15,15,$-0.21,$-0.21,$0,$0,$0,$0,$0,$0,$0,$0,$0,$0,$0,$0,$0,$0,$0,$0,$0,$0,$0,$0,$0,$0,$0,$0,$0,$0,$0,$0,$0,$0,$0,$0,$0,$0,$0,$0,$0,$0,$0,$0,$0,$0,$0,$0,$0,$0,$0,$0,$0
9,2016-06-30,3.8,$0.00,0.0,$1.54,2.46,$-0.69,0.0,$-0.13,0.0,$0.04B,$0.01B,3.28,$0.00B,$0.05B,0.02,$0.02B,$0.01B,37.50%,$0.02B,$-0.01B,-20.83%,$0.02B,$-0.01B,-20.83%,$0.02B,$-0.01B,-20.83%,$0.02B,$-0.01B,-25.00%,$0.02B,$-0.00B,-16.67%,$-0.00B,$0.05B,-7.84%,$-0.00B,$0.04B,-10.88%,$-0.00B,$0.06B,-6.27%,$-0.01B,$0.05B,-9.62%,$5,$4,$1,$2,$4,$7,$-2,$-0,$-2,$-0,$-2,$-2,$-2,$-2,$-2,$15,15,$-0.10,$-0.10,$10,$6,$0,$36,$1,$0,$16,$6,$28,$64,$11,$1,$0,$2,$13,$1,$-31,$0,$51,$64,$-1,$1,$-6,$-5,$-1,$1,$-1,$2,$0,$-6,$-0,$0,$-4,$2,$0,$2,$-1,$-4,$0,$0,$0,$-2,$-2,$0,$-2,$-4,$-14,$1,$0
10,2016-03-31,3.98,$0.00,0.0,$1.76,2.26,$-0.40,0.0,$0.05,79.6,$0.02B,$0.01B,1.79,$0.00B,$0.04B,0.02,$0.03B,$0.01B,48.15%,$0.03B,$-0.00B,-7.41%,$0.03B,$-0.00B,-7.41%,$0.03B,$-0.00B,-7.41%,$0.03B,$-0.00B,-11.11%,$0.03B,$-0.00B,-3.70%,$-0.00B,$0.04B,-1.88%,$-0.00B,$0.02B,-2.45%,$-0.00B,$0.05B,-1.52%,$-0.00B,$0.04B,-3.69%,$6,$5,$1,$1,$4,$7,$-1,$-0,$-1,$-1,$0,$0,$0,$-1,$-1,$15,15,$0.01,$0.01,$3,$6,$0,$23,$1,$0,$22,$5,$30,$53,$13,$1,$0,$2,$15,$1,$-44,$0,$39,$53,$0,$0,$0,$0,$0,$0,$0,$0,$0,$0,$0,$0,$0,$0,$0,$0,$0,$0,$0,$0,$0,$0,$0,$0,$0,$0,$0,$0,$0
11,2015-12-31,5.22,$3.51,1.49,$1.93,2.71,$-0.40,0.0,$0.19,27.47,$0.05B,$0.01B,4.7,$0.00B,$0.05B,0.02,$0.03B,$0.02B,58.62%,$0.03B,$0.00B,6.90%,$0.03B,$0.00B,6.90%,$0.03B,$0.00B,6.90%,$0.03B,$0.00B,3.45%,$0.03B,$0.00B,3.45%,$0.00B,$0.05B,1.95%,$0.00B,$0.04B,2.38%,$0.00B,$0.07B,1.59%,$0.00B,$0.06B,3.83%,$7,$3,$4,$2,$3,$10,$-2,$-0,$-3,$-0,$-2,$-2,$-2,$-2,$-2,$15,15,$-0.16,$-0.16,$26,$4,$0,$48,$1,$0,$11,$4,$18,$66,$10,$1,$0,$1,$12,$1,$-30,$0,$54,$66,$1,$2,$2,$3,$-4,$-2,$1,$-3,$-8,$-4,$-1,$0,$-1,$2,$0,$2,$-2,$-2,$0,$0,$0,$24,$24,$0,$-1,$23,$17,$2,$0
12,2015-09-30,8.0,$0.00,0.0,$2.10,3.81,$0.33,24.2,$0.16,50.0,$0.06B,$0.01B,5.71,$0.00B,$0.06B,0.03,$0.03B,$0.02B,63.33%,$0.03B,$0.01B,16.67%,$0.03B,$0.01B,16.67%,$0.03B,$0.01B,20.00%,$0.03B,$0.01B,16.67%,$0.03B,$0.00B,6.67%,$0.00B,$0.06B,4.47%,$0.00B,$0.05B,5.52%,$0.00B,$0.07B,3.49%,$0.01B,$0.06B,10.87%,$6,$3,$3,$0,$2,$6,$0,$-0,$0,$0,$0,$0,$0,$0,$0,$16,16,$0.00,$0.00,$33,$2,$0,$57,$2,$0,$8,$4,$15,$72,$10,$1,$0,$2,$12,$1,$-28,$0,$60,$72,$0,$0,$0,$0,$0,$0,$0,$0,$0,$0,$0,$0,$0,$0,$0,$0,$0,$0,$0,$0,$0,$0,$0,$0,$0,$0,$0,$0,$0
13,2015-06-30,12.68,$0.00,0.0,$2.41,5.26,$0.33,38.35,$0.43,29.49,$0.06B,$0.01B,5.61,$0.00B,$0.06B,0.03,$0.03B,$0.02B,69.70%,$0.03B,$0.01B,27.27%,$0.03B,$0.01B,27.27%,$0.03B,$0.01B,27.27%,$0.03B,$0.01B,27.27%,$0.03B,$0.01B,18.18%,$0.01B,$0.06B,16.22%,$0.01B,$0.05B,22.22%,$0.01B,$0.07B,12.18%,$0.01B,$0.06B,23.68%,$8,$3,$5,$1,$3,$6,$1,$-0,$1,$0,$1,$1,$1,$1,$1,$14,14,$0.08,$0.08,$35,$2,$0,$58,$1,$0,$8,$4,$14,$72,$10,$1,$0,$2,$12,$1,$-28,$0,$60,$72,$3,$1,$1,$2,$-4,$-0,$-0,$-2,$-6,$-1,$-0,$0,$0,$2,$0,$2,$-0,$2,$0,$0,$0,$27,$27,$0,$0,$27,$28,$1,$0
14,2015-03-31,8.39,$0.00,0.0,$2.38,3.52,$0.28,30.3,$0.51,16.45,$0.03B,$0.01B,2.85,$0.00B,$0.03B,0.05,$0.03B,$0.02B,71.88%,$0.03B,$0.01B,31.25%,$0.03B,$0.01B,31.25%,$0.03B,$0.01B,34.38%,$0.03B,$0.01B,31.25%,$0.03B,$0.01B,21.88%,$0.01B,$0.03B,24.78%,$0.01B,$0.02B,41.18%,$0.01B,$0.04B,17.28%,$0.01B,$0.03B,34.48%,$8,$2,$5,$1,$2,$5,$3,$0,$3,$1,$2,$2,$2,$3,$3,$14,14,$0.15,$0.15,$9,$1,$0,$28,$1,$0,$9,$4,$14,$42,$10,$1,$0,$2,$11,$1,$-29,$0,$31,$42,$0,$0,$0,$0,$0,$0,$0,$0,$0,$0,$0,$0,$0,$0,$0,$0,$0,$0,$0,$0,$0,$0,$0,$0,$0,$0,$0,$0,$0
15,2014-12-31,10.21,$2.06,4.96,$2.23,4.59,$0.28,36.87,$0.46,22.2,$0.03B,$0.01B,2.24,$0.00B,$0.03B,0.05,$0.03B,$0.02B,75.86%,$0.03B,$0.01B,27.59%,$0.03B,$0.01B,27.59%,$0.03B,$0.01B,31.03%,$0.03B,$0.01B,27.59%,$0.03B,$0.01B,20.69%,$0.01B,$0.03B,23.30%,$0.01B,$0.02B,46.15%,$0.01B,$0.04B,15.89%,$0.01B,$0.03B,30.48%,$8,$2,$6,$1,$5,$8,$1,$0,$1,$2,$-1,$-1,$-1,$2,$1,$13,13,$-0.07,$-0.07,$10,$2,$0,$28,$1,$0,$9,$5,$15,$43,$13,$1,$0,$2,$15,$1,$-31,$0,$28,$43,$6,$2,$2,$2,$-6,$-1,$1,$2,$-4,$6,$-1,$0,$0,$-5,$0,$-5,$-1,$-7,$0,$-0,$0,$3,$3,$0,$0,$3,$2,$0,$0
16,2014-09-30,12.35,$0.00,0.0,$1.89,6.52,$-0.25,0.0,$0.62,19.92,$0.02B,$0.01B,3.08,$0.00B,$0.03B,0.0,$0.02B,$0.02B,75.00%,$0.02B,$0.01B,29.17%,$0.02B,$0.01B,29.17%,$0.02B,$0.01B,29.17%,$0.02B,$0.01B,29.17%,$0.02B,$0.01B,33.33%,$0.01B,$0.03B,34.04%,$0.01B,$0.02B,72.73%,$0.01B,$0.04B,23.02%,$0.01B,$0.03B,28.57%,$9,$2,$7,$1,$2,$5,$4,$-0,$4,$0,$4,$4,$4,$3,$4,$14,14,$0.27,$0.27,$6,$1,$3,$21,$0,$0,$14,$0,$19,$40,$7,$0,$4,$4,$11,$1,$-30,$0,$29,$40,$0,$0,$0,$0,$0,$0,$0,$0,$0,$0,$0,$0,$0,$0,$0,$0,$0,$0,$0,$0,$0,$0,$0,$0,$0,$0,$0,$0,$0
17,2014-06-30,10.27,$0.00,0.0,$1.44,7.13,$-0.25,0.0,$0.50,20.54,$0.02B,$0.01B,2.31,$0.00B,$0.03B,0.0,$0.02B,$0.01B,76.47%,$0.02B,$0.00B,17.65%,$0.02B,$0.00B,17.65%,$0.02B,$0.00B,23.53%,$0.02B,$0.00B,17.65%,$0.02B,$0.01B,29.41%,$0.01B,$0.03B,28.17%,$0.01B,$0.01B,57.14%,$0.01B,$0.04B,18.35%,$0.00B,$0.03B,16.00%,$7,$2,$5,$1,$3,$5,$2,$-0,$2,$0,$2,$2,$2,$3,$2,$13,14,$0.16,$0.16,$3,$1,$1,$18,$0,$0,$14,$0,$19,$37,$8,$0,$4,$4,$12,$1,$-34,$0,$25,$37,$3,$1,$0,$1,$-6,$-0,$1,$-1,$-7,$-2,$-0,$0,$0,$-0,$0,$-0,$-0,$-1,$0,$0,$0,$2,$2,$0,$0,$3,$-1,$0,$0
18,2014-03-31,6.37,$0.00,0.0,$1.09,5.84,$-0.07,0.0,$0.62,10.27,$0.01B,$0.01B,1.86,$0.00B,$0.02B,0.0,$0.01B,$0.01B,83.33%,$0.01B,$0.00B,16.67%,$0.01B,$0.00B,16.67%,$0.01B,$0.00B,16.67%,$0.01B,$0.00B,16.67%,$0.01B,$0.01B,50.00%,$0.01B,$0.02B,47.06%,$0.01B,$0.01B,82.76%,$0.01B,$0.03B,30.00%,$0.00B,$0.02B,14.55%,$5,$1,$4,$1,$2,$4,$1,$-0,$1,$0,$1,$1,$1,$1,$1,$13,13,$0.10,$0.10,$2,$1,$2,$12,$0,$0,$15,$0,$19,$31,$6,$0,$4,$4,$11,$1,$-36,$0,$21,$31,$0,$0,$0,$0,$0,$0,$0,$0,$0,$0,$0,$0,$0,$0,$0,$0,$0,$0,$0,$0,$0,$0,$0,$0,$0,$0,$0,$0,$0
19,2013-12-31,4.62,$1.46,3.17,$0.91,5.1,$-0.07,0.0,$0.65,7.14,$0.01B,$0.01B,1.49,$0.00B,$0.02B,0.17,$0.01B,$0.01B,88.89%,$0.01B,$0.00B,22.22%,$0.01B,$0.00B,22.22%,$0.01B,$0.00B,22.22%,$0.01B,$0.00B,22.22%,$0.01B,$0.01B,66.67%,$0.01B,$0.02B,75.00%,$0.01B,$0.01B,96.00%,$0.01B,$0.03B,44.44%,$0.00B,$0.02B,22.22%,$3,$1,$2,$0,$2,$3,$-0,$-0,$-0,$-1,$1,$1,$1,$-0,$-0,$9,9,$0.09,$0.09,$3,$1,$6,$12,$0,$0,$7,$8,$19,$31,$8,$3,$4,$8,$12,$1,$-37,$0,$19,$32,$6,$0,$-5,$0,$-4,$-0,$-0,$2,$-2,$-1,$-0,$0,$-9,$-0,$0,$0,$-0,$-9,$0,$-0,$0,$12,$12,$0,$0,$12,$2,$0,$0
20,2013-09-30,4.79,$0.00,0.0,$0.93,5.18,0,0.0,$0.73,6.58,$0.01B,$0.00B,1.74,$0.00B,$0.01B,0.0,$0.01B,$0.01B,100.00%,$0.01B,$0.00B,33.33%,$0.01B,$0.00B,33.33%,$0.01B,$0.00B,33.33%,$0.01B,$0.00B,33.33%,$0.01B,$0.01B,77.78%,$0.01B,$0.01B,200.00%,$0.01B,$0.01B,200.00%,$0.01B,$0.01B,103.70%,$0.00B,$0.01B,85.71%,$2,$0,$2,$0,$1,$2,$0,$-0,$0,$-1,$1,$1,$1,$0,$0,$9,10,$0.16,$0.15,$0,$1,$3,$6,$0,$0,$0,$0,$4,$10,$4,$0,$0,$0,$4,$1,$-38,$0,$6,$10,$0,$0,$0,$0,$0,$0,$0,$0,$0,$0,$0,$0,$0,$0,$0,$0,$0,$0,$0,$0,$0,$0,$0,$0,$0,$0,$0,$0,$0
21,2013-06-30,2.21,$0.00,0.0,$0.91,2.44,0,0.0,$0.62,3.56,$0.01B,$0.00B,2.2,$0.00B,$0.01B,0.0,$0.01B,$0.01B,88.89%,$0.01B,$0.00B,44.44%,$0.01B,$0.00B,44.44%,$0.01B,$0.00B,44.44%,$0.01B,$0.00B,44.44%,$0.01B,$0.01B,77.78%,$0.01B,$0.01B,400.00%,$0.01B,$0.01B,400.00%,$0.01B,$0.01B,155.56%,$0.00B,$0.01B,228.57%,$2,$0,$2,$0,$1,$1,$1,$-0,$1,$-2,$3,$3,$3,$1,$1,$10,11,$0.30,$0.28,$0,$0,$4,$7,$0,$0,$0,$0,$1,$8,$3,$0,$0,$0,$3,$1,$-39,$0,$5,$8,$0,$0,$0,$0,$0,$0,$0,$0,$0,$0,$0,$0,$0,$0,$0,$0,$0,$0,$0,$0,$0,$0,$0,$0,$0,$0,$0,$0,$0
22,2013-03-31,1.7,$0.00,0.0,$0.98,1.73,0,0.0,$0.72,2.35,$0.00B,$0.00B,1.42,$0.00B,$0.00B,0.0,$0.01B,$0.01B,77.78%,$0.01B,$0.00B,44.44%,$0.01B,$0.00B,44.44%,$0.01B,$0.00B,44.44%,$0.01B,$0.01B,66.67%,$0.01B,$0.01B,77.78%,$0.01B,$0.00B,2800.00%,$0.01B,$0.00B,2800.00%,$0.01B,$0.01B,233.33%,$0.00B,$0.00B,1600.00%,$2,$0,$2,$0,$1,$1,$1,$-0,$1,$-0,$1,$1,$1,$1,$1,$9,10,$0.13,$0.13,$0,$0,$1,$4,$0,$0,$0,$0,$1,$5,$3,$0,$0,$0,$3,$1,$-42,$0,$2,$5,$0,$0,$0,$0,$0,$0,$0,$0,$0,$0,$0,$0,$0,$0,$0,$0,$0,$0,$0,$0,$0,$0,$0,$0,$0,$0,$0,$0,$0
23,2012-12-31,0.6,$0.00,0.0,$1.38,0.43,0,0.0,$0.64,0.93,$0.00B,$0.00B,1.05,$0.00B,$0.00B,0.0,$0.01B,$0.01B,66.67%,$0.01B,$0.00B,33.33%,$0.01B,$0.00B,33.33%,$0.01B,$0.00B,33.33%,$0.01B,$0.01B,55.56%,$0.01B,$0.01B,66.67%,$0.01B,$0.00B,-400.00%,$0.01B,$0.00B,-400.00%,$0.01B,$0.00B,266.67%,$0.00B,$0.00B,-200.00%,$3,$-0,$3,$0,$3,$3,$1,$-0,$1,$-1,$2,$2,$2,$1,$1,$8,10,$0.17,$0.17,$0,$0,$1,$3,$0,$0,$0,$0,$1,$4,$3,$0,$0,$0,$3,$1,$-44,$0,$1,$4,$5,$0,$-3,$0,$-0,$-0,$-1,$-1,$-2,$0,$-0,$0,$0,$0,$0,$0,$0,$-0,$0,$-0,$0,$0,$0,$0,$0,$-0,$0,$0,$0
24,2012-09-30,0.6,$0.00,0.0,$1.58,0.38,$-0.06,0.0,$0.77,0.78,$0.00B,$0.00B,0.53,$0.00B,$-0.00B,0.0,$0.01B,$0.00B,50.00%,$0.01B,$0.00B,25.00%,$0.01B,$0.00B,25.00%,$0.01B,$0.00B,25.00%,$0.01B,$0.01B,62.50%,$0.01B,$0.01B,62.50%,$0.01B,$-0.00B,-153.85%,$0.01B,$-0.00B,-153.85%,$0.01B,$0.00B,285.71%,$0.00B,$-0.00B,-61.54%,$2,$0,$1,$0,$1,$1,$1,$-0,$1,$0,$1,$1,$1,$1,$1,$8,10,$0.04,$0.04,$0,$0,$0,$1,$0,$0,$0,$0,$0,$1,$2,$0,$0,$0,$2,$1,$-45,$0,$-1,$1,$0,$0,$0,$0,$0,$0,$0,$0,$0,$0,$0,$0,$0,$0,$0,$0,$0,$0,$0,$0,$0,$0,$0,$0,$0,$0,$0,$0,$0
25,2012-06-30,0.64,$0.00,0.0,$2.24,0.29,$-0.06,0.0,$0.64,1.0,$0.00B,$0.00B,0.5,$0.00B,$-0.00B,0.0,$0.01B,$0.00B,50.00%,$0.01B,$0.00B,12.50%,$0.01B,$0.00B,12.50%,$0.01B,$0.00B,12.50%,$0.01B,$0.00B,50.00%,$0.01B,$0.00B,50.00%,$0.00B,$-0.00B,-84.21%,$0.00B,$-0.00B,-84.21%,$0.00B,$0.00B,200.00%,$0.00B,$-0.00B,-21.05%,$2,$0,$1,$0,$1,$1,$1,$2,$3,$0,$3,$3,$3,$1,$1,$6,7,$0.43,$0.38,$0,$0,$0,$2,$0,$0,$0,$0,$0,$2,$3,$0,$0,$0,$3,$0,$-46,$0,$-1,$2,$0,$0,$0,$0,$0,$0,$0,$0,$0,$0,$0,$0,$0,$0,$0,$0,$0,$0,$0,$0,$0,$0,$0,$0,$0,$0,$0,$0,$0
26,2012-03-31,0.68,$0.00,0.0,$2.98,0.23,$-0.06,0.0,$0.43,1.6,$0.00B,$0.01B,0.24,$0.00B,$-0.01B,0.0,$0.01B,$0.00B,50.00%,$0.01B,0,0.00%,$0.01B,0,0.00%,$0.01B,0,0.00%,$0.01B,$0.00B,12.50%,$0.01B,$0.00B,12.50%,$0.00B,$-0.01B,-16.00%,$0.00B,$-0.01B,-16.00%,$0.00B,$0.00B,50.00%,$0.00B,$-0.01B,0.00%,$2,$1,$1,$0,$1,$2,$0,$-0,$0,$0,$0,$0,$0,$0,$0,$3,4,$0.04,$0.04,$0,$0,$0,$2,$0,$0,$0,$0,$0,$2,$7,$0,$0,$0,$7,$0,$-48,$0,$-5,$2,$0,$0,$0,$0,$0,$0,$0,$0,$0,$0,$0,$0,$0,$0,$0,$0,$0,$0,$0,$0,$0,$0,$0,$0,$0,$0,$0,$0,$0
27,2011-12-31,0.38,$0.00,0.0,$3.45,0.11,$-0.06,0.0,$0.30,1.29,$0.00B,$0.01B,0.27,$0.00B,$-0.01B,0.0,$0.01B,$0.00B,50.00%,$0.01B,0,0.00%,$0.01B,0,0.00%,$0.01B,0,0.00%,$0.01B,$0.00B,12.50%,$0.01B,$0.00B,12.50%,$0.00B,$-0.01B,-14.29%,$0.00B,$-0.01B,-14.29%,$0.00B,$0.00B,50.00%,$0.00B,$-0.01B,0.00%,$2,$1,$1,$0,$1,$2,$0,$1,$1,$-0,$1,$1,$1,$0,$0,$3,4,$0.34,$0.30,$0,$0,$0,$2,$0,$0,$0,$0,$0,$2,$8,$0,$0,$0,$8,$0,$-48,$0,$-6,$2,$1,$0,$0,$0,$0,$0,$0,$0,$1,$-0,$-0,$0,$0,$0,$0,$0,$0,$0,$0,$0,$-0,$0,$0,$0,$0,$0,$0,$0,$0
28,2011-09-30,0.51,$0.00,0.0,$3.92,0.13,$-0.65,0.0,$0.04,12.0,$0.00B,$0.01B,0.17,$0.00B,$-0.01B,0.0,$0.01B,$0.00B,50.00%,$0.01B,0,0.00%,$0.01B,0,0.00%,$0.01B,0,0.00%,$0.01B,0,0.00%,$0.01B,0,0.00%,$0.00B,$-0.01B,0.00%,$0.00B,$-0.01B,0.00%,$0.00B,$0.00B,0.00%,$0.00B,$-0.01B,0.00%,$2,$1,$1,$0,$1,$2,$0,$-0,$-0,$0,$-0,$-0,$-0,$0,$0,$2,2,$-0.09,$-0.09,$0,$0,$0,$2,$0,$0,$0,$0,$0,$2,$9,$0,$0,$0,$9,$0,$-49,$0,$-7,$2,$0,$0,$0,$0,$0,$0,$0,$0,$0,$0,$0,$0,$0,$0,$0,$0,$0,$0,$0,$0,$0,$0,$0,$0,$0,$0,$0,$0,$0
29,2011-06-30,0.51,$0.00,0.0,$4.50,0.11,$-0.65,0.0,$-0.26,0.0,$0.00B,$0.01B,0.15,$0.00B,$-0.01B,0.0,$0.01B,$0.00B,50.00%,$0.01B,$-0.00B,-12.50%,$0.01B,$-0.00B,-12.50%,$0.01B,$-0.00B,-12.50%,$0.01B,$-0.00B,-12.50%,$0.01B,$-0.00B,-12.50%,$-0.00B,$-0.01B,12.90%,$-0.00B,$-0.01B,12.90%,$-0.00B,$0.00B,-50.00%,$-0.00B,$-0.01B,16.00%,$2,$1,$1,$0,$1,$2,$-0,$1,$0,$0,$0,$0,$0,$-0,$-0,$2,2,$0.26,$0.17,$0,$0,$0,$1,$0,$0,$0,$0,$0,$2,$9,$0,$0,$0,$9,$0,$-49,$0,$-7,$2,$0,$0,$0,$0,$0,$0,$0,$0,$0,$0,$0,$0,$0,$0,$0,$0,$0,$0,$0,$0,$0,$0,$0,$0,$0,$0,$0,$0,$0
30,2011-03-31,0.3,$0.00,0.0,$3.51,0.08,$-0.65,0.0,$-0.43,0.0,$0.00B,$0.01B,0.14,$0.00B,$-0.01B,0.0,$0.01B,$0.00B,50.00%,$0.01B,$-0.00B,-12.50%,$0.01B,$-0.00B,-12.50%,$0.01B,$-0.00B,-12.50%,$0.01B,$-0.00B,-25.00%,$0.01B,$-0.00B,-25.00%,$-0.00B,$-0.01B,25.00%,$-0.00B,$-0.01B,25.00%,$-0.00B,$0.00B,-100.00%,$-0.00B,$-0.01B,19.05%,$2,$1,$1,$0,$1,$2,$-0,$-0,$-0,$0,$-0,$-0,$-0,$-0,$-0,$2,2,$-0.09,$-0.09,$0,$0,$0,$1,$0,$0,$0,$0,$0,$2,$9,$0,$0,$0,$10,$0,$-50,$0,$-8,$2,$0,$0,$0,$0,$0,$0,$0,$0,$0,$0,$0,$0,$0,$0,$0,$0,$0,$0,$0,$0,$0,$0,$0,$0,$0,$0,$0,$0,$0
31,2010-12-31,0.3,$0.00,0.0,$3.39,0.09,$-0.65,0.0,$-0.98,0.0,$0.00B,$0.01B,0.37,$0.01B,$-0.01B,-0.65,$0.01B,$0.00B,57.14%,$0.01B,$-0.00B,-28.57%,$0.01B,$-0.00B,-28.57%,$0.01B,$-0.00B,-28.57%,$0.01B,$-0.00B,-42.86%,$0.01B,$-0.00B,-42.86%,$-0.00B,$-0.01B,38.71%,$-0.00B,$-0.01B,38.71%,$-0.00B,$0.00B,-150.00%,$-0.00B,$-0.00B,50.00%,$2,$1,$1,$0,$1,$2,$-0,$0,$0,$0,$0,$0,$0,$-0,$-0,$2,2,$0.04,$0.04,$0,$0,$0,$2,$0,$0,$0,$0,$0,$2,$5,$5,$0,$5,$10,$0,$-49,$0,$-8,$2,$-2,$0,$0,$0,$0,$0,$0,$0,$1,$-1,$-0,$0,$0,$0,$0,$0,$1,$1,$0,$0,$0,$0,$0,$0,$-0,$0,$-0,$0,$0
32,2010-09-30,0.43,$0.00,0.0,$2.39,0.18,0,0.0,$-1.02,0.0,$0.00B,$0.01B,0.18,$0.00B,$-0.01B,-0.11,$0.00B,$0.00B,100.00%,$0.00B,$-0.00B,-100.00%,$0.00B,$-0.00B,-100.00%,$0.00B,$-0.00B,-100.00%,$0.00B,$-0.00B,-150.00%,$0.00B,$-0.01B,-300.00%,$-0.01B,$-0.01B,82.76%,$-0.01B,$-0.01B,82.76%,$-0.01B,$0.00B,-218.18%,$-0.00B,$-0.01B,53.33%,$2,$1,$1,$0,$2,$3,$-1,$-0,$-1,$0,$-1,$-1,$-1,$-1,$-1,$1,1,$-0.38,$-0.38,$0,$0,$0,$2,$0,$0,$0,$0,$0,$2,$9,$1,$0,$1,$10,$0,$-49,$0,$-8,$2,$0,$0,$0,$0,$0,$0,$0,$0,$0,$0,$0,$0,$0,$0,$0,$0,$0,$0,$0,$0,$0,$0,$0,$0,$0,$0,$0,$0,$0
33,2010-06-30,0.68,$0.00,0.0,$4.00,0.17,0,0.0,$-1.02,0.0,$0.00B,$0.01B,0.32,$0.00B,$-0.01B,-0.56,$0.00B,$0.00B,100.00%,$0.00B,$-0.00B,-25.00%,$0.00B,$-0.00B,-25.00%,$0.00B,$-0.00B,-25.00%,$0.00B,$-0.00B,-50.00%,$0.00B,$-0.01B,-125.00%,$-0.01B,$-0.01B,83.33%,$-0.01B,$-0.01B,76.92%,$-0.01B,$0.00B,-125.00%,$-0.00B,$-0.00B,57.14%,$2,$0,$1,$0,$2,$2,$-0,$-0,$-1,$0,$-1,$-1,$-1,$-0,$-0,$0,0,$0.00,$0.00,$0,$0,$0,$2,$0,$0,$0,$0,$0,$2,$5,$4,$0,$5,$10,$0,$-49,$0,$-8,$2,$0,$0,$0,$0,$0,$0,$0,$0,$0,$0,$0,$0,$0,$0,$0,$0,$0,$0,$0,$0,$0,$0,$0,$0,$0,$0,$0,$0,$0
34,2010-03-31,0.64,$0.00,0.0,$6.82,0.09,0,0.0,$-1.66,0.0,$0.00B,$0.01B,0.39,$0.00B,$-0.01B,-0.6,$0.01B,$0.01B,83.33%,$0.01B,$-0.00B,-33.33%,$0.01B,$-0.00B,-33.33%,$0.01B,$-0.00B,-33.33%,$0.01B,$-0.00B,-33.33%,$0.01B,$-0.01B,-83.33%,$-0.01B,$-0.01B,105.26%,$-0.01B,$-0.01B,86.96%,$-0.01B,$0.00B,-100.00%,$-0.00B,$-0.00B,266.67%,$1,$0,$1,$0,$1,$2,$-1,$-0,$-1,$0,$-1,$-1,$-1,$-1,$-1,$1,1,$-0.64,$-0.64,$1,$0,$0,$2,$0,$0,$0,$0,$0,$2,$5,$4,$0,$5,$9,$0,$-48,$0,$-7,$2,$0,$0,$0,$0,$0,$0,$0,$0,$0,$0,$0,$0,$0,$0,$0,$0,$0,$0,$0,$0,$0,$0,$0,$0,$0,$0,$0,$0,$0
35,2009-12-31,0.85,$0.00,0.0,$9.36,0.09,0,0.0,$-1.79,0.0,$0.00B,$0.01B,0.67,$0.00B,$-0.01B,-0.69,$0.01B,$0.01B,66.67%,$0.01B,$-0.00B,-22.22%,$0.01B,$-0.00B,-22.22%,$0.01B,$-0.00B,-22.22%,$0.01B,$-0.00B,-22.22%,$0.01B,$-0.01B,-55.56%,$-0.01B,$-0.01B,166.67%,$-0.01B,$-0.01B,125.00%,$-0.01B,$0.01B,-111.11%,$-0.00B,$-0.00B,inf%,$-3,$-2,$-1,$-0,$-1,$-2,$-0,$-0,$-0,$0,$-0,$-0,$-3,$-0,$-0,$0,0,$0.00,$0.00,$1,$0,$2,$4,$0,$0,$0,$0,$0,$5,$6,$4,$0,$5,$11,$0,$-47,$0,$-6,$5,$-5,$1,$0,$1,$0,$0,$0,$0,$1,$-2,$-0,$0,$0,$0,$0,$0,$2,$2,$0,$-0,$-0,$0,$0,$0,$-0,$-0,$-0,$0,$0
36,2009-09-30,1.66,$0.00,0.0,$9.36,0.18,0,0.0,$-1.79,0.0,$0.00B,$0.01B,0.78,$0.00B,$0.00B,0.0,$0.02B,$0.01B,55.56%,$0.02B,$-0.00B,-16.67%,$0.02B,$-0.00B,-16.67%,$0.02B,$-0.00B,-22.22%,$0.02B,$-0.01B,-33.33%,$0.02B,$-0.01B,-38.89%,$-0.01B,$-0.00B,350.00%,$-0.01B,$-0.01B,200.00%,$-0.01B,$0.01B,-127.27%,$-0.00B,$0.00B,inf%,$4,$1,$3,$0,$2,$4,$-0,$-0,$-0,$0,$-0,$-0,$-0,$-0,$-0,$1,1,$-0.38,$-0.38,$1,$1,$0,$4,$0,$0,$2,$0,$2,$7,$6,$4,$0,$5,$10,$0,$0,$0,$-3,$7,$0,$0,$0,$0,$0,$0,$0,$0,$0,$0,$0,$0,$0,$0,$0,$0,$0,$0,$0,$0,$0,$0,$0,$0,$0,$0,$0,$0,$0
37,2009-06-30,1.19,$0.00,0.0,$11.08,0.11,$-4.17,0.0,$-3.23,0.0,$0.00B,$0.01B,0.71,$0.00B,$0.00B,0.0,$0.02B,$0.01B,50.00%,$0.02B,$-0.00B,-20.00%,$0.02B,$-0.00B,-20.00%,$0.02B,$-0.01B,-25.00%,$0.02B,$-0.01B,-40.00%,$0.02B,$-0.01B,-45.00%,$-0.01B,$-0.00B,1200.00%,$-0.01B,$-0.01B,300.00%,$-0.01B,$0.01B,-120.00%,$-0.00B,$0.00B,-1600.00%,$4,$1,$2,$0,$2,$4,$-1,$-0,$-1,$0,$-1,$-1,$-1,$-1,$-1,$1,1,$-0.64,$-0.64,$1,$1,$0,$4,$0,$0,$2,$0,$2,$6,$5,$4,$0,$4,$9,$0,$0,$0,$-3,$6,$0,$0,$0,$0,$0,$0,$0,$0,$0,$0,$0,$0,$0,$0,$0,$0,$0,$0,$0,$0,$0,$0,$0,$0,$0,$0,$0,$0,$0
38,2009-03-31,1.66,$0.00,0.0,$12.62,0.13,$-4.17,0.0,$-3.87,0.0,$0.00B,$0.00B,0.0,$0.00B,$0.00B,0.0,$0.02B,$0.01B,52.38%,$0.02B,$-0.00B,-19.05%,$0.02B,$-0.00B,-19.05%,$0.02B,$-0.01B,-23.81%,$0.02B,$-0.01B,-42.86%,$0.02B,$-0.01B,-47.62%,$-0.01B,$0.00B,-1000.00%,$-0.01B,$0.00B,500.00%,$-0.01B,$0.00B,-102.56%,$-0.00B,$0.00B,-266.67%,$4,$2,$2,$0,$3,$5,$-1,$-0,$-1,$0,$-1,$-1,$-1,$-1,$-1,$1,1,$-0.77,$-0.77,$0,$0,$0,$0,$0,$0,$0,$0,$0,$0,$0,$0,$0,$0,$0,$0,$0,$0,$0,$0,$0,$0,$0,$0,$0,$0,$0,$0,$0,$0,$0,$0,$0,$0,$0,$0,$0,$0,$0,$0,$0,$0,$0,$0,$0,$0,$0,$0,$0
39,2008-12-31,2.55,$0.00,0.0,$12.50,0.2,$-4.17,0.0,$-6.37,0.0,$0.01B,$0.01B,0.62,$0.00B,$-0.00B,0.0,$0.02B,$0.01B,57.14%,$0.02B,$-0.01B,-23.81%,$0.02B,$-0.01B,-23.81%,$0.02B,$-0.01B,-28.57%,$0.02B,$-0.01B,-57.14%,$0.02B,$-0.01B,-61.90%,$-0.01B,$-0.00B,-520.00%,$-0.01B,$-0.00B,650.00%,$-0.01B,$0.01B,-92.86%,$-0.01B,$-0.00B,-166.67%,$6,$2,$3,$1,$4,$6,$-1,$-3,$-4,$0,$-4,$-4,$-5,$-2,$-1,$0,0,$0.00,$0.00,$3,$1,$0,$6,$0,$0,$2,$0,$2,$9,$10,$0,$0,$0,$11,$0,$-42,$0,$-2,$9,$-12,$1,$-0,$0,$0,$0,$0,$0,$1,$-5,$-0,$0,$0,$0,$0,$3,$1,$4,$0,$0,$-0,$0,$0,$0,$0,$-0,$-1,$0,$0
40,2008-09-30,7.82,$0.00,0.0,$15.87,0.49,$-4.17,0.0,$-11.43,0.0,$0.01B,$0.01B,0.74,$0.00B,$0.00B,0.0,$0.02B,$0.01B,68.42%,$0.02B,0,0.00%,$0.02B,0,0.00%,$0.02B,0,0.00%,$0.02B,$-0.00B,-21.05%,$0.02B,$-0.01B,-73.68%,$-0.01B,$0.00B,-266.67%,$-0.01B,$-0.00B,inf%,$-0.01B,$0.02B,-82.35%,$0.00B,$0.00B,0.00%,$6,$3,$3,$1,$4,$7,$-1,$-1,$-2,$0,$-2,$-2,$-2,$-1,$-1,$1,1,$-1.83,$-1.83,$3,$1,$0,$9,$0,$0,$5,$0,$6,$15,$12,$0,$0,$0,$12,$0,$0,$0,$2,$15,$-8,$1,$0,$1,$0,$0,$0,$0,$1,$-5,$-0,$0,$0,$0,$0,$3,$1,$4,$0,$-0,$-0,$0,$0,$0,$0,$-0,$-1,$0,$0
41,2008-06-30,12.62,$0.00,0.0,$14.35,0.88,0,0.0,$-12.28,0.0,$0.01B,$0.01B,1.0,$0.00B,$0.00B,0.0,$0.02B,$0.01B,81.25%,$0.02B,$0.00B,25.00%,$0.02B,$0.00B,25.00%,$0.02B,$0.00B,25.00%,$0.02B,$0.00B,6.25%,$0.02B,$-0.02B,-93.75%,$-0.02B,$0.00B,-315.79%,$-0.02B,$-0.00B,-2000.00%,$-0.02B,$0.02B,-113.21%,$0.00B,$0.01B,66.67%,$5,$2,$3,$1,$4,$7,$-1,$-0,$-2,$0,$-2,$-2,$-2,$-1,$-1,$1,1,$-1.28,$-1.28,$4,$1,$0,$9,$0,$0,$5,$0,$6,$15,$9,$1,$0,$2,$10,$0,$0,$0,$4,$15,$0,$0,$0,$0,$0,$0,$0,$0,$0,$0,$0,$0,$0,$0,$0,$0,$0,$0,$0,$0,$0,$0,$0,$0,$0,$0,$0,$0,$0
42,2008-03-31,15.3,$0.00,0.0,$13.00,1.18,0,0.0,$-12.41,0.0,$0.01B,$0.01B,0.98,$0.00B,$0.00B,0.0,$0.01B,$0.01B,92.86%,$0.01B,$0.01B,57.14%,$0.01B,$0.01B,57.14%,$0.01B,$0.01B,57.14%,$0.01B,$0.01B,42.86%,$0.01B,$-0.01B,-100.00%,$-0.01B,$0.01B,-373.33%,$-0.01B,$0.00B,-1400.00%,$-0.01B,$0.02B,-147.37%,$0.01B,$0.01B,177.78%,$4,$2,$3,$1,$4,$6,$-2,$-2,$-4,$0,$-4,$-4,$-4,$-2,$-2,$1,1,$-3.27,$-3.27,$6,$1,$0,$11,$0,$0,$6,$0,$6,$17,$11,$0,$0,$0,$11,$0,$0,$0,$6,$17,$0,$0,$0,$0,$0,$0,$0,$0,$0,$0,$0,$0,$0,$0,$0,$0,$0,$0,$0,$0,$0,$0,$0,$0,$0,$0,$0,$0,$0
43,2007-12-31,19.93,$0.00,0.0,$12.47,1.6,0,0.0,$-10.28,0.0,$0.02B,$0.01B,1.66,$0.00B,$0.00B,0.0,$0.01B,$0.01B,100.00%,$0.01B,$0.01B,100.00%,$0.01B,$0.01B,100.00%,$0.01B,$0.01B,100.00%,$0.01B,$0.01B,100.00%,$0.01B,$-0.01B,-84.62%,$-0.01B,$0.01B,-488.89%,$-0.01B,$0.00B,-1100.00%,$-0.01B,$0.02B,-209.52%,$0.01B,$0.01B,433.33%,$4,$0,$4,$0,$0,$0,$4,$0,$4,$0,$4,$-6,$-6,$4,$4,$1,1,$-5.06,$-5.06,$9,$1,$0,$15,$0,$0,$6,$0,$6,$21,$9,$2,$0,$3,$12,$0,$0,$0,$9,$21,$0,$0,$0,$0,$0,$0,$0,$0,$0,$0,$0,$0,$0,$0,$0,$0,$0,$0,$0,$0,$0,$0,$0,$0,$0,$0,$0,$0,$0
44,2007-09-30,21.34,$0.00,0.0,$11.52,1.85,0,0.0,$2.77,7.7,$0.00B,$0.00B,0.0,$0.00B,$0.00B,0.0,$0.01B,$0.01B,100.00%,$0.01B,$0.01B,100.00%,$0.01B,$0.01B,100.00%,$0.01B,$0.01B,100.00%,$0.01B,$0.01B,100.00%,$0.01B,$0.00B,27.27%,$0.00B,$0.00B,inf%,$0.00B,$0.00B,inf%,$0.00B,$0.00B,inf%,$0.01B,$0.00B,inf%,$3,$0,$3,$0,$0,$0,$3,$0,$3,$0,$3,$-3,$-3,$3,$3,$1,1,$-2.68,$-2.68,$0,$0,$0,$0,$0,$0,$0,$0,$0,$0,$0,$0,$0,$0,$0,$0,$0,$0,$0,$0,$0,$0,$0,$0,$0,$0,$0,$0,$0,$0,$0,$0,$0,$0,$0,$0,$0,$0,$0,$0,$0,$0,$0,$0,$0,$0,$0,$0,$0
45,2007-06-30,22.1,$0.00,0.0,$11.05,2.0,0,0.0,$4.70,4.7,$0.00B,$0.00B,0.0,$0.00B,$0.00B,0.0,$0.01B,$0.01B,90.91%,$0.01B,$0.01B,63.64%,$0.01B,$0.01B,63.64%,$0.01B,$0.01B,63.64%,$0.01B,$0.01B,63.64%,$0.01B,$0.01B,45.45%,$0.01B,$0.00B,333.33%,$0.01B,$0.00B,333.33%,$0.01B,$0.00B,181.82%,$0.01B,$0.00B,466.67%,$3,$0,$3,$0,$0,$0,$3,$0,$3,$0,$3,$-1,$-1,$3,$3,$1,1,$-1.40,$-1.40,$0,$0,$0,$0,$0,$0,$0,$0,$0,$0,$0,$0,$0,$0,$0,$0,$0,$0,$0,$0,$0,$0,$0,$0,$0,$0,$0,$0,$0,$0,$0,$0,$0,$0,$0,$0,$0,$0,$0,$0,$0,$0,$0,$0,$0,$0,$0,$0,$0
46,2007-03-31,23.0,$0.00,0.0,$9.99,2.3,0,0.0,$5.10,4.51,$0.00B,$0.00B,0.0,$0.00B,$0.00B,0.0,$0.01B,$0.01B,80.00%,$0.01B,$0.00B,30.00%,$0.01B,$0.00B,30.00%,$0.01B,$0.00B,30.00%,$0.01B,$0.00B,30.00%,$0.01B,$0.01B,50.00%,$0.01B,$0.00B,153.85%,$0.01B,$0.00B,153.85%,$0.01B,$0.00B,90.91%,$0.00B,$0.00B,92.31%,$3,$0,$3,$0,$0,$0,$3,$0,$3,$0,$3,$-1,$-1,$3,$3,$1,1,$-1.15,$-1.15,$0,$0,$0,$0,$0,$0,$0,$0,$0,$0,$0,$0,$0,$0,$0,$0,$0,$0,$0,$0,$0,$0,$0,$0,$0,$0,$0,$0,$0,$0,$0,$0,$0,$0,$0,$0,$0,$0,$0,$0,$0,$0,$0,$0,$0,$0,$0,$0,$0
47,2006-12-31,17.5,$0.00,0.0,$9.31,1.88,0,0.0,$5.50,3.18,$0.00B,$0.00B,0.0,$0.00B,$0.00B,0.0,$0.01B,$0.01B,77.78%,$0.01B,$0.00B,22.22%,$0.01B,$0.00B,22.22%,$0.01B,$0.00B,22.22%,$0.01B,$0.00B,22.22%,$0.01B,$0.01B,55.56%,$0.01B,$0.00B,153.85%,$0.01B,$0.00B,153.85%,$0.01B,$0.00B,90.91%,$0.00B,$0.00B,61.54%,$2,$0,$2,$0,$0,$0,$2,$0,$2,$0,$2,$8,$8,$2,$2,$1,1,$8.50,$8.00,$0,$0,$0,$0,$0,$0,$0,$0,$0,$0,$0,$0,$0,$0,$0,$0,$0,$0,$0,$0,$0,$0,$0,$0,$0,$0,$0,$0,$0,$0,$0,$0,$0,$0,$0,$0,$0,$0,$0,$0,$0,$0,$0,$0,$0,$0,$0,$0,$0
