,Date,Stock Price,Book Value per Share,Price to Book Ratio,TTM Sales per Share,Price to Sales Ratio,TTM FCF per Share,Price to FCF Ratio,TTM Net EPS,PE Ratio,Current Assets,Current Liabilities,Current Ratio,Long Term Debt,Shareholder's Equity_x,Debt to Equity Ratio,TTM Revenue_x,TTM Gross Profit,Gross Margin,TTM Revenue_y,TTM Operating Income,Operating Margin,TTM Revenue_x,TTM EBIT,EBIT Margin,TTM Revenue_y,TTM EBITDA,EBITDA Margin,TTM Revenue_x,TTM Pre-Tax Income,Pre-Tax Margin,TTM Revenue_y,TTM Net Income_x,Net Margin,TTM Net Income_y,Shareholder's Equity_y,Return on Equity,TTM Net Income_x,Tangible Equity,Return on Tangible Equity,TTM Net Income_y,Total Assets,Return on Assets,TTM Net Income,LT Investments & Debt,Return on Investment,revenue,cost-goods-sold,gross-profit,research-development-expenses,selling-general-administrative-expenses,operating-expenses,operating-income,total-non-operating-income-expense,pre-tax-income,total-provision-income-taxes,income-after-taxes,income-from-continuous-operations,net-income,ebitda,ebit,basic-shares-outstanding,shares-outstanding,eps-basic-net-earnings-per-share,eps-earnings-per-share-diluted,cash-on-hand,inventory,other-current-assets,total-current-assets,net-property-plant-equipment,long-term-investments,goodwill-intangible-assets-total,other-long-term-assets,total-long-term-assets,total-assets,total-current-liabilities,long-term-debt,other-non-current-liabilities,total-long-term-liabilities,total-liabilities,common-stock-net,retained-earnings-accumulated-deficit,comprehensive-income,total-share-holder-equity,total-liabilities-share-holders-equity,net-income-loss,total-depreciation-amortization-cash-flow,other-non-cash-items,total-non-cash-items,change-in-accounts-receivable,change-in-inventories,change-in-accounts-payable,change-in-assets-liabilities,total-change-in-assets-liabilities,cash-flow-from-operating-activities,net-change-in-property-plant-equipment,net-change-in-intangible-assets,net-acquisitions-divestitures,net-change-in-short-term-investments,net-change-in-long-term-investments,net-change-in-investments-total,investing-activities-other,cash-flow-from-investing-activities,net-long-term-debt,net-current-debt,debt-issuance-retirement-net-total,net-common-equity-issued-repurchased,net-total-equity-issued-repurchased,total-common-preferred-stock-dividends-paid,financial-activities-other,cash-flow-from-financial-activities,net-cash-flow,stock-based-compensation,common-stock-dividends-paid
0,2018-09-30,1.0,$0.77,1.3,$0.05,19.5,$-1.23,0.0,$-0.23,0.0,$0.00B,$0.00B,2.86,$0.00B,$0.01B,0.0,$0.00B,0,nan%,$0.00B,$-0.01B,inf%,$0.00B,$-0.01B,inf%,$0.00B,$-0.01B,inf%,$0.00B,$-0.00B,inf%,$0.00B,$-0.00B,inf%,$-0.00B,$0.01B,-57.14%,$-0.00B,$0.01B,-88.89%,$-0.00B,$0.01B,-43.24%,$-0.01B,$0.01B,-85.71%,$0,$0,$0,$0,$0,$2,$-2,$0,$-2,$0,$-2,$-2,$-2,$-2,$-2,$9,9,$-0.22,$-0.22,$4,$0,$0,$4,$0,$3,$2,$0,$4,$8,$1,$0,$0,$0,$1,$0,$-146,$0,$7,$8,$-4,$1,$1,$2,$0,$0,$0,$0,$-0,$-2,$-0,$0,$0,$0,$-1,$-0,$0,$-0,$0,$0,$0,$3,$3,$0,$0,$3,$-0,$0,$0
1,2018-06-30,1.06,$0.99,1.07,$0.10,10.24,$-1.38,0.0,$-0.23,0.0,$0.01B,$0.00B,4.29,$0.00B,$0.01B,0.0,$0.00B,0,nan%,$0.00B,$-0.01B,inf%,$0.00B,$-0.01B,inf%,$0.00B,$-0.00B,inf%,$0.00B,$-0.00B,inf%,$0.00B,$-0.00B,inf%,$-0.00B,$0.01B,-30.77%,$-0.00B,$0.01B,-57.14%,$-0.00B,$0.01B,-20.51%,$-0.01B,$0.01B,-76.92%,$0,$0,$0,$0,$0,$1,$-1,$1,$-0,$0,$-0,$-0,$-0,$-1,$-1,$9,9,$-0.05,$-0.05,$5,$0,$0,$5,$0,$2,$3,$0,$5,$10,$1,$0,$0,$0,$1,$0,$-144,$0,$8,$10,$-2,$1,$-1,$0,$0,$0,$0,$0,$0,$-2,$-0,$0,$0,$-1,$-0,$-1,$0,$-1,$0,$0,$0,$3,$3,$0,$0,$3,$-0,$0,$0
2,2018-03-31,1.2,$1.03,1.17,$0.17,7.22,$-1.54,0.0,$-0.61,0.0,$0.01B,$0.00B,4.12,$0.00B,$0.01B,0.0,$0.00B,0,nan%,$0.00B,$-0.01B,inf%,$0.00B,$-0.01B,inf%,$0.00B,$-0.00B,inf%,$0.00B,$-0.00B,inf%,$0.00B,$-0.00B,inf%,$-0.00B,$0.01B,-76.19%,$-0.00B,$0.01B,-266.67%,$-0.00B,$0.01B,-42.11%,$-0.01B,$0.01B,-95.24%,$0,$0,$0,$0,$0,$2,$-2,$0,$-1,$0,$-1,$-1,$-1,$-1,$-2,$7,7,$-0.23,$-0.23,$6,$0,$0,$6,$0,$1,$3,$0,$4,$10,$1,$0,$0,$0,$1,$0,$-143,$0,$9,$10,$-1,$0,$0,$0,$0,$0,$0,$-0,$-0,$-1,$0,$0,$0,$-2,$-0,$-2,$0,$-2,$0,$0,$0,$3,$3,$0,$0,$3,$-0,$0,$0
3,2017-12-31,1.4,$0.66,2.13,$0.23,6.02,$-1.55,0.0,$-0.57,0.0,$0.00B,$0.00B,1.69,$0.00B,$0.00B,0.0,$0.00B,0,nan%,$0.00B,$-0.00B,inf%,$0.00B,$-0.00B,inf%,$0.00B,$-0.00B,inf%,$0.00B,$-0.00B,inf%,$0.00B,$-0.00B,inf%,$-0.00B,$0.00B,-100.00%,$-0.00B,$0.00B,inf%,$-0.00B,$0.01B,-42.11%,$-0.00B,$0.00B,-100.00%,$0,$0,$0,$0,$1,$1,$-1,$0,$-1,$0,$-1,$-1,$-1,$-1,$-1,$6,6,$-0.11,$-0.11,$4,$0,$0,$4,$0,$1,$4,$0,$5,$9,$3,$0,$0,$2,$5,$0,$-145,$0,$4,$9,$-3,$1,$-0,$1,$0,$0,$0,$-1,$-1,$-3,$0,$0,$0,$2,$-1,$1,$0,$1,$0,$0,$0,$2,$2,$0,$0,$2,$0,$0,$0
4,2017-09-30,1.49,$0.82,1.83,$0.26,5.67,$-0.94,0.0,$-2.31,0.0,$0.01B,$0.00B,2.11,$0.00B,$0.01B,0.0,$0.00B,0,nan%,$0.00B,$-0.01B,inf%,$0.00B,$-0.01B,inf%,$0.00B,$-0.01B,inf%,$0.00B,$-0.01B,inf%,$0.00B,$-0.01B,inf%,$-0.01B,$0.01B,-141.18%,$-0.01B,$0.00B,2400.00%,$-0.01B,$0.01B,-60.00%,$-0.01B,$0.01B,-164.71%,$0,$0,$0,$0,$1,$1,$-1,$1,$0,$0,$0,$0,$0,$-1,$-1,$6,6,$0.08,$0.08,$5,$0,$0,$5,$0,$1,$4,$0,$5,$10,$2,$0,$0,$3,$5,$0,$-144,$0,$5,$10,$-2,$1,$-0,$1,$0,$0,$0,$-1,$-1,$-3,$0,$0,$0,$1,$-1,$1,$0,$1,$0,$0,$0,$2,$2,$0,$0,$2,$0,$0,$0
5,2017-06-30,2.6,$0.51,5.13,$0.29,9.09,$-0.30,0.0,$-2.42,0.0,$0.00B,$0.00B,1.09,$0.00B,$0.00B,0.0,$0.00B,0,nan%,$0.00B,$-0.01B,inf%,$0.00B,$-0.01B,inf%,$0.00B,$-0.01B,inf%,$0.00B,$-0.01B,inf%,$0.00B,$-0.01B,inf%,$-0.01B,$0.00B,-114.29%,$-0.01B,$-0.00B,2400.00%,$-0.01B,$0.01B,-52.17%,$-0.01B,$0.00B,-133.33%,$0,$0,$0,$0,$0,$1,$-1,$-1,$-2,$0,$-2,$-2,$-2,$-0,$-1,$5,5,$-0.38,$-0.38,$4,$0,$0,$4,$0,$1,$4,$0,$5,$9,$3,$0,$0,$3,$6,$0,$-145,$0,$3,$9,$-3,$1,$1,$2,$0,$0,$0,$-1,$-1,$-2,$0,$0,$0,$3,$-1,$2,$0,$2,$0,$0,$0,$-0,$-0,$0,$0,$-0,$1,$0,$0
6,2017-03-31,1.24,$0.89,1.39,$0.28,4.45,$0.63,1.98,$7.17,0.17,$0.01B,$0.00B,2.04,$0.00B,$0.00B,0.0,$0.00B,0,nan%,$0.00B,$-0.01B,inf%,$0.00B,$-0.01B,inf%,$0.00B,$-0.01B,inf%,$0.00B,$-0.01B,inf%,$0.00B,$0.03B,inf%,$0.03B,$0.00B,400.00%,$0.03B,$0.00B,inf%,$0.03B,$0.01B,192.31%,$-0.01B,$0.00B,-128.00%,$0,$0,$0,$0,$1,$1,$-1,$0,$-1,$0,$-1,$-1,$-1,$-1,$-1,$5,5,$-0.19,$-0.19,$5,$0,$0,$5,$0,$0,$5,$0,$5,$10,$3,$0,$0,$3,$6,$0,$-143,$0,$4,$10,$-1,$0,$0,$0,$0,$0,$0,$-0,$-0,$-1,$0,$0,$0,$1,$0,$1,$0,$1,$0,$0,$0,$0,$0,$0,$0,$0,$0,$0,$0
7,2016-12-31,1.04,$1.08,0.97,$0.24,4.35,$0.24,4.39,$7.10,0.15,$0.01B,$0.00B,2.36,$0.00B,$0.01B,0.01,$0.00B,0,nan%,$0.00B,$-0.01B,inf%,$0.00B,$-0.01B,inf%,$0.00B,$-0.01B,inf%,$0.00B,$-0.01B,inf%,$0.00B,$0.03B,inf%,$0.03B,$0.01B,333.33%,$0.03B,$0.00B,inf%,$0.03B,$0.01B,185.19%,$-0.01B,$0.01B,-120.00%,$0,$0,$0,$0,$1,$4,$-4,$-0,$-4,$0,$-4,$-4,$-3,$-3,$-4,$4,4,$-2.48,$-2.33,$6,$0,$0,$6,$0,$0,$5,$0,$5,$11,$3,$0,$0,$3,$6,$0,$-142,$0,$5,$11,$-6,$2,$1,$3,$0,$0,$0,$4,$3,$0,$-0,$0,$0,$-3,$0,$-3,$0,$-3,$0,$0,$0,$3,$3,$0,$-0,$3,$-0,$1,$0
8,2016-09-30,1.32,$2.79,0.47,$0.18,7.51,$-2.51,0.0,$8.84,0.15,$0.01B,$0.00B,2.5,$0.00B,$0.01B,0.01,$0.00B,0,nan%,$0.00B,$-0.01B,inf%,$0.00B,$-0.01B,inf%,$0.00B,$-0.01B,inf%,$0.00B,$-0.01B,inf%,$0.00B,$0.03B,inf%,$0.03B,$0.01B,388.24%,$0.03B,$0.00B,-13200.00%,$0.03B,$0.02B,231.58%,$-0.01B,$0.01B,-129.41%,$0,$0,$0,$0,$1,$2,$-1,$1,$-0,$0,$-0,$-0,$-0,$-1,$-1,$4,4,$-0.11,$-0.11,$7,$0,$0,$7,$0,$0,$8,$0,$8,$16,$3,$0,$0,$4,$7,$0,$-138,$0,$9,$16,$-3,$2,$-2,$-0,$0,$0,$0,$4,$4,$1,$-0,$0,$0,$-4,$0,$-4,$0,$-4,$0,$0,$0,$3,$3,$0,$-0,$3,$0,$0,$0
9,2016-06-30,2.38,$2.25,1.06,$0.10,23.72,$-4.86,0.0,$7.43,0.32,$0.01B,$0.00B,1.67,$0.00B,$0.01B,0.02,$0.00B,0,nan%,$0.00B,$-0.01B,inf%,$0.00B,$-0.01B,inf%,$0.00B,$-0.01B,inf%,$0.00B,$-0.01B,inf%,$0.00B,$0.03B,inf%,$0.03B,$0.01B,375.00%,$0.03B,$-0.00B,-1333.33%,$0.03B,$0.02B,214.29%,$-0.01B,$0.01B,-150.00%,$0,$0,$0,$0,$0,$2,$-2,$-0,$-2,$0,$-2,$-2,$29,$-1,$-2,$3,3,$9.61,$9.21,$6,$0,$0,$6,$0,$0,$9,$0,$9,$15,$4,$0,$0,$4,$8,$0,$-137,$0,$7,$15,$-2,$1,$-1,$0,$0,$0,$0,$4,$4,$2,$-0,$0,$0,$-2,$0,$-2,$0,$-2,$0,$0,$0,$1,$1,$0,$-0,$1,$0,$0,$0
10,2016-03-31,1.81,$2.98,0.61,$0.04,40.3,$-7.07,0.0,$-28.59,0.0,$0.00B,$0.00B,0.96,$0.00B,$0.01B,0.02,$0.00B,0,nan%,$0.00B,$-0.05B,inf%,$0.00B,$-0.05B,inf%,$0.00B,$-0.05B,inf%,$0.00B,$-0.05B,inf%,$0.00B,$-0.04B,inf%,$-0.04B,$0.01B,-458.82%,$-0.04B,$0.00B,1200.00%,$-0.04B,$0.01B,-273.68%,$-0.05B,$0.01B,-571.43%,$0,$0,$0,$0,$0,$2,$-2,$2,$-0,$0,$-0,$-0,$-1,$-1,$-2,$3,3,$-0.26,$-0.26,$2,$0,$0,$2,$0,$0,$9,$0,$9,$12,$2,$0,$0,$0,$3,$0,$-135,$0,$9,$12,$-0,$1,$-1,$-1,$0,$0,$0,$-0,$-1,$-2,$-0,$0,$0,$2,$0,$2,$0,$2,$0,$0,$0,$0,$0,$0,$0,$0,$0,$0,$0
11,2015-12-31,2.78,$3.44,0.81,$0.02,141.57,$-7.40,0.0,$-30.99,0.0,$0.00B,$0.00B,0.87,$0.00B,$0.01B,0.03,$0.00B,0,nan%,$0.00B,$-0.05B,inf%,$0.00B,$-0.05B,inf%,$0.00B,$-0.05B,inf%,$0.00B,$-0.05B,inf%,$0.00B,$-0.04B,inf%,$-0.04B,$0.01B,-224.00%,$-0.04B,$-0.00B,933.33%,$-0.04B,$0.01B,-164.71%,$-0.05B,$0.01B,-273.68%,$0,$0,$0,$0,$1,$6,$-6,$1,$-4,$0,$-4,$-4,$5,$-5,$-6,$2,2,$6.05,$6.05,$4,$0,$0,$4,$0,$0,$10,$0,$10,$14,$4,$0,$0,$0,$5,$0,$-135,$0,$9,$14,$-51,$6,$41,$47,$0,$0,$0,$0,$-0,$-5,$-0,$0,$0,$0,$0,$0,$0,$0,$0,$0,$0,$5,$4,$0,$0,$4,$-1,$0,$0
12,2015-09-30,6.46,$3.88,1.66,$0.00,0.0,$-13.84,0.0,$-30.99,0.0,$0.00B,$0.00B,0.37,$0.00B,$0.01B,0.04,$0.00B,0,nan%,$0.00B,$-0.05B,inf%,$0.00B,$-0.05B,inf%,$0.00B,$-0.04B,inf%,$0.00B,$-0.05B,inf%,$0.00B,$-0.05B,inf%,$-0.05B,$0.01B,-176.67%,$-0.05B,$-0.01B,1060.00%,$-0.05B,$0.02B,-142.28%,$-0.05B,$0.01B,-171.90%,$0,$0,$0,$0,$0,$2,$-2,$-1,$-3,$0,$-3,$-3,$-3,$-1,$-2,$2,2,$-1.56,$-1.56,$1,$0,$0,$1,$0,$0,$14,$0,$14,$15,$3,$0,$0,$5,$8,$0,$-131,$0,$7,$15,$-47,$6,$38,$44,$0,$0,$0,$-0,$-0,$-4,$0,$0,$0,$3,$0,$3,$0,$3,$0,$0,$0,$0,$0,$0,$0,$0,$-1,$0,$0
13,2015-06-30,9.12,$6.18,1.47,$0.00,0.0,$-14.94,0.0,$-32.89,0.0,$0.00B,$0.00B,0.96,$0.00B,$0.01B,0.03,$0.00B,0,nan%,$0.00B,$-0.06B,inf%,$0.00B,$-0.06B,inf%,$0.00B,$-0.05B,inf%,$0.00B,$-0.06B,inf%,$0.00B,$-0.06B,inf%,$-0.06B,$0.01B,-127.91%,$-0.06B,$-0.01B,1692.31%,$-0.06B,$0.02B,-110.55%,$-0.06B,$0.01B,-127.17%,$0,$0,$0,$0,$0,$40,$-40,$-0,$-40,$0,$-40,$-40,$-40,$-38,$-40,$2,2,$-26.76,$-26.76,$1,$0,$0,$1,$0,$0,$15,$0,$15,$16,$1,$0,$0,$5,$6,$0,$-128,$0,$9,$16,$-44,$5,$37,$42,$0,$0,$0,$0,$-0,$-2,$0,$0,$0,$3,$0,$3,$0,$3,$0,$0,$0,$0,$-1,$0,$0,$-1,$-1,$0,$0
14,2015-03-31,15.89,$32.95,0.48,$0.01,0.0,$-16.99,0.0,$-19.20,0.0,$0.00B,$0.00B,2.05,$0.00B,$0.05B,0.01,$0.00B,0,nan%,$0.00B,$-0.03B,inf%,$0.00B,$-0.03B,inf%,$0.00B,$-0.02B,inf%,$0.00B,$-0.03B,inf%,$0.00B,$-0.03B,inf%,$-0.03B,$0.05B,-48.00%,$-0.03B,$-0.01B,1350.00%,$-0.03B,$0.06B,-42.86%,$-0.03B,$0.05B,-48.00%,$0,$0,$0,$0,$1,$4,$-4,$0,$-4,$0,$-4,$-4,$-4,$-2,$-4,$2,2,$-2.71,$-2.71,$3,$0,$0,$3,$0,$0,$54,$0,$54,$57,$1,$0,$0,$6,$8,$0,$-88,$0,$50,$57,$-4,$2,$0,$3,$0,$0,$0,$-0,$0,$-1,$0,$0,$0,$1,$0,$1,$0,$1,$0,$0,$0,$0,$0,$0,$0,$0,$-1,$0,$0
15,2014-12-31,20.52,$35.58,0.58,$0.02,951.32,$-22.14,0.0,$-48.10,0.0,$0.00B,$0.00B,3.59,$0.00B,$0.05B,0.01,$0.00B,0,nan%,$0.00B,$-0.03B,inf%,$0.00B,$-0.03B,inf%,$0.00B,$-0.02B,inf%,$0.00B,$-0.03B,inf%,$0.00B,$-0.03B,inf%,$-0.03B,$0.05B,-55.61%,$-0.03B,$-0.00B,652.63%,$-0.03B,$0.06B,-46.97%,$-0.03B,$0.05B,-55.61%,$0,$0,$0,$0,$2,$6,$-6,$-0,$-6,$0,$-6,$-6,$-6,$-3,$-6,$1,1,$18.69,$18.69,$4,$0,$0,$4,$0,$0,$57,$0,$57,$61,$1,$0,$0,$6,$8,$0,$-84,$0,$54,$61,$-31,$10,$14,$23,$0,$0,$0,$-3,$-2,$-10,$-0,$-1,$0,$0,$0,$0,$0,$-1,$0,$0,$0,$4,$8,$0,$0,$8,$-2,$13,$0
16,2014-09-30,29.64,$39.04,0.76,$0.29,100.55,$-88.99,0.0,$-48.10,0.0,$0.01B,$0.00B,30.53,$0.00B,$0.06B,0.0,$0.00B,0,nan%,$0.00B,$-0.03B,inf%,$0.00B,$-0.03B,inf%,$0.00B,$-0.02B,inf%,$0.00B,$-0.03B,inf%,$0.00B,$-0.03B,inf%,$-0.03B,$0.06B,-53.46%,$-0.03B,$0.00B,341.18%,$-0.03B,$0.07B,-42.49%,$-0.03B,$0.06B,-53.46%,$0,$0,$0,$0,$2,$5,$-5,$0,$-5,$0,$-5,$-5,$-5,$-3,$-5,$1,1,$-3.42,$-3.42,$6,$0,$0,$6,$0,$0,$59,$0,$59,$65,$0,$0,$0,$6,$6,$0,$-78,$0,$59,$65,$-25,$7,$13,$20,$0,$0,$0,$0,$-0,$-5,$-0,$-1,$0,$0,$0,$0,$0,$-1,$0,$0,$0,$4,$8,$0,$0,$8,$2,$12,$0
17,2014-06-30,34.01,$42.47,0.8,$0.32,105.68,$-137.42,0.0,$-176.43,0.0,$0.01B,$0.00B,7.85,$0.00B,$0.06B,0.0,$0.00B,0,nan%,$0.00B,$-0.03B,inf%,$0.00B,$-0.03B,inf%,$0.00B,$-0.03B,inf%,$0.00B,$-0.03B,inf%,$0.00B,$-0.03B,inf%,$-0.03B,$0.06B,-79.52%,$-0.03B,$0.00B,400.00%,$-0.03B,$0.07B,-60.83%,$-0.03B,$0.06B,-79.52%,$0,$0,$0,$0,$7,$12,$-12,$0,$-12,$0,$-12,$-12,$-12,$-9,$-12,$1,1,$-13.12,$-13.12,$7,$0,$0,$7,$0,$0,$62,$0,$62,$69,$1,$0,$0,$6,$7,$0,$-73,$0,$62,$69,$-20,$5,$11,$16,$0,$0,$0,$0,$0,$-3,$0,$-1,$0,$0,$0,$0,$0,$-1,$0,$0,$0,$4,$8,$0,$0,$8,$4,$10,$0
18,2014-03-31,56.81,$110.49,0.51,$0.32,178.39,$-186.99,0.0,$-141.64,0.0,$0.01B,$0.00B,4.13,$0.00B,$0.05B,0.0,$0.00B,0,nan%,$0.00B,$-0.02B,inf%,$0.00B,$-0.02B,inf%,$0.00B,$-0.02B,inf%,$0.00B,$-0.02B,inf%,$0.00B,$-0.02B,inf%,$-0.02B,$0.05B,-82.24%,$-0.02B,$-0.02B,293.33%,$-0.02B,$0.07B,-58.28%,$-0.02B,$0.05B,-82.24%,$0,$0,$0,$0,$4,$8,$-8,$0,$-8,$0,$-8,$-8,$-8,$-6,$-8,$0,0,$-31.56,$-31.56,$5,$0,$0,$5,$0,$0,$64,$0,$64,$69,$1,$0,$0,$20,$21,$0,$-61,$0,$48,$69,$-8,$2,$4,$6,$0,$0,$0,$0,$-0,$-2,$0,$-1,$0,$0,$0,$0,$0,$-1,$0,$0,$0,$4,$4,$0,$0,$4,$1,$3,$0
19,2013-12-31,153.14,$243.58,0.63,$0.47,327.63,$-209.86,0.0,$-110.08,0.0,$0.00B,$0.00B,2.18,$0.00B,$0.05B,0.0,$0.00B,0,nan%,$0.00B,$-0.02B,inf%,$0.00B,$-0.02B,inf%,$0.00B,$-0.02B,inf%,$0.00B,$-0.02B,inf%,$0.00B,$-0.02B,inf%,$-0.02B,$0.05B,-116.13%,$-0.02B,$-0.02B,654.55%,$-0.02B,$0.07B,-83.72%,$-0.02B,$0.05B,-96.77%,$0,$0,$0,$0,$-0,$4,$-4,$-0,$-4,$0,$-4,$-4,$-4,$-4,$-4,$0,0,$-4.18,$-4.18,$3,$0,$0,$3,$0,$0,$67,$0,$67,$70,$2,$0,$0,$20,$22,$0,$-53,$0,$48,$70,$-18,$0,$13,$13,$0,$0,$0,$-0,$-0,$-5,$0,$-2,$3,$0,$0,$0,$-0,$1,$1,$0,$1,$0,$3,$0,$0,$3,$-1,$10,$0
20,2013-09-30,150.86,$60.09,2.51,$0.42,357.14,$-398.68,0.0,$-110.08,0.0,$0.00B,$0.00B,1.69,$0.00B,$0.01B,0.01,$0.00B,0,nan%,$0.00B,$-0.01B,inf%,$0.00B,$-0.01B,inf%,$0.00B,$-0.01B,inf%,$0.00B,$-0.02B,inf%,$0.00B,$-0.02B,inf%,$-0.02B,$0.01B,-426.67%,$-0.02B,$0.00B,-800.00%,$-0.02B,$0.01B,-304.76%,$-0.01B,$0.01B,-266.67%,$0,$0,$0,$0,$9,$9,$-9,$0,$-9,$0,$-9,$-9,$-9,$-9,$-9,$0,0,$-131.75,$-131.75,$3,$0,$0,$3,$0,$0,$7,$0,$7,$9,$2,$0,$0,$0,$2,$0,$-49,$0,$8,$9,$-14,$0,$10,$10,$0,$0,$0,$0,$-0,$-4,$0,$-2,$3,$0,$0,$0,$0,$1,$1,$0,$1,$0,$1,$0,$0,$1,$-2,$7,$0
21,2013-06-30,84.55,$54.95,1.54,$1.93,43.9,$-558.80,0.0,$-48.48,0.0,$0.00B,$0.00B,6.93,$0.00B,$0.00B,0.03,$0.00B,0,nan%,$0.00B,$-0.00B,inf%,$0.00B,$-0.00B,inf%,$0.00B,$-0.00B,inf%,$0.00B,$-0.01B,inf%,$0.00B,$-0.01B,inf%,$-0.01B,$0.00B,-320.00%,$-0.01B,$0.00B,-320.00%,$-0.01B,$0.00B,-200.00%,$-0.00B,$0.00B,-123.08%,$0,$0,$0,$0,$1,$1,$-1,$0,$-1,$0,$-1,$-1,$-1,$-1,$-1,$0,0,$-21.67,$-21.67,$3,$0,$0,$3,$0,$0,$0,$0,$0,$3,$0,$0,$0,$0,$1,$0,$-40,$0,$3,$3,$-5,$0,$3,$3,$0,$0,$0,$0,$-0,$-2,$0,$0,$0,$0,$0,$0,$0,$0,$0,$0,$0,$0,$1,$0,$0,$1,$-1,$0,$0
22,2013-03-31,154.85,$66.77,2.32,$1.93,80.4,$-667.12,0.0,$-138.59,0.0,$0.00B,$0.00B,7.79,$0.00B,$0.00B,0.08,$0.00B,0,nan%,$0.00B,$-0.00B,inf%,$0.00B,$-0.00B,inf%,$0.00B,$-0.00B,inf%,$0.00B,$-0.01B,inf%,$0.00B,$-0.01B,inf%,$-0.01B,$0.00B,-254.55%,$-0.01B,$0.00B,-254.55%,$-0.01B,$0.00B,-155.56%,$-0.00B,$0.00B,-114.29%,$0,$0,$0,$0,$1,$1,$-1,$-3,$-4,$0,$-4,$-4,$-4,$-1,$-1,$0,0,$-101.71,$-101.71,$3,$0,$0,$4,$0,$0,$0,$0,$0,$4,$0,$0,$0,$0,$1,$0,$-39,$0,$3,$4,$-4,$0,$3,$3,$-0,$0,$0,$0,$-0,$-1,$0,$0,$0,$0,$0,$0,$0,$0,$0,$0,$0,$0,$0,$0,$0,$0,$-1,$0,$0
23,2012-12-31,129.69,$19.95,6.5,$1.76,73.64,$-757.42,0.0,$-256.46,0.0,$0.01B,$0.00B,6.44,$0.00B,$0.00B,3.66,$0.00B,0,nan%,$0.00B,$-0.00B,inf%,$0.00B,$-0.00B,inf%,$0.00B,$-0.00B,inf%,$0.00B,$-0.00B,inf%,$0.00B,$-0.00B,inf%,$-0.00B,$0.00B,-123.08%,$-0.00B,$0.00B,-123.08%,$-0.00B,$0.01B,-84.21%,$-0.00B,$0.00B,-100.00%,$0,$0,$0,$-1,$-0,$1,$-1,$-0,$-1,$0,$-1,$-1,$-2,$-1,$-1,$0,0,$-80.80,$-80.80,$4,$0,$0,$5,$0,$0,$0,$0,$0,$5,$1,$3,$0,$3,$4,$0,$-35,$0,$1,$5,$-4,$0,$-0,$-0,$0,$0,$0,$0,$0,$-4,$-0,$0,$0,$0,$0,$0,$0,$0,$0,$0,$0,$3,$3,$0,$-0,$3,$-0,$0,$0
24,2012-09-30,223.44,$287.19,0.78,$1.53,145.84,$-1092.00,0.0,$-431.37,0.0,$0.00B,$0.00B,5.16,$0.00B,$0.00B,0.0,$0.00B,0,nan%,$0.00B,$-0.00B,inf%,$0.00B,$-0.00B,inf%,$0.00B,$-0.00B,inf%,$0.00B,$0.00B,inf%,$0.00B,0,nan%,$0.00B,$0.00B,0.00%,$0.00B,$0.00B,0.00%,$0.00B,$0.00B,0.00%,$-0.00B,$0.00B,-70.59%,$0,$0,$0,$0,$1,$1,$-1,$0,$-1,$0,$-1,$-1,$-1,$-1,$-1,$0,0,$-64.64,$-64.64,$4,$0,$0,$4,$0,$0,$0,$0,$0,$4,$1,$0,$0,$0,$1,$0,$-40,$0,$3,$4,$-2,$0,$-1,$-1,$0,$0,$0,$0,$0,$-2,$-0,$0,$0,$0,$0,$0,$0,$-0,$0,$0,$0,$1,$1,$0,$-0,$1,$-1,$0,$0
25,2012-06-30,220.4,$355.20,0.62,$29.63,7.44,$-1339.98,0.0,$-498.10,0.0,$0.00B,$0.00B,7.01,$0.00B,$0.00B,0.0,$0.00B,0,nan%,$0.00B,$-0.00B,inf%,$0.00B,$-0.00B,inf%,$0.00B,$-0.00B,inf%,$0.00B,$0.00B,inf%,$0.00B,0,nan%,$0.00B,$0.00B,0.00%,$0.00B,$0.00B,0.00%,$0.00B,$0.01B,0.00%,$-0.00B,$0.00B,-63.16%,$0,$0,$0,$0,$1,$1,$-1,$0,$-0,$0,$-0,$-0,$-0,$-1,$-1,$0,0,$-37.07,$-37.07,$4,$0,$0,$4,$0,$0,$0,$0,$0,$5,$1,$0,$0,$0,$1,$0,$-39,$0,$4,$5,$-1,$0,$-1,$-1,$0,$0,$0,$0,$0,$-2,$-0,$0,$0,$0,$0,$0,$0,$-0,$0,$0,$0,$1,$1,$0,$0,$1,$-1,$0,$0
26,2012-03-31,330.6,$422.97,0.78,$57.40,5.76,$-1557.73,0.0,$-581.75,0.0,$0.01B,$0.00B,8.59,$0.00B,$0.01B,0.0,$0.00B,0,nan%,$0.00B,$-0.00B,inf%,$0.00B,$-0.00B,inf%,$0.00B,$-0.00B,inf%,$0.00B,0,nan%,$0.00B,$-0.00B,inf%,$-0.00B,$0.01B,-20.00%,$-0.00B,$0.01B,-20.00%,$-0.00B,$0.01B,-17.39%,$-0.00B,$0.01B,-57.14%,$0,$0,$0,$0,$1,$1,$-1,$0,$-1,$0,$-1,$-1,$-1,$-1,$-1,$0,0,$-85.17,$-85.17,$5,$0,$0,$5,$0,$0,$0,$0,$0,$5,$1,$0,$0,$0,$1,$0,$-38,$0,$5,$5,$-1,$0,$-0,$-0,$-0,$0,$0,$0,$0,$-1,$0,$0,$0,$0,$0,$0,$-0,$-0,$0,$0,$0,$1,$1,$0,$-0,$1,$-0,$0,$0
27,2011-12-31,444.6,$466.60,0.95,$105.26,4.22,$-1683.26,0.0,$-501.90,0.0,$0.01B,$0.00B,6.19,$0.00B,$0.00B,0.24,$0.00B,0,nan%,$0.00B,$-0.00B,inf%,$0.00B,$-0.00B,inf%,$0.00B,$-0.00B,inf%,$0.00B,$0.00B,inf%,$0.00B,0,nan%,$0.00B,$0.00B,0.00%,$0.00B,$0.00B,0.00%,$0.00B,$0.01B,0.00%,$-0.00B,$0.01B,-52.17%,$0,$0,$0,$1,$0,$0,$-0,$4,$3,$0,$3,$3,$2,$-0,$-1,$0,0,$328.52,$227.95,$5,$0,$0,$6,$0,$0,$0,$0,$0,$6,$1,$1,$0,$1,$2,$0,$-31,$0,$4,$6,$0,$0,$-4,$-4,$0,$0,$0,$-0,$-0,$-4,$-0,$0,$0,$0,$0,$0,$-0,$-0,$0,$0,$0,$4,$4,$0,$-0,$4,$-1,$0,$0
28,2011-09-30,760.0,$715.67,1.06,$189.47,4.01,$-2913.93,0.0,$-441.06,0.0,$0.01B,$0.00B,7.31,$0.00B,$0.01B,0.0,$0.00B,0,nan%,$0.00B,$-0.00B,inf%,$0.00B,$-0.00B,inf%,$0.00B,$-0.00B,inf%,$0.00B,$-0.00B,inf%,$0.00B,$-0.00B,inf%,$-0.00B,$0.01B,-54.55%,$-0.00B,$0.01B,-54.55%,$-0.00B,$0.01B,-44.44%,$-0.00B,$0.01B,-72.73%,$0,$0,$0,$0,$1,$1,$-1,$0,$-1,$0,$-1,$-1,$-1,$-1,$-1,$0,0,$-135.55,$-135.55,$5,$0,$0,$5,$0,$0,$0,$0,$0,$6,$1,$0,$0,$0,$1,$0,$-36,$0,$5,$6,$-2,$0,$-1,$-1,$0,$0,$0,$-0,$-0,$-3,$-0,$0,$0,$0,$0,$0,$0,$-0,$0,$0,$0,$3,$3,$0,$0,$3,$-1,$0,$0
29,2011-06-30,896.8,$851.19,1.05,$241.80,3.71,$-3902.79,0.0,$-760.46,0.0,$0.01B,$0.00B,9.35,$0.00B,$0.01B,0.0,$0.00B,0,nan%,$0.00B,$-0.01B,inf%,$0.00B,$-0.01B,inf%,$0.00B,$-0.01B,inf%,$0.00B,$-0.00B,inf%,$0.00B,$-0.00B,inf%,$-0.00B,$0.01B,-94.12%,$-0.00B,$0.01B,-94.12%,$-0.00B,$0.01B,-64.00%,$-0.01B,$0.01B,-117.65%,$0,$0,$0,$0,$1,$1,$-1,$0,$-1,$0,$-1,$-1,$-1,$-1,$-1,$0,0,$-152.09,$-152.09,$6,$0,$0,$6,$0,$0,$0,$0,$0,$6,$1,$0,$0,$0,$1,$0,$-35,$0,$6,$6,$-1,$0,$-1,$-1,$0,$0,$0,$-0,$-0,$-3,$-0,$0,$0,$0,$0,$0,$0,$-0,$0,$0,$0,$3,$3,$0,$0,$3,$-0,$0,$0
30,2011-03-31,1672.0,$1001.65,1.67,$286.71,5.83,$-4563.27,0.0,$-1178.71,0.0,$0.01B,$0.00B,9.92,$0.00B,$0.01B,0.0,$0.00B,0,nan%,$0.00B,$-0.01B,inf%,$0.00B,$-0.01B,inf%,$0.00B,$-0.01B,inf%,$0.00B,$-0.01B,inf%,$0.00B,$-0.01B,inf%,$-0.01B,$0.01B,-171.43%,$-0.01B,$0.01B,-171.43%,$-0.01B,$0.01B,-100.00%,$-0.01B,$0.01B,-200.00%,$0,$0,$0,$0,$1,$1,$-1,$1,$-0,$0,$-0,$-0,$-0,$-1,$-1,$0,0,$-38.02,$-38.02,$7,$0,$0,$7,$0,$0,$0,$0,$0,$8,$1,$0,$0,$0,$1,$0,$-34,$0,$7,$8,$-0,$0,$-1,$-1,$0,$0,$0,$-0,$-0,$-2,$-0,$0,$0,$0,$0,$0,$0,$-0,$0,$0,$0,$3,$3,$0,$0,$3,$1,$0,$0
31,2010-12-31,2698.0,$790.55,3.41,$312.70,8.63,$-4931.07,0.0,$-1634.98,0.0,$0.01B,$0.00B,3.51,$0.00B,$0.00B,0.0,$0.00B,0,nan%,$0.00B,$-0.01B,inf%,$0.00B,$-0.01B,inf%,$0.00B,$-0.01B,inf%,$0.00B,$-0.01B,inf%,$0.00B,$-0.01B,inf%,$-0.01B,$0.00B,-266.67%,$-0.01B,$0.00B,-266.67%,$-0.01B,$0.01B,-139.13%,$-0.01B,$0.00B,-266.67%,$0,$0,$0,$1,$1,$2,$-1,$0,$-1,$0,$-1,$-1,$-1,$-1,$-1,$0,0,$-110.27,$-110.27,$6,$0,$0,$7,$0,$0,$0,$0,$0,$7,$2,$0,$1,$1,$3,$0,$-34,$0,$4,$7,$-8,$0,$0,$0,$-0,$0,$0,$-0,$-1,$-9,$0,$0,$0,$0,$0,$0,$0,$0,$0,$0,$0,$0,$5,$0,$0,$5,$-3,$0,$0
32,2010-09-30,5852.0,$102.84,56.9,$302.28,19.36,$-5124.92,0.0,$-2357.42,0.0,$0.00B,$0.00B,1.37,$0.00B,$0.00B,0.0,$0.00B,0,nan%,$0.00B,$-0.01B,inf%,$0.00B,$-0.01B,inf%,$0.00B,$-0.01B,inf%,$0.00B,$-0.01B,inf%,$0.00B,$-0.01B,inf%,$-0.01B,$0.00B,-266.67%,$-0.01B,$0.00B,-266.67%,$-0.01B,$0.00B,-153.85%,$-0.01B,$0.00B,-266.67%,$0,$0,$0,$1,$1,$3,$-2,$0,$-2,$0,$-2,$-2,$-2,$-2,$-2,$0,0,$-475.29,$-475.29,$3,$0,$0,$3,$0,$0,$0,$0,$0,$4,$2,$0,$1,$1,$3,$0,$-33,$0,$0,$4,$-7,$0,$0,$0,$-0,$0,$0,$0,$0,$-7,$0,$0,$0,$0,$0,$0,$0,$0,$0,$0,$0,$0,$0,$0,$0,$0,$-6,$0,$0
33,2010-06-30,5130.0,$576.82,8.89,$319.91,16.04,$-5003.62,0.0,$-2471.48,0.0,$0.01B,$0.00B,2.42,$0.00B,$0.00B,0.0,$0.00B,0,nan%,$0.00B,$-0.01B,inf%,$0.00B,$-0.01B,inf%,$0.00B,$-0.01B,inf%,$0.00B,$-0.01B,inf%,$0.00B,$-0.01B,inf%,$-0.01B,$0.00B,-200.00%,$-0.01B,$0.00B,-200.00%,$-0.01B,$0.01B,-137.93%,$-0.01B,$0.00B,-200.00%,$0,$0,$0,$2,$1,$3,$-3,$0,$-3,$0,$-3,$-3,$-3,$-3,$-3,$0,0,$-566.54,$-566.54,$5,$0,$0,$5,$0,$0,$0,$0,$0,$5,$2,$0,$1,$1,$3,$0,$-31,$0,$3,$5,$-5,$0,$0,$0,$-0,$0,$0,$0,$-0,$-5,$0,$0,$0,$0,$0,$0,$0,$0,$0,$0,$0,$0,$0,$0,$0,$0,$-4,$0,$0
34,2010-03-31,5320.0,$1136.91,4.68,$334.64,15.9,$-4839.61,0.0,$-2319.39,0.0,$0.01B,$0.00B,4.46,$0.00B,$0.01B,0.0,$0.00B,0,nan%,$0.00B,$-0.01B,inf%,$0.00B,$-0.01B,inf%,$0.00B,$-0.01B,inf%,$0.00B,$-0.01B,inf%,$0.00B,$-0.01B,inf%,$-0.01B,$0.01B,-150.00%,$-0.01B,$0.01B,-150.00%,$-0.01B,$0.01B,-109.09%,$-0.01B,$0.01B,-150.00%,$0,$0,$0,$1,$1,$2,$-2,$0,$-2,$0,$-2,$-2,$-2,$-2,$-2,$0,0,$-475.29,$-475.29,$7,$0,$0,$7,$0,$0,$0,$0,$0,$7,$2,$0,$1,$1,$2,$0,$-28,$0,$5,$7,$-2,$0,$0,$0,$-0,$0,$0,$-0,$-1,$-3,$0,$0,$0,$0,$0,$0,$0,$0,$0,$0,$0,$0,$0,$0,$0,$0,$-3,$0,$0
35,2009-12-31,4332.0,$1612.17,2.69,$355.72,12.18,$-4622.13,0.0,$-2357.41,0.0,$0.01B,$0.00B,4.51,$0.00B,$0.01B,0.0,$0.00B,0,nan%,$0.00B,$-0.01B,inf%,$0.00B,$-0.01B,inf%,$0.00B,$-0.01B,inf%,$0.00B,$-0.01B,inf%,$0.00B,$-0.01B,inf%,$-0.01B,$0.01B,-133.33%,$-0.01B,$0.01B,-133.33%,$-0.01B,$0.01B,-97.30%,$-0.01B,$0.01B,-133.33%,$0,$0,$0,$3,$1,$4,$-3,$0,$-3,$0,$-3,$-3,$-3,$-3,$-3,$0,0,$-836.50,$-836.50,$9,$0,$0,$10,$0,$0,$0,$0,$0,$10,$2,$0,$1,$1,$3,$0,$-26,$0,$7,$10,$-9,$0,$0,$0,$0,$0,$0,$0,$1,$-8,$0,$0,$0,$2,$0,$2,$0,$2,$0,$0,$0,$6,$6,$0,$0,$6,$-0,$0,$0
36,2009-09-30,7904.0,$1244.09,6.35,$364.08,21.71,$-4341.86,0.0,$-1711.03,0.0,$0.01B,$0.00B,4.14,$0.00B,$0.01B,0.0,$0.00B,0,nan%,$0.00B,$-0.01B,inf%,$0.00B,$-0.01B,inf%,$0.00B,$-0.01B,inf%,$0.00B,$-0.01B,inf%,$0.00B,$-0.01B,inf%,$-0.01B,$0.01B,-66.67%,$-0.01B,$0.01B,-66.67%,$-0.01B,$0.01B,-51.28%,$-0.01B,$0.01B,-93.33%,$0,$0,$0,$1,$1,$3,$-2,$0,$-2,$0,$-2,$-2,$-2,$-2,$-2,$0,0,$-570.34,$-570.34,$6,$0,$0,$7,$0,$0,$0,$0,$0,$7,$2,$0,$1,$1,$2,$0,$-23,$0,$5,$7,$-6,$0,$0,$0,$-0,$0,$0,$0,$1,$-5,$0,$0,$0,$1,$0,$1,$0,$1,$0,$0,$0,$0,$0,$0,$0,$0,$-4,$0,$0
37,2009-06-30,5472.0,$1802.14,3.04,$345.47,15.84,$-4441.36,0.0,$-1596.96,0.0,$0.01B,$0.00B,6.5,$0.00B,$0.01B,0.0,$0.00B,0,nan%,$0.00B,$-0.01B,inf%,$0.00B,$-0.01B,inf%,$0.00B,$-0.01B,inf%,$0.00B,$-0.01B,inf%,$0.00B,$-0.01B,inf%,$-0.01B,$0.01B,-57.14%,$-0.01B,$0.01B,-57.14%,$-0.01B,$0.01B,-46.51%,$-0.01B,$0.01B,-80.00%,$0,$0,$0,$1,$1,$2,$-2,$0,$-2,$0,$-2,$-2,$-2,$-2,$-2,$0,0,$-418.25,$-418.25,$8,$0,$0,$9,$0,$0,$0,$0,$0,$9,$1,$0,$1,$1,$2,$0,$-20,$0,$7,$9,$-4,$0,$0,$0,$-0,$0,$0,$0,$0,$-3,$0,$0,$0,$0,$0,$0,$0,$0,$0,$0,$0,$0,$0,$0,$0,$0,$-3,$0,$0
38,2009-03-31,3420.0,$2211.74,1.55,$327.32,10.45,$-4603.74,0.0,$-1482.89,0.0,$0.01B,$0.00B,7.23,$0.00B,$0.01B,0.0,$0.00B,0,nan%,$0.00B,$-0.01B,inf%,$0.00B,$-0.01B,inf%,$0.00B,$-0.01B,inf%,$0.00B,$-0.01B,inf%,$0.00B,$-0.00B,inf%,$-0.00B,$0.01B,-41.03%,$-0.00B,$0.01B,-41.03%,$-0.00B,$0.01B,-34.04%,$-0.01B,$0.01B,-61.54%,$0,$0,$0,$2,$1,$2,$-2,$0,$-2,$0,$-2,$-2,$-2,$-2,$-2,$0,0,$-532.32,$-532.32,$10,$0,$0,$10,$0,$0,$0,$0,$0,$11,$1,$0,$1,$1,$2,$0,$-19,$0,$8,$11,$-2,$0,$0,$0,$0,$0,$0,$0,$1,$-1,$0,$0,$0,$-0,$0,$-0,$0,$-0,$0,$0,$0,$0,$0,$0,$0,$0,$-2,$0,$0
39,2008-12-31,1748.0,$2756.81,0.63,$270.00,6.47,$-4738.41,0.0,$-1444.87,0.0,$0.01B,$0.00B,11.28,$0.00B,$0.01B,0.0,$0.00B,0,nan%,$0.00B,$-0.01B,inf%,$0.00B,$-0.01B,inf%,$0.00B,$-0.01B,inf%,$0.00B,$-0.01B,inf%,$0.00B,$-0.00B,inf%,$-0.00B,$0.01B,-36.36%,$-0.00B,$0.01B,-36.36%,$-0.00B,$0.01B,-31.37%,$-0.01B,$0.01B,-54.55%,$0,$0,$0,$1,$1,$2,$-1,$0,$-1,$0,$-1,$-1,$1,$-1,$-1,$0,0,$152.09,$152.09,$11,$0,$0,$12,$0,$0,$0,$0,$0,$12,$1,$0,$1,$1,$2,$0,$-17,$0,$10,$12,$-4,$0,$-1,$-1,$-0,$0,$0,$0,$-1,$-6,$-0,$0,$2,$-2,$0,$-2,$0,$0,$0,$-0,$-0,$0,$0,$0,$0,$-0,$-6,$0,$0
40,2008-09-30,2812.0,$2566.03,1.1,$212.76,13.22,$-5309.46,0.0,$-1311.79,0.0,$0.01B,$0.00B,10.95,$0.00B,$0.01B,0.0,$0.00B,0,nan%,$0.00B,$-0.01B,inf%,$0.00B,$-0.01B,inf%,$0.00B,$-0.01B,inf%,$0.00B,$-0.01B,inf%,$0.00B,$-0.01B,inf%,$-0.01B,$0.01B,-58.33%,$-0.01B,$0.01B,-58.33%,$-0.01B,$0.01B,-50.00%,$-0.01B,$0.01B,-58.33%,$0,$0,$0,$1,$1,$2,$-2,$0,$-2,$0,$-2,$-2,$-2,$-2,$-2,$0,0,$-456.27,$-456.27,$10,$0,$0,$11,$0,$0,$0,$0,$0,$11,$1,$0,$1,$1,$2,$0,$-18,$0,$10,$11,$-5,$0,$0,$0,$-0,$0,$0,$0,$-1,$-5,$-0,$0,$0,$-3,$0,$-3,$0,$-3,$0,$-0,$-0,$0,$0,$0,$0,$-0,$-8,$0,$0
41,2008-06-30,2470.0,$3019.04,0.82,$147.18,16.78,$-5343.10,0.0,$551.33,4.48,$0.01B,$0.00B,14.77,$0.00B,$0.01B,0.0,$0.00B,0,nan%,$0.00B,$-0.01B,inf%,$0.00B,$-0.01B,inf%,$0.00B,$-0.01B,inf%,$0.00B,$-0.01B,inf%,$0.00B,0,nan%,$0.00B,$0.01B,0.00%,$0.00B,$0.01B,0.00%,$0.00B,$0.01B,0.00%,$-0.01B,$0.01B,-58.18%,$0,$0,$0,$1,$1,$2,$-1,$0,$-1,$0,$-1,$-1,$-1,$-1,$-1,$0,0,$-304.18,$-304.18,$12,$0,$0,$13,$0,$0,$0,$0,$0,$13,$1,$0,$1,$1,$2,$0,$-16,$0,$11,$13,$-3,$0,$0,$0,$-0,$0,$0,$0,$-1,$-4,$-0,$0,$0,$-4,$0,$-4,$0,$-4,$0,$0,$0,$0,$0,$0,$0,$0,$-8,$0,$0
42,2008-03-31,4712.0,$3333.14,1.41,$78.95,59.69,$-4941.47,0.0,$399.24,11.8,$0.01B,$0.00B,10.25,$0.00B,$0.01B,0.0,$0.00B,0,nan%,$0.00B,$-0.01B,inf%,$0.00B,$-0.01B,inf%,$0.00B,$-0.01B,inf%,$0.00B,$-0.01B,inf%,$0.00B,$-0.00B,inf%,$-0.00B,$0.01B,-7.27%,$-0.00B,$0.01B,-7.27%,$-0.00B,$0.02B,-5.88%,$-0.01B,$0.01B,-65.45%,$0,$0,$0,$1,$1,$2,$-2,$0,$-2,$0,$-2,$-2,$-2,$-2,$-2,$0,0,$-494.30,$-494.30,$14,$0,$0,$14,$0,$0,$0,$0,$0,$15,$1,$0,$1,$1,$2,$0,$-15,$0,$13,$15,$-2,$0,$0,$0,$-0,$0,$0,$0,$-0,$-2,$-0,$0,$0,$-4,$0,$-4,$0,$-5,$0,$0,$0,$0,$0,$0,$0,$0,$-6,$0,$0
43,2007-12-31,4218.0,$3837.36,1.1,$41.42,101.83,$-4996.93,0.0,$285.17,14.79,$0.02B,$0.00B,11.13,$0.00B,$0.01B,0.0,$0.00B,0,nan%,$0.00B,$-0.01B,inf%,$0.00B,$-0.01B,inf%,$0.00B,$-0.01B,inf%,$0.00B,$-0.01B,inf%,$0.00B,$-0.00B,inf%,$-0.00B,$0.01B,-7.27%,$-0.00B,$0.01B,-7.41%,$-0.00B,$0.02B,-5.63%,$-0.01B,$0.01B,-65.45%,$0,$0,$0,$1,$1,$2,$-2,$0,$-2,$0,$-2,$-2,$-2,$-2,$-2,$0,0,$-608.37,$-608.37,$16,$0,$0,$16,$0,$0,$0,$0,$0,$17,$1,$0,$1,$1,$2,$0,$-13,$0,$14,$17,$-1,$0,$-5,$-5,$-0,$0,$0,$-0,$-3,$-9,$-0,$0,$15,$0,$0,$0,$-1,$14,$0,$0,$0,$1,$1,$0,$-0,$1,$6,$0,$0
44,2007-09-30,6384.0,$4436.31,1.44,$-1626.61,0.0,$-972.59,0.0,$1406.84,4.54,$0.02B,$0.00B,8.27,$0.00B,$0.02B,0.0,$-0.01B,$-0.01B,100.00%,$-0.01B,$-0.01B,133.33%,$-0.01B,$-0.01B,133.33%,$-0.01B,$-0.01B,133.33%,$-0.01B,$-0.01B,133.33%,$-0.01B,$0.01B,-83.33%,$0.01B,$0.02B,35.71%,$0.01B,$0.02B,37.04%,$0.01B,$0.02B,27.40%,$-0.01B,$0.02B,-57.14%,$0,$0,$0,$2,$1,$3,$-3,$0,$-3,$-3,$0,$0,$5,$-3,$-3,$0,0,$1406.84,$1406.84,$19,$0,$0,$19,$0,$0,$0,$0,$0,$20,$2,$0,$1,$1,$3,$0,$-10,$0,$17,$20,$1,$0,$-5,$-5,$-0,$0,$0,$0,$-2,$-5,$-0,$0,$15,$0,$0,$0,$-1,$14,$-0,$0,$-0,$1,$1,$0,$-0,$1,$9,$0,$0
45,2007-06-30,8892.0,$3010.39,2.95,$-1642.00,0.0,$782.07,11.37,$-0.00,0.0,$0.01B,$0.00B,2.89,$0.00B,$0.01B,0.0,$-0.01B,$-0.01B,100.00%,$-0.01B,$-0.01B,100.00%,$-0.01B,$-0.01B,100.00%,$-0.01B,$-0.01B,100.00%,$-0.01B,$-0.01B,100.00%,$-0.01B,0,0.00%,$0.00B,$0.01B,0.00%,$0.00B,$0.01B,0.00%,$0.00B,$0.02B,0.00%,$-0.01B,$0.01B,-48.00%,$0,$0,$0,$1,$1,$2,$-2,$0,$-2,$0,$-2,$-2,$-2,$-2,$-2,$0,0,$-456.27,$-456.27,$7,$0,$4,$12,$0,$0,$0,$4,$4,$16,$4,$0,$1,$1,$5,$0,$-16,$0,$11,$16,$-4,$0,$1,$1,$0,$0,$0,$0,$0,$-2,$-0,$0,$0,$0,$0,$0,$-1,$-1,$-0,$0,$0,$1,$1,$0,$-0,$1,$-3,$0,$0
46,2007-03-31,9272.0,$3474.18,2.67,$-1643.03,0.0,$1737.10,5.34,$532.32,17.42,$0.01B,$0.00B,3.44,$0.00B,$0.01B,0.01,$-0.01B,$-0.01B,100.00%,$-0.01B,$-0.01B,83.33%,$-0.01B,$-0.01B,83.33%,$-0.01B,$-0.01B,83.33%,$-0.01B,$-0.01B,83.33%,$-0.01B,$0.00B,-33.33%,$0.00B,$0.01B,16.00%,$0.00B,$0.01B,17.39%,$0.00B,$0.02B,12.12%,$-0.01B,$0.01B,-40.00%,$0,$0,$0,$1,$1,$2,$-2,$0,$-2,$0,$-2,$-2,$-2,$-2,$-2,$0,0,$-608.37,$-608.37,$10,$0,$0,$13,$4,$0,$1,$0,$4,$18,$4,$0,$1,$1,$5,$0,$-14,$0,$13,$18,$-2,$0,$0,$0,$-0,$0,$0,$-0,$-0,$-2,$-0,$0,$0,$0,$0,$0,$-1,$-1,$0,$-0,$-0,$1,$1,$0,$0,$1,$-2,$0,$0
47,2006-12-31,8626.38,$4005.55,2.15,$98.71,87.39,$2049.19,4.21,$988.59,8.73,$0.01B,$0.00B,4.46,$0.00B,$0.02B,0.0,$0.00B,$-0.01B,inf%,$0.00B,$-0.00B,inf%,$0.00B,$-0.00B,inf%,$0.00B,$-0.00B,inf%,$0.00B,$-0.00B,inf%,$0.00B,$0.00B,inf%,$0.00B,$0.02B,25.53%,$0.00B,$0.01B,27.91%,$0.00B,$0.02B,18.75%,$-0.00B,$0.02B,-34.04%,$-6,$0,$-6,$0,$-0,$-5,$-1,$0,$-1,$0,$2,$2,$4,$-1,$-1,$0,0,$1067.27,$1067.27,$10,$0,$4,$14,$0,$0,$0,$4,$5,$19,$3,$0,$1,$1,$4,$0,$-12,$0,$15,$19,$4,$0,$5,$5,$0,$0,$0,$-0,$-2,$6,$-0,$0,$0,$2,$0,$2,$-1,$1,$0,$-1,$-1,$3,$3,$0,$-1,$1,$8,$0,$0
