,Date,Stock Price,Book Value per Share,Price to Book Ratio,TTM Sales per Share,Price to Sales Ratio,TTM FCF per Share,Price to FCF Ratio,TTM Net EPS,PE Ratio,Current Assets,Current Liabilities,Current Ratio,Long Term Debt,Shareholder's Equity_x,Debt to Equity Ratio,TTM Revenue_x,TTM Gross Profit,Gross Margin,TTM Revenue_y,TTM Operating Income,Operating Margin,TTM Revenue_x,TTM EBIT,EBIT Margin,TTM Revenue_y,TTM EBITDA,EBITDA Margin,TTM Revenue_x,TTM Pre-Tax Income,Pre-Tax Margin,TTM Revenue_y,TTM Net Income_x,Net Margin,TTM Net Income_y,Shareholder's Equity_y,Return on Equity,TTM Net Income_x,Tangible Equity,Return on Tangible Equity,TTM Net Income_y,Total Assets,Return on Assets,TTM Net Income,LT Investments & Debt,Return on Investment,revenue,cost-goods-sold,gross-profit,research-development-expenses,selling-general-administrative-expenses,operating-expenses,operating-income,total-non-operating-income-expense,pre-tax-income,total-provision-income-taxes,income-after-taxes,income-from-continuous-operations,net-income,ebitda,ebit,basic-shares-outstanding,shares-outstanding,eps-basic-net-earnings-per-share,eps-earnings-per-share-diluted,cash-on-hand,inventory,other-current-assets,total-current-assets,net-property-plant-equipment,long-term-investments,goodwill-intangible-assets-total,other-long-term-assets,total-long-term-assets,total-assets,total-current-liabilities,long-term-debt,other-non-current-liabilities,total-long-term-liabilities,total-liabilities,common-stock-net,retained-earnings-accumulated-deficit,comprehensive-income,total-share-holder-equity,total-liabilities-share-holders-equity,net-income-loss,total-depreciation-amortization-cash-flow,other-non-cash-items,total-non-cash-items,change-in-accounts-receivable,change-in-inventories,change-in-accounts-payable,change-in-assets-liabilities,total-change-in-assets-liabilities,cash-flow-from-operating-activities,net-change-in-property-plant-equipment,net-change-in-intangible-assets,net-acquisitions-divestitures,net-change-in-short-term-investments,net-change-in-long-term-investments,net-change-in-investments-total,investing-activities-other,cash-flow-from-investing-activities,net-long-term-debt,net-current-debt,debt-issuance-retirement-net-total,net-common-equity-issued-repurchased,net-total-equity-issued-repurchased,total-common-preferred-stock-dividends-paid,financial-activities-other,cash-flow-from-financial-activities,net-cash-flow,stock-based-compensation,common-stock-dividends-paid
0,2018-09-30,176.75,$12.60,14.03,$18.13,9.75,$23.27,7.6,$7.41,23.85,$1.42B,$1.27B,1.12,$23.68B,$3.86B,6.14,$5.63B,$4.63B,82.24%,$5.63B,$2.91B,51.66%,$5.63B,$2.91B,51.66%,$5.63B,$4.26B,75.75%,$5.63B,$2.23B,39.64%,$5.63B,$2.30B,40.80%,$2.30B,$3.90B,57.20%,$2.30B,$3.90B,57.20%,$2.30B,$31.08B,7.33%,$2.91B,$27.58B,10.42%,$1409,$262,$1147,$0,$49,$692,$717,$-199,$518,$10,$508,$642,$556,$1053,$717,$309,309,$1.80,$1.80,$696,$0,$0,$1418,$24305,$0,$0,$4058,$29661,$31080,$1268,$23678,$2038,$25914,$27182,$0,$-4897,$-119,$3898,$31080,$1989,$1010,$-233,$777,$28,$0,$0,$-75,$-15,$2751,$-586,$0,$11,$-23,$-52,$-75,$440,$-209,$-6787,$5896,$-891,$-318,$-318,$-2106,$-13,$-3328,$-787,$0,$-277
1,2018-06-30,168.29,$12.54,13.42,$18.09,9.3,$23.45,7.18,$7.26,23.18,$1.40B,$1.23B,1.13,$23.51B,$3.84B,6.13,$5.62B,$4.63B,82.33%,$5.62B,$2.88B,51.23%,$5.62B,$2.88B,51.23%,$5.62B,$4.24B,75.36%,$5.62B,$2.20B,39.20%,$5.62B,$2.25B,40.09%,$2.25B,$3.88B,54.97%,$2.25B,$3.88B,54.97%,$2.25B,$30.84B,7.20%,$2.88B,$27.38B,10.32%,$1388,$237,$1152,$0,$47,$651,$738,$-197,$541,$10,$531,$631,$547,$1077,$738,$309,309,$1.77,$1.77,$714,$0,$0,$1396,$24075,$0,$0,$4075,$29447,$30843,$1231,$23505,$2031,$25734,$26965,$0,$-4834,$-115,$3879,$30843,$1347,$674,$-196,$478,$60,$0,$0,$-28,$12,$1837,$-335,$0,$0,$-9,$-29,$-39,$354,$-19,$-4585,$3721,$-864,$-318,$-318,$-1393,$-11,$-2586,$-768,$0,$-183
2,2018-03-31,150.72,$13.02,11.57,$17.98,8.38,$23.37,6.45,$6.72,22.43,$1.05B,$1.18B,0.89,$23.65B,$3.99B,5.93,$5.59B,$4.59B,82.12%,$5.59B,$2.83B,50.54%,$5.59B,$2.83B,50.54%,$5.59B,$4.18B,74.79%,$5.59B,$2.02B,36.06%,$5.59B,$2.09B,37.33%,$2.09B,$4.03B,49.70%,$2.09B,$4.03B,49.70%,$2.09B,$31.02B,6.67%,$2.83B,$27.68B,10.10%,$1400,$255,$1144,$0,$47,$698,$702,$-70,$632,$6,$625,$716,$621,$1037,$702,$311,311,$2.00,$2.00,$367,$0,$0,$1053,$24309,$0,$0,$4281,$29965,$31018,$1181,$23648,$1954,$25804,$26985,$0,$-4774,$-103,$4033,$31018,$716,$335,$-151,$184,$72,$0,$0,$-63,$-56,$843,$-173,$0,$0,$-8,$-11,$-18,$67,$-124,$-2650,$1756,$-894,$-235,$-235,$-698,$-9,$-1835,$-1115,$0,$-92
3,2017-12-31,165.62,$13.62,12.16,$17.77,9.32,$23.25,7.12,$6.25,26.5,$2.23B,$1.27B,1.75,$24.63B,$4.20B,5.87,$5.54B,$4.56B,82.29%,$5.54B,$2.80B,50.58%,$5.54B,$2.80B,50.58%,$5.54B,$4.16B,75.07%,$5.54B,$1.86B,33.63%,$5.54B,$1.95B,35.11%,$1.95B,$4.24B,44.45%,$1.95B,$4.24B,44.45%,$1.95B,$32.26B,6.21%,$2.80B,$28.87B,10.00%,$1428,$245,$1183,$0,$54,$678,$749,$-210,$539,$6,$533,$660,$571,$1094,$749,$312,312,$1.83,$1.83,$1482,$0,$0,$2225,$24458,$0,$0,$4201,$30033,$32258,$1269,$24632,$1927,$26750,$28019,$0,$-4782,$-110,$4239,$32258,$2245,$1357,$51,$1408,$-26,$0,$0,$-133,$-59,$3594,$-712,$0,$-257,$31,$-157,$-126,$334,$-761,$-10457,$11668,$1211,$-407,$-407,$-2570,$-144,$-1910,$922,$0,$-339
4,2017-09-30,153.49,$13.65,11.25,$17.75,8.65,$22.35,6.87,$5.67,27.07,$1.20B,$1.29B,0.93,$23.41B,$4.20B,5.58,$5.54B,$4.56B,82.32%,$5.54B,$2.75B,49.73%,$5.54B,$2.75B,49.73%,$5.54B,$4.12B,74.41%,$5.54B,$1.68B,30.30%,$5.54B,$1.77B,31.92%,$1.77B,$4.24B,38.81%,$1.77B,$4.24B,38.81%,$1.77B,$31.03B,5.70%,$2.75B,$27.65B,9.91%,$1404,$256,$1148,$0,$49,$714,$690,$-199,$491,$15,$477,$593,$514,$1027,$690,$311,311,$1.65,$1.65,$508,$0,$0,$1195,$24259,$0,$0,$4239,$29837,$31032,$1290,$23410,$1902,$25499,$26790,$0,$-4777,$-111,$4243,$31032,$1585,$1012,$74,$1087,$20,$0,$0,$-76,$48,$2719,$-487,$0,$-80,$48,$-111,$-63,$263,$-367,$-8031,$8071,$40,$-399,$-399,$-1906,$-139,$-2404,$-52,$0,$-251
5,2017-06-30,152.47,$13.80,11.04,$17.55,8.69,$21.51,7.09,$5.63,27.08,$1.13B,$1.21B,0.94,$23.42B,$4.25B,5.51,$5.49B,$4.51B,82.19%,$5.49B,$2.74B,49.90%,$5.49B,$2.74B,49.90%,$5.49B,$4.10B,74.67%,$5.49B,$1.65B,30.01%,$5.49B,$1.76B,32.03%,$1.76B,$4.29B,36.44%,$1.76B,$4.29B,36.44%,$1.76B,$30.97B,5.64%,$2.74B,$27.71B,9.79%,$1362,$242,$1119,$0,$50,$675,$686,$-331,$355,$6,$349,$441,$382,$1026,$686,$312,312,$1.23,$1.23,$489,$0,$0,$1129,$24317,$0,$0,$4152,$29837,$30966,$1205,$23423,$1862,$25470,$26675,$0,$-4731,$-104,$4291,$30966,$992,$676,$112,$788,$47,$0,$0,$-29,$29,$1810,$-319,$0,$-80,$-4,$-93,$-97,$246,$-250,$-5585,$5749,$164,$-399,$-399,$-1261,$-135,$-1631,$-71,$0,$-166
6,2017-03-31,160.35,$15.15,10.59,$16.82,9.53,$20.45,7.84,$5.85,27.41,$1.14B,$1.08B,1.05,$23.15B,$4.69B,4.94,$5.44B,$4.47B,82.18%,$5.44B,$2.71B,49.83%,$5.44B,$2.71B,49.83%,$5.44B,$4.06B,74.54%,$5.44B,$1.74B,31.93%,$5.44B,$1.83B,33.65%,$1.83B,$4.73B,36.04%,$1.83B,$4.73B,36.04%,$1.83B,$30.95B,5.86%,$2.71B,$27.88B,9.65%,$1346,$236,$1109,$0,$50,$669,$677,$-198,$478,$-4,$482,$551,$478,$1012,$677,$313,313,$1.53,$1.53,$513,$0,$0,$1135,$24230,$0,$0,$4197,$29811,$30946,$1081,$23149,$1820,$25136,$26217,$0,$-4559,$-101,$4729,$30946,$551,$336,$-6,$330,$54,$0,$0,$-42,$-95,$786,$-149,$0,$0,$-4,$-59,$-63,$36,$-175,$-1739,$1868,$130,$-152,$-152,$-631,$-3,$-657,$-47,$0,$-83
7,2016-12-31,164.03,$15.84,10.35,$16.84,9.74,$20.22,8.11,$5.87,27.94,$1.23B,$1.21B,1.01,$22.98B,$4.92B,4.67,$5.44B,$4.46B,82.12%,$5.44B,$2.72B,50.06%,$5.44B,$2.72B,50.06%,$5.44B,$4.05B,74.50%,$5.44B,$1.73B,31.76%,$5.44B,$1.84B,33.76%,$1.84B,$4.96B,35.01%,$1.84B,$4.96B,35.01%,$1.84B,$31.10B,5.85%,$2.72B,$27.94B,9.64%,$1426,$242,$1183,$0,$59,$725,$701,$-346,$354,$1,$353,$456,$394,$1056,$701,$313,313,$1.26,$1.26,$560,$0,$0,$1225,$24360,$0,$0,$4165,$29879,$31104,$1214,$22977,$1815,$24930,$26144,$0,$-4459,$-114,$4960,$31104,$2135,$1328,$15,$1343,$16,$0,$0,$-44,$-105,$3373,$-762,$0,$-440,$4,$-312,$-308,$541,$-969,$-14650,$14866,$216,$-256,$-256,$-2354,$-151,$-2545,$-141,$0,$-316
8,2016-09-30,189.43,$16.95,11.17,$16.73,11.32,$18.44,10.27,$5.88,32.22,$1.44B,$1.24B,1.16,$23.08B,$5.28B,4.37,$5.39B,$4.42B,81.95%,$5.39B,$2.73B,50.65%,$5.39B,$2.73B,50.65%,$5.39B,$4.02B,74.60%,$5.39B,$1.73B,32.10%,$5.39B,$1.83B,34.01%,$1.83B,$5.33B,34.55%,$1.83B,$5.33B,34.55%,$1.83B,$31.67B,5.86%,$2.73B,$28.41B,9.70%,$1357,$255,$1102,$0,$51,$681,$676,$-215,$461,$6,$455,$588,$505,$1006,$676,$314,314,$1.61,$1.61,$815,$0,$0,$1441,$24531,$0,$0,$4337,$30228,$31669,$1241,$23079,$1863,$25101,$26342,$0,$-4350,$-116,$5327,$31669,$1679,$972,$-133,$839,$56,$0,$0,$8,$14,$2533,$-541,$0,$-440,$-9,$-252,$-261,$480,$-762,$-9976,$10088,$111,$-5,$-5,$-1757,$-7,$-1657,$114,$0,$-238
9,2016-06-30,196.96,$16.92,11.64,$16.67,11.81,$16.77,11.74,$5.63,34.98,$1.49B,$1.21B,1.23,$22.92B,$5.27B,4.35,$5.35B,$4.38B,81.90%,$5.35B,$2.71B,50.66%,$5.35B,$2.71B,50.66%,$5.35B,$3.98B,74.31%,$5.35B,$1.70B,31.70%,$5.35B,$1.75B,32.65%,$1.75B,$5.32B,32.95%,$1.75B,$5.32B,32.95%,$1.75B,$31.38B,5.63%,$2.71B,$28.24B,9.67%,$1315,$235,$1080,$0,$48,$656,$659,$-214,$445,$7,$438,$527,$455,$984,$659,$313,362,$1.45,$1.45,$884,$0,$0,$1485,$23988,$0,$0,$4570,$29895,$31380,$1210,$22924,$1772,$24853,$26062,$0,$-4341,$-120,$5317,$31380,$1091,$643,$-65,$578,$59,$0,$0,$-17,$25,$1694,$-347,$0,$-268,$-5,$-173,$-177,$312,$-481,$140,$0,$140,$-0,$-0,$-1160,$-10,$-1030,$183,$0,$-159
10,2016-03-31,187.08,$17.33,10.79,$17.38,10.76,$16.25,11.51,$5.70,32.82,$1.38B,$1.17B,1.18,$22.98B,$5.32B,4.32,$5.39B,$4.42B,82.12%,$5.39B,$2.76B,51.14%,$5.39B,$2.76B,51.14%,$5.39B,$4.01B,74.42%,$5.39B,$1.72B,31.98%,$5.39B,$1.77B,32.78%,$1.77B,$5.36B,33.18%,$1.77B,$5.36B,33.18%,$1.77B,$31.40B,5.74%,$2.76B,$28.34B,9.89%,$1337,$239,$1098,$0,$50,$652,$685,$-219,$466,$15,$451,$564,$481,$1003,$685,$309,309,$1.55,$1.55,$805,$0,$0,$1378,$24083,$0,$0,$4469,$30020,$31399,$1167,$22976,$1738,$24869,$26036,$0,$-4289,$-118,$5363,$31399,$564,$318,$-64,$253,$73,$0,$0,$-73,$-97,$720,$-162,$0,$1,$-4,$-105,$-108,$74,$-195,$-3429,$3592,$163,$-1,$-1,$-580,$-3,$-421,$104,$0,$-83
11,2015-12-31,173.61,$16.86,10.3,$16.97,10.23,$15.88,10.94,$5.31,32.69,$1.33B,$1.32B,1.0,$22.42B,$5.17B,4.33,$5.27B,$4.31B,81.77%,$5.27B,$2.67B,50.68%,$5.27B,$2.67B,50.68%,$5.27B,$3.91B,74.21%,$5.27B,$1.62B,30.84%,$5.27B,$1.82B,34.64%,$1.82B,$5.22B,33.31%,$1.82B,$5.22B,33.31%,$1.82B,$30.57B,5.97%,$2.67B,$27.63B,9.64%,$1381,$244,$1137,$0,$51,$671,$710,$-352,$358,$7,$351,$460,$392,$1028,$710,$310,310,$1.27,$1.27,$701,$0,$0,$1326,$23548,$0,$0,$4425,$29239,$30565,$1324,$22417,$1583,$24025,$25349,$0,$-4267,$-253,$5216,$30565,$2139,$1239,$-277,$963,$10,$0,$0,$-123,$-77,$3025,$-988,$0,$-1411,$444,$-330,$115,$822,$-1463,$-9112,$10469,$1357,$-506,$-506,$-2194,$-130,$-1473,$89,$0,$-315
12,2015-09-30,162.68,$17.22,9.45,$16.70,9.74,$15.53,10.47,$5.34,30.46,$1.42B,$1.31B,1.09,$22.63B,$5.28B,4.28,$5.18B,$4.24B,81.86%,$5.18B,$2.61B,50.44%,$5.18B,$2.61B,50.44%,$5.18B,$3.85B,74.24%,$5.18B,$1.69B,32.57%,$5.18B,$1.84B,35.45%,$1.84B,$5.33B,32.46%,$1.84B,$5.33B,32.46%,$1.84B,$30.85B,6.07%,$2.61B,$27.96B,9.52%,$1320,$251,$1069,$0,$54,$663,$658,$-230,$428,$4,$424,$492,$420,$963,$658,$309,309,$1.36,$1.36,$857,$0,$0,$1421,$23544,$0,$0,$4489,$29427,$30848,$1308,$22629,$1559,$24213,$25521,$0,$-4159,$-248,$5327,$30848,$1679,$921,$-354,$566,$56,$0,$0,$-87,$-27,$2219,$-773,$0,$-1411,$405,$-233,$171,$740,$-1272,$-4918,$6347,$1429,$-4,$-509,$-1615,$-7,$-702,$245,$0,$-232
13,2015-06-30,151.97,$17.41,8.73,$16.40,9.27,$15.57,9.76,$4.79,31.73,$1.10B,$1.22B,0.91,$22.07B,$5.34B,4.13,$5.10B,$4.18B,82.05%,$5.10B,$2.56B,50.30%,$5.10B,$2.56B,50.30%,$5.10B,$3.79B,74.44%,$5.10B,$1.49B,29.23%,$5.10B,$1.67B,32.74%,$1.67B,$5.39B,28.80%,$1.67B,$5.39B,28.80%,$1.67B,$30.29B,5.56%,$2.56B,$27.46B,9.41%,$1349,$229,$1120,$0,$57,$647,$702,$-231,$471,$3,$468,$555,$473,$1015,$702,$310,310,$1.52,$1.52,$566,$0,$0,$1103,$23490,$0,$0,$4364,$29188,$30290,$1215,$22071,$1593,$23689,$24904,$0,$-4097,$-247,$5386,$30290,$1187,$615,$-345,$270,$70,$0,$0,$-41,$26,$1483,$-489,$0,$-1231,$437,$-154,$283,$584,$-854,$892,$0,$892,$-3,$-509,$-1054,$-4,$-676,$-47,$0,$-151
14,2015-03-31,170.42,$19.19,8.88,$15.86,10.75,$15.28,11.15,$4.58,37.21,$1.36B,$1.12B,1.21,$21.69B,$5.93B,3.66,$4.93B,$4.03B,81.74%,$4.93B,$2.42B,49.17%,$4.93B,$2.42B,49.17%,$4.93B,$3.68B,74.67%,$4.93B,$1.33B,26.90%,$4.93B,$1.60B,32.52%,$1.60B,$5.97B,26.82%,$1.60B,$5.97B,26.82%,$1.60B,$30.48B,5.33%,$2.42B,$27.67B,8.85%,$1216,$236,$980,$0,$34,$617,$599,$-232,$367,$6,$361,$632,$539,$902,$599,$311,311,$1.73,$1.73,$834,$0,$0,$1357,$23391,$0,$0,$3882,$29125,$30482,$1122,$21694,$1668,$23388,$24510,$0,$-4112,$-152,$5972,$30482,$632,$303,$-229,$73,$69,$0,$0,$-39,$-31,$675,$-229,$0,$-682,$-11,$-23,$-34,$435,$-511,$-1396,$1967,$571,$-0,$-0,$-510,$-3,$57,$221,$0,$-74
15,2014-12-31,157.49,$19.15,8.22,$15.68,10.05,$15.31,10.29,$4.52,34.84,$1.19B,$1.26B,0.95,$20.85B,$5.91B,3.53,$4.87B,$3.99B,81.87%,$4.87B,$2.39B,48.98%,$4.87B,$2.39B,48.98%,$4.87B,$3.67B,75.36%,$4.87B,$1.27B,25.99%,$4.87B,$1.41B,28.86%,$1.41B,$5.95B,22.68%,$1.41B,$5.95B,22.68%,$1.41B,$29.53B,4.59%,$2.39B,$26.80B,8.53%,$1297,$225,$1073,$0,$53,$642,$655,$-234,$422,$8,$414,$476,$405,$967,$655,$311,311,$1.30,$1.30,$612,$0,$0,$1192,$22368,$0,$0,$4165,$28340,$29532,$1260,$20853,$1443,$22321,$23581,$0,$-4208,$-61,$5952,$29532,$1652,$1286,$-105,$1181,$-7,$0,$0,$-66,$-102,$2730,$-797,$0,$-80,$-391,$-240,$-631,$611,$-897,$-4320,$3627,$-693,$-14,$-14,$-1875,$-355,$-2938,$-1105,$0,$-272
16,2014-09-30,141.16,$18.88,7.48,$15.04,9.39,$15.08,9.36,$4.45,31.72,$1.34B,$1.15B,1.16,$21.20B,$5.82B,3.64,$4.67B,$3.84B,82.27%,$4.67B,$2.30B,49.33%,$4.67B,$2.30B,49.33%,$4.67B,$3.62B,77.46%,$4.67B,$1.16B,24.75%,$4.67B,$1.38B,29.61%,$1.38B,$5.87B,21.55%,$1.38B,$5.87B,21.55%,$1.38B,$29.67B,4.38%,$2.30B,$27.07B,8.04%,$1235,$226,$1009,$0,$53,$627,$608,$-377,$230,$7,$224,$297,$252,$910,$608,$311,311,$0.81,$0.81,$818,$0,$0,$1335,$22294,$0,$0,$4327,$28337,$29672,$1151,$21202,$1427,$22655,$23806,$0,$-4200,$-125,$5867,$29672,$1176,$974,$-84,$889,$45,$0,$0,$-55,$-132,$1932,$-467,$0,$-80,$-324,$-156,$-479,$435,$-591,$-3155,$2685,$-469,$-15,$-15,$-1401,$-354,$-2240,$-899,$0,$-203
17,2014-06-30,141.67,$19.68,7.2,$14.76,9.6,$14.56,9.73,$4.64,30.53,$2.15B,$1.15B,1.88,$21.90B,$6.07B,3.61,$4.58B,$3.77B,82.17%,$4.58B,$2.24B,48.96%,$4.58B,$2.24B,48.96%,$4.58B,$3.60B,78.44%,$4.58B,$1.20B,26.27%,$4.58B,$1.44B,31.49%,$1.44B,$6.12B,21.69%,$1.44B,$6.12B,21.69%,$1.44B,$30.59B,4.48%,$2.24B,$28.02B,7.67%,$1182,$214,$968,$0,$54,$620,$562,$-255,$307,$7,$300,$490,$407,$902,$562,$311,311,$1.31,$1.31,$1666,$0,$0,$2154,$22383,$0,$0,$4526,$28433,$30586,$1147,$21901,$1397,$23323,$24471,$0,$-4049,$-62,$6116,$30586,$879,$671,$-168,$502,$64,$0,$0,$-46,$-110,$1271,$-366,$0,$-80,$-9,$-116,$-125,$259,$-312,$-1345,$1405,$60,$-0,$-0,$-928,$-142,$-1010,$-51,$0,$-134
18,2014-03-31,130.56,$22.10,5.91,$14.45,9.03,$14.35,9.1,$4.43,29.47,$1.54B,$1.26B,1.23,$23.19B,$6.82B,3.4,$4.49B,$3.68B,81.99%,$4.49B,$2.19B,48.86%,$4.49B,$2.19B,48.86%,$4.49B,$3.53B,78.78%,$4.49B,$1.14B,25.43%,$4.49B,$1.38B,30.67%,$1.38B,$6.86B,20.16%,$1.38B,$6.86B,20.16%,$1.38B,$32.76B,4.23%,$2.19B,$30.05B,7.39%,$1157,$219,$938,$0,$37,$596,$561,$-254,$307,$7,$300,$360,$342,$892,$561,$311,311,$1.10,$1.10,$1013,$0,$0,$1544,$25288,$0,$0,$4358,$31212,$32756,$1259,$23187,$1338,$24632,$25891,$0,$-3273,$-68,$6864,$32756,$401,$331,$-20,$310,$63,$0,$0,$-12,$-50,$661,$-208,$0,$-80,$-5,$-46,$-51,$111,$-227,$-2390,$1810,$-580,$-0,$-0,$-455,$-103,$-1137,$-703,$0,$-66
19,2013-12-31,120.18,$21.97,5.47,$14.65,8.2,$14.02,8.57,$4.24,28.35,$2.21B,$1.22B,1.81,$22.67B,$6.78B,3.35,$4.54B,$3.71B,81.56%,$4.54B,$2.19B,48.17%,$4.54B,$2.19B,48.17%,$4.54B,$3.52B,77.51%,$4.54B,$1.11B,24.36%,$4.54B,$1.32B,28.98%,$1.32B,$6.82B,19.33%,$1.32B,$6.82B,19.33%,$1.32B,$33.33B,4.07%,$2.19B,$29.49B,7.43%,$1097,$169,$928,$0,$56,$524,$573,$-260,$312,$10,$303,$344,$382,$914,$573,$310,310,$1.23,$1.23,$1691,$0,$0,$2211,$22244,$0,$0,$4444,$31113,$33325,$1223,$22670,$1301,$25279,$26502,$0,$-3219,$-76,$6823,$33325,$1552,$1333,$-182,$1151,$-14,$0,$0,$-30,$-2,$2701,$-841,$0,$-867,$3,$-143,$-140,$899,$-948,$-2446,$2919,$473,$0,$0,$-1689,$-5,$-1221,$532,$0,$-243
20,2013-09-30,116.15,$21.93,5.3,$13.49,8.61,$13.67,8.5,$4.02,28.89,$1.63B,$1.33B,1.23,$22.73B,$6.76B,3.36,$4.17B,$3.44B,82.56%,$4.17B,$2.02B,48.37%,$4.17B,$2.02B,48.37%,$4.17B,$3.37B,80.83%,$4.17B,$0.96B,23.10%,$4.17B,$1.25B,29.99%,$1.25B,$6.80B,18.30%,$1.25B,$6.80B,18.30%,$1.25B,$32.11B,3.89%,$2.02B,$29.53B,6.81%,$1147,$215,$932,$0,$43,$598,$548,$-271,$278,$8,$270,$329,$312,$887,$548,$310,310,$1.00,$1.00,$1099,$0,$0,$1629,$24961,$0,$0,$3963,$30482,$32111,$1328,$22730,$1069,$23979,$25307,$0,$-3219,$-77,$6804,$32111,$1102,$992,$-148,$843,$23,$0,$0,$-47,$-17,$1929,$-629,$0,$-309,$8,$-113,$-106,$646,$-397,$-361,$0,$-361,$0,$0,$-1253,$-3,$-1617,$-85,$0,$-180
21,2013-06-30,122.82,$21.93,5.6,$13.83,8.88,$13.55,9.07,$3.86,31.82,$1.59B,$1.27B,1.25,$22.69B,$6.76B,3.36,$4.25B,$3.47B,81.72%,$4.25B,$2.03B,47.84%,$4.25B,$2.03B,47.84%,$4.25B,$3.37B,79.22%,$4.25B,$0.96B,22.61%,$4.25B,$1.19B,28.07%,$1.19B,$6.81B,17.45%,$1.19B,$6.81B,17.45%,$1.19B,$32.02B,3.71%,$2.03B,$29.49B,6.87%,$1085,$205,$880,$0,$43,$575,$510,$-266,$244,$9,$235,$359,$340,$841,$510,$310,310,$1.10,$1.10,$1096,$0,$0,$1587,$25091,$0,$0,$3862,$30428,$32015,$1273,$22688,$1068,$23936,$25209,$0,$-3174,$-102,$6806,$32015,$735,$653,$-117,$537,$50,$0,$0,$-12,$-39,$1233,$-394,$0,$-247,$28,$-37,$-10,$533,$-118,$-1260,$896,$-364,$0,$0,$-835,$-6,$-1204,$-89,$0,$-120
22,2013-03-31,122.53,$22.01,5.57,$14.25,8.6,$13.66,8.97,$3.47,35.31,$1.28B,$1.23B,1.04,$22.57B,$6.78B,3.33,$4.35B,$3.53B,81.14%,$4.35B,$2.05B,47.03%,$4.35B,$2.05B,47.03%,$4.35B,$3.37B,77.46%,$4.35B,$0.95B,21.89%,$4.35B,$1.07B,24.53%,$1.07B,$6.82B,15.44%,$1.07B,$6.82B,15.44%,$1.07B,$31.89B,3.33%,$2.05B,$29.40B,6.92%,$1215,$249,$966,$0,$36,$657,$558,$-285,$273,$13,$259,$334,$283,$880,$558,$310,310,$0.91,$0.91,$830,$0,$0,$1284,$25089,$0,$0,$3993,$30602,$31886,$1231,$22573,$1072,$23832,$25063,$0,$-3165,$-83,$6823,$31886,$334,$322,$-42,$280,$78,$0,$0,$-22,$-64,$551,$-200,$0,$-52,$1,$-16,$-14,$254,$-12,$-1116,$643,$-473,$0,$0,$-417,$-3,$-893,$-355,$0,$-60
23,2012-12-31,121.31,$22.24,5.45,$14.12,8.59,$14.05,8.63,$4.74,25.59,$1.71B,$1.37B,1.24,$23.11B,$6.85B,3.38,$4.26B,$3.46B,81.18%,$4.26B,$2.01B,47.12%,$4.26B,$2.01B,47.12%,$4.26B,$3.31B,77.68%,$4.26B,$0.94B,22.06%,$4.26B,$1.43B,33.59%,$1.43B,$6.89B,20.33%,$1.43B,$6.89B,20.33%,$1.43B,$32.59B,4.44%,$2.01B,$30.01B,6.74%,$721,$57,$663,$0,$46,$320,$400,$-233,$168,$6,$162,$214,$315,$761,$400,$303,303,$0.99,$0.99,$1185,$0,$0,$1706,$25184,$0,$0,$4126,$30881,$32587,$1374,$23113,$1028,$24319,$25694,$0,$-3083,$-91,$6893,$32587,$1720,$1301,$-535,$766,$-5,$0,$0,$-134,$27,$2513,$-802,$0,$-3645,$231,$-37,$194,$673,$-3581,$-4561,$6772,$2212,$966,$966,$-1483,$-241,$1453,$386,$0,$-239
24,2012-09-30,115.63,$22.05,5.24,$15.73,7.35,$13.72,8.43,$4.97,23.27,$0.91B,$1.20B,0.76,$22.57B,$6.78B,3.33,$4.71B,$3.73B,79.22%,$4.71B,$2.15B,45.61%,$4.71B,$2.15B,45.61%,$4.71B,$3.38B,71.81%,$4.71B,$1.07B,22.65%,$4.71B,$1.48B,31.40%,$1.48B,$6.82B,22.07%,$1.48B,$6.82B,22.07%,$1.48B,$31.98B,4.82%,$2.15B,$29.39B,7.60%,$1229,$265,$964,$0,$42,$664,$565,$-289,$276,$4,$272,$306,$255,$885,$565,$304,304,$0.84,$0.84,$453,$0,$0,$909,$25266,$0,$0,$3959,$31069,$31978,$1204,$22570,$1029,$23953,$25157,$0,$-3057,$-65,$6821,$31978,$1349,$940,$-501,$439,$57,$0,$0,$-70,$39,$1827,$-590,$0,$-3600,$-180,$18,$-162,$607,$-3744,$1699,$0,$1699,$966,$966,$-1085,$-9,$1571,$-346,$0,$-181
25,2012-06-30,117.78,$23.51,5.01,$15.35,7.67,$13.74,8.57,$5.06,23.28,$1.06B,$1.17B,0.91,$22.47B,$7.09B,3.17,$4.55B,$3.61B,79.20%,$4.55B,$2.07B,45.39%,$4.55B,$2.07B,45.39%,$4.55B,$3.25B,71.46%,$4.55B,$1.03B,22.61%,$4.55B,$1.50B,32.89%,$1.50B,$7.13B,23.50%,$1.50B,$7.13B,23.50%,$1.50B,$31.99B,5.15%,$2.07B,$29.60B,7.72%,$1188,$249,$939,$0,$43,$664,$524,$-289,$236,$4,$232,$261,$215,$846,$524,$303,303,$0.71,$0.71,$638,$0,$0,$1062,$25236,$0,$0,$3943,$30924,$31987,$1169,$22467,$957,$23687,$24856,$0,$-2974,$-82,$7131,$31987,$1043,$620,$-506,$114,$81,$0,$0,$-49,$42,$1199,$-344,$0,$-3600,$-11,$-40,$-52,$609,$-3386,$-2968,$4492,$1524,$1214,$1214,$-703,$-8,$2027,$-160,$0,$-119
26,2012-03-31,109.51,$24.06,4.55,$14.98,7.31,$13.42,8.16,$5.05,21.69,$1.30B,$1.13B,1.15,$22.80B,$7.25B,3.15,$4.41B,$3.48B,79.00%,$4.41B,$2.01B,45.63%,$4.41B,$2.01B,45.63%,$4.41B,$3.15B,71.40%,$4.41B,$1.02B,23.06%,$4.41B,$1.49B,33.76%,$1.49B,$7.29B,24.87%,$1.49B,$7.29B,24.87%,$1.49B,$32.42B,5.47%,$2.01B,$30.09B,8.03%,$1119,$229,$890,$0,$35,$602,$517,$-258,$259,$2,$257,$782,$645,$815,$517,$296,296,$2.18,$2.18,$881,$0,$0,$1298,$25336,$0,$0,$3985,$31120,$32417,$1128,$22801,$933,$23996,$25124,$0,$-2886,$-24,$7294,$32417,$782,$299,$-505,$-206,$78,$0,$0,$-72,$-3,$573,$-124,$0,$-3527,$-7,$-62,$-69,$545,$-3175,$-2242,$4056,$1814,$1214,$1214,$-338,$-6,$2684,$82,$0,$-58
27,2011-12-31,96.26,$18.87,5.1,$14.67,6.56,$13.24,7.27,$3.48,27.66,$1.94B,$1.09B,1.77,$18.45B,$5.50B,3.35,$4.31B,$3.39B,78.63%,$4.31B,$1.94B,45.15%,$4.31B,$1.94B,45.15%,$4.31B,$3.06B,70.95%,$4.31B,$0.96B,22.29%,$4.31B,$1.02B,23.71%,$1.02B,$5.54B,18.41%,$1.02B,$5.54B,18.41%,$1.02B,$26.22B,4.05%,$1.94B,$23.99B,8.39%,$1171,$235,$936,$0,$49,$630,$541,$-247,$295,$9,$286,$442,$363,$834,$541,$294,294,$1.24,$1.24,$799,$0,$0,$1936,$21269,$0,$0,$1378,$24281,$26217,$1092,$18446,$867,$19581,$20673,$0,$-3252,$-94,$5544,$26217,$1246,$1112,$-215,$897,$-19,$0,$0,$-59,$-137,$2006,$-445,$0,$-1240,$-35,$214,$179,$513,$-994,$257,$0,$257,$5,$5,$-1242,$-29,$-1010,$2,$0,$-211
28,2011-09-30,81.39,$18.76,4.34,$14.53,5.6,$13.07,6.23,$2.98,27.31,$1.64B,$1.15B,1.43,$17.90B,$5.47B,3.28,$4.26B,$3.34B,78.54%,$4.26B,$1.91B,44.89%,$4.26B,$1.91B,44.89%,$4.26B,$3.01B,70.79%,$4.26B,$0.92B,21.60%,$4.26B,$0.88B,20.59%,$0.88B,$5.51B,15.73%,$0.88B,$5.51B,15.73%,$0.88B,$25.58B,3.52%,$1.91B,$23.42B,8.32%,$1074,$234,$840,$0,$41,$591,$484,$-244,$239,$1,$238,$334,$274,$758,$484,$294,294,$0.93,$0.93,$576,$0,$0,$1641,$20522,$0,$0,$1462,$23934,$25575,$1151,$17903,$838,$18912,$20063,$0,$-3220,$-102,$5512,$25575,$804,$819,$-93,$726,$33,$0,$0,$-84,$-31,$1499,$-299,$0,$-1162,$-3,$-15,$-19,$358,$-1123,$278,$0,$278,$2,$2,$-851,$-27,$-598,$-221,$0,$-144
29,2011-06-30,85.42,$18.97,4.5,$14.21,6.01,$12.71,6.72,$2.84,30.08,$1.82B,$1.05B,1.74,$17.01B,$5.52B,3.08,$4.16B,$3.26B,78.34%,$4.16B,$1.82B,43.85%,$4.16B,$1.82B,43.85%,$4.16B,$2.91B,69.93%,$4.16B,$0.64B,15.46%,$4.16B,$0.83B,20.02%,$0.83B,$5.57B,14.89%,$0.83B,$5.57B,14.89%,$0.83B,$24.53B,3.37%,$1.82B,$22.58B,7.97%,$1041,$227,$814,$0,$34,$573,$468,$-245,$223,$1,$222,$251,$205,$738,$468,$293,293,$0.70,$0.70,$790,$0,$0,$1823,$19398,$0,$0,$1346,$22711,$24534,$1049,$17014,$812,$17916,$18965,$0,$-3203,$46,$5569,$24534,$470,$544,$-6,$538,$57,$0,$0,$-140,$-110,$898,$-163,$0,$-12,$-10,$-7,$-17,$339,$147,$-668,$206,$-462,$2,$2,$-567,$-25,$-1052,$-7,$0,$-97
30,2011-03-31,78.21,$18.96,4.13,$13.85,5.65,$12.42,6.3,$2.66,29.4,$1.66B,$1.01B,1.64,$17.17B,$5.52B,3.11,$4.05B,$3.18B,78.41%,$4.05B,$1.77B,43.70%,$4.05B,$1.77B,43.70%,$4.05B,$2.83B,69.75%,$4.05B,$0.57B,14.16%,$4.05B,$0.78B,19.27%,$0.78B,$5.56B,14.12%,$0.78B,$5.56B,14.12%,$0.78B,$24.57B,3.18%,$1.77B,$22.73B,7.76%,$1020,$224,$796,$0,$30,$569,$451,$-248,$203,$1,$202,$220,$179,$725,$451,$293,293,$0.61,$0.61,$636,$0,$0,$1660,$19651,$0,$0,$1379,$22910,$24569,$1014,$17172,$733,$17995,$19009,$0,$-3174,$20,$5560,$24569,$220,$274,$-1,$273,$60,$0,$0,$-48,$-40,$452,$-60,$0,$0,$-9,$-3,$-12,$59,$-12,$-295,$0,$-295,$0,$0,$-284,$-23,$-601,$-161,$0,$-48
31,2010-12-31,72.07,$19.23,3.75,$13.60,5.3,$12.43,5.8,$2.08,34.65,$1.87B,$0.99B,1.89,$17.47B,$5.59B,3.13,$3.96B,$3.10B,78.20%,$3.96B,$1.75B,44.14%,$3.96B,$1.75B,44.14%,$3.96B,$2.76B,69.81%,$3.96B,$0.37B,9.30%,$3.96B,$0.61B,15.44%,$0.61B,$5.63B,11.26%,$0.61B,$5.63B,11.26%,$0.61B,$24.86B,2.48%,$1.75B,$23.11B,7.63%,$1120,$227,$892,$0,$40,$613,$507,$-252,$254,$5,$249,$267,$218,$791,$507,$291,291,$0.76,$0.76,$797,$0,$0,$1874,$19797,$0,$0,$1390,$22983,$24857,$994,$17474,$671,$18230,$19224,$0,$-3115,$7,$5634,$24857,$754,$1016,$46,$1062,$2,$0,$0,$-40,$-61,$1755,$-256,$0,$-949,$10,$-589,$-579,$538,$-1247,$-2369,$0,$-2369,$4,$-7,$-917,$-377,$-3670,$-3161,$0,$-153
32,2010-09-30,66.65,$19.15,3.48,$13.59,4.9,$12.29,5.42,$1.66,40.15,$2.05B,$0.98B,2.08,$17.49B,$5.56B,3.14,$3.87B,$3.02B,78.12%,$3.87B,$1.53B,39.45%,$3.87B,$1.53B,39.45%,$3.87B,$2.50B,64.69%,$3.87B,$0.23B,6.03%,$3.87B,$0.49B,12.55%,$0.49B,$5.61B,9.13%,$0.49B,$5.61B,9.13%,$0.49B,$24.79B,1.95%,$1.53B,$23.09B,6.61%,$979,$223,$757,$0,$27,$581,$398,$-434,$-37,$-0,$-36,$281,$231,$655,$398,$293,293,$0.79,$0.79,$1012,$0,$0,$2046,$19964,$0,$0,$1412,$22743,$24788,$984,$17485,$625,$18196,$19180,$0,$-3100,$-26,$5608,$24788,$486,$731,$38,$769,$40,$0,$0,$-6,$30,$1285,$-194,$0,$-949,$11,$-186,$-175,$448,$-870,$-2351,$0,$-2351,$3,$-8,$-634,$-369,$-3361,$-2946,$0,$-105
33,2010-06-30,57.65,$18.19,3.17,$13.52,4.26,$12.21,4.72,$1.25,46.12,$3.30B,$0.92B,3.58,$17.07B,$5.28B,3.23,$3.81B,$2.98B,78.04%,$3.81B,$1.52B,39.85%,$3.81B,$1.52B,39.85%,$3.81B,$2.49B,65.37%,$3.81B,$0.40B,10.60%,$3.81B,$0.36B,9.44%,$0.36B,$5.33B,6.94%,$0.36B,$5.33B,6.94%,$0.36B,$23.93B,1.43%,$1.52B,$22.40B,6.53%,$934,$200,$733,$0,$28,$518,$415,$-261,$154,$-1,$155,$185,$153,$656,$415,$292,293,$0.52,$0.52,$2293,$0,$0,$3298,$18054,$0,$0,$1404,$20626,$23925,$921,$17071,$524,$17678,$18599,$0,$-3155,$-69,$5326,$23925,$206,$474,$149,$623,$68,$0,$0,$-96,$-52,$777,$-129,$0,$-56,$12,$-155,$-143,$30,$-298,$-1536,$0,$-1536,$3,$-8,$-422,$-178,$-2144,$-1664,$0,$-70
34,2010-03-31,59.51,$17.79,3.35,$13.70,4.34,$12.41,4.8,$0.65,91.55,$4.31B,$0.95B,4.53,$17.88B,$5.10B,3.51,$3.78B,$2.94B,77.63%,$3.78B,$1.47B,38.84%,$3.78B,$1.47B,38.84%,$3.78B,$2.46B,64.91%,$3.78B,$0.23B,6.08%,$3.78B,$0.19B,4.92%,$0.19B,$5.14B,3.66%,$0.19B,$5.14B,3.66%,$0.19B,$24.98B,0.73%,$1.47B,$23.03B,6.29%,$925,$212,$713,$0,$24,$498,$427,$-430,$-3,$0,$-3,$21,$9,$661,$427,$286,286,$0.03,$0.03,$3327,$0,$0,$4314,$18085,$0,$0,$1419,$20663,$24977,$953,$17883,$652,$18883,$19836,$0,$-3119,$-28,$5142,$24977,$21,$234,$166,$400,$50,$0,$0,$-27,$28,$448,$-63,$0,$0,$-7,$-4,$-11,$35,$-39,$-655,$0,$-655,$0,$0,$-212,$-174,$-1040,$-631,$0,$-35
35,2009-12-31,56.12,$18.14,3.09,$14.36,3.91,$12.32,4.55,$1.07,52.45,$4.99B,$0.99B,5.06,$18.63B,$5.14B,3.63,$3.78B,$2.93B,77.48%,$3.78B,$1.41B,37.25%,$3.78B,$1.41B,37.25%,$3.78B,$2.42B,64.00%,$3.78B,$0.37B,9.83%,$3.78B,$0.28B,7.52%,$0.28B,$5.18B,6.02%,$0.28B,$5.18B,6.02%,$0.28B,$25.95B,1.13%,$1.41B,$23.81B,6.15%,$1028,$212,$817,$0,$36,$743,$285,$-166,$119,$-2,$122,$116,$92,$529,$285,$267,268,$0.31,$0.30,$3958,$0,$0,$4992,$18332,$0,$0,$1469,$20956,$25948,$988,$18630,$617,$19778,$20765,$0,$-2956,$-3,$5183,$25948,$387,$1009,$311,$1320,$37,$0,$0,$-28,$13,$1721,$-376,$0,$0,$-59,$-107,$-166,$123,$-419,$542,$0,$542,$1642,$1555,$-174,$-40,$1883,$3184,$0,$-26
36,2009-09-30,48.11,$18.01,2.67,$15.09,3.19,$10.69,4.5,$1.39,34.61,$4.73B,$1.05B,4.51,$18.67B,$5.06B,3.69,$3.78B,$2.92B,77.33%,$3.78B,$1.55B,41.05%,$3.78B,$1.55B,41.05%,$3.78B,$2.59B,68.49%,$3.78B,$0.43B,11.41%,$3.78B,$0.34B,8.92%,$0.34B,$5.10B,8.02%,$0.34B,$5.10B,8.02%,$0.34B,$25.98B,1.38%,$1.55B,$23.77B,6.98%,$925,$213,$712,$0,$28,$533,$392,$-258,$134,$-0,$135,$139,$106,$646,$392,$281,282,$0.38,$0.38,$3746,$0,$0,$4734,$18568,$0,$0,$1507,$21242,$25977,$1050,$18669,$626,$19825,$20876,$0,$-2873,$-15,$5101,$25977,$271,$765,$180,$946,$84,$0,$0,$-38,$124,$1341,$-313,$0,$0,$-89,$-17,$-105,$48,$-371,$606,$0,$606,$1639,$1552,$-126,$-29,$2002,$2972,$0,$-19
37,2009-06-30,35.03,$17.53,2.0,$15.96,2.2,$9.47,3.7,$1.51,23.2,$3.56B,$0.99B,3.61,$17.94B,$4.88B,3.68,$3.79B,$2.91B,76.89%,$3.79B,$1.54B,40.69%,$3.79B,$1.54B,40.69%,$3.79B,$2.56B,67.60%,$3.79B,$0.44B,11.62%,$3.79B,$0.34B,9.08%,$0.34B,$4.93B,9.16%,$0.34B,$4.93B,9.16%,$0.34B,$25.01B,1.44%,$1.54B,$22.86B,7.15%,$904,$210,$694,$0,$25,$538,$365,$-385,$-20,$-0,$-20,$-14,$-21,$619,$365,$268,268,$-0.08,$-0.08,$2628,$0,$0,$3558,$18723,$0,$0,$1552,$21453,$25010,$985,$17936,$592,$19100,$20084,$0,$-2793,$-52,$4926,$25010,$132,$512,$169,$681,$87,$0,$0,$-27,$75,$888,$-240,$0,$0,$-134,$-13,$-147,$3,$-384,$-101,$0,$-101,$1640,$1552,$-79,$-21,$1351,$1855,$0,$-12
38,2009-03-31,23.38,$14.40,1.62,$16.68,1.4,$8.39,2.79,$1.93,12.11,$1.80B,$0.98B,1.83,$17.39B,$3.63B,4.79,$3.81B,$2.92B,76.67%,$3.81B,$1.56B,40.86%,$3.81B,$1.56B,40.86%,$3.81B,$2.55B,66.89%,$3.81B,$0.59B,15.40%,$3.81B,$0.44B,11.61%,$0.44B,$3.68B,13.12%,$0.44B,$3.68B,13.12%,$0.44B,$23.29B,1.88%,$1.56B,$21.06B,7.36%,$918,$217,$702,$0,$23,$554,$364,$-226,$138,$-3,$141,$146,$107,$622,$364,$236,236,$0.45,$0.45,$898,$0,$0,$1798,$18876,$0,$0,$1573,$21489,$23287,$982,$17385,$590,$18631,$19613,$0,$-2603,$-218,$3675,$23287,$146,$258,$15,$272,$59,$0,$0,$-41,$16,$435,$-137,$0,$0,$-43,$-8,$-51,$23,$-165,$-629,$0,$-629,$526,$526,$-32,$-9,$-145,$125,$0,$-5
39,2008-12-31,35.11,$13.41,2.62,$16.79,2.09,$7.12,4.93,$1.87,18.77,$1.71B,$1.09B,1.57,$18.04B,$3.06B,5.9,$3.78B,$2.89B,76.26%,$3.78B,$1.54B,40.79%,$3.78B,$1.54B,40.79%,$3.78B,$2.50B,66.11%,$3.78B,$0.57B,15.07%,$3.78B,$0.42B,11.18%,$0.42B,$3.10B,12.74%,$0.42B,$3.10B,12.74%,$0.42B,$23.42B,1.79%,$1.54B,$21.14B,7.32%,$1029,$217,$812,$0,$38,$600,$429,$-250,$179,$2,$177,$196,$145,$699,$429,$225,226,$0.65,$0.64,$774,$0,$0,$1709,$19021,$0,$0,$1664,$21714,$23423,$1086,$18043,$536,$19235,$20321,$0,$-2492,$-165,$3102,$23423,$600,$957,$74,$1031,$-14,$0,$0,$-21,$6,$1636,$-874,$0,$0,$-347,$-138,$-485,$337,$-1022,$765,$0,$765,$-5,$-7,$-1058,$-42,$-342,$272,$0,$-206
40,2008-09-30,62.99,$14.67,4.29,$16.86,3.74,$6.17,10.2,$1.74,36.2,$1.55B,$1.15B,1.34,$17.88B,$2.57B,6.96,$3.79B,$2.88B,76.09%,$3.79B,$1.59B,41.87%,$3.79B,$1.59B,41.87%,$3.79B,$2.50B,66.04%,$3.79B,$0.57B,14.96%,$3.79B,$0.39B,10.32%,$0.39B,$3.31B,11.39%,$0.39B,$3.31B,11.39%,$0.39B,$23.76B,1.65%,$1.59B,$21.19B,7.56%,$936,$232,$704,$0,$28,$552,$383,$-240,$143,$1,$142,$160,$113,$620,$383,$225,226,$0.50,$0.50,$646,$0,$0,$1546,$19059,$0,$0,$1697,$22219,$23764,$1151,$17879,$541,$19300,$20451,$0,$-2384,$10,$3313,$23764,$403,$687,$45,$732,$24,$0,$0,$-27,$80,$1215,$-668,$0,$0,$-348,$-66,$-414,$209,$-873,$634,$0,$634,$-5,$-7,$-795,$-30,$-198,$144,$0,$-155
41,2008-06-30,57.82,$15.03,3.85,$16.77,3.45,$4.96,11.66,$1.98,29.2,$1.40B,$1.13B,1.24,$17.69B,$2.64B,6.71,$3.76B,$2.86B,76.07%,$3.76B,$1.58B,42.09%,$3.76B,$1.58B,42.09%,$3.76B,$2.48B,65.91%,$3.76B,$0.57B,15.02%,$3.76B,$0.44B,11.78%,$0.44B,$3.38B,12.48%,$0.44B,$3.38B,12.48%,$0.44B,$23.67B,1.88%,$1.58B,$21.08B,7.55%,$923,$223,$700,$0,$27,$544,$379,$-253,$126,$1,$126,$114,$77,$605,$379,$225,226,$0.34,$0.34,$504,$0,$0,$1395,$19091,$0,$0,$1849,$22275,$23670,$1128,$17694,$559,$19160,$20287,$0,$-2294,$5,$3382,$23670,$243,$451,$36,$486,$28,$0,$0,$-37,$33,$763,$-462,$0,$0,$-213,$-35,$-248,$79,$-630,$430,$0,$430,$-9,$-11,$-530,$-21,$-131,$2,$0,$-104
42,2008-03-31,59.24,$15.48,3.83,$16.49,3.59,$4.56,12.99,$1.91,31.02,$1.34B,$1.07B,1.26,$17.45B,$2.73B,6.39,$3.69B,$2.80B,75.72%,$3.69B,$1.54B,41.64%,$3.69B,$1.54B,41.64%,$3.69B,$2.43B,65.76%,$3.69B,$0.53B,14.32%,$3.69B,$0.43B,11.53%,$0.43B,$3.48B,11.63%,$0.43B,$3.48B,11.63%,$0.43B,$23.50B,1.82%,$1.54B,$20.92B,7.41%,$895,$226,$669,$0,$25,$544,$352,$-230,$122,$-0,$122,$129,$88,$577,$352,$223,224,$0.39,$0.39,$429,$0,$0,$1343,$19094,$0,$0,$1868,$22160,$23503,$1066,$17446,$567,$18958,$20024,$0,$-2168,$-18,$3479,$23503,$129,$225,$10,$235,$-1,$0,$0,$-115,$-136,$229,$-230,$0,$0,$0,$-15,$-15,$46,$-199,$172,$0,$172,$3,$1,$-264,$-12,$-103,$-73,$0,$-52
43,2007-12-31,54.16,$15.98,3.39,$16.31,3.32,$5.03,10.76,$1.96,27.63,$1.50B,$1.25B,1.2,$17.22B,$2.82B,6.11,$3.65B,$2.76B,75.68%,$3.65B,$1.54B,42.04%,$3.65B,$1.54B,42.04%,$3.65B,$2.41B,65.98%,$3.65B,$0.53B,14.60%,$3.65B,$0.44B,11.94%,$0.44B,$3.56B,11.54%,$0.44B,$3.56B,11.54%,$0.44B,$23.61B,1.86%,$1.54B,$20.78B,7.38%,$1036,$225,$811,$0,$38,$563,$473,$-297,$176,$-13,$189,$199,$113,$701,$473,$223,224,$0.51,$0.50,$502,$0,$0,$1497,$19103,$0,$0,$1887,$22108,$23606,$1251,$17219,$533,$18791,$20042,$0,$-2055,$18,$3563,$23606,$639,$875,$41,$917,$-41,$0,$0,$-70,$4,$1559,$-1017,$0,$-257,$-13,$-687,$-700,$-75,$-2050,$1399,$0,$1399,$73,$-228,$-999,$-110,$63,$-427,$0,$-195
44,2007-09-30,61.82,$16.94,3.65,$15.86,3.9,$4.91,12.58,$2.38,25.98,$1.53B,$1.13B,1.35,$17.27B,$2.88B,6.0,$3.54B,$2.66B,75.18%,$3.54B,$1.45B,40.99%,$3.54B,$1.45B,40.99%,$3.54B,$2.31B,65.22%,$3.54B,$0.54B,15.13%,$3.54B,$0.53B,14.91%,$0.53B,$3.78B,13.60%,$0.53B,$3.78B,13.60%,$0.53B,$23.66B,2.29%,$1.45B,$21.04B,7.10%,$907,$226,$681,$0,$27,$528,$379,$-238,$141,$1,$140,$236,$165,$596,$379,$223,224,$0.74,$0.74,$390,$0,$0,$1530,$18999,$0,$0,$1997,$22128,$23658,$1131,$17266,$414,$18750,$19881,$0,$-1980,$21,$3777,$23658,$366,$647,$-43,$604,$29,$0,$0,$-53,$-10,$960,$-689,$0,$-251,$-30,$-662,$-693,$-482,$-2114,$1457,$0,$1457,$7,$-75,$-751,$-16,$615,$-539,$0,$-146
45,2007-06-30,56.96,$17.13,3.33,$15.50,3.68,$5.34,10.67,$2.07,27.52,$1.24B,$1.11B,1.11,$16.44B,$2.93B,5.61,$3.45B,$2.59B,74.84%,$3.45B,$1.39B,40.36%,$3.45B,$1.39B,40.36%,$3.45B,$2.23B,64.68%,$3.45B,$0.51B,14.77%,$3.45B,$0.46B,13.26%,$0.46B,$3.83B,11.55%,$0.46B,$3.83B,11.55%,$0.46B,$22.88B,2.04%,$1.39B,$20.27B,7.05%,$856,$220,$636,$0,$27,$522,$334,$-244,$90,$-1,$90,$95,$60,$555,$334,$223,224,$0.27,$0.27,$381,$0,$0,$1239,$18660,$0,$0,$1853,$21646,$22884,$1113,$16439,$421,$17944,$19057,$0,$-1957,$23,$3827,$22884,$187,$430,$-4,$425,$67,$0,$0,$-39,$10,$622,$-413,$0,$-149,$-13,$-468,$-480,$-420,$-1462,$829,$0,$829,$-25,$-26,$-501,$-11,$292,$-548,$0,$-98
46,2007-03-31,67.59,$17.69,3.82,$15.28,4.42,$5.79,11.67,$2.17,31.15,$2.15B,$1.08B,1.99,$17.15B,$3.05B,5.62,$3.40B,$2.55B,74.92%,$3.40B,$1.37B,40.33%,$3.40B,$1.37B,40.33%,$3.40B,$2.19B,64.47%,$3.40B,$0.53B,15.57%,$3.40B,$0.48B,14.16%,$0.48B,$3.95B,11.87%,$0.48B,$3.95B,11.87%,$0.48B,$23.74B,2.19%,$1.37B,$21.10B,7.11%,$852,$217,$635,$0,$23,$503,$349,$-222,$126,$1,$125,$144,$98,$557,$349,$222,223,$0.44,$0.44,$340,$0,$0,$2153,$18601,$0,$0,$1874,$21591,$23744,$1083,$17152,$436,$18709,$19792,$0,$-1830,$19,$3951,$23744,$113,$208,$14,$221,$49,$0,$0,$-47,$-24,$310,$-206,$0,$-132,$0,$-432,$-432,$-1399,$-2168,$1539,$0,$1539,$1,$-14,$-250,$-5,$1269,$-589,$0,$-49
47,2006-12-31,61.09,$17.97,3.4,$15.02,4.07,$5.86,10.43,$2.20,27.77,$1.31B,$1.11B,1.18,$15.39B,$3.10B,4.97,$3.33B,$2.48B,74.53%,$3.33B,$1.32B,39.60%,$3.33B,$1.32B,39.60%,$3.33B,$2.13B,63.97%,$3.33B,$0.50B,14.94%,$3.33B,$0.49B,14.61%,$0.49B,$3.98B,11.81%,$0.49B,$3.98B,11.81%,$0.49B,$22.08B,2.29%,$1.32B,$19.37B,7.10%,$927,$216,$711,$0,$36,$537,$390,$-211,$179,$4,$175,$287,$205,$602,$390,$221,222,$0.93,$0.92,$929,$0,$0,$1309,$18258,$0,$0,$1526,$20775,$22084,$1109,$15394,$406,$16996,$18105,$0,$-1741,$19,$3980,$22084,$564,$813,$-36,$777,$-4,$0,$0,$-127,$-62,$1279,$-768,$0,$-150,$-6,$-157,$-163,$473,$-607,$1065,$0,$1065,$201,$-192,$-927,$-25,$-79,$592,$0,$-178
