,Date,Stock Price,Book Value per Share,Price to Book Ratio,TTM Sales per Share,Price to Sales Ratio,TTM FCF per Share,Price to FCF Ratio,TTM Net EPS,PE Ratio,Current Assets,Current Liabilities,Current Ratio,Long Term Debt,Shareholder's Equity_x,Debt to Equity Ratio,TTM Revenue_x,TTM Gross Profit,Gross Margin,TTM Revenue_y,TTM Operating Income,Operating Margin,TTM Revenue_x,TTM EBIT,EBIT Margin,TTM Revenue_y,TTM EBITDA,EBITDA Margin,TTM Revenue_x,TTM Pre-Tax Income,Pre-Tax Margin,TTM Revenue_y,TTM Net Income_x,Net Margin,TTM Net Income_y,Shareholder's Equity_y,Return on Equity,TTM Net Income_x,Tangible Equity,Return on Tangible Equity,TTM Net Income_y,Total Assets,Return on Assets,TTM Net Income,LT Investments & Debt,Return on Investment,revenue,cost-goods-sold,gross-profit,research-development-expenses,selling-general-administrative-expenses,operating-expenses,operating-income,total-non-operating-income-expense,pre-tax-income,total-provision-income-taxes,income-after-taxes,income-from-continuous-operations,net-income,ebitda,ebit,basic-shares-outstanding,shares-outstanding,eps-basic-net-earnings-per-share,eps-earnings-per-share-diluted,cash-on-hand,inventory,other-current-assets,total-current-assets,net-property-plant-equipment,long-term-investments,goodwill-intangible-assets-total,other-long-term-assets,total-long-term-assets,total-assets,total-current-liabilities,long-term-debt,other-non-current-liabilities,total-long-term-liabilities,total-liabilities,common-stock-net,retained-earnings-accumulated-deficit,comprehensive-income,total-share-holder-equity,total-liabilities-share-holders-equity,net-income-loss,total-depreciation-amortization-cash-flow,other-non-cash-items,total-non-cash-items,change-in-accounts-receivable,change-in-inventories,change-in-accounts-payable,change-in-assets-liabilities,total-change-in-assets-liabilities,cash-flow-from-operating-activities,net-change-in-property-plant-equipment,net-change-in-intangible-assets,net-acquisitions-divestitures,net-change-in-short-term-investments,net-change-in-long-term-investments,net-change-in-investments-total,investing-activities-other,cash-flow-from-investing-activities,net-long-term-debt,net-current-debt,debt-issuance-retirement-net-total,net-common-equity-issued-repurchased,net-total-equity-issued-repurchased,total-common-preferred-stock-dividends-paid,financial-activities-other,cash-flow-from-financial-activities,net-cash-flow,stock-based-compensation,common-stock-dividends-paid
0,2018-09-30,23.53,$8.04,2.93,$21.79,1.08,$6.13,3.84,$2.06,11.42,$0.16B,$0.22B,0.72,$1.26B,$0.49B,2.54,$1.34B,$0.75B,56.03%,$1.34B,$0.15B,11.38%,$1.34B,$0.15B,11.38%,$1.34B,$0.28B,20.68%,$1.34B,$0.08B,5.65%,$1.34B,$0.08B,5.65%,$0.08B,$0.49B,13.47%,$0.08B,$-0.78B,-10.54%,$0.08B,$2.10B,3.50%,$0.15B,$1.75B,8.29%,$193,$85,$108,$0,$17,$225,$-32,$-19,$-51,$0,$-51,$-51,$-51,$-1,$-32,$62,62,$-0.84,$-0.82,$5,$59,$22,$158,$649,$0,$1269,$26,$1943,$2101,$219,$1255,$133,$1388,$1607,$518,$0,$-25,$494,$2101,$77,$125,$5,$130,$-5,$-6,$1,$-4,$-7,$209,$-27,$0,$-12,$0,$0,$0,$0,$-39,$-19,$0,$-19,$0,$0,$0,$-148,$-167,$2,$0,$0
1,2018-06-30,22.88,$9.42,2.43,$21.88,1.05,$5.44,4.2,$1.23,18.6,$0.16B,$0.15B,1.07,$1.26B,$0.58B,2.18,$1.35B,$0.77B,56.97%,$1.35B,$0.16B,11.50%,$1.35B,$0.16B,11.50%,$1.35B,$0.28B,20.85%,$1.35B,$0.08B,5.71%,$1.35B,$0.08B,5.64%,$0.08B,$0.58B,13.13%,$0.08B,$-0.71B,-10.59%,$0.08B,$2.13B,3.47%,$0.16B,$1.84B,8.32%,$242,$95,$147,$0,$15,$239,$3,$-20,$-16,$0,$-17,$-17,$-17,$34,$3,$62,62,$-0.27,$-0.27,$3,$50,$22,$164,$660,$0,$1283,$25,$1968,$2132,$154,$1262,$137,$1400,$1553,$605,$0,$-27,$578,$2132,$127,$95,$5,$99,$-22,$4,$-6,$-54,$-78,$156,$-21,$0,$-12,$0,$0,$0,$0,$-33,$-12,$0,$-12,$0,$0,$0,$-111,$-123,$1,$0,$0
2,2018-03-31,20.88,$10.25,2.04,$21.59,0.97,$4.97,4.2,$1.02,20.47,$0.25B,$0.18B,1.41,$1.29B,$0.63B,2.04,$1.33B,$0.75B,56.58%,$1.33B,$0.14B,10.61%,$1.33B,$0.14B,10.61%,$1.33B,$0.27B,20.17%,$1.33B,$0.06B,4.74%,$1.33B,$0.06B,4.74%,$0.06B,$0.63B,10.58%,$0.06B,$-0.66B,-8.84%,$0.06B,$2.23B,2.86%,$0.14B,$1.91B,7.51%,$536,$247,$290,$0,$18,$410,$126,$-19,$107,$0,$107,$107,$107,$158,$126,$61,62,$1.74,$1.73,$6,$52,$28,$247,$667,$0,$1287,$26,$1981,$2228,$175,$1285,$139,$1423,$1599,$657,$0,$-27,$629,$2228,$144,$63,$5,$68,$-95,$1,$15,$-58,$-135,$82,$-15,$0,$-1,$0,$0,$0,$0,$-17,$11,$0,$11,$0,$0,$0,$-74,$-63,$3,$0,$0
3,2017-12-31,22.43,$9.06,2.48,$20.23,1.11,$4.95,4.53,$0.65,34.51,$0.23B,$0.22B,1.05,$1.32B,$0.56B,2.37,$1.24B,$0.72B,57.88%,$1.24B,$0.12B,9.49%,$1.24B,$0.12B,9.49%,$1.24B,$0.25B,19.77%,$1.24B,$0.04B,3.22%,$1.24B,$0.04B,3.22%,$0.04B,$0.56B,6.46%,$0.04B,$-0.75B,-5.69%,$0.04B,$2.24B,1.80%,$0.12B,$1.88B,6.25%,$373,$165,$208,$0,$17,$318,$56,$-20,$36,$-1,$37,$37,$37,$87,$56,$61,62,$0.61,$0.60,$6,$62,$26,$233,$678,$0,$1301,$25,$2004,$2236,$223,$1320,$138,$1458,$1680,$584,$0,$-28,$556,$2236,$37,$31,$5,$36,$-73,$-9,$36,$-23,$-74,$2,$-7,$0,$-1,$0,$0,$0,$0,$-8,$47,$0,$47,$0,$0,$0,$-38,$10,$3,$0,$0
4,2017-09-30,23.61,$9.05,2.61,$19.35,1.22,$5.34,4.42,$0.61,38.7,$0.14B,$0.21B,0.66,$1.27B,$0.55B,2.3,$1.19B,$0.71B,59.85%,$1.19B,$0.12B,9.68%,$1.19B,$0.12B,9.68%,$1.19B,$0.24B,20.54%,$1.19B,$0.04B,3.28%,$1.19B,$0.04B,3.11%,$0.04B,$0.55B,5.66%,$0.04B,$-0.76B,-5.42%,$0.04B,$2.17B,1.66%,$0.12B,$1.83B,6.05%,$197,$74,$123,$0,$17,$227,$-30,$-20,$-50,$0,$-51,$-51,$-51,$2,$-30,$61,62,$-0.84,$-0.82,$3,$53,$18,$139,$693,$0,$1315,$25,$2032,$2171,$210,$1272,$136,$1408,$1618,$582,$0,$-29,$553,$2171,$38,$128,$8,$136,$-12,$-8,$7,$-29,$-22,$161,$-23,$0,$0,$0,$0,$0,$0,$-23,$52,$0,$52,$0,$0,$0,$-225,$-173,$-35,$0,$0
5,2017-06-30,20.77,$10.54,1.97,$18.78,1.11,$5.14,4.04,$0.45,46.16,$0.13B,$0.16B,0.84,$1.25B,$0.64B,1.94,$1.15B,$0.69B,60.07%,$1.15B,$0.10B,9.03%,$1.15B,$0.10B,9.03%,$1.15B,$0.23B,20.23%,$1.15B,$0.03B,2.52%,$1.15B,$0.03B,2.43%,$0.03B,$0.64B,4.04%,$0.03B,$-0.69B,-4.26%,$0.03B,$2.19B,1.24%,$0.10B,$1.89B,5.40%,$223,$92,$131,$0,$13,$234,$-11,$-19,$-30,$0,$-30,$-30,$-30,$21,$-11,$61,61,$-0.48,$-0.48,$3,$42,$13,$131,$706,$0,$1329,$25,$2061,$2191,$156,$1250,$142,$1392,$1548,$686,$0,$-42,$644,$2191,$89,$96,$2,$97,$-19,$3,$-3,$-58,$-69,$124,$-18,$0,$0,$0,$0,$0,$0,$-18,$30,$0,$30,$0,$0,$0,$-170,$-140,$-34,$0,$0
6,2017-03-31,22.76,$11.88,1.92,$18.50,1.23,$5.07,4.49,$0.44,51.72,$0.20B,$0.18B,1.11,$1.24B,$0.73B,1.71,$1.13B,$0.69B,60.93%,$1.13B,$0.10B,9.17%,$1.13B,$0.10B,9.17%,$1.13B,$0.23B,20.63%,$1.13B,$0.03B,2.65%,$1.13B,$0.03B,2.47%,$0.03B,$0.73B,3.80%,$0.03B,$-0.62B,-4.46%,$0.03B,$2.28B,1.21%,$0.10B,$1.96B,5.28%,$451,$192,$258,$0,$12,$348,$103,$-19,$84,$-0,$84,$84,$84,$136,$103,$61,62,$1.37,$1.36,$7,$47,$17,$197,$721,$0,$1343,$24,$2087,$2284,$177,$1238,$143,$1381,$1559,$768,$0,$-43,$725,$2284,$118,$64,$2,$65,$-71,$-2,$24,$-60,$-109,$80,$-14,$0,$0,$0,$0,$0,$0,$-14,$19,$0,$19,$0,$0,$0,$-115,$-96,$-30,$0,$0
7,2016-12-31,24.67,$11.34,2.18,$17.79,1.39,$4.96,4.97,$0.59,41.81,$0.19B,$0.24B,0.79,$1.23B,$0.69B,1.77,$1.09B,$0.70B,64.40%,$1.09B,$0.11B,10.30%,$1.09B,$0.11B,10.30%,$1.09B,$0.24B,22.26%,$1.09B,$0.04B,3.50%,$1.09B,$0.04B,3.31%,$0.04B,$0.69B,4.61%,$0.04B,$-0.67B,-6.01%,$0.04B,$2.29B,1.54%,$0.11B,$1.92B,5.56%,$317,$118,$199,$0,$15,$264,$53,$-19,$35,$0,$34,$34,$34,$85,$53,$61,61,$0.57,$0.56,$5,$54,$20,$187,$730,$0,$1357,$20,$2107,$2294,$235,$1228,$139,$1367,$1602,$737,$0,$-44,$692,$2294,$34,$31,$0,$31,$-55,$-8,$36,$-22,$-45,$23,$-5,$0,$0,$0,$0,$0,$0,$-5,$3,$0,$3,$0,$0,$0,$-55,$-51,$-33,$0,$0
8,2016-09-30,26.6,$11.65,2.28,$17.13,1.55,$4.65,5.73,$0.23,115.67,$0.15B,$0.21B,0.72,$1.23B,$0.71B,1.73,$1.05B,$0.68B,65.39%,$1.05B,$0.09B,8.60%,$1.05B,$0.09B,8.60%,$1.05B,$0.22B,21.03%,$1.05B,$0.02B,1.43%,$1.05B,$0.01B,1.34%,$0.01B,$0.71B,1.70%,$0.01B,$-0.66B,-2.44%,$0.01B,$2.28B,0.59%,$0.09B,$1.93B,4.37%,$161,$57,$104,$0,$16,$202,$-41,$-19,$-60,$0,$-60,$-60,$-60,$-9,$-41,$61,61,$-0.98,$-0.98,$37,$45,$11,$147,$742,$0,$1371,$22,$2135,$2282,$205,$1225,$145,$1369,$1574,$754,$0,$-46,$708,$2282,$14,$130,$-7,$122,$6,$2,$-2,$15,$12,$157,$-32,$0,$-21,$0,$0,$0,$0,$-54,$0,$0,$0,$0,$0,$0,$-219,$-219,$-115,$0,$0
9,2016-06-30,26.01,$13.53,1.92,$17.36,1.5,$7.44,3.49,$0.11,236.42,$0.19B,$0.18B,1.03,$1.24B,$0.82B,1.51,$1.06B,$0.70B,65.82%,$1.06B,$0.08B,7.84%,$1.06B,$0.08B,7.84%,$1.06B,$0.22B,20.40%,$1.06B,$0.01B,0.76%,$1.06B,$0.01B,0.66%,$0.01B,$0.82B,0.80%,$0.01B,$-0.56B,-1.32%,$0.01B,$2.36B,0.29%,$0.08B,$2.06B,3.93%,$205,$75,$130,$0,$15,$216,$-11,$-19,$-29,$0,$-30,$-30,$-30,$22,$-11,$61,61,$-0.49,$-0.49,$67,$40,$15,$185,$756,$0,$1385,$36,$2177,$2361,$179,$1239,$122,$1361,$1539,$867,$0,$-45,$822,$2361,$75,$97,$-9,$88,$-2,$8,$-8,$-30,$-41,$129,$-28,$0,$-22,$0,$0,$0,$0,$-49,$0,$0,$0,$0,$0,$0,$-164,$-164,$-85,$0,$0
10,2016-03-31,22.61,$14.87,1.52,$17.63,1.28,$9.67,2.34,$-0.07,0.0,$0.23B,$0.16B,1.39,$1.24B,$0.90B,1.37,$1.07B,$0.69B,64.53%,$1.07B,$0.07B,6.70%,$1.07B,$0.07B,6.70%,$1.07B,$0.21B,19.09%,$1.07B,$-0.00B,-0.37%,$1.07B,$-0.00B,-0.37%,$-0.00B,$0.90B,-0.43%,$-0.00B,$-0.51B,0.82%,$-0.00B,$2.44B,-0.16%,$0.07B,$2.14B,3.33%,$404,$137,$267,$0,$15,$293,$111,$-19,$92,$0,$92,$92,$92,$144,$111,$61,61,$1.51,$1.51,$59,$45,$21,$225,$770,$0,$1410,$36,$2215,$2440,$162,$1240,$135,$1374,$1536,$949,$0,$-46,$903,$2440,$104,$65,$0,$65,$-40,$3,$2,$-46,$-94,$80,$-22,$0,$-42,$0,$0,$0,$0,$-64,$0,$0,$0,$0,$0,$0,$-110,$-110,$-94,$0,$0
11,2015-12-31,17.77,$14.18,1.25,$20.86,0.85,$11.09,1.6,$0.66,26.93,$0.22B,$0.21B,1.02,$1.24B,$0.86B,1.44,$1.27B,$0.77B,60.84%,$1.27B,$0.13B,10.48%,$1.27B,$0.13B,10.48%,$1.27B,$0.27B,20.96%,$1.27B,$0.04B,3.23%,$1.27B,$0.04B,3.23%,$0.04B,$0.86B,4.21%,$0.04B,$-0.56B,-9.35%,$0.04B,$2.45B,1.62%,$0.13B,$2.10B,6.00%,$276,$93,$183,$0,$15,$245,$31,$-19,$12,$0,$12,$12,$12,$63,$31,$61,61,$0.20,$0.20,$56,$52,$21,$218,$777,$0,$1424,$34,$2235,$2453,$214,$1240,$138,$1378,$1592,$909,$0,$-47,$861,$2453,$12,$32,$0,$32,$-28,$-4,$12,$-8,$-36,$10,$-11,$0,$-41,$0,$0,$0,$0,$-53,$0,$0,$0,$0,$0,$0,$-54,$-54,$-96,$0,$0
12,2015-09-30,23.43,$14.84,1.58,$23.29,1.01,$11.56,2.03,$1.38,16.98,$0.27B,$0.21B,1.3,$1.24B,$0.90B,1.38,$1.42B,$0.82B,58.19%,$1.42B,$0.18B,12.57%,$1.42B,$0.18B,12.57%,$1.42B,$0.31B,22.03%,$1.42B,$0.09B,6.00%,$1.42B,$0.09B,6.00%,$0.09B,$0.90B,8.36%,$0.09B,$-0.50B,-21.24%,$0.09B,$2.49B,3.30%,$0.18B,$2.14B,7.88%,$174,$58,$117,$0,$14,$222,$-48,$-19,$-67,$0,$-67,$-67,$-67,$-13,$-48,$61,61,$-1.12,$-1.11,$152,$48,$13,$273,$781,$0,$1395,$36,$2212,$2486,$210,$1241,$136,$1377,$1587,$947,$0,$-49,$898,$2486,$84,$133,$17,$150,$37,$43,$-15,$13,$78,$324,$-29,$0,$-7,$0,$0,$0,$0,$-36,$-11,$0,$-11,$0,$0,$0,$-218,$-229,$60,$0,$0
13,2015-06-30,27.78,$16.91,1.64,$24.40,1.14,$10.17,2.73,$1.59,17.47,$0.30B,$0.16B,1.91,$1.24B,$1.02B,1.21,$1.48B,$0.83B,55.77%,$1.48B,$0.19B,12.95%,$1.48B,$0.19B,12.95%,$1.48B,$0.33B,21.98%,$1.48B,$0.10B,6.54%,$1.48B,$0.10B,6.54%,$0.10B,$1.02B,9.26%,$0.10B,$-0.39B,-25.38%,$0.10B,$2.54B,3.72%,$0.19B,$2.27B,8.39%,$220,$94,$126,$0,$15,$242,$-22,$-19,$-41,$0,$-41,$-41,$-41,$11,$-22,$61,61,$-0.67,$-0.67,$147,$48,$17,$295,$797,$0,$1410,$39,$2245,$2540,$155,$1242,$120,$1362,$1517,$1067,$0,$-43,$1024,$2540,$151,$99,$15,$114,$13,$43,$-21,$-55,$-13,$259,$-23,$0,$-7,$0,$0,$0,$0,$-30,$-11,$0,$-11,$0,$0,$0,$-164,$-175,$54,$0,$0
14,2015-03-31,29.33,$18.44,1.59,$25.68,1.14,$8.48,3.46,$1.28,22.91,$0.38B,$0.17B,2.22,$1.24B,$1.12B,1.11,$1.56B,$0.84B,53.65%,$1.56B,$0.19B,11.99%,$1.56B,$0.19B,11.99%,$1.56B,$0.32B,20.58%,$1.56B,$0.08B,5.06%,$1.56B,$0.08B,5.06%,$0.08B,$1.12B,7.36%,$0.08B,$-0.31B,-21.42%,$0.08B,$2.65B,3.00%,$0.19B,$2.36B,8.07%,$599,$254,$346,$0,$20,$428,$172,$-35,$137,$0,$137,$137,$137,$205,$172,$61,61,$2.26,$2.24,$110,$59,$24,$380,$806,$0,$1424,$41,$2271,$2651,$171,$1243,$122,$1365,$1536,$1160,$0,$-44,$1116,$2651,$192,$66,$15,$81,$-90,$32,$1,$-65,$-119,$160,$-15,$0,$-7,$0,$0,$0,$0,$-22,$-11,$0,$-11,$0,$0,$0,$-110,$-121,$17,$0,$0
15,2014-12-31,28.93,$17.01,1.7,$30.24,0.96,$6.30,4.59,$1.50,19.29,$0.33B,$0.23B,1.43,$1.24B,$1.03B,1.21,$1.84B,$0.85B,46.21%,$1.84B,$0.19B,10.14%,$1.84B,$0.19B,10.14%,$1.84B,$0.32B,17.44%,$1.84B,$0.09B,5.01%,$1.84B,$0.09B,5.01%,$0.09B,$1.03B,8.33%,$0.09B,$-0.41B,-26.19%,$0.09B,$2.62B,3.43%,$0.19B,$2.27B,7.88%,$423,$188,$235,$0,$19,$347,$76,$-20,$56,$0,$56,$56,$56,$109,$76,$61,61,$0.92,$0.92,$62,$87,$33,$329,$815,$0,$1438,$40,$2294,$2623,$230,$1242,$122,$1365,$1594,$1073,$0,$-45,$1028,$2623,$56,$33,$0,$33,$-50,$4,$7,$-19,$-58,$34,$-5,$0,$-6,$0,$0,$0,$0,$-11,$0,$0,$0,$0,$0,$0,$-53,$-53,$-31,$0,$0
16,2014-09-30,29.24,$16.93,1.73,$31.96,0.91,$5.85,5.0,$1.55,18.86,$0.30B,$0.22B,1.33,$1.24B,$1.02B,1.22,$1.94B,$0.86B,44.32%,$1.94B,$0.19B,9.80%,$1.94B,$0.19B,9.80%,$1.94B,$0.33B,16.82%,$1.94B,$0.10B,4.90%,$1.94B,$0.10B,4.90%,$0.10B,$1.02B,8.40%,$0.10B,$-0.43B,-28.21%,$0.10B,$2.61B,3.49%,$0.19B,$2.26B,7.96%,$241,$122,$120,$0,$13,$276,$-34,$-20,$-55,$0,$-55,$-55,$-55,$1,$-34,$60,61,$-0.90,$-0.89,$93,$91,$14,$295,$827,$0,$1447,$41,$2314,$2609,$222,$1243,$123,$1366,$1588,$1067,$0,$-46,$1021,$2609,$95,$136,$12,$148,$-2,$-13,$-4,$-8,$-23,$226,$-17,$0,$0,$0,$0,$0,$0,$-17,$-3,$0,$-3,$0,$0,$0,$-221,$-224,$-15,$0,$0
17,2014-06-30,29.6,$18.72,1.58,$32.15,0.92,$5.71,5.18,$1.40,21.14,$0.31B,$0.16B,1.92,$1.24B,$1.13B,1.1,$1.94B,$0.86B,44.36%,$1.94B,$0.19B,9.53%,$1.94B,$0.19B,9.53%,$1.94B,$0.32B,16.64%,$1.94B,$0.09B,4.48%,$1.94B,$0.09B,4.48%,$0.09B,$1.13B,7.51%,$0.09B,$-0.33B,-26.83%,$0.09B,$2.65B,3.16%,$0.19B,$2.37B,7.66%,$297,$161,$136,$0,$13,$324,$-27,$-32,$-59,$0,$-59,$-59,$-59,$6,$-27,$60,60,$-0.98,$-0.98,$69,$79,$17,$305,$843,$0,$1461,$40,$2344,$2650,$159,$1243,$118,$1361,$1520,$1173,$0,$-44,$1129,$2650,$149,$101,$12,$113,$-45,$-1,$-14,$-64,$-121,$145,$-12,$0,$0,$0,$0,$0,$0,$-12,$-3,$0,$-3,$0,$0,$0,$-168,$-171,$-38,$0,$0
18,2014-03-31,26.2,$20.53,1.28,$32.18,0.81,$6.67,3.93,$1.61,16.28,$0.48B,$0.20B,2.38,$1.30B,$1.24B,1.05,$1.94B,$0.87B,44.86%,$1.94B,$0.19B,9.87%,$1.94B,$0.19B,9.87%,$1.94B,$0.33B,16.95%,$1.94B,$0.10B,5.22%,$1.94B,$0.10B,5.22%,$0.10B,$1.24B,8.52%,$0.10B,$-0.24B,-32.42%,$0.10B,$2.85B,3.56%,$0.19B,$2.53B,7.68%,$874,$517,$357,$0,$21,$703,$171,$-21,$150,$0,$150,$150,$150,$204,$171,$60,61,$2.47,$2.46,$69,$97,$22,$483,$858,$0,$1475,$38,$2371,$2854,$203,$1297,$116,$1413,$1616,$1283,$0,$-45,$1238,$2854,$208,$68,$0,$68,$-200,$-19,$21,$-63,$-258,$20,$-8,$0,$0,$0,$0,$0,$0,$-8,$55,$0,$55,$0,$0,$0,$-105,$-50,$-38,$0,$0
19,2013-12-31,29.01,$18.87,1.54,$29.60,0.98,$8.64,3.36,$1.43,20.29,$0.38B,$0.28B,1.35,$1.24B,$1.14B,1.09,$1.74B,$0.84B,48.42%,$1.74B,$0.17B,10.01%,$1.74B,$0.17B,10.01%,$1.74B,$0.31B,17.77%,$1.74B,$0.08B,4.66%,$1.74B,$0.08B,4.60%,$0.08B,$1.14B,6.82%,$0.08B,$-0.35B,-24.21%,$0.08B,$2.78B,2.80%,$0.17B,$2.38B,6.95%,$526,$281,$246,$0,$17,$446,$80,$-21,$59,$0,$59,$59,$59,$115,$80,$60,61,$0.97,$0.97,$55,$101,$20,$375,$872,$0,$1490,$40,$2402,$2776,$277,$1243,$118,$1362,$1639,$1184,$0,$-46,$1138,$2776,$59,$35,$0,$35,$-104,$-23,$56,$-21,$-90,$4,$-3,$0,$0,$0,$0,$0,$0,$-3,$0,$0,$0,$0,$0,$0,$-53,$-53,$-52,$0,$0
20,2013-09-30,28.41,$18.75,1.52,$29.48,0.96,$9.63,2.95,$1.50,18.94,$0.29B,$0.23B,1.25,$1.25B,$1.13B,1.1,$1.70B,$0.84B,49.41%,$1.70B,$0.18B,10.33%,$1.70B,$0.18B,10.33%,$1.70B,$0.31B,18.02%,$1.70B,$0.08B,4.69%,$1.70B,$0.08B,4.64%,$0.08B,$1.13B,6.78%,$0.08B,$-0.38B,-22.88%,$0.08B,$2.73B,2.73%,$0.18B,$2.37B,6.93%,$244,$122,$122,$0,$14,$282,$-39,$-24,$-63,$0,$-63,$-63,$-63,$-2,$-39,$58,59,$-1.15,$-1.14,$107,$78,$14,$293,$888,$0,$1504,$42,$2435,$2728,$234,$1245,$120,$1365,$1599,$1176,$0,$-47,$1129,$2728,$79,$130,$2,$133,$-6,$11,$-0,$-9,$6,$214,$-21,$0,$0,$0,$0,$0,$6,$-15,$-169,$0,$-169,$143,$143,$0,$-201,$-227,$-27,$0,$0
21,2013-06-30,27.68,$20.54,1.35,$31.12,0.89,$8.76,3.16,$1.26,21.97,$0.51B,$0.20B,2.57,$1.42B,$1.24B,1.14,$1.69B,$0.83B,49.11%,$1.69B,$0.16B,9.55%,$1.69B,$0.16B,9.55%,$1.69B,$0.28B,16.49%,$1.69B,$0.08B,4.74%,$1.69B,$0.08B,4.69%,$0.08B,$1.24B,6.83%,$0.08B,$-0.28B,-21.38%,$0.08B,$2.98B,2.69%,$0.16B,$2.65B,6.25%,$291,$148,$143,$0,$13,$311,$-21,$-24,$-45,$0,$-45,$-45,$-45,$11,$-21,$59,59,$-0.77,$-0.77,$320,$69,$16,$510,$905,$0,$1519,$46,$2469,$2980,$198,$1416,$128,$1544,$1742,$1292,$0,$-54,$1237,$2980,$142,$93,$0,$93,$-17,$19,$-7,$-48,$-33,$200,$-16,$0,$0,$0,$0,$0,$6,$-10,$0,$0,$0,$143,$143,$0,$-149,$-5,$186,$0,$0
22,2013-03-31,26.05,$20.84,1.25,$31.21,0.83,$7.33,3.55,$1.77,14.71,$0.46B,$0.22B,2.03,$1.42B,$1.19B,1.19,$1.58B,$0.78B,49.27%,$1.58B,$0.19B,12.13%,$1.58B,$0.19B,12.13%,$1.58B,$0.29B,18.10%,$1.58B,$0.12B,7.37%,$1.58B,$0.12B,7.30%,$0.12B,$1.19B,12.35%,$0.12B,$-0.31B,-40.46%,$0.12B,$2.96B,4.76%,$0.19B,$2.61B,9.17%,$678,$347,$331,$0,$20,$524,$154,$-24,$130,$0,$129,$129,$129,$185,$154,$57,57,$2.26,$2.25,$167,$75,$23,$456,$947,$0,$1504,$48,$2500,$2956,$224,$1418,$123,$1541,$1765,$1248,$0,$-57,$1191,$2956,$187,$62,$0,$62,$-103,$13,$23,$-63,$-113,$134,$-9,$0,$0,$0,$0,$0,$6,$-3,$0,$0,$0,$0,$0,$0,$-99,$-99,$32,$0,$0
23,2012-12-31,22.26,$19.37,1.15,$29.38,0.76,$5.42,4.11,$0.87,25.59,$0.41B,$0.28B,1.45,$1.42B,$1.11B,1.28,$1.26B,$0.59B,47.33%,$1.26B,$0.09B,7.41%,$1.26B,$0.09B,7.41%,$1.26B,$0.16B,13.07%,$1.26B,$0.04B,2.79%,$1.26B,$0.04B,2.87%,$0.04B,$1.11B,4.95%,$0.04B,$-0.41B,-19.89%,$0.04B,$2.93B,1.88%,$0.09B,$2.53B,5.77%,$491,$245,$246,$0,$18,$408,$82,$-25,$58,$0,$58,$58,$58,$113,$82,$57,57,$1.01,$1.00,$149,$93,$14,$407,$959,$0,$1517,$46,$2522,$2929,$280,$1420,$123,$1543,$1823,$1165,$0,$-59,$1106,$2929,$58,$31,$0,$31,$-61,$-5,$20,$9,$-25,$62,$-4,$0,$0,$0,$0,$0,$6,$2,$0,$0,$0,$0,$0,$0,$-49,$-49,$15,$0,$0
24,2012-09-30,23.21,$19.13,1.21,$29.20,0.79,$3.58,6.48,$0.48,48.35,$0.34B,$0.25B,1.33,$1.42B,$1.09B,1.3,$1.06B,$0.46B,43.61%,$1.06B,$0.04B,3.85%,$1.06B,$0.04B,3.85%,$1.06B,$0.09B,8.36%,$1.06B,$0.00B,0.00%,$1.06B,$0.00B,0.09%,$0.00B,$1.09B,0.19%,$0.00B,$-0.47B,-1.69%,$0.00B,$2.88B,0.07%,$0.04B,$2.51B,3.54%,$226,$118,$108,$0,$19,$280,$-54,$-21,$-63,$0,$-63,$-63,$-63,$-31,$-54,$39,39,$-1.76,$-1.75,$134,$88,$26,$338,$936,$0,$1562,$48,$2546,$2884,$254,$1422,$118,$1540,$1793,$1152,$0,$-61,$1090,$2884,$1,$47,$2,$49,$14,$8,$16,$30,$55,$111,$-16,$0,$-224,$0,$0,$0,$0,$-240,$0,$0,$0,$260,$260,$0,$-146,$114,$-15,$0,$0
25,2012-06-30,22.7,$9.50,2.39,$28.48,0.8,$4.41,5.15,$1.16,19.57,$0.25B,$0.11B,2.24,$0.35B,$0.34B,1.03,$1.02B,$0.43B,42.16%,$1.02B,$0.08B,7.84%,$1.02B,$0.08B,7.84%,$1.02B,$0.12B,11.27%,$1.02B,$0.04B,4.02%,$1.02B,$0.04B,4.12%,$0.04B,$0.34B,11.77%,$0.04B,$0.06B,56.00%,$0.04B,$0.90B,4.50%,$0.08B,$0.69B,11.35%,$180,$89,$91,$0,$14,$170,$9,$-6,$-9,$0,$-9,$-9,$-9,$18,$9,$36,36,$-0.26,$-0.26,$116,$52,$19,$249,$327,$0,$278,$42,$647,$896,$111,$348,$99,$447,$559,$394,$0,$-57,$338,$896,$63,$24,$1,$24,$4,$14,$-11,$-16,$-21,$73,$-12,$0,$0,$0,$0,$0,$0,$-12,$0,$0,$0,$0,$0,$0,$-95,$-95,$-34,$0,$0
26,2012-03-31,23.18,$10.60,2.19,$29.54,0.78,$5.45,4.25,$1.23,18.85,$0.28B,$0.11B,2.54,$0.35B,$0.38B,0.93,$1.06B,$0.43B,40.68%,$1.06B,$0.07B,6.72%,$1.06B,$0.07B,6.72%,$1.06B,$0.11B,10.12%,$1.06B,$0.04B,4.07%,$1.06B,$0.04B,4.16%,$0.04B,$0.38B,11.67%,$0.04B,$0.10B,46.19%,$0.04B,$0.93B,4.61%,$0.07B,$0.73B,9.79%,$358,$208,$149,$0,$14,$302,$56,$-7,$49,$-0,$50,$50,$50,$64,$56,$36,36,$1.39,$1.38,$96,$67,$12,$283,$330,$0,$278,$41,$649,$931,$111,$348,$96,$444,$555,$433,$0,$-57,$376,$931,$73,$15,$1,$16,$-40,$-1,$-3,$-22,$-77,$17,$-7,$0,$0,$0,$0,$0,$0,$-7,$0,$0,$0,$0,$0,$0,$-63,$-63,$-53,$0,$0
27,2011-12-31,25.2,$9.99,2.52,$32.54,0.77,$6.40,3.94,$2.66,9.47,$0.30B,$0.15B,1.94,$0.35B,$0.36B,0.98,$1.16B,$0.49B,41.70%,$1.16B,$0.12B,10.49%,$1.16B,$0.12B,10.49%,$1.16B,$0.16B,13.67%,$1.16B,$0.09B,8.08%,$1.16B,$0.09B,8.08%,$0.09B,$0.36B,23.71%,$0.09B,$0.08B,81.92%,$0.09B,$0.95B,9.62%,$0.12B,$0.70B,16.39%,$300,$184,$116,$0,$12,$270,$30,$-7,$23,$0,$23,$23,$23,$38,$30,$36,36,$0.65,$0.65,$89,$87,$13,$297,$336,$0,$278,$41,$655,$952,$154,$348,$96,$444,$597,$412,$0,$-58,$355,$952,$23,$8,$0,$8,$-41,$-22,$17,$-2,$-58,$-25,$-5,$0,$0,$0,$0,$0,$0,$-5,$0,$0,$0,$0,$0,$0,$-30,$-30,$-60,$0,$0
28,2011-09-30,24.13,$10.11,2.39,$33.36,0.72,$6.99,3.45,$3.22,7.49,$0.30B,$0.15B,1.97,$0.35B,$0.36B,0.97,$1.19B,$0.51B,42.91%,$1.19B,$0.14B,11.92%,$1.19B,$0.14B,11.92%,$1.19B,$0.18B,15.11%,$1.19B,$0.11B,9.57%,$1.19B,$0.11B,9.57%,$0.11B,$0.36B,28.27%,$0.11B,$0.06B,93.83%,$0.11B,$0.96B,11.54%,$0.14B,$0.71B,18.90%,$182,$107,$74,$0,$14,$196,$-15,$-7,$-22,$0,$-22,$-22,$-22,$-5,$-15,$36,36,$-0.61,$-0.61,$150,$66,$16,$298,$338,$0,$294,$27,$659,$956,$152,$348,$99,$447,$598,$418,$0,$-60,$358,$956,$115,$36,$0,$36,$-6,$-5,$-2,$0,$-21,$133,$-16,$0,$-3,$0,$0,$0,$0,$-20,$0,$0,$0,$0,$0,$0,$-121,$-121,$-7,$0,$0
29,2011-06-30,26.67,$11.82,2.26,$32.99,0.81,$7.67,3.48,$3.13,8.52,$0.31B,$0.12B,2.54,$0.35B,$0.42B,0.83,$1.18B,$0.51B,43.50%,$1.18B,$0.14B,11.81%,$1.18B,$0.14B,11.81%,$1.18B,$0.18B,14.87%,$1.18B,$0.11B,9.43%,$1.18B,$0.11B,9.43%,$0.11B,$0.42B,27.44%,$0.11B,$0.14B,87.57%,$0.11B,$0.98B,11.19%,$0.14B,$0.77B,18.47%,$217,$125,$91,$0,$13,$216,$0,$-7,$-7,$0,$-7,$-7,$-7,$10,$0,$36,36,$-0.19,$-0.19,$161,$54,$15,$313,$342,$0,$278,$43,$663,$976,$123,$348,$86,$434,$557,$471,$0,$-53,$419,$976,$137,$26,$0,$26,$-23,$7,$-7,$-22,$-55,$110,$-12,$0,$-3,$0,$0,$0,$0,$-15,$0,$0,$0,$0,$0,$0,$-90,$-90,$5,$0,$0
30,2011-03-31,28.36,$12.83,2.21,$32.50,0.87,$8.29,3.42,$3.13,9.06,$0.36B,$0.14B,2.61,$0.35B,$0.45B,0.77,$1.16B,$0.51B,44.21%,$1.16B,$0.14B,12.09%,$1.16B,$0.14B,12.09%,$1.16B,$0.17B,15.03%,$1.16B,$0.11B,9.67%,$1.16B,$0.11B,9.59%,$0.11B,$0.45B,27.48%,$0.11B,$0.18B,87.92%,$0.11B,$1.02B,11.16%,$0.14B,$0.80B,18.62%,$464,$260,$204,$0,$11,$357,$107,$-7,$100,$0,$100,$100,$100,$116,$107,$36,36,$2.82,$2.81,$137,$60,$17,$356,$346,$0,$278,$43,$667,$1023,$136,$348,$84,$432,$568,$508,$0,$-53,$454,$1023,$143,$17,$0,$17,$-82,$1,$10,$-31,$-111,$50,$-6,$0,$-3,$0,$0,$0,$0,$-10,$0,$0,$0,$0,$0,$0,$-60,$-60,$-20,$0,$0
31,2010-12-31,27.77,$10.78,2.58,$32.69,0.85,$8.48,3.27,$3.08,9.02,$0.33B,$0.18B,1.83,$0.35B,$0.38B,0.91,$1.16B,$0.53B,45.49%,$1.16B,$0.15B,12.73%,$1.16B,$0.15B,12.73%,$1.16B,$0.18B,15.48%,$1.16B,$0.11B,9.54%,$1.16B,$0.11B,9.37%,$0.11B,$0.38B,27.01%,$0.11B,$0.10B,86.34%,$0.11B,$1.00B,10.94%,$0.15B,$0.73B,19.70%,$328,$187,$142,$0,$14,$278,$50,$-7,$43,$0,$43,$43,$43,$59,$50,$35,36,$1.22,$1.21,$116,$76,$17,$325,$349,$0,$278,$46,$672,$997,$177,$348,$90,$438,$616,$436,$0,$-55,$382,$997,$43,$8,$0,$8,$-56,$-15,$25,$-4,$-58,$-5,$-4,$0,$-2,$0,$0,$0,$0,$-6,$0,$0,$0,$0,$0,$0,$-30,$-30,$-41,$0,$0
32,2010-09-30,26.54,$10.27,2.58,$31.97,0.83,$8.21,3.23,$3.23,8.22,$0.30B,$0.17B,1.8,$0.35B,$0.36B,0.96,$1.14B,$0.54B,47.36%,$1.14B,$0.15B,13.56%,$1.14B,$0.15B,13.56%,$1.14B,$0.18B,16.20%,$1.14B,$0.12B,10.30%,$1.14B,$0.11B,10.04%,$0.11B,$0.36B,28.25%,$0.11B,$0.09B,92.31%,$0.11B,$0.97B,11.45%,$0.15B,$0.71B,20.49%,$168,$93,$75,$0,$14,$186,$-18,$-7,$-25,$0,$-25,$-25,$-25,$-10,$-18,$35,36,$-0.70,$-0.69,$157,$61,$18,$296,$350,$0,$277,$47,$674,$971,$165,$348,$96,$444,$608,$420,$0,$-57,$363,$971,$115,$31,$12,$43,$-8,$10,$3,$-5,$-9,$156,$-16,$0,$-15,$0,$0,$0,$0,$-30,$-9,$0,$-9,$0,$0,$0,$-123,$-132,$-6,$0,$0
33,2010-06-30,22.43,$11.79,1.9,$31.76,0.71,$11.17,2.01,$3.26,6.88,$0.32B,$0.13B,2.46,$0.35B,$0.42B,0.84,$1.12B,$0.54B,48.57%,$1.12B,$0.16B,14.58%,$1.12B,$0.16B,14.58%,$1.12B,$0.19B,17.35%,$1.12B,$0.12B,10.64%,$1.12B,$0.12B,10.38%,$0.12B,$0.42B,28.80%,$0.12B,$0.14B,93.93%,$0.12B,$0.99B,11.63%,$0.16B,$0.76B,21.70%,$198,$107,$91,$0,$13,$198,$1,$-7,$-6,$0,$-7,$-7,$-7,$9,$1,$35,35,$-0.19,$-0.19,$170,$55,$18,$315,$350,$0,$277,$45,$672,$986,$128,$348,$94,$442,$570,$476,$0,$-59,$417,$986,$140,$23,$9,$33,$-19,$16,$-5,$-27,$-48,$130,$-10,$0,$-11,$0,$0,$0,$0,$-21,$-9,$0,$-9,$0,$0,$0,$-93,$-102,$7,$0,$0
34,2010-03-31,22.37,$12.82,1.75,$31.77,0.7,$14.29,1.57,$3.22,6.95,$0.36B,$0.14B,2.68,$0.35B,$0.45B,0.77,$1.10B,$0.55B,49.73%,$1.10B,$0.17B,15.04%,$1.10B,$0.17B,15.04%,$1.10B,$0.20B,17.75%,$1.10B,$0.12B,10.78%,$1.10B,$0.12B,10.51%,$0.12B,$0.45B,30.39%,$0.12B,$0.18B,116.29%,$0.12B,$1.03B,11.38%,$0.17B,$0.80B,21.44%,$469,$248,$221,$0,$20,$354,$115,$-16,$99,$0,$98,$98,$98,$122,$115,$35,36,$2.78,$2.76,$141,$66,$18,$362,$351,$0,$275,$42,$668,$1030,$135,$348,$95,$443,$578,$511,$0,$-59,$452,$1030,$147,$14,$9,$24,$-84,$4,$11,$-39,$-116,$57,$-7,$0,$0,$0,$0,$0,$0,$-7,$-9,$0,$-9,$0,$0,$0,$-64,$-72,$-22,$0,$0
35,2009-12-31,21.79,$10.81,2.01,$32.07,0.68,$17.50,1.25,$3.94,5.53,$0.33B,$0.17B,1.9,$0.35B,$0.38B,0.92,$1.08B,$0.57B,52.31%,$1.08B,$0.18B,16.30%,$1.08B,$0.18B,16.30%,$1.08B,$0.21B,19.17%,$1.08B,$0.14B,12.59%,$1.08B,$0.13B,12.31%,$0.13B,$0.38B,36.94%,$0.13B,$0.09B,179.73%,$0.13B,$1.00B,12.74%,$0.18B,$0.73B,22.04%,$301,$150,$151,$0,$14,$246,$56,$-7,$49,$0,$48,$48,$48,$63,$56,$35,36,$1.37,$1.36,$115,$86,$21,$329,$355,$0,$288,$23,$666,$995,$173,$349,$90,$440,$613,$441,$0,$-59,$382,$995,$48,$7,$0,$7,$-54,$-16,$25,$-10,$-71,$-15,$-4,$0,$0,$0,$0,$0,$0,$-4,$0,$0,$0,$0,$0,$0,$-29,$-29,$-48,$0,$0
36,2009-09-30,18.99,$10.21,1.86,$34.62,0.55,$18.66,1.02,$5.03,3.77,$0.31B,$0.18B,1.69,$0.35B,$0.36B,0.97,$1.14B,$0.60B,52.80%,$1.14B,$0.21B,18.39%,$1.14B,$0.21B,18.39%,$1.14B,$0.24B,21.19%,$1.14B,$0.17B,14.71%,$1.14B,$0.17B,14.54%,$0.17B,$0.36B,49.85%,$0.17B,$0.09B,356.99%,$0.17B,$0.98B,15.69%,$0.21B,$0.71B,25.70%,$150,$70,$80,$0,$11,$159,$-9,$-14,$-23,$0,$-23,$-23,$-23,$-0,$-9,$33,33,$-0.74,$-0.74,$163,$70,$22,$308,$357,$0,$275,$38,$670,$978,$182,$349,$86,$436,$618,$421,$0,$-61,$360,$978,$165,$30,$6,$36,$43,$10,$-22,$18,$41,$247,$-17,$0,$0,$0,$0,$0,$0,$-17,$-78,$-110,$-188,$96,$96,$0,$-112,$-204,$25,$0,$0
37,2009-06-30,18.8,$10.16,1.85,$37.90,0.5,$14.91,1.26,$5.35,3.51,$0.40B,$0.15B,2.73,$0.52B,$0.33B,1.57,$1.25B,$0.61B,48.96%,$1.25B,$0.22B,17.39%,$1.25B,$0.22B,17.39%,$1.25B,$0.25B,19.71%,$1.25B,$0.18B,14.42%,$1.25B,$0.18B,14.26%,$0.18B,$0.33B,59.73%,$0.18B,$0.04B,2455.17%,$0.18B,$1.08B,16.60%,$0.22B,$0.86B,26.21%,$184,$87,$97,$0,$13,$181,$4,$-10,$-6,$1,$-7,$-7,$-7,$11,$4,$33,33,$-0.23,$-0.23,$256,$58,$26,$400,$358,$0,$289,$27,$675,$1075,$147,$524,$55,$596,$742,$375,$0,$-41,$333,$1075,$188,$22,$0,$22,$34,$22,$-27,$-40,$9,$223,$-10,$0,$0,$0,$0,$0,$0,$-10,$100,$-110,$-10,$0,$0,$0,$-85,$-95,$118,$0,$0
38,2009-03-31,15.96,$11.13,1.43,$41.62,0.38,$9.73,1.64,$5.16,3.09,$0.45B,$0.17B,2.72,$0.53B,$0.37B,1.46,$1.37B,$0.61B,44.34%,$1.37B,$0.21B,15.27%,$1.37B,$0.21B,15.27%,$1.37B,$0.24B,17.38%,$1.37B,$0.17B,12.56%,$1.37B,$0.17B,12.49%,$0.17B,$0.37B,61.29%,$0.17B,$0.07B,-1368.00%,$0.17B,$1.13B,16.23%,$0.21B,$0.90B,25.64%,$445,$208,$237,$0,$18,$320,$125,$-9,$116,$1,$115,$115,$115,$133,$125,$33,33,$3.50,$3.48,$235,$62,$32,$454,$362,$0,$291,$22,$674,$1128,$167,$532,$47,$596,$763,$408,$0,$-43,$365,$1128,$196,$15,$1,$16,$-29,$18,$-12,$-42,$-53,$159,$-6,$0,$0,$0,$0,$0,$0,$-6,$-2,$0,$-2,$0,$0,$0,$-53,$-55,$98,$1,$0
39,2008-12-31,15.16,$8.37,1.81,$45.96,0.33,$5.10,2.97,$4.55,3.33,$0.37B,$0.19B,1.99,$0.53B,$0.27B,1.94,$1.51B,$0.58B,38.12%,$1.51B,$0.19B,12.44%,$1.51B,$0.19B,12.44%,$1.51B,$0.22B,14.36%,$1.51B,$0.15B,9.99%,$1.51B,$0.15B,9.99%,$0.15B,$0.27B,57.85%,$0.15B,$-0.02B,-487.10%,$0.15B,$1.05B,14.52%,$0.19B,$0.81B,23.46%,$363,$174,$189,$0,$15,$273,$90,$-9,$81,$0,$81,$81,$81,$98,$90,$33,33,$2.46,$2.45,$131,$84,$0,$374,$365,$0,$292,$19,$676,$1051,$189,$532,$39,$588,$776,$319,$0,$-45,$274,$1051,$81,$7,$0,$8,$-30,$-4,$2,$4,$-63,$25,$-4,$0,$0,$0,$0,$0,$0,$-4,$0,$-2,$-2,$0,$0,$0,$-26,$-28,$-7,$1,$0
40,2008-09-30,14.02,$6.73,2.09,$47.85,0.29,$3.04,4.62,$4.70,2.98,$0.36B,$0.23B,1.59,$0.53B,$0.22B,2.42,$1.57B,$0.53B,33.95%,$1.57B,$0.15B,9.54%,$1.57B,$0.15B,9.54%,$1.57B,$0.18B,11.32%,$1.57B,$0.11B,7.18%,$1.57B,$0.16B,9.85%,$0.16B,$0.22B,62.12%,$0.16B,$-0.07B,-360.47%,$0.16B,$1.04B,14.91%,$0.15B,$0.75B,18.89%,$256,$168,$88,$0,$11,$258,$-2,$-10,$-11,$-0,$-11,$-11,$-11,$4,$-2,$33,33,$-0.36,$-0.35,$138,$80,$47,$360,$368,$0,$292,$16,$676,$1036,$226,$532,$58,$590,$816,$264,$0,$-44,$220,$1036,$155,$28,$-42,$-14,$-10,$1,$1,$-31,$-22,$121,$-17,$0,$54,$0,$0,$0,$0,$37,$-15,$0,$-15,$0,$0,$0,$-101,$-116,$41,$0,$0
41,2008-06-30,15.63,$7.87,1.99,$46.64,0.34,$3.72,4.21,$4.06,3.85,$0.31B,$0.13B,2.38,$0.55B,$0.26B,2.13,$1.53B,$0.52B,34.01%,$1.53B,$0.13B,8.55%,$1.53B,$0.13B,8.55%,$1.53B,$0.16B,10.51%,$1.53B,$0.10B,6.20%,$1.53B,$0.13B,8.75%,$0.13B,$0.26B,56.78%,$0.13B,$-0.04B,-233.04%,$0.13B,$1.00B,13.04%,$0.13B,$0.81B,16.69%,$305,$213,$93,$0,$13,$310,$-4,$-10,$-14,$-0,$-14,$-14,$-14,$3,$-4,$33,33,$-0.42,$-0.42,$119,$79,$0,$314,$371,$0,$293,$16,$686,$1000,$132,$549,$39,$610,$742,$301,$0,$-44,$257,$1000,$166,$22,$-43,$-20,$-28,$3,$-7,$-29,$-89,$57,$-14,$0,$54,$0,$0,$0,$0,$40,$0,$0,$0,$0,$0,$0,$-75,$-75,$22,$2,$0
42,2008-03-31,15.58,$8.96,1.74,$45.61,0.34,$5.86,2.66,$4.45,3.5,$0.39B,$0.17B,2.33,$0.55B,$0.29B,1.87,$1.50B,$0.53B,35.51%,$1.50B,$0.14B,9.48%,$1.50B,$0.14B,9.48%,$1.50B,$0.17B,11.55%,$1.50B,$0.11B,7.21%,$1.50B,$0.15B,9.81%,$0.15B,$0.29B,66.44%,$0.15B,$0.00B,-197.98%,$0.15B,$1.07B,14.36%,$0.14B,$0.84B,18.44%,$587,$381,$206,$0,$15,$483,$104,$-9,$95,$0,$95,$95,$95,$112,$104,$33,33,$2.89,$2.87,$101,$81,$0,$385,$372,$0,$293,$17,$687,$1072,$165,$549,$43,$614,$779,$339,$0,$-46,$293,$1072,$180,$15,$-43,$-28,$-100,$0,$20,$-47,$-143,$8,$-8,$0,$54,$0,$0,$0,$0,$45,$0,$0,$0,$0,$0,$0,$-49,$-49,$4,$1,$0
43,2007-12-31,15.95,$6.98,2.28,$44.70,0.36,$8.07,1.98,$4.80,3.32,$0.36B,$0.21B,1.75,$0.55B,$0.23B,2.4,$1.47B,$0.55B,37.79%,$1.47B,$0.15B,10.44%,$1.47B,$0.15B,10.44%,$1.47B,$0.18B,12.55%,$1.47B,$0.12B,8.12%,$1.47B,$0.16B,10.78%,$0.16B,$0.23B,77.83%,$0.16B,$-0.07B,-167.20%,$0.16B,$1.05B,15.49%,$0.15B,$0.78B,20.36%,$425,$278,$147,$0,$9,$373,$52,$-8,$43,$2,$42,$42,$85,$59,$52,$33,33,$2.61,$2.60,$79,$102,$0,$360,$374,$0,$294,$17,$691,$1051,$205,$549,$46,$617,$822,$269,$0,$-41,$228,$1051,$85,$7,$-44,$-36,$-73,$-21,$44,$-14,$-91,$-42,$-5,$0,$54,$0,$0,$0,$0,$49,$0,$0,$0,$0,$0,$0,$-25,$-25,$-18,$-0,$0
44,2007-09-30,17.21,$5.09,3.38,$44.07,0.39,$9.11,1.89,$3.89,4.42,$0.30B,$0.21B,1.44,$0.55B,$0.17B,3.3,$1.44B,$0.57B,39.89%,$1.44B,$0.16B,11.40%,$1.44B,$0.16B,11.40%,$1.44B,$0.20B,13.55%,$1.44B,$0.13B,9.03%,$1.44B,$0.13B,8.90%,$0.13B,$0.17B,71.21%,$0.13B,$-0.13B,-106.89%,$0.13B,$0.99B,12.72%,$0.16B,$0.72B,22.53%,$215,$140,$75,$0,$15,$236,$-21,$-8,$-29,$4,$-33,$-33,$-32,$-13,$-21,$33,33,$-1.00,$-0.99,$97,$81,$11,$296,$375,$0,$296,$17,$693,$989,$206,$549,$46,$617,$823,$208,$0,$-42,$166,$989,$127,$30,$6,$36,$-7,$-2,$-0,$-13,$-18,$146,$-21,$0,$1,$0,$0,$0,$0,$-20,$0,$0,$0,$0,$0,$0,$-90,$-90,$36,$3,$0
45,2007-06-30,18.25,$6.06,3.01,$46.52,0.39,$10.25,1.78,$4.22,4.33,$0.27B,$0.14B,1.87,$0.55B,$0.20B,2.77,$1.50B,$0.60B,39.96%,$1.50B,$0.17B,11.41%,$1.50B,$0.17B,11.41%,$1.50B,$0.20B,13.54%,$1.50B,$0.14B,9.07%,$1.50B,$0.14B,9.27%,$0.14B,$0.20B,85.02%,$0.14B,$-0.10B,-101.46%,$0.14B,$0.98B,13.96%,$0.17B,$0.75B,24.03%,$271,$167,$104,$0,$13,$264,$7,$-9,$-1,$0,$-2,$-2,$-1,$15,$7,$33,33,$-0.03,$-0.03,$107,$59,$0,$269,$386,$0,$300,$29,$715,$984,$144,$548,$53,$642,$786,$263,$0,$-65,$198,$984,$159,$23,$-1,$22,$-1,$20,$-8,$-33,$-53,$128,$-15,$0,$0,$0,$0,$0,$0,$-15,$0,$0,$0,$0,$0,$0,$-67,$-67,$46,$2,$0
46,2007-03-31,16.53,$6.72,2.46,$48.24,0.34,$10.36,1.6,$3.92,4.22,$0.34B,$0.18B,1.94,$0.55B,$0.22B,2.5,$1.53B,$0.61B,39.62%,$1.53B,$0.16B,10.64%,$1.53B,$0.16B,10.64%,$1.53B,$0.20B,12.73%,$1.53B,$0.13B,8.29%,$1.53B,$0.13B,8.49%,$0.13B,$0.22B,87.84%,$0.13B,$-0.08B,-85.25%,$0.13B,$1.06B,13.15%,$0.16B,$0.77B,23.42%,$555,$327,$228,$0,$16,$440,$115,$-9,$106,$0,$105,$105,$106,$123,$115,$33,33,$3.24,$3.22,$89,$65,$0,$341,$386,$0,$301,$28,$715,$1056,$176,$548,$52,$660,$836,$286,$0,$-66,$220,$1056,$161,$15,$-2,$14,$-79,$14,$14,$-50,$-93,$81,$-9,$0,$0,$0,$0,$0,$0,$-9,$0,$0,$0,$0,$0,$0,$-44,$-44,$28,$1,$0
47,2006-12-31,14.03,$4.13,3.39,$50.75,0.28,$9.65,1.45,$3.13,4.48,$0.28B,$0.20B,1.4,$0.55B,$0.14B,4.06,$1.57B,$0.60B,38.33%,$1.57B,$0.14B,9.12%,$1.57B,$0.14B,9.12%,$1.57B,$0.18B,11.22%,$1.57B,$0.11B,6.70%,$1.57B,$0.11B,6.89%,$0.11B,$0.14B,80.60%,$0.11B,$-0.17B,-64.96%,$0.11B,$1.00B,11.01%,$0.14B,$0.68B,20.97%,$398,$231,$167,$0,$13,$335,$63,$-9,$54,$1,$53,$53,$55,$70,$63,$32,32,$1.70,$1.69,$26,$89,$0,$277,$389,$0,$301,$30,$720,$997,$198,$548,$56,$664,$862,$202,$0,$-67,$135,$997,$55,$7,$0,$8,$-49,$-10,$23,$-14,$-68,$-6,$-7,$0,$0,$0,$0,$0,$0,$-7,$0,$0,$0,$0,$0,$0,$-22,$-22,$-34,$1,$0
