,Date,Stock Price,Book Value per Share,Price to Book Ratio,TTM Sales per Share,Price to Sales Ratio,TTM FCF per Share,Price to FCF Ratio,TTM Net EPS,PE Ratio,Current Assets,Current Liabilities,Current Ratio,Long Term Debt,Shareholder's Equity_x,Debt to Equity Ratio,TTM Revenue_x,TTM Gross Profit,Gross Margin,TTM Revenue_y,TTM Operating Income,Operating Margin,TTM Revenue_x,TTM EBIT,EBIT Margin,TTM Revenue_y,TTM EBITDA,EBITDA Margin,TTM Revenue_x,TTM Pre-Tax Income,Pre-Tax Margin,TTM Revenue_y,TTM Net Income_x,Net Margin,TTM Net Income_y,Shareholder's Equity_y,Return on Equity,TTM Net Income_x,Tangible Equity,Return on Tangible Equity,TTM Net Income_y,Total Assets,Return on Assets,TTM Net Income,LT Investments & Debt,Return on Investment,revenue,cost-goods-sold,gross-profit,research-development-expenses,selling-general-administrative-expenses,operating-expenses,operating-income,total-non-operating-income-expense,pre-tax-income,total-provision-income-taxes,income-after-taxes,income-from-continuous-operations,net-income,ebitda,ebit,basic-shares-outstanding,shares-outstanding,eps-basic-net-earnings-per-share,eps-earnings-per-share-diluted,cash-on-hand,inventory,other-current-assets,total-current-assets,net-property-plant-equipment,long-term-investments,goodwill-intangible-assets-total,other-long-term-assets,total-long-term-assets,total-assets,total-current-liabilities,long-term-debt,other-non-current-liabilities,total-long-term-liabilities,total-liabilities,common-stock-net,retained-earnings-accumulated-deficit,comprehensive-income,total-share-holder-equity,total-liabilities-share-holders-equity,net-income-loss,total-depreciation-amortization-cash-flow,other-non-cash-items,total-non-cash-items,change-in-accounts-receivable,change-in-inventories,change-in-accounts-payable,change-in-assets-liabilities,total-change-in-assets-liabilities,cash-flow-from-operating-activities,net-change-in-property-plant-equipment,net-change-in-intangible-assets,net-acquisitions-divestitures,net-change-in-short-term-investments,net-change-in-long-term-investments,net-change-in-investments-total,investing-activities-other,cash-flow-from-investing-activities,net-long-term-debt,net-current-debt,debt-issuance-retirement-net-total,net-common-equity-issued-repurchased,net-total-equity-issued-repurchased,total-common-preferred-stock-dividends-paid,financial-activities-other,cash-flow-from-financial-activities,net-cash-flow,stock-based-compensation,common-stock-dividends-paid
0,2018-09-30,9.74,$6.70,1.45,$13.56,0.72,$-1.91,0.0,$-0.64,0.0,$0.79B,$0.39B,2.03,$1.28B,$1.04B,1.24,$2.09B,$0.61B,29.41%,$2.09B,$-0.09B,-4.07%,$2.09B,$-0.09B,-4.07%,$2.09B,$0.33B,15.80%,$2.09B,$-0.19B,-9.05%,$2.09B,$-0.10B,-4.74%,$-0.10B,$1.04B,-9.21%,$-0.10B,$0.10B,-77.19%,$-0.10B,$3.00B,-3.25%,$-0.09B,$2.32B,-3.61%,$573,$404,$169,$0,$69,$573,$-0,$-25,$-25,$-4,$-22,$-22,$-22,$100,$-0,$155,155,$-0.14,$-0.14,$105,$151,$0,$791,$1199,$0,$941,$9,$2211,$3002,$389,$1282,$261,$1577,$1966,$0,$-1621,$-71,$1036,$3002,$-108,$304,$-10,$293,$-96,$-17,$18,$1,$-102,$83,$-186,$0,$0,$0,$0,$0,$30,$-157,$0,$0,$0,$0,$0,$0,$-4,$-4,$-79,$23,$0
1,2018-06-30,9.74,$6.81,1.43,$13.16,0.74,$-1.65,0.0,$-0.89,0.0,$0.76B,$0.39B,1.97,$1.28B,$1.05B,1.22,$2.02B,$0.58B,28.85%,$2.02B,$-0.14B,-6.93%,$2.02B,$-0.14B,-6.93%,$2.02B,$0.29B,14.50%,$2.02B,$-0.25B,-12.32%,$2.02B,$-0.14B,-6.73%,$-0.14B,$1.05B,-12.43%,$-0.14B,$0.11B,-97.49%,$-0.14B,$3.02B,-4.38%,$-0.14B,$2.33B,-5.89%,$536,$370,$166,$0,$70,$538,$-2,$-27,$-29,$-4,$-25,$-25,$-26,$96,$-2,$154,154,$-0.17,$-0.17,$119,$159,$0,$762,$1241,$0,$944,$12,$2259,$3021,$388,$1281,$257,$1580,$1968,$0,$-1600,$-70,$1053,$3021,$-86,$204,$-5,$198,$-44,$-25,$33,$-2,$-73,$39,$-120,$0,$0,$0,$0,$0,$23,$-97,$0,$0,$0,$0,$0,$0,$-4,$-4,$-62,$17,$0
2,2018-03-31,8.43,$6.99,1.21,$12.76,0.66,$-1.39,0.0,$-1.14,0.0,$0.73B,$0.39B,1.86,$1.28B,$1.08B,1.19,$1.96B,$0.54B,27.37%,$1.96B,$-0.21B,-10.49%,$1.96B,$-0.21B,-10.49%,$1.96B,$0.24B,12.23%,$1.96B,$-0.31B,-15.96%,$1.96B,$-0.17B,-8.90%,$-0.17B,$1.08B,-15.51%,$-0.17B,$0.13B,-110.83%,$-0.17B,$3.07B,-5.49%,$-0.21B,$2.36B,-8.53%,$482,$343,$139,$0,$76,$525,$-43,$-27,$-69,$-9,$-60,$-60,$-60,$63,$-43,$154,154,$-0.39,$-0.39,$90,$149,$4,$732,$1301,$0,$950,$21,$2332,$3065,$393,$1281,$264,$1593,$1987,$0,$-1573,$-63,$1078,$3065,$-60,$106,$-5,$101,$-45,$-16,$17,$-9,$-66,$-25,$-54,$0,$0,$0,$0,$0,$0,$-54,$1,$0,$1,$0,$0,$0,$-5,$-5,$-81,$8,$0
3,2017-12-31,9.63,$7.39,1.3,$12.26,0.79,$-1.27,0.0,$-1.35,0.0,$0.76B,$0.38B,2.03,$1.28B,$1.13B,1.13,$1.87B,$0.48B,25.35%,$1.87B,$-0.27B,-14.57%,$1.87B,$-0.27B,-14.57%,$1.87B,$0.18B,9.55%,$1.87B,$-0.38B,-20.12%,$1.87B,$-0.21B,-10.99%,$-0.21B,$1.13B,-17.82%,$-0.21B,$0.18B,-114.76%,$-0.21B,$3.11B,-6.35%,$-0.27B,$2.41B,-11.19%,$497,$357,$140,$0,$69,$537,$-40,$-26,$-66,$-88,$22,$22,$9,$71,$-40,$153,153,$0.06,$0.06,$172,$134,$14,$761,$1317,$0,$952,$20,$2349,$3110,$375,$1280,$262,$1603,$1978,$0,$-1513,$-67,$1132,$3110,$-206,$453,$-135,$317,$-93,$-2,$24,$-26,$-8,$104,$-137,$0,$0,$0,$0,$0,$31,$-106,$0,$0,$0,$0,$0,$0,$-17,$-17,$-16,$37,$0
4,2017-09-30,10.68,$7.28,1.47,$11.34,0.94,$-1.13,0.0,$-2.81,0.0,$0.80B,$0.40B,1.99,$1.28B,$1.12B,1.15,$1.73B,$0.37B,21.26%,$1.73B,$-0.43B,-24.96%,$1.73B,$-0.43B,-24.96%,$1.73B,$0.07B,3.76%,$1.73B,$-0.53B,-30.85%,$1.73B,$-0.43B,-24.61%,$-0.43B,$1.12B,-35.54%,$-0.43B,$0.14B,-209.34%,$-0.43B,$3.21B,-12.77%,$-0.43B,$2.40B,-17.39%,$506,$368,$138,$0,$74,$561,$-55,$-30,$-85,$-28,$-57,$-57,$-59,$63,$-55,$153,153,$-0.39,$-0.39,$167,$140,$27,$798,$1380,$0,$975,$0,$2413,$3211,$401,$1282,$263,$1695,$2096,$0,$-1522,$-69,$1115,$3211,$-215,$341,$-74,$267,$-117,$-9,$25,$-12,$-5,$48,$-110,$0,$0,$0,$0,$0,$16,$-94,$0,$0,$0,$0,$0,$0,$-16,$-16,$-59,$30,$0
5,2017-06-30,10.43,$7.60,1.37,$10.19,1.02,$-0.25,0.0,$-3.20,0.0,$0.79B,$0.38B,2.07,$1.29B,$1.16B,1.11,$1.55B,$0.30B,19.21%,$1.55B,$-0.52B,-33.46%,$1.55B,$-0.52B,-33.46%,$1.55B,$0.45B,28.76%,$1.55B,$-0.61B,-39.26%,$1.55B,$-0.49B,-31.27%,$-0.49B,$1.16B,-37.35%,$-0.49B,$0.18B,-168.11%,$-0.49B,$3.29B,-14.08%,$-0.52B,$2.45B,-20.09%,$470,$352,$118,$0,$77,$537,$-67,$-25,$-92,$-30,$-62,$-62,$-64,$42,$-67,$153,153,$-0.42,$-0.42,$575,$141,$27,$788,$1455,$0,$984,$0,$2498,$3286,$381,$1287,$272,$1742,$2122,$0,$-1463,$-73,$1163,$3286,$-155,$222,$-43,$180,$-89,$-10,$26,$-21,$-7,$17,$-57,$0,$0,$0,$0,$0,$4,$-53,$0,$0,$0,$0,$0,$0,$-7,$-7,$-40,$20,$0
6,2017-03-31,14.26,$7.93,1.8,$9.47,1.51,$0.21,68.16,$-5.89,0.0,$0.81B,$0.37B,2.2,$1.29B,$1.21B,1.06,$1.44B,$0.28B,19.35%,$1.44B,$-1.03B,-71.61%,$1.44B,$-1.03B,-71.61%,$1.44B,$-0.04B,-2.85%,$1.44B,$-1.11B,-76.97%,$1.44B,$-0.89B,-62.07%,$-0.89B,$1.21B,-63.04%,$-0.89B,$0.22B,-227.84%,$-0.89B,$3.38B,-24.59%,$-1.03B,$2.50B,-37.26%,$401,$322,$79,$0,$75,$512,$-111,$-24,$-134,$-45,$-90,$-90,$-92,$3,$-111,$153,153,$-0.60,$-0.60,$152,$140,$27,$813,$1513,$0,$995,$0,$2566,$3379,$369,$1286,$297,$1797,$2166,$0,$-1399,$-79,$1213,$3379,$-92,$114,$-20,$94,$-32,$-9,$12,$-13,$-45,$-43,$-17,$0,$0,$0,$0,$0,$0,$-17,$0,$0,$0,$0,$0,$0,$-9,$-9,$-66,$11,$0
7,2016-12-31,16.88,$8.59,1.97,$9.57,1.76,$0.76,22.12,$-5.86,0.0,$0.78B,$0.35B,2.27,$1.29B,$1.30B,0.99,$1.45B,$0.33B,22.57%,$1.45B,$-1.03B,-71.08%,$1.45B,$-1.03B,-71.08%,$1.45B,$-0.02B,-1.31%,$1.45B,$-1.10B,-75.91%,$1.45B,$-0.89B,-61.21%,$-0.89B,$1.30B,-54.13%,$-0.89B,$0.28B,-176.17%,$-0.89B,$3.47B,-22.35%,$-1.03B,$2.59B,-33.59%,$354,$321,$33,$0,$74,$553,$-199,$-24,$-223,$-56,$-166,$-166,$-211,$-43,$-199,$152,152,$-1.39,$-1.39,$188,$131,$27,$782,$1605,$0,$1027,$0,$2689,$3470,$345,$1285,$294,$1822,$2166,$0,$-1308,$-80,$1304,$3470,$-887,$1010,$-39,$972,$128,$-8,$4,$34,$-24,$61,$-73,$0,$0,$0,$0,$0,$-1,$-74,$-338,$0,$-338,$0,$0,$-12,$-6,$-355,$-376,$42,$-12
8,2016-09-30,17.9,$9.98,1.79,$10.86,1.65,$2.48,7.21,$-6.04,0.0,$0.80B,$0.35B,2.27,$1.28B,$1.51B,0.85,$1.64B,$0.44B,26.95%,$1.64B,$-1.11B,-67.74%,$1.64B,$-1.11B,-67.74%,$1.64B,$1.63B,99.27%,$1.64B,$-1.18B,-72.07%,$1.64B,$-0.91B,-55.67%,$-0.91B,$1.51B,-48.95%,$-0.91B,$0.48B,-145.85%,$-0.91B,$3.64B,-21.09%,$-1.11B,$2.80B,-32.98%,$326,$258,$68,$0,$87,$468,$-142,$-18,$-160,$-46,$-114,$-114,$-118,$444,$-142,$152,152,$-0.78,$-0.78,$278,$151,$62,$800,$1754,$0,$1034,$0,$2844,$3644,$353,$1284,$293,$1777,$2130,$0,$-1096,$-72,$1514,$3644,$-676,$854,$-162,$692,$156,$-5,$-9,$34,$130,$147,$-74,$0,$0,$0,$0,$0,$6,$-68,$-338,$0,$-338,$0,$0,$-12,$-8,$-358,$-286,$34,$-12
9,2016-06-30,18.41,$10.74,1.71,$12.70,1.45,$3.33,5.52,$-10.71,0.0,$1.05B,$0.32B,3.29,$1.53B,$1.63B,0.94,$1.92B,$0.56B,28.98%,$1.92B,$-1.81B,-94.73%,$1.92B,$-1.81B,-94.73%,$1.92B,$0.49B,25.38%,$1.92B,$-1.89B,-98.80%,$1.92B,$-1.62B,-84.39%,$-1.62B,$1.63B,-76.96%,$-1.62B,$0.59B,-215.83%,$-1.62B,$4.02B,-34.09%,$-1.81B,$3.16B,-49.22%,$356,$259,$98,$0,$83,$934,$-577,$-12,$-589,$-121,$-469,$-469,$-471,$-445,$-577,$151,151,$-3.11,$-3.11,$486,$152,$67,$1054,$1869,$0,$1038,$0,$2962,$4015,$320,$1533,$282,$2066,$2386,$0,$-978,$-68,$1629,$4015,$-558,$269,$337,$606,$121,$-4,$-23,$21,$50,$98,$-67,$0,$0,$0,$0,$0,$2,$-65,$-335,$250,$-85,$0,$0,$-12,$-8,$-104,$-78,$22,$-12
10,2016-03-31,13.39,$13.92,0.96,$15.07,0.89,$4.11,3.26,$-12.82,0.0,$1.19B,$0.42B,2.82,$1.61B,$2.11B,0.76,$2.27B,$0.70B,30.93%,$2.27B,$-2.09B,-91.94%,$2.27B,$-2.09B,-91.94%,$2.27B,$0.24B,10.53%,$2.27B,$-2.19B,-96.26%,$2.27B,$-1.93B,-85.02%,$-1.93B,$2.11B,-76.77%,$-1.93B,$0.67B,-224.03%,$-1.93B,$4.75B,-36.48%,$-2.09B,$3.72B,-50.64%,$413,$285,$128,$0,$103,$525,$-112,$-16,$-128,$-44,$-85,$-85,$-87,$25,$-112,$151,151,$-0.57,$-0.57,$559,$155,$67,$1187,$2066,$0,$1441,$0,$3560,$4746,$421,$1609,$277,$2218,$2639,$0,$-507,$-50,$2107,$4746,$-87,$137,$-45,$92,$72,$-7,$-15,$4,$57,$63,$-38,$0,$0,$0,$0,$0,$2,$-36,$-329,$325,$-4,$0,$0,$-12,$-11,$-27,$-5,$11,$-12
11,2015-12-31,13.36,$14.65,0.91,$18.46,0.72,$4.38,3.05,$-12.32,0.0,$1.30B,$0.45B,2.89,$1.59B,$2.21B,0.72,$2.77B,$0.91B,32.77%,$2.77B,$-1.95B,-70.40%,$2.77B,$-1.95B,-70.40%,$2.77B,$0.40B,14.35%,$2.77B,$-2.06B,-74.22%,$2.77B,$-1.85B,-66.83%,$-1.85B,$2.21B,-61.78%,$-1.85B,$0.77B,-187.41%,$-1.85B,$4.91B,-31.37%,$-1.95B,$3.80B,-42.35%,$545,$398,$148,$0,$107,$825,$-280,$-25,$-305,$-90,$-215,$-215,$-237,$1604,$-280,$150,150,$-1.59,$-1.59,$564,$165,$95,$1295,$2123,$0,$1443,$0,$3619,$4914,$449,$1588,$284,$2255,$2703,$0,$-408,$-46,$2211,$4914,$-1855,$2351,$-200,$2151,$501,$33,$-106,$55,$337,$633,$-385,$0,$0,$0,$0,$0,$-3,$-388,$-27,$0,$-27,$0,$0,$-48,$7,$-69,$171,$46,$-48
12,2015-09-30,12.47,$16.27,0.77,$22.35,0.56,$6.33,1.97,$-10.31,0.0,$1.40B,$0.46B,3.06,$1.61B,$2.45B,0.66,$3.41B,$1.23B,36.03%,$3.41B,$-1.53B,-44.89%,$3.41B,$-1.53B,-44.89%,$3.41B,$-0.91B,-26.76%,$3.41B,$-1.64B,-48.15%,$3.41B,$-1.55B,-45.51%,$-1.55B,$2.45B,-44.72%,$-1.55B,$0.97B,-140.74%,$-1.55B,$5.28B,-23.82%,$-1.53B,$4.07B,-30.11%,$601,$420,$181,$0,$123,$1446,$-845,$-26,$-870,$-54,$-817,$-817,$-821,$-698,$-845,$151,151,$-5.45,$-5.45,$534,$187,$121,$1403,$2373,$0,$1481,$0,$3881,$5284,$459,$1613,$257,$2373,$2832,$0,$-159,$-44,$2452,$5284,$-1617,$467,$1421,$1888,$439,$11,$-106,$56,$294,$565,$-365,$0,$0,$0,$0,$0,$-1,$-367,$-26,$0,$-26,$9,$9,$-36,$-4,$-57,$141,$35,$-36
13,2015-06-30,20.67,$21.79,0.95,$26.10,0.79,$7.09,2.92,$-4.35,0.0,$1.48B,$0.49B,3.06,$1.62B,$3.29B,0.49,$4.02B,$1.53B,38.20%,$4.02B,$-0.52B,-13.02%,$4.02B,$-0.52B,-13.02%,$4.02B,$0.12B,2.99%,$4.02B,$-0.64B,-15.81%,$4.02B,$-0.65B,-16.19%,$-0.65B,$3.29B,-16.71%,$-0.65B,$1.04B,-55.31%,$-0.65B,$6.22B,-9.21%,$-0.52B,$4.90B,-9.49%,$711,$466,$245,$0,$130,$1561,$-850,$-32,$-882,$-107,$-775,$-775,$-785,$-692,$-850,$150,150,$-5.22,$-5.22,$500,$193,$132,$1484,$2462,$0,$2243,$0,$4732,$6216,$485,$1619,$267,$2445,$2930,$0,$675,$-37,$3286,$6216,$-796,$321,$696,$1017,$350,$5,$-85,$46,$213,$434,$-287,$0,$0,$0,$0,$0,$-3,$-290,$-24,$0,$-24,$9,$9,$-24,$-4,$-43,$107,$25,$-24
14,2015-03-31,21.88,$26.96,0.81,$28.33,0.77,$6.90,3.17,$1.34,16.33,$1.63B,$0.60B,2.72,$1.62B,$4.05B,0.4,$4.41B,$1.75B,39.56%,$4.41B,$0.48B,10.79%,$4.41B,$0.48B,10.79%,$4.41B,$1.12B,25.45%,$4.41B,$0.37B,8.43%,$4.41B,$0.21B,4.76%,$0.21B,$4.05B,5.11%,$0.21B,$1.18B,17.07%,$0.21B,$7.22B,2.86%,$0.48B,$5.68B,8.31%,$917,$582,$335,$0,$151,$895,$22,$-24,$-2,$-1,$-1,$-1,$-11,$184,$22,$150,150,$-0.07,$-0.07,$415,$203,$145,$1629,$2690,$0,$2877,$0,$5594,$7223,$598,$1623,$255,$2571,$3169,$0,$1472,$-51,$4054,$7223,$-11,$162,$12,$174,$168,$-15,$-21,$12,$75,$238,$-174,$0,$0,$0,$0,$0,$2,$-172,$-26,$0,$-26,$6,$6,$-12,$-6,$-38,$22,$12,$-12
15,2014-12-31,19.65,$27.25,0.72,$28.81,0.68,$6.77,2.9,$1.64,11.98,$1.70B,$0.71B,2.38,$1.60B,$4.08B,0.39,$4.56B,$1.82B,39.96%,$4.56B,$0.55B,11.98%,$4.56B,$0.55B,11.98%,$4.56B,$1.20B,26.29%,$4.56B,$0.44B,9.70%,$4.56B,$0.26B,5.66%,$0.26B,$4.08B,6.27%,$0.26B,$1.22B,20.87%,$0.26B,$7.32B,3.50%,$0.55B,$5.68B,9.51%,$1179,$711,$467,$0,$167,$1035,$143,$-30,$113,$40,$73,$73,$66,$294,$143,$155,157,$0.43,$0.44,$393,$185,$117,$1697,$2734,$0,$2861,$0,$5621,$7318,$712,$1600,$255,$2526,$3238,$0,$1496,$-36,$4080,$7318,$258,$652,$-18,$634,$-9,$54,$36,$-2,$141,$1033,$-469,$0,$-24,$11,$0,$11,$8,$-475,$-19,$0,$-19,$-289,$-289,$-50,$1,$-357,$197,$43,$-50
16,2014-09-30,31.96,$26.89,1.19,$27.98,1.14,$4.93,6.48,$-0.76,0.0,$1.86B,$0.71B,2.62,$1.63B,$4.14B,0.39,$4.45B,$1.77B,39.65%,$4.45B,$0.20B,4.49%,$4.45B,$0.20B,4.49%,$4.45B,$0.87B,19.44%,$4.45B,$0.10B,2.13%,$4.45B,$-0.12B,-2.74%,$-0.12B,$4.14B,-2.95%,$-0.12B,$1.26B,-9.86%,$-0.12B,$7.46B,-1.65%,$0.20B,$5.77B,3.47%,$1209,$722,$487,$0,$155,$1047,$162,$-26,$136,$50,$86,$86,$80,$334,$162,$155,156,$0.52,$0.51,$320,$186,$286,$1858,$2703,$0,$2877,$0,$5605,$7464,$709,$1631,$253,$2613,$3322,$0,$1442,$-25,$4142,$7464,$192,$501,$-4,$497,$-61,$29,$30,$-4,$75,$764,$-438,$0,$0,$11,$0,$11,$18,$-410,$-15,$0,$-15,$-175,$-175,$-38,$-0,$-228,$124,$33,$-38
17,2014-06-30,35.05,$26.60,1.32,$27.06,1.3,$3.90,8.99,$-0.84,0.0,$1.72B,$0.63B,2.74,$1.64B,$4.15B,0.39,$4.34B,$1.70B,39.25%,$4.34B,$0.16B,3.75%,$4.34B,$0.16B,3.75%,$4.34B,$0.82B,18.84%,$4.34B,$0.06B,1.31%,$4.34B,$-0.13B,-3.04%,$-0.13B,$4.15B,-3.14%,$-0.13B,$1.26B,-10.34%,$-0.13B,$7.39B,-1.76%,$0.16B,$5.79B,2.79%,$1108,$650,$457,$0,$147,$958,$149,$-24,$125,$46,$79,$79,$75,$311,$149,$156,159,$0.48,$0.47,$202,$178,$325,$1719,$2754,$0,$2887,$0,$5667,$7386,$629,$1636,$253,$2608,$3237,$0,$1374,$-11,$4149,$7386,$112,$329,$-9,$320,$-30,$17,$6,$-6,$8,$440,$-315,$0,$0,$11,$0,$11,$10,$-295,$-10,$0,$-10,$-106,$-106,$-25,$1,$-141,$6,$22,$-25
18,2014-03-31,29.76,$26.07,1.14,$26.88,1.11,$3.18,9.35,$-0.88,0.0,$1.65B,$0.65B,2.54,$1.64B,$4.10B,0.4,$4.32B,$1.69B,39.11%,$4.32B,$0.16B,3.72%,$4.32B,$0.16B,3.72%,$4.32B,$0.81B,18.78%,$4.32B,$0.05B,1.11%,$4.32B,$-0.14B,-3.19%,$-0.14B,$4.10B,-3.24%,$-0.14B,$1.20B,-9.75%,$-0.14B,$7.35B,-1.82%,$0.16B,$5.74B,2.71%,$1061,$652,$410,$0,$156,$970,$92,$-24,$68,$25,$43,$43,$37,$259,$92,$158,161,$0.23,$0.23,$146,$202,$321,$1651,$2779,$0,$2894,$0,$5697,$7348,$650,$1641,$226,$2602,$3252,$0,$1312,$-16,$4096,$7348,$37,$167,$10,$177,$-5,$-1,$7,$-8,$-6,$208,$-160,$0,$0,$0,$0,$0,$1,$-159,$-5,$0,$-5,$-77,$-77,$-13,$-4,$-99,$-50,$11,$-13
19,2013-12-31,25.66,$25.96,0.99,$27.06,0.95,$2.75,9.32,$-0.71,0.0,$1.48B,$0.64B,2.31,$1.65B,$4.13B,0.4,$4.35B,$1.72B,39.45%,$4.35B,$0.21B,4.90%,$4.35B,$0.21B,4.90%,$4.35B,$0.85B,19.52%,$4.35B,$0.10B,2.32%,$4.35B,$-0.11B,-2.55%,$-0.11B,$4.13B,-2.58%,$-0.11B,$1.22B,-7.79%,$-0.11B,$7.41B,-1.44%,$0.21B,$5.78B,3.53%,$1076,$664,$412,$0,$157,$1279,$-203,$-31,$-234,$-57,$-177,$-177,$-314,$-38,$-203,$159,161,$-1.97,$-1.95,$196,$258,$0,$1476,$3002,$0,$2909,$0,$5935,$7411,$639,$1647,$258,$2640,$3280,$0,$1275,$-18,$4131,$7411,$-111,$635,$468,$1103,$85,$-71,$-32,$56,$-99,$893,$-609,$0,$-18,$0,$0,$0,$21,$-606,$-170,$0,$-170,$-4,$-4,$0,$-7,$-181,$105,$36,$0
20,2013-09-30,24.15,$27.92,0.86,$26.35,0.92,$0.28,86.21,$1.74,13.88,$1.53B,$0.63B,2.42,$1.65B,$4.45B,0.37,$4.18B,$1.71B,40.82%,$4.18B,$0.57B,13.55%,$4.18B,$0.57B,13.55%,$4.18B,$1.18B,28.32%,$4.18B,$0.46B,10.89%,$4.18B,$0.28B,6.68%,$0.28B,$4.45B,6.44%,$0.28B,$1.42B,19.69%,$0.28B,$7.85B,3.58%,$0.57B,$6.10B,9.27%,$1096,$672,$425,$0,$147,$971,$125,$-27,$98,$31,$67,$67,$70,$286,$125,$159,161,$0.44,$0.43,$91,$273,$0,$1530,$3237,$0,$3033,$0,$6318,$7848,$632,$1650,$267,$2762,$3394,$0,$1602,$-22,$4454,$7848,$202,$469,$134,$604,$0,$-55,$7,$37,$-170,$636,$-467,$0,$-24,$0,$0,$0,$25,$-465,$-165,$0,$-165,$6,$6,$0,$-10,$-169,$-1,$27,$0
21,2013-06-30,25.02,$27.36,0.91,$26.97,0.93,$-2.17,0.0,$1.90,13.17,$1.46B,$0.60B,2.42,$1.78B,$4.37B,0.41,$4.26B,$1.75B,41.09%,$4.26B,$0.62B,14.55%,$4.26B,$0.62B,14.55%,$4.26B,$1.21B,28.33%,$4.26B,$0.51B,11.88%,$4.26B,$0.30B,7.11%,$0.30B,$4.37B,7.11%,$0.30B,$1.82B,22.62%,$0.30B,$7.77B,3.89%,$0.62B,$6.15B,10.17%,$1091,$647,$444,$0,$148,$944,$147,$-32,$116,$42,$74,$74,$69,$305,$147,$159,161,$0.43,$0.43,$65,$245,$0,$1456,$3230,$0,$2548,$493,$6317,$7772,$602,$1780,$266,$2805,$3407,$0,$1532,$-34,$4366,$7772,$132,$309,$41,$350,$-4,$-27,$-3,$29,$-137,$345,$-335,$0,$-24,$0,$0,$0,$25,$-334,$-160,$125,$-35,$6,$6,$0,$-2,$-32,$-26,$17,$0
22,2013-03-31,25.04,$26.90,0.93,$28.03,0.89,$-3.64,0.0,$2.36,10.61,$1.47B,$0.63B,2.34,$1.85B,$4.29B,0.43,$4.41B,$1.84B,41.67%,$4.41B,$0.71B,16.13%,$4.41B,$0.71B,16.13%,$4.41B,$1.28B,28.98%,$4.41B,$0.62B,13.98%,$4.41B,$0.38B,8.52%,$0.38B,$4.29B,9.00%,$0.38B,$1.24B,32.90%,$0.38B,$7.79B,4.85%,$0.71B,$6.14B,11.74%,$1087,$652,$435,$0,$146,$942,$144,$-24,$121,$40,$81,$81,$64,$296,$144,$159,160,$0.40,$0.40,$77,$244,$0,$1473,$3220,$0,$3051,$0,$6316,$7789,$630,$1845,$264,$2869,$3498,$0,$1463,$-32,$4291,$7789,$64,$152,$27,$179,$17,$-26,$3,$26,$-106,$137,$-158,$0,$-24,$0,$0,$0,$0,$-181,$-5,$35,$30,$5,$5,$0,$-2,$33,$-14,$8,$0
23,2012-12-31,19.98,$26.79,0.75,$28.85,0.69,$-4.92,0.0,$2.38,8.4,$1.46B,$0.77B,1.89,$1.82B,$4.23B,0.43,$4.29B,$1.82B,42.49%,$4.29B,$0.71B,16.52%,$4.29B,$0.71B,16.52%,$4.29B,$1.23B,28.67%,$4.29B,$0.61B,14.14%,$4.29B,$0.37B,8.53%,$0.37B,$4.23B,8.97%,$0.37B,$1.19B,34.91%,$0.37B,$7.80B,4.77%,$0.71B,$6.05B,11.82%,$903,$503,$401,$0,$128,$753,$150,$-30,$120,$43,$77,$77,$76,$296,$150,$149,151,$0.52,$0.52,$91,$215,$0,$1460,$3255,$0,$3042,$0,$6343,$7803,$772,$1815,$240,$2800,$3572,$0,$1399,$-19,$4231,$7803,$366,$520,$45,$565,$-43,$63,$-31,$-11,$104,$1035,$-1142,$0,$-113,$42,$34,$76,$22,$-1157,$222,$-75,$147,$15,$15,$0,$-31,$131,$11,$37,$0
24,2012-09-30,19.79,$26.31,0.75,$29.80,0.66,$-4.11,0.0,$2.14,9.25,$1.54B,$0.80B,1.93,$1.91B,$4.15B,0.46,$3.95B,$1.69B,42.81%,$3.95B,$0.66B,16.60%,$3.95B,$0.66B,16.60%,$3.95B,$1.11B,28.04%,$3.95B,$0.57B,14.35%,$3.95B,$0.31B,7.82%,$0.31B,$4.15B,9.13%,$0.31B,$1.11B,41.94%,$0.31B,$7.79B,4.59%,$0.66B,$6.06B,12.44%,$1180,$709,$471,$0,$163,$1000,$179,$-30,$149,$55,$94,$94,$94,$310,$179,$157,159,$0.60,$0.59,$99,$180,$0,$1543,$3163,$0,$3039,$0,$6247,$7790,$798,$1909,$206,$2842,$3641,$0,$1323,$-20,$4149,$7790,$290,$375,$10,$385,$-144,$85,$-1,$-30,$22,$697,$-918,$0,$-104,$31,$34,$65,$28,$-929,$227,$15,$242,$16,$16,$0,$-30,$229,$-1,$28,$0
25,2012-06-30,19.51,$25.62,0.76,$28.97,0.67,$-2.31,0.0,$2.28,8.56,$1.58B,$0.71B,2.22,$1.97B,$4.04B,0.49,$3.31B,$1.47B,44.51%,$3.31B,$0.57B,17.32%,$3.31B,$0.57B,17.32%,$3.31B,$0.97B,29.19%,$3.31B,$0.50B,15.23%,$3.31B,$0.28B,8.31%,$0.28B,$4.04B,10.16%,$0.28B,$1.03B,43.22%,$0.28B,$7.60B,4.87%,$0.57B,$6.01B,13.27%,$1243,$711,$532,$0,$158,$1004,$239,$-12,$227,$84,$143,$143,$142,$377,$239,$157,159,$0.90,$0.89,$143,$287,$0,$1582,$2923,$47,$3009,$0,$6022,$7604,$714,$1974,$196,$2850,$3564,$0,$1229,$-30,$4040,$7604,$196,$244,$0,$244,$-95,$-24,$25,$-18,$-75,$366,$-588,$0,$-68,$0,$34,$34,$25,$-597,$382,$-75,$307,$15,$15,$0,$-28,$294,$63,$16,$0
26,2012-03-31,25.42,$24.75,1.03,$27.04,0.94,$-0.76,0.0,$1.98,12.84,$1.52B,$0.69B,2.2,$1.98B,$3.90B,0.51,$2.55B,$1.17B,45.95%,$2.55B,$0.41B,16.06%,$2.55B,$0.41B,16.06%,$2.55B,$0.73B,28.83%,$2.55B,$0.34B,13.43%,$2.55B,$0.18B,7.11%,$0.18B,$3.90B,8.87%,$0.18B,$0.86B,33.46%,$0.18B,$7.47B,3.94%,$0.41B,$5.88B,12.16%,$967,$547,$420,$0,$176,$825,$141,$-30,$111,$41,$70,$70,$54,$248,$141,$126,127,$0.43,$0.42,$136,$278,$0,$1523,$2766,$70,$3035,$0,$5946,$7468,$691,$1979,$215,$2878,$3570,$0,$1087,$-21,$3899,$7468,$54,$106,$12,$118,$-64,$-16,$28,$-9,$-78,$94,$-273,$0,$-67,$0,$0,$0,$3,$-337,$387,$-75,$312,$13,$13,$0,$-28,$298,$55,$11,$0
27,2011-12-31,27.43,$18.07,1.52,$24.22,1.13,$1.01,27.2,$1.75,15.67,$0.88B,$0.39B,2.24,$1.69B,$1.45B,1.16,$1.96B,$0.92B,46.74%,$1.96B,$0.30B,15.07%,$1.96B,$0.30B,15.07%,$1.96B,$0.58B,29.48%,$1.96B,$0.25B,12.53%,$1.96B,$0.14B,7.28%,$0.14B,$1.45B,10.24%,$0.14B,$-0.06B,29.99%,$0.14B,$4.05B,4.14%,$0.30B,$3.14B,12.15%,$562,$294,$269,$0,$104,$465,$97,$-18,$80,$26,$53,$53,$19,$173,$97,$80,81,$0.24,$0.25,$80,$228,$0,$883,$1507,$72,$1512,$0,$3165,$4048,$394,$1685,$218,$2201,$2595,$0,$1033,$-27,$1454,$4048,$143,$282,$73,$356,$-87,$2,$40,$15,$-5,$493,$-485,$0,$-765,$0,$0,$0,$-1,$-1250,$899,$-100,$799,$12,$12,$0,$-25,$787,$30,$14,$0
28,2011-09-30,25.31,$17.97,1.41,$21.53,1.18,$2.57,9.84,$1.55,16.33,$1.17B,$0.75B,1.56,$0.81B,$1.44B,0.57,$1.74B,$0.80B,45.98%,$1.74B,$0.22B,12.64%,$1.74B,$0.22B,12.64%,$1.74B,$0.49B,28.28%,$1.74B,$0.17B,10.00%,$1.74B,$0.13B,7.30%,$0.13B,$1.44B,9.39%,$0.13B,$0.71B,19.97%,$0.13B,$3.48B,4.01%,$0.22B,$2.25B,10.27%,$537,$285,$252,$0,$94,$441,$96,$-11,$86,$31,$55,$55,$60,$168,$96,$80,81,$0.75,$0.73,$434,$220,$0,$1171,$1441,$72,$728,$0,$2312,$3484,$750,$810,$219,$1299,$2049,$0,$1014,$-23,$1435,$3484,$123,$207,$16,$222,$-29,$11,$3,$3,$17,$362,$-329,$0,$22,$-223,$0,$-223,$-1,$-532,$500,$-175,$325,$12,$12,$0,$-8,$329,$159,$10,$0
29,2011-06-30,35.82,$17.25,2.08,$20.38,1.76,$3.40,10.55,$1.24,28.88,$1.11B,$0.72B,1.53,$0.81B,$1.38B,0.59,$1.64B,$0.75B,45.85%,$1.64B,$0.19B,11.29%,$1.64B,$0.19B,11.29%,$1.64B,$0.45B,27.35%,$1.64B,$0.14B,8.55%,$1.64B,$0.10B,6.11%,$0.10B,$1.38B,7.63%,$0.10B,$0.65B,16.48%,$0.10B,$3.36B,3.30%,$0.19B,$2.19B,8.74%,$480,$251,$229,$0,$94,$405,$75,$-11,$65,$23,$41,$41,$48,$145,$75,$80,81,$0.60,$0.59,$408,$220,$0,$1106,$1395,$63,$727,$0,$2256,$3362,$721,$810,$226,$1264,$1985,$0,$955,$-17,$1377,$3362,$64,$135,$-12,$124,$17,$11,$1,$-1,$41,$228,$-217,$0,$22,$-164,$0,$-164,$-6,$-365,$500,$-175,$325,$11,$11,$0,$-7,$329,$193,$5,$0
30,2011-03-31,39.54,$16.58,2.38,$19.81,2.0,$4.63,8.54,$0.95,41.62,$0.71B,$0.30B,2.4,$0.85B,$1.32B,0.65,$1.58B,$0.72B,45.29%,$1.58B,$0.16B,9.98%,$1.58B,$0.16B,9.98%,$1.58B,$0.41B,25.96%,$1.58B,$0.11B,7.14%,$1.58B,$0.08B,4.80%,$0.08B,$1.32B,5.98%,$0.08B,$0.61B,13.01%,$0.08B,$2.92B,2.63%,$0.16B,$2.17B,7.60%,$385,$217,$168,$0,$85,$357,$28,$-12,$15,$6,$10,$10,$16,$93,$28,$79,81,$0.20,$0.19,$71,$235,$0,$713,$1361,$59,$711,$0,$2202,$2915,$297,$852,$220,$1300,$1597,$0,$906,$-18,$1318,$2915,$16,$66,$-3,$63,$79,$-3,$-2,$2,$60,$138,$-109,$0,$6,$0,$0,$0,$-2,$-105,$0,$-19,$-19,$7,$7,$0,$-1,$-14,$20,$4,$0
31,2010-12-31,33.74,$16.22,2.08,$19.63,1.72,$4.40,7.67,$1.03,32.76,$0.76B,$0.51B,1.51,$0.68B,$1.28B,0.53,$1.56B,$0.71B,45.68%,$1.56B,$0.17B,11.13%,$1.56B,$0.17B,11.13%,$1.56B,$0.42B,26.81%,$1.56B,$0.13B,8.45%,$1.56B,$0.08B,5.25%,$0.08B,$1.28B,6.62%,$0.08B,$0.58B,14.43%,$0.08B,$2.91B,2.87%,$0.17B,$1.96B,8.45%,$338,$187,$151,$0,$84,$318,$21,$-12,$8,$1,$7,$7,$3,$86,$21,$79,80,$0.04,$0.04,$51,$235,$0,$764,$1313,$59,$702,$0,$2143,$2908,$506,$682,$216,$1121,$1627,$0,$891,$-26,$1281,$2908,$82,$245,$75,$320,$-90,$86,$20,$19,$54,$456,$-323,$0,$-271,$0,$0,$0,$-9,$-603,$-1,$-2,$-3,$3,$3,$0,$-8,$-8,$-156,$34,$0
32,2010-09-30,25.74,$16.08,1.6,$18.78,1.37,$2.61,9.87,$-0.47,0.0,$0.77B,$0.34B,2.24,$0.88B,$1.27B,0.69,$1.49B,$0.64B,42.89%,$1.49B,$-0.01B,-0.87%,$1.49B,$-0.01B,-0.87%,$1.49B,$0.23B,15.17%,$1.49B,$-0.06B,-3.69%,$1.49B,$-0.04B,-2.42%,$-0.04B,$1.27B,-2.97%,$-0.04B,$0.59B,-6.16%,$-0.04B,$2.94B,-1.30%,$-0.01B,$2.15B,-0.63%,$435,$232,$203,$0,$85,$374,$61,$-9,$52,$19,$33,$33,$33,$124,$61,$79,80,$0.42,$0.42,$47,$0,$201,$770,$1349,$62,$676,$0,$2172,$2942,$344,$879,$233,$1331,$1675,$0,$888,$-21,$1267,$2942,$79,$180,$21,$201,$-132,$119,$-2,$13,$57,$337,$-239,$0,$-262,$0,$0,$0,$-6,$-507,$-0,$17,$16,$2,$2,$0,$-7,$11,$-159,$18,$0
33,2010-06-30,18.01,$15.46,1.16,$18.22,0.99,$0.56,32.28,$-0.58,0.0,$0.71B,$0.31B,2.3,$0.82B,$1.22B,0.67,$1.44B,$0.61B,42.12%,$1.44B,$-0.02B,-1.32%,$1.44B,$-0.02B,-1.32%,$1.44B,$0.22B,14.92%,$1.44B,$-0.07B,-4.79%,$1.44B,$-0.05B,-3.12%,$-0.05B,$1.22B,-3.69%,$-0.05B,$0.56B,-7.14%,$-0.05B,$2.79B,-1.68%,$-0.02B,$2.04B,-0.93%,$425,$230,$195,$0,$93,$377,$48,$-11,$38,$14,$24,$24,$24,$108,$48,$79,80,$0.31,$0.30,$64,$0,$220,$709,$1275,$60,$660,$0,$2078,$2787,$308,$821,$221,$1261,$1569,$0,$855,$-31,$1218,$2787,$46,$117,$24,$141,$-37,$73,$9,$10,$70,$257,$-148,$0,$-208,$0,$0,$0,$-5,$-361,$-0,$-37,$-38,$1,$1,$0,$-1,$-38,$-142,$4,$0
34,2010-03-31,20.27,$15.17,1.34,$17.50,1.16,$-1.58,0.0,$-1.76,0.0,$0.75B,$0.29B,2.57,$0.90B,$1.19B,0.76,$1.38B,$0.58B,41.83%,$1.38B,$-0.11B,-7.77%,$1.38B,$-0.11B,-7.77%,$1.38B,$0.12B,8.93%,$1.38B,$-0.22B,-15.61%,$1.38B,$-0.14B,-10.02%,$-0.14B,$1.19B,-11.20%,$-0.14B,$0.54B,-20.38%,$-0.14B,$2.80B,-5.29%,$-0.11B,$2.09B,-5.27%,$365,$199,$165,$0,$71,$321,$44,$-10,$34,$12,$22,$22,$22,$101,$44,$79,79,$0.27,$0.27,$54,$0,$278,$747,$1264,$60,$648,$0,$2054,$2801,$290,$900,$212,$1319,$1609,$0,$831,$-29,$1192,$2801,$22,$57,$10,$67,$-27,$23,$-8,$0,$-1,$87,$-77,$0,$-207,$0,$0,$0,$-2,$-285,$0,$46,$46,$1,$1,$0,$-0,$46,$-153,$5,$0
35,2009-12-31,23.42,$15.00,1.56,$18.48,1.27,$-2.56,0.0,$-1.31,0.0,$0.86B,$0.23B,3.78,$0.85B,$1.18B,0.72,$1.45B,$0.63B,43.20%,$1.45B,$-0.05B,-3.52%,$1.45B,$-0.05B,-3.52%,$1.45B,$0.18B,12.22%,$1.45B,$-0.16B,-11.04%,$1.45B,$-0.10B,-7.11%,$-0.10B,$1.18B,-8.16%,$-0.10B,$0.65B,-14.34%,$-0.10B,$2.52B,-4.00%,$-0.05B,$2.03B,-2.51%,$265,$189,$76,$0,$70,$430,$-166,$-13,$-179,$-64,$-115,$-115,$-115,$-107,$-166,$78,78,$-1.47,$-1.46,$207,$0,$287,$864,$1059,$61,$533,$0,$1653,$2517,$228,$849,$53,$1110,$1339,$0,$809,$-19,$1178,$2517,$-102,$229,$214,$443,$26,$-51,$-25,$29,$-64,$276,$-286,$0,$6,$0,$-9,$-9,$-4,$-292,$-1,$177,$176,$2,$2,$0,$-2,$176,$162,$12,$0
36,2009-09-30,21.72,$16.50,1.32,$21.15,1.03,$-3.06,0.0,$1.24,17.51,$0.80B,$0.28B,2.86,$0.73B,$1.29B,0.56,$1.68B,$0.81B,48.09%,$1.68B,$0.25B,14.68%,$1.68B,$0.25B,14.68%,$1.68B,$0.48B,28.64%,$1.68B,$0.14B,8.53%,$1.68B,$0.10B,5.67%,$0.10B,$1.29B,7.41%,$0.10B,$0.77B,13.28%,$0.10B,$2.59B,3.70%,$0.25B,$2.02B,12.28%,$386,$216,$171,$0,$63,$332,$55,$-16,$38,$14,$24,$24,$24,$113,$55,$78,79,$0.31,$0.31,$34,$0,$379,$804,$1209,$56,$518,$0,$1783,$2587,$281,$725,$49,$1015,$1296,$0,$924,$-19,$1291,$2587,$12,$170,$188,$357,$8,$0,$-18,$-144,$-193,$177,$-242,$0,$0,$0,$0,$0,$-4,$-245,$-0,$57,$57,$2,$2,$0,$-2,$57,$-11,$6,$0
37,2009-06-30,16.65,$16.22,1.03,$22.24,0.75,$-2.43,0.0,$2.15,7.75,$0.74B,$0.31B,2.38,$0.72B,$1.27B,0.57,$1.78B,$0.89B,49.94%,$1.78B,$0.33B,18.60%,$1.78B,$0.33B,18.60%,$1.78B,$0.55B,31.07%,$1.78B,$0.26B,14.44%,$1.78B,$0.17B,9.44%,$0.17B,$1.27B,13.35%,$0.17B,$0.75B,25.16%,$0.17B,$2.54B,6.65%,$0.33B,$1.99B,16.74%,$361,$197,$164,$0,$60,$401,$-40,$-68,$-108,$-39,$-69,$-69,$-69,$16,$-40,$78,78,$-0.88,$-0.88,$37,$0,$336,$742,$1217,$60,$519,$0,$1796,$2538,$312,$718,$41,$959,$1271,$0,$899,$-14,$1268,$2538,$-12,$112,$139,$251,$31,$0,$-16,$-108,$-149,$89,$-149,$0,$0,$0,$0,$0,$-4,$-153,$-0,$55,$55,$1,$1,$0,$-2,$54,$-8,$2,$0
38,2009-03-31,12.43,$16.82,0.74,$23.14,0.54,$-2.60,0.0,$3.92,3.17,$0.79B,$0.28B,2.88,$0.79B,$1.31B,0.6,$1.88B,$0.96B,51.20%,$1.88B,$0.50B,26.69%,$1.88B,$0.50B,26.69%,$1.88B,$0.71B,37.83%,$1.88B,$0.48B,25.36%,$1.88B,$0.31B,16.41%,$0.31B,$1.31B,25.08%,$0.31B,$0.71B,50.43%,$0.31B,$2.66B,12.51%,$0.50B,$2.11B,25.76%,$437,$222,$215,$0,$65,$337,$100,$-11,$89,$32,$57,$57,$57,$155,$100,$78,78,$0.73,$0.72,$110,$0,$293,$791,$1144,$119,$604,$0,$1868,$2659,$275,$792,$37,$1071,$1346,$0,$968,$-33,$1314,$2659,$57,$55,$33,$88,$6,$0,$-28,$-74,$-129,$16,$-82,$0,$0,$0,$0,$0,$-2,$-85,$0,$133,$133,$1,$1,$0,$0,$134,$66,$3,$0
39,2008-12-31,15.36,$16.07,0.96,$22.94,0.67,$-1.33,0.0,$4.44,3.46,$0.63B,$0.30B,2.12,$0.65B,$1.25B,0.52,$1.88B,$0.98B,52.26%,$1.88B,$0.57B,30.04%,$1.88B,$0.57B,30.04%,$1.88B,$0.76B,40.46%,$1.88B,$0.54B,28.81%,$1.88B,$0.35B,18.66%,$0.35B,$1.25B,30.04%,$0.35B,$0.63B,64.29%,$0.35B,$2.49B,14.85%,$0.57B,$1.91B,30.29%,$492,$235,$256,$0,$78,$360,$131,$-8,$124,$40,$83,$83,$83,$196,$131,$80,81,$1.07,$1.07,$45,$0,$209,$632,$1115,$122,$621,$0,$1858,$2490,$298,$654,$37,$938,$1236,$0,$911,$-33,$1254,$2490,$351,$195,$97,$292,$-78,$0,$20,$-191,$-242,$402,$-454,$0,$147,$0,$0,$0,$-4,$-311,$-1,$0,$-1,$-98,$-98,$0,$5,$-93,$-7,$12,$0
40,2008-09-30,30.03,$15.08,1.99,$21.91,1.37,$0.76,39.43,$4.23,7.1,$0.64B,$0.29B,2.23,$0.71B,$1.20B,0.59,$1.80B,$0.96B,53.47%,$1.80B,$0.55B,30.50%,$1.80B,$0.55B,30.50%,$1.80B,$0.75B,41.65%,$1.80B,$0.51B,28.34%,$1.80B,$0.33B,18.30%,$0.33B,$1.20B,29.99%,$0.33B,$0.58B,69.25%,$0.33B,$2.42B,14.31%,$0.55B,$1.91B,30.37%,$490,$237,$254,$0,$68,$350,$140,$12,$152,$55,$97,$97,$97,$186,$140,$81,82,$1.21,$1.19,$128,$0,$110,$642,$1055,$108,$617,$0,$1781,$2423,$288,$711,$27,$936,$1225,$0,$846,$-6,$1198,$2423,$268,$131,$12,$143,$-97,$0,$10,$-61,$-103,$309,$-324,$0,$151,$0,$0,$0,$-3,$-177,$-0,$0,$-0,$-59,$-59,$0,$5,$-54,$77,$9,$0
41,2008-06-30,53.18,$14.18,3.75,$20.74,2.56,$1.67,31.88,$3.92,13.57,$0.58B,$0.24B,2.39,$0.71B,$1.15B,0.62,$1.71B,$0.93B,54.32%,$1.71B,$0.53B,31.02%,$1.71B,$0.53B,31.02%,$1.71B,$0.74B,43.05%,$1.71B,$0.47B,27.69%,$1.71B,$0.31B,17.99%,$0.31B,$1.15B,29.69%,$0.31B,$0.52B,73.99%,$0.31B,$2.28B,13.69%,$0.53B,$1.86B,30.36%,$458,$222,$236,$0,$66,$327,$130,$-19,$111,$40,$71,$71,$71,$173,$130,$81,83,$0.88,$0.86,$119,$0,$46,$578,$1002,$72,$626,$0,$1701,$2279,$242,$711,$26,$891,$1134,$0,$746,$-8,$1146,$2279,$171,$85,$-23,$63,$-102,$0,$1,$-8,$-102,$132,$-209,$0,$151,$0,$0,$0,$-3,$-61,$-0,$0,$-0,$-6,$-6,$0,$3,$-3,$67,$6,$0
42,2008-03-31,38.21,$13.34,2.86,$20.02,1.91,$2.78,13.77,$3.88,9.85,$0.61B,$0.30B,2.05,$0.71B,$1.08B,0.66,$1.65B,$0.91B,55.06%,$1.65B,$0.52B,31.31%,$1.65B,$0.52B,31.31%,$1.65B,$0.73B,43.97%,$1.65B,$0.47B,28.65%,$1.65B,$0.31B,18.59%,$0.31B,$1.08B,31.72%,$0.31B,$0.45B,88.03%,$0.31B,$2.26B,13.92%,$0.52B,$1.79B,30.63%,$441,$204,$237,$0,$70,$278,$164,$-8,$155,$56,$100,$100,$100,$206,$164,$81,82,$1.23,$1.21,$232,$0,$33,$614,$924,$99,$626,$0,$1650,$2264,$300,$711,$24,$888,$1188,$0,$672,$4,$1076,$2264,$100,$43,$-41,$2,$-37,$0,$-2,$0,$23,$124,$-89,$0,$152,$0,$0,$0,$-3,$59,$0,$0,$0,$-6,$-6,$0,$2,$-4,$180,$5,$0
43,2007-12-31,33.19,$12.16,2.73,$19.06,1.74,$2.74,12.13,$3.42,9.71,$0.47B,$0.29B,1.61,$0.71B,$0.98B,0.73,$1.57B,$0.87B,55.56%,$1.57B,$0.47B,29.62%,$1.57B,$0.47B,29.62%,$1.57B,$0.67B,42.72%,$1.57B,$0.42B,26.57%,$1.57B,$0.27B,17.23%,$0.27B,$0.98B,30.36%,$0.27B,$0.36B,95.76%,$0.27B,$2.26B,12.71%,$0.47B,$1.69B,28.89%,$414,$177,$237,$0,$66,$297,$116,$-23,$93,$31,$62,$62,$62,$186,$116,$81,82,$0.78,$0.76,$52,$0,$41,$471,$878,$57,$626,$0,$1786,$2257,$292,$711,$110,$984,$1277,$0,$570,$9,$981,$2257,$272,$207,$67,$273,$-25,$0,$-7,$2,$-14,$530,$-411,$0,$-101,$0,$0,$0,$9,$-502,$-1,$0,$-1,$-25,$-25,$0,$9,$-16,$13,$13,$0
44,2007-09-30,34.18,$11.62,2.94,$17.97,1.9,$1.73,19.7,$3.30,10.36,$0.48B,$0.29B,1.66,$0.71B,$0.95B,0.75,$1.48B,$0.82B,55.14%,$1.48B,$0.45B,30.31%,$1.48B,$0.45B,30.31%,$1.48B,$0.62B,41.81%,$1.48B,$0.42B,28.42%,$1.48B,$0.27B,18.34%,$0.27B,$0.95B,32.84%,$0.27B,$0.34B,118.08%,$0.27B,$2.20B,13.30%,$0.45B,$1.66B,28.99%,$399,$179,$220,$0,$57,$278,$121,$-6,$115,$40,$75,$75,$75,$172,$121,$81,83,$0.92,$0.91,$64,$0,$0,$484,$1033,$61,$607,$0,$1717,$2201,$292,$711,$103,$962,$1254,$0,$498,$16,$947,$2201,$209,$137,$36,$173,$-35,$0,$-1,$4,$3,$385,$-326,$0,$-62,$0,$0,$0,$9,$-378,$-0,$0,$-0,$9,$9,$0,$9,$17,$25,$9,$0
45,2007-06-30,38.5,$10.64,3.62,$16.72,2.3,$1.81,21.32,$3.07,12.54,$0.45B,$0.26B,1.7,$0.75B,$0.87B,0.86,$1.37B,$0.76B,55.18%,$1.37B,$0.42B,30.29%,$1.37B,$0.42B,30.29%,$1.37B,$0.56B,41.09%,$1.37B,$0.39B,28.54%,$1.37B,$0.25B,18.32%,$0.25B,$0.87B,33.22%,$0.25B,$0.25B,98.33%,$0.25B,$2.10B,13.60%,$0.42B,$1.61B,30.17%,$397,$182,$215,$0,$54,$281,$116,$-6,$110,$39,$70,$70,$70,$162,$116,$81,83,$0.86,$0.85,$37,$0,$0,$445,$959,$60,$617,$0,$1653,$2098,$262,$746,$101,$969,$1231,$0,$423,$13,$867,$2098,$134,$86,$12,$98,$-37,$0,$3,$13,$-18,$214,$-200,$0,$-78,$0,$0,$0,$9,$-268,$-0,$35,$35,$8,$8,$0,$9,$51,$-2,$6,$0
46,2007-03-31,33.24,$9.62,3.45,$15.13,2.2,$2.13,15.6,$2.70,12.31,$0.43B,$0.27B,1.6,$0.71B,$0.78B,0.92,$1.24B,$0.68B,55.30%,$1.24B,$0.38B,30.36%,$1.24B,$0.38B,30.36%,$1.24B,$0.50B,40.73%,$1.24B,$0.34B,27.69%,$1.24B,$0.22B,17.81%,$0.22B,$0.78B,31.87%,$0.22B,$0.19B,76.32%,$0.22B,$1.98B,13.33%,$0.38B,$1.49B,31.20%,$363,$160,$202,$0,$51,$250,$113,$-13,$100,$36,$64,$64,$64,$152,$113,$81,82,$0.79,$0.78,$32,$0,$0,$425,$885,$60,$589,$0,$1550,$1975,$265,$712,$100,$933,$1198,$0,$353,$10,$776,$1975,$64,$40,$14,$54,$-21,$0,$4,$4,$-2,$115,$-83,$0,$-50,$0,$0,$0,$10,$-123,$0,$0,$0,$1,$1,$0,$0,$1,$-7,$4,$0
47,2006-12-31,31.52,$8.82,3.58,$13.46,2.34,$1.69,18.69,$2.32,13.58,$0.42B,$0.24B,1.76,$0.71B,$0.71B,1.0,$1.09B,$0.60B,54.48%,$1.09B,$0.32B,28.88%,$1.09B,$0.32B,28.88%,$1.09B,$0.43B,39.21%,$1.09B,$0.29B,26.69%,$1.09B,$0.19B,17.18%,$0.19B,$0.71B,29.54%,$0.19B,$0.14B,57.45%,$0.19B,$1.87B,13.03%,$0.32B,$1.42B,30.86%,$319,$141,$178,$0,$46,$221,$98,$-3,$95,$33,$62,$62,$62,$132,$98,$80,81,$0.78,$0.76,$39,$0,$42,$420,$627,$65,$570,$0,$1455,$1874,$239,$712,$102,$925,$1164,$0,$289,$10,$711,$1874,$188,$112,$36,$148,$-88,$0,$7,$-6,$-56,$280,$-243,$0,$-268,$0,$-58,$-58,$-13,$-581,$495,$0,$495,$-193,$-193,$0,$-17,$285,$-15,$6,$0
