,Date,Stock Price,Book Value per Share,Price to Book Ratio,TTM Sales per Share,Price to Sales Ratio,TTM FCF per Share,Price to FCF Ratio,TTM Net EPS,PE Ratio,Current Assets,Current Liabilities,Current Ratio,Long Term Debt,Shareholder's Equity_x,Debt to Equity Ratio,TTM Revenue_x,TTM Gross Profit,Gross Margin,TTM Revenue_y,TTM Operating Income,Operating Margin,TTM Revenue_x,TTM EBIT,EBIT Margin,TTM Revenue_y,TTM EBITDA,EBITDA Margin,TTM Revenue_x,TTM Pre-Tax Income,Pre-Tax Margin,TTM Revenue_y,TTM Net Income_x,Net Margin,TTM Net Income_y,Shareholder's Equity_y,Return on Equity,TTM Net Income_x,Tangible Equity,Return on Tangible Equity,TTM Net Income_y,Total Assets,Return on Assets,TTM Net Income,LT Investments & Debt,Return on Investment,revenue,cost-goods-sold,gross-profit,research-development-expenses,selling-general-administrative-expenses,operating-expenses,operating-income,total-non-operating-income-expense,pre-tax-income,total-provision-income-taxes,income-after-taxes,income-from-continuous-operations,net-income,ebitda,ebit,basic-shares-outstanding,shares-outstanding,eps-basic-net-earnings-per-share,eps-earnings-per-share-diluted,cash-on-hand,inventory,other-current-assets,total-current-assets,net-property-plant-equipment,long-term-investments,goodwill-intangible-assets-total,other-long-term-assets,total-long-term-assets,total-assets,total-current-liabilities,long-term-debt,other-non-current-liabilities,total-long-term-liabilities,total-liabilities,common-stock-net,retained-earnings-accumulated-deficit,comprehensive-income,total-share-holder-equity,total-liabilities-share-holders-equity,net-income-loss,total-depreciation-amortization-cash-flow,other-non-cash-items,total-non-cash-items,change-in-accounts-receivable,change-in-inventories,change-in-accounts-payable,change-in-assets-liabilities,total-change-in-assets-liabilities,cash-flow-from-operating-activities,net-change-in-property-plant-equipment,net-change-in-intangible-assets,net-acquisitions-divestitures,net-change-in-short-term-investments,net-change-in-long-term-investments,net-change-in-investments-total,investing-activities-other,cash-flow-from-investing-activities,net-long-term-debt,net-current-debt,debt-issuance-retirement-net-total,net-common-equity-issued-repurchased,net-total-equity-issued-repurchased,total-common-preferred-stock-dividends-paid,financial-activities-other,cash-flow-from-financial-activities,net-cash-flow,stock-based-compensation,common-stock-dividends-paid
0,2018-09-30,91.67,$10.48,8.74,$63.40,1.45,$9.92,9.24,$5.07,18.08,$2.85B,$1.81B,1.57,$1.87B,$1.12B,1.68,$7.10B,$1.10B,15.50%,$7.10B,$0.85B,12.02%,$7.10B,$0.86B,12.04%,$7.10B,$1.10B,15.46%,$7.10B,$0.76B,10.66%,$7.10B,$0.56B,7.91%,$0.56B,$1.12B,41.28%,$0.56B,$1.12B,41.28%,$0.56B,$5.68B,10.25%,$0.85B,$2.99B,29.95%,$1814,$1543,$271,$11,$37,$1591,$223,$-17,$206,$37,$169,$169,$169,$287,$223,$105,106,$1.61,$1.59,$684,$931,$549,$2848,$2123,$0,$0,$338,$2834,$5682,$1812,$1870,$819,$2754,$4566,$1,$2549,$-145,$1116,$5682,$439,$189,$-185,$4,$-122,$27,$0,$35,$124,$567,$-171,$0,$0,$0,$0,$0,$3,$-168,$739,$0,$739,$-806,$-806,$-35,$-39,$-141,$258,$20,$-35
1,2018-06-30,85.91,$8.96,9.58,$61.25,1.4,$10.34,8.31,$4.74,18.12,$2.83B,$1.85B,1.52,$1.86B,$0.96B,1.95,$7.04B,$1.09B,15.52%,$7.04B,$0.83B,11.85%,$7.04B,$0.84B,11.87%,$7.04B,$1.07B,15.19%,$7.04B,$0.75B,10.72%,$7.04B,$0.54B,7.67%,$0.54B,$0.96B,35.47%,$0.54B,$0.96B,35.47%,$0.54B,$5.61B,9.91%,$0.83B,$2.81B,29.68%,$1837,$1547,$290,$11,$61,$1619,$218,$-37,$181,$35,$145,$145,$145,$285,$218,$110,111,$1.32,$1.31,$691,$901,$552,$2826,$2103,$0,$0,$320,$2786,$5612,$1854,$1858,$877,$2803,$4657,$1,$2393,$-144,$955,$5612,$271,$125,$-110,$15,$-117,$58,$0,$46,$111,$397,$-109,$0,$0,$0,$0,$0,$0,$-109,$838,$0,$838,$-806,$-806,$-23,$-32,$-23,$265,$14,$-23
2,2018-03-31,83.59,$13.82,6.05,$60.15,1.39,$9.82,8.51,$2.95,28.33,$2.60B,$1.70B,1.53,$1.11B,$1.57B,0.71,$7.03B,$0.77B,11.00%,$7.03B,$0.52B,7.46%,$7.03B,$0.53B,7.47%,$7.03B,$0.75B,10.62%,$7.03B,$0.48B,6.85%,$7.03B,$0.34B,4.81%,$0.34B,$1.57B,19.46%,$0.34B,$1.57B,19.46%,$0.34B,$5.37B,6.25%,$0.52B,$2.69B,18.55%,$1736,$1511,$225,$9,$56,$1577,$160,$-7,$152,$28,$125,$125,$125,$217,$160,$113,114,$1.11,$1.10,$438,$930,$564,$2604,$2105,$0,$0,$305,$2767,$5370,$1702,$1113,$911,$2095,$3797,$1,$2260,$-114,$1573,$5370,$125,$58,$-48,$10,$-97,$45,$0,$-28,$31,$167,$-48,$0,$0,$0,$0,$0,$0,$-48,$-8,$0,$-8,$-74,$-74,$-12,$-13,$-106,$13,$7,$-12
3,2017-12-31,87.03,$15.74,5.53,$58.97,1.48,$9.38,9.28,$3.02,28.82,$2.65B,$1.62B,1.64,$1.12B,$1.80B,0.62,$6.98B,$0.82B,11.76%,$6.98B,$0.57B,8.13%,$6.98B,$0.57B,8.15%,$6.98B,$0.79B,11.27%,$6.98B,$0.54B,7.66%,$6.98B,$0.36B,5.08%,$0.36B,$1.80B,19.30%,$0.36B,$1.80B,19.30%,$0.36B,$5.27B,6.53%,$0.57B,$2.92B,19.48%,$1715,$1400,$315,$10,$50,$1460,$255,$-37,$218,$95,$123,$123,$123,$311,$255,$117,118,$1.06,$1.06,$426,$1450,$54,$2651,$2105,$0,$0,$164,$2617,$5268,$1621,$1120,$524,$1845,$3466,$1,$2422,$-129,$1802,$5268,$355,$218,$24,$241,$-49,$320,$0,$-487,$-23,$574,$-273,$0,$0,$0,$0,$0,$-0,$-273,$-28,$0,$-28,$-496,$-496,$-47,$-10,$-581,$-274,$22,$-47
4,2017-09-30,77.43,$15.22,5.09,$56.79,1.36,$10.47,7.39,$2.84,27.27,$3.01B,$1.94B,1.56,$1.06B,$1.76B,0.6,$6.84B,$0.74B,10.87%,$6.84B,$0.48B,6.95%,$6.84B,$0.48B,6.95%,$6.84B,$0.70B,10.21%,$6.84B,$0.47B,6.87%,$6.84B,$0.34B,4.97%,$0.34B,$1.76B,18.17%,$0.34B,$1.76B,18.17%,$0.34B,$5.54B,6.22%,$0.48B,$2.82B,16.20%,$1748,$1487,$262,$10,$50,$1546,$202,$1,$203,$56,$147,$147,$147,$257,$202,$116,117,$1.27,$1.26,$730,$1363,$67,$3012,$2019,$0,$0,$197,$2525,$5537,$1936,$1061,$574,$1842,$3778,$1,$2311,$-153,$1759,$5537,$232,$162,$3,$165,$-178,$434,$0,$-169,$228,$625,$-139,$0,$0,$0,$0,$0,$0,$-138,$-15,$0,$-15,$-402,$-402,$-36,$-7,$-460,$32,$16,$-36
5,2017-06-30,57.65,$15.31,3.77,$55.51,1.04,$9.66,5.97,$2.74,21.04,$2.96B,$1.84B,1.61,$1.06B,$1.81B,0.59,$6.80B,$0.75B,11.07%,$6.80B,$0.49B,7.16%,$6.80B,$0.49B,7.16%,$6.80B,$0.71B,10.44%,$6.80B,$0.47B,6.90%,$6.80B,$0.34B,4.97%,$0.34B,$1.81B,17.94%,$0.34B,$1.81B,17.94%,$0.34B,$5.46B,6.23%,$0.49B,$2.87B,16.52%,$1826,$1855,$-29,$7,$47,$1918,$-92,$0,$-92,$-35,$-57,$-57,$-57,$-38,$-92,$118,118,$-0.48,$-0.48,$701,$1326,$107,$2958,$1991,$0,$0,$213,$2505,$5463,$1838,$1061,$596,$1813,$3651,$1,$2187,$-167,$1812,$5463,$85,$107,$-7,$100,$-157,$439,$0,$-193,$149,$334,$-88,$0,$0,$0,$0,$0,$0,$-88,$-8,$0,$-8,$-208,$-208,$-24,$-6,$-246,$4,$11,$-24
6,2017-03-31,57.53,$16.45,3.5,$54.21,1.06,$9.15,6.28,$3.57,16.12,$3.00B,$1.60B,1.87,$1.06B,$1.99B,0.54,$6.81B,$0.94B,13.81%,$6.81B,$0.66B,9.73%,$6.81B,$0.66B,9.73%,$6.81B,$0.90B,13.18%,$6.81B,$0.61B,9.02%,$6.81B,$0.44B,6.47%,$0.44B,$1.99B,22.79%,$0.44B,$1.99B,22.79%,$0.44B,$5.47B,8.03%,$0.66B,$3.05B,22.09%,$1694,$1421,$273,$5,$53,$1490,$204,$1,$206,$64,$142,$142,$142,$258,$204,$120,121,$1.19,$1.17,$678,$1473,$29,$2998,$1986,$0,$0,$194,$2471,$5469,$1602,$1064,$645,$1883,$3484,$1,$2244,$-183,$1985,$5469,$142,$53,$23,$76,$-158,$46,$0,$-66,$-106,$112,$-41,$0,$0,$0,$0,$0,$0,$-41,$7,$0,$7,$-82,$-82,$-12,$-5,$-92,$-20,$8,$-12
7,2016-12-31,57.86,$15.86,3.65,$52.85,1.09,$8.89,6.51,$3.69,15.68,$2.91B,$1.54B,1.89,$1.06B,$1.93B,0.55,$6.79B,$0.99B,14.57%,$6.79B,$0.73B,10.67%,$6.79B,$0.73B,10.67%,$6.79B,$0.95B,14.03%,$6.79B,$0.66B,9.73%,$6.79B,$0.47B,6.92%,$0.47B,$1.93B,23.92%,$0.47B,$1.93B,23.92%,$0.47B,$5.41B,8.45%,$0.73B,$2.99B,23.88%,$1570,$1333,$237,$8,$56,$1409,$161,$-8,$153,$44,$108,$108,$108,$221,$161,$126,127,$0.91,$0.90,$698,$1515,$37,$2910,$1992,$0,$0,$221,$2495,$5405,$1544,$1060,$682,$1932,$3476,$1,$2114,$-187,$1929,$5405,$470,$228,$57,$285,$-139,$208,$0,$-109,$-37,$717,$-253,$0,$0,$0,$0,$0,$0,$-253,$-37,$0,$-37,$-650,$-650,$0,$-33,$-719,$-260,$43,$0
8,2016-09-30,44.09,$14.87,2.96,$52.03,0.85,$11.93,3.7,$3.81,11.57,$2.93B,$1.53B,1.92,$1.07B,$1.81B,0.59,$6.83B,$1.03B,15.03%,$6.83B,$0.77B,11.27%,$6.83B,$0.77B,11.27%,$6.83B,$0.99B,14.43%,$6.83B,$0.70B,10.26%,$6.83B,$0.50B,7.33%,$0.50B,$1.81B,24.90%,$0.50B,$1.81B,24.90%,$0.50B,$5.36B,8.87%,$0.77B,$2.88B,24.92%,$1711,$1439,$272,$5,$52,$1497,$214,$-13,$202,$57,$145,$145,$145,$269,$214,$124,125,$1.16,$1.16,$670,$1488,$25,$2932,$1935,$0,$0,$238,$2429,$5361,$1528,$1071,$714,$2024,$3552,$1,$2018,$-203,$1809,$5361,$362,$168,$75,$242,$-221,$257,$0,$-51,$-29,$574,$-156,$0,$0,$0,$0,$0,$0,$-156,$-17,$0,$-17,$-650,$-650,$0,$-33,$-699,$-287,$36,$0
9,2016-06-30,42.57,$15.49,2.75,$49.74,0.86,$13.98,3.05,$4.89,8.7,$3.25B,$1.61B,2.02,$1.07B,$2.00B,0.54,$6.72B,$1.01B,15.01%,$6.72B,$0.75B,11.14%,$6.72B,$0.75B,11.14%,$6.72B,$0.95B,14.21%,$6.72B,$0.68B,10.07%,$6.72B,$0.67B,9.98%,$0.67B,$2.00B,31.66%,$0.67B,$2.00B,31.66%,$0.67B,$5.68B,11.57%,$0.75B,$3.07B,23.36%,$1830,$1672,$158,$4,$70,$1747,$83,$-30,$53,$9,$45,$45,$45,$149,$83,$129,129,$0.35,$0.35,$887,$1547,$57,$3247,$1937,$0,$0,$250,$2436,$5683,$1607,$1072,$757,$2076,$3684,$1,$1873,$-195,$1999,$5683,$216,$114,$66,$179,$-224,$185,$0,$-41,$-87,$309,$-105,$0,$0,$0,$0,$0,$0,$-105,$76,$0,$76,$-318,$-318,$0,$-114,$-356,$-157,$29,$0
10,2016-03-31,44.9,$16.01,2.81,$47.71,0.94,$16.78,2.68,$5.65,7.95,$3.34B,$1.54B,2.17,$1.08B,$2.12B,0.51,$6.58B,$1.14B,17.33%,$6.58B,$0.90B,13.59%,$6.58B,$0.90B,13.59%,$6.58B,$1.08B,16.42%,$6.58B,$0.85B,12.89%,$6.58B,$0.78B,11.85%,$0.78B,$2.12B,37.03%,$0.78B,$2.12B,37.03%,$0.78B,$5.79B,13.53%,$0.90B,$3.20B,27.94%,$1682,$1359,$323,$6,$50,$1415,$267,$-14,$253,$82,$171,$172,$172,$314,$267,$132,133,$1.30,$1.29,$823,$1808,$28,$3342,$1947,$0,$0,$255,$2445,$5787,$1539,$1083,$802,$2128,$3666,$1,$1828,$-169,$2121,$5787,$172,$48,$44,$91,$-149,$-51,$0,$-5,$-169,$94,$-50,$0,$0,$0,$0,$0,$0,$-50,$-8,$0,$-8,$-165,$-165,$0,$-3,$-175,$-134,$5,$0
11,2015-12-31,49.57,$15.63,3.17,$47.45,1.04,$19.18,2.58,$5.66,8.76,$3.30B,$1.46B,2.26,$1.09B,$2.12B,0.51,$6.64B,$1.11B,16.74%,$6.64B,$0.86B,12.99%,$6.64B,$0.86B,12.99%,$6.64B,$1.05B,15.82%,$6.64B,$0.81B,12.15%,$6.64B,$0.79B,11.89%,$0.79B,$2.12B,39.02%,$0.79B,$2.12B,39.02%,$0.79B,$5.77B,14.01%,$0.86B,$3.21B,27.58%,$1609,$1335,$274,$8,$61,$1404,$206,$-12,$193,$55,$138,$139,$139,$254,$206,$138,139,$1.02,$1.01,$957,$1774,$30,$3299,$1951,$0,$0,$268,$2465,$5765,$1458,$1085,$781,$2186,$3645,$1,$1656,$-161,$2120,$5765,$789,$188,$-157,$31,$62,$-44,$0,$339,$470,$1290,$-357,$0,$0,$0,$0,$0,$0,$-357,$-36,$0,$-36,$-300,$-300,$0,$-15,$-351,$579,$26,$0
12,2015-09-30,47.85,$16.42,2.91,$47.02,1.02,$13.50,3.55,$3.88,12.33,$3.59B,$1.50B,2.39,$1.11B,$2.22B,0.5,$6.61B,$1.11B,16.84%,$6.61B,$0.38B,5.81%,$6.61B,$0.38B,5.81%,$6.61B,$0.57B,8.62%,$6.61B,$0.32B,4.89%,$6.61B,$0.55B,8.28%,$0.55B,$2.22B,28.79%,$0.55B,$2.22B,28.79%,$0.55B,$5.94B,9.97%,$0.38B,$3.33B,12.72%,$1594,$1341,$253,$7,$55,$1402,$192,$-14,$177,$-136,$313,$313,$314,$237,$192,$139,140,$2.25,$2.24,$1043,$1792,$99,$3589,$1875,$0,$0,$250,$2348,$5938,$1504,$1105,$885,$2209,$3713,$1,$1518,$-165,$2224,$5938,$650,$140,$-208,$-68,$24,$-54,$0,$275,$387,$969,$-215,$0,$0,$0,$0,$0,$0,$-215,$-29,$0,$-29,$-46,$-46,$0,$-15,$-90,$665,$19,$0
13,2015-06-30,54.56,$14.29,3.82,$47.75,1.14,$9.50,5.74,$2.84,19.21,$3.41B,$1.35B,2.53,$1.11B,$1.96B,0.57,$6.71B,$1.14B,16.92%,$6.71B,$0.41B,6.08%,$6.71B,$0.41B,6.08%,$6.71B,$0.59B,8.86%,$6.71B,$0.34B,5.04%,$6.71B,$0.40B,5.98%,$0.40B,$1.96B,22.30%,$0.40B,$1.96B,22.30%,$0.40B,$5.58B,7.49%,$0.41B,$3.07B,13.93%,$1699,$1408,$291,$7,$54,$1468,$230,$-4,$226,$72,$155,$155,$155,$276,$230,$139,140,$1.11,$1.11,$959,$1758,$95,$3408,$1827,$0,$0,$125,$2169,$5577,$1346,$1113,$963,$2270,$3616,$1,$1204,$-153,$1961,$5577,$337,$95,$-5,$90,$40,$-1,$0,$164,$302,$729,$-115,$0,$0,$0,$0,$0,$0,$-115,$-17,$0,$-17,$0,$0,$0,$-15,$-32,$581,$12,$0
14,2015-03-31,51.68,$13.03,3.97,$48.28,1.07,$5.97,8.66,$2.74,18.86,$3.16B,$1.23B,2.58,$1.12B,$1.79B,0.62,$6.81B,$1.12B,16.46%,$6.81B,$0.39B,5.78%,$6.81B,$0.39B,5.78%,$6.81B,$0.58B,8.51%,$6.81B,$0.31B,4.59%,$6.81B,$0.39B,5.71%,$0.39B,$1.79B,22.57%,$0.39B,$1.79B,22.57%,$0.39B,$5.27B,7.39%,$0.39B,$2.91B,13.76%,$1742,$1448,$294,$7,$52,$1507,$235,$-24,$211,$29,$182,$182,$182,$284,$235,$139,140,$1.31,$1.30,$750,$1702,$69,$3161,$1777,$0,$0,$125,$2112,$5273,$1228,$1115,$993,$2251,$3478,$1,$1049,$-168,$1794,$5273,$182,$49,$7,$56,$0,$34,$0,$55,$186,$424,$-40,$0,$0,$0,$0,$0,$0,$-40,$-7,$0,$-7,$0,$0,$0,$-5,$-12,$372,$7,$0
15,2014-12-31,42.61,$11.50,3.71,$47.90,0.89,$3.18,13.39,$2.51,16.97,$3.05B,$1.26B,2.43,$1.14B,$1.62B,0.71,$6.80B,$1.09B,16.00%,$6.80B,$0.35B,5.19%,$6.80B,$0.35B,5.19%,$6.80B,$0.55B,8.12%,$6.80B,$0.26B,3.85%,$6.80B,$0.36B,5.28%,$0.36B,$1.62B,21.32%,$0.36B,$1.62B,21.32%,$0.36B,$5.16B,6.81%,$0.35B,$2.77B,12.46%,$1574,$1300,$275,$8,$69,$1847,$-273,$-18,$-291,$-185,$-106,$-106,$-104,$-227,$-273,$140,142,$-0.75,$-0.75,$378,$1753,$262,$3052,$1784,$0,$0,$124,$2111,$5163,$1259,$1144,$1037,$2282,$3541,$1,$868,$-154,$1622,$5163,$359,$199,$467,$666,$-65,$-332,$0,$-140,$-663,$362,$-220,$0,$0,$0,$0,$0,$-20,$-240,$-17,$0,$-17,$-129,$-129,$0,$-18,$-164,$-43,$16,$0
16,2014-09-30,37.68,$13.22,2.85,$47.36,0.8,$2.10,17.94,$-0.87,0.0,$3.23B,$1.30B,2.49,$1.15B,$1.82B,0.63,$6.72B,$0.56B,8.39%,$6.72B,$0.31B,4.54%,$6.72B,$0.31B,4.54%,$6.72B,$0.50B,7.44%,$6.72B,$0.22B,3.26%,$6.72B,$-0.12B,-1.85%,$-0.12B,$1.82B,-7.52%,$-0.12B,$1.82B,-7.52%,$-0.12B,$5.41B,-2.36%,$0.31B,$2.96B,10.89%,$1693,$1418,$275,$9,$50,$1477,$216,$-24,$192,$24,$168,$168,$168,$261,$216,$139,140,$1.21,$1.20,$453,$1886,$47,$3227,$1785,$0,$0,$116,$2178,$5405,$1296,$1147,$1045,$2294,$3590,$1,$974,$-64,$1815,$5405,$465,$153,$-11,$142,$-264,$-123,$0,$9,$-279,$328,$-134,$0,$0,$0,$0,$0,$0,$-134,$-15,$0,$-15,$-129,$-129,$0,$-18,$-162,$32,$13,$0
17,2014-06-30,33.36,$12.48,2.67,$45.75,0.73,$0.76,43.61,$-1.42,0.0,$3.04B,$1.24B,2.46,$1.15B,$1.66B,0.69,$6.53B,$0.40B,6.19%,$6.53B,$0.14B,2.13%,$6.53B,$0.14B,2.13%,$6.53B,$0.33B,5.07%,$6.53B,$0.07B,1.04%,$6.53B,$-0.20B,-3.03%,$-0.20B,$1.66B,-11.73%,$-0.20B,$1.66B,-11.73%,$-0.20B,$5.22B,-3.75%,$0.14B,$2.81B,4.89%,$1803,$1526,$277,$7,$54,$1587,$216,$-15,$201,$58,$143,$143,$143,$262,$216,$141,142,$1.01,$1.01,$382,$1875,$25,$3038,$1793,$0,$0,$121,$2184,$5221,$1235,$1150,$1072,$2324,$3559,$1,$806,$-44,$1662,$5221,$297,$108,$-16,$92,$-172,$-74,$0,$-13,$-179,$210,$-89,$0,$0,$0,$0,$0,$0,$-89,$-12,$0,$-12,$0,$0,$0,$-148,$-160,$-39,$8,$0
18,2014-03-31,27.91,$11.32,2.47,$43.85,0.64,$-0.82,0.0,$-3.90,0.0,$3.12B,$1.33B,2.35,$1.15B,$1.64B,0.7,$6.25B,$-0.04B,-0.69%,$6.25B,$-0.32B,-5.06%,$6.25B,$-0.32B,-5.06%,$6.25B,$-0.13B,-2.03%,$6.25B,$-0.39B,-6.21%,$6.25B,$-0.55B,-8.80%,$-0.55B,$1.64B,-31.61%,$-0.55B,$1.64B,-31.61%,$-0.55B,$5.30B,-10.34%,$-0.32B,$2.79B,-10.92%,$1729,$1467,$261,$6,$61,$1534,$194,$-34,$160,$7,$153,$154,$152,$256,$194,$142,144,$1.08,$1.07,$455,$1869,$23,$3117,$1801,$0,$0,$122,$2185,$5302,$1328,$1153,$1082,$2336,$3664,$2,$662,$-54,$1638,$5302,$154,$62,$-6,$56,$-197,$-52,$0,$-17,$-164,$45,$-53,$0,$0,$0,$0,$0,$0,$-53,$63,$0,$63,$0,$0,$0,$-92,$-28,$-39,$4,$0
19,2013-12-31,33.74,$10.52,3.21,$41.90,0.81,$-1.64,0.0,$-4.40,0.0,$2.94B,$1.34B,2.2,$1.15B,$1.48B,0.78,$5.96B,$-0.10B,-1.66%,$5.96B,$-0.37B,-6.14%,$5.96B,$-0.37B,-6.14%,$5.96B,$-0.20B,-3.29%,$5.96B,$-0.43B,-7.23%,$5.96B,$-0.62B,-10.42%,$-0.62B,$1.48B,-33.59%,$-0.62B,$1.48B,-33.59%,$-0.62B,$5.11B,-11.55%,$-0.37B,$2.63B,-12.18%,$1494,$1744,$-249,$11,$50,$1815,$-321,$-14,$-334,$253,$-588,$-587,$-587,$-279,$-321,$141,141,$-4.16,$-4.15,$421,$1843,$103,$2944,$1803,$0,$0,$107,$2163,$5107,$1336,$1151,$1039,$2291,$3626,$1,$509,$-55,$1481,$5107,$-621,$168,$175,$343,$-129,$666,$0,$-21,$539,$261,$-272,$0,$0,$0,$0,$0,$4,$-268,$-10,$0,$-10,$0,$0,$0,$-4,$-14,$-20,$20,$0
20,2013-09-30,24.0,$13.63,1.76,$41.32,0.58,$0.52,46.41,$0.18,133.31,$3.27B,$1.25B,2.61,$1.15B,$1.97B,0.59,$5.89B,$0.33B,5.52%,$5.89B,$0.05B,0.90%,$5.89B,$0.05B,0.90%,$5.89B,$0.22B,3.75%,$5.89B,$-0.02B,-0.36%,$5.89B,$0.03B,0.44%,$0.03B,$1.97B,1.31%,$0.03B,$1.97B,1.31%,$0.03B,$5.51B,0.48%,$0.05B,$3.12B,1.69%,$1504,$1388,$115,$8,$53,$1453,$51,$-10,$41,$-53,$94,$94,$94,$92,$51,$141,143,$0.66,$0.65,$436,$2120,$19,$3267,$1767,$0,$0,$92,$2245,$5513,$1251,$1153,$1026,$2290,$3541,$1,$1093,$-147,$1972,$5513,$-35,$126,$-106,$20,$-207,$331,$0,$9,$214,$199,$-191,$0,$0,$0,$0,$0,$-1,$-192,$-8,$0,$-8,$0,$0,$0,$-4,$-12,$-5,$16,$0
21,2013-06-30,21.26,$12.92,1.65,$40.58,0.52,$0.94,22.74,$-1.41,0.0,$3.21B,$1.18B,2.72,$1.16B,$1.87B,0.62,$5.75B,$-0.17B,-2.97%,$5.75B,$-0.21B,-3.60%,$5.75B,$-0.21B,-3.60%,$5.75B,$-0.04B,-0.75%,$5.75B,$-0.29B,-4.95%,$5.75B,$-0.20B,-3.51%,$-0.20B,$1.87B,-10.23%,$-0.20B,$1.87B,-10.23%,$-0.20B,$5.36B,-3.73%,$-0.21B,$3.03B,-6.59%,$1521,$1690,$-170,$9,$54,$1759,$-239,$-16,$-255,$-45,$-210,$-209,$-209,$-196,$-239,$141,141,$-1.47,$-1.47,$317,$2187,$44,$3209,$1739,$0,$0,$87,$2146,$5355,$1180,$1158,$1036,$2306,$3486,$1,$1004,$-158,$1869,$5355,$-128,$84,$-28,$56,$-184,$276,$0,$-10,$87,$14,$-119,$0,$0,$0,$0,$0,$-13,$-132,$-4,$0,$-4,$0,$0,$0,$0,$-4,$-124,$12,$0
22,2013-03-31,18.8,$14.42,1.3,$39.21,0.48,$1.89,9.95,$0.30,62.66,$3.48B,$1.14B,3.06,$1.16B,$2.07B,0.56,$5.57B,$0.18B,3.28%,$5.57B,$0.11B,2.05%,$5.57B,$0.11B,2.05%,$5.57B,$0.29B,5.24%,$5.57B,$0.02B,0.36%,$5.57B,$0.04B,0.75%,$0.04B,$2.07B,2.07%,$0.04B,$2.07B,2.07%,$0.04B,$5.53B,0.77%,$0.11B,$3.24B,3.57%,$1442,$1237,$205,$8,$44,$1298,$145,$-27,$117,$36,$81,$81,$81,$187,$145,$141,143,$0.57,$0.57,$313,$2493,$24,$3479,$1718,$0,$0,$83,$2055,$5534,$1136,$1163,$1056,$2325,$3461,$1,$1213,$-159,$2072,$5534,$81,$42,$28,$70,$-168,$-94,$0,$2,$-196,$-45,$-80,$0,$0,$0,$0,$0,$2,$-78,$-3,$0,$-3,$0,$0,$0,$0,$-3,$-128,$4,$0
23,2012-12-31,16.8,$13.90,1.21,$38.02,0.44,$2.48,6.78,$0.25,67.2,$3.36B,$1.07B,3.15,$1.17B,$2.00B,0.58,$5.40B,$0.15B,2.83%,$5.40B,$0.09B,1.70%,$5.40B,$0.09B,1.70%,$5.40B,$0.26B,4.87%,$5.40B,$0.01B,0.20%,$5.40B,$0.04B,0.65%,$0.04B,$2.00B,1.73%,$0.04B,$2.00B,1.73%,$0.04B,$5.42B,0.65%,$0.09B,$3.16B,2.89%,$1426,$1251,$175,$13,$46,$1328,$98,$-22,$76,$15,$61,$61,$60,$138,$98,$141,143,$0.41,$0.42,$441,$2411,$26,$3355,$1699,$0,$0,$91,$2060,$5415,$1067,$1166,$1079,$2351,$3418,$1,$1128,$-145,$1997,$5415,$35,$171,$-104,$67,$-151,$228,$0,$255,$443,$544,$-247,$0,$0,$0,$0,$0,$-1,$-249,$-23,$0,$-23,$0,$0,$0,$-11,$-35,$263,$15,$0
24,2012-09-30,21.99,$13.66,1.61,$36.59,0.6,$-1.69,0.0,$0.24,91.61,$3.34B,$1.04B,3.22,$1.17B,$1.96B,0.6,$5.19B,$0.13B,2.50%,$5.19B,$0.10B,1.85%,$5.19B,$0.10B,1.85%,$5.19B,$0.26B,4.99%,$5.19B,$0.02B,0.44%,$5.19B,$0.03B,0.62%,$0.03B,$1.96B,1.59%,$0.03B,$1.96B,1.59%,$0.03B,$5.37B,0.61%,$0.10B,$3.13B,3.02%,$1365,$1747,$-381,$7,$41,$1576,$-211,$-12,$-223,$-88,$-134,$-134,$-134,$-172,$-211,$140,140,$-0.94,$-0.94,$222,$2369,$174,$3341,$1657,$0,$0,$93,$2033,$5374,$1037,$1168,$1085,$2375,$3412,$1,$1067,$-116,$1962,$5374,$-26,$131,$-97,$34,$-243,$273,$0,$125,$228,$236,$-169,$0,$0,$0,$0,$0,$6,$-163,$-20,$0,$-20,$0,$0,$0,$-10,$-30,$44,$12,$0
25,2012-06-30,23.59,$14.51,1.63,$34.79,0.68,$-4.55,0.0,$1.65,14.3,$3.55B,$1.02B,3.48,$1.17B,$2.08B,0.56,$4.96B,$0.68B,13.68%,$4.96B,$0.43B,8.60%,$4.96B,$0.43B,8.60%,$4.96B,$0.59B,11.86%,$4.96B,$0.35B,6.98%,$4.96B,$0.23B,4.70%,$0.23B,$2.08B,11.57%,$0.23B,$2.08B,11.57%,$0.23B,$5.44B,4.50%,$0.43B,$3.25B,13.40%,$1341,$1157,$184,$7,$40,$1259,$83,$-32,$50,$15,$35,$35,$35,$139,$83,$140,143,$0.25,$0.24,$180,$2801,$40,$3552,$1623,$0,$0,$93,$1890,$5442,$1022,$1168,$1048,$2335,$3357,$1,$1202,$-125,$2084,$5442,$109,$92,$12,$103,$-202,$-172,$0,$285,$-79,$133,$-103,$0,$0,$0,$0,$0,$-1,$-103,$-17,$0,$-17,$0,$0,$0,$-10,$-27,$2,$9,$0
26,2012-03-31,24.21,$14.33,1.69,$35.69,0.68,$-7.05,0.0,$1.62,14.95,$3.36B,$0.91B,3.68,$1.15B,$2.05B,0.56,$5.08B,$0.61B,11.91%,$5.08B,$0.41B,8.03%,$5.08B,$0.41B,8.03%,$5.08B,$0.55B,10.80%,$5.08B,$0.34B,6.65%,$5.08B,$0.23B,4.49%,$0.23B,$2.05B,11.60%,$0.23B,$2.05B,11.60%,$0.23B,$5.25B,4.53%,$0.41B,$3.20B,13.02%,$1266,$1091,$175,$7,$45,$1144,$122,$-15,$108,$34,$74,$74,$74,$158,$122,$140,143,$0.52,$0.52,$134,$2739,$15,$3359,$1626,$0,$0,$94,$1892,$5251,$913,$1152,$1018,$2290,$3203,$1,$1167,$-121,$2048,$5251,$74,$36,$4,$39,$-144,$-103,$0,$138,$-101,$12,$-53,$0,$0,$0,$0,$0,$-1,$-54,$-3,$0,$-3,$0,$0,$0,$0,$-2,$-44,$4,$0
27,2011-12-31,20.57,$13.75,1.5,$34.20,0.6,$-7.95,0.0,$1.34,15.35,$3.16B,$0.91B,3.46,$1.15B,$1.97B,0.59,$4.87B,$0.55B,11.35%,$4.87B,$0.36B,7.32%,$4.87B,$0.36B,7.32%,$4.87B,$0.50B,10.20%,$4.87B,$0.28B,5.76%,$4.87B,$0.19B,3.88%,$0.19B,$1.97B,9.86%,$0.19B,$1.97B,9.86%,$0.19B,$5.04B,3.78%,$0.36B,$3.12B,11.50%,$1219,$1067,$152,$9,$41,$1117,$102,$-14,$88,$27,$61,$60,$57,$135,$102,$139,142,$0.42,$0.43,$178,$2631,$28,$3156,$1616,$0,$0,$96,$1887,$5042,$914,$1152,$893,$2164,$3078,$1,$1093,$-126,$1965,$5042,$192,$140,$13,$153,$-65,$-122,$0,$-372,$-393,$-47,$-249,$0,$0,$0,$0,$0,$0,$-249,$-8,$0,$-8,$0,$0,$0,$1,$-7,$-304,$11,$0
28,2011-09-30,15.79,$13.69,1.15,$33.23,0.48,$-7.02,0.0,$1.36,11.61,$3.14B,$0.82B,3.82,$1.19B,$1.96B,0.61,$4.72B,$0.55B,11.70%,$4.72B,$0.35B,7.42%,$4.72B,$0.35B,7.42%,$4.72B,$0.49B,10.43%,$4.72B,$0.27B,5.70%,$4.72B,$0.19B,4.11%,$0.19B,$1.96B,10.33%,$0.19B,$1.96B,10.33%,$0.19B,$4.99B,3.86%,$0.35B,$3.15B,11.42%,$1130,$963,$167,$8,$38,$1009,$121,$-21,$100,$32,$68,$67,$67,$157,$121,$139,142,$0.48,$0.47,$138,$2572,$34,$3142,$1542,$0,$0,$98,$1850,$4992,$824,$1190,$912,$2213,$3036,$1,$1033,$-73,$1955,$4992,$132,$108,$24,$131,$-128,$-61,$0,$-373,$-439,$-176,$-164,$0,$0,$0,$0,$0,$0,$-164,$-5,$0,$-5,$0,$0,$0,$1,$-4,$-343,$9,$0
29,2011-06-30,21.78,$13.24,1.64,$32.36,0.67,$-7.61,0.0,$1.22,17.85,$3.03B,$0.76B,3.99,$1.19B,$1.89B,0.63,$4.59B,$0.52B,11.31%,$4.59B,$0.31B,6.80%,$4.59B,$0.31B,6.80%,$4.59B,$0.45B,9.81%,$4.59B,$0.24B,5.25%,$4.59B,$0.17B,3.77%,$0.17B,$1.89B,9.45%,$0.17B,$1.89B,9.45%,$0.17B,$4.86B,3.51%,$0.31B,$3.08B,10.49%,$1466,$1355,$111,$6,$41,$1402,$64,$-22,$42,$12,$30,$30,$30,$100,$64,$139,142,$0.21,$0.21,$154,$2440,$30,$3032,$1498,$0,$0,$101,$1823,$4855,$761,$1185,$908,$2203,$2964,$1,$965,$-66,$1891,$4855,$65,$71,$-1,$70,$-144,$76,$0,$-323,$-377,$-242,$-84,$0,$0,$0,$0,$0,$0,$-84,$-4,$0,$-4,$0,$0,$0,$1,$-3,$-328,$5,$0
30,2011-03-31,25.41,$13.05,1.95,$29.59,0.86,$-7.09,0.0,$1.40,18.15,$3.33B,$1.13B,2.94,$1.19B,$1.86B,0.64,$4.18B,$0.54B,13.02%,$4.18B,$0.33B,7.99%,$4.18B,$0.33B,7.99%,$4.18B,$0.47B,11.17%,$4.18B,$0.27B,6.56%,$4.18B,$0.20B,4.74%,$0.20B,$1.86B,11.11%,$0.20B,$1.86B,11.11%,$0.20B,$5.13B,4.08%,$0.33B,$3.04B,11.72%,$1050,$928,$122,$13,$39,$980,$70,$-19,$50,$15,$35,$35,$35,$105,$70,$139,142,$0.25,$0.24,$311,$2653,$27,$3334,$1480,$0,$0,$106,$1800,$5133,$1134,$1186,$853,$2142,$3276,$2,$935,$-66,$1857,$5133,$35,$36,$6,$41,$-82,$-140,$0,$-44,$-204,$-128,$-41,$0,$0,$0,$0,$0,$0,$-41,$-2,$0,$-2,$0,$0,$0,$0,$-2,$-171,$2,$0
31,2010-12-31,20.6,$12.74,1.62,$29.63,0.7,$-7.18,0.0,$1.56,13.21,$3.30B,$1.16B,2.83,$1.19B,$1.81B,0.66,$4.17B,$0.56B,13.52%,$4.17B,$0.36B,8.56%,$4.17B,$0.36B,8.56%,$4.17B,$0.49B,11.63%,$4.17B,$0.30B,7.14%,$4.17B,$0.22B,5.25%,$0.22B,$1.81B,12.70%,$0.22B,$1.81B,12.70%,$0.22B,$5.10B,4.68%,$0.36B,$3.00B,13.14%,$1071,$919,$152,$16,$40,$975,$96,$-19,$77,$15,$62,$62,$62,$130,$96,$138,141,$0.43,$0.43,$482,$2508,$57,$3295,$1470,$0,$0,$110,$1807,$5102,$1164,$1187,$838,$2127,$3291,$1,$901,$-75,$1811,$5102,$219,$128,$57,$185,$-42,$-300,$0,$32,$-279,$125,$-288,$0,$0,$0,$0,$0,$-1,$-288,$290,$0,$290,$0,$0,$0,$-13,$277,$113,$29,$0
32,2010-09-30,19.73,$12.40,1.59,$29.74,0.66,$-7.75,0.0,$1.48,13.33,$2.91B,$0.92B,3.17,$1.02B,$1.76B,0.58,$4.18B,$0.55B,13.07%,$4.18B,$0.35B,8.28%,$4.18B,$0.35B,8.28%,$4.18B,$0.47B,11.34%,$4.18B,$0.29B,7.01%,$4.18B,$0.21B,4.95%,$0.21B,$1.76B,12.44%,$0.21B,$1.76B,12.44%,$0.21B,$4.65B,4.57%,$0.35B,$2.78B,13.40%,$1002,$869,$134,$13,$39,$920,$82,$-10,$72,$25,$47,$46,$46,$115,$82,$138,142,$0.33,$0.33,$66,$2479,$13,$2906,$1392,$0,$0,$81,$1742,$4648,$917,$1016,$847,$1970,$2887,$1,$839,$-58,$1761,$4648,$157,$94,$4,$98,$-131,$-268,$0,$-160,$-494,$-239,$-183,$0,$0,$0,$0,$0,$-1,$-184,$-8,$125,$117,$0,$0,$0,$5,$122,$-303,$24,$0
33,2010-06-30,18.87,$12.04,1.57,$30.18,0.63,$-7.41,0.0,$1.77,10.66,$2.86B,$0.99B,2.88,$0.89B,$1.70B,0.52,$4.23B,$0.59B,13.90%,$4.23B,$0.40B,9.34%,$4.23B,$0.40B,9.34%,$4.23B,$0.52B,12.31%,$4.23B,$0.34B,8.11%,$4.23B,$0.25B,5.86%,$0.25B,$1.70B,15.61%,$0.25B,$1.70B,15.61%,$0.25B,$4.54B,5.59%,$0.40B,$2.59B,15.98%,$1056,$920,$136,$13,$38,$970,$86,$-11,$75,$20,$55,$55,$55,$117,$86,$138,140,$0.40,$0.39,$118,$2375,$37,$2855,$1357,$0,$0,$62,$1688,$4543,$992,$887,$858,$1851,$2843,$2,$792,$-69,$1700,$4543,$111,$62,$10,$71,$-120,$-172,$0,$-84,$-299,$-117,$-131,$0,$0,$0,$0,$0,$-1,$-131,$-6,$0,$-6,$0,$0,$0,$3,$-3,$-251,$22,$0
34,2010-03-31,23.14,$11.53,2.01,$30.33,0.76,$-7.98,0.0,$1.32,17.53,$2.78B,$0.97B,2.88,$0.89B,$1.62B,0.55,$4.24B,$0.49B,11.57%,$4.24B,$0.30B,7.06%,$4.24B,$0.30B,7.06%,$4.24B,$0.43B,10.06%,$4.24B,$0.25B,6.00%,$4.24B,$0.19B,4.37%,$0.19B,$1.62B,12.28%,$0.19B,$1.62B,12.28%,$0.19B,$4.44B,4.29%,$0.30B,$2.51B,12.72%,$1043,$901,$142,$10,$39,$950,$93,$-19,$74,$18,$56,$56,$56,$123,$93,$137,140,$0.40,$0.40,$187,$2286,$18,$2783,$1320,$0,$0,$73,$1658,$4441,$965,$888,$863,$1854,$2819,$1,$737,$-69,$1623,$4441,$56,$30,$-4,$27,$-79,$-88,$0,$-65,$-192,$-110,$-69,$0,$0,$0,$0,$0,$-1,$-70,$-2,$0,$-2,$0,$0,$0,$0,$-2,$-182,$2,$0
35,2009-12-31,19.66,$11.18,1.76,$29.25,0.67,$-8.16,0.0,$1.37,14.35,$2.85B,$0.98B,2.91,$0.89B,$1.57B,0.56,$4.08B,$0.50B,12.21%,$4.08B,$0.30B,7.45%,$4.08B,$0.30B,7.45%,$4.08B,$0.43B,10.57%,$4.08B,$0.27B,6.69%,$4.08B,$0.19B,4.71%,$0.19B,$1.57B,13.32%,$0.19B,$1.57B,13.32%,$0.19B,$4.47B,4.56%,$0.30B,$2.46B,13.64%,$1078,$944,$134,$15,$34,$993,$85,$-13,$72,$22,$50,$50,$50,$119,$85,$137,140,$0.36,$0.36,$369,$2207,$1,$2853,$1279,$0,$0,$75,$1621,$4474,$982,$885,$909,$1918,$2900,$1,$682,$-60,$1574,$4474,$192,$128,$35,$162,$-8,$-321,$0,$-121,$-368,$-14,$-228,$0,$0,$0,$0,$0,$116,$-112,$293,$0,$293,$0,$0,$0,$-17,$276,$153,$10,$0
36,2009-09-30,17.88,$10.32,1.73,$26.18,0.68,$-6.59,0.0,$1.15,15.55,$2.76B,$0.87B,3.17,$0.88B,$1.46B,0.6,$3.65B,$0.44B,12.15%,$3.65B,$0.25B,6.77%,$3.65B,$0.25B,6.77%,$3.65B,$0.37B,10.17%,$3.65B,$0.22B,6.06%,$3.65B,$0.16B,4.44%,$0.16B,$1.46B,11.80%,$0.16B,$1.46B,11.80%,$0.16B,$4.28B,4.02%,$0.25B,$2.33B,11.86%,$1054,$878,$176,$14,$31,$923,$131,$-9,$122,$34,$88,$87,$87,$162,$131,$137,140,$0.63,$0.62,$207,$2205,$16,$2761,$1224,$0,$0,$71,$1523,$4284,$871,$877,$976,$1956,$2828,$1,$632,$-124,$1456,$4284,$142,$94,$-17,$77,$-85,$-320,$0,$-122,$-430,$-211,$-158,$0,$0,$0,$0,$0,$87,$-71,$288,$0,$288,$0,$0,$0,$-17,$271,$-10,$7,$0
37,2009-06-30,13.6,$9.74,1.4,$26.04,0.52,$-4.17,0.0,$1.06,12.83,$2.62B,$0.89B,2.95,$0.73B,$1.37B,0.53,$3.62B,$0.43B,11.88%,$3.62B,$0.23B,6.27%,$3.62B,$0.23B,6.27%,$3.62B,$0.35B,9.72%,$3.62B,$0.20B,5.64%,$3.62B,$0.15B,4.12%,$0.15B,$1.37B,10.75%,$0.15B,$1.37B,10.75%,$0.15B,$4.06B,3.79%,$0.23B,$2.10B,11.22%,$1060,$1022,$38,$14,$35,$1070,$-10,$-4,$-14,$-6,$-8,$-8,$-8,$22,$-10,$137,138,$-0.06,$-0.06,$89,$2093,$13,$2618,$1168,$0,$0,$66,$1443,$4061,$889,$730,$960,$1798,$2687,$1,$545,$-118,$1374,$4061,$54,$62,$-3,$60,$-109,$-203,$0,$-89,$-330,$-216,$-107,$0,$0,$0,$0,$0,$58,$-48,$-4,$150,$146,$0,$0,$0,$-10,$137,$-128,$6,$0
38,2009-03-31,9.87,$9.72,1.01,$25.96,0.38,$-2.12,0.0,$1.74,5.67,$2.66B,$0.91B,2.94,$0.66B,$1.36B,0.48,$3.62B,$0.58B,16.01%,$3.62B,$0.37B,10.30%,$3.62B,$0.37B,10.30%,$3.62B,$0.49B,13.64%,$3.62B,$0.35B,9.64%,$3.62B,$0.24B,6.71%,$0.24B,$1.36B,17.31%,$0.24B,$1.36B,17.31%,$0.24B,$4.02B,6.31%,$0.37B,$2.02B,18.61%,$887,$737,$150,$14,$38,$790,$98,$-5,$93,$30,$63,$63,$63,$128,$98,$137,140,$0.46,$0.45,$116,$2118,$11,$2661,$1107,$0,$0,$49,$1361,$4023,$906,$656,$985,$1753,$2660,$1,$553,$-133,$1363,$4023,$63,$30,$0,$31,$-122,$-235,$0,$-52,$-242,$-149,$-54,$0,$0,$0,$0,$0,$29,$-25,$-2,$75,$73,$0,$0,$0,$1,$74,$-101,$3,$0
39,2008-12-31,10.07,$9.28,1.09,$27.04,0.37,$-0.63,0.0,$1.90,5.3,$2.43B,$0.74B,3.27,$0.58B,$1.30B,0.45,$3.77B,$0.61B,16.15%,$3.77B,$0.41B,10.74%,$3.77B,$0.41B,10.74%,$3.77B,$0.52B,13.82%,$3.77B,$0.38B,10.18%,$3.77B,$0.27B,7.03%,$0.27B,$1.30B,18.92%,$0.27B,$1.30B,18.92%,$0.27B,$3.76B,7.03%,$0.41B,$1.88B,20.23%,$646,$567,$79,$15,$36,$618,$28,$-8,$20,$0,$20,$20,$20,$59,$28,$135,139,$0.14,$0.15,$217,$1882,$1,$2433,$1068,$0,$0,$53,$1327,$3760,$743,$581,$1029,$1720,$2463,$1,$490,$-134,$1298,$3760,$265,$116,$-8,$108,$15,$-570,$0,$424,$-163,$211,$-234,$0,$0,$0,$0,$0,$114,$-120,$-6,$0,$-6,$0,$0,$0,$9,$4,$83,$16,$0
40,2008-09-30,15.91,$10.78,1.48,$29.44,0.54,$-1.23,0.0,$2.30,6.92,$2.32B,$0.85B,2.73,$0.58B,$1.51B,0.39,$4.11B,$0.70B,17.08%,$4.11B,$0.48B,11.79%,$4.11B,$0.48B,11.79%,$4.11B,$0.60B,14.52%,$4.11B,$0.47B,11.47%,$4.11B,$0.32B,7.82%,$0.32B,$1.51B,23.04%,$0.32B,$1.51B,23.04%,$0.32B,$3.86B,8.76%,$0.48B,$2.09B,24.28%,$1027,$864,$163,$13,$39,$916,$111,$-6,$105,$31,$74,$74,$74,$143,$111,$137,139,$0.54,$0.53,$178,$1769,$68,$2322,$1053,$0,$0,$85,$1541,$3863,$850,$584,$920,$1504,$2354,$1,$470,$101,$1509,$3863,$246,$85,$-9,$76,$-28,$-433,$0,$240,$-175,$147,$-175,$0,$0,$0,$0,$0,$86,$-89,$-3,$0,$-3,$0,$0,$0,$-5,$-8,$44,$12,$0
41,2008-06-30,18.99,$10.32,1.84,$28.99,0.65,$-1.91,0.0,$2.37,8.01,$2.24B,$0.80B,2.8,$0.59B,$1.44B,0.41,$4.05B,$0.70B,17.33%,$4.05B,$0.48B,11.86%,$4.05B,$0.48B,11.86%,$4.05B,$0.58B,14.34%,$4.05B,$0.47B,11.67%,$4.05B,$0.33B,8.18%,$0.33B,$1.44B,25.45%,$0.33B,$1.44B,25.45%,$0.33B,$3.75B,9.49%,$0.48B,$2.03B,25.25%,$1062,$875,$188,$11,$41,$926,$136,$-5,$131,$44,$86,$86,$86,$164,$136,$137,140,$0.63,$0.62,$147,$1653,$75,$2236,$1029,$0,$0,$90,$1510,$3746,$800,$586,$917,$1503,$2302,$1,$396,$114,$1444,$3746,$172,$53,$-6,$47,$-53,$-310,$0,$176,$-140,$78,$-119,$0,$0,$0,$0,$0,$58,$-61,$2,$0,$2,$0,$0,$0,$-5,$-4,$14,$8,$0
42,2008-03-31,21.96,$9.69,2.27,$28.29,0.78,$-2.29,0.0,$2.24,9.8,$2.17B,$0.86B,2.54,$0.65B,$1.35B,0.48,$3.94B,$0.68B,17.32%,$3.94B,$0.45B,11.31%,$3.94B,$0.45B,11.31%,$3.94B,$0.54B,13.64%,$3.94B,$0.44B,11.24%,$3.94B,$0.31B,7.94%,$0.31B,$1.35B,26.01%,$0.31B,$1.35B,26.01%,$0.31B,$3.70B,9.44%,$0.45B,$2.01B,24.73%,$1036,$857,$179,$10,$39,$906,$130,$-2,$128,$43,$85,$85,$85,$155,$130,$137,140,$0.62,$0.61,$203,$1500,$73,$2167,$1001,$0,$0,$99,$1534,$3702,$855,$654,$841,$1494,$2349,$1,$310,$113,$1352,$3702,$85,$25,$-5,$21,$-66,$-156,$0,$79,$-35,$71,$-66,$0,$0,$0,$0,$0,$-0,$-66,$-3,$75,$72,$0,$0,$0,$-7,$65,$70,$4,$0
43,2007-12-31,34.15,$9.08,3.76,$27.73,1.23,$-2.60,0.0,$2.13,16.03,$1.84B,$0.68B,2.73,$0.58B,$1.27B,0.46,$3.86B,$0.66B,17.17%,$3.86B,$0.42B,10.88%,$3.86B,$0.42B,10.88%,$3.86B,$0.50B,13.05%,$3.86B,$0.42B,10.88%,$3.86B,$0.30B,7.72%,$0.30B,$1.27B,27.11%,$0.30B,$1.27B,27.11%,$0.30B,$3.34B,9.62%,$0.42B,$1.85B,24.94%,$980,$809,$171,$15,$50,$874,$107,$1,$107,$32,$76,$76,$76,$134,$107,$135,139,$0.54,$0.54,$133,$1343,$6,$1843,$964,$0,$0,$61,$1497,$3340,$675,$579,$703,$1398,$2073,$1,$223,$118,$1267,$3340,$297,$84,$-14,$70,$21,$-459,$0,$181,$-187,$180,$-288,$0,$0,$0,$0,$0,$49,$-239,$-25,$0,$-25,$-1,$-1,$0,$34,$8,$-51,$33,$0
44,2007-09-30,38.55,$8.17,4.72,$27.76,1.39,$-2.40,0.0,$1.01,38.17,$1.72B,$0.65B,2.66,$0.58B,$1.14B,0.51,$3.73B,$0.34B,9.00%,$3.73B,$0.07B,1.96%,$3.73B,$1.17B,31.21%,$3.73B,$0.17B,4.63%,$3.73B,$1.17B,31.21%,$3.73B,$0.15B,4.10%,$0.15B,$1.14B,15.34%,$0.15B,$1.14B,15.34%,$0.15B,$3.17B,5.20%,$0.07B,$1.72B,4.60%,$968,$805,$163,$13,$43,$861,$107,$-0,$106,$23,$84,$84,$84,$127,$107,$137,140,$0.61,$0.60,$105,$1198,$60,$1718,$938,$0,$0,$138,$1448,$3166,$647,$583,$740,$1379,$2026,$1,$147,$74,$1140,$3166,$221,$57,$-24,$33,$-48,$-313,$0,$136,$-149,$105,$-228,$0,$0,$0,$3,$3,$23,$-202,$-14,$0,$-14,$-1,$-1,$0,$33,$18,$-79,$27,$0
