,Date,Stock Price,Book Value per Share,Price to Book Ratio,TTM Sales per Share,Price to Sales Ratio,TTM FCF per Share,Price to FCF Ratio,TTM Net EPS,PE Ratio,Current Assets,Current Liabilities,Current Ratio,Long Term Debt,Shareholder's Equity_x,Debt to Equity Ratio,TTM Revenue_x,TTM Gross Profit,Gross Margin,TTM Revenue_y,TTM Operating Income,Operating Margin,TTM Revenue_x,TTM EBIT,EBIT Margin,TTM Revenue_y,TTM EBITDA,EBITDA Margin,TTM Revenue_x,TTM Pre-Tax Income,Pre-Tax Margin,TTM Revenue_y,TTM Net Income_x,Net Margin,TTM Net Income_y,Shareholder's Equity_y,Return on Equity,TTM Net Income_x,Tangible Equity,Return on Tangible Equity,TTM Net Income_y,Total Assets,Return on Assets,TTM Net Income,LT Investments & Debt,Return on Investment,revenue,cost-goods-sold,gross-profit,research-development-expenses,selling-general-administrative-expenses,operating-expenses,operating-income,total-non-operating-income-expense,pre-tax-income,total-provision-income-taxes,income-after-taxes,income-from-continuous-operations,net-income,ebitda,ebit,basic-shares-outstanding,shares-outstanding,eps-basic-net-earnings-per-share,eps-earnings-per-share-diluted,cash-on-hand,inventory,other-current-assets,total-current-assets,net-property-plant-equipment,long-term-investments,goodwill-intangible-assets-total,other-long-term-assets,total-long-term-assets,total-assets,total-current-liabilities,long-term-debt,other-non-current-liabilities,total-long-term-liabilities,total-liabilities,common-stock-net,retained-earnings-accumulated-deficit,comprehensive-income,total-share-holder-equity,total-liabilities-share-holders-equity,net-income-loss,total-depreciation-amortization-cash-flow,other-non-cash-items,total-non-cash-items,change-in-accounts-receivable,change-in-inventories,change-in-accounts-payable,change-in-assets-liabilities,total-change-in-assets-liabilities,cash-flow-from-operating-activities,net-change-in-property-plant-equipment,net-change-in-intangible-assets,net-acquisitions-divestitures,net-change-in-short-term-investments,net-change-in-long-term-investments,net-change-in-investments-total,investing-activities-other,cash-flow-from-investing-activities,net-long-term-debt,net-current-debt,debt-issuance-retirement-net-total,net-common-equity-issued-repurchased,net-total-equity-issued-repurchased,total-common-preferred-stock-dividends-paid,financial-activities-other,cash-flow-from-financial-activities,net-cash-flow,stock-based-compensation,common-stock-dividends-paid
0,2018-09-30,99.24,$17.95,5.53,$13.85,7.17,$4.16,23.87,$0.42,236.29,$0.26B,$0.05B,5.16,$0.00B,$0.31B,0.0,$0.24B,$0.16B,66.53%,$0.24B,$0.02B,7.02%,$0.24B,$0.02B,7.02%,$0.24B,$0.03B,12.40%,$0.24B,$0.02B,7.85%,$0.24B,$0.01B,2.48%,$0.01B,$0.31B,2.03%,$0.01B,$0.25B,2.61%,$0.01B,$0.37B,1.71%,$0.02B,$0.31B,5.75%,$63,$20,$42,$5,$28,$55,$8,$0,$9,$1,$8,$8,$8,$11,$8,$17,18,$0.47,$0.45,$189,$0,$7,$256,$19,$5,$64,$2,$112,$368,$50,$0,$0,$8,$58,$0,$8,$-1,$311,$368,$17,$9,$13,$23,$-4,$0,$0,$3,$-2,$38,$-10,$0,$-0,$0,$-4,$-4,$0,$-15,$0,$0,$0,$-1,$-1,$0,$0,$-1,$22,$10,$0
1,2018-06-30,73.48,$17.17,4.28,$13.52,5.43,$3.56,20.65,$0.08,918.5,$0.24B,$0.05B,4.96,$0.00B,$0.30B,0.0,$0.24B,$0.16B,66.38%,$0.24B,$0.01B,5.11%,$0.24B,$0.01B,5.11%,$0.24B,$0.03B,10.64%,$0.24B,$0.01B,5.53%,$0.24B,0,0.00%,$0.00B,$0.30B,0.00%,$0.00B,$0.23B,0.00%,$0.00B,$0.35B,0.00%,$0.01B,$0.30B,4.15%,$61,$20,$41,$5,$28,$55,$6,$0,$6,$1,$5,$5,$5,$9,$6,$17,18,$0.32,$0.31,$173,$0,$7,$240,$18,$5,$65,$2,$112,$352,$48,$0,$0,$9,$57,$0,$0,$-2,$295,$352,$9,$6,$9,$15,$-4,$0,$0,$4,$-2,$22,$-6,$0,$-0,$0,$-7,$-7,$0,$-14,$0,$0,$0,$-6,$-6,$0,$0,$-6,$2,$7,$0
2,2018-03-31,64.07,$16.85,3.8,$13.15,4.87,$3.50,18.31,$-0.12,0.0,$0.23B,$0.04B,5.44,$0.00B,$0.29B,0.0,$0.23B,$0.15B,66.23%,$0.23B,$0.01B,3.95%,$0.23B,$0.01B,3.95%,$0.23B,$0.02B,9.65%,$0.23B,$0.01B,4.39%,$0.23B,$-0.00B,-1.32%,$-0.00B,$0.29B,-1.05%,$-0.00B,$0.22B,-1.38%,$-0.00B,$0.34B,-0.89%,$0.01B,$0.29B,3.16%,$59,$20,$39,$5,$29,$55,$4,$0,$5,$1,$3,$3,$3,$8,$4,$17,17,$0.19,$0.19,$166,$0,$6,$229,$17,$2,$67,$2,$111,$340,$42,$0,$0,$9,$51,$0,$-5,$-0,$288,$340,$3,$3,$5,$8,$-2,$0,$0,$4,$-2,$9,$-4,$0,$-0,$0,$-2,$-2,$0,$-7,$0,$0,$0,$-5,$-5,$0,$0,$-5,$-3,$4,$0
3,2017-12-31,48.59,$16.82,2.89,$12.72,3.82,$3.71,13.11,$-0.14,0.0,$0.22B,$0.04B,5.11,$0.00B,$0.29B,0.0,$0.22B,$0.15B,66.52%,$0.22B,$0.01B,3.62%,$0.22B,$0.01B,3.62%,$0.22B,$0.02B,9.05%,$0.22B,$0.01B,4.07%,$0.22B,$-0.00B,-1.36%,$-0.00B,$0.29B,-1.07%,$-0.00B,$0.22B,-1.41%,$-0.00B,$0.34B,-0.89%,$0.01B,$0.29B,2.84%,$59,$19,$39,$6,$33,$60,$-1,$0,$-1,$9,$-10,$-10,$-10,$2,$-1,$17,17,$-0.55,$-0.55,$163,$0,$6,$224,$17,$5,$68,$2,$115,$340,$44,$0,$0,$8,$52,$0,$-9,$1,$288,$340,$-2,$12,$25,$37,$-6,$0,$1,$-2,$-4,$31,$-7,$0,$-1,$0,$-15,$-15,$0,$-23,$0,$0,$0,$-2,$-2,$0,$0,$-2,$7,$13,$0
4,2017-09-30,56.71,$16.56,3.43,$12.28,4.62,$2.95,19.25,$0.49,115.73,$0.22B,$0.04B,5.77,$0.00B,$0.29B,0.0,$0.21B,$0.14B,66.67%,$0.21B,$0.01B,5.63%,$0.21B,$0.01B,5.63%,$0.21B,$0.02B,11.27%,$0.21B,$0.01B,6.10%,$0.21B,$0.01B,4.23%,$0.01B,$0.29B,3.31%,$0.01B,$0.22B,4.44%,$0.01B,$0.34B,2.77%,$0.01B,$0.29B,4.42%,$56,$19,$37,$7,$26,$53,$3,$0,$3,$1,$2,$2,$2,$6,$3,$17,17,$0.13,$0.13,$164,$0,$6,$217,$16,$2,$70,$1,$122,$339,$38,$0,$0,$16,$54,$0,$-11,$1,$285,$339,$7,$9,$10,$19,$-4,$0,$1,$1,$-4,$22,$-5,$0,$-1,$0,$-7,$-7,$0,$-13,$0,$0,$0,$2,$2,$0,$0,$2,$13,$7,$0
5,2017-06-30,63.76,$16.20,3.94,$11.90,5.36,$2.24,28.49,$0.52,122.62,$0.21B,$0.04B,5.51,$0.00B,$0.28B,0.0,$0.21B,$0.14B,66.99%,$0.21B,$0.01B,5.83%,$0.21B,$0.01B,5.83%,$0.21B,$0.02B,11.17%,$0.21B,$0.01B,6.80%,$0.21B,$0.01B,4.85%,$0.01B,$0.28B,3.82%,$0.01B,$0.21B,5.22%,$0.01B,$0.33B,3.19%,$0.01B,$0.28B,4.59%,$54,$18,$36,$5,$26,$51,$3,$0,$3,$1,$2,$2,$2,$6,$3,$17,17,$0.11,$0.11,$159,$0,$7,$209,$16,$5,$69,$1,$125,$334,$38,$0,$0,$17,$55,$0,$-13,$-1,$279,$334,$5,$6,$7,$12,$-2,$0,$0,$3,$1,$18,$-3,$0,$-1,$0,$-1,$-1,$0,$-5,$0,$0,$0,$2,$2,$0,$0,$2,$16,$4,$0
6,2017-03-31,58.49,$15.89,3.68,$11.55,5.06,$1.73,33.73,$0.43,136.02,$0.21B,$0.04B,5.45,$0.00B,$0.27B,0.0,$0.20B,$0.13B,66.83%,$0.20B,$0.01B,5.03%,$0.20B,$0.01B,5.03%,$0.20B,$0.02B,10.55%,$0.20B,$0.01B,6.03%,$0.20B,$0.01B,4.02%,$0.01B,$0.27B,3.19%,$0.01B,$0.20B,4.45%,$0.01B,$0.33B,2.65%,$0.01B,$0.27B,3.98%,$52,$17,$35,$5,$25,$49,$3,$0,$4,$1,$3,$3,$3,$6,$3,$17,17,$0.17,$0.17,$154,$0,$7,$205,$15,$3,$70,$1,$123,$328,$38,$0,$0,$17,$55,$0,$-14,$-2,$273,$328,$3,$3,$3,$6,$-2,$0,$1,$4,$2,$10,$-1,$0,$-1,$0,$3,$3,$0,$1,$0,$0,$0,$1,$1,$0,$0,$1,$13,$2,$0
7,2016-12-31,69.89,$14.59,4.79,$11.25,6.21,$1.49,46.83,$0.32,218.41,$0.19B,$0.03B,5.78,$0.00B,$0.25B,0.0,$0.19B,$0.13B,66.84%,$0.19B,$0.01B,4.15%,$0.19B,$0.01B,4.15%,$0.19B,$0.02B,9.84%,$0.19B,$0.01B,5.18%,$0.19B,$0.01B,3.11%,$0.01B,$0.25B,2.49%,$0.01B,$0.18B,3.56%,$0.01B,$0.30B,2.07%,$0.01B,$0.25B,3.32%,$51,$17,$34,$6,$24,$48,$3,$0,$3,$1,$2,$2,$2,$6,$3,$17,17,$0.11,$0.11,$139,$0,$7,$186,$15,$7,$70,$2,$112,$298,$32,$0,$0,$17,$49,$0,$-34,$-3,$249,$298,$6,$11,$7,$18,$-4,$0,$-0,$-4,$-5,$19,$-8,$0,$-18,$0,$-8,$-8,$0,$-34,$0,$0,$0,$6,$6,$0,$4,$10,$-6,$8,$0
8,2016-09-30,73.41,$14.37,5.11,$10.77,6.81,$1.20,61.1,$0.34,215.91,$0.17B,$0.03B,5.71,$0.00B,$0.25B,0.0,$0.18B,$0.12B,67.39%,$0.18B,$0.01B,4.35%,$0.18B,$0.01B,4.35%,$0.18B,$0.02B,9.78%,$0.18B,$0.01B,5.43%,$0.18B,$0.01B,3.26%,$0.01B,$0.25B,2.56%,$0.01B,$0.17B,3.60%,$0.01B,$0.29B,2.14%,$0.01B,$0.25B,3.42%,$49,$16,$33,$6,$24,$47,$3,$1,$4,$1,$3,$3,$3,$5,$3,$17,17,$0.15,$0.14,$125,$0,$7,$173,$15,$13,$72,$2,$120,$292,$30,$0,$0,$17,$47,$0,$-36,$-1,$245,$292,$4,$8,$5,$13,$-4,$0,$-0,$-3,$-7,$10,$-6,$0,$-18,$0,$-6,$-6,$0,$-30,$0,$0,$0,$4,$4,$0,$3,$7,$-12,$6,$0
9,2016-06-30,60.6,$13.98,4.34,$10.30,5.89,$0.97,62.43,$0.27,224.44,$0.17B,$0.03B,5.23,$0.00B,$0.24B,0.0,$0.18B,$0.12B,68.00%,$0.18B,$0.01B,4.00%,$0.18B,$0.01B,4.00%,$0.18B,$0.02B,10.29%,$0.18B,$0.01B,4.57%,$0.18B,$0.00B,2.29%,$0.00B,$0.24B,1.76%,$0.00B,$0.16B,2.42%,$0.00B,$0.29B,1.47%,$0.01B,$0.24B,3.09%,$47,$16,$31,$6,$24,$46,$1,$-0,$1,$0,$0,$0,$0,$4,$1,$17,17,$0.02,$0.02,$128,$0,$8,$173,$14,$8,$73,$2,$114,$288,$33,$0,$0,$18,$51,$0,$-38,$-2,$237,$288,$1,$6,$4,$10,$-2,$0,$1,$-1,$-2,$9,$-3,$0,$-18,$0,$-6,$-6,$0,$-27,$0,$0,$0,$3,$3,$0,$1,$4,$-14,$4,$0
10,2016-03-31,42.94,$13.83,3.11,$9.82,4.37,$0.48,89.81,$0.29,148.07,$0.16B,$0.03B,5.32,$0.00B,$0.23B,0.0,$0.17B,$0.12B,68.86%,$0.17B,$0.01B,4.19%,$0.17B,$0.01B,4.19%,$0.17B,$0.02B,10.18%,$0.17B,$0.01B,4.79%,$0.17B,$0.01B,2.99%,$0.01B,$0.23B,2.27%,$0.01B,$0.16B,3.04%,$0.01B,$0.28B,1.91%,$0.01B,$0.23B,3.17%,$46,$15,$31,$5,$23,$44,$1,$0,$2,$1,$1,$1,$1,$4,$1,$17,17,$0.06,$0.06,$121,$0,$6,$163,$14,$13,$75,$1,$119,$282,$31,$0,$0,$18,$48,$0,$-38,$-1,$233,$282,$1,$3,$2,$4,$-2,$0,$2,$2,$2,$7,$-2,$0,$-18,$0,$0,$0,$0,$-20,$0,$0,$0,$1,$1,$0,$1,$2,$-11,$2,$0
11,2015-12-31,70.21,$13.29,5.28,$9.31,7.54,$0.24,291.57,$0.26,270.04,$0.17B,$0.02B,6.88,$0.00B,$0.22B,0.0,$0.16B,$0.11B,68.99%,$0.16B,$0.01B,4.43%,$0.16B,$0.01B,4.43%,$0.16B,$0.02B,10.13%,$0.16B,$0.01B,4.43%,$0.16B,$0.01B,3.16%,$0.01B,$0.22B,2.33%,$0.01B,$0.17B,3.05%,$0.01B,$0.26B,1.98%,$0.01B,$0.22B,3.27%,$42,$13,$29,$5,$20,$40,$3,$0,$3,$1,$2,$2,$2,$5,$3,$17,17,$0.12,$0.13,$129,$0,$5,$167,$14,$15,$49,$1,$95,$262,$24,$0,$0,$15,$40,$0,$-39,$-4,$222,$262,$5,$10,$8,$17,$-4,$0,$-2,$-3,$-7,$14,$-9,$0,$0,$0,$-23,$-23,$0,$-31,$0,$0,$0,$6,$6,$0,$2,$8,$-9,$6,$0
12,2015-09-30,67.89,$12.92,5.26,$8.93,7.6,$0.46,149.11,$0.19,357.32,$0.16B,$0.02B,6.89,$0.00B,$0.22B,0.0,$0.15B,$0.10B,68.87%,$0.15B,$0.01B,3.31%,$0.15B,$0.01B,3.31%,$0.15B,$0.02B,9.93%,$0.15B,$0.01B,3.31%,$0.15B,$0.00B,2.65%,$0.00B,$0.22B,1.90%,$0.00B,$0.17B,2.53%,$0.00B,$0.25B,1.61%,$0.01B,$0.22B,2.38%,$40,$13,$28,$4,$20,$38,$2,$-0,$2,$1,$1,$1,$1,$5,$2,$17,17,$0.08,$0.07,$123,$0,$0,$161,$13,$13,$49,$0,$92,$253,$23,$0,$0,$15,$38,$0,$-42,$-4,$215,$253,$3,$7,$6,$13,$-3,$0,$-1,$-4,$-9,$7,$-7,$0,$0,$0,$-18,$-18,$0,$-24,$0,$0,$0,$4,$4,$0,$1,$5,$-13,$5,$0
13,2015-06-30,65.8,$12.79,5.14,$8.50,7.74,$0.86,76.17,$0.17,387.06,$0.16B,$0.02B,6.67,$0.00B,$0.21B,0.0,$0.14B,$0.10B,68.75%,$0.14B,$0.00B,2.78%,$0.14B,$0.00B,2.78%,$0.14B,$0.01B,9.03%,$0.14B,$0.00B,2.78%,$0.14B,$0.00B,2.78%,$0.00B,$0.21B,1.94%,$0.00B,$0.16B,2.55%,$0.00B,$0.25B,1.64%,$0.00B,$0.21B,1.94%,$39,$12,$27,$4,$20,$38,$1,$-0,$1,$0,$1,$1,$1,$3,$1,$17,17,$0.04,$0.04,$121,$0,$0,$159,$13,$10,$51,$0,$91,$250,$24,$0,$0,$14,$38,$0,$-43,$-3,$212,$250,$1,$5,$4,$9,$-2,$0,$0,$-4,$-7,$2,$-5,$0,$0,$0,$-10,$-10,$0,$-15,$0,$0,$0,$3,$3,$0,$0,$4,$-9,$3,$0
14,2015-03-31,67.1,$12.60,5.33,$8.07,8.31,$1.23,54.35,$0.17,394.71,$0.17B,$0.03B,6.71,$0.00B,$0.21B,0.0,$0.14B,$0.09B,68.38%,$0.14B,$0.00B,2.94%,$0.14B,$0.00B,2.94%,$0.14B,$0.01B,9.56%,$0.14B,$0.00B,2.94%,$0.14B,$0.00B,2.94%,$0.00B,$0.21B,1.97%,$0.00B,$0.16B,2.56%,$0.00B,$0.25B,1.67%,$0.00B,$0.21B,1.97%,$37,$12,$25,$4,$20,$36,$1,$-0,$1,$0,$1,$1,$1,$3,$1,$16,17,$0.04,$0.03,$134,$0,$0,$166,$12,$0,$52,$0,$81,$247,$25,$0,$0,$14,$39,$0,$-44,$0,$208,$247,$1,$2,$2,$4,$-1,$0,$-0,$-1,$-1,$3,$-2,$0,$0,$0,$0,$0,$0,$-2,$0,$0,$0,$2,$2,$0,$0,$2,$3,$1,$0
15,2014-12-31,56.63,$12.54,4.51,$7.62,7.43,$1.35,41.93,$0.16,353.94,$0.16B,$0.03B,6.6,$0.00B,$0.21B,0.0,$0.13B,$0.09B,68.75%,$0.13B,$0.00B,3.13%,$0.13B,$0.00B,3.13%,$0.13B,$0.01B,10.16%,$0.13B,$0.00B,3.13%,$0.13B,$0.00B,2.34%,$0.00B,$0.21B,1.50%,$0.00B,$0.15B,1.93%,$0.00B,$0.24B,1.28%,$0.00B,$0.21B,2.00%,$35,$11,$24,$4,$18,$34,$1,$-0,$1,$0,$1,$1,$1,$4,$1,$16,17,$0.06,$0.05,$131,$0,$0,$162,$11,$0,$54,$0,$82,$244,$25,$0,$0,$14,$39,$0,$-44,$-1,$205,$244,$3,$9,$7,$16,$-4,$0,$1,$-2,$-2,$17,$-8,$0,$-13,$0,$0,$0,$0,$-20,$0,$0,$0,$3,$3,$0,$0,$3,$-0,$5,$0
16,2014-09-30,53.15,$12.34,4.31,$7.27,7.31,$1.59,33.42,$0.13,408.85,$0.17B,$0.02B,8.16,$0.00B,$0.20B,0.0,$0.12B,$0.08B,68.60%,$0.12B,$0.00B,3.31%,$0.12B,$0.00B,3.31%,$0.12B,$0.01B,9.92%,$0.12B,$0.00B,3.31%,$0.12B,$0.00B,1.65%,$0.00B,$0.20B,1.02%,$0.00B,$0.16B,1.29%,$0.00B,$0.24B,0.87%,$0.00B,$0.20B,2.03%,$33,$10,$23,$3,$17,$31,$1,$0,$1,$1,$1,$1,$1,$3,$1,$16,17,$0.05,$0.05,$141,$0,$0,$171,$9,$0,$41,$0,$64,$235,$21,$0,$0,$13,$34,$0,$-45,$0,$201,$235,$2,$6,$6,$12,$-2,$0,$0,$-2,$-2,$12,$-4,$0,$0,$0,$0,$0,$0,$-4,$0,$0,$0,$2,$2,$0,$0,$2,$10,$4,$0
17,2014-06-30,63.19,$12.21,5.18,$7.02,9.0,$1.85,34.11,$0.10,631.9,$0.17B,$0.02B,8.52,$0.00B,$0.20B,0.0,$0.12B,$0.08B,68.70%,$0.12B,$0.00B,2.61%,$0.12B,$0.00B,2.61%,$0.12B,$0.01B,10.43%,$0.12B,$0.00B,2.61%,$0.12B,$0.00B,0.87%,$0.00B,$0.20B,0.55%,$0.00B,$0.16B,0.72%,$0.00B,$0.23B,0.47%,$0.00B,$0.20B,1.65%,$31,$10,$21,$3,$16,$30,$1,$0,$1,$0,$1,$1,$1,$3,$1,$16,17,$0.04,$0.04,$137,$0,$0,$165,$9,$0,$41,$0,$65,$230,$19,$0,$0,$13,$32,$0,$-46,$0,$198,$230,$1,$4,$4,$8,$-2,$0,$1,$-1,$-2,$7,$-3,$0,$0,$0,$0,$0,$0,$-3,$0,$0,$0,$2,$2,$0,$0,$2,$5,$3,$0
18,2014-03-31,61.45,$12.06,5.1,$6.79,9.05,$2.08,29.58,$0.08,768.13,$0.16B,$0.02B,8.23,$0.00B,$0.20B,0.0,$0.11B,$0.08B,69.09%,$0.11B,$0.00B,1.82%,$0.11B,$0.00B,1.82%,$0.11B,$0.01B,10.00%,$0.11B,$0.00B,1.82%,$0.11B,0,0.00%,$0.00B,$0.20B,0.00%,$0.00B,$0.15B,0.00%,$0.00B,$0.23B,0.00%,$0.00B,$0.20B,1.19%,$29,$9,$20,$3,$15,$28,$1,$-0,$1,$0,$0,$0,$0,$3,$1,$16,17,$0.02,$0.02,$135,$0,$0,$160,$9,$0,$42,$0,$66,$227,$19,$0,$0,$12,$31,$0,$-46,$0,$195,$227,$0,$2,$2,$4,$-1,$0,$0,$-0,$-1,$4,$-1,$0,$0,$0,$0,$0,$0,$-1,$0,$0,$0,$1,$1,$0,$0,$1,$3,$1,$0
19,2013-12-31,65.3,$11.98,5.45,$6.60,9.9,$2.27,28.79,$0.07,932.86,$0.16B,$0.02B,8.25,$0.00B,$0.19B,0.0,$0.11B,$0.07B,69.52%,$0.11B,$0.00B,0.95%,$0.11B,$0.00B,0.95%,$0.11B,$0.01B,9.52%,$0.11B,$0.00B,0.95%,$0.11B,0,0.00%,$0.00B,$0.19B,0.00%,$0.00B,$0.15B,0.00%,$0.00B,$0.22B,0.00%,$0.00B,$0.19B,0.65%,$28,$9,$19,$3,$15,$27,$1,$-0,$1,$0,$0,$0,$0,$3,$1,$15,16,$0.02,$0.02,$131,$0,$0,$156,$10,$0,$43,$0,$67,$223,$19,$0,$0,$12,$31,$0,$-47,$0,$193,$223,$1,$8,$5,$13,$-1,$0,$-0,$3,$4,$18,$-6,$0,$0,$0,$0,$0,$0,$-6,$0,$0,$0,$53,$53,$0,$-0,$53,$65,$4,$0
20,2013-09-30,66.92,$9.32,7.18,$6.46,10.36,$1.54,43.42,$0.07,956.0,$0.11B,$0.02B,5.48,$0.00B,$0.14B,0.0,$0.10B,$0.07B,70.71%,$0.10B,0,0.00%,$0.10B,0,0.00%,$0.10B,$0.01B,9.09%,$0.10B,0,0.00%,$0.10B,0,0.00%,$0.00B,$0.14B,0.00%,$0.00B,$0.10B,0.00%,$0.00B,$0.17B,0.00%,$0.00B,$0.14B,0.00%,$27,$8,$19,$3,$15,$27,$0,$0,$0,$0,$0,$0,$0,$3,$0,$15,16,$0.02,$0.02,$81,$0,$0,$105,$11,$0,$43,$0,$68,$174,$19,$0,$0,$12,$31,$0,$-47,$0,$142,$174,$1,$6,$4,$10,$-1,$0,$-0,$4,$6,$16,$-5,$0,$0,$0,$0,$0,$0,$-5,$0,$0,$0,$4,$4,$0,$0,$4,$15,$3,$0
21,2013-06-30,55.0,$9.22,5.97,$6.23,8.83,$1.24,44.4,$0.06,916.67,$0.10B,$0.02B,5.62,$0.00B,$0.14B,0.0,$0.09B,$0.07B,70.65%,$0.09B,0,0.00%,$0.09B,0,0.00%,$0.09B,$0.01B,8.70%,$0.09B,0,0.00%,$0.09B,0,0.00%,$0.00B,$0.14B,0.00%,$0.00B,$0.10B,0.00%,$0.00B,$0.17B,0.00%,$0.00B,$0.14B,0.00%,$26,$8,$18,$3,$14,$25,$0,$-0,$0,$0,$0,$0,$0,$2,$0,$15,16,$0.02,$0.02,$75,$0,$0,$100,$9,$0,$44,$0,$68,$168,$18,$0,$0,$11,$28,$0,$-47,$0,$140,$168,$0,$4,$2,$6,$-1,$0,$-0,$2,$2,$9,$-2,$0,$0,$0,$0,$0,$0,$-2,$0,$0,$0,$2,$2,$0,$0,$2,$9,$2,$0
22,2013-03-31,42.67,$9.13,4.67,$5.97,7.15,$1.01,42.35,$0.07,609.57,$0.10B,$0.02B,6.12,$0.00B,$0.14B,0.0,$0.08B,$0.06B,71.43%,$0.08B,$0.00B,1.19%,$0.08B,$0.00B,1.19%,$0.08B,$0.01B,9.52%,$0.08B,$0.00B,1.19%,$0.08B,0,0.00%,$0.00B,$0.14B,0.00%,$0.00B,$0.09B,0.00%,$0.00B,$0.16B,0.00%,$0.00B,$0.14B,0.86%,$24,$7,$17,$3,$13,$24,$0,$-0,$0,$-0,$0,$0,$0,$2,$0,$15,16,$0.01,$0.01,$73,$0,$0,$96,$8,$0,$45,$0,$67,$163,$16,$0,$0,$10,$26,$0,$-48,$0,$137,$163,$0,$2,$1,$3,$0,$0,$0,$2,$4,$7,$-1,$0,$0,$0,$0,$0,$0,$-1,$0,$0,$0,$1,$1,$0,$0,$1,$7,$1,$0
23,2012-12-31,37.27,$9.10,4.1,$5.70,6.54,$0.73,51.01,$0.08,465.88,$0.09B,$0.01B,6.32,$0.00B,$0.14B,0.0,$0.08B,$0.06B,71.43%,$0.08B,$0.00B,1.30%,$0.08B,$0.00B,1.30%,$0.08B,$0.01B,9.09%,$0.08B,$0.00B,1.30%,$0.08B,0,0.00%,$0.00B,$0.14B,0.00%,$0.00B,$0.09B,0.00%,$0.00B,$0.16B,0.00%,$0.00B,$0.14B,1.02%,$22,$7,$16,$3,$12,$22,$0,$-0,$0,$-0,$0,$0,$0,$2,$0,$13,14,$0.03,$0.03,$66,$0,$0,$92,$8,$0,$46,$0,$68,$159,$14,$0,$0,$10,$24,$0,$-48,$0,$135,$159,$1,$5,$3,$8,$-2,$0,$0,$-2,$-2,$7,$-6,$0,$-26,$0,$0,$0,$0,$-32,$0,$-0,$-0,$60,$60,$0,$-0,$59,$34,$3,$0
24,2012-09-30,38.47,$9.05,4.25,$5.32,7.22,$0.82,46.97,$1.08,35.62,$0.09B,$0.02B,5.65,$0.00B,$0.13B,0.0,$0.07B,$0.05B,71.83%,$0.07B,$0.00B,1.41%,$0.07B,$0.00B,1.41%,$0.07B,$0.01B,8.45%,$0.07B,$0.00B,1.41%,$0.07B,$0.01B,18.31%,$0.01B,$0.13B,16.46%,$0.01B,$0.09B,22.22%,$0.01B,$0.16B,13.10%,$0.00B,$0.13B,1.27%,$20,$6,$14,$2,$12,$20,$0,$-0,$0,$-0,$0,$0,$0,$2,$0,$13,14,$0.01,$0.01,$70,$0,$0,$90,$6,$0,$46,$0,$67,$157,$16,$0,$0,$8,$24,$0,$-48,$0,$133,$157,$1,$3,$3,$6,$-1,$0,$1,$-0,$2,$8,$-3,$0,$-26,$0,$0,$0,$0,$-29,$0,$-0,$-0,$59,$59,$0,$-0,$59,$38,$2,$0
25,2012-06-30,30.38,$5.04,6.03,$5.09,5.97,$0.57,53.06,$1.08,28.13,$0.05B,$0.01B,4.22,$0.00B,$0.06B,0.0,$0.07B,$0.05B,71.64%,$0.07B,$0.00B,1.49%,$0.07B,$0.00B,1.49%,$0.07B,$0.01B,7.46%,$0.07B,$0.00B,1.49%,$0.07B,$0.01B,19.40%,$0.01B,$0.06B,22.71%,$0.01B,$0.05B,28.57%,$0.01B,$0.08B,17.16%,$0.00B,$0.06B,1.75%,$18,$5,$13,$2,$10,$17,$1,$-0,$1,$0,$0,$0,$0,$2,$1,$12,13,$0.03,$0.03,$36,$0,$0,$53,$4,$0,$11,$0,$30,$83,$13,$0,$0,$8,$21,$0,$-48,$0,$62,$83,$1,$2,$2,$4,$-1,$0,$1,$1,$0,$5,$-2,$0,$0,$0,$0,$0,$0,$-2,$0,$0,$0,$1,$1,$0,$0,$1,$4,$1,$0
26,2012-03-31,26.88,$4.97,5.41,$4.89,5.5,$0.38,71.05,$1.04,25.85,$0.05B,$0.01B,4.46,$0.00B,$0.06B,0.0,$0.06B,$0.05B,71.43%,$0.06B,0,0.00%,$0.06B,0,0.00%,$0.06B,$0.00B,6.35%,$0.06B,0,0.00%,$0.06B,$0.01B,20.63%,$0.01B,$0.06B,24.53%,$0.01B,$0.05B,31.71%,$0.01B,$0.08B,18.51%,$0.00B,$0.06B,0.00%,$17,$4,$12,$2,$10,$16,$0,$-0,$0,$0,$0,$0,$0,$1,$0,$12,13,$0.02,$0.02,$33,$0,$0,$50,$3,$0,$11,$0,$29,$79,$11,$0,$0,$7,$18,$0,$-49,$0,$61,$79,$0,$1,$1,$2,$-0,$0,$-0,$0,$-0,$2,$-1,$0,$0,$0,$0,$0,$0,$-1,$0,$0,$0,$0,$0,$0,$0,$0,$1,$1,$0
27,2011-12-31,25.95,$4.91,5.29,$4.63,5.61,$0.31,83.68,$1.06,24.48,$0.05B,$0.01B,4.21,$0.00B,$0.06B,0.0,$0.06B,$0.04B,71.19%,$0.06B,$0.00B,1.69%,$0.06B,$0.00B,1.69%,$0.06B,$0.00B,6.78%,$0.06B,$0.00B,1.69%,$0.06B,$0.01B,22.03%,$0.01B,$0.06B,26.67%,$0.01B,$0.05B,32.91%,$0.01B,$0.08B,19.92%,$0.00B,$0.06B,2.05%,$16,$4,$12,$2,$9,$15,$0,$-0,$0,$-13,$13,$13,$13,$1,$0,$12,13,$1.11,$1.04,$32,$0,$0,$48,$3,$0,$12,$0,$29,$78,$11,$0,$0,$7,$18,$0,$-49,$0,$60,$78,$14,$3,$-11,$-8,$-3,$0,$0,$-1,$-1,$4,$-3,$0,$-11,$0,$0,$0,$0,$-13,$0,$-0,$-0,$1,$1,$0,$-0,$0,$-8,$2,$0
28,2011-09-30,16.29,$3.81,4.28,$4.41,3.69,$0.43,37.68,$0.08,203.63,$0.05B,$0.01B,3.99,$0.00B,$0.05B,0.0,$0.06B,$0.04B,70.91%,$0.06B,$0.00B,1.82%,$0.06B,$0.00B,1.82%,$0.06B,$0.00B,7.27%,$0.06B,$0.00B,1.82%,$0.06B,0,0.00%,$0.00B,$0.05B,0.00%,$0.00B,$0.03B,0.00%,$0.00B,$0.06B,0.00%,$0.00B,$0.05B,2.23%,$16,$4,$11,$2,$9,$15,$0,$-0,$0,$0,$0,$0,$0,$1,$0,$12,13,$0.01,$0.01,$32,$0,$0,$46,$3,$0,$12,$0,$17,$63,$12,$0,$0,$6,$18,$0,$-62,$0,$46,$63,$1,$2,$2,$3,$-2,$0,$0,$-0,$-0,$4,$-2,$0,$-11,$0,$0,$0,$0,$-13,$0,$-0,$-0,$0,$0,$0,$-0,$0,$-9,$1,$0
29,2011-06-30,17.79,$3.75,4.74,$4.12,4.32,$0.52,34.37,$0.14,127.07,$0.04B,$0.01B,4.12,$0.00B,$0.05B,0.0,$0.05B,$0.04B,72.00%,$0.05B,$0.00B,4.00%,$0.05B,$0.00B,4.00%,$0.05B,$0.00B,8.00%,$0.05B,$0.00B,4.00%,$0.05B,$0.00B,2.00%,$0.00B,$0.05B,2.29%,$0.00B,$0.03B,2.53%,$0.00B,$0.06B,1.71%,$0.00B,$0.05B,4.57%,$14,$4,$10,$1,$9,$14,$-0,$0,$-0,$0,$-0,$-0,$-0,$1,$-0,$12,12,$-0.01,$-0.01,$30,$0,$0,$44,$3,$0,$12,$0,$17,$61,$11,$0,$0,$6,$16,$0,$-62,$0,$45,$61,$0,$1,$1,$2,$-2,$0,$1,$-1,$-1,$1,$-1,$0,$-11,$0,$0,$0,$0,$-12,$0,$-0,$-0,$0,$0,$0,$-0,$0,$-11,$1,$0
30,2011-03-31,15.51,$3.73,4.16,$3.87,4.0,$0.63,24.55,$0.20,77.55,$0.05B,$0.01B,5.61,$0.00B,$0.04B,0.0,$0.05B,$0.03B,72.34%,$0.05B,$0.00B,6.38%,$0.05B,$0.00B,6.38%,$0.05B,$0.00B,8.51%,$0.05B,$0.00B,6.38%,$0.05B,$0.00B,4.26%,$0.00B,$0.04B,4.68%,$0.00B,$0.04B,4.88%,$0.00B,$0.06B,3.51%,$0.00B,$0.04B,7.02%,$13,$3,$9,$1,$8,$12,$1,$0,$1,$0,$0,$0,$0,$1,$1,$12,13,$0.04,$0.04,$40,$0,$0,$53,$3,$0,$1,$0,$6,$59,$9,$0,$0,$6,$15,$0,$-62,$0,$44,$59,$0,$0,$0,$1,$-1,$0,$1,$-0,$-1,$1,$-0,$0,$0,$0,$0,$0,$0,$-0,$0,$-0,$-0,$0,$0,$0,$0,$-0,$-0,$0,$0
