,Date,Stock Price,Book Value per Share,Price to Book Ratio,TTM Sales per Share,Price to Sales Ratio,TTM FCF per Share,Price to FCF Ratio,TTM Net EPS,PE Ratio,Current Assets,Current Liabilities,Current Ratio,Long Term Debt,Shareholder's Equity_x,Debt to Equity Ratio,TTM Revenue_x,TTM Gross Profit,Gross Margin,TTM Revenue_y,TTM Operating Income,Operating Margin,TTM Revenue_x,TTM EBIT,EBIT Margin,TTM Revenue_y,TTM EBITDA,EBITDA Margin,TTM Revenue_x,TTM Pre-Tax Income,Pre-Tax Margin,TTM Revenue_y,TTM Net Income_x,Net Margin,TTM Net Income_y,Shareholder's Equity_y,Return on Equity,TTM Net Income_x,Tangible Equity,Return on Tangible Equity,TTM Net Income_y,Total Assets,Return on Assets,TTM Net Income,LT Investments & Debt,Return on Investment,revenue,cost-goods-sold,gross-profit,research-development-expenses,selling-general-administrative-expenses,operating-expenses,operating-income,total-non-operating-income-expense,pre-tax-income,total-provision-income-taxes,income-after-taxes,income-from-continuous-operations,net-income,ebitda,ebit,basic-shares-outstanding,shares-outstanding,eps-basic-net-earnings-per-share,eps-earnings-per-share-diluted,cash-on-hand,inventory,other-current-assets,total-current-assets,net-property-plant-equipment,long-term-investments,goodwill-intangible-assets-total,other-long-term-assets,total-long-term-assets,total-assets,total-current-liabilities,long-term-debt,other-non-current-liabilities,total-long-term-liabilities,total-liabilities,common-stock-net,retained-earnings-accumulated-deficit,comprehensive-income,total-share-holder-equity,total-liabilities-share-holders-equity,net-income-loss,total-depreciation-amortization-cash-flow,other-non-cash-items,total-non-cash-items,change-in-accounts-receivable,change-in-inventories,change-in-accounts-payable,change-in-assets-liabilities,total-change-in-assets-liabilities,cash-flow-from-operating-activities,net-change-in-property-plant-equipment,net-change-in-intangible-assets,net-acquisitions-divestitures,net-change-in-short-term-investments,net-change-in-long-term-investments,net-change-in-investments-total,investing-activities-other,cash-flow-from-investing-activities,net-long-term-debt,net-current-debt,debt-issuance-retirement-net-total,net-common-equity-issued-repurchased,net-total-equity-issued-repurchased,total-common-preferred-stock-dividends-paid,financial-activities-other,cash-flow-from-financial-activities,net-cash-flow,stock-based-compensation,common-stock-dividends-paid
0,2018-09-30,33.31,$7.22,4.61,$33.30,1.0,$0.92,36.38,$2.26,14.74,$0.62B,$0.53B,1.18,$0.34B,$0.37B,0.92,$1.48B,$0.36B,24.11%,$1.48B,$0.06B,3.78%,$1.48B,$0.06B,3.78%,$1.48B,$0.08B,5.67%,$1.48B,$0.04B,2.97%,$1.48B,$0.10B,6.82%,$0.10B,$0.37B,29.34%,$0.10B,$-0.22B,-53.51%,$0.10B,$2.11B,4.88%,$0.06B,$0.71B,8.14%,$363,$275,$88,$0,$72,$349,$13,$-5,$9,$2,$7,$7,$7,$21,$13,$43,45,$0.15,$0.15,$62,$144,$162,$623,$185,$0,$594,$671,$1483,$2106,$527,$341,$836,$1210,$1737,$1,$-701,$251,$370,$2106,$42,$21,$25,$47,$20,$-6,$0,$-2,$-75,$13,$-8,$0,$-173,$0,$0,$0,$4,$-177,$81,$0,$81,$0,$0,$0,$22,$103,$-62,$0,$0
1,2018-06-30,35.05,$8.33,4.21,$33.14,1.06,$0.39,89.05,$2.62,13.38,$0.62B,$0.54B,1.14,$0.34B,$0.36B,0.95,$1.47B,$0.35B,24.13%,$1.47B,$0.07B,4.98%,$1.47B,$0.07B,4.98%,$1.47B,$0.10B,6.75%,$1.47B,$0.06B,4.23%,$1.47B,$0.12B,7.91%,$0.12B,$0.36B,36.77%,$0.12B,$-0.24B,-62.79%,$0.12B,$2.12B,5.72%,$0.07B,$0.70B,11.20%,$379,$282,$98,$0,$73,$357,$23,$-3,$20,$0,$20,$20,$23,$30,$23,$43,45,$0.54,$0.51,$67,$142,$167,$622,$188,$0,$595,$689,$1501,$2124,$544,$341,$849,$1221,$1765,$1,$-708,$252,$359,$2124,$35,$13,$18,$31,$11,$-5,$0,$-1,$-62,$5,$-5,$0,$-183,$0,$0,$0,$13,$-175,$118,$0,$118,$0,$0,$0,$-4,$114,$-58,$0,$0
2,2018-03-31,32.48,$7.76,4.19,$32.91,0.99,$-0.07,0.0,$1.90,17.09,$0.60B,$0.43B,1.4,$0.35B,$0.33B,1.04,$1.44B,$0.33B,23.09%,$1.44B,$0.06B,3.82%,$1.44B,$0.06B,3.82%,$1.44B,$0.08B,5.63%,$1.44B,$0.04B,2.78%,$1.44B,$0.08B,5.84%,$0.08B,$0.33B,30.22%,$0.08B,$-0.15B,-44.44%,$0.08B,$2.01B,4.25%,$0.06B,$0.68B,9.05%,$352,$262,$90,$0,$69,$333,$19,$-3,$17,$4,$12,$12,$12,$26,$19,$43,44,$0.29,$0.28,$104,$109,$171,$599,$186,$0,$478,$697,$1414,$2012,$428,$345,$873,$1251,$1679,$1,$-731,$255,$333,$2012,$12,$7,$7,$13,$24,$-4,$0,$-0,$-24,$2,$-3,$0,$-16,$0,$0,$0,$0,$-19,$-0,$0,$-0,$0,$0,$0,$-3,$-4,$-21,$0,$0
3,2017-12-31,31.39,$7.38,4.25,$32.81,0.96,$-0.07,0.0,$2.02,15.54,$0.63B,$0.46B,1.37,$0.35B,$0.32B,1.11,$1.43B,$0.33B,23.13%,$1.43B,$0.06B,3.85%,$1.43B,$0.06B,3.85%,$1.43B,$0.08B,5.61%,$1.43B,$0.04B,2.59%,$1.43B,$0.09B,6.24%,$0.09B,$0.32B,35.96%,$0.09B,$-0.15B,-41.40%,$0.09B,$2.04B,4.56%,$0.06B,$0.66B,9.63%,$387,$306,$81,$0,$79,$386,$1,$-3,$-2,$-62,$60,$60,$59,$7,$1,$42,44,$1.39,$1.33,$124,$143,$98,$633,$187,$0,$464,$707,$1408,$2040,$461,$349,$886,$1265,$1726,$1,$-742,$250,$315,$2040,$89,$25,$6,$31,$-103,$5,$0,$-3,$-73,$48,$-11,$0,$0,$0,$0,$0,$-0,$-11,$-1,$0,$-1,$0,$0,$0,$-5,$-6,$25,$0,$0
4,2017-09-30,29.34,$5.99,4.9,$33.37,0.88,$-1.02,0.0,$-1.36,0.0,$0.56B,$0.49B,1.15,$0.31B,$0.26B,1.22,$1.44B,$0.36B,25.30%,$1.44B,$0.06B,3.90%,$1.44B,$0.06B,3.90%,$1.44B,$0.11B,7.46%,$1.44B,$0.04B,2.44%,$1.44B,$-0.06B,-3.90%,$-0.06B,$0.26B,-25.84%,$-0.06B,$-0.21B,22.90%,$-0.06B,$1.93B,-2.92%,$0.06B,$0.57B,10.49%,$349,$263,$85,$0,$64,$319,$30,$-3,$27,$5,$22,$22,$22,$36,$30,$43,44,$0.52,$0.51,$87,$166,$40,$559,$189,$0,$463,$675,$1374,$1933,$486,$311,$841,$1192,$1678,$1,$-801,$253,$255,$1933,$31,$19,$10,$29,$-19,$-17,$0,$-1,$-69,$-9,$-8,$0,$0,$0,$0,$0,$1,$-8,$-13,$0,$-13,$0,$0,$0,$22,$9,$-12,$0,$0
5,2017-06-30,25.16,$4.91,5.12,$33.59,0.75,$-1.88,0.0,$-1.83,0.0,$0.54B,$0.49B,1.11,$0.32B,$0.21B,1.51,$1.43B,$0.36B,25.09%,$1.43B,$0.04B,2.59%,$1.43B,$0.04B,2.59%,$1.43B,$0.09B,6.22%,$1.43B,$0.02B,1.05%,$1.43B,$-0.08B,-5.31%,$-0.08B,$0.21B,-34.35%,$-0.08B,$-0.25B,30.86%,$-0.08B,$1.93B,-3.93%,$0.04B,$0.52B,6.81%,$350,$274,$76,$0,$70,$345,$5,$-8,$-2,$6,$-8,$-8,$-9,$12,$5,$42,42,$-0.21,$-0.21,$84,$168,$35,$539,$192,$0,$463,$672,$1391,$1929,$485,$315,$874,$1235,$1721,$1,$-823,$234,$209,$1929,$8,$13,$1,$14,$6,$-20,$0,$-1,$-38,$-16,$-5,$0,$0,$0,$0,$0,$0,$-5,$12,$0,$12,$0,$0,$0,$-5,$8,$-16,$0,$0
6,2017-03-31,24.25,$4.98,4.87,$34.27,0.71,$-2.43,0.0,$-1.96,0.0,$0.51B,$0.45B,1.13,$0.32B,$0.21B,1.51,$1.45B,$0.37B,25.76%,$1.45B,$0.05B,3.17%,$1.45B,$0.05B,3.17%,$1.45B,$0.10B,6.68%,$1.45B,$0.03B,1.86%,$1.45B,$-0.08B,-5.58%,$-0.08B,$0.21B,-34.14%,$-0.08B,$-0.25B,34.18%,$-0.08B,$1.90B,-4.13%,$0.05B,$0.53B,8.15%,$341,$253,$88,$0,$68,$322,$19,$-6,$14,$3,$10,$10,$17,$25,$19,$42,43,$0.41,$0.40,$93,$159,$27,$511,$194,$0,$460,$671,$1387,$1898,$451,$319,$874,$1237,$1687,$1,$-814,$234,$211,$1898,$17,$6,$-5,$1,$34,$-13,$0,$-1,$-17,$2,$-2,$0,$0,$0,$0,$0,$0,$-2,$-3,$0,$-3,$0,$0,$0,$-3,$-5,$-7,$0,$0
7,2016-12-31,23.72,$4.57,5.19,$35.11,0.68,$-3.95,0.0,$-2.05,0.0,$0.53B,$0.48B,1.11,$0.32B,$0.19B,1.69,$1.47B,$0.38B,25.54%,$1.47B,$0.06B,3.74%,$1.47B,$0.06B,3.74%,$1.47B,$0.11B,7.54%,$1.47B,$0.04B,2.65%,$1.47B,$-0.09B,-5.77%,$-0.09B,$0.19B,-33.24%,$-0.09B,$-0.27B,37.53%,$-0.09B,$1.91B,-4.25%,$0.06B,$0.52B,9.36%,$395,$281,$114,$0,$85,$394,$2,$-6,$-4,$-1,$-3,$-3,$-86,$34,$2,$42,42,$-2.06,$-2.03,$100,$146,$31,$528,$196,$0,$458,$681,$1385,$1913,$476,$324,$879,$1245,$1721,$1,$-832,$235,$192,$1913,$-68,$57,$80,$137,$-29,$9,$0,$-2,$-63,$7,$-12,$0,$0,$0,$0,$0,$17,$6,$-19,$0,$-19,$0,$0,$0,$-2,$-21,$-2,$0,$0
8,2016-09-30,20.14,$6.53,3.08,$38.11,0.53,$-5.16,0.0,$-0.22,0.0,$0.63B,$0.54B,1.18,$0.33B,$0.27B,1.21,$1.59B,$0.38B,24.01%,$1.59B,$0.05B,3.15%,$1.59B,$0.05B,3.15%,$1.59B,$0.08B,5.04%,$1.59B,$0.03B,2.02%,$1.59B,$-0.01B,-0.57%,$-0.01B,$0.27B,-3.16%,$-0.01B,$-0.22B,4.35%,$-0.01B,$1.99B,-0.44%,$0.05B,$0.61B,8.05%,$345,$264,$81,$0,$69,$334,$11,$-4,$7,$1,$7,$7,$2,$18,$11,$42,42,$0.04,$0.04,$83,$177,$51,$629,$210,$0,$489,$616,$1361,$1990,$535,$331,$804,$1182,$1716,$1,$917,$235,$273,$1990,$19,$24,$-3,$22,$54,$-11,$0,$-2,$-86,$-46,$-8,$0,$-2,$0,$0,$0,$48,$38,$-4,$0,$-4,$0,$0,$0,$-9,$-13,$-18,$0,$0
9,2016-06-30,14.85,$6.53,2.27,$39.19,0.38,$-7.02,0.0,$-2.84,0.0,$0.66B,$0.58B,1.15,$0.34B,$0.27B,1.23,$1.62B,$0.30B,18.75%,$1.62B,$-0.08B,-4.64%,$1.62B,$-0.08B,-4.64%,$1.62B,$-0.04B,-2.54%,$1.62B,$-0.10B,-6.19%,$1.62B,$-0.12B,-7.18%,$-0.12B,$0.27B,-39.16%,$-0.12B,$-0.22B,56.11%,$-0.12B,$2.04B,-5.43%,$-0.08B,$0.61B,-11.79%,$371,$280,$91,$0,$73,$358,$14,$-4,$10,$4,$7,$7,$-14,$20,$14,$42,42,$-0.34,$-0.34,$102,$182,$36,$660,$213,$0,$490,$624,$1379,$2039,$576,$335,$808,$1191,$1766,$1,$915,$242,$273,$2039,$17,$17,$-12,$6,$34,$-18,$0,$-1,$-62,$-39,$-4,$0,$0,$0,$0,$0,$44,$40,$0,$0,$0,$0,$0,$0,$-2,$-2,$1,$0,$0
10,2016-03-31,15.02,$6.86,2.19,$41.57,0.36,$-8.60,0.0,$-1.55,0.0,$0.67B,$0.57B,1.17,$0.34B,$0.29B,1.18,$1.70B,$0.31B,18.08%,$1.70B,$-0.10B,-5.75%,$1.70B,$-0.10B,-5.75%,$1.70B,$-0.06B,-3.46%,$1.70B,$-0.12B,-7.22%,$1.70B,$-0.06B,-3.70%,$-0.06B,$0.29B,-9.43%,$-0.06B,$-0.21B,23.64%,$-0.06B,$2.05B,-2.03%,$-0.10B,$0.62B,-8.10%,$361,$271,$90,$0,$74,$333,$28,$-2,$26,$6,$20,$20,$13,$39,$28,$41,42,$0.31,$0.31,$98,$189,$39,$666,$217,$0,$493,$625,$1387,$2052,$569,$338,$810,$1198,$1767,$1,$911,$246,$285,$2052,$14,$11,$-13,$-2,$21,$-25,$0,$-0,$-74,$-62,$-2,$0,$46,$0,$0,$0,$-0,$44,$16,$0,$16,$0,$0,$0,$-2,$14,$-4,$0,$0
11,2015-12-31,9.33,$7.44,1.25,$42.19,0.22,$-9.82,0.0,$-2.04,0.0,$0.78B,$0.66B,1.2,$0.34B,$0.31B,1.11,$1.72B,$0.29B,17.04%,$1.72B,$-0.17B,-9.95%,$1.72B,$-0.17B,-9.95%,$1.72B,$-0.13B,-7.68%,$1.72B,$-0.20B,-11.81%,$1.72B,$-0.08B,-4.83%,$-0.08B,$0.31B,-8.15%,$-0.08B,$-0.19B,24.36%,$-0.08B,$2.18B,-2.06%,$-0.17B,$0.65B,-9.70%,$510,$391,$119,$0,$103,$513,$-3,$-8,$-11,$-3,$-8,$-8,$-10,$3,$-3,$41,41,$-0.23,$-0.23,$97,$161,$135,$782,$205,$0,$497,$628,$1397,$2179,$655,$341,$812,$1216,$1871,$1,$898,$283,$308,$2179,$-117,$37,$86,$123,$-7,$-21,$0,$-5,$-45,$-39,$-16,$0,$0,$0,$0,$0,$-38,$-54,$99,$0,$99,$0,$0,$-46,$-229,$-176,$-326,$0,$-46
12,2015-09-30,11.92,$7.83,1.52,$43.51,0.27,$-7.09,0.0,$-2.67,0.0,$0.88B,$0.75B,1.17,$0.35B,$0.32B,1.09,$1.77B,$0.29B,16.20%,$1.77B,$-0.29B,-16.15%,$1.77B,$-0.29B,-16.15%,$1.77B,$-0.22B,-12.24%,$1.77B,$-0.32B,-17.90%,$1.77B,$-0.11B,-6.23%,$-0.11B,$0.32B,-7.89%,$-0.11B,$-0.21B,-468.09%,$-0.11B,$2.28B,-2.22%,$-0.29B,$0.67B,-13.01%,$374,$371,$3,$0,$107,$488,$-114,$-12,$-125,$6,$-131,$-131,$-105,$-103,$-114,$41,41,$-2.58,$-2.58,$83,$212,$110,$879,$226,$0,$533,$642,$1400,$2279,$752,$347,$804,$1208,$1960,$1,$910,$287,$319,$2279,$-104,$31,$41,$72,$-55,$-47,$0,$-6,$-82,$-114,$-13,$0,$0,$0,$0,$0,$-36,$-49,$129,$0,$129,$0,$0,$-31,$-223,$-124,$-345,$0,$-31
13,2015-06-30,18.26,$42.82,0.43,$46.02,0.4,$-5.83,0.0,$1.41,12.95,$2.25B,$1.69B,1.34,$1.14B,$1.76B,0.65,$1.88B,$0.40B,21.05%,$1.88B,$-0.17B,-9.20%,$1.88B,$-0.17B,-9.20%,$1.88B,$-0.14B,-7.39%,$1.88B,$-0.20B,-10.53%,$1.88B,$0.06B,3.08%,$0.06B,$1.76B,3.17%,$0.06B,$-0.46B,2109.09%,$0.06B,$5.89B,0.97%,$-0.17B,$2.90B,-6.11%,$459,$363,$96,$0,$101,$468,$-9,$-4,$-13,$-1,$-12,$-12,$39,$2,$-9,$41,41,$0.96,$0.96,$329,$547,$172,$2253,$664,$0,$2215,$757,$3636,$5889,$1688,$1143,$1007,$2443,$4130,$1,$2639,$-27,$1759,$5889,$26,$21,$1,$22,$-91,$-35,$0,$-4,$-148,$-100,$-7,$0,$0,$0,$0,$0,$-19,$-26,$109,$0,$109,$0,$0,$-30,$-9,$70,$-99,$0,$-30
14,2015-03-31,21.3,$41.15,0.52,$61.93,0.34,$-6.07,0.0,$1.63,13.07,$2.19B,$1.66B,1.32,$1.15B,$1.69B,0.68,$2.62B,$0.65B,24.72%,$2.62B,$-0.07B,-2.83%,$2.62B,$-0.07B,-2.83%,$2.62B,$-0.02B,-0.80%,$2.62B,$-0.11B,-4.20%,$2.62B,$0.07B,2.67%,$0.07B,$1.69B,3.58%,$0.07B,$-0.50B,96.89%,$0.07B,$5.78B,1.15%,$-0.07B,$2.84B,-2.50%,$376,$302,$75,$0,$115,$421,$-45,$-10,$-54,$-13,$-41,$-41,$-7,$-34,$-45,$41,41,$-0.18,$-0.18,$363,$525,$151,$2193,$658,$0,$2192,$737,$3587,$5780,$1658,$1150,$1001,$2434,$4092,$1009,$2615,$-68,$1688,$5780,$-10,$10,$5,$16,$-15,$-38,$0,$-1,$-115,$-109,$-3,$0,$0,$0,$0,$0,$-12,$-15,$120,$0,$120,$0,$0,$-15,$-8,$97,$-65,$0,$-15
15,2014-12-31,21.46,$44.35,0.48,$76.53,0.28,$-4.91,0.0,$8.87,2.42,$2.22B,$1.61B,1.38,$0.55B,$1.81B,0.3,$3.32B,$0.87B,26.34%,$3.32B,$-0.01B,-0.39%,$3.32B,$-0.01B,-0.39%,$3.32B,$0.06B,1.69%,$3.32B,$0.40B,12.09%,$3.32B,$0.40B,11.90%,$0.40B,$1.81B,18.62%,$0.40B,$1.27B,221.29%,$0.40B,$5.89B,6.26%,$-0.01B,$2.36B,-0.42%,$556,$444,$112,$0,$195,$673,$-117,$-7,$-124,$-22,$-101,$-101,$-37,$-81,$-117,$41,41,$-0.90,$-0.90,$237,$167,$56,$2215,$238,$0,$544,$623,$3679,$5894,$1610,$548,$824,$2473,$4082,$1,$2629,$63,$1812,$5894,$384,$70,$-241,$-171,$51,$-11,$0,$-5,$-136,$76,$-19,$0,$0,$0,$0,$0,$647,$627,$-281,$0,$-281,$-489,$-489,$-60,$-74,$-903,$-264,$0,$-60
16,2014-09-30,23.36,$49.37,0.47,$91.97,0.25,$-4.72,0.0,$11.64,2.01,$2.49B,$1.76B,1.42,$1.17B,$2.06B,0.57,$4.09B,$1.16B,28.43%,$4.09B,$0.24B,5.82%,$4.09B,$0.24B,5.82%,$4.09B,$0.23B,5.62%,$4.09B,$0.64B,15.55%,$4.09B,$0.52B,12.69%,$0.52B,$2.06B,23.47%,$0.52B,$-0.30B,-241.68%,$0.52B,$6.34B,7.92%,$0.24B,$3.23B,7.12%,$490,$377,$113,$0,$112,$492,$-2,$-5,$-7,$6,$-12,$-12,$63,$-26,$-2,$42,42,$1.51,$1.51,$502,$564,$103,$2492,$671,$0,$2352,$820,$3843,$6336,$1757,$1173,$979,$2523,$4281,$1008,$2688,$169,$2055,$6336,$429,$33,$-402,$-369,$-35,$-34,$0,$-11,$-123,$-63,$-15,$0,$662,$0,$0,$0,$0,$647,$-191,$0,$-191,$-414,$-414,$-44,$-81,$-730,$-190,$30,$-44
17,2014-06-30,26.81,$52.56,0.51,$105.69,0.25,$-7.29,0.0,$11.54,2.32,$2.51B,$1.66B,1.51,$1.18B,$2.26B,0.52,$4.75B,$1.39B,29.22%,$4.75B,$0.34B,7.10%,$4.75B,$0.34B,7.10%,$4.75B,$0.38B,8.07%,$4.75B,$0.72B,15.23%,$4.75B,$0.53B,11.06%,$0.53B,$2.26B,23.51%,$0.53B,$-0.18B,-244.19%,$0.53B,$6.44B,7.95%,$0.34B,$3.44B,9.73%,$1195,$848,$347,$0,$244,$1105,$90,$-15,$75,$19,$57,$57,$51,$120,$90,$43,44,$1.19,$1.17,$466,$551,$125,$2505,$683,$0,$2435,$818,$3936,$6441,$1657,$1181,$987,$2527,$4184,$1007,$2640,$285,$2256,$6441,$368,$57,$-454,$-397,$13,$-47,$0,$-16,$-73,$-102,$-24,$0,$101,$0,$0,$0,$581,$657,$-394,$0,$-394,$-274,$-274,$-29,$-65,$-762,$-226,$29,$-29
18,2014-03-31,24.27,$53.42,0.45,$103.74,0.23,$-11.93,0.0,$11.21,2.17,$2.60B,$1.73B,1.5,$1.09B,$2.36B,0.46,$4.71B,$1.37B,29.06%,$4.71B,$0.32B,6.75%,$4.71B,$0.32B,6.75%,$4.71B,$0.36B,7.66%,$4.71B,$0.70B,14.87%,$4.71B,$0.52B,11.01%,$0.52B,$2.36B,23.89%,$0.52B,$-0.08B,-181.79%,$0.52B,$6.57B,7.87%,$0.32B,$3.45B,9.08%,$1077,$776,$302,$0,$268,$1061,$16,$441,$457,$160,$297,$297,$318,$43,$16,$44,45,$7.19,$7.06,$486,$548,$124,$2600,$687,$0,$2442,$838,$3967,$6566,$1733,$1089,$991,$2470,$4203,$1007,$2605,$294,$2363,$6566,$318,$28,$-481,$-453,$-22,$-50,$0,$-9,$75,$-61,$-11,$0,$0,$0,$0,$0,$614,$603,$-531,$0,$-531,$-134,$-134,$-12,$-66,$-742,$-206,$25,$-12
19,2013-12-31,24.5,$47.97,0.51,$102.83,0.24,$-12.13,0.0,$4.20,5.83,$2.73B,$2.17B,1.26,$1.09B,$2.17B,0.5,$4.73B,$1.36B,28.79%,$4.73B,$0.33B,7.02%,$4.73B,$0.33B,7.02%,$4.73B,$0.38B,7.99%,$4.73B,$0.26B,5.46%,$4.73B,$0.21B,4.44%,$0.21B,$2.17B,10.00%,$0.21B,$-0.31B,-57.89%,$0.21B,$6.86B,3.16%,$0.33B,$3.26B,9.30%,$1329,$928,$401,$0,$247,$1195,$134,$-23,$111,$26,$85,$85,$87,$93,$134,$45,46,$1.94,$1.91,$692,$506,$104,$2733,$697,$0,$2477,$949,$4123,$6856,$2174,$1090,$993,$2510,$4684,$1005,$2303,$288,$2172,$6856,$212,$46,$301,$347,$25,$-4,$0,$-264,$-454,$105,$-32,$0,$0,$0,$0,$0,$-15,$-47,$0,$0,$0,$-260,$-260,$-35,$-41,$-335,$-292,$27,$-35
20,2013-09-30,20.77,$47.23,0.44,$100.13,0.21,$-13.98,0.0,$5.12,4.06,$2.64B,$1.59B,1.66,$1.56B,$2.14B,0.73,$4.72B,$1.35B,28.57%,$4.72B,$-0.09B,-1.88%,$4.72B,$-0.09B,-1.88%,$4.72B,$0.31B,6.57%,$4.72B,$-0.16B,-3.37%,$4.72B,$0.19B,3.92%,$0.19B,$2.14B,8.74%,$0.19B,$-0.30B,-53.78%,$0.19B,$6.55B,2.75%,$-0.09B,$3.70B,-2.39%,$1146,$809,$337,$0,$225,$1049,$97,$-17,$80,$17,$63,$63,$69,$127,$97,$45,45,$1.55,$1.54,$491,$570,$143,$2637,$702,$0,$2439,$772,$3912,$6549,$1592,$1559,$933,$2815,$4407,$1004,$2766,$-213,$2142,$6549,$126,$87,$146,$232,$78,$-59,$0,$-271,$-515,$-158,$-43,$0,$0,$0,$0,$0,$11,$-31,$0,$0,$0,$-249,$-249,$-24,$-24,$-297,$-493,$29,$-24
21,2013-06-30,17.61,$44.39,0.4,$98.21,0.18,$-13.72,0.0,$4.88,3.61,$2.44B,$1.56B,1.56,$1.58B,$2.01B,0.78,$4.75B,$1.33B,27.98%,$4.75B,$-0.11B,-2.29%,$4.75B,$-0.11B,-2.29%,$4.75B,$0.29B,6.00%,$4.75B,$-0.18B,-3.81%,$4.75B,$0.17B,3.66%,$0.17B,$2.01B,8.06%,$0.17B,$-0.46B,-45.08%,$0.17B,$6.40B,2.50%,$-0.11B,$3.59B,-2.89%,$1162,$832,$330,$0,$233,$1091,$71,$-18,$53,$14,$39,$39,$45,$98,$71,$46,46,$0.99,$0.98,$353,$624,$145,$2436,$720,$0,$2471,$772,$3964,$6400,$1559,$1577,$932,$2829,$4388,$1003,$2715,$-288,$2012,$6400,$57,$57,$123,$180,$-6,$-85,$0,$-261,$-547,$-310,$-35,$0,$-1,$0,$0,$0,$-6,$-42,$0,$0,$0,$-249,$-249,$-12,$-18,$-279,$-631,$26,$-12
22,2013-03-31,19.25,$44.35,0.43,$97.33,0.2,$-11.29,0.0,$4.97,3.87,$2.87B,$1.56B,1.84,$1.65B,$2.08B,0.8,$4.83B,$1.33B,27.58%,$4.83B,$-0.11B,-2.30%,$4.83B,$-0.11B,-2.30%,$4.83B,$0.29B,5.90%,$4.83B,$-0.19B,-3.87%,$4.83B,$0.18B,3.64%,$0.18B,$2.08B,8.00%,$0.18B,$-0.39B,-43.03%,$0.18B,$6.81B,2.45%,$-0.11B,$3.73B,-2.90%,$1091,$797,$293,$0,$253,$1061,$30,$-16,$14,$-0,$15,$15,$9,$60,$30,$46,47,$0.19,$0.18,$755,$586,$163,$2874,$727,$0,$2462,$742,$3931,$6805,$1561,$1652,$1191,$3169,$4730,$1002,$2688,$-304,$2075,$6805,$10,$30,$107,$137,$-20,$-58,$0,$-7,$-214,$-66,$-19,$0,$0,$0,$0,$0,$-0,$-19,$-5,$0,$-5,$-131,$-131,$-1,$-6,$-142,$-229,$20,$-1
23,2012-12-31,17.05,$46.28,0.37,$96.76,0.18,$-14.51,0.0,$5.18,3.29,$3.20B,$1.78B,1.8,$1.65B,$2.24B,0.74,$4.90B,$1.34B,27.37%,$4.90B,$-0.12B,-2.53%,$4.90B,$-0.12B,-2.53%,$4.90B,$0.27B,5.51%,$4.90B,$-0.18B,-3.68%,$4.90B,$0.18B,3.70%,$0.18B,$2.24B,8.03%,$0.18B,$-0.23B,-41.14%,$0.18B,$7.13B,2.46%,$-0.12B,$3.89B,-3.21%,$1323,$933,$389,$0,$377,$1609,$-287,$-19,$-306,$-46,$-260,$-260,$62,$25,$-287,$50,50,$1.23,$1.26,$984,$523,$149,$3203,$729,$0,$2465,$734,$3928,$7130,$1783,$1650,$1213,$3112,$4895,$999,$2138,$285,$2236,$7130,$183,$394,$-156,$237,$-214,$58,$0,$-19,$-351,$70,$-82,$0,$-34,$0,$0,$0,$1147,$1031,$-357,$0,$-357,$-246,$-246,$-64,$-4,$-670,$433,$39,$-64
24,2012-09-30,15.84,$45.53,0.35,$89.66,0.18,$-10.79,0.0,$3.58,4.42,$3.29B,$2.33B,1.41,$1.59B,$2.31B,0.69,$4.56B,$1.23B,26.92%,$4.56B,$0.22B,4.85%,$4.56B,$0.22B,4.85%,$4.56B,$0.33B,7.15%,$4.56B,$0.15B,3.20%,$4.56B,$0.17B,3.77%,$0.17B,$2.31B,7.63%,$0.17B,$-0.47B,-33.78%,$0.17B,$7.47B,2.32%,$0.22B,$3.91B,5.62%,$1177,$859,$318,$0,$226,$1100,$77,$-19,$58,$10,$49,$49,$58,$102,$77,$50,50,$1.16,$1.16,$346,$629,$153,$3288,$657,$0,$2778,$746,$4181,$7469,$2326,$1594,$1069,$2831,$5157,$998,$2569,$-233,$2312,$7469,$121,$82,$49,$131,$-192,$-22,$0,$-15,$-405,$-153,$-56,$0,$-31,$0,$0,$0,$6,$-81,$145,$0,$145,$-75,$-75,$-39,$5,$37,$-205,$34,$-39
25,2012-06-30,15.76,$42.90,0.37,$89.10,0.18,$-5.65,0.0,$3.62,4.35,$3.23B,$2.34B,1.38,$1.60B,$2.18B,0.73,$4.55B,$1.23B,27.12%,$4.55B,$0.23B,5.10%,$4.55B,$0.23B,5.10%,$4.55B,$0.33B,7.35%,$4.55B,$0.13B,2.79%,$4.55B,$0.18B,3.85%,$0.18B,$2.18B,7.81%,$0.18B,$-0.55B,-41.94%,$0.18B,$7.34B,2.47%,$0.23B,$3.77B,6.11%,$1242,$909,$333,$0,$247,$1173,$69,$-22,$47,$9,$38,$38,$47,$98,$69,$50,51,$0.95,$0.93,$328,$613,$162,$3233,$644,$0,$2727,$739,$4111,$7344,$2344,$1595,$1085,$2825,$5169,$997,$2524,$-312,$2175,$7344,$61,$57,$2,$59,$-172,$-14,$0,$-11,$-341,$-221,$-37,$0,$-31,$0,$0,$0,$8,$-59,$157,$0,$157,$-75,$-75,$-25,$8,$65,$-224,$28,$-25
26,2012-03-31,18.64,$44.86,0.42,$86.84,0.21,$-1.24,0.0,$3.36,5.55,$3.25B,$2.32B,1.4,$1.60B,$2.29B,0.7,$4.44B,$1.21B,27.33%,$4.44B,$0.21B,4.75%,$4.44B,$0.21B,4.75%,$4.44B,$0.33B,7.43%,$4.44B,$0.11B,2.48%,$4.44B,$0.16B,3.65%,$0.16B,$2.29B,7.13%,$0.16B,$-0.51B,-51.67%,$0.16B,$7.46B,2.37%,$0.21B,$3.89B,5.69%,$1154,$854,$300,$0,$272,$1136,$17,$4,$21,$13,$8,$8,$14,$45,$17,$51,51,$0.27,$0.26,$337,$628,$158,$3249,$666,$0,$2803,$745,$4213,$7462,$2318,$1597,$1113,$2854,$5172,$997,$2489,$-182,$2290,$7462,$13,$28,$-34,$-6,$-84,$-35,$0,$-6,$-244,$-237,$-21,$0,$-31,$0,$0,$0,$6,$-46,$114,$0,$114,$-43,$-43,$-13,$6,$64,$-214,$22,$-13
27,2011-12-31,14.44,$43.81,0.33,$83.76,0.17,$2.77,5.21,$3.55,4.07,$3.29B,$1.96B,1.68,$1.93B,$2.24B,0.86,$4.27B,$1.21B,28.25%,$4.27B,$0.24B,5.52%,$4.27B,$0.24B,5.52%,$4.27B,$0.35B,8.17%,$4.27B,$0.12B,2.83%,$4.27B,$0.17B,4.00%,$0.17B,$2.24B,7.58%,$0.17B,$-0.51B,-71.40%,$0.17B,$7.39B,2.64%,$0.24B,$4.16B,6.61%,$985,$710,$276,$0,$201,$927,$58,$-39,$20,$-16,$36,$36,$53,$81,$58,$50,51,$1.05,$1.04,$551,$587,$132,$3289,$650,$0,$2744,$709,$4103,$7392,$1962,$1926,$1136,$3193,$5155,$994,$2488,$-247,$2237,$7392,$176,$111,$174,$285,$-15,$-59,$0,$-21,$-139,$323,$-145,$0,$-748,$0,$0,$0,$-52,$-944,$782,$0,$782,$0,$0,$-53,$-14,$714,$96,$39,$-53
28,2011-09-30,10.81,$44.40,0.24,$75.08,0.14,$2.92,3.7,$3.61,2.99,$2.56B,$1.79B,1.43,$1.12B,$2.26B,0.49,$3.83B,$1.12B,29.23%,$3.83B,$0.25B,6.54%,$3.83B,$0.25B,6.54%,$3.83B,$0.34B,8.92%,$3.83B,$0.16B,4.18%,$3.83B,$0.18B,4.78%,$0.18B,$2.26B,8.24%,$0.18B,$-0.10B,-164.86%,$0.18B,$6.19B,2.98%,$0.25B,$3.38B,7.50%,$1166,$842,$324,$0,$223,$1078,$88,$-49,$39,$-12,$51,$51,$61,$110,$88,$51,51,$1.20,$1.20,$396,$695,$128,$2561,$590,$0,$2361,$662,$3625,$6186,$1792,$1115,$944,$2130,$3922,$993,$2439,$-161,$2264,$6186,$122,$89,$91,$180,$-57,$-108,$0,$-18,$-181,$121,$-73,$0,$-8,$0,$0,$0,$-52,$-133,$-4,$0,$-4,$0,$0,$-41,$-10,$-54,$-59,$33,$-41
29,2011-06-30,19.63,$44.90,0.44,$77.67,0.25,$2.06,9.55,$3.19,6.15,$2.56B,$1.79B,1.43,$1.11B,$2.29B,0.48,$3.95B,$1.17B,29.69%,$3.95B,$0.27B,6.87%,$3.95B,$0.27B,6.87%,$3.95B,$0.37B,9.30%,$3.95B,$0.18B,4.61%,$3.95B,$0.16B,4.08%,$0.16B,$2.29B,7.44%,$0.16B,$-0.14B,-92.80%,$0.16B,$6.25B,2.65%,$0.27B,$3.40B,8.25%,$1137,$822,$314,$0,$232,$1089,$48,$-18,$30,$5,$25,$25,$34,$94,$48,$51,51,$0.68,$0.67,$395,$666,$148,$2563,$569,$0,$2431,$673,$3685,$6248,$1793,$1111,$970,$2161,$3954,$992,$2391,$-69,$2294,$6248,$60,$67,$36,$103,$-45,$-65,$0,$-13,$-152,$11,$-44,$0,$-7,$0,$0,$0,$-51,$-103,$43,$0,$43,$-1,$-1,$-28,$-5,$8,$-60,$26,$-28
30,2011-03-31,18.79,$43.60,0.43,$79.18,0.24,$2.65,7.08,$4.09,4.59,$2.44B,$1.70B,1.43,$1.11B,$2.22B,0.5,$4.00B,$1.21B,30.28%,$4.00B,$0.31B,7.78%,$4.00B,$0.31B,7.78%,$4.00B,$0.39B,9.73%,$4.00B,$0.23B,5.65%,$4.00B,$0.21B,5.15%,$0.21B,$2.22B,10.04%,$0.21B,$-0.22B,-87.01%,$0.21B,$6.10B,3.50%,$0.31B,$3.33B,9.80%,$985,$692,$293,$0,$242,$943,$42,$-11,$32,$11,$21,$21,$23,$64,$42,$50,51,$0.46,$0.45,$372,$615,$181,$2439,$553,$0,$2439,$673,$3665,$6104,$1703,$1111,$977,$2177,$3881,$991,$2369,$-104,$2223,$6104,$25,$21,$19,$40,$6,$-12,$0,$-9,$-101,$-36,$-15,$0,$-7,$0,$0,$0,$-42,$-65,$23,$0,$23,$-4,$-4,$-16,$0,$4,$-83,$19,$-16
31,2010-12-31,16.86,$41.83,0.4,$81.57,0.21,$2.89,5.83,$4.08,4.13,$2.80B,$1.73B,1.62,$1.11B,$2.10B,0.53,$4.10B,$1.23B,30.03%,$4.10B,$0.32B,7.83%,$4.10B,$0.32B,7.83%,$4.10B,$0.41B,9.88%,$4.10B,$0.22B,5.46%,$4.10B,$0.21B,5.00%,$0.21B,$2.10B,10.46%,$0.21B,$0.01B,-71.12%,$0.21B,$5.99B,3.55%,$0.32B,$3.22B,10.40%,$537,$350,$187,$0,$102,$465,$72,$-13,$59,$8,$51,$51,$65,$73,$72,$50,50,$1.31,$1.29,$455,$455,$169,$2802,$495,$0,$2097,$599,$3191,$5993,$1732,$1111,$963,$2157,$3889,$987,$2359,$-193,$2104,$5993,$203,$84,$242,$325,$-167,$19,$0,$-20,$-274,$254,$-71,$0,$-105,$0,$0,$0,$-7,$-183,$-84,$0,$-84,$4,$4,$-52,$-15,$-147,$-68,$30,$-52
32,2010-09-30,14.87,$40.62,0.37,$83.92,0.18,$6.99,2.13,$1.33,11.18,$2.43B,$1.71B,1.42,$1.16B,$2.03B,0.57,$4.21B,$1.27B,30.24%,$4.21B,$0.37B,8.81%,$4.21B,$0.37B,8.81%,$4.21B,$0.46B,10.81%,$4.21B,$0.27B,6.44%,$4.21B,$0.07B,1.62%,$0.07B,$2.03B,3.57%,$0.07B,$-0.35B,-17.14%,$0.07B,$5.91B,1.19%,$0.37B,$3.19B,12.22%,$1288,$910,$378,$0,$254,$1180,$109,$-47,$61,$22,$40,$40,$39,$136,$109,$50,50,$0.79,$0.78,$391,$582,$166,$2427,$535,$0,$2382,$482,$3485,$5912,$1712,$1155,$1012,$2167,$3878,$984,$2306,$-194,$2034,$5912,$139,$83,$147,$230,$-230,$2,$0,$-23,$-328,$41,$-36,$0,$-122,$0,$0,$0,$12,$-146,$28,$0,$28,$0,$0,$-38,$-18,$-28,$-132,$25,$-38
33,2010-06-30,12.36,$36.92,0.33,$82.02,0.15,$10.63,1.16,$1.48,8.35,$2.25B,$1.58B,1.43,$1.11B,$1.85B,0.6,$4.10B,$1.25B,30.52%,$4.10B,$0.36B,8.89%,$4.10B,$0.36B,8.89%,$4.10B,$0.45B,10.96%,$4.10B,$0.29B,7.08%,$4.10B,$0.08B,1.83%,$0.08B,$1.85B,3.90%,$0.08B,$-0.39B,-18.76%,$0.08B,$5.56B,1.32%,$0.36B,$2.95B,11.95%,$1189,$836,$353,$0,$255,$1101,$88,$-14,$74,$4,$70,$70,$79,$116,$88,$50,50,$1.59,$1.57,$408,$544,$174,$2249,$520,$0,$2235,$460,$3309,$5558,$1576,$1107,$1029,$2137,$3713,$984,$2279,$-345,$1845,$5558,$99,$56,$65,$121,$-139,$14,$0,$-17,$-200,$21,$-24,$0,$-58,$0,$0,$0,$5,$-77,$0,$0,$0,$0,$0,$-25,$-8,$-33,$-115,$20,$-25
34,2010-03-31,15.46,$37.23,0.42,$82.53,0.19,$10.50,1.47,$0.59,26.2,$2.28B,$1.62B,1.41,$1.14B,$1.86B,0.61,$4.10B,$1.25B,30.36%,$4.10B,$0.35B,8.61%,$4.10B,$0.35B,8.61%,$4.10B,$0.44B,10.66%,$4.10B,$0.28B,6.75%,$4.10B,$0.03B,0.71%,$0.03B,$1.86B,1.48%,$0.03B,$-0.42B,-7.04%,$0.03B,$5.66B,0.51%,$0.35B,$2.99B,11.34%,$1085,$771,$313,$0,$248,$1033,$52,$-22,$30,$12,$18,$18,$22,$80,$52,$50,50,$0.45,$0.44,$464,$569,$146,$2283,$536,$0,$2279,$448,$3380,$5662,$1623,$1135,$1047,$2182,$3805,$983,$2213,$-255,$1857,$5662,$21,$28,$51,$79,$-49,$-2,$0,$-11,$-127,$-27,$-12,$0,$-27,$0,$0,$0,$1,$-37,$31,$0,$31,$0,$0,$-12,$-9,$9,$-59,$12,$-12
35,2009-12-31,12.7,$38.11,0.33,$83.87,0.15,$10.18,1.25,$0.63,20.15,$2.31B,$1.66B,1.39,$1.13B,$1.88B,0.6,$4.18B,$1.26B,30.27%,$4.18B,$0.37B,8.96%,$4.18B,$0.37B,8.96%,$4.18B,$0.46B,10.90%,$4.18B,$0.30B,7.14%,$4.18B,$0.03B,0.74%,$0.03B,$1.88B,1.58%,$0.03B,$-0.43B,-7.16%,$0.03B,$5.73B,0.54%,$0.37B,$3.01B,11.86%,$648,$419,$229,$0,$108,$527,$122,$-15,$106,$10,$96,$96,$-72,$123,$122,$49,50,$-1.47,$-1.45,$523,$559,$121,$2313,$546,$0,$2308,$443,$3412,$5725,$1660,$1129,$963,$2184,$3844,$979,$2203,$-214,$1882,$5725,$16,$81,$394,$475,$290,$135,$0,$-50,$-20,$471,$-86,$0,$-131,$0,$0,$0,$30,$-188,$-74,$0,$-74,$-112,$-112,$-50,$-3,$-239,$47,$27,$-50
36,2009-09-30,14.16,$42.77,0.33,$98.26,0.14,$7.78,1.82,$1.61,8.79,$2.39B,$1.64B,1.46,$1.13B,$2.11B,0.53,$5.02B,$1.49B,29.77%,$5.02B,$0.30B,6.04%,$5.02B,$0.30B,6.04%,$5.02B,$0.53B,10.56%,$5.02B,$0.24B,4.78%,$5.02B,$0.07B,1.47%,$0.07B,$2.11B,3.70%,$0.07B,$-0.36B,-17.65%,$0.07B,$5.77B,1.26%,$0.30B,$3.23B,9.47%,$1174,$819,$355,$0,$227,$1071,$102,$-22,$80,$29,$51,$51,$46,$130,$102,$49,50,$0.94,$0.93,$438,$592,$125,$2394,$520,$0,$2468,$390,$3378,$5772,$1638,$1125,$789,$2027,$3665,$978,$2308,$-89,$2107,$5772,$89,$80,$190,$270,$98,$45,$0,$-47,$-114,$245,$-60,$0,$0,$0,$0,$0,$30,$-30,$-103,$0,$-103,$-113,$-113,$-37,$-6,$-259,$-38,$22,$-37
37,2009-06-30,11.27,$40.23,0.28,$101.52,0.11,$5.43,2.07,$2.81,4.01,$2.50B,$1.73B,1.45,$1.24B,$1.97B,0.63,$5.33B,$1.58B,29.68%,$5.33B,$0.36B,6.68%,$5.33B,$0.36B,6.68%,$5.33B,$0.58B,10.91%,$5.33B,$0.29B,5.43%,$5.33B,$0.15B,2.72%,$0.15B,$1.97B,6.99%,$0.15B,$-0.44B,-37.18%,$0.15B,$5.81B,2.38%,$0.36B,$3.21B,10.82%,$1194,$845,$348,$0,$242,$1116,$78,$-17,$61,$22,$39,$39,$33,$104,$78,$49,49,$0.68,$0.68,$435,$617,$106,$2502,$508,$0,$2413,$387,$3308,$5810,$1731,$1239,$782,$2105,$3836,$976,$2274,$-185,$1974,$5810,$57,$52,$124,$175,$88,$56,$0,$-32,$-198,$35,$-45,$0,$0,$0,$0,$0,$30,$-15,$123,$0,$123,$-113,$-113,$-25,$-27,$-42,$-41,$15,$-25
38,2009-03-31,10.77,$38.45,0.28,$104.91,0.1,$5.59,1.93,$3.87,2.78,$2.57B,$1.81B,1.42,$1.27B,$1.88B,0.68,$5.64B,$1.69B,30.05%,$5.64B,$0.44B,7.79%,$5.64B,$0.44B,7.79%,$5.64B,$0.67B,11.80%,$5.64B,$0.37B,6.53%,$5.64B,$0.21B,3.67%,$0.21B,$1.88B,9.59%,$0.21B,$-0.51B,-54.76%,$0.21B,$5.83B,3.28%,$0.44B,$3.15B,13.04%,$1160,$828,$332,$0,$242,$1087,$73,$-22,$51,$12,$38,$38,$24,$98,$73,$50,50,$0.49,$0.48,$431,$649,$131,$2566,$495,$0,$2389,$385,$3268,$5834,$1805,$1271,$788,$2146,$3951,$975,$2253,$-244,$1883,$5834,$24,$25,$64,$89,$40,$11,$0,$-18,$-152,$-39,$-15,$0,$0,$0,$0,$0,$26,$11,$148,$0,$148,$-113,$-113,$-13,$-20,$2,$-45,$9,$-13
39,2008-12-31,9.24,$39.99,0.23,$106.78,0.09,$6.20,1.49,$4.52,2.04,$2.84B,$2.03B,1.4,$1.16B,$2.05B,0.57,$5.83B,$1.77B,30.31%,$5.83B,$0.47B,8.10%,$5.83B,$0.47B,8.10%,$5.83B,$0.70B,12.01%,$5.83B,$0.41B,7.07%,$5.83B,$0.25B,4.26%,$0.25B,$2.05B,11.11%,$0.25B,$-0.37B,-63.75%,$0.25B,$6.14B,3.83%,$0.47B,$3.20B,13.76%,$1490,$1031,$459,$0,$271,$1439,$51,$-4,$48,$55,$-7,$-7,$-29,$198,$51,$54,54,$-0.45,$-0.42,$476,$667,$181,$2839,$500,$0,$2417,$382,$3299,$6138,$2025,$1155,$789,$2068,$4093,$972,$2241,$-180,$2045,$6138,$273,$228,$179,$406,$-255,$-48,$0,$-28,$-273,$406,$-116,$0,$-15,$0,$0,$0,$118,$-14,$-195,$0,$-195,$-34,$-34,$-54,$-30,$-313,$122,$42,$-54
40,2008-09-30,17.41,$44.02,0.4,$99.70,0.17,$7.57,2.3,$7.02,2.48,$3.01B,$2.18B,1.38,$1.19B,$2.40B,0.5,$5.48B,$1.68B,30.56%,$5.48B,$0.55B,9.99%,$5.48B,$0.55B,9.99%,$5.48B,$0.65B,11.83%,$5.48B,$0.48B,8.77%,$5.48B,$0.39B,7.02%,$0.39B,$2.40B,17.32%,$0.39B,$-0.24B,-85.65%,$0.39B,$6.56B,5.92%,$0.55B,$3.59B,15.92%,$1482,$1040,$442,$0,$276,$1327,$155,$-26,$129,$18,$111,$111,$117,$181,$155,$54,55,$2.16,$2.12,$466,$721,$166,$3013,$504,$0,$2638,$409,$3550,$6563,$2179,$1194,$571,$1990,$4169,$971,$2279,$65,$2395,$6563,$278,$81,$82,$163,$-181,$-47,$0,$-14,$-288,$153,$-76,$0,$-13,$0,$0,$0,$31,$-58,$15,$0,$15,$80,$80,$-40,$-53,$2,$112,$33,$-40
41,2008-06-30,29.71,$42.84,0.69,$94.31,0.32,$8.36,3.56,$6.60,4.5,$3.07B,$2.33B,1.32,$1.21B,$2.31B,0.52,$5.17B,$1.58B,30.54%,$5.17B,$0.51B,9.93%,$5.17B,$0.51B,9.93%,$5.17B,$0.61B,11.79%,$5.17B,$0.46B,8.89%,$5.17B,$0.36B,6.98%,$0.36B,$2.31B,17.35%,$0.36B,$-0.39B,-71.59%,$0.36B,$6.69B,5.83%,$0.51B,$3.52B,15.89%,$1505,$1044,$461,$0,$291,$1345,$160,$-20,$140,$49,$90,$90,$95,$188,$160,$54,55,$1.77,$1.73,$420,$764,$149,$3071,$505,$0,$2703,$410,$3618,$6690,$2334,$1213,$570,$2043,$4378,$970,$2175,$131,$2312,$6690,$159,$55,$45,$100,$-178,$-65,$0,$-10,$-216,$43,$-45,$0,$0,$0,$0,$0,$-3,$-48,$116,$0,$116,$0,$0,$-27,$-42,$48,$66,$26,$-27
42,2008-03-31,23.62,$40.84,0.58,$87.86,0.27,$10.25,2.3,$5.98,3.95,$2.90B,$2.30B,1.26,$1.23B,$2.18B,0.57,$4.88B,$1.45B,29.67%,$4.88B,$0.46B,9.45%,$4.88B,$0.46B,9.45%,$4.88B,$0.55B,11.24%,$4.88B,$0.42B,8.65%,$4.88B,$0.33B,6.77%,$0.33B,$2.18B,16.64%,$0.33B,$-0.55B,-65.87%,$0.33B,$6.54B,5.67%,$0.46B,$3.41B,15.29%,$1350,$946,$404,$0,$290,$1244,$106,$-12,$95,$30,$64,$64,$65,$133,$106,$53,54,$1.15,$1.13,$385,$739,$115,$2896,$502,$0,$2730,$409,$3641,$6537,$2297,$1231,$592,$2060,$4357,$969,$2094,$142,$2180,$6537,$65,$27,$11,$38,$-88,$-40,$0,$-3,$-108,$-6,$-20,$0,$-0,$0,$0,$0,$-2,$-22,$54,$0,$54,$0,$0,$-13,$-1,$40,$31,$16,$-13
43,2007-12-31,23.1,$38.00,0.61,$79.81,0.29,$10.20,2.27,$5.34,4.33,$2.76B,$2.17B,1.27,$1.24B,$2.01B,0.62,$4.54B,$1.32B,29.06%,$4.54B,$0.41B,8.98%,$4.54B,$0.41B,8.98%,$4.54B,$0.49B,10.72%,$4.54B,$0.38B,8.26%,$4.54B,$0.29B,6.47%,$0.29B,$2.01B,14.97%,$0.29B,$-0.61B,-73.59%,$0.29B,$6.24B,5.35%,$0.41B,$3.24B,14.20%,$1147,$779,$369,$0,$231,$1020,$127,$-10,$117,$24,$94,$94,$108,$147,$127,$55,56,$1.92,$1.89,$354,$658,$112,$2758,$456,$0,$2620,$404,$3480,$6237,$2173,$1235,$574,$2058,$4231,$964,$2046,$38,$2006,$6237,$296,$77,$152,$229,$17,$-34,$0,$-5,$-65,$461,$-83,$0,$-567,$0,$0,$0,$121,$-529,$546,$0,$546,$-583,$-583,$-57,$26,$-68,$-123,$40,$-57
44,2007-09-30,20.74,$34.85,0.6,$74.39,0.28,$3.87,5.36,$4.79,4.33,$2.27B,$1.81B,1.26,$0.94B,$1.83B,0.51,$4.30B,$1.21B,28.07%,$4.30B,$0.38B,8.88%,$4.30B,$0.38B,8.88%,$4.30B,$0.46B,10.63%,$4.30B,$0.35B,8.19%,$4.30B,$0.27B,6.35%,$0.27B,$1.83B,13.72%,$0.27B,$-0.46B,-100.92%,$0.27B,$5.30B,5.16%,$0.38B,$2.76B,13.75%,$1172,$826,$346,$0,$218,$1051,$121,$-13,$108,$13,$95,$95,$93,$142,$121,$53,54,$1.75,$1.71,$283,$605,$96,$2267,$390,$0,$2288,$352,$3030,$5297,$1805,$937,$593,$1666,$3471,$959,$1951,$-1,$1826,$5297,$186,$58,$137,$195,$-36,$-69,$0,$-3,$-215,$165,$-47,$0,$-42,$0,$0,$0,$134,$45,$258,$0,$258,$-617,$-617,$-44,$-14,$-415,$-194,$32,$-44
45,2007-06-30,19.62,$35.23,0.56,$70.57,0.28,$0.47,41.83,$2.26,8.68,$2.16B,$1.70B,1.27,$0.72B,$1.92B,0.38,$4.16B,$1.16B,27.88%,$4.16B,$0.35B,8.39%,$4.16B,$0.35B,8.39%,$4.16B,$0.42B,10.05%,$4.16B,$0.33B,7.86%,$4.16B,$0.13B,3.17%,$0.13B,$1.92B,6.57%,$0.13B,$-0.38B,-61.61%,$0.13B,$5.20B,2.50%,$0.35B,$2.64B,12.66%,$1208,$880,$328,$0,$216,$1101,$107,$-5,$102,$30,$71,$71,$64,$126,$107,$56,57,$1.14,$1.12,$342,$582,$89,$2158,$396,$0,$2297,$348,$3040,$5198,$1702,$724,$633,$1577,$3279,$957,$1869,$-50,$1919,$5198,$93,$37,$144,$181,$8,$-56,$0,$-2,$-140,$134,$-28,$0,$0,$0,$0,$0,$137,$109,$31,$0,$31,$-380,$-380,$-30,$-6,$-385,$-136,$24,$-30
46,2007-03-31,15.64,$36.97,0.42,$66.80,0.23,$-4.28,0.0,$2.97,5.27,$2.28B,$1.59B,1.43,$0.74B,$2.10B,0.35,$4.00B,$1.13B,28.15%,$4.00B,$0.31B,7.78%,$4.00B,$0.31B,7.78%,$4.00B,$0.38B,9.48%,$4.00B,$0.27B,6.81%,$4.00B,$0.18B,4.45%,$0.18B,$2.10B,8.74%,$0.18B,$-0.14B,-99.86%,$0.18B,$5.25B,3.36%,$0.31B,$2.85B,11.12%,$1015,$738,$277,$0,$219,$962,$53,$-5,$48,$17,$32,$32,$29,$72,$53,$59,60,$0.50,$0.49,$287,$576,$82,$2277,$387,$0,$2249,$337,$2972,$5249,$1591,$742,$649,$1554,$3145,$948,$1819,$-73,$2104,$5249,$29,$18,$11,$29,$63,$-57,$0,$-1,$-79,$-21,$-11,$0,$-2,$0,$0,$0,$-2,$-14,$-54,$0,$-54,$-91,$-91,$-15,$-1,$-161,$-191,$14,$-15
47,2006-12-31,13.58,$35.89,0.38,$64.50,0.21,$-5.96,0.0,$2.83,4.8,$2.52B,$1.73B,1.45,$0.75B,$2.11B,0.36,$3.94B,$1.10B,27.98%,$3.94B,$0.30B,7.60%,$3.94B,$0.30B,7.60%,$3.94B,$0.37B,9.35%,$3.94B,$0.26B,6.68%,$3.94B,$0.17B,4.35%,$0.17B,$2.11B,8.55%,$0.17B,$-0.10B,-78.62%,$0.17B,$5.44B,3.23%,$0.30B,$2.86B,10.79%,$905,$649,$256,$0,$153,$804,$101,$-7,$94,$19,$76,$76,$87,$117,$101,$58,61,$1.54,$1.47,$477,$496,$87,$2518,$359,$0,$2207,$353,$2920,$5437,$1733,$754,$649,$1595,$3328,$937,$1754,$-87,$2109,$5437,$171,$69,$162,$231,$-201,$-37,$0,$-189,$-330,$72,$-49,$0,$-169,$0,$0,$0,$114,$-104,$237,$0,$237,$-252,$-252,$-60,$-1,$-76,$-103,$37,$-60
