,Date,Stock Price,Book Value per Share,Price to Book Ratio,TTM Sales per Share,Price to Sales Ratio,TTM FCF per Share,Price to FCF Ratio,TTM Net EPS,PE Ratio,Current Assets,Current Liabilities,Current Ratio,Long Term Debt,Shareholder's Equity_x,Debt to Equity Ratio,TTM Revenue_x,TTM Gross Profit,Gross Margin,TTM Revenue_y,TTM Operating Income,Operating Margin,TTM Revenue_x,TTM EBIT,EBIT Margin,TTM Revenue_y,TTM EBITDA,EBITDA Margin,TTM Revenue_x,TTM Pre-Tax Income,Pre-Tax Margin,TTM Revenue_y,TTM Net Income_x,Net Margin,TTM Net Income_y,Shareholder's Equity_y,Return on Equity,TTM Net Income_x,Tangible Equity,Return on Tangible Equity,TTM Net Income_y,Total Assets,Return on Assets,TTM Net Income,LT Investments & Debt,Return on Investment,revenue,cost-goods-sold,gross-profit,research-development-expenses,selling-general-administrative-expenses,operating-expenses,operating-income,total-non-operating-income-expense,pre-tax-income,total-provision-income-taxes,income-after-taxes,income-from-continuous-operations,net-income,ebitda,ebit,basic-shares-outstanding,shares-outstanding,eps-basic-net-earnings-per-share,eps-earnings-per-share-diluted,cash-on-hand,inventory,other-current-assets,total-current-assets,net-property-plant-equipment,long-term-investments,goodwill-intangible-assets-total,other-long-term-assets,total-long-term-assets,total-assets,total-current-liabilities,long-term-debt,other-non-current-liabilities,total-long-term-liabilities,total-liabilities,common-stock-net,retained-earnings-accumulated-deficit,comprehensive-income,total-share-holder-equity,total-liabilities-share-holders-equity,net-income-loss,total-depreciation-amortization-cash-flow,other-non-cash-items,total-non-cash-items,change-in-accounts-receivable,change-in-inventories,change-in-accounts-payable,change-in-assets-liabilities,total-change-in-assets-liabilities,cash-flow-from-operating-activities,net-change-in-property-plant-equipment,net-change-in-intangible-assets,net-acquisitions-divestitures,net-change-in-short-term-investments,net-change-in-long-term-investments,net-change-in-investments-total,investing-activities-other,cash-flow-from-investing-activities,net-long-term-debt,net-current-debt,debt-issuance-retirement-net-total,net-common-equity-issued-repurchased,net-total-equity-issued-repurchased,total-common-preferred-stock-dividends-paid,financial-activities-other,cash-flow-from-financial-activities,net-cash-flow,stock-based-compensation,common-stock-dividends-paid
0,2018-09-30,99.01,$2.72,36.38,$7.19,13.77,$0.67,147.95,$-0.11,0.0,$2.88B,$1.86B,1.54,$0.90B,$1.12B,0.8,$2.98B,$1.16B,39.03%,$2.98B,$-0.05B,-1.58%,$2.98B,$-0.05B,-1.58%,$2.98B,$0.00B,0.07%,$2.98B,$-0.02B,-0.80%,$2.98B,$-0.03B,-0.87%,$-0.03B,$1.12B,-2.74%,$-0.03B,$0.78B,-3.50%,$-0.03B,$3.97B,-0.86%,$-0.05B,$2.02B,-2.90%,$882,$529,$353,$136,$202,$892,$-10,$31,$21,$1,$20,$20,$20,$6,$-10,$410,475,$0.05,$0.04,$1204,$0,$479,$2877,$130,$0,$341,$87,$1096,$3973,$1864,$898,$90,$988,$2851,$0,$-858,$-6,$1122,$3973,$-10,$38,$-381,$-343,$0,$0,$575,$-134,$472,$119,$-37,$-2,$-112,$-624,$0,$-624,$0,$-775,$610,$0,$610,$207,$207,$0,$-127,$691,$30,$158,$0
1,2018-06-30,61.64,$2.66,23.19,$6.86,8.99,$0.79,78.43,$-0.15,0.0,$2.87B,$1.32B,2.18,$1.07B,$1.08B,0.99,$2.69B,$1.03B,38.36%,$2.69B,$-0.05B,-1.94%,$2.69B,$-0.05B,-1.94%,$2.69B,$-0.01B,-0.37%,$2.69B,$-0.06B,-2.31%,$2.69B,$-0.06B,-2.31%,$-0.06B,$1.08B,-7.27%,$-0.06B,$0.74B,-8.70%,$-0.06B,$3.56B,-2.43%,$-0.05B,$2.15B,-3.74%,$815,$499,$316,$115,$181,$818,$-3,$-3,$-5,$1,$-6,$-6,$-6,$10,$-3,$403,403,$-0.01,$-0.01,$1649,$0,$414,$2870,$122,$0,$341,$54,$685,$3555,$1316,$1071,$86,$1157,$2473,$0,$-877,$-4,$1082,$3555,$-30,$22,$-167,$-144,$0,$0,$258,$-19,$245,$71,$-23,$-2,$-112,$-29,$0,$-29,$0,$-166,$682,$0,$682,$179,$179,$0,$-69,$792,$693,$99,$0
2,2018-03-31,49.2,$2.02,24.32,$6.30,7.81,$0.87,56.49,$-0.18,0.0,$1.99B,$1.13B,1.76,$0.36B,$0.81B,0.45,$2.42B,$0.92B,38.03%,$2.42B,$-0.06B,-2.52%,$2.42B,$-0.06B,-2.52%,$2.42B,$-0.02B,-0.95%,$2.42B,$-0.07B,-2.97%,$2.42B,$-0.07B,-2.97%,$-0.07B,$0.81B,-9.50%,$-0.07B,$0.74B,-10.51%,$-0.07B,$2.38B,-3.43%,$-0.06B,$1.17B,-5.47%,$669,$413,$255,$105,$153,$690,$-21,$-3,$-24,$0,$-24,$-24,$-24,$-11,$-21,$396,396,$-0.06,$-0.06,$966,$0,$323,$1990,$98,$0,$72,$42,$389,$2380,$1132,$363,$75,$438,$1570,$0,$-871,$-1,$810,$2380,$-24,$10,$-70,$-60,$0,$0,$150,$-17,$136,$52,$-8,$-2,$-1,$-5,$0,$-5,$0,$-15,$-1,$0,$-1,$31,$31,$0,$-28,$3,$41,$47,$0
3,2017-12-31,34.67,$1.99,17.42,$5.87,5.9,$0.86,40.21,$-0.16,0.0,$1.78B,$0.97B,1.83,$0.36B,$0.79B,0.46,$2.22B,$0.84B,37.88%,$2.22B,$-0.05B,-2.44%,$2.22B,$-0.05B,-2.44%,$2.22B,$-0.02B,-0.77%,$2.22B,$-0.06B,-2.84%,$2.22B,$-0.06B,-2.84%,$-0.06B,$0.79B,-8.84%,$-0.06B,$0.71B,-9.87%,$-0.06B,$2.19B,-3.31%,$-0.05B,$1.15B,-5.07%,$616,$376,$240,$93,$143,$629,$-13,$-3,$-16,$-0,$-16,$-16,$-16,$-3,$-13,$379,379,$-0.05,$-0.05,$895,$0,$263,$1778,$91,$0,$73,$41,$409,$2187,$973,$359,$70,$428,$1401,$0,$-843,$-1,$786,$2187,$-63,$37,$-109,$-72,$0,$0,$306,$-56,$263,$128,$-26,$0,$-2,$-288,$-25,$-313,$0,$-341,$335,$0,$335,$165,$165,$0,$-45,$455,$246,$156,$0
4,2017-09-30,28.81,$1.89,15.24,$5.57,5.17,$0.59,48.96,$-0.16,0.0,$1.69B,$0.93B,1.81,$0.35B,$0.73B,0.48,$2.05B,$0.77B,37.35%,$2.05B,$-0.06B,-2.68%,$2.05B,$-0.06B,-2.68%,$2.05B,$-0.02B,-0.88%,$2.05B,$-0.06B,-2.97%,$2.05B,$-0.06B,-3.02%,$-0.06B,$0.73B,-9.39%,$-0.06B,$0.66B,-10.60%,$-0.06B,$2.08B,-3.74%,$-0.06B,$1.09B,-5.96%,$585,$367,$219,$83,$131,$600,$-15,$-2,$-17,$-1,$-16,$-16,$-16,$-6,$-15,$384,384,$-0.04,$-0.04,$889,$0,$210,$1687,$89,$0,$73,$44,$397,$2084,$931,$354,$66,$420,$1351,$0,$-827,$-0,$733,$2084,$-47,$28,$-122,$-94,$0,$0,$297,$-45,$272,$130,$-20,$0,$-2,$-314,$-25,$-339,$0,$-361,$335,$0,$335,$114,$114,$0,$-18,$431,$205,$111,$0
5,2017-06-30,23.46,$1.84,12.75,$5.32,4.41,$0.31,75.56,$-0.21,0.0,$1.44B,$0.63B,2.3,$0.35B,$0.70B,0.5,$1.91B,$0.70B,36.59%,$1.91B,$-0.07B,-3.78%,$1.91B,$-0.07B,-3.78%,$1.91B,$-0.03B,-1.78%,$1.91B,$-0.08B,-3.99%,$1.91B,$-0.08B,-4.09%,$-0.08B,$0.70B,-12.90%,$-0.08B,$0.63B,-14.77%,$-0.08B,$1.74B,-5.58%,$-0.07B,$1.05B,-9.25%,$552,$344,$207,$78,$123,$564,$-12,$-3,$-15,$0,$-16,$-16,$-16,$-3,$-12,$376,376,$-0.04,$-0.04,$942,$0,$186,$1438,$87,$0,$74,$18,$304,$1742,$625,$350,$63,$413,$1038,$0,$-811,$-1,$704,$1742,$-31,$19,$76,$94,$0,$0,$34,$-24,$27,$91,$-14,$0,$-2,$-240,$0,$-240,$0,$-256,$335,$0,$335,$92,$92,$0,$0,$428,$265,$71,$0
6,2017-03-31,17.28,$1.68,10.27,$5.17,3.34,$-0.04,0.0,$-0.25,0.0,$1.34B,$0.56B,2.42,$0.35B,$0.63B,0.55,$1.79B,$0.64B,35.66%,$1.79B,$-0.09B,-4.85%,$1.79B,$-0.09B,-4.85%,$1.79B,$-0.05B,-2.73%,$1.79B,$-0.09B,-4.91%,$1.79B,$-0.09B,-4.97%,$-0.09B,$0.63B,-16.29%,$-0.09B,$0.55B,-18.98%,$-0.09B,$1.59B,-7.44%,$-0.09B,$0.97B,-13.75%,$462,$288,$173,$69,$107,$476,$-14,$-0,$-15,$1,$-15,$-15,$-15,$-5,$-14,$367,367,$-0.04,$-0.04,$913,$0,$164,$1343,$91,$0,$76,$18,$248,$1591,$555,$346,$63,$408,$963,$0,$-795,$-1,$628,$1591,$-15,$9,$76,$86,$0,$0,$-13,$-18,$-26,$44,$-7,$0,$-2,$-162,$0,$-162,$0,$-170,$336,$0,$336,$42,$42,$0,$0,$378,$252,$32,$0
7,2016-12-31,13.63,$1.58,8.62,$5.06,2.7,$-0.20,0.0,$-0.50,0.0,$1.00B,$0.58B,1.73,$0.00B,$0.58B,0.0,$1.71B,$0.58B,33.70%,$1.71B,$-0.17B,-9.95%,$1.71B,$-0.17B,-9.95%,$1.71B,$-0.13B,-7.72%,$1.71B,$-0.17B,-9.89%,$1.71B,$-0.17B,-10.01%,$-0.17B,$0.58B,-34.17%,$-0.17B,$0.50B,-40.50%,$-0.17B,$1.21B,-16.52%,$-0.17B,$0.58B,-33.97%,$452,$285,$167,$65,$102,$466,$-14,$-0,$-14,$1,$-15,$-15,$-15,$-4,$-14,$342,342,$-0.04,$-0.04,$534,$0,$146,$1001,$88,$0,$76,$18,$210,$1211,$577,$0,$58,$58,$635,$0,$-779,$-2,$576,$1211,$-172,$38,$-29,$9,$0,$0,$204,$-18,$186,$23,$-25,$-0,$-1,$-87,$0,$-87,$0,$-114,$-0,$0,$-0,$96,$96,$0,$-6,$91,$-1,$139,$0
8,2016-09-30,11.66,$1.45,8.03,$5.33,2.19,$-0.24,0.0,$-0.80,0.0,$0.84B,$0.49B,1.74,$0.00B,$0.51B,0.0,$1.63B,$0.52B,31.76%,$1.63B,$-0.20B,-12.51%,$1.63B,$-0.20B,-12.51%,$1.63B,$-0.17B,-10.24%,$1.63B,$-0.20B,-12.39%,$1.63B,$-0.20B,-12.51%,$-0.20B,$0.51B,-42.19%,$-0.20B,$0.43B,-50.56%,$-0.20B,$1.05B,-21.33%,$-0.20B,$0.51B,-42.19%,$439,$289,$150,$70,$99,$471,$-32,$-0,$-32,$0,$-32,$-32,$-32,$-22,$-32,$344,344,$-0.09,$-0.09,$528,$0,$73,$843,$90,$0,$77,$27,$209,$1052,$486,$0,$56,$56,$542,$0,$-764,$0,$510,$1052,$-156,$28,$23,$50,$0,$0,$138,$-9,$129,$23,$-20,$-0,$0,$-92,$0,$-92,$0,$-112,$0,$0,$0,$48,$48,$0,$-6,$43,$-43,$105,$0
