,Date,Stock Price,Book Value per Share,Price to Book Ratio,TTM Sales per Share,Price to Sales Ratio,TTM FCF per Share,Price to FCF Ratio,TTM Net EPS,PE Ratio,Current Assets,Current Liabilities,Current Ratio,Long Term Debt,Shareholder's Equity_x,Debt to Equity Ratio,TTM Revenue_x,TTM Gross Profit,Gross Margin,TTM Revenue_y,TTM Operating Income,Operating Margin,TTM Revenue_x,TTM EBIT,EBIT Margin,TTM Revenue_y,TTM EBITDA,EBITDA Margin,TTM Revenue_x,TTM Pre-Tax Income,Pre-Tax Margin,TTM Revenue_y,TTM Net Income_x,Net Margin,TTM Net Income_y,Shareholder's Equity_y,Return on Equity,TTM Net Income_x,Tangible Equity,Return on Tangible Equity,TTM Net Income_y,Total Assets,Return on Assets,TTM Net Income,LT Investments & Debt,Return on Investment,revenue,cost-goods-sold,gross-profit,research-development-expenses,selling-general-administrative-expenses,operating-expenses,operating-income,total-non-operating-income-expense,pre-tax-income,total-provision-income-taxes,income-after-taxes,income-from-continuous-operations,net-income,ebitda,ebit,basic-shares-outstanding,shares-outstanding,eps-basic-net-earnings-per-share,eps-earnings-per-share-diluted,cash-on-hand,inventory,other-current-assets,total-current-assets,net-property-plant-equipment,long-term-investments,goodwill-intangible-assets-total,other-long-term-assets,total-long-term-assets,total-assets,total-current-liabilities,long-term-debt,other-non-current-liabilities,total-long-term-liabilities,total-liabilities,common-stock-net,retained-earnings-accumulated-deficit,comprehensive-income,total-share-holder-equity,total-liabilities-share-holders-equity,net-income-loss,total-depreciation-amortization-cash-flow,other-non-cash-items,total-non-cash-items,change-in-accounts-receivable,change-in-inventories,change-in-accounts-payable,change-in-assets-liabilities,total-change-in-assets-liabilities,cash-flow-from-operating-activities,net-change-in-property-plant-equipment,net-change-in-intangible-assets,net-acquisitions-divestitures,net-change-in-short-term-investments,net-change-in-long-term-investments,net-change-in-investments-total,investing-activities-other,cash-flow-from-investing-activities,net-long-term-debt,net-current-debt,debt-issuance-retirement-net-total,net-common-equity-issued-repurchased,net-total-equity-issued-repurchased,total-common-preferred-stock-dividends-paid,financial-activities-other,cash-flow-from-financial-activities,net-cash-flow,stock-based-compensation,common-stock-dividends-paid
0,2018-09-30,8.06,$6.55,1.23,$1.48,5.45,$1.95,4.14,$0.22,36.64,$0.06B,$0.10B,0.6,$2.06B,$2.64B,0.78,$0.66B,$0.63B,95.32%,$0.66B,$0.08B,12.22%,$0.66B,$0.08B,12.22%,$0.66B,$0.33B,49.17%,$0.66B,$0.09B,14.03%,$0.66B,$0.10B,15.54%,$0.10B,$2.81B,3.40%,$0.10B,$2.28B,4.16%,$0.10B,$5.09B,1.68%,$0.08B,$4.87B,1.51%,$110,$5,$104,$0,$11,$83,$27,$4,$31,$0,$31,$31,$27,$72,$27,$427,428,$0.06,$0.06,$8,$0,$0,$60,$4141,$0,$529,$252,$5033,$5093,$100,$2064,$124,$2188,$2288,$4,$-2355,$0,$2805,$5093,$78,$175,$-11,$164,$0,$0,$0,$-6,$-8,$234,$-201,$0,$0,$0,$-10,$-10,$-27,$-237,$402,$0,$402,$-171,$-171,$-244,$-72,$-86,$-89,$12,$-237
1,2018-06-30,8.03,$6.60,1.22,$1.46,5.5,$2.66,3.01,$0.17,47.24,$0.07B,$0.12B,0.53,$1.83B,$2.66B,0.69,$0.66B,$0.63B,95.47%,$0.66B,$0.05B,7.40%,$0.66B,$0.05B,7.40%,$0.66B,$0.32B,48.19%,$0.66B,$0.07B,10.42%,$0.66B,$0.08B,12.24%,$0.08B,$2.83B,2.58%,$0.08B,$2.32B,3.18%,$0.08B,$4.91B,1.21%,$0.05B,$4.66B,0.83%,$102,$5,$98,$0,$14,$83,$19,$6,$25,$0,$25,$25,$15,$79,$19,$428,429,$0.03,$0.03,$9,$0,$0,$65,$3997,$0,$513,$227,$4844,$4909,$122,$1832,$126,$1958,$2080,$4,$-2328,$0,$2829,$4909,$48,$130,$-10,$120,$0,$0,$0,$-3,$-7,$160,$-2,$0,$0,$0,$-13,$-13,$0,$-14,$174,$0,$174,$-170,$-170,$-165,$-72,$-233,$-87,$9,$-160
2,2018-03-31,6.81,$7.26,0.94,$1.45,4.7,$2.71,2.51,$0.19,35.84,$0.12B,$0.14B,0.86,$3.74B,$3.00B,1.25,$0.67B,$0.64B,94.92%,$0.67B,$0.03B,4.04%,$0.67B,$0.03B,4.04%,$0.67B,$0.31B,45.89%,$0.67B,$0.05B,7.17%,$0.67B,$0.09B,13.30%,$0.09B,$3.17B,2.72%,$0.09B,$2.52B,3.38%,$0.09B,$7.20B,1.21%,$0.03B,$6.91B,0.41%,$165,$7,$158,$0,$16,$155,$10,$21,$32,$0,$31,$31,$28,$80,$10,$445,445,$0.06,$0.06,$11,$0,$0,$122,$6144,$0,$651,$44,$7081,$7203,$142,$3741,$151,$3892,$4034,$4,$-2200,$0,$3169,$7203,$31,$70,$-6,$64,$0,$0,$0,$0,$-1,$93,$23,$0,$0,$0,$-32,$-32,$-10,$-18,$129,$0,$129,$-105,$-105,$-83,$-2,$-62,$13,$4,$-81
3,2017-12-31,7.36,$7.40,1.0,$1.42,5.19,$2.65,2.78,$0.16,45.99,$0.09B,$0.13B,0.66,$1.71B,$3.15B,0.54,$0.67B,$0.63B,94.62%,$0.67B,$0.01B,2.09%,$0.67B,$0.01B,2.09%,$0.67B,$0.29B,43.95%,$0.67B,$0.01B,1.94%,$0.67B,$0.07B,11.06%,$0.07B,$3.32B,2.19%,$0.07B,$2.79B,2.72%,$0.07B,$7.26B,0.99%,$0.01B,$5.03B,0.21%,$286,$15,$272,$0,$14,$261,$25,$-20,$5,$-0,$5,$5,$33,$95,$25,$468,468,$0.07,$0.07,$9,$0,$0,$87,$4084,$0,$532,$2438,$7176,$7264,$132,$1713,$2099,$3812,$3944,$4,$-2045,$0,$3320,$7264,$77,$279,$30,$309,$0,$0,$0,$-1,$0,$386,$193,$0,$0,$0,$8,$8,$-117,$83,$3,$0,$3,$-287,$-120,$-339,$-14,$-471,$-1,$17,$-339
4,2017-09-30,7.2,$7.15,1.01,$1.18,6.12,$1.90,3.79,$0.09,79.99,$0.09B,$0.15B,0.59,$3.86B,$3.26B,1.19,$0.56B,$0.52B,94.24%,$0.56B,$-0.02B,-4.14%,$0.56B,$-0.02B,-4.14%,$0.56B,$0.26B,47.12%,$0.56B,$-0.00B,-0.72%,$0.56B,$0.04B,7.55%,$0.04B,$3.26B,1.21%,$0.04B,$2.58B,1.52%,$0.04B,$7.44B,0.56%,$-0.02B,$7.12B,-0.32%,$109,$5,$104,$0,$13,$114,$-5,$12,$7,$0,$7,$7,$5,$65,$-5,$457,457,$0.01,$0.01,$12,$0,$0,$89,$6285,$0,$684,$158,$7346,$7435,$150,$3863,$163,$4026,$4176,$5,$-1936,$0,$3259,$7435,$41,$210,$44,$254,$0,$0,$0,$-2,$4,$299,$64,$0,$0,$0,$3,$3,$-35,$31,$224,$0,$224,$-226,$-226,$-257,$-0,$-259,$71,$14,$-257
5,2017-06-30,6.09,$7.33,0.83,$1.30,4.69,$1.27,4.79,$0.14,43.53,$0.08B,$0.15B,0.53,$3.85B,$3.36B,1.15,$0.62B,$0.59B,94.52%,$0.62B,$-0.00B,0.00%,$0.62B,$-0.00B,0.00%,$0.62B,$0.28B,45.48%,$0.62B,$-0.00B,-0.32%,$0.62B,$0.06B,10.32%,$0.06B,$3.36B,1.78%,$0.06B,$2.64B,2.22%,$0.06B,$7.52B,0.84%,$-0.00B,$7.20B,0.00%,$109,$8,$101,$0,$22,$112,$-3,$7,$4,$0,$4,$4,$23,$67,$-3,$479,479,$0.05,$0.05,$11,$0,$0,$78,$6400,$0,$712,$161,$7442,$7519,$147,$3847,$170,$4016,$4163,$5,$-1837,$0,$3356,$7519,$36,$140,$19,$159,$0,$0,$0,$3,$6,$201,$-2,$0,$0,$0,$-1,$-1,$0,$-3,$207,$0,$207,$-204,$-204,$-175,$-0,$-171,$27,$11,$-175
6,2017-03-31,8.14,$7.46,1.09,$1.43,5.67,$1.13,7.18,$0.19,42.83,$0.08B,$0.15B,0.53,$3.66B,$3.61B,1.01,$0.68B,$0.65B,95.17%,$0.68B,$0.03B,3.66%,$0.68B,$0.03B,3.66%,$0.68B,$0.31B,44.80%,$0.68B,$0.03B,4.39%,$0.68B,$0.09B,12.74%,$0.09B,$3.61B,2.35%,$0.09B,$2.90B,2.92%,$0.09B,$7.59B,1.13%,$0.03B,$7.27B,0.34%,$165,$9,$156,$0,$13,$169,$-3,$-0,$-3,$0,$-3,$-3,$13,$67,$-3,$483,483,$0.03,$0.03,$9,$0,$0,$77,$6479,$0,$714,$158,$7512,$7589,$147,$3658,$175,$3833,$3980,$5,$-1575,$0,$3609,$7589,$13,$70,$15,$86,$0,$0,$0,$1,$-2,$97,$-1,$0,$0,$0,$-2,$-2,$-13,$-16,$24,$0,$24,$-1,$-1,$-87,$-1,$-65,$16,$2,$-87
7,2016-12-31,8.57,$7.61,1.13,$1.47,5.82,$1.18,7.29,$0.22,38.96,$0.08B,$0.15B,0.52,$3.67B,$3.68B,1.0,$0.69B,$0.66B,95.48%,$0.69B,$0.05B,6.71%,$0.69B,$0.05B,6.71%,$0.69B,$0.33B,47.38%,$0.69B,$0.05B,6.71%,$0.69B,$0.10B,14.14%,$0.10B,$3.68B,2.65%,$0.10B,$2.96B,3.33%,$0.10B,$7.68B,1.25%,$0.05B,$7.35B,0.62%,$173,$10,$163,$0,$12,$185,$-12,$-0,$-12,$0,$-12,$-12,$1,$63,$-12,$469,469,$0.00,$0.00,$10,$0,$0,$77,$6539,$0,$725,$197,$7601,$7678,$149,$3665,$182,$3847,$3996,$5,$-1500,$0,$3682,$7678,$97,$279,$-10,$270,$0,$0,$0,$-12,$-6,$361,$-131,$0,$0,$0,$3,$3,$10,$-117,$-385,$0,$-385,$446,$446,$-324,$7,$-256,$-12,$10,$-324
8,2016-09-30,10.34,$7.79,1.33,$1.49,6.93,$0.67,15.47,$0.25,41.37,$0.08B,$0.15B,0.56,$3.71B,$3.77B,0.99,$0.68B,$0.65B,95.75%,$0.68B,$0.07B,9.97%,$0.68B,$0.07B,9.97%,$0.68B,$0.34B,49.71%,$0.68B,$0.06B,9.09%,$0.68B,$0.10B,14.96%,$0.10B,$3.77B,2.83%,$0.10B,$3.03B,3.59%,$0.10B,$7.81B,1.31%,$0.07B,$7.48B,0.91%,$173,$7,$166,$0,$15,$155,$18,$-8,$9,$0,$9,$9,$27,$85,$18,$480,481,$0.06,$0.06,$13,$0,$0,$82,$6672,$0,$741,$154,$7729,$7811,$148,$3710,$187,$3897,$4045,$5,$-1414,$-0,$3766,$7811,$96,$204,$-34,$170,$0,$0,$0,$-9,$-8,$259,$-179,$0,$0,$0,$3,$3,$46,$-129,$-342,$0,$-342,$446,$446,$-239,$-4,$-139,$-9,$7,$-239
9,2016-06-30,9.78,$7.87,1.24,$1.52,6.45,$0.42,23.18,$0.23,42.53,$0.12B,$0.14B,0.84,$3.64B,$3.78B,0.96,$0.68B,$0.65B,95.86%,$0.68B,$0.06B,8.71%,$0.68B,$0.06B,8.71%,$0.68B,$0.33B,48.74%,$0.68B,$0.06B,9.16%,$0.68B,$0.09B,13.29%,$0.09B,$3.78B,2.54%,$0.09B,$3.03B,3.25%,$0.09B,$7.74B,1.15%,$0.06B,$7.41B,0.79%,$172,$7,$165,$0,$14,$150,$22,$14,$36,$1,$35,$35,$46,$91,$22,$473,473,$0.10,$0.10,$29,$0,$0,$116,$6606,$0,$750,$115,$7620,$7736,$138,$3636,$186,$3822,$3961,$5,$-1356,$-0,$3775,$7736,$69,$137,$-24,$112,$0,$0,$0,$-1,$-4,$177,$-46,$0,$0,$0,$17,$17,$30,$0,$-416,$0,$-416,$401,$401,$-155,$-0,$-170,$8,$4,$-155
10,2016-03-31,8.5,$7.72,1.1,$1.54,5.52,$0.06,149.33,$0.27,31.47,$0.11B,$0.14B,0.81,$4.02B,$3.42B,1.17,$0.67B,$0.65B,95.99%,$0.67B,$0.03B,4.61%,$0.67B,$0.03B,4.61%,$0.67B,$0.30B,44.73%,$0.67B,$0.02B,3.57%,$0.67B,$0.09B,13.82%,$0.09B,$3.42B,2.66%,$0.09B,$2.65B,3.44%,$0.09B,$7.77B,1.18%,$0.03B,$7.44B,0.41%,$168,$7,$161,$0,$12,$150,$18,$-5,$13,$0,$13,$13,$23,$86,$18,$441,441,$0.05,$0.05,$9,$0,$0,$111,$6555,$0,$771,$156,$7655,$7765,$137,$4019,$187,$4206,$4343,$4,$-1318,$-2,$3422,$7765,$23,$68,$3,$71,$0,$0,$0,$-1,$-4,$90,$17,$0,$0,$0,$2,$2,$6,$25,$-64,$0,$-64,$13,$13,$0,$-77,$-127,$-13,$2,$0
11,2015-12-31,7.45,$7.84,0.95,$1.55,4.8,$-0.46,0.0,$0.27,27.59,$0.13B,$0.14B,0.88,$4.09B,$3.46B,1.18,$0.67B,$0.64B,95.95%,$0.67B,$0.03B,4.20%,$0.67B,$0.03B,4.20%,$0.67B,$0.30B,44.83%,$0.67B,$0.03B,3.75%,$0.67B,$0.09B,13.94%,$0.09B,$3.46B,2.67%,$0.09B,$2.67B,3.50%,$0.09B,$7.89B,1.18%,$0.03B,$7.56B,0.37%,$169,$7,$161,$0,$11,$159,$10,$-6,$4,$-0,$4,$4,$6,$77,$10,$432,433,$0.02,$0.02,$22,$0,$0,$126,$6666,$0,$791,$129,$7765,$7891,$142,$4093,$194,$4287,$4429,$4,$-1263,$-1,$3462,$7891,$93,$271,$-11,$260,$0,$0,$0,$5,$19,$372,$-379,$0,$0,$0,$3,$3,$-9,$-386,$-203,$0,$-203,$343,$343,$-292,$11,$-141,$-154,$13,$-292
12,2015-09-30,6.68,$8.00,0.83,$1.56,4.28,$-2.07,0.0,$0.32,20.87,$0.14B,$0.13B,1.03,$4.01B,$3.53B,1.13,$0.65B,$0.63B,96.17%,$0.65B,$0.04B,6.28%,$0.65B,$0.04B,6.28%,$0.65B,$0.31B,47.47%,$0.65B,$0.04B,6.74%,$0.65B,$0.12B,18.07%,$0.12B,$3.53B,3.43%,$0.12B,$2.72B,4.54%,$0.12B,$7.87B,1.49%,$0.04B,$7.54B,0.54%,$168,$6,$162,$0,$12,$160,$9,$0,$9,$0,$9,$9,$15,$76,$9,$440,440,$0.03,$0.03,$28,$0,$0,$135,$6656,$0,$813,$122,$7734,$7869,$131,$4005,$201,$4206,$4337,$4,$-1189,$-2,$3532,$7869,$87,$203,$-21,$182,$0,$0,$0,$-5,$2,$271,$-306,$0,$0,$0,$0,$0,$30,$-275,$-287,$0,$-287,$-2,$-2,$-216,$361,$-144,$-148,$11,$-216
13,2015-06-30,6.94,$8.13,0.85,$1.56,4.44,$-2.94,0.0,$0.30,23.12,$0.15B,$0.12B,1.24,$4.00B,$3.59B,1.11,$0.64B,$0.61B,96.23%,$0.64B,$0.04B,6.12%,$0.64B,$0.04B,6.12%,$0.64B,$0.31B,47.88%,$0.64B,$0.04B,6.59%,$0.64B,$0.11B,17.43%,$0.11B,$3.59B,3.30%,$0.11B,$2.76B,4.44%,$0.11B,$7.91B,1.41%,$0.04B,$7.59B,0.52%,$168,$6,$162,$0,$12,$173,$-6,$3,$-2,$0,$-2,$-2,$49,$62,$-6,$437,437,$0.11,$0.11,$40,$0,$0,$149,$6609,$0,$829,$151,$7759,$7908,$120,$3996,$202,$4198,$4318,$4,$-1128,$-1,$3591,$7908,$72,$136,$-34,$102,$0,$0,$0,$-2,$-6,$168,$-207,$0,$0,$0,$-1,$-1,$0,$-207,$5,$-322,$-317,$347,$347,$-141,$15,$-97,$-137,$7,$-141
14,2015-03-31,8.52,$7.99,1.07,$1.58,5.41,$-3.59,0.0,$-0.08,0.0,$0.22B,$0.12B,1.75,$4.32B,$3.34B,1.29,$0.62B,$0.60B,95.97%,$0.62B,$0.02B,3.22%,$0.62B,$0.02B,3.22%,$0.62B,$0.28B,45.41%,$0.62B,$-0.05B,-7.25%,$0.62B,$-0.03B,-4.51%,$-0.03B,$3.34B,-0.85%,$-0.03B,$2.49B,-1.17%,$-0.03B,$7.99B,-0.36%,$0.02B,$7.66B,0.27%,$162,$7,$155,$0,$13,$148,$15,$-1,$14,$0,$13,$13,$23,$84,$15,$411,412,$0.05,$0.05,$108,$0,$0,$216,$6539,$0,$858,$229,$7775,$7990,$123,$4319,$204,$4523,$4646,$4,$-1102,$-2,$3344,$7990,$23,$69,$-9,$59,$0,$0,$0,$-2,$-2,$80,$-194,$0,$0,$0,$1,$1,$36,$-156,$3,$0,$3,$78,$78,$-70,$-2,$9,$-68,$4,$-70
15,2014-12-31,8.27,$8.05,1.03,$1.57,5.26,$-3.54,0.0,$-0.10,0.0,$0.29B,$0.12B,2.32,$4.32B,$3.31B,1.31,$0.60B,$0.58B,96.19%,$0.60B,$0.01B,2.32%,$0.60B,$0.01B,2.32%,$0.60B,$0.27B,44.44%,$0.60B,$-0.05B,-8.29%,$0.60B,$-0.04B,-6.14%,$-0.04B,$3.31B,-1.15%,$-0.04B,$2.44B,-1.59%,$-0.04B,$7.96B,-0.49%,$0.01B,$7.64B,0.19%,$155,$6,$149,$0,$11,$132,$23,$-0,$23,$0,$22,$22,$31,$88,$23,$387,387,$0.08,$0.08,$176,$0,$0,$286,$6442,$0,$876,$176,$7679,$7964,$123,$4323,$206,$4529,$4653,$4,$-1053,$-1,$3312,$7964,$-37,$253,$26,$279,$0,$0,$0,$-25,$-23,$219,$-848,$0,$0,$0,$6,$6,$-36,$-878,$635,$0,$635,$432,$432,$-256,$-43,$769,$110,$11,$-256
16,2014-09-30,7.52,$8.04,0.94,$1.72,4.38,$-2.01,0.0,$-0.06,0.0,$0.16B,$0.12B,1.4,$4.01B,$3.20B,1.25,$0.59B,$0.57B,96.25%,$0.59B,$0.00B,0.34%,$0.59B,$0.00B,0.34%,$0.59B,$0.25B,42.42%,$0.59B,$-0.06B,-10.90%,$0.59B,$-0.03B,-4.77%,$-0.03B,$3.20B,-0.88%,$-0.03B,$2.31B,-1.24%,$-0.03B,$7.55B,-0.38%,$0.00B,$7.21B,0.03%,$152,$5,$147,$0,$10,$145,$7,$0,$7,$0,$7,$7,$8,$71,$7,$397,398,$0.02,$0.02,$50,$0,$0,$162,$6227,$0,$891,$111,$7386,$7547,$116,$4008,$220,$4227,$4343,$4,$-1005,$-1,$3204,$7547,$-68,$188,$42,$229,$0,$0,$0,$-3,$-6,$155,$-532,$0,$0,$0,$5,$5,$-3,$-530,$286,$0,$286,$285,$285,$-190,$-22,$359,$-16,$9,$-190
17,2014-06-30,7.67,$8.18,0.94,$1.75,4.39,$-0.97,0.0,$-0.15,0.0,$0.23B,$0.11B,2.1,$3.91B,$3.26B,1.2,$0.57B,$0.55B,96.15%,$0.57B,$-0.03B,-4.72%,$0.57B,$-0.03B,-4.72%,$0.57B,$0.21B,36.19%,$0.57B,$-0.09B,-16.26%,$0.57B,$-0.06B,-10.14%,$-0.06B,$3.26B,-1.84%,$-0.06B,$2.37B,-2.58%,$-0.06B,$7.50B,-0.80%,$-0.03B,$7.17B,-0.39%,$152,$7,$145,$0,$10,$176,$-25,$-65,$-89,$0,$-89,$-89,$-90,$39,$-25,$382,382,$-0.24,$-0.24,$121,$0,$0,$234,$6131,$0,$891,$98,$7267,$7501,$112,$3910,$217,$4127,$4239,$4,$-947,$-1,$3262,$7501,$-76,$124,$33,$156,$0,$0,$0,$-2,$-11,$69,$-349,$0,$0,$0,$3,$3,$5,$-341,$738,$-554,$184,$288,$288,$-123,$-22,$326,$54,$5,$-123
18,2014-03-31,7.31,$8.29,0.88,$1.81,4.05,$-0.43,0.0,$-0.05,0.0,$0.15B,$0.11B,1.34,$3.87B,$3.07B,1.26,$0.49B,$0.48B,96.95%,$0.49B,$-0.01B,-2.64%,$0.49B,$-0.01B,-2.64%,$0.49B,$0.20B,40.04%,$0.49B,$-0.02B,-3.05%,$0.49B,$0.02B,4.07%,$0.02B,$3.07B,0.75%,$0.02B,$2.17B,1.01%,$0.02B,$7.28B,0.32%,$-0.01B,$6.95B,-0.22%,$144,$5,$139,$0,$11,$134,$9,$0,$9,$0,$9,$9,$14,$70,$9,$369,369,$0.04,$0.04,$30,$0,$0,$146,$6023,$0,$905,$82,$7130,$7275,$109,$3874,$220,$4094,$4202,$4,$-790,$-1,$3073,$7275,$14,$61,$-1,$60,$0,$0,$0,$-2,$-8,$66,$-152,$0,$0,$0,$1,$1,$14,$-136,$96,$0,$96,$0,$0,$-62,$-1,$34,$-37,$2,$-62
19,2013-12-31,6.44,$8.42,0.77,$1.86,3.46,$-0.36,0.0,$-0.14,0.0,$0.18B,$0.12B,1.61,$3.78B,$3.12B,1.21,$0.42B,$0.41B,97.37%,$0.42B,$-0.03B,-6.92%,$0.42B,$-0.03B,-6.92%,$0.42B,$0.16B,36.99%,$0.42B,$-0.03B,-7.40%,$0.42B,$-0.00B,-0.48%,$-0.00B,$3.12B,-0.09%,$-0.00B,$2.21B,-0.11%,$-0.00B,$7.23B,-0.04%,$-0.03B,$6.90B,-0.59%,$139,$5,$134,$0,$9,$128,$11,$0,$9,$0,$8,$8,$40,$69,$11,$255,255,$0.19,$0.19,$67,$0,$0,$184,$5929,$0,$910,$78,$7047,$7231,$115,$3778,$220,$3998,$4113,$4,$-743,$-1,$3118,$7231,$-2,$185,$-36,$149,$0,$0,$0,$-7,$-9,$138,$-162,$0,$7,$0,$15,$15,$-21,$-160,$204,$0,$204,$-2,$-2,$-136,$-51,$15,$-7,$9,$-136
20,2013-09-30,5.91,$8.46,0.7,$2.11,2.8,$-0.34,0.0,$-0.32,0.0,$0.16B,$0.11B,1.53,$3.61B,$3.14B,1.15,$0.34B,$0.34B,98.54%,$0.34B,$-0.13B,-38.19%,$0.34B,$-0.13B,-38.19%,$0.34B,$0.03B,7.87%,$0.34B,$-0.08B,-22.74%,$0.34B,$-0.09B,-24.78%,$-0.09B,$3.14B,-4.83%,$-0.09B,$2.23B,-5.72%,$-0.09B,$7.06B,-2.03%,$-0.13B,$6.74B,-3.27%,$137,$5,$132,$0,$10,$159,$-22,$0,$-22,$1,$-23,$-23,$-22,$29,$-22,$330,330,$-0.07,$-0.07,$42,$0,$0,$161,$5810,$0,$904,$87,$6899,$7060,$106,$3606,$214,$3820,$3926,$4,$-725,$-0,$3135,$7060,$-42,$126,$-5,$121,$0,$0,$0,$-8,$-10,$69,$-41,$0,$9,$0,$14,$14,$7,$-11,$32,$0,$32,$-2,$-2,$-86,$-34,$-90,$-31,$7,$-86
21,2013-06-30,5.88,$6.29,0.94,$2.91,2.02,$-0.25,0.0,$-1.15,0.0,$0.09B,$0.02B,4.91,$1.76B,$1.31B,1.34,$0.27B,$0.27B,99.64%,$0.27B,$-0.13B,-46.35%,$0.27B,$-0.13B,-46.35%,$0.27B,$0.04B,14.23%,$0.27B,$-0.11B,-39.05%,$0.27B,$-0.11B,-41.24%,$-0.11B,$1.31B,-8.51%,$-0.11B,$1.31B,-8.82%,$-0.11B,$3.21B,-3.46%,$-0.13B,$3.07B,-4.07%,$72,$0,$72,$0,$9,$84,$-11,$0,$-11,$0,$-11,$-11,$-12,$29,$-11,$159,159,$-0.08,$-0.08,$23,$0,$0,$87,$3108,$0,$0,$3,$3126,$3213,$18,$1756,$128,$1884,$1902,$2,$0,$-574,$1311,$3213,$-20,$75,$5,$81,$0,$0,$0,$-2,$-0,$60,$-90,$0,$0,$0,$8,$8,$11,$-72,$62,$-22,$40,$-0,$-0,$-55,$-9,$-24,$-36,$4,$-55
