,Date,Stock Price,Book Value per Share,Price to Book Ratio,TTM Sales per Share,Price to Sales Ratio,TTM FCF per Share,Price to FCF Ratio,TTM Net EPS,PE Ratio,Current Assets,Current Liabilities,Current Ratio,Long Term Debt,Shareholder's Equity_x,Debt to Equity Ratio,TTM Revenue_x,TTM Gross Profit,Gross Margin,TTM Revenue_y,TTM Operating Income,Operating Margin,TTM Revenue_x,TTM EBIT,EBIT Margin,TTM Revenue_y,TTM EBITDA,EBITDA Margin,TTM Revenue_x,TTM Pre-Tax Income,Pre-Tax Margin,TTM Revenue_y,TTM Net Income_x,Net Margin,TTM Net Income_y,Shareholder's Equity_y,Return on Equity,TTM Net Income_x,Tangible Equity,Return on Tangible Equity,TTM Net Income_y,Total Assets,Return on Assets,TTM Net Income,LT Investments & Debt,Return on Investment,revenue,cost-goods-sold,gross-profit,research-development-expenses,selling-general-administrative-expenses,operating-expenses,operating-income,total-non-operating-income-expense,pre-tax-income,total-provision-income-taxes,income-after-taxes,income-from-continuous-operations,net-income,ebitda,ebit,basic-shares-outstanding,shares-outstanding,eps-basic-net-earnings-per-share,eps-earnings-per-share-diluted,cash-on-hand,inventory,other-current-assets,total-current-assets,net-property-plant-equipment,long-term-investments,goodwill-intangible-assets-total,other-long-term-assets,total-long-term-assets,total-assets,total-current-liabilities,long-term-debt,other-non-current-liabilities,total-long-term-liabilities,total-liabilities,common-stock-net,retained-earnings-accumulated-deficit,comprehensive-income,total-share-holder-equity,total-liabilities-share-holders-equity,net-income-loss,total-depreciation-amortization-cash-flow,other-non-cash-items,total-non-cash-items,change-in-accounts-receivable,change-in-inventories,change-in-accounts-payable,change-in-assets-liabilities,total-change-in-assets-liabilities,cash-flow-from-operating-activities,net-change-in-property-plant-equipment,net-change-in-intangible-assets,net-acquisitions-divestitures,net-change-in-short-term-investments,net-change-in-long-term-investments,net-change-in-investments-total,investing-activities-other,cash-flow-from-investing-activities,net-long-term-debt,net-current-debt,debt-issuance-retirement-net-total,net-common-equity-issued-repurchased,net-total-equity-issued-repurchased,total-common-preferred-stock-dividends-paid,financial-activities-other,cash-flow-from-financial-activities,net-cash-flow,stock-based-compensation,common-stock-dividends-paid
0,2018-09-30,113.75,$69.75,1.63,$43.46,2.62,$-3.44,0.0,$-2.77,0.0,$5.05B,$8.49B,0.59,$21.34B,$16.83B,1.27,$11.43B,$7.61B,66.57%,$11.43B,$2.29B,20.03%,$11.43B,$2.29B,20.03%,$11.43B,$3.83B,33.52%,$11.43B,$0.42B,3.64%,$11.43B,$-0.44B,-3.86%,$-0.44B,$19.11B,-2.49%,$-0.44B,$16.52B,-2.95%,$-0.44B,$60.61B,-0.76%,$2.29B,$40.45B,6.07%,$2940,$1066,$1874,$0,$950,$2396,$544,$-117,$427,$167,$260,$334,$274,$924,$544,$274,276,$1.00,$0.99,$285,$345,$2610,$5045,$35498,$12114,$2592,$2255,$55560,$60605,$8491,$21335,$7243,$33003,$41494,$5485,$9485,$-612,$19111,$60605,$162,$1158,$921,$2079,$0,$0,$0,$211,$211,$2591,$-2808,$0,$0,$0,$-9921,$-9921,$25,$-12704,$5661,$707,$6368,$2241,$4500,$-699,$-124,$10045,$-76,$0,$-645
1,2018-06-30,116.11,$67.51,1.72,$43.38,2.68,$-3.30,0.0,$-2.55,0.0,$4.95B,$8.60B,0.58,$21.28B,$16.65B,1.28,$11.17B,$7.46B,66.76%,$11.17B,$2.22B,19.83%,$11.17B,$2.22B,19.83%,$11.17B,$3.76B,33.62%,$11.17B,$-0.01B,-0.05%,$11.17B,$-0.66B,-5.89%,$-0.66B,$18.36B,-3.91%,$-0.66B,$15.77B,-4.72%,$-0.66B,$59.91B,-1.19%,$2.22B,$39.64B,6.30%,$2564,$824,$1740,$0,$887,$2103,$461,$-1570,$-1109,$-583,$-526,$-530,$-561,$853,$461,$266,266,$-2.11,$-2.11,$312,$288,$2770,$4947,$34916,$11983,$2592,$2162,$54960,$59907,$8602,$21278,$7193,$32941,$41543,$5279,$9455,$-601,$18364,$59907,$-172,$778,$914,$1692,$0,$0,$0,$-34,$-34,$1629,$-1941,$0,$0,$0,$-9823,$-9823,$24,$-11740,$5529,$1266,$6795,$2070,$3763,$-445,$-36,$10077,$-37,$0,$-416
2,2018-03-31,110.37,$69.34,1.59,$43.76,2.52,$-1.79,0.0,$0.59,187.07,$3.39B,$9.11B,0.37,$20.86B,$16.59B,1.26,$11.14B,$7.44B,66.83%,$11.14B,$2.27B,20.34%,$11.14B,$2.27B,20.34%,$11.14B,$3.78B,33.95%,$11.14B,$1.50B,13.47%,$11.14B,$0.16B,1.45%,$0.16B,$18.31B,1.00%,$0.16B,$15.30B,1.23%,$0.16B,$60.49B,0.31%,$2.27B,$39.17B,6.88%,$2962,$963,$1999,$0,$916,$2112,$850,$-183,$667,$289,$378,$358,$347,$1236,$850,$258,259,$1.34,$1.33,$293,$285,$954,$3394,$37025,$11766,$3002,$3717,$57091,$60485,$9109,$20863,$7166,$33071,$42180,$4436,$10260,$-545,$18305,$60485,$358,$386,$214,$600,$0,$0,$0,$-38,$-38,$966,$-1035,$0,$0,$0,$-9617,$-9617,$20,$-10632,$5795,$1140,$6935,$1259,$2952,$-194,$-85,$9608,$-57,$0,$-194
3,2017-12-31,105.25,$60.32,1.74,$44.36,2.37,$-1.47,0.0,$1.01,104.21,$3.34B,$6.64B,0.5,$16.45B,$15.12B,1.09,$11.21B,$7.40B,66.00%,$11.21B,$2.33B,20.79%,$11.21B,$2.33B,20.79%,$11.21B,$3.82B,34.09%,$11.21B,$1.59B,14.14%,$11.21B,$0.26B,2.28%,$0.26B,$15.14B,1.66%,$0.26B,$12.15B,2.05%,$0.26B,$50.45B,0.52%,$2.33B,$31.59B,7.61%,$2964,$968,$1996,$0,$1004,$2530,$434,$-3,$431,$898,$-467,$-451,$-501,$818,$434,$252,252,$-2.00,$-1.99,$350,$307,$953,$3341,$36503,$2527,$2993,$1952,$47113,$50454,$6635,$16445,$7155,$28679,$35314,$3149,$10147,$-626,$15140,$50454,$351,$1490,$1511,$3001,$0,$0,$0,$124,$124,$3625,$-3932,$0,$0,$0,$-270,$-270,$-498,$-4700,$1709,$-36,$1673,$32,$32,$-756,$58,$1007,$-61,$0,$-755
4,2017-09-30,111.49,$61.76,1.81,$44.04,2.53,$-4.79,0.0,$4.51,24.72,$2.88B,$7.19B,0.4,$14.80B,$15.48B,0.96,$11.11B,$7.59B,68.32%,$11.11B,$2.49B,22.42%,$11.11B,$2.49B,22.42%,$11.11B,$3.94B,35.45%,$11.11B,$1.66B,14.93%,$11.11B,$1.14B,10.22%,$1.14B,$15.50B,7.34%,$1.14B,$12.57B,9.05%,$1.14B,$50.13B,2.32%,$2.49B,$30.31B,8.27%,$2679,$958,$1721,$0,$873,$2209,$470,$-465,$5,$-84,$89,$102,$57,$848,$470,$252,253,$0.23,$0.22,$248,$296,$798,$2878,$35384,$2128,$2930,$1908,$47251,$50129,$7194,$14803,$5705,$27433,$34627,$3088,$10855,$-678,$15502,$50129,$802,$1106,$557,$1663,$0,$0,$0,$221,$221,$2704,$-2868,$0,$0,$0,$-110,$-110,$-282,$-3260,$566,$475,$1041,$22,$22,$-562,$-120,$381,$-164,$0,$-561
5,2017-06-30,108.56,$62.17,1.75,$43.51,2.5,$-6.66,0.0,$6.75,16.08,$2.77B,$6.06B,0.46,$15.00B,$15.59B,0.96,$10.97B,$7.47B,68.07%,$10.97B,$2.47B,22.55%,$10.97B,$2.47B,22.55%,$10.97B,$3.87B,35.30%,$10.97B,$2.64B,24.03%,$10.97B,$1.70B,15.51%,$1.70B,$15.61B,11.41%,$1.70B,$12.69B,14.09%,$1.70B,$49.38B,3.56%,$2.47B,$30.61B,8.46%,$2533,$805,$1728,$0,$849,$2022,$511,$-114,$397,$167,$230,$248,$259,$879,$511,$251,253,$1.03,$1.03,$293,$239,$795,$2767,$34561,$2134,$2920,$1676,$46609,$49376,$6063,$15000,$5691,$27708,$33771,$3046,$11004,$-718,$15605,$49376,$700,$728,$327,$1055,$0,$0,$0,$153,$153,$1889,$-1802,$0,$0,$0,$-97,$-97,$-159,$-2058,$926,$-493,$433,$14,$14,$-369,$-34,$44,$-115,$0,$-368
6,2017-03-31,106.4,$62.03,1.72,$42.04,2.53,$-9.57,0.0,$5.78,18.41,$2.95B,$5.81B,0.51,$14.41B,$15.55B,0.93,$10.59B,$6.86B,64.79%,$10.59B,$1.97B,18.61%,$10.59B,$1.97B,18.61%,$10.59B,$3.32B,31.30%,$10.59B,$2.13B,20.08%,$10.59B,$1.46B,13.77%,$1.46B,$15.57B,10.31%,$1.46B,$12.65B,12.41%,$1.46B,$48.28B,3.16%,$1.97B,$29.98B,7.03%,$3031,$1079,$1952,$0,$851,$2116,$915,$-163,$752,$295,$457,$452,$441,$1275,$915,$251,252,$1.76,$1.75,$362,$210,$824,$2953,$33492,$2120,$2924,$1421,$45331,$48284,$5812,$14409,$5704,$26903,$32715,$3008,$10952,$-696,$15569,$48284,$452,$360,$167,$527,$0,$0,$0,$47,$47,$1004,$-992,$0,$0,$0,$-52,$-52,$18,$-1026,$229,$-97,$132,$3,$3,$-176,$-5,$-46,$-58,$0,$-176
7,2016-12-31,96.19,$60.96,1.58,$40.45,2.38,$-10.99,0.0,$5.30,18.15,$3.11B,$5.93B,0.53,$14.43B,$15.22B,0.95,$10.18B,$6.65B,65.31%,$10.18B,$1.62B,15.92%,$10.18B,$1.62B,15.92%,$10.18B,$2.93B,28.80%,$10.18B,$1.83B,17.97%,$10.18B,$1.37B,13.45%,$1.37B,$15.24B,10.20%,$1.37B,$12.33B,11.96%,$1.37B,$47.79B,3.08%,$1.62B,$29.67B,6.01%,$2870,$679,$2191,$0,$1122,$2274,$596,$-91,$505,$105,$400,$409,$379,$938,$596,$250,251,$1.53,$1.54,$415,$258,$814,$3110,$32931,$2097,$2912,$1456,$44676,$47786,$5927,$14429,$6035,$26618,$32545,$2982,$10717,$-748,$15241,$47786,$1519,$1312,$-444,$868,$0,$0,$0,$-138,$-138,$2311,$-3451,$0,$0,$0,$-1404,$-1404,$20,$-4835,$894,$692,$1586,$-5,$-5,$-687,$1608,$2502,$-25,$0,$-686
8,2016-09-30,101.69,$52.76,1.93,$39.79,2.56,$-6.00,0.0,$5.26,19.33,$2.92B,$6.79B,0.43,$13.52B,$13.17B,1.03,$10.01B,$6.29B,62.82%,$10.01B,$1.47B,14.70%,$10.01B,$1.47B,14.70%,$10.01B,$2.77B,27.63%,$10.01B,$1.76B,17.55%,$10.01B,$1.36B,13.58%,$1.36B,$13.19B,10.65%,$1.36B,$10.64B,12.13%,$1.36B,$45.53B,3.17%,$1.47B,$26.71B,5.67%,$2535,$939,$1596,$0,$947,$2083,$452,$530,$982,$282,$700,$719,$622,$780,$452,$250,252,$2.48,$2.46,$532,$302,$821,$2924,$31487,$1840,$2547,$1361,$42602,$45526,$6794,$13522,$5952,$25541,$32335,$2684,$10527,$-865,$13191,$45526,$1110,$970,$-458,$512,$0,$0,$0,$19,$19,$1691,$-2326,$0,$0,$0,$-1144,$-1144,$38,$-3432,$715,$1636,$2351,$-15,$-15,$-511,$23,$1848,$115,$0,$-510
9,2016-06-30,107.42,$50.25,2.14,$39.63,2.71,$-2.65,0.0,$3.79,28.34,$3.34B,$5.68B,0.59,$13.18B,$12.54B,1.05,$9.96B,$6.22B,62.43%,$9.96B,$1.38B,13.88%,$9.96B,$1.38B,13.88%,$9.96B,$2.66B,26.75%,$9.96B,$1.05B,10.49%,$9.96B,$0.99B,9.90%,$0.99B,$12.56B,7.85%,$0.99B,$11.38B,8.70%,$0.99B,$42.88B,2.37%,$1.38B,$25.74B,5.42%,$2156,$1032,$1124,$0,$802,$2148,$8,$-120,$-112,$-106,$-6,$27,$16,$322,$8,$250,252,$0.06,$0.06,$633,$270,$1262,$3341,$29495,$2267,$1185,$1452,$39534,$42875,$5680,$13178,$5796,$24632,$30312,$2681,$9952,$-852,$12563,$42875,$391,$642,$-55,$587,$0,$0,$0,$-107,$-107,$916,$-1563,$0,$0,$0,$-48,$-48,$18,$-1593,$398,$865,$1263,$-25,$-25,$-336,$-20,$882,$213,$0,$-335
10,2016-03-31,97.37,$51.10,1.91,$40.49,2.4,$0.32,307.44,$4.90,19.87,$2.88B,$5.13B,0.56,$12.98B,$12.70B,1.02,$10.17B,$6.61B,64.98%,$10.17B,$1.84B,18.04%,$10.17B,$1.84B,18.04%,$10.17B,$3.11B,30.58%,$10.17B,$1.55B,15.27%,$10.17B,$1.27B,12.44%,$1.27B,$12.72B,10.08%,$1.27B,$11.47B,11.21%,$1.27B,$41.84B,3.09%,$1.84B,$25.70B,7.24%,$2622,$882,$1740,$0,$847,$2057,$565,$-110,$455,$108,$347,$364,$353,$893,$565,$250,251,$1.41,$1.40,$399,$231,$920,$2883,$28433,$2727,$1251,$1463,$38952,$41835,$5132,$12975,$5397,$23979,$29111,$2642,$10125,$-821,$12724,$41835,$364,$328,$87,$415,$0,$0,$0,$-189,$-189,$626,$-971,$0,$0,$0,$-31,$-31,$13,$-989,$1,$531,$532,$-39,$-39,$-161,$-2,$330,$-27,$0,$-161
11,2015-12-31,87.33,$50.72,1.72,$40.74,2.14,$1.81,48.2,$5.37,16.26,$2.89B,$4.61B,0.63,$13.13B,$12.56B,1.05,$10.23B,$6.63B,64.76%,$10.23B,$1.95B,19.01%,$10.23B,$1.95B,19.01%,$10.23B,$3.20B,31.23%,$10.23B,$1.70B,16.66%,$10.23B,$1.35B,13.19%,$1.35B,$12.58B,10.85%,$1.35B,$11.36B,12.09%,$1.35B,$41.15B,3.35%,$1.95B,$25.71B,7.70%,$2701,$870,$1831,$0,$1002,$2254,$447,$-15,$432,$65,$367,$388,$369,$772,$447,$248,251,$1.48,$1.47,$430,$298,$654,$2891,$28039,$2905,$1223,$1311,$38259,$41150,$4612,$13134,$5308,$23959,$28571,$2621,$9994,$-806,$12579,$41150,$1448,$1250,$-47,$1203,$0,$0,$0,$181,$181,$2898,$-2783,$0,$0,$0,$-152,$-152,$67,$-2868,$1138,$-622,$516,$-22,$-22,$-629,$-41,$-176,$-160,$0,$-628
12,2015-09-30,89.2,$49.98,1.78,$40.93,2.18,$-1.89,0.0,$5.08,17.56,$3.61B,$5.12B,0.71,$12.53B,$12.38B,1.01,$10.28B,$6.49B,63.14%,$10.28B,$1.95B,18.98%,$10.28B,$1.95B,18.98%,$10.28B,$3.17B,30.81%,$10.28B,$1.59B,15.43%,$10.28B,$1.28B,12.43%,$1.28B,$12.40B,10.37%,$1.28B,$11.14B,11.60%,$1.28B,$40.57B,3.20%,$1.95B,$24.92B,7.84%,$2481,$958,$1523,$0,$846,$2119,$362,$-92,$270,$15,$255,$282,$248,$677,$362,$248,251,$1.00,$0.99,$710,$416,$1057,$3606,$27314,$2845,$1254,$1375,$36960,$40566,$5118,$12527,$5228,$23052,$28170,$2587,$9799,$-761,$12396,$40566,$1060,$925,$-67,$858,$0,$0,$0,$143,$143,$2089,$-1880,$0,$0,$0,$-159,$-159,$60,$-1979,$742,$-201,$541,$-33,$-33,$-469,$-10,$29,$127,$0,$-468
13,2015-06-30,90.56,$50.30,1.8,$42.27,2.14,$-5.35,0.0,$5.48,16.53,$3.51B,$4.40B,0.8,$12.63B,$12.46B,1.01,$10.61B,$6.60B,62.23%,$10.61B,$2.10B,19.83%,$10.61B,$2.10B,19.83%,$10.61B,$3.30B,31.06%,$10.61B,$1.76B,16.61%,$10.61B,$1.38B,12.98%,$1.38B,$12.48B,11.24%,$1.38B,$11.18B,12.61%,$1.38B,$40.01B,3.48%,$2.10B,$25.10B,8.49%,$2367,$852,$1515,$0,$809,$1906,$461,$-65,$396,$98,$298,$320,$295,$768,$461,$248,251,$1.19,$1.17,$644,$266,$1239,$3506,$26693,$2929,$1295,$1343,$36500,$40006,$4399,$12626,$5273,$23132,$27531,$2555,$9724,$-596,$12475,$40006,$778,$610,$37,$647,$0,$0,$0,$-198,$-198,$1219,$-1119,$0,$0,$0,$-169,$-169,$87,$-1201,$701,$-339,$362,$-35,$-35,$-309,$32,$50,$66,$0,$-308
14,2015-03-31,99.09,$49.72,1.99,$43.57,2.27,$-7.66,0.0,$5.39,18.38,$3.66B,$3.77B,0.97,$13.01B,$12.26B,1.06,$10.92B,$6.67B,61.11%,$10.92B,$2.08B,19.03%,$10.92B,$2.08B,19.03%,$10.92B,$3.25B,29.77%,$10.92B,$1.74B,15.96%,$10.92B,$1.35B,12.37%,$1.35B,$12.28B,11.12%,$1.35B,$10.97B,12.53%,$1.35B,$39.55B,3.45%,$2.08B,$25.29B,8.44%,$2682,$925,$1757,$0,$800,$2007,$675,$-69,$606,$163,$443,$458,$437,$978,$675,$248,251,$1.76,$1.74,$387,$255,$1456,$3656,$26236,$2772,$1315,$1376,$35895,$39551,$3770,$13012,$5239,$23500,$27270,$2514,$9603,$-613,$12281,$39551,$458,$303,$87,$390,$0,$0,$0,$-10,$-10,$811,$-780,$0,$0,$0,$-35,$-35,$45,$-770,$284,$-363,$-79,$-48,$-48,$-149,$45,$-231,$-193,$0,$-149
15,2014-12-31,100.57,$49.19,2.04,$44.09,2.28,$-7.37,0.0,$4.64,21.67,$4.18B,$5.07B,0.83,$12.09B,$12.08B,1.0,$11.04B,$6.44B,58.40%,$11.04B,$1.84B,16.66%,$11.04B,$1.84B,16.66%,$11.04B,$2.99B,27.13%,$11.04B,$1.52B,13.81%,$11.04B,$1.16B,10.52%,$1.16B,$12.10B,9.64%,$1.16B,$10.75B,10.89%,$1.16B,$39.65B,3.01%,$1.84B,$24.19B,7.60%,$2747,$1053,$1694,$0,$994,$2294,$453,$-139,$314,$9,$305,$321,$297,$743,$453,$246,251,$1.20,$1.17,$581,$396,$1425,$4184,$25902,$2848,$1346,$4240,$35467,$39651,$5069,$12086,$5188,$22482,$27551,$2484,$9339,$-497,$12100,$39651,$1262,$1156,$-54,$1102,$0,$0,$0,$-311,$-311,$2161,$-2974,$0,$0,$0,$-252,$-252,$-116,$-3342,$1238,$412,$1650,$18,$18,$-599,$-215,$854,$-334,$0,$-598
16,2014-09-30,94.6,$49.42,1.91,$43.98,2.15,$-5.01,0.0,$4.59,20.61,$4.41B,$4.29B,1.03,$12.44B,$12.14B,1.03,$10.99B,$6.41B,58.31%,$10.99B,$1.92B,17.43%,$10.99B,$1.92B,17.43%,$10.99B,$3.07B,27.90%,$10.99B,$1.56B,14.17%,$10.99B,$1.15B,10.42%,$1.15B,$12.16B,9.56%,$1.15B,$10.79B,10.84%,$1.15B,$38.98B,3.02%,$1.92B,$24.59B,8.01%,$2815,$1178,$1637,$0,$830,$2300,$515,$-68,$447,$71,$376,$383,$348,$807,$515,$246,251,$1.41,$1.39,$689,$472,$1443,$4414,$26409,$1797,$1369,$1423,$34568,$38982,$4292,$12437,$5132,$22533,$26825,$2499,$9205,$-371,$12157,$38982,$941,$866,$-33,$833,$0,$0,$0,$-145,$-145,$1661,$-2320,$0,$0,$92,$-199,$-107,$-39,$-2466,$1218,$-111,$1107,$5,$5,$-451,$-89,$572,$-237,$0,$-450
17,2014-06-30,93.41,$48.99,1.91,$42.99,2.17,$-4.20,0.0,$4.39,21.28,$4.20B,$3.88B,1.08,$12.32B,$12.03B,1.02,$10.73B,$6.41B,59.71%,$10.73B,$1.91B,17.77%,$10.73B,$1.91B,17.77%,$10.73B,$3.05B,28.45%,$10.73B,$1.54B,14.38%,$10.73B,$1.09B,10.20%,$1.09B,$12.05B,9.20%,$1.09B,$10.63B,10.47%,$1.09B,$38.31B,2.92%,$1.91B,$24.37B,8.18%,$2678,$1092,$1586,$0,$863,$2243,$435,$-59,$376,$93,$283,$292,$269,$723,$435,$246,250,$1.10,$1.08,$809,$267,$1364,$4195,$26012,$1769,$1421,$1264,$34112,$38307,$3882,$12323,$5137,$22374,$26256,$2448,$9019,$-273,$12051,$38307,$558,$574,$-9,$565,$0,$0,$0,$-83,$-83,$1034,$-1513,$0,$0,$66,$-166,$-100,$-8,$-1621,$870,$-54,$816,$-9,$-9,$-302,$-33,$472,$-115,$0,$-301
18,2014-03-31,85.77,$48.53,1.77,$42.95,2.0,$-2.39,0.0,$4.29,19.99,$4.22B,$3.88B,1.09,$11.70B,$11.87B,0.99,$10.70B,$6.54B,61.06%,$10.70B,$1.87B,17.47%,$10.70B,$1.87B,17.47%,$10.70B,$2.97B,27.79%,$10.70B,$1.47B,13.69%,$10.70B,$1.07B,10.00%,$1.07B,$11.89B,9.10%,$1.07B,$10.47B,10.38%,$1.07B,$37.48B,2.88%,$1.87B,$23.59B,8.22%,$2795,$1268,$1527,$0,$819,$2360,$435,$-48,$387,$127,$260,$266,$247,$721,$435,$245,250,$1.01,$0.99,$870,$197,$1287,$4224,$25452,$1634,$1422,$1204,$33260,$37484,$3875,$11700,$5147,$21720,$25595,$2401,$8912,$-273,$11889,$37484,$266,$286,$29,$315,$0,$0,$0,$347,$347,$904,$-801,$0,$0,$0,$-15,$-15,$46,$-770,$50,$-69,$-19,$-26,$-26,$-154,$6,$-193,$-60,$0,$-154
19,2013-12-31,79.02,$48.57,1.63,$42.46,1.86,$-1.57,0.0,$4.02,19.66,$4.00B,$4.37B,0.92,$11.25B,$11.83B,0.95,$10.56B,$6.54B,61.99%,$10.56B,$1.80B,17.03%,$10.56B,$1.80B,17.03%,$10.56B,$2.91B,27.57%,$10.56B,$1.43B,13.55%,$10.56B,$1.00B,9.48%,$1.00B,$11.85B,8.63%,$1.00B,$10.40B,9.89%,$1.00B,$37.24B,2.70%,$1.80B,$23.10B,8.05%,$2705,$1045,$1660,$0,$958,$2174,$531,$-183,$348,$39,$309,$320,$282,$816,$531,$244,249,$1.16,$1.12,$928,$287,$870,$3997,$25460,$1575,$1450,$3728,$33247,$37244,$4369,$11253,$5090,$21025,$25394,$2409,$8827,$-228,$11850,$37244,$1088,$1113,$344,$1457,$0,$0,$0,$-761,$-761,$1784,$-2002,$0,$0,$0,$-24,$-24,$337,$-1689,$293,$256,$549,$17,$-65,$-611,$465,$338,$429,$0,$-606
20,2013-09-30,74.83,$48.17,1.55,$42.42,1.76,$-4.20,0.0,$4.07,18.39,$3.71B,$4.53B,0.82,$10.48B,$11.73B,0.89,$10.52B,$6.48B,61.63%,$10.52B,$1.62B,15.43%,$10.52B,$1.62B,15.43%,$10.52B,$2.74B,26.03%,$10.52B,$1.39B,13.22%,$10.52B,$1.01B,9.62%,$1.01B,$11.75B,8.95%,$1.01B,$10.28B,10.32%,$1.01B,$36.90B,2.74%,$1.62B,$22.23B,7.33%,$2551,$918,$1633,$0,$841,$2045,$506,$-74,$432,$117,$315,$323,$296,$792,$506,$244,249,$1.21,$1.19,$1089,$463,$733,$3712,$24763,$1564,$1473,$1288,$33189,$36901,$4530,$10478,$5036,$20617,$25147,$2424,$8700,$-215,$11754,$36901,$768,$828,$355,$1183,$0,$0,$0,$-644,$-644,$1330,$-1785,$0,$0,$566,$-25,$541,$343,$-901,$-40,$81,$41,$12,$12,$-457,$561,$157,$586,$0,$-452
21,2013-06-30,70.96,$47.33,1.5,$42.39,1.67,$-4.62,0.0,$3.97,17.87,$3.66B,$4.73B,0.78,$10.53B,$11.53B,0.91,$10.48B,$6.49B,61.99%,$10.48B,$1.62B,15.44%,$10.48B,$1.62B,15.44%,$10.48B,$2.73B,26.02%,$10.48B,$1.29B,12.29%,$10.48B,$0.98B,9.39%,$0.98B,$11.55B,8.95%,$0.98B,$10.08B,10.39%,$0.98B,$37.02B,2.69%,$1.62B,$22.08B,7.35%,$2651,$936,$1715,$0,$870,$2253,$398,$-100,$298,$32,$266,$267,$245,$645,$398,$244,249,$1.00,$0.98,$1043,$357,$731,$3661,$25171,$1466,$1473,$917,$33359,$37020,$4725,$10530,$5168,$20747,$25472,$2366,$8557,$-219,$11548,$37020,$445,$542,$326,$868,$0,$0,$0,$-209,$-209,$1105,$-1130,$0,$0,$384,$-9,$375,$128,$-627,$-240,$-10,$-250,$-23,$-23,$-302,$579,$4,$479,$0,$-299
22,2013-03-31,68.85,$46.15,1.49,$40.20,1.71,$-6.01,0.0,$3.24,21.25,$4.12B,$5.19B,0.8,$10.68B,$11.24B,0.95,$9.91B,$6.22B,62.71%,$9.91B,$1.54B,15.57%,$9.91B,$1.54B,15.57%,$9.91B,$2.67B,26.95%,$9.91B,$0.94B,9.46%,$9.91B,$0.80B,8.08%,$0.80B,$11.26B,7.50%,$0.80B,$9.71B,8.76%,$0.80B,$37.27B,2.23%,$1.54B,$21.94B,7.14%,$2650,$1114,$1536,$0,$878,$2287,$363,$-11,$352,$178,$174,$178,$178,$658,$363,$243,248,$0.73,$0.72,$1528,$270,$659,$4123,$25458,$1519,$1547,$914,$33150,$37273,$5189,$10680,$5277,$20823,$26012,$2334,$8466,$-377,$11261,$37273,$178,$295,$181,$476,$0,$0,$0,$175,$175,$835,$-531,$0,$0,$0,$-7,$-7,$376,$-162,$-37,$-43,$-80,$-30,$-30,$-147,$577,$320,$996,$0,$-145
23,2012-12-31,60.63,$44.14,1.37,$39.27,1.54,$-7.69,0.0,$3.49,17.37,$3.70B,$4.26B,0.87,$11.62B,$10.66B,1.09,$9.65B,$6.12B,63.40%,$9.65B,$1.56B,16.16%,$9.65B,$1.56B,16.16%,$9.65B,$2.65B,27.46%,$9.65B,$0.94B,9.78%,$9.65B,$0.86B,8.90%,$0.86B,$10.68B,8.21%,$0.86B,$9.14B,9.62%,$0.86B,$36.50B,2.45%,$1.56B,$22.30B,7.32%,$2668,$1069,$1599,$0,$963,$2312,$356,$-47,$309,$11,$298,$305,$293,$643,$356,$241,247,$1.21,$1.17,$521,$408,$1005,$3695,$25191,$1516,$1547,$900,$32804,$36499,$4258,$11621,$5149,$21558,$25816,$2217,$8441,$-376,$10683,$36499,$920,$1090,$248,$1338,$0,$0,$0,$-281,$-281,$2018,$-2882,$0,$0,$0,$-450,$-450,$174,$-3158,$1985,$-47,$1938,$62,$62,$-556,$-89,$1355,$223,$0,$-550
24,2012-09-30,54.65,$43.37,1.26,$39.24,1.39,$-8.23,0.0,$3.52,15.53,$3.08B,$4.35B,0.71,$11.19B,$10.48B,1.07,$9.58B,$6.24B,65.12%,$9.58B,$1.67B,17.41%,$9.58B,$1.67B,17.41%,$9.58B,$2.72B,28.36%,$9.58B,$1.04B,10.85%,$9.58B,$0.85B,8.88%,$0.85B,$10.50B,8.23%,$0.85B,$8.95B,9.65%,$0.85B,$35.39B,2.49%,$1.67B,$21.69B,8.03%,$2507,$863,$1644,$0,$864,$2007,$500,$-171,$329,$49,$280,$290,$268,$780,$500,$242,246,$1.11,$1.09,$572,$398,$835,$3078,$24990,$1585,$1550,$767,$32312,$35390,$4349,$11193,$5252,$20545,$24894,$2178,$8293,$-389,$10496,$35390,$615,$803,$295,$1098,$0,$0,$0,$-24,$-24,$1688,$-2241,$0,$0,$9,$-359,$-350,$15,$-2576,$1731,$-142,$1589,$34,$34,$-410,$-56,$1157,$278,$0,$-405
25,2012-06-30,57.83,$42.53,1.36,$39.69,1.46,$-7.58,0.0,$3.65,15.84,$2.04B,$4.43B,0.46,$10.32B,$10.27B,1.0,$9.65B,$6.12B,63.43%,$9.65B,$1.67B,17.28%,$9.65B,$1.67B,17.28%,$9.65B,$2.69B,27.86%,$9.65B,$1.10B,11.39%,$9.65B,$0.87B,9.03%,$0.87B,$10.29B,8.54%,$0.87B,$8.79B,10.01%,$0.87B,$34.20B,2.60%,$1.67B,$20.61B,8.19%,$2089,$651,$1438,$0,$847,$1764,$325,$-377,$-52,$-118,$66,$74,$62,$591,$325,$241,246,$0.26,$0.25,$242,$249,$527,$2040,$24597,$1639,$1508,$730,$32162,$34202,$4434,$10315,$5233,$19475,$23909,$2164,$8171,$-456,$10293,$34202,$325,$523,$203,$726,$0,$0,$0,$93,$93,$1152,$-1517,$0,$0,$9,$-301,$-292,$28,$-1781,$608,$241,$849,$29,$29,$-263,$-21,$594,$-31,$0,$-260
26,2012-03-31,49.89,$43.03,1.16,$41.27,1.21,$-6.46,0.0,$5.52,9.04,$2.30B,$4.48B,0.51,$10.18B,$10.35B,0.98,$9.99B,$6.09B,61.03%,$9.99B,$1.72B,17.23%,$9.99B,$1.72B,17.23%,$9.99B,$2.72B,27.27%,$9.99B,$1.74B,17.40%,$9.99B,$1.31B,13.15%,$1.31B,$10.37B,12.97%,$1.31B,$8.86B,15.21%,$1.31B,$34.05B,3.99%,$1.72B,$20.55B,8.55%,$2383,$948,$1435,$0,$800,$2005,$378,$-21,$357,$117,$240,$251,$236,$635,$378,$241,244,$0.98,$0.97,$427,$222,$410,$2298,$24076,$1722,$1514,$823,$31747,$34045,$4480,$10180,$5052,$19195,$23675,$2117,$8254,$-418,$10370,$34045,$251,$257,$-4,$253,$0,$0,$0,$181,$181,$699,$-811,$0,$0,$0,$-50,$-50,$2,$-859,$661,$-224,$437,$-3,$-3,$-117,$-7,$310,$152,$0,$-115
27,2011-12-31,45.3,$42.41,1.07,$41.55,1.09,$-5.18,0.0,$5.62,8.06,$2.33B,$4.15B,0.56,$10.08B,$10.16B,0.99,$10.04B,$6.03B,60.05%,$10.04B,$1.75B,17.40%,$10.04B,$1.75B,17.40%,$10.04B,$2.72B,27.12%,$10.04B,$1.72B,17.17%,$10.04B,$1.33B,13.26%,$1.33B,$10.18B,13.47%,$1.33B,$8.69B,15.41%,$1.33B,$33.25B,4.15%,$1.75B,$20.26B,8.90%,$2604,$881,$1723,$0,$1011,$2139,$465,$-59,$406,$105,$301,$314,$285,$712,$465,$240,242,$1.18,$1.17,$276,$346,$365,$2332,$23465,$1671,$1484,$1307,$30917,$33249,$4152,$10078,$4996,$18919,$23071,$2104,$8162,$-489,$10178,$33249,$1381,$976,$-280,$696,$0,$0,$0,$-195,$-195,$1867,$-2842,$0,$0,$0,$-943,$-943,$715,$-3070,$1616,$-498,$1118,$10,$-70,$-448,$-66,$534,$-660,$0,$-440
28,2011-09-30,42.04,$41.60,1.01,$40.23,1.04,$0.45,93.35,$5.56,7.56,$2.94B,$4.00B,0.74,$10.03B,$9.96B,1.01,$9.78B,$5.72B,58.55%,$9.78B,$1.67B,17.09%,$9.78B,$1.67B,17.09%,$9.78B,$2.62B,26.83%,$9.78B,$1.63B,16.66%,$9.78B,$1.30B,13.26%,$1.30B,$9.98B,13.43%,$1.30B,$8.52B,15.00%,$1.30B,$32.62B,4.13%,$1.67B,$20.02B,8.75%,$2576,$1050,$1526,$0,$775,$2076,$500,$-112,$388,$75,$313,$313,$289,$751,$500,$240,242,$1.21,$1.20,$790,$369,$381,$2938,$22703,$1807,$1461,$671,$29678,$32616,$3995,$10033,$4723,$18637,$22632,$2089,$8048,$-503,$9984,$32616,$1073,$729,$-61,$668,$0,$0,$0,$-55,$-55,$1643,$-2031,$0,$0,$0,$-697,$-697,$424,$-2304,$1159,$-300,$859,$4,$-76,$-331,$-48,$404,$-255,$0,$-325
29,2011-06-30,42.76,$41.55,1.03,$38.05,1.12,$3.05,14.03,$4.86,8.8,$2.55B,$3.58B,0.71,$9.65B,$9.95B,0.97,$9.32B,$5.53B,59.39%,$9.32B,$1.58B,16.99%,$9.32B,$1.58B,16.99%,$9.32B,$2.50B,26.85%,$9.32B,$1.34B,14.38%,$9.32B,$1.14B,12.21%,$1.14B,$9.97B,12.10%,$1.14B,$8.46B,13.20%,$1.14B,$31.84B,3.74%,$1.58B,$19.62B,8.62%,$2422,$1012,$1410,$0,$785,$2045,$377,$209,$586,$100,$486,$494,$503,$625,$377,$239,241,$2.10,$2.09,$580,$211,$341,$2551,$22156,$1952,$1509,$647,$29285,$31836,$3575,$9648,$4715,$18289,$21864,$2074,$7868,$-358,$9972,$31836,$754,$478,$-135,$343,$0,$0,$0,$65,$65,$1139,$-1225,$0,$0,$0,$-685,$-685,$257,$-1653,$600,$-319,$281,$2,$-78,$-215,$10,$-2,$-520,$0,$-210
30,2011-03-31,42.87,$39.34,1.09,$36.03,1.19,$5.28,8.12,$3.63,11.81,$3.43B,$3.65B,0.94,$9.17B,$9.30B,0.99,$8.90B,$5.39B,60.50%,$8.90B,$1.54B,17.32%,$8.90B,$1.54B,17.32%,$8.90B,$2.43B,27.27%,$8.90B,$0.99B,11.13%,$8.90B,$0.86B,9.63%,$0.86B,$9.40B,9.25%,$0.86B,$8.87B,9.82%,$0.86B,$30.70B,2.88%,$1.54B,$18.58B,8.71%,$2434,$1066,$1368,$0,$734,$2030,$404,$-61,$343,$114,$229,$260,$254,$634,$404,$240,242,$1.06,$1.05,$1537,$176,$341,$3426,$20200,$2942,$537,$630,$27270,$30696,$3654,$9174,$4687,$17639,$21293,$2052,$7472,$-332,$9403,$30696,$260,$230,$41,$271,$0,$0,$0,$287,$287,$805,$-607,$0,$0,$0,$-3,$-3,$-146,$-756,$543,$-192,$351,$-3,$-3,$-96,$6,$258,$307,$0,$-94
31,2010-12-31,41.66,$38.49,1.08,$36.09,1.15,$6.23,6.69,$2.98,13.98,$3.35B,$3.79B,0.89,$8.98B,$9.14B,0.98,$9.00B,$5.31B,58.96%,$9.00B,$1.36B,15.09%,$9.00B,$1.36B,15.09%,$9.00B,$2.23B,24.71%,$9.00B,$0.79B,8.74%,$9.00B,$0.71B,7.88%,$0.71B,$9.24B,7.68%,$0.71B,$8.70B,8.15%,$0.71B,$30.28B,2.42%,$1.36B,$18.22B,7.91%,$2345,$925,$1420,$0,$807,$1955,$390,$-78,$312,$48,$264,$271,$250,$613,$390,$245,248,$1.04,$1.02,$1043,$258,$663,$3353,$19876,$2951,$540,$627,$26930,$30283,$3786,$8980,$4661,$17259,$21045,$2036,$7329,$-330,$9238,$30283,$703,$866,$491,$1357,$0,$0,$0,$149,$149,$2154,$-1759,$0,$0,$0,$-610,$-610,$1086,$-1283,$220,$568,$788,$-462,$-462,$-374,$-21,$-69,$802,$0,$-364
32,2010-09-30,42.39,$37.22,1.14,$36.56,1.16,$5.21,8.14,$2.99,14.18,$2.50B,$3.78B,0.66,$8.03B,$8.91B,0.9,$9.11B,$5.34B,58.62%,$9.11B,$1.33B,14.55%,$9.11B,$1.33B,14.55%,$9.11B,$2.18B,23.88%,$9.11B,$0.87B,9.51%,$9.11B,$0.75B,8.20%,$0.75B,$9.01B,8.08%,$0.75B,$8.47B,8.58%,$0.75B,$28.95B,2.59%,$1.33B,$17.04B,7.89%,$2116,$781,$1335,$0,$705,$1704,$412,$-313,$99,$-32,$131,$127,$131,$630,$412,$247,250,$0.53,$0.53,$551,$296,$380,$2495,$19221,$3142,$542,$648,$26454,$28949,$3777,$8032,$4589,$16165,$19942,$2012,$7143,$-344,$9007,$28949,$432,$643,$574,$1217,$0,$0,$0,$-23,$-23,$1602,$-1354,$0,$0,$0,$-385,$-385,$1106,$-633,$44,$184,$228,$-473,$-473,$-276,$-11,$-532,$437,$0,$-269
33,2010-06-30,36.6,$37.94,0.96,$35.55,1.03,$7.00,5.23,$3.74,9.79,$1.87B,$4.05B,0.46,$7.56B,$9.31B,0.81,$8.85B,$5.23B,59.03%,$8.85B,$1.27B,14.33%,$8.85B,$1.27B,14.33%,$8.85B,$2.10B,23.68%,$8.85B,$1.18B,13.31%,$8.85B,$0.93B,10.54%,$0.93B,$9.41B,10.10%,$0.93B,$8.87B,10.72%,$0.93B,$29.09B,3.25%,$1.27B,$16.97B,7.68%,$2008,$745,$1263,$0,$712,$1672,$336,$-99,$237,$59,$178,$205,$222,$551,$336,$247,250,$0.90,$0.89,$191,$151,$335,$1873,$18924,$4407,$538,$623,$27213,$29086,$4051,$7562,$4536,$15625,$19676,$2493,$7106,$-399,$9410,$29086,$305,$425,$255,$680,$0,$0,$0,$328,$328,$1307,$-839,$0,$0,$0,$-370,$-370,$42,$-1167,$-440,$534,$94,$20,$20,$-177,$1,$-62,$78,$0,$-172
34,2010-03-31,38.72,$37.63,1.03,$34.34,1.13,$8.22,4.71,$3.65,10.61,$2.11B,$4.24B,0.5,$7.20B,$9.20B,0.78,$8.53B,$5.09B,59.61%,$8.53B,$1.20B,14.02%,$8.53B,$1.20B,14.02%,$8.53B,$2.00B,23.42%,$8.53B,$1.20B,14.03%,$8.53B,$0.91B,10.65%,$0.91B,$9.30B,10.03%,$0.91B,$8.77B,10.64%,$0.91B,$28.77B,3.20%,$1.20B,$16.49B,7.42%,$2534,$1244,$1290,$0,$859,$2313,$221,$-82,$139,$58,$81,$100,$106,$431,$221,$246,250,$0.43,$0.42,$266,$160,$319,$2107,$18490,$4380,$523,$598,$26665,$28772,$4238,$7198,$4524,$15239,$19477,$2462,$6981,$-372,$9295,$28772,$100,$210,$27,$237,$0,$0,$0,$544,$544,$888,$-446,$0,$0,$0,$-72,$-72,$22,$-496,$-495,$294,$-201,$12,$12,$-88,$-3,$-280,$112,$0,$-86
35,2009-12-31,43.11,$37.45,1.15,$32.82,1.31,$9.10,4.74,$4.52,9.54,$2.30B,$3.89B,0.59,$7.46B,$9.15B,0.82,$8.11B,$4.93B,60.76%,$8.11B,$1.31B,16.11%,$8.11B,$1.31B,16.11%,$8.11B,$2.08B,25.67%,$8.11B,$1.48B,18.21%,$8.11B,$1.12B,13.80%,$1.12B,$9.25B,12.65%,$1.12B,$8.73B,13.45%,$1.12B,$28.51B,3.99%,$1.31B,$16.71B,8.36%,$2456,$1001,$1455,$0,$891,$2099,$357,$35,$392,$95,$297,$306,$288,$564,$357,$243,247,$1.17,$1.16,$145,$197,$278,$2295,$18281,$4323,$524,$608,$26217,$28512,$3888,$7460,$4475,$15373,$19261,$2418,$6971,$-369,$9251,$28512,$1122,$775,$237,$1012,$0,$0,$0,$-211,$-211,$1875,$-1733,$0,$0,$0,$-976,$-976,$37,$-2672,$1716,$-759,$957,$51,$51,$-351,$-81,$576,$-221,$0,$-341
36,2009-09-30,38.09,$36.52,1.04,$32.03,1.19,$14.20,2.68,$4.66,8.17,$2.70B,$4.31B,0.63,$6.85B,$8.88B,0.77,$7.94B,$4.70B,59.21%,$7.94B,$1.30B,16.32%,$7.94B,$1.30B,16.32%,$7.94B,$2.04B,25.72%,$7.94B,$1.35B,17.03%,$7.94B,$1.15B,14.48%,$1.15B,$8.98B,13.36%,$1.15B,$8.46B,14.24%,$1.15B,$28.40B,4.18%,$1.30B,$15.83B,8.56%,$1853,$636,$1217,$0,$667,$1499,$354,$56,$410,$128,$282,$302,$317,$550,$354,$244,248,$1.30,$1.27,$783,$296,$332,$2696,$17772,$4113,$527,$605,$25699,$28395,$4310,$6845,$4554,$15102,$19412,$2381,$6779,$-401,$8983,$28395,$816,$568,$223,$791,$0,$0,$0,$235,$235,$1884,$-1192,$0,$0,$0,$-774,$-774,$-4,$-1970,$856,$-52,$804,$52,$52,$-262,$-83,$511,$425,$0,$-255
37,2009-06-30,37.66,$35.64,1.06,$35.43,1.06,$16.80,2.24,$4.63,8.13,$3.32B,$4.35B,0.76,$6.72B,$8.63B,0.78,$8.78B,$4.75B,54.05%,$8.78B,$1.39B,15.78%,$8.78B,$1.39B,15.78%,$8.78B,$2.10B,23.90%,$8.78B,$1.32B,15.04%,$8.78B,$1.14B,12.99%,$1.14B,$8.73B,13.68%,$1.14B,$8.20B,14.37%,$1.14B,$27.92B,4.33%,$1.39B,$15.46B,9.47%,$1689,$565,$1124,$0,$671,$1425,$264,$-8,$256,$90,$166,$189,$198,$453,$264,$243,247,$0.82,$0.80,$845,$169,$424,$3324,$17413,$3489,$529,$565,$24598,$27922,$4353,$6723,$4475,$14837,$19190,$2328,$6559,$-395,$8732,$27922,$514,$372,$232,$604,$0,$0,$0,$359,$359,$1525,$-759,$0,$0,$0,$-223,$-223,$-5,$-987,$797,$-612,$185,$28,$28,$-175,$-89,$-51,$487,$0,$-170
38,2009-03-31,34.81,$34.48,1.01,$38.62,0.9,$21.00,1.66,$4.81,7.24,$3.33B,$4.90B,0.68,$6.04B,$8.41B,0.72,$9.60B,$4.61B,48.03%,$9.60B,$1.30B,13.55%,$9.60B,$1.30B,13.55%,$9.60B,$2.00B,20.79%,$9.60B,$1.51B,15.75%,$9.60B,$1.19B,12.37%,$1.19B,$8.41B,14.70%,$1.19B,$7.88B,15.20%,$1.19B,$27.33B,4.69%,$1.30B,$14.46B,9.36%,$2108,$979,$1129,$0,$615,$1777,$331,$87,$418,$109,$309,$325,$316,$514,$331,$242,245,$1.31,$1.29,$923,$150,$422,$3327,$17208,$3186,$531,$529,$24007,$27334,$4900,$6044,$4416,$14021,$18921,$2281,$6456,$-474,$8413,$27334,$325,$183,$100,$283,$0,$0,$0,$482,$482,$1139,$-492,$0,$0,$0,$-28,$-28,$-2,$-522,$16,$-77,$-61,$10,$10,$-88,$-89,$-228,$389,$0,$-86
39,2008-12-31,31.8,$34.19,0.93,$42.46,0.75,$19.11,1.66,$4.44,7.16,$2.48B,$3.61B,0.69,$6.54B,$8.21B,0.8,$10.76B,$4.94B,45.95%,$10.76B,$1.34B,12.46%,$10.76B,$1.34B,12.46%,$10.76B,$2.03B,18.84%,$10.76B,$1.44B,13.41%,$10.76B,$1.11B,10.35%,$1.11B,$8.31B,13.71%,$1.11B,$7.77B,13.94%,$1.11B,$26.40B,4.29%,$1.34B,$14.85B,9.88%,$2293,$1060,$1233,$0,$821,$1946,$347,$-78,$269,$15,$254,$260,$319,$526,$347,$247,251,$1.31,$1.29,$534,$320,$411,$2476,$16865,$3248,$539,$709,$23924,$26400,$3612,$6544,$4457,$14479,$18091,$2265,$6235,$-513,$8309,$26400,$1068,$687,$-142,$545,$0,$0,$0,$-572,$-572,$1191,$234,$0,$0,$0,$-2691,$-2691,$71,$-2386,$1687,$504,$2191,$-1000,$-1000,$-349,$16,$858,$-337,$0,$-339
40,2008-09-30,37.33,$31.98,1.17,$45.11,0.83,$14.15,2.64,$4.24,8.8,$2.57B,$3.14B,0.82,$5.86B,$7.90B,0.74,$11.58B,$5.54B,47.85%,$11.58B,$1.50B,12.92%,$11.58B,$1.50B,12.92%,$11.58B,$2.18B,18.80%,$11.58B,$1.63B,14.04%,$11.58B,$1.08B,9.36%,$1.08B,$7.90B,13.33%,$1.08B,$7.90B,13.40%,$1.08B,$23.85B,4.08%,$1.50B,$13.76B,11.44%,$2692,$1431,$1261,$0,$655,$2248,$444,$-66,$378,$94,$284,$302,$308,$606,$444,$244,248,$1.26,$1.24,$611,$461,$363,$2570,$15814,$3159,$0,$746,$21279,$23849,$3135,$5864,$4389,$12816,$15951,$2265,$6001,$-349,$7898,$23849,$808,$508,$-121,$387,$0,$0,$0,$-466,$-466,$805,$530,$0,$0,$0,$-2191,$-2191,$65,$-1596,$575,$985,$1560,$-985,$-985,$-259,$5,$321,$-470,$0,$-252
41,2008-06-30,41.47,$31.23,1.33,$44.33,0.94,$9.87,4.2,$4.15,9.99,$2.51B,$4.28B,0.59,$4.81B,$7.68B,0.63,$11.55B,$6.04B,52.29%,$11.55B,$1.55B,13.43%,$11.55B,$1.55B,13.43%,$11.55B,$2.24B,19.43%,$11.55B,$1.69B,14.66%,$11.55B,$1.08B,9.35%,$1.08B,$7.68B,13.22%,$1.08B,$7.68B,13.29%,$1.08B,$23.76B,3.87%,$1.55B,$12.49B,12.13%,$2503,$1517,$986,$0,$637,$2325,$178,$268,$446,$202,$244,$262,$244,$349,$178,$246,250,$0.99,$0.98,$643,$125,$418,$2510,$15571,$3246,$0,$806,$21245,$23755,$4276,$4809,$4481,$11796,$16072,$2240,$5780,$-317,$7683,$23755,$506,$346,$-216,$130,$0,$0,$0,$189,$189,$865,$957,$0,$0,$0,$-2176,$-2176,$61,$-1158,$520,$496,$1016,$-991,$-991,$-171,$1,$-145,$-438,$0,$-166
42,2008-03-31,38.9,$32.86,1.18,$44.35,0.88,$5.77,6.75,$4.22,9.22,$10.47B,$9.92B,1.06,$4.59B,$8.58B,0.54,$11.70B,$6.67B,56.97%,$11.70B,$1.78B,15.23%,$11.70B,$1.78B,15.23%,$11.70B,$2.48B,21.15%,$11.70B,$1.66B,14.19%,$11.70B,$1.11B,9.51%,$1.11B,$8.58B,13.50%,$1.11B,$8.58B,13.57%,$1.11B,$29.85B,3.83%,$1.78B,$13.17B,14.03%,$3270,$1807,$1463,$0,$917,$2899,$371,$-21,$350,$127,$223,$244,$242,$546,$371,$259,263,$0.94,$0.92,$1219,$103,$7712,$10470,$15288,$1494,$0,$965,$19384,$29854,$9924,$4589,$4515,$11353,$21277,$3219,$5622,$-243,$8577,$29854,$244,$175,$-85,$90,$0,$0,$0,$365,$365,$731,$-534,$0,$0,$0,$-578,$-578,$3,$-1109,$42,$566,$608,$2,$2,$-84,$-10,$516,$138,$0,$-82
43,2007-12-31,44.9,$31.95,1.41,$43.28,1.04,$8.78,5.12,$4.16,10.79,$9.96B,$9.02B,1.11,$4.55B,$8.34B,0.55,$11.44B,$6.67B,58.35%,$11.44B,$1.68B,14.68%,$11.44B,$1.68B,14.68%,$11.44B,$2.37B,20.68%,$11.44B,$1.54B,13.49%,$11.44B,$1.10B,9.61%,$1.10B,$8.34B,13.69%,$1.10B,$8.16B,13.76%,$1.10B,$28.72B,3.84%,$1.68B,$12.89B,13.46%,$3110,$1281,$1829,$0,$2540,$2607,$503,$-52,$451,$183,$268,$281,$289,$675,$503,$259,264,$1.12,$1.10,$669,$224,$7651,$9964,$14884,$1243,$179,$777,$18753,$28717,$9020,$4553,$4503,$11358,$20378,$3198,$5464,$-301,$8339,$28717,$1092,$686,$139,$825,$-63,$-9,$-82,$353,$126,$2098,$-1908,$0,$0,$0,$-154,$-154,$-11,$-2073,$-668,$812,$144,$-145,$-145,$-326,$21,$-306,$-252,$0,$-316
44,2007-09-30,41.96,$30.96,1.36,$43.91,0.96,$7.14,5.87,$3.53,11.89,$11.13B,$9.83B,1.13,$4.50B,$8.08B,0.56,$11.57B,$6.90B,59.60%,$11.57B,$1.75B,15.09%,$11.57B,$1.75B,15.09%,$11.57B,$2.43B,20.96%,$11.57B,$1.62B,14.02%,$11.57B,$0.94B,8.08%,$0.94B,$8.08B,11.95%,$0.94B,$8.08B,11.95%,$0.94B,$29.30B,3.26%,$1.75B,$12.58B,14.24%,$2663,$904,$1759,$0,$1086,$2164,$499,$-53,$446,$135,$311,$330,$305,$673,$499,$260,264,$1.17,$1.15,$1073,$325,$8573,$11130,$14329,$1121,$0,$852,$18172,$29302,$9831,$4502,$4397,$11391,$21222,$3191,$5256,$-344,$8080,$29302,$810,$514,$-7,$507,$0,$0,$0,$229,$217,$1571,$-1280,$0,$0,$0,$-57,$-57,$-6,$-1343,$-710,$954,$244,$-125,$-125,$-234,$10,$-105,$152,$0,$-234
45,2007-06-30,42.54,$30.26,1.41,$44.12,0.96,$6.37,6.68,$4.87,8.73,$10.59B,$9.47B,1.12,$4.22B,$7.99B,0.53,$11.60B,$6.89B,59.34%,$11.60B,$1.71B,14.76%,$11.60B,$1.71B,14.76%,$11.60B,$2.38B,20.53%,$11.60B,$1.96B,16.90%,$11.60B,$1.28B,11.06%,$1.28B,$7.99B,16.72%,$1.28B,$7.99B,16.72%,$1.28B,$28.48B,4.48%,$1.71B,$12.21B,14.17%,$2661,$1044,$1617,$0,$289,$2251,$410,$4,$414,$143,$271,$280,$277,$581,$410,$260,265,$1.07,$1.05,$1353,$167,$7884,$10588,$14050,$1122,$0,$840,$17889,$28477,$9467,$4219,$4386,$11021,$20488,$3325,$5032,$-345,$7989,$28477,$505,$340,$-129,$211,$0,$0,$0,$941,$941,$1675,$-828,$0,$0,$0,$-46,$-46,$-5,$-879,$-650,$374,$-276,$28,$28,$-152,$7,$-393,$432,$0,$-152
46,2007-03-31,43.6,$29.31,1.49,$43.62,1.0,$2.88,15.14,$5.25,8.3,$10.73B,$9.20B,1.17,$4.52B,$7.71B,0.59,$11.43B,$6.83B,59.80%,$11.43B,$1.64B,14.35%,$11.43B,$1.64B,14.35%,$11.43B,$2.31B,20.20%,$11.43B,$1.81B,15.87%,$11.43B,$1.38B,12.07%,$1.38B,$7.71B,18.68%,$1.38B,$7.71B,18.68%,$1.38B,$28.02B,4.87%,$1.64B,$12.23B,13.84%,$3004,$1535,$1469,$0,$400,$2737,$267,$-35,$232,$63,$169,$227,$228,$436,$267,$259,264,$0.88,$0.86,$1659,$111,$7601,$10731,$13486,$1138,$0,$791,$17293,$28024,$9200,$4520,$4396,$11115,$20315,$3287,$4837,$-391,$7709,$28024,$228,$169,$-158,$11,$0,$0,$0,$1124,$1124,$1383,$-391,$0,$0,$0,$-3,$-3,$-6,$-400,$-33,$-151,$-184,$16,$16,$-79,$2,$-245,$738,$0,$-79
47,2006-12-31,39.85,$28.67,1.39,$45.11,0.88,$0.90,44.09,$5.37,7.42,$12.02B,$10.35B,1.16,$4.53B,$7.51B,0.6,$11.76B,$7.06B,60.05%,$11.76B,$1.79B,15.18%,$11.76B,$1.79B,15.18%,$11.76B,$2.44B,20.76%,$11.76B,$1.91B,16.27%,$11.76B,$1.41B,11.95%,$1.41B,$7.51B,19.87%,$1.41B,$7.51B,19.87%,$1.41B,$28.95B,4.96%,$1.79B,$12.04B,15.38%,$3245,$1192,$2053,$0,$3329,$2675,$570,$-39,$531,$180,$351,$129,$125,$736,$570,$256,261,$0.48,$0.48,$924,$215,$9470,$12016,$13175,$1086,$0,$789,$16933,$28949,$10349,$4525,$4325,$11089,$21438,$3245,$4681,$-390,$7511,$28949,$1406,$657,$-360,$297,$94,$-3,$227,$-388,$-121,$1629,$-1867,$0,$0,$0,$-300,$-300,$1301,$-866,$289,$-791,$-502,$60,$60,$-283,$113,$-612,$151,$0,$-283
