,Date,Stock Price,Book Value per Share,Price to Book Ratio,TTM Sales per Share,Price to Sales Ratio,TTM FCF per Share,Price to FCF Ratio,TTM Net EPS,PE Ratio,Current Assets,Current Liabilities,Current Ratio,Long Term Debt,Shareholder's Equity_x,Debt to Equity Ratio,TTM Revenue_x,TTM Gross Profit,Gross Margin,TTM Revenue_y,TTM Operating Income,Operating Margin,TTM Revenue_x,TTM EBIT,EBIT Margin,TTM Revenue_y,TTM EBITDA,EBITDA Margin,TTM Revenue_x,TTM Pre-Tax Income,Pre-Tax Margin,TTM Revenue_y,TTM Net Income_x,Net Margin,TTM Net Income_y,Shareholder's Equity_y,Return on Equity,TTM Net Income_x,Tangible Equity,Return on Tangible Equity,TTM Net Income_y,Total Assets,Return on Assets,TTM Net Income,LT Investments & Debt,Return on Investment,revenue,cost-goods-sold,gross-profit,research-development-expenses,selling-general-administrative-expenses,operating-expenses,operating-income,total-non-operating-income-expense,pre-tax-income,total-provision-income-taxes,income-after-taxes,income-from-continuous-operations,net-income,ebitda,ebit,basic-shares-outstanding,shares-outstanding,eps-basic-net-earnings-per-share,eps-earnings-per-share-diluted,cash-on-hand,inventory,other-current-assets,total-current-assets,net-property-plant-equipment,long-term-investments,goodwill-intangible-assets-total,other-long-term-assets,total-long-term-assets,total-assets,total-current-liabilities,long-term-debt,other-non-current-liabilities,total-long-term-liabilities,total-liabilities,common-stock-net,retained-earnings-accumulated-deficit,comprehensive-income,total-share-holder-equity,total-liabilities-share-holders-equity,net-income-loss,total-depreciation-amortization-cash-flow,other-non-cash-items,total-non-cash-items,change-in-accounts-receivable,change-in-inventories,change-in-accounts-payable,change-in-assets-liabilities,total-change-in-assets-liabilities,cash-flow-from-operating-activities,net-change-in-property-plant-equipment,net-change-in-intangible-assets,net-acquisitions-divestitures,net-change-in-short-term-investments,net-change-in-long-term-investments,net-change-in-investments-total,investing-activities-other,cash-flow-from-investing-activities,net-long-term-debt,net-current-debt,debt-issuance-retirement-net-total,net-common-equity-issued-repurchased,net-total-equity-issued-repurchased,total-common-preferred-stock-dividends-paid,financial-activities-other,cash-flow-from-financial-activities,net-cash-flow,stock-based-compensation,common-stock-dividends-paid
0,2018-09-30,2.85,$1.07,2.66,$2.68,1.06,$-0.13,0.0,$-0.30,0.0,$0.12B,$0.03B,3.91,$0.03B,$0.10B,0.32,$0.24B,$0.08B,31.69%,$0.24B,$-0.02B,-7.41%,$0.24B,$-0.02B,-7.41%,$0.24B,$0.01B,4.53%,$0.24B,$-0.03B,-11.93%,$0.24B,$-0.03B,-11.52%,$-0.03B,$0.10B,-26.48%,$-0.03B,$0.09B,-28.07%,$-0.03B,$0.17B,-10.75%,$-0.02B,$0.13B,-15.82%,$57,$40,$17,$1,$22,$63,$-6,$-1,$-7,$-0,$-7,$-7,$-7,$1,$-6,$92,92,$-0.07,$-0.07,$64,$0,$0,$118,$36,$0,$6,$7,$50,$168,$30,$32,$7,$39,$69,$0,$-270,$1,$99,$168,$-27,$21,$10,$31,$7,$0,$-2,$4,$2,$5,$-12,$0,$0,$138,$0,$138,$0,$125,$-118,$0,$-118,$1,$1,$0,$-1,$-118,$12,$9,$0
1,2018-06-30,3.94,$1.13,3.5,$2.71,1.46,$-0.14,0.0,$-0.29,0.0,$0.24B,$0.18B,1.34,$0.00B,$0.10B,0.0,$0.24B,$0.08B,31.56%,$0.24B,$-0.02B,-6.97%,$0.24B,$-0.02B,-6.97%,$0.24B,$0.01B,5.74%,$0.24B,$-0.03B,-11.07%,$0.24B,$-0.03B,-10.66%,$-0.03B,$0.10B,-24.02%,$-0.03B,$0.10B,-25.43%,$-0.03B,$0.29B,-8.97%,$-0.02B,$0.10B,-15.70%,$61,$42,$19,$2,$22,$67,$-6,$-3,$-8,$0,$-9,$-9,$-9,$1,$-6,$91,91,$-0.10,$-0.10,$184,$0,$0,$241,$34,$0,$6,$8,$48,$289,$180,$0,$6,$6,$186,$0,$-263,$1,$103,$289,$-21,$14,$9,$23,$6,$0,$-3,$-0,$-0,$2,$-7,$0,$0,$138,$0,$138,$0,$130,$-0,$0,$-0,$0,$0,$0,$-0,$-0,$133,$7,$0
2,2018-03-31,3.81,$1.21,3.16,$2.69,1.41,$-0.15,0.0,$-0.34,0.0,$0.24B,$0.18B,1.38,$0.00B,$0.11B,0.0,$0.24B,$0.08B,31.95%,$0.24B,$-0.02B,-8.71%,$0.24B,$-0.02B,-8.71%,$0.24B,$0.01B,4.56%,$0.24B,$-0.03B,-13.28%,$0.24B,$-0.03B,-12.45%,$-0.03B,$0.11B,-27.27%,$-0.03B,$0.10B,-28.92%,$-0.03B,$0.29B,-10.36%,$-0.02B,$0.11B,-14.48%,$59,$42,$17,$2,$22,$65,$-7,$-5,$-12,$0,$-12,$-12,$-12,$1,$-7,$90,90,$-0.13,$-0.13,$185,$0,$0,$243,$34,$0,$6,$7,$48,$290,$176,$0,$5,$5,$181,$0,$-254,$1,$109,$290,$-12,$8,$5,$13,$7,$0,$-3,$-2,$-1,$1,$-3,$0,$0,$3,$0,$3,$0,$-1,$-0,$0,$-0,$0,$0,$0,$-0,$0,$0,$3,$0
3,2017-12-31,3.09,$1.24,2.49,$2.69,1.15,$-0.09,0.0,$-0.34,0.0,$0.25B,$0.18B,1.41,$0.00B,$0.11B,0.0,$0.24B,$0.08B,31.38%,$0.24B,$-0.02B,-9.62%,$0.24B,$-0.02B,-9.62%,$0.24B,$0.01B,3.35%,$0.24B,$-0.03B,-12.97%,$0.24B,$-0.03B,-12.55%,$-0.03B,$0.11B,-26.67%,$-0.03B,$0.11B,-28.30%,$-0.03B,$0.30B,-10.30%,$-0.02B,$0.11B,-12.65%,$66,$42,$24,$1,$21,$65,$1,$-2,$-2,$-2,$0,$0,$0,$8,$1,$89,89,$0.01,$0.01,$189,$0,$0,$251,$34,$0,$6,$4,$44,$295,$179,$0,$5,$5,$183,$0,$-246,$-1,$112,$295,$-30,$32,$13,$45,$9,$0,$2,$-2,$5,$20,$-17,$0,$0,$2,$0,$2,$0,$-15,$-0,$0,$-0,$1,$1,$0,$-1,$0,$4,$14,$0
4,2017-09-30,3.46,$1.21,2.85,$2.74,1.26,$-0.37,0.0,$-0.44,0.0,$0.24B,$0.17B,1.41,$0.00B,$0.11B,0.0,$0.24B,$0.08B,31.82%,$0.24B,$-0.03B,-10.74%,$0.24B,$-0.03B,-10.74%,$0.24B,$0.01B,2.07%,$0.24B,$-0.04B,-15.29%,$0.24B,$-0.04B,-15.70%,$-0.04B,$0.11B,-32.69%,$-0.04B,$0.10B,-34.78%,$-0.04B,$0.29B,-12.93%,$-0.03B,$0.11B,-11.86%,$58,$41,$17,$1,$20,$63,$-5,$-1,$-5,$-0,$-5,$-5,$-5,$4,$-5,$90,90,$-0.06,$-0.06,$180,$0,$0,$240,$36,$0,$7,$4,$46,$286,$170,$0,$7,$7,$177,$0,$-246,$0,$109,$286,$-30,$24,$11,$35,$12,$0,$-1,$-3,$1,$7,$-14,$0,$0,$0,$0,$0,$0,$-14,$-0,$0,$-0,$1,$1,$0,$-1,$0,$-8,$10,$0
5,2017-06-30,3.88,$1.25,3.1,$2.82,1.38,$-0.42,0.0,$-0.49,0.0,$0.24B,$0.03B,7.93,$0.14B,$0.11B,1.26,$0.25B,$0.08B,33.20%,$0.25B,$-0.03B,-10.12%,$0.25B,$-0.03B,-10.12%,$0.25B,$0.00B,1.62%,$0.25B,$-0.04B,-16.19%,$0.25B,$-0.04B,-17.00%,$-0.04B,$0.11B,-34.78%,$-0.04B,$0.10B,-37.09%,$-0.04B,$0.29B,-14.09%,$-0.03B,$0.25B,-9.73%,$58,$40,$19,$1,$22,$69,$-10,$-3,$-13,$0,$-13,$-13,$-13,$-2,$-10,$89,89,$-0.15,$-0.15,$179,$0,$0,$240,$37,$0,$7,$3,$47,$287,$30,$139,$7,$146,$177,$0,$-241,$-0,$110,$287,$-25,$15,$10,$25,$12,$0,$-1,$-2,$3,$3,$-9,$0,$0,$-1,$0,$-1,$0,$-10,$-0,$0,$-0,$1,$1,$0,$-0,$0,$-8,$7,$0
6,2017-03-31,3.88,$1.35,2.88,$2.89,1.34,$-0.42,0.0,$-0.40,0.0,$0.25B,$0.03B,7.28,$0.14B,$0.12B,1.15,$0.25B,$0.09B,33.86%,$0.25B,$-0.02B,-7.17%,$0.25B,$-0.02B,-7.17%,$0.25B,$0.01B,3.59%,$0.25B,$-0.03B,-12.75%,$0.25B,$-0.03B,-13.55%,$-0.03B,$0.12B,-27.04%,$-0.03B,$0.11B,-28.81%,$-0.03B,$0.30B,-11.22%,$-0.02B,$0.26B,-6.93%,$57,$41,$15,$2,$22,$66,$-9,$-2,$-11,$0,$-12,$-12,$-12,$-2,$-9,$88,88,$-0.13,$-0.13,$189,$0,$0,$248,$38,$0,$8,$3,$49,$297,$34,$137,$7,$144,$178,$0,$-228,$-1,$119,$297,$-12,$7,$3,$10,$10,$0,$-0,$2,$9,$7,$-4,$0,$0,$-1,$0,$-1,$0,$-5,$-0,$0,$-0,$1,$1,$0,$-0,$0,$3,$3,$0
7,2016-12-31,5.68,$1.44,3.95,$2.94,1.93,$-0.50,0.0,$-0.38,0.0,$0.26B,$0.04B,6.77,$0.14B,$0.13B,1.06,$0.25B,$0.09B,34.65%,$0.25B,$-0.02B,-5.91%,$0.25B,$-0.02B,-5.91%,$0.25B,$0.01B,3.94%,$0.25B,$-0.03B,-11.42%,$0.25B,$-0.03B,-12.20%,$-0.03B,$0.13B,-23.75%,$-0.03B,$0.12B,-25.36%,$-0.03B,$0.31B,-10.15%,$-0.02B,$0.26B,-5.72%,$69,$43,$26,$2,$26,$71,$-2,$-5,$-8,$1,$-8,$-8,$-8,$5,$-2,$86,86,$-0.09,$-0.09,$186,$0,$0,$256,$38,$0,$8,$3,$50,$306,$38,$135,$6,$141,$179,$0,$-216,$-1,$127,$306,$-32,$25,$18,$43,$-7,$0,$1,$-2,$-6,$4,$-26,$0,$0,$-3,$0,$-3,$0,$-29,$-0,$0,$-0,$2,$2,$0,$-1,$1,$-25,$11,$0
8,2016-09-30,4.88,$1.46,3.34,$2.90,1.68,$-0.34,0.0,$-0.35,0.0,$0.25B,$0.04B,7.04,$0.13B,$0.13B,1.04,$0.25B,$0.09B,34.80%,$0.25B,$-0.02B,-6.80%,$0.25B,$-0.02B,-6.80%,$0.25B,$0.01B,2.80%,$0.25B,$-0.03B,-10.80%,$0.25B,$-0.03B,-11.60%,$-0.03B,$0.13B,-21.36%,$-0.03B,$0.12B,-22.79%,$-0.03B,$0.30B,-9.40%,$-0.02B,$0.26B,-6.41%,$63,$41,$22,$2,$23,$66,$-4,$-5,$-8,$1,$-9,$-9,$-9,$3,$-4,$86,86,$-0.11,$-0.11,$191,$0,$0,$251,$37,$0,$8,$5,$51,$302,$36,$133,$7,$139,$175,$0,$-208,$0,$127,$302,$-24,$18,$12,$30,$3,$0,$0,$0,$3,$10,$-21,$0,$0,$-3,$0,$-3,$0,$-24,$-0,$0,$-0,$-4,$-4,$0,$-1,$-5,$-21,$7,$0
9,2016-06-30,4.03,$1.52,2.64,$2.87,1.4,$-0.29,0.0,$-0.37,0.0,$0.26B,$0.04B,6.48,$0.13B,$0.13B,1.0,$0.25B,$0.08B,33.33%,$0.25B,$-0.02B,-8.54%,$0.25B,$-0.02B,-8.54%,$0.25B,$0.00B,0.41%,$0.25B,$-0.03B,-12.20%,$0.25B,$-0.03B,-12.60%,$-0.03B,$0.13B,-21.79%,$-0.03B,$0.12B,-23.26%,$-0.03B,$0.31B,-9.91%,$-0.02B,$0.26B,-7.78%,$62,$40,$22,$2,$23,$65,$-3,$-2,$-5,$0,$-5,$-5,$-5,$3,$-3,$85,85,$-0.06,$-0.06,$194,$0,$0,$256,$34,$0,$9,$8,$51,$307,$40,$130,$6,$137,$176,$0,$-198,$0,$130,$307,$-14,$12,$7,$18,$2,$0,$1,$0,$5,$9,$-14,$0,$0,$-1,$0,$-1,$0,$-16,$-0,$0,$-0,$-8,$-8,$0,$-0,$-9,$-17,$5,$0
10,2016-03-31,4.26,$1.62,2.64,$2.87,1.48,$-0.24,0.0,$-0.47,0.0,$0.26B,$0.04B,7.17,$0.13B,$0.14B,0.93,$0.25B,$0.08B,32.11%,$0.25B,$-0.03B,-11.38%,$0.25B,$-0.03B,-11.38%,$0.25B,$-0.01B,-2.44%,$0.25B,$-0.04B,-15.04%,$0.25B,$-0.04B,-15.85%,$-0.04B,$0.14B,-26.09%,$-0.04B,$0.13B,-27.86%,$-0.04B,$0.31B,-12.29%,$-0.03B,$0.27B,-10.16%,$60,$41,$18,$2,$22,$66,$-6,$-2,$-8,$1,$-9,$-9,$-9,$-1,$-6,$86,86,$-0.11,$-0.11,$198,$0,$0,$261,$29,$0,$9,$7,$46,$307,$36,$128,$4,$132,$169,$0,$-191,$1,$138,$307,$-9,$6,$4,$10,$2,$0,$2,$0,$1,$2,$-5,$0,$0,$0,$0,$0,$0,$-5,$-0,$0,$-0,$-7,$-7,$0,$-0,$-7,$-11,$3,$0
11,2015-12-31,4.61,$1.71,2.7,$2.96,1.56,$-0.26,0.0,$-0.48,0.0,$0.27B,$0.04B,7.37,$0.13B,$0.15B,0.85,$0.25B,$0.08B,32.14%,$0.25B,$-0.03B,-11.90%,$0.25B,$-0.03B,-11.90%,$0.25B,$-0.01B,-3.17%,$0.25B,$-0.04B,-15.48%,$0.25B,$-0.04B,-15.87%,$-0.04B,$0.15B,-25.56%,$-0.04B,$0.14B,-27.26%,$-0.04B,$0.32B,-12.38%,$-0.03B,$0.27B,-10.67%,$65,$40,$25,$4,$25,$69,$-4,$-2,$-6,$0,$-6,$-6,$-6,$2,$-4,$85,85,$-0.07,$-0.07,$209,$0,$0,$274,$26,$0,$9,$7,$44,$318,$37,$126,$6,$132,$170,$0,$-184,$0,$148,$318,$-41,$22,$17,$39,$12,$0,$-2,$-3,$6,$4,$-12,$0,$0,$-12,$0,$-12,$-1,$-25,$-0,$0,$-0,$4,$4,$0,$-1,$3,$-18,$13,$0
12,2015-09-30,4.0,$1.77,2.25,$3.10,1.29,$-0.57,0.0,$-0.57,0.0,$0.27B,$0.04B,7.76,$0.13B,$0.15B,0.83,$0.26B,$0.08B,31.30%,$0.26B,$-0.04B,-13.74%,$0.26B,$-0.04B,-13.74%,$0.26B,$-0.01B,-3.82%,$0.26B,$-0.05B,-17.56%,$0.26B,$-0.05B,-18.32%,$-0.05B,$0.15B,-29.58%,$-0.05B,$0.14B,-31.58%,$-0.05B,$0.32B,-14.61%,$-0.04B,$0.28B,-12.60%,$59,$43,$17,$3,$22,$68,$-8,$-3,$-11,$0,$-11,$-11,$-11,$-3,$-8,$86,86,$-0.13,$-0.13,$211,$0,$0,$274,$25,$0,$10,$9,$45,$319,$35,$126,$5,$131,$166,$0,$-176,$2,$153,$319,$-35,$16,$15,$31,$13,$0,$-1,$-2,$4,$1,$-8,$0,$0,$-11,$0,$-11,$-1,$-21,$-0,$0,$-0,$3,$3,$0,$-1,$3,$-17,$11,$0
13,2015-06-30,5.47,$1.86,2.94,$3.19,1.72,$-0.77,0.0,$-0.94,0.0,$0.28B,$0.04B,7.5,$0.12B,$0.16B,0.78,$0.27B,$0.08B,29.85%,$0.27B,$-0.07B,-25.00%,$0.27B,$-0.07B,-25.00%,$0.27B,$-0.02B,-7.46%,$0.27B,$-0.08B,-28.73%,$0.27B,$-0.08B,-29.48%,$-0.08B,$0.16B,-46.75%,$-0.08B,$0.15B,-50.24%,$-0.08B,$0.33B,-23.60%,$-0.07B,$0.28B,-23.04%,$62,$43,$19,$5,$21,$71,$-10,$-3,$-12,$1,$-13,$-13,$-13,$-4,$-10,$85,85,$-0.16,$-0.16,$214,$0,$0,$279,$26,$0,$10,$9,$46,$325,$37,$124,$5,$129,$166,$0,$-165,$1,$159,$325,$-24,$11,$12,$22,$12,$0,$-2,$-0,$5,$3,$-5,$0,$0,$-11,$0,$-11,$-1,$-17,$-0,$0,$-0,$1,$1,$0,$0,$1,$-12,$8,$0
14,2015-03-31,3.1,$1.97,1.57,$3.26,0.95,$-0.82,0.0,$-1.03,0.0,$0.28B,$0.04B,7.8,$0.12B,$0.17B,0.74,$0.27B,$0.08B,28.68%,$0.27B,$-0.08B,-27.94%,$0.27B,$-0.08B,-27.94%,$0.27B,$-0.03B,-11.03%,$0.27B,$-0.09B,-31.62%,$0.27B,$-0.09B,-31.99%,$-0.09B,$0.17B,-47.48%,$-0.09B,$0.16B,-52.17%,$-0.09B,$0.33B,-24.89%,$-0.08B,$0.29B,-25.06%,$66,$46,$20,$5,$23,$74,$-8,$-2,$-10,$0,$-10,$-10,$-10,$-3,$-8,$84,84,$-0.12,$-0.12,$211,$0,$0,$283,$25,$0,$11,$9,$47,$330,$36,$122,$4,$127,$163,$0,$-152,$1,$166,$330,$-10,$5,$4,$9,$4,$0,$0,$0,$-2,$-2,$-3,$0,$0,$-0,$0,$-0,$-1,$-4,$-0,$0,$-0,$1,$1,$0,$0,$1,$-5,$5,$0
15,2014-12-31,4.68,$2.04,2.29,$3.29,1.42,$-0.75,0.0,$-1.14,0.0,$0.29B,$0.04B,6.78,$0.12B,$0.17B,0.71,$0.27B,$0.08B,28.21%,$0.27B,$-0.08B,-30.77%,$0.27B,$-0.08B,-30.77%,$0.27B,$-0.04B,-13.92%,$0.27B,$-0.10B,-34.80%,$0.27B,$-0.10B,-35.16%,$-0.10B,$0.17B,-48.12%,$-0.10B,$0.16B,-53.86%,$-0.10B,$0.34B,-26.27%,$-0.08B,$0.29B,-26.46%,$75,$49,$26,$6,$25,$84,$-10,$-3,$-13,$1,$-14,$-14,$-14,$-0,$-10,$83,83,$-0.17,$-0.17,$215,$0,$0,$293,$26,$0,$11,$8,$47,$340,$43,$121,$4,$125,$169,$0,$-141,$1,$171,$340,$-95,$46,$21,$67,$4,$0,$-0,$-1,$5,$-24,$-9,$0,$-33,$-20,$0,$-20,$0,$-62,$-0,$0,$-0,$4,$4,$0,$0,$4,$-80,$21,$0
16,2014-09-30,3.23,$2.16,1.5,$3.37,0.96,$-0.21,0.0,$-1.00,0.0,$0.29B,$0.04B,7.15,$0.12B,$0.18B,0.66,$0.28B,$0.08B,30.18%,$0.28B,$-0.07B,-26.91%,$0.28B,$-0.07B,-26.91%,$0.28B,$-0.03B,-12.36%,$0.28B,$-0.09B,-30.91%,$0.28B,$-0.08B,-30.55%,$-0.08B,$0.18B,-38.71%,$-0.08B,$0.16B,-42.69%,$-0.08B,$0.34B,-22.08%,$-0.07B,$0.30B,-22.21%,$65,$49,$15,$6,$25,$104,$-39,$-3,$-42,$-0,$-42,$-42,$-42,$-13,$-39,$83,83,$-0.50,$-0.50,$224,$0,$0,$291,$28,$0,$15,$8,$53,$344,$41,$119,$5,$124,$165,$0,$-128,$1,$180,$344,$-82,$36,$17,$53,$15,$0,$-1,$-3,$13,$-16,$-8,$0,$-33,$-20,$0,$-20,$0,$-60,$-0,$0,$-0,$4,$4,$0,$0,$4,$-71,$16,$0
17,2014-06-30,5.8,$2.60,2.23,$3.43,1.69,$0.22,26.47,$-0.57,0.0,$0.31B,$0.05B,6.71,$0.12B,$0.22B,0.54,$0.28B,$0.10B,34.42%,$0.28B,$-0.04B,-14.13%,$0.28B,$-0.04B,-14.13%,$0.28B,$-0.02B,-7.61%,$0.28B,$-0.05B,-17.39%,$0.28B,$-0.05B,-17.39%,$-0.05B,$0.22B,-20.85%,$-0.05B,$0.19B,-22.59%,$-0.05B,$0.38B,-12.26%,$-0.04B,$0.33B,-11.30%,$66,$49,$17,$7,$29,$85,$-19,$-2,$-21,$0,$-21,$-21,$-21,$-14,$-19,$83,83,$-0.25,$-0.25,$240,$0,$0,$308,$29,$0,$29,$16,$76,$384,$46,$117,$5,$122,$168,$0,$-86,$1,$216,$384,$-40,$10,$11,$21,$16,$0,$1,$-2,$19,$-0,$-6,$0,$-33,$-20,$0,$-20,$0,$-58,$-0,$0,$-0,$4,$4,$0,$0,$3,$-55,$11,$0
18,2014-03-31,8.44,$2.80,3.02,$3.51,2.41,$0.41,20.6,$-0.38,0.0,$0.32B,$0.04B,7.5,$0.12B,$0.23B,0.5,$0.28B,$0.11B,38.49%,$0.28B,$-0.02B,-8.63%,$0.28B,$-0.02B,-8.63%,$0.28B,$-0.01B,-2.88%,$0.28B,$-0.03B,-11.15%,$0.28B,$-0.03B,-11.51%,$-0.03B,$0.23B,-14.19%,$-0.03B,$0.20B,-15.01%,$-0.03B,$0.39B,-9.01%,$-0.02B,$0.35B,-7.72%,$67,$48,$19,$7,$29,$83,$-16,$-3,$-19,$0,$-19,$-19,$-19,$-11,$-16,$82,82,$-0.23,$-0.23,$246,$0,$0,$318,$28,$0,$29,$17,$76,$394,$42,$116,$5,$121,$163,$0,$-65,$1,$231,$394,$-19,$5,$5,$10,$11,$0,$2,$0,$11,$2,$-1,$0,$-33,$-19,$0,$-19,$0,$-53,$-0,$0,$-0,$3,$3,$0,$0,$3,$-48,$6,$0
19,2013-12-31,8.38,$2.94,2.85,$3.50,2.39,$0.46,18.11,$-0.29,0.0,$0.36B,$0.04B,8.93,$0.11B,$0.24B,0.48,$0.27B,$0.11B,40.81%,$0.27B,$-0.02B,-6.62%,$0.27B,$-0.02B,-6.62%,$0.27B,$-0.00B,-1.10%,$0.27B,$-0.02B,-8.09%,$0.27B,$-0.02B,-8.46%,$-0.02B,$0.24B,-10.74%,$-0.02B,$0.23B,-11.07%,$-0.02B,$0.40B,-7.36%,$-0.02B,$0.36B,-6.64%,$77,$46,$32,$5,$27,$78,$-0,$-3,$-3,$-1,$-2,$-2,$-2,$4,$-0,$78,78,$-0.02,$-0.02,$275,$0,$0,$355,$28,$0,$6,$9,$45,$400,$40,$114,$5,$119,$159,$0,$-46,$1,$241,$400,$-23,$14,$25,$39,$-7,$0,$1,$2,$-1,$16,$-5,$0,$0,$-73,$-5,$-77,$0,$-82,$118,$0,$118,$47,$47,$0,$-5,$160,$94,$24,$0
20,2013-09-30,12.08,$2.88,4.2,$3.42,3.53,$0.20,61.23,$-0.29,0.0,$0.35B,$0.04B,9.12,$0.11B,$0.23B,0.48,$0.26B,$0.11B,42.37%,$0.26B,$-0.02B,-6.87%,$0.26B,$-0.02B,-6.87%,$0.26B,$-0.00B,-1.53%,$0.26B,$-0.02B,-7.63%,$0.26B,$-0.02B,-8.40%,$-0.02B,$0.23B,-10.96%,$-0.02B,$0.23B,-11.31%,$-0.02B,$0.39B,-8.19%,$-0.02B,$0.35B,-7.84%,$66,$40,$27,$6,$25,$70,$-4,$-1,$-5,$1,$-6,$-6,$-6,$0,$-4,$80,80,$-0.07,$-0.07,$278,$0,$0,$348,$28,$0,$6,$1,$41,$388,$38,$113,$5,$117,$156,$0,$-44,$0,$233,$388,$-21,$10,$19,$29,$2,$0,$3,$-0,$7,$15,$-3,$0,$0,$-71,$0,$-71,$0,$-74,$118,$0,$118,$44,$44,$0,$-5,$157,$98,$17,$0
21,2013-06-30,9.32,$2.48,3.75,$3.38,2.76,$-0.05,0.0,$-0.27,0.0,$0.20B,$0.04B,5.38,$0.00B,$0.20B,0.0,$0.26B,$0.11B,42.75%,$0.26B,$-0.02B,-6.67%,$0.26B,$-0.02B,-6.67%,$0.26B,$-0.01B,-1.96%,$0.26B,$-0.02B,-7.06%,$0.26B,$-0.02B,-7.84%,$-0.02B,$0.20B,-10.65%,$-0.02B,$0.19B,-11.02%,$-0.02B,$0.24B,-8.83%,$-0.02B,$0.20B,-9.02%,$68,$39,$29,$7,$26,$72,$-4,$-0,$-4,$1,$-5,$-5,$-5,$-1,$-4,$77,77,$-0.06,$-0.06,$132,$0,$0,$200,$30,$0,$6,$1,$39,$239,$37,$0,$5,$5,$42,$0,$-39,$0,$197,$239,$-15,$6,$12,$19,$4,$0,$-1,$-1,$8,$12,$-2,$0,$0,$-22,$0,$-22,$0,$-24,$-0,$0,$-0,$14,$14,$0,$-0,$13,$1,$11,$0
22,2013-03-31,7.07,$2.43,2.91,$3.31,2.14,$-0.20,0.0,$-0.71,0.0,$0.18B,$0.03B,5.75,$0.00B,$0.19B,0.0,$0.25B,$0.11B,42.91%,$0.25B,$-0.02B,-6.48%,$0.25B,$-0.02B,-6.48%,$0.25B,$-0.01B,-2.02%,$0.25B,$-0.02B,-7.29%,$0.25B,$-0.05B,-21.05%,$-0.05B,$0.19B,-28.49%,$-0.05B,$0.18B,-29.46%,$-0.05B,$0.22B,-23.53%,$-0.02B,$0.19B,-8.72%,$61,$38,$23,$6,$26,$71,$-10,$-0,$-10,$1,$-10,$-10,$-10,$-6,$-10,$76,76,$-0.14,$-0.14,$118,$0,$0,$182,$32,$0,$6,$1,$41,$223,$32,$1,$5,$6,$37,$0,$-34,$0,$186,$223,$-10,$3,$7,$10,$6,$0,$2,$0,$6,$6,$-1,$0,$0,$-17,$0,$-17,$0,$-18,$-0,$0,$-0,$4,$4,$0,$-0,$3,$-9,$6,$0
23,2012-12-31,5.85,$2.47,2.37,$3.29,1.78,$-0.43,0.0,$-0.59,0.0,$0.18B,$0.03B,5.85,$0.00B,$0.19B,0.0,$0.24B,$0.11B,44.26%,$0.24B,$-0.01B,-3.69%,$0.24B,$-0.01B,-3.69%,$0.24B,0,0.00%,$0.24B,$-0.01B,-4.51%,$0.24B,$-0.04B,-17.62%,$-0.04B,$0.19B,-22.96%,$-0.04B,$0.18B,-23.72%,$-0.04B,$0.22B,-19.05%,$-0.01B,$0.19B,-4.78%,$67,$35,$32,$6,$26,$68,$-0,$-0,$-1,$1,$-1,$-1,$-1,$3,$-0,$74,74,$-0.01,$-0.01,$109,$0,$0,$180,$35,$0,$6,$1,$44,$224,$31,$1,$6,$7,$38,$0,$-23,$0,$187,$224,$-43,$10,$51,$61,$-11,$0,$-2,$4,$-8,$11,$-20,$0,$0,$9,$0,$9,$0,$-11,$-1,$0,$-1,$10,$10,$0,$1,$11,$11,$21,$0
24,2012-09-30,10.28,$2.40,4.29,$3.21,3.2,$-0.65,0.0,$-0.55,0.0,$0.18B,$0.03B,5.28,$0.00B,$0.18B,0.0,$0.24B,$0.11B,44.54%,$0.24B,$-0.01B,-2.10%,$0.24B,$-0.01B,-2.10%,$0.24B,$0.00B,1.26%,$0.24B,$-0.01B,-2.94%,$0.24B,$-0.04B,-16.81%,$-0.04B,$0.18B,-21.08%,$-0.04B,$0.18B,-21.77%,$-0.04B,$0.22B,-17.43%,$-0.01B,$0.18B,-2.62%,$59,$35,$25,$4,$24,$62,$-3,$0,$-3,$0,$-4,$-4,$-4,$-1,$-3,$75,75,$-0.05,$-0.05,$110,$0,$0,$176,$35,$0,$6,$1,$44,$220,$33,$1,$5,$6,$39,$0,$-22,$0,$181,$220,$-42,$7,$48,$55,$-4,$0,$-1,$1,$-5,$9,$-17,$0,$0,$42,$0,$42,$0,$25,$-0,$0,$-0,$10,$10,$0,$0,$10,$44,$15,$0
25,2012-06-30,13.85,$2.35,5.89,$3.14,4.41,$-0.87,0.0,$-0.54,0.0,$0.17B,$0.04B,5.04,$0.00B,$0.18B,0.0,$0.23B,$0.10B,44.98%,$0.23B,$-0.01B,-2.18%,$0.23B,$-0.01B,-2.18%,$0.23B,$0.00B,1.75%,$0.23B,$-0.01B,-2.62%,$0.23B,$-0.04B,-17.03%,$-0.04B,$0.18B,-20.50%,$-0.04B,$0.17B,-21.17%,$-0.04B,$0.22B,-16.96%,$-0.01B,$0.18B,-2.61%,$60,$34,$26,$4,$25,$63,$-3,$-0,$-4,$33,$-37,$-37,$-37,$-1,$-3,$74,74,$-0.50,$-0.50,$114,$0,$0,$174,$34,$0,$6,$1,$43,$217,$35,$1,$5,$6,$41,$0,$-19,$0,$176,$217,$-38,$5,$43,$47,$3,$0,$-1,$-1,$1,$10,$-11,$0,$0,$-6,$0,$-6,$0,$-17,$-0,$0,$-0,$8,$8,$0,$-0,$7,$-0,$10,$0
26,2012-03-31,15.48,$2.77,5.59,$3.05,5.07,$-1.21,0.0,$-0.06,0.0,$0.17B,$0.03B,5.62,$0.00B,$0.21B,0.0,$0.22B,$0.10B,44.50%,$0.22B,$-0.00B,-1.83%,$0.22B,$-0.00B,-1.83%,$0.22B,$0.01B,2.29%,$0.22B,$-0.01B,-2.29%,$0.22B,$-0.00B,-1.38%,$-0.00B,$0.21B,-1.63%,$-0.00B,$0.20B,-1.68%,$-0.00B,$0.24B,-1.35%,$-0.00B,$0.21B,-2.15%,$58,$33,$25,$5,$24,$61,$-3,$-0,$-3,$-2,$-1,$-1,$-1,$-1,$-3,$73,73,$-0.02,$-0.02,$101,$0,$0,$174,$30,$0,$6,$1,$68,$242,$31,$1,$5,$6,$37,$0,$18,$0,$205,$242,$-1,$2,$4,$6,$-5,$0,$-1,$-2,$-11,$-6,$-7,$0,$0,$-2,$0,$-2,$0,$-9,$-0,$0,$-0,$6,$6,$0,$-0,$5,$-10,$4,$0
27,2011-12-31,15.69,$2.72,5.78,$3.00,5.24,$-1.42,0.0,$0.24,65.38,$0.17B,$0.04B,4.4,$0.00B,$0.20B,0.01,$0.21B,$0.09B,44.66%,$0.21B,$-0.00B,-1.46%,$0.21B,$-0.00B,-1.46%,$0.21B,$0.01B,2.91%,$0.21B,$-0.01B,-2.43%,$0.21B,$0.02B,7.28%,$0.02B,$0.20B,8.78%,$0.02B,$0.19B,9.12%,$0.02B,$0.24B,7.24%,$-0.00B,$0.20B,-1.74%,$61,$31,$30,$3,$23,$57,$4,$-0,$3,$2,$2,$2,$2,$6,$4,$67,74,$-0.01,$-0.01,$109,$0,$0,$174,$27,$0,$6,$1,$65,$239,$40,$1,$1,$2,$42,$0,$19,$0,$197,$239,$15,$10,$-10,$-0,$-5,$0,$2,$-3,$-26,$-11,$-14,$0,$0,$-43,$0,$-43,$0,$-58,$-16,$0,$-16,$126,$126,$0,$3,$112,$43,$12,$0
