,Date,Stock Price,Book Value per Share,Price to Book Ratio,TTM Sales per Share,Price to Sales Ratio,TTM FCF per Share,Price to FCF Ratio,TTM Net EPS,PE Ratio,Current Assets,Current Liabilities,Current Ratio,Long Term Debt,Shareholder's Equity_x,Debt to Equity Ratio,TTM Revenue_x,TTM Gross Profit,Gross Margin,TTM Revenue_y,TTM Operating Income,Operating Margin,TTM Revenue_x,TTM EBIT,EBIT Margin,TTM Revenue_y,TTM EBITDA,EBITDA Margin,TTM Revenue_x,TTM Pre-Tax Income,Pre-Tax Margin,TTM Revenue_y,TTM Net Income_x,Net Margin,TTM Net Income_y,Shareholder's Equity_y,Return on Equity,TTM Net Income_x,Tangible Equity,Return on Tangible Equity,TTM Net Income_y,Total Assets,Return on Assets,TTM Net Income,LT Investments & Debt,Return on Investment,revenue,cost-goods-sold,gross-profit,research-development-expenses,selling-general-administrative-expenses,operating-expenses,operating-income,total-non-operating-income-expense,pre-tax-income,total-provision-income-taxes,income-after-taxes,income-from-continuous-operations,net-income,ebitda,ebit,basic-shares-outstanding,shares-outstanding,eps-basic-net-earnings-per-share,eps-earnings-per-share-diluted,cash-on-hand,inventory,other-current-assets,total-current-assets,net-property-plant-equipment,long-term-investments,goodwill-intangible-assets-total,other-long-term-assets,total-long-term-assets,total-assets,total-current-liabilities,long-term-debt,other-non-current-liabilities,total-long-term-liabilities,total-liabilities,common-stock-net,retained-earnings-accumulated-deficit,comprehensive-income,total-share-holder-equity,total-liabilities-share-holders-equity,net-income-loss,total-depreciation-amortization-cash-flow,other-non-cash-items,total-non-cash-items,change-in-accounts-receivable,change-in-inventories,change-in-accounts-payable,change-in-assets-liabilities,total-change-in-assets-liabilities,cash-flow-from-operating-activities,net-change-in-property-plant-equipment,net-change-in-intangible-assets,net-acquisitions-divestitures,net-change-in-short-term-investments,net-change-in-long-term-investments,net-change-in-investments-total,investing-activities-other,cash-flow-from-investing-activities,net-long-term-debt,net-current-debt,debt-issuance-retirement-net-total,net-common-equity-issued-repurchased,net-total-equity-issued-repurchased,total-common-preferred-stock-dividends-paid,financial-activities-other,cash-flow-from-financial-activities,net-cash-flow,stock-based-compensation,common-stock-dividends-paid
0,2018-09-30,29.72,$9.46,3.14,$29.82,1.0,$2.87,10.35,$2.09,14.22,$0.32B,$0.15B,2.2,$0.10B,$0.27B,0.38,$0.86B,$0.26B,30.01%,$0.86B,$0.07B,7.76%,$0.86B,$0.07B,7.76%,$0.86B,$0.10B,11.24%,$0.86B,$0.07B,7.65%,$0.86B,$0.06B,6.95%,$0.06B,$0.27B,23.28%,$0.06B,$0.17B,40.07%,$0.06B,$0.56B,10.62%,$0.07B,$0.37B,18.00%,$209,$146,$63,$12,$33,$191,$18,$-2,$17,$3,$13,$13,$13,$25,$18,$28,29,$0.47,$0.46,$61,$87,$0,$320,$111,$28,$100,$0,$239,$559,$146,$102,$25,$144,$290,$0,$134,$-86,$269,$559,$42,$22,$6,$28,$-15,$-18,$15,$-1,$-23,$48,$-23,$0,$0,$0,$0,$0,$1,$-21,$-24,$0,$-24,$-4,$-4,$0,$0,$-28,$-5,$4,$0
1,2018-06-30,35.14,$9.06,3.88,$29.74,1.18,$2.93,11.98,$1.91,18.4,$0.32B,$0.15B,2.14,$0.11B,$0.26B,0.43,$0.86B,$0.26B,30.19%,$0.86B,$0.06B,7.23%,$0.86B,$0.06B,7.23%,$0.86B,$0.09B,10.72%,$0.86B,$0.06B,7.11%,$0.86B,$0.06B,6.41%,$0.06B,$0.26B,22.29%,$0.06B,$0.16B,40.89%,$0.06B,$0.56B,9.82%,$0.06B,$0.37B,16.84%,$221,$153,$67,$13,$35,$201,$19,$-0,$19,$4,$15,$15,$15,$26,$19,$28,29,$0.53,$0.52,$59,$80,$0,$316,$111,$30,$103,$0,$245,$561,$148,$112,$25,$155,$303,$0,$121,$-82,$258,$561,$29,$15,$4,$19,$-12,$-11,$9,$-8,$-19,$29,$-17,$0,$0,$0,$0,$0,$1,$-15,$-13,$0,$-13,$-4,$-4,$0,$0,$-17,$-7,$3,$0
2,2018-03-31,27.6,$9.11,3.03,$29.46,0.94,$2.93,9.41,$1.71,16.14,$0.32B,$0.15B,2.19,$0.12B,$0.26B,0.46,$0.85B,$0.26B,30.14%,$0.85B,$0.06B,6.97%,$0.85B,$0.06B,6.97%,$0.85B,$0.09B,10.52%,$0.85B,$0.06B,6.62%,$0.85B,$0.05B,5.79%,$0.05B,$0.26B,20.92%,$0.05B,$0.15B,41.00%,$0.05B,$0.58B,8.91%,$0.06B,$0.38B,16.29%,$226,$158,$68,$14,$37,$209,$17,$-0,$17,$3,$13,$13,$13,$25,$17,$28,29,$0.47,$0.46,$57,$79,$0,$319,$115,$32,$114,$0,$262,$580,$145,$119,$37,$175,$321,$0,$105,$-65,$260,$580,$13,$8,$1,$9,$-15,$-5,$8,$-4,$-12,$10,$-10,$0,$0,$0,$0,$0,$1,$-9,$-6,$0,$-6,$-4,$-4,$0,$0,$-10,$-9,$1,$0
3,2017-12-31,22.86,$8.66,2.64,$28.80,0.79,$3.05,7.49,$1.57,14.56,$0.30B,$0.14B,2.23,$0.13B,$0.24B,0.51,$0.82B,$0.25B,30.10%,$0.82B,$0.06B,6.92%,$0.82B,$0.06B,6.92%,$0.82B,$0.09B,10.44%,$0.82B,$0.05B,6.43%,$0.82B,$0.05B,5.46%,$0.05B,$0.24B,20.34%,$0.05B,$0.13B,42.06%,$0.05B,$0.56B,8.41%,$0.06B,$0.37B,15.98%,$207,$146,$61,$13,$35,$194,$13,$-0,$13,$-6,$19,$19,$19,$21,$13,$28,29,$0.67,$0.65,$66,$73,$0,$303,$110,$32,$114,$0,$256,$559,$136,$125,$35,$179,$315,$0,$92,$-70,$244,$559,$45,$28,$5,$33,$-15,$-2,$10,$-10,$1,$79,$-32,$0,$-77,$0,$0,$0,$1,$-109,$45,$0,$45,$-2,$-2,$0,$-2,$41,$16,$7,$0
4,2017-09-30,19.81,$7.97,2.49,$27.68,0.72,$2.89,6.86,$2.62,7.56,$0.30B,$0.13B,2.24,$0.13B,$0.23B,0.58,$0.79B,$0.24B,29.75%,$0.79B,$0.05B,6.84%,$0.79B,$0.05B,6.84%,$0.79B,$0.08B,10.25%,$0.79B,$0.05B,6.20%,$0.79B,$0.07B,9.37%,$0.07B,$0.23B,35.53%,$0.07B,$0.11B,65.78%,$0.07B,$0.54B,14.98%,$0.05B,$0.36B,16.30%,$204,$141,$63,$12,$37,$190,$13,$-1,$12,$4,$8,$8,$8,$20,$13,$28,29,$0.29,$0.28,$51,$79,$0,$297,$109,$18,$116,$0,$243,$540,$133,$131,$32,$183,$316,$0,$73,$-69,$225,$540,$26,$21,$15,$36,$-18,$-7,$12,$2,$-11,$51,$-25,$0,$-77,$0,$0,$0,$0,$-102,$51,$0,$51,$-2,$-2,$0,$-2,$47,$0,$6,$0
5,2017-06-30,15.41,$7.40,2.08,$26.71,0.58,$2.65,5.82,$2.70,5.71,$0.29B,$0.13B,2.26,$0.14B,$0.21B,0.66,$0.76B,$0.22B,29.21%,$0.76B,$0.05B,6.97%,$0.76B,$0.05B,6.97%,$0.76B,$0.08B,10.39%,$0.76B,$0.05B,6.32%,$0.76B,$0.08B,10.00%,$0.08B,$0.21B,40.37%,$0.08B,$0.10B,68.31%,$0.08B,$0.52B,16.43%,$0.05B,$0.35B,17.54%,$209,$146,$63,$12,$36,$193,$16,$-2,$14,$5,$9,$9,$9,$23,$16,$28,29,$0.32,$0.32,$44,$77,$0,$286,$103,$19,$113,$0,$235,$521,$127,$138,$28,$186,$313,$0,$65,$-75,$208,$521,$18,$14,$10,$24,$-13,$-7,$12,$-4,$-15,$27,$-15,$0,$-78,$0,$0,$0,$0,$-93,$61,$0,$61,$-2,$-2,$0,$-2,$57,$-6,$4,$0
6,2017-03-31,18.14,$7.38,2.46,$25.99,0.7,$2.45,7.41,$2.79,6.5,$0.28B,$0.13B,2.13,$0.15B,$0.21B,0.71,$0.74B,$0.21B,28.73%,$0.74B,$0.05B,6.91%,$0.74B,$0.05B,6.91%,$0.74B,$0.08B,10.30%,$0.74B,$0.05B,6.23%,$0.74B,$0.08B,10.70%,$0.08B,$0.21B,46.54%,$0.08B,$0.10B,71.66%,$0.08B,$0.52B,18.08%,$0.05B,$0.36B,18.48%,$204,$143,$61,$12,$34,$189,$15,$-1,$14,$5,$9,$9,$9,$22,$15,$28,29,$0.33,$0.32,$45,$73,$0,$283,$101,$22,$113,$0,$236,$520,$133,$148,$11,$179,$312,$0,$56,$-65,$208,$520,$9,$7,$4,$10,$-19,$-2,$16,$-5,$-9,$10,$-7,$0,$-78,$0,$0,$0,$0,$-85,$71,$0,$71,$-2,$-2,$0,$-0,$69,$-5,$2,$0
7,2016-12-31,17.69,$6.90,2.56,$24.62,0.72,$2.16,8.19,$2.73,6.48,$0.24B,$0.11B,2.14,$0.08B,$0.19B,0.39,$0.70B,$0.20B,28.12%,$0.70B,$0.05B,6.46%,$0.70B,$0.05B,6.46%,$0.70B,$0.07B,9.76%,$0.70B,$0.04B,5.60%,$0.70B,$0.08B,11.05%,$0.08B,$0.19B,52.29%,$0.08B,$0.15B,72.64%,$0.08B,$0.40B,18.99%,$0.05B,$0.27B,18.56%,$173,$125,$48,$9,$28,$162,$10,$-1,$9,$-40,$48,$48,$48,$16,$10,$28,28,$1.74,$1.71,$50,$60,$0,$241,$92,$22,$40,$0,$154,$395,$113,$75,$5,$90,$202,$0,$45,$-68,$192,$395,$76,$24,$-35,$-11,$-19,$5,$11,$3,$1,$65,$-24,$0,$0,$0,$0,$0,$0,$-24,$-43,$0,$-43,$-1,$-1,$0,$1,$-43,$-4,$6,$0
8,2016-09-30,18.4,$5.19,3.54,$24.05,0.77,$1.63,11.29,$1.25,14.72,$0.27B,$0.13B,2.13,$0.10B,$0.15B,0.66,$0.68B,$0.19B,27.98%,$0.68B,$0.04B,6.33%,$0.68B,$0.04B,6.33%,$0.68B,$0.07B,9.57%,$0.68B,$0.04B,5.15%,$0.68B,$0.04B,5.15%,$0.04B,$0.15B,27.83%,$0.04B,$0.10B,40.94%,$0.04B,$0.41B,8.80%,$0.04B,$0.24B,18.82%,$174,$124,$50,$10,$28,$162,$12,$-1,$11,$1,$10,$10,$10,$18,$12,$28,28,$0.37,$0.36,$51,$65,$0,$270,$91,$12,$41,$0,$144,$414,$127,$95,$4,$142,$269,$0,$-3,$-64,$145,$414,$27,$17,$4,$22,$-25,$0,$14,$-6,$-12,$37,$-18,$0,$0,$0,$0,$0,$0,$-18,$-21,$0,$-21,$-1,$-1,$0,$-0,$-23,$-4,$5,$0
9,2016-06-30,14.94,$4.81,3.11,$23.71,0.63,$0.73,20.56,$1.15,12.99,$0.28B,$0.13B,2.11,$0.11B,$0.13B,0.8,$0.67B,$0.19B,27.74%,$0.67B,$0.04B,6.00%,$0.67B,$0.04B,6.00%,$0.67B,$0.06B,9.30%,$0.67B,$0.03B,4.65%,$0.67B,$0.03B,4.80%,$0.03B,$0.13B,27.95%,$0.03B,$0.09B,42.38%,$0.03B,$0.42B,8.30%,$0.04B,$0.24B,18.20%,$187,$134,$53,$10,$29,$173,$14,$-1,$12,$1,$11,$11,$12,$20,$14,$28,28,$0.42,$0.41,$55,$68,$0,$276,$90,$11,$43,$0,$143,$419,$131,$107,$4,$155,$285,$0,$-13,$-64,$134,$419,$17,$11,$3,$14,$-29,$-2,$19,$-5,$-14,$18,$-12,$0,$0,$0,$0,$0,$0,$-12,$-4,$0,$-4,$-1,$-1,$0,$0,$-5,$1,$3,$0
10,2016-03-31,14.56,$4.23,3.44,$23.01,0.63,$0.02,601.65,$0.99,14.71,$0.26B,$0.13B,2.04,$0.10B,$0.12B,0.89,$0.65B,$0.18B,27.60%,$0.65B,$0.03B,5.12%,$0.65B,$0.03B,5.12%,$0.65B,$0.06B,8.53%,$0.65B,$0.03B,3.88%,$0.65B,$0.03B,4.19%,$0.03B,$0.12B,25.00%,$0.03B,$0.08B,39.71%,$0.03B,$0.39B,7.13%,$0.03B,$0.22B,15.47%,$163,$117,$45,$11,$26,$154,$9,$-2,$7,$1,$6,$6,$7,$14,$9,$28,28,$0.26,$0.26,$48,$69,$0,$255,$89,$10,$39,$0,$138,$394,$125,$104,$4,$151,$276,$0,$-25,$-66,$118,$394,$6,$5,$1,$6,$-15,$-6,$14,$-3,$-11,$1,$-7,$0,$0,$0,$0,$0,$0,$-7,$0,$0,$0,$-1,$-1,$0,$0,$-1,$-6,$1,$0
11,2015-12-31,14.8,$3.81,3.88,$23.07,0.64,$-0.23,0.0,$0.81,18.27,$0.23B,$0.11B,2.15,$0.10B,$0.11B,0.98,$0.65B,$0.18B,27.44%,$0.65B,$0.03B,4.19%,$0.65B,$0.03B,4.19%,$0.65B,$0.05B,7.75%,$0.65B,$0.02B,3.10%,$0.65B,$0.02B,3.41%,$0.02B,$0.11B,21.26%,$0.02B,$0.07B,35.63%,$0.02B,$0.36B,5.87%,$0.03B,$0.21B,12.89%,$155,$112,$42,$9,$25,$146,$8,$-4,$5,$-0,$5,$5,$6,$13,$8,$27,28,$0.22,$0.22,$54,$61,$0,$232,$85,$10,$37,$0,$132,$364,$108,$104,$4,$150,$258,$0,$-32,$-70,$106,$364,$21,$23,$5,$28,$-0,$-4,$7,$-0,$7,$55,$-29,$0,$-2,$0,$0,$0,$0,$-30,$-8,$0,$-8,$-3,$-3,$0,$-0,$-11,$11,$7,$0
12,2015-09-30,12.34,$3.58,3.45,$23.73,0.52,$-1.35,0.0,$-0.40,0.0,$0.24B,$0.12B,2.03,$0.11B,$0.10B,1.05,$0.66B,$0.18B,27.40%,$0.66B,$-0.00B,-0.61%,$0.66B,$-0.00B,-0.61%,$0.66B,$0.05B,7.46%,$0.66B,$-0.02B,-2.59%,$0.66B,$-0.01B,-1.67%,$-0.01B,$0.10B,-10.43%,$-0.01B,$0.06B,-18.88%,$-0.01B,$0.37B,-2.87%,$-0.00B,$0.21B,-1.88%,$162,$117,$45,$10,$26,$153,$9,$-2,$7,$0,$7,$7,$7,$15,$9,$27,28,$0.26,$0.26,$29,$71,$0,$236,$83,$10,$37,$0,$130,$366,$116,$105,$3,$150,$266,$0,$-38,$-70,$100,$366,$16,$18,$6,$24,$-18,$-15,$9,$-1,$-22,$17,$-23,$0,$-0,$0,$0,$0,$-1,$-25,$-1,$0,$-1,$-3,$-3,$0,$-0,$-4,$-14,$6,$0
13,2015-06-30,11.71,$3.89,3.01,$24.13,0.49,$-1.87,0.0,$-0.66,0.0,$0.25B,$0.13B,1.94,$0.11B,$0.11B,0.99,$0.67B,$0.19B,27.82%,$0.67B,$0.00B,0.15%,$0.67B,$0.00B,0.15%,$0.67B,$0.05B,7.37%,$0.67B,$-0.02B,-2.41%,$0.67B,$-0.02B,-2.71%,$-0.02B,$0.11B,-15.03%,$-0.02B,$0.06B,-30.90%,$-0.02B,$0.39B,-4.29%,$0.00B,$0.22B,0.44%,$165,$119,$46,$10,$28,$158,$7,$-1,$6,$-0,$6,$6,$7,$13,$7,$27,28,$0.26,$0.25,$23,$82,$0,$246,$87,$11,$48,$0,$145,$391,$127,$107,$4,$156,$283,$0,$-46,$-57,$108,$391,$8,$12,$3,$15,$-15,$-17,$13,$-3,$-22,$2,$-15,$0,$-2,$0,$0,$0,$0,$-17,$-2,$0,$-2,$-1,$-1,$0,$-0,$-3,$-20,$4,$0
14,2015-03-31,11.29,$3.56,3.17,$24.23,0.47,$-2.11,0.0,$-1.72,0.0,$0.24B,$0.12B,1.97,$0.11B,$0.10B,1.08,$0.66B,$0.19B,28.25%,$0.66B,$-0.03B,-4.38%,$0.66B,$-0.03B,-4.38%,$0.66B,$0.05B,7.55%,$0.66B,$-0.05B,-7.55%,$0.66B,$-0.05B,-7.10%,$-0.05B,$0.10B,-34.75%,$-0.05B,$0.05B,-77.37%,$-0.05B,$0.38B,-10.04%,$-0.03B,$0.21B,-11.05%,$163,$119,$44,$10,$31,$160,$3,$-1,$2,$0,$2,$2,$2,$9,$3,$27,28,$0.09,$0.08,$24,$72,$0,$236,$83,$11,$47,$0,$141,$377,$120,$107,$4,$157,$278,$0,$-53,$-60,$100,$377,$2,$6,$4,$10,$-16,$-8,$12,$-3,$-16,$-4,$-8,$0,$0,$0,$0,$0,$0,$-8,$-5,$0,$-5,$1,$1,$0,$-0,$-4,$-19,$3,$0
15,2014-12-31,12.86,$4.03,3.19,$24.28,0.53,$-2.41,0.0,$-1.75,0.0,$0.25B,$0.12B,2.04,$0.11B,$0.11B,0.97,$0.66B,$0.19B,28.94%,$0.66B,$-0.03B,-3.94%,$0.66B,$-0.03B,-3.94%,$0.66B,$0.06B,8.48%,$0.66B,$-0.05B,-7.88%,$0.66B,$-0.05B,-7.27%,$-0.05B,$0.11B,-30.19%,$-0.05B,$0.06B,-75.59%,$-0.05B,$0.40B,-9.11%,$-0.03B,$0.22B,-8.51%,$167,$122,$45,$10,$30,$190,$-23,$-10,$-32,$-1,$-31,$-31,$-27,$12,$-23,$27,27,$-0.99,$-0.99,$43,$71,$0,$246,$85,$10,$58,$0,$153,$399,$120,$111,$4,$165,$285,$0,$-55,$-45,$114,$399,$-61,$82,$21,$102,$-19,$3,$1,$-1,$-22,$20,$-25,$0,$70,$0,$0,$0,$0,$46,$104,$0,$104,$-1,$-1,$0,$-186,$-82,$-20,$5,$0
16,2014-09-30,11.27,$5.55,2.03,$21.48,0.52,$-1.55,0.0,$-0.75,0.0,$0.32B,$0.19B,1.72,$0.11B,$0.16B,0.7,$0.59B,$0.19B,32.31%,$0.59B,$0.01B,0.85%,$0.59B,$0.01B,0.85%,$0.59B,$0.06B,10.43%,$0.59B,$-0.02B,-2.91%,$0.59B,$-0.02B,-3.59%,$-0.02B,$0.16B,-11.81%,$-0.02B,$0.06B,-31.82%,$-0.02B,$0.51B,-3.66%,$0.01B,$0.27B,1.46%,$170,$121,$50,$10,$31,$157,$14,$-6,$8,$-1,$9,$9,$-0,$15,$14,$27,28,$0.00,$0.00,$94,$86,$0,$322,$85,$11,$94,$0,$190,$512,$187,$109,$5,$168,$355,$0,$-28,$-37,$157,$512,$-28,$47,$11,$58,$-22,$-8,$1,$-2,$-31,$-1,$-20,$0,$70,$0,$0,$0,$-53,$-2,$5,$0,$5,$-1,$-1,$0,$-21,$-17,$-22,$4,$0
17,2014-06-30,10.72,$6.03,1.78,$21.25,0.5,$-0.66,0.0,$-0.56,0.0,$0.39B,$0.17B,2.29,$0.18B,$0.17B,1.07,$0.58B,$0.19B,32.76%,$0.58B,$0.00B,0.69%,$0.58B,$0.00B,0.69%,$0.58B,$0.07B,11.61%,$0.58B,$-0.02B,-2.95%,$0.58B,$-0.02B,-2.77%,$-0.02B,$0.17B,-8.54%,$-0.02B,$0.07B,-24.52%,$-0.02B,$0.58B,-2.68%,$0.00B,$0.35B,1.07%,$162,$114,$48,$11,$32,$185,$-23,$-5,$-28,$0,$-29,$-29,$-22,$14,$-23,$27,27,$-0.81,$-0.81,$46,$97,$0,$385,$89,$10,$99,$0,$199,$584,$168,$183,$4,$246,$413,$0,$-28,$-24,$170,$584,$-29,$46,$4,$49,$-11,$-15,$4,$-3,$-28,$-7,$-13,$0,$-1,$0,$0,$0,$0,$-14,$6,$0,$6,$-1,$-1,$0,$-1,$4,$-17,$2,$0
18,2014-03-31,11.23,$6.90,1.63,$21.44,0.52,$-0.20,0.0,$0.46,24.41,$0.36B,$0.17B,2.11,$0.18B,$0.20B,0.94,$0.59B,$0.20B,33.33%,$0.59B,$0.04B,6.67%,$0.59B,$0.04B,6.67%,$0.59B,$0.07B,12.65%,$0.59B,$0.02B,3.08%,$0.59B,$0.01B,2.05%,$0.01B,$0.20B,6.26%,$0.01B,$0.06B,19.92%,$0.01B,$0.61B,2.00%,$0.04B,$0.38B,10.31%,$161,$113,$48,$11,$31,$155,$6,$-7,$-0,$0,$-0,$-0,$1,$15,$6,$27,27,$0.05,$0.05,$48,$130,$0,$362,$110,$11,$130,$0,$251,$613,$172,$184,$4,$246,$418,$0,$-6,$-26,$195,$613,$0,$8,$1,$10,$-16,$-14,$6,$-4,$-26,$-16,$-5,$0,$0,$0,$0,$0,$0,$-5,$7,$0,$7,$-1,$-1,$0,$0,$6,$-14,$1,$0
19,2013-12-31,12.75,$6.62,1.93,$24.16,0.53,$0.32,39.47,$0.56,22.77,$0.37B,$0.15B,2.4,$0.19B,$0.19B,0.98,$0.66B,$0.21B,31.21%,$0.66B,$0.04B,6.52%,$0.66B,$0.04B,6.52%,$0.66B,$0.08B,11.82%,$0.66B,$0.02B,3.48%,$0.66B,$0.02B,2.27%,$0.02B,$0.19B,7.75%,$0.02B,$0.07B,26.43%,$0.02B,$0.59B,2.49%,$0.04B,$0.37B,11.25%,$92,$49,$43,$0,$-5,$85,$8,$-5,$3,$0,$2,$2,$0,$17,$8,$27,27,$0.01,$0.01,$63,$80,$0,$370,$86,$10,$123,$0,$219,$588,$154,$185,$4,$246,$400,$0,$-8,$-30,$189,$588,$17,$35,$2,$37,$4,$-24,$9,$-3,$-10,$44,$-25,$0,$0,$0,$0,$0,$0,$-25,$0,$0,$0,$-1,$-1,$0,$0,$-1,$18,$5,$0
20,2013-09-30,10.81,$6.85,1.58,$28.95,0.37,$1.47,7.33,$0.65,16.63,$0.35B,$0.16B,2.14,$0.19B,$0.20B,0.96,$0.79B,$0.22B,27.56%,$0.79B,$0.04B,5.56%,$0.79B,$0.04B,5.56%,$0.79B,$0.08B,9.86%,$0.79B,$0.02B,2.91%,$0.79B,$0.02B,2.28%,$0.02B,$0.20B,9.24%,$0.02B,$0.06B,35.29%,$0.02B,$0.60B,2.98%,$0.04B,$0.38B,11.50%,$162,$112,$50,$0,$37,$149,$13,$-4,$8,$1,$7,$7,$5,$21,$13,$27,27,$0.19,$0.19,$46,$119,$0,$346,$113,$10,$135,$0,$258,$604,$161,$187,$4,$247,$408,$0,$-8,$-25,$195,$604,$16,$26,$1,$27,$-12,$-26,$11,$-2,$-21,$22,$-18,$0,$0,$0,$0,$0,$0,$-18,$-2,$0,$-2,$-1,$-1,$0,$0,$-3,$2,$4,$0
21,2013-06-30,11.64,$6.60,1.76,$31.09,0.37,$2.07,5.61,$0.48,24.25,$0.34B,$0.16B,2.14,$0.19B,$0.19B,1.0,$0.85B,$0.22B,25.83%,$0.85B,$0.04B,4.48%,$0.85B,$0.04B,4.48%,$0.85B,$0.07B,8.61%,$0.85B,$0.02B,1.89%,$0.85B,$0.01B,1.53%,$0.01B,$0.19B,6.71%,$0.01B,$0.05B,28.89%,$0.01B,$0.59B,2.14%,$0.04B,$0.38B,10.00%,$170,$116,$54,$0,$43,$158,$12,$-5,$7,$1,$6,$6,$6,$21,$12,$27,27,$0.22,$0.21,$37,$110,$0,$335,$112,$10,$137,$0,$259,$594,$157,$188,$4,$249,$406,$0,$-13,$-25,$188,$594,$11,$18,$1,$19,$-20,$-18,$11,$-3,$-26,$3,$-11,$0,$0,$0,$0,$0,$0,$-11,$1,$0,$1,$-1,$-1,$0,$0,$0,$-8,$3,$0
22,2013-03-31,7.63,$7.08,1.08,$33.74,0.23,$2.39,3.19,$0.13,58.69,$0.34B,$0.17B,2.08,$0.19B,$0.20B,0.96,$0.91B,$0.22B,24.01%,$0.91B,$0.03B,3.07%,$0.91B,$0.03B,3.07%,$0.91B,$0.06B,6.91%,$0.91B,$0.00B,0.33%,$0.91B,$0.00B,0.33%,$0.00B,$0.20B,1.56%,$0.00B,$0.05B,7.69%,$0.00B,$0.63B,0.48%,$0.03B,$0.40B,7.42%,$236,$177,$59,$0,$48,$225,$10,$-5,$5,$1,$4,$4,$4,$19,$10,$27,27,$0.15,$0.15,$47,$103,$0,$343,$118,$12,$151,$0,$281,$625,$166,$194,$4,$258,$423,$0,$-19,$-8,$202,$625,$4,$9,$0,$9,$-17,$-7,$9,$-5,$-14,$-1,$-6,$0,$0,$0,$0,$0,$0,$-6,$10,$0,$10,$-1,$-1,$0,$0,$9,$2,$1,$0
23,2012-12-31,5.12,$6.94,0.74,$34.90,0.15,$2.59,1.98,$0.20,25.6,$0.31B,$0.15B,2.03,$0.18B,$0.19B,0.94,$0.94B,$0.23B,23.99%,$0.94B,$0.03B,3.20%,$0.94B,$0.03B,3.20%,$0.94B,$0.07B,6.93%,$0.94B,$0.01B,0.53%,$0.94B,$0.01B,0.53%,$0.01B,$0.19B,2.56%,$0.01B,$0.04B,13.99%,$0.01B,$0.59B,0.79%,$0.03B,$0.38B,7.95%,$223,$168,$55,$0,$46,$214,$9,$-3,$3,$0,$3,$3,$3,$17,$9,$26,27,$0.10,$0.10,$45,$96,$0,$311,$119,$12,$151,$0,$282,$593,$153,$181,$4,$245,$399,$0,$-23,$-10,$194,$593,$4,$35,$1,$36,$19,$21,$-7,$2,$35,$76,$-26,$0,$-20,$0,$0,$0,$0,$-46,$-64,$0,$-64,$-1,$-1,$0,$0,$-65,$-34,$5,$0
24,2012-09-30,4.97,$6.84,0.73,$34.26,0.15,$-0.11,0.0,$1.66,2.99,$0.33B,$0.17B,1.91,$0.18B,$0.19B,0.95,$0.90B,$0.20B,22.42%,$0.90B,$0.01B,1.44%,$0.90B,$0.01B,1.44%,$0.90B,$0.05B,5.55%,$0.90B,$0.06B,6.66%,$0.90B,$0.04B,4.55%,$0.04B,$0.19B,21.33%,$0.04B,$0.04B,147.75%,$0.04B,$0.62B,6.20%,$0.01B,$0.37B,3.47%,$219,$168,$51,$0,$45,$213,$7,$-6,$1,$0,$1,$1,$0,$16,$7,$26,27,$0.02,$0.02,$36,$109,$0,$329,$120,$13,$155,$0,$289,$618,$173,$182,$5,$254,$427,$0,$-26,$-9,$191,$618,$1,$27,$2,$29,$7,$9,$-9,$-1,$10,$40,$-20,$0,$0,$0,$0,$0,$-20,$-40,$-44,$0,$-44,$-1,$-1,$0,$-0,$-45,$-43,$4,$0
25,2012-06-30,6.81,$6.57,1.04,$34.15,0.2,$-2.41,0.0,$1.82,3.74,$0.35B,$0.20B,1.73,$0.18B,$0.18B,0.99,$0.88B,$0.19B,21.41%,$0.88B,$0.01B,1.48%,$0.88B,$0.01B,1.48%,$0.88B,$0.05B,5.24%,$0.88B,$0.07B,7.40%,$0.88B,$0.05B,5.24%,$0.05B,$0.18B,27.63%,$0.05B,$0.03B,112.88%,$0.05B,$0.64B,7.54%,$0.01B,$0.37B,3.76%,$234,$181,$54,$0,$52,$233,$2,$-8,$-6,$-1,$-5,$-5,$-4,$11,$2,$26,26,$-0.13,$-0.13,$39,$116,$0,$350,$121,$12,$157,$0,$291,$641,$202,$182,$5,$254,$456,$0,$-26,$-14,$184,$641,$0,$18,$2,$20,$-1,$0,$2,$-4,$-5,$15,$-14,$0,$0,$0,$0,$0,$-20,$-34,$-20,$0,$-20,$-1,$-1,$0,$-0,$-22,$-40,$2,$0
26,2012-03-31,9.89,$7.59,1.3,$33.02,0.3,$-3.97,0.0,$2.10,4.71,$0.38B,$0.22B,1.7,$0.18B,$0.21B,0.86,$0.83B,$0.17B,20.62%,$0.83B,$0.02B,2.16%,$0.83B,$0.02B,2.16%,$0.83B,$0.05B,5.76%,$0.83B,$0.08B,8.99%,$0.83B,$0.05B,6.35%,$0.05B,$0.21B,36.12%,$0.05B,$0.04B,87.97%,$0.05B,$0.69B,9.60%,$0.02B,$0.40B,5.57%,$262,$197,$65,$0,$53,$250,$12,$-5,$7,$1,$6,$6,$6,$21,$12,$26,27,$0.22,$0.22,$43,$120,$0,$378,$126,$12,$175,$0,$314,$692,$222,$183,$5,$257,$479,$0,$-22,$5,$213,$692,$6,$9,$1,$10,$-18,$3,$8,$-3,$-10,$6,$-7,$0,$-20,$0,$0,$0,$0,$-26,$-16,$0,$-16,$-1,$-1,$0,$-0,$-17,$-36,$1,$0
27,2011-12-31,8.43,$6.89,1.22,$31.14,0.27,$-4.75,0.0,$2.00,4.22,$0.39B,$0.26B,1.51,$0.18B,$0.18B,1.02,$0.77B,$0.15B,19.08%,$0.77B,$0.01B,1.70%,$0.77B,$0.01B,1.70%,$0.77B,$0.04B,5.10%,$0.77B,$0.07B,9.28%,$0.77B,$0.05B,6.54%,$0.05B,$0.18B,42.46%,$0.05B,$0.01B,66.45%,$0.05B,$0.70B,10.37%,$0.01B,$0.36B,4.48%,$186,$154,$32,$0,$35,$194,$-8,$66,$58,$23,$35,$35,$39,$2,$-8,$24,25,$1.59,$1.56,$79,$120,$0,$389,$125,$11,$170,$0,$306,$695,$258,$184,$5,$257,$515,$0,$-28,$-10,$181,$695,$46,$25,$-46,$-21,$-12,$-10,$-24,$-5,$-23,$1,$-22,$0,$0,$0,$0,$0,$-7,$-30,$39,$0,$39,$-1,$-1,$0,$-1,$38,$7,$4,$0
28,2011-09-30,5.22,$3.44,1.52,$30.19,0.17,$-4.07,0.0,$0.62,8.42,$0.27B,$0.14B,1.88,$0.17B,$0.09B,1.93,$0.74B,$0.15B,20.30%,$0.74B,$0.03B,3.65%,$0.74B,$0.03B,3.65%,$0.74B,$0.05B,6.50%,$0.74B,$0.02B,2.30%,$0.74B,$0.02B,2.17%,$0.02B,$0.09B,16.80%,$0.02B,$0.09B,17.25%,$0.02B,$0.41B,3.95%,$0.03B,$0.26B,10.23%,$196,$158,$37,$0,$30,$189,$7,$-1,$6,$2,$4,$4,$5,$12,$7,$24,25,$0.19,$0.18,$43,$72,$0,$268,$82,$63,$0,$0,$145,$413,$143,$170,$13,$183,$325,$0,$-67,$-13,$88,$413,$10,$16,$-1,$15,$-28,$-18,$9,$-3,$-42,$-17,$-21,$0,$0,$0,$0,$0,$0,$-20,$11,$0,$11,$-1,$-1,$0,$-0,$10,$-29,$3,$0
29,2011-06-30,14.74,$4.09,3.61,$28.81,0.51,$-2.81,0.0,$0.47,31.36,$0.26B,$0.12B,2.16,$0.17B,$0.11B,1.62,$0.70B,$0.15B,21.34%,$0.70B,$0.03B,3.70%,$0.70B,$0.03B,3.70%,$0.70B,$0.05B,6.69%,$0.70B,$0.01B,1.99%,$0.70B,$0.01B,1.71%,$0.01B,$0.11B,12.70%,$0.01B,$0.11B,13.04%,$0.01B,$0.41B,2.99%,$0.03B,$0.27B,9.76%,$190,$153,$38,$0,$30,$183,$7,$-3,$4,$1,$3,$3,$3,$13,$7,$24,25,$0.14,$0.14,$36,$73,$0,$260,$82,$68,$0,$0,$149,$409,$120,$169,$15,$184,$304,$0,$-71,$9,$105,$409,$6,$10,$-1,$9,$-21,$-18,$9,$-2,$-38,$-23,$-14,$0,$0,$0,$0,$0,$0,$-14,$0,$0,$0,$-1,$-1,$0,$-0,$-1,$-36,$2,$0
30,2011-03-31,14.62,$3.80,3.85,$27.89,0.52,$-1.89,0.0,$0.50,29.24,$0.27B,$0.13B,2.07,$0.17B,$0.10B,1.73,$0.68B,$0.15B,22.24%,$0.68B,$0.03B,3.98%,$0.68B,$0.03B,3.98%,$0.68B,$0.05B,6.92%,$0.68B,$0.02B,2.21%,$0.68B,$0.01B,1.91%,$0.01B,$0.10B,14.73%,$0.01B,$0.10B,15.16%,$0.01B,$0.41B,3.30%,$0.03B,$0.27B,10.24%,$193,$154,$39,$0,$33,$186,$7,$-3,$3,$1,$3,$3,$3,$12,$7,$24,24,$0.12,$0.12,$53,$66,$0,$272,$77,$63,$0,$0,$140,$412,$132,$168,$15,$183,$315,$0,$-75,$6,$97,$412,$3,$5,$-1,$4,$-26,$-10,$15,$-3,$-22,$-15,$-4,$0,$0,$0,$0,$0,$0,$-4,$0,$0,$0,$-1,$-1,$0,$-0,$-0,$-19,$1,$0
31,2010-12-31,15.79,$3.59,4.4,$26.09,0.61,$-1.53,0.0,$0.44,35.89,$0.25B,$0.11B,2.22,$0.17B,$0.09B,1.84,$0.63B,$0.15B,23.03%,$0.63B,$0.02B,3.79%,$0.63B,$0.02B,3.79%,$0.63B,$0.04B,6.94%,$0.63B,$0.01B,1.89%,$0.63B,$0.01B,1.89%,$0.01B,$0.09B,14.37%,$0.01B,$0.08B,14.81%,$0.01B,$0.39B,3.11%,$0.02B,$0.26B,9.13%,$160,$125,$36,$0,$30,$155,$6,$-2,$4,$-1,$4,$4,$5,$11,$6,$24,24,$0.19,$0.18,$72,$55,$0,$250,$77,$50,$10,$0,$137,$387,$113,$168,$7,$183,$296,$0,$-78,$4,$91,$387,$11,$20,$-2,$18,$-21,$-12,$17,$-2,$-16,$14,$-19,$0,$0,$0,$0,$0,$0,$-19,$171,$0,$171,$-1,$-1,$0,$-184,$-14,$-20,$3,$0
32,2010-09-30,10.51,$3.33,3.16,$25.15,0.42,$-1.25,0.0,$0.25,42.04,$0.26B,$0.12B,2.22,$0.18B,$0.09B,2.17,$0.61B,$0.14B,22.70%,$0.61B,$0.02B,3.29%,$0.61B,$0.02B,3.29%,$0.61B,$0.04B,6.58%,$0.61B,$0.01B,1.15%,$0.61B,$0.01B,1.15%,$0.01B,$0.09B,8.83%,$0.01B,$0.09B,8.83%,$0.01B,$0.40B,1.84%,$0.02B,$0.27B,7.63%,$160,$124,$37,$0,$31,$155,$6,$-2,$3,$2,$1,$1,$1,$11,$6,$24,24,$0.05,$0.05,$85,$51,$0,$264,$73,$63,$0,$0,$136,$400,$119,$183,$13,$197,$315,$0,$-85,$5,$85,$400,$7,$15,$-5,$10,$-28,$-12,$15,$-1,$-14,$3,$-10,$0,$0,$0,$0,$0,$0,$-10,$1,$0,$1,$0,$0,$0,$0,$1,$-7,$2,$0
33,2010-06-30,7.59,$3.13,2.42,$23.53,0.32,$-1.43,0.0,$0.18,42.17,$0.25B,$0.10B,2.38,$0.18B,$0.08B,2.3,$0.57B,$0.13B,22.61%,$0.57B,$0.02B,3.00%,$0.57B,$0.02B,3.00%,$0.57B,$0.04B,6.54%,$0.57B,$0.01B,0.88%,$0.57B,$0.01B,0.88%,$0.01B,$0.08B,6.62%,$0.01B,$0.08B,6.62%,$0.01B,$0.38B,1.36%,$0.02B,$0.26B,6.58%,$166,$127,$39,$0,$31,$158,$8,$-3,$5,$1,$4,$4,$4,$13,$8,$24,24,$0.16,$0.16,$75,$47,$0,$249,$73,$56,$0,$0,$129,$378,$104,$183,$10,$194,$298,$0,$-86,$1,$80,$378,$6,$10,$-3,$7,$-28,$-8,$14,$-9,$-20,$-7,$-7,$0,$0,$0,$0,$0,$0,$-7,$0,$0,$0,$0,$0,$0,$0,$1,$-17,$1,$0
34,2010-03-31,9.89,$3.05,3.24,$21.07,0.47,$-1.23,0.0,$-0.83,0.0,$0.25B,$0.11B,2.36,$0.18B,$0.08B,2.36,$0.50B,$0.10B,20.52%,$0.50B,$-0.01B,-1.00%,$0.50B,$-0.01B,-1.00%,$0.50B,$0.02B,2.99%,$0.50B,$-0.02B,-3.98%,$0.50B,$-0.02B,-3.78%,$-0.02B,$0.08B,-26.39%,$-0.02B,$0.08B,-26.39%,$-0.02B,$0.38B,-5.29%,$-0.01B,$0.26B,-1.96%,$148,$114,$34,$0,$30,$144,$4,$-4,$0,$-1,$2,$2,$2,$9,$4,$24,24,$0.08,$0.08,$80,$46,$0,$247,$76,$53,$0,$0,$128,$376,$105,$183,$10,$193,$298,$0,$-90,$4,$78,$376,$2,$5,$-2,$3,$-22,$-6,$9,$1,$-12,$-7,$-4,$0,$0,$0,$0,$0,$0,$-4,$0,$0,$0,$0,$0,$0,$0,$0,$-12,$0,$0
35,2009-12-31,9.01,$2.96,3.04,$20.14,0.45,$-0.90,0.0,$-1.38,0.0,$0.23B,$0.09B,2.59,$0.18B,$0.07B,2.48,$0.48B,$0.09B,18.53%,$0.48B,$-0.02B,-3.79%,$0.48B,$-0.02B,-3.79%,$0.48B,$0.00B,0.63%,$0.48B,$-0.03B,-7.16%,$0.48B,$-0.03B,-6.95%,$-0.03B,$0.07B,-45.67%,$-0.03B,$0.07B,-45.67%,$-0.03B,$0.37B,-9.28%,$-0.02B,$0.26B,-7.05%,$134,$106,$28,$0,$27,$132,$2,$-3,$-1,$-1,$-0,$-0,$-0,$7,$2,$24,24,$-0.01,$-0.01,$92,$40,$0,$233,$77,$55,$0,$0,$132,$365,$90,$183,$17,$201,$291,$0,$-92,$3,$74,$365,$-33,$21,$-2,$19,$17,$18,$-2,$-3,$28,$14,$-12,$0,$-6,$0,$0,$0,$0,$-18,$0,$0,$0,$0,$0,$0,$0,$0,$-1,$1,$0
36,2009-09-30,7.08,$2.79,2.53,$21.24,0.33,$-0.14,0.0,$-6.00,0.0,$0.23B,$0.09B,2.62,$0.18B,$0.07B,2.62,$0.50B,$0.09B,18.04%,$0.50B,$-0.09B,-17.84%,$0.50B,$-0.09B,-17.84%,$0.50B,$-0.00B,-0.40%,$0.50B,$-0.11B,-21.04%,$0.50B,$-0.14B,-28.26%,$-0.14B,$0.07B,-183.71%,$-0.14B,$0.07B,-183.71%,$-0.14B,$0.35B,-39.17%,$-0.09B,$0.25B,-34.26%,$118,$91,$27,$0,$24,$115,$3,$-2,$1,$2,$-1,$-1,$-1,$8,$3,$24,24,$-0.04,$-0.04,$84,$38,$0,$227,$78,$49,$0,$0,$127,$353,$87,$183,$7,$197,$284,$0,$-91,$3,$70,$353,$-32,$16,$-5,$11,$11,$18,$-8,$-3,$19,$-3,$-9,$0,$0,$0,$0,$0,$0,$-9,$0,$0,$0,$0,$0,$0,$-0,$-0,$-8,$1,$0
37,2009-06-30,4.8,$2.64,1.82,$23.89,0.2,$0.89,5.39,$-5.98,0.0,$0.22B,$0.08B,2.73,$0.18B,$0.07B,2.76,$0.56B,$0.10B,17.53%,$0.56B,$-0.09B,-16.28%,$0.56B,$-0.09B,-16.28%,$0.56B,$-0.00B,-0.36%,$0.56B,$-0.11B,-18.96%,$0.56B,$-0.14B,-25.04%,$-0.14B,$0.07B,-124.17%,$-0.14B,$0.07B,-145.08%,$-0.14B,$0.34B,-34.80%,$-0.09B,$0.25B,-30.77%,$102,$89,$14,$0,$28,$117,$-14,$-5,$-20,$0,$-20,$-20,$-20,$-9,$-14,$24,24,$-0.84,$-0.84,$85,$44,$0,$218,$80,$43,$0,$0,$124,$342,$80,$183,$7,$195,$275,$0,$-90,$-1,$66,$342,$-31,$11,$-3,$8,$26,$12,$-10,$-3,$21,$-3,$-7,$0,$0,$0,$0,$0,$0,$-7,$0,$0,$0,$0,$0,$0,$0,$0,$-7,$1,$0
38,2009-03-31,2.11,$3.13,0.67,$28.55,0.07,$1.34,1.58,$-4.94,0.0,$0.24B,$0.09B,2.64,$0.18B,$0.08B,2.33,$0.67B,$0.13B,19.85%,$0.67B,$-0.07B,-9.85%,$0.67B,$-0.07B,-9.85%,$0.67B,$0.03B,3.73%,$0.67B,$-0.08B,-11.49%,$0.67B,$-0.12B,-17.16%,$-0.12B,$0.08B,-75.41%,$-0.12B,$0.08B,-95.83%,$-0.12B,$0.36B,-25.37%,$-0.07B,$0.26B,-19.67%,$121,$102,$19,$0,$27,$130,$-9,$-5,$-14,$-2,$-12,$-12,$-12,$-3,$-9,$23,23,$-0.49,$-0.49,$89,$48,$0,$237,$86,$40,$0,$0,$125,$363,$90,$183,$6,$194,$284,$0,$-71,$-9,$79,$363,$-12,$5,$-3,$3,$9,$6,$-7,$-0,$10,$1,$-4,$0,$0,$0,$0,$0,$0,$-4,$0,$0,$0,$0,$0,$0,$0,$0,$-4,$1,$0
39,2008-12-31,4.56,$3.72,1.23,$31.97,0.14,$1.58,2.88,$-4.17,0.0,$0.26B,$0.09B,2.7,$0.18B,$0.09B,1.99,$0.75B,$0.17B,22.07%,$0.75B,$-0.04B,-5.72%,$0.75B,$-0.04B,-5.72%,$0.75B,$0.05B,6.65%,$0.75B,$-0.05B,-6.78%,$0.75B,$-0.10B,-12.77%,$-0.10B,$0.09B,-51.27%,$-0.10B,$0.09B,-69.44%,$-0.10B,$0.38B,-19.23%,$-0.04B,$0.28B,-11.57%,$158,$128,$30,$0,$40,$227,$-69,$-3,$-72,$37,$-108,$-108,$-108,$2,$-69,$23,23,$-4.63,$-4.63,$93,$55,$0,$255,$88,$40,$0,$0,$128,$382,$94,$183,$13,$196,$291,$0,$-59,$-7,$92,$382,$-98,$93,$39,$132,$20,$-2,$-15,$3,$8,$42,$-23,$0,$-1,$0,$0,$0,$0,$-24,$0,$0,$0,$0,$0,$0,$-16,$-16,$-3,$2,$0
40,2008-09-30,11.25,$8.69,1.29,$33.09,0.34,$1.92,5.85,$0.74,15.2,$0.30B,$0.12B,2.49,$0.18B,$0.21B,0.85,$0.78B,$0.18B,23.62%,$0.78B,$0.04B,5.01%,$0.78B,$0.04B,5.01%,$0.78B,$0.07B,8.73%,$0.78B,$0.03B,4.11%,$0.78B,$0.02B,2.31%,$0.02B,$0.21B,8.34%,$0.02B,$0.15B,11.96%,$0.02B,$0.52B,3.36%,$0.04B,$0.40B,9.64%,$178,$143,$35,$0,$32,$177,$1,$-0,$0,$1,$-0,$-0,$-0,$8,$1,$23,23,$-0.02,$-0.02,$90,$68,$0,$299,$89,$46,$66,$0,$223,$522,$120,$183,$2,$187,$308,$0,$49,$8,$214,$522,$11,$22,$-1,$21,$5,$-12,$-2,$-2,$-1,$31,$-18,$0,$-1,$0,$0,$0,$0,$-19,$-17,$0,$-17,$0,$0,$0,$1,$-16,$-6,$3,$0
41,2008-06-30,17.06,$9.14,1.87,$32.76,0.52,$1.31,13.06,$0.87,19.61,$0.32B,$0.13B,2.42,$0.18B,$0.23B,0.81,$0.77B,$0.19B,24.16%,$0.77B,$0.04B,5.56%,$0.77B,$0.04B,5.56%,$0.77B,$0.07B,9.43%,$0.77B,$0.04B,4.52%,$0.77B,$0.02B,2.71%,$0.02B,$0.23B,9.92%,$0.02B,$0.16B,14.36%,$0.02B,$0.55B,3.92%,$0.04B,$0.41B,10.62%,$213,$164,$49,$0,$37,$202,$11,$-2,$9,$4,$5,$5,$5,$18,$11,$23,24,$0.20,$0.20,$81,$70,$0,$321,$91,$48,$66,$0,$225,$546,$133,$183,$2,$188,$321,$0,$50,$19,$225,$546,$11,$15,$2,$18,$-18,$-12,$6,$-1,$-16,$13,$-11,$0,$-1,$0,$0,$0,$0,$-12,$-17,$0,$-17,$0,$0,$0,$1,$-16,$-15,$2,$0
42,2008-03-31,13.45,$8.84,1.52,$31.51,0.43,$0.97,13.9,$0.78,17.24,$0.32B,$0.14B,2.39,$0.19B,$0.22B,0.87,$0.75B,$0.18B,23.76%,$0.75B,$0.04B,5.23%,$0.75B,$0.04B,5.23%,$0.75B,$0.07B,9.40%,$0.75B,$0.03B,3.89%,$0.75B,$0.02B,2.55%,$0.02B,$0.22B,9.34%,$0.02B,$0.15B,13.77%,$0.02B,$0.55B,3.61%,$0.04B,$0.41B,9.73%,$203,$151,$52,$0,$36,$189,$14,$-2,$12,$5,$7,$7,$7,$22,$14,$23,24,$0.28,$0.28,$88,$67,$0,$322,$92,$43,$66,$0,$225,$547,$135,$189,$2,$194,$329,$0,$45,$18,$218,$547,$7,$8,$1,$9,$-12,$-8,$6,$-3,$-7,$9,$-5,$0,$-1,$0,$0,$0,$0,$-7,$-11,$0,$-11,$0,$0,$0,$-0,$-11,$-8,$1,$0
43,2007-12-31,8.04,$8.52,0.94,$30.83,0.26,$0.33,24.44,$0.71,11.32,$0.30B,$0.12B,2.59,$0.20B,$0.21B,0.97,$0.73B,$0.17B,23.11%,$0.73B,$0.04B,4.81%,$0.73B,$0.04B,4.81%,$0.73B,$0.07B,8.94%,$0.73B,$0.02B,3.16%,$0.73B,$0.02B,2.34%,$0.02B,$0.21B,8.71%,$0.02B,$0.14B,13.08%,$0.02B,$0.53B,3.29%,$0.04B,$0.41B,8.86%,$185,$137,$48,$0,$33,$173,$13,$-2,$11,$4,$6,$6,$6,$20,$13,$23,24,$0.28,$0.28,$96,$57,$0,$301,$93,$39,$65,$0,$226,$528,$117,$200,$2,$205,$322,$0,$38,$14,$206,$528,$17,$30,$-1,$29,$-13,$1,$-5,$1,$-12,$34,$-6,$0,$0,$0,$0,$0,$0,$-6,$0,$0,$0,$0,$0,$0,$1,$1,$30,$2,$0
44,2007-09-30,10.2,$8.16,1.25,$30.38,0.34,$0.15,69.77,$0.49,20.82,$0.28B,$0.12B,2.33,$0.20B,$0.20B,1.01,$0.71B,$0.16B,21.88%,$0.71B,$0.03B,3.51%,$0.71B,$0.03B,3.51%,$0.71B,$0.06B,7.71%,$0.71B,$0.01B,1.96%,$0.71B,$0.01B,1.68%,$0.01B,$0.20B,6.37%,$0.01B,$0.13B,9.76%,$0.01B,$0.52B,2.35%,$0.03B,$0.40B,6.44%,$173,$135,$38,$0,$32,$168,$5,$-2,$3,$0,$3,$3,$3,$13,$5,$23,24,$0.11,$0.11,$68,$58,$0,$278,$102,$40,$65,$0,$245,$523,$120,$200,$4,$206,$326,$0,$32,$13,$198,$523,$10,$23,$-9,$14,$-15,$1,$-8,$-2,$-16,$8,$-9,$0,$0,$0,$0,$0,$0,$-9,$0,$0,$0,$0,$0,$0,$2,$2,$2,$2,$0
45,2007-06-30,12.34,$7.92,1.56,$30.45,0.41,$0.42,29.48,$0.57,21.65,$0.27B,$0.11B,2.36,$0.20B,$0.19B,1.04,$0.71B,$0.16B,21.91%,$0.71B,$0.03B,4.07%,$0.71B,$0.03B,4.07%,$0.71B,$0.06B,8.15%,$0.71B,$0.02B,2.25%,$0.71B,$0.01B,1.83%,$0.01B,$0.19B,7.14%,$0.01B,$0.13B,11.13%,$0.01B,$0.51B,2.58%,$0.03B,$0.39B,7.59%,$184,$145,$39,$0,$34,$177,$7,$-4,$3,$1,$3,$3,$3,$15,$7,$23,24,$0.12,$0.11,$66,$57,$0,$267,$106,$36,$65,$0,$243,$510,$113,$200,$4,$206,$319,$0,$29,$10,$192,$510,$8,$15,$-5,$10,$-7,$2,$-6,$-4,$-14,$4,$-11,$0,$0,$0,$5,$5,$0,$-6,$0,$0,$0,$0,$0,$0,$2,$2,$0,$1,$0
46,2007-03-31,10.36,$7.63,1.36,$30.80,0.34,$0.76,13.57,$0.67,15.46,$0.26B,$0.12B,2.2,$0.20B,$0.19B,1.08,$0.71B,$0.16B,22.58%,$0.71B,$0.04B,4.91%,$0.71B,$0.04B,4.91%,$0.71B,$0.06B,8.84%,$0.71B,$0.02B,2.81%,$0.71B,$0.02B,2.10%,$0.02B,$0.19B,8.53%,$0.02B,$0.12B,13.61%,$0.02B,$0.51B,2.99%,$0.04B,$0.39B,9.31%,$185,$142,$43,$0,$33,$175,$10,$-4,$6,$1,$5,$5,$5,$17,$10,$23,23,$0.21,$0.21,$54,$60,$0,$258,$114,$33,$65,$0,$250,$508,$117,$200,$4,$205,$323,$0,$27,$8,$185,$508,$5,$8,$-1,$6,$-13,$-2,$-6,$-2,$-16,$-5,$-7,$0,$0,$0,$0,$0,$0,$-7,$0,$0,$0,$0,$0,$0,$0,$0,$-12,$1,$0
47,2006-12-31,8.19,$7.50,1.09,$30.74,0.27,$1.35,6.05,$0.63,13.0,$0.25B,$0.12B,2.15,$0.20B,$0.18B,1.12,$0.71B,$0.16B,22.46%,$0.71B,$0.04B,4.94%,$0.71B,$0.04B,4.94%,$0.71B,$0.06B,8.90%,$0.71B,$0.02B,2.82%,$0.71B,$0.01B,1.98%,$0.01B,$0.18B,8.27%,$0.01B,$0.11B,13.49%,$0.01B,$0.50B,2.82%,$0.04B,$0.38B,9.48%,$171,$135,$36,$0,$32,$168,$3,$-1,$2,$0,$1,$1,$1,$10,$3,$23,23,$0.06,$0.07,$66,$59,$0,$254,$115,$31,$65,$0,$248,$502,$118,$200,$3,$205,$323,$0,$22,$7,$179,$502,$15,$28,$-2,$25,$-3,$-2,$14,$4,$7,$47,$-24,$0,$-2,$0,$1,$1,$0,$-25,$-0,$0,$-0,$0,$0,$0,$0,$0,$25,$2,$0
