,Date,Stock Price,Book Value per Share,Price to Book Ratio,TTM Sales per Share,Price to Sales Ratio,TTM FCF per Share,Price to FCF Ratio,TTM Net EPS,PE Ratio,Current Assets,Current Liabilities,Current Ratio,Long Term Debt,Shareholder's Equity_x,Debt to Equity Ratio,TTM Revenue_x,TTM Gross Profit,Gross Margin,TTM Revenue_y,TTM Operating Income,Operating Margin,TTM Revenue_x,TTM EBIT,EBIT Margin,TTM Revenue_y,TTM EBITDA,EBITDA Margin,TTM Revenue_x,TTM Pre-Tax Income,Pre-Tax Margin,TTM Revenue_y,TTM Net Income_x,Net Margin,TTM Net Income_y,Shareholder's Equity_y,Return on Equity,TTM Net Income_x,Tangible Equity,Return on Tangible Equity,TTM Net Income_y,Total Assets,Return on Assets,TTM Net Income,LT Investments & Debt,Return on Investment,revenue,cost-goods-sold,gross-profit,research-development-expenses,selling-general-administrative-expenses,operating-expenses,operating-income,total-non-operating-income-expense,pre-tax-income,total-provision-income-taxes,income-after-taxes,income-from-continuous-operations,net-income,ebitda,ebit,basic-shares-outstanding,shares-outstanding,eps-basic-net-earnings-per-share,eps-earnings-per-share-diluted,cash-on-hand,inventory,other-current-assets,total-current-assets,net-property-plant-equipment,long-term-investments,goodwill-intangible-assets-total,other-long-term-assets,total-long-term-assets,total-assets,total-current-liabilities,long-term-debt,other-non-current-liabilities,total-long-term-liabilities,total-liabilities,common-stock-net,retained-earnings-accumulated-deficit,comprehensive-income,total-share-holder-equity,total-liabilities-share-holders-equity,net-income-loss,total-depreciation-amortization-cash-flow,other-non-cash-items,total-non-cash-items,change-in-accounts-receivable,change-in-inventories,change-in-accounts-payable,change-in-assets-liabilities,total-change-in-assets-liabilities,cash-flow-from-operating-activities,net-change-in-property-plant-equipment,net-change-in-intangible-assets,net-acquisitions-divestitures,net-change-in-short-term-investments,net-change-in-long-term-investments,net-change-in-investments-total,investing-activities-other,cash-flow-from-investing-activities,net-long-term-debt,net-current-debt,debt-issuance-retirement-net-total,net-common-equity-issued-repurchased,net-total-equity-issued-repurchased,total-common-preferred-stock-dividends-paid,financial-activities-other,cash-flow-from-financial-activities,net-cash-flow,stock-based-compensation,common-stock-dividends-paid
0,2018-09-30,161.51,$9.59,16.83,$4.28,37.72,$-12.18,0.0,$-3.74,0.0,$1.01B,$0.11B,8.85,$0.42B,$0.64B,0.65,$0.27B,$0.25B,91.24%,$0.27B,$-0.23B,-82.85%,$0.27B,$-0.23B,-82.85%,$0.27B,$-0.22B,-81.02%,$0.27B,$-0.25B,-90.15%,$0.27B,$-0.24B,-89.05%,$-0.24B,$0.64B,-33.60%,$-0.24B,$0.63B,-34.29%,$-0.24B,$1.18B,-19.37%,$-0.23B,$1.06B,-19.73%,$78,$9,$70,$87,$53,$149,$-70,$-7,$-77,$-1,$-76,$-76,$-76,$-68,$-70,$66,66,$-1.15,$-1.15,$793,$116,$55,$1012,$77,$0,$15,$79,$171,$1183,$114,$415,$0,$429,$543,$0,$-1438,$0,$640,$1183,$-221,$4,$55,$59,$-19,$-32,$0,$-84,$-104,$-266,$-41,$-3,$0,$-89,$-0,$-89,$0,$-133,$-32,$0,$-32,$43,$43,$0,$-2,$9,$-390,$37,$0
1,2018-06-30,132.18,$10.54,12.55,$3.84,34.39,$-10.94,0.0,$-3.37,0.0,$1.14B,$0.11B,10.88,$0.43B,$0.70B,0.62,$0.24B,$0.22B,92.15%,$0.24B,$-0.20B,-83.88%,$0.24B,$-0.20B,-83.88%,$0.24B,$-0.20B,-81.40%,$0.24B,$-0.22B,-89.26%,$0.24B,$-0.22B,-89.26%,$-0.22B,$0.70B,-29.17%,$-0.22B,$0.68B,-29.75%,$-0.22B,$1.25B,-18.56%,$-0.20B,$1.13B,-19.01%,$74,$7,$67,$123,$47,$177,$-103,$-5,$-109,$1,$-109,$-109,$-109,$-102,$-103,$65,65,$-1.67,$-1.67,$949,$104,$43,$1139,$58,$0,$15,$35,$108,$1247,$105,$430,$0,$443,$548,$0,$-1362,$-0,$699,$1247,$-145,$2,$36,$38,$-14,$-21,$0,$-30,$-46,$-153,$-21,$-2,$0,$-47,$-0,$-47,$0,$-69,$-2,$0,$-2,$34,$34,$0,$0,$33,$-189,$26,$0
2,2018-03-31,74.09,$11.86,6.25,$3.36,22.07,$-11.02,0.0,$-2.85,0.0,$1.22B,$0.09B,13.37,$0.43B,$0.78B,0.55,$0.20B,$0.19B,94.09%,$0.20B,$-0.16B,-80.30%,$0.20B,$-0.16B,-80.30%,$0.20B,$-0.16B,-77.34%,$0.20B,$-0.17B,-83.74%,$0.20B,$-0.17B,-83.74%,$-0.17B,$0.78B,-25.75%,$-0.17B,$0.76B,-26.25%,$-0.17B,$1.30B,-17.63%,$-0.16B,$1.20B,-18.52%,$65,$6,$59,$46,$43,$95,$-31,$-4,$-35,$0,$-35,$-35,$-35,$-30,$-31,$65,65,$-0.55,$-0.55,$1049,$99,$31,$1219,$54,$0,$14,$12,$81,$1300,$91,$427,$0,$432,$524,$0,$-1252,$-1,$777,$1300,$-35,$1,$15,$16,$-10,$-16,$0,$5,$-17,$-36,$-12,$-1,$0,$-1,$0,$-1,$0,$-14,$-5,$0,$-5,$13,$13,$0,$0,$7,$-42,$11,$0
3,2017-12-31,55.64,$12.18,4.57,$2.65,21.0,$-11.39,0.0,$-0.80,0.0,$1.23B,$0.09B,13.91,$0.43B,$0.79B,0.54,$0.15B,$0.15B,96.10%,$0.15B,$-0.17B,-111.04%,$0.15B,$-0.17B,-111.04%,$0.15B,$-0.17B,-107.14%,$0.15B,$-0.05B,-31.82%,$0.15B,$-0.05B,-33.12%,$-0.05B,$0.79B,-8.90%,$-0.05B,$0.78B,-9.07%,$-0.05B,$1.31B,-6.64%,$-0.17B,$1.21B,-24.90%,$57,$4,$54,$44,$32,$80,$-23,$-3,$-26,$-2,$-24,$-24,$-24,$-22,$-23,$59,59,$-0.46,$-0.43,$1079,$84,$37,$1229,$43,$0,$14,$22,$79,$1308,$88,$425,$0,$430,$519,$0,$-1217,$-0,$789,$1308,$-51,$7,$-91,$-84,$-24,$-71,$0,$-15,$-97,$-232,$-12,$116,$0,$-293,$11,$-283,$0,$-179,$15,$0,$15,$369,$369,$0,$504,$888,$477,$30,$0
4,2017-09-30,45.36,$10.80,4.2,$1.68,27.07,$-12.40,0.0,$-2.05,0.0,$0.74B,$0.07B,10.44,$0.03B,$0.70B,0.04,$0.10B,$0.09B,96.91%,$0.10B,$-0.24B,-249.48%,$0.10B,$-0.24B,-243.30%,$0.10B,$-0.24B,-243.30%,$0.10B,$-0.11B,-114.43%,$0.10B,$-0.12B,-118.56%,$-0.12B,$0.70B,-24.99%,$-0.12B,$0.68B,-25.51%,$-0.12B,$0.80B,-21.04%,$-0.24B,$0.72B,-51.60%,$46,$3,$43,$34,$28,$92,$-46,$0,$-46,$2,$-48,$-48,$-48,$-43,$-46,$62,62,$-0.78,$-0.78,$618,$65,$29,$736,$39,$1,$14,$11,$65,$800,$70,$27,$0,$33,$103,$0,$-1193,$-0,$697,$800,$-27,$6,$-101,$-95,$-20,$-52,$0,$-7,$-79,$-201,$-8,$116,$0,$196,$11,$207,$0,$315,$16,$0,$16,$366,$366,$0,$0,$381,$495,$23,$0
5,2017-06-30,33.71,$6.83,4.94,$0.93,36.3,$-12.47,0.0,$-2.45,0.0,$0.39B,$0.07B,5.92,$0.00B,$0.38B,0.0,$0.05B,$0.05B,100.00%,$0.05B,$-0.25B,-496.08%,$0.05B,$-0.25B,-484.31%,$0.05B,$-0.25B,-486.27%,$0.05B,$-0.12B,-239.22%,$0.05B,$-0.12B,-243.14%,$-0.12B,$0.38B,-31.94%,$-0.12B,$0.37B,-32.61%,$-0.12B,$0.45B,-26.48%,$-0.25B,$0.38B,-64.50%,$35,$1,$35,$59,$36,$98,$-63,$0,$-63,$-0,$-63,$-63,$-63,$-62,$-63,$55,55,$-1.15,$-1.15,$301,$42,$30,$391,$39,$1,$8,$12,$60,$450,$66,$0,$0,$6,$72,$0,$-1145,$-0,$378,$450,$21,$3,$-108,$-105,$-13,$-29,$0,$-9,$-59,$-143,$-7,$123,$0,$63,$11,$74,$0,$190,$-5,$0,$-5,$4,$4,$0,$0,$-1,$46,$16,$0
6,2017-03-31,29.6,$7.81,3.79,$0.29,101.45,$-12.02,0.0,$-2.65,0.0,$0.46B,$0.08B,6.13,$0.00B,$0.43B,0.01,$0.02B,$0.02B,100.00%,$0.02B,$-0.25B,-1575.00%,$0.02B,$-0.25B,-1537.50%,$0.02B,$-0.25B,-1537.50%,$0.02B,$-0.12B,-756.25%,$0.02B,$-0.12B,-768.75%,$-0.12B,$0.43B,-37.96%,$-0.12B,$0.42B,-38.89%,$-0.12B,$0.51B,-30.24%,$-0.25B,$0.43B,-76.19%,$16,$0,$16,$29,$26,$56,$-39,$125,$86,$2,$84,$84,$84,$-38,$-39,$55,56,$1.53,$1.50,$390,$30,$24,$457,$38,$1,$8,$7,$54,$512,$75,$2,$0,$8,$82,$0,$-1082,$-0,$429,$512,$84,$2,$-119,$-117,$-7,$-18,$0,$1,$-25,$-58,$-4,$124,$0,$80,$11,$91,$0,$210,$-3,$0,$-3,$3,$3,$0,$0,$0,$152,$6,$0
7,2016-12-31,27.43,$6.15,4.46,0,0.0,$-12.26,0.0,$-5.46,0.0,$0.37B,$0.08B,4.95,$0.01B,$0.34B,0.02,$0.00B,0,nan%,$0.00B,$-0.27B,inf%,$0.00B,$-0.27B,inf%,$0.00B,$-0.27B,inf%,$0.00B,$-0.27B,inf%,$0.00B,$-0.27B,inf%,$-0.27B,$0.34B,-106.16%,$-0.27B,$0.33B,-109.43%,$-0.27B,$0.42B,-80.42%,$-0.27B,$0.34B,-104.60%,$0,$0,$0,$71,$23,$94,$-94,$-0,$-88,$0,$-88,$-88,$-88,$-93,$-88,$49,49,$-1.65,$-1.65,$329,$13,$27,$373,$38,$5,$8,$0,$51,$424,$75,$6,$0,$12,$87,$0,$-1166,$-0,$337,$424,$-267,$6,$32,$37,$-1,$-13,$0,$-9,$-16,$-246,$-5,$-2,$0,$-83,$0,$-83,$0,$-90,$-8,$0,$-8,$386,$386,$0,$0,$378,$42,$30,$0
8,2016-09-30,61.41,$7.52,8.17,0,0.0,$-10.72,0.0,$-5.28,0.0,$0.44B,$0.07B,6.7,$0.01B,$0.41B,0.02,$0.00B,0,nan%,$0.00B,$-0.25B,inf%,$0.00B,$-0.24B,inf%,$0.00B,$-0.24B,inf%,$0.00B,$-0.24B,inf%,$0.00B,$-0.24B,inf%,$-0.24B,$0.41B,-113.62%,$-0.24B,$0.40B,-117.45%,$-0.24B,$0.49B,-82.85%,$-0.25B,$0.42B,-108.17%,$0,$0,$0,$34,$22,$57,$-57,$-0,$-57,$0,$-57,$-57,$-57,$-55,$-57,$48,48,$-1.18,$-1.18,$406,$3,$22,$435,$36,$1,$8,$8,$53,$487,$65,$8,$0,$14,$79,$0,$-1078,$0,$409,$487,$-179,$4,$24,$28,$-0,$-3,$0,$-8,$-14,$-165,$-2,$-1,$0,$112,$0,$112,$0,$109,$-5,$0,$-5,$376,$376,$0,$0,$371,$315,$23,$0
9,2016-06-30,19.07,$2.54,7.52,0,0.0,$-10.15,0.0,$-5.35,0.0,$0.15B,$0.07B,2.29,$0.01B,$0.12B,0.08,$0.00B,0,nan%,$0.00B,$-0.24B,inf%,$0.00B,$-0.24B,inf%,$0.00B,$-0.23B,inf%,$0.00B,$-0.24B,inf%,$0.00B,$-0.24B,inf%,$-0.24B,$0.12B,-166.84%,$-0.24B,$0.11B,-174.77%,$-0.24B,$0.20B,-109.13%,$-0.24B,$0.13B,-152.38%,$0,$0,$0,$44,$18,$62,$-62,$-0,$-62,$0,$-62,$-62,$-62,$-60,$-62,$46,46,$-1.35,$-1.35,$134,$0,$15,$153,$36,$1,$7,$7,$51,$204,$67,$10,$0,$16,$83,$0,$-1021,$0,$121,$204,$-122,$3,$14,$17,$-0,$0,$0,$-0,$1,$-104,$-2,$-1,$0,$101,$0,$101,$0,$98,$-3,$0,$-3,$40,$40,$0,$0,$37,$32,$14,$0
10,2016-03-31,19.52,$3.04,6.43,0,0.0,$-9.63,0.0,$-5.01,0.0,$0.16B,$0.06B,2.91,$0.01B,$0.14B,0.1,$0.00B,0,nan%,$0.00B,$-0.22B,inf%,$0.00B,$-0.22B,inf%,$0.00B,$-0.21B,inf%,$0.00B,$-0.22B,inf%,$0.00B,$-0.22B,inf%,$-0.22B,$0.14B,-141.98%,$-0.22B,$0.13B,-147.97%,$-0.22B,$0.21B,-96.90%,$-0.22B,$0.15B,-128.65%,$0,$0,$0,$39,$21,$60,$-60,$-0,$-60,$0,$-60,$-60,$-60,$-58,$-60,$46,46,$-1.31,$-1.31,$140,$0,$17,$161,$37,$1,$7,$8,$53,$213,$55,$13,$0,$19,$74,$0,$-959,$-0,$139,$213,$-60,$2,$7,$8,$-0,$0,$0,$-3,$-9,$-61,$-1,$-0,$0,$21,$0,$21,$0,$19,$-3,$0,$-3,$1,$1,$0,$0,$-1,$-42,$7,$0
11,2015-12-31,38.58,$4.17,9.25,0,0.0,$-9.34,0.0,$-5.19,0.0,$0.23B,$0.06B,3.61,$0.02B,$0.19B,0.08,$0.00B,0,nan%,$0.00B,$-0.22B,inf%,$0.00B,$-0.22B,inf%,$0.00B,$-0.22B,inf%,$0.00B,$-0.22B,inf%,$0.00B,$-0.22B,inf%,$-0.22B,$0.19B,-130.19%,$-0.22B,$0.18B,-134.96%,$-0.22B,$0.27B,-94.65%,$-0.22B,$0.21B,-120.98%,$0,$0,$0,$41,$24,$66,$-66,$-0,$-65,$0,$-65,$-65,$-65,$-64,$-64,$42,42,$-1.45,$-1.45,$203,$0,$17,$225,$37,$1,$7,$4,$49,$274,$62,$15,$0,$21,$83,$0,$-899,$-0,$190,$274,$-220,$6,$33,$39,$-2,$0,$0,$15,$32,$-149,$-3,$-1,$0,$24,$-11,$13,$0,$8,$17,$0,$17,$131,$131,$0,$-0,$148,$7,$32,$0
12,2015-09-30,32.11,$2.94,10.93,$0.00,0.0,$-9.57,0.0,$-4.83,0.0,$0.12B,$0.04B,3.24,$0.02B,$0.12B,0.14,$0.00B,0,nan%,$0.00B,$-0.20B,inf%,$0.00B,$-0.20B,inf%,$0.00B,$-0.19B,inf%,$0.00B,$-0.20B,inf%,$0.00B,$-0.20B,inf%,$-0.20B,$0.12B,-108.55%,$-0.20B,$0.12B,-112.20%,$-0.20B,$0.19B,-83.77%,$-0.20B,$0.14B,-103.08%,$0,$0,$0,$37,$15,$52,$-52,$-0,$-52,$0,$-52,$-52,$-52,$-50,$-52,$42,42,$-1.25,$-1.25,$100,$0,$19,$122,$37,$11,$6,$8,$63,$185,$38,$17,$0,$24,$62,$0,$-834,$-0,$123,$185,$-155,$5,$26,$31,$-0,$0,$0,$10,$7,$-118,$-2,$-1,$0,$92,$-11,$82,$0,$78,$17,$0,$17,$5,$5,$0,$0,$22,$-18,$26,$0
13,2015-06-30,30.43,$3.98,7.64,$0.03,1149.94,$-9.73,0.0,$-4.29,0.0,$0.18B,$0.04B,4.68,$0.02B,$0.17B,0.13,$0.00B,$0.00B,100.00%,$0.00B,$-0.18B,-18300.00%,$0.00B,$-0.18B,-18300.00%,$0.00B,$-0.18B,-17600.00%,$0.00B,$-0.18B,-17700.00%,$0.00B,$-0.18B,-17700.00%,$-0.18B,$0.17B,-78.67%,$-0.18B,$0.16B,-80.73%,$-0.18B,$0.23B,-65.01%,$-0.18B,$0.19B,-78.79%,$0,$0,$0,$29,$13,$42,$-42,$0,$-42,$0,$-42,$-42,$-42,$-41,$-42,$41,41,$-1.01,$-1.01,$157,$0,$23,$182,$37,$1,$6,$5,$49,$232,$39,$21,$0,$27,$66,$0,$-782,$-0,$165,$232,$-103,$3,$20,$23,$0,$0,$0,$9,$8,$-72,$-1,$-1,$0,$49,$0,$49,$0,$47,$20,$0,$20,$1,$1,$0,$0,$21,$-4,$20,$0
14,2015-03-31,13.28,$4.85,2.74,$0.09,145.52,$-9.91,0.0,$-4.13,0.0,$0.19B,$0.03B,5.69,$0.00B,$0.20B,0.01,$0.00B,$0.00B,100.00%,$0.00B,$-0.17B,-4275.00%,$0.00B,$-0.17B,-4275.00%,$0.00B,$-0.16B,-4100.00%,$0.00B,$-0.17B,-4225.00%,$0.00B,$-0.17B,-4225.00%,$-0.17B,$0.20B,-65.31%,$-0.17B,$0.20B,-66.73%,$-0.17B,$0.24B,-56.62%,$-0.17B,$0.20B,-65.52%,$0,$0,$0,$39,$23,$62,$-62,$0,$-62,$0,$-62,$-62,$-62,$-60,$-62,$41,41,$-1.49,$-1.49,$166,$0,$24,$193,$38,$1,$6,$5,$50,$243,$34,$1,$0,$8,$42,$0,$-741,$-0,$201,$243,$-62,$2,$14,$16,$0,$0,$0,$7,$2,$-43,$-1,$-0,$0,$45,$0,$45,$0,$44,$-0,$0,$-0,$0,$0,$0,$0,$0,$1,$14,$0
15,2014-12-31,14.47,$5.99,2.41,$0.25,57.37,$-9.74,0.0,$-3.39,0.0,$0.25B,$0.04B,6.72,$0.00B,$0.25B,0.02,$0.01B,$0.01B,100.00%,$0.01B,$-0.13B,-1340.00%,$0.01B,$-0.13B,-1340.00%,$0.01B,$-0.13B,-1280.00%,$0.01B,$-0.14B,-1350.00%,$0.01B,$-0.14B,-1350.00%,$-0.14B,$0.25B,-50.80%,$-0.14B,$0.24B,-51.82%,$-0.14B,$0.30B,-44.05%,$-0.13B,$0.25B,-49.95%,$0,$0,$0,$31,$14,$45,$-45,$0,$-44,$0,$-44,$-44,$-44,$-43,$-45,$40,40,$-1.08,$-1.08,$210,$0,$35,$248,$39,$1,$6,$2,$47,$295,$37,$4,$0,$11,$47,$0,$-679,$-0,$248,$295,$-136,$6,$23,$29,$1,$0,$0,$-34,$-22,$-129,$-25,$-1,$0,$-139,$7,$-132,$0,$-159,$-0,$0,$-0,$104,$104,$0,$0,$104,$-183,$20,$0
16,2014-09-30,21.1,$6.93,3.05,$0.33,64.11,$-7.87,0.0,$-2.54,0.0,$0.27B,$0.02B,11.87,$0.00B,$0.29B,0.01,$0.01B,$0.01B,100.00%,$0.01B,$-0.12B,-938.46%,$0.01B,$-0.12B,-938.46%,$0.01B,$-0.12B,-907.69%,$0.01B,$-0.10B,-769.23%,$0.01B,$-0.10B,-769.23%,$-0.10B,$0.29B,-37.66%,$-0.10B,$0.28B,-38.39%,$-0.10B,$0.32B,-32.71%,$-0.12B,$0.29B,-45.56%,$1,$0,$1,$22,$13,$35,$-34,$4,$-29,$0,$-29,$-29,$-29,$-32,$-34,$41,41,$-0.71,$-0.71,$240,$0,$26,$270,$37,$1,$6,$6,$49,$319,$23,$4,$0,$10,$33,$0,$-635,$-0,$286,$319,$-91,$4,$17,$22,$0,$0,$0,$-29,$-34,$-103,$-22,$-1,$0,$-186,$3,$-182,$0,$-206,$-0,$0,$-0,$104,$104,$0,$0,$104,$-205,$15,$0
17,2014-06-30,29.79,$7.35,4.05,$0.43,69.91,$-6.25,0.0,$-3.07,0.0,$0.31B,$0.03B,10.36,$0.00B,$0.30B,0.01,$0.02B,$0.02B,100.00%,$0.02B,$-0.11B,-706.25%,$0.02B,$-0.11B,-706.25%,$0.02B,$-0.11B,-693.75%,$0.02B,$-0.11B,-706.25%,$0.02B,$-0.11B,-706.25%,$-0.11B,$0.30B,-44.18%,$-0.11B,$0.30B,-45.06%,$-0.11B,$0.34B,-37.42%,$-0.11B,$0.30B,-43.88%,$3,$0,$3,$21,$12,$33,$-30,$-4,$-34,$0,$-34,$-34,$-34,$-29,$-30,$40,40,$-0.85,$-0.85,$284,$0,$16,$305,$20,$1,$5,$6,$33,$337,$29,$2,$0,$8,$37,$0,$-605,$-0,$300,$337,$-62,$3,$17,$20,$-2,$0,$0,$-19,$-25,$-68,$-10,$-1,$0,$-178,$3,$-175,$0,$-185,$-0,$0,$-0,$99,$99,$0,$0,$99,$-154,$10,$0
18,2014-03-31,24.03,$6.03,3.99,$0.45,52.98,$-5.16,0.0,$-2.82,0.0,$0.25B,$0.04B,6.6,$0.00B,$0.23B,0.01,$0.02B,$0.02B,100.00%,$0.02B,$-0.10B,-625.00%,$0.02B,$-0.10B,-625.00%,$0.02B,$-0.10B,-618.75%,$0.02B,$-0.10B,-612.50%,$0.02B,$-0.10B,-612.50%,$-0.10B,$0.23B,-48.28%,$-0.10B,$0.22B,-49.49%,$-0.10B,$0.28B,-37.16%,$-0.10B,$0.23B,-48.84%,$6,$0,$6,$21,$10,$31,$-25,$-3,$-28,$0,$-28,$-28,$-28,$-24,$-25,$38,38,$-0.75,$-0.75,$232,$0,$9,$249,$20,$1,$5,$0,$26,$275,$38,$2,$0,$9,$46,$0,$-572,$-0,$229,$275,$-28,$1,$8,$9,$-4,$0,$0,$-6,$-9,$-28,$-5,$-0,$0,$-177,$0,$-177,$0,$-182,$-0,$0,$-0,$3,$3,$0,$0,$3,$-208,$4,$0
19,2013-12-31,20.37,$6.55,3.11,$0.43,47.01,$-4.74,0.0,$-3.39,0.0,$0.27B,$0.04B,7.53,$0.00B,$0.25B,0.01,$0.01B,$0.01B,100.00%,$0.01B,$-0.09B,-642.86%,$0.01B,$-0.09B,-642.86%,$0.01B,$-0.09B,-642.86%,$0.01B,$-0.11B,-800.00%,$0.01B,$-0.11B,-800.00%,$-0.11B,$0.25B,-66.87%,$-0.11B,$0.24B,-68.92%,$-0.11B,$0.29B,-46.04%,$-0.09B,$0.25B,-53.18%,$3,$0,$3,$25,$10,$35,$-33,$24,$-9,$0,$-9,$-9,$-9,$-33,$-33,$34,34,$-0.15,$-0.15,$264,$0,$3,$271,$15,$1,$5,$0,$21,$292,$36,$2,$0,$8,$44,$0,$-543,$0,$247,$292,$-112,$1,$34,$35,$1,$0,$0,$2,$12,$-65,$-2,$-1,$0,$0,$-8,$-8,$0,$-12,$-0,$0,$-0,$146,$146,$0,$-0,$146,$69,$11,$0
20,2013-09-30,47.23,$6.58,7.18,$0.67,70.86,$-4.02,0.0,$-5.52,0.0,$0.29B,$0.05B,5.68,$0.00B,$0.25B,0.01,$0.02B,$0.02B,100.00%,$0.02B,$-0.07B,-372.22%,$0.02B,$-0.07B,-372.22%,$0.02B,$-0.07B,-372.22%,$0.02B,$-0.17B,-916.67%,$0.02B,$-0.17B,-916.67%,$-0.17B,$0.25B,-120.66%,$-0.17B,$0.24B,-125.24%,$-0.17B,$0.30B,-74.49%,$-0.07B,$0.25B,-48.46%,$4,$0,$4,$21,$8,$29,$-25,$-17,$-42,$0,$-42,$-42,$-42,$-25,$-25,$34,34,$-1.24,$-1.24,$281,$0,$3,$290,$8,$1,$5,$0,$14,$304,$51,$2,$5,$6,$57,$0,$-534,$0,$247,$304,$-103,$1,$54,$55,$-2,$0,$0,$1,$1,$-47,$-2,$-1,$0,$0,$-8,$-8,$0,$-11,$-0,$0,$-0,$144,$144,$0,$-0,$144,$86,$7,$0
21,2013-06-30,38.04,$2.74,13.89,$0.88,43.45,$-3.58,0.0,$-6.45,0.0,$0.17B,$0.09B,1.87,$0.00B,$0.09B,0.02,$0.02B,$0.02B,100.00%,$0.02B,$-0.05B,-222.73%,$0.02B,$-0.05B,-222.73%,$0.02B,$-0.05B,-222.73%,$0.02B,$-0.17B,-786.36%,$0.02B,$-0.17B,-786.36%,$-0.17B,$0.09B,-234.58%,$-0.17B,$0.08B,-250.72%,$-0.17B,$0.18B,-108.98%,$-0.05B,$0.09B,-65.12%,$3,$0,$3,$13,$7,$20,$-17,$-2,$-19,$0,$-19,$-19,$-19,$-17,$-17,$32,32,$-0.60,$-0.60,$163,$0,$6,$173,$3,$1,$5,$2,$11,$184,$92,$2,$1,$2,$95,$0,$-492,$0,$89,$184,$-61,$1,$33,$34,$1,$0,$0,$0,$0,$-27,$-0,$-1,$0,$0,$-8,$-8,$0,$-9,$-0,$0,$-0,$5,$5,$0,$-0,$5,$-31,$4,$0
22,2013-03-31,36.95,$2.74,13.5,$1.28,28.91,$-3.38,0.0,$-5.50,0.0,$0.18B,$0.10B,1.7,$0.00B,$0.09B,0.02,$0.03B,$0.03B,100.00%,$0.03B,$-0.04B,-126.67%,$0.03B,$-0.04B,-126.67%,$0.03B,$-0.04B,-123.33%,$0.03B,$-0.15B,-486.67%,$0.03B,$-0.15B,-486.67%,$-0.15B,$0.09B,-255.02%,$-0.15B,$0.08B,-278.10%,$-0.15B,$0.19B,-118.46%,$-0.04B,$0.09B,-64.68%,$4,$0,$4,$14,$6,$20,$-15,$-27,$-42,$0,$-42,$-42,$-42,$-15,$-15,$32,32,$-1.32,$-1.32,$168,$0,$3,$177,$3,$7,$5,$2,$17,$193,$104,$2,$1,$2,$106,$0,$-473,$0,$87,$193,$-42,$0,$29,$29,$-1,$0,$0,$0,$-2,$-15,$-0,$-0,$0,$0,$-7,$-7,$0,$-8,$-0,$0,$-0,$3,$3,$0,$0,$3,$-20,$2,$0
23,2012-12-31,25.8,$3.90,6.61,$1.63,15.8,$-3.31,0.0,$-4.96,0.0,$0.19B,$0.08B,2.46,$0.00B,$0.12B,0.01,$0.04B,$0.04B,100.00%,$0.04B,$-0.03B,-81.08%,$0.04B,$-0.03B,-81.08%,$0.04B,$-0.03B,-78.38%,$0.04B,$-0.12B,-329.73%,$0.04B,$-0.12B,-329.73%,$-0.12B,$0.12B,-312.82%,$-0.12B,$0.12B,-356.20%,$-0.12B,$0.21B,-140.63%,$-0.03B,$0.13B,-74.07%,$7,$0,$7,$13,$5,$18,$-10,$-52,$-62,$0,$-62,$-62,$-62,$-10,$-10,$24,24,$-2.55,$-2.54,$188,$0,$2,$194,$3,$0,$5,$3,$11,$205,$79,$2,$0,$2,$81,$0,$-431,$0,$124,$205,$-121,$2,$95,$97,$-1,$0,$0,$-3,$-5,$-30,$-0,$-1,$0,$0,$0,$0,$0,$-1,$-0,$0,$-0,$179,$179,$0,$0,$179,$148,$3,$0
24,2012-09-30,15.53,$-0.19,-82.65,$1.95,7.96,$-3.20,0.0,$-2.66,0.0,$0.04B,$0.06B,0.76,$0.00B,$-0.01B,-0.37,$0.04B,$0.04B,100.00%,$0.04B,$-0.03B,-65.91%,$0.04B,$-0.03B,-65.91%,$0.04B,$-0.03B,-61.36%,$0.04B,$-0.06B,-138.64%,$0.04B,$-0.06B,-138.64%,$-0.06B,$-0.01B,-387.30%,$-0.06B,$-0.01B,-554.55%,$-0.06B,$0.05B,-124.49%,$-0.03B,$-0.00B,-165.71%,$8,$0,$8,$11,$4,$14,$-7,$-43,$-50,$0,$-50,$-50,$-50,$-7,$-7,$23,23,$-2.17,$-2.17,$38,$0,$2,$42,$4,$0,$5,$2,$11,$53,$55,$2,$1,$2,$58,$0,$-369,$0,$-5,$53,$-59,$1,$42,$43,$-1,$0,$0,$0,$-7,$-23,$-0,$-1,$0,$0,$0,$0,$0,$-1,$-0,$0,$-0,$21,$21,$0,$0,$21,$-2,$2,$0
25,2012-06-30,3.76,$0.99,3.78,$1.95,1.92,$-3.05,0.0,$-0.67,0.0,$0.03B,$0.02B,1.94,$0.00B,$0.02B,0.08,$0.04B,$0.04B,100.00%,$0.04B,$-0.03B,-75.00%,$0.04B,$-0.03B,-75.00%,$0.04B,$-0.03B,-70.45%,$0.04B,$-0.02B,-34.09%,$0.04B,$-0.02B,-34.09%,$-0.02B,$0.02B,-60.00%,$-0.02B,$0.02B,-75.00%,$-0.02B,$0.04B,-29.41%,$-0.03B,$0.02B,-123.36%,$11,$0,$11,$14,$3,$17,$-6,$14,$8,$0,$8,$8,$8,$-5,$-6,$23,23,$0.36,$0.35,$24,$0,$2,$33,$4,$0,$5,$0,$9,$42,$17,$2,$1,$2,$20,$0,$-320,$0,$23,$42,$-10,$1,$-1,$-1,$-4,$0,$0,$0,$-4,$-15,$-0,$-0,$0,$0,$0,$0,$0,$-1,$-0,$0,$-0,$0,$0,$0,$0,$-0,$-15,$1,$0
26,2012-03-31,9.24,$0.62,14.91,$1.96,4.72,$-2.87,0.0,$-0.96,0.0,$0.04B,$0.03B,1.26,$0.00B,$0.01B,0.12,$0.05B,$0.05B,100.00%,$0.05B,$-0.04B,-82.22%,$0.05B,$-0.04B,-82.22%,$0.05B,$-0.04B,-80.00%,$0.05B,$-0.02B,-48.89%,$0.05B,$-0.02B,-48.89%,$-0.02B,$0.01B,-78.57%,$-0.02B,$0.01B,-94.62%,$-0.02B,$0.05B,-37.13%,$-0.04B,$0.02B,-123.33%,$11,$0,$11,$15,$3,$18,$-7,$-11,$-18,$0,$-18,$-18,$-18,$-7,$-7,$23,23,$-0.78,$-0.78,$31,$0,$2,$38,$4,$0,$5,$0,$9,$47,$30,$2,$1,$3,$33,$0,$-328,$0,$14,$47,$-18,$0,$12,$12,$-2,$0,$0,$0,$-3,$-9,$-0,$-0,$0,$0,$0,$0,$0,$-0,$-0,$0,$-0,$0,$0,$0,$0,$-0,$-9,$1,$0
27,2011-12-31,4.47,$1.37,3.26,$2.17,2.06,$-2.98,0.0,$-0.06,0.0,$0.05B,$0.02B,2.19,$0.00B,$0.03B,0.06,$0.05B,$0.05B,100.00%,$0.05B,$-0.04B,-75.00%,$0.05B,$-0.04B,-75.00%,$0.05B,$-0.03B,-70.83%,$0.05B,$-0.00B,-4.17%,$0.05B,$-0.00B,-4.17%,$-0.00B,$0.03B,-8.08%,$-0.00B,$0.03B,-9.88%,$-0.00B,$0.05B,-3.38%,$-0.04B,$0.03B,-134.58%,$14,$0,$14,$19,$4,$23,$-9,$8,$-1,$0,$-1,$-1,$-1,$-8,$-9,$22,22,$-0.11,$-0.11,$40,$0,$2,$45,$4,$0,$5,$0,$9,$54,$21,$2,$1,$3,$23,$0,$-310,$0,$31,$54,$-2,$1,$-30,$-28,$-1,$0,$0,$0,$7,$-24,$-1,$-1,$0,$0,$0,$0,$0,$-2,$-0,$0,$-0,$32,$32,$0,$0,$32,$6,$3,$0
28,2011-09-30,6.72,$1.40,4.79,$2.38,2.83,$-2.70,0.0,$-0.42,0.0,$0.05B,$0.03B,1.96,$0.00B,$0.03B,0.06,$0.05B,$0.05B,100.00%,$0.05B,$-0.03B,-58.00%,$0.05B,$-0.03B,-58.00%,$0.05B,$-0.03B,-54.00%,$0.05B,$-0.01B,-18.00%,$0.05B,$-0.01B,-18.00%,$-0.01B,$0.03B,-55.38%,$-0.01B,$0.03B,-75.00%,$-0.01B,$0.06B,-15.72%,$-0.03B,$0.03B,-158.90%,$8,$0,$8,$16,$3,$19,$-11,$7,$-4,$0,$-4,$-4,$-4,$-11,$-11,$23,23,$-0.18,$-0.18,$46,$0,$1,$52,$2,$0,$5,$0,$9,$61,$27,$2,$1,$3,$29,$0,$-309,$0,$32,$61,$-1,$1,$-23,$-22,$-1,$0,$0,$0,$5,$-18,$-1,$-1,$0,$0,$0,$0,$0,$-2,$-0,$0,$-0,$32,$32,$0,$0,$32,$13,$2,$0
29,2011-06-30,8.58,$1.55,5.52,$2.51,3.42,$-2.61,0.0,$-0.66,0.0,$0.07B,$0.04B,1.79,$0.00B,$0.04B,0.05,$0.05B,$0.05B,100.00%,$0.05B,$-0.02B,-43.14%,$0.05B,$-0.02B,-43.14%,$0.05B,$-0.02B,-37.25%,$0.05B,$-0.01B,-23.53%,$0.05B,$-0.01B,-23.53%,$-0.01B,$0.04B,-129.73%,$-0.01B,$0.03B,-228.57%,$-0.01B,$0.08B,-21.92%,$-0.02B,$0.04B,-195.56%,$12,$0,$12,$18,$4,$22,$-10,$11,$1,$0,$1,$1,$1,$-10,$-10,$22,23,$0.06,$0.06,$54,$0,$1,$66,$2,$0,$4,$0,$9,$75,$37,$2,$1,$3,$40,$0,$-305,$0,$35,$75,$3,$0,$-17,$-16,$-8,$0,$0,$0,$3,$-11,$-1,$-1,$0,$0,$0,$0,$0,$-1,$-0,$0,$-0,$32,$32,$0,$0,$32,$21,$2,$0
30,2011-03-31,11.16,$0.05,227.76,$2.23,5.01,$-2.71,0.0,$-1.62,0.0,$0.04B,$0.04B,0.89,$0.00B,$0.00B,1.98,$0.04B,$0.04B,100.00%,$0.04B,$-0.02B,-46.51%,$0.04B,$-0.02B,-46.51%,$0.04B,$-0.02B,-37.21%,$0.04B,$-0.03B,-69.77%,$0.04B,$-0.03B,-69.77%,$-0.03B,$0.00B,-1200.00%,$-0.03B,$-0.00B,2000.00%,$-0.03B,$0.05B,-62.18%,$-0.02B,$0.00B,-444.44%,$14,$0,$14,$15,$5,$20,$-6,$7,$2,$0,$2,$2,$2,$-5,$-6,$19,20,$0.12,$0.12,$23,$0,$2,$38,$2,$0,$4,$0,$9,$47,$43,$2,$1,$3,$46,$0,$-306,$0,$1,$47,$2,$0,$-6,$-6,$-11,$0,$0,$0,$-6,$-10,$-0,$-0,$0,$0,$0,$0,$0,$-0,$-0,$0,$-0,$0,$0,$0,$0,$0,$-10,$1,$0
31,2010-12-31,12.72,$-0.15,-84.57,$1.59,8.02,$-2.56,0.0,$-1.80,0.0,$0.04B,$0.05B,0.83,$0.00B,$-0.00B,-0.65,$0.03B,$0.03B,100.00%,$0.03B,$-0.02B,-73.33%,$0.03B,$-0.02B,-73.33%,$0.03B,$-0.02B,-60.00%,$0.03B,$-0.03B,-110.00%,$0.03B,$-0.03B,-110.00%,$-0.03B,$-0.00B,-412.50%,$-0.03B,$-0.01B,-776.47%,$-0.03B,$0.05B,-66.33%,$-0.02B,$-0.00B,-220.00%,$16,$0,$16,$14,$3,$17,$-2,$-6,$-8,$0,$-8,$-8,$-8,$-1,$-2,$19,19,$-0.36,$-0.36,$34,$0,$1,$38,$2,$0,$4,$0,$8,$46,$46,$2,$1,$3,$49,$0,$-308,$0,$-3,$46,$-32,$1,$16,$17,$-1,$0,$0,$0,$-0,$-15,$-1,$-1,$0,$-0,$0,$-0,$0,$-2,$-0,$0,$-0,$3,$3,$0,$0,$2,$-15,$3,$0
32,2010-09-30,10.98,$0.22,49.39,$1.08,10.16,$-2.32,0.0,$-1.20,0.0,$0.04B,$0.04B,0.97,$0.00B,$0.00B,0.45,$0.02B,$0.02B,100.00%,$0.02B,$-0.02B,-126.32%,$0.02B,$-0.02B,-126.32%,$0.02B,$-0.02B,-110.53%,$0.02B,$-0.02B,-110.53%,$0.02B,$-0.02B,-110.53%,$-0.02B,$0.00B,-142.37%,$-0.02B,$0.00B,-190.91%,$-0.02B,$0.05B,-39.44%,$-0.02B,$0.01B,-143.28%,$9,$0,$9,$9,$3,$12,$-4,$-3,$-7,$0,$-7,$-7,$-7,$-3,$-4,$19,19,$-0.42,$-0.42,$36,$0,$1,$42,$2,$0,$4,$0,$9,$51,$44,$2,$1,$3,$47,$0,$-300,$0,$4,$51,$-25,$1,$9,$10,$-3,$0,$0,$0,$1,$-13,$-1,$-1,$0,$-0,$0,$-0,$0,$-1,$-0,$0,$-0,$3,$3,$0,$0,$2,$-12,$3,$0
33,2010-06-30,9.66,$0.46,21.05,$1.01,9.53,$-2.08,0.0,$-1.26,0.0,$0.04B,$0.04B,1.07,$0.00B,$0.01B,0.22,$0.02B,$0.02B,100.00%,$0.02B,$-0.02B,-143.75%,$0.02B,$-0.02B,-143.75%,$0.02B,$-0.02B,-131.25%,$0.02B,$-0.02B,-137.50%,$0.02B,$-0.02B,-137.50%,$-0.02B,$0.01B,-117.33%,$-0.02B,$0.00B,-146.67%,$-0.02B,$0.05B,-38.77%,$-0.02B,$0.01B,-112.20%,$4,$0,$4,$7,$5,$12,$-8,$-9,$-17,$0,$-17,$-17,$-17,$-7,$-8,$18,18,$-0.90,$-0.90,$37,$0,$1,$40,$2,$0,$4,$0,$9,$49,$37,$2,$1,$3,$40,$0,$-293,$0,$8,$49,$-17,$1,$4,$5,$-0,$0,$0,$0,$2,$-11,$-0,$-1,$-0,$0,$0,$0,$0,$-1,$-0,$0,$-0,$0,$0,$0,$0,$-0,$-12,$2,$0
34,2010-03-31,7.08,$1.28,5.55,$1.00,7.06,$-1.92,0.0,$-1.74,0.0,$0.04B,$0.03B,1.68,$0.00B,$0.02B,0.08,$0.02B,$0.02B,100.00%,$0.02B,$-0.02B,-133.33%,$0.02B,$-0.02B,-133.33%,$0.02B,$-0.02B,-126.67%,$0.02B,$-0.03B,-166.67%,$0.02B,$-0.03B,-166.67%,$-0.03B,$0.02B,-140.85%,$-0.03B,$0.02B,-178.57%,$-0.03B,$0.05B,-47.39%,$-0.02B,$0.03B,-102.56%,$1,$0,$1,$6,$3,$9,$-8,$7,$-1,$0,$-1,$-1,$-1,$-7,$-8,$18,18,$-0.06,$-0.06,$42,$0,$1,$44,$2,$0,$4,$0,$9,$53,$26,$2,$1,$3,$29,$0,$-276,$0,$23,$53,$-1,$0,$-6,$-6,$0,$0,$0,$0,$0,$-6,$-0,$-0,$0,$-0,$0,$-0,$0,$-1,$-0,$0,$-0,$0,$0,$0,$0,$-0,$-7,$0,$0
35,2009-12-31,8.76,$1.28,6.83,$1.17,7.48,$-1.69,0.0,$-1.74,0.0,$0.05B,$0.03B,1.53,$0.00B,$0.02B,0.08,$0.02B,$0.02B,100.00%,$0.02B,$-0.02B,-94.12%,$0.02B,$-0.02B,-94.12%,$0.02B,$-0.02B,-88.24%,$0.02B,$-0.03B,-147.06%,$0.02B,$-0.03B,-147.06%,$-0.03B,$0.02B,-140.85%,$-0.03B,$0.02B,-178.57%,$-0.03B,$0.06B,-51.28%,$-0.02B,$0.03B,-82.05%,$5,$0,$5,$7,$2,$9,$-4,$7,$4,$0,$4,$4,$4,$-4,$-4,$16,16,$0.30,$0.30,$48,$0,$1,$51,$2,$0,$4,$0,$9,$60,$34,$2,$1,$3,$36,$0,$-275,$0,$24,$60,$-25,$1,$12,$13,$3,$0,$0,$0,$3,$-9,$-1,$-1,$0,$0,$0,$0,$0,$-2,$-0,$0,$-0,$48,$48,$0,$0,$48,$37,$2,$0
36,2009-09-30,10.32,$1.06,9.74,$1.31,7.86,$-2.16,0.0,$-2.04,0.0,$0.06B,$0.04B,1.32,$0.00B,$0.02B,0.1,$0.02B,$0.02B,100.00%,$0.02B,$-0.02B,-88.24%,$0.02B,$-0.02B,-88.24%,$0.02B,$-0.01B,-76.47%,$0.02B,$-0.03B,-176.47%,$0.02B,$-0.03B,-176.47%,$-0.03B,$0.02B,-190.48%,$-0.03B,$0.02B,-250.00%,$-0.03B,$0.07B,-74.53%,$-0.02B,$0.02B,-85.71%,$6,$0,$6,$7,$2,$9,$-3,$-5,$-8,$0,$-8,$-8,$-8,$-3,$-3,$16,16,$-0.48,$-0.48,$50,$0,$1,$57,$2,$0,$4,$0,$8,$65,$43,$2,$1,$3,$46,$0,$-279,$0,$20,$65,$-29,$1,$19,$20,$-1,$0,$0,$0,$1,$-8,$-0,$-1,$0,$0,$0,$0,$0,$-1,$-0,$0,$-0,$48,$48,$0,$0,$48,$39,$2,$0
37,2009-06-30,9.48,$0.27,35.76,$1.35,7.03,$-2.51,0.0,$-2.04,0.0,$0.02B,$0.03B,0.93,$0.00B,$0.00B,0.52,$0.02B,$0.02B,100.00%,$0.02B,$-0.02B,-112.50%,$0.02B,$-0.02B,-112.50%,$0.02B,$-0.02B,-100.00%,$0.02B,$-0.03B,-175.00%,$0.02B,$-0.03B,-175.00%,$-0.03B,$0.00B,-189.83%,$-0.03B,$0.00B,-248.89%,$-0.03B,$0.03B,-88.89%,$-0.02B,$0.01B,-107.46%,$3,$0,$3,$6,$2,$8,$-5,$-15,$-20,$0,$-20,$-20,$-20,$-5,$-5,$14,14,$-1.38,$-1.38,$20,$0,$1,$24,$5,$0,$3,$0,$8,$33,$26,$2,$1,$3,$29,$0,$0,$-271,$4,$33,$-21,$1,$13,$14,$1,$0,$0,$0,$1,$-6,$-0,$-1,$0,$0,$0,$0,$0,$-1,$-0,$0,$-0,$16,$16,$0,$-0,$15,$9,$1,$0
38,2009-03-31,3.96,$1.60,2.47,$1.56,2.53,$-2.58,0.0,$-0.78,0.0,$0.03B,$0.01B,2.48,$0.00B,$0.02B,0.09,$0.02B,$0.02B,100.00%,$0.02B,$-0.02B,-100.00%,$0.02B,$-0.02B,-100.00%,$0.02B,$-0.02B,-88.89%,$0.02B,$-0.01B,-55.56%,$0.02B,$-0.01B,-55.56%,$-0.01B,$0.02B,-52.63%,$-0.01B,$0.02B,-63.49%,$-0.01B,$0.04B,-31.75%,$-0.02B,$0.03B,-85.71%,$3,$0,$3,$4,$2,$7,$-4,$3,$-1,$0,$-1,$-1,$-1,$-3,$-4,$13,13,$-0.06,$-0.06,$25,$0,$1,$29,$5,$0,$3,$0,$8,$37,$12,$2,$1,$3,$14,$0,$-251,$0,$23,$37,$-1,$0,$-2,$-2,$2,$0,$0,$0,$1,$-2,$-0,$-0,$0,$-0,$0,$-0,$0,$-0,$-0,$0,$-0,$15,$15,$0,$0,$15,$14,$1,$0
39,2008-12-31,3.95,$1.33,2.97,$1.85,2.14,$-2.88,0.0,$-2.10,0.0,$0.02B,$0.01B,2.34,$0.00B,$0.02B,0.13,$0.02B,$0.02B,100.00%,$0.02B,$-0.03B,-133.33%,$0.02B,$-0.03B,-133.33%,$0.02B,$-0.03B,-123.81%,$0.02B,$-0.02B,-114.29%,$0.02B,$-0.02B,-114.29%,$-0.02B,$0.02B,-129.73%,$-0.02B,$0.01B,-160.00%,$-0.02B,$0.03B,-77.42%,$-0.03B,$0.02B,-136.59%,$5,$0,$5,$5,$3,$8,$-3,$2,$-1,$0,$-1,$-1,$-1,$-2,$-3,$12,12,$-0.06,$-0.06,$11,$0,$1,$17,$5,$0,$3,$0,$8,$26,$7,$2,$1,$3,$10,$0,$-250,$0,$16,$26,$-24,$1,$13,$14,$-2,$0,$0,$0,$-3,$-12,$-0,$-1,$-0,$-0,$0,$-0,$0,$-1,$-0,$0,$-0,$0,$0,$0,$0,$-0,$-14,$5,$0
40,2008-09-30,7.26,$1.38,5.27,$1.95,3.72,$-4.67,0.0,$-2.40,0.0,$0.02B,$0.01B,1.84,$0.00B,$0.02B,0.12,$0.02B,$0.02B,100.00%,$0.02B,$-0.03B,-147.62%,$0.02B,$-0.03B,-147.62%,$0.02B,$-0.03B,-138.10%,$0.02B,$-0.03B,-128.57%,$0.02B,$-0.03B,-128.57%,$-0.03B,$0.02B,-128.57%,$-0.03B,$0.01B,-152.11%,$-0.03B,$0.03B,-78.83%,$-0.03B,$0.02B,-134.78%,$5,$0,$5,$8,$3,$11,$-6,$-0,$-6,$0,$-6,$-6,$-6,$-6,$-6,$12,12,$-0.48,$-0.48,$14,$0,$1,$20,$6,$0,$4,$0,$10,$30,$11,$2,$0,$3,$13,$0,$-249,$0,$16,$30,$-23,$1,$13,$14,$-1,$0,$0,$-0,$-1,$-10,$-0,$-0,$-0,$-0,$0,$-0,$0,$-1,$-0,$0,$-0,$0,$0,$0,$0,$-0,$-11,$4,$0
41,2008-06-30,6.72,$1.79,3.75,$1.84,3.65,$-5.87,0.0,$-2.70,0.0,$0.02B,$0.01B,2.55,$0.00B,$0.02B,0.1,$0.02B,$0.02B,100.00%,$0.02B,$-0.03B,-178.95%,$0.02B,$-0.03B,-178.95%,$0.02B,$-0.03B,-163.16%,$0.02B,$-0.03B,-147.37%,$0.02B,$-0.03B,-147.37%,$-0.03B,$0.02B,-134.94%,$-0.03B,$0.02B,-160.00%,$-0.03B,$0.03B,-83.58%,$-0.03B,$0.02B,-149.45%,$5,$0,$5,$8,$2,$10,$-5,$3,$-2,$0,$-2,$-2,$-2,$-5,$-5,$12,12,$-0.12,$-0.12,$19,$0,$1,$23,$6,$0,$4,$0,$10,$33,$9,$2,$0,$3,$11,$0,$-243,$0,$21,$33,$-17,$1,$11,$12,$0,$0,$0,$0,$-1,$-6,$-0,$-0,$-0,$-0,$0,$-0,$0,$-1,$-0,$0,$-0,$0,$0,$0,$0,$-0,$-6,$2,$0
42,2008-03-31,11.04,$1.77,6.24,$1.68,6.56,$-6.89,0.0,$-3.54,0.0,$0.03B,$0.01B,2.09,$0.00B,$0.02B,0.1,$0.02B,$0.02B,100.00%,$0.02B,$-0.04B,-237.50%,$0.02B,$-0.04B,-237.50%,$0.02B,$-0.03B,-212.50%,$0.02B,$-0.03B,-212.50%,$0.02B,$-0.03B,-212.50%,$-0.03B,$0.02B,-158.14%,$-0.03B,$0.02B,-186.30%,$-0.03B,$0.04B,-103.03%,$-0.04B,$0.02B,-161.70%,$6,$0,$6,$7,$3,$19,$-14,$-1,$-15,$0,$-15,$-15,$-15,$-13,$-14,$11,11,$-1.38,$-1.38,$20,$0,$1,$25,$7,$0,$3,$0,$10,$35,$12,$2,$0,$3,$15,$0,$-241,$0,$21,$35,$-15,$0,$13,$13,$-1,$0,$0,$0,$-3,$-4,$-0,$-0,$-0,$-0,$0,$-0,$0,$-0,$-0,$0,$-0,$0,$0,$0,$0,$-0,$-5,$0,$0
43,2007-12-31,8.46,$2.46,3.45,$1.23,6.9,$-7.14,0.0,$-3.24,0.0,$0.03B,$0.01B,2.94,$0.00B,$0.03B,0.08,$0.01B,$0.01B,100.00%,$0.01B,$-0.03B,-309.09%,$0.01B,$-0.03B,-309.09%,$0.01B,$-0.03B,-281.82%,$0.01B,$-0.03B,-245.45%,$0.01B,$-0.03B,-245.45%,$-0.03B,$0.03B,-112.50%,$-0.03B,$0.02B,-128.57%,$-0.03B,$0.04B,-81.82%,$-0.03B,$0.03B,-133.33%,$5,$0,$5,$6,$5,$11,$-6,$2,$-4,$0,$-4,$-4,$-4,$-5,$-6,$9,9,$-0.42,$-0.42,$25,$0,$1,$29,$7,$0,$3,$0,$10,$39,$10,$2,$0,$3,$12,$0,$-226,$0,$26,$39,$-27,$2,$1,$3,$-3,$0,$0,$0,$-0,$-25,$-1,$-1,$0,$13,$0,$13,$0,$11,$0,$0,$0,$19,$19,$0,$0,$19,$5,$6,$0
44,2007-09-30,15.3,$1.70,9.0,$0.65,23.5,$-6.69,0.0,$-3.78,0.0,$0.02B,$0.01B,1.75,$0.00B,$0.02B,0.14,$0.01B,$0.01B,100.00%,$0.01B,$-0.04B,-616.67%,$0.01B,$-0.04B,-616.67%,$0.01B,$-0.03B,-566.67%,$0.01B,$-0.03B,-483.33%,$0.01B,$-0.03B,-483.33%,$-0.03B,$0.02B,-112.62%,$-0.03B,$0.01B,-127.47%,$-0.03B,$0.03B,-86.57%,$-0.04B,$0.02B,-138.32%,$3,$0,$3,$10,$2,$11,$-9,$1,$-7,$0,$-7,$-7,$-7,$-8,$-9,$9,9,$-0.78,$-0.78,$14,$0,$1,$17,$7,$0,$3,$0,$10,$27,$10,$2,$0,$2,$12,$0,$-222,$0,$15,$27,$-23,$2,$1,$3,$-2,$0,$0,$0,$3,$-17,$-1,$-1,$0,$3,$0,$3,$0,$1,$0,$0,$0,$0,$0,$0,$0,$0,$-16,$0,$0
45,2007-06-30,16.8,$2.71,6.21,$0.33,51.34,$-6.46,0.0,$-3.78,0.0,$0.02B,$0.01B,4.34,$0.00B,$0.02B,0.09,$0.00B,$0.00B,100.00%,$0.00B,$-0.04B,-1166.67%,$0.00B,$-0.04B,-1166.67%,$0.00B,$-0.03B,-1100.00%,$0.00B,$-0.03B,-933.33%,$0.00B,$-0.03B,-933.33%,$-0.03B,$0.02B,-84.85%,$-0.03B,$0.02B,-92.56%,$-0.03B,$0.03B,-72.73%,$-0.04B,$0.03B,-104.48%,$2,$0,$2,$9,$2,$11,$-9,$1,$-8,$0,$-8,$-8,$-8,$-8,$-9,$9,9,$-0.90,$-0.90,$19,$0,$1,$21,$7,$0,$3,$0,$10,$31,$5,$2,$0,$2,$7,$0,$-222,$0,$24,$31,$-16,$1,$2,$3,$-1,$0,$0,$0,$1,$-13,$-1,$-0,$0,$3,$0,$3,$0,$2,$0,$0,$0,$0,$0,$0,$0,$0,$-11,$0,$0
46,2007-03-31,16.08,$3.49,4.61,$0.07,243.64,$-6.12,0.0,$-3.60,0.0,$0.03B,$0.00B,6.51,$0.00B,$0.03B,0.0,$0.00B,$0.00B,100.00%,$0.00B,$-0.03B,-3300.00%,$0.00B,$-0.03B,-3300.00%,$0.00B,$-0.03B,-3200.00%,$0.00B,$-0.03B,-2700.00%,$0.00B,$-0.03B,-2700.00%,$-0.03B,$0.03B,-68.35%,$-0.03B,$0.03B,-72.97%,$-0.03B,$0.04B,-61.71%,$-0.03B,$0.03B,-83.54%,$1,$0,$1,$6,$4,$11,$-10,$2,$-8,$0,$-8,$-8,$-8,$-10,$-10,$9,9,$-0.90,$-0.90,$27,$0,$1,$28,$4,$0,$3,$0,$7,$35,$4,$0,$0,$0,$4,$0,$-213,$0,$31,$35,$-8,$0,$2,$2,$-0,$0,$0,$0,$1,$-5,$-0,$-0,$0,$1,$0,$1,$0,$0,$0,$0,$0,$0,$0,$0,$0,$0,$-5,$0,$0
47,2006-12-31,19.08,$3.67,5.2,$0.01,1438.58,$-6.08,0.0,$-3.60,0.0,$0.03B,$0.01B,4.07,$0.00B,$0.03B,0.0,$0.00B,0,nan%,$0.00B,$-0.03B,inf%,$0.00B,$-0.03B,inf%,$0.00B,$-0.03B,inf%,$0.00B,$-0.03B,inf%,$0.00B,$-0.03B,inf%,$-0.03B,$0.03B,-61.20%,$-0.03B,$0.03B,-64.37%,$-0.03B,$0.04B,-56.57%,$-0.03B,$0.03B,-72.13%,$0,$0,$0,$7,$2,$9,$-9,$2,$-6,$0,$-6,$-6,$-6,$-8,$-9,$9,9,$-0.66,$-0.66,$33,$0,$1,$34,$4,$0,$3,$0,$7,$41,$8,$0,$0,$0,$8,$0,$-199,$0,$33,$41,$-29,$2,$5,$7,$1,$0,$0,$0,$1,$-21,$-1,$-1,$0,$-1,$0,$-1,$0,$-2,$0,$0,$0,$8,$8,$0,$0,$8,$-14,$1,$0
