,Date,Stock Price,Book Value per Share,Price to Book Ratio,TTM Sales per Share,Price to Sales Ratio,TTM FCF per Share,Price to FCF Ratio,TTM Net EPS,PE Ratio,Current Assets,Current Liabilities,Current Ratio,Long Term Debt,Shareholder's Equity_x,Debt to Equity Ratio,TTM Revenue_x,TTM Gross Profit,Gross Margin,TTM Revenue_y,TTM Operating Income,Operating Margin,TTM Revenue_x,TTM EBIT,EBIT Margin,TTM Revenue_y,TTM EBITDA,EBITDA Margin,TTM Revenue_x,TTM Pre-Tax Income,Pre-Tax Margin,TTM Revenue_y,TTM Net Income_x,Net Margin,TTM Net Income_y,Shareholder's Equity_y,Return on Equity,TTM Net Income_x,Tangible Equity,Return on Tangible Equity,TTM Net Income_y,Total Assets,Return on Assets,TTM Net Income,LT Investments & Debt,Return on Investment,revenue,cost-goods-sold,gross-profit,research-development-expenses,selling-general-administrative-expenses,operating-expenses,operating-income,total-non-operating-income-expense,pre-tax-income,total-provision-income-taxes,income-after-taxes,income-from-continuous-operations,net-income,ebitda,ebit,basic-shares-outstanding,shares-outstanding,eps-basic-net-earnings-per-share,eps-earnings-per-share-diluted,cash-on-hand,inventory,other-current-assets,total-current-assets,net-property-plant-equipment,long-term-investments,goodwill-intangible-assets-total,other-long-term-assets,total-long-term-assets,total-assets,total-current-liabilities,long-term-debt,other-non-current-liabilities,total-long-term-liabilities,total-liabilities,common-stock-net,retained-earnings-accumulated-deficit,comprehensive-income,total-share-holder-equity,total-liabilities-share-holders-equity,net-income-loss,total-depreciation-amortization-cash-flow,other-non-cash-items,total-non-cash-items,change-in-accounts-receivable,change-in-inventories,change-in-accounts-payable,change-in-assets-liabilities,total-change-in-assets-liabilities,cash-flow-from-operating-activities,net-change-in-property-plant-equipment,net-change-in-intangible-assets,net-acquisitions-divestitures,net-change-in-short-term-investments,net-change-in-long-term-investments,net-change-in-investments-total,investing-activities-other,cash-flow-from-investing-activities,net-long-term-debt,net-current-debt,debt-issuance-retirement-net-total,net-common-equity-issued-repurchased,net-total-equity-issued-repurchased,total-common-preferred-stock-dividends-paid,financial-activities-other,cash-flow-from-financial-activities,net-cash-flow,stock-based-compensation,common-stock-dividends-paid
0,2018-09-30,6.62,$8.53,0.78,$13.60,0.49,$-0.40,0.0,$-1.32,0.0,$0.19B,$0.14B,1.37,$0.15B,$0.32B,0.48,$0.30B,$0.03B,8.67%,$0.30B,$-0.03B,-9.33%,$0.30B,$-0.03B,-9.33%,$0.30B,$-0.01B,-4.67%,$0.30B,$-0.03B,-10.67%,$0.30B,$-0.03B,-10.33%,$-0.03B,$0.32B,-20.95%,$-0.03B,$-0.06B,156.96%,$-0.03B,$0.63B,-9.70%,$-0.03B,$0.47B,-12.16%,$152,$129,$23,$0,$23,$158,$-7,$-3,$-10,$1,$-11,$-11,$-11,$1,$-7,$34,34,$-0.32,$-0.32,$21,$0,$0,$185,$36,$11,$380,$12,$443,$628,$135,$150,$10,$177,$312,$0,$-21,$-6,$316,$628,$-15,$13,$2,$14,$-2,$0,$-1,$-3,$1,$0,$-5,$0,$0,$0,$0,$0,$1,$-3,$1,$0,$1,$0,$0,$0,$0,$1,$-2,$0,$0
1,2018-06-30,6.29,$2.17,2.9,$14.89,0.42,$-0.32,0.0,$-1.07,0.0,$0.06B,$0.02B,2.5,$0.03B,$0.04B,0.84,$0.27B,$0.02B,8.58%,$0.27B,$-0.02B,-5.60%,$0.27B,$-0.02B,-5.60%,$0.27B,$-0.01B,-2.24%,$0.27B,$-0.02B,-6.72%,$0.27B,$-0.02B,-6.72%,$-0.02B,$0.04B,-22.22%,$-0.02B,$0.02B,-400.00%,$-0.02B,$0.09B,-9.64%,$-0.02B,$0.07B,-11.45%,$60,$54,$5,$0,$7,$63,$-3,$-0,$-4,$0,$-4,$-4,$-4,$-1,$-3,$16,16,$-0.23,$-0.23,$1,$0,$0,$57,$16,$0,$12,$3,$32,$88,$23,$30,$1,$30,$53,$0,$-51,$0,$35,$88,$-14,$5,$6,$11,$1,$0,$0,$-1,$-2,$-5,$-3,$0,$0,$0,$0,$0,$0,$-3,$-1,$9,$7,$0,$0,$0,$0,$7,$-0,$0,$0
2,2018-03-31,9.78,$9.35,1.05,$15.50,0.63,$0.71,13.73,$-0.81,0.0,$0.15B,$0.12B,1.29,$0.13B,$0.19B,0.66,$0.28B,$0.03B,9.57%,$0.28B,$-0.01B,-4.26%,$0.28B,$-0.01B,-4.26%,$0.28B,$-0.00B,-0.71%,$0.28B,$-0.01B,-4.96%,$0.28B,$-0.01B,-4.61%,$-0.01B,$0.19B,-15.43%,$-0.01B,$-0.07B,-185.71%,$-0.01B,$0.47B,-6.85%,$-0.01B,$0.32B,-9.06%,$67,$61,$5,$0,$9,$76,$-9,$-0,$-10,$0,$-10,$-10,$-10,$-7,$-9,$16,16,$-0.62,$-0.62,$23,$0,$0,$152,$26,$11,$264,$10,$314,$467,$118,$127,$10,$155,$272,$0,$-7,$-0,$194,$467,$-10,$3,$6,$9,$-1,$0,$0,$0,$-2,$-4,$-2,$0,$0,$0,$0,$0,$0,$-2,$-1,$6,$5,$0,$0,$0,$0,$5,$-0,$0,$0
3,2017-12-31,9.97,$2.90,3.44,$15.95,0.62,$1.43,6.96,$-0.08,0.0,$0.06B,$0.03B,2.24,$0.02B,$0.05B,0.47,$0.29B,$0.03B,10.92%,$0.29B,$-0.00B,-0.34%,$0.29B,$-0.00B,-0.34%,$0.29B,$0.01B,3.41%,$0.29B,$-0.00B,-0.68%,$0.29B,$-0.00B,-0.34%,$-0.00B,$0.05B,-2.11%,$-0.00B,$0.03B,-3.08%,$-0.00B,$0.10B,-1.02%,$-0.00B,$0.07B,-1.42%,$21,$28,$-7,$0,$2,$30,$-9,$1,$-8,$-2,$-6,$-6,$-6,$-7,$-9,$16,16,$-0.33,$-0.33,$1,$0,$1,$58,$20,$0,$15,$3,$38,$96,$26,$22,$1,$23,$49,$0,$-37,$1,$47,$96,$-1,$11,$0,$11,$7,$0,$-1,$1,$5,$16,$-7,$0,$0,$0,$0,$0,$0,$-7,$-3,$-7,$-10,$1,$1,$0,$0,$-9,$0,$1,$0
4,2017-09-30,11.75,$2.99,3.93,$19.37,0.61,$1.33,8.84,$0.14,83.93,$0.06B,$0.03B,2.41,$0.02B,$0.05B,0.44,$0.35B,$0.05B,14.33%,$0.35B,$0.01B,2.87%,$0.35B,$0.01B,2.87%,$0.35B,$0.02B,6.30%,$0.35B,$0.01B,2.29%,$0.35B,$0.01B,1.72%,$0.01B,$0.05B,12.77%,$0.01B,$0.03B,18.90%,$0.01B,$0.10B,5.97%,$0.01B,$0.07B,15.21%,$120,$100,$20,$0,$14,$114,$6,$-1,$4,$2,$3,$3,$2,$9,$6,$21,21,$0.11,$0.11,$1,$0,$1,$60,$18,$0,$15,$3,$36,$96,$25,$21,$1,$23,$48,$0,$-35,$1,$48,$96,$6,$9,$-1,$8,$-7,$0,$3,$-4,$-7,$7,$-8,$0,$0,$0,$0,$0,$1,$-6,$4,$0,$4,$0,$0,$0,$0,$4,$5,$0,$0
5,2017-06-30,12.24,$3.02,4.05,$18.42,0.66,$2.02,6.06,$0.26,47.08,$0.06B,$0.03B,2.33,$0.02B,$0.05B,0.48,$0.31B,$0.04B,13.03%,$0.31B,$0.01B,1.63%,$0.31B,$0.01B,1.63%,$0.31B,$0.02B,5.54%,$0.31B,$0.01B,1.63%,$0.31B,$0.01B,1.63%,$0.01B,$0.05B,10.93%,$0.01B,$0.03B,16.53%,$0.01B,$0.10B,4.94%,$0.01B,$0.07B,8.23%,$74,$65,$9,$0,$8,$74,$0,$0,$0,$-0,$1,$1,$1,$3,$0,$16,17,$0.03,$0.03,$2,$0,$1,$63,$19,$0,$15,$3,$38,$100,$27,$23,$1,$25,$52,$0,$-34,$0,$48,$100,$2,$6,$0,$6,$4,$0,$0,$-1,$3,$11,$-2,$0,$0,$0,$0,$0,$0,$-2,$-2,$-7,$-9,$0,$0,$0,$0,$-9,$1,$1,$0
6,2017-03-31,8.69,$2.97,2.92,$18.82,0.46,$2.04,4.25,$0.12,72.42,$0.06B,$0.02B,2.5,$0.03B,$0.05B,0.54,$0.31B,$0.04B,12.38%,$0.31B,$0.00B,1.30%,$0.31B,$0.00B,1.30%,$0.31B,$0.02B,5.21%,$0.31B,$0.00B,0.98%,$0.31B,$0.00B,0.65%,$0.00B,$0.05B,4.52%,$0.00B,$0.03B,7.08%,$0.00B,$0.10B,1.97%,$0.00B,$0.07B,7.27%,$78,$68,$10,$0,$8,$76,$2,$-0,$2,$-0,$2,$2,$2,$5,$2,$16,17,$0.11,$0.11,$1,$0,$1,$60,$21,$0,$15,$2,$39,$99,$24,$26,$1,$28,$52,$0,$-34,$0,$47,$99,$2,$3,$0,$3,$6,$0,$0,$-0,$2,$7,$-1,$0,$0,$0,$0,$0,$0,$-1,$-1,$-5,$-6,$0,$0,$0,$0,$-6,$0,$0,$0
7,2016-12-31,8.45,$2.83,2.99,$19.14,0.44,$1.94,4.35,$0.01,845.0,$0.07B,$0.05B,1.2,$0.01B,$0.05B,0.12,$0.31B,$0.04B,11.73%,$0.31B,$0.00B,0.98%,$0.31B,$0.00B,0.98%,$0.31B,$0.02B,4.89%,$0.31B,$0.00B,0.33%,$0.31B,0,0.00%,$0.00B,$0.05B,0.00%,$0.00B,$0.03B,0.00%,$0.00B,$0.11B,0.00%,$0.00B,$0.05B,6.09%,$77,$66,$11,$0,$9,$75,$2,$-1,$2,$0,$1,$1,$1,$5,$2,$16,16,$0.09,$0.08,$1,$0,$2,$65,$23,$0,$16,$3,$42,$107,$54,$6,$2,$8,$62,$0,$-36,$-0,$45,$107,$0,$12,$2,$14,$-2,$0,$-2,$1,$-4,$11,$-4,$0,$-1,$0,$0,$0,$0,$-5,$-3,$-6,$-9,$0,$0,$0,$0,$-9,$-2,$2,$0
8,2016-09-30,6.22,$2.73,2.28,$19.70,0.32,$0.77,8.07,$-0.04,0.0,$0.06B,$0.05B,1.2,$0.01B,$0.04B,0.14,$0.31B,$0.04B,11.22%,$0.31B,$0.00B,0.64%,$0.31B,$0.00B,0.64%,$0.31B,$0.01B,4.49%,$0.31B,$-0.00B,-0.32%,$0.31B,$-0.00B,-0.32%,$-0.00B,$0.04B,-2.35%,$-0.00B,$0.03B,-3.88%,$-0.00B,$0.10B,-0.95%,$0.00B,$0.05B,4.06%,$78,$68,$10,$0,$9,$77,$1,$-0,$1,$0,$1,$1,$1,$4,$1,$16,16,$0.05,$0.05,$1,$0,$1,$58,$22,$0,$16,$2,$41,$99,$48,$6,$0,$8,$56,$0,$-37,$0,$43,$99,$-1,$9,$2,$11,$2,$0,$-2,$2,$1,$11,$-1,$0,$-1,$0,$0,$0,$0,$-2,$-2,$-10,$-12,$0,$0,$0,$0,$-12,$-2,$1,$0
9,2016-06-30,4.37,$2.64,1.65,$19.55,0.22,$-0.45,0.0,$-0.58,0.0,$0.06B,$0.05B,1.13,$0.01B,$0.04B,0.17,$0.31B,$0.03B,9.12%,$0.31B,$-0.01B,-1.95%,$0.31B,$-0.01B,-1.95%,$0.31B,$0.01B,1.95%,$0.31B,$-0.01B,-2.93%,$0.31B,$-0.01B,-3.26%,$-0.01B,$0.04B,-23.81%,$-0.01B,$0.03B,-40.00%,$-0.01B,$0.10B,-9.20%,$-0.01B,$0.05B,-12.24%,$74,$67,$7,$0,$8,$75,$-1,$-0,$-2,$0,$-2,$-2,$-2,$2,$-1,$16,16,$-0.11,$-0.11,$1,$0,$1,$57,$25,$0,$16,$2,$44,$101,$51,$7,$0,$9,$60,$0,$-38,$0,$42,$101,$-2,$6,$1,$7,$5,$0,$-1,$1,$4,$10,$-1,$0,$-0,$0,$0,$0,$0,$-1,$-1,$-9,$-10,$0,$0,$0,$0,$-10,$-1,$1,$0
10,2016-03-31,4.2,$2.72,1.54,$18.95,0.22,$-1.36,0.0,$-0.80,0.0,$0.06B,$0.05B,1.1,$0.01B,$0.04B,0.18,$0.30B,$0.03B,8.78%,$0.30B,$-0.01B,-3.38%,$0.30B,$-0.01B,-3.38%,$0.30B,$0.00B,0.68%,$0.30B,$-0.01B,-4.05%,$0.30B,$-0.01B,-4.39%,$-0.01B,$0.04B,-29.71%,$-0.01B,$0.03B,-48.60%,$-0.01B,$0.11B,-11.45%,$-0.01B,$0.05B,-19.51%,$78,$70,$8,$0,$8,$77,$1,$-0,$0,$0,$0,$0,$0,$4,$1,$16,16,$0.00,$0.00,$1,$0,$1,$59,$28,$0,$17,$2,$47,$106,$53,$8,$0,$10,$63,$0,$-36,$-0,$43,$106,$0,$3,$0,$4,$4,$0,$-0,$0,$1,$5,$-0,$0,$-0,$0,$0,$0,$0,$-1,$-1,$-5,$-6,$0,$0,$0,$0,$-6,$-2,$0,$0
11,2015-12-31,3.58,$2.67,1.34,$18.19,0.2,$-1.83,0.0,$-1.01,0.0,$0.06B,$0.06B,1.03,$0.01B,$0.04B,0.2,$0.28B,$0.02B,8.51%,$0.28B,$-0.01B,-4.96%,$0.28B,$-0.01B,-4.96%,$0.28B,$-0.00B,-0.71%,$0.28B,$-0.02B,-5.32%,$0.28B,$-0.02B,-5.67%,$-0.02B,$0.04B,-34.78%,$-0.02B,$0.03B,-50.79%,$-0.02B,$0.12B,-14.29%,$-0.01B,$0.05B,-26.05%,$82,$73,$10,$0,$8,$82,$1,$-0,$0,$-0,$0,$0,$0,$4,$1,$16,16,$0.02,$0.02,$3,$0,$1,$64,$30,$0,$17,$3,$51,$115,$62,$8,$0,$10,$73,$0,$-36,$-0,$42,$115,$-16,$13,$1,$14,$-3,$0,$1,$-0,$-3,$-5,$-7,$0,$-18,$0,$0,$0,$0,$-25,$-2,$28,$26,$1,$1,$0,$0,$27,$-3,$1,$0
12,2015-09-30,3.35,$2.63,1.28,$17.06,0.2,$-1.57,0.0,$-1.13,0.0,$0.06B,$0.06B,0.95,$0.01B,$0.04B,0.16,$0.26B,$0.02B,8.33%,$0.26B,$-0.02B,-6.06%,$0.26B,$-0.02B,-6.06%,$0.26B,$-0.01B,-1.89%,$0.26B,$-0.02B,-6.44%,$0.26B,$-0.02B,-6.82%,$-0.02B,$0.04B,-36.55%,$-0.02B,$0.02B,-48.32%,$-0.02B,$0.11B,-16.86%,$-0.02B,$0.05B,-28.57%,$73,$70,$3,$0,$9,$80,$-7,$-0,$-7,$0,$-8,$-8,$-8,$-4,$-7,$16,16,$-0.49,$-0.49,$1,$0,$1,$58,$34,$0,$17,$3,$55,$113,$61,$7,$1,$11,$72,$0,$-37,$-1,$41,$113,$-16,$10,$1,$11,$4,$0,$-5,$-1,$2,$-3,$-6,$0,$-19,$0,$0,$0,$0,$-24,$-1,$24,$22,$1,$1,$0,$0,$23,$-4,$1,$0
13,2015-06-30,5.9,$3.13,1.88,$16.38,0.36,$-1.43,0.0,$-0.65,0.0,$0.06B,$0.06B,1.06,$0.01B,$0.05B,0.17,$0.25B,$0.03B,11.11%,$0.25B,$-0.01B,-3.57%,$0.25B,$-0.01B,-3.57%,$0.25B,$0.00B,0.79%,$0.25B,$-0.01B,-3.57%,$0.25B,$-0.01B,-3.97%,$-0.01B,$0.05B,-18.96%,$-0.01B,$0.03B,-22.60%,$-0.01B,$0.12B,-9.98%,$-0.01B,$0.06B,-15.58%,$63,$58,$5,$0,$9,$68,$-5,$-0,$-5,$0,$-5,$-5,$-5,$-2,$-5,$16,16,$-0.33,$-0.33,$6,$0,$1,$64,$34,$0,$17,$3,$56,$120,$61,$8,$1,$11,$72,$0,$-29,$-0,$49,$120,$-8,$6,$0,$7,$3,$0,$-4,$-2,$2,$0,$-5,$0,$-19,$0,$0,$0,$1,$-23,$-1,$24,$23,$1,$1,$0,$0,$24,$1,$1,$0
14,2015-03-31,7.53,$3.37,2.23,$16.27,0.46,$-1.44,0.0,$-0.53,0.0,$0.06B,$0.04B,1.53,$0.01B,$0.05B,0.15,$0.25B,$0.03B,11.60%,$0.25B,$-0.01B,-3.20%,$0.25B,$-0.01B,-3.20%,$0.25B,$0.00B,1.20%,$0.25B,$-0.01B,-3.20%,$0.25B,$-0.01B,-3.20%,$-0.01B,$0.05B,-14.68%,$-0.01B,$0.05B,-16.08%,$-0.01B,$0.10B,-8.70%,$-0.01B,$0.06B,-13.91%,$64,$58,$6,$0,$8,$66,$-3,$-0,$-3,$0,$-3,$-3,$-3,$0,$-3,$15,15,$-0.21,$-0.21,$6,$0,$1,$57,$32,$0,$7,$3,$43,$100,$37,$8,$1,$11,$48,$0,$-24,$-1,$52,$100,$-3,$3,$1,$4,$0,$0,$1,$-2,$0,$1,$-4,$0,$-0,$0,$0,$0,$0,$-4,$-0,$5,$4,$0,$0,$0,$0,$4,$1,$0,$0
15,2014-12-31,9.75,$3.55,2.75,$16.25,0.6,$-1.49,0.0,$-0.35,0.0,$0.06B,$0.03B,1.72,$0.01B,$0.06B,0.09,$0.25B,$0.03B,12.45%,$0.25B,$-0.01B,-2.01%,$0.25B,$-0.01B,-2.01%,$0.25B,$0.01B,2.01%,$0.25B,$-0.01B,-2.01%,$0.25B,$-0.01B,-2.41%,$-0.01B,$0.06B,-10.71%,$-0.01B,$0.05B,-11.43%,$-0.01B,$0.09B,-6.76%,$-0.01B,$0.06B,-8.77%,$64,$57,$8,$0,$8,$65,$-1,$-0,$-2,$0,$-2,$-2,$-2,$1,$-1,$15,15,$-0.10,$-0.10,$5,$0,$1,$55,$28,$0,$7,$3,$39,$94,$32,$5,$1,$7,$39,$0,$-21,$-1,$55,$94,$-5,$10,$2,$12,$-2,$0,$1,$1,$-2,$4,$-12,$0,$-3,$0,$0,$0,$2,$-13,$-0,$4,$3,$0,$0,$0,$0,$3,$-6,$2,$0
16,2014-09-30,7.75,$3.58,2.16,$16.21,0.48,$-0.96,0.0,$-0.32,0.0,$0.06B,$0.03B,1.98,$0.00B,$0.06B,0.0,$0.25B,$0.03B,12.10%,$0.25B,$-0.00B,-1.61%,$0.25B,$-0.00B,-1.61%,$0.25B,$0.01B,2.82%,$0.25B,$-0.00B,-1.61%,$0.25B,$-0.01B,-2.02%,$-0.01B,$0.06B,-8.81%,$-0.01B,$0.05B,-9.22%,$-0.01B,$0.09B,-5.70%,$-0.00B,$0.06B,-7.05%,$61,$52,$9,$0,$8,$61,$0,$0,$1,$1,$-0,$-0,$-0,$3,$0,$15,15,$-0.01,$-0.01,$7,$0,$1,$56,$24,$0,$3,$2,$31,$87,$28,$0,$2,$3,$31,$0,$-19,$-1,$55,$87,$-4,$7,$2,$9,$-2,$0,$-1,$2,$-2,$3,$-10,$0,$-1,$0,$0,$0,$2,$-9,$-0,$2,$1,$0,$0,$0,$0,$1,$-4,$1,$0
17,2014-06-30,7.72,$3.66,2.11,$16.03,0.48,$-0.66,0.0,$-0.43,0.0,$0.06B,$0.03B,2.06,$0.00B,$0.06B,0.0,$0.25B,$0.03B,11.43%,$0.25B,$-0.01B,-2.04%,$0.25B,$-0.01B,-2.04%,$0.25B,$0.01B,2.86%,$0.25B,$-0.01B,-2.86%,$0.25B,$-0.01B,-2.86%,$-0.01B,$0.06B,-12.12%,$-0.01B,$0.05B,-12.61%,$-0.01B,$0.09B,-7.93%,$-0.01B,$0.06B,-8.66%,$61,$56,$6,$0,$7,$65,$-4,$-0,$-4,$-0,$-3,$-3,$-3,$-1,$-4,$15,15,$-0.21,$-0.21,$6,$0,$2,$56,$25,$0,$3,$2,$31,$87,$27,$0,$2,$3,$30,$0,$-19,$0,$56,$87,$-4,$5,$1,$6,$-2,$0,$-1,$1,$-1,$2,$-7,$0,$-0,$0,$0,$0,$1,$-6,$-0,$0,$-0,$0,$0,$0,$0,$0,$-5,$1,$0
18,2014-03-31,6.85,$3.79,1.81,$15.68,0.44,$-0.20,0.0,$-0.30,0.0,$0.06B,$0.03B,2.21,$0.00B,$0.06B,0.0,$0.24B,$0.03B,11.67%,$0.24B,$-0.00B,-0.83%,$0.24B,$-0.00B,-0.83%,$0.24B,$0.01B,4.17%,$0.24B,$-0.00B,-1.67%,$0.24B,$-0.01B,-2.08%,$-0.01B,$0.06B,-8.51%,$-0.01B,$0.06B,-8.81%,$-0.01B,$0.09B,-5.63%,$-0.00B,$0.06B,-3.40%,$63,$55,$8,$0,$8,$63,$-0,$-0,$-0,$0,$-1,$-1,$-1,$2,$-0,$15,15,$-0.03,$-0.03,$7,$0,$1,$57,$22,$0,$3,$3,$30,$87,$26,$0,$1,$3,$29,$0,$-16,$-1,$58,$87,$-1,$2,$0,$3,$-3,$0,$-0,$1,$-3,$-1,$-2,$0,$-0,$0,$0,$0,$0,$-2,$-0,$-0,$-1,$0,$0,$0,$0,$-0,$-4,$0,$0
19,2013-12-31,6.49,$3.79,1.71,$15.08,0.43,$-0.05,0.0,$-0.42,0.0,$0.06B,$0.03B,2.11,$0.00B,$0.06B,0.0,$0.23B,$0.03B,10.82%,$0.23B,$-0.01B,-2.16%,$0.23B,$-0.01B,-2.16%,$0.23B,$0.01B,3.46%,$0.23B,$-0.01B,-2.60%,$0.23B,$-0.01B,-2.60%,$-0.01B,$0.06B,-9.96%,$-0.01B,$0.06B,-10.30%,$-0.01B,$0.09B,-6.67%,$-0.01B,$0.06B,-8.30%,$63,$56,$7,$0,$7,$64,$-0,$-1,$-1,$0,$-1,$-1,$-1,$3,$-0,$15,15,$-0.07,$-0.07,$11,$0,$2,$60,$22,$0,$3,$2,$30,$90,$28,$0,$2,$3,$32,$0,$-15,$-1,$58,$90,$-6,$12,$4,$16,$-3,$0,$0,$-2,$-3,$6,$-5,$0,$-2,$0,$0,$0,$2,$-6,$-0,$1,$1,$0,$0,$0,$-0,$1,$2,$2,$0
20,2013-09-30,6.44,$3.87,1.66,$14.57,0.44,$-0.39,0.0,$-0.28,0.0,$0.06B,$0.03B,2.13,$0.00B,$0.06B,0.0,$0.22B,$0.03B,11.66%,$0.22B,$-0.00B,-1.79%,$0.22B,$-0.00B,-1.79%,$0.22B,$0.01B,4.04%,$0.22B,$-0.00B,-1.79%,$0.22B,$-0.00B,-1.79%,$-0.00B,$0.06B,-6.43%,$-0.00B,$0.06B,-6.56%,$-0.00B,$0.09B,-4.41%,$-0.00B,$0.06B,-6.43%,$58,$52,$7,$0,$7,$59,$-1,$-1,$-2,$0,$-2,$-2,$-2,$3,$-1,$15,15,$-0.12,$-0.12,$6,$0,$4,$59,$23,$0,$3,$2,$30,$89,$28,$0,$1,$2,$30,$0,$-14,$-0,$59,$89,$-5,$9,$2,$11,$-4,$0,$-0,$-1,$-4,$2,$-4,$0,$-2,$0,$0,$0,$0,$-5,$-0,$0,$-0,$0,$0,$0,$0,$0,$-3,$1,$0
21,2013-06-30,4.73,$3.93,1.2,$13.88,0.34,$-0.28,0.0,$-0.08,0.0,$0.06B,$0.03B,2.25,$0.00B,$0.06B,0.0,$0.21B,$0.03B,11.74%,$0.21B,$-0.00B,-1.88%,$0.21B,$-0.00B,-1.88%,$0.21B,$0.01B,3.76%,$0.21B,$-0.00B,-1.41%,$0.21B,$-0.00B,-1.41%,$-0.00B,$0.06B,-4.71%,$-0.00B,$0.06B,-4.76%,$-0.00B,$0.09B,-3.29%,$-0.00B,$0.06B,-6.27%,$56,$50,$6,$0,$7,$57,$-1,$-0,$-1,$0,$-1,$-1,$-1,$2,$-1,$15,15,$-0.08,$-0.08,$10,$0,$5,$59,$22,$0,$1,$2,$30,$89,$26,$0,$0,$2,$29,$0,$-12,$-1,$60,$89,$-4,$6,$1,$7,$0,$0,$-0,$-1,$0,$3,$-1,$0,$-2,$0,$0,$0,$0,$-3,$-0,$0,$-0,$0,$0,$0,$0,$0,$1,$1,$0
22,2013-03-31,5.85,$4.16,1.41,$13.17,0.44,$-0.29,0.0,$-0.28,0.0,$0.06B,$0.03B,2.32,$0.00B,$0.06B,0.0,$0.20B,$0.02B,10.95%,$0.20B,$-0.01B,-3.98%,$0.20B,$-0.01B,-3.98%,$0.20B,$0.01B,2.49%,$0.20B,$-0.01B,-2.99%,$0.20B,$-0.01B,-2.99%,$-0.01B,$0.06B,-9.20%,$-0.01B,$0.06B,-9.27%,$-0.01B,$0.09B,-6.54%,$-0.01B,$0.06B,-12.26%,$54,$49,$5,$0,$7,$56,$-3,$0,$-2,$-0,$-2,$-2,$-2,$0,$-3,$15,15,$-0.15,$-0.15,$7,$0,$7,$60,$24,$0,$1,$2,$32,$92,$26,$0,$1,$3,$28,$0,$-11,$2,$64,$92,$-2,$3,$0,$3,$-1,$0,$-0,$-1,$-1,$-0,$-1,$0,$-1,$0,$0,$0,$0,$-2,$-0,$0,$-0,$0,$0,$0,$0,$0,$-2,$0,$0
23,2012-12-31,4.03,$4.33,0.93,$13.00,0.31,$-0.16,0.0,$-0.53,0.0,$0.06B,$0.02B,2.52,$0.00B,$0.07B,0.0,$0.20B,$0.02B,11.11%,$0.20B,$-0.01B,-5.56%,$0.20B,$-0.01B,-5.56%,$0.20B,$0.00B,1.52%,$0.20B,$-0.01B,-5.05%,$0.20B,$-0.01B,-5.05%,$-0.01B,$0.07B,-15.04%,$-0.01B,$0.07B,-15.04%,$-0.01B,$0.09B,-10.78%,$-0.01B,$0.07B,-16.54%,$55,$47,$8,$0,$7,$54,$1,$0,$1,$0,$1,$1,$1,$4,$1,$15,15,$0.07,$0.07,$9,$0,$7,$60,$26,$0,$0,$2,$33,$93,$24,$0,$1,$3,$27,$0,$-9,$3,$66,$93,$-10,$13,$5,$18,$-3,$0,$-0,$1,$-4,$3,$-7,$0,$0,$0,$0,$0,$5,$-3,$-0,$0,$-0,$0,$0,$0,$0,$0,$-1,$1,$0
24,2012-09-30,3.05,$4.26,0.72,$12.78,0.24,$-0.55,0.0,$-1.09,0.0,$0.06B,$0.02B,2.4,$0.00B,$0.07B,0.0,$0.19B,$0.02B,9.28%,$0.19B,$-0.02B,-9.79%,$0.19B,$-0.02B,-9.79%,$0.19B,$-0.01B,-2.58%,$0.19B,$-0.02B,-9.28%,$0.19B,$-0.02B,-9.28%,$-0.02B,$0.07B,-26.28%,$-0.02B,$0.07B,-26.28%,$-0.02B,$0.09B,-19.00%,$-0.02B,$0.07B,-27.74%,$48,$42,$6,$0,$7,$49,$-1,$0,$-1,$-0,$-1,$-1,$-1,$2,$-1,$15,15,$-0.08,$-0.08,$9,$0,$7,$55,$30,$0,$0,$2,$36,$91,$23,$0,$0,$3,$26,$0,$-10,$3,$65,$91,$-12,$10,$5,$15,$3,$0,$-1,$1,$1,$4,$-5,$0,$0,$0,$0,$0,$0,$-4,$-0,$0,$-0,$0,$0,$0,$0,$0,$-1,$1,$0
25,2012-06-30,2.9,$4.31,0.67,$13.08,0.22,$-1.07,0.0,$-1.58,0.0,$0.05B,$0.02B,2.47,$0.00B,$0.07B,0.0,$0.20B,$0.01B,7.07%,$0.20B,$-0.03B,-12.63%,$0.20B,$-0.03B,-12.63%,$0.20B,$-0.01B,-5.05%,$0.20B,$-0.02B,-12.12%,$0.20B,$-0.02B,-12.12%,$-0.02B,$0.07B,-33.10%,$-0.02B,$0.07B,-33.10%,$-0.02B,$0.09B,-24.06%,$-0.03B,$0.07B,-34.48%,$44,$41,$3,$0,$7,$49,$-5,$0,$-4,$-0,$-4,$-4,$-4,$-1,$-5,$15,15,$-0.28,$-0.28,$11,$0,$7,$54,$31,$0,$0,$2,$37,$91,$22,$0,$0,$3,$25,$0,$-9,$3,$66,$91,$-10,$7,$4,$11,$6,$0,$-2,$0,$2,$3,$-2,$0,$0,$0,$0,$0,$0,$-1,$-0,$0,$-0,$0,$0,$0,$0,$0,$2,$1,$0
26,2012-03-31,2.19,$4.53,0.48,$13.95,0.16,$-1.14,0.0,$-1.94,0.0,$0.06B,$0.02B,2.35,$0.00B,$0.07B,0.0,$0.21B,$0.02B,7.11%,$0.21B,$-0.03B,-14.22%,$0.21B,$-0.03B,-14.22%,$0.21B,$-0.02B,-7.11%,$0.21B,$-0.03B,-14.22%,$0.21B,$-0.03B,-14.22%,$-0.03B,$0.07B,-38.34%,$-0.03B,$0.07B,-38.34%,$-0.03B,$0.10B,-27.84%,$-0.03B,$0.07B,-38.34%,$51,$46,$5,$0,$8,$57,$-6,$0,$-6,$0,$-6,$-6,$-6,$-2,$-6,$15,15,$-0.40,$-0.40,$10,$0,$5,$56,$34,$0,$0,$2,$40,$96,$24,$0,$1,$3,$27,$0,$-4,$2,$69,$96,$-6,$4,$4,$7,$1,$0,$0,$-0,$1,$2,$-1,$0,$0,$0,$0,$0,$0,$-1,$-0,$0,$-0,$0,$0,$0,$0,$0,$1,$0,$0
27,2011-12-31,1.92,$4.88,0.39,$14.57,0.13,$-1.09,0.0,$-1.71,0.0,$0.06B,$0.02B,2.4,$0.00B,$0.07B,0.0,$0.22B,$0.02B,7.27%,$0.22B,$-0.03B,-11.82%,$0.22B,$-0.03B,-11.82%,$0.22B,$-0.01B,-5.00%,$0.22B,$-0.03B,-11.82%,$0.22B,$-0.03B,-12.27%,$-0.03B,$0.07B,-31.49%,$-0.03B,$0.07B,-31.49%,$-0.03B,$0.10B,-23.43%,$-0.03B,$0.07B,-30.32%,$51,$47,$4,$0,$9,$58,$-7,$0,$-7,$0,$-7,$-7,$-7,$-4,$-7,$15,15,$-0.49,$-0.49,$10,$0,$5,$56,$38,$0,$0,$2,$45,$101,$23,$0,$1,$4,$27,$0,$2,$2,$74,$101,$-26,$16,$4,$19,$9,$0,$0,$1,$6,$-1,$-9,$0,$0,$0,$0,$0,$1,$-8,$-0,$0,$-0,$0,$0,$0,$0,$0,$-9,$2,$0
28,2011-09-30,2.85,$5.30,0.54,$15.52,0.18,$-0.56,0.0,$-1.66,0.0,$0.06B,$0.03B,2.4,$0.00B,$0.08B,0.0,$0.23B,$0.02B,7.69%,$0.23B,$-0.03B,-11.11%,$0.23B,$-0.03B,-11.11%,$0.23B,$-0.01B,-4.27%,$0.23B,$-0.03B,-11.11%,$0.23B,$-0.03B,-11.54%,$-0.03B,$0.08B,-29.19%,$-0.03B,$0.08B,-29.19%,$-0.03B,$0.11B,-21.91%,$-0.03B,$0.08B,-28.11%,$52,$50,$2,$0,$9,$59,$-7,$0,$-7,$-0,$-7,$-7,$-7,$-3,$-7,$15,15,$-0.45,$-0.45,$12,$0,$6,$62,$41,$0,$0,$2,$48,$111,$26,$0,$1,$4,$30,$0,$9,$1,$81,$111,$-19,$12,$2,$14,$7,$0,$-0,$0,$4,$-1,$-7,$0,$0,$0,$0,$0,$0,$-7,$-0,$0,$-0,$0,$0,$0,$0,$0,$-7,$1,$0
29,2011-06-30,3.45,$5.83,0.59,$16.49,0.21,$0.11,30.8,$-1.55,0.0,$0.07B,$0.03B,2.44,$0.00B,$0.09B,0.0,$0.25B,$0.02B,9.27%,$0.25B,$-0.02B,-9.27%,$0.25B,$-0.02B,-9.27%,$0.25B,$-0.01B,-2.82%,$0.25B,$-0.02B,-9.27%,$0.25B,$-0.02B,-9.68%,$-0.02B,$0.09B,-24.24%,$-0.02B,$0.09B,-24.24%,$-0.02B,$0.12B,-18.46%,$-0.02B,$0.09B,-23.23%,$57,$53,$4,$0,$11,$67,$-10,$-0,$-10,$-1,$-10,$-10,$-10,$-6,$-10,$15,15,$-0.64,$-0.64,$20,$0,$7,$73,$42,$0,$0,$2,$50,$123,$30,$0,$1,$4,$34,$0,$16,$3,$89,$123,$-12,$8,$2,$10,$6,$0,$0,$-1,$7,$5,$-4,$0,$0,$0,$0,$0,$0,$-4,$-0,$0,$-0,$0,$0,$0,$0,$0,$1,$1,$0
30,2011-03-31,5.04,$6.50,0.78,$17.25,0.29,$0.21,24.43,$-1.26,0.0,$0.07B,$0.02B,3.05,$0.00B,$0.10B,0.0,$0.26B,$0.03B,10.42%,$0.26B,$-0.02B,-6.18%,$0.26B,$-0.02B,-6.18%,$0.26B,0,0.00%,$0.26B,$-0.02B,-6.18%,$0.26B,$-0.02B,-7.34%,$-0.02B,$0.10B,-18.31%,$-0.02B,$0.10B,-18.31%,$-0.02B,$0.13B,-14.23%,$-0.02B,$0.10B,-15.42%,$60,$54,$6,$0,$8,$62,$-2,$0,$-2,$0,$-3,$-3,$-3,$2,$-2,$15,15,$-0.17,$-0.17,$20,$0,$6,$73,$45,$0,$0,$2,$53,$126,$24,$0,$1,$4,$28,$0,$26,$3,$99,$126,$-3,$4,$0,$4,$6,$0,$-3,$0,$2,$3,$-2,$0,$0,$0,$0,$0,$0,$-2,$-0,$0,$-0,$0,$0,$0,$0,$0,$2,$0,$0
31,2010-12-31,5.07,$6.66,0.76,$17.83,0.28,$0.58,8.74,$-1.30,0.0,$0.08B,$0.03B,2.81,$0.00B,$0.10B,0.0,$0.27B,$0.03B,10.53%,$0.27B,$-0.02B,-6.77%,$0.27B,$-0.02B,-6.77%,$0.27B,$-0.00B,-0.75%,$0.27B,$-0.02B,-6.77%,$0.27B,$-0.02B,-7.14%,$-0.02B,$0.10B,-17.63%,$-0.02B,$0.10B,-17.63%,$-0.02B,$0.13B,-13.67%,$-0.02B,$0.10B,-16.71%,$65,$58,$6,$0,$12,$72,$-7,$0,$-7,$-1,$-7,$-7,$-7,$-3,$-7,$15,15,$-0.44,$-0.44,$19,$0,$7,$78,$47,$0,$0,$2,$55,$133,$28,$0,$1,$4,$32,$0,$28,$3,$101,$133,$-19,$17,$7,$24,$4,$0,$3,$0,$10,$15,$-17,$0,$0,$0,$1,$1,$0,$-16,$-0,$0,$-0,$0,$0,$0,$0,$0,$-1,$2,$0
32,2010-09-30,4.18,$7.09,0.59,$18.37,0.23,$0.80,5.26,$-0.80,0.0,$0.08B,$0.03B,2.98,$0.00B,$0.11B,0.0,$0.27B,$0.03B,12.41%,$0.27B,$-0.01B,-4.01%,$0.27B,$-0.01B,-4.01%,$0.27B,$0.01B,1.82%,$0.27B,$-0.01B,-4.01%,$0.27B,$-0.01B,-4.01%,$-0.01B,$0.11B,-9.84%,$-0.01B,$0.11B,-9.84%,$-0.01B,$0.14B,-7.69%,$-0.01B,$0.11B,-9.84%,$66,$59,$7,$0,$10,$70,$-4,$0,$-4,$0,$-4,$-4,$-4,$0,$-4,$15,15,$-0.30,$-0.30,$21,$0,$3,$76,$53,$0,$0,$2,$62,$138,$26,$0,$2,$5,$31,$0,$35,$4,$107,$138,$-13,$13,$7,$20,$5,$0,$0,$0,$8,$16,$-14,$0,$0,$0,$1,$1,$0,$-13,$-0,$0,$-0,$0,$0,$0,$0,$0,$2,$2,$0
33,2010-06-30,3.9,$7.20,0.54,$18.80,0.21,$1.34,2.91,$-0.38,0.0,$0.08B,$0.02B,3.21,$0.00B,$0.11B,0.0,$0.28B,$0.04B,14.29%,$0.28B,$-0.01B,-1.79%,$0.28B,$-0.01B,-1.79%,$0.28B,$0.01B,3.93%,$0.28B,$-0.01B,-1.79%,$0.28B,$-0.01B,-1.79%,$-0.01B,$0.11B,-4.40%,$-0.01B,$0.11B,-4.40%,$-0.01B,$0.14B,-3.42%,$-0.01B,$0.11B,-4.40%,$68,$60,$8,$0,$10,$71,$-3,$0,$-3,$2,$-5,$-5,$-5,$1,$-3,$15,15,$-0.35,$-0.35,$22,$0,$1,$76,$56,$0,$0,$2,$61,$137,$24,$0,$2,$5,$29,$0,$39,$1,$108,$137,$-8,$9,$5,$14,$4,$0,$-0,$1,$7,$12,$-10,$0,$0,$0,$1,$1,$0,$-10,$-0,$0,$-0,$0,$0,$0,$0,$0,$2,$1,$0
34,2010-03-31,6.95,$7.72,0.9,$19.20,0.36,$1.30,5.33,$0.06,115.83,$0.08B,$0.03B,3.04,$0.00B,$0.12B,0.0,$0.29B,$0.05B,15.79%,$0.29B,0,0.00%,$0.29B,0,0.00%,$0.29B,$0.02B,5.61%,$0.29B,0,0.00%,$0.29B,$0.00B,0.35%,$0.00B,$0.12B,0.87%,$0.00B,$0.12B,0.87%,$0.00B,$0.15B,0.67%,$0.00B,$0.12B,0.00%,$67,$60,$7,$0,$11,$71,$-4,$0,$-4,$-1,$-3,$-3,$-3,$0,$-4,$15,15,$-0.21,$-0.21,$27,$0,$4,$84,$56,$0,$0,$1,$64,$148,$28,$0,$3,$6,$33,$0,$44,$3,$115,$148,$-3,$4,$2,$6,$5,$0,$-1,$1,$9,$12,$-5,$0,$0,$0,$0,$0,$0,$-4,$-0,$0,$-0,$0,$0,$0,$0,$0,$8,$1,$0
35,2009-12-31,7.48,$7.84,0.95,$19.46,0.38,$1.08,6.93,$0.31,24.13,$0.09B,$0.03B,3.42,$0.00B,$0.12B,0.0,$0.29B,$0.05B,16.96%,$0.29B,$-0.00B,-0.35%,$0.29B,$-0.00B,-0.35%,$0.29B,$0.02B,5.19%,$0.29B,$-0.00B,-0.35%,$0.29B,$0.01B,1.73%,$0.01B,$0.12B,4.42%,$0.01B,$0.12B,4.42%,$0.01B,$0.15B,3.37%,$-0.00B,$0.12B,-0.88%,$73,$61,$12,$0,$12,$72,$0,$0,$0,$-1,$1,$1,$1,$4,$0,$15,15,$0.06,$0.06,$20,$0,$2,$85,$58,$0,$0,$1,$64,$149,$25,$0,$3,$7,$32,$0,$47,$2,$117,$149,$5,$16,$4,$20,$0,$0,$-1,$-3,$-9,$16,$-15,$0,$0,$0,$8,$8,$7,$0,$-7,$0,$-7,$0,$0,$0,$0,$-7,$10,$2,$0
36,2009-09-30,8.68,$7.77,1.12,$19.55,0.44,$-0.10,0.0,$0.04,217.0,$0.09B,$0.03B,3.16,$0.00B,$0.12B,0.0,$0.29B,$0.05B,15.57%,$0.29B,$-0.01B,-2.42%,$0.29B,$-0.01B,-2.42%,$0.29B,$0.01B,3.46%,$0.29B,$-0.01B,-2.42%,$0.29B,$0.00B,0.35%,$0.00B,$0.12B,0.90%,$0.00B,$0.12B,0.90%,$0.00B,$0.15B,0.68%,$-0.01B,$0.12B,-6.25%,$72,$59,$13,$0,$11,$70,$2,$-0,$2,$1,$2,$2,$2,$6,$2,$15,15,$0.12,$0.12,$21,$0,$1,$85,$58,$0,$0,$1,$65,$150,$27,$0,$3,$7,$34,$0,$47,$3,$115,$150,$4,$12,$-1,$11,$-2,$0,$1,$-2,$-2,$13,$-3,$0,$0,$0,$0,$0,$7,$5,$-7,$0,$-7,$0,$0,$0,$0,$-7,$11,$1,$0
37,2009-06-30,8.02,$7.55,1.06,$19.41,0.41,$-1.05,0.0,$-0.21,0.0,$0.08B,$0.03B,3.21,$0.00B,$0.11B,0.0,$0.29B,$0.04B,13.99%,$0.29B,$-0.01B,-3.85%,$0.29B,$-0.01B,-3.85%,$0.29B,$0.01B,2.10%,$0.29B,$-0.01B,-4.20%,$0.29B,$-0.00B,-1.05%,$-0.00B,$0.11B,-2.74%,$-0.00B,$0.11B,-2.74%,$-0.00B,$0.15B,-2.01%,$-0.01B,$0.11B,-9.80%,$73,$60,$13,$0,$11,$71,$2,$-0,$2,$1,$1,$1,$1,$6,$2,$15,15,$0.09,$0.09,$20,$0,$1,$83,$56,$0,$0,$1,$64,$147,$26,$0,$5,$9,$35,$0,$45,$2,$112,$147,$2,$8,$-3,$5,$-4,$0,$-1,$0,$-0,$7,$-5,$0,$0,$0,$8,$8,$7,$10,$-7,$0,$-7,$0,$0,$0,$0,$-7,$10,$1,$0
38,2009-03-31,3.1,$7.31,0.42,$18.92,0.16,$-1.36,0.0,$-0.61,0.0,$0.09B,$0.03B,3.03,$0.00B,$0.11B,0.02,$0.28B,$0.04B,12.59%,$0.28B,$-0.02B,-7.19%,$0.28B,$-0.02B,-7.19%,$0.28B,$-0.00B,-1.08%,$0.28B,$-0.02B,-7.55%,$0.28B,$-0.01B,-3.24%,$-0.01B,$0.11B,-8.20%,$-0.01B,$0.11B,-8.20%,$-0.01B,$0.15B,-5.98%,$-0.02B,$0.11B,-17.54%,$71,$60,$11,$0,$10,$76,$-5,$-0,$-5,$-1,$-4,$-4,$1,$-1,$-5,$15,15,$0.04,$0.04,$28,$0,$0,$85,$55,$0,$0,$1,$63,$148,$28,$3,$5,$12,$40,$0,$43,$-0,$108,$148,$1,$4,$-4,$0,$2,$0,$-3,$0,$4,$5,$-1,$0,$0,$0,$7,$7,$7,$12,$-1,$0,$-1,$0,$0,$0,$0,$-1,$17,$0,$0
39,2008-12-31,4.45,$7.22,0.62,$18.52,0.24,$-2.08,0.0,$-0.67,0.0,$0.08B,$0.03B,2.58,$0.00B,$0.11B,0.03,$0.27B,$0.03B,12.13%,$0.27B,$-0.02B,-5.88%,$0.27B,$-0.02B,-5.88%,$0.27B,$0.00B,0.74%,$0.27B,$-0.02B,-5.88%,$0.27B,$-0.01B,-3.68%,$-0.01B,$0.11B,-8.91%,$-0.01B,$0.11B,-8.91%,$-0.01B,$0.15B,-6.58%,$-0.02B,$0.11B,-13.65%,$73,$65,$8,$0,$10,$79,$-6,$-0,$-6,$-2,$-3,$-3,$-3,$-1,$-6,$15,15,$-0.21,$-0.21,$18,$0,$1,$78,$60,$0,$0,$1,$69,$147,$30,$3,$2,$10,$40,$0,$43,$-0,$107,$147,$-10,$18,$0,$18,$-3,$0,$0,$-1,$3,$12,$-28,$0,$0,$0,$7,$7,$0,$-21,$-4,$0,$-4,$0,$0,$0,$0,$-4,$-13,$1,$0
40,2008-09-30,6.42,$7.50,0.86,$17.95,0.36,$1.20,5.36,$-0.43,0.0,$0.09B,$0.03B,2.51,$0.01B,$0.11B,0.04,$0.26B,$0.04B,13.64%,$0.26B,$-0.01B,-3.79%,$0.26B,$-0.01B,-3.79%,$0.26B,$0.01B,2.65%,$0.26B,$-0.01B,-3.79%,$0.26B,$-0.01B,-2.65%,$-0.01B,$0.11B,-6.09%,$-0.01B,$0.11B,-6.09%,$-0.01B,$0.16B,-4.55%,$-0.01B,$0.12B,-8.25%,$69,$61,$8,$0,$10,$71,$-2,$-0,$-3,$-1,$-2,$-2,$-2,$2,$-2,$15,15,$-0.13,$-0.13,$31,$0,$0,$85,$62,$0,$0,$1,$69,$155,$34,$5,$0,$10,$44,$0,$46,$0,$111,$155,$-7,$13,$2,$16,$2,$0,$5,$-0,$10,$19,$-23,$0,$0,$0,$1,$1,$0,$-22,$-3,$0,$-3,$0,$0,$0,$0,$-3,$-7,$1,$0
41,2008-06-30,9.4,$7.67,1.22,$17.56,0.54,$1.32,7.12,$-0.27,0.0,$0.09B,$0.03B,3.19,$0.01B,$0.11B,0.05,$0.26B,$0.04B,14.73%,$0.26B,$-0.01B,-3.10%,$0.26B,$-0.01B,-3.10%,$0.26B,$0.01B,3.49%,$0.26B,$-0.01B,-2.71%,$0.26B,$-0.01B,-1.94%,$-0.01B,$0.11B,-4.27%,$-0.01B,$0.11B,-4.27%,$-0.01B,$0.15B,-3.25%,$-0.01B,$0.12B,-6.45%,$65,$57,$8,$0,$10,$73,$-7,$0,$-7,$-3,$-5,$-5,$-5,$-3,$-7,$15,15,$-0.31,$-0.31,$33,$0,$0,$90,$57,$0,$0,$1,$63,$152,$28,$6,$0,$11,$39,$0,$48,$0,$113,$152,$-5,$9,$3,$12,$-1,$0,$1,$0,$2,$10,$-13,$0,$0,$0,$-1,$-1,$0,$-14,$-2,$0,$-2,$0,$0,$0,$0,$-2,$-7,$1,$0
42,2008-03-31,9.21,$7.98,1.15,$17.11,0.54,$2.46,3.75,$-0.19,0.0,$0.09B,$0.03B,3.56,$0.01B,$0.12B,0.06,$0.25B,$0.04B,15.48%,$0.25B,$-0.01B,-1.98%,$0.25B,$-0.01B,-1.98%,$0.25B,$0.01B,5.16%,$0.25B,$-0.00B,-1.19%,$0.25B,$-0.00B,-1.19%,$-0.00B,$0.12B,-2.54%,$-0.00B,$0.12B,-2.54%,$-0.00B,$0.15B,-1.94%,$-0.01B,$0.12B,-3.98%,$65,$55,$9,$0,$10,$65,$-1,$0,$-0,$-0,$-0,$-0,$-0,$4,$-1,$15,15,$-0.02,$-0.02,$32,$0,$0,$92,$57,$0,$0,$1,$62,$154,$26,$7,$0,$10,$36,$0,$52,$0,$118,$154,$-0,$4,$-0,$4,$-8,$0,$-2,$1,$-7,$-3,$-4,$0,$0,$0,$-1,$-1,$0,$-5,$-1,$2,$0,$0,$0,$0,$0,$0,$-8,$0,$0
43,2007-12-31,9.31,$8.02,1.16,$16.64,0.56,$2.84,3.28,$-0.18,0.0,$0.09B,$0.03B,3.45,$0.01B,$0.12B,0.06,$0.25B,$0.04B,15.92%,$0.25B,$-0.00B,-1.63%,$0.25B,$-0.00B,-1.63%,$0.25B,$0.01B,5.31%,$0.25B,$-0.00B,-1.22%,$0.25B,$-0.00B,-1.22%,$-0.00B,$0.12B,-2.54%,$-0.00B,$0.12B,-2.54%,$-0.00B,$0.16B,-1.94%,$-0.00B,$0.13B,-3.16%,$65,$54,$11,$0,$11,$65,$-0,$0,$-0,$-0,$0,$0,$0,$4,$-0,$15,15,$0.02,$0.02,$39,$0,$0,$93,$58,$0,$0,$1,$62,$155,$27,$7,$0,$10,$37,$0,$53,$0,$118,$155,$-3,$17,$5,$22,$-2,$0,$0,$1,$1,$21,$11,$0,$0,$0,$-37,$-37,$0,$-26,$-6,$0,$-6,$0,$0,$0,$0,$-6,$-10,$1,$0
44,2007-09-30,10.13,$8.07,1.26,$16.24,0.62,$0.61,16.52,$-0.13,0.0,$0.09B,$0.03B,3.61,$0.01B,$0.12B,0.07,$0.24B,$0.04B,15.06%,$0.24B,$-0.00B,-1.26%,$0.24B,$-0.00B,-1.26%,$0.24B,$0.01B,5.86%,$0.24B,$-0.00B,-0.84%,$0.24B,$-0.00B,-0.84%,$-0.00B,$0.12B,-1.69%,$-0.00B,$0.12B,-1.69%,$-0.00B,$0.16B,-1.29%,$-0.00B,$0.13B,-2.36%,$63,$53,$10,$0,$10,$64,$-0,$0,$-0,$-1,$0,$0,$0,$4,$-0,$15,15,$0.03,$0.03,$33,$0,$1,$92,$57,$0,$0,$1,$62,$155,$26,$8,$2,$10,$36,$0,$52,$0,$119,$155,$-3,$13,$5,$18,$-4,$0,$-2,$1,$-6,$8,$-11,$0,$0,$0,$-10,$-10,$0,$-21,$-4,$0,$-4,$0,$0,$0,$0,$-4,$-16,$1,$0
45,2007-06-30,10.79,$7.92,1.36,$16.15,0.67,$0.46,23.42,$-0.05,0.0,$0.09B,$0.03B,3.61,$0.01B,$0.12B,0.08,$0.24B,$0.04B,15.13%,$0.24B,$-0.00B,-0.42%,$0.24B,$-0.00B,-0.42%,$0.24B,$0.02B,7.14%,$0.24B,$0.00B,0.42%,$0.24B,0,0.00%,$0.00B,$0.12B,0.00%,$0.00B,$0.12B,0.00%,$0.00B,$0.15B,0.00%,$-0.00B,$0.13B,-0.79%,$59,$50,$9,$0,$9,$62,$-4,$0,$-3,$0,$-3,$-3,$-3,$1,$-4,$15,15,$-0.23,$-0.23,$44,$0,$0,$92,$57,$0,$0,$1,$61,$153,$25,$9,$2,$11,$36,$0,$52,$0,$117,$153,$-4,$8,$5,$13,$6,$0,$-2,$-0,$3,$13,$1,$0,$0,$0,$-17,$-17,$0,$-17,$-3,$0,$-3,$0,$0,$0,$0,$-3,$-6,$1,$0
46,2007-03-31,9.79,$8.06,1.21,$16.19,0.6,$-0.85,0.0,$0.24,40.79,$0.09B,$0.02B,3.71,$0.01B,$0.12B,0.08,$0.24B,$0.04B,14.64%,$0.24B,$0.00B,1.67%,$0.24B,$0.00B,1.67%,$0.24B,$0.02B,8.79%,$0.24B,$0.01B,2.09%,$0.24B,$0.00B,1.67%,$0.00B,$0.12B,3.31%,$0.00B,$0.12B,3.31%,$0.00B,$0.15B,2.65%,$0.00B,$0.13B,3.16%,$58,$49,$9,$0,$9,$58,$-0,$0,$-0,$-0,$-0,$-0,$-0,$4,$-0,$15,15,$-0.01,$-0.01,$35,$0,$0,$89,$59,$0,$0,$1,$65,$154,$24,$9,$2,$11,$35,$0,$55,$0,$119,$154,$-0,$4,$0,$4,$-3,$0,$-2,$0,$-4,$0,$-1,$0,$0,$0,$-11,$-11,$0,$-13,$-1,$0,$-1,$0,$0,$0,$0,$-1,$-14,$0,$0
47,2006-12-31,13.54,$8.06,1.68,$16.12,0.84,$-1.08,0.0,$0.39,34.72,$0.09B,$0.02B,3.7,$0.01B,$0.12B,0.09,$0.24B,$0.04B,15.13%,$0.24B,$0.01B,2.52%,$0.24B,$0.01B,2.52%,$0.24B,$0.02B,9.66%,$0.24B,$0.01B,3.36%,$0.24B,$0.01B,2.52%,$0.01B,$0.12B,4.90%,$0.01B,$0.12B,4.90%,$0.01B,$0.16B,4.00%,$0.01B,$0.13B,4.74%,$59,$51,$8,$0,$8,$58,$1,$1,$1,$0,$1,$1,$1,$5,$1,$15,15,$0.07,$0.08,$39,$0,$0,$90,$60,$0,$0,$1,$66,$156,$24,$10,$1,$13,$37,$0,$56,$0,$118,$156,$6,$17,$-2,$15,$-6,$0,$1,$-0,$-2,$19,$-20,$0,$0,$0,$22,$22,$0,$3,$10,$0,$10,$1,$1,$-16,$0,$-5,$16,$0,$0
