,Date,Stock Price,Book Value per Share,Price to Book Ratio,TTM Sales per Share,Price to Sales Ratio,TTM FCF per Share,Price to FCF Ratio,TTM Net EPS,PE Ratio,Current Assets,Current Liabilities,Current Ratio,Long Term Debt,Shareholder's Equity_x,Debt to Equity Ratio,TTM Revenue_x,TTM Gross Profit,Gross Margin,TTM Revenue_y,TTM Operating Income,Operating Margin,TTM Revenue_x,TTM EBIT,EBIT Margin,TTM Revenue_y,TTM EBITDA,EBITDA Margin,TTM Revenue_x,TTM Pre-Tax Income,Pre-Tax Margin,TTM Revenue_y,TTM Net Income_x,Net Margin,TTM Net Income_y,Shareholder's Equity_y,Return on Equity,TTM Net Income_x,Tangible Equity,Return on Tangible Equity,TTM Net Income_y,Total Assets,Return on Assets,TTM Net Income,LT Investments & Debt,Return on Investment,revenue,cost-goods-sold,gross-profit,research-development-expenses,selling-general-administrative-expenses,operating-expenses,operating-income,total-non-operating-income-expense,pre-tax-income,total-provision-income-taxes,income-after-taxes,income-from-continuous-operations,net-income,ebitda,ebit,basic-shares-outstanding,shares-outstanding,eps-basic-net-earnings-per-share,eps-earnings-per-share-diluted,cash-on-hand,inventory,other-current-assets,total-current-assets,net-property-plant-equipment,long-term-investments,goodwill-intangible-assets-total,other-long-term-assets,total-long-term-assets,total-assets,total-current-liabilities,long-term-debt,other-non-current-liabilities,total-long-term-liabilities,total-liabilities,common-stock-net,retained-earnings-accumulated-deficit,comprehensive-income,total-share-holder-equity,total-liabilities-share-holders-equity,net-income-loss,total-depreciation-amortization-cash-flow,other-non-cash-items,total-non-cash-items,change-in-accounts-receivable,change-in-inventories,change-in-accounts-payable,change-in-assets-liabilities,total-change-in-assets-liabilities,cash-flow-from-operating-activities,net-change-in-property-plant-equipment,net-change-in-intangible-assets,net-acquisitions-divestitures,net-change-in-short-term-investments,net-change-in-long-term-investments,net-change-in-investments-total,investing-activities-other,cash-flow-from-investing-activities,net-long-term-debt,net-current-debt,debt-issuance-retirement-net-total,net-common-equity-issued-repurchased,net-total-equity-issued-repurchased,total-common-preferred-stock-dividends-paid,financial-activities-other,cash-flow-from-financial-activities,net-cash-flow,stock-based-compensation,common-stock-dividends-paid
0,2018-09-30,82.0,$64.49,1.27,$19.93,4.11,$18.83,4.36,$3.60,22.78,$11.22B,$11.89B,0.94,$0.12B,$2.37B,0.05,$0.70B,$0.66B,93.84%,$0.70B,$0.25B,36.25%,$0.70B,0,0.00%,$0.70B,0,0.00%,$0.70B,$0.21B,29.51%,$0.70B,$0.13B,18.77%,$0.13B,$2.37B,5.61%,$0.13B,$1.30B,10.35%,$0.13B,$14.52B,0.90%,$0.25B,$2.48B,10.11%,$176,$15,$160,$0,$95,$114,$61,$-4,$57,$10,$47,$47,$47,$0,$0,$37,37,$1.28,$1.28,$327,$0,$0,$11216,$242,$1552,$1069,$396,$3307,$14522,$11894,$116,$145,$261,$12154,$92,$515,$-45,$2368,$14522,$130,$33,$2,$35,$36,$0,$1,$21,$59,$224,$-9,$0,$0,$0,$56,$56,$-269,$-223,$-100,$-7,$-107,$-9,$-9,$-38,$82,$-72,$-70,$7,$-38
1,2018-06-30,85.89,$63.77,1.35,$19.87,4.32,$17.74,4.84,$3.51,24.47,$11.21B,$11.97B,0.94,$0.12B,$2.35B,0.05,$0.66B,$0.63B,95.30%,$0.66B,$0.25B,37.27%,$0.66B,0,0.00%,$0.66B,0,0.00%,$0.66B,$0.20B,30.61%,$0.66B,$0.12B,18.03%,$0.12B,$2.35B,5.53%,$0.12B,$1.28B,10.02%,$0.12B,$14.57B,0.87%,$0.25B,$2.46B,10.65%,$179,$12,$167,$0,$111,$127,$52,$0,$52,$12,$40,$40,$40,$0,$0,$37,37,$1.10,$1.09,$397,$0,$0,$11212,$245,$1598,$1073,$390,$3355,$14566,$11970,$116,$132,$248,$12218,$92,$481,$-36,$2348,$14566,$83,$22,$2,$24,$33,$0,$1,$13,$53,$160,$-7,$0,$0,$0,$42,$42,$-202,$-167,$-100,$45,$-55,$-0,$-0,$-25,$106,$26,$19,$4,$-25
2,2018-03-31,84.62,$63.14,1.34,$19.72,4.29,$15.95,5.3,$3.50,24.18,$11.28B,$12.02B,0.94,$0.22B,$2.32B,0.09,$0.62B,$0.60B,96.28%,$0.62B,$0.24B,39.10%,$0.62B,0,0.00%,$0.62B,0,0.00%,$0.62B,$0.20B,31.99%,$0.62B,$0.11B,17.93%,$0.11B,$2.32B,5.64%,$0.11B,$1.25B,10.02%,$0.11B,$14.69B,0.86%,$0.24B,$2.54B,11.41%,$182,$9,$172,$0,$115,$128,$54,$0,$54,$11,$42,$42,$42,$0,$0,$37,37,$1.15,$1.15,$645,$0,$0,$11277,$254,$1666,$1070,$376,$3412,$14689,$12021,$216,$130,$346,$12367,$92,$453,$-30,$2323,$14689,$42,$11,$182,$193,$-153,$0,$1,$16,$-129,$106,$-4,$0,$0,$0,$-16,$-16,$-7,$-26,$-0,$71,$71,$-2,$-2,$-12,$130,$187,$267,$2,$-12
3,2017-12-31,86.12,$62.81,1.37,$19.51,4.41,$14.46,5.96,$2.98,28.9,$11.05B,$11.82B,0.94,$0.22B,$2.31B,0.09,$0.57B,$0.56B,97.21%,$0.57B,$0.21B,37.11%,$0.57B,0,0.00%,$0.57B,0,0.00%,$0.57B,$0.17B,29.44%,$0.57B,$0.09B,15.16%,$0.09B,$2.31B,4.88%,$0.09B,$1.24B,8.47%,$0.09B,$14.47B,0.73%,$0.21B,$2.53B,11.16%,$161,$6,$156,$0,$67,$76,$86,$-43,$43,$41,$2,$2,$2,$0,$0,$30,30,$0.03,$0.03,$401,$0,$0,$11047,$256,$1651,$1073,$394,$3420,$14467,$11820,$216,$122,$338,$12158,$92,$420,$-10,$2309,$14467,$88,$36,$38,$73,$61,$0,$-1,$-25,$37,$198,$-15,$0,$185,$0,$384,$384,$-615,$-61,$-291,$-28,$-319,$-2,$-2,$-39,$226,$-134,$3,$7,$-39
4,2017-09-30,88.64,$55.79,1.59,$18.89,4.69,$12.99,6.83,$3.90,22.73,$8.69B,$9.35B,0.93,$0.08B,$1.63B,0.05,$0.53B,$0.52B,97.35%,$0.53B,$0.17B,32.33%,$0.53B,0,0.00%,$0.53B,0,0.00%,$0.53B,$0.16B,31.00%,$0.53B,$0.11B,20.60%,$0.11B,$1.63B,7.32%,$0.11B,$0.99B,12.02%,$0.11B,$11.17B,1.03%,$0.17B,$1.72B,10.86%,$138,$4,$134,$0,$77,$84,$54,$-2,$53,$18,$35,$35,$35,$0,$0,$29,29,$1.20,$1.19,$418,$0,$0,$8687,$198,$1323,$648,$271,$2482,$11169,$9353,$83,$100,$183,$9536,$73,$427,$-4,$1633,$11169,$85,$26,$9,$35,$17,$0,$-0,$1,$28,$148,$-9,$0,$70,$0,$270,$270,$-520,$-189,$-82,$-24,$-106,$-2,$-2,$-29,$207,$70,$29,$5,$-29
5,2017-06-30,84.03,$54.87,1.53,$19.07,4.41,$12.14,6.92,$3.87,21.71,$8.64B,$9.37B,0.92,$0.10B,$1.61B,0.06,$0.51B,$0.50B,97.65%,$0.51B,$0.16B,31.37%,$0.51B,0,0.00%,$0.51B,0,0.00%,$0.51B,$0.15B,30.00%,$0.51B,$0.10B,20.00%,$0.10B,$1.61B,7.49%,$0.10B,$0.96B,12.05%,$0.10B,$11.15B,1.02%,$0.16B,$1.70B,11.11%,$138,$4,$134,$0,$84,$90,$48,$0,$48,$16,$32,$32,$32,$0,$0,$29,29,$1.09,$1.08,$432,$0,$0,$8639,$202,$1359,$649,$267,$2516,$11154,$9366,$98,$85,$183,$9549,$73,$402,$-4,$1605,$11154,$50,$17,$7,$25,$-1,$0,$-0,$-4,$1,$75,$-6,$0,$72,$0,$250,$250,$-440,$-125,$-67,$19,$-48,$-2,$-2,$-19,$176,$107,$57,$3,$-19
6,2017-03-31,87.28,$54.05,1.61,$19.13,4.56,$12.28,7.1,$3.80,22.97,$8.58B,$9.39B,0.91,$0.11B,$1.58B,0.07,$0.49B,$0.48B,98.15%,$0.49B,$0.15B,30.60%,$0.49B,0,0.00%,$0.49B,0,0.00%,$0.49B,$0.14B,29.16%,$0.49B,$0.10B,19.51%,$0.10B,$1.58B,7.69%,$0.10B,$0.93B,12.06%,$0.10B,$11.15B,1.01%,$0.15B,$1.69B,11.42%,$137,$4,$134,$0,$106,$112,$25,$0,$25,$7,$18,$18,$18,$0,$0,$29,29,$0.63,$0.63,$663,$0,$0,$8579,$204,$1401,$651,$273,$2571,$11150,$9386,$108,$76,$184,$9570,$73,$380,$-5,$1580,$11150,$18,$9,$185,$194,$-163,$0,$-1,$-13,$-171,$41,$-4,$0,$72,$0,$208,$208,$-174,$101,$-57,$38,$-19,$-3,$-3,$-10,$178,$146,$289,$2,$-10
7,2016-12-31,85.06,$46.83,1.82,$19.13,4.45,$12.71,6.69,$4.18,20.35,$7.07B,$7.65B,0.92,$0.06B,$1.14B,0.05,$0.46B,$0.46B,98.28%,$0.46B,$0.16B,34.91%,$0.46B,0,0.00%,$0.46B,0,0.00%,$0.46B,$0.15B,33.19%,$0.46B,$0.10B,21.77%,$0.10B,$1.14B,9.09%,$0.10B,$0.76B,13.84%,$0.10B,$8.90B,1.15%,$0.16B,$1.19B,13.89%,$116,$2,$113,$0,$68,$72,$44,$-6,$38,$13,$24,$24,$24,$0,$0,$24,24,$1.01,$1.00,$374,$0,$0,$7068,$184,$1015,$378,$224,$1832,$8901,$7648,$55,$62,$118,$7766,$61,$371,$-8,$1135,$8901,$101,$31,$20,$51,$-11,$0,$-1,$-2,$-14,$138,$-26,$0,$0,$0,$-2,$-2,$-663,$-691,$-0,$26,$26,$-3,$-3,$-29,$238,$232,$-321,$6,$-29
8,2016-09-30,72.71,$46.43,1.57,$19.02,3.82,$15.16,4.8,$4.23,17.19,$7.05B,$7.55B,0.93,$0.06B,$1.12B,0.05,$0.46B,$0.45B,98.48%,$0.46B,$0.16B,35.36%,$0.46B,0,0.00%,$0.46B,0,0.00%,$0.46B,$0.15B,33.41%,$0.46B,$0.10B,22.34%,$0.10B,$1.12B,9.43%,$0.10B,$0.74B,14.52%,$0.10B,$8.80B,1.19%,$0.16B,$1.18B,14.20%,$119,$2,$117,$0,$72,$75,$43,$-1,$42,$14,$28,$28,$28,$0,$0,$24,24,$1.17,$1.16,$508,$0,$0,$7054,$179,$942,$380,$217,$1744,$8797,$7553,$55,$65,$120,$7673,$61,$354,$4,$1124,$8797,$77,$24,$16,$40,$-15,$0,$-1,$5,$-4,$113,$-18,$0,$0,$0,$92,$92,$-513,$-440,$-0,$17,$17,$-3,$-3,$-22,$147,$139,$-188,$5,$-22
9,2016-06-30,65.65,$45.64,1.44,$18.88,3.48,$16.97,3.87,$4.11,15.97,$6.91B,$7.51B,0.92,$0.06B,$1.10B,0.05,$0.46B,$0.45B,98.47%,$0.46B,$0.16B,34.79%,$0.46B,0,0.00%,$0.46B,0,0.00%,$0.46B,$0.15B,33.04%,$0.46B,$0.10B,21.88%,$0.10B,$1.10B,9.32%,$0.10B,$0.72B,14.52%,$0.10B,$8.72B,1.16%,$0.16B,$1.16B,14.09%,$115,$2,$114,$0,$75,$79,$37,$0,$37,$12,$25,$25,$25,$0,$0,$24,24,$1.02,$1.01,$482,$0,$0,$6911,$178,$1007,$382,$220,$1812,$8724,$7505,$55,$59,$115,$7620,$60,$334,$7,$1104,$8724,$49,$17,$12,$29,$-8,$0,$-1,$0,$-5,$73,$-12,$0,$0,$0,$32,$32,$-405,$-385,$-0,$53,$53,$-4,$-4,$-14,$64,$99,$-214,$3,$-14
10,2016-03-31,61.69,$44.75,1.38,$18.85,3.27,$17.12,3.6,$4.13,14.94,$6.86B,$7.47B,0.92,$0.06B,$1.08B,0.05,$0.46B,$0.45B,98.03%,$0.46B,$0.16B,35.01%,$0.46B,0,0.00%,$0.46B,0,0.00%,$0.46B,$0.15B,33.26%,$0.46B,$0.10B,21.88%,$0.10B,$1.08B,9.49%,$0.10B,$0.70B,14.85%,$0.10B,$8.67B,1.18%,$0.16B,$1.14B,14.43%,$114,$2,$112,$0,$72,$76,$38,$-1,$37,$13,$24,$24,$24,$0,$0,$24,24,$1.02,$1.01,$697,$0,$0,$6861,$176,$996,$384,$221,$1809,$8671,$7474,$55,$60,$115,$7589,$60,$317,$4,$1082,$8671,$24,$8,$144,$152,$-133,$0,$-0,$-7,$-130,$47,$-6,$0,$0,$0,$43,$43,$-157,$-120,$-0,$24,$24,$-4,$-4,$-7,$62,$75,$1,$1,$-7
11,2015-12-31,68.8,$43.84,1.57,$18.71,3.68,$16.00,4.3,$4.11,16.74,$6.71B,$7.39B,0.91,$0.06B,$1.06B,0.05,$0.45B,$0.44B,97.80%,$0.45B,$0.16B,34.80%,$0.45B,0,0.00%,$0.45B,0,0.00%,$0.45B,$0.15B,33.26%,$0.45B,$0.10B,22.03%,$0.10B,$1.06B,9.66%,$0.10B,$0.67B,15.16%,$0.10B,$8.56B,1.21%,$0.16B,$1.12B,14.50%,$113,$2,$111,$0,$63,$68,$45,$0,$38,$12,$26,$26,$26,$0,$0,$24,24,$1.06,$1.05,$696,$0,$0,$6707,$175,$1028,$386,$224,$1850,$8557,$7389,$55,$54,$109,$7498,$60,$299,$-4,$1059,$8557,$99,$34,$21,$56,$19,$0,$-2,$1,$32,$187,$-15,$0,$404,$0,$-210,$-210,$-281,$-103,$-46,$67,$20,$-4,$-4,$-24,$201,$194,$278,$6,$-24
12,2015-09-30,73.26,$43.30,1.69,$18.63,3.93,$13.32,5.5,$3.94,18.59,$6.77B,$7.34B,0.92,$0.06B,$1.05B,0.05,$0.45B,$0.44B,97.35%,$0.45B,$0.15B,32.74%,$0.45B,0,0.00%,$0.45B,0,0.00%,$0.45B,$0.14B,31.86%,$0.45B,$0.10B,21.02%,$0.10B,$1.05B,9.35%,$0.10B,$0.66B,14.72%,$0.10B,$8.50B,1.17%,$0.15B,$1.10B,13.67%,$115,$3,$113,$0,$72,$77,$39,$0,$39,$13,$25,$25,$25,$0,$0,$24,24,$1.05,$1.04,$889,$0,$0,$6774,$175,$904,$388,$219,$1726,$8500,$7339,$55,$58,$113,$7452,$61,$280,$2,$1048,$8500,$74,$26,$12,$38,$13,$0,$-2,$11,$38,$150,$-12,$0,$404,$0,$-78,$-78,$-147,$167,$-46,$39,$-7,$0,$0,$-17,$179,$154,$472,$4,$-17
13,2015-06-30,72.19,$42.31,1.71,$18.39,3.93,$11.16,6.47,$3.70,19.51,$6.42B,$6.96B,0.92,$0.06B,$1.02B,0.05,$0.45B,$0.43B,96.86%,$0.45B,$0.14B,32.29%,$0.45B,0,0.00%,$0.45B,0,0.00%,$0.45B,$0.13B,29.82%,$0.45B,$0.09B,19.96%,$0.09B,$1.02B,8.94%,$0.09B,$0.66B,14.13%,$0.09B,$8.09B,1.12%,$0.14B,$1.08B,13.41%,$115,$2,$112,$0,$73,$77,$38,$0,$38,$13,$25,$25,$25,$0,$0,$24,24,$1.04,$1.03,$593,$0,$0,$6416,$172,$860,$363,$228,$1669,$8085,$6955,$55,$51,$106,$7061,$60,$261,$-2,$1024,$8085,$49,$18,$5,$23,$-11,$0,$-2,$0,$-0,$72,$-7,$0,$0,$0,$-39,$-39,$-65,$-111,$-46,$66,$20,$0,$0,$-11,$206,$215,$176,$3,$-11
14,2015-03-31,64.75,$41.71,1.55,$18.18,3.56,$10.80,5.99,$3.41,18.99,$6.39B,$6.91B,0.92,$0.06B,$1.01B,0.06,$0.44B,$0.43B,96.59%,$0.44B,$0.14B,31.82%,$0.44B,0,0.00%,$0.44B,0,0.00%,$0.44B,$0.12B,27.73%,$0.44B,$0.08B,18.64%,$0.08B,$1.01B,8.38%,$0.08B,$0.64B,13.44%,$0.08B,$8.02B,1.03%,$0.14B,$1.06B,13.11%,$111,$3,$108,$0,$69,$74,$36,$0,$36,$12,$24,$24,$24,$0,$0,$24,24,$1.00,$0.99,$631,$0,$0,$6385,$172,$827,$365,$233,$1637,$8022,$6910,$55,$49,$104,$7014,$60,$242,$3,$1008,$8022,$24,$10,$220,$229,$-242,$0,$-1,$-4,$-236,$17,$-3,$0,$0,$0,$4,$4,$19,$20,$-46,$55,$9,$-0,$-0,$-6,$173,$176,$213,$1,$-6
15,2014-12-31,63.28,$40.78,1.55,$18.09,3.5,$11.32,5.59,$3.08,20.55,$6.16B,$6.68B,0.92,$0.10B,$0.99B,0.1,$0.44B,$0.42B,96.34%,$0.44B,$0.14B,31.12%,$0.44B,0,0.00%,$0.44B,0,0.00%,$0.44B,$0.11B,25.63%,$0.44B,$0.07B,16.93%,$0.07B,$0.99B,7.71%,$0.07B,$0.62B,12.56%,$0.07B,$7.83B,0.93%,$0.14B,$1.09B,12.82%,$111,$4,$107,$0,$70,$75,$35,$-5,$31,$9,$21,$21,$21,$0,$0,$24,24,$0.89,$0.88,$418,$0,$0,$6160,$172,$827,$367,$257,$1666,$7826,$6683,$101,$58,$159,$6841,$60,$223,$-0,$985,$7826,$75,$47,$31,$78,$-33,$0,$-2,$22,$-35,$119,$-12,$0,$0,$0,$-9,$-9,$12,$-9,$-1,$10,$9,$1,$-64,$-21,$-94,$-171,$-62,$4,$-20
16,2014-09-30,52.57,$40.07,1.31,$18.96,2.77,$18.30,2.87,$2.75,19.12,$6.19B,$6.75B,0.92,$0.10B,$0.97B,0.11,$0.44B,$0.42B,96.32%,$0.44B,$0.13B,30.34%,$0.44B,0,0.00%,$0.44B,0,0.00%,$0.44B,$0.10B,23.45%,$0.44B,$0.07B,15.17%,$0.07B,$0.97B,6.88%,$0.07B,$0.60B,11.27%,$0.07B,$7.88B,0.83%,$0.13B,$1.07B,12.45%,$109,$4,$105,$0,$68,$74,$35,$-7,$28,$8,$19,$19,$19,$0,$0,$24,24,$0.81,$0.80,$503,$0,$0,$6188,$173,$826,$369,$263,$1692,$7880,$6749,$101,$63,$164,$6913,$60,$207,$-1,$967,$7880,$54,$37,$11,$48,$-30,$0,$-1,$30,$-7,$95,$-9,$0,$20,$0,$-9,$-9,$26,$28,$-1,$20,$19,$0,$-65,$-16,$-37,$-99,$24,$3,$-14
17,2014-06-30,57.14,$39.50,1.45,$18.92,3.02,$22.16,2.58,$2.47,23.13,$6.28B,$6.86B,0.92,$0.10B,$0.95B,0.11,$0.43B,$0.41B,96.24%,$0.43B,$0.13B,29.65%,$0.43B,0,0.00%,$0.43B,0,0.00%,$0.43B,$0.09B,21.88%,$0.43B,$0.06B,13.88%,$0.06B,$0.95B,6.15%,$0.06B,$0.58B,10.11%,$0.06B,$7.99B,0.74%,$0.13B,$1.05B,11.88%,$109,$4,$105,$0,$69,$75,$34,$-7,$27,$9,$18,$18,$18,$0,$0,$24,24,$0.75,$0.74,$590,$0,$0,$6280,$184,$817,$371,$275,$1714,$7994,$6860,$101,$79,$180,$7041,$60,$193,$0,$953,$7994,$35,$25,$0,$26,$-28,$0,$-1,$21,$3,$64,$-9,$0,$20,$0,$4,$4,$18,$33,$-1,$69,$68,$0,$-65,$-10,$21,$13,$110,$2,$-9
18,2014-03-31,58.45,$38.73,1.51,$18.29,3.2,$25.00,2.34,$2.47,23.66,$6.24B,$6.89B,0.91,$0.10B,$0.93B,0.11,$0.38B,$0.37B,96.34%,$0.38B,$0.11B,29.32%,$0.38B,0,0.00%,$0.38B,0,0.00%,$0.38B,$0.09B,22.25%,$0.38B,$0.05B,14.14%,$0.05B,$0.93B,6.35%,$0.05B,$0.56B,10.08%,$0.05B,$7.99B,0.75%,$0.11B,$1.04B,11.91%,$108,$4,$104,$0,$70,$76,$32,$-6,$26,$9,$17,$17,$16,$0,$0,$24,24,$0.66,$0.66,$613,$0,$0,$6241,$187,$815,$375,$305,$1749,$7991,$6890,$101,$66,$167,$7057,$60,$180,$-4,$934,$7991,$17,$13,$134,$148,$-144,$0,$-1,$1,$-133,$32,$-5,$0,$1,$0,$-0,$-0,$59,$55,$-1,$44,$42,$-0,$-65,$-6,$75,$47,$133,$1,$-5
19,2013-12-31,61.88,$40.72,1.52,$17.68,3.5,$25.06,2.47,$2.44,25.36,$6.16B,$6.77B,0.91,$0.10B,$0.98B,0.1,$0.34B,$0.33B,96.18%,$0.34B,$0.10B,28.82%,$0.34B,0,0.00%,$0.34B,0,0.00%,$0.34B,$0.08B,22.06%,$0.34B,$0.05B,14.41%,$0.05B,$0.98B,6.57%,$0.05B,$0.60B,9.94%,$0.05B,$7.93B,0.75%,$0.10B,$1.08B,11.90%,$109,$4,$105,$0,$72,$79,$31,$-9,$21,$7,$14,$14,$13,$0,$0,$20,20,$0.50,$0.49,$479,$0,$0,$6163,$188,$813,$378,$317,$1769,$7931,$6766,$102,$82,$184,$6950,$60,$169,$-10,$981,$7931,$49,$51,$-5,$46,$56,$0,$-4,$55,$147,$242,$-14,$0,$174,$0,$53,$53,$206,$418,$-255,$-27,$-283,$2,$2,$-17,$-265,$-562,$99,$3,$-15
20,2013-09-30,51.17,$40.31,1.27,$16.37,3.13,$24.63,2.08,$2.27,22.54,$6.38B,$6.89B,0.93,$0.10B,$0.97B,0.1,$0.29B,$0.28B,96.23%,$0.29B,$0.08B,28.42%,$0.29B,0,0.00%,$0.29B,0,0.00%,$0.29B,$0.06B,21.23%,$0.29B,$0.04B,14.38%,$0.04B,$0.97B,6.70%,$0.04B,$0.59B,9.62%,$0.04B,$8.03B,0.72%,$0.08B,$1.07B,11.97%,$99,$4,$95,$0,$64,$70,$29,$-10,$19,$7,$12,$12,$12,$0,$0,$22,22,$0.53,$0.52,$645,$0,$0,$6383,$185,$653,$380,$354,$1645,$8028,$6893,$101,$64,$166,$7058,$60,$160,$-11,$970,$8028,$35,$37,$9,$46,$29,$0,$-2,$29,$90,$171,$-7,$0,$174,$0,$198,$198,$158,$522,$-256,$-5,$-261,$1,$1,$-11,$-157,$-428,$264,$2,$-11
21,2013-06-30,46.58,$30.33,1.54,$15.80,2.95,$18.87,2.47,$2.35,19.82,$4.00B,$4.45B,0.9,$0.05B,$0.52B,0.11,$0.25B,$0.24B,96.03%,$0.25B,$0.07B,27.38%,$0.25B,0,0.00%,$0.25B,0,0.00%,$0.25B,$0.06B,22.62%,$0.25B,$0.04B,15.48%,$0.04B,$0.52B,7.91%,$0.04B,$0.39B,10.33%,$0.04B,$5.04B,0.79%,$0.07B,$0.57B,12.65%,$66,$2,$64,$0,$43,$46,$20,$-1,$19,$6,$13,$13,$13,$0,$0,$17,17,$0.75,$0.74,$436,$0,$0,$4002,$110,$532,$126,$237,$1041,$5043,$4445,$54,$27,$81,$4526,$43,$153,$-10,$517,$5043,$23,$24,$3,$27,$16,$0,$-1,$20,$42,$92,$-5,$0,$0,$0,$10,$10,$57,$62,$-1,$24,$23,$0,$0,$-6,$-115,$-98,$56,$2,$-6
22,2013-03-31,46.42,$30.22,1.54,$15.79,2.94,$15.32,3.03,$2.16,21.49,$4.07B,$4.55B,0.9,$0.06B,$0.51B,0.11,$0.24B,$0.23B,95.47%,$0.24B,$0.06B,25.93%,$0.24B,0,0.00%,$0.24B,0,0.00%,$0.24B,$0.05B,20.58%,$0.24B,$0.03B,13.99%,$0.03B,$0.51B,7.23%,$0.03B,$0.39B,9.28%,$0.03B,$5.14B,0.72%,$0.06B,$0.57B,12.10%,$66,$2,$63,$0,$45,$48,$18,$-2,$16,$5,$11,$11,$11,$0,$0,$17,17,$0.63,$0.63,$496,$0,$0,$4073,$111,$533,$127,$266,$1069,$5142,$4548,$55,$25,$80,$4628,$43,$144,$-2,$514,$5142,$11,$12,$212,$224,$-219,$0,$-1,$2,$-212,$22,$-3,$0,$0,$0,$22,$22,$65,$85,$-0,$90,$90,$0,$0,$-3,$-79,$8,$115,$1,$-3
23,2012-12-31,36.85,$29.97,1.23,$15.62,2.36,$17.33,2.13,$2.03,18.15,$4.02B,$4.54B,0.89,$0.06B,$0.51B,0.11,$0.23B,$0.22B,95.20%,$0.23B,$0.06B,24.45%,$0.23B,0,0.00%,$0.23B,0,0.00%,$0.23B,$0.05B,19.65%,$0.23B,$0.03B,13.10%,$0.03B,$0.51B,6.84%,$0.03B,$0.38B,8.63%,$0.03B,$5.14B,0.67%,$0.06B,$0.56B,11.51%,$61,$2,$59,$0,$42,$45,$16,$-8,$8,$3,$6,$6,$6,$0,$0,$15,15,$0.37,$0.38,$381,$0,$0,$4015,$116,$560,$128,$283,$1121,$5136,$4537,$55,$37,$92,$4629,$42,$136,$0,$508,$5136,$30,$37,$23,$60,$-14,$0,$20,$87,$81,$171,$-8,$0,$97,$0,$15,$15,$74,$178,$-22,$35,$13,$1,$1,$-10,$-143,$-139,$209,$2,$-10
24,2012-09-30,36.77,$28.71,1.28,$15.38,2.39,$16.22,2.27,$2.00,18.38,$3.31B,$3.82B,0.87,$0.05B,$0.43B,0.11,$0.22B,$0.21B,94.57%,$0.22B,$0.05B,20.81%,$0.22B,0,0.00%,$0.22B,0,0.00%,$0.22B,$0.04B,19.46%,$0.22B,$0.03B,13.12%,$0.03B,$0.43B,7.13%,$0.03B,$0.35B,8.79%,$0.03B,$4.33B,0.70%,$0.05B,$0.48B,10.15%,$59,$3,$56,$0,$41,$44,$15,$-1,$14,$5,$9,$9,$9,$0,$0,$15,15,$0.61,$0.60,$278,$0,$0,$3310,$106,$501,$80,$329,$1015,$4325,$3816,$46,$30,$76,$3891,$38,$133,$-0,$434,$4325,$24,$26,$-14,$11,$-23,$0,$-1,$34,$1,$36,$-11,$0,$11,$0,$1,$1,$142,$142,$-1,$36,$35,$1,$1,$-8,$-100,$-72,$107,$1,$-8
25,2012-06-30,32.04,$28.17,1.14,$16.24,1.97,$18.75,1.71,$2.14,14.97,$3.31B,$3.88B,0.85,$0.05B,$0.43B,0.11,$0.23B,$0.21B,93.86%,$0.23B,$0.05B,21.49%,$0.23B,0,0.00%,$0.23B,0,0.00%,$0.23B,$0.05B,19.74%,$0.23B,$0.03B,13.16%,$0.03B,$0.43B,7.61%,$0.03B,$0.35B,9.43%,$0.03B,$4.37B,0.74%,$0.05B,$0.47B,11.13%,$57,$3,$54,$0,$40,$43,$14,$-2,$12,$4,$8,$8,$8,$0,$0,$15,15,$0.55,$0.55,$310,$0,$0,$3311,$106,$511,$80,$365,$1063,$4373,$3881,$46,$21,$67,$3948,$38,$126,$-2,$425,$4373,$15,$15,$-30,$-15,$6,$0,$-1,$13,$29,$28,$-5,$0,$11,$0,$-11,$-11,$119,$114,$-1,$30,$30,$0,$0,$-5,$-29,$-4,$138,$1,$-5
26,2012-03-31,29.57,$27.51,1.08,$16.11,1.84,$20.25,1.46,$1.94,15.24,$3.16B,$3.59B,0.88,$0.05B,$0.39B,0.12,$0.22B,$0.21B,92.83%,$0.22B,$0.04B,19.28%,$0.22B,0,0.00%,$0.22B,0,0.00%,$0.22B,$0.04B,18.39%,$0.22B,$0.03B,12.11%,$0.03B,$0.39B,7.10%,$0.03B,$0.31B,8.83%,$0.03B,$4.05B,0.69%,$0.04B,$0.43B,10.08%,$52,$3,$49,$0,$37,$41,$11,$-0,$11,$4,$7,$7,$7,$0,$0,$14,14,$0.51,$0.50,$403,$0,$0,$3162,$93,$357,$74,$359,$884,$4046,$3592,$46,$21,$68,$3660,$35,$121,$-3,$387,$4046,$7,$7,$1,$7,$13,$0,$-1,$20,$32,$46,$-2,$0,$0,$0,$-34,$-34,$68,$31,$-0,$55,$55,$-0,$-0,$-2,$102,$154,$232,$0,$-2
27,2011-12-31,26.09,$27.19,0.96,$16.56,1.58,$20.28,1.29,$1.63,16.0,$3.01B,$3.44B,0.88,$0.05B,$0.38B,0.12,$0.23B,$0.21B,91.59%,$0.23B,$0.04B,15.93%,$0.23B,0,0.00%,$0.23B,0,0.00%,$0.23B,$0.03B,15.04%,$0.23B,$0.02B,10.18%,$0.02B,$0.38B,6.13%,$0.02B,$0.31B,7.58%,$0.02B,$3.90B,0.59%,$0.04B,$0.43B,8.54%,$53,$4,$50,$0,$43,$47,$6,$-0,$6,$1,$5,$5,$5,$0,$0,$14,14,$0.35,$0.35,$171,$0,$0,$3009,$94,$324,$74,$395,$888,$3897,$3435,$47,$31,$80,$3515,$35,$116,$-3,$382,$3897,$23,$23,$15,$38,$-1,$0,$-4,$98,$94,$155,$-19,$0,$137,$0,$16,$16,$-18,$115,$-59,$-12,$-71,$36,$36,$-10,$-291,$-336,$-66,$2,$-10
28,2011-09-30,22.06,$27.26,0.81,$16.84,1.31,$16.65,1.32,$1.32,16.71,$3.02B,$3.47B,0.87,$0.05B,$0.38B,0.12,$0.23B,$0.20B,89.38%,$0.23B,$0.03B,13.72%,$0.23B,0,0.00%,$0.23B,0,0.00%,$0.23B,$0.03B,12.83%,$0.23B,$0.02B,8.41%,$0.02B,$0.38B,5.24%,$0.02B,$0.31B,6.48%,$0.02B,$3.94B,0.50%,$0.03B,$0.43B,7.58%,$66,$5,$61,$0,$43,$49,$18,$-2,$16,$6,$10,$10,$10,$0,$0,$14,14,$0.75,$0.74,$159,$0,$0,$3023,$90,$321,$75,$426,$912,$3936,$3472,$47,$35,$82,$3554,$35,$114,$1,$382,$3936,$18,$16,$13,$29,$-3,$0,$-4,$31,$24,$71,$-13,$0,$137,$0,$20,$20,$4,$148,$-59,$-8,$-67,$35,$35,$-7,$-258,$-297,$-78,$1,$-7
29,2011-06-30,25.49,$26.53,0.96,$16.10,1.58,$10.61,2.4,$0.72,35.4,$2.98B,$3.39B,0.88,$0.05B,$0.37B,0.13,$0.21B,$0.18B,87.20%,$0.21B,$0.02B,7.58%,$0.21B,0,0.00%,$0.21B,0,0.00%,$0.21B,$0.02B,7.58%,$0.21B,$0.01B,5.21%,$0.01B,$0.37B,3.14%,$0.01B,$0.30B,3.87%,$0.01B,$3.84B,0.29%,$0.02B,$0.42B,3.99%,$52,$5,$47,$0,$38,$44,$8,$-1,$8,$3,$5,$5,$5,$0,$0,$14,14,$0.36,$0.35,$249,$0,$0,$2978,$91,$249,$75,$447,$862,$3840,$3393,$46,$29,$75,$3469,$35,$106,$-1,$371,$3840,$7,$9,$-8,$1,$26,$0,$-3,$17,$42,$51,$-8,$0,$91,$0,$53,$53,$-22,$114,$-38,$-6,$-44,$35,$35,$-5,$-139,$-153,$12,$1,$-5
30,2011-03-31,29.41,$26.22,1.12,$16.28,1.81,$8.53,3.45,$0.42,70.02,$3.12B,$3.53B,0.88,$0.05B,$0.37B,0.13,$0.21B,$0.18B,85.65%,$0.21B,$0.01B,4.78%,$0.21B,0,0.00%,$0.21B,0,0.00%,$0.21B,$0.01B,4.31%,$0.21B,$0.01B,3.35%,$0.01B,$0.37B,2.05%,$0.01B,$0.30B,2.51%,$0.01B,$3.96B,0.19%,$0.01B,$0.41B,2.53%,$55,$6,$49,$0,$44,$51,$4,$-1,$4,$1,$3,$3,$3,$0,$0,$13,13,$0.19,$0.19,$413,$0,$0,$3116,$87,$233,$63,$464,$847,$3963,$3526,$47,$24,$71,$3597,$35,$103,$-3,$366,$3963,$3,$3,$8,$11,$33,$0,$-2,$-1,$31,$44,$-2,$0,$91,$0,$67,$67,$-7,$149,$-38,$14,$-25,$35,$35,$-2,$-25,$-18,$176,$0,$-2
31,2010-12-31,28.78,$25.79,1.12,$23.06,1.25,$5.00,5.75,$4.09,7.04,$2.85B,$3.20B,0.89,$0.05B,$0.33B,0.14,$0.29B,$0.26B,88.74%,$0.29B,$0.09B,29.69%,$0.29B,0,0.00%,$0.29B,0,0.00%,$0.29B,$0.08B,27.99%,$0.29B,$0.05B,18.09%,$0.05B,$0.33B,15.88%,$0.05B,$0.27B,19.58%,$0.05B,$3.60B,1.46%,$0.09B,$0.38B,22.18%,$53,$8,$45,$0,$44,$52,$1,$-0,$1,$0,$1,$1,$1,$0,$0,$13,13,$0.03,$0.03,$237,$0,$0,$2850,$87,$238,$63,$357,$745,$3595,$3195,$47,$23,$70,$3265,$32,$103,$-4,$330,$3595,$52,$8,$-10,$-2,$-18,$0,$-5,$83,$54,$103,$-24,$0,$306,$0,$75,$75,$-58,$300,$-181,$27,$-154,$1,$1,$-9,$-109,$-271,$132,$2,$-9
32,2010-09-30,27.26,$26.23,1.04,$22.21,1.23,$1.59,17.11,$4.17,6.54,$2.80B,$3.18B,0.88,$0.06B,$0.34B,0.19,$0.28B,$0.25B,88.57%,$0.28B,$0.09B,31.43%,$0.28B,0,0.00%,$0.28B,0,0.00%,$0.28B,$0.08B,29.64%,$0.28B,$0.05B,19.29%,$0.05B,$0.34B,16.77%,$0.05B,$0.27B,20.85%,$0.05B,$3.61B,1.59%,$0.09B,$0.40B,21.76%,$51,$8,$43,$0,$39,$48,$3,$-1,$3,$1,$2,$2,$2,$0,$0,$13,13,$0.14,$0.14,$173,$0,$0,$2804,$86,$268,$63,$392,$809,$3613,$3184,$62,$31,$94,$3278,$32,$105,$1,$335,$3613,$51,$6,$-49,$-43,$-26,$0,$-5,$-6,$-11,$-3,$-21,$0,$306,$0,$52,$52,$-1,$336,$-166,$0,$-166,$0,$0,$-7,$-93,$-265,$68,$1,$0
33,2010-06-30,30.61,$26.19,1.17,$21.42,1.43,$5.68,5.39,$4.20,7.29,$2.81B,$3.19B,0.88,$0.06B,$0.34B,0.19,$0.27B,$0.24B,87.78%,$0.27B,$0.09B,32.59%,$0.27B,0,0.00%,$0.27B,0,0.00%,$0.27B,$0.08B,30.74%,$0.27B,$0.05B,20.00%,$0.05B,$0.34B,17.49%,$0.05B,$0.27B,22.04%,$0.05B,$3.62B,1.69%,$0.09B,$0.40B,21.37%,$50,$8,$42,$0,$40,$48,$2,$-1,$1,$0,$1,$1,$1,$0,$0,$13,13,$0.05,$0.05,$187,$0,$0,$2805,$84,$294,$63,$373,$814,$3619,$3189,$63,$32,$95,$3284,$32,$105,$0,$335,$3619,$50,$4,$-59,$-56,$0,$0,$-4,$2,$23,$17,$-4,$0,$306,$0,$26,$26,$-5,$322,$-166,$14,$-152,$0,$0,$-4,$-101,$-257,$82,$1,$-4
34,2010-03-31,32.06,$26.25,1.22,$21.15,1.52,$2.94,10.89,$4.28,7.49,$2.83B,$3.23B,0.87,$0.06B,$0.34B,0.19,$0.26B,$0.23B,86.74%,$0.26B,$0.09B,35.61%,$0.26B,0,0.00%,$0.26B,0,0.00%,$0.26B,$0.09B,34.09%,$0.26B,$0.06B,20.83%,$0.06B,$0.34B,18.64%,$0.06B,$0.27B,23.86%,$0.06B,$3.67B,1.84%,$0.09B,$0.40B,22.46%,$139,$9,$130,$0,$49,$58,$81,$-4,$77,$28,$49,$49,$49,$0,$0,$13,13,$3.89,$3.86,$238,$0,$0,$2827,$72,$311,$63,$393,$839,$3665,$3233,$63,$35,$98,$3330,$32,$107,$-1,$335,$3665,$49,$2,$-39,$-37,$5,$0,$-3,$-11,$-14,$-3,$-2,$0,$306,$0,$8,$8,$32,$344,$-163,$75,$-88,$0,$0,$-2,$-118,$-208,$133,$0,$-2
35,2009-12-31,23.85,$22.20,1.07,$14.10,1.69,$1.47,16.24,$0.75,31.8,$2.29B,$2.27B,1.01,$0.14B,$0.28B,0.51,$0.17B,$0.13B,77.51%,$0.17B,$0.02B,11.83%,$0.17B,0,0.00%,$0.17B,0,0.00%,$0.17B,$0.02B,11.83%,$0.17B,$0.01B,5.92%,$0.01B,$0.28B,3.46%,$0.01B,$0.22B,4.47%,$0.01B,$2.70B,0.36%,$0.02B,$0.43B,4.60%,$40,$7,$33,$0,$31,$38,$2,$0,$2,$1,$2,$2,$2,$0,$0,$12,12,$0.11,$0.11,$105,$0,$0,$2288,$72,$211,$63,$68,$414,$2702,$2267,$144,$9,$152,$2419,$32,$60,$-5,$283,$2702,$14,$7,$30,$37,$-1,$0,$-2,$-8,$-10,$40,$-6,$0,$0,$0,$8,$8,$92,$94,$-18,$-31,$-49,$30,$28,$-9,$-49,$-79,$55,$1,$-8
36,2009-09-30,24.05,$22.17,1.08,$15.03,1.6,$0.15,156.85,$0.95,25.31,$2.37B,$2.34B,1.01,$0.14B,$0.28B,0.51,$0.17B,$0.13B,74.57%,$0.17B,$0.02B,13.87%,$0.17B,0,0.00%,$0.17B,0,0.00%,$0.17B,$0.02B,13.87%,$0.17B,$0.01B,6.94%,$0.01B,$0.28B,4.29%,$0.01B,$0.22B,5.60%,$0.01B,$2.78B,0.43%,$0.02B,$0.43B,5.53%,$41,$9,$32,$0,$29,$37,$3,$0,$3,$1,$2,$2,$2,$0,$0,$13,13,$0.17,$0.17,$175,$0,$0,$2371,$73,$212,$66,$56,$406,$2777,$2339,$144,$12,$156,$2495,$32,$61,$-6,$282,$2777,$12,$5,$20,$25,$-4,$0,$0,$-1,$-4,$33,$-5,$0,$0,$0,$10,$10,$93,$98,$-18,$18,$0,$29,$28,$-7,$-26,$-5,$126,$1,$-6
37,2009-06-30,20.14,$22.03,0.91,$15.34,1.31,$-0.28,0.0,$0.79,25.5,$2.42B,$2.37B,1.02,$0.14B,$0.28B,0.52,$0.17B,$0.12B,70.83%,$0.17B,$0.02B,12.50%,$0.17B,0,0.00%,$0.17B,0,0.00%,$0.17B,$0.02B,12.50%,$0.17B,$0.01B,5.95%,$0.01B,$0.28B,3.79%,$0.01B,$0.21B,5.01%,$0.01B,$2.81B,0.36%,$0.02B,$0.42B,4.94%,$44,$10,$34,$0,$25,$35,$8,$0,$8,$3,$5,$5,$2,$0,$0,$12,12,$0.13,$0.13,$157,$0,$0,$2415,$73,$191,$66,$62,$393,$2807,$2368,$144,$15,$160,$2528,$32,$61,$-8,$280,$2807,$10,$3,$11,$14,$-38,$0,$0,$-2,$-40,$-16,$-5,$0,$0,$0,$31,$31,$71,$97,$-18,$-5,$-23,$29,$28,$-5,$27,$26,$108,$1,$-4
38,2009-03-31,17.64,$27.49,0.64,$16.21,1.09,$2.24,7.86,$1.26,14.0,$2.43B,$2.36B,1.03,$0.15B,$0.25B,0.61,$0.17B,$0.12B,68.42%,$0.17B,$0.02B,13.45%,$0.17B,0,0.00%,$0.17B,0,0.00%,$0.17B,$0.02B,13.45%,$0.17B,$0.01B,8.19%,$0.01B,$0.31B,5.62%,$0.01B,$0.25B,7.54%,$0.01B,$2.84B,0.50%,$0.02B,$0.46B,5.54%,$44,$11,$32,$0,$25,$37,$7,$0,$7,$2,$5,$5,$4,$0,$0,$11,11,$0.33,$0.33,$130,$0,$0,$2434,$74,$204,$66,$62,$406,$2840,$2358,$153,$18,$171,$2528,$28,$61,$-10,$311,$2840,$5,$1,$5,$7,$-28,$0,$0,$-1,$-29,$-18,$-3,$0,$0,$0,$17,$17,$19,$34,$-10,$13,$3,$-0,$64,$-2,$-1,$64,$80,$0,$-2
39,2008-12-31,28.92,$21.77,1.33,$17.03,1.7,$3.92,7.38,$1.51,19.15,$2.35B,$2.33B,1.01,$0.18B,$0.25B,0.73,$0.18B,$0.12B,65.71%,$0.18B,$0.03B,14.29%,$0.18B,0,0.00%,$0.18B,0,0.00%,$0.18B,$0.03B,14.29%,$0.18B,$0.02B,9.14%,$0.02B,$0.25B,7.06%,$0.02B,$0.18B,9.76%,$0.02B,$2.77B,0.58%,$0.03B,$0.42B,6.29%,$44,$13,$31,$0,$25,$38,$6,$0,$6,$2,$4,$4,$4,$0,$0,$10,10,$0.32,$0.33,$49,$0,$0,$2350,$66,$222,$63,$65,$417,$2767,$2326,$177,$19,$196,$2522,$28,$59,$-9,$245,$2767,$16,$5,$21,$26,$3,$0,$-2,$-13,$-11,$31,$-15,$0,$0,$0,$21,$21,$-239,$-233,$38,$-128,$-90,$28,$28,$-7,$225,$156,$-46,$1,$-7
40,2008-09-30,31.36,$21.47,1.46,$17.70,1.77,$5.21,6.02,$1.73,18.13,$2.34B,$2.36B,0.99,$0.17B,$0.22B,0.79,$0.18B,$0.11B,63.28%,$0.18B,$0.03B,15.82%,$0.18B,0,0.00%,$0.18B,0,0.00%,$0.18B,$0.03B,15.25%,$0.18B,$0.02B,9.60%,$0.02B,$0.22B,7.76%,$0.02B,$0.16B,10.85%,$0.02B,$2.77B,0.63%,$0.03B,$0.39B,7.34%,$36,$14,$22,$0,$22,$36,$0,$0,$0,$-0,$0,$0,$0,$0,$0,$10,10,$0.01,$0.01,$80,$0,$0,$2342,$64,$239,$63,$59,$425,$2767,$2363,$173,$11,$184,$2547,$26,$58,$-5,$220,$2767,$12,$4,$17,$20,$6,$0,$0,$-8,$-2,$30,$-12,$0,$0,$0,$4,$4,$-200,$-209,$33,$-76,$-43,$0,$0,$-5,$211,$163,$-15,$1,$-5
41,2008-06-30,23.7,$21.71,1.09,$19.05,1.24,$6.19,3.83,$2.33,10.17,$2.34B,$2.38B,0.98,$0.16B,$0.22B,0.72,$0.19B,$0.12B,63.44%,$0.19B,$0.04B,19.89%,$0.19B,0,0.00%,$0.19B,0,0.00%,$0.19B,$0.04B,19.35%,$0.19B,$0.02B,12.37%,$0.02B,$0.22B,11.07%,$0.02B,$0.16B,15.01%,$0.02B,$2.77B,0.89%,$0.04B,$0.38B,10.59%,$47,$15,$32,$0,$22,$37,$10,$0,$10,$4,$6,$6,$6,$0,$0,$10,10,$0.61,$0.60,$105,$0,$0,$2341,$58,$256,$63,$56,$433,$2774,$2380,$160,$13,$173,$2553,$26,$59,$-5,$221,$2774,$12,$2,$4,$6,$-2,$0,$0,$-4,$-6,$12,$-4,$0,$0,$0,$-3,$-3,$-165,$-172,$20,$23,$43,$0,$0,$-3,$129,$169,$9,$1,$-3
42,2008-03-31,27.91,$21.60,1.29,$19.25,1.45,$6.41,4.36,$2.33,11.98,$2.26B,$2.27B,1.0,$0.17B,$0.22B,0.79,$0.18B,$0.11B,61.75%,$0.18B,$0.04B,19.13%,$0.18B,0,0.00%,$0.18B,0,0.00%,$0.18B,$0.03B,18.58%,$0.18B,$0.02B,12.57%,$0.02B,$0.22B,11.79%,$0.02B,$0.16B,15.54%,$0.02B,$2.68B,0.94%,$0.04B,$0.39B,10.88%,$48,$18,$30,$0,$21,$39,$9,$0,$9,$3,$6,$6,$6,$0,$0,$10,10,$0.59,$0.58,$113,$0,$0,$2259,$56,$250,$62,$52,$420,$2678,$2268,$173,$16,$190,$2458,$25,$55,$-1,$220,$2678,$6,$1,$2,$3,$-11,$0,$0,$2,$-9,$0,$-2,$0,$0,$0,$9,$9,$-62,$-55,$33,$-48,$-15,$-0,$-0,$-2,$88,$72,$18,$0,$-2
43,2007-12-31,26.0,$21.17,1.23,$19.08,1.36,$6.16,4.22,$2.31,11.26,$2.17B,$2.22B,0.98,$0.14B,$0.22B,0.67,$0.18B,$0.11B,61.02%,$0.18B,$0.03B,19.21%,$0.18B,0,0.00%,$0.18B,0,0.00%,$0.18B,$0.03B,18.64%,$0.18B,$0.02B,12.43%,$0.02B,$0.22B,12.10%,$0.02B,$0.15B,15.49%,$0.02B,$2.60B,0.94%,$0.03B,$0.36B,11.32%,$46,$18,$28,$0,$19,$36,$9,$0,$8,$2,$5,$5,$5,$0,$0,$9,9,$0.54,$0.55,$95,$0,$0,$2169,$55,$258,$62,$53,$428,$2597,$2224,$144,$14,$158,$2382,$25,$50,$-1,$215,$2597,$22,$4,$5,$9,$6,$0,$-2,$1,$4,$34,$-8,$0,$-2,$0,$-14,$-14,$-168,$-193,$40,$89,$129,$1,$1,$-6,$52,$176,$17,$1,$-6
44,2007-09-30,28.21,$19.07,1.48,$18.06,1.56,$4.74,5.96,$2.28,12.35,$1.89B,$1.99B,0.95,$0.09B,$0.18B,0.51,$0.17B,$0.10B,59.88%,$0.17B,$0.03B,19.16%,$0.17B,0,0.00%,$0.17B,0,0.00%,$0.17B,$0.03B,19.16%,$0.17B,$0.02B,13.17%,$0.02B,$0.18B,13.06%,$0.02B,$0.14B,16.15%,$0.02B,$2.27B,0.98%,$0.03B,$0.26B,11.70%,$45,$17,$28,$0,$19,$36,$9,$0,$9,$3,$6,$6,$6,$0,$0,$9,9,$0.61,$0.61,$60,$0,$0,$1893,$53,$243,$32,$47,$375,$2267,$1986,$89,$17,$105,$2092,$23,$47,$-3,$175,$2267,$16,$3,$3,$6,$9,$0,$0,$-1,$9,$32,$-6,$0,$0,$0,$-31,$-31,$-83,$-120,$-0,$-32,$-32,$0,$0,$-5,$107,$71,$-18,$1,$-5
45,2007-06-30,29.56,$18.47,1.6,$17.61,1.68,$2.77,10.66,$2.25,13.16,$1.91B,$1.98B,0.96,$0.10B,$0.17B,0.59,$0.16B,$0.10B,60.74%,$0.16B,$0.03B,19.02%,$0.16B,0,0.00%,$0.16B,0,0.00%,$0.16B,$0.03B,19.02%,$0.16B,$0.02B,12.88%,$0.02B,$0.17B,12.75%,$0.02B,$0.14B,15.85%,$0.02B,$2.28B,0.95%,$0.03B,$0.27B,10.96%,$44,$17,$27,$0,$18,$35,$8,$0,$8,$3,$6,$6,$6,$0,$0,$9,9,$0.61,$0.60,$98,$0,$0,$1909,$51,$235,$32,$48,$366,$2275,$1984,$101,$20,$121,$2105,$23,$43,$-4,$170,$2275,$11,$2,$2,$4,$-5,$0,$0,$3,$-2,$13,$-4,$0,$0,$0,$-25,$-25,$-46,$-75,$10,$-2,$8,$0,$0,$-3,$77,$82,$20,$1,$-3
46,2007-03-31,29.31,$18.14,1.62,$17.10,1.71,$1.11,26.49,$2.19,13.39,$1.89B,$1.92B,0.99,$0.14B,$0.17B,0.84,$0.16B,$0.10B,62.03%,$0.16B,$0.03B,19.62%,$0.16B,0,0.00%,$0.16B,0,0.00%,$0.16B,$0.03B,19.62%,$0.16B,$0.02B,12.66%,$0.02B,$0.17B,12.42%,$0.02B,$0.13B,15.56%,$0.02B,$2.24B,0.93%,$0.03B,$0.31B,10.73%,$42,$17,$25,$0,$18,$34,$8,$0,$8,$2,$5,$5,$5,$0,$0,$9,9,$0.57,$0.56,$100,$0,$0,$1894,$50,$220,$32,$46,$348,$2243,$1918,$140,$18,$158,$2076,$23,$39,$-3,$167,$2243,$5,$1,$1,$2,$-11,$0,$0,$1,$-9,$-2,$-2,$0,$0,$0,$-8,$-8,$-23,$-33,$50,$-2,$48,$-0,$-0,$-2,$10,$56,$22,$0,$-2
47,2006-12-31,33.58,$18.57,1.81,$16.47,2.04,$1.16,28.95,$2.15,15.6,$1.84B,$1.91B,0.96,$0.09B,$0.16B,0.56,$0.15B,$0.10B,63.82%,$0.15B,$0.03B,19.74%,$0.15B,0,0.00%,$0.15B,0,0.00%,$0.15B,$0.03B,19.74%,$0.15B,$0.02B,13.16%,$0.02B,$0.16B,12.72%,$0.02B,$0.13B,16.00%,$0.02B,$2.18B,0.95%,$0.03B,$0.25B,10.56%,$36,$16,$20,$0,$13,$29,$7,$0,$7,$3,$5,$5,$5,$0,$0,$9,9,$0.51,$0.52,$78,$0,$0,$1840,$49,$210,$32,$47,$339,$2178,$1910,$90,$16,$107,$2017,$22,$52,$-4,$162,$2178,$20,$3,$6,$9,$-13,$0,$5,$0,$-8,$21,$-8,$0,$0,$0,$-27,$-27,$-238,$-273,$-53,$52,$-1,$1,$1,$-6,$233,$227,$-25,$1,$-6
