,Date,Stock Price,Book Value per Share,Price to Book Ratio,TTM Sales per Share,Price to Sales Ratio,TTM FCF per Share,Price to FCF Ratio,TTM Net EPS,PE Ratio,Current Assets,Current Liabilities,Current Ratio,Long Term Debt,Shareholder's Equity_x,Debt to Equity Ratio,TTM Revenue_x,TTM Gross Profit,Gross Margin,TTM Revenue_y,TTM Operating Income,Operating Margin,TTM Revenue_x,TTM EBIT,EBIT Margin,TTM Revenue_y,TTM EBITDA,EBITDA Margin,TTM Revenue_x,TTM Pre-Tax Income,Pre-Tax Margin,TTM Revenue_y,TTM Net Income_x,Net Margin,TTM Net Income_y,Shareholder's Equity_y,Return on Equity,TTM Net Income_x,Tangible Equity,Return on Tangible Equity,TTM Net Income_y,Total Assets,Return on Assets,TTM Net Income,LT Investments & Debt,Return on Investment,revenue,cost-goods-sold,gross-profit,research-development-expenses,selling-general-administrative-expenses,operating-expenses,operating-income,total-non-operating-income-expense,pre-tax-income,total-provision-income-taxes,income-after-taxes,income-from-continuous-operations,net-income,ebitda,ebit,basic-shares-outstanding,shares-outstanding,eps-basic-net-earnings-per-share,eps-earnings-per-share-diluted,cash-on-hand,inventory,other-current-assets,total-current-assets,net-property-plant-equipment,long-term-investments,goodwill-intangible-assets-total,other-long-term-assets,total-long-term-assets,total-assets,total-current-liabilities,long-term-debt,other-non-current-liabilities,total-long-term-liabilities,total-liabilities,common-stock-net,retained-earnings-accumulated-deficit,comprehensive-income,total-share-holder-equity,total-liabilities-share-holders-equity,net-income-loss,total-depreciation-amortization-cash-flow,other-non-cash-items,total-non-cash-items,change-in-accounts-receivable,change-in-inventories,change-in-accounts-payable,change-in-assets-liabilities,total-change-in-assets-liabilities,cash-flow-from-operating-activities,net-change-in-property-plant-equipment,net-change-in-intangible-assets,net-acquisitions-divestitures,net-change-in-short-term-investments,net-change-in-long-term-investments,net-change-in-investments-total,investing-activities-other,cash-flow-from-investing-activities,net-long-term-debt,net-current-debt,debt-issuance-retirement-net-total,net-common-equity-issued-repurchased,net-total-equity-issued-repurchased,total-common-preferred-stock-dividends-paid,financial-activities-other,cash-flow-from-financial-activities,net-cash-flow,stock-based-compensation,common-stock-dividends-paid
0,2018-09-30,10.6,$8.98,1.18,$4.53,2.34,$2.06,5.16,$0.74,14.32,$0.74B,$0.79B,0.93,$0.08B,$0.08B,1.03,$0.04B,$0.03B,84.21%,$0.04B,$0.01B,28.95%,$0.04B,0,0.00%,$0.04B,0,0.00%,$0.04B,$0.01B,28.95%,$0.04B,$0.01B,15.79%,$0.01B,$0.08B,7.95%,$0.01B,$0.08B,7.95%,$0.01B,$0.95B,0.64%,$0.01B,$0.16B,7.48%,$10,$2,$8,$0,$5,$7,$3,$0,$3,$1,$2,$2,$2,$0,$0,$9,9,$0.25,$0.25,$11,$0,$0,$735,$7,$179,$0,$27,$214,$948,$790,$80,$0,$80,$870,$61,$20,$-3,$78,$948,$6,$1,$1,$2,$0,$0,$-0,$-3,$-3,$5,$-0,$0,$0,$-3,$-10,$-13,$-17,$-30,$-21,$14,$-7,$0,$0,$-1,$22,$15,$-10,$0,$-1
1,2018-06-30,11.62,$8.78,1.32,$4.44,2.62,$2.15,5.41,$0.68,17.08,$0.73B,$0.80B,0.92,$0.07B,$0.08B,0.92,$0.04B,$0.03B,86.49%,$0.04B,$0.01B,29.73%,$0.04B,0,0.00%,$0.04B,0,0.00%,$0.04B,$0.01B,29.73%,$0.04B,$0.01B,16.22%,$0.01B,$0.08B,8.05%,$0.01B,$0.08B,8.05%,$0.01B,$0.94B,0.65%,$0.01B,$0.15B,7.38%,$10,$2,$8,$0,$5,$7,$3,$0,$3,$1,$2,$2,$2,$0,$0,$9,9,$0.27,$0.27,$14,$0,$0,$730,$7,$174,$0,$31,$212,$942,$795,$70,$0,$70,$865,$61,$18,$-2,$76,$942,$4,$1,$-1,$-0,$-0,$0,$-0,$-1,$-1,$3,$-0,$0,$1,$-5,$-6,$-11,$-10,$-21,$-21,$4,$-17,$0,$0,$-1,$28,$10,$-8,$0,$-1
2,2018-03-31,10.94,$8.57,1.28,$4.39,2.49,$2.29,4.79,$0.57,19.2,$0.72B,$0.80B,0.91,$0.05B,$0.07B,0.66,$0.04B,$0.03B,86.11%,$0.04B,$0.01B,27.78%,$0.04B,0,0.00%,$0.04B,0,0.00%,$0.04B,$0.01B,27.78%,$0.04B,$0.01B,13.89%,$0.01B,$0.07B,6.78%,$0.01B,$0.07B,6.78%,$0.01B,$0.92B,0.54%,$0.01B,$0.12B,6.49%,$9,$2,$8,$0,$5,$7,$2,$0,$2,$1,$2,$2,$2,$0,$0,$9,9,$0.21,$0.21,$22,$0,$0,$724,$7,$161,$0,$30,$199,$922,$799,$49,$0,$49,$848,$61,$15,$-2,$74,$922,$2,$0,$-0,$0,$0,$0,$-0,$0,$0,$2,$-0,$0,$1,$1,$1,$2,$4,$6,$-15,$0,$-15,$0,$0,$-0,$8,$-7,$1,$0,$-0
3,2017-12-31,10.17,$8.51,1.19,$4.66,2.18,$2.33,4.36,$0.52,19.55,$0.73B,$0.77B,0.95,$0.09B,$0.07B,1.18,$0.04B,$0.03B,85.71%,$0.04B,$0.01B,28.57%,$0.04B,0,0.00%,$0.04B,0,0.00%,$0.04B,$0.01B,28.57%,$0.04B,$0.00B,11.43%,$0.00B,$0.07B,5.86%,$0.00B,$0.07B,5.86%,$0.00B,$0.93B,0.44%,$0.01B,$0.16B,6.55%,$9,$2,$8,$0,$5,$7,$3,$0,$3,$2,$0,$0,$0,$0,$0,$8,8,$-0.01,$-0.01,$21,$0,$0,$727,$7,$169,$0,$26,$202,$929,$768,$87,$0,$87,$855,$61,$14,$-1,$74,$929,$4,$1,$2,$3,$-0,$0,$0,$1,$1,$9,$-0,$0,$-0,$-15,$-0,$-15,$-111,$-127,$10,$-5,$5,$19,$19,$-1,$105,$128,$10,$0,$-1
4,2017-09-30,9.69,$8.57,1.13,$4.78,2.03,$2.39,4.06,$0.73,13.28,$0.70B,$0.75B,0.95,$0.09B,$0.07B,1.24,$0.03B,$0.03B,85.29%,$0.03B,$0.01B,26.47%,$0.03B,0,0.00%,$0.03B,0,0.00%,$0.03B,$0.01B,26.47%,$0.03B,$0.01B,14.71%,$0.01B,$0.07B,8.00%,$0.01B,$0.07B,8.00%,$0.01B,$0.91B,0.58%,$0.01B,$0.17B,6.16%,$9,$2,$8,$0,$5,$7,$3,$0,$3,$1,$2,$2,$2,$0,$0,$9,9,$0.19,$0.19,$17,$0,$0,$703,$7,$173,$0,$28,$207,$911,$745,$92,$0,$92,$837,$61,$14,$-1,$74,$911,$4,$1,$0,$1,$-0,$0,$-0,$1,$0,$5,$-0,$0,$-0,$-17,$-1,$-18,$-92,$-110,$15,$-5,$10,$19,$19,$-1,$82,$110,$6,$0,$-1
5,2017-06-30,9.27,$8.39,1.1,$4.94,1.88,$2.42,3.82,$0.71,13.05,$0.71B,$0.75B,0.94,$0.09B,$0.07B,1.29,$0.03B,$0.03B,84.38%,$0.03B,$0.01B,25.00%,$0.03B,0,0.00%,$0.03B,0,0.00%,$0.03B,$0.01B,25.00%,$0.03B,$0.00B,12.50%,$0.00B,$0.07B,7.02%,$0.00B,$0.07B,7.02%,$0.00B,$0.91B,0.48%,$0.01B,$0.17B,6.06%,$9,$1,$7,$0,$5,$7,$2,$0,$2,$1,$1,$1,$1,$0,$0,$8,8,$0.16,$0.16,$19,$0,$0,$705,$7,$174,$0,$28,$208,$913,$747,$94,$0,$94,$841,$61,$13,$-1,$73,$913,$2,$1,$0,$1,$0,$0,$0,$-0,$0,$3,$0,$0,$-2,$-17,$0,$-17,$-92,$-110,$20,$15,$35,$19,$19,$-0,$62,$115,$8,$0,$-0
6,2017-03-31,8.41,$8.55,0.98,$5.14,1.64,$2.58,3.26,$0.77,10.92,$0.66B,$0.73B,0.91,$0.07B,$0.05B,1.24,$0.03B,$0.03B,87.10%,$0.03B,$0.01B,25.81%,$0.03B,0,0.00%,$0.03B,0,0.00%,$0.03B,$0.01B,25.81%,$0.03B,$0.00B,12.90%,$0.00B,$0.05B,7.77%,$0.00B,$0.05B,7.77%,$0.00B,$0.84B,0.51%,$0.01B,$0.12B,6.72%,$8,$1,$7,$0,$5,$7,$2,$0,$2,$1,$1,$1,$1,$0,$0,$6,6,$0.16,$0.16,$13,$0,$0,$661,$7,$152,$0,$24,$183,$844,$727,$65,$0,$65,$792,$42,$12,$-1,$52,$844,$1,$0,$0,$0,$1,$0,$0,$-0,$0,$2,$-0,$0,$-0,$3,$-0,$3,$-51,$-48,$-5,$11,$6,$0,$0,$-0,$42,$48,$1,$0,$-0
7,2016-12-31,9.6,$8.40,1.14,$4.99,1.92,$2.55,3.76,$0.77,12.47,$0.61B,$0.66B,0.92,$0.08B,$0.05B,1.61,$0.03B,$0.03B,86.67%,$0.03B,$0.01B,26.67%,$0.03B,0,0.00%,$0.03B,0,0.00%,$0.03B,$0.01B,26.67%,$0.03B,$0.00B,13.33%,$0.00B,$0.05B,7.88%,$0.00B,$0.05B,7.88%,$0.00B,$0.80B,0.53%,$0.01B,$0.13B,6.81%,$8,$1,$7,$0,$5,$6,$2,$0,$2,$1,$1,$1,$1,$0,$0,$6,6,$0.23,$0.23,$12,$0,$0,$611,$7,$154,$0,$24,$185,$796,$662,$82,$0,$82,$744,$42,$11,$-1,$51,$796,$5,$1,$-1,$1,$1,$0,$0,$-0,$1,$6,$1,$0,$-1,$-7,$8,$2,$-80,$-78,$8,$11,$19,$0,$0,$-1,$54,$73,$1,$0,$-1
8,2016-09-30,7.69,$8.43,0.91,$4.93,1.56,$1.80,4.28,$0.72,10.69,$0.57B,$0.65B,0.88,$0.06B,$0.05B,1.13,$0.03B,$0.03B,86.21%,$0.03B,$0.01B,27.59%,$0.03B,0,0.00%,$0.03B,0,0.00%,$0.03B,$0.01B,27.59%,$0.03B,$0.00B,13.79%,$0.00B,$0.05B,8.00%,$0.00B,$0.05B,8.00%,$0.00B,$0.76B,0.54%,$0.01B,$0.11B,7.16%,$7,$1,$6,$0,$5,$6,$2,$0,$2,$1,$1,$1,$1,$0,$0,$6,6,$0.17,$0.17,$21,$0,$0,$567,$7,$160,$0,$24,$191,$758,$648,$58,$0,$58,$706,$42,$10,$0,$52,$758,$3,$1,$-1,$0,$1,$0,$-0,$-0,$1,$4,$0,$0,$0,$-13,$10,$-3,$-27,$-30,$-5,$0,$-5,$0,$0,$-0,$41,$36,$10,$0,$-0
9,2016-06-30,6.26,$8.29,0.75,$4.89,1.28,$1.24,5.03,$0.70,8.94,$0.55B,$0.63B,0.87,$0.06B,$0.05B,1.25,$0.03B,$0.03B,86.21%,$0.03B,$0.01B,27.59%,$0.03B,0,0.00%,$0.03B,0,0.00%,$0.03B,$0.01B,27.59%,$0.03B,$0.00B,13.79%,$0.00B,$0.05B,8.21%,$0.00B,$0.05B,8.21%,$0.00B,$0.74B,0.55%,$0.01B,$0.11B,7.00%,$8,$1,$7,$0,$5,$6,$2,$0,$2,$1,$1,$1,$1,$0,$0,$6,6,$0.22,$0.22,$14,$0,$0,$546,$7,$167,$0,$23,$197,$743,$629,$63,$0,$63,$692,$42,$9,$0,$51,$743,$2,$1,$-1,$-0,$1,$0,$-0,$0,$1,$3,$0,$0,$-0,$-4,$-5,$-9,$-13,$-22,$0,$0,$0,$0,$0,$-0,$22,$21,$3,$0,$-0
10,2016-03-31,5.59,$8.05,0.69,$4.81,1.16,$0.67,8.38,$0.65,8.59,$0.54B,$0.61B,0.87,$0.06B,$0.05B,1.29,$0.03B,$0.02B,85.71%,$0.03B,$0.01B,28.57%,$0.03B,0,0.00%,$0.03B,0,0.00%,$0.03B,$0.01B,28.57%,$0.03B,$0.00B,14.29%,$0.00B,$0.05B,7.80%,$0.00B,$0.05B,7.80%,$0.00B,$0.73B,0.56%,$0.01B,$0.11B,7.02%,$7,$1,$6,$0,$5,$6,$2,$0,$2,$1,$1,$1,$1,$0,$0,$6,6,$0.16,$0.16,$13,$0,$0,$536,$7,$163,$0,$22,$191,$727,$614,$63,$0,$63,$677,$42,$8,$-0,$49,$727,$1,$0,$-0,$0,$1,$0,$-0,$-0,$0,$1,$-0,$0,$0,$-3,$-2,$-5,$-2,$-7,$0,$0,$0,$0,$0,$-0,$8,$8,$2,$0,$-0
11,2015-12-31,5.81,$7.82,0.74,$4.79,1.21,$0.37,15.76,$0.61,9.52,$0.53B,$0.61B,0.88,$0.06B,$0.05B,1.33,$0.03B,$0.02B,85.71%,$0.03B,$0.01B,25.00%,$0.03B,0,0.00%,$0.03B,0,0.00%,$0.03B,$0.01B,25.00%,$0.03B,$0.00B,14.29%,$0.00B,$0.05B,7.41%,$0.00B,$0.05B,7.41%,$0.00B,$0.72B,0.57%,$0.01B,$0.11B,6.07%,$7,$1,$6,$0,$5,$6,$2,$0,$2,$1,$1,$1,$1,$0,$0,$6,6,$0.18,$0.18,$11,$0,$0,$532,$7,$157,$0,$22,$186,$718,$607,$63,$0,$63,$670,$41,$7,$-1,$48,$718,$4,$1,$-1,$0,$-1,$0,$0,$-2,$-3,$1,$1,$0,$1,$31,$-6,$25,$-49,$-22,$16,$-27,$-11,$0,$-15,$-1,$48,$22,$1,$0,$-0
12,2015-09-30,5.62,$7.72,0.73,$4.81,1.17,$1.65,3.39,$0.63,8.91,$0.53B,$0.59B,0.9,$0.07B,$0.05B,1.55,$0.03B,$0.03B,86.21%,$0.03B,$0.01B,24.14%,$0.03B,0,0.00%,$0.03B,0,0.00%,$0.03B,$0.01B,24.14%,$0.03B,$0.00B,13.79%,$0.00B,$0.05B,7.05%,$0.00B,$0.05B,7.05%,$0.00B,$0.71B,0.57%,$0.01B,$0.12B,5.80%,$7,$1,$6,$0,$5,$6,$2,$0,$2,$1,$1,$1,$1,$0,$0,$6,6,$0.15,$0.15,$16,$0,$0,$529,$7,$150,$0,$22,$179,$708,$588,$73,$0,$73,$661,$41,$6,$-0,$47,$708,$3,$1,$-1,$-0,$-1,$0,$0,$-2,$-3,$0,$1,$0,$1,$38,$-5,$33,$-41,$-7,$16,$-17,$-1,$0,$-15,$-1,$29,$12,$6,$0,$-0
13,2015-06-30,5.77,$9.99,0.58,$4.75,1.21,$2.77,2.09,$0.54,10.69,$0.52B,$0.59B,0.89,$0.05B,$0.05B,1.14,$0.03B,$0.03B,86.21%,$0.03B,$0.01B,20.69%,$0.03B,0,0.00%,$0.03B,0,0.00%,$0.03B,$0.01B,20.69%,$0.03B,$0.00B,10.34%,$0.00B,$0.06B,5.06%,$0.00B,$0.06B,5.06%,$0.00B,$0.70B,0.44%,$0.01B,$0.11B,5.06%,$7,$1,$6,$0,$5,$5,$2,$0,$2,$1,$1,$1,$1,$0,$0,$6,6,$0.17,$0.17,$20,$0,$0,$521,$7,$152,$0,$21,$180,$701,$588,$52,$0,$52,$640,$41,$5,$-1,$61,$701,$2,$1,$-1,$-0,$-1,$0,$0,$-1,$-3,$-1,$1,$0,$1,$34,$-3,$31,$-29,$3,$0,$-22,$-22,$0,$0,$-1,$30,$7,$10,$0,$-0
14,2015-03-31,5.48,$9.88,0.55,$4.73,1.16,$3.52,1.56,$0.46,11.92,$0.50B,$0.57B,0.89,$0.06B,$0.05B,1.27,$0.03B,$0.03B,86.21%,$0.03B,$0.01B,17.24%,$0.03B,0,0.00%,$0.03B,0,0.00%,$0.03B,$0.01B,17.24%,$0.03B,$0.00B,10.34%,$0.00B,$0.06B,5.15%,$0.00B,$0.06B,5.15%,$0.00B,$0.69B,0.44%,$0.01B,$0.12B,4.39%,$7,$1,$6,$0,$5,$6,$1,$0,$1,$0,$1,$1,$1,$0,$0,$6,6,$0.12,$0.12,$21,$0,$0,$504,$7,$153,$0,$21,$182,$686,$568,$57,$0,$57,$626,$41,$4,$-0,$60,$686,$1,$0,$-1,$-1,$-1,$0,$-0,$-0,$-1,$-1,$0,$0,$1,$31,$-1,$30,$-13,$19,$-17,$0,$-17,$0,$0,$-0,$10,$-7,$11,$0,$-0
15,2014-12-31,4.63,$9.77,0.47,$4.65,0.99,$4.13,1.12,$0.40,11.57,$0.48B,$0.56B,0.86,$0.07B,$0.04B,1.68,$0.03B,$0.03B,86.21%,$0.03B,$0.01B,17.24%,$0.03B,0,0.00%,$0.03B,0,0.00%,$0.03B,$0.01B,17.24%,$0.03B,$0.00B,6.90%,$0.00B,$0.06B,3.51%,$0.00B,$0.06B,3.51%,$0.00B,$0.69B,0.29%,$0.01B,$0.13B,4.69%,$8,$1,$7,$0,$5,$6,$2,$0,$2,$1,$1,$1,$1,$0,$0,$6,6,$0.19,$0.19,$10,$0,$0,$480,$7,$184,$0,$23,$214,$694,$561,$74,$0,$74,$635,$41,$4,$-1,$59,$694,$3,$1,$1,$2,$3,$0,$-0,$2,$4,$9,$0,$0,$-2,$23,$-5,$18,$-46,$-29,$15,$19,$34,$0,$0,$-1,$-21,$12,$-7,$0,$-0
16,2014-09-30,4.2,$9.50,0.44,$4.59,0.92,$5.02,0.84,$0.29,14.48,$0.45B,$0.56B,0.8,$0.05B,$0.04B,1.28,$0.03B,$0.02B,85.71%,$0.03B,$0.00B,14.29%,$0.03B,0,0.00%,$0.03B,0,0.00%,$0.03B,$0.00B,14.29%,$0.03B,$0.00B,3.57%,$0.00B,$0.06B,1.79%,$0.00B,$0.06B,1.79%,$0.00B,$0.67B,0.15%,$0.00B,$0.11B,4.22%,$7,$1,$6,$0,$5,$6,$1,$0,$1,$0,$1,$1,$0,$0,$0,$6,6,$0.06,$0.06,$11,$0,$0,$446,$7,$195,$0,$25,$227,$673,$561,$54,$0,$54,$615,$41,$3,$-2,$57,$673,$2,$1,$0,$1,$2,$0,$-0,$2,$5,$8,$-1,$0,$-1,$7,$-3,$5,$-11,$-8,$5,$10,$15,$0,$0,$-1,$-21,$-7,$-7,$0,$-0
17,2014-06-30,4.25,$9.46,0.45,$4.72,0.9,$5.36,0.79,$0.29,14.64,$0.44B,$0.58B,0.76,$0.04B,$0.04B,0.91,$0.03B,$0.03B,86.21%,$0.03B,$0.00B,13.79%,$0.03B,0,0.00%,$0.03B,0,0.00%,$0.03B,$0.00B,13.79%,$0.03B,$0.00B,3.45%,$0.00B,$0.06B,1.82%,$0.00B,$0.06B,1.82%,$0.00B,$0.67B,0.15%,$0.00B,$0.10B,4.32%,$7,$1,$6,$0,$5,$6,$1,$0,$1,$0,$1,$1,$1,$0,$0,$6,6,$0.09,$0.09,$15,$0,$0,$440,$6,$201,$0,$24,$231,$672,$576,$38,$0,$38,$615,$41,$2,$-2,$57,$672,$1,$1,$0,$1,$2,$0,$-0,$0,$3,$5,$-0,$0,$-0,$3,$-4,$-1,$-1,$-2,$0,$6,$6,$0,$0,$-0,$-11,$-5,$-3,$0,$-0
18,2014-03-31,4.88,$9.19,0.53,$4.84,1.01,$5.55,0.88,$0.26,18.76,$0.44B,$0.59B,0.76,$0.03B,$0.04B,0.8,$0.03B,$0.03B,86.67%,$0.03B,$0.00B,13.33%,$0.03B,0,0.00%,$0.03B,0,0.00%,$0.03B,$0.00B,13.33%,$0.03B,0,0.00%,$0.00B,$0.06B,0.00%,$0.00B,$0.06B,0.00%,$0.00B,$0.67B,0.00%,$0.00B,$0.09B,4.42%,$7,$1,$6,$0,$5,$6,$1,$0,$1,$0,$1,$1,$0,$0,$0,$6,6,$0.06,$0.06,$27,$0,$0,$443,$6,$199,$0,$25,$230,$673,$585,$32,$0,$32,$617,$41,$2,$-3,$55,$673,$1,$0,$0,$1,$3,$0,$-0,$0,$3,$4,$-0,$0,$0,$-2,$1,$-1,$9,$8,$0,$0,$0,$0,$0,$-0,$-2,$-2,$10,$0,$-0
19,2013-12-31,4.56,$9.05,0.5,$5.14,0.89,$5.26,0.87,$0.31,14.7,$0.45B,$0.59B,0.76,$0.03B,$0.04B,0.83,$0.03B,$0.03B,87.10%,$0.03B,$0.00B,12.90%,$0.03B,0,0.00%,$0.03B,0,0.00%,$0.03B,$0.00B,12.90%,$0.03B,$0.00B,3.23%,$0.00B,$0.05B,1.83%,$0.00B,$0.05B,1.83%,$0.00B,$0.67B,0.15%,$0.00B,$0.09B,4.40%,$7,$1,$6,$0,$5,$6,$1,$0,$1,$0,$1,$1,$0,$0,$0,$6,6,$0.08,$0.08,$17,$0,$0,$447,$6,$197,$0,$25,$227,$674,$588,$32,$0,$32,$620,$41,$2,$-4,$54,$674,$2,$2,$4,$6,$4,$0,$-0,$2,$6,$14,$1,$0,$0,$-2,$4,$2,$-7,$-4,$0,$-0,$-0,$0,$0,$-1,$-13,$-13,$-4,$0,$-0
20,2013-09-30,5.02,$9.14,0.55,$5.40,0.93,$6.13,0.82,$0.16,31.35,$0.45B,$0.59B,0.76,$0.05B,$0.04B,1.2,$0.03B,$0.03B,84.85%,$0.03B,$0.00B,6.06%,$0.03B,0,0.00%,$0.03B,0,0.00%,$0.03B,$0.00B,6.06%,$0.03B,$0.00B,3.03%,$0.00B,$0.05B,1.81%,$0.00B,$0.05B,1.81%,$0.00B,$0.69B,0.14%,$0.00B,$0.10B,2.18%,$8,$1,$7,$0,$6,$7,$1,$0,$1,$0,$1,$1,$0,$0,$0,$6,6,$0.06,$0.06,$15,$0,$0,$447,$6,$212,$0,$24,$242,$689,$588,$47,$0,$47,$635,$41,$1,$-3,$54,$689,$2,$1,$3,$4,$0,$0,$-0,$2,$2,$8,$1,$0,$-1,$-15,$3,$-12,$-5,$-16,$0,$16,$16,$0,$0,$-1,$-13,$2,$-6,$0,$-0
21,2013-06-30,4.96,$9.15,0.54,$5.62,0.88,$7.31,0.68,$0.14,35.4,$0.45B,$0.60B,0.75,$0.03B,$0.04B,0.82,$0.03B,$0.03B,85.29%,$0.03B,$0.00B,2.94%,$0.03B,0,0.00%,$0.03B,0,0.00%,$0.03B,$0.00B,2.94%,$0.03B,$0.00B,2.94%,$0.00B,$0.05B,1.78%,$0.00B,$0.05B,1.78%,$0.00B,$0.69B,0.15%,$0.00B,$0.09B,1.13%,$8,$1,$7,$0,$6,$7,$1,$0,$1,$0,$0,$0,$0,$0,$0,$6,6,$0.06,$0.06,$14,$0,$0,$450,$6,$212,$0,$21,$239,$689,$602,$32,$0,$32,$635,$41,$1,$-3,$54,$689,$1,$1,$2,$3,$-1,$0,$-0,$2,$1,$5,$0,$0,$0,$-13,$2,$-11,$-3,$-14,$0,$0,$0,$0,$0,$-0,$2,$2,$-7,$0,$-0
22,2013-03-31,5.1,$9.55,0.53,$5.80,0.88,$8.12,0.63,$0.02,254.96,$0.46B,$0.61B,0.76,$0.03B,$0.04B,0.77,$0.04B,$0.03B,82.86%,$0.04B,0,0.00%,$0.04B,0,0.00%,$0.04B,0,0.00%,$0.04B,0,0.00%,$0.04B,$0.00B,2.86%,$0.00B,$0.06B,1.75%,$0.00B,$0.06B,1.75%,$0.00B,$0.69B,0.14%,$0.00B,$0.09B,0.00%,$8,$1,$7,$0,$7,$8,$1,$0,$1,$-0,$1,$1,$1,$0,$0,$6,6,$0.11,$0.11,$26,$0,$0,$461,$6,$206,$0,$22,$233,$694,$605,$32,$0,$32,$637,$41,$1,$0,$57,$694,$1,$0,$1,$2,$-1,$0,$-0,$-0,$-1,$1,$0,$0,$0,$-2,$1,$-1,$-1,$-1,$0,$0,$0,$0,$0,$-0,$5,$5,$5,$0,$-0
23,2012-12-31,3.71,$9.51,0.39,$5.94,0.62,$9.16,0.4,$0.03,123.59,$0.45B,$0.60B,0.76,$0.03B,$0.04B,0.78,$0.04B,$0.03B,83.33%,$0.04B,0,0.00%,$0.04B,0,0.00%,$0.04B,0,0.00%,$0.04B,0,0.00%,$0.04B,$0.00B,2.78%,$0.00B,$0.06B,1.74%,$0.00B,$0.06B,1.74%,$0.00B,$0.69B,0.14%,$0.00B,$0.09B,0.00%,$9,$1,$7,$0,$8,$9,$-1,$0,$-1,$-0,$-0,$-0,$-0,$0,$0,$6,6,$-0.07,$-0.07,$21,$0,$0,$454,$6,$207,$0,$22,$234,$688,$600,$32,$0,$32,$632,$41,$0,$0,$56,$688,$1,$2,$7,$10,$4,$0,$-0,$-1,$3,$13,$7,$0,$0,$-5,$9,$4,$2,$14,$0,$-15,$-15,$0,$0,$-1,$-3,$-19,$7,$0,$-1
24,2012-09-30,3.91,$9.78,0.4,$6.12,0.64,$8.53,0.46,$-0.07,0.0,$0.45B,$0.59B,0.75,$0.03B,$0.04B,0.75,$0.04B,$0.03B,83.78%,$0.04B,$-0.01B,-18.92%,$0.04B,0,0.00%,$0.04B,0,0.00%,$0.04B,$-0.00B,-2.70%,$0.04B,0,0.00%,$0.00B,$0.06B,0.00%,$0.00B,$0.06B,0.00%,$0.00B,$0.68B,0.00%,$-0.01B,$0.09B,-7.55%,$9,$1,$8,$0,$7,$8,$0,$0,$0,$0,$0,$0,$0,$0,$0,$6,6,$0.04,$0.04,$17,$0,$0,$446,$6,$208,$0,$24,$238,$684,$594,$32,$0,$32,$626,$41,$1,$2,$58,$684,$1,$2,$5,$7,$4,$0,$-0,$-1,$3,$11,$5,$0,$0,$-3,$6,$4,$10,$19,$-3,$-12,$-15,$0,$0,$-1,$-10,$-26,$4,$0,$-1
25,2012-06-30,4.22,$9.80,0.43,$6.23,0.68,$8.53,0.5,$-0.05,0.0,$0.47B,$0.61B,0.76,$0.03B,$0.04B,0.75,$0.04B,$0.03B,83.78%,$0.04B,$-0.01B,-16.22%,$0.04B,0,0.00%,$0.04B,0,0.00%,$0.04B,0,0.00%,$0.04B,0,0.00%,$0.00B,$0.06B,0.00%,$0.00B,$0.06B,0.00%,$0.00B,$0.70B,0.00%,$-0.01B,$0.09B,-8.54%,$9,$1,$7,$0,$8,$9,$-0,$0,$-0,$-0,$-0,$-0,$-0,$0,$0,$6,6,$-0.06,$-0.06,$25,$0,$0,$465,$6,$208,$0,$22,$236,$700,$610,$32,$0,$32,$642,$41,$1,$2,$58,$700,$0,$1,$4,$5,$2,$0,$-0,$-1,$1,$6,$5,$0,$0,$-2,$5,$4,$6,$14,$-3,$-5,$-8,$0,$0,$-1,$-0,$-8,$12,$0,$-1
26,2012-03-31,4.38,$9.85,0.44,$6.31,0.69,$9.38,0.47,$0.09,48.67,$0.47B,$0.62B,0.76,$0.04B,$0.04B,0.82,$0.04B,$0.03B,83.78%,$0.04B,$-0.01B,-13.51%,$0.04B,0,0.00%,$0.04B,0,0.00%,$0.04B,$0.00B,2.70%,$0.04B,0,0.00%,$0.00B,$0.06B,0.00%,$0.00B,$0.06B,0.00%,$0.00B,$0.71B,0.00%,$-0.01B,$0.09B,-7.02%,$9,$1,$8,$0,$7,$8,$1,$0,$1,$0,$1,$1,$1,$0,$0,$6,6,$0.12,$0.12,$24,$0,$0,$469,$6,$214,$0,$24,$243,$712,$619,$35,$0,$35,$654,$40,$1,$1,$58,$712,$1,$1,$1,$1,$3,$0,$-0,$0,$3,$5,$2,$0,$0,$-4,$2,$-3,$2,$2,$0,$-5,$-5,$0,$0,$-0,$9,$4,$10,$0,$-0
27,2011-12-31,4.78,$9.83,0.49,$6.27,0.76,$10.15,0.47,$0.03,159.38,$0.47B,$0.61B,0.76,$0.04B,$0.04B,0.93,$0.04B,$0.03B,81.08%,$0.04B,$-0.01B,-13.51%,$0.04B,0,0.00%,$0.04B,0,0.00%,$0.04B,$0.00B,2.70%,$0.04B,$-0.00B,-2.70%,$-0.00B,$0.06B,-2.44%,$-0.00B,$0.06B,-2.44%,$-0.00B,$0.71B,-0.19%,$-0.01B,$0.10B,-7.04%,$10,$2,$8,$0,$16,$17,$-8,$0,$-2,$-1,$-1,$-1,$-1,$0,$0,$6,6,$-0.17,$-0.17,$14,$0,$0,$466,$6,$212,$0,$25,$243,$709,$611,$40,$0,$40,$651,$40,$1,$1,$58,$709,$1,$2,$8,$2,$5,$0,$-0,$0,$0,$16,$0,$0,$0,$-30,$7,$-40,$-17,$-40,$-8,$4,$-8,$0,$0,$-2,$41,$18,$-6,$0,$-1
28,2011-09-30,4.57,$0.00,0.0,$6.28,0.73,$7.44,0.61,$0.36,12.7,$0.00B,$0.00B,0.0,$0.00B,$0.00B,0.0,$0.04B,$0.03B,81.08%,$0.04B,$0.00B,10.81%,$0.04B,0,0.00%,$0.04B,0,0.00%,$0.04B,$0.00B,10.81%,$0.04B,$0.00B,2.70%,$0.00B,$0.00B,2.53%,$0.00B,$0.00B,2.53%,$0.00B,$0.00B,0.19%,$0.00B,$0.00B,5.69%,$9,$2,$8,$0,$7,$9,$1,$0,$1,$0,$1,$1,$0,$0,$0,$6,6,$0.06,$0.06,$0,$0,$0,$0,$0,$0,$0,$0,$0,$0,$0,$0,$0,$0,$0,$0,$0,$0,$0,$0,$2,$1,$4,$5,$9,$0,$-0,$1,$9,$16,$0,$0,$0,$-20,$5,$-15,$-11,$-26,$-3,$1,$-2,$0,$5,$-1,$12,$14,$4,$0,$-1
29,2011-06-30,4.42,$0.00,0.0,$6.20,0.71,$4.33,1.02,$0.33,13.38,$0.49B,$0.61B,0.8,$0.04B,$0.04B,0.92,$0.04B,$0.03B,78.38%,$0.04B,$0.00B,10.81%,$0.04B,0,0.00%,$0.04B,0,0.00%,$0.04B,$0.00B,10.81%,$0.04B,$0.00B,2.70%,$0.00B,$0.05B,1.90%,$0.00B,$0.05B,1.90%,$0.00B,$0.70B,0.14%,$0.00B,$0.09B,4.24%,$9,$2,$7,$0,$6,$8,$1,$0,$1,$0,$1,$1,$0,$0,$0,$6,6,$0.08,$0.08,$26,$0,$0,$486,$0,$190,$0,$18,$208,$700,$607,$40,$0,$40,$647,$41,$2,$0,$54,$700,$1,$1,$2,$3,$10,$0,$-0,$1,$11,$15,$0,$0,$0,$-6,$4,$-2,$-18,$-19,$-3,$1,$-2,$0,$0,$-1,$13,$10,$6,$0,$-1
30,2011-03-31,5.2,$0.00,0.0,$6.31,0.82,$1.86,2.8,$0.04,130.06,$0.48B,$0.61B,0.79,$0.04B,$0.04B,0.95,$0.04B,$0.03B,78.38%,$0.04B,$0.00B,2.70%,$0.04B,0,0.00%,$0.04B,0,0.00%,$0.04B,$0.00B,2.70%,$0.04B,0,0.00%,$0.00B,$0.05B,0.00%,$0.00B,$0.05B,0.00%,$0.00B,$0.70B,0.00%,$0.00B,$0.09B,1.06%,$9,$2,$7,$0,$6,$8,$1,$0,$1,$0,$0,$0,$0,$0,$0,$6,6,$0.06,$0.06,$30,$0,$0,$482,$0,$193,$0,$19,$212,$701,$608,$40,$0,$40,$649,$41,$2,$0,$52,$701,$0,$0,$1,$2,$9,$0,$-0,$1,$10,$12,$-0,$0,$0,$-10,$3,$-7,$-8,$-15,$-3,$0,$-3,$0,$0,$-0,$16,$13,$10,$0,$-0
31,2010-12-31,5.01,$0.00,0.0,$6.43,0.78,$-0.19,0.0,$0.11,45.56,$0.47B,$0.59B,0.79,$0.04B,$0.04B,1.02,$0.04B,$0.03B,76.32%,$0.04B,$0.00B,2.63%,$0.04B,0,0.00%,$0.04B,0,0.00%,$0.04B,$0.00B,2.63%,$0.04B,$0.00B,2.63%,$0.00B,$0.05B,1.89%,$0.00B,$0.05B,1.89%,$0.00B,$0.69B,0.15%,$0.00B,$0.10B,1.04%,$10,$2,$8,$0,$7,$9,$1,$0,$1,$-0,$1,$1,$1,$0,$0,$6,6,$0.16,$0.16,$20,$0,$0,$466,$0,$197,$0,$19,$216,$688,$593,$43,$0,$43,$636,$41,$2,$0,$52,$688,$1,$2,$0,$2,$0,$0,$0,$0,$-1,$1,$-0,$0,$0,$0,$0,$-14,$1,$-14,$0,$-19,$0,$0,$0,$-2,$46,$24,$11,$0,$0
32,2010-09-30,6.86,$0.00,0.0,$6.37,1.08,$0.38,18.25,$0.06,114.34,$0.47B,$0.58B,0.8,$0.04B,$0.04B,1.0,$0.04B,$0.03B,75.68%,$0.04B,$0.00B,2.70%,$0.04B,0,0.00%,$0.04B,0,0.00%,$0.04B,$0.00B,2.70%,$0.04B,$0.00B,2.70%,$0.00B,$0.05B,1.87%,$0.00B,$0.05B,1.87%,$0.00B,$0.68B,0.15%,$0.00B,$0.10B,0.99%,$9,$2,$7,$0,$6,$8,$1,$0,$1,$0,$0,$0,$0,$0,$0,$6,6,$0.03,$0.03,$25,$0,$0,$469,$0,$187,$0,$18,$205,$680,$584,$43,$0,$43,$627,$41,$1,$0,$53,$680,$0,$1,$0,$1,$0,$0,$0,$0,$-1,$-2,$-0,$0,$0,$0,$0,$3,$0,$3,$0,$-19,$0,$0,$0,$-2,$36,$15,$16,$0,$0
33,2010-06-30,7.38,$0.00,0.0,$6.47,1.14,$1.66,4.45,$0.16,46.1,$0.47B,$0.58B,0.81,$0.04B,$0.04B,1.01,$0.04B,$0.03B,75.68%,$0.04B,$0.00B,2.70%,$0.04B,0,0.00%,$0.04B,0,0.00%,$0.04B,$0.00B,2.70%,$0.04B,$0.00B,5.41%,$0.00B,$0.05B,3.72%,$0.00B,$0.05B,3.72%,$0.00B,$0.68B,0.30%,$0.00B,$0.10B,0.95%,$9,$2,$7,$0,$9,$11,$-2,$0,$-2,$-1,$-1,$-1,$-1,$0,$0,$6,6,$-0.21,$-0.21,$19,$0,$0,$471,$0,$178,$0,$19,$197,$675,$579,$43,$0,$43,$622,$41,$1,$0,$53,$675,$-0,$1,$0,$1,$0,$0,$0,$0,$-2,$1,$-0,$0,$0,$0,$0,$-2,$0,$-2,$0,$-19,$0,$0,$0,$-1,$31,$11,$11,$0,$0
34,2010-03-31,7.52,$0.00,0.0,$6.44,1.17,$1.16,6.48,$0.48,15.54,$0.47B,$0.57B,0.83,$0.04B,$0.04B,0.98,$0.04B,$0.03B,75.68%,$0.04B,$0.00B,10.81%,$0.04B,0,0.00%,$0.04B,0,0.00%,$0.04B,$0.00B,10.81%,$0.04B,$0.00B,10.81%,$0.00B,$0.05B,7.44%,$0.00B,$0.05B,7.44%,$0.00B,$0.66B,0.61%,$0.00B,$0.10B,3.75%,$10,$2,$7,$0,$6,$8,$1,$0,$1,$0,$1,$1,$1,$0,$0,$6,6,$0.13,$0.13,$12,$0,$0,$469,$0,$170,$0,$17,$187,$662,$565,$43,$0,$43,$608,$40,$3,$0,$54,$662,$1,$0,$0,$0,$0,$0,$0,$0,$0,$0,$-0,$0,$0,$0,$0,$9,$0,$9,$0,$-19,$0,$0,$0,$-1,$13,$-6,$3,$0,$0
35,2009-12-31,7.08,$0.00,0.0,$6.39,1.11,$1.19,5.94,$0.54,13.0,$0.47B,$0.55B,0.85,$0.06B,$0.04B,1.41,$0.04B,$0.03B,75.00%,$0.04B,$0.01B,13.89%,$0.04B,0,0.00%,$0.04B,0,0.00%,$0.04B,$0.01B,13.89%,$0.04B,$0.00B,11.11%,$0.00B,$0.05B,7.44%,$0.00B,$0.05B,7.44%,$0.00B,$0.66B,0.61%,$0.01B,$0.12B,4.54%,$9,$3,$7,$0,$6,$8,$1,$0,$1,$0,$1,$1,$1,$0,$0,$6,6,$0.11,$0.11,$9,$0,$0,$465,$0,$175,$0,$17,$192,$664,$549,$62,$0,$62,$610,$40,$3,$0,$54,$664,$4,$2,$0,$2,$0,$0,$0,$0,$-3,$4,$-0,$0,$0,$0,$0,$-56,$-1,$-56,$0,$12,$6,$0,$10,$-3,$23,$49,$-4,$0,$0
36,2009-09-30,7.42,$0.00,0.0,$6.64,1.12,$1.67,4.45,$0.51,14.53,$0.46B,$0.53B,0.86,$0.06B,$0.04B,1.38,$0.04B,$0.03B,72.97%,$0.04B,$0.00B,10.81%,$0.04B,0,0.00%,$0.04B,0,0.00%,$0.04B,$0.00B,10.81%,$0.04B,$0.00B,8.11%,$0.00B,$0.05B,5.88%,$0.00B,$0.05B,5.88%,$0.00B,$0.65B,0.47%,$0.00B,$0.12B,3.87%,$9,$3,$7,$0,$6,$8,$1,$0,$1,$0,$1,$1,$1,$0,$0,$6,6,$0.13,$0.13,$14,$0,$0,$460,$0,$170,$0,$12,$182,$650,$534,$61,$0,$61,$596,$41,$3,$0,$54,$650,$3,$1,$0,$1,$0,$0,$0,$0,$1,$5,$-0,$0,$0,$0,$0,$-38,$0,$-39,$0,$12,$6,$0,$10,$-2,$8,$34,$1,$0,$0
37,2009-06-30,7.52,$0.00,0.0,$6.70,1.12,$1.35,5.57,$0.52,14.38,$0.45B,$0.54B,0.83,$0.05B,$0.04B,1.07,$0.04B,$0.03B,71.05%,$0.04B,$0.00B,10.53%,$0.04B,0,0.00%,$0.04B,0,0.00%,$0.04B,$0.00B,10.53%,$0.04B,$0.00B,7.89%,$0.00B,$0.05B,6.25%,$0.00B,$0.05B,6.25%,$0.00B,$0.64B,0.48%,$0.00B,$0.10B,4.06%,$9,$3,$7,$0,$6,$8,$1,$0,$1,$0,$1,$1,$1,$0,$0,$6,6,$0.11,$0.11,$11,$0,$0,$448,$0,$171,$0,$13,$184,$639,$540,$47,$0,$47,$586,$38,$5,$0,$53,$639,$2,$1,$0,$1,$0,$0,$0,$0,$1,$-2,$-0,$0,$0,$0,$0,$-22,$0,$-22,$0,$2,$0,$0,$10,$-1,$12,$23,$-1,$0,$0
38,2009-03-31,6.38,$0.00,0.0,$6.72,0.95,$2.20,2.9,$0.61,10.49,$0.45B,$0.54B,0.83,$0.06B,$0.04B,1.32,$0.04B,$0.03B,69.23%,$0.04B,$0.01B,12.82%,$0.04B,0,0.00%,$0.04B,0,0.00%,$0.04B,$0.01B,12.82%,$0.04B,$0.00B,7.69%,$0.00B,$0.05B,6.63%,$0.00B,$0.05B,6.63%,$0.00B,$0.65B,0.48%,$0.01B,$0.11B,5.21%,$9,$3,$6,$0,$5,$7,$2,$0,$2,$1,$1,$1,$1,$0,$0,$6,6,$0.19,$0.19,$12,$0,$0,$447,$0,$182,$0,$13,$195,$649,$538,$58,$0,$58,$595,$38,$5,$0,$54,$649,$1,$0,$0,$0,$0,$0,$0,$0,$0,$0,$-0,$0,$0,$0,$0,$-33,$0,$-33,$0,$8,$6,$0,$10,$-1,$9,$32,$-1,$0,$0
39,2008-12-31,7.76,$0.00,0.0,$6.79,1.14,$2.17,3.58,$0.60,12.93,$0.45B,$0.53B,0.86,$0.04B,$0.04B,1.03,$0.04B,$0.03B,67.50%,$0.04B,$0.01B,12.50%,$0.04B,0,0.00%,$0.04B,0,0.00%,$0.04B,$0.01B,12.50%,$0.04B,$0.00B,7.50%,$0.00B,$0.04B,7.10%,$0.00B,$0.04B,7.10%,$0.00B,$0.61B,0.49%,$0.01B,$0.09B,5.49%,$10,$3,$7,$0,$7,$10,$0,$0,$0,$0,$0,$0,$0,$0,$0,$6,6,$0.08,$0.08,$13,$0,$0,$450,$0,$142,$0,$12,$154,$612,$525,$44,$0,$44,$569,$38,$4,$0,$43,$612,$4,$1,$0,$1,$0,$0,$0,$0,$-2,$6,$-0,$0,$0,$0,$0,$-43,$0,$-44,$0,$-12,$18,$0,$-0,$-2,$34,$38,$1,$0,$0
40,2008-09-30,9.68,$0.00,0.0,$6.65,1.46,$1.88,5.15,$0.67,14.48,$0.45B,$0.52B,0.88,$0.05B,$0.04B,1.29,$0.04B,$0.03B,65.00%,$0.04B,$0.01B,15.00%,$0.04B,0,0.00%,$0.04B,0,0.00%,$0.04B,$0.01B,15.00%,$0.04B,$0.00B,10.00%,$0.00B,$0.04B,9.58%,$0.00B,$0.04B,9.58%,$0.00B,$0.61B,0.67%,$0.01B,$0.10B,6.78%,$10,$3,$7,$0,$6,$9,$1,$0,$1,$0,$1,$1,$1,$0,$0,$6,6,$0.14,$0.14,$13,$0,$0,$454,$0,$136,$0,$13,$149,$610,$515,$54,$0,$54,$568,$38,$4,$0,$42,$610,$3,$1,$0,$1,$0,$0,$0,$0,$-1,$4,$-0,$0,$0,$0,$0,$-37,$0,$-37,$0,$-12,$29,$0,$-0,$-1,$20,$35,$2,$0,$0
41,2008-06-30,9.54,$0.00,0.0,$6.58,1.45,$1.91,5.0,$0.73,12.98,$0.47B,$0.53B,0.87,$0.05B,$0.04B,1.16,$0.04B,$0.03B,64.10%,$0.04B,$0.01B,17.95%,$0.04B,0,0.00%,$0.04B,0,0.00%,$0.04B,$0.01B,17.95%,$0.04B,$0.00B,10.26%,$0.00B,$0.04B,9.70%,$0.00B,$0.04B,9.70%,$0.00B,$0.62B,0.69%,$0.01B,$0.09B,8.59%,$10,$3,$7,$0,$5,$8,$2,$0,$2,$1,$1,$1,$1,$0,$0,$6,6,$0.20,$0.20,$30,$0,$0,$467,$0,$137,$0,$12,$150,$624,$534,$48,$0,$48,$582,$35,$7,$0,$42,$624,$2,$1,$0,$1,$0,$0,$0,$0,$1,$3,$-0,$0,$0,$0,$0,$-33,$0,$-33,$0,$-18,$29,$0,$-0,$-1,$38,$48,$18,$0,$0
42,2008-03-31,10.39,$0.00,0.0,$6.59,1.58,$1.68,6.18,$0.79,13.22,$0.44B,$0.50B,0.88,$0.05B,$0.04B,1.16,$0.04B,$0.02B,61.54%,$0.04B,$0.01B,17.95%,$0.04B,0,0.00%,$0.04B,0,0.00%,$0.04B,$0.01B,17.95%,$0.04B,$0.00B,10.26%,$0.00B,$0.04B,9.88%,$0.00B,$0.04B,9.88%,$0.00B,$0.59B,0.71%,$0.01B,$0.09B,9.12%,$10,$3,$6,$0,$5,$8,$2,$0,$2,$0,$1,$1,$1,$0,$0,$6,6,$0.18,$0.18,$17,$0,$0,$440,$0,$130,$0,$12,$142,$590,$499,$49,$0,$49,$548,$35,$7,$0,$42,$590,$1,$0,$0,$0,$0,$0,$0,$0,$-0,$0,$-0,$0,$0,$0,$0,$-11,$0,$-11,$0,$-18,$30,$0,$0,$-0,$4,$16,$5,$0,$0
43,2007-12-31,9.6,$0.00,0.0,$6.51,1.47,$2.06,4.65,$0.79,12.22,$0.43B,$0.50B,0.87,$0.04B,$0.04B,0.87,$0.04B,$0.02B,63.16%,$0.04B,$0.01B,18.42%,$0.04B,0,0.00%,$0.04B,0,0.00%,$0.04B,$0.01B,18.42%,$0.04B,$0.00B,10.53%,$0.00B,$0.04B,10.13%,$0.00B,$0.04B,10.13%,$0.00B,$0.57B,0.73%,$0.01B,$0.08B,9.93%,$10,$4,$6,$0,$5,$9,$1,$0,$1,$0,$1,$1,$1,$0,$0,$6,6,$0.15,$0.15,$12,$0,$0,$431,$0,$121,$0,$12,$133,$572,$495,$36,$0,$36,$531,$35,$6,$0,$41,$572,$5,$1,$0,$1,$0,$0,$0,$0,$-0,$6,$-2,$0,$0,$0,$0,$-55,$1,$-55,$0,$11,$-2,$0,$0,$-2,$38,$45,$-4,$0,$0
44,2007-09-30,9.9,$0.00,0.0,$6.49,1.53,$1.88,5.26,$0.87,11.41,$0.41B,$0.48B,0.84,$0.03B,$0.04B,0.69,$0.04B,$0.02B,64.86%,$0.04B,$0.01B,21.62%,$0.04B,0,0.00%,$0.04B,0,0.00%,$0.04B,$0.01B,21.62%,$0.04B,$0.00B,10.81%,$0.00B,$0.04B,10.39%,$0.00B,$0.04B,10.39%,$0.00B,$0.55B,0.75%,$0.01B,$0.07B,11.55%,$9,$4,$6,$0,$4,$8,$2,$0,$2,$1,$1,$1,$1,$0,$0,$6,6,$0.21,$0.21,$10,$0,$0,$405,$0,$123,$0,$12,$135,$547,$480,$27,$0,$27,$507,$35,$6,$0,$40,$547,$4,$1,$0,$1,$0,$0,$0,$0,$0,$5,$-1,$0,$0,$0,$0,$-34,$1,$-34,$0,$1,$-1,$0,$0,$-1,$24,$23,$-6,$0,$0
45,2007-06-30,10.28,$0.00,0.0,$6.45,1.59,$1.89,5.45,$0.88,11.73,$0.40B,$0.47B,0.85,$0.03B,$0.04B,0.84,$0.04B,$0.02B,64.86%,$0.04B,$0.01B,21.62%,$0.04B,0,0.00%,$0.04B,0,0.00%,$0.04B,$0.01B,21.62%,$0.04B,$0.00B,10.81%,$0.00B,$0.04B,10.60%,$0.00B,$0.04B,10.67%,$0.00B,$0.54B,0.77%,$0.01B,$0.07B,11.47%,$10,$3,$6,$0,$4,$8,$2,$0,$2,$0,$1,$1,$1,$0,$0,$6,6,$0.25,$0.25,$13,$0,$0,$396,$0,$123,$0,$12,$135,$539,$468,$32,$0,$32,$500,$31,$8,$0,$39,$539,$3,$0,$0,$0,$0,$0,$0,$0,$-1,$2,$-1,$0,$0,$0,$0,$-21,$1,$-21,$0,$1,$-1,$0,$0,$-1,$17,$16,$-2,$0,$0
46,2007-03-31,9.19,$0.00,0.0,$6.29,1.46,$2.09,4.4,$0.83,11.04,$0.39B,$0.45B,0.85,$0.03B,$0.04B,0.74,$0.04B,$0.02B,68.57%,$0.04B,$0.01B,22.86%,$0.04B,0,0.00%,$0.04B,0,0.00%,$0.04B,$0.01B,22.86%,$0.04B,$0.00B,11.43%,$0.00B,$0.04B,10.88%,$0.00B,$0.04B,10.96%,$0.00B,$0.52B,0.78%,$0.01B,$0.07B,11.68%,$9,$3,$6,$0,$4,$7,$2,$0,$2,$1,$1,$1,$1,$0,$0,$6,6,$0.19,$0.18,$17,$0,$0,$386,$0,$114,$0,$13,$127,$520,$454,$28,$0,$28,$482,$31,$7,$0,$38,$520,$1,$0,$0,$0,$0,$0,$0,$0,$0,$3,$-0,$0,$0,$0,$0,$1,$0,$0,$0,$-7,$-0,$0,$0,$-0,$5,$-2,$1,$0,$0
47,2006-12-31,8.96,$0.00,0.0,$6.21,1.44,$2.16,4.14,$0.86,10.42,$0.38B,$0.45B,0.86,$0.04B,$0.04B,0.94,$0.03B,$0.02B,70.59%,$0.03B,$0.01B,23.53%,$0.03B,0,0.00%,$0.03B,0,0.00%,$0.03B,$0.01B,23.53%,$0.03B,$0.00B,11.76%,$0.00B,$0.04B,11.19%,$0.00B,$0.04B,11.27%,$0.00B,$0.52B,0.80%,$0.01B,$0.07B,11.68%,$9,$3,$6,$0,$4,$7,$2,$0,$2,$1,$1,$1,$1,$0,$0,$6,6,$0.23,$0.23,$16,$0,$0,$384,$0,$116,$0,$13,$129,$520,$447,$35,$0,$35,$482,$31,$7,$0,$37,$520,$5,$1,$0,$1,$0,$0,$0,$0,$-1,$5,$-1,$0,$0,$0,$0,$-33,$0,$-34,$0,$3,$-2,$0,$-0,$-1,$31,$31,$2,$0,$0
