,Date,Stock Price,Book Value per Share,Price to Book Ratio,TTM Sales per Share,Price to Sales Ratio,TTM FCF per Share,Price to FCF Ratio,TTM Net EPS,PE Ratio,Current Assets,Current Liabilities,Current Ratio,Long Term Debt,Shareholder's Equity_x,Debt to Equity Ratio,TTM Revenue_x,TTM Gross Profit,Gross Margin,TTM Revenue_y,TTM Operating Income,Operating Margin,TTM Revenue_x,TTM EBIT,EBIT Margin,TTM Revenue_y,TTM EBITDA,EBITDA Margin,TTM Revenue_x,TTM Pre-Tax Income,Pre-Tax Margin,TTM Revenue_y,TTM Net Income_x,Net Margin,TTM Net Income_y,Shareholder's Equity_y,Return on Equity,TTM Net Income_x,Tangible Equity,Return on Tangible Equity,TTM Net Income_y,Total Assets,Return on Assets,TTM Net Income,LT Investments & Debt,Return on Investment,revenue,cost-goods-sold,gross-profit,research-development-expenses,selling-general-administrative-expenses,operating-expenses,operating-income,total-non-operating-income-expense,pre-tax-income,total-provision-income-taxes,income-after-taxes,income-from-continuous-operations,net-income,ebitda,ebit,basic-shares-outstanding,shares-outstanding,eps-basic-net-earnings-per-share,eps-earnings-per-share-diluted,cash-on-hand,inventory,other-current-assets,total-current-assets,net-property-plant-equipment,long-term-investments,goodwill-intangible-assets-total,other-long-term-assets,total-long-term-assets,total-assets,total-current-liabilities,long-term-debt,other-non-current-liabilities,total-long-term-liabilities,total-liabilities,common-stock-net,retained-earnings-accumulated-deficit,comprehensive-income,total-share-holder-equity,total-liabilities-share-holders-equity,net-income-loss,total-depreciation-amortization-cash-flow,other-non-cash-items,total-non-cash-items,change-in-accounts-receivable,change-in-inventories,change-in-accounts-payable,change-in-assets-liabilities,total-change-in-assets-liabilities,cash-flow-from-operating-activities,net-change-in-property-plant-equipment,net-change-in-intangible-assets,net-acquisitions-divestitures,net-change-in-short-term-investments,net-change-in-long-term-investments,net-change-in-investments-total,investing-activities-other,cash-flow-from-investing-activities,net-long-term-debt,net-current-debt,debt-issuance-retirement-net-total,net-common-equity-issued-repurchased,net-total-equity-issued-repurchased,total-common-preferred-stock-dividends-paid,financial-activities-other,cash-flow-from-financial-activities,net-cash-flow,stock-based-compensation,common-stock-dividends-paid
0,2018-07-31,2.13,$10.47,0.2,$58.54,0.04,$-5.65,0.0,$-2.19,0.0,$0.55B,$0.20B,2.76,$0.27B,$0.30B,0.91,$1.62B,$0.36B,22.04%,$1.62B,$-0.05B,-3.14%,$1.62B,$-0.05B,-3.14%,$1.62B,$0.02B,0.92%,$1.62B,$-0.06B,-3.82%,$1.62B,$-0.06B,-3.76%,$-0.06B,$0.30B,-18.91%,$-0.06B,$0.28B,-19.98%,$-0.06B,$0.83B,-7.08%,$-0.05B,$0.57B,-8.97%,$360,$279,$82,$0,$110,$388,$-28,$-3,$-31,$-0,$-31,$-31,$-31,$2,$-28,$28,28,$-1.11,$-1.11,$27,$477,$0,$552,$236,$0,$17,$24,$278,$830,$200,$269,$65,$334,$534,$0,$-78,$-5,$296,$830,$-49,$32,$4,$36,$0,$-39,$-20,$2,$-56,$-69,$-11,$0,$0,$0,$0,$0,$0,$-11,$24,$65,$89,$0,$0,$-3,$-1,$85,$5,$3,$-3
1,2018-04-30,2.86,$11.19,0.26,$59.09,0.05,$-3.03,0.0,$-1.82,0.0,$0.56B,$0.20B,2.83,$0.27B,$0.31B,0.85,$1.63B,$0.37B,22.52%,$1.63B,$-0.05B,-2.76%,$1.63B,$-0.05B,-2.76%,$1.63B,$0.02B,1.35%,$1.63B,$-0.06B,-3.37%,$1.63B,$-0.05B,-3.07%,$-0.05B,$0.31B,-14.84%,$-0.05B,$0.30B,-15.65%,$-0.05B,$0.84B,-5.76%,$-0.05B,$0.58B,-7.86%,$384,$287,$97,$0,$111,$398,$-14,$-3,$-17,$0,$-17,$-17,$-17,$-14,$-14,$28,28,$-0.60,$-0.60,$29,$478,$0,$555,$244,$0,$17,$24,$285,$840,$196,$265,$66,$331,$528,$0,$-60,$-5,$313,$840,$-32,$15,$2,$17,$0,$-39,$-19,$4,$-54,$-69,$-7,$0,$0,$0,$0,$0,$0,$-7,$-1,$86,$85,$0,$0,$-1,$-0,$83,$8,$2,$-1
2,2018-01-31,1.6,$12.45,0.13,$57.93,0.03,$-0.54,0.0,$-1.38,0.0,$0.51B,$0.21B,2.4,$0.18B,$0.34B,0.52,$1.59B,$0.36B,22.86%,$1.59B,$-0.04B,-2.64%,$1.59B,$-0.04B,-2.64%,$1.59B,$0.03B,1.63%,$1.59B,$-0.05B,-3.20%,$1.59B,$-0.04B,-2.32%,$-0.04B,$0.34B,-10.62%,$-0.04B,$0.33B,-11.15%,$-0.04B,$0.81B,-4.23%,$-0.04B,$0.52B,-7.34%,$360,$282,$78,$0,$107,$389,$-29,$-2,$-32,$0,$-32,$-32,$-32,$38,$-29,$28,28,$-1.14,$-1.14,$21,$438,$0,$512,$253,$0,$17,$24,$294,$806,$213,$180,$69,$249,$462,$0,$-26,$-5,$344,$806,$-37,$69,$8,$76,$0,$1,$44,$-9,$36,$75,$-36,$0,$-36,$0,$0,$0,$0,$-72,$-6,$20,$13,$0,$0,$-9,$-0,$4,$7,$8,$-9
3,2017-10-31,1.55,$12.19,0.13,$55.68,0.03,$-1.56,0.0,$-1.82,0.0,$0.66B,$0.29B,2.27,$0.27B,$0.34B,0.8,$1.52B,$0.34B,22.46%,$1.52B,$-0.07B,-4.53%,$1.52B,$-0.07B,-4.53%,$1.52B,$0.02B,1.25%,$1.52B,$-0.08B,-5.06%,$1.52B,$-0.05B,-3.28%,$-0.05B,$0.34B,-13.99%,$-0.05B,$0.32B,-14.65%,$-0.05B,$0.97B,-5.75%,$-0.07B,$0.61B,-11.95%,$523,$413,$111,$0,$91,$504,$20,$-2,$17,$12,$6,$6,$6,$-11,$20,$28,28,$0.20,$0.20,$30,$579,$0,$661,$261,$0,$17,$28,$306,$968,$292,$269,$70,$339,$631,$0,$-32,$-5,$337,$968,$-43,$51,$0,$51,$0,$-137,$120,$-10,$-27,$-19,$-23,$0,$-36,$0,$0,$0,$0,$-59,$-6,$107,$102,$0,$0,$-7,$-0,$95,$17,$6,$-7
4,2017-07-31,1.81,$12.82,0.14,$54.42,0.03,$-2.31,0.0,$-1.76,0.0,$0.55B,$0.20B,2.74,$0.23B,$0.35B,0.64,$1.48B,$0.33B,22.05%,$1.48B,$-0.07B,-4.65%,$1.48B,$-0.07B,-4.65%,$1.48B,$0.02B,1.35%,$1.48B,$-0.08B,-5.12%,$1.48B,$-0.05B,-3.24%,$-0.05B,$0.35B,-12.95%,$-0.05B,$0.34B,-13.52%,$-0.05B,$0.86B,-5.47%,$-0.07B,$0.58B,-11.84%,$357,$286,$72,$0,$100,$386,$-28,$-2,$-30,$-13,$-18,$-18,$-18,$9,$-28,$28,28,$-0.64,$-0.64,$26,$458,$0,$549,$270,$0,$17,$24,$311,$860,$201,$227,$78,$306,$506,$0,$-13,$-5,$354,$860,$-25,$34,$10,$44,$0,$-18,$31,$-23,$-11,$8,$-14,$0,$-36,$0,$0,$0,$0,$-50,$-5,$65,$60,$0,$0,$-6,$-0,$54,$12,$4,$-6
5,2017-04-30,2.57,$13.09,0.2,$52.70,0.05,$-3.08,0.0,$-1.53,0.0,$0.55B,$0.21B,2.61,$0.22B,$0.36B,0.61,$1.43B,$0.31B,21.45%,$1.43B,$-0.06B,-4.26%,$1.43B,$-0.06B,-4.26%,$1.43B,$0.03B,2.10%,$1.43B,$-0.07B,-4.68%,$1.43B,$-0.04B,-2.94%,$-0.04B,$0.36B,-10.92%,$-0.04B,$0.34B,-11.37%,$-0.04B,$0.86B,-4.74%,$-0.06B,$0.58B,-10.34%,$390,$284,$106,$0,$114,$398,$-8,$-2,$-10,$-3,$-6,$-6,$-6,$-10,$-8,$28,28,$-0.23,$-0.23,$22,$475,$0,$545,$277,$0,$15,$24,$317,$862,$209,$220,$74,$293,$503,$0,$-5,$-6,$359,$862,$-19,$17,$2,$18,$0,$-32,$40,$-7,$0,$-0,$-6,$0,$-34,$0,$0,$0,$0,$-40,$-4,$57,$53,$0,$0,$-4,$-0,$48,$8,$2,$-4
6,2017-01-31,2.35,$13.99,0.17,$53.26,0.04,$-3.74,0.0,$-1.40,0.0,$0.47B,$0.17B,2.76,$0.16B,$0.38B,0.43,$1.44B,$0.30B,20.74%,$1.44B,$-0.06B,-4.02%,$1.44B,$-0.06B,-4.02%,$1.44B,$0.04B,2.43%,$1.44B,$-0.06B,-4.37%,$1.44B,$-0.04B,-2.64%,$-0.04B,$0.38B,-9.57%,$-0.04B,$0.37B,-9.94%,$-0.04B,$0.79B,-4.23%,$-0.06B,$0.54B,-9.73%,$322,$246,$75,$0,$101,$348,$-26,$-2,$-28,$-9,$-19,$-19,$-19,$31,$-26,$27,27,$-0.70,$-0.70,$14,$409,$0,$465,$284,$0,$15,$23,$322,$787,$169,$164,$74,$238,$407,$0,$18,$-6,$380,$787,$-38,$93,$-8,$85,$0,$27,$10,$1,$37,$84,$-73,$0,$0,$0,$0,$0,$0,$-73,$2,$3,$4,$0,$0,$-17,$-2,$-14,$-3,$10,$-17
7,2016-10-31,4.14,$14.36,0.29,$52.60,0.08,$-5.77,0.0,$-0.44,0.0,$0.65B,$0.28B,2.36,$0.24B,$0.39B,0.61,$1.49B,$0.35B,23.54%,$1.49B,$-0.02B,-1.07%,$1.49B,$-0.02B,-1.07%,$1.49B,$0.06B,3.96%,$1.49B,$-0.02B,-1.34%,$1.49B,$-0.01B,-0.67%,$-0.01B,$0.39B,-2.44%,$-0.01B,$0.38B,-2.53%,$-0.01B,$1.00B,-1.09%,$-0.02B,$0.63B,-2.63%,$454,$366,$89,$0,$96,$462,$-7,$-1,$-9,$-2,$-7,$-7,$-7,$-10,$-7,$27,27,$-0.25,$-0.25,$19,$569,$0,$649,$316,$0,$15,$23,$354,$1002,$275,$237,$101,$337,$612,$0,$29,$-6,$390,$1002,$-31,$55,$14,$69,$0,$-133,$120,$-19,$-32,$5,$-67,$0,$0,$0,$0,$0,$0,$-67,$2,$75,$77,$0,$0,$-12,$-1,$64,$2,$8,$-12
8,2016-07-31,4.69,$15.06,0.31,$51.90,0.09,$-6.62,0.0,$-0.18,0.0,$0.53B,$0.19B,2.85,$0.20B,$0.41B,0.49,$1.53B,$0.37B,24.25%,$1.53B,$-0.00B,-0.26%,$1.53B,$-0.00B,-0.26%,$1.53B,$0.07B,4.59%,$1.53B,$-0.01B,-0.52%,$1.53B,$-0.00B,-0.26%,$-0.00B,$0.41B,-0.94%,$-0.00B,$0.39B,-0.98%,$-0.00B,$0.90B,-0.43%,$-0.00B,$0.61B,-0.66%,$317,$261,$57,$0,$85,$345,$-28,$-1,$-29,$-14,$-16,$-16,$-16,$19,$-28,$27,27,$-0.58,$-0.58,$21,$461,$0,$532,$324,$0,$15,$23,$363,$895,$187,$200,$99,$299,$486,$0,$49,$-6,$409,$895,$-15,$37,$9,$46,$0,$-25,$34,$-9,$-0,$30,$-57,$0,$0,$0,$0,$0,$0,$-57,$3,$37,$40,$0,$0,$-8,$-1,$31,$4,$7,$-8
9,2016-04-30,5.66,$15.14,0.37,$51.35,0.11,$-6.33,0.0,$-0.13,0.0,$0.55B,$0.21B,2.66,$0.19B,$0.41B,0.48,$1.57B,$0.38B,24.35%,$1.57B,$-0.00B,-0.06%,$1.57B,$-0.00B,-0.06%,$1.57B,$0.08B,5.04%,$1.57B,$-0.00B,-0.25%,$1.57B,$-0.00B,-0.13%,$-0.00B,$0.41B,-0.46%,$-0.00B,$0.40B,-0.47%,$-0.00B,$0.91B,-0.22%,$-0.00B,$0.60B,-0.17%,$338,$253,$86,$0,$85,$338,$0,$-1,$-1,$-1,$0,$0,$0,$-5,$0,$27,27,$0.00,$0.00,$23,$482,$0,$548,$326,$0,$15,$23,$363,$911,$206,$194,$101,$295,$501,$0,$53,$-6,$410,$911,$-15,$18,$4,$22,$0,$-46,$44,$4,$2,$8,$-32,$0,$0,$0,$0,$0,$0,$-32,$4,$31,$35,$0,$0,$-4,$-1,$30,$6,$3,$-4
10,2016-01-31,6.27,$16.00,0.39,$50.63,0.12,$-6.37,0.0,$0.17,36.88,$0.50B,$0.16B,3.21,$0.16B,$0.43B,0.38,$1.61B,$0.40B,24.67%,$1.61B,$0.01B,0.50%,$1.61B,$0.01B,0.50%,$1.61B,$0.09B,5.48%,$1.61B,$0.01B,0.37%,$1.61B,$0.00B,0.25%,$0.00B,$0.43B,0.88%,$0.00B,$0.42B,0.91%,$0.00B,$0.85B,0.44%,$0.01B,$0.59B,1.37%,$333,$266,$67,$0,$90,$356,$-23,$-1,$-24,$-9,$-15,$-15,$-15,$55,$-23,$27,27,$-0.57,$-0.57,$16,$436,$0,$501,$312,$0,$15,$20,$347,$848,$156,$163,$79,$262,$418,$0,$73,$-6,$430,$848,$4,$79,$15,$94,$0,$5,$-64,$2,$-57,$40,$-91,$-0,$0,$0,$0,$0,$0,$-91,$-2,$115,$113,$-41,$-41,$-19,$-4,$50,$-1,$13,$-19
11,2015-10-31,7.22,$14.10,0.51,$51.04,0.14,$-3.67,0.0,$0.82,8.8,$0.69B,$0.31B,2.2,$0.17B,$0.45B,0.38,$1.63B,$0.43B,26.18%,$1.63B,$0.04B,2.70%,$1.63B,$0.04B,2.70%,$1.63B,$0.12B,7.44%,$1.63B,$0.04B,2.58%,$1.63B,$0.03B,1.66%,$0.03B,$0.45B,5.82%,$0.03B,$0.44B,6.01%,$0.03B,$1.03B,2.98%,$0.04B,$0.62B,7.80%,$503,$362,$141,$0,$106,$468,$35,$-1,$34,$13,$21,$21,$21,$1,$35,$31,31,$0.66,$0.66,$23,$617,$0,$688,$308,$0,$15,$22,$345,$1032,$312,$172,$97,$269,$581,$0,$57,$-7,$452,$1032,$-17,$59,$11,$70,$0,$-176,$95,$-3,$-84,$-31,$-69,$0,$0,$0,$0,$0,$0,$-69,$-1,$124,$122,$1,$1,$-14,$-3,$106,$6,$9,$-14
12,2015-07-31,12.88,$14.48,0.89,$51.51,0.25,$-2.16,0.0,$0.97,13.28,$0.56B,$0.24B,2.36,$0.09B,$0.46B,0.2,$1.64B,$0.44B,26.72%,$1.64B,$0.05B,3.23%,$1.64B,$0.05B,3.23%,$1.64B,$0.13B,7.81%,$1.64B,$0.05B,3.11%,$1.64B,$0.03B,1.95%,$0.03B,$0.46B,6.95%,$0.03B,$0.45B,7.18%,$0.03B,$0.89B,3.59%,$0.05B,$0.55B,9.64%,$352,$275,$76,$0,$92,$368,$-16,$-1,$-17,$-7,$-10,$-10,$-10,$28,$-16,$32,32,$-0.32,$-0.32,$24,$490,$0,$564,$289,$0,$15,$22,$327,$891,$239,$90,$98,$188,$427,$0,$72,$-7,$464,$891,$-7,$42,$8,$49,$0,$-49,$26,$-7,$-29,$13,$-36,$0,$0,$0,$0,$0,$0,$-36,$-1,$42,$41,$1,$1,$-9,$-3,$29,$7,$6,$-9
13,2015-04-30,14.01,$14.51,0.97,$51.47,0.27,$-2.43,0.0,$1.27,11.03,$0.55B,$0.23B,2.45,$0.09B,$0.46B,0.2,$1.64B,$0.45B,27.65%,$1.64B,$0.07B,4.22%,$1.64B,$0.07B,4.22%,$1.64B,$0.14B,8.26%,$1.64B,$0.07B,4.04%,$1.64B,$0.04B,2.51%,$0.04B,$0.46B,8.99%,$0.04B,$0.45B,9.29%,$0.04B,$0.88B,4.66%,$0.07B,$0.56B,12.55%,$381,$282,$98,$0,$95,$378,$3,$-1,$3,$1,$2,$2,$2,$4,$3,$32,32,$0.05,$0.05,$25,$487,$0,$552,$292,$0,$15,$22,$329,$881,$226,$93,$99,$192,$418,$0,$75,$-7,$463,$881,$-9,$17,$4,$21,$0,$-45,$14,$3,$-29,$-16,$-13,$0,$0,$0,$0,$0,$0,$-13,$-1,$45,$44,$1,$1,$-4,$-3,$37,$7,$3,$-4
14,2015-01-31,14.42,$15.05,0.96,$51.65,0.28,$-2.11,0.0,$0.94,15.34,$0.50B,$0.21B,2.46,$0.05B,$0.48B,0.1,$1.64B,$0.45B,27.41%,$1.64B,$0.06B,3.91%,$1.64B,$0.06B,3.91%,$1.64B,$0.13B,7.75%,$1.64B,$0.06B,3.66%,$1.64B,$0.03B,1.89%,$0.03B,$0.48B,6.90%,$0.03B,$0.46B,7.13%,$0.03B,$0.83B,3.57%,$0.06B,$0.52B,11.80%,$369,$288,$81,$0,$94,$383,$-14,$-1,$-14,$-5,$-9,$-9,$-9,$88,$-14,$32,32,$-0.27,$-0.27,$17,$441,$0,$504,$285,$0,$15,$20,$321,$825,$205,$46,$78,$144,$349,$0,$88,$-7,$476,$825,$31,$64,$18,$82,$0,$-7,$-1,$-2,$-10,$102,$-68,$0,$0,$0,$0,$0,$0,$-68,$-2,$-13,$-16,$2,$2,$-17,$-2,$-32,$2,$9,$-17
15,2014-10-31,12.08,$13.82,0.87,$50.37,0.24,$-3.66,0.0,$0.36,33.56,$0.64B,$0.30B,2.13,$0.13B,$0.44B,0.29,$1.61B,$0.43B,26.53%,$1.61B,$0.04B,2.62%,$1.61B,$0.04B,2.62%,$1.61B,$0.11B,6.97%,$1.61B,$0.04B,2.43%,$1.61B,$0.01B,0.75%,$0.01B,$0.44B,2.70%,$0.01B,$0.42B,2.79%,$0.01B,$0.96B,1.39%,$0.04B,$0.57B,7.77%,$525,$354,$171,$0,$100,$454,$71,$-1,$70,$27,$44,$44,$44,$8,$71,$32,32,$1.38,$1.38,$21,$575,$0,$641,$285,$0,$15,$23,$323,$964,$301,$128,$95,$223,$525,$0,$50,$-4,$439,$964,$-13,$47,$12,$60,$0,$-141,$93,$-4,$-51,$-4,$-47,$0,$0,$0,$0,$0,$0,$-47,$-2,$69,$67,$5,$5,$-12,$-2,$57,$6,$7,$-12
16,2014-07-31,12.8,$14.05,0.91,$50.06,0.26,$-4.94,0.0,$0.19,67.38,$0.53B,$0.20B,2.69,$0.11B,$0.45B,0.24,$1.60B,$0.42B,26.36%,$1.60B,$0.03B,2.13%,$1.60B,$0.03B,2.13%,$1.60B,$0.11B,6.57%,$1.60B,$0.03B,2.00%,$1.60B,$0.01B,0.38%,$0.01B,$0.45B,1.36%,$0.01B,$0.43B,1.40%,$0.01B,$0.85B,0.69%,$0.03B,$0.55B,6.27%,$364,$276,$88,$0,$96,$372,$-7,$-1,$-8,$-3,$-5,$-5,$-5,$35,$-7,$32,32,$-0.17,$-0.17,$26,$451,$0,$526,$281,$0,$15,$24,$320,$846,$195,$107,$97,$204,$399,$0,$60,$-4,$446,$846,$-8,$32,$7,$38,$0,$-17,$-7,$-8,$-33,$-2,$-29,$0,$0,$0,$0,$0,$0,$-29,$-1,$48,$46,$5,$5,$-8,$-1,$42,$11,$4,$-8
17,2014-04-30,13.53,$13.77,0.98,$49.99,0.27,$-4.90,0.0,$0.13,104.11,$0.52B,$0.22B,2.41,$0.09B,$0.44B,0.21,$1.61B,$0.43B,26.40%,$1.61B,$0.03B,2.05%,$1.61B,$0.03B,2.05%,$1.61B,$0.10B,6.46%,$1.61B,$0.03B,1.93%,$1.61B,$0.01B,0.31%,$0.01B,$0.44B,1.11%,$0.01B,$0.42B,1.15%,$0.01B,$0.84B,0.58%,$0.03B,$0.53B,6.15%,$377,$265,$112,$0,$93,$358,$19,$-1,$18,$7,$11,$11,$11,$-4,$19,$32,32,$0.35,$0.35,$24,$450,$0,$521,$282,$0,$15,$25,$322,$843,$216,$90,$100,$190,$407,$0,$53,$-5,$437,$843,$-19,$15,$4,$19,$0,$-15,$17,$-9,$-7,$-6,$-13,$0,$0,$0,$0,$0,$0,$-13,$-1,$30,$29,$5,$5,$-4,$-1,$29,$10,$2,$-4
18,2014-01-31,13.74,$14.56,0.94,$49.69,0.28,$-5.88,0.0,$0.52,26.43,$0.49B,$0.20B,2.51,$0.06B,$0.45B,0.13,$1.61B,$0.44B,27.14%,$1.61B,$0.04B,2.67%,$1.61B,$0.04B,2.67%,$1.61B,$0.11B,7.08%,$1.61B,$0.04B,2.55%,$1.61B,$0.02B,1.06%,$0.02B,$0.45B,3.73%,$0.02B,$0.44B,3.85%,$0.02B,$0.81B,1.96%,$0.04B,$0.52B,8.00%,$372,$294,$78,$0,$97,$391,$-19,$-1,$-20,$-8,$-12,$-12,$-19,$73,$-19,$31,31,$-0.60,$-0.60,$15,$434,$0,$489,$283,$0,$15,$24,$322,$811,$195,$61,$85,$161,$356,$0,$75,$-5,$454,$811,$17,$71,$13,$83,$0,$-20,$-27,$-6,$-54,$47,$-61,$0,$0,$0,$0,$0,$0,$-61,$-1,$49,$49,$-21,$-21,$-15,$-0,$12,$-3,$9,$-15
19,2013-10-31,14.39,$13.80,1.04,$50.58,0.28,$-4.58,0.0,$0.85,16.93,$0.62B,$0.27B,2.28,$0.14B,$0.43B,0.33,$1.63B,$0.46B,28.21%,$1.63B,$0.06B,3.56%,$1.63B,$0.06B,3.56%,$1.63B,$0.12B,7.38%,$1.63B,$0.06B,3.38%,$1.63B,$0.03B,1.72%,$0.03B,$0.43B,6.10%,$0.03B,$0.42B,6.31%,$0.03B,$0.96B,3.24%,$0.06B,$0.57B,10.99%,$493,$345,$148,$0,$99,$443,$49,$-1,$49,$18,$30,$30,$25,$1,$49,$32,32,$0.77,$0.77,$24,$552,$0,$621,$294,$0,$15,$27,$336,$957,$272,$143,$112,$254,$526,$0,$75,$-6,$431,$957,$-8,$47,$10,$57,$0,$-138,$58,$-15,$-94,$-45,$-47,$0,$0,$0,$0,$0,$0,$-47,$-1,$132,$131,$-21,$-21,$-12,$-0,$98,$6,$7,$-12
20,2013-07-31,17.28,$14.45,1.2,$51.19,0.34,$-0.91,0.0,$0.91,18.99,$0.52B,$0.21B,2.48,$0.06B,$0.47B,0.12,$1.64B,$0.46B,27.75%,$1.64B,$0.06B,3.59%,$1.64B,$0.06B,3.59%,$1.64B,$0.12B,7.30%,$1.64B,$0.06B,3.35%,$1.64B,$0.03B,1.83%,$0.03B,$0.47B,6.55%,$0.03B,$0.46B,6.76%,$0.03B,$0.85B,3.53%,$0.06B,$0.53B,11.80%,$355,$272,$83,$0,$98,$369,$-15,$-1,$-15,$-6,$-10,$-10,$-11,$34,$-15,$32,32,$-0.34,$-0.34,$34,$442,$0,$520,$290,$0,$15,$25,$330,$850,$209,$56,$110,$167,$376,$0,$90,$-6,$474,$850,$3,$31,$6,$37,$0,$-28,$-0,$-12,$-40,$-1,$-30,$0,$0,$0,$0,$0,$0,$-30,$-0,$45,$45,$10,$10,$-7,$-0,$47,$16,$4,$-7
21,2013-04-30,19.06,$14.24,1.34,$51.62,0.37,$0.14,137.31,$0.99,19.25,$0.52B,$0.21B,2.49,$0.07B,$0.47B,0.14,$1.64B,$0.46B,27.83%,$1.64B,$0.06B,3.73%,$1.64B,$0.06B,3.73%,$1.64B,$0.12B,7.40%,$1.64B,$0.06B,3.49%,$1.64B,$0.03B,1.96%,$0.03B,$0.47B,7.16%,$0.03B,$0.45B,7.40%,$0.03B,$0.85B,3.85%,$0.06B,$0.53B,12.54%,$390,$274,$116,$0,$98,$372,$18,$-1,$17,$6,$11,$11,$10,$6,$18,$33,33,$0.29,$0.29,$27,$453,$0,$520,$293,$0,$15,$24,$332,$852,$209,$66,$111,$177,$386,$0,$85,$-6,$466,$852,$-7,$15,$3,$18,$0,$-39,$0,$-8,$-46,$-35,$-17,$0,$0,$0,$0,$0,$0,$-17,$-0,$55,$54,$9,$9,$-3,$-0,$60,$9,$2,$-3
22,2013-01-31,15.67,$14.52,1.08,$52.07,0.3,$1.84,8.5,$1.19,13.16,$0.47B,$0.21B,2.25,$0.01B,$0.47B,0.03,$1.63B,$0.46B,28.18%,$1.63B,$0.07B,4.30%,$1.63B,$0.07B,4.30%,$1.63B,$0.13B,7.98%,$1.63B,$0.07B,4.05%,$1.63B,$0.04B,2.39%,$0.04B,$0.47B,9.00%,$0.04B,$0.45B,9.31%,$0.04B,$0.80B,4.80%,$0.07B,$0.48B,15.03%,$372,$282,$90,$0,$99,$381,$-9,$-1,$-10,$-4,$-6,$-6,$-7,$79,$-9,$32,32,$-0.21,$-0.21,$18,$414,$0,$467,$291,$0,$15,$22,$328,$795,$208,$12,$91,$122,$330,$0,$95,$-6,$465,$795,$38,$61,$11,$72,$0,$-66,$36,$-5,$-35,$76,$-49,$0,$0,$0,$0,$0,$0,$-49,$-19,$-19,$-37,$21,$21,$-12,$1,$-27,$-1,$8,$-12
23,2012-10-31,16.73,$13.45,1.24,$50.34,0.33,$1.99,8.42,$1.13,14.81,$0.57B,$0.33B,1.72,$0.03B,$0.43B,0.08,$1.60B,$0.44B,27.47%,$1.60B,$0.06B,3.69%,$1.60B,$0.06B,3.69%,$1.60B,$0.12B,7.51%,$1.60B,$0.06B,3.44%,$1.60B,$0.04B,2.19%,$0.04B,$0.43B,8.33%,$0.04B,$0.41B,8.63%,$0.04B,$0.90B,4.39%,$0.06B,$0.46B,12.86%,$510,$340,$170,$0,$106,$446,$64,$-1,$63,$23,$40,$40,$36,$1,$64,$31,32,$1.12,$1.11,$37,$511,$0,$569,$297,$0,$15,$22,$333,$902,$331,$33,$109,$143,$474,$0,$62,$-5,$428,$902,$2,$46,$7,$53,$0,$-163,$157,$10,$5,$60,$-36,$0,$0,$0,$0,$0,$0,$-36,$-18,$3,$-15,$18,$18,$-9,$0,$-6,$19,$6,$-9
24,2012-07-31,12.87,$13.72,0.94,$49.30,0.26,$0.61,21.0,$1.05,12.26,$0.45B,$0.20B,2.2,$0.05B,$0.43B,0.11,$1.56B,$0.43B,27.55%,$1.56B,$0.06B,3.59%,$1.56B,$0.06B,3.59%,$1.56B,$0.12B,7.50%,$1.56B,$0.05B,3.33%,$1.56B,$0.03B,2.11%,$0.03B,$0.43B,8.07%,$0.03B,$0.41B,8.37%,$0.03B,$0.78B,4.21%,$0.06B,$0.48B,12.11%,$371,$291,$80,$0,$94,$385,$-14,$-1,$-15,$-6,$-9,$-9,$-9,$35,$-14,$32,32,$-0.28,$-0.28,$23,$397,$0,$447,$293,$0,$15,$21,$329,$775,$203,$47,$97,$144,$347,$0,$74,$-5,$428,$775,$11,$31,$4,$35,$0,$-49,$25,$4,$-19,$26,$-23,$0,$0,$0,$0,$0,$0,$-23,$-18,$16,$-2,$8,$8,$-6,$0,$0,$4,$3,$-6
25,2012-04-30,10.32,$13.42,0.77,$47.27,0.22,$0.25,41.47,$0.97,10.64,$0.44B,$0.23B,1.95,$0.04B,$0.41B,0.09,$1.53B,$0.42B,27.35%,$1.53B,$0.05B,3.46%,$1.53B,$0.05B,3.46%,$1.53B,$0.11B,7.44%,$1.53B,$0.05B,3.20%,$1.53B,$0.03B,2.02%,$0.03B,$0.41B,7.57%,$0.03B,$0.40B,7.85%,$0.03B,$0.78B,3.98%,$0.05B,$0.45B,11.45%,$382,$266,$115,$0,$95,$362,$20,$-1,$19,$7,$12,$12,$12,$15,$20,$31,31,$0.37,$0.37,$22,$398,$0,$441,$299,$0,$15,$21,$334,$775,$226,$38,$99,$137,$363,$0,$65,$-5,$412,$775,$-0,$15,$1,$17,$0,$-50,$36,$11,$-3,$13,$-10,$0,$0,$0,$0,$0,$0,$-10,$-3,$4,$1,$2,$2,$-3,$-0,$-0,$3,$1,$-3
26,2012-01-31,10.33,$13.56,0.76,$44.84,0.23,$-0.02,0.0,$0.97,10.65,$0.40B,$0.19B,2.15,$0.04B,$0.41B,0.09,$1.51B,$0.41B,27.12%,$1.51B,$0.05B,3.44%,$1.51B,$0.05B,3.44%,$1.51B,$0.11B,7.47%,$1.51B,$0.05B,3.17%,$1.51B,$0.03B,2.05%,$0.03B,$0.41B,7.28%,$0.03B,$0.40B,7.54%,$0.03B,$0.74B,3.92%,$0.05B,$0.45B,10.95%,$366,$272,$94,$0,$94,$366,$0,$-1,$-1,$-0,$-0,$-0,$-0,$69,$0,$31,31,$-0.01,$-0.01,$19,$348,$0,$400,$301,$0,$15,$20,$335,$735,$186,$36,$83,$136,$323,$0,$69,$-5,$413,$735,$31,$63,$18,$81,$0,$-22,$-7,$-4,$-34,$78,$-45,$0,$0,$0,$0,$0,$0,$-45,$-13,$25,$11,$-103,$-103,$-11,$-1,$-103,$-71,$8,$-11
27,2011-10-31,10.43,$12.60,0.83,$42.38,0.25,$0.08,124.75,$0.78,13.37,$0.51B,$0.28B,1.83,$0.09B,$0.38B,0.24,$1.49B,$0.41B,27.30%,$1.49B,$0.05B,3.43%,$1.49B,$0.05B,3.43%,$1.49B,$0.11B,7.60%,$1.49B,$0.05B,3.16%,$1.49B,$0.03B,2.08%,$0.03B,$0.38B,6.96%,$0.03B,$0.37B,7.21%,$0.03B,$0.85B,3.84%,$0.05B,$0.48B,10.38%,$479,$329,$150,$0,$98,$426,$53,$-1,$52,$19,$33,$33,$32,$-2,$53,$33,33,$1.01,$1.00,$27,$448,$0,$505,$307,$0,$15,$20,$342,$847,$276,$92,$96,$188,$464,$1,$286,$-3,$383,$847,$-2,$46,$11,$57,$0,$-122,$83,$-2,$-41,$14,$-33,$0,$0,$0,$0,$0,$0,$-33,$-10,$78,$68,$-104,$-104,$-8,$0,$-44,$-62,$6,$-8
28,2011-07-31,11.8,$13.15,0.9,$40.56,0.29,$0.37,32.01,$0.96,12.3,$0.42B,$0.19B,2.21,$0.05B,$0.43B,0.11,$1.49B,$0.41B,27.74%,$1.49B,$0.06B,3.84%,$1.49B,$0.06B,3.84%,$1.49B,$0.12B,7.95%,$1.49B,$0.05B,3.57%,$1.49B,$0.04B,2.36%,$0.04B,$0.43B,7.54%,$0.04B,$0.42B,7.79%,$0.04B,$0.76B,4.33%,$0.06B,$0.48B,11.53%,$334,$262,$71,$0,$89,$351,$-17,$-1,$-18,$-7,$-11,$-11,$-11,$32,$-17,$31,31,$-0.36,$-0.36,$29,$358,$0,$415,$310,$0,$15,$21,$346,$761,$188,$46,$96,$142,$330,$1,$300,$-3,$431,$761,$10,$31,$6,$37,$0,$-32,$-1,$0,$-33,$14,$-22,$0,$0,$0,$0,$0,$0,$-22,$-7,$28,$21,$-68,$-68,$-5,$0,$-52,$-60,$4,$-5
29,2011-04-30,12.71,$13.23,0.96,$39.31,0.32,$0.61,20.94,$0.94,13.52,$0.47B,$0.22B,2.11,$0.02B,$0.48B,0.05,$1.48B,$0.41B,27.89%,$1.48B,$0.06B,3.86%,$1.48B,$0.06B,3.86%,$1.48B,$0.12B,8.19%,$1.48B,$0.05B,3.59%,$1.48B,$0.04B,2.37%,$0.04B,$0.48B,7.32%,$0.04B,$0.46B,7.56%,$0.04B,$0.82B,4.26%,$0.06B,$0.50B,11.29%,$353,$249,$104,$0,$87,$336,$17,$-1,$16,$6,$10,$10,$10,$14,$17,$34,35,$0.29,$0.29,$66,$382,$0,$471,$315,$0,$15,$20,$350,$821,$224,$22,$99,$120,$344,$1,$293,$-3,$477,$821,$-0,$16,$4,$19,$0,$-57,$38,$6,$-13,$6,$-12,$0,$0,$0,$0,$0,$0,$-12,$-3,$0,$-3,$-12,$-12,$-3,$1,$-17,$-23,$2,$-3
30,2011-01-31,10.18,$13.43,0.76,$38.53,0.26,$0.39,26.13,$1.01,10.08,$0.45B,$0.18B,2.43,$0.03B,$0.49B,0.05,$1.47B,$0.42B,28.35%,$1.47B,$0.06B,4.28%,$1.47B,$0.06B,4.28%,$1.47B,$0.13B,8.57%,$1.47B,$0.06B,4.01%,$1.47B,$0.04B,2.52%,$0.04B,$0.49B,7.71%,$0.04B,$0.48B,7.96%,$0.04B,$0.80B,4.51%,$0.06B,$0.52B,12.36%,$346,$261,$85,$0,$86,$348,$-1,$-1,$-2,$-2,$-0,$-0,$-0,$69,$-1,$36,36,$-0.01,$-0.01,$89,$326,$0,$445,$318,$0,$15,$18,$351,$796,$183,$25,$84,$123,$307,$1,$296,$-3,$490,$796,$38,$63,$15,$78,$0,$-19,$-11,$-8,$-38,$78,$-36,$0,$0,$0,$0,$0,$0,$-36,$-13,$0,$-13,$-26,$-26,$-9,$2,$-46,$-4,$7,$-9
31,2010-10-31,8.71,$12.54,0.69,$37.83,0.23,$1.41,6.16,$0.87,10.01,$0.50B,$0.27B,1.87,$0.03B,$0.46B,0.06,$1.45B,$0.41B,27.95%,$1.45B,$0.06B,3.86%,$1.45B,$0.06B,3.86%,$1.45B,$0.12B,8.35%,$1.45B,$0.05B,3.59%,$1.45B,$0.03B,2.28%,$0.03B,$0.46B,6.93%,$0.03B,$0.44B,7.15%,$0.03B,$0.85B,4.01%,$0.06B,$0.49B,10.99%,$454,$307,$146,$0,$94,$401,$52,$-1,$51,$19,$32,$32,$32,$3,$52,$38,38,$0.85,$0.84,$45,$420,$0,$495,$326,$0,$15,$18,$359,$854,$265,$28,$102,$130,$395,$1,$267,$-6,$459,$854,$6,$46,$9,$56,$0,$-114,$73,$-4,$-45,$16,$-28,$0,$0,$0,$0,$0,$0,$-28,$-9,$0,$-9,$-22,$-22,$-7,$2,$-37,$-48,$5,$-7
32,2010-07-31,7.14,$12.73,0.56,$37.48,0.19,$2.55,2.8,$0.86,8.3,$0.45B,$0.19B,2.36,$0.03B,$0.49B,0.07,$1.44B,$0.40B,27.88%,$1.44B,$0.06B,3.88%,$1.44B,$0.06B,3.88%,$1.44B,$0.12B,8.46%,$1.44B,$0.05B,3.61%,$1.44B,$0.03B,2.29%,$0.03B,$0.49B,6.95%,$0.03B,$0.47B,7.18%,$0.03B,$0.81B,4.04%,$0.06B,$0.52B,10.98%,$332,$255,$77,$0,$88,$343,$-11,$-1,$-12,$-5,$-7,$-7,$-7,$35,$-11,$37,37,$-0.18,$-0.18,$83,$339,$0,$452,$328,$0,$15,$17,$360,$812,$192,$31,$102,$133,$325,$1,$276,$-6,$487,$812,$13,$32,$6,$38,$0,$-33,$3,$-4,$-33,$17,$-17,$0,$0,$0,$0,$0,$0,$-17,$-7,$0,$-7,$-2,$-2,$-4,$2,$-10,$-11,$3,$-4
33,2010-04-30,9.85,$12.50,0.79,$37.42,0.26,$3.66,2.69,$0.83,11.87,$0.46B,$0.20B,2.26,$0.04B,$0.48B,0.07,$1.44B,$0.40B,27.66%,$1.44B,$0.06B,3.82%,$1.44B,$0.06B,3.82%,$1.44B,$0.12B,8.27%,$1.44B,$0.05B,3.54%,$1.44B,$0.03B,2.22%,$0.03B,$0.48B,6.85%,$0.03B,$0.47B,7.08%,$0.03B,$0.82B,3.94%,$0.06B,$0.52B,10.89%,$345,$241,$104,$0,$87,$328,$17,$-1,$16,$6,$10,$10,$10,$19,$17,$38,39,$0.27,$0.27,$80,$349,$0,$456,$335,$0,$15,$17,$367,$823,$201,$35,$103,$138,$340,$1,$268,$-6,$484,$823,$2,$14,$3,$18,$0,$-43,$17,$0,$-26,$-6,$-8,$0,$0,$0,$0,$0,$0,$-8,$-3,$0,$-3,$5,$5,$-2,$2,$1,$-14,$1,$-2
34,2010-01-31,8.32,$12.52,0.66,$37.45,0.22,$3.90,2.13,$0.75,11.09,$0.43B,$0.18B,2.33,$0.04B,$0.48B,0.08,$1.43B,$0.39B,27.36%,$1.43B,$0.05B,3.49%,$1.43B,$0.05B,3.49%,$1.43B,$0.12B,8.03%,$1.43B,$0.05B,3.21%,$1.43B,$0.03B,2.02%,$0.03B,$0.48B,6.32%,$0.03B,$0.46B,6.54%,$0.03B,$0.80B,3.62%,$0.05B,$0.52B,10.01%,$340,$250,$90,$0,$85,$335,$5,$-1,$4,$1,$2,$2,$2,$64,$5,$38,39,$0.06,$0.06,$94,$306,$0,$427,$342,$0,$15,$16,$373,$800,$183,$38,$91,$141,$324,$1,$268,$-6,$476,$800,$29,$64,$11,$75,$0,$8,$7,$2,$17,$121,$-40,$0,$0,$0,$0,$0,$0,$-40,$-6,$0,$-6,$-0,$-0,$-8,$0,$-14,$67,$7,$-8
35,2009-10-31,7.57,$11.83,0.64,$38.12,0.2,$3.43,2.2,$0.70,10.81,$0.45B,$0.25B,1.83,$0.04B,$0.45B,0.08,$1.46B,$0.39B,26.84%,$1.46B,$0.05B,3.23%,$1.46B,$0.05B,3.23%,$1.46B,$0.11B,7.48%,$1.46B,$0.04B,2.95%,$1.46B,$0.03B,1.78%,$0.03B,$0.45B,5.75%,$0.03B,$0.44B,5.95%,$0.03B,$0.84B,3.28%,$0.05B,$0.49B,9.49%,$432,$298,$134,$0,$88,$386,$45,$-1,$44,$17,$28,$28,$28,$4,$45,$38,38,$0.73,$0.72,$45,$379,$0,$451,$353,$0,$15,$16,$384,$835,$247,$38,$100,$138,$384,$1,$242,$-5,$451,$835,$1,$46,$9,$54,$0,$-65,$74,$2,$12,$67,$-36,$0,$0,$0,$0,$0,$0,$-36,$-7,$0,$-7,$1,$1,$-6,$0,$-12,$19,$5,$-6
36,2009-07-31,7.97,$12.04,0.66,$38.23,0.21,$2.29,3.48,$-1.77,0.0,$0.40B,$0.19B,2.12,$0.04B,$0.46B,0.09,$1.47B,$0.39B,26.74%,$1.47B,$0.05B,3.14%,$1.47B,$0.05B,3.14%,$1.47B,$0.20B,13.85%,$1.47B,$-0.05B,-3.68%,$1.47B,$-0.07B,-4.77%,$-0.07B,$0.46B,-15.67%,$-0.07B,$0.44B,-16.21%,$-0.07B,$0.79B,-8.70%,$0.05B,$0.50B,9.07%,$325,$251,$74,$0,$84,$336,$-11,$-1,$-12,$-5,$-7,$-7,$-7,$32,$-11,$38,38,$-0.19,$-0.19,$61,$310,$0,$398,$359,$0,$15,$16,$390,$788,$188,$41,$101,$142,$330,$1,$251,$-5,$458,$788,$8,$31,$5,$36,$0,$4,$16,$2,$22,$66,$-24,$0,$0,$0,$0,$0,$0,$-24,$-4,$0,$-4,$1,$1,$-4,$0,$-7,$35,$3,$-4
37,2009-04-30,7.79,$11.81,0.66,$38.91,0.2,$2.07,3.77,$-1.76,0.0,$0.39B,$0.18B,2.12,$0.05B,$0.45B,0.11,$1.50B,$0.40B,26.65%,$1.50B,$0.05B,3.14%,$1.50B,$0.05B,3.14%,$1.50B,$0.20B,13.63%,$1.50B,$-0.05B,-3.54%,$1.50B,$-0.07B,-4.61%,$-0.07B,$0.45B,-14.82%,$-0.07B,$0.43B,-16.17%,$-0.07B,$0.78B,-8.32%,$0.05B,$0.50B,8.84%,$342,$242,$100,$0,$84,$326,$16,$-1,$15,$6,$9,$9,$9,$15,$16,$38,38,$0.24,$0.24,$22,$338,$0,$391,$363,$0,$15,$15,$392,$783,$184,$47,$103,$150,$334,$1,$244,$-5,$449,$783,$-1,$15,$3,$18,$0,$-24,$15,$-1,$-9,$8,$-13,$0,$0,$0,$0,$0,$0,$-13,$-2,$3,$2,$1,$1,$-2,$0,$0,$-5,$1,$-2
38,2009-01-31,4.51,$11.89,0.38,$39.20,0.12,$2.18,2.07,$-1.68,0.0,$0.37B,$0.17B,2.19,$0.05B,$0.45B,0.1,$1.52B,$0.41B,27.09%,$1.52B,$0.05B,3.43%,$1.52B,$0.05B,3.43%,$1.52B,$0.21B,13.65%,$1.52B,$-0.05B,-3.16%,$1.52B,$-0.07B,-4.35%,$-0.07B,$0.45B,-13.63%,$-0.07B,$0.44B,-15.65%,$-0.07B,$0.77B,-7.67%,$0.05B,$0.50B,9.22%,$334,$249,$84,$0,$85,$334,$-0,$-1,$-1,$-1,$-1,$-1,$-1,$58,$-0,$38,38,$-0.02,$-0.02,$26,$315,$0,$372,$367,$0,$15,$14,$396,$768,$170,$46,$94,$148,$318,$1,$247,$-5,$450,$768,$-66,$155,$36,$191,$0,$28,$-16,$25,$37,$163,$-100,$0,$0,$0,$0,$0,$0,$-100,$20,$-64,$-44,$-4,$-4,$-8,$2,$-54,$9,$8,$-8
39,2008-10-31,4.82,$11.24,0.43,$38.37,0.13,$1.22,3.95,$-1.57,0.0,$0.48B,$0.25B,1.96,$0.11B,$0.43B,0.25,$1.53B,$0.43B,27.71%,$1.53B,$0.06B,4.04%,$1.53B,$0.06B,4.04%,$1.53B,$0.22B,14.02%,$1.53B,$-0.04B,-2.48%,$1.53B,$-0.06B,-3.85%,$-0.06B,$0.43B,-11.75%,$-0.06B,$0.42B,-14.19%,$-0.06B,$0.88B,-6.66%,$0.06B,$0.54B,10.44%,$456,$323,$133,$0,$91,$414,$42,$-1,$41,$15,$25,$25,$25,$98,$42,$38,38,$0.64,$0.64,$16,$428,$0,$483,$360,$0,$15,$21,$396,$879,$246,$108,$95,$203,$449,$1,$223,$-2,$430,$879,$-91,$139,$25,$164,$0,$-85,$67,$13,$-5,$68,$-80,$0,$0,$0,$0,$0,$0,$-80,$15,$2,$17,$-2,$-2,$-6,$2,$11,$-1,$6,$-6
40,2008-07-31,9.23,$13.88,0.67,$38.13,0.24,$0.84,11.03,$1.15,8.03,$0.40B,$0.20B,2.02,$0.06B,$0.53B,0.12,$1.56B,$0.44B,28.55%,$1.56B,$0.08B,5.08%,$1.56B,$0.08B,5.08%,$1.56B,$0.14B,8.68%,$1.56B,$0.08B,4.82%,$1.56B,$0.05B,2.96%,$0.05B,$0.53B,8.69%,$0.05B,$0.42B,10.97%,$0.05B,$0.89B,5.07%,$0.08B,$0.60B,12.72%,$334,$259,$75,$0,$87,$346,$-12,$-97,$-109,$-6,$-103,$-103,$-103,$33,$-12,$39,39,$-2.66,$-2.66,$20,$350,$0,$398,$354,$0,$110,$25,$490,$888,$197,$64,$93,$157,$355,$1,$328,$-2,$533,$888,$12,$29,$12,$41,$0,$-7,$21,$18,$33,$86,$-52,$0,$0,$0,$0,$0,$0,$-52,$-3,$-39,$-42,$1,$1,$-4,$15,$-31,$3,$4,$-4
41,2008-04-30,9.77,$13.68,0.71,$36.84,0.27,$0.67,14.66,$1.13,8.65,$0.43B,$0.19B,2.28,$0.10B,$0.52B,0.19,$1.54B,$0.44B,28.68%,$1.54B,$0.08B,5.13%,$1.54B,$0.08B,5.13%,$1.54B,$0.13B,8.50%,$1.54B,$0.08B,4.87%,$1.54B,$0.05B,2.99%,$0.05B,$0.52B,8.68%,$0.05B,$0.41B,10.95%,$0.05B,$0.91B,5.15%,$0.08B,$0.63B,12.79%,$373,$266,$107,$0,$90,$356,$17,$-1,$16,$6,$10,$10,$10,$18,$17,$38,39,$0.25,$0.25,$21,$381,$0,$430,$339,$0,$110,$28,$478,$907,$188,$101,$94,$195,$383,$1,$320,$-2,$524,$907,$2,$13,$9,$22,$0,$-39,$24,$17,$2,$26,$-27,$0,$0,$0,$0,$0,$0,$-27,$-2,$8,$6,$0,$0,$-2,$0,$5,$4,$2,$-2
42,2008-01-31,7.44,$13.63,0.55,$35.76,0.21,$0.68,10.9,$1.27,5.86,$0.40B,$0.17B,2.41,$0.09B,$0.52B,0.18,$1.55B,$0.44B,28.74%,$1.55B,$0.09B,5.76%,$1.55B,$0.09B,5.76%,$1.55B,$0.14B,9.06%,$1.55B,$0.09B,5.57%,$1.55B,$0.05B,3.43%,$0.05B,$0.52B,9.75%,$0.05B,$0.41B,12.23%,$0.05B,$0.87B,6.03%,$0.09B,$0.62B,14.54%,$354,$258,$96,$0,$91,$349,$5,$-1,$4,$1,$2,$2,$2,$66,$5,$38,39,$0.06,$0.06,$17,$343,$0,$403,$330,$0,$110,$28,$468,$871,$167,$94,$89,$183,$351,$1,$320,$-2,$521,$871,$53,$50,$48,$98,$0,$-10,$-12,$-5,$-26,$125,$-95,$0,$0,$0,$0,$0,$0,$-95,$34,$50,$84,$-107,$-107,$-8,$3,$-28,$1,$8,$-8
43,2007-10-31,11.57,$13.01,0.89,$35.82,0.32,$-0.33,0.0,$1.37,8.44,$0.52B,$0.22B,2.32,$0.11B,$0.54B,0.2,$1.56B,$0.46B,29.11%,$1.56B,$0.10B,6.46%,$1.56B,$0.10B,6.46%,$1.56B,$0.15B,9.60%,$1.56B,$0.10B,6.27%,$1.56B,$0.06B,3.90%,$0.06B,$0.54B,10.97%,$0.06B,$0.43B,13.68%,$0.06B,$0.96B,7.03%,$0.10B,$0.65B,16.68%,$473,$326,$147,$0,$94,$421,$52,$-2,$51,$19,$32,$32,$32,$18,$52,$42,43,$0.77,$0.75,$18,$441,$0,$519,$303,$0,$110,$30,$443,$962,$224,$108,$91,$199,$423,$1,$290,$-2,$539,$962,$21,$36,$24,$60,$0,$-108,$62,$-0,$-47,$35,$-64,$0,$0,$0,$0,$0,$0,$-64,$2,$90,$91,$-57,$-57,$-6,$4,$32,$2,$5,$-6
44,2007-07-31,10.97,$12.96,0.85,$35.38,0.31,$-1.24,0.0,$1.37,8.0,$0.41B,$0.17B,2.42,$0.05B,$0.54B,0.09,$1.56B,$0.46B,29.53%,$1.56B,$0.10B,6.53%,$1.56B,$0.10B,6.53%,$1.56B,$0.15B,9.61%,$1.56B,$0.10B,6.28%,$1.56B,$0.06B,3.97%,$0.06B,$0.54B,11.18%,$0.06B,$0.43B,13.96%,$0.06B,$0.84B,7.26%,$0.10B,$0.58B,17.11%,$355,$261,$94,$0,$89,$350,$5,$-1,$4,$1,$2,$2,$2,$29,$5,$41,42,$0.06,$0.06,$19,$345,$0,$413,$286,$0,$110,$26,$423,$836,$171,$47,$81,$129,$299,$1,$290,$-2,$536,$836,$19,$24,$8,$31,$0,$-12,$12,$14,$14,$64,$-33,$0,$0,$0,$0,$0,$0,$-33,$2,$29,$31,$-57,$-57,$-4,$3,$-27,$4,$3,$-4
45,2007-04-30,13.52,$13.19,1.02,$35.41,0.38,$-2.10,0.0,$1.23,11.02,$0.43B,$0.16B,2.63,$0.03B,$0.58B,0.04,$1.56B,$0.45B,28.90%,$1.56B,$0.09B,5.88%,$1.56B,$0.09B,5.88%,$1.56B,$0.14B,8.95%,$1.56B,$0.09B,5.63%,$1.56B,$0.06B,3.58%,$0.06B,$0.58B,10.26%,$0.06B,$0.47B,12.87%,$0.06B,$0.85B,6.63%,$0.09B,$0.60B,15.71%,$359,$254,$105,$0,$88,$342,$17,$-1,$16,$6,$10,$10,$10,$27,$17,$42,43,$0.23,$0.23,$20,$367,$0,$432,$282,$0,$110,$24,$416,$849,$164,$25,$81,$106,$270,$1,$282,$-2,$579,$849,$9,$12,$4,$15,$0,$-34,$9,$18,$-7,$18,$-18,$0,$0,$0,$0,$0,$0,$-18,$-0,$8,$8,$-5,$-5,$-2,$3,$5,$5,$2,$-2
46,2007-01-31,13.09,$13.10,1.0,$35.31,0.37,$-2.37,0.0,$1.51,8.69,$0.41B,$0.16B,2.58,$0.02B,$0.57B,0.03,$1.55B,$0.45B,29.29%,$1.55B,$0.09B,5.94%,$1.55B,$0.09B,5.94%,$1.55B,$0.14B,8.97%,$1.55B,$0.09B,5.61%,$1.55B,$0.06B,3.61%,$0.06B,$0.57B,10.55%,$0.06B,$0.46B,13.33%,$0.06B,$0.83B,6.67%,$0.09B,$0.59B,15.98%,$358,$260,$98,$0,$83,$343,$15,$-1,$15,$5,$9,$9,$9,$76,$15,$44,45,$0.21,$0.20,$16,$333,$0,$414,$279,$0,$110,$21,$411,$825,$161,$17,$76,$93,$254,$1,$275,$-2,$571,$825,$55,$46,$18,$64,$0,$-48,$-14,$-3,$-64,$55,$-69,$0,$-36,$0,$0,$0,$0,$-105,$-0,$14,$14,$17,$17,$-5,$7,$32,$-18,$5,$-5
47,2006-10-31,13.2,$12.22,1.08,$33.68,0.39,$-1.30,0.0,$1.08,12.22,$0.51B,$0.22B,2.35,$0.08B,$0.53B,0.15,$1.48B,$0.41B,27.74%,$1.48B,$0.06B,4.06%,$1.48B,$0.06B,4.06%,$1.48B,$0.11B,7.24%,$1.48B,$0.06B,3.72%,$1.48B,$0.04B,2.44%,$0.04B,$0.53B,7.01%,$0.04B,$0.42B,8.85%,$0.04B,$0.91B,4.41%,$0.06B,$0.61B,10.81%,$491,$333,$158,$0,$94,$427,$64,$-2,$63,$23,$40,$40,$40,$18,$64,$42,44,$0.93,$0.89,$22,$415,$0,$509,$266,$0,$110,$19,$395,$905,$217,$77,$74,$155,$372,$0,$237,$-2,$533,$905,$16,$34,$-1,$34,$0,$-130,$46,$12,$-71,$-22,$-49,$0,$-36,$0,$0,$0,$0,$-85,$-0,$74,$74,$19,$19,$-3,$6,$95,$-12,$3,$-3
