,Date,Stock Price,Book Value per Share,Price to Book Ratio,TTM Sales per Share,Price to Sales Ratio,TTM FCF per Share,Price to FCF Ratio,TTM Net EPS,PE Ratio,Current Assets,Current Liabilities,Current Ratio,Long Term Debt,Shareholder's Equity_x,Debt to Equity Ratio,TTM Revenue_x,TTM Gross Profit,Gross Margin,TTM Revenue_y,TTM Operating Income,Operating Margin,TTM Revenue_x,TTM EBIT,EBIT Margin,TTM Revenue_y,TTM EBITDA,EBITDA Margin,TTM Revenue_x,TTM Pre-Tax Income,Pre-Tax Margin,TTM Revenue_y,TTM Net Income_x,Net Margin,TTM Net Income_y,Shareholder's Equity_y,Return on Equity,TTM Net Income_x,Tangible Equity,Return on Tangible Equity,TTM Net Income_y,Total Assets,Return on Assets,TTM Net Income,LT Investments & Debt,Return on Investment,revenue,cost-goods-sold,gross-profit,research-development-expenses,selling-general-administrative-expenses,operating-expenses,operating-income,total-non-operating-income-expense,pre-tax-income,total-provision-income-taxes,income-after-taxes,income-from-continuous-operations,net-income,ebitda,ebit,basic-shares-outstanding,shares-outstanding,eps-basic-net-earnings-per-share,eps-earnings-per-share-diluted,cash-on-hand,inventory,other-current-assets,total-current-assets,net-property-plant-equipment,long-term-investments,goodwill-intangible-assets-total,other-long-term-assets,total-long-term-assets,total-assets,total-current-liabilities,long-term-debt,other-non-current-liabilities,total-long-term-liabilities,total-liabilities,common-stock-net,retained-earnings-accumulated-deficit,comprehensive-income,total-share-holder-equity,total-liabilities-share-holders-equity,net-income-loss,total-depreciation-amortization-cash-flow,other-non-cash-items,total-non-cash-items,change-in-accounts-receivable,change-in-inventories,change-in-accounts-payable,change-in-assets-liabilities,total-change-in-assets-liabilities,cash-flow-from-operating-activities,net-change-in-property-plant-equipment,net-change-in-intangible-assets,net-acquisitions-divestitures,net-change-in-short-term-investments,net-change-in-long-term-investments,net-change-in-investments-total,investing-activities-other,cash-flow-from-investing-activities,net-long-term-debt,net-current-debt,debt-issuance-retirement-net-total,net-common-equity-issued-repurchased,net-total-equity-issued-repurchased,total-common-preferred-stock-dividends-paid,financial-activities-other,cash-flow-from-financial-activities,net-cash-flow,stock-based-compensation,common-stock-dividends-paid
0,2018-09-30,3.54,$1.11,3.18,$5.46,0.65,$1.47,2.4,$-0.29,0.0,$0.02B,$0.01B,4.55,$0.01B,$0.03B,0.22,$0.03B,$0.02B,51.61%,$0.03B,$-0.00B,-12.90%,$0.03B,$-0.00B,-12.90%,$0.03B,$0.00B,3.23%,$0.03B,$-0.01B,-16.13%,$0.03B,$-0.01B,-16.13%,$-0.01B,$0.03B,-18.52%,$-0.01B,$0.02B,-64.52%,$-0.01B,$0.05B,-11.90%,$-0.00B,$0.04B,-11.51%,$8,$3,$5,$0,$5,$8,$-0,$-0,$-0,$-0,$-0,$-0,$-0,$1,$-0,$30,30,$-0.01,$-0.01,$16,$2,$0,$22,$6,$0,$19,$0,$24,$46,$5,$7,$0,$8,$13,$0,$-234,$0,$33,$46,$-4,$4,$1,$5,$0,$1,$0,$0,$0,$2,$-0,$0,$0,$0,$0,$0,$-1,$-1,$-3,$-0,$-3,$15,$15,$0,$0,$11,$12,$1,$0
1,2018-06-30,2.05,$1.12,1.83,$8.14,0.25,$2.19,0.94,$-5.81,0.0,$0.02B,$0.00B,4.77,$0.01B,$0.03B,0.22,$0.03B,$0.02B,50.00%,$0.03B,$-0.01B,-16.67%,$0.03B,$-0.01B,-16.67%,$0.03B,$0.00B,6.67%,$0.03B,$-0.02B,-63.33%,$0.03B,$-0.02B,-63.33%,$-0.02B,$0.03B,-76.77%,$-0.02B,$0.01B,-400.00%,$-0.02B,$0.05B,-46.91%,$-0.01B,$0.04B,-15.27%,$8,$3,$4,$0,$5,$8,$-1,$-0,$-1,$0,$-1,$-1,$-1,$0,$-1,$14,14,$-0.06,$-0.06,$14,$2,$0,$20,$6,$0,$19,$0,$25,$46,$4,$7,$0,$8,$12,$0,$0,$-233,$33,$46,$-4,$3,$1,$3,$1,$1,$0,$-0,$0,$-0,$-0,$0,$0,$0,$0,$0,$-1,$-1,$-3,$0,$-3,$15,$15,$0,$0,$11,$10,$0,$0
2,2018-03-31,1.17,$4.52,0.26,$11.23,0.1,$2.84,0.41,$-6.27,0.0,$0.01B,$0.01B,1.15,$0.01B,$0.02B,0.35,$0.03B,$0.02B,53.33%,$0.03B,$-0.00B,-13.33%,$0.03B,$-0.00B,-13.33%,$0.03B,$0.01B,16.67%,$0.03B,$-0.02B,-63.33%,$0.03B,$-0.02B,-63.33%,$-0.02B,$0.02B,-97.44%,$-0.02B,$0.00B,1520.00%,$-0.02B,$0.04B,-47.80%,$-0.00B,$0.03B,-13.01%,$6,$3,$3,$0,$5,$8,$-2,$-0,$-2,$0,$-2,$-2,$-2,$-0,$-2,$4,4,$-0.13,$-0.13,$3,$3,$0,$10,$7,$0,$19,$0,$26,$37,$9,$7,$1,$8,$17,$0,$-232,$0,$20,$37,$-2,$1,$0,$2,$1,$-0,$0,$-1,$0,$0,$-0,$0,$0,$0,$0,$0,$-0,$-0,$-0,$0,$-0,$0,$0,$0,$-0,$-0,$-1,$0,$0
3,2017-12-31,1.23,$5.17,0.24,$13.01,0.09,$3.11,0.4,$-7.17,0.0,$0.01B,$0.01B,1.4,$0.01B,$0.02B,0.35,$0.03B,$0.02B,54.84%,$0.03B,$-0.00B,-9.68%,$0.03B,$-0.00B,-9.68%,$0.03B,$0.01B,22.58%,$0.03B,$-0.02B,-61.29%,$0.03B,$-0.02B,-61.29%,$-0.02B,$0.02B,-107.04%,$-0.02B,$0.00B,506.67%,$-0.02B,$0.04B,-46.06%,$-0.00B,$0.03B,-9.23%,$9,$4,$4,$0,$5,$10,$-1,$-0,$-2,$-0,$-2,$-2,$-2,$0,$-1,$3,3,$2.02,$2.02,$4,$3,$0,$11,$8,$0,$20,$0,$28,$39,$8,$8,$0,$9,$16,$0,$-229,$0,$22,$39,$-19,$9,$13,$22,$0,$-0,$0,$1,$1,$4,$-0,$0,$0,$0,$0,$0,$-2,$-2,$-1,$-0,$-2,$0,$0,$0,$0,$-2,$0,$0,$0
4,2017-09-30,1.77,$9.65,0.18,$13.11,0.13,$1.84,0.96,$-7.52,0.0,$0.01B,$0.01B,1.64,$0.01B,$0.02B,0.37,$0.03B,$0.02B,60.00%,$0.03B,$-0.00B,-6.67%,$0.03B,$-0.00B,-6.67%,$0.03B,$0.01B,33.33%,$0.03B,$-0.02B,-60.00%,$0.03B,$-0.02B,-60.00%,$-0.02B,$0.02B,-112.50%,$-0.02B,$0.00B,300.00%,$-0.02B,$0.04B,-42.60%,$-0.00B,$0.03B,-5.88%,$7,$3,$4,$0,$4,$8,$-1,$-13,$-14,$0,$-14,$-14,$-14,$2,$-1,$2,2,$-3.32,$-3.32,$3,$4,$0,$10,$9,$0,$21,$0,$30,$40,$6,$9,$0,$10,$16,$0,$-228,$0,$24,$40,$-17,$7,$12,$19,$0,$-1,$0,$0,$-0,$2,$-0,$0,$0,$0,$0,$0,$-2,$-2,$-1,$-0,$-1,$0,$0,$0,$0,$-1,$-1,$0,$0
5,2017-06-30,2.43,$4.69,0.52,$13.81,0.18,$0.56,4.37,$-2.70,0.0,$0.01B,$0.01B,1.35,$0.02B,$0.01B,1.85,$0.03B,$0.02B,61.29%,$0.03B,$-0.00B,-3.23%,$0.03B,$-0.00B,-3.23%,$0.03B,$0.01B,32.26%,$0.03B,$-0.01B,-16.13%,$0.03B,$-0.01B,-19.35%,$-0.01B,$0.01B,-42.86%,$-0.01B,$-0.01B,70.59%,$-0.01B,$0.04B,-13.95%,$-0.00B,$0.03B,-2.84%,$8,$3,$5,$0,$5,$8,$0,$-1,$-1,$0,$-1,$-1,$-1,$3,$0,$2,2,$-0.52,$-0.52,$4,$3,$0,$11,$9,$0,$22,$0,$32,$43,$8,$22,$1,$23,$31,$0,$-214,$0,$12,$43,$-3,$5,$0,$5,$-0,$-1,$0,$0,$-0,$2,$-0,$0,$0,$0,$0,$0,$-1,$-1,$-0,$0,$-0,$0,$0,$0,$0,$-0,$0,$0,$0
6,2017-03-31,3.03,$5.77,0.52,$13.52,0.22,$-0.77,0.0,$-3.33,0.0,$0.01B,$0.01B,1.39,$0.02B,$0.01B,1.72,$0.03B,$0.02B,61.29%,$0.03B,$-0.00B,-6.45%,$0.03B,$-0.00B,-6.45%,$0.03B,$0.01B,25.81%,$0.03B,$-0.00B,-9.68%,$0.03B,$-0.01B,-16.13%,$-0.01B,$0.01B,-32.79%,$-0.01B,$-0.01B,66.67%,$-0.01B,$0.04B,-11.56%,$-0.00B,$0.03B,-5.44%,$7,$3,$4,$0,$5,$8,$-1,$-1,$-2,$0,$-2,$-2,$-2,$2,$-1,$2,2,$-1.03,$-1.03,$4,$3,$0,$11,$10,$0,$23,$0,$33,$43,$8,$22,$1,$23,$31,$0,$-213,$0,$13,$43,$-2,$2,$0,$3,$0,$0,$0,$-0,$0,$1,$-0,$0,$0,$0,$0,$0,$-1,$-1,$-0,$0,$-0,$0,$0,$0,$0,$-0,$-0,$0,$0
7,2016-12-31,2.2,$6.79,0.32,$13.12,0.17,$-1.57,0.0,$-3.60,0.0,$0.01B,$0.01B,1.75,$0.02B,$0.02B,1.48,$0.03B,$0.02B,59.38%,$0.03B,$-0.00B,-9.38%,$0.03B,$-0.00B,-9.38%,$0.03B,$0.01B,18.75%,$0.03B,$-0.00B,-6.25%,$0.03B,$-0.00B,-12.50%,$-0.00B,$0.02B,-25.40%,$-0.00B,$-0.01B,55.17%,$-0.00B,$0.04B,-8.99%,$-0.00B,$0.04B,-8.00%,$8,$3,$5,$0,$4,$7,$0,$-1,$-1,$0,$-1,$-1,$-1,$3,$0,$2,2,$-0.40,$-0.59,$4,$3,$0,$11,$10,$0,$22,$0,$32,$43,$6,$22,$0,$22,$28,$0,$-211,$0,$15,$43,$-3,$9,$-5,$4,$1,$1,$0,$0,$-1,$0,$0,$0,$0,$0,$0,$0,$-1,$-1,$2,$-0,$1,$0,$0,$0,$0,$1,$1,$0,$0
