,Date,Stock Price,Book Value per Share,Price to Book Ratio,TTM Sales per Share,Price to Sales Ratio,TTM FCF per Share,Price to FCF Ratio,TTM Net EPS,PE Ratio,Current Assets,Current Liabilities,Current Ratio,Long Term Debt,Shareholder's Equity_x,Debt to Equity Ratio,TTM Revenue_x,TTM Gross Profit,Gross Margin,TTM Revenue_y,TTM Operating Income,Operating Margin,TTM Revenue_x,TTM EBIT,EBIT Margin,TTM Revenue_y,TTM EBITDA,EBITDA Margin,TTM Revenue_x,TTM Pre-Tax Income,Pre-Tax Margin,TTM Revenue_y,TTM Net Income_x,Net Margin,TTM Net Income_y,Shareholder's Equity_y,Return on Equity,TTM Net Income_x,Tangible Equity,Return on Tangible Equity,TTM Net Income_y,Total Assets,Return on Assets,TTM Net Income,LT Investments & Debt,Return on Investment,revenue,cost-goods-sold,gross-profit,research-development-expenses,selling-general-administrative-expenses,operating-expenses,operating-income,total-non-operating-income-expense,pre-tax-income,total-provision-income-taxes,income-after-taxes,income-from-continuous-operations,net-income,ebitda,ebit,basic-shares-outstanding,shares-outstanding,eps-basic-net-earnings-per-share,eps-earnings-per-share-diluted,cash-on-hand,inventory,other-current-assets,total-current-assets,net-property-plant-equipment,long-term-investments,goodwill-intangible-assets-total,other-long-term-assets,total-long-term-assets,total-assets,total-current-liabilities,long-term-debt,other-non-current-liabilities,total-long-term-liabilities,total-liabilities,common-stock-net,retained-earnings-accumulated-deficit,comprehensive-income,total-share-holder-equity,total-liabilities-share-holders-equity,net-income-loss,total-depreciation-amortization-cash-flow,other-non-cash-items,total-non-cash-items,change-in-accounts-receivable,change-in-inventories,change-in-accounts-payable,change-in-assets-liabilities,total-change-in-assets-liabilities,cash-flow-from-operating-activities,net-change-in-property-plant-equipment,net-change-in-intangible-assets,net-acquisitions-divestitures,net-change-in-short-term-investments,net-change-in-long-term-investments,net-change-in-investments-total,investing-activities-other,cash-flow-from-investing-activities,net-long-term-debt,net-current-debt,debt-issuance-retirement-net-total,net-common-equity-issued-repurchased,net-total-equity-issued-repurchased,total-common-preferred-stock-dividends-paid,financial-activities-other,cash-flow-from-financial-activities,net-cash-flow,stock-based-compensation,common-stock-dividends-paid
0,2018-09-30,8.71,$8.29,1.05,$3.52,2.47,$1.62,5.37,$0.22,39.59,$0.73B,$0.08B,8.91,$0.24B,$1.00B,0.25,$0.43B,$0.08B,19.06%,$0.43B,$0.05B,11.06%,$0.43B,$0.05B,11.06%,$0.43B,$0.15B,36.24%,$0.43B,$0.03B,7.06%,$0.43B,$0.03B,5.88%,$0.03B,$1.00B,2.50%,$0.03B,$0.95B,2.63%,$0.03B,$1.50B,1.66%,$0.05B,$1.24B,3.80%,$115,$93,$22,$6,$6,$105,$10,$-4,$7,$4,$2,$2,$6,$39,$10,$120,121,$0.05,$0.05,$481,$215,$3,$732,$693,$0,$50,$26,$772,$1504,$82,$244,$73,$425,$507,$1051,$-130,$0,$996,$1504,$3,$78,$21,$99,$-9,$0,$0,$0,$-9,$64,$6,$0,$0,$0,$0,$0,$-59,$-53,$2,$0,$2,$0,$0,$0,$6,$9,$15,$0,$0
1,2018-06-30,9.87,$8.26,1.19,$3.45,2.86,$2.12,4.67,$0.18,54.83,$0.76B,$0.09B,8.67,$0.24B,$0.99B,0.24,$0.42B,$0.08B,19.71%,$0.42B,$0.05B,11.30%,$0.42B,$0.05B,11.30%,$0.42B,$0.15B,36.06%,$0.42B,$0.03B,6.01%,$0.42B,$0.02B,4.81%,$0.02B,$0.99B,2.00%,$0.02B,$0.94B,2.11%,$0.02B,$1.51B,1.33%,$0.05B,$1.23B,3.81%,$104,$83,$21,$4,$8,$95,$9,$1,$10,$7,$3,$3,$5,$32,$9,$120,121,$0.04,$0.04,$502,$216,$4,$760,$667,$0,$50,$26,$745,$1505,$88,$240,$78,$424,$512,$1051,$-136,$0,$993,$1505,$0,$49,$10,$59,$1,$-25,$8,$-1,$-16,$28,$-20,$0,$0,$63,$0,$63,$-40,$3,$0,$0,$0,$2,$2,$0,$4,$6,$34,$0,$0
2,2018-03-31,9.6,$8.22,1.17,$3.46,2.77,$2.45,3.92,$0.45,21.33,$0.76B,$0.07B,10.4,$0.24B,$0.99B,0.24,$0.43B,$0.09B,20.98%,$0.43B,$0.08B,19.58%,$0.43B,$0.08B,19.58%,$0.43B,$0.19B,44.06%,$0.43B,$0.06B,12.82%,$0.43B,$0.05B,12.12%,$0.05B,$0.99B,5.21%,$0.05B,$0.94B,5.48%,$0.05B,$1.49B,3.44%,$0.08B,$1.22B,6.83%,$98,$81,$17,$3,$7,$90,$8,$-9,$-1,$2,$-2,$-2,$-2,$33,$8,$120,120,$-0.01,$-0.01,$517,$204,$4,$759,$652,$0,$50,$30,$731,$1490,$73,$237,$89,$432,$505,$1048,$-141,$0,$985,$1490,$-2,$25,$10,$35,$6,$-18,$1,$-0,$-12,$11,$-9,$0,$0,$28,$0,$28,$-18,$1,$0,$0,$0,$0,$0,$0,$1,$2,$13,$0,$0
3,2017-12-31,8.79,$8.54,1.03,$3.62,2.43,$2.61,3.37,$0.59,14.9,$0.80B,$0.07B,11.19,$0.23B,$1.02B,0.23,$0.45B,$0.11B,25.17%,$0.45B,$0.10B,22.49%,$0.45B,$0.10B,22.49%,$0.45B,$0.21B,45.66%,$0.45B,$0.07B,16.48%,$0.45B,$0.07B,15.37%,$0.07B,$1.02B,6.97%,$0.07B,$0.97B,7.34%,$0.07B,$1.54B,4.57%,$0.10B,$1.26B,8.29%,$108,$87,$21,$-1,$2,$88,$20,$-6,$14,$-3,$17,$17,$16,$50,$20,$120,121,$0.13,$0.13,$574,$183,$5,$800,$659,$0,$50,$29,$738,$1537,$71,$233,$94,$442,$514,$1047,$-140,$0,$1024,$1537,$71,$102,$-5,$98,$23,$-11,$-10,$-7,$-5,$145,$-29,$0,$0,$69,$0,$69,$-55,$-15,$0,$0,$0,$2,$2,$0,$2,$5,$133,$2,$0
4,2017-09-30,10.61,$8.26,1.28,$3.95,2.69,$2.88,3.69,$0.55,19.29,$0.76B,$0.07B,10.42,$0.23B,$0.99B,0.23,$0.47B,$0.12B,25.43%,$0.47B,$0.11B,22.44%,$0.47B,$0.11B,22.44%,$0.47B,$0.20B,43.38%,$0.47B,$0.08B,16.88%,$0.47B,$0.07B,13.89%,$0.07B,$0.99B,6.77%,$0.07B,$0.94B,7.14%,$0.07B,$1.50B,4.38%,$0.11B,$1.22B,8.86%,$106,$83,$23,$5,$7,$96,$10,$-8,$2,$0,$2,$2,$1,$35,$10,$120,121,$0.01,$0.01,$534,$178,$4,$757,$665,$0,$50,$27,$742,$1499,$73,$230,$94,$438,$510,$1046,$-156,$0,$989,$1499,$55,$73,$8,$80,$-9,$0,$0,$0,$-9,$100,$30,$0,$0,$0,$0,$0,$-35,$-6,$1,$0,$1,$0,$0,$0,$1,$3,$97,$0,$0
5,2017-06-30,9.71,$8.31,1.17,$4.13,2.35,$2.29,4.24,$0.86,11.29,$0.76B,$0.08B,9.69,$0.23B,$0.99B,0.23,$0.51B,$0.16B,30.69%,$0.51B,$0.15B,28.71%,$0.51B,$0.15B,28.71%,$0.51B,$0.24B,46.93%,$0.51B,$0.12B,23.37%,$0.51B,$0.10B,20.20%,$0.10B,$0.99B,10.83%,$0.10B,$0.94B,11.43%,$0.10B,$1.52B,6.92%,$0.15B,$1.22B,12.45%,$117,$88,$29,$4,$3,$71,$46,$-6,$40,$2,$38,$38,$37,$71,$46,$120,134,$0.31,$0.31,$528,$173,$4,$756,$681,$0,$50,$28,$759,$1515,$78,$227,$97,$442,$520,$1045,$-157,$0,$994,$1515,$53,$49,$-7,$42,$9,$-8,$-9,$-7,$-15,$69,$-16,$0,$0,$1,$0,$1,$-30,$-44,$0,$0,$0,$1,$1,$0,$0,$1,$26,$0,$0
6,2017-03-31,10.61,$7.98,1.33,$4.51,2.35,$2.15,4.93,$0.68,15.6,$0.77B,$0.08B,9.51,$0.22B,$0.95B,0.23,$0.51B,$0.17B,33.53%,$0.51B,$0.12B,24.26%,$0.51B,$0.12B,24.26%,$0.51B,$0.20B,40.04%,$0.51B,$0.09B,18.54%,$0.51B,$0.08B,15.19%,$0.08B,$0.95B,8.40%,$0.08B,$0.90B,8.88%,$0.08B,$1.48B,5.30%,$0.12B,$1.18B,10.83%,$118,$78,$40,$7,$8,$93,$25,$-6,$18,$3,$15,$15,$15,$49,$25,$119,121,$0.13,$0.12,$531,$167,$14,$769,$645,$0,$50,$20,$715,$1484,$81,$223,$103,$450,$531,$1044,$-194,$0,$953,$1484,$15,$24,$10,$34,$5,$-9,$-2,$-6,$-11,$31,$-9,$0,$0,$0,$0,$0,$-9,$-18,$0,$0,$0,$0,$0,$0,$0,$0,$13,$0,$0
7,2016-12-31,8.92,$7.55,1.18,$4.79,1.86,$2.06,4.32,$0.58,15.38,$0.70B,$0.14B,4.88,$0.22B,$0.90B,0.24,$0.49B,$0.15B,31.16%,$0.49B,$0.11B,23.01%,$0.49B,$0.11B,23.01%,$0.49B,$0.19B,38.49%,$0.49B,$0.08B,16.70%,$0.49B,$0.06B,13.03%,$0.06B,$0.90B,8.08%,$0.06B,$0.85B,8.48%,$0.06B,$1.44B,4.92%,$0.11B,$1.12B,11.21%,$127,$100,$27,$2,$1,$104,$24,$-5,$19,$6,$12,$12,$12,$48,$24,$103,105,$0.15,$0.15,$476,$155,$15,$704,$664,$0,$50,$20,$734,$1439,$144,$220,$56,$393,$537,$1044,$-209,$0,$902,$1439,$65,$76,$47,$123,$-14,$16,$6,$1,$9,$171,$-42,$0,$17,$5,$0,$5,$-23,$-43,$-14,$-4,$-18,$7,$7,$0,$-0,$-11,$115,$2,$0
8,2016-09-30,12.06,$7.71,1.56,$4.70,2.57,$1.39,8.7,$-0.35,0.0,$0.69B,$0.13B,5.15,$0.22B,$0.92B,0.24,$0.46B,$0.11B,23.08%,$0.46B,$0.04B,9.23%,$0.46B,$0.04B,9.23%,$0.46B,$0.12B,25.71%,$0.46B,$0.00B,0.66%,$0.46B,$-0.02B,-3.30%,$-0.02B,$0.92B,-2.21%,$-0.02B,$0.87B,-2.29%,$-0.02B,$1.46B,-1.29%,$0.04B,$1.14B,4.71%,$143,$84,$59,$4,$4,$93,$50,$-9,$41,$3,$38,$38,$38,$69,$50,$119,134,$0.32,$0.31,$456,$152,$12,$690,$686,$0,$50,$7,$764,$1455,$134,$217,$62,$400,$534,$1043,$-221,$0,$920,$1455,$53,$52,$33,$84,$-37,$15,$3,$-3,$-22,$97,$-31,$0,$17,$4,$0,$4,$-9,$-19,$-14,$-4,$-18,$6,$6,$0,$-0,$-11,$66,$2,$0
9,2016-06-30,12.99,$7.50,1.73,$4.59,2.83,$1.47,8.85,$-1.41,0.0,$0.67B,$0.14B,4.8,$0.21B,$0.89B,0.24,$0.39B,$0.04B,10.03%,$0.39B,$-0.06B,-15.17%,$0.39B,$-0.06B,-15.17%,$0.39B,$0.02B,4.37%,$0.39B,$-0.10B,-25.96%,$0.39B,$-0.11B,-28.79%,$-0.11B,$0.89B,-19.30%,$-0.11B,$0.84B,-19.73%,$-0.11B,$1.43B,-10.82%,$-0.06B,$1.11B,-7.47%,$119,$75,$44,$3,$12,$95,$24,$-9,$16,$3,$12,$12,$12,$37,$24,$93,95,$0.13,$0.13,$426,$163,$4,$670,$686,$0,$50,$6,$763,$1432,$140,$214,$62,$401,$540,$1038,$-259,$0,$892,$1432,$15,$33,$21,$54,$-23,$6,$2,$1,$-15,$43,$-19,$0,$17,$4,$0,$4,$-11,$-9,$-14,$-4,$-18,$4,$4,$0,$-0,$-14,$21,$1,$0
10,2016-03-31,5.55,$5.65,0.98,$4.52,1.23,$1.92,2.89,$-1.63,0.0,$0.48B,$0.13B,3.76,$0.21B,$0.46B,0.46,$0.37B,$0.01B,3.01%,$0.37B,$-0.08B,-21.31%,$0.37B,$-0.08B,-21.31%,$0.37B,$0.01B,1.64%,$0.37B,$-0.12B,-32.79%,$0.37B,$-0.13B,-35.79%,$-0.13B,$0.46B,-26.12%,$-0.13B,$0.46B,-26.12%,$-0.13B,$0.88B,-14.14%,$-0.08B,$0.67B,-11.01%,$102,$78,$23,$5,$4,$87,$15,$-9,$6,$4,$2,$2,$2,$35,$15,$81,81,$0.03,$0.03,$312,$125,$4,$484,$349,$0,$0,$8,$397,$881,$129,$211,$54,$296,$424,$708,$-272,$0,$456,$881,$2,$20,$8,$28,$0,$0,$0,$-10,$-10,$13,$-5,$0,$0,$0,$0,$0,$-1,$-6,$0,$-1,$-1,$0,$0,$0,$0,$-1,$6,$1,$0
11,2015-12-31,5.18,$5.53,0.94,$4.46,1.16,$2.09,2.48,$-1.55,0.0,$0.48B,$0.14B,3.51,$0.21B,$0.45B,0.47,$0.38B,$0.02B,4.79%,$0.38B,$-0.07B,-19.15%,$0.38B,$-0.07B,-19.15%,$0.38B,$0.01B,2.39%,$0.38B,$-0.11B,-30.05%,$0.38B,$-0.12B,-32.98%,$-0.12B,$0.45B,-23.31%,$-0.12B,$0.45B,-23.31%,$-0.12B,$0.87B,-13.01%,$-0.07B,$0.66B,-9.78%,$91,$111,$-21,$8,$18,$137,$-47,$-13,$-60,$6,$-67,$-67,$-67,$-24,$-47,$80,80,$-0.83,$-0.83,$300,$136,$4,$477,$349,$0,$0,$7,$395,$872,$136,$208,$52,$289,$424,$708,$-274,$0,$447,$872,$-124,$80,$126,$80,$0,$0,$0,$8,$8,$74,$-30,$0,$0,$0,$0,$0,$-15,$-44,$0,$-0,$0,$0,$0,$0,$0,$0,$27,$3,$0
12,2015-09-30,6.52,$0.00,0.0,$4.85,1.34,$-1.17,0.0,$-1.79,0.0,$0.51B,$0.14B,3.77,$0.21B,$0.53B,0.39,$0.41B,$0.05B,12.75%,$0.41B,$-0.08B,-19.61%,$0.41B,$-0.08B,-19.61%,$0.41B,$-0.00B,-0.49%,$0.41B,$-0.11B,-27.21%,$0.41B,$-0.14B,-35.05%,$-0.14B,$0.53B,-25.31%,$-0.14B,$0.53B,-25.31%,$-0.14B,$0.96B,-14.57%,$-0.08B,$0.73B,-9.81%,$77,$85,$-7,$3,$6,$128,$-51,$-12,$-63,$-3,$-59,$-59,$-59,$-31,$-51,$81,81,$-0.74,$-0.74,$308,$148,$4,$508,$0,$0,$0,$57,$57,$955,$135,$205,$61,$294,$428,$707,$-207,$0,$526,$955,$-58,$57,$74,$131,$-2,$-16,$5,$6,$-6,$54,$-8,$0,$0,$0,$0,$0,$-26,$-34,$0,$-2,$-2,$0,$0,$0,$0,$-2,$15,$2,$0
13,2015-06-30,6.28,$0.00,0.0,$4.88,1.29,$-5.10,0.0,$-1.23,0.0,$0.50B,$0.12B,4.06,$0.20B,$0.58B,0.35,$0.41B,$0.07B,15.85%,$0.41B,$-0.03B,-7.32%,$0.41B,$-0.03B,-7.32%,$0.41B,$0.04B,9.27%,$0.41B,$-0.06B,-15.37%,$0.41B,$-0.10B,-24.15%,$-0.10B,$0.58B,-15.57%,$-0.10B,$0.58B,-15.57%,$-0.10B,$1.00B,-9.51%,$-0.03B,$0.78B,-3.39%,$96,$79,$16,$4,$7,$91,$5,$-9,$-3,$4,$-7,$-7,$-7,$26,$5,$81,81,$-0.09,$-0.09,$315,$135,$4,$504,$0,$0,$0,$65,$65,$997,$124,$203,$60,$296,$420,$707,$-148,$0,$577,$997,$2,$37,$24,$62,$-2,$-2,$-3,$4,$-4,$53,$5,$0,$0,$0,$0,$0,$-21,$-16,$0,$-2,$-2,$0,$0,$0,$0,$-2,$33,$1,$0
14,2015-03-31,4.53,$0.00,0.0,$4.49,1.01,$-9.21,0.0,$-1.23,0.0,$0.48B,$0.12B,4.0,$0.20B,$0.58B,0.35,$0.38B,$0.06B,15.87%,$0.38B,$-0.03B,-7.94%,$0.38B,$-0.03B,-7.94%,$0.38B,$0.02B,6.35%,$0.38B,$-0.07B,-17.72%,$0.38B,$-0.10B,-26.19%,$-0.10B,$0.58B,-13.95%,$-0.10B,$0.58B,-13.95%,$-0.10B,$0.99B,-8.96%,$-0.03B,$0.78B,-3.14%,$112,$81,$30,$4,$5,$90,$21,$-9,$13,$3,$9,$9,$9,$38,$21,$81,94,$0.11,$0.11,$267,$124,$34,$478,$0,$0,$0,$68,$68,$989,$119,$200,$62,$292,$412,$707,$-174,$0,$578,$989,$9,$17,$12,$29,$-4,$8,$-5,$0,$-1,$31,$-6,$0,$0,$0,$0,$0,$-32,$-38,$0,$0,$0,$0,$0,$0,$0,$0,$-9,$1,$0
15,2014-12-31,5.01,$7.17,0.7,$3.72,1.34,$-9.43,0.0,$-1.55,0.0,$0.49B,$0.12B,4.0,$0.39B,$0.58B,0.68,$0.30B,$0.04B,12.00%,$0.30B,$-0.05B,-17.67%,$0.30B,$-0.05B,-17.67%,$0.30B,$-0.01B,-3.67%,$0.30B,$-0.10B,-32.00%,$0.30B,$-0.13B,-41.67%,$-0.13B,$0.58B,-16.13%,$-0.13B,$0.58B,-16.13%,$-0.13B,$0.99B,-10.86%,$-0.05B,$0.97B,-5.21%,$123,$110,$13,$17,$52,$178,$-55,$-3,$-58,$30,$-88,$-86,$-86,$-35,$-55,$81,81,$-1.07,$-1.07,$289,$129,$4,$492,$642,$0,$0,$55,$697,$986,$123,$394,$58,$481,$407,$707,$-183,$0,$579,$986,$-126,$42,$122,$42,$15,$3,$-2,$7,$23,$69,$-287,$0,$0,$39,$0,$39,$-51,$-299,$0,$6,$0,$0,$0,$0,$0,$6,$-231,$2,$0
16,2014-09-30,6.1,$0.00,0.0,$2.81,2.17,$-6.98,0.0,$-0.11,0.0,$0.47B,$0.11B,4.37,$0.20B,$0.81B,0.24,$0.23B,$0.03B,11.95%,$0.23B,$-0.00B,-0.44%,$0.23B,$-0.00B,-0.44%,$0.23B,$0.03B,14.60%,$0.23B,$0.00B,2.21%,$0.23B,$-0.01B,-3.98%,$-0.01B,$0.81B,-1.07%,$-0.01B,$0.81B,-1.07%,$-0.01B,$1.19B,-0.75%,$-0.00B,$1.01B,-0.10%,$79,$73,$6,$3,$4,$80,$-1,$-14,$-15,$-0,$-15,$-15,$-15,$9,$-1,$81,81,$-0.18,$-0.18,$253,$149,$4,$471,$0,$0,$0,$65,$83,$1193,$108,$195,$54,$275,$383,$707,$58,$0,$810,$1193,$-39,$21,$0,$21,$0,$0,$0,$0,$1,$5,$-277,$0,$0,$0,$0,$39,$-42,$-280,$0,$0,$0,$0,$0,$0,$0,$0,$-280,$0,$0
17,2014-06-30,8.66,$0.00,0.0,$2.37,3.66,$-4.11,0.0,$-0.11,0.0,$0.53B,$0.10B,5.29,$0.19B,$0.87B,0.22,$0.19B,$0.03B,14.14%,$0.19B,$-0.00B,-1.05%,$0.19B,$-0.00B,-1.05%,$0.19B,$0.03B,16.75%,$0.19B,$0.01B,3.14%,$0.19B,$-0.01B,-4.19%,$-0.01B,$0.87B,-0.94%,$-0.01B,$0.87B,-0.94%,$-0.01B,$1.25B,-0.67%,$-0.00B,$1.06B,-0.19%,$64,$53,$11,$1,$5,$59,$5,$-12,$-7,$0,$-7,$-7,$-7,$12,$5,$81,81,$-0.09,$-0.09,$283,$139,$24,$527,$0,$0,$0,$70,$85,$1253,$100,$192,$57,$281,$381,$707,$72,$0,$872,$1253,$-24,$12,$0,$12,$0,$0,$0,$0,$1,$1,$-274,$0,$0,$0,$0,$0,$-36,$-310,$0,$0,$0,$0,$0,$0,$0,$0,$-313,$0,$0
18,2014-03-31,9.93,$0.00,0.0,$1.98,5.02,$-0.95,0.0,$-2.94,0.0,$0.67B,$0.08B,8.02,$0.19B,$0.84B,0.23,$0.16B,$-0.00B,-1.88%,$0.16B,$-0.03B,-21.25%,$0.16B,$-0.03B,-21.25%,$0.16B,$0.00B,2.50%,$0.16B,$-0.22B,-138.75%,$0.16B,$-0.24B,-148.13%,$-0.24B,$0.84B,-27.94%,$-0.24B,$0.84B,-27.94%,$-0.24B,$1.17B,-20.14%,$-0.03B,$1.03B,-3.29%,$34,$28,$6,$1,$7,$35,$-2,$-14,$-16,$1,$-17,$-17,$-17,$3,$-2,$80,80,$-0.21,$-0.21,$545,$53,$16,$671,$0,$0,$0,$80,$94,$1171,$84,$190,$34,$249,$333,$707,$80,$0,$838,$1171,$-17,$5,$0,$5,$0,$0,$0,$0,$8,$1,$2,$0,$0,$0,$0,$0,$-19,$-17,$0,$0,$0,$0,$0,$0,$0,$0,$-19,$0,$0
19,2013-12-31,6.96,$0.00,0.0,$2.16,3.22,$-1.12,0.0,$-2.79,0.0,$0.69B,$0.10B,6.61,$0.19B,$0.84B,0.22,$0.18B,$0.01B,2.86%,$0.18B,$-0.02B,-13.14%,$0.18B,$-0.02B,-13.14%,$0.18B,$0.02B,10.86%,$0.18B,$-0.21B,-120.00%,$0.18B,$-0.23B,-128.57%,$-0.23B,$0.84B,-24.50%,$-0.23B,$0.84B,-24.50%,$-0.23B,$1.19B,-18.13%,$-0.02B,$1.03B,-2.09%,$49,$45,$4,$1,$5,$52,$-3,$46,$43,$14,$30,$30,$30,$9,$-3,$81,81,$0.37,$0.37,$545,$51,$23,$688,$0,$0,$0,$91,$103,$1191,$104,$187,$33,$245,$349,$707,$97,$0,$842,$1191,$-225,$42,$0,$42,$0,$0,$0,$0,$14,$19,$-40,$0,$0,$0,$0,$0,$-36,$-77,$0,$0,$118,$0,$0,$0,$0,$118,$49,$0,$0
20,2013-09-30,6.15,$0.00,0.0,$2.65,2.32,$-1.57,0.0,$-2.86,0.0,$0.68B,$0.08B,9.1,$0.19B,$0.85B,0.22,$0.21B,$0.02B,10.80%,$0.21B,$-0.01B,-6.57%,$0.21B,$-0.01B,-6.57%,$0.21B,$0.03B,14.55%,$0.21B,$-0.27B,-124.41%,$0.21B,$-0.23B,-108.45%,$-0.23B,$0.85B,-23.76%,$-0.23B,$0.85B,-23.76%,$-0.23B,$1.17B,-18.16%,$-0.01B,$1.04B,-1.26%,$44,$38,$6,$0,$7,$46,$-2,$-12,$-14,$1,$-14,$-14,$-14,$8,$-2,$81,81,$-0.18,$-0.18,$544,$54,$4,$683,$0,$0,$0,$78,$78,$1170,$75,$185,$33,$242,$317,$707,$76,$0,$853,$1170,$-255,$30,$0,$30,$0,$0,$0,$0,$-15,$5,$-46,$0,$0,$0,$0,$0,$-43,$-89,$0,$118,$0,$0,$0,$0,$0,$118,$34,$0,$0
21,2013-06-30,6.34,$0.00,0.0,$3.01,2.1,$-1.72,0.0,$-2.71,0.0,$0.71B,$0.08B,9.16,$0.18B,$0.86B,0.21,$0.24B,$0.05B,21.40%,$0.24B,$-0.01B,-2.06%,$0.24B,$-0.01B,-2.06%,$0.24B,$0.04B,17.70%,$0.24B,$-0.25B,-102.47%,$0.24B,$-0.22B,-90.12%,$-0.22B,$0.86B,-21.51%,$-0.22B,$0.86B,-21.51%,$-0.22B,$1.18B,-16.65%,$-0.01B,$1.04B,-0.45%,$33,$52,$-19,$2,$6,$60,$-27,$-208,$-235,$1,$-236,$-236,$-236,$-16,$-27,$81,81,$-2.92,$-2.92,$571,$65,$2,$708,$0,$0,$0,$73,$73,$1176,$77,$182,$33,$239,$316,$707,$90,$0,$860,$1176,$-241,$21,$0,$21,$0,$0,$0,$0,$-7,$10,$-28,$0,$0,$0,$0,$0,$-31,$-59,$0,$118,$0,$0,$0,$0,$0,$118,$69,$0,$0
22,2013-03-31,10.55,$0.00,0.0,$3.13,3.37,$-2.00,0.0,$0.64,16.48,$0.66B,$0.07B,9.59,$0.18B,$1.12B,0.16,$0.25B,$0.09B,35.71%,$0.25B,$0.02B,7.94%,$0.25B,$0.02B,7.94%,$0.25B,$0.07B,25.79%,$0.25B,$0.03B,11.51%,$0.25B,$0.05B,20.63%,$0.05B,$1.12B,4.91%,$0.05B,$1.12B,4.91%,$0.05B,$1.43B,3.85%,$0.02B,$1.30B,1.81%,$49,$35,$14,$1,$5,$40,$9,$-13,$-4,$0,$-5,$-5,$-5,$18,$9,$81,81,$-0.06,$-0.06,$462,$79,$35,$657,$0,$118,$0,$48,$179,$1426,$69,$180,$32,$239,$307,$707,$326,$0,$1119,$1426,$-5,$9,$0,$9,$0,$0,$0,$0,$-10,$4,$-15,$0,$0,$0,$0,$0,$-13,$-28,$0,$118,$0,$0,$0,$0,$0,$118,$95,$0,$0
23,2012-12-31,14.89,$0.00,0.0,$3.00,4.96,$-2.30,0.0,$0.69,21.58,$0.59B,$0.22B,2.76,$0.00B,$1.06B,0.0,$0.24B,$0.09B,37.76%,$0.24B,$0.01B,4.15%,$0.24B,$0.01B,4.15%,$0.24B,$0.06B,22.82%,$0.24B,$0.04B,14.52%,$0.24B,$0.06B,23.24%,$0.06B,$1.06B,5.45%,$0.06B,$1.06B,5.45%,$0.06B,$1.32B,4.25%,$0.01B,$1.06B,0.97%,$87,$64,$22,$5,$-4,$81,$6,$-18,$-12,$-36,$24,$24,$24,$21,$6,$79,79,$0.30,$0.30,$402,$102,$6,$594,$0,$120,$0,$45,$183,$1317,$215,$0,$31,$45,$260,$707,$326,$0,$1057,$1317,$55,$45,$0,$45,$0,$0,$0,$0,$-37,$5,$-62,$0,$71,$0,$0,$5,$18,$32,$0,$0,$0,$0,$1,$0,$0,$1,$38,$0,$0
24,2012-09-30,16.03,$0.00,0.0,$2.08,7.71,$-1.63,0.0,$0.42,38.17,$0.60B,$0.21B,2.9,$0.00B,$1.04B,0.0,$0.17B,$0.07B,39.29%,$0.17B,$-0.00B,-1.79%,$0.17B,$-0.00B,-1.79%,$0.17B,$0.03B,17.86%,$0.17B,$0.04B,23.21%,$0.17B,$0.04B,20.83%,$0.04B,$1.04B,3.47%,$0.04B,$1.04B,3.47%,$0.04B,$1.34B,2.68%,$-0.00B,$1.04B,-0.29%,$74,$39,$35,$5,$10,$66,$7,$-5,$2,$5,$-2,$-2,$-2,$20,$7,$81,81,$-0.03,$-0.03,$416,$116,$0,$604,$0,$122,$0,$44,$183,$1343,$208,$0,$47,$100,$308,$707,$303,$0,$1036,$1343,$31,$30,$0,$30,$0,$0,$0,$0,$-35,$-8,$-45,$0,$0,$0,$0,$71,$6,$32,$0,$0,$0,$0,$1,$0,$0,$1,$24,$0,$0
25,2012-06-30,11.24,$0.00,0.0,$1.49,7.54,$-0.95,0.0,$0.72,15.61,$0.58B,$0.21B,2.84,$0.00B,$1.02B,0.0,$0.12B,$0.04B,35.00%,$0.12B,$-0.01B,-5.83%,$0.12B,$-0.01B,-5.83%,$0.12B,$0.02B,12.50%,$0.12B,$0.09B,75.00%,$0.12B,$0.06B,49.17%,$0.06B,$1.02B,5.92%,$0.06B,$1.02B,5.92%,$0.06B,$1.32B,4.59%,$-0.01B,$1.02B,-0.66%,$42,$24,$19,$2,$10,$45,$-2,$46,$43,$9,$35,$35,$35,$6,$-2,$81,81,$0.43,$0.43,$402,$120,$0,$584,$0,$115,$0,$51,$185,$1323,$206,$0,$47,$96,$302,$707,$305,$0,$1021,$1323,$33,$17,$0,$17,$0,$0,$0,$0,$-19,$-9,$-31,$0,$0,$0,$0,$0,$63,$31,$0,$0,$0,$0,$1,$0,$0,$1,$23,$0,$0
26,2012-03-31,15.04,$0.00,0.0,$1.55,9.67,$-0.24,0.0,$0.86,17.49,$0.50B,$0.20B,2.5,$0.00B,$1.00B,0.0,$0.13B,$0.04B,31.20%,$0.13B,$0.00B,0.80%,$0.13B,$0.00B,0.80%,$0.13B,$0.02B,16.80%,$0.13B,$0.10B,79.20%,$0.13B,$0.07B,56.00%,$0.07B,$1.00B,7.05%,$0.07B,$1.00B,7.05%,$0.07B,$1.29B,5.53%,$0.00B,$1.00B,0.09%,$38,$24,$15,$1,$7,$40,$-1,$3,$2,$3,$-1,$-1,$-1,$8,$-1,$81,81,$-0.01,$-0.01,$338,$108,$0,$502,$0,$141,$0,$82,$240,$1288,$201,$0,$47,$93,$293,$707,$271,$0,$995,$1288,$-1,$9,$0,$9,$0,$0,$0,$0,$-35,$-21,$-14,$0,$0,$0,$0,$0,$-1,$-16,$0,$0,$0,$0,$1,$0,$0,$1,$-36,$0,$0
27,2011-12-31,13.82,$0.00,0.0,$1.83,7.57,$0.50,27.67,$0.99,13.96,$0.48B,$0.08B,6.14,$0.13B,$0.98B,0.13,$0.15B,$0.05B,35.37%,$0.15B,$0.02B,14.97%,$0.15B,$0.02B,14.97%,$0.15B,$0.04B,26.53%,$0.15B,$0.11B,75.51%,$0.15B,$0.08B,55.10%,$0.08B,$0.98B,8.24%,$0.08B,$0.98B,8.24%,$0.08B,$1.28B,6.54%,$0.02B,$1.11B,1.99%,$14,$18,$-3,$1,$3,$22,$-7,$-1,$-8,$-10,$3,$3,$3,$-4,$-7,$86,86,$0.03,$0.03,$363,$95,$19,$477,$0,$136,$0,$97,$255,$1276,$78,$125,$48,$215,$292,$706,$272,$0,$984,$1276,$80,$17,$0,$17,$0,$0,$0,$0,$-2,$6,$-9,$0,$0,$0,$0,$112,$-32,$71,$0,$0,$0,$0,$20,$0,$0,$20,$97,$0,$0
28,2011-09-30,18.35,$0.00,0.0,$2.23,8.24,$1.67,10.98,$5.68,3.23,$0.51B,$0.08B,6.37,$0.12B,$0.99B,0.12,$0.18B,$0.08B,44.94%,$0.18B,$0.05B,25.28%,$0.18B,$0.05B,25.28%,$0.18B,$0.07B,37.08%,$0.18B,$0.52B,291.57%,$0.18B,$0.46B,255.62%,$0.46B,$0.99B,45.71%,$0.46B,$0.99B,45.71%,$0.46B,$1.25B,36.82%,$0.05B,$1.11B,4.03%,$26,$15,$11,$2,$7,$23,$3,$50,$53,$31,$22,$22,$22,$5,$3,$81,81,$0.27,$0.27,$356,$79,$39,$508,$0,$136,$0,$87,$241,$1250,$80,$123,$22,$182,$262,$704,$275,$0,$988,$1250,$78,$14,$0,$14,$0,$0,$0,$0,$20,$13,$-11,$0,$113,$0,$0,$0,$-10,$91,$0,$0,$0,$0,$19,$0,$0,$19,$124,$0,$0
29,2011-06-30,26.69,$0.00,0.0,$2.43,10.98,$0.87,30.83,$5.31,5.03,$0.49B,$0.07B,6.66,$0.12B,$1.01B,0.12,$0.19B,$0.09B,44.33%,$0.19B,$0.05B,23.20%,$0.19B,$0.05B,23.20%,$0.19B,$0.07B,36.60%,$0.19B,$0.46B,238.66%,$0.19B,$0.43B,219.07%,$0.43B,$1.01B,46.99%,$0.43B,$1.01B,46.99%,$0.43B,$1.25B,37.59%,$0.05B,$1.13B,4.40%,$47,$31,$16,$3,$7,$41,$6,$46,$52,$7,$46,$46,$46,$12,$6,$80,80,$0.57,$0.57,$393,$56,$10,$493,$0,$145,$0,$83,$243,$1252,$74,$121,$30,$171,$245,$696,$253,$0,$1007,$1252,$56,$11,$0,$11,$0,$0,$0,$0,$17,$29,$-12,$0,$113,$0,$0,$0,$-7,$94,$0,$0,$0,$0,$13,$0,$0,$13,$136,$0,$0
30,2011-03-31,31.38,$0.00,0.0,$2.02,15.53,$-0.26,0.0,$4.55,6.9,$0.38B,$0.05B,7.89,$0.12B,$0.96B,0.12,$0.16B,$0.07B,45.34%,$0.16B,$0.03B,19.25%,$0.16B,$0.03B,19.25%,$0.16B,$0.06B,34.78%,$0.16B,$0.40B,246.58%,$0.16B,$0.36B,226.09%,$0.36B,$0.96B,45.01%,$0.36B,$0.96B,45.01%,$0.36B,$1.18B,35.63%,$0.03B,$1.07B,3.35%,$60,$32,$28,$1,$7,$40,$20,$-6,$14,$4,$10,$10,$10,$26,$20,$80,81,$0.12,$0.12,$261,$48,$42,$384,$0,$208,$0,$78,$286,$1179,$49,$118,$41,$174,$223,$687,$268,$0,$955,$1179,$10,$6,$0,$6,$0,$0,$0,$0,$5,$22,$3,$0,$0,$0,$0,$0,$-3,$-0,$0,$0,$0,$0,$7,$0,$0,$7,$28,$0,$0
31,2010-12-31,28.22,$0.00,0.0,$1.43,19.75,$-0.90,0.0,$4.33,6.52,$0.34B,$0.04B,8.95,$0.12B,$1.03B,0.12,$0.11B,$0.04B,31.86%,$0.11B,$-0.01B,-11.50%,$0.11B,$-0.01B,-11.50%,$0.11B,$0.01B,12.39%,$0.11B,$0.37B,327.43%,$0.11B,$0.35B,306.19%,$0.35B,$1.03B,47.40%,$0.35B,$1.03B,47.40%,$0.35B,$1.26B,36.97%,$-0.01B,$1.15B,-1.54%,$45,$20,$25,$2,$0,$29,$16,$384,$400,$23,$377,$377,$377,$23,$16,$79,79,$4.75,$4.72,$266,$40,$6,$342,$0,$226,$0,$80,$306,$1262,$38,$118,$0,$192,$230,$672,$278,$0,$1032,$1262,$346,$27,$0,$27,$0,$0,$0,$0,$-16,$-11,$101,$0,$0,$0,$0,$11,$-19,$93,$0,$0,$0,$0,$124,$0,$0,$124,$206,$0,$0
32,2010-09-30,19.98,$0.00,0.0,$0.94,21.31,$-4.77,0.0,$-0.52,0.0,$0.10B,$0.04B,2.74,$0.12B,$0.62B,0.19,$0.07B,$0.01B,15.07%,$0.07B,$-0.05B,-67.12%,$0.07B,$-0.05B,-67.12%,$0.07B,$-0.03B,-35.62%,$0.07B,$-0.05B,-65.75%,$0.07B,$-0.04B,-54.79%,$-0.04B,$0.62B,-6.60%,$-0.04B,$0.62B,-6.60%,$-0.04B,$0.83B,-4.95%,$-0.05B,$0.74B,-6.81%,$42,$25,$17,$0,$7,$38,$3,$-7,$-3,$4,$-7,$-8,$-8,$10,$3,$79,79,$-0.10,$-0.10,$55,$27,$3,$103,$0,$0,$0,$75,$75,$829,$37,$116,$51,$167,$204,$649,$-99,$0,$624,$829,$-30,$20,$0,$20,$0,$0,$0,$0,$-1,$-19,$-43,$0,$0,$0,$0,$11,$-50,$-82,$0,$0,$0,$0,$116,$0,$-7,$110,$9,$0,$0
33,2010-06-30,17.85,$0.00,0.0,$0.41,43.53,$-6.23,0.0,$-0.42,0.0,$0.12B,$0.03B,3.87,$0.11B,$0.62B,0.18,$0.03B,$-0.01B,-19.35%,$0.03B,$-0.06B,-180.65%,$0.03B,$-0.06B,-180.65%,$0.03B,$-0.04B,-129.03%,$0.03B,$-0.05B,-145.16%,$0.03B,$-0.03B,-103.23%,$-0.03B,$0.62B,-5.48%,$-0.03B,$0.62B,-5.48%,$-0.03B,$0.82B,-4.10%,$-0.06B,$0.74B,-8.05%,$14,$11,$3,$0,$6,$22,$-8,$-6,$-14,$1,$-15,$-15,$-15,$-3,$-8,$79,79,$-0.19,$-0.19,$79,$28,$3,$121,$0,$0,$0,$70,$70,$816,$31,$114,$47,$161,$193,$648,$-91,$0,$624,$816,$-23,$13,$0,$13,$0,$0,$0,$0,$-3,$-26,$-46,$0,$0,$0,$0,$2,$-8,$-52,$0,$0,$0,$0,$115,$0,$-6,$109,$31,$0,$0
34,2010-03-31,17.79,$0.00,0.0,$0.23,76.97,$-6.87,0.0,$-0.25,0.0,$0.16B,$0.04B,4.04,$0.11B,$0.64B,0.18,$0.02B,$-0.01B,-52.94%,$0.02B,$-0.05B,-305.88%,$0.02B,$-0.05B,-305.88%,$0.02B,$-0.04B,-241.18%,$0.02B,$-0.03B,-188.24%,$0.02B,$-0.02B,-105.88%,$-0.02B,$0.64B,-3.28%,$-0.02B,$0.64B,-3.28%,$-0.02B,$0.84B,-2.43%,$-0.05B,$0.75B,-7.90%,$12,$20,$-9,$0,$7,$36,$-24,$11,$-13,$-5,$-8,$-8,$-8,$-16,$-24,$75,75,$-0.10,$-0.10,$128,$17,$3,$156,$0,$0,$0,$66,$66,$837,$39,$113,$47,$159,$198,$647,$-76,$0,$640,$837,$-8,$8,$0,$8,$0,$0,$0,$0,$1,$-16,$-9,$0,$0,$0,$0,$2,$-9,$-16,$0,$0,$0,$0,$115,$0,$-6,$108,$76,$0,$0
35,2009-12-31,21.87,$0.00,0.0,$0.08,282.22,$-7.35,0.0,$-0.19,0.0,$0.08B,$0.05B,1.48,$0.11B,$0.54B,0.21,$0.01B,0,0.00%,$0.01B,$-0.03B,-640.00%,$0.01B,$-0.03B,-640.00%,$0.01B,$-0.03B,-580.00%,$0.01B,$-0.02B,-460.00%,$0.01B,$-0.01B,-260.00%,$-0.01B,$0.54B,-2.55%,$-0.01B,$0.54B,-2.55%,$-0.01B,$0.75B,-1.88%,$-0.03B,$0.65B,-5.18%,$5,$6,$-0,$0,$17,$25,$-20,$2,$-18,$-4,$-13,$-9,$-9,$-17,$-20,$70,70,$-0.13,$-0.13,$45,$21,$4,$75,$0,$0,$0,$62,$62,$750,$51,$111,$51,$162,$213,$539,$-69,$0,$537,$750,$-13,$2,$0,$2,$0,$0,$0,$0,$-35,$-40,$-152,$0,$0,$0,$0,$24,$-24,$-152,$0,$0,$0,$0,$156,$0,$-9,$146,$-45,$0,$0
36,2009-09-30,21.36,$0.00,0.0,0,0.0,$-6.78,0.0,$-0.28,0.0,$0.06B,$0.04B,1.74,$0.11B,$0.54B,0.2,$0.00B,0,nan%,$0.00B,$-0.01B,inf%,$0.00B,$-0.01B,inf%,$0.00B,$-0.01B,inf%,$0.00B,$-0.02B,inf%,$0.00B,$-0.02B,inf%,$-0.02B,$0.54B,-3.49%,$-0.02B,$0.54B,-3.49%,$-0.02B,$0.72B,-2.54%,$-0.01B,$0.64B,-2.34%,$0,$0,$0,$0,$4,$4,$-4,$4,$-0,$-0,$-0,$-0,$-0,$-4,$-4,$70,70,$0.00,$0.00,$54,$5,$2,$64,$0,$30,$0,$51,$81,$718,$37,$109,$37,$146,$183,$533,$-59,$0,$535,$718,$-4,$0,$0,$0,$0,$0,$0,$0,$-17,$-19,$-138,$0,$0,$0,$0,$4,$-19,$-153,$0,$0,$0,$0,$152,$0,$-9,$143,$-29,$0,$0
37,2009-06-30,18.75,$0.00,0.0,0,0.0,$-6.11,0.0,$-0.11,0.0,$0.07B,$0.03B,2.33,$0.11B,$0.48B,0.22,$0.00B,0,nan%,$0.00B,$-0.02B,inf%,$0.00B,$-0.02B,inf%,$0.00B,$-0.01B,inf%,$0.00B,$0.01B,inf%,$0.00B,$-0.01B,inf%,$-0.01B,$0.48B,-1.27%,$-0.01B,$0.48B,-1.27%,$-0.01B,$0.65B,-0.92%,$-0.02B,$0.59B,-2.58%,$0,$0,$0,$0,$4,$4,$-4,$3,$-1,$0,$-1,$-1,$-1,$-4,$-4,$69,69,$-0.02,$-0.02,$61,$1,$2,$66,$0,$0,$0,$72,$72,$654,$29,$107,$34,$142,$171,$485,$-59,$0,$483,$654,$-4,$0,$0,$0,$0,$0,$0,$0,$-12,$-13,$-93,$0,$0,$0,$0,$4,$-12,$-101,$0,$0,$0,$0,$95,$0,$0,$95,$-19,$0,$0
38,2009-03-31,16.12,$0.00,0.0,0,0.0,$-5.66,0.0,$-0.18,0.0,$0.12B,$0.03B,3.96,$0.11B,$0.48B,0.22,$0.00B,0,nan%,$0.00B,$-0.02B,inf%,$0.00B,$-0.02B,inf%,$0.00B,$-0.01B,inf%,$0.00B,$0.00B,inf%,$0.00B,$-0.01B,inf%,$-0.01B,$0.48B,-2.12%,$-0.01B,$0.48B,-2.12%,$-0.01B,$0.65B,-1.54%,$-0.02B,$0.59B,-2.76%,$0,$0,$0,$0,$4,$4,$-4,$1,$-4,$-1,$-3,$-3,$-3,$-4,$-4,$65,65,$-0.04,$-0.04,$119,$1,$1,$124,$0,$27,$0,$37,$64,$651,$31,$106,$31,$137,$168,$484,$-58,$0,$482,$651,$-3,$0,$0,$0,$0,$0,$0,$0,$-4,$-4,$-50,$0,$0,$0,$0,$0,$-4,$-54,$0,$0,$0,$0,$94,$0,$0,$94,$36,$0,$0
39,2008-12-31,15.94,$0.00,0.0,0,0.0,$-5.19,0.0,$-0.11,0.0,$0.10B,$0.05B,1.92,$0.12B,$0.45B,0.27,$0.00B,0,nan%,$0.00B,$-0.02B,inf%,$0.00B,$-0.02B,inf%,$0.00B,$-0.02B,inf%,$0.00B,$0.01B,inf%,$0.00B,$-0.01B,inf%,$-0.01B,$0.45B,-1.05%,$-0.01B,$0.45B,-1.05%,$-0.01B,$0.66B,-0.77%,$-0.02B,$0.57B,-3.44%,$0,$-0,$0,$1,$1,$2,$-2,$-13,$-15,$2,$-17,$-13,$-13,$-2,$-2,$62,62,$-0.22,$-0.22,$96,$0,$1,$100,$0,$32,$0,$37,$69,$657,$52,$120,$33,$154,$207,$437,$-64,$0,$450,$657,$-10,$2,$0,$2,$0,$0,$0,$0,$17,$17,$-152,$0,$0,$0,$0,$3,$11,$-138,$0,$126,$0,$0,$2,$0,$0,$128,$7,$0,$0
40,2008-09-30,16.53,$0.00,0.0,0,0.0,$-4.38,0.0,$-0.12,0.0,$0.17B,$0.04B,4.19,$0.11B,$0.47B,0.22,$0.00B,0,nan%,$0.00B,$-0.03B,inf%,$0.00B,$-0.03B,inf%,$0.00B,$-0.02B,inf%,$0.00B,$0.01B,inf%,$0.00B,$-0.01B,inf%,$-0.01B,$0.47B,-1.50%,$-0.01B,$0.47B,-1.50%,$-0.01B,$0.65B,-1.17%,$-0.03B,$0.57B,-4.59%,$0,$0,$0,$0,$5,$5,$-5,$31,$27,$16,$11,$11,$11,$-4,$-5,$62,62,$0.17,$0.17,$155,$0,$7,$165,$0,$33,$0,$21,$54,$646,$39,$105,$32,$137,$176,$445,$-48,$0,$469,$646,$7,$1,$0,$1,$0,$0,$0,$0,$7,$-3,$-95,$0,$0,$0,$0,$3,$27,$-65,$0,$0,$128,$0,$2,$0,$0,$130,$62,$0,$0
41,2008-06-30,28.65,$0.00,0.0,0,0.0,$-3.84,0.0,$-0.49,0.0,$0.21B,$0.02B,10.35,$0.10B,$0.48B,0.21,$0.00B,0,nan%,$0.00B,$-0.03B,inf%,$0.00B,$-0.03B,inf%,$0.00B,$-0.03B,inf%,$0.00B,$-0.03B,inf%,$0.00B,$-0.03B,inf%,$-0.03B,$0.48B,-6.53%,$-0.03B,$0.48B,-6.53%,$-0.03B,$0.64B,-5.38%,$-0.03B,$0.59B,-5.09%,$0,$0,$0,$0,$5,$5,$-5,$-1,$-5,$0,$-5,$-5,$-5,$-4,$-5,$61,61,$-0.09,$-0.09,$210,$0,$2,$214,$0,$26,$0,$17,$43,$636,$21,$102,$30,$132,$153,$457,$-64,$0,$483,$636,$-3,$1,$0,$1,$0,$0,$0,$0,$2,$0,$-66,$0,$0,$0,$0,$3,$33,$-30,$0,$132,$0,$0,$1,$0,$0,$134,$104,$0,$0
42,2008-03-31,30.33,$0.00,0.0,0,0.0,$-3.37,0.0,$-0.47,0.0,$0.26B,$0.02B,13.62,$0.10B,$0.49B,0.21,$0.00B,0,nan%,$0.00B,$-0.03B,inf%,$0.00B,$-0.03B,inf%,$0.00B,$-0.03B,inf%,$0.00B,$-0.03B,inf%,$0.00B,$-0.03B,inf%,$-0.03B,$0.49B,-6.74%,$-0.03B,$0.49B,-6.74%,$-0.03B,$0.65B,-5.84%,$-0.03B,$0.60B,-5.74%,$0,$0,$-0,$0,$8,$8,$-8,$10,$2,$0,$2,$2,$2,$-8,$-8,$72,72,$0.03,$0.03,$259,$0,$1,$263,$0,$27,$0,$13,$39,$647,$19,$102,$30,$133,$152,$462,$-59,$0,$494,$647,$2,$0,$0,$0,$0,$0,$0,$0,$0,$3,$-28,$0,$0,$0,$0,$1,$38,$11,$0,$0,$135,$0,$1,$0,$-1,$135,$148,$0,$0
43,2007-12-31,36.53,$0.00,0.0,0,0.0,$-3.27,0.0,$-0.53,0.0,$0.12B,$0.02B,8.47,$0.00B,$0.43B,0.0,$0.00B,0,nan%,$0.00B,$-0.02B,inf%,$0.00B,$-0.02B,inf%,$0.00B,$-0.02B,inf%,$0.00B,$-0.03B,inf%,$0.00B,$-0.03B,inf%,$-0.03B,$0.43B,-7.80%,$-0.03B,$0.43B,-7.80%,$-0.03B,$0.47B,-7.15%,$-0.02B,$0.43B,-5.20%,$0,$-0,$0,$-0,$7,$7,$-7,$-7,$-14,$0,$-14,$-15,$-15,$-7,$-7,$64,64,$-0.23,$-0.23,$107,$15,$0,$124,$0,$42,$0,$11,$53,$467,$15,$0,$26,$27,$42,$430,$-57,$0,$425,$467,$-32,$0,$0,$0,$0,$0,$0,$0,$-0,$-4,$-83,$0,$0,$0,$0,$-56,$-8,$-146,$0,$0,$0,$0,$11,$0,$0,$11,$-139,$0,$0
44,2007-09-30,37.29,$0.00,0.0,0,0.0,$-2.39,0.0,$-0.32,0.0,$0.15B,$0.02B,8.67,$0.00B,$0.44B,0.0,$0.00B,0,nan%,$0.00B,$-0.03B,inf%,$0.00B,$-0.03B,inf%,$0.00B,$-0.03B,inf%,$0.00B,$-0.02B,inf%,$0.00B,$-0.02B,inf%,$-0.02B,$0.44B,-4.60%,$-0.02B,$0.44B,-4.60%,$-0.02B,$0.48B,-4.24%,$-0.03B,$0.44B,-6.53%,$0,$0,$0,$0,$6,$6,$-6,$-6,$-12,$0,$-12,$-12,$-12,$-6,$-6,$61,61,$-0.20,$-0.20,$133,$15,$1,$152,$0,$51,$0,$7,$58,$480,$17,$0,$25,$25,$43,$433,$-45,$0,$437,$480,$-19,$0,$0,$0,$0,$0,$0,$0,$-5,$-6,$-58,$0,$0,$0,$0,$-58,$0,$-116,$0,$0,$0,$0,$7,$0,$0,$7,$-116,$0,$0
45,2007-06-30,34.37,$0.00,0.0,0,0.0,$-1.78,0.0,$-0.08,0.0,$0.22B,$0.01B,22.61,$0.00B,$0.43B,0.0,$0.00B,0,nan%,$0.00B,$-0.02B,inf%,$0.00B,$-0.02B,inf%,$0.00B,$-0.02B,inf%,$0.00B,$-0.01B,inf%,$0.00B,$-0.01B,inf%,$-0.01B,$0.43B,-1.25%,$-0.01B,$0.43B,-1.25%,$-0.01B,$0.46B,-1.16%,$-0.02B,$0.43B,-5.76%,$0,$0,$-0,$0,$6,$6,$-6,$1,$-5,$0,$-5,$-5,$-5,$-6,$-6,$62,62,$-0.07,$-0.07,$203,$14,$1,$221,$0,$0,$0,$4,$4,$460,$10,$0,$25,$25,$35,$411,$-31,$0,$425,$460,$-6,$0,$0,$0,$0,$0,$0,$0,$3,$4,$-42,$0,$0,$0,$0,$-3,$0,$-45,$0,$0,$0,$0,$6,$0,$0,$6,$-36,$0,$0
46,2007-03-31,34.86,$0.00,0.0,0,0.0,$-1.52,0.0,$0.24,145.25,$0.24B,$0.01B,36.29,$0.00B,$0.41B,0.0,$0.00B,0,nan%,$0.00B,$-0.02B,inf%,$0.00B,$-0.02B,inf%,$0.00B,$-0.02B,inf%,$0.00B,$0.01B,inf%,$0.00B,$0.02B,inf%,$0.02B,$0.41B,3.88%,$0.02B,$0.41B,3.88%,$0.02B,$0.44B,3.61%,$-0.02B,$0.41B,-4.91%,$0,$0,$-0,$0,$3,$3,$-3,$2,$-1,$0,$-1,$-1,$-1,$-3,$-3,$52,52,$-0.03,$-0.03,$220,$13,$1,$238,$0,$0,$0,$4,$4,$438,$7,$0,$25,$25,$32,$382,$-25,$0,$406,$438,$-1,$0,$0,$0,$0,$0,$0,$0,$1,$1,$-15,$0,$0,$0,$0,$-3,$0,$-18,$0,$0,$0,$0,$3,$0,$0,$3,$-13,$0,$0
47,2006-12-31,30.74,$0.00,0.0,0,0.0,$-1.47,0.0,$0.25,122.96,$0.23B,$0.01B,47.76,$0.00B,$0.39B,0.0,$0.00B,0,nan%,$0.00B,$-0.02B,inf%,$0.00B,$-0.02B,inf%,$0.00B,$-0.02B,inf%,$0.00B,$0.01B,inf%,$0.00B,$0.02B,inf%,$0.02B,$0.39B,4.47%,$0.02B,$0.39B,4.47%,$0.02B,$0.42B,4.13%,$-0.02B,$0.39B,-5.37%,$0,$0,$-0,$0,$12,$12,$-12,$10,$-2,$0,$-2,$-1,$-1,$-13,$-12,$85,85,$-0.02,$-0.02,$208,$14,$1,$225,$0,$0,$0,$3,$3,$415,$5,$0,$26,$26,$30,$390,$-24,$0,$385,$415,$14,$0,$0,$0,$0,$0,$0,$0,$-2,$-3,$-38,$0,$0,$0,$0,$44,$0,$6,$0,$0,$0,$0,$179,$0,$0,$179,$182,$0,$0
