,Date,Stock Price,Book Value per Share,Price to Book Ratio,TTM Sales per Share,Price to Sales Ratio,TTM FCF per Share,Price to FCF Ratio,TTM Net EPS,PE Ratio,Current Assets,Current Liabilities,Current Ratio,Long Term Debt,Shareholder's Equity_x,Debt to Equity Ratio,TTM Revenue_x,TTM Gross Profit,Gross Margin,TTM Revenue_y,TTM Operating Income,Operating Margin,TTM Revenue_x,TTM EBIT,EBIT Margin,TTM Revenue_y,TTM EBITDA,EBITDA Margin,TTM Revenue_x,TTM Pre-Tax Income,Pre-Tax Margin,TTM Revenue_y,TTM Net Income_x,Net Margin,TTM Net Income_y,Shareholder's Equity_y,Return on Equity,TTM Net Income_x,Tangible Equity,Return on Tangible Equity,TTM Net Income_y,Total Assets,Return on Assets,TTM Net Income,LT Investments & Debt,Return on Investment,revenue,cost-goods-sold,gross-profit,research-development-expenses,selling-general-administrative-expenses,operating-expenses,operating-income,total-non-operating-income-expense,pre-tax-income,total-provision-income-taxes,income-after-taxes,income-from-continuous-operations,net-income,ebitda,ebit,basic-shares-outstanding,shares-outstanding,eps-basic-net-earnings-per-share,eps-earnings-per-share-diluted,cash-on-hand,inventory,other-current-assets,total-current-assets,net-property-plant-equipment,long-term-investments,goodwill-intangible-assets-total,other-long-term-assets,total-long-term-assets,total-assets,total-current-liabilities,long-term-debt,other-non-current-liabilities,total-long-term-liabilities,total-liabilities,common-stock-net,retained-earnings-accumulated-deficit,comprehensive-income,total-share-holder-equity,total-liabilities-share-holders-equity,net-income-loss,total-depreciation-amortization-cash-flow,other-non-cash-items,total-non-cash-items,change-in-accounts-receivable,change-in-inventories,change-in-accounts-payable,change-in-assets-liabilities,total-change-in-assets-liabilities,cash-flow-from-operating-activities,net-change-in-property-plant-equipment,net-change-in-intangible-assets,net-acquisitions-divestitures,net-change-in-short-term-investments,net-change-in-long-term-investments,net-change-in-investments-total,investing-activities-other,cash-flow-from-investing-activities,net-long-term-debt,net-current-debt,debt-issuance-retirement-net-total,net-common-equity-issued-repurchased,net-total-equity-issued-repurchased,total-common-preferred-stock-dividends-paid,financial-activities-other,cash-flow-from-financial-activities,net-cash-flow,stock-based-compensation,common-stock-dividends-paid
0,2018-09-30,8.33,$14.05,0.59,$7.25,1.15,$-0.20,0.0,$1.41,5.91,$0.49B,$0.95B,0.51,$3.47B,$2.43B,1.43,$1.02B,$0.80B,79.13%,$1.02B,$0.41B,40.26%,$1.02B,$0.41B,40.26%,$1.02B,$0.66B,64.96%,$1.02B,$0.28B,27.07%,$1.02B,$0.20B,20.08%,$0.20B,$2.48B,9.48%,$0.20B,$2.41B,9.83%,$0.20B,$7.59B,2.87%,$0.41B,$5.95B,7.21%,$295,$55,$240,$0,$8,$162,$133,$-53,$80,$0,$80,$80,$63,$202,$133,$170,174,$0.37,$0.36,$438,$0,$0,$488,$5983,$829,$75,$161,$7104,$7592,$953,$3468,$304,$4157,$5111,$2,$-670,$-23,$2481,$7592,$216,$201,$-82,$119,$9,$0,$0,$-9,$-10,$325,$-307,$0,$-334,$-2,$-0,$-3,$73,$-570,$-35,$11,$-24,$250,$251,$-78,$234,$383,$138,$2,$-28
1,2018-06-30,10.06,$15.23,0.66,$7.28,1.38,$-0.17,0.0,$1.31,7.68,$0.37B,$0.91B,0.41,$3.80B,$2.09B,1.82,$0.93B,$0.73B,78.22%,$0.93B,$0.35B,37.23%,$0.93B,$0.35B,37.23%,$0.93B,$0.58B,62.66%,$0.93B,$0.24B,26.07%,$0.93B,$0.17B,18.56%,$0.17B,$2.09B,8.66%,$0.17B,$2.02B,9.00%,$0.17B,$7.55B,2.60%,$0.35B,$5.89B,6.45%,$282,$59,$223,$0,$9,$162,$119,$-51,$68,$0,$68,$68,$49,$193,$119,$137,137,$0.36,$0.34,$316,$0,$0,$373,$6038,$840,$75,$167,$7180,$7554,$906,$3798,$317,$4556,$5462,$2,$-750,$-23,$2091,$7554,$136,$132,$-61,$71,$2,$0,$0,$-12,$-24,$183,$-301,$0,$-334,$-2,$-0,$-3,$73,$-564,$191,$24,$215,$0,$0,$-54,$237,$398,$16,$2,$-19
2,2018-03-31,6.49,$15.32,0.42,$7.03,0.92,$1.07,6.06,$1.08,6.01,$0.44B,$0.51B,0.86,$4.03B,$2.08B,1.93,$0.86B,$0.67B,77.89%,$0.86B,$0.30B,35.32%,$0.86B,$0.30B,35.32%,$0.86B,$0.52B,60.47%,$0.86B,$0.20B,23.74%,$0.86B,$0.14B,15.91%,$0.14B,$2.08B,7.06%,$0.14B,$2.01B,7.34%,$0.14B,$7.42B,2.21%,$0.30B,$6.11B,5.98%,$225,$50,$175,$0,$7,$142,$83,$-15,$68,$0,$68,$68,$50,$141,$83,$134,134,$0.37,$0.37,$378,$0,$0,$440,$5814,$851,$75,$173,$6979,$7418,$510,$4030,$345,$4824,$5335,$2,$-747,$-23,$2084,$7418,$68,$58,$-40,$18,$4,$0,$0,$-18,$-16,$70,$-20,$0,$-334,$0,$-0,$-0,$73,$-281,$286,$36,$322,$0,$0,$-26,$-5,$291,$80,$1,$-9
3,2017-12-31,6.44,$14.81,0.43,$7.24,0.89,$1.31,4.92,$0.93,6.92,$0.38B,$0.44B,0.86,$2.79B,$1.95B,1.43,$0.83B,$0.65B,77.86%,$0.83B,$0.29B,34.90%,$0.83B,$0.29B,34.90%,$0.83B,$0.50B,60.29%,$0.83B,$0.18B,21.06%,$0.83B,$0.11B,13.24%,$0.11B,$1.95B,5.96%,$0.11B,$1.87B,6.21%,$0.11B,$5.88B,1.94%,$0.29B,$4.74B,6.20%,$214,$49,$166,$0,$11,$141,$74,$-15,$59,$0,$59,$59,$42,$124,$74,$118,118,$0.34,$0.35,$289,$0,$0,$381,$4537,$688,$75,$134,$5497,$5878,$444,$2788,$368,$3485,$3929,$2,$-781,$-24,$1949,$5878,$175,$212,$-68,$144,$17,$0,$0,$-15,$4,$323,$-301,$0,$0,$0,$20,$20,$-2,$-284,$-382,$150,$-232,$119,$122,$-126,$83,$-154,$-115,$18,$-62
4,2017-09-30,6.65,$15.08,0.44,$7.49,0.89,$1.12,5.94,$0.45,14.78,$0.44B,$0.37B,1.19,$2.93B,$1.87B,1.57,$0.83B,$0.65B,78.07%,$0.83B,$0.22B,26.02%,$0.83B,$0.22B,26.02%,$0.83B,$0.43B,51.93%,$0.83B,$0.12B,14.10%,$0.83B,$0.05B,6.39%,$0.05B,$1.87B,2.95%,$0.05B,$1.79B,3.08%,$0.05B,$5.81B,0.94%,$0.22B,$4.79B,4.61%,$211,$46,$165,$0,$14,$140,$71,$-22,$48,$0,$48,$48,$32,$126,$71,$122,122,$0.27,$0.26,$336,$0,$11,$444,$4570,$521,$75,$140,$5369,$5813,$373,$2925,$400,$3573,$3946,$2,$-808,$-24,$1867,$5813,$117,$162,$-31,$130,$9,$0,$0,$-20,$-13,$234,$-217,$0,$0,$0,$20,$20,$0,$-197,$-273,$117,$-156,$79,$79,$-102,$88,$-91,$-54,$12,$-53
5,2017-06-30,6.57,$15.35,0.43,$7.96,0.83,$0.16,42.08,$-1.67,0.0,$0.40B,$0.48B,0.84,$2.75B,$1.81B,1.52,$0.84B,$0.66B,77.84%,$0.84B,$0.01B,1.42%,$0.84B,$0.01B,1.42%,$0.84B,$0.23B,27.13%,$0.84B,$-0.12B,-13.63%,$0.84B,$-0.18B,-20.85%,$-0.18B,$1.81B,-9.90%,$-0.18B,$1.73B,-10.33%,$-0.18B,$5.46B,-3.11%,$0.01B,$4.56B,0.26%,$205,$45,$160,$0,$7,$130,$74,$-46,$28,$0,$28,$28,$12,$126,$74,$114,114,$0.11,$0.11,$306,$0,$0,$402,$4777,$0,$75,$138,$5056,$5458,$479,$2754,$414,$3169,$3648,$2,$-825,$-24,$1810,$5458,$68,$106,$-17,$89,$9,$0,$0,$-21,$-18,$139,$-96,$0,$0,$0,$20,$20,$0,$-76,$-174,$-13,$-187,$57,$57,$-78,$88,$-119,$-57,$4,$-46
6,2017-03-31,6.26,$16.05,0.39,$8.37,0.75,$-0.71,0.0,$-1.55,0.0,$0.42B,$0.53B,0.8,$2.87B,$1.76B,1.63,$0.86B,$0.67B,77.40%,$0.86B,$0.03B,2.90%,$0.86B,$0.03B,2.90%,$0.86B,$0.25B,28.74%,$0.86B,$-0.11B,-12.40%,$0.86B,$-0.17B,-19.12%,$-0.17B,$1.76B,-9.39%,$-0.17B,$1.68B,-9.80%,$-0.17B,$5.55B,-2.84%,$0.03B,$4.63B,0.54%,$201,$46,$156,$0,$7,$131,$71,$-31,$40,$0,$40,$40,$24,$125,$71,$107,107,$0.22,$0.22,$296,$0,$0,$418,$4852,$0,$75,$133,$5126,$5545,$526,$2871,$387,$3260,$3786,$1,$-824,$-25,$1759,$5545,$40,$54,$-18,$37,$6,$0,$0,$-11,$0,$77,$-12,$0,$0,$0,$2,$3,$0,$-9,$-96,$-6,$-102,$24,$24,$-55,$0,$-134,$-66,$2,$-39
7,2016-12-31,7.98,$16.53,0.48,$8.60,0.93,$-1.71,0.0,$-1.83,0.0,$0.51B,$0.49B,1.05,$3.03B,$1.75B,1.73,$0.88B,$0.68B,77.33%,$0.88B,$0.04B,4.44%,$0.88B,$0.04B,4.44%,$0.88B,$0.27B,30.75%,$0.88B,$-0.14B,-15.95%,$0.88B,$-0.20B,-22.21%,$-0.20B,$1.75B,-11.14%,$-0.20B,$1.67B,-11.64%,$-0.20B,$5.66B,-3.27%,$0.04B,$4.78B,0.83%,$213,$46,$167,$0,$7,$214,$-0,$2,$1,$0,$1,$1,$-15,$54,$-0,$103,103,$-0.20,$-0.20,$380,$0,$0,$510,$4884,$0,$75,$120,$5148,$5658,$485,$3029,$395,$3426,$3911,$1,$-807,$-27,$1747,$5658,$-139,$230,$243,$473,$-22,$0,$0,$7,$-23,$311,$-311,$0,$0,$3,$50,$53,$-7,$-266,$-484,$156,$-328,$88,$296,$-203,$341,$107,$152,$6,$-149
8,2016-09-30,11.3,$17.01,0.66,$8.72,1.3,$-5.50,0.0,$-1.06,0.0,$0.72B,$0.61B,1.18,$2.65B,$1.80B,1.48,$0.88B,$0.68B,76.90%,$0.88B,$0.13B,14.72%,$0.88B,$0.13B,14.72%,$0.88B,$0.36B,41.11%,$0.88B,$-0.07B,-7.36%,$0.88B,$-0.12B,-13.25%,$-0.12B,$1.80B,-6.66%,$-0.12B,$1.72B,-6.95%,$-0.12B,$5.99B,-1.93%,$0.13B,$4.45B,2.71%,$225,$51,$174,$0,$8,$357,$-133,$-51,$-184,$0,$-184,$-184,$-197,$-76,$-133,$102,102,$-1.86,$-1.86,$574,$0,$0,$715,$5013,$0,$75,$115,$5275,$5991,$606,$2654,$932,$3588,$4194,$1,$-754,$-27,$1797,$5991,$-140,$176,$216,$391,$-18,$0,$0,$3,$-18,$233,$-316,$0,$0,$1,$37,$38,$-1,$-279,$-283,$162,$-120,$88,$296,$-148,$341,$370,$323,$4,$-109
9,2016-06-30,11.54,$16.41,0.7,$8.66,1.33,$-7.72,0.0,$0.87,13.26,$0.52B,$0.39B,1.32,$3.03B,$1.73B,1.75,$0.87B,$0.67B,76.69%,$0.87B,$0.36B,40.99%,$0.87B,$0.36B,40.99%,$0.87B,$0.59B,67.85%,$0.87B,$0.14B,15.96%,$0.87B,$0.09B,9.99%,$0.09B,$1.73B,4.97%,$0.09B,$1.65B,5.19%,$0.09B,$6.08B,1.43%,$0.36B,$4.76B,7.29%,$224,$53,$171,$0,$9,$137,$87,$-51,$36,$0,$36,$36,$23,$145,$87,$101,102,$0.23,$0.23,$376,$0,$0,$521,$5274,$18,$75,$121,$5559,$6080,$394,$3026,$928,$3957,$4351,$1,$-521,$-29,$1729,$6080,$44,$120,$23,$143,$-7,$0,$0,$-5,$-21,$166,$-216,$0,$0,$1,$38,$39,$-1,$-177,$-71,$69,$-2,$88,$2,$-101,$243,$142,$131,$2,$-71
10,2016-03-31,14.85,$17.60,0.84,$8.46,1.75,$-9.60,0.0,$1.32,11.25,$0.60B,$0.46B,1.3,$3.09B,$1.73B,1.79,$0.85B,$0.65B,76.36%,$0.85B,$0.35B,41.49%,$0.85B,$0.35B,41.49%,$0.85B,$0.58B,68.68%,$0.85B,$0.18B,21.75%,$0.85B,$0.13B,15.60%,$0.13B,$1.73B,7.46%,$0.13B,$1.65B,7.79%,$0.13B,$6.10B,2.17%,$0.35B,$4.82B,7.11%,$216,$49,$167,$0,$8,$130,$85,$-78,$7,$0,$7,$7,$-6,$147,$85,$102,102,$-0.06,$-0.06,$293,$0,$0,$596,$5247,$24,$75,$90,$5505,$6101,$458,$3088,$824,$3914,$4372,$1,$-504,$-30,$1729,$6101,$7,$62,$25,$87,$-5,$0,$0,$-10,$-16,$78,$-117,$0,$0,$1,$-14,$-12,$-0,$-130,$49,$-6,$43,$-8,$-8,$-49,$108,$95,$43,$1,$-36
11,2015-12-31,12.47,$18.01,0.69,$8.28,1.51,$-9.27,0.0,$1.46,8.54,$0.54B,$0.42B,1.28,$3.39B,$1.78B,1.91,$0.82B,$0.62B,76.07%,$0.82B,$0.35B,42.74%,$0.82B,$0.35B,42.74%,$0.82B,$0.57B,69.23%,$0.82B,$0.20B,24.18%,$0.82B,$0.15B,17.83%,$0.15B,$1.78B,8.24%,$0.15B,$1.70B,8.61%,$0.15B,$6.07B,2.40%,$0.35B,$5.16B,7.09%,$218,$51,$167,$0,$7,$127,$91,$-15,$76,$0,$76,$76,$63,$147,$91,$99,99,$0.63,$0.63,$257,$0,$0,$540,$5278,$34,$75,$89,$5534,$6074,$424,$3386,$485,$3874,$4298,$1,$-460,$-31,$1776,$6074,$199,$217,$-54,$163,$-0,$0,$0,$-36,$-26,$336,$-713,$0,$0,$-2,$-1,$-3,$-1,$-717,$-73,$128,$55,$-14,$-26,$-159,$525,$395,$14,$5,$-106
12,2015-09-30,11.82,$17.84,0.66,$8.10,1.46,$-7.41,0.0,$0.97,12.18,$0.51B,$0.40B,1.28,$3.08B,$1.77B,1.74,$0.79B,$0.60B,76.33%,$0.79B,$0.36B,44.94%,$0.79B,$0.36B,44.94%,$0.79B,$0.57B,71.65%,$0.79B,$0.15B,18.99%,$0.79B,$0.10B,12.28%,$0.10B,$1.77B,5.50%,$0.10B,$1.70B,5.75%,$0.10B,$6.07B,1.61%,$0.36B,$4.85B,7.31%,$213,$49,$163,$0,$7,$119,$94,$-73,$20,$0,$20,$20,$7,$152,$94,$99,99,$0.07,$0.07,$274,$0,$0,$510,$5267,$54,$75,$88,$5563,$6073,$399,$3083,$818,$3903,$4302,$1,$-485,$-32,$1771,$6073,$123,$161,$-19,$142,$-11,$0,$0,$-26,$-26,$239,$-541,$0,$0,$-2,$58,$56,$-0,$-485,$-113,$0,$-113,$0,$0,$-110,$516,$294,$48,$3,$-70
13,2015-06-30,14.27,$18.14,0.79,$7.89,1.81,$-4.03,0.0,$1.44,9.91,$0.49B,$0.38B,1.3,$3.11B,$1.80B,1.73,$0.76B,$0.58B,76.54%,$0.76B,$0.35B,45.22%,$0.76B,$0.35B,45.22%,$0.76B,$0.55B,71.82%,$0.76B,$0.20B,25.56%,$0.76B,$0.14B,18.61%,$0.14B,$1.80B,8.08%,$0.14B,$1.72B,8.45%,$0.14B,$6.07B,2.36%,$0.35B,$4.91B,7.12%,$199,$51,$149,$0,$6,$118,$81,$0,$81,$0,$81,$81,$68,$135,$81,$99,99,$0.68,$0.68,$298,$0,$0,$487,$5276,$68,$75,$86,$5586,$6073,$376,$3110,$786,$3900,$4275,$1,$-454,$-33,$1798,$6073,$103,$102,$-33,$69,$-5,$0,$0,$-26,$-16,$156,$-392,$0,$0,$-12,$98,$86,$0,$-306,$-109,$0,$-109,$0,$0,$-60,$382,$212,$62,$2,$-33
14,2015-03-31,13.53,$17.80,0.76,$7.71,1.76,$-1.08,0.0,$0.83,16.31,$0.68B,$0.43B,1.58,$3.09B,$1.74B,1.77,$0.74B,$0.57B,76.96%,$0.74B,$0.34B,46.21%,$0.74B,$0.34B,46.21%,$0.74B,$0.54B,72.76%,$0.74B,$0.13B,18.16%,$0.74B,$0.08B,10.84%,$0.08B,$1.74B,4.62%,$0.08B,$1.66B,4.83%,$0.08B,$6.06B,1.32%,$0.34B,$4.83B,7.06%,$189,$45,$144,$0,$7,$104,$84,$-63,$21,$0,$21,$21,$8,$133,$84,$98,98,$0.08,$0.08,$368,$0,$0,$677,$5108,$66,$75,$70,$5387,$6064,$429,$3086,$803,$3895,$4324,$1,$-485,$-34,$1740,$6064,$21,$48,$17,$65,$-7,$0,$0,$-18,$-22,$64,$-70,$0,$0,$-2,$-6,$-8,$-0,$-78,$-67,$0,$-67,$0,$0,$-30,$253,$156,$142,$1,$-16
15,2014-12-31,13.12,$18.05,0.73,$7.73,1.7,$-1.07,0.0,$0.78,16.82,$0.52B,$0.42B,1.24,$3.08B,$1.75B,1.77,$0.72B,$0.55B,76.85%,$0.72B,$0.33B,45.89%,$0.72B,$0.33B,45.89%,$0.72B,$0.52B,72.80%,$0.72B,$0.13B,18.27%,$0.72B,$0.07B,10.32%,$0.07B,$1.75B,4.30%,$0.07B,$1.67B,4.49%,$0.07B,$5.90B,1.24%,$0.33B,$4.83B,6.90%,$189,$42,$147,$0,$7,$93,$96,$-69,$28,$0,$28,$28,$14,$146,$96,$93,94,$0.16,$0.15,$224,$0,$0,$517,$5096,$75,$75,$67,$5378,$5895,$417,$3084,$641,$3733,$4150,$1,$-459,$-35,$1745,$5895,$131,$192,$8,$200,$-10,$0,$0,$16,$12,$343,$-524,$0,$0,$10,$-210,$-199,$32,$-691,$133,$-393,$-261,$4,$135,$-113,$313,$74,$-275,$8,$-62
16,2014-09-30,15.37,$18.21,0.84,$8.01,1.92,$1.83,8.42,$1.28,12.01,$0.58B,$0.31B,1.9,$3.08B,$1.74B,1.77,$0.70B,$0.54B,76.71%,$0.70B,$0.31B,44.57%,$0.70B,$0.31B,44.57%,$0.70B,$0.50B,71.57%,$0.70B,$0.17B,24.43%,$0.70B,$0.11B,15.43%,$0.11B,$1.74B,6.43%,$0.11B,$1.67B,6.73%,$0.11B,$6.09B,1.80%,$0.31B,$4.82B,6.69%,$186,$42,$144,$0,$8,$102,$84,$-19,$65,$0,$65,$65,$52,$134,$84,$96,96,$0.54,$0.54,$310,$0,$0,$580,$5161,$89,$75,$120,$5504,$6085,$305,$3080,$951,$4037,$4342,$1,$-440,$-37,$1743,$6085,$103,$142,$-5,$138,$-9,$0,$0,$8,$3,$244,$-212,$0,$0,$-77,$-178,$-255,$-25,$-491,$-147,$0,$-147,$4,$135,$-83,$66,$-29,$-276,$7,$-46
17,2014-06-30,16.49,$18.00,0.92,$8.69,1.9,$2.20,7.49,$1.16,14.22,$0.62B,$0.30B,2.07,$3.14B,$1.70B,1.84,$0.69B,$0.53B,77.11%,$0.69B,$0.31B,45.04%,$0.69B,$0.31B,45.04%,$0.69B,$0.49B,72.01%,$0.69B,$0.15B,22.45%,$0.69B,$0.08B,12.24%,$0.08B,$1.70B,5.27%,$0.08B,$1.63B,5.53%,$0.08B,$6.12B,1.42%,$0.31B,$4.84B,6.81%,$174,$41,$133,$0,$7,$97,$77,$-57,$20,$0,$20,$20,$6,$124,$77,$95,95,$0.07,$0.07,$390,$0,$0,$618,$5174,$97,$75,$99,$5504,$6122,$299,$3138,$978,$4122,$4420,$1,$-459,$-38,$1702,$6122,$38,$93,$21,$114,$-7,$0,$0,$8,$6,$158,$-103,$0,$0,$-72,$-127,$-198,$-3,$-305,$-95,$0,$-95,$4,$135,$-54,$-30,$-44,$-190,$5,$-30
18,2014-03-31,15.31,$18.20,0.84,$8.80,1.74,$2.13,7.19,$2.44,6.27,$0.41B,$0.27B,1.52,$2.87B,$1.70B,1.69,$0.68B,$0.53B,77.35%,$0.68B,$0.30B,44.71%,$0.68B,$0.30B,44.71%,$0.68B,$0.49B,71.76%,$0.68B,$0.26B,38.38%,$0.68B,$0.19B,27.35%,$0.19B,$1.70B,12.30%,$0.19B,$1.63B,12.94%,$0.19B,$5.84B,3.22%,$0.30B,$4.57B,6.90%,$168,$41,$127,$0,$8,$96,$72,$-54,$18,$0,$18,$18,$2,$118,$72,$86,86,$0.03,$0.03,$310,$0,$0,$409,$5093,$107,$75,$100,$5426,$5835,$270,$2873,$988,$3865,$4135,$1,$-434,$-39,$1700,$5835,$18,$46,$7,$53,$1,$0,$0,$1,$4,$75,$-80,$0,$0,$10,$-1,$9,$-1,$-71,$-288,$0,$-288,$0,$130,$-25,$-11,$-193,$-189,$2,$-14
19,2013-12-31,15.7,$22.71,0.69,$8.77,1.79,$1.89,8.3,$2.94,5.34,$0.60B,$0.52B,1.15,$2.85B,$1.57B,1.82,$0.68B,$0.53B,77.70%,$0.68B,$0.31B,45.20%,$0.68B,$0.31B,45.20%,$0.68B,$0.49B,72.23%,$0.68B,$0.30B,44.17%,$0.68B,$0.22B,32.50%,$0.22B,$1.57B,15.68%,$0.22B,$1.50B,16.57%,$0.22B,$5.95B,3.84%,$0.31B,$4.43B,7.07%,$172,$38,$133,$0,$7,$93,$79,$-11,$68,$0,$68,$68,$48,$125,$79,$65,75,$0.70,$0.63,$509,$0,$0,$600,$4992,$119,$75,$107,$5348,$5948,$520,$2853,$998,$3856,$4376,$1,$-412,$-41,$1572,$5948,$299,$182,$-164,$18,$-5,$0,$0,$9,$11,$328,$-256,$0,$0,$24,$-59,$-34,$-5,$-295,$97,$0,$97,$64,$112,$-83,$-63,$62,$95,$15,$-44
20,2013-09-30,16.51,$0.00,0.0,$9.08,1.82,$2.49,6.64,$2.89,5.71,$0.39B,$0.32B,1.21,$2.90B,$1.40B,2.07,$0.68B,$0.53B,77.93%,$0.68B,$0.31B,45.48%,$0.68B,$0.31B,45.48%,$0.68B,$0.49B,72.44%,$0.68B,$0.29B,42.96%,$0.68B,$0.21B,31.56%,$0.21B,$1.40B,16.20%,$0.21B,$1.33B,17.18%,$0.21B,$5.68B,3.76%,$0.31B,$4.30B,7.17%,$172,$37,$136,$0,$8,$92,$81,$-33,$48,$0,$48,$48,$28,$127,$81,$65,66,$0.42,$0.42,$271,$0,$0,$388,$4958,$119,$75,$89,$5296,$5684,$320,$2901,$1056,$3963,$4283,$1,$-450,$-42,$1401,$5684,$231,$136,$-131,$5,$7,$0,$0,$-12,$-10,$226,$-179,$0,$0,$-46,$-81,$-127,$-2,$-308,$-15,$0,$-15,$-9,$-9,$-61,$-47,$-131,$-213,$12,$-32
21,2013-06-30,13.8,$0.00,0.0,$9.11,1.51,$1.99,6.93,$2.48,5.56,$0.39B,$0.25B,1.56,$2.94B,$1.38B,2.14,$0.67B,$0.52B,77.86%,$0.67B,$0.31B,45.77%,$0.67B,$0.31B,45.77%,$0.67B,$0.49B,72.66%,$0.67B,$0.26B,38.63%,$0.67B,$0.19B,27.64%,$0.19B,$1.38B,15.01%,$0.19B,$1.30B,15.95%,$0.19B,$5.66B,3.30%,$0.31B,$4.32B,7.27%,$168,$37,$130,$0,$12,$95,$72,$55,$127,$0,$127,$127,$108,$118,$72,$64,87,$1.67,$1.35,$355,$0,$0,$394,$4903,$121,$75,$110,$5264,$5658,$253,$2943,$1079,$4027,$4280,$1,$-467,$-43,$1378,$5658,$183,$90,$-119,$-29,$5,$0,$0,$-23,$-18,$136,$-92,$0,$0,$-46,$-1,$-47,$-25,$-164,$-24,$0,$-24,$0,$0,$-39,$-35,$-98,$-127,$9,$-20
22,2013-03-31,13.15,$0.00,0.0,$9.85,1.33,$1.13,11.63,$0.75,17.54,$0.43B,$0.19B,2.21,$3.00B,$1.26B,2.38,$0.67B,$0.53B,78.75%,$0.67B,$0.32B,47.70%,$0.67B,$0.32B,47.70%,$0.67B,$0.50B,74.29%,$0.67B,$0.13B,18.72%,$0.67B,$0.05B,8.02%,$0.05B,$1.26B,4.61%,$0.05B,$1.19B,4.91%,$0.05B,$5.65B,0.96%,$0.32B,$4.26B,7.65%,$165,$38,$127,$0,$8,$91,$74,$-18,$56,$0,$56,$56,$36,$119,$74,$64,86,$0.57,$0.53,$370,$0,$0,$428,$4899,$118,$75,$71,$5217,$5645,$194,$3000,$1182,$4190,$4384,$1,$-564,$-45,$1261,$5645,$56,$45,$-24,$20,$-21,$0,$0,$-18,$-42,$34,$-59,$0,$0,$-30,$-1,$-31,$1,$-89,$-12,$0,$-12,$0,$0,$-18,$-22,$-52,$-107,$3,$-9
23,2012-12-31,10.38,$19.33,0.54,$9.77,1.06,$0.98,10.6,$0.73,14.22,$0.46B,$0.18B,2.57,$3.02B,$1.22B,2.48,$0.66B,$0.52B,78.97%,$0.66B,$0.32B,48.56%,$0.66B,$0.32B,48.56%,$0.66B,$0.49B,74.74%,$0.66B,$0.12B,18.31%,$0.66B,$0.05B,8.02%,$0.05B,$1.22B,4.66%,$0.05B,$1.14B,4.96%,$0.05B,$5.65B,0.95%,$0.32B,$4.24B,7.73%,$170,$37,$133,$0,$6,$90,$80,$-21,$59,$0,$59,$59,$41,$125,$80,$63,65,$0.67,$0.67,$433,$0,$0,$464,$4863,$121,$75,$84,$5187,$5651,$180,$3024,$1220,$4252,$4432,$1,$-594,$-47,$1219,$5651,$121,$174,$15,$189,$6,$0,$0,$13,$1,$311,$-210,$0,$0,$-36,$0,$-36,$16,$-230,$69,$0,$69,$-173,$-98,$-85,$-67,$-181,$-100,$5,$-52
24,2012-09-30,10.07,$0.00,0.0,$9.39,1.07,$-6.08,0.0,$0.27,37.29,$0.36B,$0.18B,1.94,$3.02B,$1.10B,2.75,$0.65B,$0.51B,78.64%,$0.65B,$0.32B,48.92%,$0.65B,$0.32B,48.92%,$0.65B,$0.48B,74.77%,$0.65B,$0.09B,13.31%,$0.65B,$0.04B,5.57%,$0.04B,$1.10B,3.19%,$0.04B,$1.03B,3.34%,$0.04B,$5.57B,0.65%,$0.32B,$4.12B,7.68%,$170,$36,$134,$0,$6,$88,$82,$-64,$18,$0,$18,$18,$1,$127,$82,$63,64,$0.01,$0.01,$323,$0,$0,$355,$4904,$124,$67,$73,$5216,$5571,$183,$3024,$1256,$4289,$4472,$1,$-629,$-49,$1098,$5571,$62,$128,$41,$169,$18,$0,$0,$10,$-7,$224,$-210,$0,$0,$-35,$0,$-35,$19,$-226,$75,$0,$75,$-172,$-172,$-62,$-57,$-216,$-219,$3,$-37
25,2012-06-30,10.9,$0.00,0.0,$8.98,1.21,$-12.70,0.0,$-1.75,0.0,$0.40B,$0.19B,2.15,$3.05B,$1.10B,2.77,$0.63B,$0.49B,78.13%,$0.63B,$0.31B,49.13%,$0.63B,$0.31B,49.13%,$0.63B,$0.47B,74.64%,$0.63B,$-0.06B,-8.72%,$0.63B,$-0.10B,-16.48%,$-0.10B,$1.10B,-9.02%,$-0.10B,$1.04B,-9.30%,$-0.10B,$5.57B,-1.90%,$0.31B,$4.15B,7.52%,$168,$32,$136,$0,$7,$83,$85,$-92,$-7,$0,$-7,$-7,$-24,$129,$85,$63,63,$-0.38,$-0.38,$363,$0,$0,$404,$4899,$89,$67,$73,$5170,$5574,$188,$3050,$1223,$4284,$4471,$1,$-622,$-51,$1103,$5574,$45,$84,$23,$107,$25,$0,$0,$-16,$-10,$142,$-164,$0,$0,$-10,$0,$-10,$21,$-154,$103,$0,$103,$-171,$-171,$-39,$-33,$-140,$-152,$3,$-22
26,2012-03-31,10.73,$0.00,0.0,$8.24,1.3,$-15.27,0.0,$-2.09,0.0,$0.36B,$0.19B,1.85,$2.96B,$1.13B,2.62,$0.60B,$0.46B,76.72%,$0.60B,$0.29B,48.07%,$0.60B,$0.29B,48.07%,$0.60B,$0.44B,73.37%,$0.60B,$-0.08B,-13.90%,$0.60B,$-0.13B,-21.78%,$-0.13B,$1.13B,-10.73%,$-0.13B,$1.06B,-10.92%,$-0.13B,$5.47B,-2.46%,$0.29B,$4.09B,7.15%,$153,$35,$119,$0,$6,$80,$74,$-22,$51,$0,$51,$51,$35,$113,$74,$64,84,$0.54,$0.51,$315,$0,$0,$358,$4833,$92,$67,$78,$5115,$5473,$194,$2958,$1182,$4151,$4345,$1,$-591,$-53,$1128,$5473,$51,$39,$-23,$17,$15,$0,$0,$-4,$-18,$50,$-87,$0,$0,$-10,$0,$-10,$31,$-66,$35,$0,$35,$-171,$-171,$-16,$-25,$-176,$-192,$1,$-7
27,2011-12-31,8.37,$0.00,0.0,$7.82,1.07,$-15.47,0.0,$-2.07,0.0,$0.52B,$0.19B,2.74,$2.91B,$1.18B,2.46,$0.57B,$0.43B,75.93%,$0.57B,$0.27B,47.61%,$0.57B,$0.27B,47.61%,$0.57B,$0.41B,72.92%,$0.57B,$-0.08B,-14.69%,$0.57B,$-0.13B,-22.48%,$-0.13B,$1.18B,-10.17%,$-0.13B,$1.18B,-10.21%,$-0.13B,$5.45B,-2.50%,$0.27B,$4.10B,6.87%,$155,$36,$119,$0,$5,$80,$75,$-53,$24,$0,$24,$24,$24,$114,$75,$70,70,$0.13,$0.13,$496,$0,$0,$520,$4697,$96,$0,$89,$4928,$5448,$190,$2914,$1148,$4075,$4264,$1,$-622,$-56,$1183,$5448,$-83,$144,$189,$144,$1,$0,$0,$-24,$-10,$240,$-622,$0,$0,$0,$-2,$-2,$-1,$-625,$599,$0,$599,$0,$320,$-58,$-29,$832,$447,$3,$-34
28,2011-09-30,6.9,$0.00,0.0,$6.93,1.0,$-16.37,0.0,$-0.60,0.0,$0.44B,$0.08B,5.63,$2.94B,$1.20B,2.46,$0.53B,$0.40B,75.38%,$0.53B,$0.25B,47.16%,$0.53B,$0.25B,47.16%,$0.53B,$0.38B,72.35%,$0.53B,$0.04B,6.63%,$0.53B,$-0.01B,-1.70%,$-0.01B,$1.20B,-0.75%,$-0.01B,$1.19B,-0.75%,$-0.01B,$5.39B,-0.19%,$0.25B,$4.14B,6.67%,$155,$36,$119,$0,$4,$79,$76,$-198,$-123,$0,$-123,$-123,$-139,$115,$76,$69,69,$-2.01,$-2.01,$416,$0,$19,$436,$0,$5,$8,$80,$138,$5385,$77,$2944,$1165,$4109,$4186,$1,$-627,$0,$1199,$5385,$-107,$105,$181,$286,$-0,$0,$0,$-25,$-20,$159,$-602,$0,$0,$0,$-4,$-4,$-3,$-609,$547,$0,$547,$0,$345,$-40,$-20,$832,$382,$2,$-25
29,2011-06-30,8.67,$0.00,0.0,$6.33,1.37,$-17.21,0.0,$0.26,33.34,$0.17B,$0.08B,2.21,$2.40B,$1.34B,1.8,$0.48B,$0.36B,74.59%,$0.48B,$0.23B,46.49%,$0.48B,$0.23B,46.49%,$0.48B,$0.35B,71.90%,$0.48B,$0.09B,17.98%,$0.48B,$0.06B,12.19%,$0.06B,$1.34B,5.30%,$0.06B,$1.33B,5.33%,$0.06B,$4.84B,1.30%,$0.23B,$3.73B,6.42%,$134,$33,$101,$0,$5,$72,$62,$-96,$-35,$0,$-35,$-35,$-50,$96,$62,$69,69,$-0.72,$-0.72,$153,$0,$14,$168,$0,$0,$7,$75,$121,$4838,$76,$2399,$1027,$3426,$3503,$1,$-483,$0,$1335,$4838,$16,$65,$26,$91,$0,$0,$0,$-17,$-10,$97,$-299,$0,$0,$0,$0,$0,$3,$-296,$2,$0,$2,$0,$345,$-22,$-7,$318,$119,$1,$-16
30,2011-03-31,11.42,$0.00,0.0,$5.82,1.96,$-21.87,0.0,$-0.91,0.0,$0.23B,$0.06B,3.8,$2.40B,$1.28B,1.88,$0.45B,$0.33B,73.88%,$0.45B,$0.21B,46.21%,$0.45B,$0.21B,46.21%,$0.45B,$0.32B,71.65%,$0.45B,$-0.00B,0.00%,$0.45B,$-0.01B,-2.90%,$-0.01B,$1.28B,-1.29%,$-0.01B,$1.27B,-1.29%,$-0.01B,$4.64B,-0.30%,$0.21B,$3.68B,6.15%,$121,$31,$90,$0,$3,$65,$56,$-5,$51,$0,$51,$51,$38,$87,$56,$69,85,$0.56,$0.53,$212,$0,$12,$226,$0,$0,$6,$80,$124,$4638,$59,$2399,$902,$3301,$3360,$1,$-429,$0,$1278,$4638,$51,$31,$-32,$-1,$0,$0,$0,$-10,$-14,$36,$-91,$0,$0,$0,$0,$0,$-1,$-91,$2,$0,$2,$0,$240,$-7,$-3,$233,$178,$0,$-6
31,2010-12-31,7.22,$0.00,0.0,$5.59,1.29,$-24.78,0.0,$-2.07,0.0,$0.05B,$0.07B,0.66,$2.40B,$0.99B,2.42,$0.41B,$0.30B,73.46%,$0.41B,$0.19B,45.95%,$0.41B,$0.19B,45.95%,$0.41B,$0.29B,71.25%,$0.41B,$-0.09B,-21.62%,$0.41B,$-0.09B,-21.62%,$-0.09B,$0.99B,-9.30%,$-0.09B,$0.99B,-9.34%,$-0.09B,$4.38B,-2.10%,$0.19B,$3.39B,5.82%,$118,$30,$88,$0,$3,$63,$55,$87,$142,$0,$142,$142,$142,$84,$55,$68,88,$1.96,$1.60,$34,$0,$12,$47,$0,$0,$5,$77,$120,$4377,$70,$2397,$920,$3317,$3387,$1,$-470,$0,$990,$4377,$-88,$103,$143,$103,$-4,$0,$0,$-8,$-4,$154,$-716,$0,$0,$0,$0,$0,$-67,$-782,$514,$0,$535,$0,$26,$-24,$-7,$530,$-99,$3,$-23
32,2010-09-30,7.11,$0.00,0.0,$5.07,1.4,$-21.67,0.0,$-2.89,0.0,$0.16B,$0.05B,3.38,$2.37B,$0.85B,2.79,$0.37B,$0.27B,72.55%,$0.37B,$0.17B,45.65%,$0.37B,$0.17B,45.65%,$0.37B,$0.26B,70.92%,$0.37B,$-0.16B,-42.12%,$0.37B,$-0.16B,-42.12%,$-0.16B,$0.85B,-16.08%,$-0.16B,$0.85B,-16.15%,$-0.16B,$4.29B,-3.87%,$0.17B,$3.22B,5.41%,$111,$29,$82,$0,$3,$60,$52,$-123,$-71,$0,$-71,$-71,$-71,$81,$52,$68,68,$-1.15,$-1.15,$147,$0,$11,$159,$0,$0,$5,$13,$48,$4290,$47,$2370,$1022,$3392,$3439,$1,$-602,$0,$851,$4290,$-229,$74,$0,$74,$0,$0,$0,$0,$-10,$98,$-592,$0,$0,$0,$0,$0,$-6,$-598,$0,$0,$487,$0,$0,$-17,$44,$514,$13,$0,$0
33,2010-06-30,5.69,$0.00,0.0,$4.54,1.26,$-18.43,0.0,$-2.77,0.0,$0.02B,$0.04B,0.42,$2.25B,$0.92B,2.43,$0.33B,$0.24B,71.90%,$0.33B,$0.15B,45.02%,$0.33B,$0.15B,45.02%,$0.33B,$0.23B,70.09%,$0.33B,$-0.15B,-45.32%,$0.33B,$-0.15B,-45.32%,$-0.15B,$0.92B,-15.11%,$-0.15B,$0.92B,-15.17%,$-0.15B,$4.15B,-3.92%,$0.15B,$3.17B,4.97%,$98,$27,$71,$0,$2,$53,$44,$-166,$-122,$0,$-122,$-122,$-122,$69,$44,$68,68,$-1.89,$-1.89,$6,$0,$10,$17,$0,$0,$5,$14,$47,$4150,$41,$2246,$940,$3185,$3226,$1,$-522,$0,$924,$4150,$-158,$44,$0,$44,$0,$0,$0,$0,$-4,$58,$-575,$0,$0,$0,$0,$0,$-6,$-581,$0,$362,$0,$0,$0,$-10,$44,$396,$-127,$0,$0
34,2010-03-31,5.66,$0.00,0.0,$3.98,1.42,$-13.07,0.0,$0.53,10.68,$0.09B,$0.03B,3.21,$2.06B,$1.02B,2.02,$0.30B,$0.22B,71.62%,$0.30B,$0.14B,44.88%,$0.30B,$0.14B,44.88%,$0.30B,$0.21B,69.97%,$0.30B,$0.08B,27.72%,$0.30B,$0.08B,27.72%,$0.08B,$1.02B,8.40%,$0.08B,$1.02B,8.43%,$0.08B,$3.92B,2.30%,$0.14B,$3.08B,4.72%,$80,$22,$58,$0,$2,$45,$36,$-72,$-37,$0,$-37,$-37,$-37,$56,$36,$68,68,$-0.63,$-0.63,$80,$0,$8,$89,$0,$0,$4,$13,$46,$3922,$28,$2063,$810,$2873,$2901,$1,$-393,$0,$1021,$3922,$-37,$20,$0,$20,$0,$0,$0,$0,$-8,$18,$-258,$0,$0,$0,$0,$0,$-5,$-264,$0,$179,$0,$0,$0,$-5,$18,$193,$-54,$0,$0
35,2009-12-31,5.16,$0.00,0.0,$3.60,1.43,$-9.37,0.0,$1.47,3.51,$0.15B,$0.03B,4.76,$1.88B,$1.06B,1.78,$0.29B,$0.20B,71.33%,$0.29B,$0.13B,44.41%,$0.29B,$0.13B,44.41%,$0.29B,$0.20B,69.58%,$0.29B,$0.15B,50.70%,$0.29B,$0.15B,50.70%,$0.15B,$1.06B,15.16%,$0.15B,$1.06B,15.22%,$0.15B,$3.66B,4.12%,$0.13B,$2.94B,4.59%,$79,$22,$56,$0,$2,$43,$36,$39,$75,$0,$75,$75,$75,$55,$36,$68,96,$1.01,$0.78,$133,$0,$12,$146,$0,$0,$3,$8,$33,$3664,$31,$1883,$691,$2574,$2605,$0,$-350,$0,$1060,$3664,$145,$72,$0,$72,$0,$0,$0,$0,$-3,$95,$-409,$0,$0,$0,$0,$0,$-1,$-410,$0,$0,$0,$0,$0,$-45,$357,$312,$-3,$0,$0
36,2009-09-30,4.95,$0.00,0.0,$3.72,1.33,$-13.63,0.0,$-2.94,0.0,$0.11B,$0.02B,5.25,$1.82B,$0.89B,2.06,$0.27B,$0.20B,72.59%,$0.27B,$0.12B,45.19%,$0.27B,$0.12B,45.19%,$0.27B,$0.19B,70.74%,$0.27B,$-0.17B,-63.70%,$0.27B,$-0.17B,-63.70%,$-0.17B,$0.97B,-19.60%,$-0.17B,$0.96B,-19.66%,$-0.17B,$3.57B,-5.02%,$0.12B,$2.79B,4.61%,$74,$21,$53,$0,$2,$41,$33,$-99,$-66,$0,$-66,$-66,$-66,$52,$33,$67,67,$-1.03,$-1.03,$104,$0,$8,$112,$0,$0,$3,$8,$33,$3570,$21,$1824,$758,$2582,$2603,$1,$-418,$0,$967,$3570,$71,$52,$0,$52,$0,$0,$0,$0,$-6,$65,$-335,$0,$0,$0,$0,$0,$-1,$-336,$0,$0,$103,$0,$99,$-40,$77,$239,$-32,$0,$0
37,2009-06-30,3.35,$0.00,0.0,$3.49,0.96,$-10.24,0.0,$-1.99,0.0,$0.07B,$0.02B,3.47,$1.77B,$0.95B,1.85,$0.25B,$0.19B,73.62%,$0.25B,$0.12B,45.28%,$0.25B,$0.12B,45.28%,$0.25B,$0.18B,70.87%,$0.25B,$-0.11B,-43.70%,$0.25B,$-0.11B,-43.70%,$-0.11B,$0.95B,-12.48%,$-0.11B,$0.95B,-12.51%,$-0.11B,$3.42B,-3.36%,$0.12B,$2.72B,4.46%,$70,$19,$50,$0,$2,$39,$31,$81,$112,$0,$112,$112,$112,$49,$31,$67,80,$1.62,$1.41,$63,$0,$7,$70,$0,$0,$3,$7,$32,$3423,$20,$1765,$684,$2449,$2469,$1,$-345,$0,$954,$3423,$137,$34,$0,$34,$0,$0,$0,$0,$-6,$40,$-218,$0,$0,$0,$0,$0,$-1,$-218,$0,$0,$44,$0,$99,$-34,$-3,$105,$-74,$0,$0
38,2009-03-31,4.41,$0.00,0.0,$3.46,1.27,$-7.74,0.0,$-2.08,0.0,$0.22B,$0.02B,13.61,$1.76B,$0.84B,2.09,$0.24B,$0.18B,74.90%,$0.24B,$0.11B,46.03%,$0.24B,$0.11B,46.03%,$0.24B,$0.17B,71.55%,$0.24B,$-0.14B,-57.74%,$0.24B,$-0.14B,-57.74%,$-0.14B,$0.84B,-15.07%,$-0.14B,$0.84B,-15.10%,$-0.14B,$3.41B,-4.36%,$0.11B,$2.61B,4.43%,$63,$18,$45,$0,$2,$36,$27,$-3,$24,$0,$24,$24,$24,$43,$27,$67,78,$0.33,$0.31,$210,$0,$6,$217,$0,$0,$2,$7,$31,$3410,$16,$1761,$789,$2550,$2566,$1,$-451,$0,$844,$3410,$24,$16,$0,$16,$0,$0,$0,$0,$-9,$13,$-1,$0,$0,$0,$0,$0,$-45,$-46,$0,$0,$40,$0,$99,$-29,$-3,$107,$74,$0,$0
39,2008-12-31,4.57,$0.00,0.0,$3.59,1.27,$-7.39,0.0,$-3.04,0.0,$0.14B,$0.02B,5.99,$1.72B,$0.75B,2.31,$0.23B,$0.18B,76.52%,$0.23B,$0.11B,47.39%,$0.23B,$0.11B,47.39%,$0.23B,$0.17B,73.04%,$0.23B,$-0.20B,-86.96%,$0.23B,$-0.20B,-86.96%,$-0.20B,$0.75B,-22.53%,$-0.20B,$0.74B,-22.57%,$-0.20B,$3.30B,-6.67%,$0.11B,$2.47B,4.62%,$63,$15,$48,$0,$3,$32,$31,$-273,$-242,$0,$-242,$-242,$-242,$47,$31,$67,67,$-3.63,$-3.63,$136,$0,$5,$142,$0,$0,$2,$6,$29,$3297,$24,$1721,$806,$2527,$2551,$0,$-443,$0,$746,$3297,$-199,$59,$0,$59,$0,$0,$0,$0,$7,$125,$-627,$0,$0,$0,$0,$0,$-8,$-635,$0,$0,$382,$0,$227,$-116,$30,$523,$13,$0,$0
40,2008-09-30,8.95,$0.00,0.0,$3.61,2.48,$-5.66,0.0,$0.24,37.31,$0.03B,$0.02B,1.89,$1.51B,$1.01B,1.49,$0.22B,$0.17B,76.58%,$0.22B,$0.10B,46.85%,$0.22B,$0.10B,46.85%,$0.22B,$0.16B,72.52%,$0.22B,$0.02B,9.91%,$0.22B,$0.02B,9.91%,$0.02B,$1.01B,2.40%,$0.02B,$1.01B,2.40%,$0.02B,$3.09B,0.78%,$0.10B,$2.52B,4.54%,$58,$14,$44,$0,$2,$31,$26,$-31,$-5,$0,$-5,$-5,$-5,$41,$26,$66,66,$-0.08,$-0.08,$24,$0,$5,$29,$0,$0,$2,$5,$28,$3089,$16,$1509,$551,$2059,$2075,$1,$-170,$0,$1014,$3089,$43,$43,$0,$43,$0,$0,$0,$0,$-0,$90,$-131,$0,$0,$0,$0,$0,$-398,$-529,$0,$0,$512,$0,$228,$-87,$-313,$340,$-99,$0,$0
41,2008-06-30,11.65,$0.00,0.0,$3.72,3.13,$-11.67,0.0,$-0.38,0.0,$0.04B,$0.02B,2.36,$1.28B,$1.06B,1.21,$0.22B,$0.17B,77.06%,$0.22B,$0.10B,47.71%,$0.22B,$0.10B,47.71%,$0.22B,$0.16B,73.85%,$0.22B,$-0.01B,-5.50%,$0.22B,$-0.01B,-5.50%,$-0.01B,$1.06B,-1.33%,$-0.01B,$1.06B,-1.33%,$-0.01B,$2.87B,-0.47%,$0.10B,$2.34B,4.78%,$55,$13,$42,$0,$2,$29,$26,$60,$85,$0,$85,$85,$85,$40,$26,$65,65,$1.32,$1.32,$32,$0,$5,$37,$0,$0,$2,$5,$28,$2874,$16,$1281,$519,$1800,$1815,$1,$-133,$0,$1058,$2874,$48,$29,$0,$29,$0,$0,$0,$0,$1,$61,$-44,$0,$0,$0,$0,$0,$-249,$-293,$0,$0,$284,$0,$228,$-58,$-313,$140,$-91,$0,$0
42,2008-03-31,13.57,$0.00,0.0,$3.82,3.55,$-16.34,0.0,$-1.05,0.0,$0.02B,$0.01B,1.75,$1.37B,$0.73B,1.86,$0.21B,$0.16B,77.36%,$0.21B,$0.10B,48.11%,$0.21B,$0.10B,48.11%,$0.21B,$0.16B,74.06%,$0.21B,$-0.06B,-29.72%,$0.21B,$-0.06B,-29.72%,$-0.06B,$0.73B,-7.28%,$-0.06B,$0.73B,-7.28%,$-0.06B,$2.74B,-2.70%,$0.10B,$2.10B,4.96%,$54,$13,$42,$0,$2,$29,$26,$-63,$-38,$0,$-38,$-38,$-38,$40,$26,$58,58,$-0.65,$-0.65,$16,$0,$4,$21,$0,$0,$2,$4,$26,$2741,$12,$1365,$630,$1995,$2007,$1,$-187,$0,$733,$2741,$-38,$14,$0,$14,$0,$0,$0,$0,$-2,$29,$0,$0,$0,$0,$0,$0,$-166,$-166,$0,$26,$0,$0,$0,$-27,$32,$30,$-107,$0,$0
43,2007-12-31,11.48,$0.00,0.0,$3.34,3.44,$-21.00,0.0,$-0.09,0.0,$0.13B,$0.02B,8.3,$1.34B,$0.86B,1.55,$0.18B,$0.13B,74.44%,$0.18B,$0.08B,42.22%,$0.18B,$0.08B,42.22%,$0.18B,$0.13B,71.11%,$0.18B,$-0.01B,-5.56%,$0.18B,$-0.01B,-5.56%,$-0.01B,$0.86B,-1.16%,$-0.01B,$0.86B,-1.16%,$-0.01B,$2.58B,-0.50%,$0.08B,$2.20B,4.01%,$55,$13,$42,$0,$2,$29,$26,$-46,$-20,$0,$-20,$-20,$-20,$40,$26,$58,58,$-0.35,$-0.35,$123,$0,$5,$130,$0,$0,$0,$5,$22,$2577,$16,$1339,$359,$1699,$1715,$1,$-122,$0,$862,$2577,$-10,$51,$0,$51,$0,$0,$0,$0,$70,$113,$-447,$0,$0,$0,$0,$0,$-658,$-1105,$0,$776,$0,$0,$297,$-94,$44,$1022,$31,$0,$0
44,2007-09-30,15.21,$0.00,0.0,$3.24,4.7,$-25.48,0.0,$0.50,30.42,$0.02B,$0.01B,1.43,$1.10B,$0.96B,1.15,$0.16B,$0.12B,73.91%,$0.16B,$0.07B,40.99%,$0.16B,$0.07B,40.99%,$0.16B,$0.11B,70.81%,$0.16B,$0.02B,12.42%,$0.16B,$0.02B,12.42%,$0.02B,$0.96B,2.42%,$0.02B,$0.96B,2.42%,$0.02B,$2.13B,1.17%,$0.07B,$2.06B,3.96%,$54,$12,$42,$0,$1,$28,$26,$-65,$-39,$0,$-39,$-39,$-39,$41,$26,$55,55,$-0.70,$-0.70,$13,$0,$5,$19,$0,$0,$0,$12,$28,$2130,$13,$1104,$54,$1158,$1171,$0,$-77,$0,$958,$2130,$10,$37,$0,$37,$0,$0,$0,$0,$-2,$81,$-447,$0,$0,$0,$0,$0,$-473,$-920,$0,$0,$695,$0,$297,$-69,$-162,$761,$-79,$0,$0
45,2007-06-30,14.69,$0.00,0.0,$3.10,4.73,$-24.00,0.0,$1.45,10.13,$0.12B,$0.01B,8.25,$0.96B,$0.91B,1.06,$0.14B,$0.10B,72.99%,$0.14B,$0.06B,40.15%,$0.14B,$0.06B,40.15%,$0.14B,$0.09B,68.61%,$0.14B,$0.07B,49.64%,$0.14B,$0.07B,49.64%,$0.07B,$0.91B,9.56%,$0.07B,$0.91B,9.57%,$0.07B,$1.89B,4.82%,$0.06B,$1.87B,3.96%,$49,$11,$38,$0,$1,$25,$24,$10,$34,$0,$34,$34,$34,$36,$24,$52,52,$0.65,$0.65,$110,$0,$4,$115,$0,$0,$1,$46,$59,$1890,$14,$963,$4,$967,$981,$0,$-14,$0,$909,$1890,$48,$23,$0,$23,$0,$0,$0,$0,$1,$54,$-280,$0,$0,$0,$0,$0,$-260,$-541,$0,$0,$399,$0,$154,$-45,$-4,$505,$18,$0,$0
46,2007-03-31,12.04,$0.00,0.0,$2.91,4.13,$-23.45,0.0,$1.02,11.8,$0.04B,$0.01B,2.94,$0.74B,$0.72B,1.03,$0.12B,$0.08B,71.55%,$0.12B,$0.04B,37.93%,$0.12B,$0.04B,37.93%,$0.12B,$0.08B,67.24%,$0.12B,$0.04B,36.21%,$0.12B,$0.04B,36.21%,$0.04B,$0.72B,6.80%,$0.04B,$0.72B,6.81%,$0.04B,$1.48B,3.64%,$0.04B,$1.45B,3.89%,$22,$10,$12,$0,$1,$22,$0,$-5,$15,$0,$15,$15,$15,$11,$0,$48,48,$0.31,$0.31,$34,$0,$4,$38,$0,$0,$0,$12,$21,$1482,$13,$736,$16,$751,$764,$0,$-24,$0,$718,$1482,$15,$11,$0,$11,$0,$0,$0,$0,$1,$25,$-223,$0,$0,$0,$0,$0,$-12,$-235,$0,$0,$172,$0,$0,$-21,$-0,$151,$-58,$0,$0
47,2006-12-31,10.21,$0.00,0.0,$3.16,3.24,$-22.07,0.0,$0.95,10.74,$0.10B,$0.01B,8.66,$0.56B,$0.73B,0.78,$0.12B,$0.09B,75.63%,$0.12B,$0.06B,47.06%,$0.12B,$0.06B,47.06%,$0.12B,$0.09B,71.43%,$0.12B,$0.04B,30.25%,$0.12B,$0.04B,30.25%,$0.04B,$0.73B,6.31%,$0.04B,$0.72B,6.32%,$0.04B,$1.32B,3.69%,$0.06B,$1.29B,5.83%,$36,$9,$27,$0,$2,$20,$16,$-6,$10,$0,$10,$10,$10,$26,$16,$42,42,$0.24,$0.24,$92,$0,$4,$97,$0,$0,$1,$11,$20,$1315,$11,$563,$16,$579,$590,$0,$-20,$0,$725,$1315,$36,$29,$0,$29,$0,$0,$0,$0,$5,$71,$-502,$0,$0,$0,$0,$0,$-103,$-606,$0,$440,$0,$0,$235,$-61,$-3,$611,$77,$0,$0
