,Date,Stock Price,Book Value per Share,Price to Book Ratio,TTM Sales per Share,Price to Sales Ratio,TTM FCF per Share,Price to FCF Ratio,TTM Net EPS,PE Ratio,Current Assets,Current Liabilities,Current Ratio,Long Term Debt,Shareholder's Equity_x,Debt to Equity Ratio,TTM Revenue_x,TTM Gross Profit,Gross Margin,TTM Revenue_y,TTM Operating Income,Operating Margin,TTM Revenue_x,TTM EBIT,EBIT Margin,TTM Revenue_y,TTM EBITDA,EBITDA Margin,TTM Revenue_x,TTM Pre-Tax Income,Pre-Tax Margin,TTM Revenue_y,TTM Net Income_x,Net Margin,TTM Net Income_y,Shareholder's Equity_y,Return on Equity,TTM Net Income_x,Tangible Equity,Return on Tangible Equity,TTM Net Income_y,Total Assets,Return on Assets,TTM Net Income,LT Investments & Debt,Return on Investment,revenue,cost-goods-sold,gross-profit,research-development-expenses,selling-general-administrative-expenses,operating-expenses,operating-income,total-non-operating-income-expense,pre-tax-income,total-provision-income-taxes,income-after-taxes,income-from-continuous-operations,net-income,ebitda,ebit,basic-shares-outstanding,shares-outstanding,eps-basic-net-earnings-per-share,eps-earnings-per-share-diluted,cash-on-hand,inventory,other-current-assets,total-current-assets,net-property-plant-equipment,long-term-investments,goodwill-intangible-assets-total,other-long-term-assets,total-long-term-assets,total-assets,total-current-liabilities,long-term-debt,other-non-current-liabilities,total-long-term-liabilities,total-liabilities,common-stock-net,retained-earnings-accumulated-deficit,comprehensive-income,total-share-holder-equity,total-liabilities-share-holders-equity,net-income-loss,total-depreciation-amortization-cash-flow,other-non-cash-items,total-non-cash-items,change-in-accounts-receivable,change-in-inventories,change-in-accounts-payable,change-in-assets-liabilities,total-change-in-assets-liabilities,cash-flow-from-operating-activities,net-change-in-property-plant-equipment,net-change-in-intangible-assets,net-acquisitions-divestitures,net-change-in-short-term-investments,net-change-in-long-term-investments,net-change-in-investments-total,investing-activities-other,cash-flow-from-investing-activities,net-long-term-debt,net-current-debt,debt-issuance-retirement-net-total,net-common-equity-issued-repurchased,net-total-equity-issued-repurchased,total-common-preferred-stock-dividends-paid,financial-activities-other,cash-flow-from-financial-activities,net-cash-flow,stock-based-compensation,common-stock-dividends-paid
0,2018-09-30,23.11,$20.99,1.1,$12.44,1.86,$2.33,9.9,$-0.52,0.0,$0.65B,$0.16B,3.95,$0.02B,$1.13B,0.02,$0.67B,$0.33B,49.02%,$0.67B,$-0.01B,-1.50%,$0.67B,$-0.01B,-1.50%,$0.67B,$0.05B,7.97%,$0.67B,$-0.01B,-1.50%,$0.67B,$-0.03B,-4.21%,$-0.03B,$1.13B,-2.48%,$-0.03B,$0.63B,-4.57%,$-0.03B,$1.37B,-2.04%,$-0.01B,$1.15B,-0.87%,$162,$83,$79,$26,$50,$159,$3,$-0,$3,$0,$3,$3,$-1,$19,$3,$54,54,$-0.01,$-0.01,$352,$118,$42,$648,$191,$2,$504,$20,$718,$1366,$164,$23,$30,$73,$236,$0,$-1538,$-9,$1129,$1366,$-17,$46,$17,$63,$2,$-8,$0,$6,$-1,$45,$-15,$-1,$9,$0,$-13,$-13,$-0,$-20,$0,$-4,$-4,$2,$2,$0,$-2,$-3,$20,$12,$0
1,2018-06-30,19.14,$20.93,0.91,$12.36,1.55,$2.24,8.53,$-0.70,0.0,$0.62B,$0.17B,3.66,$0.03B,$1.12B,0.02,$0.66B,$0.32B,48.86%,$0.66B,$-0.02B,-3.03%,$0.66B,$-0.02B,-3.03%,$0.66B,$0.04B,6.68%,$0.66B,$-0.02B,-3.03%,$0.66B,$-0.04B,-5.61%,$-0.04B,$1.12B,-4.37%,$-0.04B,$0.61B,-8.11%,$-0.04B,$1.37B,-3.59%,$-0.02B,$1.15B,-2.31%,$170,$87,$84,$24,$62,$172,$-2,$-0,$-2,$0,$-2,$-2,$-4,$13,$-2,$54,54,$-0.08,$-0.08,$351,$117,$24,$623,$196,$3,$512,$35,$745,$1368,$170,$25,$30,$74,$244,$0,$-1537,$-9,$1124,$1368,$-17,$31,$17,$48,$9,$-4,$0,$-4,$9,$40,$-8,$-1,$0,$0,$-8,$-8,$-0,$-17,$-3,$0,$-3,$1,$1,$0,$-2,$-3,$18,$8,$0
2,2018-03-31,20.18,$21.01,0.96,$12.41,1.63,$2.12,9.5,$-0.73,0.0,$0.62B,$0.17B,3.65,$0.03B,$1.13B,0.02,$0.66B,$0.32B,48.71%,$0.66B,$-0.02B,-3.49%,$0.66B,$-0.02B,-3.49%,$0.66B,$0.04B,6.37%,$0.66B,$-0.02B,-3.49%,$0.66B,$-0.04B,-5.92%,$-0.04B,$1.13B,-4.60%,$-0.04B,$0.61B,-8.70%,$-0.04B,$1.38B,-3.78%,$-0.02B,$1.15B,-2.66%,$154,$78,$76,$25,$57,$160,$-6,$0,$-6,$1,$-7,$-7,$-13,$9,$-6,$54,54,$-0.24,$-0.24,$353,$120,$19,$620,$198,$3,$520,$34,$756,$1376,$170,$26,$31,$78,$247,$0,$-1533,$-5,$1128,$1376,$-13,$15,$7,$23,$14,$-4,$0,$6,$18,$27,$-4,$-0,$0,$0,$-5,$-5,$-0,$-9,$0,$-1,$-1,$1,$1,$0,$0,$-0,$18,$3,$0
3,2017-12-31,19.96,$21.12,0.95,$12.64,1.58,$2.06,9.69,$-0.75,0.0,$0.62B,$0.16B,3.77,$0.03B,$1.13B,0.02,$0.67B,$0.32B,48.20%,$0.67B,$-0.03B,-4.49%,$0.67B,$-0.03B,-4.49%,$0.67B,$0.04B,5.54%,$0.67B,$-0.03B,-4.34%,$0.67B,$-0.04B,-5.99%,$-0.04B,$1.13B,-4.72%,$-0.04B,$0.60B,-9.10%,$-0.04B,$1.38B,-3.88%,$-0.03B,$1.16B,-3.47%,$179,$92,$87,$27,$65,$184,$-5,$-1,$-5,$4,$-9,$-9,$-10,$12,$-5,$53,53,$-0.19,$-0.19,$336,$116,$23,$615,$200,$4,$529,$31,$765,$1380,$163,$27,$33,$84,$247,$0,$-1524,$-7,$1133,$1380,$-40,$67,$21,$88,$-8,$2,$0,$21,$14,$62,$-22,$-2,$0,$-0,$-4,$-4,$-0,$-28,$6,$0,$6,$6,$6,$0,$-1,$11,$48,$18,$0
4,2017-09-30,23.12,$0.00,0.0,$12.59,1.84,$1.63,14.17,$-0.86,0.0,$0.00B,$0.00B,0.0,$0.00B,$0.00B,0.0,$0.66B,$0.32B,47.89%,$0.66B,$-0.06B,-8.28%,$0.66B,$-0.06B,-8.28%,$0.66B,$0.02B,2.71%,$0.66B,$-0.05B,-8.13%,$0.66B,$-0.05B,-6.78%,$-0.05B,$0.00B,-5.30%,$-0.05B,$0.00B,-10.41%,$-0.05B,$0.00B,-4.38%,$-0.06B,$0.00B,-6.36%,$156,$81,$75,$22,$60,$163,$-7,$-0,$-7,$3,$-10,$-10,$-10,$10,$-7,$53,53,$-0.19,$-0.19,$0,$0,$0,$0,$0,$0,$0,$0,$0,$0,$0,$0,$0,$0,$0,$0,$0,$0,$0,$0,$-30,$50,$6,$56,$3,$-6,$0,$15,$15,$41,$-16,$-1,$0,$0,$-3,$-3,$-0,$-20,$0,$-3,$-3,$3,$3,$0,$-1,$-2,$22,$14,$0
5,2017-06-30,23.31,$21.40,1.09,$12.65,1.84,$1.24,18.75,$-1.07,0.0,$0.58B,$0.17B,3.32,$0.02B,$1.13B,0.02,$0.67B,$0.32B,47.67%,$0.67B,$-0.07B,-10.08%,$0.67B,$-0.07B,-10.08%,$0.67B,$0.01B,1.80%,$0.67B,$-0.07B,-9.92%,$0.67B,$-0.06B,-8.42%,$-0.06B,$1.13B,-4.93%,$-0.06B,$0.58B,-9.82%,$-0.06B,$1.37B,-4.09%,$-0.07B,$1.15B,-5.82%,$170,$87,$83,$23,$65,$175,$-5,$0,$-5,$1,$-6,$-6,$-6,$11,$-5,$53,53,$-0.11,$-0.11,$315,$116,$18,$576,$208,$7,$547,$32,$795,$1371,$174,$20,$26,$67,$240,$0,$-1504,$-10,$1131,$1371,$-20,$33,$3,$36,$3,$1,$0,$12,$20,$36,$-11,$-1,$0,$0,$-3,$-3,$-0,$-15,$-2,$0,$-2,$2,$2,$0,$0,$0,$25,$9,$0
6,2017-03-31,20.49,$21.39,0.96,$12.71,1.61,$1.10,18.6,$-1.32,0.0,$0.57B,$0.18B,3.23,$0.02B,$1.13B,0.02,$0.67B,$0.31B,47.08%,$0.67B,$-0.08B,-11.99%,$0.67B,$-0.08B,-11.99%,$0.67B,$0.01B,1.05%,$0.67B,$-0.08B,-11.54%,$0.67B,$-0.07B,-10.19%,$-0.07B,$1.13B,-5.95%,$-0.07B,$0.57B,-12.09%,$-0.07B,$1.37B,-4.94%,$-0.08B,$1.15B,-6.94%,$163,$86,$77,$25,$65,$176,$-13,$0,$-12,$1,$-14,$-14,$-14,$4,$-13,$53,53,$-0.26,$-0.26,$308,$116,$19,$565,$207,$10,$555,$32,$803,$1368,$175,$21,$24,$65,$240,$0,$-1498,$-12,$1128,$1368,$-14,$17,$3,$19,$6,$1,$0,$9,$20,$26,$-6,$-1,$0,$0,$-3,$-3,$-0,$-9,$0,$-1,$-1,$1,$1,$0,$0,$-0,$17,$4,$0
7,2016-12-31,16.54,$21.58,0.77,$12.83,1.29,$1.20,13.84,$-1.50,0.0,$0.55B,$0.17B,3.36,$0.02B,$1.14B,0.02,$0.67B,$0.32B,47.32%,$0.67B,$-0.09B,-12.95%,$0.67B,$-0.09B,-12.95%,$0.67B,$0.01B,0.89%,$0.67B,$-0.09B,-12.80%,$0.67B,$-0.08B,-11.46%,$-0.08B,$1.14B,-6.67%,$-0.08B,$0.57B,-13.83%,$-0.08B,$1.37B,-5.55%,$-0.09B,$1.16B,-7.50%,$175,$92,$83,$24,$89,$205,$-30,$0,$-30,$-16,$-14,$-14,$-15,$-7,$-30,$52,53,$-0.29,$-0.28,$292,$118,$15,$553,$208,$12,$563,$29,$813,$1366,$165,$22,$22,$65,$230,$0,$-1484,$-13,$1136,$1366,$-78,$93,$38,$131,$2,$1,$0,$4,$9,$62,$-45,$-2,$0,$-67,$-23,$-90,$73,$-64,$26,$0,$26,$1,$1,$0,$-1,$26,$23,$21,$0
8,2016-09-30,24.09,$21.79,1.11,$12.86,1.87,$-1.18,0.0,$-5.66,0.0,$0.52B,$0.16B,3.17,$0.00B,$1.15B,0.0,$0.67B,$0.29B,42.99%,$0.67B,$-0.15B,-22.24%,$0.67B,$-0.15B,-22.24%,$0.67B,$-0.05B,-8.06%,$0.67B,$-0.25B,-36.57%,$0.67B,$-0.30B,-44.18%,$-0.30B,$1.15B,-25.35%,$-0.30B,$0.55B,-53.67%,$-0.30B,$1.37B,-21.16%,$-0.15B,$1.15B,-12.76%,$157,$83,$74,$24,$69,$177,$-19,$0,$-19,$2,$-21,$-21,$-21,$4,$-19,$52,52,$-0.40,$-0.40,$251,$127,$19,$515,$215,$15,$594,$30,$854,$1369,$163,$0,$35,$60,$222,$0,$-1469,$-11,$1146,$1369,$-63,$70,$9,$79,$15,$-5,$0,$12,$20,$36,$-32,$-1,$0,$1,$-23,$-22,$-0,$-55,$0,$0,$0,$1,$1,$0,$-1,$-1,$-18,$16,$0
9,2016-06-30,22.89,$22.20,1.03,$13.09,1.75,$-3.29,0.0,$-23.32,0.0,$0.53B,$0.17B,3.06,$0.00B,$1.16B,0.0,$0.68B,$0.13B,19.68%,$0.68B,$-0.37B,-54.19%,$0.68B,$-0.37B,-54.19%,$0.68B,$-0.27B,-39.50%,$0.68B,$-1.16B,-170.48%,$0.68B,$-1.18B,-172.69%,$-1.18B,$1.16B,-95.18%,$-1.18B,$0.55B,-206.23%,$-1.18B,$1.40B,-80.03%,$-0.37B,$1.16B,-29.87%,$172,$93,$80,$24,$73,$190,$-18,$2,$-16,$2,$-19,$-19,$-18,$6,$-18,$52,52,$-0.35,$-0.36,$266,$126,$21,$534,$209,$17,$609,$31,$866,$1400,$174,$0,$41,$66,$240,$0,$-1448,$-10,$1159,$1400,$-42,$47,$7,$54,$11,$-3,$0,$16,$27,$38,$-21,$-1,$0,$1,$-23,$-22,$-0,$-44,$0,$0,$0,$1,$1,$0,$0,$1,$-4,$11,$0
10,2016-03-31,25.92,$22.56,1.15,$13.32,1.95,$-4.71,0.0,$-23.51,0.0,$0.55B,$0.18B,3.04,$0.00B,$1.18B,0.0,$0.69B,$0.14B,19.83%,$0.69B,$-0.39B,-56.58%,$0.69B,$-0.39B,-56.58%,$0.69B,$-0.29B,-41.68%,$0.69B,$-1.18B,-170.62%,$0.69B,$-1.18B,-170.91%,$-1.18B,$1.18B,-124.87%,$-1.18B,$0.55B,-273.06%,$-1.18B,$1.41B,-105.49%,$-0.39B,$1.18B,-41.34%,$168,$87,$81,$25,$76,$188,$-20,$-1,$-21,$2,$-23,$-23,$-23,$3,$-20,$52,52,$-0.44,$-0.44,$293,$124,$20,$554,$201,$19,$625,$0,$859,$1413,$182,$0,$29,$55,$237,$0,$-1430,$-7,$1176,$1413,$-23,$23,$2,$25,$16,$0,$0,$14,$29,$32,$-8,$-0,$0,$-66,$-4,$-70,$-0,$-78,$0,$0,$0,$0,$0,$0,$0,$0,$-44,$6,$0
11,2015-12-31,23.48,$22.83,1.03,$13.49,1.74,$-5.38,0.0,$-27.31,0.0,$0.55B,$0.17B,3.17,$0.00B,$1.19B,0.0,$0.70B,$0.10B,14.66%,$0.70B,$-0.46B,-65.37%,$0.70B,$-0.46B,-65.37%,$0.70B,$-0.35B,-49.71%,$0.70B,$-1.38B,-198.85%,$0.70B,$-1.37B,-197.41%,$-1.37B,$1.19B,-210.82%,$-1.37B,$0.55B,-466.16%,$-1.37B,$1.41B,-179.31%,$-0.46B,$1.19B,-69.81%,$173,$120,$53,$32,$113,$265,$-92,$-97,$-189,$44,$-233,$-233,$-234,$-67,$-92,$52,52,$-4.57,$-4.50,$269,$124,$22,$547,$202,$18,$636,$11,$867,$1414,$173,$0,$27,$53,$226,$0,$-1407,$-11,$1189,$1414,$-1374,$108,$1227,$1336,$25,$-12,$0,$5,$16,$-22,$-84,$-3,$-10,$-187,$191,$4,$-0,$-93,$0,$-50,$-50,$3,$3,$0,$-20,$-67,$-185,$30,$0
12,2015-09-30,26.49,$27.25,0.97,$10.13,2.61,$-3.32,0.0,$-22.85,0.0,$0.59B,$0.17B,3.42,$0.00B,$1.42B,0.0,$0.52B,$0.05B,9.37%,$0.52B,$-0.36B,-69.41%,$0.52B,$-0.36B,-69.41%,$0.52B,$-0.28B,-53.35%,$0.52B,$-1.20B,-228.49%,$0.52B,$-1.14B,-217.97%,$-1.14B,$1.42B,-321.58%,$-1.14B,$0.63B,-727.27%,$-1.14B,$1.65B,-276.20%,$-0.36B,$1.42B,-102.40%,$168,$247,$-80,$38,$121,$406,$-239,$-696,$-935,$-33,$-901,$-901,$-901,$-211,$-239,$52,52,$-17.35,$-17.35,$273,$141,$19,$588,$209,$18,$791,$0,$1063,$1651,$172,$0,$27,$61,$233,$0,$-1174,$-9,$1418,$1651,$-1141,$84,$1029,$1113,$18,$-23,$0,$7,$-2,$-30,$-75,$-2,$-10,$-24,$0,$-24,$-0,$-112,$0,$-50,$-50,$2,$2,$0,$-19,$-66,$-210,$24,$0
13,2015-06-30,34.93,$0.00,0.0,$10.94,3.19,$-2.18,0.0,$-5.41,0.0,$0.00B,$0.00B,0.0,$0.00B,$0.00B,0.0,$0.56B,$0.22B,38.82%,$0.56B,$-0.17B,-30.41%,$0.56B,$-0.17B,-30.41%,$0.56B,$-0.11B,-20.39%,$0.56B,$-0.31B,-55.99%,$0.56B,$-0.27B,-48.30%,$-0.27B,$0.00B,inf%,$-0.27B,$0.00B,inf%,$-0.27B,$0.00B,inf%,$-0.17B,$0.00B,inf%,$182,$99,$83,$26,$98,$223,$-40,$6,$-34,$-11,$-23,$-23,$-23,$-13,$-40,$51,52,$-0.48,$-0.55,$0,$0,$0,$0,$0,$0,$0,$0,$0,$0,$0,$0,$0,$0,$0,$0,$0,$0,$0,$0,$-240,$56,$174,$230,$11,$-19,$0,$3,$-2,$-12,$-45,$-1,$-4,$-141,$0,$-141,$-0,$-191,$0,$125,$125,$2,$2,$0,$-12,$115,$-90,$19,$0
14,2015-03-31,52.78,$0.00,0.0,$7.42,7.11,$-1.09,0.0,$-4.86,0.0,$0.00B,$0.00B,0.0,$0.00B,$0.00B,0.0,$0.38B,$0.13B,35.54%,$0.38B,$-0.13B,-34.48%,$0.38B,$-0.13B,-34.48%,$0.38B,$-0.10B,-26.79%,$0.38B,$-0.28B,-74.01%,$0.38B,$-0.25B,-65.52%,$-0.25B,$0.00B,inf%,$-0.25B,$0.00B,inf%,$-0.25B,$0.00B,inf%,$-0.13B,$0.00B,inf%,$173,$127,$46,$27,$103,$256,$-84,$-142,$-226,$-10,$-216,$-216,$-216,$-55,$-84,$51,51,$-4.24,$-4.24,$0,$0,$0,$0,$0,$0,$0,$0,$0,$0,$0,$0,$0,$0,$0,$0,$0,$0,$0,$0,$-216,$29,$185,$214,$5,$-15,$0,$7,$6,$4,$-14,$-0,$-4,$-2,$9,$7,$-0,$-12,$0,$0,$0,$2,$2,$0,$-12,$-10,$-19,$10,$0
15,2014-12-31,83.11,$0.00,0.0,$4.03,20.61,$-0.89,0.0,$-0.62,0.0,$0.00B,$0.00B,0.0,$0.00B,$0.00B,0.0,$0.20B,$0.09B,43.14%,$0.20B,$-0.05B,-22.55%,$0.20B,$-0.05B,-22.55%,$0.20B,$-0.05B,-22.55%,$0.20B,$-0.05B,-25.98%,$0.20B,$-0.03B,-15.20%,$-0.03B,$0.00B,inf%,$-0.03B,$0.00B,inf%,$-0.03B,$0.00B,inf%,$-0.05B,$0.00B,inf%,$0,$0,$0,$0,$0,$0,$0,$0,$0,$0,$0,$0,$0,$0,$0,$0,0,$0.00,$0.00,$0,$0,$0,$0,$0,$0,$0,$0,$0,$0,$0,$0,$0,$0,$0,$0,$0,$0,$0,$0,$0,$0,$0,$0,$0,$0,$0,$0,$0,$0,$0,$0,$0,$0,$0,$0,$0,$0,$0,$0,$0,$0,$0,$0,$0,$0,$0,$0,$0
16,2014-09-30,120.78,$0.00,0.0,$4.03,29.95,$-0.89,0.0,$-0.62,0.0,$0.00B,$0.00B,0.0,$0.00B,$0.00B,0.0,$0.20B,$0.09B,43.14%,$0.20B,$-0.05B,-22.55%,$0.20B,$-0.05B,-22.55%,$0.20B,$-0.05B,-22.55%,$0.20B,$-0.05B,-25.98%,$0.20B,$-0.03B,-15.20%,$-0.03B,$0.00B,inf%,$-0.03B,$0.00B,inf%,$-0.03B,$0.00B,inf%,$-0.05B,$0.00B,inf%,$204,$116,$88,$23,$111,$250,$-46,$-7,$-53,$-22,$-31,$-31,$-31,$-46,$-46,$50,50,$-0.62,$-0.62,$0,$0,$0,$0,$0,$0,$0,$0,$0,$0,$0,$0,$0,$0,$0,$0,$0,$0,$0,$0,$-27,$79,$-6,$73,$-33,$-32,$0,$19,$-46,$-1,$-44,$-3,$-142,$116,$-2,$114,$-0,$-74,$-11,$50,$39,$8,$8,$0,$-1,$46,$-31,$21,$0
17,2014-06-30,113.63,$0.00,0.0,0,0.0,0,0.0,0,0.0,$0.00B,$0.00B,0.0,$0.00B,$0.00B,0.0,$0.00B,0,nan%,$0.00B,0,nan%,$0.00B,0,nan%,$0.00B,0,nan%,$0.00B,0,nan%,$0.00B,0,nan%,$0.00B,$0.00B,nan%,$0.00B,$0.00B,nan%,$0.00B,$0.00B,nan%,$0.00B,$0.00B,nan%,$0,$0,$0,$0,$0,$0,$0,$0,$0,$0,$0,$0,$0,$0,$0,$0,0,$0.00,$0.00,$0,$0,$0,$0,$0,$0,$0,$0,$0,$0,$0,$0,$0,$0,$0,$0,$0,$0,$0,$0,$0,$0,$0,$0,$0,$0,$0,$0,$0,$0,$0,$0,$0,$0,$0,$0,$0,$0,$0,$0,$0,$0,$0,$0,$0,$0,$0,$0,$0
18,2014-03-31,106.09,$0.00,0.0,0,0.0,0,0.0,0,0.0,$0.00B,$0.00B,0.0,$0.00B,$0.00B,0.0,$0.00B,0,nan%,$0.00B,0,nan%,$0.00B,0,nan%,$0.00B,0,nan%,$0.00B,0,nan%,$0.00B,0,nan%,$0.00B,$0.00B,nan%,$0.00B,$0.00B,nan%,$0.00B,$0.00B,nan%,$0.00B,$0.00B,nan%,$0,$0,$0,$0,$0,$0,$0,$0,$0,$0,$0,$0,$0,$0,$0,$0,0,$0.00,$0.00,$0,$0,$0,$0,$0,$0,$0,$0,$0,$0,$0,$0,$0,$0,$0,$0,$0,$0,$0,$0,$0,$0,$0,$0,$0,$0,$0,$0,$0,$0,$0,$0,$0,$0,$0,$0,$0,$0,$0,$0,$0,$0,$0,$0,$0,$0,$0,$0,$0
19,2013-12-31,134.7,$0.00,0.0,0,0.0,0,0.0,0,0.0,$0.00B,$0.00B,0.0,$0.00B,$0.00B,0.0,$0.00B,0,nan%,$0.00B,0,nan%,$0.00B,0,nan%,$0.00B,0,nan%,$0.00B,0,nan%,$0.00B,0,nan%,$0.00B,$0.00B,nan%,$0.00B,$0.00B,nan%,$0.00B,$0.00B,nan%,$0.00B,$0.00B,nan%,$0,$0,$0,$0,$0,$0,$0,$0,$0,$0,$0,$0,$0,$0,$0,$0,0,$0.00,$0.00,$0,$0,$0,$0,$0,$0,$0,$0,$0,$0,$0,$0,$0,$0,$0,$0,$0,$0,$0,$0,$0,$0,$0,$0,$0,$0,$0,$0,$0,$0,$0,$0,$0,$0,$0,$0,$0,$0,$0,$0,$0,$0,$0,$0,$0,$0,$0,$0,$0
20,2013-09-30,101.26,$0.00,0.0,$2.99,33.84,$-0.44,0.0,$-0.09,0.0,$0.00B,$0.00B,0.0,$0.00B,$0.00B,0.0,$0.07B,$0.03B,46.48%,$0.07B,$-0.01B,-7.04%,$0.07B,$-0.01B,-7.04%,$0.07B,$0.01B,8.45%,$0.07B,$-0.00B,-5.63%,$0.07B,$-0.00B,-5.63%,$-0.00B,$0.00B,-1.02%,$-0.00B,$0.00B,-6.69%,$-0.00B,$0.00B,-0.92%,$-0.01B,$0.00B,-1.27%,$0,$0,$0,$0,$0,$0,$0,$0,$0,$0,$0,$0,$0,$0,$0,$0,0,$0.00,$0.00,$0,$0,$0,$0,$0,$0,$0,$0,$0,$0,$0,$0,$0,$0,$0,$0,$0,$0,$0,$0,$0,$0,$0,$0,$0,$0,$0,$0,$0,$0,$0,$0,$0,$0,$0,$0,$0,$0,$0,$0,$0,$0,$0,$0,$0,$0,$0,$0,$0
21,2013-06-30,83.74,$0.00,0.0,$5.25,15.94,$-0.68,0.0,$0.15,558.27,$0.00B,$0.00B,0.0,$0.00B,$0.00B,0.0,$0.12B,$0.06B,50.41%,$0.12B,$0.00B,3.31%,$0.12B,$0.00B,3.31%,$0.12B,$0.02B,15.70%,$0.12B,$0.01B,4.13%,$0.12B,$0.00B,0.83%,$0.00B,$0.00B,0.23%,$0.00B,$0.00B,1.02%,$0.00B,$0.00B,0.20%,$0.00B,$0.00B,0.90%,$0,$0,$0,$0,$0,$0,$0,$0,$0,$0,$0,$0,$0,$0,$0,$0,0,$0.00,$0.00,$0,$0,$0,$0,$0,$0,$0,$0,$0,$0,$0,$0,$0,$0,$0,$0,$0,$0,$0,$0,$0,$0,$0,$0,$0,$0,$0,$0,$0,$0,$0,$0,$0,$0,$0,$0,$0,$0,$0,$0,$0,$0,$0,$0,$0,$0,$0,$0,$0
22,2013-03-31,74.22,$0.00,0.0,$7.51,9.88,$-0.42,0.0,$0.29,255.93,$0.00B,$0.00B,0.0,$0.00B,$0.00B,0.0,$0.17B,$0.09B,51.18%,$0.17B,$0.01B,5.88%,$0.17B,$0.01B,5.88%,$0.17B,$0.03B,16.47%,$0.17B,$0.01B,6.47%,$0.17B,$0.00B,2.35%,$0.00B,$0.00B,0.81%,$0.00B,$0.00B,2.98%,$0.00B,$0.00B,0.72%,$0.01B,$0.00B,2.03%,$0,$0,$0,$0,$0,$0,$0,$0,$0,$0,$0,$0,$0,$0,$0,$0,0,$0.00,$0.00,$0,$0,$0,$0,$0,$0,$0,$0,$0,$0,$0,$0,$0,$0,$0,$0,$0,$0,$0,$0,$0,$0,$0,$0,$0,$0,$0,$0,$0,$0,$0,$0,$0,$0,$0,$0,$0,$0,$0,$0,$0,$0,$0,$0,$0,$0,$0,$0,$0
23,2012-12-31,80.15,$40.97,1.96,$9.58,8.37,$-0.22,0.0,$0.50,160.3,$0.32B,$0.09B,3.5,$0.00B,$1.57B,0.0,$0.22B,$0.11B,51.16%,$0.22B,$0.02B,7.91%,$0.22B,$0.02B,7.91%,$0.22B,$0.04B,17.67%,$0.22B,$0.02B,8.84%,$0.22B,$0.01B,4.19%,$0.01B,$1.57B,1.67%,$0.01B,$0.24B,5.33%,$0.01B,$1.73B,1.47%,$0.02B,$1.57B,3.15%,$71,$38,$33,$7,$31,$76,$-5,$1,$-4,$-0,$-4,$-4,$-4,$6,$-5,$23,24,$-0.22,$-0.23,$159,$68,$24,$323,$62,$8,$1333,$5,$1408,$1732,$92,$0,$9,$67,$159,$0,$113,$-0,$1572,$1732,$9,$19,$-10,$9,$-20,$-8,$0,$-17,$-17,$1,$-12,$-3,$0,$63,$-8,$55,$42,$82,$0,$0,$0,$15,$15,$0,$15,$30,$114,$9,$0
24,2012-09-30,54.4,$9.35,5.82,$8.60,6.33,$0.67,81.22,$0.86,63.26,$0.13B,$0.03B,4.09,$0.00B,$0.20B,0.0,$0.19B,$0.10B,53.19%,$0.19B,$0.03B,16.49%,$0.19B,$0.03B,16.49%,$0.19B,$0.04B,23.40%,$0.19B,$0.03B,17.02%,$0.19B,$0.02B,10.11%,$0.02B,$0.20B,9.87%,$0.02B,$0.15B,13.33%,$0.02B,$0.25B,8.12%,$0.03B,$0.20B,16.10%,$50,$22,$28,$4,$15,$41,$9,$0,$9,$4,$5,$5,$5,$13,$9,$21,22,$0.24,$0.24,$56,$32,$0,$129,$45,$21,$50,$0,$116,$245,$32,$0,$0,$9,$41,$0,$117,$-0,$204,$245,$13,$9,$-0,$9,$-10,$-13,$0,$-1,$-19,$2,$-8,$-2,$0,$0,$9,$9,$0,$-0,$0,$0,$0,$4,$4,$0,$2,$6,$8,$2,$0
25,2012-06-30,49.5,$9.09,5.44,$8.19,6.04,$1.06,46.55,$0.89,55.62,$0.12B,$0.04B,3.22,$0.00B,$0.19B,0.0,$0.18B,$0.09B,52.81%,$0.18B,$0.03B,16.85%,$0.18B,$0.03B,16.85%,$0.18B,$0.04B,23.60%,$0.18B,$0.03B,17.98%,$0.18B,$0.02B,11.24%,$0.02B,$0.19B,10.78%,$0.02B,$0.14B,14.79%,$0.02B,$0.24B,8.87%,$0.03B,$0.19B,16.17%,$49,$23,$26,$4,$16,$44,$6,$0,$6,$3,$3,$3,$3,$9,$6,$21,22,$0.14,$0.14,$56,$23,$0,$117,$45,$28,$50,$0,$123,$240,$36,$0,$0,$9,$46,$0,$112,$-0,$194,$240,$8,$6,$1,$6,$-7,$-2,$0,$-0,$-2,$12,$-6,$-1,$0,$0,$0,$0,$0,$-7,$0,$0,$0,$2,$2,$0,$1,$2,$7,$1,$0
26,2012-03-31,36.52,$8.90,4.1,$7.66,4.77,$0.81,45.19,$0.93,39.27,$0.10B,$0.03B,3.39,$0.00B,$0.19B,0.0,$0.17B,$0.09B,52.69%,$0.17B,$0.03B,17.96%,$0.17B,$0.03B,17.96%,$0.17B,$0.04B,25.15%,$0.17B,$0.03B,19.16%,$0.17B,$0.02B,12.57%,$0.02B,$0.19B,11.70%,$0.02B,$0.14B,16.31%,$0.02B,$0.23B,9.69%,$0.03B,$0.19B,16.71%,$45,$22,$23,$4,$11,$38,$7,$0,$8,$3,$5,$5,$5,$10,$7,$21,22,$0.21,$0.21,$46,$22,$0,$101,$41,$35,$50,$0,$127,$229,$30,$0,$0,$9,$39,$0,$109,$0,$189,$229,$5,$3,$0,$3,$-2,$0,$0,$1,$-1,$7,$-2,$-1,$0,$0,$-1,$-1,$0,$-4,$0,$0,$0,$1,$1,$0,$0,$1,$4,$0,$0
27,2011-12-31,30.41,$8.63,3.52,$7.20,4.22,$0.71,42.57,$0.95,32.01,$0.09B,$0.03B,3.2,$0.00B,$0.18B,0.0,$0.16B,$0.08B,52.87%,$0.16B,$0.03B,18.47%,$0.16B,$0.03B,18.47%,$0.16B,$0.04B,25.48%,$0.16B,$0.03B,20.38%,$0.16B,$0.02B,13.38%,$0.02B,$0.18B,12.10%,$0.02B,$0.13B,15.79%,$0.02B,$0.22B,10.12%,$0.03B,$0.18B,16.71%,$44,$21,$23,$4,$10,$35,$9,$-0,$9,$3,$6,$6,$6,$12,$9,$21,22,$0.27,$0.27,$38,$23,$2,$93,$40,$38,$51,$0,$129,$222,$29,$0,$0,$9,$38,$0,$104,$-0,$183,$222,$21,$10,$-3,$7,$-6,$-6,$0,$-0,$-5,$23,$-13,$-4,$-39,$36,$-19,$17,$0,$-39,$0,$0,$0,$6,$6,$0,$3,$9,$-7,$2,$0
28,2011-09-30,18.54,$8.32,2.23,$6.82,2.72,$0.94,19.77,$0.88,21.07,$0.08B,$0.03B,2.72,$0.00B,$0.18B,0.0,$0.15B,$0.08B,52.03%,$0.15B,$0.03B,17.57%,$0.15B,$0.03B,17.57%,$0.15B,$0.04B,25.00%,$0.15B,$0.03B,19.59%,$0.15B,$0.02B,12.84%,$0.02B,$0.18B,11.46%,$0.02B,$0.13B,13.94%,$0.02B,$0.21B,9.67%,$0.03B,$0.18B,15.69%,$40,$18,$22,$4,$10,$32,$8,$1,$9,$3,$6,$6,$6,$11,$8,$21,22,$0.28,$0.27,$21,$22,$0,$75,$38,$47,$51,$0,$136,$211,$28,$0,$0,$8,$35,$0,$98,$0,$176,$211,$15,$8,$-4,$4,$-3,$-5,$0,$-0,$-6,$13,$-10,$-4,$-39,$0,$19,$19,$0,$-33,$0,$0,$0,$5,$5,$0,$3,$8,$-12,$1,$0
29,2011-06-30,33.7,$8.01,4.21,$6.41,5.26,$1.37,24.59,$0.76,44.34,$0.07B,$0.03B,2.56,$0.00B,$0.17B,0.0,$0.14B,$0.07B,50.72%,$0.14B,$0.02B,15.94%,$0.14B,$0.02B,15.94%,$0.14B,$0.03B,23.91%,$0.14B,$0.03B,18.12%,$0.14B,$0.02B,11.59%,$0.02B,$0.17B,10.16%,$0.02B,$0.12B,11.51%,$0.02B,$0.21B,8.63%,$0.02B,$0.17B,13.97%,$38,$18,$20,$4,$10,$32,$6,$0,$6,$2,$4,$4,$4,$9,$6,$21,22,$0.19,$0.18,$19,$21,$0,$71,$36,$46,$52,$0,$134,$205,$28,$0,$0,$8,$35,$0,$92,$-0,$170,$205,$9,$5,$-3,$1,$-3,$-4,$0,$1,$-3,$7,$-7,$-3,$-39,$0,$19,$19,$0,$-30,$0,$0,$0,$5,$5,$0,$3,$8,$-15,$1,$0
30,2011-03-31,47.0,$7.80,6.03,$6.10,7.71,$1.44,32.7,$0.69,68.12,$0.10B,$0.03B,3.6,$0.00B,$0.17B,0.0,$0.13B,$0.07B,50.00%,$0.13B,$0.02B,15.38%,$0.13B,$0.02B,15.38%,$0.13B,$0.03B,23.08%,$0.13B,$0.02B,17.69%,$0.13B,$0.01B,10.77%,$0.01B,$0.17B,9.36%,$0.01B,$0.16B,9.84%,$0.01B,$0.19B,8.06%,$0.02B,$0.17B,13.38%,$35,$16,$18,$3,$9,$28,$6,$1,$8,$3,$5,$5,$5,$8,$6,$21,22,$0.24,$0.23,$49,$19,$0,$96,$30,$56,$8,$0,$96,$192,$27,$0,$0,$0,$27,$0,$88,$0,$165,$192,$5,$2,$-3,$-1,$-2,$-2,$0,$1,$-1,$4,$-1,$-3,$0,$0,$2,$2,$0,$-2,$0,$0,$0,$5,$5,$0,$2,$6,$9,$0,$0
31,2010-12-31,32.64,$7.31,4.46,$5.63,5.8,$1.42,23.01,$0.44,74.18,$0.08B,$0.02B,3.51,$0.00B,$0.15B,0.0,$0.12B,$0.06B,47.46%,$0.12B,$0.01B,11.02%,$0.12B,$0.01B,11.02%,$0.12B,$0.02B,19.49%,$0.12B,$0.01B,11.86%,$0.12B,$0.01B,7.63%,$0.01B,$0.15B,6.34%,$0.01B,$0.15B,6.67%,$0.01B,$0.18B,5.45%,$0.01B,$0.15B,9.15%,$35,$17,$17,$3,$8,$28,$6,$0,$6,$2,$4,$4,$4,$9,$6,$21,21,$0.22,$0.20,$39,$18,$0,$84,$30,$60,$6,$-2,$94,$178,$24,$0,$0,$2,$26,$0,$83,$-0,$152,$178,$9,$9,$3,$13,$-1,$-5,$0,$2,$-0,$22,$-8,$-1,$0,$0,$-40,$-40,$0,$-49,$0,$0,$0,$4,$4,$0,$3,$7,$-21,$1,$0
32,2010-09-30,27.72,$6.91,4.01,$5.32,5.21,$1.90,14.62,$0.36,77.0,$0.08B,$0.02B,3.43,$0.00B,$0.14B,0.0,$0.11B,$0.05B,47.27%,$0.11B,$0.01B,10.00%,$0.11B,$0.01B,10.00%,$0.11B,$0.02B,17.27%,$0.11B,$0.01B,10.00%,$0.11B,$0.01B,6.36%,$0.01B,$0.14B,5.13%,$0.01B,$0.14B,5.43%,$0.01B,$0.17B,4.41%,$0.01B,$0.14B,8.06%,$30,$16,$15,$2,$8,$26,$4,$0,$5,$1,$3,$3,$3,$7,$4,$21,21,$0.15,$0.15,$40,$19,$0,$84,$25,$50,$7,$1,$84,$167,$24,$0,$0,$0,$24,$0,$79,$-0,$143,$167,$5,$7,$6,$13,$-0,$-6,$0,$2,$-3,$15,$-2,$-1,$0,$0,$-39,$-39,$0,$-42,$0,$0,$0,$2,$2,$0,$0,$2,$-26,$1,$0
33,2010-06-30,24.56,$6.70,3.67,$5.08,4.84,$1.95,12.6,$0.29,84.69,$0.08B,$0.02B,3.91,$0.00B,$0.14B,0.0,$0.10B,$0.05B,47.12%,$0.10B,$0.01B,8.65%,$0.10B,$0.01B,8.65%,$0.10B,$0.02B,15.38%,$0.10B,$0.01B,8.65%,$0.10B,$0.01B,5.77%,$0.01B,$0.14B,4.54%,$0.01B,$0.13B,4.82%,$0.01B,$0.16B,3.92%,$0.01B,$0.14B,6.81%,$30,$15,$15,$3,$8,$26,$4,$-0,$4,$1,$2,$2,$2,$6,$4,$21,21,$0.11,$0.11,$36,$17,$0,$79,$26,$43,$7,$2,$79,$158,$20,$0,$0,$0,$20,$0,$76,$-0,$138,$158,$2,$4,$6,$10,$-2,$-4,$0,$0,$-9,$3,$-1,$-1,$0,$0,$-37,$-37,$0,$-39,$0,$0,$0,$0,$0,$0,$0,$0,$-36,$1,$0
34,2010-03-31,24.43,$6.56,3.72,$4.87,5.02,$2.09,11.69,$0.22,111.05,$0.11B,$0.02B,5.1,$0.00B,$0.14B,0.0,$0.10B,$0.05B,46.46%,$0.10B,$0.01B,6.06%,$0.10B,$0.01B,6.06%,$0.10B,$0.01B,14.14%,$0.10B,$0.01B,6.06%,$0.10B,$0.01B,5.05%,$0.01B,$0.14B,3.89%,$0.01B,$0.13B,4.15%,$0.01B,$0.16B,3.34%,$0.01B,$0.14B,4.67%,$23,$14,$9,$2,$8,$24,$-1,$-0,$-1,$-0,$-0,$-0,$-0,$1,$-1,$20,20,$-0.02,$-0.02,$72,$17,$0,$112,$27,$8,$7,$2,$44,$157,$22,$0,$0,$0,$22,$0,$74,$-0,$135,$157,$-0,$2,$5,$7,$-0,$-3,$0,$1,$-4,$3,$-1,$-0,$0,$0,$1,$1,$0,$-0,$0,$0,$0,$-0,$-0,$0,$0,$-0,$2,$0,$0
35,2009-12-31,17.24,$6.36,2.71,$4.89,3.53,$2.11,8.16,$0.20,86.2,$0.11B,$0.02B,4.52,$0.00B,$0.13B,0.0,$0.10B,$0.05B,47.47%,$0.10B,$0.01B,5.05%,$0.10B,$0.01B,5.05%,$0.10B,$0.01B,14.14%,$0.10B,$0.01B,6.06%,$0.10B,$0.00B,4.04%,$0.00B,$0.13B,3.19%,$0.00B,$0.12B,3.41%,$0.00B,$0.15B,2.74%,$0.01B,$0.13B,3.99%,$27,$13,$13,$2,$8,$23,$4,$-0,$3,$1,$2,$2,$2,$5,$4,$20,20,$0.11,$0.11,$68,$15,$0,$106,$26,$10,$8,$2,$47,$153,$24,$0,$0,$0,$24,$0,$74,$-0,$130,$153,$4,$8,$1,$9,$7,$5,$0,$-1,$13,$25,$-2,$-2,$0,$0,$-3,$-3,$0,$-7,$0,$0,$0,$2,$2,$0,$0,$2,$20,$1,$0
36,2009-09-30,17.16,$6.21,2.77,$5.08,3.38,$1.27,13.56,$0.18,95.33,$0.09B,$0.02B,4.96,$0.00B,$0.13B,0.0,$0.10B,$0.05B,48.08%,$0.10B,$0.01B,4.81%,$0.10B,$0.01B,4.81%,$0.10B,$0.02B,14.42%,$0.10B,$0.01B,5.77%,$0.10B,$0.00B,3.85%,$0.00B,$0.13B,3.24%,$0.00B,$0.12B,3.47%,$0.00B,$0.15B,2.76%,$0.01B,$0.13B,4.05%,$24,$12,$12,$2,$7,$22,$2,$0,$3,$1,$2,$2,$2,$4,$2,$20,20,$0.08,$0.08,$51,$15,$0,$92,$27,$16,$8,$2,$52,$145,$19,$0,$0,$1,$19,$0,$72,$-0,$126,$145,$2,$6,$1,$7,$6,$4,$0,$-1,$5,$14,$-1,$-1,$0,$0,$-5,$-5,$0,$-7,$0,$0,$0,$0,$0,$0,$0,$0,$7,$1,$0
37,2009-06-30,10.91,$6.10,1.79,$5.33,2.05,$0.60,18.13,$0.28,38.96,$0.09B,$0.02B,4.63,$0.00B,$0.12B,0.0,$0.11B,$0.05B,48.65%,$0.11B,$0.01B,7.21%,$0.11B,$0.01B,7.21%,$0.11B,$0.02B,16.22%,$0.11B,$0.01B,8.11%,$0.11B,$0.01B,5.41%,$0.01B,$0.12B,4.92%,$0.01B,$0.12B,5.27%,$0.01B,$0.14B,4.14%,$0.01B,$0.12B,6.56%,$25,$13,$12,$2,$8,$23,$1,$-0,$1,$0,$1,$1,$1,$4,$1,$20,20,$0.04,$0.04,$44,$18,$0,$90,$28,$15,$8,$2,$53,$144,$19,$0,$0,$1,$20,$0,$70,$-0,$123,$144,$0,$4,$1,$5,$2,$1,$0,$-0,$0,$5,$-1,$-1,$0,$0,$3,$3,$0,$1,$0,$0,$0,$0,$0,$0,$0,$0,$7,$1,$0
38,2009-03-31,8.27,$6.04,1.37,$5.57,1.48,$-0.03,0.0,$0.43,19.23,$0.09B,$0.02B,4.14,$0.00B,$0.12B,0.0,$0.12B,$0.06B,50.43%,$0.12B,$0.01B,11.11%,$0.12B,$0.01B,11.11%,$0.12B,$0.02B,18.80%,$0.12B,$0.01B,11.97%,$0.12B,$0.01B,7.69%,$0.01B,$0.12B,7.27%,$0.01B,$0.11B,7.79%,$0.01B,$0.14B,6.12%,$0.01B,$0.12B,10.51%,$23,$14,$10,$2,$9,$25,$-2,$1,$-1,$-0,$-1,$-1,$-1,$1,$-2,$20,20,$-0.03,$-0.03,$38,$20,$0,$85,$29,$19,$8,$2,$58,$143,$21,$0,$0,$1,$21,$0,$69,$-0,$122,$143,$-1,$2,$0,$3,$3,$-0,$0,$1,$1,$3,$-1,$-0,$0,$0,$1,$1,$0,$-0,$0,$0,$0,$0,$0,$0,$0,$0,$3,$0,$0
39,2008-12-31,10.75,$6.06,1.77,$5.85,1.84,$-0.29,0.0,$0.65,16.54,$0.09B,$0.03B,3.58,$0.00B,$0.12B,0.0,$0.13B,$0.07B,52.80%,$0.13B,$0.02B,16.80%,$0.13B,$0.02B,16.80%,$0.13B,$0.03B,22.40%,$0.13B,$0.02B,16.80%,$0.13B,$0.01B,11.20%,$0.01B,$0.12B,11.27%,$0.01B,$0.11B,12.07%,$0.01B,$0.15B,9.41%,$0.02B,$0.12B,16.90%,$32,$16,$16,$2,$10,$28,$4,$-1,$3,$1,$2,$2,$2,$6,$4,$21,21,$0.10,$0.10,$37,$20,$0,$88,$30,$19,$8,$2,$60,$148,$25,$0,$0,$1,$25,$0,$70,$-0,$123,$148,$14,$7,$2,$9,$-0,$-7,$0,$1,$-9,$14,$-8,$-2,$0,$0,$24,$24,$0,$13,$0,$0,$0,$-16,$-16,$0,$0,$-16,$12,$1,$0
40,2008-09-30,17.47,$5.95,2.94,$5.74,3.04,$-0.08,0.0,$0.75,23.29,$0.08B,$0.03B,3.34,$0.00B,$0.12B,0.0,$0.12B,$0.07B,53.66%,$0.12B,$0.02B,17.89%,$0.12B,$0.02B,17.89%,$0.12B,$0.03B,22.76%,$0.12B,$0.02B,18.70%,$0.12B,$0.02B,13.01%,$0.02B,$0.12B,12.85%,$0.02B,$0.11B,13.73%,$0.02B,$0.15B,10.74%,$0.02B,$0.12B,17.67%,$31,$15,$16,$2,$8,$25,$5,$0,$6,$2,$4,$4,$4,$7,$5,$21,21,$0.18,$0.18,$28,$20,$0,$83,$29,$22,$8,$2,$62,$145,$25,$0,$0,$0,$25,$0,$68,$-0,$120,$145,$12,$5,$1,$6,$-5,$-7,$0,$1,$-12,$6,$-6,$-2,$0,$0,$19,$19,$0,$11,$0,$0,$0,$-16,$-16,$0,$0,$-16,$1,$1,$0
41,2008-06-30,18.46,$6.21,2.97,$5.50,3.36,$0.18,102.96,$0.72,25.64,$0.09B,$0.02B,4.14,$0.00B,$0.13B,0.0,$0.12B,$0.06B,53.39%,$0.12B,$0.02B,17.80%,$0.12B,$0.02B,17.80%,$0.12B,$0.03B,22.03%,$0.12B,$0.02B,18.64%,$0.12B,$0.02B,12.71%,$0.02B,$0.13B,12.07%,$0.02B,$0.12B,12.85%,$0.02B,$0.15B,10.15%,$0.02B,$0.13B,16.90%,$31,$14,$17,$3,$9,$25,$6,$0,$6,$2,$4,$4,$4,$8,$6,$21,21,$0.20,$0.19,$33,$18,$0,$90,$28,$23,$8,$2,$62,$152,$22,$0,$0,$0,$22,$0,$64,$0,$130,$152,$8,$3,$1,$4,$-8,$-5,$0,$0,$-17,$-5,$-4,$-1,$0,$0,$17,$17,$0,$12,$0,$0,$0,$-2,$-2,$0,$0,$-2,$5,$1,$0
42,2008-03-31,17.8,$6.03,2.95,$5.35,3.33,$0.76,23.4,$0.70,25.43,$0.09B,$0.03B,3.39,$0.00B,$0.12B,0.0,$0.12B,$0.06B,53.91%,$0.12B,$0.02B,17.39%,$0.12B,$0.02B,17.39%,$0.12B,$0.02B,20.87%,$0.12B,$0.02B,19.13%,$0.12B,$0.02B,13.04%,$0.02B,$0.12B,12.47%,$0.02B,$0.12B,13.25%,$0.02B,$0.15B,10.42%,$0.02B,$0.12B,16.63%,$31,$13,$17,$2,$10,$25,$6,$0,$6,$2,$4,$4,$4,$7,$6,$21,22,$0.18,$0.18,$35,$18,$0,$85,$27,$26,$8,$2,$64,$150,$25,$0,$0,$0,$25,$0,$60,$1,$124,$150,$4,$2,$1,$2,$-4,$-5,$0,$1,$-8,$-2,$-1,$-1,$0,$0,$14,$14,$0,$12,$0,$0,$0,$-4,$-4,$0,$0,$-4,$7,$0,$0
43,2007-12-31,25.84,$5.89,4.38,$5.21,4.96,$1.21,21.42,$0.67,38.57,$0.09B,$0.03B,3.57,$0.00B,$0.12B,0.0,$0.11B,$0.06B,54.05%,$0.11B,$0.02B,16.22%,$0.11B,$0.02B,16.22%,$0.11B,$0.02B,20.72%,$0.11B,$0.02B,18.92%,$0.11B,$0.01B,12.61%,$0.01B,$0.12B,12.12%,$0.01B,$0.12B,12.79%,$0.01B,$0.15B,10.11%,$0.02B,$0.12B,15.58%,$30,$14,$16,$2,$9,$25,$5,$0,$5,$1,$4,$4,$4,$6,$5,$21,22,$0.21,$0.19,$47,$13,$0,$89,$27,$22,$8,$2,$60,$149,$25,$0,$0,$0,$25,$0,$56,$0,$124,$149,$14,$5,$0,$5,$-1,$-2,$0,$-0,$2,$21,$-10,$-4,$0,$0,$-10,$-10,$0,$-24,$0,$0,$0,$9,$9,$0,$1,$9,$7,$1,$0
44,2007-09-30,27.56,$5.67,4.86,$5.24,5.26,$1.00,27.5,$0.65,42.73,$0.09B,$0.02B,4.16,$0.00B,$0.12B,0.0,$0.11B,$0.06B,53.15%,$0.11B,$0.02B,16.22%,$0.11B,$0.02B,16.22%,$0.11B,$0.02B,20.72%,$0.11B,$0.02B,19.82%,$0.11B,$0.01B,12.61%,$0.01B,$0.12B,12.84%,$0.01B,$0.11B,13.53%,$0.01B,$0.14B,10.71%,$0.02B,$0.12B,16.51%,$26,$13,$13,$2,$7,$22,$4,$1,$5,$1,$3,$3,$3,$5,$4,$21,22,$0.15,$0.15,$47,$13,$0,$88,$26,$17,$6,$2,$52,$140,$21,$0,$0,$0,$21,$0,$52,$0,$119,$140,$10,$3,$1,$4,$-0,$-3,$0,$0,$-1,$13,$-8,$-2,$0,$0,$-5,$-5,$0,$-16,$0,$0,$0,$9,$9,$0,$0,$9,$7,$1,$0
45,2007-06-30,23.49,$5.45,4.31,$5.25,4.47,$0.83,28.44,$0.62,37.89,$0.09B,$0.02B,3.84,$0.00B,$0.11B,0.0,$0.11B,$0.06B,52.73%,$0.11B,$0.02B,16.36%,$0.11B,$0.02B,16.36%,$0.11B,$0.02B,20.91%,$0.11B,$0.02B,19.09%,$0.11B,$0.01B,12.73%,$0.01B,$0.11B,13.66%,$0.01B,$0.11B,14.40%,$0.01B,$0.14B,11.36%,$0.02B,$0.11B,17.56%,$28,$13,$16,$2,$9,$23,$5,$1,$6,$2,$4,$4,$4,$6,$5,$21,22,$0.18,$0.17,$45,$11,$0,$87,$24,$16,$5,$2,$49,$137,$23,$0,$0,$0,$23,$0,$49,$-0,$114,$137,$7,$2,$2,$4,$-3,$-2,$0,$1,$-2,$9,$-5,$-1,$0,$0,$-8,$-8,$0,$-15,$0,$0,$0,$8,$8,$0,$0,$8,$2,$0,$0
46,2007-03-31,21.36,$5.11,4.18,$5.22,4.09,$0.59,36.25,$0.59,36.2,$0.08B,$0.02B,3.75,$0.00B,$0.11B,0.0,$0.11B,$0.06B,51.38%,$0.11B,$0.02B,15.60%,$0.11B,$0.02B,15.60%,$0.11B,$0.02B,20.18%,$0.11B,$0.02B,17.43%,$0.11B,$0.01B,11.93%,$0.01B,$0.11B,13.37%,$0.01B,$0.10B,14.09%,$0.01B,$0.13B,11.09%,$0.02B,$0.11B,17.48%,$27,$13,$15,$2,$8,$23,$4,$0,$5,$2,$3,$3,$3,$6,$4,$20,21,$0.15,$0.15,$45,$10,$0,$83,$21,$15,$5,$2,$45,$128,$22,$0,$0,$0,$22,$0,$45,$-0,$105,$128,$3,$1,$1,$2,$1,$0,$0,$1,$3,$8,$-2,$-0,$0,$0,$-5,$-5,$0,$-7,$0,$0,$0,$4,$4,$0,$0,$4,$5,$0,$0
47,2006-12-31,15.71,$4.82,3.26,$5.01,3.13,$0.24,64.58,$0.54,29.08,$0.08B,$0.02B,3.74,$0.00B,$0.10B,0.0,$0.10B,$0.05B,50.00%,$0.10B,$0.02B,15.38%,$0.10B,$0.02B,15.38%,$0.10B,$0.02B,19.23%,$0.10B,$0.02B,16.35%,$0.10B,$0.01B,11.54%,$0.01B,$0.10B,12.87%,$0.01B,$0.09B,13.64%,$0.01B,$0.12B,10.69%,$0.02B,$0.10B,17.16%,$30,$15,$15,$2,$8,$25,$5,$0,$6,$2,$4,$4,$4,$6,$5,$20,21,$0.18,$0.18,$37,$10,$0,$76,$20,$14,$6,$1,$42,$118,$20,$0,$0,$0,$20,$0,$42,$-0,$98,$118,$11,$4,$2,$5,$-5,$1,$0,$-1,$-4,$12,$-6,$-2,$0,$0,$-0,$-0,$0,$-8,$0,$0,$0,$-2,$-2,$0,$0,$-2,$3,$1,$0
