,Date,Stock Price,Book Value per Share,Price to Book Ratio,TTM Sales per Share,Price to Sales Ratio,TTM FCF per Share,Price to FCF Ratio,TTM Net EPS,PE Ratio,Current Assets,Current Liabilities,Current Ratio,Long Term Debt,Shareholder's Equity_x,Debt to Equity Ratio,TTM Revenue_x,TTM Gross Profit,Gross Margin,TTM Revenue_y,TTM Operating Income,Operating Margin,TTM Revenue_x,TTM EBIT,EBIT Margin,TTM Revenue_y,TTM EBITDA,EBITDA Margin,TTM Revenue_x,TTM Pre-Tax Income,Pre-Tax Margin,TTM Revenue_y,TTM Net Income_x,Net Margin,TTM Net Income_y,Shareholder's Equity_y,Return on Equity,TTM Net Income_x,Tangible Equity,Return on Tangible Equity,TTM Net Income_y,Total Assets,Return on Assets,TTM Net Income,LT Investments & Debt,Return on Investment,revenue,cost-goods-sold,gross-profit,research-development-expenses,selling-general-administrative-expenses,operating-expenses,operating-income,total-non-operating-income-expense,pre-tax-income,total-provision-income-taxes,income-after-taxes,income-from-continuous-operations,net-income,ebitda,ebit,basic-shares-outstanding,shares-outstanding,eps-basic-net-earnings-per-share,eps-earnings-per-share-diluted,cash-on-hand,inventory,other-current-assets,total-current-assets,net-property-plant-equipment,long-term-investments,goodwill-intangible-assets-total,other-long-term-assets,total-long-term-assets,total-assets,total-current-liabilities,long-term-debt,other-non-current-liabilities,total-long-term-liabilities,total-liabilities,common-stock-net,retained-earnings-accumulated-deficit,comprehensive-income,total-share-holder-equity,total-liabilities-share-holders-equity,net-income-loss,total-depreciation-amortization-cash-flow,other-non-cash-items,total-non-cash-items,change-in-accounts-receivable,change-in-inventories,change-in-accounts-payable,change-in-assets-liabilities,total-change-in-assets-liabilities,cash-flow-from-operating-activities,net-change-in-property-plant-equipment,net-change-in-intangible-assets,net-acquisitions-divestitures,net-change-in-short-term-investments,net-change-in-long-term-investments,net-change-in-investments-total,investing-activities-other,cash-flow-from-investing-activities,net-long-term-debt,net-current-debt,debt-issuance-retirement-net-total,net-common-equity-issued-repurchased,net-total-equity-issued-repurchased,total-common-preferred-stock-dividends-paid,financial-activities-other,cash-flow-from-financial-activities,net-cash-flow,stock-based-compensation,common-stock-dividends-paid
0,2018-09-30,49.55,$14.35,3.45,$20.48,2.42,$5.90,8.39,$2.99,16.57,$2.03B,$0.66B,3.1,$3.25B,$2.36B,1.38,$3.52B,$1.25B,35.53%,$3.52B,$0.70B,19.89%,$3.52B,$0.70B,19.89%,$3.52B,$0.96B,27.17%,$3.52B,$0.52B,14.88%,$3.52B,$0.51B,14.59%,$0.51B,$2.36B,21.21%,$0.51B,$-1.42B,-35.84%,$0.51B,$6.66B,7.63%,$0.70B,$5.60B,12.33%,$874,$558,$315,$38,$74,$651,$222,$-49,$174,$25,$149,$149,$149,$284,$222,$167,169,$0.89,$0.88,$811,$489,$0,$2027,$757,$0,$3775,$82,$4637,$6664,$655,$3245,$34,$3654,$4309,$2,$1087,$-19,$2355,$6664,$345,$189,$-25,$164,$-79,$-65,$0,$-20,$-88,$420,$-111,$0,$149,$0,$0,$0,$5,$43,$-14,$0,$-14,$-393,$-393,$0,$3,$-405,$58,$18,$0
1,2018-06-30,47.58,$14.80,3.22,$20.06,2.37,$5.68,8.37,$2.62,18.16,$2.15B,$0.64B,3.38,$3.25B,$2.52B,1.29,$3.46B,$1.23B,35.43%,$3.46B,$0.62B,17.83%,$3.46B,$0.62B,17.83%,$3.46B,$0.88B,25.46%,$3.46B,$0.45B,13.06%,$3.46B,$0.45B,13.06%,$0.45B,$2.52B,19.03%,$0.45B,$-1.29B,-29.70%,$0.45B,$6.81B,6.75%,$0.62B,$5.77B,10.97%,$914,$583,$331,$38,$80,$736,$178,$-49,$129,$23,$105,$105,$105,$240,$178,$171,173,$0.61,$0.61,$863,$462,$119,$2149,$742,$0,$3808,$82,$4658,$6807,$635,$3247,$24,$3649,$4284,$2,$937,$-33,$2523,$6807,$196,$127,$35,$161,$-70,$-35,$0,$-9,$-103,$254,$-66,$0,$0,$0,$0,$0,$5,$-61,$-12,$0,$-12,$-60,$-60,$0,$-10,$-82,$110,$12,$0
2,2018-03-31,51.83,$14.30,3.62,$19.65,2.64,$5.61,9.24,$2.47,20.98,$2.02B,$0.67B,3.03,$3.25B,$2.45B,1.33,$3.39B,$1.19B,35.26%,$3.39B,$0.58B,17.10%,$3.39B,$0.58B,17.10%,$3.39B,$0.85B,25.10%,$3.39B,$0.42B,12.43%,$3.39B,$0.43B,12.58%,$0.43B,$2.45B,18.78%,$0.43B,$-1.44B,-25.39%,$0.43B,$6.78B,6.46%,$0.58B,$5.70B,10.49%,$886,$582,$304,$36,$81,$739,$148,$-43,$105,$14,$90,$90,$90,$212,$148,$171,173,$0.53,$0.52,$828,$460,$0,$2019,$754,$0,$3891,$86,$4764,$6783,$666,$3249,$35,$3666,$4332,$2,$836,$-56,$2451,$6783,$90,$65,$17,$82,$-71,$-14,$0,$-3,$-49,$123,$-31,$0,$0,$0,$0,$0,$0,$-31,$-11,$0,$-11,$2,$2,$0,$-8,$-17,$75,$5,$0
3,2017-12-31,51.11,$13.69,3.73,$19.22,2.66,$5.59,9.14,$2.37,21.57,$1.85B,$0.63B,2.94,$3.26B,$2.35B,1.39,$3.31B,$1.17B,35.23%,$3.31B,$0.55B,16.72%,$3.31B,$0.55B,16.72%,$3.31B,$0.83B,25.13%,$3.31B,$0.40B,12.16%,$3.31B,$0.41B,12.34%,$0.41B,$2.35B,18.88%,$0.41B,$-1.58B,-22.38%,$0.41B,$6.64B,6.29%,$0.55B,$5.60B,10.21%,$841,$541,$299,$33,$76,$690,$151,$-35,$115,$-54,$169,$169,$169,$219,$151,$171,172,$1.00,$0.98,$753,$446,$0,$1848,$750,$0,$3926,$85,$4793,$6642,$629,$3255,$34,$3666,$4296,$2,$1032,$-63,$2346,$6642,$408,$278,$-33,$244,$-56,$-57,$0,$-13,$-95,$558,$-136,$0,$0,$0,$0,$0,$-5,$-141,$-16,$0,$-16,$5,$5,$0,$-4,$-15,$402,$20,$0
4,2017-09-30,48.07,$12.74,3.77,$18.93,2.54,$5.43,8.85,$1.78,27.01,$1.73B,$0.63B,2.76,$3.26B,$2.18B,1.49,$3.25B,$1.15B,35.19%,$3.25B,$0.53B,16.29%,$3.25B,$0.53B,16.29%,$3.25B,$0.82B,25.23%,$3.25B,$0.36B,11.19%,$3.25B,$0.31B,9.40%,$0.31B,$2.18B,14.86%,$0.31B,$-1.78B,-15.59%,$0.31B,$6.54B,4.79%,$0.53B,$5.44B,9.97%,$819,$527,$292,$34,$76,$679,$140,$-37,$103,$15,$88,$88,$88,$210,$140,$171,172,$0.51,$0.51,$613,$447,$0,$1731,$736,$0,$3964,$80,$4807,$6538,$628,$3255,$32,$3727,$4355,$2,$863,$-50,$2183,$6538,$239,$209,$32,$241,$-70,$-58,$0,$-23,$-108,$372,$-95,$0,$0,$0,$0,$0,$-3,$-98,$-14,$0,$-14,$5,$5,$0,$-4,$-13,$262,$15,$0
5,2017-06-30,42.72,$12.23,3.49,$18.79,2.27,$5.58,7.65,$1.68,25.43,$1.59B,$0.60B,2.64,$3.26B,$2.09B,1.56,$3.23B,$1.13B,35.16%,$3.23B,$0.51B,15.91%,$3.23B,$0.51B,15.91%,$3.23B,$0.81B,25.18%,$3.23B,$0.34B,10.60%,$3.23B,$0.29B,8.93%,$0.29B,$2.09B,14.56%,$0.29B,$-1.91B,-13.81%,$0.29B,$6.42B,4.56%,$0.51B,$5.35B,9.78%,$840,$541,$299,$31,$81,$700,$140,$-42,$98,$19,$79,$79,$79,$209,$140,$171,172,$0.46,$0.46,$511,$411,$0,$1588,$726,$0,$4003,$75,$4829,$6418,$601,$3256,$30,$3723,$4324,$2,$778,$-44,$2094,$6418,$151,$140,$26,$166,$-65,$-22,$0,$-24,$-83,$234,$-60,$0,$0,$0,$0,$0,$-2,$-62,$-12,$0,$-12,$0,$0,$0,$-0,$-12,$160,$10,$0
6,2017-03-31,43.67,$11.81,3.7,$18.73,2.33,$5.64,7.74,$1.60,27.29,$1.47B,$0.60B,2.48,$3.26B,$2.02B,1.61,$3.21B,$1.13B,35.01%,$3.21B,$0.50B,15.59%,$3.21B,$0.50B,15.59%,$3.21B,$0.81B,25.18%,$3.21B,$0.33B,10.27%,$3.21B,$0.28B,8.56%,$0.28B,$2.02B,14.47%,$0.28B,$-2.02B,-12.46%,$0.28B,$6.33B,4.38%,$0.50B,$5.28B,9.68%,$807,$532,$275,$32,$70,$686,$122,$-36,$86,$14,$72,$72,$72,$193,$122,$171,172,$0.42,$0.42,$432,$407,$0,$1473,$723,$0,$4042,$72,$4857,$6331,$595,$3257,$27,$3715,$4310,$2,$706,$-33,$2020,$6331,$72,$71,$9,$80,$-33,$-17,$0,$-12,$-32,$120,$-30,$0,$0,$0,$0,$0,$0,$-30,$-11,$0,$-11,$2,$2,$0,$-0,$-9,$80,$4,$0
7,2016-12-31,38.95,$11.36,3.43,$18.68,2.08,$5.71,6.82,$1.53,25.46,$1.34B,$0.58B,2.3,$3.26B,$1.94B,1.68,$3.20B,$1.12B,34.90%,$3.20B,$0.49B,15.39%,$3.20B,$0.49B,15.39%,$3.20B,$0.81B,25.29%,$3.20B,$0.32B,10.02%,$3.20B,$0.26B,8.24%,$0.26B,$1.94B,14.47%,$0.26B,$-2.14B,-11.33%,$0.26B,$6.24B,4.20%,$0.49B,$5.20B,9.64%,$788,$509,$279,$31,$69,$661,$128,$-50,$77,$11,$67,$67,$67,$209,$128,$171,171,$0.39,$0.39,$351,$390,$0,$1341,$724,$0,$4081,$74,$4899,$6241,$583,$3259,$29,$3716,$4299,$2,$637,$-34,$1942,$6241,$262,$318,$35,$353,$-33,$-38,$0,$-0,$-94,$522,$-129,$0,$5,$0,$-50,$-50,$0,$-175,$-336,$0,$-336,$-1,$-1,$0,$-1,$-338,$9,$17,$0
8,2016-09-30,38.78,$10.85,3.57,$18.32,2.12,$5.53,7.01,$2.41,16.09,$1.30B,$0.62B,2.08,$3.30B,$1.85B,1.78,$3.14B,$1.09B,34.67%,$3.14B,$0.46B,14.52%,$3.14B,$0.46B,14.52%,$3.14B,$0.77B,24.55%,$3.14B,$0.29B,9.17%,$3.14B,$0.42B,13.21%,$0.42B,$1.85B,23.62%,$0.42B,$-2.27B,-16.94%,$0.42B,$6.25B,6.59%,$0.46B,$5.15B,9.02%,$790,$509,$281,$32,$75,$667,$123,$-42,$81,$11,$70,$70,$70,$201,$123,$171,171,$0.41,$0.41,$300,$373,$0,$1296,$722,$0,$4128,$70,$4955,$6251,$622,$3296,$35,$3775,$4397,$2,$571,$-51,$1854,$6251,$196,$237,$30,$267,$-65,$-21,$0,$-7,$-66,$396,$-94,$0,$5,$0,$-50,$-50,$0,$-139,$-298,$-5,$-302,$3,$3,$0,$-1,$-300,$-42,$13,$0
9,2016-06-30,34.89,$10.47,3.33,$17.96,1.94,$5.13,6.81,$2.31,15.1,$1.30B,$0.73B,1.78,$3.30B,$1.79B,1.84,$3.08B,$1.06B,34.41%,$3.08B,$0.44B,14.29%,$3.08B,$0.44B,14.29%,$3.08B,$0.75B,24.24%,$3.08B,$0.27B,8.87%,$3.08B,$0.40B,12.93%,$0.40B,$1.79B,24.05%,$0.40B,$-2.39B,-17.14%,$0.40B,$6.29B,6.61%,$0.44B,$5.09B,9.21%,$828,$537,$290,$32,$78,$699,$128,$-42,$86,$21,$66,$66,$66,$206,$128,$171,171,$0.38,$0.38,$309,$346,$0,$1296,$709,$0,$4182,$69,$4993,$6289,$729,$3297,$35,$3772,$4501,$2,$502,$-42,$1788,$6289,$126,$158,$22,$180,$-68,$6,$0,$-12,$-60,$247,$-64,$0,$5,$0,$-50,$-50,$0,$-109,$-169,$0,$-169,$-1,$-1,$0,$-1,$-171,$-33,$9,$0
10,2016-03-31,38.84,$10.07,3.86,$17.61,2.21,$4.79,8.11,$2.17,17.9,$1.33B,$0.88B,1.52,$3.30B,$1.72B,1.92,$3.02B,$1.02B,33.84%,$3.02B,$0.41B,13.41%,$3.02B,$0.41B,13.41%,$3.02B,$0.71B,23.41%,$3.02B,$0.24B,7.85%,$3.02B,$0.37B,12.35%,$0.37B,$1.72B,23.93%,$0.37B,$-2.52B,-17.07%,$0.37B,$6.36B,6.51%,$0.41B,$5.02B,8.98%,$797,$528,$268,$31,$72,$683,$114,$-37,$77,$16,$61,$61,$61,$194,$114,$170,171,$0.36,$0.35,$348,$344,$0,$1331,$699,$0,$4233,$66,$5030,$6361,$877,$3299,$38,$3768,$4645,$2,$451,$-42,$1716,$6361,$61,$81,$5,$86,$-58,$10,$0,$-0,$-10,$136,$-34,$0,$-3,$0,$-50,$-50,$0,$-88,$-40,$0,$-40,$-2,$-2,$0,$-0,$-43,$6,$4,$0
11,2015-12-31,46.06,$9.79,4.7,$17.35,2.66,$4.58,10.07,$2.03,22.69,$1.28B,$0.87B,1.48,$3.30B,$1.67B,1.98,$2.97B,$1.00B,33.56%,$2.97B,$0.39B,13.21%,$2.97B,$0.39B,13.21%,$2.97B,$0.69B,23.03%,$2.97B,$0.21B,6.93%,$2.97B,$0.35B,11.67%,$0.35B,$1.67B,23.58%,$0.35B,$-2.61B,-17.03%,$0.35B,$6.30B,6.39%,$0.39B,$4.97B,9.25%,$726,$477,$250,$31,$68,$635,$91,$-47,$44,$-174,$218,$218,$218,$170,$91,$170,172,$1.29,$1.27,$342,$359,$0,$1278,$694,$0,$4282,$18,$5021,$6299,$865,$3301,$40,$3765,$4630,$2,$391,$-26,$1669,$6299,$348,$291,$-130,$161,$19,$41,$0,$-11,$24,$533,$-172,$0,$-994,$0,$0,$0,$0,$-1166,$795,$0,$795,$19,$19,$0,$-50,$764,$131,$15,$0
12,2015-09-30,44.34,$8.50,5.22,$17.20,2.58,$3.89,11.4,$1.17,37.9,$1.21B,$0.65B,1.86,$2.60B,$1.45B,1.8,$2.95B,$0.98B,33.32%,$2.95B,$0.38B,12.80%,$2.95B,$0.38B,12.80%,$2.95B,$0.66B,22.49%,$2.95B,$0.19B,6.57%,$2.95B,$0.20B,6.74%,$0.20B,$1.45B,14.42%,$0.20B,$-1.76B,-10.52%,$0.20B,$5.14B,3.88%,$0.38B,$4.05B,9.43%,$727,$477,$251,$31,$66,$620,$107,$-41,$66,$13,$53,$53,$53,$176,$107,$170,172,$0.31,$0.31,$258,$341,$0,$1210,$651,$0,$3208,$20,$3926,$5137,$651,$2598,$33,$3039,$3690,$2,$179,$-24,$1446,$5137,$129,$212,$59,$271,$-37,$15,$0,$-31,$-37,$364,$-130,$0,$3,$0,$0,$0,$0,$-127,$-176,$0,$-176,$15,$15,$0,$-29,$-190,$47,$11,$0
13,2015-06-30,52.74,$8.26,6.39,$16.35,3.23,$3.61,14.62,$1.34,39.36,$1.19B,$0.70B,1.72,$2.60B,$1.40B,1.85,$2.80B,$0.94B,33.46%,$2.80B,$0.36B,12.95%,$2.80B,$0.36B,12.95%,$2.80B,$0.63B,22.58%,$2.80B,$0.19B,6.71%,$2.80B,$0.23B,8.13%,$0.23B,$1.40B,17.21%,$0.23B,$-1.85B,-12.91%,$0.23B,$5.14B,4.73%,$0.36B,$4.01B,9.73%,$770,$518,$253,$31,$73,$677,$93,$-44,$50,$9,$41,$41,$41,$167,$93,$170,172,$0.24,$0.24,$227,$333,$0,$1192,$629,$0,$3253,$20,$3945,$5137,$695,$2602,$30,$3038,$3733,$2,$127,$-7,$1404,$5137,$76,$143,$42,$185,$-54,$24,$0,$-20,$-49,$212,$-87,$0,$3,$0,$0,$0,$0,$-84,$-97,$0,$-97,$13,$13,$0,$-29,$-113,$15,$8,$0
14,2015-03-31,57.45,$8.05,7.13,$15.19,3.78,$3.78,15.21,$1.47,39.08,$1.17B,$0.73B,1.6,$2.61B,$1.37B,1.91,$2.61B,$0.89B,34.19%,$2.61B,$0.37B,14.33%,$2.61B,$0.37B,14.33%,$2.61B,$0.62B,23.73%,$2.61B,$0.22B,8.55%,$2.61B,$0.25B,9.62%,$0.25B,$1.37B,20.04%,$0.25B,$-1.93B,-15.69%,$0.25B,$5.14B,5.68%,$0.37B,$3.98B,10.89%,$751,$507,$244,$31,$64,$648,$102,$-57,$46,$11,$35,$35,$35,$172,$102,$169,171,$0.21,$0.21,$196,$347,$0,$1169,$608,$0,$3294,$31,$3972,$5141,$731,$2608,$39,$3042,$3773,$2,$90,$9,$1368,$5141,$35,$69,$24,$94,$-43,$10,$0,$-10,$-26,$103,$-38,$0,$3,$0,$0,$0,$0,$-35,$-69,$0,$-69,$5,$5,$0,$-20,$-84,$-16,$3,$0
15,2014-12-31,52.41,$7.70,6.81,$13.97,3.75,$3.84,13.63,$1.65,31.76,$1.12B,$0.68B,1.65,$2.70B,$1.30B,2.07,$2.41B,$0.84B,34.94%,$2.41B,$0.37B,15.39%,$2.41B,$0.37B,15.39%,$2.41B,$0.60B,24.69%,$2.41B,$0.25B,10.54%,$2.41B,$0.28B,11.78%,$0.28B,$1.30B,23.41%,$0.28B,$-2.03B,-20.52%,$0.28B,$5.12B,7.02%,$0.37B,$4.00B,11.70%,$705,$470,$236,$26,$72,$629,$76,$-44,$32,$-37,$70,$70,$70,$149,$76,$170,172,$0.41,$0.41,$211,$356,$0,$1119,$589,$0,$3336,$27,$3998,$5117,$678,$2696,$42,$3136,$3814,$2,$67,$-12,$1303,$5117,$284,$223,$-41,$183,$-26,$-77,$0,$-0,$-84,$383,$-139,$0,$-1294,$0,$0,$0,$2,$-1430,$1114,$0,$1114,$-157,$-157,$0,$-16,$941,$-107,$13,$0
16,2014-09-30,44.53,$7.25,6.14,$12.70,3.51,$4.19,10.63,$1.62,27.49,$0.93B,$0.57B,1.65,$1.71B,$1.22B,1.4,$2.21B,$0.80B,35.97%,$2.21B,$0.39B,17.78%,$2.21B,$0.39B,17.78%,$2.21B,$0.59B,26.79%,$2.21B,$0.29B,12.99%,$2.21B,$0.28B,12.71%,$0.28B,$1.22B,23.96%,$0.28B,$-1.26B,-24.32%,$0.28B,$3.88B,7.72%,$0.39B,$2.93B,13.62%,$577,$372,$205,$20,$53,$485,$92,$-32,$60,$-22,$82,$82,$82,$145,$92,$169,171,$0.49,$0.48,$197,$274,$0,$931,$419,$0,$2479,$22,$2949,$3881,$566,$1710,$26,$2091,$2657,$2,$9,$-11,$1224,$3881,$214,$151,$1,$152,$-57,$-63,$0,$-5,$-86,$280,$-96,$0,$-299,$0,$0,$0,$2,$-392,$154,$0,$154,$-164,$-164,$0,$0,$-10,$-121,$10,$0
17,2014-06-30,46.78,$6.62,7.07,$12.11,3.86,$4.53,10.34,$1.51,30.98,$0.82B,$0.38B,2.16,$1.71B,$1.11B,1.54,$2.13B,$0.78B,36.59%,$2.13B,$0.40B,18.81%,$2.13B,$0.40B,18.81%,$2.13B,$0.59B,27.86%,$2.13B,$0.31B,14.68%,$2.13B,$0.27B,12.43%,$0.27B,$1.11B,22.51%,$0.27B,$-1.19B,-24.10%,$0.27B,$3.55B,7.44%,$0.40B,$2.83B,13.99%,$576,$368,$207,$18,$51,$472,$104,$-19,$85,$21,$64,$64,$64,$153,$104,$171,173,$0.37,$0.37,$185,$226,$0,$818,$392,$0,$2301,$12,$2732,$3550,$379,$1712,$18,$2057,$2436,$2,$-67,$-29,$1114,$3550,$132,$98,$17,$115,$-49,$-31,$0,$5,$-30,$217,$-62,$0,$-117,$0,$0,$0,$2,$-176,$-4,$0,$-4,$-170,$-170,$0,$0,$-174,$-133,$6,$0
18,2014-03-31,42.64,$7.03,6.06,$11.62,3.67,$4.45,9.59,$1.25,34.11,$0.95B,$0.38B,2.49,$1.71B,$1.21B,1.42,$2.06B,$0.76B,36.71%,$2.06B,$0.39B,18.82%,$2.06B,$0.39B,18.82%,$2.06B,$0.58B,28.08%,$2.06B,$0.26B,12.75%,$2.06B,$0.22B,10.72%,$0.22B,$1.21B,18.52%,$0.22B,$-1.06B,-20.36%,$0.22B,$3.63B,6.24%,$0.39B,$2.93B,13.58%,$552,$357,$194,$18,$45,$452,$99,$-23,$77,$8,$68,$68,$68,$148,$99,$172,174,$0.40,$0.39,$334,$199,$0,$950,$369,$0,$2273,$11,$2681,$3631,$381,$1714,$10,$2039,$2420,$2,$-129,$-31,$1211,$3631,$68,$49,$2,$51,$-52,$-8,$0,$-7,$-14,$105,$-27,$0,$-58,$0,$0,$0,$2,$-83,$-3,$0,$-3,$-3,$-3,$0,$0,$-6,$16,$3,$0
19,2013-12-31,38.77,$6.64,5.84,$11.04,3.51,$4.39,8.84,$1.05,36.92,$0.86B,$0.32B,2.69,$1.72B,$1.14B,1.5,$1.98B,$0.73B,36.62%,$1.98B,$0.36B,18.38%,$1.98B,$0.36B,18.38%,$1.98B,$0.55B,27.93%,$1.98B,$0.23B,11.82%,$1.98B,$0.19B,9.49%,$0.19B,$1.14B,15.74%,$0.19B,$-1.12B,-17.10%,$0.19B,$3.50B,5.30%,$0.36B,$2.86B,12.84%,$505,$316,$189,$15,$42,$407,$98,$-33,$65,$-2,$67,$67,$67,$146,$98,$176,179,$0.38,$0.38,$318,$183,$0,$856,$345,$0,$2258,$10,$2643,$3499,$318,$1716,$22,$2039,$2357,$2,$-188,$-33,$1142,$3499,$188,$190,$44,$234,$-33,$-7,$0,$-6,$-26,$396,$-81,$0,$-15,$0,$0,$0,$9,$-88,$-112,$0,$-112,$-284,$-284,$0,$-8,$-404,$-96,$9,$0
20,2013-09-30,38.27,$7.05,5.43,$10.67,3.59,$4.55,8.42,$1.06,36.1,$0.88B,$0.35B,2.53,$1.61B,$1.24B,1.3,$1.92B,$0.68B,35.63%,$1.92B,$0.31B,16.04%,$1.92B,$0.31B,16.04%,$1.92B,$0.50B,26.04%,$1.92B,$0.18B,9.17%,$1.92B,$0.19B,10.00%,$0.19B,$1.24B,15.81%,$0.19B,$-1.03B,-17.39%,$0.19B,$3.56B,5.35%,$0.31B,$2.85B,10.70%,$499,$309,$190,$15,$40,$399,$100,$-14,$86,$20,$66,$66,$66,$147,$100,$176,179,$0.38,$0.37,$348,$182,$0,$880,$336,$0,$2276,$7,$2679,$3559,$348,$1612,$33,$1968,$2316,$2,$-246,$-39,$1243,$3559,$121,$142,$47,$189,$-45,$-6,$0,$-4,$-1,$309,$-55,$0,$-0,$0,$0,$0,$6,$-49,$-210,$0,$-210,$-109,$-109,$0,$-6,$-325,$-65,$7,$0
21,2013-06-30,34.9,$6.70,5.21,$10.48,3.33,$4.52,7.72,$0.92,37.93,$0.77B,$0.33B,2.34,$1.62B,$1.18B,1.37,$1.89B,$0.66B,34.71%,$1.89B,$0.28B,14.74%,$1.89B,$0.28B,14.74%,$1.89B,$0.48B,25.09%,$1.89B,$0.15B,7.77%,$1.89B,$0.17B,8.87%,$0.17B,$1.18B,14.04%,$0.17B,$-1.13B,-14.62%,$0.17B,$3.47B,4.66%,$0.28B,$2.79B,9.58%,$506,$323,$184,$14,$43,$416,$91,$-56,$35,$14,$20,$20,$20,$138,$91,$175,178,$0.12,$0.11,$234,$174,$0,$768,$331,$0,$2306,$6,$2701,$3469,$329,$1615,$38,$1965,$2293,$2,$-288,$-32,$1176,$3469,$55,$95,$49,$144,$-52,$3,$0,$-5,$-19,$180,$-34,$0,$-0,$0,$0,$0,$1,$-33,$-207,$0,$-207,$-114,$-114,$0,$-6,$-326,$-179,$5,$0
22,2013-03-31,32.87,$6.89,4.77,$10.42,3.16,$4.62,7.12,$0.95,34.6,$0.94B,$0.50B,1.9,$1.62B,$1.22B,1.33,$1.89B,$0.65B,34.41%,$1.89B,$0.27B,14.48%,$1.89B,$0.27B,14.48%,$1.89B,$0.47B,25.05%,$1.89B,$0.16B,8.62%,$1.89B,$0.17B,9.20%,$0.17B,$1.22B,14.71%,$0.17B,$-1.12B,-14.63%,$0.17B,$3.67B,4.79%,$0.27B,$2.84B,9.29%,$470,$309,$162,$14,$38,$396,$75,$-27,$48,$14,$35,$35,$35,$122,$75,$178,182,$0.19,$0.19,$431,$172,$0,$942,$327,$0,$2335,$6,$2726,$3668,$496,$1618,$31,$1955,$2451,$2,$-290,$-30,$1217,$3668,$35,$48,$12,$59,$-29,$4,$0,$-5,$-9,$85,$-14,$0,$-0,$0,$0,$0,$1,$-13,$-3,$0,$-3,$-51,$-51,$0,$0,$-54,$17,$2,$0
23,2012-12-31,32.48,$6.87,4.73,$10.54,3.08,$4.78,6.8,$0.97,33.48,$0.90B,$0.28B,3.21,$1.81B,$1.22B,1.48,$1.91B,$0.66B,34.27%,$1.91B,$0.28B,14.47%,$1.91B,$0.28B,14.47%,$1.91B,$0.48B,25.24%,$1.91B,$0.17B,8.99%,$1.91B,$0.18B,9.30%,$0.18B,$1.22B,15.45%,$0.18B,$-1.14B,-14.25%,$0.18B,$3.65B,4.94%,$0.28B,$3.03B,9.34%,$445,$298,$148,$13,$32,$404,$42,$-35,$7,$-64,$71,$71,$71,$93,$42,$177,182,$0.40,$0.40,$414,$176,$0,$895,$323,$0,$2358,$11,$2754,$3648,$278,$1812,$31,$2148,$2426,$2,$-316,$-39,$1222,$3648,$177,$205,$-8,$196,$7,$22,$0,$6,$24,$397,$-49,$0,$-13,$0,$0,$0,$0,$-63,$-13,$0,$-13,$1,$1,$0,$-1,$-13,$321,$15,$0
24,2012-09-30,29.77,$6.57,4.53,$10.59,2.81,$4.05,7.34,$0.71,41.93,$0.88B,$0.29B,3.03,$1.81B,$1.17B,1.55,$1.92B,$0.66B,34.50%,$1.92B,$0.30B,15.35%,$1.92B,$0.30B,15.35%,$1.92B,$0.50B,25.96%,$1.92B,$0.20B,10.30%,$1.92B,$0.13B,6.82%,$0.13B,$1.17B,11.83%,$0.13B,$-1.21B,-9.88%,$0.13B,$3.63B,3.68%,$0.30B,$2.98B,10.08%,$472,$309,$163,$13,$36,$401,$71,$-14,$57,$16,$42,$42,$42,$122,$71,$178,182,$0.23,$0.23,$348,$186,$0,$878,$330,$0,$2382,$10,$2750,$3628,$290,$1813,$27,$2167,$2457,$2,$-385,$-24,$1170,$3628,$107,$153,$38,$191,$-34,$10,$0,$5,$-13,$285,$-31,$0,$0,$0,$0,$0,$0,$-31,$-10,$0,$-10,$13,$13,$0,$-0,$3,$256,$7,$0
25,2012-06-30,26.78,$6.33,4.23,$10.60,2.53,$3.54,7.58,$0.62,43.19,$0.80B,$0.31B,2.62,$1.82B,$1.12B,1.62,$1.92B,$0.67B,34.72%,$1.92B,$0.30B,15.64%,$1.92B,$0.30B,15.64%,$1.92B,$0.51B,26.25%,$1.92B,$0.19B,9.82%,$1.92B,$0.12B,5.98%,$0.12B,$1.12B,10.77%,$0.12B,$-1.29B,-8.23%,$0.12B,$3.59B,3.26%,$0.30B,$2.94B,10.42%,$505,$326,$178,$12,$36,$418,$86,$-36,$51,$25,$26,$26,$26,$137,$86,$177,182,$0.15,$0.14,$261,$195,$0,$801,$335,$0,$2415,$9,$2788,$3589,$306,$1816,$28,$2159,$2464,$2,$-426,$-23,$1124,$3589,$65,$103,$34,$137,$-41,$5,$0,$-2,$-12,$190,$-23,$0,$0,$0,$0,$0,$0,$-23,$-7,$0,$-7,$9,$9,$0,$-0,$2,$169,$5,$0
26,2012-03-31,33.48,$6.16,5.44,$10.43,3.21,$3.08,10.85,$0.28,119.57,$0.73B,$0.32B,2.26,$1.82B,$1.09B,1.67,$1.87B,$0.66B,35.22%,$1.87B,$0.29B,15.64%,$1.87B,$0.29B,15.64%,$1.87B,$0.49B,26.31%,$1.87B,$0.12B,6.24%,$1.87B,$0.05B,2.88%,$0.05B,$1.09B,5.23%,$0.05B,$-1.36B,-3.86%,$0.05B,$3.55B,1.56%,$0.29B,$2.91B,10.26%,$492,$325,$167,$13,$39,$414,$78,$-21,$57,$18,$39,$39,$39,$131,$78,$177,182,$0.22,$0.21,$193,$200,$0,$726,$339,$0,$2450,$9,$2828,$3554,$321,$1819,$25,$2142,$2463,$2,$-452,$-23,$1091,$3554,$39,$52,$10,$63,$-28,$-3,$0,$-1,$13,$115,$-15,$0,$0,$0,$0,$0,$0,$-15,$-3,$0,$-3,$5,$5,$0,$-0,$2,$101,$2,$0
27,2011-12-31,26.28,$5.92,4.44,$10.27,2.56,$2.88,9.11,$0.02,1314.0,$0.59B,$0.28B,2.12,$1.82B,$1.05B,1.74,$1.83B,$0.66B,36.14%,$1.83B,$0.29B,16.10%,$1.83B,$0.29B,16.10%,$1.83B,$0.49B,26.78%,$1.83B,$0.08B,4.11%,$1.83B,$0.00B,0.27%,$0.00B,$1.05B,0.49%,$0.00B,$-1.44B,-0.36%,$0.00B,$3.46B,0.14%,$0.29B,$2.87B,10.28%,$453,$299,$155,$12,$35,$394,$60,$-27,$33,$8,$24,$24,$24,$109,$60,$175,181,$0.14,$0.15,$92,$198,$0,$593,$331,$0,$2484,$17,$2863,$3457,$279,$1822,$26,$2132,$2412,$2,$-491,$-23,$1045,$3457,$6,$195,$176,$371,$-11,$-20,$0,$-22,$-72,$306,$-89,$0,$-465,$0,$0,$0,$0,$-554,$-139,$0,$-139,$20,$20,$0,$-35,$-153,$-402,$8,$0
28,2011-09-30,26.46,$5.75,4.6,$10.01,2.64,$3.12,8.48,$0.27,98.0,$0.62B,$0.36B,1.73,$1.83B,$1.01B,1.8,$1.76B,$0.66B,37.31%,$1.76B,$0.30B,17.26%,$1.76B,$0.30B,17.26%,$1.76B,$0.50B,28.28%,$1.76B,$0.11B,6.47%,$1.76B,$0.05B,2.84%,$0.05B,$1.01B,4.98%,$0.05B,$-1.50B,-3.75%,$0.05B,$3.51B,1.45%,$0.30B,$2.84B,10.62%,$474,$306,$168,$12,$41,$397,$77,$-29,$48,$22,$26,$26,$26,$128,$77,$176,182,$0.15,$0.14,$78,$210,$0,$623,$331,$0,$2515,$6,$2886,$3509,$360,$1825,$30,$2135,$2495,$2,$-516,$-27,$1013,$3509,$-18,$145,$166,$311,$-35,$-28,$0,$-21,$-71,$222,$-63,$0,$-458,$0,$0,$0,$0,$-521,$-135,$35,$-100,$18,$18,$0,$-34,$-117,$-416,$7,$0
29,2011-06-30,37.65,$5.60,6.72,$9.64,3.91,$3.22,11.69,$-0.15,0.0,$0.77B,$0.29B,2.64,$1.83B,$0.98B,1.86,$1.67B,$0.63B,37.96%,$1.67B,$0.29B,17.37%,$1.67B,$0.29B,17.37%,$1.67B,$0.48B,28.74%,$1.67B,$0.03B,1.68%,$1.67B,$-0.02B,-1.44%,$-0.02B,$0.98B,-2.45%,$-0.02B,$-1.29B,1.85%,$-0.02B,$3.37B,-0.71%,$0.29B,$2.81B,10.15%,$455,$285,$170,$12,$44,$377,$78,$-99,$-21,$14,$-35,$-35,$-35,$125,$78,$175,175,$-0.20,$-0.20,$287,$175,$0,$765,$285,$0,$2274,$9,$2601,$3366,$290,$1828,$29,$2092,$2382,$2,$-542,$-25,$984,$3366,$-44,$94,$143,$238,$-41,$-23,$0,$-19,$-72,$121,$-40,$0,$-137,$0,$0,$0,$0,$-177,$-132,$0,$-132,$15,$15,$0,$-33,$-151,$-207,$5,$0
30,2011-03-31,34.73,$5.78,6.01,$9.24,3.76,$3.15,11.01,$0.51,68.1,$0.89B,$0.32B,2.81,$1.92B,$1.01B,1.9,$1.61B,$0.62B,38.27%,$1.61B,$0.28B,17.61%,$1.61B,$0.28B,17.61%,$1.61B,$0.47B,29.43%,$1.61B,$0.15B,9.09%,$1.61B,$0.09B,5.85%,$0.09B,$1.01B,9.64%,$0.09B,$-1.30B,-7.13%,$0.09B,$3.50B,2.78%,$0.28B,$2.92B,9.93%,$444,$277,$167,$9,$44,$365,$79,$-64,$15,$25,$-10,$-10,$-10,$127,$79,$174,174,$-0.05,$-0.05,$419,$156,$0,$888,$271,$0,$2308,$7,$2614,$3502,$316,$1915,$29,$2178,$2493,$2,$-507,$-26,$1008,$3502,$-10,$48,$65,$113,$-39,$-4,$0,$-13,$-22,$82,$-21,$0,$-137,$0,$0,$0,$0,$-158,$-4,$0,$-4,$6,$6,$0,$0,$2,$-74,$2,$0
31,2010-12-31,30.11,$5.81,5.18,$9.09,3.31,$3.00,10.04,$0.73,41.25,$0.86B,$0.26B,3.39,$1.87B,$1.01B,1.86,$1.54B,$0.59B,38.44%,$1.54B,$0.23B,14.87%,$1.54B,$0.23B,14.87%,$1.54B,$0.42B,27.27%,$1.54B,$0.17B,11.04%,$1.54B,$0.13B,8.51%,$0.13B,$1.01B,13.93%,$0.13B,$-1.24B,-9.59%,$0.13B,$3.39B,3.87%,$0.23B,$2.88B,8.14%,$388,$236,$152,$7,$38,$317,$70,$2,$72,$4,$69,$69,$69,$118,$70,$166,173,$0.40,$0.40,$494,$141,$0,$864,$232,$0,$2252,$10,$2524,$3388,$255,$1873,$30,$2125,$2380,$2,$-498,$-27,$1008,$3388,$130,$192,$-5,$186,$-17,$-16,$0,$15,$-16,$300,$-53,$0,$0,$0,$0,$0,$0,$-53,$-358,$0,$-358,$455,$455,$0,$0,$98,$345,$25,$0
