,Date,Stock Price,Book Value per Share,Price to Book Ratio,TTM Sales per Share,Price to Sales Ratio,TTM FCF per Share,Price to FCF Ratio,TTM Net EPS,PE Ratio,Current Assets,Current Liabilities,Current Ratio,Long Term Debt,Shareholder's Equity_x,Debt to Equity Ratio,TTM Revenue_x,TTM Gross Profit,Gross Margin,TTM Revenue_y,TTM Operating Income,Operating Margin,TTM Revenue_x,TTM EBIT,EBIT Margin,TTM Revenue_y,TTM EBITDA,EBITDA Margin,TTM Revenue_x,TTM Pre-Tax Income,Pre-Tax Margin,TTM Revenue_y,TTM Net Income_x,Net Margin,TTM Net Income_y,Shareholder's Equity_y,Return on Equity,TTM Net Income_x,Tangible Equity,Return on Tangible Equity,TTM Net Income_y,Total Assets,Return on Assets,TTM Net Income,LT Investments & Debt,Return on Investment,revenue,cost-goods-sold,gross-profit,research-development-expenses,selling-general-administrative-expenses,operating-expenses,operating-income,total-non-operating-income-expense,pre-tax-income,total-provision-income-taxes,income-after-taxes,income-from-continuous-operations,net-income,ebitda,ebit,basic-shares-outstanding,shares-outstanding,eps-basic-net-earnings-per-share,eps-earnings-per-share-diluted,cash-on-hand,inventory,other-current-assets,total-current-assets,net-property-plant-equipment,long-term-investments,goodwill-intangible-assets-total,other-long-term-assets,total-long-term-assets,total-assets,total-current-liabilities,long-term-debt,other-non-current-liabilities,total-long-term-liabilities,total-liabilities,common-stock-net,retained-earnings-accumulated-deficit,comprehensive-income,total-share-holder-equity,total-liabilities-share-holders-equity,net-income-loss,total-depreciation-amortization-cash-flow,other-non-cash-items,total-non-cash-items,change-in-accounts-receivable,change-in-inventories,change-in-accounts-payable,change-in-assets-liabilities,total-change-in-assets-liabilities,cash-flow-from-operating-activities,net-change-in-property-plant-equipment,net-change-in-intangible-assets,net-acquisitions-divestitures,net-change-in-short-term-investments,net-change-in-long-term-investments,net-change-in-investments-total,investing-activities-other,cash-flow-from-investing-activities,net-long-term-debt,net-current-debt,debt-issuance-retirement-net-total,net-common-equity-issued-repurchased,net-total-equity-issued-repurchased,total-common-preferred-stock-dividends-paid,financial-activities-other,cash-flow-from-financial-activities,net-cash-flow,stock-based-compensation,common-stock-dividends-paid
0,2018-09-30,27.5,$14.97,1.84,$3.44,7.99,$-5.50,0.0,$0.44,62.5,$0.05B,$0.05B,0.85,$1.32B,$1.49B,0.89,$0.34B,$0.27B,80.47%,$0.34B,$0.07B,19.82%,$0.34B,$0.07B,19.82%,$0.34B,$0.24B,70.12%,$0.34B,$0.06B,17.16%,$0.34B,$0.04B,13.02%,$0.04B,$1.56B,3.00%,$0.04B,$1.23B,3.82%,$0.04B,$2.99B,1.57%,$0.07B,$2.88B,2.50%,$89,$17,$72,$0,$9,$71,$18,$-9,$9,$0,$9,$9,$7,$64,$18,$106,106,$0.07,$0.07,$6,$0,$0,$45,$2558,$0,$328,$58,$2944,$2989,$53,$1320,$55,$1375,$1428,$1,$0,$16,$1561,$2989,$49,$128,$-29,$99,$1,$0,$0,$-9,$0,$149,$-318,$-75,$-1,$0,$0,$0,$0,$-393,$148,$0,$148,$275,$205,$-117,$-8,$228,$-17,$7,$-117
1,2018-06-30,27.11,$14.29,1.9,$3.44,7.87,$-6.79,0.0,$0.57,47.56,$0.05B,$0.05B,1.04,$1.17B,$1.42B,0.83,$0.33B,$0.26B,79.82%,$0.33B,$0.06B,19.57%,$0.33B,$0.06B,19.57%,$0.33B,$0.23B,69.42%,$0.33B,$0.07B,21.71%,$0.33B,$0.06B,16.82%,$0.06B,$1.49B,3.89%,$0.06B,$1.17B,5.00%,$0.06B,$2.83B,2.04%,$0.06B,$2.66B,2.48%,$85,$16,$69,$0,$8,$65,$20,$-5,$15,$0,$15,$15,$9,$62,$20,$100,101,$0.09,$0.09,$12,$0,$0,$47,$2416,$0,$316,$52,$2784,$2831,$45,$1168,$58,$1296,$1342,$1,$0,$14,$1490,$2831,$40,$83,$-26,$57,$2,$0,$0,$-3,$0,$97,$-156,$-42,$-1,$0,$0,$0,$0,$-199,$-5,$0,$-5,$175,$175,$-76,$-3,$92,$-10,$4,$-76
2,2018-03-31,23.49,$14.45,1.63,$3.41,6.88,$-8.83,0.0,$0.47,49.99,$0.04B,$0.04B,1.16,$1.20B,$1.26B,0.95,$0.31B,$0.25B,78.98%,$0.31B,$0.06B,17.52%,$0.31B,$0.06B,17.52%,$0.31B,$0.21B,67.83%,$0.31B,$0.06B,18.15%,$0.31B,$0.05B,14.33%,$0.05B,$1.41B,3.30%,$0.05B,$1.10B,4.29%,$0.05B,$2.70B,1.72%,$0.06B,$2.60B,2.18%,$83,$17,$66,$0,$9,$69,$14,$11,$25,$0,$25,$25,$22,$55,$14,$97,97,$0.22,$0.22,$10,$0,$0,$44,$2283,$0,$305,$63,$2651,$2696,$38,$1196,$57,$1253,$1291,$1,$0,$12,$1405,$2696,$25,$41,$-20,$21,$1,$0,$0,$-3,$-5,$42,$-24,$-12,$-1,$0,$0,$0,$0,$-36,$22,$0,$22,$-2,$-2,$-36,$-0,$-16,$-10,$2,$-36
3,2017-12-31,26.45,$14.54,1.82,$3.41,7.76,$-9.69,0.0,$0.22,120.22,$0.06B,$0.04B,1.35,$1.17B,$1.27B,0.93,$0.30B,$0.24B,79.00%,$0.30B,$0.05B,17.00%,$0.30B,$0.05B,17.00%,$0.30B,$0.21B,68.33%,$0.30B,$0.03B,10.67%,$0.30B,$0.02B,7.00%,$0.02B,$1.41B,1.63%,$0.02B,$1.10B,2.15%,$0.02B,$2.68B,0.84%,$0.05B,$2.58B,2.11%,$81,$16,$65,$0,$8,$66,$15,$-6,$9,$0,$9,$9,$6,$56,$15,$90,90,$0.08,$0.07,$25,$0,$0,$58,$2254,$0,$313,$55,$2623,$2681,$43,$1174,$53,$1227,$1270,$1,$0,$4,$1410,$2681,$32,$155,$-19,$137,$-2,$0,$0,$-5,$-6,$163,$-478,$-96,$0,$0,$0,$0,$7,$-566,$138,$0,$138,$427,$427,$-141,$-7,$416,$12,$10,$-141
4,2017-09-30,26.25,$14.33,1.83,$3.44,7.62,$-7.89,0.0,$0.54,48.61,$0.04B,$0.06B,0.76,$1.15B,$1.20B,0.96,$0.29B,$0.22B,78.32%,$0.29B,$0.04B,14.34%,$0.29B,$0.04B,14.34%,$0.29B,$0.19B,66.08%,$0.29B,$0.06B,19.58%,$0.29B,$0.04B,15.03%,$0.04B,$1.35B,3.58%,$0.04B,$1.03B,4.80%,$0.04B,$2.60B,1.80%,$0.04B,$2.49B,1.79%,$78,$17,$61,$0,$8,$63,$15,$7,$22,$0,$22,$22,$18,$54,$15,$93,93,$0.20,$0.20,$11,$0,$0,$42,$2202,$0,$319,$39,$2560,$2601,$55,$1148,$54,$1202,$1257,$1,$0,$-1,$1345,$2601,$23,$114,$-15,$99,$-1,$0,$0,$-7,$-2,$120,$-390,$-80,$1,$0,$0,$0,$1,$-468,$112,$0,$112,$339,$339,$-104,$-6,$341,$-7,$7,$-104
5,2017-06-30,26.04,$14.13,1.84,$3.49,7.47,$-5.96,0.0,$0.28,92.99,$0.03B,$0.04B,0.92,$1.12B,$1.15B,0.98,$0.27B,$0.21B,78.23%,$0.27B,$0.04B,13.28%,$0.27B,$0.04B,13.28%,$0.27B,$0.18B,65.68%,$0.27B,$0.03B,12.55%,$0.27B,$0.02B,7.75%,$0.02B,$1.29B,1.91%,$0.02B,$0.97B,2.61%,$0.02B,$2.51B,0.93%,$0.04B,$2.41B,1.67%,$72,$16,$56,$0,$8,$62,$11,$-9,$1,$0,$1,$1,$-1,$48,$11,$88,88,$-0.01,$-0.01,$8,$0,$0,$34,$2111,$0,$323,$39,$2472,$2507,$38,$1122,$55,$1177,$1215,$1,$0,$-2,$1292,$2507,$1,$75,$2,$76,$1,$0,$0,$-2,$-1,$76,$-308,$-63,$1,$0,$0,$0,$1,$-369,$85,$0,$85,$273,$273,$-67,$-4,$287,$-5,$5,$-67
6,2017-03-31,23.3,$13.24,1.76,$3.56,6.55,$-2.92,0.0,$0.09,258.89,$0.03B,$0.03B,1.1,$1.07B,$0.96B,1.11,$0.26B,$0.20B,78.76%,$0.26B,$0.02B,8.88%,$0.26B,$0.02B,8.88%,$0.26B,$0.16B,61.78%,$0.26B,$0.02B,8.88%,$0.26B,$0.01B,3.47%,$0.01B,$1.10B,0.91%,$0.01B,$0.82B,1.26%,$0.01B,$2.25B,0.43%,$0.02B,$2.17B,1.14%,$69,$14,$55,$0,$9,$59,$10,$-10,$0,$0,$0,$0,$-2,$47,$10,$82,82,$-0.03,$-0.03,$7,$0,$0,$34,$1889,$0,$289,$39,$2218,$2251,$31,$1067,$49,$1117,$1147,$1,$0,$-0,$1104,$2251,$0,$37,$2,$39,$0,$0,$0,$-3,$-8,$31,$-87,$-15,$-1,$0,$0,$0,$0,$-102,$31,$0,$31,$68,$68,$-33,$-1,$65,$-6,$2,$-33
7,2016-12-31,21.91,$13.28,1.65,$3.60,6.08,$-1.77,0.0,$0.24,91.31,$0.04B,$0.04B,1.06,$1.04B,$0.92B,1.12,$0.25B,$0.20B,78.49%,$0.25B,$0.02B,7.97%,$0.25B,$0.02B,7.97%,$0.25B,$0.15B,60.16%,$0.25B,$0.04B,13.94%,$0.25B,$0.02B,7.97%,$0.02B,$1.07B,2.12%,$0.02B,$0.77B,2.99%,$0.02B,$2.19B,1.00%,$0.02B,$2.10B,1.04%,$67,$15,$52,$0,$7,$61,$5,$28,$33,$0,$33,$33,$28,$40,$5,$71,71,$0.41,$0.41,$12,$0,$0,$37,$1822,$0,$295,$32,$2149,$2186,$35,$1036,$48,$1084,$1119,$1,$0,$-1,$1067,$2186,$36,$132,$-32,$99,$-1,$0,$0,$-4,$0,$135,$-256,$-90,$-1,$0,$0,$0,$-1,$-347,$52,$0,$52,$283,$289,$-117,$-11,$212,$0,$10,$-117
8,2016-09-30,22.17,$12.89,1.72,$3.55,6.24,$-2.56,0.0,$-0.46,0.0,$0.04B,$0.04B,1.02,$1.03B,$0.72B,1.42,$0.24B,$0.19B,78.19%,$0.24B,$0.00B,1.65%,$0.24B,$0.00B,1.65%,$0.24B,$0.13B,53.50%,$0.24B,$-0.02B,-6.58%,$0.24B,$-0.03B,-11.52%,$-0.03B,$0.93B,-3.15%,$-0.03B,$0.66B,-4.51%,$-0.03B,$2.05B,-1.44%,$0.00B,$1.96B,0.22%,$63,$13,$49,$0,$8,$53,$10,$-10,$0,$0,$0,$0,$-4,$43,$10,$71,71,$-0.05,$-0.05,$12,$0,$0,$36,$1695,$0,$277,$41,$2013,$2049,$35,$1025,$55,$1080,$1115,$1,$0,$-16,$934,$2049,$3,$96,$-2,$95,$-0,$0,$0,$-7,$1,$98,$-166,$-52,$-1,$0,$0,$0,$-0,$-220,$40,$0,$40,$101,$176,$-87,$-6,$122,$0,$8,$-87
9,2016-06-30,21.23,$12.62,1.68,$3.50,6.07,$-3.06,0.0,$-0.51,0.0,$0.03B,$0.03B,1.0,$0.96B,$0.65B,1.48,$0.24B,$0.19B,78.39%,$0.24B,$-0.00B,-1.27%,$0.24B,$-0.00B,-1.27%,$0.24B,$0.12B,51.27%,$0.24B,$-0.02B,-8.90%,$0.24B,$-0.03B,-13.14%,$-0.03B,$0.86B,-3.53%,$-0.03B,$0.60B,-5.05%,$-0.03B,$1.90B,-1.65%,$-0.00B,$1.82B,-0.17%,$60,$12,$48,$0,$8,$62,$-2,$-8,$-10,$0,$-10,$-10,$-13,$30,$-2,$68,68,$-0.20,$-0.20,$8,$0,$0,$30,$1575,$0,$256,$42,$1873,$1903,$30,$957,$56,$1012,$1042,$1,$0,$-18,$860,$1903,$2,$63,$-3,$61,$1,$0,$0,$-4,$-1,$62,$-33,$-15,$-1,$0,$0,$0,$-6,$-55,$-24,$0,$-24,$0,$75,$-57,$-5,$-11,$-4,$6,$-57
10,2016-03-31,17.87,$13.25,1.35,$3.42,5.23,$-4.40,0.0,$-0.43,0.0,$0.04B,$0.03B,1.35,$0.92B,$0.69B,1.33,$0.23B,$0.18B,78.17%,$0.23B,$0.00B,1.31%,$0.23B,$0.00B,1.31%,$0.23B,$0.12B,54.15%,$0.23B,$-0.02B,-6.99%,$0.23B,$-0.03B,-11.35%,$-0.03B,$0.90B,-2.90%,$-0.03B,$0.64B,-4.12%,$-0.03B,$1.90B,-1.41%,$0.00B,$1.82B,0.18%,$61,$13,$48,$0,$11,$54,$7,$6,$12,$0,$12,$12,$9,$38,$7,$68,68,$0.13,$0.13,$15,$0,$0,$38,$1558,$0,$264,$38,$1860,$1898,$28,$920,$46,$966,$994,$1,$0,$-14,$904,$1898,$12,$31,$-13,$18,$-0,$0,$0,$-6,$-6,$25,$7,$-7,$0,$0,$0,$0,$0,$1,$-66,$0,$-66,$0,$75,$-28,$-4,$-22,$3,$4,$-28
11,2015-12-31,15.88,$12.60,1.26,$3.32,4.79,$-5.33,0.0,$-0.61,0.0,$0.03B,$0.03B,1.31,$0.98B,$0.72B,1.36,$0.22B,$0.17B,78.08%,$0.22B,$0.00B,1.37%,$0.22B,$0.00B,1.37%,$0.22B,$0.12B,55.25%,$0.22B,$-0.03B,-13.24%,$0.22B,$-0.04B,-17.81%,$-0.04B,$0.86B,-4.36%,$-0.04B,$0.58B,-6.18%,$-0.04B,$1.90B,-2.18%,$0.00B,$1.84B,0.18%,$59,$14,$45,$0,$7,$70,$-11,$-7,$-18,$0,$-18,$-18,$-20,$19,$-11,$66,66,$-0.29,$-0.29,$12,$0,$0,$33,$1564,$0,$276,$28,$1868,$1902,$26,$980,$38,$1018,$1044,$1,$0,$-2,$858,$1902,$-29,$119,$30,$149,$-1,$0,$0,$-0,$2,$122,$-287,$-85,$1,$0,$0,$0,$-1,$-372,$274,$0,$274,$75,$75,$-106,$-5,$238,$-12,$8,$-106
12,2015-09-30,15.4,$13.15,1.17,$3.35,4.59,$-7.21,0.0,$-0.37,0.0,$0.03B,$0.03B,1.11,$0.86B,$0.76B,1.14,$0.21B,$0.17B,79.05%,$0.21B,$0.02B,9.05%,$0.21B,$0.02B,9.05%,$0.21B,$0.13B,63.81%,$0.21B,$-0.01B,-6.19%,$0.21B,$-0.02B,-11.43%,$-0.02B,$0.90B,-2.66%,$-0.02B,$0.63B,-3.71%,$-0.02B,$1.82B,-1.39%,$0.02B,$1.76B,1.19%,$56,$12,$44,$0,$6,$53,$3,$-8,$-5,$0,$-5,$-5,$-7,$34,$3,$68,68,$-0.11,$-0.11,$12,$0,$0,$33,$1492,$0,$264,$35,$1791,$1824,$30,$860,$39,$899,$929,$1,$0,$-7,$895,$1824,$-11,$88,$11,$99,$-1,$0,$0,$-3,$2,$90,$-189,$-56,$1,$0,$0,$0,$-1,$-245,$151,$0,$151,$75,$75,$-79,$-4,$143,$-11,$6,$-79
13,2015-06-30,16.6,$13.69,1.21,$3.29,5.04,$-8.62,0.0,$-0.30,0.0,$0.03B,$0.32B,0.1,$0.47B,$0.79B,0.59,$0.20B,$0.15B,78.57%,$0.20B,$0.02B,10.71%,$0.20B,$0.02B,10.71%,$0.20B,$0.13B,65.31%,$0.20B,$-0.01B,-4.08%,$0.20B,$-0.02B,-9.69%,$-0.02B,$0.93B,-2.18%,$-0.02B,$0.67B,-3.04%,$-0.02B,$1.75B,-1.16%,$0.02B,$1.40B,1.40%,$53,$11,$42,$0,$7,$49,$4,$-9,$-5,$0,$-5,$-5,$-8,$33,$4,$65,65,$-0.12,$-0.12,$12,$0,$0,$31,$1428,$0,$256,$35,$1719,$1750,$324,$465,$31,$496,$820,$1,$0,$0,$930,$1750,$-7,$58,$4,$62,$0,$0,$0,$-3,$-1,$54,$-114,$-33,$1,$0,$0,$0,$-1,$-146,$62,$0,$62,$72,$72,$-51,$-2,$80,$-12,$4,$-51
14,2015-03-31,19.22,$13.77,1.4,$3.27,5.87,$-8.74,0.0,$-0.28,0.0,$0.03B,$0.02B,1.72,$0.75B,$0.76B,0.99,$0.19B,$0.14B,77.84%,$0.19B,$0.02B,10.81%,$0.19B,$0.02B,10.81%,$0.19B,$0.12B,64.86%,$0.19B,$-0.01B,-3.24%,$0.19B,$-0.02B,-8.65%,$-0.02B,$0.89B,-1.93%,$-0.02B,$0.64B,-2.72%,$-0.02B,$1.69B,-1.04%,$0.02B,$1.64B,1.35%,$51,$11,$40,$0,$8,$44,$7,$-8,$-1,$0,$-1,$-1,$-4,$35,$7,$64,64,$-0.06,$-0.06,$12,$0,$0,$30,$1374,$0,$254,$34,$1662,$1692,$18,$747,$34,$781,$798,$1,$0,$-4,$894,$1692,$-1,$28,$1,$29,$-0,$0,$0,$-3,$-6,$22,$-51,$-15,$-0,$0,$0,$0,$-0,$-67,$49,$0,$49,$10,$10,$-25,$-1,$33,$-12,$2,$-25
15,2014-12-31,19.75,$13.84,1.43,$3.36,5.88,$-8.65,0.0,$-0.27,0.0,$0.04B,$0.02B,1.89,$0.69B,$0.75B,0.91,$0.17B,$0.14B,77.59%,$0.17B,$0.02B,10.92%,$0.17B,$0.02B,10.92%,$0.17B,$0.11B,64.37%,$0.17B,$-0.01B,-2.87%,$0.17B,$-0.01B,-8.05%,$-0.01B,$0.89B,-1.78%,$-0.01B,$0.64B,-2.51%,$-0.01B,$1.63B,-0.97%,$0.02B,$1.58B,1.37%,$50,$10,$40,$0,$7,$45,$5,$-7,$-2,$0,$-2,$-2,$-5,$32,$5,$54,54,$-0.09,$-0.09,$24,$0,$0,$41,$1310,$0,$248,$31,$1589,$1629,$22,$686,$30,$716,$738,$1,$0,$-0,$892,$1629,$-5,$94,$6,$100,$0,$0,$0,$-0,$1,$97,$-333,$-87,$-2,$0,$0,$0,$0,$-422,$126,$0,$126,$315,$315,$-85,$-14,$342,$17,$7,$-85
16,2014-09-30,16.47,$13.53,1.22,$3.32,4.96,$-8.21,0.0,$-0.14,0.0,$0.02B,$0.07B,0.28,$0.63B,$0.64B,0.99,$0.16B,$0.13B,77.64%,$0.16B,$0.02B,13.04%,$0.16B,$0.02B,13.04%,$0.16B,$0.11B,68.32%,$0.16B,$-0.00B,-1.24%,$0.16B,$-0.01B,-4.35%,$-0.01B,$0.77B,-0.96%,$-0.01B,$0.54B,-1.37%,$-0.01B,$1.50B,-0.52%,$0.02B,$1.40B,1.61%,$42,$10,$32,$0,$6,$38,$5,$-4,$0,$0,$0,$0,$-2,$28,$5,$55,55,$-0.04,$-0.04,$5,$0,$0,$21,$1214,$0,$235,$31,$1480,$1501,$74,$628,$24,$653,$727,$1,$0,$2,$774,$1501,$-2,$67,$2,$69,$1,$0,$0,$-3,$-0,$66,$-226,$-61,$-2,$0,$0,$0,$1,$-288,$122,$0,$122,$164,$164,$-61,$-5,$220,$-1,$5,$-61
17,2014-06-30,18.82,$13.60,1.38,$3.36,5.6,$-8.23,0.0,$-0.15,0.0,$0.02B,$0.02B,1.17,$0.56B,$0.61B,0.92,$0.15B,$0.12B,77.92%,$0.15B,$0.02B,14.29%,$0.15B,$0.02B,14.29%,$0.15B,$0.11B,69.48%,$0.15B,$-0.00B,-1.30%,$0.15B,$-0.01B,-4.55%,$-0.01B,$0.75B,-0.99%,$-0.01B,$0.53B,-1.43%,$-0.01B,$1.35B,-0.54%,$0.02B,$1.31B,1.77%,$42,$9,$32,$0,$8,$39,$3,$-6,$-3,$0,$-3,$-3,$-5,$25,$3,$53,53,$-0.10,$-0.10,$6,$0,$0,$20,$1088,$0,$220,$16,$1330,$1350,$17,$559,$24,$583,$600,$1,$0,$0,$750,$1350,$-3,$44,$3,$47,$1,$0,$0,$-2,$-4,$41,$-96,$-25,$-0,$0,$0,$0,$1,$-121,$3,$0,$3,$119,$119,$-39,$-3,$79,$-1,$4,$-39
18,2014-03-31,18.64,$15.14,1.23,$3.33,5.59,$-9.14,0.0,$-0.11,0.0,$0.04B,$0.01B,3.33,$0.55B,$0.59B,0.92,$0.14B,$0.11B,78.47%,$0.14B,$0.02B,15.97%,$0.14B,$0.02B,15.97%,$0.14B,$0.10B,72.22%,$0.14B,0,0.00%,$0.14B,$-0.00B,-2.78%,$-0.00B,$0.73B,-0.59%,$-0.00B,$0.52B,-0.85%,$-0.00B,$1.31B,-0.32%,$0.02B,$1.28B,1.92%,$40,$9,$31,$0,$5,$34,$6,$-6,$0,$0,$0,$0,$-2,$27,$6,$45,45,$-0.05,$-0.05,$29,$0,$0,$43,$1030,$0,$215,$19,$1270,$1313,$13,$546,$23,$569,$582,$0,$0,$3,$731,$1313,$0,$21,$0,$22,$1,$0,$0,$-2,$-7,$15,$-31,$-8,$0,$0,$0,$0,$-0,$-39,$-10,$0,$-10,$77,$77,$-19,$-2,$46,$22,$1,$-19
19,2013-12-31,15.55,$15.07,1.03,$3.19,4.87,$-9.64,0.0,$-0.10,0.0,$0.02B,$0.02B,1.1,$0.56B,$0.54B,1.04,$0.13B,$0.11B,79.10%,$0.13B,$0.02B,15.67%,$0.13B,$0.02B,15.67%,$0.13B,$0.10B,73.13%,$0.13B,$-0.00B,-0.75%,$0.13B,$-0.00B,-2.99%,$-0.00B,$0.68B,-0.62%,$-0.00B,$0.46B,-0.91%,$-0.00B,$1.27B,-0.34%,$0.02B,$1.23B,1.86%,$37,$7,$30,$0,$5,$31,$7,$-5,$1,$0,$1,$1,$2,$30,$7,$42,42,$0.05,$0.05,$7,$0,$0,$20,$1007,$0,$215,$27,$1250,$1270,$19,$556,$21,$577,$596,$0,$0,$3,$675,$1270,$5,$77,$-4,$73,$-2,$0,$0,$0,$5,$83,$-249,$-75,$-0,$0,$0,$0,$-1,$-325,$77,$0,$77,$170,$240,$-76,$-11,$230,$-12,$3,$-76
20,2013-09-30,15.13,$15.21,0.99,$3.35,4.52,$-16.52,0.0,$-0.25,0.0,$0.04B,$0.02B,2.28,$0.50B,$0.53B,0.94,$0.12B,$0.10B,78.05%,$0.12B,$0.02B,12.20%,$0.12B,$0.02B,12.20%,$0.12B,$0.09B,69.11%,$0.12B,$-0.01B,-4.07%,$0.12B,$-0.01B,-7.32%,$-0.01B,$0.67B,-1.50%,$-0.01B,$0.46B,-2.27%,$-0.01B,$1.21B,-0.82%,$0.02B,$1.17B,1.41%,$35,$7,$27,$0,$4,$29,$6,$-5,$0,$0,$0,$0,$-2,$25,$6,$43,43,$-0.05,$-0.05,$24,$0,$0,$37,$942,$0,$213,$16,$1176,$1213,$16,$497,$30,$527,$543,$0,$0,$2,$670,$1213,$-0,$54,$0,$54,$-1,$0,$0,$-1,$1,$55,$-179,$-55,$0,$0,$0,$0,$-1,$-235,$18,$0,$18,$155,$225,$-48,$-10,$185,$5,$2,$-48
21,2013-06-30,14.79,$15.43,0.96,$3.25,4.55,$-17.87,0.0,$-0.38,0.0,$0.03B,$0.01B,2.39,$0.45B,$0.51B,0.88,$0.11B,$0.09B,78.90%,$0.11B,$0.01B,11.01%,$0.11B,$0.01B,11.01%,$0.11B,$0.08B,68.81%,$0.11B,$-0.01B,-5.50%,$0.11B,$-0.01B,-11.01%,$-0.01B,$0.65B,-2.16%,$-0.01B,$0.44B,-3.25%,$-0.01B,$1.15B,-1.20%,$0.01B,$1.11B,1.24%,$32,$7,$25,$0,$4,$28,$4,$-5,$-1,$0,$-1,$-1,$-2,$22,$4,$42,42,$-0.06,$-0.06,$20,$0,$0,$31,$885,$0,$209,$19,$1118,$1149,$13,$453,$31,$484,$497,$0,$0,$3,$652,$1149,$-1,$35,$0,$35,$-0,$0,$0,$-1,$-1,$34,$-116,$-38,$0,$0,$0,$0,$-1,$-155,$-26,$0,$-26,$118,$188,$-28,$-12,$122,$1,$1,$-28
22,2013-03-31,15.53,$13.88,1.12,$3.48,4.46,$-19.32,0.0,$-0.43,0.0,$0.02B,$0.01B,2.53,$0.42B,$0.52B,0.82,$0.10B,$0.08B,79.17%,$0.10B,$0.01B,10.42%,$0.10B,$0.01B,10.42%,$0.10B,$0.07B,68.75%,$0.10B,$-0.01B,-7.29%,$0.10B,$-0.01B,-12.50%,$-0.01B,$0.59B,-2.44%,$-0.01B,$0.39B,-3.72%,$-0.01B,$1.05B,-1.35%,$0.01B,$1.01B,1.16%,$30,$6,$24,$0,$5,$26,$4,$-5,$-1,$0,$-1,$-1,$-2,$21,$4,$41,41,$-0.04,$-0.04,$12,$0,$0,$22,$812,$0,$195,$14,$1027,$1049,$9,$424,$30,$454,$463,$0,$0,$-0,$586,$1049,$-0,$17,$0,$17,$-0,$0,$0,$-1,$-4,$13,$-48,$-13,$0,$0,$0,$0,$-1,$-62,$-55,$0,$-55,$118,$118,$-11,$-8,$43,$-7,$1,$-11
23,2012-12-31,12.94,$13.71,0.94,$3.85,3.36,$-19.86,0.0,$-0.51,0.0,$0.03B,$0.01B,2.34,$0.48B,$0.42B,1.14,$0.08B,$0.07B,78.57%,$0.08B,$0.01B,10.71%,$0.08B,$0.01B,10.71%,$0.08B,$0.06B,69.05%,$0.08B,$-0.01B,-8.33%,$0.08B,$-0.01B,-14.29%,$-0.01B,$0.49B,-2.86%,$-0.01B,$0.30B,-4.44%,$-0.01B,$1.01B,-1.51%,$0.01B,$0.97B,1.17%,$26,$6,$20,$0,$5,$25,$1,$-4,$-3,$0,$-3,$-3,$-3,$17,$1,$25,25,$-0.10,$-0.10,$19,$0,$0,$28,$770,$0,$192,$10,$977,$1005,$12,$479,$24,$504,$516,$0,$0,$-0,$489,$1005,$-10,$48,$5,$54,$-1,$0,$0,$-0,$5,$48,$-319,$-100,$0,$0,$0,$0,$2,$-417,$183,$0,$183,$243,$243,$-39,$-15,$372,$3,$2,$-39
24,2012-09-30,11.53,$14.31,0.81,$3.74,3.08,$-12.81,0.0,$-0.57,0.0,$0.02B,$0.01B,2.17,$0.27B,$0.43B,0.64,$0.07B,$0.06B,78.08%,$0.07B,$0.01B,10.96%,$0.07B,$0.01B,10.96%,$0.07B,$0.05B,68.49%,$0.07B,$-0.01B,-9.59%,$0.07B,$-0.01B,-16.44%,$-0.01B,$0.50B,-3.20%,$-0.01B,$0.34B,-4.92%,$-0.01B,$0.80B,-1.72%,$0.01B,$0.77B,1.18%,$21,$4,$17,$0,$4,$18,$3,$-4,$-1,$0,$-1,$-1,$-5,$15,$3,$30,30,$-0.18,$-0.18,$11,$0,$0,$18,$614,$0,$155,$13,$786,$804,$8,$274,$23,$297,$305,$0,$0,$-0,$499,$804,$-8,$32,$6,$38,$-0,$0,$0,$-2,$0,$30,$-157,$-54,$0,$0,$0,$0,$-0,$-211,$-23,$0,$-23,$238,$238,$-24,$-15,$175,$-6,$2,$-24
25,2012-06-30,10.17,$15.72,0.65,$3.99,2.55,$-10.87,0.0,$-0.41,0.0,$0.01B,$0.01B,1.97,$0.29B,$0.32B,0.9,$0.07B,$0.05B,77.61%,$0.07B,$0.01B,10.45%,$0.07B,$0.01B,10.45%,$0.07B,$0.05B,68.66%,$0.07B,$-0.01B,-11.94%,$0.07B,$-0.01B,-10.45%,$-0.01B,$0.39B,-2.23%,$-0.01B,$0.26B,-3.60%,$-0.01B,$0.71B,-1.09%,$0.01B,$0.69B,1.12%,$19,$4,$15,$0,$3,$17,$2,$-4,$-2,$0,$-2,$-2,$-2,$13,$2,$19,19,$-0.11,$-0.11,$5,$0,$0,$11,$549,$0,$134,$14,$698,$710,$6,$292,$19,$312,$317,$0,$0,$0,$392,$710,$-3,$20,$1,$21,$0,$0,$0,$-1,$-1,$18,$-84,$-26,$0,$0,$0,$0,$-1,$-111,$-4,$0,$-4,$107,$107,$-14,$-7,$82,$-11,$1,$-14
26,2012-03-31,9.55,$18.84,0.51,$3.81,2.5,$-8.01,0.0,$-0.56,0.0,$0.02B,$0.01B,5.21,$0.34B,$0.23B,1.45,$0.06B,$0.05B,78.33%,$0.06B,$0.01B,10.00%,$0.06B,$0.01B,10.00%,$0.06B,$0.04B,70.00%,$0.06B,$-0.01B,-20.00%,$0.06B,$-0.01B,-15.00%,$-0.01B,$0.30B,-3.20%,$-0.01B,$0.18B,-5.31%,$-0.01B,$0.66B,-1.50%,$0.01B,$0.64B,1.03%,$18,$3,$14,$0,$3,$15,$3,$-4,$-1,$0,$-1,$-1,$-2,$13,$3,$16,16,$-0.12,$-0.12,$18,$0,$0,$24,$499,$0,$121,$11,$633,$657,$5,$337,$14,$351,$356,$0,$0,$0,$301,$657,$-1,$10,$-0,$10,$1,$0,$0,$1,$-1,$8,$-30,$-8,$0,$0,$0,$0,$0,$-39,$41,$0,$41,$0,$0,$-6,$-2,$33,$2,$0,$-6
