,Date,Stock Price,Book Value per Share,Price to Book Ratio,TTM Sales per Share,Price to Sales Ratio,TTM FCF per Share,Price to FCF Ratio,TTM Net EPS,PE Ratio,Current Assets,Current Liabilities,Current Ratio,Long Term Debt,Shareholder's Equity_x,Debt to Equity Ratio,TTM Revenue_x,TTM Gross Profit,Gross Margin,TTM Revenue_y,TTM Operating Income,Operating Margin,TTM Revenue_x,TTM EBIT,EBIT Margin,TTM Revenue_y,TTM EBITDA,EBITDA Margin,TTM Revenue_x,TTM Pre-Tax Income,Pre-Tax Margin,TTM Revenue_y,TTM Net Income_x,Net Margin,TTM Net Income_y,Shareholder's Equity_y,Return on Equity,TTM Net Income_x,Tangible Equity,Return on Tangible Equity,TTM Net Income_y,Total Assets,Return on Assets,TTM Net Income,LT Investments & Debt,Return on Investment,revenue,cost-goods-sold,gross-profit,research-development-expenses,selling-general-administrative-expenses,operating-expenses,operating-income,total-non-operating-income-expense,pre-tax-income,total-provision-income-taxes,income-after-taxes,income-from-continuous-operations,net-income,ebitda,ebit,basic-shares-outstanding,shares-outstanding,eps-basic-net-earnings-per-share,eps-earnings-per-share-diluted,cash-on-hand,inventory,other-current-assets,total-current-assets,net-property-plant-equipment,long-term-investments,goodwill-intangible-assets-total,other-long-term-assets,total-long-term-assets,total-assets,total-current-liabilities,long-term-debt,other-non-current-liabilities,total-long-term-liabilities,total-liabilities,common-stock-net,retained-earnings-accumulated-deficit,comprehensive-income,total-share-holder-equity,total-liabilities-share-holders-equity,net-income-loss,total-depreciation-amortization-cash-flow,other-non-cash-items,total-non-cash-items,change-in-accounts-receivable,change-in-inventories,change-in-accounts-payable,change-in-assets-liabilities,total-change-in-assets-liabilities,cash-flow-from-operating-activities,net-change-in-property-plant-equipment,net-change-in-intangible-assets,net-acquisitions-divestitures,net-change-in-short-term-investments,net-change-in-long-term-investments,net-change-in-investments-total,investing-activities-other,cash-flow-from-investing-activities,net-long-term-debt,net-current-debt,debt-issuance-retirement-net-total,net-common-equity-issued-repurchased,net-total-equity-issued-repurchased,total-common-preferred-stock-dividends-paid,financial-activities-other,cash-flow-from-financial-activities,net-cash-flow,stock-based-compensation,common-stock-dividends-paid
0,2018-09-30,43.36,$26.27,1.65,$9.50,4.56,$8.42,5.15,$2.51,17.27,$5.88B,$6.05B,0.97,$0.09B,$0.92B,0.1,$0.33B,$0.28B,84.98%,$0.33B,$0.12B,36.94%,$0.33B,0,0.00%,$0.33B,0,0.00%,$0.33B,$0.12B,36.94%,$0.33B,$0.09B,26.13%,$0.09B,$0.92B,9.65%,$0.09B,$0.63B,14.26%,$0.09B,$7.11B,1.23%,$0.12B,$1.01B,12.38%,$86,$14,$71,$0,$38,$52,$34,$0,$34,$3,$31,$31,$31,$0,$0,$35,35,$0.89,$0.88,$133,$0,$0,$5884,$41,$714,$290,$176,$1221,$7105,$6048,$91,$47,$138,$6186,$90,$684,$-33,$920,$7105,$78,$6,$-9,$-3,$-1,$0,$1,$10,$10,$85,$-2,$0,$0,$0,$-10,$-10,$-52,$-64,$-2,$-10,$-12,$-8,$-8,$-25,$40,$-6,$15,$1,$-25
1,2018-06-30,43.0,$25.92,1.66,$9.35,4.6,$8.35,5.15,$2.28,18.86,$5.87B,$6.04B,0.97,$0.09B,$0.91B,0.1,$0.33B,$0.28B,86.54%,$0.33B,$0.12B,37.00%,$0.33B,0,0.00%,$0.33B,0,0.00%,$0.33B,$0.12B,37.00%,$0.33B,$0.08B,24.16%,$0.08B,$0.91B,8.84%,$0.08B,$0.62B,13.15%,$0.08B,$7.10B,1.12%,$0.12B,$1.00B,12.38%,$84,$13,$71,$0,$45,$58,$25,$0,$25,$4,$21,$21,$21,$0,$0,$35,35,$0.62,$0.61,$138,$0,$0,$5867,$41,$724,$290,$175,$1230,$7097,$6038,$92,$60,$152,$6190,$90,$662,$-31,$907,$7097,$48,$4,$11,$14,$0,$0,$1,$2,$3,$64,$-1,$0,$0,$0,$-16,$-16,$-29,$-46,$-1,$55,$53,$-1,$-1,$-16,$-34,$2,$21,$1,$-16
2,2018-03-31,39.49,$25.58,1.54,$9.29,4.25,$7.95,4.97,$2.32,17.02,$5.79B,$5.96B,0.97,$0.09B,$0.90B,0.1,$0.32B,$0.29B,87.96%,$0.32B,$0.13B,39.20%,$0.32B,0,0.00%,$0.32B,0,0.00%,$0.32B,$0.13B,39.20%,$0.32B,$0.08B,25.00%,$0.08B,$0.90B,9.16%,$0.08B,$0.61B,13.72%,$0.08B,$7.01B,1.14%,$0.13B,$0.99B,13.23%,$82,$11,$71,$0,$39,$50,$32,$0,$32,$6,$26,$26,$26,$0,$0,$35,35,$0.75,$0.75,$113,$0,$0,$5788,$42,$717,$291,$168,$1218,$7005,$5957,$92,$61,$153,$6110,$90,$650,$-30,$895,$7005,$26,$2,$1,$3,$2,$0,$-1,$8,$9,$38,$-0,$0,$5,$0,$-6,$-6,$30,$28,$-1,$-21,$-21,$-1,$-1,$-8,$-41,$-70,$-4,$1,$-8
3,2017-12-31,39.14,$25.28,1.55,$9.07,4.32,$7.72,5.07,$2.09,18.73,$5.83B,$6.02B,0.97,$0.09B,$0.88B,0.11,$0.32B,$0.28B,88.92%,$0.32B,$0.12B,37.97%,$0.32B,0,0.00%,$0.32B,0,0.00%,$0.32B,$0.12B,37.97%,$0.32B,$0.07B,23.10%,$0.07B,$0.88B,8.35%,$0.07B,$0.59B,12.61%,$0.07B,$7.06B,1.03%,$0.12B,$0.98B,12.74%,$81,$10,$70,$0,$39,$49,$32,$0,$32,$22,$9,$9,$9,$0,$0,$35,35,$0.27,$0.27,$117,$0,$0,$5827,$43,$728,$295,$168,$1234,$7060,$6018,$93,$65,$158,$6176,$90,$628,$-18,$884,$7060,$73,$7,$26,$33,$-4,$0,$1,$11,$8,$114,$-4,$0,$4,$0,$-8,$-8,$-205,$-212,$33,$-121,$-88,$-1,$-1,$-29,$193,$76,$-22,$3,$-29
4,2017-09-30,38.7,$25.37,1.53,$8.83,4.38,$7.25,5.34,$2.33,16.61,$5.93B,$6.17B,0.96,$0.06B,$0.89B,0.07,$0.31B,$0.28B,89.90%,$0.31B,$0.11B,36.48%,$0.31B,0,0.00%,$0.31B,0,0.00%,$0.31B,$0.11B,36.48%,$0.31B,$0.08B,26.71%,$0.08B,$0.89B,9.49%,$0.08B,$0.59B,14.44%,$0.08B,$7.17B,1.16%,$0.11B,$0.95B,12.13%,$80,$9,$71,$0,$39,$49,$32,$0,$32,$9,$23,$23,$23,$0,$0,$35,35,$0.65,$0.65,$114,$0,$0,$5926,$43,$731,$296,$174,$1244,$7170,$6168,$59,$56,$114,$6283,$90,$626,$-13,$888,$7170,$64,$5,$11,$15,$-5,$0,$0,$9,$4,$83,$-3,$0,$0,$0,$-2,$-2,$-265,$-270,$-2,$14,$12,$-1,$-1,$-21,$171,$161,$-25,$2,$-21
5,2017-06-30,34.88,$24.90,1.4,$8.57,4.07,$6.95,5.02,$2.27,15.37,$5.85B,$6.10B,0.96,$0.06B,$0.87B,0.07,$0.30B,$0.27B,90.60%,$0.30B,$0.11B,36.24%,$0.30B,0,0.00%,$0.30B,0,0.00%,$0.30B,$0.11B,36.24%,$0.30B,$0.08B,26.85%,$0.08B,$0.87B,9.39%,$0.08B,$0.58B,14.41%,$0.08B,$7.09B,1.15%,$0.11B,$0.93B,11.85%,$81,$8,$73,$0,$41,$50,$31,$0,$31,$9,$23,$23,$23,$0,$0,$35,35,$0.66,$0.65,$126,$0,$0,$5851,$45,$723,$296,$171,$1235,$7086,$6101,$59,$55,$114,$6215,$90,$611,$-13,$871,$7086,$41,$3,$8,$10,$-2,$0,$0,$3,$1,$52,$-3,$0,$0,$0,$8,$8,$-173,$-168,$-1,$-19,$-21,$-1,$-1,$-14,$137,$102,$-14,$2,$-14
6,2017-03-31,33.47,$24.45,1.37,$8.21,4.08,$6.76,4.95,$2.11,15.86,$5.81B,$6.09B,0.95,$0.06B,$0.86B,0.07,$0.29B,$0.26B,90.88%,$0.29B,$0.10B,35.09%,$0.29B,0,0.00%,$0.29B,0,0.00%,$0.29B,$0.10B,35.09%,$0.29B,$0.07B,25.96%,$0.07B,$0.86B,8.81%,$0.07B,$0.56B,13.62%,$0.07B,$7.07B,1.08%,$0.10B,$0.92B,11.10%,$74,$7,$67,$0,$42,$49,$25,$0,$25,$7,$18,$18,$18,$0,$0,$35,35,$0.52,$0.52,$105,$0,$0,$5810,$45,$743,$296,$171,$1255,$7065,$6092,$60,$58,$118,$6210,$90,$595,$-13,$855,$7065,$18,$1,$5,$7,$1,$0,$-0,$5,$5,$30,$-1,$0,$0,$0,$-17,$-17,$-149,$-167,$-1,$-54,$-54,$-0,$-0,$-7,$163,$101,$-35,$1,$-7
7,2016-12-31,37.56,$24.12,1.56,$8.12,4.62,$6.64,5.66,$2.05,18.32,$5.70B,$5.98B,0.95,$0.06B,$0.84B,0.07,$0.28B,$0.26B,91.13%,$0.28B,$0.10B,34.40%,$0.28B,0,0.00%,$0.28B,0,0.00%,$0.28B,$0.10B,34.40%,$0.28B,$0.07B,25.53%,$0.07B,$0.84B,8.68%,$0.07B,$0.55B,13.53%,$0.07B,$6.94B,1.07%,$0.10B,$0.90B,10.60%,$72,$7,$65,$0,$41,$48,$24,$0,$24,$7,$18,$18,$18,$0,$0,$35,35,$0.52,$0.51,$139,$0,$0,$5702,$45,$725,$297,$174,$1241,$6943,$5983,$60,$58,$118,$6101,$90,$586,$-14,$842,$6943,$71,$7,$18,$25,$-2,$0,$2,$0,$-0,$97,$-4,$0,$0,$0,$-48,$-48,$-565,$-617,$-102,$293,$190,$-0,$-0,$-27,$396,$560,$40,$3,$-27
8,2016-09-30,27.71,$24.02,1.15,$8.01,3.46,$5.60,4.95,$2.04,13.58,$5.50B,$5.75B,0.96,$0.06B,$0.84B,0.07,$0.28B,$0.25B,92.03%,$0.28B,$0.10B,35.14%,$0.28B,0,0.00%,$0.28B,0,0.00%,$0.28B,$0.10B,35.14%,$0.28B,$0.07B,25.72%,$0.07B,$0.84B,8.69%,$0.07B,$0.54B,13.67%,$0.07B,$6.72B,1.08%,$0.10B,$0.90B,10.44%,$71,$6,$65,$0,$37,$43,$28,$0,$28,$7,$21,$21,$21,$0,$0,$35,35,$0.59,$0.59,$125,$0,$0,$5501,$47,$699,$297,$173,$1217,$6718,$5751,$61,$67,$128,$5879,$90,$575,$-6,$839,$6718,$54,$6,$11,$17,$-4,$0,$1,$4,$2,$72,$-3,$0,$0,$0,$-7,$-7,$-373,$-382,$-102,$188,$86,$-0,$-0,$-20,$269,$336,$26,$2,$-20
9,2016-06-30,23.19,$23.63,0.98,$7.86,2.95,$5.27,4.4,$1.99,11.66,$5.44B,$5.72B,0.95,$0.06B,$0.83B,0.08,$0.27B,$0.25B,92.62%,$0.27B,$0.09B,34.69%,$0.27B,0,0.00%,$0.27B,0,0.00%,$0.27B,$0.09B,34.69%,$0.27B,$0.07B,25.46%,$0.07B,$0.83B,8.58%,$0.07B,$0.53B,13.64%,$0.07B,$6.67B,1.07%,$0.09B,$0.89B,9.98%,$68,$6,$62,$0,$40,$46,$23,$0,$23,$5,$17,$17,$17,$0,$0,$35,35,$0.49,$0.49,$95,$0,$0,$5443,$47,$711,$297,$176,$1231,$6674,$5719,$62,$69,$130,$5849,$90,$561,$-5,$825,$6674,$33,$4,$8,$12,$-3,$0,$1,$1,$-1,$44,$-1,$0,$0,$0,$-15,$-15,$-342,$-358,$-101,$180,$79,$-0,$-0,$-13,$244,$310,$-4,$1,$-13
10,2016-03-31,24.25,$23.23,1.04,$7.80,3.11,$4.70,5.16,$2.02,12.01,$5.26B,$5.43B,0.97,$0.16B,$0.81B,0.2,$0.27B,$0.25B,93.31%,$0.27B,$0.10B,36.06%,$0.27B,0,0.00%,$0.27B,0,0.00%,$0.27B,$0.10B,35.69%,$0.27B,$0.07B,26.02%,$0.07B,$0.81B,8.86%,$0.07B,$0.51B,14.22%,$0.07B,$6.48B,1.11%,$0.10B,$0.97B,10.17%,$71,$5,$65,$0,$43,$49,$22,$0,$22,$6,$16,$16,$16,$0,$0,$35,35,$0.46,$0.46,$122,$0,$0,$5260,$48,$701,$298,$173,$1219,$6479,$5433,$162,$73,$235,$5668,$90,$551,$-8,$811,$6479,$16,$2,$3,$5,$-2,$0,$1,$7,$5,$26,$-0,$0,$0,$0,$-8,$-8,$-127,$-136,$-1,$-3,$-4,$0,$0,$-7,$143,$132,$22,$1,$-7
11,2015-12-31,28.8,$22.76,1.27,$7.55,3.82,$4.56,6.31,$1.97,14.62,$5.11B,$5.30B,0.97,$0.16B,$0.79B,0.21,$0.25B,$0.24B,93.70%,$0.25B,$0.10B,37.40%,$0.25B,0,0.00%,$0.25B,0,0.00%,$0.25B,$0.09B,36.22%,$0.25B,$0.07B,26.38%,$0.07B,$0.79B,8.61%,$0.07B,$0.49B,13.96%,$0.07B,$6.32B,1.09%,$0.10B,$0.96B,10.35%,$66,$4,$62,$0,$38,$42,$24,$0,$24,$7,$17,$17,$17,$0,$0,$34,34,$0.51,$0.51,$99,$0,$0,$5114,$49,$684,$298,$173,$1204,$6318,$5295,$163,$69,$231,$5526,$90,$544,$-16,$792,$6318,$67,$4,$12,$16,$-12,$0,$-0,$-10,$-22,$61,$-5,$0,$-16,$0,$-14,$-14,$-370,$-406,$84,$29,$113,$-0,$-0,$-24,$247,$335,$-10,$2,$-24
12,2015-09-30,30.29,$22.63,1.34,$7.36,4.12,$5.38,5.63,$1.96,15.45,$5.01B,$5.20B,0.96,$0.16B,$0.79B,0.21,$0.24B,$0.23B,93.36%,$0.24B,$0.09B,37.34%,$0.24B,0,0.00%,$0.24B,0,0.00%,$0.24B,$0.09B,35.68%,$0.24B,$0.06B,26.56%,$0.06B,$0.79B,8.74%,$0.06B,$0.49B,13.79%,$0.06B,$6.22B,1.10%,$0.09B,$0.95B,10.62%,$66,$4,$62,$0,$37,$41,$25,$0,$25,$6,$19,$19,$19,$0,$0,$35,35,$0.54,$0.54,$115,$0,$0,$5005,$49,$680,$299,$182,$1210,$6215,$5200,$163,$64,$227,$5428,$90,$533,$-10,$788,$6215,$50,$3,$8,$11,$-13,$0,$-1,$15,$1,$62,$-3,$0,$-16,$0,$-10,$-10,$-273,$-303,$85,$-66,$18,$-0,$-0,$-18,$247,$248,$6,$1,$-18
13,2015-06-30,27.33,$22.15,1.23,$7.22,3.78,$5.56,4.91,$1.91,14.31,$4.91B,$5.14B,0.96,$0.16B,$0.77B,0.21,$0.23B,$0.21B,92.98%,$0.23B,$0.09B,37.28%,$0.23B,0,0.00%,$0.23B,0,0.00%,$0.23B,$0.08B,35.53%,$0.23B,$0.06B,26.32%,$0.06B,$0.77B,8.74%,$0.06B,$0.47B,13.38%,$0.06B,$6.13B,1.09%,$0.09B,$0.94B,10.93%,$66,$4,$62,$0,$37,$40,$26,$-1,$25,$6,$18,$18,$18,$0,$0,$35,35,$0.52,$0.52,$147,$0,$0,$4910,$49,$690,$299,$186,$1224,$6134,$5137,$164,$62,$226,$5362,$90,$521,$-14,$771,$6134,$31,$2,$5,$7,$-13,$0,$-0,$1,$-13,$25,$-2,$0,$-16,$0,$-18,$-18,$-142,$-179,$85,$-112,$-27,$-0,$-0,$-12,$229,$190,$37,$1,$-12
14,2015-03-31,26.03,$21.91,1.19,$7.06,3.69,$6.33,4.12,$1.88,13.85,$4.77B,$5.08B,0.94,$0.07B,$0.76B,0.09,$0.21B,$0.20B,92.99%,$0.21B,$0.08B,36.92%,$0.21B,0,0.00%,$0.21B,0,0.00%,$0.21B,$0.08B,35.51%,$0.21B,$0.06B,26.64%,$0.06B,$0.76B,8.86%,$0.06B,$0.46B,13.11%,$0.06B,$5.97B,1.11%,$0.08B,$0.83B,11.13%,$56,$4,$52,$0,$33,$36,$20,$-2,$18,$5,$13,$13,$13,$0,$0,$31,31,$0.41,$0.41,$125,$0,$0,$4766,$50,$676,$299,$181,$1205,$5971,$5075,$69,$65,$134,$5209,$90,$510,$-10,$762,$5971,$13,$2,$2,$4,$-2,$0,$-0,$5,$2,$19,$-1,$0,$-16,$0,$4,$4,$-31,$-44,$-9,$-143,$-152,$-0,$-0,$-5,$197,$40,$15,$0,$-5
15,2014-12-31,27.17,$20.42,1.33,$6.96,3.91,$6.48,4.2,$1.94,14.01,$3.93B,$4.23B,0.93,$0.07B,$0.61B,0.11,$0.21B,$0.19B,93.27%,$0.21B,$0.08B,37.02%,$0.21B,0,0.00%,$0.21B,0,0.00%,$0.21B,$0.08B,36.54%,$0.21B,$0.06B,27.88%,$0.06B,$0.61B,9.69%,$0.06B,$0.43B,13.82%,$0.06B,$4.97B,1.20%,$0.08B,$0.67B,11.59%,$53,$3,$49,$0,$30,$33,$19,$0,$18,$4,$14,$14,$14,$0,$0,$30,30,$0.50,$0.50,$110,$0,$0,$3933,$38,$655,$178,$159,$1031,$4965,$4229,$65,$62,$127,$4356,$78,$504,$-14,$608,$4965,$58,$8,$3,$12,$-2,$0,$-0,$10,$8,$78,$-5,$0,$0,$0,$-124,$-124,$-308,$-437,$-2,$147,$144,$-0,$-0,$-20,$236,$360,$1,$1,$-20
16,2014-09-30,21.25,$20.33,1.04,$6.87,3.09,$6.84,3.11,$1.85,11.49,$3.90B,$4.19B,0.93,$0.07B,$0.61B,0.11,$0.21B,$0.19B,93.66%,$0.21B,$0.08B,36.59%,$0.21B,0,0.00%,$0.21B,0,0.00%,$0.21B,$0.07B,36.10%,$0.21B,$0.06B,27.32%,$0.06B,$0.61B,9.50%,$0.06B,$0.43B,13.65%,$0.06B,$4.91B,1.18%,$0.08B,$0.67B,11.43%,$53,$3,$49,$0,$30,$33,$20,$0,$20,$5,$15,$15,$15,$0,$0,$30,30,$0.49,$0.49,$144,$0,$0,$3901,$37,$635,$179,$155,$1006,$4907,$4189,$66,$46,$112,$4301,$78,$495,$-7,$606,$4907,$43,$6,$1,$7,$-2,$0,$-0,$10,$8,$58,$-3,$0,$0,$0,$-107,$-107,$-239,$-349,$-2,$114,$112,$-0,$-0,$-15,$229,$326,$35,$1,$-15
17,2014-06-30,22.35,$20.04,1.12,$6.83,3.27,$7.20,3.1,$1.77,12.63,$3.81B,$4.08B,0.94,$0.07B,$0.60B,0.11,$0.20B,$0.19B,94.09%,$0.20B,$0.07B,34.98%,$0.20B,0,0.00%,$0.20B,0,0.00%,$0.20B,$0.07B,34.48%,$0.20B,$0.05B,26.11%,$0.05B,$0.60B,9.19%,$0.05B,$0.42B,13.34%,$0.05B,$4.79B,1.14%,$0.07B,$0.66B,11.03%,$52,$3,$49,$0,$29,$32,$20,$0,$20,$5,$15,$15,$15,$0,$0,$30,30,$0.49,$0.49,$130,$0,$0,$3812,$37,$604,$179,$156,$976,$4788,$4076,$66,$49,$115,$4191,$78,$485,$-6,$597,$4788,$29,$4,$-0,$4,$0,$0,$-0,$11,$11,$44,$-2,$0,$0,$0,$-73,$-73,$-165,$-240,$-1,$36,$35,$-0,$-0,$-10,$193,$218,$22,$0,$-10
18,2014-03-31,21.16,$19.64,1.08,$6.82,3.1,$7.28,2.91,$1.75,12.09,$3.77B,$4.01B,0.94,$0.07B,$0.58B,0.12,$0.20B,$0.19B,93.56%,$0.20B,$0.07B,34.16%,$0.20B,0,0.00%,$0.20B,0,0.00%,$0.20B,$0.07B,33.66%,$0.20B,$0.05B,25.74%,$0.05B,$0.58B,9.22%,$0.05B,$0.40B,13.52%,$0.05B,$4.71B,1.13%,$0.07B,$0.65B,10.92%,$50,$3,$47,$0,$29,$32,$18,$0,$18,$4,$14,$14,$14,$0,$0,$30,30,$0.47,$0.47,$185,$0,$0,$3768,$36,$564,$179,$160,$939,$4707,$4007,$67,$50,$117,$4123,$78,$478,$-10,$584,$4707,$14,$2,$0,$2,$0,$0,$-0,$6,$6,$22,$-0,$0,$0,$0,$-37,$-37,$-63,$-100,$-1,$-35,$-36,$-0,$-0,$-5,$196,$155,$77,$0,$-5
19,2013-12-31,22.44,$19.21,1.17,$6.91,3.25,$7.01,3.2,$1.70,13.2,$3.63B,$3.85B,0.94,$0.07B,$0.57B,0.12,$0.21B,$0.19B,92.68%,$0.21B,$0.07B,32.20%,$0.21B,0,0.00%,$0.21B,0,0.00%,$0.21B,$0.07B,31.71%,$0.21B,$0.05B,24.39%,$0.05B,$0.57B,9.02%,$0.05B,$0.39B,13.35%,$0.05B,$4.53B,1.10%,$0.07B,$0.64B,10.41%,$50,$3,$47,$0,$30,$33,$17,$0,$16,$4,$12,$12,$12,$0,$0,$30,30,$0.41,$0.41,$108,$0,$0,$3630,$37,$523,$180,$164,$903,$4533,$3846,$67,$48,$116,$3962,$78,$468,$-13,$571,$4533,$51,$9,$3,$13,$20,$0,$-2,$5,$23,$86,$-2,$0,$5,$0,$-76,$-76,$-236,$-310,$-57,$36,$-21,$-0,$-0,$-18,$34,$-6,$-229,$1,$-18
20,2013-09-30,21.33,$18.68,1.14,$6.97,3.06,$7.01,3.04,$1.62,13.17,$3.72B,$3.90B,0.95,$0.07B,$0.56B,0.12,$0.21B,$0.19B,92.20%,$0.21B,$0.07B,32.68%,$0.21B,0,0.00%,$0.21B,0,0.00%,$0.21B,$0.06B,29.76%,$0.21B,$0.05B,22.93%,$0.05B,$0.56B,8.61%,$0.05B,$0.38B,12.86%,$0.05B,$4.59B,1.04%,$0.07B,$0.62B,10.47%,$51,$3,$48,$0,$31,$35,$16,$0,$16,$4,$12,$12,$12,$0,$0,$30,30,$0.41,$0.41,$250,$0,$0,$3717,$38,$488,$180,$165,$871,$4588,$3902,$68,$62,$130,$4033,$78,$461,$-21,$555,$4588,$39,$7,$4,$11,$21,$0,$-2,$-1,$18,$68,$-2,$0,$5,$0,$-52,$-52,$-177,$-227,$-57,$71,$14,$-0,$-0,$-13,$55,$56,$-103,$1,$-13
21,2013-06-30,17.16,$18.39,0.93,$7.08,2.42,$7.41,2.31,$1.64,10.46,$3.65B,$3.85B,0.95,$0.07B,$0.55B,0.13,$0.21B,$0.19B,91.35%,$0.21B,$0.07B,31.73%,$0.21B,0,0.00%,$0.21B,0,0.00%,$0.21B,$0.06B,28.85%,$0.21B,$0.05B,23.08%,$0.05B,$0.55B,8.88%,$0.05B,$0.37B,13.33%,$0.05B,$4.53B,1.07%,$0.07B,$0.62B,10.15%,$51,$4,$47,$0,$29,$33,$18,$0,$18,$4,$14,$14,$14,$0,$0,$30,30,$0.47,$0.47,$247,$0,$0,$3648,$37,$494,$180,$169,$881,$4529,$3848,$69,$66,$134,$3982,$78,$453,$-22,$547,$4529,$26,$5,$1,$6,$18,$0,$-1,$-4,$13,$45,$-1,$0,$5,$0,$-42,$-42,$-104,$-142,$-56,$62,$5,$-0,$-0,$-9,$10,$6,$-90,$0,$-9
22,2013-03-31,16.1,$18.32,0.88,$7.15,2.25,$7.34,2.2,$1.47,10.95,$3.60B,$3.75B,0.96,$0.11B,$0.55B,0.21,$0.21B,$0.19B,90.43%,$0.21B,$0.06B,27.75%,$0.21B,0,0.00%,$0.21B,0,0.00%,$0.21B,$0.05B,24.88%,$0.21B,$0.04B,20.57%,$0.04B,$0.55B,8.09%,$0.04B,$0.36B,12.23%,$0.04B,$4.48B,0.97%,$0.06B,$0.66B,8.84%,$53,$4,$48,$0,$34,$38,$15,$0,$15,$2,$12,$12,$12,$0,$0,$30,30,$0.41,$0.41,$261,$0,$0,$3600,$38,$483,$181,$179,$880,$4480,$3753,$114,$68,$182,$3935,$78,$444,$-14,$545,$4480,$12,$2,$0,$3,$19,$0,$-1,$-18,$-0,$14,$-1,$0,$5,$0,$-18,$-18,$-39,$-53,$-11,$-23,$-34,$0,$0,$-4,$-0,$-38,$-77,$0,$-4
23,2012-12-31,15.57,$18.08,0.86,$7.22,2.16,$7.41,2.1,$1.17,13.31,$3.66B,$3.78B,0.97,$0.13B,$0.54B,0.23,$0.21B,$0.19B,89.90%,$0.21B,$0.05B,22.60%,$0.21B,0,0.00%,$0.21B,0,0.00%,$0.21B,$0.04B,19.71%,$0.21B,$0.03B,16.35%,$0.03B,$0.54B,6.52%,$0.03B,$0.36B,9.93%,$0.03B,$4.53B,0.77%,$0.05B,$0.66B,7.26%,$50,$5,$46,$0,$28,$33,$18,$0,$12,$2,$10,$10,$9,$0,$0,$29,29,$0.33,$0.33,$338,$0,$0,$3660,$39,$468,$181,$179,$866,$4527,$3776,$125,$89,$213,$3989,$78,$436,$-14,$537,$4527,$34,$9,$24,$33,$-19,$0,$-1,$37,$17,$84,$-2,$0,$19,$0,$-7,$-7,$-18,$-8,$-11,$28,$18,$1,$1,$-17,$-10,$-8,$67,$0,$-17
24,2012-09-30,15.04,$17.97,0.84,$7.33,2.05,$7.15,2.1,$1.18,12.75,$3.58B,$3.67B,0.98,$0.13B,$0.53B,0.25,$0.21B,$0.19B,89.05%,$0.21B,$0.05B,21.43%,$0.21B,0,0.00%,$0.21B,0,0.00%,$0.21B,$0.05B,21.90%,$0.21B,$0.03B,16.19%,$0.03B,$0.53B,6.67%,$0.03B,$0.35B,10.20%,$0.03B,$4.42B,0.79%,$0.05B,$0.67B,7.08%,$54,$5,$49,$0,$33,$38,$15,$0,$15,$3,$13,$13,$13,$0,$0,$29,29,$0.43,$0.43,$347,$0,$0,$3583,$39,$432,$182,$186,$839,$4422,$3669,$131,$88,$219,$3888,$78,$431,$-11,$534,$4422,$25,$7,$18,$25,$-0,$0,$-1,$30,$29,$79,$-2,$0,$19,$0,$30,$30,$55,$103,$-4,$-35,$-39,$1,$1,$-13,$-53,$-104,$77,$1,$-13
25,2012-06-30,15.64,$17.65,0.89,$7.33,2.13,$6.54,2.39,$1.19,13.14,$3.55B,$3.64B,0.98,$0.13B,$0.51B,0.25,$0.21B,$0.18B,87.92%,$0.21B,$0.05B,23.19%,$0.21B,0,0.00%,$0.21B,0,0.00%,$0.21B,$0.05B,23.67%,$0.21B,$0.03B,15.94%,$0.03B,$0.51B,6.26%,$0.03B,$0.33B,9.35%,$0.03B,$4.35B,0.78%,$0.05B,$0.64B,7.38%,$52,$6,$46,$0,$36,$42,$10,$0,$10,$1,$9,$9,$9,$0,$0,$29,29,$0.30,$0.30,$403,$0,$0,$3554,$40,$387,$177,$189,$793,$4347,$3640,$126,$71,$197,$3837,$76,$423,$-13,$511,$4347,$12,$4,$17,$21,$1,$0,$-0,$8,$9,$42,$-2,$0,$5,$0,$62,$62,$44,$109,$-4,$16,$13,$1,$1,$-9,$-24,$-19,$133,$0,$-9
26,2012-03-31,18.21,$17.47,1.04,$7.42,2.46,$6.16,2.96,$1.37,13.29,$3.54B,$3.64B,0.97,$0.12B,$0.50B,0.24,$0.21B,$0.18B,87.50%,$0.21B,$0.06B,27.40%,$0.21B,0,0.00%,$0.21B,0,0.00%,$0.21B,$0.06B,27.88%,$0.21B,$0.04B,17.79%,$0.04B,$0.50B,6.75%,$0.04B,$0.33B,9.87%,$0.04B,$4.33B,0.89%,$0.06B,$0.63B,8.50%,$52,$6,$46,$0,$42,$48,$4,$0,$4,$1,$3,$3,$3,$0,$0,$28,28,$0.12,$0.12,$387,$0,$0,$3540,$40,$383,$178,$190,$791,$4331,$3638,$122,$67,$189,$3827,$76,$419,$-14,$504,$4331,$3,$2,$9,$11,$-0,$0,$-0,$2,$2,$16,$-1,$0,$5,$0,$66,$66,$51,$120,$-7,$10,$3,$0,$0,$-4,$-20,$-20,$116,$0,$-4
27,2011-12-31,16.31,$17.44,0.94,$7.47,2.18,$6.05,2.69,$1.42,11.48,$3.35B,$3.44B,0.98,$0.12B,$0.49B,0.25,$0.21B,$0.18B,87.08%,$0.21B,$0.06B,29.19%,$0.21B,0,0.00%,$0.21B,0,0.00%,$0.21B,$0.06B,29.67%,$0.21B,$0.04B,18.66%,$0.04B,$0.49B,6.88%,$0.04B,$0.32B,9.87%,$0.04B,$4.12B,0.95%,$0.06B,$0.61B,8.85%,$52,$6,$46,$0,$30,$36,$16,$0,$17,$4,$12,$12,$9,$0,$0,$28,28,$0.32,$0.32,$271,$0,$0,$3354,$38,$376,$171,$181,$766,$4120,$3441,$122,$66,$188,$3629,$74,$421,$-14,$491,$4120,$47,$8,$18,$25,$6,$0,$-0,$-4,$1,$74,$-2,$0,$0,$0,$-60,$-60,$194,$132,$3,$65,$67,$2,$-107,$-22,$18,$-43,$162,$1,$-17
28,2011-09-30,13.37,$21.48,0.62,$7.64,1.75,$6.57,2.04,$1.50,8.91,$3.35B,$3.31B,1.01,$0.12B,$0.50B,0.25,$0.21B,$0.18B,86.38%,$0.21B,$0.06B,25.82%,$0.21B,0,0.00%,$0.21B,0,0.00%,$0.21B,$0.06B,27.70%,$0.21B,$0.04B,18.31%,$0.04B,$0.60B,6.62%,$0.04B,$0.43B,9.36%,$0.04B,$4.09B,0.95%,$0.06B,$0.73B,7.74%,$51,$7,$44,$0,$26,$33,$18,$0,$18,$5,$14,$14,$12,$0,$0,$28,28,$0.44,$0.44,$262,$0,$0,$3347,$39,$359,$171,$176,$745,$4092,$3314,$123,$52,$174,$3488,$74,$417,$-2,$604,$4092,$35,$6,$13,$19,$6,$0,$-0,$-1,$5,$58,$-2,$0,$0,$0,$-44,$-44,$198,$153,$3,$2,$5,$1,$1,$-17,$-46,$-57,$154,$1,$-13
29,2011-06-30,15.26,$21.10,0.72,$7.89,1.93,$6.47,2.36,$1.45,10.52,$3.32B,$3.30B,1.01,$0.12B,$0.49B,0.25,$0.22B,$0.19B,85.91%,$0.22B,$0.05B,24.09%,$0.22B,0,0.00%,$0.22B,0,0.00%,$0.22B,$0.06B,25.91%,$0.22B,$0.04B,17.27%,$0.04B,$0.59B,6.53%,$0.04B,$0.42B,9.29%,$0.04B,$4.06B,0.93%,$0.05B,$0.72B,7.54%,$53,$7,$46,$0,$27,$34,$19,$0,$19,$4,$15,$15,$13,$0,$0,$28,28,$0.48,$0.48,$171,$0,$0,$3316,$39,$358,$172,$174,$743,$4058,$3295,$123,$47,$171,$3466,$74,$409,$-4,$593,$4058,$21,$4,$11,$15,$-2,$0,$-0,$-3,$-5,$31,$-2,$0,$0,$0,$-45,$-45,$148,$102,$3,$0,$4,$1,$1,$-11,$-64,$-70,$63,$0,$-8
30,2011-03-31,17.57,$20.69,0.85,$8.05,2.18,$6.83,2.57,$1.25,14.06,$3.35B,$3.34B,1.0,$0.12B,$0.47B,0.25,$0.22B,$0.19B,85.27%,$0.22B,$0.05B,20.98%,$0.22B,0,0.00%,$0.22B,0,0.00%,$0.22B,$0.05B,22.77%,$0.22B,$0.03B,14.73%,$0.03B,$0.58B,5.74%,$0.03B,$0.41B,8.21%,$0.03B,$4.09B,0.80%,$0.05B,$0.70B,6.74%,$53,$7,$46,$0,$37,$45,$8,$0,$8,$2,$6,$6,$5,$0,$0,$28,28,$0.17,$0.17,$109,$0,$0,$3352,$40,$353,$172,$174,$739,$4090,$3344,$120,$46,$166,$3510,$74,$401,$-6,$580,$4090,$6,$2,$9,$11,$6,$0,$0,$-11,$-5,$13,$-0,$0,$0,$0,$-43,$-43,$51,$8,$-0,$-2,$-3,$1,$1,$-6,$-12,$-20,$1,$0,$-4
31,2010-12-31,18.28,$20.70,0.88,$8.19,2.23,$7.37,2.48,$1.43,12.78,$3.42B,$3.36B,1.02,$0.12B,$0.47B,0.25,$0.23B,$0.19B,84.21%,$0.23B,$0.05B,23.68%,$0.23B,0,0.00%,$0.23B,0,0.00%,$0.23B,$0.06B,25.44%,$0.23B,$0.04B,16.67%,$0.04B,$0.58B,6.66%,$0.04B,$0.41B,9.58%,$0.04B,$4.11B,0.92%,$0.05B,$0.70B,7.75%,$56,$8,$48,$0,$38,$46,$10,$0,$14,$3,$10,$10,$9,$0,$0,$28,28,$0.32,$0.32,$108,$0,$0,$3421,$40,$310,$173,$171,$694,$4114,$3358,$120,$58,$177,$3536,$74,$402,$-6,$579,$4114,$43,$7,$24,$31,$-1,$0,$-2,$17,$14,$89,$-3,$0,$0,$0,$68,$68,$3,$68,$-57,$-56,$-112,$4,$4,$-22,$13,$-118,$39,$1,$-17
32,2010-09-30,13.99,$20.63,0.68,$8.27,1.69,$6.26,2.24,$1.30,10.76,$3.40B,$3.35B,1.02,$0.12B,$0.47B,0.26,$0.23B,$0.19B,83.04%,$0.23B,$0.06B,24.35%,$0.23B,0,0.00%,$0.23B,0,0.00%,$0.23B,$0.06B,24.35%,$0.23B,$0.04B,16.09%,$0.04B,$0.58B,6.56%,$0.04B,$0.40B,9.49%,$0.04B,$4.10B,0.89%,$0.06B,$0.70B,7.95%,$58,$8,$49,$0,$32,$42,$16,$0,$16,$4,$12,$12,$11,$0,$0,$28,28,$0.39,$0.39,$88,$0,$0,$3403,$40,$301,$173,$181,$695,$4098,$3353,$120,$50,$171,$3524,$74,$398,$-4,$575,$4098,$33,$6,$17,$22,$4,$0,$-2,$-3,$-0,$55,$-2,$0,$0,$0,$80,$80,$5,$83,$-56,$-48,$-104,$2,$2,$-17,$-0,$-119,$19,$0,$-13
33,2010-06-30,15.75,$20.35,0.77,$8.23,1.91,$6.41,2.46,$1.19,13.24,$3.41B,$3.39B,1.01,$0.13B,$0.46B,0.28,$0.23B,$0.19B,81.66%,$0.23B,$0.05B,22.71%,$0.23B,0,0.00%,$0.23B,0,0.00%,$0.23B,$0.05B,22.71%,$0.23B,$0.03B,14.85%,$0.03B,$0.57B,6.12%,$0.03B,$0.39B,8.91%,$0.03B,$4.14B,0.82%,$0.05B,$0.70B,7.29%,$57,$9,$48,$0,$34,$44,$13,$0,$13,$4,$9,$9,$8,$0,$0,$28,28,$0.28,$0.28,$71,$0,$0,$3414,$40,$340,$174,$172,$725,$4139,$3393,$131,$49,$180,$3573,$74,$391,$-4,$566,$4139,$21,$4,$10,$14,$4,$0,$-1,$2,$5,$40,$-1,$0,$0,$0,$41,$41,$-15,$25,$-46,$0,$-46,$1,$1,$-11,$-7,$-63,$2,$0,$-8
34,2010-03-31,16.56,$20.19,0.82,$8.34,1.99,$6.05,2.74,$0.54,30.67,$3.41B,$3.39B,1.0,$0.14B,$0.46B,0.3,$0.23B,$0.19B,80.17%,$0.23B,$0.02B,9.05%,$0.23B,0,0.00%,$0.23B,0,0.00%,$0.23B,$0.02B,9.05%,$0.23B,$0.02B,6.90%,$0.02B,$0.56B,2.92%,$0.02B,$0.39B,4.29%,$0.02B,$4.14B,0.38%,$0.02B,$0.70B,2.90%,$57,$9,$47,$0,$31,$42,$15,$0,$15,$4,$11,$11,$10,$0,$0,$28,28,$0.35,$0.35,$73,$0,$0,$3408,$40,$352,$174,$161,$728,$4136,$3394,$136,$45,$181,$3575,$74,$388,$-5,$561,$4136,$11,$2,$3,$5,$4,$0,$-1,$8,$11,$27,$-0,$0,$0,$0,$28,$28,$1,$29,$-40,$-48,$-89,$0,$0,$-6,$41,$-52,$3,$0,$-4
35,2009-12-31,13.37,$19.94,0.67,$8.45,1.58,$5.61,2.38,$0.08,167.11,$3.41B,$3.40B,1.0,$0.18B,$0.45B,0.39,$0.23B,$0.18B,78.63%,$0.23B,$0.00B,1.71%,$0.23B,0,0.00%,$0.23B,0,0.00%,$0.23B,$0.00B,1.71%,$0.23B,$0.00B,1.28%,$0.00B,$0.55B,0.55%,$0.00B,$0.38B,0.81%,$0.00B,$4.17B,0.07%,$0.00B,$0.73B,0.54%,$58,$11,$47,$0,$37,$46,$12,$0,$12,$3,$9,$9,$8,$0,$0,$28,28,$0.27,$0.27,$69,$0,$0,$3414,$41,$378,$175,$162,$756,$4170,$3401,$177,$40,$216,$3617,$74,$383,$-6,$553,$4170,$8,$8,$73,$81,$-1,$0,$-3,$-31,$-35,$55,$-0,$0,$0,$0,$96,$96,$113,$209,$-94,$-326,$-420,$1,$110,$-30,$76,$-264,$-1,$0,$-25
36,2009-09-30,10.19,$19.57,0.52,$8.91,1.14,$6.38,1.6,$0.37,27.53,$3.45B,$3.42B,1.01,$0.19B,$0.44B,0.43,$0.24B,$0.19B,76.64%,$0.24B,$0.02B,6.56%,$0.24B,0,0.00%,$0.24B,0,0.00%,$0.24B,$0.02B,6.56%,$0.24B,$0.01B,4.51%,$0.01B,$0.54B,2.12%,$0.01B,$0.37B,3.21%,$0.01B,$4.21B,0.26%,$0.02B,$0.73B,2.16%,$57,$11,$45,$0,$32,$45,$12,$0,$12,$3,$9,$9,$8,$0,$0,$28,28,$0.28,$0.28,$68,$0,$0,$3454,$42,$390,$175,$148,$755,$4208,$3424,$187,$56,$243,$3667,$74,$380,$-9,$542,$4208,$-1,$6,$61,$66,$3,$0,$-2,$-8,$-8,$57,$0,$0,$0,$0,$88,$88,$79,$167,$-84,$-278,$-362,$0,$109,$-24,$51,$-226,$-2,$0,$-21
37,2009-06-30,9.45,$19.28,0.49,$9.32,1.01,$6.00,1.57,$0.66,14.32,$3.47B,$3.45B,1.01,$0.21B,$0.43B,0.48,$0.26B,$0.19B,74.90%,$0.26B,$0.03B,9.80%,$0.26B,0,0.00%,$0.26B,0,0.00%,$0.26B,$0.03B,9.80%,$0.26B,$0.02B,7.45%,$0.02B,$0.53B,3.84%,$0.02B,$0.36B,5.94%,$0.02B,$4.24B,0.44%,$0.03B,$0.74B,3.36%,$60,$13,$47,$0,$62,$78,$-18,$0,$-18,$-9,$-9,$-9,$-10,$0,$0,$28,28,$-0.37,$-0.37,$65,$0,$0,$3467,$43,$409,$174,$151,$777,$4244,$3448,$207,$56,$263,$3711,$74,$377,$-13,$533,$4244,$-10,$4,$50,$54,$-5,$0,$-1,$-9,$-15,$28,$0,$0,$0,$0,$65,$65,$79,$144,$-64,$-130,$-194,$0,$109,$-19,$-73,$-177,$-5,$-0,$-17
38,2009-03-31,16.29,$19.80,0.82,$9.45,1.72,$6.08,2.68,$1.57,10.37,$3.52B,$3.47B,1.02,$0.23B,$0.44B,0.53,$0.25B,$0.19B,73.52%,$0.25B,$0.06B,24.51%,$0.25B,0,0.00%,$0.25B,0,0.00%,$0.25B,$0.06B,24.51%,$0.25B,$0.04B,17.00%,$0.04B,$0.55B,9.12%,$0.04B,$0.37B,14.56%,$0.04B,$4.32B,0.98%,$0.06B,$0.78B,8.40%,$59,$14,$45,$0,$46,$61,$-2,$0,$-2,$0,$-2,$-2,$-3,$0,$0,$28,28,$-0.11,$-0.11,$64,$0,$0,$3523,$43,$430,$175,$144,$792,$4315,$3470,$232,$65,$297,$3767,$74,$391,$-13,$547,$4315,$-2,$2,$17,$19,$-1,$0,$-0,$-1,$-3,$14,$1,$0,$0,$0,$46,$46,$51,$98,$-39,$-196,$-235,$0,$109,$-8,$16,$-118,$-6,$-0,$-8
39,2008-12-31,26.87,$16.24,1.65,$9.73,2.76,$6.27,4.29,$2.28,11.79,$3.60B,$3.65B,0.99,$0.27B,$0.45B,0.6,$0.25B,$0.18B,71.26%,$0.25B,$0.09B,33.46%,$0.25B,0,0.00%,$0.25B,0,0.00%,$0.25B,$0.09B,33.46%,$0.25B,$0.06B,24.02%,$0.06B,$0.45B,14.46%,$0.06B,$0.27B,22.08%,$0.06B,$4.44B,1.46%,$0.09B,$0.72B,12.29%,$68,$17,$50,$0,$23,$44,$24,$0,$24,$8,$16,$16,$16,$0,$0,$26,26,$0.57,$0.57,$70,$0,$0,$3596,$45,$476,$175,$146,$843,$4438,$3650,$271,$68,$339,$3990,$74,$403,$-14,$449,$4438,$60,$6,$10,$16,$-4,$0,$0,$3,$-0,$76,$-4,$0,$-68,$0,$148,$148,$-292,$-216,$-13,$138,$126,$7,$7,$-32,$34,$135,$-5,$1,$-32
40,2008-09-30,27.62,$16.34,1.69,$9.70,2.85,$5.88,4.69,$2.25,12.28,$3.60B,$3.68B,0.98,$0.28B,$0.45B,0.62,$0.25B,$0.17B,68.27%,$0.25B,$0.08B,31.73%,$0.25B,0,0.00%,$0.25B,0,0.00%,$0.25B,$0.08B,31.73%,$0.25B,$0.06B,23.29%,$0.06B,$0.45B,14.72%,$0.06B,$0.28B,20.77%,$0.06B,$4.46B,1.48%,$0.08B,$0.73B,12.10%,$68,$18,$49,$0,$28,$47,$21,$0,$21,$5,$16,$16,$16,$0,$0,$27,28,$0.57,$0.57,$68,$0,$0,$3603,$46,$497,$176,$139,$858,$4461,$3684,$281,$45,$326,$4010,$74,$395,$-3,$451,$4461,$44,$4,$4,$9,$-6,$0,$0,$3,$-2,$51,$-4,$0,$-68,$-0,$123,$123,$-295,$-244,$-3,$269,$266,$7,$7,$-24,$-63,$186,$-7,$1,$-24
41,2008-06-30,21.61,$16.00,1.35,$9.94,2.17,$5.97,3.62,$2.25,9.6,$3.53B,$3.59B,0.98,$0.28B,$0.44B,0.64,$0.25B,$0.16B,65.59%,$0.25B,$0.08B,32.39%,$0.25B,0,0.00%,$0.25B,0,0.00%,$0.25B,$0.08B,32.39%,$0.25B,$0.06B,23.48%,$0.06B,$0.44B,15.97%,$0.06B,$0.26B,20.81%,$0.06B,$4.35B,1.59%,$0.08B,$0.72B,13.10%,$58,$17,$42,$0,$22,$39,$19,$0,$19,$5,$14,$14,$14,$0,$0,$25,26,$0.55,$0.54,$102,$0,$0,$3531,$46,$467,$178,$133,$823,$4354,$3587,$281,$47,$328,$3915,$74,$388,$-3,$438,$4354,$29,$2,$1,$3,$-3,$0,$2,$1,$-1,$31,$-3,$0,$-68,$-0,$156,$156,$-181,$-95,$-3,$188,$186,$2,$2,$-15,$-81,$91,$27,$1,$-15
42,2008-03-31,23.68,$14.18,1.67,$10.21,2.32,$5.87,4.03,$2.27,10.43,$2.90B,$2.82B,1.03,$0.25B,$0.35B,0.71,$0.25B,$0.16B,62.45%,$0.25B,$0.08B,31.62%,$0.25B,0,0.00%,$0.25B,0,0.00%,$0.25B,$0.08B,31.62%,$0.25B,$0.06B,22.92%,$0.06B,$0.35B,17.40%,$0.06B,$0.30B,20.77%,$0.06B,$3.46B,1.70%,$0.08B,$0.60B,13.99%,$60,$20,$40,$0,$19,$39,$21,$0,$21,$6,$15,$15,$15,$0,$0,$25,25,$0.61,$0.60,$82,$0,$0,$2898,$38,$362,$53,$114,$566,$3464,$2817,$246,$52,$298,$3115,$74,$383,$6,$349,$3464,$15,$1,$-0,$1,$1,$0,$-0,$3,$3,$19,$-1,$0,$0,$0,$16,$16,$-54,$-39,$20,$31,$51,$1,$1,$-8,$-17,$27,$7,$0,$-8
43,2007-12-31,20.15,$13.75,1.47,$10.27,1.96,$5.87,3.43,$2.19,9.2,$2.84B,$2.80B,1.01,$0.23B,$0.34B,0.67,$0.26B,$0.16B,60.94%,$0.26B,$0.08B,30.47%,$0.26B,0,0.00%,$0.26B,0,0.00%,$0.26B,$0.08B,30.47%,$0.26B,$0.06B,21.88%,$0.06B,$0.34B,17.07%,$0.06B,$0.29B,20.48%,$0.06B,$3.41B,1.66%,$0.08B,$0.56B,13.77%,$63,$24,$39,$0,$21,$45,$18,$0,$18,$5,$13,$13,$13,$0,$0,$25,25,$0.54,$0.55,$75,$0,$0,$2837,$38,$373,$53,$107,$570,$3408,$2802,$226,$42,$268,$3070,$74,$376,$3,$338,$3408,$56,$5,$-0,$5,$1,$0,$0,$2,$3,$64,$-5,$0,$0,$0,$72,$72,$-135,$-69,$29,$-8,$21,$-28,$-28,$-30,$57,$20,$15,$1,$-30
44,2007-09-30,23.14,$13.36,1.73,$10.15,2.28,$5.13,4.51,$2.17,10.66,$2.78B,$2.75B,1.01,$0.24B,$0.33B,0.72,$0.26B,$0.16B,60.78%,$0.26B,$0.08B,30.59%,$0.26B,0,0.00%,$0.26B,0,0.00%,$0.26B,$0.08B,30.59%,$0.26B,$0.06B,21.96%,$0.06B,$0.33B,17.06%,$0.06B,$0.27B,20.46%,$0.06B,$3.36B,1.66%,$0.08B,$0.56B,13.94%,$66,$25,$41,$0,$19,$45,$22,$0,$22,$6,$16,$16,$16,$0,$0,$25,25,$0.64,$0.63,$61,$0,$0,$2779,$37,$375,$55,$116,$583,$3362,$2746,$236,$52,$288,$3034,$74,$370,$-0,$328,$3362,$43,$3,$2,$5,$-1,$0,$1,$-0,$-0,$48,$-4,$0,$0,$0,$65,$65,$-88,$-28,$39,$-62,$-23,$-28,$-28,$-22,$55,$-19,$1,$1,$-22
45,2007-06-30,23.51,$12.98,1.81,$9.91,2.37,$4.93,4.77,$2.17,10.83,$2.78B,$2.77B,1.0,$0.25B,$0.32B,0.78,$0.25B,$0.15B,60.71%,$0.25B,$0.08B,30.56%,$0.25B,0,0.00%,$0.25B,0,0.00%,$0.25B,$0.08B,30.56%,$0.25B,$0.06B,21.83%,$0.06B,$0.32B,16.67%,$0.06B,$0.26B,19.96%,$0.06B,$3.38B,1.64%,$0.08B,$0.56B,14.03%,$64,$25,$38,$0,$19,$45,$19,$0,$19,$5,$14,$14,$14,$0,$0,$25,25,$0.56,$0.56,$68,$0,$0,$2775,$37,$399,$55,$116,$607,$3382,$2769,$246,$49,$296,$3064,$74,$362,$0,$318,$3382,$27,$2,$0,$3,$-1,$0,$-0,$0,$-1,$28,$-3,$0,$0,$0,$39,$39,$-77,$-41,$50,$-44,$6,$-30,$-30,$-15,$59,$20,$8,$0,$-15
46,2007-03-31,23.4,$13.16,1.78,$9.69,2.41,$4.64,5.04,$2.04,11.47,$2.76B,$2.75B,1.0,$0.25B,$0.33B,0.75,$0.25B,$0.15B,61.45%,$0.25B,$0.07B,29.32%,$0.25B,0,0.00%,$0.25B,0,0.00%,$0.25B,$0.07B,29.32%,$0.25B,$0.05B,20.88%,$0.05B,$0.33B,15.52%,$0.05B,$0.27B,18.54%,$0.05B,$3.38B,1.56%,$0.07B,$0.57B,13.55%,$63,$25,$38,$0,$20,$44,$19,$0,$19,$5,$13,$13,$13,$0,$0,$25,25,$0.53,$0.52,$59,$0,$0,$2758,$37,$412,$55,$115,$619,$3377,$2746,$247,$56,$303,$3049,$74,$355,$2,$328,$3377,$13,$1,$-0,$1,$0,$0,$0,$6,$6,$20,$-2,$0,$0,$0,$29,$29,$-68,$-41,$50,$-18,$31,$-16,$-16,$-8,$12,$20,$-1,$0,$-8
47,2006-12-31,24.33,$13.37,1.82,$9.41,2.58,$4.31,5.65,$2.06,11.81,$2.69B,$2.75B,0.98,$0.20B,$0.34B,0.58,$0.24B,$0.15B,63.11%,$0.24B,$0.07B,30.33%,$0.24B,0,0.00%,$0.24B,0,0.00%,$0.24B,$0.07B,30.33%,$0.24B,$0.05B,21.72%,$0.05B,$0.34B,15.57%,$0.05B,$0.29B,18.53%,$0.05B,$3.34B,1.61%,$0.07B,$0.54B,14.08%,$62,$25,$38,$0,$19,$44,$18,$0,$18,$5,$13,$13,$13,$0,$0,$26,26,$0.52,$0.52,$60,$0,$0,$2693,$36,$443,$53,$114,$645,$3339,$2753,$197,$49,$246,$2999,$74,$349,$4,$339,$3339,$53,$4,$6,$11,$-1,$0,$0,$-12,$-13,$51,$-9,$0,$0,$-0,$53,$53,$-188,$-145,$113,$-100,$13,$-33,$-33,$-30,$147,$98,$4,$1,$-30
