,Date,Stock Price,Book Value per Share,Price to Book Ratio,TTM Sales per Share,Price to Sales Ratio,TTM FCF per Share,Price to FCF Ratio,TTM Net EPS,PE Ratio,Current Assets,Current Liabilities,Current Ratio,Long Term Debt,Shareholder's Equity_x,Debt to Equity Ratio,TTM Revenue_x,TTM Gross Profit,Gross Margin,TTM Revenue_y,TTM Operating Income,Operating Margin,TTM Revenue_x,TTM EBIT,EBIT Margin,TTM Revenue_y,TTM EBITDA,EBITDA Margin,TTM Revenue_x,TTM Pre-Tax Income,Pre-Tax Margin,TTM Revenue_y,TTM Net Income_x,Net Margin,TTM Net Income_y,Shareholder's Equity_y,Return on Equity,TTM Net Income_x,Tangible Equity,Return on Tangible Equity,TTM Net Income_y,Total Assets,Return on Assets,TTM Net Income,LT Investments & Debt,Return on Investment,revenue,cost-goods-sold,gross-profit,research-development-expenses,selling-general-administrative-expenses,operating-expenses,operating-income,total-non-operating-income-expense,pre-tax-income,total-provision-income-taxes,income-after-taxes,income-from-continuous-operations,net-income,ebitda,ebit,basic-shares-outstanding,shares-outstanding,eps-basic-net-earnings-per-share,eps-earnings-per-share-diluted,cash-on-hand,inventory,other-current-assets,total-current-assets,net-property-plant-equipment,long-term-investments,goodwill-intangible-assets-total,other-long-term-assets,total-long-term-assets,total-assets,total-current-liabilities,long-term-debt,other-non-current-liabilities,total-long-term-liabilities,total-liabilities,common-stock-net,retained-earnings-accumulated-deficit,comprehensive-income,total-share-holder-equity,total-liabilities-share-holders-equity,net-income-loss,total-depreciation-amortization-cash-flow,other-non-cash-items,total-non-cash-items,change-in-accounts-receivable,change-in-inventories,change-in-accounts-payable,change-in-assets-liabilities,total-change-in-assets-liabilities,cash-flow-from-operating-activities,net-change-in-property-plant-equipment,net-change-in-intangible-assets,net-acquisitions-divestitures,net-change-in-short-term-investments,net-change-in-long-term-investments,net-change-in-investments-total,investing-activities-other,cash-flow-from-investing-activities,net-long-term-debt,net-current-debt,debt-issuance-retirement-net-total,net-common-equity-issued-repurchased,net-total-equity-issued-repurchased,total-common-preferred-stock-dividends-paid,financial-activities-other,cash-flow-from-financial-activities,net-cash-flow,stock-based-compensation,common-stock-dividends-paid
0,2018-09-30,45.01,$28.50,1.58,$83.16,0.54,$4.15,10.85,$2.17,20.74,$0.23B,$0.10B,2.31,$0.11B,$0.68B,0.16,$1.96B,$1.11B,56.42%,$1.96B,$0.16B,8.10%,$1.96B,$0.16B,8.10%,$1.96B,$0.19B,9.73%,$1.96B,$0.07B,3.56%,$1.96B,$0.05B,2.60%,$0.05B,$0.68B,7.62%,$0.05B,$0.42B,12.22%,$0.05B,$1.37B,3.72%,$0.16B,$0.78B,20.45%,$508,$225,$283,$0,$0,$460,$47,$-23,$25,$4,$20,$20,$18,$55,$47,$24,24,$0.75,$0.74,$150,$0,$0,$225,$64,$694,$258,$124,$1145,$1370,$97,$106,$477,$596,$694,$185,$510,$-22,$677,$1370,$44,$23,$-2,$21,$2,$0,$-23,$-0,$-22,$44,$-8,$0,$-18,$-0,$22,$22,$0,$-4,$0,$-7,$-7,$-1,$-1,$-21,$-10,$-39,$-0,$3,$-21
1,2018-06-30,43.07,$28.06,1.54,$83.02,0.52,$4.17,10.32,$1.89,22.79,$0.20B,$0.09B,2.15,$0.11B,$0.67B,0.16,$1.96B,$1.11B,56.44%,$1.96B,$0.16B,8.02%,$1.96B,$0.16B,8.02%,$1.96B,$0.19B,9.65%,$1.96B,$0.06B,3.27%,$1.96B,$0.04B,2.25%,$0.04B,$0.67B,6.58%,$0.04B,$0.41B,10.47%,$0.04B,$1.36B,3.19%,$0.16B,$0.77B,20.01%,$493,$204,$289,$0,$0,$442,$51,$-19,$31,$6,$26,$26,$22,$58,$51,$24,24,$0.95,$0.95,$121,$0,$0,$202,$67,$706,$254,$125,$1156,$1358,$94,$108,$475,$598,$692,$184,$500,$-21,$666,$1358,$24,$16,$1,$17,$-4,$0,$-26,$-3,$-33,$7,$-6,$0,$-12,$0,$10,$10,$0,$-7,$0,$-6,$-6,$-1,$-1,$-14,$-7,$-28,$-29,$2,$-14
2,2018-03-31,43.64,$27.65,1.58,$82.71,0.53,$4.41,9.9,$1.73,25.23,$0.18B,$0.09B,2.03,$0.11B,$0.66B,0.17,$1.95B,$1.11B,56.87%,$1.95B,$0.16B,8.41%,$1.95B,$0.16B,8.41%,$1.95B,$0.20B,10.10%,$1.95B,$0.07B,3.38%,$1.95B,$0.04B,2.10%,$0.04B,$0.66B,6.14%,$0.04B,$0.40B,9.70%,$0.04B,$1.35B,2.97%,$0.16B,$0.77B,20.85%,$437,$195,$242,$0,$0,$421,$17,$-20,$-3,$-1,$-2,$-2,$-4,$25,$17,$24,24,$-0.16,$-0.16,$103,$0,$0,$184,$68,$713,$255,$127,$1167,$1352,$91,$109,$480,$604,$695,$183,$484,$-14,$656,$1352,$-2,$8,$3,$10,$-2,$0,$-30,$-5,$-37,$-29,$-2,$0,$-12,$0,$12,$12,$0,$-2,$0,$-5,$-5,$-1,$-1,$-7,$-3,$-16,$-47,$0,$-7
3,2017-12-31,41.71,$28.62,1.46,$82.91,0.5,$4.67,8.93,$2.06,20.25,$0.23B,$0.12B,1.94,$0.11B,$0.68B,0.16,$1.96B,$1.12B,57.21%,$1.96B,$0.17B,8.90%,$1.96B,$0.17B,8.90%,$1.96B,$0.21B,10.58%,$1.96B,$0.08B,3.83%,$1.96B,$0.05B,2.51%,$0.05B,$0.68B,7.35%,$0.05B,$0.44B,11.45%,$0.05B,$1.41B,3.58%,$0.17B,$0.79B,22.22%,$526,$232,$294,$0,$0,$481,$44,$-27,$17,$-1,$18,$18,$15,$53,$44,$23,24,$0.65,$0.64,$150,$0,$0,$229,$67,$743,$241,$122,$1177,$1406,$118,$109,$481,$609,$727,$184,$492,$-1,$679,$1406,$60,$33,$16,$49,$-7,$0,$2,$-5,$-1,$108,$-16,$0,$-17,$-2,$-69,$-71,$0,$-104,$0,$0,$0,$-1,$-1,$-28,$-15,$-44,$-36,$5,$-28
4,2017-09-30,36.96,$28.29,1.31,$83.04,0.45,$5.26,7.03,$2.13,17.35,$0.25B,$0.10B,2.65,$0.14B,$0.67B,0.21,$1.96B,$1.12B,57.46%,$1.96B,$0.18B,9.10%,$1.96B,$0.18B,9.10%,$1.96B,$0.21B,10.84%,$1.96B,$0.08B,4.14%,$1.96B,$0.06B,3.22%,$0.06B,$0.67B,9.56%,$0.06B,$0.43B,14.87%,$0.06B,$1.40B,4.66%,$0.18B,$0.81B,22.97%,$502,$221,$280,$0,$0,$457,$45,$-26,$19,$5,$14,$14,$11,$53,$45,$23,24,$0.47,$0.46,$169,$0,$0,$253,$69,$712,$242,$123,$1150,$1403,$95,$139,$476,$635,$731,$182,$484,$2,$672,$1403,$42,$25,$21,$45,$-13,$0,$-20,$-6,$-39,$48,$-12,$0,$-18,$-0,$-36,$-36,$1,$-66,$0,$29,$29,$0,$0,$-21,$-11,$-3,$-17,$2,$-21
5,2017-06-30,44.06,$28.07,1.57,$85.18,0.52,$5.88,7.49,$2.79,15.79,$0.23B,$0.10B,2.35,$0.12B,$0.67B,0.18,$2.01B,$1.17B,58.10%,$2.01B,$0.20B,9.92%,$2.01B,$0.20B,9.92%,$2.01B,$0.23B,11.66%,$2.01B,$0.10B,5.03%,$2.01B,$0.08B,3.89%,$0.08B,$0.67B,11.90%,$0.08B,$0.42B,18.45%,$0.08B,$1.36B,5.81%,$0.20B,$0.78B,25.85%,$485,$193,$293,$0,$0,$427,$58,$-25,$33,$11,$22,$22,$19,$66,$58,$23,24,$0.79,$0.79,$147,$0,$0,$228,$70,$687,$244,$125,$1130,$1358,$97,$116,$465,$595,$692,$183,$480,$-2,$666,$1358,$28,$16,$7,$24,$-10,$0,$-19,$-7,$-35,$17,$-9,$0,$-18,$-0,$-16,$-16,$0,$-43,$0,$8,$8,$0,$0,$-14,$-8,$-14,$-39,$3,$-14
6,2017-03-31,42.61,$27.38,1.56,$85.40,0.5,$5.87,7.26,$2.49,17.11,$0.20B,$0.09B,2.24,$0.10B,$0.65B,0.16,$2.01B,$1.18B,58.63%,$2.01B,$0.20B,10.00%,$2.01B,$0.20B,10.00%,$2.01B,$0.24B,11.79%,$2.01B,$0.11B,5.47%,$2.01B,$0.07B,3.53%,$0.07B,$0.65B,10.94%,$0.07B,$0.42B,16.94%,$0.07B,$1.31B,5.31%,$0.20B,$0.75B,26.23%,$443,$191,$252,$0,$0,$416,$27,$-22,$6,$-0,$6,$6,$4,$35,$27,$23,24,$0.17,$0.17,$123,$0,$0,$198,$72,$688,$227,$119,$1110,$1308,$88,$101,$460,$570,$659,$181,$469,$-5,$649,$1308,$6,$8,$-2,$7,$-4,$0,$-27,$-1,$-32,$-19,$-6,$0,$0,$-1,$-21,$-22,$0,$-27,$0,$-8,$-8,$0,$0,$-7,$-3,$-18,$-63,$1,$-7
7,2016-12-31,44.13,$27.69,1.59,$85.37,0.52,$5.32,8.29,$1.84,23.98,$0.26B,$0.12B,2.23,$0.11B,$0.65B,0.17,$2.01B,$1.18B,58.87%,$2.01B,$0.18B,9.07%,$2.01B,$0.18B,9.07%,$2.01B,$0.22B,10.97%,$2.01B,$0.09B,4.39%,$2.01B,$0.06B,2.79%,$0.06B,$0.65B,8.70%,$0.06B,$0.42B,13.58%,$0.06B,$1.34B,4.19%,$0.18B,$0.76B,23.80%,$526,$227,$299,$0,$0,$477,$48,$-25,$23,$3,$20,$20,$29,$58,$48,$23,23,$0.71,$0.72,$186,$0,$0,$258,$71,$664,$228,$118,$1084,$1342,$116,$107,$463,$577,$693,$24,$472,$-9,$649,$1342,$68,$37,$6,$43,$8,$0,$-4,$0,$12,$123,$-17,$0,$1,$17,$-58,$-41,$0,$-57,$0,$-3,$-3,$-1,$-1,$-28,$-28,$-59,$7,$3,$-28
8,2016-09-30,42.27,$28.17,1.5,$84.10,0.5,$3.59,11.76,$1.24,34.09,$0.24B,$0.10B,2.38,$0.13B,$0.66B,0.2,$1.98B,$1.18B,59.53%,$1.98B,$0.17B,8.35%,$1.98B,$0.17B,8.35%,$1.98B,$0.21B,10.57%,$1.98B,$0.07B,3.44%,$1.98B,$0.03B,1.52%,$0.03B,$0.66B,4.68%,$0.03B,$0.43B,7.37%,$0.03B,$1.36B,2.25%,$0.17B,$0.79B,21.69%,$553,$232,$322,$0,$0,$487,$66,$-27,$39,$9,$30,$30,$26,$75,$66,$23,24,$1.13,$1.12,$162,$0,$0,$237,$73,$693,$232,$121,$1123,$1360,$100,$131,$461,$602,$701,$185,$461,$6,$658,$1360,$48,$28,$-3,$25,$5,$0,$-16,$-1,$-9,$64,$-14,$0,$-0,$-0,$-47,$-47,$1,$-60,$0,$22,$22,$0,$0,$-21,$-24,$-23,$-17,$5,$-21
9,2016-06-30,39.12,$27.43,1.43,$84.54,0.46,$3.70,10.56,$-0.46,0.0,$0.22B,$0.10B,2.27,$0.13B,$0.64B,0.2,$1.98B,$1.18B,59.75%,$1.98B,$0.12B,6.06%,$1.98B,$0.12B,6.06%,$1.98B,$0.20B,10.00%,$1.98B,$0.02B,1.16%,$1.98B,$-0.01B,-0.45%,$-0.01B,$0.64B,-1.41%,$-0.01B,$0.41B,-2.24%,$-0.01B,$1.34B,-0.68%,$0.12B,$0.77B,16.11%,$489,$183,$306,$0,$0,$430,$60,$-18,$42,$14,$28,$28,$12,$69,$60,$23,24,$0.50,$0.49,$137,$0,$0,$215,$76,$688,$233,$122,$1121,$1337,$95,$128,$463,$601,$696,$184,$442,$9,$641,$1337,$18,$19,$2,$22,$2,$0,$-21,$-3,$-22,$18,$-11,$0,$0,$-2,$-35,$-37,$1,$-48,$0,$19,$19,$0,$0,$-14,$-20,$-14,$-42,$4,$-14
10,2016-03-31,34.0,$26.92,1.26,$86.11,0.39,$3.15,10.81,$-0.23,0.0,$0.19B,$0.09B,2.12,$0.12B,$0.63B,0.18,$2.02B,$1.20B,59.52%,$2.02B,$0.11B,5.49%,$2.02B,$0.11B,5.49%,$2.02B,$0.19B,9.24%,$2.02B,$0.01B,0.59%,$2.02B,$-0.00B,-0.20%,$-0.00B,$0.63B,-0.62%,$-0.00B,$0.39B,-1.01%,$-0.00B,$1.30B,-0.30%,$0.11B,$0.74B,15.00%,$438,$184,$254,$0,$0,$430,$8,$-24,$-16,$-7,$-9,$-9,$-11,$18,$8,$23,23,$-0.48,$-0.48,$109,$0,$0,$193,$74,$678,$234,$122,$1111,$1304,$91,$116,$466,$585,$676,$182,$438,$5,$628,$1304,$-9,$10,$2,$12,$-4,$0,$-27,$-3,$-35,$-32,$-5,$0,$0,$-2,$-33,$-35,$0,$-40,$0,$9,$9,$0,$0,$-7,$-3,$-1,$-70,$1,$-7
11,2015-12-31,34.67,$27.30,1.27,$86.06,0.4,$3.42,10.14,$-0.27,0.0,$0.26B,$0.12B,2.21,$0.10B,$0.64B,0.16,$2.03B,$1.22B,60.13%,$2.03B,$0.12B,5.80%,$2.03B,$0.12B,5.80%,$2.03B,$0.19B,9.39%,$2.03B,$0.01B,0.44%,$2.03B,$-0.00B,-0.25%,$-0.00B,$0.64B,-0.76%,$-0.00B,$0.40B,-1.25%,$-0.00B,$1.32B,-0.37%,$0.12B,$0.74B,15.92%,$497,$202,$295,$0,$0,$466,$31,$-28,$3,$-2,$5,$5,$3,$47,$31,$24,24,$0.12,$0.12,$179,$0,$0,$261,$71,$629,$236,$120,$1061,$1322,$118,$102,$463,$566,$684,$24,$456,$-4,$637,$1322,$4,$73,$-8,$64,$13,$0,$2,$3,$12,$81,$-15,$0,$-4,$-15,$-36,$-51,$1,$-69,$0,$30,$30,$-28,$-28,$-18,$-10,$-26,$-21,$4,$-18
12,2015-09-30,37.71,$27.66,1.36,$86.07,0.44,$2.60,14.53,$0.11,342.84,$0.30B,$0.11B,2.71,$0.08B,$0.64B,0.13,$2.06B,$1.25B,60.51%,$2.06B,$0.14B,6.56%,$2.06B,$0.14B,6.56%,$2.06B,$0.20B,9.71%,$2.06B,$0.02B,1.07%,$2.06B,$0.00B,0.19%,$0.00B,$0.64B,0.59%,$0.00B,$0.41B,0.99%,$0.00B,$1.32B,0.30%,$0.14B,$0.73B,18.02%,$556,$227,$328,$0,$0,$535,$21,$-26,$-6,$5,$-10,$-10,$-13,$64,$21,$23,23,$-0.58,$-0.58,$211,$0,$0,$298,$72,$586,$239,$123,$1020,$1318,$110,$82,$479,$564,$674,$180,$460,$-1,$644,$1318,$-1,$57,$6,$63,$9,$0,$-3,$-1,$4,$66,$-13,$0,$-4,$3,$-1,$2,$2,$-13,$0,$11,$11,$-28,$-28,$-11,$-7,$-35,$11,$5,$-11
13,2015-06-30,36.45,$27.83,1.31,$82.80,0.44,$0.35,104.96,$1.66,21.96,$0.26B,$0.10B,2.57,$0.08B,$0.67B,0.12,$2.01B,$1.24B,61.56%,$2.01B,$0.17B,8.30%,$2.01B,$0.17B,8.30%,$2.01B,$0.20B,9.75%,$2.01B,$0.07B,3.53%,$2.01B,$0.04B,2.04%,$0.04B,$0.67B,6.04%,$0.04B,$0.39B,10.22%,$0.04B,$1.34B,3.00%,$0.17B,$0.75B,22.06%,$532,$204,$327,$0,$0,$481,$51,$-20,$31,$10,$21,$21,$17,$58,$51,$24,24,$0.72,$0.72,$165,$0,$0,$262,$76,$600,$276,$125,$1078,$1340,$102,$83,$481,$570,$673,$179,$479,$4,$667,$1340,$9,$14,$-5,$9,$-1,$0,$-11,$-2,$-13,$6,$-12,$0,$-4,$2,$-1,$1,$1,$-13,$0,$12,$12,$-28,$-28,$-6,$-4,$-25,$-36,$4,$-6
14,2015-03-31,36.98,$28.47,1.3,$78.43,0.47,$-1.04,0.0,$1.21,30.56,$0.27B,$0.10B,2.71,$0.07B,$0.68B,0.1,$1.93B,$1.19B,61.63%,$1.93B,$0.15B,7.63%,$1.93B,$0.15B,7.63%,$1.93B,$0.17B,9.03%,$1.93B,$0.05B,2.70%,$1.93B,$0.03B,1.56%,$0.03B,$0.68B,4.42%,$0.03B,$0.40B,7.54%,$0.03B,$1.36B,2.19%,$0.15B,$0.75B,19.37%,$449,$176,$273,$0,$0,$434,$15,$-34,$-19,$-8,$-11,$-11,$-12,$22,$15,$24,24,$-0.52,$-0.52,$153,$0,$0,$265,$75,$608,$280,$128,$1092,$1357,$98,$65,$501,$576,$674,$203,$467,$8,$683,$1357,$-11,$7,$11,$18,$-13,$0,$-15,$-6,$-34,$-27,$-5,$0,$-4,$-0,$0,$-0,$1,$-8,$0,$-6,$-6,$-1,$-1,$0,$-2,$-9,$-47,$1,$0
15,2014-12-31,33.7,$29.18,1.16,$77.21,0.44,$-2.10,0.0,$1.19,28.32,$0.30B,$0.11B,2.67,$0.07B,$0.70B,0.1,$1.87B,$1.13B,60.56%,$1.87B,$0.14B,7.32%,$1.87B,$0.14B,7.32%,$1.87B,$0.16B,8.61%,$1.87B,$0.05B,2.78%,$1.87B,$0.03B,1.60%,$0.03B,$0.70B,4.47%,$0.03B,$0.42B,7.51%,$0.03B,$1.39B,2.22%,$0.14B,$0.77B,18.44%,$522,$205,$318,$0,$0,$474,$48,$-32,$16,$2,$14,$14,$12,$56,$48,$23,25,$0.50,$0.54,$201,$0,$0,$299,$75,$616,$278,$123,$1093,$1392,$112,$71,$495,$580,$692,$24,$480,$13,$700,$1392,$38,$24,$-2,$22,$9,$0,$-7,$-2,$3,$64,$-16,$0,$-40,$13,$-41,$-28,$5,$-79,$0,$59,$59,$-22,$-22,$-2,$-9,$26,$6,$4,$-2
16,2014-09-30,26.63,$27.67,0.96,$74.27,0.36,$-1.13,0.0,$1.42,18.75,$0.29B,$0.12B,2.35,$0.09B,$0.67B,0.14,$1.80B,$1.07B,59.64%,$1.80B,$0.13B,7.28%,$1.80B,$0.13B,7.28%,$1.80B,$0.15B,8.45%,$1.80B,$0.05B,2.83%,$1.80B,$0.04B,2.00%,$0.04B,$0.67B,5.44%,$0.04B,$0.39B,9.04%,$0.04B,$1.38B,2.69%,$0.13B,$0.76B,18.10%,$508,$189,$320,$0,$0,$455,$53,$-10,$43,$17,$26,$26,$24,$60,$53,$22,25,$1.07,$0.97,$168,$0,$0,$287,$75,$613,$279,$126,$1094,$1381,$122,$91,$492,$592,$714,$179,$470,$13,$667,$1381,$24,$16,$-22,$-6,$3,$0,$-9,$-2,$-3,$15,$-15,$0,$-39,$1,$-21,$-20,$4,$-71,$0,$58,$58,$-16,$-16,$0,$-7,$34,$-26,$1,$0
17,2014-06-30,28.14,$29.58,0.95,$75.34,0.37,$1.21,23.17,$1.08,26.05,$0.25B,$0.11B,2.31,$0.09B,$0.66B,0.14,$1.83B,$1.04B,56.89%,$1.83B,$0.14B,7.71%,$1.83B,$0.14B,7.71%,$1.83B,$0.16B,8.70%,$1.83B,$0.04B,2.08%,$1.83B,$0.03B,1.48%,$0.03B,$0.66B,4.10%,$0.03B,$0.38B,6.65%,$0.03B,$1.36B,2.05%,$0.14B,$0.76B,19.96%,$447,$171,$276,$0,$0,$416,$31,$-19,$12,$3,$9,$9,$6,$36,$31,$22,25,$0.28,$0.27,$150,$0,$0,$252,$54,$619,$285,$149,$1109,$1360,$109,$93,$494,$587,$696,$193,$446,$20,$664,$1360,$-2,$9,$-7,$3,$0,$0,$-19,$-6,$-33,$-32,$-9,$0,$-39,$0,$-16,$-16,$2,$-62,$0,$59,$59,$-3,$-3,$0,$-4,$52,$-44,$1,$0
18,2014-03-31,31.88,$28.98,1.1,$78.11,0.41,$4.28,7.45,$1.90,16.78,$0.23B,$0.10B,2.34,$0.03B,$0.65B,0.05,$1.90B,$1.06B,55.95%,$1.90B,$0.18B,9.69%,$1.90B,$0.18B,9.69%,$1.90B,$0.20B,10.59%,$1.90B,$0.08B,3.95%,$1.90B,$0.05B,2.53%,$0.05B,$0.65B,7.37%,$0.05B,$0.41B,11.62%,$0.05B,$1.28B,3.70%,$0.18B,$0.68B,26.90%,$394,$175,$219,$0,$0,$389,$5,$-23,$-19,$-8,$-11,$-11,$-12,$9,$5,$23,23,$-0.54,$-0.54,$120,$0,$0,$225,$53,$605,$244,$145,$1052,$1277,$96,$31,$495,$528,$624,$195,$440,$13,$653,$1277,$-11,$4,$-11,$-7,$-5,$0,$-23,$-4,$-32,$-49,$-4,$0,$0,$0,$-13,$-13,$0,$-17,$0,$-2,$-2,$0,$0,$0,$-1,$-4,$-74,$0,$0
19,2013-12-31,29.28,$29.47,0.99,$80.84,0.36,$6.30,4.65,$2.59,11.31,$0.30B,$0.12B,2.49,$0.03B,$0.66B,0.05,$1.93B,$1.08B,56.02%,$1.93B,$0.21B,10.94%,$1.93B,$0.21B,10.94%,$1.93B,$0.23B,11.83%,$1.93B,$0.10B,5.24%,$1.93B,$0.06B,3.27%,$0.06B,$0.66B,9.79%,$0.06B,$0.42B,15.38%,$0.06B,$1.33B,4.87%,$0.21B,$0.70B,31.18%,$450,$192,$258,$0,$0,$408,$42,$-27,$15,$-4,$20,$20,$18,$47,$42,$22,25,$0.81,$0.73,$194,$0,$0,$299,$54,$588,$245,$140,$1027,$1326,$120,$33,$507,$543,$663,$23,$452,$11,$663,$1326,$73,$18,$-4,$14,$-6,$0,$-8,$-1,$1,$87,$-15,$0,$-15,$0,$-52,$-51,$3,$-78,$0,$-1,$-1,$0,$0,$-2,$-15,$-18,$-14,$1,$-2
20,2013-09-30,28.93,$29.12,0.99,$84.01,0.34,$7.84,3.69,$4.43,6.53,$0.30B,$0.11B,2.81,$0.03B,$0.66B,0.05,$2.00B,$1.12B,55.78%,$2.00B,$0.23B,11.66%,$2.00B,$0.23B,11.66%,$2.00B,$0.25B,12.46%,$2.00B,$0.11B,5.65%,$2.00B,$0.11B,5.35%,$0.11B,$0.66B,17.19%,$0.11B,$0.42B,27.23%,$0.11B,$1.32B,8.32%,$0.23B,$0.69B,35.00%,$537,$250,$287,$0,$0,$474,$63,$-33,$30,$12,$18,$18,$15,$67,$63,$22,25,$0.69,$0.63,$201,$0,$0,$300,$57,$583,$236,$141,$1017,$1317,$107,$33,$509,$555,$662,$195,$437,$14,$655,$1317,$53,$13,$20,$33,$1,$0,$-12,$-4,$-15,$71,$-13,$0,$-15,$0,$-43,$-43,$4,$-67,$0,$-1,$-1,$0,$0,$0,$-9,$-10,$-7,$0,$0
21,2013-06-30,23.69,$28.27,0.84,$83.68,0.28,$7.46,3.17,$5.22,4.54,$0.30B,$0.10B,2.98,$0.03B,$0.63B,0.05,$1.98B,$1.12B,56.33%,$1.98B,$0.25B,12.36%,$1.98B,$0.25B,12.36%,$1.98B,$0.26B,13.21%,$1.98B,$0.12B,6.15%,$1.98B,$0.13B,6.40%,$0.13B,$0.63B,21.53%,$0.13B,$0.41B,34.94%,$0.13B,$1.27B,10.03%,$0.25B,$0.67B,38.12%,$517,$219,$298,$0,$0,$444,$74,$-25,$49,$19,$30,$30,$27,$78,$74,$22,25,$1.20,$1.09,$217,$0,$0,$300,$53,$554,$227,$137,$972,$1272,$101,$34,$501,$537,$638,$194,$422,$10,$634,$1272,$35,$9,$-11,$-2,$14,$0,$-16,$-2,$11,$43,$-8,$0,$-0,$0,$-19,$-19,$2,$-25,$0,$-1,$-1,$0,$0,$0,$-6,$-7,$8,$0,$0
22,2013-03-31,23.04,$27.70,0.83,$82.76,0.28,$6.60,3.49,$5.18,4.45,$0.26B,$0.10B,2.72,$0.03B,$0.62B,0.06,$1.95B,$1.10B,56.21%,$1.95B,$0.24B,12.41%,$1.95B,$0.24B,12.41%,$1.95B,$0.26B,13.28%,$1.95B,$0.10B,5.33%,$1.95B,$0.13B,6.41%,$0.13B,$0.62B,22.64%,$0.13B,$0.39B,38.34%,$0.13B,$1.26B,10.05%,$0.24B,$0.66B,39.41%,$424,$187,$237,$0,$0,$392,$32,$-25,$7,$2,$5,$5,$3,$36,$32,$21,21,$0.15,$0.15,$175,$0,$0,$261,$55,$575,$228,$137,$1002,$1263,$96,$34,$509,$546,$642,$194,$395,$24,$621,$1263,$5,$4,$-6,$-1,$13,$0,$-21,$-1,$-7,$-3,$-4,$0,$-0,$0,$-21,$-21,$0,$-25,$0,$-0,$-0,$0,$0,$0,$-4,$-4,$-33,$0,$0
23,2012-12-31,23.52,$29.91,0.79,$82.54,0.28,$5.84,4.03,$4.40,5.34,$0.31B,$0.12B,2.65,$0.07B,$0.58B,0.12,$1.91B,$1.08B,56.57%,$1.91B,$0.24B,12.30%,$1.91B,$0.24B,12.30%,$1.91B,$0.25B,13.19%,$1.91B,$0.09B,4.66%,$1.91B,$0.11B,5.76%,$0.11B,$0.58B,21.52%,$0.11B,$0.35B,38.50%,$0.11B,$1.29B,9.08%,$0.24B,$0.65B,40.33%,$521,$228,$293,$0,$0,$457,$64,$-37,$27,$-38,$65,$65,$62,$68,$64,$19,24,$3.20,$2.74,$209,$0,$0,$309,$55,$558,$228,$134,$982,$1291,$117,$71,$520,$594,$711,$20,$391,$27,$580,$1291,$119,$18,$-27,$-9,$-16,$0,$29,$-3,$10,$121,$-12,$0,$-1,$0,$-26,$-25,$2,$-37,$0,$-5,$-5,$0,$0,$-2,$-11,$-18,$68,$2,$-2
24,2012-09-30,18.15,$27.11,0.67,$84.43,0.21,$1.69,10.73,$1.95,9.31,$0.28B,$0.09B,3.16,$0.07B,$0.53B,0.14,$1.84B,$1.03B,56.29%,$1.84B,$0.22B,12.21%,$1.84B,$0.22B,12.21%,$1.84B,$0.24B,13.19%,$1.84B,$0.07B,3.98%,$1.84B,$0.05B,2.72%,$0.05B,$0.53B,10.37%,$0.05B,$0.30B,19.40%,$0.05B,$1.24B,4.24%,$0.22B,$0.60B,40.38%,$521,$232,$289,$0,$0,$446,$75,$-36,$39,$2,$37,$37,$35,$80,$75,$19,24,$1.80,$1.45,$178,$0,$0,$283,$55,$539,$224,$136,$954,$1238,$90,$71,$516,$623,$713,$153,$332,$29,$525,$1238,$54,$13,$9,$23,$-21,$0,$3,$-4,$-20,$57,$-9,$0,$-0,$0,$-4,$-4,$3,$-11,$0,$-5,$-5,$0,$0,$0,$-6,$-12,$37,$0,$0
25,2012-06-30,13.83,$24.90,0.56,$80.28,0.17,$-1.03,0.0,$0.75,18.44,$0.26B,$0.09B,2.98,$0.07B,$0.48B,0.15,$1.73B,$0.97B,56.20%,$1.73B,$0.19B,11.14%,$1.73B,$0.19B,11.14%,$1.73B,$0.21B,12.18%,$1.73B,$0.04B,2.42%,$1.73B,$0.02B,1.15%,$0.02B,$0.48B,4.28%,$0.02B,$0.26B,8.24%,$0.02B,$1.18B,1.74%,$0.19B,$0.55B,35.64%,$484,$207,$277,$0,$0,$413,$71,$-39,$31,$3,$28,$28,$25,$75,$71,$19,24,$1.29,$1.05,$158,$0,$0,$256,$57,$510,$224,$134,$925,$1181,$86,$72,$511,$613,$699,$153,$297,$21,$482,$1181,$17,$9,$9,$18,$-13,$0,$-1,$-3,$-16,$19,$-6,$0,$-0,$0,$11,$11,$2,$7,$0,$-5,$-5,$0,$0,$0,$-4,$-9,$17,$0,$0
26,2012-03-31,12.8,$23.64,0.54,$77.09,0.17,$-2.32,0.0,$-0.02,0.0,$0.20B,$0.08B,2.65,$0.07B,$0.46B,0.16,$1.65B,$0.93B,55.93%,$1.65B,$0.16B,9.92%,$1.65B,$0.16B,9.92%,$1.65B,$0.18B,11.06%,$1.65B,$0.02B,1.03%,$1.65B,$0.00B,0.06%,$0.00B,$0.46B,0.22%,$0.00B,$0.23B,0.42%,$0.00B,$1.14B,0.09%,$0.16B,$0.53B,30.64%,$385,$163,$222,$0,$0,$360,$25,$-33,$-8,$3,$-11,$-11,$-12,$29,$25,$19,19,$-0.63,$-0.63,$115,$0,$0,$202,$57,$518,$225,$134,$935,$1137,$76,$72,$502,$603,$680,$152,$272,$23,$458,$1137,$-11,$5,$-1,$4,$-2,$0,$-10,$-3,$-13,$-20,$-1,$0,$-0,$0,$1,$1,$-0,$-1,$0,$-4,$-4,$0,$0,$0,$-2,$-6,$-26,$0,$0
27,2011-12-31,10.41,$24.01,0.43,$76.56,0.14,$-3.47,0.0,$0.06,173.46,$0.23B,$0.09B,2.66,$0.08B,$0.46B,0.16,$1.64B,$0.91B,55.72%,$1.64B,$0.17B,10.09%,$1.64B,$0.17B,10.09%,$1.64B,$0.19B,11.31%,$1.64B,$0.02B,1.16%,$1.64B,$0.00B,0.18%,$0.00B,$0.46B,0.66%,$0.00B,$0.24B,1.26%,$0.00B,$1.16B,0.26%,$0.17B,$0.54B,30.99%,$445,$200,$245,$0,$0,$392,$53,$-42,$11,$7,$4,$4,$2,$58,$53,$19,19,$0.12,$0.17,$141,$0,$0,$230,$56,$517,$223,$130,$927,$1156,$86,$76,$503,$606,$693,$20,$284,$17,$463,$1156,$9,$20,$8,$27,$-7,$0,$-6,$-0,$-13,$23,$-18,$0,$-8,$0,$4,$4,$-7,$-29,$0,$0,$0,$0,$0,$-1,$-6,$-7,$-14,$0,$-1
28,2011-09-30,7.93,$24.10,0.33,$77.84,0.1,$-2.06,0.0,$0.41,19.34,$0.21B,$0.08B,2.77,$0.08B,$0.47B,0.17,$1.64B,$0.93B,56.44%,$1.64B,$0.18B,10.68%,$1.64B,$0.18B,10.68%,$1.64B,$0.19B,11.84%,$1.64B,$0.02B,1.46%,$1.64B,$0.01B,0.67%,$0.01B,$0.47B,2.42%,$0.01B,$0.24B,4.65%,$0.01B,$1.14B,0.97%,$0.18B,$0.54B,33.16%,$419,$188,$230,$0,$0,$374,$44,$-37,$8,$1,$6,$6,$5,$49,$44,$19,24,$0.24,$0.22,$123,$0,$0,$211,$58,$510,$224,$132,$924,$1135,$76,$78,$490,$593,$670,$152,$283,$20,$465,$1135,$4,$14,$2,$16,$-7,$0,$-16,$-1,$-26,$-5,$-14,$0,$-8,$0,$3,$3,$-4,$-23,$0,$2,$2,$0,$0,$0,$-4,$-3,$-31,$0,$0
29,2011-06-30,9.0,$23.64,0.38,$84.10,0.11,$-1.00,0.0,$0.02,449.83,$0.20B,$0.08B,2.63,$0.07B,$0.46B,0.16,$1.65B,$0.92B,55.94%,$1.65B,$0.17B,10.30%,$1.65B,$0.17B,10.30%,$1.65B,$0.19B,11.45%,$1.65B,$0.02B,0.91%,$1.65B,$0.00B,0.18%,$0.00B,$0.46B,0.67%,$0.00B,$0.24B,1.28%,$0.00B,$1.13B,0.27%,$0.17B,$0.53B,32.57%,$405,$177,$228,$0,$0,$363,$42,$-36,$6,$-2,$8,$8,$6,$47,$42,$19,24,$0.31,$0.28,$123,$0,$0,$199,$60,$520,$215,$135,$930,$1129,$76,$72,$499,$597,$673,$152,$278,$16,$456,$1129,$-2,$10,$2,$11,$5,$0,$-18,$-3,$-16,$-7,$-11,$0,$0,$0,$-8,$-7,$-4,$-22,$0,$-1,$-1,$0,$0,$0,$-3,$-4,$-32,$0,$0
30,2011-03-31,9.4,$23.15,0.41,$86.69,0.11,$-0.20,0.0,$0.19,49.47,$0.20B,$0.07B,2.88,$0.07B,$0.45B,0.17,$1.69B,$0.95B,56.02%,$1.69B,$0.19B,10.97%,$1.69B,$0.19B,10.97%,$1.69B,$0.20B,12.09%,$1.69B,$0.03B,1.60%,$1.69B,$0.01B,0.36%,$0.01B,$0.45B,1.34%,$0.01B,$0.23B,2.58%,$0.01B,$1.11B,0.53%,$0.19B,$0.52B,35.47%,$366,$158,$208,$0,$0,$340,$26,$-32,$-6,$3,$-10,$-10,$-10,$31,$26,$19,19,$-0.55,$-0.55,$112,$0,$0,$203,$60,$505,$215,$132,$912,$1114,$70,$73,$493,$598,$669,$152,$272,$13,$446,$1114,$-10,$5,$-1,$4,$-9,$0,$-24,$-3,$-33,$-39,$-4,$0,$0,$0,$1,$1,$0,$-3,$0,$-1,$-1,$0,$0,$0,$-1,$-2,$-43,$0,$0
31,2010-12-31,10.34,$24.40,0.42,$86.48,0.12,$2.66,3.88,$-0.85,0.0,$0.23B,$0.10B,2.44,$0.07B,$0.45B,0.16,$1.67B,$0.92B,55.02%,$1.67B,$0.16B,9.39%,$1.67B,$0.16B,9.39%,$1.67B,$0.18B,10.59%,$1.67B,$0.00B,0.18%,$1.67B,$-0.01B,-0.78%,$-0.01B,$0.45B,-2.92%,$-0.01B,$0.23B,-5.66%,$-0.01B,$1.14B,-1.10%,$0.16B,$0.52B,30.13%,$449,$191,$259,$0,$0,$387,$63,$-47,$16,$4,$12,$12,$10,$67,$63,$18,18,$0.56,$0.62,$154,$0,$0,$233,$62,$505,$215,$127,$908,$1141,$96,$73,$496,$597,$693,$19,$283,$14,$448,$1141,$-5,$21,$-21,$1,$47,$0,$-12,$0,$46,$41,$-10,$0,$0,$-0,$242,$242,$3,$235,$0,$-227,$-227,$0,$0,$-1,$-11,$-239,$38,$0,$-1
32,2010-09-30,10.11,$24.47,0.41,$89.60,0.11,$-0.58,0.0,$0.18,56.16,$0.22B,$0.10B,2.21,$0.07B,$0.45B,0.16,$1.73B,$0.92B,53.01%,$1.73B,$0.15B,8.52%,$1.73B,$0.15B,8.52%,$1.73B,$0.17B,9.79%,$1.73B,$-0.00B,-0.17%,$1.73B,$0.01B,0.46%,$0.01B,$0.45B,1.78%,$0.01B,$0.23B,3.45%,$0.01B,$1.13B,0.65%,$0.15B,$0.52B,27.88%,$430,$202,$228,$0,$0,$391,$39,$-40,$-1,$-0,$-1,$-1,$-3,$44,$39,$18,18,$-0.17,$-0.17,$137,$0,$0,$220,$64,$505,$215,$126,$910,$1130,$100,$71,$488,$581,$680,$143,$274,$24,$450,$1130,$-17,$17,$-18,$-2,$42,$0,$-6,$-3,$33,$14,$-9,$0,$5,$0,$251,$251,$-2,$245,$0,$-229,$-229,$0,$0,$0,$-10,$-239,$20,$0,$0
33,2010-06-30,8.06,$24.39,0.33,$91.43,0.09,$-2.23,0.0,$-0.95,0.0,$0.23B,$0.10B,2.42,$0.08B,$0.45B,0.18,$1.76B,$0.93B,52.96%,$1.76B,$0.14B,8.14%,$1.76B,$0.14B,8.14%,$1.76B,$0.17B,9.51%,$1.76B,$-0.02B,-1.37%,$1.76B,$-0.01B,-0.74%,$-0.01B,$0.45B,-2.91%,$-0.01B,$0.23B,-5.68%,$-0.01B,$1.13B,-1.01%,$0.14B,$0.53B,27.08%,$442,$192,$250,$0,$0,$385,$57,$-39,$18,$6,$12,$12,$9,$62,$57,$18,23,$0.51,$0.45,$141,$0,$0,$230,$67,$493,$216,$127,$903,$1133,$95,$78,$492,$590,$685,$147,$277,$15,$448,$1133,$-16,$12,$-10,$2,$34,$0,$-11,$-4,$20,$6,$-4,$0,$0,$0,$245,$245,$3,$244,$0,$-221,$-221,$0,$0,$0,$-3,$-224,$25,$0,$0
34,2010-03-31,12.32,$23.74,0.52,$95.88,0.13,$-3.77,0.0,$-2.54,0.0,$0.20B,$0.28B,0.71,$0.08B,$0.44B,0.19,$1.75B,$0.93B,53.35%,$1.75B,$0.14B,7.85%,$1.75B,$0.14B,7.85%,$1.75B,$0.16B,9.34%,$1.75B,$-0.06B,-3.32%,$1.75B,$-0.04B,-2.46%,$-0.04B,$0.44B,-9.60%,$-0.04B,$0.22B,-18.76%,$-0.04B,$1.31B,-3.19%,$0.14B,$0.52B,25.76%,$351,$169,$183,$0,$0,$353,$-2,$-28,$-30,$-2,$-28,$-28,$-29,$4,$-2,$18,18,$-1.59,$-1.59,$135,$0,$0,$203,$70,$696,$216,$126,$1107,$1310,$284,$81,$493,$591,$875,$146,$267,$13,$435,$1310,$-28,$6,$-6,$-0,$57,$0,$-14,$-1,$42,$14,$-3,$0,$-0,$0,$22,$22,$-2,$18,$0,$-12,$-12,$0,$0,$0,$-1,$-13,$19,$0,$0
35,2009-12-31,10.07,$25.30,0.4,$93.91,0.11,$-5.92,0.0,$-3.26,0.0,$0.24B,$0.30B,0.79,$0.08B,$0.46B,0.18,$1.71B,$0.92B,54.13%,$1.71B,$0.13B,7.38%,$1.71B,$0.13B,7.38%,$1.71B,$0.15B,9.02%,$1.71B,$-0.06B,-3.63%,$1.71B,$-0.05B,-3.05%,$-0.05B,$0.46B,-11.45%,$-0.05B,$0.24B,-22.15%,$-0.05B,$1.37B,-3.83%,$0.13B,$0.55B,23.13%,$503,$249,$254,$0,$0,$451,$53,$-43,$10,$-24,$33,$33,$31,$59,$53,$18,18,$1.71,$1.71,$116,$0,$0,$241,$71,$708,$219,$130,$1128,$1369,$304,$84,$503,$603,$907,$19,$296,$11,$462,$1369,$-42,$28,$36,$64,$-25,$0,$-13,$1,$-39,$-17,$-11,$0,$0,$-1,$132,$131,$10,$130,$65,$-142,$-77,$0,$0,$-1,$-11,$-89,$30,$0,$-1
36,2009-09-30,10.99,$24.14,0.46,$84.81,0.13,$-11.18,0.0,$-13.47,0.0,$0.20B,$0.32B,0.64,$0.08B,$0.44B,0.19,$1.54B,$0.85B,55.06%,$1.54B,$0.02B,1.43%,$1.54B,$0.02B,1.43%,$1.54B,$0.05B,3.44%,$1.54B,$-0.19B,-12.01%,$1.54B,$-0.25B,-16.04%,$-0.25B,$0.44B,-53.23%,$-0.25B,$0.22B,-101.02%,$-0.25B,$1.36B,-17.95%,$0.02B,$0.52B,3.88%,$460,$217,$243,$0,$0,$425,$35,$-56,$-22,$0,$-22,$-22,$-24,$42,$35,$18,18,$-1.30,$-1.30,$109,$0,$0,$202,$71,$738,$219,$130,$1158,$1360,$318,$82,$499,$602,$920,$145,$266,$20,$440,$1360,$-76,$22,$46,$68,$6,$0,$-16,$1,$-9,$-17,$-8,$0,$5,$-0,$99,$98,$0,$96,$0,$-55,$-55,$0,$0,$0,$-6,$-61,$22,$0,$0
37,2009-06-30,12.66,$24.90,0.51,$81.43,0.16,$-14.52,0.0,$-13.83,0.0,$0.19B,$0.32B,0.59,$0.09B,$0.45B,0.19,$1.48B,$0.83B,56.33%,$1.48B,$-0.02B,-1.49%,$1.48B,$-0.02B,-1.49%,$1.48B,$0.01B,0.74%,$1.48B,$-0.20B,-13.74%,$1.48B,$-0.25B,-17.13%,$-0.25B,$0.45B,-48.87%,$-0.25B,$0.23B,-85.04%,$-0.25B,$1.36B,-17.79%,$-0.02B,$0.54B,-3.45%,$431,$180,$251,$0,$0,$380,$51,$-67,$-16,$2,$-18,$-18,$-21,$58,$51,$18,18,$-1.14,$-1.14,$91,$0,$0,$189,$74,$740,$220,$132,$1166,$1355,$320,$86,$479,$581,$901,$145,$290,$9,$454,$1355,$-54,$15,$26,$41,$4,$0,$-13,$-0,$-8,$-21,$-5,$0,$7,$-0,$78,$77,$0,$79,$0,$-51,$-51,$0,$0,$0,$-4,$-54,$5,$0,$0
38,2009-03-31,17.33,$25.33,0.68,$81.43,0.21,$-15.97,0.0,$-14.27,0.0,$0.15B,$0.31B,0.48,$0.11B,$0.46B,0.23,$1.48B,$0.84B,56.61%,$1.48B,$-0.07B,-4.47%,$1.48B,$-0.07B,-4.47%,$1.48B,$-0.03B,-1.76%,$1.48B,$-0.23B,-15.66%,$1.48B,$-0.26B,-17.69%,$-0.26B,$0.46B,-45.16%,$-0.26B,$0.24B,-73.11%,$-0.26B,$1.34B,-18.30%,$-0.07B,$0.57B,-9.37%,$313,$137,$176,$0,$0,$327,$-13,$-21,$-34,$2,$-36,$-36,$-38,$-5,$-13,$18,18,$-2.07,$-2.07,$68,$0,$0,$151,$78,$740,$220,$153,$1191,$1342,$314,$108,$446,$567,$881,$145,$312,$-3,$461,$1342,$-36,$8,$-5,$3,$21,$0,$-19,$2,$7,$-27,$-2,$0,$-1,$-0,$43,$43,$0,$40,$0,$-29,$-29,$0,$0,$0,$-2,$-31,$-18,$0,$0
39,2008-12-31,20.88,$27.63,0.76,$86.00,0.24,$-16.30,0.0,$-13.36,0.0,$0.19B,$0.34B,0.57,$0.14B,$0.50B,0.27,$1.56B,$0.90B,57.71%,$1.56B,$-0.06B,-3.98%,$1.56B,$-0.06B,-3.98%,$1.56B,$-0.02B,-1.35%,$1.56B,$-0.24B,-15.30%,$1.56B,$-0.25B,-15.94%,$-0.25B,$0.50B,-38.43%,$-0.25B,$0.28B,-58.63%,$-0.25B,$1.45B,-17.20%,$-0.06B,$0.64B,-8.01%,$336,$158,$178,$0,$0,$387,$-51,$-62,$-113,$50,$-163,$-163,$-164,$-42,$-51,$18,18,$-9.04,$-9.04,$86,$0,$0,$192,$84,$808,$219,$145,$1256,$1448,$335,$135,$463,$612,$947,$19,$348,$0,$501,$1448,$-242,$41,$80,$121,$11,$0,$-6,$11,$16,$-105,$-18,$0,$0,$4,$-143,$-140,$-1,$-159,$0,$261,$261,$1,$1,$-2,$-7,$252,$-23,$0,$-2
40,2008-09-30,26.25,$36.09,0.73,$94.94,0.28,$-10.71,0.0,$-6.38,0.0,$0.33B,$0.28B,1.17,$0.15B,$0.66B,0.22,$1.72B,$1.01B,58.78%,$1.72B,$-0.00B,-0.06%,$1.72B,$-0.00B,-0.06%,$1.72B,$0.04B,2.44%,$1.72B,$-0.17B,-10.00%,$1.72B,$-0.12B,-6.69%,$-0.12B,$0.66B,-16.23%,$-0.12B,$0.43B,-23.74%,$-0.12B,$1.54B,-7.98%,$-0.00B,$0.80B,-0.12%,$397,$169,$227,$0,$0,$405,$-9,$-31,$-40,$-11,$-28,$-28,$-30,$-0,$-9,$18,18,$-1.66,$-1.66,$199,$0,$0,$328,$87,$705,$222,$201,$1216,$1544,$281,$147,$447,$608,$889,$144,$513,$2,$655,$1544,$-79,$32,$-8,$24,$-7,$0,$-16,$6,$-17,$-72,$-13,$0,$-1,$4,$-49,$-46,$-1,$-61,$199,$32,$231,$1,$1,$0,$-6,$226,$90,$0,$0
41,2008-06-30,17.07,$38.30,0.45,$100.75,0.17,$-6.71,0.0,$-5.51,0.0,$0.23B,$0.09B,2.5,$0.12B,$0.70B,0.17,$1.83B,$1.10B,60.05%,$1.83B,$0.04B,1.97%,$1.83B,$0.04B,1.97%,$1.83B,$0.08B,4.44%,$1.83B,$-0.15B,-8.33%,$1.83B,$-0.10B,-5.42%,$-0.10B,$0.70B,-13.32%,$-0.10B,$0.47B,-19.10%,$-0.10B,$1.37B,-6.99%,$0.04B,$0.81B,4.20%,$429,$175,$254,$0,$0,$422,$7,$-51,$-44,$-18,$-27,$-27,$-29,$21,$7,$18,18,$-1.58,$-1.58,$103,$0,$0,$234,$86,$644,$223,$183,$1136,$1370,$94,$117,$450,$582,$675,$143,$543,$12,$695,$1370,$-51,$24,$3,$27,$-7,$0,$-15,$-0,$-23,$-47,$-6,$0,$-0,$3,$40,$43,$-1,$37,$0,$7,$7,$1,$1,$0,$-4,$4,$-6,$0,$0
42,2008-03-31,24.7,$40.31,0.61,$108.31,0.23,$-4.24,0.0,$-3.38,0.0,$0.22B,$0.09B,2.43,$0.12B,$0.73B,0.16,$1.97B,$1.19B,60.59%,$1.97B,$0.09B,4.32%,$1.97B,$0.09B,4.32%,$1.97B,$0.13B,6.40%,$1.97B,$-0.09B,-4.52%,$1.97B,$-0.06B,-3.05%,$-0.06B,$0.73B,-7.77%,$-0.06B,$0.51B,-10.99%,$-0.06B,$1.41B,-4.17%,$0.09B,$0.85B,9.61%,$394,$156,$239,$0,$0,$403,$-9,$-32,$-41,$-17,$-24,$-24,$-25,$-0,$-9,$18,18,$-1.40,$-1.40,$91,$0,$0,$218,$91,$688,$226,$183,$1188,$1406,$90,$116,$439,$586,$675,$143,$572,$20,$730,$1406,$-25,$9,$5,$14,$-1,$0,$-18,$-1,$-20,$-31,$-3,$0,$0,$3,$8,$11,$0,$8,$0,$7,$7,$0,$0,$0,$-2,$5,$-18,$0,$0
43,2007-12-31,23.02,$41.07,0.56,$115.62,0.2,$-3.86,0.0,$-2.24,0.0,$0.24B,$0.11B,2.2,$0.11B,$0.75B,0.14,$2.11B,$1.26B,59.94%,$2.11B,$0.12B,5.84%,$2.11B,$0.12B,5.84%,$2.11B,$0.17B,7.83%,$2.11B,$-0.05B,-2.52%,$2.11B,$-0.04B,-1.90%,$-0.04B,$0.75B,-5.07%,$-0.04B,$0.53B,-7.09%,$-0.04B,$1.44B,-2.77%,$0.12B,$0.86B,13.68%,$500,$208,$291,$0,$0,$490,$10,$-57,$-47,$-18,$-29,$-19,$-31,$21,$10,$18,18,$-1.71,$-1.71,$109,$0,$0,$239,$96,$719,$226,$162,$1203,$1442,$109,$109,$441,$579,$688,$18,$597,$20,$754,$1442,$-28,$41,$31,$72,$-18,$0,$-20,$-1,$-39,$5,$-26,$0,$-8,$-9,$57,$49,$-6,$8,$0,$-7,$-7,$-9,$-9,$-13,$-14,$-42,$-27,$0,$-13
44,2007-09-30,29.42,$44.04,0.67,$123.39,0.24,$0.79,37.4,$0.09,326.86,$0.22B,$0.10B,2.26,$0.11B,$0.79B,0.14,$2.25B,$1.34B,59.25%,$2.25B,$0.18B,7.81%,$2.25B,$0.18B,7.81%,$2.25B,$0.22B,9.68%,$2.25B,$0.01B,0.62%,$2.25B,$0.00B,0.09%,$0.00B,$0.79B,0.25%,$0.00B,$0.57B,0.35%,$0.00B,$1.45B,0.14%,$0.18B,$0.90B,19.31%,$502,$190,$312,$0,$0,$474,$28,$-48,$-20,$-9,$-11,$-14,$-14,$39,$28,$18,18,$-0.79,$-0.79,$112,$0,$0,$224,$103,$713,$226,$183,$1225,$1449,$99,$110,$421,$556,$655,$141,$641,$16,$794,$1449,$-9,$30,$26,$57,$4,$0,$-30,$-7,$-33,$15,$-28,$0,$-10,$-10,$22,$13,$-2,$-27,$0,$1,$1,$-9,$-9,$0,$-11,$-19,$-24,$0,$0
45,2007-06-30,34.19,$44.81,0.76,$130.75,0.26,$3.17,10.79,$1.65,20.72,$0.23B,$0.11B,2.24,$0.11B,$0.81B,0.14,$2.39B,$1.38B,57.75%,$2.39B,$0.21B,8.86%,$2.39B,$0.21B,8.86%,$2.39B,$0.25B,10.57%,$2.39B,$0.06B,2.55%,$2.39B,$0.03B,1.25%,$0.03B,$0.81B,3.73%,$0.03B,$0.58B,5.12%,$0.03B,$1.46B,2.09%,$0.21B,$0.92B,23.30%,$573,$223,$351,$0,$0,$517,$56,$-37,$19,$6,$14,$10,$10,$66,$56,$18,18,$0.55,$0.55,$126,$0,$0,$234,$103,$715,$227,$181,$1226,$1460,$105,$113,$406,$546,$650,$150,$655,$9,$810,$1460,$5,$20,$14,$34,$6,$0,$-24,$-5,$-23,$17,$-25,$0,$-9,$-7,$21,$14,$-2,$-23,$0,$4,$4,$0,$0,$0,$-6,$-2,$-10,$0,$0
46,2007-03-31,35.87,$43.80,0.82,$134.71,0.27,$3.45,10.39,$1.96,18.3,$0.20B,$0.10B,2.14,$0.11B,$0.80B,0.13,$2.47B,$1.40B,56.84%,$2.47B,$0.23B,9.17%,$2.47B,$0.23B,9.17%,$2.47B,$0.27B,10.79%,$2.47B,$0.07B,2.92%,$2.47B,$0.04B,1.46%,$0.04B,$0.80B,4.52%,$0.04B,$0.58B,6.13%,$0.04B,$1.42B,2.55%,$0.23B,$0.91B,25.18%,$532,$222,$309,$0,$0,$503,$29,$-34,$-5,$-3,$-2,$-5,$-5,$39,$29,$18,18,$-0.26,$-0.26,$104,$0,$0,$202,$101,$716,$223,$178,$1218,$1421,$95,$106,$391,$526,$621,$149,$645,$9,$800,$1421,$-5,$10,$2,$12,$15,$0,$-32,$-5,$-22,$-15,$-13,$0,$-5,$-8,$15,$8,$-3,$-13,$0,$-0,$-0,$0,$0,$0,$-3,$-3,$-32,$0,$0
47,2006-12-31,37.22,$43.23,0.86,$135.03,0.28,$3.85,9.67,$2.36,15.77,$0.25B,$0.13B,1.89,$0.11B,$0.80B,0.14,$2.47B,$1.41B,56.84%,$2.47B,$0.23B,9.39%,$2.47B,$0.23B,9.39%,$2.47B,$0.27B,10.96%,$2.47B,$0.09B,3.44%,$2.47B,$0.04B,1.78%,$0.04B,$0.80B,5.58%,$0.04B,$0.58B,7.51%,$0.04B,$1.46B,3.17%,$0.23B,$0.91B,26.18%,$646,$283,$363,$0,$0,$583,$63,$-43,$20,$5,$15,$11,$11,$74,$63,$18,18,$0.58,$0.59,$136,$0,$0,$247,$99,$751,$220,$141,$1212,$1458,$131,$110,$384,$525,$656,$19,$650,$8,$802,$1458,$43,$38,$51,$89,$-24,$0,$1,$-4,$-27,$105,$-42,$0,$-45,$-0,$30,$30,$-10,$-68,$0,$-7,$-7,$1,$1,$-13,$-18,$-38,$1,$0,$-13
