,Date,Stock Price,Book Value per Share,Price to Book Ratio,TTM Sales per Share,Price to Sales Ratio,TTM FCF per Share,Price to FCF Ratio,TTM Net EPS,PE Ratio,Current Assets,Current Liabilities,Current Ratio,Long Term Debt,Shareholder's Equity_x,Debt to Equity Ratio,TTM Revenue_x,TTM Gross Profit,Gross Margin,TTM Revenue_y,TTM Operating Income,Operating Margin,TTM Revenue_x,TTM EBIT,EBIT Margin,TTM Revenue_y,TTM EBITDA,EBITDA Margin,TTM Revenue_x,TTM Pre-Tax Income,Pre-Tax Margin,TTM Revenue_y,TTM Net Income_x,Net Margin,TTM Net Income_y,Shareholder's Equity_y,Return on Equity,TTM Net Income_x,Tangible Equity,Return on Tangible Equity,TTM Net Income_y,Total Assets,Return on Assets,TTM Net Income,LT Investments & Debt,Return on Investment,revenue,cost-goods-sold,gross-profit,research-development-expenses,selling-general-administrative-expenses,operating-expenses,operating-income,total-non-operating-income-expense,pre-tax-income,total-provision-income-taxes,income-after-taxes,income-from-continuous-operations,net-income,ebitda,ebit,basic-shares-outstanding,shares-outstanding,eps-basic-net-earnings-per-share,eps-earnings-per-share-diluted,cash-on-hand,inventory,other-current-assets,total-current-assets,net-property-plant-equipment,long-term-investments,goodwill-intangible-assets-total,other-long-term-assets,total-long-term-assets,total-assets,total-current-liabilities,long-term-debt,other-non-current-liabilities,total-long-term-liabilities,total-liabilities,common-stock-net,retained-earnings-accumulated-deficit,comprehensive-income,total-share-holder-equity,total-liabilities-share-holders-equity,net-income-loss,total-depreciation-amortization-cash-flow,other-non-cash-items,total-non-cash-items,change-in-accounts-receivable,change-in-inventories,change-in-accounts-payable,change-in-assets-liabilities,total-change-in-assets-liabilities,cash-flow-from-operating-activities,net-change-in-property-plant-equipment,net-change-in-intangible-assets,net-acquisitions-divestitures,net-change-in-short-term-investments,net-change-in-long-term-investments,net-change-in-investments-total,investing-activities-other,cash-flow-from-investing-activities,net-long-term-debt,net-current-debt,debt-issuance-retirement-net-total,net-common-equity-issued-repurchased,net-total-equity-issued-repurchased,total-common-preferred-stock-dividends-paid,financial-activities-other,cash-flow-from-financial-activities,net-cash-flow,stock-based-compensation,common-stock-dividends-paid
0,2018-09-30,114.4,$36.98,3.09,$31.49,3.63,$8.83,12.96,$3.70,30.92,$0.98B,$0.37B,2.63,$1.27B,$3.13B,0.41,$2.70B,$1.13B,41.77%,$2.70B,$0.42B,15.58%,$2.70B,$0.42B,15.58%,$2.70B,$0.60B,22.37%,$2.70B,$0.37B,13.76%,$2.70B,$0.32B,11.72%,$0.32B,$3.13B,10.06%,$0.32B,$0.12B,495.69%,$0.32B,$5.02B,6.19%,$0.42B,$4.39B,9.39%,$679,$394,$285,$16,$162,$572,$107,$-11,$95,$18,$77,$77,$77,$153,$107,$85,85,$0.92,$0.91,$210,$231,$0,$980,$986,$0,$3009,$47,$4042,$5021,$373,$1268,$102,$1524,$1896,$2013,$1232,$-127,$3125,$5021,$148,$93,$15,$108,$29,$-33,$-7,$5,$-13,$227,$-57,$0,$-0,$-5,$0,$-5,$-6,$-68,$-85,$52,$-33,$-51,$-51,$-55,$-1,$-140,$8,$13,$-55
1,2018-06-30,105.01,$36.61,2.87,$30.93,3.4,$8.52,12.32,$3.54,29.66,$0.99B,$0.37B,2.65,$1.32B,$3.10B,0.43,$2.65B,$1.11B,41.76%,$2.65B,$0.41B,15.54%,$2.65B,$0.41B,15.54%,$2.65B,$0.59B,22.41%,$2.65B,$0.36B,13.69%,$2.65B,$0.30B,11.43%,$0.30B,$3.10B,9.72%,$0.30B,$0.07B,1361.80%,$0.30B,$5.05B,5.90%,$0.41B,$4.42B,9.17%,$639,$370,$269,$16,$158,$544,$94,$-11,$83,$13,$70,$70,$70,$141,$94,$85,86,$0.83,$0.82,$219,$234,$0,$989,$984,$0,$3032,$46,$4063,$5052,$374,$1320,$104,$1579,$1953,$2027,$1182,$-121,$3099,$5052,$70,$47,$-16,$31,$39,$-34,$-2,$-2,$-1,$101,$-25,$0,$-0,$-5,$0,$-5,$-5,$-35,$0,$18,$18,$-30,$-30,$-26,$-1,$-39,$17,$5,$-26
2,2018-03-31,93.08,$37.96,2.45,$30.55,3.05,$8.15,11.42,$3.40,27.38,$0.99B,$0.40B,2.48,$1.32B,$3.22B,0.41,$2.62B,$1.09B,41.76%,$2.62B,$0.40B,15.38%,$2.62B,$0.40B,15.38%,$2.62B,$0.58B,22.21%,$2.62B,$0.35B,13.51%,$2.62B,$0.29B,11.11%,$0.29B,$3.22B,9.45%,$0.29B,$0.06B,-1337.93%,$0.29B,$5.20B,5.67%,$0.40B,$4.53B,8.96%,$716,$423,$293,$18,$161,$601,$115,$-14,$101,$28,$74,$74,$74,$160,$115,$85,86,$0.86,$0.85,$202,$206,$0,$990,$1011,$0,$3161,$39,$4211,$5200,$398,$1316,$109,$1585,$1983,$2048,$1146,$12,$3217,$5200,$292,$178,$15,$193,$-38,$-5,$1,$-1,$-59,$458,$-163,$0,$-37,$0,$0,$0,$-3,$-204,$-223,$29,$-193,$-56,$-56,$-103,$-4,$-356,$-81,$22,$-103
3,2017-12-31,86.92,$36.72,2.37,$30.11,2.89,$7.69,11.3,$2.85,30.5,$1.03B,$0.37B,2.82,$1.42B,$3.12B,0.46,$2.59B,$1.08B,41.82%,$2.59B,$0.35B,13.42%,$2.59B,$0.35B,13.42%,$2.59B,$0.53B,20.66%,$2.59B,$0.30B,11.61%,$2.59B,$0.24B,9.40%,$0.24B,$3.12B,8.16%,$0.24B,$0.02B,-335.17%,$0.24B,$5.16B,4.80%,$0.35B,$4.54B,7.82%,$662,$383,$279,$15,$159,$558,$104,$-12,$92,$-3,$95,$95,$95,$149,$104,$85,86,$1.12,$1.11,$284,$219,$0,$1033,$984,$0,$3102,$38,$4124,$5157,$367,$1420,$96,$1673,$2039,$2064,$1098,$-55,$3118,$5157,$218,$134,$3,$137,$15,$-22,$-11,$-5,$-38,$328,$-111,$0,$-37,$0,$0,$0,$0,$-149,$-23,$-59,$-81,$-36,$-36,$-77,$-2,$-196,$1,$17,$-77
4,2017-09-30,87.54,$35.72,2.45,$29.95,2.92,$7.29,12.0,$1.68,52.11,$1.03B,$0.37B,2.8,$1.45B,$3.04B,0.48,$2.57B,$1.06B,41.25%,$2.57B,$0.27B,10.47%,$2.57B,$0.27B,10.47%,$2.57B,$0.50B,19.49%,$2.57B,$0.22B,8.68%,$2.57B,$0.14B,5.56%,$0.14B,$3.04B,4.95%,$0.14B,$-0.05B,-119.92%,$0.14B,$5.12B,2.86%,$0.27B,$4.49B,6.15%,$634,$368,$266,$14,$154,$536,$99,$-11,$87,$23,$64,$64,$64,$144,$99,$85,86,$0.76,$0.75,$296,$225,$0,$1027,$963,$0,$3091,$39,$4093,$5120,$367,$1445,$88,$1712,$2079,$2081,$1029,$-80,$3041,$5120,$123,$89,$9,$99,$43,$-19,$-9,$-4,$-11,$217,$-73,$0,$-28,$0,$0,$0,$0,$-102,$-15,$-38,$-53,$-14,$-14,$-50,$-2,$-119,$13,$12,$-50
5,2017-06-30,80.41,$34.49,2.33,$30.05,2.68,$7.00,11.49,$1.40,57.44,$1.03B,$0.35B,2.91,$1.50B,$2.94B,0.51,$2.58B,$1.04B,40.36%,$2.58B,$0.24B,9.30%,$2.58B,$0.24B,9.30%,$2.58B,$0.48B,18.47%,$2.58B,$0.20B,7.55%,$2.58B,$0.12B,4.61%,$0.12B,$2.94B,4.13%,$0.12B,$-0.11B,-79.47%,$0.12B,$5.06B,2.37%,$0.24B,$4.44B,5.48%,$608,$352,$256,$14,$156,$523,$85,$-11,$74,$16,$58,$58,$58,$129,$85,$85,86,$0.68,$0.68,$295,$217,$0,$1030,$942,$0,$3048,$36,$4026,$5056,$354,$1496,$91,$1763,$2117,$2087,$989,$-148,$2939,$5056,$58,$44,$2,$46,$32,$-16,$-10,$-8,$-23,$81,$-36,$0,$-18,$0,$0,$0,$0,$-55,$-8,$14,$6,$-3,$-3,$-24,$-2,$-22,$12,$5,$-24
6,2017-03-31,68.29,$33.08,2.06,$30.34,2.25,$7.06,9.68,$1.28,53.35,$1.02B,$0.38B,2.67,$1.48B,$2.81B,0.53,$2.61B,$1.03B,39.28%,$2.61B,$0.23B,8.77%,$2.61B,$0.23B,8.77%,$2.61B,$0.48B,18.19%,$2.61B,$0.18B,7.04%,$2.61B,$0.11B,4.17%,$0.11B,$2.81B,3.75%,$0.11B,$-0.15B,-62.29%,$0.11B,$4.92B,2.15%,$0.23B,$4.29B,5.18%,$681,$401,$280,$16,$206,$623,$59,$-11,$47,$21,$26,$26,$26,$112,$59,$85,86,$0.32,$0.31,$283,$198,$0,$1018,$916,$0,$2956,$35,$3907,$4924,$382,$1478,$83,$1733,$2114,$2085,$954,$-241,$2810,$4924,$111,$246,$137,$384,$-48,$-13,$7,$2,$-57,$424,$-168,$0,$70,$-6,$0,$-6,$0,$-104,$121,$-197,$-75,$-88,$-88,$-93,$-11,$-267,$34,$19,$-93
7,2016-12-31,65.99,$32.62,2.02,$32.13,2.05,$5.90,11.19,$1.64,40.24,$0.97B,$0.35B,2.77,$1.51B,$2.77B,0.54,$2.62B,$1.01B,38.53%,$2.62B,$0.27B,10.26%,$2.62B,$0.27B,10.26%,$2.62B,$0.52B,19.65%,$2.62B,$0.23B,8.58%,$2.62B,$0.14B,5.38%,$0.14B,$2.77B,4.75%,$0.14B,$-0.17B,-70.94%,$0.14B,$4.89B,2.72%,$0.27B,$4.28B,5.98%,$647,$389,$258,$15,$159,$621,$26,$-10,$15,$20,$-4,$-4,$-5,$116,$26,$85,86,$-0.06,$-0.06,$265,$210,$0,$970,$940,$0,$2942,$35,$3917,$4887,$350,$1507,$73,$1767,$2117,$2083,$950,$-275,$2770,$4887,$85,$194,$104,$298,$-0,$-27,$-6,$4,$-66,$289,$-107,$0,$71,$-6,$0,$-6,$0,$-43,$-15,$-31,$-46,$-87,$-87,$-69,$-6,$-209,$16,$14,$-69
8,2016-09-30,71.28,$35.25,2.02,$32.52,2.19,$4.06,17.54,$1.96,36.37,$0.96B,$0.37B,2.58,$1.50B,$3.01B,0.5,$2.59B,$0.99B,38.18%,$2.59B,$0.29B,11.18%,$2.59B,$0.29B,11.18%,$2.59B,$0.49B,18.94%,$2.59B,$0.24B,9.22%,$2.59B,$0.17B,6.40%,$0.17B,$3.01B,5.49%,$0.17B,$-0.17B,-70.49%,$0.17B,$5.21B,3.13%,$0.29B,$4.51B,6.32%,$646,$399,$248,$15,$164,$577,$70,$-11,$59,$19,$40,$40,$40,$120,$70,$86,86,$0.47,$0.47,$254,$210,$0,$956,$1040,$0,$3181,$33,$4254,$5211,$370,$1504,$79,$1831,$2201,$2113,$980,$-94,$3010,$5211,$89,$104,$20,$124,$12,$-22,$-17,$6,$-30,$189,$-69,$0,$67,$-6,$0,$-6,$0,$-9,$-10,$-48,$-58,$-52,$-52,$-46,$-6,$-162,$6,$11,$-46
9,2016-06-30,66.78,$35.39,1.89,$33.15,2.01,$3.34,20.02,$1.63,40.97,$0.95B,$0.36B,2.63,$1.55B,$3.05B,0.51,$2.44B,$0.95B,39.02%,$2.44B,$0.24B,9.97%,$2.44B,$0.24B,9.97%,$2.44B,$0.42B,17.11%,$2.44B,$0.20B,8.00%,$2.44B,$0.14B,5.54%,$0.14B,$3.05B,5.31%,$0.14B,$-0.21B,-71.71%,$0.14B,$5.29B,2.95%,$0.24B,$4.60B,6.17%,$638,$398,$240,$14,$152,$565,$74,$-11,$63,$14,$49,$49,$48,$127,$74,$86,87,$0.56,$0.56,$242,$210,$0,$946,$1056,$0,$3259,$33,$4347,$5293,$359,$1552,$82,$1885,$2245,$2161,$962,$-86,$3048,$5293,$49,$54,$5,$59,$23,$-20,$-13,$4,$-10,$80,$-31,$0,$-0,$-5,$0,$-5,$0,$-36,$-5,$-11,$-16,$1,$1,$-22,$-6,$-43,$-6,$4,$-22
10,2016-03-31,68.76,$35.37,1.94,$33.07,2.08,$3.06,22.49,$1.47,46.78,$0.97B,$0.40B,2.43,$1.57B,$3.04B,0.52,$2.24B,$0.90B,39.97%,$2.24B,$0.21B,9.51%,$2.24B,$0.21B,9.51%,$2.24B,$0.36B,15.94%,$2.24B,$0.17B,7.64%,$2.24B,$0.11B,4.96%,$0.11B,$3.04B,5.40%,$0.11B,$-0.24B,-121.98%,$0.11B,$5.35B,2.92%,$0.21B,$4.61B,6.58%,$690,$426,$264,$14,$150,$591,$99,$-11,$88,$31,$58,$58,$58,$152,$99,$71,71,$0.75,$0.76,$249,$193,$0,$973,$1064,$0,$3280,$30,$4374,$5346,$401,$1568,$84,$1907,$2308,$2152,$939,$-68,$3039,$5346,$112,$144,$34,$178,$-32,$2,$5,$-10,$-21,$255,$-126,$0,$-604,$0,$0,$0,$0,$-730,$257,$369,$627,$-3,$-3,$-65,$1,$560,$81,$16,$-65
11,2015-12-31,72.64,$34.81,2.09,$31.73,2.29,$3.93,18.46,$1.49,48.75,$0.97B,$0.36B,2.68,$1.64B,$2.99B,0.55,$2.05B,$0.84B,41.15%,$2.05B,$0.18B,8.87%,$2.05B,$0.18B,8.87%,$2.05B,$0.30B,14.38%,$2.05B,$0.15B,7.17%,$2.05B,$0.09B,4.58%,$0.09B,$2.99B,6.01%,$0.09B,$-0.32B,417.78%,$0.09B,$5.35B,3.15%,$0.18B,$4.63B,7.26%,$619,$381,$238,$14,$177,$572,$47,$-17,$29,$8,$21,$21,$20,$92,$47,$77,78,$0.26,$0.26,$231,$208,$0,$966,$1053,$0,$3309,$22,$4385,$5350,$360,$1639,$85,$2000,$2360,$1847,$1203,$-74,$2990,$5350,$54,$91,$25,$116,$-3,$-15,$-18,$-5,$-47,$105,$-82,$0,$-605,$0,$0,$0,$0,$-686,$350,$349,$699,$-3,$-3,$-44,$1,$653,$64,$12,$-44
12,2015-09-30,62.64,$18.22,3.44,$31.63,1.98,$5.46,11.48,$1.86,33.68,$0.71B,$0.26B,2.77,$0.83B,$1.09B,0.76,$1.91B,$0.80B,42.15%,$1.91B,$0.20B,10.29%,$1.91B,$0.20B,10.29%,$1.91B,$0.29B,15.01%,$1.91B,$0.18B,9.19%,$1.91B,$0.11B,5.88%,$0.11B,$1.09B,10.32%,$0.11B,$0.02B,71.79%,$0.11B,$2.31B,5.20%,$0.20B,$1.92B,11.06%,$490,$281,$209,$14,$172,$467,$23,$-7,$15,$7,$8,$8,$9,$46,$23,$60,60,$0.15,$0.14,$162,$184,$0,$713,$505,$0,$1075,$16,$1596,$2309,$257,$830,$53,$960,$1217,$272,$1198,$-59,$1092,$2309,$33,$46,$16,$62,$32,$-20,$-17,$-1,$-18,$79,$-40,$0,$-221,$0,$0,$0,$0,$-261,$350,$-140,$210,$-5,$-5,$-29,$2,$179,$-6,$8,$-29
13,2015-06-30,62.13,$18.38,3.38,$31.23,1.99,$5.95,10.43,$2.24,27.74,$0.74B,$0.26B,2.79,$0.69B,$1.10B,0.62,$1.88B,$0.79B,41.96%,$1.88B,$0.23B,12.03%,$1.88B,$0.23B,12.03%,$1.88B,$0.32B,17.09%,$1.88B,$0.21B,11.13%,$1.88B,$0.13B,7.14%,$0.13B,$1.10B,12.41%,$0.13B,$0.18B,66.50%,$0.13B,$2.18B,6.43%,$0.23B,$1.79B,13.19%,$440,$256,$184,$14,$127,$396,$44,$-6,$39,$14,$24,$24,$24,$67,$44,$60,60,$0.41,$0.40,$196,$184,$0,$738,$503,$0,$921,$20,$1444,$2181,$264,$686,$53,$817,$1082,$268,$1204,$-54,$1100,$2181,$24,$22,$5,$27,$39,$-18,$-6,$0,$9,$41,$-23,$0,$-44,$0,$0,$0,$0,$-68,$350,$-283,$67,$-5,$-5,$-14,$2,$50,$29,$3,$-14
14,2015-03-31,67.75,$17.99,3.77,$30.83,2.2,$6.05,11.2,$2.25,30.11,$0.72B,$0.28B,2.54,$0.62B,$1.07B,0.58,$1.85B,$0.77B,41.82%,$1.85B,$0.23B,12.21%,$1.85B,$0.23B,12.21%,$1.85B,$0.32B,17.23%,$1.85B,$0.21B,11.35%,$1.85B,$0.14B,7.29%,$0.14B,$1.07B,12.61%,$0.14B,$0.21B,67.25%,$0.14B,$2.10B,6.58%,$0.23B,$1.70B,13.30%,$502,$289,$213,$14,$131,$433,$68,$-5,$64,$22,$41,$41,$41,$90,$68,$59,60,$0.70,$0.69,$168,$161,$0,$720,$493,$0,$861,$23,$1377,$2097,$283,$621,$47,$740,$1024,$265,$1194,$-67,$1074,$2097,$135,$92,$-2,$90,$-3,$-10,$-3,$2,$30,$246,$-84,$0,$-195,$-5,$0,$-5,$0,$-284,$0,$130,$130,$-2,$-2,$-54,$-4,$70,$15,$15,$-54
15,2014-12-31,62.52,$18.07,3.46,$30.26,2.07,$5.50,11.37,$2.21,28.29,$0.67B,$0.24B,2.75,$0.61B,$1.08B,0.57,$1.81B,$0.75B,41.07%,$1.81B,$0.22B,12.02%,$1.81B,$0.22B,12.02%,$1.81B,$0.31B,17.03%,$1.81B,$0.20B,11.08%,$1.81B,$0.13B,7.33%,$0.13B,$1.08B,12.51%,$0.13B,$0.22B,60.18%,$0.13B,$2.03B,6.65%,$0.22B,$1.69B,13.14%,$473,$276,$197,$15,$122,$412,$61,$-4,$57,$19,$38,$38,$38,$83,$61,$59,60,$0.64,$0.63,$145,$183,$0,$672,$475,$0,$861,$19,$1356,$2028,$244,$611,$37,$707,$952,$258,$1166,$-32,$1076,$2028,$94,$69,$2,$72,$29,$-27,$-25,$6,$5,$165,$-56,$0,$-183,$-5,$0,$-5,$0,$-243,$0,$117,$117,$-1,$-1,$-40,$2,$78,$-8,$11,$-40
16,2014-09-30,52.02,$17.97,2.89,$29.19,1.78,$5.06,10.29,$2.06,25.25,$0.67B,$0.25B,2.75,$0.62B,$1.07B,0.58,$1.75B,$0.71B,40.76%,$1.75B,$0.21B,12.19%,$1.75B,$0.21B,12.19%,$1.75B,$0.30B,17.23%,$1.75B,$0.20B,11.16%,$1.75B,$0.12B,7.10%,$0.12B,$1.07B,11.85%,$0.12B,$0.20B,50.72%,$0.12B,$2.03B,6.40%,$0.21B,$1.69B,13.25%,$463,$269,$194,$13,$126,$409,$53,$-5,$49,$18,$31,$31,$31,$81,$53,$59,60,$0.52,$0.52,$147,$184,$0,$674,$475,$0,$869,$10,$1354,$2027,$245,$620,$36,$715,$960,$250,$1142,$-13,$1068,$2027,$56,$48,$2,$50,$39,$-24,$-15,$1,$5,$105,$-36,$0,$-179,$0,$0,$0,$0,$-215,$0,$126,$126,$3,$3,$-26,$5,$108,$-5,$8,$-26
17,2014-06-30,51.56,$17.96,2.87,$27.90,1.85,$4.46,11.57,$2.04,25.27,$0.68B,$0.23B,2.93,$0.66B,$1.07B,0.62,$1.67B,$0.67B,40.35%,$1.67B,$0.21B,12.59%,$1.67B,$0.21B,12.59%,$1.67B,$0.29B,17.27%,$1.67B,$0.19B,11.51%,$1.67B,$0.12B,7.37%,$0.12B,$1.07B,11.98%,$0.12B,$0.18B,45.94%,$0.12B,$2.05B,6.55%,$0.21B,$1.73B,13.45%,$413,$243,$170,$12,$114,$368,$44,$-4,$40,$15,$25,$25,$25,$65,$44,$59,60,$0.41,$0.41,$158,$180,$0,$677,$475,$0,$890,$10,$1376,$2052,$231,$659,$37,$755,$986,$246,$1124,$9,$1066,$2052,$25,$20,$-1,$19,$47,$-15,$-19,$-1,$4,$46,$-23,$0,$-179,$0,$0,$0,$0,$-202,$0,$165,$165,$2,$2,$-12,$4,$158,$5,$3,$-12
18,2014-03-31,46.04,$17.66,2.61,$27.15,1.7,$4.25,10.82,$2.17,21.21,$0.68B,$0.26B,2.65,$0.49B,$1.04B,0.47,$1.62B,$0.65B,40.05%,$1.62B,$0.21B,12.75%,$1.62B,$0.21B,12.75%,$1.62B,$0.28B,17.38%,$1.62B,$0.19B,11.58%,$1.62B,$0.13B,8.01%,$0.13B,$1.04B,12.96%,$0.13B,$0.29B,44.56%,$0.13B,$1.89B,7.19%,$0.21B,$1.54B,13.79%,$465,$281,$184,$12,$101,$406,$60,$-5,$55,$16,$39,$39,$39,$80,$60,$59,60,$0.67,$0.65,$153,$155,$0,$675,$454,$0,$748,$10,$1212,$1887,$255,$493,$39,$591,$846,$246,$1112,$4,$1041,$1887,$129,$76,$29,$104,$-29,$3,$19,$-5,$-24,$210,$-82,$0,$-67,$0,$0,$0,$0,$-149,$-70,$71,$1,$-10,$-10,$-48,$3,$-54,$11,$11,$-48
19,2013-12-31,46.32,$17.14,2.7,$26.64,1.74,$4.50,10.3,$2.22,20.87,$0.62B,$0.20B,3.08,$0.48B,$1.01B,0.47,$1.59B,$0.64B,40.61%,$1.59B,$0.21B,13.37%,$1.59B,$0.21B,13.37%,$1.59B,$0.29B,18.16%,$1.59B,$0.19B,12.11%,$1.59B,$0.13B,8.32%,$0.13B,$1.01B,13.47%,$0.13B,$0.31B,47.31%,$0.13B,$1.78B,7.43%,$0.21B,$1.48B,14.35%,$406,$242,$164,$12,$95,$350,$56,$-4,$51,$23,$29,$29,$29,$75,$56,$59,60,$0.48,$0.48,$157,$160,$0,$621,$445,$0,$700,$11,$1157,$1778,$201,$475,$46,$567,$768,$244,$1086,$4,$1010,$1778,$91,$56,$13,$69,$10,$-14,$1,$12,$-18,$142,$-60,$0,$-8,$0,$0,$0,$0,$-68,$-70,$52,$-18,$-11,$-11,$-36,$2,$-63,$15,$9,$-36
20,2013-09-30,41.22,$16.83,2.45,$26.30,1.57,$5.11,8.07,$2.56,16.1,$0.63B,$0.20B,3.19,$0.51B,$0.99B,0.51,$1.56B,$0.63B,40.58%,$1.56B,$0.22B,14.29%,$1.56B,$0.22B,14.29%,$1.56B,$0.30B,19.10%,$1.56B,$0.20B,13.08%,$1.56B,$0.15B,9.68%,$0.15B,$0.99B,15.77%,$0.15B,$0.29B,59.39%,$0.15B,$1.79B,8.52%,$0.22B,$1.50B,15.21%,$384,$229,$155,$14,$91,$333,$50,$-5,$46,$16,$30,$30,$30,$68,$50,$59,60,$0.50,$0.50,$164,$156,$0,$631,$448,$0,$699,$11,$1158,$1789,$197,$509,$47,$600,$797,$241,$1070,$3,$991,$1789,$62,$36,$6,$42,$17,$-11,$3,$-0,$-26,$80,$-47,$0,$-0,$0,$0,$0,$0,$-47,$-30,$46,$16,$-9,$-9,$-24,$1,$-15,$22,$6,$-24
21,2013-06-30,40.95,$16.41,2.5,$25.94,1.58,$5.69,7.19,$2.74,14.94,$0.63B,$0.20B,3.19,$0.51B,$0.97B,0.53,$1.53B,$0.63B,41.19%,$1.53B,$0.24B,15.34%,$1.53B,$0.24B,15.34%,$1.53B,$0.31B,20.10%,$1.53B,$0.22B,14.16%,$1.53B,$0.16B,10.51%,$0.16B,$0.97B,17.31%,$0.16B,$0.27B,63.01%,$0.16B,$1.77B,9.29%,$0.24B,$1.49B,16.55%,$368,$221,$147,$12,$94,$327,$41,$-5,$36,$4,$32,$32,$32,$59,$41,$59,60,$0.55,$0.54,$166,$155,$0,$628,$436,$0,$699,$11,$1146,$1774,$197,$514,$48,$606,$803,$238,$1052,$-9,$971,$1774,$32,$18,$3,$21,$13,$-12,$-0,$6,$-23,$33,$-22,$0,$-0,$0,$0,$0,$0,$-22,$0,$21,$21,$4,$4,$-11,$1,$15,$24,$2,$-11
22,2013-03-31,39.57,$16.12,2.46,$25.57,1.55,$6.30,6.28,$2.72,14.55,$0.61B,$0.22B,2.81,$0.49B,$0.95B,0.52,$1.50B,$0.62B,41.37%,$1.50B,$0.24B,16.12%,$1.50B,$0.24B,16.12%,$1.50B,$0.31B,20.79%,$1.50B,$0.23B,15.12%,$1.50B,$0.16B,10.59%,$0.16B,$0.95B,17.76%,$0.16B,$0.24B,50.80%,$0.16B,$1.76B,9.69%,$0.24B,$1.44B,18.48%,$428,$250,$178,$12,$101,$363,$65,$-6,$59,$18,$41,$41,$41,$86,$65,$58,59,$0.71,$0.70,$142,$144,$0,$614,$432,$0,$704,$11,$1147,$1761,$219,$492,$58,$595,$814,$240,$1031,$-4,$947,$1761,$160,$69,$31,$100,$22,$28,$-13,$-9,$-28,$228,$-87,$0,$-400,$0,$0,$0,$0,$-487,$200,$82,$282,$15,$15,$-43,$0,$254,$-9,$9,$-43
23,2012-12-31,32.86,$15.75,2.09,$24.91,1.32,$5.31,6.19,$2.78,11.82,$0.62B,$0.23B,2.73,$0.52B,$0.92B,0.57,$1.46B,$0.61B,41.49%,$1.46B,$0.25B,17.16%,$1.46B,$0.25B,17.16%,$1.46B,$0.32B,21.67%,$1.46B,$0.24B,16.34%,$1.46B,$0.16B,11.07%,$0.16B,$0.92B,18.74%,$0.16B,$0.21B,43.37%,$0.16B,$1.77B,10.44%,$0.25B,$1.44B,20.77%,$380,$227,$153,$10,$76,$313,$67,$-4,$63,$15,$48,$48,$48,$85,$67,$58,59,$0.82,$0.82,$156,$164,$0,$622,$426,$0,$710,$7,$1143,$1765,$228,$521,$58,$617,$845,$241,$1001,$10,$920,$1765,$119,$49,$29,$77,$53,$10,$-13,$-17,$-15,$181,$-64,$0,$-399,$0,$0,$0,$0,$-463,$100,$211,$311,$7,$7,$-32,$1,$286,$5,$6,$-32
24,2012-09-30,33.37,$15.09,2.21,$24.56,1.36,$4.33,7.7,$2.54,13.14,$0.61B,$0.23B,2.61,$0.43B,$0.88B,0.49,$1.44B,$0.59B,41.17%,$1.44B,$0.24B,16.55%,$1.44B,$0.24B,16.55%,$1.44B,$0.30B,21.00%,$1.44B,$0.23B,15.79%,$1.44B,$0.15B,10.29%,$0.15B,$0.88B,17.84%,$0.15B,$0.30B,34.20%,$0.15B,$1.63B,10.18%,$0.24B,$1.32B,21.73%,$356,$203,$153,$10,$81,$294,$62,$-3,$59,$19,$40,$40,$40,$78,$62,$58,59,$0.69,$0.68,$157,$161,$0,$606,$414,$0,$584,$29,$1027,$1633,$232,$434,$48,$519,$751,$242,$964,$8,$882,$1633,$70,$30,$13,$43,$56,$3,$-14,$-8,$-3,$112,$-45,$0,$-277,$0,$0,$0,$0,$-322,$0,$224,$224,$9,$9,$-21,$2,$214,$6,$4,$-21
25,2012-06-30,29.35,$14.35,2.05,$24.27,1.21,$3.63,8.08,$2.36,12.44,$0.66B,$0.27B,2.43,$0.21B,$0.83B,0.25,$1.43B,$0.57B,40.14%,$1.43B,$0.22B,15.72%,$1.43B,$0.22B,15.72%,$1.43B,$0.29B,20.14%,$1.43B,$0.21B,14.95%,$1.43B,$0.14B,9.68%,$0.14B,$0.83B,17.18%,$0.14B,$0.50B,29.42%,$0.14B,$1.40B,9.93%,$0.22B,$1.04B,22.11%,$337,$200,$137,$9,$80,$289,$48,$-3,$46,$15,$30,$30,$30,$63,$48,$58,58,$0.52,$0.52,$187,$162,$0,$656,$386,$0,$332,$30,$748,$1403,$270,$210,$50,$300,$570,$239,$935,$-1,$833,$1403,$30,$14,$1,$16,$32,$-7,$-8,$-1,$15,$61,$-16,$0,$0,$0,$0,$0,$0,$-16,$0,$0,$0,$2,$2,$-10,$1,$-7,$36,$2,$-10
26,2012-03-31,29.41,$14.25,2.06,$23.79,1.24,$2.79,10.55,$2.32,12.68,$0.65B,$0.28B,2.34,$0.21B,$0.82B,0.26,$1.41B,$0.57B,40.37%,$1.41B,$0.22B,15.85%,$1.41B,$0.22B,15.85%,$1.41B,$0.29B,20.26%,$1.41B,$0.21B,15.00%,$1.41B,$0.14B,9.74%,$0.14B,$0.82B,17.15%,$0.14B,$0.49B,29.69%,$0.14B,$1.41B,9.84%,$0.22B,$1.03B,22.10%,$390,$226,$164,$9,$82,$316,$74,$-3,$71,$27,$44,$44,$44,$91,$74,$58,59,$0.77,$0.75,$151,$158,$0,$652,$386,$0,$338,$30,$754,$1406,$278,$210,$52,$305,$583,$244,$914,$14,$823,$1406,$136,$63,$31,$94,$-7,$12,$-9,$0,$-76,$149,$-67,$0,$-35,$0,$0,$0,$0,$-101,$0,$0,$0,$-51,$-51,$-39,$2,$-88,$-42,$8,$-39
27,2011-12-31,27.59,$13.54,2.04,$23.45,1.18,$2.08,13.28,$2.21,12.49,$0.63B,$0.30B,2.14,$0.21B,$0.78B,0.27,$1.40B,$0.56B,40.14%,$1.40B,$0.21B,14.77%,$1.40B,$0.21B,14.77%,$1.40B,$0.27B,19.07%,$1.40B,$0.19B,13.91%,$1.40B,$0.13B,9.46%,$0.13B,$0.78B,16.70%,$0.13B,$0.45B,28.84%,$0.13B,$1.38B,9.44%,$0.21B,$0.99B,20.59%,$355,$217,$138,$9,$74,$301,$54,$-3,$51,$17,$34,$34,$34,$70,$54,$58,58,$0.58,$0.58,$144,$169,$0,$632,$378,$0,$334,$32,$744,$1376,$295,$210,$55,$301,$596,$242,$880,$10,$780,$1376,$92,$46,$29,$75,$20,$-2,$-21,$-7,$-53,$113,$-54,$0,$-22,$0,$0,$0,$0,$-77,$0,$0,$0,$-53,$-53,$-29,$1,$-81,$-49,$6,$-29
28,2011-09-30,26.92,$13.40,2.01,$22.81,1.18,$1.54,17.46,$1.99,13.53,$0.63B,$0.30B,2.07,$0.21B,$0.78B,0.27,$1.37B,$0.56B,40.86%,$1.37B,$0.19B,13.74%,$1.37B,$0.19B,13.74%,$1.37B,$0.25B,17.91%,$1.37B,$0.18B,12.87%,$1.37B,$0.12B,8.77%,$0.12B,$0.78B,15.32%,$0.12B,$0.44B,26.42%,$0.12B,$1.37B,8.62%,$0.19B,$0.99B,18.93%,$343,$209,$133,$9,$77,$295,$48,$-2,$45,$16,$30,$30,$30,$63,$48,$59,59,$0.50,$0.50,$134,$185,$0,$626,$378,$0,$335,$33,$746,$1372,$302,$210,$55,$293,$595,$243,$856,$20,$777,$1372,$58,$30,$21,$52,$37,$-16,$-20,$-12,$-48,$61,$-34,$0,$-22,$0,$0,$0,$0,$-57,$0,$0,$0,$-41,$-41,$-19,$1,$-59,$-59,$4,$-19
29,2011-06-30,31.98,$13.76,2.32,$22.24,1.44,$1.59,20.11,$2.08,15.38,$0.66B,$0.31B,2.18,$0.21B,$0.82B,0.26,$1.34B,$0.56B,41.96%,$1.34B,$0.20B,14.58%,$1.34B,$0.20B,14.58%,$1.34B,$0.25B,18.70%,$1.34B,$0.18B,13.69%,$1.34B,$0.13B,9.42%,$0.13B,$0.82B,16.33%,$0.13B,$0.47B,28.05%,$0.13B,$1.42B,9.18%,$0.20B,$1.03B,19.87%,$319,$186,$133,$9,$77,$272,$47,$-3,$44,$15,$29,$29,$29,$61,$47,$59,60,$0.48,$0.48,$156,$195,$0,$664,$378,$0,$344,$32,$753,$1417,$305,$210,$59,$297,$601,$238,$837,$44,$816,$1417,$29,$14,$12,$26,$34,$-21,$-23,$-3,$-46,$12,$-16,$0,$-22,$0,$0,$0,$0,$-38,$0,$0,$0,$-4,$-4,$-9,$1,$-12,$-37,$2,$-9
30,2011-03-31,31.44,$13.34,2.36,$20.12,1.56,$1.94,16.2,$0.84,37.43,$0.71B,$0.35B,2.05,$0.21B,$0.79B,0.27,$1.21B,$0.45B,36.95%,$1.21B,$0.09B,7.04%,$1.21B,$0.09B,7.04%,$1.21B,$0.14B,11.52%,$1.21B,$0.07B,6.05%,$1.21B,$0.05B,4.31%,$0.05B,$0.79B,7.01%,$0.05B,$0.47B,12.11%,$0.05B,$1.43B,3.90%,$0.09B,$1.00B,8.93%,$378,$222,$156,$10,$88,$321,$57,$-3,$54,$15,$39,$39,$39,$72,$57,$59,60,$0.65,$0.66,$193,$167,$0,$706,$370,$0,$319,$32,$721,$1427,$345,$210,$57,$293,$638,$241,$817,$35,$789,$1427,$51,$54,$-31,$23,$-55,$-42,$24,$2,$35,$118,$-76,$0,$-4,$0,$-17,$-17,$0,$-97,$0,$0,$0,$-17,$-17,$-33,$3,$-48,$-22,$10,$-33
31,2010-12-31,33.05,$12.66,2.61,$19.43,1.7,$4.35,7.6,$0.69,47.89,$0.64B,$0.31B,2.05,$0.21B,$0.75B,0.28,$1.16B,$0.43B,37.21%,$1.16B,$0.08B,6.89%,$1.16B,$0.08B,6.89%,$1.16B,$0.13B,11.46%,$1.16B,$0.07B,5.77%,$1.16B,$0.04B,3.70%,$0.04B,$0.75B,5.87%,$0.04B,$0.43B,10.14%,$0.04B,$1.35B,3.34%,$0.08B,$0.96B,8.49%,$328,$191,$137,$8,$93,$292,$36,$-3,$33,$11,$22,$22,$22,$49,$36,$59,60,$0.37,$0.36,$192,$167,$0,$642,$365,$0,$318,$27,$711,$1352,$313,$210,$61,$288,$601,$240,$787,$21,$751,$1352,$12,$40,$-43,$-3,$2,$-45,$7,$4,$71,$83,$-55,$0,$-4,$0,$-17,$-17,$0,$-76,$0,$0,$0,$-9,$-9,$-24,$2,$-31,$-23,$8,$-24
32,2010-09-30,29.98,$12.36,2.43,$19.46,1.54,$6.04,4.96,$1.02,29.39,$0.63B,$0.28B,2.22,$0.21B,$0.73B,0.29,$1.16B,$0.43B,37.38%,$1.16B,$0.10B,8.87%,$1.16B,$0.10B,8.87%,$1.16B,$0.16B,13.61%,$1.16B,$0.09B,7.84%,$1.16B,$0.06B,5.34%,$0.06B,$0.73B,8.51%,$0.06B,$0.42B,14.72%,$0.06B,$1.29B,4.87%,$0.10B,$0.94B,10.69%,$312,$177,$135,$8,$72,$257,$55,$-3,$52,$16,$36,$36,$36,$68,$55,$59,60,$0.60,$0.59,$217,$145,$0,$628,$348,$0,$309,$10,$667,$1294,$282,$210,$56,$282,$564,$238,$774,$21,$730,$1294,$-9,$26,$-37,$-11,$14,$-23,$-1,$3,$73,$56,$-27,$0,$0,$0,$0,$0,$0,$-27,$0,$0,$0,$-13,$-13,$-15,$1,$-28,$2,$6,$-15
33,2010-06-30,27.9,$11.68,2.39,$19.56,1.43,$6.81,4.1,$0.97,28.77,$0.61B,$0.29B,2.12,$0.21B,$0.70B,0.3,$1.16B,$0.43B,37.15%,$1.16B,$0.10B,8.43%,$1.16B,$0.10B,8.43%,$1.16B,$0.15B,13.24%,$1.16B,$0.09B,7.39%,$1.16B,$0.06B,4.99%,$0.06B,$0.70B,7.77%,$0.06B,$0.39B,13.25%,$0.06B,$1.27B,4.58%,$0.10B,$0.91B,9.99%,$189,$171,$18,$9,$72,$252,$-63,$-3,$-66,$-21,$-45,$-45,$-45,$-50,$-63,$59,59,$-0.76,$-0.76,$226,$132,$0,$608,$345,$0,$303,$10,$658,$1266,$287,$210,$54,$283,$570,$236,$747,$-0,$696,$1266,$-45,$13,$-40,$-27,$26,$-14,$-1,$3,$103,$30,$-12,$0,$0,$0,$0,$0,$0,$-12,$0,$0,$0,$2,$2,$-7,$1,$-4,$11,$4,$-7
34,2010-03-31,30.12,$12.74,2.36,$21.20,1.42,$6.93,4.34,$2.16,13.94,$0.58B,$0.20B,2.92,$0.21B,$0.75B,0.28,$1.26B,$0.54B,42.85%,$1.26B,$0.20B,16.22%,$1.26B,$0.20B,16.22%,$1.26B,$0.26B,20.75%,$1.26B,$0.19B,15.26%,$1.26B,$0.13B,10.25%,$0.13B,$0.75B,16.91%,$0.13B,$0.45B,28.52%,$0.13B,$1.24B,10.30%,$0.20B,$0.96B,20.44%,$332,$190,$142,$10,$76,$280,$52,$-4,$48,$18,$30,$30,$30,$66,$52,$59,59,$0.49,$0.50,$215,$121,$0,$576,$347,$0,$305,$10,$662,$1238,$197,$210,$56,$287,$484,$237,$799,$13,$754,$1238,$128,$56,$12,$68,$28,$15,$-5,$5,$27,$225,$-41,$0,$0,$0,$-2,$-2,$0,$-42,$0,$0,$0,$14,$14,$-144,$2,$-128,$61,$7,$-144
35,2009-12-31,24.94,$12.40,2.01,$21.40,1.17,$6.29,3.97,$2.13,11.71,$0.63B,$0.18B,3.57,$0.31B,$0.73B,0.42,$1.27B,$0.54B,42.28%,$1.27B,$0.20B,15.75%,$1.27B,$0.20B,15.75%,$1.27B,$0.26B,20.31%,$1.27B,$0.19B,14.88%,$1.27B,$0.13B,10.00%,$0.13B,$0.73B,16.84%,$0.13B,$0.42B,28.65%,$0.13B,$1.30B,10.18%,$0.20B,$1.04B,20.22%,$328,$188,$139,$8,$72,$268,$59,$-3,$57,$16,$41,$41,$41,$74,$59,$59,60,$0.70,$0.69,$265,$128,$0,$627,$347,$0,$312,$10,$669,$1296,$176,$310,$59,$387,$563,$236,$775,$18,$733,$1296,$99,$42,$8,$50,$38,$9,$-15,$3,$6,$159,$-29,$0,$0,$0,$-2,$-2,$0,$-31,$0,$100,$100,$12,$12,$-138,$2,$-24,$111,$6,$-138
36,2009-09-30,25.54,$13.70,1.86,$21.31,1.2,$5.64,4.53,$1.92,13.3,$0.59B,$0.18B,3.33,$0.21B,$0.80B,0.26,$1.26B,$0.52B,41.40%,$1.26B,$0.19B,15.07%,$1.26B,$0.19B,15.07%,$1.26B,$0.25B,19.59%,$1.26B,$0.18B,13.88%,$1.26B,$0.12B,9.12%,$0.12B,$0.80B,15.34%,$0.12B,$0.49B,26.21%,$0.12B,$1.26B,9.41%,$0.19B,$1.01B,19.80%,$314,$182,$133,$8,$75,$264,$50,$-3,$47,$15,$32,$32,$32,$64,$50,$59,59,$0.55,$0.54,$224,$128,$0,$593,$349,$0,$313,$8,$670,$1263,$178,$210,$60,$284,$462,$232,$859,$16,$801,$1263,$58,$28,$2,$30,$31,$9,$-14,$1,$2,$92,$-18,$0,$0,$0,$0,$0,$0,$-18,$0,$0,$0,$2,$2,$-13,$0,$-11,$70,$4,$-13
37,2009-06-30,21.79,$13.04,1.67,$21.36,1.02,$5.33,4.09,$1.86,11.72,$0.54B,$0.17B,3.3,$0.21B,$0.76B,0.28,$1.27B,$0.52B,41.02%,$1.27B,$0.19B,14.72%,$1.27B,$0.19B,14.72%,$1.27B,$0.24B,19.21%,$1.27B,$0.17B,13.62%,$1.27B,$0.11B,8.82%,$0.11B,$0.76B,15.23%,$0.11B,$0.45B,26.49%,$0.11B,$1.22B,9.14%,$0.19B,$0.97B,19.57%,$284,$159,$125,$8,$75,$241,$43,$-3,$40,$14,$26,$26,$26,$57,$43,$59,59,$0.44,$0.43,$176,$138,$0,$544,$350,$0,$313,$8,$671,$1215,$165,$210,$63,$287,$451,$232,$833,$8,$764,$1215,$26,$14,$-3,$11,$38,$-2,$-19,$5,$-4,$33,$-8,$0,$0,$0,$0,$0,$0,$-8,$0,$0,$0,$0,$0,$-6,$0,$-6,$22,$2,$-6
38,2009-03-31,19.37,$12.29,1.58,$21.76,0.89,$5.22,3.71,$1.86,10.41,$0.55B,$0.20B,2.74,$0.21B,$0.72B,0.29,$1.30B,$0.53B,40.60%,$1.30B,$0.18B,13.79%,$1.30B,$0.18B,13.79%,$1.30B,$0.24B,18.26%,$1.30B,$0.17B,12.87%,$1.30B,$0.11B,8.63%,$0.11B,$0.72B,15.49%,$0.11B,$0.41B,27.69%,$0.11B,$1.22B,9.14%,$0.18B,$0.93B,19.15%,$344,$205,$140,$8,$83,$296,$48,$-4,$45,$17,$28,$28,$28,$63,$48,$59,59,$0.47,$0.47,$154,$130,$0,$553,$351,$0,$305,$8,$664,$1217,$202,$210,$69,$297,$499,$232,$814,$-16,$718,$1217,$111,$59,$11,$70,$0,$1,$-3,$11,$-2,$167,$-22,$0,$0,$0,$-4,$-4,$0,$-26,$109,$-79,$30,$-47,$-47,$-18,$7,$-28,$102,$7,$-18
39,2008-12-31,19.82,$12.23,1.62,$21.82,0.91,$4.19,4.72,$1.81,10.95,$0.51B,$0.18B,2.81,$0.21B,$0.72B,0.29,$1.33B,$0.54B,40.26%,$1.33B,$0.19B,13.92%,$1.33B,$0.19B,13.92%,$1.33B,$0.24B,18.36%,$1.33B,$0.16B,12.26%,$1.33B,$0.11B,8.28%,$0.11B,$0.72B,15.28%,$0.11B,$0.40B,27.97%,$0.11B,$1.20B,8.94%,$0.19B,$0.93B,20.02%,$319,$195,$124,$8,$67,$271,$49,$-6,$43,$14,$29,$29,$29,$63,$49,$59,59,$0.49,$0.48,$106,$148,$0,$514,$361,$0,$312,$8,$681,$1195,$183,$210,$65,$297,$480,$229,$791,$5,$715,$1195,$83,$44,$15,$59,$26,$-13,$-13,$11,$-25,$108,$-19,$0,$0,$0,$-4,$-4,$0,$-23,$110,$-79,$30,$-47,$-47,$-13,$8,$-22,$54,$6,$-13
40,2008-09-30,31.1,$12.54,2.48,$21.35,1.46,$3.63,8.56,$1.67,18.62,$0.58B,$0.19B,3.12,$0.25B,$0.75B,0.34,$1.32B,$0.54B,40.63%,$1.32B,$0.17B,12.84%,$1.32B,$0.17B,12.84%,$1.32B,$0.23B,17.45%,$1.32B,$0.15B,11.56%,$1.32B,$0.10B,7.78%,$0.10B,$0.75B,14.11%,$0.10B,$0.42B,25.90%,$0.10B,$1.28B,8.37%,$0.17B,$1.00B,18.59%,$323,$191,$132,$8,$77,$276,$47,$-2,$45,$16,$29,$29,$29,$61,$47,$59,60,$0.49,$0.48,$160,$161,$0,$579,$371,$0,$321,$4,$696,$1275,$186,$250,$65,$344,$530,$227,$767,$30,$745,$1275,$54,$30,$7,$36,$34,$-19,$-8,$13,$-20,$69,$-11,$0,$0,$0,$0,$0,$0,$-11,$150,$-79,$71,$-17,$-17,$-8,$8,$54,$108,$4,$-8
41,2008-06-30,23.75,$12.14,1.96,$20.53,1.16,$3.17,7.5,$1.44,16.49,$0.49B,$0.21B,2.41,$0.18B,$0.71B,0.25,$1.30B,$0.53B,40.59%,$1.30B,$0.15B,11.57%,$1.30B,$0.15B,11.57%,$1.30B,$0.21B,16.44%,$1.30B,$0.13B,10.34%,$1.30B,$0.09B,6.94%,$0.09B,$0.71B,12.23%,$0.09B,$0.38B,22.49%,$0.09B,$1.21B,7.42%,$0.15B,$0.89B,16.88%,$312,$181,$131,$8,$87,$277,$35,$-1,$34,$8,$26,$26,$26,$50,$35,$59,60,$0.43,$0.43,$49,$169,$0,$494,$381,$0,$336,$3,$720,$1214,$206,$177,$112,$295,$501,$230,$743,$33,$714,$1214,$26,$15,$6,$21,$35,$-21,$-5,$-2,$-18,$29,$-11,$0,$0,$0,$0,$0,$0,$-11,$0,$-2,$-2,$-17,$-17,$-4,$1,$-21,$-3,$2,$-4
42,2008-03-31,22.11,$11.92,1.86,$19.57,1.13,$3.01,7.34,$1.21,18.27,$0.51B,$0.23B,2.23,$0.18B,$0.71B,0.25,$1.27B,$0.51B,40.40%,$1.27B,$0.14B,10.91%,$1.27B,$0.14B,10.91%,$1.27B,$0.20B,15.97%,$1.27B,$0.12B,9.57%,$1.27B,$0.08B,6.09%,$0.08B,$0.71B,10.26%,$0.08B,$0.37B,18.51%,$0.08B,$1.24B,6.38%,$0.14B,$0.89B,15.57%,$375,$227,$148,$9,$85,$321,$54,$-14,$41,$15,$26,$26,$26,$70,$54,$63,64,$0.42,$0.41,$52,$147,$0,$513,$385,$0,$338,$3,$726,$1239,$230,$179,$118,$303,$533,$232,$721,$33,$706,$1239,$77,$63,$4,$67,$9,$-5,$-3,$1,$-1,$143,$-52,$0,$0,$0,$0,$0,$0,$-52,$-1,$79,$78,$-163,$-163,$-15,$3,$-96,$-0,$9,$-15
43,2007-12-31,23.71,$12.09,1.96,$19.04,1.25,$2.34,10.15,$1.25,18.96,$0.47B,$0.20B,2.38,$0.13B,$0.75B,0.18,$1.24B,$0.50B,39.92%,$1.24B,$0.14B,11.05%,$1.24B,$0.14B,11.05%,$1.24B,$0.20B,16.21%,$1.24B,$0.13B,10.56%,$1.24B,$0.08B,6.53%,$0.08B,$0.75B,10.55%,$0.08B,$0.42B,18.65%,$0.08B,$1.20B,6.76%,$0.14B,$0.89B,15.50%,$314,$187,$127,$10,$82,$280,$34,$-2,$33,$11,$22,$22,$22,$50,$34,$63,64,$0.35,$0.34,$55,$164,$0,$473,$385,$0,$333,$3,$722,$1195,$199,$132,$0,$242,$441,$28,$699,$27,$754,$1195,$51,$47,$-10,$38,$55,$-26,$-15,$1,$7,$95,$-34,$0,$0,$0,$0,$0,$0,$-34,$-1,$32,$31,$-83,$-83,$-11,$2,$-61,$3,$6,$-11
44,2007-09-30,22.42,$12.06,1.86,$18.70,1.2,$1.55,14.42,$1.24,18.08,$0.48B,$0.19B,2.54,$0.13B,$0.77B,0.16,$1.23B,$0.50B,40.49%,$1.23B,$0.14B,11.43%,$1.23B,$0.14B,11.43%,$1.23B,$0.20B,16.57%,$1.23B,$0.13B,10.69%,$1.23B,$0.08B,6.53%,$0.08B,$0.77B,10.45%,$0.08B,$0.43B,18.51%,$0.08B,$1.20B,6.71%,$0.14B,$0.89B,15.90%,$295,$175,$120,$9,$85,$268,$27,$-2,$26,$10,$16,$16,$16,$43,$27,$64,65,$0.25,$0.25,$62,$158,$0,$481,$385,$0,$334,$3,$723,$1204,$190,$125,$97,$246,$436,$65,$681,$22,$769,$1204,$29,$31,$2,$34,$44,$-21,$-16,$-1,$-10,$53,$-22,$0,$0,$0,$0,$0,$0,$-22,$0,$24,$24,$-44,$-44,$-7,$2,$-25,$9,$4,$-7
45,2007-06-30,25.04,$11.93,2.1,$18.45,1.36,$1.02,24.54,$1.24,20.2,$0.47B,$0.18B,2.54,$0.11B,$0.77B,0.14,$1.21B,$0.50B,40.77%,$1.21B,$0.14B,11.61%,$1.21B,$0.14B,11.61%,$1.21B,$0.20B,16.64%,$1.21B,$0.13B,10.71%,$1.21B,$0.08B,6.59%,$0.08B,$0.77B,10.63%,$0.08B,$0.44B,19.06%,$0.08B,$1.19B,6.77%,$0.14B,$0.88B,16.15%,$281,$165,$116,$9,$83,$258,$23,$-2,$21,$8,$13,$13,$13,$39,$23,$65,66,$0.20,$0.20,$58,$153,$0,$467,$386,$0,$332,$3,$721,$1188,$184,$110,$97,$231,$415,$93,$669,$11,$773,$1188,$13,$16,$-1,$15,$45,$-19,$-12,$2,$-8,$19,$-10,$0,$0,$0,$0,$0,$0,$-10,$0,$9,$9,$-13,$-13,$-3,$2,$-5,$6,$2,$-3
46,2007-03-31,21.7,$11.92,1.82,$18.16,1.19,$0.59,37.03,$1.26,17.22,$0.49B,$0.22B,2.23,$0.10B,$0.77B,0.13,$1.20B,$0.49B,41.07%,$1.20B,$0.15B,12.10%,$1.20B,$0.15B,12.10%,$1.20B,$0.20B,17.03%,$1.20B,$0.13B,11.10%,$1.20B,$0.08B,6.84%,$0.08B,$0.77B,11.15%,$0.08B,$0.44B,20.35%,$0.08B,$1.21B,6.92%,$0.15B,$0.88B,16.56%,$350,$217,$132,$9,$71,$297,$53,$-2,$51,$21,$30,$30,$30,$69,$53,$65,66,$0.46,$0.45,$52,$132,$0,$485,$389,$0,$333,$3,$724,$1209,$217,$101,$99,$217,$435,$225,$667,$5,$774,$1209,$82,$60,$-0,$60,$-5,$-17,$-12,$-17,$-49,$96,$-46,$0,$3,$0,$0,$0,$0,$-43,$-2,$-13,$-15,$-51,$-51,$-12,$2,$-76,$-20,$10,$-12
47,2006-12-31,20.52,$11.52,1.78,$17.65,1.16,$1.44,14.26,$0.92,22.31,$0.44B,$0.19B,2.31,$0.13B,$0.75B,0.17,$1.18B,$0.49B,41.82%,$1.18B,$0.14B,11.54%,$1.18B,$0.14B,11.54%,$1.18B,$0.20B,16.54%,$1.18B,$0.10B,8.48%,$1.18B,$0.06B,5.09%,$0.06B,$0.75B,8.28%,$0.06B,$0.41B,15.24%,$0.06B,$1.17B,5.09%,$0.14B,$0.87B,15.66%,$299,$171,$128,$8,$83,$262,$37,$-4,$33,$12,$21,$21,$21,$52,$37,$65,65,$0.33,$0.33,$39,$147,$0,$441,$391,$0,$334,$2,$726,$1167,$191,$125,$0,$229,$420,$99,$641,$7,$747,$1167,$52,$44,$1,$46,$39,$-32,$-27,$-16,$-56,$41,$-30,$0,$3,$0,$0,$0,$0,$-28,$-1,$11,$10,$-53,$-53,$-9,$1,$-50,$-34,$9,$-9
