,Date,Stock Price,Book Value per Share,Price to Book Ratio,TTM Sales per Share,Price to Sales Ratio,TTM FCF per Share,Price to FCF Ratio,TTM Net EPS,PE Ratio,Current Assets,Current Liabilities,Current Ratio,Long Term Debt,Shareholder's Equity_x,Debt to Equity Ratio,TTM Revenue_x,TTM Gross Profit,Gross Margin,TTM Revenue_y,TTM Operating Income,Operating Margin,TTM Revenue_x,TTM EBIT,EBIT Margin,TTM Revenue_y,TTM EBITDA,EBITDA Margin,TTM Revenue_x,TTM Pre-Tax Income,Pre-Tax Margin,TTM Revenue_y,TTM Net Income_x,Net Margin,TTM Net Income_y,Shareholder's Equity_y,Return on Equity,TTM Net Income_x,Tangible Equity,Return on Tangible Equity,TTM Net Income_y,Total Assets,Return on Assets,TTM Net Income,LT Investments & Debt,Return on Investment,revenue,cost-goods-sold,gross-profit,research-development-expenses,selling-general-administrative-expenses,operating-expenses,operating-income,total-non-operating-income-expense,pre-tax-income,total-provision-income-taxes,income-after-taxes,income-from-continuous-operations,net-income,ebitda,ebit,basic-shares-outstanding,shares-outstanding,eps-basic-net-earnings-per-share,eps-earnings-per-share-diluted,cash-on-hand,inventory,other-current-assets,total-current-assets,net-property-plant-equipment,long-term-investments,goodwill-intangible-assets-total,other-long-term-assets,total-long-term-assets,total-assets,total-current-liabilities,long-term-debt,other-non-current-liabilities,total-long-term-liabilities,total-liabilities,common-stock-net,retained-earnings-accumulated-deficit,comprehensive-income,total-share-holder-equity,total-liabilities-share-holders-equity,net-income-loss,total-depreciation-amortization-cash-flow,other-non-cash-items,total-non-cash-items,change-in-accounts-receivable,change-in-inventories,change-in-accounts-payable,change-in-assets-liabilities,total-change-in-assets-liabilities,cash-flow-from-operating-activities,net-change-in-property-plant-equipment,net-change-in-intangible-assets,net-acquisitions-divestitures,net-change-in-short-term-investments,net-change-in-long-term-investments,net-change-in-investments-total,investing-activities-other,cash-flow-from-investing-activities,net-long-term-debt,net-current-debt,debt-issuance-retirement-net-total,net-common-equity-issued-repurchased,net-total-equity-issued-repurchased,total-common-preferred-stock-dividends-paid,financial-activities-other,cash-flow-from-financial-activities,net-cash-flow,stock-based-compensation,common-stock-dividends-paid
0,2018-09-30,7.35,$3.56,2.06,$14.20,0.52,$-1.01,0.0,$-1.59,0.0,$0.55B,$0.45B,1.23,$0.23B,$0.23B,0.98,$1.23B,$0.13B,10.55%,$1.23B,$-0.00B,-0.32%,$1.23B,$-0.00B,-0.32%,$1.23B,$0.15B,11.93%,$1.23B,$-0.15B,-12.50%,$1.23B,$-0.14B,-11.12%,$-0.14B,$0.31B,-43.18%,$-0.14B,$0.04B,-342.50%,$-0.14B,$1.00B,-13.77%,$-0.00B,$0.54B,-0.74%,$308,$274,$34,$0,$27,$305,$3,$-8,$-5,$-1,$-5,$-5,$-7,$12,$3,$87,87,$-0.08,$-0.08,$2,$379,$0,$551,$169,$0,$273,$6,$448,$999,$449,$225,$2,$239,$689,$313,$-107,$-9,$311,$999,$-12,$26,$1,$28,$-3,$-31,$0,$2,$-32,$-16,$-22,$0,$0,$0,$0,$0,$0,$-22,$46,$0,$46,$1,$1,$-5,$-4,$37,$-1,$6,$0
1,2018-06-30,8.4,$3.61,2.32,$14.36,0.58,$-1.02,0.0,$-1.60,0.0,$0.57B,$0.46B,1.23,$0.23B,$0.23B,0.96,$1.25B,$0.13B,10.60%,$1.25B,$-0.01B,-0.40%,$1.25B,$-0.01B,-0.40%,$1.25B,$0.15B,11.65%,$1.25B,$-0.16B,-12.69%,$1.25B,$-0.14B,-11.08%,$-0.14B,$0.32B,-39.51%,$-0.14B,$0.04B,-342.86%,$-0.14B,$1.02B,-13.42%,$-0.01B,$0.54B,-0.87%,$319,$285,$34,$0,$27,$315,$4,$-8,$-4,$-1,$-3,$-3,$-5,$13,$4,$87,87,$-0.06,$-0.06,$2,$383,$0,$568,$167,$0,$276,$7,$451,$1019,$462,$225,$2,$241,$704,$313,$-101,$-8,$315,$1019,$-8,$18,$-1,$16,$-7,$-35,$0,$-2,$-35,$-27,$-16,$0,$0,$0,$0,$0,$0,$-16,$49,$0,$49,$0,$0,$-3,$-4,$42,$-1,$4,$0
2,2018-03-31,7.1,$3.69,1.92,$14.60,0.49,$-0.78,0.0,$-1.57,0.0,$0.53B,$0.42B,1.27,$0.23B,$0.24B,0.94,$1.26B,$0.14B,11.09%,$1.26B,$-0.01B,-0.48%,$1.26B,$-0.01B,-0.48%,$1.26B,$0.14B,11.41%,$1.26B,$-0.16B,-12.68%,$1.26B,$-0.14B,-10.70%,$-0.14B,$0.32B,-35.41%,$-0.14B,$0.04B,-331.29%,$-0.14B,$0.98B,-12.72%,$-0.01B,$0.55B,-0.99%,$313,$279,$34,$0,$28,$310,$3,$-9,$-6,$-2,$-4,$-4,$-4,$12,$3,$87,87,$-0.07,$-0.07,$3,$334,$0,$528,$165,$0,$279,$8,$452,$980,$416,$226,$2,$243,$659,$310,$-95,$-5,$321,$980,$-4,$9,$0,$9,$-12,$18,$0,$-7,$3,$8,$-6,$0,$0,$0,$0,$0,$0,$-6,$-0,$0,$-0,$0,$0,$-2,$-0,$-2,$-0,$2,$0
3,2017-12-31,7.75,$3.71,2.09,$14.84,0.52,$-0.67,0.0,$-1.66,0.0,$0.53B,$0.41B,1.29,$0.23B,$0.24B,0.93,$1.28B,$0.15B,11.34%,$1.28B,$-0.02B,-1.33%,$1.28B,$-0.02B,-1.33%,$1.28B,$0.13B,10.40%,$1.28B,$-0.17B,-13.29%,$1.28B,$-0.14B,-11.10%,$-0.14B,$0.32B,-34.57%,$-0.14B,$0.04B,-364.10%,$-0.14B,$0.98B,-12.94%,$-0.02B,$0.55B,-2.66%,$292,$264,$28,$0,$28,$307,$-14,$-125,$-139,$-22,$-117,$-117,$-121,$110,$-14,$86,86,$-1.38,$-1.38,$3,$355,$0,$529,$164,$0,$282,$8,$454,$982,$410,$226,$8,$250,$660,$309,$-89,$-7,$322,$982,$-135,$151,$-4,$146,$36,$27,$0,$-10,$20,$31,$-39,$0,$0,$0,$0,$0,$-1,$-40,$17,$0,$17,$5,$5,$-7,$-5,$11,$2,$6,$0
4,2017-09-30,8.7,$5.06,1.72,$14.93,0.58,$-0.83,0.0,$-0.69,0.0,$0.56B,$0.43B,1.32,$0.23B,$0.36B,0.64,$1.29B,$0.13B,10.43%,$1.29B,$-0.02B,-1.56%,$1.29B,$-0.02B,-1.56%,$1.29B,$0.03B,2.49%,$1.29B,$-0.07B,-5.68%,$1.29B,$-0.06B,-4.36%,$-0.06B,$0.44B,-12.66%,$-0.06B,$0.04B,-143.59%,$-0.06B,$1.13B,-4.94%,$-0.02B,$0.67B,-2.98%,$321,$284,$36,$0,$26,$319,$2,$-11,$-9,$-3,$-6,$-6,$-8,$10,$2,$87,87,$-0.09,$-0.09,$3,$371,$1,$564,$160,$0,$399,$8,$569,$1133,$426,$229,$8,$268,$694,$308,$30,$-8,$439,$1133,$-17,$26,$-1,$25,$13,$9,$0,$-18,$-25,$-17,$-22,$0,$-2,$0,$0,$0,$0,$-23,$47,$0,$47,$5,$5,$-5,$-5,$42,$2,$4,$0
5,2017-06-30,10.2,$5.13,1.99,$15.29,0.67,$-0.95,0.0,$-0.64,0.0,$0.57B,$0.43B,1.33,$0.23B,$0.36B,0.63,$1.31B,$0.14B,10.59%,$1.31B,$-0.02B,-1.37%,$1.31B,$-0.02B,-1.37%,$1.31B,$0.04B,2.97%,$1.31B,$-0.07B,-5.56%,$1.31B,$-0.05B,-3.88%,$-0.05B,$0.44B,-11.75%,$-0.05B,$0.04B,-217.02%,$-0.05B,$1.15B,-4.43%,$-0.02B,$0.67B,-2.63%,$336,$295,$42,$0,$35,$333,$3,$-9,$-6,$-6,$-0,$-0,$-2,$12,$3,$86,86,$-0.03,$-0.03,$3,$382,$0,$572,$164,$0,$402,$9,$578,$1150,$431,$229,$10,$276,$706,$307,$38,$-10,$443,$1150,$-11,$17,$-5,$12,$8,$-6,$0,$-11,$-7,$-6,$-16,$0,$0,$0,$0,$0,$0,$-16,$28,$0,$28,$4,$4,$-3,$-5,$24,$2,$2,$0
6,2017-03-31,6.95,$5.11,1.36,$15.46,0.45,$-1.41,0.0,$-0.66,0.0,$0.55B,$0.40B,1.37,$0.23B,$0.36B,0.64,$1.33B,$0.13B,10.04%,$1.33B,$-0.02B,-1.58%,$1.33B,$-0.02B,-1.58%,$1.33B,$0.04B,2.94%,$1.33B,$-0.08B,-5.89%,$1.33B,$-0.05B,-4.00%,$-0.05B,$0.44B,-12.47%,$-0.05B,$0.04B,-731.03%,$-0.05B,$1.12B,-4.54%,$-0.02B,$0.67B,-3.01%,$330,$291,$39,$0,$38,$338,$-8,$-8,$-16,$-5,$-11,$-11,$-11,$1,$-8,$86,86,$-0.16,$-0.16,$4,$344,$0,$545,$162,$0,$404,$9,$579,$1124,$399,$229,$15,$285,$684,$303,$41,$-12,$439,$1124,$-11,$9,$-1,$7,$-11,$26,$0,$-3,$23,$19,$-9,$0,$0,$0,$0,$0,$0,$-9,$-8,$0,$-8,$1,$1,$-2,$-0,$-9,$2,$1,$0
7,2016-12-31,7.05,$5.23,1.35,$15.74,0.45,$-1.78,0.0,$-0.62,0.0,$0.55B,$0.39B,1.4,$0.23B,$0.37B,0.62,$1.35B,$0.13B,9.35%,$1.35B,$-0.01B,-0.89%,$1.35B,$-0.01B,-0.89%,$1.35B,$0.05B,3.79%,$1.35B,$-0.07B,-5.49%,$1.35B,$-0.05B,-3.86%,$-0.05B,$0.45B,-12.38%,$-0.05B,$0.04B,990.48%,$-0.05B,$1.13B,-4.36%,$-0.01B,$0.68B,-1.68%,$298,$280,$17,$0,$26,$315,$-17,$-24,$-42,$-8,$-33,$-33,$-35,$9,$-17,$86,86,$-0.41,$-0.41,$1,$368,$0,$550,$162,$0,$407,$9,$580,$1130,$392,$229,$15,$289,$681,$300,$54,$-13,$449,$1130,$-51,$63,$3,$66,$-40,$-16,$0,$-3,$-13,$1,$-22,$0,$0,$0,$0,$0,$2,$-20,$-46,$0,$-46,$1,$80,$0,$-19,$16,$-3,$4,$0
8,2016-09-30,7.06,$4.73,1.49,$16.64,0.42,$-1.53,0.0,$-0.56,0.0,$0.60B,$0.41B,1.47,$0.32B,$0.41B,0.78,$1.37B,$0.13B,9.82%,$1.37B,$-0.01B,-0.37%,$1.37B,$-0.01B,-0.37%,$1.37B,$0.05B,3.37%,$1.37B,$-0.05B,-3.96%,$1.37B,$-0.05B,-3.44%,$-0.05B,$0.41B,-11.35%,$-0.05B,$-0.02B,257.53%,$-0.05B,$1.20B,-3.87%,$-0.01B,$0.72B,-0.68%,$349,$308,$41,$0,$24,$345,$4,$-13,$-9,$-5,$-4,$-4,$-3,$17,$4,$86,86,$-0.04,$-0.04,$2,$394,$0,$602,$161,$0,$428,$12,$602,$1204,$411,$317,$16,$388,$799,$299,$89,$-11,$405,$1204,$-18,$36,$8,$44,$-56,$-35,$0,$-7,$-61,$-35,$-15,$0,$0,$0,$0,$0,$2,$-12,$55,$0,$55,$1,$1,$0,$-11,$44,$-2,$3,$0
9,2016-06-30,4.19,$4.76,0.88,$16.57,0.25,$-1.16,0.0,$-0.51,0.0,$0.60B,$0.42B,1.44,$0.32B,$0.41B,0.78,$1.29B,$0.12B,9.20%,$1.29B,$-0.01B,-0.62%,$1.29B,$-0.01B,-0.62%,$1.29B,$0.03B,2.63%,$1.29B,$-0.05B,-3.56%,$1.29B,$-0.04B,-3.40%,$-0.04B,$0.41B,-10.26%,$-0.04B,$-0.02B,-55.87%,$-0.04B,$1.22B,-3.95%,$-0.01B,$0.72B,-1.20%,$348,$312,$36,$0,$24,$348,$0,$-11,$-11,$-7,$-4,$-4,$-4,$12,$0,$86,86,$-0.05,$-0.05,$4,$400,$0,$598,$172,$0,$431,$13,$617,$1215,$416,$316,$16,$392,$808,$299,$92,$-11,$407,$1215,$-14,$24,$1,$24,$-34,$-40,$0,$-4,$-62,$-52,$-9,$0,$0,$0,$1,$1,$2,$-7,$68,$0,$68,$1,$1,$0,$-10,$59,$0,$2,$0
10,2016-03-31,4.46,$4.91,0.91,$16.57,0.27,$-0.90,0.0,$-0.43,0.0,$0.60B,$0.40B,1.5,$0.31B,$0.42B,0.75,$1.22B,$0.11B,9.24%,$1.22B,$0.00B,0.08%,$1.22B,$0.00B,0.08%,$1.22B,$0.04B,2.86%,$1.22B,$-0.03B,-2.29%,$1.22B,$-0.04B,-3.11%,$-0.04B,$0.42B,-9.09%,$-0.04B,$-0.02B,-25.08%,$-0.04B,$1.22B,-3.86%,$0.00B,$0.73B,0.17%,$352,$320,$32,$0,$24,$351,$1,$-13,$-12,$-3,$-9,$-9,$-10,$13,$1,$85,85,$-0.12,$-0.12,$5,$357,$60,$602,$174,$0,$434,$12,$621,$1223,$401,$314,$18,$402,$803,$298,$97,$-4,$419,$1223,$-10,$12,$8,$20,$-17,$10,$0,$-3,$-27,$-17,$-5,$0,$0,$0,$0,$0,$-0,$-5,$30,$0,$30,$0,$0,$0,$-5,$25,$3,$1,$0
11,2015-12-31,6.84,$4.99,1.37,$16.46,0.42,$-0.90,0.0,$-0.23,0.0,$0.60B,$0.38B,1.57,$0.32B,$0.43B,0.75,$1.15B,$0.11B,9.61%,$1.15B,$0.01B,0.70%,$1.15B,$0.01B,0.70%,$1.15B,$0.03B,2.97%,$1.15B,$-0.01B,-0.61%,$1.15B,$-0.02B,-2.01%,$-0.02B,$0.43B,-5.71%,$-0.02B,$-0.01B,-10.44%,$-0.02B,$1.22B,-2.72%,$0.01B,$0.75B,1.63%,$316,$291,$25,$0,$25,$326,$-10,$-12,$-22,$-8,$-14,$-14,$-30,$4,$-10,$72,72,$-0.43,$-0.43,$2,$371,$64,$597,$177,$0,$437,$8,$622,$1219,$380,$321,$18,$413,$793,$298,$107,$-6,$426,$1219,$-23,$27,$31,$58,$17,$-26,$0,$-1,$-4,$31,$-30,$0,$-491,$0,$0,$0,$-2,$-523,$405,$0,$405,$102,$102,$0,$-21,$486,$-6,$4,$0
12,2015-09-30,4.86,$5.44,0.89,$14.21,0.34,$-0.72,0.0,$0.09,54.0,$0.54B,$0.29B,1.84,$0.00B,$0.46B,0.01,$0.97B,$0.09B,9.45%,$0.97B,$0.02B,1.85%,$0.97B,$0.02B,1.85%,$0.97B,$0.03B,3.08%,$0.97B,$0.02B,1.95%,$0.97B,$0.01B,0.51%,$0.01B,$0.46B,1.30%,$0.01B,$0.37B,1.66%,$0.01B,$0.79B,0.71%,$0.02B,$0.47B,4.56%,$277,$251,$26,$0,$21,$276,$1,$-2,$-1,$-1,$-0,$-0,$0,$5,$1,$69,69,$0.01,$0.01,$99,$282,$0,$538,$147,$0,$99,$7,$256,$794,$293,$3,$20,$37,$330,$298,$137,$-4,$464,$794,$8,$13,$14,$27,$-2,$-30,$0,$0,$-29,$6,$-21,$0,$-20,$0,$0,$0,$-2,$-42,$31,$0,$31,$103,$103,$0,$-8,$126,$89,$4,$0
13,2015-06-30,10.73,$5.30,2.02,$14.68,0.73,$-0.05,0.0,$0.07,153.29,$0.46B,$0.30B,1.51,$0.00B,$0.36B,0.01,$1.01B,$0.10B,10.15%,$1.01B,$0.03B,2.89%,$1.01B,$0.03B,2.89%,$1.01B,$0.04B,4.18%,$1.01B,$0.02B,2.19%,$1.01B,$0.01B,0.50%,$0.01B,$0.36B,1.39%,$0.01B,$0.27B,1.82%,$0.01B,$0.70B,0.74%,$0.03B,$0.37B,7.70%,$278,$248,$30,$0,$19,$269,$9,$-2,$7,$2,$5,$5,$2,$13,$9,$68,68,$0.03,$0.03,$4,$286,$0,$455,$141,$0,$97,$5,$245,$700,$301,$3,$18,$35,$336,$201,$137,$-5,$364,$700,$7,$9,$9,$18,$-10,$-33,$0,$-3,$-42,$-17,$-14,$0,$-14,$0,$0,$0,$-1,$-29,$34,$0,$34,$7,$7,$0,$-1,$40,$-6,$2,$0
14,2015-03-31,10.62,$5.27,2.01,$15.40,0.69,$0.59,17.87,$0.17,62.47,$0.43B,$0.25B,1.71,$0.03B,$0.36B,0.08,$1.06B,$0.12B,10.90%,$1.06B,$0.04B,3.51%,$1.06B,$0.04B,3.51%,$1.06B,$0.05B,4.93%,$1.06B,$0.03B,2.84%,$1.06B,$0.01B,1.14%,$0.01B,$0.36B,3.35%,$0.01B,$0.26B,4.38%,$0.01B,$0.67B,1.78%,$0.04B,$0.39B,9.60%,$274,$245,$29,$0,$21,$266,$8,$1,$9,$3,$6,$6,$5,$12,$8,$67,68,$0.08,$0.08,$3,$269,$0,$431,$135,$0,$97,$5,$241,$671,$253,$30,$18,$62,$314,$194,$135,$-6,$357,$671,$5,$4,$1,$6,$-5,$-10,$0,$-1,$-22,$-11,$-6,$0,$-13,$0,$0,$0,$-0,$-19,$21,$0,$21,$2,$2,$0,$1,$24,$-6,$1,$0
15,2014-12-31,11.85,$5.27,2.25,$16.09,0.74,$0.61,19.51,$0.19,62.37,$0.42B,$0.24B,1.79,$0.00B,$0.35B,0.01,$1.10B,$0.12B,11.06%,$1.10B,$0.04B,3.81%,$1.10B,$0.04B,3.81%,$1.10B,$0.06B,5.26%,$1.10B,$0.03B,2.90%,$1.10B,$0.01B,1.27%,$0.01B,$0.35B,3.93%,$0.01B,$0.31B,5.15%,$0.01B,$0.64B,2.04%,$0.04B,$0.36B,10.87%,$145,$138,$7,$0,$9,$145,$0,$4,$4,$-0,$4,$4,$-2,$0,$0,$67,68,$-0.02,$-0.03,$8,$230,$61,$424,$112,$0,$43,$54,$217,$641,$236,$4,$36,$51,$288,$191,$129,$-2,$353,$641,$13,$16,$20,$36,$-18,$-10,$0,$-2,$-24,$25,$-12,$0,$0,$0,$0,$0,$35,$23,$-42,$0,$-42,$3,$3,$0,$-8,$-46,$1,$4,$0
16,2014-09-30,12.07,$5.37,2.25,$15.47,0.78,$0.44,27.73,$0.20,60.35,$0.41B,$0.25B,1.65,$0.04B,$0.36B,0.1,$1.06B,$0.11B,10.75%,$1.06B,$0.04B,3.40%,$1.06B,$0.04B,3.40%,$1.06B,$0.05B,4.43%,$1.06B,$0.03B,2.55%,$1.06B,$0.02B,1.42%,$0.02B,$0.36B,4.24%,$0.02B,$0.26B,5.82%,$0.02B,$0.68B,2.14%,$0.04B,$0.40B,9.15%,$308,$272,$36,$0,$23,$296,$12,$-10,$2,$2,$-0,$-0,$-0,$17,$12,$67,69,$-0.01,$-0.01,$7,$240,$0,$413,$151,$5,$95,$2,$264,$678,$250,$37,$2,$68,$318,$190,$131,$-1,$360,$678,$15,$16,$11,$28,$-27,$28,$0,$-1,$-5,$39,$-7,$0,$0,$0,$-1,$-1,$-1,$-8,$-34,$0,$-34,$3,$3,$0,$-0,$-31,$-1,$3,$0
17,2014-06-30,14.08,$5.41,2.6,$15.43,0.91,$-0.11,0.0,$0.25,56.32,$0.42B,$0.27B,1.58,$0.04B,$0.36B,0.11,$1.06B,$0.11B,10.33%,$1.06B,$0.03B,3.13%,$1.06B,$0.03B,3.13%,$1.06B,$0.05B,4.55%,$1.06B,$0.03B,2.75%,$1.06B,$0.02B,1.71%,$0.02B,$0.36B,5.15%,$0.02B,$0.26B,7.16%,$0.02B,$0.70B,2.56%,$0.03B,$0.40B,8.66%,$328,$285,$43,$0,$24,$310,$17,$-3,$15,$6,$9,$9,$9,$23,$17,$67,68,$0.13,$0.13,$7,$256,$0,$423,$155,$12,$99,$2,$280,$703,$269,$40,$2,$73,$341,$189,$132,$3,$362,$703,$16,$11,$2,$13,$-19,$18,$0,$-2,$-8,$21,$-7,$0,$0,$0,$0,$0,$-1,$-8,$-17,$0,$-17,$2,$2,$0,$-0,$-14,$-2,$2,$0
18,2014-03-31,11.81,$5.26,2.25,$15.25,0.77,$-0.37,0.0,$-0.11,0.0,$0.44B,$0.30B,1.47,$0.04B,$0.35B,0.12,$1.04B,$0.10B,9.92%,$1.04B,$0.03B,2.70%,$1.04B,$0.03B,2.70%,$1.04B,$0.04B,4.14%,$1.04B,$0.00B,0.29%,$1.04B,$-0.01B,-0.58%,$-0.01B,$0.35B,-1.75%,$-0.01B,$0.25B,-2.47%,$-0.01B,$0.72B,-0.85%,$0.03B,$0.39B,7.44%,$322,$286,$36,$0,$23,$310,$13,$-2,$11,$4,$7,$7,$7,$18,$13,$67,69,$0.10,$0.10,$7,$269,$0,$439,$156,$12,$100,$2,$282,$720,$298,$40,$2,$72,$370,$187,$123,$3,$351,$720,$7,$5,$0,$6,$-23,$5,$0,$3,$-25,$-13,$-4,$0,$0,$0,$0,$0,$-0,$-4,$14,$0,$14,$1,$1,$0,$-0,$15,$-2,$1,$0
19,2013-12-31,10.01,$5.15,1.94,$14.76,0.68,$-0.35,0.0,$-0.13,0.0,$0.42B,$0.29B,1.46,$0.04B,$0.34B,0.12,$1.00B,$0.10B,10.11%,$1.00B,$0.03B,2.50%,$1.00B,$0.03B,2.50%,$1.00B,$0.04B,4.00%,$1.00B,$0.00B,0.10%,$1.00B,$-0.01B,-0.80%,$-0.01B,$0.34B,-2.34%,$-0.01B,$0.25B,-3.33%,$-0.01B,$0.71B,-1.14%,$0.03B,$0.39B,6.62%,$102,$103,$-1,$0,$3,$108,$-6,$4,$-1,$-0,$-1,$-1,$-1,$-11,$-6,$66,68,$-0.02,$-0.02,$9,$268,$12,$420,$143,$12,$90,$29,$286,$706,$287,$43,$3,$76,$363,$186,$116,$3,$343,$706,$-9,$15,$31,$45,$-1,$-9,$0,$1,$-7,$30,$-29,$0,$-4,$0,$0,$0,$-0,$-33,$2,$0,$2,$3,$3,$0,$-0,$4,$2,$3,$0
20,2013-09-30,9.72,$5.14,1.89,$16.60,0.59,$-0.25,0.0,$-0.04,0.0,$0.40B,$0.31B,1.28,$0.01B,$0.34B,0.02,$1.12B,$0.12B,10.89%,$1.12B,$0.03B,3.04%,$1.12B,$0.03B,3.04%,$1.12B,$0.06B,5.09%,$1.12B,$0.00B,0.27%,$1.12B,$-0.00B,-0.27%,$-0.00B,$0.34B,-0.88%,$-0.00B,$0.24B,-1.28%,$-0.00B,$0.69B,-0.43%,$0.03B,$0.35B,8.94%,$303,$271,$31,$0,$21,$294,$9,$-5,$4,$1,$2,$2,$3,$18,$9,$66,68,$0.04,$0.04,$7,$249,$0,$395,$162,$12,$103,$2,$294,$689,$310,$6,$4,$38,$348,$186,$117,$3,$341,$689,$-8,$20,$22,$42,$-7,$7,$0,$5,$-7,$27,$-33,$0,$-4,$0,$0,$0,$5,$-32,$3,$0,$3,$2,$2,$0,$-0,$5,$-0,$2,$0
21,2013-06-30,7.59,$5.07,1.5,$16.34,0.46,$0.14,53.98,$0.01,0.0,$0.41B,$0.28B,1.46,$0.05B,$0.34B,0.14,$1.10B,$0.12B,11.31%,$1.10B,$0.04B,3.38%,$1.10B,$0.04B,3.38%,$1.10B,$0.06B,5.11%,$1.10B,$0.01B,0.82%,$1.10B,0,0.00%,$0.00B,$0.34B,0.00%,$0.00B,$0.23B,0.00%,$0.00B,$0.70B,0.00%,$0.04B,$0.38B,9.49%,$311,$274,$37,$0,$23,$299,$12,$-23,$-11,$4,$-15,$-15,$-15,$18,$12,$66,68,$-0.23,$-0.23,$13,$249,$0,$407,$155,$12,$107,$1,$288,$695,$279,$46,$5,$80,$359,$185,$115,$1,$336,$695,$-10,$11,$21,$32,$-7,$6,$0,$6,$-5,$17,$-22,$0,$-4,$0,$0,$0,$-2,$-28,$9,$0,$9,$1,$1,$0,$-0,$10,$-0,$2,$0
22,2013-03-31,7.2,$5.27,1.37,$15.97,0.45,$0.36,20.19,$0.36,20.0,$0.41B,$0.29B,1.45,$0.05B,$0.35B,0.14,$1.07B,$0.12B,11.62%,$1.07B,$0.04B,3.47%,$1.07B,$0.04B,3.47%,$1.07B,$0.06B,5.15%,$1.07B,$0.03B,2.81%,$1.07B,$0.02B,2.16%,$0.02B,$0.35B,6.77%,$0.02B,$0.24B,10.03%,$0.02B,$0.72B,3.36%,$0.04B,$0.40B,9.61%,$283,$249,$34,$0,$23,$273,$10,$-1,$9,$3,$5,$5,$5,$15,$10,$66,67,$0.08,$0.08,$13,$259,$0,$411,$148,$34,$108,$2,$304,$715,$285,$49,$6,$82,$367,$184,$130,$-0,$348,$715,$5,$5,$3,$8,$-4,$-4,$0,$7,$-20,$-7,$-8,$-0,$-4,$0,$0,$0,$-0,$-12,$18,$0,$18,$1,$1,$0,$-0,$19,$-0,$1,$0
23,2012-12-31,5.63,$5.20,1.08,$15.68,0.36,$0.39,14.4,$0.37,15.22,$0.41B,$0.28B,1.46,$0.05B,$0.34B,0.15,$1.04B,$0.12B,11.89%,$1.04B,$0.04B,3.74%,$1.04B,$0.04B,3.74%,$1.04B,$0.06B,5.47%,$1.04B,$0.03B,2.97%,$1.04B,$0.02B,2.30%,$0.02B,$0.34B,7.20%,$0.02B,$0.23B,10.84%,$0.02B,$0.71B,3.57%,$0.04B,$0.40B,10.40%,$223,$203,$20,$0,$16,$220,$3,$-1,$1,$-1,$2,$2,$4,$6,$3,$66,67,$0.07,$0.06,$13,$256,$0,$407,$141,$34,$110,$2,$300,$707,$280,$51,$6,$84,$364,$183,$125,$2,$344,$707,$26,$18,$3,$22,$-19,$-21,$0,$6,$-16,$31,$-23,$0,$-30,$0,$0,$0,$3,$-50,$25,$0,$25,$1,$1,$0,$-3,$23,$4,$3,$0
24,2012-09-30,6.39,$5.11,1.25,$15.74,0.41,$-0.01,0.0,$0.19,33.63,$0.37B,$0.25B,1.51,$0.05B,$0.34B,0.14,$1.05B,$0.13B,12.23%,$1.05B,$0.04B,3.92%,$1.05B,$0.04B,3.92%,$1.05B,$0.06B,5.73%,$1.05B,$0.03B,3.15%,$1.05B,$0.01B,1.15%,$0.01B,$0.34B,3.68%,$0.01B,$0.23B,5.51%,$0.01B,$0.67B,1.84%,$0.04B,$0.39B,11.41%,$279,$246,$33,$0,$19,$267,$12,$-2,$10,$4,$6,$6,$6,$17,$12,$66,67,$0.09,$0.09,$4,$225,$0,$374,$136,$34,$111,$2,$296,$669,$247,$48,$7,$85,$332,$183,$120,$1,$337,$669,$21,$15,$4,$19,$-21,$12,$0,$5,$-2,$38,$-18,$0,$-29,$0,$0,$0,$12,$-35,$1,$0,$1,$1,$1,$0,$-2,$-1,$2,$2,$0
25,2012-06-30,5.61,$5.00,1.12,$15.43,0.36,$-0.54,0.0,$0.15,37.4,$0.36B,$0.24B,1.47,$0.03B,$0.33B,0.1,$1.03B,$0.13B,12.20%,$1.03B,$0.04B,3.61%,$1.03B,$0.04B,3.61%,$1.03B,$0.06B,5.46%,$1.03B,$0.03B,2.73%,$1.03B,$0.01B,0.88%,$0.01B,$0.33B,2.79%,$0.01B,$0.22B,4.18%,$0.01B,$0.64B,1.40%,$0.04B,$0.36B,10.50%,$282,$245,$37,$0,$22,$270,$12,$-2,$10,$3,$8,$8,$8,$17,$12,$66,67,$0.12,$0.12,$3,$223,$0,$358,$128,$34,$111,$1,$286,$644,$243,$34,$7,$71,$314,$183,$115,$0,$329,$644,$15,$10,$6,$16,$-18,$5,$0,$7,$-9,$22,$-12,$0,$-18,$0,$0,$0,$12,$-18,$-2,$0,$-2,$0,$0,$0,$-1,$-3,$1,$1,$0
26,2012-03-31,5.47,$4.91,1.11,$15.31,0.36,$-0.98,0.0,$0.10,54.7,$0.38B,$0.28B,1.38,$0.03B,$0.32B,0.1,$1.02B,$0.12B,11.79%,$1.02B,$0.04B,3.73%,$1.02B,$0.04B,3.73%,$1.02B,$0.06B,5.50%,$1.02B,$0.03B,2.85%,$1.02B,$0.01B,0.49%,$0.01B,$0.32B,1.56%,$0.01B,$0.21B,2.34%,$0.01B,$0.67B,0.78%,$0.04B,$0.36B,10.82%,$259,$225,$34,$0,$20,$247,$12,$-3,$10,$4,$6,$6,$6,$17,$12,$66,66,$0.09,$0.09,$4,$238,$0,$383,$126,$34,$114,$1,$287,$669,$278,$33,$7,$68,$346,$182,$106,$3,$323,$669,$6,$5,$3,$8,$-19,$3,$0,$6,$-22,$-7,$-5,$-0,$-18,$0,$0,$0,$-0,$-23,$31,$0,$31,$0,$0,$0,$-0,$31,$1,$1,$0
27,2011-12-31,4.82,$4.79,1.01,$15.30,0.32,$-1.37,0.0,$0.09,53.56,$0.37B,$0.27B,1.36,$0.02B,$0.32B,0.05,$1.02B,$0.12B,11.96%,$1.02B,$0.04B,3.63%,$1.02B,$0.04B,3.63%,$1.02B,$0.06B,5.39%,$1.02B,$0.03B,2.75%,$1.02B,$0.00B,0.39%,$0.00B,$0.32B,1.26%,$0.00B,$0.22B,1.88%,$0.00B,$0.63B,0.63%,$0.04B,$0.33B,10.54%,$227,$203,$24,$0,$18,$222,$5,$-2,$3,$1,$2,$2,$-8,$9,$5,$66,67,$-0.12,$-0.12,$2,$228,$18,$365,$121,$34,$97,$3,$266,$632,$270,$17,$6,$47,$317,$182,$101,$2,$315,$632,$7,$18,$14,$32,$5,$-40,$0,$2,$-44,$-6,$-13,$-0,$-5,$0,$0,$0,$-2,$-20,$23,$0,$23,$1,$1,$0,$1,$25,$-0,$2,$0
28,2011-09-30,4.93,$4.89,1.01,$15.49,0.32,$-1.08,0.0,$0.23,21.43,$0.35B,$0.24B,1.49,$0.04B,$0.32B,0.11,$1.02B,$0.19B,18.48%,$1.02B,$0.11B,10.75%,$1.02B,$0.11B,10.75%,$1.02B,$0.13B,12.51%,$1.02B,$0.04B,3.52%,$1.02B,$0.01B,1.37%,$0.01B,$0.32B,4.44%,$0.01B,$0.22B,6.75%,$0.01B,$0.62B,2.22%,$0.11B,$0.36B,30.99%,$257,$227,$30,$0,$21,$249,$8,$-3,$5,$1,$4,$4,$3,$13,$8,$66,66,$0.05,$0.05,$8,$205,$0,$351,$120,$34,$105,$2,$273,$624,$236,$35,$6,$67,$303,$182,$108,$2,$322,$624,$14,$13,$1,$15,$-14,$-3,$0,$8,$-32,$-3,$-12,$-0,$-3,$0,$0,$0,$-0,$-15,$22,$0,$22,$1,$1,$0,$1,$23,$5,$2,$0
29,2011-06-30,7.11,$4.89,1.45,$14.91,0.48,$-0.79,0.0,$0.70,10.16,$0.36B,$0.24B,1.47,$0.04B,$0.32B,0.12,$0.98B,$0.19B,19.53%,$0.98B,$0.11B,10.68%,$0.98B,$0.11B,10.68%,$0.98B,$0.12B,12.61%,$0.98B,$0.03B,3.05%,$0.98B,$0.05B,4.58%,$0.05B,$0.32B,14.48%,$0.05B,$0.21B,21.48%,$0.05B,$0.63B,7.46%,$0.11B,$0.36B,30.37%,$275,$243,$32,$0,$21,$262,$13,$-3,$11,$4,$6,$6,$4,$17,$13,$66,67,$0.07,$0.07,$6,$209,$0,$356,$119,$33,$109,$2,$275,$631,$242,$38,$6,$68,$310,$181,$105,$6,$321,$631,$11,$9,$-0,$9,$-16,$-4,$0,$8,$-33,$-13,$-6,$-0,$0,$0,$0,$0,$-1,$-7,$22,$0,$22,$1,$1,$0,$1,$23,$3,$1,$0
30,2011-03-31,7.43,$4.79,1.55,$14.35,0.52,$-0.60,0.0,$0.94,7.9,$0.38B,$0.27B,1.39,$0.04B,$0.31B,0.13,$0.94B,$0.20B,20.91%,$0.94B,$0.10B,10.93%,$0.94B,$0.10B,10.93%,$0.94B,$0.12B,12.85%,$0.94B,$0.03B,2.87%,$0.94B,$0.06B,6.48%,$0.06B,$0.31B,20.57%,$0.06B,$0.20B,30.20%,$0.06B,$0.66B,10.68%,$0.10B,$0.36B,31.55%,$261,$225,$36,$0,$22,$249,$11,$-2,$9,$3,$6,$6,$5,$16,$11,$66,67,$0.08,$0.08,$6,$227,$0,$379,$120,$33,$109,$4,$279,$657,$273,$42,$6,$71,$344,$181,$100,$5,$314,$657,$6,$5,$-2,$3,$-13,$-25,$0,$0,$-43,$-34,$-4,$0,$0,$0,$0,$0,$0,$-4,$41,$0,$41,$0,$0,$0,$0,$41,$3,$0,$0
31,2010-12-31,7.82,$4.66,1.68,$13.76,0.57,$-0.35,0.0,$0.93,8.41,$0.33B,$0.23B,1.42,$0.04B,$0.31B,0.14,$0.90B,$0.20B,21.83%,$0.90B,$0.10B,11.14%,$0.90B,$0.10B,11.14%,$0.90B,$0.12B,13.14%,$0.90B,$0.02B,2.67%,$0.90B,$0.06B,6.79%,$0.06B,$0.31B,21.69%,$0.06B,$0.20B,32.62%,$0.06B,$0.61B,11.10%,$0.10B,$0.35B,32.73%,$230,$139,$91,$0,$13,$152,$78,$-0,$11,$4,$7,$3,$2,$82,$78,$64,64,$0.03,$0.03,$2,$200,$0,$333,$115,$33,$108,$8,$277,$609,$234,$42,$7,$70,$304,$181,$95,$3,$305,$609,$62,$18,$-26,$-20,$-9,$-38,$0,$-9,$-34,$20,$-20,$-1,$9,$0,$0,$0,$-2,$-13,$-8,$14,$-22,$2,$2,$0,$-1,$-7,$1,$3,$0
32,2010-09-30,6.09,$0.00,0.0,$13.48,0.45,$0.07,82.41,$0.87,7.0,$0.29B,$0.18B,1.61,$0.02B,$0.30B,0.06,$0.91B,$0.27B,29.54%,$0.91B,$0.19B,21.01%,$0.91B,$0.19B,21.01%,$0.91B,$0.21B,23.09%,$0.91B,$0.01B,0.88%,$0.91B,$0.06B,6.24%,$0.06B,$0.30B,21.37%,$0.06B,$0.22B,33.19%,$0.06B,$0.52B,10.65%,$0.19B,$0.32B,66.49%,$217,$185,$33,$0,$21,$214,$3,$-4,$-1,$-1,$0,$0,$34,$9,$3,$65,66,$0.53,$0.52,$21,$158,$19,$292,$0,$33,$79,$2,$125,$517,$182,$17,$3,$33,$215,$180,$93,$0,$303,$517,$60,$14,$-48,$-34,$-15,$-3,$0,$-4,$-9,$17,$-13,$-0,$0,$0,$0,$0,$52,$38,$-55,$0,$-55,$1,$1,$0,$-1,$-55,$0,$2,$0
33,2010-06-30,4.38,$0.00,0.0,$13.99,0.31,$0.24,18.36,$0.28,15.64,$0.30B,$0.18B,1.71,$0.02B,$0.26B,0.07,$0.95B,$0.28B,28.92%,$0.95B,$0.19B,20.29%,$0.95B,$0.19B,20.29%,$0.95B,$0.22B,22.71%,$0.95B,$0.00B,0.21%,$0.95B,$0.02B,1.89%,$0.02B,$0.26B,7.13%,$0.02B,$0.18B,12.04%,$0.02B,$0.50B,3.29%,$0.19B,$0.28B,66.49%,$234,$197,$37,$0,$24,$223,$11,$-2,$8,$2,$6,$6,$20,$14,$11,$65,66,$0.31,$0.31,$38,$147,$14,$299,$0,$0,$81,$4,$95,$501,$175,$18,$3,$62,$237,$179,$59,$0,$264,$501,$25,$8,$-14,$-6,$-22,$9,$0,$1,$-18,$2,$-9,$-0,$0,$0,$0,$0,$64,$55,$-39,$0,$-39,$1,$1,$0,$-0,$-38,$18,$1,$0
34,2010-03-31,4.15,$0.00,0.0,$14.78,0.28,$0.47,8.85,0,0.0,$0.33B,$0.25B,1.3,$0.02B,$0.25B,0.07,$0.98B,$0.28B,28.31%,$0.98B,$0.19B,19.18%,$0.98B,$0.19B,19.18%,$0.98B,$0.21B,21.23%,$0.98B,$-0.00B,-0.41%,$0.98B,0,0.00%,$0.00B,$0.25B,0.00%,$0.00B,$0.14B,0.00%,$0.00B,$0.57B,0.00%,$0.19B,$0.27B,62.91%,$217,$181,$35,$0,$26,$209,$8,$-2,$6,$2,$4,$4,$5,$13,$8,$65,66,$0.07,$0.07,$22,$172,$17,$330,$0,$0,$109,$2,$126,$571,$254,$19,$3,$64,$318,$179,$39,$0,$253,$571,$5,$4,$0,$4,$-20,$3,$0,$2,$-23,$-14,$-6,$-0,$0,$0,$0,$0,$-1,$-7,$22,$0,$22,$0,$0,$0,$-0,$22,$2,$0,$0
35,2009-12-31,3.36,$0.00,0.0,$15.68,0.21,$0.61,5.47,$-0.10,0.0,$0.31B,$0.23B,1.37,$0.04B,$0.25B,0.14,$0.99B,$0.28B,27.78%,$0.99B,$0.18B,18.18%,$0.99B,$0.18B,18.18%,$0.99B,$0.20B,20.20%,$0.99B,$-0.01B,-1.31%,$0.99B,$-0.01B,-0.71%,$-0.01B,$0.25B,-2.96%,$-0.01B,$0.14B,-5.68%,$-0.01B,$0.55B,-1.23%,$0.18B,$0.28B,58.44%,$246,$80,$165,$0,$-5,$76,$170,$-4,$-5,$-3,$-2,$-2,$-2,$175,$170,$74,74,$-0.03,$-0.03,$21,$178,$17,$310,$0,$0,$111,$3,$128,$551,$226,$35,$3,$79,$305,$179,$34,$0,$247,$551,$-10,$19,$-3,$19,$12,$35,$0,$2,$27,$45,$-13,$-0,$0,$0,$0,$0,$-1,$-14,$-34,$-6,$-29,$1,$1,$0,$-2,$-36,$-4,$1,$0
36,2009-09-30,4.05,$0.00,0.0,$16.23,0.25,$0.60,6.78,$-0.34,0.0,$0.33B,$0.19B,1.7,$0.08B,$0.25B,0.33,$0.99B,$0.14B,14.05%,$0.99B,$0.01B,0.61%,$0.99B,$0.01B,0.61%,$0.99B,$0.03B,2.63%,$0.99B,$-0.03B,-2.73%,$0.99B,$-0.02B,-2.22%,$-0.02B,$0.25B,-9.51%,$-0.02B,$0.14B,-18.84%,$-0.02B,$0.56B,-3.80%,$0.01B,$0.33B,1.88%,$254,$216,$38,$0,$32,$249,$4,$-11,$-7,$0,$-7,$-5,$-5,$14,$4,$67,67,$-0.07,$-0.07,$21,$178,$23,$328,$0,$0,$112,$1,$125,$564,$193,$80,$3,$125,$318,$178,$36,$0,$246,$564,$-7,$14,$0,$14,$0,$0,$0,$0,$11,$26,$-11,$0,$-2,$0,$0,$0,$-1,$-13,$0,$-10,$-9,$0,$1,$0,$0,$-18,$-4,$0,$0
37,2009-06-30,2.39,$0.00,0.0,$16.85,0.14,$0.46,5.21,$-0.21,0.0,$0.35B,$0.22B,1.57,$0.08B,$0.23B,0.34,$1.02B,$0.14B,13.88%,$1.02B,$0.01B,0.68%,$1.02B,$0.01B,0.68%,$1.02B,$0.03B,2.64%,$1.02B,$-0.02B,-1.47%,$1.02B,$-0.01B,-1.27%,$-0.01B,$0.23B,-5.57%,$-0.01B,$0.11B,-11.40%,$-0.01B,$0.59B,-2.18%,$0.01B,$0.31B,2.14%,$258,$220,$38,$0,$32,$253,$5,$-3,$2,$1,$2,$2,$2,$5,$5,$59,59,$0.03,$0.03,$23,$195,$27,$351,$0,$0,$117,$1,$130,$594,$224,$79,$5,$140,$363,$178,$41,$0,$231,$594,$2,$5,$0,$5,$0,$0,$0,$0,$2,$11,$-4,$0,$0,$0,$0,$15,$-3,$7,$0,$-3,$-3,$0,$0,$0,$-0,$-5,$14,$0,$0
38,2009-03-31,1.73,$0.00,0.0,$16.57,0.1,$0.21,8.42,$-0.23,0.0,$0.34B,$0.20B,1.7,$0.09B,$0.22B,0.43,$1.06B,$0.15B,14.19%,$1.06B,$0.01B,0.57%,$1.06B,$0.01B,0.57%,$1.06B,$0.03B,2.55%,$1.06B,$-0.02B,-1.42%,$1.06B,$-0.01B,-1.32%,$-0.01B,$0.22B,-5.82%,$-0.01B,$0.11B,-12.02%,$-0.01B,$0.57B,-2.27%,$0.01B,$0.32B,1.76%,$232,$198,$34,$0,$31,$231,$1,$-4,$-3,$-1,$-2,$-2,$-2,$6,$1,$55,55,$-0.03,$-0.03,$24,$190,$19,$335,$0,$0,$113,$1,$128,$574,$198,$94,$5,$155,$352,$178,$39,$0,$221,$574,$-2,$5,$0,$5,$0,$0,$0,$0,$-4,$-5,$-5,$0,$0,$0,$0,$-17,$-1,$-22,$0,$12,$-3,$0,$0,$0,$0,$9,$-17,$0,$0
39,2008-12-31,1.57,$0.00,0.0,$15.47,0.1,$0.28,5.69,$-0.18,0.0,$0.34B,$0.19B,1.74,$0.10B,$0.23B,0.44,$1.06B,$0.16B,14.79%,$1.06B,$0.01B,1.04%,$1.06B,$0.01B,1.04%,$1.06B,$0.03B,2.94%,$1.06B,$-0.01B,-0.95%,$1.06B,$-0.01B,-1.04%,$-0.01B,$0.23B,-4.41%,$-0.01B,$0.11B,-8.85%,$-0.01B,$0.58B,-1.78%,$0.01B,$0.33B,3.16%,$245,$216,$29,$0,$31,$249,$-4,$-15,$-19,$-1,$-18,$-17,$-17,$1,$-4,$63,63,$-0.27,$-0.27,$25,$201,$16,$336,$0,$0,$117,$1,$134,$581,$193,$99,$5,$161,$354,$178,$41,$0,$227,$581,$-11,$19,$0,$19,$0,$0,$0,$0,$13,$34,$-8,$0,$-7,$0,$0,$0,$-1,$-16,$0,$-25,$0,$0,$1,$0,$0,$-23,$-6,$0,$0
40,2008-09-30,6.16,$0.00,0.0,$14.85,0.41,$-1.14,0.0,$-0.02,0.0,$0.37B,$0.22B,1.74,$0.10B,$0.26B,0.4,$1.02B,$0.15B,14.22%,$1.02B,$-0.01B,-0.49%,$1.02B,$-0.01B,-0.49%,$1.02B,$0.02B,2.16%,$1.02B,$-0.02B,-1.76%,$1.02B,$-0.00B,-0.10%,$-0.00B,$0.26B,-0.39%,$-0.00B,$0.12B,-0.76%,$-0.00B,$0.64B,-0.16%,$-0.01B,$0.36B,-1.42%,$288,$246,$41,$0,$35,$283,$5,$0,$5,$1,$4,$4,$4,$15,$5,$65,65,$0.06,$0.06,$29,$206,$17,$374,$0,$0,$131,$2,$147,$635,$215,$102,$5,$164,$380,$177,$58,$0,$255,$635,$6,$15,$0,$15,$0,$0,$0,$0,$-9,$13,$-7,$0,$-5,$0,$0,$-20,$-2,$-35,$0,$-3,$2,$0,$1,$0,$0,$1,$-21,$0,$0
41,2008-06-30,5.19,$0.00,0.0,$13.65,0.38,$-1.56,0.0,$0.00,0.0,$0.41B,$0.25B,1.63,$0.11B,$0.26B,0.41,$0.94B,$0.14B,15.14%,$0.94B,$-0.00B,-0.11%,$0.94B,$-0.00B,-0.11%,$0.94B,$0.02B,1.71%,$0.94B,$-0.02B,-1.71%,$0.94B,0,0.00%,$0.00B,$0.26B,0.00%,$0.00B,$0.12B,0.00%,$0.00B,$0.68B,0.00%,$-0.00B,$0.36B,-0.29%,$292,$246,$46,$0,$40,$288,$4,$-2,$2,$0,$1,$1,$1,$5,$4,$72,72,$0.01,$0.01,$29,$239,$10,$410,$0,$0,$135,$2,$151,$677,$251,$105,$6,$167,$418,$177,$54,$0,$259,$677,$1,$5,$0,$5,$0,$0,$0,$0,$-14,$-6,$-3,$0,$-4,$0,$0,$-20,$0,$-27,$0,$12,$-2,$0,$0,$0,$-0,$10,$-24,$0,$0
42,2008-03-31,5.1,$0.00,0.0,$12.98,0.39,$-1.70,0.0,$0.10,51.0,$0.33B,$0.18B,1.9,$0.09B,$0.26B,0.36,$0.85B,$0.14B,15.93%,$0.85B,$0.01B,0.70%,$0.85B,$0.01B,0.70%,$0.85B,$0.02B,2.58%,$0.85B,$-0.01B,-1.05%,$0.85B,$0.01B,0.70%,$0.01B,$0.26B,2.35%,$0.01B,$0.14B,4.26%,$0.01B,$0.58B,1.07%,$0.01B,$0.35B,1.79%,$230,$190,$40,$0,$33,$225,$6,$-3,$2,$1,$2,$1,$1,$10,$6,$74,74,$0.02,$0.02,$33,$183,$14,$331,$0,$0,$117,$2,$132,$578,$175,$92,$3,$148,$323,$177,$53,$0,$256,$578,$1,$4,$0,$4,$0,$0,$0,$0,$-11,$-5,$-2,$0,$0,$0,$0,$0,$-0,$-2,$0,$5,$5,$0,$0,$0,$-0,$10,$3,$0,$0
43,2007-12-31,13.35,$0.00,0.0,$12.74,1.05,$-2.13,0.0,$0.14,95.36,$0.31B,$0.17B,1.87,$0.09B,$0.26B,0.34,$0.81B,$0.13B,16.23%,$0.81B,$0.01B,0.99%,$0.81B,$0.01B,0.99%,$0.81B,$0.02B,2.85%,$0.81B,$-0.01B,-0.62%,$0.81B,$0.01B,1.12%,$0.01B,$0.26B,3.61%,$0.01B,$0.14B,6.43%,$0.01B,$0.57B,1.72%,$0.01B,$0.34B,2.47%,$210,$192,$18,$0,$37,$230,$-20,$-5,$-27,$-12,$-15,$-7,$-7,$-8,$-20,$65,65,$-0.11,$-0.11,$30,$183,$13,$314,$0,$0,$118,$2,$134,$565,$168,$86,$3,$142,$310,$177,$52,$0,$255,$565,$0,$15,$0,$15,$0,$0,$0,$0,$-47,$-35,$-30,$0,$-21,$0,$0,$0,$-3,$-54,$0,$18,$12,$0,$90,$0,$-3,$118,$29,$0,$0
44,2007-09-30,14.49,$0.00,0.0,$12.62,1.15,$-1.16,0.0,$0.29,49.97,$0.33B,$0.18B,1.87,$0.08B,$0.26B,0.3,$0.76B,$0.14B,18.53%,$0.76B,$0.03B,4.34%,$0.76B,$0.03B,4.34%,$0.76B,$0.04B,5.26%,$0.76B,$0.02B,3.15%,$0.76B,$0.02B,2.37%,$0.02B,$0.26B,7.83%,$0.02B,$0.14B,14.34%,$0.02B,$0.57B,3.73%,$0.03B,$0.34B,10.97%,$206,$168,$38,$0,$28,$197,$9,$-1,$7,$2,$6,$5,$5,$9,$9,$64,64,$0.08,$0.08,$33,$189,$12,$332,$0,$0,$118,$3,$127,$572,$177,$79,$2,$134,$311,$168,$67,$0,$260,$572,$5,$4,$0,$4,$0,$0,$0,$0,$-17,$-11,$-10,$0,$-6,$0,$0,$0,$-0,$-16,$0,$19,$11,$0,$1,$0,$-0,$31,$4,$0,$0
45,2007-06-30,11.15,$0.00,0.0,$12.26,0.91,$-0.94,0.0,$0.24,46.46,$0.31B,$0.16B,2.0,$0.07B,$0.25B,0.28,$0.70B,$0.13B,18.00%,$0.70B,$0.03B,4.00%,$0.70B,$0.03B,4.00%,$0.70B,$0.04B,5.71%,$0.70B,$0.02B,2.71%,$0.70B,$0.02B,2.14%,$0.02B,$0.25B,7.18%,$0.02B,$0.15B,13.27%,$0.02B,$0.53B,3.47%,$0.03B,$0.32B,10.10%,$208,$168,$40,$0,$28,$197,$11,$-2,$9,$2,$7,$7,$7,$11,$11,$61,61,$0.11,$0.11,$30,$172,$10,$311,$0,$0,$103,$2,$111,$525,$155,$68,$3,$121,$277,$167,$62,$0,$249,$525,$7,$3,$0,$3,$0,$0,$0,$0,$-22,$-10,$-7,$0,$-13,$0,$0,$0,$-0,$-20,$0,$32,$-2,$0,$29,$0,$0,$60,$29,$0,$0
46,2007-03-31,11.9,$0.00,0.0,$11.74,1.01,$-0.55,0.0,$0.21,56.67,$0.23B,$0.10B,2.27,$0.07B,$0.23B,0.29,$0.65B,$0.11B,17.44%,$0.65B,$0.03B,3.86%,$0.65B,$0.03B,3.86%,$0.65B,$0.04B,5.71%,$0.65B,$0.02B,2.62%,$0.65B,$0.01B,1.85%,$0.01B,$0.23B,6.32%,$0.01B,$0.14B,11.94%,$0.01B,$0.43B,3.10%,$0.03B,$0.30B,9.77%,$183,$149,$35,$0,$26,$176,$8,$-2,$6,$2,$4,$4,$4,$11,$8,$64,64,$0.06,$0.06,$0,$133,$10,$231,$0,$0,$98,$2,$107,$428,$102,$67,$3,$92,$194,$165,$55,$0,$234,$428,$4,$3,$0,$3,$0,$0,$0,$0,$-36,$-28,$-5,$0,$0,$0,$0,$0,$-2,$-8,$0,$-11,$-4,$0,$52,$0,$-1,$36,$-1,$0,$0
47,2006-12-31,8.8,$0.00,0.0,$11.09,0.79,$-0.08,0.0,$0.20,44.0,$0.21B,$0.13B,1.61,$0.07B,$0.18B,0.39,$0.60B,$0.10B,17.06%,$0.60B,$0.02B,3.85%,$0.60B,$0.02B,3.85%,$0.60B,$0.04B,5.85%,$0.60B,$0.02B,2.68%,$0.60B,$0.01B,1.84%,$0.01B,$0.18B,6.39%,$0.01B,$0.08B,12.46%,$0.01B,$0.41B,3.03%,$0.02B,$0.25B,9.71%,$164,$135,$28,$0,$20,$158,$5,$-3,$2,$-0,$2,$2,$2,$9,$5,$52,52,$0.04,$0.04,$1,$127,$12,$213,$0,$0,$97,$1,$104,$405,$133,$69,$4,$95,$228,$112,$51,$0,$177,$405,$11,$12,$0,$12,$0,$0,$0,$0,$-15,$10,$-11,$0,$-33,$0,$0,$0,$3,$-41,$0,$13,$11,$0,$5,$0,$-1,$27,$-5,$0,$0
