,Date,Stock Price,Book Value per Share,Price to Book Ratio,TTM Sales per Share,Price to Sales Ratio,TTM FCF per Share,Price to FCF Ratio,TTM Net EPS,PE Ratio,Current Assets,Current Liabilities,Current Ratio,Long Term Debt,Shareholder's Equity_x,Debt to Equity Ratio,TTM Revenue_x,TTM Gross Profit,Gross Margin,TTM Revenue_y,TTM Operating Income,Operating Margin,TTM Revenue_x,TTM EBIT,EBIT Margin,TTM Revenue_y,TTM EBITDA,EBITDA Margin,TTM Revenue_x,TTM Pre-Tax Income,Pre-Tax Margin,TTM Revenue_y,TTM Net Income_x,Net Margin,TTM Net Income_y,Shareholder's Equity_y,Return on Equity,TTM Net Income_x,Tangible Equity,Return on Tangible Equity,TTM Net Income_y,Total Assets,Return on Assets,TTM Net Income,LT Investments & Debt,Return on Investment,revenue,cost-goods-sold,gross-profit,research-development-expenses,selling-general-administrative-expenses,operating-expenses,operating-income,total-non-operating-income-expense,pre-tax-income,total-provision-income-taxes,income-after-taxes,income-from-continuous-operations,net-income,ebitda,ebit,basic-shares-outstanding,shares-outstanding,eps-basic-net-earnings-per-share,eps-earnings-per-share-diluted,cash-on-hand,inventory,other-current-assets,total-current-assets,net-property-plant-equipment,long-term-investments,goodwill-intangible-assets-total,other-long-term-assets,total-long-term-assets,total-assets,total-current-liabilities,long-term-debt,other-non-current-liabilities,total-long-term-liabilities,total-liabilities,common-stock-net,retained-earnings-accumulated-deficit,comprehensive-income,total-share-holder-equity,total-liabilities-share-holders-equity,net-income-loss,total-depreciation-amortization-cash-flow,other-non-cash-items,total-non-cash-items,change-in-accounts-receivable,change-in-inventories,change-in-accounts-payable,change-in-assets-liabilities,total-change-in-assets-liabilities,cash-flow-from-operating-activities,net-change-in-property-plant-equipment,net-change-in-intangible-assets,net-acquisitions-divestitures,net-change-in-short-term-investments,net-change-in-long-term-investments,net-change-in-investments-total,investing-activities-other,cash-flow-from-investing-activities,net-long-term-debt,net-current-debt,debt-issuance-retirement-net-total,net-common-equity-issued-repurchased,net-total-equity-issued-repurchased,total-common-preferred-stock-dividends-paid,financial-activities-other,cash-flow-from-financial-activities,net-cash-flow,stock-based-compensation,common-stock-dividends-paid
0,2018-09-30,22.0,$19.69,1.12,$6.23,3.53,$4.01,5.49,$1.29,17.05,$21.12B,$21.46B,0.98,$4.92B,$4.30B,1.15,$1.28B,$1.06B,83.31%,$1.28B,$0.56B,44.20%,$1.28B,0,0.00%,$1.28B,0,0.00%,$1.28B,$0.42B,32.60%,$1.28B,$0.29B,22.88%,$0.29B,$4.44B,6.75%,$0.29B,$2.69B,11.29%,$0.29B,$31.26B,0.95%,$0.56B,$9.36B,5.92%,$333,$65,$268,$0,$115,$186,$147,$0,$147,$27,$120,$120,$118,$0,$0,$225,226,$0.52,$0.52,$534,$0,$0,$21116,$290,$7037,$1745,$1073,$10145,$31261,$21456,$4923,$444,$5367,$26823,$2,$695,$-119,$4438,$31261,$333,$-25,$17,$-7,$-26,$0,$0,$-12,$-37,$288,$19,$0,$-484,$0,$-437,$-437,$-11,$-913,$391,$-555,$-164,$1,$1,$-54,$897,$680,$54,$9,$-47
1,2018-06-30,23.43,$19.31,1.21,$5.92,3.95,$3.98,5.88,$1.10,21.3,$21.17B,$20.97B,1.01,$5.67B,$4.21B,1.35,$1.10B,$0.93B,84.22%,$1.10B,$0.49B,44.24%,$1.10B,0,0.00%,$1.10B,0,0.00%,$1.10B,$0.34B,30.37%,$1.10B,$0.22B,19.85%,$0.22B,$4.35B,5.90%,$0.22B,$2.60B,9.88%,$0.22B,$31.46B,0.80%,$0.49B,$10.02B,5.71%,$343,$59,$284,$0,$119,$183,$159,$-13,$146,$32,$114,$114,$112,$0,$0,$225,226,$0.50,$0.50,$445,$0,$0,$21167,$291,$7170,$1754,$1081,$10296,$31463,$20966,$5668,$476,$6144,$27110,$2,$593,$-100,$4353,$31463,$213,$-19,$14,$-4,$-25,$0,$0,$-8,$-33,$175,$26,$0,$-482,$0,$-531,$-531,$-174,$-1161,$1600,$-1053,$547,$0,$0,$-36,$439,$951,$-35,$6,$-31
2,2018-03-31,22.41,$18.96,1.18,$5.49,4.08,$3.98,5.63,$0.91,24.63,$20.37B,$20.62B,0.99,$5.09B,$4.14B,1.23,$0.91B,$0.77B,85.02%,$0.91B,$0.39B,43.39%,$0.91B,0,0.00%,$0.91B,0,0.00%,$0.91B,$0.25B,27.75%,$0.91B,$0.15B,16.41%,$0.15B,$4.27B,4.80%,$0.15B,$2.55B,8.01%,$0.15B,$30.47B,0.64%,$0.39B,$9.36B,5.48%,$300,$47,$253,$0,$119,$172,$128,$0,$128,$29,$99,$99,$97,$0,$0,$225,225,$0.43,$0.43,$364,$0,$0,$20368,$318,$6990,$1727,$1065,$10101,$30469,$20623,$5089,$482,$5572,$26195,$2,$496,$-79,$4274,$30469,$99,$-11,$17,$7,$-39,$0,$0,$-4,$-43,$63,$-2,$0,$0,$0,$-313,$-313,$92,$-223,$-60,$-3,$-63,$0,$0,$-18,$126,$45,$-116,$3,$-16
3,2017-12-31,24.38,$18.86,1.29,$5.18,4.7,$4.15,5.88,$0.77,31.67,$20.51B,$20.54B,1.0,$5.11B,$4.10B,1.25,$0.75B,$0.64B,85.81%,$0.75B,$0.33B,43.64%,$0.75B,0,0.00%,$0.75B,0,0.00%,$0.75B,$0.18B,24.23%,$0.75B,$0.09B,12.18%,$0.09B,$4.24B,3.63%,$0.09B,$2.51B,6.04%,$0.09B,$30.36B,0.47%,$0.33B,$9.35B,5.52%,$300,$42,$258,$0,$122,$170,$130,$-135,$-5,$28,$-33,$-33,$-35,$0,$0,$158,158,$-0.35,$-0.35,$480,$0,$0,$20510,$322,$6759,$1733,$1036,$9849,$30360,$20538,$5114,$467,$5581,$26119,$2,$402,$-26,$4240,$30360,$93,$3,$117,$120,$37,$0,$0,$-8,$29,$243,$-8,$0,$275,$0,$-427,$-427,$-1250,$-1409,$176,$-175,$0,$3,$3,$-46,$1396,$1353,$186,$8,$-44
4,2017-09-30,24.36,$14.52,1.68,$4.35,5.61,$4.15,5.87,$1.24,19.65,$10.89B,$11.04B,0.99,$3.47B,$1.97B,1.76,$0.59B,$0.51B,86.35%,$0.59B,$0.26B,43.86%,$0.59B,0,0.00%,$0.59B,0,0.00%,$0.59B,$0.25B,42.15%,$0.59B,$0.17B,28.50%,$0.17B,$1.97B,8.74%,$0.17B,$1.22B,14.50%,$0.17B,$16.78B,1.10%,$0.26B,$5.44B,5.65%,$160,$26,$134,$0,$61,$89,$71,$-4,$66,$22,$45,$45,$45,$0,$0,$135,136,$0.33,$0.33,$407,$0,$0,$10886,$56,$4707,$756,$374,$5894,$16780,$11043,$3473,$292,$3765,$14809,$1,$453,$-14,$1971,$16780,$126,$20,$3,$24,$42,$0,$0,$-4,$37,$187,$-6,$0,$0,$0,$-1449,$-1449,$-969,$-2424,$1197,$200,$1397,$1,$1,$-28,$981,$2350,$114,$6,$-28
5,2017-06-30,22.91,$14.24,1.61,$4.22,5.43,$3.37,6.79,$1.20,19.09,$10.49B,$10.50B,1.0,$2.68B,$1.93B,1.39,$0.56B,$0.49B,87.74%,$0.56B,$0.24B,42.98%,$0.56B,0,0.00%,$0.56B,0,0.00%,$0.56B,$0.24B,41.74%,$0.56B,$0.16B,28.24%,$0.16B,$1.93B,8.55%,$0.16B,$1.17B,14.48%,$0.16B,$15.38B,1.10%,$0.24B,$4.61B,6.05%,$148,$21,$127,$0,$60,$83,$65,$-2,$63,$20,$42,$42,$42,$0,$0,$135,136,$0.31,$0.31,$282,$0,$0,$10492,$58,$3712,$758,$356,$4885,$15377,$10503,$2678,$264,$2943,$13445,$1,$416,$-16,$1931,$15377,$81,$13,$-8,$5,$42,$0,$0,$-3,$39,$126,$-5,$0,$0,$0,$-453,$-453,$-704,$-1162,$950,$-345,$605,$1,$1,$-19,$437,$1025,$-11,$4,$-19
6,2017-03-31,23.28,$13.93,1.67,$4.16,5.59,$3.23,7.2,$1.18,19.73,$10.00B,$10.25B,0.98,$2.34B,$1.89B,1.24,$0.55B,$0.49B,88.73%,$0.55B,$0.23B,42.36%,$0.55B,0,0.00%,$0.55B,0,0.00%,$0.55B,$0.23B,41.45%,$0.55B,$0.16B,28.18%,$0.16B,$1.89B,8.56%,$0.16B,$1.13B,14.81%,$0.16B,$14.66B,1.12%,$0.23B,$4.23B,6.45%,$139,$17,$122,$0,$59,$79,$60,$-3,$57,$18,$39,$39,$39,$0,$0,$135,136,$0.29,$0.29,$254,$0,$0,$10002,$58,$3564,$761,$274,$4657,$14659,$10252,$2342,$177,$2519,$12771,$1,$383,$-24,$1889,$14659,$39,$7,$-22,$-15,$39,$0,$0,$-1,$38,$62,$-2,$0,$0,$0,$-312,$-312,$-234,$-548,$244,$28,$272,$0,$0,$-9,$183,$446,$-40,$2,$-9
7,2016-12-31,22.92,$13.72,1.67,$4.07,5.63,$2.77,8.28,$1.07,21.42,$9.84B,$10.07B,0.98,$2.07B,$1.86B,1.12,$0.53B,$0.48B,89.29%,$0.53B,$0.21B,39.85%,$0.53B,0,0.00%,$0.53B,0,0.00%,$0.53B,$0.21B,38.91%,$0.53B,$0.14B,26.32%,$0.14B,$1.86B,7.94%,$0.14B,$1.09B,14.06%,$0.14B,$14.18B,1.04%,$0.21B,$3.93B,6.23%,$139,$16,$123,$0,$60,$78,$61,$0,$61,$20,$41,$41,$41,$0,$0,$131,131,$0.31,$0.31,$294,$0,$0,$9842,$57,$3254,$763,$262,$4336,$14178,$10068,$2070,$185,$2255,$12323,$1,$349,$-27,$1855,$14178,$140,$20,$53,$73,$-8,$0,$0,$-6,$-14,$199,$-4,$0,$-347,$0,$-527,$-527,$-1332,$-2210,$198,$331,$529,$95,$95,$-36,$1488,$2075,$64,$7,$-36
8,2016-09-30,17.07,$13.49,1.27,$4.12,4.15,$2.04,8.36,$1.01,16.9,$9.61B,$10.20B,0.94,$1.47B,$1.77B,0.83,$0.52B,$0.46B,90.10%,$0.52B,$0.23B,44.47%,$0.52B,0,0.00%,$0.52B,0,0.00%,$0.52B,$0.20B,37.86%,$0.52B,$0.13B,25.63%,$0.13B,$1.77B,7.69%,$0.13B,$1.00B,13.86%,$0.13B,$13.62B,1.03%,$0.23B,$3.23B,7.11%,$137,$15,$122,$0,$63,$81,$56,$-2,$54,$17,$37,$37,$37,$0,$0,$130,131,$0.29,$0.29,$380,$0,$0,$9614,$59,$2905,$766,$274,$4004,$13617,$10197,$1467,$187,$1655,$11852,$1,$317,$8,$1765,$13617,$99,$15,$14,$29,$-48,$0,$0,$-4,$-52,$76,$-2,$0,$-347,$0,$-116,$-116,$-980,$-1445,$10,$-86,$-76,$4,$4,$-27,$1619,$1520,$151,$5,$-27
9,2016-06-30,15.25,$13.29,1.15,$4.01,3.8,$1.65,9.24,$0.91,16.76,$8.89B,$9.79B,0.91,$1.32B,$1.74B,0.76,$0.50B,$0.45B,90.80%,$0.50B,$0.21B,41.80%,$0.50B,0,0.00%,$0.50B,0,0.00%,$0.50B,$0.18B,35.40%,$0.50B,$0.12B,23.80%,$0.12B,$1.74B,7.05%,$0.12B,$0.97B,12.83%,$0.12B,$13.07B,0.96%,$0.21B,$3.06B,6.82%,$135,$14,$121,$0,$61,$79,$56,$0,$56,$18,$38,$38,$38,$0,$0,$130,131,$0.29,$0.29,$258,$0,$0,$8889,$61,$3083,$769,$263,$4176,$13065,$9786,$1324,$219,$1544,$11329,$1,$290,$11,$1736,$13065,$62,$9,$55,$64,$-23,$0,$0,$-3,$-26,$99,$-1,$0,$-347,$0,$-287,$-287,$-409,$-1044,$-89,$-126,$-216,$1,$1,$-18,$1206,$974,$29,$3,$-18
10,2016-03-31,15.41,$13.01,1.18,$3.91,3.94,$1.06,14.59,$0.54,28.54,$8.78B,$9.33B,0.94,$1.69B,$1.70B,1.0,$0.45B,$0.41B,90.91%,$0.45B,$0.16B,34.59%,$0.45B,0,0.00%,$0.45B,0,0.00%,$0.45B,$0.11B,24.39%,$0.45B,$0.07B,16.19%,$0.07B,$1.70B,4.40%,$0.07B,$0.93B,8.08%,$0.07B,$12.87B,0.61%,$0.16B,$3.39B,5.31%,$121,$12,$109,$0,$67,$83,$39,$-3,$36,$12,$24,$24,$24,$0,$0,$130,131,$0.18,$0.18,$487,$0,$0,$8781,$62,$2966,$772,$284,$4085,$12865,$9329,$1690,$148,$1839,$11167,$1,$261,$4,$1698,$12865,$24,$4,$-35,$-32,$7,$0,$0,$-1,$6,$-3,$-1,$0,$-347,$0,$-182,$-182,$-102,$-632,$143,$7,$150,$1,$1,$-9,$750,$891,$257,$2,$-9
11,2015-12-31,15.62,$12.81,1.22,$3.90,4.01,$0.91,17.22,$0.55,28.4,$8.10B,$8.58B,0.95,$1.54B,$1.67B,0.92,$0.41B,$0.37B,91.00%,$0.41B,$0.14B,35.04%,$0.41B,0,0.00%,$0.41B,0,0.00%,$0.41B,$0.10B,24.09%,$0.41B,$0.07B,16.06%,$0.07B,$1.67B,4.38%,$0.07B,$0.92B,7.96%,$0.07B,$11.96B,0.62%,$0.14B,$3.20B,5.52%,$122,$11,$112,$0,$30,$45,$78,$0,$49,$16,$33,$33,$33,$0,$0,$110,110,$0.30,$0.30,$230,$0,$0,$8104,$63,$2761,$748,$280,$3852,$11956,$8580,$1539,$172,$1711,$10291,$1,$245,$-12,$1665,$11956,$66,$13,$6,$18,$12,$0,$0,$-5,$7,$92,$-8,$0,$854,$0,$-268,$-268,$-1215,$-637,$275,$108,$384,$88,$88,$-30,$212,$653,$108,$5,$-30
12,2015-09-30,14.26,$12.73,1.12,$2.79,5.11,$0.15,96.06,$0.30,47.52,$7.89B,$8.81B,0.9,$0.96B,$1.65B,0.58,$0.29B,$0.26B,90.66%,$0.29B,$0.07B,22.84%,$0.29B,0,0.00%,$0.29B,0,0.00%,$0.29B,$0.05B,17.30%,$0.29B,$0.03B,11.42%,$0.03B,$1.65B,2.48%,$0.03B,$0.90B,4.49%,$0.03B,$11.60B,0.34%,$0.07B,$2.61B,2.83%,$122,$10,$112,$0,$73,$86,$36,$0,$36,$12,$24,$24,$24,$0,$0,$129,130,$0.19,$0.19,$318,$0,$0,$7894,$64,$2618,$752,$271,$3704,$11597,$8805,$962,$178,$1140,$9945,$1,$221,$-1,$1652,$11597,$33,$11,$7,$18,$-20,$0,$0,$-3,$-23,$28,$-6,$0,$854,$0,$-101,$-101,$-890,$-143,$83,$-276,$-194,$89,$89,$-21,$437,$311,$197,$3,$-21
13,2015-06-30,14.03,$12.51,1.12,$2.80,5.01,$1.11,12.6,$0.30,46.75,$7.66B,$8.84B,0.87,$0.93B,$1.62B,0.57,$0.25B,$0.22B,90.24%,$0.25B,$0.05B,21.54%,$0.25B,0,0.00%,$0.25B,0,0.00%,$0.25B,$0.04B,15.04%,$0.25B,$0.03B,10.16%,$0.03B,$1.62B,2.72%,$0.03B,$0.87B,4.90%,$0.03B,$11.57B,0.37%,$0.05B,$2.55B,3.16%,$86,$8,$77,$0,$72,$83,$3,$-15,$-11,$-4,$-8,$-8,$-8,$0,$0,$92,92,$-0.08,$-0.08,$366,$0,$0,$7660,$64,$2741,$754,$348,$3906,$11566,$8836,$927,$180,$1107,$9943,$1,$206,$-13,$1623,$11566,$9,$7,$-14,$-6,$17,$0,$0,$-2,$15,$18,$-4,$0,$854,$0,$-305,$-305,$-634,$-88,$-205,$-22,$-227,$88,$88,$-12,$466,$315,$245,$2,$-12
14,2015-03-31,12.73,$11.86,1.07,$2.82,4.52,$1.53,8.35,$0.56,22.73,$5.16B,$5.56B,0.93,$0.99B,$1.08B,0.91,$0.24B,$0.22B,90.79%,$0.24B,$0.07B,29.71%,$0.24B,0,0.00%,$0.24B,0,0.00%,$0.24B,$0.07B,28.87%,$0.24B,$0.05B,20.08%,$0.05B,$1.08B,6.38%,$0.05B,$0.63B,11.37%,$0.05B,$7.73B,0.86%,$0.07B,$2.07B,4.60%,$81,$8,$73,$0,$44,$53,$27,$-2,$25,$8,$17,$17,$17,$0,$0,$88,88,$0.19,$0.19,$187,$0,$0,$5158,$45,$1869,$453,$203,$2570,$7728,$5556,$987,$104,$1091,$6647,$1,$220,$-5,$1081,$7728,$17,$4,$-5,$-1,$-30,$0,$0,$-1,$-31,$-15,$-0,$0,$-25,$0,$-88,$-88,$-99,$-212,$-151,$15,$-135,$88,$88,$-6,$345,$292,$65,$1,$-6
15,2014-12-31,13.58,$0.00,0.0,$2.78,4.88,$2.05,6.63,$0.49,27.71,$4.96B,$5.21B,0.95,$1.12B,$0.98B,1.14,$0.23B,$0.21B,90.52%,$0.23B,$0.06B,25.43%,$0.23B,0,0.00%,$0.23B,0,0.00%,$0.23B,$0.06B,25.43%,$0.23B,$0.04B,17.67%,$0.04B,$0.98B,5.73%,$0.04B,$0.54B,10.51%,$0.04B,$7.43B,0.76%,$0.06B,$2.09B,4.15%,$0,$0,$0,$0,$0,$0,$0,$0,$0,$0,$0,$0,$0,$0,$0,$0,0,$0.00,$0.00,$122,$0,$0,$4961,$46,$1789,$432,$197,$2464,$7425,$5212,$1116,$122,$1237,$6450,$1,$209,$-10,$975,$7425,$0,$0,$0,$0,$0,$0,$0,$0,$0,$0,$0,$0,$0,$0,$0,$0,$0,$0,$0,$0,$0,$0,$0,$0,$0,$0,$0,$0,$0
16,2014-09-30,12.02,$0.00,0.0,$2.78,4.32,$2.06,5.85,$0.29,41.44,$0.00B,$0.00B,0.0,$0.00B,$0.00B,0.0,$0.23B,$0.20B,87.50%,$0.23B,$0.03B,14.22%,$0.23B,0,0.00%,$0.23B,0,0.00%,$0.23B,$0.04B,16.38%,$0.23B,$0.03B,11.64%,$0.03B,$0.00B,3.84%,$0.03B,$0.00B,7.19%,$0.03B,$0.00B,0.52%,$0.03B,$0.00B,2.52%,$79,$7,$72,$0,$47,$57,$23,$0,$23,$6,$16,$16,$16,$0,$0,$83,83,$0.20,$0.19,$0,$0,$0,$0,$0,$0,$0,$0,$0,$0,$0,$0,$0,$0,$0,$0,$0,$0,$0,$0,$42,$16,$35,$50,$7,$0,$0,$-2,$4,$96,$-2,$0,$0,$0,$-53,$-53,$-615,$-669,$283,$-41,$242,$2,$2,$-15,$369,$598,$25,$3,$-15
17,2014-06-30,11.21,$11.40,0.98,$1.83,6.12,$0.92,12.19,$0.10,112.09,$4.78B,$5.10B,0.94,$1.07B,$0.95B,1.12,$0.15B,$0.13B,85.62%,$0.15B,$0.01B,6.54%,$0.15B,0,0.00%,$0.15B,0,0.00%,$0.15B,$0.02B,9.80%,$0.15B,$0.01B,7.19%,$0.01B,$0.95B,1.33%,$0.01B,$0.52B,2.42%,$0.01B,$7.25B,0.18%,$0.01B,$2.02B,0.64%,$79,$7,$72,$0,$48,$58,$21,$0,$21,$6,$15,$15,$15,$0,$0,$83,83,$0.18,$0.18,$217,$0,$0,$4776,$48,$1805,$435,$187,$2475,$7251,$5102,$1066,$129,$1195,$6297,$1,$187,$-8,$953,$7251,$25,$7,$14,$21,$4,$0,$0,$-2,$3,$49,$-2,$0,$0,$0,$-100,$-100,$-410,$-512,$135,$230,$365,$1,$1,$-12,$172,$527,$64,$2,$-12
18,2014-03-31,11.75,$11.21,1.05,$1.77,6.63,$0.74,15.88,$0.07,167.88,$4.42B,$5.21B,0.85,$0.64B,$0.94B,0.69,$0.11B,$0.09B,83.19%,$0.11B,0,0.00%,$0.11B,0,0.00%,$0.11B,0,0.00%,$0.11B,$0.00B,2.65%,$0.11B,$0.00B,1.77%,$0.00B,$0.94B,0.28%,$0.00B,$0.50B,0.50%,$0.00B,$6.92B,0.04%,$0.00B,$1.58B,0.00%,$74,$7,$66,$0,$49,$58,$15,$-0,$15,$5,$10,$10,$10,$0,$0,$83,84,$0.12,$0.12,$165,$0,$0,$4416,$49,$1814,$438,$207,$2508,$6924,$5212,$643,$133,$776,$5988,$1,$178,$-14,$936,$6924,$10,$6,$11,$17,$3,$0,$0,$-1,$3,$30,$-1,$0,$0,$0,$-121,$-121,$-115,$-237,$-20,$-42,$-62,$1,$1,$-6,$286,$219,$12,$1,$-6
19,2013-12-31,12.34,$11.02,1.12,$1.79,6.9,$0.43,28.69,$0.10,123.39,$4.29B,$4.92B,0.87,$0.71B,$0.93B,0.77,$0.08B,$0.06B,80.77%,$0.08B,$-0.01B,-7.69%,$0.08B,0,0.00%,$0.08B,0,0.00%,$0.08B,$-0.00B,-3.85%,$0.08B,$-0.00B,-1.28%,$-0.00B,$0.93B,-0.17%,$-0.00B,$0.49B,-0.28%,$-0.00B,$6.67B,-0.02%,$-0.01B,$1.64B,-0.52%,$0,$7,$-7,$0,$19,$26,$-26,$-31,$-21,$-7,$0,$0,$-14,$0,$0,$70,70,$-0.20,$-0.20,$153,$0,$0,$4290,$50,$1684,$441,$204,$2378,$6667,$4921,$710,$112,$822,$5742,$1,$174,$-19,$925,$6667,$-14,$4,$12,$17,$7,$0,$0,$-1,$6,$9,$-9,$0,$278,$0,$163,$163,$-9,$423,$50,$-103,$-53,$1,$1,$-3,$-338,$-393,$40,$1,$-3
20,2013-09-30,10.0,$0.00,0.0,$1.79,5.59,$0.03,301.07,$0.46,21.73,$2.51B,$2.96B,0.85,$0.57B,$0.48B,1.19,$0.08B,$0.07B,83.33%,$0.08B,$0.00B,2.56%,$0.08B,0,0.00%,$0.08B,0,0.00%,$0.08B,$0.03B,35.90%,$0.08B,$0.02B,25.64%,$0.02B,$0.48B,4.10%,$0.02B,$0.31B,6.28%,$0.02B,$4.05B,0.52%,$0.00B,$1.06B,0.21%,$0,$0,$0,$0,$0,$0,$0,$0,$0,$0,$0,$0,$0,$0,$0,$0,0,$0.00,$0.00,$113,$0,$0,$2510,$37,$1233,$169,$101,$1539,$4049,$2962,$574,$30,$604,$3566,$1,$188,$-15,$483,$4049,$0,$0,$0,$0,$0,$0,$0,$0,$0,$0,$0,$0,$0,$0,$0,$0,$0,$0,$0,$0,$0,$0,$0,$0,$0,$0,$0,$0,$0
21,2013-06-30,8.46,$10.83,0.78,$1.79,4.73,$0.03,254.7,$0.46,18.38,$2.43B,$2.74B,0.89,$0.58B,$0.48B,1.21,$0.08B,$0.07B,83.33%,$0.08B,$0.00B,2.56%,$0.08B,0,0.00%,$0.08B,0,0.00%,$0.08B,$0.03B,35.90%,$0.08B,$0.02B,25.64%,$0.02B,$0.48B,4.08%,$0.02B,$0.31B,6.25%,$0.02B,$3.82B,0.52%,$0.00B,$1.06B,0.22%,$39,$4,$35,$0,$24,$28,$11,$-2,$9,$3,$6,$6,$6,$0,$0,$44,44,$0.15,$0.15,$109,$0,$0,$2430,$37,$1094,$169,$93,$1394,$3824,$2739,$579,$26,$605,$3344,$1,$188,$-18,$480,$3824,$20,$7,$-17,$-10,$6,$0,$0,$-1,$5,$14,$3,$0,$0,$0,$39,$39,$-226,$-184,$-10,$217,$207,$0,$0,$-8,$-358,$-159,$-329,$2,$-8
22,2013-03-31,8.16,$11.15,0.73,$1.87,4.36,$0.55,14.81,$0.48,16.99,$2.26B,$2.80B,0.81,$0.39B,$0.50B,0.78,$0.08B,$0.06B,82.67%,$0.08B,0,0.00%,$0.08B,0,0.00%,$0.08B,0,0.00%,$0.08B,$0.03B,37.33%,$0.08B,$0.02B,26.67%,$0.02B,$0.50B,4.16%,$0.02B,$0.33B,6.40%,$0.02B,$3.71B,0.55%,$0.00B,$0.88B,0.00%,$39,$5,$35,$0,$25,$30,$9,$-1,$9,$2,$7,$7,$7,$0,$0,$44,44,$0.15,$0.15,$73,$0,$0,$2263,$38,$1149,$170,$90,$1447,$3710,$2800,$386,$31,$416,$3216,$1,$184,$1,$495,$3710,$14,$5,$-21,$-16,$6,$0,$0,$-1,$6,$3,$-1,$0,$0,$0,$14,$14,$-91,$-79,$22,$0,$22,$0,$0,$-5,$-306,$-289,$-365,$1,$-5
23,2012-12-31,8.32,$11.14,0.75,$1.95,4.27,$1.06,7.86,$0.48,17.33,$2.34B,$2.90B,0.81,$0.37B,$0.49B,0.74,$0.07B,$0.06B,81.94%,$0.07B,$-0.00B,-1.39%,$0.07B,0,0.00%,$0.07B,0,0.00%,$0.07B,$0.03B,37.50%,$0.07B,$0.02B,26.39%,$0.02B,$0.49B,4.06%,$0.02B,$0.32B,6.33%,$0.02B,$3.79B,0.54%,$-0.00B,$0.86B,-0.12%,$0,$5,$-5,$0,$13,$18,$-18,$0,$10,$3,$0,$0,$7,$0,$0,$44,44,$0.16,$0.16,$160,$0,$0,$2341,$38,$1150,$170,$90,$1448,$3790,$2904,$365,$26,$391,$3296,$1,$180,$5,$494,$3790,$7,$2,$-27,$-25,$2,$0,$0,$-1,$2,$-16,$-1,$0,$0,$0,$18,$18,$-77,$-60,$-0,$0,$-0,$0,$0,$-3,$-199,$-202,$-278,$1,$-3
24,2012-09-30,8.35,$0.00,0.0,$1.95,4.29,$1.83,4.57,$0.47,17.77,$2.55B,$3.11B,0.82,$0.36B,$0.49B,0.73,$0.07B,$0.06B,81.94%,$0.07B,$0.00B,1.39%,$0.07B,0,0.00%,$0.07B,0,0.00%,$0.07B,$0.03B,34.72%,$0.07B,$0.02B,25.00%,$0.02B,$0.49B,3.97%,$0.02B,$0.32B,6.27%,$0.02B,$4.02B,0.53%,$0.00B,$0.85B,0.12%,$0,$0,$0,$0,$0,$0,$0,$0,$0,$0,$0,$0,$0,$0,$0,$0,0,$0.00,$0.00,$438,$0,$0,$2547,$38,$1172,$170,$94,$1476,$4023,$3111,$357,$64,$421,$3532,$1,$176,$7,$491,$4023,$0,$0,$0,$0,$0,$0,$0,$0,$0,$0,$0,$0,$0,$0,$0,$0,$0,$0,$0,$0,$0,$0,$0,$0,$0,$0,$0,$0,$0
25,2012-06-30,6.69,$11.73,0.57,$1.95,3.43,$1.83,3.66,$0.47,14.23,$1.95B,$2.33B,0.84,$0.34B,$0.45B,0.76,$0.07B,$0.06B,81.94%,$0.07B,$0.00B,1.39%,$0.07B,0,0.00%,$0.07B,0,0.00%,$0.07B,$0.03B,34.72%,$0.07B,$0.02B,25.00%,$0.02B,$0.45B,4.10%,$0.02B,$0.28B,6.58%,$0.02B,$3.15B,0.57%,$0.00B,$0.78B,0.12%,$36,$4,$32,$0,$23,$27,$9,$-0,$9,$2,$6,$6,$6,$0,$0,$37,37,$0.17,$0.17,$111,$0,$0,$1949,$39,$904,$165,$94,$1201,$3150,$2332,$338,$35,$373,$2705,$0,$176,$7,$445,$3150,$18,$5,$14,$20,$-1,$0,$0,$-2,$-2,$35,$-1,$0,$0,$0,$-28,$-28,$-157,$-187,$-52,$-10,$-62,$0,$0,$-7,$50,$-19,$-170,$1,$-7
26,2012-03-31,7.4,$11.60,0.64,$1.86,3.97,$1.47,5.03,$0.35,21.14,$1.87B,$2.37B,0.79,$0.33B,$0.44B,0.75,$0.07B,$0.06B,79.71%,$0.07B,$-0.01B,-8.70%,$0.07B,0,0.00%,$0.07B,0,0.00%,$0.07B,$0.02B,26.09%,$0.07B,$0.01B,20.29%,$0.01B,$0.44B,3.22%,$0.01B,$0.28B,5.20%,$0.01B,$3.21B,0.45%,$-0.01B,$0.77B,-0.71%,$36,$5,$32,$0,$24,$28,$8,$-0,$8,$2,$6,$6,$6,$0,$0,$37,37,$0.15,$0.15,$89,$0,$0,$1872,$39,$1045,$165,$90,$1339,$3211,$2369,$329,$73,$402,$2771,$0,$172,$6,$440,$3211,$11,$5,$3,$9,$2,$0,$0,$-1,$1,$21,$-1,$0,$0,$0,$-124,$-124,$-101,$-225,$-62,$0,$-62,$0,$0,$-5,$78,$12,$-192,$1,$-5
27,2011-12-31,5.77,$11.55,0.5,$1.78,3.23,$1.22,4.72,$0.30,19.22,$1.80B,$2.14B,0.84,$0.49B,$0.44B,1.11,$0.07B,$0.05B,76.12%,$0.07B,$-0.01B,-14.93%,$0.07B,0,0.00%,$0.07B,0,0.00%,$0.07B,$0.01B,20.90%,$0.07B,$0.01B,17.91%,$0.01B,$0.44B,2.79%,$0.01B,$0.27B,4.53%,$0.01B,$3.08B,0.40%,$-0.01B,$0.93B,-1.17%,$0,$5,$-5,$0,$11,$16,$-16,$0,$8,$2,$0,$0,$6,$0,$0,$37,37,$0.15,$0.15,$44,$0,$0,$1803,$40,$989,$165,$87,$1281,$3084,$2136,$487,$24,$511,$2646,$0,$169,$8,$438,$3084,$6,$3,$4,$6,$3,$0,$0,$-1,$2,$14,$-0,$0,$0,$0,$-117,$-117,$-74,$-191,$-0,$93,$93,$0,$0,$-2,$-152,$-61,$-238,$0,$-2
28,2011-09-30,5.01,$0.00,0.0,$1.78,2.81,$1.25,4.0,$0.33,15.18,$1.97B,$2.30B,0.86,$0.39B,$0.43B,0.89,$0.07B,$0.05B,74.63%,$0.07B,$-0.01B,-16.42%,$0.07B,0,0.00%,$0.07B,0,0.00%,$0.07B,$0.02B,23.88%,$0.07B,$0.01B,19.40%,$0.01B,$0.43B,3.06%,$0.01B,$0.27B,4.99%,$0.01B,$3.14B,0.43%,$-0.01B,$0.82B,-1.29%,$0,$0,$0,$0,$0,$0,$0,$0,$0,$0,$0,$0,$0,$0,$0,$0,0,$0.00,$0.00,$282,$0,$0,$1971,$41,$867,$165,$92,$1166,$3137,$2297,$385,$25,$410,$2706,$0,$165,$5,$431,$3137,$0,$0,$0,$0,$0,$0,$0,$0,$0,$0,$0,$0,$0,$0,$0,$0,$0,$0,$0,$0,$0,$0,$0,$0,$0,$0,$0,$0,$0
29,2011-06-30,7.14,$11.29,0.63,$1.78,4.0,$1.25,5.7,$0.33,21.63,$1.71B,$2.10B,0.82,$0.43B,$0.43B,1.0,$0.07B,$0.05B,74.63%,$0.07B,$-0.01B,-16.42%,$0.07B,0,0.00%,$0.07B,0,0.00%,$0.07B,$0.02B,23.88%,$0.07B,$0.01B,19.40%,$0.01B,$0.43B,3.06%,$0.01B,$0.26B,4.99%,$0.01B,$2.98B,0.44%,$-0.01B,$0.86B,-1.27%,$33,$5,$28,$0,$26,$31,$2,$0,$2,$-0,$2,$2,$2,$0,$0,$37,37,$0.05,$0.05,$46,$0,$0,$1712,$42,$964,$166,$92,$1264,$2976,$2098,$428,$21,$449,$2547,$0,$168,$-1,$429,$2976,$12,$8,$-2,$6,$7,$0,$0,$-2,$5,$23,$-3,$0,$0,$0,$-18,$-18,$2,$-19,$-41,$27,$-14,$-3,$-3,$-7,$-26,$-50,$-45,$1,$-7
30,2011-03-31,8.75,$11.04,0.79,$1.83,4.78,$1.12,7.83,$0.40,21.89,$1.74B,$2.09B,0.83,$0.39B,$0.42B,0.94,$0.07B,$0.05B,72.86%,$0.07B,$-0.01B,-10.00%,$0.07B,0,0.00%,$0.07B,0,0.00%,$0.07B,$0.02B,28.57%,$0.07B,$0.02B,22.86%,$0.02B,$0.42B,3.76%,$0.02B,$0.26B,6.14%,$0.02B,$2.92B,0.54%,$-0.01B,$0.81B,-0.78%,$34,$5,$28,$0,$24,$29,$4,$0,$4,$1,$4,$4,$4,$0,$0,$37,37,$0.10,$0.10,$73,$0,$0,$1739,$43,$879,$164,$95,$1181,$2919,$2090,$394,$15,$409,$2499,$0,$168,$-10,$420,$2919,$10,$9,$-10,$-1,$5,$0,$0,$-1,$4,$13,$-2,$0,$0,$0,$49,$49,$11,$58,$26,$-62,$-36,$-2,$-2,$-4,$-47,$-89,$-18,$1,$-4
31,2010-12-31,8.84,$10.99,0.81,$1.87,4.72,$0.83,10.66,$0.41,21.57,$1.72B,$1.98B,0.87,$0.51B,$0.42B,1.22,$0.07B,$0.05B,72.22%,$0.07B,$-0.01B,-8.33%,$0.07B,0,0.00%,$0.07B,0,0.00%,$0.07B,$0.02B,29.17%,$0.07B,$0.02B,22.22%,$0.02B,$0.42B,3.76%,$0.02B,$0.26B,6.14%,$0.02B,$2.94B,0.54%,$-0.01B,$0.93B,-0.65%,$0,$6,$-6,$0,$11,$17,$-17,$0,$10,$3,$0,$0,$7,$0,$0,$38,38,$0.18,$0.18,$35,$0,$0,$1717,$43,$924,$164,$92,$1223,$2941,$1980,$513,$28,$541,$2521,$0,$167,$-10,$420,$2941,$7,$6,$2,$7,$3,$0,$0,$-0,$3,$17,$-1,$0,$0,$0,$5,$5,$-0,$3,$-5,$85,$81,$-1,$-1,$-2,$-154,$-76,$-56,$0,$-2
32,2010-09-30,7.03,$0.00,0.0,$1.87,3.75,$0.46,15.36,$0.39,18.02,$1.78B,$2.14B,0.83,$0.42B,$0.43B,0.98,$0.07B,$0.05B,69.44%,$0.07B,$-0.01B,-9.72%,$0.07B,0,0.00%,$0.07B,0,0.00%,$0.07B,$0.02B,27.78%,$0.07B,$0.02B,20.83%,$0.02B,$0.43B,3.53%,$0.02B,$0.27B,5.76%,$0.02B,$3.02B,0.51%,$-0.01B,$0.85B,-0.74%,$0,$0,$0,$0,$0,$0,$0,$0,$0,$0,$0,$0,$0,$0,$0,$0,0,$0.00,$0.00,$91,$0,$0,$1779,$44,$954,$165,$80,$1242,$3021,$2143,$423,$24,$447,$2590,$0,$162,$5,$431,$3021,$0,$0,$0,$0,$0,$0,$0,$0,$0,$0,$0,$0,$0,$0,$0,$0,$0,$0,$0,$0,$0,$0,$0,$0,$0,$0,$0,$0,$0
33,2010-06-30,7.37,$11.11,0.66,$1.87,3.94,$0.46,16.11,$0.39,18.89,$1.73B,$1.96B,0.88,$0.55B,$0.43B,1.28,$0.07B,$0.05B,69.44%,$0.07B,$-0.01B,-9.72%,$0.07B,0,0.00%,$0.07B,0,0.00%,$0.07B,$0.02B,27.78%,$0.07B,$0.02B,20.83%,$0.02B,$0.43B,3.53%,$0.02B,$0.26B,5.79%,$0.02B,$2.96B,0.51%,$-0.01B,$0.98B,-0.73%,$36,$6,$29,$0,$23,$30,$6,$0,$6,$1,$5,$5,$5,$0,$0,$38,38,$0.12,$0.12,$43,$0,$0,$1730,$43,$943,$165,$82,$1234,$2964,$1961,$547,$26,$574,$2535,$0,$159,$4,$429,$2964,$15,$11,$-2,$10,$-2,$0,$0,$-2,$-3,$22,$-6,$0,$0,$0,$-44,$-44,$-11,$-60,$-56,$101,$45,$-9,$-9,$-7,$-108,$-79,$-118,$1,$-7
34,2010-03-31,7.85,$10.87,0.72,$2.15,3.65,$0.86,9.13,$0.50,15.69,$1.69B,$2.01B,0.84,$0.49B,$0.42B,1.15,$0.08B,$0.06B,71.08%,$0.08B,$0.00B,0.00%,$0.08B,0,0.00%,$0.08B,0,0.00%,$0.08B,$0.03B,32.53%,$0.08B,$0.02B,22.89%,$0.02B,$0.42B,4.50%,$0.02B,$0.26B,7.41%,$0.02B,$2.94B,0.65%,$0.00B,$0.91B,0.00%,$36,$7,$29,$0,$23,$30,$5,$0,$5,$1,$4,$4,$4,$0,$0,$38,38,$0.11,$0.11,$38,$0,$0,$1688,$42,$955,$165,$84,$1248,$2936,$2007,$486,$20,$507,$2514,$0,$157,$-3,$422,$2936,$10,$5,$-8,$-2,$-3,$0,$0,$-0,$-3,$5,$-4,$0,$0,$0,$-62,$-62,$30,$-36,$-2,$-7,$-9,$-7,$-7,$-5,$-70,$-91,$-123,$1,$-5
35,2009-12-31,6.94,$10.76,0.64,$2.36,2.93,$1.04,6.66,$0.53,13.09,$1.70B,$1.87B,0.91,$0.60B,$0.42B,1.43,$0.09B,$0.07B,70.65%,$0.09B,$0.00B,3.26%,$0.09B,0,0.00%,$0.09B,0,0.00%,$0.09B,$0.03B,32.61%,$0.09B,$0.02B,22.83%,$0.02B,$0.42B,4.97%,$0.02B,$0.25B,8.21%,$0.02B,$2.92B,0.72%,$0.00B,$1.02B,0.32%,$0,$8,$-8,$0,$11,$18,$-18,$0,$9,$2,$0,$0,$6,$0,$0,$39,39,$0.16,$0.16,$40,$0,$0,$1698,$41,$925,$166,$88,$1220,$2918,$1870,$601,$27,$628,$2497,$0,$156,$-4,$420,$2918,$6,$2,$-6,$-3,$0,$0,$0,$0,$0,$3,$-2,$0,$0,$0,$-35,$-35,$23,$-14,$0,$0,$0,$0,$0,$0,$0,$0,$-11,$0,$0
36,2009-09-30,7.79,$0.00,0.0,$2.36,3.3,$1.19,6.54,$0.53,14.7,$1.85B,$2.08B,0.89,$0.49B,$0.43B,1.15,$0.09B,$0.06B,67.39%,$0.09B,$-0.00B,0.00%,$0.09B,0,0.00%,$0.09B,0,0.00%,$0.09B,$0.03B,32.61%,$0.09B,$0.02B,22.83%,$0.02B,$0.43B,4.98%,$0.02B,$0.26B,8.25%,$0.02B,$3.02B,0.72%,$-0.00B,$0.92B,0.00%,$0,$0,$0,$0,$0,$0,$0,$0,$0,$0,$0,$0,$0,$0,$0,$0,0,$0.00,$0.00,$160,$0,$0,$1845,$41,$900,$166,$69,$1177,$3022,$2082,$491,$22,$512,$2594,$0,$153,$2,$427,$3022,$0,$0,$0,$0,$0,$0,$0,$0,$0,$0,$0,$0,$0,$0,$0,$0,$0,$0,$0,$0,$0,$0,$0,$0,$0,$0,$0,$0,$0
37,2009-06-30,6.59,$10.62,0.62,$2.36,2.79,$1.19,5.53,$0.53,12.43,$1.79B,$1.87B,0.96,$0.51B,$0.42B,1.21,$0.09B,$0.06B,67.39%,$0.09B,$-0.00B,0.00%,$0.09B,0,0.00%,$0.09B,0,0.00%,$0.09B,$0.03B,32.61%,$0.09B,$0.02B,22.83%,$0.02B,$0.42B,5.07%,$0.02B,$0.25B,8.50%,$0.02B,$2.82B,0.72%,$-0.00B,$0.93B,0.00%,$47,$9,$38,$0,$24,$34,$13,$0,$13,$4,$9,$9,$9,$0,$0,$39,39,$0.23,$0.23,$97,$0,$0,$1794,$40,$756,$167,$68,$1030,$2824,$1873,$508,$22,$531,$2404,$0,$151,$-2,$421,$2824,$21,$5,$14,$19,$-0,$0,$0,$-1,$-2,$38,$-6,$0,$0,$0,$120,$120,$10,$123,$71,$-149,$-77,$-2,$-2,$-7,$-103,$-190,$-29,$2,$-7
38,2009-03-31,6.88,$10.57,0.65,$2.20,3.12,$0.79,8.69,$0.46,14.96,$1.86B,$2.01B,0.93,$0.50B,$0.42B,1.19,$0.09B,$0.05B,61.63%,$0.09B,$-0.00B,-4.65%,$0.09B,0,0.00%,$0.09B,0,0.00%,$0.09B,$0.03B,30.23%,$0.09B,$0.02B,20.93%,$0.02B,$0.42B,4.40%,$0.02B,$0.25B,7.46%,$0.02B,$2.96B,0.61%,$-0.00B,$0.92B,-0.41%,$45,$10,$35,$0,$27,$37,$8,$0,$8,$2,$6,$6,$6,$0,$0,$39,39,$0.14,$0.14,$139,$0,$0,$1863,$38,$814,$167,$73,$1092,$2955,$2009,$503,$22,$525,$2533,$0,$145,$4,$421,$2955,$12,$3,$-0,$3,$-4,$0,$0,$-1,$-5,$10,$-3,$0,$0,$0,$71,$71,$-10,$58,$70,$-145,$-76,$0,$0,$-5,$25,$-55,$13,$2,$-5
39,2008-12-31,9.92,$10.47,0.95,$2.15,4.61,$0.75,13.28,$0.45,22.05,$1.78B,$1.90B,0.94,$0.58B,$0.42B,1.4,$0.08B,$0.05B,55.95%,$0.08B,$-0.01B,-5.95%,$0.08B,0,0.00%,$0.08B,0,0.00%,$0.08B,$0.03B,29.76%,$0.08B,$0.02B,20.24%,$0.02B,$0.42B,4.18%,$0.02B,$0.25B,7.17%,$0.02B,$2.92B,0.59%,$-0.01B,$1.00B,-0.49%,$0,$11,$-11,$0,$11,$21,$-21,$0,$9,$3,$0,$0,$6,$0,$0,$39,39,$0.16,$0.16,$41,$0,$0,$1775,$37,$875,$168,$66,$1146,$2922,$1898,$582,$25,$606,$2505,$0,$143,$3,$417,$2922,$6,$2,$1,$2,$0,$0,$0,$-1,$-0,$8,$-1,$0,$0,$0,$10,$10,$-17,$-9,$11,$-11,$1,$0,$0,$-2,$-83,$-84,$-85,$1,$-2
40,2008-09-30,10.52,$0.00,0.0,$2.15,4.89,$0.88,12.02,$0.44,23.91,$1.85B,$1.99B,0.93,$0.57B,$0.40B,1.44,$0.08B,$0.04B,50.00%,$0.08B,$-0.01B,-10.71%,$0.08B,0,0.00%,$0.08B,0,0.00%,$0.08B,$0.03B,29.76%,$0.08B,$0.02B,20.24%,$0.02B,$0.40B,4.22%,$0.02B,$0.23B,7.32%,$0.02B,$2.98B,0.59%,$-0.01B,$0.97B,-0.85%,$0,$0,$0,$0,$0,$0,$0,$0,$0,$0,$0,$0,$0,$0,$0,$0,0,$0.00,$0.00,$126,$0,$0,$1845,$37,$863,$169,$70,$1139,$2984,$1989,$573,$23,$596,$2585,$0,$139,$-10,$399,$2984,$0,$0,$0,$0,$0,$0,$0,$0,$0,$0,$0,$0,$0,$0,$0,$0,$0,$0,$0,$0,$0,$0,$0,$0,$0,$0,$0,$0,$0
41,2008-06-30,8.76,$10.07,0.87,$2.15,4.07,$0.88,10.01,$0.44,19.91,$1.72B,$1.78B,0.97,$0.65B,$0.40B,1.63,$0.08B,$0.04B,50.00%,$0.08B,$-0.01B,-10.71%,$0.08B,0,0.00%,$0.08B,0,0.00%,$0.08B,$0.03B,29.76%,$0.08B,$0.02B,20.24%,$0.02B,$0.40B,4.21%,$0.02B,$0.23B,7.30%,$0.02B,$2.85B,0.60%,$-0.01B,$1.06B,-0.83%,$41,$12,$29,$0,$20,$32,$9,$0,$9,$3,$6,$6,$6,$0,$0,$39,39,$0.16,$0.16,$46,$0,$0,$1722,$35,$850,$170,$61,$1128,$2851,$1776,$654,$19,$674,$2449,$0,$135,$-3,$401,$2851,$17,$5,$3,$7,$1,$0,$0,$-1,$-0,$24,$-8,$0,$0,$0,$17,$17,$-58,$-49,$163,$-188,$-25,$-19,$-19,$-7,$75,$24,$-1,$3,$-7
42,2008-03-31,10.64,$10.18,1.05,$2.14,4.97,$1.12,9.52,$0.41,25.96,$1.69B,$1.72B,0.98,$0.68B,$0.41B,1.66,$0.09B,$0.04B,46.51%,$0.09B,$-0.01B,-11.63%,$0.09B,0,0.00%,$0.09B,0,0.00%,$0.09B,$0.02B,27.91%,$0.09B,$0.02B,18.60%,$0.02B,$0.41B,3.96%,$0.02B,$0.24B,6.89%,$0.02B,$2.82B,0.57%,$-0.01B,$1.08B,-0.94%,$43,$14,$29,$0,$21,$36,$7,$0,$7,$2,$5,$5,$5,$0,$0,$39,39,$0.13,$0.13,$45,$0,$0,$1688,$34,$870,$171,$57,$1135,$2824,$1722,$675,$18,$693,$2415,$0,$131,$5,$408,$2824,$11,$3,$-2,$1,$1,$0,$0,$-1,$-0,$11,$-6,$0,$0,$0,$12,$12,$-18,$-12,$173,$-169,$3,$-15,$-15,$-5,$14,$-2,$-3,$2,$-5
43,2007-12-31,10.14,$10.02,1.01,$2.05,4.94,$1.21,8.41,$0.39,26.0,$1.69B,$1.67B,1.01,$0.70B,$0.40B,1.74,$0.09B,$0.04B,42.35%,$0.09B,$-0.01B,-12.94%,$0.09B,0,0.00%,$0.09B,0,0.00%,$0.09B,$0.02B,27.06%,$0.09B,$0.02B,17.65%,$0.02B,$0.40B,3.70%,$0.02B,$0.23B,6.44%,$0.02B,$2.80B,0.54%,$-0.01B,$1.10B,-1.04%,$0,$16,$-16,$0,$9,$25,$-25,$0,$9,$3,$0,$0,$6,$0,$0,$39,40,$0.15,$0.15,$43,$0,$0,$1689,$31,$850,$171,$50,$1110,$2799,$1673,$700,$25,$725,$2397,$0,$129,$1,$402,$2799,$6,$2,$6,$8,$2,$0,$0,$-0,$1,$15,$-2,$0,$0,$0,$24,$24,$-17,$4,$49,$-24,$26,$-13,$-13,$-2,$-33,$-24,$-4,$1,$-2
44,2007-09-30,10.24,$0.00,0.0,$2.05,4.98,$1.03,9.93,$0.35,29.26,$1.68B,$1.71B,0.98,$0.67B,$0.41B,1.65,$0.09B,$0.03B,40.00%,$0.09B,$-0.01B,-14.12%,$0.09B,0,0.00%,$0.09B,0,0.00%,$0.09B,$0.02B,23.53%,$0.09B,$0.01B,16.47%,$0.01B,$0.41B,3.43%,$0.01B,$0.23B,5.96%,$0.01B,$2.80B,0.50%,$-0.01B,$1.07B,-1.15%,$0,$0,$0,$0,$0,$0,$0,$0,$0,$0,$0,$0,$0,$0,$0,$0,0,$0.00,$0.00,$47,$0,$0,$1678,$30,$865,$172,$53,$1124,$2802,$1714,$667,$16,$683,$2397,$0,$126,$-4,$405,$2802,$0,$0,$0,$0,$0,$0,$0,$0,$0,$0,$0,$0,$0,$0,$0,$0,$0,$0,$0,$0,$0,$0,$0,$0,$0,$0,$0,$0,$0
45,2007-06-30,10.51,$9.66,1.09,$2.05,5.12,$1.03,10.2,$0.35,30.04,$1.65B,$1.75B,0.94,$0.61B,$0.40B,1.52,$0.09B,$0.03B,40.00%,$0.09B,$-0.01B,-14.12%,$0.09B,0,0.00%,$0.09B,0,0.00%,$0.09B,$0.02B,23.53%,$0.09B,$0.01B,16.47%,$0.01B,$0.40B,3.43%,$0.01B,$0.23B,5.97%,$0.01B,$2.78B,0.50%,$-0.01B,$1.02B,-1.14%,$43,$16,$27,$0,$19,$35,$8,$0,$8,$2,$5,$5,$5,$0,$0,$41,41,$0.13,$0.13,$46,$0,$0,$1650,$30,$866,$173,$51,$1132,$2783,$1749,$613,$18,$632,$2380,$0,$123,$-9,$402,$2783,$14,$5,$-1,$4,$11,$0,$0,$-1,$10,$29,$-1,$0,$0,$0,$177,$177,$-141,$35,$-86,$0,$-86,$-15,$-15,$-6,$32,$-75,$-11,$4,$-6
46,2007-03-31,10.97,$9.74,1.13,$1.96,5.58,$0.61,17.85,$0.35,31.35,$1.60B,$1.74B,0.92,$0.63B,$0.41B,1.52,$0.08B,$0.03B,40.74%,$0.08B,$-0.01B,-14.81%,$0.08B,0,0.00%,$0.08B,0,0.00%,$0.08B,$0.02B,24.69%,$0.08B,$0.02B,18.52%,$0.02B,$0.41B,3.70%,$0.02B,$0.24B,6.48%,$0.02B,$2.80B,0.53%,$-0.01B,$1.04B,-1.14%,$42,$17,$25,$0,$18,$36,$6,$0,$6,$2,$4,$4,$4,$0,$0,$41,42,$0.11,$0.11,$48,$0,$0,$1602,$30,$927,$172,$62,$1200,$2801,$1740,$628,$20,$648,$2389,$0,$120,$-4,$413,$2801,$9,$4,$0,$4,$-3,$0,$0,$-1,$-3,$10,$-0,$0,$0,$0,$124,$124,$-87,$37,$-63,$0,$-63,$-5,$-5,$-4,$16,$-56,$-9,$3,$-4
47,2006-12-31,11.58,$9.63,1.2,$1.84,6.29,$0.43,27.06,$0.35,33.07,$1.56B,$1.73B,0.91,$0.64B,$0.41B,1.54,$0.08B,$0.03B,43.42%,$0.08B,$-0.01B,-14.47%,$0.08B,0,0.00%,$0.08B,0,0.00%,$0.08B,$0.02B,27.63%,$0.08B,$0.02B,19.74%,$0.02B,$0.41B,3.76%,$0.02B,$0.24B,6.64%,$0.02B,$2.80B,0.54%,$-0.01B,$1.05B,-1.07%,$0,$18,$-18,$0,$9,$26,$-26,$0,$6,$2,$0,$0,$5,$0,$0,$41,42,$0.11,$0.11,$51,$0,$0,$1562,$30,$969,$173,$50,$1235,$2796,$1726,$635,$24,$659,$2385,$0,$118,$-6,$411,$2796,$5,$3,$1,$4,$-2,$0,$0,$-0,$-3,$6,$0,$0,$0,$0,$79,$79,$-33,$46,$-59,$0,$-59,$0,$0,$-2,$3,$-58,$-6,$1,$-2
