,Date,Stock Price,Book Value per Share,Price to Book Ratio,TTM Sales per Share,Price to Sales Ratio,TTM FCF per Share,Price to FCF Ratio,TTM Net EPS,PE Ratio,Current Assets,Current Liabilities,Current Ratio,Long Term Debt,Shareholder's Equity_x,Debt to Equity Ratio,TTM Revenue_x,TTM Gross Profit,Gross Margin,TTM Revenue_y,TTM Operating Income,Operating Margin,TTM Revenue_x,TTM EBIT,EBIT Margin,TTM Revenue_y,TTM EBITDA,EBITDA Margin,TTM Revenue_x,TTM Pre-Tax Income,Pre-Tax Margin,TTM Revenue_y,TTM Net Income_x,Net Margin,TTM Net Income_y,Shareholder's Equity_y,Return on Equity,TTM Net Income_x,Tangible Equity,Return on Tangible Equity,TTM Net Income_y,Total Assets,Return on Assets,TTM Net Income,LT Investments & Debt,Return on Investment,revenue,cost-goods-sold,gross-profit,research-development-expenses,selling-general-administrative-expenses,operating-expenses,operating-income,total-non-operating-income-expense,pre-tax-income,total-provision-income-taxes,income-after-taxes,income-from-continuous-operations,net-income,ebitda,ebit,basic-shares-outstanding,shares-outstanding,eps-basic-net-earnings-per-share,eps-earnings-per-share-diluted,cash-on-hand,inventory,other-current-assets,total-current-assets,net-property-plant-equipment,long-term-investments,goodwill-intangible-assets-total,other-long-term-assets,total-long-term-assets,total-assets,total-current-liabilities,long-term-debt,other-non-current-liabilities,total-long-term-liabilities,total-liabilities,common-stock-net,retained-earnings-accumulated-deficit,comprehensive-income,total-share-holder-equity,total-liabilities-share-holders-equity,net-income-loss,total-depreciation-amortization-cash-flow,other-non-cash-items,total-non-cash-items,change-in-accounts-receivable,change-in-inventories,change-in-accounts-payable,change-in-assets-liabilities,total-change-in-assets-liabilities,cash-flow-from-operating-activities,net-change-in-property-plant-equipment,net-change-in-intangible-assets,net-acquisitions-divestitures,net-change-in-short-term-investments,net-change-in-long-term-investments,net-change-in-investments-total,investing-activities-other,cash-flow-from-investing-activities,net-long-term-debt,net-current-debt,debt-issuance-retirement-net-total,net-common-equity-issued-repurchased,net-total-equity-issued-repurchased,total-common-preferred-stock-dividends-paid,financial-activities-other,cash-flow-from-financial-activities,net-cash-flow,stock-based-compensation,common-stock-dividends-paid
0,2018-09-30,45.19,$16.60,2.72,$47.41,0.95,$7.78,5.81,$5.46,8.28,$4.13B,$1.05B,3.94,$2.35B,$3.88B,0.61,$11.26B,$2.12B,18.85%,$11.26B,$1.55B,13.80%,$11.26B,$1.55B,13.80%,$11.26B,$1.87B,16.57%,$11.26B,$1.44B,12.79%,$11.26B,$1.29B,11.49%,$1.29B,$3.88B,37.02%,$1.29B,$3.14B,46.18%,$1.29B,$7.80B,17.75%,$1.55B,$6.23B,26.57%,$3224,$2537,$686,$0,$103,$2692,$532,$-24,$507,$109,$398,$398,$398,$613,$532,$234,236,$1.70,$1.69,$999,$1854,$50,$4131,$2902,$0,$739,$26,$3667,$7798,$1050,$2352,$12,$2874,$3924,$1,$3731,$-0,$3875,$7798,$986,$237,$74,$311,$-330,$-241,$100,$-7,$-373,$924,$-176,$0,$-434,$-115,$0,$-115,$1,$-724,$-18,$0,$-18,$-193,$-193,$-125,$-8,$-345,$-145,$29,$-125
1,2018-06-30,45.95,$15.26,3.01,$43.88,1.05,$6.34,7.24,$4.41,10.42,$3.82B,$1.06B,3.61,$2.35B,$3.59B,0.66,$10.47B,$1.83B,17.50%,$10.47B,$1.29B,12.34%,$10.47B,$1.29B,12.34%,$10.47B,$1.60B,15.26%,$10.47B,$1.17B,11.13%,$10.47B,$1.05B,10.01%,$1.05B,$3.59B,32.13%,$1.05B,$2.84B,40.46%,$1.05B,$7.51B,14.82%,$1.29B,$5.94B,23.01%,$3091,$2438,$652,$0,$101,$2589,$502,$-26,$475,$113,$363,$363,$362,$581,$502,$236,236,$1.54,$1.54,$810,$1787,$40,$3818,$2909,$0,$751,$26,$3687,$7505,$1059,$2352,$18,$2857,$3916,$1,$3376,$-0,$3589,$7505,$588,$155,$42,$198,$-282,$-171,$115,$-1,$-282,$504,$-106,$0,$-396,$-90,$0,$-90,$1,$-591,$-13,$0,$-13,$-118,$-118,$-81,$-8,$-221,$-309,$21,$-81
2,2018-03-31,44.04,$14.03,3.14,$40.67,1.08,$5.63,7.82,$3.51,12.55,$3.65B,$0.86B,4.24,$2.35B,$3.31B,0.71,$9.77B,$1.57B,16.10%,$9.77B,$1.06B,10.79%,$9.77B,$1.06B,10.79%,$9.77B,$1.36B,13.87%,$9.77B,$0.93B,9.47%,$9.77B,$0.84B,8.59%,$0.84B,$3.31B,27.13%,$0.84B,$2.68B,34.31%,$0.84B,$6.97B,12.24%,$1.06B,$5.67B,19.36%,$2604,$2140,$463,$0,$106,$2280,$323,$-27,$296,$70,$225,$225,$228,$400,$323,$237,238,$0.96,$0.96,$1026,$1600,$39,$3652,$2658,$0,$636,$27,$3321,$6973,$861,$2354,$20,$2800,$3661,$1,$3058,$0,$3312,$6973,$225,$76,$22,$99,$-119,$-81,$66,$-0,$-146,$178,$-51,$0,$0,$-40,$0,$-40,$0,$-90,$-20,$0,$-20,$-69,$-69,$-37,$-5,$-131,$-44,$13,$-37
3,2017-12-31,42.77,$13.46,3.18,$39.40,1.09,$5.91,7.23,$3.37,12.69,$3.51B,$0.87B,4.04,$2.35B,$3.20B,0.74,$9.54B,$1.58B,16.60%,$9.54B,$1.07B,11.19%,$9.54B,$1.07B,11.19%,$9.54B,$1.37B,14.32%,$9.54B,$0.93B,9.79%,$9.54B,$0.81B,8.52%,$0.81B,$3.20B,27.20%,$0.81B,$2.55B,34.84%,$0.81B,$6.86B,11.96%,$1.07B,$5.55B,19.97%,$2336,$2016,$321,$0,$96,$2141,$196,$-35,$161,$-142,$303,$303,$305,$271,$196,$240,242,$1.27,$1.26,$1029,$1519,$92,$3508,$2676,$0,$644,$28,$3347,$6856,$869,$2353,$22,$2792,$3661,$1,$2875,$0,$3195,$6856,$806,$299,$-86,$213,$-139,$-243,$96,$4,$-280,$740,$-165,$0,$-6,$0,$0,$0,$32,$-139,$10,$0,$10,$-252,$-252,$-146,$-26,$-413,$187,$36,$-146
4,2017-09-30,34.06,$12.45,2.74,$37.52,0.91,$6.20,5.49,$2.17,15.7,$3.57B,$1.07B,3.35,$2.35B,$2.95B,0.8,$9.11B,$1.57B,17.25%,$9.11B,$0.93B,10.17%,$9.11B,$0.93B,10.17%,$9.11B,$1.22B,13.43%,$9.11B,$0.78B,8.52%,$9.11B,$0.53B,5.79%,$0.53B,$2.95B,18.30%,$0.53B,$2.30B,23.78%,$0.53B,$6.96B,7.89%,$0.93B,$5.30B,17.70%,$2443,$2047,$397,$0,$97,$2172,$271,$-37,$234,$83,$151,$151,$153,$346,$271,$239,241,$0.64,$0.64,$1102,$1488,$60,$3572,$2709,$0,$652,$28,$3389,$6961,$1067,$2351,$20,$2944,$4011,$1,$2607,$0,$2950,$6961,$503,$224,$50,$275,$-193,$-212,$133,$-2,$-230,$547,$-128,$0,$-6,$0,$0,$0,$30,$-103,$170,$0,$170,$-237,$-237,$-109,$-8,$-184,$260,$25,$-109
5,2017-06-30,35.23,$12.21,2.89,$35.93,0.98,$6.59,5.35,$2.17,16.23,$3.25B,$0.80B,4.09,$2.35B,$2.93B,0.8,$8.77B,$1.58B,18.06%,$8.77B,$0.94B,10.72%,$8.77B,$0.94B,10.72%,$8.77B,$1.24B,14.09%,$8.77B,$0.79B,8.95%,$8.77B,$0.53B,6.07%,$0.53B,$2.93B,18.65%,$0.53B,$2.27B,24.41%,$0.53B,$6.67B,8.00%,$0.94B,$5.28B,17.86%,$2391,$1998,$393,$0,$98,$2125,$265,$-30,$235,$82,$153,$153,$154,$339,$265,$241,241,$0.64,$0.64,$909,$1419,$37,$3252,$2730,$0,$659,$29,$3418,$6670,$796,$2354,$21,$2946,$3742,$1,$2490,$0,$2928,$6670,$352,$149,$32,$181,$-157,$-144,$88,$8,$-211,$321,$-85,$0,$0,$0,$0,$0,$29,$-56,$15,$0,$15,$-138,$-138,$-72,$-4,$-198,$67,$18,$-72
6,2017-03-31,34.04,$11.91,2.86,$34.27,0.99,$7.18,4.74,$2.12,16.06,$3.25B,$0.88B,3.68,$2.35B,$2.88B,0.82,$8.40B,$1.57B,18.69%,$8.40B,$0.93B,11.08%,$8.40B,$0.93B,11.08%,$8.40B,$1.23B,14.61%,$8.40B,$0.77B,9.17%,$8.40B,$0.52B,6.19%,$0.52B,$2.88B,18.60%,$0.52B,$2.22B,24.51%,$0.52B,$6.70B,7.84%,$0.93B,$5.24B,17.70%,$2368,$1896,$472,$0,$103,$2034,$335,$-30,$304,$106,$199,$199,$201,$410,$335,$243,245,$0.83,$0.82,$967,$1362,$33,$3245,$2761,$0,$668,$30,$3459,$6704,$881,$2354,$20,$2939,$3821,$1,$2374,$0,$2883,$6704,$199,$75,$19,$94,$-153,$-87,$134,$2,$-52,$240,$-42,$0,$0,$0,$0,$0,$27,$-15,$-1,$0,$-1,$-61,$-61,$-34,$-4,$-100,$125,$11,$-34
7,2016-12-31,34.69,$11.39,3.04,$31.71,1.09,$7.44,4.66,$1.56,22.24,$2.93B,$0.71B,4.11,$2.35B,$2.78B,0.85,$7.78B,$1.34B,17.17%,$7.78B,$0.73B,9.36%,$7.78B,$0.73B,9.36%,$7.78B,$1.02B,13.17%,$7.78B,$0.56B,7.25%,$7.78B,$0.38B,4.91%,$0.38B,$2.78B,14.04%,$0.38B,$2.10B,18.67%,$0.38B,$6.42B,5.82%,$0.73B,$5.13B,13.90%,$1911,$1601,$310,$0,$94,$1855,$56,$-53,$3,$-1,$4,$4,$20,$129,$56,$244,245,$0.08,$0.08,$841,$1275,$83,$2930,$2787,$0,$677,$30,$3494,$6424,$713,$2353,$21,$2933,$3646,$1,$2210,$0,$2777,$6424,$360,$296,$239,$535,$-107,$-116,$107,$12,$-42,$853,$-198,$0,$-123,$0,$0,$0,$9,$-313,$-255,$0,$-255,$-15,$-15,$-136,$-19,$-425,$114,$32,$-136
8,2016-09-30,24.27,$11.59,2.09,$30.49,0.8,$8.65,2.8,$0.44,55.16,$3.14B,$0.79B,3.95,$2.57B,$2.83B,0.91,$7.46B,$1.17B,15.68%,$7.46B,$0.29B,3.90%,$7.46B,$0.29B,3.90%,$7.46B,$0.59B,7.87%,$7.46B,$0.14B,1.92%,$7.46B,$0.11B,1.46%,$0.11B,$2.83B,4.09%,$0.11B,$2.13B,5.48%,$0.11B,$6.79B,1.68%,$0.29B,$5.40B,5.56%,$2101,$1693,$409,$0,$95,$1817,$284,$-41,$243,$89,$154,$154,$157,$358,$284,$244,246,$0.65,$0.64,$1051,$1276,$30,$3137,$2928,$0,$692,$31,$3651,$6788,$794,$2571,$21,$3168,$3962,$1,$2225,$0,$2825,$6788,$356,$223,$79,$302,$-150,$-102,$117,$12,$-13,$645,$-123,$0,$-109,$0,$0,$0,$6,$-226,$2,$0,$2,$0,$0,$-102,$5,$-94,$324,$24,$-102
9,2016-06-30,23.66,$11.07,2.14,$29.94,0.79,$9.08,2.61,$0.05,473.29,$3.05B,$0.78B,3.92,$2.57B,$2.70B,0.95,$7.31B,$0.99B,13.53%,$7.31B,$0.14B,1.89%,$7.31B,$0.14B,1.89%,$7.31B,$0.43B,5.94%,$7.31B,$-0.01B,-0.08%,$7.31B,$0.01B,0.18%,$0.01B,$2.70B,0.49%,$0.01B,$2.04B,0.69%,$0.01B,$6.63B,0.20%,$0.14B,$5.27B,2.63%,$2024,$1644,$380,$0,$97,$1768,$256,$-35,$221,$81,$140,$140,$142,$331,$256,$244,245,$0.58,$0.58,$1053,$1176,$28,$3050,$2886,$0,$660,$34,$3579,$6630,$779,$2573,$20,$3152,$3931,$1,$2102,$0,$2698,$6630,$202,$149,$54,$203,$-179,$-26,$166,$11,$44,$449,$-63,$0,$0,$0,$0,$0,$4,$-59,$-1,$0,$-1,$0,$0,$-68,$4,$-64,$326,$18,$-68
10,2016-03-31,21.61,$10.60,2.04,$29.93,0.72,$9.51,2.27,$-0.40,0.0,$2.77B,$0.67B,4.12,$2.58B,$2.58B,1.0,$7.29B,$0.78B,10.72%,$7.29B,$-0.04B,-0.55%,$7.29B,$-0.04B,-0.55%,$7.29B,$0.26B,3.50%,$7.29B,$-0.19B,-2.54%,$7.29B,$-0.10B,-1.33%,$-0.10B,$2.58B,-3.61%,$-0.10B,$1.91B,-5.38%,$-0.10B,$6.39B,-1.48%,$-0.04B,$5.16B,-0.76%,$1741,$1505,$236,$0,$88,$1609,$132,$-35,$97,$35,$61,$61,$63,$206,$132,$243,245,$0.26,$0.26,$977,$1067,$41,$2774,$2914,$0,$668,$35,$3617,$6392,$673,$2576,$19,$3137,$3810,$1,$1994,$0,$2581,$6392,$61,$74,$28,$102,$-76,$83,$113,$1,$128,$291,$-28,$0,$0,$0,$0,$0,$3,$-25,$16,$0,$16,$0,$0,$-33,$1,$-16,$250,$11,$-33
11,2015-12-31,17.05,$10.47,1.63,$31.24,0.55,$9.26,1.84,$-0.53,0.0,$2.54B,$0.54B,4.74,$2.58B,$2.55B,1.01,$7.59B,$0.73B,9.64%,$7.59B,$-0.07B,-0.95%,$7.59B,$-0.07B,-0.95%,$7.59B,$0.22B,2.92%,$7.59B,$-0.24B,-3.19%,$7.59B,$-0.13B,-1.70%,$-0.13B,$2.55B,-4.70%,$-0.13B,$1.87B,-7.38%,$-0.13B,$6.20B,-1.94%,$-0.07B,$5.12B,-1.35%,$1591,$1447,$144,$0,$87,$1972,$-381,$-37,$-418,$-162,$-256,$-256,$-253,$-308,$-381,$242,242,$-1.05,$-1.05,$727,$1149,$48,$2538,$2951,$0,$676,$37,$3664,$6202,$535,$2578,$17,$3122,$3657,$1,$1965,$0,$2545,$6202,$-145,$295,$379,$674,$311,$488,$-227,$-0,$525,$1054,$-115,$0,$-45,$0,$0,$0,$17,$-143,$-418,$0,$-418,$11,$11,$-128,$-11,$-545,$366,$30,$-128
12,2015-09-30,16.27,$11.69,1.39,$35.06,0.46,$7.52,2.16,$0.32,50.85,$2.65B,$0.68B,3.91,$2.62B,$2.83B,0.92,$8.52B,$0.88B,10.33%,$8.52B,$0.23B,2.68%,$8.52B,$0.23B,2.68%,$8.52B,$0.53B,6.22%,$8.52B,$0.05B,0.61%,$8.52B,$0.08B,0.93%,$0.08B,$2.83B,2.82%,$0.08B,$1.74B,4.65%,$0.08B,$6.84B,1.14%,$0.23B,$5.45B,4.14%,$1951,$1722,$229,$0,$83,$1820,$131,$-37,$94,$35,$59,$59,$61,$205,$131,$242,244,$0.25,$0.25,$474,$1321,$29,$2652,$3014,$0,$1094,$83,$4191,$6843,$678,$2616,$16,$3335,$4013,$1,$2251,$0,$2829,$6843,$111,$221,$73,$294,$122,$317,$-127,$9,$303,$708,$-86,$0,$-45,$0,$0,$0,$6,$-125,$-382,$0,$-382,$7,$7,$-94,$-1,$-471,$112,$20,$-94
13,2015-06-30,19.46,$11.56,1.68,$36.72,0.53,$5.85,3.32,$0.45,43.24,$2.59B,$0.70B,3.71,$2.62B,$2.80B,0.94,$8.91B,$0.94B,10.55%,$8.91B,$0.29B,3.21%,$8.91B,$0.29B,3.21%,$8.91B,$0.58B,6.51%,$8.91B,$0.09B,1.04%,$8.91B,$0.11B,1.22%,$0.11B,$2.80B,3.86%,$0.11B,$1.70B,6.37%,$0.11B,$6.83B,1.54%,$0.29B,$5.42B,5.10%,$2005,$1833,$172,$0,$83,$1927,$78,$-36,$42,$16,$25,$25,$32,$152,$78,$242,243,$0.13,$0.13,$419,$1292,$32,$2591,$3047,$0,$1100,$88,$4235,$6827,$699,$2620,$16,$3329,$4028,$1,$2224,$0,$2799,$6827,$52,$147,$54,$201,$86,$326,$-64,$12,$291,$544,$-56,$0,$0,$0,$0,$0,$2,$-54,$-377,$0,$-377,$7,$7,$-61,$-1,$-432,$58,$15,$-61
14,2015-03-31,18.76,$11.57,1.62,$37.03,0.51,$3.81,4.92,$0.63,29.78,$2.45B,$0.62B,3.97,$2.62B,$2.80B,0.94,$8.97B,$0.99B,11.04%,$8.97B,$0.34B,3.79%,$8.97B,$0.34B,3.79%,$8.97B,$0.62B,6.89%,$8.97B,$0.16B,1.73%,$8.97B,$0.15B,1.66%,$0.15B,$2.80B,5.26%,$0.15B,$1.69B,8.66%,$0.15B,$6.74B,2.16%,$0.34B,$5.42B,6.31%,$2047,$1860,$187,$0,$76,$1948,$100,$-59,$40,$14,$27,$27,$31,$173,$100,$242,243,$0.13,$0.13,$161,$1453,$35,$2452,$3086,$0,$1108,$90,$4284,$6736,$618,$2623,$16,$3321,$3939,$1,$2225,$0,$2797,$6736,$27,$73,$30,$103,$133,$165,$-127,$5,$105,$235,$-33,$0,$0,$0,$0,$0,$2,$-32,$-377,$0,$-377,$2,$2,$-28,$-0,$-403,$-200,$9,$-28
15,2014-12-31,18.3,$11.58,1.58,$36.19,0.51,$2.77,6.62,$0.67,27.31,$2.94B,$0.85B,3.45,$2.94B,$2.80B,1.05,$8.76B,$0.97B,11.04%,$8.76B,$0.32B,3.67%,$8.76B,$0.32B,3.67%,$8.76B,$0.58B,6.67%,$8.76B,$0.17B,1.90%,$8.76B,$0.16B,1.79%,$0.16B,$2.80B,5.68%,$0.16B,$1.68B,9.52%,$0.16B,$7.23B,2.35%,$0.32B,$5.73B,6.29%,$2517,$2225,$292,$0,$94,$2598,$-81,$-43,$-124,$-28,$-96,$-96,$-45,$0,$-81,$233,242,$-0.19,$-0.19,$361,$1618,$56,$2938,$3124,$0,$1116,$55,$4295,$7233,$851,$2935,$19,$3587,$4438,$1,$2228,$0,$2796,$7233,$92,$263,$265,$529,$-2,$69,$-76,$2,$8,$628,$-112,$0,$-1669,$0,$0,$0,$34,$-1747,$1187,$0,$1187,$32,$32,$-105,$-28,$1085,$-34,$24,$-105
16,2014-09-30,20.84,$12.11,1.72,$33.59,0.62,$1.16,18.01,$1.10,18.94,$2.93B,$1.04B,2.81,$2.93B,$2.91B,1.01,$8.10B,$0.87B,10.77%,$8.10B,$0.51B,6.29%,$8.10B,$0.51B,6.29%,$8.10B,$0.75B,9.27%,$8.10B,$0.37B,4.53%,$8.10B,$0.26B,3.17%,$0.26B,$2.91B,9.56%,$0.26B,$1.78B,16.34%,$0.26B,$7.58B,4.05%,$0.51B,$5.84B,10.77%,$2339,$2051,$289,$0,$80,$2150,$189,$-54,$135,$47,$88,$88,$91,$255,$189,$240,242,$0.38,$0.38,$160,$1664,$29,$2930,$3421,$0,$1133,$94,$4648,$7578,$1042,$2930,$25,$3625,$4667,$1,$2301,$0,$2912,$7578,$188,$182,$13,$195,$-158,$21,$28,$3,$-85,$298,$-83,$0,$-1647,$0,$0,$0,$34,$-1696,$1231,$0,$1231,$23,$23,$-78,$-13,$1163,$-236,$16,$-78
17,2014-06-30,16.46,$11.83,1.39,$31.93,0.52,$0.68,24.1,$0.97,16.97,$2.63B,$0.71B,3.69,$1.74B,$2.84B,0.62,$7.68B,$0.78B,10.17%,$7.68B,$0.43B,5.65%,$7.68B,$0.43B,5.65%,$7.68B,$0.67B,8.69%,$7.68B,$0.32B,4.12%,$7.68B,$0.22B,2.91%,$0.22B,$2.84B,8.67%,$0.22B,$1.73B,15.29%,$0.22B,$5.99B,3.76%,$0.43B,$4.58B,10.02%,$2070,$1847,$223,$0,$73,$1938,$132,$-28,$104,$37,$66,$66,$72,$190,$132,$226,242,$0.32,$0.31,$357,$1321,$23,$2630,$2177,$0,$1102,$76,$3355,$5985,$713,$1742,$22,$2437,$3150,$1,$2237,$0,$2835,$5985,$100,$116,$12,$128,$-189,$-6,$18,$8,$-179,$49,$-58,$0,$0,$0,$0,$0,$31,$-27,$-25,$0,$-25,$11,$11,$-50,$5,$-59,$-38,$10,$-50
18,2014-03-31,16.21,$11.26,1.44,$31.50,0.51,$0.58,28.06,$0.79,20.52,$2.53B,$0.95B,2.66,$1.76B,$2.51B,0.7,$7.41B,$0.71B,9.53%,$7.41B,$0.37B,5.01%,$7.41B,$0.37B,5.01%,$7.41B,$0.60B,8.14%,$7.41B,$0.25B,3.39%,$7.41B,$0.18B,2.43%,$0.18B,$2.51B,7.30%,$0.18B,$1.40B,13.39%,$0.18B,$5.91B,3.07%,$0.37B,$4.27B,8.76%,$1830,$1667,$163,$0,$70,$1749,$81,$-30,$51,$17,$34,$34,$39,$139,$81,$223,241,$0.17,$0.17,$343,$1332,$24,$2528,$2198,$0,$1110,$78,$3386,$5914,$951,$1755,$23,$2450,$3401,$1,$2192,$0,$2512,$5914,$34,$58,$4,$62,$-89,$-17,$5,$7,$-123,$-27,$-25,$0,$0,$0,$0,$0,$29,$4,$-13,$0,$-13,$3,$3,$-25,$5,$-29,$-52,$6,$-25
19,2013-12-31,17.69,$11.20,1.58,$31.46,0.56,$0.73,24.3,$0.83,21.31,$2.47B,$0.98B,2.54,$1.77B,$2.50B,0.71,$7.37B,$0.72B,9.75%,$7.37B,$0.39B,5.24%,$7.37B,$0.39B,5.24%,$7.37B,$0.62B,8.37%,$7.37B,$0.26B,3.57%,$7.37B,$0.19B,2.56%,$0.19B,$2.50B,7.74%,$0.19B,$1.38B,14.44%,$0.19B,$5.93B,3.22%,$0.39B,$4.26B,9.01%,$1864,$1666,$198,$0,$75,$1756,$108,$-31,$77,$29,$48,$48,$55,$167,$108,$221,239,$0.25,$0.24,$395,$1315,$25,$2474,$2226,$0,$1118,$115,$3459,$5933,$975,$1766,$23,$2462,$3437,$1,$2180,$0,$2496,$5933,$164,$231,$48,$279,$-78,$-108,$40,$14,$-130,$312,$-187,$0,$0,$32,$0,$32,$2,$-153,$-94,$0,$-94,$38,$38,$-95,$11,$-140,$19,$16,$-95
20,2013-09-30,15.05,$11.06,1.36,$30.87,0.49,$1.14,13.18,$0.86,17.5,$2.39B,$0.95B,2.5,$1.77B,$2.45B,0.73,$7.21B,$0.70B,9.72%,$7.21B,$0.37B,5.17%,$7.21B,$0.37B,5.17%,$7.21B,$0.60B,8.32%,$7.21B,$0.25B,3.47%,$7.21B,$0.20B,2.70%,$0.20B,$2.45B,8.09%,$0.20B,$1.32B,15.36%,$0.20B,$5.87B,3.34%,$0.37B,$4.22B,8.56%,$1912,$1715,$197,$0,$68,$1798,$113,$-29,$84,$33,$51,$51,$57,$171,$113,$221,239,$0.26,$0.25,$370,$1192,$25,$2385,$2241,$0,$1127,$121,$3489,$5874,$954,$1774,$23,$2472,$3427,$1,$2149,$0,$2448,$5874,$116,$172,$42,$215,$-131,$10,$52,$8,$-84,$246,$-147,$0,$0,$32,$0,$32,$4,$-111,$-93,$0,$-93,$19,$19,$-70,$5,$-140,$-6,$10,$-70
21,2013-06-30,13.33,$10.92,1.22,$30.57,0.44,$1.09,12.18,$0.67,19.9,$2.24B,$0.87B,2.58,$1.77B,$2.41B,0.74,$7.00B,$0.66B,9.44%,$7.00B,$0.33B,4.76%,$7.00B,$0.33B,4.76%,$7.00B,$0.56B,8.02%,$7.00B,$0.17B,2.47%,$7.00B,$0.15B,2.16%,$0.15B,$2.41B,6.33%,$0.15B,$1.27B,12.25%,$0.15B,$5.74B,2.59%,$0.33B,$4.19B,7.52%,$1801,$1654,$148,$0,$65,$1732,$69,$-30,$39,$16,$23,$23,$29,$126,$69,$220,222,$0.13,$0.13,$244,$1168,$33,$2242,$2233,$0,$1136,$125,$3494,$5736,$870,$1774,$20,$2455,$3325,$1,$2116,$0,$2411,$5736,$65,$114,$28,$142,$-131,$34,$-7,$10,$-144,$62,$-95,$0,$0,$32,$0,$32,$3,$-60,$-99,$0,$-99,$11,$11,$-46,$-0,$-135,$-132,$7,$-46
22,2013-03-31,14.09,$10.92,1.29,$30.53,0.46,$1.33,10.58,$0.74,19.04,$2.45B,$0.82B,3.01,$2.07B,$2.41B,0.86,$7.10B,$0.69B,9.77%,$7.10B,$0.37B,5.18%,$7.10B,$0.37B,5.18%,$7.10B,$0.59B,8.36%,$7.10B,$0.20B,2.79%,$7.10B,$0.17B,2.34%,$0.17B,$2.41B,7.01%,$0.17B,$1.26B,13.73%,$0.17B,$5.96B,2.82%,$0.37B,$4.48B,8.26%,$1796,$1619,$176,$0,$65,$1699,$96,$-34,$63,$21,$41,$41,$48,$153,$96,$220,238,$0.22,$0.21,$478,$1170,$24,$2449,$2232,$0,$1146,$129,$3508,$5957,$815,$2069,$20,$2735,$3550,$1,$2112,$0,$2407,$5957,$41,$57,$14,$71,$-111,$32,$39,$3,$-83,$30,$-45,$0,$0,$0,$0,$0,$34,$-11,$104,$0,$104,$8,$8,$-22,$-6,$84,$102,$5,$-22
23,2012-12-31,12.1,$10.83,1.12,$31.37,0.39,$1.30,9.34,$0.73,16.58,$2.30B,$0.61B,3.77,$2.17B,$2.38B,0.91,$7.29B,$0.72B,9.86%,$7.29B,$0.39B,5.38%,$7.29B,$0.39B,5.38%,$7.29B,$0.62B,8.45%,$7.29B,$0.20B,2.78%,$7.29B,$0.16B,2.25%,$0.16B,$2.38B,6.98%,$0.16B,$1.22B,13.89%,$0.16B,$5.82B,2.78%,$0.39B,$4.55B,8.90%,$1705,$1525,$180,$0,$69,$1610,$95,$-31,$64,$9,$55,$55,$61,$150,$95,$219,237,$0.28,$0.27,$407,$1203,$20,$2296,$2231,$0,$1155,$133,$3519,$5815,$610,$2173,$19,$2828,$3438,$1,$2088,$0,$2378,$5815,$142,$225,$76,$301,$86,$14,$-33,$-1,$2,$446,$-224,$0,$0,$53,$0,$53,$-21,$-192,$-209,$0,$-209,$4,$4,$-88,$24,$-269,$-15,$12,$-88
24,2012-09-30,9.83,$10.67,0.92,$32.04,0.31,$1.71,5.75,$0.60,16.39,$2.26B,$0.61B,3.74,$2.17B,$2.34B,0.93,$7.44B,$0.70B,9.39%,$7.44B,$0.38B,5.09%,$7.44B,$0.38B,5.09%,$7.44B,$0.60B,8.12%,$7.44B,$0.18B,2.42%,$7.44B,$0.13B,1.79%,$0.13B,$2.34B,5.70%,$0.13B,$1.17B,11.56%,$0.13B,$5.78B,2.24%,$0.38B,$4.51B,8.77%,$1693,$1537,$156,$0,$63,$1621,$73,$-66,$7,$1,$6,$6,$13,$132,$73,$219,220,$0.06,$0.06,$287,$1209,$24,$2262,$2214,$0,$1165,$134,$3513,$5776,$605,$2174,$19,$2831,$3436,$1,$2049,$0,$2339,$5776,$87,$170,$71,$241,$16,$7,$-19,$-5,$-89,$239,$-159,$0,$0,$85,$0,$85,$-20,$-94,$-202,$0,$-202,$2,$2,$-66,$17,$-249,$-104,$9,$-66
25,2012-06-30,10.16,$10.74,0.95,$33.01,0.31,$2.62,3.88,$0.73,13.92,$2.46B,$1.02B,2.41,$1.93B,$2.35B,0.82,$7.79B,$0.74B,9.52%,$7.79B,$0.42B,5.33%,$7.79B,$0.42B,5.33%,$7.79B,$0.64B,8.17%,$7.79B,$0.24B,3.09%,$7.79B,$0.16B,2.09%,$0.16B,$2.35B,7.03%,$0.16B,$1.18B,14.47%,$0.16B,$5.97B,2.72%,$0.42B,$4.28B,9.52%,$1910,$1728,$182,$0,$61,$1806,$104,$-39,$64,$25,$39,$39,$44,$159,$104,$219,236,$0.20,$0.20,$431,$1252,$16,$2458,$2209,$0,$1175,$129,$3513,$5971,$1019,$1928,$82,$2598,$3617,$1,$2058,$0,$2354,$5971,$81,$111,$28,$139,$13,$-36,$-26,$3,$-98,$122,$-100,$0,$0,$75,$0,$75,$-21,$-47,$-15,$0,$-15,$1,$1,$-44,$12,$-45,$30,$9,$-44
26,2012-03-31,12.5,$10.65,1.17,$33.72,0.37,$3.02,4.14,$0.96,13.02,$2.53B,$1.12B,2.25,$1.93B,$2.33B,0.83,$7.96B,$0.84B,10.50%,$7.96B,$0.50B,6.27%,$7.96B,$0.50B,6.27%,$7.96B,$0.72B,9.07%,$7.96B,$0.33B,4.09%,$7.96B,$0.22B,2.74%,$0.22B,$2.33B,9.51%,$0.22B,$1.15B,19.97%,$0.22B,$6.04B,3.64%,$0.50B,$4.27B,11.21%,$1982,$1781,$201,$0,$64,$1862,$120,$-51,$68,$27,$42,$42,$46,$175,$120,$219,237,$0.21,$0.20,$423,$1271,$15,$2527,$2200,$0,$1186,$132,$3517,$6044,$1122,$1932,$83,$2589,$3711,$1,$2036,$0,$2333,$6044,$42,$56,$15,$70,$-61,$-55,$35,$3,$-91,$21,$-46,$0,$0,$0,$0,$0,$-2,$-47,$7,$0,$7,$1,$1,$-22,$7,$-7,$-33,$6,$-22
27,2011-12-31,11.23,$10.51,1.07,$33.88,0.33,$3.06,3.67,$1.22,9.2,$2.46B,$1.10B,2.23,$1.94B,$2.30B,0.84,$8.00B,$0.93B,11.64%,$8.00B,$0.58B,7.30%,$8.00B,$0.58B,7.30%,$8.00B,$0.81B,10.09%,$8.00B,$0.43B,5.31%,$8.00B,$0.28B,3.48%,$0.28B,$2.30B,12.34%,$0.28B,$1.10B,26.71%,$0.28B,$5.98B,4.69%,$0.58B,$4.24B,12.92%,$1858,$1698,$160,$0,$62,$1776,$82,$-41,$41,$15,$26,$26,$30,$138,$82,$218,236,$0.13,$0.14,$476,$1200,$15,$2455,$2194,$0,$1196,$134,$3524,$5979,$1100,$1936,$82,$2579,$3679,$1,$2012,$0,$2300,$5979,$266,$223,$48,$270,$-101,$-86,$57,$6,$-50,$486,$-167,$0,$0,$-85,$0,$-85,$16,$-236,$2,$0,$2,$13,$13,$-82,$20,$-46,$204,$17,$-82
28,2011-09-30,8.4,$10.44,0.81,$32.51,0.26,$1.86,4.52,$1.12,7.5,$2.50B,$0.72B,3.48,$2.38B,$2.28B,1.04,$7.67B,$0.91B,11.80%,$7.67B,$0.55B,7.16%,$7.67B,$0.55B,7.16%,$7.67B,$0.77B,10.07%,$7.67B,$0.39B,5.11%,$7.67B,$0.26B,3.34%,$0.26B,$2.28B,11.65%,$0.26B,$1.08B,26.29%,$0.26B,$6.00B,4.39%,$0.55B,$4.66B,12.00%,$2043,$1844,$199,$0,$73,$1935,$109,$-41,$68,$28,$40,$40,$43,$165,$109,$219,236,$0.20,$0.19,$457,$1159,$19,$2496,$2168,$0,$1207,$132,$3507,$6003,$717,$2379,$77,$3003,$3721,$1,$2003,$0,$2283,$6003,$240,$167,$44,$211,$-194,$-45,$93,$7,$-59,$392,$-92,$0,$0,$0,$0,$0,$2,$-90,$8,$0,$8,$13,$13,$-60,$6,$-32,$270,$11,$-60
29,2011-06-30,13.63,$10.32,1.32,$30.60,0.45,$0.95,14.38,$1.02,13.37,$2.37B,$0.67B,3.54,$2.38B,$2.26B,1.05,$7.21B,$0.85B,11.74%,$7.21B,$0.51B,7.06%,$7.21B,$0.51B,7.06%,$7.21B,$0.73B,10.17%,$7.21B,$0.36B,4.93%,$7.21B,$0.23B,3.22%,$0.23B,$2.26B,10.78%,$0.23B,$1.04B,25.29%,$0.23B,$5.90B,4.05%,$0.51B,$4.64B,11.21%,$2080,$1803,$276,$0,$64,$1892,$188,$-39,$149,$53,$96,$96,$99,$244,$188,$219,236,$0.45,$0.43,$278,$1195,$15,$2374,$2176,$0,$1218,$132,$3527,$5900,$671,$2378,$64,$2972,$3643,$1,$1982,$0,$2257,$5900,$200,$111,$30,$141,$-227,$-81,$97,$6,$-171,$170,$-54,$0,$0,$0,$0,$0,$1,$-53,$-3,$0,$-3,$13,$13,$-38,$2,$-26,$91,$8,$-38
30,2011-03-31,15.65,$9.96,1.57,$28.76,0.54,$0.54,28.83,$0.81,19.32,$2.28B,$0.69B,3.3,$2.38B,$2.17B,1.09,$6.76B,$0.76B,11.27%,$6.76B,$0.44B,6.48%,$6.76B,$0.44B,6.48%,$6.76B,$0.66B,9.78%,$6.76B,$0.28B,4.19%,$6.76B,$0.18B,2.69%,$0.18B,$2.17B,8.61%,$0.18B,$0.94B,21.02%,$0.18B,$5.83B,3.22%,$0.44B,$4.55B,9.72%,$2016,$1720,$296,$0,$65,$1811,$205,$-39,$167,$62,$104,$104,$106,$260,$205,$218,236,$0.49,$0.46,$161,$1186,$19,$2277,$2188,$0,$1230,$133,$3550,$5828,$690,$2378,$63,$2965,$3654,$1,$1905,$0,$2173,$5828,$104,$55,$17,$71,$-262,$-72,$94,$3,$-172,$4,$-19,$0,$0,$0,$0,$0,$-1,$-20,$-2,$0,$-2,$8,$8,$-16,$0,$-10,$-26,$4,$-16
31,2010-12-31,15.18,$9.55,1.59,$26.85,0.57,$0.78,19.35,$0.64,23.72,$2.00B,$0.56B,3.56,$2.38B,$2.08B,1.15,$6.30B,$0.68B,10.73%,$6.30B,$0.37B,5.79%,$6.30B,$0.37B,5.79%,$6.30B,$0.59B,9.36%,$6.30B,$0.21B,3.40%,$6.30B,$0.14B,2.24%,$0.14B,$2.08B,6.77%,$0.14B,$0.84B,17.10%,$0.14B,$5.59B,2.53%,$0.37B,$4.46B,8.15%,$1528,$1394,$134,$0,$59,$1481,$47,$-39,$8,$4,$4,$4,$8,$103,$47,$217,235,$0.03,$0.04,$187,$1114,$19,$2000,$2213,$0,$1241,$136,$3590,$5590,$561,$2378,$62,$2952,$3513,$1,$1821,$0,$2077,$5590,$130,$225,$75,$300,$-197,$-261,$71,$-15,$-260,$169,$-133,$0,$0,$0,$0,$0,$-16,$-149,$210,$0,$210,$14,$14,$-65,$-1,$157,$178,$15,$-65
32,2010-09-30,11.66,$9.69,1.2,$26.22,0.44,$1.21,9.66,$0.72,16.19,$2.01B,$0.60B,3.38,$2.41B,$2.10B,1.15,$5.95B,$0.70B,11.69%,$5.95B,$0.40B,6.65%,$5.95B,$0.40B,6.65%,$5.95B,$0.62B,10.41%,$5.95B,$0.25B,4.23%,$5.95B,$0.16B,2.69%,$0.16B,$2.10B,7.75%,$0.16B,$0.85B,20.17%,$0.16B,$5.61B,2.93%,$0.40B,$4.51B,9.04%,$1584,$1445,$140,$0,$55,$1515,$69,$-38,$31,$16,$15,$15,$19,$126,$69,$217,235,$0.09,$0.09,$270,$1008,$21,$2010,$2214,$0,$1253,$133,$3600,$5610,$595,$2409,$62,$2911,$3507,$1,$1830,$0,$2104,$5610,$126,$169,$33,$202,$-229,$-155,$83,$-11,$-146,$182,$-96,$0,$0,$0,$0,$0,$2,$-93,$216,$0,$216,$8,$8,$-49,$-2,$173,$261,$10,$-49
33,2010-06-30,10.84,$9.68,1.12,$24.48,0.44,$1.61,6.73,$0.93,11.65,$1.91B,$0.55B,3.45,$2.40B,$2.10B,1.15,$5.54B,$0.77B,13.95%,$5.54B,$0.48B,8.57%,$5.54B,$0.48B,8.57%,$5.54B,$0.69B,12.52%,$5.54B,$0.34B,6.08%,$5.54B,$0.21B,3.79%,$0.21B,$2.10B,10.31%,$0.21B,$0.83B,27.94%,$0.21B,$5.55B,3.93%,$0.48B,$4.50B,11.14%,$1633,$1441,$192,$0,$56,$1516,$117,$-40,$77,$30,$47,$47,$49,$172,$117,$217,235,$0.23,$0.22,$192,$1018,$15,$1910,$2238,$0,$1264,$133,$3636,$5546,$554,$2402,$62,$2894,$3448,$1,$1827,$0,$2098,$5546,$110,$112,$26,$138,$-202,$-165,$96,$-9,$-156,$92,$-72,$0,$0,$0,$0,$0,$1,$-70,$191,$0,$191,$6,$6,$-32,$-4,$161,$183,$6,$-32
34,2010-03-31,14.28,$9.51,1.5,$21.69,0.66,$2.25,6.33,$0.63,22.66,$1.94B,$0.64B,3.02,$2.40B,$2.06B,1.17,$4.70B,$0.65B,13.83%,$4.70B,$0.36B,7.74%,$4.70B,$0.36B,7.74%,$4.70B,$0.59B,12.47%,$4.70B,$0.23B,4.85%,$4.70B,$0.15B,3.09%,$0.15B,$2.06B,7.27%,$0.15B,$0.78B,21.01%,$0.15B,$5.58B,2.80%,$0.36B,$4.46B,8.82%,$1556,$1345,$210,$0,$57,$1423,$132,$-34,$98,$34,$63,$63,$65,$189,$132,$216,235,$0.30,$0.29,$226,$901,$12,$1935,$2240,$0,$1279,$128,$3647,$5582,$640,$2400,$61,$2884,$3524,$1,$1794,$0,$2058,$5582,$63,$56,$12,$68,$-223,$-48,$118,$1,$-59,$73,$-31,$0,$0,$0,$0,$0,$1,$-30,$193,$0,$193,$3,$3,$-16,$-7,$174,$216,$3,$-16
35,2009-12-31,14.42,$9.27,1.55,$19.53,0.74,$2.85,5.07,$-0.14,0.0,$1.46B,$0.60B,2.45,$2.06B,$2.00B,1.03,$3.96B,$0.40B,10.08%,$3.96B,$0.12B,2.98%,$3.96B,$0.12B,2.98%,$3.96B,$0.34B,8.59%,$3.96B,$-0.02B,-0.48%,$3.96B,$-0.01B,-0.20%,$-0.01B,$2.00B,-0.43%,$-0.01B,$0.71B,-1.48%,$-0.01B,$5.13B,-0.16%,$0.12B,$4.06B,2.99%,$1180,$1026,$154,$0,$61,$1101,$78,$-32,$46,$20,$27,$27,$27,$133,$78,$201,201,$0.20,$0.22,$9,$853,$10,$1457,$2254,$0,$1292,$127,$3673,$5130,$596,$2055,$60,$2531,$3127,$1,$1746,$0,$2003,$5130,$-11,$221,$111,$332,$72,$175,$-9,$4,$124,$446,$-330,$0,$0,$0,$-28,$-28,$-16,$-374,$-422,$0,$-422,$421,$421,$-69,$-9,$-79,$-7,$18,$-69
36,2009-09-30,12.43,$9.22,1.35,$19.88,0.63,$4.11,3.03,$-0.71,0.0,$1.47B,$0.64B,2.3,$2.05B,$1.99B,1.03,$3.99B,$0.20B,5.11%,$3.99B,$-0.06B,-1.40%,$3.99B,$-0.06B,-1.40%,$3.99B,$0.16B,4.11%,$3.99B,$-0.20B,-5.09%,$3.99B,$-0.12B,-2.96%,$-0.12B,$1.99B,-6.66%,$-0.12B,$0.68B,-27.90%,$-0.12B,$5.11B,-2.34%,$-0.06B,$4.04B,-1.44%,$1172,$956,$217,$0,$56,$1024,$148,$-32,$116,$47,$69,$69,$69,$200,$148,$215,234,$0.32,$0.30,$8,$835,$15,$1469,$2215,$0,$1305,$120,$3640,$5109,$639,$2051,$68,$2482,$3121,$1,$1735,$0,$1988,$5109,$-38,$167,$36,$202,$18,$192,$83,$43,$258,$423,$-243,$0,$0,$0,$-28,$-28,$-13,$-285,$-502,$0,$-502,$417,$417,$-53,$-9,$-147,$-8,$15,$-53
37,2009-06-30,11.94,$8.96,1.33,$27.89,0.43,$3.52,3.39,$-0.03,0.0,$1.30B,$0.49B,2.67,$2.03B,$1.92B,1.06,$5.38B,$0.43B,8.03%,$5.38B,$0.13B,2.36%,$5.38B,$0.13B,2.36%,$5.38B,$0.35B,6.50%,$5.38B,$-0.02B,-0.32%,$5.38B,$0.01B,0.11%,$0.01B,$1.92B,0.35%,$0.01B,$0.59B,1.79%,$0.01B,$4.88B,0.11%,$0.13B,$3.95B,3.27%,$792,$723,$69,$0,$49,$786,$6,$-38,$-32,$-15,$-17,$-17,$-16,$64,$6,$190,190,$-0.08,$-0.08,$18,$738,$22,$1302,$2144,$0,$1338,$98,$3580,$4882,$488,$2030,$67,$2469,$2957,$1,$1682,$0,$1924,$4882,$-106,$115,$25,$139,$136,$288,$-48,$43,$253,$286,$-148,$0,$0,$0,$0,$0,$-11,$-158,$-492,$0,$-492,$410,$410,$-36,$-9,$-126,$2,$12,$-36
38,2009-03-31,7.07,$8.45,0.84,$35.72,0.2,$3.16,2.24,$1.10,6.43,$1.37B,$0.73B,1.87,$2.22B,$1.54B,1.44,$6.99B,$0.84B,12.05%,$6.99B,$0.48B,6.86%,$6.99B,$0.48B,6.86%,$6.99B,$0.69B,9.90%,$6.99B,$0.36B,5.08%,$6.99B,$0.23B,3.32%,$0.23B,$1.54B,13.45%,$0.23B,$0.18B,70.57%,$0.23B,$4.93B,4.17%,$0.48B,$3.76B,12.12%,$815,$855,$-41,$0,$57,$928,$-114,$-36,$-149,$-59,$-90,$-90,$-88,$-57,$-114,$182,182,$-0.48,$-0.48,$16,$833,$36,$1367,$2109,$0,$1364,$87,$3559,$4926,$730,$2218,$66,$2657,$3387,$1,$1714,$-1,$1539,$4926,$-88,$57,$14,$71,$141,$193,$-34,$25,$232,$215,$-74,$0,$0,$0,$0,$0,$-3,$-78,$-122,$0,$-122,$-2,$-2,$-18,$5,$-137,$-0,$9,$-18
39,2008-12-31,8.88,$8.98,0.99,$40.79,0.22,$2.99,2.97,$2.30,3.86,$1.71B,$0.97B,1.76,$2.22B,$1.63B,1.36,$8.08B,$1.23B,15.24%,$8.08B,$0.85B,10.47%,$8.08B,$0.85B,10.47%,$8.08B,$1.06B,13.06%,$8.08B,$0.73B,9.08%,$8.08B,$0.46B,5.73%,$0.46B,$1.63B,26.55%,$0.46B,$0.25B,105.89%,$0.46B,$5.25B,8.35%,$0.85B,$3.85B,21.83%,$1210,$1251,$-41,$0,$53,$1306,$-96,$-42,$-138,$-50,$-88,$-88,$-83,$-43,$-96,$189,195,$-0.40,$-0.37,$16,$1023,$58,$1710,$2073,$0,$1385,$86,$3544,$5254,$971,$2219,$66,$2650,$3621,$1,$1820,$-1,$1632,$5254,$455,$209,$46,$255,$311,$-19,$-88,$-156,$61,$770,$-412,$0,$-271,$12,$0,$12,$2,$-669,$444,$0,$444,$-483,$-483,$-71,$-3,$-113,$-12,$14,$-71
40,2008-09-30,13.44,$9.50,1.42,$41.94,0.32,$1.27,10.61,$3.25,4.14,$2.58B,$1.68B,1.54,$2.24B,$1.74B,1.29,$8.32B,$1.53B,18.34%,$8.32B,$1.12B,13.46%,$8.32B,$1.12B,13.46%,$8.32B,$1.32B,15.84%,$8.32B,$1.03B,12.35%,$8.32B,$0.64B,7.74%,$0.64B,$1.74B,37.49%,$0.64B,$0.33B,128.41%,$0.64B,$6.06B,12.01%,$1.12B,$3.98B,30.03%,$2564,$2119,$445,$0,$73,$2233,$331,$-29,$302,$114,$188,$188,$193,$386,$331,$195,197,$0.99,$0.98,$22,$1357,$62,$2576,$1997,$0,$1407,$75,$3479,$6055,$1675,$2236,$63,$2641,$4315,$1,$1921,$0,$1739,$6055,$546,$156,$-2,$154,$-308,$-353,$230,$-47,$-354,$346,$-311,$0,$-271,$12,$0,$12,$2,$-567,$741,$0,$741,$-466,$-466,$-53,$-8,$215,$-6,$10,$-53
41,2008-06-30,30.58,$10.03,3.05,$35.01,0.87,$1.57,19.42,$2.80,10.92,$2.63B,$1.40B,1.88,$2.27B,$1.99B,1.14,$6.91B,$1.31B,18.93%,$6.91B,$0.96B,13.93%,$6.91B,$0.96B,13.93%,$6.91B,$1.14B,16.49%,$6.91B,$0.89B,12.81%,$6.91B,$0.55B,7.98%,$0.55B,$1.99B,35.54%,$0.55B,$0.56B,93.76%,$0.55B,$6.04B,11.95%,$0.96B,$4.26B,29.47%,$2404,$1924,$480,$0,$86,$2045,$359,$-19,$340,$129,$211,$211,$210,$406,$359,$190,200,$1.11,$1.05,$115,$1202,$68,$2628,$1916,$0,$1426,$73,$3416,$6044,$1396,$2270,$44,$2661,$4056,$1,$1747,$5,$1988,$6044,$353,$101,$-0,$101,$-397,$-218,$364,$-13,$-185,$269,$-195,$0,$-271,$-20,$0,$-20,$4,$-482,$370,$0,$370,$-29,$-29,$-33,$-8,$300,$87,$7,$-33
42,2008-03-31,25.79,$8.56,3.01,$27.62,0.93,$0.91,28.25,$2.23,11.59,$1.93B,$1.01B,1.91,$1.81B,$1.62B,1.12,$5.42B,$1.05B,19.30%,$5.42B,$0.77B,14.24%,$5.42B,$0.77B,14.24%,$5.42B,$0.94B,17.25%,$5.42B,$0.70B,12.82%,$5.42B,$0.44B,8.04%,$0.44B,$1.62B,32.24%,$0.44B,$0.61B,59.81%,$0.44B,$4.82B,11.62%,$0.77B,$3.42B,29.26%,$1902,$1555,$347,$0,$65,$1650,$252,$-22,$230,$87,$143,$143,$143,$306,$252,$189,199,$0.75,$0.72,$59,$895,$63,$1928,$1720,$0,$1007,$167,$2894,$4822,$1010,$1805,$40,$2196,$3206,$1,$1556,$-2,$1616,$4822,$143,$53,$3,$57,$-186,$10,$115,$3,$14,$214,$-94,$0,$0,$-20,$0,$-20,$1,$-113,$-15,$0,$-15,$-39,$-39,$-14,$-2,$-70,$30,$4,$-14
43,2007-12-31,23.18,$8.03,2.89,$22.34,1.04,$0.78,29.84,$2.01,11.53,$1.70B,$0.91B,1.88,$1.74B,$1.53B,1.13,$4.39B,$0.92B,20.87%,$4.39B,$0.69B,15.76%,$4.39B,$0.69B,15.76%,$4.39B,$0.83B,18.93%,$4.39B,$0.63B,14.37%,$4.39B,$0.40B,9.01%,$0.40B,$1.53B,31.49%,$0.40B,$0.50B,45.29%,$0.40B,$4.52B,12.61%,$0.69B,$3.26B,31.72%,$1451,$1197,$254,$0,$37,$1273,$178,$-20,$156,$59,$97,$97,$98,$220,$178,$186,197,$0.53,$0.50,$28,$904,$23,$1696,$1652,$0,$1026,$146,$2823,$4519,$905,$1735,$39,$2086,$2990,$1,$1432,$0,$1529,$4519,$395,$138,$18,$156,$58,$-120,$-49,$-14,$-132,$418,$-395,$0,$-848,$-4,$0,$-4,$0,$-1247,$1395,$0,$1395,$-504,$-504,$-56,$-8,$828,$-1,$8,$-56
44,2007-09-30,18.13,$6.19,2.93,$18.93,0.96,$1.97,9.22,$2.03,8.95,$1.29B,$0.67B,1.92,$1.05B,$1.08B,0.97,$3.77B,$0.89B,23.58%,$3.77B,$0.69B,18.23%,$3.77B,$0.69B,18.23%,$3.77B,$0.81B,21.54%,$3.77B,$0.64B,17.01%,$3.77B,$0.40B,10.65%,$0.40B,$1.08B,34.07%,$0.40B,$0.68B,38.53%,$0.40B,$3.10B,15.67%,$0.69B,$2.13B,39.10%,$1157,$928,$228,$0,$38,$983,$174,$-14,$160,$59,$101,$101,$101,$208,$174,$179,190,$0.56,$0.53,$11,$745,$27,$1290,$1358,$0,$399,$48,$1805,$3095,$673,$1049,$0,$1343,$2015,$1,$1349,$0,$1080,$3095,$297,$96,$1,$97,$-21,$-119,$101,$-22,$-45,$348,$-256,$0,$-412,$0,$0,$0,$0,$-667,$767,$0,$767,$-413,$-413,$-43,$-11,$301,$-19,$6,$-43
45,2007-06-30,16.22,$6.44,2.52,$16.99,0.95,$2.47,6.56,$2.04,7.96,$1.23B,$0.58B,2.11,$0.55B,$1.18B,0.47,$3.53B,$0.91B,25.70%,$3.53B,$0.71B,20.20%,$3.53B,$0.71B,20.20%,$3.53B,$0.83B,23.63%,$3.53B,$0.67B,19.10%,$3.53B,$0.42B,11.90%,$0.42B,$1.18B,34.91%,$0.42B,$1.12B,36.36%,$0.42B,$2.58B,17.92%,$0.71B,$1.74B,43.99%,$911,$695,$217,$0,$32,$744,$168,$-19,$149,$55,$94,$94,$94,$201,$168,$187,198,$0.50,$0.48,$12,$726,$31,$1227,$1249,$0,$63,$38,$1349,$2576,$580,$554,$0,$811,$1392,$1,$1261,$0,$1184,$2576,$196,$62,$-1,$62,$-34,$-154,$71,$-18,$-160,$98,$-156,$0,$-38,$0,$0,$0,$-0,$-194,$335,$0,$335,$-219,$-219,$-29,$-8,$79,$-17,$4,$-29
46,2007-03-31,16.65,$6.48,2.57,$16.11,1.03,$3.27,5.09,$2.01,8.3,$1.10B,$0.50B,2.2,$0.36B,$1.23B,0.29,$3.44B,$0.89B,25.79%,$3.44B,$0.70B,20.33%,$3.44B,$0.70B,20.33%,$3.44B,$0.82B,23.82%,$3.44B,$0.67B,19.54%,$3.44B,$0.42B,12.30%,$0.42B,$1.23B,34.86%,$0.42B,$1.18B,36.15%,$0.42B,$2.34B,18.88%,$0.70B,$1.58B,43.87%,$866,$649,$216,$0,$45,$694,$171,$-8,$165,$63,$102,$102,$102,$201,$171,$193,203,$0.53,$0.50,$28,$626,$11,$1101,$1162,$0,$43,$36,$1241,$2341,$501,$358,$0,$615,$1116,$1,$1181,$0,$1225,$2341,$102,$29,$2,$31,$-14,$-57,$77,$-1,$15,$148,$-54,$0,$0,$0,$0,$0,$-0,$-54,$15,$0,$15,$-96,$-96,$-15,$0,$-95,$-1,$2,$-15
47,2006-12-31,12.46,$6.35,1.96,$15.15,0.82,$3.42,3.65,$1.88,6.62,$1.04B,$0.40B,2.61,$0.36B,$1.23B,0.29,$3.24B,$0.83B,25.63%,$3.24B,$0.66B,20.35%,$3.24B,$0.66B,20.35%,$3.24B,$0.77B,23.90%,$3.24B,$0.63B,19.48%,$3.24B,$0.40B,12.26%,$0.40B,$1.23B,34.51%,$0.40B,$1.19B,35.52%,$0.40B,$2.25B,18.68%,$0.66B,$1.59B,42.56%,$840,$611,$229,$0,$-6,$665,$175,$-6,$168,$63,$105,$105,$105,$203,$175,$188,212,$0.58,$0.52,$29,$569,$15,$1036,$1137,$0,$43,$31,$1211,$2247,$397,$358,$2,$619,$1016,$1,$1093,$0,$1231,$2247,$397,$115,$9,$124,$-72,$-66,$-10,$-3,$-115,$405,$-129,$0,$-89,$0,$0,$0,$0,$-217,$33,$0,$33,$-219,$-219,$-38,$0,$-224,$-36,$9,$-38
