,Date,Stock Price,Book Value per Share,Price to Book Ratio,TTM Sales per Share,Price to Sales Ratio,TTM FCF per Share,Price to FCF Ratio,TTM Net EPS,PE Ratio,Current Assets,Current Liabilities,Current Ratio,Long Term Debt,Shareholder's Equity_x,Debt to Equity Ratio,TTM Revenue_x,TTM Gross Profit,Gross Margin,TTM Revenue_y,TTM Operating Income,Operating Margin,TTM Revenue_x,TTM EBIT,EBIT Margin,TTM Revenue_y,TTM EBITDA,EBITDA Margin,TTM Revenue_x,TTM Pre-Tax Income,Pre-Tax Margin,TTM Revenue_y,TTM Net Income_x,Net Margin,TTM Net Income_y,Shareholder's Equity_y,Return on Equity,TTM Net Income_x,Tangible Equity,Return on Tangible Equity,TTM Net Income_y,Total Assets,Return on Assets,TTM Net Income,LT Investments & Debt,Return on Investment,revenue,cost-goods-sold,gross-profit,research-development-expenses,selling-general-administrative-expenses,operating-expenses,operating-income,total-non-operating-income-expense,pre-tax-income,total-provision-income-taxes,income-after-taxes,income-from-continuous-operations,net-income,ebitda,ebit,basic-shares-outstanding,shares-outstanding,eps-basic-net-earnings-per-share,eps-earnings-per-share-diluted,cash-on-hand,inventory,other-current-assets,total-current-assets,net-property-plant-equipment,long-term-investments,goodwill-intangible-assets-total,other-long-term-assets,total-long-term-assets,total-assets,total-current-liabilities,long-term-debt,other-non-current-liabilities,total-long-term-liabilities,total-liabilities,common-stock-net,retained-earnings-accumulated-deficit,comprehensive-income,total-share-holder-equity,total-liabilities-share-holders-equity,net-income-loss,total-depreciation-amortization-cash-flow,other-non-cash-items,total-non-cash-items,change-in-accounts-receivable,change-in-inventories,change-in-accounts-payable,change-in-assets-liabilities,total-change-in-assets-liabilities,cash-flow-from-operating-activities,net-change-in-property-plant-equipment,net-change-in-intangible-assets,net-acquisitions-divestitures,net-change-in-short-term-investments,net-change-in-long-term-investments,net-change-in-investments-total,investing-activities-other,cash-flow-from-investing-activities,net-long-term-debt,net-current-debt,debt-issuance-retirement-net-total,net-common-equity-issued-repurchased,net-total-equity-issued-repurchased,total-common-preferred-stock-dividends-paid,financial-activities-other,cash-flow-from-financial-activities,net-cash-flow,stock-based-compensation,common-stock-dividends-paid
0,2018-09-30,226.2,$35.92,6.3,$29.34,7.71,$28.82,7.85,$8.85,25.56,$0.23B,$0.13B,1.79,$0.05B,$0.65B,0.08,$0.55B,$0.44B,80.00%,$0.55B,$0.19B,34.91%,$0.55B,$0.19B,34.91%,$0.55B,$0.22B,39.09%,$0.55B,$0.19B,34.36%,$0.55B,$0.17B,30.18%,$0.17B,$0.65B,28.76%,$0.17B,$0.10B,82.28%,$0.17B,$0.86B,21.75%,$0.19B,$0.71B,30.30%,$144,$33,$110,$14,$52,$99,$44,$-2,$43,$9,$33,$33,$33,$51,$44,$18,19,$1.84,$1.75,$78,$0,$58,$232,$37,$0,$551,$8,$627,$859,$130,$53,$8,$77,$207,$0,$49,$6,$653,$859,$126,$17,$37,$54,$-5,$0,$0,$-15,$-20,$160,$-2,$0,$-209,$0,$0,$0,$0,$-210,$-19,$1,$-18,$-3,$-3,$0,$-4,$-25,$-76,$26,$0
1,2018-06-30,253.05,$33.64,7.52,$28.01,9.03,$28.21,8.97,$9.59,26.39,$0.39B,$0.12B,3.38,$0.06B,$0.61B,0.09,$0.52B,$0.42B,81.38%,$0.52B,$0.18B,35.32%,$0.52B,$0.18B,35.32%,$0.52B,$0.21B,39.35%,$0.52B,$0.18B,34.74%,$0.52B,$0.18B,34.36%,$0.18B,$0.61B,33.74%,$0.18B,$0.30B,84.63%,$0.18B,$0.79B,24.82%,$0.18B,$0.67B,30.41%,$140,$29,$110,$12,$51,$93,$47,$-1,$46,$1,$46,$46,$46,$52,$47,$18,19,$2.53,$2.41,$283,$0,$40,$390,$37,$0,$313,$8,$398,$788,$115,$56,$7,$62,$178,$0,$16,$0,$611,$788,$93,$11,$19,$30,$13,$0,$0,$-2,$14,$136,$-1,$0,$0,$0,$0,$0,$0,$-1,$-4,$-1,$-5,$3,$3,$0,$-4,$-6,$129,$17,$0
2,2018-03-31,201.05,$30.57,6.58,$27.03,7.44,$25.15,7.99,$8.89,22.62,$0.33B,$0.12B,2.8,$0.06B,$0.55B,0.11,$0.50B,$0.41B,82.70%,$0.50B,$0.18B,36.02%,$0.50B,$0.18B,36.02%,$0.50B,$0.20B,40.24%,$0.50B,$0.18B,35.41%,$0.50B,$0.16B,33.00%,$0.16B,$0.55B,34.27%,$0.16B,$0.23B,105.47%,$0.16B,$0.73B,24.17%,$0.18B,$0.61B,31.35%,$134,$26,$108,$12,$47,$84,$49,$-1,$49,$2,$47,$47,$47,$55,$49,$18,19,$2.67,$2.54,$196,$0,$38,$326,$37,$0,$317,$6,$402,$727,$116,$58,$6,$64,$181,$0,$-30,$0,$547,$727,$47,$5,$8,$14,$-11,$0,$0,$-1,$-6,$55,$-0,$0,$0,$0,$0,$0,$0,$-0,$-2,$-1,$-3,$-6,$-6,$0,$-4,$-13,$42,$8,$0
3,2017-12-31,188.0,$28.33,6.64,$25.60,7.34,$24.71,7.61,$8.17,23.01,$0.27B,$0.12B,2.35,$0.06B,$0.50B,0.12,$0.47B,$0.39B,83.33%,$0.47B,$0.17B,35.26%,$0.47B,$0.17B,35.26%,$0.47B,$0.19B,39.53%,$0.47B,$0.16B,34.40%,$0.47B,$0.15B,32.05%,$0.15B,$0.50B,34.05%,$0.15B,$0.18B,132.16%,$0.15B,$0.68B,23.03%,$0.17B,$0.56B,29.96%,$132,$21,$112,$12,$48,$81,$52,$-1,$51,$11,$40,$40,$40,$57,$52,$17,18,$2.31,$2.17,$154,$0,$37,$271,$38,$0,$321,$6,$408,$679,$115,$61,$5,$66,$181,$0,$-77,$0,$498,$679,$151,$22,$49,$70,$-18,$0,$0,$1,$-23,$198,$-7,$0,$0,$2,$0,$2,$0,$-5,$-79,$2,$-77,$-68,$-68,$0,$-1,$-146,$47,$41,$0
4,2017-09-30,202.65,$26.88,7.54,$24.19,8.38,$22.01,9.21,$7.63,26.56,$0.28B,$0.10B,2.8,$0.13B,$0.47B,0.27,$0.44B,$0.37B,82.81%,$0.44B,$0.15B,34.84%,$0.44B,$0.15B,34.84%,$0.44B,$0.18B,39.59%,$0.44B,$0.15B,34.16%,$0.44B,$0.14B,31.45%,$0.14B,$0.47B,33.96%,$0.14B,$0.14B,177.64%,$0.14B,$0.69B,21.92%,$0.15B,$0.59B,28.53%,$115,$22,$94,$12,$46,$79,$36,$-1,$35,$-11,$46,$46,$46,$41,$36,$17,19,$2.71,$2.49,$184,$0,$45,$281,$38,$0,$325,$6,$411,$691,$100,$125,$0,$125,$225,$0,$-117,$0,$466,$691,$110,$16,$42,$59,$10,$0,$0,$-34,$-20,$149,$-6,$0,$0,$2,$0,$2,$0,$-4,$-15,$-0,$-15,$-52,$-52,$0,$-1,$-68,$77,$34,$0
5,2017-06-30,154.88,$23.78,6.51,$23.10,6.7,$19.87,7.79,$6.17,25.1,$0.20B,$0.09B,2.3,$0.13B,$0.40B,0.32,$0.42B,$0.35B,82.86%,$0.42B,$0.15B,35.71%,$0.42B,$0.15B,35.71%,$0.42B,$0.17B,40.71%,$0.42B,$0.15B,35.00%,$0.42B,$0.11B,26.67%,$0.11B,$0.40B,29.51%,$0.11B,$0.07B,250.28%,$0.11B,$0.62B,18.53%,$0.15B,$0.53B,29.15%,$116,$19,$97,$12,$44,$74,$42,$-1,$41,$10,$31,$31,$31,$47,$42,$17,18,$1.83,$1.71,$110,$0,$23,$199,$38,$0,$329,$5,$417,$617,$87,$127,$0,$127,$214,$0,$-163,$0,$403,$617,$64,$11,$28,$39,$-3,$0,$0,$-12,$-25,$78,$-4,$0,$0,$2,$0,$2,$0,$-3,$-13,$-1,$-14,$-58,$-58,$0,$-1,$-72,$3,$22,$0
6,2017-03-31,118.35,$23.13,5.12,$21.31,5.55,$20.24,5.85,$5.25,22.54,$0.20B,$0.09B,2.07,$0.13B,$0.40B,0.33,$0.39B,$0.32B,82.73%,$0.39B,$0.13B,34.28%,$0.39B,$0.13B,34.28%,$0.39B,$0.15B,39.43%,$0.39B,$0.13B,33.51%,$0.39B,$0.10B,24.48%,$0.10B,$0.40B,26.41%,$0.10B,$0.06B,269.50%,$0.10B,$0.62B,16.18%,$0.13B,$0.52B,26.64%,$105,$18,$87,$11,$42,$70,$35,$-1,$34,$1,$33,$33,$33,$40,$35,$17,18,$1.96,$1.82,$118,$0,$15,$195,$38,$0,$333,$4,$423,$618,$94,$129,$0,$129,$223,$0,$-194,$0,$395,$618,$33,$5,$14,$20,$1,$0,$0,$-2,$-4,$49,$-3,$0,$0,$0,$-0,$-0,$0,$-3,$-12,$-1,$-12,$-24,$-24,$0,$0,$-36,$10,$11,$0
7,2016-12-31,114.65,$22.06,5.2,$19.91,5.76,$20.21,5.67,$4.14,27.69,$0.18B,$0.10B,1.91,$0.14B,$0.37B,0.38,$0.37B,$0.30B,82.47%,$0.37B,$0.12B,32.88%,$0.37B,$0.12B,32.88%,$0.37B,$0.14B,38.36%,$0.37B,$0.12B,32.05%,$0.37B,$0.08B,20.55%,$0.08B,$0.37B,21.90%,$0.08B,$0.04B,263.16%,$0.08B,$0.61B,13.13%,$0.12B,$0.51B,24.55%,$106,$18,$88,$10,$37,$64,$41,$-1,$41,$12,$29,$29,$29,$47,$41,$17,18,$1.70,$1.59,$108,$0,$13,$184,$37,$0,$337,$4,$426,$610,$96,$141,$0,$141,$237,$0,$-230,$0,$373,$610,$75,$20,$41,$60,$-7,$0,$0,$-1,$12,$148,$-8,$0,$-56,$8,$0,$9,$0,$-55,$-15,$2,$-12,$-65,$-65,$0,$27,$-51,$42,$7,$0
8,2016-09-30,94.51,$20.28,4.66,$18.36,5.15,$15.19,6.22,$2.53,37.36,$0.15B,$0.08B,1.86,$0.14B,$0.35B,0.41,$0.33B,$0.27B,82.07%,$0.33B,$0.08B,23.71%,$0.33B,$0.08B,23.71%,$0.33B,$0.10B,28.88%,$0.33B,$0.08B,22.80%,$0.33B,$0.05B,13.98%,$0.05B,$0.35B,14.89%,$0.05B,$0.01B,800.00%,$0.05B,$0.57B,8.35%,$0.08B,$0.49B,16.98%,$93,$17,$76,$9,$35,$61,$32,$-1,$31,$12,$19,$19,$19,$37,$32,$17,18,$1.08,$1.03,$84,$0,$10,$154,$32,$0,$341,$8,$419,$573,$83,$143,$0,$143,$226,$0,$-259,$0,$347,$573,$46,$14,$42,$56,$-4,$0,$0,$0,$2,$104,$-3,$0,$-56,$7,$0,$7,$0,$-52,$-13,$3,$-10,$-35,$-35,$0,$10,$-36,$16,$15,$0
9,2016-06-30,87.42,$18.81,4.65,$16.20,5.39,$11.52,7.59,$1.92,45.53,$0.18B,$0.08B,2.28,$0.14B,$0.32B,0.45,$0.29B,$0.23B,81.25%,$0.29B,$0.06B,20.49%,$0.29B,$0.06B,20.49%,$0.29B,$0.07B,25.35%,$0.29B,$0.06B,19.79%,$0.29B,$0.03B,11.81%,$0.03B,$0.32B,12.16%,$0.03B,$0.04B,85.00%,$0.03B,$0.55B,7.04%,$0.06B,$0.47B,14.97%,$84,$14,$70,$8,$37,$59,$25,$-1,$24,$10,$14,$14,$14,$29,$25,$17,18,$0.82,$0.79,$123,$0,$10,$179,$32,$0,$288,$7,$368,$547,$79,$144,$0,$144,$223,$0,$-277,$0,$324,$547,$28,$9,$32,$41,$9,$0,$0,$-0,$14,$82,$-1,$0,$-1,$4,$0,$4,$0,$2,$-12,$1,$-12,$-22,$-22,$0,$0,$-33,$51,$16,$0
10,2016-03-31,106.28,$18.65,5.7,$14.53,7.31,$8.60,12.36,$0.49,216.9,$0.17B,$0.07B,2.38,$0.16B,$0.33B,0.48,$0.25B,$0.20B,80.16%,$0.25B,$0.02B,7.54%,$0.25B,$0.02B,7.54%,$0.25B,$0.03B,12.30%,$0.25B,$0.02B,7.14%,$0.25B,$0.01B,3.97%,$0.01B,$0.33B,3.97%,$0.01B,$0.04B,15.75%,$0.01B,$0.55B,2.38%,$0.02B,$0.48B,5.75%,$82,$15,$67,$8,$37,$60,$22,$-1,$21,$8,$13,$13,$13,$27,$22,$17,19,$0.76,$0.71,$120,$0,$11,$173,$31,$2,$291,$8,$382,$554,$73,$156,$0,$156,$228,$0,$-292,$0,$326,$554,$13,$5,$15,$19,$13,$0,$0,$-3,$14,$47,$-0,$0,$-1,$1,$0,$1,$0,$0,$-1,$-2,$-3,$3,$3,$0,$0,$0,$47,$7,$0
11,2015-12-31,109.61,$14.31,7.66,$12.88,8.51,$7.16,15.32,$-0.28,0.0,$0.14B,$0.13B,1.04,$0.16B,$0.24B,0.66,$0.21B,$0.17B,78.97%,$0.21B,$-0.01B,-2.34%,$0.21B,$-0.01B,-2.34%,$0.21B,$0.00B,1.87%,$0.21B,$-0.01B,-2.34%,$0.21B,$-0.00B,-1.87%,$-0.00B,$0.24B,-1.77%,$-0.00B,$-0.06B,-4.53%,$-0.00B,$0.53B,-1.14%,$-0.01B,$0.40B,-1.89%,$70,$13,$57,$7,$31,$71,$-1,$-0,$-1,$-1,$-0,$-0,$-0,$2,$-1,$16,16,$0.00,$0.02,$74,$0,$8,$137,$32,$2,$294,$7,$392,$529,$132,$157,$0,$157,$290,$0,$-305,$0,$239,$529,$-4,$8,$59,$67,$-32,$0,$0,$-0,$-17,$46,$-2,$0,$-214,$4,$3,$7,$0,$-210,$162,$13,$175,$12,$12,$0,$1,$188,$24,$15,$0
12,2015-09-30,74.01,$13.77,5.37,$11.17,6.62,$7.47,9.91,$0.26,284.65,$0.12B,$0.07B,1.68,$0.00B,$0.23B,0.0,$0.19B,$0.15B,77.96%,$0.19B,$-0.00B,-2.15%,$0.19B,$-0.00B,-2.15%,$0.19B,$0.00B,1.61%,$0.19B,$-0.00B,-2.15%,$0.19B,$0.01B,2.69%,$0.01B,$0.23B,2.30%,$0.01B,$0.14B,3.80%,$0.01B,$0.30B,1.77%,$-0.00B,$0.23B,-1.84%,$52,$11,$40,$5,$21,$39,$13,$0,$13,$6,$7,$7,$7,$15,$13,$17,18,$0.44,$0.42,$99,$0,$8,$124,$29,$3,$84,$9,$178,$303,$74,$0,$0,$0,$74,$0,$-305,$0,$229,$303,$-4,$5,$34,$39,$-3,$0,$0,$-3,$-0,$35,$-2,$0,$0,$3,$1,$4,$0,$2,$0,$2,$2,$9,$9,$0,$0,$11,$49,$9,$0
13,2015-06-30,73.57,$13.04,5.64,$10.55,6.97,$7.86,9.36,$0.42,175.17,$0.11B,$0.08B,1.33,$0.00B,$0.21B,0.0,$0.17B,$0.13B,77.91%,$0.17B,$-0.01B,-4.65%,$0.17B,$-0.01B,-4.65%,$0.17B,$-0.00B,-0.58%,$0.17B,$-0.01B,-4.65%,$0.17B,$0.01B,4.07%,$0.01B,$0.21B,3.37%,$0.01B,$0.13B,5.74%,$0.01B,$0.30B,2.64%,$-0.01B,$0.21B,-3.85%,$48,$10,$38,$5,$25,$64,$-15,$-0,$-15,$-5,$-10,$-10,$-10,$-13,$-15,$16,16,$-0.64,$-0.64,$84,$0,$6,$107,$30,$6,$85,$9,$188,$295,$81,$0,$0,$0,$81,$0,$-312,$0,$214,$295,$-11,$4,$24,$27,$-2,$0,$0,$-1,$10,$26,$-1,$0,$0,$3,$1,$4,$0,$3,$0,$2,$2,$6,$6,$0,$0,$8,$37,$6,$0
14,2015-03-31,67.29,$13.42,5.01,$9.70,6.94,$7.89,8.53,$1.74,38.67,$0.09B,$0.06B,1.55,$0.00B,$0.22B,0.0,$0.16B,$0.12B,77.85%,$0.16B,$0.02B,9.49%,$0.16B,$0.02B,9.49%,$0.16B,$0.02B,13.29%,$0.16B,$0.02B,9.49%,$0.16B,$0.03B,17.72%,$0.03B,$0.22B,14.04%,$0.03B,$0.13B,23.73%,$0.03B,$0.28B,11.43%,$0.02B,$0.22B,7.52%,$44,$10,$34,$4,$22,$46,$-2,$0,$-2,$-1,$-1,$-1,$-1,$-0,$-2,$16,16,$-0.06,$-0.06,$72,$0,$5,$92,$30,$9,$86,$9,$187,$279,$59,$0,$0,$0,$59,$0,$-302,$0,$220,$279,$-1,$2,$12,$14,$0,$0,$0,$-1,$5,$17,$-0,$0,$0,$1,$1,$2,$0,$1,$0,$3,$3,$4,$4,$0,$0,$7,$25,$3,$0
15,2014-12-31,47.99,$12.82,3.74,$8.97,5.35,$7.88,6.09,$2.24,21.42,$0.07B,$0.03B,1.94,$0.00B,$0.21B,0.0,$0.15B,$0.12B,78.23%,$0.15B,$0.02B,16.33%,$0.15B,$0.02B,16.33%,$0.15B,$0.03B,19.73%,$0.15B,$0.03B,17.01%,$0.15B,$0.04B,24.49%,$0.04B,$0.21B,18.97%,$0.04B,$0.12B,27.80%,$0.04B,$0.26B,16.00%,$0.02B,$0.21B,12.65%,$42,$9,$33,$4,$22,$42,$-0,$0,$-0,$-9,$9,$9,$9,$1,$-0,$16,16,$0.55,$0.55,$47,$0,$6,$66,$30,$10,$86,$8,$189,$255,$34,$0,$16,$16,$50,$0,$-301,$0,$205,$255,$37,$5,$0,$5,$6,$0,$0,$-2,$10,$52,$-3,$0,$-70,$0,$4,$4,$0,$-69,$0,$0,$0,$-8,$-8,$0,$0,$-8,$-26,$5,$0
16,2014-09-30,31.76,$12.07,2.63,$8.40,3.78,$6.77,4.69,$2.83,11.22,$0.05B,$0.03B,1.78,$0.00B,$0.19B,0.0,$0.14B,$0.11B,78.83%,$0.14B,$0.03B,24.09%,$0.14B,$0.03B,24.09%,$0.14B,$0.04B,27.74%,$0.14B,$0.03B,24.82%,$0.14B,$0.05B,33.58%,$0.05B,$0.19B,25.34%,$0.05B,$0.11B,32.28%,$0.05B,$0.23B,22.12%,$0.03B,$0.19B,18.18%,$38,$9,$29,$3,$16,$29,$9,$0,$9,$-0,$9,$9,$9,$11,$9,$16,16,$0.60,$0.58,$32,$0,$6,$48,$31,$13,$87,$7,$182,$230,$27,$0,$11,$11,$38,$0,$-310,$0,$192,$230,$28,$3,$-1,$2,$8,$0,$0,$-2,$9,$40,$-2,$0,$-70,$2,$1,$4,$0,$-69,$0,$0,$0,$-10,$-10,$0,$0,$-10,$-39,$2,$0
17,2014-06-30,33.69,$11.42,2.95,$7.98,4.22,$6.23,5.41,$2.78,12.12,$0.06B,$0.02B,2.33,$0.00B,$0.18B,0.0,$0.13B,$0.10B,80.00%,$0.13B,$0.03B,25.38%,$0.13B,$0.03B,25.38%,$0.13B,$0.04B,27.69%,$0.13B,$0.03B,26.15%,$0.13B,$0.05B,35.38%,$0.05B,$0.18B,26.90%,$0.05B,$0.11B,29.97%,$0.05B,$0.22B,24.02%,$0.03B,$0.18B,19.30%,$34,$8,$27,$3,$16,$27,$8,$0,$8,$-3,$11,$11,$11,$9,$8,$16,16,$0.70,$0.68,$40,$0,$6,$56,$30,$13,$67,$7,$160,$216,$24,$0,$11,$11,$35,$0,$-319,$0,$181,$216,$19,$2,$-2,$0,$9,$0,$0,$-3,$8,$27,$-1,$0,$-49,$0,$1,$2,$0,$-49,$0,$0,$0,$-11,$-11,$0,$0,$-11,$-33,$2,$0
18,2014-03-31,33.56,$11.16,3.01,$7.88,4.26,$5.75,5.83,$2.63,12.76,$0.11B,$0.02B,6.02,$0.00B,$0.18B,0.0,$0.13B,$0.10B,79.69%,$0.13B,$0.03B,26.56%,$0.13B,$0.03B,26.56%,$0.13B,$0.04B,28.13%,$0.13B,$0.04B,27.34%,$0.13B,$0.04B,34.38%,$0.04B,$0.18B,27.63%,$0.04B,$0.18B,27.85%,$0.04B,$0.20B,25.18%,$0.03B,$0.18B,21.35%,$33,$7,$26,$3,$16,$26,$7,$0,$8,$0,$7,$7,$7,$8,$7,$16,17,$0.45,$0.44,$90,$0,$6,$107,$30,$15,$1,$5,$92,$199,$18,$0,$0,$0,$18,$0,$-330,$0,$181,$199,$7,$1,$1,$2,$7,$0,$0,$-0,$9,$18,$-1,$0,$0,$-1,$-1,$-2,$0,$-3,$0,$0,$0,$1,$1,$0,$0,$1,$17,$1,$0
19,2013-12-31,42.1,$10.61,3.97,$7.89,5.34,$5.42,7.77,$2.68,15.71,$0.10B,$0.02B,6.33,$0.00B,$0.17B,0.0,$0.13B,$0.10B,78.74%,$0.13B,$0.04B,27.56%,$0.13B,$0.04B,27.56%,$0.13B,$0.04B,28.35%,$0.13B,$0.04B,27.56%,$0.13B,$0.05B,35.43%,$0.05B,$0.17B,31.20%,$0.05B,$0.17B,31.47%,$0.05B,$0.19B,28.21%,$0.04B,$0.17B,24.26%,$32,$6,$26,$3,$14,$23,$9,$0,$9,$-10,$19,$19,$19,$10,$9,$16,16,$1.18,$1.16,$73,$0,$7,$97,$30,$14,$1,$5,$90,$187,$15,$0,$0,$0,$15,$0,$-338,$0,$172,$187,$44,$3,$-5,$-3,$-3,$0,$0,$-2,$-6,$36,$-5,$0,$0,$-0,$-3,$-4,$0,$-9,$0,$0,$0,$10,$10,$0,$0,$10,$37,$4,$0
20,2013-09-30,45.93,$9.35,4.91,$7.69,5.97,$3.60,12.77,$2.13,21.56,$0.09B,$0.02B,6.12,$0.00B,$0.15B,0.0,$0.13B,$0.10B,77.60%,$0.13B,$0.03B,26.40%,$0.13B,$0.03B,26.40%,$0.13B,$0.03B,26.40%,$0.13B,$0.03B,26.40%,$0.13B,$0.04B,28.00%,$0.04B,$0.15B,27.03%,$0.04B,$0.15B,27.29%,$0.04B,$0.16B,24.05%,$0.03B,$0.15B,25.48%,$31,$7,$25,$3,$13,$22,$9,$0,$9,$0,$9,$9,$9,$9,$9,$16,16,$0.55,$0.53,$74,$0,$6,$89,$30,$10,$1,$5,$76,$164,$15,$0,$0,$0,$15,$0,$-356,$0,$150,$164,$25,$2,$4,$5,$5,$0,$0,$-1,$3,$33,$-4,$0,$0,$-2,$1,$-1,$0,$-6,$0,$0,$0,$8,$8,$0,$0,$8,$36,$4,$0
21,2013-06-30,39.39,$8.55,4.6,$7.53,5.23,$1.58,24.89,$2.02,19.5,$0.08B,$0.02B,5.13,$0.00B,$0.13B,0.0,$0.12B,$0.10B,77.24%,$0.12B,$0.03B,25.20%,$0.12B,$0.03B,25.20%,$0.12B,$0.03B,26.02%,$0.12B,$0.03B,25.20%,$0.12B,$0.03B,26.83%,$0.03B,$0.13B,27.44%,$0.03B,$0.13B,27.79%,$0.03B,$0.15B,24.22%,$0.03B,$0.13B,25.78%,$32,$7,$25,$3,$14,$24,$9,$0,$9,$0,$9,$9,$9,$9,$9,$15,16,$0.56,$0.53,$60,$0,$7,$77,$29,$6,$1,$4,$71,$149,$15,$0,$0,$0,$15,$0,$-365,$0,$134,$149,$17,$1,$2,$3,$3,$0,$0,$-2,$1,$21,$-3,$0,$0,$-0,$4,$4,$0,$1,$0,$0,$0,$2,$2,$0,$0,$2,$24,$2,$0
22,2013-03-31,24.97,$7.91,3.15,$7.18,3.48,$0.01,1863.43,$1.83,13.64,$0.06B,$0.02B,3.88,$0.00B,$0.12B,0.0,$0.12B,$0.09B,77.31%,$0.12B,$0.03B,23.53%,$0.12B,$0.03B,23.53%,$0.12B,$0.03B,24.37%,$0.12B,$0.03B,23.53%,$0.12B,$0.03B,25.21%,$0.03B,$0.12B,25.48%,$0.03B,$0.12B,25.81%,$0.03B,$0.14B,22.51%,$0.03B,$0.12B,23.78%,$32,$8,$24,$3,$14,$24,$8,$0,$8,$0,$8,$8,$8,$8,$8,$15,16,$0.52,$0.49,$47,$0,$6,$64,$28,$10,$1,$4,$74,$138,$16,$0,$0,$0,$16,$0,$-374,$0,$121,$138,$8,$1,$1,$2,$4,$0,$0,$-1,$3,$13,$-2,$0,$0,$-0,$1,$1,$0,$-1,$0,$0,$0,$-1,$-1,$0,$0,$-1,$11,$1,$0
23,2012-12-31,25.2,$7.37,3.42,$6.82,3.69,$-0.94,0.0,$2.29,11.0,$0.06B,$0.02B,3.13,$0.00B,$0.11B,0.0,$0.12B,$0.09B,77.39%,$0.12B,$0.02B,20.87%,$0.12B,$0.02B,20.87%,$0.12B,$0.03B,22.61%,$0.12B,$0.03B,21.74%,$0.12B,$0.04B,33.04%,$0.04B,$0.11B,32.76%,$0.04B,$0.11B,33.19%,$0.04B,$0.13B,28.95%,$0.02B,$0.11B,20.69%,$30,$7,$23,$2,$13,$23,$7,$0,$7,$-2,$9,$9,$9,$7,$7,$16,17,$0.60,$0.59,$36,$0,$6,$56,$29,$11,$1,$4,$75,$131,$18,$0,$0,$0,$18,$0,$-382,$0,$113,$131,$39,$2,$-10,$-9,$-4,$0,$0,$-0,$-2,$27,$-26,$0,$0,$-5,$3,$-2,$1,$-28,$0,$0,$0,$-24,$-24,$0,$0,$-24,$-25,$4,$0
24,2012-09-30,23.14,$7.20,3.21,$6.83,3.39,$-0.07,0.0,$2.52,9.18,$0.05B,$0.02B,3.68,$0.00B,$0.11B,0.0,$0.11B,$0.09B,76.79%,$0.11B,$0.02B,19.64%,$0.11B,$0.02B,19.64%,$0.11B,$0.02B,21.43%,$0.11B,$0.02B,20.54%,$0.11B,$0.04B,37.50%,$0.04B,$0.11B,37.75%,$0.04B,$0.11B,38.27%,$0.04B,$0.13B,33.47%,$0.02B,$0.11B,19.78%,$29,$6,$23,$3,$13,$22,$7,$0,$7,$0,$7,$7,$7,$8,$7,$16,17,$0.43,$0.42,$37,$0,$5,$54,$26,$14,$1,$4,$74,$127,$15,$0,$0,$0,$15,$0,$-391,$0,$113,$127,$29,$1,$-9,$-8,$-1,$0,$0,$0,$-1,$21,$-25,$0,$0,$-3,$-1,$-4,$1,$-28,$0,$0,$0,$-14,$-14,$0,$0,$-14,$-21,$3,$0
25,2012-06-30,24.67,$7.48,3.3,$6.74,3.66,$0.97,25.56,$2.40,10.28,$0.07B,$0.01B,5.13,$0.00B,$0.12B,0.0,$0.11B,$0.08B,75.93%,$0.11B,$0.02B,17.59%,$0.11B,$0.02B,17.59%,$0.11B,$0.02B,19.44%,$0.11B,$0.02B,19.44%,$0.11B,$0.04B,37.04%,$0.04B,$0.12B,40.40%,$0.04B,$0.12B,40.92%,$0.04B,$0.14B,35.48%,$0.02B,$0.12B,19.19%,$28,$7,$22,$3,$13,$22,$6,$0,$6,$0,$6,$6,$6,$6,$6,$16,17,$0.36,$0.34,$52,$0,$4,$67,$23,$14,$1,$3,$70,$137,$13,$0,$0,$0,$13,$0,$-398,$0,$124,$137,$22,$1,$-10,$-9,$0,$0,$0,$1,$0,$14,$-22,$0,$0,$-4,$-1,$-5,$1,$-26,$0,$0,$0,$5,$5,$0,$0,$5,$-7,$2,$0
26,2012-03-31,27.88,$6.98,4.0,$6.94,4.02,$1.79,15.54,$2.45,11.38,$0.06B,$0.02B,3.92,$0.00B,$0.11B,0.0,$0.11B,$0.08B,74.77%,$0.11B,$0.02B,17.76%,$0.11B,$0.02B,17.76%,$0.11B,$0.02B,19.63%,$0.11B,$0.02B,19.63%,$0.11B,$0.04B,37.38%,$0.04B,$0.11B,49.54%,$0.04B,$0.11B,50.16%,$0.04B,$0.13B,42.67%,$0.02B,$0.11B,23.53%,$28,$7,$21,$3,$14,$24,$4,$0,$5,$-12,$16,$16,$16,$5,$4,$16,17,$1.01,$0.95,$49,$0,$5,$61,$18,$18,$1,$3,$68,$130,$16,$0,$0,$0,$16,$0,$-404,$0,$114,$130,$16,$0,$-11,$-10,$3,$0,$0,$1,$5,$11,$-15,$0,$0,$-0,$-5,$-5,$1,$-20,$0,$0,$0,$2,$2,$0,$0,$2,$-7,$1,$0
27,2011-12-31,26.13,$5.82,4.49,$6.85,3.81,$2.21,11.83,$1.68,15.55,$0.07B,$0.01B,5.15,$0.00B,$0.09B,0.0,$0.10B,$0.08B,74.51%,$0.10B,$0.02B,17.65%,$0.10B,$0.02B,17.65%,$0.10B,$0.02B,18.63%,$0.10B,$0.02B,18.63%,$0.10B,$0.03B,26.47%,$0.03B,$0.09B,42.35%,$0.03B,$0.09B,43.03%,$0.03B,$0.11B,35.41%,$0.02B,$0.09B,28.24%,$27,$7,$20,$2,$13,$23,$5,$0,$5,$-9,$13,$13,$13,$5,$5,$15,15,$0.89,$0.86,$56,$0,$5,$72,$2,$13,$1,$4,$36,$108,$14,$0,$0,$0,$14,$0,$-420,$0,$94,$108,$26,$1,$-5,$-4,$-6,$0,$0,$-4,$-7,$15,$-1,$0,$0,$11,$1,$12,$-1,$11,$0,$0,$0,$20,$20,$0,$0,$20,$46,$3,$0
28,2011-09-30,20.44,$4.29,4.76,$6.60,3.1,$1.51,13.53,$0.85,24.05,$0.05B,$0.01B,4.19,$0.00B,$0.06B,0.0,$0.10B,$0.07B,73.47%,$0.10B,$0.01B,13.27%,$0.10B,$0.01B,13.27%,$0.10B,$0.01B,14.29%,$0.10B,$0.01B,14.29%,$0.10B,$0.01B,14.29%,$0.01B,$0.06B,27.32%,$0.01B,$0.06B,27.86%,$0.01B,$0.08B,22.05%,$0.01B,$0.06B,25.37%,$25,$6,$19,$2,$12,$20,$4,$0,$5,$0,$5,$5,$5,$5,$4,$15,15,$0.31,$0.30,$40,$0,$5,$51,$2,$12,$1,$3,$25,$76,$12,$0,$0,$0,$12,$0,$-434,$0,$64,$76,$13,$1,$3,$3,$-2,$0,$0,$-3,$-4,$13,$-1,$0,$0,$4,$3,$7,$0,$6,$0,$0,$0,$4,$4,$0,$0,$4,$23,$3,$0
29,2011-06-30,13.34,$3.55,3.76,$6.38,2.09,$1.34,9.99,$0.74,18.03,$0.04B,$0.01B,3.23,$0.00B,$0.05B,0.0,$0.09B,$0.07B,72.34%,$0.09B,$0.01B,12.77%,$0.09B,$0.01B,12.77%,$0.09B,$0.01B,12.77%,$0.09B,$0.01B,12.77%,$0.09B,$0.01B,12.77%,$0.01B,$0.05B,22.64%,$0.01B,$0.05B,22.97%,$0.01B,$0.06B,17.91%,$0.01B,$0.05B,22.64%,$27,$7,$20,$2,$12,$21,$6,$0,$6,$0,$6,$6,$6,$6,$6,$14,14,$0.40,$0.39,$23,$0,$4,$35,$2,$13,$1,$3,$27,$61,$11,$0,$0,$0,$11,$0,$-438,$0,$51,$61,$8,$0,$2,$2,$-2,$0,$0,$-2,$-5,$5,$-0,$0,$0,$1,$2,$3,$0,$2,$0,$0,$0,$-4,$-4,$0,$0,$-4,$4,$2,$0
30,2011-03-31,13.35,$3.20,4.17,$6.00,2.22,$1.33,10.01,$0.42,31.79,$0.03B,$0.01B,2.39,$0.00B,$0.05B,0.0,$0.09B,$0.06B,71.59%,$0.09B,$0.00B,3.41%,$0.09B,$0.00B,3.41%,$0.09B,$0.00B,3.41%,$0.09B,$0.00B,3.41%,$0.09B,$0.01B,7.95%,$0.01B,$0.05B,12.23%,$0.01B,$0.05B,12.39%,$0.01B,$0.06B,9.52%,$0.00B,$0.05B,5.24%,$23,$6,$17,$2,$12,$20,$3,$0,$3,$0,$3,$3,$3,$3,$3,$14,15,$0.18,$0.18,$22,$0,$4,$33,$2,$14,$1,$3,$27,$60,$14,$0,$0,$0,$14,$0,$-444,$0,$46,$60,$3,$0,$1,$1,$-1,$0,$0,$-0,$-1,$3,$-0,$0,$0,$0,$1,$1,$0,$1,$0,$0,$0,$-2,$-2,$0,$0,$-2,$2,$1,$0
31,2010-12-31,13.25,$3.05,4.34,$5.82,2.28,$1.43,9.28,$0.38,34.87,$0.03B,$0.01B,2.22,$0.00B,$0.04B,0.0,$0.09B,$0.06B,70.93%,$0.09B,$0.00B,2.33%,$0.09B,$0.00B,2.33%,$0.09B,$0.00B,2.33%,$0.09B,$0.00B,2.33%,$0.09B,$0.01B,6.98%,$0.01B,$0.04B,9.64%,$0.01B,$0.04B,9.72%,$0.01B,$0.06B,7.64%,$0.00B,$0.04B,3.21%,$23,$7,$16,$3,$13,$23,$0,$-0,$-0,$-0,$-0,$-0,$-0,$0,$0,$15,15,$-0.02,$-0.02,$20,$0,$4,$29,$2,$15,$1,$3,$28,$57,$13,$0,$0,$0,$13,$0,$-447,$0,$44,$57,$6,$1,$-1,$0,$-1,$0,$0,$-0,$-1,$5,$-2,$0,$0,$-10,$10,$-0,$1,$-1,$0,$0,$0,$-11,$-11,$-2,$-27,$-40,$-37,$3,$-2
32,2010-09-30,11.32,$5.00,2.26,$5.60,2.02,$1.80,6.29,$0.54,20.96,$0.05B,$0.02B,2.74,$0.00B,$0.07B,0.0,$0.09B,$0.06B,70.59%,$0.09B,$0.00B,4.71%,$0.09B,$0.00B,4.71%,$0.09B,$0.00B,4.71%,$0.09B,$0.00B,4.71%,$0.09B,$0.01B,9.41%,$0.01B,$0.07B,11.39%,$0.01B,$0.07B,11.47%,$0.01B,$0.09B,9.25%,$0.00B,$0.07B,5.69%,$21,$6,$15,$2,$10,$18,$3,$0,$3,$0,$3,$3,$3,$3,$3,$14,14,$0.19,$0.19,$43,$0,$4,$51,$2,$25,$1,$3,$39,$90,$19,$0,$0,$0,$19,$0,$-444,$1,$71,$90,$6,$1,$-2,$-1,$0,$0,$0,$0,$5,$10,$-1,$0,$0,$-8,$-0,$-8,$1,$-9,$0,$0,$0,$-13,$-13,$0,$0,$-13,$-12,$2,$0
33,2010-06-30,8.92,$4.77,1.87,$5.42,1.65,$1.64,5.45,$0.46,19.4,$0.04B,$0.02B,2.34,$0.00B,$0.07B,0.0,$0.08B,$0.06B,71.43%,$0.08B,$0.00B,3.57%,$0.08B,$0.00B,3.57%,$0.08B,$0.00B,3.57%,$0.08B,$0.00B,3.57%,$0.08B,$0.01B,8.33%,$0.01B,$0.07B,9.89%,$0.01B,$0.07B,9.96%,$0.01B,$0.09B,8.14%,$0.00B,$0.07B,4.24%,$21,$6,$15,$2,$11,$24,$-3,$0,$-3,$-4,$1,$1,$1,$-3,$-3,$14,14,$0.07,$0.07,$37,$0,$4,$44,$2,$28,$1,$4,$43,$87,$19,$0,$0,$0,$19,$0,$-447,$0,$68,$87,$3,$0,$-3,$-2,$0,$0,$0,$-0,$5,$6,$-1,$0,$0,$-4,$-4,$-7,$1,$-8,$0,$0,$0,$-13,$-13,$0,$0,$-13,$-15,$1,$0
34,2010-03-31,8.79,$4.63,1.9,$5.18,1.7,$1.52,5.77,$0.45,19.54,$0.05B,$0.01B,3.31,$0.00B,$0.07B,0.0,$0.08B,$0.06B,72.29%,$0.08B,$0.01B,8.43%,$0.08B,$0.01B,8.43%,$0.08B,$0.01B,8.43%,$0.08B,$0.01B,8.43%,$0.08B,$0.01B,8.43%,$0.01B,$0.07B,9.66%,$0.01B,$0.07B,9.72%,$0.01B,$0.08B,8.14%,$0.01B,$0.07B,9.66%,$21,$6,$15,$2,$11,$19,$2,$0,$2,$0,$2,$2,$2,$2,$2,$15,15,$0.14,$0.14,$39,$0,$3,$46,$2,$25,$0,$3,$34,$80,$14,$0,$0,$0,$14,$0,$-448,$0,$66,$80,$2,$0,$1,$1,$0,$0,$0,$1,$1,$4,$-0,$0,$0,$-3,$-1,$-3,$1,$-3,$0,$0,$0,$-13,$-13,$0,$0,$-13,$-12,$1,$0
35,2009-12-31,7.84,$4.82,1.63,$4.98,1.57,$1.45,5.41,$0.38,20.62,$0.06B,$0.01B,4.06,$0.00B,$0.08B,0.0,$0.08B,$0.06B,73.17%,$0.08B,$0.01B,7.32%,$0.08B,$0.01B,7.32%,$0.08B,$0.01B,7.32%,$0.08B,$0.01B,7.32%,$0.08B,$0.01B,7.32%,$0.01B,$0.08B,8.08%,$0.01B,$0.08B,8.14%,$0.01B,$0.09B,6.82%,$0.01B,$0.08B,8.08%,$22,$6,$15,$2,$11,$20,$2,$0,$2,$-0,$2,$2,$2,$2,$2,$16,16,$0.14,$0.14,$48,$0,$3,$55,$2,$24,$0,$4,$34,$89,$14,$0,$0,$0,$14,$0,$-450,$-0,$76,$89,$6,$1,$3,$4,$-0,$0,$0,$1,$-1,$10,$-0,$0,$0,$14,$-18,$-4,$0,$-4,$0,$0,$0,$-13,$-13,$0,$0,$-13,$-8,$3,$0
36,2009-09-30,8.05,$4.65,1.73,$4.81,1.67,$1.41,5.71,$0.33,24.41,$0.05B,$0.02B,3.74,$0.00B,$0.07B,0.0,$0.08B,$0.06B,74.39%,$0.08B,$0.01B,6.10%,$0.08B,$0.01B,6.10%,$0.08B,$0.01B,7.32%,$0.08B,$0.01B,7.32%,$0.08B,$0.01B,7.32%,$0.01B,$0.07B,8.03%,$0.01B,$0.07B,8.05%,$0.01B,$0.09B,6.74%,$0.01B,$0.07B,6.69%,$20,$6,$15,$2,$11,$18,$2,$0,$2,$0,$2,$2,$2,$2,$2,$16,16,$0.11,$0.11,$46,$0,$3,$54,$2,$24,$0,$3,$34,$88,$15,$0,$0,$0,$15,$0,$-452,$-1,$73,$88,$4,$1,$2,$3,$-1,$0,$0,$2,$-0,$7,$-0,$0,$0,$14,$-18,$-5,$0,$-5,$0,$0,$0,$-12,$-12,$0,$0,$-12,$-10,$2,$0
37,2009-06-30,7.38,$4.60,1.61,$4.58,1.61,$1.39,5.32,$0.32,23.07,$0.05B,$0.01B,4.19,$0.00B,$0.08B,0.0,$0.08B,$0.06B,74.39%,$0.08B,$0.01B,6.10%,$0.08B,$0.01B,6.10%,$0.08B,$0.01B,7.32%,$0.08B,$0.01B,7.32%,$0.08B,$0.01B,7.32%,$0.01B,$0.08B,7.45%,$0.01B,$0.07B,7.48%,$0.01B,$0.09B,6.30%,$0.01B,$0.08B,6.21%,$20,$6,$15,$2,$12,$19,$1,$0,$1,$0,$1,$1,$1,$1,$1,$16,16,$0.06,$0.06,$46,$0,$4,$53,$3,$25,$1,$3,$34,$87,$13,$0,$0,$0,$13,$0,$-454,$-1,$75,$87,$2,$1,$2,$2,$1,$0,$0,$1,$-1,$4,$-0,$0,$0,$15,$-19,$-4,$0,$-4,$0,$0,$0,$-8,$-8,$0,$0,$-8,$-8,$2,$0
38,2009-03-31,8.45,$4.47,1.89,$4.44,1.9,$1.42,5.93,$0.33,25.59,$0.06B,$0.02B,3.99,$0.00B,$0.07B,0.0,$0.08B,$0.06B,74.70%,$0.08B,$0.01B,6.02%,$0.08B,$0.01B,6.02%,$0.08B,$0.01B,7.23%,$0.08B,$0.01B,7.23%,$0.08B,$0.01B,7.23%,$0.01B,$0.07B,7.00%,$0.01B,$0.07B,7.02%,$0.01B,$0.09B,5.96%,$0.01B,$0.07B,5.83%,$20,$5,$15,$2,$11,$19,$1,$0,$1,$0,$1,$1,$1,$1,$1,$17,17,$0.07,$0.07,$51,$0,$4,$58,$3,$19,$1,$4,$30,$88,$15,$0,$0,$0,$15,$0,$-455,$-2,$73,$88,$1,$0,$1,$1,$1,$0,$0,$0,$1,$3,$-0,$0,$0,$9,$-15,$-5,$0,$-6,$0,$0,$0,$-7,$-7,$0,$0,$-7,$-9,$1,$0
39,2008-12-31,8.56,$4.54,1.88,$4.32,1.98,$1.45,5.91,$0.52,16.46,$0.08B,$0.02B,5.23,$0.00B,$0.08B,0.0,$0.08B,$0.06B,73.81%,$0.08B,$0.01B,5.95%,$0.08B,$0.01B,5.95%,$0.08B,$0.01B,7.14%,$0.08B,$0.01B,8.33%,$0.08B,$0.01B,11.90%,$0.01B,$0.08B,10.99%,$0.01B,$0.08B,11.05%,$0.01B,$0.09B,9.48%,$0.01B,$0.08B,5.49%,$22,$7,$16,$2,$12,$21,$1,$1,$2,$0,$2,$2,$2,$2,$1,$19,19,$0.09,$0.10,$69,$0,$4,$78,$3,$5,$1,$3,$15,$93,$15,$0,$0,$0,$15,$0,$-456,$-2,$78,$93,$10,$2,$-0,$2,$-0,$0,$0,$-1,$-0,$12,$-1,$0,$0,$5,$19,$24,$0,$23,$0,$0,$0,$-26,$-26,$0,$0,$-26,$9,$3,$0
40,2008-09-30,10.16,$5.02,2.02,$4.30,2.36,$1.65,6.15,$0.55,18.48,$0.09B,$0.02B,5.4,$0.00B,$0.10B,0.0,$0.09B,$0.06B,72.09%,$0.09B,$0.01B,5.81%,$0.09B,$0.01B,5.81%,$0.09B,$0.01B,6.98%,$0.09B,$0.01B,8.14%,$0.09B,$0.01B,11.63%,$0.01B,$0.10B,10.58%,$0.01B,$0.10B,10.64%,$0.01B,$0.11B,9.22%,$0.01B,$0.10B,5.29%,$20,$5,$15,$2,$11,$18,$2,$1,$2,$0,$2,$2,$2,$2,$2,$19,20,$0.11,$0.10,$83,$0,$4,$92,$3,$10,$1,$4,$21,$113,$17,$0,$0,$0,$17,$0,$-458,$-1,$96,$113,$9,$2,$-1,$0,$-1,$0,$0,$-0,$-0,$9,$-1,$0,$0,$5,$14,$19,$0,$18,$0,$0,$0,$-5,$-5,$0,$0,$-5,$22,$3,$0
41,2008-06-30,10.87,$4.95,2.2,$4.27,2.55,$1.70,6.38,$0.57,19.06,$0.09B,$0.01B,6.45,$0.00B,$0.10B,0.0,$0.09B,$0.06B,72.09%,$0.09B,$0.00B,4.65%,$0.09B,$0.00B,4.65%,$0.09B,$0.01B,6.98%,$0.09B,$0.01B,8.14%,$0.09B,$0.01B,11.63%,$0.01B,$0.10B,10.78%,$0.01B,$0.10B,10.87%,$0.01B,$0.11B,9.48%,$0.00B,$0.10B,4.31%,$21,$5,$16,$2,$13,$21,$1,$1,$1,$0,$1,$1,$1,$1,$1,$19,20,$0.07,$0.07,$80,$0,$3,$87,$3,$11,$1,$4,$23,$109,$13,$0,$0,$0,$13,$0,$-460,$-1,$96,$109,$7,$1,$-2,$-1,$0,$0,$0,$-2,$-0,$6,$-0,$0,$0,$-2,$13,$11,$0,$10,$0,$0,$0,$-4,$-4,$0,$0,$-4,$12,$2,$0
42,2008-03-31,8.93,$4.85,1.84,$4.16,2.15,$1.73,5.18,$0.63,14.18,$0.08B,$0.01B,6.1,$0.00B,$0.09B,0.0,$0.09B,$0.06B,70.93%,$0.09B,$0.01B,5.81%,$0.09B,$0.01B,5.81%,$0.09B,$0.01B,8.14%,$0.09B,$0.01B,10.47%,$0.09B,$0.01B,13.95%,$0.01B,$0.09B,12.83%,$0.01B,$0.09B,12.94%,$0.01B,$0.11B,11.37%,$0.01B,$0.09B,5.35%,$21,$6,$15,$2,$13,$20,$1,$1,$2,$-4,$5,$5,$5,$1,$1,$20,20,$0.26,$0.26,$75,$0,$2,$80,$4,$15,$1,$4,$27,$107,$13,$0,$0,$0,$13,$0,$-461,$-0,$94,$107,$5,$1,$-3,$-2,$1,$0,$0,$-0,$1,$4,$-0,$0,$0,$-1,$9,$8,$0,$8,$0,$0,$0,$-4,$-4,$0,$0,$-4,$8,$1,$0
43,2007-12-31,10.61,$4.67,2.27,$4.00,2.65,$1.63,6.52,$0.51,20.79,$0.07B,$0.01B,5.8,$0.00B,$0.09B,0.0,$0.09B,$0.06B,71.76%,$0.09B,$0.01B,7.06%,$0.09B,$0.01B,7.06%,$0.09B,$0.01B,10.59%,$0.09B,$0.01B,11.76%,$0.09B,$0.01B,11.76%,$0.01B,$0.09B,10.28%,$0.01B,$0.09B,10.36%,$0.01B,$0.11B,9.22%,$0.01B,$0.09B,6.17%,$24,$8,$16,$2,$13,$23,$1,$1,$2,$0,$2,$2,$2,$2,$1,$21,21,$0.12,$0.11,$66,$0,$2,$73,$4,$25,$1,$3,$32,$105,$13,$0,$0,$0,$13,$0,$-467,$-0,$92,$105,$11,$3,$3,$6,$-1,$0,$0,$2,$0,$17,$-1,$0,$0,$24,$24,$48,$0,$47,$0,$0,$0,$-32,$-32,$0,$0,$-32,$32,$3,$0
44,2007-09-30,10.42,$4.50,2.32,$3.91,2.67,$1.69,6.16,$0.59,17.67,$0.07B,$0.01B,5.47,$0.00B,$0.09B,0.0,$0.09B,$0.06B,72.09%,$0.09B,$0.01B,9.30%,$0.09B,$0.01B,9.30%,$0.09B,$0.01B,12.79%,$0.09B,$0.01B,15.12%,$0.09B,$0.01B,15.12%,$0.01B,$0.09B,12.75%,$0.01B,$0.09B,12.90%,$0.01B,$0.10B,11.53%,$0.01B,$0.09B,7.84%,$20,$6,$15,$2,$11,$19,$1,$1,$2,$0,$2,$2,$2,$2,$1,$20,21,$0.12,$0.12,$59,$0,$3,$67,$4,$25,$1,$4,$35,$101,$12,$0,$0,$0,$12,$0,$-469,$-0,$89,$101,$8,$2,$2,$4,$-2,$0,$0,$1,$-2,$10,$-1,$0,$0,$3,$23,$26,$0,$25,$0,$0,$0,$-32,$-32,$0,$0,$-32,$3,$2,$0
45,2007-06-30,12.0,$4.74,2.53,$3.71,3.24,$1.69,7.09,$0.65,18.46,$0.06B,$0.01B,6.62,$0.00B,$0.10B,0.0,$0.09B,$0.06B,71.76%,$0.09B,$0.01B,11.76%,$0.09B,$0.01B,11.76%,$0.09B,$0.01B,15.29%,$0.09B,$0.02B,17.65%,$0.09B,$0.02B,17.65%,$0.02B,$0.10B,13.54%,$0.02B,$0.10B,13.73%,$0.02B,$0.11B,12.42%,$0.01B,$0.10B,9.03%,$21,$6,$15,$2,$11,$20,$2,$1,$3,$0,$3,$3,$3,$2,$2,$21,22,$0.13,$0.13,$58,$0,$2,$64,$5,$36,$1,$4,$45,$109,$10,$0,$0,$0,$10,$0,$-471,$-0,$99,$109,$6,$2,$1,$3,$0,$0,$0,$-0,$-2,$7,$-0,$0,$0,$4,$12,$16,$0,$16,$0,$0,$0,$-18,$-18,$0,$0,$-18,$4,$1,$0
46,2007-03-31,12.51,$5.00,2.5,$3.54,3.53,$1.69,7.4,$0.69,18.13,$0.07B,$0.01B,7.15,$0.00B,$0.11B,0.0,$0.08B,$0.06B,72.62%,$0.08B,$0.01B,13.10%,$0.08B,$0.01B,13.10%,$0.08B,$0.02B,17.86%,$0.08B,$0.02B,19.05%,$0.08B,$0.02B,19.05%,$0.02B,$0.11B,13.65%,$0.02B,$0.11B,13.88%,$0.02B,$0.12B,12.60%,$0.01B,$0.11B,9.38%,$20,$5,$15,$2,$11,$18,$2,$1,$3,$0,$3,$3,$3,$3,$2,$22,22,$0.14,$0.14,$63,$0,$2,$68,$5,$41,$2,$3,$51,$119,$10,$0,$0,$0,$10,$0,$-474,$-0,$109,$119,$3,$1,$0,$1,$-0,$0,$0,$0,$-2,$3,$-0,$0,$0,$-1,$7,$6,$0,$6,$0,$0,$0,$-5,$-5,$0,$0,$-5,$4,$0,$0
47,2006-12-31,13.71,$4.98,2.75,$3.49,3.93,$1.77,7.76,$0.69,19.88,$0.04B,$0.01B,3.52,$0.00B,$0.11B,0.0,$0.09B,$0.06B,71.76%,$0.09B,$0.01B,12.94%,$0.09B,$0.01B,12.94%,$0.09B,$0.02B,17.65%,$0.09B,$0.02B,18.82%,$0.09B,$0.02B,18.82%,$0.02B,$0.11B,13.36%,$0.02B,$0.11B,13.65%,$0.02B,$0.12B,12.36%,$0.01B,$0.11B,9.19%,$25,$8,$17,$2,$11,$22,$3,$1,$5,$0,$5,$5,$5,$4,$3,$23,24,$0.21,$0.20,$34,$0,$2,$39,$5,$72,$2,$3,$83,$122,$11,$0,$0,$0,$11,$0,$-477,$-1,$111,$122,$16,$3,$3,$6,$-0,$0,$0,$-2,$0,$22,$-2,$0,$0,$-2,$-9,$-11,$1,$-13,$0,$0,$0,$-19,$-19,$0,$0,$-19,$-9,$3,$0
