,Date,Stock Price,Book Value per Share,Price to Book Ratio,TTM Sales per Share,Price to Sales Ratio,TTM FCF per Share,Price to FCF Ratio,TTM Net EPS,PE Ratio,Current Assets,Current Liabilities,Current Ratio,Long Term Debt,Shareholder's Equity_x,Debt to Equity Ratio,TTM Revenue_x,TTM Gross Profit,Gross Margin,TTM Revenue_y,TTM Operating Income,Operating Margin,TTM Revenue_x,TTM EBIT,EBIT Margin,TTM Revenue_y,TTM EBITDA,EBITDA Margin,TTM Revenue_x,TTM Pre-Tax Income,Pre-Tax Margin,TTM Revenue_y,TTM Net Income_x,Net Margin,TTM Net Income_y,Shareholder's Equity_y,Return on Equity,TTM Net Income_x,Tangible Equity,Return on Tangible Equity,TTM Net Income_y,Total Assets,Return on Assets,TTM Net Income,LT Investments & Debt,Return on Investment,revenue,cost-goods-sold,gross-profit,research-development-expenses,selling-general-administrative-expenses,operating-expenses,operating-income,total-non-operating-income-expense,pre-tax-income,total-provision-income-taxes,income-after-taxes,income-from-continuous-operations,net-income,ebitda,ebit,basic-shares-outstanding,shares-outstanding,eps-basic-net-earnings-per-share,eps-earnings-per-share-diluted,cash-on-hand,inventory,other-current-assets,total-current-assets,net-property-plant-equipment,long-term-investments,goodwill-intangible-assets-total,other-long-term-assets,total-long-term-assets,total-assets,total-current-liabilities,long-term-debt,other-non-current-liabilities,total-long-term-liabilities,total-liabilities,common-stock-net,retained-earnings-accumulated-deficit,comprehensive-income,total-share-holder-equity,total-liabilities-share-holders-equity,net-income-loss,total-depreciation-amortization-cash-flow,other-non-cash-items,total-non-cash-items,change-in-accounts-receivable,change-in-inventories,change-in-accounts-payable,change-in-assets-liabilities,total-change-in-assets-liabilities,cash-flow-from-operating-activities,net-change-in-property-plant-equipment,net-change-in-intangible-assets,net-acquisitions-divestitures,net-change-in-short-term-investments,net-change-in-long-term-investments,net-change-in-investments-total,investing-activities-other,cash-flow-from-investing-activities,net-long-term-debt,net-current-debt,debt-issuance-retirement-net-total,net-common-equity-issued-repurchased,net-total-equity-issued-repurchased,total-common-preferred-stock-dividends-paid,financial-activities-other,cash-flow-from-financial-activities,net-cash-flow,stock-based-compensation,common-stock-dividends-paid
0,2018-09-30,24.85,$12.81,1.94,$35.88,0.69,$-0.67,0.0,$0.48,51.77,$1.31B,$0.78B,1.67,$0.69B,$1.46B,0.47,$4.09B,$1.41B,34.34%,$4.09B,$0.17B,4.25%,$4.09B,$0.17B,4.25%,$4.09B,$0.27B,6.55%,$4.09B,$0.12B,2.88%,$4.09B,$0.06B,1.34%,$0.06B,$1.46B,3.67%,$0.06B,$0.02B,118.28%,$0.06B,$3.15B,1.76%,$0.17B,$2.14B,8.36%,$1044,$692,$352,$0,$277,$991,$53,$-46,$7,$21,$-14,$-14,$-14,$75,$53,$114,114,$-0.12,$-0.12,$130,$0,$115,$1308,$202,$8,$1441,$158,$1840,$3149,$783,$685,$182,$908,$1691,$675,$706,$56,$1458,$3149,$45,$72,$65,$137,$-40,$0,$-31,$-113,$-168,$13,$-62,$-6,$-84,$0,$-3,$-3,$5,$-149,$-115,$238,$123,$-8,$-8,$-35,$0,$81,$-53,$6,$-35
1,2018-06-30,25.65,$13.47,1.9,$35.79,0.72,$0.28,92.4,$0.92,27.88,$1.33B,$0.79B,1.69,$0.67B,$1.53B,0.44,$4.09B,$1.42B,34.72%,$4.09B,$0.18B,4.38%,$4.09B,$0.18B,4.38%,$4.09B,$0.28B,6.88%,$4.09B,$0.17B,4.04%,$4.09B,$0.11B,2.59%,$0.11B,$1.53B,7.02%,$0.11B,$0.05B,194.50%,$0.11B,$3.21B,3.40%,$0.18B,$2.20B,8.75%,$1053,$692,$361,$0,$291,$1007,$46,$-2,$44,$14,$31,$31,$31,$69,$46,$114,114,$0.27,$0.27,$172,$0,$125,$1334,$196,$10,$1480,$155,$1875,$3209,$790,$667,$181,$886,$1676,$683,$743,$88,$1534,$3209,$59,$50,$10,$60,$-27,$0,$0,$-133,$-151,$-32,$-40,$0,$-42,$0,$0,$0,$-0,$-83,$0,$115,$115,$-6,$-6,$-23,$-10,$76,$-35,$4,$-23
2,2018-03-31,24.52,$13.50,1.82,$35.13,0.7,$1.22,20.07,$1.28,19.15,$1.28B,$0.82B,1.56,$0.57B,$1.54B,0.37,$4.02B,$1.41B,35.22%,$4.02B,$0.19B,4.61%,$4.02B,$0.19B,4.61%,$4.02B,$0.29B,7.15%,$4.02B,$0.21B,5.23%,$4.02B,$0.15B,3.69%,$0.15B,$1.54B,9.98%,$0.15B,$0.05B,313.23%,$0.15B,$3.15B,4.87%,$0.19B,$2.10B,9.43%,$1014,$652,$362,$0,$286,$965,$49,$-9,$40,$11,$29,$29,$29,$76,$49,$114,114,$0.25,$0.25,$175,$0,$117,$1284,$182,$10,$1484,$158,$1869,$3154,$821,$565,$186,$795,$1616,$697,$742,$80,$1538,$3154,$29,$27,$7,$34,$3,$0,$-78,$-86,$-160,$-97,$-17,$0,$-17,$0,$0,$2,$-4,$-36,$0,$128,$128,$-4,$-4,$-11,$-10,$102,$-27,$1,$-11
3,2017-12-31,27.68,$12.85,2.15,$34.67,0.8,$1.94,14.25,$0.65,42.58,$1.24B,$0.89B,1.39,$0.42B,$1.47B,0.29,$3.97B,$1.41B,35.54%,$3.97B,$0.18B,4.46%,$3.97B,$0.18B,4.46%,$3.97B,$0.28B,7.06%,$3.97B,$0.20B,5.15%,$3.97B,$0.08B,1.89%,$0.08B,$1.47B,5.15%,$0.08B,$0.06B,306.12%,$0.08B,$2.99B,2.46%,$0.18B,$1.88B,9.11%,$983,$652,$331,$0,$280,$958,$26,$1,$27,$17,$9,$9,$9,$48,$26,$114,114,$0.07,$0.09,$191,$0,$53,$1241,$164,$7,$1403,$151,$1753,$2994,$890,$418,$179,$639,$1529,$677,$731,$38,$1465,$2994,$75,$104,$-40,$64,$55,$0,$-133,$33,$65,$203,$-46,$0,$198,$0,$0,$-6,$-99,$47,$0,$-159,$-159,$-5,$-5,$-43,$-10,$-217,$22,$7,$-43
4,2017-09-30,27.38,$13.21,2.07,$34.64,0.79,$2.19,12.5,$0.77,35.56,$1.29B,$0.89B,1.45,$0.49B,$1.50B,0.33,$3.90B,$1.41B,36.14%,$3.90B,$0.19B,4.79%,$3.90B,$0.19B,4.79%,$3.90B,$0.29B,7.53%,$3.90B,$0.21B,5.30%,$3.90B,$0.09B,2.26%,$0.09B,$1.50B,6.01%,$0.09B,$0.05B,-184.29%,$0.09B,$3.10B,2.83%,$0.19B,$1.99B,9.25%,$1037,$671,$365,$0,$281,$978,$58,$-5,$54,$17,$37,$37,$37,$88,$58,$114,114,$0.33,$0.32,$165,$0,$58,$1289,$166,$8,$1456,$158,$1810,$3099,$886,$489,$167,$709,$1595,$699,$758,$0,$1504,$3099,$68,$82,$-33,$49,$11,$0,$-97,$-41,$-23,$94,$-34,$0,$211,$0,$0,$-3,$-104,$71,$0,$-108,$-108,$-7,$-7,$-33,$-12,$-160,$-10,$7,$-33
5,2017-06-30,24.68,$12.51,1.97,$34.00,0.73,$1.93,12.8,$0.78,31.64,$1.20B,$0.84B,1.42,$0.45B,$1.42B,0.31,$3.83B,$1.41B,36.77%,$3.83B,$0.19B,4.91%,$3.83B,$0.19B,4.91%,$3.83B,$0.29B,7.68%,$3.83B,$0.21B,5.35%,$3.83B,$0.09B,2.32%,$0.09B,$1.42B,6.11%,$0.09B,$0.03B,-77.73%,$0.09B,$2.92B,2.83%,$0.19B,$1.87B,9.03%,$981,$624,$356,$0,$281,$929,$52,$37,$89,$16,$73,$73,$73,$75,$52,$114,114,$0.64,$0.63,$154,$0,$60,$1196,$156,$7,$1400,$135,$1719,$2915,$844,$447,$163,$647,$1491,$650,$683,$74,$1424,$2915,$29,$52,$-53,$-1,$4,$0,$-49,$-23,$28,$57,$-21,$0,$214,$0,$0,$-2,$-92,$100,$0,$-120,$-120,$-7,$-7,$-20,$-8,$-156,$-5,$2,$-20
6,2017-03-31,25.37,$12.55,2.02,$33.04,0.77,$1.59,15.92,$0.30,84.57,$1.40B,$0.89B,1.57,$0.60B,$1.43B,0.42,$3.66B,$1.38B,37.60%,$3.66B,$0.17B,4.62%,$3.66B,$0.17B,4.62%,$3.66B,$0.28B,7.60%,$3.66B,$0.14B,3.83%,$3.66B,$0.03B,0.87%,$0.03B,$1.43B,2.19%,$0.03B,$-0.04B,-17.78%,$0.03B,$3.20B,1.00%,$0.17B,$2.03B,7.78%,$964,$607,$357,$0,$288,$923,$41,$-7,$34,$78,$-44,$-44,$-44,$69,$41,$114,115,$-0.39,$-0.39,$150,$0,$285,$1399,$161,$7,$1470,$140,$1802,$3201,$892,$595,$170,$877,$1768,$661,$639,$-1,$1433,$3201,$-44,$28,$74,$102,$-2,$0,$-84,$3,$-79,$-21,$-11,$0,$-24,$0,$0,$-1,$1,$-35,$0,$60,$60,$2,$2,$-10,$-8,$44,$-13,$2,$-10
7,2016-12-31,24.65,$13.08,1.88,$30.47,0.81,$1.68,14.69,$0.91,27.08,$1.20B,$0.81B,1.48,$0.70B,$1.49B,0.47,$3.25B,$1.27B,38.99%,$3.25B,$0.16B,4.99%,$3.25B,$0.16B,4.99%,$3.25B,$0.26B,7.95%,$3.25B,$0.14B,4.22%,$3.25B,$0.10B,3.02%,$0.10B,$1.49B,7.34%,$0.10B,$-0.23B,-66.22%,$0.10B,$3.24B,3.46%,$0.16B,$2.19B,8.26%,$920,$588,$332,$0,$270,$884,$36,$-6,$30,$8,$22,$22,$22,$62,$36,$107,107,$0.20,$0.20,$166,$0,$66,$1195,$162,$7,$1720,$132,$2041,$3236,$810,$701,$172,$933,$1743,$658,$693,$0,$1493,$3236,$99,$96,$23,$119,$25,$0,$1,$-24,$-2,$216,$-41,$0,$-810,$0,$0,$2,$-8,$-858,$0,$378,$378,$446,$446,$-35,$-37,$752,$108,$7,$-35
8,2016-09-30,22.88,$13.00,1.76,$27.58,0.83,$1.46,15.7,$0.91,25.15,$1.22B,$0.81B,1.51,$0.75B,$1.48B,0.51,$2.86B,$0.88B,30.68%,$2.86B,$-0.13B,-4.62%,$2.86B,$-0.13B,-4.62%,$2.86B,$-0.04B,-1.54%,$2.86B,$0.13B,4.51%,$2.86B,$0.10B,3.32%,$0.10B,$1.48B,7.78%,$0.10B,$-0.22B,-195.88%,$0.10B,$3.23B,3.82%,$-0.13B,$2.23B,-7.68%,$964,$602,$363,$0,$275,$905,$59,$-7,$52,$14,$38,$38,$38,$88,$59,$114,114,$0.33,$0.33,$117,$0,$60,$1218,$164,$6,$1700,$122,$2010,$3228,$805,$751,$149,$942,$1747,$666,$691,$0,$1481,$3228,$78,$70,$14,$84,$42,$0,$-54,$-87,$-100,$62,$-31,$0,$-816,$0,$0,$5,$-8,$-850,$0,$444,$444,$451,$451,$-26,$-37,$832,$43,$3,$-26
9,2016-06-30,23.49,$12.68,1.85,$25.20,0.93,$1.42,16.56,$0.99,23.73,$1.20B,$0.75B,1.6,$0.79B,$1.44B,0.55,$2.47B,$0.87B,35.34%,$2.47B,$-0.04B,-1.46%,$2.47B,$-0.04B,-1.46%,$2.47B,$0.07B,2.87%,$2.47B,$0.13B,5.26%,$2.47B,$0.10B,3.85%,$0.10B,$1.44B,8.68%,$0.10B,$-0.24B,173.52%,$0.10B,$3.18B,4.48%,$-0.04B,$2.24B,-2.48%,$812,$489,$324,$0,$265,$779,$33,$-10,$24,$7,$16,$16,$16,$59,$33,$106,107,$0.16,$0.16,$131,$0,$69,$1197,$162,$7,$1681,$114,$1982,$3178,$749,$794,$144,$985,$1734,$673,$671,$0,$1444,$3178,$40,$41,$7,$49,$59,$0,$-68,$-53,$-72,$17,$-19,$0,$-807,$0,$0,$6,$-5,$-825,$0,$475,$475,$456,$456,$-16,$-36,$879,$69,$1,$-16
10,2016-03-31,24.5,$9.85,2.49,$23.68,1.03,$1.04,23.57,$1.21,20.24,$0.66B,$0.41B,1.59,$0.26B,$0.93B,0.28,$2.24B,$0.90B,40.43%,$2.24B,$0.07B,3.18%,$2.24B,$0.07B,3.18%,$2.24B,$0.15B,6.80%,$2.24B,$0.15B,6.89%,$2.24B,$0.11B,5.10%,$0.11B,$0.93B,11.67%,$0.11B,$0.09B,71.92%,$0.11B,$1.70B,6.41%,$0.07B,$1.19B,5.97%,$551,$303,$247,$0,$198,$517,$34,$-3,$31,$9,$22,$22,$22,$49,$34,$94,94,$0.24,$0.23,$42,$0,$45,$656,$118,$3,$835,$82,$1045,$1702,$412,$260,$91,$365,$777,$210,$624,$0,$925,$1702,$22,$15,$2,$17,$54,$0,$-59,$-39,$-47,$-7,$-11,$0,$-78,$0,$0,$1,$-4,$-92,$0,$108,$108,$-13,$-13,$-7,$-8,$80,$-21,$1,$-7
11,2015-12-31,23.86,$0.00,0.0,$24.08,0.99,$0.36,65.63,$1.31,18.22,$0.75B,$0.50B,1.51,$0.18B,$1.04B,0.18,$2.27B,$1.03B,45.34%,$2.27B,$0.19B,8.40%,$2.27B,$0.19B,8.40%,$2.27B,$0.26B,11.30%,$2.27B,$0.17B,7.26%,$2.27B,$0.12B,5.45%,$0.12B,$1.04B,12.64%,$0.12B,$0.17B,72.20%,$0.12B,$1.84B,6.89%,$0.19B,$1.22B,15.85%,$532,$589,$-57,$0,$185,$790,$-258,$-6,$22,$4,$19,$19,$19,$-240,$-258,$94,94,$0.20,$0.20,$60,$0,$44,$746,$286,$4,$866,$88,$1251,$1835,$495,$182,$104,$303,$798,$227,$668,$0,$1037,$1835,$123,$66,$0,$66,$0,$0,$0,$0,$-31,$161,$-29,$0,$-159,$0,$0,$-2,$-7,$-198,$0,$-2,$0,$0,$7,$-30,$-10,$-35,$-68,$0,$0
12,2015-09-30,21.02,$0.00,0.0,$23.85,0.88,$0.53,40.02,$1.43,14.7,$0.72B,$0.43B,1.7,$0.20B,$0.97B,0.21,$2.26B,$1.49B,65.83%,$2.26B,$0.64B,28.29%,$2.26B,$0.64B,28.29%,$2.26B,$0.75B,32.94%,$2.26B,$0.19B,8.22%,$2.26B,$0.14B,6.01%,$0.14B,$0.97B,14.06%,$0.14B,$0.19B,75.24%,$0.14B,$1.77B,7.57%,$0.64B,$1.17B,53.15%,$575,$216,$359,$0,$187,$420,$155,$-2,$53,$15,$38,$38,$38,$203,$155,$94,95,$0.41,$0.41,$72,$0,$22,$724,$0,$88,$778,$0,$925,$1770,$426,$199,$101,$372,$798,$220,$641,$0,$971,$1770,$100,$48,$0,$48,$0,$0,$0,$0,$-103,$43,$-22,$0,$-116,$0,$0,$-4,$-4,$-146,$0,$40,$0,$0,$6,$-22,$0,$24,$-76,$0,$0
13,2015-06-30,27.93,$0.00,0.0,$30.91,0.9,$1.76,15.88,$1.97,14.18,$0.73B,$0.44B,1.66,$0.21B,$0.97B,0.22,$2.31B,$1.52B,66.06%,$2.31B,$0.67B,28.96%,$2.31B,$0.67B,28.96%,$2.31B,$0.73B,31.43%,$2.31B,$0.20B,8.45%,$2.31B,$0.14B,6.20%,$0.14B,$0.97B,14.86%,$0.14B,$0.18B,79.01%,$0.14B,$1.80B,7.94%,$0.67B,$1.19B,55.48%,$578,$222,$355,$0,$199,$438,$140,$3,$48,$13,$35,$35,$35,$140,$140,$94,95,$0.37,$0.37,$47,$0,$40,$727,$0,$92,$796,$1,$949,$1804,$440,$211,$104,$391,$830,$231,$649,$0,$974,$1804,$0,$0,$0,$0,$0,$0,$0,$0,$0,$-22,$-16,$0,$-107,$0,$0,$-4,$-6,$-132,$0,$60,$0,$0,$5,$-15,$-8,$41,$-111,$0,$0
14,2015-03-31,22.79,$0.00,0.0,$30.94,0.74,$2.04,11.17,$2.03,11.23,$0.72B,$0.37B,1.93,$0.30B,$0.94B,0.32,$2.31B,$1.53B,66.16%,$2.31B,$0.68B,29.38%,$2.31B,$0.68B,29.38%,$2.31B,$0.74B,31.85%,$2.31B,$0.20B,8.80%,$2.31B,$0.15B,6.41%,$0.15B,$0.94B,15.75%,$0.15B,$0.14B,82.91%,$0.15B,$1.79B,8.31%,$0.68B,$1.25B,56.37%,$589,$214,$374,$0,$203,$434,$154,$-2,$42,$12,$31,$32,$32,$154,$154,$94,95,$0.33,$0.33,$52,$0,$37,$717,$0,$89,$797,$1,$940,$1787,$372,$304,$100,$474,$846,$225,$617,$0,$941,$1787,$0,$0,$0,$0,$0,$0,$0,$0,$0,$-71,$-11,$0,$-93,$0,$0,$-9,$-6,$-118,$0,$86,$0,$0,$1,$-7,$-7,$72,$-115,$0,$0
15,2014-12-31,26.06,$0.00,0.0,$30.29,0.86,$2.75,9.47,$2.03,12.87,$0.77B,$0.43B,1.78,$0.23B,$0.98B,0.24,$2.25B,$1.40B,62.18%,$2.25B,$0.57B,25.52%,$2.25B,$0.57B,25.52%,$2.25B,$0.63B,28.06%,$2.25B,$0.20B,9.04%,$2.25B,$0.15B,6.55%,$0.15B,$0.98B,16.02%,$0.15B,$0.21B,79.14%,$0.15B,$1.82B,8.45%,$0.57B,$1.22B,49.15%,$520,$119,$401,$0,$195,$329,$191,$-1,$43,$9,$33,$31,$31,$248,$191,$93,95,$0.33,$0.32,$168,$0,$22,$765,$0,$87,$777,$1,$918,$1822,$430,$232,$107,$407,$837,$251,$667,$0,$984,$1822,$149,$57,$0,$57,$0,$0,$0,$0,$-25,$188,$-39,$0,$-112,$0,$0,$-12,$5,$-158,$0,$3,$0,$0,$10,$-30,$-5,$-22,$10,$0,$0
16,2014-09-30,30.9,$0.00,0.0,$30.44,1.02,$3.50,8.83,$2.05,15.08,$0.75B,$0.44B,1.69,$0.22B,$0.95B,0.23,$2.24B,$1.12B,49.98%,$2.24B,$0.31B,13.69%,$2.24B,$0.31B,13.69%,$2.24B,$0.36B,16.01%,$2.24B,$0.21B,9.14%,$2.24B,$0.15B,6.60%,$0.15B,$0.95B,16.66%,$0.15B,$0.20B,79.04%,$0.15B,$1.79B,8.77%,$0.31B,$1.17B,27.23%,$620,$227,$394,$0,$197,$438,$183,$-1,$62,$17,$45,$45,$45,$183,$183,$47,47,$0.96,$0.95,$105,$0,$21,$747,$0,$93,$755,$1,$901,$1789,$443,$220,$114,$396,$839,$254,$650,$0,$950,$1789,$0,$0,$0,$0,$0,$0,$0,$0,$0,$103,$-33,$0,$-95,$0,$0,$-10,$2,$-136,$0,$-2,$0,$0,$9,$-23,$-4,$-19,$-52,$0,$0
17,2014-06-30,29.3,$0.00,0.0,$23.26,1.26,$3.17,9.24,$1.57,18.66,$0.74B,$0.38B,1.94,$0.30B,$0.88B,0.34,$2.18B,$0.98B,44.81%,$2.18B,$0.18B,8.36%,$2.18B,$0.18B,8.36%,$2.18B,$0.23B,10.74%,$2.18B,$0.20B,9.32%,$2.18B,$0.15B,6.75%,$0.15B,$0.88B,17.22%,$0.15B,$0.17B,80.44%,$0.15B,$1.73B,9.00%,$0.18B,$1.18B,16.73%,$579,$220,$358,$0,$194,$428,$150,$-2,$56,$15,$41,$40,$40,$150,$150,$93,94,$0.44,$0.43,$134,$0,$29,$741,$0,$87,$716,$1,$848,$1726,$382,$296,$105,$460,$843,$247,$611,$0,$884,$1726,$0,$0,$0,$0,$0,$0,$0,$0,$0,$14,$-25,$0,$-69,$0,$0,$2,$-12,$-104,$0,$81,$0,$0,$5,$-15,$-3,$67,$-23,$0,$0
18,2014-03-31,28.79,$0.00,0.0,$23.39,1.23,$3.29,8.75,$1.54,18.69,$0.69B,$0.36B,1.89,$0.25B,$0.85B,0.29,$2.18B,$0.90B,41.04%,$2.18B,$0.11B,5.14%,$2.18B,$0.11B,5.14%,$2.18B,$0.16B,7.52%,$2.18B,$0.20B,8.99%,$2.18B,$0.14B,6.60%,$0.14B,$0.85B,17.35%,$0.14B,$0.17B,82.76%,$0.14B,$1.62B,9.10%,$0.11B,$1.10B,10.66%,$526,$283,$243,$0,$181,$478,$49,$-1,$42,$12,$30,$31,$31,$49,$49,$93,94,$0.33,$0.33,$133,$0,$23,$687,$0,$82,$679,$1,$802,$1619,$363,$245,$104,$403,$766,$242,$573,$0,$853,$1619,$0,$0,$0,$0,$0,$0,$0,$0,$0,$-3,$-11,$0,$-35,$0,$0,$-5,$-3,$-54,$0,$42,$0,$0,$3,$-7,$-3,$35,$-20,$0,$0
19,2013-12-31,29.14,$0.00,0.0,$23.31,1.25,$3.34,8.73,$1.53,19.11,$0.71B,$0.40B,1.78,$0.20B,$0.87B,0.23,$2.17B,$0.97B,44.69%,$2.17B,$0.19B,8.86%,$2.17B,$0.19B,8.86%,$2.17B,$0.26B,11.87%,$2.17B,$0.19B,8.91%,$2.17B,$0.14B,6.51%,$0.14B,$0.87B,17.50%,$0.14B,$0.21B,89.67%,$0.14B,$1.62B,9.10%,$0.19B,$1.06B,18.65%,$518,$392,$126,$0,$189,$593,$-75,$2,$45,$11,$34,$32,$32,$-23,$-75,$93,93,$0.35,$0.35,$160,$0,$23,$705,$0,$86,$654,$1,$785,$1620,$395,$195,$106,$358,$753,$255,$589,$0,$867,$1620,$142,$52,$0,$52,$0,$0,$0,$0,$51,$264,$-50,$0,$-42,$0,$0,$-20,$-2,$-114,$0,$-34,$0,$0,$16,$-29,$-6,$-53,$99,$0,$0
20,2013-09-30,24.01,$0.00,0.0,$22.92,1.05,$2.75,8.73,$1.52,15.85,$0.69B,$0.39B,1.74,$0.20B,$0.81B,0.25,$2.13B,$1.15B,53.93%,$2.13B,$0.39B,18.54%,$2.13B,$0.39B,18.54%,$2.13B,$0.41B,19.15%,$2.13B,$0.19B,8.94%,$2.13B,$0.14B,6.59%,$0.14B,$0.81B,18.16%,$0.14B,$0.18B,114.05%,$0.14B,$1.57B,9.25%,$0.39B,$1.01B,39.00%,$555,$306,$249,$0,$179,$498,$58,$-2,$60,$16,$44,$44,$44,$58,$58,$93,93,$0.48,$0.47,$75,$0,$23,$686,$0,$71,$633,$1,$750,$1565,$393,$202,$100,$361,$755,$245,$556,$0,$810,$1565,$0,$0,$0,$0,$0,$0,$0,$0,$0,$146,$-40,$0,$-30,$0,$0,$-4,$-0,$-74,$0,$-37,$0,$0,$10,$-21,$-5,$-54,$19,$0,$0
21,2013-06-30,19.8,$0.00,0.0,$21.32,0.93,$1.62,12.24,$1.42,13.99,$0.63B,$0.34B,1.87,$0.24B,$0.79B,0.31,$1.97B,$1.12B,56.66%,$1.97B,$0.38B,19.46%,$1.97B,$0.38B,19.46%,$1.97B,$0.40B,20.12%,$1.97B,$0.18B,8.99%,$1.97B,$0.13B,6.61%,$0.13B,$0.79B,17.50%,$0.13B,$0.13B,137.20%,$0.13B,$1.53B,8.77%,$0.38B,$1.03B,38.56%,$582,$305,$277,$0,$184,$502,$80,$-2,$49,$14,$35,$37,$37,$80,$80,$92,93,$0.40,$0.40,$40,$0,$20,$629,$0,$66,$656,$1,$769,$1526,$336,$244,$96,$401,$737,$243,$528,$0,$789,$1526,$0,$0,$0,$0,$0,$0,$0,$0,$0,$0,$0,$0,$0,$0,$0,$0,$0,$0,$0,$0,$0,$0,$0,$0,$0,$0,$0,$0,$0
22,2013-03-31,20.48,$0.00,0.0,$20.23,1.01,$1.73,11.82,$1.35,15.17,$0.61B,$0.34B,1.81,$0.25B,$0.76B,0.33,$1.86B,$1.13B,60.84%,$1.86B,$0.43B,23.02%,$1.86B,$0.43B,23.02%,$1.86B,$0.45B,24.31%,$1.86B,$0.17B,9.14%,$1.86B,$0.12B,6.67%,$0.12B,$0.76B,17.39%,$0.12B,$0.11B,152.15%,$0.12B,$1.49B,8.61%,$0.43B,$1.01B,44.29%,$511,$195,$316,$0,$174,$382,$129,$-2,$39,$11,$28,$28,$28,$142,$129,$92,93,$0.31,$0.31,$43,$0,$22,$609,$0,$68,$651,$1,$762,$1490,$337,$253,$84,$396,$733,$244,$508,$0,$757,$1490,$28,$13,$0,$13,$0,$0,$0,$0,$-45,$1,$-11,$0,$-1,$0,$0,$2,$0,$-10,$0,$-3,$0,$0,$4,$-7,$0,$-5,$-15,$0,$0
23,2012-12-31,18.6,$0.00,0.0,$19.52,0.95,$1.76,10.55,$1.32,14.15,$0.59B,$0.35B,1.71,$0.26B,$0.73B,0.36,$1.79B,$1.08B,60.67%,$1.79B,$0.40B,22.58%,$1.79B,$0.40B,22.58%,$1.79B,$0.43B,23.81%,$1.79B,$0.17B,9.24%,$1.79B,$0.12B,6.78%,$0.12B,$0.73B,17.68%,$0.12B,$0.08B,170.42%,$0.12B,$1.47B,8.67%,$0.40B,$0.99B,43.04%,$477,$173,$304,$0,$164,$350,$127,$-2,$42,$10,$31,$31,$31,$127,$127,$92,92,$0.34,$0.34,$42,$0,$41,$590,$0,$4,$653,$67,$765,$1470,$345,$259,$80,$397,$742,$241,$492,$0,$728,$1470,$121,$48,$0,$48,$0,$0,$0,$0,$-2,$181,$-22,$0,$-102,$0,$0,$2,$-21,$-143,$0,$-12,$0,$0,$10,$-21,$-9,$-31,$6,$0,$0
24,2012-09-30,15.71,$0.00,0.0,$18.16,0.86,$1.08,14.6,$0.26,61.59,$0.59B,$0.36B,1.66,$0.25B,$0.70B,0.35,$1.66B,$0.98B,58.84%,$1.66B,$0.32B,19.25%,$1.66B,$0.32B,19.25%,$1.66B,$0.35B,21.30%,$1.66B,$0.06B,3.80%,$1.66B,$0.02B,1.45%,$0.02B,$0.70B,3.63%,$0.02B,$0.07B,37.50%,$0.02B,$1.44B,1.76%,$0.32B,$0.94B,35.12%,$398,$180,$218,$0,$159,$351,$47,$-2,$47,$13,$34,$34,$34,$47,$47,$92,92,$0.37,$0.37,$18,$0,$43,$590,$0,$3,$633,$66,$741,$1440,$356,$246,$83,$386,$742,$238,$469,$0,$698,$1440,$0,$0,$0,$0,$0,$0,$0,$0,$0,$0,$0,$0,$0,$0,$0,$0,$0,$0,$0,$0,$0,$0,$0,$0,$0,$0,$0,$0,$0
25,2012-06-30,13.16,$0.00,0.0,$17.63,0.75,$1.50,8.77,$0.20,65.8,$0.56B,$0.30B,1.85,$0.26B,$0.67B,0.38,$1.61B,$0.95B,58.83%,$1.61B,$0.31B,19.03%,$1.61B,$0.31B,19.03%,$1.61B,$0.37B,23.26%,$1.61B,$0.06B,3.54%,$1.61B,$0.02B,1.18%,$0.02B,$0.67B,2.85%,$0.02B,$0.08B,32.48%,$0.02B,$1.36B,1.39%,$0.31B,$0.93B,33.42%,$473,$180,$293,$0,$157,$348,$125,$-3,$42,$11,$30,$31,$31,$136,$125,$91,91,$0.34,$0.34,$12,$0,$44,$556,$0,$3,$589,$63,$698,$1360,$301,$256,$80,$391,$691,$230,$436,$0,$669,$1360,$55,$23,$0,$23,$0,$0,$0,$0,$-63,$22,$-12,$0,$-40,$0,$0,$-2,$-9,$-61,$0,$15,$0,$0,$4,$-7,$-4,$9,$-31,$0,$0
26,2012-03-31,14.57,$0.00,0.0,$16.30,0.89,$1.15,12.66,$0.16,94.03,$0.52B,$0.29B,1.79,$0.25B,$0.64B,0.39,$1.49B,$0.85B,56.89%,$1.49B,$0.22B,14.73%,$1.49B,$0.22B,14.73%,$1.49B,$0.28B,18.56%,$1.49B,$0.05B,3.43%,$1.49B,$0.01B,0.94%,$0.01B,$0.64B,2.10%,$0.01B,$0.06B,31.64%,$0.01B,$1.32B,1.02%,$0.22B,$0.89B,23.69%,$437,$169,$268,$0,$154,$334,$104,$-3,$34,$9,$25,$25,$25,$115,$104,$91,91,$0.28,$0.28,$27,$0,$29,$523,$0,$63,$578,$1,$687,$1315,$293,$248,$79,$380,$673,$231,$415,$0,$642,$1315,$25,$11,$0,$11,$0,$0,$0,$0,$-42,$-2,$-5,$0,$-26,$0,$0,$0,$-9,$-39,$0,$14,$0,$0,$3,$0,$-3,$14,$-28,$0,$0
27,2011-12-31,12.41,$0.00,0.0,$16.15,0.77,$1.03,12.08,$0.15,82.76,$0.54B,$0.33B,1.62,$0.24B,$0.64B,0.38,$1.48B,$0.85B,57.82%,$1.48B,$0.24B,15.98%,$1.48B,$0.24B,15.98%,$1.48B,$0.28B,19.09%,$1.48B,$0.05B,3.39%,$1.48B,$0.01B,0.95%,$0.01B,$0.64B,2.10%,$0.01B,$0.05B,44.80%,$0.01B,$1.34B,1.02%,$0.24B,$0.87B,25.47%,$349,$153,$196,$0,$141,$306,$43,$-94,$-60,$8,$-68,$-66,$-66,$55,$43,$91,91,$-0.73,$-0.73,$37,$0,$49,$536,$0,$2,$588,$64,$699,$1343,$331,$239,$83,$377,$709,$229,$403,$0,$635,$1343,$13,$47,$0,$47,$0,$0,$0,$0,$-48,$116,$-22,$0,$-77,$0,$0,$2,$-4,$-101,$0,$-154,$127,$0,$-8,$0,$-7,$-42,$-27,$0,$0
28,2011-09-30,10.14,$0.00,0.0,$15.61,0.65,$0.94,10.75,$1.14,8.9,$0.55B,$0.34B,1.61,$0.25B,$0.72B,0.35,$1.43B,$0.83B,57.90%,$1.43B,$0.22B,15.38%,$1.43B,$0.22B,15.38%,$1.43B,$0.23B,15.80%,$1.43B,$0.14B,9.79%,$1.43B,$0.10B,7.27%,$0.10B,$0.72B,15.78%,$0.10B,$0.04B,526.58%,$0.10B,$1.46B,7.65%,$0.22B,$0.97B,23.78%,$349,$160,$189,$0,$144,$315,$34,$-4,$41,$11,$30,$29,$29,$68,$34,$91,91,$0.32,$0.32,$17,$0,$45,$548,$0,$2,$677,$66,$796,$1457,$341,$253,$85,$395,$736,$230,$474,$0,$720,$1457,$80,$35,$0,$35,$0,$0,$0,$0,$-70,$53,$-15,$0,$-55,$0,$0,$2,$-4,$-71,$0,$-19,$0,$0,$-10,$0,$-6,$-35,$-53,$0,$0
29,2011-06-30,13.23,$0.00,0.0,$15.98,0.83,$0.92,14.43,$1.18,11.26,$0.51B,$0.30B,1.73,$0.29B,$0.67B,0.42,$1.46B,$0.89B,60.79%,$1.46B,$0.30B,20.70%,$1.46B,$0.30B,20.70%,$1.46B,$0.29B,19.47%,$1.46B,$0.14B,9.63%,$1.46B,$0.11B,7.31%,$0.11B,$0.67B,17.11%,$0.11B,$0.02B,856.00%,$0.11B,$1.38B,8.23%,$0.30B,$0.96B,34.17%,$352,$159,$193,$0,$143,$314,$38,$-4,$36,$10,$27,$26,$26,$38,$38,$91,92,$0.29,$0.29,$6,$0,$43,$510,$0,$2,$651,$67,$762,$1383,$295,$285,$78,$414,$709,$233,$455,$0,$674,$1383,$0,$0,$0,$0,$0,$0,$0,$0,$0,$-11,$-11,$0,$-47,$0,$0,$-5,$-3,$-66,$0,$-109,$129,$0,$-3,$0,$-5,$13,$-65,$0,$0
30,2011-03-31,13.67,$0.00,0.0,$16.18,0.85,$1.19,11.47,$1.14,12.05,$0.47B,$0.29B,1.62,$0.26B,$0.64B,0.41,$1.48B,$0.94B,63.18%,$1.48B,$0.38B,25.29%,$1.48B,$0.38B,25.29%,$1.48B,$0.38B,25.35%,$1.48B,$0.14B,9.17%,$1.48B,$0.10B,7.01%,$0.10B,$0.64B,17.34%,$0.10B,$0.01B,585.92%,$0.10B,$1.31B,8.42%,$0.38B,$0.90B,44.51%,$427,$151,$276,$0,$144,$306,$121,$-2,$33,$9,$24,$25,$25,$121,$121,$92,92,$0.27,$0.27,$13,$0,$46,$470,$0,$3,$624,$63,$730,$1311,$291,$263,$73,$383,$675,$229,$422,$0,$636,$1311,$0,$0,$0,$0,$0,$0,$0,$0,$0,$-14,$-5,$0,$-32,$0,$0,$-3,$-3,$-43,$0,$-1,$11,$0,$-1,$0,$-3,$6,$-51,$0,$0
31,2010-12-31,12.74,$0.00,0.0,$15.56,0.82,$1.24,10.3,$1.02,12.55,$0.49B,$0.32B,1.52,$0.26B,$0.61B,0.43,$1.43B,$0.91B,63.49%,$1.43B,$0.37B,25.79%,$1.43B,$0.37B,25.79%,$1.43B,$0.37B,25.86%,$1.43B,$0.13B,9.11%,$1.43B,$0.09B,6.52%,$0.09B,$0.61B,16.24%,$0.09B,$0.00B,459.26%,$0.09B,$1.29B,7.92%,$0.37B,$0.87B,45.91%,$302,$132,$170,$0,$131,$274,$27,$-2,$30,$5,$25,$24,$24,$-1,$27,$91,91,$0.27,$0.27,$61,$0,$147,$490,$0,$0,$607,$78,$685,$1285,$322,$261,$94,$356,$678,$219,$441,$0,$607,$1285,$0,$0,$0,$0,$0,$0,$0,$0,$0,$111,$-25,$0,$-65,$0,$0,$4,$-3,$-89,$0,$-4,$36,$0,$-2,$0,$-5,$26,$47,$0,$0
32,2010-09-30,12.03,$0.00,0.0,$15.79,0.76,$1.09,11.03,$0.99,12.15,$0.48B,$0.31B,1.53,$0.24B,$0.59B,0.4,$1.45B,$0.81B,55.93%,$1.45B,$0.30B,20.41%,$1.45B,$0.30B,20.41%,$1.45B,$0.36B,25.10%,$1.45B,$0.13B,8.90%,$1.45B,$0.09B,6.28%,$0.09B,$0.59B,16.81%,$0.09B,$0.01B,391.40%,$0.09B,$1.22B,8.27%,$0.30B,$0.82B,39.55%,$383,$133,$251,$0,$123,$266,$117,$6,$42,$11,$31,$32,$32,$127,$117,$91,92,$0.35,$0.35,$36,$0,$164,$476,$0,$0,$571,$67,$638,$1221,$311,$236,$90,$325,$637,$215,$413,$0,$585,$1221,$66,$29,$0,$29,$0,$0,$0,$0,$-46,$57,$-20,$0,$-37,$0,$0,$5,$-3,$-55,$0,$1,$26,$0,$-3,$0,$-5,$20,$22,$0,$0
33,2010-06-30,10.08,$0.00,0.0,$15.42,0.65,$0.91,11.07,$0.54,18.67,$0.43B,$0.25B,1.74,$0.21B,$0.57B,0.37,$1.42B,$0.79B,55.61%,$1.42B,$0.28B,19.97%,$1.42B,$0.28B,19.97%,$1.42B,$0.34B,24.06%,$1.42B,$0.09B,6.14%,$1.42B,$0.05B,3.53%,$0.05B,$0.57B,9.68%,$0.05B,$0.04B,219.78%,$0.05B,$1.12B,4.74%,$0.28B,$0.78B,39.44%,$371,$131,$240,$0,$122,$261,$110,$-4,$31,$9,$22,$23,$23,$129,$110,$91,92,$0.25,$0.25,$30,$0,$155,$434,$0,$0,$526,$60,$586,$1124,$249,$211,$92,$303,$553,$217,$387,$0,$571,$1124,$35,$19,$0,$19,$0,$0,$0,$0,$-57,$15,$-11,$0,$-2,$0,$0,$-0,$-3,$-15,$0,$4,$20,$0,$-4,$0,$-4,$16,$16,$0,$0
34,2010-03-31,11.88,$0.00,0.0,$14.64,0.81,$0.51,23.48,$0.52,22.85,$0.40B,$0.24B,1.62,$0.21B,$0.53B,0.4,$1.34B,$0.66B,49.40%,$1.34B,$0.17B,12.37%,$1.34B,$0.17B,12.37%,$1.34B,$0.21B,15.28%,$1.34B,$0.08B,6.18%,$1.34B,$0.05B,3.58%,$0.05B,$0.53B,9.69%,$0.05B,$0.02B,548.57%,$0.05B,$1.07B,4.64%,$0.17B,$0.74B,23.49%,$371,$127,$245,$0,$120,$257,$114,$-1,$27,$14,$13,$14,$14,$114,$114,$91,92,$0.15,$0.15,$16,$0,$44,$396,$0,$0,$505,$64,$569,$1065,$244,$208,$86,$294,$539,$214,$364,$0,$527,$1065,$0,$0,$0,$0,$0,$0,$0,$0,$0,$-9,$-5,$0,$-1,$0,$0,$-2,$-2,$-11,$0,$0,$25,$0,$0,$0,$-3,$22,$2,$0,$0
35,2009-12-31,13.14,$0.00,0.0,$13.62,0.96,$0.32,41.11,$0.55,23.89,$0.36B,$0.25B,1.44,$0.18B,$0.48B,0.36,$1.25B,$0.52B,42.02%,$1.25B,$0.03B,2.33%,$1.25B,$0.03B,2.33%,$1.25B,$0.07B,5.45%,$1.25B,$0.08B,6.42%,$1.25B,$0.05B,4.09%,$0.05B,$0.48B,10.69%,$0.05B,$0.01B,-1133.33%,$0.05B,$0.99B,5.00%,$0.03B,$0.66B,4.15%,$325,$249,$75,$0,$110,$370,$-45,$-0,$29,$7,$23,$22,$22,$-6,$-45,$92,92,$0.24,$0.24,$13,$0,$40,$360,$0,$0,$469,$64,$533,$989,$250,$175,$82,$257,$507,$195,$321,$0,$482,$989,$49,$39,$0,$39,$0,$0,$0,$0,$-30,$88,$-14,$0,$-64,$0,$0,$-10,$-3,$-91,$0,$-4,$-70,$0,$2,$0,$-2,$-74,$-79,$0,$0
36,2009-09-30,11.43,$0.00,0.0,$13.32,0.86,$0.81,14.13,$0.53,21.56,$0.40B,$0.26B,1.57,$0.21B,$0.49B,0.43,$1.22B,$0.57B,46.92%,$1.22B,$0.08B,6.66%,$1.22B,$0.08B,6.66%,$1.22B,$0.08B,6.66%,$1.22B,$0.08B,6.24%,$1.22B,$0.05B,4.03%,$0.05B,$0.49B,10.12%,$0.05B,$0.01B,1507.69%,$0.05B,$1.04B,4.70%,$0.08B,$0.70B,11.38%,$350,$122,$228,$0,$115,$246,$104,$-33,$0,$10,$-9,$-9,$-9,$104,$104,$91,92,$-0.10,$-0.10,$13,$0,$42,$400,$0,$0,$475,$62,$537,$1040,$255,$210,$89,$299,$554,$201,$311,$0,$486,$1040,$0,$0,$0,$0,$0,$0,$0,$0,$0,$33,$-13,$0,$-62,$0,$0,$-3,$0,$-77,$0,$-4,$-32,$0,$2,$0,$-1,$-36,$-81,$0,$0
37,2009-06-30,10.95,$0.00,0.0,$13.14,0.83,$0.88,12.42,$0.32,34.75,$0.39B,$0.22B,1.74,$0.25B,$0.49B,0.52,$1.20B,$0.50B,41.55%,$1.20B,$0.02B,1.25%,$1.20B,$0.02B,1.25%,$1.20B,$0.02B,1.25%,$1.20B,$0.06B,4.66%,$1.20B,$0.03B,2.41%,$0.03B,$0.49B,6.12%,$0.03B,$-0.01B,351.52%,$0.03B,$1.05B,2.84%,$0.02B,$0.74B,2.16%,$296,$181,$115,$0,$113,$303,$-7,$-3,$27,$8,$19,$21,$21,$-7,$-7,$91,91,$0.23,$0.23,$12,$0,$43,$390,$0,$0,$498,$55,$553,$1047,$224,$252,$84,$336,$561,$188,$301,$0,$486,$1047,$0,$0,$0,$0,$0,$0,$0,$0,$0,$-23,$-10,$0,$-55,$0,$0,$-1,$0,$-66,$0,$-5,$17,$0,$0,$0,$0,$12,$-77,$0,$0
38,2009-03-31,8.29,$0.00,0.0,$13.58,0.61,$1.73,4.81,$0.32,25.91,$0.37B,$0.22B,1.64,$0.25B,$0.46B,0.54,$1.25B,$0.54B,43.69%,$1.25B,$0.06B,4.50%,$1.25B,$0.06B,4.50%,$1.25B,$0.05B,3.86%,$1.25B,$0.06B,4.90%,$1.25B,$0.03B,2.41%,$0.03B,$0.46B,6.34%,$0.03B,$-0.03B,162.16%,$0.03B,$1.01B,2.97%,$0.06B,$0.70B,8.18%,$276,$170,$106,$0,$119,$299,$-23,$-3,$24,$7,$17,$17,$17,$-23,$-23,$91,92,$0.18,$0.18,$17,$0,$36,$366,$0,$0,$486,$49,$535,$1005,$224,$247,$79,$326,$550,$176,$265,$0,$455,$1005,$0,$0,$0,$0,$0,$0,$0,$0,$0,$-25,$-7,$0,$-52,$0,$0,$-0,$0,$-58,$0,$-4,$19,$0,$0,$0,$0,$15,$-67,$0,$0
39,2008-12-31,11.25,$0.00,0.0,$13.31,0.85,$1.39,8.08,$0.33,34.62,$0.45B,$0.28B,1.6,$0.20B,$0.51B,0.4,$1.22B,$0.54B,44.24%,$1.22B,$0.07B,5.48%,$1.22B,$0.07B,5.48%,$1.22B,$0.07B,5.48%,$1.22B,$0.06B,4.99%,$1.22B,$0.03B,2.45%,$0.03B,$0.51B,6.30%,$0.03B,$0.04B,105.26%,$0.03B,$1.08B,2.98%,$0.07B,$0.71B,9.77%,$295,$173,$122,$0,$108,$288,$7,$2,$25,$8,$18,$20,$20,$7,$7,$91,91,$0.22,$0.22,$105,$0,$35,$454,$0,$0,$465,$54,$519,$1081,$283,$203,$86,$289,$572,$207,$291,$0,$509,$1081,$0,$0,$0,$0,$0,$0,$0,$0,$0,$151,$-33,$0,$-87,$0,$0,$6,$-6,$-121,$0,$-2,$60,$0,$-7,$0,$0,$51,$85,$0,$0
40,2008-09-30,10.84,$0.00,0.0,$12.44,0.87,$0.71,15.37,$0.32,34.42,$0.38B,$0.25B,1.54,$0.18B,$0.45B,0.41,$1.15B,$0.55B,47.91%,$1.15B,$0.09B,8.10%,$1.15B,$0.09B,8.10%,$1.15B,$0.09B,8.10%,$1.15B,$0.06B,5.14%,$1.15B,$0.03B,2.53%,$0.03B,$0.45B,6.41%,$0.03B,$0.03B,81.12%,$0.03B,$0.95B,3.13%,$0.09B,$0.63B,14.80%,$334,$178,$156,$0,$109,$297,$38,$-58,$-20,$8,$-29,$-29,$-29,$38,$38,$91,92,$-0.32,$-0.32,$20,$0,$34,$383,$0,$0,$414,$49,$464,$950,$249,$184,$70,$254,$504,$211,$279,$0,$446,$950,$0,$0,$0,$0,$0,$0,$0,$0,$0,$54,$-27,$0,$-88,$0,$0,$-2,$-6,$-124,$0,$-2,$76,$0,$-5,$0,$0,$69,$-0,$0,$0
41,2008-06-30,11.75,$0.00,0.0,$11.28,1.04,$0.54,21.88,$0.82,14.33,$0.41B,$0.24B,1.72,$0.22B,$0.48B,0.45,$1.04B,$0.53B,50.82%,$1.04B,$0.10B,9.53%,$1.04B,$0.10B,9.53%,$1.04B,$0.10B,9.53%,$1.04B,$0.11B,10.11%,$1.04B,$0.08B,7.22%,$0.08B,$0.48B,16.83%,$0.08B,$0.03B,117.19%,$0.08B,$1.01B,8.73%,$0.10B,$0.70B,16.97%,$340,$180,$160,$0,$117,$306,$34,$-2,$32,$10,$22,$22,$22,$26,$34,$91,92,$0.24,$0.24,$32,$0,$43,$411,$0,$0,$452,$42,$495,$1007,$239,$216,$71,$287,$525,$217,$318,$0,$482,$1007,$0,$0,$0,$0,$0,$0,$0,$0,$0,$54,$-10,$0,$-1,$0,$0,$0,$0,$-11,$0,$-3,$-17,$0,$-2,$0,$0,$-21,$22,$0,$0
42,2008-03-31,13.33,$0.00,0.0,$9.74,1.37,$0.12,112.54,$0.76,17.53,$0.40B,$0.22B,1.83,$0.24B,$0.47B,0.5,$0.90B,$0.48B,53.41%,$0.90B,$0.09B,9.83%,$0.90B,$0.09B,9.83%,$0.90B,$0.10B,10.73%,$0.90B,$0.10B,10.84%,$0.90B,$0.07B,7.71%,$0.07B,$0.47B,16.40%,$0.07B,$0.01B,77.97%,$0.07B,$0.99B,9.05%,$0.09B,$0.70B,17.10%,$254,$151,$103,$0,$107,$265,$-12,$-1,$24,$7,$17,$17,$17,$-4,$-12,$91,92,$0.19,$0.19,$10,$0,$46,$397,$0,$0,$458,$39,$498,$992,$218,$236,$71,$307,$525,$218,$300,$0,$468,$992,$17,$8,$0,$8,$0,$0,$0,$0,$-84,$-54,$-9,$0,$-71,$0,$0,$-2,$-7,$-89,$0,$1,$134,$0,$-3,$0,$0,$131,$-10,$0,$0
43,2007-12-31,17.78,$0.00,0.0,$8.78,2.02,$0.59,30.09,$0.72,24.86,$0.30B,$0.22B,1.39,$0.07B,$0.41B,0.17,$0.81B,$0.47B,58.14%,$0.81B,$0.12B,14.78%,$0.81B,$0.12B,14.78%,$0.81B,$0.12B,14.78%,$0.81B,$0.09B,11.55%,$0.81B,$0.07B,8.07%,$0.07B,$0.41B,16.48%,$0.07B,$0.07B,54.51%,$0.07B,$0.76B,9.94%,$0.12B,$0.48B,27.08%,$220,$89,$131,$0,$91,$188,$33,$1,$23,$5,$18,$19,$19,$33,$33,$93,93,$0.21,$0.21,$13,$0,$36,$303,$0,$0,$342,$35,$376,$761,$218,$70,$60,$129,$347,$205,$268,$0,$414,$761,$0,$0,$0,$0,$0,$0,$0,$0,$0,$82,$-25,$0,$-98,$0,$0,$-3,$0,$-127,$0,$-6,$36,$0,$2,$0,$0,$32,$-13,$0,$0
44,2007-09-30,15.04,$0.00,0.0,$8.13,1.85,$0.70,21.55,$0.66,22.97,$0.30B,$0.18B,1.69,$0.03B,$0.42B,0.07,$0.74B,$0.50B,66.67%,$0.74B,$0.25B,32.93%,$0.74B,$0.25B,32.93%,$0.74B,$0.25B,32.93%,$0.74B,$0.23B,30.78%,$0.74B,$0.06B,8.06%,$0.06B,$0.42B,15.73%,$0.06B,$0.15B,45.80%,$0.06B,$0.68B,9.96%,$0.25B,$0.45B,59.50%,$225,$91,$134,$0,$85,$181,$44,$0,$26,$8,$17,$17,$17,$44,$44,$91,91,$0.19,$0.19,$12,$0,$28,$296,$0,$0,$274,$33,$307,$678,$175,$30,$54,$83,$259,$215,$268,$0,$419,$678,$0,$0,$0,$0,$0,$0,$0,$0,$0,$18,$-7,$0,$-5,$0,$0,$-0,$0,$-12,$0,$-5,$-12,$0,$0,$0,$0,$-17,$-10,$0,$0
45,2007-06-30,14.91,$0.00,0.0,$7.43,2.01,$0.81,18.44,$0.63,23.86,$0.27B,$0.15B,1.85,$0.04B,$0.38B,0.11,$0.68B,$0.45B,66.67%,$0.68B,$0.22B,32.75%,$0.68B,$0.22B,32.75%,$0.68B,$0.22B,32.75%,$0.68B,$0.23B,33.04%,$0.68B,$0.06B,8.52%,$0.06B,$0.38B,16.01%,$0.06B,$0.13B,48.03%,$0.06B,$0.62B,10.22%,$0.22B,$0.42B,56.78%,$196,$86,$110,$0,$83,$173,$23,$1,$24,$8,$16,$16,$16,$23,$23,$91,91,$0.18,$0.18,$20,$0,$25,$269,$0,$0,$255,$29,$284,$618,$146,$41,$49,$90,$236,$195,$228,$0,$382,$618,$0,$0,$0,$0,$0,$0,$0,$0,$0,$16,$-10,$0,$-33,$0,$0,$-1,$0,$-45,$0,$0,$23,$0,$1,$0,$0,$24,$-6,$0,$0
46,2007-03-31,12.47,$0.00,0.0,$7.04,1.77,$0.82,15.23,$0.61,20.45,$0.24B,$0.11B,2.18,$0.04B,$0.36B,0.11,$0.65B,$0.44B,67.39%,$0.65B,$0.22B,34.47%,$0.65B,$0.22B,34.47%,$0.65B,$0.22B,34.47%,$0.65B,$0.22B,34.62%,$0.65B,$0.06B,8.81%,$0.06B,$0.36B,16.36%,$0.06B,$0.13B,51.24%,$0.06B,$0.56B,10.39%,$0.22B,$0.40B,58.38%,$164,$71,$93,$0,$70,$145,$19,$1,$20,$7,$13,$13,$13,$19,$19,$91,92,$0.15,$0.14,$37,$0,$25,$243,$0,$0,$231,$27,$258,$558,$112,$38,$44,$83,$194,$183,$199,$0,$363,$558,$0,$0,$0,$0,$0,$0,$0,$0,$0,$-13,$-5,$0,$0,$0,$0,$-2,$0,$-7,$0,$4,$28,$0,$1,$0,$0,$33,$12,$0,$0
47,2006-12-31,9.9,$0.00,0.0,$8.33,1.19,$1.02,9.7,$0.69,14.46,$0.23B,$0.14B,1.69,$0.01B,$0.36B,0.03,$0.62B,$0.48B,77.56%,$0.62B,$0.35B,55.29%,$0.62B,$0.35B,55.29%,$0.62B,$0.35B,55.29%,$0.62B,$0.35B,55.29%,$0.62B,$0.05B,8.65%,$0.05B,$0.36B,20.95%,$0.05B,$0.12B,69.01%,$0.05B,$0.56B,13.20%,$0.35B,$0.37B,122.56%,$159,$0,$159,$0,$0,$0,$159,$0,$159,$0,$159,$14,$14,$159,$159,$92,92,$0.15,$0.15,$26,$0,$22,$232,$0,$0,$242,$25,$267,$556,$137,$11,$46,$56,$194,$188,$192,$0,$362,$556,$0,$0,$0,$0,$0,$0,$0,$0,$0,$82,$-17,$0,$7,$0,$0,$-4,$0,$-14,$0,$-2,$-67,$0,$1,$0,$0,$-68,$0,$0,$0
