,Date,Stock Price,Book Value per Share,Price to Book Ratio,TTM Sales per Share,Price to Sales Ratio,TTM FCF per Share,Price to FCF Ratio,TTM Net EPS,PE Ratio,Current Assets,Current Liabilities,Current Ratio,Long Term Debt,Shareholder's Equity_x,Debt to Equity Ratio,TTM Revenue_x,TTM Gross Profit,Gross Margin,TTM Revenue_y,TTM Operating Income,Operating Margin,TTM Revenue_x,TTM EBIT,EBIT Margin,TTM Revenue_y,TTM EBITDA,EBITDA Margin,TTM Revenue_x,TTM Pre-Tax Income,Pre-Tax Margin,TTM Revenue_y,TTM Net Income_x,Net Margin,TTM Net Income_y,Shareholder's Equity_y,Return on Equity,TTM Net Income_x,Tangible Equity,Return on Tangible Equity,TTM Net Income_y,Total Assets,Return on Assets,TTM Net Income,LT Investments & Debt,Return on Investment,revenue,cost-goods-sold,gross-profit,research-development-expenses,selling-general-administrative-expenses,operating-expenses,operating-income,total-non-operating-income-expense,pre-tax-income,total-provision-income-taxes,income-after-taxes,income-from-continuous-operations,net-income,ebitda,ebit,basic-shares-outstanding,shares-outstanding,eps-basic-net-earnings-per-share,eps-earnings-per-share-diluted,cash-on-hand,inventory,other-current-assets,total-current-assets,net-property-plant-equipment,long-term-investments,goodwill-intangible-assets-total,other-long-term-assets,total-long-term-assets,total-assets,total-current-liabilities,long-term-debt,other-non-current-liabilities,total-long-term-liabilities,total-liabilities,common-stock-net,retained-earnings-accumulated-deficit,comprehensive-income,total-share-holder-equity,total-liabilities-share-holders-equity,net-income-loss,total-depreciation-amortization-cash-flow,other-non-cash-items,total-non-cash-items,change-in-accounts-receivable,change-in-inventories,change-in-accounts-payable,change-in-assets-liabilities,total-change-in-assets-liabilities,cash-flow-from-operating-activities,net-change-in-property-plant-equipment,net-change-in-intangible-assets,net-acquisitions-divestitures,net-change-in-short-term-investments,net-change-in-long-term-investments,net-change-in-investments-total,investing-activities-other,cash-flow-from-investing-activities,net-long-term-debt,net-current-debt,debt-issuance-retirement-net-total,net-common-equity-issued-repurchased,net-total-equity-issued-repurchased,total-common-preferred-stock-dividends-paid,financial-activities-other,cash-flow-from-financial-activities,net-cash-flow,stock-based-compensation,common-stock-dividends-paid
0,2018-09-30,2.01,$3.02,0.66,$2.04,0.99,$-0.27,0.0,$-0.70,0.0,$0.35B,$0.45B,0.79,$2.47B,$1.56B,1.59,$0.57B,$0.27B,48.50%,$0.57B,$-0.11B,-18.58%,$0.57B,$-0.11B,-18.58%,$0.57B,$0.11B,18.76%,$0.57B,$-0.22B,-38.05%,$0.57B,$-0.22B,-38.05%,$-0.22B,$1.56B,-13.18%,$-0.22B,$1.55B,-13.27%,$-0.22B,$4.48B,-4.83%,$-0.11B,$4.03B,-2.53%,$119,$70,$49,$0,$12,$141,$-21,$-50,$-72,$0,$-72,$-72,$-72,$32,$-21,$310,310,$-0.23,$-0.23,$268,$8,$0,$353,$4040,$0,$12,$76,$4128,$4480,$447,$2474,$0,$2474,$2921,$4,$-331,$0,$1559,$4480,$-172,$160,$43,$203,$11,$1,$3,$-2,$4,$35,$-26,$0,$0,$0,$0,$0,$-13,$-39,$118,$0,$118,$0,$0,$-10,$-23,$85,$81,$0,$-10
1,2018-06-30,2.81,$4.90,0.57,$2.19,1.29,$-0.45,0.0,$-0.63,0.0,$0.24B,$0.32B,0.73,$2.45B,$1.63B,1.51,$0.57B,$0.29B,50.62%,$0.57B,$-0.09B,-15.99%,$0.57B,$-0.09B,-15.99%,$0.57B,$0.11B,19.86%,$0.57B,$-0.18B,-31.63%,$0.57B,$-0.18B,-31.63%,$-0.18B,$1.63B,-10.92%,$-0.18B,$1.61B,-11.00%,$-0.18B,$4.40B,-4.04%,$-0.09B,$4.08B,-2.17%,$142,$71,$71,$0,$13,$145,$-3,$-66,$-69,$0,$-69,$-69,$-69,$50,$-3,$310,310,$-0.22,$-0.22,$165,$8,$0,$237,$4084,$0,$12,$68,$4164,$4400,$322,$2452,$0,$2452,$2775,$4,$-259,$0,$1625,$4400,$-101,$107,$32,$139,$15,$1,$3,$1,$14,$53,$-26,$0,$0,$0,$0,$0,$-2,$-28,$-25,$0,$-25,$0,$0,$-7,$-14,$-46,$-22,$0,$-7
2,2018-03-31,1.95,$5.00,0.39,$2.38,0.82,$-0.47,0.0,$-0.79,0.0,$0.24B,$0.22B,1.09,$2.57B,$1.66B,1.55,$0.55B,$0.29B,52.29%,$0.55B,$-0.11B,-20.18%,$0.55B,$-0.11B,-20.18%,$0.55B,$0.08B,14.86%,$0.55B,$-0.18B,-32.84%,$0.55B,$-0.18B,-32.84%,$-0.18B,$1.66B,-11.19%,$-0.18B,$1.65B,-11.25%,$-0.18B,$4.44B,-4.22%,$-0.11B,$4.22B,-2.75%,$156,$74,$83,$0,$14,$149,$7,$-39,$-32,$0,$-32,$-32,$-32,$61,$7,$308,308,$-0.10,$-0.10,$163,$9,$0,$238,$4128,$0,$12,$65,$4205,$4443,$220,$2567,$0,$2567,$2787,$4,$0,$-190,$1657,$4443,$-32,$53,$4,$58,$10,$1,$-2,$5,$9,$35,$-26,$0,$0,$0,$0,$0,$-0,$-26,$-25,$0,$-25,$0,$0,$-3,$-3,$-32,$-23,$0,$-3
3,2017-12-31,3.03,$5.16,0.59,$2.63,1.15,$-0.80,0.0,$-0.76,0.0,$0.28B,$0.21B,1.34,$2.60B,$1.69B,1.55,$0.51B,$0.27B,53.52%,$0.51B,$-0.05B,-8.98%,$0.51B,$-0.05B,-8.98%,$0.51B,$0.13B,25.59%,$0.51B,$-0.16B,-31.05%,$0.51B,$-0.16B,-31.05%,$-0.16B,$1.69B,-10.51%,$-0.16B,$1.67B,-10.55%,$-0.16B,$4.50B,-4.01%,$-0.05B,$4.29B,-1.25%,$148,$78,$71,$0,$11,$236,$-88,$-15,$-42,$0,$-42,$-42,$-42,$-37,$-88,$215,215,$-0.12,$-0.12,$186,$10,$0,$279,$4145,$0,$11,$62,$4219,$4498,$209,$2604,$0,$2604,$2813,$4,$-158,$0,$1685,$4498,$-158,$177,$40,$217,$-1,$-1,$4,$-10,$-17,$42,$-131,$0,$-23,$0,$0,$0,$-6,$-160,$-21,$0,$-21,$304,$264,$-10,$-29,$205,$87,$6,$-10
4,2017-09-30,3.39,$5.78,0.59,$2.60,1.31,$0.91,3.72,$-0.79,0.0,$0.29B,$0.28B,1.03,$2.58B,$1.62B,1.59,$0.47B,$0.26B,55.74%,$0.47B,$0.03B,6.81%,$0.47B,$0.03B,6.81%,$0.47B,$0.20B,42.34%,$0.47B,$-0.15B,-31.28%,$0.47B,$-0.15B,-31.28%,$-0.15B,$1.62B,-10.35%,$-0.15B,$1.61B,-10.38%,$-0.15B,$4.49B,-4.03%,$0.03B,$4.21B,0.96%,$123,$60,$63,$0,$13,$130,$-7,$-30,$-37,$0,$-37,$-37,$-37,$39,$-7,$232,232,$-0.16,$-0.16,$197,$10,$0,$286,$4131,$0,$12,$57,$4200,$4486,$278,$2584,$0,$2584,$2862,$3,$-117,$0,$1624,$4486,$-117,$126,$35,$161,$4,$-2,$15,$-8,$-5,$39,$-73,$0,$-23,$0,$0,$0,$-3,$-99,$16,$0,$16,$200,$161,$-6,$-13,$158,$97,$6,$-6
5,2017-06-30,3.92,$5.11,0.77,$2.78,1.41,$2.31,1.69,$-0.80,0.0,$0.37B,$0.27B,1.36,$1.84B,$1.43B,1.28,$0.46B,$0.27B,57.92%,$0.46B,$0.04B,9.33%,$0.46B,$0.04B,9.33%,$0.46B,$0.21B,44.69%,$0.46B,$-0.14B,-29.72%,$0.46B,$-0.14B,-29.72%,$-0.14B,$1.43B,-10.12%,$-0.14B,$1.43B,-10.12%,$-0.14B,$3.54B,-4.10%,$0.04B,$3.27B,1.43%,$118,$51,$68,$0,$12,$140,$-22,$-47,$-68,$0,$-68,$-68,$-68,$18,$-22,$181,181,$-0.38,$-0.38,$280,$7,$27,$366,$3137,$0,$0,$36,$3173,$3539,$269,$1838,$0,$1838,$2107,$3,$-80,$0,$1432,$3539,$-80,$80,$31,$111,$9,$0,$-1,$-6,$29,$60,$-48,$0,$-38,$0,$0,$0,$-0,$-87,$34,$0,$34,$200,$200,$-3,$-23,$208,$181,$6,$-3
6,2017-03-31,4.37,$7.49,0.58,$2.95,1.48,$3.35,1.31,$-0.40,0.0,$0.18B,$0.35B,0.53,$1.66B,$1.31B,1.27,$0.48B,$0.29B,60.42%,$0.48B,$0.09B,19.58%,$0.48B,$0.09B,19.58%,$0.48B,$0.26B,53.75%,$0.48B,$-0.07B,-13.54%,$0.48B,$-0.07B,-13.54%,$-0.07B,$1.31B,-4.83%,$-0.07B,$1.31B,-4.83%,$-0.07B,$3.32B,-1.97%,$0.09B,$2.97B,3.16%,$123,$51,$72,$0,$12,$52,$71,$-22,$-12,$0,$-12,$-12,$-12,$111,$71,$163,163,$-0.07,$-0.07,$131,$7,$0,$184,$3109,$0,$0,$26,$3135,$3319,$349,$1662,$0,$1662,$2011,$2,$-12,$0,$1308,$3319,$-12,$40,$3,$43,$4,$-1,$2,$-1,$2,$34,$-83,$0,$0,$0,$0,$0,$0,$-83,$90,$0,$90,$0,$0,$-2,$-9,$79,$30,$0,$-2
7,2016-12-31,4.45,$7.53,0.59,$3.19,1.39,$4.06,1.1,$-0.16,0.0,$0.16B,$0.39B,0.41,$1.53B,$1.32B,1.16,$0.52B,$0.34B,64.18%,$0.52B,$0.08B,14.75%,$0.52B,$0.08B,14.75%,$0.52B,$0.24B,46.55%,$0.52B,$-0.03B,-4.79%,$0.52B,$-0.03B,-4.79%,$-0.03B,$1.32B,-1.82%,$-0.03B,$1.32B,-1.82%,$-0.03B,$3.23B,-0.75%,$0.08B,$2.85B,2.55%,$106,$47,$59,$0,$12,$116,$-10,$-20,$-30,$0,$-30,$-30,$-30,$31,$-10,$161,161,$-0.17,$-0.17,$100,$6,$0,$158,$3051,$0,$0,$21,$3073,$3230,$385,$1530,$0,$1530,$1915,$2,$0,$0,$1315,$3230,$-25,$166,$26,$192,$27,$1,$-2,$-4,$12,$179,$31,$0,$0,$0,$0,$0,$0,$31,$-197,$0,$-197,$-17,$-17,$-87,$-11,$-311,$-101,$0,$-87
8,2016-09-30,4.42,$7.79,0.57,$3.43,1.29,$0.64,6.91,$0.22,20.09,$0.21B,$0.34B,0.61,$1.60B,$1.36B,1.17,$0.59B,$0.40B,67.85%,$0.59B,$0.15B,24.75%,$0.59B,$0.15B,24.75%,$0.59B,$0.31B,52.86%,$0.59B,$0.04B,6.57%,$0.59B,$0.04B,6.57%,$0.04B,$1.36B,2.79%,$0.04B,$1.36B,2.79%,$0.04B,$3.29B,1.14%,$0.15B,$2.96B,4.69%,$114,$46,$68,$0,$12,$110,$4,$-31,$-27,$0,$-27,$-27,$-27,$46,$4,$161,161,$-0.17,$-0.17,$139,$6,$0,$205,$3067,$0,$0,$21,$3088,$3293,$337,$1596,$0,$1596,$1933,$2,$49,$0,$1360,$3293,$5,$125,$23,$147,$21,$1,$0,$-5,$3,$155,$46,$0,$0,$0,$0,$0,$0,$46,$-172,$0,$-172,$-17,$-17,$-65,$-10,$-264,$-62,$0,$-65
9,2016-06-30,3.91,$8.14,0.48,$3.83,1.02,$-3.05,0.0,$0.83,4.71,$0.25B,$0.25B,1.01,$1.71B,$1.40B,1.22,$0.71B,$0.52B,73.02%,$0.71B,$0.25B,35.59%,$0.71B,$0.25B,35.59%,$0.71B,$0.42B,59.60%,$0.71B,$0.15B,21.33%,$0.71B,$0.15B,21.33%,$0.15B,$1.40B,10.69%,$0.15B,$1.40B,10.69%,$0.15B,$3.36B,4.37%,$0.25B,$3.11B,7.83%,$137,$47,$91,$0,$13,$108,$29,$-25,$4,$0,$4,$4,$4,$70,$29,$161,166,$0.02,$0.02,$184,$6,$0,$252,$3089,$0,$0,$23,$3111,$3364,$251,$1709,$0,$1709,$1960,$2,$98,$0,$1404,$3364,$32,$83,$11,$94,$15,$0,$-1,$-5,$1,$127,$55,$0,$0,$0,$0,$0,$0,$55,$-139,$0,$-139,$-14,$-14,$-43,$-3,$-199,$-17,$0,$-43
10,2016-03-31,5.31,$8.18,0.65,$3.95,1.35,$-5.87,0.0,$1.13,4.7,$0.33B,$0.26B,1.27,$1.77B,$1.42B,1.25,$0.76B,$0.57B,75.36%,$0.76B,$0.30B,39.79%,$0.76B,$0.30B,39.79%,$0.76B,$0.47B,61.66%,$0.76B,$0.21B,27.01%,$0.76B,$0.21B,27.01%,$0.21B,$1.42B,14.50%,$0.21B,$1.42B,14.50%,$0.21B,$3.45B,5.91%,$0.30B,$3.19B,9.34%,$165,$48,$117,$0,$17,$111,$54,$-26,$28,$0,$28,$28,$28,$96,$54,$160,166,$0.17,$0.17,$169,$7,$95,$331,$3091,$0,$0,$24,$3114,$3445,$260,$1771,$0,$1771,$2031,$2,$116,$0,$1415,$3445,$28,$42,$4,$46,$13,$-0,$0,$1,$5,$79,$-12,$0,$0,$0,$0,$0,$0,$-12,$-62,$0,$-62,$-14,$-14,$-22,$-2,$-99,$-32,$0,$-22
11,2015-12-31,7.14,$8.06,0.89,$3.81,1.87,$-6.95,0.0,$1.21,5.9,$0.28B,$0.24B,1.18,$1.87B,$1.41B,1.32,$0.76B,$0.58B,76.29%,$0.76B,$0.31B,40.66%,$0.76B,$0.31B,40.66%,$0.76B,$0.46B,61.46%,$0.76B,$0.22B,28.87%,$0.76B,$0.22B,28.87%,$0.22B,$1.41B,16.10%,$0.22B,$1.41B,16.10%,$0.22B,$3.52B,6.49%,$0.31B,$3.29B,9.81%,$178,$51,$127,$0,$18,$118,$60,$-26,$34,$0,$34,$34,$34,$102,$60,$161,200,$0.22,$0.19,$201,$7,$0,$280,$3220,$0,$0,$23,$3243,$3523,$237,$1872,$0,$1872,$2110,$2,$110,$0,$1414,$3523,$218,$156,$15,$171,$9,$-2,$1,$-16,$3,$392,$-815,$0,$0,$0,$0,$0,$111,$-703,$416,$0,$416,$84,$84,$-87,$-16,$396,$85,$0,$-87
12,2015-09-30,8.05,$7.96,1.01,$3.63,2.22,$-11.05,0.0,$1.01,7.97,$0.29B,$0.22B,1.33,$1.87B,$1.42B,1.32,$0.70B,$0.54B,76.96%,$0.70B,$0.28B,39.54%,$0.70B,$0.28B,39.54%,$0.70B,$0.42B,59.89%,$0.70B,$0.18B,26.17%,$0.70B,$0.18B,26.17%,$0.18B,$1.42B,14.25%,$0.18B,$1.42B,14.25%,$0.18B,$3.50B,5.79%,$0.28B,$3.29B,9.39%,$228,$46,$182,$0,$18,$119,$109,$-24,$85,$0,$85,$85,$85,$154,$109,$167,205,$0.51,$0.44,$173,$7,$18,$289,$3193,$0,$0,$21,$3214,$3503,$217,$1868,$0,$1868,$2085,$2,$98,$0,$1418,$3503,$184,$115,$8,$122,$-8,$-2,$6,$-14,$-20,$286,$-786,$0,$0,$0,$0,$0,$111,$-675,$-191,$609,$417,$108,$108,$-65,$-15,$445,$57,$0,$-65
13,2015-06-30,8.75,$7.70,1.14,$3.04,2.88,$-12.87,0.0,$0.56,15.63,$0.32B,$0.22B,1.46,$1.77B,$1.41B,1.26,$0.56B,$0.42B,75.27%,$0.56B,$0.17B,31.18%,$0.56B,$0.17B,31.18%,$0.56B,$0.29B,52.51%,$0.56B,$0.10B,17.56%,$0.56B,$0.10B,17.56%,$0.10B,$1.41B,7.89%,$0.10B,$1.41B,7.89%,$0.10B,$3.40B,3.37%,$0.17B,$3.18B,6.42%,$188,$42,$146,$0,$15,$109,$79,$-22,$58,$0,$58,$58,$58,$116,$79,$162,199,$0.35,$0.32,$227,$7,$0,$321,$2903,$157,$0,$19,$3079,$3400,$220,$1774,$0,$1774,$1994,$2,$35,$15,$1407,$3400,$98,$70,$4,$74,$-4,$-1,$7,$-13,$-13,$159,$-503,$0,$0,$0,$0,$0,$0,$-503,$355,$0,$355,$154,$154,$-42,$-11,$455,$111,$0,$-42
14,2015-03-31,8.06,$7.19,1.12,$2.40,3.36,$-12.34,0.0,$0.24,33.59,$0.29B,$0.24B,1.2,$1.58B,$1.18B,1.35,$0.43B,$0.32B,74.24%,$0.43B,$0.09B,22.01%,$0.43B,$0.09B,22.01%,$0.43B,$0.19B,44.73%,$0.43B,$0.04B,9.13%,$0.43B,$0.04B,9.13%,$0.04B,$1.18B,3.19%,$0.04B,$1.18B,3.19%,$0.04B,$3.01B,1.50%,$0.09B,$2.76B,3.87%,$161,$40,$121,$0,$14,$101,$59,$-19,$41,$0,$41,$41,$41,$92,$59,$152,187,$0.27,$0.25,$136,$6,$60,$290,$2573,$122,$0,$20,$2715,$3005,$243,$1584,$0,$1584,$1827,$2,$0,$-19,$1178,$3005,$41,$32,$1,$34,$2,$1,$11,$-12,$-10,$64,$-191,$0,$0,$0,$0,$0,$0,$-191,$0,$174,$174,$-6,$-6,$-20,$-2,$146,$20,$0,$-20
15,2014-12-31,7.34,$7.07,1.04,$1.94,3.78,$-11.82,0.0,$0.27,27.17,$0.27B,$0.19B,1.44,$1.45B,$1.16B,1.25,$0.34B,$0.26B,74.64%,$0.34B,$0.09B,25.95%,$0.34B,$0.09B,25.95%,$0.34B,$0.17B,48.40%,$0.34B,$0.05B,14.87%,$0.34B,$0.05B,14.87%,$0.05B,$1.16B,3.92%,$0.05B,$1.16B,3.92%,$0.05B,$2.81B,2.21%,$0.09B,$2.61B,4.07%,$126,$33,$92,$0,$14,$95,$31,$-31,$0,$0,$0,$0,$0,$59,$31,$172,176,$0.03,$0.03,$116,$6,$71,$274,$2377,$130,$0,$24,$2531,$2805,$190,$1451,$0,$1451,$1642,$2,$-28,$-11,$1163,$2805,$52,$77,$-40,$37,$-6,$-3,$6,$-5,$5,$94,$-1190,$0,$0,$0,$0,$0,$31,$-1158,$1505,$0,$1505,$-276,$-276,$-70,$-57,$1102,$37,$0,$-70
16,2014-09-30,6.92,$7.42,0.93,$1.59,4.36,$-10.82,0.0,$0.30,23.06,$0.24B,$0.13B,1.84,$1.06B,$1.22B,0.87,$0.27B,$0.20B,75.56%,$0.27B,$0.09B,31.48%,$0.27B,$0.09B,31.48%,$0.27B,$0.15B,54.44%,$0.27B,$0.06B,21.11%,$0.27B,$0.06B,21.11%,$0.06B,$1.22B,4.15%,$0.06B,$1.22B,4.15%,$0.06B,$2.41B,2.82%,$0.09B,$2.28B,4.41%,$83,$22,$61,$0,$12,$78,$5,$-6,$-1,$0,$-1,$-1,$-1,$26,$5,$160,160,$-0.01,$-0.01,$141,$5,$12,$241,$1981,$155,$0,$32,$2168,$2409,$131,$1058,$0,$1058,$1189,$2,$-28,$0,$1220,$2409,$52,$50,$-61,$-11,$-8,$-2,$0,$-3,$-6,$34,$-713,$0,$0,$0,$0,$0,$0,$-713,$360,$726,$1086,$-242,$-242,$-51,$-52,$741,$62,$0,$-51
17,2014-06-30,8.38,$7.74,1.08,$1.07,7.85,$-6.57,0.0,$0.31,27.02,$0.45B,$0.09B,4.88,$0.74B,$1.33B,0.55,$0.25B,$0.19B,76.73%,$0.25B,$0.08B,33.06%,$0.25B,$0.08B,33.06%,$0.25B,$0.13B,53.88%,$0.25B,$0.06B,24.08%,$0.25B,$0.06B,24.08%,$0.06B,$1.33B,4.18%,$0.06B,$1.33B,4.18%,$0.06B,$2.16B,3.26%,$0.08B,$2.07B,4.65%,$57,$14,$43,$0,$12,$59,$-1,$1,$-1,$0,$-1,$-1,$-1,$14,$-1,$186,186,$0.00,$0.00,$357,$3,$12,$453,$1514,$154,$0,$40,$1708,$2161,$93,$736,$0,$736,$829,$2,$-27,$0,$1332,$2161,$53,$28,$-63,$-35,$-4,$-0,$5,$-2,$1,$19,$-241,$0,$0,$0,$0,$0,$0,$-241,$360,$362,$722,$-140,$-140,$-34,$-47,$501,$278,$0,$-34
18,2014-03-31,8.13,$7.44,1.09,$1.15,7.08,$-7.87,0.0,$0.34,23.91,$0.35B,$0.09B,4.07,$0.29B,$1.50B,0.19,$0.24B,$0.19B,77.92%,$0.24B,$0.09B,35.83%,$0.24B,$0.09B,35.83%,$0.24B,$0.13B,54.17%,$0.24B,$0.06B,26.67%,$0.24B,$0.06B,26.67%,$0.06B,$1.50B,4.67%,$0.06B,$1.50B,4.67%,$0.06B,$1.87B,3.98%,$0.09B,$1.78B,5.53%,$77,$17,$60,$0,$11,$23,$54,$-1,$53,$0,$53,$53,$53,$67,$54,$189,192,$0.28,$0.28,$195,$5,$61,$349,$1281,$209,$0,$30,$1521,$1870,$86,$289,$0,$289,$375,$2,$-27,$0,$1495,$1870,$53,$13,$-51,$-38,$-12,$-2,$3,$-1,$-10,$5,$-36,$0,$0,$0,$0,$0,$0,$-36,$0,$181,$181,$0,$0,$-16,$-18,$147,$116,$0,$-16
19,2013-12-31,9.54,$7.30,1.31,$1.27,7.52,$-9.52,0.0,$0.14,68.13,$0.24B,$0.06B,3.95,$0.14B,$1.45B,0.09,$0.21B,$0.16B,78.37%,$0.21B,$0.04B,19.23%,$0.21B,$0.04B,19.23%,$0.21B,$0.08B,36.54%,$0.21B,$0.02B,8.65%,$0.21B,$0.02B,8.65%,$0.02B,$1.45B,1.48%,$0.02B,$1.45B,1.48%,$0.02B,$1.65B,1.28%,$0.04B,$1.59B,2.92%,$53,$14,$40,$0,$11,$27,$27,$-21,$6,$0,$6,$6,$6,$40,$27,$147,148,$0.01,$0.00,$79,$3,$83,$239,$1180,$210,$0,$18,$1408,$1647,$60,$135,$0,$135,$196,$2,$-80,$0,$1451,$1647,$17,$37,$-21,$16,$-36,$-1,$-2,$-4,$-39,$-6,$-767,$0,$0,$0,$-85,$-85,$-83,$-935,$0,$24,$24,$984,$984,$-24,$-50,$932,$-8,$0,$-24
20,2013-09-30,7.85,$7.15,1.1,$1.64,4.8,$-6.54,0.0,0,0.0,$0.53B,$0.03B,19.67,$0.16B,$1.37B,0.12,$0.19B,$0.14B,77.30%,$0.19B,$0.02B,9.19%,$0.19B,$0.02B,9.19%,$0.19B,$0.05B,24.86%,$0.19B,$0.01B,3.78%,$0.19B,$0.01B,3.78%,$0.01B,$1.37B,0.73%,$0.01B,$1.37B,0.73%,$0.01B,$1.56B,0.62%,$0.02B,$1.53B,1.53%,$58,$12,$45,$0,$7,$57,$1,$0,$1,$0,$1,$1,$1,$11,$1,$0,0,$0.00,$0.00,$447,$3,$0,$529,$1012,$0,$0,$14,$1026,$1555,$27,$158,$0,$158,$185,$2,$-86,$0,$1370,$1555,$11,$24,$-0,$23,$-38,$-1,$1,$-5,$-42,$-8,$-585,$0,$0,$0,$0,$0,$0,$-585,$984,$28,$1011,$0,$0,$-11,$-48,$953,$360,$0,$-11
21,2013-06-30,7.19,$7.06,1.02,$2.32,3.1,$-8.16,0.0,$-0.30,0.0,$0.59B,$0.04B,15.0,$0.16B,$1.16B,0.14,$0.16B,$0.11B,73.08%,$0.16B,$0.01B,4.49%,$0.16B,$0.01B,4.49%,$0.16B,$0.03B,21.79%,$0.16B,$-0.01B,-4.49%,$0.16B,$-0.01B,-4.49%,$-0.01B,$1.16B,-1.02%,$-0.01B,$1.16B,-1.02%,$-0.01B,$1.36B,-0.80%,$0.01B,$1.32B,0.83%,$52,$10,$42,$0,$5,$48,$4,$0,$4,$0,$4,$4,$4,$12,$4,$132,132,$0.03,$0.03,$521,$3,$0,$590,$760,$0,$0,$12,$772,$1362,$39,$160,$0,$161,$200,$2,$-87,$0,$1162,$1362,$11,$14,$-0,$13,$-26,$-0,$2,$-5,$-31,$-7,$-324,$0,$0,$0,$0,$0,$0,$-324,$0,$31,$31,$765,$765,$-4,$-27,$764,$434,$0,$-4
22,2013-03-31,7.12,$0.00,0.0,$2.61,2.72,$-5.39,0.0,$-0.43,0.0,$0.46B,$0.02B,20.94,$0.17B,$0.87B,0.19,$0.13B,$0.09B,64.89%,$0.13B,0,0.00%,$0.13B,0,0.00%,$0.13B,$0.02B,17.56%,$0.13B,$-0.02B,-11.45%,$0.13B,$-0.02B,-11.45%,$-0.02B,$0.87B,-3.19%,$-0.02B,$0.87B,-3.19%,$-0.02B,$1.06B,-2.35%,$0.00B,$1.04B,0.00%,$45,$9,$36,$0,$3,$37,$8,$-1,$7,$0,$7,$7,$7,$13,$8,$86,86,$0.08,$0.08,$412,$3,$0,$464,$593,$0,$0,$1,$595,$1059,$22,$165,$1,$166,$188,$1,$-90,$0,$871,$1059,$7,$6,$-0,$5,$-11,$-1,$1,$-2,$-14,$-2,$-155,$0,$0,$0,$0,$0,$0,$-155,$0,$33,$33,$465,$465,$0,$-16,$481,$325,$0,$0
23,2012-12-31,5.68,$6.50,0.87,$2.89,1.96,$-3.63,0.0,$-0.65,0.0,$0.13B,$0.02B,5.57,$0.14B,$0.42B,0.33,$0.12B,$0.06B,54.78%,$0.12B,$-0.01B,-6.09%,$0.12B,$-0.01B,-6.09%,$0.12B,$0.02B,13.91%,$0.12B,$-0.03B,-23.48%,$0.12B,$-0.03B,-23.48%,$-0.03B,$0.42B,-8.37%,$-0.03B,$0.42B,-8.37%,$-0.03B,$0.57B,-5.57%,$-0.01B,$0.55B,-1.51%,$30,$10,$20,$0,$3,$26,$4,$-9,$-5,$0,$-5,$-5,$-5,$10,$4,$41,41,$-0.10,$-0.10,$87,$2,$0,$127,$446,$0,$0,$1,$447,$573,$23,$135,$1,$136,$158,$1,$-97,$0,$415,$573,$-27,$22,$12,$34,$-16,$1,$4,$1,$-9,$-2,$-90,$0,$0,$0,$0,$0,$0,$-90,$0,$-5,$-5,$157,$157,$0,$-9,$142,$50,$0,$0
24,2012-09-30,4.79,$0.00,0.0,$2.96,1.62,$-6.11,0.0,$-2.75,0.0,$0.07B,$0.02B,3.56,$0.19B,$0.29B,0.64,$0.11B,$0.06B,50.93%,$0.11B,$-0.01B,-12.96%,$0.11B,$-0.01B,-12.96%,$0.11B,$0.01B,8.33%,$0.11B,$-0.09B,-87.04%,$0.11B,$-0.09B,-87.04%,$-0.09B,$0.29B,-32.36%,$-0.09B,$0.29B,-32.36%,$-0.09B,$0.50B,-20.73%,$-0.01B,$0.48B,-3.23%,$29,$13,$16,$0,$3,$37,$-9,$-4,$-13,$0,$-13,$-13,$-13,$-1,$-9,$42,42,$-0.30,$-0.30,$38,$3,$0,$68,$429,$0,$0,$1,$430,$497,$19,$187,$1,$188,$207,$0,$-92,$0,$290,$497,$-22,$17,$11,$27,$-6,$-0,$4,$2,$2,$7,$-75,$0,$0,$0,$0,$0,$0,$-75,$0,$48,$48,$25,$25,$0,$-4,$69,$1,$0,$0
25,2012-06-30,5.1,$7.16,0.71,$2.96,1.72,$-7.72,0.0,$-2.67,0.0,$0.07B,$0.01B,4.87,$0.11B,$0.30B,0.36,$0.10B,$0.05B,50.00%,$0.10B,$-0.01B,-10.00%,$0.10B,$-0.01B,-10.00%,$0.10B,$0.01B,11.00%,$0.10B,$-0.09B,-88.00%,$0.10B,$-0.09B,-88.00%,$-0.09B,$0.30B,-29.48%,$-0.09B,$0.30B,-29.48%,$-0.09B,$0.43B,-19.76%,$-0.01B,$0.41B,-2.34%,$27,$15,$13,$0,$3,$30,$-3,$-1,$-4,$0,$-4,$-4,$-4,$1,$-3,$40,40,$-0.10,$-0.10,$36,$3,$0,$65,$358,$0,$0,$4,$362,$426,$13,$110,$1,$110,$124,$0,$-80,$0,$303,$426,$-9,$9,$5,$14,$-4,$-1,$2,$1,$1,$5,$6,$0,$0,$0,$0,$0,$0,$6,$0,$-33,$-33,$25,$25,$0,$-3,$-11,$-1,$0,$0
26,2012-03-31,5.64,$0.00,0.0,$3.05,1.85,$-11.39,0.0,$-2.67,0.0,$0.10B,$0.03B,3.58,$0.13B,$0.28B,0.47,$0.09B,$0.05B,52.13%,$0.09B,$-0.01B,-8.51%,$0.09B,$-0.01B,-8.51%,$0.09B,$0.02B,15.96%,$0.09B,$-0.09B,-92.55%,$0.09B,$-0.09B,-92.55%,$-0.09B,$0.28B,-28.48%,$-0.09B,$0.28B,-28.48%,$-0.09B,$0.44B,-18.44%,$-0.01B,$0.42B,-1.77%,$29,$15,$14,$0,$3,$28,$1,$-6,$-5,$0,$-5,$-5,$-5,$6,$1,$36,36,$-0.14,$-0.14,$35,$5,$32,$100,$341,$0,$0,$3,$344,$443,$28,$133,$1,$133,$161,$0,$-76,$0,$282,$443,$-5,$5,$5,$9,$-7,$-2,$3,$1,$-3,$1,$-3,$0,$0,$0,$0,$0,$0,$-3,$0,$1,$1,$0,$0,$0,$-1,$-0,$-2,$0,$0
27,2011-12-31,3.9,$7.48,0.52,$2.96,1.32,$-11.46,0.0,$-2.59,0.0,$0.06B,$0.02B,3.37,$0.14B,$0.29B,0.5,$0.08B,$0.05B,54.88%,$0.08B,$-0.01B,-10.98%,$0.08B,$-0.01B,-10.98%,$0.08B,$0.01B,17.07%,$0.08B,$-0.08B,-101.22%,$0.08B,$-0.08B,-101.22%,$-0.08B,$0.29B,-27.57%,$-0.08B,$0.29B,-27.57%,$-0.08B,$0.45B,-17.68%,$-0.01B,$0.43B,-2.00%,$23,$11,$12,$0,$3,$26,$-3,$-68,$-72,$0,$-72,$-72,$-72,$3,$-3,$29,29,$-2.50,$-2.50,$37,$3,$0,$61,$383,$0,$0,$4,$387,$448,$18,$143,$0,$143,$161,$0,$-71,$0,$287,$448,$-83,$23,$67,$90,$-13,$-1,$-1,$-5,$-19,$-12,$-123,$0,$0,$0,$0,$0,$0,$-123,$0,$6,$6,$108,$108,$0,$-10,$104,$-31,$0,$0
28,2011-09-30,4.21,$10.21,0.41,$2.94,1.43,$-22.03,0.0,$-0.51,0.0,$0.05B,$0.01B,5.0,$0.13B,$0.32B,0.41,$0.07B,$0.04B,53.52%,$0.07B,$-0.01B,-9.86%,$0.07B,$-0.01B,-9.86%,$0.07B,$0.01B,19.72%,$0.07B,$-0.01B,-19.72%,$0.07B,$-0.01B,-19.72%,$-0.01B,$0.32B,-4.74%,$-0.01B,$0.32B,-4.74%,$-0.01B,$0.46B,-3.04%,$-0.01B,$0.45B,-1.59%,$21,$11,$11,$0,$3,$26,$-5,$-2,$-7,$0,$-7,$-7,$-7,$1,$-5,$31,31,$-0.22,$-0.22,$25,$3,$0,$50,$412,$0,$0,$2,$415,$464,$10,$131,$1,$132,$142,$0,$1,$0,$322,$464,$-11,$17,$0,$17,$-13,$-2,$1,$-3,$-16,$-10,$-90,$0,$0,$0,$0,$0,$0,$-90,$0,$-6,$-6,$67,$67,$0,$-3,$57,$-43,$0,$0
29,2011-06-30,7.97,$10.39,0.77,$2.97,2.68,$-28.80,0.0,$-0.38,0.0,$0.12B,$0.03B,4.35,$0.18B,$0.33B,0.53,$0.06B,$0.03B,50.79%,$0.06B,$-0.00B,-3.17%,$0.06B,$-0.00B,-3.17%,$0.06B,$0.02B,28.57%,$0.06B,$-0.01B,-14.29%,$0.06B,$-0.01B,-14.29%,$-0.01B,$0.33B,-3.35%,$-0.01B,$0.33B,-3.35%,$-0.01B,$0.53B,-2.09%,$-0.00B,$0.51B,-0.49%,$21,$9,$12,$0,$3,$22,$-1,$-2,$-3,$0,$-3,$-3,$-3,$5,$-1,$27,27,$-0.10,$-0.10,$95,$2,$0,$115,$416,$0,$0,$2,$417,$532,$26,$175,$0,$175,$202,$0,$8,$0,$331,$532,$-4,$10,$0,$10,$-10,$-1,$1,$-0,$-9,$-3,$-90,$0,$0,$0,$0,$0,$0,$-90,$0,$54,$54,$68,$68,$0,$-3,$119,$26,$0,$0
30,2011-03-31,8.24,$0.00,0.0,$2.62,3.15,$-31.70,0.0,$-0.26,0.0,$0.10B,$0.02B,4.79,$0.15B,$0.26B,0.56,$0.05B,$0.02B,48.98%,$0.05B,0,0.00%,$0.05B,0,0.00%,$0.05B,$0.02B,32.65%,$0.05B,$-0.01B,-12.24%,$0.05B,$-0.01B,-12.24%,$-0.01B,$0.26B,-2.50%,$-0.01B,$0.26B,-2.50%,$-0.01B,$0.43B,-1.68%,$0.00B,$0.41B,0.00%,$17,$7,$10,$0,$3,$17,$-0,$-1,$-1,$0,$-1,$-1,$-1,$5,$-0,$24,24,$-0.06,$-0.06,$88,$1,$0,$102,$330,$0,$0,$3,$332,$434,$21,$149,$0,$149,$170,$0,$-3,$0,$264,$434,$-1,$5,$0,$5,$-4,$-0,$-0,$-2,$-6,$-3,$0,$0,$0,$0,$0,$0,$0,$0,$0,$23,$23,$0,$0,$0,$-0,$23,$20,$0,$0
31,2010-12-31,8.07,$10.75,0.75,$3.01,2.68,$-30.66,0.0,$0.01,0.0,$0.08B,$0.02B,3.84,$0.13B,$0.27B,0.48,$0.04B,$0.02B,47.37%,$0.04B,$0.00B,5.26%,$0.04B,$0.00B,5.26%,$0.04B,$0.02B,39.47%,$0.04B,$-0.00B,-10.53%,$0.04B,$-0.00B,-10.53%,$-0.00B,$0.27B,-2.11%,$-0.00B,$0.27B,-2.11%,$-0.00B,$0.41B,-1.46%,$0.00B,$0.39B,0.76%,$12,$7,$5,$0,$2,$13,$-1,$-1,$-3,$0,$-3,$-3,$-3,$3,$-1,$16,16,$-0.32,$-0.32,$68,$1,$0,$77,$333,$0,$0,$2,$335,$412,$20,$127,$0,$127,$147,$0,$-1,$0,$265,$412,$-3,$14,$0,$14,$-6,$-1,$3,$-2,$-6,$5,$-243,$0,$0,$0,$0,$0,$-2,$-246,$0,$105,$105,$205,$205,$0,$-2,$308,$68,$0,$0
