,Date,Stock Price,Book Value per Share,Price to Book Ratio,TTM Sales per Share,Price to Sales Ratio,TTM FCF per Share,Price to FCF Ratio,TTM Net EPS,PE Ratio,Current Assets,Current Liabilities,Current Ratio,Long Term Debt,Shareholder's Equity_x,Debt to Equity Ratio,TTM Revenue_x,TTM Gross Profit,Gross Margin,TTM Revenue_y,TTM Operating Income,Operating Margin,TTM Revenue_x,TTM EBIT,EBIT Margin,TTM Revenue_y,TTM EBITDA,EBITDA Margin,TTM Revenue_x,TTM Pre-Tax Income,Pre-Tax Margin,TTM Revenue_y,TTM Net Income_x,Net Margin,TTM Net Income_y,Shareholder's Equity_y,Return on Equity,TTM Net Income_x,Tangible Equity,Return on Tangible Equity,TTM Net Income_y,Total Assets,Return on Assets,TTM Net Income,LT Investments & Debt,Return on Investment,revenue,cost-goods-sold,gross-profit,research-development-expenses,selling-general-administrative-expenses,operating-expenses,operating-income,total-non-operating-income-expense,pre-tax-income,total-provision-income-taxes,income-after-taxes,income-from-continuous-operations,net-income,ebitda,ebit,basic-shares-outstanding,shares-outstanding,eps-basic-net-earnings-per-share,eps-earnings-per-share-diluted,cash-on-hand,inventory,other-current-assets,total-current-assets,net-property-plant-equipment,long-term-investments,goodwill-intangible-assets-total,other-long-term-assets,total-long-term-assets,total-assets,total-current-liabilities,long-term-debt,other-non-current-liabilities,total-long-term-liabilities,total-liabilities,common-stock-net,retained-earnings-accumulated-deficit,comprehensive-income,total-share-holder-equity,total-liabilities-share-holders-equity,net-income-loss,total-depreciation-amortization-cash-flow,other-non-cash-items,total-non-cash-items,change-in-accounts-receivable,change-in-inventories,change-in-accounts-payable,change-in-assets-liabilities,total-change-in-assets-liabilities,cash-flow-from-operating-activities,net-change-in-property-plant-equipment,net-change-in-intangible-assets,net-acquisitions-divestitures,net-change-in-short-term-investments,net-change-in-long-term-investments,net-change-in-investments-total,investing-activities-other,cash-flow-from-investing-activities,net-long-term-debt,net-current-debt,debt-issuance-retirement-net-total,net-common-equity-issued-repurchased,net-total-equity-issued-repurchased,total-common-preferred-stock-dividends-paid,financial-activities-other,cash-flow-from-financial-activities,net-cash-flow,stock-based-compensation,common-stock-dividends-paid
0,2017-12-31,6.56,$2.42,2.72,$8.91,0.74,$1.16,5.66,$-1.95,0.0,$0.11B,$0.05B,2.47,$0.32B,$0.09B,3.47,$0.34B,$0.29B,84.62%,$0.34B,$-0.01B,-2.96%,$0.34B,$-0.01B,-2.96%,$0.34B,$0.05B,14.20%,$0.34B,$-0.09B,-25.15%,$0.34B,$-0.07B,-21.60%,$-0.07B,$0.09B,-53.58%,$-0.07B,$0.00B,-550.94%,$-0.07B,$1.76B,-4.08%,$-0.01B,$0.41B,-2.25%,$85,$14,$71,$0,$39,$89,$-4,$-53,$-57,$-12,$-45,$-45,$-45,$45,$-4,$38,38,$-1.19,$-1.19,$7,$0,$22,$113,$447,$855,$88,$20,$1643,$1756,$46,$318,$379,$1619,$1664,$95,$0,$0,$92,$1756,$-75,$59,$23,$82,$-17,$0,$0,$36,$8,$15,$-11,$0,$1,$0,$0,$0,$1,$-9,$14,$0,$14,$0,$0,$-25,$-2,$-12,$-6,$1,$-25
1,2017-09-30,6.52,$3.60,1.81,$9.22,0.71,$1.38,4.73,$-0.77,0.0,$0.12B,$0.05B,2.23,$0.31B,$0.14B,2.24,$0.34B,$0.29B,85.63%,$0.34B,$-0.00B,-1.17%,$0.34B,$-0.00B,-1.17%,$0.34B,$0.01B,2.64%,$0.34B,$-0.03B,-9.68%,$0.34B,$-0.03B,-9.97%,$-0.03B,$0.14B,-21.15%,$-0.03B,$0.00B,-132.04%,$-0.03B,$1.80B,-1.89%,$-0.00B,$0.44B,-0.86%,$84,$12,$72,$0,$39,$86,$-2,$-7,$-9,$1,$-10,$-10,$-9,$1,$-2,$38,38,$-0.25,$-0.25,$8,$0,$26,$119,$449,$851,$134,$21,$1680,$1799,$53,$307,$377,$1609,$1663,$139,$0,$0,$137,$1799,$-30,$10,$17,$27,$-9,$0,$0,$34,$27,$25,$-8,$0,$1,$0,$0,$0,$0,$-7,$4,$0,$4,$0,$0,$-25,$-2,$-22,$-4,$1,$-25
2,2017-06-30,9.45,$3.85,2.45,$9.28,1.02,$1.19,7.97,$-0.84,0.0,$0.12B,$0.05B,2.59,$0.31B,$0.15B,2.1,$0.34B,$0.29B,85.50%,$0.34B,$-0.01B,-1.78%,$0.34B,$-0.01B,-1.78%,$0.34B,$0.01B,2.07%,$0.34B,$-0.03B,-10.06%,$0.34B,$-0.04B,-10.36%,$-0.04B,$0.15B,-20.96%,$-0.04B,$0.01B,-112.00%,$-0.04B,$1.79B,-1.95%,$-0.01B,$0.45B,-1.27%,$86,$12,$74,$0,$41,$89,$-3,$-8,$-11,$1,$-12,$-12,$-11,$0,$-3,$38,38,$-0.30,$-0.30,$7,$0,$24,$116,$448,$850,$135,$21,$1677,$1793,$45,$307,$376,$1602,$1646,$149,$0,$0,$146,$1793,$-20,$7,$12,$19,$-5,$0,$0,$21,$17,$16,$-3,$0,$0,$0,$0,$0,$0,$-2,$7,$0,$7,$0,$0,$-25,$-1,$-19,$-6,$0,$-25
3,2017-03-31,7.65,$4.48,1.71,$9.28,0.82,$0.89,8.58,$-0.80,0.0,$0.12B,$0.05B,2.56,$0.30B,$0.17B,1.78,$0.33B,$0.28B,85.20%,$0.33B,$-0.01B,-1.51%,$0.33B,$-0.01B,-1.51%,$0.33B,$0.01B,2.42%,$0.33B,$-0.03B,-9.37%,$0.33B,$-0.03B,-9.97%,$-0.03B,$0.17B,-18.38%,$-0.03B,$0.04B,-76.30%,$-0.03B,$1.81B,-1.85%,$-0.01B,$0.47B,-1.04%,$83,$14,$69,$0,$38,$84,$-1,$-7,$-8,$1,$-9,$-9,$-8,$2,$-1,$38,38,$-0.22,$-0.22,$14,$0,$22,$118,$452,$865,$135,$21,$1693,$1811,$46,$304,$379,$1595,$1641,$172,$0,$0,$170,$1811,$-9,$3,$7,$10,$-1,$0,$0,$12,$11,$12,$-1,$0,$0,$0,$0,$0,$0,$-1,$3,$0,$3,$0,$0,$-12,$-1,$-10,$1,$0,$-12
4,2016-12-31,8.33,$5.03,1.66,$9.50,0.88,$0.63,13.31,$-0.81,0.0,$0.12B,$0.04B,3.06,$0.30B,$0.19B,1.58,$0.33B,$0.28B,85.89%,$0.33B,$-0.00B,-0.92%,$0.33B,$-0.00B,-0.92%,$0.33B,$0.01B,3.07%,$0.33B,$-0.03B,-8.90%,$0.33B,$-0.03B,-9.82%,$-0.03B,$0.19B,-17.78%,$-0.03B,$0.05B,-73.99%,$-0.03B,$1.79B,-1.82%,$-0.00B,$0.49B,-0.62%,$88,$11,$77,$0,$39,$86,$2,$-7,$-5,$1,$-6,$-6,$-6,$6,$2,$35,35,$-0.16,$-0.16,$13,$0,$23,$119,$456,$841,$136,$20,$1668,$1787,$39,$300,$371,$1558,$1597,$192,$0,$0,$190,$1787,$-30,$13,$26,$39,$-23,$0,$0,$36,$14,$23,$-11,$0,$-11,$0,$0,$0,$3,$-19,$-14,$0,$-14,$94,$94,$-79,$-7,$-6,$-3,$1,$-79
5,2016-09-30,22.62,$4.55,4.97,$9.69,2.33,$-0.07,0.0,$-1.03,0.0,$0.13B,$0.04B,2.89,$0.31B,$0.16B,1.94,$0.32B,$0.27B,84.16%,$0.32B,$-0.01B,-1.86%,$0.32B,$-0.01B,-1.86%,$0.32B,$0.01B,2.17%,$0.32B,$-0.03B,-9.63%,$0.32B,$-0.03B,-10.56%,$-0.03B,$0.16B,-18.50%,$-0.03B,$0.03B,-72.73%,$-0.03B,$1.79B,-1.95%,$-0.01B,$0.48B,-1.22%,$81,$12,$69,$0,$36,$84,$-4,$-6,$-10,$-0,$-10,$-10,$-10,$-1,$-4,$35,35,$-0.28,$-0.28,$16,$0,$27,$125,$455,$840,$137,$18,$1670,$1794,$43,$314,$361,$1590,$1633,$162,$0,$0,$162,$1794,$-24,$9,$21,$31,$-19,$0,$0,$32,$12,$18,$-10,$0,$-11,$0,$0,$0,$2,$-18,$0,$0,$0,$75,$75,$-68,$-6,$0,$0,$1,$-68
6,2016-06-30,22.05,$5.53,3.99,$10.01,2.2,$-0.29,0.0,$-0.82,0.0,$0.11B,$0.04B,2.78,$0.28B,$0.20B,1.42,$0.32B,$0.27B,84.21%,$0.32B,$0.00B,0.62%,$0.32B,$0.00B,0.62%,$0.32B,$0.02B,4.95%,$0.32B,$-0.02B,-7.43%,$0.32B,$-0.03B,-8.67%,$-0.03B,$0.20B,-14.41%,$-0.03B,$0.06B,-47.86%,$-0.03B,$1.75B,-1.64%,$0.00B,$0.47B,0.40%,$79,$12,$67,$0,$35,$81,$-2,$-6,$-8,$1,$-8,$-8,$-9,$1,$-2,$35,35,$-0.27,$-0.27,$9,$0,$22,$113,$449,$816,$137,$18,$1634,$1746,$41,$278,$346,$1510,$1550,$197,$0,$0,$196,$1746,$-15,$6,$14,$20,$-12,$0,$0,$15,$3,$8,$-8,$0,$-2,$0,$0,$0,$2,$-7,$-37,$0,$-37,$75,$75,$-45,$-0,$-7,$-6,$1,$-45
7,2016-03-31,20.89,$4.89,4.27,$10.63,1.97,$-0.43,0.0,$-0.72,0.0,$0.11B,$0.04B,2.85,$0.32B,$0.17B,1.85,$0.33B,$0.28B,83.89%,$0.33B,$0.01B,1.52%,$0.33B,$0.01B,1.52%,$0.33B,$0.02B,5.78%,$0.33B,$-0.02B,-6.08%,$0.33B,$-0.03B,-7.60%,$-0.03B,$0.17B,-13.51%,$-0.03B,$0.04B,-48.08%,$-0.03B,$1.72B,-1.47%,$0.01B,$0.49B,1.00%,$78,$11,$67,$0,$34,$78,$1,$-7,$-6,$0,$-6,$-6,$-7,$4,$1,$33,33,$-0.23,$-0.23,$13,$0,$26,$113,$450,$790,$137,$16,$1604,$1717,$40,$318,$333,$1505,$1545,$172,$0,$0,$172,$1717,$-6,$3,$7,$10,$-4,$0,$0,$6,$2,$5,$-5,$0,$0,$0,$0,$0,$0,$-4,$0,$0,$0,$19,$19,$-21,$0,$-2,$-2,$0,$-21
8,2015-12-31,22.35,$6.38,3.51,$10.64,2.1,$-0.35,0.0,$-0.79,0.0,$0.11B,$0.03B,3.38,$0.32B,$0.21B,1.55,$0.32B,$0.27B,84.11%,$0.32B,$0.00B,0.31%,$0.32B,$0.00B,0.31%,$0.32B,$0.02B,4.67%,$0.32B,$-0.02B,-6.85%,$0.32B,$-0.03B,-8.41%,$-0.03B,$0.21B,-14.40%,$-0.03B,$0.07B,-47.37%,$-0.03B,$1.70B,-1.59%,$0.00B,$0.52B,0.20%,$84,$16,$68,$0,$35,$84,$-1,$-6,$-7,$0,$-7,$-7,$-8,$3,$-1,$30,30,$-0.25,$-0.25,$15,$0,$21,$110,$451,$780,$137,$21,$1590,$1700,$32,$316,$335,$1462,$1495,$204,$0,$0,$205,$1700,$-23,$13,$26,$39,$-18,$0,$0,$7,$-11,$4,$-15,$0,$-19,$0,$0,$0,$0,$-34,$37,$0,$37,$75,$75,$-78,$-0,$35,$5,$2,$-78
9,2015-09-30,22.32,$6.41,3.48,$11.14,2.0,$0.21,107.73,$-0.83,0.0,$0.12B,$0.05B,2.6,$0.30B,$0.20B,1.46,$0.32B,$0.27B,82.97%,$0.32B,$0.01B,1.55%,$0.32B,$0.01B,1.55%,$0.32B,$0.02B,5.57%,$0.32B,$-0.02B,-5.88%,$0.32B,$-0.03B,-8.67%,$-0.03B,$0.20B,-14.91%,$-0.03B,$0.07B,-101.82%,$-0.03B,$1.68B,-1.65%,$0.01B,$0.50B,1.02%,$82,$12,$70,$0,$33,$78,$4,$-7,$-3,$0,$-3,$-3,$-4,$8,$4,$31,31,$-0.14,$-0.14,$12,$0,$33,$118,$447,$771,$132,$3,$1563,$1682,$46,$297,$472,$1432,$1478,$212,$0,$0,$204,$1682,$-16,$9,$9,$18,$-5,$0,$0,$15,$10,$12,$-11,$0,$-13,$0,$0,$0,$0,$-24,$2,$0,$2,$68,$68,$-57,$-0,$13,$1,$1,$-57
10,2015-06-30,24.15,$5.43,4.44,$11.24,2.15,$0.59,40.73,$-0.83,0.0,$0.12B,$0.05B,2.56,$0.34B,$0.16B,2.11,$0.32B,$0.27B,83.70%,$0.32B,$0.00B,0.94%,$0.32B,$0.00B,0.94%,$0.32B,$0.02B,5.02%,$0.32B,$-0.02B,-5.96%,$0.32B,$-0.03B,-8.46%,$-0.03B,$0.16B,-13.83%,$-0.03B,$0.03B,-73.47%,$-0.03B,$1.71B,-1.58%,$0.00B,$0.50B,0.61%,$85,$13,$71,$0,$35,$83,$1,$-6,$-4,$0,$-5,$-5,$-6,$4,$1,$29,29,$-0.19,$-0.19,$13,$0,$32,$119,$439,$811,$127,$3,$1587,$1706,$47,$335,$486,$1500,$1547,$167,$0,$0,$159,$1706,$-13,$6,$7,$13,$-9,$0,$0,$14,$4,$4,$-7,$0,$0,$0,$0,$0,$0,$-7,$43,$0,$43,$0,$0,$-36,$-0,$6,$3,$1,$-36
11,2015-03-31,22.59,$6.23,3.63,$11.15,2.03,$0.69,32.53,$-0.67,0.0,$0.10B,$0.04B,2.43,$0.31B,$0.18B,1.68,$0.31B,$0.26B,84.64%,$0.31B,$0.01B,1.63%,$0.31B,$0.01B,1.63%,$0.31B,$0.02B,5.88%,$0.31B,$-0.02B,-5.23%,$0.31B,$-0.02B,-6.86%,$-0.02B,$0.18B,-9.59%,$-0.02B,$0.06B,-34.57%,$-0.02B,$1.71B,-1.23%,$0.01B,$0.49B,1.00%,$70,$10,$61,$0,$32,$74,$-3,$-5,$-8,$0,$-9,$-9,$-9,$-0,$-3,$29,29,$-0.31,$-0.31,$6,$0,$25,$100,$439,$833,$127,$3,$1606,$1705,$41,$306,$497,$1482,$1523,$188,$0,$0,$182,$1705,$-9,$3,$3,$6,$-4,$0,$0,$13,$8,$6,$-3,$0,$0,$0,$0,$0,$0,$-3,$11,$0,$11,$0,$0,$-18,$-0,$-7,$-4,$0,$-18
12,2014-12-31,19.77,$7.04,2.81,$11.57,1.71,$0.37,53.38,$-0.35,0.0,$0.11B,$0.04B,2.89,$0.28B,$0.21B,1.34,$0.30B,$0.26B,85.00%,$0.30B,$0.01B,4.33%,$0.30B,$0.01B,4.33%,$0.30B,$0.03B,8.67%,$0.30B,$-0.01B,-2.67%,$0.30B,$-0.01B,-4.00%,$-0.01B,$0.21B,-5.70%,$-0.01B,$-0.05B,-16.72%,$-0.01B,$1.70B,-0.73%,$0.01B,$0.48B,2.73%,$86,$21,$66,$0,$34,$84,$3,$-6,$-4,$3,$-7,$-7,$-9,$6,$3,$27,27,$-0.36,$-0.36,$10,$0,$29,$107,$443,$830,$256,$4,$1721,$1699,$37,$276,$363,$1457,$1494,$205,$0,$0,$206,$1699,$-10,$11,$22,$33,$-18,$0,$0,$13,$-4,$19,$-15,$0,$-56,$0,$0,$0,$-53,$-124,$-5,$0,$-5,$173,$173,$-63,$-3,$102,$-2,$1,$-63
13,2014-09-30,19.32,$8.03,2.41,$11.75,1.64,$1.25,15.43,$-0.25,0.0,$0.11B,$0.05B,2.2,$0.27B,$0.23B,1.17,$0.29B,$0.24B,85.31%,$0.29B,$0.01B,3.50%,$0.29B,$0.01B,3.50%,$0.29B,$0.02B,8.04%,$0.29B,$-0.01B,-3.15%,$0.29B,$-0.01B,-2.80%,$-0.01B,$0.23B,-4.30%,$-0.01B,$0.11B,-8.29%,$-0.01B,$1.71B,-0.50%,$0.01B,$0.51B,2.20%,$78,$9,$69,$0,$35,$76,$2,$-5,$-3,$1,$-3,$-3,$-3,$6,$2,$29,29,$-0.11,$-0.11,$22,$0,$24,$108,$442,$841,$125,$5,$1601,$1709,$49,$274,$504,$1426,$1475,$238,$0,$0,$234,$1709,$-3,$8,$8,$16,$-3,$0,$0,$6,$10,$23,$-11,$0,$-54,$0,$0,$0,$-53,$-118,$-23,$0,$-23,$174,$174,$-45,$-0,$105,$10,$1,$-45
14,2014-06-30,17.7,$8.78,2.02,$11.94,1.48,$2.11,8.37,$-0.21,0.0,$0.11B,$0.04B,2.45,$0.26B,$0.25B,1.03,$0.27B,$0.23B,84.81%,$0.27B,$0.01B,3.33%,$0.27B,$0.01B,3.33%,$0.27B,$0.02B,7.41%,$0.27B,$-0.01B,-2.96%,$0.27B,$-0.01B,-2.22%,$-0.01B,$0.25B,-3.79%,$-0.01B,$0.13B,-6.78%,$-0.01B,$1.72B,-0.39%,$0.01B,$0.52B,2.10%,$72,$9,$63,$0,$30,$68,$3,$-4,$-1,$-1,$-0,$-0,$-0,$6,$3,$26,26,$-0.00,$-0.00,$15,$0,$25,$105,$441,$849,$126,$5,$1612,$1717,$43,$261,$507,$1420,$1462,$258,$0,$0,$254,$1717,$0,$5,$5,$10,$-10,$0,$0,$6,$-4,$7,$-7,$0,$-54,$0,$0,$0,$-53,$-114,$-35,$0,$-35,$174,$174,$-28,$0,$110,$3,$1,$-28
15,2014-03-31,17.93,$6.24,2.87,$12.07,1.49,$2.61,6.88,$-0.75,0.0,$0.09B,$0.03B,2.78,$0.25B,$0.15B,1.7,$0.26B,$0.22B,85.00%,$0.26B,$0.01B,3.08%,$0.26B,$0.01B,3.08%,$0.26B,$0.02B,7.31%,$0.26B,$-0.02B,-7.69%,$0.26B,$-0.02B,-6.92%,$-0.02B,$0.15B,-13.87%,$-0.02B,$0.10B,-22.78%,$-0.02B,$1.49B,-1.23%,$0.01B,$0.40B,2.00%,$64,$8,$57,$0,$26,$59,$5,$-5,$0,$-0,$0,$0,$0,$8,$5,$22,23,$0.02,$0.02,$8,$0,$19,$86,$399,$768,$49,$12,$1407,$1493,$31,$252,$451,$1314,$1345,$151,$0,$0,$148,$1493,$0,$2,$4,$6,$-3,$0,$0,$4,$-9,$-3,$-2,$0,$-0,$0,$0,$0,$0,$-2,$-39,$0,$-39,$53,$53,$-13,$0,$1,$-4,$0,$-13
16,2013-12-31,17.78,$5.03,3.53,$12.26,1.45,$3.03,5.86,$-0.88,0.0,$0.09B,$0.04B,2.25,$0.29B,$0.11B,2.69,$0.26B,$0.22B,84.77%,$0.26B,$0.00B,1.56%,$0.26B,$0.00B,1.56%,$0.26B,$0.02B,5.86%,$0.26B,$-0.02B,-8.98%,$0.26B,$-0.02B,-7.81%,$-0.02B,$0.11B,-14.98%,$-0.02B,$0.05B,-24.10%,$-0.02B,$1.47B,-1.38%,$0.00B,$0.40B,1.00%,$72,$17,$55,$0,$29,$72,$0,$-5,$-5,$-1,$-4,$-4,$-5,$3,$0,$21,21,$-0.26,$-0.26,$12,$0,$23,$94,$401,$743,$58,$3,$1380,$1474,$42,$289,$444,$1325,$1367,$110,$0,$0,$108,$1474,$-20,$10,$31,$40,$-9,$0,$0,$23,$10,$35,$-13,$0,$-14,$0,$0,$0,$0,$-27,$30,$0,$30,$38,$38,$-52,$-20,$-4,$4,$1,$-52
17,2013-09-30,16.1,$5.81,2.77,$11.88,1.35,$2.99,5.38,$-0.92,0.0,$0.10B,$0.05B,2.17,$0.28B,$0.12B,2.21,$0.24B,$0.22B,88.48%,$0.24B,$0.01B,2.47%,$0.24B,$0.01B,2.47%,$0.24B,$0.02B,6.58%,$0.24B,$-0.02B,-9.05%,$0.24B,$-0.02B,-7.82%,$-0.02B,$0.12B,-13.55%,$-0.02B,$0.08B,-20.21%,$-0.02B,$1.45B,-1.35%,$0.01B,$0.40B,1.51%,$62,$7,$54,$0,$28,$61,$1,$-3,$-2,$-0,$-1,$-1,$-1,$3,$1,$21,21,$-0.07,$-0.07,$20,$0,$21,$99,$402,$718,$48,$12,$1349,$1449,$46,$275,$434,$1279,$1325,$126,$0,$0,$124,$1449,$-15,$7,$28,$35,$-2,$0,$0,$15,$18,$37,$-10,$0,$-14,$0,$0,$0,$0,$-24,$19,$0,$19,$38,$38,$-39,$-20,$-1,$12,$1,$-39
18,2013-06-30,16.73,$6.49,2.58,$12.15,1.38,$2.83,5.92,$-0.80,0.0,$0.09B,$0.04B,2.23,$0.27B,$0.14B,1.92,$0.24B,$0.22B,88.89%,$0.24B,$0.01B,4.12%,$0.24B,$0.01B,4.12%,$0.24B,$0.02B,8.23%,$0.24B,$-0.02B,-8.23%,$0.24B,$-0.02B,-7.00%,$-0.02B,$0.14B,-11.58%,$-0.02B,$0.09B,-16.63%,$-0.02B,$1.44B,-1.23%,$0.01B,$0.41B,2.54%,$62,$8,$55,$0,$26,$60,$2,$-15,$-13,$-1,$-12,$-12,$-12,$5,$2,$21,21,$-0.54,$-0.54,$14,$0,$19,$93,$397,$717,$48,$12,$1343,$1436,$42,$266,$432,$1255,$1297,$140,$0,$0,$139,$1436,$-14,$5,$25,$30,$-7,$0,$0,$4,$1,$16,$-6,$0,$-9,$0,$0,$0,$0,$-15,$11,$0,$11,$38,$38,$-25,$-20,$5,$6,$1,$-25
19,2013-03-31,16.34,$7.64,2.14,$12.40,1.32,$2.80,5.84,$-0.37,0.0,$0.08B,$0.04B,1.96,$0.23B,$0.16B,1.43,$0.24B,$0.22B,88.48%,$0.24B,$0.01B,4.12%,$0.24B,$0.01B,4.12%,$0.24B,$0.02B,7.82%,$0.24B,$-0.01B,-4.12%,$0.24B,$-0.01B,-2.88%,$-0.01B,$0.16B,-4.63%,$-0.01B,$0.12B,-6.35%,$-0.01B,$1.42B,-0.52%,$0.01B,$0.40B,2.60%,$60,$6,$53,$0,$27,$58,$1,$-5,$-3,$-1,$-2,$-2,$-2,$4,$1,$20,20,$-0.11,$-0.11,$9,$0,$17,$81,$398,$712,$48,$18,$1338,$1420,$41,$234,$432,$1215,$1256,$163,$0,$0,$163,$1420,$-2,$2,$1,$3,$-1,$0,$0,$2,$6,$7,$-3,$0,$-9,$0,$0,$0,$0,$-12,$-21,$0,$-21,$38,$38,$-12,$-0,$6,$1,$0,$-12
20,2012-12-31,13.23,$6.85,1.93,$12.30,1.08,$2.89,4.58,$-0.16,0.0,$0.08B,$0.03B,2.46,$0.25B,$0.14B,1.87,$0.24B,$0.22B,88.48%,$0.24B,$0.01B,5.76%,$0.24B,$0.01B,5.76%,$0.24B,$0.02B,9.47%,$0.24B,$-0.01B,-2.06%,$0.24B,$-0.00B,-1.23%,$-0.00B,$0.14B,-1.96%,$-0.00B,$0.09B,-2.61%,$-0.00B,$1.34B,-0.23%,$0.01B,$0.39B,3.70%,$59,$7,$53,$0,$25,$58,$2,$-5,$-4,$0,$-4,$-4,$-4,$4,$2,$19,19,$-0.19,$-0.19,$8,$0,$17,$81,$390,$658,$42,$15,$1263,$1344,$33,$253,$410,$1176,$1209,$135,$0,$0,$135,$1344,$-3,$9,$9,$18,$-5,$0,$0,$20,$17,$32,$-12,$0,$-28,$0,$0,$0,$0,$-40,$54,$0,$54,$0,$0,$-47,$-2,$4,$-4,$1,$-47
21,2012-09-30,14.59,$7.69,1.9,$12.35,1.18,$1.46,9.98,$-0.12,0.0,$0.08B,$0.03B,2.52,$0.24B,$0.15B,1.57,$0.24B,$0.21B,88.07%,$0.24B,$0.01B,5.35%,$0.24B,$0.01B,5.35%,$0.24B,$0.02B,9.05%,$0.24B,$-0.01B,-2.06%,$0.24B,$-0.00B,-0.82%,$-0.00B,$0.15B,-1.22%,$-0.00B,$0.11B,-1.55%,$-0.00B,$1.33B,-0.16%,$0.01B,$0.39B,3.46%,$62,$8,$55,$0,$25,$57,$5,$-5,$-0,$-1,$1,$1,$1,$7,$5,$19,20,$0.05,$0.05,$8,$0,$16,$77,$389,$655,$40,$15,$1253,$1330,$30,$236,$413,$1149,$1180,$149,$0,$0,$150,$1330,$1,$7,$6,$13,$-2,$0,$0,$19,$17,$31,$-9,$0,$-26,$0,$0,$0,$0,$-34,$37,$0,$37,$0,$0,$-35,$-2,$-0,$-4,$1,$-35
22,2012-06-30,15.66,$8.06,1.94,$12.31,1.27,$0.46,34.22,$-0.18,0.0,$0.08B,$0.03B,2.78,$0.21B,$0.16B,1.35,$0.24B,$0.21B,87.97%,$0.24B,$0.01B,4.98%,$0.24B,$0.01B,4.98%,$0.24B,$0.02B,8.71%,$0.24B,$-0.01B,-2.49%,$0.24B,$-0.00B,-1.24%,$-0.00B,$0.16B,-1.71%,$-0.00B,$0.12B,-2.08%,$-0.00B,$1.27B,-0.24%,$0.01B,$0.37B,3.23%,$62,$7,$54,$0,$28,$60,$2,$-5,$-3,$-1,$-2,$-2,$-2,$4,$2,$19,19,$-0.11,$-0.11,$8,$0,$16,$82,$376,$615,$34,$14,$1192,$1273,$29,$212,$396,$1087,$1116,$156,$0,$0,$157,$1273,$-0,$5,$2,$7,$-8,$0,$0,$15,$8,$14,$-5,$0,$-3,$0,$0,$0,$0,$-9,$16,$0,$16,$0,$0,$-24,$-2,$-10,$-4,$0,$-24
23,2012-03-31,14.39,$8.81,1.63,$12.25,1.17,$-0.44,0.0,$-0.03,0.0,$0.08B,$0.03B,2.63,$0.20B,$0.17B,1.18,$0.24B,$0.21B,88.28%,$0.24B,$0.01B,5.44%,$0.24B,$0.01B,5.44%,$0.24B,$0.02B,9.62%,$0.24B,$-0.00B,-1.67%,$0.24B,0,0.00%,$0.00B,$0.17B,0.00%,$0.00B,$0.13B,0.00%,$0.00B,$1.28B,0.00%,$0.01B,$0.37B,3.51%,$60,$6,$53,$0,$26,$54,$5,$-3,$2,$0,$2,$2,$2,$8,$5,$19,20,$0.10,$0.10,$9,$0,$15,$79,$375,$623,$37,$12,$1196,$1275,$30,$201,$398,$1074,$1104,$169,$0,$0,$171,$1275,$2,$2,$1,$3,$-1,$0,$0,$3,$3,$8,$-2,$0,$-2,$0,$0,$0,$0,$-4,$6,$0,$6,$0,$0,$-12,$-2,$-8,$-3,$0,$-12
24,2011-12-31,13.53,$9.31,1.45,$12.10,1.12,$-0.84,0.0,$-0.53,0.0,$0.08B,$0.03B,2.77,$0.19B,$0.18B,1.08,$0.23B,$0.20B,88.60%,$0.23B,$0.01B,4.39%,$0.23B,$0.01B,4.39%,$0.23B,$0.02B,8.33%,$0.23B,$-0.01B,-6.14%,$0.23B,$-0.01B,-3.95%,$-0.01B,$0.18B,-4.50%,$-0.01B,$0.15B,-5.10%,$-0.01B,$1.25B,-0.75%,$0.01B,$0.37B,2.71%,$59,$7,$52,$0,$27,$58,$1,$-5,$-4,$-1,$-3,$-3,$-3,$3,$1,$19,19,$-0.13,$-0.13,$12,$0,$17,$82,$373,$599,$32,$17,$1167,$1249,$30,$194,$386,$1039,$1068,$178,$0,$0,$180,$1249,$-10,$9,$13,$22,$-9,$0,$0,$5,$-7,$5,$-13,$0,$-16,$0,$0,$0,$0,$-29,$-27,$0,$-27,$103,$103,$-45,$-3,$28,$5,$1,$-45
25,2011-09-30,15.74,$10.06,1.56,$12.95,1.22,$-0.93,0.0,$-0.62,0.0,$0.09B,$0.03B,3.18,$0.17B,$0.20B,0.89,$0.23B,$0.20B,88.00%,$0.23B,$0.01B,3.56%,$0.23B,$0.01B,3.56%,$0.23B,$0.02B,8.00%,$0.23B,$-0.02B,-7.56%,$0.23B,$-0.01B,-4.44%,$-0.01B,$0.20B,-5.35%,$-0.01B,$0.17B,-5.99%,$-0.01B,$1.17B,-0.85%,$0.01B,$0.37B,2.21%,$60,$7,$53,$0,$25,$56,$4,$-5,$-1,$-1,$-0,$-0,$-0,$6,$4,$19,19,$-0.01,$-0.01,$20,$0,$15,$88,$366,$542,$23,$13,$1083,$1170,$28,$174,$357,$948,$976,$192,$0,$0,$195,$1170,$-7,$6,$11,$17,$-6,$0,$0,$10,$0,$11,$-9,$0,$-10,$0,$0,$0,$0,$-19,$-47,$0,$-47,$103,$103,$-33,$-3,$21,$13,$1,$-33
26,2011-06-30,15.31,$10.68,1.43,$13.56,1.13,$-0.77,0.0,$-0.28,0.0,$0.08B,$0.02B,3.81,$0.16B,$0.21B,0.77,$0.22B,$0.19B,88.02%,$0.22B,$0.01B,2.30%,$0.22B,$0.01B,2.30%,$0.22B,$0.02B,6.91%,$0.22B,$-0.02B,-9.22%,$0.22B,$-0.01B,-5.53%,$-0.01B,$0.21B,-6.66%,$-0.01B,$0.19B,-7.23%,$-0.01B,$1.19B,-1.03%,$0.01B,$0.37B,1.37%,$60,$7,$53,$0,$25,$57,$3,$-4,$-1,$-2,$1,$1,$1,$6,$3,$19,19,$0.04,$0.04,$13,$0,$11,$76,$354,$588,$19,$14,$1113,$1189,$20,$158,$374,$962,$982,$204,$0,$0,$207,$1189,$-6,$4,$9,$13,$-9,$0,$0,$9,$-10,$-3,$-5,$0,$-4,$0,$0,$0,$0,$-9,$-62,$0,$-62,$103,$103,$-21,$-3,$18,$5,$0,$-21
27,2011-03-31,15.28,$11.25,1.36,$14.05,1.09,$-0.40,0.0,$-0.12,0.0,$0.09B,$0.02B,3.5,$0.15B,$0.22B,0.69,$0.21B,$0.18B,87.86%,$0.21B,$0.00B,1.94%,$0.21B,$0.00B,1.94%,$0.21B,$0.01B,6.31%,$0.21B,$-0.02B,-10.19%,$0.21B,$-0.01B,-6.80%,$-0.01B,$0.22B,-8.64%,$-0.01B,$0.20B,-9.18%,$-0.01B,$1.19B,-1.24%,$0.00B,$0.37B,1.09%,$49,$5,$44,$0,$22,$48,$2,$-10,$-8,$-1,$-7,$-7,$-7,$4,$2,$18,18,$-0.40,$-0.40,$27,$0,$9,$85,$352,$589,$20,$14,$1108,$1193,$24,$151,$374,$951,$976,$214,$0,$0,$218,$1193,$-7,$2,$7,$9,$-3,$0,$0,$5,$-1,$1,$-2,$0,$-2,$0,$0,$0,$0,$-4,$-69,$0,$-69,$104,$104,$-9,$-2,$23,$20,$0,$-9
28,2010-12-31,15.98,$6.63,2.41,$14.31,1.12,$-0.05,0.0,$1.89,8.46,$0.07B,$0.03B,2.44,$0.22B,$0.13B,1.71,$0.20B,$0.17B,87.37%,$0.20B,$0.00B,1.52%,$0.20B,$0.00B,1.52%,$0.20B,$0.01B,6.06%,$0.20B,$-0.01B,-4.04%,$0.20B,$-0.00B,-0.51%,$-0.00B,$0.13B,-0.71%,$-0.00B,$0.11B,-0.73%,$-0.00B,$1.15B,-0.09%,$0.00B,$0.35B,0.84%,$56,$7,$48,$0,$26,$57,$-1,$-6,$-7,$-3,$-4,$-4,$-4,$2,$-1,$14,14,$-0.29,$-0.29,$8,$0,$9,$65,$350,$568,$18,$14,$1080,$1146,$27,$219,$367,$991,$1017,$126,$0,$0,$128,$1146,$-1,$9,$-2,$7,$-15,$0,$0,$18,$-3,$3,$-10,$0,$-39,$0,$0,$0,$-0,$-50,$34,$0,$34,$39,$39,$-32,$0,$41,$-6,$1,$-32
29,2010-09-30,13.15,$10.81,1.22,$14.04,0.94,$1.06,12.44,$1.87,7.03,$0.07B,$0.03B,2.83,$0.21B,$0.17B,1.23,$0.19B,$0.16B,88.17%,$0.19B,$0.01B,3.23%,$0.19B,$0.01B,3.23%,$0.19B,$0.01B,7.53%,$0.19B,$-0.01B,-4.84%,$0.19B,$-0.00B,-2.15%,$-0.00B,$0.17B,-2.92%,$-0.00B,$0.17B,-2.93%,$-0.00B,$1.13B,-0.40%,$0.01B,$0.38B,1.74%,$52,$6,$46,$0,$22,$51,$1,$-4,$-4,$-2,$-2,$-2,$-2,$3,$1,$14,14,$-0.13,$-0.13,$18,$0,$8,$73,$387,$535,$0,$8,$1055,$1128,$26,$206,$353,$934,$960,$159,$0,$0,$168,$1128,$3,$6,$-7,$-0,$-12,$0,$0,$23,$8,$10,$-6,$0,$-38,$0,$0,$0,$-0,$-45,$23,$0,$23,$40,$40,$-23,$1,$40,$4,$1,$-23
30,2010-06-30,10.43,$9.72,1.07,$14.23,0.73,$1.59,6.57,$1.66,6.29,$0.07B,$0.03B,2.66,$0.24B,$0.13B,1.76,$0.18B,$0.16B,87.85%,$0.18B,$0.01B,4.97%,$0.18B,$0.01B,4.97%,$0.18B,$0.02B,9.39%,$0.18B,$-0.00B,-2.21%,$0.18B,0,0.00%,$0.00B,$0.13B,0.00%,$0.00B,$0.13B,0.00%,$0.00B,$1.07B,0.00%,$0.01B,$0.37B,2.81%,$49,$5,$43,$0,$21,$47,$2,$-4,$-2,$-0,$-1,$-1,$-1,$4,$2,$14,14,$-0.11,$-0.11,$13,$0,$10,$70,$380,$482,$0,$6,$995,$1065,$26,$237,$325,$904,$930,$126,$0,$0,$134,$1065,$4,$4,$-7,$-3,$-15,$0,$0,$16,$1,$2,$-3,$0,$-37,$0,$0,$0,$0,$-40,$53,$0,$53,$0,$0,$-15,$0,$38,$-0,$0,$-15
31,2010-03-31,9.53,$9.86,0.97,$14.65,0.65,$2.06,4.62,$1.60,5.96,$0.06B,$0.03B,2.13,$0.20B,$0.13B,1.51,$0.18B,$0.16B,87.78%,$0.18B,$0.01B,6.67%,$0.18B,$0.01B,6.67%,$0.18B,$0.02B,10.56%,$0.18B,0,0.00%,$0.18B,$0.00B,1.67%,$0.00B,$0.13B,2.64%,$0.00B,$0.13B,2.65%,$0.00B,$0.99B,0.35%,$0.01B,$0.34B,4.01%,$41,$4,$36,$0,$18,$39,$1,$4,$5,$-1,$6,$6,$6,$3,$1,$13,13,$0.43,$0.43,$13,$0,$5,$59,$324,$482,$0,$2,$928,$987,$28,$201,$314,$826,$854,$131,$0,$0,$134,$987,$6,$2,$-7,$-5,$-7,$0,$0,$8,$3,$4,$-1,$0,$-14,$0,$0,$0,$0,$-15,$18,$0,$18,$0,$0,$-8,$-0,$10,$-0,$0,$-8
32,2009-12-31,9.5,$8.38,1.13,$15.19,0.62,$1.97,4.81,$-0.08,0.0,$0.06B,$0.03B,2.04,$0.18B,$0.11B,1.63,$0.18B,$0.16B,87.91%,$0.18B,$0.01B,7.14%,$0.18B,$0.01B,7.14%,$0.18B,$0.02B,10.44%,$0.18B,$-0.01B,-3.30%,$0.18B,$-0.00B,-2.20%,$-0.00B,$0.11B,-3.70%,$-0.00B,$0.11B,-3.71%,$-0.00B,$0.86B,-0.50%,$0.01B,$0.30B,4.89%,$44,$5,$39,$0,$21,$43,$2,$-10,$-8,$-1,$-7,$-7,$-7,$4,$2,$12,12,$-0.61,$-0.61,$13,$0,$5,$59,$276,$400,$0,$10,$797,$855,$29,$183,$268,$715,$743,$110,$0,$0,$112,$855,$-4,$7,$13,$19,$-10,$0,$0,$13,$-0,$15,$-7,$0,$0,$0,$0,$0,$-5,$-12,$21,$0,$21,$24,$24,$-27,$-13,$4,$6,$2,$-27
33,2009-09-30,7.97,$10.35,0.77,$15.44,0.52,$2.37,3.36,$0.24,33.19,$0.06B,$0.03B,2.02,$0.18B,$0.10B,1.78,$0.18B,$0.16B,87.50%,$0.18B,$0.02B,8.15%,$0.18B,$0.02B,8.15%,$0.18B,$0.02B,11.41%,$0.18B,$0.00B,1.63%,$0.18B,$0.01B,2.72%,$0.01B,$0.10B,4.56%,$0.01B,$0.10B,4.56%,$0.01B,$0.83B,0.65%,$0.02B,$0.28B,6.20%,$47,$6,$41,$0,$20,$42,$4,$-3,$1,$-1,$2,$2,$2,$6,$4,$12,12,$0.18,$0.18,$9,$0,$14,$64,$283,$381,$0,$1,$767,$831,$32,$180,$266,$698,$729,$99,$0,$0,$101,$831,$8,$5,$1,$5,$-6,$0,$0,$11,$2,$15,$-5,$0,$-4,$0,$0,$0,$0,$-9,$22,$0,$22,$0,$0,$-20,$-5,$-4,$2,$1,$-20
34,2009-06-30,6.75,$10.90,0.62,$15.40,0.44,$2.59,2.6,$0.15,45.01,$0.07B,$0.03B,2.21,$0.18B,$0.11B,1.68,$0.18B,$0.16B,87.43%,$0.18B,$0.02B,8.20%,$0.18B,$0.02B,8.20%,$0.18B,$0.02B,10.93%,$0.18B,$0.00B,1.09%,$0.18B,$0.00B,1.64%,$0.00B,$0.11B,2.60%,$0.00B,$0.11B,2.60%,$0.00B,$0.79B,0.39%,$0.02B,$0.29B,6.77%,$48,$6,$42,$0,$20,$43,$5,$-3,$2,$-0,$2,$2,$2,$6,$5,$12,12,$0.14,$0.14,$11,$0,$13,$66,$281,$344,$0,$1,$728,$794,$30,$179,$248,$658,$688,$105,$0,$0,$107,$794,$1,$3,$4,$7,$-11,$0,$0,$11,$-0,$8,$-3,$0,$-2,$0,$0,$0,$0,$-6,$21,$0,$21,$0,$0,$-14,$-5,$2,$4,$1,$-14
35,2009-03-31,4.83,$9.39,0.51,$15.45,0.31,$2.58,1.87,$0.19,25.44,$0.06B,$0.10B,0.59,$0.09B,$0.11B,0.8,$0.18B,$0.16B,87.43%,$0.18B,$0.02B,8.74%,$0.18B,$0.02B,8.74%,$0.18B,$0.02B,11.48%,$0.18B,$0.00B,1.64%,$0.18B,$0.00B,1.64%,$0.00B,$0.11B,2.48%,$0.00B,$0.11B,2.48%,$0.00B,$0.74B,0.39%,$0.02B,$0.20B,7.26%,$43,$5,$38,$0,$19,$41,$2,$-3,$-1,$0,$-1,$-1,$-1,$3,$2,$12,12,$-0.07,$-0.07,$10,$0,$13,$61,$277,$304,$0,$1,$673,$735,$104,$89,$225,$519,$623,$110,$0,$0,$112,$735,$-1,$1,$2,$4,$-6,$0,$0,$9,$0,$3,$-1,$0,$0,$0,$0,$0,$0,$-1,$8,$0,$8,$0,$0,$-7,$-0,$1,$3,$0,$-7
36,2008-12-31,4.94,$12.33,0.4,$15.55,0.32,$2.17,2.27,$0.30,16.47,$0.06B,$0.11B,0.54,$0.08B,$0.12B,0.67,$0.18B,$0.16B,87.43%,$0.18B,$0.02B,9.84%,$0.18B,$0.02B,9.84%,$0.18B,$0.02B,12.57%,$0.18B,$0.01B,2.73%,$0.18B,$0.00B,2.19%,$0.00B,$0.12B,3.17%,$0.00B,$0.12B,3.17%,$0.00B,$0.74B,0.51%,$0.02B,$0.20B,7.45%,$46,$6,$40,$0,$19,$42,$4,$-3,$1,$-0,$2,$2,$2,$6,$4,$12,12,$0.13,$0.13,$7,$0,$14,$58,$278,$314,$0,$1,$680,$738,$107,$80,$231,$512,$619,$117,$0,$0,$119,$738,$5,$5,$8,$13,$-7,$0,$0,$11,$4,$21,$-9,$0,$-8,$0,$0,$0,$0,$-17,$15,$0,$15,$0,$0,$-26,$0,$-11,$-7,$2,$-26
37,2008-09-30,5.78,$12.74,0.45,$15.88,0.36,$2.63,2.2,$0.12,48.17,$0.05B,$0.10B,0.56,$0.08B,$0.12B,0.62,$0.18B,$0.15B,87.50%,$0.18B,$0.02B,9.09%,$0.18B,$0.02B,9.09%,$0.18B,$0.02B,10.80%,$0.18B,$0.00B,1.70%,$0.18B,$0.00B,0.57%,$0.00B,$0.12B,0.76%,$0.00B,$0.12B,0.76%,$0.00B,$0.77B,0.12%,$0.02B,$0.20B,6.10%,$46,$6,$40,$0,$20,$42,$4,$-3,$0,$0,$0,$0,$0,$5,$4,$12,12,$0.03,$0.03,$13,$0,$4,$54,$267,$367,$0,$1,$717,$771,$97,$76,$81,$551,$648,$121,$0,$0,$123,$771,$3,$3,$7,$10,$-5,$0,$0,$14,$6,$19,$-7,$0,$-4,$0,$0,$0,$0,$-11,$11,$0,$11,$0,$0,$-19,$0,$-8,$-0,$2,$-19
38,2008-06-30,6.79,$15.02,0.45,$15.91,0.43,$2.91,2.33,$0.09,75.39,$0.05B,$0.02B,3.25,$0.15B,$0.13B,1.18,$0.17B,$0.14B,87.27%,$0.17B,$0.01B,8.48%,$0.17B,$0.01B,8.48%,$0.17B,$0.02B,10.91%,$0.17B,$0.00B,1.82%,$0.17B,$0.00B,0.61%,$0.00B,$0.13B,0.81%,$0.00B,$0.13B,0.81%,$0.00B,$0.81B,0.13%,$0.01B,$0.28B,5.30%,$48,$6,$42,$0,$20,$42,$6,$-3,$3,$0,$2,$2,$2,$7,$6,$12,12,$0.18,$0.18,$11,$0,$3,$53,$264,$405,$0,$1,$754,$806,$16,$153,$85,$661,$677,$127,$0,$0,$130,$806,$3,$2,$5,$7,$-9,$0,$0,$11,$-0,$9,$-4,$0,$-3,$0,$0,$0,$0,$-7,$7,$0,$7,$0,$0,$-12,$0,$-5,$-3,$1,$-12
39,2008-03-31,6.91,$15.48,0.45,$16.35,0.42,$3.36,2.05,$0.45,15.35,$0.05B,$0.02B,2.99,$0.15B,$0.13B,1.13,$0.16B,$0.14B,86.71%,$0.16B,$0.02B,9.49%,$0.16B,$0.02B,9.49%,$0.16B,$0.02B,12.03%,$0.16B,$0.01B,3.16%,$0.16B,$0.00B,2.53%,$0.00B,$0.13B,3.49%,$0.00B,$0.13B,3.49%,$0.00B,$0.81B,0.55%,$0.02B,$0.29B,6.13%,$43,$6,$38,$0,$19,$40,$4,$-3,$1,$0,$0,$0,$0,$5,$4,$12,12,$0.04,$0.04,$8,$0,$7,$52,$243,$433,$0,$0,$760,$812,$17,$151,$80,$661,$678,$131,$0,$0,$133,$812,$0,$1,$3,$4,$-5,$0,$0,$4,$-5,$-1,$-2,$0,$-2,$0,$0,$0,$0,$-4,$5,$0,$5,$0,$0,$-6,$0,$-1,$-5,$1,$-6
40,2007-12-31,7.38,$15.91,0.46,$16.05,0.46,$3.64,2.02,$0.34,21.7,$0.06B,$0.03B,2.33,$0.15B,$0.14B,1.07,$0.15B,$0.13B,86.30%,$0.15B,$0.01B,8.90%,$0.15B,$0.01B,8.90%,$0.15B,$0.02B,10.96%,$0.15B,$0.00B,2.74%,$0.15B,$0.00B,2.05%,$0.00B,$0.14B,2.85%,$0.00B,$0.14B,2.85%,$0.00B,$0.82B,0.44%,$0.01B,$0.28B,5.82%,$39,$5,$34,$0,$21,$37,$2,$-3,$-1,$0,$-1,$-1,$-1,$2,$2,$9,9,$-0.17,$-0.17,$14,$0,$10,$59,$241,$437,$0,$0,$758,$817,$25,$146,$80,$655,$680,$134,$0,$0,$137,$817,$3,$4,$9,$13,$-2,$0,$0,$0,$3,$19,$-6,$0,$-81,$0,$0,$0,$0,$-87,$43,$0,$43,$50,$50,$-19,$-2,$72,$4,$5,$-19
41,2007-09-30,8.94,$15.46,0.58,$15.58,0.57,$3.64,2.46,$0.45,19.86,$0.04B,$0.01B,3.43,$0.12B,$0.09B,1.25,$0.14B,$0.12B,86.43%,$0.14B,$0.01B,9.29%,$0.14B,$0.01B,9.29%,$0.14B,$0.02B,12.14%,$0.14B,$0.01B,3.57%,$0.14B,$0.00B,2.86%,$0.00B,$0.09B,4.16%,$0.00B,$0.09B,4.16%,$0.00B,$0.64B,0.63%,$0.01B,$0.21B,6.40%,$35,$5,$30,$0,$17,$33,$2,$-2,$0,$0,$-0,$-0,$-0,$4,$2,$9,9,$-0.00,$-0.00,$13,$0,$4,$44,$201,$314,$0,$0,$593,$637,$13,$115,$50,$533,$545,$90,$0,$0,$92,$637,$4,$3,$8,$11,$-3,$0,$0,$6,$0,$15,$-3,$0,$-4,$0,$0,$0,$0,$-7,$12,$0,$12,$0,$0,$-14,$-3,$-5,$3,$4,$-14
42,2007-06-30,8.73,$20.03,0.44,$14.72,0.59,$3.66,2.38,$0.57,15.32,$0.05B,$0.01B,3.79,$0.11B,$0.10B,1.11,$0.13B,$0.11B,86.36%,$0.13B,$0.01B,10.61%,$0.13B,$0.01B,10.61%,$0.13B,$0.02B,12.88%,$0.13B,$0.01B,4.55%,$0.13B,$0.01B,3.79%,$0.01B,$0.10B,5.03%,$0.01B,$0.10B,5.03%,$0.01B,$0.64B,0.79%,$0.01B,$0.20B,6.89%,$41,$6,$35,$0,$17,$34,$7,$-2,$5,$0,$5,$5,$5,$8,$7,$9,9,$0.54,$0.54,$12,$0,$4,$45,$198,$325,$0,$0,$597,$641,$12,$107,$51,$533,$545,$95,$0,$0,$96,$641,$4,$2,$5,$6,$-5,$0,$0,$7,$-1,$10,$-2,$0,$-1,$0,$0,$0,$0,$-3,$5,$0,$5,$0,$0,$-9,$-0,$-5,$2,$2,$-9
43,2007-03-31,8.44,$20.02,0.42,$13.45,0.63,$2.99,2.82,$0.15,56.28,$0.04B,$0.01B,3.53,$0.10B,$0.10B,1.08,$0.12B,$0.10B,87.39%,$0.12B,$0.01B,8.40%,$0.12B,$0.01B,8.40%,$0.12B,$0.01B,10.92%,$0.12B,$0.00B,1.68%,$0.12B,$0.00B,0.84%,$0.00B,$0.10B,0.99%,$0.00B,$0.10B,0.99%,$0.00B,$0.64B,0.16%,$0.01B,$0.20B,4.98%,$31,$4,$27,$0,$15,$29,$2,$-2,$-0,$0,$-1,$-1,$-1,$2,$2,$9,9,$-0.07,$-0.07,$7,$0,$3,$35,$200,$332,$0,$0,$606,$641,$10,$104,$51,$535,$545,$95,$0,$0,$96,$641,$-1,$1,$2,$3,$-2,$0,$0,$5,$-1,$1,$-1,$0,$-1,$0,$0,$0,$0,$-2,$2,$0,$2,$0,$0,$-5,$0,$-3,$-3,$1,$-5
44,2006-12-31,8.51,$21.12,0.4,$13.11,0.65,$3.11,2.73,$0.33,25.77,$0.04B,$0.01B,2.92,$0.10B,$0.10B,1.01,$0.12B,$0.10B,86.96%,$0.12B,$0.01B,9.57%,$0.12B,$0.01B,9.57%,$0.12B,$0.02B,13.04%,$0.12B,$0.00B,2.61%,$0.12B,$0.00B,2.61%,$0.00B,$0.10B,2.90%,$0.00B,$0.10B,2.90%,$0.00B,$0.63B,0.51%,$0.01B,$0.20B,5.53%,$33,$4,$29,$0,$18,$31,$2,$-2,$0,$0,$-0,$-0,$-0,$3,$2,$9,9,$-0.01,$-0.01,$10,$0,$3,$38,$201,$316,$0,$0,$589,$627,$13,$102,$46,$513,$526,$100,$0,$0,$101,$627,$3,$4,$6,$10,$6,$0,$0,$-5,$6,$18,$-5,$0,$-9,$0,$0,$0,$0,$-15,$17,$0,$17,$0,$0,$-17,$0,$-1,$3,$1,$-17
