,Date,Stock Price,Book Value per Share,Price to Book Ratio,TTM Sales per Share,Price to Sales Ratio,TTM FCF per Share,Price to FCF Ratio,TTM Net EPS,PE Ratio,Current Assets,Current Liabilities,Current Ratio,Long Term Debt,Shareholder's Equity_x,Debt to Equity Ratio,TTM Revenue_x,TTM Gross Profit,Gross Margin,TTM Revenue_y,TTM Operating Income,Operating Margin,TTM Revenue_x,TTM EBIT,EBIT Margin,TTM Revenue_y,TTM EBITDA,EBITDA Margin,TTM Revenue_x,TTM Pre-Tax Income,Pre-Tax Margin,TTM Revenue_y,TTM Net Income_x,Net Margin,TTM Net Income_y,Shareholder's Equity_y,Return on Equity,TTM Net Income_x,Tangible Equity,Return on Tangible Equity,TTM Net Income_y,Total Assets,Return on Assets,TTM Net Income,LT Investments & Debt,Return on Investment,revenue,cost-goods-sold,gross-profit,research-development-expenses,selling-general-administrative-expenses,operating-expenses,operating-income,total-non-operating-income-expense,pre-tax-income,total-provision-income-taxes,income-after-taxes,income-from-continuous-operations,net-income,ebitda,ebit,basic-shares-outstanding,shares-outstanding,eps-basic-net-earnings-per-share,eps-earnings-per-share-diluted,cash-on-hand,inventory,other-current-assets,total-current-assets,net-property-plant-equipment,long-term-investments,goodwill-intangible-assets-total,other-long-term-assets,total-long-term-assets,total-assets,total-current-liabilities,long-term-debt,other-non-current-liabilities,total-long-term-liabilities,total-liabilities,common-stock-net,retained-earnings-accumulated-deficit,comprehensive-income,total-share-holder-equity,total-liabilities-share-holders-equity,net-income-loss,total-depreciation-amortization-cash-flow,other-non-cash-items,total-non-cash-items,change-in-accounts-receivable,change-in-inventories,change-in-accounts-payable,change-in-assets-liabilities,total-change-in-assets-liabilities,cash-flow-from-operating-activities,net-change-in-property-plant-equipment,net-change-in-intangible-assets,net-acquisitions-divestitures,net-change-in-short-term-investments,net-change-in-long-term-investments,net-change-in-investments-total,investing-activities-other,cash-flow-from-investing-activities,net-long-term-debt,net-current-debt,debt-issuance-retirement-net-total,net-common-equity-issued-repurchased,net-total-equity-issued-repurchased,total-common-preferred-stock-dividends-paid,financial-activities-other,cash-flow-from-financial-activities,net-cash-flow,stock-based-compensation,common-stock-dividends-paid
0,2018-09-30,137.03,$64.88,2.11,$40.02,3.42,$4.70,29.19,$-2.28,0.0,$0.39B,$0.12B,3.37,$0.00B,$1.41B,0.0,$0.51B,$0.23B,44.81%,$0.51B,$-0.03B,-5.87%,$0.51B,$-0.03B,-5.87%,$0.51B,$0.00B,0.59%,$0.51B,$-0.03B,-5.28%,$0.51B,$-0.05B,-8.81%,$-0.05B,$1.41B,-8.74%,$-0.05B,$0.34B,-19.57%,$-0.05B,$1.65B,-6.83%,$-0.03B,$1.41B,-5.83%,$161,$93,$68,$0,$62,$218,$-57,$1,$-56,$-3,$-53,$-53,$-53,$-38,$-57,$18,18,$-2.97,$-2.97,$315,$0,$17,$391,$125,$33,$1073,$23,$1254,$1646,$116,$0,$50,$121,$237,$0,$107,$-0,$1408,$1646,$-38,$28,$27,$55,$8,$0,$-9,$-23,$-31,$-15,$-16,$0,$168,$-6,$-0,$-6,$0,$147,$0,$0,$0,$7,$7,$-17,$-2,$-12,$120,$12,$-17
1,2018-06-30,113.01,$19.80,5.71,$40.65,2.78,$9.08,12.45,$1.25,90.41,$0.21B,$0.07B,3.1,$0.00B,$0.22B,0.0,$0.46B,$0.21B,45.75%,$0.46B,$0.04B,7.63%,$0.46B,$0.04B,7.63%,$0.46B,$0.05B,11.76%,$0.46B,$0.04B,8.06%,$0.46B,$0.01B,3.05%,$0.01B,$0.22B,6.47%,$0.01B,$0.21B,7.18%,$0.01B,$0.34B,4.25%,$0.04B,$0.22B,16.17%,$115,$65,$50,$0,$32,$110,$4,$0,$5,$-1,$5,$5,$5,$9,$4,$11,11,$0.48,$0.46,$172,$0,$11,$214,$72,$0,$18,$10,$123,$337,$69,$0,$44,$44,$113,$0,$171,$0,$224,$337,$15,$9,$11,$20,$-3,$0,$1,$1,$-4,$30,$-9,$0,$0,$0,$0,$0,$0,$-9,$0,$0,$0,$0,$0,$-6,$0,$-6,$16,$6,$-6
2,2018-03-31,100.82,$19.32,5.22,$40.65,2.48,$9.37,10.76,$1.71,58.96,$0.20B,$0.07B,2.79,$0.00B,$0.22B,0.0,$0.46B,$0.21B,45.73%,$0.46B,$0.05B,9.85%,$0.46B,$0.05B,9.85%,$0.46B,$0.06B,13.79%,$0.46B,$0.05B,10.07%,$0.46B,$0.02B,4.16%,$0.02B,$0.22B,8.93%,$0.02B,$0.20B,9.97%,$0.02B,$0.33B,5.85%,$0.05B,$0.22B,21.15%,$116,$64,$53,$0,$31,$105,$11,$0,$12,$2,$9,$9,$9,$16,$11,$11,11,$0.88,$0.84,$166,$0,$11,$201,$74,$0,$21,$12,$130,$332,$72,$0,$41,$41,$114,$0,$168,$0,$218,$332,$9,$5,$1,$6,$-2,$0,$-1,$1,$2,$17,$-4,$0,$0,$0,$0,$0,$0,$-4,$0,$0,$0,$0,$0,$-3,$0,$-3,$10,$3,$-3
3,2017-12-31,89.16,$18.73,4.76,$40.69,2.19,$10.10,8.83,$1.82,48.99,$0.19B,$0.07B,2.76,$0.00B,$0.21B,0.0,$0.46B,$0.21B,45.83%,$0.46B,$0.05B,11.40%,$0.46B,$0.05B,11.40%,$0.46B,$0.07B,15.13%,$0.46B,$0.05B,11.40%,$0.46B,$0.02B,4.61%,$0.02B,$0.21B,10.10%,$0.02B,$0.18B,11.32%,$0.02B,$0.32B,6.55%,$0.05B,$0.21B,25.00%,$119,$60,$58,$0,$37,$107,$12,$0,$12,$18,$-6,$-6,$-6,$16,$12,$11,11,$-0.61,$-0.59,$156,$0,$11,$190,$74,$0,$28,$5,$131,$321,$69,$0,$43,$43,$112,$0,$162,$0,$209,$321,$21,$17,$18,$35,$-3,$0,$4,$-0,$0,$56,$-18,$0,$0,$0,$0,$0,$0,$-18,$0,$0,$0,$0,$0,$-11,$0,$-11,$27,$12,$-11
4,2017-09-30,86.64,$19.30,4.49,$41.08,2.11,$9.58,9.04,$3.50,24.75,$0.19B,$0.07B,2.58,$0.00B,$0.22B,0.0,$0.46B,$0.21B,44.96%,$0.46B,$0.06B,13.16%,$0.46B,$0.06B,13.16%,$0.46B,$0.08B,16.89%,$0.46B,$0.06B,13.16%,$0.46B,$0.04B,8.55%,$0.04B,$0.22B,19.24%,$0.04B,$0.20B,21.40%,$0.04B,$0.33B,12.38%,$0.06B,$0.22B,29.59%,$109,$60,$49,$0,$38,$100,$8,$0,$8,$2,$6,$6,$6,$13,$8,$11,11,$0.58,$0.56,$150,$0,$13,$187,$74,$0,$21,$12,$142,$329,$72,$0,$41,$41,$113,$0,$171,$0,$215,$329,$27,$12,$-3,$10,$-0,$0,$10,$3,$8,$44,$-15,$0,$0,$0,$0,$0,$0,$-15,$0,$0,$0,$0,$0,$-9,$0,$-9,$21,$9,$-9
5,2017-06-30,92.25,$18.73,4.92,$40.84,2.26,$9.01,10.24,$3.21,28.74,$0.18B,$0.06B,2.94,$0.00B,$0.21B,0.0,$0.45B,$0.20B,44.99%,$0.45B,$0.06B,12.69%,$0.45B,$0.06B,12.69%,$0.45B,$0.07B,16.26%,$0.45B,$0.06B,12.69%,$0.45B,$0.04B,8.02%,$0.04B,$0.21B,18.73%,$0.04B,$0.19B,20.99%,$0.04B,$0.32B,11.82%,$0.06B,$0.21B,29.65%,$113,$64,$49,$0,$32,$99,$14,$0,$14,$4,$10,$10,$10,$18,$14,$11,11,$0.96,$0.92,$148,$0,$10,$180,$73,$0,$21,$13,$138,$318,$61,$0,$48,$48,$109,$0,$168,$0,$209,$318,$21,$8,$2,$10,$-0,$0,$1,$4,$2,$33,$-8,$0,$0,$0,$0,$0,$0,$-8,$0,$0,$0,$0,$0,$-6,$0,$-6,$19,$6,$-6
6,2017-03-31,79.43,$17.79,4.47,$40.81,1.95,$8.56,9.28,$3.01,26.39,$0.18B,$0.07B,2.68,$0.00B,$0.20B,0.0,$0.44B,$0.20B,45.05%,$0.44B,$0.06B,12.61%,$0.44B,$0.06B,12.61%,$0.44B,$0.07B,16.22%,$0.44B,$0.06B,12.61%,$0.44B,$0.03B,7.66%,$0.03B,$0.20B,18.68%,$0.03B,$0.18B,21.09%,$0.03B,$0.31B,11.54%,$0.06B,$0.20B,30.77%,$115,$61,$53,$0,$30,$96,$18,$0,$18,$8,$11,$11,$11,$22,$18,$11,11,$1.00,$0.95,$147,$0,$10,$177,$73,$0,$21,$13,$137,$314,$66,$0,$49,$49,$115,$0,$161,$0,$199,$314,$11,$4,$3,$7,$0,$0,$-3,$3,$7,$25,$-4,$0,$0,$0,$0,$0,$0,$-4,$0,$0,$0,$0,$0,$-3,$0,$-3,$18,$2,$-3
7,2016-12-31,79.32,$16.98,4.67,$40.79,1.94,$7.87,10.08,$3.21,24.71,$0.16B,$0.06B,2.68,$0.00B,$0.19B,0.0,$0.44B,$0.20B,45.45%,$0.44B,$0.06B,13.18%,$0.44B,$0.06B,13.18%,$0.44B,$0.07B,16.82%,$0.44B,$0.06B,13.18%,$0.44B,$0.04B,7.95%,$0.04B,$0.19B,20.38%,$0.04B,$0.17B,23.18%,$0.04B,$0.30B,12.26%,$0.06B,$0.19B,33.77%,$119,$65,$54,$0,$30,$100,$20,$-0,$20,$8,$12,$12,$12,$24,$20,$11,11,$1.11,$1.07,$129,$0,$11,$161,$73,$0,$21,$13,$138,$299,$60,$0,$50,$50,$110,$0,$153,$0,$188,$299,$35,$16,$2,$18,$-1,$0,$-0,$-7,$-9,$45,$-13,$0,$-8,$0,$0,$0,$0,$-21,$0,$0,$0,$0,$0,$0,$-1,$-1,$22,$11,$0
8,2016-09-30,45.92,$15.61,2.94,$40.37,1.14,$11.02,4.17,$3.35,13.71,$0.15B,$0.06B,2.48,$0.00B,$0.17B,0.0,$0.44B,$0.20B,45.98%,$0.44B,$0.06B,13.79%,$0.44B,$0.06B,13.79%,$0.44B,$0.08B,17.47%,$0.44B,$0.06B,13.79%,$0.44B,$0.04B,8.28%,$0.04B,$0.17B,22.43%,$0.04B,$0.15B,25.17%,$0.04B,$0.29B,13.20%,$0.06B,$0.17B,37.38%,$102,$56,$46,$0,$36,$97,$5,$-0,$5,$2,$3,$3,$3,$9,$5,$11,11,$0.27,$0.27,$121,$0,$11,$153,$72,$0,$21,$13,$134,$287,$62,$0,$52,$52,$113,$0,$141,$0,$173,$287,$23,$12,$2,$14,$0,$0,$3,$-6,$-7,$30,$-8,$0,$-8,$0,$0,$0,$0,$-15,$0,$0,$0,$0,$0,$0,$-1,$-1,$14,$7,$0
9,2016-06-30,48.33,$15.04,3.21,$40.17,1.2,$13.11,3.69,$3.43,14.09,$0.15B,$0.06B,2.45,$0.00B,$0.17B,0.0,$0.43B,$0.20B,45.83%,$0.43B,$0.06B,14.35%,$0.43B,$0.06B,14.35%,$0.43B,$0.08B,18.29%,$0.43B,$0.06B,14.12%,$0.43B,$0.04B,8.56%,$0.04B,$0.17B,24.83%,$0.04B,$0.15B,27.41%,$0.04B,$0.28B,14.31%,$0.06B,$0.17B,41.61%,$108,$62,$47,$0,$30,$96,$13,$-0,$13,$5,$8,$8,$8,$17,$13,$11,11,$0.73,$0.72,$117,$0,$8,$146,$73,$0,$21,$14,$132,$278,$60,$0,$50,$50,$110,$0,$138,$0,$168,$278,$20,$8,$3,$11,$0,$0,$-1,$-5,$-9,$22,$-4,$0,$-8,$0,$0,$0,$0,$-11,$0,$0,$0,$0,$0,$0,$-0,$-0,$11,$5,$0
10,2016-03-31,47.96,$14.18,3.38,$40.38,1.19,$14.82,3.24,$3.82,12.55,$0.14B,$0.06B,2.31,$0.00B,$0.16B,0.0,$0.43B,$0.20B,46.54%,$0.43B,$0.07B,16.13%,$0.43B,$0.07B,16.13%,$0.43B,$0.09B,20.05%,$0.43B,$0.07B,15.67%,$0.43B,$0.04B,9.45%,$0.04B,$0.16B,29.87%,$0.04B,$0.14B,32.35%,$0.04B,$0.28B,15.02%,$0.07B,$0.16B,42.55%,$111,$58,$53,$0,$29,$91,$20,$-0,$20,$8,$12,$12,$12,$24,$20,$11,11,$1.17,$1.15,$117,$0,$8,$144,$75,$0,$21,$14,$133,$278,$62,$0,$57,$57,$120,$0,$130,$0,$158,$278,$12,$4,$2,$7,$1,$0,$-4,$-5,$-4,$15,$-2,$0,$-2,$0,$0,$0,$0,$-4,$0,$0,$0,$0,$0,$0,$-0,$-0,$11,$3,$0
11,2015-12-31,59.14,$12.96,4.57,$40.49,1.46,$16.24,3.64,$3.73,15.86,$0.13B,$0.06B,2.3,$0.00B,$0.14B,0.0,$0.44B,$0.20B,46.21%,$0.44B,$0.07B,16.09%,$0.44B,$0.07B,16.09%,$0.44B,$0.09B,20.00%,$0.44B,$0.07B,15.40%,$0.44B,$0.04B,9.20%,$0.04B,$0.14B,32.19%,$0.04B,$0.14B,34.04%,$0.04B,$0.25B,14.01%,$0.07B,$0.14B,39.05%,$114,$60,$54,$0,$28,$92,$22,$-0,$22,$9,$13,$13,$13,$26,$22,$11,11,$1.23,$1.21,$107,$0,$7,$132,$77,$0,$7,$6,$116,$248,$58,$0,$48,$48,$106,$0,$118,$0,$143,$248,$40,$19,$6,$25,$-2,$0,$-1,$14,$13,$78,$-13,$0,$0,$0,$0,$0,$0,$-13,$-119,$0,$-119,$0,$0,$0,$-2,$-120,$-55,$10,$0
12,2015-09-30,54.08,$11.53,4.69,$40.80,1.33,$16.88,3.2,$3.73,14.5,$0.12B,$0.06B,2.08,$0.00B,$0.13B,0.0,$0.44B,$0.20B,46.22%,$0.44B,$0.07B,16.25%,$0.44B,$0.07B,16.25%,$0.44B,$0.09B,20.14%,$0.44B,$0.07B,15.10%,$0.44B,$0.04B,9.15%,$0.04B,$0.13B,35.79%,$0.04B,$0.12B,38.10%,$0.04B,$0.23B,13.31%,$0.07B,$0.13B,36.46%,$99,$55,$44,$0,$33,$92,$7,$-1,$6,$2,$4,$4,$4,$12,$7,$11,11,$0.35,$0.35,$87,$0,$16,$120,$79,$0,$7,$6,$111,$230,$58,$0,$46,$46,$103,$0,$105,$0,$127,$230,$27,$14,$4,$18,$-0,$0,$1,$8,$9,$54,$-10,$0,$0,$0,$0,$0,$0,$-10,$-119,$0,$-119,$0,$0,$0,$-2,$-120,$-75,$8,$0
13,2015-06-30,42.4,$10.94,3.88,$41.02,1.03,$18.14,2.34,$3.84,11.04,$0.23B,$0.06B,3.73,$0.11B,$0.12B,0.91,$0.44B,$0.20B,46.24%,$0.44B,$0.07B,16.63%,$0.44B,$0.07B,16.63%,$0.44B,$0.09B,20.50%,$0.44B,$0.07B,15.49%,$0.44B,$0.04B,9.34%,$0.04B,$0.12B,41.21%,$0.04B,$0.11B,44.20%,$0.04B,$0.34B,12.94%,$0.07B,$0.23B,34.60%,$110,$59,$51,$0,$26,$89,$21,$-1,$20,$8,$12,$12,$12,$25,$21,$11,11,$1.12,$1.11,$196,$0,$15,$225,$80,$0,$7,$5,$111,$336,$60,$109,$45,$155,$215,$0,$101,$-0,$121,$336,$23,$9,$3,$12,$2,$0,$-3,$6,$8,$44,$-7,$0,$0,$0,$0,$0,$0,$-7,$-3,$0,$-3,$0,$0,$0,$-0,$-3,$33,$5,$0
14,2015-03-31,52.54,$9.69,5.42,$41.38,1.27,$18.75,2.8,$4.02,13.07,$0.22B,$0.06B,3.42,$0.11B,$0.11B,1.04,$0.44B,$0.21B,46.38%,$0.44B,$0.08B,17.19%,$0.44B,$0.08B,17.19%,$0.44B,$0.09B,21.27%,$0.44B,$0.07B,16.06%,$0.44B,$0.04B,9.73%,$0.04B,$0.11B,49.57%,$0.04B,$0.10B,53.75%,$0.04B,$0.33B,14.18%,$0.08B,$0.22B,38.00%,$112,$60,$52,$0,$28,$92,$20,$-1,$19,$7,$11,$11,$11,$24,$20,$11,11,$1.08,$1.06,$188,$0,$14,$218,$81,$0,$7,$6,$110,$328,$64,$111,$47,$158,$221,$0,$89,$-0,$106,$328,$11,$5,$2,$7,$2,$0,$-1,$4,$13,$31,$-3,$0,$0,$0,$0,$0,$0,$-3,$-2,$0,$-2,$0,$0,$0,$-0,$-2,$26,$2,$0
15,2014-12-31,73.07,$8.51,8.59,$41.97,1.74,$19.20,3.81,$4.36,16.76,$0.20B,$0.06B,3.49,$0.11B,$0.09B,1.21,$0.45B,$0.21B,47.09%,$0.45B,$0.08B,18.39%,$0.45B,$0.08B,18.39%,$0.45B,$0.10B,22.87%,$0.45B,$0.08B,17.26%,$0.45B,$0.05B,10.54%,$0.05B,$0.09B,63.73%,$0.05B,$0.09B,70.41%,$0.05B,$0.31B,16.17%,$0.08B,$0.21B,43.50%,$116,$61,$55,$0,$28,$93,$23,$-1,$21,$8,$13,$13,$13,$27,$23,$11,11,$1.23,$1.20,$162,$0,$17,$197,$82,$0,$7,$6,$111,$308,$56,$113,$46,$159,$215,$0,$78,$0,$93,$308,$46,$20,$8,$28,$1,$0,$7,$-5,$3,$78,$-7,$0,$0,$0,$0,$0,$0,$-7,$-3,$0,$-3,$0,$0,$0,$-0,$-4,$68,$9,$0
16,2014-09-30,58.91,$7.13,8.26,$42.75,1.38,$19.62,3.0,$1.35,43.63,$0.18B,$0.06B,3.11,$0.11B,$0.08B,1.47,$0.45B,$0.18B,38.99%,$0.45B,$0.03B,6.39%,$0.45B,$0.03B,6.39%,$0.45B,$0.06B,13.66%,$0.45B,$0.03B,5.51%,$0.45B,$0.02B,3.30%,$0.02B,$0.08B,24.90%,$0.02B,$0.07B,28.17%,$0.02B,$0.30B,5.41%,$0.03B,$0.19B,16.41%,$101,$56,$45,$0,$32,$92,$9,$-1,$8,$3,$5,$5,$5,$14,$9,$11,11,$0.47,$0.46,$150,$0,$16,$183,$84,$0,$7,$6,$113,$295,$59,$114,$45,$159,$218,$0,$65,$0,$78,$295,$33,$15,$7,$22,$2,$0,$10,$-5,$7,$62,$-4,$0,$0,$0,$0,$0,$0,$-4,$-2,$0,$-2,$0,$0,$0,$0,$-2,$56,$7,$0
17,2014-06-30,51.66,$6.42,8.05,$43.73,1.18,$20.34,2.54,$1.19,43.41,$0.17B,$0.05B,3.38,$0.12B,$0.07B,1.65,$0.46B,$0.18B,38.44%,$0.46B,$0.03B,5.83%,$0.46B,$0.03B,5.83%,$0.46B,$0.06B,13.17%,$0.46B,$0.02B,4.75%,$0.46B,$0.01B,2.81%,$0.01B,$0.07B,23.64%,$0.01B,$0.06B,27.08%,$0.01B,$0.28B,4.93%,$0.03B,$0.19B,15.63%,$113,$60,$53,$0,$25,$89,$24,$-1,$23,$9,$14,$14,$14,$29,$24,$11,11,$1.29,$1.29,$136,$0,$15,$166,$87,$0,$7,$7,$116,$282,$49,$116,$47,$163,$212,$0,$60,$-0,$70,$282,$28,$11,$4,$15,$2,$0,$-5,$-1,$2,$45,$-2,$0,$0,$0,$0,$0,$0,$-2,$-2,$0,$-2,$0,$0,$0,$0,$-2,$41,$5,$0
18,2014-03-31,45.68,$5.00,9.14,$45.64,1.0,$20.73,2.2,$1.32,34.6,$0.16B,$0.06B,2.84,$0.12B,$0.05B,2.16,$0.48B,$0.19B,38.59%,$0.48B,$0.03B,6.02%,$0.48B,$0.03B,6.02%,$0.48B,$0.06B,13.28%,$0.48B,$0.02B,4.98%,$0.48B,$0.01B,2.90%,$0.01B,$0.05B,27.86%,$0.01B,$0.05B,32.37%,$0.01B,$0.28B,5.58%,$0.03B,$0.17B,17.16%,$116,$59,$57,$0,$27,$91,$26,$-1,$25,$10,$15,$15,$15,$32,$26,$11,11,$1.40,$1.40,$126,$0,$16,$158,$91,$0,$7,$8,$120,$278,$56,$117,$51,$168,$223,$0,$46,$0,$54,$278,$15,$6,$1,$7,$1,$0,$-0,$1,$11,$33,$-1,$0,$0,$0,$0,$0,$0,$-1,$-1,$0,$-1,$0,$0,$0,$0,$-1,$31,$2,$0
19,2013-12-31,33.91,$3.60,9.41,$47.31,0.72,$20.36,1.67,$1.51,22.46,$0.13B,$0.05B,2.82,$0.12B,$0.04B,3.05,$0.50B,$0.19B,38.29%,$0.50B,$0.03B,6.55%,$0.50B,$0.03B,6.55%,$0.50B,$0.07B,13.49%,$0.50B,$0.03B,5.56%,$0.50B,$0.02B,3.17%,$0.02B,$0.04B,35.75%,$0.02B,$0.03B,42.11%,$0.02B,$0.25B,6.80%,$0.03B,$0.16B,20.06%,$124,$102,$22,$0,$47,$154,$-30,$-1,$-31,$-13,$-19,$-19,$-19,$-13,$-30,$11,11,$-1.77,$-1.76,$95,$0,$17,$127,$94,$0,$7,$9,$127,$254,$45,$119,$51,$170,$215,$0,$32,$0,$39,$254,$16,$36,$-14,$21,$4,$0,$-0,$35,$46,$84,$-9,$0,$0,$0,$0,$0,$0,$-9,$-3,$0,$-3,$-25,$-25,$0,$0,$-28,$47,$9,$0
20,2013-09-30,40.85,$5.25,7.78,$48.04,0.85,$18.27,2.24,$4.78,8.55,$0.12B,$0.04B,2.75,$0.12B,$0.06B,2.1,$0.52B,$0.24B,45.02%,$0.52B,$0.09B,17.62%,$0.52B,$0.09B,17.62%,$0.52B,$0.12B,22.22%,$0.52B,$0.09B,16.48%,$0.52B,$0.05B,9.96%,$0.05B,$0.06B,114.92%,$0.05B,$0.05B,135.06%,$0.05B,$0.24B,22.73%,$0.09B,$0.18B,55.51%,$110,$64,$46,$0,$35,$103,$7,$-1,$5,$2,$3,$3,$3,$13,$7,$11,11,$0.30,$0.30,$85,$0,$13,$118,$110,$0,$7,$6,$123,$241,$43,$120,$21,$141,$184,$0,$51,$-0,$57,$241,$35,$19,$5,$24,$4,$0,$0,$3,$13,$72,$-7,$0,$0,$0,$0,$0,$0,$-7,$-2,$0,$-2,$-25,$-25,$0,$0,$-27,$38,$8,$0
21,2013-06-30,48.04,$4.69,10.25,$48.43,0.99,$15.51,3.1,$4.84,9.92,$0.10B,$0.04B,2.84,$0.12B,$0.05B,2.36,$0.54B,$0.24B,44.78%,$0.54B,$0.09B,17.35%,$0.54B,$0.09B,17.35%,$0.54B,$0.12B,21.83%,$0.54B,$0.09B,16.42%,$0.54B,$0.05B,9.89%,$0.05B,$0.05B,112.17%,$0.05B,$0.04B,130.86%,$0.05B,$0.23B,23.40%,$0.09B,$0.17B,59.62%,$132,$71,$61,$0,$29,$106,$26,$-1,$25,$10,$15,$15,$15,$32,$26,$11,11,$1.43,$1.42,$68,$0,$11,$102,$114,$0,$7,$7,$128,$230,$36,$120,$23,$143,$179,$0,$47,$0,$51,$230,$32,$13,$4,$16,$-0,$0,$-8,$2,$3,$52,$-5,$0,$0,$0,$0,$0,$0,$-5,$-2,$0,$-2,$-25,$-25,$0,$0,$-27,$20,$5,$0
22,2013-03-31,47.59,$2.99,15.92,$48.63,0.98,$13.94,3.41,$5.27,9.03,$0.09B,$0.04B,2.16,$0.12B,$0.03B,3.75,$0.55B,$0.25B,45.45%,$0.55B,$0.10B,18.73%,$0.55B,$0.10B,18.73%,$0.55B,$0.13B,23.09%,$0.55B,$0.10B,17.82%,$0.55B,$0.06B,10.73%,$0.06B,$0.03B,114.01%,$0.06B,$0.03B,131.11%,$0.06B,$0.22B,26.34%,$0.10B,$0.15B,69.59%,$138,$73,$64,$0,$29,$108,$30,$-1,$29,$11,$17,$17,$17,$36,$30,$11,11,$1.59,$1.59,$51,$0,$12,$85,$118,$0,$7,$6,$131,$216,$39,$121,$23,$144,$184,$0,$32,$-1,$32,$216,$17,$6,$2,$8,$1,$0,$-8,$2,$6,$31,$-2,$0,$0,$0,$0,$0,$0,$-2,$-1,$0,$-1,$-25,$-25,$0,$0,$-26,$3,$2,$0
23,2012-12-31,55.26,$3.60,15.35,$48.99,1.13,$14.09,3.92,$5.77,9.58,$0.09B,$0.04B,2.08,$0.12B,$0.04B,2.97,$0.56B,$0.26B,46.62%,$0.56B,$0.11B,20.28%,$0.56B,$0.11B,20.28%,$0.56B,$0.14B,24.56%,$0.56B,$0.11B,19.40%,$0.56B,$0.07B,11.74%,$0.07B,$0.04B,114.29%,$0.07B,$0.03B,130.05%,$0.07B,$0.23B,29.20%,$0.11B,$0.16B,81.72%,$142,$78,$64,$0,$29,$113,$29,$-1,$27,$11,$17,$17,$17,$35,$29,$11,11,$1.47,$1.46,$48,$0,$14,$90,$122,$0,$7,$7,$138,$228,$43,$122,$22,$144,$187,$0,$41,$-1,$41,$228,$66,$25,$5,$30,$2,$0,$6,$-17,$-14,$82,$-25,$0,$0,$0,$0,$0,$0,$-25,$8,$0,$8,$-25,$-25,$-47,$-2,$-67,$-10,$5,$-47
24,2012-09-30,61.99,$5.47,11.33,$49.63,1.25,$19.50,3.18,$6.60,9.39,$0.09B,$0.07B,1.28,$0.07B,$0.07B,1.12,$0.58B,$0.28B,48.78%,$0.58B,$0.13B,22.57%,$0.58B,$0.13B,22.57%,$0.58B,$0.16B,26.91%,$0.58B,$0.13B,21.88%,$0.58B,$0.08B,13.19%,$0.08B,$0.07B,131.03%,$0.08B,$0.06B,149.02%,$0.08B,$0.23B,33.52%,$0.13B,$0.14B,98.67%,$124,$73,$51,$0,$37,$116,$8,$-1,$7,$3,$4,$4,$4,$14,$8,$11,11,$0.36,$0.36,$46,$0,$14,$92,$123,$0,$7,$5,$140,$232,$72,$73,$22,$95,$167,$0,$56,$-1,$65,$232,$49,$18,$7,$25,$1,$0,$5,$-16,$-17,$57,$-18,$0,$0,$0,$0,$0,$0,$-18,$-15,$0,$-15,$0,$0,$-36,$0,$-51,$-12,$9,$-36
25,2012-06-30,103.5,$5.87,17.62,$50.48,2.05,$24.50,4.22,$7.44,13.91,$0.09B,$0.06B,1.44,$0.07B,$0.07B,1.01,$0.59B,$0.30B,50.68%,$0.59B,$0.15B,24.83%,$0.59B,$0.15B,24.83%,$0.59B,$0.17B,29.08%,$0.59B,$0.14B,24.15%,$0.59B,$0.09B,14.63%,$0.09B,$0.07B,163.03%,$0.09B,$0.06B,181.05%,$0.09B,$0.22B,38.26%,$0.15B,$0.14B,113.18%,$146,$76,$71,$0,$28,$110,$36,$-1,$35,$14,$21,$21,$21,$42,$36,$11,11,$1.86,$1.85,$49,$0,$12,$85,$119,$0,$7,$5,$135,$220,$59,$70,$22,$92,$151,$0,$64,$-1,$69,$220,$45,$12,$4,$16,$1,$0,$-8,$-12,$-19,$43,$-10,$0,$0,$0,$0,$0,$0,$-10,$-18,$0,$-18,$0,$0,$-24,$0,$-41,$-8,$6,$-24
26,2012-03-31,88.48,$4.72,18.74,$51.70,1.71,$27.55,3.21,$8.12,10.9,$0.09B,$0.08B,1.07,$0.06B,$0.06B,1.12,$0.61B,$0.31B,51.82%,$0.61B,$0.16B,26.40%,$0.61B,$0.16B,26.40%,$0.61B,$0.19B,30.53%,$0.61B,$0.16B,25.74%,$0.61B,$0.10B,15.68%,$0.10B,$0.06B,211.11%,$0.10B,$0.05B,228.92%,$0.10B,$0.22B,42.41%,$0.16B,$0.12B,124.27%,$150,$74,$76,$0,$28,$109,$41,$-1,$40,$16,$24,$24,$24,$47,$41,$11,11,$2.10,$2.09,$53,$0,$13,$89,$120,$0,$7,$5,$135,$224,$84,$63,$22,$84,$168,$0,$55,$-1,$56,$224,$24,$6,$2,$8,$2,$0,$2,$-15,$4,$36,$-4,$0,$0,$0,$0,$0,$0,$-4,$-25,$0,$-25,$0,$0,$-12,$0,$-37,$-4,$2,$-12
27,2011-12-31,90.35,$3.59,25.19,$52.11,1.73,$29.09,3.11,$8.83,10.23,$0.10B,$0.08B,1.23,$0.09B,$0.04B,2.13,$0.63B,$0.34B,53.34%,$0.63B,$0.18B,28.34%,$0.63B,$0.18B,28.34%,$0.63B,$0.20B,32.32%,$0.63B,$0.18B,27.87%,$0.63B,$0.11B,17.04%,$0.11B,$0.04B,217.26%,$0.11B,$0.04B,225.26%,$0.11B,$0.23B,47.03%,$0.18B,$0.13B,129.69%,$156,$72,$83,$0,$32,$110,$45,$-1,$44,$17,$27,$27,$27,$52,$45,$12,12,$2.36,$2.35,$57,$0,$12,$95,$121,$0,$7,$5,$136,$231,$77,$90,$22,$112,$189,$0,$42,$-1,$42,$231,$106,$23,$17,$40,$-3,$0,$-3,$16,$8,$154,$-30,$0,$-7,$12,$0,$12,$0,$-25,$118,$0,$118,$-203,$-203,$-49,$-2,$-137,$-7,$13,$-49
28,2011-09-30,70.51,$3.64,19.35,$51.76,1.36,$27.30,2.58,$9.26,7.61,$0.09B,$0.08B,1.1,$0.08B,$0.04B,1.89,$0.64B,$0.35B,54.35%,$0.64B,$0.19B,29.81%,$0.64B,$0.19B,29.81%,$0.64B,$0.22B,33.39%,$0.64B,$0.19B,29.50%,$0.64B,$0.12B,18.01%,$0.12B,$0.04B,140.18%,$0.12B,$0.04B,140.18%,$0.12B,$0.22B,50.77%,$0.19B,$0.13B,129.51%,$136,$68,$68,$0,$37,$111,$24,$-1,$23,$9,$14,$14,$14,$30,$24,$12,12,$1.20,$1.20,$57,$0,$13,$91,$122,$0,$0,$4,$133,$224,$83,$83,$15,$98,$180,$0,$38,$-1,$44,$224,$79,$17,$11,$28,$1,$0,$5,$9,$16,$123,$-25,$0,$0,$12,$0,$12,$0,$-13,$105,$0,$105,$-183,$-183,$-37,$-2,$-117,$-7,$10,$-37
29,2011-06-30,114.97,$3.19,35.98,$50.99,2.25,$26.97,4.26,$9.78,11.76,$0.08B,$0.07B,1.3,$0.10B,$0.04B,2.61,$0.66B,$0.36B,55.49%,$0.66B,$0.21B,31.40%,$0.66B,$0.21B,31.40%,$0.66B,$0.23B,34.76%,$0.66B,$0.21B,31.40%,$0.66B,$0.13B,19.05%,$0.13B,$0.04B,104.17%,$0.13B,$0.04B,104.17%,$0.13B,$0.22B,44.13%,$0.21B,$0.14B,124.85%,$164,$76,$87,$0,$31,$114,$50,$-1,$49,$19,$30,$30,$30,$56,$50,$12,12,$2.54,$2.53,$51,$0,$11,$84,$121,$0,$0,$4,$134,$217,$65,$100,$14,$114,$179,$0,$36,$-1,$38,$217,$65,$11,$6,$17,$-0,$0,$-3,$4,$5,$87,$-18,$0,$0,$12,$0,$12,$0,$-6,$115,$0,$115,$-183,$-183,$-25,$-2,$-95,$-14,$6,$-25
30,2011-03-31,117.73,$5.89,19.99,$48.65,2.42,$25.82,4.56,$9.85,11.95,$0.11B,$0.07B,1.52,$0.08B,$0.07B,1.09,$0.65B,$0.37B,56.84%,$0.65B,$0.22B,33.03%,$0.65B,$0.22B,33.03%,$0.65B,$0.24B,36.10%,$0.65B,$0.22B,33.18%,$0.65B,$0.13B,20.12%,$0.13B,$0.07B,78.33%,$0.13B,$0.07B,78.33%,$0.13B,$0.24B,38.56%,$0.22B,$0.15B,114.82%,$172,$75,$97,$0,$31,$113,$59,$-0,$59,$23,$36,$36,$36,$65,$59,$13,13,$2.81,$2.80,$71,$0,$11,$108,$119,$0,$0,$3,$129,$238,$71,$80,$13,$93,$164,$0,$73,$0,$73,$238,$36,$5,$4,$9,$-4,$0,$-5,$10,$22,$67,$-11,$0,$0,$12,$0,$12,$0,$1,$80,$0,$80,$-127,$-127,$-13,$-1,$-61,$7,$3,$-13
31,2010-12-31,136.33,$13.22,10.32,$46.72,2.92,$25.17,5.42,$9.70,14.06,$0.11B,$0.05B,2.34,$0.00B,$0.18B,0.0,$0.64B,$0.37B,57.77%,$0.64B,$0.22B,33.91%,$0.64B,$0.22B,33.91%,$0.64B,$0.23B,36.73%,$0.64B,$0.22B,34.07%,$0.64B,$0.13B,20.57%,$0.13B,$0.18B,65.34%,$0.13B,$0.18B,65.34%,$0.13B,$0.24B,33.63%,$0.22B,$0.18B,107.73%,$172,$74,$98,$0,$26,$113,$59,$0,$59,$23,$36,$36,$36,$64,$59,$13,14,$2.74,$2.73,$76,$0,$10,$109,$116,$0,$0,$2,$126,$235,$47,$0,$13,$13,$59,$0,$175,$0,$176,$235,$131,$17,$9,$26,$-4,$0,$10,$1,$5,$163,$-46,$0,$0,$40,$0,$40,$0,$-6,$0,$0,$0,$-115,$-115,$-45,$3,$-157,$0,$12,$-45
32,2010-09-30,155.19,$14.20,10.93,$44.66,3.48,$24.59,6.31,$9.29,16.71,$0.33B,$0.24B,1.37,$0.00B,$0.19B,0.0,$0.61B,$0.32B,52.12%,$0.61B,$0.21B,34.15%,$0.61B,$0.21B,34.15%,$0.61B,$0.23B,36.93%,$0.61B,$0.21B,34.48%,$0.61B,$0.13B,20.75%,$0.13B,$0.19B,62.25%,$0.13B,$0.19B,62.25%,$0.13B,$0.44B,29.72%,$0.21B,$0.19B,102.45%,$148,$66,$82,$0,$37,$109,$38,$0,$39,$15,$23,$23,$23,$43,$38,$13,14,$1.73,$1.72,$125,$0,$12,$325,$104,$0,$0,$2,$118,$443,$238,$0,$12,$12,$250,$0,$193,$0,$193,$443,$95,$13,$3,$15,$-3,$0,$21,$19,$31,$141,$-32,$0,$0,$12,$0,$12,$0,$-20,$0,$0,$0,$-73,$-73,$-31,$3,$-101,$20,$9,$-31
33,2010-06-30,184.05,$16.36,11.25,$42.07,4.37,$21.44,8.58,$8.78,20.96,$0.33B,$0.20B,1.63,$0.00B,$0.23B,0.0,$0.58B,$0.31B,53.81%,$0.58B,$0.20B,34.26%,$0.58B,$0.20B,34.26%,$0.58B,$0.21B,37.02%,$0.58B,$0.20B,34.60%,$0.58B,$0.12B,20.93%,$0.12B,$0.23B,60.58%,$0.12B,$0.23B,60.58%,$0.12B,$0.44B,29.86%,$0.20B,$0.23B,99.12%,$159,$66,$93,$0,$28,$101,$59,$0,$59,$23,$36,$36,$36,$63,$59,$14,14,$2.63,$2.60,$141,$0,$10,$332,$98,$0,$0,$2,$111,$443,$203,$0,$12,$12,$215,$0,$226,$0,$227,$443,$72,$8,$2,$10,$-1,$0,$5,$1,$5,$88,$-23,$0,$0,$-0,$0,$-0,$0,$-23,$0,$0,$0,$-22,$-22,$-21,$2,$-41,$24,$6,$-21
34,2010-03-31,214.91,$14.79,14.53,$39.59,5.43,$20.95,10.26,$8.18,26.27,$0.34B,$0.22B,1.53,$0.00B,$0.21B,0.0,$0.55B,$0.30B,55.60%,$0.55B,$0.18B,33.76%,$0.55B,$0.18B,33.76%,$0.55B,$0.20B,36.51%,$0.55B,$0.19B,34.13%,$0.55B,$0.11B,20.73%,$0.11B,$0.21B,61.58%,$0.11B,$0.21B,61.58%,$0.11B,$0.44B,30.32%,$0.18B,$0.21B,100.27%,$158,$63,$95,$0,$35,$98,$60,$0,$60,$24,$36,$36,$36,$64,$60,$14,14,$2.68,$2.65,$144,$0,$10,$335,$91,$0,$0,$2,$102,$437,$219,$0,$12,$12,$231,$0,$204,$0,$206,$437,$36,$4,$1,$5,$-3,$0,$2,$3,$22,$63,$-12,$0,$0,$-0,$0,$-0,$0,$-12,$0,$0,$0,$-15,$-15,$-10,$2,$-23,$27,$3,$-10
35,2009-12-31,186.91,$13.60,13.74,$36.98,5.05,$20.14,9.28,$7.61,24.56,$0.29B,$0.18B,1.57,$0.00B,$0.19B,0.0,$0.51B,$0.29B,57.34%,$0.51B,$0.17B,33.66%,$0.51B,$0.17B,33.66%,$0.51B,$0.19B,36.40%,$0.51B,$0.17B,34.05%,$0.51B,$0.11B,20.74%,$0.11B,$0.19B,63.10%,$0.11B,$0.19B,63.10%,$0.11B,$0.39B,31.25%,$0.17B,$0.19B,102.38%,$147,$98,$49,$0,$-4,$95,$52,$0,$53,$21,$32,$32,$32,$56,$52,$14,14,$2.35,$2.32,$117,$0,$8,$290,$85,$0,$0,$2,$96,$386,$184,$0,$12,$12,$196,$0,$188,$0,$190,$386,$105,$14,$6,$19,$5,$0,$5,$-5,$18,$142,$-30,$0,$0,$-1,$0,$-1,$0,$-32,$0,$0,$0,$-74,$-74,$-32,$3,$-103,$8,$11,$-32
36,2009-09-30,190.7,$12.53,15.22,$34.36,5.55,$16.85,11.32,$7.00,27.24,$0.27B,$0.17B,1.58,$0.00B,$0.18B,0.0,$0.48B,$0.32B,67.57%,$0.48B,$0.16B,33.26%,$0.48B,$0.16B,33.26%,$0.48B,$0.17B,35.98%,$0.48B,$0.16B,33.68%,$0.48B,$0.10B,20.50%,$0.10B,$0.18B,59.57%,$0.10B,$0.18B,59.57%,$0.10B,$0.36B,30.25%,$0.16B,$0.18B,96.66%,$114,$40,$74,$0,$47,$87,$27,$0,$28,$11,$17,$17,$17,$31,$27,$14,14,$1.22,$1.21,$93,$0,$7,$265,$78,$0,$0,$2,$90,$355,$168,$0,$12,$12,$179,$0,$171,$0,$176,$355,$73,$10,$2,$12,$-26,$0,$-1,$28,$5,$90,$-22,$0,$0,$-1,$0,$-1,$0,$-23,$0,$0,$0,$-64,$-64,$-21,$3,$-82,$-15,$8,$-21
37,2009-06-30,190.63,$11.58,16.46,$32.17,5.93,$15.28,12.48,$6.62,28.8,$0.23B,$0.14B,1.63,$0.00B,$0.16B,0.0,$0.45B,$0.31B,67.63%,$0.45B,$0.15B,33.26%,$0.45B,$0.15B,33.26%,$0.45B,$0.16B,35.92%,$0.45B,$0.15B,33.70%,$0.45B,$0.09B,20.62%,$0.09B,$0.16B,56.19%,$0.09B,$0.16B,56.19%,$0.09B,$0.31B,29.31%,$0.15B,$0.16B,90.63%,$126,$41,$85,$0,$40,$81,$45,$0,$45,$18,$28,$28,$28,$48,$45,$14,14,$2.01,$2.00,$90,$0,$7,$228,$75,$0,$0,$1,$86,$313,$140,$0,$12,$12,$151,$0,$161,$0,$162,$313,$57,$6,$2,$8,$1,$0,$-1,$-0,$7,$72,$-13,$0,$0,$-1,$0,$-1,$0,$-14,$0,$0,$0,$-63,$-63,$-14,$2,$-76,$-18,$5,$-14
38,2009-03-31,156.79,$10.25,15.29,$29.90,5.24,$13.35,11.74,$6.12,25.62,$0.23B,$0.15B,1.52,$0.00B,$0.14B,0.0,$0.42B,$0.29B,67.38%,$0.42B,$0.14B,32.86%,$0.42B,$0.14B,32.86%,$0.42B,$0.15B,35.46%,$0.42B,$0.14B,33.33%,$0.42B,$0.09B,20.33%,$0.09B,$0.14B,50.51%,$0.09B,$0.14B,50.51%,$0.09B,$0.30B,27.37%,$0.14B,$0.14B,81.64%,$124,$39,$85,$0,$38,$77,$48,$0,$48,$19,$29,$29,$29,$51,$48,$14,14,$2.09,$2.07,$84,$0,$7,$225,$69,$0,$0,$1,$78,$303,$148,$0,$11,$11,$160,$0,$143,$0,$144,$303,$29,$3,$-0,$3,$-3,$0,$-4,$1,$15,$47,$-7,$0,$0,$-0,$0,$-0,$0,$-7,$0,$0,$0,$-58,$-58,$-7,$1,$-64,$-24,$2,$-7
39,2008-12-31,186.37,$12.50,14.91,$27.78,6.71,$12.49,14.92,$5.68,32.81,$0.25B,$0.14B,1.82,$0.00B,$0.18B,0.0,$0.40B,$0.27B,66.92%,$0.40B,$0.13B,32.07%,$0.40B,$0.13B,32.07%,$0.40B,$0.14B,34.60%,$0.40B,$0.13B,33.08%,$0.40B,$0.08B,20.45%,$0.08B,$0.18B,46.42%,$0.08B,$0.18B,46.42%,$0.08B,$0.33B,25.88%,$0.13B,$0.18B,72.78%,$114,$36,$79,$0,$39,$75,$39,$1,$40,$16,$24,$24,$24,$42,$39,$14,14,$1.74,$1.70,$107,$0,$7,$249,$66,$0,$0,$1,$75,$325,$137,$0,$12,$12,$148,$0,$159,$-0,$176,$325,$81,$10,$-8,$2,$-31,$0,$3,$23,$6,$89,$-21,$0,$0,$26,$0,$26,$0,$5,$0,$0,$0,$-98,$-98,$-52,$18,$-132,$-39,$11,$-52
40,2008-09-30,173.68,$12.64,13.74,$25.89,6.71,$12.66,13.72,$5.31,32.71,$0.25B,$0.14B,1.84,$0.00B,$0.18B,0.0,$0.37B,$0.25B,66.04%,$0.37B,$0.12B,31.54%,$0.37B,$0.12B,31.54%,$0.37B,$0.13B,33.96%,$0.37B,$0.12B,32.88%,$0.37B,$0.08B,20.49%,$0.08B,$0.18B,42.76%,$0.08B,$0.18B,42.76%,$0.08B,$0.33B,23.92%,$0.12B,$0.18B,65.82%,$87,$31,$56,$0,$38,$69,$18,$1,$19,$7,$12,$12,$12,$21,$18,$14,14,$0.84,$0.83,$117,$0,$7,$251,$64,$0,$0,$1,$77,$328,$136,$0,$12,$12,$148,$0,$142,$-0,$180,$328,$57,$7,$-8,$-0,$-26,$0,$2,$24,$7,$63,$-15,$0,$0,$26,$0,$26,$0,$11,$0,$0,$0,$-69,$-69,$-45,$11,$-102,$-28,$8,$-45
41,2008-06-30,181.01,$12.66,14.29,$24.58,7.36,$12.24,14.79,$5.12,35.35,$0.23B,$0.11B,2.08,$0.00B,$0.18B,0.0,$0.35B,$0.23B,65.82%,$0.35B,$0.11B,31.64%,$0.35B,$0.11B,31.64%,$0.35B,$0.12B,33.90%,$0.35B,$0.12B,33.33%,$0.35B,$0.07B,20.62%,$0.07B,$0.18B,39.09%,$0.07B,$0.18B,39.09%,$0.07B,$0.30B,22.85%,$0.11B,$0.18B,59.97%,$98,$33,$65,$0,$31,$64,$34,$1,$34,$13,$21,$21,$21,$36,$34,$14,14,$1.52,$1.50,$118,$0,$6,$228,$61,$0,$0,$1,$73,$301,$110,$0,$11,$11,$121,$0,$135,$-0,$181,$301,$45,$5,$-9,$-4,$-2,$0,$-1,$-1,$3,$43,$-10,$0,$0,$47,$0,$47,$0,$37,$0,$0,$0,$-59,$-59,$-40,$11,$-87,$-7,$5,$-40
42,2008-03-31,131.77,$11.35,11.61,$23.14,5.69,$12.85,10.25,$4.82,27.34,$0.23B,$0.13B,1.81,$0.00B,$0.16B,0.0,$0.34B,$0.22B,65.67%,$0.34B,$0.10B,31.04%,$0.34B,$0.10B,31.04%,$0.34B,$0.11B,33.43%,$0.34B,$0.11B,33.43%,$0.34B,$0.07B,20.60%,$0.07B,$0.16B,35.57%,$0.07B,$0.16B,35.57%,$0.07B,$0.30B,21.30%,$0.10B,$0.16B,53.61%,$97,$32,$65,$0,$30,$62,$36,$2,$38,$14,$24,$24,$24,$38,$36,$14,14,$1.67,$1.64,$119,$0,$5,$228,$59,$0,$0,$1,$70,$298,$125,$0,$11,$11,$136,$0,$119,$0,$161,$298,$24,$2,$-4,$-2,$-3,$0,$3,$2,$13,$34,$-5,$0,$0,$77,$0,$77,$0,$72,$0,$0,$0,$-53,$-53,$-34,$5,$-82,$24,$3,$-34
43,2007-12-31,147.06,$13.07,11.25,$21.91,6.71,$11.90,12.36,$4.48,32.83,$0.28B,$0.14B,1.91,$0.00B,$0.19B,0.0,$0.32B,$0.21B,65.72%,$0.32B,$0.10B,30.50%,$0.32B,$0.10B,30.50%,$0.32B,$0.11B,33.02%,$0.32B,$0.10B,32.70%,$0.32B,$0.06B,20.13%,$0.06B,$0.19B,31.41%,$0.06B,$0.19B,31.41%,$0.06B,$0.34B,19.66%,$0.10B,$0.19B,47.61%,$89,$30,$59,$0,$30,$60,$29,$2,$31,$11,$19,$19,$19,$31,$29,$14,15,$1.36,$1.33,$171,$0,$4,$276,$58,$0,$0,$1,$68,$344,$144,$0,$11,$11,$155,$0,$101,$0,$189,$344,$65,$8,$-8,$-0,$-20,$0,$3,$19,$16,$81,$-9,$0,$0,$0,$0,$0,$0,$-9,$0,$0,$0,$-23,$-23,$-19,$13,$-29,$42,$10,$-19
44,2007-09-30,143.41,$14.87,9.64,$20.89,6.86,$10.31,13.9,$4.25,33.74,$0.27B,$0.11B,2.5,$0.00B,$0.22B,0.0,$0.30B,$0.20B,66.01%,$0.30B,$0.09B,30.36%,$0.30B,$0.09B,30.36%,$0.30B,$0.10B,33.00%,$0.30B,$0.10B,32.34%,$0.30B,$0.06B,20.13%,$0.06B,$0.22B,30.58%,$0.06B,$0.22B,30.58%,$0.06B,$0.34B,19.85%,$0.09B,$0.22B,46.12%,$70,$26,$44,$0,$31,$57,$13,$2,$15,$6,$9,$9,$9,$15,$13,$14,15,$0.65,$0.64,$162,$0,$8,$271,$55,$0,$0,$1,$64,$335,$109,$0,$11,$11,$119,$0,$116,$-0,$216,$335,$45,$6,$-8,$-2,$-17,$0,$2,$16,$5,$49,$-6,$0,$0,$0,$0,$0,$0,$-6,$0,$0,$0,$-6,$-6,$-14,$11,$-9,$34,$7,$-14
45,2007-06-30,111.79,$14.46,7.73,$20.02,5.58,$9.49,11.78,$4.05,27.6,$0.26B,$0.10B,2.61,$0.00B,$0.21B,0.0,$0.29B,$0.19B,65.86%,$0.29B,$0.09B,30.34%,$0.29B,$0.09B,30.34%,$0.29B,$0.10B,33.10%,$0.29B,$0.09B,32.07%,$0.29B,$0.06B,20.00%,$0.06B,$0.21B,31.02%,$0.06B,$0.21B,31.02%,$0.06B,$0.32B,20.07%,$0.09B,$0.21B,47.06%,$79,$27,$52,$0,$26,$53,$26,$2,$28,$11,$17,$17,$17,$28,$26,$14,15,$1.22,$1.20,$168,$0,$6,$258,$54,$0,$0,$1,$61,$319,$99,$0,$11,$11,$110,$0,$111,$-0,$210,$319,$36,$4,$-8,$-4,$-3,$0,$-1,$3,$13,$45,$-2,$0,$0,$0,$0,$0,$0,$-2,$0,$0,$0,$-4,$-4,$-9,$10,$-3,$40,$5,$-9
46,2007-03-31,105.82,$13.78,7.68,$19.10,5.54,$8.23,12.86,$3.82,27.7,$0.24B,$0.10B,2.54,$0.00B,$0.20B,0.0,$0.28B,$0.18B,65.70%,$0.28B,$0.08B,29.96%,$0.28B,$0.08B,29.96%,$0.28B,$0.09B,32.85%,$0.28B,$0.09B,31.77%,$0.28B,$0.06B,19.86%,$0.06B,$0.20B,31.47%,$0.06B,$0.20B,31.47%,$0.06B,$0.30B,20.37%,$0.08B,$0.20B,47.50%,$80,$26,$54,$0,$25,$51,$29,$1,$30,$12,$19,$19,$19,$31,$29,$14,14,$1.33,$1.30,$151,$0,$6,$244,$54,$0,$0,$1,$60,$304,$96,$0,$8,$8,$104,$0,$98,$-0,$200,$304,$19,$2,$-8,$-6,$-6,$0,$0,$4,$7,$19,$-4,$0,$0,$0,$0,$0,$0,$-4,$0,$0,$0,$3,$3,$-5,$9,$7,$23,$2,$-5
47,2006-12-31,89.55,$12.00,7.46,$18.18,4.93,$8.64,10.36,$3.62,24.74,$0.21B,$0.09B,2.33,$0.00B,$0.17B,0.0,$0.26B,$0.17B,65.53%,$0.26B,$0.08B,29.92%,$0.26B,$0.08B,29.92%,$0.26B,$0.09B,32.95%,$0.26B,$0.08B,31.82%,$0.26B,$0.05B,19.70%,$0.05B,$0.17B,31.85%,$0.05B,$0.17B,31.85%,$0.05B,$0.27B,20.45%,$0.08B,$0.17B,48.39%,$74,$25,$50,$0,$25,$50,$24,$1,$25,$9,$16,$16,$16,$26,$24,$14,14,$1.13,$1.10,$128,$0,$5,$214,$53,$0,$0,$1,$57,$271,$92,$0,$8,$8,$99,$0,$84,$-0,$172,$271,$52,$7,$-0,$7,$-25,$0,$5,$18,$3,$62,$-13,$0,$0,$-30,$0,$-30,$0,$-43,$0,$0,$0,$-28,$-28,$-15,$4,$-40,$-22,$7,$-15
