,Date,Stock Price,Book Value per Share,Price to Book Ratio,TTM Sales per Share,Price to Sales Ratio,TTM FCF per Share,Price to FCF Ratio,TTM Net EPS,PE Ratio,Current Assets,Current Liabilities,Current Ratio,Long Term Debt,Shareholder's Equity_x,Debt to Equity Ratio,TTM Revenue_x,TTM Gross Profit,Gross Margin,TTM Revenue_y,TTM Operating Income,Operating Margin,TTM Revenue_x,TTM EBIT,EBIT Margin,TTM Revenue_y,TTM EBITDA,EBITDA Margin,TTM Revenue_x,TTM Pre-Tax Income,Pre-Tax Margin,TTM Revenue_y,TTM Net Income_x,Net Margin,TTM Net Income_y,Shareholder's Equity_y,Return on Equity,TTM Net Income_x,Tangible Equity,Return on Tangible Equity,TTM Net Income_y,Total Assets,Return on Assets,TTM Net Income,LT Investments & Debt,Return on Investment,revenue,cost-goods-sold,gross-profit,research-development-expenses,selling-general-administrative-expenses,operating-expenses,operating-income,total-non-operating-income-expense,pre-tax-income,total-provision-income-taxes,income-after-taxes,income-from-continuous-operations,net-income,ebitda,ebit,basic-shares-outstanding,shares-outstanding,eps-basic-net-earnings-per-share,eps-earnings-per-share-diluted,cash-on-hand,inventory,other-current-assets,total-current-assets,net-property-plant-equipment,long-term-investments,goodwill-intangible-assets-total,other-long-term-assets,total-long-term-assets,total-assets,total-current-liabilities,long-term-debt,other-non-current-liabilities,total-long-term-liabilities,total-liabilities,common-stock-net,retained-earnings-accumulated-deficit,comprehensive-income,total-share-holder-equity,total-liabilities-share-holders-equity,net-income-loss,total-depreciation-amortization-cash-flow,other-non-cash-items,total-non-cash-items,change-in-accounts-receivable,change-in-inventories,change-in-accounts-payable,change-in-assets-liabilities,total-change-in-assets-liabilities,cash-flow-from-operating-activities,net-change-in-property-plant-equipment,net-change-in-intangible-assets,net-acquisitions-divestitures,net-change-in-short-term-investments,net-change-in-long-term-investments,net-change-in-investments-total,investing-activities-other,cash-flow-from-investing-activities,net-long-term-debt,net-current-debt,debt-issuance-retirement-net-total,net-common-equity-issued-repurchased,net-total-equity-issued-repurchased,total-common-preferred-stock-dividends-paid,financial-activities-other,cash-flow-from-financial-activities,net-cash-flow,stock-based-compensation,common-stock-dividends-paid
0,2018-07-31,1.25,$0.48,2.58,$1.16,1.08,$-0.19,0.0,$-0.11,0.0,$0.01B,$0.01B,0.67,$0.00B,$0.01B,0.38,$0.02B,$0.02B,65.22%,$0.02B,$-0.00B,-4.35%,$0.02B,$-0.00B,-4.35%,$0.02B,$0.00B,4.35%,$0.02B,$-0.00B,-13.04%,$0.02B,$-0.00B,-13.04%,$-0.00B,$0.01B,-29.27%,$-0.00B,$-0.01B,26.67%,$-0.00B,$0.04B,-8.28%,$-0.00B,$0.01B,-7.14%,$5,$2,$3,$1,$3,$7,$-1,$-0,$-2,$-0,$-2,$-2,$-2,$-1,$-1,$20,20,$-0.08,$-0.08,$3,$0,$0,$8,$1,$0,$21,$0,$28,$36,$12,$4,$1,$14,$26,$0,$-73,$0,$10,$36,$-2,$2,$1,$3,$0,$0,$0,$-2,$-0,$0,$-2,$0,$0,$0,$0,$0,$0,$-2,$-0,$0,$-0,$0,$0,$0,$-0,$-0,$-1,$0,$0
1,2018-04-30,1.44,$0.55,2.61,$1.20,1.2,$-0.23,0.0,$-0.09,0.0,$0.01B,$0.01B,0.85,$0.00B,$0.01B,0.34,$0.02B,$0.02B,62.50%,$0.02B,$-0.00B,-4.17%,$0.02B,$-0.00B,-4.17%,$0.02B,$0.00B,8.33%,$0.02B,$-0.00B,-8.33%,$0.02B,$-0.00B,-8.33%,$-0.00B,$0.01B,-20.00%,$-0.00B,$-0.01B,17.02%,$-0.00B,$0.04B,-5.48%,$-0.00B,$0.02B,-7.14%,$6,$2,$4,$1,$3,$7,$-0,$-0,$-1,$-0,$-1,$-1,$-1,$0,$-0,$20,20,$-0.03,$-0.03,$4,$0,$1,$9,$1,$0,$21,$1,$28,$37,$11,$4,$3,$15,$26,$0,$-71,$0,$11,$37,$-1,$1,$0,$1,$-0,$0,$1,$-2,$-1,$0,$-1,$0,$0,$0,$0,$0,$0,$-1,$-0,$0,$-0,$0,$0,$0,$-0,$-0,$-1,$0,$0
2,2018-01-31,1.78,$0.49,3.61,$1.18,1.5,$-0.29,0.0,$-0.16,0.0,$0.01B,$0.01B,0.84,$0.00B,$0.01B,0.4,$0.02B,$0.01B,58.33%,$0.02B,$-0.00B,-12.50%,$0.02B,$-0.00B,-12.50%,$0.02B,$0.00B,4.17%,$0.02B,$-0.00B,-12.50%,$0.02B,$-0.00B,-12.50%,$-0.00B,$0.01B,-30.77%,$-0.00B,$-0.01B,24.49%,$-0.00B,$0.04B,-8.16%,$-0.00B,$0.01B,-21.43%,$6,$2,$4,$1,$2,$6,$-0,$0,$-0,$-0,$0,$0,$0,$1,$-0,$20,20,$0.00,$0.00,$5,$0,$1,$10,$1,$0,$21,$1,$27,$37,$11,$4,$3,$16,$27,$0,$-72,$0,$10,$37,$-3,$4,$1,$6,$1,$0,$-1,$-1,$-1,$2,$-2,$0,$0,$0,$0,$0,$0,$-2,$-1,$0,$-1,$0,$0,$0,$-0,$-1,$-1,$1,$0
3,2017-10-31,1.7,$0.48,3.57,$1.20,1.41,$-0.38,0.0,$-0.21,0.0,$0.01B,$0.01B,0.75,$0.00B,$0.01B,0.42,$0.02B,$0.01B,54.17%,$0.02B,$-0.00B,-16.67%,$0.02B,$-0.00B,-16.67%,$0.02B,0,0.00%,$0.02B,$-0.00B,-16.67%,$0.02B,$-0.00B,-16.67%,$-0.00B,$0.01B,-39.02%,$-0.00B,$-0.01B,33.33%,$-0.00B,$0.04B,-10.53%,$-0.00B,$0.01B,-27.12%,$6,$2,$4,$1,$3,$6,$0,$-0,$0,$-0,$0,$0,$0,$1,$0,$20,23,$0.00,$0.00,$2,$0,$0,$7,$1,$0,$22,$1,$28,$35,$9,$4,$3,$16,$25,$0,$-72,$0,$10,$35,$-3,$3,$1,$5,$2,$0,$-0,$-5,$-3,$-1,$-1,$0,$0,$0,$0,$0,$0,$-1,$-0,$-1,$-1,$0,$0,$0,$-0,$-1,$-4,$1,$0
4,2017-07-31,1.06,$0.46,2.3,$1.26,0.84,$-0.42,0.0,$-0.31,0.0,$0.01B,$0.01B,0.76,$0.00B,$0.01B,0.45,$0.03B,$0.01B,48.00%,$0.03B,$-0.01B,-24.00%,$0.03B,$-0.01B,-24.00%,$0.03B,$-0.00B,-4.00%,$0.03B,$-0.01B,-24.00%,$0.03B,$-0.01B,-24.00%,$-0.01B,$0.01B,-55.81%,$-0.01B,$-0.01B,50.00%,$-0.01B,$0.04B,-15.29%,$-0.01B,$0.01B,-38.10%,$6,$3,$3,$1,$3,$7,$-1,$-0,$-1,$-0,$-1,$-1,$-1,$0,$-1,$20,20,$-0.06,$-0.06,$3,$0,$0,$9,$2,$0,$22,$1,$28,$37,$12,$4,$3,$16,$28,$0,$-72,$0,$9,$37,$-3,$2,$1,$3,$0,$0,$0,$-1,$-1,$-1,$-1,$0,$0,$0,$0,$0,$0,$-1,$-1,$0,$-1,$0,$0,$0,$-0,$-1,$-3,$1,$0
5,2017-04-30,1.42,$0.51,2.78,$1.34,1.06,$-0.37,0.0,$-0.31,0.0,$0.01B,$0.01B,0.81,$0.01B,$0.01B,0.47,$0.03B,$0.01B,53.85%,$0.03B,$-0.01B,-23.08%,$0.03B,$-0.01B,-23.08%,$0.03B,0,0.00%,$0.03B,$-0.01B,-23.08%,$0.03B,$-0.01B,-23.08%,$-0.01B,$0.01B,-50.00%,$-0.01B,$-0.01B,53.33%,$-0.01B,$0.04B,-14.63%,$-0.01B,$0.02B,-34.78%,$6,$3,$3,$2,$3,$8,$-2,$-0,$-2,$-0,$-2,$-2,$-2,$-1,$-2,$20,20,$-0.10,$-0.10,$4,$0,$0,$9,$2,$0,$22,$1,$29,$38,$11,$5,$3,$17,$28,$0,$-71,$0,$10,$38,$-2,$1,$0,$2,$1,$0,$-0,$-2,$-1,$-1,$-0,$0,$0,$0,$0,$0,$0,$-0,$-0,$0,$-0,$0,$0,$0,$-0,$-0,$-2,$0,$0
6,2017-01-31,1.47,$0.60,2.45,$1.39,1.06,$-0.44,0.0,$-0.31,0.0,$0.01B,$0.01B,0.94,$0.01B,$0.01B,0.41,$0.03B,$0.02B,55.56%,$0.03B,$-0.01B,-18.52%,$0.03B,$-0.01B,-18.52%,$0.03B,$0.00B,3.70%,$0.03B,$-0.01B,-18.52%,$0.03B,$-0.01B,-22.22%,$-0.01B,$0.01B,-45.28%,$-0.01B,$-0.01B,57.14%,$-0.01B,$0.04B,-14.04%,$-0.01B,$0.02B,-27.03%,$6,$3,$3,$2,$3,$7,$-1,$0,$-1,$-0,$-1,$-1,$-1,$0,$-1,$20,20,$-0.05,$-0.05,$6,$0,$0,$12,$2,$0,$23,$1,$30,$42,$13,$5,$3,$17,$30,$0,$-69,$0,$12,$42,$-5,$6,$2,$7,$-0,$0,$-0,$0,$-1,$1,$-2,$0,$1,$0,$0,$0,$0,$-2,$-3,$0,$-3,$0,$0,$0,$-0,$-3,$-4,$2,$0
7,2016-10-31,1.75,$0.63,2.78,$1.40,1.25,$-0.07,0.0,$-0.35,0.0,$0.01B,$0.01B,0.75,$0.01B,$0.01B,0.42,$0.03B,$0.02B,59.26%,$0.03B,$-0.01B,-18.52%,$0.03B,$-0.01B,-18.52%,$0.03B,$0.00B,3.70%,$0.03B,$-0.01B,-18.52%,$0.03B,$-0.01B,-25.93%,$-0.01B,$0.01B,-49.12%,$-0.01B,$-0.01B,71.79%,$-0.01B,$0.04B,-15.64%,$-0.01B,$0.02B,-24.69%,$7,$3,$3,$2,$3,$8,$-2,$-0,$-2,$-0,$-2,$-2,$-2,$-0,$-2,$20,20,$-0.10,$-0.10,$3,$0,$0,$8,$2,$0,$24,$1,$33,$40,$10,$5,$3,$18,$28,$0,$-68,$0,$12,$40,$-4,$4,$2,$6,$2,$0,$-0,$-4,$-3,$-1,$-2,$0,$-1,$0,$0,$0,$0,$-3,$-1,$-2,$-3,$0,$0,$0,$-0,$-3,$-7,$1,$0
8,2016-07-31,1.46,$0.71,2.05,$1.45,1.01,$0.29,5.12,$-0.29,0.0,$0.01B,$0.01B,1.0,$0.01B,$0.01B,0.39,$0.03B,$0.02B,62.96%,$0.03B,$-0.00B,-11.11%,$0.03B,$-0.00B,-11.11%,$0.03B,$0.00B,7.41%,$0.03B,$-0.00B,-11.11%,$0.03B,$-0.01B,-22.22%,$-0.01B,$0.01B,-38.71%,$-0.01B,$-0.01B,70.59%,$-0.01B,$0.04B,-12.70%,$-0.00B,$0.02B,-13.64%,$7,$2,$5,$2,$3,$8,$-1,$-0,$-1,$-0,$-1,$-1,$-1,$1,$-1,$20,20,$-0.06,$-0.06,$7,$0,$0,$12,$2,$0,$24,$1,$32,$44,$13,$5,$3,$18,$31,$0,$-66,$0,$14,$44,$-2,$3,$1,$4,$0,$0,$-0,$-1,$-1,$0,$-1,$0,$0,$0,$0,$0,$0,$-1,$-3,$0,$-3,$0,$0,$0,$-0,$-3,$-3,$1,$0
9,2016-04-30,1.47,$0.76,1.94,$1.54,0.96,$0.37,4.02,$-0.28,0.0,$0.01B,$0.01B,0.99,$0.01B,$0.02B,0.39,$0.03B,$0.02B,62.07%,$0.03B,$-0.00B,-6.90%,$0.03B,$-0.00B,-6.90%,$0.03B,$0.00B,6.90%,$0.03B,$-0.00B,-10.34%,$0.03B,$-0.01B,-20.69%,$-0.01B,$0.02B,-36.92%,$-0.01B,$-0.01B,75.00%,$-0.01B,$0.05B,-12.06%,$-0.00B,$0.02B,-8.42%,$7,$3,$4,$2,$4,$8,$-1,$-0,$-1,$-0,$-1,$-1,$-2,$0,$-1,$19,19,$-0.10,$-0.10,$7,$0,$0,$13,$2,$0,$24,$1,$33,$45,$13,$6,$3,$18,$31,$0,$-65,$0,$15,$45,$-1,$1,$1,$2,$0,$0,$-1,$-2,$-3,$-2,$-1,$0,$0,$0,$0,$0,$0,$-1,$-0,$0,$-0,$0,$0,$0,$-0,$-0,$-3,$0,$0
10,2016-01-31,1.66,$0.85,1.95,$1.52,1.09,$0.46,3.58,$-0.30,0.0,$0.02B,$0.01B,1.15,$0.01B,$0.02B,0.48,$0.03B,$0.02B,60.71%,$0.03B,$-0.01B,-17.86%,$0.03B,$-0.01B,-17.86%,$0.03B,0,0.00%,$0.03B,$-0.00B,-14.29%,$0.03B,$-0.01B,-21.43%,$-0.01B,$0.02B,-35.29%,$-0.01B,$-0.01B,77.42%,$-0.01B,$0.05B,-11.65%,$-0.01B,$0.02B,-19.61%,$6,$3,$4,$2,$3,$8,$-1,$0,$-1,$0,$-1,$-1,$-2,$-0,$-1,$19,19,$-0.09,$-0.09,$10,$0,$0,$16,$2,$0,$24,$1,$34,$50,$14,$8,$3,$20,$34,$0,$-64,$0,$16,$50,$-4,$6,$1,$7,$3,$0,$-1,$2,$3,$6,$-1,$0,$0,$0,$0,$0,$0,$-1,$-2,$0,$-2,$0,$0,$0,$0,$-2,$3,$2,$0
11,2015-10-31,1.95,$0.92,2.12,$1.54,1.27,$-0.14,0.0,$-0.49,0.0,$0.01B,$0.01B,1.24,$0.01B,$0.02B,0.47,$0.03B,$0.02B,55.17%,$0.03B,$-0.01B,-31.03%,$0.03B,$-0.01B,-31.03%,$0.03B,$-0.00B,-3.45%,$0.03B,$-0.01B,-31.03%,$0.03B,$-0.01B,-31.03%,$-0.01B,$0.02B,-50.70%,$-0.01B,$-0.01B,120.00%,$-0.01B,$0.05B,-16.98%,$-0.01B,$0.03B,-33.64%,$7,$3,$4,$2,$2,$8,$-0,$-0,$-0,$-0,$-0,$-0,$-1,$1,$-0,$19,19,$-0.04,$-0.04,$9,$0,$0,$14,$2,$0,$25,$1,$35,$50,$12,$8,$3,$21,$32,$0,$-62,$0,$17,$50,$-3,$4,$1,$5,$4,$0,$-2,$-0,$2,$4,$-0,$0,$0,$0,$0,$0,$0,$-0,$-2,$0,$-2,$0,$0,$0,$0,$-2,$2,$2,$0
12,2015-07-31,2.58,$0.93,2.78,$1.53,1.69,$-0.59,0.0,$-0.59,0.0,$0.02B,$0.02B,1.11,$0.01B,$0.02B,0.5,$0.03B,$0.02B,55.17%,$0.03B,$-0.01B,-41.38%,$0.03B,$-0.01B,-41.38%,$0.03B,$-0.00B,-10.34%,$0.03B,$-0.01B,-37.93%,$0.03B,$-0.01B,-37.93%,$-0.01B,$0.02B,-57.14%,$-0.01B,$-0.01B,162.96%,$-0.01B,$0.05B,-20.09%,$-0.01B,$0.03B,-42.48%,$9,$3,$6,$2,$4,$9,$-0,$-0,$-1,$-0,$-1,$-1,$-1,$1,$-0,$19,19,$-0.05,$-0.05,$6,$0,$0,$18,$3,$0,$25,$1,$37,$54,$16,$9,$3,$21,$37,$0,$-62,$0,$17,$54,$-2,$3,$0,$3,$-2,$0,$0,$2,$0,$1,$-0,$0,$0,$0,$0,$0,$0,$-0,$-1,$0,$-1,$0,$0,$0,$0,$-1,$-0,$1,$0
13,2015-04-30,2.26,$0.95,2.39,$1.46,1.54,$-0.98,0.0,$-0.68,0.0,$0.01B,$0.01B,1.1,$0.01B,$0.02B,0.55,$0.03B,$0.01B,51.85%,$0.03B,$-0.01B,-51.85%,$0.03B,$-0.01B,-51.85%,$0.03B,$-0.01B,-18.52%,$0.03B,$-0.01B,-44.44%,$0.03B,$-0.01B,-48.15%,$-0.01B,$0.02B,-61.18%,$-0.01B,$-0.01B,236.36%,$-0.01B,$0.05B,-22.91%,$-0.01B,$0.03B,-46.67%,$6,$3,$3,$2,$5,$10,$-4,$2,$-2,$0,$-2,$-2,$-2,$-2,$-4,$19,19,$-0.12,$-0.12,$5,$0,$0,$14,$3,$0,$25,$1,$38,$52,$13,$10,$3,$21,$34,$0,$-61,$0,$18,$52,$-2,$1,$-0,$1,$1,$0,$-1,$-0,$-0,$-1,$-0,$0,$0,$0,$0,$0,$0,$-0,$-0,$0,$-0,$0,$0,$0,$0,$-0,$-1,$1,$0
14,2015-01-31,4.02,$1.02,3.93,$1.52,2.65,$-1.18,0.0,$-0.72,0.0,$0.02B,$0.01B,1.15,$0.01B,$0.02B,0.53,$0.03B,$0.01B,50.00%,$0.03B,$-0.01B,-50.00%,$0.03B,$-0.01B,-50.00%,$0.03B,$-0.01B,-17.86%,$0.03B,$-0.01B,-46.43%,$0.03B,$-0.01B,-50.00%,$-0.01B,$0.02B,-59.57%,$-0.01B,$-0.01B,373.33%,$-0.01B,$0.06B,-23.63%,$-0.01B,$0.03B,-44.09%,$7,$3,$3,$3,$3,$12,$-5,$-1,$-6,$-1,$-5,$-5,$-5,$-1,$-5,$18,18,$-0.27,$-0.27,$7,$0,$0,$17,$3,$0,$26,$1,$39,$56,$14,$10,$5,$22,$37,$0,$-60,$0,$19,$56,$-12,$8,$0,$8,$2,$0,$1,$-1,$1,$-3,$-3,$0,$-6,$0,$0,$0,$0,$-9,$1,$-1,$0,$1,$1,$0,$-1,$0,$-11,$2,$0
15,2014-10-31,3.91,$1.27,3.09,$1.63,2.4,$-0.90,0.0,$-0.58,0.0,$0.02B,$0.01B,1.02,$0.01B,$0.02B,0.31,$0.03B,$0.01B,50.00%,$0.03B,$-0.01B,-50.00%,$0.03B,$-0.01B,-50.00%,$0.03B,$-0.01B,-25.00%,$0.03B,$-0.01B,-32.14%,$0.03B,$-0.01B,-39.29%,$-0.01B,$0.02B,-42.31%,$-0.01B,$-0.00B,1466.67%,$-0.01B,$0.06B,-17.81%,$-0.01B,$0.03B,-41.48%,$7,$3,$4,$2,$4,$10,$-3,$0,$-2,$0,$-2,$-2,$-3,$-1,$-3,$18,18,$-0.14,$-0.14,$6,$0,$0,$15,$3,$0,$28,$1,$42,$57,$14,$7,$4,$19,$33,$0,$-55,$0,$23,$57,$-7,$5,$-0,$4,$3,$0,$0,$-2,$1,$-2,$-2,$0,$-6,$0,$0,$0,$0,$-8,$-1,$-0,$-1,$0,$0,$0,$-0,$-1,$-12,$1,$0
16,2014-07-31,5.0,$1.37,3.64,$1.76,2.84,$-0.68,0.0,$-0.94,0.0,$0.02B,$0.02B,1.16,$0.01B,$0.03B,0.32,$0.03B,$0.01B,50.00%,$0.03B,$-0.01B,-42.86%,$0.03B,$-0.01B,-42.86%,$0.03B,$-0.01B,-21.43%,$0.03B,$-0.01B,-46.43%,$0.03B,$-0.02B,-53.57%,$-0.02B,$0.03B,-68.97%,$-0.02B,$-0.00B,333.33%,$-0.02B,$0.06B,-24.69%,$-0.01B,$0.03B,-43.64%,$7,$3,$4,$2,$4,$9,$-2,$-0,$-2,$-0,$-2,$-2,$-3,$-1,$-2,$18,18,$-0.14,$-0.14,$5,$0,$0,$19,$3,$0,$28,$1,$43,$62,$17,$8,$5,$21,$37,$0,$-53,$-0,$25,$62,$-5,$3,$-0,$3,$-1,$0,$1,$-1,$-2,$-4,$-2,$0,$-6,$0,$0,$0,$0,$-8,$-1,$0,$-1,$0,$0,$0,$-0,$-1,$-13,$1,$0
17,2014-04-30,5.0,$1.49,3.36,$2.05,2.44,$-0.51,0.0,$-0.87,0.0,$0.02B,$0.02B,1.28,$0.01B,$0.03B,0.27,$0.03B,$0.02B,53.33%,$0.03B,$-0.01B,-30.00%,$0.03B,$-0.01B,-30.00%,$0.03B,$-0.00B,-10.00%,$0.03B,$-0.01B,-40.00%,$0.03B,$-0.01B,-43.33%,$-0.01B,$0.03B,-71.23%,$-0.01B,$-0.00B,216.67%,$-0.01B,$0.06B,-22.13%,$-0.01B,$0.03B,-36.36%,$7,$4,$3,$2,$5,$11,$-4,$1,$-3,$0,$-3,$-3,$-3,$-2,$-4,$18,18,$-0.16,$-0.16,$7,$0,$0,$19,$1,$0,$28,$1,$42,$62,$15,$7,$5,$20,$35,$0,$-50,$-0,$27,$62,$-3,$1,$-1,$1,$1,$0,$-0,$-2,$-2,$-4,$-1,$0,$-6,$0,$0,$0,$0,$-7,$-0,$0,$-0,$0,$0,$0,$-0,$-0,$-11,$0,$0
18,2014-01-31,6.04,$1.62,3.72,$2.18,2.77,$-0.50,0.0,$-0.95,0.0,$0.03B,$0.02B,1.93,$0.01B,$0.03B,0.26,$0.03B,$0.02B,55.17%,$0.03B,$-0.01B,-20.69%,$0.03B,$-0.01B,-20.69%,$0.03B,$-0.00B,-3.45%,$0.03B,$-0.01B,-41.38%,$0.03B,$-0.01B,-44.83%,$-0.01B,$0.03B,-92.86%,$-0.01B,$0.01B,157.58%,$-0.01B,$0.07B,-23.21%,$-0.01B,$0.04B,-27.27%,$7,$4,$3,$3,$4,$11,$-5,$3,$-2,$-0,$-2,$-2,$-2,$-3,$-5,$14,14,$-0.13,$-0.13,$18,$0,$0,$30,$1,$0,$24,$1,$36,$66,$15,$8,$7,$21,$36,$0,$-48,$-0,$29,$66,$-12,$6,$6,$11,$1,$0,$0,$-1,$1,$0,$-1,$0,$-3,$0,$0,$0,$0,$-4,$-5,$0,$-5,$22,$22,$0,$-3,$14,$10,$2,$0
19,2013-10-31,8.15,$0.40,20.4,$2.29,3.57,$-0.70,0.0,$-1.44,0.0,$0.02B,$0.03B,0.51,$0.00B,$0.01B,0.0,$0.03B,$0.02B,55.17%,$0.03B,$-0.00B,-6.90%,$0.03B,$-0.00B,-6.90%,$0.03B,$0.00B,6.90%,$0.03B,$-0.02B,-58.62%,$0.03B,$-0.02B,-65.52%,$-0.02B,$0.01B,-190.00%,$-0.02B,$-0.02B,168.89%,$-0.02B,$0.05B,-35.68%,$-0.00B,$0.01B,-10.39%,$7,$3,$4,$1,$3,$8,$-1,$-5,$-6,$0,$-6,$-6,$-7,$0,$-1,$13,13,$-0.50,$-0.50,$4,$0,$0,$15,$1,$0,$24,$1,$38,$53,$29,$0,$10,$18,$47,$0,$-46,$0,$6,$53,$-10,$4,$8,$11,$3,$0,$0,$-3,$-1,$1,$-1,$0,$-3,$0,$0,$0,$0,$-4,$-1,$0,$-1,$1,$1,$0,$0,$0,$-3,$1,$0
20,2013-07-31,7.45,$0.82,9.1,$2.20,3.38,$-0.64,0.0,$-0.79,0.0,$0.02B,$0.02B,1.2,$0.01B,$0.01B,1.11,$0.03B,$0.02B,51.72%,$0.03B,$-0.00B,-3.45%,$0.03B,$-0.00B,-3.45%,$0.03B,$0.00B,10.34%,$0.03B,$-0.01B,-41.38%,$0.03B,$-0.01B,-34.48%,$-0.01B,$0.01B,-80.00%,$-0.01B,$-0.01B,133.33%,$-0.01B,$0.05B,-18.78%,$-0.00B,$0.02B,-3.85%,$9,$3,$6,$1,$3,$8,$1,$-2,$-1,$0,$-1,$-1,$-1,$2,$1,$13,13,$-0.07,$-0.07,$5,$0,$0,$20,$1,$0,$20,$0,$34,$54,$17,$12,$6,$27,$43,$0,$-39,$0,$11,$54,$-4,$3,$3,$5,$-2,$0,$0,$0,$-3,$-1,$-1,$0,$0,$0,$0,$0,$0,$-1,$-1,$0,$-1,$1,$1,$0,$0,$0,$-2,$1,$0
21,2013-04-30,6.26,$0.83,7.57,$1.97,3.18,$-0.31,0.0,$-0.76,0.0,$0.02B,$0.02B,1.09,$0.01B,$0.01B,1.16,$0.03B,$0.01B,48.00%,$0.03B,$-0.00B,-8.00%,$0.03B,$-0.00B,-8.00%,$0.03B,$0.00B,8.00%,$0.03B,$-0.01B,-44.00%,$0.03B,$-0.01B,-36.00%,$-0.01B,$0.01B,-70.59%,$-0.01B,$-0.01B,257.14%,$-0.01B,$0.05B,-19.57%,$-0.00B,$0.02B,-8.16%,$6,$3,$3,$1,$4,$8,$-1,$-1,$-3,$0,$-3,$-3,$-3,$-0,$-1,$13,13,$-0.24,$-0.24,$4,$0,$0,$17,$1,$0,$20,$0,$35,$51,$15,$12,$5,$26,$41,$0,$-39,$0,$10,$51,$-3,$1,$1,$2,$0,$0,$-1,$-1,$-2,$-3,$-1,$0,$0,$0,$0,$0,$0,$-1,$-0,$0,$-0,$0,$0,$0,$0,$-0,$-3,$0,$0
22,2013-01-31,5.43,$1.06,5.1,$1.98,2.74,$0.03,166.56,$-0.47,0.0,$0.02B,$0.02B,1.15,$0.01B,$0.01B,0.92,$0.02B,$0.01B,50.00%,$0.02B,0,0.00%,$0.02B,0,0.00%,$0.02B,$0.00B,16.67%,$0.02B,$-0.01B,-29.17%,$0.02B,$-0.01B,-25.00%,$-0.01B,$0.01B,-48.00%,$-0.01B,$-0.01B,2767011611056432640.00%,$-0.01B,$0.06B,-15.19%,$0.00B,$0.03B,0.00%,$7,$4,$3,$1,$3,$8,$-1,$-6,$-7,$1,$-8,$-8,$-8,$0,$-1,$12,12,$-0.67,$-0.64,$8,$0,$0,$20,$1,$0,$20,$0,$35,$55,$17,$12,$4,$24,$42,$0,$-36,$0,$13,$55,$-5,$4,$4,$8,$-3,$0,$1,$-1,$-3,$-0,$-3,$0,$-12,$0,$0,$0,$0,$-15,$10,$12,$22,$0,$0,$0,$-2,$20,$5,$1,$0
23,2012-10-31,5.72,$1.31,4.38,$1.86,3.08,$0.25,22.64,$0.16,35.75,$0.02B,$0.01B,1.28,$0.02B,$0.02B,1.01,$0.02B,$0.01B,50.00%,$0.02B,$0.00B,4.55%,$0.02B,$0.00B,4.55%,$0.02B,$0.01B,22.73%,$0.02B,0,0.00%,$0.02B,$0.00B,9.09%,$0.00B,$0.02B,17.78%,$0.00B,$-0.00B,72.73%,$0.00B,$0.05B,6.25%,$0.00B,$0.03B,5.00%,$7,$3,$3,$1,$3,$7,$-0,$-1,$-1,$-4,$2,$2,$2,$1,$-0,$12,15,$0.18,$0.15,$11,$0,$0,$16,$1,$0,$21,$0,$37,$53,$13,$17,$4,$24,$36,$0,$-28,$0,$16,$53,$2,$3,$-3,$0,$-1,$0,$-0,$0,$-0,$2,$-2,$0,$-12,$0,$0,$0,$0,$-14,$10,$12,$22,$0,$0,$0,$-2,$20,$8,$1,$0
24,2012-07-31,4.34,$0.95,4.56,$1.86,2.33,$0.07,61.91,$0.04,108.5,$0.01B,$0.01B,0.89,$0.00B,$0.01B,0.36,$0.02B,$0.01B,52.63%,$0.02B,$0.00B,5.26%,$0.02B,$0.00B,5.26%,$0.02B,$0.01B,26.32%,$0.02B,$0.00B,5.26%,$0.02B,0,0.00%,$0.00B,$0.01B,0.00%,$0.00B,$0.01B,0.00%,$0.00B,$0.03B,0.00%,$0.00B,$0.02B,7.14%,$5,$2,$3,$1,$2,$5,$-0,$-0,$-0,$0,$-0,$-0,$-0,$1,$-0,$11,11,$-0.04,$-0.04,$4,$0,$0,$8,$1,$0,$4,$1,$17,$25,$9,$4,$0,$4,$14,$0,$-30,$0,$12,$25,$0,$2,$0,$2,$2,$0,$-0,$-2,$1,$3,$-1,$0,$0,$0,$0,$0,$0,$-1,$0,$0,$0,$0,$0,$0,$0,$0,$2,$0,$0
25,2012-04-30,1.79,$0.83,2.15,$1.84,0.97,$-0.18,0.0,$0.08,22.31,$0.01B,$0.01B,1.07,$0.01B,$0.01B,0.82,$0.02B,$0.01B,50.00%,$0.02B,$0.00B,5.56%,$0.02B,$0.00B,5.56%,$0.02B,$0.01B,27.78%,$0.02B,$0.00B,5.56%,$0.02B,0,0.00%,$0.00B,$0.01B,0.00%,$0.00B,$0.00B,0.00%,$0.00B,$0.03B,0.00%,$0.00B,$0.02B,8.33%,$5,$3,$3,$0,$2,$5,$1,$-0,$1,$0,$0,$0,$0,$2,$1,$10,10,$0.05,$0.05,$3,$0,$0,$8,$1,$0,$4,$1,$17,$25,$8,$7,$1,$8,$16,$0,$-30,$0,$9,$25,$0,$1,$0,$1,$2,$0,$0,$-2,$0,$2,$-1,$0,$0,$0,$0,$0,$0,$-1,$0,$0,$0,$0,$0,$0,$0,$0,$1,$0,$0
26,2012-01-31,1.65,$0.77,2.15,$1.74,0.95,$-0.38,0.0,0,0.0,$0.01B,$0.01B,0.96,$0.01B,$0.01B,0.89,$0.02B,$0.01B,47.06%,$0.02B,0,0.00%,$0.02B,0,0.00%,$0.02B,$0.00B,17.65%,$0.02B,0,0.00%,$0.02B,0,0.00%,$0.00B,$0.01B,0.00%,$0.00B,$0.00B,0.00%,$0.00B,$0.03B,0.00%,$0.00B,$0.02B,0.00%,$5,$2,$2,$0,$2,$4,$0,$-0,$0,$0,$0,$0,$0,$1,$0,$10,10,$0.00,$0.00,$2,$0,$0,$8,$1,$0,$4,$1,$17,$25,$9,$7,$1,$8,$17,$0,$-30,$0,$8,$25,$0,$3,$1,$4,$-1,$0,$0,$1,$-1,$3,$-3,$0,$-2,$0,$0,$0,$0,$-5,$4,$-1,$3,$0,$0,$0,$-0,$3,$1,$1,$0
27,2011-10-31,1.5,$0.72,2.09,$1.80,0.83,$-0.36,0.0,$-0.19,0.0,$0.00B,$0.01B,0.76,$0.00B,$0.01B,0.24,$0.02B,$0.01B,41.18%,$0.02B,$-0.00B,-5.88%,$0.02B,$-0.00B,-5.88%,$0.02B,$0.00B,11.76%,$0.02B,$-0.00B,-5.88%,$0.02B,$-0.00B,-11.76%,$-0.00B,$0.01B,-28.57%,$-0.00B,$0.01B,-28.57%,$-0.00B,$0.02B,-13.33%,$-0.00B,$0.01B,-12.12%,$4,$2,$2,$0,$1,$4,$0,$-0,$0,$0,$0,$0,$0,$1,$0,$10,10,$0.03,$0.03,$0,$0,$0,$4,$1,$0,$0,$1,$10,$15,$6,$2,$0,$2,$7,$0,$-30,$0,$7,$15,$0,$2,$1,$3,$0,$0,$0,$-2,$-2,$1,$-2,$0,$0,$0,$0,$0,$0,$-2,$0,$0,$0,$0,$0,$0,$0,$0,$-1,$1,$0
28,2011-07-31,1.99,$0.68,2.94,$1.83,1.09,$-0.39,0.0,$-0.21,0.0,$0.01B,$0.01B,0.68,$0.00B,$0.01B,0.18,$0.02B,$0.01B,41.18%,$0.02B,$-0.00B,-5.88%,$0.02B,$-0.00B,-5.88%,$0.02B,$0.00B,11.76%,$0.02B,$-0.00B,-5.88%,$0.02B,$-0.00B,-11.76%,$-0.00B,$0.01B,-27.59%,$-0.00B,$0.01B,-27.59%,$-0.00B,$0.02B,-12.90%,$-0.00B,$0.01B,-12.50%,$4,$2,$2,$0,$2,$4,$0,$-0,$-0,$0,$-0,$-0,$-0,$1,$0,$10,10,$0.00,$0.00,$1,$0,$0,$5,$1,$0,$0,$1,$10,$15,$7,$1,$0,$1,$8,$0,$-31,$0,$7,$15,$-0,$1,$0,$2,$1,$0,$0,$-1,$-1,$1,$-2,$0,$0,$0,$0,$0,$0,$-2,$-0,$0,$-0,$0,$0,$0,$0,$0,$-1,$0,$0
29,2011-04-30,1.84,$0.66,2.79,$1.91,0.97,$-0.46,0.0,$-0.22,0.0,$0.00B,$0.01B,0.65,$0.00B,$0.01B,0.23,$0.02B,$0.01B,38.89%,$0.02B,$-0.00B,-5.56%,$0.02B,$-0.00B,-5.56%,$0.02B,$0.00B,11.11%,$0.02B,$-0.00B,-5.56%,$0.02B,$-0.00B,-11.11%,$-0.00B,$0.01B,-26.67%,$-0.00B,$0.01B,-26.67%,$-0.00B,$0.01B,-12.50%,$-0.00B,$0.01B,-11.76%,$4,$2,$2,$0,$2,$4,$-0,$-0,$-0,$0,$-0,$-0,$-0,$0,$-0,$10,10,$-0.03,$-0.03,$0,$0,$0,$4,$1,$0,$0,$1,$10,$14,$6,$2,$0,$2,$8,$0,$-31,$0,$7,$14,$-0,$1,$0,$1,$1,$0,$0,$-1,$-1,$-0,$-1,$0,$0,$0,$0,$0,$0,$-1,$-0,$0,$0,$0,$0,$0,$0,$0,$-1,$0,$0
30,2011-01-31,1.86,$0.67,2.78,$1.85,1.0,$-0.43,0.0,$-0.32,0.0,$0.01B,$0.01B,0.73,$0.00B,$0.01B,0.18,$0.02B,$0.01B,33.33%,$0.02B,$-0.00B,-11.11%,$0.02B,$-0.00B,-11.11%,$0.02B,$0.00B,11.11%,$0.02B,$-0.00B,-11.11%,$0.02B,$-0.00B,-16.67%,$-0.00B,$0.01B,-38.71%,$-0.00B,$0.01B,-38.71%,$-0.00B,$0.02B,-18.18%,$-0.00B,$0.01B,-22.22%,$5,$4,$1,$0,$2,$6,$-1,$-0,$-1,$1,$-2,$-2,$-2,$-0,$-1,$10,10,$-0.18,$-0.18,$1,$0,$0,$6,$2,$0,$0,$1,$10,$16,$8,$1,$0,$1,$9,$0,$-30,$0,$7,$16,$-3,$3,$2,$6,$-0,$0,$-0,$1,$1,$3,$-3,$0,$0,$0,$0,$0,$0,$-3,$-0,$0,$0,$0,$0,$0,$0,$0,$0,$1,$0
31,2010-10-31,1.27,$0.83,1.53,$2.00,0.64,$-0.68,0.0,$0.04,31.75,$0.01B,$0.01B,0.62,$0.00B,$0.01B,0.0,$0.02B,$0.01B,47.37%,$0.02B,$0.00B,5.26%,$0.02B,$0.00B,5.26%,$0.02B,$0.00B,21.05%,$0.02B,$0.00B,5.26%,$0.02B,$0.00B,5.26%,$0.00B,$0.01B,12.12%,$0.00B,$0.01B,12.12%,$0.00B,$0.02B,5.88%,$0.00B,$0.01B,10.53%,$4,$3,$2,$0,$1,$4,$0,$-0,$0,$0,$0,$0,$0,$1,$0,$10,10,$0.01,$0.01,$1,$0,$0,$5,$2,$0,$0,$2,$12,$17,$9,$0,$0,$0,$9,$0,$-29,$0,$8,$17,$-1,$3,$0,$3,$-0,$0,$0,$-1,$-1,$1,$-2,$0,$0,$0,$0,$0,$0,$-2,$-0,$2,$1,$0,$0,$0,$0,$1,$-0,$0,$0
32,2010-07-31,1.24,$0.80,1.54,$1.96,0.63,$-0.87,0.0,$0.00,0.0,$0.01B,$0.01B,0.8,$0.00B,$0.01B,0.27,$0.02B,$0.01B,47.37%,$0.02B,$0.00B,5.26%,$0.02B,$0.00B,5.26%,$0.02B,$0.00B,15.79%,$0.02B,$0.00B,5.26%,$0.02B,$0.00B,5.26%,$0.00B,$0.01B,12.50%,$0.00B,$0.01B,12.50%,$0.00B,$0.02B,5.97%,$0.00B,$0.01B,10.26%,$5,$3,$2,$1,$2,$5,$-0,$-0,$-0,$0,$-0,$-0,$-0,$1,$-0,$10,10,$-0.01,$-0.01,$1,$0,$0,$6,$2,$0,$0,$2,$12,$17,$7,$2,$0,$2,$9,$0,$-29,$0,$8,$17,$-1,$2,$0,$2,$-0,$0,$0,$-0,$-1,$-0,$-2,$0,$0,$0,$0,$0,$0,$-2,$-0,$1,$1,$0,$0,$0,$0,$1,$-0,$0,$0
33,2010-04-30,1.93,$0.80,2.41,$1.91,1.01,$-0.88,0.0,$0.01,193.0,$0.01B,$0.01B,0.75,$0.00B,$0.01B,0.24,$0.02B,$0.01B,50.00%,$0.02B,$0.00B,5.56%,$0.02B,$0.00B,5.56%,$0.02B,$0.00B,16.67%,$0.02B,$0.00B,5.56%,$0.02B,$0.00B,5.56%,$0.00B,$0.01B,12.90%,$0.00B,$0.01B,12.90%,$0.00B,$0.02B,6.06%,$0.00B,$0.01B,10.81%,$4,$3,$1,$0,$2,$5,$-1,$0,$-1,$0,$-1,$-1,$-1,$-0,$-1,$9,9,$-0.13,$-0.13,$1,$0,$0,$5,$2,$0,$0,$2,$12,$16,$6,$2,$0,$2,$9,$0,$-29,$0,$8,$16,$-1,$1,$0,$1,$1,$0,$-0,$-1,$0,$0,$-1,$0,$0,$0,$0,$0,$-0,$-1,$0,$1,$1,$0,$0,$0,$0,$1,$0,$0,$0
34,2010-01-31,2.21,$0.93,2.39,$1.93,1.15,$-1.00,0.0,$0.14,15.79,$0.01B,$0.01B,0.82,$0.00B,$0.01B,0.12,$0.02B,$0.01B,55.56%,$0.02B,$0.00B,11.11%,$0.02B,$0.00B,11.11%,$0.02B,$0.00B,22.22%,$0.02B,$0.00B,11.11%,$0.02B,$0.00B,11.11%,$0.00B,$0.01B,26.67%,$0.00B,$0.01B,26.67%,$0.00B,$0.02B,12.31%,$0.00B,$0.01B,22.86%,$6,$3,$4,$0,$1,$5,$2,$-0,$2,$0,$2,$2,$2,$2,$2,$9,10,$0.17,$0.17,$1,$0,$0,$6,$2,$0,$0,$2,$12,$18,$7,$1,$0,$2,$9,$0,$-28,$0,$9,$18,$1,$3,$0,$3,$-1,$0,$0,$-2,$-2,$2,$-4,$0,$0,$0,$0,$0,$-0,$-4,$0,$0,$0,$0,$0,$0,$0,$0,$-2,$0,$0
35,2009-10-31,2.35,$0.75,3.13,$1.63,1.44,$-0.75,0.0,$-0.05,0.0,$0.01B,$0.01B,0.8,$0.00B,$0.01B,0.27,$0.02B,$0.01B,46.67%,$0.02B,0,0.00%,$0.02B,0,0.00%,$0.02B,$0.00B,13.33%,$0.02B,0,0.00%,$0.02B,0,0.00%,$0.00B,$0.01B,0.00%,$0.00B,$0.01B,0.00%,$0.00B,$0.02B,0.00%,$0.00B,$0.01B,0.00%,$4,$2,$2,$0,$2,$4,$-0,$-0,$-0,$0,$-0,$-0,$-0,$0,$-0,$9,9,$-0.03,$-0.03,$1,$0,$0,$5,$1,$0,$0,$2,$11,$16,$6,$2,$0,$3,$9,$0,$-29,$0,$7,$16,$-0,$2,$0,$2,$0,$0,$0,$-2,$-2,$-0,$-3,$0,$0,$0,$0,$0,$0,$-3,$0,$1,$1,$0,$0,$0,$0,$1,$-2,$0,$0
36,2009-07-31,2.79,$0.77,3.61,$1.67,1.67,$-0.69,0.0,$-0.02,0.0,$0.01B,$0.01B,0.77,$0.00B,$0.01B,0.11,$0.02B,$0.01B,46.67%,$0.02B,0,0.00%,$0.02B,0,0.00%,$0.02B,$0.00B,20.00%,$0.02B,0,0.00%,$0.02B,0,0.00%,$0.00B,$0.01B,0.00%,$0.00B,$0.01B,0.00%,$0.00B,$0.02B,0.00%,$0.00B,$0.01B,0.00%,$4,$2,$2,$0,$1,$4,$-0,$0,$-0,$0,$-0,$-0,$-0,$1,$-0,$9,9,$0.00,$0.00,$2,$0,$0,$6,$2,$0,$0,$2,$11,$16,$7,$1,$0,$2,$9,$0,$-29,$0,$7,$16,$-0,$1,$0,$1,$0,$0,$0,$-1,$-1,$1,$-2,$0,$0,$0,$0,$0,$0,$-2,$0,$0,$0,$0,$0,$0,$0,$0,$-2,$0,$0
37,2009-04-30,2.21,$0.77,2.88,$1.76,1.26,$-0.71,0.0,$-0.07,0.0,$0.01B,$0.01B,0.82,$0.00B,$0.01B,0.11,$0.02B,$0.01B,43.75%,$0.02B,0,0.00%,$0.02B,0,0.00%,$0.02B,$0.00B,12.50%,$0.02B,0,0.00%,$0.02B,0,0.00%,$0.00B,$0.01B,0.00%,$0.00B,$0.01B,0.00%,$0.00B,$0.02B,0.00%,$0.00B,$0.01B,0.00%,$4,$2,$2,$0,$1,$4,$0,$-0,$0,$0,$0,$0,$0,$1,$0,$9,9,$0.00,$0.00,$1,$0,$0,$5,$2,$0,$0,$2,$10,$15,$6,$1,$0,$2,$8,$0,$-29,$0,$7,$15,$0,$1,$0,$1,$0,$0,$0,$-2,$-2,$-1,$-1,$0,$0,$0,$0,$0,$-0,$-1,$0,$0,$0,$0,$0,$0,$0,$0,$-2,$0,$0
38,2009-01-31,1.76,$0.76,2.32,$1.75,1.0,$-0.60,0.0,$-0.16,0.0,$0.01B,$0.01B,0.9,$0.00B,$0.01B,0.11,$0.02B,$0.01B,43.75%,$0.02B,$-0.00B,-6.25%,$0.02B,$-0.00B,-6.25%,$0.02B,$0.00B,6.25%,$0.02B,$-0.00B,-6.25%,$0.02B,$-0.00B,-6.25%,$-0.00B,$0.01B,-14.29%,$-0.00B,$0.01B,-14.29%,$-0.00B,$0.02B,-6.45%,$-0.00B,$0.01B,-13.79%,$3,$2,$1,$0,$1,$4,$-0,$-0,$-0,$-0,$-0,$-0,$-0,$0,$-0,$9,9,$-0.01,$-0.01,$3,$0,$0,$7,$2,$0,$0,$2,$10,$17,$7,$1,$0,$2,$10,$0,$-29,$0,$7,$17,$-1,$2,$1,$3,$3,$0,$-1,$2,$3,$5,$-4,$0,$0,$0,$0,$0,$-0,$-5,$0,$1,$1,$0,$0,$0,$0,$1,$1,$0,$0
39,2008-10-31,2.42,$0.77,3.15,$2.01,1.2,$-0.61,0.0,$-0.06,0.0,$0.01B,$0.01B,0.75,$0.00B,$0.01B,0.0,$0.02B,$0.01B,47.37%,$0.02B,0,0.00%,$0.02B,0,0.00%,$0.02B,$0.00B,10.53%,$0.02B,0,0.00%,$0.02B,0,0.00%,$0.00B,$0.01B,0.00%,$0.00B,$0.01B,0.00%,$0.00B,$0.02B,0.00%,$0.00B,$0.01B,0.00%,$4,$2,$2,$0,$2,$4,$0,$-0,$0,$0,$0,$0,$0,$1,$0,$9,9,$0.00,$0.00,$1,$0,$0,$7,$2,$0,$0,$2,$10,$17,$9,$0,$0,$0,$9,$0,$-29,$0,$7,$17,$-1,$2,$0,$2,$1,$0,$0,$-1,$-1,$0,$-3,$0,$0,$0,$0,$0,$-0,$-3,$0,$2,$2,$0,$0,$0,$0,$2,$-1,$0,$0
40,2008-07-31,2.02,$0.76,2.65,$1.96,1.03,$-0.47,0.0,$-0.06,0.0,$0.01B,$0.01B,0.8,$0.00B,$0.01B,0.0,$0.02B,$0.01B,47.37%,$0.02B,0,0.00%,$0.02B,0,0.00%,$0.02B,$0.00B,10.53%,$0.02B,0,0.00%,$0.02B,0,0.00%,$0.00B,$0.01B,0.00%,$0.00B,$0.01B,0.00%,$0.00B,$0.01B,0.00%,$0.00B,$0.01B,0.00%,$5,$2,$2,$1,$2,$5,$-0,$0,$-0,$0,$-0,$-0,$-0,$0,$-0,$9,9,$-0.05,$-0.05,$0,$0,$0,$5,$2,$0,$0,$2,$9,$14,$7,$0,$0,$0,$7,$0,$-29,$0,$7,$14,$-1,$1,$0,$1,$1,$0,$0,$-1,$-0,$0,$-2,$0,$0,$0,$0,$0,$-0,$-2,$0,$0,$0,$0,$0,$0,$0,$0,$-2,$0,$0
41,2008-04-30,2.21,$0.80,2.76,$1.78,1.24,$-0.45,0.0,$-0.13,0.0,$0.01B,$0.01B,0.85,$0.00B,$0.01B,0.0,$0.02B,$0.01B,47.06%,$0.02B,$-0.00B,-5.88%,$0.02B,$-0.00B,-5.88%,$0.02B,$0.00B,11.76%,$0.02B,$-0.00B,-5.88%,$0.02B,$-0.00B,-5.88%,$-0.00B,$0.01B,-13.79%,$-0.00B,$0.01B,-13.79%,$-0.00B,$0.01B,-7.27%,$-0.00B,$0.01B,-13.79%,$4,$2,$2,$1,$2,$4,$-1,$0,$-1,$0,$-1,$-1,$-1,$-0,$-1,$9,9,$-0.09,$-0.09,$1,$0,$0,$6,$2,$0,$0,$2,$9,$14,$7,$0,$0,$0,$7,$0,$-28,$0,$7,$14,$-1,$1,$0,$1,$1,$0,$0,$-1,$0,$0,$-1,$0,$0,$0,$0,$0,$-0,$-1,$0,$0,$0,$0,$0,$0,$0,$0,$-1,$0,$0
42,2008-01-31,2.65,$0.88,3.0,$1.80,1.47,$-0.52,0.0,$-0.09,0.0,$0.01B,$0.01B,1.03,$0.00B,$0.01B,0.0,$0.02B,$0.01B,47.06%,$0.02B,0,0.00%,$0.02B,0,0.00%,$0.02B,$0.00B,11.76%,$0.02B,0,0.00%,$0.02B,0,0.00%,$0.00B,$0.01B,0.00%,$0.00B,$0.01B,0.00%,$0.00B,$0.02B,0.00%,$0.00B,$0.01B,0.00%,$6,$2,$3,$1,$2,$5,$1,$-0,$1,$0,$1,$1,$1,$1,$1,$9,9,$0.09,$0.09,$2,$0,$0,$8,$1,$0,$0,$2,$8,$16,$8,$0,$0,$0,$8,$0,$-27,$0,$8,$16,$-1,$2,$0,$2,$-0,$0,$1,$1,$2,$3,$-3,$0,$0,$0,$0,$0,$-0,$-3,$-1,$0,$-1,$0,$0,$0,$0,$-1,$-1,$0,$0
43,2007-10-31,2.94,$0.00,0.0,$1.58,1.86,$-0.54,0.0,$-0.14,0.0,$0.01B,$0.01B,1.03,$0.00B,$0.01B,0.0,$0.02B,$0.01B,46.67%,$0.02B,$-0.00B,-6.67%,$0.02B,$-0.00B,-6.67%,$0.02B,$0.00B,13.33%,$0.02B,$-0.00B,-6.67%,$0.02B,$-0.00B,-6.67%,$-0.00B,$0.01B,-12.90%,$-0.00B,$0.01B,-12.90%,$-0.00B,$0.01B,-7.55%,$-0.00B,$0.01B,-12.50%,$4,$2,$2,$1,$2,$4,$0,$-0,$0,$0,$0,$0,$0,$1,$0,$9,9,$0.00,$0.00,$1,$0,$0,$5,$2,$0,$0,$1,$7,$13,$5,$0,$0,$0,$5,$0,$-28,$0,$7,$13,$-2,$2,$0,$2,$1,$0,$0,$-1,$0,$1,$-2,$0,$0,$0,$0,$0,$-0,$-2,$-0,$-1,$-1,$0,$0,$0,$0,$-1,$-3,$0,$0
44,2007-07-31,3.8,$0.79,4.81,$1.55,2.45,$-0.58,0.0,$-0.18,0.0,$0.01B,$0.00B,1.03,$0.00B,$0.01B,0.0,$0.02B,$0.01B,46.67%,$0.02B,$-0.00B,-6.67%,$0.02B,$-0.00B,-6.67%,$0.02B,$0.00B,6.67%,$0.02B,$-0.00B,-6.67%,$0.02B,$-0.00B,-6.67%,$-0.00B,$0.01B,-12.50%,$-0.00B,$0.01B,-12.50%,$-0.00B,$0.01B,-7.41%,$-0.00B,$0.01B,-12.12%,$3,$2,$1,$1,$1,$4,$-1,$-0,$-1,$0,$-1,$-1,$-1,$-0,$-1,$9,9,$-0.12,$-0.12,$1,$0,$0,$5,$1,$0,$0,$1,$7,$12,$4,$0,$0,$0,$5,$0,$-28,$0,$7,$12,$-2,$1,$0,$1,$1,$0,$0,$-1,$-0,$-0,$-1,$0,$0,$0,$0,$0,$-0,$-1,$-1,$0,$-1,$0,$0,$0,$0,$-1,$-3,$0,$0
45,2007-04-30,4.72,$0.90,5.26,$1.68,2.81,$-0.58,0.0,$-0.04,0.0,$0.01B,$0.00B,1.27,$0.00B,$0.01B,0.0,$0.02B,$0.01B,52.94%,$0.02B,0,0.00%,$0.02B,0,0.00%,$0.02B,$0.00B,11.76%,$0.02B,0,0.00%,$0.02B,0,0.00%,$0.00B,$0.01B,0.00%,$0.00B,$0.01B,0.00%,$0.00B,$0.01B,0.00%,$0.00B,$0.01B,0.00%,$4,$2,$2,$1,$1,$4,$-0,$0,$-0,$0,$-0,$-0,$-0,$0,$-0,$9,9,$-0.05,$-0.05,$1,$0,$0,$5,$2,$0,$0,$1,$7,$13,$4,$0,$0,$0,$4,$0,$-27,$0,$8,$13,$-0,$1,$0,$1,$0,$0,$0,$-1,$-1,$-1,$-1,$0,$0,$0,$0,$0,$-0,$-1,$-1,$0,$-1,$0,$0,$0,$0,$-1,$-3,$0,$0
46,2007-01-31,5.64,$0.94,6.01,$1.69,3.34,$-0.56,0.0,0,0.0,$0.01B,$0.01B,1.51,$0.00B,$0.01B,0.12,$0.02B,$0.01B,52.94%,$0.02B,0,0.00%,$0.02B,0,0.00%,$0.02B,$0.00B,11.76%,$0.02B,0,0.00%,$0.02B,0,0.00%,$0.00B,$0.01B,0.00%,$0.00B,$0.01B,0.00%,$0.00B,$0.02B,0.00%,$0.00B,$0.01B,0.00%,$4,$2,$2,$0,$1,$4,$0,$-0,$0,$0,$0,$0,$0,$1,$0,$9,10,$0.04,$0.04,$3,$0,$0,$8,$2,$0,$0,$1,$7,$15,$5,$1,$0,$1,$7,$0,$-27,$0,$9,$15,$0,$2,$0,$2,$1,$0,$-0,$1,$0,$3,$-3,$0,$0,$0,$0,$0,$-0,$-3,$-2,$1,$-1,$0,$0,$0,$0,$-1,$-1,$0,$0
47,2006-10-31,5.13,$0.90,5.68,$1.93,2.66,$-0.49,0.0,$0.26,19.73,$0.01B,$0.01B,1.35,$0.00B,$0.01B,0.01,$0.02B,$0.01B,57.89%,$0.02B,$0.00B,10.53%,$0.02B,$0.00B,10.53%,$0.02B,$0.00B,15.79%,$0.02B,$0.00B,10.53%,$0.02B,$0.00B,15.79%,$0.00B,$0.01B,36.36%,$0.00B,$0.01B,36.36%,$0.00B,$0.01B,19.67%,$0.00B,$0.01B,22.86%,$4,$2,$2,$1,$1,$4,$-0,$-0,$-0,$0,$-0,$-0,$-0,$0,$-0,$9,9,$-0.04,$-0.04,$2,$0,$0,$7,$2,$0,$0,$1,$7,$14,$5,$0,$0,$0,$6,$0,$-27,$0,$8,$14,$-0,$1,$0,$2,$0,$0,$0,$-0,$-2,$-0,$-2,$0,$0,$0,$0,$0,$-0,$-2,$-1,$0,$-1,$0,$0,$0,$0,$-1,$-3,$0,$0
