,Date,Stock Price,Book Value per Share,Price to Book Ratio,TTM Sales per Share,Price to Sales Ratio,TTM FCF per Share,Price to FCF Ratio,TTM Net EPS,PE Ratio,Current Assets,Current Liabilities,Current Ratio,Long Term Debt,Shareholder's Equity_x,Debt to Equity Ratio,TTM Revenue_x,TTM Gross Profit,Gross Margin,TTM Revenue_y,TTM Operating Income,Operating Margin,TTM Revenue_x,TTM EBIT,EBIT Margin,TTM Revenue_y,TTM EBITDA,EBITDA Margin,TTM Revenue_x,TTM Pre-Tax Income,Pre-Tax Margin,TTM Revenue_y,TTM Net Income_x,Net Margin,TTM Net Income_y,Shareholder's Equity_y,Return on Equity,TTM Net Income_x,Tangible Equity,Return on Tangible Equity,TTM Net Income_y,Total Assets,Return on Assets,TTM Net Income,LT Investments & Debt,Return on Investment,revenue,cost-goods-sold,gross-profit,research-development-expenses,selling-general-administrative-expenses,operating-expenses,operating-income,total-non-operating-income-expense,pre-tax-income,total-provision-income-taxes,income-after-taxes,income-from-continuous-operations,net-income,ebitda,ebit,basic-shares-outstanding,shares-outstanding,eps-basic-net-earnings-per-share,eps-earnings-per-share-diluted,cash-on-hand,inventory,other-current-assets,total-current-assets,net-property-plant-equipment,long-term-investments,goodwill-intangible-assets-total,other-long-term-assets,total-long-term-assets,total-assets,total-current-liabilities,long-term-debt,other-non-current-liabilities,total-long-term-liabilities,total-liabilities,common-stock-net,retained-earnings-accumulated-deficit,comprehensive-income,total-share-holder-equity,total-liabilities-share-holders-equity,net-income-loss,total-depreciation-amortization-cash-flow,other-non-cash-items,total-non-cash-items,change-in-accounts-receivable,change-in-inventories,change-in-accounts-payable,change-in-assets-liabilities,total-change-in-assets-liabilities,cash-flow-from-operating-activities,net-change-in-property-plant-equipment,net-change-in-intangible-assets,net-acquisitions-divestitures,net-change-in-short-term-investments,net-change-in-long-term-investments,net-change-in-investments-total,investing-activities-other,cash-flow-from-investing-activities,net-long-term-debt,net-current-debt,debt-issuance-retirement-net-total,net-common-equity-issued-repurchased,net-total-equity-issued-repurchased,total-common-preferred-stock-dividends-paid,financial-activities-other,cash-flow-from-financial-activities,net-cash-flow,stock-based-compensation,common-stock-dividends-paid
0,2018-09-30,35.65,$51.17,0.7,$122.37,0.29,$-11.41,0.0,$3.58,9.96,$0.16B,$0.07B,2.15,$0.05B,$0.19B,0.26,$0.45B,$0.06B,12.33%,$0.45B,$0.01B,2.86%,$0.45B,$0.01B,2.86%,$0.45B,$0.03B,6.39%,$0.45B,$0.02B,3.96%,$0.45B,$0.01B,2.86%,$0.01B,$0.19B,7.12%,$0.01B,$0.19B,7.12%,$0.01B,$0.31B,4.28%,$0.01B,$0.24B,5.63%,$117,$102,$15,$0,$11,$113,$4,$0,$4,$-0,$4,$4,$3,$8,$4,$4,4,$0.95,$0.93,$10,$46,$20,$156,$118,$22,$0,$18,$157,$313,$72,$49,$2,$53,$125,$0,$239,$-33,$188,$313,$4,$4,$-1,$3,$-4,$0,$0,$3,$0,$8,$-4,$0,$0,$0,$0,$0,$0,$-4,$0,$0,$0,$0,$0,$-1,$0,$-1,$2,$0,$-1
1,2018-06-30,30.55,$50.41,0.61,$118.64,0.26,$-14.40,0.0,$3.32,9.2,$0.15B,$0.07B,2.2,$0.05B,$0.18B,0.28,$0.44B,$0.05B,12.30%,$0.44B,$0.01B,2.73%,$0.44B,$0.01B,2.73%,$0.44B,$0.03B,6.38%,$0.44B,$0.02B,4.10%,$0.44B,$0.01B,2.73%,$0.01B,$0.18B,6.70%,$0.01B,$0.18B,6.70%,$0.01B,$0.31B,4.04%,$0.01B,$0.23B,5.33%,$117,$104,$13,$0,$10,$114,$3,$2,$5,$0,$5,$5,$4,$7,$3,$4,4,$1.10,$1.07,$8,$47,$23,$151,$117,$22,$0,$17,$156,$307,$69,$51,$2,$55,$124,$0,$236,$-33,$183,$307,$16,$15,$-2,$13,$-10,$-11,$0,$-4,$-21,$7,$-24,$0,$0,$0,$-0,$-0,$0,$-24,$0,$21,$21,$0,$0,$-5,$0,$16,$-0,$1,$-5
2,2018-03-31,36.8,$50.41,0.73,$116.66,0.32,$-13.55,0.0,$2.73,13.48,$0.15B,$0.07B,2.06,$0.05B,$0.18B,0.26,$0.43B,$0.06B,13.02%,$0.43B,$0.01B,2.79%,$0.43B,$0.01B,2.79%,$0.43B,$0.03B,6.28%,$0.43B,$0.02B,3.72%,$0.43B,$0.01B,2.33%,$0.01B,$0.18B,5.67%,$0.01B,$0.18B,5.67%,$0.01B,$0.31B,3.47%,$0.01B,$0.23B,5.52%,$117,$102,$15,$0,$11,$112,$4,$0,$5,$1,$4,$4,$3,$8,$4,$4,4,$0.82,$0.80,$7,$43,$27,$148,$119,$21,$0,$18,$159,$307,$72,$48,$3,$52,$124,$0,$233,$-31,$183,$307,$11,$11,$-3,$7,$-5,$-8,$0,$-8,$-15,$4,$-19,$0,$0,$0,$-0,$-0,$0,$-19,$0,$18,$18,$0,$0,$-4,$0,$14,$-1,$1,$-4
3,2017-12-31,43.2,$48.39,0.89,$115.04,0.38,$-13.27,0.0,$2.88,15.0,$0.14B,$0.06B,2.16,$0.05B,$0.18B,0.26,$0.42B,$0.06B,13.95%,$0.42B,$0.01B,3.31%,$0.42B,$0.01B,3.31%,$0.42B,$0.03B,6.62%,$0.42B,$0.02B,4.26%,$0.42B,$0.01B,2.36%,$0.01B,$0.18B,5.82%,$0.01B,$0.18B,5.82%,$0.01B,$0.29B,3.60%,$0.01B,$0.22B,6.76%,$103,$91,$13,$0,$10,$101,$2,$1,$4,$-0,$4,$4,$3,$6,$2,$4,4,$0.79,$0.78,$8,$42,$23,$135,$116,$20,$0,$17,$154,$289,$62,$46,$4,$50,$113,$0,$230,$-34,$176,$289,$7,$7,$-3,$4,$4,$-7,$0,$-5,$-10,$1,$-14,$0,$0,$0,$0,$0,$0,$-14,$0,$16,$16,$0,$0,$-3,$0,$13,$0,$1,$-3
4,2017-09-30,40.42,$48.08,0.84,$114.25,0.35,$-11.41,0.0,$2.21,18.29,$0.13B,$0.07B,2.02,$0.04B,$0.17B,0.23,$0.42B,$0.06B,14.32%,$0.42B,$0.01B,3.34%,$0.42B,$0.01B,3.34%,$0.42B,$0.03B,6.44%,$0.42B,$0.02B,4.06%,$0.42B,$0.01B,1.67%,$0.01B,$0.17B,4.20%,$0.01B,$0.17B,4.20%,$0.01B,$0.28B,2.64%,$0.01B,$0.21B,7.15%,$102,$89,$13,$0,$10,$99,$3,$1,$4,$1,$3,$3,$2,$7,$3,$4,4,$0.68,$0.67,$8,$39,$22,$134,$115,$18,$0,$17,$150,$284,$66,$40,$2,$43,$109,$0,$228,$-32,$174,$284,$3,$3,$-0,$3,$1,$-4,$0,$-2,$-6,$0,$-8,$0,$0,$0,$0,$0,$0,$-8,$0,$10,$10,$0,$0,$-3,$0,$8,$0,$0,$-3
5,2017-06-30,34.86,$48.02,0.73,$113.79,0.31,$-10.11,0.0,$1.96,17.78,$0.13B,$0.07B,1.9,$0.03B,$0.17B,0.17,$0.42B,$0.06B,14.87%,$0.42B,$0.02B,3.60%,$0.42B,$0.02B,3.60%,$0.42B,$0.03B,6.24%,$0.42B,$0.02B,3.84%,$0.42B,$0.01B,1.68%,$0.01B,$0.17B,4.31%,$0.01B,$0.17B,4.31%,$0.01B,$0.27B,2.72%,$0.02B,$0.20B,8.00%,$108,$94,$15,$0,$12,$105,$3,$0,$3,$0,$3,$3,$2,$6,$3,$4,4,$0.50,$0.48,$8,$35,$18,$129,$112,$17,$0,$16,$145,$274,$68,$30,$2,$33,$101,$0,$226,$-33,$173,$274,$12,$11,$-0,$11,$-2,$3,$0,$-7,$-0,$23,$-37,$0,$0,$0,$-0,$-0,$-2,$-40,$0,$10,$10,$0,$0,$-4,$3,$9,$-7,$2,$-4
6,2017-03-31,27.26,$45.73,0.6,$114.17,0.24,$-10.53,0.0,$1.64,16.62,$0.13B,$0.07B,1.87,$0.03B,$0.16B,0.16,$0.42B,$0.06B,15.11%,$0.42B,$0.02B,4.08%,$0.42B,$0.02B,4.08%,$0.42B,$0.03B,6.71%,$0.42B,$0.02B,3.60%,$0.42B,$0.01B,1.44%,$0.01B,$0.16B,3.80%,$0.01B,$0.16B,3.80%,$0.01B,$0.26B,2.40%,$0.02B,$0.19B,9.42%,$110,$92,$18,$0,$12,$104,$6,$1,$7,$2,$5,$5,$3,$9,$6,$4,4,$0.97,$0.95,$5,$38,$17,$131,$103,$15,$0,$10,$133,$263,$70,$26,$2,$29,$99,$0,$225,$-38,$164,$263,$9,$8,$-2,$7,$-7,$0,$0,$-5,$-3,$12,$-27,$0,$0,$0,$-0,$-0,$-2,$-29,$0,$6,$6,$0,$0,$-3,$3,$6,$-10,$1,$-3
7,2016-12-31,39.34,$43.33,0.91,$110.27,0.36,$-8.20,0.0,$1.21,32.51,$0.12B,$0.06B,1.99,$0.02B,$0.16B,0.13,$0.40B,$0.06B,14.96%,$0.40B,$0.02B,3.74%,$0.40B,$0.02B,3.74%,$0.40B,$0.03B,6.23%,$0.40B,$0.01B,2.99%,$0.40B,$0.01B,1.25%,$0.01B,$0.16B,3.18%,$0.01B,$0.16B,3.18%,$0.01B,$0.24B,2.04%,$0.02B,$0.18B,8.44%,$99,$85,$14,$0,$11,$96,$2,$1,$3,$1,$2,$2,$0,$5,$2,$4,4,$0.11,$0.11,$8,$39,$15,$122,$91,$15,$0,$9,$119,$241,$61,$20,$3,$24,$85,$0,$222,$-41,$156,$241,$4,$6,$-0,$5,$4,$-0,$0,$-3,$1,$10,$-16,$0,$0,$0,$-0,$-0,$-1,$-18,$0,$0,$0,$0,$0,$-3,$3,$0,$-7,$1,$-3
8,2016-09-30,34.34,$43.74,0.79,$111.58,0.31,$-7.82,0.0,$2.04,16.83,$0.14B,$0.07B,2.07,$0.02B,$0.16B,0.15,$0.41B,$0.07B,16.05%,$0.41B,$0.02B,4.94%,$0.41B,$0.02B,4.94%,$0.41B,$0.03B,7.41%,$0.41B,$0.02B,4.20%,$0.41B,$0.01B,1.98%,$0.01B,$0.16B,5.07%,$0.01B,$0.16B,5.07%,$0.01B,$0.25B,3.25%,$0.02B,$0.18B,11.38%,$100,$85,$15,$0,$11,$97,$4,$-0,$3,$1,$2,$2,$2,$6,$4,$4,4,$0.43,$0.42,$17,$39,$15,$139,$87,$14,$0,$6,$113,$252,$67,$24,$2,$28,$95,$0,$222,$-39,$157,$252,$2,$3,$1,$3,$-4,$-0,$0,$-2,$-1,$5,$-7,$0,$0,$0,$0,$0,$-1,$-8,$0,$4,$4,$0,$0,$-2,$3,$5,$2,$0,$-2
9,2016-06-30,39.52,$43.33,0.91,$110.88,0.36,$-7.12,0.0,$2.52,15.68,$0.13B,$0.06B,2.09,$0.02B,$0.16B,0.13,$0.40B,$0.07B,16.42%,$0.40B,$0.02B,5.47%,$0.40B,$0.02B,5.47%,$0.40B,$0.03B,7.96%,$0.40B,$0.02B,4.98%,$0.40B,$0.01B,2.24%,$0.01B,$0.16B,5.74%,$0.01B,$0.16B,5.74%,$0.01B,$0.24B,3.72%,$0.02B,$0.18B,12.92%,$108,$92,$16,$0,$11,$103,$5,$-3,$2,$0,$2,$2,$1,$8,$5,$4,4,$0.15,$0.16,$15,$39,$13,$134,$85,$14,$0,$3,$108,$242,$64,$20,$2,$23,$88,$0,$221,$-38,$155,$242,$14,$10,$5,$15,$-5,$-4,$0,$-9,$-21,$8,$-23,$0,$0,$0,$-2,$-2,$-0,$-25,$0,$10,$10,$0,$0,$-3,$0,$7,$-10,$2,$-3
10,2016-03-31,55.47,$45.04,1.23,$108.27,0.51,$-1.43,0.0,$2.69,20.62,$0.14B,$0.06B,2.34,$0.02B,$0.16B,0.11,$0.39B,$0.06B,15.31%,$0.39B,$0.02B,4.85%,$0.39B,$0.02B,4.85%,$0.39B,$0.03B,7.40%,$0.39B,$0.02B,5.10%,$0.39B,$0.01B,2.30%,$0.01B,$0.16B,5.77%,$0.01B,$0.16B,5.77%,$0.01B,$0.25B,3.76%,$0.02B,$0.18B,11.38%,$94,$80,$15,$0,$11,$90,$4,$0,$4,$1,$3,$3,$2,$6,$4,$4,4,$0.53,$0.52,$23,$42,$20,$140,$77,$15,$0,$15,$107,$247,$60,$18,$2,$27,$87,$0,$221,$-30,$161,$247,$12,$8,$1,$8,$3,$-7,$0,$-3,$-12,$8,$-14,$0,$0,$0,$-2,$-2,$-0,$-16,$0,$8,$8,$0,$0,$-3,$1,$6,$-3,$1,$-3
11,2015-12-31,54.47,$44.26,1.23,$106.93,0.51,$0.72,75.35,$3.37,16.16,$0.14B,$0.07B,2.12,$0.01B,$0.16B,0.06,$0.39B,$0.06B,15.76%,$0.39B,$0.02B,5.43%,$0.39B,$0.02B,5.43%,$0.39B,$0.03B,8.01%,$0.39B,$0.02B,5.68%,$0.39B,$0.01B,2.84%,$0.01B,$0.16B,7.13%,$0.01B,$0.16B,7.13%,$0.01B,$0.24B,4.66%,$0.02B,$0.17B,12.84%,$103,$84,$19,$0,$11,$95,$7,$0,$8,$3,$5,$5,$3,$10,$7,$4,4,$0.95,$0.93,$18,$45,$20,$143,$74,$15,$0,$11,$100,$244,$68,$10,$2,$18,$86,$0,$219,$-29,$158,$244,$9,$5,$1,$6,$-2,$-10,$0,$-0,$-12,$3,$-8,$0,$0,$0,$-0,$-0,$-0,$-8,$0,$0,$0,$0,$0,$-3,$1,$-2,$-8,$1,$-3
12,2015-09-30,60.68,$42.86,1.42,$106.88,0.57,$2.27,26.73,$4.01,15.13,$0.14B,$0.07B,2.04,$0.01B,$0.15B,0.04,$0.39B,$0.06B,15.54%,$0.39B,$0.02B,5.70%,$0.39B,$0.02B,5.70%,$0.39B,$0.03B,8.03%,$0.39B,$0.02B,6.22%,$0.39B,$0.01B,3.63%,$0.01B,$0.15B,9.21%,$0.01B,$0.15B,9.21%,$0.01B,$0.24B,6.04%,$0.02B,$0.16B,13.77%,$97,$80,$16,$0,$11,$91,$6,$-0,$6,$2,$4,$4,$3,$8,$6,$4,4,$0.92,$0.90,$20,$42,$18,$137,$72,$15,$0,$11,$97,$235,$67,$7,$2,$15,$82,$0,$216,$-29,$153,$235,$4,$2,$1,$3,$2,$-7,$0,$1,$-3,$4,$-4,$0,$0,$0,$0,$0,$-0,$-4,$0,$-4,$-4,$0,$0,$-2,$0,$-5,$-6,$0,$-2
13,2015-06-30,65.97,$43.21,1.53,$114.22,0.58,$2.86,23.05,$5.66,11.66,$0.13B,$0.07B,1.99,$0.01B,$0.15B,0.07,$0.41B,$0.07B,17.52%,$0.41B,$0.03B,7.54%,$0.41B,$0.03B,7.54%,$0.41B,$0.04B,9.73%,$0.41B,$0.03B,8.27%,$0.41B,$0.02B,4.87%,$0.02B,$0.15B,13.36%,$0.02B,$0.15B,13.36%,$0.02B,$0.23B,8.63%,$0.03B,$0.16B,19.75%,$98,$88,$10,$0,$8,$96,$2,$-0,$2,$0,$2,$2,$1,$5,$2,$4,4,$0.32,$0.33,$26,$35,$8,$129,$71,$15,$0,$11,$102,$231,$65,$10,$2,$14,$78,$0,$213,$-27,$152,$231,$25,$9,$-4,$5,$9,$-4,$0,$-1,$2,$31,$-26,$0,$0,$0,$-4,$-4,$-0,$-31,$0,$8,$8,$1,$1,$-3,$0,$6,$6,$1,$-3
14,2015-03-31,70.79,$43.67,1.62,$115.96,0.61,$1.03,69.01,$6.91,10.24,$0.14B,$0.06B,2.33,$0.01B,$0.15B,0.07,$0.42B,$0.08B,19.76%,$0.42B,$0.04B,9.40%,$0.42B,$0.04B,9.40%,$0.42B,$0.05B,11.33%,$0.42B,$0.04B,10.12%,$0.42B,$0.03B,6.02%,$0.03B,$0.15B,17.18%,$0.03B,$0.15B,17.18%,$0.03B,$0.23B,11.00%,$0.04B,$0.17B,25.87%,$89,$73,$16,$0,$10,$83,$6,$1,$6,$1,$5,$5,$4,$8,$6,$4,4,$1.23,$1.20,$28,$36,$15,$141,$70,$11,$0,$13,$94,$234,$60,$11,$2,$20,$81,$0,$213,$-23,$154,$234,$23,$6,$-2,$5,$6,$-5,$0,$2,$-4,$24,$-22,$0,$0,$0,$-0,$-0,$-0,$-22,$0,$9,$9,$0,$0,$-2,$1,$7,$8,$1,$-2
15,2014-12-31,79.03,$42.40,1.86,$115.44,0.68,$0.48,164.75,$6.71,11.78,$0.14B,$0.06B,2.12,$0.00B,$0.15B,0.02,$0.41B,$0.08B,19.71%,$0.41B,$0.04B,9.25%,$0.41B,$0.04B,9.25%,$0.41B,$0.05B,11.19%,$0.41B,$0.04B,10.22%,$0.41B,$0.03B,6.08%,$0.03B,$0.15B,18.02%,$0.03B,$0.15B,18.02%,$0.03B,$0.23B,11.53%,$0.04B,$0.15B,26.90%,$102,$84,$18,$0,$10,$94,$8,$2,$10,$3,$7,$7,$6,$10,$8,$4,4,$1.62,$1.58,$20,$39,$16,$136,$67,$11,$0,$13,$91,$227,$64,$4,$3,$14,$78,$0,$209,$-23,$149,$227,$17,$4,$-2,$2,$7,$-8,$0,$0,$-2,$18,$-17,$0,$0,$0,$-0,$-0,$-0,$-18,$0,$1,$1,$1,$1,$-2,$0,$-0,$0,$1,$-2
16,2014-09-30,77.76,$41.08,1.89,$110.57,0.7,$0.37,207.46,$6.22,12.5,$0.15B,$0.08B,1.99,$0.00B,$0.14B,0.03,$0.39B,$0.08B,20.26%,$0.39B,$0.04B,9.49%,$0.39B,$0.04B,9.49%,$0.39B,$0.05B,11.54%,$0.39B,$0.04B,10.00%,$0.39B,$0.02B,5.90%,$0.02B,$0.14B,17.46%,$0.02B,$0.14B,17.46%,$0.02B,$0.24B,11.22%,$0.04B,$0.15B,27.77%,$122,$94,$28,$0,$13,$107,$15,$1,$16,$6,$10,$10,$9,$17,$15,$3,4,$2.63,$2.55,$23,$32,$18,$151,$61,$10,$0,$12,$83,$235,$76,$4,$3,$14,$90,$0,$203,$-21,$144,$235,$10,$2,$-1,$2,$-11,$-2,$0,$-1,$-3,$9,$-7,$0,$0,$0,$0,$0,$-0,$-7,$0,$2,$2,$0,$0,$-1,$0,$1,$3,$0,$-1
17,2014-06-30,61.56,$38.71,1.59,$99.56,0.62,$-2.28,0.0,$4.58,13.44,$0.14B,$0.07B,2.08,$0.00B,$0.14B,0.02,$0.35B,$0.07B,18.97%,$0.35B,$0.03B,7.76%,$0.35B,$0.03B,7.76%,$0.35B,$0.04B,10.06%,$0.35B,$0.03B,8.33%,$0.35B,$0.02B,4.89%,$0.02B,$0.14B,13.65%,$0.02B,$0.14B,13.65%,$0.02B,$0.21B,8.96%,$0.03B,$0.14B,21.60%,$102,$82,$20,$0,$11,$92,$10,$0,$10,$3,$6,$6,$6,$12,$10,$3,4,$1.63,$1.59,$20,$31,$11,$136,$56,$10,$0,$12,$77,$213,$65,$3,$4,$13,$78,$0,$194,$-20,$135,$213,$19,$8,$2,$10,$-21,$-6,$0,$-6,$-18,$12,$-13,$0,$0,$0,$0,$0,$-0,$-13,$0,$0,$0,$3,$3,$-3,$0,$1,$-1,$1,$-3
18,2014-03-31,68.84,$36.58,1.88,$94.32,0.73,$-0.98,0.0,$3.92,17.56,$0.12B,$0.06B,2.06,$0.00B,$0.13B,0.0,$0.33B,$0.06B,18.71%,$0.33B,$0.02B,6.75%,$0.33B,$0.02B,6.75%,$0.33B,$0.03B,9.20%,$0.33B,$0.03B,7.67%,$0.33B,$0.01B,4.29%,$0.01B,$0.13B,11.79%,$0.01B,$0.13B,11.79%,$0.01B,$0.19B,7.82%,$0.02B,$0.13B,18.53%,$85,$70,$15,$0,$10,$80,$5,$0,$6,$1,$4,$4,$4,$7,$5,$3,4,$1.03,$1.00,$20,$29,$16,$120,$54,$10,$0,$8,$72,$192,$58,$0,$3,$7,$65,$0,$189,$-21,$127,$192,$13,$6,$-0,$6,$-7,$-4,$0,$-5,$-10,$9,$-9,$0,$0,$0,$0,$0,$-0,$-10,$0,$0,$0,$2,$2,$-2,$0,$1,$0,$1,$-2
19,2013-12-31,42.51,$35.30,1.2,$92.22,0.46,$-0.91,0.0,$3.24,13.12,$0.11B,$0.05B,2.11,$0.00B,$0.12B,0.0,$0.32B,$0.06B,18.67%,$0.32B,$0.02B,6.33%,$0.32B,$0.02B,6.33%,$0.32B,$0.03B,8.86%,$0.32B,$0.02B,6.65%,$0.32B,$0.01B,3.48%,$0.01B,$0.12B,9.84%,$0.01B,$0.12B,9.84%,$0.01B,$0.18B,6.35%,$0.02B,$0.12B,17.90%,$81,$66,$16,$0,$9,$75,$7,$0,$7,$2,$5,$5,$4,$9,$7,$3,3,$1.11,$1.09,$20,$30,$15,$110,$54,$10,$0,$7,$70,$180,$52,$0,$3,$7,$59,$0,$186,$-21,$121,$180,$9,$4,$0,$4,$3,$-6,$0,$-4,$-6,$7,$-6,$0,$0,$0,$0,$0,$0,$-6,$0,$1,$1,$1,$1,$-2,$0,$-0,$0,$1,$-2
20,2013-09-30,36.4,$33.86,1.08,$90.39,0.4,$-0.75,0.0,$2.85,12.77,$0.11B,$0.05B,2.05,$0.00B,$0.12B,0.0,$0.31B,$0.06B,17.92%,$0.31B,$0.02B,5.54%,$0.31B,$0.02B,5.54%,$0.31B,$0.03B,8.14%,$0.31B,$0.02B,5.86%,$0.31B,$0.01B,2.93%,$0.01B,$0.12B,8.61%,$0.01B,$0.12B,8.61%,$0.01B,$0.17B,5.28%,$0.02B,$0.12B,16.27%,$80,$65,$15,$0,$9,$75,$5,$1,$6,$2,$4,$4,$3,$7,$5,$3,3,$0.93,$0.91,$13,$27,$15,$107,$52,$9,$0,$5,$67,$174,$52,$0,$3,$7,$59,$0,$182,$-22,$115,$174,$4,$2,$-0,$2,$-5,$-3,$0,$-3,$-10,$-4,$-3,$0,$0,$0,$0,$0,$0,$-3,$0,$1,$1,$0,$0,$-1,$0,$-1,$-8,$0,$-1
21,2013-06-30,35.36,$33.18,1.07,$88.59,0.4,$0.98,36.02,$2.72,13.0,$0.11B,$0.05B,2.1,$0.00B,$0.11B,0.0,$0.30B,$0.05B,18.12%,$0.30B,$0.02B,5.70%,$0.30B,$0.02B,5.70%,$0.30B,$0.02B,8.05%,$0.30B,$0.02B,5.70%,$0.30B,$0.01B,3.02%,$0.01B,$0.11B,9.16%,$0.01B,$0.11B,9.16%,$0.01B,$0.17B,5.31%,$0.02B,$0.11B,17.30%,$80,$66,$15,$0,$9,$75,$5,$1,$6,$2,$4,$4,$3,$7,$5,$3,3,$0.95,$0.92,$20,$24,$10,$106,$51,$9,$0,$2,$63,$170,$51,$0,$3,$7,$58,$0,$180,$-22,$112,$170,$12,$7,$7,$15,$-3,$-3,$0,$3,$-11,$16,$-12,$0,$0,$0,$-1,$-1,$0,$-13,$0,$2,$2,$1,$1,$-3,$0,$1,$3,$1,$-3
22,2013-03-31,26.91,$29.63,0.91,$87.71,0.31,$1.13,23.73,$2.77,9.71,$0.11B,$0.05B,2.0,$0.00B,$0.10B,0.0,$0.29B,$0.05B,18.03%,$0.29B,$0.02B,5.78%,$0.29B,$0.02B,5.78%,$0.29B,$0.02B,8.16%,$0.29B,$0.02B,5.44%,$0.29B,$0.01B,3.06%,$0.01B,$0.10B,9.78%,$0.01B,$0.10B,9.78%,$0.01B,$0.17B,5.34%,$0.02B,$0.10B,18.48%,$75,$61,$13,$0,$8,$72,$3,$-1,$2,$1,$1,$1,$1,$5,$3,$3,3,$0.32,$0.32,$16,$26,$13,$105,$49,$8,$0,$0,$64,$169,$53,$0,$15,$18,$70,$0,$176,$-30,$99,$169,$8,$5,$4,$10,$-5,$-5,$0,$7,$-9,$8,$-8,$0,$0,$0,$-0,$-0,$0,$-8,$0,$2,$2,$0,$0,$-3,$0,$-1,$-1,$1,$-3
23,2012-12-31,24.43,$27.81,0.88,$86.86,0.28,$1.16,21.15,$3.27,7.47,$0.10B,$0.06B,1.84,$0.00B,$0.09B,0.0,$0.29B,$0.05B,18.28%,$0.29B,$0.02B,6.21%,$0.29B,$0.02B,6.21%,$0.29B,$0.03B,8.62%,$0.29B,$0.02B,6.55%,$0.29B,$0.01B,3.79%,$0.01B,$0.09B,12.05%,$0.01B,$0.09B,12.05%,$0.01B,$0.17B,6.67%,$0.02B,$0.09B,19.73%,$72,$60,$12,$0,$8,$68,$4,$0,$4,$1,$3,$3,$2,$6,$4,$3,3,$0.71,$0.70,$19,$27,$16,$102,$48,$8,$0,$0,$67,$169,$55,$0,$18,$21,$77,$0,$175,$-35,$92,$169,$6,$4,$1,$4,$4,$-5,$0,$2,$-4,$6,$-5,$0,$0,$0,$-0,$-0,$0,$-5,$0,$2,$2,$0,$0,$-2,$0,$1,$1,$0,$-2
24,2012-09-30,19.86,$27.18,0.73,$85.11,0.23,$0.58,34.37,$3.04,6.53,$0.10B,$0.06B,1.8,$0.00B,$0.09B,0.0,$0.28B,$0.05B,18.31%,$0.28B,$0.02B,5.99%,$0.28B,$0.02B,5.99%,$0.28B,$0.02B,8.45%,$0.28B,$0.02B,6.69%,$0.28B,$0.01B,3.87%,$0.01B,$0.09B,12.09%,$0.01B,$0.09B,12.09%,$0.01B,$0.17B,6.92%,$0.02B,$0.09B,18.68%,$71,$57,$14,$0,$9,$66,$5,$-0,$5,$1,$3,$3,$3,$6,$5,$3,3,$0.79,$0.78,$16,$25,$17,$104,$48,$8,$0,$1,$66,$170,$58,$0,$19,$22,$80,$0,$174,$-35,$90,$170,$3,$2,$0,$2,$-0,$-4,$0,$1,$-4,$2,$-3,$0,$0,$0,$-0,$-0,$0,$-3,$0,$2,$2,$0,$0,$-1,$0,$0,$-1,$0,$-1
25,2012-06-30,19.57,$26.45,0.74,$83.86,0.23,$-0.24,0.0,$2.65,7.39,$0.10B,$0.06B,1.78,$0.00B,$0.09B,0.0,$0.28B,$0.05B,17.92%,$0.28B,$0.02B,5.38%,$0.28B,$0.02B,5.38%,$0.28B,$0.02B,8.24%,$0.28B,$0.02B,5.73%,$0.28B,$0.01B,3.23%,$0.01B,$0.09B,9.92%,$0.01B,$0.09B,9.92%,$0.01B,$0.17B,5.86%,$0.02B,$0.09B,16.53%,$76,$62,$14,$0,$9,$71,$5,$-0,$5,$1,$4,$4,$3,$7,$5,$3,3,$0.97,$0.96,$17,$21,$13,$101,$46,$8,$0,$1,$65,$166,$57,$0,$18,$22,$79,$0,$172,$-36,$87,$166,$12,$7,$1,$8,$-5,$1,$0,$-2,$-3,$17,$-14,$0,$0,$0,$-0,$-0,$0,$-14,$0,$-2,$-2,$0,$0,$-2,$0,$-4,$0,$1,$-2
26,2012-03-31,21.66,$29.21,0.74,$83.25,0.26,$-1.67,0.0,$2.49,8.7,$0.10B,$0.05B,1.83,$0.00B,$0.10B,0.0,$0.28B,$0.05B,17.69%,$0.28B,$-0.01B,-4.33%,$0.28B,$-0.01B,-4.33%,$0.28B,$-0.00B,-1.44%,$0.28B,$0.02B,5.42%,$0.28B,$0.01B,3.25%,$0.01B,$0.10B,9.84%,$0.01B,$0.10B,9.84%,$0.01B,$0.16B,6.04%,$-0.01B,$0.10B,-13.11%,$71,$58,$13,$0,$9,$66,$4,$1,$5,$1,$4,$4,$3,$6,$4,$3,3,$0.83,$0.82,$16,$23,$17,$98,$44,$9,$0,$1,$58,$155,$53,$0,$3,$5,$59,$0,$169,$-23,$96,$155,$8,$5,$1,$6,$-2,$-1,$0,$-3,$-4,$10,$-10,$0,$0,$0,$-0,$-0,$0,$-10,$0,$-1,$-1,$0,$0,$-1,$0,$-2,$-2,$1,$-1
27,2011-12-31,18.39,$0.00,0.0,$81.73,0.22,$-3.55,0.0,$1.69,10.88,$0.09B,$0.05B,1.9,$0.00B,$0.09B,0.0,$0.27B,$0.05B,16.54%,$0.27B,$-0.02B,-5.51%,$0.27B,$-0.02B,-5.51%,$0.27B,$-0.01B,-2.57%,$0.27B,$0.01B,4.04%,$0.27B,$0.01B,2.21%,$0.01B,$0.09B,6.90%,$0.01B,$0.09B,6.90%,$0.01B,$0.15B,4.05%,$-0.02B,$0.09B,-17.24%,$66,$55,$11,$0,$8,$63,$3,$0,$4,$1,$2,$2,$2,$5,$3,$3,3,$0.47,$0.47,$15,$23,$17,$89,$145,$9,$0,$1,$159,$145,$47,$0,$6,$6,$53,$0,$166,$0,$91,$145,$4,$3,$1,$4,$4,$-1,$0,$-2,$-3,$5,$-6,$0,$0,$0,$-0,$-0,$0,$-6,$0,$-1,$-1,$0,$0,$-1,$0,$-1,$-2,$0,$-1
28,2011-09-30,22.1,$0.00,0.0,$80.32,0.28,$-3.60,0.0,$1.59,13.9,$0.09B,$0.05B,1.83,$0.00B,$0.09B,0.0,$0.27B,$0.04B,16.48%,$0.27B,$-0.02B,-5.99%,$0.27B,$-0.02B,-5.99%,$0.27B,$-0.01B,-3.37%,$0.27B,$0.01B,3.37%,$0.27B,$0.01B,1.87%,$0.01B,$0.09B,6.01%,$0.01B,$0.09B,6.01%,$0.01B,$0.15B,3.38%,$-0.02B,$0.09B,-19.22%,$66,$55,$12,$0,$8,$63,$3,$-1,$2,$0,$2,$2,$1,$5,$3,$3,3,$0.39,$0.39,$13,$24,$15,$94,$143,$9,$0,$1,$156,$148,$51,$0,$8,$8,$59,$0,$165,$0,$89,$148,$2,$2,$1,$3,$-2,$-2,$0,$-1,$-5,$-0,$-3,$0,$0,$0,$0,$0,$0,$-3,$0,$-0,$-0,$0,$0,$-0,$0,$-1,$-4,$0,$-0
29,2011-06-30,19.31,$27.38,0.71,$78.51,0.25,$-3.71,0.0,$1.63,11.85,$0.09B,$0.05B,1.85,$0.00B,$0.09B,0.0,$0.26B,$0.04B,16.09%,$0.26B,$-0.02B,-6.51%,$0.26B,$-0.02B,-6.51%,$0.26B,$-0.01B,-3.83%,$0.26B,$0.01B,3.83%,$0.26B,$0.01B,1.92%,$0.01B,$0.09B,6.29%,$0.01B,$0.09B,6.29%,$0.01B,$0.15B,3.40%,$-0.02B,$0.09B,-21.38%,$74,$61,$13,$9,$25,$96,$-22,$1,$4,$1,$3,$3,$3,$-20,$-22,$3,3,$0.82,$0.81,$17,$22,$11,$94,$41,$9,$0,$1,$54,$148,$51,$0,$3,$7,$58,$0,$164,$-22,$90,$148,$8,$7,$-0,$7,$-3,$-5,$0,$-0,$-6,$8,$-9,$0,$0,$0,$-0,$-0,$2,$-8,$0,$-1,$0,$0,$0,$-4,$0,$-5,$-5,$1,$-4
30,2011-03-31,30.68,$0.00,0.0,$74.81,0.41,$-2.43,0.0,$1.08,28.41,$0.09B,$0.05B,1.8,$0.00B,$0.08B,0.0,$0.25B,$0.04B,15.73%,$0.25B,$-0.02B,-9.27%,$0.25B,$-0.02B,-9.27%,$0.25B,$-0.02B,-6.45%,$0.25B,$0.01B,2.82%,$0.25B,$0.00B,1.21%,$0.00B,$0.08B,3.95%,$0.00B,$0.08B,3.95%,$0.00B,$0.15B,2.05%,$-0.02B,$0.08B,-30.26%,$66,$57,$9,$0,$8,$64,$1,$-0,$1,$0,$1,$1,$0,$3,$1,$3,3,$0.02,$0.02,$13,$23,$14,$93,$138,$8,$0,$1,$157,$151,$52,$0,$21,$21,$73,$0,$161,$0,$78,$151,$4,$5,$0,$5,$-6,$-6,$0,$-1,$-10,$-0,$-6,$0,$-0,$0,$-0,$-0,$2,$-4,$0,$-1,$-1,$0,$0,$-4,$0,$-5,$-9,$0,$-4
31,2010-12-31,30.49,$0.00,0.0,$71.25,0.43,$-1.68,0.0,$1.30,23.46,$0.09B,$0.05B,1.93,$0.00B,$0.08B,0.0,$0.24B,$0.04B,16.60%,$0.24B,$-0.02B,-9.79%,$0.24B,$-0.02B,-9.79%,$0.24B,$-0.02B,-6.81%,$0.24B,$0.01B,2.98%,$0.24B,$0.00B,1.70%,$0.00B,$0.08B,5.30%,$0.00B,$0.08B,5.30%,$0.00B,$0.15B,2.78%,$-0.02B,$0.08B,-30.46%,$61,$51,$10,$8,$0,$60,$2,$0,$2,$0,$2,$1,$1,$3,$2,$3,3,$0.38,$0.37,$18,$22,$15,$88,$136,$8,$0,$1,$155,$145,$46,$0,$23,$23,$69,$0,$161,$0,$76,$145,$4,$3,$0,$3,$0,$0,$0,$0,$-4,$2,$-3,$0,$0,$0,$0,$-0,$2,$-2,$0,$-1,$0,$0,$0,$-4,$0,$-5,$-4,$0,$0
32,2010-09-30,21.95,$0.00,0.0,$68.92,0.32,$-0.37,0.0,$1.19,18.45,$0.09B,$0.05B,1.86,$0.00B,$0.07B,0.0,$0.23B,$0.04B,16.30%,$0.23B,$-0.03B,-11.01%,$0.23B,$-0.03B,-11.01%,$0.23B,$-0.02B,-7.49%,$0.23B,$0.01B,3.08%,$0.23B,$0.00B,1.76%,$0.00B,$0.07B,5.32%,$0.00B,$0.07B,5.32%,$0.00B,$0.15B,2.82%,$-0.03B,$0.07B,-33.22%,$60,$50,$10,$8,$0,$58,$2,$1,$3,$1,$2,$1,$1,$4,$2,$3,3,$0.43,$0.43,$19,$19,$14,$89,$134,$7,$0,$1,$153,$145,$48,$0,$23,$23,$71,$0,$160,$0,$74,$145,$1,$2,$0,$2,$0,$0,$0,$0,$-5,$-2,$-2,$0,$0,$0,$0,$0,$-0,$-2,$0,$-1,$0,$0,$0,$0,$0,$-0,$-5,$0,$0
33,2010-06-30,19.44,$0.00,0.0,$63.37,0.31,$0.68,28.79,$1.05,18.51,$0.09B,$0.05B,1.95,$0.00B,$0.08B,0.0,$0.21B,$0.03B,16.35%,$0.21B,$-0.03B,-12.50%,$0.21B,$-0.03B,-12.50%,$0.21B,$-0.02B,-9.13%,$0.21B,$0.01B,2.40%,$0.21B,$0.00B,1.92%,$0.00B,$0.08B,5.33%,$0.00B,$0.08B,5.33%,$0.00B,$0.15B,2.87%,$-0.03B,$0.08B,-34.67%,$61,$52,$10,$9,$29,$89,$-28,$-1,$1,$0,$1,$1,$1,$-26,$-28,$3,3,$0.26,$0.26,$24,$17,$13,$90,$0,$7,$0,$1,$18,$145,$46,$0,$23,$23,$69,$0,$163,$0,$76,$145,$3,$7,$2,$7,$-18,$-0,$0,$3,$-3,$10,$-7,$0,$0,$0,$-0,$-2,$-2,$-11,$0,$-0,$0,$0,$0,$0,$0,$-0,$-1,$0,$0
34,2010-03-31,17.87,$0.00,0.0,$53.39,0.33,$-6.20,0.0,$0.14,127.65,$0.09B,$0.04B,2.07,$0.00B,$0.08B,0.0,$0.18B,$0.03B,15.43%,$0.18B,$-0.00B,-0.57%,$0.18B,$-0.00B,-0.57%,$0.18B,$0.01B,3.43%,$0.18B,$0.00B,0.57%,$0.18B,$0.00B,0.57%,$0.00B,$0.08B,1.36%,$0.00B,$0.08B,1.36%,$0.00B,$0.14B,0.74%,$-0.00B,$0.08B,-1.36%,$53,$44,$9,$8,$0,$52,$1,$0,$1,$0,$1,$1,$1,$3,$1,$3,3,$0.24,$0.24,$17,$17,$19,$86,$135,$6,$0,$1,$152,$140,$42,$0,$22,$22,$64,$0,$162,$0,$76,$140,$3,$5,$0,$5,$0,$0,$0,$0,$-10,$1,$-5,$0,$0,$0,$0,$-2,$-2,$-9,$0,$0,$0,$0,$0,$0,$-0,$-0,$-8,$0,$0
35,2009-12-31,16.27,$0.00,0.0,$46.28,0.35,$-11.23,0.0,$-0.97,0.0,$0.08B,$0.04B,2.16,$0.00B,$0.08B,0.0,$0.15B,$0.02B,13.25%,$0.15B,$-0.01B,-5.30%,$0.15B,$-0.01B,-5.30%,$0.15B,$-0.00B,-0.66%,$0.15B,$-0.01B,-3.31%,$0.15B,$-0.00B,-1.99%,$-0.00B,$0.08B,-4.00%,$-0.00B,$0.08B,-4.01%,$-0.00B,$0.14B,-2.29%,$-0.01B,$0.08B,-10.67%,$53,$45,$8,$7,$0,$52,$0,$1,$2,$1,$1,$1,$1,$2,$0,$3,3,$0.26,$0.26,$24,$16,$16,$83,$134,$6,$0,$1,$151,$137,$38,$0,$23,$23,$62,$0,$161,$0,$75,$137,$2,$4,$0,$4,$0,$0,$0,$0,$-2,$6,$-3,$0,$0,$0,$0,$-2,$-2,$-7,$0,$0,$0,$0,$0,$0,$0,$0,$-1,$0,$0
36,2009-09-30,12.3,$0.00,0.0,$40.57,0.3,$-15.52,0.0,$-1.61,0.0,$0.08B,$0.04B,2.12,$0.00B,$0.07B,0.0,$0.13B,$0.02B,11.36%,$0.13B,$-0.01B,-9.09%,$0.13B,$-0.01B,-9.09%,$0.13B,$-0.01B,-3.79%,$0.13B,$-0.01B,-7.58%,$0.13B,$-0.01B,-3.79%,$-0.01B,$0.07B,-6.45%,$-0.01B,$0.07B,-6.49%,$-0.01B,$0.14B,-3.86%,$-0.01B,$0.07B,-15.48%,$41,$34,$7,$6,$0,$41,$1,$1,$1,$0,$1,$1,$1,$2,$1,$3,3,$0.29,$0.29,$22,$15,$14,$80,$132,$5,$0,$1,$150,$135,$38,$0,$24,$24,$62,$0,$160,$0,$73,$135,$1,$2,$0,$2,$0,$0,$0,$0,$-1,$1,$-2,$0,$0,$0,$0,$0,$0,$-2,$0,$0,$0,$0,$0,$0,$0,$0,$-1,$0,$0
37,2009-06-30,12.14,$0.00,0.0,$38.38,0.32,$-16.68,0.0,$-1.89,0.0,$0.07B,$0.03B,2.35,$0.00B,$0.07B,0.0,$0.13B,$0.01B,10.32%,$0.13B,$-0.01B,-10.32%,$0.13B,$-0.01B,-10.32%,$0.13B,$-0.01B,-4.76%,$0.13B,$-0.01B,-8.73%,$0.13B,$-0.01B,-4.76%,$-0.01B,$0.07B,-7.36%,$-0.01B,$0.07B,-7.41%,$-0.01B,$0.13B,-4.63%,$-0.01B,$0.07B,-15.95%,$28,$25,$3,$6,$0,$31,$-3,$0,$-3,$-1,$-2,$-2,$-2,$-1,$-3,$3,3,$-0.65,$-0.65,$23,$17,$16,$73,$0,$4,$0,$1,$19,$128,$31,$0,$25,$26,$57,$0,$159,$0,$71,$128,$-6,$6,$0,$6,$0,$0,$0,$0,$-3,$-7,$-12,$0,$0,$0,$0,$-1,$-5,$-18,$0,$2,$0,$0,$-6,$-2,$1,$-5,$-29,$0,$0
38,2009-03-31,7.33,$0.00,0.0,$40.90,0.18,$-12.84,0.0,$-1.51,0.0,$0.07B,$0.03B,2.61,$0.00B,$0.08B,0.0,$0.14B,$0.01B,10.22%,$0.14B,$-0.01B,-8.76%,$0.14B,$-0.01B,-8.76%,$0.14B,$-0.01B,-4.38%,$0.14B,$-0.01B,-7.30%,$0.14B,$-0.01B,-3.65%,$-0.01B,$0.08B,-5.71%,$-0.01B,$0.08B,-5.75%,$-0.01B,$0.12B,-3.76%,$-0.01B,$0.08B,-13.71%,$29,$27,$2,$7,$1,$35,$-6,$1,$-5,$-2,$-3,$-3,$-3,$-4,$-6,$3,3,$-0.87,$-0.87,$23,$12,$19,$74,$129,$4,$1,$3,$142,$123,$28,$0,$12,$14,$42,$0,$159,$0,$81,$123,$-4,$5,$0,$5,$0,$0,$0,$0,$-8,$-9,$-11,$0,$-5,$0,$0,$-0,$0,$-16,$0,$0,$0,$0,$-6,$-2,$3,$-5,$-29,$0,$0
39,2008-12-31,14.47,$0.00,0.0,$42.94,0.34,$-6.93,0.0,$-0.51,0.0,$0.08B,$0.03B,2.47,$0.00B,$0.09B,0.0,$0.15B,$0.02B,12.33%,$0.15B,$-0.01B,-4.11%,$0.15B,$-0.01B,-4.11%,$0.15B,0,0.00%,$0.15B,$-0.00B,-2.74%,$0.15B,$-0.00B,-1.37%,$-0.00B,$0.09B,-2.16%,$-0.00B,$0.08B,-2.17%,$-0.00B,$0.13B,-1.44%,$-0.01B,$0.09B,-6.49%,$34,$31,$3,$7,$0,$38,$-4,$1,$-3,$-1,$-1,$-1,$-1,$-2,$-4,$3,3,$-0.38,$-0.38,$32,$15,$19,$84,$128,$4,$1,$4,$140,$132,$34,$0,$12,$14,$48,$0,$162,$0,$85,$132,$-1,$3,$0,$3,$0,$0,$0,$0,$-3,$-2,$-9,$0,$-4,$0,$0,$-0,$0,$-13,$0,$0,$0,$0,$-6,$-1,$2,$-5,$-20,$0,$0
40,2008-09-30,23.01,$0.00,0.0,$43.95,0.52,$-3.76,0.0,$0.25,92.02,$0.09B,$0.03B,2.85,$0.00B,$0.09B,0.0,$0.15B,$0.02B,14.47%,$0.15B,$-0.00B,-0.66%,$0.15B,$-0.00B,-0.66%,$0.15B,$0.01B,3.29%,$0.15B,$0.00B,0.66%,$0.15B,0,0.00%,$0.00B,$0.09B,0.00%,$0.00B,$0.09B,0.00%,$0.00B,$0.14B,0.00%,$-0.00B,$0.09B,-1.04%,$35,$29,$5,$6,$0,$35,$-0,$0,$-0,$-0,$0,$0,$0,$1,$-0,$3,3,$0.01,$0.01,$41,$11,$19,$93,$124,$4,$0,$1,$132,$135,$33,$0,$12,$13,$46,$0,$163,$0,$89,$135,$0,$1,$0,$1,$0,$0,$0,$0,$-1,$1,$-5,$0,$0,$0,$0,$-0,$0,$-5,$0,$0,$0,$0,$-6,$-1,$0,$-6,$-10,$0,$0
41,2008-06-30,30.32,$0.00,0.0,$45.68,0.66,$-2.70,0.0,$0.93,32.6,$0.10B,$0.03B,3.14,$0.00B,$0.10B,0.0,$0.16B,$0.03B,15.63%,$0.16B,$0.00B,1.25%,$0.16B,$0.00B,1.25%,$0.16B,$0.01B,5.00%,$0.16B,$0.01B,3.13%,$0.16B,$0.00B,1.25%,$0.00B,$0.10B,2.01%,$0.00B,$0.10B,2.01%,$0.00B,$0.14B,1.38%,$0.00B,$0.10B,2.01%,$39,$35,$4,$6,$0,$41,$-2,$0,$-2,$-1,$-1,$-1,$-1,$-1,$-2,$3,3,$-0.27,$-0.27,$52,$10,$18,$103,$0,$4,$0,$1,$8,$142,$33,$0,$12,$13,$46,$0,$164,$0,$95,$142,$3,$7,$0,$7,$0,$0,$0,$0,$-8,$4,$-11,$0,$0,$0,$0,$0,$0,$-11,$0,$1,$0,$0,$-3,$-5,$0,$-7,$-14,$0,$0
42,2008-03-31,36.51,$0.00,0.0,$47.55,0.77,$0.53,69.4,$2.17,16.82,$0.11B,$0.03B,3.21,$0.00B,$0.10B,0.0,$0.17B,$0.03B,17.37%,$0.17B,$0.01B,3.59%,$0.17B,$0.01B,3.59%,$0.17B,$0.01B,7.78%,$0.17B,$0.01B,6.59%,$0.17B,$0.01B,3.59%,$0.01B,$0.10B,5.90%,$0.01B,$0.10B,5.90%,$0.01B,$0.15B,4.09%,$0.01B,$0.10B,5.90%,$38,$32,$6,$6,$0,$38,$0,$1,$1,$0,$0,$0,$0,$2,$0,$3,3,$0.13,$0.13,$59,$10,$15,$105,$121,$3,$0,$8,$134,$148,$33,$0,$14,$14,$47,$0,$165,$0,$101,$148,$4,$5,$0,$5,$0,$0,$0,$0,$-2,$8,$-8,$0,$0,$0,$0,$0,$0,$-8,$0,$0,$0,$0,$-2,$-5,$1,$-6,$-6,$0,$0
43,2007-12-31,35.61,$0.00,0.0,$49.40,0.72,$0.85,41.72,$2.86,12.45,$0.10B,$0.03B,3.65,$0.00B,$0.10B,0.0,$0.18B,$0.03B,17.71%,$0.18B,$0.01B,5.14%,$0.18B,$0.01B,5.14%,$0.18B,$0.02B,9.14%,$0.18B,$0.02B,8.57%,$0.18B,$0.01B,5.14%,$0.01B,$0.10B,8.61%,$0.01B,$0.10B,8.61%,$0.01B,$0.14B,6.11%,$0.01B,$0.10B,8.61%,$40,$33,$7,$6,$0,$39,$1,$1,$2,$1,$1,$1,$1,$3,$1,$4,4,$0.38,$0.38,$60,$11,$13,$104,$117,$3,$0,$7,$129,$144,$29,$0,$14,$14,$43,$0,$165,$0,$101,$144,$4,$3,$0,$3,$0,$0,$0,$0,$-3,$4,$-4,$0,$0,$0,$0,$0,$0,$-4,$0,$0,$0,$0,$-1,$-4,$0,$-5,$-5,$0,$0
44,2007-09-30,40.19,$0.00,0.0,$48.74,0.82,$2.32,17.3,$2.79,14.41,$0.11B,$0.03B,3.5,$0.00B,$0.10B,0.0,$0.17B,$0.03B,16.76%,$0.17B,$0.01B,4.62%,$0.17B,$0.01B,4.62%,$0.17B,$0.02B,8.67%,$0.17B,$0.01B,8.09%,$0.17B,$0.01B,5.20%,$0.01B,$0.10B,8.45%,$0.01B,$0.10B,8.45%,$0.01B,$0.15B,6.13%,$0.01B,$0.10B,7.51%,$43,$34,$8,$6,$0,$40,$3,$1,$4,$1,$2,$2,$2,$4,$3,$4,4,$0.69,$0.69,$61,$10,$14,$110,$114,$3,$0,$6,$125,$147,$31,$0,$14,$14,$46,$0,$164,$0,$102,$147,$2,$2,$0,$2,$0,$0,$0,$0,$-4,$1,$-2,$0,$0,$0,$0,$0,$0,$-2,$0,$0,$0,$0,$0,$-4,$0,$-4,$-5,$0,$0
45,2007-06-30,39.27,$0.00,0.0,$47.19,0.83,$3.16,12.43,$2.31,17.0,$0.11B,$0.03B,3.58,$0.00B,$0.10B,0.0,$0.17B,$0.03B,15.48%,$0.17B,$0.01B,2.98%,$0.17B,$0.01B,2.98%,$0.17B,$0.01B,7.74%,$0.17B,$0.01B,6.55%,$0.17B,$0.01B,4.76%,$0.01B,$0.10B,7.41%,$0.01B,$0.10B,7.41%,$0.01B,$0.15B,5.51%,$0.01B,$0.10B,4.63%,$46,$38,$8,$5,$0,$44,$2,$1,$4,$0,$3,$3,$3,$4,$2,$4,4,$0.97,$0.97,$65,$7,$13,$113,$0,$3,$0,$4,$9,$148,$31,$0,$13,$14,$45,$0,$166,$0,$103,$148,$8,$7,$0,$7,$0,$0,$0,$0,$-6,$10,$-6,$0,$0,$0,$0,$-0,$0,$-6,$0,$0,$0,$0,$-5,$0,$1,$-4,$-0,$0,$0
46,2007-03-31,37.42,$0.00,0.0,$46.91,0.8,$5.72,6.54,$2.42,15.46,$0.11B,$0.03B,3.76,$0.00B,$0.11B,0.0,$0.17B,$0.03B,16.57%,$0.17B,$0.01B,4.73%,$0.17B,$0.01B,4.73%,$0.17B,$0.02B,9.47%,$0.17B,$0.01B,7.10%,$0.17B,$0.01B,5.33%,$0.01B,$0.11B,8.20%,$0.01B,$0.11B,8.20%,$0.01B,$0.15B,6.19%,$0.01B,$0.11B,7.29%,$46,$37,$8,$5,$0,$42,$3,$1,$5,$2,$3,$3,$3,$5,$3,$4,4,$0.82,$0.82,$63,$9,$11,$107,$112,$3,$0,$14,$128,$150,$29,$0,$5,$9,$38,$0,$162,$0,$112,$150,$5,$5,$0,$5,$0,$0,$0,$0,$-6,$4,$-4,$0,$0,$0,$0,$-0,$0,$-4,$0,$0,$0,$0,$-4,$0,$0,$-4,$-3,$0,$0
47,2006-12-31,38.96,$0.00,0.0,$46.52,0.84,$7.52,5.18,$2.71,14.38,$0.10B,$0.03B,4.2,$0.00B,$0.11B,0.0,$0.17B,$0.03B,17.06%,$0.17B,$0.01B,5.29%,$0.17B,$0.01B,5.29%,$0.17B,$0.02B,9.41%,$0.17B,$0.01B,7.65%,$0.17B,$0.01B,5.88%,$0.01B,$0.11B,9.39%,$0.01B,$0.11B,9.39%,$0.01B,$0.14B,6.99%,$0.01B,$0.11B,8.45%,$38,$33,$5,$5,$0,$38,$0,$1,$1,$0,$1,$1,$1,$2,$0,$4,4,$0.31,$0.31,$66,$8,$11,$103,$111,$2,$0,$10,$123,$142,$25,$0,$5,$9,$33,$0,$160,$0,$109,$142,$2,$4,$0,$4,$0,$0,$0,$0,$1,$7,$-2,$0,$-0,$0,$0,$0,$0,$-2,$0,$0,$0,$0,$-4,$0,$0,$-4,$1,$0,$0
