,Date,Stock Price,Book Value per Share,Price to Book Ratio,TTM Sales per Share,Price to Sales Ratio,TTM FCF per Share,Price to FCF Ratio,TTM Net EPS,PE Ratio,Current Assets,Current Liabilities,Current Ratio,Long Term Debt,Shareholder's Equity_x,Debt to Equity Ratio,TTM Revenue_x,TTM Gross Profit,Gross Margin,TTM Revenue_y,TTM Operating Income,Operating Margin,TTM Revenue_x,TTM EBIT,EBIT Margin,TTM Revenue_y,TTM EBITDA,EBITDA Margin,TTM Revenue_x,TTM Pre-Tax Income,Pre-Tax Margin,TTM Revenue_y,TTM Net Income_x,Net Margin,TTM Net Income_y,Shareholder's Equity_y,Return on Equity,TTM Net Income_x,Tangible Equity,Return on Tangible Equity,TTM Net Income_y,Total Assets,Return on Assets,TTM Net Income,LT Investments & Debt,Return on Investment,revenue,cost-goods-sold,gross-profit,research-development-expenses,selling-general-administrative-expenses,operating-expenses,operating-income,total-non-operating-income-expense,pre-tax-income,total-provision-income-taxes,income-after-taxes,income-from-continuous-operations,net-income,ebitda,ebit,basic-shares-outstanding,shares-outstanding,eps-basic-net-earnings-per-share,eps-earnings-per-share-diluted,cash-on-hand,inventory,other-current-assets,total-current-assets,net-property-plant-equipment,long-term-investments,goodwill-intangible-assets-total,other-long-term-assets,total-long-term-assets,total-assets,total-current-liabilities,long-term-debt,other-non-current-liabilities,total-long-term-liabilities,total-liabilities,common-stock-net,retained-earnings-accumulated-deficit,comprehensive-income,total-share-holder-equity,total-liabilities-share-holders-equity,net-income-loss,total-depreciation-amortization-cash-flow,other-non-cash-items,total-non-cash-items,change-in-accounts-receivable,change-in-inventories,change-in-accounts-payable,change-in-assets-liabilities,total-change-in-assets-liabilities,cash-flow-from-operating-activities,net-change-in-property-plant-equipment,net-change-in-intangible-assets,net-acquisitions-divestitures,net-change-in-short-term-investments,net-change-in-long-term-investments,net-change-in-investments-total,investing-activities-other,cash-flow-from-investing-activities,net-long-term-debt,net-current-debt,debt-issuance-retirement-net-total,net-common-equity-issued-repurchased,net-total-equity-issued-repurchased,total-common-preferred-stock-dividends-paid,financial-activities-other,cash-flow-from-financial-activities,net-cash-flow,stock-based-compensation,common-stock-dividends-paid
0,2018-09-30,83.78,$64.70,1.29,$33.86,2.47,$59.67,1.4,$6.26,13.38,$99.47B,$199.12B,0.5,$10.34B,$20.86B,0.5,$12.71B,$11.84B,93.14%,$12.71B,$3.35B,26.31%,$12.71B,0,0.00%,$12.71B,0,0.00%,$12.71B,$3.21B,25.26%,$12.71B,$2.35B,18.45%,$2.35B,$24.55B,10.22%,$2.35B,$17.08B,15.23%,$2.35B,$234.01B,0.97%,$3.35B,$34.89B,9.90%,$3195,$244,$2951,$0,$2037,$2328,$867,$0,$867,$102,$765,$765,$709,$0,$0,$375,379,$1.89,$1.87,$72959,$0,$0,$99467,$2193,$86669,$7477,$38201,$134540,$234007,$199119,$10335,$0,$10335,$209454,$504,$20387,$-1711,$24553,$234007,$2160,$874,$-104,$770,$-97,$92,$0,$5054,$5799,$8824,$-436,$0,$-63,$2655,$9289,$11944,$-14,$11431,$-1032,$-1287,$-2319,$913,$1408,$-608,$-16698,$-18217,$2038,$0,$-608
1,2018-06-30,93.09,$61.70,1.51,$33.37,2.79,$41.18,2.26,$6.05,15.39,$112.15B,$215.35B,0.52,$10.39B,$19.38B,0.54,$12.52B,$11.74B,93.72%,$12.52B,$3.33B,26.62%,$12.52B,0,0.00%,$12.52B,0,0.00%,$12.52B,$3.17B,25.29%,$12.52B,$2.27B,18.09%,$2.27B,$22.57B,10.10%,$2.27B,$15.10B,15.27%,$2.27B,$248.31B,0.93%,$3.33B,$32.96B,9.92%,$3274,$248,$3026,$0,$2113,$2409,$865,$0,$865,$131,$734,$734,$698,$0,$0,$366,370,$1.91,$1.88,$84995,$0,$0,$112150,$2189,$86942,$7473,$39554,$136158,$248308,$215350,$10387,$0,$10387,$225737,$504,$19856,$-1488,$22571,$248308,$1395,$587,$-100,$487,$13,$-67,$0,$-73,$1252,$3402,$-285,$0,$0,$-9481,$8825,$-656,$-791,$-1732,$-1024,$205,$-819,$-440,$-440,$-399,$1767,$109,$1779,$0,$-399
2,2018-03-31,99.28,$61.30,1.62,$32.24,3.08,$42.41,2.34,$5.70,17.42,$120.99B,$216.94B,0.56,$10.94B,$19.20B,0.57,$12.18B,$11.52B,94.56%,$12.18B,$3.32B,27.21%,$12.18B,0,0.00%,$12.18B,0,0.00%,$12.18B,$3.08B,25.26%,$12.18B,$2.15B,17.66%,$2.15B,$22.40B,9.64%,$2.15B,$14.75B,14.66%,$2.15B,$250.29B,0.89%,$3.32B,$33.34B,9.80%,$3218,$199,$3019,$0,$2206,$2455,$763,$0,$763,$102,$661,$661,$605,$0,$0,$367,373,$1.65,$1.62,$88278,$0,$0,$120989,$2194,$85462,$7646,$33995,$129297,$250286,$216943,$10944,$0,$10944,$227887,$504,$19311,$-1074,$22399,$250286,$661,$298,$-33,$265,$-84,$-85,$0,$2813,$3735,$4836,$-147,$0,$0,$-14086,$11523,$-2563,$-6263,$-8973,$-515,$-900,$-1415,$-420,$-420,$-210,$6621,$4576,$439,$0,$-210
3,2017-12-31,96.76,$60.70,1.59,$30.87,3.13,$38.49,2.51,$5.23,18.5,$100.01B,$204.49B,0.49,$11.62B,$19.12B,0.61,$11.77B,$11.17B,94.87%,$11.77B,$3.17B,26.88%,$11.77B,0,0.00%,$11.77B,0,0.00%,$11.77B,$2.90B,24.62%,$11.77B,$1.99B,16.93%,$1.99B,$22.32B,9.04%,$1.99B,$14.68B,13.82%,$1.99B,$238.43B,0.84%,$3.17B,$33.94B,9.40%,$3027,$181,$2846,$0,$1942,$2177,$850,$-204,$717,$347,$370,$370,$334,$0,$0,$375,380,$0.90,$0.90,$73668,$0,$0,$100007,$2186,$97579,$7635,$31018,$138418,$238425,$204488,$11620,$0,$11620,$216108,$504,$18856,$-1009,$22317,$238425,$2177,$1085,$134,$1219,$-455,$-69,$0,$3745,$3230,$6933,$-637,$0,$0,$2423,$1671,$4094,$-3409,$48,$254,$-1999,$-1745,$-1418,$-1418,$-768,$-2257,$-6188,$793,$0,$-768
4,2017-09-30,94.31,$60.66,1.55,$29.55,3.19,$26.16,3.6,$5.77,16.34,$96.12B,$201.77B,0.48,$11.72B,$19.30B,0.61,$11.38B,$10.85B,95.39%,$11.38B,$2.70B,23.75%,$11.38B,0,0.00%,$11.38B,0,0.00%,$11.38B,$2.53B,22.21%,$11.38B,$2.22B,19.47%,$2.22B,$22.50B,10.18%,$2.22B,$14.84B,15.65%,$2.22B,$235.99B,0.93%,$2.70B,$34.21B,8.11%,$3004,$158,$2846,$0,$1937,$2149,$855,$-33,$822,$137,$685,$685,$629,$0,$0,$373,379,$1.69,$1.66,$69495,$0,$0,$96119,$2167,$93088,$7655,$36957,$139867,$235986,$201773,$11716,$0,$11716,$213489,$504,$18675,$-984,$22497,$235986,$1807,$796,$-178,$618,$-399,$-111,$0,$-2159,$-936,$1857,$-485,$0,$0,$8470,$6676,$15146,$-3782,$10879,$265,$-865,$-600,$-1043,$-1043,$-577,$-7891,$-10111,$2625,$0,$-577
5,2017-06-30,88.18,$58.99,1.49,$28.56,3.09,$27.11,3.25,$5.40,16.33,$97.95B,$204.47B,0.48,$11.74B,$18.87B,0.62,$11.11B,$10.63B,95.70%,$11.11B,$2.53B,22.75%,$11.11B,0,0.00%,$11.11B,0,0.00%,$11.11B,$2.34B,21.08%,$11.11B,$2.09B,18.86%,$2.09B,$22.07B,9.65%,$2.09B,$14.43B,14.89%,$2.09B,$238.27B,0.86%,$2.53B,$33.81B,7.59%,$2935,$125,$2810,$0,$1909,$2088,$847,$-71,$776,$156,$620,$620,$584,$0,$0,$375,381,$1.56,$1.53,$70841,$0,$0,$97953,$2137,$95255,$7638,$35291,$140321,$238274,$204469,$11737,$0,$11737,$216206,$504,$18202,$-1270,$22068,$238274,$1122,$521,$-16,$505,$-161,$128,$0,$744,$2065,$3999,$-325,$0,$172,$6102,$3618,$9720,$-4551,$5016,$276,$-664,$-388,$-668,$-668,$-379,$-5738,$-7173,$1842,$0,$-379
6,2017-03-31,77.91,$56.58,1.38,$27.55,2.83,$29.21,2.67,$5.34,14.59,$98.00B,$204.11B,0.48,$11.39B,$18.10B,0.63,$10.84B,$10.39B,95.84%,$10.84B,$2.41B,22.21%,$10.84B,0,0.00%,$10.84B,0,0.00%,$10.84B,$2.27B,20.97%,$10.84B,$2.10B,19.32%,$2.10B,$21.29B,9.65%,$2.10B,$13.73B,14.82%,$2.10B,$236.80B,0.85%,$2.41B,$32.69B,7.22%,$2808,$140,$2668,$0,$2003,$2195,$613,$-29,$584,$82,$502,$502,$446,$0,$0,$381,386,$1.17,$1.15,$72824,$0,$0,$98000,$2101,$94639,$7565,$34497,$138802,$236802,$204114,$11394,$0,$11394,$215508,$504,$17762,$-1805,$21294,$236802,$502,$264,$37,$301,$-46,$79,$0,$660,$2601,$3509,$-164,$0,$0,$3921,$2227,$6148,$-2774,$3210,$-11,$-805,$-816,$-409,$-409,$-201,$-3698,$-5124,$1595,$0,$-201
7,2016-12-31,75.7,$55.56,1.36,$26.73,2.83,$27.20,2.78,$4.98,15.2,$97.58B,$210.05B,0.47,$11.43B,$18.02B,0.63,$10.64B,$10.21B,95.98%,$10.64B,$2.33B,21.90%,$10.64B,0,0.00%,$10.64B,0,0.00%,$10.64B,$2.12B,19.93%,$10.64B,$1.97B,18.50%,$1.97B,$21.22B,9.04%,$1.97B,$13.66B,13.84%,$1.97B,$242.70B,0.79%,$2.33B,$32.65B,7.03%,$2632,$102,$2530,$0,$2088,$2244,$388,$-43,$345,$-248,$593,$595,$557,$0,$0,$391,396,$1.44,$1.42,$75229,$0,$0,$97577,$2062,$97167,$7564,$38328,$145121,$242698,$210049,$11430,$0,$11430,$221479,$504,$17459,$-2040,$21219,$242698,$2143,$929,$-365,$564,$-298,$-175,$0,$697,$-923,$2290,$-613,$0,$-437,$5851,$183,$6034,$-754,$4230,$51,$-268,$-217,$-1487,$-994,$-723,$-4479,$-6413,$107,$0,$-723
8,2016-09-30,67.49,$57.53,1.17,$26.49,2.55,$17.88,3.78,$4.89,13.8,$110.13B,$222.13B,0.5,$11.83B,$18.99B,0.62,$10.65B,$10.22B,95.92%,$10.65B,$2.63B,24.67%,$10.65B,0,0.00%,$10.65B,0,0.00%,$10.65B,$2.46B,23.05%,$10.65B,$1.96B,18.38%,$1.96B,$22.18B,9.01%,$1.96B,$14.42B,13.76%,$1.96B,$256.14B,0.78%,$2.63B,$34.02B,7.93%,$2730,$110,$2620,$0,$1887,$2052,$678,$-42,$636,$72,$564,$563,$507,$0,$0,$388,393,$1.31,$1.29,$86085,$0,$0,$110130,$2042,$99888,$7760,$36320,$146010,$256140,$222125,$11834,$0,$11834,$233959,$504,$17047,$-993,$22181,$256140,$1550,$670,$26,$696,$-248,$-214,$0,$-219,$-282,$2276,$-477,$0,$-437,$-2790,$701,$-2089,$-2549,$-5552,$62,$-476,$-414,$-1124,$-631,$-541,$7145,$5559,$2283,$0,$-541
9,2016-06-30,51.97,$56.73,0.92,$26.13,1.99,$0.38,135.74,$4.92,10.56,$104.93B,$221.36B,0.47,$11.92B,$18.91B,0.63,$10.64B,$10.21B,95.99%,$10.64B,$2.61B,24.50%,$10.64B,0,0.00%,$10.64B,0,0.00%,$10.64B,$2.47B,23.19%,$10.64B,$1.99B,18.71%,$1.99B,$22.10B,9.22%,$1.99B,$14.75B,14.09%,$1.99B,$255.39B,0.80%,$2.61B,$34.03B,7.89%,$2672,$99,$2573,$0,$1795,$1943,$729,$-20,$709,$92,$617,$617,$585,$0,$0,$394,399,$1.48,$1.47,$82742,$0,$0,$104929,$1994,$103121,$7353,$37989,$150457,$255386,$221358,$11924,$0,$11924,$233282,$504,$16686,$-997,$22104,$255386,$987,$460,$-33,$427,$-53,$-41,$0,$2166,$3415,$5012,$-328,$0,$0,$1563,$-2574,$-1011,$-947,$-2286,$72,$-191,$-119,$-787,$-294,$-353,$1506,$740,$3466,$0,$-353
10,2016-03-31,56.04,$54.42,1.03,$25.91,2.16,$-22.95,0.0,$4.39,12.77,$94.87B,$211.83B,0.45,$10.32B,$18.83B,0.55,$10.67B,$10.24B,96.05%,$10.67B,$2.35B,22.05%,$10.67B,0,0.00%,$10.67B,0,0.00%,$10.67B,$2.23B,20.90%,$10.67B,$1.79B,16.82%,$1.79B,$21.53B,8.37%,$1.79B,$14.05B,12.90%,$1.79B,$243.69B,0.70%,$2.35B,$31.85B,7.31%,$2601,$117,$2484,$0,$1901,$2067,$534,$-104,$430,$62,$368,$368,$319,$0,$0,$399,404,$0.80,$0.79,$73362,$0,$0,$94873,$1949,$102298,$7482,$37083,$148812,$243685,$211834,$10323,$0,$10323,$222157,$504,$16233,$-964,$21528,$243685,$368,$232,$-25,$207,$-25,$-24,$0,$716,$1960,$2852,$-168,$0,$0,$9988,$-1421,$8567,$-372,$8027,$-1410,$-323,$-1733,$-322,$-322,$-184,$-6112,$-8351,$2528,$0,$-184
11,2015-12-31,63.18,$52.88,1.19,$25.91,2.44,$-28.88,0.0,$4.50,14.04,$101.90B,$212.52B,0.48,$11.50B,$18.43B,0.62,$10.76B,$10.36B,96.28%,$10.76B,$2.32B,21.59%,$10.76B,0,0.00%,$10.76B,0,0.00%,$10.76B,$2.30B,21.36%,$10.76B,$1.85B,17.17%,$1.85B,$21.14B,8.70%,$1.85B,$13.70B,13.48%,$1.85B,$245.16B,0.69%,$2.32B,$32.63B,7.33%,$2647,$109,$2538,$0,$1802,$1961,$686,$-6,$680,$103,$577,$577,$547,$0,$0,$408,414,$1.35,$1.34,$80798,$0,$0,$101897,$1894,$100022,$7439,$33903,$143258,$245155,$212523,$11497,$0,$11497,$224020,$504,$16049,$-1442,$21135,$245155,$1980,$801,$-162,$639,$-104,$75,$0,$-4524,$-4601,$-1403,$-703,$0,$0,$17171,$9015,$26186,$-488,$24995,$1828,$-7074,$-5246,$-1738,$-996,$-655,$-17343,$-24240,$-648,$0,$-655
12,2015-09-30,63.67,$53.32,1.19,$25.78,2.47,$-26.07,0.0,$4.40,14.47,$103.69B,$213.72B,0.49,$12.03B,$18.83B,0.64,$10.82B,$10.43B,96.37%,$10.82B,$2.24B,20.67%,$10.82B,0,0.00%,$10.82B,0,0.00%,$10.82B,$2.17B,20.01%,$10.82B,$1.76B,16.25%,$1.76B,$21.53B,8.26%,$1.76B,$14.00B,12.88%,$1.76B,$247.27B,0.64%,$2.24B,$33.56B,7.13%,$2715,$101,$2614,$0,$1909,$2058,$657,$-10,$647,$67,$580,$580,$539,$0,$0,$407,412,$1.33,$1.31,$82399,$0,$0,$103689,$1984,$97560,$7536,$36505,$143585,$247274,$213717,$12025,$0,$12025,$225742,$504,$15795,$-1101,$21532,$247274,$1404,$591,$-6,$585,$-29,$-299,$0,$-6956,$-7156,$-4782,$-543,$0,$0,$18397,$12701,$31098,$-762,$29793,$2081,$-1781,$300,$-1146,$-404,$-489,$-22613,$-23206,$1805,$0,$-489
13,2015-06-30,72.57,$52.73,1.38,$25.44,2.85,$-16.09,0.0,$4.34,16.72,$146.56B,$263.99B,0.56,$9.09B,$18.80B,0.48,$10.79B,$10.40B,96.36%,$10.79B,$2.29B,21.20%,$10.79B,0,0.00%,$10.79B,0,0.00%,$10.79B,$2.21B,20.45%,$10.79B,$1.76B,16.33%,$1.76B,$21.50B,8.31%,$1.76B,$13.90B,13.11%,$1.76B,$294.57B,0.63%,$2.29B,$30.59B,7.49%,$2702,$94,$2608,$0,$2084,$2227,$475,$-3,$472,$54,$418,$418,$389,$0,$0,$411,417,$0.95,$0.93,$125632,$0,$0,$146564,$2035,$101463,$7600,$36909,$148007,$294571,$263986,$9085,$0,$9085,$273071,$504,$15390,$-1011,$21500,$294571,$823,$384,$56,$440,$-143,$-449,$0,$-6687,$-5948,$-4527,$-301,$0,$0,$-25262,$9052,$-16210,$-326,$-16837,$-930,$2422,$1492,$-930,$-188,$-308,$21597,$22593,$1229,$0,$-308
14,2015-03-31,68.99,$50.62,1.36,$25.13,2.75,$-4.12,0.0,$4.78,14.43,$119.58B,$249.48B,0.48,$9.17B,$18.86B,0.49,$10.78B,$10.39B,96.40%,$10.78B,$2.59B,24.00%,$10.78B,0,0.00%,$10.78B,0,0.00%,$10.78B,$2.48B,23.02%,$10.78B,$1.98B,18.33%,$1.98B,$20.82B,9.29%,$1.98B,$13.26B,14.82%,$1.98B,$279.48B,0.71%,$2.59B,$29.99B,8.46%,$2696,$96,$2600,$0,$2045,$2191,$505,$-6,$499,$94,$405,$405,$373,$0,$0,$412,419,$0.90,$0.89,$99023,$0,$0,$119582,$1933,$112857,$7555,$37549,$159894,$279476,$249483,$9174,$0,$9174,$258657,$504,$15135,$-1006,$20819,$279476,$405,$186,$1,$187,$-39,$-221,$0,$-1109,$-383,$397,$-96,$0,$0,$1184,$-1979,$-795,$-100,$-991,$-915,$1194,$279,$-581,$-581,$-156,$2346,$1888,$1294,$0,$-156
15,2014-12-31,73.36,$51.37,1.43,$24.58,2.98,$-0.75,0.0,$4.69,15.64,$119.10B,$242.75B,0.49,$10.04B,$19.37B,0.52,$10.67B,$10.27B,96.32%,$10.67B,$2.57B,24.10%,$10.67B,0,0.00%,$10.67B,0,0.00%,$10.67B,$2.44B,22.85%,$10.67B,$1.96B,18.36%,$1.96B,$21.33B,9.16%,$1.96B,$13.48B,14.79%,$1.96B,$274.12B,0.72%,$2.57B,$31.37B,8.35%,$2711,$102,$2609,$0,$1949,$2111,$600,$-52,$548,$71,$477,$477,$458,$0,$0,$424,432,$1.10,$1.08,$98692,$0,$0,$119095,$1937,$112636,$7851,$32600,$155024,$274119,$242749,$10042,$0,$10042,$252791,$504,$14737,$-507,$21328,$274119,$2022,$699,$56,$755,$-119,$-81,$0,$-2792,$-3627,$-561,$-427,$0,$0,$-25426,$1997,$-23429,$-4636,$-28492,$206,$1575,$1781,$-1868,$-398,$-539,$26844,$27688,$-1365,$0,$-539
16,2014-09-30,68.53,$50.38,1.36,$23.89,2.87,$-3.76,0.0,$4.67,14.67,$115.41B,$244.63B,0.47,$9.02B,$19.92B,0.45,$10.50B,$10.11B,96.29%,$10.50B,$2.60B,24.75%,$10.50B,0,0.00%,$10.50B,0,0.00%,$10.50B,$2.48B,23.63%,$10.50B,$1.96B,18.66%,$1.96B,$21.16B,9.27%,$1.96B,$13.14B,15.23%,$1.96B,$274.81B,0.74%,$2.60B,$30.17B,8.53%,$2683,$101,$2582,$0,$1820,$1975,$708,$-20,$688,$128,$560,$560,$542,$0,$0,$422,430,$1.28,$1.26,$94728,$0,$0,$115410,$1911,$115319,$8020,$34145,$159395,$274805,$244633,$9016,$0,$9016,$253649,$504,$14531,$-107,$21156,$274805,$1545,$513,$-21,$492,$-195,$-190,$0,$-4286,$-3241,$-964,$-298,$0,$0,$-19062,$317,$-18745,$-4864,$-23907,$-779,$1957,$1178,$-1427,$-685,$-396,$25700,$25797,$926,$0,$-396
17,2014-06-30,62.36,$51.06,1.22,$23.23,2.68,$-2.67,0.0,$4.58,13.62,$128.24B,$251.59B,0.51,$9.04B,$20.47B,0.44,$10.34B,$9.95B,96.28%,$10.34B,$2.62B,25.37%,$10.34B,0,0.00%,$10.34B,0,0.00%,$10.34B,$2.50B,24.15%,$10.34B,$1.95B,18.84%,$1.95B,$21.70B,9.30%,$1.95B,$13.42B,15.47%,$1.95B,$282.32B,0.78%,$2.62B,$30.74B,8.69%,$2687,$89,$2598,$0,$1770,$1913,$774,$-28,$746,$124,$622,$622,$602,$0,$0,$428,435,$1.41,$1.38,$109255,$0,$0,$128243,$1920,$117303,$8284,$26574,$154081,$282324,$251587,$9037,$0,$9037,$260624,$504,$14114,$489,$21700,$282324,$985,$336,$-31,$305,$-98,$-98,$0,$-3012,$-1068,$400,$-234,$0,$0,$-31580,$617,$-30963,$-3281,$-34478,$-763,$1752,$989,$-987,$-245,$-251,$36612,$37105,$3027,$0,$-251
18,2014-03-31,64.2,$49.42,1.3,$22.83,2.81,$-7.37,0.0,$4.44,14.46,$104.93B,$225.89B,0.47,$9.50B,$20.04B,0.47,$10.31B,$9.91B,96.12%,$10.31B,$2.64B,25.61%,$10.31B,0,0.00%,$10.31B,0,0.00%,$10.31B,$2.51B,24.36%,$10.31B,$1.92B,18.59%,$1.92B,$21.27B,9.33%,$1.92B,$12.93B,15.75%,$1.92B,$256.66B,0.81%,$2.64B,$30.78B,8.88%,$2585,$100,$2485,$0,$1943,$2097,$488,$-33,$455,$92,$363,$363,$356,$0,$0,$431,439,$0.83,$0.81,$86649,$0,$0,$104930,$1896,$117504,$8344,$23989,$151733,$256663,$225887,$9503,$0,$9503,$235390,$504,$13639,$188,$21273,$256663,$363,$153,$-40,$113,$-74,$-46,$0,$-118,$1304,$1906,$-110,$0,$0,$-11396,$-398,$-11794,$-2610,$-14514,$-257,$1030,$773,$-551,$191,$-120,$12421,$13265,$657,$0,$-120
19,2013-12-31,67.49,$46.94,1.44,$22.44,3.01,$-10.89,0.0,$4.61,14.64,$90.13B,$213.21B,0.42,$9.70B,$19.89B,0.49,$10.28B,$9.86B,96.00%,$10.28B,$2.78B,27.02%,$10.28B,0,0.00%,$10.28B,0,0.00%,$10.28B,$2.67B,25.95%,$10.28B,$2.02B,19.62%,$2.02B,$20.38B,9.86%,$2.02B,$11.98B,16.71%,$2.02B,$243.29B,0.89%,$2.78B,$30.08B,9.53%,$2543,$99,$2444,$0,$1762,$1915,$628,$-30,$592,$125,$467,$467,$459,$0,$0,$446,455,$1.06,$1.04,$74550,$0,$0,$90131,$1860,$116914,$8396,$25990,$153160,$243291,$213214,$9699,$0,$9699,$222913,$504,$13395,$-95,$20378,$243291,$2050,$675,$137,$812,$-153,$-206,$0,$-4993,$-5219,$-2024,$-388,$0,$0,$-14708,$2086,$-12622,$-1075,$-14085,$2351,$-1155,$1196,$-2108,$-2108,$-486,$18137,$16739,$630,$0,$-486
20,2013-09-30,60.25,$46.30,1.3,$22.18,2.72,$-2.31,0.0,$4.39,13.72,$66.93B,$188.00B,0.36,$8.75B,$19.94B,0.44,$10.29B,$9.87B,95.89%,$10.29B,$2.87B,27.92%,$10.29B,0,0.00%,$10.29B,0,0.00%,$10.29B,$2.66B,25.86%,$10.29B,$2.03B,19.68%,$2.03B,$20.43B,9.85%,$2.03B,$12.03B,16.65%,$2.03B,$217.18B,0.91%,$2.87B,$29.18B,10.02%,$2522,$97,$2425,$0,$1639,$1789,$733,$-30,$703,$163,$540,$540,$531,$0,$0,$443,452,$1.20,$1.17,$49275,$0,$0,$66925,$1816,$116680,$8402,$23357,$150255,$217180,$188002,$8748,$0,$8748,$196750,$504,$12963,$-114,$20430,$217180,$1583,$484,$86,$570,$-124,$-279,$0,$-2349,$-3031,$-575,$-259,$0,$18,$11316,$3575,$14891,$-3220,$11430,$1365,$967,$2332,$-1534,$-1534,$-365,$-9982,$-9549,$1306,$0,$-365
21,2013-06-30,59.52,$44.78,1.33,$21.74,2.74,$1.92,30.98,$4.58,13.0,$74.95B,$198.38B,0.38,$8.84B,$19.59B,0.45,$10.24B,$9.80B,95.73%,$10.24B,$3.11B,30.38%,$10.24B,0,0.00%,$10.24B,0,0.00%,$10.24B,$2.90B,28.32%,$10.24B,$2.15B,20.98%,$2.15B,$20.08B,10.41%,$2.15B,$11.75B,17.39%,$2.15B,$227.30B,0.98%,$3.11B,$28.92B,11.04%,$2664,$104,$2560,$0,$1714,$1872,$792,$-30,$762,$183,$579,$579,$571,$0,$0,$452,461,$1.26,$1.24,$56484,$0,$0,$74948,$1772,$115648,$8330,$26602,$152352,$227300,$198378,$8841,$0,$8841,$207219,$504,$12545,$-523,$20081,$227300,$1043,$300,$142,$442,$-85,$-16,$0,$-3848,$-3551,$-1761,$-228,$0,$0,$5427,$1306,$6733,$-4090,$2415,$1479,$-378,$1101,$-963,$-963,$-242,$2339,$2235,$2889,$0,$-242
22,2013-03-31,53.72,$45.81,1.17,$21.16,2.54,$3.77,14.26,$4.32,12.44,$69.36B,$189.88B,0.37,$7.44B,$20.38B,0.37,$10.11B,$9.66B,95.58%,$10.11B,$3.01B,29.74%,$10.11B,0,0.00%,$10.11B,0,0.00%,$10.11B,$2.79B,27.59%,$10.11B,$2.06B,20.35%,$2.06B,$20.87B,9.99%,$2.06B,$12.51B,16.59%,$2.06B,$218.19B,0.97%,$3.01B,$28.31B,10.93%,$2546,$111,$2435,$0,$1759,$1923,$623,$-14,$609,$145,$464,$464,$455,$0,$0,$454,463,$1.00,$0.98,$53289,$0,$0,$69355,$1756,$117429,$8364,$21285,$148834,$218189,$189880,$7440,$0,$7440,$197320,$504,$12090,$251,$20869,$218189,$464,$160,$55,$215,$-133,$-17,$0,$390,$-494,$382,$-119,$0,$0,$7852,$2049,$9901,$-1666,$8116,$-7,$3555,$3548,$-412,$-412,$-110,$-9406,$-6380,$2118,$0,$-110
23,2012-12-31,42.55,$45.50,0.94,$20.88,2.04,$4.30,9.91,$4.19,10.16,$73.26B,$194.28B,0.38,$7.43B,$20.38B,0.37,$10.13B,$9.65B,95.30%,$10.13B,$2.99B,29.54%,$10.13B,0,0.00%,$10.13B,0,0.00%,$10.13B,$2.77B,27.32%,$10.13B,$2.02B,19.94%,$2.02B,$20.87B,9.89%,$2.02B,$12.35B,16.45%,$2.02B,$222.58B,0.99%,$2.99B,$28.30B,10.87%,$2560,$111,$2449,$0,$1670,$1834,$726,$-139,$587,$117,$470,$470,$468,$0,$0,$474,481,$1.00,$1.01,$59006,$0,$0,$73261,$1728,$121061,$8516,$18016,$149321,$222582,$194284,$7429,$0,$7429,$201713,$504,$11751,$360,$20869,$222582,$2061,$489,$208,$697,$-148,$70,$0,$-821,$-1149,$1933,$-355,$0,$-511,$10152,$-11690,$-1538,$-2187,$-4591,$-783,$-1587,$-2370,$-1488,$-1000,$-463,$6888,$3055,$397,$0,$-463
24,2012-09-30,37.78,$44.26,0.85,$20.54,1.84,$7.22,5.24,$3.95,9.57,$62.85B,$177.36B,0.35,$6.42B,$20.26B,0.32,$10.04B,$9.52B,94.78%,$10.04B,$2.95B,29.34%,$10.04B,0,0.00%,$10.04B,0,0.00%,$10.04B,$2.71B,27.00%,$10.04B,$1.92B,19.15%,$1.92B,$20.75B,9.59%,$1.92B,$12.79B,16.00%,$1.92B,$204.52B,0.95%,$2.95B,$27.17B,10.78%,$2467,$111,$2356,$0,$1341,$1498,$969,$-28,$941,$267,$674,$674,$654,$0,$0,$472,480,$1.39,$1.36,$46890,$0,$0,$62847,$1720,$115489,$7961,$16505,$141675,$204522,$177355,$6418,$0,$6418,$183773,$504,$11392,$186,$20749,$204522,$1591,$317,$-408,$-91,$-111,$96,$0,$-393,$-67,$1400,$-254,$0,$0,$26084,$-4614,$21470,$-3937,$17279,$-1768,$-1211,$-2979,$-610,$-122,$-341,$-10998,$-14440,$4239,$0,$-341
25,2012-06-30,39.97,$41.55,0.96,$20.61,1.94,$4.86,8.22,$3.69,10.83,$60.24B,$174.49B,0.35,$6.39B,$19.40B,0.33,$10.15B,$9.59B,94.45%,$10.15B,$2.69B,26.51%,$10.15B,0,0.00%,$10.15B,0,0.00%,$10.15B,$2.40B,23.64%,$10.15B,$1.81B,17.84%,$1.81B,$19.90B,9.16%,$1.81B,$11.95B,15.48%,$1.81B,$200.78B,0.89%,$2.69B,$26.29B,9.79%,$2537,$114,$2423,$0,$1686,$1848,$689,$-37,$652,$162,$490,$490,$480,$0,$0,$481,489,$1.00,$0.98,$45983,$0,$0,$60235,$1702,$114185,$7945,$16710,$140542,$200777,$174488,$6392,$0,$6392,$180880,$504,$10846,$-537,$19897,$200777,$917,$197,$-39,$158,$-92,$106,$0,$-1295,$-2105,$-1063,$-143,$0,$0,$26642,$-3839,$22803,$-2269,$20391,$-1762,$284,$-1478,$-220,$-220,$-219,$-13516,$-15433,$3895,$0,$-219
26,2012-03-31,40.51,$41.17,0.98,$20.68,1.96,$2.83,14.3,$3.71,10.92,$50.98B,$159.68B,0.32,$8.12B,$19.66B,0.41,$10.25B,$9.65B,94.19%,$10.25B,$2.73B,26.66%,$10.25B,0,0.00%,$10.25B,0,0.00%,$10.25B,$2.46B,24.02%,$10.25B,$1.83B,17.88%,$1.83B,$20.16B,9.28%,$1.83B,$12.02B,15.83%,$1.83B,$187.96B,0.91%,$2.73B,$28.28B,9.68%,$2561,$140,$2421,$0,$1763,$1954,$607,$-21,$586,$159,$427,$427,$417,$0,$0,$485,490,$0.86,$0.85,$36760,$0,$0,$50979,$1736,$113372,$8143,$13726,$136977,$187956,$159680,$8117,$0,$8117,$167797,$504,$10478,$-299,$20159,$187956,$427,$106,$67,$173,$-144,$-32,$0,$744,$54,$623,$-85,$0,$0,$31327,$-2255,$29072,$-2204,$26783,$-6,$-1177,$-1183,$169,$169,$-95,$-27107,$-28216,$-810,$0,$-95
27,2011-12-31,35.7,$39.80,0.9,$20.49,1.74,$1.86,19.15,$3.79,9.42,$80.68B,$189.30B,0.43,$8.13B,$18.90B,0.43,$10.21B,$9.59B,93.99%,$10.21B,$2.81B,27.48%,$10.21B,0,0.00%,$10.21B,0,0.00%,$10.21B,$2.54B,24.85%,$10.21B,$1.88B,18.44%,$1.88B,$19.40B,9.64%,$1.88B,$11.29B,16.69%,$1.88B,$216.83B,0.96%,$2.81B,$27.53B,9.90%,$2474,$159,$2315,$0,$1584,$1794,$680,$-167,$532,$151,$381,$381,$371,$0,$0,$493,496,$0.76,$0.76,$68831,$0,$0,$80684,$1747,$109153,$8104,$17139,$136143,$216827,$189298,$8131,$0,$8131,$197429,$504,$10176,$-659,$19398,$216827,$1920,$418,$151,$569,$-89,$-624,$0,$1464,$604,$3374,$-298,$0,$-214,$-40769,$-14539,$-55308,$1925,$-53895,$-500,$-8555,$-9055,$-689,$-189,$-295,$58942,$49403,$-1118,$0,$-295
28,2011-09-30,28.36,$39.85,0.71,$19.96,1.42,$-3.21,0.0,$3.19,8.89,$67.62B,$181.03B,0.37,$8.11B,$19.15B,0.42,$9.95B,$9.32B,93.65%,$9.95B,$2.55B,25.64%,$9.95B,0,0.00%,$9.95B,0,0.00%,$9.95B,$2.26B,22.66%,$9.95B,$1.59B,15.99%,$1.59B,$19.65B,8.33%,$1.59B,$11.53B,14.67%,$1.59B,$208.80B,0.87%,$2.55B,$27.76B,9.10%,$2577,$150,$2427,$0,$1663,$1863,$714,$-85,$629,$74,$555,$555,$543,$0,$0,$491,495,$1.11,$1.10,$53965,$0,$0,$67615,$1738,$106613,$8125,$24704,$141180,$208795,$181032,$8112,$0,$8112,$189144,$504,$9889,$-315,$19651,$208795,$1539,$265,$-121,$144,$-199,$-512,$0,$-3258,$-1786,$225,$-209,$0,$-77,$-17380,$-11885,$-29265,$228,$-29323,$-488,$-722,$-1210,$-470,$30,$-199,$36653,$35274,$6176,$0,$-199
29,2011-06-30,39.55,$39.76,0.99,$19.75,2.0,$-1.57,0.0,$3.17,12.47,$54.57B,$161.08B,0.34,$9.54B,$19.33B,0.49,$9.87B,$9.21B,93.29%,$9.87B,$2.64B,26.79%,$9.87B,0,0.00%,$9.87B,0,0.00%,$9.87B,$2.41B,24.41%,$9.87B,$1.59B,16.10%,$1.59B,$19.83B,8.55%,$1.59B,$11.47B,15.46%,$1.59B,$190.46B,0.91%,$2.64B,$29.38B,9.56%,$2638,$147,$2491,$0,$1709,$1906,$732,$-17,$715,$202,$513,$513,$502,$0,$0,$497,501,$1.01,$1.00,$39821,$0,$0,$54570,$1853,$105914,$8364,$19754,$135885,$190455,$161077,$9544,$0,$9544,$170621,$504,$9430,$160,$19834,$190455,$984,$169,$-35,$134,$-138,$-729,$0,$-5425,$-2897,$-2061,$-192,$0,$-77,$-7660,$-10513,$-18173,$-960,$-19402,$968,$-5459,$-4491,$-246,$254,$-103,$27064,$22724,$1261,$0,$-103
30,2011-03-31,39.26,$38.09,1.03,$19.48,2.02,$9.59,4.09,$3.04,12.91,$41.20B,$143.09B,0.29,$9.53B,$18.68B,0.51,$9.72B,$9.02B,92.77%,$9.72B,$2.30B,23.68%,$9.72B,0,0.00%,$9.72B,0,0.00%,$9.72B,$2.04B,21.03%,$9.72B,$1.51B,15.57%,$1.51B,$19.18B,8.58%,$1.51B,$10.82B,16.11%,$1.51B,$171.80B,0.91%,$2.30B,$28.71B,8.70%,$2518,$157,$2361,$0,$1633,$1839,$679,$-19,$660,$189,$471,$471,$466,$0,$0,$497,501,$0.94,$0.93,$26706,$0,$0,$41202,$1845,$102944,$8364,$17441,$130594,$171796,$143085,$9531,$0,$9531,$152616,$504,$9013,$-238,$19180,$171796,$471,$59,$17,$76,$-117,$87,$0,$-939,$228,$153,$-89,$0,$-77,$2925,$-7592,$-4667,$-761,$-5594,$974,$-5744,$-4770,$-27,$473,$-5,$9069,$4767,$-674,$0,$-5
31,2010-12-31,40.32,$35.46,1.14,$19.50,2.07,$13.03,3.09,$3.10,13.01,$42.54B,$134.17B,0.32,$8.55B,$17.79B,0.48,$9.72B,$8.95B,92.15%,$9.72B,$2.34B,24.06%,$9.72B,0,0.00%,$9.72B,0,0.00%,$9.72B,$2.09B,21.47%,$9.72B,$1.54B,15.85%,$1.54B,$17.79B,9.22%,$1.54B,$9.60B,17.15%,$1.54B,$160.51B,0.95%,$2.34B,$26.34B,9.23%,$2221,$178,$2043,$0,$1569,$1794,$427,$-175,$252,$169,$83,$83,$81,$0,$0,$495,498,$0.16,$0.15,$28952,$0,$0,$42542,$1802,$94130,$8190,$13841,$117963,$160505,$134168,$8550,$0,$8550,$142718,$502,$8634,$-689,$17787,$160505,$1556,$-230,$1530,$1300,$-236,$224,$0,$-2062,$-2013,$823,$-262,$0,$-2332,$3857,$2886,$6743,$-957,$3192,$-341,$-11233,$-11574,$-34,$-34,$-20,$8283,$-3345,$670,$0,$-20
32,2010-09-30,32.76,$35.03,0.94,$20.23,1.62,$2.30,14.27,$3.94,8.31,$50.00B,$146.82B,0.34,$8.57B,$17.57B,0.49,$9.96B,$9.19B,92.32%,$9.96B,$2.60B,26.12%,$9.96B,0,0.00%,$9.96B,0,0.00%,$9.96B,$2.51B,25.25%,$9.96B,$1.96B,19.66%,$1.96B,$17.57B,12.32%,$1.96B,$9.24B,22.73%,$1.96B,$172.96B,1.21%,$2.60B,$26.14B,10.58%,$2490,$180,$2310,$0,$1453,$1685,$805,$-23,$782,$236,$546,$546,$540,$0,$0,$496,498,$1.09,$1.08,$34569,$0,$0,$50001,$1835,$98296,$8333,$14499,$122963,$172964,$146822,$8573,$0,$8573,$155395,$502,$8556,$-782,$17569,$172964,$1473,$-228,$147,$-81,$-270,$-1198,$0,$879,$-589,$992,$-157,$0,$-2246,$518,$-1326,$-808,$-2791,$-6002,$-335,$-7638,$-7973,$-32,$-32,$-15,$14972,$6952,$1942,$0,$-15
33,2010-06-30,29.41,$32.03,0.92,$20.07,1.47,$-8.99,0.0,$3.52,8.36,$41.98B,$137.47B,0.31,$8.55B,$16.06B,0.53,$9.88B,$9.12B,92.30%,$9.88B,$2.54B,25.75%,$9.88B,0,0.00%,$9.88B,0,0.00%,$9.88B,$2.22B,22.47%,$9.88B,$1.74B,17.66%,$1.74B,$16.06B,11.74%,$1.74B,$7.95B,21.63%,$1.74B,$162.08B,1.09%,$2.54B,$24.61B,10.77%,$2492,$188,$2304,$0,$1867,$2101,$391,$-41,$350,$-82,$432,$432,$427,$0,$0,$496,499,$0.87,$0.87,$28563,$0,$0,$41977,$1839,$98102,$8111,$12046,$120098,$162075,$137470,$8546,$0,$8546,$146016,$502,$8015,$-1707,$16059,$162075,$927,$-169,$80,$-89,$786,$-55,$0,$-229,$502,$3402,$-79,$0,$-2240,$5971,$-3825,$2146,$-845,$-1018,$-333,$-5020,$-5353,$-31,$-31,$-10,$5681,$287,$2671,$0,$-10
34,2010-03-31,39.24,$30.74,1.28,$20.04,1.96,$-27.15,0.0,$-4.46,0.0,$42.24B,$129.75B,0.33,$8.82B,$15.41B,0.57,$9.70B,$8.93B,92.11%,$9.70B,$2.91B,29.98%,$9.70B,0,0.00%,$9.70B,0,0.00%,$9.70B,$2.61B,26.94%,$9.70B,$-2.00B,-20.59%,$-2.00B,$15.41B,-14.41%,$-2.00B,$9.13B,-26.57%,$-2.00B,$153.97B,-1.27%,$2.91B,$24.23B,12.79%,$2513,$217,$2296,$0,$1547,$1798,$715,$-13,$702,$207,$495,$495,$492,$0,$0,$495,498,$0.99,$0.99,$28427,$0,$0,$42235,$1880,$92787,$6283,$10786,$111736,$153971,$129746,$8815,$0,$8815,$138561,$502,$7588,$-1885,$15410,$153971,$495,$-114,$14,$-100,$-66,$1,$0,$783,$718,$1803,$-25,$0,$0,$2836,$1551,$4387,$-1441,$2921,$-23,$-5480,$-5503,$-34,$-34,$-5,$274,$-5268,$-544,$0,$-5
35,2009-12-31,37.85,$29.28,1.29,$20.00,1.89,$-37.32,0.0,$-4.43,0.0,$44.03B,$134.62B,0.33,$8.84B,$14.49B,0.61,$9.36B,$8.64B,92.29%,$9.36B,$2.82B,30.16%,$9.36B,0,0.00%,$9.36B,0,0.00%,$9.36B,$2.53B,26.97%,$9.36B,$-2.04B,-21.83%,$-2.04B,$14.49B,-15.17%,$-2.04B,$8.13B,-28.69%,$-2.04B,$157.95B,-1.33%,$2.82B,$23.33B,12.70%,$2460,$180,$2280,$0,$1559,$1771,$689,$-9,$680,$182,$498,$498,$498,$0,$0,$471,474,$1.15,$1.16,$31808,$0,$0,$44034,$1953,$93576,$6360,$12023,$113912,$157946,$134617,$8838,$0,$8838,$143455,$495,$7071,$-2238,$14491,$157946,$-1881,$-321,$3994,$3673,$241,$366,$0,$1358,$1965,$-4231,$-325,$0,$0,$28470,$2257,$30727,$1230,$31632,$4406,$-10205,$-5799,$2167,$167,$-168,$-22141,$-27941,$-540,$0,$-168
36,2009-09-30,45.71,$27.19,1.68,$22.63,2.02,$-33.86,0.0,$-5.28,0.0,$47.26B,$140.99B,0.34,$8.85B,$13.44B,0.66,$10.16B,$9.03B,88.92%,$10.16B,$2.83B,27.86%,$10.16B,0,0.00%,$10.16B,0,0.00%,$10.16B,$2.21B,21.72%,$10.16B,$-2.31B,-22.72%,$-2.31B,$13.44B,-17.69%,$-2.31B,$7.04B,-34.50%,$-2.31B,$163.28B,-1.46%,$2.83B,$22.29B,13.67%,$2411,$175,$2236,$0,$1452,$1663,$748,$-261,$487,$160,$327,$327,$327,$0,$0,$493,498,$0.66,$0.66,$34235,$0,$0,$47259,$1947,$92942,$6399,$14730,$116018,$163277,$140992,$8845,$0,$8845,$149837,$495,$6579,$-2776,$13440,$163277,$-2379,$-2631,$6012,$3381,$0,$364,$0,$0,$364,$-4617,$-171,$0,$0,$28431,$1696,$30127,$473,$30429,$4408,$-7916,$-3508,$2163,$163,$-164,$-20457,$-23966,$1846,$0,$-164
37,2009-06-30,41.01,$24.50,1.67,$25.32,1.62,$-33.09,0.0,$-4.85,0.0,$49.90B,$132.34B,0.38,$8.98B,$12.10B,0.74,$11.02B,$9.57B,86.82%,$11.02B,$2.96B,26.84%,$11.02B,0,0.00%,$11.02B,0,0.00%,$11.02B,$2.57B,23.28%,$11.02B,$-2.16B,-19.58%,$-2.16B,$12.10B,-16.66%,$-2.16B,$5.77B,-32.73%,$-2.16B,$153.42B,-1.14%,$2.96B,$21.08B,15.23%,$2315,$193,$2122,$0,$1332,$1559,$756,$-12,$744,$242,$502,$502,$-3314,$0,$0,$463,466,$-7.16,$-7.16,$35794,$0,$0,$49897,$2114,$80701,$6337,$14372,$103524,$153421,$132338,$8980,$0,$8980,$141318,$494,$6255,$-3828,$12103,$153421,$-2706,$-2372,$6054,$3682,$0,$387,$0,$0,$387,$-5006,$-349,$0,$0,$25866,$11543,$37409,$-745,$36315,$4417,$-8313,$-3896,$2257,$257,$-159,$-26648,$-30446,$863,$0,$-159
38,2009-03-31,26.74,$31.90,0.84,$28.10,0.95,$-23.79,0.0,$3.61,7.41,$53.75B,$119.88B,0.45,$8.41B,$11.97B,0.7,$11.86B,$10.12B,85.33%,$11.86B,$3.07B,25.85%,$11.86B,0,0.00%,$11.86B,0,0.00%,$11.86B,$2.65B,22.37%,$11.86B,$1.70B,14.37%,$1.70B,$13.86B,12.68%,$1.70B,$7.56B,24.21%,$1.70B,$142.14B,0.91%,$3.07B,$22.26B,16.39%,$2176,$174,$2002,$0,$1337,$1545,$631,$-17,$614,$138,$476,$476,$445,$0,$0,$432,435,$1.03,$1.02,$44608,$0,$0,$53750,$2029,$70474,$6302,$9589,$88394,$142144,$119881,$8405,$0,$8405,$128286,$435,$9575,$-4987,$13858,$142144,$476,$-23,$-16,$-39,$0,$-4358,$0,$0,$-4358,$-2735,$-140,$0,$0,$21171,$6643,$27814,$1583,$29257,$3923,$-1657,$2266,$3,$3,$-124,$-28309,$-26164,$358,$0,$-124
39,2008-12-31,34.15,$29.60,1.15,$31.33,1.09,$-22.35,0.0,$3.94,8.67,$72.22B,$156.44B,0.46,$4.42B,$10.89B,0.41,$12.92B,$10.69B,82.75%,$12.92B,$3.26B,25.25%,$12.92B,0,0.00%,$12.92B,0,0.00%,$12.92B,$2.84B,21.99%,$12.92B,$1.79B,13.84%,$1.79B,$12.77B,14.12%,$1.79B,$6.40B,28.71%,$1.79B,$173.63B,0.94%,$3.26B,$17.19B,19.34%,$3257,$584,$2673,$0,$1934,$2562,$695,$-27,$362,$106,$256,$256,$234,$0,$0,$413,416,$0.50,$0.51,$61364,$0,$0,$72215,$2011,$76017,$6378,$17010,$101416,$173631,$156438,$4419,$0,$4419,$160857,$432,$9135,$-5650,$12774,$173631,$1811,$369,$-588,$-219,$358,$-689,$0,$-2684,$-3015,$-1877,$-681,$0,$-38,$-33242,$-2419,$-35661,$6810,$-29570,$449,$9302,$9751,$2928,$4807,$-399,$16428,$30587,$-860,$0,$-399
40,2008-09-30,49.08,$30.27,1.62,$32.74,1.5,$-9.46,0.0,$4.36,11.26,$113.47B,$253.49B,0.45,$4.11B,$13.06B,0.31,$13.04B,$10.50B,80.50%,$13.04B,$3.53B,27.07%,$13.04B,0,0.00%,$13.04B,0,0.00%,$13.04B,$2.79B,21.36%,$13.04B,$1.78B,13.63%,$1.78B,$13.06B,14.45%,$1.78B,$6.66B,30.56%,$1.78B,$285.56B,0.98%,$3.53B,$17.17B,21.65%,$3273,$502,$2771,$0,$1861,$2397,$876,$-30,$846,$369,$477,$477,$477,$0,$0,$431,435,$1.10,$1.09,$94123,$0,$0,$113468,$1987,$149486,$6406,$14217,$172096,$285564,$253486,$4106,$14908,$19014,$272500,$432,$9002,$-3146,$13064,$285564,$1555,$463,$3,$466,$0,$-6206,$0,$0,$-6206,$-3447,$-398,$0,$38,$-276,$-78626,$-78902,$-1531,$-80793,$454,$79638,$80092,$2885,$2885,$-282,$55075,$137770,$53530,$0,$-282
41,2008-06-30,54.91,$32.55,1.69,$33.27,1.65,$0.47,116.47,$4.18,13.14,$58.00B,$121.51B,0.48,$4.13B,$14.04B,0.29,$12.93B,$9.97B,77.10%,$12.93B,$3.35B,25.89%,$12.93B,0,0.00%,$12.93B,0,0.00%,$12.93B,$2.49B,19.27%,$12.93B,$1.66B,12.83%,$1.66B,$14.04B,14.00%,$1.66B,$7.55B,31.20%,$1.66B,$146.22B,1.14%,$3.35B,$18.17B,21.27%,$3152,$480,$2672,$0,$1776,$2289,$863,$-32,$831,$283,$548,$548,$548,$0,$0,$402,407,$1.36,$1.35,$41255,$0,$0,$57997,$1992,$71710,$6490,$8032,$88224,$146221,$121505,$4127,$6550,$10677,$132182,$432,$8629,$-1716,$14039,$146221,$1078,$331,$0,$331,$0,$-185,$0,$0,$-185,$-610,$-284,$0,$38,$-7105,$1132,$-5973,$1299,$-4920,$483,$753,$1236,$2873,$2873,$-179,$1454,$5384,$-146,$0,$-179
42,2008-03-31,67.54,$27.69,2.44,$33.56,2.01,$2.28,29.68,$3.90,17.32,$61.16B,$128.54B,0.48,$4.16B,$10.81B,0.39,$12.52B,$9.22B,73.65%,$12.52B,$3.05B,24.35%,$12.52B,0,0.00%,$12.52B,0,0.00%,$12.52B,$2.22B,17.76%,$12.52B,$1.48B,11.80%,$1.48B,$10.81B,14.37%,$1.48B,$4.32B,31.06%,$1.48B,$154.35B,1.08%,$3.05B,$14.97B,21.53%,$3240,$663,$2577,$0,$1715,$2411,$829,$-26,$803,$273,$530,$530,$530,$0,$0,$388,394,$1.36,$1.35,$44181,$0,$0,$61157,$1965,$72304,$6486,$12437,$93192,$154349,$128536,$4162,$10845,$15007,$143543,$398,$8185,$-1658,$10806,$154349,$530,$172,$9,$181,$0,$-455,$0,$0,$-455,$-1876,$-158,$0,$0,$-7536,$409,$-7127,$953,$-6332,$488,$409,$897,$103,$103,$-89,$8913,$9824,$1616,$0,$-89
43,2007-12-31,69.22,$29.25,2.37,$32.83,2.11,$6.47,10.7,$3.48,19.89,$52.45B,$120.81B,0.43,$3.64B,$11.30B,0.32,$11.82B,$8.34B,70.54%,$11.82B,$2.70B,22.85%,$11.82B,0,0.00%,$11.82B,0,0.00%,$11.82B,$1.90B,16.10%,$11.82B,$1.26B,10.67%,$1.26B,$11.30B,13.36%,$1.26B,$4.74B,25.53%,$1.26B,$142.54B,1.00%,$2.70B,$14.94B,20.89%,$3377,$898,$2479,$0,$1483,$2414,$963,$-57,$306,$83,$223,$223,$223,$0,$0,$361,365,$0.54,$0.54,$34574,$0,$0,$52454,$1894,$74559,$6557,$7079,$90089,$142543,$120809,$3636,$6799,$10435,$131244,$398,$7745,$-575,$11299,$142543,$1261,$130,$27,$157,$0,$195,$0,$0,$195,$2939,$-476,$0,$-647,$-3631,$-969,$-4600,$-6131,$-11854,$955,$-7794,$-6839,$-817,$-817,$-301,$18775,$10818,$1903,$0,$-301
44,2007-09-30,57.94,$29.24,1.98,$31.13,1.86,$1.73,33.53,$3.77,15.37,$44.38B,$116.08B,0.38,$3.62B,$11.25B,0.32,$10.97B,$7.48B,68.16%,$10.97B,$2.23B,20.28%,$10.97B,0,0.00%,$10.97B,0,0.00%,$10.97B,$2.04B,18.60%,$10.97B,$1.35B,12.28%,$1.35B,$11.25B,15.98%,$1.35B,$4.66B,26.35%,$1.35B,$139.89B,1.15%,$2.23B,$14.87B,19.08%,$3159,$919,$2240,$0,$1516,$2467,$692,$-141,$551,$193,$358,$358,$358,$0,$0,$387,392,$0.92,$0.91,$31200,$0,$0,$44375,$1824,$77083,$6595,$10011,$95513,$139888,$116084,$3616,$8938,$12554,$128638,$398,$7610,$-369,$11250,$139888,$1038,$360,$23,$383,$0,$-520,$0,$0,$-520,$777,$-347,$0,$-643,$797,$-3233,$-2436,$-1673,$-5099,$960,$-9291,$-8331,$-878,$-878,$-216,$15989,$6564,$2242,$0,$-216
45,2007-06-30,57.96,$23.01,2.52,$30.09,1.93,$0.35,167.75,$3.69,15.71,$34.81B,$95.57B,0.36,$4.09B,$7.75B,0.53,$10.17B,$6.75B,66.44%,$10.17B,$1.96B,19.26%,$10.17B,0,0.00%,$10.17B,0,0.00%,$10.17B,$1.92B,18.84%,$10.17B,$1.27B,12.46%,$1.27B,$7.75B,17.19%,$1.27B,$5.30B,24.16%,$1.27B,$112.27B,1.15%,$1.96B,$11.84B,18.91%,$2739,$818,$1921,$0,$1343,$2176,$563,$0,$563,$197,$366,$366,$366,$0,$0,$336,341,$1.09,$1.07,$21088,$0,$0,$34809,$1725,$67056,$2446,$6232,$77459,$112268,$95570,$4090,$4860,$8950,$104520,$337,$7339,$-276,$7748,$112268,$680,$204,$0,$204,$0,$-64,$0,$0,$-64,$97,$-231,$0,$-570,$4526,$-2282,$2244,$-3092,$-1649,$1480,$-4799,$-3319,$106,$106,$-140,$7388,$4035,$2483,$0,$-140
46,2007-03-31,54.69,$22.24,2.46,$29.27,1.87,$0.89,61.23,$3.30,16.57,$33.00B,$95.50B,0.35,$2.61B,$7.47B,0.35,$9.85B,$6.48B,65.83%,$9.85B,$1.87B,18.98%,$9.85B,0,0.00%,$9.85B,0,0.00%,$9.85B,$1.83B,18.55%,$9.85B,$1.13B,11.45%,$1.13B,$7.47B,16.00%,$1.13B,$5.06B,22.20%,$1.13B,$110.00B,1.04%,$1.87B,$10.08B,19.35%,$2543,$847,$1696,$0,$1201,$2060,$483,$0,$483,$169,$314,$314,$314,$0,$0,$334,339,$0.94,$0.93,$21232,$0,$0,$32999,$1680,$67904,$2411,$5009,$77004,$110003,$95504,$2613,$4419,$7032,$102536,$337,$7046,$-147,$7467,$110003,$314,$190,$-1,$189,$0,$-240,$0,$0,$-240,$-183,$-147,$0,$-547,$3005,$-2824,$181,$-1195,$-1708,$-4,$1875,$1871,$68,$68,$-70,$952,$2821,$930,$0,$-70
47,2006-12-31,56.78,$21.81,2.6,$28.35,2.0,$2.26,25.13,$3.24,17.52,$33.61B,$92.92B,0.36,$2.62B,$7.25B,0.36,$9.53B,$6.31B,66.26%,$9.53B,$1.81B,19.04%,$9.53B,0,0.00%,$9.53B,0,0.00%,$9.53B,$1.77B,18.59%,$9.53B,$1.11B,11.61%,$1.11B,$7.25B,16.30%,$1.11B,$5.43B,22.24%,$1.11B,$107.35B,1.04%,$1.81B,$9.87B,19.30%,$2532,$910,$1622,$0,$1135,$2045,$487,$0,$444,$135,$309,$309,$309,$0,$0,$331,336,$0.93,$0.91,$23067,$0,$0,$33612,$1560,$64992,$1818,$5371,$73741,$107353,$92918,$2616,$4567,$7183,$100101,$337,$7030,$-224,$7252,$107353,$1106,$385,$-31,$354,$0,$-179,$0,$0,$-179,$981,$-310,$0,$0,$-190,$-3571,$-3761,$-2350,$-6421,$-16,$-653,$-669,$-175,$-175,$-259,$5997,$4894,$-546,$0,$-259
