,Date,Stock Price,Book Value per Share,Price to Book Ratio,TTM Sales per Share,Price to Sales Ratio,TTM FCF per Share,Price to FCF Ratio,TTM Net EPS,PE Ratio,Current Assets,Current Liabilities,Current Ratio,Long Term Debt,Shareholder's Equity_x,Debt to Equity Ratio,TTM Revenue_x,TTM Gross Profit,Gross Margin,TTM Revenue_y,TTM Operating Income,Operating Margin,TTM Revenue_x,TTM EBIT,EBIT Margin,TTM Revenue_y,TTM EBITDA,EBITDA Margin,TTM Revenue_x,TTM Pre-Tax Income,Pre-Tax Margin,TTM Revenue_y,TTM Net Income_x,Net Margin,TTM Net Income_y,Shareholder's Equity_y,Return on Equity,TTM Net Income_x,Tangible Equity,Return on Tangible Equity,TTM Net Income_y,Total Assets,Return on Assets,TTM Net Income,LT Investments & Debt,Return on Investment,revenue,cost-goods-sold,gross-profit,research-development-expenses,selling-general-administrative-expenses,operating-expenses,operating-income,total-non-operating-income-expense,pre-tax-income,total-provision-income-taxes,income-after-taxes,income-from-continuous-operations,net-income,ebitda,ebit,basic-shares-outstanding,shares-outstanding,eps-basic-net-earnings-per-share,eps-earnings-per-share-diluted,cash-on-hand,inventory,other-current-assets,total-current-assets,net-property-plant-equipment,long-term-investments,goodwill-intangible-assets-total,other-long-term-assets,total-long-term-assets,total-assets,total-current-liabilities,long-term-debt,other-non-current-liabilities,total-long-term-liabilities,total-liabilities,common-stock-net,retained-earnings-accumulated-deficit,comprehensive-income,total-share-holder-equity,total-liabilities-share-holders-equity,net-income-loss,total-depreciation-amortization-cash-flow,other-non-cash-items,total-non-cash-items,change-in-accounts-receivable,change-in-inventories,change-in-accounts-payable,change-in-assets-liabilities,total-change-in-assets-liabilities,cash-flow-from-operating-activities,net-change-in-property-plant-equipment,net-change-in-intangible-assets,net-acquisitions-divestitures,net-change-in-short-term-investments,net-change-in-long-term-investments,net-change-in-investments-total,investing-activities-other,cash-flow-from-investing-activities,net-long-term-debt,net-current-debt,debt-issuance-retirement-net-total,net-common-equity-issued-repurchased,net-total-equity-issued-repurchased,total-common-preferred-stock-dividends-paid,financial-activities-other,cash-flow-from-financial-activities,net-cash-flow,stock-based-compensation,common-stock-dividends-paid
0,2018-09-30,47.35,$6.48,7.31,$39.60,1.2,$15.58,3.04,$4.97,9.53,$4.52B,$3.18B,1.43,$4.32B,$1.85B,2.34,$11.54B,$3.54B,30.68%,$11.54B,$1.88B,16.30%,$11.54B,$1.88B,16.30%,$11.54B,$2.45B,21.25%,$11.54B,$1.70B,14.71%,$11.54B,$1.45B,12.57%,$1.45B,$1.85B,97.78%,$1.45B,$0.44B,2859.11%,$1.45B,$9.58B,15.79%,$1.88B,$6.17B,32.43%,$2991,$2078,$913,$266,$115,$2488,$503,$-35,$468,$18,$450,$450,$450,$637,$503,$287,292,$1.57,$1.54,$1942,$1116,$263,$4523,$1789,$1259,$1406,$185,$5055,$9578,$3175,$4322,$235,$4557,$7732,$0,$-4569,$-12,$1846,$9578,$450,$134,$2,$136,$-9,$-66,$119,$-9,$1,$587,$-171,$0,$0,$0,$-5,$-5,$0,$-176,$0,$0,$0,$-118,$-118,$-181,$-27,$-326,$88,$18,$-181
1,2018-06-30,56.47,$5.80,9.73,$38.37,1.47,$14.54,3.88,$4.05,13.94,$4.31B,$3.19B,1.35,$4.32B,$1.67B,2.6,$11.18B,$3.36B,30.08%,$11.18B,$1.63B,14.61%,$11.18B,$1.63B,14.61%,$11.18B,$2.23B,19.96%,$11.18B,$1.42B,12.68%,$11.18B,$1.18B,10.57%,$1.18B,$1.67B,88.67%,$1.18B,$0.24B,-970.84%,$1.18B,$9.41B,13.09%,$1.63B,$5.99B,28.06%,$2835,$1931,$904,$259,$140,$2330,$505,$-39,$466,$5,$461,$461,$461,$642,$505,$288,292,$1.60,$1.57,$1853,$1053,$220,$4310,$1792,$1275,$1425,$191,$5100,$9410,$3190,$4320,$235,$4555,$7745,$0,$-4696,$-16,$1665,$9410,$1182,$598,$294,$892,$16,$-71,$65,$59,$39,$2113,$-295,$0,$0,$0,$-1279,$-1279,$-14,$-1588,$-214,$0,$-214,$-248,$-248,$-726,$-23,$-1211,$-686,$112,$-726
2,2018-03-31,57.89,$4.75,12.18,$36.71,1.58,$13.27,4.36,$2.86,20.24,$5.25B,$3.06B,1.72,$4.32B,$1.36B,3.17,$10.76B,$3.13B,29.07%,$10.76B,$1.33B,12.33%,$10.76B,$1.33B,12.33%,$10.76B,$2.01B,18.64%,$10.76B,$1.07B,9.97%,$10.76B,$0.84B,7.76%,$0.84B,$1.36B,66.39%,$0.84B,$-0.08B,-378.68%,$0.84B,$9.01B,9.28%,$1.33B,$5.68B,22.39%,$2803,$1956,$847,$254,$135,$2362,$441,$-48,$393,$12,$381,$381,$381,$584,$441,$286,291,$1.33,$1.31,$2926,$1002,$243,$5247,$1720,$0,$1442,$205,$3765,$9012,$3055,$4319,$274,$4593,$7648,$0,$-4975,$-8,$1364,$9012,$721,$461,$303,$764,$124,$-20,$74,$55,$160,$1645,$-225,$0,$0,$0,$0,$0,$-14,$-239,$-209,$0,$-209,$-251,$-251,$-545,$-22,$-1027,$387,$85,$-545
3,2017-12-31,40.96,$3.72,11.0,$35.99,1.14,$12.87,3.18,$2.20,18.62,$4.91B,$3.11B,1.58,$4.32B,$1.06B,4.07,$10.63B,$3.10B,29.13%,$10.63B,$1.15B,10.83%,$10.63B,$1.15B,10.83%,$10.63B,$1.87B,17.59%,$10.63B,$0.89B,8.39%,$10.63B,$0.65B,6.10%,$0.65B,$1.06B,49.14%,$0.65B,$-0.40B,-342.86%,$0.65B,$8.75B,7.06%,$1.15B,$5.38B,18.65%,$2914,$2037,$877,$250,$142,$2481,$433,$-62,$371,$212,$159,$159,$159,$590,$433,$288,291,$0.55,$0.55,$2556,$1014,$285,$4910,$1762,$0,$1460,$216,$3840,$8750,$3113,$4316,$260,$4576,$7689,$0,$-5174,$-11,$1061,$8750,$340,$318,$266,$584,$145,$-32,$59,$42,$163,$1087,$-199,$0,$0,$0,$0,$0,$-11,$-210,$-152,$0,$-152,$-326,$-326,$-366,$-21,$-865,$17,$59,$-366
4,2017-09-30,31.99,$4.30,7.44,$35.69,0.9,$13.21,2.42,$2.65,12.07,$4.82B,$2.46B,1.96,$5.00B,$1.24B,4.03,$10.61B,$3.11B,29.31%,$10.61B,$1.09B,10.26%,$10.61B,$1.09B,10.26%,$10.61B,$1.84B,17.35%,$10.61B,$0.83B,7.83%,$10.61B,$0.79B,7.41%,$0.79B,$1.24B,54.80%,$0.79B,$-0.25B,-722.76%,$0.79B,$8.96B,8.61%,$1.09B,$6.24B,17.46%,$2632,$1896,$736,$263,$145,$2377,$255,$-67,$188,$7,$181,$181,$181,$416,$255,$290,292,$0.62,$0.62,$2285,$1014,$316,$4824,$1817,$0,$1492,$214,$4132,$8956,$2458,$5002,$254,$5256,$7714,$0,$-4958,$-13,$1242,$8956,$181,$161,$30,$191,$-10,$-32,$-30,$8,$-135,$237,$-124,$0,$0,$0,$0,$0,$-8,$-132,$-22,$0,$-22,$-137,$-137,$-184,$-20,$-363,$-254,$32,$-184
5,2017-06-30,36.66,$4.67,7.84,$35.96,1.02,$14.32,2.56,$2.58,14.21,$5.04B,$2.63B,1.92,$5.02B,$1.36B,3.68,$10.77B,$3.17B,29.47%,$10.77B,$1.05B,9.79%,$10.77B,$1.05B,9.79%,$10.77B,$1.85B,17.13%,$10.77B,$0.82B,7.57%,$10.77B,$0.77B,7.17%,$0.77B,$1.36B,51.30%,$0.77B,$-0.16B,-1015.79%,$0.77B,$9.27B,8.56%,$1.05B,$6.39B,17.35%,$2406,$1740,$666,$288,$146,$2209,$197,$-77,$120,$6,$114,$114,$114,$415,$197,$296,299,$0.39,$0.38,$2539,$982,$321,$5041,$1875,$0,$1519,$224,$4227,$9268,$2626,$5021,$257,$5278,$7904,$0,$-4771,$-17,$1364,$9268,$772,$791,$167,$958,$122,$-114,$121,$-43,$186,$1916,$-434,$0,$0,$6,$-37,$-31,$6,$-459,$916,$0,$916,$-374,$-374,$-561,$-27,$-46,$1411,$137,$-561
6,2017-03-31,42.81,$5.42,7.9,$36.71,1.17,$12.99,3.3,$2.43,17.62,$5.46B,$2.79B,1.96,$5.07B,$1.61B,3.16,$11.02B,$3.17B,28.76%,$11.02B,$0.96B,8.71%,$11.02B,$0.96B,8.71%,$11.02B,$1.76B,15.96%,$11.02B,$0.75B,6.80%,$11.02B,$0.73B,6.61%,$0.73B,$1.61B,46.61%,$0.73B,$0.05B,-1208.30%,$0.73B,$9.74B,8.32%,$0.96B,$6.68B,16.27%,$2674,$1858,$816,$324,$150,$2408,$266,$-54,$212,$18,$194,$194,$194,$448,$266,$296,300,$0.66,$0.65,$3026,$1038,$240,$5460,$1911,$0,$1560,$203,$4279,$9739,$2789,$5073,$269,$5342,$8131,$0,$-4487,$-27,$1608,$9739,$658,$573,$174,$747,$165,$-170,$124,$19,$268,$1673,$-330,$0,$0,$6,$0,$6,$-13,$-337,$1135,$0,$1135,$-165,$-165,$-374,$-25,$571,$1899,$110,$-374
7,2016-12-31,35.09,$5.16,6.8,$36.50,0.96,$11.77,2.98,$1.71,20.52,$4.14B,$2.68B,1.54,$4.09B,$1.52B,2.69,$10.94B,$2.88B,26.30%,$10.94B,$0.72B,6.59%,$10.94B,$0.72B,6.59%,$10.94B,$1.54B,14.04%,$10.94B,$0.55B,4.99%,$10.94B,$0.51B,4.69%,$0.51B,$1.52B,32.45%,$0.51B,$-0.08B,-610.71%,$0.51B,$8.56B,6.10%,$0.72B,$5.62B,12.69%,$2894,$2003,$891,$305,$155,$2524,$370,$-60,$310,$13,$297,$297,$297,$561,$370,$296,298,$1.00,$1.00,$1716,$1008,$205,$4140,$2012,$0,$1601,$194,$4421,$8561,$2681,$4093,$264,$4357,$7038,$0,$-4493,$-33,$1523,$8561,$464,$391,$103,$494,$110,$-140,$170,$10,$289,$1247,$-236,$0,$0,$6,$0,$6,$-4,$-234,$0,$0,$0,$-201,$-201,$-188,$-24,$-413,$588,$73,$-188
8,2016-09-30,34.88,$5.10,6.83,$36.71,0.95,$11.23,3.11,$1.26,27.68,$3.93B,$2.61B,1.51,$4.09B,$1.52B,2.69,$11.03B,$2.73B,24.72%,$11.03B,$0.58B,5.26%,$11.03B,$0.58B,5.26%,$11.03B,$1.41B,12.81%,$11.03B,$0.42B,3.77%,$11.03B,$0.38B,3.45%,$0.38B,$1.52B,23.02%,$0.38B,$-0.12B,-725.71%,$0.38B,$8.50B,4.50%,$0.58B,$5.62B,10.05%,$2797,$1996,$801,$315,$155,$2576,$221,$-48,$173,$6,$167,$167,$167,$421,$221,$299,301,$0.56,$0.55,$1494,$914,$213,$3928,$2093,$0,$1643,$216,$4567,$8495,$2608,$4092,$271,$4363,$6971,$0,$-4456,$-24,$1524,$8495,$167,$200,$34,$234,$12,$-46,$101,$2,$190,$591,$-140,$0,$0,$1,$0,$1,$0,$-139,$0,$0,$0,$-66,$-66,$0,$-23,$-89,$363,$40,$0
9,2016-06-30,21.66,$5.34,4.06,$36.91,0.59,$11.73,1.85,$0.82,26.41,$3.53B,$2.25B,1.57,$4.09B,$1.59B,2.57,$11.16B,$2.62B,23.43%,$11.16B,$0.45B,3.99%,$11.16B,$0.45B,3.99%,$11.16B,$1.29B,11.52%,$11.16B,$0.27B,2.46%,$11.16B,$0.25B,2.22%,$0.25B,$1.59B,14.13%,$0.25B,$-0.09B,157.96%,$0.25B,$8.21B,2.88%,$0.45B,$5.68B,7.57%,$2654,$1993,$661,$307,$143,$2551,$103,$-49,$54,$-16,$70,$70,$70,$329,$103,$299,302,$0.24,$0.23,$1131,$868,$216,$3533,$2160,$0,$1685,$219,$4680,$8213,$2249,$4091,$280,$4371,$6620,$0,$-4311,$-25,$1593,$8213,$248,$841,$127,$968,$464,$145,$-24,$-1,$464,$1680,$-587,$0,$-634,$0,$0,$0,$10,$-1211,$-22,$0,$-22,$-1011,$-1011,$-727,$-60,$-1820,$-1354,$120,$-727
10,2016-03-31,29.65,$5.65,5.25,$36.97,0.8,$13.86,2.14,$1.02,29.07,$3.60B,$2.26B,1.59,$4.13B,$1.68B,2.45,$11.43B,$2.73B,23.88%,$11.43B,$0.55B,4.79%,$11.43B,$0.55B,4.79%,$11.43B,$1.38B,12.03%,$11.43B,$0.37B,3.22%,$11.43B,$0.32B,2.75%,$0.32B,$1.68B,14.92%,$0.32B,$-0.05B,50.52%,$0.32B,$8.37B,3.49%,$0.55B,$5.81B,8.76%,$2595,$2071,$524,$298,$150,$2568,$27,$-18,$9,$30,$-21,$-21,$-21,$225,$27,$298,298,$-0.07,$-0.07,$1199,$928,$223,$3600,$2165,$0,$1730,$260,$4774,$8374,$2259,$4130,$302,$4432,$6691,$0,$-4192,$-28,$1683,$8374,$178,$615,$131,$746,$531,$85,$-31,$-7,$487,$1411,$-441,$0,$-634,$0,$0,$0,$10,$-1065,$-22,$0,$-22,$-1012,$-1012,$-539,$-59,$-1632,$-1286,$95,$-539
11,2015-12-31,30.94,$6.15,5.03,$38.35,0.81,$16.28,1.9,$1.97,15.7,$3.93B,$2.54B,1.55,$4.14B,$1.82B,2.27,$12.17B,$3.16B,25.98%,$12.17B,$0.86B,7.10%,$12.17B,$0.86B,7.10%,$12.17B,$1.70B,13.94%,$12.17B,$0.66B,5.45%,$12.17B,$0.63B,5.15%,$0.63B,$1.82B,25.20%,$0.63B,$0.05B,56.35%,$0.63B,$8.80B,6.64%,$0.86B,$5.96B,13.37%,$2986,$2245,$741,$304,$160,$2757,$229,$-49,$180,$15,$165,$165,$165,$438,$229,$299,301,$0.55,$0.55,$1264,$1046,$223,$3931,$2230,$0,$1773,$245,$4865,$8796,$2539,$4140,$296,$4436,$6975,$0,$-3983,$-32,$1821,$8796,$198,$417,$76,$493,$384,$-32,$257,$-2,$515,$1206,$-346,$0,$-634,$0,$0,$0,$0,$-980,$-15,$0,$-15,$-1020,$-1020,$-351,$-58,$-1444,$-1221,$65,$-351
12,2015-09-30,37.2,$6.43,5.79,$39.43,0.94,$18.36,2.03,$4.20,8.86,$4.88B,$2.72B,1.8,$4.14B,$1.92B,2.15,$12.88B,$3.45B,26.76%,$12.88B,$1.69B,13.11%,$12.88B,$1.69B,13.11%,$12.88B,$2.52B,19.56%,$12.88B,$1.61B,12.49%,$12.88B,$1.40B,10.83%,$1.40B,$1.92B,47.10%,$1.40B,$0.72B,82.10%,$1.40B,$9.08B,14.03%,$1.69B,$6.06B,24.53%,$2925,$2236,$689,$328,$182,$2839,$86,$-55,$31,$-3,$34,$34,$34,$294,$86,$302,308,$0.11,$0.11,$1921,$1098,$221,$4882,$2247,$0,$1203,$250,$4197,$9079,$2718,$4140,$299,$4439,$7157,$0,$-3851,$-30,$1922,$9079,$34,$208,$43,$251,$213,$-105,$426,$2,$539,$824,$-209,$0,$0,$0,$0,$0,$0,$-209,$-15,$0,$-15,$-943,$-943,$-163,$-57,$-1178,$-564,$33,$-163
13,2015-06-30,39.02,$9.57,4.08,$41.17,0.95,$17.64,2.21,$5.22,7.47,$5.57B,$2.34B,2.38,$4.16B,$3.02B,1.38,$13.74B,$3.81B,27.72%,$13.74B,$2.06B,14.98%,$13.74B,$2.06B,14.98%,$13.74B,$2.90B,21.10%,$13.74B,$1.97B,14.34%,$13.74B,$1.74B,12.68%,$1.74B,$3.02B,54.14%,$1.74B,$1.77B,90.69%,$1.74B,$9.85B,17.22%,$2.06B,$7.17B,29.17%,$2928,$2152,$776,$670,$204,$2722,$206,$-58,$148,$11,$137,$137,$137,$418,$206,$324,331,$0.47,$0.47,$2485,$993,$233,$5568,$2278,$0,$1244,$259,$4277,$9845,$2343,$4155,$329,$4484,$6827,$0,$-2686,$-30,$3018,$9845,$1742,$841,$206,$1047,$-2,$29,$-58,$44,$-139,$2650,$-747,$0,$-453,$18,$0,$18,$-105,$-1287,$170,$0,$170,$-989,$-989,$-664,$-12,$-1495,$-152,$137,$-664
14,2015-03-31,42.34,$10.03,4.22,$41.84,1.01,$17.66,2.4,$5.74,7.38,$5.83B,$3.04B,1.92,$3.46B,$3.19B,1.08,$14.11B,$3.96B,28.05%,$14.11B,$2.26B,16.03%,$14.11B,$2.26B,16.03%,$14.11B,$3.10B,21.98%,$14.11B,$2.11B,14.92%,$14.11B,$1.93B,13.64%,$1.93B,$3.19B,60.71%,$1.93B,$1.91B,98.15%,$1.93B,$10.04B,19.20%,$2.26B,$6.65B,32.54%,$3330,$2375,$955,$0,$219,$2987,$343,$-39,$304,$13,$291,$291,$291,$546,$343,$323,330,$0.90,$0.88,$2614,$1083,$244,$5831,$2182,$0,$1281,$243,$4205,$10036,$3043,$3457,$345,$3802,$6845,$0,$-2472,$-33,$3191,$10036,$1605,$629,$147,$776,$-36,$-61,$149,$35,$38,$2419,$-546,$0,$-450,$18,$0,$18,$-90,$-1068,$-38,$0,$-38,$-816,$-816,$-493,$-12,$-1359,$-30,$106,$-493
15,2014-12-31,53.64,$11.29,4.75,$41.82,1.28,$16.57,3.24,$6.03,8.9,$6.63B,$2.82B,2.35,$3.93B,$3.72B,1.06,$14.19B,$3.96B,27.93%,$14.19B,$2.36B,16.65%,$14.19B,$2.36B,16.65%,$14.19B,$3.21B,22.63%,$14.19B,$2.19B,15.45%,$14.19B,$2.03B,14.30%,$2.03B,$3.72B,66.90%,$2.03B,$2.39B,104.16%,$2.03B,$10.81B,20.96%,$2.36B,$7.65B,34.62%,$3696,$2669,$1027,$341,$218,$2643,$1053,$73,$1126,$193,$933,$933,$933,$1261,$1053,$328,336,$2.84,$2.78,$3306,$1129,$245,$6632,$2155,$0,$1321,$208,$4182,$10814,$2819,$3932,$348,$4280,$7099,$0,$-1881,$-25,$3715,$10814,$1314,$426,$124,$550,$-99,$-107,$209,$35,$181,$2045,$-387,$0,$-450,$18,$0,$18,$-34,$-853,$-37,$0,$-37,$-152,$-152,$-317,$-12,$-518,$662,$73,$-317
16,2014-09-30,45.8,$9.01,5.08,$41.02,1.12,$15.21,3.01,$4.49,10.2,$5.58B,$2.60B,2.15,$3.81B,$2.95B,1.29,$14.02B,$3.92B,27.97%,$14.02B,$1.75B,12.51%,$14.02B,$1.75B,12.51%,$14.02B,$2.62B,18.71%,$14.02B,$1.51B,10.76%,$14.02B,$1.52B,10.87%,$1.52B,$2.95B,55.87%,$1.52B,$1.61B,86.02%,$1.52B,$9.77B,16.56%,$1.75B,$6.76B,27.27%,$3785,$2734,$1051,$342,$216,$3329,$456,$-64,$392,$11,$381,$381,$381,$674,$456,$327,337,$1.17,$1.13,$2205,$1071,$273,$5583,$2156,$0,$1341,$186,$4182,$9765,$2596,$3809,$414,$4223,$6819,$0,$-2619,$-15,$2946,$9765,$381,$218,$56,$274,$-179,$-49,$183,$14,$-53,$602,$-172,$0,$-450,$9,$0,$9,$-6,$-619,$-124,$0,$-124,$-144,$-144,$-140,$-12,$-420,$-444,$42,$-140
17,2014-06-30,45.1,$8.67,5.2,$39.27,1.15,$15.35,2.94,$4.52,9.98,$5.78B,$2.40B,2.41,$3.92B,$2.83B,1.38,$13.72B,$3.85B,28.02%,$13.72B,$1.78B,12.94%,$13.72B,$1.78B,12.94%,$13.72B,$2.66B,19.35%,$13.72B,$1.56B,11.34%,$13.72B,$1.57B,11.44%,$1.57B,$2.83B,53.89%,$1.57B,$1.94B,75.44%,$1.57B,$9.49B,17.26%,$1.78B,$6.75B,27.93%,$3301,$2376,$925,$620,$161,$2891,$410,$-126,$284,$-36,$320,$320,$320,$621,$410,$337,347,$0.98,$0.95,$2658,$985,$279,$5777,$2136,$0,$896,$184,$3715,$9492,$2398,$3920,$342,$4262,$6660,$0,$-2677,$-2,$2832,$9492,$1570,$879,$110,$989,$4,$-20,$-190,$340,$-1,$2558,$-556,$0,$-285,$553,$0,$553,$-34,$-322,$1056,$0,$1056,$-1805,$-1805,$-557,$-5,$-1311,$926,$118,$-557
18,2014-03-31,44.19,$8.09,5.46,$38.72,1.14,$15.57,2.84,$4.51,9.8,$5.15B,$2.16B,2.38,$3.51B,$2.64B,1.33,$13.85B,$3.86B,27.87%,$13.85B,$1.81B,13.09%,$13.85B,$1.81B,13.09%,$13.85B,$2.70B,19.52%,$13.85B,$1.57B,11.37%,$13.85B,$1.60B,11.54%,$1.60B,$2.64B,51.85%,$1.60B,$1.86B,70.91%,$1.60B,$8.66B,17.69%,$1.81B,$6.15B,29.05%,$3406,$2447,$959,$0,$190,$2962,$444,$-54,$390,$-5,$395,$395,$395,$655,$444,$327,338,$1.21,$1.17,$2310,$846,$246,$5151,$2065,$0,$781,$195,$3508,$8659,$2162,$3514,$345,$3859,$6021,$0,$-2831,$-2,$2638,$8659,$1250,$668,$55,$723,$32,$8,$-274,$349,$8,$1981,$-428,$0,$0,$509,$0,$509,$-29,$52,$727,$0,$727,$-1788,$-1788,$-417,$-5,$-1483,$551,$87,$-417
19,2013-12-31,43.81,$7.61,5.76,$38.20,1.15,$16.48,2.66,$4.47,9.8,$5.29B,$2.46B,2.15,$3.57B,$2.50B,1.43,$13.97B,$3.85B,27.56%,$13.97B,$1.83B,13.13%,$13.97B,$1.83B,13.13%,$13.97B,$2.73B,19.57%,$13.97B,$1.61B,11.55%,$13.97B,$1.62B,11.59%,$1.62B,$2.50B,49.81%,$1.62B,$1.69B,67.80%,$1.62B,$8.89B,17.88%,$1.83B,$6.07B,29.83%,$3528,$2541,$987,$312,$190,$3084,$444,$-2,$442,$14,$428,$428,$428,$673,$444,$336,346,$1.27,$1.24,$2343,$948,$267,$5289,$2128,$0,$806,$202,$3601,$8890,$2457,$3572,$366,$3938,$6395,$0,$-2902,$-7,$2495,$8890,$855,$457,$14,$471,$51,$-94,$-46,$328,$212,$1538,$-304,$0,$0,$509,$0,$509,$-28,$177,$791,$0,$791,$-1641,$-1641,$-277,$-5,$-1132,$585,$57,$-277
20,2013-09-30,33.83,$10.28,3.29,$37.68,0.9,$17.01,1.99,$4.53,7.47,$5.63B,$2.51B,2.24,$2.77B,$3.69B,0.75,$14.11B,$3.85B,27.32%,$14.11B,$1.95B,13.79%,$14.11B,$1.95B,13.79%,$14.11B,$2.83B,20.09%,$14.11B,$1.67B,11.84%,$14.11B,$1.68B,11.93%,$1.68B,$3.69B,50.12%,$1.68B,$2.84B,68.48%,$1.68B,$9.35B,18.66%,$1.95B,$6.46B,32.06%,$3489,$2514,$975,$294,$181,$3011,$478,$-38,$440,$13,$427,$427,$427,$706,$478,$357,368,$1.20,$1.16,$2521,$871,$501,$5625,$2187,$0,$846,$230,$3720,$9345,$2514,$2772,$370,$3142,$5656,$0,$-1668,$-6,$3689,$9345,$427,$228,$28,$256,$49,$-17,$47,$-2,$-1,$682,$-161,$0,$0,$-6,$0,$-6,$-19,$-186,$0,$0,$0,$-143,$-143,$-135,$-4,$-282,$216,$27,$-135
21,2013-06-30,34.33,$9.75,3.52,$37.32,0.92,$17.73,1.94,$4.79,7.17,$5.41B,$2.61B,2.07,$2.77B,$3.51B,0.79,$14.35B,$3.94B,27.45%,$14.35B,$2.09B,14.57%,$14.35B,$2.09B,14.57%,$14.35B,$2.96B,20.65%,$14.35B,$1.83B,12.76%,$14.35B,$1.84B,12.81%,$1.84B,$3.51B,55.37%,$1.84B,$2.63B,77.14%,$1.84B,$9.24B,20.28%,$2.09B,$6.28B,34.55%,$3425,$2486,$939,$588,$178,$2978,$447,$-145,$302,$-46,$348,$348,$348,$669,$447,$370,382,$1.00,$0.96,$2289,$854,$484,$5412,$2269,$0,$881,$225,$3831,$9243,$2611,$2774,$352,$3126,$5737,$0,$-1778,$-13,$3506,$9243,$1838,$873,$62,$935,$661,$102,$-538,$233,$274,$3047,$-757,$0,$-36,$-17,$0,$-17,$-15,$-825,$-238,$0,$-238,$-1395,$-1395,$-518,$-71,$-2222,$1,$76,$-518
22,2013-03-31,27.73,$9.25,3.0,$38.52,0.72,$17.73,1.56,$6.22,4.46,$4.99B,$2.60B,1.92,$2.47B,$3.31B,0.75,$15.41B,$4.49B,29.11%,$15.41B,$2.70B,17.53%,$15.41B,$2.70B,17.53%,$15.41B,$3.57B,23.16%,$15.41B,$2.54B,16.50%,$15.41B,$2.50B,16.24%,$2.50B,$3.31B,75.45%,$2.50B,$2.39B,106.13%,$2.50B,$8.74B,26.98%,$2.70B,$5.79B,44.48%,$3526,$2578,$948,$0,$168,$3061,$465,$-35,$430,$14,$416,$416,$416,$686,$465,$358,369,$1.16,$1.13,$2010,$833,$471,$4987,$2256,$0,$918,$169,$3756,$8743,$2601,$2474,$356,$2830,$5431,$0,$-1947,$7,$3312,$8743,$1490,$651,$-11,$640,$769,$123,$-462,$308,$529,$2659,$-629,$0,$-36,$0,$0,$0,$-16,$-681,$-421,$0,$-421,$-1379,$-1379,$-381,$-72,$-2253,$-274,$56,$-381
23,2012-12-31,23.08,$8.17,2.82,$38.58,0.6,$15.11,1.53,$7.57,3.05,$5.02B,$2.64B,1.9,$2.82B,$2.93B,0.96,$16.33B,$5.18B,31.70%,$16.33B,$3.45B,21.10%,$16.33B,$3.45B,21.10%,$16.33B,$4.32B,26.43%,$16.33B,$3.27B,20.03%,$16.33B,$3.23B,19.79%,$3.23B,$2.93B,94.87%,$3.23B,$1.97B,133.20%,$3.23B,$8.74B,33.65%,$3.45B,$5.74B,55.05%,$3668,$2676,$992,$277,$139,$3113,$555,$-56,$499,$7,$492,$492,$492,$773,$555,$369,379,$1.33,$1.30,$1970,$800,$487,$5017,$2228,$0,$956,$132,$3725,$8742,$2643,$2815,$359,$3174,$5817,$0,$-2261,$18,$2925,$8742,$1074,$430,$-5,$425,$683,$156,$-496,$293,$477,$1976,$-423,$0,$-36,$20,$0,$20,$-14,$-453,$-58,$0,$-58,$-1342,$-1342,$-377,$-72,$-1849,$-324,$36,$-377
24,2012-09-30,22.92,$9.16,2.5,$36.18,0.63,$12.21,1.88,$7.55,3.04,$5.75B,$2.75B,2.09,$2.87B,$3.54B,0.81,$15.86B,$5.20B,32.76%,$15.86B,$3.50B,22.04%,$15.86B,$3.50B,22.04%,$15.86B,$4.34B,27.36%,$15.86B,$3.33B,21.00%,$15.86B,$3.30B,20.83%,$3.30B,$3.54B,93.26%,$3.30B,$2.54B,130.07%,$3.30B,$9.52B,34.01%,$3.50B,$6.40B,54.44%,$3732,$2671,$1061,$268,$150,$3108,$624,$-24,$600,$18,$582,$582,$582,$836,$624,$394,409,$1.48,$1.42,$2470,$845,$638,$5749,$2243,$0,$992,$135,$3773,$9522,$2753,$2867,$367,$3234,$5987,$0,$-1658,$17,$3535,$9522,$582,$212,$-27,$185,$648,$110,$-373,$169,$365,$1132,$-259,$0,$-36,$30,$0,$30,$0,$-265,$0,$0,$0,$-482,$-482,$-127,$-72,$-681,$187,$17,$-127
25,2012-06-30,18.14,$8.83,2.05,$33.55,0.54,$9.96,1.82,$6.45,2.81,$6.31B,$3.40B,1.86,$2.86B,$3.50B,0.82,$14.94B,$4.68B,31.35%,$14.94B,$3.11B,20.80%,$14.94B,$3.11B,20.80%,$14.94B,$3.92B,26.25%,$14.94B,$2.88B,19.29%,$14.94B,$2.86B,19.16%,$2.86B,$3.50B,87.65%,$2.86B,$2.53B,113.99%,$2.86B,$10.11B,30.07%,$3.11B,$6.36B,50.46%,$4483,$2999,$1484,$798,$140,$3426,$1057,$-44,$1013,$0,$1013,$1013,$1013,$1274,$1057,$426,441,$2.50,$2.41,$2211,$909,$767,$6310,$2284,$0,$969,$147,$3796,$10106,$3396,$2863,$350,$3213,$6609,$0,$-1444,$-9,$3497,$10106,$2862,$814,$10,$824,$-824,$99,$157,$-55,$-424,$3262,$-616,$0,$-561,$62,$0,$62,$1,$-1114,$-670,$0,$-670,$-2082,$-2082,$-372,$6,$-3118,$-970,$51,$-372
26,2012-03-31,19.61,$8.49,2.31,$29.51,0.66,$5.03,3.9,$4.35,4.51,$6.37B,$3.15B,2.02,$2.86B,$3.67B,0.78,$13.32B,$3.75B,28.17%,$13.32B,$2.24B,16.83%,$13.32B,$2.24B,16.83%,$13.32B,$3.03B,22.72%,$13.32B,$2.00B,15.00%,$13.32B,$1.97B,14.78%,$1.97B,$3.67B,65.45%,$1.97B,$2.67B,79.15%,$1.97B,$10.06B,21.17%,$2.24B,$6.54B,37.84%,$4450,$2809,$1641,$0,$142,$3240,$1210,$-51,$1159,$13,$1146,$1146,$1146,$1434,$1210,$446,463,$2.57,$2.48,$2144,$841,$808,$6368,$2179,$0,$1005,$134,$3696,$10064,$3154,$2862,$374,$3236,$6390,$0,$-1121,$-9,$3674,$10064,$1849,$597,$27,$624,$-983,$167,$191,$-66,$-656,$1817,$-486,$0,$-561,$66,$0,$66,$16,$-965,$-670,$0,$-670,$-958,$-958,$-266,$3,$-1891,$-1039,$38,$-266
27,2011-12-31,11.82,$7.45,1.59,$25.84,0.46,$2.73,4.32,$2.08,5.68,$5.40B,$2.37B,2.28,$2.93B,$3.47B,0.84,$11.56B,$2.63B,22.71%,$11.56B,$1.21B,10.47%,$11.56B,$1.21B,10.47%,$11.56B,$1.96B,16.94%,$11.56B,$0.96B,8.31%,$11.56B,$0.92B,7.91%,$0.92B,$3.47B,33.76%,$0.92B,$2.42B,37.48%,$0.92B,$9.17B,10.34%,$1.21B,$6.39B,22.01%,$3195,$2185,$1010,$0,$141,$2590,$605,$-47,$558,$-5,$563,$563,$563,$796,$605,$427,439,$1.32,$1.28,$2325,$827,$522,$5400,$2210,$0,$1044,$141,$3771,$9171,$2372,$2925,$409,$3334,$5706,$0,$-1150,$-13,$3465,$9171,$703,$373,$23,$396,$-130,$181,$-500,$207,$-220,$879,$-352,$0,$-561,$70,$0,$70,$0,$-843,$-594,$0,$-594,$-140,$-140,$-154,$0,$-888,$-852,$26,$-154
28,2011-09-30,7.32,$5.77,1.27,$24.16,0.3,$1.93,3.8,$1.11,6.6,$6.00B,$3.04B,1.97,$2.92B,$2.43B,1.21,$11.09B,$2.15B,19.35%,$11.09B,$0.81B,7.32%,$11.09B,$0.81B,7.32%,$11.09B,$1.56B,14.06%,$11.09B,$0.58B,5.21%,$11.09B,$0.50B,4.53%,$0.50B,$2.43B,19.78%,$0.50B,$2.43B,19.84%,$0.50B,$8.73B,5.75%,$0.81B,$5.35B,15.64%,$2811,$2262,$549,$208,$105,$2575,$236,$-84,$152,$12,$140,$140,$140,$418,$236,$421,433,$0.33,$0.32,$2988,$825,$639,$5998,$2190,$0,$0,$170,$2734,$8732,$3039,$2924,$344,$3268,$6307,$0,$-1574,$-20,$2425,$8732,$140,$182,$17,$199,$49,$47,$-298,$68,$-179,$160,$-210,$0,$0,$61,$0,$61,$0,$-149,$-34,$0,$-34,$-102,$-102,$-78,$0,$-214,$-203,$12,$-78
29,2011-06-30,11.36,$5.80,1.96,$23.21,0.49,$1.81,6.27,$1.10,10.32,$6.43B,$3.46B,1.86,$2.95B,$2.46B,1.2,$10.97B,$2.15B,19.56%,$10.97B,$0.81B,7.35%,$10.97B,$0.81B,7.35%,$10.97B,$1.56B,14.22%,$10.97B,$0.58B,5.28%,$10.97B,$0.51B,4.66%,$0.51B,$2.46B,19.19%,$0.51B,$2.43B,19.25%,$0.51B,$9.23B,5.99%,$0.81B,$5.42B,16.17%,$2860,$2309,$551,$229,$128,$2670,$190,$-61,$129,$10,$119,$119,$119,$377,$190,$451,467,$0.28,$0.26,$3253,$872,$706,$6425,$2245,$0,$32,$149,$2800,$9225,$3463,$2952,$347,$3299,$6762,$0,$-1511,$-6,$2463,$9225,$511,$754,$100,$854,$-95,$-115,$386,$-200,$-116,$1264,$-766,$0,$0,$-227,$0,$-227,$12,$-981,$947,$0,$947,$-739,$-739,$-74,$-3,$131,$414,$51,$-74
30,2011-03-31,10.02,$5.84,1.72,$22.25,0.45,$3.30,3.03,$1.59,6.3,$5.50B,$3.11B,1.77,$2.35B,$2.49B,0.95,$10.77B,$2.32B,21.57%,$10.77B,$1.00B,9.26%,$10.77B,$1.00B,9.26%,$10.77B,$1.75B,16.28%,$10.77B,$0.79B,7.34%,$10.77B,$0.77B,7.16%,$0.77B,$2.49B,28.27%,$0.77B,$2.49B,28.27%,$0.77B,$8.28B,9.30%,$1.00B,$4.84B,20.54%,$2695,$2179,$516,$224,$110,$2516,$179,$-57,$122,$29,$93,$93,$93,$367,$179,$437,453,$0.21,$0.21,$2583,$834,$586,$5504,$2208,$0,$0,$195,$2776,$8280,$3105,$2352,$336,$2688,$5793,$0,$-1441,$-2,$2487,$8280,$392,$567,$94,$661,$7,$-77,$181,$-80,$-106,$947,$-683,$0,$0,$-18,$0,$-18,$-2,$-703,$359,$0,$359,$-662,$-662,$0,$-3,$-306,$-62,$38,$0
31,2010-12-31,10.46,$6.13,1.71,$22.16,0.47,$5.10,2.05,$2.38,4.39,$5.83B,$3.18B,1.83,$2.37B,$2.78B,0.85,$11.12B,$2.71B,24.34%,$11.12B,$1.38B,12.39%,$11.12B,$1.38B,12.39%,$11.12B,$2.13B,19.19%,$11.12B,$1.19B,10.70%,$11.12B,$1.20B,10.75%,$1.20B,$2.78B,43.18%,$1.20B,$2.78B,43.18%,$1.20B,$8.66B,14.66%,$1.38B,$5.14B,29.27%,$2719,$2190,$529,$213,$102,$2513,$206,$-31,$175,$25,$150,$150,$150,$396,$206,$469,486,$0.32,$0.31,$2911,$808,$603,$5826,$2262,$0,$0,$194,$2832,$8658,$3178,$2365,$339,$2704,$5882,$0,$-1129,$11,$2776,$8658,$299,$379,$68,$447,$9,$-51,$243,$-81,$6,$752,$-560,$0,$0,$-19,$0,$-19,$-1,$-580,$374,$0,$374,$-281,$-281,$0,$0,$93,$265,$26,$0
32,2010-09-30,8.19,$6.19,1.32,$22.39,0.37,$6.31,1.3,$3.10,2.64,$5.16B,$3.12B,1.66,$1.61B,$2.92B,0.55,$11.43B,$3.10B,27.13%,$11.43B,$1.75B,15.31%,$11.43B,$1.75B,15.31%,$11.43B,$2.51B,21.94%,$11.43B,$1.54B,13.49%,$11.43B,$1.58B,13.82%,$1.58B,$2.92B,59.37%,$1.58B,$2.92B,59.37%,$1.58B,$7.99B,20.13%,$1.75B,$4.54B,39.06%,$2697,$2147,$550,$209,$105,$2466,$231,$-78,$153,$4,$149,$149,$149,$420,$231,$471,487,$0.32,$0.31,$2168,$743,$609,$5156,$2275,$0,$0,$178,$2832,$7988,$3116,$1614,$335,$1949,$5065,$0,$-974,$24,$2923,$7988,$149,$189,$38,$227,$-111,$14,$159,$-67,$-131,$245,$-358,$0,$0,$-19,$0,$-19,$-2,$-379,$-362,$0,$-362,$16,$16,$0,$0,$-346,$-480,$13,$0
33,2010-06-30,9.07,$5.53,1.64,$22.05,0.41,$6.92,1.31,$3.14,2.89,$5.42B,$3.00B,1.81,$2.17B,$2.72B,0.8,$11.40B,$3.20B,28.12%,$11.40B,$1.74B,15.27%,$11.40B,$1.74B,15.27%,$11.40B,$2.58B,22.62%,$11.40B,$1.57B,13.77%,$11.40B,$1.61B,14.12%,$1.61B,$2.72B,67.78%,$1.61B,$2.72B,67.78%,$1.61B,$8.25B,21.25%,$1.74B,$4.90B,40.77%,$2656,$1929,$727,$218,$116,$2275,$381,$-41,$340,$-39,$379,$379,$379,$570,$381,$491,514,$0.80,$0.76,$2629,$757,$514,$5418,$2263,$0,$0,$171,$2829,$8247,$2997,$2173,$353,$2526,$5523,$0,$-1123,$-4,$2724,$8247,$1609,$837,$55,$892,$-367,$-170,$2,$16,$-569,$1932,$-618,$0,$0,$-125,$0,$-125,$-9,$-752,$125,$-350,$-225,$-498,$-498,$0,$379,$-344,$836,$57,$0
34,2010-03-31,12.7,$5.43,2.34,$21.71,0.59,$4.76,2.67,$2.22,5.72,$5.16B,$3.14B,1.64,$1.60B,$2.66B,0.6,$11.09B,$2.89B,26.08%,$11.09B,$1.35B,12.15%,$11.09B,$1.35B,12.15%,$11.09B,$2.22B,20.02%,$11.09B,$1.17B,10.58%,$11.09B,$1.15B,10.34%,$1.15B,$2.66B,55.11%,$1.15B,$2.66B,55.60%,$1.15B,$7.75B,15.75%,$1.35B,$4.26B,34.44%,$3049,$2148,$901,$224,$105,$2489,$560,$-38,$522,$4,$518,$518,$518,$748,$560,$520,520,$1.05,$1.00,$2379,$685,$560,$5156,$2054,$0,$0,$153,$2591,$7747,$3136,$1598,$356,$1954,$5090,$0,$-1169,$-1,$2657,$7747,$1230,$648,$70,$718,$-418,$-98,$242,$-5,$-340,$1608,$-372,$0,$0,$-76,$0,$-76,$1,$-447,$-385,$-350,$-735,$-170,$-170,$0,$379,$-526,$635,$38,$0
35,2009-12-31,12.66,$4.68,2.7,$20.24,0.63,$2.55,4.97,$0.66,19.17,$4.88B,$2.79B,1.75,$1.90B,$2.34B,0.81,$10.19B,$2.14B,21.04%,$10.19B,$0.53B,5.16%,$10.19B,$0.53B,5.16%,$10.19B,$1.44B,14.09%,$10.19B,$0.36B,3.53%,$10.19B,$0.35B,3.47%,$0.35B,$2.34B,19.53%,$0.35B,$2.34B,19.98%,$0.35B,$7.39B,5.06%,$0.53B,$4.23B,14.35%,$3027,$2104,$923,$227,$110,$2449,$578,$-51,$527,$-6,$533,$533,$533,$770,$578,$498,520,$1.07,$1.03,$2210,$645,$594,$4881,$1983,$0,$0,$160,$2507,$7388,$2793,$1895,$365,$2260,$5053,$0,$-1436,$-5,$2335,$7388,$712,$460,$53,$513,$-300,$-58,$229,$-41,$-194,$1031,$-192,$0,$0,$-78,$0,$-78,$-3,$-273,$-380,$-335,$-715,$42,$42,$0,$379,$-294,$464,$25,$0
36,2009-09-30,10.58,$3.58,2.96,$19.08,0.55,$0.72,14.64,$-1.39,0.0,$4.31B,$2.80B,1.54,$1.91B,$1.78B,1.07,$9.44B,$1.54B,16.29%,$9.44B,$-2.53B,-26.76%,$9.44B,$-2.53B,-26.76%,$9.44B,$0.74B,7.85%,$9.44B,$-2.68B,-28.35%,$9.44B,$-3.00B,-31.83%,$-3.00B,$1.78B,-177.77%,$-3.00B,$1.78B,-185.31%,$-3.00B,$6.90B,-43.41%,$-2.53B,$3.69B,-72.37%,$2663,$2010,$653,$208,$106,$2442,$221,$-41,$180,$1,$179,$179,$179,$489,$221,$494,512,$0.36,$0.35,$1792,$622,$552,$4307,$2039,$0,$0,$184,$2592,$6899,$2797,$1910,$413,$2323,$5120,$0,$-1969,$0,$1779,$6899,$179,$268,$15,$283,$-209,$-35,$112,$20,$-184,$278,$-89,$0,$0,$27,$0,$27,$-2,$-64,$-334,$-135,$-469,$26,$26,$0,$332,$-111,$103,$11,$0
37,2009-06-30,7.28,$3.15,2.31,$20.02,0.36,$0.40,18.08,$-1.62,0.0,$4.29B,$3.19B,1.34,$1.93B,$1.55B,1.24,$9.81B,$1.41B,14.38%,$9.81B,$-2.67B,-27.18%,$9.81B,$-2.67B,-27.18%,$9.81B,$0.59B,5.98%,$9.81B,$-2.81B,-28.70%,$9.81B,$-3.13B,-31.87%,$-3.13B,$1.55B,-129.90%,$-3.13B,$1.48B,-181.03%,$-3.13B,$7.09B,-40.40%,$-2.67B,$3.48B,-65.47%,$2352,$1937,$415,$215,$113,$2363,$-11,$-45,$-56,$27,$-83,$-83,$-83,$213,$-11,$488,488,$-0.16,$-0.16,$2049,$587,$528,$4294,$2229,$0,$73,$119,$2793,$7087,$3194,$1926,$413,$2339,$5533,$0,$-2148,$-6,$1554,$7087,$-3125,$3251,$397,$3648,$372,$358,$-79,$76,$300,$823,$-626,$0,$0,$-6,$0,$-6,$14,$-618,$344,$350,$694,$54,$54,$-132,$-384,$232,$437,$83,$-132
38,2009-03-31,4.18,$3.23,1.3,$20.59,0.2,$3.04,1.37,$-1.14,0.0,$3.54B,$2.85B,1.24,$1.68B,$1.58B,1.06,$10.35B,$1.69B,16.29%,$10.35B,$-2.46B,-23.73%,$10.35B,$-2.46B,-23.73%,$10.35B,$0.78B,7.56%,$10.35B,$-2.59B,-24.99%,$10.35B,$-2.89B,-27.95%,$-2.89B,$1.58B,-91.44%,$-2.89B,$1.49B,-153.33%,$-2.89B,$6.63B,-34.06%,$-2.46B,$3.26B,-51.57%,$2150,$1997,$153,$243,$134,$2412,$-262,$-29,$-291,$-16,$-275,$-275,$-275,$-36,$-262,$489,489,$-0.56,$-0.56,$1481,$577,$464,$3544,$2355,$0,$93,$181,$3082,$6626,$2849,$1680,$513,$2193,$5042,$0,$-2036,$-8,$1584,$6626,$-3042,$3027,$364,$3391,$534,$368,$-263,$116,$282,$631,$-553,$0,$0,$33,$0,$33,$8,$-512,$-20,$350,$330,$45,$45,$-132,$0,$243,$362,$70,$-132
39,2008-12-31,3.06,$3.77,0.81,$22.05,0.14,$5.78,0.53,$0.07,43.72,$3.79B,$3.01B,1.26,$1.68B,$1.84B,0.92,$11.31B,$2.35B,20.78%,$11.31B,$-1.83B,-16.20%,$11.31B,$-1.83B,-16.20%,$11.31B,$1.39B,12.32%,$11.31B,$-1.95B,-17.22%,$11.31B,$-2.27B,-20.11%,$-2.27B,$1.84B,-57.81%,$-2.27B,$1.73B,-110.64%,$-2.27B,$7.06B,-24.09%,$-1.83B,$3.52B,-33.09%,$2270,$1954,$316,$235,$142,$4743,$-2473,$-35,$-2508,$316,$-2824,$-2824,$-2824,$75,$-2473,$487,487,$-5.80,$-5.80,$1309,$796,$486,$3788,$2510,$0,$109,$217,$3272,$7060,$3007,$1684,$529,$2213,$5220,$0,$-1748,$-14,$1840,$7060,$-2767,$2801,$350,$3151,$368,$149,$-282,$162,$8,$392,$-494,$0,$0,$15,$0,$15,$4,$-475,$-15,$350,$335,$36,$36,$-117,$0,$254,$171,$53,$-117
40,2008-09-30,8.23,$9.52,0.86,$23.54,0.35,$8.04,1.02,$1.82,4.52,$4.37B,$3.59B,1.22,$1.37B,$4.65B,0.3,$12.46B,$2.92B,23.46%,$12.46B,$1.06B,8.52%,$12.46B,$1.06B,8.52%,$12.46B,$1.95B,15.68%,$12.46B,$0.98B,7.90%,$12.46B,$0.95B,7.65%,$0.95B,$4.65B,20.09%,$0.95B,$2.20B,42.21%,$0.95B,$10.17B,9.23%,$1.06B,$6.02B,16.69%,$3033,$2507,$526,$260,$148,$2952,$81,$-40,$41,$-16,$57,$57,$57,$334,$81,$485,494,$0.12,$0.12,$1153,$909,$640,$4367,$2509,$0,$2443,$234,$5802,$10169,$3587,$1370,$567,$1937,$5524,$0,$1102,$-20,$4645,$10169,$57,$253,$19,$272,$16,$36,$278,$-94,$-25,$304,$-280,$0,$0,$3,$0,$3,$12,$-265,$0,$0,$0,$35,$35,$-59,$0,$-24,$15,$27,$-59
41,2008-06-30,12.89,$9.45,1.36,$23.26,0.55,$9.07,1.42,$2.34,5.51,$4.27B,$3.29B,1.3,$1.67B,$4.59B,0.36,$12.71B,$3.21B,25.22%,$12.71B,$1.38B,10.83%,$12.71B,$1.38B,10.83%,$12.71B,$2.22B,17.47%,$12.71B,$1.32B,10.37%,$12.71B,$1.25B,9.84%,$1.25B,$4.59B,26.05%,$1.25B,$2.12B,54.32%,$1.25B,$10.12B,12.14%,$1.38B,$6.26B,21.14%,$2899,$2208,$691,$270,$175,$2702,$197,$-26,$171,$22,$149,$149,$149,$410,$197,$512,538,$0.32,$0.32,$1141,$945,$502,$4272,$2464,$0,$2463,$305,$5848,$10120,$3287,$1670,$577,$2247,$5534,$0,$1101,$-16,$4586,$10120,$1251,$844,$119,$963,$-67,$-151,$351,$37,$324,$2538,$-901,$0,$-78,$-26,$0,$-26,$14,$-991,$-34,$0,$-34,$-1301,$-1301,$-216,$6,$-1545,$2,$113,$-216
42,2008-03-31,14.02,$9.44,1.49,$22.55,0.62,$6.18,2.27,$2.98,4.71,$4.61B,$3.45B,1.33,$1.69B,$4.66B,0.36,$12.55B,$3.11B,24.76%,$12.55B,$1.37B,10.90%,$12.55B,$1.37B,10.90%,$12.55B,$2.20B,17.53%,$12.55B,$1.32B,10.51%,$12.55B,$1.64B,13.10%,$1.64B,$4.66B,33.96%,$1.64B,$2.17B,70.42%,$1.64B,$10.41B,16.21%,$1.37B,$6.35B,20.85%,$3104,$2288,$816,$254,$164,$2741,$363,$-14,$349,$5,$344,$344,$344,$574,$363,$507,530,$0.68,$0.65,$1283,$1073,$675,$4607,$2357,$0,$2498,$292,$5806,$10413,$3454,$1685,$611,$2296,$5750,$0,$1193,$6,$4663,$10413,$1102,$631,$93,$724,$-8,$-279,$614,$-157,$317,$2143,$-608,$0,$-78,$-14,$0,$-14,$15,$-685,$-34,$0,$-34,$-1112,$-1112,$-159,$2,$-1303,$155,$86,$-159
43,2007-12-31,16.99,$9.64,1.76,$21.59,0.79,$3.13,5.43,$2.70,6.29,$4.86B,$3.19B,1.52,$1.73B,$5.08B,0.34,$12.28B,$2.90B,23.58%,$12.28B,$1.25B,10.20%,$12.28B,$1.25B,10.20%,$12.28B,$2.11B,17.18%,$12.28B,$1.20B,9.78%,$12.28B,$1.51B,12.32%,$1.51B,$5.08B,31.63%,$1.51B,$2.54B,67.70%,$1.51B,$10.62B,15.34%,$1.25B,$6.82B,19.22%,$3420,$2531,$889,$262,$167,$3000,$420,$3,$423,$20,$403,$403,$403,$635,$420,$526,556,$0.77,$0.73,$1750,$830,$469,$4857,$2267,$0,$2542,$276,$5759,$10616,$3187,$1734,$613,$2347,$5534,$0,$1685,$1,$5082,$10616,$758,$420,$61,$481,$-249,$-36,$475,$-25,$239,$1478,$-338,$0,$-78,$-161,$0,$-161,$17,$-560,$0,$0,$0,$-368,$-368,$-107,$2,$-473,$445,$58,$-107
44,2007-09-30,16.98,$9.21,1.84,$20.45,0.83,$0.85,19.93,$2.20,7.72,$4.35B,$2.86B,1.52,$1.73B,$4.88B,0.36,$11.85B,$2.55B,21.53%,$11.85B,$1.00B,8.42%,$11.85B,$1.00B,8.42%,$11.85B,$1.86B,15.65%,$11.85B,$0.92B,7.78%,$11.85B,$1.25B,10.54%,$1.25B,$4.88B,27.13%,$1.25B,$2.38B,60.76%,$1.25B,$10.07B,13.12%,$1.00B,$6.61B,15.75%,$3285,$2476,$809,$242,$153,$2889,$396,$-21,$375,$20,$355,$355,$355,$601,$396,$531,560,$0.67,$0.64,$1498,$763,$354,$4349,$2246,$0,$2496,$296,$5716,$10065,$2863,$1734,$588,$2322,$5185,$0,$1586,$-1,$4880,$10065,$355,$205,$44,$249,$-133,$31,$250,$4,$150,$754,$-150,$0,$-6,$-79,$0,$-79,$-3,$-238,$0,$0,$0,$-187,$-187,$-54,$0,$-241,$275,$29,$-54
45,2007-06-30,14.39,$8.85,1.63,$19.19,0.75,$-0.90,0.0,$1.66,8.67,$3.80B,$2.65B,1.44,$1.73B,$4.74B,0.37,$11.36B,$2.19B,19.23%,$11.36B,$0.61B,5.40%,$11.36B,$0.61B,5.40%,$11.36B,$1.47B,12.90%,$11.36B,$0.56B,4.94%,$11.36B,$0.91B,8.04%,$0.91B,$4.74B,19.57%,$0.91B,$2.25B,44.52%,$0.91B,$9.47B,9.48%,$0.61B,$6.47B,9.59%,$2743,$2149,$594,$221,$142,$2554,$189,$-17,$172,$-370,$542,$542,$542,$390,$189,$558,587,$0.97,$0.93,$1144,$794,$284,$3801,$2278,$0,$2488,$331,$5671,$9472,$2649,$1733,$353,$2086,$4735,$0,$1537,$-4,$4737,$9472,$913,$851,$-138,$713,$34,$106,$-391,$-60,$-683,$943,$-851,$0,$-178,$675,$0,$675,$-48,$-402,$1056,$0,$1056,$-1307,$-1307,$-212,$0,$-463,$78,$128,$-212
46,2007-03-31,15.33,$8.14,1.88,$19.35,0.79,$-0.20,0.0,$0.71,21.6,$3.81B,$2.75B,1.39,$1.73B,$4.42B,0.39,$11.15B,$2.05B,18.36%,$11.15B,$0.50B,4.46%,$11.15B,$0.50B,4.46%,$11.15B,$1.32B,11.87%,$11.15B,$0.47B,4.24%,$11.15B,$0.38B,3.39%,$0.38B,$4.42B,7.90%,$0.38B,$1.76B,18.03%,$0.38B,$9.26B,3.92%,$0.50B,$6.15B,7.96%,$2828,$2225,$603,$214,$126,$2581,$247,$-17,$230,$18,$212,$212,$212,$483,$247,$546,577,$0.39,$0.37,$1210,$832,$400,$3809,$2279,$0,$2659,$517,$5455,$9264,$2748,$1733,$363,$2096,$4844,$0,$1251,$4,$4420,$9264,$371,$650,$182,$832,$48,$68,$-295,$-38,$-633,$570,$-659,$0,$-178,$529,$0,$529,$-44,$-352,$1056,$0,$1056,$-1117,$-1117,$-158,$0,$-219,$-1,$101,$-158
47,2006-12-31,17.38,$7.89,2.2,$18.84,0.92,$1.28,13.61,$0.87,19.97,$3.99B,$2.82B,1.42,$1.74B,$4.38B,0.4,$10.61B,$2.00B,18.85%,$10.61B,$0.50B,4.74%,$10.61B,$0.50B,4.74%,$10.61B,$1.24B,11.72%,$10.61B,$0.52B,4.90%,$10.61B,$0.44B,4.15%,$0.44B,$4.38B,9.69%,$0.44B,$1.83B,17.48%,$0.44B,$9.28B,4.98%,$0.50B,$6.12B,8.87%,$2996,$2450,$546,$226,$141,$2830,$166,$-21,$145,$5,$140,$140,$140,$381,$166,$571,598,$0.25,$0.23,$1560,$771,$410,$3992,$2240,$0,$2548,$498,$5286,$9278,$2815,$1738,$348,$2086,$4901,$0,$1342,$5,$4377,$9278,$159,$414,$131,$545,$156,$129,$-267,$-95,$-403,$301,$-438,$0,$0,$365,$0,$365,$-29,$-102,$1061,$0,$1061,$-971,$-971,$-104,$1,$-13,$186,$69,$-104
