,Date,Stock Price,Book Value per Share,Price to Book Ratio,TTM Sales per Share,Price to Sales Ratio,TTM FCF per Share,Price to FCF Ratio,TTM Net EPS,PE Ratio,Current Assets,Current Liabilities,Current Ratio,Long Term Debt,Shareholder's Equity_x,Debt to Equity Ratio,TTM Revenue_x,TTM Gross Profit,Gross Margin,TTM Revenue_y,TTM Operating Income,Operating Margin,TTM Revenue_x,TTM EBIT,EBIT Margin,TTM Revenue_y,TTM EBITDA,EBITDA Margin,TTM Revenue_x,TTM Pre-Tax Income,Pre-Tax Margin,TTM Revenue_y,TTM Net Income_x,Net Margin,TTM Net Income_y,Shareholder's Equity_y,Return on Equity,TTM Net Income_x,Tangible Equity,Return on Tangible Equity,TTM Net Income_y,Total Assets,Return on Assets,TTM Net Income,LT Investments & Debt,Return on Investment,revenue,cost-goods-sold,gross-profit,research-development-expenses,selling-general-administrative-expenses,operating-expenses,operating-income,total-non-operating-income-expense,pre-tax-income,total-provision-income-taxes,income-after-taxes,income-from-continuous-operations,net-income,ebitda,ebit,basic-shares-outstanding,shares-outstanding,eps-basic-net-earnings-per-share,eps-earnings-per-share-diluted,cash-on-hand,inventory,other-current-assets,total-current-assets,net-property-plant-equipment,long-term-investments,goodwill-intangible-assets-total,other-long-term-assets,total-long-term-assets,total-assets,total-current-liabilities,long-term-debt,other-non-current-liabilities,total-long-term-liabilities,total-liabilities,common-stock-net,retained-earnings-accumulated-deficit,comprehensive-income,total-share-holder-equity,total-liabilities-share-holders-equity,net-income-loss,total-depreciation-amortization-cash-flow,other-non-cash-items,total-non-cash-items,change-in-accounts-receivable,change-in-inventories,change-in-accounts-payable,change-in-assets-liabilities,total-change-in-assets-liabilities,cash-flow-from-operating-activities,net-change-in-property-plant-equipment,net-change-in-intangible-assets,net-acquisitions-divestitures,net-change-in-short-term-investments,net-change-in-long-term-investments,net-change-in-investments-total,investing-activities-other,cash-flow-from-investing-activities,net-long-term-debt,net-current-debt,debt-issuance-retirement-net-total,net-common-equity-issued-repurchased,net-total-equity-issued-repurchased,total-common-preferred-stock-dividends-paid,financial-activities-other,cash-flow-from-financial-activities,net-cash-flow,stock-based-compensation,common-stock-dividends-paid
0,2018-08-31,208.2,$60.89,3.42,$35.69,5.83,$13.24,15.73,$16.72,12.45,$3.59B,$2.16B,1.66,$9.19B,$11.54B,0.8,$7.92B,$3.98B,50.26%,$7.92B,$2.40B,30.27%,$7.92B,$2.40B,30.27%,$7.92B,$2.63B,33.25%,$7.92B,$3.50B,44.26%,$7.92B,$3.31B,41.86%,$3.31B,$11.54B,34.78%,$3.31B,$0.14B,-178.65%,$3.31B,$24.10B,15.09%,$2.40B,$20.72B,12.91%,$2299,$1131,$1168,$0,$403,$1534,$765,$600,$1365,$214,$1151,$1151,$1150,$853,$765,$190,219,$6.03,$5.24,$206,$1942,$0,$3586,$4948,$0,$11392,$4173,$20512,$24098,$2163,$9188,$1212,$10400,$12562,$3,$13013,$-305,$11535,$24098,$1898,$172,$-803,$-631,$-174,$124,$111,$-13,$63,$1339,$-371,$0,$-20,$0,$-40,$-40,$42,$-389,$-12,$-32,$-44,$-483,$-483,$-279,$-27,$-833,$116,$36,$-279
1,2018-05-31,222.31,$55.27,4.02,$34.49,6.45,$11.48,19.36,$13.33,16.68,$3.61B,$1.99B,1.81,$9.42B,$10.57B,0.89,$7.70B,$3.88B,50.35%,$7.70B,$2.35B,30.48%,$7.70B,$2.35B,30.48%,$7.70B,$2.66B,34.49%,$7.70B,$2.77B,35.98%,$7.70B,$2.67B,34.59%,$2.67B,$10.57B,30.89%,$2.67B,$-0.79B,-96.56%,$2.67B,$23.10B,12.82%,$2.35B,$19.98B,13.51%,$2047,$999,$1049,$0,$423,$1422,$625,$277,$902,$156,$746,$746,$744,$710,$625,$191,220,$3.89,$3.37,$210,$2068,$0,$3605,$4816,$0,$11352,$3324,$19492,$23097,$1991,$9416,$1124,$10540,$12531,$3,$12002,$-379,$10566,$23097,$746,$84,$-222,$-138,$-49,$11,$15,$-7,$-108,$504,$-168,$0,$0,$0,$110,$110,$5,$-54,$-6,$-78,$-83,$-92,$-92,$-141,$-13,$-329,$120,$17,$-141
2,2018-02-28,214.03,$41.77,5.12,$33.80,6.33,$10.69,20.02,$11.56,18.51,$3.47B,$2.04B,1.7,$9.42B,$7.99B,1.18,$7.59B,$3.82B,50.33%,$7.59B,$2.28B,30.11%,$7.59B,$2.28B,30.11%,$7.59B,$2.58B,33.98%,$7.59B,$2.34B,30.87%,$7.59B,$2.32B,30.58%,$2.32B,$7.99B,29.61%,$2.32B,$-3.40B,-65.73%,$2.32B,$20.54B,11.74%,$2.28B,$17.41B,14.06%,$1770,$917,$853,$0,$333,$1250,$519,$73,$592,$-339,$931,$931,$928,$480,$519,$195,224,$4.77,$4.15,$90,$2084,$0,$3474,$4790,$0,$11388,$887,$17065,$20539,$2040,$9418,$1090,$10507,$12547,$3,$9157,$-203,$7992,$20539,$2331,$294,$-391,$-97,$-34,$-124,$13,$-112,$-328,$1931,$-1058,$0,$-155,$0,$-191,$-191,$-19,$-1423,$805,$137,$942,$-989,$-989,$-400,$-154,$-601,$-87,$61,$-400
3,2017-11-30,215.59,$41.13,5.24,$33.06,6.52,$10.26,21.02,$9.18,23.48,$3.55B,$2.54B,1.4,$8.11B,$8.01B,1.01,$7.44B,$3.75B,50.42%,$7.44B,$2.47B,33.14%,$7.44B,$2.47B,33.14%,$7.44B,$2.84B,38.21%,$7.44B,$2.37B,31.89%,$7.44B,$1.84B,24.77%,$1.84B,$8.01B,24.39%,$1.84B,$-3.38B,-48.73%,$1.84B,$20.11B,9.57%,$2.47B,$16.12B,15.87%,$1799,$892,$908,$0,$421,$1312,$487,$157,$644,$150,$495,$495,$491,$589,$487,$195,225,$2.52,$2.19,$155,$2168,$0,$3546,$4551,$0,$11390,$621,$16562,$20107,$2536,$8114,$214,$9562,$12098,$3,$8402,$-209,$8009,$20107,$1402,$333,$-41,$292,$-38,$-222,$158,$-78,$-249,$1468,$-706,$0,$-132,$0,$-191,$-191,$-10,$-1038,$-505,$605,$100,$-202,$-202,$-301,$-55,$-458,$-23,$46,$-301
4,2017-08-31,197.78,$40.63,4.87,$32.96,6.0,$10.46,18.9,$8.72,22.68,$3.37B,$2.09B,1.61,$8.04B,$7.95B,1.01,$7.46B,$3.74B,50.11%,$7.46B,$2.51B,33.72%,$7.46B,$2.51B,33.72%,$7.46B,$2.86B,38.30%,$7.46B,$2.21B,29.69%,$7.46B,$1.76B,23.59%,$1.76B,$7.95B,24.07%,$1.76B,$-3.48B,-44.62%,$1.76B,$19.42B,9.34%,$2.51B,$15.98B,16.64%,$2088,$1019,$1069,$0,$351,$1371,$717,$-83,$634,$130,$504,$504,$502,$878,$717,$195,225,$2.57,$2.23,$126,$1930,$0,$3373,$4464,$0,$11423,$158,$16045,$19418,$2090,$8037,$179,$9383,$11473,$3,$8011,$-87,$7945,$19418,$905,$231,$56,$286,$-117,$49,$40,$-62,$-119,$1103,$-505,$0,$-132,$0,$0,$0,$-4,$-641,$-501,$207,$-294,$18,$18,$-201,$-43,$-520,$-52,$29,$-201
5,2017-05-31,180.15,$37.89,4.76,$32.49,5.54,$10.76,16.75,$7.99,22.55,$3.36B,$2.18B,1.54,$8.08B,$7.40B,1.09,$7.39B,$3.64B,49.21%,$7.39B,$2.41B,32.59%,$7.39B,$2.41B,32.59%,$7.39B,$2.65B,35.89%,$7.39B,$2.10B,28.38%,$7.39B,$1.62B,21.87%,$1.62B,$7.40B,22.72%,$1.62B,$-3.86B,-40.62%,$1.62B,$18.96B,8.78%,$2.41B,$15.48B,16.43%,$1929,$940,$988,$0,$427,$1367,$561,$-89,$472,$71,$401,$401,$399,$631,$561,$195,224,$2.04,$1.78,$199,$1937,$0,$3361,$4187,$0,$11262,$150,$15599,$18959,$2182,$8077,$167,$9379,$11562,$3,$7612,$-212,$7398,$18959,$401,$70,$102,$172,$-97,$18,$-14,$6,$-209,$382,$-217,$0,$0,$0,$0,$0,$-4,$-221,$-405,$381,$-24,$17,$17,$-101,$-34,$-142,$22,$15,$-101
6,2017-02-28,156.1,$35.38,4.41,$32.08,4.87,$10.79,14.46,$7.54,20.7,$3.23B,$2.70B,1.2,$7.72B,$6.89B,1.12,$7.33B,$3.53B,48.13%,$7.33B,$2.40B,32.73%,$7.33B,$2.40B,32.73%,$7.33B,$2.64B,35.97%,$7.33B,$2.09B,28.56%,$7.33B,$1.54B,20.94%,$1.54B,$6.89B,21.89%,$1.54B,$-4.41B,-38.73%,$1.54B,$18.60B,8.50%,$2.40B,$14.61B,16.89%,$1628,$840,$788,$0,$348,$926,$702,$-78,$624,$162,$462,$462,$452,$746,$702,$199,227,$2.30,$2.02,$177,$1955,$0,$3230,$3933,$0,$11298,$141,$15372,$18602,$2698,$7721,$166,$9020,$11718,$3,$7310,$-400,$6885,$18602,$1539,$238,$-9,$229,$-49,$-151,$116,$-72,$-34,$1696,$-907,$0,$-536,$0,$0,$0,$-19,$-1462,$994,$197,$1191,$-1063,$-1063,$-315,$52,$-135,$94,$56,$-315
7,2016-11-30,148.17,$35.16,4.21,$31.72,4.67,$9.63,15.39,$6.47,22.9,$3.45B,$2.64B,1.31,$7.36B,$7.00B,1.05,$7.25B,$3.44B,47.43%,$7.25B,$2.11B,29.10%,$7.25B,$2.11B,29.10%,$7.25B,$2.31B,31.89%,$7.25B,$1.82B,25.11%,$7.25B,$1.33B,18.30%,$1.33B,$7.00B,19.04%,$1.33B,$-4.01B,-34.69%,$1.33B,$18.32B,7.51%,$2.11B,$14.36B,15.13%,$1811,$919,$891,$0,$357,$1277,$534,$-50,$484,$79,$405,$405,$406,$601,$534,$201,229,$2.02,$1.77,$197,$2123,$0,$3445,$3708,$0,$11012,$155,$14875,$18320,$2637,$7363,$199,$8686,$11322,$3,$6935,$-597,$6998,$18320,$1077,$193,$143,$336,$-122,$-194,$290,$-30,$21,$1416,$-592,$0,$-542,$0,$0,$0,$-15,$-1149,$442,$-56,$387,$-333,$-333,$-238,$39,$-146,$114,$44,$-238
8,2016-08-31,160.42,$35.66,4.5,$31.02,5.17,$8.56,18.73,$5.82,27.56,$3.17B,$2.20B,1.44,$7.02B,$7.17B,0.98,$7.08B,$3.28B,46.35%,$7.08B,$2.02B,28.57%,$7.08B,$2.02B,28.57%,$7.08B,$2.21B,31.24%,$7.08B,$1.74B,24.52%,$7.08B,$1.19B,16.83%,$1.19B,$7.17B,17.35%,$1.19B,$-3.62B,-33.43%,$1.19B,$17.72B,6.96%,$2.02B,$14.20B,14.84%,$2021,$1052,$969,$0,$358,$1410,$611,$-94,$517,$164,$353,$353,$359,$674,$611,$201,229,$1.79,$1.57,$177,$1855,$0,$3170,$3632,$0,$10798,$117,$14548,$17717,$2200,$7022,$158,$8344,$10543,$3,$6609,$-443,$7174,$17717,$672,$127,$171,$298,$-95,$49,$144,$-16,$113,$1045,$-369,$0,$-285,$0,$0,$0,$-0,$-654,$98,$-296,$-198,$28,$28,$-159,$32,$-297,$94,$31,$-159
9,2016-05-31,149.4,$34.86,4.29,$29.84,5.01,$7.86,19.02,$5.56,26.87,$3.22B,$2.70B,1.19,$6.69B,$6.99B,0.96,$6.79B,$3.09B,45.47%,$6.79B,$1.89B,27.84%,$6.79B,$1.89B,27.84%,$6.79B,$2.08B,30.58%,$6.79B,$1.62B,23.85%,$6.79B,$1.13B,16.70%,$1.13B,$6.99B,17.15%,$1.13B,$-3.80B,-32.25%,$1.13B,$17.63B,6.83%,$1.89B,$13.68B,14.08%,$1872,$991,$881,$0,$329,$1319,$553,$-84,$469,$150,$319,$319,$318,$616,$553,$200,229,$1.59,$1.39,$167,$1919,$0,$3219,$3507,$0,$10791,$114,$14412,$17630,$2699,$6691,$160,$7943,$10641,$3,$6329,$-457,$6989,$17630,$319,$63,$72,$135,$-39,$-19,$56,$-5,$-76,$346,$-169,$0,$-285,$0,$0,$0,$0,$-454,$615,$-379,$236,$15,$15,$-79,$20,$192,$84,$16,$-79
10,2016-02-29,137.62,$33.55,4.1,$28.87,4.77,$7.42,18.55,$5.19,26.52,$2.98B,$2.27B,1.31,$6.82B,$6.69B,1.02,$6.55B,$2.94B,44.95%,$6.55B,$1.76B,26.94%,$6.55B,$1.76B,26.94%,$6.55B,$1.95B,29.70%,$6.55B,$1.50B,22.92%,$6.55B,$1.06B,16.11%,$1.06B,$6.69B,16.55%,$1.06B,$-3.85B,-31.08%,$1.06B,$16.97B,6.59%,$1.76B,$13.51B,13.28%,$1543,$847,$696,$0,$285,$1132,$411,$-61,$350,$105,$245,$245,$243,$420,$411,$197,227,$1.21,$1.06,$83,$1852,$0,$2978,$3333,$0,$10542,$112,$13987,$16965,$2272,$6816,$163,$8001,$10273,$3,$6091,$-453,$6692,$16965,$1061,$180,$359,$539,$-130,$10,$25,$46,$-161,$1414,$-891,$0,$-1316,$0,$0,$0,$0,$-2207,$401,$361,$762,$79,$79,$-242,$177,$776,$-27,$54,$-242
11,2015-11-30,136.18,$33.11,4.11,$28.11,4.84,$6.73,20.23,$5.06,26.91,$3.46B,$1.92B,1.8,$6.52B,$6.60B,0.99,$6.36B,$2.85B,44.73%,$6.36B,$1.71B,26.84%,$6.36B,$1.71B,26.84%,$6.36B,$1.93B,30.33%,$6.36B,$1.43B,22.40%,$6.36B,$1.03B,16.15%,$1.03B,$6.60B,16.63%,$1.03B,$-2.97B,-31.03%,$1.03B,$16.16B,6.61%,$1.71B,$13.11B,12.99%,$1641,$907,$734,$0,$286,$1193,$447,$-48,$399,$128,$271,$271,$271,$501,$447,$197,227,$1.37,$1.19,$491,$1885,$0,$3461,$2949,$0,$9570,$177,$12696,$16157,$1921,$6515,$138,$7639,$9560,$3,$5908,$-345,$6597,$16157,$815,$172,$215,$387,$-122,$-25,$137,$47,$-87,$1092,$-514,$0,$-318,$0,$0,$0,$4,$-828,$62,$-16,$46,$99,$99,$-180,$158,$122,$381,$41,$-180
12,2015-08-31,123.98,$31.42,3.95,$27.76,4.47,$5.12,24.22,$4.83,25.67,$3.13B,$1.21B,2.58,$7.24B,$6.17B,1.17,$6.26B,$2.75B,43.92%,$6.26B,$1.64B,26.13%,$6.26B,$1.64B,26.13%,$6.26B,$1.86B,29.67%,$6.26B,$1.34B,21.35%,$6.26B,$0.98B,15.62%,$0.98B,$6.17B,16.48%,$0.98B,$-3.44B,-27.97%,$0.98B,$15.67B,6.41%,$1.64B,$13.40B,12.54%,$1733,$958,$776,$0,$296,$1254,$479,$-78,$401,$97,$304,$304,$302,$539,$479,$196,226,$1.55,$1.34,$330,$1777,$0,$3132,$2773,$0,$9606,$163,$12542,$15673,$1212,$7238,$164,$8296,$9508,$3,$5699,$-370,$6165,$15673,$544,$118,$121,$239,$-129,$64,$94,$45,$50,$803,$-295,$0,$-318,$0,$0,$0,$4,$-609,$91,$-19,$72,$33,$33,$-120,$44,$29,$220,$26,$-120
13,2015-05-31,113.91,$30.99,3.68,$27.27,4.18,$4.48,25.42,$4.32,26.37,$2.98B,$1.12B,2.66,$7.04B,$6.05B,1.16,$6.13B,$2.65B,43.14%,$6.13B,$1.54B,25.04%,$6.13B,$1.54B,25.04%,$6.13B,$1.75B,28.60%,$6.13B,$1.23B,19.97%,$6.13B,$0.87B,14.22%,$0.87B,$6.05B,15.13%,$0.87B,$-3.32B,-24.19%,$0.87B,$15.25B,5.82%,$1.54B,$13.09B,12.15%,$1631,$894,$737,$0,$310,$1204,$427,$-77,$351,$111,$240,$240,$239,$485,$427,$195,226,$1.23,$1.05,$131,$1784,$0,$2979,$2742,$0,$9367,$159,$12268,$15247,$1120,$7038,$177,$8075,$9195,$3,$5456,$-185,$6052,$15247,$240,$58,$51,$109,$-98,$37,$21,$1,$-143,$206,$-130,$0,$0,$0,$0,$0,$-2,$-131,$-79,$51,$-29,$10,$10,$-60,$25,$-53,$21,$12,$-60
14,2015-02-28,110.54,$30.24,3.66,$26.87,4.11,$4.60,24.06,$4.17,26.51,$2.91B,$1.13B,2.57,$7.09B,$5.88B,1.21,$6.03B,$2.58B,42.78%,$6.03B,$1.50B,24.90%,$6.03B,$1.50B,24.90%,$6.03B,$1.71B,28.42%,$6.03B,$1.18B,19.58%,$6.03B,$0.84B,13.93%,$0.84B,$5.88B,15.07%,$0.84B,$-3.51B,-22.10%,$0.84B,$15.09B,5.64%,$1.50B,$12.97B,12.22%,$1356,$759,$598,$0,$244,$1003,$354,$-80,$274,$62,$212,$212,$215,$404,$354,$193,225,$1.10,$0.96,$110,$1827,$0,$2911,$2682,$0,$9389,$111,$12182,$15093,$1131,$7086,$176,$8081,$9212,$3,$5278,$-131,$5881,$15093,$836,$214,$134,$349,$16,$-133,$-1,$-71,$-142,$1081,$-719,$0,$-310,$0,$0,$0,$14,$-1016,$299,$13,$312,$64,$64,$0,$-393,$-16,$46,$55,$0
15,2014-11-30,92.89,$29.14,3.19,$26.68,3.48,$5.71,16.26,$3.90,23.82,$3.03B,$1.25B,2.43,$7.08B,$5.64B,1.26,$5.96B,$2.53B,42.43%,$5.96B,$1.48B,24.75%,$5.96B,$-0.17B,-2.78%,$5.96B,$1.38B,23.19%,$5.96B,$1.15B,19.22%,$5.96B,$0.78B,13.11%,$0.78B,$5.64B,14.62%,$0.78B,$-3.72B,-19.44%,$0.78B,$14.98B,5.32%,$1.48B,$12.72B,12.43%,$1542,$903,$639,$0,$263,$1166,$376,$-65,$311,$89,$222,$222,$222,$430,$376,$193,225,$1.15,$0.99,$67,$1927,$0,$3031,$2419,$0,$9359,$172,$11950,$14981,$1249,$7082,$184,$8097,$9346,$3,$5063,$-9,$5635,$14981,$625,$164,$113,$277,$-81,$-206,$133,$-68,$-159,$750,$-541,$0,$-21,$0,$0,$0,$3,$-560,$235,$51,$285,$34,$34,$0,$-509,$-190,$3,$42,$0
16,2014-08-31,83.92,$28.45,2.95,$26.33,3.19,$7.23,11.6,$3.87,21.68,$2.84B,$1.88B,1.51,$6.32B,$5.49B,1.15,$5.86B,$2.50B,42.65%,$5.86B,$1.46B,24.97%,$5.86B,$-0.18B,-3.04%,$5.86B,$1.36B,23.23%,$5.86B,$1.13B,19.22%,$5.86B,$0.77B,13.15%,$0.77B,$5.49B,15.01%,$0.77B,$-3.88B,-18.18%,$0.77B,$14.66B,5.30%,$1.46B,$11.81B,12.60%,$1604,$932,$672,$0,$293,$1225,$379,$-90,$289,$93,$196,$196,$196,$435,$379,$193,224,$1.02,$0.87,$104,$1779,$0,$2838,$2300,$0,$9363,$157,$11819,$14657,$1876,$6323,$156,$7294,$9170,$3,$4841,$105,$5487,$14657,$403,$109,$99,$208,$-31,$-34,$107,$-31,$72,$668,$-308,$0,$0,$0,$0,$0,$2,$-306,$-34,$197,$163,$22,$22,$0,$-510,$-325,$40,$28,$0
17,2014-05-31,81.07,$27.48,2.95,$25.80,3.14,$7.63,10.63,$10.63,7.63,$3.14B,$2.26B,1.39,$6.35B,$5.29B,1.2,$5.72B,$2.41B,42.06%,$5.72B,$2.76B,48.23%,$5.72B,$2.76B,48.23%,$5.72B,$4.59B,80.23%,$5.72B,$2.43B,42.40%,$5.72B,$2.10B,36.66%,$2.10B,$5.29B,42.87%,$2.10B,$-4.10B,-46.70%,$2.10B,$14.84B,14.56%,$2.76B,$11.63B,23.94%,$1526,$856,$670,$0,$278,$1134,$392,$-86,$306,$100,$207,$207,$207,$444,$392,$192,224,$1.08,$0.92,$378,$1782,$0,$3137,$2157,$0,$9383,$166,$11705,$14842,$2255,$6346,$159,$7301,$9555,$3,$4645,$133,$5287,$14842,$207,$52,$51,$103,$-24,$-32,$33,$-17,$-85,$232,$-131,$0,$0,$0,$0,$0,$-5,$-136,$-5,$178,$173,$11,$11,$0,$29,$213,$314,$12,$0
18,2014-02-28,78.08,$26.02,3.0,$22.07,3.54,$7.09,11.01,$9.87,7.91,$2.75B,$2.03B,1.36,$6.37B,$4.98B,1.28,$4.87B,$1.99B,40.93%,$4.87B,$2.44B,50.09%,$4.87B,$2.44B,50.09%,$4.87B,$4.25B,87.24%,$4.87B,$2.20B,45.22%,$4.87B,$1.94B,39.92%,$1.94B,$4.98B,44.98%,$1.94B,$-4.40B,-53.79%,$1.94B,$14.30B,14.89%,$2.44B,$11.36B,23.07%,$1291,$742,$549,$0,$220,$962,$329,$-89,$240,$83,$157,$157,$157,$74,$-1313,$188,221,$0.84,$0.69,$64,$1744,$0,$2747,$2014,$0,$9378,$163,$11555,$14302,$2026,$6373,$159,$7295,$9321,$3,$4438,$86,$4981,$14302,$1943,$167,$-1250,$-1083,$37,$-41,$-49,$-0,$-2,$826,$-224,$0,$-4681,$0,$0,$0,$41,$-4864,$3629,$57,$3686,$126,$126,$0,$-35,$3777,$-268,$50,$0
19,2013-11-30,67.85,$25.21,2.69,$19.48,3.48,$6.67,10.17,$9.51,7.13,$2.84B,$1.76B,1.62,$6.90B,$4.79B,1.44,$4.27B,$1.71B,39.91%,$4.27B,$2.24B,52.34%,$4.27B,$3.88B,90.78%,$4.27B,$4.33B,101.38%,$4.27B,$2.07B,48.41%,$4.27B,$1.87B,43.73%,$1.87B,$4.79B,49.30%,$1.87B,$-4.60B,-69.27%,$1.87B,$14.34B,16.40%,$2.24B,$11.69B,24.13%,$1443,$834,$610,$0,$246,$1080,$364,$-72,$292,$81,$211,$211,$211,$409,$364,$189,222,$1.12,$0.95,$65,$1824,$0,$2835,$1905,$0,$9387,$208,$11501,$14336,$1755,$6897,$185,$7792,$9547,$3,$4281,$94,$4790,$14336,$1786,$423,$-1647,$-1224,$-5,$-112,$129,$12,$48,$629,$-86,$0,$-4681,$0,$0,$0,$9,$-4758,$3634,$171,$3805,$96,$96,$0,$-36,$3865,$-266,$38,$0
20,2013-08-31,52.28,$23.84,2.19,$16.56,3.16,$5.80,9.01,$9.02,5.8,$2.67B,$1.81B,1.48,$6.91B,$4.51B,1.53,$3.60B,$1.41B,39.10%,$3.60B,$2.03B,56.48%,$3.60B,$3.67B,102.14%,$3.60B,$4.11B,114.35%,$3.60B,$1.93B,53.56%,$3.60B,$1.77B,49.14%,$1.77B,$4.51B,53.78%,$1.77B,$-4.87B,-100.55%,$1.77B,$14.12B,17.88%,$2.03B,$11.42B,25.32%,$1460,$883,$577,$0,$244,$-214,$1674,$-87,$1587,$65,$1522,$1522,$1522,$3662,$3316,$188,220,$8.08,$6.91,$117,$1643,$0,$2670,$1870,$0,$9383,$199,$11453,$14123,$1811,$6913,$192,$7802,$9612,$3,$4070,$65,$4510,$14123,$1575,$377,$-1646,$-1269,$8,$67,$10,$18,$158,$489,$-49,$0,$-4673,$0,$0,$0,$3,$-4719,$3715,$272,$3987,$80,$80,$0,$-46,$4021,$-215,$26,$0
21,2013-05-31,51.08,$15.90,3.21,$13.29,3.84,$5.40,9.45,$1.95,26.2,$2.72B,$0.80B,3.42,$4.82B,$3.00B,1.61,$2.84B,$1.11B,39.29%,$2.84B,$0.49B,17.21%,$2.84B,$0.49B,17.21%,$2.84B,$0.61B,21.45%,$2.84B,$0.49B,17.14%,$2.84B,$0.37B,13.05%,$0.37B,$3.00B,13.16%,$0.37B,$-0.58B,-46.91%,$0.37B,$9.45B,4.42%,$0.49B,$7.82B,7.18%,$673,$417,$256,$0,$186,$603,$71,$12,$82,$29,$53,$53,$53,$101,$71,$185,218,$0.29,$0.24,$609,$1444,$0,$2723,$1208,$0,$3581,$1941,$6729,$9452,$797,$4818,$209,$5658,$6455,$3,$2548,$109,$2997,$9452,$53,$31,$-2,$29,$18,$31,$-55,$-6,$-92,$3,$-22,$0,$0,$0,$0,$0,$2,$-20,$1545,$221,$1766,$62,$62,$0,$-1533,$296,$278,$13,$0
22,2013-02-28,42.63,$15.48,2.75,$13.18,3.24,$5.85,7.29,$2.06,20.69,$2.47B,$0.68B,3.65,$3.28B,$2.86B,1.15,$2.80B,$1.11B,39.65%,$2.80B,$0.52B,18.70%,$2.80B,$0.52B,18.70%,$2.80B,$0.64B,22.99%,$2.80B,$0.52B,18.48%,$2.80B,$0.39B,13.91%,$0.39B,$2.86B,14.74%,$0.39B,$-0.73B,-41.76%,$0.39B,$7.64B,5.02%,$0.52B,$6.14B,8.38%,$696,$434,$262,$0,$135,$569,$127,$-21,$107,$25,$82,$82,$82,$159,$127,$182,214,$0.44,$0.36,$332,$1481,$0,$2471,$1229,$0,$3594,$344,$5167,$7638,$678,$3278,$223,$4100,$4778,$3,$2495,$132,$2860,$7638,$388,$120,$100,$220,$-39,$-90,$77,$-10,$-68,$556,$-62,$0,$-159,$0,$0,$0,$15,$-207,$513,$-373,$140,$-220,$-220,$0,$-19,$-99,$246,$41,$0
23,2012-11-30,34.57,$15.12,2.29,$12.63,2.74,$6.62,5.22,$2.14,16.16,$2.48B,$0.79B,3.15,$3.93B,$2.78B,1.42,$2.73B,$1.09B,40.01%,$2.73B,$0.48B,17.41%,$2.73B,$0.48B,17.41%,$2.73B,$0.63B,23.12%,$2.73B,$0.49B,17.99%,$2.73B,$0.41B,15.02%,$0.41B,$2.78B,15.82%,$0.41B,$-0.84B,-42.98%,$0.41B,$8.32B,5.38%,$0.48B,$6.70B,7.94%,$767,$456,$311,$0,$152,$608,$159,$-9,$150,$40,$110,$110,$110,$190,$159,$182,213,$0.60,$0.51,$201,$1596,$0,$2481,$1237,$0,$3615,$990,$5842,$8323,$788,$3929,$212,$4760,$5547,$3,$2413,$165,$2775,$8323,$306,$89,$98,$187,$-104,$-197,$171,$-0,$-111,$389,$-52,$0,$-159,$0,$0,$0,$11,$-200,$1198,$-356,$842,$-246,$-246,$0,$-669,$-72,$115,$31,$0
24,2012-08-31,31.74,$14.36,2.21,$12.12,2.62,$7.63,4.16,$2.08,15.26,$2.18B,$0.66B,3.32,$3.93B,$2.62B,1.5,$2.66B,$1.06B,39.95%,$2.66B,$0.48B,17.87%,$2.66B,$0.48B,17.87%,$2.66B,$0.63B,23.66%,$2.66B,$0.51B,19.08%,$2.66B,$0.41B,15.21%,$0.41B,$2.62B,15.83%,$0.41B,$-1.00B,-42.21%,$0.41B,$8.04B,5.51%,$0.48B,$6.55B,8.48%,$699,$413,$285,$0,$155,$568,$131,$16,$147,$22,$125,$125,$125,$158,$131,$178,208,$0.70,$0.60,$179,$1365,$0,$2178,$1234,$0,$3618,$1012,$5863,$8041,$656,$3929,$219,$4766,$5422,$3,$2304,$158,$2618,$8041,$197,$57,$55,$112,$-51,$37,$53,$-1,$44,$369,$-36,$0,$-160,$0,$0,$0,$11,$-184,$1212,$-358,$854,$-270,$-270,$0,$-673,$-90,$93,$21,$0
25,2012-05-31,18.59,$12.99,1.43,$11.68,1.59,$8.05,2.31,$2.17,8.57,$1.97B,$0.59B,3.35,$3.29B,$2.30B,1.43,$2.65B,$1.06B,40.02%,$2.65B,$0.49B,18.46%,$2.65B,$0.49B,18.46%,$2.65B,$0.64B,24.23%,$2.65B,$0.53B,19.89%,$2.65B,$0.44B,16.69%,$0.44B,$2.30B,17.18%,$0.44B,$-1.15B,-48.31%,$0.44B,$7.01B,6.24%,$0.49B,$5.59B,9.19%,$635,$384,$251,$0,$144,$529,$106,$7,$113,$41,$72,$72,$72,$136,$106,$186,214,$0.39,$0.34,$69,$1325,$0,$1971,$1219,$0,$3454,$364,$5037,$7008,$588,$3285,$228,$4121,$4708,$3,$2179,$83,$2300,$7008,$72,$30,$-2,$27,$-28,$31,$-12,$26,$-3,$96,$-20,$0,$0,$0,$0,$0,$9,$-11,$568,$-274,$293,$-371,$-371,$0,$-21,$-98,$-17,$12,$0
26,2012-02-29,21.05,$13.77,1.53,$11.37,1.85,$8.61,2.44,$2.14,9.83,$2.03B,$1.20B,1.7,$2.42B,$2.68B,0.91,$2.65B,$1.06B,40.02%,$2.65B,$0.49B,18.31%,$2.65B,$0.49B,18.31%,$2.65B,$0.64B,23.96%,$2.65B,$0.54B,20.16%,$2.65B,$0.45B,16.80%,$0.45B,$2.68B,16.63%,$0.45B,$-0.82B,-53.61%,$0.45B,$7.11B,6.27%,$0.49B,$5.10B,9.17%,$628,$383,$245,$0,$139,$549,$79,$1,$81,$-23,$103,$103,$103,$147,$79,$204,232,$0.54,$0.46,$86,$1375,$0,$2034,$1256,$0,$3499,$321,$5076,$7110,$1200,$2421,$204,$3234,$4434,$3,$2107,$174,$2676,$7110,$445,$148,$98,$247,$-6,$52,$-6,$7,$102,$784,$-68,$0,$-82,$0,$20,$20,$-5,$-135,$-476,$250,$-226,$-358,$-358,$0,$9,$-575,$77,$48,$0
27,2011-11-30,18.76,$13.20,1.42,$11.68,1.61,$7.76,2.42,$2.95,6.36,$2.18B,$1.18B,1.85,$2.58B,$2.64B,0.98,$2.74B,$1.07B,39.07%,$2.74B,$0.51B,18.61%,$2.74B,$0.51B,18.61%,$2.74B,$0.62B,22.73%,$2.74B,$0.56B,20.47%,$2.74B,$0.62B,22.73%,$0.62B,$2.64B,23.50%,$0.62B,$-0.86B,-72.04%,$0.62B,$7.23B,8.74%,$0.51B,$5.22B,9.37%,$701,$418,$283,$0,$122,$540,$160,$7,$167,$63,$105,$105,$105,$189,$160,$200,227,$0.52,$0.46,$56,$1464,$0,$2179,$1252,$0,$3500,$295,$5047,$7225,$1178,$2578,$237,$3409,$4587,$3,$2004,$128,$2638,$7225,$342,$81,$96,$177,$-140,$-38,$135,$14,$115,$641,$-54,$0,$-78,$0,$20,$20,$-6,$-119,$-471,$223,$-247,$-237,$-237,$0,$9,$-475,$47,$38,$0
28,2011-08-31,19.05,$13.18,1.45,$12.67,1.5,$6.44,2.96,$3.09,6.17,$1.92B,$0.79B,2.44,$2.74B,$2.70B,1.01,$3.01B,$1.14B,37.92%,$3.01B,$0.52B,17.30%,$3.01B,$0.52B,17.30%,$3.01B,$0.64B,21.26%,$3.01B,$0.59B,19.49%,$3.01B,$0.66B,21.86%,$0.66B,$2.70B,24.60%,$0.66B,$-0.83B,-77.52%,$0.66B,$7.04B,8.90%,$0.52B,$5.43B,9.28%,$690,$407,$283,$0,$138,$545,$145,$22,$167,$4,$163,$163,$163,$171,$145,$210,237,$0.77,$0.69,$10,$1259,$0,$1920,$1241,$0,$3528,$346,$5115,$7035,$787,$2735,$217,$3549,$4336,$3,$1900,$217,$2699,$7035,$237,$52,$58,$111,$-85,$119,$13,$8,$150,$517,$-39,$0,$-29,$0,$0,$0,$-5,$-73,$-420,$113,$-307,$-146,$-146,$0,$8,$-444,$1,$24,$0
29,2011-05-31,21.16,$12.72,1.66,$13.43,1.58,$5.54,3.82,$2.76,7.67,$1.96B,$0.78B,2.5,$2.73B,$2.72B,1.01,$3.18B,$1.17B,36.84%,$3.18B,$0.51B,15.98%,$3.18B,$0.51B,15.98%,$3.18B,$0.64B,19.97%,$3.18B,$0.57B,17.87%,$3.18B,$0.59B,18.40%,$0.59B,$2.72B,22.47%,$0.59B,$-0.81B,-64.69%,$0.59B,$7.08B,7.70%,$0.51B,$5.44B,9.01%,$635,$384,$251,$0,$138,$534,$102,$18,$120,$45,$75,$75,$75,$129,$102,$211,239,$0.35,$0.31,$13,$1309,$0,$1956,$1231,$0,$3529,$360,$5119,$7075,$783,$2729,$257,$3577,$4360,$3,$1737,$224,$2715,$7075,$75,$27,$21,$48,$-42,$68,$-22,$11,$96,$241,$-21,$0,$-8,$0,$0,$0,$-5,$-34,$-417,$169,$-249,$37,$37,$0,$8,$-205,$4,$14,$0
30,2011-02-28,19.58,$12.09,1.62,$14.01,1.4,$4.76,4.11,$2.63,7.45,$2.08B,$0.66B,3.14,$3.14B,$2.55B,1.23,$3.33B,$1.19B,35.71%,$3.33B,$0.50B,15.07%,$3.33B,$0.50B,15.07%,$3.33B,$0.64B,19.12%,$3.33B,$0.55B,16.51%,$3.33B,$0.56B,16.78%,$0.56B,$2.55B,22.36%,$0.56B,$-0.95B,-55.91%,$0.56B,$7.17B,7.17%,$0.50B,$5.69B,8.89%,$715,$461,$254,$0,$129,$612,$103,$4,$107,$-173,$280,$280,$280,$134,$103,$211,237,$1.32,$1.18,$9,$1369,$0,$2083,$1220,$0,$3506,$359,$5085,$7168,$663,$3137,$233,$3953,$4616,$3,$1662,$189,$2552,$7168,$560,$134,$122,$256,$-86,$191,$-83,$-8,$-161,$620,$-89,$0,$220,$0,$-30,$-30,$87,$188,$-329,$-290,$-618,$-235,$-235,$0,$7,$-846,$-34,$46,$0
31,2010-11-30,19.86,$13.00,1.53,$13.89,1.43,$3.73,5.33,$1.08,18.39,$2.85B,$1.52B,1.88,$3.13B,$2.72B,1.15,$3.33B,$1.16B,34.82%,$3.33B,$0.35B,10.52%,$3.33B,$0.35B,10.52%,$3.33B,$0.49B,14.70%,$3.33B,$0.37B,11.21%,$3.33B,$0.23B,6.86%,$0.23B,$2.72B,9.10%,$0.23B,$-0.79B,-23.01%,$0.23B,$8.26B,2.84%,$0.35B,$5.85B,6.15%,$966,$615,$352,$0,$176,$796,$170,$22,$192,$53,$139,$139,$139,$205,$170,$210,237,$0.66,$0.59,$16,$1867,$0,$2845,$1556,$0,$3512,$345,$5413,$8258,$1515,$3133,$325,$4024,$5539,$3,$1383,$666,$2719,$8258,$280,$103,$120,$223,$-344,$53,$73,$8,$-114,$369,$-70,$0,$-2,$0,$-30,$-30,$76,$-25,$-101,$-17,$-118,$-262,$-262,$0,$7,$-373,$-28,$40,$0
32,2010-08-31,16.05,$11.50,1.4,$13.83,1.16,$2.87,5.59,$0.62,25.89,$2.56B,$1.45B,1.77,$3.13B,$2.43B,1.29,$3.35B,$1.15B,34.35%,$3.35B,$0.32B,9.44%,$3.35B,$0.32B,9.44%,$3.35B,$0.46B,13.65%,$3.35B,$0.29B,8.54%,$3.35B,$0.13B,3.97%,$0.13B,$2.43B,5.32%,$0.13B,$-1.06B,-13.01%,$0.13B,$7.88B,1.63%,$0.32B,$5.56B,5.44%,$863,$549,$314,$0,$167,$730,$133,$16,$149,$58,$91,$91,$91,$167,$133,$209,235,$0.44,$0.39,$14,$1722,$0,$2560,$1529,$0,$3486,$302,$5317,$7877,$1450,$3128,$326,$3998,$5447,$3,$1243,$551,$2430,$7877,$140,$68,$118,$186,$-205,$157,$-11,$5,$1,$306,$-43,$0,$-2,$0,$-30,$-30,$64,$-11,$-25,$-24,$-49,$-280,$-280,$0,$4,$-324,$-30,$26,$0
33,2010-05-31,16.05,$10.89,1.47,$13.74,1.17,$1.88,8.53,$0.64,25.08,$2.56B,$1.53B,1.67,$3.20B,$2.30B,1.39,$3.36B,$1.15B,34.09%,$3.36B,$0.32B,9.61%,$3.36B,$0.32B,9.61%,$3.36B,$0.48B,14.16%,$3.36B,$0.28B,8.39%,$3.36B,$0.14B,4.22%,$0.14B,$2.30B,5.63%,$0.14B,$-1.20B,-13.88%,$0.14B,$7.90B,1.71%,$0.32B,$5.50B,5.41%,$788,$518,$270,$0,$169,$691,$96,$6,$102,$53,$49,$49,$49,$131,$96,$216,243,$0.23,$0.20,$21,$1796,$0,$2562,$1523,$0,$3494,$318,$5334,$7896,$1534,$3201,$316,$4065,$5599,$3,$1152,$528,$2297,$7896,$49,$35,$68,$103,$-133,$61,$-31,$3,$-92,$60,$-26,$0,$-2,$0,$-30,$-30,$61,$5,$-1,$195,$193,$-283,$-283,$0,$4,$-86,$-23,$11,$0
34,2010-02-28,14.49,$11.59,1.25,$13.75,1.05,$1.32,10.96,$0.45,32.21,$2.59B,$1.37B,1.89,$3.28B,$2.58B,1.27,$3.37B,$1.15B,34.02%,$3.37B,$0.31B,9.27%,$3.37B,$0.31B,9.27%,$3.37B,$0.47B,13.87%,$3.37B,$0.26B,7.69%,$3.37B,$0.10B,2.97%,$0.10B,$2.58B,3.96%,$0.10B,$-0.92B,-9.68%,$0.10B,$8.09B,1.19%,$0.31B,$5.85B,5.11%,$709,$486,$222,$0,$148,$758,$-49,$-21,$-70,$-19,$-51,$-51,$-51,$-14,$-49,$220,245,$-0.23,$-0.21,$44,$1880,$0,$2589,$1567,$0,$3496,$442,$5505,$8094,$1373,$3277,$332,$4145,$5518,$3,$1103,$587,$2576,$8094,$99,$156,$156,$312,$62,$51,$-43,$3,$-56,$403,$-108,$0,$350,$0,$-1,$-1,$16,$257,$-781,$117,$-664,$17,$17,$0,$24,$-623,$30,$56,$0
35,2009-11-30,16.49,$12.16,1.36,$14.23,1.16,$1.86,8.88,$-1.20,0.0,$3.09B,$1.58B,1.96,$3.62B,$2.70B,1.34,$3.39B,$1.11B,32.84%,$3.39B,$0.08B,2.39%,$3.39B,$0.08B,2.39%,$3.39B,$0.54B,15.89%,$3.39B,$-0.06B,-1.80%,$3.39B,$-0.26B,-7.55%,$-0.26B,$2.70B,-10.84%,$-0.26B,$-0.92B,20.81%,$-0.26B,$8.73B,-3.05%,$0.08B,$6.31B,1.33%,$988,$644,$344,$0,$203,$852,$136,$-31,$105,$61,$44,$44,$44,$173,$136,$220,246,$0.20,$0.18,$50,$1993,$0,$3094,$1650,$0,$3614,$371,$5635,$8729,$1576,$3616,$289,$4455,$6031,$3,$1154,$678,$2697,$8729,$150,$120,$79,$200,$-307,$-32,$63,$7,$-201,$189,$-89,$0,$276,$0,$-1,$-1,$17,$204,$-530,$124,$-406,$13,$13,$0,$36,$-357,$37,$39,$0
36,2009-08-31,14.25,$11.35,1.26,$14.44,0.99,$2.42,5.9,$-1.02,0.0,$2.82B,$1.43B,1.97,$3.69B,$2.52B,1.47,$3.44B,$1.17B,34.18%,$3.44B,$0.14B,4.16%,$3.44B,$0.14B,4.16%,$3.44B,$0.60B,17.41%,$3.44B,$0.03B,0.87%,$3.44B,$-0.22B,-6.29%,$-0.22B,$2.52B,-9.50%,$-0.22B,$-1.06B,15.38%,$-0.22B,$8.43B,-2.54%,$0.14B,$6.21B,2.33%,$877,$567,$310,$0,$166,$737,$140,$5,$145,$46,$100,$100,$100,$186,$140,$220,244,$0.45,$0.41,$20,$1824,$0,$2819,$1623,$0,$3577,$416,$5615,$8434,$1429,$3691,$271,$4490,$5919,$3,$1110,$556,$2515,$8434,$106,$83,$-16,$67,$-205,$91,$-12,$23,$-76,$97,$-65,$0,$276,$0,$-1,$-1,$16,$227,$-271,$-60,$-332,$11,$11,$0,$2,$-318,$7,$25,$0
37,2009-05-31,11.14,$10.53,1.06,$15.26,0.73,$2.86,3.9,$-1.58,0.0,$2.77B,$1.56B,1.78,$3.71B,$2.33B,1.6,$3.52B,$1.17B,33.29%,$3.52B,$0.03B,0.71%,$3.52B,$0.03B,0.71%,$3.52B,$0.48B,13.51%,$3.52B,$-0.10B,-2.96%,$3.52B,$-0.34B,-9.64%,$-0.34B,$2.33B,-14.66%,$-0.34B,$-1.24B,22.45%,$-0.34B,$8.40B,-3.88%,$0.03B,$6.04B,0.39%,$792,$523,$269,$0,$165,$707,$85,$-6,$79,$73,$7,$7,$7,$122,$85,$219,244,$0.03,$0.03,$17,$1846,$0,$2767,$1633,$0,$3560,$442,$5635,$8402,$1556,$3712,$285,$4521,$6076,$3,$1010,$488,$2325,$8402,$7,$37,$-37,$-0,$-133,$35,$-28,$4,$-61,$-55,$-47,$0,$270,$0,$-0,$-0,$2,$224,$-270,$99,$-171,$3,$3,$0,$1,$-166,$4,$12,$0
38,2009-02-28,12.58,$8.71,1.44,$15.84,0.79,$3.05,4.12,$-1.41,0.0,$2.54B,$1.33B,1.91,$3.97B,$1.91B,2.08,$3.66B,$1.23B,33.65%,$3.66B,$0.03B,0.85%,$3.66B,$0.03B,0.85%,$3.66B,$0.49B,13.35%,$3.66B,$-0.11B,-2.93%,$3.66B,$-0.30B,-8.24%,$-0.30B,$1.91B,-12.28%,$-0.30B,$-1.71B,19.35%,$-0.30B,$8.04B,-3.28%,$0.03B,$5.88B,0.46%,$735,$544,$191,$0,$173,$1015,$-280,$-109,$-390,$17,$-407,$-407,$-407,$58,$-280,$218,218,$-1.87,$-1.80,$13,$1829,$0,$2535,$1548,$0,$3616,$339,$5502,$8037,$1326,$3971,$287,$4802,$6128,$3,$1004,$94,$1908,$8037,$-301,$457,$291,$748,$87,$-86,$-27,$9,$-99,$507,$-129,$0,$204,$0,$-3,$-3,$56,$129,$-578,$-110,$-687,$33,$33,$0,$7,$-647,$-7,$46,$0
39,2008-11-30,12.3,$10.71,1.15,$16.50,0.75,$3.03,4.06,$-3.43,0.0,$3.15B,$1.73B,1.82,$4.12B,$2.34B,1.76,$3.80B,$1.35B,35.52%,$3.80B,$-0.42B,-11.12%,$3.80B,$-0.42B,-11.12%,$3.80B,$0.56B,14.64%,$3.80B,$-0.52B,-13.75%,$3.80B,$-0.73B,-19.16%,$-0.73B,$2.34B,-27.34%,$-0.73B,$-1.62B,48.09%,$-0.73B,$9.11B,-7.53%,$-0.42B,$6.47B,-5.94%,$1031,$627,$404,$0,$201,$834,$198,$-2,$196,$112,$84,$84,$84,$232,$198,$218,244,$0.38,$0.34,$181,$1979,$0,$3145,$1583,$0,$3956,$424,$5963,$9109,$1728,$4124,$363,$5038,$6767,$3,$1410,$138,$2342,$9109,$105,$119,$167,$286,$-187,$-177,$38,$150,$-61,$331,$-96,$0,$204,$0,$-1,$-1,$50,$157,$-225,$-137,$-363,$28,$28,$0,$7,$-327,$161,$34,$0
40,2008-08-31,20.34,$12.26,1.66,$16.69,1.22,$2.76,7.36,$-3.26,0.0,$3.04B,$1.34B,2.27,$4.49B,$2.68B,1.68,$3.87B,$1.34B,34.62%,$3.87B,$-0.42B,-10.94%,$3.87B,$-0.42B,-10.94%,$3.87B,$0.56B,14.58%,$3.87B,$-0.53B,-13.68%,$3.87B,$-0.69B,-17.92%,$-0.69B,$2.68B,-23.42%,$-0.69B,$-1.48B,49.35%,$-0.69B,$9.42B,-6.96%,$-0.42B,$7.16B,-5.68%,$957,$651,$306,$0,$225,$935,$22,$-11,$11,$34,$-23,$-23,$-23,$63,$22,$217,217,$-0.10,$-0.10,$25,$2005,$0,$3038,$1753,$0,$4158,$474,$6384,$9422,$1341,$4487,$369,$5405,$6746,$3,$1327,$574,$2676,$9422,$22,$85,$151,$236,$-76,$-28,$10,$69,$-81,$177,$-52,$0,$205,$0,$-1,$-1,$27,$180,$-100,$-281,$-381,$22,$22,$0,$6,$-352,$4,$22,$0
41,2008-05-31,20.54,$13.23,1.55,$15.96,1.29,$2.73,7.54,$-2.82,0.0,$3.33B,$1.79B,1.86,$4.58B,$2.88B,1.59,$3.80B,$1.34B,35.30%,$3.80B,$-0.33B,-8.62%,$3.80B,$-0.33B,-8.62%,$3.80B,$0.66B,17.27%,$3.80B,$-0.43B,-11.28%,$3.80B,$-0.60B,-15.72%,$-0.60B,$2.88B,-19.37%,$-0.60B,$-1.42B,43.36%,$-0.60B,$10.16B,-5.96%,$-0.33B,$7.46B,-4.36%,$932,$603,$329,$0,$234,$841,$91,$-15,$76,$32,$45,$45,$45,$135,$91,$217,243,$0.21,$0.18,$25,$2271,$0,$3325,$2010,$0,$4299,$521,$6831,$10156,$1786,$4575,$374,$5490,$7276,$3,$1350,$779,$2880,$10156,$45,$44,$7,$51,$-53,$-69,$14,$20,$-129,$-33,$-22,$0,$-2,$0,$0,$0,$9,$-16,$-50,$86,$36,$12,$12,$0,$5,$53,$5,$11,$0
42,2008-02-29,18.51,$12.80,1.45,$15.63,1.18,$2.55,7.26,$-2.90,0.0,$3.20B,$1.72B,1.86,$4.65B,$2.77B,1.68,$3.77B,$1.28B,33.98%,$3.77B,$-0.35B,-9.30%,$3.77B,$-0.35B,-9.30%,$3.77B,$0.63B,16.67%,$3.77B,$-0.44B,-11.69%,$3.77B,$-0.61B,-16.25%,$-0.61B,$2.77B,-19.47%,$-0.61B,$-1.55B,44.28%,$-0.61B,$10.05B,-6.16%,$-0.35B,$7.42B,-4.66%,$884,$573,$312,$0,$221,$1618,$-734,$-72,$-806,$29,$-835,$-835,$-835,$127,$-734,$219,219,$-3.81,$-3.70,$21,$2180,$0,$3199,$2035,$0,$4314,$505,$6854,$10053,$1718,$4649,$384,$5569,$7287,$3,$1306,$736,$2766,$10053,$-613,$978,$187,$1165,$56,$-38,$16,$-35,$-32,$520,$-144,$0,$-1166,$0,$181,$181,$15,$-1113,$838,$219,$1057,$-473,$-473,$0,$1,$585,$-13,$32,$0
43,2007-11-30,22.69,$16.29,1.39,$15.92,1.43,$1.29,17.58,$1.29,17.59,$3.15B,$1.60B,1.97,$4.24B,$3.51B,1.21,$4.03B,$1.32B,32.62%,$4.03B,$0.52B,12.95%,$4.03B,$0.52B,12.95%,$4.03B,$0.68B,16.92%,$4.03B,$0.47B,11.63%,$4.03B,$0.29B,7.24%,$0.29B,$3.51B,8.82%,$0.29B,$-1.17B,-24.37%,$0.29B,$10.19B,2.98%,$0.52B,$7.75B,6.99%,$1095,$703,$392,$0,$192,$897,$198,$-8,$190,$71,$120,$120,$120,$239,$198,$220,248,$0.54,$0.48,$25,$2041,$0,$3148,$1792,$0,$4681,$574,$7046,$10194,$1595,$4235,$353,$5086,$6681,$3,$2141,$666,$3513,$10194,$222,$118,$66,$184,$-200,$-59,$49,$-45,$-153,$252,$-80,$0,$-387,$0,$184,$184,$5,$-277,$548,$-58,$490,$-479,$-479,$0,$5,$16,$-9,$24,$0
44,2007-08-31,23.3,$14.83,1.57,$17.20,1.35,$0.51,45.78,$1.19,19.58,$2.89B,$1.45B,1.99,$4.29B,$3.19B,1.35,$4.44B,$1.37B,30.83%,$4.44B,$0.56B,12.62%,$4.44B,$0.56B,12.62%,$4.44B,$0.72B,16.11%,$4.44B,$0.45B,10.19%,$4.44B,$0.28B,6.31%,$0.28B,$3.19B,8.57%,$0.28B,$-1.38B,-24.63%,$0.28B,$9.73B,2.88%,$0.56B,$7.48B,7.62%,$893,$583,$310,$0,$191,$775,$117,$-7,$111,$39,$72,$72,$72,$156,$117,$215,243,$0.34,$0.30,$33,$1923,$0,$2887,$1729,$0,$4571,$544,$6844,$9731,$1452,$4292,$325,$5090,$6542,$3,$2021,$478,$3189,$9731,$102,$77,$30,$107,$-57,$2,$-11,$-40,$-31,$178,$-47,$0,$-383,$0,$185,$185,$-1,$-246,$553,$-2,$551,$-485,$-485,$0,$1,$68,$-0,$17,$0
45,2007-05-31,23.42,$14.53,1.61,$18.89,1.24,$-0.11,0.0,$1.14,20.54,$2.91B,$1.51B,1.93,$4.38B,$3.13B,1.4,$4.96B,$1.47B,29.69%,$4.96B,$0.62B,12.58%,$4.96B,$0.62B,12.58%,$4.96B,$0.77B,15.60%,$4.96B,$0.45B,9.13%,$4.96B,$0.27B,5.52%,$0.27B,$3.13B,8.40%,$0.27B,$-1.44B,-25.88%,$0.27B,$9.83B,2.84%,$0.62B,$7.51B,8.58%,$901,$633,$268,$0,$198,$833,$68,$-4,$64,$35,$30,$30,$30,$107,$68,$229,257,$0.13,$0.12,$34,$1955,$0,$2909,$1744,$0,$4568,$605,$6917,$9826,$1508,$4382,$318,$5190,$6698,$3,$1949,$508,$3128,$9826,$30,$39,$-27,$12,$-39,$-28,$-23,$-22,$-128,$-86,$-18,$0,$-383,$0,$186,$186,$-1,$-216,$707,$90,$797,$-493,$-493,$0,$-0,$304,$0,$9,$0
46,2007-02-28,22.61,$14.55,1.55,$19.77,1.14,$0.14,157.86,$1.38,16.38,$3.02B,$1.59B,1.9,$3.72B,$3.42B,1.09,$5.22B,$1.52B,29.21%,$5.22B,$0.70B,13.40%,$5.22B,$0.70B,13.40%,$5.22B,$0.84B,16.08%,$5.22B,$0.54B,10.27%,$5.22B,$0.33B,6.27%,$0.33B,$3.42B,10.04%,$0.33B,$-0.80B,-47.29%,$0.33B,$9.44B,3.59%,$0.70B,$7.13B,10.29%,$1142,$797,$345,$0,$194,$1003,$139,$-35,$104,$34,$70,$70,$70,$180,$139,$229,264,$0.29,$0.27,$34,$1948,$0,$3023,$1750,$0,$4219,$445,$6415,$9438,$1591,$3715,$241,$4430,$6021,$3,$1919,$349,$3418,$9438,$332,$139,$14,$154,$-6,$-85,$34,$41,$-172,$313,$-192,$0,$-1065,$0,$55,$55,$5,$-1197,$919,$47,$966,$-31,$-31,$-7,$-2,$925,$23,$17,$0
47,2006-11-30,26.96,$14.24,1.89,$19.43,1.39,$0.84,32.13,$1.33,20.27,$3.64B,$1.84B,1.97,$3.95B,$3.33B,1.19,$5.12B,$1.47B,28.60%,$5.12B,$0.69B,13.49%,$5.12B,$0.69B,13.49%,$5.12B,$0.83B,16.12%,$5.12B,$0.51B,9.97%,$5.12B,$0.31B,6.11%,$0.31B,$3.33B,9.94%,$0.31B,$-0.92B,-60.60%,$0.31B,$9.85B,3.64%,$0.69B,$7.28B,10.83%,$1501,$1056,$445,$0,$198,$1265,$236,$-63,$173,$65,$108,$108,$108,$272,$236,$227,264,$0.47,$0.41,$35,$2139,$0,$3636,$1706,$0,$4250,$252,$6209,$9845,$1843,$3949,$267,$4674,$6517,$3,$1849,$359,$3328,$9845,$262,$98,$21,$119,$-276,$-148,$172,$-49,$-267,$113,$-136,$0,$-1065,$0,$55,$55,$5,$-1141,$915,$211,$1125,$-45,$-45,$-7,$-3,$1069,$24,$12,$0
