,Date,Stock Price,Book Value per Share,Price to Book Ratio,TTM Sales per Share,Price to Sales Ratio,TTM FCF per Share,Price to FCF Ratio,TTM Net EPS,PE Ratio,Current Assets,Current Liabilities,Current Ratio,Long Term Debt,Shareholder's Equity_x,Debt to Equity Ratio,TTM Revenue_x,TTM Gross Profit,Gross Margin,TTM Revenue_y,TTM Operating Income,Operating Margin,TTM Revenue_x,TTM EBIT,EBIT Margin,TTM Revenue_y,TTM EBITDA,EBITDA Margin,TTM Revenue_x,TTM Pre-Tax Income,Pre-Tax Margin,TTM Revenue_y,TTM Net Income_x,Net Margin,TTM Net Income_y,Shareholder's Equity_y,Return on Equity,TTM Net Income_x,Tangible Equity,Return on Tangible Equity,TTM Net Income_y,Total Assets,Return on Assets,TTM Net Income,LT Investments & Debt,Return on Investment,revenue,cost-goods-sold,gross-profit,research-development-expenses,selling-general-administrative-expenses,operating-expenses,operating-income,total-non-operating-income-expense,pre-tax-income,total-provision-income-taxes,income-after-taxes,income-from-continuous-operations,net-income,ebitda,ebit,basic-shares-outstanding,shares-outstanding,eps-basic-net-earnings-per-share,eps-earnings-per-share-diluted,cash-on-hand,inventory,other-current-assets,total-current-assets,net-property-plant-equipment,long-term-investments,goodwill-intangible-assets-total,other-long-term-assets,total-long-term-assets,total-assets,total-current-liabilities,long-term-debt,other-non-current-liabilities,total-long-term-liabilities,total-liabilities,common-stock-net,retained-earnings-accumulated-deficit,comprehensive-income,total-share-holder-equity,total-liabilities-share-holders-equity,net-income-loss,total-depreciation-amortization-cash-flow,other-non-cash-items,total-non-cash-items,change-in-accounts-receivable,change-in-inventories,change-in-accounts-payable,change-in-assets-liabilities,total-change-in-assets-liabilities,cash-flow-from-operating-activities,net-change-in-property-plant-equipment,net-change-in-intangible-assets,net-acquisitions-divestitures,net-change-in-short-term-investments,net-change-in-long-term-investments,net-change-in-investments-total,investing-activities-other,cash-flow-from-investing-activities,net-long-term-debt,net-current-debt,debt-issuance-retirement-net-total,net-common-equity-issued-repurchased,net-total-equity-issued-repurchased,total-common-preferred-stock-dividends-paid,financial-activities-other,cash-flow-from-financial-activities,net-cash-flow,stock-based-compensation,common-stock-dividends-paid
0,2018-09-30,1.58,$0.61,2.58,$9.64,0.16,$0.49,3.23,$-0.21,0.0,$0.07B,$0.03B,1.98,$0.04B,$0.01B,3.83,$0.18B,$0.06B,31.49%,$0.18B,$0.00B,0.55%,$0.18B,$0.00B,0.55%,$0.18B,$0.01B,2.76%,$0.18B,$-0.00B,-1.66%,$0.18B,$-0.01B,-2.76%,$-0.01B,$0.01B,-41.67%,$-0.01B,$-0.00B,250.00%,$-0.01B,$0.09B,-5.46%,$0.00B,$0.06B,1.85%,$44,$30,$14,$0,$11,$43,$1,$-1,$0,$0,$0,$0,$0,$2,$1,$19,19,$0.01,$0.01,$1,$27,$0,$67,$10,$0,$13,$0,$25,$92,$34,$44,$3,$47,$81,$0,$-62,$-3,$12,$92,$-2,$3,$2,$6,$-2,$6,$0,$-0,$2,$5,$-3,$0,$0,$0,$0,$0,$0,$-3,$-1,$0,$-1,$0,$0,$0,$-2,$-3,$0,$0,$0
1,2018-06-30,1.39,$0.60,2.34,$9.64,0.14,$0.17,8.28,$-0.29,0.0,$0.07B,$0.04B,1.88,$0.04B,$0.01B,3.73,$0.18B,$0.06B,31.67%,$0.18B,$-0.00B,-0.56%,$0.18B,$-0.00B,-0.56%,$0.18B,$0.00B,1.67%,$0.18B,$-0.01B,-2.78%,$0.18B,$-0.01B,-3.33%,$-0.01B,$0.01B,-47.06%,$-0.01B,$-0.00B,480.00%,$-0.01B,$0.09B,-6.45%,$-0.00B,$0.05B,-1.83%,$48,$32,$15,$0,$12,$46,$2,$-1,$0,$0,$0,$0,$0,$3,$2,$19,19,$0.02,$0.02,$1,$27,$0,$65,$10,$0,$14,$0,$25,$90,$35,$42,$3,$45,$79,$0,$-62,$-3,$11,$90,$-2,$2,$3,$5,$-2,$7,$0,$-0,$4,$7,$-2,$0,$0,$0,$0,$0,$0,$-2,$-3,$0,$-3,$0,$0,$0,$-2,$-5,$0,$0,$0
2,2018-03-31,1.15,$0.59,1.96,$9.92,0.12,$-0.04,0.0,$-0.28,0.0,$0.06B,$0.03B,1.81,$0.04B,$0.01B,3.55,$0.19B,$0.06B,31.89%,$0.19B,$-0.00B,-0.54%,$0.19B,$-0.00B,-0.54%,$0.19B,$0.00B,1.62%,$0.19B,$-0.00B,-2.16%,$0.19B,$-0.01B,-2.70%,$-0.01B,$0.01B,-35.71%,$-0.01B,$-0.00B,inf%,$-0.01B,$0.09B,-5.17%,$-0.00B,$0.05B,-1.80%,$42,$28,$14,$0,$15,$45,$-3,$-1,$-3,$-1,$-3,$-3,$-3,$-2,$-3,$19,19,$-0.15,$-0.15,$1,$29,$0,$61,$10,$0,$14,$0,$25,$86,$33,$39,$3,$42,$75,$0,$-62,$-2,$11,$86,$-3,$1,$2,$3,$5,$5,$0,$-1,$3,$4,$-1,$0,$0,$0,$0,$0,$0,$-1,$-3,$0,$-3,$0,$0,$0,$0,$-3,$0,$0,$0
3,2017-12-31,1.5,$0.73,2.05,$10.21,0.15,$-0.27,0.0,$-0.12,0.0,$0.07B,$0.04B,1.92,$0.04B,$0.01B,3.21,$0.19B,$0.06B,31.58%,$0.19B,$0.00B,1.58%,$0.19B,$0.00B,1.58%,$0.19B,$0.01B,3.68%,$0.19B,$-0.00B,-0.53%,$0.19B,$-0.00B,-1.05%,$-0.00B,$0.01B,-13.33%,$-0.00B,$0.00B,-200.00%,$-0.00B,$0.10B,-1.99%,$0.00B,$0.06B,5.24%,$47,$33,$14,$0,$12,$46,$1,$-1,$0,$2,$-2,$-2,$-2,$2,$1,$19,19,$-0.09,$-0.09,$1,$34,$0,$72,$10,$0,$14,$0,$26,$98,$38,$44,$3,$47,$84,$0,$-60,$-2,$14,$98,$-2,$4,$4,$8,$-4,$2,$0,$1,$-5,$1,$-3,$0,$0,$0,$0,$0,$0,$-3,$1,$0,$1,$0,$0,$0,$0,$1,$-0,$0,$0
4,2017-09-30,1.89,$0.83,2.29,$10.16,0.19,$0.19,10.07,$-0.27,0.0,$0.07B,$0.04B,1.95,$0.04B,$0.02B,2.86,$0.19B,$0.06B,31.75%,$0.19B,$-0.00B,-1.59%,$0.19B,$-0.00B,-1.59%,$0.19B,$0.00B,1.06%,$0.19B,$-0.01B,-3.70%,$0.19B,$-0.00B,-2.12%,$-0.00B,$0.02B,-26.23%,$-0.00B,$0.00B,-400.00%,$-0.00B,$0.10B,-3.93%,$-0.00B,$0.06B,-5.26%,$43,$30,$14,$0,$14,$44,$-1,$-1,$-2,$-1,$-1,$-1,$-1,$-0,$-1,$19,19,$-0.07,$-0.07,$1,$37,$0,$71,$9,$0,$14,$0,$28,$98,$36,$44,$3,$47,$83,$0,$-58,$-2,$15,$98,$-1,$3,$3,$6,$1,$-1,$0,$0,$-6,$-1,$-2,$0,$0,$0,$0,$0,$0,$-2,$3,$0,$3,$0,$0,$0,$0,$3,$-0,$0,$0
5,2017-06-30,1.77,$0.87,2.04,$10.45,0.17,$0.56,3.14,$-0.19,0.0,$0.08B,$0.05B,1.68,$0.04B,$0.02B,2.48,$0.20B,$0.06B,31.79%,$0.20B,$-0.00B,-0.51%,$0.20B,$-0.00B,-0.51%,$0.20B,$0.00B,2.05%,$0.20B,$-0.01B,-2.56%,$0.20B,$-0.00B,-1.54%,$-0.00B,$0.02B,-18.18%,$-0.00B,$0.00B,-240.00%,$-0.00B,$0.11B,-2.91%,$-0.00B,$0.06B,-1.72%,$53,$35,$17,$0,$14,$51,$2,$-1,$1,$1,$1,$1,$1,$3,$2,$19,19,$0.03,$0.03,$1,$38,$0,$77,$10,$0,$14,$0,$28,$105,$46,$40,$3,$43,$88,$0,$-57,$-3,$16,$105,$1,$2,$0,$2,$-2,$-1,$0,$1,$-0,$3,$-1,$0,$0,$0,$0,$0,$0,$-1,$-1,$0,$-1,$0,$0,$0,$0,$-1,$0,$0,$0
6,2017-03-31,1.9,$0.82,2.32,$10.37,0.18,$0.58,3.26,$-0.21,0.0,$0.07B,$0.04B,1.76,$0.04B,$0.02B,2.78,$0.19B,$0.06B,31.61%,$0.19B,$-0.00B,-1.04%,$0.19B,$-0.00B,-1.04%,$0.19B,$0.00B,1.55%,$0.19B,$-0.01B,-2.59%,$0.19B,$-0.00B,-2.07%,$-0.00B,$0.02B,-23.19%,$-0.00B,$0.00B,-400.00%,$-0.00B,$0.10B,-3.83%,$-0.00B,$0.06B,-3.32%,$47,$32,$15,$0,$13,$46,$1,$-1,$0,$0,$0,$0,$0,$2,$1,$19,19,$0.01,$0.01,$1,$37,$0,$73,$10,$0,$15,$0,$28,$102,$42,$42,$3,$45,$86,$0,$-57,$-3,$15,$102,$0,$1,$-0,$1,$-0,$-1,$0,$0,$-2,$-1,$-1,$0,$0,$0,$0,$0,$0,$-1,$1,$0,$1,$0,$0,$0,$0,$1,$-0,$0,$0
7,2016-12-31,2.0,$0.80,2.5,$10.53,0.19,$0.97,2.07,$-0.24,0.0,$0.07B,$0.04B,1.7,$0.04B,$0.02B,2.78,$0.20B,$0.06B,31.63%,$0.20B,$-0.00B,-1.53%,$0.20B,$-0.00B,-1.53%,$0.20B,$0.00B,1.02%,$0.20B,$-0.01B,-3.06%,$0.20B,$-0.00B,-2.04%,$-0.00B,$0.02B,-21.92%,$-0.00B,$0.00B,-400.00%,$-0.00B,$0.10B,-3.76%,$-0.00B,$0.06B,-4.88%,$46,$31,$14,$0,$15,$50,$-5,$-1,$-6,$-1,$-4,$-4,$-4,$-3,$-5,$18,18,$-0.23,$-0.23,$1,$36,$0,$73,$10,$0,$15,$0,$29,$102,$43,$41,$3,$44,$87,$0,$-57,$-3,$15,$102,$-4,$5,$2,$7,$6,$0,$0,$0,$6,$9,$-2,$0,$0,$0,$0,$0,$0,$-2,$-7,$0,$-7,$0,$0,$0,$0,$-7,$0,$0,$0
8,2016-09-30,2.16,$1.05,2.05,$10.84,0.2,$0.96,2.26,$-0.17,0.0,$0.07B,$0.04B,1.93,$0.04B,$0.02B,2.25,$0.20B,$0.06B,31.84%,$0.20B,$-0.00B,-0.50%,$0.20B,$-0.00B,-0.50%,$0.20B,$0.01B,2.49%,$0.20B,$-0.00B,-1.49%,$0.20B,$-0.00B,-1.49%,$-0.00B,$0.02B,-15.58%,$-0.00B,$0.00B,-300.00%,$-0.00B,$0.10B,-2.75%,$-0.00B,$0.06B,-1.55%,$49,$33,$16,$0,$13,$48,$1,$-1,$0,$0,$0,$0,$0,$2,$1,$18,19,$0.01,$0.01,$1,$32,$0,$72,$11,$0,$18,$0,$31,$104,$38,$44,$3,$47,$84,$0,$-53,$-3,$20,$104,$0,$3,$0,$4,$3,$4,$0,$0,$1,$5,$-2,$0,$0,$0,$0,$0,$0,$-2,$-4,$0,$-4,$0,$0,$0,$0,$-4,$0,$0,$0
9,2016-06-30,1.66,$1.04,1.59,$10.97,0.15,$1.12,1.49,$-0.28,0.0,$0.08B,$0.04B,1.84,$0.05B,$0.02B,2.38,$0.20B,$0.06B,31.68%,$0.20B,$-0.01B,-2.48%,$0.20B,$-0.01B,-2.48%,$0.20B,$0.00B,0.99%,$0.20B,$-0.01B,-2.97%,$0.20B,$-0.01B,-2.48%,$-0.01B,$0.02B,-25.32%,$-0.01B,$0.00B,-500.00%,$-0.01B,$0.11B,-4.44%,$-0.01B,$0.07B,-7.43%,$51,$34,$16,$0,$14,$49,$1,$-1,$1,$0,$0,$0,$0,$2,$1,$18,18,$0.01,$0.01,$1,$37,$0,$78,$11,$0,$18,$0,$32,$110,$42,$46,$3,$49,$91,$0,$-53,$-2,$19,$110,$-0,$2,$0,$3,$2,$0,$0,$-0,$1,$3,$-1,$0,$0,$0,$0,$0,$0,$-1,$-2,$0,$-2,$0,$0,$0,$0,$-2,$0,$0,$0
10,2016-03-31,1.75,$1.03,1.7,$11.06,0.16,$1.30,1.35,$-0.48,0.0,$0.08B,$0.04B,1.73,$0.04B,$0.02B,2.25,$0.20B,$0.06B,30.54%,$0.20B,$-0.01B,-4.93%,$0.20B,$-0.01B,-4.93%,$0.20B,$-0.00B,-1.48%,$0.20B,$-0.01B,-5.91%,$0.20B,$-0.01B,-3.94%,$-0.01B,$0.02B,-38.10%,$-0.01B,$0.00B,-457.14%,$-0.01B,$0.11B,-6.91%,$-0.01B,$0.06B,-14.23%,$50,$34,$16,$0,$15,$50,$-0,$-1,$-1,$-0,$-0,$-0,$-0,$1,$-0,$18,18,$-0.02,$-0.02,$0,$38,$0,$77,$11,$0,$18,$0,$32,$109,$44,$43,$3,$46,$90,$0,$-53,$-2,$19,$109,$-0,$1,$0,$1,$4,$-1,$0,$-0,$5,$6,$-0,$0,$0,$0,$0,$0,$0,$-0,$-6,$0,$-6,$0,$0,$0,$0,$-6,$-1,$0,$0
11,2015-12-31,2.23,$1.03,2.16,$11.28,0.2,$1.20,1.85,$-0.47,0.0,$0.08B,$0.04B,1.89,$0.05B,$0.02B,2.57,$0.21B,$0.06B,30.58%,$0.21B,$-0.01B,-4.85%,$0.21B,$-0.01B,-4.85%,$0.21B,$-0.00B,-0.97%,$0.21B,$-0.01B,-5.34%,$0.21B,$-0.01B,-3.88%,$-0.01B,$0.02B,-34.78%,$-0.01B,$0.00B,-246.15%,$-0.01B,$0.11B,-6.68%,$-0.01B,$0.07B,-13.29%,$51,$35,$16,$0,$15,$53,$-3,$-1,$-3,$-0,$-3,$-3,$-3,$0,$-3,$18,18,$-0.17,$-0.17,$1,$37,$0,$80,$12,$0,$19,$0,$33,$113,$42,$49,$3,$52,$94,$0,$-53,$-3,$19,$113,$-9,$7,$-3,$4,$-2,$7,$0,$-0,$14,$9,$-3,$0,$-0,$0,$0,$0,$0,$-4,$-5,$0,$-5,$0,$0,$0,$0,$-5,$-0,$1,$0
12,2015-09-30,1.72,$1.22,1.42,$11.32,0.15,$0.36,4.8,$-0.33,0.0,$0.08B,$0.04B,2.17,$0.05B,$0.02B,2.31,$0.21B,$0.06B,30.58%,$0.21B,$-0.01B,-3.40%,$0.21B,$-0.01B,-3.40%,$0.21B,$-0.00B,-0.49%,$0.21B,$-0.01B,-4.37%,$0.21B,$-0.01B,-2.91%,$-0.01B,$0.02B,-23.76%,$-0.01B,$0.00B,-120.00%,$-0.01B,$0.12B,-4.92%,$-0.01B,$0.07B,-8.81%,$50,$35,$16,$0,$17,$53,$-3,$-1,$-3,$-2,$-2,$-2,$-2,$-1,$-3,$18,18,$-0.10,$-0.10,$1,$44,$0,$84,$12,$0,$20,$2,$34,$118,$39,$51,$3,$57,$95,$0,$-50,$-2,$22,$118,$-6,$4,$1,$5,$3,$1,$0,$0,$9,$8,$-2,$0,$-0,$0,$0,$0,$0,$-2,$-5,$0,$-5,$0,$0,$0,$0,$-5,$-0,$1,$0
13,2015-06-30,2.02,$1.32,1.52,$11.40,0.18,$-0.39,0.0,$-0.24,0.0,$0.09B,$0.04B,2.21,$0.05B,$0.02B,2.2,$0.21B,$0.06B,30.92%,$0.21B,$-0.00B,-1.45%,$0.21B,$-0.00B,-1.45%,$0.21B,$0.00B,0.97%,$0.21B,$-0.01B,-2.90%,$0.21B,$-0.00B,-1.93%,$-0.00B,$0.02B,-14.81%,$-0.00B,$0.00B,-61.54%,$-0.00B,$0.12B,-3.22%,$-0.00B,$0.08B,-3.66%,$52,$38,$14,$0,$16,$56,$-4,$-1,$-5,$-2,$-3,$-3,$-3,$-3,$-4,$18,18,$-0.19,$-0.19,$1,$43,$0,$88,$12,$0,$21,$2,$34,$123,$40,$53,$3,$58,$98,$0,$-48,$-2,$24,$123,$-4,$3,$0,$3,$-1,$2,$0,$-1,$7,$6,$-1,$0,$-0,$0,$0,$0,$0,$-1,$-3,$0,$-3,$0,$0,$0,$0,$-3,$0,$0,$0
14,2015-03-31,2.7,$1.50,1.8,$11.46,0.24,$-0.64,0.0,$-0.03,0.0,$0.09B,$0.04B,2.4,$0.06B,$0.03B,2.01,$0.21B,$0.07B,32.21%,$0.21B,$0.00B,0.96%,$0.21B,$0.00B,0.96%,$0.21B,$0.01B,3.85%,$0.21B,$-0.00B,-0.48%,$0.21B,$-0.00B,-0.48%,$-0.00B,$0.03B,-3.54%,$-0.00B,$0.01B,-13.33%,$-0.00B,$0.13B,-0.80%,$0.00B,$0.08B,2.44%,$53,$36,$17,$0,$15,$53,$0,$-1,$-0,$-0,$-0,$-0,$-0,$2,$0,$18,18,$-0.01,$-0.01,$2,$44,$0,$90,$13,$0,$21,$1,$35,$125,$38,$55,$3,$60,$98,$0,$-45,$-2,$27,$125,$-0,$1,$0,$1,$-2,$1,$0,$-1,$3,$4,$-1,$0,$-0,$0,$0,$0,$0,$-1,$-2,$0,$-2,$0,$0,$0,$0,$-2,$0,$0,$0
15,2014-12-31,3.26,$1.54,2.12,$11.37,0.29,$-0.76,0.0,$-0.01,0.0,$0.09B,$0.03B,2.72,$0.06B,$0.03B,2.05,$0.21B,$0.07B,32.04%,$0.21B,$0.00B,1.46%,$0.21B,$0.00B,1.46%,$0.21B,$0.01B,4.37%,$0.21B,$-0.00B,-0.49%,$0.21B,$-0.00B,-0.49%,$-0.00B,$0.03B,-3.51%,$-0.00B,$0.01B,-13.79%,$-0.00B,$0.12B,-0.82%,$0.00B,$0.09B,3.74%,$51,$35,$16,$0,$15,$51,$-0,$-1,$-1,$-1,$-1,$-1,$-1,$1,$-0,$18,18,$-0.03,$-0.03,$1,$44,$0,$87,$13,$0,$21,$1,$35,$122,$32,$57,$3,$62,$95,$0,$-44,$-1,$28,$122,$-0,$6,$0,$6,$-5,$-6,$0,$0,$-12,$-6,$-3,$0,$-0,$0,$0,$0,$0,$-3,$9,$0,$9,$0,$0,$0,$0,$9,$-0,$1,$0
16,2014-09-30,3.5,$1.58,2.21,$11.04,0.32,$0.62,5.63,$-0.07,0.0,$0.09B,$0.04B,2.45,$0.06B,$0.03B,1.91,$0.20B,$0.06B,32.00%,$0.20B,$0.00B,0.50%,$0.20B,$0.00B,0.50%,$0.20B,$0.01B,4.00%,$0.20B,$-0.00B,-1.00%,$0.20B,$-0.00B,-1.00%,$-0.00B,$0.03B,-7.08%,$-0.00B,$0.01B,-28.57%,$-0.00B,$0.13B,-1.66%,$0.00B,$0.08B,1.29%,$51,$34,$17,$0,$15,$50,$1,$-1,$-0,$-0,$-0,$-0,$-0,$2,$1,$18,18,$-0.01,$-0.01,$1,$49,$0,$91,$13,$0,$21,$1,$36,$127,$37,$55,$3,$61,$98,$0,$-44,$-1,$29,$127,$0,$4,$1,$5,$-4,$-11,$0,$0,$-11,$-5,$-2,$0,$-0,$0,$0,$0,$0,$-2,$7,$0,$7,$0,$0,$0,$0,$7,$-0,$1,$0
17,2014-06-30,2.88,$1.58,1.82,$11.03,0.26,$1.83,1.57,$-0.13,0.0,$0.09B,$0.05B,2.01,$0.05B,$0.03B,1.66,$0.20B,$0.06B,31.00%,$0.20B,$-0.00B,-0.50%,$0.20B,$-0.00B,-0.50%,$0.20B,$0.01B,3.50%,$0.20B,$-0.00B,-2.00%,$0.20B,$-0.00B,-1.50%,$-0.00B,$0.03B,-10.62%,$-0.00B,$0.01B,-42.86%,$-0.00B,$0.13B,-2.54%,$-0.00B,$0.08B,-1.32%,$53,$35,$17,$0,$15,$51,$1,$-1,$0,$0,$0,$0,$0,$3,$1,$18,18,$0.02,$0.02,$2,$46,$0,$92,$14,$0,$21,$2,$37,$128,$46,$48,$3,$54,$100,$0,$-44,$-0,$29,$128,$1,$3,$1,$3,$-7,$-8,$0,$0,$-2,$2,$-1,$0,$-0,$0,$0,$0,$0,$-1,$-0,$0,$-0,$0,$0,$0,$0,$-0,$0,$1,$0
18,2014-03-31,2.09,$1.54,1.36,$11.13,0.19,$2.76,0.76,$-0.17,0.0,$0.08B,$0.03B,2.41,$0.05B,$0.03B,1.72,$0.20B,$0.06B,30.85%,$0.20B,$-0.00B,-1.00%,$0.20B,$-0.00B,-1.00%,$0.20B,$0.01B,2.99%,$0.20B,$-0.00B,-1.99%,$0.20B,$-0.00B,-1.49%,$-0.00B,$0.03B,-10.53%,$-0.00B,$0.01B,-41.38%,$-0.00B,$0.11B,-2.55%,$-0.00B,$0.08B,-2.63%,$51,$34,$16,$0,$14,$50,$1,$-1,$0,$0,$0,$0,$0,$3,$1,$18,18,$0.01,$0.01,$3,$34,$0,$76,$14,$0,$22,$2,$37,$113,$32,$48,$3,$54,$86,$0,$-44,$-1,$28,$113,$0,$1,$0,$2,$-2,$5,$0,$0,$0,$2,$-0,$0,$-0,$0,$0,$0,$0,$-1,$-0,$0,$-0,$0,$0,$0,$0,$-0,$1,$0,$0
19,2013-12-31,1.81,$1.53,1.18,$11.62,0.16,$2.74,0.66,$-0.16,0.0,$0.08B,$0.03B,2.29,$0.05B,$0.03B,1.74,$0.21B,$0.07B,31.10%,$0.21B,$-0.00B,-0.48%,$0.21B,$-0.00B,-0.48%,$0.21B,$0.01B,2.87%,$0.21B,$-0.00B,-1.91%,$0.21B,$-0.00B,-1.44%,$-0.00B,$0.03B,-10.34%,$-0.00B,$0.01B,-37.50%,$-0.00B,$0.12B,-2.45%,$-0.00B,$0.08B,-1.25%,$45,$30,$14,$0,$15,$46,$-2,$-1,$-2,$-1,$-2,$-2,$-2,$-0,$-2,$18,18,$-0.09,$-0.09,$2,$38,$0,$77,$15,$0,$22,$2,$38,$115,$34,$48,$3,$54,$88,$0,$-44,$-1,$27,$115,$-3,$6,$0,$7,$11,$11,$0,$-1,$15,$19,$-3,$0,$-1,$0,$0,$0,$0,$-4,$-16,$0,$-16,$0,$0,$0,$0,$-16,$-2,$1,$0
20,2013-09-30,2.77,$1.64,1.69,$12.40,0.22,$1.83,1.51,$-0.16,0.0,$0.08B,$0.03B,2.42,$0.05B,$0.03B,1.61,$0.22B,$0.07B,30.94%,$0.22B,0,0.00%,$0.22B,0,0.00%,$0.22B,$0.01B,3.14%,$0.22B,$-0.00B,-1.79%,$0.22B,$-0.00B,-1.35%,$-0.00B,$0.03B,-10.08%,$-0.00B,$0.01B,-35.29%,$-0.00B,$0.12B,-2.33%,$0.00B,$0.08B,0.00%,$51,$36,$15,$0,$14,$51,$-1,$-1,$-2,$-0,$-1,$-1,$-1,$1,$-1,$18,18,$-0.07,$-0.07,$1,$40,$0,$80,$15,$0,$21,$2,$38,$117,$33,$47,$3,$55,$88,$0,$-42,$-0,$29,$117,$-1,$5,$1,$6,$10,$10,$0,$-1,$12,$17,$-2,$0,$-0,$0,$0,$0,$0,$-3,$-16,$0,$-16,$0,$0,$0,$0,$-16,$-2,$1,$0
21,2013-06-30,3.06,$1.68,1.82,$13.16,0.23,$0.81,3.8,$-3.74,0.0,$0.09B,$0.04B,2.15,$0.05B,$0.03B,1.56,$0.24B,$0.07B,31.36%,$0.24B,$-0.07B,-29.24%,$0.24B,$-0.07B,-29.24%,$0.24B,$0.01B,2.97%,$0.24B,$-0.07B,-30.93%,$0.24B,$-0.07B,-28.39%,$-0.07B,$0.03B,-221.49%,$-0.07B,$0.01B,-744.44%,$-0.07B,$0.13B,-48.46%,$-0.07B,$0.08B,-74.19%,$54,$37,$17,$0,$15,$53,$0,$-1,$-0,$-0,$-0,$-0,$-0,$2,$0,$18,18,$-0.02,$-0.02,$4,$42,$0,$87,$15,$0,$21,$2,$38,$125,$41,$47,$3,$54,$95,$0,$-41,$-1,$30,$125,$0,$3,$1,$4,$7,$8,$0,$-2,$14,$18,$-1,$0,$-0,$0,$0,$0,$0,$-2,$-17,$0,$-17,$0,$0,$0,$0,$-16,$0,$1,$0
22,2013-03-31,2.62,$1.68,1.56,$13.60,0.19,$-0.53,0.0,$-3.74,0.0,$0.09B,$0.03B,2.82,$0.06B,$0.03B,2.07,$0.24B,$0.08B,31.97%,$0.24B,$-0.07B,-28.28%,$0.24B,$-0.07B,-28.28%,$0.24B,$0.01B,2.87%,$0.24B,$-0.07B,-30.33%,$0.24B,$-0.07B,-27.46%,$-0.07B,$0.03B,-143.32%,$-0.07B,$0.01B,-837.50%,$-0.07B,$0.13B,-41.10%,$-0.07B,$0.09B,-59.48%,$59,$41,$19,$0,$15,$58,$2,$-1,$0,$-0,$0,$0,$0,$3,$2,$18,18,$0.02,$0.02,$3,$40,$0,$94,$16,$0,$21,$2,$39,$133,$33,$62,$3,$70,$103,$0,$-41,$-1,$30,$133,$0,$2,$0,$2,$-2,$9,$0,$-2,$-0,$2,$-1,$0,$0,$0,$0,$0,$0,$-1,$-2,$0,$-2,$0,$0,$0,$0,$-2,$-0,$0,$0
23,2012-12-31,1.74,$1.68,1.04,$13.80,0.13,$-0.94,0.0,$-3.69,0.0,$0.10B,$0.04B,2.69,$0.07B,$0.03B,2.16,$0.25B,$0.08B,32.26%,$0.25B,$-0.07B,-27.42%,$0.25B,$-0.07B,-27.42%,$0.25B,$0.01B,3.23%,$0.25B,$-0.07B,-29.03%,$0.25B,$-0.07B,-26.61%,$-0.07B,$0.03B,-104.35%,$-0.07B,$0.01B,-942.86%,$-0.07B,$0.14B,-35.68%,$-0.07B,$0.10B,-50.65%,$59,$40,$18,$0,$17,$59,$-1,$-2,$-2,$-1,$-2,$-2,$-2,$1,$-1,$18,18,$-0.10,$-0.10,$3,$50,$0,$102,$17,$0,$22,$0,$38,$140,$38,$65,$3,$72,$110,$0,$-41,$-0,$30,$140,$-66,$77,$-7,$70,$2,$1,$0,$2,$1,$5,$-6,$0,$-1,$0,$0,$0,$0,$-6,$2,$0,$2,$1,$1,$0,$0,$3,$2,$1,$0
24,2012-09-30,1.83,$1.74,1.05,$13.63,0.13,$-0.76,0.0,$-3.62,0.0,$0.12B,$0.04B,3.01,$0.08B,$0.03B,2.48,$0.24B,$0.08B,33.20%,$0.24B,$-0.07B,-27.46%,$0.24B,$-0.07B,-27.46%,$0.24B,$0.01B,3.69%,$0.24B,$-0.07B,-28.69%,$0.24B,$-0.06B,-26.23%,$-0.06B,$0.03B,-80.76%,$-0.06B,$0.01B,-1163.64%,$-0.06B,$0.16B,-31.49%,$-0.07B,$0.11B,-44.82%,$64,$44,$20,$0,$18,$134,$-70,$-1,$-71,$-6,$-65,$-65,$-65,$1,$-70,$18,18,$-3.63,$-3.63,$12,$49,$0,$117,$17,$0,$21,$0,$38,$155,$39,$77,$4,$85,$124,$0,$-40,$-0,$31,$155,$-64,$76,$1,$76,$-5,$2,$0,$1,$-12,$0,$-4,$0,$0,$0,$0,$0,$0,$-4,$14,$0,$14,$0,$0,$0,$0,$15,$11,$1,$0
25,2012-06-30,3.28,$5.34,0.61,$13.51,0.24,$-0.43,0.0,$0.14,23.43,$0.12B,$0.04B,2.89,$0.07B,$0.10B,0.76,$0.24B,$0.08B,34.16%,$0.24B,$0.01B,2.47%,$0.24B,$0.01B,2.47%,$0.24B,$0.01B,5.35%,$0.24B,$0.00B,1.65%,$0.24B,$0.00B,1.23%,$0.00B,$0.10B,3.17%,$0.00B,$0.01B,70.59%,$0.00B,$0.22B,1.38%,$0.01B,$0.17B,3.71%,$62,$41,$21,$0,$19,$61,$0,$-1,$-1,$-0,$-0,$-0,$-0,$2,$0,$18,18,$-0.02,$-0.02,$5,$47,$0,$115,$17,$0,$91,$0,$108,$224,$40,$73,$4,$88,$128,$0,$25,$-1,$96,$224,$1,$4,$1,$4,$-9,$3,$0,$-2,$-9,$-4,$-3,$0,$0,$0,$0,$0,$0,$-3,$10,$0,$10,$1,$1,$0,$0,$11,$4,$1,$0
26,2012-03-31,6.0,$5.39,1.11,$13.51,0.44,$-0.08,0.0,$0.21,28.57,$0.11B,$0.04B,2.73,$0.07B,$0.10B,0.71,$0.24B,$0.08B,33.88%,$0.24B,$0.01B,3.31%,$0.24B,$0.01B,3.31%,$0.24B,$0.01B,5.79%,$0.24B,$0.01B,2.48%,$0.24B,$0.00B,1.65%,$0.00B,$0.10B,4.27%,$0.00B,$0.01B,88.89%,$0.00B,$0.22B,1.87%,$0.01B,$0.17B,5.02%,$63,$42,$21,$0,$17,$60,$3,$-1,$2,$1,$1,$1,$1,$4,$3,$18,18,$0.07,$0.07,$2,$48,$0,$113,$17,$0,$92,$0,$109,$221,$41,$69,$4,$84,$125,$0,$26,$-0,$96,$221,$1,$2,$0,$2,$-10,$3,$0,$-1,$-8,$-5,$-1,$0,$0,$0,$0,$0,$0,$-1,$6,$0,$6,$0,$0,$0,$0,$7,$0,$0,$0
27,2011-12-31,7.04,$5.34,1.32,$13.49,0.52,$-0.07,0.0,$0.21,33.52,$0.10B,$0.04B,2.5,$0.06B,$0.09B,0.67,$0.24B,$0.08B,34.18%,$0.24B,$0.01B,2.95%,$0.24B,$0.01B,2.95%,$0.24B,$0.01B,5.91%,$0.24B,$0.01B,2.53%,$0.24B,$0.00B,1.69%,$0.00B,$0.09B,4.32%,$0.00B,$0.00B,94.12%,$0.00B,$0.21B,1.91%,$0.01B,$0.16B,4.43%,$55,$36,$19,$0,$17,$55,$0,$-1,$-0,$0,$-0,$-0,$-0,$2,$0,$17,18,$-0.02,$-0.02,$1,$50,$0,$103,$18,$0,$92,$0,$110,$213,$41,$62,$4,$78,$119,$0,$24,$-1,$94,$213,$4,$6,$5,$12,$1,$-2,$0,$-1,$-6,$9,$-7,$0,$-14,$0,$0,$0,$0,$-21,$9,$0,$9,$2,$2,$0,$0,$11,$0,$1,$0
28,2011-09-30,6.6,$5.35,1.23,$13.50,0.49,$-1.25,0.0,$0.26,25.38,$0.11B,$0.04B,2.54,$0.06B,$0.09B,0.68,$0.23B,$0.08B,33.48%,$0.23B,$0.01B,3.43%,$0.23B,$0.01B,3.43%,$0.23B,$0.01B,6.01%,$0.23B,$0.01B,2.58%,$0.23B,$0.01B,2.15%,$0.01B,$0.09B,5.68%,$0.01B,$0.01B,76.92%,$0.01B,$0.21B,2.49%,$0.01B,$0.16B,5.30%,$63,$41,$22,$0,$17,$60,$3,$-1,$3,$1,$2,$2,$2,$5,$3,$18,18,$0.12,$0.11,$2,$44,$0,$106,$16,$0,$88,$0,$104,$210,$42,$63,$4,$75,$117,$0,$25,$-1,$93,$210,$4,$5,$1,$5,$-7,$5,$0,$-1,$-2,$7,$-5,$0,$-14,$0,$0,$0,$0,$-19,$10,$0,$10,$2,$2,$0,$0,$12,$1,$1,$0
29,2011-06-30,8.12,$5.26,1.54,$13.06,0.62,$-2.30,0.0,$0.28,29.0,$0.11B,$0.04B,2.77,$0.07B,$0.09B,0.73,$0.22B,$0.07B,33.64%,$0.22B,$0.01B,3.64%,$0.22B,$0.01B,3.64%,$0.22B,$0.01B,6.36%,$0.22B,$0.01B,2.73%,$0.22B,$0.01B,2.27%,$0.01B,$0.09B,5.99%,$0.01B,$0.01B,55.56%,$0.01B,$0.21B,2.63%,$0.01B,$0.16B,5.61%,$61,$41,$20,$0,$17,$59,$2,$-1,$1,$0,$1,$1,$1,$3,$2,$18,18,$0.05,$0.05,$3,$45,$0,$108,$16,$0,$86,$0,$102,$210,$39,$67,$4,$79,$118,$0,$23,$-0,$92,$210,$2,$3,$0,$4,$-5,$5,$0,$-2,$-4,$2,$-3,$0,$-14,$0,$0,$0,$0,$-17,$14,$0,$14,$2,$2,$0,$0,$16,$2,$1,$0
30,2011-03-31,8.0,$5.21,1.53,$9.61,0.83,$-2.26,0.0,$0.36,22.22,$0.10B,$0.03B,3.26,$0.07B,$0.09B,0.77,$0.21B,$0.07B,35.10%,$0.21B,$0.01B,4.33%,$0.21B,$0.01B,4.33%,$0.21B,$0.02B,7.69%,$0.21B,$0.01B,3.85%,$0.21B,$0.01B,2.88%,$0.01B,$0.09B,7.62%,$0.01B,$0.00B,57.14%,$0.01B,$0.20B,3.37%,$0.01B,$0.16B,6.88%,$58,$39,$20,$0,$16,$56,$2,$-1,$2,$0,$1,$1,$1,$4,$2,$16,17,$0.07,$0.07,$0,$45,$0,$102,$16,$0,$86,$0,$102,$204,$31,$70,$4,$82,$113,$0,$22,$-0,$91,$204,$1,$2,$0,$2,$-2,$4,$0,$-1,$-7,$-5,$-1,$0,$-13,$0,$0,$0,$0,$-14,$16,$0,$16,$1,$1,$0,$0,$17,$-1,$0,$0
31,2010-12-31,7.58,$4.95,1.53,$8.86,0.86,$-2.37,0.0,$0.40,18.95,$0.10B,$0.04B,2.65,$0.05B,$0.08B,0.68,$0.19B,$0.07B,36.08%,$0.19B,$0.01B,5.15%,$0.19B,$0.01B,5.15%,$0.19B,$0.02B,8.25%,$0.19B,$0.01B,4.64%,$0.19B,$0.01B,3.61%,$0.01B,$0.08B,9.49%,$0.01B,$0.01B,58.33%,$0.01B,$0.18B,4.25%,$0.01B,$0.13B,8.47%,$51,$35,$16,$0,$14,$50,$1,$-1,$0,$-0,$1,$1,$1,$2,$1,$15,16,$0.18,$0.16,$1,$46,$0,$98,$15,$0,$65,$0,$80,$178,$37,$52,$5,$65,$102,$0,$20,$-0,$76,$178,$7,$5,$3,$8,$-15,$-14,$0,$-0,$-24,$-9,$-8,$0,$-1,$0,$0,$0,$0,$-9,$17,$0,$17,$0,$0,$0,$0,$17,$0,$1,$0
32,2010-09-30,7.82,$4.89,1.6,$8.24,0.95,$-0.85,0.0,$0.48,16.29,$0.09B,$0.04B,2.41,$0.05B,$0.08B,0.63,$0.18B,$0.07B,37.91%,$0.18B,$0.01B,6.59%,$0.18B,$0.01B,6.59%,$0.18B,$0.02B,9.89%,$0.18B,$0.01B,6.04%,$0.18B,$0.01B,4.40%,$0.01B,$0.08B,11.11%,$0.01B,$0.02B,78.05%,$0.01B,$0.17B,5.10%,$0.01B,$0.12B,10.79%,$50,$32,$18,$0,$13,$47,$3,$-0,$3,$1,$2,$2,$2,$5,$3,$15,17,$0.14,$0.13,$1,$46,$0,$93,$15,$0,$61,$0,$76,$169,$39,$47,$8,$55,$94,$0,$20,$-0,$75,$169,$6,$4,$0,$4,$-11,$-14,$0,$0,$-19,$-9,$-7,$0,$0,$0,$0,$0,$0,$-7,$15,$0,$15,$0,$0,$0,$0,$15,$0,$0,$0
33,2010-06-30,6.55,$4.74,1.38,$7.79,0.84,$0.33,20.06,$0.47,13.94,$0.09B,$0.04B,2.09,$0.04B,$0.07B,0.53,$0.17B,$0.07B,38.15%,$0.17B,$0.01B,6.94%,$0.17B,$0.01B,6.94%,$0.17B,$0.02B,9.83%,$0.17B,$0.01B,6.36%,$0.17B,$0.01B,4.62%,$0.01B,$0.07B,11.43%,$0.01B,$0.01B,96.97%,$0.01B,$0.16B,5.34%,$0.01B,$0.11B,11.29%,$49,$31,$19,$0,$14,$46,$3,$-0,$3,$1,$2,$2,$2,$5,$3,$0,0,$0.00,$0.00,$3,$41,$0,$87,$13,$0,$61,$0,$74,$162,$42,$39,$8,$47,$88,$0,$18,$-0,$73,$162,$4,$2,$0,$3,$-9,$-10,$0,$0,$-9,$-3,$-4,$0,$0,$0,$0,$0,$0,$-4,$7,$0,$7,$0,$0,$0,$0,$7,$2,$0,$0
34,2010-03-31,6.58,$4.59,1.43,$10.28,0.64,$0.57,11.46,$0.45,14.62,$0.08B,$0.03B,2.32,$0.04B,$0.07B,0.53,$0.16B,$0.06B,37.65%,$0.16B,$0.01B,7.41%,$0.16B,$0.01B,7.41%,$0.16B,$0.02B,9.88%,$0.16B,$0.01B,6.17%,$0.16B,$0.01B,4.94%,$0.01B,$0.07B,11.76%,$0.01B,$0.01B,103.23%,$0.01B,$0.15B,5.64%,$0.01B,$0.11B,11.59%,$44,$27,$17,$0,$14,$41,$3,$-0,$3,$1,$2,$2,$2,$4,$3,$15,16,$0.11,$0.11,$2,$32,$0,$77,$12,$0,$61,$0,$73,$150,$33,$38,$7,$46,$79,$0,$16,$-0,$71,$150,$2,$1,$0,$1,$-8,$-0,$0,$-0,$-8,$-5,$-2,$0,$0,$0,$0,$0,$0,$-2,$7,$0,$7,$0,$0,$0,$0,$7,$1,$0,$0
35,2009-12-31,4.49,$4.49,1.0,$9.81,0.46,$0.84,5.32,$0.37,12.14,$0.07B,$0.03B,2.12,$0.03B,$0.07B,0.46,$0.15B,$0.06B,36.60%,$0.15B,$0.01B,6.54%,$0.15B,$0.01B,6.54%,$0.15B,$0.01B,9.15%,$0.15B,$0.01B,5.23%,$0.15B,$0.01B,3.92%,$0.01B,$0.07B,9.09%,$0.01B,$0.00B,85.71%,$0.01B,$0.15B,4.40%,$0.01B,$0.10B,9.80%,$39,$24,$15,$0,$8,$37,$3,$-0,$2,$1,$2,$2,$2,$4,$3,$15,16,$0.10,$0.10,$1,$32,$0,$69,$11,$0,$65,$0,$77,$146,$33,$32,$7,$44,$77,$0,$14,$-0,$69,$146,$6,$4,$1,$5,$-3,$1,$0,$-1,$1,$12,$-4,$0,$-2,$0,$0,$0,$0,$-6,$-10,$0,$-10,$0,$0,$0,$4,$-6,$-0,$1,$0
36,2009-09-30,4.96,$4.32,1.15,$9.65,0.51,$0.09,57.94,$0.32,15.5,$0.07B,$0.03B,2.33,$0.04B,$0.07B,0.53,$0.15B,$0.05B,35.81%,$0.15B,$0.01B,6.08%,$0.15B,$0.01B,6.08%,$0.15B,$0.01B,8.78%,$0.15B,$0.01B,4.05%,$0.15B,$0.00B,2.70%,$0.00B,$0.07B,6.25%,$0.00B,$0.01B,53.33%,$0.00B,$0.14B,3.01%,$0.01B,$0.10B,8.76%,$41,$26,$15,$0,$12,$38,$3,$-0,$3,$1,$2,$2,$2,$4,$3,$15,16,$0.13,$0.12,$3,$29,$0,$68,$11,$0,$61,$0,$72,$141,$29,$36,$7,$44,$73,$0,$12,$-0,$67,$141,$4,$3,$0,$4,$-6,$4,$0,$0,$-1,$7,$-3,$0,$-0,$0,$0,$0,$0,$-3,$-6,$0,$-6,$0,$0,$0,$4,$-2,$2,$0,$0
37,2009-06-30,2.39,$4.24,0.56,$9.45,0.25,$-0.49,0.0,$0.31,7.71,$0.06B,$0.02B,2.63,$0.04B,$0.07B,0.54,$0.14B,$0.05B,34.97%,$0.14B,$0.01B,6.29%,$0.14B,$0.01B,6.29%,$0.14B,$0.01B,9.09%,$0.14B,$0.01B,3.50%,$0.14B,$0.00B,2.80%,$0.00B,$0.07B,6.37%,$0.00B,$0.01B,55.17%,$0.00B,$0.13B,3.08%,$0.01B,$0.10B,8.76%,$38,$25,$14,$0,$11,$36,$3,$-0,$2,$1,$2,$2,$2,$4,$3,$15,15,$0.11,$0.11,$2,$27,$0,$63,$11,$0,$55,$0,$67,$130,$24,$36,$4,$40,$64,$0,$11,$-0,$65,$130,$2,$2,$0,$3,$-3,$4,$0,$0,$1,$6,$-2,$0,$0,$0,$0,$0,$0,$-2,$-6,$0,$-6,$0,$0,$0,$4,$-2,$1,$0,$0
38,2009-03-31,1.79,$4.09,0.44,$9.24,0.19,$-0.86,0.0,$0.29,6.17,$0.06B,$0.02B,2.96,$0.04B,$0.06B,0.64,$0.14B,$0.05B,34.53%,$0.14B,$0.01B,6.47%,$0.14B,$0.01B,6.47%,$0.14B,$0.01B,8.63%,$0.14B,$0.01B,3.60%,$0.14B,$0.00B,2.16%,$0.00B,$0.06B,4.88%,$0.00B,$0.01B,48.00%,$0.00B,$0.13B,2.34%,$0.01B,$0.10B,8.78%,$35,$23,$12,$0,$11,$34,$1,$-0,$1,$0,$0,$0,$0,$2,$1,$15,15,$0.03,$0.03,$1,$27,$0,$62,$11,$0,$56,$0,$67,$129,$21,$40,$4,$45,$66,$0,$9,$-1,$63,$129,$0,$1,$0,$1,$-3,$4,$0,$0,$-3,$-1,$-1,$0,$-0,$0,$0,$0,$0,$-1,$-2,$0,$-2,$0,$0,$0,$4,$2,$-0,$0,$0
39,2008-12-31,2.15,$4.08,0.53,$9.02,0.24,$-1.08,0.0,$0.33,6.52,$0.06B,$0.03B,2.56,$0.04B,$0.06B,0.69,$0.13B,$0.05B,34.85%,$0.13B,$0.01B,7.58%,$0.13B,$0.01B,7.58%,$0.13B,$0.01B,9.85%,$0.13B,$0.01B,4.55%,$0.13B,$0.00B,3.03%,$0.00B,$0.06B,6.69%,$0.00B,$0.01B,57.14%,$0.00B,$0.13B,3.25%,$0.01B,$0.10B,10.90%,$34,$22,$12,$0,$8,$33,$2,$-2,$-0,$-0,$0,$0,$0,$3,$2,$15,15,$0.01,$0.01,$1,$31,$0,$63,$11,$0,$56,$0,$67,$131,$25,$42,$1,$44,$69,$0,$8,$-1,$61,$131,$4,$3,$2,$5,$-4,$-7,$0,$0,$-9,$-0,$-4,$0,$-18,$0,$0,$0,$0,$-22,$22,$0,$22,$0,$0,$0,$0,$22,$-1,$0,$0
40,2008-09-30,4.44,$4.10,1.08,$8.42,0.53,$-1.39,0.0,$0.32,13.88,$0.06B,$0.03B,2.41,$0.04B,$0.06B,0.67,$0.12B,$0.04B,35.54%,$0.12B,$0.01B,7.44%,$0.12B,$0.01B,7.44%,$0.12B,$0.01B,9.92%,$0.12B,$0.01B,5.79%,$0.12B,$0.01B,4.13%,$0.01B,$0.06B,8.66%,$0.01B,$0.01B,57.14%,$0.01B,$0.13B,4.41%,$0.01B,$0.10B,11.25%,$36,$23,$12,$0,$10,$33,$3,$-1,$2,$1,$2,$2,$2,$4,$3,$15,15,$0.11,$0.11,$1,$31,$0,$64,$10,$0,$56,$0,$66,$130,$26,$41,$0,$42,$68,$0,$8,$-0,$62,$130,$4,$2,$0,$2,$-4,$-7,$0,$0,$-8,$-3,$-2,$0,$-17,$0,$0,$0,$0,$-19,$21,$0,$21,$0,$0,$0,$0,$21,$-0,$0,$0
41,2008-06-30,4.29,$4.01,1.07,$7.58,0.57,$-1.56,0.0,$0.29,14.79,$0.06B,$0.02B,2.59,$0.04B,$0.06B,0.65,$0.11B,$0.04B,36.79%,$0.11B,$0.01B,7.55%,$0.11B,$0.01B,7.55%,$0.11B,$0.01B,9.43%,$0.11B,$0.01B,6.60%,$0.11B,$0.00B,3.77%,$0.00B,$0.06B,6.78%,$0.00B,$0.01B,28.07%,$0.00B,$0.12B,3.91%,$0.01B,$0.10B,11.11%,$34,$22,$12,$0,$10,$31,$3,$-1,$2,$1,$1,$1,$1,$3,$3,$15,15,$0.09,$0.09,$3,$27,$0,$59,$10,$0,$54,$0,$64,$123,$23,$39,$0,$40,$63,$0,$6,$-0,$60,$123,$2,$1,$-0,$1,$-3,$-3,$0,$0,$-4,$-1,$-1,$0,$-15,$0,$0,$0,$0,$-17,$19,$0,$19,$0,$0,$0,$0,$19,$1,$0,$0
42,2008-03-31,3.95,$3.90,1.01,$6.61,0.6,$-1.70,0.0,$0.27,14.63,$0.05B,$0.05B,1.11,$0.00B,$0.06B,0.07,$0.09B,$0.03B,37.36%,$0.09B,$0.01B,6.59%,$0.09B,$0.01B,6.59%,$0.09B,$0.01B,9.89%,$0.09B,$0.01B,7.69%,$0.09B,$0.00B,4.40%,$0.00B,$0.06B,6.61%,$0.00B,$0.01B,20.51%,$0.00B,$0.11B,4.35%,$0.01B,$0.06B,9.30%,$28,$18,$10,$0,$8,$26,$2,$-0,$2,$1,$1,$1,$1,$3,$2,$14,14,$0.07,$0.07,$2,$22,$0,$52,$10,$0,$46,$0,$55,$108,$47,$4,$0,$5,$52,$0,$5,$-0,$56,$108,$1,$0,$0,$1,$-4,$-1,$0,$0,$-6,$-5,$-1,$0,$-5,$0,$0,$0,$0,$-6,$11,$0,$11,$0,$0,$0,$0,$11,$1,$0,$0
43,2007-12-31,4.88,$3.83,1.27,$4.97,0.98,$-1.26,0.0,$0.22,22.18,$0.04B,$0.04B,1.23,$0.00B,$0.05B,0.08,$0.07B,$0.03B,38.24%,$0.07B,$0.00B,5.88%,$0.07B,$0.00B,5.88%,$0.07B,$0.01B,8.82%,$0.07B,$0.01B,7.35%,$0.07B,$0.00B,4.41%,$0.00B,$0.05B,4.78%,$0.00B,$0.01B,12.77%,$0.00B,$0.09B,3.57%,$0.00B,$0.06B,6.08%,$23,$15,$9,$0,$6,$22,$1,$-0,$1,$0,$1,$1,$1,$2,$1,$13,14,$0.06,$0.06,$2,$19,$0,$43,$9,$0,$40,$0,$50,$93,$35,$4,$0,$5,$40,$0,$4,$0,$53,$93,$3,$1,$1,$2,$-9,$-9,$0,$-0,$-10,$-4,$-4,$0,$-24,$0,$0,$0,$0,$-28,$19,$-15,$4,$-22,$-22,$0,$0,$-18,$-50,$0,$0
