,Date,Stock Price,Book Value per Share,Price to Book Ratio,TTM Sales per Share,Price to Sales Ratio,TTM FCF per Share,Price to FCF Ratio,TTM Net EPS,PE Ratio,Current Assets,Current Liabilities,Current Ratio,Long Term Debt,Shareholder's Equity_x,Debt to Equity Ratio,TTM Revenue_x,TTM Gross Profit,Gross Margin,TTM Revenue_y,TTM Operating Income,Operating Margin,TTM Revenue_x,TTM EBIT,EBIT Margin,TTM Revenue_y,TTM EBITDA,EBITDA Margin,TTM Revenue_x,TTM Pre-Tax Income,Pre-Tax Margin,TTM Revenue_y,TTM Net Income_x,Net Margin,TTM Net Income_y,Shareholder's Equity_y,Return on Equity,TTM Net Income_x,Tangible Equity,Return on Tangible Equity,TTM Net Income_y,Total Assets,Return on Assets,TTM Net Income,LT Investments & Debt,Return on Investment,revenue,cost-goods-sold,gross-profit,research-development-expenses,selling-general-administrative-expenses,operating-expenses,operating-income,total-non-operating-income-expense,pre-tax-income,total-provision-income-taxes,income-after-taxes,income-from-continuous-operations,net-income,ebitda,ebit,basic-shares-outstanding,shares-outstanding,eps-basic-net-earnings-per-share,eps-earnings-per-share-diluted,cash-on-hand,inventory,other-current-assets,total-current-assets,net-property-plant-equipment,long-term-investments,goodwill-intangible-assets-total,other-long-term-assets,total-long-term-assets,total-assets,total-current-liabilities,long-term-debt,other-non-current-liabilities,total-long-term-liabilities,total-liabilities,common-stock-net,retained-earnings-accumulated-deficit,comprehensive-income,total-share-holder-equity,total-liabilities-share-holders-equity,net-income-loss,total-depreciation-amortization-cash-flow,other-non-cash-items,total-non-cash-items,change-in-accounts-receivable,change-in-inventories,change-in-accounts-payable,change-in-assets-liabilities,total-change-in-assets-liabilities,cash-flow-from-operating-activities,net-change-in-property-plant-equipment,net-change-in-intangible-assets,net-acquisitions-divestitures,net-change-in-short-term-investments,net-change-in-long-term-investments,net-change-in-investments-total,investing-activities-other,cash-flow-from-investing-activities,net-long-term-debt,net-current-debt,debt-issuance-retirement-net-total,net-common-equity-issued-repurchased,net-total-equity-issued-repurchased,total-common-preferred-stock-dividends-paid,financial-activities-other,cash-flow-from-financial-activities,net-cash-flow,stock-based-compensation,common-stock-dividends-paid
0,2018-09-30,0.49,$0.45,1.09,$2.97,0.17,$-0.82,0.0,$-0.29,0.0,$0.02B,$0.02B,1.2,$0.00B,$0.01B,0.34,$0.07B,$0.01B,12.86%,$0.07B,$-0.01B,-10.00%,$0.07B,$-0.01B,-10.00%,$0.07B,$-0.01B,-10.00%,$0.07B,$-0.01B,-10.00%,$0.07B,$-0.01B,-10.00%,$-0.01B,$0.01B,-52.83%,$-0.01B,$0.00B,-560.00%,$-0.01B,$0.04B,-19.72%,$-0.01B,$0.02B,-44.44%,$18,$15,$3,$0,$3,$18,$-0,$-0,$-0,$0,$-0,$-0,$-0,$-0,$-0,$26,26,$-0.01,$-0.01,$4,$4,$5,$23,$1,$0,$11,$0,$12,$35,$19,$4,$0,$4,$23,$0,$-62,$0,$12,$35,$-4,$0,$1,$2,$2,$1,$-1,$-5,$-4,$-6,$-0,$0,$0,$0,$0,$0,$0,$-0,$3,$0,$3,$0,$0,$0,$0,$3,$-3,$1,$0
1,2018-06-30,1.12,$0.46,2.43,$3.09,0.36,$-0.76,0.0,$-0.38,0.0,$0.02B,$0.02B,1.23,$0.00B,$0.01B,0.37,$0.07B,$0.01B,12.68%,$0.07B,$-0.01B,-12.68%,$0.07B,$-0.01B,-12.68%,$0.07B,$-0.01B,-11.27%,$0.07B,$-0.01B,-12.68%,$0.07B,$-0.01B,-12.68%,$-0.01B,$0.01B,-60.00%,$-0.01B,$0.00B,-300.00%,$-0.01B,$0.03B,-24.32%,$-0.01B,$0.02B,-53.73%,$20,$17,$3,$0,$4,$22,$-2,$-0,$-2,$0,$-2,$-2,$-2,$-2,$-2,$25,25,$-0.07,$-0.07,$5,$4,$4,$21,$1,$0,$11,$0,$12,$34,$17,$4,$0,$5,$22,$0,$-61,$0,$12,$34,$-4,$0,$1,$1,$4,$0,$-3,$-4,$-3,$-5,$-0,$0,$0,$0,$0,$0,$0,$-0,$3,$0,$3,$0,$0,$0,$0,$3,$-2,$1,$0
2,2018-03-31,0.95,$0.55,1.72,$3.25,0.29,$-0.81,0.0,$-0.27,0.0,$0.02B,$0.02B,1.08,$0.00B,$0.01B,0.07,$0.08B,$0.01B,17.11%,$0.08B,$-0.01B,-7.89%,$0.08B,$-0.01B,-7.89%,$0.08B,$-0.00B,-5.26%,$0.08B,$-0.01B,-7.89%,$0.08B,$-0.01B,-7.89%,$-0.01B,$0.01B,-35.29%,$-0.01B,$0.00B,-114.29%,$-0.01B,$0.03B,-15.19%,$-0.01B,$0.01B,-32.88%,$13,$11,$2,$0,$4,$15,$-2,$-0,$-2,$0,$-2,$-2,$-2,$-2,$-2,$23,23,$-0.07,$-0.07,$2,$7,$4,$20,$1,$0,$11,$0,$13,$32,$18,$1,$0,$1,$19,$0,$-59,$0,$13,$32,$-2,$0,$0,$0,$4,$-2,$-3,$-2,$-3,$-5,$-0,$0,$0,$0,$0,$0,$0,$-0,$-0,$0,$-0,$0,$0,$0,$0,$-0,$-5,$0,$0
3,2017-12-31,1.05,$0.68,1.55,$3.35,0.31,$-0.92,0.0,$-0.34,0.0,$0.03B,$0.02B,1.18,$0.00B,$0.02B,0.07,$0.08B,$0.01B,18.18%,$0.08B,$-0.01B,-9.09%,$0.08B,$-0.01B,-9.09%,$0.08B,$-0.00B,-5.19%,$0.08B,$-0.01B,-9.09%,$0.08B,$-0.01B,-9.09%,$-0.01B,$0.02B,-37.84%,$-0.01B,$0.00B,-103.70%,$-0.01B,$0.04B,-17.18%,$-0.01B,$0.02B,-35.44%,$19,$18,$1,$0,$4,$23,$-3,$-0,$-3,$0,$-3,$-3,$-3,$-3,$-3,$22,22,$-0.14,$-0.13,$7,$4,$6,$28,$1,$0,$11,$0,$13,$41,$24,$1,$0,$1,$25,$0,$-56,$0,$16,$41,$-7,$1,$1,$3,$-2,$-1,$0,$3,$0,$-4,$0,$0,$0,$0,$0,$0,$0,$0,$-1,$0,$-1,$0,$0,$0,$0,$-1,$-5,$1,$0
4,2017-09-30,1.57,$0.82,1.9,$3.39,0.46,$-0.68,0.0,$-0.37,0.0,$0.03B,$0.02B,1.35,$0.00B,$0.02B,0.08,$0.08B,$0.02B,21.05%,$0.08B,$-0.01B,-9.21%,$0.08B,$-0.01B,-9.21%,$0.08B,$-0.00B,-5.26%,$0.08B,$-0.01B,-10.53%,$0.08B,$-0.01B,-10.53%,$-0.01B,$0.02B,-40.51%,$-0.01B,$0.01B,-96.97%,$-0.01B,$0.04B,-19.51%,$-0.01B,$0.02B,-33.33%,$19,$16,$3,$0,$5,$20,$-2,$-0,$-2,$0,$-2,$-2,$-2,$-1,$-2,$22,22,$-0.09,$-0.09,$7,$4,$7,$28,$1,$0,$11,$0,$13,$41,$21,$1,$0,$2,$22,$0,$-53,$0,$19,$41,$-4,$1,$1,$2,$-1,$-1,$-1,$1,$-2,$-4,$-0,$0,$0,$0,$0,$0,$0,$-0,$-0,$0,$-0,$0,$0,$0,$0,$-0,$-4,$1,$0
5,2017-06-30,1.75,$0.90,1.95,$3.40,0.52,$-0.67,0.0,$-0.57,0.0,$0.03B,$0.02B,1.4,$0.00B,$0.02B,0.07,$0.08B,$0.02B,24.00%,$0.08B,$-0.01B,-14.67%,$0.08B,$-0.01B,-14.67%,$0.08B,$-0.01B,-10.67%,$0.08B,$-0.01B,-16.00%,$0.08B,$-0.01B,-16.00%,$-0.01B,$0.02B,-56.47%,$-0.01B,$0.01B,-123.08%,$-0.01B,$0.04B,-28.24%,$-0.01B,$0.02B,-48.89%,$25,$18,$7,$0,$5,$24,$1,$-0,$1,$0,$1,$1,$1,$2,$1,$22,26,$0.05,$0.04,$4,$4,$6,$31,$1,$0,$11,$0,$13,$44,$22,$1,$0,$2,$24,$0,$-51,$0,$20,$44,$-2,$1,$1,$1,$-7,$-0,$-1,$2,$-6,$-6,$-0,$0,$0,$0,$0,$0,$0,$-0,$-0,$0,$-0,$0,$0,$0,$0,$-0,$-7,$1,$0
6,2017-03-31,1.52,$0.84,1.82,$3.70,0.41,$-0.52,0.0,$-0.58,0.0,$0.02B,$0.02B,1.39,$0.00B,$0.02B,0.04,$0.08B,$0.02B,24.69%,$0.08B,$-0.01B,-13.58%,$0.08B,$-0.01B,-13.58%,$0.08B,$-0.01B,-11.11%,$0.08B,$-0.01B,-14.81%,$0.08B,$-0.01B,-14.81%,$-0.01B,$0.02B,-52.17%,$-0.01B,$0.01B,-106.67%,$-0.01B,$0.04B,-26.82%,$-0.01B,$0.02B,-45.83%,$14,$12,$3,$0,$5,$17,$-3,$-0,$-3,$0,$-3,$-3,$-3,$-2,$-3,$21,21,$-0.14,$-0.14,$4,$4,$4,$24,$2,$0,$11,$0,$13,$37,$17,$1,$0,$1,$18,$0,$-52,$0,$19,$37,$-3,$0,$0,$0,$-2,$-0,$-4,$2,$-4,$-7,$-0,$0,$0,$0,$0,$0,$0,$-0,$-0,$0,$-0,$0,$0,$0,$0,$-0,$-7,$0,$0
7,2016-12-31,2.0,$1.02,1.97,$4.06,0.49,$-0.50,0.0,$-0.46,0.0,$0.03B,$0.02B,1.49,$0.00B,$0.02B,0.05,$0.09B,$0.02B,26.74%,$0.09B,$-0.01B,-9.30%,$0.09B,$-0.01B,-9.30%,$0.09B,$-0.01B,-8.14%,$0.09B,$-0.01B,-10.47%,$0.09B,$-0.01B,-10.47%,$-0.01B,$0.02B,-37.11%,$-0.01B,$0.01B,-70.59%,$-0.01B,$0.04B,-19.78%,$-0.01B,$0.02B,-32.00%,$18,$16,$3,$0,$6,$22,$-3,$-0,$-4,$0,$-4,$-4,$-4,$-3,$-3,$20,20,$-0.19,$-0.18,$11,$3,$4,$29,$2,$0,$11,$0,$13,$42,$19,$1,$0,$1,$20,$0,$-49,$0,$21,$42,$-9,$1,$6,$7,$-3,$-2,$8,$1,$4,$2,$-1,$0,$0,$0,$0,$0,$0,$-1,$-2,$0,$-2,$0,$0,$0,$0,$-2,$-1,$6,$0
