,Date,Stock Price,Book Value per Share,Price to Book Ratio,TTM Sales per Share,Price to Sales Ratio,TTM FCF per Share,Price to FCF Ratio,TTM Net EPS,PE Ratio,Current Assets,Current Liabilities,Current Ratio,Long Term Debt,Shareholder's Equity_x,Debt to Equity Ratio,TTM Revenue_x,TTM Gross Profit,Gross Margin,TTM Revenue_y,TTM Operating Income,Operating Margin,TTM Revenue_x,TTM EBIT,EBIT Margin,TTM Revenue_y,TTM EBITDA,EBITDA Margin,TTM Revenue_x,TTM Pre-Tax Income,Pre-Tax Margin,TTM Revenue_y,TTM Net Income_x,Net Margin,TTM Net Income_y,Shareholder's Equity_y,Return on Equity,TTM Net Income_x,Tangible Equity,Return on Tangible Equity,TTM Net Income_y,Total Assets,Return on Assets,TTM Net Income,LT Investments & Debt,Return on Investment,revenue,cost-goods-sold,gross-profit,research-development-expenses,selling-general-administrative-expenses,operating-expenses,operating-income,total-non-operating-income-expense,pre-tax-income,total-provision-income-taxes,income-after-taxes,income-from-continuous-operations,net-income,ebitda,ebit,basic-shares-outstanding,shares-outstanding,eps-basic-net-earnings-per-share,eps-earnings-per-share-diluted,cash-on-hand,inventory,other-current-assets,total-current-assets,net-property-plant-equipment,long-term-investments,goodwill-intangible-assets-total,other-long-term-assets,total-long-term-assets,total-assets,total-current-liabilities,long-term-debt,other-non-current-liabilities,total-long-term-liabilities,total-liabilities,common-stock-net,retained-earnings-accumulated-deficit,comprehensive-income,total-share-holder-equity,total-liabilities-share-holders-equity,net-income-loss,total-depreciation-amortization-cash-flow,other-non-cash-items,total-non-cash-items,change-in-accounts-receivable,change-in-inventories,change-in-accounts-payable,change-in-assets-liabilities,total-change-in-assets-liabilities,cash-flow-from-operating-activities,net-change-in-property-plant-equipment,net-change-in-intangible-assets,net-acquisitions-divestitures,net-change-in-short-term-investments,net-change-in-long-term-investments,net-change-in-investments-total,investing-activities-other,cash-flow-from-investing-activities,net-long-term-debt,net-current-debt,debt-issuance-retirement-net-total,net-common-equity-issued-repurchased,net-total-equity-issued-repurchased,total-common-preferred-stock-dividends-paid,financial-activities-other,cash-flow-from-financial-activities,net-cash-flow,stock-based-compensation,common-stock-dividends-paid
0,2018-09-30,17.05,$22.33,0.76,$59.40,0.29,$-0.55,0.0,$-0.71,0.0,$0.40B,$0.18B,2.19,$0.69B,$0.40B,1.71,$1.49B,$0.17B,11.31%,$1.49B,$0.08B,5.45%,$1.49B,$0.08B,5.45%,$1.49B,$0.08B,5.45%,$1.49B,$0.03B,1.75%,$1.49B,$-0.02B,-1.21%,$-0.02B,$0.56B,-3.06%,$-0.02B,$0.08B,-19.20%,$-0.02B,$1.53B,-1.16%,$0.08B,$1.25B,6.38%,$348,$324,$24,$0,$16,$340,$8,$-15,$-8,$-7,$-1,$-1,$-9,$8,$8,$25,25,$-0.37,$-0.37,$12,$193,$36,$404,$542,$0,$474,$44,$1127,$1530,$184,$687,$68,$787,$971,$89,$381,$-88,$559,$1530,$0,$0,$0,$0,$0,$0,$0,$0,$0,$64,$-55,$0,$0,$0,$0,$0,$0,$-55,$-5,$19,$13,$-33,$-33,$-22,$-1,$-42,$-35,$0,$-22
1,2018-06-30,17.81,$22.99,0.77,$58.82,0.3,$-2.50,0.0,$-0.56,0.0,$0.43B,$0.18B,2.33,$0.67B,$0.42B,1.59,$1.47B,$0.17B,11.44%,$1.47B,$0.08B,5.38%,$1.47B,$0.08B,5.38%,$1.47B,$0.08B,5.38%,$1.47B,$0.03B,2.25%,$1.47B,$-0.02B,-1.02%,$-0.02B,$0.58B,-2.48%,$-0.02B,$0.09B,-15.79%,$-0.02B,$1.53B,-0.96%,$0.08B,$1.25B,6.16%,$389,$335,$54,$0,$22,$358,$31,$-18,$13,$5,$8,$8,$2,$31,$31,$25,25,$0.09,$0.09,$20,$187,$37,$427,$531,$0,$481,$39,$1103,$1530,$183,$670,$79,$772,$955,$87,$392,$-110,$575,$1530,$0,$0,$0,$0,$0,$0,$0,$0,$0,$31,$-38,$0,$-0,$0,$0,$0,$0,$-38,$-4,$0,$-4,$0,$0,$-16,$-1,$-20,$-27,$0,$-16
2,2018-03-31,13.15,$25.16,0.52,$52.95,0.25,$-3.82,0.0,$-1.06,0.0,$0.45B,$0.21B,2.16,$0.69B,$0.48B,1.43,$1.32B,$0.13B,10.15%,$1.32B,$0.05B,3.48%,$1.32B,$0.05B,3.48%,$1.32B,$0.05B,3.48%,$1.32B,$0.01B,0.83%,$1.32B,$-0.03B,-2.05%,$-0.03B,$0.63B,-4.35%,$-0.03B,$0.12B,-26.73%,$-0.03B,$1.62B,-1.70%,$0.05B,$1.32B,3.51%,$386,$336,$50,$0,$22,$359,$28,$-14,$14,$3,$10,$10,$2,$28,$28,$25,25,$0.07,$0.07,$24,$183,$34,$449,$552,$0,$514,$46,$1169,$1618,$208,$687,$64,$781,$989,$86,$392,$-54,$629,$1618,$0,$0,$0,$0,$0,$0,$0,$0,$0,$14,$-23,$0,$-0,$0,$0,$0,$0,$-23,$-2,$0,$-2,$0,$0,$-9,$-1,$-12,$-23,$0,$-9
3,2017-12-31,14.6,$23.70,0.62,$44.41,0.33,$-4.22,0.0,$-1.01,0.0,$0.42B,$0.20B,2.14,$0.68B,$0.45B,1.53,$1.11B,$0.10B,9.30%,$1.11B,$0.02B,1.99%,$1.11B,$0.02B,1.99%,$1.11B,$0.02B,1.99%,$1.11B,$0.00B,0.00%,$1.11B,$-0.03B,-2.35%,$-0.03B,$0.59B,-4.57%,$-0.03B,$0.08B,-14.71%,$-0.03B,$1.55B,-1.96%,$0.02B,$1.27B,2.02%,$362,$322,$40,$0,$26,$348,$14,$-7,$7,$12,$-4,$-4,$-13,$14,$14,$25,25,$-0.50,$-0.50,$47,$174,$29,$417,$537,$0,$508,$35,$1134,$1551,$195,$680,$58,$766,$961,$90,$393,$-89,$590,$1551,$-6,$77,$0,$77,$5,$-1,$1,$-8,$-7,$64,$-71,$0,$-707,$0,$0,$0,$0,$-778,$652,$-40,$613,$-5,$145,$-19,$-37,$701,$-11,$3,$-19
4,2017-09-30,16.28,$25.08,0.65,$37.27,0.44,$-2.23,0.0,$-0.20,0.0,$0.41B,$0.17B,2.36,$0.68B,$0.48B,1.4,$0.93B,$0.08B,8.67%,$0.93B,$0.02B,2.03%,$0.93B,$0.02B,2.03%,$0.93B,$0.02B,2.03%,$0.93B,$0.01B,0.54%,$0.93B,$-0.01B,-0.54%,$-0.01B,$0.63B,-0.96%,$-0.01B,$0.09B,-1.96%,$-0.01B,$1.56B,-0.47%,$0.02B,$1.30B,2.19%,$331,$308,$24,$0,$18,$326,$6,$-6,$-1,$-3,$3,$3,$-6,$6,$6,$25,25,$-0.22,$-0.22,$31,$178,$20,$411,$518,$0,$535,$39,$1153,$1563,$174,$675,$54,$764,$939,$89,$407,$-68,$625,$1563,$0,$0,$0,$0,$0,$0,$0,$0,$0,$17,$-57,$0,$-701,$0,$0,$0,$0,$-758,$654,$-38,$617,$-5,$145,$-13,$-36,$713,$-27,$0,$-13
5,2017-06-30,20.09,$25.75,0.78,$30.83,0.65,$-0.29,0.0,$0.25,80.37,$0.51B,$0.18B,2.8,$0.72B,$0.49B,1.46,$0.78B,$0.07B,8.73%,$0.78B,$0.02B,2.31%,$0.78B,$0.02B,2.31%,$0.78B,$0.02B,2.31%,$0.78B,$0.01B,1.41%,$0.78B,$0.01B,0.90%,$0.01B,$0.64B,1.51%,$0.01B,$0.12B,2.09%,$0.01B,$1.63B,0.86%,$0.02B,$1.36B,2.79%,$241,$221,$20,$0,$22,$243,$-2,$-7,$-9,$-2,$-8,$-8,$-10,$-2,$-2,$25,25,$-0.41,$-0.41,$122,$173,$29,$509,$502,$2,$524,$37,$1118,$1626,$182,$721,$49,$803,$985,$89,$415,$-74,$641,$1626,$0,$0,$0,$0,$0,$0,$0,$0,$0,$-10,$-30,$0,$-691,$0,$0,$0,$0,$-721,$693,$0,$693,$-5,$145,$-9,$-36,$794,$63,$0,$-9
6,2017-03-31,24.68,$16.80,1.47,$28.32,0.87,$1.58,15.57,$1.18,20.91,$0.26B,$0.10B,2.66,$0.00B,$0.42B,0.0,$0.72B,$0.08B,10.82%,$0.72B,$0.04B,5.55%,$0.72B,$0.04B,5.55%,$0.72B,$0.04B,5.55%,$0.72B,$0.04B,5.41%,$0.72B,$0.03B,4.16%,$0.03B,$0.42B,7.38%,$0.03B,$0.42B,7.38%,$0.03B,$0.56B,5.51%,$0.04B,$0.42B,9.83%,$174,$155,$19,$0,$15,$170,$4,$-1,$3,$0,$3,$3,$3,$4,$4,$25,25,$0.12,$0.12,$30,$101,$13,$255,$243,$2,$0,$32,$308,$563,$96,$0,$45,$49,$145,$89,$428,$-99,$418,$563,$0,$0,$0,$0,$0,$0,$0,$0,$0,$-2,$-17,$0,$0,$0,$0,$0,$0,$-17,$0,$0,$0,$-5,$-5,$-5,$-1,$-10,$-29,$0,$-5
7,2016-12-31,25.3,$15.84,1.6,$28.65,0.88,$2.70,9.36,$1.62,15.62,$0.25B,$0.09B,2.96,$0.00B,$0.40B,0.0,$0.73B,$0.09B,11.87%,$0.73B,$0.06B,7.50%,$0.73B,$0.06B,7.50%,$0.73B,$0.06B,7.50%,$0.73B,$0.06B,7.50%,$0.73B,$0.04B,5.59%,$0.04B,$0.40B,10.12%,$0.04B,$0.40B,10.12%,$0.04B,$0.54B,7.61%,$0.06B,$0.40B,13.57%,$188,$170,$18,$0,$7,$177,$11,$0,$12,$4,$8,$8,$8,$11,$11,$25,26,$0.31,$0.31,$59,$83,$10,$254,$227,$2,$0,$30,$289,$543,$86,$0,$55,$59,$145,$90,$433,$-125,$398,$543,$41,$34,$-0,$34,$8,$-22,$16,$6,$3,$78,$-35,$0,$0,$0,$0,$0,$0,$-35,$0,$0,$0,$-19,$-19,$-18,$0,$-37,$6,$4,$-18
8,2016-09-30,27.82,$15.86,1.75,$28.58,0.97,$1.82,15.27,$1.62,17.18,$0.25B,$0.07B,3.7,$0.00B,$0.40B,0.0,$0.74B,$0.09B,12.57%,$0.74B,$0.06B,7.84%,$0.74B,$0.06B,7.84%,$0.74B,$0.06B,7.84%,$0.74B,$0.06B,7.57%,$0.74B,$0.04B,5.54%,$0.04B,$0.40B,10.02%,$0.04B,$0.40B,10.02%,$0.04B,$0.53B,7.62%,$0.06B,$0.40B,14.17%,$176,$165,$11,$0,$6,$170,$5,$-0,$5,$-1,$6,$6,$6,$5,$5,$25,26,$0.24,$0.23,$37,$73,$17,$248,$228,$2,$0,$31,$286,$533,$67,$0,$56,$63,$130,$90,$436,$-123,$403,$533,$0,$0,$0,$0,$0,$0,$0,$0,$0,$39,$-30,$0,$0,$0,$0,$0,$0,$-30,$0,$0,$0,$-12,$-12,$-14,$0,$-26,$-16,$0,$-14
9,2016-06-30,25.55,$16.05,1.59,$28.32,0.9,$1.78,14.34,$1.58,16.17,$0.25B,$0.07B,3.66,$0.00B,$0.41B,0.0,$0.74B,$0.10B,13.24%,$0.74B,$0.06B,8.24%,$0.74B,$0.06B,8.24%,$0.74B,$0.06B,8.24%,$0.74B,$0.06B,7.97%,$0.74B,$0.04B,5.41%,$0.04B,$0.41B,9.71%,$0.04B,$0.41B,9.71%,$0.04B,$0.54B,7.38%,$0.06B,$0.41B,14.81%,$183,$153,$30,$0,$10,$163,$20,$-0,$19,$6,$13,$13,$13,$20,$20,$25,26,$0.52,$0.52,$38,$74,$29,$254,$224,$2,$0,$33,$284,$538,$69,$0,$53,$60,$130,$89,$435,$-116,$408,$538,$0,$0,$0,$0,$0,$0,$0,$0,$0,$25,$-18,$0,$0,$0,$0,$0,$0,$-17,$0,$0,$0,$-12,$-12,$-9,$0,$-21,$-15,$0,$-9
10,2016-03-31,20.93,$16.19,1.29,$28.04,0.75,$1.65,12.68,$1.30,16.1,$0.25B,$0.07B,3.38,$0.00B,$0.41B,0.0,$0.74B,$0.09B,11.88%,$0.74B,$0.05B,7.02%,$0.74B,$0.05B,7.02%,$0.74B,$0.05B,7.02%,$0.74B,$0.05B,6.88%,$0.74B,$0.03B,4.59%,$0.03B,$0.41B,8.14%,$0.03B,$0.41B,8.14%,$0.03B,$0.54B,6.21%,$0.05B,$0.41B,12.45%,$186,$158,$28,$0,$9,$167,$19,$0,$19,$5,$14,$14,$14,$19,$19,$26,26,$0.56,$0.56,$46,$64,$24,$248,$230,$2,$0,$34,$292,$540,$73,$0,$47,$55,$128,$87,$428,$-102,$412,$540,$0,$0,$0,$0,$0,$0,$0,$0,$0,$16,$-6,$0,$0,$0,$0,$0,$0,$-6,$0,$0,$0,$-12,$-12,$-5,$0,$-16,$-7,$0,$-5
11,2015-12-31,17.32,$15.86,1.09,$27.23,0.64,$0.74,23.53,$0.90,19.24,$0.25B,$0.07B,3.33,$0.00B,$0.41B,0.0,$0.73B,$0.07B,9.74%,$0.73B,$0.04B,5.08%,$0.73B,$0.04B,5.08%,$0.73B,$0.04B,5.08%,$0.73B,$0.04B,4.94%,$0.73B,$0.02B,3.29%,$0.02B,$0.41B,5.66%,$0.02B,$0.41B,5.66%,$0.02B,$0.54B,4.33%,$0.04B,$0.41B,8.73%,$195,$171,$24,$0,$10,$181,$14,$-0,$13,$5,$8,$8,$8,$14,$14,$27,27,$0.31,$0.31,$53,$62,$17,$246,$235,$2,$0,$32,$294,$540,$74,$0,$44,$52,$126,$88,$428,$-102,$414,$540,$24,$35,$-3,$32,$-14,$12,$-1,$2,$4,$59,$-38,$0,$0,$0,$3,$3,$-0,$-35,$0,$0,$0,$-12,$-12,$-19,$0,$-31,$-10,$3,$-19
12,2015-09-30,17.23,$15.66,1.1,$26.83,0.64,$-3.74,0.0,$0.64,26.92,$0.26B,$0.07B,3.68,$0.00B,$0.41B,0.0,$0.72B,$0.06B,8.18%,$0.72B,$0.03B,3.74%,$0.72B,$0.03B,3.74%,$0.72B,$0.03B,3.74%,$0.72B,$0.03B,3.47%,$0.72B,$0.02B,2.36%,$0.02B,$0.41B,3.95%,$0.02B,$0.41B,3.95%,$0.02B,$0.55B,3.01%,$0.03B,$0.41B,6.28%,$176,$159,$16,$0,$8,$168,$8,$-0,$8,$3,$5,$5,$5,$8,$8,$27,27,$0.19,$0.19,$51,$62,$15,$259,$240,$2,$0,$30,$290,$549,$70,$0,$51,$65,$136,$87,$428,$-102,$413,$549,$0,$0,$0,$0,$0,$0,$0,$0,$0,$39,$-31,$0,$0,$-1,$4,$3,$-0,$-28,$0,$0,$0,$-7,$-7,$-14,$0,$-21,$-13,$0,$-14
13,2015-06-30,16.72,$16.17,1.03,$26.85,0.62,$-7.22,0.0,$0.36,46.46,$0.27B,$0.07B,3.99,$0.00B,$0.43B,0.0,$0.72B,$0.05B,6.93%,$0.72B,$0.02B,2.22%,$0.72B,$0.02B,2.22%,$0.72B,$0.02B,2.22%,$0.72B,$0.01B,1.94%,$0.72B,$0.01B,1.39%,$0.01B,$0.43B,2.27%,$0.01B,$0.43B,2.27%,$0.01B,$0.56B,1.73%,$0.02B,$0.43B,3.63%,$184,$164,$20,$0,$9,$173,$11,$-0,$11,$4,$7,$7,$7,$11,$11,$27,27,$0.24,$0.24,$58,$69,$25,$266,$248,$2,$0,$30,$295,$561,$67,$0,$47,$62,$129,$87,$434,$-88,$432,$561,$0,$0,$0,$0,$0,$0,$0,$0,$0,$25,$-22,$0,$0,$3,$0,$3,$0,$-19,$0,$0,$0,$-1,$-1,$-10,$0,$-11,$-5,$0,$-10
14,2015-03-31,17.29,$16.24,1.06,$27.25,0.63,$-9.33,0.0,$0.30,57.64,$0.27B,$0.07B,3.94,$0.00B,$0.44B,0.0,$0.74B,$0.05B,6.25%,$0.74B,$0.01B,1.77%,$0.74B,$0.01B,1.77%,$0.74B,$0.01B,1.77%,$0.74B,$0.01B,1.63%,$0.74B,$0.01B,1.09%,$0.01B,$0.44B,1.77%,$0.01B,$0.44B,1.77%,$0.01B,$0.57B,1.34%,$0.01B,$0.44B,2.88%,$174,$163,$11,$0,$8,$170,$4,$-0,$4,$-1,$4,$4,$4,$4,$4,$27,27,$0.16,$0.16,$48,$75,$25,$265,$254,$2,$0,$29,$301,$567,$67,$0,$48,$63,$131,$85,$437,$-86,$436,$567,$0,$0,$0,$0,$0,$0,$0,$0,$0,$-1,$-13,$0,$0,$0,$-0,$0,$0,$-13,$0,$0,$0,$2,$2,$-5,$0,$-3,$-18,$0,$-5
15,2014-12-31,17.91,$16.42,1.09,$27.53,0.65,$-10.12,0.0,$0.32,55.96,$0.28B,$0.07B,3.84,$0.00B,$0.44B,0.0,$0.75B,$0.05B,6.85%,$0.75B,$0.02B,2.28%,$0.75B,$0.02B,2.28%,$0.75B,$0.02B,2.28%,$0.75B,$0.02B,2.15%,$0.75B,$0.01B,1.21%,$0.01B,$0.44B,1.94%,$0.01B,$0.44B,1.94%,$0.01B,$0.58B,1.45%,$0.02B,$0.44B,3.67%,$187,$175,$12,$0,$7,$182,$4,$-3,$2,$0,$1,$1,$1,$4,$4,$27,27,$0.05,$0.06,$66,$75,$19,$276,$255,$2,$0,$29,$304,$580,$72,$0,$54,$69,$141,$81,$439,$-81,$439,$580,$9,$36,$2,$37,$-16,$-9,$-6,$-9,$-34,$12,$-111,$0,$0,$0,$0,$0,$0,$-110,$0,$0,$0,$-14,$-14,$-19,$0,$-34,$-137,$2,$-19
16,2014-09-30,15.55,$17.19,0.9,$27.62,0.56,$-6.41,0.0,$0.50,31.11,$0.30B,$0.08B,3.88,$0.00B,$0.46B,0.0,$0.75B,$0.06B,7.72%,$0.75B,$0.03B,3.33%,$0.75B,$0.03B,3.33%,$0.75B,$0.03B,3.33%,$0.75B,$0.03B,3.46%,$0.75B,$0.01B,1.86%,$0.01B,$0.46B,2.95%,$0.01B,$0.46B,2.95%,$0.01B,$0.61B,2.18%,$0.03B,$0.46B,5.27%,$176,$169,$7,$0,$10,$179,$-3,$-0,$-3,$-0,$-2,$-2,$-2,$-3,$-3,$27,27,$-0.09,$-0.09,$87,$78,$15,$298,$259,$5,$0,$30,$308,$606,$77,$0,$51,$71,$148,$79,$442,$-64,$458,$606,$0,$0,$0,$0,$0,$0,$0,$0,$0,$6,$-90,$0,$0,$0,$0,$0,$0,$-90,$0,$0,$0,$-16,$-16,$-15,$0,$-31,$-116,$0,$-15
17,2014-06-30,18.14,$17.67,1.03,$27.96,0.65,$-4.07,0.0,$0.78,23.25,$0.33B,$0.10B,3.39,$0.00B,$0.48B,0.0,$0.77B,$0.07B,8.60%,$0.77B,$0.04B,4.56%,$0.77B,$0.04B,4.56%,$0.77B,$0.04B,4.56%,$0.77B,$0.04B,4.82%,$0.77B,$0.02B,2.74%,$0.02B,$0.48B,4.36%,$0.02B,$0.48B,4.36%,$0.02B,$0.64B,3.23%,$0.04B,$0.48B,7.26%,$199,$183,$16,$0,$7,$191,$8,$0,$9,$4,$5,$5,$5,$8,$8,$27,27,$0.19,$0.18,$130,$67,$13,$331,$262,$5,$0,$31,$313,$644,$98,$0,$50,$71,$169,$78,$457,$-60,$475,$644,$0,$0,$0,$0,$0,$0,$0,$0,$0,$2,$-55,$0,$0,$0,$0,$0,$0,$-55,$0,$0,$0,$-10,$-10,$-10,$0,$-19,$-73,$0,$-10
18,2014-03-31,17.87,$17.79,1.0,$27.93,0.64,$-2.17,0.0,$0.83,21.53,$0.36B,$0.11B,3.39,$0.00B,$0.48B,0.0,$0.77B,$0.07B,8.60%,$0.77B,$0.04B,4.69%,$0.77B,$0.04B,4.69%,$0.77B,$0.04B,4.69%,$0.77B,$0.04B,4.95%,$0.77B,$0.02B,2.87%,$0.02B,$0.48B,4.55%,$0.02B,$0.48B,4.55%,$0.02B,$0.66B,3.43%,$0.04B,$0.48B,7.45%,$183,$168,$16,$0,$8,$176,$8,$0,$8,$3,$5,$5,$5,$8,$8,$27,27,$0.18,$0.18,$162,$66,$16,$364,$245,$5,$0,$32,$297,$661,$107,$0,$50,$71,$178,$77,$466,$-60,$483,$661,$0,$0,$0,$0,$0,$0,$0,$0,$0,$-11,$-25,$0,$0,$0,$0,$0,$0,$-25,$0,$0,$0,$-1,$-1,$-5,$0,$-6,$-42,$0,$-5
19,2013-12-31,17.99,$17.79,1.01,$28.69,0.63,$-1.58,0.0,$0.83,21.68,$0.38B,$0.10B,3.86,$0.00B,$0.48B,0.0,$0.79B,$0.06B,8.10%,$0.79B,$0.03B,4.30%,$0.79B,$0.03B,4.30%,$0.79B,$0.03B,4.30%,$0.79B,$0.04B,4.68%,$0.79B,$0.02B,2.78%,$0.02B,$0.48B,4.56%,$0.02B,$0.48B,4.56%,$0.02B,$0.65B,3.50%,$0.03B,$0.48B,7.05%,$193,$174,$19,$0,$7,$181,$12,$0,$12,$6,$6,$6,$6,$12,$12,$27,28,$0.23,$0.23,$203,$67,$9,$384,$220,$5,$0,$30,$269,$653,$99,$0,$50,$71,$170,$75,$468,$-60,$483,$653,$23,$28,$7,$36,$9,$6,$-3,$4,$11,$69,$-68,$0,$0,$0,$0,$0,$0,$-67,$0,$0,$0,$-5,$-5,$-1,$0,$-6,$-4,$3,$-1
20,2013-09-30,15.42,$17.71,0.87,$29.38,0.52,$-0.07,0.0,$0.70,22.02,$0.40B,$0.08B,4.88,$0.00B,$0.49B,0.0,$0.81B,$0.06B,7.19%,$0.81B,$0.03B,3.35%,$0.81B,$0.03B,3.35%,$0.81B,$0.03B,3.35%,$0.81B,$0.03B,3.72%,$0.81B,$0.02B,2.35%,$0.02B,$0.49B,3.97%,$0.02B,$0.49B,3.97%,$0.02B,$0.64B,3.09%,$0.03B,$0.49B,5.65%,$192,$176,$15,$0,$8,$184,$7,$1,$8,$3,$5,$5,$5,$7,$7,$27,28,$0.19,$0.19,$186,$68,$13,$401,$187,$5,$0,$29,$238,$639,$82,$0,$51,$70,$152,$75,$474,$-62,$487,$639,$0,$0,$0,$0,$0,$0,$0,$0,$0,$21,$-43,$0,$0,$0,$0,$0,$-0,$-43,$0,$0,$0,$2,$2,$0,$0,$2,$-21,$0,$0
21,2013-06-30,14.73,$17.46,0.84,$29.52,0.5,$2.07,7.11,$1.06,13.9,$0.41B,$0.06B,6.68,$0.00B,$0.48B,0.0,$0.81B,$0.06B,7.17%,$0.81B,$0.03B,3.58%,$0.81B,$0.03B,3.58%,$0.81B,$0.03B,3.58%,$0.81B,$0.03B,3.96%,$0.81B,$0.03B,3.58%,$0.03B,$0.48B,6.08%,$0.03B,$0.48B,6.08%,$0.03B,$0.61B,4.77%,$0.03B,$0.48B,6.08%,$199,$183,$16,$0,$7,$190,$9,$1,$10,$4,$6,$6,$6,$9,$9,$27,27,$0.23,$0.23,$207,$70,$13,$409,$150,$5,$0,$30,$201,$610,$61,$0,$51,$70,$131,$74,$469,$-64,$479,$610,$0,$0,$0,$0,$0,$0,$0,$0,$0,$15,$-17,$0,$0,$0,$0,$0,$0,$-17,$0,$0,$0,$1,$1,$0,$0,$1,$-1,$0,$0
22,2013-03-31,15.99,$17.53,0.91,$30.14,0.53,$3.08,5.18,$1.06,15.09,$0.41B,$0.07B,6.15,$0.00B,$0.48B,0.0,$0.83B,$0.06B,7.03%,$0.83B,$0.03B,3.39%,$0.83B,$0.03B,3.39%,$0.83B,$0.03B,3.39%,$0.83B,$0.03B,3.64%,$0.83B,$0.03B,3.52%,$0.03B,$0.48B,6.12%,$0.03B,$0.48B,6.12%,$0.03B,$0.61B,4.78%,$0.03B,$0.48B,5.91%,$206,$193,$14,$0,$7,$200,$6,$1,$7,$2,$5,$5,$5,$6,$6,$27,28,$0.18,$0.18,$190,$78,$18,$412,$153,$5,$0,$26,$201,$614,$67,$0,$48,$68,$135,$73,$463,$-57,$479,$614,$0,$0,$0,$0,$0,$0,$0,$0,$0,$-13,$-8,$0,$0,$0,$0,$0,$0,$-7,$0,$0,$0,$0,$0,$0,$0,$0,$-17,$0,$0
23,2012-12-31,17.46,$17.11,1.02,$30.07,0.58,$4.03,4.33,$1.13,15.45,$0.41B,$0.07B,6.08,$0.00B,$0.47B,0.0,$0.82B,$0.06B,7.43%,$0.82B,$0.03B,3.90%,$0.82B,$0.03B,3.90%,$0.82B,$0.03B,3.90%,$0.82B,$0.03B,4.14%,$0.82B,$0.03B,3.78%,$0.03B,$0.47B,6.59%,$0.03B,$0.47B,6.59%,$0.03B,$0.60B,5.12%,$0.03B,$0.47B,6.80%,$210,$197,$13,$0,$7,$205,$5,$-0,$5,$3,$3,$3,$3,$5,$5,$27,27,$0.09,$0.10,$207,$72,$14,$405,$148,$5,$0,$25,$195,$600,$67,$0,$47,$66,$133,$72,$458,$-63,$467,$600,$31,$26,$-11,$16,$21,$-8,$3,$1,$19,$66,$-23,$0,$0,$0,$1,$1,$3,$-19,$0,$0,$0,$2,$2,$-35,$0,$-33,$16,$2,$-35
24,2012-09-30,14.15,$17.73,0.8,$30.32,0.47,$4.33,3.27,$2.51,5.64,$0.43B,$0.08B,5.35,$0.00B,$0.48B,0.0,$0.83B,$0.07B,7.97%,$0.83B,$0.04B,4.59%,$0.83B,$0.04B,4.59%,$0.83B,$0.04B,4.59%,$0.83B,$0.04B,4.95%,$0.83B,$0.07B,8.21%,$0.07B,$0.48B,14.51%,$0.07B,$0.48B,14.51%,$0.07B,$0.61B,11.27%,$0.04B,$0.48B,8.11%,$194,$179,$15,$0,$6,$185,$9,$1,$10,$-5,$15,$15,$15,$9,$9,$27,27,$0.55,$0.55,$220,$67,$11,$426,$147,$5,$0,$28,$180,$606,$80,$0,$43,$43,$123,$71,$472,$-60,$483,$606,$0,$0,$0,$0,$0,$0,$0,$0,$0,$48,$-12,$0,$0,$0,$0,$0,$1,$-11,$0,$0,$0,$1,$1,$-13,$0,$-12,$27,$0,$-13
25,2012-06-30,13.43,$17.09,0.79,$30.81,0.44,$3.29,4.08,$2.12,6.34,$0.43B,$0.08B,5.2,$0.00B,$0.47B,0.0,$0.84B,$0.06B,7.61%,$0.84B,$0.04B,4.16%,$0.84B,$0.04B,4.16%,$0.84B,$0.04B,4.16%,$0.84B,$0.04B,4.28%,$0.84B,$0.06B,6.78%,$0.06B,$0.47B,12.56%,$0.06B,$0.47B,12.56%,$0.06B,$0.61B,9.60%,$0.04B,$0.47B,7.71%,$215,$199,$16,$0,$7,$207,$8,$0,$8,$2,$6,$6,$6,$8,$8,$27,27,$0.24,$0.23,$212,$67,$9,$427,$142,$5,$0,$23,$181,$608,$82,$0,$60,$60,$143,$70,$462,$-67,$465,$608,$0,$0,$0,$0,$0,$0,$0,$0,$0,$35,$-9,$0,$0,$0,$0,$0,$2,$-6,$0,$0,$0,$0,$0,$-9,$0,$-8,$20,$0,$-9
26,2012-03-31,15.75,$17.14,0.92,$30.51,0.52,$2.33,6.75,$2.42,6.51,$0.42B,$0.07B,5.71,$0.00B,$0.47B,0.0,$0.84B,$0.07B,8.14%,$0.84B,$0.04B,4.79%,$0.84B,$0.04B,4.79%,$0.84B,$0.04B,4.79%,$0.84B,$0.04B,5.03%,$0.84B,$0.07B,7.90%,$0.07B,$0.47B,14.77%,$0.07B,$0.47B,14.77%,$0.07B,$0.61B,11.21%,$0.04B,$0.47B,8.95%,$202,$185,$17,$0,$7,$192,$10,$1,$11,$4,$7,$7,$7,$10,$10,$27,27,$0.25,$0.25,$198,$69,$13,$415,$150,$5,$0,$23,$192,$607,$73,$0,$68,$68,$141,$70,$460,$-63,$466,$607,$0,$0,$0,$0,$0,$0,$0,$0,$0,$10,$-4,$0,$0,$0,$0,$0,$2,$-2,$0,$0,$0,$0,$0,$-4,$0,$-4,$5,$0,$-4
27,2011-12-31,13.21,$16.95,0.78,$30.04,0.44,$3.17,4.17,$2.46,5.37,$0.40B,$0.07B,5.9,$0.00B,$0.46B,0.0,$0.82B,$0.07B,8.26%,$0.82B,$0.04B,4.86%,$0.82B,$0.04B,4.86%,$0.82B,$0.04B,4.86%,$0.82B,$0.04B,5.10%,$0.82B,$0.07B,8.14%,$0.07B,$0.46B,15.38%,$0.07B,$0.46B,15.38%,$0.07B,$0.59B,11.45%,$0.04B,$0.46B,9.18%,$217,$199,$18,$0,$6,$206,$11,$1,$12,$-28,$40,$40,$40,$11,$11,$27,27,$1.48,$1.48,$193,$67,$14,$404,$146,$5,$0,$22,$189,$593,$69,$0,$64,$64,$133,$69,$457,$-66,$461,$593,$67,$28,$-35,$-7,$-11,$5,$-1,$15,$7,$68,$-17,$0,$0,$0,$20,$20,$1,$4,$0,$0,$0,$5,$5,$-17,$0,$-13,$58,$2,$-17
28,2011-09-30,12.34,$15.63,0.79,$29.24,0.42,$2.11,5.85,$1.80,6.86,$0.40B,$0.07B,5.94,$0.00B,$0.42B,0.0,$0.80B,$0.08B,9.91%,$0.80B,$0.05B,6.27%,$0.80B,$0.05B,6.27%,$0.80B,$0.05B,6.27%,$0.80B,$0.05B,6.65%,$0.80B,$0.05B,6.15%,$0.05B,$0.42B,11.56%,$0.05B,$0.42B,11.56%,$0.05B,$0.57B,8.45%,$0.05B,$0.42B,11.80%,$207,$194,$13,$0,$7,$201,$6,$-1,$5,$1,$4,$4,$4,$6,$6,$27,27,$0.16,$0.16,$152,$82,$27,$395,$149,$5,$0,$18,$172,$567,$67,$0,$61,$76,$142,$68,$422,$-65,$424,$567,$0,$0,$0,$0,$0,$0,$0,$0,$0,$21,$-14,$0,$0,$0,$17,$17,$2,$5,$0,$0,$0,$4,$4,$-13,$0,$-8,$17,$0,$-13
29,2011-06-30,17.47,$16.68,1.05,$28.52,0.61,$1.89,9.24,$2.03,8.61,$0.40B,$0.07B,6.07,$0.00B,$0.44B,0.0,$0.77B,$0.09B,11.11%,$0.77B,$0.06B,7.11%,$0.77B,$0.06B,7.11%,$0.77B,$0.06B,7.11%,$0.77B,$0.06B,7.88%,$0.77B,$0.06B,7.11%,$0.06B,$0.44B,13.26%,$0.06B,$0.44B,13.26%,$0.06B,$0.59B,9.46%,$0.06B,$0.44B,13.26%,$209,$189,$20,$0,$6,$196,$13,$1,$14,$-1,$15,$15,$15,$13,$13,$27,28,$0.54,$0.53,$150,$80,$25,$399,$168,$5,$0,$18,$190,$589,$66,$0,$65,$87,$153,$67,$422,$-53,$436,$589,$0,$0,$0,$0,$0,$0,$0,$0,$0,$9,$-9,$0,$0,$0,$17,$17,$2,$10,$0,$0,$0,$4,$4,$-9,$0,$-4,$15,$0,$-9
30,2011-03-31,19.99,$15.66,1.28,$28.22,0.71,$1.98,10.11,$1.88,10.63,$0.40B,$0.08B,5.12,$0.00B,$0.42B,0.0,$0.76B,$0.09B,12.37%,$0.76B,$0.06B,8.29%,$0.76B,$0.06B,8.29%,$0.76B,$0.06B,8.29%,$0.76B,$0.06B,8.29%,$0.76B,$0.05B,6.58%,$0.05B,$0.42B,12.48%,$0.05B,$0.42B,12.48%,$0.05B,$0.59B,8.71%,$0.06B,$0.42B,15.72%,$190,$173,$17,$0,$7,$179,$10,$1,$11,$3,$8,$8,$8,$10,$10,$27,27,$0.30,$0.29,$178,$81,$9,$399,$168,$5,$0,$18,$191,$591,$78,$0,$65,$91,$169,$64,$411,$-53,$422,$591,$0,$0,$0,$0,$0,$0,$0,$0,$0,$33,$-4,$0,$0,$0,$3,$3,$0,$-1,$0,$0,$0,$2,$2,$-4,$0,$-3,$29,$0,$-4
31,2010-12-31,16.54,$15.40,1.07,$26.90,0.61,$0.82,20.12,$1.92,8.61,$0.38B,$0.07B,5.41,$0.00B,$0.41B,0.0,$0.72B,$0.09B,12.50%,$0.72B,$0.06B,8.19%,$0.72B,$0.06B,8.19%,$0.72B,$0.06B,8.19%,$0.72B,$0.06B,8.06%,$0.72B,$0.05B,7.08%,$0.05B,$0.41B,13.06%,$0.05B,$0.41B,13.06%,$0.05B,$0.57B,9.05%,$0.06B,$0.41B,15.11%,$191,$162,$29,$0,$6,$170,$21,$1,$23,$0,$22,$22,$22,$21,$21,$27,27,$0.83,$0.83,$152,$75,$33,$382,$167,$5,$0,$19,$191,$572,$71,$0,$63,$88,$159,$62,$408,$-56,$413,$572,$52,$29,$19,$48,$-22,$-26,$5,$-20,$-69,$31,$-9,$0,$0,$0,$15,$15,$-0,$5,$0,$0,$0,$2,$2,$-17,$0,$-15,$21,$2,$-17
32,2010-09-30,13.37,$14.54,0.92,$25.21,0.53,$0.58,23.02,$0.95,14.07,$0.36B,$0.08B,4.84,$0.00B,$0.39B,0.0,$0.67B,$0.07B,10.83%,$0.67B,$0.04B,6.53%,$0.67B,$0.04B,6.53%,$0.67B,$0.04B,6.53%,$0.67B,$0.04B,6.23%,$0.67B,$0.03B,3.71%,$0.03B,$0.39B,6.57%,$0.03B,$0.39B,6.57%,$0.03B,$0.57B,4.50%,$0.04B,$0.39B,11.56%,$184,$164,$20,$0,$8,$172,$11,$1,$13,$2,$10,$10,$10,$11,$11,$27,27,$0.39,$0.39,$136,$62,$27,$364,$167,$3,$0,$18,$209,$573,$75,$0,$60,$109,$185,$58,$390,$-59,$388,$573,$0,$0,$0,$0,$0,$0,$0,$0,$0,$7,$-5,$0,$0,$0,$9,$9,$0,$4,$0,$0,$0,$0,$0,$-13,$0,$-13,$-2,$0,$-13
33,2010-06-30,10.3,$14.23,0.72,$22.51,0.46,$0.76,13.62,$0.08,128.79,$0.35B,$0.08B,4.61,$0.00B,$0.38B,0.0,$0.60B,$0.06B,9.48%,$0.60B,$0.03B,5.16%,$0.60B,$0.03B,5.16%,$0.60B,$0.03B,5.16%,$0.60B,$0.03B,4.83%,$0.60B,$0.00B,0.33%,$0.00B,$0.38B,0.53%,$0.00B,$0.38B,0.53%,$0.00B,$0.56B,0.37%,$0.03B,$0.38B,8.21%,$195,$167,$28,$0,$7,$174,$21,$-4,$16,$5,$12,$10,$10,$21,$21,$27,27,$0.38,$0.38,$143,$54,$16,$351,$172,$0,$0,$20,$210,$561,$76,$0,$59,$105,$181,$58,$383,$-61,$380,$561,$0,$0,$0,$0,$0,$0,$0,$0,$0,$5,$-3,$0,$0,$0,$1,$1,$0,$-1,$0,$0,$0,$0,$0,$-9,$0,$-9,$-5,$0,$-9
34,2010-03-31,12.08,$14.30,0.84,$18.27,0.66,$1.84,6.58,$-1.09,0.0,$0.33B,$0.07B,4.52,$0.00B,$0.38B,0.0,$0.49B,$0.02B,3.49%,$0.49B,$-0.01B,-2.26%,$0.49B,$-0.01B,-2.26%,$0.49B,$-0.01B,-2.26%,$0.49B,$-0.01B,-1.85%,$0.49B,$-0.03B,-5.95%,$-0.03B,$0.38B,-7.60%,$-0.03B,$0.38B,-7.60%,$-0.03B,$0.55B,-5.34%,$-0.01B,$0.38B,-2.88%,$150,$138,$13,$0,$6,$144,$6,$-0,$6,$-4,$10,$9,$9,$6,$6,$27,27,$0.33,$0.33,$137,$55,$28,$331,$180,$21,$0,$17,$217,$548,$73,$0,$61,$94,$167,$57,$378,$-53,$381,$548,$0,$0,$0,$0,$0,$0,$0,$0,$0,$-2,$-1,$0,$0,$0,$3,$3,$0,$2,$0,$0,$0,$0,$0,$-4,$0,$-4,$-4,$0,$-4
35,2009-12-31,11.49,$14.00,0.82,$15.71,0.73,$2.71,4.24,$-3.54,0.0,$0.31B,$0.07B,4.61,$0.00B,$0.37B,0.0,$0.42B,$-0.01B,-2.63%,$0.42B,$-0.05B,-10.74%,$0.42B,$-0.05B,-10.74%,$0.42B,$-0.05B,-10.74%,$0.42B,$-0.04B,-10.50%,$0.42B,$-0.10B,-22.67%,$-0.10B,$0.37B,-24.48%,$-0.10B,$0.37B,-24.48%,$-0.10B,$0.54B,-17.38%,$-0.05B,$0.37B,-11.60%,$145,$133,$12,$0,$6,$139,$6,$1,$7,$-6,$14,$-4,$-4,$6,$6,$27,27,$-0.14,$-0.14,$140,$48,$21,$308,$180,$24,$0,$22,$234,$542,$67,$0,$79,$102,$169,$57,$373,$-57,$373,$542,$-94,$31,$80,$111,$4,$24,$-4,$-7,$5,$22,$-8,$0,$0,$-36,$0,$-36,$0,$-44,$0,$0,$0,$0,$0,$-17,$0,$-17,$-38,$2,$-17
36,2009-09-30,10.56,$14.15,0.75,$21.24,0.5,$4.21,2.51,$-4.14,0.0,$0.30B,$0.06B,4.81,$0.00B,$0.38B,0.0,$0.57B,$0.11B,20.11%,$0.57B,$0.07B,11.64%,$0.57B,$0.07B,11.64%,$0.57B,$0.07B,11.64%,$0.57B,$-0.07B,-11.99%,$0.57B,$-0.11B,-19.58%,$-0.11B,$0.38B,-26.89%,$-0.11B,$0.38B,-26.89%,$-0.11B,$0.54B,-19.53%,$0.07B,$0.38B,15.99%,$111,$107,$4,$0,$6,$113,$-2,$2,$0,$9,$-9,$-13,$-13,$-2,$-2,$27,27,$-0.48,$-0.48,$138,$45,$25,$304,$180,$42,$0,$9,$232,$536,$63,$0,$74,$95,$159,$56,$381,$-60,$377,$536,$0,$0,$0,$0,$0,$0,$0,$0,$0,$14,$-7,$0,$0,$-10,$0,$-10,$1,$-16,$0,$0,$0,$0,$0,$-13,$0,$-13,$-15,$0,$-13
37,2009-06-30,10.37,$14.84,0.7,$23.20,0.45,$4.56,2.27,$-4.19,0.0,$0.30B,$0.05B,5.92,$0.00B,$0.40B,0.0,$0.62B,$0.10B,15.99%,$0.62B,$0.05B,7.43%,$0.62B,$0.05B,7.43%,$0.62B,$0.05B,7.43%,$0.62B,$-0.09B,-14.22%,$0.62B,$-0.11B,-18.09%,$-0.11B,$0.40B,-24.75%,$-0.11B,$0.40B,-24.75%,$-0.11B,$0.55B,-18.27%,$0.05B,$0.40B,10.17%,$81,$93,$-12,$0,$6,$102,$-21,$-1,$-22,$-3,$-19,$-21,$-21,$-21,$-21,$27,27,$-0.79,$-0.79,$169,$46,$12,$298,$188,$45,$0,$5,$249,$546,$50,$0,$85,$100,$150,$56,$398,$-58,$396,$546,$0,$0,$0,$0,$0,$0,$0,$0,$0,$37,$-6,$0,$0,$0,$0,$0,$0,$-6,$0,$0,$0,$0,$0,$-9,$0,$-9,$22,$0,$-9
38,2009-03-31,8.51,$15.23,0.56,$28.28,0.3,$3.38,2.52,$-3.21,0.0,$0.30B,$0.06B,4.9,$0.00B,$0.41B,0.0,$0.76B,$0.12B,16.29%,$0.76B,$0.07B,9.54%,$0.76B,$0.07B,9.54%,$0.76B,$0.07B,9.54%,$0.76B,$-0.06B,-8.21%,$0.76B,$-0.09B,-11.39%,$-0.09B,$0.41B,-17.39%,$-0.09B,$0.41B,-17.39%,$-0.09B,$0.56B,-12.92%,$0.07B,$0.41B,14.56%,$82,$96,$-15,$0,$5,$110,$-28,$-1,$-29,$26,$-56,$-57,$-57,$-28,$-28,$27,27,$-2.12,$-2.12,$163,$58,$6,$302,$195,$45,$0,$5,$261,$563,$61,$0,$73,$95,$156,$55,$423,$-72,$406,$563,$0,$0,$0,$0,$0,$0,$0,$0,$0,$23,$-2,$0,$0,$0,$0,$0,$0,$-2,$0,$0,$0,$0,$0,$-4,$0,$-4,$16,$0,$-4
39,2008-12-31,7.55,$17.68,0.43,$28.28,0.27,$2.71,2.78,$-0.97,0.0,$0.32B,$0.06B,5.13,$0.00B,$0.47B,0.0,$0.76B,$0.01B,0.93%,$0.76B,$-0.04B,-5.03%,$0.76B,$-0.04B,-5.03%,$0.76B,$-0.04B,-5.03%,$0.76B,$-0.03B,-3.84%,$0.76B,$-0.03B,-3.44%,$-0.03B,$0.47B,-4.88%,$-0.03B,$0.47B,-4.88%,$-0.03B,$0.63B,-3.66%,$-0.04B,$0.47B,-7.14%,$293,$156,$137,$0,$6,$175,$117,$7,$-17,$1,$-18,$-20,$-20,$117,$117,$27,27,$-0.76,$-0.76,$147,$70,$3,$319,$216,$48,$0,$6,$309,$629,$62,$0,$72,$95,$157,$55,$484,$-67,$472,$629,$-26,$44,$22,$66,$27,$30,$-23,$-8,$28,$68,$-13,$0,$0,$0,$0,$0,$2,$-11,$0,$0,$0,$1,$1,$-17,$0,$-16,$40,$2,$-17
40,2008-09-30,13.42,$20.11,0.67,$25.91,0.52,$2.11,6.35,0,0.0,$0.35B,$0.08B,4.46,$0.00B,$0.54B,0.0,$0.69B,$-0.12B,-17.22%,$0.69B,$-0.15B,-21.56%,$0.69B,$-0.15B,-21.56%,$0.69B,$-0.15B,-21.56%,$0.69B,$-0.00B,-0.58%,$0.69B,$-0.00B,-0.14%,$-0.00B,$0.54B,-0.18%,$-0.00B,$0.54B,-0.18%,$-0.00B,$0.71B,-0.14%,$-0.15B,$0.54B,-26.99%,$163,$175,$-11,$0,$6,$186,$-22,$3,$-20,$-6,$-14,$-14,$-14,$-22,$-22,$27,27,$-0.53,$-0.53,$110,$96,$13,$353,$273,$53,$0,$5,$360,$714,$79,$0,$83,$98,$178,$54,$509,$-26,$536,$714,$0,$0,$0,$0,$0,$0,$0,$0,$0,$24,$-9,$0,$0,$0,$0,$0,$0,$-9,$0,$0,$0,$1,$1,$-13,$0,$-12,$4,$0,$-13
41,2008-06-30,11.83,$21.16,0.56,$28.33,0.42,$1.44,8.23,$0.51,23.19,$0.37B,$0.09B,4.34,$0.00B,$0.56B,0.0,$0.76B,$-0.10B,-13.62%,$0.76B,$-0.13B,-17.20%,$0.76B,$-0.13B,-17.20%,$0.76B,$-0.13B,-17.20%,$0.76B,$0.02B,1.98%,$0.76B,$0.01B,1.59%,$0.01B,$0.56B,2.17%,$0.01B,$0.56B,2.17%,$0.01B,$0.76B,1.61%,$-0.13B,$0.56B,-23.52%,$217,$205,$12,$0,$7,$212,$5,$-1,$4,$-0,$4,$5,$5,$5,$5,$27,27,$0.19,$0.19,$98,$104,$10,$373,$295,$58,$0,$7,$383,$756,$86,$0,$82,$106,$192,$13,$527,$-16,$564,$756,$0,$0,$0,$0,$0,$0,$0,$0,$0,$5,$-6,$0,$0,$0,$0,$0,$0,$-6,$0,$0,$0,$0,$0,$-9,$0,$-8,$-9,$0,$-9
42,2008-03-31,14.31,$20.89,0.68,$29.79,0.48,$1.82,7.87,$0.43,33.28,$0.37B,$0.10B,3.83,$0.00B,$0.56B,0.0,$0.79B,$-0.10B,-12.72%,$0.79B,$-0.13B,-16.37%,$0.79B,$-0.13B,-16.37%,$0.79B,$-0.13B,-16.37%,$0.79B,$0.02B,2.02%,$0.79B,$0.01B,1.26%,$0.01B,$0.56B,1.82%,$0.01B,$0.56B,1.82%,$0.01B,$0.74B,1.34%,$-0.13B,$0.56B,-23.72%,$82,$213,$-131,$0,$6,$219,$-138,$1,$4,$3,$1,$3,$3,$-138,$-138,$27,27,$0.12,$0.12,$105,$103,$3,$368,$297,$57,$0,$7,$372,$740,$96,$0,$87,$87,$184,$13,$526,$-22,$557,$740,$0,$0,$0,$0,$0,$0,$0,$0,$0,$6,$-3,$0,$0,$0,$0,$0,$0,$-3,$0,$0,$0,$0,$0,$-4,$0,$-4,$-2,$0,$-4
43,2007-12-31,12.42,$20.67,0.6,$35.93,0.35,$0.97,12.84,$0.38,32.69,$0.36B,$0.10B,3.73,$0.00B,$0.55B,0.0,$0.96B,$0.03B,3.34%,$0.96B,$0.00B,0.31%,$0.96B,$0.00B,0.31%,$0.96B,$0.00B,0.31%,$0.96B,$0.01B,1.04%,$0.96B,$0.01B,0.94%,$0.01B,$0.55B,1.66%,$0.01B,$0.55B,1.66%,$0.01B,$0.73B,1.20%,$0.00B,$0.55B,0.55%,$229,$218,$11,$0,$5,$223,$6,$2,$8,$6,$2,$5,$5,$6,$6,$27,27,$0.18,$0.18,$107,$107,$3,$356,$302,$51,$0,$8,$374,$730,$96,$0,$84,$84,$179,$52,$527,$-29,$551,$730,$9,$43,$10,$53,$7,$11,$-9,$3,$13,$75,$-36,$0,$0,$16,$0,$16,$0,$-20,$0,$0,$0,$0,$0,$-17,$0,$-17,$38,$3,$-17
44,2007-09-30,14.72,$20.25,0.73,$35.29,0.42,$-1.88,0.0,$-0.02,0.0,$0.38B,$0.13B,2.92,$0.00B,$0.54B,0.0,$0.94B,$0.02B,2.13%,$0.94B,$-0.01B,-1.17%,$0.94B,$-0.01B,-1.17%,$0.94B,$-0.01B,-1.17%,$0.94B,$-0.00B,-0.43%,$0.94B,$-0.00B,-0.21%,$-0.00B,$0.54B,-0.37%,$-0.00B,$0.54B,-0.37%,$-0.00B,$0.75B,-0.27%,$-0.01B,$0.54B,-2.01%,$228,$222,$5,$0,$8,$230,$-3,$1,$-1,$1,$-2,$-1,$-1,$-3,$-3,$27,27,$-0.03,$-0.03,$69,$112,$6,$376,$309,$47,$0,$8,$375,$751,$129,$0,$83,$83,$212,$13,$524,$-36,$539,$751,$0,$0,$0,$0,$0,$0,$0,$0,$0,$31,$-34,$0,$0,$15,$0,$15,$0,$-19,$0,$0,$0,$0,$0,$-13,$0,$-12,$0,$0,$-13
45,2007-06-30,14.77,$20.46,0.72,$33.29,0.44,$-2.58,0.0,$-0.29,0.0,$0.39B,$0.14B,2.71,$0.00B,$0.55B,0.0,$0.89B,$0.01B,1.24%,$0.89B,$-0.02B,-2.48%,$0.89B,$-0.02B,-2.48%,$0.89B,$-0.02B,-2.48%,$0.89B,$-0.02B,-1.69%,$0.89B,$-0.01B,-1.02%,$-0.01B,$0.55B,-1.63%,$-0.01B,$0.55B,-1.63%,$-0.01B,$0.77B,-1.22%,$-0.02B,$0.55B,-3.98%,$255,$242,$14,$0,$9,$251,$5,$1,$5,$3,$3,$3,$3,$5,$5,$27,27,$0.12,$0.12,$84,$118,$4,$385,$320,$44,$0,$8,$384,$769,$142,$0,$82,$82,$224,$13,$530,$-36,$545,$769,$0,$0,$0,$0,$0,$0,$0,$0,$0,$39,$-29,$0,$0,$15,$0,$15,$0,$-15,$0,$0,$0,$0,$0,$-9,$0,$-8,$16,$0,$-9
46,2007-03-31,13.93,$20.28,0.69,$31.99,0.44,$-3.70,0.0,$-0.32,0.0,$0.37B,$0.13B,2.92,$0.00B,$0.54B,0.0,$0.85B,$0.01B,0.71%,$0.85B,$-0.03B,-2.94%,$0.85B,$-0.03B,-2.94%,$0.85B,$-0.03B,-2.94%,$0.85B,$-0.02B,-2.12%,$0.85B,$-0.01B,-1.18%,$-0.01B,$0.54B,-1.79%,$-0.01B,$0.54B,-1.79%,$-0.01B,$0.75B,-1.37%,$-0.03B,$0.54B,-4.48%,$245,$243,$2,$0,$7,$250,$-5,$3,$-2,$-3,$1,$2,$2,$-5,$-5,$27,27,$0.08,$0.08,$59,$116,$9,$369,$312,$43,$0,$21,$376,$745,$126,$0,$79,$79,$205,$13,$532,$-41,$540,$745,$0,$0,$0,$0,$0,$0,$0,$0,$0,$-6,$-14,$0,$0,$15,$0,$15,$0,$0,$0,$0,$0,$0,$0,$-4,$0,$-4,$-10,$0,$-4
47,2006-12-31,12.79,$21.16,0.6,$29.68,0.43,$-3.24,0.0,$-0.35,0.0,$0.35B,$0.11B,3.09,$0.00B,$0.56B,0.0,$0.79B,$0.01B,1.01%,$0.79B,$-0.02B,-2.66%,$0.79B,$-0.02B,-2.66%,$0.79B,$-0.02B,-2.66%,$0.79B,$-0.02B,-2.03%,$0.79B,$-0.01B,-1.39%,$-0.01B,$0.56B,-1.94%,$-0.01B,$0.56B,-1.94%,$-0.01B,$0.71B,-1.51%,$-0.02B,$0.56B,-3.71%,$212,$213,$-1,$0,$7,$220,$-8,$2,$-6,$2,$-8,$-6,$-6,$-8,$-8,$27,27,$-0.23,$-0.23,$78,$119,$5,$347,$310,$47,$0,$9,$366,$713,$112,$0,$22,$37,$149,$13,$552,$-37,$563,$713,$-11,$39,$20,$60,$-4,$-16,$11,$5,$-13,$36,$-73,$0,$15,$0,$0,$0,$0,$-58,$0,$0,$0,$0,$0,$-17,$0,$-17,$-39,$3,$-17
