,Date,Stock Price,Book Value per Share,Price to Book Ratio,TTM Sales per Share,Price to Sales Ratio,TTM FCF per Share,Price to FCF Ratio,TTM Net EPS,PE Ratio,Current Assets,Current Liabilities,Current Ratio,Long Term Debt,Shareholder's Equity_x,Debt to Equity Ratio,TTM Revenue_x,TTM Gross Profit,Gross Margin,TTM Revenue_y,TTM Operating Income,Operating Margin,TTM Revenue_x,TTM EBIT,EBIT Margin,TTM Revenue_y,TTM EBITDA,EBITDA Margin,TTM Revenue_x,TTM Pre-Tax Income,Pre-Tax Margin,TTM Revenue_y,TTM Net Income_x,Net Margin,TTM Net Income_y,Shareholder's Equity_y,Return on Equity,TTM Net Income_x,Tangible Equity,Return on Tangible Equity,TTM Net Income_y,Total Assets,Return on Assets,TTM Net Income,LT Investments & Debt,Return on Investment,revenue,cost-goods-sold,gross-profit,research-development-expenses,selling-general-administrative-expenses,operating-expenses,operating-income,total-non-operating-income-expense,pre-tax-income,total-provision-income-taxes,income-after-taxes,income-from-continuous-operations,net-income,ebitda,ebit,basic-shares-outstanding,shares-outstanding,eps-basic-net-earnings-per-share,eps-earnings-per-share-diluted,cash-on-hand,inventory,other-current-assets,total-current-assets,net-property-plant-equipment,long-term-investments,goodwill-intangible-assets-total,other-long-term-assets,total-long-term-assets,total-assets,total-current-liabilities,long-term-debt,other-non-current-liabilities,total-long-term-liabilities,total-liabilities,common-stock-net,retained-earnings-accumulated-deficit,comprehensive-income,total-share-holder-equity,total-liabilities-share-holders-equity,net-income-loss,total-depreciation-amortization-cash-flow,other-non-cash-items,total-non-cash-items,change-in-accounts-receivable,change-in-inventories,change-in-accounts-payable,change-in-assets-liabilities,total-change-in-assets-liabilities,cash-flow-from-operating-activities,net-change-in-property-plant-equipment,net-change-in-intangible-assets,net-acquisitions-divestitures,net-change-in-short-term-investments,net-change-in-long-term-investments,net-change-in-investments-total,investing-activities-other,cash-flow-from-investing-activities,net-long-term-debt,net-current-debt,debt-issuance-retirement-net-total,net-common-equity-issued-repurchased,net-total-equity-issued-repurchased,total-common-preferred-stock-dividends-paid,financial-activities-other,cash-flow-from-financial-activities,net-cash-flow,stock-based-compensation,common-stock-dividends-paid
0,2016-12-31,5.9,$2.27,2.59,$1.27,4.64,$-1.49,0.0,$-0.01,0.0,$0.13B,$0.07B,1.97,$0.01B,$0.13B,0.07,$0.07B,$0.05B,69.44%,$0.07B,0,0.00%,$0.07B,0,0.00%,$0.07B,$0.01B,8.33%,$0.07B,$-0.00B,-1.39%,$0.07B,$-0.00B,-2.78%,$-0.00B,$0.13B,-1.54%,$-0.00B,$0.13B,-1.54%,$-0.00B,$0.21B,-1.00%,$0.00B,$0.14B,0.00%,$0,$0,$0,$0,$0,$0,$0,$0,$0,$0,$0,$0,$0,$11,$0,$0,0,$0.00,$0.00,$65,$14,$0,$131,$67,$0,$0,$10,$81,$211,$66,$9,$6,$15,$82,$0,$-12,$0,$130,$211,$-3,$5,$3,$8,$-15,$-3,$0,$-5,$-20,$-15,$-13,$0,$1,$0,$0,$0,$0,$-12,$0,$21,$21,$0,$0,$0,$7,$28,$-1,$2,$0
1,2016-09-30,5.9,$0.00,0.0,$1.12,5.25,$-1.04,0.0,$-0.08,0.0,$0.13B,$0.07B,1.91,$0.01B,$0.13B,0.05,$0.06B,$0.04B,67.19%,$0.06B,$-0.01B,-10.94%,$0.06B,$-0.01B,-10.94%,$0.06B,$-0.00B,-1.56%,$0.06B,$-0.01B,-12.50%,$0.06B,$-0.01B,-7.81%,$-0.01B,$0.13B,-3.80%,$-0.01B,$0.13B,-3.80%,$-0.01B,$0.20B,-2.52%,$-0.01B,$0.13B,-5.20%,$31,$8,$23,$4,$15,$21,$10,$-1,$9,$3,$7,$7,$4,$7,$10,$57,57,$0.08,$0.08,$55,$20,$0,$126,$67,$0,$0,$10,$78,$204,$66,$6,$4,$10,$76,$0,$-13,$4,$128,$204,$-10,$4,$4,$8,$-11,$-5,$0,$-1,$-14,$-15,$-8,$0,$1,$0,$0,$0,$0,$-7,$0,$14,$14,$0,$0,$0,$0,$14,$-10,$1,$0
2,2016-06-30,5.93,$0.00,0.0,$0.92,6.47,$-0.88,0.0,$-0.17,0.0,$0.11B,$0.05B,2.11,$0.00B,$0.12B,0.02,$0.05B,$0.03B,59.62%,$0.05B,$-0.01B,-26.92%,$0.05B,$-0.01B,-26.92%,$0.05B,$-0.01B,-15.38%,$0.05B,$-0.02B,-30.77%,$0.05B,$-0.01B,-19.23%,$-0.01B,$0.12B,-7.45%,$-0.01B,$0.12B,-7.45%,$-0.01B,$0.18B,-5.04%,$-0.01B,$0.13B,-10.29%,$29,$6,$23,$4,$12,$23,$6,$-0,$6,$2,$4,$4,$3,$-12,$6,$57,57,$0.06,$0.06,$51,$22,$0,$107,$64,$0,$0,$10,$75,$181,$51,$3,$4,$7,$58,$0,$-17,$4,$123,$181,$-14,$3,$4,$7,$8,$-6,$0,$-10,$-8,$-16,$-5,$0,$1,$0,$0,$0,$0,$-4,$0,$5,$5,$1,$1,$0,$0,$6,$-15,$1,$0
3,2016-03-31,6.39,$0.00,0.0,$1.22,5.23,$-0.71,0.0,$0.04,159.75,$0.13B,$0.06B,2.21,$0.00B,$0.14B,0.02,$0.07B,$0.05B,69.57%,$0.07B,$0.00B,5.80%,$0.07B,$0.00B,5.80%,$0.07B,$0.01B,14.49%,$0.07B,$0.00B,2.90%,$0.07B,$0.00B,2.90%,$0.00B,$0.14B,1.44%,$0.00B,$0.14B,1.44%,$0.00B,$0.21B,0.96%,$0.00B,$0.14B,2.85%,$1,$4,$-2,$3,$8,$15,$-14,$-0,$-14,$-1,$-13,$-13,$-10,$-0,$-14,$57,57,$-0.17,$-0.17,$64,$20,$0,$128,$64,$0,$0,$11,$76,$205,$58,$3,$5,$8,$66,$0,$-7,$7,$138,$205,$-2,$1,$0,$2,$-1,$-2,$0,$-9,$-10,$-10,$-4,$0,$1,$0,$0,$0,$0,$-3,$0,$11,$11,$0,$0,$0,$0,$11,$-1,$0,$0
4,2015-12-31,5.72,$2.40,2.38,$1.19,4.8,$-0.66,0.0,$-0.02,0.0,$0.13B,$0.06B,2.21,$0.00B,$0.14B,0.01,$0.07B,$0.05B,73.13%,$0.07B,$0.00B,5.97%,$0.07B,$0.00B,5.97%,$0.07B,$0.01B,14.93%,$0.07B,$0.00B,2.99%,$0.07B,$-0.00B,-1.49%,$-0.00B,$0.14B,-0.72%,$-0.00B,$0.14B,-0.72%,$-0.00B,$0.20B,-0.48%,$0.00B,$0.14B,2.86%,$11,$5,$6,$2,$6,$13,$-2,$0,$-2,$-0,$-2,$-2,$1,$4,$-2,$57,57,$0.02,$0.02,$65,$19,$2,$128,$64,$0,$0,$10,$74,$203,$58,$1,$8,$8,$66,$0,$-10,$8,$137,$203,$1,$6,$0,$6,$0,$0,$0,$-2,$-4,$3,$-5,$0,$1,$0,$0,$0,$0,$-5,$-0,$-25,$-0,$1,$1,$0,$1,$-24,$-27,$1,$0
5,2015-09-30,5.08,$0.00,0.0,$1.15,4.41,$-0.96,0.0,$-0.01,0.0,$0.12B,$0.05B,2.44,$0.00B,$0.14B,0.01,$0.06B,$0.05B,76.56%,$0.06B,$0.01B,7.81%,$0.06B,$0.01B,7.81%,$0.06B,$0.02B,32.81%,$0.06B,$0.00B,6.25%,$0.06B,$-0.00B,-1.56%,$-0.00B,$0.14B,-0.71%,$-0.00B,$0.14B,-0.71%,$-0.00B,$0.20B,-0.46%,$0.01B,$0.14B,3.53%,$23,$7,$16,$3,$10,$20,$3,$-1,$2,$2,$1,$1,$1,$0,$3,$57,57,$0.01,$0.01,$54,$21,$3,$124,$0,$0,$0,$14,$15,$204,$51,$1,$0,$15,$66,$0,$5,$0,$139,$204,$-1,$5,$1,$6,$-7,$-3,$0,$-1,$-16,$-11,$-3,$0,$0,$0,$0,$0,$0,$-3,$0,$-23,$-23,$1,$1,$0,$0,$-22,$-37,$1,$0
6,2015-06-30,5.25,$0.00,0.0,$1.16,4.52,$-1.13,0.0,$0.02,262.5,$0.14B,$0.06B,2.24,$0.00B,$0.14B,0.0,$0.06B,$0.05B,78.13%,$0.06B,$0.01B,10.94%,$0.06B,$0.01B,10.94%,$0.06B,$0.01B,21.88%,$0.06B,$0.01B,10.94%,$0.06B,$0.00B,1.56%,$0.00B,$0.14B,0.71%,$0.00B,$0.14B,0.71%,$0.00B,$0.22B,0.44%,$0.01B,$0.14B,4.84%,$17,$6,$11,$2,$10,$18,$-1,$-0,$-2,$0,$-2,$-2,$-2,$6,$-1,$56,56,$-0.03,$-0.03,$65,$23,$3,$135,$0,$0,$0,$14,$15,$218,$60,$0,$0,$14,$74,$0,$-6,$0,$143,$218,$1,$3,$1,$4,$-4,$-5,$0,$-1,$-13,$-8,$-3,$0,$0,$0,$0,$0,$0,$-3,$0,$-17,$-17,$1,$1,$0,$0,$-16,$-27,$0,$0
7,2015-03-31,4.96,$0.00,0.0,$1.05,4.73,$-1.25,0.0,$-0.06,0.0,$0.13B,$0.06B,2.2,$0.00B,$0.14B,0.0,$0.06B,$0.04B,75.86%,$0.06B,0,0.00%,$0.06B,0,0.00%,$0.06B,$0.01B,12.07%,$0.06B,0,0.00%,$0.06B,$-0.00B,-5.17%,$-0.00B,$0.14B,-2.14%,$-0.00B,$0.14B,-2.15%,$-0.00B,$0.21B,-1.30%,$0.00B,$0.14B,0.00%,$18,$3,$15,$2,$9,$14,$4,$-0,$4,$0,$4,$4,$2,$-0,$4,$56,56,$0.04,$0.04,$63,$20,$3,$129,$0,$0,$0,$14,$15,$212,$58,$0,$0,$15,$73,$0,$-9,$0,$139,$212,$-3,$2,$0,$2,$-2,$-2,$0,$1,$-7,$-8,$-2,$0,$0,$0,$0,$0,$0,$-2,$0,$-19,$-19,$0,$0,$0,$0,$-18,$-28,$0,$0
8,2014-12-31,5.23,$2.54,2.06,$1.13,4.64,$-1.22,0.0,$-0.02,0.0,$0.16B,$0.08B,1.94,$0.00B,$0.14B,0.01,$0.06B,$0.05B,74.60%,$0.06B,$0.00B,4.76%,$0.06B,$0.00B,4.76%,$0.06B,$0.01B,15.87%,$0.06B,$0.00B,4.76%,$0.06B,$-0.00B,-1.59%,$-0.00B,$0.14B,-0.71%,$-0.00B,$0.14B,-0.71%,$-0.00B,$0.24B,-0.42%,$0.00B,$0.14B,1.98%,$9,$2,$7,$2,$7,$11,$-2,$-0,$-2,$1,$-3,$-3,$-2,$15,$-2,$56,56,$-0.04,$-0.04,$91,$19,$4,$155,$99,$3,$0,$9,$111,$239,$80,$2,$0,$17,$97,$0,$-6,$12,$142,$239,$-0,$8,$2,$8,$-10,$-6,$0,$1,$0,$-9,$-11,$0,$0,$0,$0,$0,$0,$-11,$-1,$18,$-16,$1,$0,$0,$3,$5,$-16,$0,$0
9,2014-09-30,4.81,$0.00,0.0,$1.17,4.1,$-0.86,0.0,$0.06,80.17,$0.16B,$0.07B,2.19,$0.01B,$0.14B,0.08,$0.07B,$0.05B,69.70%,$0.07B,$0.01B,9.09%,$0.07B,$0.01B,9.09%,$0.07B,$0.00B,6.06%,$0.07B,$0.01B,9.09%,$0.07B,$0.00B,6.06%,$0.00B,$0.14B,2.83%,$0.00B,$0.14B,2.84%,$0.00B,$0.24B,1.68%,$0.01B,$0.15B,3.76%,$20,$4,$16,$4,$9,$17,$4,$1,$4,$1,$4,$1,$1,$-7,$4,$56,56,$0.02,$0.02,$94,$19,$3,$157,$0,$0,$0,$17,$17,$242,$72,$12,$0,$30,$102,$0,$-7,$0,$140,$242,$-2,$-4,$0,$-4,$0,$0,$0,$0,$5,$-16,$-7,$0,$0,$0,$0,$0,$0,$-7,$0,$0,$-10,$0,$0,$22,$0,$12,$-13,$0,$0
10,2014-06-30,5.64,$0.00,0.0,$1.26,4.47,$-0.76,0.0,$0.10,56.4,$0.15B,$0.07B,2.28,$0.01B,$0.14B,0.08,$0.07B,$0.05B,70.42%,$0.07B,$0.01B,11.27%,$0.07B,$0.01B,11.27%,$0.07B,$0.02B,22.54%,$0.07B,$0.01B,11.27%,$0.07B,$0.01B,8.45%,$0.01B,$0.14B,4.29%,$0.01B,$0.14B,4.30%,$0.01B,$0.23B,2.56%,$0.01B,$0.15B,4.86%,$17,$5,$12,$3,$9,$16,$1,$-0,$1,$0,$0,$0,$0,$-1,$1,$56,56,$0.00,$0.00,$90,$20,$3,$147,$0,$0,$0,$18,$19,$231,$65,$12,$0,$27,$91,$0,$-7,$0,$139,$231,$-3,$5,$0,$5,$0,$0,$0,$0,$0,$-11,$-6,$0,$0,$0,$0,$0,$0,$-6,$0,$0,$0,$0,$0,$0,$1,$1,$-18,$0,$0
11,2014-03-31,7.2,$0.00,0.0,$1.36,5.29,$-0.67,0.0,$0.16,45.0,$0.16B,$0.06B,2.47,$0.02B,$0.14B,0.12,$0.08B,$0.06B,72.37%,$0.08B,$0.01B,17.11%,$0.08B,$0.01B,17.11%,$0.08B,$0.02B,27.63%,$0.08B,$0.01B,17.11%,$0.08B,$0.01B,13.16%,$0.01B,$0.14B,7.26%,$0.01B,$0.14B,7.29%,$0.01B,$0.24B,4.31%,$0.01B,$0.16B,7.68%,$12,$3,$9,$3,$9,$15,$-3,$-0,$-3,$0,$-3,$-2,$-2,$3,$-3,$56,56,$-0.04,$-0.04,$102,$16,$3,$157,$0,$0,$1,$15,$16,$238,$63,$18,$0,$33,$96,$0,$-5,$0,$142,$238,$0,$3,$0,$3,$0,$0,$0,$0,$-10,$-6,$-2,$0,$0,$0,$0,$0,$0,$-2,$0,$3,$0,$0,$0,$0,$0,$3,$-6,$0,$0
12,2013-12-31,6.12,$0.00,0.0,$1.30,4.7,$-0.67,0.0,$0.12,51.0,$0.16B,$0.05B,3.2,$0.03B,$0.14B,0.22,$0.07B,$0.05B,72.22%,$0.07B,$0.01B,13.89%,$0.07B,$0.01B,13.89%,$0.07B,$0.02B,25.00%,$0.07B,$0.01B,13.89%,$0.07B,$0.01B,11.11%,$0.01B,$0.14B,5.96%,$0.01B,$0.14B,6.12%,$0.01B,$0.24B,3.53%,$0.01B,$0.18B,5.87%,$14,$3,$10,$2,$8,$13,$1,$0,$1,$0,$0,$0,$0,$9,$1,$56,56,$0.00,$0.00,$107,$14,$4,$157,$0,$0,$1,$4,$4,$241,$49,$32,$0,$48,$97,$0,$-5,$0,$144,$241,$10,$7,$-1,$7,$-7,$-7,$0,$-0,$-1,$6,$-5,$0,$0,$0,$0,$0,$0,$-5,$0,$0,$13,$1,$1,$0,$1,$14,$16,$0,$0
13,2013-09-30,5.98,$0.00,0.0,$1.24,4.84,$-1.26,0.0,$-0.08,0.0,$0.15B,$0.05B,2.87,$0.04B,$0.13B,0.27,$0.07B,$0.05B,69.12%,$0.07B,0,0.00%,$0.07B,0,0.00%,$0.07B,$0.01B,14.71%,$0.07B,$-0.00B,-4.41%,$0.07B,$-0.00B,-4.41%,$-0.00B,$0.13B,-2.30%,$-0.00B,$0.13B,-2.36%,$-0.00B,$0.23B,-1.37%,$0.00B,$0.17B,0.00%,$23,$7,$15,$2,$8,$15,$7,$-0,$7,$-2,$9,$6,$6,$5,$7,$55,56,$0.10,$0.10,$89,$16,$1,$145,$0,$0,$1,$0,$2,$226,$50,$36,$0,$41,$91,$0,$-11,$0,$134,$226,$2,$5,$0,$5,$0,$0,$0,$0,$-24,$-15,$-3,$0,$0,$0,$0,$0,$0,$-3,$0,$14,$0,$0,$1,$0,$1,$15,$-2,$0,$0
14,2013-06-30,3.93,$0.00,0.0,$1.10,3.57,$-1.58,0.0,$-0.18,0.0,$0.14B,$0.03B,4.21,$0.04B,$0.13B,0.3,$0.06B,$0.04B,65.00%,$0.06B,$-0.01B,-13.33%,$0.06B,$-0.01B,-13.33%,$0.06B,$-0.00B,-3.33%,$0.06B,$-0.01B,-16.67%,$0.06B,$-0.01B,-13.33%,$-0.01B,$0.13B,-6.13%,$-0.01B,$0.13B,-6.31%,$-0.01B,$0.22B,-3.73%,$-0.01B,$0.17B,-4.89%,$22,$6,$16,$2,$10,$19,$3,$-0,$3,$0,$3,$2,$2,$4,$3,$55,56,$0.04,$0.04,$92,$17,$1,$141,$0,$0,$1,$0,$2,$223,$33,$39,$3,$58,$92,$0,$-13,$0,$131,$223,$-0,$3,$0,$3,$0,$0,$0,$0,$-14,$-9,$-2,$0,$0,$0,$0,$0,$0,$-2,$0,$0,$11,$0,$0,$0,$1,$12,$1,$0,$0
15,2013-03-31,3.72,$0.00,0.0,$0.96,3.89,$-1.82,0.0,$-0.22,0.0,$0.13B,$0.03B,3.99,$0.04B,$0.13B,0.28,$0.05B,$0.03B,63.46%,$0.05B,$-0.01B,-26.92%,$0.05B,$-0.01B,-26.92%,$0.05B,$-0.01B,-15.38%,$0.05B,$-0.01B,-26.92%,$0.05B,$-0.01B,-23.08%,$-0.01B,$0.13B,-9.09%,$-0.01B,$0.12B,-9.34%,$-0.01B,$0.22B,-5.67%,$-0.01B,$0.16B,-8.68%,$17,$4,$14,$2,$9,$15,$2,$-0,$2,$-0,$2,$2,$2,$-0,$2,$55,56,$0.02,$0.02,$92,$12,$2,$134,$0,$0,$12,$1,$13,$216,$34,$36,$3,$55,$88,$0,$-14,$0,$128,$216,$-2,$2,$0,$2,$0,$0,$0,$0,$-6,$-6,$-2,$0,$0,$0,$0,$0,$0,$-2,$0,$0,$7,$0,$0,$0,$0,$8,$0,$0,$0
16,2012-12-31,3.14,$0.00,0.0,$0.88,3.55,$-1.96,0.0,$-0.28,0.0,$0.13B,$0.03B,4.19,$0.03B,$0.13B,0.24,$0.05B,$0.03B,62.50%,$0.05B,$-0.02B,-41.67%,$0.05B,$-0.02B,-41.67%,$0.05B,$-0.02B,-31.25%,$0.05B,$-0.02B,-41.67%,$0.05B,$-0.02B,-33.33%,$-0.02B,$0.13B,-11.90%,$-0.02B,$0.13B,-11.96%,$-0.02B,$0.21B,-7.63%,$-0.02B,$0.16B,-12.52%,$10,$3,$7,$2,$7,$12,$-2,$-0,$-2,$0,$-2,$-2,$-2,$1,$-2,$55,55,$-0.04,$-0.04,$91,$11,$1,$126,$0,$0,$1,$1,$2,$209,$30,$31,$3,$49,$79,$0,$-12,$0,$129,$209,$-19,$4,$0,$4,$0,$0,$0,$0,$-7,$-16,$-16,$0,$0,$0,$0,$0,$0,$-16,$0,$0,$12,$0,$1,$-1,$6,$17,$-13,$0,$0
17,2012-09-30,2.52,$0.00,0.0,$0.92,2.73,$-1.39,0.0,$-0.13,0.0,$0.12B,$0.04B,3.0,$0.03B,$0.13B,0.18,$0.05B,$0.03B,66.00%,$0.05B,$-0.01B,-22.00%,$0.05B,$-0.01B,-22.00%,$0.05B,$-0.01B,-18.00%,$0.05B,$-0.01B,-14.00%,$0.05B,$-0.01B,-18.00%,$-0.01B,$0.13B,-6.50%,$-0.01B,$0.13B,-6.53%,$-0.01B,$0.21B,-4.26%,$-0.01B,$0.16B,-6.86%,$19,$9,$10,$1,$12,$22,$-3,$-3,$-6,$-0,$-6,$-5,$-5,$-7,$-3,$55,55,$-0.10,$-0.10,$82,$14,$1,$122,$0,$0,$1,$3,$5,$210,$41,$25,$3,$35,$76,$0,$-7,$0,$134,$210,$-13,$0,$0,$0,$0,$0,$0,$0,$-16,$-24,$-11,$0,$0,$0,$0,$0,$0,$-11,$0,$0,$7,$0,$0,$-1,$3,$10,$-22,$0,$0
18,2012-06-30,2.11,$0.00,0.0,$0.95,2.23,$-0.95,0.0,$-0.11,0.0,$0.12B,$0.04B,3.29,$0.02B,$0.14B,0.17,$0.05B,$0.03B,66.67%,$0.05B,$-0.01B,-17.65%,$0.05B,$-0.01B,-17.65%,$0.05B,$-0.00B,-7.84%,$0.05B,$-0.01B,-11.76%,$0.05B,$-0.01B,-15.69%,$-0.01B,$0.14B,-5.70%,$-0.01B,$0.14B,-5.73%,$-0.01B,$0.21B,-3.80%,$-0.01B,$0.16B,-5.65%,$14,$7,$8,$4,$8,$19,$-5,$1,$-4,$0,$-4,$-3,$-3,$-2,$-5,$55,55,$-0.06,$-0.05,$89,$14,$1,$124,$0,$0,$0,$6,$6,$211,$38,$23,$3,$36,$74,$0,$-4,$0,$137,$211,$-9,$3,$0,$3,$0,$0,$0,$0,$-12,$-18,$-7,$0,$0,$0,$0,$0,$0,$-7,$0,$0,$6,$0,$0,$-1,$3,$9,$-15,$0,$0
19,2012-03-31,2.04,$0.00,0.0,$1.06,1.93,$-0.68,0.0,$-0.07,0.0,$0.12B,$0.04B,3.52,$0.02B,$0.14B,0.14,$0.06B,$0.04B,63.79%,$0.06B,$-0.00B,-3.45%,$0.06B,$-0.00B,-3.45%,$0.06B,$0.00B,1.72%,$0.06B,$-0.00B,-1.72%,$0.06B,$-0.00B,-6.90%,$-0.00B,$0.14B,-2.82%,$-0.00B,$0.14B,-2.85%,$-0.00B,$0.21B,-1.92%,$-0.00B,$0.16B,-1.27%,$9,$1,$8,$5,$7,$13,$-4,$2,$-2,$-1,$-1,$-2,$-2,$-7,$-4,$55,55,$-0.02,$-0.03,$94,$9,$1,$124,$0,$0,$1,$6,$8,$209,$35,$19,$3,$36,$71,$0,$-3,$0,$138,$209,$-8,$1,$0,$1,$0,$0,$0,$0,$-5,$-12,$-3,$0,$0,$0,$0,$0,$0,$-3,$0,$0,$0,$0,$0,$-1,$5,$4,$-10,$0,$0
20,2011-12-31,2.2,$0.00,0.0,$1.04,2.12,$-0.41,0.0,$-0.02,0.0,$0.13B,$0.04B,3.25,$0.02B,$0.15B,0.12,$0.06B,$0.04B,63.16%,$0.06B,$0.00B,5.26%,$0.06B,$0.00B,5.26%,$0.06B,$0.01B,8.77%,$0.06B,$0.00B,7.02%,$0.06B,$-0.00B,-1.75%,$-0.00B,$0.15B,-0.70%,$-0.00B,$0.14B,-0.71%,$-0.00B,$0.22B,-0.48%,$0.00B,$0.16B,1.93%,$6,$2,$4,$7,$4,$14,$-8,$1,$-8,$-0,$-8,$-6,$-6,$7,$-8,$55,55,$-0.10,$-0.10,$104,$8,$2,$132,$0,$0,$1,$6,$8,$216,$41,$17,$0,$30,$71,$0,$3,$0,$145,$216,$-0,$5,$0,$5,$0,$0,$0,$0,$3,$14,$-15,$0,$0,$0,$0,$2,$0,$-14,$0,$0,$1,$0,$1,$0,$-1,$1,$3,$0,$0
21,2011-09-30,2.23,$0.00,0.0,$0.82,2.72,$-1.10,0.0,$-0.24,0.0,$0.13B,$0.04B,3.67,$0.01B,$0.14B,0.1,$0.05B,$0.02B,46.67%,$0.05B,$-0.02B,-40.00%,$0.05B,$-0.02B,-40.00%,$0.05B,$-0.02B,-33.33%,$0.05B,$-0.02B,-37.78%,$0.05B,$-0.01B,-26.67%,$-0.01B,$0.14B,-8.41%,$-0.01B,$0.14B,-8.50%,$-0.01B,$0.21B,-5.81%,$-0.02B,$0.16B,-11.65%,$21,$8,$13,$2,$4,$15,$6,$1,$7,$3,$4,$2,$2,$-2,$6,$55,55,$0.05,$0.05,$94,$12,$2,$131,$0,$4,$1,$2,$7,$207,$36,$14,$4,$31,$66,$0,$12,$0,$141,$207,$-5,$4,$0,$4,$0,$0,$0,$0,$-6,$-3,$-9,$0,$0,$0,$0,$-31,$0,$-39,$0,$0,$3,$0,$1,$0,$-2,$1,$-40,$0,$0
22,2011-06-30,3.2,$0.00,0.0,$0.71,4.48,$-1.63,0.0,$-0.21,0.0,$0.13B,$0.03B,3.86,$0.01B,$0.14B,0.09,$0.04B,$0.02B,47.50%,$0.04B,$-0.02B,-40.00%,$0.04B,$-0.02B,-40.00%,$0.04B,$-0.01B,-32.50%,$0.04B,$-0.01B,-35.00%,$0.04B,$-0.01B,-25.00%,$-0.01B,$0.14B,-6.71%,$-0.01B,$0.14B,-6.77%,$-0.01B,$0.20B,-4.77%,$-0.02B,$0.16B,-10.05%,$15,$7,$9,$2,$9,$18,$-3,$0,$-3,$0,$-3,$-2,$-2,$3,$-3,$55,55,$-0.04,$-0.04,$93,$16,$2,$130,$0,$0,$2,$3,$5,$202,$34,$12,$4,$26,$59,$0,$2,$0,$143,$202,$-2,$3,$0,$3,$0,$0,$0,$0,$-7,$-4,$-6,$0,$0,$0,$0,$-21,$0,$-27,$0,$0,$1,$0,$1,$-6,$3,$-1,$-31,$0,$0
23,2011-03-31,4.53,$0.00,0.0,$0.62,7.34,$-1.79,0.0,$-0.21,0.0,$0.14B,$0.04B,3.13,$0.01B,$0.14B,0.07,$0.03B,$0.02B,47.06%,$0.03B,$-0.02B,-50.00%,$0.03B,$-0.02B,-50.00%,$0.03B,$-0.01B,-38.24%,$0.03B,$-0.02B,-44.12%,$0.03B,$-0.01B,-29.41%,$-0.01B,$0.14B,-6.47%,$-0.01B,$0.14B,-6.51%,$-0.01B,$0.20B,-4.74%,$-0.02B,$0.15B,-10.38%,$16,$5,$11,$2,$5,$13,$3,$0,$3,$1,$2,$2,$2,$-3,$3,$55,55,$0.02,$0.02,$92,$16,$3,$135,$0,$0,$1,$2,$4,$203,$43,$10,$5,$21,$64,$0,$13,$0,$139,$203,$0,$0,$0,$0,$0,$0,$0,$0,$0,$0,$0,$0,$0,$0,$0,$0,$0,$0,$0,$0,$0,$0,$0,$0,$0,$0,$0,$0,$0
24,2010-12-31,4.52,$0.00,0.0,$0.62,7.29,$-2.00,0.0,$-0.17,0.0,$0.15B,$0.05B,3.22,$0.01B,$0.15B,0.07,$0.03B,$0.02B,51.52%,$0.03B,$-0.02B,-45.45%,$0.03B,$-0.02B,-45.45%,$0.03B,$-0.01B,-30.30%,$0.03B,$-0.01B,-39.39%,$0.03B,$-0.01B,-21.21%,$-0.01B,$0.15B,-4.34%,$-0.01B,$0.15B,-4.37%,$-0.01B,$0.21B,-3.23%,$-0.02B,$0.16B,-8.84%,$5,$2,$3,$2,$4,$8,$-3,$0,$-3,$0,$-4,$-3,$-3,$-13,$-3,$54,54,$-0.05,$-0.05,$103,$15,$7,$147,$0,$0,$1,$1,$2,$214,$46,$10,$5,$21,$67,$0,$15,$0,$148,$214,$-13,$4,$0,$4,$0,$0,$0,$0,$-14,$-14,$-25,$0,$0,$0,$0,$6,$-0,$-19,$0,$0,$2,$0,$62,$-3,$-3,$58,$27,$0,$0
25,2010-09-30,3.9,$0.00,0.0,$1.28,3.04,$-0.28,0.0,$0.21,18.57,$0.15B,$0.03B,5.51,$0.01B,$0.17B,0.05,$0.06B,$0.04B,73.33%,$0.06B,$0.02B,28.33%,$0.06B,$0.02B,28.33%,$0.06B,$0.02B,35.00%,$0.06B,$0.02B,31.67%,$0.06B,$0.01B,18.33%,$0.01B,$0.17B,7.57%,$0.01B,$0.17B,7.60%,$0.01B,$0.22B,5.53%,$0.02B,$0.17B,11.24%,$9,$11,$-2,$4,$9,$24,$-15,$1,$-14,$-2,$-12,$-9,$-9,$0,$-15,$54,54,$-0.17,$-0.17,$92,$25,$5,$154,$0,$0,$0,$1,$2,$219,$28,$8,$7,$25,$53,$0,$14,$0,$166,$219,$-0,$3,$0,$3,$0,$0,$0,$0,$-30,$-26,$-14,$0,$0,$0,$0,$-0,$-0,$-14,$0,$0,$-7,$0,$62,$0,$-6,$49,$10,$0,$0
26,2010-06-30,4.63,$0.00,0.0,$1.59,2.91,$0.58,8.05,$0.34,13.62,$0.15B,$0.03B,6.16,$0.01B,$0.17B,0.05,$0.07B,$0.06B,77.46%,$0.07B,$0.03B,42.25%,$0.07B,$0.03B,42.25%,$0.07B,$0.03B,47.89%,$0.07B,$0.03B,43.66%,$0.07B,$0.02B,22.54%,$0.02B,$0.17B,13.17%,$0.02B,$0.16B,13.25%,$0.02B,$0.21B,9.13%,$0.03B,$0.17B,23.90%,$10,$3,$7,$3,$4,$10,$-1,$0,$-0,$0,$-1,$-0,$-0,$3,$-1,$54,54,$-0.01,$-0.01,$105,$18,$5,$154,$0,$0,$0,$11,$12,$208,$25,$8,$0,$18,$43,$0,$15,$0,$165,$208,$0,$2,$0,$2,$0,$0,$0,$0,$-21,$-17,$-2,$0,$0,$0,$0,$-3,$-9,$-13,$0,$0,$-7,$0,$62,$0,$-6,$50,$20,$0,$0
27,2010-03-31,5.91,$0.00,0.0,$1.88,3.15,$0.91,6.51,$0.46,12.85,$0.17B,$0.04B,4.12,$0.01B,$0.17B,0.05,$0.08B,$0.06B,77.78%,$0.08B,$0.04B,48.15%,$0.08B,$0.04B,48.15%,$0.08B,$0.04B,51.85%,$0.08B,$0.04B,49.38%,$0.08B,$0.02B,24.69%,$0.02B,$0.17B,21.28%,$0.02B,$0.17B,21.45%,$0.02B,$0.23B,13.11%,$0.04B,$0.17B,40.31%,$10,$2,$8,$1,$4,$8,$2,$0,$2,$1,$2,$2,$2,$0,$2,$54,55,$0.02,$0.02,$127,$14,$5,$169,$0,$0,$1,$14,$15,$225,$41,$8,$0,$18,$59,$0,$14,$0,$166,$225,$-1,$1,$0,$1,$0,$0,$0,$0,$-11,$-10,$-0,$0,$0,$0,$0,$-1,$-8,$-9,$0,$0,$8,$0,$62,$0,$-7,$64,$44,$0,$0
28,2009-12-31,6.33,$0.00,0.0,$1.94,3.26,$0.93,6.79,$0.47,13.47,$0.12B,$0.05B,2.37,$0.00B,$0.08B,0.0,$0.08B,$0.06B,76.19%,$0.08B,$0.04B,48.81%,$0.08B,$0.04B,48.81%,$0.08B,$0.04B,51.19%,$0.08B,$0.04B,50.00%,$0.08B,$0.02B,23.81%,$0.02B,$0.08B,30.77%,$0.02B,$0.08B,31.13%,$0.02B,$0.14B,17.17%,$0.04B,$0.08B,61.89%,$4,$1,$4,$1,$3,$5,$-1,$-1,$-1,$-0,$-1,$-0,$-0,$18,$-1,$50,50,$-0.01,$-0.01,$82,$10,$2,$118,$0,$0,$1,$3,$4,$144,$50,$0,$0,$10,$60,$0,$14,$0,$84,$144,$30,$2,$0,$2,$0,$0,$0,$0,$15,$48,$-4,$0,$0,$0,$0,$-7,$-0,$-12,$0,$0,$7,$0,$0,$0,$-3,$5,$42,$0,$0
29,2009-09-30,8.29,$0.00,0.0,$1.42,5.83,$-0.07,0.0,$0.32,25.91,$0.10B,$0.04B,2.39,$0.00B,$0.07B,0.0,$0.06B,$0.05B,78.33%,$0.06B,$0.03B,45.00%,$0.06B,$0.03B,45.00%,$0.06B,$0.03B,46.67%,$0.06B,$0.03B,45.00%,$0.06B,$0.01B,21.67%,$0.01B,$0.07B,23.01%,$0.01B,$0.07B,23.42%,$0.01B,$0.12B,12.84%,$0.03B,$0.07B,46.35%,$36,$11,$25,$2,$6,$19,$17,$1,$18,$5,$13,$9,$9,$13,$17,$43,44,$0.21,$0.21,$47,$14,$2,$99,$0,$0,$1,$3,$4,$124,$41,$0,$0,$12,$54,$0,$9,$0,$71,$124,$17,$1,$0,$1,$0,$0,$0,$0,$-12,$9,$-3,$0,$0,$0,$0,$0,$0,$-3,$0,$0,$12,$0,$0,$0,$-4,$8,$14,$0,$0
30,2009-06-30,3.95,$0.00,0.0,$1.14,3.47,$-0.19,0.0,$0.22,17.95,$0.09B,$0.04B,2.47,$0.00B,$0.06B,0.04,$0.05B,$0.04B,75.00%,$0.05B,$0.02B,35.42%,$0.05B,$0.02B,35.42%,$0.05B,$0.02B,35.42%,$0.05B,$0.02B,35.42%,$0.05B,$0.01B,18.75%,$0.01B,$0.06B,17.73%,$0.01B,$0.05B,18.09%,$0.01B,$0.12B,10.06%,$0.02B,$0.06B,31.92%,$21,$4,$18,$1,$4,$9,$12,$-0,$12,$4,$8,$5,$5,$11,$12,$42,44,$0.12,$0.12,$47,$10,$3,$91,$0,$0,$1,$3,$4,$117,$37,$2,$0,$24,$61,$0,$4,$0,$55,$117,$9,$1,$0,$1,$0,$0,$0,$0,$-11,$1,$-2,$0,$0,$0,$0,$0,$0,$-2,$0,$0,$16,$0,$-0,$0,$-1,$14,$14,$0,$0
31,2009-03-31,1.46,$0.00,0.0,$1.05,1.39,$-0.18,0.0,$0.16,9.13,$0.06B,$0.02B,3.0,$0.00B,$0.05B,0.04,$0.05B,$0.03B,75.56%,$0.05B,$0.01B,28.89%,$0.05B,$0.01B,28.89%,$0.05B,$0.01B,28.89%,$0.05B,$0.01B,26.67%,$0.05B,$0.01B,13.33%,$0.01B,$0.05B,12.31%,$0.01B,$0.05B,12.57%,$0.01B,$0.08B,7.50%,$0.01B,$0.05B,25.62%,$20,$4,$16,$1,$5,$9,$11,$-0,$11,$2,$8,$6,$6,$1,$11,$42,42,$0.14,$0.14,$23,$10,$3,$57,$0,$0,$1,$1,$3,$81,$19,$2,$0,$12,$31,$0,$-2,$0,$50,$81,$0,$0,$0,$0,$0,$0,$0,$0,$-8,$-7,$-1,$0,$0,$0,$0,$0,$0,$-1,$0,$0,$0,$0,$-0,$0,$-1,$-2,$-10,$0,$0
32,2008-12-31,1.38,$0.00,0.0,$1.11,1.24,0,0.0,$0.20,6.9,$0.06B,$0.02B,2.93,$0.00B,$0.05B,0.04,$0.05B,$0.04B,78.72%,$0.05B,$0.02B,31.91%,$0.05B,$0.02B,31.91%,$0.05B,$0.02B,31.91%,$0.05B,$0.01B,29.79%,$0.05B,$0.01B,17.02%,$0.01B,$0.05B,17.02%,$0.01B,$0.05B,17.49%,$0.01B,$0.08B,10.39%,$0.02B,$0.05B,30.77%,$7,$1,$5,$1,$4,$6,$1,$-0,$1,$0,$0,$0,$0,$3,$1,$43,43,$0.00,$0.00,$33,$7,$2,$62,$0,$0,$1,$0,$2,$83,$21,$2,$0,$12,$33,$0,$4,$0,$50,$83,$0,$0,$0,$0,$0,$0,$0,$0,$0,$0,$0,$0,$0,$0,$0,$0,$0,$0,$0,$0,$0,$0,$0,$0,$0,$0,$0,$0,$0
33,2008-09-30,2.5,$0.00,0.0,$1.02,2.44,0,0.0,$0.19,13.16,$0.06B,$0.02B,3.23,$0.00B,$0.05B,0.08,$0.04B,$0.04B,86.36%,$0.04B,$0.02B,47.73%,$0.04B,$0.02B,47.73%,$0.04B,$0.02B,47.73%,$0.04B,$0.02B,45.45%,$0.04B,$0.01B,18.18%,$0.01B,$0.05B,19.05%,$0.01B,$0.05B,19.63%,$0.01B,$0.08B,11.35%,$0.02B,$0.05B,48.28%,$12,$5,$8,$0,$4,$9,$3,$0,$3,$-0,$4,$2,$2,$2,$3,$40,40,$0.06,$0.06,$21,$8,$2,$56,$0,$0,$1,$0,$2,$77,$17,$4,$0,$12,$30,$0,$2,$0,$48,$77,$0,$0,$0,$0,$0,$0,$0,$0,$0,$0,$0,$0,$0,$0,$0,$0,$0,$0,$0,$0,$0,$0,$0,$0,$0,$0,$0,$0,$0
34,2008-06-30,3.25,$0.00,0.0,$1.09,2.99,0,0.0,$0.22,14.77,$0.06B,$0.02B,2.55,$0.00B,$0.05B,0.03,$0.05B,$0.04B,86.96%,$0.05B,$0.02B,50.00%,$0.05B,$0.02B,50.00%,$0.05B,$0.02B,50.00%,$0.05B,$0.02B,47.83%,$0.05B,$0.01B,19.57%,$0.01B,$0.05B,24.49%,$0.01B,$0.05B,25.35%,$0.01B,$0.08B,14.01%,$0.02B,$0.05B,61.33%,$9,$2,$7,$1,$4,$6,$2,$-0,$2,$1,$1,$1,$1,$7,$2,$43,43,$0.02,$0.02,$19,$6,$2,$57,$0,$0,$1,$1,$3,$79,$22,$1,$0,$10,$32,$0,$1,$0,$47,$79,$0,$0,$0,$0,$0,$0,$0,$0,$0,$0,$0,$0,$0,$0,$0,$0,$0,$0,$0,$0,$0,$0,$0,$0,$0,$0,$0,$0,$0
35,2008-03-31,3.64,$0.00,0.0,$0.71,5.16,0,0.0,$0.14,26.0,$0.05B,$0.02B,2.57,$0.00B,$0.04B,0.03,$0.03B,$0.03B,89.66%,$0.03B,$0.02B,55.17%,$0.03B,$0.02B,55.17%,$0.03B,$0.02B,55.17%,$0.03B,$0.02B,55.17%,$0.03B,$0.01B,20.69%,$0.01B,$0.04B,20.17%,$0.01B,$0.04B,21.05%,$0.01B,$0.07B,11.16%,$0.02B,$0.04B,51.20%,$17,$3,$14,$1,$6,$9,$7,$-1,$6,$2,$5,$3,$3,$3,$7,$43,43,$0.08,$0.08,$21,$5,$1,$48,$0,$0,$1,$2,$4,$69,$19,$1,$0,$8,$27,$0,$-3,$0,$43,$69,$0,$0,$0,$0,$0,$0,$0,$0,$0,$0,$0,$0,$0,$0,$0,$0,$0,$0,$0,$0,$0,$0,$0,$0,$0,$0,$0,$0,$0
