,Date,Stock Price,Book Value per Share,Price to Book Ratio,TTM Sales per Share,Price to Sales Ratio,TTM FCF per Share,Price to FCF Ratio,TTM Net EPS,PE Ratio,Current Assets,Current Liabilities,Current Ratio,Long Term Debt,Shareholder's Equity_x,Debt to Equity Ratio,TTM Revenue_x,TTM Gross Profit,Gross Margin,TTM Revenue_y,TTM Operating Income,Operating Margin,TTM Revenue_x,TTM EBIT,EBIT Margin,TTM Revenue_y,TTM EBITDA,EBITDA Margin,TTM Revenue_x,TTM Pre-Tax Income,Pre-Tax Margin,TTM Revenue_y,TTM Net Income_x,Net Margin,TTM Net Income_y,Shareholder's Equity_y,Return on Equity,TTM Net Income_x,Tangible Equity,Return on Tangible Equity,TTM Net Income_y,Total Assets,Return on Assets,TTM Net Income,LT Investments & Debt,Return on Investment,revenue,cost-goods-sold,gross-profit,research-development-expenses,selling-general-administrative-expenses,operating-expenses,operating-income,total-non-operating-income-expense,pre-tax-income,total-provision-income-taxes,income-after-taxes,income-from-continuous-operations,net-income,ebitda,ebit,basic-shares-outstanding,shares-outstanding,eps-basic-net-earnings-per-share,eps-earnings-per-share-diluted,cash-on-hand,inventory,other-current-assets,total-current-assets,net-property-plant-equipment,long-term-investments,goodwill-intangible-assets-total,other-long-term-assets,total-long-term-assets,total-assets,total-current-liabilities,long-term-debt,other-non-current-liabilities,total-long-term-liabilities,total-liabilities,common-stock-net,retained-earnings-accumulated-deficit,comprehensive-income,total-share-holder-equity,total-liabilities-share-holders-equity,net-income-loss,total-depreciation-amortization-cash-flow,other-non-cash-items,total-non-cash-items,change-in-accounts-receivable,change-in-inventories,change-in-accounts-payable,change-in-assets-liabilities,total-change-in-assets-liabilities,cash-flow-from-operating-activities,net-change-in-property-plant-equipment,net-change-in-intangible-assets,net-acquisitions-divestitures,net-change-in-short-term-investments,net-change-in-long-term-investments,net-change-in-investments-total,investing-activities-other,cash-flow-from-investing-activities,net-long-term-debt,net-current-debt,debt-issuance-retirement-net-total,net-common-equity-issued-repurchased,net-total-equity-issued-repurchased,total-common-preferred-stock-dividends-paid,financial-activities-other,cash-flow-from-financial-activities,net-cash-flow,stock-based-compensation,common-stock-dividends-paid
0,2018-09-30,146.44,$45.70,3.2,$89.24,1.64,$-0.37,0.0,$6.53,22.43,$5.56B,$6.05B,0.92,$2.83B,$7.34B,0.39,$13.59B,$4.94B,36.32%,$13.59B,$1.39B,10.24%,$13.59B,$1.39B,10.24%,$13.59B,$1.90B,13.95%,$13.59B,$1.19B,8.76%,$13.59B,$0.99B,7.31%,$0.99B,$8.09B,12.03%,$0.99B,$-4.47B,-23.80%,$0.99B,$20.45B,5.00%,$1.39B,$10.92B,12.56%,$3495,$2256,$1238,$0,$793,$3137,$358,$-53,$305,$57,$248,$248,$248,$488,$358,$148,151,$1.67,$1.65,$369,$2650,$301,$5555,$1846,$0,$12554,$492,$14892,$20448,$6052,$2831,$2468,$6311,$12363,$442,$6424,$-1751,$8085,$20448,$712,$381,$1,$382,$0,$0,$0,$-1054,$-1054,$40,$-308,$0,$-525,$0,$0,$0,$-15,$-848,$0,$1445,$1445,$-482,$-482,$-287,$-101,$576,$-286,$0,$-287
1,2018-06-30,132.81,$53.51,2.48,$88.04,1.51,$-0.53,0.0,$6.68,19.88,$5.32B,$5.64B,0.94,$2.83B,$7.44B,0.38,$13.46B,$4.95B,36.80%,$13.46B,$1.44B,10.66%,$13.46B,$1.44B,10.66%,$13.46B,$1.93B,14.34%,$13.46B,$1.24B,9.21%,$13.46B,$1.02B,7.58%,$1.02B,$8.19B,12.38%,$1.02B,$-4.36B,-24.82%,$1.02B,$20.18B,5.18%,$1.44B,$11.02B,12.68%,$3644,$2357,$1287,$0,$802,$3296,$348,$-53,$294,$1,$293,$293,$294,$476,$348,$150,152,$1.96,$1.93,$386,$2444,$341,$5323,$1817,$0,$12544,$496,$14857,$20180,$5639,$2831,$2451,$6353,$11992,$442,$6274,$-1772,$8188,$20180,$464,$251,$1,$252,$0,$0,$0,$-867,$-867,$-151,$-210,$0,$-509,$0,$0,$0,$5,$-714,$0,$1136,$1136,$-190,$-190,$-189,$-83,$673,$-252,$0,$-189
2,2018-03-31,152.52,$54.71,2.79,$85.74,1.78,$-0.31,0.0,$6.57,23.21,$5.08B,$4.81B,1.06,$2.83B,$7.69B,0.37,$13.10B,$4.88B,37.24%,$13.10B,$1.49B,11.39%,$13.10B,$1.49B,11.39%,$13.10B,$1.97B,15.07%,$13.10B,$1.30B,9.95%,$13.10B,$1.00B,7.66%,$1.00B,$8.44B,12.37%,$1.00B,$-3.88B,-24.49%,$1.00B,$19.68B,5.16%,$1.49B,$11.27B,13.04%,$3209,$2044,$1166,$0,$779,$2910,$299,$-47,$252,$82,$170,$170,$171,$423,$299,$151,154,$1.13,$1.11,$406,$2350,$336,$5078,$1770,$0,$12325,$510,$14605,$19683,$4810,$2828,$2535,$6431,$11241,$442,$6075,$-1493,$8442,$19683,$170,$124,$0,$124,$0,$0,$0,$-643,$-643,$-349,$-105,$0,$-1,$0,$0,$0,$-20,$-126,$0,$382,$382,$2,$2,$-95,$-73,$216,$-232,$0,$-95
3,2017-12-31,168.26,$46.95,3.58,$83.74,2.01,$0.27,621.82,$8.05,20.9,$4.56B,$4.39B,1.04,$2.83B,$7.56B,0.37,$12.75B,$4.78B,37.48%,$12.75B,$1.71B,13.41%,$12.75B,$1.71B,13.41%,$12.75B,$2.17B,17.02%,$12.75B,$1.53B,11.96%,$12.75B,$1.23B,9.63%,$1.23B,$8.31B,15.91%,$1.23B,$-3.98B,-27.79%,$1.23B,$19.10B,6.39%,$1.71B,$11.13B,15.15%,$3245,$1999,$1246,$0,$782,$2858,$387,$-47,$340,$60,$280,$280,$280,$509,$387,$150,152,$1.86,$1.82,$638,$2018,$274,$4559,$1743,$0,$12284,$513,$14539,$19098,$4392,$2828,$2507,$6401,$10793,$442,$5999,$-1589,$8305,$19098,$1226,$461,$-206,$254,$-190,$-303,$240,$71,$-62,$1419,$-392,$0,$-1844,$0,$0,$0,$-53,$-2289,$0,$-77,$-77,$62,$788,$-363,$-53,$295,$-494,$79,$-363
4,2017-09-30,149.15,$52.29,2.85,$82.16,1.82,$1.29,115.69,$7.92,18.83,$5.03B,$4.00B,1.26,$3.82B,$7.27B,0.53,$12.42B,$4.61B,37.10%,$12.42B,$1.65B,13.26%,$12.42B,$1.65B,13.26%,$12.42B,$2.09B,16.81%,$12.42B,$1.47B,11.81%,$12.42B,$1.20B,9.68%,$1.20B,$8.02B,16.64%,$1.20B,$-4.22B,-29.51%,$1.20B,$19.77B,6.56%,$1.65B,$11.84B,14.91%,$3359,$2106,$1253,$0,$763,$2958,$401,$-47,$354,$80,$275,$275,$275,$522,$401,$150,153,$1.83,$1.80,$483,$2247,$288,$5029,$1677,$0,$12241,$826,$14745,$19773,$4002,$3818,$2116,$7752,$11754,$442,$5804,$-1619,$8019,$19773,$946,$338,$-265,$73,$0,$0,$0,$-1065,$-1065,$-47,$-250,$0,$-1837,$0,$0,$0,$412,$-1675,$0,$499,$499,$31,$759,$-268,$-44,$946,$-694,$0,$-268
5,2017-06-30,138.41,$50.32,2.75,$79.62,1.74,$6.19,22.37,$7.80,17.74,$4.84B,$3.87B,1.25,$3.82B,$6.96B,0.55,$11.95B,$4.44B,37.17%,$11.95B,$1.62B,13.55%,$11.95B,$1.62B,13.55%,$11.95B,$2.04B,17.10%,$11.95B,$1.44B,12.06%,$11.95B,$1.18B,9.85%,$1.18B,$7.71B,17.45%,$1.18B,$-4.31B,-30.20%,$1.18B,$19.31B,6.79%,$1.62B,$11.52B,15.33%,$3287,$2073,$1213,$0,$739,$2882,$405,$-46,$358,$81,$278,$278,$278,$520,$405,$150,152,$1.86,$1.82,$540,$2078,$294,$4839,$1650,$0,$12020,$803,$14473,$19312,$3867,$3817,$2100,$7739,$11606,$442,$5624,$-1722,$7706,$19312,$671,$217,$-268,$-51,$0,$0,$0,$-783,$-783,$-162,$-164,$0,$-1685,$0,$0,$0,$207,$-1642,$0,$564,$564,$17,$745,$-173,$-27,$1108,$-638,$0,$-173
6,2017-03-31,130.13,$44.57,2.92,$77.94,1.67,$10.15,12.82,$7.82,16.64,$4.37B,$4.21B,1.04,$3.82B,$6.82B,0.56,$11.59B,$4.36B,37.58%,$11.59B,$1.62B,13.96%,$11.59B,$1.62B,13.96%,$11.59B,$2.03B,17.50%,$11.59B,$1.45B,12.47%,$11.59B,$1.17B,10.10%,$1.17B,$6.82B,18.64%,$1.17B,$-5.15B,-31.19%,$1.17B,$18.66B,7.12%,$1.62B,$10.63B,16.03%,$2856,$1790,$1066,$0,$682,$2340,$516,$-43,$473,$80,$394,$394,$394,$618,$516,$149,152,$2.64,$2.60,$378,$1977,$286,$4368,$1538,$0,$11968,$788,$14294,$18662,$4214,$3816,$2002,$7630,$11844,$442,$5434,$-1808,$6818,$18662,$394,$102,$-269,$-168,$0,$0,$0,$-540,$-540,$-314,$-45,$0,$-1691,$0,$0,$0,$140,$-1596,$0,$1157,$1157,$4,$4,$-87,$-1,$1073,$-799,$0,$-87
7,2016-12-31,111.82,$41.78,2.68,$77.20,1.45,$11.46,9.75,$6.51,17.18,$4.79B,$2.81B,1.71,$3.82B,$6.37B,0.6,$11.41B,$4.27B,37.42%,$11.41B,$1.40B,12.26%,$11.41B,$1.40B,12.26%,$11.41B,$1.81B,15.83%,$11.41B,$1.23B,10.75%,$11.41B,$0.97B,8.47%,$0.97B,$6.37B,16.09%,$0.97B,$-2.62B,-27.88%,$0.97B,$15.64B,6.16%,$1.40B,$10.19B,14.24%,$2920,$1844,$1077,$0,$678,$2596,$325,$-43,$282,$27,$256,$256,$256,$428,$325,$146,148,$1.73,$1.71,$1132,$1478,$683,$4789,$1451,$0,$8994,$402,$10846,$15635,$2808,$3815,$1259,$6454,$9261,$442,$5127,$-1921,$6374,$15635,$965,$408,$117,$525,$-68,$-24,$160,$-45,$-6,$1485,$-336,$0,$-35,$0,$0,$0,$88,$-284,$0,$2,$2,$44,$44,$-331,$-149,$-433,$666,$81,$-331
8,2016-09-30,119.32,$40.36,2.96,$76.12,1.57,$9.61,12.42,$6.57,18.16,$4.26B,$3.46B,1.23,$3.82B,$6.08B,0.63,$11.33B,$4.21B,37.11%,$11.33B,$1.42B,12.52%,$11.33B,$1.42B,12.52%,$11.33B,$1.83B,16.15%,$11.33B,$1.25B,11.03%,$11.33B,$1.00B,8.79%,$1.00B,$6.08B,16.95%,$1.00B,$-3.51B,-26.55%,$1.00B,$15.72B,6.41%,$1.42B,$9.90B,14.65%,$2882,$1798,$1084,$0,$644,$2509,$373,$-45,$328,$79,$249,$249,$249,$476,$373,$145,148,$1.71,$1.68,$421,$1720,$391,$4262,$1480,$0,$9589,$389,$11459,$15721,$3463,$3815,$984,$6177,$9640,$442,$4959,$-1682,$6081,$15721,$710,$305,$0,$305,$0,$0,$0,$-365,$-365,$650,$-213,$0,$-59,$0,$0,$0,$47,$-225,$0,$92,$92,$-311,$-311,$-244,$16,$-447,$-45,$0,$-244
9,2016-06-30,107.4,$38.89,2.76,$75.41,1.42,$7.92,13.56,$6.41,16.76,$4.29B,$3.71B,1.16,$3.81B,$5.85B,0.65,$11.28B,$4.15B,36.78%,$11.28B,$1.40B,12.39%,$11.28B,$1.40B,12.39%,$11.28B,$1.81B,16.04%,$11.28B,$1.23B,10.91%,$11.28B,$0.98B,8.65%,$0.98B,$5.85B,16.87%,$0.98B,$-3.74B,-25.16%,$0.98B,$15.74B,6.26%,$1.40B,$9.66B,14.55%,$2932,$1804,$1129,$0,$660,$2528,$404,$-42,$362,$91,$272,$272,$272,$506,$404,$145,147,$1.87,$1.84,$568,$1689,$465,$4293,$1463,$0,$9593,$393,$11448,$15741,$3710,$3814,$953,$6181,$9891,$442,$4794,$-1711,$5850,$15741,$461,$202,$0,$202,$0,$0,$0,$-260,$-260,$403,$-136,$0,$-21,$0,$0,$0,$-7,$-164,$0,$348,$348,$-330,$-330,$-159,$20,$-121,$103,$0,$-159
10,2016-03-31,101.11,$38.07,2.66,$74.28,1.36,$6.22,16.25,$6.06,16.68,$4.02B,$3.70B,1.09,$3.82B,$5.72B,0.67,$11.21B,$4.08B,36.35%,$11.21B,$1.35B,12.04%,$11.21B,$1.35B,12.04%,$11.21B,$1.76B,15.71%,$11.21B,$1.18B,10.55%,$11.21B,$0.93B,8.30%,$0.93B,$5.72B,16.08%,$0.93B,$-3.99B,-23.71%,$0.93B,$15.61B,5.95%,$1.35B,$9.53B,14.05%,$2672,$1695,$978,$0,$620,$2377,$296,$-42,$254,$66,$189,$189,$189,$396,$296,$146,148,$1.30,$1.28,$352,$1685,$387,$4017,$1463,$0,$9701,$427,$11591,$15607,$3697,$3817,$901,$6196,$9892,$442,$4602,$-1614,$5715,$15607,$189,$100,$0,$100,$0,$0,$0,$-383,$-383,$-93,$-63,$0,$-13,$0,$0,$0,$-6,$-82,$0,$481,$481,$-353,$-353,$-80,$-4,$45,$-113,$0,$-80
11,2015-12-31,101.97,$38.06,2.68,$72.98,1.4,$5.73,17.8,$5.82,17.52,$3.66B,$2.80B,1.31,$3.79B,$5.86B,0.65,$11.17B,$4.07B,36.45%,$11.17B,$1.32B,11.78%,$11.17B,$1.32B,11.78%,$11.17B,$1.73B,15.49%,$11.17B,$1.15B,10.29%,$11.17B,$0.90B,8.09%,$0.90B,$5.86B,15.62%,$0.90B,$-3.77B,-22.87%,$0.90B,$15.13B,5.74%,$1.32B,$9.65B,13.69%,$2845,$1831,$1014,$0,$616,$2499,$346,$-40,$306,$39,$267,$266,$286,$452,$346,$148,153,$1.79,$1.74,$465,$1526,$166,$3662,$1450,$0,$9626,$390,$11466,$15128,$2803,$3792,$1179,$6466,$9269,$442,$4492,$-1694,$5859,$15128,$884,$414,$125,$539,$-54,$-55,$-10,$-63,$-240,$1182,$-282,$0,$-18,$0,$0,$0,$95,$-205,$0,$1,$1,$-486,$-486,$-320,$-71,$-876,$-31,$68,$-320
12,2015-09-30,92.19,$38.21,2.41,$73.02,1.26,$6.22,14.82,$4.96,18.59,$4.27B,$3.42B,1.25,$3.85B,$5.72B,0.67,$11.31B,$4.11B,36.33%,$11.31B,$1.28B,11.30%,$11.31B,$1.28B,11.30%,$11.31B,$1.70B,15.02%,$11.31B,$1.11B,9.82%,$11.31B,$0.76B,6.76%,$0.76B,$5.72B,12.84%,$0.76B,$-4.02B,-19.64%,$0.76B,$15.87B,4.80%,$1.28B,$9.57B,13.05%,$2830,$1803,$1027,$0,$598,$2479,$351,$-42,$309,$76,$233,$234,$229,$455,$351,$146,151,$1.57,$1.52,$293,$1867,$422,$4273,$1408,$0,$9740,$450,$11598,$15871,$3422,$3847,$1228,$6728,$10150,$442,$4306,$-1582,$5721,$15871,$618,$308,$0,$308,$0,$0,$0,$-573,$-573,$354,$-163,$0,$-18,$0,$0,$0,$77,$-103,$-16,$451,$435,$-556,$-556,$-239,$-13,$-373,$-203,$0,$-239
13,2015-06-30,99.49,$38.28,2.6,$72.18,1.38,$7.16,13.89,$4.91,20.26,$4.35B,$3.39B,1.28,$3.82B,$5.87B,0.65,$11.36B,$4.13B,36.35%,$11.36B,$1.27B,11.20%,$11.36B,$1.27B,11.20%,$11.36B,$1.70B,14.98%,$11.36B,$1.11B,9.73%,$11.36B,$0.77B,6.80%,$0.77B,$5.87B,12.29%,$0.77B,$-3.93B,-20.79%,$0.77B,$16.00B,4.79%,$1.27B,$9.69B,12.56%,$2867,$1810,$1057,$0,$632,$2510,$357,$-43,$314,$79,$236,$236,$227,$459,$357,$148,153,$1.53,$1.49,$392,$1840,$467,$4345,$1419,$0,$9799,$436,$11654,$15999,$3385,$3823,$1218,$6747,$10132,$442,$4157,$-1455,$5867,$15999,$390,$205,$0,$205,$0,$0,$0,$-479,$-479,$115,$-97,$0,$-0,$0,$0,$0,$43,$-55,$-1,$419,$418,$-373,$-373,$-160,$-9,$-123,$-105,$0,$-160
14,2015-03-31,89.7,$37.06,2.42,$71.31,1.26,$8.09,11.09,$4.78,18.77,$4.33B,$3.45B,1.26,$3.86B,$5.70B,0.68,$11.35B,$4.12B,36.31%,$11.35B,$1.25B,11.03%,$11.35B,$1.25B,11.03%,$11.35B,$1.69B,14.92%,$11.35B,$1.09B,9.59%,$11.35B,$0.76B,6.71%,$0.76B,$5.70B,11.55%,$0.76B,$-4.09B,-21.21%,$0.76B,$15.94B,4.65%,$1.25B,$9.55B,11.98%,$2630,$1656,$974,$0,$614,$2368,$262,$-41,$221,$55,$166,$167,$162,$365,$262,$152,157,$1.07,$1.04,$436,$1742,$534,$4325,$1412,$0,$9789,$419,$11619,$15944,$3447,$3856,$1247,$6800,$10247,$442,$4006,$-1528,$5697,$15944,$162,$103,$0,$103,$0,$0,$0,$-462,$-462,$-198,$-45,$0,$-0,$0,$0,$0,$21,$-25,$-0,$599,$599,$-305,$-305,$-83,$-4,$207,$-61,$0,$-83
15,2014-12-31,89.9,$41.44,2.17,$70.98,1.27,$8.32,10.81,$4.76,18.89,$3.95B,$2.83B,1.39,$3.84B,$6.51B,0.59,$11.34B,$4.10B,36.19%,$11.34B,$1.25B,11.02%,$11.34B,$1.25B,11.02%,$11.34B,$1.70B,14.98%,$11.34B,$1.09B,9.57%,$11.34B,$0.76B,6.72%,$0.76B,$6.51B,11.01%,$0.76B,$-3.52B,-21.90%,$0.76B,$15.85B,4.59%,$1.25B,$10.35B,11.61%,$2982,$1931,$1051,$0,$652,$2675,$308,$-42,$266,$47,$219,$219,$146,$420,$308,$156,160,$0.94,$0.91,$497,$1563,$312,$3949,$1454,$0,$10027,$419,$11900,$15849,$2832,$3840,$923,$6505,$9337,$442,$3926,$-1270,$6512,$15849,$761,$450,$197,$647,$68,$-176,$72,$-136,$-112,$1296,$-276,$0,$-7,$0,$0,$0,$-100,$-382,$-47,$-391,$-438,$43,$43,$-321,$-50,$-766,$0,$57,$-321
16,2014-09-30,82.63,$44.97,1.84,$69.92,1.18,$5.28,15.65,$4.20,19.67,$4.45B,$3.39B,1.31,$3.86B,$7.04B,0.55,$11.15B,$4.05B,36.35%,$11.15B,$1.06B,9.46%,$11.15B,$1.06B,9.46%,$11.15B,$1.51B,13.55%,$11.15B,$0.88B,7.85%,$11.15B,$0.67B,6.03%,$0.67B,$7.04B,9.59%,$0.67B,$-3.31B,-19.03%,$0.67B,$16.73B,4.01%,$1.06B,$10.90B,9.73%,$2879,$1832,$1047,$0,$637,$2534,$345,$-40,$304,$58,$246,$246,$237,$457,$345,$157,161,$1.51,$1.47,$487,$1758,$346,$4452,$1448,$0,$10356,$478,$12282,$16734,$3387,$3857,$822,$6303,$9690,$442,$3864,$-786,$7044,$16734,$615,$337,$0,$337,$0,$0,$0,$-418,$-418,$534,$-179,$0,$10,$0,$0,$0,$-91,$-260,$-1,$34,$33,$30,$30,$-241,$-43,$-220,$-9,$0,$-241
17,2014-06-30,81.27,$45.67,1.78,$69.35,1.17,$2.38,34.11,$3.77,21.56,$4.40B,$3.39B,1.3,$3.85B,$7.14B,0.54,$11.03B,$4.00B,36.21%,$11.03B,$0.93B,8.46%,$11.03B,$0.93B,8.46%,$11.03B,$1.39B,12.56%,$11.03B,$0.76B,6.87%,$11.03B,$0.60B,5.45%,$0.60B,$7.14B,8.58%,$0.60B,$-3.45B,-16.60%,$0.60B,$16.96B,3.57%,$0.93B,$10.99B,8.70%,$2860,$1812,$1049,$0,$649,$2523,$337,$-40,$297,$74,$223,$222,$217,$452,$337,$156,160,$1.38,$1.36,$516,$1722,$374,$4401,$1484,$0,$10590,$485,$12558,$16959,$3387,$3849,$851,$6435,$9822,$442,$3708,$-503,$7137,$16959,$378,$225,$0,$225,$0,$0,$0,$-318,$-318,$285,$-119,$0,$4,$0,$0,$0,$-46,$-162,$-1,$83,$82,$8,$8,$-159,$-38,$-107,$20,$0,$-159
18,2014-03-31,74.75,$44.72,1.67,$69.48,1.08,$0.59,127.63,$3.59,20.82,$4.27B,$3.46B,1.24,$3.83B,$6.98B,0.55,$11.03B,$3.95B,35.83%,$11.03B,$0.88B,8.01%,$11.03B,$0.88B,8.01%,$11.03B,$1.33B,12.06%,$11.03B,$0.71B,6.46%,$11.03B,$0.57B,5.18%,$0.57B,$6.98B,8.27%,$0.57B,$-3.64B,-15.31%,$0.57B,$16.83B,3.40%,$0.88B,$10.81B,8.41%,$2617,$1661,$956,$0,$637,$2359,$259,$-41,$218,$48,$170,$170,$162,$369,$259,$156,159,$1.04,$1.02,$433,$1663,$380,$4271,$1482,$0,$10619,$460,$12562,$16833,$3456,$3831,$826,$6398,$9854,$442,$3569,$-494,$6979,$16833,$162,$110,$0,$110,$0,$0,$0,$-424,$-424,$-152,$-58,$0,$3,$0,$0,$0,$-11,$-66,$-0,$282,$282,$-6,$-6,$-81,$-34,$161,$-64,$0,$-81
19,2013-12-31,73.79,$44.25,1.67,$68.59,1.08,$0.50,148.75,$3.08,23.96,$4.02B,$3.24B,1.24,$3.80B,$6.88B,0.55,$10.89B,$3.91B,35.86%,$10.89B,$0.76B,6.93%,$10.89B,$0.76B,6.93%,$10.89B,$1.20B,10.99%,$10.89B,$0.59B,5.41%,$10.89B,$0.49B,4.50%,$0.49B,$6.88B,7.18%,$0.49B,$-3.72B,-12.81%,$0.49B,$16.54B,2.92%,$0.76B,$10.68B,7.29%,$2797,$1795,$1002,$0,$674,$2682,$114,$-59,$56,$-12,$68,$68,$56,$233,$114,$155,159,$0.36,$0.36,$496,$1473,$298,$4017,$1479,$0,$10600,$440,$12519,$16535,$3236,$3799,$976,$6419,$9655,$442,$3485,$-499,$6881,$16535,$490,$441,$6,$447,$-1,$-102,$105,$84,$-70,$868,$-336,$0,$-840,$0,$0,$0,$-22,$-1198,$425,$389,$813,$115,$115,$-313,$-460,$156,$-220,$66,$-313
20,2013-09-30,82.31,$45.22,1.82,$66.05,1.25,$0.76,107.72,$5.72,14.39,$4.43B,$3.95B,1.12,$3.40B,$7.02B,0.48,$10.61B,$3.81B,35.89%,$10.61B,$0.81B,7.61%,$10.61B,$0.81B,7.61%,$10.61B,$1.25B,11.74%,$10.61B,$0.66B,6.25%,$10.61B,$0.93B,8.73%,$0.93B,$7.02B,13.65%,$0.93B,$-3.67B,-25.03%,$0.93B,$17.02B,5.57%,$0.81B,$10.42B,7.88%,$2758,$1771,$988,$0,$665,$2535,$223,$-36,$187,$17,$170,$170,$166,$332,$223,$155,159,$1.07,$1.04,$469,$1630,$396,$4431,$1455,$0,$10689,$448,$12593,$17024,$3949,$3397,$867,$6057,$10005,$442,$3506,$-481,$7018,$17024,$434,$323,$21,$344,$0,$0,$0,$-642,$-642,$136,$-245,$0,$-830,$0,$0,$0,$-10,$-1085,$-2,$1200,$1198,$106,$106,$-235,$-334,$735,$-247,$0,$-235
21,2013-06-30,69.85,$42.01,1.66,$63.86,1.09,$2.41,29.04,$5.37,13.01,$4.26B,$3.93B,1.08,$3.43B,$6.73B,0.51,$10.36B,$3.73B,35.99%,$10.36B,$0.77B,7.40%,$10.36B,$0.77B,7.40%,$10.36B,$1.20B,11.59%,$10.36B,$0.58B,5.59%,$10.36B,$0.88B,8.44%,$0.88B,$6.73B,12.79%,$0.88B,$-3.89B,-24.04%,$0.88B,$16.70B,5.26%,$0.77B,$10.15B,7.57%,$2858,$1853,$1006,$0,$674,$2570,$288,$-36,$252,$54,$197,$198,$187,$396,$288,$155,158,$1.21,$1.18,$562,$1476,$425,$4257,$1398,$0,$10613,$435,$12446,$16703,$3930,$3429,$846,$6049,$9978,$442,$3417,$-646,$6725,$16703,$268,$214,$3,$216,$0,$0,$0,$-448,$-448,$37,$-157,$0,$-814,$0,$0,$0,$-10,$-981,$-1,$1270,$1269,$82,$82,$-158,$-352,$842,$-154,$0,$-158
22,2013-03-31,72.71,$41.13,1.77,$61.09,1.19,$3.77,19.27,$5.11,14.23,$4.43B,$4.13B,1.07,$3.49B,$6.66B,0.53,$10.07B,$3.65B,36.28%,$10.07B,$0.68B,6.71%,$10.07B,$0.68B,6.71%,$10.07B,$1.11B,11.03%,$10.07B,$0.49B,4.88%,$10.07B,$0.84B,8.37%,$0.84B,$6.66B,12.24%,$0.84B,$-4.02B,-23.70%,$0.84B,$16.90B,5.09%,$0.68B,$10.15B,6.72%,$2477,$1568,$909,$0,$663,$2346,$130,$-37,$94,$9,$85,$85,$81,$236,$130,$156,159,$0.52,$0.51,$558,$1540,$546,$4426,$1355,$0,$10679,$438,$12472,$16898,$4133,$3494,$795,$6106,$10238,$442,$3305,$-530,$6659,$16898,$81,$106,$17,$122,$0,$0,$0,$-351,$-351,$-148,$-77,$0,$-853,$0,$0,$0,$-12,$-942,$-1,$1331,$1330,$62,$62,$-79,$-351,$962,$-159,$0,$-79
23,2012-12-31,66.01,$42.06,1.57,$59.88,1.1,$4.64,14.23,$5.32,12.41,$4.11B,$3.08B,1.34,$3.53B,$6.73B,0.52,$10.02B,$3.66B,36.49%,$10.02B,$0.71B,7.11%,$10.02B,$0.71B,7.11%,$10.02B,$1.16B,11.55%,$10.02B,$0.53B,5.32%,$10.02B,$0.88B,8.82%,$0.88B,$6.73B,12.56%,$0.88B,$-3.22B,-26.95%,$0.88B,$15.84B,5.39%,$0.71B,$10.25B,7.09%,$2512,$1609,$903,$0,$600,$2346,$166,$-36,$130,$-6,$136,$135,$492,$281,$166,$163,167,$3.02,$2.97,$716,$1305,$366,$4111,$1330,$0,$9947,$456,$11733,$15844,$3075,$3527,$754,$6042,$9117,$442,$3300,$-388,$6727,$15844,$884,$445,$-367,$78,$-70,$11,$109,$-70,$4,$966,$-363,$0,$553,$0,$0,$0,$-7,$183,$101,$-19,$82,$-948,$-948,$-304,$-168,$-1337,$-191,$90,$-304
24,2012-09-30,67.58,$43.04,1.57,$55.34,1.22,$5.29,12.77,$3.32,20.36,$4.75B,$4.67B,1.02,$2.73B,$7.26B,0.38,$9.30B,$3.40B,36.51%,$9.30B,$0.63B,6.82%,$9.30B,$0.63B,6.82%,$9.30B,$1.08B,11.57%,$9.30B,$0.46B,4.93%,$9.30B,$0.56B,5.98%,$0.56B,$7.26B,7.81%,$0.56B,$-3.43B,-18.20%,$0.56B,$17.11B,3.38%,$0.63B,$9.99B,6.34%,$2517,$1605,$912,$0,$605,$2335,$183,$-80,$103,$13,$90,$90,$115,$288,$183,$163,166,$0.71,$0.69,$770,$1702,$453,$4754,$1386,$0,$10695,$280,$12360,$17114,$4670,$2729,$747,$5180,$9850,$442,$2887,$-270,$7264,$17114,$392,$331,$56,$387,$0,$0,$0,$-361,$-361,$418,$-260,$0,$-687,$0,$0,$0,$12,$-934,$-493,$1316,$824,$-115,$-115,$-221,$-114,$374,$-137,$0,$-221
25,2012-06-30,56.62,$40.99,1.38,$55.69,1.02,$6.04,9.37,$3.55,15.95,$4.31B,$3.77B,1.14,$2.93B,$6.89B,0.42,$9.41B,$3.45B,36.70%,$9.41B,$0.68B,7.18%,$9.41B,$0.68B,7.18%,$9.41B,$1.11B,11.82%,$9.41B,$0.55B,5.88%,$9.41B,$0.60B,6.34%,$0.60B,$6.89B,8.42%,$0.60B,$-3.56B,-20.16%,$0.60B,$16.35B,3.66%,$0.68B,$9.82B,6.78%,$2567,$1637,$930,$0,$623,$2370,$197,$-32,$165,$39,$126,$127,$155,$306,$197,$164,168,$0.94,$0.92,$578,$1575,$477,$4306,$1295,$0,$10447,$302,$12045,$16350,$3771,$2925,$1066,$5687,$9458,$442,$2851,$-548,$6892,$16350,$277,$225,$0,$225,$0,$0,$0,$-235,$-235,$267,$-164,$0,$-589,$0,$0,$0,$7,$-746,$-321,$789,$468,$-142,$-142,$-139,$-22,$165,$-329,$0,$-139
26,2012-03-31,67.26,$42.49,1.58,$55.45,1.21,$6.51,10.33,$3.77,17.84,$4.60B,$3.44B,1.34,$2.91B,$7.26B,0.4,$9.44B,$3.49B,36.91%,$9.44B,$0.73B,7.73%,$9.44B,$0.73B,7.73%,$9.44B,$1.15B,12.20%,$9.44B,$0.61B,6.49%,$9.44B,$0.64B,6.76%,$0.64B,$7.26B,8.80%,$0.64B,$-2.92B,-26.09%,$0.64B,$16.35B,3.94%,$0.73B,$10.17B,7.24%,$2426,$1514,$912,$0,$635,$2259,$167,$-31,$135,$30,$106,$106,$122,$283,$167,$165,169,$0.74,$0.72,$884,$1590,$404,$4603,$1268,$0,$10178,$301,$11747,$16350,$3437,$2906,$1073,$5652,$9089,$441,$2762,$-272,$7262,$16350,$122,$116,$0,$116,$0,$0,$0,$-270,$-270,$-32,$-60,$0,$-115,$0,$0,$0,$2,$-172,$-0,$197,$197,$54,$54,$-70,$-21,$159,$-23,$0,$-70
27,2011-12-31,58.76,$41.80,1.41,$54.82,1.07,$7.49,7.85,$3.97,14.8,$5.09B,$3.33B,1.53,$2.93B,$7.07B,0.41,$9.38B,$3.45B,36.79%,$9.38B,$0.77B,8.24%,$9.38B,$0.77B,8.24%,$9.38B,$1.18B,12.62%,$9.38B,$0.66B,7.02%,$9.38B,$0.68B,7.20%,$0.68B,$7.07B,9.27%,$0.68B,$-2.32B,-31.61%,$0.68B,$15.95B,4.20%,$0.77B,$9.99B,7.63%,$1792,$1150,$642,$0,$483,$1705,$87,$-31,$56,$-34,$90,$90,$164,$199,$87,$166,170,$1.00,$0.99,$907,$1271,$1265,$5090,$1143,$0,$9382,$335,$10860,$15949,$3330,$2926,$1052,$5552,$8882,$441,$2707,$-349,$7067,$15949,$675,$410,$-26,$384,$-11,$-90,$214,$-175,$-60,$999,$-273,$0,$-1153,$0,$0,$0,$-39,$-1464,$18,$-199,$-182,$109,$109,$-276,$-23,$-372,$-836,$69,$-276
28,2011-09-30,42.42,$42.05,1.01,$54.28,0.78,$6.98,6.08,$3.79,11.19,$4.74B,$3.81B,1.24,$2.74B,$7.10B,0.39,$9.09B,$3.42B,37.63%,$9.09B,$0.82B,8.98%,$9.09B,$0.82B,8.98%,$9.09B,$1.22B,13.47%,$9.09B,$0.70B,7.71%,$9.09B,$0.65B,7.13%,$0.65B,$7.10B,8.89%,$0.65B,$-3.04B,-32.60%,$0.65B,$16.48B,4.09%,$0.82B,$9.84B,8.03%,$2620,$1651,$968,$0,$636,$2396,$224,$-27,$197,$35,$162,$162,$155,$324,$224,$165,169,$0.94,$0.92,$852,$1605,$129,$4737,$1226,$0,$10142,$378,$11746,$16483,$3810,$2739,$1155,$5571,$9381,$441,$2610,$-182,$7102,$16483,$511,$298,$-63,$235,$0,$0,$0,$-290,$-290,$456,$-168,$0,$-1178,$-18,$0,$-18,$-38,$-1401,$-382,$556,$174,$96,$96,$-207,$-22,$42,$-893,$0,$-207
29,2011-06-30,61.83,$45.05,1.37,$52.79,1.17,$6.96,8.88,$3.60,17.18,$5.34B,$3.41B,1.57,$2.73B,$7.58B,0.36,$8.83B,$3.31B,37.41%,$8.83B,$0.79B,8.91%,$8.83B,$0.79B,8.91%,$8.83B,$1.18B,13.37%,$8.83B,$0.67B,7.60%,$8.83B,$0.62B,6.97%,$0.62B,$7.58B,8.50%,$0.62B,$-1.51B,-39.56%,$0.62B,$16.03B,3.99%,$0.79B,$10.31B,7.78%,$2603,$1640,$963,$0,$624,$2351,$252,$-27,$225,$28,$198,$198,$197,$346,$252,$168,173,$1.17,$1.14,$1915,$1448,$152,$5339,$1186,$0,$9094,$414,$10695,$16034,$3405,$2729,$742,$5045,$8450,$441,$2521,$78,$7584,$16034,$356,$198,$-71,$127,$0,$0,$0,$-184,$-184,$300,$-112,$0,$-165,$-43,$0,$-43,$-29,$-348,$-381,$625,$244,$79,$79,$-138,$-21,$165,$172,$0,$-138
30,2011-03-31,65.37,$43.93,1.49,$52.00,1.26,$6.66,9.81,$2.74,23.86,$5.18B,$2.99B,1.73,$3.01B,$7.39B,0.41,$8.60B,$3.11B,36.19%,$8.60B,$0.57B,6.62%,$8.60B,$0.57B,6.62%,$8.60B,$0.96B,11.19%,$8.60B,$0.46B,5.29%,$8.60B,$0.47B,5.41%,$0.47B,$7.39B,6.64%,$0.47B,$-1.68B,-32.09%,$0.47B,$15.76B,3.11%,$0.57B,$10.39B,5.82%,$2362,$1484,$877,$0,$599,$2152,$210,$-30,$180,$23,$157,$157,$159,$314,$210,$167,172,$0.95,$0.92,$1884,$1414,$126,$5175,$1145,$0,$9063,$374,$10582,$15756,$2992,$3009,$793,$5378,$8370,$441,$2393,$33,$7386,$15756,$159,$104,$-2,$102,$0,$0,$0,$-141,$-141,$120,$-46,$0,$-68,$0,$0,$0,$-23,$-137,$-1,$141,$141,$55,$55,$-69,$-1,$126,$138,$0,$-69
31,2010-12-31,56.76,$42.50,1.34,$51.18,1.11,$5.67,10.01,$0.73,77.75,$4.85B,$2.75B,1.77,$3.02B,$7.07B,0.43,$7.50B,$2.69B,35.88%,$7.50B,$0.27B,3.60%,$7.50B,$0.27B,3.60%,$7.50B,$0.62B,8.26%,$7.50B,$0.17B,2.24%,$7.50B,$0.20B,2.63%,$0.20B,$7.07B,2.90%,$0.20B,$-1.72B,-13.65%,$0.20B,$15.14B,1.34%,$0.27B,$10.09B,2.84%,$1500,$889,$611,$0,$455,$1370,$130,$-32,$98,$9,$90,$90,$137,$240,$130,$147,150,$1.43,$1.42,$1743,$1262,$224,$4851,$1156,$0,$8793,$339,$10288,$15139,$2747,$3018,$763,$5322,$8070,$441,$2302,$-116,$7070,$15139,$198,$349,$259,$608,$8,$35,$77,$-203,$-67,$739,$-175,$0,$-550,$0,$0,$0,$994,$270,$494,$-264,$230,$391,$391,$-202,$-106,$314,$1345,$85,$-202
32,2010-09-30,51.73,$41.79,1.24,$52.57,0.98,$7.46,6.94,$0.60,86.21,$5.10B,$3.16B,1.62,$2.72B,$6.94B,0.39,$6.91B,$2.46B,35.55%,$6.91B,$0.21B,2.97%,$6.91B,$0.21B,2.97%,$6.91B,$0.50B,7.18%,$6.91B,$0.12B,1.75%,$6.91B,$0.12B,1.69%,$0.12B,$6.94B,2.12%,$0.12B,$-1.32B,-10.11%,$0.12B,$14.87B,0.97%,$0.21B,$9.66B,2.65%,$2369,$1515,$854,$0,$579,$2175,$195,$-27,$168,$45,$123,$123,$123,$281,$195,$166,169,$0.74,$0.73,$1636,$1397,$260,$5102,$1142,$0,$8256,$373,$9770,$14873,$3157,$2719,$730,$4778,$7935,$441,$2220,$-175,$6938,$14873,$61,$239,$211,$450,$0,$0,$0,$-124,$-124,$387,$-103,$0,$471,$0,$0,$0,$58,$426,$194,$40,$234,$375,$375,$-145,$-58,$406,$1235,$63,$-145
33,2010-06-30,42.15,$40.05,1.05,$50.16,0.84,$8.04,5.24,$0.62,67.98,$4.87B,$3.08B,1.59,$2.32B,$6.64B,0.35,$5.48B,$1.99B,36.30%,$5.48B,$0.11B,1.92%,$5.48B,$0.11B,1.92%,$5.48B,$0.36B,6.61%,$5.48B,$0.03B,0.60%,$5.48B,$0.05B,0.99%,$0.05B,$6.64B,1.26%,$0.05B,$-1.08B,-5.39%,$0.05B,$14.00B,0.57%,$0.11B,$8.95B,1.72%,$2366,$1597,$769,$0,$581,$2332,$34,$-25,$9,$-37,$46,$46,$46,$127,$34,$163,166,$0.28,$0.28,$1598,$1295,$322,$4872,$1067,$0,$7711,$345,$9123,$13996,$3075,$2319,$673,$4286,$7361,$441,$2153,$-384,$6635,$13996,$-62,$152,$173,$325,$0,$0,$0,$-75,$-75,$188,$-57,$0,$931,$0,$0,$0,$30,$904,$-202,$79,$-123,$359,$359,$-89,$-8,$139,$1198,$50,$-89
34,2010-03-31,47.61,$40.76,1.17,$47.44,1.0,$7.57,6.29,$1.21,39.35,$4.98B,$3.16B,1.58,$2.74B,$6.54B,0.42,$4.03B,$1.59B,39.36%,$4.03B,$0.14B,3.50%,$4.03B,$0.14B,3.50%,$4.03B,$0.35B,8.78%,$4.03B,$0.12B,3.05%,$4.03B,$0.08B,1.93%,$0.08B,$6.54B,2.54%,$0.08B,$-1.65B,-8.41%,$0.08B,$14.64B,1.08%,$0.14B,$9.28B,3.05%,$1262,$806,$456,$0,$379,$1351,$-89,$-18,$-107,$2,$-109,$-109,$-109,$-29,$-89,$98,98,$-1.11,$-1.11,$1505,$1398,$377,$4984,$1030,$0,$8190,$431,$9651,$14635,$3159,$2743,$650,$4937,$8096,$427,$2161,$-118,$6538,$14635,$-109,$60,$-0,$60,$0,$0,$0,$16,$16,$-33,$-22,$0,$942,$0,$0,$0,$14,$934,$-201,$436,$235,$14,$14,$-34,$-4,$211,$1105,$0,$-34
35,2009-12-31,42.48,$24.99,1.7,$46.01,0.92,$7.90,5.38,$2.77,15.34,$1.41B,$1.19B,1.18,$1.09B,$2.01B,0.54,$3.68B,$1.49B,40.51%,$3.68B,$0.30B,8.12%,$3.68B,$0.30B,8.12%,$3.68B,$0.50B,13.58%,$3.68B,$0.28B,7.68%,$3.68B,$0.23B,6.11%,$0.23B,$2.01B,12.04%,$0.23B,$-0.58B,-30.81%,$0.23B,$4.77B,4.73%,$0.30B,$3.10B,9.72%,$915,$537,$378,$0,$253,$850,$65,$-14,$51,$-3,$55,$55,$57,$117,$65,$80,80,$0.70,$0.70,$401,$366,$40,$1412,$576,$0,$2595,$187,$3357,$4769,$1192,$1085,$224,$1566,$2758,$231,$2296,$-77,$2012,$4769,$224,$200,$37,$237,$106,$153,$-57,$-55,$76,$537,$-91,$0,$-24,$0,$0,$0,$0,$-115,$-65,$-120,$-184,$59,$59,$-104,$-20,$-249,$187,$21,$-104
36,2009-09-30,34.98,$24.06,1.45,$48.22,0.73,$7.11,4.92,$2.10,16.66,$1.41B,$1.24B,1.13,$1.09B,$1.94B,0.56,$3.85B,$1.51B,39.10%,$3.85B,$0.25B,6.43%,$3.85B,$0.25B,6.43%,$3.85B,$0.45B,11.70%,$3.85B,$0.23B,6.07%,$3.85B,$0.17B,4.33%,$0.17B,$1.94B,9.30%,$0.17B,$-0.69B,-20.82%,$0.17B,$4.80B,3.49%,$0.25B,$3.02B,8.05%,$936,$549,$386,$0,$249,$841,$95,$-15,$80,$18,$62,$62,$60,$147,$95,$80,81,$0.75,$0.75,$207,$438,$110,$1405,$572,$0,$2628,$112,$3398,$4803,$1239,$1087,$542,$1629,$2868,$231,$2375,$-87,$1935,$4803,$170,$149,$13,$162,$0,$0,$0,$-84,$-84,$248,$-65,$0,$-20,$0,$0,$0,$0,$-85,$-63,$-58,$-121,$34,$34,$-77,$-17,$-180,$-4,$14,$-77
37,2009-06-30,27.5,$22.93,1.2,$50.61,0.54,$7.86,3.5,$3.41,8.06,$1.38B,$1.12B,1.23,$1.28B,$1.82B,0.7,$4.04B,$1.55B,38.45%,$4.04B,$0.28B,6.86%,$4.04B,$0.28B,6.86%,$4.04B,$0.48B,11.77%,$4.04B,$0.26B,6.37%,$4.04B,$0.27B,6.69%,$0.27B,$1.82B,15.16%,$0.27B,$-0.78B,-34.49%,$0.27B,$4.75B,5.55%,$0.28B,$3.10B,8.96%,$919,$553,$367,$0,$253,$849,$70,$29,$99,$27,$72,$71,$70,$119,$70,$79,80,$0.88,$0.87,$156,$467,$98,$1376,$574,$0,$2601,$199,$3374,$4750,$1118,$1277,$535,$1812,$2930,$231,$2334,$-124,$1820,$4750,$109,$97,$8,$105,$0,$0,$0,$-142,$-142,$72,$-47,$0,$-5,$0,$0,$0,$0,$-52,$-62,$47,$-14,$7,$7,$-51,$-20,$-78,$-55,$9,$-51
38,2009-03-31,23.46,$21.58,1.09,$53.51,0.44,$9.27,2.53,$3.54,6.63,$1.39B,$1.10B,1.27,$1.39B,$1.71B,0.81,$4.27B,$1.63B,38.11%,$4.27B,$0.33B,7.68%,$4.27B,$0.33B,7.68%,$4.27B,$0.52B,12.13%,$4.27B,$0.26B,6.07%,$4.27B,$0.28B,6.51%,$0.28B,$1.71B,15.68%,$0.28B,$-0.86B,-39.81%,$0.28B,$4.72B,5.62%,$0.33B,$3.09B,10.70%,$913,$552,$361,$0,$248,$844,$69,$-16,$53,$14,$39,$38,$38,$117,$69,$79,79,$0.48,$0.47,$128,$504,$100,$1391,$566,$0,$2570,$196,$3333,$4724,$1098,$1385,$534,$1919,$3018,$231,$2288,$-173,$1706,$4724,$38,$48,$-1,$47,$0,$0,$0,$-82,$-82,$4,$-22,$0,$-5,$0,$0,$0,$0,$-27,$-1,$-7,$-8,$-1,$-1,$-25,$-20,$-54,$-84,$0,$-25
39,2008-12-31,27.12,$21.87,1.24,$55.34,0.49,$10.53,2.58,$3.92,6.92,$1.50B,$1.19B,1.26,$1.38B,$1.73B,0.8,$4.43B,$1.67B,37.77%,$4.43B,$0.37B,8.29%,$4.43B,$0.37B,8.29%,$4.43B,$0.55B,12.42%,$4.43B,$0.29B,6.62%,$4.43B,$0.31B,6.93%,$0.31B,$1.73B,17.28%,$0.31B,$-0.87B,-49.38%,$0.31B,$4.87B,6.14%,$0.37B,$3.11B,12.15%,$1086,$693,$393,$0,$268,$1072,$14,$-12,$2,$-2,$4,$4,$-1,$68,$14,$79,80,$-0.01,$-0.01,$212,$515,$49,$1498,$580,$0,$2596,$193,$3369,$4867,$1193,$1384,$445,$1949,$3142,$231,$2200,$-152,$1725,$4867,$309,$183,$-43,$140,$113,$27,$-33,$-34,$68,$517,$-137,$0,$-370,$0,$0,$0,$42,$-465,$205,$-74,$131,$-84,$-84,$-99,$4,$-48,$-29,$14,$-99
40,2008-09-30,32.86,$23.75,1.38,$54.79,0.6,$11.42,2.88,$5.02,6.54,$1.85B,$1.50B,1.23,$1.19B,$1.87B,0.64,$4.44B,$1.69B,38.15%,$4.44B,$0.48B,10.91%,$4.44B,$0.48B,10.91%,$4.44B,$0.66B,14.78%,$4.44B,$0.40B,8.92%,$4.44B,$0.40B,8.92%,$0.40B,$1.87B,22.28%,$0.40B,$-0.62B,-75.64%,$0.40B,$5.12B,7.96%,$0.48B,$3.07B,16.25%,$1118,$686,$431,$0,$269,$994,$124,$-21,$103,$25,$78,$77,$163,$171,$124,$79,80,$2.06,$2.04,$299,$571,$93,$1849,$589,$0,$2487,$197,$3273,$5121,$1499,$1194,$557,$1751,$3250,$234,$2289,$19,$1872,$5121,$309,$129,$-87,$41,$0,$0,$0,$-27,$-27,$323,$-82,$0,$-163,$0,$0,$0,$23,$-222,$-9,$141,$133,$-85,$-85,$-74,$-12,$-38,$59,$0,$-74
41,2008-06-30,35.06,$22.80,1.54,$53.96,0.65,$11.63,3.01,$4.05,8.66,$2.05B,$1.49B,1.38,$1.20B,$1.79B,0.67,$4.43B,$1.68B,38.05%,$4.43B,$0.50B,11.32%,$4.43B,$0.50B,11.32%,$4.43B,$0.67B,15.09%,$4.43B,$0.41B,9.35%,$4.43B,$0.32B,7.32%,$0.32B,$1.79B,18.70%,$0.32B,$-0.44B,-63.50%,$0.32B,$5.07B,6.60%,$0.50B,$2.99B,17.04%,$1152,$710,$442,$0,$280,$1031,$121,$-20,$101,$26,$75,$74,$78,$162,$121,$79,80,$0.99,$0.98,$384,$563,$177,$2053,$573,$0,$2234,$207,$3014,$5067,$1486,$1198,$592,$1790,$3275,$234,$2148,$91,$1791,$5067,$145,$81,$-3,$79,$0,$0,$0,$-33,$-33,$191,$-54,$0,$-24,$0,$0,$0,$8,$-70,$-8,$173,$165,$-92,$-92,$-49,$-8,$16,$144,$0,$-49
42,2008-03-31,37.0,$21.90,1.69,$52.50,0.7,$11.71,3.16,$4.06,9.11,$1.90B,$1.43B,1.33,$1.20B,$1.72B,0.7,$4.37B,$1.66B,38.08%,$4.37B,$0.51B,11.72%,$4.37B,$0.51B,11.72%,$4.37B,$0.68B,15.54%,$4.37B,$0.43B,9.73%,$4.37B,$0.33B,7.57%,$0.33B,$1.72B,19.70%,$0.33B,$-0.56B,-60.10%,$0.33B,$4.96B,6.88%,$0.51B,$2.92B,17.71%,$1071,$665,$406,$0,$272,$963,$108,$-21,$87,$23,$64,$64,$67,$149,$108,$79,80,$0.84,$0.83,$325,$592,$92,$1899,$580,$0,$2275,$201,$3056,$4955,$1430,$1204,$605,$1809,$3238,$234,$2089,$84,$1717,$4955,$67,$41,$-0,$41,$0,$0,$0,$0,$0,$108,$-25,$0,$-1,$0,$0,$0,$4,$-22,$-1,$120,$119,$-100,$-100,$-24,$-4,$-9,$84,$0,$-24
43,2007-12-31,37.43,$21.50,1.74,$51.70,0.72,$11.48,3.26,$4.01,9.33,$1.80B,$1.26B,1.43,$1.21B,$1.73B,0.7,$4.36B,$1.65B,37.90%,$4.36B,$0.52B,11.83%,$4.36B,$0.52B,11.83%,$4.36B,$0.68B,15.59%,$4.36B,$0.43B,9.86%,$4.36B,$0.33B,7.61%,$0.33B,$1.73B,20.21%,$0.33B,$-0.48B,-58.58%,$0.33B,$4.76B,7.02%,$0.52B,$2.94B,18.08%,$1097,$683,$414,$0,$260,$965,$132,$-27,$105,$21,$84,$82,$88,$174,$132,$82,84,$1.07,$1.05,$240,$556,$176,$1801,$565,$0,$2207,$190,$2962,$4763,$1263,$1212,$479,$1772,$3035,$234,$2046,$48,$1729,$4763,$334,$162,$52,$214,$-36,$47,$35,$-17,$-4,$544,$-69,$0,$-643,$0,$0,$0,$-5,$-717,$253,$192,$445,$-110,$-110,$-100,$-25,$211,$64,$14,$-100
44,2007-09-30,43.07,$20.63,2.09,$49.39,0.87,$10.49,4.1,$3.93,10.96,$1.91B,$1.39B,1.38,$1.21B,$1.70B,0.72,$4.16B,$1.57B,37.63%,$4.16B,$0.48B,11.58%,$4.16B,$0.48B,11.58%,$4.16B,$0.63B,15.21%,$4.16B,$0.41B,9.78%,$4.16B,$0.33B,7.95%,$0.33B,$1.70B,20.71%,$0.33B,$-0.56B,-71.22%,$0.33B,$4.87B,7.32%,$0.48B,$2.91B,18.01%,$1106,$685,$422,$0,$251,$965,$141,$-20,$121,$33,$89,$89,$91,$183,$141,$82,84,$1.11,$1.09,$281,$625,$100,$1911,$566,$0,$2257,$131,$2954,$4865,$1390,$1212,$568,$1781,$3170,$234,$1974,$-4,$1695,$4865,$244,$120,$0,$120,$0,$0,$0,$-38,$-38,$326,$-55,$0,$-633,$0,$0,$0,$10,$-678,$453,$146,$599,$-17,$-17,$-75,$-61,$445,$104,$0,$-75
45,2007-06-30,46.32,$19.26,2.41,$48.44,0.96,$10.41,4.45,$3.93,11.79,$1.78B,$1.33B,1.34,$1.21B,$1.58B,0.77,$4.07B,$1.52B,37.40%,$4.07B,$0.47B,11.58%,$4.07B,$0.47B,11.58%,$4.07B,$0.61B,14.99%,$4.07B,$0.40B,9.81%,$4.07B,$0.33B,8.13%,$0.33B,$1.58B,21.35%,$0.33B,$-0.61B,-94.03%,$0.33B,$4.66B,7.67%,$0.47B,$2.79B,18.61%,$1096,$673,$422,$0,$259,$964,$132,$-20,$112,$29,$83,$83,$85,$173,$132,$83,85,$1.03,$1.01,$226,$604,$93,$1778,$563,$0,$2186,$131,$2879,$4657,$1329,$1211,$536,$1747,$3076,$234,$1905,$-45,$1581,$4657,$153,$78,$0,$78,$0,$0,$0,$-35,$-35,$196,$-44,$0,$-569,$0,$0,$0,$3,$-609,$453,$132,$586,$-21,$-21,$-50,$-61,$454,$49,$0,$-50
46,2007-03-31,42.04,$18.78,2.24,$47.74,0.88,$10.60,3.97,$3.82,11.01,$1.74B,$1.30B,1.34,$1.21B,$1.57B,0.77,$3.99B,$1.48B,37.01%,$3.99B,$0.46B,11.48%,$3.99B,$0.46B,11.48%,$3.99B,$0.59B,14.71%,$3.99B,$0.39B,9.75%,$3.99B,$0.32B,8.04%,$0.32B,$1.57B,21.31%,$0.32B,$-0.62B,-140.64%,$0.32B,$4.64B,7.80%,$0.46B,$2.78B,19.17%,$1062,$667,$395,$0,$259,$950,$112,$-20,$92,$25,$68,$68,$68,$150,$112,$83,85,$0.82,$0.80,$211,$616,$112,$1742,$568,$0,$2189,$142,$2899,$4640,$1296,$1209,$569,$1778,$3074,$234,$1837,$-70,$1566,$4640,$68,$37,$4,$41,$0,$0,$0,$-15,$-15,$94,$-26,$0,$-541,$0,$0,$0,$2,$-566,$454,$84,$538,$53,$53,$-25,$-60,$505,$34,$0,$-25
47,2006-12-31,37.98,$18.96,2.0,$46.64,0.81,$10.64,3.57,$3.47,10.94,$1.64B,$1.25B,1.31,$0.68B,$1.55B,0.44,$3.90B,$1.41B,36.28%,$3.90B,$0.41B,10.60%,$3.90B,$0.41B,10.60%,$3.90B,$0.53B,13.70%,$3.90B,$0.35B,8.93%,$3.90B,$0.29B,7.47%,$0.29B,$1.55B,20.11%,$0.29B,$-0.07B,-255.26%,$0.29B,$3.94B,7.45%,$0.41B,$2.23B,18.50%,$898,$571,$327,$0,$218,$801,$97,$-15,$82,$7,$75,$75,$87,$127,$97,$82,84,$1.05,$1.02,$177,$599,$89,$1639,$559,$0,$1622,$116,$2297,$3935,$1251,$679,$386,$1132,$2383,$234,$1884,$-82,$1552,$3935,$290,$121,$49,$170,$51,$-63,$41,$30,$-21,$439,$-49,$0,$-571,$0,$0,$0,$-7,$-626,$-4,$-66,$-71,$-137,$-137,$-96,$6,$-298,$-481,$0,$-96
