,Date,Stock Price,Book Value per Share,Price to Book Ratio,TTM Sales per Share,Price to Sales Ratio,TTM FCF per Share,Price to FCF Ratio,TTM Net EPS,PE Ratio,Current Assets,Current Liabilities,Current Ratio,Long Term Debt,Shareholder's Equity_x,Debt to Equity Ratio,TTM Revenue_x,TTM Gross Profit,Gross Margin,TTM Revenue_y,TTM Operating Income,Operating Margin,TTM Revenue_x,TTM EBIT,EBIT Margin,TTM Revenue_y,TTM EBITDA,EBITDA Margin,TTM Revenue_x,TTM Pre-Tax Income,Pre-Tax Margin,TTM Revenue_y,TTM Net Income_x,Net Margin,TTM Net Income_y,Shareholder's Equity_y,Return on Equity,TTM Net Income_x,Tangible Equity,Return on Tangible Equity,TTM Net Income_y,Total Assets,Return on Assets,TTM Net Income,LT Investments & Debt,Return on Investment,revenue,cost-goods-sold,gross-profit,research-development-expenses,selling-general-administrative-expenses,operating-expenses,operating-income,total-non-operating-income-expense,pre-tax-income,total-provision-income-taxes,income-after-taxes,income-from-continuous-operations,net-income,ebitda,ebit,basic-shares-outstanding,shares-outstanding,eps-basic-net-earnings-per-share,eps-earnings-per-share-diluted,cash-on-hand,inventory,other-current-assets,total-current-assets,net-property-plant-equipment,long-term-investments,goodwill-intangible-assets-total,other-long-term-assets,total-long-term-assets,total-assets,total-current-liabilities,long-term-debt,other-non-current-liabilities,total-long-term-liabilities,total-liabilities,common-stock-net,retained-earnings-accumulated-deficit,comprehensive-income,total-share-holder-equity,total-liabilities-share-holders-equity,net-income-loss,total-depreciation-amortization-cash-flow,other-non-cash-items,total-non-cash-items,change-in-accounts-receivable,change-in-inventories,change-in-accounts-payable,change-in-assets-liabilities,total-change-in-assets-liabilities,cash-flow-from-operating-activities,net-change-in-property-plant-equipment,net-change-in-intangible-assets,net-acquisitions-divestitures,net-change-in-short-term-investments,net-change-in-long-term-investments,net-change-in-investments-total,investing-activities-other,cash-flow-from-investing-activities,net-long-term-debt,net-current-debt,debt-issuance-retirement-net-total,net-common-equity-issued-repurchased,net-total-equity-issued-repurchased,total-common-preferred-stock-dividends-paid,financial-activities-other,cash-flow-from-financial-activities,net-cash-flow,stock-based-compensation,common-stock-dividends-paid
0,2018-09-30,90.71,$23.09,3.93,$21.02,4.31,$14.10,6.43,$5.03,18.03,$2.26B,$0.39B,5.81,$0.00B,$4.10B,0.0,$3.87B,$1.95B,50.48%,$3.87B,$1.32B,34.11%,$3.87B,$1.32B,34.11%,$3.87B,$1.62B,41.87%,$3.87B,$1.33B,34.45%,$3.87B,$0.92B,23.77%,$0.92B,$4.10B,22.76%,$0.92B,$2.76B,30.69%,$0.92B,$4.83B,19.40%,$1.32B,$4.10B,32.67%,$1008,$505,$504,$103,$54,$668,$340,$3,$343,$58,$286,$286,$286,$424,$340,$181,183,$1.59,$1.56,$1027,$490,$89,$2262,$1141,$23,$1334,$33,$2567,$4829,$390,$0,$342,$342,$732,$44,$3733,$-9,$4097,$4829,$918,$299,$123,$422,$-194,$12,$-126,$228,$-80,$1261,$-422,$-9,$-404,$368,$-684,$-316,$0,$-1150,$0,$0,$0,$-751,$-751,$-243,$0,$-994,$-884,$108,$-243
1,2018-06-30,96.27,$22.72,4.24,$20.79,4.63,$15.70,6.13,$4.96,19.41,$2.63B,$0.36B,7.34,$0.00B,$4.08B,0.0,$3.84B,$1.95B,50.65%,$3.84B,$1.33B,34.47%,$3.84B,$1.33B,34.47%,$3.84B,$1.61B,41.78%,$3.84B,$1.34B,34.78%,$3.84B,$0.91B,23.78%,$0.91B,$4.08B,22.68%,$0.91B,$3.14B,29.65%,$0.91B,$4.78B,19.55%,$1.33B,$4.08B,32.88%,$894,$443,$452,$97,$45,$588,$306,$5,$311,$24,$287,$287,$287,$381,$306,$181,183,$1.58,$1.57,$1543,$503,$118,$2631,$1035,$106,$943,$37,$2152,$4783,$358,$0,$342,$342,$700,$45,$3515,$-9,$4083,$4783,$633,$215,$114,$330,$-14,$-10,$-56,$171,$90,$1053,$-310,$-9,$0,$33,$-523,$-491,$0,$-809,$0,$0,$0,$-527,$-527,$-175,$0,$-703,$-459,$86,$-175
2,2018-03-31,99.54,$22.35,4.45,$20.73,4.8,$16.04,6.21,$4.71,21.13,$2.81B,$0.32B,8.83,$0.00B,$4.07B,0.0,$3.85B,$1.95B,50.61%,$3.85B,$1.32B,34.38%,$3.85B,$1.32B,34.38%,$3.85B,$1.59B,41.34%,$3.85B,$1.33B,34.61%,$3.85B,$0.87B,22.67%,$0.87B,$4.07B,21.91%,$0.87B,$3.13B,28.75%,$0.87B,$4.75B,19.16%,$1.32B,$4.07B,33.24%,$913,$455,$459,$107,$58,$624,$289,$3,$292,$16,$276,$276,$276,$361,$289,$183,184,$1.51,$1.50,$1881,$466,$96,$2811,$907,$0,$946,$40,$1934,$4745,$319,$0,$356,$356,$675,$46,$3287,$-9,$4070,$4745,$346,$141,$92,$233,$88,$26,$-82,$184,$216,$795,$-119,$-6,$0,$0,$0,$0,$0,$-125,$0,$0,$0,$-298,$-298,$-118,$10,$-406,$265,$67,$-118
3,2017-12-31,93.98,$21.38,4.39,$20.32,4.62,$15.68,5.99,$4.41,21.31,$2.69B,$0.32B,8.36,$0.00B,$3.90B,0.0,$3.79B,$1.92B,50.53%,$3.79B,$1.32B,34.72%,$3.79B,$1.32B,34.72%,$3.79B,$1.58B,41.56%,$3.79B,$1.32B,34.88%,$3.79B,$0.82B,21.69%,$0.82B,$3.90B,21.00%,$0.82B,$2.95B,27.72%,$0.82B,$4.59B,18.63%,$1.32B,$3.90B,33.62%,$1052,$515,$537,$98,$51,$668,$384,$2,$386,$315,$70,$70,$70,$453,$384,$183,186,$0.38,$0.38,$1682,$459,$88,$2687,$869,$0,$951,$42,$1908,$4594,$322,$0,$372,$372,$694,$46,$3069,$-9,$3901,$4594,$70,$69,$47,$116,$-4,$35,$-105,$249,$174,$361,$-28,$-6,$0,$0,$0,$0,$0,$-34,$0,$0,$0,$-203,$-203,$-59,$0,$-262,$65,$26,$-59
4,2017-09-30,100.57,$22.20,4.53,$19.53,5.15,$16.27,6.18,$5.41,18.59,$2.63B,$0.39B,6.79,$0.00B,$4.07B,0.0,$3.65B,$1.84B,50.44%,$3.65B,$1.25B,34.34%,$3.65B,$1.25B,34.34%,$3.65B,$1.51B,41.29%,$3.65B,$1.26B,34.42%,$3.65B,$1.01B,27.66%,$1.01B,$4.07B,26.21%,$1.01B,$3.12B,34.78%,$1.01B,$4.57B,23.60%,$1.25B,$4.07B,32.54%,$985,$486,$499,$92,$56,$639,$346,$2,$348,$66,$281,$281,$281,$411,$346,$184,187,$1.53,$1.51,$1617,$494,$69,$2634,$882,$0,$951,$40,$1940,$4574,$388,$0,$120,$120,$508,$46,$3060,$-9,$4066,$4574,$1010,$255,$49,$304,$-37,$-69,$148,$101,$142,$1456,$-303,$-12,$-14,$3,$0,$3,$0,$-326,$0,$0,$0,$-413,$-413,$-215,$30,$-597,$533,$89,$-215
5,2017-06-30,94.4,$21.22,4.45,$18.61,5.07,$14.71,6.42,$5.21,18.12,$2.41B,$0.30B,8.02,$0.00B,$3.90B,0.0,$3.50B,$1.77B,50.46%,$3.50B,$1.20B,34.27%,$3.50B,$1.20B,34.27%,$3.50B,$1.45B,41.40%,$3.50B,$1.20B,34.27%,$3.50B,$0.98B,27.87%,$0.98B,$3.90B,26.22%,$0.98B,$2.96B,35.16%,$0.98B,$4.31B,23.81%,$1.20B,$3.90B,32.23%,$901,$447,$454,$92,$50,$596,$305,$2,$307,$61,$246,$246,$246,$368,$305,$184,187,$1.34,$1.32,$1444,$483,$88,$2412,$858,$0,$943,$47,$1898,$4310,$301,$0,$112,$112,$412,$46,$2837,$-9,$3898,$4310,$729,$189,$32,$221,$20,$-59,$68,$59,$89,$1039,$-218,$0,$-14,$3,$0,$3,$0,$-229,$0,$0,$0,$-326,$-326,$-156,$31,$-450,$360,$64,$-156
6,2017-03-31,96.14,$20.55,4.68,$17.70,5.43,$12.75,7.54,$4.86,19.78,$2.31B,$0.27B,8.65,$0.00B,$3.79B,0.0,$3.35B,$1.69B,50.43%,$3.35B,$1.13B,33.82%,$3.35B,$1.13B,33.82%,$3.35B,$1.39B,41.34%,$3.35B,$1.13B,33.67%,$3.35B,$0.92B,27.29%,$0.92B,$3.79B,25.23%,$0.92B,$2.84B,34.12%,$0.92B,$4.17B,22.81%,$1.13B,$3.79B,31.27%,$852,$426,$425,$89,$48,$571,$281,$0,$281,$57,$225,$225,$225,$344,$281,$185,187,$1.22,$1.20,$1407,$445,$88,$2308,$800,$0,$950,$55,$1859,$4167,$267,$0,$108,$108,$375,$46,$2643,$-9,$3792,$4167,$483,$127,$16,$143,$49,$-21,$53,$18,$99,$725,$-105,$0,$-14,$3,$0,$3,$0,$-116,$0,$0,$0,$-214,$-214,$-104,$33,$-286,$323,$44,$-104
7,2016-12-31,73.03,$19.81,3.69,$17.16,4.26,$11.42,6.4,$4.74,15.41,$2.20B,$0.30B,7.25,$0.00B,$3.66B,0.0,$3.28B,$1.66B,50.55%,$3.28B,$1.11B,33.91%,$3.28B,$1.11B,33.91%,$3.28B,$1.36B,41.58%,$3.28B,$1.10B,33.67%,$3.28B,$0.90B,27.41%,$0.90B,$3.66B,25.19%,$0.90B,$2.71B,34.09%,$0.90B,$4.07B,22.68%,$1.11B,$3.66B,31.17%,$914,$450,$464,$82,$51,$592,$322,$-1,$321,$63,$258,$258,$258,$386,$322,$185,187,$1.39,$1.38,$1351,$423,$57,$2199,$802,$0,$955,$56,$1867,$4066,$303,$0,$102,$102,$405,$46,$2470,$-9,$3660,$4066,$258,$64,$1,$65,$49,$1,$51,$72,$173,$496,$-50,$0,$-14,$3,$0,$3,$0,$-61,$0,$0,$0,$-136,$-136,$-52,$20,$-169,$267,$22,$-52
8,2016-09-30,74.21,$19.15,3.87,$17.04,4.35,$10.40,7.13,$5.18,14.33,$2.00B,$0.21B,9.53,$0.00B,$3.54B,0.0,$3.29B,$1.66B,50.59%,$3.29B,$1.12B,34.05%,$3.29B,$1.12B,34.05%,$3.29B,$1.37B,41.53%,$3.29B,$1.20B,36.49%,$3.29B,$1.00B,30.25%,$1.00B,$3.54B,28.27%,$1.00B,$2.60B,38.20%,$1.00B,$3.86B,25.35%,$1.12B,$3.54B,31.82%,$835,$411,$424,$73,$53,$544,$292,$-1,$291,$44,$247,$247,$247,$353,$292,$189,192,$1.33,$1.31,$1084,$424,$78,$2002,$806,$0,$940,$53,$1853,$3855,$210,$0,$104,$104,$314,$46,$2264,$-11,$3541,$3855,$995,$248,$35,$282,$121,$-147,$-182,$8,$-200,$1078,$-189,$-6,$-56,$0,$0,$0,$0,$-251,$-77,$0,$-77,$-553,$-553,$-201,$44,$-787,$40,$78,$-201
9,2016-06-30,61.41,$18.74,3.28,$17.21,3.57,$8.67,7.09,$5.05,12.16,$2.08B,$0.35B,5.99,$0.00B,$3.51B,0.0,$3.34B,$1.68B,50.25%,$3.34B,$1.13B,33.76%,$3.34B,$1.13B,33.76%,$3.34B,$1.37B,40.93%,$3.34B,$1.21B,36.13%,$3.34B,$0.98B,29.30%,$0.98B,$3.51B,28.53%,$0.98B,$2.58B,38.78%,$0.98B,$3.96B,25.11%,$1.13B,$3.51B,32.88%,$752,$373,$378,$78,$47,$513,$239,$-2,$236,$51,$185,$185,$185,$303,$239,$189,192,$0.98,$0.97,$974,$438,$97,$2078,$845,$0,$934,$44,$1878,$3956,$347,$0,$94,$94,$441,$47,$2069,$-9,$3514,$3956,$748,$187,$26,$213,$-32,$-161,$-110,$-17,$-320,$641,$-174,$0,$-55,$0,$0,$0,$0,$-229,$0,$0,$0,$-378,$-378,$-149,$45,$-482,$-70,$58,$-149
10,2016-03-31,75.3,$18.63,4.04,$17.43,4.32,$8.69,8.66,$5.14,14.65,$2.13B,$0.33B,6.55,$0.00B,$3.54B,0.0,$3.39B,$1.69B,49.84%,$3.39B,$1.15B,33.78%,$3.39B,$1.15B,33.78%,$3.39B,$1.37B,40.41%,$3.39B,$1.23B,36.19%,$3.39B,$1.00B,29.44%,$1.00B,$3.54B,30.21%,$1.00B,$2.65B,41.49%,$1.00B,$3.96B,26.42%,$1.15B,$3.54B,34.66%,$775,$385,$390,$80,$44,$517,$258,$-3,$255,$47,$208,$208,$208,$320,$258,$190,193,$1.09,$1.08,$1178,$334,$77,$2127,$838,$0,$894,$43,$1831,$3958,$325,$0,$90,$90,$415,$48,$1934,$-9,$3543,$3958,$563,$122,$10,$132,$-1,$-66,$-111,$-18,$-196,$500,$-117,$0,$0,$0,$0,$0,$0,$-117,$0,$0,$0,$-191,$-191,$-99,$42,$-249,$134,$40,$-99
11,2015-12-31,73.93,$18.18,4.07,$17.33,4.27,$8.59,8.6,$4.91,15.06,$2.12B,$0.37B,5.75,$0.00B,$3.48B,0.0,$3.38B,$1.65B,48.91%,$3.38B,$1.11B,32.78%,$3.38B,$1.11B,32.78%,$3.38B,$1.32B,38.99%,$3.38B,$1.19B,35.33%,$3.38B,$0.96B,28.34%,$0.96B,$3.48B,30.54%,$0.96B,$2.59B,42.89%,$0.96B,$3.93B,26.46%,$1.11B,$3.48B,35.32%,$927,$455,$472,$82,$52,$596,$331,$88,$418,$63,$355,$355,$355,$390,$331,$190,195,$1.87,$1.82,$1233,$276,$78,$2115,$848,$0,$893,$20,$1816,$3931,$368,$0,$80,$80,$448,$48,$1775,$-8,$3483,$3931,$355,$60,$-9,$51,$3,$-19,$-96,$52,$-61,$345,$-80,$0,$0,$0,$0,$0,$0,$-80,$0,$0,$0,$-63,$-63,$-50,$37,$-76,$190,$23,$-50
12,2015-09-30,80.62,$16.60,4.86,$16.72,4.82,$8.75,9.21,$4.10,19.66,$1.92B,$0.46B,4.13,$0.00B,$3.16B,0.0,$3.26B,$1.55B,47.68%,$3.26B,$1.02B,31.42%,$3.26B,$1.02B,31.42%,$3.26B,$1.22B,37.40%,$3.26B,$1.02B,31.42%,$3.26B,$0.80B,24.49%,$0.80B,$3.16B,27.11%,$0.80B,$2.26B,39.22%,$0.80B,$3.72B,23.23%,$1.02B,$3.16B,34.79%,$881,$445,$436,$82,$47,$583,$298,$-1,$296,$67,$229,$229,$229,$352,$298,$190,195,$1.21,$1.18,$1044,$268,$65,$1915,$826,$0,$902,$20,$1805,$3719,$464,$0,$96,$96,$560,$48,$1469,$-8,$3159,$3719,$798,$196,$60,$256,$-222,$4,$91,$67,$-61,$993,$-430,$0,$-25,$0,$0,$0,$0,$-455,$0,$0,$0,$-235,$-235,$-123,$57,$-300,$238,$100,$-123
13,2015-06-30,99.54,$15.93,6.25,$15.93,6.25,$8.79,11.32,$3.82,26.06,$1.82B,$0.32B,5.7,$0.00B,$3.04B,0.0,$3.10B,$1.44B,46.58%,$3.10B,$0.92B,29.84%,$3.10B,$0.92B,29.84%,$3.10B,$1.10B,35.63%,$3.10B,$0.93B,29.91%,$3.10B,$0.74B,24.03%,$0.74B,$3.04B,26.70%,$0.74B,$2.13B,39.75%,$0.74B,$3.52B,22.90%,$0.92B,$3.04B,33.03%,$810,$417,$393,$77,$49,$551,$259,$1,$259,$52,$207,$207,$207,$309,$259,$190,195,$1.09,$1.06,$1106,$273,$58,$1818,$722,$0,$908,$15,$1700,$3518,$319,$0,$157,$157,$476,$48,$1290,$-8,$3042,$3518,$569,$142,$33,$175,$-64,$-1,$27,$54,$16,$760,$-279,$0,$-24,$0,$0,$0,$0,$-304,$0,$0,$0,$-133,$-133,$-74,$50,$-156,$300,$74,$-74
14,2015-03-31,93.86,$14.99,6.26,$14.82,6.33,$8.64,10.86,$3.34,28.1,$1.68B,$0.30B,5.62,$0.00B,$2.86B,0.0,$2.87B,$1.31B,45.70%,$2.87B,$0.81B,28.33%,$2.87B,$0.81B,28.33%,$2.87B,$0.97B,33.83%,$2.87B,$0.82B,28.40%,$2.87B,$0.65B,22.55%,$0.65B,$2.86B,24.70%,$0.65B,$1.95B,37.59%,$0.65B,$3.31B,21.30%,$0.81B,$2.86B,30.90%,$762,$410,$352,$76,$47,$542,$220,$1,$221,$54,$167,$167,$167,$267,$220,$190,195,$0.88,$0.85,$1054,$276,$71,$1679,$656,$0,$909,$15,$1634,$3313,$299,$0,$151,$151,$450,$48,$1107,$-8,$2864,$3313,$362,$91,$16,$107,$41,$-5,$30,$3,$69,$538,$-171,$0,$-18,$0,$0,$0,$0,$-189,$0,$0,$0,$-92,$-92,$-49,$41,$-101,$248,$48,$-49
15,2014-12-31,69.32,$14.20,4.88,$13.42,5.17,$8.40,8.25,$2.89,23.99,$1.59B,$0.33B,4.78,$0.00B,$2.71B,0.0,$2.59B,$1.17B,45.25%,$2.59B,$0.70B,26.89%,$2.59B,$0.70B,26.89%,$2.59B,$0.84B,32.25%,$2.59B,$0.70B,26.93%,$2.59B,$0.56B,21.53%,$0.56B,$2.71B,22.50%,$0.56B,$1.79B,34.98%,$0.56B,$3.19B,19.60%,$0.70B,$2.71B,27.98%,$806,$433,$373,$69,$48,$559,$247,$1,$248,$52,$195,$195,$195,$291,$247,$189,194,$1.03,$1.01,$1050,$274,$24,$1590,$610,$0,$918,$15,$1601,$3191,$333,$0,$148,$148,$481,$48,$965,$-9,$2710,$3191,$195,$44,$-13,$31,$75,$-3,$10,$74,$157,$383,$-87,$0,$0,$0,$0,$0,$0,$-87,$0,$0,$0,$-57,$-57,$-25,$29,$-52,$244,$22,$-25
16,2014-09-30,55.23,$13.38,4.13,$11.91,4.64,$7.62,7.25,$2.37,23.3,$1.43B,$0.30B,4.8,$0.04B,$2.53B,0.02,$2.29B,$1.02B,44.61%,$2.29B,$0.57B,24.71%,$2.29B,$0.57B,24.71%,$2.29B,$0.69B,30.03%,$2.29B,$0.57B,24.71%,$2.29B,$0.46B,19.99%,$0.46B,$2.53B,19.44%,$0.46B,$1.61B,30.84%,$0.46B,$2.97B,17.23%,$0.57B,$2.57B,23.79%,$718,$394,$324,$68,$50,$520,$198,$0,$198,$23,$175,$175,$175,$236,$198,$187,193,$0.93,$0.91,$806,$271,$35,$1429,$556,$0,$926,$12,$1545,$2974,$298,$42,$102,$144,$441,$47,$795,$-5,$2532,$2974,$458,$123,$67,$189,$-12,$-6,$74,$70,$125,$772,$-209,$0,$-149,$0,$0,$0,$0,$-357,$0,$0,$0,$-120,$-120,$-41,$41,$-121,$295,$86,$-41
17,2014-06-30,44.58,$12.63,3.53,$10.66,4.18,$6.65,6.71,$1.91,23.34,$1.39B,$0.24B,5.91,$0.00B,$2.39B,0.0,$2.05B,$0.91B,44.24%,$2.05B,$0.47B,23.07%,$2.05B,$0.47B,23.12%,$2.05B,$0.58B,28.44%,$2.05B,$0.47B,23.12%,$2.05B,$0.37B,17.90%,$0.37B,$2.39B,16.32%,$0.37B,$1.54B,26.36%,$0.37B,$2.69B,14.69%,$0.47B,$2.39B,20.92%,$587,$323,$264,$64,$46,$439,$149,$0,$149,$37,$111,$111,$111,$178,$149,$188,193,$0.59,$0.58,$893,$199,$44,$1387,$387,$0,$847,$12,$1302,$2689,$235,$0,$65,$65,$300,$47,$641,$-1,$2389,$2689,$283,$85,$36,$121,$41,$31,$38,$58,$168,$572,$-126,$0,$0,$0,$0,$0,$0,$-126,$0,$0,$0,$-82,$-82,$-21,$38,$-64,$382,$62,$-21
18,2014-03-31,35.53,$12.10,2.94,$9.91,3.59,$5.68,6.25,$1.67,21.27,$1.27B,$0.18B,6.94,$0.00B,$2.29B,0.0,$1.90B,$0.83B,43.76%,$1.90B,$0.41B,21.48%,$1.90B,$0.41B,21.54%,$1.90B,$0.52B,27.12%,$1.90B,$0.41B,21.59%,$1.90B,$0.32B,16.96%,$0.32B,$2.29B,14.97%,$0.32B,$1.44B,24.98%,$0.32B,$2.54B,13.53%,$0.41B,$2.29B,18.86%,$481,$269,$212,$62,$42,$378,$103,$-0,$103,$26,$77,$77,$77,$131,$103,$187,192,$0.41,$0.40,$798,$217,$38,$1269,$344,$0,$853,$12,$1266,$2535,$183,$0,$60,$60,$243,$47,$550,$-1,$2291,$2535,$171,$55,$24,$79,$76,$13,$-1,$34,$122,$373,$-58,$0,$0,$0,$0,$0,$0,$-58,$0,$0,$0,$-52,$-52,$0,$24,$-28,$287,$40,$0
19,2013-12-31,27.04,$11.72,2.31,$9.61,2.82,$5.21,5.19,$1.59,17.01,$1.18B,$0.17B,7.12,$0.05B,$2.21B,0.02,$1.84B,$0.80B,43.19%,$1.84B,$0.37B,20.29%,$1.84B,$0.38B,20.35%,$1.84B,$0.48B,25.94%,$1.84B,$0.37B,20.29%,$1.84B,$0.31B,16.66%,$0.31B,$2.21B,14.77%,$0.31B,$1.35B,25.38%,$0.31B,$2.44B,13.34%,$0.37B,$2.26B,17.89%,$505,$283,$222,$58,$41,$389,$116,$0,$116,$22,$95,$95,$95,$143,$116,$186,191,$0.51,$0.49,$649,$225,$40,$1180,$324,$0,$859,$13,$1255,$2435,$166,$51,$7,$57,$223,$47,$473,$-1,$2212,$2435,$95,$27,$5,$33,$26,$5,$-19,$20,$32,$159,$-16,$0,$0,$0,$0,$0,$0,$-16,$0,$0,$0,$-17,$-17,$0,$12,$-5,$138,$19,$0
20,2013-09-30,23.52,$11.18,2.1,$9.30,2.53,$5.09,4.62,$1.44,16.33,$1.07B,$0.18B,5.97,$0.00B,$2.10B,0.0,$1.79B,$0.77B,42.80%,$1.79B,$0.35B,19.25%,$1.79B,$0.35B,19.31%,$1.79B,$0.45B,25.00%,$1.79B,$0.35B,19.25%,$1.79B,$0.28B,15.57%,$0.28B,$2.10B,13.87%,$0.28B,$1.24B,24.57%,$0.28B,$2.33B,12.51%,$0.35B,$2.10B,17.15%,$477,$268,$209,$55,$42,$372,$106,$0,$106,$22,$84,$84,$84,$131,$106,$188,192,$0.45,$0.45,$511,$230,$40,$1073,$329,$0,$865,$12,$1260,$2333,$180,$0,$6,$52,$232,$47,$379,$-1,$2101,$2333,$278,$103,$92,$195,$5,$3,$-14,$32,$26,$500,$-124,$0,$0,$1,$0,$1,$0,$-123,$0,$0,$0,$-182,$-182,$0,$10,$-173,$204,$72,$0
21,2013-06-30,20.73,$10.66,1.95,$9.02,2.3,$4.13,5.01,$1.31,15.82,$0.96B,$0.16B,6.04,$0.00B,$2.00B,0.0,$1.74B,$0.74B,42.40%,$1.74B,$0.32B,18.15%,$1.74B,$0.32B,18.15%,$1.74B,$0.42B,24.08%,$1.74B,$0.31B,18.09%,$1.74B,$0.26B,14.80%,$0.26B,$2.00B,13.10%,$0.26B,$1.13B,23.81%,$0.26B,$2.22B,11.78%,$0.32B,$2.00B,16.05%,$436,$248,$188,$57,$40,$352,$84,$0,$85,$19,$66,$66,$66,$110,$84,$187,191,$0.35,$0.34,$400,$232,$43,$960,$309,$0,$872,$13,$1258,$2218,$159,$0,$59,$59,$218,$47,$295,$-2,$2000,$2218,$194,$78,$60,$138,$14,$1,$-25,$21,$10,$342,$-85,$0,$0,$1,$0,$1,$0,$-85,$0,$0,$0,$-169,$-169,$0,$4,$-164,$93,$54,$0
22,2013-03-31,20.86,$10.47,1.99,$8.76,2.38,$3.68,5.66,$1.23,16.96,$0.96B,$0.16B,5.93,$0.00B,$2.00B,0.0,$1.69B,$0.71B,42.21%,$1.69B,$0.29B,17.35%,$1.69B,$0.29B,17.35%,$1.69B,$0.40B,23.45%,$1.69B,$0.29B,17.23%,$1.69B,$0.24B,14.21%,$0.24B,$2.00B,12.55%,$0.24B,$1.12B,23.51%,$0.24B,$2.22B,11.17%,$0.29B,$2.00B,15.32%,$425,$249,$177,$56,$40,$357,$69,$-1,$67,$6,$62,$62,$62,$94,$69,$189,193,$0.33,$0.32,$459,$227,$44,$964,$294,$0,$879,$13,$1253,$2217,$163,$0,$54,$54,$217,$48,$229,$-2,$2000,$2217,$128,$52,$38,$90,$63,$6,$-29,$19,$59,$278,$-52,$0,$0,$1,$0,$1,$0,$-51,$0,$0,$0,$-81,$-81,$0,$6,$-75,$152,$36,$0
23,2012-12-31,19.22,$10.13,1.9,$8.46,2.27,$3.36,5.72,$1.09,17.63,$0.90B,$0.16B,5.78,$0.00B,$1.94B,0.0,$1.63B,$0.69B,42.23%,$1.63B,$0.27B,16.45%,$1.63B,$0.27B,16.45%,$1.63B,$0.37B,22.90%,$1.63B,$0.27B,16.39%,$1.63B,$0.21B,13.01%,$0.21B,$1.94B,11.50%,$0.21B,$1.06B,22.50%,$0.21B,$2.15B,10.11%,$0.27B,$1.94B,14.54%,$454,$261,$193,$58,$38,$367,$87,$0,$87,$20,$67,$67,$67,$113,$87,$189,194,$0.35,$0.34,$378,$230,$40,$900,$287,$0,$886,$14,$1252,$2151,$156,$0,$51,$51,$207,$48,$167,$-2,$1944,$2151,$67,$27,$17,$44,$45,$4,$-29,$17,$37,$148,$-26,$0,$0,$1,$0,$1,$0,$-26,$0,$0,$0,$-54,$-54,$0,$3,$-51,$71,$18,$0
24,2012-09-30,22.31,$9.91,2.25,$8.20,2.72,$3.11,7.18,$1.05,21.25,$0.88B,$0.18B,4.84,$0.00B,$1.91B,0.0,$1.57B,$0.67B,42.51%,$1.57B,$0.26B,16.32%,$1.57B,$0.26B,16.32%,$1.57B,$0.36B,22.88%,$1.57B,$0.26B,16.25%,$1.57B,$0.20B,12.87%,$0.20B,$1.91B,11.39%,$0.20B,$1.01B,22.26%,$0.20B,$2.14B,9.92%,$0.26B,$1.91B,14.44%,$421,$244,$178,$56,$38,$346,$75,$-0,$75,$13,$62,$62,$62,$101,$75,$186,192,$0.34,$0.31,$307,$233,$46,$883,$279,$0,$895,$14,$1253,$2137,$183,$0,$48,$48,$231,$48,$101,$-2,$1906,$2137,$202,$103,$90,$192,$-109,$-19,$15,$4,$-109,$285,$-94,$0,$-230,$21,$0,$21,$0,$-303,$-48,$0,$-48,$8,$8,$0,$-46,$-86,$-104,$72,$0
25,2012-06-30,25.87,$9.46,2.73,$8.12,3.19,$3.50,7.38,$1.08,23.95,$0.83B,$0.24B,3.46,$0.00B,$1.80B,0.0,$1.55B,$0.66B,42.84%,$1.55B,$0.26B,16.71%,$1.55B,$0.26B,16.71%,$1.55B,$0.36B,23.35%,$1.55B,$0.26B,16.65%,$1.55B,$0.20B,13.16%,$0.20B,$1.80B,12.01%,$0.20B,$0.89B,23.46%,$0.20B,$2.09B,10.33%,$0.26B,$1.80B,15.25%,$389,$224,$165,$56,$38,$327,$62,$0,$62,$13,$49,$49,$49,$88,$62,$186,193,$0.26,$0.26,$328,$210,$45,$829,$266,$0,$908,$14,$1260,$2090,$240,$0,$49,$49,$288,$48,$39,$-1,$1802,$2090,$141,$77,$51,$128,$-59,$4,$10,$11,$-34,$235,$-63,$0,$-230,$21,$0,$21,$0,$-272,$-48,$0,$-48,$-7,$-7,$0,$9,$-46,$-83,$54,$0
26,2012-03-31,26.18,$9.08,2.88,$7.96,3.29,$3.44,7.62,$1.09,24.02,$0.75B,$0.24B,3.1,$0.00B,$1.72B,0.0,$1.52B,$0.66B,43.18%,$1.52B,$0.27B,17.73%,$1.52B,$0.27B,17.73%,$1.52B,$0.37B,24.13%,$1.52B,$0.27B,17.67%,$1.52B,$0.21B,13.65%,$0.21B,$1.72B,12.69%,$0.21B,$0.81B,24.74%,$0.21B,$2.01B,10.87%,$0.27B,$1.72B,16.49%,$365,$212,$152,$53,$40,$321,$44,$-0,$43,$9,$34,$34,$34,$71,$44,$185,191,$0.18,$0.18,$307,$197,$37,$752,$252,$0,$914,$13,$1255,$2007,$243,$0,$44,$44,$287,$47,$-10,$-1,$1720,$2007,$91,$51,$40,$91,$-24,$17,$11,$7,$12,$194,$-32,$0,$-230,$21,$0,$21,$0,$-241,$-48,$0,$-48,$-14,$-14,$0,$5,$-57,$-103,$35,$0
27,2011-12-31,15.36,$8.85,1.73,$7.74,1.98,$3.07,5.01,$1.17,13.13,$0.86B,$0.21B,4.03,$0.00B,$1.66B,0.0,$1.48B,$0.64B,43.60%,$1.48B,$0.29B,19.84%,$1.48B,$0.29B,19.84%,$1.48B,$0.38B,25.66%,$1.48B,$0.29B,19.77%,$1.48B,$0.22B,15.10%,$0.22B,$1.66B,14.20%,$0.22B,$0.92B,25.36%,$0.22B,$1.92B,12.24%,$0.29B,$1.66B,18.66%,$394,$222,$172,$47,$43,$319,$75,$-0,$75,$18,$57,$57,$57,$99,$75,$184,190,$0.31,$0.30,$446,$178,$33,$856,$240,$0,$744,$13,$1058,$1915,$213,$0,$38,$38,$251,$47,$-44,$-1,$1664,$1915,$57,$24,$13,$37,$-22,$20,$-19,$5,$-16,$77,$-6,$0,$0,$0,$0,$0,$0,$-6,$-15,$0,$-15,$-26,$-26,$0,$5,$-35,$36,$16,$0
28,2011-09-30,17.01,$8.63,1.97,$7.44,2.28,$2.86,5.94,$1.19,14.29,$0.82B,$0.25B,3.3,$0.00B,$1.61B,0.0,$1.42B,$0.62B,43.79%,$1.42B,$0.30B,20.80%,$1.42B,$0.30B,20.80%,$1.42B,$0.37B,26.30%,$1.42B,$0.29B,20.73%,$1.42B,$0.23B,16.01%,$0.23B,$1.61B,15.06%,$0.23B,$0.86B,25.87%,$0.23B,$1.89B,12.99%,$0.30B,$1.61B,19.49%,$402,$228,$175,$47,$40,$325,$78,$0,$78,$14,$64,$64,$64,$104,$78,$183,191,$0.35,$0.34,$411,$198,$29,$816,$251,$0,$750,$12,$1074,$1890,$247,$0,$34,$34,$281,$47,$-101,$-1,$1609,$1890,$227,$78,$72,$150,$13,$-50,$-14,$40,$-11,$366,$-101,$0,$-249,$0,$0,$0,$0,$-350,$0,$-50,$-50,$-27,$-27,$0,$13,$-65,$-49,$58,$0
29,2011-06-30,21.76,$8.23,2.64,$7.05,3.09,$2.20,9.87,$1.10,19.78,$0.71B,$0.24B,2.91,$0.00B,$1.53B,0.0,$1.33B,$0.58B,43.79%,$1.33B,$0.28B,21.22%,$1.33B,$0.28B,21.22%,$1.33B,$0.35B,26.26%,$1.33B,$0.28B,21.14%,$1.33B,$0.21B,15.80%,$0.21B,$1.53B,14.64%,$0.21B,$0.76B,24.21%,$0.21B,$1.81B,12.61%,$0.28B,$1.53B,19.50%,$356,$200,$156,$43,$35,$284,$72,$-0,$72,$20,$52,$52,$52,$92,$72,$184,191,$0.28,$0.27,$310,$189,$27,$712,$253,$0,$769,$10,$1093,$1806,$244,$0,$29,$29,$273,$47,$-165,$-1,$1532,$1806,$162,$51,$46,$97,$5,$-41,$-13,$32,$-17,$243,$-85,$0,$-250,$0,$0,$0,$0,$-335,$0,$-50,$-50,$-19,$-19,$0,$17,$-51,$-144,$43,$0
30,2011-03-31,30.68,$7.94,3.86,$6.68,4.59,$1.87,16.41,$1.02,30.08,$0.87B,$0.18B,4.95,$0.00B,$1.48B,0.0,$1.25B,$0.54B,43.59%,$1.25B,$0.26B,21.07%,$1.25B,$0.26B,21.07%,$1.25B,$0.32B,25.96%,$1.25B,$0.26B,20.99%,$1.25B,$0.19B,15.46%,$0.19B,$1.48B,14.23%,$0.19B,$0.98B,22.53%,$0.19B,$1.68B,12.24%,$0.26B,$1.48B,19.13%,$325,$184,$141,$40,$31,$257,$68,$-1,$67,$18,$50,$50,$50,$84,$68,$183,192,$0.27,$0.26,$504,$151,$33,$872,$242,$0,$499,$10,$806,$1679,$176,$0,$26,$26,$202,$46,$-217,$-1,$1476,$1679,$111,$32,$29,$61,$-8,$-25,$-0,$19,$-15,$157,$-65,$0,$-4,$0,$0,$0,$0,$-70,$0,$-50,$-50,$-3,$-3,$0,$16,$-37,$51,$28,$0
31,2010-12-31,27.11,$7.63,3.55,$6.29,4.31,$1.82,14.87,$0.91,29.79,$0.82B,$0.16B,5.23,$0.03B,$1.41B,0.02,$1.16B,$0.50B,43.32%,$1.16B,$0.23B,20.07%,$1.16B,$0.23B,20.07%,$1.16B,$0.29B,25.15%,$1.16B,$0.23B,19.98%,$1.16B,$0.17B,14.73%,$0.17B,$1.41B,13.33%,$0.17B,$0.91B,21.83%,$0.17B,$1.61B,11.35%,$0.23B,$1.44B,17.76%,$335,$187,$149,$39,$31,$258,$77,$-1,$77,$16,$61,$61,$61,$93,$77,$181,189,$0.34,$0.32,$451,$142,$27,$821,$224,$0,$501,$11,$793,$1614,$157,$25,$21,$46,$203,$46,$-267,$-1,$1411,$1614,$61,$16,$20,$36,$-26,$-17,$9,$2,$-32,$65,$-33,$0,$-4,$0,$0,$0,$0,$-37,$0,$-50,$-50,$6,$6,$0,$13,$-31,$-3,$13,$0
32,2010-09-30,19.57,$7.30,2.68,$5.88,3.33,$1.87,10.48,$0.75,26.1,$0.79B,$0.20B,3.87,$0.03B,$1.32B,0.02,$1.07B,$0.46B,42.67%,$1.07B,$0.20B,18.58%,$1.07B,$0.20B,18.58%,$1.07B,$0.26B,23.81%,$1.07B,$0.20B,18.30%,$1.07B,$0.14B,12.89%,$0.14B,$1.32B,11.34%,$0.14B,$0.82B,19.24%,$0.14B,$1.56B,9.51%,$0.20B,$1.34B,15.92%,$313,$177,$136,$35,$34,$248,$65,$-1,$65,$18,$47,$47,$47,$80,$65,$175,183,$0.26,$0.25,$459,$125,$30,$790,$204,$0,$498,$11,$774,$1564,$204,$25,$18,$43,$247,$45,$-328,$-1,$1317,$1564,$137,$55,$85,$140,$-60,$-39,$43,$1,$-55,$223,$-89,$0,$-6,$0,$0,$0,$0,$-95,$0,$-81,$-81,$36,$36,$0,$6,$-39,$89,$41,$0
33,2010-06-30,15.9,$6.87,2.31,$5.51,2.89,$2.19,7.25,$0.82,19.39,$0.68B,$0.19B,3.58,$0.02B,$1.22B,0.02,$0.99B,$0.41B,41.99%,$0.99B,$0.17B,16.94%,$0.99B,$0.17B,16.94%,$0.99B,$0.22B,22.52%,$0.99B,$0.16B,16.43%,$0.99B,$0.15B,15.11%,$0.15B,$1.22B,12.79%,$0.15B,$0.72B,22.41%,$0.15B,$1.45B,10.65%,$0.17B,$1.25B,13.89%,$275,$157,$118,$35,$29,$222,$53,$-1,$53,$18,$35,$35,$35,$67,$53,$175,184,$0.20,$0.19,$390,$118,$21,$684,$187,$0,$499,$12,$765,$1448,$191,$24,$12,$36,$228,$44,$-375,$-1,$1221,$1448,$90,$41,$58,$99,$-40,$-32,$33,$-1,$-40,$150,$-60,$0,$-6,$0,$0,$0,$0,$-66,$-51,$0,$-51,$-13,$-13,$0,$-0,$-64,$20,$26,$0
34,2010-03-31,14.77,$6.70,2.21,$5.14,2.87,$2.41,6.14,$0.75,19.7,$0.64B,$0.17B,3.78,$0.04B,$1.18B,0.04,$0.90B,$0.37B,41.35%,$0.90B,$0.14B,15.08%,$0.90B,$0.14B,15.08%,$0.90B,$0.19B,21.18%,$0.90B,$0.13B,14.19%,$0.90B,$0.13B,14.75%,$0.13B,$1.18B,11.94%,$0.13B,$0.68B,21.79%,$0.13B,$1.40B,9.84%,$0.14B,$1.23B,11.76%,$238,$138,$100,$32,$28,$200,$38,$-1,$37,$9,$28,$28,$28,$52,$38,$174,183,$0.16,$0.15,$412,$104,$20,$644,$174,$0,$500,$8,$759,$1403,$170,$43,$8,$50,$220,$44,$-409,$-1,$1183,$1403,$56,$27,$35,$62,$7,$-18,$7,$-1,$-5,$113,$-34,$0,$-1,$0,$0,$0,$0,$-35,$-32,$0,$-32,$-4,$-4,$0,$-0,$-37,$41,$17,$0
35,2009-12-31,13.44,$6.55,2.05,$4.88,2.75,$2.46,5.46,$0.57,23.57,$0.64B,$0.20B,3.23,$0.04B,$1.15B,0.04,$0.84B,$0.34B,40.38%,$0.84B,$0.09B,11.23%,$0.84B,$0.09B,11.23%,$0.84B,$0.15B,17.80%,$0.84B,$0.09B,10.16%,$0.84B,$0.10B,11.83%,$0.10B,$1.15B,9.32%,$0.10B,$0.65B,17.71%,$0.10B,$1.39B,7.59%,$0.09B,$1.19B,8.49%,$245,$143,$103,$32,$27,$203,$43,$-2,$41,$13,$28,$28,$28,$56,$43,$173,179,$0.16,$0.16,$402,$98,$16,$636,$166,$0,$500,$10,$757,$1392,$197,$42,$7,$49,$246,$44,$-437,$-1,$1147,$1392,$28,$13,$17,$31,$-4,$-12,$8,$3,$-6,$53,$-15,$0,$-1,$0,$0,$0,$0,$-16,$-5,$0,$-5,$-0,$-0,$0,$-0,$-5,$32,$8,$0
36,2009-09-30,12.54,$6.42,1.95,$4.79,2.62,$2.64,4.75,$0.54,23.22,$0.59B,$0.20B,3.01,$0.04B,$1.11B,0.04,$0.80B,$0.32B,39.78%,$0.80B,$0.07B,8.98%,$0.80B,$0.07B,8.98%,$0.80B,$0.13B,15.96%,$0.80B,$0.07B,8.60%,$0.80B,$0.10B,11.85%,$0.10B,$1.11B,9.32%,$0.10B,$0.61B,18.45%,$0.10B,$1.35B,7.54%,$0.07B,$1.15B,6.68%,$228,$136,$93,$31,$26,$195,$33,$-2,$31,$-27,$58,$58,$58,$47,$33,$167,170,$0.35,$0.34,$370,$86,$19,$590,$162,$0,$501,$10,$762,$1353,$196,$41,$6,$48,$244,$43,$-465,$-1,$1109,$1353,$95,$56,$19,$75,$30,$16,$9,$-6,$48,$219,$-39,$0,$-10,$0,$0,$0,$0,$-50,$-51,$0,$-51,$36,$36,$0,$-15,$-30,$139,$23,$0
37,2009-06-30,9.27,$6.01,1.54,$4.85,1.91,$2.30,4.04,$0.55,16.85,$0.53B,$0.19B,2.74,$0.05B,$1.02B,0.05,$0.81B,$0.32B,39.65%,$0.81B,$0.07B,8.30%,$0.81B,$0.07B,8.30%,$0.81B,$0.13B,16.23%,$0.81B,$0.06B,7.19%,$0.81B,$0.09B,11.40%,$0.09B,$1.02B,9.41%,$0.09B,$0.50B,19.44%,$0.09B,$1.26B,7.48%,$0.07B,$1.06B,6.32%,$191,$114,$77,$30,$24,$170,$22,$-2,$19,$1,$19,$19,$19,$36,$22,$167,170,$0.11,$0.11,$308,$89,$16,$526,$158,$0,$511,$10,$733,$1259,$192,$47,$5,$53,$244,$42,$-456,$-1,$1015,$1259,$37,$42,$34,$76,$34,$13,$-10,$-5,$31,$143,$-24,$0,$-9,$0,$0,$0,$0,$-33,$-34,$0,$-34,$1,$1,$0,$0,$-33,$77,$16,$0
38,2009-03-31,7.63,$5.86,1.3,$5.03,1.52,$2.02,3.78,$0.55,13.88,$0.49B,$0.18B,2.66,$0.05B,$0.98B,0.05,$0.83B,$0.33B,39.59%,$0.83B,$0.07B,8.18%,$0.83B,$0.07B,8.18%,$0.83B,$0.13B,15.76%,$0.83B,$0.06B,7.34%,$0.83B,$0.09B,11.19%,$0.09B,$0.98B,9.85%,$0.09B,$0.48B,21.18%,$0.09B,$1.21B,7.59%,$0.07B,$1.03B,6.39%,$173,$108,$65,$29,$23,$177,$-4,$-2,$-6,$0,$-6,$-6,$-6,$10,$-4,$166,166,$-0.03,$-0.03,$268,$92,$15,$487,$164,$0,$502,$10,$728,$1214,$183,$47,$5,$52,$235,$42,$-476,$-1,$979,$1214,$18,$28,$27,$55,$34,$8,$-10,$-5,$27,$100,$-19,$0,$-1,$0,$0,$0,$0,$-20,$-34,$0,$-34,$-9,$-9,$0,$0,$-43,$37,$11,$0
39,2008-12-31,5.25,$5.88,0.89,$5.23,1.0,$1.89,2.77,$0.68,7.71,$0.47B,$0.14B,3.47,$0.10B,$0.97B,0.1,$0.86B,$0.34B,40.00%,$0.86B,$0.09B,10.58%,$0.86B,$0.09B,10.58%,$0.86B,$0.15B,17.79%,$0.86B,$0.09B,10.00%,$0.86B,$0.12B,13.49%,$0.12B,$0.97B,12.77%,$0.12B,$0.47B,28.96%,$0.12B,$1.21B,9.48%,$0.09B,$1.07B,8.53%,$210,$126,$84,$35,$27,$189,$21,$4,$25,$1,$24,$24,$24,$35,$21,$165,165,$0.14,$0.14,$250,$99,$12,$469,$175,$0,$503,$10,$742,$1212,$135,$97,$5,$102,$237,$41,$-471,$-1,$974,$1212,$24,$14,$8,$22,$38,$5,$-6,$-5,$32,$78,$-13,$0,$-1,$0,$0,$0,$0,$-14,$-34,$0,$-34,$-11,$-11,$0,$0,$-45,$19,$7,$0
40,2008-09-30,7.92,$5.70,1.39,$5.25,1.51,$1.72,4.61,$0.67,11.82,$0.50B,$0.15B,3.33,$0.14B,$0.94B,0.15,$0.86B,$0.34B,39.72%,$0.86B,$0.09B,10.57%,$0.86B,$0.09B,10.57%,$0.86B,$0.15B,17.65%,$0.86B,$0.08B,9.52%,$0.86B,$0.11B,12.89%,$0.11B,$0.94B,12.80%,$0.11B,$0.44B,31.18%,$0.11B,$1.24B,9.13%,$0.09B,$1.08B,8.65%,$233,$139,$94,$39,$25,$205,$28,$-8,$20,$-34,$55,$55,$55,$50,$28,$162,165,$0.34,$0.33,$231,$104,$13,$495,$173,$0,$503,$11,$741,$1236,$149,$138,$6,$143,$292,$41,$-493,$-1,$944,$1236,$111,$62,$4,$67,$21,$-16,$2,$-2,$5,$183,$-65,$0,$-33,$3,$0,$3,$0,$-95,$-106,$0,$-106,$16,$16,$0,$-14,$-104,$-16,$23,$0
41,2008-06-30,9.35,$5.33,1.75,$5.02,1.86,$1.27,7.38,$0.48,19.47,$0.53B,$0.16B,3.38,$0.20B,$0.88B,0.23,$0.82B,$0.32B,39.49%,$0.82B,$0.08B,9.90%,$0.82B,$0.08B,9.90%,$0.82B,$0.13B,16.14%,$0.82B,$0.08B,9.90%,$0.82B,$0.08B,9.54%,$0.08B,$0.88B,9.42%,$0.08B,$0.37B,24.47%,$0.08B,$1.24B,6.48%,$0.08B,$1.08B,7.88%,$215,$129,$86,$37,$26,$192,$23,$-1,$22,$2,$20,$20,$20,$36,$23,$162,165,$0.13,$0.12,$254,$96,$10,$530,$172,$0,$511,$14,$711,$1241,$157,$200,$6,$206,$363,$41,$-548,$-2,$878,$1241,$56,$40,$28,$68,$-2,$-8,$13,$-5,$-2,$122,$-52,$0,$-33,$3,$0,$3,$0,$-82,$0,$-49,$-49,$15,$15,$0,$1,$-34,$6,$17,$0
42,2008-03-31,6.89,$5.14,1.34,$4.81,1.43,$0.99,6.96,$0.43,16.03,$0.50B,$0.16B,3.03,$0.20B,$0.84B,0.24,$0.78B,$0.31B,39.33%,$0.78B,$0.07B,9.00%,$0.78B,$0.07B,9.00%,$0.78B,$0.12B,15.30%,$0.78B,$0.07B,9.25%,$0.78B,$0.07B,8.87%,$0.07B,$0.84B,8.65%,$0.07B,$0.32B,23.83%,$0.07B,$1.21B,5.82%,$0.07B,$1.04B,7.02%,$202,$121,$80,$37,$23,$183,$19,$0,$19,$2,$17,$17,$17,$32,$19,$161,163,$0.10,$0.10,$228,$94,$9,$496,$169,$0,$514,$14,$712,$1208,$164,$200,$7,$207,$371,$41,$-568,$-2,$837,$1208,$36,$27,$18,$45,$2,$-7,$20,$-1,$15,$96,$-37,$0,$-33,$3,$0,$3,$0,$-68,$0,$-49,$-49,$1,$1,$0,$0,$-48,$-19,$11,$0
43,2007-12-31,8.05,$5.01,1.61,$4.68,1.72,$0.78,10.31,$0.41,19.63,$0.47B,$0.16B,2.95,$0.20B,$0.81B,0.25,$0.76B,$0.30B,39.02%,$0.76B,$0.06B,8.47%,$0.76B,$0.06B,8.47%,$0.76B,$0.11B,14.68%,$0.76B,$0.07B,8.60%,$0.76B,$0.06B,8.47%,$0.06B,$0.81B,8.29%,$0.06B,$0.29B,24.04%,$0.06B,$1.18B,5.48%,$0.06B,$1.01B,6.58%,$211,$128,$82,$34,$25,$190,$21,$-0,$21,$2,$19,$19,$19,$34,$21,$160,163,$0.12,$0.12,$207,$86,$9,$469,$162,$0,$518,$13,$708,$1178,$159,$200,$7,$207,$367,$41,$-585,$-1,$811,$1178,$19,$13,$7,$20,$1,$2,$13,$1,$16,$55,$-20,$0,$-33,$3,$0,$3,$0,$-50,$0,$-49,$-49,$1,$1,$0,$0,$-48,$-43,$5,$0
44,2007-09-30,8.56,$4.88,1.75,$4.59,1.86,$0.62,13.81,$0.36,23.78,$0.51B,$0.20B,2.61,$0.20B,$0.79B,0.25,$0.74B,$0.29B,38.87%,$0.74B,$0.06B,7.83%,$0.74B,$0.06B,7.83%,$0.74B,$0.10B,13.77%,$0.74B,$0.06B,7.83%,$0.74B,$0.06B,7.69%,$0.06B,$0.79B,7.54%,$0.06B,$0.29B,22.53%,$0.06B,$1.19B,4.97%,$0.06B,$0.99B,6.40%,$190,$116,$75,$34,$22,$172,$18,$0,$19,$-3,$22,$22,$22,$30,$18,$160,161,$0.14,$0.14,$254,$82,$11,$514,$154,$0,$494,$14,$676,$1190,$197,$200,$6,$206,$404,$40,$-604,$-0,$786,$1190,$58,$44,$23,$67,$-11,$-0,$-17,$-12,$-40,$85,$-43,$0,$0,$22,$0,$22,$0,$-20,$70,$0,$70,$-23,$-23,$0,$-6,$40,$105,$14,$0
45,2007-06-30,6.96,$4.72,1.48,$4.62,1.51,$0.26,26.73,$-0.38,0.0,$0.49B,$0.20B,2.43,$0.20B,$0.76B,0.27,$0.74B,$0.26B,34.68%,$0.74B,$-0.04B,-5.78%,$0.74B,$-0.04B,-5.78%,$0.74B,$0.00B,0.00%,$0.74B,$-0.05B,-6.18%,$0.74B,$-0.06B,-8.20%,$-0.06B,$0.76B,-8.22%,$-0.06B,$0.25B,-25.96%,$-0.06B,$1.17B,-5.44%,$-0.04B,$0.96B,-4.85%,$175,$106,$69,$31,$25,$163,$12,$0,$13,$1,$11,$11,$11,$23,$12,$159,160,$0.07,$0.07,$235,$84,$9,$491,$152,$0,$506,$15,$673,$1165,$202,$200,$7,$207,$409,$40,$-626,$-1,$755,$1165,$36,$32,$19,$51,$-7,$-2,$-15,$-7,$-32,$55,$-31,$0,$0,$-47,$0,$-47,$0,$-77,$70,$0,$70,$-25,$-25,$0,$-6,$39,$16,$10,$0
46,2007-03-31,5.44,$4.62,1.18,$4.75,1.15,$-0.09,0.0,$-0.43,0.0,$0.47B,$0.20B,2.37,$0.20B,$0.74B,0.27,$0.77B,$0.26B,34.20%,$0.77B,$-0.05B,-6.40%,$0.77B,$-0.05B,-6.40%,$0.77B,$-0.01B,-0.91%,$0.77B,$-0.06B,-7.18%,$0.77B,$-0.07B,-9.01%,$-0.07B,$0.74B,-9.10%,$-0.07B,$0.23B,-27.60%,$-0.07B,$1.14B,-6.15%,$-0.05B,$0.94B,-5.46%,$180,$112,$69,$31,$24,$167,$13,$-1,$12,$-0,$12,$12,$12,$24,$13,$161,162,$0.08,$0.08,$223,$76,$8,$468,$149,$0,$507,$16,$673,$1141,$197,$200,$7,$207,$404,$40,$-638,$-1,$737,$1141,$24,$21,$10,$31,$-2,$6,$-12,$-5,$-14,$42,$-18,$0,$0,$-36,$0,$-36,$0,$-53,$70,$-10,$60,$-26,$-26,$0,$-6,$28,$16,$6,$0
47,2006-12-31,6.7,$4.62,1.45,$4.80,1.4,$-0.26,0.0,$-0.50,0.0,$0.43B,$0.34B,1.26,$0.00B,$0.75B,0.0,$0.77B,$0.26B,33.98%,$0.77B,$-0.06B,-7.65%,$0.77B,$-0.06B,-7.65%,$0.77B,$-0.02B,-2.33%,$0.77B,$-0.07B,-8.56%,$0.77B,$-0.08B,-10.38%,$-0.08B,$0.75B,-10.31%,$-0.08B,$0.24B,-29.85%,$-0.08B,$1.09B,-7.10%,$-0.06B,$0.75B,-6.48%,$196,$121,$75,$30,$24,$181,$15,$-1,$14,$2,$12,$12,$12,$25,$15,$161,163,$0.07,$0.07,$183,$71,$8,$426,$147,$0,$507,$11,$666,$1092,$339,$0,$7,$7,$345,$41,$-650,$0,$747,$1092,$12,$10,$4,$14,$-4,$10,$-17,$0,$-11,$16,$-6,$0,$0,$-35,$0,$-35,$0,$-41,$0,$0,$0,$3,$3,$0,$0,$3,$-23,$2,$0
