,Date,Stock Price,Book Value per Share,Price to Book Ratio,TTM Sales per Share,Price to Sales Ratio,TTM FCF per Share,Price to FCF Ratio,TTM Net EPS,PE Ratio,Current Assets,Current Liabilities,Current Ratio,Long Term Debt,Shareholder's Equity_x,Debt to Equity Ratio,TTM Revenue_x,TTM Gross Profit,Gross Margin,TTM Revenue_y,TTM Operating Income,Operating Margin,TTM Revenue_x,TTM EBIT,EBIT Margin,TTM Revenue_y,TTM EBITDA,EBITDA Margin,TTM Revenue_x,TTM Pre-Tax Income,Pre-Tax Margin,TTM Revenue_y,TTM Net Income_x,Net Margin,TTM Net Income_y,Shareholder's Equity_y,Return on Equity,TTM Net Income_x,Tangible Equity,Return on Tangible Equity,TTM Net Income_y,Total Assets,Return on Assets,TTM Net Income,LT Investments & Debt,Return on Investment,revenue,cost-goods-sold,gross-profit,research-development-expenses,selling-general-administrative-expenses,operating-expenses,operating-income,total-non-operating-income-expense,pre-tax-income,total-provision-income-taxes,income-after-taxes,income-from-continuous-operations,net-income,ebitda,ebit,basic-shares-outstanding,shares-outstanding,eps-basic-net-earnings-per-share,eps-earnings-per-share-diluted,cash-on-hand,inventory,other-current-assets,total-current-assets,net-property-plant-equipment,long-term-investments,goodwill-intangible-assets-total,other-long-term-assets,total-long-term-assets,total-assets,total-current-liabilities,long-term-debt,other-non-current-liabilities,total-long-term-liabilities,total-liabilities,common-stock-net,retained-earnings-accumulated-deficit,comprehensive-income,total-share-holder-equity,total-liabilities-share-holders-equity,net-income-loss,total-depreciation-amortization-cash-flow,other-non-cash-items,total-non-cash-items,change-in-accounts-receivable,change-in-inventories,change-in-accounts-payable,change-in-assets-liabilities,total-change-in-assets-liabilities,cash-flow-from-operating-activities,net-change-in-property-plant-equipment,net-change-in-intangible-assets,net-acquisitions-divestitures,net-change-in-short-term-investments,net-change-in-long-term-investments,net-change-in-investments-total,investing-activities-other,cash-flow-from-investing-activities,net-long-term-debt,net-current-debt,debt-issuance-retirement-net-total,net-common-equity-issued-repurchased,net-total-equity-issued-repurchased,total-common-preferred-stock-dividends-paid,financial-activities-other,cash-flow-from-financial-activities,net-cash-flow,stock-based-compensation,common-stock-dividends-paid
0,2018-09-30,79.03,$39.37,2.01,$58.20,1.36,$-9.71,0.0,$4.32,18.29,$0.72B,$0.71B,1.01,$2.12B,$1.95B,1.09,$2.83B,$2.42B,85.46%,$2.83B,$0.34B,11.97%,$2.83B,$0.34B,11.97%,$2.83B,$0.59B,20.72%,$2.83B,$0.26B,9.18%,$2.83B,$0.21B,7.38%,$0.21B,$1.95B,11.05%,$0.21B,$1.77B,12.18%,$0.21B,$6.66B,3.25%,$0.34B,$4.07B,8.73%,$668,$50,$618,$0,$121,$628,$40,$-24,$16,$4,$12,$12,$12,$102,$40,$49,50,$0.25,$0.25,$69,$0,$35,$721,$4870,$467,$176,$0,$5933,$6655,$713,$2124,$1353,$3996,$4709,$51,$903,$-53,$1946,$6655,$112,$186,$34,$220,$-2,$0,$-49,$92,$75,$407,$-560,$0,$-4,$0,$0,$0,$15,$-549,$337,$-183,$154,$92,$92,$-75,$-4,$168,$26,$0,$-75
1,2018-06-30,75.77,$39.34,1.93,$57.08,1.33,$-9.77,0.0,$4.28,17.7,$0.70B,$0.66B,1.05,$2.04B,$1.93B,1.05,$2.76B,$2.35B,85.24%,$2.76B,$0.33B,12.11%,$2.76B,$0.33B,12.11%,$2.76B,$0.58B,20.99%,$2.76B,$0.26B,9.35%,$2.76B,$0.21B,7.51%,$0.21B,$1.93B,11.29%,$0.21B,$1.76B,12.44%,$0.21B,$6.48B,3.33%,$0.33B,$3.97B,8.97%,$671,$83,$587,$0,$120,$618,$53,$-26,$27,$5,$22,$22,$22,$115,$53,$49,49,$0.44,$0.44,$35,$0,$34,$696,$4717,$462,$174,$0,$5780,$6476,$664,$2038,$1332,$3880,$4544,$51,$916,$-56,$1933,$6476,$100,$124,$32,$156,$-13,$0,$-44,$21,$-9,$247,$-339,$0,$-4,$0,$0,$0,$11,$-332,$252,$-192,$60,$69,$69,$-49,$-4,$77,$-9,$0,$-49
2,2018-03-31,66.71,$38.82,1.72,$55.06,1.21,$-9.23,0.0,$4.21,15.85,$0.66B,$0.60B,1.1,$2.00B,$1.88B,1.07,$2.65B,$2.26B,85.19%,$2.65B,$0.33B,12.43%,$2.65B,$0.33B,12.43%,$2.65B,$0.57B,21.53%,$2.65B,$0.26B,9.75%,$2.65B,$0.20B,7.67%,$0.20B,$1.88B,11.41%,$0.20B,$1.70B,12.55%,$0.20B,$6.33B,3.37%,$0.33B,$3.88B,9.18%,$754,$186,$569,$0,$118,$625,$130,$-27,$103,$24,$78,$78,$79,$192,$130,$48,48,$1.63,$1.63,$65,$0,$47,$664,$4604,$443,$176,$0,$5664,$6328,$603,$1998,$1350,$3848,$4451,$50,$920,$-56,$1876,$6328,$78,$62,$23,$85,$9,$0,$-48,$7,$17,$181,$-155,$0,$-4,$0,$0,$0,$5,$-154,$203,$-192,$11,$11,$11,$-24,$-3,$-5,$21,$0,$-24
3,2017-12-31,78.81,$37.69,2.09,$53.17,1.48,$-8.80,0.0,$4.03,19.56,$0.66B,$0.82B,0.81,$1.80B,$1.81B,0.99,$2.55B,$2.19B,86.11%,$2.55B,$0.32B,12.68%,$2.55B,$0.32B,12.68%,$2.55B,$0.58B,22.57%,$2.55B,$0.26B,10.20%,$2.55B,$0.19B,7.57%,$0.19B,$1.81B,11.10%,$0.19B,$1.63B,12.17%,$0.19B,$6.24B,3.31%,$0.32B,$3.61B,9.41%,$740,$93,$647,$0,$127,$624,$116,$-2,$114,$18,$96,$96,$96,$178,$116,$48,48,$1.99,$2.01,$44,$0,$78,$657,$4524,$428,$179,$0,$5580,$6237,$816,$1799,$1333,$3609,$4425,$50,$857,$-48,$1812,$6237,$194,$251,$57,$308,$-41,$0,$20,$-111,$-132,$370,$-624,$0,$-94,$0,$0,$0,$17,$-701,$212,$215,$427,$41,$41,$-92,$-29,$346,$16,$0,$-92
4,2017-09-30,75.56,$35.90,2.1,$51.16,1.48,$-2.03,0.0,$3.40,22.22,$0.54B,$0.66B,0.82,$1.73B,$1.71B,1.01,$2.45B,$2.12B,86.33%,$2.45B,$0.33B,13.27%,$2.45B,$0.33B,13.27%,$2.45B,$0.59B,23.92%,$2.45B,$0.25B,10.08%,$2.45B,$0.16B,6.61%,$0.16B,$1.71B,9.53%,$0.16B,$1.57B,10.40%,$0.16B,$5.86B,2.86%,$0.33B,$3.45B,9.75%,$593,$46,$548,$0,$111,$558,$35,$-21,$14,$3,$10,$10,$10,$94,$35,$48,48,$0.21,$0.21,$59,$0,$34,$539,$4386,$369,$148,$0,$5316,$5855,$656,$1732,$859,$3485,$4142,$49,$785,$-43,$1713,$5855,$98,$189,$46,$235,$-15,$0,$-27,$-38,$-33,$299,$-450,$0,$0,$0,$0,$0,$7,$-443,$148,$111,$259,$12,$12,$-69,$-27,$174,$31,$0,$-69
5,2017-06-30,70.69,$36.03,1.96,$50.09,1.41,$2.65,26.71,$3.24,21.82,$0.48B,$0.49B,0.99,$1.69B,$1.71B,0.98,$2.40B,$2.07B,86.27%,$2.40B,$0.31B,12.77%,$2.40B,$0.31B,12.77%,$2.40B,$0.58B,24.07%,$2.40B,$0.23B,9.72%,$2.40B,$0.15B,6.42%,$0.15B,$1.71B,9.18%,$0.15B,$1.57B,10.03%,$0.15B,$5.67B,2.76%,$0.31B,$3.40B,9.34%,$560,$69,$491,$0,$113,$512,$48,$-21,$27,$9,$18,$18,$18,$106,$48,$48,48,$0.38,$0.37,$30,$0,$34,$484,$4258,$363,$144,$0,$5182,$5665,$490,$1686,$864,$3461,$3951,$49,$801,$-45,$1714,$5665,$87,$131,$45,$176,$4,$0,$-50,$-54,$-65,$198,$-262,$0,$0,$0,$0,$0,$5,$-257,$107,$3,$109,$-0,$-0,$-45,$-4,$60,$2,$0,$-45
6,2017-03-31,79.72,$36.03,2.21,$49.84,1.6,$7.17,11.12,$3.06,26.05,$0.45B,$0.50B,0.92,$1.56B,$1.71B,0.91,$2.39B,$2.05B,86.08%,$2.39B,$0.29B,11.99%,$2.39B,$0.29B,11.99%,$2.39B,$0.57B,23.98%,$2.39B,$0.22B,9.14%,$2.39B,$0.15B,6.08%,$0.15B,$1.71B,8.74%,$0.15B,$1.57B,9.55%,$0.15B,$5.55B,2.63%,$0.29B,$3.28B,8.96%,$655,$147,$508,$0,$119,$530,$124,$-20,$105,$36,$69,$69,$69,$197,$124,$48,48,$1.46,$1.45,$43,$0,$46,$454,$4178,$351,$141,$0,$5098,$5552,$497,$1564,$875,$3342,$3839,$49,$804,$-47,$1713,$5552,$69,$72,$36,$109,$37,$0,$-55,$-48,$-16,$162,$-116,$0,$0,$0,$0,$0,$6,$-110,$-12,$0,$-12,$0,$0,$-21,$-4,$-37,$15,$0,$-21
7,2016-12-31,73.27,$34.99,2.09,$51.47,1.42,$10.44,7.02,$3.19,22.97,$0.53B,$0.63B,0.85,$1.55B,$1.66B,0.93,$2.46B,$2.06B,83.83%,$2.46B,$0.30B,12.03%,$2.46B,$0.30B,12.03%,$2.46B,$0.58B,23.73%,$2.46B,$0.23B,9.39%,$2.46B,$0.15B,6.14%,$0.15B,$1.66B,9.18%,$0.15B,$1.52B,10.04%,$0.15B,$5.58B,2.77%,$0.30B,$3.21B,9.44%,$642,$73,$568,$0,$113,$524,$118,$-17,$101,$35,$66,$66,$65,$189,$118,$47,48,$1.37,$1.36,$28,$0,$76,$533,$4132,$342,$140,$0,$5048,$5581,$628,$1550,$878,$3291,$3920,$49,$759,$-48,$1661,$5581,$153,$289,$59,$348,$30,$0,$22,$22,$99,$601,$-530,$0,$-17,$8,$0,$8,$13,$-526,$22,$-18,$4,$0,$0,$-83,$-4,$-83,$-8,$0,$-83
8,2016-09-30,66.81,$34.18,1.95,$52.52,1.27,$10.30,6.48,$3.20,20.88,$0.54B,$0.61B,0.89,$1.59B,$1.62B,0.98,$2.50B,$2.04B,81.63%,$2.50B,$0.30B,11.82%,$2.50B,$0.30B,11.82%,$2.50B,$0.58B,23.24%,$2.50B,$0.23B,9.35%,$2.50B,$0.15B,6.07%,$0.15B,$1.62B,9.34%,$0.15B,$1.48B,10.20%,$0.15B,$5.53B,2.82%,$0.30B,$3.22B,9.50%,$540,$39,$501,$0,$115,$524,$16,$-16,$-0,$-3,$3,$3,$2,$85,$16,$47,48,$0.05,$0.05,$85,$0,$33,$544,$4067,$349,$142,$0,$4988,$5533,$613,$1593,$872,$3297,$3910,$49,$720,$-46,$1623,$5533,$87,$218,$38,$255,$29,$0,$-25,$97,$135,$478,$-404,$0,$-17,$5,$0,$5,$8,$-408,$61,$-18,$43,$1,$1,$-62,$-3,$-21,$49,$0,$-62
9,2016-06-30,75.27,$34.58,2.18,$51.91,1.45,$10.37,7.26,$3.05,24.68,$0.43B,$0.58B,0.74,$1.43B,$1.64B,0.87,$2.47B,$1.98B,80.36%,$2.47B,$0.30B,11.99%,$2.47B,$0.30B,11.99%,$2.47B,$0.58B,23.49%,$2.47B,$0.23B,9.23%,$2.47B,$0.15B,5.87%,$0.15B,$1.64B,9.02%,$0.15B,$1.50B,9.83%,$0.15B,$5.37B,2.73%,$0.30B,$3.07B,9.59%,$548,$71,$476,$0,$112,$520,$28,$-16,$12,$3,$9,$9,$9,$101,$28,$47,48,$0.19,$0.19,$12,$0,$33,$432,$4000,$346,$144,$0,$4935,$5367,$583,$1428,$881,$3142,$3725,$49,$741,$-47,$1642,$5367,$84,$148,$42,$190,$53,$0,$-33,$93,$143,$417,$-265,$0,$-17,$2,$0,$2,$4,$-276,$-105,$-18,$-123,$0,$0,$-41,$-2,$-165,$-24,$0,$-41
10,2016-03-31,62.97,$34.76,1.81,$51.84,1.21,$9.94,6.33,$2.96,21.28,$0.47B,$0.58B,0.81,$1.39B,$1.65B,0.84,$2.46B,$1.94B,78.78%,$2.46B,$0.29B,11.91%,$2.46B,$0.29B,11.91%,$2.46B,$0.57B,23.21%,$2.46B,$0.22B,9.07%,$2.46B,$0.14B,5.73%,$0.14B,$1.65B,8.90%,$0.14B,$1.52B,9.70%,$0.14B,$5.32B,2.68%,$0.29B,$3.04B,9.50%,$731,$214,$518,$0,$115,$597,$134,$-16,$118,$43,$75,$75,$75,$209,$134,$47,48,$1.59,$1.58,$61,$0,$45,$470,$3929,$328,$133,$0,$4846,$5316,$578,$1389,$893,$3088,$3666,$49,$753,$-48,$1650,$5316,$75,$75,$17,$92,$46,$0,$-35,$69,$147,$315,$-113,$0,$0,$0,$0,$0,$5,$-108,$-143,$-18,$-161,$0,$0,$-19,$-2,$-182,$25,$0,$-19
11,2015-12-31,52.75,$33.61,1.57,$52.14,1.01,$8.52,6.19,$2.91,18.13,$0.56B,$0.54B,1.04,$1.55B,$1.59B,0.97,$2.46B,$1.90B,77.14%,$2.46B,$0.29B,11.73%,$2.46B,$0.29B,11.73%,$2.46B,$0.56B,22.70%,$2.46B,$0.22B,8.89%,$2.46B,$0.14B,5.60%,$0.14B,$1.59B,8.84%,$0.14B,$1.47B,9.67%,$0.14B,$5.36B,2.65%,$0.29B,$3.14B,9.35%,$685,$137,$549,$0,$111,$568,$118,$-14,$104,$37,$67,$67,$66,$187,$118,$47,47,$1.39,$1.39,$36,$0,$75,$558,$3891,$314,$126,$0,$4801,$5359,$535,$1551,$895,$3231,$3766,$49,$699,$-50,$1592,$5359,$139,$270,$43,$313,$-40,$0,$-3,$152,$100,$552,$-488,$0,$-9,$18,$0,$18,$9,$-470,$-54,$13,$-41,$35,$35,$-74,$-5,$-84,$-4,$0,$-74
12,2015-09-30,55.77,$32.67,1.71,$51.05,1.09,$6.09,9.16,$2.78,20.06,$0.48B,$0.50B,0.97,$1.54B,$1.55B,1.0,$2.41B,$1.84B,76.31%,$2.41B,$0.28B,11.76%,$2.41B,$0.28B,11.76%,$2.41B,$0.55B,22.86%,$2.41B,$0.21B,8.73%,$2.41B,$0.13B,5.44%,$0.13B,$1.55B,8.54%,$0.13B,$1.42B,9.38%,$0.13B,$5.18B,2.53%,$0.28B,$3.09B,9.18%,$505,$64,$441,$0,$112,$489,$16,$-22,$-6,$-2,$-4,$-4,$-5,$83,$16,$47,47,$-0.10,$-0.10,$33,$0,$32,$479,$3793,$319,$130,$0,$4705,$5184,$495,$1540,$864,$3141,$3636,$49,$654,$-48,$1548,$5184,$73,$201,$1,$202,$7,$0,$-39,$133,$138,$412,$-337,$0,$-9,$0,$0,$0,$27,$-319,$-74,$-5,$-79,$35,$35,$-55,$-1,$-99,$-7,$0,$-55
13,2015-06-30,50.89,$32.94,1.54,$49.58,1.03,$3.82,13.32,$2.92,17.43,$0.48B,$0.47B,1.03,$1.52B,$1.55B,0.98,$2.33B,$1.75B,75.18%,$2.33B,$0.29B,12.22%,$2.33B,$0.29B,12.22%,$2.33B,$0.55B,23.45%,$2.33B,$0.22B,9.30%,$2.33B,$0.14B,5.92%,$0.14B,$1.55B,9.14%,$0.14B,$1.41B,9.82%,$0.14B,$5.15B,2.74%,$0.29B,$3.07B,9.39%,$539,$109,$430,$0,$112,$514,$25,$-18,$7,$2,$5,$5,$5,$92,$25,$47,47,$0.11,$0.10,$49,$0,$32,$481,$3732,$325,$138,$0,$4666,$5147,$466,$1522,$869,$3131,$3597,$49,$678,$-49,$1550,$5147,$77,$134,$0,$135,$6,$0,$-38,$105,$123,$334,$-204,$0,$-9,$0,$0,$0,$15,$-198,$-106,$-5,$-111,$21,$21,$-36,$-1,$-127,$9,$0,$-36
14,2015-03-31,55.63,$33.13,1.68,$47.84,1.16,$1.53,36.39,$3.03,18.36,$0.53B,$0.48B,1.1,$1.51B,$1.55B,0.97,$2.25B,$1.68B,74.72%,$2.25B,$0.29B,12.77%,$2.25B,$0.29B,12.77%,$2.25B,$0.54B,24.21%,$2.25B,$0.22B,9.88%,$2.25B,$0.14B,6.36%,$0.14B,$1.55B,9.61%,$0.14B,$1.42B,10.08%,$0.14B,$5.15B,2.92%,$0.29B,$3.06B,9.65%,$734,$254,$480,$0,$109,$605,$130,$-16,$114,$42,$72,$72,$72,$197,$130,$47,47,$1.54,$1.53,$38,$0,$44,$527,$3697,$320,$136,$1,$4627,$5154,$478,$1507,$878,$3125,$3603,$48,$693,$-50,$1552,$5154,$72,$67,$6,$73,$-32,$0,$-49,$79,$77,$222,$-90,$0,$-9,$0,$0,$0,$8,$-91,$-118,$-5,$-123,$9,$9,$-17,$-0,$-132,$-2,$0,$-17
15,2014-12-31,59.11,$31.95,1.85,$45.21,1.31,$0.11,516.25,$3.01,19.64,$0.61B,$0.47B,1.29,$1.63B,$1.49B,1.1,$2.12B,$1.62B,76.19%,$2.12B,$0.28B,13.39%,$2.12B,$0.28B,13.39%,$2.12B,$0.54B,25.32%,$2.12B,$0.22B,10.33%,$2.12B,$0.14B,6.69%,$0.14B,$1.49B,9.67%,$0.14B,$1.34B,9.91%,$0.14B,$5.21B,2.99%,$0.28B,$3.12B,9.73%,$628,$143,$485,$0,$103,$515,$112,$-18,$95,$36,$59,$59,$59,$178,$112,$46,47,$1.27,$1.25,$40,$0,$74,$607,$3658,$327,$143,$1,$4602,$5208,$470,$1631,$877,$3252,$3722,$48,$639,$-50,$1486,$5208,$141,$253,$56,$309,$-4,$0,$-41,$-44,$-104,$346,$-397,$0,$-190,$20,$0,$20,$11,$-556,$270,$5,$275,$0,$0,$-66,$-1,$208,$-2,$0,$-66
16,2014-09-30,46.46,$31.21,1.49,$43.35,1.07,$0.80,57.83,$2.98,15.59,$0.45B,$0.39B,1.14,$1.44B,$1.45B,0.99,$2.03B,$1.55B,76.37%,$2.03B,$0.27B,13.44%,$2.03B,$0.27B,13.44%,$2.03B,$0.52B,25.60%,$2.03B,$0.21B,10.39%,$2.03B,$0.14B,6.89%,$0.14B,$1.45B,9.66%,$0.14B,$1.45B,9.69%,$0.14B,$4.64B,3.05%,$0.27B,$2.89B,9.62%,$432,$73,$359,$0,$105,$414,$18,$-17,$1,$-1,$2,$2,$2,$80,$18,$47,47,$0.04,$0.04,$39,$0,$32,$451,$3608,$265,$0,$0,$4191,$4642,$394,$1438,$686,$2796,$3190,$48,$599,$-39,$1452,$4642,$82,$187,$30,$218,$35,$0,$-86,$-11,$-38,$262,$-293,$0,$0,$13,$0,$13,$10,$-270,$56,$0,$56,$0,$0,$-49,$-1,$7,$-2,$0,$-49
17,2014-06-30,50.48,$31.50,1.6,$34.15,1.48,$1.47,34.31,$2.88,17.53,$0.41B,$0.38B,1.07,$1.37B,$1.47B,0.93,$1.99B,$1.53B,77.14%,$1.99B,$0.26B,13.14%,$1.99B,$0.26B,13.14%,$1.99B,$0.51B,25.43%,$1.99B,$0.20B,10.27%,$1.99B,$0.14B,6.80%,$0.14B,$1.47B,9.46%,$0.14B,$1.47B,9.49%,$0.14B,$4.56B,2.97%,$0.26B,$2.83B,9.40%,$453,$98,$355,$0,$109,$426,$27,$-14,$12,$3,$10,$10,$10,$89,$27,$47,47,$0.21,$0.21,$27,$0,$32,$410,$3545,$268,$0,$17,$4152,$4562,$383,$1366,$685,$2715,$3097,$48,$614,$-40,$1465,$4562,$80,$125,$19,$144,$36,$0,$-92,$-8,$-27,$197,$-175,$0,$0,$9,$0,$9,$-10,$-176,$-3,$0,$-3,$0,$0,$-32,$-0,$-36,$-14,$0,$-32
18,2014-03-31,51.12,$31.62,1.62,$33.30,1.54,$2.36,21.68,$2.89,17.69,$0.50B,$0.42B,1.2,$1.37B,$1.47B,0.93,$1.95B,$1.52B,78.10%,$1.95B,$0.26B,13.52%,$1.95B,$0.26B,13.52%,$1.95B,$0.50B,25.86%,$1.95B,$0.21B,10.64%,$1.95B,$0.14B,6.94%,$0.14B,$1.47B,9.61%,$0.14B,$1.47B,9.64%,$0.14B,$4.60B,3.00%,$0.26B,$2.84B,9.65%,$608,$191,$417,$0,$114,$481,$127,$-16,$111,$40,$71,$71,$71,$190,$127,$46,47,$1.52,$1.51,$85,$0,$44,$500,$3513,$262,$0,$0,$4101,$4601,$417,$1369,$682,$2714,$3131,$48,$621,$-41,$1470,$4601,$71,$63,$11,$74,$14,$0,$-67,$-12,$-2,$142,$-77,$0,$0,$4,$0,$4,$4,$-69,$-13,$0,$-13,$0,$0,$-15,$-1,$-29,$44,$0,$-15
19,2013-12-31,53.47,$30.47,1.75,$33.47,1.6,$2.69,19.87,$3.11,17.19,$0.50B,$0.43B,1.14,$1.38B,$1.41B,0.98,$1.95B,$1.52B,77.65%,$1.95B,$0.27B,14.04%,$1.95B,$0.27B,14.04%,$1.95B,$0.51B,26.14%,$1.95B,$0.22B,11.43%,$1.95B,$0.15B,7.43%,$0.15B,$1.41B,10.49%,$0.15B,$1.40B,10.52%,$0.15B,$4.57B,3.26%,$0.27B,$2.79B,10.24%,$538,$118,$420,$0,$108,$438,$101,$-13,$87,$30,$57,$57,$57,$161,$101,$46,47,$1.23,$1.22,$41,$0,$73,$495,$3486,$261,$18,$0,$4071,$4565,$434,$1381,$663,$2719,$3153,$48,$568,$-42,$1412,$4565,$145,$237,$62,$299,$-23,$0,$28,$-103,$-98,$346,$-364,$0,$0,$8,$0,$8,$8,$-348,$73,$2,$75,$2,$2,$-60,$0,$17,$16,$0,$-60
20,2013-09-30,47.52,$29.36,1.62,$32.45,1.46,$2.88,16.53,$3.23,14.71,$0.35B,$0.41B,0.86,$1.28B,$1.36B,0.94,$1.90B,$1.49B,78.44%,$1.90B,$0.29B,15.14%,$1.90B,$0.29B,15.14%,$1.90B,$0.52B,27.39%,$1.90B,$0.24B,12.36%,$1.90B,$0.15B,7.89%,$0.15B,$1.36B,11.06%,$0.15B,$1.36B,11.06%,$0.15B,$4.47B,3.38%,$0.29B,$2.64B,10.99%,$387,$48,$340,$0,$107,$381,$6,$-12,$-6,$-3,$-3,$-3,$-3,$65,$6,$46,0,$-0.06,$-0.06,$14,$0,$31,$348,$3428,$257,$0,$0,$4117,$4465,$406,$1280,$754,$2698,$3104,$48,$526,$-47,$1361,$4465,$88,$176,$39,$215,$41,$0,$-55,$-60,$-34,$269,$-254,$0,$0,$5,$0,$5,$6,$-243,$-28,$33,$5,$1,$1,$-44,$0,$-37,$-12,$0,$-44
21,2013-06-30,44.18,$29.70,1.49,$40.22,1.1,$4.01,11.01,$3.20,13.81,$0.31B,$0.38B,0.82,$1.26B,$1.38B,0.91,$1.89B,$1.47B,77.95%,$1.89B,$0.29B,15.26%,$1.89B,$0.29B,15.26%,$1.89B,$0.52B,27.50%,$1.89B,$0.23B,12.35%,$1.89B,$0.15B,7.90%,$0.15B,$1.38B,11.19%,$0.15B,$1.38B,11.19%,$0.15B,$4.38B,3.40%,$0.29B,$2.63B,11.12%,$412,$69,$342,$0,$106,$383,$29,$-14,$15,$5,$10,$10,$10,$87,$29,$46,47,$0.22,$0.22,$18,$0,$30,$306,$3387,$252,$0,$0,$4076,$4382,$375,$1256,$748,$2631,$3006,$48,$544,$-48,$1376,$4382,$91,$118,$42,$160,$37,$0,$-54,$-57,$-36,$215,$-152,$0,$0,$3,$0,$3,$5,$-144,$-52,$0,$-52,$1,$1,$-29,$0,$-79,$-8,$0,$-29
22,2013-03-31,44.51,$29.76,1.5,$40.34,1.1,$4.51,9.87,$2.90,15.35,$0.37B,$0.42B,0.89,$1.25B,$1.38B,0.91,$1.89B,$1.45B,76.76%,$1.89B,$0.27B,14.54%,$1.89B,$0.27B,14.54%,$1.89B,$0.50B,26.68%,$1.89B,$0.21B,11.30%,$1.89B,$0.14B,7.16%,$0.14B,$1.38B,10.32%,$0.14B,$1.38B,10.32%,$0.14B,$4.41B,3.10%,$0.27B,$2.63B,10.73%,$614,$201,$413,$0,$109,$475,$138,$-12,$127,$46,$81,$81,$81,$197,$138,$46,47,$1.75,$1.73,$33,$0,$44,$370,$3349,$244,$0,$0,$4034,$4405,$416,$1251,$736,$2610,$3026,$48,$550,$-50,$1379,$4405,$81,$59,$39,$98,$-11,$0,$-38,$-45,$-45,$134,$-53,$0,$0,$1,$0,$1,$2,$-51,$-63,$0,$-63,$1,$1,$-14,$0,$-75,$8,$0,$-14
23,2012-12-31,39.52,$28.35,1.39,$41.34,0.96,$4.54,8.71,$2.87,13.77,$0.46B,$0.54B,0.86,$1.27B,$1.31B,0.97,$1.93B,$1.45B,75.12%,$1.93B,$0.27B,14.05%,$1.93B,$0.27B,14.05%,$1.93B,$0.50B,25.66%,$1.93B,$0.21B,10.83%,$1.93B,$0.13B,6.89%,$0.13B,$1.31B,10.33%,$0.13B,$1.31B,10.33%,$0.13B,$4.49B,3.05%,$0.27B,$2.58B,10.77%,$489,$92,$397,$0,$102,$373,$115,$-16,$99,$37,$62,$62,$62,$172,$115,$46,47,$1.35,$1.33,$26,$0,$72,$458,$3344,$242,$0,$0,$4030,$4488,$535,$1268,$759,$2644,$3180,$48,$484,$-51,$1308,$4488,$133,$223,$56,$280,$12,$0,$-26,$-11,$-26,$386,$-396,$0,$0,$-3,$0,$-3,$25,$-374,$64,$0,$64,$2,$2,$-53,$-22,$-9,$4,$0,$-53
24,2012-09-30,40.88,$27.41,1.49,$42.03,0.97,$1.95,20.92,$2.72,15.03,$0.35B,$0.47B,0.75,$1.26B,$1.27B,0.99,$1.96B,$1.42B,72.73%,$1.96B,$0.26B,13.18%,$1.96B,$0.26B,13.18%,$1.96B,$0.48B,24.36%,$1.96B,$0.20B,10.01%,$1.96B,$0.13B,6.44%,$0.13B,$1.27B,9.95%,$0.13B,$1.27B,9.95%,$0.13B,$4.27B,2.93%,$0.26B,$2.52B,10.70%,$372,$53,$319,$0,$101,$365,$6,$-15,$-8,$-4,$-4,$-4,$-4,$63,$6,$46,48,$-0.09,$-0.09,$22,$0,$30,$350,$3300,$241,$0,$0,$3921,$4271,$465,$1256,$688,$2541,$3006,$48,$436,$-45,$1265,$4271,$71,$166,$28,$194,$57,$0,$-94,$63,$66,$330,$-276,$0,$0,$-21,$0,$-21,$20,$-278,$7,$0,$7,$1,$1,$-39,$-22,$-53,$0,$0,$-39
25,2012-06-30,40.09,$27.76,1.44,$41.94,0.96,$0.40,100.92,$2.47,16.23,$0.36B,$0.47B,0.76,$1.20B,$1.28B,0.94,$1.94B,$1.39B,71.69%,$1.94B,$0.25B,13.05%,$1.94B,$0.25B,13.05%,$1.94B,$0.47B,24.03%,$1.94B,$0.18B,9.28%,$1.94B,$0.11B,5.88%,$0.11B,$1.28B,9.14%,$0.11B,$1.28B,9.14%,$0.11B,$4.23B,2.70%,$0.25B,$2.48B,10.94%,$410,$92,$318,$0,$102,$394,$15,$-21,$-5,$-1,$-4,$-4,$-4,$71,$15,$46,46,$-0.08,$-0.08,$33,$0,$29,$356,$3261,$231,$0,$0,$3877,$4233,$467,$1203,$686,$2485,$2952,$48,$454,$-46,$1281,$4233,$75,$110,$34,$144,$54,$0,$-103,$56,$43,$261,$-176,$0,$0,$-14,$0,$-14,$17,$-173,$-31,$0,$-31,$1,$1,$-26,$-22,$-77,$11,$0,$-26
26,2012-03-31,38.71,$28.08,1.38,$41.41,0.93,$-0.39,0.0,$2.64,14.66,$0.59B,$0.69B,0.85,$1.19B,$1.30B,0.92,$1.92B,$1.34B,70.02%,$1.92B,$0.26B,13.50%,$1.92B,$0.26B,13.50%,$1.92B,$0.47B,24.24%,$1.92B,$0.19B,9.91%,$1.92B,$0.12B,6.36%,$0.12B,$1.30B,9.90%,$0.12B,$1.30B,9.90%,$0.12B,$4.44B,2.94%,$0.26B,$2.48B,11.61%,$658,$243,$415,$0,$107,$523,$135,$-12,$123,$44,$79,$79,$79,$189,$135,$46,46,$1.71,$1.70,$218,$0,$44,$586,$3235,$221,$0,$0,$3851,$4437,$689,$1188,$686,$2453,$3143,$48,$471,$-47,$1295,$4437,$79,$54,$38,$92,$-1,$0,$-56,$5,$-4,$166,$-85,$0,$0,$-7,$0,$-7,$15,$-76,$139,$0,$139,$1,$1,$-12,$-22,$106,$196,$0,$-12
27,2011-12-31,38.24,$26.66,1.43,$40.87,0.94,$-0.43,0.0,$2.42,15.8,$0.46B,$0.85B,0.55,$0.93B,$1.23B,0.76,$1.89B,$1.27B,67.43%,$1.89B,$0.25B,13.24%,$1.89B,$0.25B,13.24%,$1.89B,$0.45B,23.89%,$1.89B,$0.18B,9.27%,$1.89B,$0.11B,5.93%,$0.11B,$1.23B,9.21%,$0.11B,$1.23B,9.21%,$0.11B,$4.28B,2.79%,$0.25B,$2.16B,11.37%,$518,$145,$372,$0,$100,$416,$102,$-16,$86,$31,$55,$55,$55,$154,$102,$46,46,$1.20,$1.20,$22,$0,$70,$462,$3219,$192,$0,$13,$3814,$4276,$848,$931,$715,$2203,$3051,$48,$406,$-49,$1225,$4276,$112,$200,$52,$252,$-62,$0,$16,$-75,$-112,$252,$-381,$0,$0,$-8,$0,$-8,$30,$-359,$53,$0,$53,$7,$7,$-48,$0,$13,$-94,$0,$-48
28,2011-09-30,32.33,$25.87,1.25,$39.90,0.81,$5.75,5.63,$2.21,14.63,$0.29B,$0.68B,0.42,$0.94B,$1.19B,0.79,$1.84B,$1.21B,66.05%,$1.84B,$0.23B,12.73%,$1.84B,$0.23B,12.73%,$1.84B,$0.43B,23.45%,$1.84B,$0.16B,8.65%,$1.84B,$0.10B,5.55%,$0.10B,$1.19B,8.49%,$0.10B,$1.19B,8.49%,$0.10B,$3.94B,2.58%,$0.23B,$2.12B,10.48%,$353,$67,$285,$0,$100,$351,$1,$-25,$-24,$-8,$-16,$-16,$-16,$52,$1,$46,46,$-0.34,$-0.34,$20,$0,$31,$287,$3161,$179,$0,$38,$3653,$3939,$682,$937,$627,$2070,$2752,$48,$363,$-39,$1187,$3939,$57,$149,$25,$174,$28,$0,$-66,$6,$14,$244,$-264,$0,$0,$-5,$0,$-5,$1,$-267,$-42,$0,$-42,$5,$5,$-36,$0,$-73,$-96,$0,$-36
29,2011-06-30,34.24,$26.64,1.29,$38.99,0.88,$9.78,3.5,$2.66,12.87,$0.33B,$0.63B,0.52,$0.94B,$1.22B,0.77,$1.79B,$1.16B,64.42%,$1.79B,$0.23B,12.99%,$1.79B,$0.23B,12.99%,$1.79B,$0.43B,23.81%,$1.79B,$0.17B,9.54%,$1.79B,$0.11B,6.30%,$0.11B,$1.22B,9.54%,$0.11B,$1.22B,9.54%,$0.11B,$3.93B,2.89%,$0.23B,$2.16B,10.35%,$389,$117,$271,$0,$99,$368,$21,$-16,$5,$1,$4,$4,$4,$70,$21,$46,46,$0.09,$0.09,$86,$0,$32,$326,$3091,$177,$0,$38,$3599,$3925,$627,$942,$628,$2076,$2703,$48,$391,$-32,$1222,$3925,$72,$98,$34,$132,$26,$0,$-70,$-14,$-16,$188,$-139,$0,$0,$-2,$0,$-2,$-0,$-141,$-59,$0,$-59,$5,$5,$-24,$0,$-77,$-30,$0,$-24
30,2011-03-31,34.32,$26.85,1.28,$38.87,0.88,$12.25,2.8,$2.55,13.46,$0.39B,$0.48B,0.82,$1.12B,$1.23B,0.91,$1.79B,$1.12B,62.68%,$1.79B,$0.24B,13.18%,$1.79B,$0.24B,13.18%,$1.79B,$0.43B,23.91%,$1.79B,$0.17B,9.27%,$1.79B,$0.11B,6.03%,$0.11B,$1.23B,9.28%,$0.11B,$1.23B,9.28%,$0.11B,$3.94B,2.80%,$0.24B,$2.35B,10.42%,$628,$284,$345,$0,$101,$502,$126,$-18,$108,$40,$68,$68,$69,$175,$126,$46,46,$1.50,$1.48,$108,$0,$42,$390,$3069,$152,$0,$38,$3552,$3942,$478,$1123,$625,$2233,$2711,$47,$399,$-30,$1231,$3942,$68,$49,$28,$77,$-21,$0,$-51,$-18,$-15,$131,$-52,$0,$0,$0,$0,$0,$-2,$-54,$-77,$0,$-77,$4,$4,$-11,$0,$-85,$-8,$0,$-11
31,2010-12-31,32.09,$25.59,1.25,$39.92,0.8,$13.36,2.4,$2.49,12.89,$0.45B,$0.60B,0.75,$1.13B,$1.17B,0.96,$1.83B,$1.09B,59.69%,$1.83B,$0.23B,12.67%,$1.83B,$0.23B,12.67%,$1.83B,$0.42B,23.05%,$1.83B,$0.16B,8.68%,$1.83B,$0.10B,5.68%,$0.10B,$1.17B,9.07%,$0.10B,$1.17B,9.07%,$0.10B,$3.98B,2.71%,$0.23B,$2.29B,10.33%,$468,$155,$313,$0,$104,$382,$86,$-16,$70,$25,$45,$45,$45,$134,$86,$45,46,$0.99,$0.98,$116,$0,$64,$446,$3072,$135,$0,$38,$3538,$3984,$597,$1125,$628,$2220,$2817,$47,$343,$-31,$1167,$3984,$103,$190,$48,$238,$10,$0,$7,$21,$29,$371,$-215,$0,$0,$-1,$0,$-1,$13,$-203,$-72,$0,$-72,$11,$11,$-45,$-12,$-117,$51,$0,$-45
32,2010-09-30,29.18,$24.60,1.19,$40.78,0.72,$14.15,2.06,$2.53,11.54,$0.27B,$0.47B,0.57,$1.08B,$1.12B,0.96,$1.86B,$1.08B,58.00%,$1.86B,$0.24B,12.67%,$1.86B,$0.24B,12.67%,$1.86B,$0.43B,22.82%,$1.86B,$0.16B,8.65%,$1.86B,$0.11B,5.64%,$0.11B,$1.12B,9.29%,$0.11B,$1.12B,9.29%,$0.11B,$3.77B,2.75%,$0.24B,$2.19B,10.41%,$308,$81,$226,$0,$97,$307,$0,$-13,$-12,$-7,$-5,$-5,$-5,$48,$0,$45,45,$-0.11,$-0.11,$20,$0,$32,$271,$3050,$131,$0,$38,$3502,$3772,$474,$1076,$650,$2180,$2654,$47,$310,$-41,$1119,$3772,$59,$142,$18,$160,$73,$0,$-88,$81,$97,$316,$-151,$0,$0,$0,$0,$0,$11,$-140,$-196,$0,$-196,$7,$7,$-33,$0,$-222,$-45,$0,$-33
33,2010-06-30,25.43,$25.10,1.01,$41.09,0.62,$13.82,1.84,$2.60,9.78,$0.27B,$0.46B,0.58,$1.08B,$1.14B,0.94,$1.87B,$1.07B,57.00%,$1.87B,$0.24B,12.66%,$1.87B,$0.24B,12.66%,$1.87B,$0.42B,22.65%,$1.87B,$0.16B,8.33%,$1.87B,$0.10B,5.45%,$0.10B,$1.14B,8.93%,$0.10B,$1.14B,8.93%,$0.10B,$3.75B,2.68%,$0.24B,$2.22B,10.35%,$386,$148,$238,$0,$97,$362,$24,$-24,$-0,$1,$-1,$-1,$-1,$71,$24,$45,47,$-0.02,$-0.02,$32,$0,$32,$268,$3040,$120,$0,$38,$3480,$3748,$460,$1077,$637,$2148,$2608,$47,$326,$-35,$1140,$3748,$63,$95,$0,$95,$53,$0,$-93,$78,$100,$259,$-94,$0,$0,$0,$0,$0,$11,$-83,$-193,$0,$-193,$6,$6,$-22,$0,$-209,$-33,$0,$-22
34,2010-03-31,25.59,$25.62,1.0,$41.48,0.62,$13.27,1.93,$2.63,9.73,$0.36B,$0.50B,0.72,$1.12B,$1.16B,0.97,$1.87B,$1.05B,55.98%,$1.87B,$0.23B,12.17%,$1.87B,$0.23B,12.17%,$1.87B,$0.42B,22.15%,$1.87B,$0.15B,8.11%,$1.87B,$0.10B,5.44%,$0.10B,$1.16B,9.05%,$0.10B,$1.16B,9.05%,$0.10B,$3.84B,2.69%,$0.23B,$2.28B,9.86%,$669,$352,$316,$0,$96,$547,$122,$-21,$101,$37,$64,$64,$65,$169,$122,$45,46,$1.43,$1.42,$39,$0,$44,$359,$3029,$114,$0,$50,$3482,$3841,$500,$1122,$616,$2179,$2679,$47,$338,$-23,$1162,$3841,$64,$48,$1,$48,$-18,$0,$-39,$21,$50,$163,$-34,$0,$0,$0,$0,$0,$-0,$-34,$-148,$0,$-148,$4,$4,$-11,$0,$-154,$-26,$0,$-11
35,2009-12-31,24.19,$24.44,0.99,$42.25,0.57,$12.60,1.92,$2.33,10.38,$0.42B,$0.47B,0.88,$1.27B,$1.10B,1.15,$1.90B,$1.03B,54.20%,$1.90B,$0.21B,11.03%,$1.90B,$0.21B,11.03%,$1.90B,$0.40B,20.95%,$1.90B,$0.13B,6.97%,$1.90B,$0.09B,4.59%,$0.09B,$1.10B,7.85%,$0.09B,$1.10B,7.85%,$0.09B,$3.91B,2.32%,$0.21B,$2.37B,8.99%,$499,$199,$300,$0,$101,$408,$90,$-19,$72,$26,$46,$46,$46,$137,$90,$45,45,$1.01,$1.01,$65,$0,$72,$418,$3035,$116,$0,$50,$3489,$3906,$474,$1269,$621,$2330,$2804,$47,$285,$-22,$1102,$3906,$87,$190,$38,$228,$11,$0,$-33,$88,$90,$406,$-217,$0,$0,$-2,$0,$-2,$-45,$-265,$-23,$-55,$-78,$18,$18,$-42,$0,$-102,$39,$0,$-42
36,2009-09-30,21.49,$25.93,0.83,$42.82,0.5,$8.40,2.56,$2.02,10.64,$0.28B,$0.39B,0.72,$1.13B,$1.07B,1.06,$1.91B,$1.02B,53.54%,$1.91B,$0.20B,10.55%,$1.91B,$0.20B,10.55%,$1.91B,$0.39B,20.58%,$1.91B,$0.11B,5.93%,$1.91B,$0.07B,3.78%,$0.07B,$1.17B,6.59%,$0.07B,$1.17B,6.59%,$0.07B,$3.71B,1.93%,$0.20B,$2.29B,8.69%,$318,$105,$213,$0,$94,$317,$1,$-17,$-17,$-8,$-8,$-8,$-8,$47,$1,$45,45,$-0.18,$-0.18,$33,$0,$32,$279,$3040,$120,$0,$0,$3434,$3713,$388,$1127,$612,$2160,$2548,$47,$250,$-19,$1165,$3713,$41,$143,$34,$177,$83,$0,$-125,$117,$101,$319,$-172,$0,$0,$0,$0,$0,$-3,$-174,$-66,$-55,$-121,$14,$14,$-31,$0,$-138,$6,$0,$-31
37,2009-06-30,18.48,$24.12,0.77,$44.33,0.42,$5.76,3.21,$1.46,12.66,$0.26B,$0.38B,0.69,$1.22B,$1.08B,1.13,$1.96B,$1.05B,53.39%,$1.96B,$0.20B,10.35%,$1.96B,$0.20B,10.35%,$1.96B,$0.40B,20.24%,$1.96B,$0.11B,5.35%,$1.96B,$0.06B,3.21%,$0.06B,$1.08B,5.84%,$0.06B,$1.08B,5.84%,$0.06B,$3.68B,1.71%,$0.20B,$2.30B,8.75%,$388,$168,$220,$0,$96,$373,$15,$-18,$-4,$-3,$-1,$-1,$-1,$62,$15,$45,45,$-0.01,$-0.01,$27,$0,$33,$259,$3023,$118,$0,$0,$3422,$3681,$376,$1223,$610,$2225,$2601,$46,$269,$-19,$1080,$3681,$49,$96,$16,$112,$63,$0,$-123,$106,$88,$249,$-117,$0,$0,$0,$0,$0,$-2,$-119,$-66,$-55,$-121,$11,$11,$-21,$0,$-130,$0,$0,$-21
38,2009-03-31,17.32,$24.36,0.71,$45.99,0.38,$3.93,4.41,$1.39,12.46,$0.33B,$0.40B,0.82,$1.25B,$1.09B,1.15,$2.02B,$1.07B,52.97%,$2.02B,$0.21B,10.20%,$2.02B,$0.21B,10.20%,$2.02B,$0.40B,19.85%,$2.02B,$0.10B,5.10%,$2.02B,$0.06B,3.02%,$0.06B,$1.09B,5.72%,$0.06B,$1.09B,5.72%,$0.06B,$3.72B,1.68%,$0.21B,$2.34B,8.88%,$690,$396,$294,$0,$95,$587,$103,$-22,$81,$31,$50,$50,$50,$151,$103,$44,45,$1.13,$1.12,$24,$0,$45,$330,$2999,$118,$0,$0,$3394,$3724,$400,$1247,$606,$2236,$2636,$46,$280,$-19,$1088,$3724,$50,$49,$8,$56,$-5,$0,$-75,$54,$42,$149,$-52,$0,$0,$0,$0,$0,$-1,$-53,$-41,$-55,$-96,$8,$8,$-10,$0,$-98,$-3,$0,$-10
39,2008-12-31,20.54,$23.48,0.87,$49.35,0.42,$3.94,5.21,$1.41,14.57,$0.44B,$0.51B,0.86,$1.29B,$1.04B,1.24,$2.14B,$1.09B,50.79%,$2.14B,$0.21B,9.70%,$2.14B,$0.21B,9.70%,$2.14B,$0.40B,18.75%,$2.14B,$0.10B,4.71%,$2.14B,$0.06B,2.80%,$0.06B,$1.04B,5.70%,$0.06B,$1.04B,5.70%,$0.06B,$3.82B,1.67%,$0.21B,$2.32B,9.00%,$509,$217,$293,$0,$91,$427,$82,$-29,$53,$21,$31,$31,$31,$132,$82,$43,44,$0.70,$0.69,$26,$0,$73,$438,$2983,$125,$0,$0,$3382,$3820,$510,$1285,$596,$2273,$2783,$46,$241,$-19,$1038,$3820,$61,$194,$34,$227,$35,$0,$-29,$26,$12,$300,$-300,$0,$0,$4,$0,$4,$43,$-253,$-95,$46,$-49,$35,$35,$-39,$0,$-52,$-6,$0,$-39
40,2008-09-30,24.43,$25.42,0.96,$50.83,0.48,$4.19,5.83,$1.70,14.37,$0.27B,$0.36B,0.75,$1.21B,$1.01B,1.2,$2.20B,$1.11B,50.34%,$2.20B,$0.22B,10.07%,$2.20B,$0.22B,10.07%,$2.20B,$0.41B,18.72%,$2.20B,$0.12B,5.33%,$2.20B,$0.07B,3.28%,$0.07B,$1.11B,6.93%,$0.07B,$1.11B,6.93%,$0.07B,$3.51B,2.02%,$0.22B,$2.32B,9.54%,$374,$134,$240,$0,$96,$372,$3,$-28,$-25,$-8,$-17,$-17,$-17,$52,$3,$44,44,$-0.38,$-0.38,$13,$0,$33,$270,$2941,$137,$0,$0,$3239,$3510,$359,$1213,$456,$2040,$2399,$45,$220,$-12,$1111,$3510,$30,$144,$15,$160,$84,$0,$-141,$82,$61,$250,$-222,$0,$0,$0,$0,$0,$47,$-175,$-79,$-9,$-88,$23,$23,$-29,$0,$-94,$-19,$0,$-29
41,2008-06-30,23.82,$23.70,1.0,$50.99,0.47,$4.15,5.73,$1.86,12.8,$0.27B,$0.39B,0.7,$1.27B,$1.03B,1.23,$2.19B,$1.10B,49.93%,$2.19B,$0.23B,10.31%,$2.19B,$0.23B,10.31%,$2.19B,$0.41B,18.88%,$2.19B,$0.13B,5.79%,$2.19B,$0.08B,3.65%,$0.08B,$1.03B,7.83%,$0.08B,$1.03B,7.83%,$0.08B,$3.49B,2.26%,$0.23B,$2.30B,9.81%,$447,$205,$243,$0,$93,$429,$18,$-24,$-6,$-3,$-3,$-3,$-3,$66,$18,$43,43,$-0.06,$-0.06,$17,$0,$34,$269,$2912,$145,$0,$0,$3223,$3492,$386,$1269,$445,$2076,$2462,$45,$247,$-12,$1030,$3492,$46,$95,$7,$103,$64,$0,$-123,$64,$54,$203,$-154,$0,$0,$0,$0,$0,$45,$-109,$-98,$-9,$-107,$16,$16,$-19,$0,$-110,$-15,$0,$-19
42,2008-03-31,22.23,$23.93,0.93,$50.77,0.44,$4.48,4.96,$1.91,11.64,$0.40B,$0.47B,0.85,$1.26B,$1.03B,1.22,$2.17B,$1.08B,49.70%,$2.17B,$0.23B,10.40%,$2.17B,$0.23B,10.40%,$2.17B,$0.41B,18.91%,$2.17B,$0.13B,6.03%,$2.17B,$0.08B,3.82%,$0.08B,$1.03B,8.07%,$0.08B,$1.03B,8.07%,$0.08B,$3.59B,2.36%,$0.23B,$2.30B,9.86%,$814,$501,$313,$0,$95,$709,$105,$-25,$79,$30,$49,$49,$49,$152,$105,$43,43,$1.14,$1.14,$17,$0,$45,$401,$2867,$139,$0,$0,$3184,$3586,$471,$1264,$451,$2082,$2553,$45,$259,$-13,$1033,$3586,$49,$47,$4,$51,$-19,$0,$-70,$71,$54,$155,$-61,$0,$0,$0,$0,$0,$6,$-55,$-103,$-9,$-112,$7,$7,$-9,$0,$-114,$-15,$0,$-9
43,2007-12-31,23.49,$22.98,1.02,$50.70,0.46,$4.74,4.96,$1.94,12.11,$0.50B,$0.53B,0.95,$1.37B,$0.98B,1.39,$2.15B,$1.07B,49.56%,$2.15B,$0.22B,10.31%,$2.15B,$0.22B,10.31%,$2.15B,$0.41B,18.81%,$2.15B,$0.13B,6.08%,$2.15B,$0.08B,3.90%,$0.08B,$0.98B,8.13%,$0.08B,$0.98B,8.13%,$0.08B,$3.67B,2.41%,$0.22B,$2.35B,9.72%,$560,$252,$309,$0,$90,$465,$95,$-26,$69,$26,$43,$43,$43,$141,$95,$42,43,$1.01,$1.01,$32,$0,$75,$502,$2845,$143,$0,$0,$3168,$3670,$528,$1366,$441,$2159,$2687,$44,$220,$-13,$984,$3670,$83,$183,$13,$195,$22,$0,$-45,$114,$73,$351,$-341,$0,$0,$24,$0,$24,$-15,$-332,$-10,$9,$-1,$31,$31,$-36,$0,$-6,$13,$0,$-36
44,2007-09-30,22.16,$24.48,0.91,$51.38,0.43,$3.04,7.28,$2.05,10.81,$0.29B,$0.40B,0.73,$1.23B,$0.94B,1.3,$2.16B,$1.05B,48.66%,$2.16B,$0.22B,10.29%,$2.16B,$0.22B,10.29%,$2.16B,$0.40B,18.67%,$2.16B,$0.13B,6.21%,$2.16B,$0.09B,4.08%,$0.09B,$1.04B,8.69%,$0.09B,$1.04B,8.69%,$0.09B,$3.41B,2.56%,$0.22B,$2.27B,9.78%,$372,$142,$230,$0,$91,$363,$8,$-24,$-15,$-6,$-9,$-9,$-9,$55,$8,$42,42,$-0.22,$-0.22,$19,$0,$33,$292,$2798,$146,$0,$0,$3117,$3409,$399,$1228,$419,$1968,$2367,$44,$186,$-13,$1042,$3409,$40,$136,$-17,$119,$98,$0,$-174,$151,$122,$281,$-255,$0,$0,$0,$0,$0,$24,$-231,$-50,$0,$-50,$27,$27,$-27,$0,$-50,$0,$0,$-27
45,2007-06-30,26.28,$24.88,1.06,$51.21,0.51,$2.34,11.23,$2.01,13.08,$0.31B,$0.42B,0.73,$1.20B,$0.95B,1.26,$2.14B,$1.02B,47.85%,$2.14B,$0.22B,10.15%,$2.14B,$0.22B,10.15%,$2.14B,$0.39B,18.43%,$2.14B,$0.13B,6.17%,$2.14B,$0.09B,4.02%,$0.09B,$1.05B,8.98%,$0.09B,$1.05B,8.98%,$0.09B,$3.38B,2.55%,$0.22B,$2.26B,9.65%,$427,$198,$228,$0,$93,$409,$18,$-19,$-2,$-1,$-0,$-0,$-0,$63,$18,$42,42,$-0.01,$-0.01,$21,$0,$33,$308,$2758,$145,$0,$0,$3075,$3383,$424,$1204,$408,$1904,$2329,$44,$205,$-13,$1054,$3383,$49,$90,$-26,$64,$84,$0,$-158,$127,$123,$236,$-174,$0,$0,$0,$0,$0,$18,$-157,$-81,$0,$-81,$21,$21,$-18,$0,$-77,$2,$0,$-18
46,2007-03-31,30.04,$24.98,1.2,$51.74,0.58,$1.35,22.32,$2.11,14.24,$0.45B,$0.51B,0.89,$1.21B,$0.95B,1.27,$2.14B,$1.01B,47.20%,$2.14B,$0.22B,10.46%,$2.14B,$0.22B,10.46%,$2.14B,$0.40B,18.58%,$2.14B,$0.14B,6.49%,$2.14B,$0.09B,4.20%,$0.09B,$1.05B,9.74%,$0.09B,$1.05B,9.74%,$0.09B,$3.48B,2.73%,$0.22B,$2.26B,10.15%,$794,$494,$300,$0,$95,$693,$101,$-22,$79,$30,$50,$50,$50,$146,$101,$42,42,$1.19,$1.17,$54,$0,$42,$450,$2711,$141,$0,$0,$3029,$3480,$507,$1211,$400,$1920,$2428,$44,$214,$-13,$1052,$3480,$50,$45,$-5,$40,$-8,$0,$-75,$93,$97,$186,$-84,$0,$0,$0,$0,$0,$7,$-76,$-76,$0,$-76,$10,$10,$-9,$0,$-75,$35,$0,$-9
47,2006-12-31,29.5,$21.58,1.37,$49.99,0.59,$-1.27,0.0,$2.05,14.39,$0.50B,$0.50B,1.01,$1.39B,$0.90B,1.54,$2.03B,$0.99B,48.89%,$2.03B,$0.21B,10.47%,$2.03B,$0.21B,10.47%,$2.03B,$0.38B,18.86%,$2.03B,$0.13B,6.37%,$2.03B,$0.08B,4.15%,$0.08B,$0.90B,9.48%,$0.08B,$0.90B,9.48%,$0.08B,$3.49B,2.61%,$0.21B,$2.29B,9.76%,$565,$273,$292,$0,$95,$470,$95,$-23,$72,$25,$47,$47,$47,$139,$95,$41,41,$1.12,$1.11,$19,$0,$73,$502,$2668,$136,$0,$0,$2983,$3485,$496,$1386,$387,$2087,$2584,$43,$173,$-14,$901,$3485,$84,$169,$-1,$168,$-28,$0,$6,$57,$34,$286,$-345,$0,$0,$28,$0,$28,$5,$-312,$5,$-24,$-19,$68,$68,$-33,$0,$16,$-11,$0,$-33
