,Date,Stock Price,Book Value per Share,Price to Book Ratio,TTM Sales per Share,Price to Sales Ratio,TTM FCF per Share,Price to FCF Ratio,TTM Net EPS,PE Ratio,Current Assets,Current Liabilities,Current Ratio,Long Term Debt,Shareholder's Equity_x,Debt to Equity Ratio,TTM Revenue_x,TTM Gross Profit,Gross Margin,TTM Revenue_y,TTM Operating Income,Operating Margin,TTM Revenue_x,TTM EBIT,EBIT Margin,TTM Revenue_y,TTM EBITDA,EBITDA Margin,TTM Revenue_x,TTM Pre-Tax Income,Pre-Tax Margin,TTM Revenue_y,TTM Net Income_x,Net Margin,TTM Net Income_y,Shareholder's Equity_y,Return on Equity,TTM Net Income_x,Tangible Equity,Return on Tangible Equity,TTM Net Income_y,Total Assets,Return on Assets,TTM Net Income,LT Investments & Debt,Return on Investment,revenue,cost-goods-sold,gross-profit,research-development-expenses,selling-general-administrative-expenses,operating-expenses,operating-income,total-non-operating-income-expense,pre-tax-income,total-provision-income-taxes,income-after-taxes,income-from-continuous-operations,net-income,ebitda,ebit,basic-shares-outstanding,shares-outstanding,eps-basic-net-earnings-per-share,eps-earnings-per-share-diluted,cash-on-hand,inventory,other-current-assets,total-current-assets,net-property-plant-equipment,long-term-investments,goodwill-intangible-assets-total,other-long-term-assets,total-long-term-assets,total-assets,total-current-liabilities,long-term-debt,other-non-current-liabilities,total-long-term-liabilities,total-liabilities,common-stock-net,retained-earnings-accumulated-deficit,comprehensive-income,total-share-holder-equity,total-liabilities-share-holders-equity,net-income-loss,total-depreciation-amortization-cash-flow,other-non-cash-items,total-non-cash-items,change-in-accounts-receivable,change-in-inventories,change-in-accounts-payable,change-in-assets-liabilities,total-change-in-assets-liabilities,cash-flow-from-operating-activities,net-change-in-property-plant-equipment,net-change-in-intangible-assets,net-acquisitions-divestitures,net-change-in-short-term-investments,net-change-in-long-term-investments,net-change-in-investments-total,investing-activities-other,cash-flow-from-investing-activities,net-long-term-debt,net-current-debt,debt-issuance-retirement-net-total,net-common-equity-issued-repurchased,net-total-equity-issued-repurchased,total-common-preferred-stock-dividends-paid,financial-activities-other,cash-flow-from-financial-activities,net-cash-flow,stock-based-compensation,common-stock-dividends-paid
0,2018-09-30,11.62,$10.54,1.1,$22.03,0.53,$3.92,2.96,$2.42,4.8,$0.37B,$0.22B,1.65,$0.84B,$0.68B,1.22,$1.44B,$0.33B,23.01%,$1.44B,$0.13B,9.29%,$1.44B,$0.13B,9.29%,$1.44B,$0.27B,18.43%,$1.44B,$0.07B,4.99%,$1.44B,$0.16B,11.02%,$0.16B,$0.68B,23.78%,$0.16B,$0.45B,37.15%,$0.16B,$2.10B,7.64%,$0.13B,$1.52B,8.80%,$365,$283,$81,$0,$16,$334,$30,$-15,$15,$-2,$17,$17,$12,$66,$30,$65,66,$0.18,$0.18,$168,$118,$5,$370,$1489,$0,$237,$0,$1728,$2098,$224,$835,$77,$1192,$1416,$1,$126,$-14,$683,$2098,$42,$100,$5,$106,$-7,$-7,$31,$12,$24,$171,$-71,$0,$0,$0,$4,$4,$0,$-66,$-2,$-25,$-27,$0,$0,$0,$-29,$-56,$48,$2,$0
1,2018-06-30,13.4,$10.39,1.29,$21.67,0.62,$3.60,3.72,$2.42,5.54,$0.35B,$0.19B,1.86,$0.86B,$0.67B,1.28,$1.42B,$0.33B,23.50%,$1.42B,$0.14B,9.74%,$1.42B,$0.14B,9.74%,$1.42B,$0.27B,18.70%,$1.42B,$0.07B,5.22%,$1.42B,$0.16B,11.22%,$0.16B,$0.67B,25.43%,$0.16B,$0.43B,41.65%,$0.16B,$2.08B,7.63%,$0.14B,$1.53B,9.29%,$367,$283,$84,$0,$18,$332,$35,$-16,$19,$2,$17,$11,$4,$67,$35,$65,66,$0.06,$0.06,$143,$116,$10,$354,$1488,$0,$239,$0,$1730,$2084,$190,$860,$77,$1222,$1412,$1,$114,$-14,$672,$2084,$24,$65,$5,$70,$-12,$-5,$17,$0,$-9,$85,$-44,$0,$0,$0,$4,$4,$0,$-39,$-2,$0,$-2,$0,$0,$0,$-22,$-23,$23,$2,$0
2,2018-03-31,10.76,$10.21,1.05,$21.10,0.51,$3.46,3.11,$1.98,5.43,$0.35B,$0.20B,1.74,$0.86B,$0.66B,1.3,$1.37B,$0.32B,22.94%,$1.37B,$0.11B,8.16%,$1.37B,$0.11B,8.16%,$1.37B,$0.24B,17.48%,$1.37B,$0.03B,2.04%,$1.37B,$0.13B,9.54%,$0.13B,$0.66B,22.43%,$0.13B,$0.42B,38.79%,$0.13B,$2.08B,6.27%,$0.11B,$1.52B,7.74%,$351,$271,$80,$0,$16,$319,$31,$-16,$15,$2,$13,$13,$9,$64,$31,$65,65,$0.13,$0.13,$147,$110,$9,$347,$1488,$0,$242,$0,$1733,$2080,$200,$860,$75,$1221,$1421,$1,$110,$-21,$660,$2080,$13,$33,$-0,$33,$-7,$0,$14,$14,$12,$57,$-15,$0,$0,$0,$0,$0,$0,$-15,$-1,$0,$-1,$0,$0,$0,$-15,$-15,$27,$1,$0
3,2017-12-31,11.99,$10.22,1.17,$20.50,0.58,$3.08,3.89,$1.87,6.41,$0.31B,$0.18B,1.74,$0.86B,$0.66B,1.31,$1.33B,$0.31B,23.35%,$1.33B,$0.10B,7.81%,$1.33B,$0.10B,7.81%,$1.33B,$0.23B,17.42%,$1.33B,$0.02B,1.65%,$1.33B,$0.12B,9.23%,$0.12B,$0.66B,21.90%,$0.12B,$0.42B,39.33%,$0.12B,$2.06B,5.85%,$0.10B,$1.52B,7.32%,$360,$273,$87,$0,$19,$322,$38,$-15,$23,$-151,$174,$174,$134,$69,$38,$64,65,$2.08,$2.06,$120,$111,$7,$311,$1501,$0,$245,$0,$1749,$2060,$178,$861,$75,$1222,$1401,$1,$101,$-21,$660,$2060,$104,$128,$-59,$69,$-8,$-19,$12,$-12,$-24,$149,$-76,$0,$0,$0,$21,$21,$1,$-55,$46,$-42,$4,$0,$0,$0,$-112,$-108,$-14,$5,$0
4,2017-09-30,9.14,$7.91,1.16,$20.04,0.46,$4.38,2.09,$0.08,114.25,$0.36B,$0.23B,1.58,$0.86B,$0.51B,1.69,$1.30B,$0.32B,24.96%,$1.30B,$0.11B,8.71%,$1.30B,$0.11B,8.71%,$1.30B,$0.24B,18.64%,$1.30B,$0.03B,2.54%,$1.30B,$0.01B,0.46%,$0.01B,$0.51B,1.08%,$0.01B,$0.26B,1.97%,$0.01B,$2.12B,0.28%,$0.11B,$1.37B,8.00%,$339,$257,$82,$0,$17,$305,$34,$-17,$17,$-2,$19,$19,$12,$65,$34,$64,65,$0.18,$0.18,$149,$122,$7,$357,$1505,$0,$248,$0,$1758,$2115,$226,$859,$76,$1380,$1606,$1,$-34,$-19,$509,$2115,$-70,$97,$95,$192,$-10,$-29,$33,$16,$7,$128,$-50,$0,$0,$0,$21,$21,$0,$-29,$-26,$28,$2,$0,$0,$0,$-87,$-85,$15,$4,$0
5,2017-06-30,10.9,$7.89,1.38,$19.40,0.56,$5.08,2.15,0,0.0,$0.34B,$0.19B,1.77,$0.87B,$0.51B,1.72,$1.25B,$0.32B,25.38%,$1.25B,$0.11B,8.62%,$1.25B,$0.11B,8.62%,$1.25B,$0.23B,18.52%,$1.25B,$0.03B,2.63%,$1.25B,0,0.00%,$0.00B,$0.51B,0.00%,$0.00B,$0.26B,0.00%,$0.00B,$2.11B,0.00%,$0.11B,$1.38B,7.49%,$323,$257,$66,$0,$24,$314,$9,$-36,$-27,$5,$-32,$-32,$-24,$42,$9,$64,64,$-0.38,$-0.38,$137,$116,$6,$341,$1511,$0,$250,$0,$1766,$2107,$192,$870,$80,$1407,$1599,$1,$-46,$-19,$507,$2107,$-89,$67,$108,$175,$-5,$-24,$16,$-0,$-31,$54,$-22,$0,$0,$0,$21,$21,$0,$-2,$87,$-72,$15,$0,$0,$0,$-65,$-50,$3,$3,$0
6,2017-03-31,8.96,$8.88,1.01,$18.93,0.47,$6.00,1.49,$0.31,28.9,$0.34B,$0.18B,1.88,$0.85B,$0.57B,1.48,$1.22B,$0.32B,26.17%,$1.22B,$0.11B,8.99%,$1.22B,$0.11B,8.99%,$1.22B,$0.23B,18.81%,$1.22B,$0.06B,4.99%,$1.22B,$0.02B,1.55%,$0.02B,$0.57B,3.11%,$0.02B,$0.32B,5.34%,$0.02B,$2.13B,0.89%,$0.11B,$1.42B,7.47%,$310,$234,$76,$0,$20,$287,$23,$-14,$9,$66,$-58,$-58,$1,$56,$23,$64,65,$0.02,$0.02,$157,$111,$8,$344,$1523,$0,$253,$0,$1782,$2126,$183,$847,$78,$1372,$1555,$1,$-21,$-19,$571,$2126,$-58,$33,$65,$98,$-2,$-19,$26,$-6,$-11,$30,$-13,$0,$0,$0,$21,$21,$0,$8,$-1,$0,$-1,$0,$0,$0,$-13,$-14,$23,$2,$0
7,2016-12-31,11.34,$9.96,1.14,$19.03,0.6,$5.99,1.89,$0.23,49.3,$0.32B,$0.17B,1.84,$0.85B,$0.64B,1.33,$1.22B,$0.32B,25.82%,$1.22B,$0.10B,7.92%,$1.22B,$0.10B,7.92%,$1.22B,$0.21B,17.32%,$1.22B,$0.07B,5.56%,$1.22B,$0.01B,1.14%,$0.01B,$0.64B,2.24%,$0.01B,$0.38B,3.80%,$0.01B,$2.12B,0.65%,$0.10B,$1.49B,6.42%,$326,$226,$100,$0,$22,$278,$47,$-13,$34,$3,$32,$32,$17,$79,$47,$64,64,$0.25,$0.25,$134,$93,$4,$316,$1543,$0,$256,$0,$1805,$2121,$172,$849,$78,$1309,$1481,$1,$-22,$-19,$640,$2121,$60,$114,$2,$116,$4,$29,$-1,$-2,$44,$219,$-64,$0,$-13,$0,$21,$21,$20,$-36,$-51,$-70,$-121,$0,$0,$0,$-51,$-172,$11,$7,$0
8,2016-09-30,8.02,$9.65,0.83,$19.41,0.41,$4.58,1.75,$0.27,29.7,$0.27B,$0.18B,1.49,$0.86B,$0.62B,1.39,$1.25B,$0.30B,23.64%,$1.25B,$0.08B,5.99%,$1.25B,$0.08B,5.99%,$1.25B,$0.19B,15.26%,$1.25B,$0.05B,4.23%,$1.25B,$0.02B,1.28%,$0.02B,$0.62B,2.58%,$0.02B,$0.36B,4.41%,$0.02B,$2.12B,0.73%,$0.08B,$1.48B,4.86%,$294,$218,$76,$0,$22,$265,$29,$-12,$17,$3,$14,$14,$6,$55,$29,$64,65,$0.10,$0.10,$105,$98,$5,$269,$1548,$41,$259,$1,$1853,$2122,$181,$861,$77,$1321,$1503,$1,$-39,$-19,$619,$2122,$28,$82,$0,$83,$10,$24,$-4,$13,$55,$166,$-43,$0,$-13,$0,$0,$0,$20,$-36,$-45,$-65,$-111,$0,$0,$0,$-38,$-148,$-18,$5,$0
9,2016-06-30,5.82,$9.59,0.61,$20.08,0.29,$3.19,1.82,$-0.19,0.0,$0.28B,$0.18B,1.55,$0.89B,$0.62B,1.44,$1.30B,$0.29B,22.47%,$1.30B,$0.07B,5.33%,$1.30B,$0.07B,5.33%,$1.30B,$0.19B,14.29%,$1.30B,$0.05B,3.47%,$1.30B,$-0.01B,-1.08%,$-0.01B,$0.62B,-2.26%,$-0.01B,$0.36B,-3.89%,$-0.01B,$2.14B,-0.63%,$0.07B,$1.50B,4.38%,$293,$224,$68,$0,$24,$282,$11,$-10,$1,$0,$1,$1,$-5,$40,$11,$64,64,$-0.07,$-0.07,$108,$106,$7,$280,$1558,$41,$255,$2,$1863,$2142,$180,$887,$76,$1346,$1526,$1,$-45,$-19,$616,$2142,$14,$57,$-0,$57,$16,$16,$-6,$16,$51,$122,$-30,$0,$-12,$0,$0,$0,$18,$-24,$-47,$-40,$-87,$0,$0,$0,$-25,$-113,$-15,$3,$0
10,2016-03-31,6.5,$9.74,0.67,$20.86,0.31,$2.60,2.5,$-0.33,0.0,$0.30B,$0.16B,1.89,$0.95B,$0.63B,1.51,$1.35B,$0.28B,20.37%,$1.35B,$0.06B,4.74%,$1.35B,$0.06B,4.74%,$1.35B,$0.18B,13.19%,$1.35B,$0.04B,2.74%,$1.35B,$-0.02B,-1.70%,$-0.02B,$0.63B,-3.65%,$-0.02B,$0.37B,-5.36%,$-0.02B,$2.19B,-1.06%,$0.06B,$1.57B,4.15%,$311,$239,$72,$0,$24,$302,$10,$6,$16,$3,$13,$13,$-4,$38,$10,$64,64,$-0.06,$-0.06,$102,$108,$10,$303,$1568,$41,$258,$10,$1887,$2190,$160,$945,$77,$1405,$1565,$1,$-41,$-19,$625,$2190,$13,$28,$-10,$18,$-7,$14,$-6,$-2,$-1,$29,$-14,$0,$0,$0,$0,$0,$9,$-5,$-33,$0,$-33,$0,$0,$0,$-13,$-46,$-22,$2,$0
11,2015-12-31,3.47,$9.73,0.36,$20.90,0.17,$2.40,1.45,$-0.33,0.0,$0.33B,$0.17B,1.97,$1.00B,$0.62B,1.6,$1.36B,$0.27B,19.44%,$1.36B,$0.08B,5.87%,$1.36B,$0.08B,5.87%,$1.36B,$0.19B,13.87%,$1.36B,$0.02B,1.69%,$1.36B,$-0.02B,-1.69%,$-0.02B,$0.62B,-3.58%,$-0.02B,$0.36B,-4.60%,$-0.02B,$2.26B,-1.09%,$0.08B,$1.62B,5.37%,$354,$274,$80,$0,$22,$329,$25,$-6,$19,$-14,$33,$33,$19,$58,$25,$65,65,$0.29,$0.29,$123,$122,$5,$326,$1582,$41,$261,$30,$1929,$2256,$166,$998,$89,$1467,$1633,$1,$-36,$-20,$623,$2256,$10,$109,$33,$142,$19,$23,$-18,$-5,$-11,$141,$-76,$0,$-192,$0,$0,$0,$-18,$-285,$13,$242,$255,$-49,$-49,$-28,$-50,$129,$-16,$7,$-28
12,2015-09-30,7.5,$9.60,0.78,$21.30,0.35,$1.21,6.21,$-1.61,0.0,$0.34B,$0.17B,2.02,$1.00B,$0.61B,1.62,$1.41B,$0.25B,17.72%,$1.41B,$0.02B,1.70%,$1.41B,$0.02B,1.70%,$1.41B,$0.13B,8.93%,$1.41B,$-0.04B,-2.76%,$1.41B,$-0.11B,-7.65%,$-0.11B,$0.61B,-16.31%,$-0.11B,$0.35B,-18.62%,$-0.11B,$2.28B,-5.30%,$0.02B,$1.61B,1.69%,$337,$266,$71,$0,$22,$314,$23,$-15,$9,$5,$4,$-17,$-24,$49,$23,$65,65,$-0.36,$-0.36,$103,$125,$5,$339,$1597,$41,$266,$22,$1942,$2280,$168,$998,$88,$1498,$1666,$1,$-46,$-19,$614,$2280,$-23,$76,$47,$123,$8,$21,$-10,$-10,$-17,$83,$-49,$0,$-193,$0,$0,$0,$-22,$-264,$61,$185,$246,$-46,$-46,$-18,$-37,$145,$-36,$6,$-18
13,2015-06-30,12.37,$10.11,1.22,$21.51,0.57,$-0.02,0.0,$-1.30,0.0,$0.40B,$0.16B,2.47,$0.70B,$0.66B,1.06,$1.45B,$0.26B,18.13%,$1.45B,$0.03B,1.86%,$1.45B,$0.03B,1.86%,$1.45B,$0.13B,8.68%,$1.45B,$-0.03B,-2.34%,$1.45B,$-0.09B,-6.06%,$-0.09B,$0.66B,-12.51%,$-0.09B,$0.64B,-12.89%,$-0.09B,$1.95B,-4.46%,$0.03B,$1.36B,1.96%,$348,$296,$52,$0,$19,$342,$6,$-13,$-7,$-1,$-6,$-7,$-14,$33,$6,$65,65,$-0.21,$-0.21,$202,$108,$7,$398,$1453,$61,$21,$0,$1552,$1950,$161,$699,$81,$1129,$1290,$1,$-12,$-17,$660,$1950,$-6,$50,$18,$69,$22,$36,$-25,$2,$14,$77,$-23,$0,$0,$0,$0,$0,$0,$-23,$61,$0,$61,$-20,$-20,$-9,$-24,$9,$63,$4,$-9
14,2015-03-31,14.15,$10.28,1.38,$21.53,0.66,$-1.60,0.0,$-1.80,0.0,$0.41B,$0.17B,2.41,$0.70B,$0.67B,1.04,$1.48B,$0.29B,19.86%,$1.48B,$-0.05B,-3.39%,$1.48B,$-0.05B,-3.39%,$1.48B,$0.06B,3.73%,$1.48B,$-0.13B,-8.54%,$1.48B,$-0.12B,-8.34%,$-0.12B,$0.67B,-16.37%,$-0.12B,$0.65B,-16.93%,$-0.12B,$1.96B,-6.10%,$-0.05B,$1.37B,-3.54%,$324,$262,$62,$0,$13,$299,$26,$-23,$2,$1,$1,$0,$-4,$49,$26,$66,66,$-0.06,$-0.06,$165,$129,$26,$406,$1452,$63,$22,$0,$1556,$1962,$168,$699,$76,$1123,$1292,$1,$6,$-25,$670,$1962,$0,$24,$3,$27,$17,$12,$-14,$-11,$-16,$11,$-8,$0,$0,$0,$0,$0,$0,$-8,$61,$0,$61,$-21,$-21,$-4,$-13,$24,$26,$2,$-4
15,2014-12-31,18.26,$10.64,1.72,$21.69,0.84,$-2.25,0.0,$-1.85,0.0,$0.37B,$0.21B,1.74,$0.63B,$0.71B,0.9,$1.50B,$0.29B,19.28%,$1.50B,$-0.06B,-4.12%,$1.50B,$-0.06B,-4.12%,$1.50B,$0.04B,2.93%,$1.50B,$-0.13B,-8.38%,$1.50B,$-0.13B,-8.44%,$-0.13B,$0.71B,-16.08%,$-0.13B,$0.68B,-16.91%,$-0.13B,$1.96B,-6.13%,$-0.06B,$1.34B,-4.32%,$402,$337,$65,$0,$35,$433,$-31,$-12,$-43,$-13,$-30,$-62,$-66,$-5,$-31,$69,69,$-0.96,$-0.96,$139,$142,$4,$369,$1480,$63,$22,$1,$1591,$1960,$213,$634,$79,$1042,$1254,$1,$14,$-22,$705,$1960,$-102,$106,$134,$240,$13,$-13,$-33,$13,$-26,$112,$-125,$0,$0,$0,$0,$0,$0,$-125,$-8,$-40,$-48,$5,$5,$-4,$-35,$-82,$-95,$10,$-4
16,2014-09-30,21.14,$11.49,1.84,$21.78,0.97,$-1.98,0.0,$-0.71,0.0,$0.39B,$0.18B,2.13,$0.65B,$0.78B,0.84,$1.52B,$0.31B,20.28%,$1.52B,$-0.00B,-0.33%,$1.52B,$-0.00B,-0.33%,$1.52B,$0.11B,7.50%,$1.52B,$-0.07B,-4.54%,$1.52B,$-0.05B,-3.29%,$-0.05B,$0.78B,-6.08%,$-0.05B,$0.76B,-6.39%,$-0.05B,$2.03B,-2.33%,$-0.00B,$1.43B,-0.34%,$377,$293,$84,$0,$19,$351,$26,$-12,$14,$6,$8,$6,$-4,$49,$26,$69,69,$-0.05,$-0.05,$115,$139,$58,$392,$1476,$97,$19,$0,$1634,$2026,$184,$652,$60,$1064,$1248,$1,$83,$-15,$778,$2026,$-46,$80,$79,$160,$22,$-17,$-38,$-10,$-55,$58,$-107,$0,$0,$0,$0,$0,$0,$-107,$-8,$-40,$-48,$7,$7,$0,$-29,$-70,$-119,$8,$0
17,2014-06-30,20.25,$12.62,1.6,$21.68,0.93,$-1.09,0.0,$-0.57,0.0,$0.43B,$0.21B,2.11,$0.65B,$0.85B,0.77,$1.52B,$0.30B,19.67%,$1.52B,$0.00B,0.07%,$1.52B,$0.00B,0.07%,$1.52B,$0.11B,7.06%,$1.52B,$-0.06B,-4.16%,$1.52B,$-0.04B,-2.64%,$-0.04B,$0.85B,-4.83%,$-0.04B,$0.82B,-5.13%,$-0.04B,$2.12B,-1.85%,$0.00B,$1.51B,0.07%,$372,$290,$82,$0,$22,$444,$-71,$-27,$-99,$-51,$-48,$-49,$-49,$-38,$-71,$70,70,$-0.71,$-0.71,$204,$140,$6,$433,$1499,$100,$38,$0,$1684,$2117,$205,$653,$67,$1060,$1265,$1,$87,$-12,$852,$2117,$-52,$58,$47,$105,$21,$-5,$-33,$-3,$-27,$25,$-78,$0,$0,$0,$0,$0,$0,$-78,$-3,$-32,$-35,$79,$79,$0,$-20,$23,$-29,$5,$0
18,2014-03-31,21.51,$12.04,1.79,$22.08,0.97,$0.06,340.31,$0.22,97.76,$0.41B,$0.23B,1.77,$0.65B,$0.83B,0.79,$1.55B,$0.29B,18.55%,$1.55B,$0.10B,6.33%,$1.55B,$0.10B,6.33%,$1.55B,$0.20B,12.61%,$1.55B,$0.05B,3.23%,$1.55B,$0.02B,0.97%,$0.02B,$0.83B,1.83%,$0.02B,$0.75B,1.96%,$0.02B,$2.18B,0.69%,$0.10B,$1.47B,6.67%,$353,$293,$59,$0,$21,$339,$14,$-12,$2,$-1,$3,$2,$-8,$38,$14,$70,70,$-0.11,$-0.11,$178,$125,$8,$410,$1553,$98,$78,$0,$1773,$2184,$232,$648,$71,$1127,$1359,$1,$136,$-14,$825,$2184,$-4,$24,$-1,$24,$7,$11,$-14,$-10,$-25,$-5,$-38,$0,$0,$0,$0,$0,$0,$-38,$0,$0,$0,$0,$0,$0,$-6,$-6,$-55,$2,$0
19,2013-12-31,21.48,$11.95,1.8,$23.48,0.91,$0.42,51.52,$0.36,59.67,$0.48B,$0.28B,1.7,$0.65B,$0.83B,0.78,$1.65B,$0.30B,18.20%,$1.65B,$0.11B,6.74%,$1.65B,$0.11B,6.74%,$1.65B,$0.21B,12.62%,$1.65B,$0.06B,3.58%,$1.65B,$0.03B,1.52%,$0.03B,$0.83B,3.06%,$0.03B,$0.81B,3.27%,$0.03B,$2.24B,1.15%,$0.11B,$1.48B,7.58%,$417,$334,$83,$0,$27,$390,$26,$-12,$14,$-1,$15,$15,$11,$65,$26,$70,70,$0.16,$0.16,$234,$129,$15,$482,$1459,$98,$24,$146,$1762,$2244,$283,$648,$91,$1129,$1412,$1,$144,$-14,$832,$2244,$50,$96,$9,$105,$-18,$29,$20,$0,$-4,$151,$-146,$0,$-113,$0,$-68,$-68,$0,$-327,$-75,$40,$-35,$229,$229,$0,$-25,$170,$-6,$8,$0
20,2013-09-30,16.01,$11.82,1.35,$23.83,0.67,$1.61,9.92,$0.59,27.13,$0.48B,$0.20B,2.44,$0.65B,$0.81B,0.8,$1.67B,$0.26B,15.60%,$1.67B,$0.10B,6.16%,$1.67B,$0.10B,6.16%,$1.67B,$0.17B,10.10%,$1.67B,$0.05B,3.11%,$1.67B,$0.04B,2.51%,$0.04B,$0.81B,5.58%,$0.04B,$0.75B,6.08%,$0.04B,$2.12B,1.98%,$0.10B,$1.46B,7.26%,$373,$300,$74,$0,$23,$342,$32,$-12,$20,$2,$18,$16,$6,$42,$32,$70,70,$0.09,$0.09,$269,$135,$0,$476,$1451,$94,$62,$0,$1647,$2123,$195,$648,$69,$1120,$1316,$1,$133,$-23,$807,$2123,$31,$58,$21,$78,$8,$30,$-2,$-8,$-9,$101,$-87,$0,$-29,$0,$-68,$-68,$0,$-184,$-75,$0,$-75,$228,$228,$0,$-19,$134,$30,$6,$0
21,2013-06-30,13.2,$11.81,1.12,$25.33,0.52,$1.95,6.78,$0.95,13.9,$0.55B,$0.23B,2.36,$0.65B,$0.82B,0.79,$1.78B,$0.28B,15.67%,$1.78B,$0.12B,6.96%,$1.78B,$0.12B,6.96%,$1.78B,$0.20B,11.17%,$1.78B,$0.07B,4.10%,$1.78B,$0.07B,3.82%,$0.07B,$0.82B,9.90%,$0.07B,$0.76B,10.88%,$0.07B,$2.17B,3.27%,$0.12B,$1.47B,9.04%,$404,$332,$71,$0,$22,$378,$26,$-12,$14,$1,$13,$13,$6,$50,$26,$70,70,$0.08,$0.08,$348,$139,$0,$551,$1414,$106,$62,$0,$1623,$2174,$233,$649,$69,$1123,$1356,$1,$127,$-12,$817,$2174,$19,$47,$4,$51,$11,$22,$6,$3,$19,$89,$-61,$0,$0,$0,$-68,$-68,$0,$-129,$-75,$0,$-75,$236,$236,$0,$-12,$149,$109,$4,$0
22,2013-03-31,15.38,$11.71,1.31,$26.14,0.59,$2.49,6.17,$1.19,12.92,$0.55B,$0.24B,2.33,$0.65B,$0.81B,0.8,$1.84B,$0.29B,15.89%,$1.84B,$0.14B,7.67%,$1.84B,$0.14B,7.67%,$1.84B,$0.21B,11.53%,$1.84B,$0.09B,4.90%,$1.84B,$0.09B,4.62%,$0.09B,$0.81B,13.79%,$0.09B,$0.75B,15.34%,$0.09B,$2.17B,4.19%,$0.14B,$1.46B,10.69%,$454,$382,$72,$0,$21,$427,$27,$-16,$11,$5,$6,$6,$2,$51,$27,$70,70,$0.03,$0.03,$307,$141,$0,$548,$1405,$109,$62,$0,$1620,$2167,$235,$649,$67,$1122,$1357,$1,$121,$-8,$811,$2167,$6,$24,$-1,$23,$-27,$19,$19,$-8,$-17,$13,$-31,$0,$0,$0,$-68,$-68,$0,$-98,$-75,$0,$-75,$237,$237,$0,$-8,$153,$68,$1,$0
23,2012-12-31,14.68,$8.29,1.77,$26.52,0.55,$2.57,5.72,$1.40,10.49,$0.47B,$0.25B,1.92,$0.72B,$0.58B,1.25,$1.87B,$0.29B,15.71%,$1.87B,$0.15B,7.94%,$1.87B,$0.15B,7.94%,$1.87B,$0.21B,11.42%,$1.87B,$0.10B,5.42%,$1.87B,$0.10B,5.36%,$0.10B,$0.58B,18.46%,$0.10B,$0.51B,20.84%,$0.10B,$2.01B,5.09%,$0.15B,$1.30B,11.72%,$442,$399,$44,$0,$18,$424,$18,$-12,$7,$-2,$9,$9,$28,$26,$18,$70,70,$0.40,$0.40,$239,$160,$2,$473,$1397,$41,$62,$0,$1538,$2011,$247,$720,$65,$1189,$1436,$1,$119,$-8,$575,$2011,$103,$65,$-1,$64,$-6,$58,$-69,$1,$-23,$144,$-54,$0,$0,$0,$0,$0,$0,$-54,$-3,$0,$-3,$-5,$-5,$0,$-2,$-10,$112,$7,$0
24,2012-09-30,15.18,$7.77,1.95,$26.30,0.58,$-0.67,0.0,$1.13,13.43,$0.44B,$0.22B,1.99,$0.72B,$0.54B,1.33,$1.85B,$0.30B,16.30%,$1.85B,$0.14B,7.69%,$1.85B,$0.14B,7.69%,$1.85B,$0.22B,11.64%,$1.85B,$0.10B,5.36%,$1.85B,$0.08B,4.33%,$0.08B,$0.54B,14.87%,$0.08B,$0.48B,16.82%,$0.08B,$1.96B,4.11%,$0.14B,$1.26B,11.27%,$481,$389,$92,$0,$20,$428,$53,$-12,$41,$8,$33,$33,$32,$72,$53,$70,70,$0.45,$0.45,$158,$189,$0,$439,$1380,$41,$62,$0,$1522,$1960,$220,$721,$69,$1197,$1417,$1,$91,$-9,$544,$1960,$74,$58,$27,$84,$-25,$27,$-61,$-8,$-80,$78,$-41,$0,$0,$0,$0,$0,$0,$-41,$-3,$0,$-3,$-4,$-4,$0,$0,$-7,$30,$5,$0
25,2012-06-30,13.8,$7.65,1.8,$25.23,0.55,$-2.99,0.0,$0.94,14.68,$0.45B,$0.26B,1.74,$0.72B,$0.54B,1.35,$1.77B,$0.28B,15.82%,$1.77B,$0.12B,6.72%,$1.77B,$0.12B,6.72%,$1.77B,$0.19B,10.62%,$1.77B,$0.09B,4.80%,$1.77B,$0.07B,3.73%,$0.07B,$0.54B,11.93%,$0.07B,$0.47B,13.45%,$0.07B,$1.97B,3.42%,$0.12B,$1.26B,9.38%,$461,$377,$84,$0,$21,$418,$43,$-12,$31,$7,$24,$24,$23,$63,$43,$70,70,$0.32,$0.32,$190,$207,$0,$451,$1379,$41,$62,$0,$1519,$1970,$260,$722,$67,$1175,$1435,$1,$60,$-8,$535,$1970,$41,$39,$7,$46,$13,$10,$-27,$-0,$0,$87,$-21,$0,$0,$0,$0,$0,$0,$-21,$-2,$0,$-2,$-2,$-2,$0,$0,$-4,$63,$4,$0
