,Date,Stock Price,Book Value per Share,Price to Book Ratio,TTM Sales per Share,Price to Sales Ratio,TTM FCF per Share,Price to FCF Ratio,TTM Net EPS,PE Ratio,Current Assets,Current Liabilities,Current Ratio,Long Term Debt,Shareholder's Equity_x,Debt to Equity Ratio,TTM Revenue_x,TTM Gross Profit,Gross Margin,TTM Revenue_y,TTM Operating Income,Operating Margin,TTM Revenue_x,TTM EBIT,EBIT Margin,TTM Revenue_y,TTM EBITDA,EBITDA Margin,TTM Revenue_x,TTM Pre-Tax Income,Pre-Tax Margin,TTM Revenue_y,TTM Net Income_x,Net Margin,TTM Net Income_y,Shareholder's Equity_y,Return on Equity,TTM Net Income_x,Tangible Equity,Return on Tangible Equity,TTM Net Income_y,Total Assets,Return on Assets,TTM Net Income,LT Investments & Debt,Return on Investment,revenue,cost-goods-sold,gross-profit,research-development-expenses,selling-general-administrative-expenses,operating-expenses,operating-income,total-non-operating-income-expense,pre-tax-income,total-provision-income-taxes,income-after-taxes,income-from-continuous-operations,net-income,ebitda,ebit,basic-shares-outstanding,shares-outstanding,eps-basic-net-earnings-per-share,eps-earnings-per-share-diluted,cash-on-hand,inventory,other-current-assets,total-current-assets,net-property-plant-equipment,long-term-investments,goodwill-intangible-assets-total,other-long-term-assets,total-long-term-assets,total-assets,total-current-liabilities,long-term-debt,other-non-current-liabilities,total-long-term-liabilities,total-liabilities,common-stock-net,retained-earnings-accumulated-deficit,comprehensive-income,total-share-holder-equity,total-liabilities-share-holders-equity,net-income-loss,total-depreciation-amortization-cash-flow,other-non-cash-items,total-non-cash-items,change-in-accounts-receivable,change-in-inventories,change-in-accounts-payable,change-in-assets-liabilities,total-change-in-assets-liabilities,cash-flow-from-operating-activities,net-change-in-property-plant-equipment,net-change-in-intangible-assets,net-acquisitions-divestitures,net-change-in-short-term-investments,net-change-in-long-term-investments,net-change-in-investments-total,investing-activities-other,cash-flow-from-investing-activities,net-long-term-debt,net-current-debt,debt-issuance-retirement-net-total,net-common-equity-issued-repurchased,net-total-equity-issued-repurchased,total-common-preferred-stock-dividends-paid,financial-activities-other,cash-flow-from-financial-activities,net-cash-flow,stock-based-compensation,common-stock-dividends-paid
0,2018-09-30,15.25,$13.08,1.17,$19.54,0.78,$6.56,2.32,$1.63,9.36,$0.16B,$0.13B,1.31,$0.79B,$0.61B,1.31,$0.90B,$0.26B,29.24%,$0.90B,$0.15B,16.06%,$0.90B,$0.15B,16.06%,$0.90B,$0.23B,25.58%,$0.90B,$0.09B,9.52%,$0.90B,$0.14B,15.73%,$0.14B,$0.61B,23.30%,$0.14B,$0.37B,37.99%,$0.14B,$1.65B,8.58%,$0.15B,$1.40B,10.20%,$224,$162,$62,$0,$8,$193,$31,$-15,$16,$0,$16,$16,$15,$54,$31,$46,46,$0.32,$0.32,$24,$82,$4,$164,$1258,$0,$232,$0,$1490,$1654,$125,$793,$11,$924,$1050,$553,$0,$0,$605,$1654,$48,$65,$1,$66,$-6,$-3,$30,$13,$34,$148,$-44,$0,$0,$0,$0,$0,$0,$-44,$-27,$0,$-27,$0,$0,$-67,$8,$-86,$18,$0,$-67
1,2018-06-30,14.64,$13.16,1.11,$19.32,0.76,$6.26,2.34,$1.76,8.32,$0.16B,$0.10B,1.64,$0.82B,$0.61B,1.35,$0.89B,$0.27B,30.24%,$0.89B,$0.15B,17.25%,$0.89B,$0.15B,17.25%,$0.89B,$0.24B,26.54%,$0.89B,$0.10B,10.64%,$0.89B,$0.15B,16.57%,$0.15B,$0.61B,24.92%,$0.15B,$0.37B,41.60%,$0.15B,$1.66B,8.91%,$0.15B,$1.43B,10.91%,$229,$165,$64,$0,$9,$194,$35,$-15,$20,$0,$19,$19,$19,$55,$35,$46,46,$0.40,$0.40,$12,$84,$5,$164,$1259,$0,$235,$0,$1494,$1657,$100,$818,$11,$949,$1049,$557,$0,$0,$608,$1657,$32,$42,$1,$42,$-15,$-5,$23,$1,$2,$75,$-29,$0,$0,$0,$0,$0,$0,$-29,$-1,$0,$-1,$0,$0,$-48,$9,$-41,$5,$0,$-48
2,2018-03-31,16.94,$13.17,1.29,$18.72,0.9,$6.15,2.75,$1.06,15.98,$0.17B,$0.11B,1.54,$0.82B,$0.61B,1.35,$0.87B,$0.26B,29.71%,$0.87B,$0.14B,16.18%,$0.87B,$0.14B,16.18%,$0.87B,$0.23B,26.01%,$0.87B,$0.06B,7.17%,$0.87B,$0.12B,13.29%,$0.12B,$0.61B,19.84%,$0.12B,$0.37B,33.97%,$0.12B,$1.67B,6.90%,$0.14B,$1.43B,10.01%,$215,$157,$58,$0,$8,$187,$28,$-15,$13,$0,$13,$13,$12,$50,$28,$46,46,$0.26,$0.26,$42,$80,$3,$172,$1259,$0,$237,$0,$1497,$1669,$112,$818,$10,$948,$1060,$557,$0,$0,$609,$1669,$13,$22,$0,$22,$0,$-0,$21,$15,$32,$66,$-11,$0,$0,$0,$0,$0,$0,$-11,$-1,$0,$-1,$0,$0,$-30,$10,$-21,$35,$0,$-30
3,2017-12-31,16.08,$13.32,1.21,$18.30,0.88,$5.71,2.81,$-1.97,0.0,$0.14B,$0.08B,1.75,$0.82B,$0.62B,1.33,$0.85B,$0.26B,30.61%,$0.85B,$0.14B,16.78%,$0.85B,$0.14B,16.78%,$0.85B,$0.23B,26.83%,$0.85B,$0.07B,7.92%,$0.85B,$-0.03B,-2.96%,$-0.03B,$0.62B,-4.35%,$-0.03B,$0.38B,-7.54%,$-0.03B,$1.64B,-1.49%,$0.14B,$1.43B,10.20%,$235,$156,$80,$0,$8,$184,$51,$-15,$37,$-67,$103,$103,$96,$72,$51,$46,46,$2.07,$2.07,$7,$79,$2,$136,$1266,$0,$240,$0,$1506,$1641,$78,$818,$10,$948,$1026,$572,$0,$0,$616,$1641,$-18,$84,$101,$185,$-12,$-13,$3,$-12,$-30,$137,$-39,$0,$0,$0,$0,$0,$1,$-39,$4,$0,$4,$0,$0,$-119,$-19,$-133,$-35,$0,$-119
4,2017-09-30,15.31,$11.75,1.3,$17.93,0.85,$6.77,2.26,$-1.84,0.0,$0.17B,$0.12B,1.38,$0.82B,$0.54B,1.5,$0.83B,$0.27B,32.33%,$0.83B,$0.15B,18.09%,$0.83B,$0.15B,18.09%,$0.83B,$0.23B,28.23%,$0.83B,$0.08B,9.29%,$0.83B,$-0.09B,-10.25%,$-0.09B,$0.54B,-13.94%,$-0.09B,$0.30B,-23.37%,$-0.09B,$1.68B,-5.04%,$0.15B,$1.36B,10.54%,$214,$146,$68,$0,$7,$174,$40,$-15,$25,$2,$23,$23,$21,$60,$40,$46,46,$0.45,$0.45,$27,$85,$5,$166,$1269,$0,$242,$0,$1512,$1678,$120,$816,$10,$1015,$1135,$504,$0,$0,$543,$1678,$-121,$63,$170,$234,$-12,$-18,$17,$16,$5,$113,$-23,$0,$0,$0,$0,$0,$0,$-23,$2,$0,$2,$0,$0,$-90,$-17,$-104,$-15,$0,$-90
5,2017-06-30,15.08,$11.89,1.27,$17.32,0.87,$7.21,2.09,$-1.87,0.0,$0.16B,$0.10B,1.59,$0.83B,$0.55B,1.51,$0.80B,$0.26B,32.46%,$0.80B,$0.14B,17.85%,$0.80B,$0.14B,17.85%,$0.80B,$0.23B,28.09%,$0.80B,$0.07B,9.24%,$0.80B,$-0.09B,-10.74%,$-0.09B,$0.55B,-13.06%,$-0.09B,$0.31B,-20.99%,$-0.09B,$1.68B,-5.07%,$0.14B,$1.38B,9.72%,$201,$149,$51,$0,$9,$179,$21,$-34,$-13,$-0,$-13,$-13,$-14,$43,$21,$46,46,$-0.30,$-0.30,$24,$83,$4,$158,$1274,$0,$245,$0,$1520,$1677,$99,$828,$14,$1028,$1127,$510,$0,$0,$550,$1677,$-144,$43,$169,$212,$-12,$-16,$12,$0,$-15,$52,$-10,$0,$0,$0,$0,$0,$0,$-10,$15,$0,$15,$0,$0,$-60,$-15,$-60,$-18,$0,$-60
6,2017-03-31,12.74,$12.81,0.99,$16.90,0.75,$8.17,1.56,$-1.34,0.0,$0.17B,$0.10B,1.64,$0.80B,$0.59B,1.36,$0.78B,$0.26B,33.55%,$0.78B,$0.14B,18.31%,$0.78B,$0.14B,18.31%,$0.78B,$0.22B,28.68%,$0.78B,$0.10B,12.80%,$0.78B,$-0.06B,-7.94%,$-0.06B,$0.59B,-8.76%,$-0.06B,$0.35B,-13.54%,$-0.06B,$1.70B,-3.63%,$0.14B,$1.40B,9.41%,$196,$135,$60,$0,$9,$166,$30,$-13,$18,$149,$-132,$-132,$-128,$52,$30,$46,46,$-2.77,$-2.77,$46,$78,$4,$169,$1282,$0,$248,$0,$1530,$1699,$103,$804,$13,$1004,$1107,$552,$0,$0,$592,$1699,$-132,$22,$149,$171,$1,$-11,$19,$-5,$3,$39,$-4,$0,$0,$0,$0,$0,$0,$-4,$-1,$0,$-1,$0,$0,$-30,$-1,$-31,$4,$0,$-30
7,2016-12-31,15.47,$16.31,0.95,$16.88,0.92,$8.11,1.91,$2.07,7.47,$0.15B,$0.09B,1.75,$0.81B,$0.75B,1.07,$0.78B,$0.26B,33.59%,$0.78B,$0.15B,18.72%,$0.78B,$0.15B,18.72%,$0.78B,$0.22B,28.72%,$0.78B,$0.12B,15.77%,$0.78B,$0.10B,12.31%,$0.10B,$0.75B,12.80%,$0.10B,$0.50B,19.23%,$0.10B,$1.70B,5.59%,$0.15B,$1.56B,9.29%,$218,$129,$89,$0,$10,$160,$59,$-12,$47,$1,$46,$46,$36,$79,$59,$46,46,$0.78,$0.78,$42,$67,$2,$150,$1295,$0,$250,$0,$1546,$1696,$86,$806,$13,$857,$942,$707,$0,$0,$754,$1696,$121,$78,$-25,$53,$5,$10,$2,$-2,$16,$184,$-37,$0,$0,$0,$0,$0,$19,$-18,$-61,$0,$-61,$0,$0,$-116,$5,$-173,$-7,$0,$-116
8,2016-09-30,11.79,$15.96,0.74,$17.34,0.68,$7.50,1.57,$2.00,5.9,$0.15B,$0.11B,1.47,$0.82B,$0.74B,1.11,$0.78B,$0.24B,31.32%,$0.78B,$0.13B,16.43%,$0.78B,$0.13B,16.43%,$0.78B,$0.21B,26.44%,$0.78B,$0.11B,14.51%,$0.78B,$0.09B,11.94%,$0.09B,$0.74B,12.43%,$0.09B,$0.49B,18.76%,$0.09B,$1.71B,5.35%,$0.13B,$1.56B,8.04%,$186,$126,$60,$0,$9,$153,$33,$-11,$22,$0,$22,$22,$20,$51,$33,$46,46,$0.42,$0.42,$46,$68,$2,$154,$1305,$0,$253,$1,$1558,$1713,$105,$818,$14,$870,$975,$699,$0,$0,$738,$1713,$75,$57,$-25,$33,$8,$9,$5,$14,$38,$140,$-30,$0,$0,$0,$0,$0,$19,$-11,$-50,$0,$-50,$0,$0,$-87,$5,$-132,$-3,$0,$-87
9,2016-06-30,8.08,$16.14,0.5,$18.20,0.44,$6.43,1.26,$2.01,4.02,$0.17B,$0.11B,1.51,$0.82B,$0.75B,1.11,$0.80B,$0.25B,30.51%,$0.80B,$0.13B,16.06%,$0.80B,$0.13B,16.06%,$0.80B,$0.21B,25.65%,$0.80B,$0.11B,13.95%,$0.80B,$0.09B,11.33%,$0.09B,$0.75B,12.15%,$0.09B,$0.50B,18.38%,$0.09B,$1.73B,5.16%,$0.13B,$1.57B,7.94%,$181,$129,$53,$0,$11,$160,$21,$-8,$13,$0,$13,$13,$10,$42,$21,$46,46,$0.23,$0.23,$54,$73,$4,$165,$1313,$0,$249,$2,$1565,$1730,$110,$824,$12,$874,$984,$707,$0,$0,$746,$1730,$53,$39,$-24,$16,$15,$4,$5,$16,$43,$108,$-22,$0,$0,$0,$0,$0,$18,$-5,$-47,$0,$-47,$0,$0,$-58,$7,$-98,$6,$0,$-58
10,2016-03-31,5.25,$16.52,0.32,$19.56,0.27,$6.00,0.87,$2.18,2.41,$0.16B,$0.08B,1.91,$0.84B,$0.76B,1.1,$0.83B,$0.24B,29.40%,$0.83B,$0.14B,16.51%,$0.83B,$0.14B,16.51%,$0.83B,$0.21B,25.18%,$0.83B,$0.12B,14.22%,$0.83B,$0.10B,11.69%,$0.10B,$0.76B,13.17%,$0.10B,$0.51B,17.91%,$0.10B,$1.74B,5.76%,$0.14B,$1.61B,8.81%,$195,$134,$60,$0,$8,$161,$33,$8,$41,$1,$41,$41,$30,$52,$33,$46,46,$0.64,$0.64,$34,$73,$4,$156,$1317,$0,$252,$10,$1580,$1736,$82,$842,$11,$891,$973,$724,$0,$0,$763,$1736,$41,$19,$-20,$-1,$-3,$4,$8,$-2,$7,$40,$-8,$0,$0,$0,$0,$0,$8,$0,$-33,$0,$-33,$0,$0,$-30,$7,$-55,$-15,$0,$-30
11,2015-12-31,4.83,$16.12,0.3,$20.56,0.23,$5.92,0.82,$1.83,2.64,$0.17B,$0.08B,2.2,$0.90B,$0.75B,1.2,$0.84B,$0.24B,28.64%,$0.84B,$0.14B,16.47%,$0.84B,$0.14B,16.47%,$0.84B,$0.21B,24.46%,$0.84B,$0.09B,10.74%,$0.84B,$0.08B,9.31%,$0.08B,$0.75B,10.81%,$0.08B,$0.49B,13.31%,$0.08B,$1.77B,4.86%,$0.14B,$1.64B,9.33%,$217,$147,$71,$0,$10,$177,$41,$-4,$37,$-0,$37,$37,$33,$61,$41,$42,42,$0.75,$0.75,$49,$77,$2,$169,$1327,$0,$255,$18,$1600,$1769,$77,$895,$15,$947,$1024,$714,$0,$0,$745,$1769,$92,$67,$-3,$64,$-5,$15,$-12,$-4,$-7,$149,$-42,$0,$-192,$0,$0,$0,$-18,$-252,$212,$0,$212,$17,$17,$-105,$-7,$118,$15,$0,$-105
12,2015-09-30,6.75,$15.97,0.42,$21.70,0.31,$5.03,1.34,$1.67,4.04,$0.20B,$0.08B,2.5,$0.94B,$0.74B,1.27,$0.85B,$0.22B,26.27%,$0.85B,$0.13B,15.27%,$0.85B,$0.13B,15.27%,$0.85B,$0.19B,22.49%,$0.85B,$0.08B,9.23%,$0.85B,$0.07B,7.69%,$0.07B,$0.74B,8.47%,$0.07B,$0.48B,9.40%,$0.07B,$1.81B,4.28%,$0.13B,$1.68B,9.21%,$210,$150,$61,$0,$10,$177,$34,$-12,$21,$1,$21,$21,$18,$51,$34,$43,43,$0.41,$0.41,$61,$75,$3,$201,$1331,$0,$259,$22,$1613,$1814,$81,$940,$15,$993,$1073,$712,$0,$0,$741,$1814,$55,$47,$6,$53,$-25,$17,$-4,$-8,$-20,$88,$-32,$0,$-193,$0,$0,$0,$-22,$-246,$246,$0,$246,$20,$20,$-75,$-5,$186,$28,$0,$-75
13,2015-06-30,10.07,$17.75,0.57,$22.62,0.45,$4.51,2.23,$1.76,5.72,$0.21B,$0.08B,2.64,$0.60B,$0.70B,0.86,$0.85B,$0.22B,25.82%,$0.85B,$0.13B,15.73%,$0.85B,$0.13B,15.73%,$0.85B,$0.19B,22.54%,$0.85B,$0.09B,10.45%,$0.85B,$0.07B,7.86%,$0.07B,$0.70B,9.23%,$0.07B,$0.68B,9.42%,$0.07B,$1.42B,5.05%,$0.13B,$1.30B,10.92%,$208,$156,$52,$0,$7,$178,$29,$-11,$19,$0,$18,$18,$16,$45,$29,$39,39,$0.40,$0.40,$99,$70,$4,$211,$1193,$0,$15,$0,$1208,$1419,$80,$597,$7,$642,$721,$605,$0,$0,$697,$1419,$35,$30,$6,$36,$-7,$20,$-13,$2,$3,$73,$-16,$0,$0,$0,$0,$0,$0,$-16,$61,$0,$61,$0,$0,$-46,$-6,$9,$66,$0,$-46
14,2015-03-31,12.21,$17.92,0.68,$23.54,0.52,$3.52,3.47,$1.39,8.79,$0.21B,$0.08B,2.74,$0.60B,$0.70B,0.85,$0.86B,$0.22B,25.99%,$0.86B,$0.14B,16.24%,$0.86B,$0.14B,16.24%,$0.86B,$0.20B,22.62%,$0.86B,$0.08B,9.74%,$0.86B,$0.05B,6.03%,$0.05B,$0.70B,7.48%,$0.05B,$0.69B,7.65%,$0.05B,$1.42B,4.20%,$0.14B,$1.30B,12.17%,$203,$147,$56,$0,$8,$170,$34,$-21,$13,$-3,$16,$16,$11,$48,$34,$39,39,$0.29,$0.29,$92,$84,$4,$210,$1198,$0,$15,$0,$1213,$1423,$76,$597,$7,$642,$719,$612,$0,$0,$704,$1423,$16,$15,$6,$21,$0,$6,$-2,$-10,$-6,$30,$-6,$0,$0,$0,$0,$0,$0,$-6,$61,$0,$61,$0,$0,$-22,$-5,$34,$59,$0,$-22
15,2014-12-31,15.24,$24.78,0.61,$25.16,0.61,$2.61,5.83,$1.51,10.09,$0.16B,$0.09B,1.94,$0.40B,$0.93B,0.43,$0.87B,$0.22B,24.83%,$0.87B,$0.14B,15.45%,$0.87B,$0.14B,15.45%,$0.87B,$0.19B,21.62%,$0.87B,$0.10B,11.10%,$0.87B,$0.05B,6.18%,$0.05B,$0.93B,7.62%,$0.05B,$0.91B,7.78%,$0.05B,$1.42B,4.76%,$0.14B,$1.33B,12.83%,$224,$171,$53,$0,$7,$192,$32,$-7,$25,$2,$24,$24,$20,$46,$32,$35,35,$0.55,$0.55,$33,$90,$1,$164,$1213,$0,$15,$0,$1253,$1417,$85,$399,$7,$406,$490,$557,$0,$0,$927,$1417,$88,$54,$26,$80,$-7,$-9,$-18,$8,$-40,$127,$-68,$0,$0,$0,$0,$0,$0,$-68,$-48,$0,$-48,$91,$91,$-75,$-40,$-72,$-13,$0,$-75
16,2014-09-30,16.19,$15.40,1.05,$32.12,0.5,$4.76,3.4,$1.49,10.87,$0.13B,$0.06B,2.19,$0.41B,$0.58B,0.72,$1.07B,$0.25B,23.34%,$1.07B,$0.15B,14.34%,$1.07B,$0.15B,14.34%,$1.07B,$0.22B,20.24%,$1.07B,$0.12B,11.15%,$1.07B,$0.05B,4.78%,$0.05B,$0.58B,7.63%,$0.05B,$0.56B,7.81%,$0.05B,$1.05B,4.91%,$0.15B,$0.99B,16.11%,$217,$158,$59,$0,$7,$178,$39,$-7,$32,$5,$27,$27,$20,$53,$39,$37,37,$0.52,$0.52,$27,$71,$2,$127,$894,$0,$15,$0,$924,$1051,$58,$412,$1,$417,$475,$556,$0,$0,$576,$1051,$64,$40,$24,$65,$-0,$-15,$-13,$0,$-41,$87,$-57,$0,$0,$0,$0,$0,$0,$-57,$-48,$0,$-48,$91,$91,$-54,$-37,$-49,$-19,$0,$-54
17,2014-06-30,16.34,$15.35,1.06,$31.48,0.52,$5.54,2.95,$1.40,11.67,$0.15B,$0.08B,2.0,$0.41B,$0.57B,0.72,$1.01B,$0.23B,23.02%,$1.01B,$0.14B,13.93%,$1.01B,$0.14B,13.93%,$1.01B,$0.20B,19.66%,$1.01B,$0.11B,11.07%,$1.01B,$0.04B,4.35%,$0.04B,$0.57B,6.15%,$0.04B,$0.56B,6.25%,$0.04B,$1.07B,4.33%,$0.14B,$0.99B,15.15%,$218,$162,$56,$0,$8,$183,$35,$-20,$14,$4,$11,$11,$1,$48,$35,$35,35,$0.03,$0.03,$59,$61,$3,$151,$885,$0,$16,$0,$914,$1065,$75,$413,$1,$417,$492,$554,$0,$0,$573,$1065,$37,$27,$20,$46,$-3,$-2,$-15,$3,$-30,$52,$-36,$0,$0,$0,$0,$0,$0,$-36,$-35,$0,$-35,$89,$89,$-34,$-23,$-4,$12,$0,$-34
18,2014-03-31,15.56,$24.19,0.64,$30.61,0.51,$6.15,2.53,$1.86,8.36,$0.11B,$0.09B,1.17,$0.15B,$0.76B,0.2,$0.96B,$0.22B,22.77%,$0.96B,$0.14B,14.03%,$0.96B,$0.14B,14.03%,$0.96B,$0.19B,19.54%,$0.96B,$0.13B,12.99%,$0.96B,$0.06B,6.03%,$0.06B,$0.76B,7.60%,$0.06B,$0.75B,7.68%,$0.06B,$1.01B,5.85%,$0.14B,$0.91B,14.80%,$215,$166,$49,$0,$6,$185,$29,$-3,$26,$1,$26,$26,$13,$42,$29,$31,31,$0.41,$0.41,$19,$57,$3,$108,$875,$0,$16,$0,$898,$1007,$93,$150,$1,$154,$246,$570,$0,$0,$760,$1007,$26,$13,$1,$14,$-3,$1,$-12,$-3,$-30,$7,$-16,$0,$0,$0,$0,$0,$0,$-16,$0,$0,$0,$0,$0,$-15,$-3,$-18,$-27,$0,$-15
19,2013-12-31,14.19,$24.34,0.58,$29.67,0.48,$6.44,2.2,$1.82,7.8,$0.13B,$0.11B,1.22,$0.15B,$0.77B,0.2,$0.93B,$0.22B,23.28%,$0.93B,$0.14B,15.13%,$0.93B,$0.14B,15.13%,$0.93B,$0.19B,20.17%,$0.93B,$0.13B,13.63%,$0.93B,$0.06B,6.12%,$0.06B,$0.77B,7.47%,$0.06B,$0.75B,7.51%,$0.06B,$1.03B,5.80%,$0.14B,$0.91B,15.46%,$417,$332,$85,$0,$12,$367,$50,$-3,$47,$-2,$49,$49,$17,$73,$50,$31,31,$0.52,$0.52,$46,$59,$2,$134,$871,$0,$16,$0,$894,$1028,$110,$150,$1,$153,$263,$572,$0,$0,$765,$1028,$124,$47,$2,$48,$-30,$15,$23,$5,$-12,$166,$-46,$0,$-113,$0,$0,$0,$0,$-160,$-35,$0,$-35,$232,$232,$-37,$-120,$40,$46,$0,$-37
