,Date,Stock Price,Book Value per Share,Price to Book Ratio,TTM Sales per Share,Price to Sales Ratio,TTM FCF per Share,Price to FCF Ratio,TTM Net EPS,PE Ratio,Current Assets,Current Liabilities,Current Ratio,Long Term Debt,Shareholder's Equity_x,Debt to Equity Ratio,TTM Revenue_x,TTM Gross Profit,Gross Margin,TTM Revenue_y,TTM Operating Income,Operating Margin,TTM Revenue_x,TTM EBIT,EBIT Margin,TTM Revenue_y,TTM EBITDA,EBITDA Margin,TTM Revenue_x,TTM Pre-Tax Income,Pre-Tax Margin,TTM Revenue_y,TTM Net Income_x,Net Margin,TTM Net Income_y,Shareholder's Equity_y,Return on Equity,TTM Net Income_x,Tangible Equity,Return on Tangible Equity,TTM Net Income_y,Total Assets,Return on Assets,TTM Net Income,LT Investments & Debt,Return on Investment,revenue,cost-goods-sold,gross-profit,research-development-expenses,selling-general-administrative-expenses,operating-expenses,operating-income,total-non-operating-income-expense,pre-tax-income,total-provision-income-taxes,income-after-taxes,income-from-continuous-operations,net-income,ebitda,ebit,basic-shares-outstanding,shares-outstanding,eps-basic-net-earnings-per-share,eps-earnings-per-share-diluted,cash-on-hand,inventory,other-current-assets,total-current-assets,net-property-plant-equipment,long-term-investments,goodwill-intangible-assets-total,other-long-term-assets,total-long-term-assets,total-assets,total-current-liabilities,long-term-debt,other-non-current-liabilities,total-long-term-liabilities,total-liabilities,common-stock-net,retained-earnings-accumulated-deficit,comprehensive-income,total-share-holder-equity,total-liabilities-share-holders-equity,net-income-loss,total-depreciation-amortization-cash-flow,other-non-cash-items,total-non-cash-items,change-in-accounts-receivable,change-in-inventories,change-in-accounts-payable,change-in-assets-liabilities,total-change-in-assets-liabilities,cash-flow-from-operating-activities,net-change-in-property-plant-equipment,net-change-in-intangible-assets,net-acquisitions-divestitures,net-change-in-short-term-investments,net-change-in-long-term-investments,net-change-in-investments-total,investing-activities-other,cash-flow-from-investing-activities,net-long-term-debt,net-current-debt,debt-issuance-retirement-net-total,net-common-equity-issued-repurchased,net-total-equity-issued-repurchased,total-common-preferred-stock-dividends-paid,financial-activities-other,cash-flow-from-financial-activities,net-cash-flow,stock-based-compensation,common-stock-dividends-paid
0,2018-09-30,36.3,$15.52,2.34,$7.38,4.92,$5.79,6.27,$1.99,18.24,$2.64B,$2.88B,0.92,$0.05B,$0.35B,0.14,$0.17B,$0.16B,92.90%,$0.17B,$0.06B,35.50%,$0.17B,0,0.00%,$0.17B,0,0.00%,$0.17B,$0.06B,35.50%,$0.17B,$0.05B,27.22%,$0.05B,$0.35B,13.42%,$0.05B,$0.35B,13.42%,$0.05B,$3.33B,1.40%,$0.06B,$0.40B,15.34%,$44,$5,$40,$0,$23,$27,$17,$0,$17,$4,$14,$14,$14,$0,$0,$23,23,$0.61,$0.60,$120,$0,$0,$2641,$44,$560,$0,$79,$684,$3325,$2884,$49,$39,$88,$2972,$37,$289,$-9,$353,$3325,$41,$4,$4,$8,$0,$0,$0,$-3,$-3,$46,$-5,$0,$0,$0,$12,$12,$-126,$-118,$-1,$53,$52,$-2,$-2,$-16,$20,$54,$-19,$3,$-16
1,2018-06-30,38.15,$15.19,2.51,$7.15,5.34,$6.09,6.27,$1.90,20.08,$2.62B,$2.89B,0.91,$0.05B,$0.35B,0.14,$0.16B,$0.15B,93.90%,$0.16B,$0.06B,35.98%,$0.16B,0,0.00%,$0.16B,0,0.00%,$0.16B,$0.06B,35.98%,$0.16B,$0.04B,26.83%,$0.04B,$0.35B,13.02%,$0.04B,$0.35B,13.02%,$0.04B,$3.32B,1.35%,$0.06B,$0.39B,15.25%,$43,$3,$40,$0,$23,$27,$17,$0,$17,$3,$14,$14,$14,$0,$0,$23,23,$0.60,$0.59,$55,$0,$0,$2619,$42,$585,$0,$78,$705,$3324,$2886,$49,$43,$92,$2978,$37,$281,$-7,$346,$3324,$27,$3,$3,$6,$1,$0,$0,$-0,$1,$34,$-2,$0,$0,$0,$-10,$-10,$-168,$-180,$-1,$113,$113,$-2,$-2,$-10,$-38,$62,$-84,$2,$-10
2,2018-03-31,34.9,$14.86,2.35,$6.94,5.03,$5.98,5.83,$1.77,19.72,$2.56B,$2.86B,0.9,$0.05B,$0.34B,0.15,$0.16B,$0.15B,94.38%,$0.16B,$0.06B,35.63%,$0.16B,0,0.00%,$0.16B,0,0.00%,$0.16B,$0.06B,35.63%,$0.16B,$0.04B,25.63%,$0.04B,$0.34B,12.30%,$0.04B,$0.34B,12.30%,$0.04B,$3.29B,1.28%,$0.06B,$0.39B,14.89%,$41,$2,$38,$0,$22,$24,$16,$0,$16,$3,$13,$13,$13,$0,$0,$23,23,$0.59,$0.58,$57,$0,$0,$2557,$42,$607,$0,$80,$728,$3285,$2857,$49,$42,$91,$2948,$37,$274,$-6,$338,$3285,$13,$1,$1,$3,$-1,$0,$0,$-4,$-5,$11,$-1,$0,$0,$0,$-30,$-30,$-102,$-133,$-0,$51,$51,$-2,$-2,$-5,$-5,$39,$-82,$1,$-5
3,2017-12-31,37.24,$14.71,2.53,$6.79,5.49,$6.21,6.0,$1.66,22.44,$2.54B,$2.81B,0.9,$0.05B,$0.33B,0.15,$0.16B,$0.15B,95.51%,$0.16B,$0.06B,35.26%,$0.16B,0,0.00%,$0.16B,0,0.00%,$0.16B,$0.06B,35.26%,$0.16B,$0.04B,25.00%,$0.04B,$0.33B,11.86%,$0.04B,$0.33B,11.86%,$0.04B,$3.24B,1.24%,$0.06B,$0.38B,14.53%,$41,$2,$39,$0,$23,$31,$10,$0,$10,$6,$5,$5,$5,$0,$0,$23,23,$0.22,$0.22,$139,$0,$0,$2535,$42,$582,$0,$81,$704,$3240,$2810,$49,$46,$96,$2906,$36,$267,$-2,$334,$3240,$38,$14,$7,$21,$0,$0,$0,$-5,$-5,$54,$-3,$0,$0,$1,$-10,$-9,$-102,$-115,$-2,$117,$115,$-3,$-3,$-18,$58,$152,$91,$3,$-18
4,2017-09-30,37.34,$14.75,2.53,$6.65,5.61,$6.50,5.75,$1.90,19.65,$2.45B,$2.72B,0.9,$0.05B,$0.33B,0.15,$0.15B,$0.15B,95.42%,$0.15B,$0.06B,39.22%,$0.15B,0,0.00%,$0.15B,0,0.00%,$0.15B,$0.06B,39.22%,$0.15B,$0.05B,29.41%,$0.05B,$0.33B,13.90%,$0.05B,$0.33B,13.90%,$0.05B,$3.16B,1.46%,$0.06B,$0.38B,16.04%,$39,$2,$37,$0,$21,$23,$16,$0,$16,$4,$12,$12,$12,$0,$0,$23,23,$0.52,$0.51,$129,$0,$0,$2453,$41,$579,$0,$82,$703,$3156,$2716,$50,$56,$106,$2822,$36,$268,$-1,$334,$3156,$33,$7,$-1,$6,$-2,$0,$0,$12,$10,$50,$-2,$0,$0,$0,$-3,$-3,$-27,$-32,$-1,$119,$118,$-2,$-2,$-13,$-39,$64,$81,$2,$-13
5,2017-06-30,37.99,$14.41,2.64,$6.59,5.77,$6.32,6.01,$1.85,20.53,$2.42B,$2.71B,0.89,$0.05B,$0.33B,0.15,$0.15B,$0.15B,96.03%,$0.15B,$0.06B,38.41%,$0.15B,0,0.00%,$0.15B,0,0.00%,$0.15B,$0.06B,38.41%,$0.15B,$0.04B,28.48%,$0.04B,$0.33B,13.51%,$0.04B,$0.33B,13.51%,$0.04B,$3.13B,1.42%,$0.06B,$0.38B,15.73%,$39,$2,$37,$0,$21,$24,$15,$0,$15,$4,$11,$11,$11,$0,$0,$23,23,$0.47,$0.46,$125,$0,$0,$2420,$41,$584,$0,$82,$707,$3127,$2705,$50,$45,$95,$2800,$36,$261,$-1,$327,$3127,$21,$4,$1,$5,$0,$0,$0,$3,$3,$29,$-1,$0,$0,$0,$-8,$-8,$-2,$-10,$-1,$112,$111,$-2,$-2,$-9,$-42,$58,$77,$1,$-9
6,2017-03-31,39.48,$14.11,2.8,$6.49,6.08,$6.37,6.2,$1.84,21.46,$2.35B,$2.62B,0.9,$0.05B,$0.32B,0.16,$0.15B,$0.14B,96.62%,$0.15B,$0.06B,38.51%,$0.15B,0,0.00%,$0.15B,0,0.00%,$0.15B,$0.06B,38.51%,$0.15B,$0.04B,28.38%,$0.04B,$0.32B,13.43%,$0.04B,$0.32B,13.43%,$0.04B,$3.03B,1.41%,$0.06B,$0.37B,15.77%,$37,$1,$36,$0,$21,$23,$14,$0,$14,$3,$11,$11,$11,$0,$0,$22,23,$0.48,$0.47,$89,$0,$0,$2349,$42,$562,$0,$80,$684,$3033,$2621,$51,$42,$93,$2714,$36,$255,$-1,$320,$3033,$11,$2,$0,$3,$-1,$0,$0,$3,$2,$16,$-0,$0,$0,$0,$14,$14,$33,$47,$-0,$-38,$-39,$-2,$-2,$-4,$24,$-21,$42,$1,$-4
7,2016-12-31,45.4,$13.88,3.27,$6.41,7.08,$6.43,7.06,$1.80,25.18,$2.34B,$2.64B,0.89,$0.05B,$0.31B,0.16,$0.15B,$0.14B,96.58%,$0.15B,$0.06B,39.04%,$0.15B,0,0.00%,$0.15B,0,0.00%,$0.15B,$0.06B,39.04%,$0.15B,$0.04B,28.08%,$0.04B,$0.31B,13.37%,$0.04B,$0.31B,13.37%,$0.04B,$3.04B,1.40%,$0.06B,$0.37B,16.10%,$38,$1,$36,$0,$20,$23,$15,$0,$15,$4,$11,$11,$11,$0,$0,$22,23,$0.48,$0.45,$48,$0,$0,$2339,$42,$576,$0,$81,$700,$3039,$2636,$51,$39,$90,$2726,$36,$252,$-1,$314,$3039,$41,$11,$2,$14,$4,$0,$0,$5,$9,$63,$-6,$0,$0,$0,$-9,$-9,$-274,$-290,$8,$28,$36,$0,$0,$-16,$151,$170,$-56,$2,$-16
8,2016-09-30,31.74,$13.81,2.3,$6.28,5.06,$5.70,5.57,$1.77,17.93,$2.27B,$2.53B,0.9,$0.05B,$0.31B,0.17,$0.14B,$0.14B,97.18%,$0.14B,$0.06B,40.14%,$0.14B,0,0.00%,$0.14B,0,0.00%,$0.14B,$0.06B,39.44%,$0.14B,$0.04B,28.17%,$0.04B,$0.31B,13.33%,$0.04B,$0.31B,13.33%,$0.04B,$2.94B,1.39%,$0.06B,$0.36B,16.51%,$37,$1,$36,$0,$21,$23,$14,$0,$14,$4,$10,$10,$10,$0,$0,$22,23,$0.47,$0.46,$58,$0,$0,$2269,$43,$548,$0,$79,$670,$2939,$2534,$51,$41,$93,$2627,$36,$247,$4,$312,$2939,$30,$8,$2,$10,$1,$0,$0,$8,$9,$49,$-6,$0,$0,$0,$28,$28,$-190,$-168,$8,$57,$65,$0,$0,$-12,$20,$73,$-46,$2,$-12
9,2016-06-30,27.03,$13.55,1.99,$6.12,4.42,$5.18,5.22,$1.72,15.69,$2.22B,$2.52B,0.88,$0.04B,$0.31B,0.14,$0.14B,$0.13B,97.10%,$0.14B,$0.06B,41.30%,$0.14B,0,0.00%,$0.14B,0,0.00%,$0.14B,$0.06B,40.58%,$0.14B,$0.04B,28.26%,$0.04B,$0.31B,13.34%,$0.04B,$0.31B,13.34%,$0.04B,$2.91B,1.40%,$0.06B,$0.35B,16.98%,$36,$1,$35,$0,$20,$22,$14,$0,$14,$4,$10,$10,$10,$0,$0,$22,23,$0.45,$0.45,$50,$0,$0,$2216,$43,$574,$0,$77,$694,$2910,$2522,$43,$40,$83,$2604,$36,$242,$5,$305,$2910,$20,$5,$1,$7,$0,$0,$0,$7,$7,$34,$-5,$0,$0,$0,$5,$5,$-143,$-143,$-0,$85,$84,$-0,$-0,$-8,$-21,$55,$-54,$1,$-8
10,2016-03-31,24.44,$13.18,1.85,$6.02,4.06,$4.43,5.52,$1.67,14.61,$2.13B,$2.45B,0.87,$0.04B,$0.30B,0.15,$0.14B,$0.13B,97.04%,$0.14B,$0.06B,41.48%,$0.14B,0,0.00%,$0.14B,0,0.00%,$0.14B,$0.06B,40.74%,$0.14B,$0.04B,28.15%,$0.04B,$0.30B,13.38%,$0.04B,$0.30B,13.38%,$0.04B,$2.82B,1.41%,$0.06B,$0.34B,17.15%,$35,$1,$34,$0,$19,$21,$14,$0,$14,$4,$10,$10,$10,$0,$0,$22,23,$0.44,$0.44,$48,$0,$0,$2131,$40,$575,$0,$78,$693,$2824,$2451,$43,$33,$77,$2528,$11,$236,$4,$296,$2824,$10,$3,$1,$4,$3,$0,$0,$1,$4,$18,$-1,$0,$0,$0,$2,$2,$-62,$-62,$-0,$-2,$-2,$-1,$-1,$-4,$-5,$-12,$-56,$1,$-4
11,2015-12-31,23.81,$19.21,1.24,$5.94,4.01,$3.92,6.08,$1.65,14.4,$2.13B,$2.46B,0.87,$0.04B,$0.29B,0.15,$0.13B,$0.13B,96.24%,$0.13B,$0.06B,42.11%,$0.13B,0,0.00%,$0.13B,0,0.00%,$0.13B,$0.06B,41.35%,$0.13B,$0.04B,27.82%,$0.04B,$0.29B,13.36%,$0.04B,$0.29B,13.36%,$0.04B,$2.82B,1.42%,$0.06B,$0.33B,17.64%,$34,$1,$33,$0,$18,$20,$15,$0,$14,$4,$10,$10,$10,$0,$0,$22,22,$0.43,$0.43,$104,$0,$0,$2128,$40,$572,$0,$77,$689,$2817,$2459,$43,$28,$71,$2530,$11,$231,$1,$287,$2817,$37,$7,$2,$9,$-3,$0,$0,$-0,$-3,$43,$-3,$0,$0,$0,$-57,$-57,$-166,$-227,$7,$-30,$-23,$2,$2,$-14,$249,$214,$30,$2,$-14
12,2015-09-30,22.76,$12.60,1.81,$5.89,3.86,$3.85,5.91,$1.62,14.05,$2.00B,$2.27B,0.88,$0.04B,$0.28B,0.16,$0.13B,$0.13B,95.45%,$0.13B,$0.05B,40.91%,$0.13B,0,0.00%,$0.13B,0,0.00%,$0.13B,$0.05B,40.15%,$0.13B,$0.04B,27.27%,$0.04B,$0.28B,13.32%,$0.04B,$0.28B,13.32%,$0.04B,$2.63B,1.41%,$0.05B,$0.33B,17.46%,$33,$1,$32,$0,$18,$20,$14,$0,$14,$4,$9,$9,$9,$0,$0,$22,22,$0.42,$0.41,$55,$0,$0,$2000,$40,$511,$0,$74,$625,$2625,$2271,$44,$29,$72,$2344,$10,$225,$3,$281,$2625,$28,$5,$2,$7,$-2,$0,$0,$1,$-0,$34,$-3,$0,$0,$0,$9,$9,$-88,$-82,$7,$13,$20,$1,$1,$-11,$18,$28,$-19,$2,$-11
13,2015-06-30,23.5,$12.23,1.92,$5.88,3.99,$3.77,6.23,$1.65,14.21,$1.95B,$2.15B,0.91,$0.04B,$0.27B,0.14,$0.13B,$0.13B,94.70%,$0.13B,$0.06B,41.67%,$0.13B,0,0.00%,$0.13B,0,0.00%,$0.13B,$0.05B,40.91%,$0.13B,$0.04B,28.03%,$0.04B,$0.27B,14.08%,$0.04B,$0.27B,14.08%,$0.04B,$2.48B,1.48%,$0.06B,$0.31B,18.33%,$33,$1,$32,$0,$19,$20,$13,$0,$13,$4,$9,$9,$9,$0,$0,$22,22,$0.41,$0.40,$59,$0,$0,$1949,$40,$419,$0,$74,$534,$2483,$2150,$39,$22,$61,$2210,$10,$219,$1,$272,$2483,$18,$3,$2,$5,$-4,$0,$0,$-4,$-8,$15,$-3,$0,$0,$0,$98,$98,$-31,$65,$2,$-39,$-37,$1,$1,$-7,$-52,$-95,$-16,$1,$-7
14,2015-03-31,21.27,$12.06,1.76,$5.85,3.63,$4.15,5.13,$1.62,13.13,$1.92B,$2.19B,0.88,$0.04B,$0.27B,0.14,$0.13B,$0.12B,94.66%,$0.13B,$0.05B,41.22%,$0.13B,0,0.00%,$0.13B,0,0.00%,$0.13B,$0.05B,40.46%,$0.13B,$0.04B,27.48%,$0.04B,$0.27B,14.08%,$0.04B,$0.27B,14.08%,$0.04B,$2.51B,1.46%,$0.05B,$0.30B,18.48%,$33,$1,$31,$0,$18,$19,$14,$0,$14,$4,$9,$9,$9,$0,$0,$22,22,$0.42,$0.41,$58,$0,$0,$1919,$40,$478,$0,$75,$593,$2512,$2185,$37,$23,$60,$2245,$10,$214,$4,$268,$2512,$9,$2,$1,$3,$-3,$0,$0,$-3,$-6,$7,$-2,$0,$0,$0,$44,$44,$-5,$37,$-0,$-43,$-43,$-1,$-1,$-3,$-13,$-60,$-17,$1,$-3
15,2014-12-31,20.46,$11.75,1.74,$5.80,3.53,$4.24,4.82,$1.58,12.95,$1.93B,$2.24B,0.86,$0.04B,$0.26B,0.14,$0.13B,$0.12B,95.35%,$0.13B,$0.05B,40.31%,$0.13B,0,0.00%,$0.13B,0,0.00%,$0.13B,$0.05B,39.53%,$0.13B,$0.04B,27.13%,$0.04B,$0.26B,14.11%,$0.04B,$0.26B,14.11%,$0.04B,$2.56B,1.44%,$0.05B,$0.30B,18.31%,$33,$1,$31,$0,$18,$19,$13,$0,$12,$3,$9,$9,$9,$0,$0,$22,22,$0.40,$0.38,$74,$0,$0,$1928,$39,$519,$0,$78,$636,$2564,$2241,$37,$26,$63,$2304,$10,$210,$2,$260,$2564,$35,$7,$-0,$7,$-2,$0,$0,$-0,$-2,$40,$-2,$0,$0,$0,$-17,$-17,$-151,$-170,$3,$-1,$2,$2,$2,$-13,$143,$134,$3,$2,$-13
16,2014-09-30,18.34,$11.40,1.61,$5.82,3.15,$5.14,3.57,$1.47,12.45,$1.84B,$2.09B,0.88,$0.04B,$0.25B,0.15,$0.13B,$0.12B,95.31%,$0.13B,$0.05B,37.50%,$0.13B,0,0.00%,$0.13B,0,0.00%,$0.13B,$0.05B,37.50%,$0.13B,$0.03B,25.00%,$0.03B,$0.25B,13.32%,$0.03B,$0.25B,13.32%,$0.03B,$2.41B,1.34%,$0.05B,$0.29B,17.41%,$33,$1,$31,$0,$17,$18,$15,$0,$15,$5,$10,$10,$10,$0,$0,$22,22,$0.45,$0.45,$70,$0,$0,$1837,$39,$456,$0,$76,$570,$2408,$2091,$37,$28,$65,$2156,$10,$204,$1,$251,$2408,$26,$3,$-1,$3,$-2,$0,$0,$3,$1,$30,$-1,$0,$0,$0,$44,$44,$-62,$-19,$3,$-35,$-32,$1,$1,$-10,$27,$-14,$-2,$1,$-10
17,2014-06-30,18.09,$11.07,1.63,$5.81,3.12,$5.97,3.03,$1.38,13.11,$1.88B,$2.10B,0.89,$0.04B,$0.24B,0.15,$0.13B,$0.12B,95.28%,$0.13B,$0.04B,34.65%,$0.13B,0,0.00%,$0.13B,0,0.00%,$0.13B,$0.04B,34.65%,$0.13B,$0.03B,23.62%,$0.03B,$0.24B,12.81%,$0.03B,$0.24B,12.81%,$0.03B,$2.41B,1.27%,$0.04B,$0.28B,15.93%,$32,$1,$31,$0,$19,$20,$12,$0,$12,$4,$8,$8,$8,$0,$0,$22,22,$0.37,$0.37,$95,$0,$0,$1875,$39,$421,$0,$76,$536,$2411,$2103,$36,$29,$65,$2168,$10,$198,$1,$244,$2411,$16,$3,$1,$4,$-2,$0,$0,$3,$1,$21,$-1,$0,$0,$0,$81,$81,$-76,$4,$2,$-2,$-1,$0,$0,$-6,$7,$-0,$24,$1,$-6
18,2014-03-31,19.0,$10.78,1.76,$5.83,3.26,$6.36,2.99,$1.31,14.46,$1.79B,$2.06B,0.87,$0.03B,$0.24B,0.15,$0.13B,$0.12B,93.70%,$0.13B,$0.04B,33.86%,$0.13B,0,0.00%,$0.13B,0,0.00%,$0.13B,$0.04B,32.28%,$0.13B,$0.03B,22.05%,$0.03B,$0.24B,12.27%,$0.03B,$0.24B,12.27%,$0.03B,$2.35B,1.21%,$0.04B,$0.27B,15.52%,$31,$1,$30,$0,$18,$19,$12,$0,$12,$4,$8,$8,$8,$0,$0,$22,22,$0.37,$0.37,$83,$0,$0,$1792,$39,$448,$0,$75,$562,$2354,$2059,$34,$24,$59,$2117,$10,$193,$-0,$237,$2354,$8,$2,$1,$2,$-2,$0,$0,$-2,$-3,$7,$-0,$0,$0,$0,$53,$53,$-5,$48,$-0,$-47,$-47,$-0,$-0,$-3,$7,$-43,$12,$0,$-3
19,2013-12-31,19.03,$10.47,1.82,$5.87,3.24,$7.10,2.68,$1.27,15.03,$1.77B,$2.10B,0.84,$0.03B,$0.23B,0.15,$0.13B,$0.12B,92.86%,$0.13B,$0.04B,32.54%,$0.13B,0,0.00%,$0.13B,0,0.00%,$0.13B,$0.04B,30.95%,$0.13B,$0.03B,21.43%,$0.03B,$0.23B,12.20%,$0.03B,$0.23B,12.20%,$0.03B,$2.39B,1.19%,$0.04B,$0.26B,14.79%,$32,$2,$30,$0,$21,$23,$9,$0,$9,$2,$6,$6,$6,$0,$0,$21,22,$0.29,$0.28,$71,$0,$0,$1771,$40,$497,$0,$81,$618,$2389,$2099,$34,$27,$61,$2160,$10,$189,$-2,$229,$2389,$27,$8,$8,$16,$12,$0,$0,$3,$15,$58,$-2,$0,$9,$0,$-37,$-37,$-106,$-136,$-28,$40,$11,$2,$2,$-12,$79,$81,$3,$2,$-12
20,2013-09-30,16.78,$10.38,1.62,$5.93,2.83,$5.05,3.32,$1.29,12.98,$1.76B,$1.97B,0.89,$0.06B,$0.23B,0.28,$0.13B,$0.12B,91.27%,$0.13B,$0.04B,32.54%,$0.13B,0,0.00%,$0.13B,0,0.00%,$0.13B,$0.04B,30.95%,$0.13B,$0.03B,22.22%,$0.03B,$0.23B,13.01%,$0.03B,$0.23B,13.01%,$0.03B,$2.29B,1.27%,$0.04B,$0.29B,14.73%,$32,$2,$30,$0,$19,$21,$11,$0,$11,$3,$8,$8,$8,$0,$0,$22,22,$0.35,$0.35,$71,$0,$0,$1760,$40,$408,$0,$81,$530,$2290,$1971,$63,$29,$93,$2063,$9,$186,$-0,$227,$2290,$21,$5,$4,$9,$10,$0,$0,$8,$18,$48,$-2,$0,$9,$0,$56,$56,$-92,$-29,$1,$10,$10,$1,$1,$-9,$-20,$-17,$3,$1,$-9
21,2013-06-30,14.42,$10.12,1.42,$5.97,2.42,$4.06,3.55,$1.26,11.45,$1.73B,$1.95B,0.89,$0.06B,$0.22B,0.29,$0.13B,$0.11B,91.20%,$0.13B,$0.04B,31.20%,$0.13B,0,0.00%,$0.13B,0,0.00%,$0.13B,$0.04B,29.60%,$0.13B,$0.03B,21.60%,$0.03B,$0.22B,12.93%,$0.03B,$0.22B,12.93%,$0.03B,$2.26B,1.25%,$0.04B,$0.28B,13.98%,$32,$2,$29,$0,$19,$21,$11,$-2,$9,$3,$6,$6,$6,$0,$0,$21,21,$0.30,$0.30,$78,$0,$0,$1725,$40,$410,$0,$83,$533,$2259,$1950,$63,$25,$88,$2038,$9,$181,$-0,$220,$2259,$13,$3,$3,$6,$7,$0,$0,$3,$10,$29,$-1,$0,$9,$0,$55,$55,$-46,$17,$-0,$7,$7,$0,$0,$-6,$-37,$-36,$10,$1,$-6
22,2013-03-31,13.12,$9.98,1.31,$5.95,2.2,$3.61,3.63,$1.25,10.47,$1.64B,$1.83B,0.9,$0.06B,$0.21B,0.3,$0.12B,$0.11B,91.13%,$0.12B,$0.04B,29.84%,$0.12B,0,0.00%,$0.12B,0,0.00%,$0.12B,$0.04B,29.84%,$0.12B,$0.03B,21.77%,$0.03B,$0.21B,13.32%,$0.03B,$0.21B,13.32%,$0.03B,$2.12B,1.28%,$0.04B,$0.27B,13.20%,$30,$2,$28,$0,$18,$20,$10,$0,$10,$3,$7,$7,$7,$0,$0,$21,21,$0.33,$0.33,$59,$0,$0,$1638,$36,$369,$0,$78,$483,$2121,$1825,$63,$25,$87,$1912,$7,$177,$5,$209,$2121,$7,$1,$1,$3,$9,$0,$0,$3,$13,$22,$-0,$0,$0,$0,$22,$22,$-17,$5,$-0,$12,$12,$-0,$-0,$-3,$-45,$-36,$-8,$1,$-3
23,2012-12-31,12.96,$9.83,1.32,$6.00,2.16,$3.15,4.11,$1.24,10.45,$1.64B,$1.86B,0.88,$0.06B,$0.21B,0.31,$0.13B,$0.11B,90.40%,$0.13B,$0.04B,28.80%,$0.13B,0,0.00%,$0.13B,0,0.00%,$0.13B,$0.04B,28.80%,$0.13B,$0.03B,21.60%,$0.03B,$0.21B,13.60%,$0.03B,$0.21B,13.60%,$0.03B,$2.15B,1.29%,$0.04B,$0.27B,12.72%,$32,$4,$28,$0,$20,$23,$9,$0,$9,$2,$7,$7,$7,$0,$0,$21,21,$0.31,$0.31,$68,$0,$0,$1640,$37,$393,$0,$80,$509,$2148,$1857,$63,$23,$86,$1943,$7,$175,$5,$205,$2148,$26,$5,$13,$18,$-10,$0,$0,$-20,$-29,$15,$-3,$0,$0,$0,$-36,$-36,$-51,$-90,$-39,$-28,$-66,$1,$1,$-11,$164,$88,$13,$1,$-11
24,2012-09-30,13.55,$9.66,1.4,$5.94,2.28,$4.35,3.12,$1.23,10.99,$1.62B,$1.76B,0.92,$0.09B,$0.20B,0.45,$0.12B,$0.11B,90.32%,$0.12B,$0.03B,27.42%,$0.12B,0,0.00%,$0.12B,0,0.00%,$0.12B,$0.03B,27.42%,$0.12B,$0.03B,20.97%,$0.03B,$0.20B,13.38%,$0.03B,$0.20B,13.38%,$0.03B,$2.10B,1.26%,$0.03B,$0.29B,11.80%,$31,$3,$29,$0,$20,$22,$9,$0,$9,$2,$7,$7,$7,$0,$0,$21,21,$0.32,$0.32,$52,$0,$0,$1619,$37,$367,$0,$79,$484,$2103,$1764,$91,$46,$138,$1901,$7,$171,$6,$201,$2103,$19,$4,$12,$16,$-9,$0,$0,$1,$-8,$27,$-3,$0,$0,$0,$-9,$-9,$-42,$-54,$-10,$-30,$-40,$0,$0,$-8,$71,$24,$-3,$1,$-8
25,2012-06-30,13.61,$9.43,1.44,$5.86,2.32,$4.14,3.29,$1.19,11.4,$1.63B,$1.75B,0.93,$0.09B,$0.20B,0.47,$0.12B,$0.11B,89.34%,$0.12B,$0.03B,27.05%,$0.12B,0,0.00%,$0.12B,0,0.00%,$0.12B,$0.03B,27.05%,$0.12B,$0.03B,20.49%,$0.03B,$0.20B,13.16%,$0.03B,$0.20B,13.16%,$0.03B,$2.08B,1.22%,$0.03B,$0.29B,11.53%,$31,$3,$28,$0,$19,$22,$9,$0,$9,$2,$6,$6,$6,$0,$0,$21,21,$0.29,$0.29,$70,$0,$0,$1629,$38,$339,$0,$78,$455,$2084,$1752,$91,$44,$135,$1887,$7,$167,$6,$196,$2084,$13,$2,$9,$11,$-2,$0,$0,$-1,$-3,$21,$-3,$0,$0,$0,$19,$19,$-37,$-21,$-10,$-16,$-26,$0,$0,$-5,$47,$16,$15,$1,$-5
26,2012-03-31,13.07,$9.22,1.42,$5.82,2.25,$3.95,3.31,$1.19,11.02,$1.57B,$1.71B,0.92,$0.09B,$0.19B,0.48,$0.12B,$0.11B,88.43%,$0.12B,$0.03B,26.45%,$0.12B,0,0.00%,$0.12B,0,0.00%,$0.12B,$0.03B,26.45%,$0.12B,$0.03B,20.66%,$0.03B,$0.19B,13.46%,$0.03B,$0.19B,13.46%,$0.03B,$2.04B,1.25%,$0.03B,$0.28B,11.26%,$31,$3,$28,$0,$19,$22,$9,$0,$9,$2,$7,$7,$7,$0,$0,$21,21,$0.31,$0.31,$54,$0,$0,$1567,$38,$355,$0,$81,$473,$2041,$1708,$91,$50,$141,$1849,$7,$163,$5,$192,$2041,$7,$1,$3,$5,$-3,$0,$0,$6,$3,$15,$-2,$0,$0,$0,$3,$3,$10,$11,$-10,$-23,$-33,$-0,$-0,$-3,$10,$-26,$-1,$0,$-3
27,2011-12-31,11.47,$9.05,1.27,$5.74,2.0,$3.86,2.97,$1.14,10.06,$1.58B,$1.72B,0.92,$0.10B,$0.19B,0.54,$0.12B,$0.10B,87.39%,$0.12B,$0.03B,26.05%,$0.12B,0,0.00%,$0.12B,0,0.00%,$0.12B,$0.03B,26.05%,$0.12B,$0.02B,19.33%,$0.02B,$0.19B,12.71%,$0.02B,$0.19B,12.71%,$0.02B,$2.05B,1.16%,$0.03B,$0.29B,10.98%,$31,$4,$27,$0,$20,$23,$7,$0,$7,$1,$6,$6,$6,$0,$0,$21,21,$0.31,$0.31,$55,$0,$0,$1580,$37,$358,$0,$78,$473,$2053,$1721,$101,$43,$144,$1865,$7,$161,$5,$188,$2053,$24,$4,$13,$17,$8,$0,$0,$-4,$4,$44,$-8,$0,$0,$0,$-104,$-104,$-50,$-162,$-0,$16,$16,$1,$1,$-10,$124,$131,$13,$1,$-10
28,2011-09-30,10.31,$8.87,1.16,$5.77,1.79,$3.59,2.87,$1.13,9.15,$1.58B,$1.66B,0.95,$0.10B,$0.18B,0.55,$0.12B,$0.10B,87.39%,$0.12B,$0.03B,26.89%,$0.12B,0,0.00%,$0.12B,0,0.00%,$0.12B,$0.03B,26.89%,$0.12B,$0.02B,19.33%,$0.02B,$0.18B,13.03%,$0.02B,$0.18B,13.03%,$0.02B,$1.99B,1.19%,$0.03B,$0.29B,11.52%,$29,$4,$26,$0,$17,$21,$8,$0,$8,$2,$6,$6,$6,$0,$0,$21,21,$0.28,$0.28,$55,$0,$0,$1582,$35,$293,$0,$78,$406,$1988,$1661,$101,$42,$143,$1804,$7,$157,$6,$184,$1988,$17,$3,$9,$12,$1,$0,$0,$-5,$-3,$26,$-6,$0,$0,$0,$-38,$-38,$-40,$-85,$-0,$-3,$-3,$0,$0,$-7,$83,$73,$14,$1,$-7
29,2011-06-30,12.76,$8.64,1.48,$5.82,2.19,$3.35,3.8,$1.15,11.06,$1.57B,$1.62B,0.97,$0.10B,$0.18B,0.57,$0.12B,$0.10B,85.83%,$0.12B,$0.03B,27.50%,$0.12B,0,0.00%,$0.12B,0,0.00%,$0.12B,$0.03B,27.50%,$0.12B,$0.02B,19.17%,$0.02B,$0.18B,13.33%,$0.02B,$0.18B,13.33%,$0.02B,$1.94B,1.20%,$0.03B,$0.28B,11.84%,$30,$4,$26,$0,$17,$21,$8,$0,$8,$2,$6,$6,$6,$0,$0,$21,21,$0.29,$0.29,$44,$0,$0,$1566,$35,$264,$0,$79,$377,$1943,$1622,$101,$42,$143,$1765,$7,$153,$5,$179,$1943,$11,$2,$5,$7,$8,$0,$0,$-8,$0,$19,$-5,$0,$0,$0,$-11,$-11,$-36,$-52,$-0,$2,$2,$0,$0,$-5,$39,$36,$3,$1,$-5
30,2011-03-31,13.7,$8.39,1.63,$5.81,2.36,$3.85,3.56,$1.13,12.09,$1.54B,$1.60B,0.96,$0.10B,$0.17B,0.59,$0.12B,$0.10B,84.87%,$0.12B,$0.03B,27.73%,$0.12B,0,0.00%,$0.12B,0,0.00%,$0.12B,$0.03B,27.73%,$0.12B,$0.02B,19.33%,$0.02B,$0.17B,13.67%,$0.02B,$0.17B,13.67%,$0.02B,$1.92B,1.22%,$0.03B,$0.28B,11.91%,$29,$4,$25,$0,$18,$22,$8,$0,$8,$2,$5,$5,$5,$0,$0,$21,21,$0.27,$0.27,$40,$0,$0,$1539,$33,$265,$0,$82,$381,$1919,$1600,$101,$45,$146,$1746,$7,$150,$3,$173,$1919,$5,$0,$3,$3,$10,$0,$0,$-6,$4,$13,$-2,$0,$0,$0,$-14,$-14,$-15,$-31,$-0,$-4,$-4,$0,$0,$-2,$23,$16,$-2,$0,$-2
31,2010-12-31,13.27,$8.24,1.61,$5.80,2.29,$4.73,2.8,$1.11,11.99,$1.54B,$1.58B,0.98,$0.10B,$0.17B,0.6,$0.12B,$0.10B,84.03%,$0.12B,$0.03B,26.89%,$0.12B,0,0.00%,$0.12B,0,0.00%,$0.12B,$0.03B,26.89%,$0.12B,$0.02B,19.33%,$0.02B,$0.17B,14.00%,$0.02B,$0.17B,14.00%,$0.02B,$1.90B,1.24%,$0.03B,$0.27B,11.72%,$31,$4,$27,$0,$19,$23,$8,$0,$8,$2,$6,$6,$6,$0,$0,$21,21,$0.29,$0.30,$42,$0,$0,$1543,$32,$251,$0,$77,$360,$1903,$1581,$101,$50,$152,$1733,$7,$148,$3,$170,$1903,$23,$3,$10,$13,$1,$0,$0,$-0,$1,$37,$-6,$0,$0,$0,$-16,$-16,$-83,$-105,$-0,$15,$15,$1,$1,$-12,$74,$78,$9,$1,$-12
32,2010-09-30,13.32,$8.15,1.63,$5.68,2.35,$3.77,3.53,$1.09,12.26,$1.51B,$1.55B,0.98,$0.12B,$0.17B,0.72,$0.12B,$0.10B,82.05%,$0.12B,$0.03B,23.93%,$0.12B,0,0.00%,$0.12B,0,0.00%,$0.12B,$0.03B,23.93%,$0.12B,$0.02B,17.09%,$0.02B,$0.17B,12.48%,$0.02B,$0.17B,12.48%,$0.02B,$1.88B,1.09%,$0.03B,$0.29B,10.41%,$30,$5,$25,$0,$17,$21,$9,$0,$9,$3,$6,$6,$6,$0,$0,$21,21,$0.31,$0.31,$31,$0,$0,$1512,$31,$264,$0,$75,$369,$1881,$1549,$121,$44,$165,$1714,$7,$144,$5,$168,$1881,$17,$2,$6,$8,$3,$0,$0,$-9,$-6,$19,$-5,$0,$0,$0,$-26,$-26,$-61,$-91,$20,$13,$33,$0,$0,$-7,$45,$71,$-1,$1,$-7
33,2010-06-30,12.25,$7.89,1.55,$5.65,2.17,$3.80,3.22,$0.99,12.33,$1.54B,$1.55B,1.0,$0.11B,$0.16B,0.69,$0.12B,$0.09B,81.03%,$0.12B,$0.03B,21.55%,$0.12B,0,0.00%,$0.12B,0,0.00%,$0.12B,$0.03B,21.55%,$0.12B,$0.02B,15.52%,$0.02B,$0.16B,11.50%,$0.02B,$0.16B,11.50%,$0.02B,$1.86B,1.00%,$0.03B,$0.27B,9.33%,$29,$5,$24,$0,$17,$22,$8,$0,$8,$2,$6,$6,$6,$0,$0,$21,21,$0.27,$0.27,$75,$0,$0,$1542,$28,$218,$0,$72,$318,$1859,$1548,$111,$38,$149,$1697,$7,$140,$4,$162,$1859,$11,$2,$4,$5,$6,$0,$0,$3,$10,$26,$-1,$0,$0,$0,$18,$18,$-63,$-46,$10,$1,$11,$0,$0,$-5,$56,$62,$42,$0,$-5
34,2010-03-31,12.04,$7.67,1.57,$5.63,2.14,$2.70,4.45,$0.93,12.9,$1.50B,$1.51B,0.99,$0.10B,$0.16B,0.64,$0.12B,$0.09B,79.31%,$0.12B,$0.02B,19.83%,$0.12B,0,0.00%,$0.12B,0,0.00%,$0.12B,$0.02B,19.83%,$0.12B,$0.02B,13.79%,$0.02B,$0.16B,10.42%,$0.02B,$0.16B,10.42%,$0.02B,$1.80B,0.90%,$0.02B,$0.26B,8.52%,$29,$5,$24,$0,$16,$22,$7,$0,$7,$2,$5,$5,$5,$0,$0,$20,21,$0.25,$0.24,$72,$0,$0,$1501,$28,$208,$0,$65,$301,$1802,$1510,$101,$34,$135,$1645,$7,$137,$3,$157,$1802,$5,$1,$2,$3,$10,$0,$0,$12,$21,$29,$-0,$0,$0,$0,$26,$26,$-32,$-6,$-0,$2,$2,$0,$0,$-2,$17,$16,$40,$0,$-2
35,2009-12-31,11.21,$7.53,1.49,$5.55,2.02,$1.61,6.97,$0.93,12.1,$1.47B,$1.49B,0.98,$0.10B,$0.15B,0.66,$0.11B,$0.09B,78.07%,$0.11B,$0.02B,20.18%,$0.11B,0,0.00%,$0.11B,0,0.00%,$0.11B,$0.02B,20.18%,$0.11B,$0.02B,14.04%,$0.02B,$0.15B,10.60%,$0.02B,$0.15B,10.60%,$0.02B,$1.79B,0.92%,$0.02B,$0.26B,8.53%,$29,$6,$23,$0,$19,$25,$4,$0,$4,$1,$3,$3,$3,$0,$0,$20,21,$0.14,$0.14,$32,$0,$0,$1467,$28,$234,$0,$63,$325,$1791,$1491,$101,$45,$147,$1638,$6,$135,$2,$154,$1791,$16,$3,$11,$13,$-10,$0,$0,$-6,$-16,$13,$-3,$0,$0,$0,$-57,$-57,$-84,$-143,$-10,$5,$-5,$1,$1,$-9,$148,$135,$5,$1,$-9
36,2009-09-30,12.03,$7.52,1.6,$5.53,2.18,$2.14,5.62,$0.90,13.37,$1.44B,$1.45B,1.0,$0.13B,$0.15B,0.86,$0.11B,$0.09B,76.99%,$0.11B,$0.03B,23.01%,$0.11B,0,0.00%,$0.11B,0,0.00%,$0.11B,$0.03B,23.01%,$0.11B,$0.02B,15.93%,$0.02B,$0.15B,12.10%,$0.02B,$0.15B,12.10%,$0.02B,$1.76B,1.06%,$0.03B,$0.29B,9.64%,$29,$7,$23,$0,$17,$23,$6,$0,$6,$2,$4,$4,$4,$0,$0,$20,21,$0.21,$0.21,$36,$0,$0,$1440,$28,$239,$0,$57,$324,$1764,$1445,$131,$34,$166,$1610,$6,$135,$3,$153,$1764,$13,$2,$5,$7,$-2,$0,$0,$-1,$-3,$17,$-2,$0,$0,$0,$-60,$-60,$-66,$-128,$20,$15,$35,$1,$1,$-7,$91,$120,$9,$1,$-7
37,2009-06-30,12.5,$7.34,1.7,$5.51,2.27,$2.50,5.01,$0.95,13.11,$1.44B,$1.43B,1.0,$0.13B,$0.15B,0.88,$0.11B,$0.09B,75.22%,$0.11B,$0.03B,24.78%,$0.11B,0,0.00%,$0.11B,0,0.00%,$0.11B,$0.03B,24.78%,$0.11B,$0.02B,16.81%,$0.02B,$0.15B,13.08%,$0.02B,$0.15B,13.08%,$0.02B,$1.75B,1.14%,$0.03B,$0.28B,10.84%,$29,$6,$22,$0,$16,$23,$6,$0,$6,$2,$4,$4,$4,$0,$0,$20,21,$0.21,$0.21,$34,$0,$0,$1437,$27,$229,$0,$54,$310,$1747,$1431,$131,$34,$166,$1597,$6,$133,$1,$150,$1747,$9,$1,$3,$4,$-13,$0,$0,$2,$-11,$2,$-1,$0,$0,$0,$-52,$-52,$-52,$-104,$20,$26,$47,$1,$1,$-5,$66,$109,$7,$0,$-5
38,2009-03-31,12.48,$7.23,1.73,$5.54,2.25,$3.12,4.0,$1.05,11.93,$1.40B,$1.34B,1.05,$0.11B,$0.15B,0.76,$0.11B,$0.09B,75.22%,$0.11B,$0.03B,27.43%,$0.11B,0,0.00%,$0.11B,0,0.00%,$0.11B,$0.03B,27.43%,$0.11B,$0.02B,18.58%,$0.02B,$0.15B,14.84%,$0.02B,$0.15B,14.84%,$0.02B,$1.63B,1.29%,$0.03B,$0.26B,12.69%,$27,$6,$21,$0,$14,$20,$7,$0,$7,$2,$5,$5,$5,$0,$0,$20,20,$0.23,$0.23,$29,$0,$0,$1400,$27,$150,$0,$53,$231,$1631,$1337,$111,$35,$147,$1484,$6,$131,$2,$147,$1631,$5,$0,$1,$2,$-2,$0,$0,$2,$0,$6,$-0,$0,$0,$0,$27,$27,$-28,$-1,$0,$-17,$-17,$1,$1,$-2,$15,$-3,$2,$0,$-2
39,2008-12-31,14.01,$7.15,1.96,$5.65,2.48,$2.95,4.76,$1.06,13.22,$1.37B,$1.34B,1.02,$0.11B,$0.15B,0.77,$0.12B,$0.09B,73.91%,$0.12B,$0.03B,26.96%,$0.12B,0,0.00%,$0.12B,0,0.00%,$0.12B,$0.03B,26.96%,$0.12B,$0.02B,18.26%,$0.02B,$0.15B,15.25%,$0.02B,$0.15B,15.25%,$0.02B,$1.63B,1.31%,$0.03B,$0.26B,13.18%,$28,$7,$21,$0,$14,$21,$7,$0,$7,$2,$5,$5,$5,$0,$0,$20,20,$0.25,$0.25,$27,$0,$0,$1370,$28,$178,$0,$53,$258,$1629,$1339,$111,$34,$145,$1484,$6,$129,$2,$145,$1629,$22,$3,$4,$6,$2,$0,$0,$-5,$-3,$25,$-3,$0,$0,$0,$-7,$-7,$-145,$-156,$21,$-52,$-31,$-4,$-4,$-9,$163,$119,$-12,$1,$-9
40,2008-09-30,15.5,$6.88,2.25,$5.69,2.72,$2.89,5.36,$1.11,14.0,$1.39B,$1.41B,0.99,$0.10B,$0.14B,0.72,$0.12B,$0.09B,72.03%,$0.12B,$0.03B,27.12%,$0.12B,0,0.00%,$0.12B,0,0.00%,$0.12B,$0.03B,26.27%,$0.12B,$0.02B,18.64%,$0.02B,$0.14B,16.33%,$0.02B,$0.14B,16.33%,$0.02B,$1.65B,1.41%,$0.03B,$0.24B,14.08%,$29,$8,$21,$0,$13,$21,$8,$0,$8,$3,$5,$5,$5,$0,$0,$20,20,$0.27,$0.27,$57,$0,$0,$1393,$28,$208,$0,$24,$260,$1653,$1414,$100,$0,$100,$1515,$6,$126,$-0,$139,$1653,$17,$2,$3,$5,$3,$0,$0,$1,$4,$25,$-3,$0,$0,$0,$-42,$-42,$-116,$-160,$10,$-5,$5,$-4,$-4,$-7,$159,$153,$18,$1,$-7
41,2008-06-30,10.75,$6.70,1.6,$5.70,1.89,$2.28,4.7,$1.11,9.65,$1.43B,$1.37B,1.04,$0.09B,$0.14B,0.67,$0.12B,$0.09B,70.83%,$0.12B,$0.03B,27.50%,$0.12B,0,0.00%,$0.12B,0,0.00%,$0.12B,$0.03B,26.67%,$0.12B,$0.02B,19.17%,$0.02B,$0.14B,17.07%,$0.02B,$0.14B,17.07%,$0.02B,$1.60B,1.53%,$0.03B,$0.23B,15.02%,$29,$7,$22,$0,$13,$20,$9,$0,$9,$3,$6,$6,$6,$0,$0,$20,20,$0.31,$0.30,$83,$0,$0,$1426,$28,$119,$0,$24,$171,$1596,$1371,$90,$0,$90,$1461,$6,$123,$-0,$135,$1596,$11,$1,$2,$3,$-1,$0,$0,$3,$3,$17,$-2,$0,$0,$0,$50,$50,$-119,$-71,$-0,$-49,$-49,$-5,$-5,$-4,$157,$98,$44,$0,$-4
42,2008-03-31,11.61,$6.54,1.77,$5.67,2.05,$1.55,7.49,$1.10,10.55,$1.35B,$1.30B,1.04,$0.09B,$0.13B,0.69,$0.12B,$0.08B,68.85%,$0.12B,$0.03B,27.05%,$0.12B,0,0.00%,$0.12B,0,0.00%,$0.12B,$0.03B,26.23%,$0.12B,$0.02B,18.85%,$0.02B,$0.13B,16.85%,$0.02B,$0.13B,16.85%,$0.02B,$1.52B,1.58%,$0.03B,$0.22B,15.24%,$29,$9,$21,$0,$13,$22,$7,$0,$7,$2,$5,$5,$5,$0,$0,$20,20,$0.25,$0.25,$36,$0,$0,$1349,$28,$117,$0,$23,$168,$1517,$1296,$90,$0,$90,$1386,$6,$119,$1,$132,$1517,$5,$1,$1,$1,$-2,$0,$0,$-1,$-3,$4,$-1,$0,$0,$0,$53,$53,$-88,$-36,$-0,$-5,$-5,$-5,$-5,$-2,$41,$29,$-3,$0,$-2
43,2007-12-31,11.87,$6.52,1.82,$5.59,2.12,$1.43,8.3,$1.11,10.66,$1.24B,$1.23B,1.01,$0.09B,$0.13B,0.68,$0.12B,$0.08B,68.29%,$0.12B,$0.03B,27.64%,$0.12B,0,0.00%,$0.12B,0,0.00%,$0.12B,$0.03B,26.83%,$0.12B,$0.02B,19.51%,$0.02B,$0.13B,17.33%,$0.02B,$0.13B,17.33%,$0.02B,$1.48B,1.68%,$0.03B,$0.22B,16.31%,$31,$10,$21,$0,$13,$23,$8,$0,$7,$1,$6,$6,$6,$0,$0,$21,22,$0.29,$0.29,$39,$0,$0,$1239,$27,$168,$0,$48,$243,$1482,$1227,$90,$32,$122,$1349,$6,$117,$0,$133,$1482,$24,$2,$2,$5,$-1,$0,$0,$-2,$-3,$26,$-5,$0,$0,$0,$-15,$-15,$-64,$-84,$30,$34,$64,$-21,$-21,$-9,$4,$38,$-20,$0,$-9
44,2007-09-30,13.32,$6.60,2.02,$5.54,2.4,$1.89,7.04,$1.11,12.03,$1.23B,$1.20B,1.03,$0.07B,$0.14B,0.51,$0.12B,$0.08B,68.85%,$0.12B,$0.04B,28.69%,$0.12B,0,0.00%,$0.12B,0,0.00%,$0.12B,$0.04B,28.69%,$0.12B,$0.02B,19.67%,$0.02B,$0.14B,17.20%,$0.02B,$0.14B,17.20%,$0.02B,$1.41B,1.69%,$0.04B,$0.21B,17.31%,$31,$10,$21,$0,$12,$22,$9,$0,$9,$3,$6,$6,$6,$0,$0,$21,22,$0.28,$0.27,$34,$0,$0,$1234,$25,$152,$0,$0,$177,$1410,$1202,$70,$0,$70,$1272,$8,$113,$-0,$139,$1410,$18,$2,$1,$3,$1,$0,$0,$-10,$-9,$12,$-2,$0,$0,$0,$2,$2,$-4,$-4,$10,$9,$19,$-11,$-11,$-7,$-36,$-34,$-26,$0,$-7
45,2007-06-30,11.63,$6.62,1.76,$5.44,2.14,$2.27,5.13,$1.08,10.77,$1.27B,$1.21B,1.04,$0.07B,$0.14B,0.49,$0.12B,$0.08B,70.00%,$0.12B,$0.04B,29.17%,$0.12B,0,0.00%,$0.12B,0,0.00%,$0.12B,$0.03B,28.33%,$0.12B,$0.02B,19.17%,$0.02B,$0.14B,16.61%,$0.02B,$0.14B,16.61%,$0.02B,$1.43B,1.64%,$0.04B,$0.21B,18.30%,$31,$9,$21,$0,$12,$21,$9,$0,$9,$3,$6,$6,$6,$0,$0,$21,22,$0.29,$0.29,$54,$0,$0,$1267,$25,$134,$0,$0,$158,$1425,$1213,$70,$0,$70,$1283,$9,$109,$-1,$142,$1425,$12,$1,$1,$3,$-1,$0,$0,$-13,$-14,$0,$-1,$0,$0,$0,$18,$18,$-12,$5,$10,$4,$14,$-3,$-3,$-4,$-18,$-11,$-6,$0,$-4
46,2007-03-31,12.09,$6.50,1.86,$5.33,2.27,$2.65,4.56,$1.06,11.4,$1.26B,$1.22B,1.03,$0.05B,$0.14B,0.36,$0.12B,$0.08B,71.79%,$0.12B,$0.04B,29.91%,$0.12B,0,0.00%,$0.12B,0,0.00%,$0.12B,$0.03B,29.06%,$0.12B,$0.02B,19.66%,$0.02B,$0.14B,16.97%,$0.02B,$0.14B,16.97%,$0.02B,$1.41B,1.66%,$0.04B,$0.19B,19.07%,$30,$9,$21,$0,$12,$21,$8,$0,$8,$3,$6,$6,$6,$0,$0,$22,22,$0.27,$0.26,$64,$0,$0,$1257,$25,$132,$0,$0,$157,$1414,$1224,$50,$0,$50,$1274,$9,$105,$-1,$140,$1414,$6,$1,$1,$1,$-2,$0,$0,$-5,$-6,$1,$-1,$0,$0,$0,$21,$21,$-0,$20,$-10,$-9,$-19,$-1,$-1,$-2,$7,$-16,$4,$0,$-2
47,2006-12-31,13.53,$6.36,2.13,$5.20,2.6,$2.84,4.76,$1.04,13.0,$1.21B,$1.19B,1.02,$0.06B,$0.14B,0.44,$0.11B,$0.08B,72.81%,$0.11B,$0.04B,30.70%,$0.11B,0,0.00%,$0.11B,0,0.00%,$0.11B,$0.03B,29.82%,$0.11B,$0.02B,19.30%,$0.02B,$0.14B,16.60%,$0.02B,$0.14B,16.60%,$0.02B,$1.43B,1.61%,$0.04B,$0.20B,19.36%,$30,$9,$21,$0,$12,$21,$9,$-0,$9,$3,$6,$6,$6,$0,$0,$22,22,$0.28,$0.28,$60,$0,$0,$1207,$25,$152,$0,$42,$219,$1426,$1189,$60,$40,$100,$1289,$9,$102,$-1,$137,$1426,$23,$4,$3,$6,$3,$0,$0,$2,$5,$35,$-3,$0,$0,$0,$14,$14,$-93,$-82,$-1,$3,$2,$-4,$-4,$-8,$72,$63,$16,$1,$-8
