,Date,Stock Price,Book Value per Share,Price to Book Ratio,TTM Sales per Share,Price to Sales Ratio,TTM FCF per Share,Price to FCF Ratio,TTM Net EPS,PE Ratio,Current Assets,Current Liabilities,Current Ratio,Long Term Debt,Shareholder's Equity_x,Debt to Equity Ratio,TTM Revenue_x,TTM Gross Profit,Gross Margin,TTM Revenue_y,TTM Operating Income,Operating Margin,TTM Revenue_x,TTM EBIT,EBIT Margin,TTM Revenue_y,TTM EBITDA,EBITDA Margin,TTM Revenue_x,TTM Pre-Tax Income,Pre-Tax Margin,TTM Revenue_y,TTM Net Income_x,Net Margin,TTM Net Income_y,Shareholder's Equity_y,Return on Equity,TTM Net Income_x,Tangible Equity,Return on Tangible Equity,TTM Net Income_y,Total Assets,Return on Assets,TTM Net Income,LT Investments & Debt,Return on Investment,revenue,cost-goods-sold,gross-profit,research-development-expenses,selling-general-administrative-expenses,operating-expenses,operating-income,total-non-operating-income-expense,pre-tax-income,total-provision-income-taxes,income-after-taxes,income-from-continuous-operations,net-income,ebitda,ebit,basic-shares-outstanding,shares-outstanding,eps-basic-net-earnings-per-share,eps-earnings-per-share-diluted,cash-on-hand,inventory,other-current-assets,total-current-assets,net-property-plant-equipment,long-term-investments,goodwill-intangible-assets-total,other-long-term-assets,total-long-term-assets,total-assets,total-current-liabilities,long-term-debt,other-non-current-liabilities,total-long-term-liabilities,total-liabilities,common-stock-net,retained-earnings-accumulated-deficit,comprehensive-income,total-share-holder-equity,total-liabilities-share-holders-equity,net-income-loss,total-depreciation-amortization-cash-flow,other-non-cash-items,total-non-cash-items,change-in-accounts-receivable,change-in-inventories,change-in-accounts-payable,change-in-assets-liabilities,total-change-in-assets-liabilities,cash-flow-from-operating-activities,net-change-in-property-plant-equipment,net-change-in-intangible-assets,net-acquisitions-divestitures,net-change-in-short-term-investments,net-change-in-long-term-investments,net-change-in-investments-total,investing-activities-other,cash-flow-from-investing-activities,net-long-term-debt,net-current-debt,debt-issuance-retirement-net-total,net-common-equity-issued-repurchased,net-total-equity-issued-repurchased,total-common-preferred-stock-dividends-paid,financial-activities-other,cash-flow-from-financial-activities,net-cash-flow,stock-based-compensation,common-stock-dividends-paid
0,2018-09-30,14.21,$5.31,2.68,$0.12,122.75,$-8.32,0.0,$-1.88,0.0,$0.14B,$0.01B,15.23,$0.00B,$0.14B,0.0,$0.00B,$0.00B,100.00%,$0.00B,$-0.05B,-2550.00%,$0.00B,$-0.05B,-2550.00%,$0.00B,$-0.05B,-2400.00%,$0.00B,$-0.05B,-2450.00%,$0.00B,$-0.05B,-2450.00%,$-0.05B,$0.14B,-39.68%,$-0.05B,$0.14B,-39.68%,$-0.05B,$0.15B,-35.25%,$-0.05B,$0.14B,-41.21%,$2,$0,$2,$10,$3,$13,$-12,$1,$-11,$0,$-11,$-11,$-11,$-11,$-12,$25,25,$-0.43,$-0.43,$133,$0,$0,$136,$15,$0,$0,$1,$16,$152,$9,$0,$0,$8,$17,$0,$-108,$-0,$135,$152,$-37,$1,$3,$4,$-2,$0,$0,$0,$-1,$-34,$-4,$0,$0,$0,$-86,$-86,$0,$-90,$-0,$0,$-0,$83,$83,$0,$0,$82,$-41,$3,$0
1,2018-06-30,9.83,$5.69,1.73,$0.06,164.38,$-10.24,0.0,$-3.54,0.0,$0.15B,$0.01B,17.72,$0.00B,$0.15B,0.0,$0.00B,0,nan%,$0.00B,$-0.05B,inf%,$0.00B,$-0.05B,inf%,$0.00B,$-0.05B,inf%,$0.00B,$-0.05B,inf%,$0.00B,$-0.05B,inf%,$-0.05B,$0.15B,-43.96%,$-0.05B,$0.15B,-43.96%,$-0.05B,$0.16B,-39.37%,$-0.05B,$0.15B,-44.74%,$0,$0,$0,$11,$5,$16,$-15,$1,$-15,$0,$-15,$-15,$-15,$-15,$-15,$25,25,$-0.59,$-0.59,$143,$0,$0,$145,$15,$0,$0,$1,$16,$161,$8,$0,$0,$8,$16,$0,$-97,$-0,$145,$161,$-26,$1,$2,$3,$0,$0,$0,$-0,$-1,$-24,$-3,$0,$0,$0,$-88,$-88,$0,$-90,$-0,$0,$-0,$83,$83,$0,$0,$82,$-32,$2,$0
2,2018-03-31,9.38,$5.81,1.62,$1.11,8.48,$-16.66,0.0,$-6.10,0.0,$0.13B,$0.01B,18.24,$0.00B,$0.13B,0.0,$0.00B,$0.00B,100.00%,$0.00B,$-0.05B,-2250.00%,$0.00B,$-0.05B,-2250.00%,$0.00B,$-0.04B,-2100.00%,$0.00B,$-0.04B,-2200.00%,$0.00B,$-0.04B,-2200.00%,$-0.04B,$0.13B,-49.30%,$-0.04B,$0.13B,-49.30%,$-0.04B,$0.14B,-44.56%,$-0.05B,$0.13B,-50.28%,$0,$0,$0,$8,$4,$12,$-12,$0,$-11,$0,$-11,$-11,$-11,$-11,$-12,$20,20,$-0.55,$-0.55,$126,$0,$0,$128,$14,$0,$0,$1,$15,$143,$7,$0,$0,$7,$14,$0,$-82,$-0,$129,$143,$-11,$1,$1,$1,$0,$0,$0,$-0,$-3,$-13,$-2,$0,$0,$0,$-70,$-70,$0,$-72,$-0,$0,$-0,$54,$54,$0,$0,$54,$-31,$1,$0
3,2017-12-31,9.7,$5.23,1.86,$1.16,8.39,$-20.20,0.0,$-7.23,0.0,$0.09B,$0.01B,9.81,$0.00B,$0.09B,0.01,$0.00B,$0.00B,100.00%,$0.00B,$-0.04B,-2000.00%,$0.00B,$-0.04B,-2000.00%,$0.00B,$-0.04B,-1900.00%,$0.00B,$-0.04B,-2000.00%,$0.00B,$-0.04B,-2000.00%,$-0.04B,$0.09B,-56.34%,$-0.04B,$0.09B,-56.34%,$-0.04B,$0.10B,-51.12%,$-0.04B,$0.09B,-56.14%,$0,$0,$0,$8,$4,$12,$-12,$0,$-12,$0,$-12,$-12,$-12,$-11,$-12,$7,7,$4.85,$4.85,$87,$0,$0,$89,$10,$0,$0,$1,$11,$100,$9,$0,$0,$6,$15,$0,$-72,$-0,$85,$100,$-40,$2,$4,$7,$0,$0,$0,$0,$3,$-31,$-3,$0,$40,$0,$-29,$-29,$0,$9,$-0,$0,$-0,$0,$67,$0,$0,$67,$45,$3,$0
4,2017-09-30,19.02,$5.87,3.24,$1.35,14.07,$-29.31,0.0,$-9.43,0.0,$0.10B,$0.01B,12.34,$0.00B,$0.10B,0.0,$0.00B,$0.00B,100.00%,$0.00B,$-0.03B,-1550.00%,$0.00B,$-0.03B,-1550.00%,$0.00B,$-0.03B,-1500.00%,$0.00B,$-0.03B,-1550.00%,$0.00B,$-0.03B,-1550.00%,$-0.03B,$0.10B,-58.22%,$-0.03B,$0.10B,-58.22%,$-0.03B,$0.10B,-53.22%,$-0.03B,$0.10B,-58.22%,$0,$0,$0,$9,$3,$12,$-12,$0,$-12,$0,$-12,$-12,$-12,$-11,$-12,$7,7,$-1.66,$-1.66,$97,$0,$0,$98,$5,$0,$0,$1,$6,$104,$8,$0,$0,$1,$9,$0,$-60,$-0,$96,$104,$-29,$1,$3,$5,$0,$0,$0,$0,$2,$-22,$-3,$0,$41,$0,$-17,$-17,$0,$21,$-0,$0,$-0,$0,$67,$0,$0,$67,$66,$1,$0
5,2017-06-30,11.69,$15.66,0.75,$1.41,8.32,$-35.66,0.0,$-9.59,0.0,$0.05B,$0.00B,33.83,$0.00B,$0.05B,0.0,$0.00B,$0.00B,100.00%,$0.00B,$-0.02B,-1200.00%,$0.00B,$-0.02B,-1200.00%,$0.00B,$-0.02B,-1200.00%,$0.00B,$-0.02B,-1200.00%,$0.00B,$-0.02B,-1200.00%,$-0.02B,$0.05B,-51.61%,$-0.02B,$0.05B,-51.61%,$-0.02B,$0.05B,-47.76%,$-0.02B,$0.05B,-51.61%,$2,$0,$2,$9,$3,$12,$-9,$0,$-9,$0,$-9,$-9,$-9,$-9,$-9,$2,2,$-4.70,$-4.70,$48,$0,$0,$48,$0,$0,$0,$0,$0,$48,$1,$0,$0,$0,$1,$0,$-117,$-0,$47,$48,$-17,$0,$3,$3,$-2,$0,$0,$0,$-1,$-15,$-0,$0,$0,$0,$0,$0,$0,$-0,$-0,$0,$-0,$0,$67,$0,$-0,$67,$52,$1,$0
6,2017-03-31,15.33,$18.69,0.82,$0.35,43.97,$-33.08,0.0,$-8.33,0.0,$0.06B,$0.01B,11.97,$0.00B,$0.06B,0.0,$0.00B,0,nan%,$0.00B,$-0.02B,inf%,$0.00B,$-0.02B,inf%,$0.00B,$-0.02B,inf%,$0.00B,$-0.02B,inf%,$0.00B,$-0.02B,inf%,$-0.02B,$0.06B,-39.44%,$-0.02B,$0.06B,-39.44%,$-0.02B,$0.06B,-36.52%,$-0.02B,$0.06B,-39.44%,$0,$0,$0,$5,$2,$7,$-7,$0,$-7,$0,$-7,$-7,$-7,$-7,$-7,$2,2,$-4.49,$-4.49,$58,$0,$0,$58,$0,$0,$0,$2,$2,$61,$5,$0,$0,$0,$5,$0,$-108,$-0,$56,$61,$-7,$0,$0,$0,$0,$0,$0,$0,$0,$-7,$-0,$0,$0,$0,$0,$0,$0,$-0,$-0,$0,$-0,$0,$27,$0,$0,$27,$20,$0,$0
7,2016-12-31,12.6,$7.31,1.72,$0.28,44.85,$-31.86,0.0,$-8.89,0.0,$0.02B,$0.00B,3.84,$0.00B,$-0.03B,-0.01,$0.00B,0,nan%,$0.00B,$-0.02B,inf%,$0.00B,$-0.02B,inf%,$0.00B,$-0.02B,inf%,$0.00B,$-0.02B,inf%,$0.00B,$-0.02B,inf%,$-0.02B,$0.01B,-35.59%,$-0.02B,$0.01B,-35.59%,$-0.02B,$0.02B,-33.47%,$-0.02B,$0.01B,-35.59%,$0,$0,$0,$3,$1,$4,$-3,$-0,$-3,$0,$-3,$-3,$-3,$-3,$-3,$2,2,$-5.84,$-5.84,$15,$0,$0,$16,$4,$0,$0,$0,$4,$20,$4,$0,$0,$2,$7,$1,$-31,$0,$14,$20,$-21,$1,$0,$1,$0,$0,$0,$-1,$-1,$-20,$-2,$0,$0,$0,$0,$0,$0,$-2,$-0,$0,$-0,$0,$31,$0,$0,$31,$8,$0,$0
8,2016-09-30,13.79,$23.04,0.6,$0.07,198.03,$-47.60,0.0,$-5.95,0.0,$0.07B,$0.00B,21.67,$0.00B,$0.07B,0.0,$0.00B,0,nan%,$0.00B,$-0.03B,inf%,$0.00B,$-0.03B,inf%,$0.00B,$-0.03B,inf%,$0.00B,$-0.03B,inf%,$0.00B,$-0.03B,inf%,$-0.03B,$0.07B,-35.18%,$-0.03B,$0.07B,-35.18%,$-0.03B,$0.07B,-33.54%,$-0.03B,$0.07B,-35.18%,$0,$0,$0,$4,$1,$5,$-5,$0,$-5,$0,$-5,$-5,$-5,$-5,$-5,$2,2,$-3.33,$-3.33,$66,$0,$0,$67,$2,$0,$0,$2,$5,$72,$3,$0,$0,$0,$3,$0,$-94,$-0,$69,$72,$-14,$0,$0,$1,$0,$0,$0,$-1,$-0,$-14,$-2,$0,$0,$0,$0,$0,$0,$-2,$-0,$0,$-0,$0,$31,$0,$0,$31,$15,$0,$0
