,Date,Stock Price,Book Value per Share,Price to Book Ratio,TTM Sales per Share,Price to Sales Ratio,TTM FCF per Share,Price to FCF Ratio,TTM Net EPS,PE Ratio,Current Assets,Current Liabilities,Current Ratio,Long Term Debt,Shareholder's Equity_x,Debt to Equity Ratio,TTM Revenue_x,TTM Gross Profit,Gross Margin,TTM Revenue_y,TTM Operating Income,Operating Margin,TTM Revenue_x,TTM EBIT,EBIT Margin,TTM Revenue_y,TTM EBITDA,EBITDA Margin,TTM Revenue_x,TTM Pre-Tax Income,Pre-Tax Margin,TTM Revenue_y,TTM Net Income_x,Net Margin,TTM Net Income_y,Shareholder's Equity_y,Return on Equity,TTM Net Income_x,Tangible Equity,Return on Tangible Equity,TTM Net Income_y,Total Assets,Return on Assets,TTM Net Income,LT Investments & Debt,Return on Investment,revenue,cost-goods-sold,gross-profit,research-development-expenses,selling-general-administrative-expenses,operating-expenses,operating-income,total-non-operating-income-expense,pre-tax-income,total-provision-income-taxes,income-after-taxes,income-from-continuous-operations,net-income,ebitda,ebit,basic-shares-outstanding,shares-outstanding,eps-basic-net-earnings-per-share,eps-earnings-per-share-diluted,cash-on-hand,inventory,other-current-assets,total-current-assets,net-property-plant-equipment,long-term-investments,goodwill-intangible-assets-total,other-long-term-assets,total-long-term-assets,total-assets,total-current-liabilities,long-term-debt,other-non-current-liabilities,total-long-term-liabilities,total-liabilities,common-stock-net,retained-earnings-accumulated-deficit,comprehensive-income,total-share-holder-equity,total-liabilities-share-holders-equity,net-income-loss,total-depreciation-amortization-cash-flow,other-non-cash-items,total-non-cash-items,change-in-accounts-receivable,change-in-inventories,change-in-accounts-payable,change-in-assets-liabilities,total-change-in-assets-liabilities,cash-flow-from-operating-activities,net-change-in-property-plant-equipment,net-change-in-intangible-assets,net-acquisitions-divestitures,net-change-in-short-term-investments,net-change-in-long-term-investments,net-change-in-investments-total,investing-activities-other,cash-flow-from-investing-activities,net-long-term-debt,net-current-debt,debt-issuance-retirement-net-total,net-common-equity-issued-repurchased,net-total-equity-issued-repurchased,total-common-preferred-stock-dividends-paid,financial-activities-other,cash-flow-from-financial-activities,net-cash-flow,stock-based-compensation,common-stock-dividends-paid
0,2018-09-30,30.49,$19.03,1.6,$38.63,0.79,$3.81,8.01,$0.02,1524.5,$0.55B,$0.20B,2.75,$0.08B,$0.81B,0.1,$1.63B,$0.55B,33.89%,$1.63B,$0.06B,3.50%,$1.63B,$0.06B,3.50%,$1.63B,$0.13B,8.16%,$1.63B,$0.05B,3.25%,$1.63B,$0.02B,0.92%,$0.02B,$0.81B,1.87%,$0.02B,$0.39B,3.83%,$0.02B,$1.15B,1.26%,$0.06B,$0.89B,6.06%,$399,$261,$138,$0,$105,$385,$14,$-0,$14,$1,$14,$14,$14,$32,$14,$42,42,$0.33,$0.33,$157,$0,$19,$553,$139,$0,$420,$0,$593,$1146,$202,$82,$49,$133,$334,$0,$582,$-52,$812,$1146,$32,$55,$15,$70,$-13,$0,$-1,$-6,$-13,$89,$-37,$-8,$-22,$0,$-5,$-5,$1,$-71,$-193,$0,$-193,$-4,$-4,$0,$0,$-197,$-186,$5,$0
1,2018-06-30,28.78,$18.76,1.53,$38.86,0.74,$4.22,6.81,$0.54,53.3,$0.55B,$0.19B,2.9,$0.09B,$0.80B,0.11,$1.64B,$0.55B,33.84%,$1.64B,$0.07B,4.22%,$1.64B,$0.07B,4.22%,$1.64B,$0.15B,8.98%,$1.64B,$0.06B,3.85%,$1.64B,$0.02B,1.41%,$0.02B,$0.80B,2.87%,$0.02B,$0.40B,5.88%,$0.02B,$1.13B,1.87%,$0.07B,$0.89B,7.01%,$397,$265,$132,$0,$102,$390,$6,$-2,$5,$-2,$7,$7,$7,$25,$6,$42,42,$0.17,$0.17,$162,$0,$19,$553,$143,$0,$406,$0,$581,$1134,$191,$90,$50,$143,$334,$0,$568,$-48,$801,$1134,$18,$37,$14,$51,$-8,$0,$-5,$-4,$-22,$47,$-26,$-8,$0,$0,$0,$0,$0,$-33,$-185,$0,$-185,$-4,$-4,$0,$0,$-189,$-181,$4,$0
2,2018-03-31,28.94,$18.89,1.53,$38.40,0.75,$4.57,6.33,$0.58,49.9,$0.56B,$0.20B,2.86,$0.10B,$0.81B,0.12,$1.62B,$0.55B,33.99%,$1.62B,$0.07B,4.58%,$1.62B,$0.07B,4.58%,$1.62B,$0.15B,9.41%,$1.62B,$0.07B,4.21%,$1.62B,$0.03B,1.55%,$0.03B,$0.81B,3.15%,$0.03B,$0.40B,6.54%,$0.03B,$1.16B,1.98%,$0.07B,$0.91B,7.25%,$414,$275,$139,$0,$102,$400,$14,$-1,$13,$2,$11,$11,$11,$33,$14,$42,42,$0.26,$0.26,$173,$0,$16,$558,$154,$0,$412,$0,$598,$1156,$195,$100,$52,$155,$350,$0,$561,$-34,$806,$1156,$11,$19,$7,$26,$-2,$0,$-4,$-2,$-8,$29,$-13,$-8,$0,$0,$0,$0,$0,$-21,$-175,$0,$-175,$-4,$-4,$0,$0,$-179,$-171,$2,$0
3,2017-12-31,31.45,$18.62,1.69,$37.76,0.83,$4.69,6.7,$0.77,40.84,$0.73B,$0.20B,3.58,$0.28B,$0.80B,0.35,$1.59B,$0.55B,34.51%,$1.59B,$0.09B,5.43%,$1.59B,$0.09B,5.43%,$1.59B,$0.16B,10.35%,$1.59B,$0.08B,5.05%,$1.59B,$0.03B,2.08%,$0.03B,$0.80B,4.24%,$0.03B,$0.39B,9.00%,$0.03B,$1.33B,2.56%,$0.09B,$1.07B,8.21%,$419,$277,$143,$0,$99,$396,$23,$-2,$21,$38,$-17,$-17,$-17,$43,$23,$42,42,$-0.41,$-0.42,$344,$0,$20,$728,$161,$0,$410,$0,$600,$1327,$203,$275,$49,$327,$531,$0,$547,$-31,$796,$1327,$32,$77,$16,$93,$-10,$0,$7,$12,$9,$135,$-63,$-5,$-9,$0,$-5,$-5,$-5,$-87,$8,$0,$8,$-4,$-4,$0,$-6,$-1,$77,$8,$0
4,2017-09-30,29.16,$18.76,1.55,$37.02,0.79,$4.29,6.8,$1.61,18.11,$0.71B,$0.22B,3.29,$0.27B,$0.80B,0.33,$1.56B,$0.54B,34.73%,$1.56B,$0.09B,5.92%,$1.56B,$0.09B,5.92%,$1.56B,$0.17B,10.80%,$1.56B,$0.09B,5.47%,$1.56B,$0.07B,4.37%,$0.07B,$0.80B,8.94%,$0.07B,$0.39B,19.64%,$0.07B,$1.31B,5.37%,$0.09B,$1.07B,8.95%,$407,$267,$140,$0,$93,$381,$26,$-2,$24,$3,$22,$22,$22,$46,$26,$42,42,$0.52,$0.52,$328,$0,$17,$709,$160,$0,$415,$0,$604,$1313,$215,$267,$24,$295,$510,$0,$564,$-39,$802,$1313,$49,$57,$15,$72,$-4,$0,$3,$-6,$-3,$118,$-48,$-5,$-9,$0,$-5,$-5,$-5,$-72,$0,$0,$0,$-4,$-4,$0,$-5,$-8,$62,$4,$0
5,2017-06-30,33.53,$17.96,1.87,$36.47,0.92,$3.71,9.03,$1.59,21.09,$0.67B,$0.20B,3.44,$0.27B,$0.77B,0.35,$1.53B,$0.54B,34.94%,$1.53B,$0.10B,6.26%,$1.53B,$0.10B,6.26%,$1.53B,$0.17B,11.08%,$1.53B,$0.09B,5.87%,$1.53B,$0.07B,4.37%,$0.07B,$0.77B,9.03%,$0.07B,$0.36B,20.66%,$0.07B,$1.26B,5.36%,$0.10B,$1.04B,9.50%,$375,$249,$127,$0,$92,$364,$11,$-1,$10,$2,$9,$9,$9,$30,$11,$42,42,$0.21,$0.21,$301,$0,$16,$672,$160,$0,$412,$0,$589,$1261,$195,$267,$25,$295,$490,$0,$542,$-50,$770,$1261,$28,$38,$18,$56,$9,$0,$2,$-4,$-12,$72,$-36,$-0,$-8,$0,$0,$0,$0,$-44,$0,$0,$0,$-4,$-4,$0,$-4,$-8,$35,$5,$0
6,2017-03-31,29.4,$17.60,1.67,$36.17,0.81,$3.63,8.1,$1.60,18.38,$0.66B,$0.21B,3.09,$0.27B,$0.75B,0.36,$1.52B,$0.53B,35.06%,$1.52B,$0.10B,6.43%,$1.52B,$0.10B,6.43%,$1.52B,$0.17B,11.23%,$1.52B,$0.09B,6.11%,$1.52B,$0.07B,4.40%,$0.07B,$0.75B,9.22%,$0.07B,$0.33B,22.04%,$0.07B,$1.26B,5.40%,$0.10B,$1.01B,9.84%,$384,$247,$137,$0,$92,$358,$26,$-1,$25,$7,$19,$19,$19,$45,$26,$42,42,$0.45,$0.45,$287,$0,$15,$661,$154,$0,$414,$0,$594,$1255,$214,$267,$24,$295,$509,$0,$533,$-63,$747,$1255,$19,$19,$2,$21,$-1,$0,$1,$-1,$-2,$37,$-17,$0,$0,$0,$0,$0,$0,$-17,$0,$0,$0,$-3,$-3,$0,$-0,$-3,$20,$2,$0
7,2016-12-31,28.86,$17.03,1.69,$34.64,0.83,$3.41,8.45,$1.48,19.5,$0.62B,$0.20B,3.07,$0.27B,$0.73B,0.37,$1.46B,$0.51B,35.07%,$1.46B,$0.09B,6.30%,$1.46B,$0.09B,6.30%,$1.46B,$0.16B,11.03%,$1.46B,$0.09B,6.03%,$1.46B,$0.06B,4.25%,$0.06B,$0.73B,8.65%,$0.06B,$0.31B,18.47%,$0.06B,$1.24B,5.29%,$0.09B,$0.99B,9.82%,$389,$253,$136,$0,$89,$360,$29,$-2,$26,$8,$18,$18,$18,$47,$29,$42,42,$0.43,$0.43,$267,$0,$16,$623,$156,$0,$418,$0,$613,$1236,$203,$267,$38,$309,$512,$0,$519,$-67,$725,$1236,$62,$68,$11,$80,$-33,$0,$-3,$1,$-9,$133,$-78,$-0,$-205,$0,$0,$0,$11,$-273,$197,$0,$197,$-16,$-16,$0,$-1,$180,$31,$11,$0
8,2016-09-30,28.13,$16.97,1.66,$33.37,0.84,$3.84,7.33,$1.53,18.39,$0.63B,$0.21B,3.03,$0.27B,$0.73B,0.38,$1.41B,$0.50B,35.44%,$1.41B,$0.09B,6.53%,$1.41B,$0.09B,6.53%,$1.41B,$0.16B,11.15%,$1.41B,$0.09B,6.39%,$1.41B,$0.06B,4.55%,$0.06B,$0.73B,9.07%,$0.06B,$0.30B,17.43%,$0.06B,$1.25B,5.81%,$0.09B,$1.00B,10.50%,$386,$250,$136,$0,$88,$356,$30,$-0,$29,$8,$21,$21,$21,$48,$30,$42,42,$0.51,$0.50,$283,$0,$14,$631,$149,$0,$426,$0,$618,$1249,$208,$272,$38,$314,$523,$0,$501,$-51,$726,$1249,$44,$50,$1,$51,$-22,$0,$-0,$2,$10,$105,$-59,$-0,$-205,$0,$0,$0,$10,$-254,$202,$0,$202,$-9,$-9,$0,$0,$193,$48,$8,$0
9,2016-06-30,28.96,$16.51,1.75,$31.79,0.91,$4.14,6.99,$1.51,19.18,$0.61B,$0.19B,3.19,$0.27B,$0.71B,0.38,$1.34B,$0.48B,35.45%,$1.34B,$0.09B,6.49%,$1.34B,$0.09B,6.49%,$1.34B,$0.15B,11.04%,$1.34B,$0.08B,6.27%,$1.34B,$0.06B,4.70%,$0.06B,$0.71B,9.14%,$0.06B,$0.28B,15.95%,$0.06B,$1.22B,6.15%,$0.09B,$0.98B,10.74%,$364,$239,$125,$0,$94,$351,$13,$-0,$13,$4,$9,$9,$9,$31,$13,$42,42,$0.22,$0.22,$273,$0,$14,$605,$138,$0,$432,$0,$614,$1219,$190,$272,$43,$320,$510,$0,$481,$-49,$709,$1219,$23,$32,$2,$34,$-2,$0,$-3,$-2,$10,$67,$-34,$0,$-205,$-0,$0,$-0,$10,$-230,$202,$0,$202,$-5,$-5,$0,$0,$197,$38,$6,$0
10,2016-03-31,30.18,$16.62,1.82,$30.42,0.99,$4.27,7.07,$1.60,18.86,$0.58B,$0.16B,3.62,$0.07B,$0.71B,0.1,$1.28B,$0.46B,35.46%,$1.28B,$0.09B,7.17%,$1.28B,$0.09B,7.17%,$1.28B,$0.15B,11.69%,$1.28B,$0.09B,6.94%,$1.28B,$0.07B,5.22%,$0.07B,$0.71B,9.89%,$0.07B,$0.46B,15.58%,$0.07B,$0.99B,7.04%,$0.09B,$0.78B,12.33%,$321,$206,$115,$0,$81,$300,$20,$-0,$20,$6,$14,$14,$14,$35,$20,$42,42,$0.33,$0.33,$260,$0,$13,$581,$118,$0,$247,$0,$407,$987,$160,$70,$46,$120,$281,$0,$472,$-39,$707,$987,$14,$14,$-0,$14,$-7,$0,$-3,$0,$-1,$27,$-16,$0,$0,$0,$0,$0,$10,$-6,$0,$0,$0,$-4,$-4,$0,$0,$-4,$25,$2,$0
11,2015-12-31,30.78,$15.90,1.94,$30.41,1.01,$4.42,6.96,$1.64,18.77,$0.56B,$0.15B,3.68,$0.07B,$0.68B,0.1,$1.29B,$0.45B,34.99%,$1.29B,$0.10B,7.39%,$1.29B,$0.10B,7.39%,$1.29B,$0.15B,11.82%,$1.29B,$0.09B,7.00%,$1.29B,$0.07B,5.37%,$0.07B,$0.68B,10.41%,$0.07B,$0.43B,16.62%,$0.07B,$0.95B,7.38%,$0.10B,$0.75B,12.97%,$337,$214,$123,$0,$80,$308,$29,$-1,$28,$8,$20,$20,$20,$43,$29,$42,42,$0.48,$0.46,$235,$0,$33,$563,$112,$0,$247,$0,$385,$948,$153,$70,$41,$116,$269,$0,$458,$-54,$679,$948,$69,$58,$14,$72,$2,$0,$-0,$-13,$-19,$121,$-48,$0,$-9,$0,$0,$0,$1,$-57,$-4,$-0,$-5,$-24,$-24,$0,$-1,$-30,$20,$9,$0
12,2015-09-30,25.5,$15.55,1.64,$30.64,0.83,$3.95,6.45,$1.69,15.09,$0.56B,$0.17B,3.35,$0.07B,$0.66B,0.11,$1.30B,$0.45B,34.57%,$1.30B,$0.10B,7.62%,$1.30B,$0.10B,7.62%,$1.30B,$0.16B,12.01%,$1.30B,$0.09B,7.16%,$1.30B,$0.07B,5.54%,$0.07B,$0.66B,10.95%,$0.07B,$0.41B,17.64%,$0.07B,$0.95B,7.70%,$0.10B,$0.73B,13.59%,$318,$206,$112,$0,$73,$293,$25,$-1,$23,$3,$20,$20,$20,$39,$25,$42,42,$0.48,$0.48,$227,$0,$34,$555,$111,$0,$252,$0,$390,$945,$166,$70,$41,$116,$282,$0,$438,$-47,$663,$945,$49,$44,$5,$49,$1,$0,$-1,$-7,$-3,$95,$-36,$0,$-9,$0,$0,$0,$1,$-44,$-4,$-0,$-5,$-24,$-24,$0,$-1,$-29,$12,$6,$0
13,2015-06-30,24.25,$15.41,1.57,$30.85,0.79,$3.28,7.39,$1.60,15.16,$0.55B,$0.16B,3.5,$0.07B,$0.66B,0.1,$1.31B,$0.45B,34.09%,$1.31B,$0.10B,7.31%,$1.31B,$0.10B,7.31%,$1.31B,$0.15B,11.72%,$1.31B,$0.09B,6.93%,$1.31B,$0.07B,5.25%,$0.07B,$0.66B,10.55%,$0.07B,$0.42B,17.12%,$0.07B,$0.93B,7.40%,$0.10B,$0.73B,13.20%,$307,$202,$105,$0,$73,$289,$18,$-1,$18,$5,$13,$13,$13,$33,$18,$42,42,$0.31,$0.31,$222,$0,$42,$552,$104,$0,$244,$0,$376,$929,$158,$65,$40,$110,$268,$0,$429,$-37,$661,$929,$29,$29,$5,$34,$13,$0,$-3,$-13,$-6,$57,$-19,$0,$0,$-0,$0,$-0,$1,$-19,$-10,$0,$-10,$-13,$-13,$0,$-1,$-24,$7,$3,$0
14,2015-03-31,24.85,$15.16,1.64,$31.05,0.8,$2.74,9.06,$1.48,16.79,$0.54B,$0.15B,3.54,$0.07B,$0.65B,0.11,$1.33B,$0.44B,33.31%,$1.33B,$0.09B,6.63%,$1.33B,$0.09B,6.63%,$1.33B,$0.15B,11.00%,$1.33B,$0.08B,6.25%,$1.33B,$0.06B,4.82%,$0.06B,$0.65B,9.82%,$0.06B,$0.40B,16.20%,$0.06B,$0.92B,6.83%,$0.09B,$0.72B,12.08%,$324,$214,$110,$0,$73,$301,$23,$-1,$21,$6,$16,$16,$16,$37,$23,$42,42,$0.37,$0.37,$214,$0,$42,$541,$104,$0,$247,$0,$378,$919,$153,$74,$39,$118,$271,$0,$416,$-42,$648,$919,$16,$15,$4,$19,$9,$0,$-0,$-13,$-6,$29,$-11,$0,$0,$0,$0,$0,$-0,$-11,$-1,$0,$-1,$-6,$-6,$0,$0,$-7,$-1,$2,$0
15,2014-12-31,23.47,$15.25,1.54,$31.00,0.76,$2.43,9.67,$1.35,17.39,$0.55B,$0.17B,3.28,$0.08B,$0.66B,0.11,$1.33B,$0.44B,32.78%,$1.33B,$0.08B,5.95%,$1.33B,$0.08B,5.95%,$1.33B,$0.14B,10.40%,$1.33B,$0.08B,5.80%,$1.33B,$0.06B,4.37%,$0.06B,$0.66B,8.94%,$0.06B,$0.40B,15.01%,$0.06B,$0.95B,6.16%,$0.08B,$0.73B,10.80%,$350,$228,$122,$0,$77,$317,$33,$-1,$31,$9,$23,$23,$23,$47,$33,$43,43,$0.53,$0.53,$215,$0,$30,$550,$110,$0,$254,$0,$394,$945,$168,$75,$38,$118,$286,$0,$401,$-21,$658,$945,$58,$60,$11,$71,$-40,$0,$2,$1,$-34,$94,$-41,$0,$0,$-0,$0,$-0,$0,$-41,$-23,$0,$-23,$-13,$-13,$0,$0,$-36,$3,$6,$0
16,2014-09-30,19.98,$14.94,1.34,$30.64,0.65,$1.82,10.96,$1.08,18.5,$0.54B,$0.17B,3.09,$0.08B,$0.65B,0.12,$1.31B,$0.42B,32.16%,$1.31B,$0.07B,4.95%,$1.31B,$0.07B,4.95%,$1.31B,$0.13B,9.53%,$1.31B,$0.06B,4.88%,$1.31B,$0.05B,3.51%,$0.05B,$0.65B,7.15%,$0.05B,$0.39B,12.25%,$0.05B,$0.94B,4.88%,$0.07B,$0.73B,8.89%,$333,$222,$111,$0,$74,$311,$22,$-1,$21,$5,$17,$17,$17,$37,$22,$43,43,$0.39,$0.39,$210,$0,$25,$535,$112,$0,$260,$0,$403,$938,$173,$79,$30,$115,$288,$0,$383,$-11,$650,$938,$35,$45,$7,$52,$-25,$0,$3,$-2,$-20,$67,$-36,$0,$0,$0,$0,$0,$0,$-35,$-19,$0,$-19,$-6,$-6,$0,$0,$-25,$-2,$4,$0
17,2014-06-30,21.73,$14.94,1.45,$30.39,0.71,$1.21,17.91,$1.02,21.3,$0.53B,$0.18B,3.01,$0.08B,$0.65B,0.12,$1.30B,$0.42B,32.13%,$1.30B,$0.06B,4.77%,$1.30B,$0.06B,4.77%,$1.30B,$0.12B,9.30%,$1.30B,$0.06B,4.77%,$1.30B,$0.04B,3.31%,$0.04B,$0.65B,6.75%,$0.04B,$0.39B,11.81%,$0.04B,$0.95B,4.55%,$0.06B,$0.73B,8.47%,$320,$221,$99,$0,$74,$310,$10,$-1,$10,$1,$8,$8,$8,$25,$10,$43,43,$0.20,$0.19,$204,$0,$24,$531,$115,$0,$267,$0,$415,$946,$176,$79,$33,$117,$294,$0,$367,$7,$652,$946,$19,$30,$6,$35,$-13,$0,$2,$-3,$-15,$39,$-24,$0,$0,$0,$0,$0,$0,$-24,$-19,$0,$-19,$-3,$-3,$0,$0,$-22,$-7,$2,$0
18,2014-03-31,19.87,$14.46,1.37,$30.00,0.66,$0.12,162.07,$0.96,20.7,$0.52B,$0.17B,3.12,$0.10B,$0.64B,0.15,$1.29B,$0.41B,32.19%,$1.29B,$0.06B,4.51%,$1.29B,$0.06B,4.51%,$1.29B,$0.12B,8.94%,$1.29B,$0.06B,4.43%,$1.29B,$0.04B,3.19%,$0.04B,$0.64B,6.56%,$0.04B,$0.37B,11.80%,$0.04B,$0.94B,4.36%,$0.06B,$0.73B,7.96%,$324,$222,$103,$0,$73,$310,$14,$0,$15,$5,$10,$10,$10,$29,$14,$43,43,$0.24,$0.24,$210,$0,$25,$523,$115,$0,$268,$0,$414,$937,$167,$96,$32,$134,$301,$0,$358,$-0,$636,$937,$10,$15,$5,$20,$-7,$0,$3,$0,$-14,$16,$-12,$0,$0,$0,$0,$0,$0,$-12,$-2,$0,$-2,$-3,$-3,$0,$0,$-5,$-1,$1,$0
19,2013-12-31,21.81,$14.49,1.51,$29.42,0.74,$-0.58,0.0,$0.87,25.07,$0.51B,$0.17B,2.96,$0.10B,$0.64B,0.15,$1.26B,$0.41B,32.38%,$1.26B,$0.05B,4.28%,$1.26B,$0.05B,4.28%,$1.26B,$0.11B,8.71%,$1.26B,$0.05B,4.12%,$1.26B,$0.04B,3.01%,$0.04B,$0.64B,6.14%,$0.04B,$0.36B,11.33%,$0.04B,$0.95B,4.06%,$0.05B,$0.73B,7.44%,$335,$226,$109,$0,$75,$316,$19,$-1,$18,$7,$11,$11,$11,$34,$19,$43,43,$0.26,$0.26,$212,$0,$21,$513,$118,$0,$276,$0,$437,$950,$173,$98,$37,$141,$315,$0,$349,$8,$636,$950,$37,$57,$11,$68,$-22,$0,$-1,$-4,$-20,$86,$-59,$0,$0,$-1,$0,$-1,$0,$-59,$7,$0,$7,$-6,$-6,$0,$0,$2,$25,$5,$0
20,2013-09-30,17.89,$14.26,1.25,$28.66,0.62,$-0.11,0.0,$0.92,19.45,$0.51B,$0.18B,2.92,$0.11B,$0.63B,0.17,$1.23B,$0.40B,32.71%,$1.23B,$0.05B,4.14%,$1.23B,$0.05B,4.14%,$1.23B,$0.11B,8.60%,$1.23B,$0.05B,3.98%,$1.23B,$0.04B,3.25%,$0.04B,$0.63B,6.54%,$0.04B,$0.34B,12.39%,$0.04B,$0.95B,4.32%,$0.05B,$0.73B,7.12%,$322,$215,$107,$0,$74,$303,$19,$-0,$19,$5,$14,$14,$14,$33,$19,$43,43,$0.33,$0.33,$197,$0,$21,$509,$115,$0,$282,$0,$440,$950,$175,$105,$38,$150,$325,$0,$339,$10,$625,$950,$26,$42,$8,$50,$-26,$0,$-2,$-3,$-26,$51,$-46,$0,$0,$0,$0,$0,$-0,$-46,$14,$0,$14,$-6,$-6,$0,$0,$9,$9,$4,$0
21,2013-06-30,15.76,$13.74,1.15,$27.66,0.57,$0.46,34.13,$0.78,20.21,$0.49B,$0.17B,3.0,$0.11B,$0.60B,0.19,$1.19B,$0.39B,33.00%,$1.19B,$0.04B,3.44%,$1.19B,$0.04B,3.44%,$1.19B,$0.09B,7.89%,$1.19B,$0.04B,3.19%,$1.19B,$0.03B,2.85%,$0.03B,$0.60B,5.64%,$0.03B,$0.32B,10.99%,$0.03B,$0.93B,3.72%,$0.04B,$0.72B,5.81%,$305,$210,$95,$0,$75,$299,$6,$-1,$5,$-1,$6,$6,$6,$19,$6,$43,43,$0.13,$0.13,$167,$0,$24,$494,$106,$0,$285,$0,$431,$926,$165,$113,$37,$157,$322,$0,$325,$2,$604,$926,$12,$28,$4,$32,$-38,$0,$-4,$-7,$-50,$-6,$-26,$0,$0,$0,$0,$0,$-0,$-26,$22,$0,$22,$-4,$-4,$0,$0,$18,$-20,$2,$0
22,2013-03-31,15.96,$13.81,1.16,$26.71,0.6,$1.46,10.94,$0.83,19.23,$0.48B,$0.15B,3.17,$0.11B,$0.61B,0.18,$1.15B,$0.39B,33.71%,$1.15B,$0.04B,3.82%,$1.15B,$0.04B,3.82%,$1.15B,$0.10B,8.34%,$1.15B,$0.04B,3.56%,$1.15B,$0.04B,3.13%,$0.04B,$0.61B,6.04%,$0.04B,$0.32B,10.79%,$0.04B,$0.92B,4.11%,$0.04B,$0.72B,6.55%,$301,$204,$98,$0,$74,$291,$10,$-0,$10,$3,$7,$7,$7,$24,$10,$43,43,$0.15,$0.15,$178,$0,$26,$483,$103,$0,$292,$0,$436,$920,$153,$111,$39,$157,$310,$0,$322,$11,$610,$920,$7,$14,$1,$15,$-21,$0,$-5,$-2,$-34,$-13,$-13,$0,$0,$0,$0,$0,$-0,$-13,$20,$0,$20,$-0,$-0,$0,$0,$20,$-10,$1,$0
23,2012-12-31,15.22,$13.88,1.1,$26.12,0.58,$2.00,7.61,$0.66,23.06,$0.47B,$0.17B,2.84,$0.09B,$0.61B,0.15,$1.13B,$0.39B,34.57%,$1.13B,$0.05B,4.34%,$1.13B,$0.05B,4.34%,$1.13B,$0.10B,8.78%,$1.13B,$0.05B,3.99%,$1.13B,$0.03B,2.48%,$0.03B,$0.61B,4.76%,$0.03B,$0.31B,7.85%,$0.03B,$0.91B,3.35%,$0.05B,$0.70B,7.72%,$304,$201,$103,$0,$73,$289,$16,$-1,$15,$2,$13,$13,$13,$30,$16,$43,43,$0.31,$0.31,$187,$0,$20,$467,$101,$0,$296,$0,$441,$909,$165,$91,$39,$138,$302,$0,$315,$15,$606,$909,$28,$51,$12,$63,$-7,$0,$-2,$-15,$-5,$87,$-38,$0,$-147,$0,$0,$0,$-9,$-194,$91,$0,$91,$-9,$-9,$0,$-1,$81,$-24,$3,$0
24,2012-09-30,13.44,$13.54,0.99,$25.13,0.53,$2.57,5.24,$0.47,28.6,$0.46B,$0.17B,2.77,$0.10B,$0.59B,0.17,$1.10B,$0.38B,34.64%,$1.10B,$0.04B,4.00%,$1.10B,$0.04B,4.00%,$1.10B,$0.09B,8.36%,$1.10B,$0.04B,3.73%,$1.10B,$0.02B,1.82%,$0.02B,$0.59B,3.45%,$0.02B,$0.29B,5.25%,$0.02B,$0.91B,2.49%,$0.04B,$0.69B,7.28%,$281,$184,$97,$0,$76,$272,$9,$-1,$8,$-0,$8,$8,$8,$21,$9,$43,43,$0.19,$0.19,$177,$0,$20,$461,$99,$0,$301,$0,$444,$905,$166,$98,$41,$147,$313,$0,$302,$14,$592,$905,$15,$37,$10,$47,$-10,$0,$-2,$-13,$-7,$55,$-26,$0,$-147,$0,$0,$0,$-9,$-182,$98,$0,$98,$-9,$-9,$0,$-1,$88,$-35,$3,$0
25,2012-06-30,15.92,$13.20,1.21,$25.03,0.64,$3.24,4.91,$0.68,23.41,$0.47B,$0.14B,3.29,$0.00B,$0.58B,0.0,$1.11B,$0.39B,34.89%,$1.11B,$0.06B,5.13%,$1.11B,$0.06B,5.13%,$1.11B,$0.11B,9.62%,$1.11B,$0.06B,4.95%,$1.11B,$0.03B,2.70%,$0.03B,$0.58B,5.21%,$0.03B,$0.42B,7.31%,$0.03B,$0.77B,3.89%,$0.06B,$0.58B,9.90%,$265,$175,$90,$0,$70,$256,$9,$-0,$8,$1,$8,$8,$8,$21,$9,$43,43,$0.18,$0.18,$205,$0,$20,$472,$84,$0,$163,$0,$295,$767,$144,$0,$37,$45,$189,$0,$295,$9,$578,$767,$7,$25,$14,$38,$-5,$0,$-2,$-18,$-21,$25,$-14,$0,$0,$0,$0,$0,$-9,$-22,$0,$0,$0,$-9,$-9,$0,$-1,$-10,$-6,$2,$0
26,2012-03-31,15.8,$13.12,1.2,$25.37,0.62,$3.51,4.5,$0.76,20.79,$0.48B,$0.15B,3.33,$0.00B,$0.58B,0.0,$1.15B,$0.40B,34.79%,$1.15B,$0.07B,5.67%,$1.15B,$0.07B,5.67%,$1.15B,$0.12B,10.20%,$1.15B,$0.06B,5.49%,$1.15B,$0.03B,2.96%,$0.03B,$0.58B,5.82%,$0.03B,$0.41B,8.17%,$0.03B,$0.77B,4.32%,$0.07B,$0.58B,11.13%,$278,$179,$100,$0,$72,$263,$15,$-1,$14,$3,$11,$11,$-1,$27,$15,$43,43,$-0.02,$-0.02,$196,$0,$21,$482,$87,$0,$166,$0,$285,$767,$145,$0,$39,$47,$192,$0,$288,$14,$575,$767,$-1,$13,$12,$24,$-16,$0,$-2,$-6,$-20,$4,$-7,$0,$0,$-0,$0,$-0,$-9,$-15,$0,$0,$0,$-8,$-8,$0,$0,$-8,$-15,$1,$0
27,2011-12-31,15.66,$13.03,1.2,$25.40,0.62,$3.87,4.05,$1.06,14.77,$0.48B,$0.15B,3.23,$0.00B,$0.57B,0.0,$1.17B,$0.40B,34.59%,$1.17B,$0.07B,5.65%,$1.17B,$0.07B,5.65%,$1.17B,$0.12B,10.27%,$1.17B,$0.06B,5.39%,$1.17B,$0.05B,4.11%,$0.05B,$0.57B,8.14%,$0.05B,$0.41B,11.46%,$0.05B,$0.77B,6.02%,$0.07B,$0.57B,11.20%,$276,$182,$94,$0,$28,$265,$11,$0,$11,$5,$6,$6,$5,$23,$11,$46,46,$0.12,$0.12,$211,$0,$20,$482,$91,$0,$166,$0,$287,$769,$149,$0,$38,$46,$196,$0,$292,$4,$574,$769,$48,$54,$4,$58,$9,$0,$-7,$-1,$-4,$103,$-26,$0,$0,$0,$0,$0,$2,$-24,$-0,$0,$-0,$-51,$-51,$0,$-0,$-51,$21,$4,$0
28,2011-09-30,14.95,$12.94,1.16,$25.24,0.59,$2.55,5.87,$0.57,26.23,$0.49B,$0.16B,3.08,$0.00B,$0.58B,0.0,$1.16B,$0.42B,35.91%,$1.16B,$0.08B,6.44%,$1.16B,$0.08B,6.44%,$1.16B,$0.13B,11.34%,$1.16B,$0.07B,6.19%,$1.16B,$0.03B,2.23%,$0.03B,$0.58B,4.39%,$0.03B,$0.41B,6.21%,$0.03B,$0.78B,3.23%,$0.08B,$0.58B,12.67%,$293,$189,$104,$0,$82,$271,$22,$-0,$22,$3,$19,$19,$18,$36,$22,$46,46,$0.40,$0.40,$205,$0,$25,$487,$96,$0,$166,$0,$294,$781,$158,$0,$37,$47,$205,$0,$289,$5,$576,$781,$43,$42,$-2,$40,$6,$0,$-4,$-9,$-4,$80,$-18,$0,$0,$0,$0,$0,$1,$-17,$0,$0,$0,$-44,$-44,$0,$-0,$-44,$15,$3,$0
29,2011-06-30,21.53,$13.01,1.65,$25.14,0.86,$1.59,13.54,$0.46,46.8,$0.52B,$0.17B,3.08,$0.00B,$0.61B,0.0,$1.17B,$0.42B,35.88%,$1.17B,$0.07B,5.67%,$1.17B,$0.07B,5.67%,$1.17B,$0.13B,10.82%,$1.17B,$0.06B,5.32%,$1.17B,$0.02B,1.89%,$0.02B,$0.61B,3.69%,$0.02B,$0.44B,5.21%,$0.02B,$0.83B,2.71%,$0.07B,$0.61B,11.07%,$300,$199,$101,$0,$88,$284,$17,$-0,$16,$3,$14,$14,$12,$31,$17,$46,46,$0.26,$0.26,$212,$0,$23,$519,$102,$0,$174,$0,$310,$829,$169,$0,$39,$49,$218,$0,$288,$22,$611,$829,$25,$29,$-3,$25,$-15,$0,$-4,$-7,$-16,$34,$-9,$0,$0,$0,$0,$0,$0,$-9,$0,$0,$0,$-7,$-7,$0,$0,$-7,$22,$3,$0
30,2011-03-31,19.77,$12.73,1.55,$24.84,0.8,$0.99,19.93,$0.25,79.08,$0.49B,$0.16B,3.02,$0.00B,$0.60B,0.0,$1.15B,$0.42B,36.14%,$1.15B,$0.06B,5.11%,$1.15B,$0.06B,5.11%,$1.15B,$0.12B,10.49%,$1.15B,$0.05B,4.42%,$1.15B,$0.01B,1.13%,$0.01B,$0.60B,2.23%,$0.01B,$0.42B,3.16%,$0.01B,$0.81B,1.60%,$0.06B,$0.60B,9.94%,$299,$194,$105,$0,$89,$284,$16,$-2,$14,$1,$14,$14,$13,$30,$16,$46,47,$0.28,$0.28,$200,$0,$22,$494,$106,$0,$175,$0,$317,$812,$164,$0,$41,$51,$214,$0,$276,$21,$597,$812,$13,$14,$4,$18,$-4,$0,$-6,$-5,$-11,$20,$-6,$0,$0,$0,$0,$0,$-0,$-6,$0,$0,$0,$-7,$-7,$0,$0,$-7,$10,$2,$0
31,2010-12-31,20.26,$12.41,1.63,$24.37,0.83,$0.18,110.71,$-0.24,0.0,$0.47B,$0.16B,2.98,$0.00B,$0.58B,0.0,$1.12B,$0.41B,36.27%,$1.12B,$0.04B,3.39%,$1.12B,$0.04B,3.39%,$1.12B,$0.10B,8.91%,$1.12B,$0.03B,2.50%,$1.12B,$-0.01B,-0.89%,$-0.01B,$0.58B,-1.73%,$-0.01B,$0.41B,-2.46%,$-0.01B,$0.80B,-1.20%,$0.04B,$0.58B,6.29%,$272,$164,$108,$0,$90,$252,$20,$0,$20,$4,$16,$16,$-17,$35,$20,$46,46,$-0.35,$-0.35,$190,$0,$23,$472,$114,$0,$175,$0,$322,$795,$159,$0,$42,$53,$211,$0,$266,$15,$583,$795,$-10,$61,$14,$75,$-11,$0,$-2,$-3,$-19,$45,$-28,$0,$-77,$-0,$0,$-0,$68,$-38,$0,$-85,$-85,$-6,$-6,$0,$-3,$-94,$-90,$5,$0
32,2010-09-30,13.58,$12.62,1.08,$21.97,0.62,$1.23,11.08,$0.02,679.0,$0.48B,$0.17B,2.78,$0.00B,$0.59B,0.0,$0.99B,$0.36B,36.12%,$0.99B,$0.03B,3.42%,$0.99B,$0.03B,3.42%,$0.99B,$0.09B,8.95%,$0.99B,$0.02B,2.31%,$0.99B,$0.00B,0.20%,$0.00B,$0.59B,0.37%,$0.00B,$0.42B,0.49%,$0.00B,$0.82B,0.25%,$0.03B,$0.59B,5.95%,$294,$191,$104,$0,$87,$281,$13,$-2,$12,$-2,$14,$14,$14,$30,$13,$46,47,$0.29,$0.29,$203,$0,$17,$483,$120,$0,$171,$0,$333,$816,$174,$0,$39,$50,$223,$0,$283,$9,$593,$816,$7,$46,$-2,$44,$3,$0,$-4,$-3,$-11,$40,$-21,$0,$-77,$0,$0,$0,$80,$-19,$0,$-85,$-85,$-6,$-6,$0,$-3,$-94,$-77,$4,$0
33,2010-06-30,14.23,$11.95,1.19,$20.84,0.68,$1.72,8.27,$0.19,74.89,$0.49B,$0.18B,2.72,$0.04B,$0.56B,0.07,$0.91B,$0.33B,36.58%,$0.91B,$0.04B,4.60%,$0.91B,$0.04B,4.60%,$0.91B,$0.09B,9.53%,$0.91B,$0.03B,3.50%,$0.91B,$0.01B,0.77%,$0.01B,$0.56B,1.37%,$0.01B,$0.39B,1.70%,$0.01B,$0.83B,0.94%,$0.04B,$0.60B,7.83%,$289,$189,$100,$0,$90,$279,$10,$-5,$5,$1,$4,$4,$3,$26,$10,$47,47,$0.05,$0.05,$225,$0,$18,$494,$126,$0,$169,$0,$340,$833,$182,$40,$39,$90,$272,$0,$273,$-8,$561,$833,$-7,$30,$3,$33,$6,$0,$-2,$-13,$-16,$10,$-13,$0,$-77,$0,$0,$0,$80,$-11,$53,$-85,$-32,$-6,$-6,$0,$-3,$-42,$-55,$3,$0
34,2010-03-31,22.84,$12.22,1.87,$19.75,1.16,$2.16,10.57,$0.49,46.61,$0.53B,$0.19B,2.89,$0.06B,$0.58B,0.11,$0.83B,$0.31B,37.09%,$0.83B,$0.05B,5.88%,$0.83B,$0.05B,5.88%,$0.83B,$0.09B,10.20%,$0.83B,$0.04B,5.16%,$0.83B,$0.02B,2.16%,$0.02B,$0.58B,3.79%,$0.02B,$0.40B,4.36%,$0.02B,$0.88B,2.66%,$0.05B,$0.64B,9.99%,$267,$172,$95,$0,$100,$272,$-5,$-4,$-9,$-0,$-8,$-8,$-10,$9,$-5,$45,45,$-0.21,$-0.21,$243,$0,$20,$534,$133,$0,$175,$0,$346,$879,$185,$64,$42,$117,$302,$0,$271,$7,$578,$879,$-10,$14,$-3,$11,$-2,$0,$-3,$-11,$-18,$-17,$-6,$0,$-77,$-0,$0,$-0,$80,$-3,$75,$-85,$-10,$-1,$-1,$0,$-3,$-14,$-37,$2,$0
35,2009-12-31,25.47,$10.86,2.34,$18.75,1.36,$2.60,9.8,$1.06,24.03,$0.55B,$0.20B,2.73,$0.00B,$0.45B,0.0,$0.77B,$0.29B,37.32%,$0.77B,$0.07B,9.23%,$0.77B,$0.07B,9.23%,$0.77B,$0.10B,13.00%,$0.77B,$0.07B,9.23%,$0.77B,$0.04B,5.59%,$0.04B,$0.45B,10.08%,$0.04B,$0.43B,10.69%,$0.04B,$0.67B,7.32%,$0.07B,$0.45B,16.65%,$144,$83,$60,$0,$44,$128,$16,$-1,$15,$18,$-3,$-3,$-5,$24,$16,$41,41,$-0.11,$-0.12,$360,$0,$11,$548,$80,$0,$23,$0,$125,$672,$200,$0,$10,$21,$222,$0,$280,$8,$451,$672,$43,$29,$18,$47,$-9,$0,$-2,$-1,$-2,$88,$-30,$0,$0,$0,$0,$0,$-79,$-109,$3,$75,$78,$-1,$-1,$0,$-1,$77,$61,$5,$0
36,2009-09-30,20.82,$10.93,1.9,$19.25,1.08,$2.33,8.94,$1.36,15.31,$0.47B,$0.13B,3.65,$0.00B,$0.45B,0.0,$0.79B,$0.29B,36.50%,$0.79B,$0.07B,8.87%,$0.79B,$0.07B,8.87%,$0.79B,$0.10B,12.42%,$0.79B,$0.08B,9.76%,$0.79B,$0.06B,7.10%,$0.06B,$0.45B,13.67%,$0.06B,$0.43B,14.56%,$0.06B,$0.60B,10.14%,$0.07B,$0.45B,17.08%,$213,$134,$79,$0,$58,$193,$21,$0,$21,$2,$19,$19,$19,$28,$21,$41,41,$0.46,$0.46,$271,$0,$12,$472,$81,$0,$23,$0,$130,$602,$129,$0,$10,$21,$151,$0,$285,$7,$452,$602,$48,$21,$3,$24,$-19,$0,$-3,$-2,$-12,$60,$-23,$0,$0,$0,$0,$0,$1,$-22,$3,$0,$3,$-3,$-3,$0,$0,$1,$52,$4,$0
37,2009-06-30,18.09,$10.16,1.78,$19.10,0.95,$2.18,8.28,$1.37,13.2,$0.43B,$0.12B,3.71,$0.00B,$0.42B,0.0,$0.78B,$0.29B,36.53%,$0.78B,$0.07B,8.68%,$0.78B,$0.07B,8.68%,$0.78B,$0.10B,12.26%,$0.78B,$0.08B,10.09%,$0.78B,$0.06B,7.15%,$0.06B,$0.42B,14.22%,$0.06B,$0.40B,15.26%,$0.06B,$0.56B,10.41%,$0.07B,$0.42B,17.27%,$209,$134,$75,$0,$56,$192,$17,$-1,$16,$1,$14,$14,$14,$24,$17,$41,41,$0.35,$0.35,$239,$0,$12,$426,$81,$0,$24,$0,$129,$555,$115,$0,$10,$21,$136,$0,$266,$-4,$418,$555,$29,$14,$7,$21,$-9,$0,$-4,$-2,$-16,$33,$-18,$0,$0,$0,$0,$0,$1,$-17,$3,$0,$3,$-4,$-4,$0,$0,$-1,$20,$3,$0
38,2009-03-31,16.63,$9.36,1.78,$19.07,0.87,$2.17,7.66,$1.45,11.47,$0.39B,$0.11B,3.43,$0.00B,$0.39B,0.0,$0.78B,$0.29B,36.45%,$0.78B,$0.07B,8.70%,$0.78B,$0.07B,8.70%,$0.78B,$0.10B,12.28%,$0.78B,$0.08B,10.74%,$0.78B,$0.06B,7.67%,$0.06B,$0.39B,15.54%,$0.06B,$0.36B,16.77%,$0.06B,$0.52B,11.25%,$0.07B,$0.39B,17.62%,$203,$130,$73,$0,$55,$186,$17,$2,$19,$4,$15,$15,$15,$24,$17,$41,41,$0.36,$0.36,$209,$0,$13,$391,$80,$0,$26,$0,$130,$521,$114,$0,$10,$22,$136,$0,$252,$-22,$385,$521,$15,$7,$3,$10,$-6,$0,$-2,$-6,$-17,$8,$-11,$0,$0,$0,$0,$0,$0,$-11,$3,$0,$3,$-3,$-3,$0,$0,$0,$-10,$2,$0
39,2008-12-31,19.12,$9.33,2.05,$19.10,1.0,$2.07,9.22,$1.47,13.01,$0.40B,$0.13B,3.14,$0.00B,$0.38B,0.0,$0.78B,$0.29B,36.40%,$0.78B,$0.07B,8.56%,$0.78B,$0.07B,8.56%,$0.78B,$0.10B,12.13%,$0.78B,$0.08B,10.73%,$0.78B,$0.06B,7.79%,$0.06B,$0.38B,15.82%,$0.06B,$0.36B,17.11%,$0.06B,$0.53B,11.45%,$0.07B,$0.38B,17.38%,$164,$103,$61,$0,$46,$149,$15,$5,$21,$11,$10,$10,$8,$22,$15,$41,41,$0.18,$0.20,$220,$0,$12,$397,$80,$0,$28,$0,$133,$530,$126,$0,$10,$19,$146,$0,$237,$-11,$384,$530,$61,$28,$9,$37,$-24,$0,$4,$0,$-16,$81,$-35,$0,$-2,$18,$0,$18,$-0,$-20,$0,$0,$0,$1,$1,$0,$1,$1,$41,$5,$0
40,2008-09-30,21.96,$9.43,2.33,$19.96,1.1,$1.36,16.19,$1.51,14.54,$0.40B,$0.13B,3.0,$0.00B,$0.39B,0.0,$0.82B,$0.30B,36.47%,$0.82B,$0.07B,8.20%,$0.82B,$0.07B,8.20%,$0.82B,$0.10B,11.63%,$0.82B,$0.08B,9.55%,$0.82B,$0.06B,7.59%,$0.06B,$0.39B,16.28%,$0.06B,$0.36B,17.64%,$0.06B,$0.55B,11.78%,$0.07B,$0.39B,17.60%,$207,$131,$77,$0,$57,$188,$19,$4,$23,$4,$19,$19,$19,$26,$19,$41,41,$0.48,$0.47,$220,$0,$15,$403,$79,$0,$31,$0,$143,$545,$134,$0,$13,$23,$157,$0,$230,$2,$388,$545,$53,$21,$-8,$13,$-18,$0,$2,$0,$-10,$56,$-26,$0,$-2,$18,$0,$18,$-0,$-11,$0,$0,$0,$1,$1,$0,$1,$2,$42,$4,$0
41,2008-06-30,18.86,$9.41,2.0,$19.25,0.98,$0.91,20.65,$1.34,14.07,$0.40B,$0.12B,3.23,$0.00B,$0.39B,0.0,$0.79B,$0.29B,36.39%,$0.79B,$0.06B,8.02%,$0.79B,$0.06B,8.02%,$0.79B,$0.09B,11.45%,$0.79B,$0.07B,9.03%,$0.79B,$0.06B,7.00%,$0.06B,$0.39B,14.91%,$0.06B,$0.36B,16.18%,$0.06B,$0.54B,10.78%,$0.06B,$0.39B,17.07%,$208,$134,$74,$0,$57,$191,$17,$5,$21,$4,$18,$18,$18,$24,$17,$41,41,$0.44,$0.43,$208,$0,$16,$402,$79,$0,$29,$0,$136,$538,$124,$0,$16,$26,$150,$0,$210,$22,$387,$538,$33,$14,$3,$17,$-17,$0,$-1,$-1,$-20,$31,$-16,$0,$0,$18,$0,$18,$-0,$1,$0,$0,$0,$1,$1,$0,$1,$2,$31,$2,$0
42,2008-03-31,17.59,$9.32,1.89,$18.32,0.96,$0.76,23.09,$1.07,16.44,$0.38B,$0.11B,3.39,$0.00B,$0.38B,0.0,$0.75B,$0.27B,36.19%,$0.75B,$0.05B,7.10%,$0.75B,$0.05B,7.10%,$0.75B,$0.08B,10.72%,$0.75B,$0.06B,7.77%,$0.75B,$0.04B,5.76%,$0.04B,$0.38B,12.20%,$0.04B,$0.35B,13.30%,$0.04B,$0.52B,8.80%,$0.05B,$0.38B,15.04%,$204,$131,$73,$0,$56,$187,$16,$2,$19,$3,$16,$16,$16,$23,$16,$40,41,$0.39,$0.38,$190,$0,$16,$384,$79,$0,$29,$0,$133,$518,$114,$0,$11,$21,$135,$0,$192,$38,$383,$518,$16,$7,$2,$9,$-16,$0,$-2,$-3,$-24,$1,$-8,$0,$0,$17,$0,$17,$-1,$9,$-0,$0,$0,$1,$1,$0,$0,$1,$12,$1,$0
43,2007-12-31,18.0,$8.95,2.01,$17.47,1.03,$0.90,20.04,$0.98,18.37,$0.37B,$0.12B,3.14,$0.00B,$0.37B,0.0,$0.71B,$0.26B,36.48%,$0.71B,$0.05B,7.18%,$0.71B,$0.05B,7.18%,$0.71B,$0.08B,10.85%,$0.71B,$0.05B,7.46%,$0.71B,$0.04B,5.49%,$0.04B,$0.37B,11.72%,$0.04B,$0.34B,12.84%,$0.04B,$0.51B,8.37%,$0.05B,$0.37B,15.33%,$198,$124,$74,$0,$57,$182,$15,$0,$15,$6,$9,$9,$9,$22,$15,$40,41,$0.24,$0.23,$196,$0,$20,$372,$79,$0,$29,$0,$134,$505,$118,$0,$11,$22,$140,$0,$195,$37,$365,$505,$40,$25,$6,$31,$-24,$0,$0,$-6,$-22,$48,$-31,$0,$-2,$-18,$0,$-18,$1,$-49,$0,$0,$0,$0,$0,$0,$0,$1,$19,$4,$0
44,2007-09-30,16.61,$8.36,1.99,$16.55,1.0,$1.50,11.07,$0.95,17.48,$0.35B,$0.11B,3.07,$0.00B,$0.34B,0.0,$0.67B,$0.24B,35.92%,$0.67B,$0.05B,6.86%,$0.67B,$0.05B,6.86%,$0.67B,$0.07B,10.73%,$0.67B,$0.05B,7.30%,$0.67B,$0.04B,5.66%,$0.04B,$0.34B,12.09%,$0.04B,$0.31B,13.31%,$0.04B,$0.48B,8.57%,$0.05B,$0.34B,14.64%,$176,$111,$65,$0,$50,$161,$15,$1,$16,$4,$12,$12,$12,$21,$15,$40,41,$0.30,$0.30,$185,$0,$1,$345,$74,$0,$29,$0,$134,$479,$113,$0,$15,$25,$138,$0,$186,$24,$341,$479,$30,$18,$3,$21,$-12,$0,$1,$-7,$-16,$35,$-23,$0,$-2,$-18,$0,$-18,$1,$-41,$0,$0,$0,$0,$0,$0,$0,$0,$8,$3,$0
45,2007-06-30,18.99,$7.85,2.42,$15.91,1.19,$2.10,9.03,$1.06,17.92,$0.32B,$0.11B,3.03,$0.00B,$0.32B,0.0,$0.64B,$0.23B,35.87%,$0.64B,$0.05B,8.23%,$0.64B,$0.05B,8.23%,$0.64B,$0.08B,12.27%,$0.64B,$0.06B,8.70%,$0.64B,$0.04B,6.68%,$0.04B,$0.32B,14.41%,$0.04B,$0.29B,15.94%,$0.04B,$0.45B,10.16%,$0.05B,$0.32B,17.76%,$168,$110,$58,$0,$50,$161,$7,$1,$8,$2,$6,$6,$6,$14,$7,$40,41,$0.16,$0.16,$174,$0,$1,$320,$72,$0,$30,$0,$132,$452,$106,$0,$16,$26,$132,$0,$173,$16,$321,$452,$18,$12,$2,$14,$-4,$0,$2,$-5,$-10,$23,$-14,$0,$-2,$0,$0,$0,$1,$-15,$0,$0,$0,$0,$0,$0,$0,$0,$15,$2,$0
46,2007-03-31,18.24,$7.45,2.45,$15.13,1.21,$2.22,8.23,$1.19,15.33,$0.30B,$0.10B,3.1,$0.00B,$0.30B,0.0,$0.61B,$0.22B,36.33%,$0.61B,$0.05B,8.67%,$0.61B,$0.05B,8.67%,$0.61B,$0.08B,12.60%,$0.61B,$0.06B,9.49%,$0.61B,$0.05B,8.02%,$0.05B,$0.30B,17.41%,$0.05B,$0.28B,18.97%,$0.05B,$0.43B,12.20%,$0.05B,$0.30B,18.83%,$168,$106,$62,$0,$49,$154,$14,$1,$14,$3,$12,$12,$12,$20,$14,$40,41,$0.29,$0.29,$158,$0,$1,$300,$68,$0,$28,$0,$127,$427,$97,$0,$16,$26,$123,$0,$167,$8,$304,$427,$12,$6,$1,$7,$-5,$0,$-0,$-7,$-14,$5,$-6,$0,$0,$0,$0,$0,$-1,$-7,$0,$0,$0,$0,$0,$0,$0,$0,$-0,$1,$0
47,2006-12-31,17.64,$7.19,2.45,$14.28,1.24,$2.36,7.47,$1.05,16.8,$0.29B,$0.11B,2.75,$0.00B,$0.29B,0.0,$0.57B,$0.21B,36.24%,$0.57B,$0.05B,8.01%,$0.57B,$0.05B,8.01%,$0.57B,$0.07B,12.20%,$0.57B,$0.05B,9.06%,$0.57B,$0.04B,7.49%,$0.04B,$0.29B,16.26%,$0.04B,$0.26B,17.46%,$0.04B,$0.42B,11.33%,$0.05B,$0.29B,17.39%,$159,$102,$56,$0,$46,$148,$10,$1,$11,$3,$8,$8,$8,$17,$10,$40,40,$0.20,$0.20,$159,$0,$1,$289,$66,$0,$28,$0,$127,$416,$105,$0,$8,$19,$124,$0,$158,$6,$291,$416,$42,$25,$-10,$14,$-21,$0,$2,$0,$-12,$45,$-4,$0,$-17,$-5,$0,$-5,$-0,$-26,$0,$0,$0,$4,$4,$0,$2,$7,$31,$2,$0
