,Date,Stock Price,Book Value per Share,Price to Book Ratio,TTM Sales per Share,Price to Sales Ratio,TTM FCF per Share,Price to FCF Ratio,TTM Net EPS,PE Ratio,Current Assets,Current Liabilities,Current Ratio,Long Term Debt,Shareholder's Equity_x,Debt to Equity Ratio,TTM Revenue_x,TTM Gross Profit,Gross Margin,TTM Revenue_y,TTM Operating Income,Operating Margin,TTM Revenue_x,TTM EBIT,EBIT Margin,TTM Revenue_y,TTM EBITDA,EBITDA Margin,TTM Revenue_x,TTM Pre-Tax Income,Pre-Tax Margin,TTM Revenue_y,TTM Net Income_x,Net Margin,TTM Net Income_y,Shareholder's Equity_y,Return on Equity,TTM Net Income_x,Tangible Equity,Return on Tangible Equity,TTM Net Income_y,Total Assets,Return on Assets,TTM Net Income,LT Investments & Debt,Return on Investment,revenue,cost-goods-sold,gross-profit,research-development-expenses,selling-general-administrative-expenses,operating-expenses,operating-income,total-non-operating-income-expense,pre-tax-income,total-provision-income-taxes,income-after-taxes,income-from-continuous-operations,net-income,ebitda,ebit,basic-shares-outstanding,shares-outstanding,eps-basic-net-earnings-per-share,eps-earnings-per-share-diluted,cash-on-hand,inventory,other-current-assets,total-current-assets,net-property-plant-equipment,long-term-investments,goodwill-intangible-assets-total,other-long-term-assets,total-long-term-assets,total-assets,total-current-liabilities,long-term-debt,other-non-current-liabilities,total-long-term-liabilities,total-liabilities,common-stock-net,retained-earnings-accumulated-deficit,comprehensive-income,total-share-holder-equity,total-liabilities-share-holders-equity,net-income-loss,total-depreciation-amortization-cash-flow,other-non-cash-items,total-non-cash-items,change-in-accounts-receivable,change-in-inventories,change-in-accounts-payable,change-in-assets-liabilities,total-change-in-assets-liabilities,cash-flow-from-operating-activities,net-change-in-property-plant-equipment,net-change-in-intangible-assets,net-acquisitions-divestitures,net-change-in-short-term-investments,net-change-in-long-term-investments,net-change-in-investments-total,investing-activities-other,cash-flow-from-investing-activities,net-long-term-debt,net-current-debt,debt-issuance-retirement-net-total,net-common-equity-issued-repurchased,net-total-equity-issued-repurchased,total-common-preferred-stock-dividends-paid,financial-activities-other,cash-flow-from-financial-activities,net-cash-flow,stock-based-compensation,common-stock-dividends-paid
0,2018-09-30,45.62,$20.57,2.22,$46.97,0.97,$8.81,5.18,$-2.86,0.0,$0.79B,$0.33B,2.42,$0.46B,$0.71B,0.64,$1.63B,$0.51B,31.09%,$1.63B,$-0.04B,-2.39%,$1.63B,$-0.04B,-2.39%,$1.63B,$0.10B,6.07%,$1.63B,$-0.06B,-3.37%,$1.63B,$-0.09B,-5.76%,$-0.09B,$0.71B,-13.33%,$-0.09B,$0.14B,-91.71%,$-0.09B,$1.53B,-6.37%,$-0.04B,$1.17B,-3.38%,$418,$277,$141,$90,$34,$412,$6,$-2,$4,$-0,$4,$4,$4,$40,$6,$35,36,$0.11,$0.11,$263,$161,$0,$789,$111,$0,$572,$53,$736,$1525,$326,$455,$34,$489,$815,$0,$610,$0,$710,$1525,$4,$35,$7,$41,$-38,$-30,$22,$-13,$-41,$5,$-7,$0,$0,$3,$0,$3,$0,$-4,$0,$0,$0,$-37,$-37,$0,$-1,$-38,$-38,$17,$0
1,2018-06-30,50.37,$20.69,2.43,$47.86,1.05,$9.72,5.18,$-3.65,0.0,$0.74B,$0.28B,2.61,$0.45B,$0.73B,0.62,$1.63B,$0.48B,29.45%,$1.63B,$-0.06B,-3.80%,$1.63B,$-0.06B,-3.80%,$1.63B,$0.08B,4.85%,$1.63B,$-0.08B,-5.03%,$1.63B,$-0.13B,-7.67%,$-0.13B,$0.73B,-17.51%,$-0.13B,$0.14B,-136.24%,$-0.13B,$1.50B,-8.53%,$-0.06B,$1.18B,-5.35%,$389,$261,$128,$90,$38,$397,$-9,$-5,$-13,$-12,$-1,$-2,$-2,$28,$-9,$34,34,$-0.02,$-0.02,$301,$131,$0,$740,$118,$0,$592,$51,$760,$1500,$284,$451,$36,$487,$771,$0,$606,$2,$729,$1500,$-124,$141,$78,$219,$-23,$80,$6,$12,$50,$145,$-34,$-8,$-397,$0,$0,$0,$0,$-439,$295,$0,$295,$-61,$-61,$0,$-7,$227,$-67,$71,$0
2,2018-03-31,45.73,$20.12,2.27,$48.48,0.94,$9.89,4.62,$-3.10,0.0,$0.67B,$0.27B,2.5,$0.45B,$0.70B,0.64,$1.67B,$0.48B,28.72%,$1.67B,$-0.04B,-2.10%,$1.67B,$-0.04B,-2.10%,$1.67B,$0.09B,5.52%,$1.67B,$-0.05B,-3.18%,$1.67B,$-0.11B,-6.29%,$-0.11B,$0.70B,-14.65%,$-0.11B,$0.08B,-63.44%,$-0.11B,$1.44B,-7.47%,$-0.04B,$1.14B,-3.19%,$394,$271,$123,$94,$38,$406,$-12,$-5,$-17,$-4,$-13,$-14,$-14,$19,$-12,$35,35,$-0.40,$-0.40,$283,$109,$0,$666,$119,$0,$614,$45,$778,$1444,$267,$447,$28,$481,$748,$0,$608,$2,$696,$1444,$-123,$105,$71,$176,$8,$102,$-16,$14,$84,$137,$-28,$-8,$-396,$0,$0,$0,$0,$-432,$295,$0,$295,$-79,$-79,$0,$-6,$210,$-84,$53,$0
3,2017-12-31,39.94,$19.98,2.0,$49.61,0.81,$8.93,4.47,$-2.57,0.0,$0.65B,$0.28B,2.36,$0.44B,$0.69B,0.65,$1.72B,$0.49B,28.58%,$1.72B,$-0.01B,-0.64%,$1.72B,$-0.01B,-0.64%,$1.72B,$0.11B,6.29%,$1.72B,$-0.03B,-1.46%,$1.72B,$-0.09B,-5.01%,$-0.09B,$0.69B,-11.99%,$-0.09B,$0.05B,-35.95%,$-0.09B,$1.44B,-6.31%,$-0.01B,$1.13B,-1.06%,$430,$315,$115,$92,$37,$454,$-24,$-5,$-29,$53,$-82,$-82,$-82,$12,$-24,$34,34,$-2.42,$-2.42,$252,$141,$0,$648,$119,$0,$632,$40,$791,$1438,$275,$442,$28,$478,$753,$0,$622,$2,$685,$1438,$-109,$73,$58,$131,$30,$70,$-28,$13,$81,$103,$-20,$-8,$-396,$0,$0,$0,$0,$-423,$295,$0,$295,$-84,$-84,$0,$-6,$204,$-116,$34,$0
4,2017-09-30,39.18,$22.11,1.77,$49.84,0.79,$7.37,5.32,$0.49,79.96,$0.65B,$0.28B,2.35,$0.44B,$0.75B,0.59,$1.75B,$0.52B,29.45%,$1.75B,$0.04B,2.40%,$1.75B,$0.04B,2.40%,$1.75B,$0.15B,8.46%,$1.75B,$0.03B,1.89%,$1.75B,$0.02B,1.09%,$0.02B,$0.75B,2.60%,$0.02B,$0.10B,5.81%,$0.02B,$1.48B,1.43%,$0.04B,$1.18B,4.22%,$417,$303,$114,$87,$40,$434,$-17,$-6,$-23,$3,$-26,$-27,$-27,$20,$-17,$34,34,$-0.79,$-0.79,$200,$180,$0,$649,$120,$0,$651,$57,$828,$1477,$277,$438,$17,$455,$731,$0,$704,$2,$746,$1477,$-27,$37,$9,$46,$13,$32,$-29,$22,$20,$40,$-11,$0,$-397,$0,$0,$0,$0,$-408,$295,$0,$295,$-93,$-93,$0,$-2,$200,$-168,$17,$0
5,2017-06-30,51.71,$21.37,2.42,$48.23,1.07,$6.36,8.13,$1.38,37.47,$0.79B,$0.31B,2.55,$0.20B,$0.74B,0.27,$1.72B,$0.52B,30.50%,$1.72B,$0.07B,3.78%,$1.72B,$0.07B,3.78%,$1.72B,$0.16B,9.25%,$1.72B,$0.06B,3.55%,$1.72B,$0.05B,2.91%,$0.05B,$0.74B,6.95%,$0.05B,$0.43B,12.81%,$0.05B,$1.27B,3.94%,$0.07B,$0.94B,7.01%,$427,$300,$127,$74,$33,$409,$18,$-2,$16,$-2,$18,$18,$18,$41,$18,$35,36,$0.51,$0.50,$368,$131,$0,$792,$114,$0,$308,$53,$475,$1267,$310,$202,$14,$216,$527,$0,$714,$2,$740,$1267,$49,$94,$42,$136,$-3,$15,$-38,$-20,$-32,$153,$-31,$0,$0,$0,$-11,$-11,$0,$-42,$-24,$0,$-24,$-63,$-63,$0,$-7,$-94,$16,$62,$0
6,2017-03-31,49.51,$20.38,2.43,$44.79,1.11,$8.96,5.52,$0.68,72.81,$0.79B,$0.35B,2.28,$0.21B,$0.70B,0.3,$1.62B,$0.51B,31.27%,$1.62B,$0.02B,1.36%,$1.62B,$0.02B,1.36%,$1.62B,$0.12B,7.37%,$1.62B,$0.02B,1.30%,$1.62B,$0.03B,1.55%,$0.03B,$0.70B,3.52%,$0.03B,$0.38B,6.82%,$0.03B,$1.27B,1.96%,$0.02B,$0.91B,2.39%,$444,$310,$135,$72,$38,$432,$12,$-2,$11,$6,$5,$5,$5,$35,$12,$35,35,$0.13,$0.13,$329,$157,$0,$794,$113,$0,$322,$39,$474,$1269,$349,$206,$14,$221,$570,$0,$696,$2,$699,$1269,$31,$71,$32,$103,$6,$-11,$2,$-38,$-30,$105,$-26,$0,$0,$8,$0,$8,$-16,$-34,$-15,$0,$-15,$-73,$-73,$0,$-4,$-92,$-23,$46,$0
7,2016-12-31,53.58,$20.97,2.56,$42.86,1.25,$10.01,5.35,$1.09,49.16,$0.81B,$0.33B,2.45,$0.21B,$0.74B,0.28,$1.57B,$0.51B,32.66%,$1.57B,$0.03B,1.97%,$1.57B,$0.03B,1.97%,$1.57B,$0.13B,8.32%,$1.57B,$0.03B,2.03%,$1.57B,$0.04B,2.60%,$0.04B,$0.74B,5.57%,$0.04B,$0.40B,10.93%,$0.04B,$1.30B,3.10%,$0.03B,$0.95B,3.26%,$461,$323,$139,$74,$32,$433,$29,$1,$29,$7,$23,$23,$23,$52,$29,$35,36,$0.65,$0.64,$347,$160,$0,$805,$115,$0,$336,$46,$497,$1303,$329,$210,$19,$233,$562,$0,$692,$2,$740,$1303,$27,$48,$23,$72,$-7,$-13,$-2,$-25,$-46,$52,$-20,$0,$0,$8,$0,$8,$-16,$-29,$-11,$0,$-11,$-12,$-12,$0,$-4,$-27,$-5,$30,$0
8,2016-09-30,58.58,$20.05,2.92,$42.49,1.38,$11.55,5.07,$1.38,42.45,$0.73B,$0.31B,2.38,$0.21B,$0.70B,0.31,$1.58B,$0.54B,34.09%,$1.58B,$0.05B,2.97%,$1.58B,$0.05B,2.97%,$1.58B,$0.15B,9.53%,$1.58B,$0.05B,3.03%,$1.58B,$0.05B,3.35%,$0.05B,$0.70B,7.14%,$0.05B,$0.35B,14.61%,$0.05B,$1.24B,3.89%,$0.05B,$0.91B,4.89%,$386,$263,$123,$73,$35,$381,$6,$-1,$5,$1,$4,$4,$4,$31,$6,$35,36,$0.11,$0.10,$301,$153,$0,$726,$109,$0,$350,$55,$515,$1241,$305,$213,$19,$238,$542,$0,$669,$3,$699,$1241,$4,$26,$9,$34,$13,$-7,$-19,$-15,$-38,$0,$-6,$0,$0,$0,$0,$0,$-14,$-20,$-8,$0,$-8,$-23,$-23,$0,$-1,$-31,$-51,$15,$0
9,2016-06-30,53.75,$20.02,2.68,$43.95,1.22,$11.77,4.56,$1.90,28.29,$0.78B,$0.35B,2.22,$0.22B,$0.71B,0.31,$1.67B,$0.58B,34.83%,$1.67B,$0.08B,4.50%,$1.67B,$0.08B,4.50%,$1.67B,$0.18B,10.85%,$1.67B,$0.08B,4.56%,$1.67B,$0.07B,4.38%,$0.07B,$0.71B,9.81%,$0.07B,$0.34B,21.14%,$0.07B,$1.30B,5.22%,$0.08B,$0.92B,7.76%,$324,$216,$108,$78,$37,$349,$-25,$1,$-24,$-17,$-7,$-7,$-7,$1,$-25,$37,38,$-0.20,$-0.18,$352,$146,$0,$780,$113,$0,$367,$40,$520,$1300,$351,$217,$19,$244,$595,$0,$665,$3,$705,$1300,$72,$105,$49,$154,$72,$-6,$-15,$-7,$30,$257,$-29,$-5,$0,$0,$7,$7,$0,$-27,$-69,$0,$-69,$-208,$-208,$0,$-4,$-281,$-48,$57,$0
10,2016-03-31,79.74,$21.74,3.67,$47.71,1.67,$9.67,8.24,$2.94,27.12,$0.91B,$0.36B,2.54,$0.22B,$0.80B,0.28,$1.82B,$0.64B,35.11%,$1.82B,$0.14B,7.90%,$1.82B,$0.14B,7.90%,$1.82B,$0.25B,13.77%,$1.82B,$0.14B,7.84%,$1.82B,$0.11B,6.09%,$0.11B,$0.80B,14.49%,$0.11B,$0.41B,31.85%,$0.11B,$1.45B,7.63%,$0.14B,$1.02B,14.52%,$403,$258,$144,$74,$44,$381,$21,$1,$22,$1,$21,$21,$21,$47,$21,$37,38,$0.56,$0.54,$406,$133,$0,$907,$114,$0,$391,$37,$542,$1450,$357,$220,$49,$291,$649,$0,$672,$5,$801,$1450,$79,$80,$31,$111,$5,$8,$-34,$-13,$-47,$143,$-20,$-5,$0,$1,$0,$1,$0,$-24,$-8,$0,$-8,$-103,$-103,$0,$-8,$-118,$6,$41,$0
11,2015-12-31,80.34,$20.84,3.86,$49.50,1.62,$9.83,8.17,$3.22,24.95,$0.89B,$0.40B,2.24,$0.22B,$0.76B,0.29,$1.90B,$0.66B,34.77%,$1.90B,$0.18B,9.22%,$1.90B,$0.18B,9.22%,$1.90B,$0.28B,14.96%,$1.90B,$0.17B,9.06%,$1.90B,$0.12B,6.43%,$0.12B,$0.76B,16.21%,$0.12B,$0.36B,38.64%,$0.12B,$1.45B,8.30%,$0.18B,$0.99B,17.82%,$471,$305,$165,$79,$41,$425,$45,$-1,$45,$10,$35,$35,$35,$72,$45,$36,38,$0.96,$0.93,$372,$137,$0,$892,$116,$0,$409,$36,$561,$1453,$398,$224,$42,$291,$690,$0,$652,$6,$764,$1453,$59,$54,$18,$72,$-12,$4,$-18,$-5,$-24,$107,$-15,$-4,$0,$1,$0,$1,$0,$-19,$-4,$0,$-4,$-106,$-106,$0,$-7,$-116,$-28,$26,$0
12,2015-09-30,82.53,$19.56,4.22,$49.16,1.68,$7.66,10.77,$2.81,29.37,$0.81B,$0.42B,1.95,$0.23B,$0.71B,0.32,$1.89B,$0.62B,32.89%,$1.89B,$0.16B,8.46%,$1.89B,$0.16B,8.46%,$1.89B,$0.29B,15.44%,$1.89B,$0.16B,8.25%,$1.89B,$0.11B,5.71%,$0.11B,$0.71B,14.58%,$0.11B,$0.28B,38.40%,$0.11B,$1.39B,7.29%,$0.16B,$0.93B,16.44%,$470,$306,$164,$81,$40,$436,$34,$-1,$33,$9,$24,$24,$24,$61,$34,$37,38,$0.65,$0.62,$275,$147,$0,$812,$117,$37,$428,$0,$582,$1394,$417,$228,$16,$272,$688,$0,$617,$7,$706,$1394,$24,$27,$11,$39,$-25,$-6,$-14,$1,$-50,$12,$-10,$-4,$0,$1,$0,$1,$0,$-14,$-2,$0,$-2,$-122,$-122,$0,$-1,$-124,$-125,$12,$0
13,2015-06-30,86.74,$21.13,4.1,$44.07,1.97,$8.64,10.04,$2.87,30.22,$0.92B,$0.45B,2.05,$0.23B,$0.79B,0.29,$1.70B,$0.58B,33.92%,$1.70B,$0.16B,9.51%,$1.70B,$0.16B,9.51%,$1.70B,$0.28B,16.20%,$1.70B,$0.16B,9.39%,$1.70B,$0.11B,6.51%,$0.11B,$0.79B,14.93%,$0.11B,$0.35B,31.14%,$0.11B,$1.52B,7.99%,$0.16B,$1.02B,17.62%,$479,$312,$167,$80,$39,$435,$44,$-1,$43,$12,$31,$31,$31,$71,$44,$37,39,$0.84,$0.79,$400,$140,$0,$916,$123,$0,$442,$38,$603,$1519,$447,$231,$15,$280,$726,$0,$593,$8,$793,$1519,$110,$113,$-9,$105,$1,$-52,$30,$22,$-11,$204,$-52,$0,$-294,$0,$5,$5,$0,$-341,$242,$0,$242,$-72,$-72,$0,$-76,$94,$-47,$44,$0
14,2015-03-31,81.31,$20.33,4.0,$40.24,2.02,$7.23,11.25,$2.91,27.94,$0.88B,$0.40B,2.21,$0.24B,$0.75B,0.31,$1.54B,$0.55B,35.78%,$1.54B,$0.16B,10.19%,$1.54B,$0.16B,10.19%,$1.54B,$0.25B,16.30%,$1.54B,$0.16B,10.19%,$1.54B,$0.11B,7.40%,$0.11B,$0.75B,15.82%,$0.11B,$0.28B,27.92%,$0.11B,$1.51B,9.01%,$0.16B,$0.98B,18.72%,$478,$313,$164,$79,$36,$426,$52,$-1,$51,$19,$32,$32,$32,$80,$52,$37,39,$0.86,$0.82,$381,$152,$0,$880,$118,$0,$470,$44,$631,$1511,$398,$235,$87,$365,$763,$0,$562,$8,$748,$1511,$79,$87,$-9,$78,$6,$-64,$26,$40,$16,$173,$-41,$0,$-294,$0,$5,$5,$0,$-330,$244,$0,$244,$-86,$-86,$0,$-63,$94,$-67,$32,$0
15,2014-12-31,68.84,$19.49,3.53,$33.56,2.05,$5.46,12.62,$0.97,70.97,$0.84B,$0.39B,2.14,$0.24B,$0.72B,0.33,$1.27B,$0.48B,37.84%,$1.27B,$0.07B,5.45%,$1.27B,$0.07B,5.45%,$1.27B,$0.14B,11.14%,$1.27B,$0.07B,5.53%,$1.27B,$0.04B,3.32%,$0.04B,$0.72B,6.08%,$0.04B,$0.22B,9.15%,$0.04B,$1.50B,3.78%,$0.07B,$0.95B,9.20%,$464,$337,$127,$77,$22,$434,$30,$-1,$29,$8,$21,$21,$21,$80,$30,$37,38,$0.57,$0.55,$328,$145,$0,$843,$115,$0,$498,$48,$661,$1504,$394,$238,$99,$395,$789,$0,$529,$8,$715,$1504,$48,$59,$-2,$57,$-10,$-57,$-3,$27,$-60,$44,$-34,$0,$-294,$0,$5,$5,$0,$-323,$245,$0,$245,$-74,$-74,$0,$-9,$163,$-120,$20,$0
16,2014-09-30,73.2,$19.48,3.76,$27.13,2.7,$7.10,10.32,$0.93,78.71,$0.74B,$0.26B,2.91,$0.00B,$0.72B,0.0,$1.01B,$0.45B,44.35%,$1.01B,$0.06B,6.05%,$1.01B,$0.06B,6.05%,$1.01B,$0.09B,8.73%,$1.01B,$0.06B,6.35%,$1.01B,$0.04B,3.77%,$0.04B,$0.72B,5.69%,$0.04B,$0.58B,7.24%,$0.04B,$1.02B,4.04%,$0.06B,$0.72B,9.13%,$283,$163,$120,$58,$31,$247,$36,$1,$37,$10,$27,$27,$27,$45,$36,$37,39,$0.72,$0.68,$450,$76,$0,$741,$96,$18,$139,$30,$283,$1024,$255,$0,$52,$52,$306,$0,$509,$8,$718,$1024,$27,$9,$5,$13,$1,$6,$5,$3,$21,$60,$-20,$0,$0,$0,$1,$1,$0,$-18,$0,$0,$0,$-41,$-41,$0,$2,$-40,$3,$10,$0
17,2014-06-30,90.64,$19.02,4.77,$26.27,3.45,$6.59,13.74,$1.25,72.51,$0.74B,$0.25B,2.92,$0.00B,$0.70B,0.0,$0.95B,$0.44B,45.99%,$0.95B,$0.07B,7.59%,$0.95B,$0.07B,7.59%,$0.95B,$0.09B,9.92%,$0.95B,$0.08B,7.91%,$0.95B,$0.05B,4.85%,$0.05B,$0.70B,7.43%,$0.05B,$0.56B,9.17%,$0.05B,$1.02B,5.38%,$0.07B,$0.70B,11.62%,$315,$175,$140,$57,$30,$275,$39,$1,$40,$5,$34,$34,$34,$46,$39,$35,37,$0.89,$0.90,$447,$82,$0,$743,$81,$0,$143,$54,$278,$1020,$254,$0,$65,$65,$319,$0,$483,$9,$701,$1020,$47,$22,$114,$136,$-43,$-30,$13,$-25,$-51,$132,$-39,$0,$-20,$0,$0,$0,$0,$-58,$-2,$0,$-2,$11,$11,$0,$10,$19,$92,$33,$0
18,2014-03-31,60.02,$17.47,3.44,$24.52,2.45,$6.03,9.96,$1.65,36.38,$0.63B,$0.19B,3.32,$0.00B,$0.63B,0.0,$0.86B,$0.41B,47.62%,$0.86B,$0.09B,10.08%,$0.86B,$0.09B,10.08%,$0.86B,$0.11B,12.17%,$0.86B,$0.09B,10.31%,$0.86B,$0.06B,6.60%,$0.06B,$0.63B,9.93%,$0.06B,$0.48B,11.77%,$0.06B,$0.90B,7.37%,$0.09B,$0.63B,15.12%,$204,$112,$92,$49,$26,$240,$-36,$1,$-36,$4,$-40,$-40,$-40,$-30,$-36,$36,36,$-1.12,$-1.12,$391,$70,$0,$634,$77,$19,$146,$19,$260,$895,$191,$0,$75,$75,$266,$0,$448,$8,$629,$895,$12,$15,$88,$103,$3,$-18,$-6,$-9,$-24,$91,$-32,$0,$-20,$0,$0,$0,$0,$-52,$-2,$0,$-2,$-7,$-7,$0,$7,$-3,$36,$23,$0
19,2013-12-31,51.81,$17.87,2.9,$23.58,2.2,$5.54,9.35,$3.84,13.49,$0.57B,$0.15B,3.83,$0.00B,$0.63B,0.0,$0.82B,$0.40B,48.66%,$0.82B,$0.15B,17.88%,$0.82B,$0.15B,17.88%,$0.82B,$0.16B,19.59%,$0.82B,$0.15B,18.13%,$0.82B,$0.13B,16.18%,$0.13B,$0.63B,25.06%,$0.13B,$0.48B,28.37%,$0.13B,$0.82B,19.01%,$0.15B,$0.63B,27.61%,$206,$111,$95,$46,$23,$184,$22,$0,$23,$5,$17,$17,$17,$27,$22,$34,36,$0.51,$0.48,$369,$52,$0,$573,$65,$18,$147,$19,$249,$822,$150,$0,$47,$47,$197,$0,$488,$8,$625,$822,$52,$9,$27,$36,$19,$0,$-13,$-8,$-2,$86,$-17,$0,$-20,$0,$0,$0,$0,$-37,$0,$0,$0,$-31,$-31,$0,$-4,$-35,$14,$15,$0
20,2013-09-30,44.25,$16.05,2.76,$22.17,2.0,$4.36,10.16,$3.69,11.99,$0.55B,$0.14B,3.87,$0.00B,$0.52B,0.0,$0.76B,$0.37B,49.28%,$0.76B,$0.14B,18.45%,$0.76B,$0.14B,18.45%,$0.76B,$0.15B,20.03%,$0.76B,$0.14B,18.58%,$0.76B,$0.13B,16.73%,$0.13B,$0.52B,26.74%,$0.13B,$0.49B,28.78%,$0.13B,$0.68B,20.16%,$0.14B,$0.52B,29.33%,$223,$113,$109,$40,$21,$175,$47,$0,$48,$13,$35,$35,$35,$51,$47,$33,35,$1.06,$1.00,$332,$57,$0,$550,$61,$18,$34,$22,$134,$684,$142,$2,$18,$20,$162,$0,$471,$7,$521,$684,$35,$4,$7,$11,$-5,$-7,$-2,$-0,$-17,$29,$-10,$0,$0,$0,$0,$0,$0,$-10,$0,$0,$0,$-42,$-42,$0,$-0,$-43,$-24,$7,$0
21,2013-06-30,38.56,$15.68,2.46,$19.54,1.97,$4.21,9.15,$2.87,13.44,$0.56B,$0.15B,3.75,$0.00B,$0.52B,0.0,$0.66B,$0.33B,49.17%,$0.66B,$0.10B,15.23%,$0.66B,$0.10B,15.23%,$0.66B,$0.11B,16.89%,$0.66B,$0.10B,15.38%,$0.66B,$0.10B,14.78%,$0.10B,$0.52B,21.92%,$0.10B,$0.49B,23.74%,$0.10B,$0.69B,16.37%,$0.10B,$0.52B,22.49%,$230,$115,$115,$41,$22,$176,$54,$0,$54,$9,$45,$45,$45,$57,$54,$33,34,$1.38,$1.31,$355,$50,$0,$560,$58,$17,$34,$22,$131,$691,$150,$2,$17,$20,$169,$0,$436,$7,$522,$691,$99,$11,$31,$42,$-44,$-17,$23,$1,$-39,$102,$-36,$0,$-5,$0,$3,$3,$0,$-38,$0,$0,$0,$-9,$-9,$0,$-5,$-14,$50,$32,$0
22,2013-03-31,40.69,$14.02,2.9,$16.81,2.42,$4.92,8.27,$1.94,20.97,$0.47B,$0.13B,3.71,$0.00B,$0.46B,0.01,$0.57B,$0.27B,47.99%,$0.57B,$0.06B,10.86%,$0.57B,$0.06B,10.86%,$0.57B,$0.07B,12.78%,$0.57B,$0.06B,11.21%,$0.57B,$0.07B,11.38%,$0.07B,$0.46B,15.63%,$0.07B,$0.42B,17.02%,$0.07B,$0.60B,11.58%,$0.06B,$0.46B,14.84%,$163,$82,$81,$37,$20,$140,$24,$0,$24,$-13,$36,$36,$36,$26,$24,$32,34,$1.13,$1.07,$316,$44,$0,$471,$53,$16,$34,$28,$130,$601,$127,$2,$18,$20,$147,$0,$391,$5,$455,$601,$54,$8,$24,$32,$-3,$-11,$5,$-2,$-16,$70,$-30,$0,$-5,$0,$2,$2,$0,$-33,$0,$0,$0,$-20,$-20,$0,$-7,$-26,$11,$25,$0
23,2012-12-31,29.97,$12.56,2.39,$15.77,1.9,$5.81,5.16,$1.20,24.98,$0.43B,$0.11B,4.0,$0.00B,$0.40B,0.01,$0.54B,$0.26B,47.22%,$0.54B,$0.05B,9.81%,$0.54B,$0.05B,9.81%,$0.54B,$0.06B,11.85%,$0.54B,$0.06B,10.19%,$0.54B,$0.04B,7.41%,$0.04B,$0.40B,9.94%,$0.04B,$0.37B,10.62%,$0.04B,$0.54B,7.38%,$0.05B,$0.40B,13.09%,$143,$74,$69,$34,$19,$128,$15,$0,$15,$4,$11,$11,$11,$18,$15,$32,33,$0.34,$0.33,$293,$32,$0,$430,$42,$15,$34,$23,$115,$544,$107,$2,$33,$35,$142,$0,$354,$4,$402,$544,$17,$5,$15,$20,$5,$1,$-3,$1,$8,$45,$-21,$0,$-5,$0,$2,$2,$0,$-24,$0,$0,$0,$-28,$-28,$0,$-6,$-34,$-12,$16,$0
24,2012-09-30,24.02,$12.42,1.93,$15.75,1.52,$6.68,3.6,$1.38,17.41,$0.45B,$0.11B,4.06,$0.00B,$0.41B,0.01,$0.54B,$0.26B,47.05%,$0.54B,$0.06B,10.89%,$0.54B,$0.06B,10.89%,$0.54B,$0.07B,12.92%,$0.54B,$0.06B,11.25%,$0.54B,$0.05B,8.49%,$0.05B,$0.41B,11.70%,$0.05B,$0.37B,12.26%,$0.05B,$0.56B,8.74%,$0.06B,$0.41B,14.93%,$127,$66,$61,$33,$19,$119,$8,$0,$9,$2,$6,$6,$6,$11,$8,$33,34,$0.18,$0.18,$313,$31,$0,$448,$39,$14,$35,$23,$111,$559,$110,$2,$38,$40,$150,$0,$343,$3,$409,$559,$6,$3,$8,$11,$6,$2,$-4,$0,$13,$30,$-16,$0,$-5,$0,$2,$2,$0,$-19,$0,$0,$0,$-2,$-2,$0,$-1,$-3,$8,$8,$0
25,2012-06-30,28.63,$12.06,2.37,$15.97,1.79,$7.09,4.04,$1.59,18.01,$0.45B,$0.11B,4.23,$0.00B,$0.40B,0.01,$0.55B,$0.26B,46.53%,$0.55B,$0.07B,12.23%,$0.55B,$0.07B,12.23%,$0.55B,$0.08B,14.23%,$0.55B,$0.07B,12.59%,$0.55B,$0.05B,9.67%,$0.05B,$0.40B,14.25%,$0.05B,$0.37B,14.62%,$0.05B,$0.54B,10.61%,$0.07B,$0.40B,17.89%,$138,$74,$63,$30,$18,$122,$15,$0,$16,$3,$12,$12,$12,$18,$15,$33,34,$0.37,$0.34,$305,$32,$0,$446,$25,$15,$32,$23,$95,$542,$106,$2,$37,$39,$145,$0,$337,$2,$397,$542,$54,$10,$35,$45,$-10,$-3,$10,$1,$2,$101,$-10,$0,$-15,$0,$10,$10,$0,$-15,$0,$0,$0,$-27,$-27,$0,$-2,$-29,$58,$34,$0
26,2012-03-31,36.51,$11.95,3.06,$16.02,2.28,$6.66,5.49,$1.63,22.4,$0.45B,$0.10B,4.76,$0.00B,$0.40B,0.01,$0.55B,$0.25B,45.75%,$0.55B,$0.07B,12.30%,$0.55B,$0.07B,12.30%,$0.55B,$0.08B,14.29%,$0.55B,$0.07B,12.66%,$0.55B,$0.06B,9.95%,$0.06B,$0.40B,15.37%,$0.06B,$0.40B,15.46%,$0.06B,$0.52B,11.50%,$0.07B,$0.41B,18.88%,$132,$70,$62,$29,$18,$117,$15,$0,$15,$4,$11,$11,$11,$17,$15,$33,35,$0.34,$0.33,$324,$28,$0,$452,$25,$18,$2,$26,$71,$523,$95,$2,$24,$26,$121,$0,$325,$3,$402,$523,$42,$8,$25,$33,$-2,$1,$2,$1,$5,$80,$-8,$0,$0,$0,$8,$8,$0,$0,$0,$0,$0,$-2,$-2,$0,$-1,$-3,$77,$26,$0
27,2011-12-31,30.15,$11.07,2.72,$16.30,1.85,$6.16,4.89,$1.68,17.95,$0.40B,$0.09B,4.35,$0.00B,$0.36B,0.01,$0.56B,$0.25B,44.23%,$0.56B,$0.07B,11.90%,$0.56B,$0.07B,11.90%,$0.56B,$0.08B,14.03%,$0.56B,$0.07B,12.43%,$0.56B,$0.06B,10.12%,$0.06B,$0.36B,16.59%,$0.06B,$0.36B,16.69%,$0.06B,$0.48B,12.28%,$0.07B,$0.37B,19.38%,$145,$77,$69,$30,$18,$124,$21,$0,$21,$4,$17,$17,$17,$24,$21,$33,34,$0.53,$0.51,$282,$29,$0,$404,$26,$22,$2,$29,$78,$482,$93,$2,$23,$25,$118,$0,$313,$1,$364,$482,$30,$6,$16,$22,$7,$-0,$3,$-1,$8,$60,$-6,$0,$0,$0,$2,$2,$0,$-4,$0,$0,$0,$-20,$-20,$0,$-1,$-21,$35,$17,$0
28,2011-09-30,23.9,$10.11,2.36,$16.54,1.45,$5.60,4.27,$1.67,14.31,$0.37B,$0.10B,3.64,$0.00B,$0.33B,0.01,$0.58B,$0.25B,42.39%,$0.58B,$0.07B,11.25%,$0.58B,$0.07B,11.25%,$0.58B,$0.08B,13.32%,$0.58B,$0.07B,11.94%,$0.58B,$0.06B,10.03%,$0.06B,$0.33B,17.56%,$0.06B,$0.32B,17.67%,$0.06B,$0.45B,12.69%,$0.07B,$0.33B,19.55%,$133,$72,$61,$28,$17,$117,$16,$0,$17,$4,$13,$13,$13,$19,$16,$33,34,$0.40,$0.39,$241,$29,$0,$371,$26,$24,$2,$28,$80,$452,$102,$2,$22,$24,$126,$0,$296,$1,$325,$452,$13,$3,$7,$10,$-2,$0,$2,$-1,$8,$31,$-4,$0,$0,$0,$0,$0,$0,$-3,$0,$0,$0,$-33,$-33,$0,$-1,$-33,$-6,$8,$0
29,2011-06-30,25.74,$10.16,2.53,$16.85,1.53,$5.22,4.94,$1.80,14.3,$0.37B,$0.09B,4.03,$0.00B,$0.34B,0.01,$0.60B,$0.25B,41.30%,$0.60B,$0.07B,11.87%,$0.60B,$0.07B,11.87%,$0.60B,$0.08B,13.88%,$0.60B,$0.08B,12.54%,$0.60B,$0.06B,10.70%,$0.06B,$0.34B,19.47%,$0.06B,$0.34B,19.59%,$0.06B,$0.46B,14.02%,$0.07B,$0.34B,21.47%,$143,$83,$61,$27,$17,$127,$16,$0,$17,$3,$14,$14,$14,$19,$16,$34,35,$0.41,$0.40,$247,$29,$0,$374,$26,$26,$2,$28,$82,$456,$93,$2,$21,$23,$116,$0,$283,$3,$340,$456,$64,$11,$29,$40,$8,$-10,$-21,$0,$-14,$90,$-12,$0,$0,$0,$3,$3,$0,$-8,$0,$0,$0,$-44,$-44,$0,$-0,$-44,$37,$34,$0
30,2011-03-31,27.02,$10.09,2.68,$16.92,1.6,$5.97,4.52,$1.94,13.93,$0.38B,$0.10B,3.85,$0.00B,$0.35B,0.01,$0.60B,$0.25B,40.77%,$0.60B,$0.08B,12.65%,$0.60B,$0.08B,12.65%,$0.60B,$0.09B,14.64%,$0.60B,$0.08B,13.14%,$0.60B,$0.07B,11.48%,$0.07B,$0.35B,21.87%,$0.07B,$0.34B,22.01%,$0.07B,$0.47B,15.46%,$0.08B,$0.35B,23.94%,$142,$85,$58,$26,$17,$128,$14,$0,$15,$1,$13,$13,$13,$17,$14,$34,35,$0.40,$0.38,$246,$33,$0,$381,$27,$29,$2,$27,$85,$466,$99,$2,$20,$23,$122,$0,$269,$3,$345,$466,$50,$8,$23,$32,$4,$-14,$-6,$-0,$-17,$64,$-10,$0,$0,$0,$0,$0,$0,$-9,$0,$0,$0,$-20,$-20,$0,$1,$-19,$36,$26,$0
31,2010-12-31,29.38,$9.25,3.18,$16.21,1.81,$6.45,4.55,$1.89,15.54,$0.37B,$0.12B,3.1,$0.00B,$0.31B,0.01,$0.58B,$0.23B,40.70%,$0.58B,$0.07B,12.70%,$0.58B,$0.07B,12.70%,$0.58B,$0.09B,14.78%,$0.58B,$0.08B,13.22%,$0.58B,$0.07B,11.83%,$0.07B,$0.31B,23.27%,$0.07B,$0.31B,23.41%,$0.07B,$0.45B,16.25%,$0.07B,$0.31B,24.79%,$160,$95,$65,$27,$19,$140,$19,$0,$20,$2,$18,$18,$18,$22,$19,$34,35,$0.52,$0.50,$216,$23,$0,$370,$27,$28,$2,$27,$84,$454,$119,$2,$22,$24,$143,$0,$255,$2,$311,$454,$36,$5,$15,$21,$-24,$-4,$11,$-0,$-14,$43,$-7,$0,$0,$0,$0,$0,$0,$-7,$0,$0,$0,$-29,$-29,$0,$-2,$-30,$7,$17,$0
32,2010-09-30,28.14,$9.23,3.05,$15.51,1.81,$6.89,4.08,$1.74,16.17,$0.37B,$0.11B,3.4,$0.00B,$0.32B,0.01,$0.55B,$0.22B,40.69%,$0.55B,$0.07B,12.59%,$0.55B,$0.07B,12.59%,$0.55B,$0.08B,14.78%,$0.55B,$0.07B,12.77%,$0.55B,$0.06B,11.31%,$0.06B,$0.32B,22.92%,$0.06B,$0.32B,23.07%,$0.06B,$0.45B,15.95%,$0.07B,$0.32B,25.30%,$153,$90,$63,$25,$16,$131,$22,$0,$23,$4,$19,$19,$19,$25,$22,$34,36,$0.54,$0.52,$231,$15,$0,$366,$27,$28,$2,$26,$83,$450,$108,$2,$21,$23,$131,$0,$238,$2,$319,$450,$19,$3,$7,$10,$-14,$4,$-2,$-1,$-9,$19,$-4,$0,$0,$0,$0,$0,$0,$-4,$0,$0,$0,$6,$6,$0,$-1,$5,$21,$8,$0
33,2010-06-30,27.5,$8.42,3.27,$14.57,1.89,$7.24,3.8,$1.49,18.46,$0.34B,$0.11B,3.16,$0.00B,$0.29B,0.01,$0.52B,$0.21B,40.39%,$0.52B,$0.06B,12.04%,$0.52B,$0.06B,12.04%,$0.52B,$0.07B,14.37%,$0.52B,$0.06B,11.65%,$0.52B,$0.05B,10.29%,$0.05B,$0.29B,21.61%,$0.05B,$0.29B,21.77%,$0.05B,$0.42B,14.20%,$0.06B,$0.29B,25.10%,$146,$87,$59,$23,$15,$124,$21,$0,$21,$2,$19,$19,$19,$24,$21,$34,35,$0.57,$0.55,$210,$19,$0,$335,$26,$28,$2,$24,$80,$415,$106,$2,$20,$22,$128,$0,$219,$2,$287,$415,$53,$11,$29,$40,$-17,$-4,$33,$-4,$21,$114,$-9,$0,$0,$23,$2,$25,$0,$16,$-63,$0,$-63,$-31,$-31,$0,$5,$-89,$41,$35,$0
34,2010-03-31,27.61,$7.52,3.67,$13.69,2.02,$6.31,4.38,$1.31,21.08,$0.28B,$0.08B,3.4,$0.00B,$0.25B,0.01,$0.48B,$0.20B,40.29%,$0.48B,$0.06B,11.36%,$0.48B,$0.06B,11.36%,$0.48B,$0.07B,14.05%,$0.48B,$0.05B,10.95%,$0.48B,$0.05B,9.50%,$0.05B,$0.25B,20.07%,$0.05B,$0.25B,20.22%,$0.05B,$0.36B,12.65%,$0.06B,$0.26B,23.86%,$116,$69,$47,$21,$15,$105,$11,$0,$12,$0,$12,$12,$12,$14,$11,$34,35,$0.35,$0.33,$169,$18,$0,$279,$25,$29,$2,$20,$77,$355,$82,$2,$19,$21,$103,$0,$200,$2,$252,$355,$34,$9,$25,$33,$-3,$-3,$16,$-3,$11,$78,$-6,$0,$0,$23,$1,$24,$0,$18,$-63,$0,$-63,$-36,$-36,$0,$4,$-96,$-0,$27,$0
35,2009-12-31,30.65,$6.73,4.56,$13.24,2.32,$6.21,4.93,$1.15,26.65,$0.26B,$0.09B,2.92,$0.00B,$0.22B,0.01,$0.47B,$0.19B,40.30%,$0.47B,$0.06B,11.73%,$0.47B,$0.06B,11.73%,$0.47B,$0.07B,14.50%,$0.47B,$0.05B,10.23%,$0.47B,$0.04B,8.32%,$0.04B,$0.22B,18.27%,$0.04B,$0.22B,18.42%,$0.04B,$0.34B,10.91%,$0.06B,$0.23B,25.70%,$133,$79,$54,$22,$17,$119,$15,$-1,$14,$2,$12,$12,$12,$18,$15,$34,35,$0.36,$0.35,$140,$16,$0,$260,$25,$29,$2,$18,$74,$335,$89,$2,$19,$22,$111,$0,$188,$2,$224,$335,$22,$6,$18,$24,$-16,$-1,$21,$-2,$10,$56,$-4,$0,$0,$23,$1,$24,$0,$20,$-63,$0,$-63,$-40,$-40,$0,$-1,$-104,$-29,$19,$0
36,2009-09-30,25.2,$6.41,3.93,$13.46,1.87,$5.77,4.37,$1.40,18.0,$0.31B,$0.15B,2.03,$0.00B,$0.22B,0.0,$0.48B,$0.19B,40.38%,$0.48B,$0.07B,14.23%,$0.48B,$0.07B,14.23%,$0.48B,$0.08B,16.95%,$0.48B,$0.05B,11.30%,$0.48B,$0.05B,9.41%,$0.05B,$0.22B,22.56%,$0.05B,$0.22B,22.76%,$0.05B,$0.39B,12.84%,$0.07B,$0.22B,34.09%,$120,$71,$48,$20,$14,$105,$15,$-2,$13,$3,$10,$10,$10,$18,$15,$34,36,$0.29,$0.27,$198,$16,$0,$308,$25,$29,$2,$24,$80,$388,$152,$0,$19,$19,$170,$0,$176,$1,$218,$388,$10,$3,$8,$12,$-6,$-1,$16,$-2,$8,$30,$-2,$0,$0,$5,$1,$6,$0,$4,$0,$0,$0,$-22,$-22,$0,$-1,$-23,$11,$7,$0
37,2009-06-30,38.65,$6.42,6.02,$13.40,2.88,$4.99,7.75,$1.52,25.43,$0.30B,$0.14B,2.18,$0.00B,$0.22B,0.0,$0.47B,$0.19B,40.51%,$0.47B,$0.07B,14.56%,$0.47B,$0.07B,14.56%,$0.47B,$0.08B,17.51%,$0.47B,$0.06B,11.81%,$0.47B,$0.05B,10.13%,$0.05B,$0.22B,26.78%,$0.05B,$0.22B,27.04%,$0.05B,$0.38B,14.24%,$0.07B,$0.22B,32.78%,$115,$69,$46,$19,$13,$101,$14,$-1,$14,$1,$12,$12,$12,$18,$14,$34,36,$0.35,$0.34,$192,$15,$0,$295,$25,$29,$2,$25,$81,$376,$135,$0,$18,$18,$154,$0,$166,$0,$223,$376,$48,$13,$21,$34,$-15,$6,$4,$-7,$-0,$82,$-9,$0,$0,$27,$5,$32,$0,$23,$-56,$0,$-56,$16,$16,$0,$8,$-32,$73,$24,$0
38,2009-03-31,26.76,$5.55,4.82,$12.62,2.12,$4.71,5.68,$1.23,21.7,$0.26B,$0.12B,2.13,$0.00B,$0.19B,0.0,$0.46B,$0.19B,40.57%,$0.46B,$0.07B,14.47%,$0.46B,$0.07B,14.47%,$0.46B,$0.09B,18.64%,$0.46B,$0.04B,8.99%,$0.46B,$0.03B,7.46%,$0.03B,$0.19B,22.37%,$0.03B,$0.19B,22.63%,$0.03B,$0.33B,10.64%,$0.07B,$0.19B,30.77%,$101,$60,$41,$17,$13,$90,$11,$-4,$7,$1,$5,$5,$5,$14,$11,$34,35,$0.16,$0.15,$174,$16,$0,$263,$25,$30,$2,$10,$67,$331,$124,$0,$17,$17,$141,$0,$172,$1,$189,$331,$36,$10,$19,$28,$0,$5,$4,$-5,$12,$75,$-7,$0,$0,$22,$2,$24,$0,$16,$-56,$0,$-56,$9,$9,$0,$5,$-42,$50,$18,$0
39,2008-12-31,16.56,$4.97,3.33,$11.84,1.4,$3.97,4.18,$1.14,14.48,$0.25B,$0.12B,2.06,$0.00B,$0.17B,0.0,$0.43B,$0.18B,40.55%,$0.43B,$0.06B,14.06%,$0.43B,$0.06B,14.06%,$0.43B,$0.08B,18.20%,$0.43B,$0.04B,9.22%,$0.43B,$0.03B,7.37%,$0.03B,$0.17B,22.94%,$0.03B,$0.17B,23.27%,$0.03B,$0.31B,10.10%,$0.06B,$0.17B,26.15%,$142,$84,$58,$16,$14,$113,$28,$-8,$20,$2,$18,$18,$18,$31,$28,$34,35,$0.52,$0.50,$137,$22,$0,$245,$26,$29,$2,$5,$62,$307,$119,$0,$19,$19,$139,$0,$166,$-3,$168,$307,$30,$7,$14,$21,$-12,$-1,$-0,$-2,$-9,$42,$-6,$0,$0,$23,$2,$25,$0,$19,$-56,$0,$-56,$6,$6,$0,$2,$-48,$13,$12,$0
40,2008-09-30,30.22,$4.07,7.42,$10.13,2.98,$3.47,8.7,$0.88,34.47,$0.27B,$0.05B,5.04,$0.13B,$0.14B,0.91,$0.39B,$0.16B,40.66%,$0.39B,$0.05B,13.04%,$0.39B,$0.05B,13.04%,$0.39B,$0.07B,17.14%,$0.39B,$0.04B,10.49%,$0.39B,$0.03B,7.16%,$0.03B,$0.14B,17.81%,$0.03B,$0.14B,18.01%,$0.03B,$0.33B,8.14%,$0.05B,$0.26B,18.07%,$116,$69,$47,$16,$15,$100,$16,$-1,$15,$2,$13,$13,$13,$20,$16,$34,35,$0.38,$0.36,$152,$25,$0,$268,$24,$35,$2,$4,$66,$334,$53,$125,$18,$143,$196,$0,$145,$-3,$137,$334,$13,$4,$5,$8,$-17,$-4,$2,$-1,$-18,$3,$-3,$0,$0,$10,$2,$12,$0,$9,$0,$0,$0,$5,$5,$0,$-1,$5,$16,$6,$0
41,2008-06-30,25.15,$3.41,7.39,$8.95,2.81,$3.57,7.05,$0.76,33.1,$0.24B,$0.05B,4.76,$0.13B,$0.11B,1.1,$0.36B,$0.15B,40.61%,$0.36B,$0.05B,13.54%,$0.36B,$0.05B,13.54%,$0.36B,$0.06B,17.13%,$0.36B,$0.04B,11.60%,$0.36B,$0.03B,7.18%,$0.03B,$0.11B,14.69%,$0.03B,$0.11B,14.84%,$0.03B,$0.31B,7.28%,$0.05B,$0.24B,16.23%,$97,$58,$39,$14,$14,$86,$11,$-12,$-1,$1,$-2,$-2,$-2,$20,$11,$38,39,$-0.02,$-0.01,$147,$21,$0,$240,$22,$38,$2,$4,$66,$306,$51,$125,$17,$142,$193,$0,$131,$-2,$114,$306,$26,$13,$23,$36,$-13,$-9,$6,$7,$14,$76,$-7,$0,$0,$122,$0,$122,$0,$115,$0,$0,$0,$-140,$-140,$0,$-0,$-141,$50,$18,$0
42,2008-03-31,15.92,$4.00,3.98,$8.13,1.96,$2.28,6.99,$0.87,18.37,$0.28B,$0.04B,6.99,$0.13B,$0.14B,0.9,$0.34B,$0.14B,40.36%,$0.34B,$0.05B,13.35%,$0.34B,$0.05B,13.35%,$0.34B,$0.05B,14.84%,$0.34B,$0.05B,15.43%,$0.34B,$0.04B,10.39%,$0.04B,$0.14B,17.46%,$0.04B,$0.14B,17.61%,$0.04B,$0.32B,9.36%,$0.05B,$0.26B,13.82%,$79,$47,$32,$14,$12,$72,$6,$-0,$6,$3,$3,$3,$3,$8,$6,$37,38,$0.08,$0.08,$186,$20,$0,$278,$22,$0,$2,$17,$42,$320,$40,$125,$16,$141,$181,$0,$128,$-5,$139,$320,$28,$3,$17,$20,$-1,$-8,$-2,$5,$2,$51,$-6,$0,$0,$122,$0,$122,$0,$116,$0,$0,$0,$-105,$-105,$0,$0,$-105,$62,$13,$0
43,2007-12-31,27.44,$6.24,4.4,$7.50,3.66,$1.34,20.53,$0.92,29.83,$0.39B,$0.04B,10.47,$0.13B,$0.24B,0.52,$0.32B,$0.13B,40.06%,$0.32B,$0.05B,13.98%,$0.32B,$0.05B,13.98%,$0.32B,$0.05B,15.22%,$0.32B,$0.06B,17.08%,$0.32B,$0.04B,11.80%,$0.04B,$0.24B,17.90%,$0.04B,$0.24B,18.05%,$0.04B,$0.42B,9.94%,$0.05B,$0.36B,13.34%,$99,$58,$41,$12,$11,$81,$18,$3,$21,$6,$14,$14,$14,$19,$18,$40,42,$0.35,$0.33,$286,$20,$0,$387,$21,$0,$2,$6,$29,$416,$37,$125,$15,$140,$177,$0,$125,$-4,$239,$416,$25,$2,$11,$13,$-10,$-8,$-2,$3,$-12,$26,$-3,$0,$0,$59,$0,$59,$0,$56,$0,$0,$0,$2,$2,$0,$0,$2,$84,$8,$0
44,2007-09-30,31.84,$5.41,5.88,$6.89,4.62,$0.75,42.47,$0.80,39.8,$0.36B,$0.03B,11.09,$0.13B,$0.22B,0.58,$0.30B,$0.12B,39.46%,$0.30B,$0.04B,12.71%,$0.30B,$0.04B,12.71%,$0.30B,$0.04B,13.71%,$0.30B,$0.05B,15.72%,$0.30B,$0.03B,11.04%,$0.03B,$0.22B,16.32%,$0.03B,$0.21B,16.48%,$0.03B,$0.39B,8.97%,$0.04B,$0.34B,11.61%,$87,$51,$35,$10,$11,$72,$14,$1,$16,$4,$11,$11,$11,$15,$14,$39,42,$0.29,$0.27,$261,$19,$0,$356,$20,$0,$2,$8,$30,$386,$32,$125,$13,$138,$170,$0,$111,$-1,$216,$386,$11,$1,$6,$7,$-9,$-7,$-0,$2,$-13,$5,$-2,$0,$0,$58,$0,$58,$0,$57,$0,$0,$0,$-6,$-6,$0,$0,$-6,$56,$3,$0
45,2007-06-30,23.86,$3.55,6.73,$6.05,3.95,$0.74,32.36,$0.63,38.08,$0.34B,$0.04B,8.87,$0.13B,$0.21B,0.6,$0.27B,$0.11B,39.33%,$0.27B,$0.03B,10.86%,$0.27B,$0.03B,10.86%,$0.27B,$0.03B,11.99%,$0.27B,$0.04B,14.23%,$0.27B,$0.03B,9.74%,$0.03B,$0.21B,13.59%,$0.03B,$0.21B,13.74%,$0.03B,$0.37B,7.30%,$0.03B,$0.33B,9.17%,$72,$44,$28,$11,$10,$65,$7,$2,$9,$2,$7,$7,$7,$8,$7,$38,44,$0.19,$0.18,$265,$12,$0,$338,$19,$0,$2,$14,$35,$373,$38,$125,$2,$127,$165,$0,$100,$-0,$208,$373,$27,$3,$15,$18,$-23,$-2,$5,$4,$-19,$26,$-6,$0,$0,$-12,$0,$-12,$0,$-18,$0,$0,$0,$-11,$-11,$0,$10,$-1,$7,$14,$0
46,2007-03-31,17.05,$4.89,3.49,$5.08,3.36,$0.60,28.47,$0.49,34.57,$0.32B,$0.04B,7.81,$0.13B,$0.19B,0.67,$0.24B,$0.10B,40.17%,$0.24B,$0.02B,10.04%,$0.24B,$0.02B,10.04%,$0.24B,$0.03B,11.30%,$0.24B,$0.03B,13.81%,$0.24B,$0.02B,8.79%,$0.02B,$0.19B,11.60%,$0.02B,$0.18B,11.73%,$0.02B,$0.35B,6.08%,$0.02B,$0.31B,7.83%,$64,$39,$25,$9,$9,$58,$6,$2,$9,$3,$6,$6,$6,$7,$6,$39,44,$0.15,$0.13,$245,$9,$0,$317,$18,$0,$2,$17,$37,$354,$41,$125,$2,$127,$168,$0,$92,$-0,$186,$354,$19,$2,$10,$12,$-15,$1,$2,$2,$-17,$15,$-4,$0,$0,$9,$0,$9,$0,$5,$0,$0,$0,$-18,$-18,$0,$7,$-11,$9,$10,$0
47,2006-12-31,19.79,$5.10,3.88,$4.55,4.35,$0.75,26.51,$0.40,49.48,$0.32B,$0.03B,9.92,$0.13B,$0.20B,0.63,$0.22B,$0.09B,41.40%,$0.22B,$0.02B,9.30%,$0.22B,$0.02B,9.30%,$0.22B,$0.02B,10.70%,$0.22B,$0.03B,13.02%,$0.22B,$0.02B,7.91%,$0.02B,$0.20B,9.76%,$0.02B,$0.20B,9.87%,$0.02B,$0.36B,5.03%,$0.02B,$0.32B,6.67%,$76,$46,$30,$10,$9,$65,$11,$2,$13,$4,$9,$9,$9,$11,$11,$38,45,$0.25,$0.21,$254,$8,$0,$319,$18,$0,$2,$19,$39,$358,$32,$125,$2,$127,$159,$0,$87,$-0,$199,$358,$13,$1,$7,$8,$-19,$2,$1,$0,$-21,$1,$-3,$0,$0,$0,$0,$0,$0,$-3,$0,$0,$0,$5,$5,$0,$6,$10,$8,$7,$0
