,Date,Stock Price,Book Value per Share,Price to Book Ratio,TTM Sales per Share,Price to Sales Ratio,TTM FCF per Share,Price to FCF Ratio,TTM Net EPS,PE Ratio,Current Assets,Current Liabilities,Current Ratio,Long Term Debt,Shareholder's Equity_x,Debt to Equity Ratio,TTM Revenue_x,TTM Gross Profit,Gross Margin,TTM Revenue_y,TTM Operating Income,Operating Margin,TTM Revenue_x,TTM EBIT,EBIT Margin,TTM Revenue_y,TTM EBITDA,EBITDA Margin,TTM Revenue_x,TTM Pre-Tax Income,Pre-Tax Margin,TTM Revenue_y,TTM Net Income_x,Net Margin,TTM Net Income_y,Shareholder's Equity_y,Return on Equity,TTM Net Income_x,Tangible Equity,Return on Tangible Equity,TTM Net Income_y,Total Assets,Return on Assets,TTM Net Income,LT Investments & Debt,Return on Investment,revenue,cost-goods-sold,gross-profit,research-development-expenses,selling-general-administrative-expenses,operating-expenses,operating-income,total-non-operating-income-expense,pre-tax-income,total-provision-income-taxes,income-after-taxes,income-from-continuous-operations,net-income,ebitda,ebit,basic-shares-outstanding,shares-outstanding,eps-basic-net-earnings-per-share,eps-earnings-per-share-diluted,cash-on-hand,inventory,other-current-assets,total-current-assets,net-property-plant-equipment,long-term-investments,goodwill-intangible-assets-total,other-long-term-assets,total-long-term-assets,total-assets,total-current-liabilities,long-term-debt,other-non-current-liabilities,total-long-term-liabilities,total-liabilities,common-stock-net,retained-earnings-accumulated-deficit,comprehensive-income,total-share-holder-equity,total-liabilities-share-holders-equity,net-income-loss,total-depreciation-amortization-cash-flow,other-non-cash-items,total-non-cash-items,change-in-accounts-receivable,change-in-inventories,change-in-accounts-payable,change-in-assets-liabilities,total-change-in-assets-liabilities,cash-flow-from-operating-activities,net-change-in-property-plant-equipment,net-change-in-intangible-assets,net-acquisitions-divestitures,net-change-in-short-term-investments,net-change-in-long-term-investments,net-change-in-investments-total,investing-activities-other,cash-flow-from-investing-activities,net-long-term-debt,net-current-debt,debt-issuance-retirement-net-total,net-common-equity-issued-repurchased,net-total-equity-issued-repurchased,total-common-preferred-stock-dividends-paid,financial-activities-other,cash-flow-from-financial-activities,net-cash-flow,stock-based-compensation,common-stock-dividends-paid
0,2018-09-30,32.94,$9.97,3.31,$37.02,0.89,$1.35,24.36,$1.75,18.82,$0.49B,$0.14B,3.41,$0.00B,$0.37B,0.0,$1.40B,$0.39B,27.64%,$1.40B,$0.09B,6.29%,$1.40B,$0.09B,6.29%,$1.40B,$0.09B,6.64%,$1.40B,$0.09B,6.29%,$1.40B,$0.25B,17.57%,$0.25B,$0.37B,98.01%,$0.25B,$0.36B,103.04%,$0.25B,$0.53B,47.47%,$0.09B,$0.37B,35.06%,$236,$154,$82,$0,$63,$217,$18,$0,$19,$4,$15,$15,$179,$19,$18,$37,38,$4.81,$4.72,$303,$91,$0,$491,$14,$0,$10,$1,$38,$528,$144,$0,$13,$13,$157,$0,$207,$3,$371,$528,$37,$3,$-34,$-31,$-16,$-3,$-3,$-3,$-27,$-20,$-3,$0,$0,$0,$0,$0,$250,$247,$0,$0,$0,$-5,$-5,$-105,$-1,$-112,$118,$1,$-105
1,2018-06-30,34.22,$5.30,6.45,$36.22,0.94,$2.81,12.2,$2.04,16.78,$0.42B,$0.26B,1.64,$0.00B,$0.20B,0.0,$1.37B,$0.38B,27.49%,$1.37B,$0.08B,6.07%,$1.37B,$0.08B,6.07%,$1.37B,$0.09B,6.36%,$1.37B,$0.08B,5.92%,$1.37B,$0.08B,5.70%,$0.08B,$0.20B,35.90%,$0.08B,$0.18B,38.28%,$0.08B,$0.47B,15.23%,$0.08B,$0.20B,38.20%,$363,$262,$101,$0,$76,$338,$25,$0,$25,$8,$18,$18,$18,$27,$25,$37,38,$0.49,$0.48,$97,$126,$0,$419,$15,$0,$14,$2,$56,$474,$255,$0,$22,$22,$277,$0,$32,$-0,$197,$474,$32,$2,$3,$5,$-19,$4,$-6,$-3,$-21,$16,$-1,$0,$0,$0,$0,$0,$0,$-1,$0,$0,$0,$1,$1,$-101,$-1,$-102,$-88,$1,$-101
2,2018-03-31,27.56,$6.03,4.57,$35.01,0.79,$2.79,9.89,$1.93,14.28,$0.46B,$0.27B,1.7,$0.00B,$0.22B,0.0,$1.32B,$0.37B,27.85%,$1.32B,$0.08B,6.07%,$1.32B,$0.08B,6.07%,$1.32B,$0.08B,6.30%,$1.32B,$0.08B,5.92%,$1.32B,$0.07B,5.61%,$0.07B,$0.22B,33.04%,$0.07B,$0.21B,35.20%,$0.07B,$0.52B,14.38%,$0.08B,$0.22B,35.71%,$355,$259,$97,$0,$77,$335,$20,$-0,$20,$6,$14,$14,$15,$21,$20,$37,38,$0.39,$0.38,$141,$131,$0,$464,$15,$0,$14,$2,$57,$520,$273,$0,$23,$23,$296,$0,$55,$3,$224,$520,$14,$1,$2,$3,$-10,$2,$4,$-2,$-1,$16,$-1,$0,$0,$0,$0,$0,$0,$-1,$0,$0,$0,$1,$1,$-60,$-1,$-60,$-44,$0,$-60
3,2017-12-31,30.57,$5.71,5.35,$33.77,0.91,$2.29,13.36,$1.05,29.11,$0.49B,$0.32B,1.57,$0.00B,$0.21B,0.0,$1.27B,$0.35B,27.80%,$1.27B,$0.07B,5.69%,$1.27B,$0.07B,5.69%,$1.27B,$0.08B,6.00%,$1.27B,$0.07B,5.61%,$1.27B,$0.04B,3.16%,$0.04B,$0.21B,18.14%,$0.04B,$0.20B,19.39%,$0.04B,$0.55B,8.02%,$0.07B,$0.21B,32.65%,$446,$339,$107,$0,$82,$421,$25,$-1,$24,$-11,$35,$35,$34,$26,$25,$37,38,$0.91,$0.90,$185,$88,$0,$494,$14,$0,$11,$1,$57,$551,$316,$0,$20,$24,$340,$0,$45,$2,$212,$551,$76,$5,$-27,$-22,$-14,$-10,$0,$2,$-8,$46,$-3,$0,$0,$0,$0,$0,$-0,$-3,$-0,$0,$-0,$2,$2,$-13,$-1,$-12,$35,$2,$-13
4,2017-09-30,24.2,$6.35,3.81,$29.87,0.81,$-0.45,0.0,$0.10,242.01,$0.47B,$0.24B,1.94,$0.00B,$0.24B,0.0,$1.12B,$0.33B,29.84%,$1.12B,$0.06B,5.65%,$1.12B,$0.06B,5.65%,$1.12B,$0.07B,6.09%,$1.12B,$0.06B,5.65%,$1.12B,$0.00B,0.36%,$0.00B,$0.24B,1.81%,$0.00B,$0.22B,1.94%,$0.00B,$0.50B,0.80%,$0.06B,$0.24B,28.51%,$204,$133,$71,$0,$59,$192,$13,$-0,$12,$1,$11,$11,$11,$13,$13,$37,38,$0.31,$0.30,$176,$123,$0,$469,$15,$0,$15,$2,$34,$503,$242,$0,$25,$25,$267,$0,$71,$1,$236,$503,$33,$4,$-2,$1,$-13,$-2,$8,$-1,$-1,$33,$-1,$0,$0,$0,$0,$0,$-0,$-2,$-0,$0,$-0,$2,$2,$-9,$-0,$-8,$26,$1,$-9
5,2017-06-30,17.14,$6.07,2.83,$32.25,0.53,$-2.90,0.0,$-0.35,0.0,$0.45B,$0.23B,1.93,$0.00B,$0.22B,0.0,$1.20B,$0.34B,28.12%,$1.20B,$0.05B,4.41%,$1.20B,$0.05B,4.41%,$1.20B,$0.06B,4.91%,$1.20B,$0.05B,4.49%,$1.20B,$-0.01B,-1.08%,$-0.01B,$0.22B,-5.98%,$-0.01B,$0.21B,-6.45%,$-0.01B,$0.49B,-2.50%,$0.05B,$0.22B,24.37%,$313,$222,$92,$0,$70,$291,$22,$0,$22,$3,$19,$19,$14,$23,$22,$37,37,$0.37,$0.37,$160,$123,$0,$449,$16,$0,$15,$2,$36,$485,$233,$0,$28,$28,$261,$0,$63,$-2,$224,$485,$30,$3,$-5,$-2,$-6,$-3,$-13,$-0,$-12,$16,$-2,$0,$0,$0,$0,$0,$-0,$-2,$-0,$0,$-0,$1,$1,$-6,$-0,$-5,$10,$1,$-6
6,2017-03-31,10.05,$5.67,1.77,$31.88,0.32,$-4.58,0.0,$-0.92,0.0,$0.42B,$0.22B,1.89,$0.00B,$0.21B,0.0,$1.19B,$0.32B,27.30%,$1.19B,$0.04B,3.03%,$1.19B,$0.04B,3.03%,$1.19B,$0.04B,3.62%,$1.19B,$0.04B,3.03%,$1.19B,$-0.03B,-2.86%,$-0.03B,$0.21B,-15.54%,$-0.03B,$0.19B,-16.83%,$-0.03B,$0.46B,-6.22%,$0.04B,$0.21B,16.46%,$303,$221,$82,$0,$69,$290,$12,$0,$13,$2,$10,$10,$-19,$14,$12,$37,37,$-0.50,$-0.50,$145,$118,$0,$419,$16,$0,$15,$2,$37,$456,$221,$0,$25,$25,$246,$0,$53,$-6,$210,$456,$10,$1,$-1,$0,$-2,$-0,$-13,$-1,$-13,$-2,$-1,$0,$0,$0,$0,$0,$-0,$-1,$-0,$0,$-0,$0,$0,$-2,$0,$-2,$-5,$0,$-2
7,2016-12-31,7.9,$5.81,1.36,$31.48,0.25,$-5.90,0.0,$-0.89,0.0,$0.51B,$0.33B,1.57,$0.00B,$0.21B,0.0,$1.17B,$0.31B,26.39%,$1.17B,$0.03B,2.31%,$1.17B,$0.03B,2.31%,$1.17B,$0.03B,2.82%,$1.17B,$0.03B,2.22%,$1.17B,$-0.03B,-2.73%,$-0.03B,$0.21B,-14.17%,$-0.03B,$0.20B,-15.35%,$-0.03B,$0.57B,-5.44%,$0.03B,$0.21B,11.95%,$296,$208,$88,$0,$71,$280,$16,$-0,$16,$4,$12,$12,$-2,$18,$16,$37,37,$-0.05,$-0.05,$150,$117,$0,$511,$16,$0,$16,$2,$55,$566,$325,$0,$24,$27,$352,$0,$73,$-21,$214,$566,$17,$5,$-29,$-24,$24,$7,$0,$6,$-51,$-57,$-2,$0,$0,$0,$0,$0,$-1,$-3,$-0,$0,$-0,$0,$0,$-4,$-0,$-4,$-65,$2,$-4
8,2016-09-30,7.09,$6.01,1.18,$36.08,0.2,$-2.20,0.0,$-1.70,0.0,$0.51B,$0.32B,1.59,$0.00B,$0.22B,0.0,$1.34B,$0.31B,22.99%,$1.34B,$0.01B,0.90%,$1.34B,$0.01B,0.90%,$1.34B,$0.02B,1.12%,$1.34B,$0.01B,0.67%,$1.34B,$-0.06B,-4.70%,$-0.06B,$0.22B,-26.72%,$-0.06B,$0.20B,-28.97%,$-0.06B,$0.57B,-10.09%,$0.01B,$0.22B,5.08%,$290,$215,$76,$0,$71,$287,$3,$-0,$3,$1,$2,$2,$-6,$4,$3,$37,37,$-0.16,$-0.16,$152,$120,$0,$511,$33,$0,$18,$4,$62,$573,$322,$0,$28,$29,$351,$0,$77,$-17,$222,$573,$5,$4,$-24,$-20,$27,$26,$-95,$4,$-43,$-58,$-2,$0,$0,$0,$0,$0,$-1,$-2,$-0,$0,$-0,$0,$0,$-2,$0,$-2,$-63,$1,$-2
9,2016-06-30,7.59,$6.20,1.22,$39.68,0.19,$-0.70,0.0,$-1.82,0.0,$0.53B,$0.34B,1.58,$0.00B,$0.23B,0.0,$1.47B,$0.32B,21.38%,$1.47B,$0.01B,0.81%,$1.47B,$0.01B,0.81%,$1.47B,$0.02B,1.15%,$1.47B,$0.01B,0.54%,$1.47B,$-0.07B,-4.55%,$-0.07B,$0.23B,-26.53%,$-0.07B,$0.21B,-28.66%,$-0.07B,$0.59B,-10.03%,$0.01B,$0.23B,4.75%,$298,$220,$78,$0,$72,$292,$5,$-1,$4,$2,$2,$2,$-7,$7,$5,$37,37,$-0.20,$-0.20,$165,$126,$0,$530,$34,$0,$18,$4,$64,$593,$335,$0,$29,$30,$364,$0,$85,$-17,$229,$593,$4,$3,$-12,$-9,$24,$19,$-84,$4,$-42,$-47,$-1,$0,$0,$0,$0,$0,$-1,$-2,$-0,$0,$-0,$0,$0,$0,$0,$-0,$-50,$1,$0
10,2016-03-31,7.8,$6.46,1.21,$43.92,0.18,$0.67,11.67,$-2.39,0.0,$0.55B,$0.35B,1.59,$0.00B,$0.24B,0.0,$1.63B,$0.32B,19.89%,$1.63B,$-0.01B,-0.61%,$1.63B,$-0.01B,-0.61%,$1.63B,$-0.01B,-0.31%,$1.63B,$-0.01B,-0.74%,$1.63B,$-0.09B,-5.40%,$-0.09B,$0.24B,-32.50%,$-0.09B,$0.22B,-35.02%,$-0.09B,$0.62B,-12.20%,$-0.01B,$0.24B,-3.69%,$287,$220,$67,$0,$62,$284,$3,$0,$3,$2,$2,$2,$-17,$4,$3,$37,37,$-0.47,$-0.47,$163,$133,$0,$553,$37,$0,$19,$4,$68,$621,$347,$0,$34,$35,$382,$0,$92,$-14,$238,$621,$2,$1,$-13,$-12,$27,$17,$-85,$3,$-41,$-51,$-1,$0,$0,$0,$0,$0,$-0,$-1,$-0,$0,$-0,$0,$0,$0,$0,$-0,$-52,$0,$0
11,2015-12-31,7.65,$6.89,1.11,$49.99,0.15,$1.81,4.24,$-2.69,0.0,$0.64B,$0.43B,1.5,$0.00B,$0.25B,0.0,$1.85B,$0.34B,18.55%,$1.85B,$-0.03B,-1.35%,$1.85B,$-0.03B,-1.35%,$1.85B,$-0.02B,-0.97%,$1.85B,$-0.04B,-1.89%,$1.85B,$-0.10B,-5.39%,$-0.10B,$0.25B,-34.16%,$-0.10B,$0.24B,-36.66%,$-0.10B,$0.71B,-12.97%,$-0.03B,$0.25B,-8.53%,$465,$378,$87,$0,$84,$464,$1,$-3,$-1,$10,$-12,$-12,$-33,$0,$1,$37,37,$-0.87,$-0.87,$215,$144,$0,$640,$38,$0,$19,$4,$70,$710,$426,$0,$30,$30,$456,$0,$109,$-16,$254,$710,$-24,$6,$-29,$-24,$39,$140,$0,$2,$134,$87,$-9,$0,$-25,$0,$0,$0,$-1,$-35,$-3,$0,$-3,$-0,$-0,$0,$-0,$-3,$50,$1,$0
12,2015-09-30,6.66,$7.83,0.85,$52.33,0.13,$-0.46,0.0,$-2.51,0.0,$0.68B,$0.43B,1.58,$0.00B,$0.29B,0.0,$1.94B,$0.35B,18.19%,$1.94B,$-0.04B,-1.80%,$1.94B,$-0.04B,-1.80%,$1.94B,$-0.03B,-1.39%,$1.94B,$-0.04B,-2.27%,$1.94B,$-0.09B,-4.79%,$-0.09B,$0.29B,-29.13%,$-0.09B,$0.27B,-30.79%,$-0.09B,$0.75B,-11.37%,$-0.04B,$0.29B,-10.95%,$423,$341,$83,$0,$79,$420,$3,$-1,$2,$1,$2,$2,$-10,$6,$3,$37,37,$-0.27,$-0.27,$136,$218,$0,$681,$38,$0,$20,$4,$68,$749,$431,$1,$29,$29,$460,$0,$142,$-13,$289,$749,$-37,$7,$-21,$-14,$40,$79,$-68,$2,$53,$2,$-6,$0,$-25,$0,$0,$0,$0,$-30,$-2,$0,$-2,$-0,$-0,$0,$0,$-2,$-29,$1,$0
13,2015-06-30,7.69,$8.18,0.94,$63.17,0.12,$-1.49,0.0,$-2.31,0.0,$0.73B,$0.47B,1.55,$0.00B,$0.30B,0.0,$2.34B,$0.39B,16.56%,$2.34B,$-0.04B,-1.75%,$2.34B,$-0.04B,-1.75%,$2.34B,$-0.03B,-1.37%,$2.34B,$-0.05B,-2.22%,$2.34B,$-0.09B,-3.67%,$-0.09B,$0.30B,-24.93%,$-0.09B,$0.28B,-26.00%,$-0.09B,$0.81B,-10.12%,$-0.04B,$0.30B,-11.86%,$454,$368,$87,$0,$83,$471,$-17,$1,$-16,$1,$-17,$-17,$-28,$-15,$-17,$37,37,$-0.77,$-0.77,$144,$250,$0,$734,$40,$0,$20,$4,$72,$805,$473,$1,$30,$31,$504,$0,$152,$-10,$302,$805,$-39,$5,$-11,$-7,$30,$47,$-35,$3,$52,$7,$-5,$0,$-25,$0,$0,$0,$0,$-29,$-1,$0,$-1,$0,$0,$0,$0,$-1,$-21,$1,$0
14,2015-03-31,10.87,$8.87,1.23,$73.33,0.15,$-2.16,0.0,$-1.71,0.0,$0.75B,$0.48B,1.56,$0.00B,$0.33B,0.0,$2.72B,$0.42B,15.59%,$2.72B,$-0.03B,-1.07%,$2.72B,$-0.03B,-1.07%,$2.72B,$-0.02B,-0.70%,$2.72B,$-0.04B,-1.58%,$2.72B,$-0.06B,-2.35%,$-0.06B,$0.33B,-17.31%,$-0.06B,$0.31B,-17.84%,$-0.06B,$0.82B,-7.24%,$-0.03B,$0.33B,-7.82%,$512,$425,$87,$0,$94,$524,$-12,$-8,$-20,$2,$-22,$-22,$-29,$-9,$-12,$37,37,$-0.77,$-0.77,$133,$273,$0,$745,$41,$0,$20,$4,$75,$820,$477,$1,$16,$17,$494,$0,$181,$-14,$326,$820,$-22,$3,$-4,$-1,$23,$22,$-18,$3,$17,$-6,$-4,$0,$-25,$0,$0,$0,$0,$-29,$-1,$0,$-1,$0,$0,$0,$0,$-1,$-32,$0,$0
15,2014-12-31,12.01,$9.77,1.23,$83.13,0.14,$-2.48,0.0,$-1.02,0.0,$0.83B,$0.52B,1.6,$0.00B,$0.36B,0.0,$3.08B,$0.47B,15.09%,$3.08B,$-0.02B,-0.58%,$3.08B,$-0.02B,-0.58%,$3.08B,$-0.01B,-0.23%,$3.08B,$-0.03B,-0.81%,$3.08B,$-0.04B,-1.23%,$-0.04B,$0.36B,-9.76%,$-0.04B,$0.35B,-9.95%,$-0.04B,$0.90B,-4.14%,$-0.02B,$0.36B,-4.61%,$552,$456,$96,$0,$98,$561,$-9,$-1,$-10,$12,$-22,$-22,$-26,$-9,$-9,$37,37,$-0.69,$-0.69,$165,$293,$0,$828,$41,$0,$7,$5,$69,$897,$518,$1,$19,$20,$537,$0,$209,$-9,$360,$897,$-32,$12,$21,$32,$-54,$24,$0,$-1,$-0,$-0,$-6,$0,$-6,$0,$0,$0,$0,$-13,$-3,$0,$-3,$0,$0,$0,$0,$-2,$-16,$2,$0
16,2014-09-30,11.1,$10.65,1.04,$91.88,0.12,$-1.41,0.0,$-0.87,0.0,$0.80B,$0.47B,1.7,$0.00B,$0.39B,0.0,$3.40B,$0.50B,14.60%,$3.40B,$-0.01B,-0.29%,$3.40B,$-0.01B,-0.29%,$3.40B,$-0.00B,-0.03%,$3.40B,$-0.02B,-0.50%,$3.40B,$-0.03B,-0.94%,$-0.03B,$0.39B,-7.99%,$-0.03B,$0.38B,-8.12%,$-0.03B,$0.88B,-3.45%,$-0.01B,$0.39B,-2.48%,$825,$708,$118,$0,$119,$828,$-3,$-4,$-6,$-4,$-3,$-3,$-3,$1,$-3,$37,37,$-0.08,$-0.08,$134,$296,$0,$796,$54,$0,$8,$6,$82,$878,$467,$1,$18,$19,$486,$0,$235,$-2,$392,$878,$-12,$12,$7,$18,$-18,$26,$-50,$-4,$-44,$-38,$-4,$0,$-6,$0,$0,$0,$0,$-11,$-2,$0,$-2,$0,$0,$0,$0,$-2,$-48,$1,$0
17,2014-06-30,12.79,$10.90,1.17,$91.03,0.14,$0.42,30.41,$-1.10,0.0,$0.85B,$0.52B,1.66,$0.00B,$0.40B,0.0,$3.37B,$0.50B,14.72%,$3.37B,$-0.01B,-0.33%,$3.37B,$-0.01B,-0.33%,$3.37B,0,0.00%,$3.37B,$-0.01B,-0.42%,$3.37B,$-0.04B,-1.22%,$-0.04B,$0.40B,-10.03%,$-0.04B,$0.39B,-10.22%,$-0.04B,$0.94B,-4.40%,$-0.01B,$0.40B,-2.67%,$831,$708,$123,$0,$123,$837,$-5,$-1,$-7,$-1,$-6,$-6,$-6,$-2,$-5,$37,37,$-0.17,$-0.17,$153,$331,$0,$853,$58,$0,$8,$5,$86,$940,$515,$2,$22,$24,$539,$0,$238,$5,$401,$940,$-9,$8,$5,$13,$-15,$-4,$-11,$2,$-23,$-19,$-3,$0,$-6,$0,$0,$0,$0,$-10,$-1,$0,$-1,$0,$0,$0,$0,$-1,$-28,$1,$0
18,2014-03-31,13.27,$11.00,1.21,$90.41,0.15,$0.82,16.2,$-1.09,0.0,$0.87B,$0.53B,1.66,$0.00B,$0.40B,0.01,$3.35B,$0.49B,14.62%,$3.35B,$-0.01B,-0.39%,$3.35B,$-0.01B,-0.39%,$3.35B,0,0.00%,$3.35B,$-0.01B,-0.42%,$3.35B,$-0.04B,-1.23%,$-0.04B,$0.40B,-9.87%,$-0.04B,$0.40B,-10.07%,$-0.04B,$0.96B,-4.50%,$-0.01B,$0.41B,-3.11%,$873,$746,$128,$0,$127,$875,$-1,$-1,$-2,$1,$-3,$-3,$-3,$3,$-1,$37,37,$-0.08,$-0.08,$160,$326,$0,$872,$57,$0,$6,$5,$83,$955,$526,$2,$23,$25,$551,$0,$244,$3,$404,$955,$-3,$4,$3,$7,$-42,$-5,$0,$0,$-24,$-20,$-2,$0,$0,$0,$0,$0,$0,$-2,$-1,$0,$-1,$0,$0,$0,$0,$-1,$-22,$1,$0
19,2013-12-31,10.01,$11.06,0.91,$90.60,0.11,$1.06,9.47,$-1.18,0.0,$0.86B,$0.51B,1.68,$0.00B,$0.41B,0.01,$3.35B,$0.48B,14.41%,$3.35B,$-0.02B,-0.63%,$3.35B,$-0.02B,-0.63%,$3.35B,$-0.01B,-0.21%,$3.35B,$-0.02B,-0.63%,$3.35B,$-0.04B,-1.31%,$-0.04B,$0.41B,-10.40%,$-0.04B,$0.40B,-10.65%,$-0.04B,$0.94B,-4.90%,$-0.02B,$0.41B,-4.92%,$874,$746,$128,$0,$124,$876,$-1,$-1,$-2,$18,$-20,$-20,$-20,$-3,$-1,$37,37,$-0.54,$-0.54,$181,$322,$1,$856,$59,$0,$6,$5,$86,$942,$510,$3,$23,$26,$536,$0,$247,$2,$406,$942,$-43,$13,$43,$56,$-23,$46,$12,$-1,$34,$47,$-13,$0,$0,$0,$0,$0,$0,$-13,$-3,$0,$-3,$0,$0,$0,$0,$-3,$31,$3,$0
20,2013-09-30,8.25,$11.53,0.72,$92.31,0.09,$1.86,4.43,$-1.37,0.0,$0.79B,$0.44B,1.78,$0.00B,$0.42B,0.01,$3.41B,$0.47B,13.85%,$3.41B,$-0.07B,-1.96%,$3.41B,$-0.07B,-1.96%,$3.41B,$-0.05B,-1.38%,$3.41B,$-0.07B,-1.93%,$3.41B,$-0.05B,-1.49%,$-0.05B,$0.42B,-11.78%,$-0.05B,$0.41B,-12.09%,$-0.05B,$0.89B,-5.65%,$-0.07B,$0.43B,-15.31%,$792,$675,$117,$0,$115,$796,$-4,$1,$-3,$8,$-12,$-12,$-12,$2,$-4,$37,37,$-0.31,$-0.31,$173,$285,$0,$788,$59,$0,$10,$5,$104,$892,$443,$4,$23,$26,$469,$0,$267,$0,$424,$892,$-24,$15,$7,$21,$9,$83,$0,$-6,$39,$36,$-10,$0,$0,$0,$0,$0,$0,$-10,$-2,$0,$-2,$0,$0,$0,$0,$-2,$23,$2,$0
21,2013-06-30,8.37,$11.65,0.72,$93.80,0.09,$2.12,3.96,$-0.68,0.0,$0.75B,$0.41B,1.86,$0.00B,$0.43B,0.01,$3.47B,$0.48B,13.69%,$3.47B,$-0.07B,-1.87%,$3.47B,$-0.07B,-1.87%,$3.47B,$-0.05B,-1.33%,$3.47B,$-0.07B,-1.87%,$3.47B,$-0.03B,-0.72%,$-0.03B,$0.43B,-5.59%,$-0.03B,$0.42B,-5.85%,$-0.03B,$0.86B,-2.75%,$-0.07B,$0.43B,-14.36%,$806,$689,$116,$0,$119,$813,$-7,$-0,$-7,$-1,$-6,$-6,$-6,$-2,$-7,$37,37,$-0.16,$-0.16,$139,$292,$0,$752,$60,$0,$11,$5,$105,$857,$405,$4,$20,$25,$429,$0,$278,$-7,$428,$857,$-12,$9,$5,$14,$10,$73,$0,$-6,$-2,$-1,$-7,$0,$0,$0,$0,$0,$0,$-7,$-1,$0,$-1,$0,$0,$0,$0,$-1,$-12,$2,$0
22,2013-03-31,8.81,$11.83,0.74,$95.04,0.09,$3.65,2.41,$-0.58,0.0,$0.79B,$0.44B,1.8,$0.01B,$0.43B,0.01,$3.51B,$0.48B,13.58%,$3.51B,$-0.06B,-1.71%,$3.51B,$-0.06B,-1.71%,$3.51B,$-0.04B,-1.17%,$3.51B,$-0.06B,-1.77%,$3.51B,$-0.02B,-0.60%,$-0.02B,$0.43B,-4.61%,$-0.02B,$0.42B,-4.92%,$-0.02B,$0.90B,-2.25%,$-0.06B,$0.44B,-12.99%,$881,$759,$122,$0,$124,$889,$-9,$-1,$-9,$-3,$-6,$-6,$-6,$-4,$-9,$37,37,$-0.17,$-0.17,$135,$325,$0,$794,$61,$0,$11,$5,$107,$901,$443,$5,$20,$25,$467,$0,$284,$-7,$434,$901,$-6,$4,$2,$6,$-6,$40,$-39,$-2,$-9,$-10,$-3,$0,$0,$0,$0,$0,$0,$-3,$-1,$0,$-1,$0,$0,$0,$0,$-1,$-16,$1,$0
23,2012-12-31,8.59,$12.21,0.7,$95.86,0.09,$4.34,1.98,$-0.22,0.0,$0.85B,$0.49B,1.73,$0.01B,$0.45B,0.01,$3.54B,$0.49B,13.71%,$3.54B,$-0.04B,-1.13%,$3.54B,$-0.04B,-1.13%,$3.54B,$-0.02B,-0.62%,$3.54B,$-0.04B,-1.19%,$3.54B,$-0.01B,-0.23%,$-0.01B,$0.45B,-1.72%,$-0.01B,$0.44B,-1.88%,$-0.01B,$0.96B,-0.84%,$-0.04B,$0.45B,-8.51%,$935,$817,$118,$0,$125,$982,$-47,$0,$-47,$-20,$-27,$-27,$-27,$-43,$-47,$37,37,$-0.73,$-0.73,$151,$367,$2,$852,$63,$0,$11,$6,$110,$962,$492,$5,$19,$24,$516,$0,$291,$1,$446,$962,$-8,$18,$12,$30,$-25,$5,$0,$3,$53,$75,$-12,$0,$0,$0,$0,$0,$0,$-12,$-3,$0,$-3,$0,$0,$-9,$1,$-11,$53,$4,$-9
24,2012-09-30,10.25,$13.16,0.78,$96.89,0.11,$2.79,3.67,$0.91,11.27,$0.76B,$0.39B,1.94,$0.01B,$0.48B,0.01,$3.59B,$0.51B,14.16%,$3.59B,$0.03B,0.78%,$3.59B,$0.03B,0.78%,$3.59B,$0.05B,1.28%,$3.59B,$0.03B,0.70%,$3.59B,$0.03B,0.95%,$0.03B,$0.48B,7.30%,$0.03B,$0.43B,8.12%,$0.03B,$0.91B,3.66%,$0.03B,$0.49B,5.93%,$847,$728,$119,$0,$119,$849,$-2,$-0,$-2,$-16,$14,$14,$14,$3,$-2,$37,37,$0.38,$0.38,$133,$311,$0,$761,$71,$0,$47,$5,$152,$913,$393,$6,$17,$39,$432,$0,$327,$0,$481,$913,$19,$14,$-10,$4,$-2,$62,$0,$-8,$24,$47,$-11,$0,$0,$0,$0,$0,$0,$-11,$-2,$0,$-2,$0,$0,$0,$1,$-1,$36,$3,$0
25,2012-06-30,10.26,$12.64,0.81,$98.51,0.1,$2.83,3.63,$0.82,12.51,$0.82B,$0.46B,1.8,$0.01B,$0.46B,0.02,$3.64B,$0.52B,14.29%,$3.64B,$0.05B,1.35%,$3.64B,$0.05B,1.35%,$3.64B,$0.07B,1.84%,$3.64B,$0.04B,1.21%,$3.64B,$0.03B,0.85%,$0.03B,$0.46B,6.80%,$0.03B,$0.42B,7.60%,$0.03B,$0.96B,3.37%,$0.05B,$0.47B,10.60%,$849,$731,$118,$0,$118,$851,$-2,$-2,$-4,$-1,$-2,$-2,$-2,$3,$-2,$37,37,$-0.06,$-0.06,$146,$355,$0,$822,$71,$0,$47,$5,$137,$958,$457,$7,$17,$40,$496,$0,$313,$-4,$462,$958,$5,$9,$3,$12,$-13,$17,$0,$-5,$39,$56,$-7,$0,$0,$0,$0,$0,$0,$-7,$-1,$0,$-1,$0,$0,$0,$1,$-1,$49,$2,$0
26,2012-03-31,14.64,$12.80,1.14,$99.01,0.15,$1.65,8.87,$1.30,11.26,$0.82B,$0.45B,1.82,$0.01B,$0.47B,0.01,$3.66B,$0.53B,14.50%,$3.66B,$0.07B,1.99%,$3.66B,$0.07B,1.99%,$3.66B,$0.09B,2.46%,$3.66B,$0.07B,1.91%,$3.66B,$0.05B,1.34%,$0.05B,$0.47B,10.91%,$0.05B,$0.42B,12.22%,$0.05B,$0.96B,5.45%,$0.07B,$0.47B,16.02%,$913,$783,$131,$0,$118,$902,$11,$0,$11,$4,$7,$7,$7,$15,$11,$37,37,$0.19,$0.19,$111,$387,$0,$821,$69,$0,$47,$5,$136,$957,$452,$7,$15,$38,$490,$0,$315,$0,$467,$957,$7,$4,$1,$5,$-8,$-13,$0,$-3,$2,$15,$-2,$0,$0,$0,$0,$0,$0,$-2,$-1,$0,$-1,$0,$0,$0,$0,$0,$14,$1,$0
27,2011-12-31,14.24,$12.48,1.14,$99.05,0.14,$1.46,9.73,$1.47,9.69,$0.77B,$0.41B,1.86,$0.01B,$0.45B,0.02,$3.68B,$0.53B,14.40%,$3.68B,$0.08B,2.20%,$3.68B,$0.08B,2.20%,$3.68B,$0.10B,2.66%,$3.68B,$0.08B,2.15%,$3.68B,$0.06B,1.52%,$0.06B,$0.45B,12.73%,$0.06B,$0.41B,14.32%,$0.06B,$0.89B,6.30%,$0.08B,$0.46B,18.15%,$978,$839,$140,$0,$118,$957,$21,$-1,$20,$5,$15,$15,$15,$25,$21,$37,37,$0.40,$0.40,$97,$372,$0,$766,$71,$0,$48,$5,$123,$890,$412,$7,$15,$24,$435,$0,$308,$-4,$454,$890,$55,$18,$-3,$15,$-0,$-4,$0,$-5,$-51,$18,$-12,$0,$0,$0,$0,$0,$0,$-12,$-1,$0,$-1,$0,$0,$0,$0,$-1,$5,$2,$0
28,2011-09-30,11.04,$12.09,0.91,$99.42,0.11,$2.37,4.65,$1.41,7.83,$0.75B,$0.41B,1.81,$0.01B,$0.44B,0.01,$3.71B,$0.53B,14.19%,$3.71B,$0.08B,2.16%,$3.71B,$0.08B,2.16%,$3.71B,$0.10B,2.62%,$3.71B,$0.08B,2.10%,$3.71B,$0.05B,1.46%,$0.05B,$0.44B,12.60%,$0.05B,$0.39B,14.24%,$0.05B,$0.87B,6.06%,$0.08B,$0.45B,18.38%,$900,$769,$131,$0,$112,$881,$19,$-2,$17,$7,$11,$11,$11,$24,$19,$37,37,$0.29,$0.29,$126,$340,$0,$750,$71,$0,$49,$3,$124,$874,$414,$6,$14,$20,$434,$0,$293,$-3,$440,$874,$40,$13,$-5,$8,$19,$30,$0,$-6,$-2,$46,$-9,$0,$0,$0,$0,$0,$0,$-9,$-1,$0,$-1,$0,$0,$0,$0,$-1,$34,$1,$0
29,2011-06-30,12.97,$11.99,1.08,$97.86,0.13,$0.23,55.59,$1.35,9.61,$0.75B,$0.42B,1.79,$0.01B,$0.44B,0.02,$3.67B,$0.51B,13.90%,$3.67B,$0.07B,1.99%,$3.67B,$0.07B,1.99%,$3.67B,$0.09B,2.43%,$3.67B,$0.08B,2.04%,$3.67B,$0.05B,1.42%,$0.05B,$0.44B,12.46%,$0.05B,$0.39B,14.14%,$0.05B,$0.87B,5.87%,$0.07B,$0.44B,17.26%,$872,$743,$129,$0,$114,$850,$22,$0,$22,$7,$16,$16,$16,$26,$22,$37,37,$0.42,$0.42,$100,$358,$0,$745,$73,$0,$49,$3,$128,$873,$415,$7,$14,$21,$436,$0,$283,$4,$436,$873,$29,$9,$-6,$3,$20,$15,$0,$1,$-20,$12,$-7,$0,$0,$0,$0,$0,$0,$-7,$-1,$3,$2,$0,$0,$0,$0,$2,$8,$1,$0
30,2011-03-31,11.74,$11.62,1.01,$95.71,0.12,$-0.55,0.0,$1.18,9.95,$0.79B,$0.47B,1.68,$0.01B,$0.43B,0.02,$3.60B,$0.49B,13.71%,$3.60B,$0.07B,1.86%,$3.60B,$0.07B,1.86%,$3.60B,$0.08B,2.28%,$3.60B,$0.07B,1.89%,$3.60B,$0.05B,1.25%,$0.05B,$0.43B,11.14%,$0.05B,$0.38B,12.71%,$0.05B,$0.92B,5.19%,$0.07B,$0.44B,16.42%,$930,$799,$130,$0,$111,$911,$19,$1,$20,$6,$14,$14,$14,$23,$19,$37,38,$0.37,$0.36,$112,$374,$0,$792,$74,$0,$49,$3,$130,$921,$472,$7,$14,$21,$493,$0,$267,$4,$429,$921,$14,$4,$1,$5,$2,$-1,$0,$4,$-9,$10,$-4,$0,$0,$0,$0,$0,$0,$-4,$-1,$15,$14,$0,$0,$0,$0,$14,$20,$1,$0
31,2010-12-31,12.24,$11.14,1.1,$95.48,0.13,$-1.36,0.0,$1.13,10.83,$0.77B,$0.46B,1.65,$0.01B,$0.41B,0.02,$3.59B,$0.49B,13.62%,$3.59B,$0.07B,1.89%,$3.59B,$0.07B,1.89%,$3.59B,$0.08B,2.31%,$3.59B,$0.07B,1.87%,$3.59B,$0.04B,1.20%,$0.04B,$0.41B,11.01%,$0.04B,$0.36B,12.60%,$0.04B,$0.89B,5.15%,$0.07B,$0.42B,17.29%,$1005,$869,$136,$0,$115,$985,$20,$-2,$19,$6,$13,$13,$13,$24,$20,$37,38,$0.34,$0.34,$92,$370,$0,$765,$74,$0,$49,$3,$129,$894,$464,$7,$13,$20,$485,$0,$254,$-1,$409,$894,$43,$15,$10,$24,$-45,$-6,$0,$6,$-2,$65,$-25,$0,$0,$0,$0,$0,$0,$-25,$7,$-13,$-7,$1,$1,$0,$1,$-5,$34,$3,$0
32,2010-09-30,10.66,$10.81,0.99,$93.86,0.11,$-2.80,0.0,$1.28,8.33,$0.73B,$0.45B,1.62,$0.00B,$0.40B,0.0,$3.52B,$0.48B,13.60%,$3.52B,$0.08B,2.24%,$3.52B,$0.08B,2.24%,$3.52B,$0.09B,2.64%,$3.52B,$0.08B,2.19%,$3.52B,$0.05B,1.36%,$0.05B,$0.40B,12.65%,$0.05B,$0.35B,14.52%,$0.05B,$0.86B,5.88%,$0.08B,$0.40B,20.76%,$863,$747,$115,$0,$100,$851,$12,$2,$14,$5,$9,$9,$9,$16,$12,$37,38,$0.23,$0.23,$30,$429,$0,$729,$71,$0,$51,$2,$129,$858,$450,$1,$11,$12,$462,$0,$241,$-0,$396,$858,$30,$10,$3,$14,$-8,$-64,$0,$3,$-68,$-24,$-19,$0,$0,$0,$0,$0,$0,$-19,$-1,$17,$16,$1,$1,$0,$1,$18,$-28,$2,$0
33,2010-06-30,13.08,$10.41,1.26,$91.11,0.14,$-1.64,0.0,$1.39,9.41,$0.68B,$0.41B,1.67,$0.00B,$0.38B,0.0,$3.41B,$0.48B,13.98%,$3.41B,$0.09B,2.52%,$3.41B,$0.09B,2.52%,$3.41B,$0.10B,2.90%,$3.41B,$0.08B,2.43%,$3.41B,$0.05B,1.52%,$0.05B,$0.38B,13.93%,$0.05B,$0.33B,16.01%,$0.05B,$0.80B,6.52%,$0.09B,$0.38B,22.96%,$806,$692,$113,$0,$97,$790,$16,$-1,$15,$6,$9,$9,$9,$19,$16,$37,38,$0.26,$0.25,$33,$380,$0,$677,$63,$0,$50,$2,$121,$798,$405,$1,$10,$10,$416,$0,$232,$-6,$382,$798,$21,$7,$2,$9,$-11,$-19,$0,$3,$-46,$-15,$-9,$0,$0,$0,$0,$0,$0,$-9,$-1,$-0,$-1,$1,$1,$0,$1,$1,$-26,$1,$0
34,2010-03-31,18.87,$10.24,1.84,$89.08,0.21,$-1.38,0.0,$1.31,14.41,$0.67B,$0.41B,1.65,$0.00B,$0.38B,0.0,$3.33B,$0.47B,14.15%,$3.33B,$0.08B,2.37%,$3.33B,$0.08B,2.37%,$3.33B,$0.09B,2.73%,$3.33B,$0.08B,2.31%,$3.33B,$0.05B,1.47%,$0.05B,$0.38B,13.36%,$0.05B,$0.33B,15.32%,$0.05B,$0.79B,6.33%,$0.08B,$0.38B,21.47%,$915,$791,$125,$0,$104,$895,$20,$-2,$19,$7,$12,$12,$12,$24,$20,$37,37,$0.32,$0.31,$38,$367,$0,$670,$65,$0,$48,$2,$120,$790,$405,$1,$9,$10,$415,$0,$223,$-2,$375,$790,$12,$4,$1,$5,$-9,$-3,$0,$5,$-37,$-20,$-4,$0,$0,$0,$0,$0,$0,$-4,$-0,$2,$2,$1,$1,$0,$1,$3,$-21,$1,$0
35,2009-12-31,13.64,$10.00,1.36,$84.83,0.16,$-1.66,0.0,$1.23,11.09,$0.69B,$0.44B,1.57,$0.00B,$0.37B,0.0,$3.17B,$0.45B,14.34%,$3.17B,$0.07B,2.34%,$3.17B,$0.07B,2.34%,$3.17B,$0.09B,2.68%,$3.17B,$0.07B,2.27%,$3.17B,$0.05B,1.45%,$0.05B,$0.37B,12.82%,$0.05B,$0.32B,14.57%,$0.05B,$0.82B,6.17%,$0.07B,$0.37B,20.56%,$938,$812,$126,$0,$89,$908,$31,$-1,$29,$11,$18,$18,$18,$34,$31,$37,37,$0.50,$0.50,$58,$366,$0,$693,$66,$0,$48,$2,$124,$817,$442,$1,$9,$10,$452,$0,$211,$1,$365,$817,$46,$12,$13,$25,$-21,$-70,$0,$-5,$-67,$5,$-19,$0,$1,$0,$0,$0,$-14,$-32,$-1,$-4,$-4,$-0,$-0,$-28,$1,$-31,$-58,$3,$-28
36,2009-09-30,10.03,$10.21,0.98,$81.26,0.12,$0.50,19.93,$1.01,9.93,$0.66B,$0.40B,1.64,$0.00B,$0.37B,0.0,$3.04B,$0.44B,14.57%,$3.04B,$0.06B,1.94%,$3.04B,$0.06B,1.94%,$3.04B,$0.07B,2.30%,$3.04B,$0.06B,1.91%,$3.04B,$0.04B,1.25%,$0.04B,$0.37B,10.83%,$0.04B,$0.32B,12.15%,$0.04B,$0.78B,5.30%,$0.06B,$0.37B,16.75%,$754,$641,$113,$0,$92,$735,$19,$1,$20,$8,$13,$13,$13,$22,$19,$37,37,$0.34,$0.34,$102,$316,$0,$660,$63,$0,$49,$1,$124,$784,$403,$1,$8,$9,$412,$0,$220,$-0,$371,$784,$28,$8,$6,$14,$10,$-20,$0,$-2,$-28,$14,$-14,$0,$1,$0,$0,$0,$-14,$-27,$-2,$0,$-2,$-0,$-0,$0,$0,$-2,$-14,$2,$0
37,2009-06-30,9.85,$9.82,1.0,$80.62,0.12,$0.97,10.17,$0.97,10.15,$0.60B,$0.34B,1.77,$0.00B,$0.36B,0.0,$3.03B,$0.45B,14.71%,$3.03B,$0.06B,1.98%,$3.03B,$0.06B,1.98%,$3.03B,$0.07B,2.35%,$3.03B,$0.06B,1.88%,$3.03B,$0.04B,1.19%,$0.04B,$0.36B,10.50%,$0.04B,$0.31B,11.65%,$0.04B,$0.70B,5.21%,$0.06B,$0.36B,17.45%,$722,$615,$107,$0,$98,$713,$9,$0,$9,$2,$6,$6,$6,$11,$9,$37,37,$0.18,$0.17,$88,$310,$0,$596,$51,$0,$45,$1,$107,$703,$337,$1,$8,$10,$347,$0,$208,$-1,$356,$703,$15,$5,$3,$9,$12,$-17,$0,$0,$-32,$-8,$-6,$0,$0,$0,$0,$0,$-14,$-21,$-0,$0,$-0,$-1,$-1,$0,$0,$-1,$-28,$2,$0
38,2009-03-31,10.68,$9.44,1.13,$81.53,0.13,$1.55,6.9,$1.16,9.21,$0.59B,$0.33B,1.81,$0.00B,$0.34B,0.0,$3.06B,$0.45B,14.80%,$3.06B,$0.07B,2.35%,$3.06B,$0.07B,2.35%,$3.06B,$0.08B,2.75%,$3.06B,$0.07B,2.29%,$3.06B,$0.04B,1.44%,$0.04B,$0.34B,13.02%,$0.04B,$0.31B,14.32%,$0.04B,$0.68B,6.38%,$0.07B,$0.34B,21.25%,$752,$645,$108,$0,$93,$737,$15,$-1,$14,$6,$9,$9,$9,$18,$15,$37,37,$0.24,$0.23,$81,$310,$0,$588,$49,$0,$30,$1,$90,$677,$325,$1,$8,$10,$335,$0,$201,$-8,$343,$677,$9,$3,$2,$5,$9,$-20,$0,$-2,$-45,$-32,$-3,$0,$0,$0,$0,$0,$0,$-3,$-0,$0,$-0,$-0,$-0,$0,$0,$-1,$-35,$1,$0
39,2008-12-31,8.91,$9.22,0.97,$80.61,0.11,$2.57,3.47,$1.41,6.32,$0.61B,$0.36B,1.71,$0.00B,$0.33B,0.0,$3.03B,$0.46B,15.13%,$3.03B,$0.08B,2.74%,$3.03B,$0.08B,2.74%,$3.03B,$0.09B,3.10%,$3.03B,$0.08B,2.77%,$3.03B,$0.05B,1.75%,$0.05B,$0.33B,15.93%,$0.05B,$0.31B,17.55%,$0.05B,$0.70B,7.59%,$0.08B,$0.34B,24.91%,$813,$698,$115,$0,$99,$797,$16,$-1,$15,$5,$10,$10,$10,$19,$16,$37,38,$0.28,$0.26,$116,$291,$0,$612,$48,$0,$29,$2,$91,$702,$359,$1,$9,$10,$368,$0,$192,$-7,$334,$702,$53,$10,$11,$22,$6,$-49,$0,$-0,$8,$82,$-15,$-31,$0,$0,$0,$0,$0,$-46,$-1,$-4,$-5,$-5,$-5,$-37,$1,$-45,$-12,$4,$-37
40,2008-09-30,11.63,$9.29,1.25,$79.47,0.15,$3.04,3.82,$1.78,6.53,$0.58B,$0.34B,1.74,$0.00B,$0.34B,0.0,$2.99B,$0.46B,15.52%,$2.99B,$0.09B,3.14%,$2.99B,$0.09B,3.14%,$2.99B,$0.10B,3.48%,$2.99B,$0.10B,3.31%,$2.99B,$0.07B,2.24%,$0.07B,$0.34B,20.11%,$0.07B,$0.31B,21.63%,$0.07B,$0.68B,9.68%,$0.09B,$0.34B,28.19%,$739,$624,$115,$0,$95,$719,$20,$-2,$19,$7,$11,$11,$11,$23,$20,$37,38,$0.30,$0.30,$73,$276,$0,$584,$52,$0,$32,$0,$98,$681,$336,$1,$6,$6,$342,$0,$182,$7,$339,$681,$43,$8,$7,$14,$-6,$-28,$0,$-3,$-26,$31,$-13,$-31,$0,$0,$0,$0,$0,$-44,$0,$-4,$-4,$-2,$-2,$-37,$1,$-42,$-55,$3,$-37
41,2008-06-30,14.6,$9.18,1.59,$78.12,0.19,$4.08,3.58,$1.95,7.49,$0.60B,$0.36B,1.67,$0.00B,$0.34B,0.0,$2.94B,$0.46B,15.66%,$2.94B,$0.10B,3.40%,$2.94B,$0.10B,3.40%,$2.94B,$0.11B,3.71%,$2.94B,$0.11B,3.64%,$2.94B,$0.07B,2.52%,$0.07B,$0.34B,22.68%,$0.07B,$0.31B,23.81%,$0.07B,$0.70B,10.95%,$0.10B,$0.34B,30.63%,$756,$641,$115,$0,$94,$735,$21,$0,$22,$8,$14,$14,$14,$24,$21,$37,37,$0.36,$0.36,$67,$291,$0,$598,$54,$0,$31,$0,$102,$700,$357,$0,$6,$6,$363,$0,$171,$14,$336,$700,$32,$5,$4,$9,$-8,$-45,$0,$6,$-22,$19,$-11,$-31,$0,$0,$0,$0,$0,$-41,$0,$-3,$-3,$1,$1,$-37,$1,$-38,$-61,$2,$-37
42,2008-03-31,9.97,$8.80,1.13,$75.06,0.13,$4.93,2.02,$1.96,5.09,$0.61B,$0.38B,1.59,$0.00B,$0.32B,0.0,$2.83B,$0.44B,15.70%,$2.83B,$0.10B,3.50%,$2.83B,$0.10B,3.50%,$2.83B,$0.11B,3.78%,$2.83B,$0.11B,3.75%,$2.83B,$0.07B,2.62%,$0.07B,$0.32B,23.53%,$0.07B,$0.29B,24.12%,$0.07B,$0.71B,11.37%,$0.10B,$0.32B,31.48%,$725,$611,$114,$0,$88,$699,$26,$2,$28,$10,$18,$18,$18,$28,$26,$37,38,$0.49,$0.48,$99,$269,$0,$609,$51,$0,$31,$0,$101,$710,$382,$0,$6,$6,$388,$0,$158,$13,$322,$710,$18,$2,$-1,$1,$-3,$-18,$0,$0,$-10,$9,$-6,$-30,$0,$0,$0,$0,$0,$-36,$0,$-2,$-2,$1,$1,$0,$1,$-0,$-29,$1,$0
43,2007-12-31,15.3,$9.31,1.64,$73.73,0.21,$5.31,2.88,$1.85,8.27,$0.61B,$0.34B,1.82,$0.00B,$0.34B,0.0,$2.78B,$0.43B,15.37%,$2.78B,$0.10B,3.42%,$2.78B,$0.10B,3.42%,$2.78B,$0.10B,3.71%,$2.78B,$0.10B,3.60%,$2.78B,$0.07B,2.52%,$0.07B,$0.34B,23.18%,$0.07B,$0.34B,23.18%,$0.07B,$0.68B,11.12%,$0.10B,$0.34B,31.46%,$769,$650,$120,$0,$93,$743,$27,$3,$30,$6,$24,$24,$24,$29,$27,$36,38,$0.67,$0.63,$128,$250,$0,$610,$48,$0,$0,$1,$67,$678,$336,$0,$6,$6,$342,$0,$177,$12,$336,$678,$69,$9,$-1,$8,$-29,$-22,$0,$16,$15,$93,$-8,$0,$0,$0,$0,$0,$0,$-8,$-1,$-9,$-9,$1,$1,$-37,$2,$-43,$41,$4,$-37
44,2007-09-30,15.39,$8.80,1.75,$70.89,0.22,$4.31,3.57,$1.43,10.77,$0.55B,$0.30B,1.86,$0.00B,$0.31B,0.0,$2.66B,$0.39B,14.67%,$2.66B,$0.08B,2.93%,$2.66B,$0.08B,2.93%,$2.66B,$0.09B,3.24%,$2.66B,$0.08B,3.09%,$2.66B,$0.05B,2.03%,$0.05B,$0.31B,18.60%,$0.05B,$0.31B,18.60%,$0.05B,$0.61B,8.91%,$0.08B,$0.31B,26.85%,$687,$577,$111,$0,$85,$662,$26,$1,$27,$9,$18,$18,$18,$28,$26,$36,38,$0.49,$0.47,$98,$235,$0,$549,$49,$0,$0,$2,$65,$614,$296,$0,$6,$7,$302,$0,$153,$13,$311,$614,$45,$7,$5,$11,$-12,$1,$0,$1,$7,$63,$-6,$0,$0,$0,$0,$0,$0,$-6,$-0,$-12,$-13,$1,$1,$-37,$2,$-47,$11,$3,$-37
45,2007-06-30,15.67,$8.01,1.96,$67.82,0.23,$3.07,5.1,$1.29,12.15,$0.54B,$0.31B,1.75,$0.00B,$0.29B,0.0,$2.55B,$0.37B,14.57%,$2.55B,$0.07B,2.79%,$2.55B,$0.07B,2.79%,$2.55B,$0.08B,3.10%,$2.55B,$0.08B,2.95%,$2.55B,$0.05B,1.89%,$0.05B,$0.29B,17.04%,$0.05B,$0.29B,17.04%,$0.05B,$0.60B,8.21%,$0.07B,$0.29B,25.16%,$647,$548,$99,$0,$79,$627,$20,$1,$21,$7,$14,$14,$14,$22,$20,$36,38,$0.38,$0.37,$82,$249,$0,$538,$49,$0,$0,$2,$64,$602,$307,$0,$6,$6,$314,$0,$135,$10,$289,$602,$28,$4,$3,$8,$-14,$-14,$0,$11,$9,$44,$-4,$0,$0,$0,$0,$0,$0,$-4,$-0,$-12,$-13,$1,$1,$-37,$2,$-47,$-6,$1,$-37
46,2007-03-31,14.11,$7.57,1.86,$65.45,0.22,$1.82,7.76,$1.40,10.08,$0.56B,$0.35B,1.62,$0.00B,$0.27B,0.0,$2.45B,$0.35B,14.27%,$2.45B,$0.06B,2.53%,$2.45B,$0.06B,2.53%,$2.45B,$0.07B,2.82%,$2.45B,$0.07B,2.66%,$2.45B,$0.04B,1.68%,$0.04B,$0.27B,14.88%,$0.04B,$0.27B,14.88%,$0.04B,$0.63B,7.28%,$0.06B,$0.27B,22.46%,$676,$579,$97,$0,$75,$655,$22,$1,$22,$8,$14,$14,$14,$24,$22,$36,38,$0.39,$0.37,$106,$247,$0,$562,$48,$0,$0,$2,$63,$625,$347,$0,$6,$6,$353,$0,$121,$8,$272,$625,$14,$2,$3,$5,$-18,$-14,$0,$8,$-0,$19,$-1,$0,$0,$0,$0,$0,$0,$-1,$-0,$-1,$-1,$1,$1,$0,$2,$2,$19,$1,$0
47,2006-12-31,12.47,$8.19,1.52,$63.24,0.2,$0.99,12.64,$1.51,8.26,$0.52B,$0.29B,1.79,$0.00B,$0.29B,0.0,$2.35B,$0.34B,14.63%,$2.35B,$0.06B,2.60%,$2.35B,$0.06B,2.60%,$2.35B,$0.07B,2.90%,$2.35B,$0.07B,3.03%,$2.35B,$0.05B,1.92%,$0.05B,$0.29B,16.64%,$0.05B,$0.29B,16.64%,$0.05B,$0.58B,8.34%,$0.06B,$0.29B,22.49%,$648,$565,$83,$0,$73,$638,$10,$2,$12,$4,$8,$8,$8,$12,$10,$35,37,$0.22,$0.22,$87,$233,$0,$519,$49,$0,$0,$2,$65,$584,$290,$0,$4,$5,$295,$0,$144,$7,$289,$584,$45,$8,$-3,$6,$-4,$-36,$0,$-10,$-16,$34,$12,$0,$0,$0,$0,$0,$0,$12,$-8,$-16,$-25,$2,$2,$0,$1,$-22,$24,$2,$0
