,Date,Stock Price,Book Value per Share,Price to Book Ratio,TTM Sales per Share,Price to Sales Ratio,TTM FCF per Share,Price to FCF Ratio,TTM Net EPS,PE Ratio,Current Assets,Current Liabilities,Current Ratio,Long Term Debt,Shareholder's Equity_x,Debt to Equity Ratio,TTM Revenue_x,TTM Gross Profit,Gross Margin,TTM Revenue_y,TTM Operating Income,Operating Margin,TTM Revenue_x,TTM EBIT,EBIT Margin,TTM Revenue_y,TTM EBITDA,EBITDA Margin,TTM Revenue_x,TTM Pre-Tax Income,Pre-Tax Margin,TTM Revenue_y,TTM Net Income_x,Net Margin,TTM Net Income_y,Shareholder's Equity_y,Return on Equity,TTM Net Income_x,Tangible Equity,Return on Tangible Equity,TTM Net Income_y,Total Assets,Return on Assets,TTM Net Income,LT Investments & Debt,Return on Investment,revenue,cost-goods-sold,gross-profit,research-development-expenses,selling-general-administrative-expenses,operating-expenses,operating-income,total-non-operating-income-expense,pre-tax-income,total-provision-income-taxes,income-after-taxes,income-from-continuous-operations,net-income,ebitda,ebit,basic-shares-outstanding,shares-outstanding,eps-basic-net-earnings-per-share,eps-earnings-per-share-diluted,cash-on-hand,inventory,other-current-assets,total-current-assets,net-property-plant-equipment,long-term-investments,goodwill-intangible-assets-total,other-long-term-assets,total-long-term-assets,total-assets,total-current-liabilities,long-term-debt,other-non-current-liabilities,total-long-term-liabilities,total-liabilities,common-stock-net,retained-earnings-accumulated-deficit,comprehensive-income,total-share-holder-equity,total-liabilities-share-holders-equity,net-income-loss,total-depreciation-amortization-cash-flow,other-non-cash-items,total-non-cash-items,change-in-accounts-receivable,change-in-inventories,change-in-accounts-payable,change-in-assets-liabilities,total-change-in-assets-liabilities,cash-flow-from-operating-activities,net-change-in-property-plant-equipment,net-change-in-intangible-assets,net-acquisitions-divestitures,net-change-in-short-term-investments,net-change-in-long-term-investments,net-change-in-investments-total,investing-activities-other,cash-flow-from-investing-activities,net-long-term-debt,net-current-debt,debt-issuance-retirement-net-total,net-common-equity-issued-repurchased,net-total-equity-issued-repurchased,total-common-preferred-stock-dividends-paid,financial-activities-other,cash-flow-from-financial-activities,net-cash-flow,stock-based-compensation,common-stock-dividends-paid
0,2018-09-30,33.58,$25.44,1.32,$25.26,1.33,$6.79,4.94,$5.29,6.35,$53.11B,$65.42B,0.81,$168.51B,$184.97B,0.91,$164.44B,$86.83B,52.81%,$164.44B,$22.20B,13.50%,$164.44B,$22.20B,13.50%,$164.44B,$50.41B,30.66%,$164.44B,$17.85B,10.85%,$164.44B,$33.55B,20.40%,$33.55B,$184.97B,20.39%,$33.55B,$-110.64B,-36.18%,$33.55B,$534.87B,6.85%,$22.20B,$353.48B,7.08%,$45739,$20706,$25033,$0,$9598,$38470,$7269,$-1062,$6207,$1391,$4816,$4816,$4718,$16875,$7269,$7284,7320,$0.65,$0.65,$8657,$0,$16278,$53107,$130348,$6128,$295614,$49673,$481763,$534870,$65420,$168513,$26490,$284479,$349899,$7621,$57624,$5383,$184971,$534870,$14823,$22146,$1259,$23405,$-1018,$0,$0,$-5586,$-7989,$31522,$-16695,$0,$-42133,$0,$-1255,$-1255,$96,$-59987,$-5254,$2706,$-2548,$-218,$-218,$-9775,$-1138,$-13679,$-42144,$0,$-9775
1,2018-06-30,31.62,$25.36,1.25,$25.43,1.24,$6.82,4.63,$5.13,6.16,$55.29B,$68.59B,0.81,$168.50B,$184.13B,0.92,$158.37B,$82.30B,51.97%,$158.37B,$20.73B,13.09%,$158.37B,$20.73B,13.09%,$158.37B,$45.39B,28.66%,$158.37B,$16.61B,10.49%,$158.37B,$31.86B,20.12%,$31.86B,$184.13B,21.26%,$31.86B,$-110.52B,-35.87%,$31.86B,$534.69B,6.82%,$20.73B,$352.63B,7.02%,$38986,$17458,$21528,$0,$8684,$32520,$6466,$314,$6780,$1532,$5248,$5248,$5132,$13012,$6466,$6351,6374,$0.81,$0.81,$13523,$0,$14305,$55286,$129556,$8007,$294649,$47193,$479405,$534691,$68593,$168495,$25017,$281968,$350561,$7621,$56555,$5716,$184130,$534691,$10007,$12540,$320,$12860,$233,$0,$0,$-476,$-4133,$19176,$-10959,$0,$-40656,$0,$-1253,$-1253,$233,$-52635,$-2969,$7066,$4097,$-552,$-552,$-6144,$-1121,$-3720,$-37179,$0,$-6144
2,2018-03-31,34.61,$22.64,1.53,$25.75,1.34,$6.65,5.2,$4.95,6.99,$78.51B,$70.58B,1.11,$133.72B,$147.08B,0.91,$159.22B,$82.00B,51.50%,$159.22B,$20.79B,13.06%,$159.22B,$20.79B,13.06%,$159.22B,$45.05B,28.29%,$159.22B,$15.90B,9.99%,$159.22B,$30.64B,19.25%,$30.64B,$147.08B,22.65%,$30.64B,$-72.04B,-35.98%,$30.64B,$446.34B,6.98%,$20.79B,$280.80B,7.64%,$38038,$17946,$20092,$0,$7897,$31837,$6201,$-60,$6141,$1382,$4759,$4759,$4662,$12195,$6201,$6161,6180,$0.75,$0.75,$48872,$0,$12008,$78505,$125124,$2623,$219117,$20974,$367838,$446343,$70580,$133724,$19117,$228687,$299267,$6495,$55067,$7386,$147076,$446343,$4759,$5994,$730,$6724,$-439,$0,$0,$153,$-2248,$8947,$-5957,$0,$-178,$0,$-1123,$-1123,$106,$-7152,$-2346,$0,$-2346,$-134,$-134,$-3070,$2048,$-3502,$-1707,$0,$-3070
3,2017-12-31,37.25,$23.13,1.61,$25.96,1.43,$6.68,5.57,$4.76,7.83,$79.15B,$81.39B,0.97,$125.97B,$142.01B,0.89,$160.55B,$83.17B,51.80%,$160.55B,$20.95B,13.05%,$160.55B,$20.95B,13.05%,$160.55B,$45.34B,28.24%,$160.55B,$15.14B,9.43%,$160.55B,$29.45B,18.34%,$29.45B,$142.01B,22.70%,$29.45B,$-77.72B,-32.23%,$29.45B,$444.10B,6.85%,$20.95B,$267.98B,7.96%,$41676,$21495,$20181,$0,$8936,$39416,$2260,$-3543,$-1283,$-20419,$19136,$19136,$19037,$8331,$2260,$6164,6183,$3.09,$3.08,$50498,$0,$10757,$79146,$125222,$1560,$219725,$18444,$364951,$444097,$81389,$125972,$19747,$220701,$302090,$6495,$50500,$7017,$142007,$444097,$29847,$24387,$-10234,$14153,$-986,$0,$0,$-3528,$-3698,$39151,$-20647,$0,$1182,$0,$-4,$-4,$-902,$-20371,$36454,$0,$36454,$-430,$-430,$-12038,$1944,$25930,$44710,$0,$-12038
4,2017-09-30,37.06,$20.54,1.8,$25.98,1.43,$6.57,5.64,$2.07,17.9,$76.36B,$47.69B,1.6,$154.73B,$126.11B,1.23,$160.71B,$83.71B,52.09%,$160.71B,$22.94B,14.27%,$160.71B,$22.94B,14.27%,$160.71B,$47.38B,29.48%,$160.71B,$19.61B,12.20%,$160.71B,$12.85B,8.00%,$12.85B,$126.11B,10.26%,$12.85B,$-94.98B,-13.32%,$12.85B,$443.87B,3.06%,$22.94B,$280.84B,8.97%,$39668,$19169,$20499,$0,$8650,$33861,$5807,$-833,$4974,$1851,$3123,$3123,$3029,$11849,$5807,$6162,6182,$0.49,$0.49,$48499,$0,$10724,$76357,$126462,$1627,$221087,$18332,$367508,$443865,$47693,$154728,$19723,$270063,$317756,$6495,$36074,$5580,$126109,$443865,$10711,$18316,$4268,$22584,$-652,$0,$0,$-1177,$-3266,$28473,$-15756,$0,$1210,$0,$235,$235,$-53,$-14364,$36452,$-2,$36450,$-434,$-434,$-9030,$1716,$28702,$42811,$0,$-9030
5,2017-06-30,35.23,$20.50,1.72,$26.17,1.35,$6.76,5.21,$2.12,16.62,$53.55B,$48.01B,1.12,$132.82B,$125.86B,1.06,$161.93B,$85.21B,52.62%,$161.93B,$23.54B,14.54%,$161.93B,$23.54B,14.54%,$161.93B,$48.52B,29.96%,$161.93B,$19.83B,12.25%,$161.93B,$13.15B,8.12%,$13.15B,$125.86B,10.53%,$13.15B,$-95.95B,-13.50%,$13.15B,$420.80B,3.21%,$23.54B,$258.68B,9.57%,$39837,$18605,$21232,$0,$8559,$33311,$6526,$-456,$6070,$2056,$4014,$4014,$3915,$12673,$6526,$6165,6184,$0.63,$0.63,$25617,$0,$11562,$53547,$126184,$1615,$221804,$17645,$367248,$420795,$48012,$132824,$20753,$246925,$294937,$6495,$36067,$5389,$125858,$420795,$7588,$12274,$1679,$13953,$119,$0,$0,$-81,$-2723,$17670,$-10750,$0,$1275,$0,$169,$169,$-91,$-9397,$17997,$-2,$17995,$-434,$-434,$-6021,$77,$11617,$19890,$0,$-6021
6,2017-03-31,38.34,$20.33,1.89,$26.27,1.46,$7.02,5.46,$2.04,18.79,$45.73B,$50.69B,0.9,$120.57B,$124.98B,0.97,$162.62B,$86.02B,52.90%,$162.62B,$23.57B,14.50%,$162.62B,$23.57B,14.50%,$162.62B,$48.98B,30.12%,$162.62B,$19.18B,11.80%,$162.62B,$12.64B,7.77%,$12.64B,$124.98B,10.15%,$12.64B,$-96.89B,-12.83%,$12.64B,$411.90B,3.12%,$23.57B,$245.55B,9.75%,$39365,$18110,$21255,$0,$8772,$33009,$6356,$-978,$5378,$1804,$3574,$3574,$3469,$12483,$6356,$6166,6186,$0.56,$0.56,$14884,$0,$14347,$45727,$125292,$1551,$221871,$17462,$366176,$411903,$50690,$120568,$21160,$236232,$286922,$6495,$35175,$5160,$124981,$411903,$3574,$6127,$1116,$7243,$445,$0,$0,$47,$-1090,$8965,$-5784,$0,$-156,$0,$17,$17,$-46,$-5969,$9387,$0,$9387,$-156,$-156,$-3009,$-173,$6049,$9045,$0,$-3009
7,2016-12-31,38.78,$20.22,1.92,$26.46,1.47,$7.06,5.49,$2.09,18.56,$38.37B,$50.58B,0.76,$113.68B,$124.11B,0.92,$163.79B,$86.90B,53.06%,$163.79B,$24.35B,14.87%,$163.79B,$24.35B,14.87%,$163.79B,$50.19B,30.65%,$163.79B,$19.81B,12.10%,$163.79B,$12.98B,7.92%,$12.98B,$124.11B,10.43%,$12.98B,$-97.96B,-13.05%,$12.98B,$403.82B,3.22%,$24.35B,$237.79B,10.06%,$41841,$21119,$20722,$0,$9984,$37593,$4248,$-1057,$3191,$676,$2515,$2515,$2437,$10377,$4248,$6168,6189,$0.39,$0.40,$5788,$0,$14232,$38369,$124899,$1674,$222067,$16812,$365452,$403821,$50576,$113681,$21748,$229135,$279711,$6495,$34734,$4961,$124110,$403821,$13333,$25847,$5600,$31447,$-1003,$0,$0,$-2137,$-3022,$39344,$-21516,$0,$-2313,$0,$506,$506,$-892,$-24215,$-683,$0,$-683,$-366,$-366,$-11797,$-1616,$-14462,$667,$0,$-11797
8,2016-09-30,36.58,$20.29,1.8,$27.16,1.35,$7.13,5.13,$2.35,15.57,$37.37B,$47.10B,0.79,$117.24B,$124.60B,0.94,$164.06B,$88.61B,54.01%,$164.06B,$27.63B,16.84%,$164.06B,$27.63B,16.84%,$164.06B,$53.83B,32.81%,$164.06B,$22.93B,13.98%,$164.06B,$14.55B,8.87%,$14.55B,$124.60B,11.71%,$14.55B,$-98.87B,-14.49%,$14.55B,$402.98B,3.61%,$27.63B,$241.84B,11.37%,$40890,$18890,$22000,$0,$9013,$34482,$6408,$-1215,$5193,$1775,$3418,$3418,$3328,$12987,$6408,$6168,6189,$0.54,$0.54,$5895,$0,$13291,$37374,$123922,$1679,$223473,$16527,$365601,$402975,$47102,$117239,$20899,$231270,$278372,$6495,$35319,$4850,$124603,$402975,$10818,$19718,$3937,$23655,$-1108,$0,$0,$-641,$-2922,$29202,$-15283,$0,$-2738,$0,$501,$501,$-669,$-18189,$-548,$0,$-548,$-307,$-307,$-8850,$-534,$-10239,$774,$0,$-8850
9,2016-06-30,38.49,$20.22,1.9,$27.13,1.42,$7.13,5.4,$2.31,16.66,$36.01B,$46.47B,0.78,$117.31B,$124.37B,0.94,$162.27B,$87.90B,54.17%,$162.27B,$27.15B,16.73%,$162.27B,$27.15B,16.73%,$162.27B,$53.03B,32.68%,$162.27B,$22.47B,13.85%,$162.27B,$14.21B,8.76%,$14.21B,$124.37B,11.48%,$14.21B,$-100.35B,-13.98%,$14.21B,$401.81B,3.53%,$27.15B,$241.68B,11.17%,$40520,$18475,$22045,$0,$8909,$33960,$6560,$-1139,$5421,$1906,$3515,$3515,$3408,$13136,$6560,$6174,6195,$0.55,$0.55,$7208,$0,$11770,$36005,$123537,$1677,$224716,$15873,$365803,$401808,$46465,$117308,$21425,$230972,$277437,$6495,$34950,$4814,$124371,$401808,$7400,$13139,$2365,$15504,$-364,$0,$0,$1223,$-2173,$18207,$-9702,$0,$-378,$0,$500,$500,$-437,$-10017,$1011,$0,$1011,$-78,$-78,$-5899,$-1137,$-6103,$2087,$0,$-5899
10,2016-03-31,34.47,$20.21,1.71,$26.91,1.28,$7.20,4.79,$2.34,14.73,$38.00B,$44.53B,0.85,$122.10B,$124.41B,0.98,$154.76B,$83.79B,54.14%,$154.76B,$26.36B,17.03%,$154.76B,$26.36B,17.03%,$154.76B,$50.36B,32.54%,$154.76B,$21.97B,14.20%,$154.76B,$13.89B,8.97%,$13.89B,$124.41B,12.12%,$13.89B,$-100.68B,-14.73%,$13.89B,$403.64B,3.62%,$26.36B,$246.51B,11.42%,$40535,$18400,$22135,$0,$8441,$33404,$7131,$-1124,$6007,$2122,$3885,$3885,$3803,$13694,$7131,$6172,6190,$0.62,$0.61,$10008,$0,$10545,$38001,$123454,$1594,$225086,$15503,$365637,$403638,$44528,$122104,$20998,$234705,$279233,$6495,$34506,$5180,$124405,$403638,$3885,$6563,$1663,$8226,$43,$0,$0,$1091,$-2856,$7900,$-4451,$0,$-84,$0,$445,$445,$-218,$-4308,$3682,$0,$3682,$89,$89,$-2947,$471,$1295,$4887,$0,$-2947
11,2015-12-31,29.86,$20.12,1.48,$26.60,1.12,$7.20,4.15,$2.34,12.76,$35.99B,$47.82B,0.75,$118.52B,$123.64B,0.96,$146.80B,$79.76B,54.33%,$146.80B,$24.79B,16.88%,$146.80B,$24.79B,16.88%,$146.80B,$46.80B,31.88%,$146.80B,$20.69B,14.10%,$146.80B,$13.35B,9.09%,$13.35B,$123.64B,12.68%,$13.35B,$-101.64B,-15.40%,$13.35B,$402.67B,3.71%,$24.79B,$242.16B,11.63%,$42119,$19691,$22428,$0,$8384,$34587,$7532,$-1225,$6307,$2221,$4086,$4086,$4006,$14009,$7532,$5628,5646,$0.65,$0.65,$5121,$0,$13267,$35992,$124450,$1606,$225278,$15346,$366680,$402672,$47816,$118515,$22258,$231216,$279032,$6495,$33671,$5334,$123640,$402672,$13687,$22016,$3458,$25474,$30,$0,$0,$-6377,$-4993,$35880,$-19218,$0,$-30676,$0,$1545,$1545,$-795,$-49144,$23927,$0,$23927,$-126,$-126,$-10200,$-3819,$9782,$-3482,$0,$-10200
12,2015-09-30,27.87,$19.96,1.4,$25.74,1.08,$6.19,4.5,$0.92,30.3,$34.95B,$47.94B,0.73,$119.40B,$122.79B,0.97,$139.12B,$73.49B,52.82%,$139.12B,$11.96B,8.60%,$139.12B,$11.96B,8.60%,$139.12B,$32.07B,23.05%,$139.12B,$8.35B,6.00%,$139.12B,$5.45B,3.92%,$5.45B,$122.79B,5.63%,$5.45B,$-104.08B,-7.48%,$5.45B,$399.99B,1.64%,$11.96B,$242.18B,6.17%,$39091,$17796,$21295,$0,$9107,$33168,$5923,$-1188,$4735,$1657,$3078,$3078,$2994,$12188,$5923,$5924,5943,$0.50,$0.50,$6202,$0,$11254,$34951,$122836,$1744,$226873,$13585,$365038,$399989,$47938,$119395,$20427,$229262,$277200,$6495,$32627,$5294,$122789,$399989,$9601,$15539,$2352,$17891,$737,$0,$0,$-2615,$-546,$26695,$-13356,$0,$-30615,$0,$1490,$1490,$-566,$-43047,$24005,$-1,$24004,$133,$133,$-7311,$-2875,$13951,$-2401,$0,$-7311
13,2015-06-30,29.98,$16.85,1.78,$25.20,1.19,$5.55,5.4,$1.00,29.98,$43.16B,$40.53B,1.07,$105.07B,$87.50B,1.2,$132.99B,$70.82B,53.25%,$132.99B,$11.65B,8.76%,$132.99B,$11.65B,8.76%,$132.99B,$30.03B,22.58%,$132.99B,$8.25B,6.20%,$132.99B,$5.59B,4.20%,$5.59B,$87.50B,6.24%,$5.59B,$-70.73B,-9.66%,$5.59B,$326.49B,1.83%,$11.65B,$192.57B,6.68%,$33015,$15079,$17936,$0,$7467,$27242,$5773,$-851,$4922,$1738,$3184,$3184,$3082,$10469,$5773,$5204,5220,$0.59,$0.59,$20956,$0,$6421,$43163,$114348,$288,$158227,$10463,$283326,$326489,$40527,$105067,$18240,$198461,$238988,$6495,$29086,$7039,$87501,$326489,$6523,$9274,$1706,$10980,$434,$0,$0,$277,$-414,$15898,$-8328,$0,$-20882,$0,$1890,$1890,$-340,$-27660,$31039,$0,$31039,$20,$20,$-4873,$-2071,$24115,$12353,$0,$-4873
14,2015-03-31,27.17,$16.77,1.62,$25.11,1.08,$5.10,5.33,$1.10,24.7,$27.41B,$37.65B,0.73,$88.27B,$87.10B,1.01,$132.55B,$71.24B,53.75%,$132.55B,$11.49B,8.67%,$132.55B,$11.49B,8.67%,$132.55B,$29.73B,22.43%,$132.55B,$9.43B,7.12%,$132.55B,$6.05B,4.57%,$6.05B,$87.10B,6.67%,$6.05B,$-70.22B,-11.86%,$6.05B,$308.03B,2.04%,$11.49B,$175.38B,6.85%,$32576,$14480,$18096,$0,$7961,$27019,$5557,$-829,$4728,$1389,$3339,$3339,$3263,$10135,$5557,$5203,5219,$0.63,$0.63,$4444,$0,$6906,$27410,$113198,$266,$157324,$9830,$280618,$308028,$37651,$88272,$19908,$183273,$220924,$6495,$28490,$7341,$87104,$308028,$3339,$4578,$504,$5082,$739,$0,$0,$268,$-810,$6738,$-3848,$0,$-19506,$0,$1890,$1890,$-123,$-21587,$15976,$0,$15976,$8,$8,$-2434,$-2860,$10690,$-4159,$0,$-2434
15,2014-12-31,27.56,$17.40,1.58,$25.07,1.1,$5.13,5.37,$1.19,23.16,$33.61B,$37.28B,0.9,$75.78B,$90.27B,0.84,$132.45B,$72.30B,54.59%,$132.45B,$12.21B,9.22%,$132.45B,$12.21B,9.22%,$132.45B,$30.49B,23.02%,$132.45B,$10.36B,7.82%,$132.45B,$6.44B,4.86%,$6.44B,$90.27B,7.01%,$6.44B,$-46.39B,-14.44%,$6.44B,$296.83B,2.21%,$12.21B,$166.05B,7.41%,$34439,$18276,$16163,$0,$14765,$39728,$-5289,$-744,$-6033,$-2227,$-3806,$-3806,$-3887,$-722,$-5289,$5205,5221,$-0.74,$-0.74,$8603,$0,$9645,$33606,$112898,$250,$136655,$13425,$263228,$296834,$37282,$75778,$17989,$169282,$206564,$6495,$31081,$8061,$90270,$296834,$6736,$18273,$11481,$29754,$-693,$0,$0,$-6968,$-5351,$31338,$-21199,$0,$4982,$0,$-1890,$-1890,$-230,$-18337,$5633,$-16,$5617,$-1578,$-1578,$-9552,$-2224,$-7737,$5264,$0,$-9552
16,2014-09-30,28.54,$17.96,1.59,$24.63,1.16,$5.77,4.95,$3.27,8.73,$25.84B,$39.98B,0.65,$70.52B,$93.12B,0.76,$131.17B,$77.34B,58.96%,$131.17B,$30.01B,22.88%,$131.17B,$30.01B,22.88%,$131.17B,$48.40B,36.90%,$131.17B,$27.81B,21.20%,$131.17B,$17.41B,13.27%,$17.41B,$93.12B,18.89%,$17.41B,$-44.05B,-40.49%,$17.41B,$287.94B,6.08%,$30.01B,$163.64B,18.37%,$32957,$14336,$18621,$0,$8475,$27350,$5607,$-976,$4631,$1444,$3187,$3187,$3130,$10146,$5607,$5198,5463,$0.60,$0.60,$2458,$0,$8033,$25835,$115134,$166,$137167,$9637,$262104,$287939,$39979,$70516,$17014,$154841,$194820,$6495,$34165,$7926,$93119,$287939,$10654,$13706,$723,$14429,$-1269,$0,$0,$-1260,$2261,$25593,$-16829,$0,$4021,$0,$-1993,$-1993,$-179,$-14980,$-1812,$-16,$-1828,$-1583,$-1583,$-7170,$-913,$-11494,$-881,$0,$-7170
17,2014-06-30,28.27,$17.84,1.58,$24.63,1.15,$6.28,4.5,$3.41,8.29,$33.11B,$43.79B,0.76,$73.57B,$92.63B,0.79,$130.37B,$77.47B,59.42%,$130.37B,$30.59B,23.47%,$130.37B,$30.59B,23.47%,$130.37B,$49.06B,37.63%,$130.37B,$28.68B,22.00%,$130.37B,$18.10B,13.88%,$18.10B,$92.63B,20.02%,$18.10B,$-43.50B,-41.59%,$18.10B,$293.47B,6.40%,$30.59B,$166.20B,18.99%,$32575,$14212,$18363,$0,$8197,$26959,$5616,$490,$6106,$2485,$3621,$3621,$3547,$10166,$5616,$5204,5220,$0.68,$0.68,$11305,$0,$6698,$33112,$114360,$159,$136129,$9706,$260354,$293466,$43788,$73570,$16578,$157053,$200841,$6495,$33554,$7851,$92625,$293466,$7355,$9167,$-433,$8734,$-566,$0,$0,$-1051,$1277,$16869,$-11649,$0,$4064,$0,$2,$2,$-118,$-7701,$5056,$134,$5190,$-1369,$-1369,$-4784,$-239,$-1202,$7966,$0,$-4784
18,2014-03-31,27.68,$17.59,1.57,$24.33,1.14,$6.77,4.09,$3.44,8.05,$24.09B,$39.83B,0.61,$71.58B,$91.37B,0.78,$129.87B,$77.91B,59.99%,$129.87B,$31.09B,23.94%,$129.87B,$31.09B,23.94%,$129.87B,$49.57B,38.17%,$129.87B,$28.37B,21.85%,$129.87B,$18.37B,14.14%,$18.37B,$91.37B,20.68%,$18.37B,$-44.45B,-42.31%,$18.37B,$285.34B,6.62%,$31.09B,$162.94B,19.54%,$32476,$13321,$19155,$0,$8260,$26198,$6278,$-627,$5651,$1917,$3734,$3734,$3652,$10895,$6278,$5222,5238,$0.70,$0.70,$3611,$0,$5187,$24089,$112809,$3613,$135819,$9010,$261251,$285340,$39830,$71575,$16089,$154141,$193971,$6495,$32402,$7666,$91369,$285340,$3734,$4617,$714,$5331,$-498,$0,$0,$-480,$47,$8799,$-5716,$0,$-311,$0,$0,$0,$-55,$-6082,$1120,$-17,$1103,$-1224,$-1224,$-2398,$74,$-2445,$272,$0,$-2398
19,2013-12-31,27.38,$17.50,1.56,$23.80,1.15,$6.90,3.97,$3.41,8.03,$23.20B,$35.00B,0.66,$69.29B,$91.48B,0.76,$128.75B,$77.56B,60.24%,$128.75B,$30.75B,23.88%,$128.75B,$30.75B,23.88%,$128.75B,$49.15B,38.17%,$128.75B,$28.05B,21.79%,$128.75B,$18.42B,14.31%,$18.42B,$91.48B,20.91%,$18.42B,$-40.00B,-43.24%,$18.42B,$277.79B,6.73%,$30.75B,$160.77B,19.45%,$33163,$11964,$21199,$0,$4008,$20652,$12511,$-1085,$11426,$4262,$7164,$7164,$7082,$17191,$12511,$5368,5385,$1.32,$1.32,$3339,$0,$4780,$23196,$110968,$3860,$131485,$8278,$254591,$277787,$34995,$69290,$15766,$151310,$186305,$6495,$31141,$7880,$91482,$277787,$18722,$18395,$-1101,$17294,$-1329,$0,$0,$236,$-1245,$34796,$-20944,$0,$-2190,$0,$301,$301,$-291,$-23124,$9138,$20,$9158,$-12914,$-12914,$-9696,$251,$-13201,$-1529,$0,$-9696
20,2013-09-30,25.99,$16.31,1.59,$23.24,1.12,$7.71,3.37,$1.42,18.3,$18.44B,$36.18B,0.51,$68.35B,$86.13B,0.79,$128.17B,$71.39B,55.70%,$128.17B,$12.28B,9.58%,$128.17B,$12.28B,9.58%,$128.17B,$30.57B,23.85%,$128.17B,$10.07B,7.86%,$128.17B,$7.48B,5.84%,$7.48B,$86.13B,8.46%,$7.48B,$-46.08B,-18.00%,$7.48B,$274.60B,2.74%,$12.28B,$154.48B,7.79%,$32158,$13403,$18755,$0,$7952,$25970,$6188,$-688,$5500,$1595,$3905,$3905,$3814,$10803,$6188,$5315,5331,$0.72,$0.72,$1371,$0,$2916,$18435,$112424,$3949,$132214,$7577,$256164,$274599,$36183,$68350,$11234,$152286,$188469,$6495,$26648,$5282,$86130,$274599,$11558,$13715,$2654,$16369,$-440,$0,$0,$345,$-515,$26879,$-15565,$0,$-3179,$0,$301,$301,$-217,$-18660,$4285,$1851,$6136,$-11026,$-11026,$-7325,$499,$-11716,$-3497,$0,$-7325
21,2013-06-30,26.86,$16.18,1.66,$22.64,1.19,$8.19,3.28,$1.33,20.2,$21.43B,$31.19B,0.69,$71.92B,$86.32B,0.83,$127.47B,$71.49B,56.08%,$127.47B,$12.13B,9.52%,$127.47B,$12.13B,9.52%,$127.47B,$30.32B,23.78%,$127.47B,$10.02B,7.86%,$127.47B,$7.30B,5.73%,$7.30B,$86.32B,7.92%,$7.30B,$-43.15B,-19.81%,$7.30B,$272.09B,2.70%,$12.13B,$158.23B,7.61%,$32075,$13270,$18805,$0,$8121,$25962,$6113,$-319,$5794,$1914,$3880,$3880,$3822,$10684,$6113,$5381,5397,$0.71,$0.71,$4548,$0,$2381,$21428,$110734,$3888,$129468,$6575,$250665,$272093,$31189,$71917,$11278,$154589,$185778,$6495,$25212,$5107,$86315,$272093,$7653,$9100,$1062,$10162,$-290,$0,$0,$784,$154,$17711,$-9665,$0,$-357,$0,$301,$301,$-144,$-9865,$4593,$1243,$5836,$-9113,$-9113,$-4930,$41,$-8166,$-320,$0,$-4930
22,2013-03-31,27.51,$16.29,1.69,$22.07,1.25,$8.16,3.37,$1.28,21.49,$20.37B,$29.79B,0.68,$70.69B,$88.34B,0.8,$126.97B,$72.00B,56.71%,$126.97B,$12.84B,10.11%,$126.97B,$12.84B,10.11%,$126.97B,$30.95B,24.37%,$126.97B,$10.25B,8.07%,$126.97B,$7.38B,5.81%,$7.38B,$88.34B,7.65%,$7.38B,$-41.15B,-22.83%,$7.38B,$270.99B,2.74%,$12.84B,$159.02B,7.97%,$31356,$12554,$18802,$0,$8333,$25416,$5940,$-610,$5330,$1557,$3773,$3773,$3700,$10469,$5940,$5513,5530,$0.67,$0.67,$3875,$0,$2396,$20372,$109702,$4998,$129491,$6431,$250622,$270994,$29786,$70686,$11603,$152870,$182656,$6495,$23787,$5344,$88338,$270994,$3773,$4529,$499,$5028,$295,$0,$0,$864,$-516,$8199,$-4252,$0,$-1040,$0,$0,$0,$-65,$-5357,$3084,$1748,$4832,$-5855,$-5855,$-2502,$-310,$-3835,$-993,$0,$-2502
23,2012-12-31,24.95,$16.61,1.5,$21.76,1.15,$8.05,3.1,$1.21,20.62,$22.71B,$31.79B,0.71,$66.36B,$92.70B,0.72,$127.43B,$72.21B,56.66%,$127.43B,$13.00B,10.20%,$127.43B,$13.00B,10.20%,$127.43B,$31.14B,24.44%,$127.43B,$10.44B,8.19%,$127.43B,$7.26B,5.70%,$7.26B,$92.70B,7.21%,$7.26B,$-35.85B,-25.65%,$7.26B,$272.32B,2.70%,$13.00B,$159.05B,8.00%,$32578,$17555,$15023,$0,$16409,$38536,$-5958,$-593,$-6551,$-2772,$-3779,$-3779,$-3857,$-1386,$-5958,$5801,5821,$-0.65,$-0.64,$4868,$0,$3110,$22706,$109767,$4581,$128548,$6713,$249609,$272315,$31787,$66358,$11592,$147833,$179620,$6495,$22481,$5236,$92695,$272315,$7539,$18143,$12224,$30367,$-1365,$0,$0,$1017,$1450,$39176,$-19465,$0,$-16,$0,$65,$65,$-264,$-19680,$4753,$1,$4754,$-12275,$-12275,$-10241,$89,$-17673,$1823,$0,$-10241
24,2012-09-30,27.58,$17.75,1.55,$21.62,1.28,$7.12,3.87,$0.77,35.82,$18.96B,$30.80B,0.62,$60.31B,$101.27B,0.6,$127.36B,$73.01B,57.32%,$127.36B,$9.97B,7.82%,$127.36B,$9.97B,7.82%,$127.36B,$31.02B,24.36%,$127.36B,$7.30B,5.73%,$127.36B,$4.44B,3.49%,$4.44B,$101.27B,4.27%,$4.44B,$-27.23B,-17.45%,$4.44B,$266.85B,1.66%,$9.97B,$161.59B,6.06%,$31459,$12602,$18857,$0,$8308,$25422,$6037,$-595,$5442,$1741,$3701,$3701,$3635,$10549,$6037,$5771,5792,$0.63,$0.63,$2217,$0,$1694,$18958,$108217,$4563,$128504,$6607,$247891,$266849,$30798,$60314,$11529,$134777,$165575,$6495,$28907,$3106,$101274,$266849,$11318,$13571,$3766,$17337,$-571,$0,$0,$1581,$854,$28656,$-13619,$0,$256,$0,$311,$311,$-199,$-13251,$-1107,$0,$-1107,$-7914,$-7914,$-7738,$98,$-16661,$-1256,$0,$-7738
25,2012-06-30,25.77,$17.84,1.44,$21.48,1.2,$6.63,3.89,$0.75,34.36,$19.16B,$29.70B,0.65,$61.13B,$103.58B,0.59,$127.38B,$72.97B,57.29%,$127.38B,$10.16B,7.98%,$127.38B,$10.16B,7.98%,$127.38B,$31.32B,24.59%,$127.38B,$7.44B,5.84%,$127.38B,$4.43B,3.48%,$4.43B,$103.58B,4.14%,$4.43B,$-25.09B,-19.00%,$4.43B,$266.29B,1.64%,$10.16B,$164.71B,6.05%,$31575,$12254,$19321,$0,$8005,$24758,$6817,$-786,$6031,$2066,$3965,$3965,$3902,$11316,$6817,$5855,5876,$0.67,$0.66,$2151,$0,$1624,$19156,$107483,$4388,$128670,$6597,$247138,$266294,$29702,$61132,$11849,$133013,$162715,$6495,$27788,$2939,$103579,$266294,$7617,$9059,$-420,$8639,$-460,$0,$0,$1468,$1600,$17325,$-8742,$0,$323,$0,$124,$124,$-130,$-8425,$-100,$0,$-100,$-4247,$-4247,$-5187,$-534,$-10068,$-1168,$0,$-5187
26,2012-03-31,22.25,$17.91,1.24,$21.40,1.04,$6.40,3.48,$0.69,32.25,$20.77B,$32.52B,0.64,$58.93B,$105.19B,0.56,$127.30B,$72.39B,56.87%,$127.30B,$9.51B,7.47%,$127.30B,$9.51B,7.47%,$127.30B,$30.77B,24.17%,$127.30B,$6.96B,5.47%,$127.30B,$4.12B,3.24%,$4.12B,$105.19B,3.75%,$4.12B,$-25.11B,-18.92%,$4.12B,$269.36B,1.51%,$9.51B,$164.12B,5.59%,$31822,$12817,$19005,$0,$8344,$25721,$6101,$-584,$5517,$1865,$3652,$3652,$3584,$10661,$6101,$5918,5940,$0.60,$0.60,$2442,$0,$1987,$20765,$107231,$4302,$130299,$6759,$248591,$269356,$32520,$58934,$12466,$131649,$164169,$6495,$26446,$3386,$105187,$269356,$3652,$4560,$433,$4993,$73,$0,$0,$1120,$-462,$7845,$-4261,$0,$-417,$0,$5,$5,$-64,$-4737,$782,$0,$782,$-1848,$-1848,$-2606,$-130,$-3802,$-694,$0,$-2606
27,2011-12-31,21.23,$17.85,1.19,$21.30,1.0,$6.40,3.32,$0.66,32.17,$22.99B,$30.89B,0.74,$61.30B,$105.80B,0.58,$126.72B,$71.82B,56.67%,$126.72B,$9.22B,7.27%,$126.72B,$9.22B,7.27%,$126.72B,$30.51B,24.07%,$126.72B,$6.72B,5.30%,$126.72B,$3.94B,3.11%,$3.94B,$105.80B,3.53%,$3.94B,$-24.39B,-19.07%,$3.94B,$270.44B,1.45%,$9.22B,$167.10B,5.37%,$32503,$16679,$15824,$0,$17331,$41493,$-8990,$-700,$-9690,$-3062,$-6628,$-6628,$-6678,$-1507,$-8990,$5928,5950,$-1.12,$-1.12,$3045,$0,$4137,$22985,$107087,$3718,$130185,$6467,$247457,$270442,$30892,$61300,$12694,$133753,$164645,$6495,$25453,$3180,$105797,$270442,$4184,$21287,$9633,$30920,$-1164,$0,$0,$-1397,$-2902,$34743,$-20110,$0,$-1067,$0,$62,$62,$-135,$-21250,$362,$-1653,$-1291,$237,$237,$-10172,$-423,$-11649,$1844,$0,$-10172
28,2011-09-30,19.73,$19.22,1.03,$21.11,0.93,$6.59,2.99,$1.96,10.06,$28.61B,$34.03B,0.84,$62.33B,$113.88B,0.55,$125.58B,$75.54B,60.15%,$125.58B,$20.30B,16.16%,$125.58B,$20.30B,16.16%,$125.58B,$39.09B,31.13%,$125.58B,$17.95B,14.30%,$125.58B,$11.71B,9.33%,$11.71B,$113.88B,10.35%,$11.71B,$-18.68B,-58.18%,$11.71B,$277.65B,4.31%,$20.30B,$176.21B,11.75%,$31478,$12656,$18822,$0,$7969,$25243,$6235,$-650,$5585,$1899,$3686,$3686,$3623,$10853,$6235,$5936,5954,$0.61,$0.61,$10762,$0,$1858,$28605,$105786,$4483,$132565,$6214,$249048,$277653,$34031,$62326,$12778,$129740,$163771,$6495,$34758,$1677,$113882,$277653,$10812,$13804,$5151,$18955,$-573,$0,$0,$1342,$-1764,$27150,$-14625,$0,$-354,$0,$45,$45,$-91,$-15025,$6637,$-1620,$5017,$216,$216,$-7627,$-406,$-2800,$9325,$0,$-7627
29,2011-06-30,21.43,$19.26,1.11,$21.15,1.01,$6.53,3.28,$3.43,6.25,$22.24B,$33.54B,0.66,$58.66B,$114.11B,0.51,$125.68B,$74.69B,59.43%,$125.68B,$19.49B,15.51%,$125.68B,$19.49B,15.51%,$125.68B,$38.54B,30.67%,$125.68B,$17.41B,13.85%,$125.68B,$20.41B,16.24%,$20.41B,$114.11B,18.05%,$20.41B,$-18.94B,-98.35%,$20.41B,$272.01B,7.57%,$19.49B,$172.77B,11.29%,$31495,$12756,$18739,$0,$7972,$25330,$6165,$-614,$5551,$1893,$3658,$3658,$3591,$10767,$6165,$5932,5953,$0.60,$0.60,$3831,$0,$2057,$22239,$104606,$5207,$133044,$6918,$249775,$272014,$33537,$58663,$12290,$124368,$157905,$6495,$33687,$2720,$114109,$272014,$7126,$9186,$2880,$12066,$-521,$0,$0,$1007,$-1551,$16757,$-9405,$0,$-32,$0,$45,$45,$-58,$-9450,$1695,$-1603,$92,$199,$199,$-5082,$-122,$-4913,$2394,$0,$-5082
30,2011-03-31,20.59,$19.07,1.08,$21.05,0.98,$6.64,3.1,$3.51,5.87,$19.74B,$33.25B,0.59,$58.13B,$112.84B,0.52,$125.00B,$74.31B,59.45%,$125.00B,$19.41B,15.53%,$125.00B,$19.41B,15.53%,$125.00B,$38.68B,30.94%,$125.00B,$18.11B,14.49%,$125.00B,$20.82B,16.66%,$20.82B,$112.84B,18.86%,$20.82B,$-20.73B,-87.10%,$20.82B,$268.09B,7.75%,$19.41B,$170.97B,11.39%,$31247,$12813,$18434,$0,$8042,$25439,$5808,$-538,$5270,$1802,$3468,$3468,$3408,$10392,$5808,$5925,5945,$0.57,$0.57,$1391,$0,$2269,$19737,$103369,$4845,$133575,$6559,$248348,$268085,$33254,$58126,$12203,$121988,$155242,$6495,$32649,$2713,$112843,$268085,$3468,$4584,$749,$5333,$72,$0,$0,$708,$-529,$7732,$-4133,$0,$-43,$0,$127,$127,$-26,$-4075,$-1264,$-36,$-1300,$18,$18,$-2540,$119,$-3703,$-46,$0,$-2540
31,2010-12-31,19.48,$18.94,1.03,$20.93,0.93,$6.72,2.9,$3.36,5.8,$20.85B,$34.85B,0.6,$58.97B,$111.95B,0.53,$124.28B,$74.02B,59.56%,$124.28B,$19.57B,15.75%,$124.28B,$19.57B,15.75%,$124.28B,$39.04B,31.41%,$124.28B,$18.24B,14.67%,$124.28B,$19.86B,15.98%,$19.86B,$111.95B,18.43%,$19.86B,$-22.17B,-74.40%,$19.86B,$269.39B,7.41%,$19.57B,$170.92B,11.63%,$31361,$11817,$19544,$0,$12464,$29273,$2088,$-541,$1547,$388,$1159,$1159,$1089,$7080,$2088,$5913,5938,$0.18,$0.20,$1437,$0,$3179,$20854,$103196,$4515,$134121,$6705,$248537,$269391,$34854,$58971,$12743,$122587,$157441,$6495,$31792,$2712,$111950,$269391,$20179,$19464,$-1609,$17855,$-101,$0,$0,$-185,$-1516,$35222,$-19530,$0,$-1076,$0,$-100,$-100,$-743,$-21449,$-7059,$1592,$-5467,$50,$50,$-9916,$-516,$-15849,$-2076,$0,$-9916
32,2010-09-30,18.69,$19.17,0.97,$20.82,0.9,$7.09,2.63,$3.69,5.06,$21.98B,$32.67B,0.67,$62.54B,$113.29B,0.55,$123.51B,$72.09B,58.37%,$123.51B,$21.88B,17.71%,$123.51B,$21.88B,17.71%,$123.51B,$41.25B,33.40%,$123.51B,$20.58B,16.66%,$123.51B,$21.40B,17.32%,$21.40B,$113.29B,20.32%,$21.40B,$-21.16B,-73.12%,$21.40B,$269.25B,7.99%,$21.88B,$175.83B,13.08%,$31581,$13605,$17976,$0,$7672,$26150,$5431,$-388,$5043,$-6573,$11616,$11616,$12319,$10304,$5431,$5909,5938,$2.08,$2.07,$3246,$0,$2380,$21977,$101475,$4544,$134454,$6802,$247275,$269252,$32674,$62540,$13023,$123285,$155959,$6495,$50751,$-14888,$113293,$269252,$19018,$14472,$-5508,$8964,$266,$0,$0,$495,$-2100,$25350,$-13170,$0,$-794,$0,$-437,$-437,$-555,$-14956,$-3045,$-33,$-3078,$24,$24,$-7436,$-399,$-10889,$-495,$0,$-7436
33,2010-06-30,15.54,$17.51,0.89,$20.69,0.75,$7.48,2.08,$2.15,7.23,$21.39B,$36.18B,0.59,$60.28B,$103.48B,0.58,$122.67B,$71.94B,58.65%,$122.67B,$21.82B,17.79%,$122.67B,$21.82B,17.79%,$122.67B,$41.20B,33.59%,$122.67B,$20.27B,16.53%,$122.67B,$12.27B,10.00%,$12.27B,$103.48B,12.03%,$12.27B,$-31.54B,-38.04%,$12.27B,$267.56B,4.59%,$21.82B,$163.76B,13.25%,$30808,$12452,$18356,$0,$7454,$24725,$6083,$164,$6247,$2160,$4087,$4087,$4003,$10902,$6083,$5909,5937,$0.68,$0.67,$1377,$0,$3344,$21392,$100302,$4346,$135027,$6489,$246164,$267556,$36182,$60277,$14578,$127891,$164073,$6495,$40909,$-14852,$103483,$267556,$6622,$9599,$1750,$11349,$394,$0,$0,$389,$-2280,$15811,$-7856,$0,$-2540,$0,$-545,$-545,$-364,$-11305,$-4661,$3280,$-1381,$5,$5,$-4960,$-534,$-6870,$-2364,$0,$-4960
34,2010-03-31,16.33,$17.34,0.94,$20.67,0.79,$7.61,2.14,$2.01,8.12,$22.36B,$36.71B,0.61,$60.02B,$102.47B,0.59,$122.47B,$71.65B,58.50%,$122.47B,$21.23B,17.34%,$122.47B,$21.23B,17.34%,$122.47B,$40.64B,33.19%,$122.47B,$18.91B,15.44%,$122.47B,$11.47B,9.36%,$11.47B,$102.47B,11.37%,$11.47B,$-31.92B,-34.67%,$11.47B,$265.70B,4.29%,$21.23B,$162.49B,12.86%,$30530,$12383,$18147,$0,$7396,$24559,$5971,$-570,$5401,$2863,$2538,$2538,$2453,$10751,$5971,$5905,5935,$0.42,$0.41,$2617,$0,$2465,$22362,$99360,$3278,$134384,$6317,$243339,$265701,$36706,$60024,$13276,$126529,$163235,$6495,$39373,$-14265,$102466,$265701,$2540,$4780,$1721,$6501,$395,$0,$0,$92,$-1556,$7238,$-3148,$0,$-177,$0,$-20,$-20,$-177,$-3522,$-2512,$323,$-2189,$3,$3,$-2479,$-244,$-4909,$-1193,$0,$-2479
35,2009-12-31,17.45,$17.28,1.01,$20.71,0.84,$7.73,2.26,$2.12,8.23,$25.19B,$36.95B,0.68,$64.72B,$101.99B,0.64,$122.51B,$71.87B,58.67%,$122.51B,$21.00B,17.14%,$122.51B,$21.00B,17.14%,$122.51B,$40.52B,33.07%,$122.51B,$18.52B,15.12%,$122.51B,$12.14B,9.91%,$12.14B,$101.99B,12.18%,$12.14B,$-32.42B,-35.38%,$12.14B,$268.31B,4.55%,$21.00B,$166.71B,12.74%,$30594,$12980,$17614,$0,$8350,$26203,$4391,$-499,$3892,$1207,$2685,$2685,$2622,$9292,$4391,$5900,5924,$0.45,$0.44,$3741,$0,$3792,$25187,$99519,$2921,$134410,$6275,$243125,$268312,$36951,$64720,$13226,$129372,$166323,$6495,$21944,$2678,$101989,$268312,$12447,$19515,$3423,$22938,$-490,$0,$0,$-617,$-164,$34405,$-16554,$0,$-696,$0,$55,$55,$-688,$-17883,$-491,$-3910,$-4401,$28,$28,$-9670,$-465,$-14508,$2014,$0,$-9670
36,2009-09-30,16.55,$16.95,0.98,$20.66,0.8,$7.06,2.34,$2.02,8.19,$25.92B,$33.27B,0.78,$65.91B,$100.00B,0.66,$122.41B,$64.98B,53.08%,$122.41B,$-3.25B,-2.65%,$122.41B,$-3.25B,-2.65%,$122.41B,$16.20B,13.24%,$122.41B,$-6.34B,-5.18%,$122.41B,$-3.57B,-2.92%,$-3.57B,$100.00B,-3.63%,$-3.57B,$-33.14B,9.95%,$-3.57B,$266.57B,-1.34%,$-3.25B,$165.91B,-2.00%,$30734,$12907,$17827,$0,$7574,$25362,$5372,$-641,$4731,$1463,$3268,$3268,$3192,$10253,$5372,$5901,5922,$0.54,$0.54,$6167,$0,$2176,$25921,$98321,$2813,$133143,$6370,$240647,$266568,$33268,$65909,$13361,$133299,$166567,$6495,$38841,$-16161,$100001,$266568,$9752,$14614,$3285,$17899,$-270,$0,$0,$-269,$-2090,$25444,$-11034,$0,$21,$0,$11,$11,$-534,$-11536,$1992,$-3918,$-1926,$8,$8,$-7252,$-367,$-9537,$4371,$0,$-7252
37,2009-06-30,14.96,$16.78,0.89,$20.79,0.72,$6.05,2.47,$2.03,7.37,$26.94B,$36.22B,0.74,$66.57B,$99.01B,0.67,$123.02B,$65.47B,53.22%,$123.02B,$-3.00B,-2.44%,$123.02B,$-3.00B,-2.44%,$123.02B,$16.55B,13.45%,$123.02B,$-6.08B,-4.94%,$123.02B,$-3.53B,-2.87%,$-3.53B,$99.01B,-3.48%,$-3.53B,$-34.81B,10.57%,$-3.53B,$267.92B,-1.31%,$-3.00B,$165.58B,-1.83%,$30614,$12557,$18057,$0,$7682,$25114,$5500,$-615,$4885,$1612,$3273,$3273,$3198,$10347,$5500,$5900,5923,$0.54,$0.54,$7348,$0,$1996,$26940,$98229,$2749,$133820,$6180,$240978,$267918,$36219,$66565,$13783,$132687,$168906,$6495,$38069,$-16308,$99012,$267918,$6477,$9733,$1321,$11054,$169,$0,$0,$-58,$-1943,$15772,$-7017,$0,$144,$4,$0,$4,$-354,$-7223,$6125,$-3915,$2210,$4,$4,$-4834,$-381,$-3001,$5548,$0,$-4834
38,2009-03-31,14.94,$16.56,0.9,$20.83,0.72,$5.28,2.83,$2.12,7.05,$23.52B,$37.03B,0.64,$63.56B,$97.70B,0.65,$123.27B,$66.38B,53.85%,$123.27B,$-1.93B,-1.57%,$123.27B,$-1.93B,-1.57%,$123.27B,$17.72B,14.38%,$123.27B,$-5.01B,-4.07%,$123.27B,$-2.96B,-2.40%,$-2.96B,$97.70B,-2.83%,$-2.96B,$-36.86B,9.57%,$-2.96B,$264.36B,-1.08%,$-1.93B,$161.26B,-1.16%,$30571,$12195,$18376,$0,$7753,$24834,$5737,$-727,$5010,$1809,$3201,$3201,$3126,$10623,$5737,$5896,5896,$0.53,$0.53,$3812,$0,$2083,$23521,$98339,$2413,$134557,$5528,$240837,$264358,$37032,$63560,$14663,$129631,$166663,$6495,$37296,$-16855,$97695,$264358,$3201,$4886,$518,$5404,$573,$0,$0,$-51,$-1409,$7915,$-3173,$0,$181,$15,$0,$15,$-180,$-3157,$4189,$-3909,$280,$1,$1,$-2416,$-603,$-2738,$2020,$0,$-2416
39,2008-12-31,16.65,$16.42,1.01,$20.74,0.8,$4.60,3.62,$2.16,7.71,$22.56B,$42.29B,0.53,$60.87B,$96.75B,0.63,$123.44B,$66.76B,54.08%,$123.44B,$-1.69B,-1.37%,$123.44B,$-1.69B,-1.37%,$123.44B,$17.98B,14.57%,$123.44B,$-4.57B,-3.70%,$123.44B,$-2.63B,-2.13%,$-2.63B,$96.75B,-2.42%,$-2.63B,$-38.79B,9.94%,$-2.63B,$265.25B,-0.94%,$-1.69B,$157.62B,-1.00%,$30491,$19774,$10717,$0,$25738,$50346,$-19855,$-1114,$-20969,$-7956,$-13013,$-13013,$-13088,$-15021,$-19855,$5927,5958,$-2.21,$-2.19,$1792,$0,$2165,$22556,$99088,$2332,$135541,$5728,$242689,$265245,$42290,$60872,$14207,$126205,$168495,$6495,$36591,$-17057,$96750,$265245,$-2364,$19673,$22347,$42020,$-1475,$0,$0,$1854,$-4077,$33610,$-19631,$0,$-9357,$0,$504,$504,$-614,$-29098,$8407,$2017,$10424,$-5758,$-5758,$-9507,$151,$-4690,$-178,$0,$-9507
40,2008-09-30,16.05,$19.09,0.84,$20.54,0.78,$4.94,3.25,$2.26,7.1,$23.45B,$45.34B,0.52,$59.36B,$112.52B,0.53,$123.30B,$74.23B,60.20%,$123.30B,$23.66B,19.19%,$123.30B,$23.66B,19.19%,$123.30B,$43.72B,35.46%,$123.30B,$21.36B,17.33%,$123.30B,$13.60B,11.03%,$13.60B,$112.52B,12.03%,$13.60B,$-23.26B,-67.47%,$13.60B,$284.53B,4.84%,$23.66B,$171.87B,13.66%,$31342,$13022,$18320,$0,$7724,$25724,$5618,$-624,$4994,$1705,$3289,$3289,$3230,$10596,$5618,$5893,5893,$0.55,$0.55,$1594,$0,$2239,$23445,$97771,$2839,$135779,$6530,$261083,$284528,$45338,$59355,$14048,$126672,$172010,$6495,$36613,$-862,$112518,$284528,$10651,$14839,$5343,$20182,$-1597,$0,$0,$616,$-6939,$22773,$-14388,$0,$-8642,$0,$333,$333,$-422,$-23119,$7781,$5188,$12969,$-5760,$-5760,$-7150,$-89,$-30,$-376,$0,$-7150
41,2008-06-30,19.13,$18.99,1.01,$20.17,0.95,$5.52,3.47,$2.21,8.66,$23.23B,$45.11B,0.52,$63.68B,$111.94B,0.57,$122.09B,$74.31B,60.86%,$122.09B,$23.34B,19.12%,$122.09B,$23.34B,19.12%,$122.09B,$43.75B,35.83%,$122.09B,$20.93B,17.14%,$122.09B,$13.43B,11.00%,$13.43B,$111.94B,11.92%,$13.43B,$-24.77B,-76.67%,$13.43B,$284.51B,4.86%,$23.34B,$175.61B,13.60%,$30866,$11897,$18969,$0,$7444,$24299,$6567,$-613,$5954,$2111,$3843,$3843,$3772,$11525,$6567,$5926,5926,$0.64,$0.63,$1631,$0,$2545,$23225,$97368,$2838,$136711,$6468,$261283,$284508,$45111,$63675,$13817,$127460,$172571,$6495,$35719,$-504,$111937,$284508,$7362,$9861,$2230,$12091,$-776,$0,$0,$274,$-5619,$13505,$-9320,$0,$-9464,$0,$-73,$-73,$-216,$-19073,$9319,$6590,$15909,$-5767,$-5767,$-4802,$-111,$5229,$-339,$0,$-4802
42,2008-03-31,21.53,$18.90,1.14,$19.72,1.09,$6.04,3.56,$2.05,10.5,$23.95B,$42.13B,0.57,$60.19B,$112.26B,0.54,$120.70B,$73.16B,60.61%,$120.70B,$21.72B,17.99%,$120.70B,$21.72B,17.99%,$120.70B,$42.58B,35.28%,$120.70B,$19.38B,16.06%,$120.70B,$12.56B,10.41%,$12.56B,$112.26B,11.16%,$12.56B,$-18.84B,-85.42%,$12.56B,$278.20B,4.61%,$21.72B,$172.45B,12.84%,$30744,$11995,$18749,$0,$7866,$24764,$5980,$-531,$5449,$1930,$3519,$3519,$3461,$10883,$5980,$5997,6033,$0.58,$0.57,$1963,$0,$2742,$23946,$96238,$2578,$131095,$6697,$254253,$278199,$42129,$60189,$13910,$123812,$165941,$6495,$34311,$-556,$112258,$278199,$3519,$4903,$996,$5899,$-150,$0,$0,$159,$-4645,$4957,$-4178,$0,$-3615,$131,$0,$131,$-37,$-7699,$3359,$5786,$9145,$-3968,$-3968,$-2422,$-20,$2735,$-7,$0,$-2422
43,2007-12-31,23.12,$19.09,1.21,$19.25,1.2,$6.12,3.78,$1.93,11.98,$24.69B,$39.27B,0.63,$57.26B,$115.37B,0.5,$118.93B,$72.13B,60.65%,$118.93B,$20.40B,17.16%,$118.93B,$20.40B,17.16%,$118.93B,$41.98B,35.30%,$118.93B,$18.40B,15.47%,$118.93B,$11.95B,10.05%,$11.95B,$115.37B,10.57%,$11.95B,$-13.75B,-90.17%,$11.95B,$275.64B,4.43%,$20.40B,$172.62B,12.12%,$30349,$12155,$18194,$0,$7479,$24857,$5492,$-525,$4967,$1635,$3332,$3332,$3136,$10715,$5492,$6127,6170,$0.52,$0.52,$1970,$0,$2963,$24686,$95890,$2270,$129115,$6392,$250958,$275644,$39274,$57255,$14798,$121003,$160277,$6495,$33297,$-380,$115367,$275644,$12147,$21577,$291,$21868,$-1491,$0,$0,$-1020,$-1839,$34242,$-17717,$0,$-1279,$0,$455,$455,$-135,$-18676,$4595,$-3411,$1184,$-8404,$-8404,$-8743,$-51,$-16014,$-448,$0,$-8743
44,2007-09-30,23.34,$18.31,1.28,$18.40,1.27,$5.33,4.38,$1.92,12.16,$25.54B,$38.17B,0.67,$54.59B,$111.17B,0.49,$104.47B,$62.42B,59.75%,$104.47B,$17.49B,16.74%,$104.47B,$17.49B,16.74%,$104.47B,$36.36B,34.80%,$104.47B,$16.23B,15.53%,$104.47B,$10.75B,10.29%,$10.75B,$111.17B,9.51%,$10.75B,$-12.72B,-84.13%,$10.75B,$267.97B,4.00%,$17.49B,$165.76B,10.50%,$30132,$11736,$18396,$0,$7770,$24828,$5304,$-742,$4562,$1499,$3063,$3063,$3063,$10626,$5304,$6088,6088,$0.50,$0.50,$2714,$0,$2191,$25543,$94446,$2403,$123896,$6901,$242425,$267968,$38174,$54585,$12526,$118620,$156794,$6495,$32606,$-5050,$111174,$267968,$8815,$16354,$607,$16961,$-1253,$0,$0,$-661,$-1960,$24345,$-12124,$0,$760,$0,$584,$584,$-97,$-10877,$4890,$-4279,$611,$-7176,$-7176,$-6584,$-23,$-13172,$296,$0,$-6584
45,2007-06-30,22.7,$18.28,1.24,$17.49,1.3,$4.47,5.08,$1.98,11.46,$24.39B,$38.54B,0.63,$53.97B,$111.66B,0.48,$89.98B,$52.74B,58.61%,$89.98B,$15.10B,16.78%,$89.98B,$15.10B,16.78%,$89.98B,$31.08B,34.54%,$89.98B,$14.90B,16.56%,$89.98B,$9.86B,10.95%,$9.86B,$111.66B,9.94%,$9.86B,$-13.53B,-958.42%,$9.86B,$267.35B,4.15%,$15.10B,$165.63B,10.36%,$29478,$11658,$17820,$0,$7460,$24534,$4944,$-542,$4402,$1498,$2904,$2904,$2904,$10360,$4944,$6145,6195,$0.47,$0.47,$2570,$0,$2352,$24393,$94055,$2342,$125189,$6848,$242953,$267346,$38539,$53970,$13926,$117146,$155685,$6495,$31706,$-5066,$111661,$267346,$5752,$11032,$-732,$10300,$87,$0,$0,$-665,$-865,$15079,$-7460,$0,$299,$509,$0,$509,$-61,$-6713,$3859,$-1993,$1866,$-5652,$-5652,$-4414,$-14,$-8214,$152,$0,$-4414
46,2007-03-31,21.37,$18.43,1.16,$16.77,1.27,$4.04,5.29,$1.97,10.85,$24.69B,$34.75B,0.71,$55.47B,$114.01B,0.49,$76.27B,$43.53B,57.07%,$76.27B,$12.76B,16.73%,$76.27B,$12.76B,16.73%,$76.27B,$25.80B,33.83%,$76.27B,$13.19B,17.30%,$76.27B,$8.76B,11.48%,$8.76B,$114.01B,10.29%,$8.76B,$-13.02B,80.59%,$8.76B,$268.28B,4.24%,$12.76B,$169.47B,10.21%,$28969,$11252,$17717,$0,$7437,$24305,$4664,$-196,$4468,$1620,$2848,$2848,$2848,$10280,$4664,$6224,6266,$0.46,$0.45,$2364,$0,$2120,$24693,$93592,$2110,$127022,$6608,$243583,$268276,$34746,$55467,$14539,$119524,$154270,$6495,$30972,$-5186,$114006,$268276,$2848,$5616,$-171,$5445,$237,$0,$0,$-748,$-3743,$4648,$-3338,$0,$11,$518,$0,$518,$-28,$-2837,$5697,$-2989,$2708,$-2318,$-2318,$-2218,$-37,$-1865,$-54,$0,$-2218
47,2006-12-31,19.18,$18.52,1.04,$16.19,1.18,$3.99,4.8,$1.89,10.15,$25.55B,$40.48B,0.63,$50.06B,$115.54B,0.43,$63.06B,$34.20B,54.24%,$63.06B,$10.29B,16.32%,$63.06B,$10.29B,16.32%,$63.06B,$20.20B,32.03%,$63.06B,$10.88B,17.26%,$63.06B,$7.36B,11.67%,$7.36B,$115.54B,10.45%,$7.36B,$-11.86B,32.71%,$7.36B,$270.63B,4.18%,$10.29B,$165.60B,10.00%,$15891,$7404,$8487,$0,$3419,$13315,$2576,$218,$2794,$856,$1938,$1938,$1938,$5089,$2576,$3882,3902,$0.49,$0.50,$2418,$0,$2430,$25553,$94596,$1995,$127397,$6865,$245081,$270634,$40482,$50063,$8061,$114612,$155094,$6495,$30375,$-5314,$115540,$270634,$7356,$9907,$-1475,$8432,$519,$0,$0,$30,$-1664,$15688,$-8320,$0,$1124,$0,$-1104,$-1104,$-66,$-8366,$-2751,$3649,$898,$-2089,$-2089,$-5153,$216,$-6128,$1194,$0,$-5153
