,Date,Stock Price,Book Value per Share,Price to Book Ratio,TTM Sales per Share,Price to Sales Ratio,TTM FCF per Share,Price to FCF Ratio,TTM Net EPS,PE Ratio,Current Assets,Current Liabilities,Current Ratio,Long Term Debt,Shareholder's Equity_x,Debt to Equity Ratio,TTM Revenue_x,TTM Gross Profit,Gross Margin,TTM Revenue_y,TTM Operating Income,Operating Margin,TTM Revenue_x,TTM EBIT,EBIT Margin,TTM Revenue_y,TTM EBITDA,EBITDA Margin,TTM Revenue_x,TTM Pre-Tax Income,Pre-Tax Margin,TTM Revenue_y,TTM Net Income_x,Net Margin,TTM Net Income_y,Shareholder's Equity_y,Return on Equity,TTM Net Income_x,Tangible Equity,Return on Tangible Equity,TTM Net Income_y,Total Assets,Return on Assets,TTM Net Income,LT Investments & Debt,Return on Investment,revenue,cost-goods-sold,gross-profit,research-development-expenses,selling-general-administrative-expenses,operating-expenses,operating-income,total-non-operating-income-expense,pre-tax-income,total-provision-income-taxes,income-after-taxes,income-from-continuous-operations,net-income,ebitda,ebit,basic-shares-outstanding,shares-outstanding,eps-basic-net-earnings-per-share,eps-earnings-per-share-diluted,cash-on-hand,inventory,other-current-assets,total-current-assets,net-property-plant-equipment,long-term-investments,goodwill-intangible-assets-total,other-long-term-assets,total-long-term-assets,total-assets,total-current-liabilities,long-term-debt,other-non-current-liabilities,total-long-term-liabilities,total-liabilities,common-stock-net,retained-earnings-accumulated-deficit,comprehensive-income,total-share-holder-equity,total-liabilities-share-holders-equity,net-income-loss,total-depreciation-amortization-cash-flow,other-non-cash-items,total-non-cash-items,change-in-accounts-receivable,change-in-inventories,change-in-accounts-payable,change-in-assets-liabilities,total-change-in-assets-liabilities,cash-flow-from-operating-activities,net-change-in-property-plant-equipment,net-change-in-intangible-assets,net-acquisitions-divestitures,net-change-in-short-term-investments,net-change-in-long-term-investments,net-change-in-investments-total,investing-activities-other,cash-flow-from-investing-activities,net-long-term-debt,net-current-debt,debt-issuance-retirement-net-total,net-common-equity-issued-repurchased,net-total-equity-issued-repurchased,total-common-preferred-stock-dividends-paid,financial-activities-other,cash-flow-from-financial-activities,net-cash-flow,stock-based-compensation,common-stock-dividends-paid
0,2018-09-30,5.7,$11.47,0.5,$180.83,0.03,$3.09,1.84,$-3.39,0.0,$0.82B,$0.43B,1.89,$0.68B,$0.46B,1.49,$6.87B,$1.56B,22.70%,$6.87B,$-0.05B,-0.76%,$6.87B,$-0.05B,-0.76%,$6.87B,$0.07B,1.06%,$6.87B,$-0.08B,-1.21%,$6.87B,$-0.14B,-1.98%,$-0.14B,$0.46B,-25.83%,$-0.14B,$0.41B,-30.14%,$-0.14B,$1.59B,-8.38%,$-0.05B,$1.13B,-4.30%,$1659,$1289,$370,$0,$35,$1649,$10,$-7,$3,$2,$2,$2,$-71,$-36,$10,$38,38,$-1.77,$-1.77,$86,$198,$27,$815,$606,$0,$49,$122,$777,$1592,$431,$678,$27,$705,$1136,$695,$-241,$1,$456,$1592,$-114,$62,$100,$162,$-44,$-11,$108,$-0,$52,$123,$-63,$0,$0,$0,$-1,$-1,$-7,$-71,$-1,$0,$-1,$0,$0,$0,$-1,$-1,$49,$0,$0
1,2018-06-30,3.5,$13.24,0.26,$174.38,0.02,$2.83,1.24,$-0.04,0.0,$0.48B,$0.40B,1.22,$0.68B,$0.53B,1.3,$6.59B,$1.54B,23.43%,$6.59B,$-0.05B,-0.73%,$6.59B,$-0.05B,-0.73%,$6.59B,$0.13B,1.97%,$6.59B,$-0.08B,-1.20%,$6.59B,$-0.00B,-0.05%,$-0.00B,$0.53B,-0.54%,$-0.00B,$0.45B,-0.65%,$-0.00B,$1.64B,-0.18%,$-0.05B,$1.21B,-3.85%,$1841,$1437,$404,$0,$30,$1876,$-35,$-8,$-43,$-9,$-34,$-34,$-32,$46,$-35,$38,38,$-0.85,$-0.85,$78,$216,$26,$483,$981,$0,$75,$102,$1158,$1641,$397,$681,$36,$717,$1115,$695,$-170,$0,$526,$1641,$-44,$109,$-21,$88,$-37,$-6,$74,$1,$31,$82,$-40,$0,$0,$0,$0,$0,$0,$-40,$-1,$0,$-1,$0,$0,$0,$0,$-0,$42,$0,$0
2,2018-03-31,3.6,$13.96,0.26,$166.01,0.02,$2.33,1.54,$0.73,4.93,$0.44B,$0.36B,1.2,$0.69B,$0.56B,1.23,$6.25B,$1.53B,24.50%,$6.25B,$-0.01B,-0.18%,$6.25B,$-0.01B,-0.18%,$6.25B,$0.11B,1.83%,$6.25B,$-0.04B,-0.66%,$6.25B,$0.03B,0.42%,$0.03B,$0.56B,4.66%,$0.03B,$0.43B,5.77%,$0.03B,$1.64B,1.58%,$-0.01B,$1.24B,-0.88%,$1585,$1205,$380,$0,$38,$1591,$-6,$-9,$-15,$-5,$-10,$-10,$-10,$22,$-6,$38,38,$-0.25,$-0.25,$52,$208,$25,$438,$984,$0,$128,$93,$1205,$1643,$364,$685,$36,$721,$1085,$693,$-136,$0,$558,$1643,$-10,$28,$-8,$19,$-28,$2,$39,$3,$15,$28,$-12,$0,$0,$0,$0,$0,$0,$-12,$-0,$0,$-0,$0,$0,$0,$0,$0,$16,$0,$0
3,2017-12-31,4.1,$14.17,0.29,$161.48,0.03,$1.47,2.79,$0.24,17.08,$0.40B,$0.33B,1.22,$0.69B,$0.57B,1.22,$6.05B,$1.50B,24.72%,$6.05B,$-0.05B,-0.76%,$6.05B,$-0.05B,-0.76%,$6.05B,$0.08B,1.35%,$6.05B,$-0.08B,-1.24%,$6.05B,$0.01B,0.13%,$0.01B,$0.57B,1.45%,$0.01B,$0.52B,1.81%,$0.01B,$1.62B,0.49%,$-0.05B,$1.26B,-3.70%,$1782,$1377,$405,$0,$41,$1802,$-21,$-8,$-28,$-7,$-22,$-22,$-23,$41,$-21,$38,38,$-0.53,$-0.53,$36,$187,$27,$399,$613,$0,$50,$90,$1220,$1618,$327,$688,$27,$724,$1052,$691,$-126,$1,$566,$1618,$9,$128,$-100,$28,$-19,$-5,$8,$2,$-13,$36,$-36,$0,$-20,$0,$-6,$-6,$0,$-62,$-1,$0,$-1,$-1,$-1,$-0,$3,$1,$-25,$0,$-0
4,2017-09-30,4.25,$14.84,0.29,$152.08,0.03,$0.77,5.51,$0.59,7.2,$0.46B,$0.38B,1.21,$0.69B,$0.59B,1.18,$5.68B,$1.45B,25.59%,$5.68B,$-0.03B,-0.53%,$5.68B,$-0.03B,-0.53%,$5.68B,$0.06B,1.13%,$5.68B,$-0.06B,-1.02%,$5.68B,$0.03B,0.44%,$0.03B,$0.59B,4.57%,$0.03B,$0.46B,5.95%,$0.03B,$1.69B,1.52%,$-0.03B,$1.28B,-2.41%,$1378,$1024,$354,$0,$34,$1364,$14,$-7,$7,$-56,$63,$63,$62,$21,$14,$37,37,$1.58,$1.58,$75,$213,$27,$455,$1023,$0,$129,$84,$1236,$1691,$377,$692,$35,$727,$1104,$690,$-105,$0,$587,$1691,$30,$67,$-73,$-6,$-33,$-7,$44,$2,$5,$46,$3,$0,$-20,$0,$-5,$-5,$-13,$-35,$-1,$0,$-1,$0,$0,$0,$2,$2,$13,$0,$0
5,2017-06-30,4.1,$13.23,0.31,$154.91,0.03,$0.48,8.52,$-0.71,0.0,$0.42B,$0.34B,1.21,$0.70B,$0.52B,1.33,$5.76B,$1.49B,25.92%,$5.76B,$-0.02B,-0.36%,$5.76B,$-0.02B,-0.36%,$5.76B,$0.09B,1.54%,$5.76B,$-0.05B,-0.83%,$5.76B,$-0.03B,-0.47%,$-0.03B,$0.52B,-5.00%,$-0.03B,$0.40B,-6.52%,$-0.03B,$1.63B,-1.63%,$-0.02B,$1.22B,-1.69%,$1500,$1109,$391,$0,$38,$1498,$2,$-7,$-5,$-2,$-3,$-3,$-3,$30,$2,$37,37,$-0.08,$-0.08,$77,$197,$26,$415,$1023,$0,$125,$61,$1209,$1625,$343,$695,$63,$758,$1101,$689,$-167,$0,$523,$1625,$-32,$60,$-30,$30,$-8,$7,$13,$3,$15,$15,$8,$0,$-6,$0,$-3,$-3,$0,$-1,$-0,$0,$-0,$0,$0,$0,$2,$1,$15,$0,$0
6,2017-03-31,6.1,$13.29,0.46,$153.59,0.04,$0.79,7.73,$-0.54,0.0,$0.37B,$0.33B,1.12,$0.70B,$0.53B,1.33,$5.69B,$1.48B,26.01%,$5.69B,$-0.01B,-0.19%,$5.69B,$-0.01B,-0.19%,$5.69B,$0.09B,1.63%,$5.69B,$-0.04B,-0.65%,$5.69B,$-0.02B,-0.37%,$-0.02B,$0.53B,-3.85%,$-0.02B,$0.40B,-5.01%,$-0.02B,$1.62B,-1.25%,$-0.01B,$1.22B,-0.88%,$1392,$1046,$346,$0,$41,$1433,$-41,$-7,$-49,$-19,$-29,$-29,$-28,$-10,$-41,$37,37,$-0.74,$-0.74,$38,$198,$26,$373,$1062,$0,$126,$57,$1246,$1619,$333,$697,$63,$760,$1094,$688,$-164,$0,$525,$1619,$-29,$32,$-24,$7,$-5,$6,$4,$4,$10,$-11,$-6,$0,$-6,$0,$-2,$-2,$0,$-13,$-0,$0,$-0,$0,$0,$0,$1,$0,$-24,$0,$0
7,2016-12-31,7.1,$13.99,0.51,$147.58,0.05,$1.03,6.87,$-0.06,0.0,$0.40B,$0.33B,1.22,$0.70B,$0.55B,1.27,$5.45B,$1.48B,27.05%,$5.45B,$0.02B,0.39%,$5.45B,$0.02B,0.39%,$5.45B,$0.12B,2.11%,$5.45B,$-0.00B,-0.07%,$5.45B,$-0.00B,-0.04%,$-0.00B,$0.55B,-0.36%,$-0.00B,$0.43B,-0.47%,$-0.00B,$1.66B,-0.12%,$0.02B,$1.25B,1.68%,$1409,$1047,$362,$0,$37,$1413,$-5,$-6,$-11,$-4,$-7,$-7,$-6,$23,$-5,$37,37,$-0.16,$-0.16,$61,$204,$29,$402,$1082,$0,$126,$49,$1258,$1660,$330,$701,$76,$776,$1107,$686,$-135,$0,$553,$1660,$-2,$92,$-16,$77,$-15,$-20,$46,$22,$34,$111,$-137,$0,$-72,$0,$-11,$-11,$0,$-220,$-1,$0,$-1,$-1,$-1,$0,$1,$-1,$-111,$0,$0
8,2016-09-30,7.16,$14.39,0.5,$145.35,0.05,$7.76,0.92,$0.07,102.29,$0.49B,$0.38B,1.3,$0.70B,$0.56B,1.26,$5.35B,$1.46B,27.28%,$5.35B,$0.03B,0.54%,$5.35B,$0.03B,0.54%,$5.35B,$0.11B,2.13%,$5.35B,$0.00B,0.06%,$5.35B,$0.00B,0.04%,$0.00B,$0.56B,0.36%,$0.00B,$0.43B,0.46%,$0.00B,$1.72B,0.12%,$0.03B,$1.26B,2.32%,$1463,$1068,$395,$0,$35,$1440,$23,$-6,$17,$6,$11,$11,$10,$46,$23,$37,37,$0.28,$0.28,$137,$195,$39,$490,$1071,$0,$127,$31,$1229,$1719,$378,$704,$78,$782,$1160,$686,$-128,$0,$559,$1719,$5,$65,$-9,$55,$-26,$-7,$69,$9,$46,$109,$-71,$0,$-72,$0,$0,$0,$0,$-144,$-0,$0,$-0,$0,$0,$0,$0,$-0,$-35,$0,$0
9,2016-06-30,8.16,$14.08,0.58,$147.15,0.06,$15.49,0.53,$0.05,163.2,$0.50B,$0.37B,1.33,$0.71B,$0.55B,1.29,$5.40B,$1.42B,26.36%,$5.40B,$0.03B,0.50%,$5.40B,$0.03B,0.50%,$5.40B,$0.11B,1.98%,$5.40B,$0.00B,0.04%,$5.40B,$0.00B,0.04%,$0.00B,$0.55B,0.37%,$0.00B,$0.42B,0.45%,$0.00B,$1.70B,0.12%,$0.03B,$1.25B,2.20%,$1430,$1052,$378,$0,$36,$1418,$12,$-7,$6,$2,$4,$4,$3,$34,$12,$37,37,$0.09,$0.09,$134,$192,$45,$497,$1043,$0,$128,$33,$1203,$1700,$374,$707,$72,$779,$1153,$685,$-139,$0,$547,$1700,$-6,$42,$-9,$32,$-33,$-5,$61,$7,$29,$56,$-22,$0,$-72,$0,$0,$0,$0,$-94,$-0,$0,$-0,$0,$0,$0,$0,$-0,$-38,$0,$0
10,2016-03-31,6.77,$13.94,0.49,$151.87,0.04,$21.84,0.31,$0.06,112.83,$0.47B,$0.33B,1.41,$0.70B,$0.54B,1.29,$5.55B,$1.39B,25.06%,$5.55B,$0.04B,0.67%,$5.55B,$0.04B,0.67%,$5.55B,$0.11B,2.04%,$5.55B,$0.00B,0.04%,$5.55B,$0.00B,0.05%,$0.00B,$0.54B,0.55%,$0.00B,$0.43B,0.66%,$0.00B,$1.64B,0.19%,$0.04B,$1.24B,3.08%,$1150,$810,$340,$0,$31,$1159,$-9,$-7,$-16,$-6,$-10,$-10,$-9,$12,$-9,$37,37,$-0.26,$-0.26,$130,$185,$42,$466,$1030,$0,$111,$32,$1172,$1638,$331,$699,$68,$766,$1097,$683,$-143,$0,$541,$1638,$-10,$21,$-7,$13,$-17,$2,$17,$6,$8,$11,$-19,$0,$-35,$0,$0,$0,$0,$-54,$-0,$0,$-0,$0,$0,$0,$-0,$-0,$-42,$0,$0
11,2015-12-31,9.4,$14.15,0.66,$159.37,0.06,$23.02,0.41,$0.73,12.88,$0.50B,$0.30B,1.68,$0.70B,$0.55B,1.28,$5.81B,$1.39B,23.91%,$5.81B,$0.08B,1.34%,$5.81B,$0.08B,1.34%,$5.81B,$0.15B,2.60%,$5.81B,$0.04B,0.76%,$5.81B,$0.03B,0.46%,$0.03B,$0.55B,4.96%,$0.03B,$0.44B,5.76%,$0.03B,$1.62B,1.71%,$0.08B,$1.25B,6.69%,$1309,$962,$347,$0,$34,$1306,$3,$-7,$-4,$-3,$-2,$-2,$-2,$22,$3,$36,36,$-0.05,$-0.05,$172,$183,$48,$495,$990,$0,$106,$31,$1126,$1622,$296,$702,$75,$777,$1072,$682,$-133,$-0,$549,$1622,$28,$72,$13,$85,$5,$6,$8,$-3,$17,$137,$83,$0,$-320,$0,$0,$0,$0,$-237,$54,$0,$54,$-2,$-2,$0,$-3,$48,$-52,$0,$0
12,2015-09-30,10.33,$14.35,0.72,$171.63,0.06,$18.57,0.56,$1.68,6.15,$0.60B,$0.36B,1.66,$0.62B,$0.55B,1.13,$6.23B,$1.40B,22.52%,$6.23B,$0.13B,2.12%,$6.23B,$0.13B,2.12%,$6.23B,$0.20B,3.26%,$6.23B,$0.10B,1.64%,$6.23B,$0.07B,1.04%,$0.07B,$0.55B,12.12%,$0.07B,$0.47B,13.71%,$0.07B,$1.63B,4.26%,$0.13B,$1.17B,11.75%,$1509,$1151,$358,$0,$30,$1488,$21,$-5,$16,$6,$10,$10,$10,$39,$21,$36,36,$0.26,$0.26,$229,$185,$70,$599,$905,$0,$81,$44,$1029,$1628,$362,$620,$96,$716,$1077,$682,$-131,$-0,$551,$1628,$29,$53,$-1,$52,$-19,$2,$75,$-1,$57,$141,$178,$0,$-269,$0,$0,$0,$0,$-91,$-46,$0,$-46,$0,$0,$0,$1,$-45,$4,$0,$0
13,2015-06-30,14.85,$14.08,1.05,$186.33,0.08,$11.74,1.27,$1.76,8.44,$0.74B,$0.35B,2.13,$0.60B,$0.54B,1.12,$6.73B,$1.38B,20.46%,$6.73B,$0.14B,2.02%,$6.73B,$0.14B,2.02%,$6.73B,$0.21B,3.06%,$6.73B,$0.11B,1.61%,$6.73B,$0.07B,1.00%,$0.07B,$0.54B,12.90%,$0.07B,$0.48B,14.46%,$0.07B,$1.58B,4.62%,$0.14B,$1.15B,12.79%,$1583,$1237,$346,$0,$30,$1561,$22,$-16,$6,$3,$4,$4,$4,$40,$22,$36,36,$0.10,$0.10,$371,$180,$66,$744,$733,$0,$57,$43,$834,$1577,$349,$604,$84,$688,$1037,$682,$-141,$0,$541,$1577,$20,$36,$-1,$35,$-30,$-3,$75,$3,$45,$100,$165,$0,$-73,$0,$0,$0,$0,$92,$-46,$0,$-46,$0,$0,$0,$1,$-46,$147,$0,$0
14,2015-03-31,17.44,$13.96,1.25,$200.88,0.09,$5.16,3.38,$2.02,8.63,$0.58B,$0.31B,1.88,$0.56B,$0.54B,1.05,$7.22B,$1.36B,18.77%,$7.22B,$0.14B,1.95%,$7.22B,$0.14B,1.95%,$7.22B,$0.21B,2.90%,$7.22B,$0.13B,1.73%,$7.22B,$0.08B,1.05%,$0.08B,$0.54B,15.15%,$0.08B,$0.48B,16.96%,$0.08B,$1.49B,5.46%,$0.14B,$1.10B,14.01%,$1408,$1069,$338,$0,$28,$1376,$32,$-6,$26,$10,$16,$16,$15,$50,$32,$36,36,$0.41,$0.41,$218,$172,$67,$577,$815,$0,$57,$43,$915,$1492,$307,$560,$89,$649,$956,$681,$-145,$0,$535,$1492,$16,$18,$-2,$15,$-24,$4,$43,$3,$25,$57,$-21,$0,$-42,$0,$0,$0,$0,$-63,$-1,$0,$-1,$0,$0,$0,$0,$-0,$-6,$0,$0
15,2014-12-31,12.62,$13.53,0.93,$217.19,0.06,$4.18,3.02,$1.62,7.79,$0.54B,$0.27B,2.02,$0.56B,$0.52B,1.09,$7.78B,$1.32B,16.96%,$7.78B,$0.11B,1.47%,$7.78B,$0.11B,1.47%,$7.78B,$0.18B,2.31%,$7.78B,$0.10B,1.27%,$7.78B,$0.06B,0.78%,$0.06B,$0.52B,12.66%,$0.06B,$0.46B,14.19%,$0.06B,$1.40B,4.54%,$0.11B,$1.08B,11.89%,$1726,$1366,$360,$0,$28,$1669,$57,$-3,$54,$19,$35,$34,$36,$74,$57,$36,36,$0.91,$0.91,$224,$173,$47,$540,$766,$0,$55,$42,$863,$1403,$267,$563,$54,$617,$884,$679,$-160,$0,$519,$1403,$61,$66,$5,$70,$9,$28,$-12,$2,$27,$161,$-105,$0,$-29,$0,$-1,$-1,$0,$-134,$120,$0,$120,$-1,$-1,$0,$-7,$112,$139,$0,$0
16,2014-09-30,9.88,$12.83,0.77,$236.95,0.04,$2.09,4.72,$1.10,8.98,$0.52B,$0.35B,1.48,$0.45B,$0.48B,0.92,$7.96B,$1.24B,15.58%,$7.96B,$0.05B,0.58%,$7.96B,$0.05B,0.58%,$7.96B,$0.11B,1.41%,$7.96B,$0.03B,0.39%,$7.96B,$0.04B,0.45%,$0.04B,$0.48B,7.73%,$0.04B,$0.43B,8.67%,$0.04B,$1.34B,2.76%,$0.05B,$0.93B,5.03%,$2009,$1677,$332,$0,$27,$1984,$25,$-3,$22,$9,$13,$13,$12,$42,$25,$36,36,$0.34,$0.34,$127,$181,$71,$516,$729,$0,$55,$35,$819,$1335,$349,$446,$56,$502,$851,$677,$-195,$1,$483,$1335,$27,$49,$1,$50,$-32,$19,$55,$2,$45,$123,$-54,$0,$-26,$0,$-1,$-1,$0,$-81,$-2,$0,$-2,$0,$0,$0,$1,$-1,$41,$0,$0
17,2014-06-30,8.88,$12.47,0.71,$255.22,0.03,$0.67,13.24,$1.29,6.88,$0.53B,$0.37B,1.46,$0.45B,$0.47B,0.95,$8.01B,$1.22B,15.16%,$8.01B,$0.04B,0.52%,$8.01B,$0.04B,0.52%,$8.01B,$0.11B,1.32%,$8.01B,$0.03B,0.31%,$8.01B,$0.04B,0.49%,$0.04B,$0.47B,8.89%,$0.04B,$0.42B,9.85%,$0.04B,$1.33B,3.06%,$0.04B,$0.92B,4.72%,$2076,$1751,$325,$0,$25,$2049,$27,$-4,$23,$10,$13,$14,$13,$43,$27,$36,36,$0.36,$0.36,$105,$187,$73,$533,$718,$0,$48,$34,$800,$1333,$365,$448,$50,$498,$863,$676,$-208,$1,$470,$1333,$14,$32,$-1,$31,$-62,$12,$65,$2,$17,$64,$-39,$0,$-3,$0,$-1,$-1,$0,$-43,$-1,$0,$-1,$0,$0,$0,$0,$-1,$20,$0,$0
18,2014-03-31,8.15,$12.08,0.67,$270.05,0.03,$0.78,10.49,$1.47,5.54,$0.51B,$0.35B,1.47,$0.45B,$0.46B,0.99,$7.96B,$1.19B,14.97%,$7.96B,$0.04B,0.44%,$7.96B,$0.04B,0.44%,$7.96B,$0.10B,1.22%,$7.96B,$0.02B,0.23%,$7.96B,$0.04B,0.52%,$0.04B,$0.46B,9.98%,$0.04B,$0.41B,10.96%,$0.04B,$1.30B,3.28%,$0.04B,$0.91B,4.05%,$1967,$1666,$302,$0,$27,$1962,$5,$-5,$0,$0,$-0,$0,$0,$21,$5,$36,36,$0.01,$0.01,$82,$192,$80,$511,$707,$0,$48,$33,$788,$1300,$347,$451,$47,$498,$845,$675,$-221,$1,$455,$1300,$0,$16,$-2,$14,$-52,$7,$41,$0,$-4,$11,$-11,$0,$-3,$0,$0,$0,$0,$-14,$-1,$0,$-1,$0,$0,$0,$0,$-0,$-3,$0,$0
19,2013-12-31,9.74,$12.06,0.81,$285.74,0.03,$0.15,65.77,$1.05,9.28,$0.47B,$0.30B,1.55,$0.45B,$0.45B,1.0,$7.95B,$1.15B,14.51%,$7.95B,$0.02B,0.28%,$7.95B,$0.02B,0.28%,$7.95B,$0.08B,1.02%,$7.95B,$0.01B,0.08%,$7.95B,$0.03B,0.38%,$0.03B,$0.45B,7.84%,$0.03B,$0.41B,8.51%,$0.03B,$1.26B,2.46%,$0.02B,$0.91B,2.63%,$1907,$1626,$281,$0,$36,$1918,$-11,$-3,$-14,$-28,$14,$12,$11,$6,$-11,$28,28,$0.40,$0.40,$86,$199,$80,$470,$705,$0,$49,$33,$787,$1257,$304,$454,$46,$500,$803,$674,$-221,$1,$454,$1257,$32,$59,$-38,$21,$2,$-2,$10,$8,$18,$72,$-86,$0,$-110,$0,$0,$0,$0,$-196,$108,$0,$108,$65,$65,$0,$2,$175,$50,$0,$0
20,2013-09-30,7.85,$12.68,0.62,$288.64,0.03,$-0.71,0.0,$0.58,13.53,$0.53B,$0.35B,1.51,$0.45B,$0.38B,1.21,$7.96B,$1.13B,14.22%,$7.96B,$0.03B,0.41%,$7.96B,$0.03B,0.41%,$7.96B,$0.09B,1.12%,$7.96B,$0.02B,0.23%,$7.96B,$0.02B,0.21%,$0.02B,$0.38B,4.76%,$0.02B,$0.35B,5.08%,$0.02B,$1.21B,1.46%,$0.03B,$0.83B,4.20%,$2062,$1755,$307,$0,$24,$2041,$21,$-5,$16,$1,$15,$16,$15,$36,$21,$28,28,$0.53,$0.53,$127,$193,$53,$527,$623,$0,$24,$35,$682,$1209,$348,$452,$33,$486,$834,$607,$-233,$1,$375,$1209,$20,$42,$-6,$36,$-48,$-1,$60,$10,$20,$78,$-64,$0,$-28,$0,$0,$0,$0,$-92,$108,$0,$108,$0,$0,$0,$-3,$106,$92,$0,$0
21,2013-06-30,10.94,$12.13,0.9,$289.19,0.04,$-2.02,0.0,$0.71,15.41,$0.56B,$0.38B,1.47,$0.46B,$0.36B,1.27,$7.94B,$1.11B,14.03%,$7.94B,$0.03B,0.42%,$7.94B,$0.03B,0.42%,$7.94B,$0.09B,1.10%,$7.94B,$0.02B,0.26%,$7.94B,$0.02B,0.25%,$0.02B,$0.36B,5.68%,$0.02B,$0.33B,6.05%,$0.02B,$1.23B,1.75%,$0.03B,$0.81B,4.36%,$2019,$1718,$301,$0,$24,$1999,$20,$-4,$16,$0,$15,$16,$15,$34,$20,$28,28,$0.54,$0.54,$135,$192,$56,$563,$609,$0,$25,$33,$667,$1230,$384,$455,$33,$487,$871,$607,$-249,$1,$359,$1230,$4,$27,$-4,$23,$-73,$-0,$101,$6,$34,$63,$-41,$0,$-28,$0,$0,$0,$0,$-69,$109,$0,$109,$0,$0,$0,$-3,$106,$100,$0,$0
22,2013-03-31,9.59,$11.58,0.83,$291.56,0.03,$-2.37,0.0,$1.21,7.93,$0.55B,$0.36B,1.56,$0.46B,$0.34B,1.34,$7.96B,$1.11B,13.90%,$7.96B,$0.05B,0.57%,$7.96B,$0.05B,0.57%,$7.96B,$0.10B,1.23%,$7.96B,$0.04B,0.44%,$7.96B,$0.03B,0.41%,$0.03B,$0.34B,9.53%,$0.03B,$0.32B,10.13%,$0.03B,$1.19B,2.98%,$0.05B,$0.80B,6.19%,$1957,$1694,$264,$0,$23,$1966,$-8,$-4,$-12,$0,$-13,$-12,$-11,$5,$-8,$28,28,$-0.41,$-0.41,$136,$189,$61,$554,$576,$0,$22,$33,$631,$1185,$355,$458,$30,$489,$843,$606,$-265,$1,$342,$1185,$-12,$13,$-2,$12,$-62,$3,$73,$1,$15,$15,$-33,$0,$-9,$0,$0,$0,$22,$-19,$109,$0,$109,$0,$0,$0,$-5,$105,$101,$1,$0
23,2012-12-31,4.7,$11.97,0.39,$294.44,0.02,$-2.86,0.0,$1.13,4.16,$0.41B,$0.28B,1.43,$0.35B,$0.35B,0.99,$8.00B,$1.09B,13.57%,$8.00B,$0.04B,0.53%,$8.00B,$0.04B,0.53%,$8.00B,$0.09B,1.18%,$8.00B,$0.03B,0.41%,$8.00B,$0.03B,0.39%,$0.03B,$0.35B,9.20%,$0.03B,$0.33B,9.79%,$0.03B,$1.03B,2.90%,$0.04B,$0.71B,6.05%,$1925,$1665,$260,$0,$22,$1925,$-0,$-2,$-2,$0,$-2,$-2,$-2,$14,$-0,$27,27,$-0.09,$-0.09,$35,$191,$72,$405,$577,$0,$20,$28,$625,$1030,$283,$351,$42,$393,$676,$605,$-253,$1,$353,$1030,$32,$52,$-4,$47,$24,$-17,$-13,$7,$1,$83,$-120,$0,$-52,$0,$0,$0,$0,$-172,$-2,$0,$-2,$0,$0,$0,$8,$6,$-83,$0,$0
24,2012-09-30,5.36,$12.32,0.43,$308.47,0.02,$-5.66,0.0,$1.12,4.79,$0.53B,$0.37B,1.41,$0.35B,$0.36B,1.0,$8.00B,$1.08B,13.47%,$8.00B,$0.04B,0.53%,$8.00B,$0.04B,0.53%,$8.00B,$0.09B,1.16%,$8.00B,$0.03B,0.41%,$8.00B,$0.03B,0.40%,$0.03B,$0.36B,9.74%,$0.03B,$0.34B,10.40%,$0.03B,$1.13B,3.00%,$0.04B,$0.71B,6.08%,$2034,$1746,$288,$0,$26,$2013,$21,$-2,$19,$0,$19,$19,$18,$34,$21,$27,27,$0.66,$0.66,$102,$187,$62,$527,$556,$0,$20,$27,$603,$1130,$374,$354,$47,$401,$775,$604,$-251,$1,$355,$1130,$35,$37,$-2,$35,$-46,$-15,$74,$6,$19,$89,$-111,$0,$-41,$0,$0,$0,$48,$-104,$-2,$0,$-2,$0,$0,$0,$-0,$-2,$-17,$2,$0
25,2012-06-30,5.07,$11.64,0.44,$311.86,0.02,$-7.12,0.0,$1.20,4.23,$0.51B,$0.35B,1.49,$0.36B,$0.34B,1.07,$8.05B,$1.07B,13.29%,$8.05B,$0.04B,0.55%,$8.05B,$0.04B,0.55%,$8.05B,$0.09B,1.16%,$8.05B,$0.04B,0.43%,$8.05B,$0.03B,0.42%,$0.03B,$0.34B,10.54%,$0.03B,$0.32B,11.30%,$0.03B,$1.09B,3.27%,$0.04B,$0.69B,6.40%,$2042,$1747,$294,$0,$24,$2009,$32,$-2,$30,$0,$30,$30,$28,$45,$32,$27,27,$1.04,$1.04,$129,$165,$63,$512,$524,$0,$20,$29,$573,$1086,$345,$358,$47,$405,$750,$604,$-270,$1,$335,$1086,$16,$24,$-2,$22,$-24,$4,$58,$4,$42,$80,$-68,$0,$-18,$0,$0,$0,$18,$-68,$-1,$0,$-1,$0,$0,$0,$-0,$-1,$11,$1,$0
26,2012-03-31,6.34,$10.60,0.6,$338.95,0.02,$-9.78,0.0,$1.15,5.51,$0.49B,$0.32B,1.54,$0.36B,$0.31B,1.19,$8.10B,$1.05B,12.98%,$8.10B,$0.04B,0.44%,$8.10B,$0.04B,0.44%,$8.10B,$0.08B,1.02%,$8.10B,$0.03B,0.33%,$8.10B,$0.03B,0.32%,$0.03B,$0.31B,8.21%,$0.03B,$0.28B,8.85%,$0.03B,$1.03B,2.54%,$0.04B,$0.67B,5.27%,$1995,$1752,$243,$0,$23,$2006,$-11,$-3,$-14,$0,$-14,$-14,$-13,$1,$-11,$27,27,$-0.49,$-0.49,$95,$165,$65,$493,$489,$0,$21,$30,$540,$1033,$320,$361,$46,$408,$728,$603,$-299,$1,$305,$1033,$-14,$12,$-2,$10,$-36,$4,$40,$1,$8,$4,$-35,$0,$-6,$0,$0,$0,$13,$-27,$-1,$0,$-1,$0,$0,$0,$-0,$-1,$-23,$1,$0
27,2011-12-31,4.25,$11.07,0.38,$364.32,0.01,$-12.64,0.0,$0.71,5.99,$0.48B,$0.29B,1.67,$0.37B,$0.32B,1.17,$7.89B,$1.04B,13.16%,$7.89B,$0.03B,0.42%,$7.89B,$0.03B,0.42%,$7.89B,$0.08B,1.00%,$7.89B,$0.03B,0.32%,$7.89B,$0.02B,0.28%,$0.02B,$0.32B,7.36%,$0.02B,$0.30B,7.99%,$0.02B,$1.02B,2.21%,$0.03B,$0.69B,4.95%,$1925,$1673,$252,$0,$23,$1925,$-0,$-2,$-2,$1,$-2,$-2,$-1,$13,$-0,$23,23,$0.16,$0.16,$118,$168,$67,$484,$480,$0,$22,$30,$532,$1017,$290,$373,$35,$408,$698,$603,$-285,$1,$319,$1017,$24,$48,$-3,$45,$-48,$-27,$44,$-7,$-39,$30,$-125,$0,$-31,$0,$0,$0,$69,$-87,$-2,$0,$-2,$53,$53,$0,$-2,$50,$-7,$2,$0
28,2011-09-30,3.53,$11.81,0.3,$368.51,0.01,$-10.24,0.0,$-0.91,0.0,$0.50B,$0.29B,1.72,$0.36B,$0.33B,1.1,$7.53B,$1.01B,13.44%,$7.53B,$0.01B,0.13%,$7.53B,$0.01B,0.13%,$7.53B,$0.06B,0.73%,$7.53B,$-0.00B,-0.05%,$7.53B,$-0.01B,-0.09%,$-0.01B,$0.33B,-2.51%,$-0.01B,$0.31B,-2.75%,$-0.01B,$1.03B,-0.73%,$0.01B,$0.70B,1.55%,$2087,$1806,$281,$0,$22,$2065,$23,$-2,$21,$0,$21,$21,$20,$34,$23,$27,27,$0.74,$0.74,$131,$157,$64,$504,$469,$0,$23,$29,$522,$1026,$293,$363,$38,$401,$695,$602,$-271,$1,$331,$1026,$26,$35,$-3,$32,$-72,$-15,$51,$-9,$-45,$13,$-74,$0,$-31,$0,$0,$0,$46,$-59,$-2,$0,$-2,$53,$53,$0,$-0,$52,$5,$2,$0
29,2011-06-30,5.45,$11.08,0.49,$377.56,0.01,$-7.07,0.0,$-1.39,0.0,$0.52B,$0.31B,1.66,$0.37B,$0.31B,1.18,$6.95B,$0.99B,14.24%,$6.95B,$-0.00B,-0.04%,$6.95B,$-0.00B,-0.04%,$6.95B,$0.04B,0.60%,$6.95B,$-0.02B,-0.29%,$6.95B,$-0.02B,-0.33%,$-0.02B,$0.31B,-8.63%,$-0.02B,$0.29B,-9.54%,$-0.02B,$1.02B,-2.45%,$-0.00B,$0.68B,-0.53%,$2095,$1819,$276,$0,$22,$2071,$24,$-2,$22,$0,$22,$22,$20,$35,$24,$20,20,$1.00,$1.00,$137,$149,$64,$515,$454,$0,$24,$29,$507,$1022,$310,$365,$35,$401,$711,$601,$-292,$1,$311,$1022,$5,$23,$-1,$21,$-83,$-7,$67,$-10,$-33,$-7,$-38,$0,$-31,$0,$0,$0,$36,$-34,$-1,$0,$-1,$53,$53,$0,$0,$52,$11,$1,$0
30,2011-03-31,7.57,$13.06,0.58,$362.25,0.02,$-3.99,0.0,$-2.31,0.0,$0.41B,$0.28B,1.49,$0.37B,$0.24B,1.56,$6.36B,$0.97B,15.20%,$6.36B,$-0.02B,-0.31%,$6.36B,$-0.02B,-0.31%,$6.36B,$0.02B,0.38%,$6.36B,$-0.04B,-0.64%,$6.36B,$-0.04B,-0.66%,$-0.04B,$0.24B,-16.31%,$-0.04B,$0.21B,-18.14%,$-0.04B,$0.91B,-4.61%,$-0.02B,$0.60B,-4.07%,$1782,$1553,$229,$0,$21,$1796,$-14,$-2,$-16,$0,$-17,$-17,$-17,$-3,$-14,$18,18,$-0.92,$-0.92,$53,$152,$63,$412,$449,$0,$25,$28,$501,$913,$276,$367,$35,$402,$678,$548,$-314,$1,$235,$913,$-17,$12,$-1,$11,$-62,$-12,$39,$-8,$-44,$-49,$-22,$0,$0,$0,$0,$0,$0,$-22,$-1,$0,$-1,$0,$0,$0,$0,$-1,$-72,$1,$0
31,2010-12-31,3.77,$13.29,0.28,$343.45,0.01,$0.00,0.0,$-3.77,0.0,$0.41B,$0.24B,1.7,$0.37B,$0.24B,1.56,$5.96B,$0.94B,15.82%,$5.96B,$-0.04B,-0.70%,$5.96B,$-0.04B,-0.70%,$5.96B,$0.00B,0.03%,$5.96B,$-0.07B,-1.11%,$5.96B,$-0.07B,-1.11%,$-0.07B,$0.24B,-24.70%,$-0.07B,$0.21B,-27.44%,$-0.07B,$0.89B,-7.30%,$-0.04B,$0.61B,-9.65%,$1561,$1337,$225,$0,$235,$1584,$-23,$-8,$-31,$0,$-31,$-30,$-30,$-11,$-23,$18,18,$-1.71,$-1.71,$125,$140,$60,$407,$430,$0,$26,$28,$484,$891,$239,$373,$40,$413,$652,$547,$-309,$1,$240,$891,$-66,$44,$69,$44,$-10,$-11,$11,$-8,$-20,$28,$-59,$0,$0,$0,$-0,$1,$0,$-59,$-2,$0,$0,$0,$0,$0,$0,$0,$-30,$2,$0
32,2010-09-30,3.45,$0.00,0.0,$333.07,0.01,$2.68,1.29,$-4.71,0.0,$0.45B,$0.39B,1.15,$0.10B,$0.28B,0.35,$5.72B,$0.92B,16.07%,$5.72B,$-0.06B,-1.05%,$5.72B,$-0.06B,-1.05%,$5.72B,$-0.01B,-0.21%,$5.72B,$-0.08B,-1.38%,$5.72B,$-0.08B,-1.42%,$-0.08B,$0.28B,-28.32%,$-0.08B,$0.25B,-31.33%,$-0.08B,$0.93B,-8.97%,$-0.06B,$0.38B,-15.53%,$1513,$1253,$260,$0,$20,$1503,$10,$-5,$5,$0,$4,$4,$4,$21,$10,$16,17,$0.26,$0.26,$170,$129,$50,$447,$0,$0,$27,$28,$54,$926,$387,$99,$82,$258,$645,$546,$-267,$0,$280,$926,$-36,$32,$52,$84,$-27,$1,$32,$-4,$3,$50,$-35,$0,$0,$0,$1,$1,$0,$-34,$0,$0,$0,$0,$0,$0,$-2,$-2,$14,$1,$0
33,2010-06-30,2.32,$0.00,0.0,$322.20,0.01,$4.46,0.52,$-5.70,0.0,$0.44B,$0.26B,1.71,$0.10B,$0.28B,0.36,$5.49B,$0.89B,16.26%,$5.49B,$-0.08B,-1.44%,$5.49B,$-0.08B,-1.44%,$5.49B,$-0.03B,-0.56%,$5.49B,$-0.10B,-1.75%,$5.49B,$-0.10B,-1.77%,$-0.10B,$0.28B,-31.75%,$-0.10B,$0.25B,-35.08%,$-0.10B,$0.91B,-10.75%,$-0.08B,$0.38B,-19.43%,$1504,$1251,$253,$0,$20,$1498,$7,$-5,$1,$0,$1,$1,$1,$17,$7,$16,17,$0.07,$0.07,$170,$125,$55,$442,$0,$0,$27,$27,$55,$912,$259,$100,$80,$378,$637,$546,$-271,$0,$275,$912,$-40,$21,$34,$55,$-21,$4,$37,$-4,$16,$31,$-16,$0,$0,$0,$1,$1,$0,$-15,$0,$0,$0,$0,$0,$0,$-1,$-1,$14,$1,$0
34,2010-03-31,3.54,$0.00,0.0,$302.76,0.01,$6.08,0.58,$-6.67,0.0,$0.42B,$0.25B,1.67,$0.10B,$0.27B,0.37,$5.12B,$0.87B,16.92%,$5.12B,$-0.10B,-1.92%,$5.12B,$-0.10B,-1.92%,$5.12B,$-0.05B,-0.96%,$5.12B,$-0.11B,-2.19%,$5.12B,$-0.11B,-2.21%,$-0.11B,$0.27B,-34.32%,$-0.11B,$0.25B,-37.82%,$-0.11B,$0.89B,-12.48%,$-0.10B,$0.38B,-22.75%,$1384,$1179,$205,$0,$19,$1419,$-36,$-5,$-41,$0,$-41,$-41,$-41,$-25,$-36,$16,17,$-2.39,$-2.39,$155,$125,$54,$418,$0,$0,$28,$29,$57,$888,$250,$101,$80,$365,$614,$546,$-273,$0,$274,$888,$-41,$10,$18,$28,$-13,$5,$30,$-1,$20,$6,$-6,$0,$0,$0,$-0,$-0,$0,$-6,$-1,$0,$-1,$0,$0,$0,$0,$-1,$-0,$0,$0
35,2009-12-31,4.42,$18.23,0.24,$280.51,0.02,$7.40,0.6,$-5.36,0.0,$0.41B,$0.22B,1.87,$0.10B,$0.32B,0.32,$4.70B,$0.88B,18.68%,$4.70B,$-0.08B,-1.64%,$4.70B,$-0.08B,-1.64%,$4.70B,$-0.03B,-0.62%,$4.70B,$-0.09B,-1.89%,$4.70B,$-0.09B,-1.91%,$-0.09B,$0.32B,-25.23%,$-0.09B,$0.29B,-27.69%,$-0.09B,$0.89B,-9.90%,$-0.08B,$0.42B,-16.78%,$1323,$1121,$202,$0,$229,$1364,$-41,$-4,$-44,$0,$-45,$-45,$-45,$-25,$-41,$17,17,$-2.65,$-2.65,$156,$129,$47,$411,$512,$0,$29,$28,$569,$885,$220,$101,$160,$351,$571,$545,$-231,$1,$315,$885,$-90,$47,$73,$47,$-10,$-0,$19,$11,$22,$53,$-38,$0,$0,$0,$-5,$-5,$0,$-43,$0,$0,$0,$0,$0,$0,$0,$0,$10,$1,$0
36,2009-09-30,5.59,$0.00,0.0,$282.60,0.02,$6.26,0.89,$-2.63,0.0,$0.45B,$0.23B,1.94,$0.10B,$0.36B,0.28,$4.69B,$0.93B,19.71%,$4.69B,$-0.03B,-0.70%,$4.69B,$-0.03B,-0.70%,$4.69B,$0.01B,0.26%,$4.69B,$-0.04B,-0.92%,$4.69B,$-0.04B,-0.94%,$-0.04B,$0.36B,-11.62%,$-0.04B,$0.33B,-12.74%,$-0.04B,$0.93B,-4.84%,$-0.03B,$0.46B,-6.86%,$1282,$1049,$233,$0,$231,$1291,$-9,$-3,$-12,$0,$-12,$-12,$-12,$2,$-9,$17,17,$-0.73,$-0.73,$185,$123,$58,$447,$0,$0,$32,$30,$62,$925,$230,$102,$77,$337,$567,$545,$-187,$0,$358,$925,$-45,$32,$0,$32,$0,$0,$0,$0,$28,$68,$-23,$0,$0,$0,$0,$-5,$0,$-28,$0,$0,$0,$0,$0,$0,$0,$0,$40,$0,$0
37,2009-06-30,2.2,$0.00,0.0,$346.61,0.01,$2.78,0.79,$-0.82,0.0,$0.45B,$0.23B,1.91,$0.10B,$0.37B,0.28,$5.57B,$0.97B,17.39%,$5.57B,$-0.01B,-0.09%,$5.57B,$-0.01B,-0.09%,$5.57B,$0.04B,0.70%,$5.57B,$-0.01B,-0.25%,$5.57B,$-0.02B,-0.27%,$-0.02B,$0.37B,-3.85%,$-0.02B,$0.34B,-4.22%,$-0.02B,$0.93B,-1.63%,$-0.01B,$0.47B,-1.01%,$1128,$902,$226,$0,$228,$1140,$-12,$-3,$-15,$0,$-15,$-15,$-15,$-1,$-12,$17,17,$-0.90,$-0.90,$182,$124,$62,$448,$0,$0,$33,$31,$64,$925,$234,$102,$74,$321,$555,$544,$-175,$0,$370,$925,$-33,$21,$0,$21,$0,$0,$0,$0,$29,$54,$-13,$0,$0,$0,$0,$-5,$0,$-18,$0,$0,$0,$0,$0,$0,$0,$0,$36,$0,$0
38,2009-03-31,1.83,$0.00,0.0,$439.42,0.0,$-3.22,0.0,$-0.61,0.0,$0.42B,$0.21B,2.01,$0.10B,$0.38B,0.27,$6.72B,$0.99B,14.66%,$6.72B,$-0.00B,-0.03%,$6.72B,$-0.00B,-0.03%,$6.72B,$0.04B,0.63%,$6.72B,$-0.01B,-0.13%,$6.72B,$-0.01B,-0.15%,$-0.01B,$0.38B,-2.55%,$-0.01B,$0.35B,-2.80%,$-0.01B,$0.90B,-1.07%,$-0.00B,$0.49B,-0.40%,$967,$750,$217,$0,$222,$982,$-15,$-2,$-18,$0,$-18,$-18,$-18,$-5,$-15,$17,17,$-1.08,$-1.08,$168,$121,$66,$424,$0,$0,$34,$27,$61,$900,$211,$103,$70,$304,$515,$544,$-160,$0,$384,$900,$-18,$10,$0,$10,$0,$0,$0,$0,$16,$29,$-6,$0,$0,$0,$0,$-0,$0,$-6,$0,$0,$0,$0,$0,$0,$0,$0,$22,$0,$0
39,2008-12-31,2.4,$24.19,0.1,$515.92,0.0,$-7.02,0.0,$-2.94,0.0,$0.41B,$0.20B,2.04,$0.10B,$0.40B,0.26,$7.66B,$0.98B,12.80%,$7.66B,$-0.03B,-0.44%,$7.66B,$-0.03B,-0.44%,$7.66B,$0.01B,0.14%,$7.66B,$-0.04B,-0.51%,$7.66B,$-0.04B,-0.52%,$-0.04B,$0.40B,-10.15%,$-0.04B,$0.37B,-11.20%,$-0.04B,$0.89B,-4.15%,$-0.03B,$0.51B,-6.82%,$1315,$1066,$249,$0,$232,$1312,$3,$-2,$2,$0,$1,$1,$1,$16,$3,$16,16,$0.09,$0.08,$146,$129,$73,$409,$479,$0,$35,$27,$541,$890,$201,$104,$65,$287,$487,$544,$-142,$-0,$402,$890,$-40,$46,$117,$46,$47,$19,$-82,$-21,$33,$79,$-83,$0,$0,$0,$-7,$-7,$3,$-87,$0,$0,$0,$0,$0,$0,$5,$5,$-3,$1,$0
40,2008-09-30,2.85,$0.00,0.0,$562.66,0.01,$-22.32,0.0,$-7.88,0.0,$0.48B,$0.29B,1.63,$0.10B,$0.40B,0.26,$8.15B,$0.94B,11.58%,$8.15B,$-0.09B,-1.04%,$8.15B,$-0.09B,-1.04%,$8.15B,$-0.04B,-0.47%,$8.15B,$-0.10B,-1.21%,$8.15B,$-0.11B,-1.35%,$-0.11B,$0.40B,-27.26%,$-0.11B,$0.37B,-30.14%,$-0.11B,$0.96B,-10.41%,$-0.09B,$0.51B,-16.72%,$2158,$1882,$276,$0,$247,$2139,$19,$-2,$17,$0,$17,$17,$17,$29,$19,$15,15,$1.10,$1.08,$144,$149,$71,$475,$0,$0,$37,$31,$67,$962,$292,$104,$74,$268,$560,$544,$-143,$0,$402,$962,$-42,$33,$0,$33,$0,$0,$0,$0,$-17,$59,$-71,$0,$0,$0,$0,$0,$3,$-68,$0,$0,$0,$0,$0,$0,$5,$5,$-5,$0,$0
41,2008-06-30,2.27,$0.00,0.0,$550.68,0.0,$-28.51,0.0,$-10.52,0.0,$0.50B,$0.35B,1.42,$0.11B,$0.38B,0.28,$7.78B,$0.92B,11.78%,$7.78B,$-0.12B,-1.50%,$7.78B,$-0.12B,-1.50%,$7.78B,$-0.07B,-0.95%,$7.78B,$-0.13B,-1.66%,$7.78B,$-0.15B,-1.92%,$-0.15B,$0.38B,-34.83%,$-0.15B,$0.34B,-38.93%,$-0.15B,$0.99B,-13.10%,$-0.12B,$0.49B,-21.93%,$2278,$2035,$243,$0,$241,$2287,$-9,$-0,$-10,$0,$-10,$-10,$-10,$2,$-9,$14,14,$-0.69,$-0.69,$106,$155,$68,$499,$0,$0,$38,$27,$65,$985,$351,$105,$56,$252,$603,$540,$-160,$0,$382,$985,$-58,$22,$0,$22,$0,$0,$0,$0,$-24,$13,$-63,$0,$0,$0,$0,$0,$3,$-60,$0,$0,$0,$0,$0,$0,$5,$5,$-43,$0,$0
42,2008-03-31,6.1,$0.00,0.0,$559.17,0.01,$-28.61,0.0,$-10.78,0.0,$0.48B,$0.38B,1.28,$0.11B,$0.39B,0.27,$6.99B,$0.87B,12.44%,$6.99B,$-0.12B,-1.72%,$6.99B,$-0.12B,-1.72%,$6.99B,$-0.08B,-1.15%,$6.99B,$-0.13B,-1.90%,$6.99B,$-0.15B,-2.10%,$-0.15B,$0.39B,-35.79%,$-0.15B,$0.35B,-41.00%,$-0.15B,$1.02B,-12.59%,$-0.12B,$0.50B,-23.19%,$1908,$1695,$212,$0,$249,$1955,$-47,$-1,$-48,$0,$-48,$-48,$-48,$-36,$-47,$14,14,$-3.41,$-3.41,$121,$156,$66,$480,$0,$0,$39,$75,$114,$1018,$376,$105,$53,$251,$627,$540,$-150,$0,$391,$1018,$-48,$11,$0,$11,$0,$0,$0,$0,$40,$5,$-40,$0,$0,$0,$0,$0,$3,$-37,$0,$4,$0,$0,$0,$0,$0,$4,$-28,$0,$0
43,2007-12-31,12.5,$0.00,0.0,$570.69,0.02,$-32.18,0.0,$-11.80,0.0,$0.75B,$0.57B,1.31,$0.11B,$0.44B,0.24,$6.17B,$0.81B,13.19%,$6.17B,$-0.09B,-1.41%,$6.17B,$-0.09B,-1.41%,$6.17B,$-0.05B,-0.76%,$6.17B,$-0.17B,-2.68%,$6.17B,$-0.13B,-2.14%,$-0.13B,$0.44B,-33.55%,$-0.13B,$0.40B,-38.94%,$-0.13B,$1.26B,-12.17%,$-0.09B,$0.55B,-17.37%,$1806,$1593,$213,$0,$246,$1855,$-48,$-9,$-58,$2,$-60,$-69,$-69,$-33,$-48,$14,14,$-4.86,$-4.86,$425,$148,$62,$746,$0,$0,$40,$80,$120,$1263,$568,$106,$55,$256,$824,$539,$-101,$0,$439,$1263,$-123,$40,$0,$40,$0,$0,$0,$0,$-3,$-75,$-145,$0,$-44,$0,$0,$0,$1,$-188,$0,$-8,$-0,$0,$205,$0,$-6,$191,$-71,$0,$0
