,Date,Stock Price,Book Value per Share,Price to Book Ratio,TTM Sales per Share,Price to Sales Ratio,TTM FCF per Share,Price to FCF Ratio,TTM Net EPS,PE Ratio,Current Assets,Current Liabilities,Current Ratio,Long Term Debt,Shareholder's Equity_x,Debt to Equity Ratio,TTM Revenue_x,TTM Gross Profit,Gross Margin,TTM Revenue_y,TTM Operating Income,Operating Margin,TTM Revenue_x,TTM EBIT,EBIT Margin,TTM Revenue_y,TTM EBITDA,EBITDA Margin,TTM Revenue_x,TTM Pre-Tax Income,Pre-Tax Margin,TTM Revenue_y,TTM Net Income_x,Net Margin,TTM Net Income_y,Shareholder's Equity_y,Return on Equity,TTM Net Income_x,Tangible Equity,Return on Tangible Equity,TTM Net Income_y,Total Assets,Return on Assets,TTM Net Income,LT Investments & Debt,Return on Investment,revenue,cost-goods-sold,gross-profit,research-development-expenses,selling-general-administrative-expenses,operating-expenses,operating-income,total-non-operating-income-expense,pre-tax-income,total-provision-income-taxes,income-after-taxes,income-from-continuous-operations,net-income,ebitda,ebit,basic-shares-outstanding,shares-outstanding,eps-basic-net-earnings-per-share,eps-earnings-per-share-diluted,cash-on-hand,inventory,other-current-assets,total-current-assets,net-property-plant-equipment,long-term-investments,goodwill-intangible-assets-total,other-long-term-assets,total-long-term-assets,total-assets,total-current-liabilities,long-term-debt,other-non-current-liabilities,total-long-term-liabilities,total-liabilities,common-stock-net,retained-earnings-accumulated-deficit,comprehensive-income,total-share-holder-equity,total-liabilities-share-holders-equity,net-income-loss,total-depreciation-amortization-cash-flow,other-non-cash-items,total-non-cash-items,change-in-accounts-receivable,change-in-inventories,change-in-accounts-payable,change-in-assets-liabilities,total-change-in-assets-liabilities,cash-flow-from-operating-activities,net-change-in-property-plant-equipment,net-change-in-intangible-assets,net-acquisitions-divestitures,net-change-in-short-term-investments,net-change-in-long-term-investments,net-change-in-investments-total,investing-activities-other,cash-flow-from-investing-activities,net-long-term-debt,net-current-debt,debt-issuance-retirement-net-total,net-common-equity-issued-repurchased,net-total-equity-issued-repurchased,total-common-preferred-stock-dividends-paid,financial-activities-other,cash-flow-from-financial-activities,net-cash-flow,stock-based-compensation,common-stock-dividends-paid
0,2018-09-30,2.79,$7.72,0.36,$1.59,1.76,$-0.80,0.0,$-0.13,0.0,$0.23B,$0.13B,1.82,$0.10B,$2.42B,0.04,$0.50B,$0.21B,42.25%,$0.50B,$-0.04B,-8.45%,$0.50B,$-0.04B,-8.45%,$0.50B,$0.10B,19.92%,$0.50B,$-0.22B,-43.86%,$0.50B,$-0.23B,-46.48%,$-0.23B,$2.42B,-9.00%,$-0.23B,$2.31B,-9.41%,$-0.23B,$2.93B,-7.61%,$-0.04B,$2.52B,-1.61%,$112,$69,$43,$5,$12,$128,$-16,$-171,$-187,$3,$-190,$-190,$-190,$18,$-16,$314,314,$-0.61,$-0.61,$48,$135,$6,$227,$2536,$0,$112,$4,$2704,$2931,$125,$100,$68,$389,$514,$2792,$-396,$0,$2417,$2931,$-212,$105,$197,$302,$-7,$-5,$0,$-4,$-14,$58,$-194,$0,$0,$0,$0,$0,$0,$-194,$65,$-5,$60,$0,$0,$0,$-3,$57,$-77,$5,$0
1,2018-06-30,4.92,$8.32,0.59,$1.72,2.85,$-0.17,0.0,$-0.16,0.0,$0.25B,$0.13B,1.97,$0.08B,$2.61B,0.03,$0.54B,$0.23B,43.15%,$0.54B,$-0.02B,-4.26%,$0.54B,$-0.02B,-4.26%,$0.54B,$0.12B,21.48%,$0.54B,$-0.03B,-5.56%,$0.54B,$-0.05B,-9.07%,$-0.05B,$2.61B,-1.87%,$-0.05B,$2.49B,-1.95%,$-0.05B,$3.10B,-1.59%,$-0.02B,$2.68B,-0.87%,$127,$70,$57,$4,$14,$132,$-5,$-2,$-7,$9,$-16,$-16,$-16,$28,$-5,$313,313,$-0.05,$-0.05,$70,$128,$7,$247,$2679,$0,$112,$4,$2851,$3098,$126,$75,$68,$366,$491,$2792,$-206,$0,$2607,$3098,$-22,$70,$23,$93,$-9,$-2,$0,$-9,$-16,$40,$-131,$0,$0,$0,$0,$0,$0,$-131,$75,$-35,$40,$0,$0,$0,$-7,$33,$-56,$4,$0
2,2018-03-31,4.69,$8.37,0.56,$1.99,2.36,$0.32,14.48,$0.00,0.0,$0.23B,$0.12B,1.85,$0.00B,$2.62B,0.0,$0.62B,$0.29B,47.03%,$0.62B,$0.04B,6.26%,$0.62B,$0.04B,6.26%,$0.62B,$0.19B,29.86%,$0.62B,$0.03B,5.14%,$0.62B,$0.00B,0.00%,$0.00B,$2.62B,0.00%,$0.00B,$2.51B,0.00%,$0.00B,$3.04B,0.00%,$0.04B,$2.62B,1.48%,$140,$78,$62,$3,$12,$140,$-1,$-1,$-2,$5,$-7,$-7,$-7,$37,$-1,$313,313,$-0.02,$-0.02,$54,$123,$3,$229,$2642,$0,$112,$5,$2808,$3036,$124,$0,$68,$293,$417,$2788,$-190,$0,$2619,$3036,$-7,$38,$8,$45,$-11,$-1,$0,$1,$-8,$22,$-56,$0,$0,$0,$0,$0,$0,$-56,$0,$-35,$-35,$0,$0,$0,$-3,$-38,$-72,$1,$0
3,2017-12-31,4.79,$8.39,0.57,$2.35,2.04,$0.53,9.03,$0.26,18.42,$0.30B,$0.16B,1.92,$0.00B,$2.63B,0.0,$0.73B,$0.39B,52.45%,$0.73B,$0.13B,17.44%,$0.73B,$0.13B,17.44%,$0.73B,$0.28B,38.15%,$0.73B,$0.12B,16.35%,$0.73B,$0.08B,11.17%,$0.08B,$2.63B,3.11%,$0.08B,$2.51B,3.25%,$0.08B,$3.08B,2.64%,$0.13B,$2.63B,4.83%,$118,$69,$48,$4,$11,$138,$-20,$-2,$-22,$-4,$-18,$-18,$-18,$16,$-20,$313,313,$-0.06,$-0.06,$126,$128,$5,$299,$2617,$0,$112,$5,$2782,$3081,$156,$2,$68,$300,$456,$2788,$-183,$0,$2625,$3081,$82,$153,$53,$205,$33,$6,$0,$-12,$8,$234,$-224,$0,$0,$0,$0,$0,$0,$-224,$0,$0,$0,$1,$1,$-36,$-13,$-48,$-38,$5,$-36
4,2017-09-30,5.27,$8.45,0.62,$2.62,2.01,$0.70,7.53,$0.32,16.47,$0.35B,$0.17B,2.05,$0.00B,$2.64B,0.0,$0.81B,$0.44B,54.04%,$0.81B,$0.18B,22.24%,$0.81B,$0.18B,22.24%,$0.81B,$0.34B,42.11%,$0.81B,$0.17B,21.49%,$0.81B,$0.10B,12.42%,$0.10B,$2.64B,3.81%,$0.10B,$2.53B,3.98%,$0.10B,$3.13B,3.22%,$0.18B,$2.65B,6.76%,$155,$89,$66,$4,$12,$153,$3,$-2,$1,$9,$-8,$-8,$-8,$35,$3,$313,313,$-0.03,$-0.03,$182,$117,$4,$348,$2612,$0,$112,$5,$2780,$3128,$170,$3,$73,$316,$486,$2788,$-165,$0,$2642,$3128,$100,$116,$53,$170,$21,$1,$0,$-13,$3,$223,$-161,$0,$0,$0,$0,$0,$0,$-161,$0,$-7,$-7,$1,$1,$-36,$-2,$-45,$19,$4,$-36
5,2017-06-30,8.59,$8.49,1.01,$2.88,2.98,$0.55,15.63,$0.55,15.62,$0.38B,$0.16B,2.38,$0.00B,$2.65B,0.0,$0.89B,$0.51B,57.97%,$0.89B,$0.28B,31.07%,$0.89B,$0.28B,31.07%,$0.89B,$0.43B,48.70%,$0.89B,$0.27B,30.17%,$0.89B,$0.17B,19.32%,$0.17B,$2.65B,6.55%,$0.17B,$2.54B,6.89%,$0.17B,$3.13B,5.55%,$0.28B,$2.66B,10.43%,$210,$92,$117,$6,$11,$153,$57,$-2,$55,$22,$33,$33,$33,$98,$57,$313,313,$0.11,$0.11,$191,$124,$4,$377,$2589,$0,$112,$5,$2753,$3129,$158,$4,$72,$317,$475,$2787,$-151,$0,$2654,$3129,$108,$84,$41,$124,$8,$-3,$0,$-9,$-20,$175,$-112,$0,$0,$0,$0,$0,$0,$-112,$0,$0,$0,$1,$1,$-30,$-7,$-36,$27,$3,$-30
6,2017-03-31,7.95,$8.45,0.94,$2.96,2.69,$0.34,23.71,$0.49,16.22,$0.37B,$0.12B,3.13,$0.04B,$2.63B,0.02,$0.90B,$0.53B,58.91%,$0.90B,$0.28B,31.34%,$0.90B,$0.28B,31.34%,$0.90B,$0.44B,48.39%,$0.90B,$0.25B,27.46%,$0.90B,$0.16B,17.17%,$0.16B,$2.63B,6.00%,$0.16B,$2.52B,6.37%,$0.16B,$3.09B,5.09%,$0.28B,$2.68B,10.85%,$251,$97,$154,$4,$12,$163,$88,$-2,$86,$11,$75,$75,$75,$131,$88,$312,312,$0.24,$0.24,$175,$123,$6,$370,$2564,$0,$112,$5,$2723,$3093,$118,$40,$69,$340,$459,$2780,$-166,$0,$2634,$3093,$75,$43,$15,$58,$-0,$2,$0,$-7,$-36,$79,$-48,$0,$0,$0,$0,$0,$0,$-48,$0,$0,$0,$1,$1,$-15,$-4,$-18,$12,$2,$-15
7,2016-12-31,9.26,$8.26,1.12,$2.73,3.39,$0.23,40.55,$0.42,22.04,$0.36B,$0.15B,2.39,$0.04B,$2.57B,0.02,$0.78B,$0.45B,57.53%,$0.78B,$0.24B,30.74%,$0.78B,$0.24B,30.74%,$0.78B,$0.37B,47.19%,$0.78B,$0.21B,26.79%,$0.78B,$0.12B,15.05%,$0.12B,$2.57B,5.03%,$0.12B,$2.46B,5.34%,$0.12B,$3.07B,4.26%,$0.24B,$2.61B,10.19%,$189,$91,$98,$7,$9,$158,$31,$-1,$31,$30,$0,$0,$0,$75,$31,$290,290,$-0.01,$-0.01,$163,$127,$5,$359,$2557,$0,$112,$5,$2712,$3071,$150,$42,$70,$349,$499,$2775,$-222,$0,$2572,$3071,$118,$128,$140,$268,$-16,$-38,$0,$4,$-68,$249,$-191,$0,$70,$0,$0,$0,$0,$-121,$0,$0,$0,$20,$20,$-67,$-26,$-73,$55,$7,$-67
8,2016-09-30,12.54,$8.32,1.51,$2.75,4.55,$0.22,56.54,$-0.05,0.0,$0.34B,$0.17B,1.99,$0.01B,$2.59B,0.0,$0.75B,$0.44B,58.80%,$0.75B,$0.28B,37.73%,$0.75B,$0.28B,37.73%,$0.75B,$0.39B,52.40%,$0.75B,$0.03B,3.73%,$0.75B,$0.01B,1.33%,$0.01B,$2.59B,0.47%,$0.01B,$2.40B,0.50%,$0.01B,$3.03B,0.40%,$0.28B,$2.60B,13.29%,$235,$90,$144,$5,$7,$135,$99,$-4,$95,$32,$63,$63,$63,$127,$99,$311,312,$0.20,$0.20,$142,$114,$8,$339,$2442,$0,$187,$5,$2694,$3033,$171,$9,$72,$276,$447,$2772,$-203,$0,$2586,$3033,$118,$84,$109,$194,$-27,$-29,$0,$-23,$-115,$142,$-127,$0,$70,$0,$0,$0,$0,$-56,$35,$-35,$0,$20,$20,$-51,$-22,$-53,$34,$6,$-51
9,2016-06-30,14.57,$8.17,1.78,$2.64,5.52,$0.33,44.25,$-0.19,0.0,$0.33B,$0.18B,1.89,$0.02B,$2.54B,0.01,$0.66B,$0.37B,55.98%,$0.66B,$0.21B,31.77%,$0.66B,$0.21B,31.77%,$0.66B,$0.32B,47.96%,$0.66B,$-0.04B,-6.66%,$0.66B,$-0.04B,-6.05%,$-0.04B,$2.54B,-2.08%,$-0.04B,$2.35B,-2.19%,$-0.04B,$2.98B,-1.74%,$0.21B,$2.55B,10.89%,$228,$92,$136,$2,$23,$163,$65,$-29,$36,$19,$17,$17,$17,$104,$65,$306,306,$0.05,$0.05,$152,$103,$7,$331,$2409,$0,$187,$5,$2651,$2982,$175,$15,$72,$270,$445,$2767,$-248,$0,$2537,$2982,$55,$57,$74,$131,$-13,$-21,$0,$-18,$-89,$63,$-67,$0,$70,$0,$0,$0,$0,$3,$35,$-35,$0,$15,$15,$-32,$-9,$-25,$43,$5,$-32
10,2016-03-31,9.72,$7.43,1.31,$2.49,3.91,$0.43,22.38,$-0.28,0.0,$0.20B,$0.12B,1.7,$0.01B,$1.69B,0.0,$0.57B,$0.29B,50.97%,$0.57B,$0.15B,26.10%,$0.57B,$0.15B,26.10%,$0.57B,$0.24B,41.80%,$0.57B,$-0.08B,-13.76%,$0.57B,$-0.07B,-11.64%,$-0.07B,$1.69B,-3.82%,$-0.07B,$1.63B,-3.94%,$-0.07B,$2.01B,-3.15%,$0.15B,$1.70B,8.51%,$132,$59,$73,$0,$8,$86,$46,$1,$48,$10,$38,$38,$38,$64,$46,$228,228,$0.17,$0.17,$91,$76,$6,$204,$1689,$0,$57,$3,$1802,$2006,$120,$6,$58,$195,$314,$1918,$-246,$0,$1691,$2006,$38,$18,$13,$32,$13,$-5,$0,$-14,$-27,$25,$-27,$0,$0,$0,$0,$0,$0,$-27,$0,$0,$0,$2,$2,$-14,$-3,$-15,$-18,$2,$-14
11,2015-12-31,8.34,$7.32,1.14,$2.48,3.36,$0.55,15.28,$-0.23,0.0,$0.23B,$0.15B,1.51,$0.01B,$1.66B,0.01,$0.52B,$0.28B,53.27%,$0.52B,$0.14B,27.12%,$0.52B,$0.14B,27.12%,$0.52B,$0.22B,42.50%,$0.52B,$-0.09B,-16.92%,$0.52B,$-0.07B,-13.85%,$-0.07B,$1.66B,-4.70%,$-0.07B,$1.61B,-4.83%,$-0.07B,$2.00B,-3.90%,$0.14B,$1.67B,9.16%,$155,$67,$88,$1,$-8,$82,$73,$-224,$-151,$-43,$-108,$-108,$-108,$98,$73,$229,229,$-0.47,$-0.47,$109,$70,$6,$228,$1675,$0,$57,$3,$1774,$2002,$151,$8,$45,$188,$338,$1915,$-270,$0,$1664,$2002,$-72,$82,$216,$82,$-18,$8,$0,$-12,$-12,$167,$-122,$0,$62,$0,$0,$0,$0,$-60,$0,$-50,$0,$28,$28,$-50,$-10,$-82,$28,$6,$-50
12,2015-09-30,7.39,$0.00,0.0,$2.27,3.25,$0.85,8.68,$0.31,23.85,$0.23B,$0.17B,1.4,$0.01B,$1.78B,0.01,$0.43B,$0.23B,52.33%,$0.43B,$0.07B,15.58%,$0.43B,$0.07B,15.58%,$0.43B,$0.13B,30.70%,$0.43B,$0.08B,18.14%,$0.43B,$0.05B,10.70%,$0.05B,$1.78B,3.44%,$0.05B,$1.72B,3.52%,$0.05B,$2.21B,2.90%,$0.07B,$1.79B,5.00%,$146,$73,$73,$3,$11,$120,$26,$-3,$23,$10,$13,$13,$13,$51,$26,$227,228,$0.06,$0.06,$111,$71,$6,$233,$0,$0,$64,$39,$103,$2205,$167,$9,$40,$256,$423,$1913,$-149,$0,$1783,$2205,$36,$56,$38,$94,$-19,$11,$0,$-22,$15,$113,$-77,$0,$62,$0,$0,$0,$0,$-16,$0,$-50,$-50,$27,$27,$-36,$-6,$-66,$30,$4,$-36
13,2015-06-30,11.51,$0.00,0.0,$2.24,5.15,$1.13,10.14,$0.38,30.28,$0.24B,$0.15B,1.58,$0.01B,$1.78B,0.01,$0.37B,$0.21B,55.35%,$0.37B,$0.08B,20.32%,$0.37B,$0.08B,20.32%,$0.37B,$0.13B,34.22%,$0.37B,$0.08B,21.66%,$0.37B,$0.05B,14.17%,$0.05B,$1.78B,4.79%,$0.05B,$1.74B,4.83%,$0.05B,$2.18B,4.15%,$0.08B,$1.79B,6.85%,$134,$79,$55,$2,$15,$131,$3,$-0,$2,$11,$-9,$-9,$-9,$24,$3,$227,227,$-0.04,$-0.04,$112,$80,$10,$242,$0,$0,$45,$30,$75,$2177,$153,$11,$40,$243,$396,$1910,$-148,$0,$1780,$2177,$23,$31,$23,$54,$-13,$6,$0,$-2,$1,$60,$-39,$0,$62,$0,$0,$0,$0,$22,$0,$-50,$-50,$25,$25,$-22,$-4,$-51,$32,$3,$-22
14,2015-03-31,10.35,$0.00,0.0,$2.34,4.41,$1.12,9.23,$0.66,15.68,$0.16B,$0.09B,1.74,$0.00B,$0.90B,0.0,$0.35B,$0.23B,65.22%,$0.35B,$0.12B,35.94%,$0.35B,$0.12B,35.94%,$0.35B,$0.17B,48.12%,$0.35B,$0.12B,35.65%,$0.35B,$0.10B,28.41%,$0.10B,$0.90B,11.21%,$0.10B,$0.90B,11.21%,$0.10B,$1.00B,10.05%,$0.12B,$0.90B,14.18%,$85,$24,$61,$1,$6,$47,$39,$-1,$38,$6,$32,$32,$32,$48,$39,$148,148,$0.22,$0.22,$86,$51,$6,$156,$0,$0,$0,$13,$13,$997,$90,$0,$5,$5,$96,$1016,$-125,$0,$902,$997,$32,$10,$7,$17,$-6,$-9,$0,$-1,$-16,$26,$-11,$0,$0,$0,$0,$0,$0,$-11,$0,$0,$0,$0,$0,$-9,$-1,$-10,$6,$1,$-9
15,2014-12-31,13.04,$5.95,2.19,$2.38,5.48,$1.04,12.53,$0.61,21.37,$0.14B,$0.09B,1.47,$0.00B,$0.88B,0.0,$0.35B,$0.22B,63.71%,$0.35B,$0.12B,35.14%,$0.35B,$0.12B,35.14%,$0.35B,$0.17B,48.00%,$0.35B,$0.12B,33.14%,$0.35B,$0.09B,26.00%,$0.09B,$0.88B,10.71%,$0.09B,$0.88B,10.71%,$0.09B,$0.98B,9.50%,$0.12B,$0.88B,14.47%,$65,$30,$36,$1,$27,$66,$-1,$16,$15,$5,$10,$10,$10,$9,$-1,$141,141,$0.07,$0.07,$80,$41,$6,$135,$897,$0,$0,$12,$909,$976,$92,$0,$6,$6,$98,$1015,$-148,$0,$878,$976,$91,$44,$38,$44,$-5,$-16,$0,$-12,$-28,$119,$-49,$0,$0,$0,$0,$0,$0,$-49,$0,$0,$0,$11,$11,$-3,$-6,$2,$72,$6,$-3
16,2014-09-30,19.05,$0.00,0.0,$1.91,9.96,$-1.00,0.0,$0.47,40.53,$0.13B,$0.09B,1.45,$0.00B,$0.87B,0.0,$0.29B,$0.19B,65.61%,$0.29B,$0.12B,41.05%,$0.29B,$0.12B,41.05%,$0.29B,$0.15B,53.33%,$0.29B,$0.09B,32.63%,$0.29B,$0.07B,24.91%,$0.07B,$0.87B,8.62%,$0.07B,$0.87B,8.62%,$0.07B,$0.96B,7.60%,$0.12B,$0.87B,14.20%,$90,$35,$55,$0,$8,$55,$35,$-9,$26,$6,$20,$20,$20,$47,$35,$148,149,$0.13,$0.13,$79,$35,$5,$128,$0,$0,$0,$10,$10,$963,$89,$0,$5,$5,$94,$1014,$-155,$0,$870,$963,$81,$34,$0,$34,$0,$0,$0,$0,$147,$102,$-36,$0,$0,$0,$0,$0,$0,$-36,$0,$0,$0,$0,$10,$0,$-5,$5,$70,$0,$0
17,2014-06-30,24.59,$0.00,0.0,$1.31,18.78,$-2.67,0.0,$0.23,106.9,$0.13B,$0.11B,1.12,$0.00B,$0.85B,0.0,$0.20B,$0.13B,67.69%,$0.20B,$0.07B,34.87%,$0.20B,$0.07B,34.87%,$0.20B,$0.09B,46.67%,$0.20B,$0.05B,26.15%,$0.20B,$0.04B,17.95%,$0.04B,$0.85B,4.36%,$0.04B,$0.85B,4.36%,$0.04B,$0.96B,3.84%,$0.07B,$0.85B,8.48%,$105,$32,$73,$1,$10,$54,$51,$-7,$44,$7,$36,$36,$36,$62,$51,$147,150,$0.25,$0.24,$52,$35,$6,$125,$0,$0,$0,$9,$9,$963,$111,$0,$5,$5,$116,$1012,$-175,$0,$847,$963,$61,$22,$0,$22,$0,$0,$0,$0,$-53,$39,$-27,$0,$0,$0,$0,$0,$0,$-27,$0,$25,$0,$0,$9,$0,$-3,$31,$43,$0,$0
18,2014-03-31,19.85,$0.00,0.0,$0.61,32.57,$-3.53,0.0,$-0.12,0.0,$0.09B,$0.12B,0.72,$0.00B,$0.81B,0.0,$0.09B,$0.06B,65.56%,$0.09B,$0.00B,2.22%,$0.09B,$0.00B,2.22%,$0.09B,$0.02B,16.67%,$0.09B,$-0.01B,-10.00%,$0.09B,$-0.02B,-18.89%,$-0.02B,$0.81B,-2.15%,$-0.02B,$0.81B,-2.15%,$-0.02B,$0.93B,-1.91%,$0.00B,$0.81B,0.25%,$90,$31,$59,$1,$8,$51,$38,$-7,$31,$6,$25,$25,$25,$50,$38,$145,147,$0.17,$0.17,$40,$28,$6,$87,$0,$0,$0,$7,$7,$930,$121,$0,$5,$5,$126,$1005,$-211,$0,$805,$930,$25,$11,$0,$11,$0,$0,$0,$0,$-18,$22,$-18,$0,$0,$0,$0,$0,$0,$-18,$0,$25,$0,$0,$5,$0,$-2,$28,$31,$0,$0
19,2013-12-31,15.62,$0.00,0.0,0,0.0,$-3.94,0.0,$-0.46,0.0,$0.04B,$0.11B,0.34,$0.00B,$0.77B,0.0,$0.00B,0,nan%,$0.00B,$-0.06B,inf%,$0.00B,$-0.06B,inf%,$0.00B,$-0.06B,inf%,$0.00B,$-0.07B,inf%,$0.00B,$-0.07B,inf%,$-0.07B,$0.77B,-8.48%,$-0.07B,$0.77B,-8.48%,$-0.07B,$0.88B,-7.76%,$-0.06B,$0.77B,-7.72%,$0,$0,$0,$1,$6,$7,$-7,$-1,$-8,$2,$-10,$-10,$-10,$-7,$-7,$137,137,$-0.07,$-0.07,$9,$23,$2,$36,$0,$0,$0,$3,$3,$883,$105,$0,$4,$4,$109,$996,$-236,$0,$774,$883,$-66,$4,$0,$4,$0,$0,$0,$0,$-11,$-66,$-145,$0,$0,$0,$0,$0,$5,$-141,$0,$0,$50,$0,$3,$0,$-2,$50,$-156,$0,$0
20,2013-09-30,16.82,$0.00,0.0,0,0.0,$-3.83,0.0,$-0.57,0.0,$0.05B,$0.09B,0.55,$0.00B,$0.78B,0.0,$0.00B,0,nan%,$0.00B,$-0.05B,inf%,$0.00B,$-0.05B,inf%,$0.00B,$-0.05B,inf%,$0.00B,$-0.06B,inf%,$0.00B,$-0.08B,inf%,$-0.08B,$0.78B,-10.20%,$-0.08B,$0.78B,-10.20%,$-0.08B,$0.87B,-9.58%,$-0.05B,$0.78B,-6.72%,$0,$0,$0,$1,$13,$14,$-14,$-1,$-16,$0,$-16,$-16,$-16,$-14,$-14,$146,146,$-0.11,$-0.11,$39,$8,$1,$48,$0,$0,$0,$3,$3,$874,$88,$0,$5,$5,$93,$994,$-227,$0,$782,$874,$-56,$4,$0,$4,$0,$0,$0,$0,$-7,$-53,$-127,$0,$0,$0,$0,$4,$0,$-122,$0,$0,$50,$0,$1,$0,$-2,$49,$-125,$0,$0
21,2013-06-30,13.28,$0.00,0.0,0,0.0,$-3.57,0.0,$-0.61,0.0,$0.10B,$0.07B,1.52,$0.00B,$0.80B,0.0,$0.00B,0,nan%,$0.00B,$-0.07B,inf%,$0.00B,$-0.07B,inf%,$0.00B,$-0.06B,inf%,$0.00B,$-0.06B,inf%,$0.00B,$-0.09B,inf%,$-0.09B,$0.80B,-10.58%,$-0.09B,$0.80B,-10.58%,$-0.09B,$0.87B,-10.18%,$-0.07B,$0.80B,-8.03%,$0,$0,$0,$1,$13,$15,$-15,$-1,$-16,$0,$-16,$-16,$-16,$-14,$-15,$146,146,$-0.11,$-0.11,$99,$4,$1,$104,$0,$0,$0,$8,$8,$868,$68,$0,$5,$5,$73,$993,$-211,$0,$795,$868,$-40,$3,$0,$3,$0,$0,$0,$0,$-10,$-44,$-70,$0,$0,$0,$0,$0,$-0,$-70,$0,$0,$50,$0,$0,$0,$-2,$49,$-65,$0,$0
22,2013-03-31,16.51,$0.00,0.0,0,0.0,$-3.40,0.0,$-0.68,0.0,$0.11B,$0.02B,7.23,$0.00B,$0.81B,0.0,$0.00B,0,nan%,$0.00B,$-0.08B,inf%,$0.00B,$-0.08B,inf%,$0.00B,$-0.07B,inf%,$0.00B,$-0.07B,inf%,$0.00B,$-0.10B,inf%,$-0.10B,$0.81B,-11.52%,$-0.10B,$0.81B,-11.52%,$-0.10B,$0.83B,-11.28%,$-0.08B,$0.81B,-8.91%,$0,$0,$0,$1,$24,$25,$-25,$0,$-25,$0,$-25,$-25,$-25,$-22,$-25,$146,146,$-0.17,$-0.17,$107,$1,$1,$109,$0,$0,$0,$8,$8,$828,$15,$0,$5,$5,$20,$991,$-196,$0,$808,$828,$-25,$3,$0,$3,$0,$0,$0,$0,$-7,$-28,$-29,$0,$0,$0,$0,$0,$-1,$-30,$0,$0,$0,$0,$0,$0,$0,$0,$-57,$0,$0
23,2012-12-31,17.19,$0.00,0.0,0,0.0,$-3.02,0.0,$-0.66,0.0,$0.17B,$0.02B,9.83,$0.00B,$0.83B,0.0,$0.00B,0,nan%,$0.00B,$-0.05B,inf%,$0.00B,$-0.05B,inf%,$0.00B,$-0.05B,inf%,$0.00B,$-0.05B,inf%,$0.00B,$-0.09B,inf%,$-0.09B,$0.83B,-14.54%,$-0.09B,$0.83B,-14.54%,$-0.09B,$0.85B,-14.25%,$-0.05B,$0.83B,-7.82%,$0,$0,$0,$0,$0,$0,$0,$0,$0,$0,$0,$-25,$-25,$2,$0,$139,139,$-0.18,$-0.18,$165,$1,$1,$166,$0,$0,$0,$7,$7,$853,$17,$0,$5,$5,$22,$988,$-171,$0,$831,$853,$-93,$7,$0,$7,$0,$0,$0,$0,$-3,$-88,$-111,$0,$0,$0,$0,$0,$3,$-108,$0,$0,$0,$0,$5,$0,$0,$5,$-185,$0,$0
24,2012-09-30,19.11,$0.00,0.0,0,0.0,$-1.59,0.0,$-0.60,0.0,$0.23B,$0.01B,16.3,$0.00B,$0.85B,0.0,$0.00B,0,nan%,$0.00B,$-0.05B,inf%,$0.00B,$-0.05B,inf%,$0.00B,$-0.05B,inf%,$0.00B,$-0.05B,inf%,$0.00B,$-0.09B,inf%,$-0.09B,$0.85B,-19.68%,$-0.09B,$0.85B,-19.68%,$-0.09B,$0.87B,-19.34%,$-0.05B,$0.85B,-11.57%,$0,$0,$0,$3,$22,$26,$-26,$4,$-22,$-0,$-21,$-21,$-21,$-24,$-26,$145,145,$-0.15,$-0.15,$225,$0,$1,$226,$0,$0,$0,$4,$4,$870,$14,$0,$2,$2,$16,$988,$-146,$0,$854,$870,$-69,$5,$0,$5,$0,$0,$0,$0,$-4,$-67,$-74,$0,$0,$0,$0,$0,$6,$-68,$0,$0,$0,$0,$5,$0,$0,$5,$-125,$0,$0
25,2012-06-30,13.03,$0.00,0.0,0,0.0,$-0.62,0.0,$-0.72,0.0,$0.27B,$0.01B,21.8,$0.00B,$0.87B,0.0,$0.00B,0,nan%,$0.00B,$-0.02B,inf%,$0.00B,$-0.02B,inf%,$0.00B,$-0.02B,inf%,$0.00B,$-0.03B,inf%,$0.00B,$-0.10B,inf%,$-0.10B,$0.87B,-47.14%,$-0.10B,$0.87B,-47.14%,$-0.10B,$0.89B,-46.40%,$-0.02B,$0.87B,-10.98%,$0,$0,$0,$4,$18,$24,$-24,$-2,$-26,$0,$-26,$-26,$-26,$-24,$-24,$144,144,$-0.18,$-0.18,$271,$0,$1,$272,$0,$0,$0,$4,$4,$888,$12,$0,$2,$2,$14,$986,$-124,$0,$874,$888,$-47,$3,$0,$3,$0,$0,$0,$0,$3,$-39,$-50,$0,$0,$0,$0,$0,$6,$-45,$0,$0,$0,$0,$4,$0,$0,$4,$-79,$0,$0
26,2012-03-31,19.87,$0.00,0.0,0,0.0,0,0.0,$-0.63,0.0,$0.00B,$0.00B,0.0,$0.00B,$0.00B,0.0,$0.00B,0,nan%,$0.00B,0,nan%,$0.00B,0,nan%,$0.00B,0,nan%,$0.00B,0,nan%,$0.00B,$-0.09B,inf%,$-0.09B,$0.00B,inf%,$-0.09B,$0.00B,inf%,$-0.09B,$0.00B,inf%,$0.00B,$0.00B,nan%,$0,$0,$0,$0,$0,$0,$0,$0,$0,$0,$0,$-21,$-21,$0,$0,$143,143,$-0.15,$-0.15,$0,$0,$0,$0,$0,$0,$0,$0,$0,$0,$0,$0,$0,$0,$0,$0,$0,$0,$0,$0,$0,$0,$0,$0,$0,$0,$0,$0,$0,$0,$0,$0,$0,$0,$0,$0,$0,$0,$0,$0,$0,$0,$0,$0,$0,$0,$0,$0,$0
27,2011-12-31,16.45,$0.00,0.0,0,0.0,0,0.0,$-0.48,0.0,$0.00B,$0.00B,0.0,$0.00B,$0.00B,0.0,$0.00B,0,nan%,$0.00B,0,nan%,$0.00B,0,nan%,$0.00B,0,nan%,$0.00B,0,nan%,$0.00B,$-0.07B,inf%,$-0.07B,$0.00B,inf%,$-0.07B,$0.00B,inf%,$-0.07B,$0.00B,inf%,$0.00B,$0.00B,nan%,$0,$0,$0,$0,$0,$0,$0,$0,$0,$0,$0,$-17,$-17,$0,$0,$141,141,$-0.12,$-0.12,$0,$0,$0,$0,$0,$0,$0,$0,$0,$0,$0,$0,$0,$0,$0,$0,$0,$0,$0,$0,$0,$0,$0,$0,$0,$0,$0,$0,$0,$0,$0,$0,$0,$0,$0,$0,$0,$0,$0,$0,$0,$0,$0,$0,$0,$0,$0,$0,$0
28,2011-09-30,13.38,$0.00,0.0,0,0.0,0,0.0,$-0.36,0.0,$0.00B,$0.00B,0.0,$0.00B,$0.00B,0.0,$0.00B,0,nan%,$0.00B,0,nan%,$0.00B,0,nan%,$0.00B,0,nan%,$0.00B,0,nan%,$0.00B,$-0.05B,inf%,$-0.05B,$0.00B,inf%,$-0.05B,$0.00B,inf%,$-0.05B,$0.00B,inf%,$0.00B,$0.00B,nan%,$0,$0,$0,$0,$0,$0,$0,$0,$0,$0,$0,$-39,$-39,$0,$0,$143,143,$-0.27,$-0.27,$0,$0,$0,$0,$0,$0,$0,$0,$0,$0,$0,$0,$0,$0,$0,$0,$0,$0,$0,$0,$0,$0,$0,$0,$0,$0,$0,$0,$0,$0,$0,$0,$0,$0,$0,$0,$0,$0,$0,$0,$0,$0,$0,$0,$0,$0,$0,$0,$0
29,2011-06-30,17.46,$0.00,0.0,0,0.0,0,0.0,$-0.12,0.0,$0.00B,$0.00B,0.0,$0.00B,$0.00B,0.0,$0.00B,0,nan%,$0.00B,0,nan%,$0.00B,0,nan%,$0.00B,0,nan%,$0.00B,0,nan%,$0.00B,$-0.02B,inf%,$-0.02B,$0.00B,inf%,$-0.02B,$0.00B,inf%,$-0.02B,$0.00B,inf%,$0.00B,$0.00B,nan%,$0,$0,$0,$0,$0,$0,$0,$0,$0,$0,$0,$-13,$-13,$0,$0,$143,143,$-0.09,$-0.09,$0,$0,$0,$0,$0,$0,$0,$0,$0,$0,$0,$0,$0,$0,$0,$0,$0,$0,$0,$0,$0,$0,$0,$0,$0,$0,$0,$0,$0,$0,$0,$0,$0,$0,$0,$0,$0,$0,$0,$0,$0,$0,$0,$0,$0,$0,$0,$0,$0
