,Date,Stock Price,Book Value per Share,Price to Book Ratio,TTM Sales per Share,Price to Sales Ratio,TTM FCF per Share,Price to FCF Ratio,TTM Net EPS,PE Ratio,Current Assets,Current Liabilities,Current Ratio,Long Term Debt,Shareholder's Equity_x,Debt to Equity Ratio,TTM Revenue_x,TTM Gross Profit,Gross Margin,TTM Revenue_y,TTM Operating Income,Operating Margin,TTM Revenue_x,TTM EBIT,EBIT Margin,TTM Revenue_y,TTM EBITDA,EBITDA Margin,TTM Revenue_x,TTM Pre-Tax Income,Pre-Tax Margin,TTM Revenue_y,TTM Net Income_x,Net Margin,TTM Net Income_y,Shareholder's Equity_y,Return on Equity,TTM Net Income_x,Tangible Equity,Return on Tangible Equity,TTM Net Income_y,Total Assets,Return on Assets,TTM Net Income,LT Investments & Debt,Return on Investment,revenue,cost-goods-sold,gross-profit,research-development-expenses,selling-general-administrative-expenses,operating-expenses,operating-income,total-non-operating-income-expense,pre-tax-income,total-provision-income-taxes,income-after-taxes,income-from-continuous-operations,net-income,ebitda,ebit,basic-shares-outstanding,shares-outstanding,eps-basic-net-earnings-per-share,eps-earnings-per-share-diluted,cash-on-hand,inventory,other-current-assets,total-current-assets,net-property-plant-equipment,long-term-investments,goodwill-intangible-assets-total,other-long-term-assets,total-long-term-assets,total-assets,total-current-liabilities,long-term-debt,other-non-current-liabilities,total-long-term-liabilities,total-liabilities,common-stock-net,retained-earnings-accumulated-deficit,comprehensive-income,total-share-holder-equity,total-liabilities-share-holders-equity,net-income-loss,total-depreciation-amortization-cash-flow,other-non-cash-items,total-non-cash-items,change-in-accounts-receivable,change-in-inventories,change-in-accounts-payable,change-in-assets-liabilities,total-change-in-assets-liabilities,cash-flow-from-operating-activities,net-change-in-property-plant-equipment,net-change-in-intangible-assets,net-acquisitions-divestitures,net-change-in-short-term-investments,net-change-in-long-term-investments,net-change-in-investments-total,investing-activities-other,cash-flow-from-investing-activities,net-long-term-debt,net-current-debt,debt-issuance-retirement-net-total,net-common-equity-issued-repurchased,net-total-equity-issued-repurchased,total-common-preferred-stock-dividends-paid,financial-activities-other,cash-flow-from-financial-activities,net-cash-flow,stock-based-compensation,common-stock-dividends-paid
0,2018-08-31,29.6,$0.00,0.0,$3.69,8.02,$0.96,30.82,$0.43,68.84,$1.85B,$1.57B,1.18,$0.00B,$1.88B,0.0,$2.19B,$1.13B,51.60%,$2.19B,$0.27B,12.25%,$2.19B,$0.27B,12.25%,$2.19B,$0.27B,12.25%,$2.19B,$0.32B,14.44%,$2.19B,$0.26B,11.65%,$0.26B,$1.88B,16.14%,$0.26B,$1.54B,20.52%,$0.26B,$3.46B,7.89%,$0.27B,$1.88B,15.23%,$700,$330,$370,$0,$290,$619,$81,$15,$96,$16,$80,$76,$77,$81,$81,$568,601,$0.41,$0.38,$1648,$8,$0,$1851,$270,$812,$337,$161,$1605,$3456,$1567,$0,$2,$15,$1581,$0,$756,$177,$1875,$3456,$0,$0,$0,$0,$0,$0,$0,$0,$0,$0,$0,$0,$0,$0,$0,$0,$0,$0,$0,$0,$0,$0,$0,$0,$0,$0,$0,$0,$0
1,2018-05-31,42.46,$0.00,0.0,$3.31,12.82,$0.96,44.22,$0.40,106.15,$2.22B,$1.74B,1.28,$0.24B,$1.82B,0.13,$1.94B,$0.97B,49.90%,$1.94B,$0.26B,13.12%,$1.94B,$0.26B,13.12%,$1.94B,$0.26B,13.12%,$1.94B,$0.30B,15.28%,$1.94B,$0.24B,12.19%,$0.24B,$1.82B,17.69%,$0.24B,$1.47B,23.58%,$0.24B,$3.81B,8.11%,$0.26B,$2.05B,16.00%,$551,$261,$290,$0,$220,$476,$75,$12,$87,$17,$69,$66,$67,$75,$75,$567,601,$0.12,$0.11,$1932,$5,$0,$2224,$262,$776,$351,$182,$1587,$3811,$1740,$235,$2,$253,$1992,$0,$679,$219,$1819,$3811,$0,$0,$0,$0,$0,$0,$0,$0,$0,$0,$0,$0,$0,$0,$0,$0,$0,$0,$0,$0,$0,$0,$0,$0,$0,$0,$0,$0,$0
2,2018-02-28,37.76,$0.00,0.0,$2.96,12.78,$0.96,39.32,$0.34,109.99,$1.66B,$1.13B,1.47,$0.24B,$1.64B,0.14,$1.72B,$0.83B,48.51%,$1.72B,$0.21B,12.19%,$1.72B,$0.21B,12.19%,$1.72B,$0.21B,12.19%,$1.72B,$0.25B,14.40%,$1.72B,$0.20B,11.60%,$0.20B,$1.64B,18.71%,$0.20B,$1.31B,26.89%,$0.20B,$3.06B,7.83%,$0.21B,$1.88B,15.32%,$504,$247,$257,$0,$191,$437,$67,$13,$80,$9,$71,$68,$70,$67,$67,$525,583,$-0.10,$-0.09,$1505,$5,$0,$1662,$247,$598,$335,$195,$1393,$3055,$1133,$236,$7,$281,$1414,$0,$604,$132,$1640,$3055,$195,$59,$53,$112,$0,$-2,$31,$370,$378,$685,$-125,$-2,$-14,$-540,$-221,$-760,$62,$-840,$0,$0,$0,$2,$2,$-41,$467,$428,$241,$47,$-41
3,2017-11-30,27.88,$0.00,0.0,$2.65,10.52,$0.55,51.11,$0.28,98.41,$1.45B,$1.34B,1.08,$0.25B,$0.99B,0.25,$1.53B,$0.73B,48.00%,$1.53B,$0.19B,12.12%,$1.53B,$0.19B,12.12%,$1.53B,$0.19B,12.12%,$1.53B,$0.21B,13.75%,$1.53B,$0.16B,10.67%,$0.16B,$0.99B,19.78%,$0.16B,$0.66B,32.12%,$0.16B,$2.60B,7.29%,$0.19B,$1.23B,15.70%,$433,$221,$212,$0,$168,$389,$45,$8,$53,$11,$41,$40,$41,$45,$45,$534,582,$0.08,$0.07,$1313,$6,$0,$1447,$230,$423,$325,$158,$1157,$2604,$1341,$250,$8,$278,$1619,$0,$534,$74,$985,$2604,$0,$0,$0,$0,$0,$0,$0,$0,$0,$0,$0,$0,$0,$0,$0,$0,$0,$0,$0,$0,$0,$0,$0,$0,$0,$0,$0,$0,$0
4,2017-08-31,30.43,$0.00,0.0,$2.41,12.63,$0.55,55.78,$0.24,126.79,$1.11B,$0.98B,1.14,$0.30B,$0.91B,0.33,$1.36B,$0.65B,47.97%,$1.36B,$0.16B,11.96%,$1.36B,$0.16B,11.96%,$1.36B,$0.16B,11.96%,$1.36B,$0.18B,12.92%,$1.36B,$0.14B,10.04%,$0.14B,$0.91B,18.44%,$0.14B,$0.59B,31.81%,$0.14B,$2.22B,6.72%,$0.16B,$1.21B,14.80%,$456,$245,$211,$0,$146,$387,$68,$9,$77,$16,$61,$59,$59,$68,$68,$517,579,$0.34,$0.31,$948,$5,$0,$1114,$216,$375,$328,$161,$1101,$2215,$975,$297,$3,$325,$1300,$0,$493,$87,$914,$2215,$0,$0,$0,$0,$0,$0,$0,$0,$0,$0,$0,$0,$0,$0,$0,$0,$0,$0,$0,$0,$0,$0,$0,$0,$0,$0,$0,$0,$0
5,2017-05-31,19.41,$0.00,0.0,$2.10,9.23,$0.55,35.59,$0.24,80.31,$1.28B,$1.13B,1.13,$0.42B,$0.72B,0.59,$1.17B,$0.58B,49.40%,$1.17B,$0.15B,12.48%,$1.17B,$0.15B,12.48%,$1.17B,$0.15B,12.48%,$1.17B,$0.17B,14.79%,$1.17B,$0.13B,11.37%,$0.13B,$0.72B,19.87%,$0.13B,$0.41B,35.00%,$0.13B,$2.30B,7.19%,$0.15B,$1.14B,14.38%,$322,$170,$152,$0,$124,$293,$29,$9,$37,$8,$29,$28,$29,$29,$29,$494,576,$0.06,$0.05,$1119,$3,$0,$1280,$183,$359,$308,$148,$1016,$2296,$1132,$420,$3,$447,$1580,$0,$434,$63,$716,$2296,$0,$0,$0,$0,$0,$0,$0,$0,$0,$0,$0,$0,$0,$0,$0,$0,$0,$0,$0,$0,$0,$0,$0,$0,$0,$0,$0,$0,$0
6,2017-02-28,14.35,$1.38,10.41,$1.93,7.45,$0.55,26.31,$0.22,66.73,$0.87B,$0.67B,1.31,$0.45B,$0.68B,0.66,$1.04B,$0.52B,49.95%,$1.04B,$0.14B,12.94%,$1.04B,$0.14B,12.94%,$1.04B,$0.14B,12.94%,$1.04B,$0.16B,14.86%,$1.04B,$0.12B,11.22%,$0.12B,$0.68B,18.58%,$0.12B,$0.38B,29.87%,$0.12B,$1.83B,7.14%,$0.14B,$1.13B,14.55%,$316,$158,$158,$0,$115,$273,$43,$-1,$43,$9,$34,$32,$34,$43,$43,$488,566,$0.07,$0.06,$702,$3,$0,$871,$154,$348,$305,$134,$958,$1829,$667,$450,$3,$481,$1148,$0,$446,$56,$681,$1829,$112,$34,$25,$58,$0,$-2,$5,$204,$208,$379,$-71,$0,$-27,$-187,$-124,$-311,$-109,$-518,$213,$0,$213,$2,$2,$0,$-36,$179,$36,$36,$0
7,2016-11-30,12.7,$0.00,0.0,$1.71,7.41,$0.30,41.88,$0.18,71.85,$0.76B,$0.84B,0.91,$0.26B,$0.64B,0.41,$0.90B,$0.45B,49.78%,$0.90B,$0.11B,12.08%,$0.90B,$0.11B,12.08%,$0.90B,$0.13B,14.19%,$0.90B,$0.13B,14.52%,$0.90B,$0.09B,10.42%,$0.09B,$0.64B,16.50%,$0.09B,$0.34B,24.58%,$0.09B,$1.76B,6.50%,$0.11B,$0.90B,13.42%,$261,$132,$129,$0,$107,$238,$22,$-4,$18,$3,$15,$12,$14,$22,$22,$489,517,$0.03,$0.03,$678,$2,$0,$764,$140,$331,$300,$209,$994,$1758,$838,$259,$0,$281,$1119,$0,$406,$52,$639,$1758,$0,$0,$0,$0,$0,$0,$0,$0,$0,$0,$0,$0,$0,$0,$0,$0,$0,$0,$0,$0,$0,$0,$0,$0,$0,$0,$0,$0,$0
8,2016-08-31,9.92,$0.00,0.0,$1.50,6.62,$0.30,32.71,$0.17,58.32,$0.64B,$0.60B,1.08,$0.25B,$0.64B,0.4,$0.78B,$0.39B,49.68%,$0.78B,$0.10B,12.39%,$0.78B,$0.10B,12.39%,$0.78B,$0.12B,14.81%,$0.78B,$0.13B,15.96%,$0.78B,$0.09B,11.49%,$0.09B,$0.64B,17.47%,$0.09B,$0.40B,22.56%,$0.09B,$1.51B,7.04%,$0.10B,$0.90B,12.94%,$271,$132,$139,$0,$90,$220,$52,$23,$75,$18,$57,$55,$56,$52,$52,$486,565,$0.11,$0.10,$567,$2,$0,$643,$134,$352,$246,$127,$872,$1514,$596,$254,$0,$276,$872,$0,$398,$63,$642,$1514,$0,$0,$0,$0,$0,$0,$0,$0,$0,$0,$0,$0,$0,$0,$0,$0,$0,$0,$0,$0,$0,$0,$0,$0,$0,$0,$0,$0,$0
9,2016-05-31,8.87,$0.00,0.0,$1.33,6.65,$0.30,29.24,$0.19,47.07,$0.79B,$0.66B,1.2,$0.23B,$0.56B,0.41,$0.69B,$0.34B,50.07%,$0.69B,$0.08B,12.26%,$0.69B,$0.08B,12.26%,$0.69B,$0.10B,15.04%,$0.69B,$0.13B,19.12%,$0.69B,$0.10B,14.16%,$0.10B,$0.56B,21.26%,$0.10B,$0.46B,24.39%,$0.10B,$1.45B,8.52%,$0.08B,$0.79B,12.28%,$195,$100,$95,$0,$78,$178,$18,$1,$19,$4,$15,$13,$13,$18,$18,$485,509,$0.03,$0.03,$737,$1,$0,$790,$121,$385,$102,$46,$661,$1451,$657,$228,$0,$237,$894,$0,$343,$94,$557,$1451,$0,$0,$0,$0,$0,$0,$0,$0,$0,$0,$0,$0,$0,$0,$0,$0,$0,$0,$0,$0,$0,$0,$0,$0,$0,$0,$0,$0,$0
10,2016-02-29,8.59,$0.91,9.46,$1.19,7.24,$0.30,28.32,$0.20,42.95,$0.52B,$0.38B,1.35,$0.23B,$0.44B,0.52,$0.62B,$0.32B,51.05%,$0.62B,$0.09B,13.89%,$0.62B,$0.09B,13.89%,$0.62B,$0.11B,16.96%,$0.62B,$0.14B,21.97%,$0.62B,$0.10B,16.64%,$0.10B,$0.44B,25.59%,$0.10B,$0.34B,28.18%,$0.10B,$1.06B,10.15%,$0.09B,$0.67B,13.65%,$175,$89,$86,$0,$70,$158,$17,$3,$19,$8,$11,$11,$11,$36,$17,$482,505,$0.02,$0.02,$480,$1,$0,$516,$115,$274,$102,$46,$546,$1061,$383,$228,$0,$237,$621,$0,$329,$-1,$441,$1061,$103,$19,$-21,$19,$0,$0,$4,$69,$87,$188,$-35,$0,$-22,$-24,$-117,$-141,$-18,$-215,$0,$0,$0,$1,$1,$0,$0,$1,$-36,$26,$0
11,2015-11-30,7.31,$0.00,0.0,$1.09,6.71,$0.24,30.81,$0.21,35.38,$0.63B,$0.44B,1.45,$0.23B,$0.42B,0.54,$0.57B,$0.29B,51.85%,$0.57B,$0.08B,14.81%,$0.57B,$0.08B,14.81%,$0.57B,$0.08B,14.81%,$0.57B,$0.13B,23.28%,$0.57B,$0.11B,18.69%,$0.11B,$0.42B,28.59%,$0.11B,$0.41B,29.84%,$0.11B,$1.09B,11.24%,$0.08B,$0.65B,14.05%,$142,$73,$69,$0,$60,$133,$10,$3,$12,$3,$10,$10,$10,$10,$10,$480,496,$0.02,$0.02,$591,$0,$42,$633,$0,$231,$15,$94,$346,$1085,$435,$227,$0,$228,$663,$0,$319,$0,$421,$1085,$0,$0,$0,$0,$0,$0,$0,$0,$0,$0,$0,$0,$0,$0,$0,$0,$0,$0,$0,$0,$0,$0,$0,$0,$0,$0,$0,$0,$0
12,2015-08-31,5.09,$0.00,0.0,$1.00,5.07,$0.24,21.45,$0.21,24.44,$0.58B,$0.33B,1.79,$0.23B,$0.41B,0.56,$0.52B,$0.28B,52.48%,$0.52B,$0.08B,15.65%,$0.52B,$0.08B,15.65%,$0.52B,$0.08B,15.65%,$0.52B,$0.13B,25.19%,$0.52B,$0.11B,20.42%,$0.11B,$0.41B,31.33%,$0.11B,$0.39B,32.70%,$0.11B,$0.96B,12.18%,$0.08B,$0.63B,14.44%,$173,$80,$93,$0,$56,$134,$39,$42,$81,$18,$64,$63,$63,$39,$39,$480,548,$0.13,$0.12,$538,$0,$42,$581,$0,$190,$16,$64,$274,$959,$325,$227,$0,$227,$552,$0,$290,$0,$406,$959,$0,$0,$0,$0,$0,$0,$0,$0,$0,$0,$0,$0,$0,$0,$0,$0,$0,$0,$0,$0,$0,$0,$0,$0,$0,$0,$0,$0,$0
13,2015-05-31,6.01,$0.00,0.0,$0.91,6.59,$0.24,25.34,$0.15,41.46,$0.69B,$0.39B,1.78,$0.23B,$0.34B,0.66,$0.47B,$0.25B,53.07%,$0.47B,$0.07B,15.43%,$0.47B,$0.07B,15.43%,$0.47B,$0.07B,15.43%,$0.47B,$0.09B,18.18%,$0.47B,$0.07B,15.43%,$0.07B,$0.34B,23.40%,$0.07B,$0.33B,24.41%,$0.07B,$0.96B,8.86%,$0.07B,$0.57B,13.56%,$129,$61,$68,$0,$49,$110,$20,$4,$24,$5,$19,$19,$19,$20,$20,$479,548,$0.04,$0.04,$642,$0,$44,$687,$0,$110,$16,$38,$168,$955,$386,$226,$0,$227,$613,$0,$226,$0,$342,$955,$0,$0,$0,$0,$0,$0,$0,$0,$0,$0,$0,$0,$0,$0,$0,$0,$0,$0,$0,$0,$0,$0,$0,$0,$0,$0,$0,$0,$0
14,2015-02-28,5.1,$0.65,7.8,$0.86,5.93,$0.24,21.49,$0.14,37.77,$0.54B,$0.23B,2.32,$0.23B,$0.33B,0.68,$0.43B,$0.23B,53.12%,$0.43B,$0.07B,15.47%,$0.43B,$0.07B,15.47%,$0.43B,$0.07B,15.47%,$0.43B,$0.08B,18.01%,$0.43B,$0.07B,15.47%,$0.07B,$0.31B,23.16%,$0.07B,$0.30B,24.12%,$0.07B,$0.77B,8.68%,$0.07B,$0.54B,14.60%,$123,$59,$64,$0,$49,$108,$15,$0,$15,$1,$14,$14,$14,$15,$15,$477,492,$0.03,$0.03,$493,$1,$46,$539,$122,$97,$16,$24,$262,$772,$233,$226,$0,$226,$459,$0,$226,$4,$314,$772,$67,$12,$16,$12,$0,$-0,$2,$42,$0,$148,$-31,$-0,$0,$-22,$-75,$-75,$-40,$-146,$225,$0,$225,$0,$0,$0,$-23,$202,$200,$18,$0
15,2014-11-30,5.1,$0.00,0.0,$0.79,6.46,$0.19,27.21,$0.14,35.99,$0.61B,$0.30B,2.04,$0.23B,$0.30B,0.74,$0.40B,$0.21B,53.40%,$0.40B,$0.07B,16.88%,$0.40B,$0.07B,16.88%,$0.40B,$0.07B,16.88%,$0.40B,$0.08B,20.15%,$0.40B,$0.07B,17.63%,$0.07B,$0.30B,25.39%,$0.07B,$0.29B,26.34%,$0.07B,$0.83B,10.20%,$0.07B,$0.53B,17.23%,$99,$49,$50,$0,$42,$91,$8,$3,$12,$0,$11,$11,$11,$8,$8,$476,495,$0.02,$0.02,$569,$0,$41,$610,$0,$85,$10,$32,$128,$829,$299,$226,$0,$226,$525,$0,$198,$0,$304,$829,$0,$0,$0,$0,$0,$0,$0,$0,$0,$0,$0,$0,$0,$0,$0,$0,$0,$0,$0,$0,$0,$0,$0,$0,$0,$0,$0,$0,$0
16,2014-08-31,5.68,$0.00,0.0,$0.74,7.67,$0.19,30.29,$0.15,39.15,$0.58B,$0.23B,2.56,$0.23B,$0.29B,0.78,$0.37B,$0.20B,53.76%,$0.37B,$0.07B,18.82%,$0.37B,$0.07B,18.82%,$0.37B,$0.07B,18.82%,$0.37B,$0.08B,22.04%,$0.37B,$0.07B,19.35%,$0.07B,$0.29B,27.61%,$0.07B,$0.28B,28.49%,$0.07B,$0.74B,12.15%,$0.07B,$0.51B,22.06%,$122,$53,$69,$0,$39,$92,$30,$4,$35,$5,$29,$29,$29,$30,$30,$474,543,$0.06,$0.06,$530,$0,$48,$578,$0,$38,$11,$26,$75,$740,$226,$225,$0,$225,$452,$0,$187,$0,$288,$740,$0,$0,$0,$0,$0,$0,$0,$0,$0,$0,$0,$0,$0,$0,$0,$0,$0,$0,$0,$0,$0,$0,$0,$0,$0,$0,$0,$0,$0
17,2014-05-31,3.82,$0.00,0.0,$0.71,5.4,$0.19,20.36,$0.14,27.94,$0.62B,$0.27B,2.27,$0.00B,$0.25B,0.0,$0.34B,$0.18B,52.63%,$0.34B,$0.06B,18.71%,$0.34B,$0.06B,18.71%,$0.34B,$0.06B,18.71%,$0.34B,$0.07B,21.64%,$0.34B,$0.07B,19.30%,$0.07B,$0.25B,26.83%,$0.07B,$0.24B,27.50%,$0.07B,$0.75B,12.97%,$0.06B,$0.25B,26.02%,$89,$42,$47,$0,$34,$75,$14,$2,$16,$2,$13,$13,$13,$14,$14,$473,485,$0.03,$0.03,$579,$0,$36,$615,$0,$28,$11,$14,$53,$748,$271,$0,$225,$225,$496,$0,$158,$0,$251,$748,$0,$0,$0,$0,$0,$0,$0,$0,$0,$0,$0,$0,$0,$0,$0,$0,$0,$0,$0,$0,$0,$0,$0,$0,$0,$0,$0,$0,$0
18,2014-02-28,3.94,$0.00,0.0,$0.65,6.03,$0.19,21.01,$0.13,31.5,$0.30B,$0.17B,1.8,$0.00B,$0.26B,0.0,$0.31B,$0.16B,51.59%,$0.31B,$0.06B,18.15%,$0.31B,$0.06B,18.15%,$0.31B,$0.06B,18.15%,$0.31B,$0.07B,21.34%,$0.31B,$0.06B,19.43%,$0.06B,$0.26B,26.07%,$0.06B,$0.25B,26.52%,$0.06B,$0.43B,14.64%,$0.06B,$0.26B,24.36%,$87,$41,$46,$0,$31,$72,$15,$2,$17,$0,$17,$17,$17,$15,$15,$472,484,$0.04,$0.04,$270,$0,$30,$300,$0,$27,$10,$11,$49,$428,$167,$0,$1,$1,$168,$0,$144,$0,$260,$428,$61,$10,$7,$10,$0,$0,$0,$32,$23,$102,$-11,$-0,$-8,$24,$-22,$-20,$22,$-17,$0,$0,$0,$0,$0,$0,$0,$0,$85,$8,$0
19,2013-11-30,3.27,$0.00,0.0,$0.60,5.45,$0.13,25.87,$0.11,31.14,$0.36B,$0.21B,1.72,$0.00B,$0.24B,0.0,$0.29B,$0.14B,50.17%,$0.29B,$0.05B,16.72%,$0.29B,$0.05B,16.72%,$0.29B,$0.05B,16.72%,$0.29B,$0.06B,19.86%,$0.29B,$0.05B,17.77%,$0.05B,$0.24B,23.53%,$0.05B,$0.24B,23.75%,$0.05B,$0.45B,13.12%,$0.05B,$0.24B,22.15%,$74,$36,$38,$0,$27,$62,$11,$3,$14,$2,$13,$13,$13,$11,$11,$471,484,$0.03,$0.03,$334,$0,$25,$359,$0,$3,$2,$10,$15,$454,$209,$0,$1,$1,$210,$0,$130,$0,$244,$454,$0,$0,$0,$0,$0,$0,$0,$0,$0,$0,$0,$0,$0,$0,$0,$0,$0,$0,$0,$0,$0,$0,$0,$0,$0,$0,$0,$0,$0
20,2013-08-31,1.91,$0.00,0.0,$0.55,3.46,$0.13,15.12,$0.09,20.84,$0.31B,$0.17B,1.79,$0.00B,$0.23B,0.0,$0.26B,$0.13B,48.85%,$0.26B,$0.04B,15.27%,$0.26B,$0.04B,15.27%,$0.26B,$0.04B,15.27%,$0.26B,$0.05B,18.70%,$0.26B,$0.04B,16.79%,$0.04B,$0.23B,21.84%,$0.04B,$0.23B,22.08%,$0.04B,$0.41B,12.11%,$0.04B,$0.23B,19.85%,$92,$43,$49,$0,$25,$68,$24,$2,$27,$3,$23,$23,$23,$24,$24,$469,479,$0.05,$0.05,$295,$0,$16,$312,$0,$3,$2,$9,$15,$405,$174,$0,$1,$1,$176,$0,$118,$0,$229,$405,$0,$0,$0,$0,$0,$0,$0,$0,$0,$0,$0,$0,$0,$0,$0,$0,$0,$0,$0,$0,$0,$0,$0,$0,$0,$0,$0,$0,$0
21,2013-05-31,1.65,$0.00,0.0,$0.51,3.26,$0.13,13.06,$0.08,21.06,$0.29B,$0.18B,1.64,$0.00B,$0.20B,0.0,$0.24B,$0.12B,48.32%,$0.24B,$0.03B,13.87%,$0.24B,$0.03B,13.87%,$0.24B,$0.03B,13.87%,$0.24B,$0.04B,16.81%,$0.24B,$0.04B,15.55%,$0.04B,$0.20B,18.76%,$0.04B,$0.20B,18.97%,$0.04B,$0.38B,10.67%,$0.03B,$0.20B,16.73%,$61,$32,$29,$0,$23,$55,$7,$3,$9,$1,$8,$8,$8,$7,$7,$468,475,$0.02,$0.02,$275,$0,$15,$290,$0,$3,$2,$7,$14,$380,$177,$0,$0,$0,$177,$0,$94,$0,$203,$380,$0,$0,$0,$0,$0,$0,$0,$0,$0,$0,$0,$0,$0,$0,$0,$0,$0,$0,$0,$0,$0,$0,$0,$0,$0,$0,$0,$0,$0
22,2013-02-28,1.35,$0.00,0.0,$0.48,2.8,$0.13,10.68,$0.07,18.84,$0.23B,$0.12B,1.82,$0.00B,$0.19B,0.0,$0.23B,$0.11B,48.67%,$0.23B,$0.03B,14.16%,$0.23B,$0.03B,14.16%,$0.23B,$0.03B,14.16%,$0.23B,$0.04B,16.37%,$0.23B,$0.03B,15.04%,$0.03B,$0.19B,17.39%,$0.03B,$0.19B,17.57%,$0.03B,$0.32B,10.23%,$0.03B,$0.19B,16.37%,$60,$31,$28,$0,$23,$54,$6,$1,$7,$0,$7,$7,$7,$6,$6,$468,470,$0.02,$0.02,$212,$0,$14,$226,$0,$5,$2,$5,$13,$316,$124,$0,$0,$0,$125,$0,$86,$0,$191,$316,$33,$7,$0,$7,$0,$0,$0,$0,$16,$65,$-6,$0,$0,$0,$0,$-5,$-17,$-28,$0,$0,$0,$0,$-2,$-39,$0,$-41,$-3,$0,$0
23,2012-11-30,1.29,$0.00,0.0,$0.47,2.77,$0.00,0.0,$0.07,17.6,$0.27B,$0.17B,1.57,$0.00B,$0.18B,0.0,$0.22B,$0.11B,48.62%,$0.22B,$0.03B,14.68%,$0.22B,$0.03B,14.68%,$0.22B,$0.03B,14.68%,$0.22B,$0.04B,17.43%,$0.22B,$0.04B,16.06%,$0.04B,$0.18B,17.93%,$0.04B,$0.18B,18.09%,$0.04B,$0.35B,10.70%,$0.03B,$0.18B,16.39%,$49,$27,$22,$0,$19,$46,$3,$3,$6,$1,$6,$6,$6,$3,$3,$467,468,$0.01,$0.01,$251,$0,$15,$266,$0,$2,$2,$6,$11,$352,$169,$0,$0,$0,$169,$0,$81,$0,$183,$352,$0,$0,$0,$0,$0,$0,$0,$0,$0,$0,$0,$0,$0,$0,$0,$0,$0,$0,$0,$0,$0,$0,$0,$0,$0,$0,$0,$0,$0
24,2012-08-31,1.08,$0.00,0.0,$0.45,2.4,$0.00,0.0,$0.07,16.56,$0.25B,$0.13B,2.0,$0.00B,$0.21B,0.0,$0.21B,$0.10B,48.10%,$0.21B,$0.03B,14.29%,$0.21B,$0.03B,14.29%,$0.21B,$0.03B,14.29%,$0.21B,$0.03B,16.19%,$0.21B,$0.03B,14.29%,$0.03B,$0.21B,15.42%,$0.03B,$0.21B,15.52%,$0.03B,$0.34B,9.75%,$0.03B,$0.21B,15.42%,$68,$32,$36,$0,$20,$51,$17,$2,$18,$2,$16,$16,$16,$17,$17,$466,469,$0.04,$0.04,$239,$0,$13,$253,$0,$2,$2,$6,$11,$339,$126,$0,$0,$0,$127,$0,$76,$0,$212,$339,$0,$0,$0,$0,$0,$0,$0,$0,$0,$0,$0,$0,$0,$0,$0,$0,$0,$0,$0,$0,$0,$0,$0,$0,$0,$0,$0,$0,$0
25,2012-05-31,1.51,$0.00,0.0,$0.39,3.86,$0.00,0.0,$0.06,25.9,$0.24B,$0.13B,1.88,$0.00B,$0.20B,0.0,$0.17B,$0.07B,41.38%,$0.17B,$0.00B,2.30%,$0.17B,$0.00B,2.30%,$0.17B,$0.00B,2.30%,$0.17B,$0.03B,16.67%,$0.17B,$0.03B,14.37%,$0.03B,$0.20B,13.46%,$0.03B,$0.20B,13.53%,$0.03B,$0.32B,8.63%,$0.00B,$0.20B,2.15%,$49,$26,$24,$0,$18,$43,$6,$-0,$6,$1,$5,$5,$5,$6,$6,$465,470,$0.01,$0.01,$224,$0,$11,$236,$0,$2,$1,$6,$10,$322,$125,$0,$0,$0,$125,$0,$60,$0,$196,$322,$0,$0,$0,$0,$0,$0,$0,$0,$0,$0,$0,$0,$0,$0,$0,$0,$0,$0,$0,$0,$0,$0,$0,$0,$0,$0,$0,$0,$0
26,2012-02-29,1.58,$0.00,0.0,$0.36,4.42,$0.00,0.0,$0.06,27.08,$0.21B,$0.10B,2.01,$0.00B,$0.19B,0.0,$0.16B,$0.06B,39.87%,$0.16B,$0.00B,0.63%,$0.16B,$0.00B,0.63%,$0.16B,$0.00B,0.63%,$0.16B,$0.03B,18.35%,$0.16B,$0.03B,15.82%,$0.03B,$0.19B,14.08%,$0.03B,$0.19B,14.16%,$0.03B,$0.30B,9.29%,$0.00B,$0.19B,0.56%,$52,$29,$24,$0,$17,$46,$6,$2,$8,$1,$8,$8,$8,$6,$6,$465,468,$0.02,$0.02,$199,$0,$11,$210,$0,$0,$1,$6,$8,$295,$104,$0,$0,$0,$105,$0,$55,$0,$190,$295,$24,$6,$0,$6,$0,$0,$0,$0,$35,$73,$-73,$0,$0,$0,$0,$16,$-2,$-59,$0,$0,$0,$0,$-0,$0,$-0,$-0,$15,$0,$0
27,2011-11-30,1.47,$0.00,0.0,$0.32,4.62,$0.10,14.09,$0.06,24.51,$0.19B,$0.10B,2.04,$0.00B,$0.18B,0.0,$0.14B,$0.07B,52.14%,$0.14B,$0.03B,20.71%,$0.14B,$0.03B,20.71%,$0.14B,$0.03B,20.71%,$0.14B,$0.06B,39.29%,$0.14B,$0.03B,17.86%,$0.03B,$0.18B,14.81%,$0.03B,$0.18B,14.90%,$0.03B,$0.28B,10.00%,$0.03B,$0.18B,17.19%,$41,$24,$17,$0,$16,$39,$1,$1,$2,$0,$1,$1,$1,$1,$1,$465,468,$0.00,$0.00,$180,$0,$13,$194,$0,$0,$1,$67,$68,$275,$95,$0,$0,$0,$95,$0,$49,$0,$180,$275,$0,$0,$0,$0,$0,$0,$0,$0,$0,$0,$0,$0,$0,$0,$0,$0,$0,$0,$0,$0,$0,$0,$0,$0,$0,$0,$0,$0,$0
28,2011-08-31,1.8,$0.00,0.0,$0.28,6.37,$0.10,17.26,$0.06,29.19,$0.25B,$0.09B,2.79,$0.00B,$0.18B,0.0,$0.12B,$0.07B,53.66%,$0.12B,$0.03B,24.39%,$0.12B,$0.03B,24.39%,$0.12B,$0.03B,24.39%,$0.12B,$0.06B,45.53%,$0.12B,$0.03B,21.14%,$0.03B,$0.18B,16.30%,$0.03B,$0.18B,16.40%,$0.03B,$0.27B,11.29%,$0.03B,$0.18B,18.81%,$32,$25,$7,$0,$16,$41,$-9,$2,$13,$2,$11,$10,$11,$-9,$-9,$371,371,$0.03,$0.03,$212,$0,$37,$249,$0,$0,$1,$4,$6,$267,$89,$0,$0,$0,$90,$0,$48,$0,$177,$267,$0,$0,$0,$0,$0,$0,$0,$0,$0,$0,$0,$0,$0,$0,$0,$0,$0,$0,$0,$0,$0,$0,$0,$0,$0,$0,$0,$0,$0
