,Date,Stock Price,Book Value per Share,Price to Book Ratio,TTM Sales per Share,Price to Sales Ratio,TTM FCF per Share,Price to FCF Ratio,TTM Net EPS,PE Ratio,Current Assets,Current Liabilities,Current Ratio,Long Term Debt,Shareholder's Equity_x,Debt to Equity Ratio,TTM Revenue_x,TTM Gross Profit,Gross Margin,TTM Revenue_y,TTM Operating Income,Operating Margin,TTM Revenue_x,TTM EBIT,EBIT Margin,TTM Revenue_y,TTM EBITDA,EBITDA Margin,TTM Revenue_x,TTM Pre-Tax Income,Pre-Tax Margin,TTM Revenue_y,TTM Net Income_x,Net Margin,TTM Net Income_y,Shareholder's Equity_y,Return on Equity,TTM Net Income_x,Tangible Equity,Return on Tangible Equity,TTM Net Income_y,Total Assets,Return on Assets,TTM Net Income,LT Investments & Debt,Return on Investment,revenue,cost-goods-sold,gross-profit,research-development-expenses,selling-general-administrative-expenses,operating-expenses,operating-income,total-non-operating-income-expense,pre-tax-income,total-provision-income-taxes,income-after-taxes,income-from-continuous-operations,net-income,ebitda,ebit,basic-shares-outstanding,shares-outstanding,eps-basic-net-earnings-per-share,eps-earnings-per-share-diluted,cash-on-hand,inventory,other-current-assets,total-current-assets,net-property-plant-equipment,long-term-investments,goodwill-intangible-assets-total,other-long-term-assets,total-long-term-assets,total-assets,total-current-liabilities,long-term-debt,other-non-current-liabilities,total-long-term-liabilities,total-liabilities,common-stock-net,retained-earnings-accumulated-deficit,comprehensive-income,total-share-holder-equity,total-liabilities-share-holders-equity,net-income-loss,total-depreciation-amortization-cash-flow,other-non-cash-items,total-non-cash-items,change-in-accounts-receivable,change-in-inventories,change-in-accounts-payable,change-in-assets-liabilities,total-change-in-assets-liabilities,cash-flow-from-operating-activities,net-change-in-property-plant-equipment,net-change-in-intangible-assets,net-acquisitions-divestitures,net-change-in-short-term-investments,net-change-in-long-term-investments,net-change-in-investments-total,investing-activities-other,cash-flow-from-investing-activities,net-long-term-debt,net-current-debt,debt-issuance-retirement-net-total,net-common-equity-issued-repurchased,net-total-equity-issued-repurchased,total-common-preferred-stock-dividends-paid,financial-activities-other,cash-flow-from-financial-activities,net-cash-flow,stock-based-compensation,common-stock-dividends-paid
0,2018-09-30,98.3,$0.00,0.0,$16.24,6.05,$20.07,4.9,$4.33,22.7,$1.87B,$0.20B,9.19,$0.00B,$0.00B,0.0,$0.64B,$0.43B,66.93%,$0.64B,$0.28B,43.32%,$0.64B,$0.28B,43.32%,$0.64B,$0.30B,45.81%,$0.64B,$0.33B,51.55%,$0.64B,$0.23B,36.34%,$0.23B,$2.35B,10.35%,$0.23B,$2.35B,10.35%,$0.23B,$2.56B,9.47%,$0.28B,$2.35B,12.34%,$159,$50,$109,$15,$19,$80,$79,$3,$82,$19,$63,$63,$63,$83,$79,$39,39,$1.60,$1.60,$1422,$153,$0,$1865,$198,$336,$0,$30,$691,$2556,$203,$0,$0,$5,$208,$0,$0,$0,$2348,$2556,$130,$9,$-11,$-2,$44,$-8,$0,$0,$30,$158,$-12,$-1,$0,$66,$71,$137,$0,$124,$0,$0,$0,$-32,$-32,$0,$0,$-32,$249,$0,$0
1,2018-06-30,115.69,$0.00,0.0,$16.40,7.06,$19.50,5.93,$5.63,20.55,$1.83B,$0.19B,9.52,$0.00B,$0.00B,0.0,$0.66B,$0.45B,68.24%,$0.66B,$0.29B,44.12%,$0.66B,$0.29B,44.12%,$0.66B,$0.31B,46.56%,$0.66B,$0.31B,47.18%,$0.66B,$0.22B,34.05%,$0.22B,$2.28B,10.02%,$0.22B,$2.28B,10.02%,$0.22B,$2.48B,9.15%,$0.29B,$2.28B,12.99%,$155,$55,$100,$13,$24,$91,$63,$18,$82,$14,$67,$67,$67,$67,$63,$39,39,$1.71,$1.71,$1414,$141,$0,$1833,$195,$298,$0,$29,$645,$2478,$193,$0,$0,$5,$198,$0,$0,$0,$2280,$2478,$67,$4,$-24,$-20,$50,$3,$-17,$0,$35,$82,$65,$-0,$0,$-108,$51,$-56,$0,$8,$0,$0,$0,$-25,$-25,$0,$0,$-25,$65,$0,$0
2,2018-03-31,98.74,$0.00,0.0,$16.44,6.01,$17.44,5.66,$5.27,18.74,$1.90B,$0.22B,8.79,$0.00B,$0.00B,0.0,$0.66B,$0.46B,70.20%,$0.66B,$0.30B,45.99%,$0.66B,$0.30B,45.99%,$0.66B,$0.32B,48.26%,$0.66B,$0.29B,44.18%,$0.66B,$0.21B,31.77%,$0.21B,$2.21B,9.58%,$0.21B,$2.21B,9.58%,$0.21B,$2.43B,8.73%,$0.30B,$2.21B,13.87%,$175,$56,$119,$20,$24,$100,$75,$22,$97,$11,$87,$87,$86,$79,$75,$40,40,$2.16,$2.16,$1423,$145,$0,$1897,$194,$226,$0,$30,$537,$2433,$216,$0,$0,$7,$223,$0,$0,$0,$2210,$2433,$210,$16,$89,$106,$-0,$-2,$9,$13,$8,$324,$-26,$-3,$0,$-609,$396,$-213,$0,$-242,$0,$0,$0,$-107,$-107,$0,$0,$-107,$-24,$0,$0
3,2017-12-31,104.71,$0.00,0.0,$16.83,6.22,$19.95,5.25,$5.15,20.33,$1.91B,$0.21B,8.93,$0.00B,$0.00B,0.0,$0.68B,$0.49B,71.70%,$0.68B,$0.33B,48.53%,$0.68B,$0.33B,48.53%,$0.68B,$0.35B,50.73%,$0.68B,$0.30B,43.26%,$0.68B,$0.21B,30.35%,$0.21B,$2.20B,9.59%,$0.21B,$2.20B,9.59%,$0.21B,$2.42B,8.73%,$0.33B,$2.20B,15.34%,$155,$53,$103,$17,$22,$94,$62,$9,$71,$54,$17,$17,$18,$66,$62,$40,40,$0.45,$0.45,$1392,$149,$0,$1907,$190,$214,$0,$31,$515,$2422,$214,$0,$0,$5,$218,$0,$0,$0,$2203,$2422,$124,$12,$114,$126,$-22,$-5,$0,$0,$-24,$226,$-18,$-2,$0,$-373,$188,$-185,$0,$-204,$0,$0,$0,$-55,$-55,$0,$0,$-55,$-31,$0,$0
4,2017-09-30,112.69,$0.00,0.0,$18.34,6.15,$21.94,5.14,$8.12,13.88,$1.93B,$0.20B,9.56,$0.00B,$0.00B,0.0,$0.75B,$0.55B,74.03%,$0.75B,$0.40B,53.28%,$0.75B,$0.40B,53.28%,$0.75B,$0.41B,55.29%,$0.75B,$0.39B,51.54%,$0.75B,$0.33B,44.04%,$0.33B,$2.21B,15.61%,$0.33B,$2.21B,15.61%,$0.33B,$2.41B,14.14%,$0.40B,$2.21B,18.88%,$170,$45,$125,$18,$18,$81,$89,$-29,$59,$7,$53,$53,$52,$93,$89,$40,40,$1.30,$1.30,$1399,$150,$0,$1927,$188,$142,$0,$31,$487,$2414,$202,$0,$0,$5,$206,$0,$0,$0,$2208,$2414,$107,$8,$72,$79,$-34,$-6,$0,$0,$-48,$139,$-12,$-2,$0,$-260,$76,$-184,$0,$-198,$0,$0,$0,$-40,$-40,$0,$0,$-40,$-97,$0,$0
5,2017-06-30,112.06,$0.00,0.0,$19.66,5.7,$23.00,4.87,$9.82,11.41,$1.93B,$0.21B,9.4,$0.00B,$0.00B,0.0,$0.81B,$0.61B,75.06%,$0.81B,$0.45B,55.96%,$0.81B,$0.45B,55.96%,$0.81B,$0.47B,57.69%,$0.81B,$0.49B,60.30%,$0.81B,$0.40B,49.75%,$0.40B,$2.15B,19.70%,$0.40B,$2.15B,19.70%,$0.40B,$2.36B,17.73%,$0.45B,$2.15B,22.16%,$161,$45,$117,$15,$24,$84,$78,$-13,$65,$10,$55,$55,$54,$81,$78,$40,40,$1.35,$1.35,$1445,$144,$1,$1934,$183,$71,$0,$31,$424,$2358,$206,$0,$0,$6,$212,$0,$0,$0,$2146,$2358,$55,$4,$23,$27,$-3,$-2,$-3,$0,$-9,$73,$-5,$-2,$0,$-275,$47,$-228,$0,$-235,$0,$0,$0,$-8,$-8,$0,$0,$-8,$-170,$0,$0
6,2017-03-31,116.62,$51.19,2.28,$21.19,5.5,$22.42,5.2,$11.06,10.54,$2.00B,$0.21B,9.53,$0.00B,$2.07B,0.0,$0.88B,$0.67B,76.34%,$0.88B,$0.52B,58.70%,$0.88B,$0.52B,58.70%,$0.88B,$0.53B,60.30%,$0.88B,$0.56B,63.82%,$0.88B,$0.46B,51.99%,$0.46B,$2.07B,23.10%,$0.46B,$2.07B,23.10%,$0.46B,$2.29B,20.64%,$0.52B,$2.07B,26.08%,$196,$53,$144,$20,$22,$95,$102,$-1,$100,$17,$83,$83,$83,$106,$102,$41,41,$2.04,$2.04,$1387,$141,$1,$1999,$180,$71,$0,$30,$291,$2290,$210,$0,$4,$6,$216,$1,$2451,$-148,$2074,$2290,$457,$15,$46,$61,$30,$-4,$-2,$-75,$-80,$438,$-27,$-0,$0,$196,$-287,$-90,$0,$-118,$0,$0,$0,$-295,$-295,$0,$0,$-295,$24,$0,$0
7,2016-12-31,105.27,$0.00,0.0,$22.63,4.65,$21.27,4.95,$11.69,9.01,$1.78B,$0.24B,7.44,$0.00B,$0.00B,0.0,$0.95B,$0.75B,79.22%,$0.95B,$0.60B,62.87%,$0.95B,$0.60B,62.87%,$0.95B,$0.61B,64.24%,$0.95B,$0.60B,63.19%,$0.95B,$0.49B,51.58%,$0.49B,$2.00B,25.15%,$0.49B,$2.00B,25.15%,$0.49B,$2.25B,22.34%,$0.60B,$2.00B,30.65%,$220,$53,$167,$18,$20,$91,$129,$32,$161,$20,$140,$140,$140,$133,$129,$41,41,$3.42,$3.42,$1108,$146,$1,$1782,$173,$259,$0,$33,$465,$2247,$239,$0,$0,$5,$245,$0,$0,$0,$2002,$2247,$374,$11,$-47,$-36,$3,$-9,$0,$0,$-17,$320,$-26,$1,$0,$251,$-302,$-51,$0,$-76,$0,$0,$0,$-270,$-270,$0,$0,$-270,$-27,$0,$0
8,2016-09-30,110.51,$0.00,0.0,$23.28,4.75,$19.38,5.7,$12.68,8.72,$1.58B,$0.23B,6.99,$0.00B,$0.00B,0.0,$0.99B,$0.80B,80.93%,$0.99B,$0.64B,64.91%,$0.99B,$0.64B,64.91%,$0.99B,$0.65B,66.23%,$0.99B,$0.64B,64.81%,$0.99B,$0.54B,54.56%,$0.54B,$1.92B,27.90%,$0.54B,$1.92B,27.90%,$0.54B,$2.15B,24.75%,$0.64B,$1.92B,33.19%,$229,$52,$177,$15,$21,$87,$142,$18,$160,$36,$124,$124,$124,$145,$142,$41,41,$3.00,$3.00,$909,$150,$1,$1579,$171,$366,$0,$34,$572,$2151,$226,$0,$0,$5,$231,$0,$0,$0,$1920,$2151,$234,$7,$-18,$-11,$2,$-12,$0,$0,$-31,$193,$-19,$-0,$0,$138,$-282,$-143,$0,$-163,$0,$0,$0,$-241,$-241,$0,$0,$-241,$-211,$0,$0
9,2016-06-30,145.6,$0.00,0.0,$22.69,6.42,$18.04,8.07,$12.79,11.38,$1.69B,$0.24B,6.92,$0.00B,$0.00B,0.0,$0.97B,$0.79B,81.53%,$0.97B,$0.62B,64.29%,$0.97B,$0.62B,64.29%,$0.97B,$0.64B,65.74%,$0.97B,$0.64B,66.36%,$0.97B,$0.55B,56.45%,$0.55B,$1.92B,29.53%,$0.55B,$1.92B,29.53%,$0.55B,$2.17B,25.91%,$0.62B,$1.92B,33.62%,$234,$51,$183,$18,$22,$91,$143,$-2,$140,$30,$110,$110,$110,$146,$143,$42,42,$2.59,$2.59,$975,$148,$1,$1685,$165,$284,$0,$35,$483,$2168,$243,$0,$0,$6,$249,$0,$0,$0,$1919,$2168,$110,$4,$-13,$-10,$-32,$-9,$0,$0,$-44,$56,$-9,$-0,$0,$91,$-144,$-53,$0,$-62,$0,$0,$0,$-132,$-132,$0,$0,$-132,$-138,$0,$0
10,2016-03-31,143.25,$47.93,2.99,$22.20,6.45,$18.47,7.75,$12.62,11.35,$1.88B,$0.25B,7.65,$0.00B,$1.94B,0.0,$0.95B,$0.78B,82.00%,$0.95B,$0.61B,64.63%,$0.95B,$0.61B,64.63%,$0.95B,$0.63B,66.21%,$0.95B,$0.64B,67.05%,$0.95B,$0.54B,56.95%,$0.54B,$1.94B,30.83%,$0.54B,$1.94B,30.83%,$0.54B,$2.19B,26.83%,$0.61B,$1.94B,34.94%,$265,$41,$224,$20,$23,$83,$182,$-44,$138,$23,$115,$115,$115,$185,$182,$43,43,$2.68,$2.68,$1229,$139,$1,$1878,$159,$115,$0,$36,$310,$2188,$245,$0,$3,$5,$251,$1,$1995,$-123,$1937,$2188,$541,$15,$-24,$15,$-20,$-19,$-1,$-91,$-137,$395,$-19,$-0,$0,$-220,$-81,$-301,$35,$-285,$-6,$0,$-6,$-9,$-9,$0,$0,$-15,$95,$0,$0
11,2015-12-31,154.55,$0.00,0.0,$21.71,7.12,$18.72,8.26,$13.50,11.45,$1.88B,$0.25B,7.65,$0.00B,$0.00B,0.0,$0.93B,$0.76B,81.27%,$0.93B,$0.59B,63.72%,$0.93B,$0.59B,63.72%,$0.93B,$0.61B,65.45%,$0.93B,$0.69B,74.17%,$0.93B,$0.58B,62.22%,$0.58B,$1.94B,35.57%,$0.58B,$1.94B,35.68%,$0.58B,$2.19B,30.36%,$0.59B,$1.94B,36.35%,$258,$44,$214,$18,$23,$85,$173,$28,$201,$12,$189,$189,$189,$177,$173,$43,43,$4.41,$4.41,$1229,$139,$1,$1878,$0,$0,$0,$52,$52,$2188,$245,$0,$0,$5,$251,$0,$0,$0,$1937,$2070,$426,$11,$-101,$-90,$-75,$-10,$0,$0,$-97,$240,$-13,$-0,$0,$-9,$-201,$-209,$35,$-188,$-6,$0,$-6,$0,$0,$0,$0,$-6,$42,$0,$0
12,2015-09-30,142.89,$0.00,0.0,$21.23,6.73,$17.61,8.12,$12.42,11.5,$1.71B,$0.28B,6.19,$0.00B,$0.00B,0.0,$0.91B,$0.74B,80.86%,$0.91B,$0.58B,63.59%,$0.91B,$0.58B,63.59%,$0.91B,$0.59B,65.35%,$0.91B,$0.66B,72.50%,$0.91B,$0.53B,58.42%,$0.53B,$1.62B,36.09%,$0.53B,$1.62B,36.21%,$0.53B,$1.90B,30.23%,$0.58B,$1.62B,39.15%,$212,$43,$169,$19,$24,$87,$125,$39,$164,$30,$134,$134,$133,$129,$125,$43,43,$3.11,$3.11,$1062,$126,$1,$1708,$0,$0,$0,$42,$42,$1901,$276,$4,$0,$10,$286,$0,$0,$0,$1616,$1901,$237,$8,$-50,$-42,$-30,$-7,$0,$0,$-65,$129,$-7,$-0,$0,$-108,$-5,$-113,$0,$-120,$-0,$0,$-0,$0,$0,$0,$0,$-0,$6,$0,$0
13,2015-06-30,143.69,$0.00,0.0,$22.13,6.49,$16.74,8.58,$12.66,11.35,$1.57B,$0.25B,6.31,$0.01B,$0.00B,0.0,$0.95B,$0.76B,80.59%,$0.95B,$0.61B,64.66%,$0.95B,$0.61B,64.66%,$0.95B,$0.63B,66.35%,$0.95B,$0.67B,70.15%,$0.95B,$0.54B,57.07%,$0.54B,$1.53B,39.55%,$0.54B,$1.53B,39.69%,$0.54B,$1.79B,32.92%,$0.61B,$1.54B,44.64%,$215,$43,$172,$15,$23,$81,$134,$-1,$134,$30,$104,$104,$104,$138,$134,$43,43,$2.42,$2.42,$998,$119,$0,$1571,$0,$0,$0,$65,$65,$1789,$249,$5,$0,$10,$259,$0,$0,$0,$1530,$1789,$104,$4,$-0,$4,$16,$1,$0,$0,$-39,$68,$-2,$-0,$0,$-92,$-20,$-112,$0,$-115,$-0,$0,$-0,$0,$0,$0,$0,$-0,$-43,$0,$0
14,2015-03-31,141.03,$34.95,4.03,$20.15,7.0,$15.90,8.87,$11.32,12.46,$1.51B,$0.31B,4.88,$0.01B,$2.98B,0.0,$0.86B,$0.68B,78.45%,$0.86B,$0.53B,61.07%,$0.86B,$0.53B,61.07%,$0.86B,$0.54B,62.92%,$0.86B,$0.58B,67.44%,$0.86B,$0.48B,55.97%,$0.48B,$1.42B,38.42%,$0.48B,$1.40B,38.58%,$0.48B,$1.74B,31.51%,$0.53B,$1.42B,41.74%,$244,$45,$200,$24,$16,$84,$160,$29,$190,$37,$153,$153,$152,$164,$160,$43,43,$3.56,$3.56,$920,$120,$0,$1514,$370,$0,$20,$50,$440,$1738,$310,$5,$0,$10,$320,$1,$1454,$-111,$1417,$1738,$485,$16,$-84,$16,$-89,$-7,$-1,$68,$0,$407,$-20,$-0,$0,$-43,$2,$-43,$-29,$-92,$-11,$-11,$0,$0,$0,$0,$0,$-11,$272,$0,$0
15,2014-12-31,148.19,$0.00,0.0,$18.82,7.88,$14.72,10.06,$9.86,15.03,$1.35B,$0.27B,5.07,$0.01B,$0.00B,0.0,$0.81B,$0.62B,76.67%,$0.81B,$0.47B,57.82%,$0.81B,$0.47B,57.82%,$0.81B,$0.48B,59.93%,$0.81B,$0.50B,61.91%,$0.81B,$0.42B,52.23%,$0.42B,$1.32B,36.36%,$0.42B,$1.32B,36.55%,$0.42B,$1.60B,29.66%,$0.47B,$1.33B,40.05%,$238,$44,$194,$13,$21,$78,$159,$12,$171,$28,$143,$143,$142,$163,$159,$43,43,$3.33,$3.33,$738,$125,$0,$1352,$0,$0,$0,$94,$94,$1599,$267,$5,$0,$10,$277,$0,$0,$0,$1322,$1599,$333,$12,$0,$12,$0,$0,$0,$0,$0,$193,$-14,$0,$0,$0,$0,$-42,$-49,$-105,$0,$0,$-11,$0,$0,$0,$0,$-11,$73,$0,$0
16,2014-09-30,153.86,$0.00,0.0,$18.04,8.53,$16.30,9.44,$9.12,16.87,$1.22B,$0.24B,5.18,$0.01B,$0.00B,0.0,$0.78B,$0.60B,76.21%,$0.78B,$0.44B,56.52%,$0.78B,$0.44B,56.52%,$0.78B,$0.46B,58.70%,$0.78B,$0.47B,59.72%,$0.78B,$0.40B,50.51%,$0.40B,$1.20B,37.09%,$0.40B,$1.20B,37.30%,$0.40B,$1.45B,29.90%,$0.44B,$1.21B,41.29%,$251,$53,$198,$14,$24,$91,$160,$10,$170,$26,$144,$144,$143,$164,$160,$43,43,$3.35,$3.35,$683,$126,$228,$1215,$0,$0,$0,$79,$79,$1448,$235,$5,$0,$10,$245,$0,$0,$0,$1203,$1448,$190,$8,$0,$8,$0,$0,$0,$0,$-102,$96,$-10,$0,$0,$0,$0,$0,$-35,$-45,$0,$0,$-0,$0,$0,$0,$0,$-0,$49,$0,$0
17,2014-06-30,140.24,$0.00,0.0,$16.77,8.36,$17.71,7.92,$7.92,17.71,$1.10B,$0.25B,4.37,$0.01B,$0.00B,0.0,$0.74B,$0.56B,75.68%,$0.74B,$0.40B,54.89%,$0.74B,$0.40B,54.89%,$0.74B,$0.42B,57.20%,$0.74B,$0.42B,56.79%,$0.74B,$0.35B,47.28%,$0.35B,$1.09B,33.96%,$0.35B,$1.09B,34.16%,$0.35B,$1.35B,27.15%,$0.40B,$1.09B,39.10%,$130,$45,$85,$15,$22,$82,$48,$3,$51,$5,$46,$46,$46,$52,$48,$43,43,$1.08,$1.08,$657,$127,$206,$1095,$0,$0,$0,$97,$97,$1347,$250,$6,$0,$10,$261,$0,$0,$0,$1086,$1347,$46,$4,$0,$4,$0,$0,$0,$0,$-16,$36,$-6,$0,$0,$0,$0,$90,$-15,$69,$0,$0,$-0,$0,$0,$0,$0,$-0,$108,$0,$0
18,2014-03-31,111.0,$0.00,0.0,$17.15,6.47,$18.37,6.04,$8.16,13.6,$1.05B,$0.25B,4.15,$0.01B,$1.02B,0.01,$0.76B,$0.58B,76.28%,$0.76B,$0.43B,56.65%,$0.76B,$0.43B,56.65%,$0.76B,$0.45B,58.89%,$0.76B,$0.44B,58.37%,$0.76B,$0.36B,47.56%,$0.36B,$1.02B,36.57%,$0.36B,$1.00B,36.87%,$0.36B,$1.28B,29.17%,$0.43B,$1.03B,43.06%,$187,$46,$141,$13,$29,$88,$99,$8,$107,$17,$90,$90,$90,$104,$99,$43,43,$2.10,$2.10,$213,$118,$582,$1051,$0,$0,$24,$53,$82,$1284,$253,$6,$3,$10,$264,$1,$970,$0,$1021,$1284,$361,$17,$-30,$17,$-21,$-11,$2,$-10,$60,$358,$-21,$-5,$0,$-114,$-34,$-0,$-152,$-173,$-12,$0,$-12,$-192,$-192,$0,$0,$-203,$-27,$0,$0
19,2013-12-31,98.9,$0.00,0.0,$16.47,6.0,$15.86,6.24,$7.16,13.81,$0.98B,$0.24B,4.01,$0.01B,$0.00B,0.0,$0.74B,$0.56B,75.58%,$0.74B,$0.39B,53.46%,$0.74B,$0.39B,53.46%,$0.74B,$0.41B,55.63%,$0.74B,$0.40B,54.55%,$0.74B,$0.32B,43.42%,$0.32B,$0.95B,33.52%,$0.32B,$0.95B,33.60%,$0.32B,$1.21B,26.81%,$0.39B,$0.96B,40.66%,$214,$41,$172,$15,$22,$79,$135,$4,$139,$24,$116,$116,$116,$139,$135,$45,45,$2.59,$2.59,$573,$120,$158,$978,$0,$0,$0,$76,$76,$1205,$244,$6,$0,$11,$255,$0,$0,$0,$950,$1205,$271,$12,$0,$12,$0,$0,$0,$0,$-4,$274,$-17,$0,$0,$0,$0,$-0,$-79,$-95,$0,$0,$-12,$0,$-192,$0,$0,$-203,$-30,$0,$0
20,2013-09-30,76.0,$0.00,0.0,$15.85,4.8,$13.84,5.49,$6.55,11.6,$1.10B,$0.23B,4.82,$0.02B,$0.00B,0.0,$0.71B,$0.53B,74.05%,$0.71B,$0.36B,51.20%,$0.71B,$0.36B,51.20%,$0.71B,$0.38B,53.60%,$0.71B,$0.37B,52.33%,$0.71B,$0.29B,41.33%,$0.29B,$1.04B,31.53%,$0.29B,$1.04B,31.61%,$0.29B,$1.29B,25.40%,$0.36B,$1.06B,38.36%,$205,$46,$159,$15,$22,$83,$122,$-1,$121,$25,$97,$96,$96,$126,$122,$45,45,$2.15,$2.15,$711,$112,$146,$1096,$0,$0,$0,$50,$50,$1292,$227,$17,$0,$23,$250,$0,$0,$0,$1042,$1292,$156,$8,$0,$8,$0,$0,$0,$0,$-2,$160,$-7,$0,$0,$0,$0,$-0,$-39,$-45,$0,$0,$-0,$0,$1,$0,$0,$0,$113,$0,$0
21,2013-06-30,55.9,$0.00,0.0,$14.86,3.76,$12.18,4.59,$5.86,9.54,$0.98B,$0.21B,4.61,$0.02B,$0.00B,0.0,$0.67B,$0.49B,73.23%,$0.67B,$0.32B,48.57%,$0.67B,$0.32B,48.57%,$0.67B,$0.34B,51.28%,$0.67B,$0.33B,49.92%,$0.67B,$0.26B,39.40%,$0.26B,$0.94B,30.50%,$0.26B,$0.93B,30.58%,$0.26B,$1.17B,24.44%,$0.32B,$0.95B,36.77%,$153,$46,$107,$12,$21,$80,$74,$3,$76,$17,$59,$59,$59,$78,$74,$45,45,$1.32,$1.32,$613,$113,$134,$976,$0,$0,$0,$51,$51,$1170,$211,$17,$0,$23,$243,$0,$0,$0,$936,$1170,$59,$4,$0,$4,$0,$0,$0,$0,$5,$64,$-4,$0,$0,$0,$0,$0,$-21,$-24,$0,$0,$-0,$0,$0,$0,$0,$0,$36,$0,$0
22,2013-03-31,58.69,$0.00,0.0,$15.00,3.91,$11.21,5.23,$5.95,9.86,$0.91B,$0.19B,4.73,$0.02B,$0.00B,0.0,$0.67B,$0.49B,73.62%,$0.67B,$0.33B,48.88%,$0.67B,$0.33B,48.88%,$0.67B,$0.35B,51.71%,$0.67B,$0.34B,50.07%,$0.67B,$0.27B,39.64%,$0.27B,$0.89B,33.41%,$0.27B,$0.89B,33.41%,$0.27B,$1.11B,26.64%,$0.33B,$0.91B,40.09%,$165,$46,$119,$12,$44,$102,$63,$3,$66,$16,$50,$50,$49,$67,$63,$45,45,$1.10,$1.10,$560,$110,$120,$910,$0,$0,$0,$52,$52,$1107,$193,$17,$0,$23,$216,$0,$0,$0,$891,$1107,$267,$18,$0,$18,$0,$0,$0,$0,$-37,$249,$-9,$0,$0,$0,$0,$-242,$7,$-244,$0,$0,$-11,$0,$7,$0,$1,$-3,$-1,$0,$0
23,2012-12-31,48.48,$0.00,0.0,$14.57,3.33,$7.59,6.39,$5.91,8.2,$0.84B,$0.17B,4.84,$0.02B,$0.00B,0.0,$0.65B,$0.47B,72.81%,$0.65B,$0.33B,50.84%,$0.65B,$0.33B,50.84%,$0.65B,$0.33B,51.00%,$0.65B,$0.34B,51.46%,$0.65B,$0.26B,40.55%,$0.26B,$0.85B,36.20%,$0.26B,$0.85B,36.20%,$0.26B,$1.05B,28.21%,$0.33B,$0.87B,43.90%,$186,$46,$140,$12,$24,$82,$104,$4,$108,$19,$89,$89,$89,$109,$104,$45,45,$1.98,$1.98,$479,$111,$117,$842,$0,$0,$0,$58,$58,$1045,$174,$17,$0,$23,$197,$0,$0,$0,$848,$1045,$218,$13,$0,$13,$0,$0,$0,$0,$-58,$173,$-6,$0,$0,$0,$0,$-132,$8,$-130,$0,$0,$-11,$0,$6,$0,$0,$-5,$39,$0,$0
24,2012-09-30,45.69,$0.00,0.0,$13.74,3.32,$7.79,5.87,$5.33,8.57,$0.77B,$0.17B,4.48,$0.03B,$0.00B,0.0,$0.61B,$0.44B,71.78%,$0.61B,$0.30B,49.27%,$0.61B,$0.30B,49.27%,$0.61B,$0.30B,49.43%,$0.61B,$0.29B,47.96%,$0.61B,$0.24B,38.66%,$0.24B,$0.76B,35.91%,$0.24B,$0.76B,36.27%,$0.24B,$0.97B,27.13%,$0.30B,$0.79B,43.93%,$161,$40,$121,$11,$28,$79,$82,$-0,$82,$16,$66,$65,$65,$87,$82,$45,45,$1.46,$1.46,$419,$110,$111,$771,$0,$0,$0,$49,$49,$966,$172,$27,$0,$33,$205,$0,$0,$0,$761,$966,$129,$9,$0,$9,$0,$0,$0,$0,$-59,$81,$-3,$0,$0,$0,$0,$-48,$13,$-38,$0,$0,$-0,$0,$5,$0,$0,$4,$50,$0,$0
25,2012-06-30,37.07,$0.00,0.0,$13.25,2.8,$8.64,4.29,$5.19,7.14,$0.68B,$0.16B,4.29,$0.03B,$0.00B,0.0,$0.59B,$0.41B,69.83%,$0.59B,$0.28B,47.80%,$0.59B,$0.28B,47.80%,$0.59B,$0.28B,47.97%,$0.59B,$0.29B,48.98%,$0.59B,$0.23B,39.15%,$0.23B,$0.69B,38.79%,$0.23B,$0.69B,39.22%,$0.23B,$0.88B,28.50%,$0.28B,$0.71B,45.19%,$159,$45,$114,$12,$24,$80,$79,$1,$80,$17,$63,$63,$63,$84,$79,$45,45,$1.41,$1.41,$353,$104,$102,$679,$0,$0,$0,$50,$50,$876,$158,$27,$0,$33,$191,$0,$0,$0,$685,$876,$63,$5,$0,$5,$0,$0,$0,$0,$-46,$19,$-2,$0,$0,$0,$0,$-66,$-0,$-68,$0,$0,$-0,$0,$4,$0,$0,$4,$-47,$0,$0
26,2012-03-31,38.11,$0.00,0.0,$12.18,3.13,$9.50,4.01,$4.58,8.32,$0.65B,$0.20B,3.29,$0.03B,$0.01B,4.23,$0.54B,$0.37B,67.22%,$0.54B,$0.24B,43.65%,$0.54B,$0.24B,43.65%,$0.54B,$0.24B,44.75%,$0.54B,$0.24B,44.38%,$0.54B,$0.20B,37.57%,$0.20B,$0.62B,37.83%,$0.20B,$0.62B,38.29%,$0.20B,$0.86B,27.17%,$0.24B,$0.65B,41.63%,$145,$46,$99,$10,$23,$79,$66,$-1,$65,$18,$47,$47,$47,$52,$66,$44,45,$1.06,$1.06,$334,$110,$99,$654,$0,$0,$0,$52,$52,$856,$199,$28,$0,$35,$233,$0,$0,$0,$623,$856,$47,$5,$0,$5,$0,$0,$0,$0,$27,$78,$-2,$0,$0,$0,$0,$-5,$22,$16,$0,$0,$-7,$0,$0,$0,$0,$-7,$88,$0,$0
27,2011-12-31,29.5,$0.00,0.0,$11.35,2.6,$8.31,3.55,$4.10,7.2,$0.58B,$0.19B,3.05,$0.03B,$0.57B,0.05,$0.51B,$0.33B,65.02%,$0.51B,$0.20B,40.32%,$0.51B,$0.20B,40.32%,$0.51B,$0.21B,41.50%,$0.51B,$0.21B,41.11%,$0.51B,$0.18B,36.17%,$0.18B,$0.57B,37.44%,$0.18B,$0.55B,37.95%,$0.18B,$0.80B,26.67%,$0.20B,$0.60B,39.25%,$148,$42,$106,$9,$22,$73,$75,$-8,$67,$5,$63,$63,$62,$80,$75,$44,45,$1.40,$1.40,$259,$107,$94,$581,$0,$0,$26,$23,$62,$796,$190,$28,$5,$34,$225,$1,$296,$0,$571,$796,$183,$19,$0,$19,$0,$0,$0,$0,$-90,$181,$-6,$0,$0,$0,$0,$-76,$2,$-80,$0,$0,$-13,$0,$9,$0,$0,$-4,$96,$0,$0
28,2011-09-30,20.3,$0.00,0.0,$10.58,1.92,$6.00,3.38,$2.81,7.22,$0.49B,$0.17B,2.82,$0.03B,$0.00B,0.0,$0.46B,$0.28B,61.30%,$0.46B,$0.15B,33.26%,$0.46B,$0.15B,33.26%,$0.46B,$0.15B,33.48%,$0.46B,$0.16B,34.57%,$0.46B,$0.13B,27.17%,$0.13B,$0.50B,28.36%,$0.13B,$0.50B,28.36%,$0.13B,$0.71B,19.98%,$0.15B,$0.53B,32.38%,$138,$45,$93,$7,$24,$76,$62,$15,$77,$18,$58,$59,$59,$67,$62,$45,45,$1.32,$1.32,$209,$93,$84,$488,$0,$0,$0,$71,$71,$714,$173,$31,$0,$38,$211,$0,$0,$0,$503,$714,$121,$14,$0,$14,$0,$0,$0,$0,$-7,$120,$-4,$0,$0,$0,$0,$-12,$0,$-16,$0,$-2,$-0,$0,$9,$0,$0,$7,$107,$0,$0
29,2011-06-30,20.65,$0.00,0.0,$9.98,2.07,$3.39,6.09,$1.95,10.59,$0.40B,$0.13B,2.99,$0.03B,$0.46B,0.07,$0.43B,$0.25B,58.82%,$0.43B,$0.12B,27.06%,$0.43B,$0.12B,27.06%,$0.43B,$0.11B,26.12%,$0.43B,$0.10B,24.00%,$0.43B,$0.09B,20.00%,$0.09B,$0.46B,21.82%,$0.09B,$0.46B,21.82%,$0.09B,$0.64B,14.57%,$0.12B,$0.49B,27.81%,$112,$45,$67,$8,$25,$77,$34,$-2,$32,$-5,$37,$36,$36,$44,$34,$45,45,$0.80,$0.80,$152,$91,$0,$396,$0,$0,$0,$82,$82,$637,$132,$33,$0,$45,$177,$0,$0,$0,$460,$637,$62,$9,$0,$9,$0,$0,$0,$0,$-17,$58,$-2,$0,$0,$0,$0,$1,$-11,$-12,$0,$-1,$-0,$0,$9,$0,$0,$7,$54,$0,$0
30,2011-03-31,14.25,$0.00,0.0,$9.84,1.45,$2.71,5.26,$1.61,8.85,$0.35B,$0.13B,2.56,$0.03B,$0.42B,0.08,$0.41B,$0.24B,58.39%,$0.41B,$0.10B,24.57%,$0.41B,$0.10B,24.57%,$0.41B,$0.10B,23.36%,$0.41B,$0.09B,22.38%,$0.41B,$0.07B,16.55%,$0.07B,$0.42B,20.09%,$0.07B,$0.42B,20.09%,$0.07B,$0.60B,12.27%,$0.10B,$0.45B,28.51%,$108,$45,$63,$7,$22,$74,$33,$-1,$32,$6,$26,$26,$26,$19,$33,$44,44,$0.58,$0.58,$124,$86,$0,$345,$0,$0,$0,$91,$91,$598,$134,$32,$0,$43,$177,$0,$0,$0,$421,$598,$26,$5,$0,$5,$0,$0,$0,$0,$-6,$24,$-1,$0,$0,$0,$0,$0,$-10,$-11,$0,$2,$0,$0,$9,$0,$0,$11,$25,$0,$0
31,2010-12-31,14.49,$0.00,0.0,$9.60,1.51,$2.56,5.67,$1.28,11.32,$0.29B,$0.13B,2.17,$0.03B,$0.00B,0.0,$0.39B,$0.23B,58.16%,$0.39B,$0.09B,21.68%,$0.39B,$0.09B,21.68%,$0.39B,$0.08B,20.41%,$0.39B,$0.07B,18.37%,$0.39B,$0.05B,13.27%,$0.05B,$0.38B,17.61%,$0.05B,$0.38B,17.61%,$0.05B,$0.55B,9.69%,$0.09B,$0.41B,28.05%,$102,$44,$59,$8,$26,$78,$24,$-7,$18,$13,$4,$4,$4,$24,$24,$40,40,$0.11,$0.11,$89,$78,$0,$289,$0,$30,$0,$72,$102,$554,$133,$31,$0,$42,$175,$0,$0,$0,$379,$554,$65,$19,$0,$19,$0,$0,$0,$0,$-24,$70,$-6,$0,$0,$0,$0,$-14,$-4,$-24,$0,$-73,$-35,$0,$22,$0,$0,$-86,$-39,$0,$0
32,2010-09-30,11.02,$0.00,0.0,$7.04,1.57,$0.94,11.78,$1.17,9.42,$0.32B,$0.20B,1.61,$0.00B,$0.00B,0.0,$0.38B,$0.22B,58.40%,$0.38B,$0.08B,20.27%,$0.38B,$0.08B,20.27%,$0.38B,$0.08B,20.27%,$0.38B,$0.07B,17.87%,$0.38B,$0.06B,15.73%,$0.06B,$0.30B,22.69%,$0.06B,$0.30B,22.69%,$0.06B,$0.55B,11.23%,$0.08B,$0.30B,28.20%,$103,$42,$61,$10,$28,$79,$24,$-5,$20,$1,$19,$19,$19,$24,$24,$39,41,$0.48,$0.46,$137,$76,$24,$315,$0,$26,$0,$33,$59,$545,$195,$0,$40,$53,$248,$0,$0,$0,$298,$545,$0,$0,$0,$0,$0,$0,$0,$0,$0,$0,$0,$0,$0,$0,$0,$0,$0,$0,$0,$0,$0,$0,$0,$0,$0,$0,$0,$0,$0
33,2010-06-30,13.0,$0.00,0.0,$6.86,1.9,$2.00,6.49,$0.95,13.68,$0.29B,$0.22B,1.37,$0.00B,$0.00B,0.0,$0.37B,$0.21B,57.10%,$0.37B,$0.07B,18.85%,$0.37B,$0.07B,18.85%,$0.37B,$0.07B,19.95%,$0.37B,$0.06B,15.30%,$0.37B,$0.05B,13.66%,$0.05B,$0.26B,20.60%,$0.05B,$0.26B,20.60%,$0.05B,$0.52B,9.61%,$0.07B,$0.26B,27.35%,$98,$41,$57,$9,$28,$78,$20,$2,$22,$3,$19,$19,$19,$29,$20,$39,41,$0.48,$0.46,$121,$75,$22,$294,$0,$23,$0,$31,$54,$520,$215,$0,$38,$49,$264,$0,$0,$0,$256,$520,$29,$9,$0,$9,$0,$0,$0,$0,$-14,$24,$-1,$0,$0,$0,$0,$0,$-22,$-23,$0,$2,$-15,$0,$0,$0,$0,$-13,$-12,$0,$0
34,2010-03-31,13.3,$0.00,0.0,$6.88,1.93,$1.74,7.65,$0.80,16.63,$0.30B,$0.23B,1.28,$0.00B,$0.00B,0.0,$0.37B,$0.21B,57.53%,$0.37B,$0.07B,19.18%,$0.37B,$0.07B,19.18%,$0.37B,$0.07B,20.27%,$0.37B,$0.05B,12.88%,$0.37B,$0.04B,11.78%,$0.04B,$0.25B,18.57%,$0.04B,$0.25B,18.57%,$0.04B,$0.53B,8.44%,$0.07B,$0.25B,29.05%,$89,$38,$51,$9,$25,$72,$17,$-5,$12,$2,$10,$10,$10,$3,$17,$39,41,$0.26,$0.25,$131,$69,$23,$295,$0,$24,$0,$31,$55,$528,$230,$0,$39,$50,$280,$0,$0,$0,$248,$528,$10,$5,$0,$5,$0,$0,$0,$0,$-2,$16,$-1,$0,$0,$0,$0,$-11,$-0,$-12,$0,$4,$-1,$0,$0,$0,$0,$2,$6,$0,$0
35,2009-12-31,8.88,$0.00,0.0,$4.71,1.89,$1.36,6.51,$0.55,16.15,$0.27B,$0.22B,1.23,$0.04B,$0.00B,0.0,$0.28B,$0.16B,57.61%,$0.28B,$0.05B,19.20%,$0.28B,$0.05B,19.20%,$0.28B,$0.07B,25.72%,$0.28B,$0.04B,12.68%,$0.28B,$0.03B,11.96%,$0.03B,$0.24B,15.05%,$0.03B,$0.24B,15.05%,$0.03B,$0.51B,6.67%,$0.05B,$0.28B,23.17%,$85,$35,$50,$9,$27,$70,$15,$-2,$13,$2,$11,$11,$11,$20,$15,$0,0,$0.00,$0.00,$113,$65,$21,$272,$0,$23,$0,$29,$55,$508,$221,$38,$6,$50,$270,$0,$0,$0,$238,$508,$44,$19,$0,$19,$0,$0,$0,$0,$0,$64,$-3,$0,$0,$0,$0,$-1,$-0,$-4,$0,$-1,$-28,$0,$0,$0,$0,$-29,$33,$0,$0
36,2009-09-30,9.2,$0.00,0.0,$6.82,1.35,$3.11,2.96,$1.00,9.2,$0.28B,$0.23B,1.25,$0.00B,$0.00B,0.0,$0.28B,$0.19B,70.29%,$0.28B,$0.12B,44.57%,$0.28B,$0.12B,44.57%,$0.28B,$0.14B,49.28%,$0.28B,$0.11B,38.77%,$0.28B,$0.04B,14.49%,$0.04B,$0.23B,18.87%,$0.04B,$0.23B,18.87%,$0.04B,$0.53B,8.17%,$0.12B,$0.23B,58.02%,$94,$43,$51,$8,$26,$77,$17,$-8,$9,$-1,$10,$10,$10,$21,$17,$39,41,$0.25,$0.24,$111,$67,$24,$281,$0,$30,$0,$29,$59,$525,$226,$0,$49,$71,$296,$0,$0,$0,$229,$525,$33,$14,$0,$14,$0,$0,$0,$0,$-10,$46,$-3,$0,$0,$0,$0,$-23,$-0,$-26,$0,$4,$-16,$0,$0,$0,$0,$-12,$9,$0,$0
37,2009-06-30,8.75,$0.00,0.0,$6.74,1.3,$2.04,4.28,$1.07,8.18,$0.24B,$0.19B,1.27,$0.00B,$0.00B,0.0,$0.27B,$0.23B,85.66%,$0.27B,$0.20B,72.06%,$0.27B,$0.20B,72.06%,$0.27B,$0.21B,75.37%,$0.27B,$0.19B,69.12%,$0.27B,$0.04B,15.81%,$0.04B,$0.21B,20.85%,$0.04B,$0.21B,20.85%,$0.04B,$0.48B,8.86%,$0.20B,$0.21B,95.03%,$97,$39,$58,$10,$28,$76,$21,$-8,$13,$1,$12,$12,$12,$30,$21,$39,41,$0.32,$0.31,$79,$66,$17,$244,$0,$21,$0,$30,$51,$478,$193,$0,$55,$74,$267,$0,$0,$0,$211,$478,$24,$10,$0,$10,$0,$0,$0,$0,$-22,$14,$-2,$0,$0,$0,$0,$0,$-0,$-2,$0,$-3,$-15,$0,$0,$0,$0,$-18,$-5,$0,$0
38,2009-03-31,9.0,$0.00,0.0,$4.35,2.07,$1.75,5.15,$0.76,11.84,$0.23B,$0.19B,1.26,$0.00B,$0.00B,0.0,$0.18B,$0.18B,100.00%,$0.18B,$0.18B,100.00%,$0.18B,$0.18B,100.00%,$0.18B,$0.18B,100.00%,$0.18B,$0.18B,100.00%,$0.18B,$0.03B,17.71%,$0.03B,$0.20B,15.50%,$0.03B,$0.20B,15.50%,$0.03B,$0.47B,6.37%,$0.18B,$0.20B,87.50%,$0,$0,$0,$0,$0,$0,$0,$0,$0,$0,$0,$0,$0,$0,$0,$0,0,$0.00,$0.00,$87,$67,$15,$233,$0,$20,$0,$31,$51,$467,$185,$0,$65,$83,$269,$0,$0,$0,$199,$467,$0,$0,$0,$0,$0,$0,$0,$0,$0,$0,$0,$0,$0,$0,$0,$0,$0,$0,$0,$0,$0,$0,$0,$0,$0,$0,$0,$0,$0
39,2008-12-31,7.7,$0.00,0.0,$4.35,1.77,$1.75,4.41,$0.76,10.13,$0.24B,$0.21B,1.15,$0.00B,$0.00B,0.0,$0.18B,$0.18B,100.00%,$0.18B,$0.18B,100.00%,$0.18B,$0.18B,100.00%,$0.18B,$0.18B,100.00%,$0.18B,$0.18B,100.00%,$0.18B,$0.03B,17.71%,$0.03B,$0.21B,17.74%,$0.03B,$0.21B,17.74%,$0.03B,$0.49B,6.46%,$0.18B,$0.21B,100.14%,$85,$0,$85,$0,$0,$0,$85,$0,$85,$0,$85,$18,$18,$85,$85,$39,40,$0.47,$0.45,$84,$68,$0,$235,$0,$21,$0,$44,$66,$489,$205,$0,$68,$75,$280,$0,$0,$0,$209,$489,$51,$23,$0,$23,$0,$0,$0,$0,$13,$74,$-3,$0,$0,$0,$0,$0,$-7,$-10,$0,$-2,$-27,$0,$0,$0,$0,$-29,$33,$0,$0
40,2008-09-30,9.87,$0.00,0.0,$2.24,4.4,0,0.0,$0.31,31.84,$0.25B,$0.21B,1.19,$0.00B,$0.00B,0.0,$0.17B,$0.13B,78.70%,$0.17B,$0.10B,57.40%,$0.17B,$0.10B,57.40%,$0.17B,$0.10B,57.40%,$0.17B,$0.10B,56.21%,$0.17B,$0.02B,10.65%,$0.02B,$0.21B,9.90%,$0.02B,$0.21B,10.93%,$0.02B,$0.51B,3.58%,$0.10B,$0.21B,43.64%,$90,$0,$90,$0,$0,$0,$90,$0,$90,$0,$90,$13,$13,$90,$90,$40,40,$0.31,$0.31,$66,$71,$0,$245,$0,$21,$0,$0,$66,$507,$206,$0,$86,$95,$301,$0,$0,$0,$206,$507,$0,$0,$0,$0,$0,$0,$0,$0,$0,$0,$0,$0,$0,$0,$0,$0,$0,$0,$0,$0,$0,$0,$0,$0,$0,$0,$0,$0,$0
