,Date,Stock Price,Book Value per Share,Price to Book Ratio,TTM Sales per Share,Price to Sales Ratio,TTM FCF per Share,Price to FCF Ratio,TTM Net EPS,PE Ratio,Current Assets,Current Liabilities,Current Ratio,Long Term Debt,Shareholder's Equity_x,Debt to Equity Ratio,TTM Revenue_x,TTM Gross Profit,Gross Margin,TTM Revenue_y,TTM Operating Income,Operating Margin,TTM Revenue_x,TTM EBIT,EBIT Margin,TTM Revenue_y,TTM EBITDA,EBITDA Margin,TTM Revenue_x,TTM Pre-Tax Income,Pre-Tax Margin,TTM Revenue_y,TTM Net Income_x,Net Margin,TTM Net Income_y,Shareholder's Equity_y,Return on Equity,TTM Net Income_x,Tangible Equity,Return on Tangible Equity,TTM Net Income_y,Total Assets,Return on Assets,TTM Net Income,LT Investments & Debt,Return on Investment,revenue,cost-goods-sold,gross-profit,research-development-expenses,selling-general-administrative-expenses,operating-expenses,operating-income,total-non-operating-income-expense,pre-tax-income,total-provision-income-taxes,income-after-taxes,income-from-continuous-operations,net-income,ebitda,ebit,basic-shares-outstanding,shares-outstanding,eps-basic-net-earnings-per-share,eps-earnings-per-share-diluted,cash-on-hand,inventory,other-current-assets,total-current-assets,net-property-plant-equipment,long-term-investments,goodwill-intangible-assets-total,other-long-term-assets,total-long-term-assets,total-assets,total-current-liabilities,long-term-debt,other-non-current-liabilities,total-long-term-liabilities,total-liabilities,common-stock-net,retained-earnings-accumulated-deficit,comprehensive-income,total-share-holder-equity,total-liabilities-share-holders-equity,net-income-loss,total-depreciation-amortization-cash-flow,other-non-cash-items,total-non-cash-items,change-in-accounts-receivable,change-in-inventories,change-in-accounts-payable,change-in-assets-liabilities,total-change-in-assets-liabilities,cash-flow-from-operating-activities,net-change-in-property-plant-equipment,net-change-in-intangible-assets,net-acquisitions-divestitures,net-change-in-short-term-investments,net-change-in-long-term-investments,net-change-in-investments-total,investing-activities-other,cash-flow-from-investing-activities,net-long-term-debt,net-current-debt,debt-issuance-retirement-net-total,net-common-equity-issued-repurchased,net-total-equity-issued-repurchased,total-common-preferred-stock-dividends-paid,financial-activities-other,cash-flow-from-financial-activities,net-cash-flow,stock-based-compensation,common-stock-dividends-paid
0,2018-09-30,14.6,$5.09,2.87,$27.17,0.54,$0.58,25.02,$0.25,58.4,$0.05B,$0.08B,0.62,$0.29B,$0.18B,1.6,$1.16B,$0.29B,25.17%,$1.16B,$0.04B,3.20%,$1.16B,$0.04B,3.20%,$1.16B,$0.09B,8.04%,$1.16B,$0.01B,1.12%,$1.16B,$0.01B,0.87%,$0.01B,$0.18B,5.75%,$0.01B,$-0.05B,-23.95%,$0.01B,$0.60B,1.70%,$0.04B,$0.47B,7.91%,$297,$223,$74,$0,$30,$287,$10,$-6,$4,$0,$4,$4,$3,$24,$10,$36,45,$0.08,$0.08,$20,$9,$0,$52,$281,$0,$231,$8,$548,$600,$84,$291,$27,$334,$418,$0,$34,$-1,$182,$600,$8,$42,$8,$51,$0,$0,$0,$9,$9,$68,$-52,$0,$-28,$0,$0,$0,$1,$-79,$1,$0,$1,$0,$0,$0,$-0,$1,$-10,$5,$0
1,2018-06-30,14.85,$4.95,3.0,$26.98,0.55,$0.56,26.44,$0.23,64.57,$0.07B,$0.08B,0.94,$0.29B,$0.18B,1.66,$1.14B,$0.29B,25.00%,$1.14B,$0.04B,3.15%,$1.14B,$0.04B,3.15%,$1.14B,$0.09B,7.95%,$1.14B,$0.01B,1.05%,$1.14B,$0.01B,0.79%,$0.01B,$0.18B,5.31%,$0.01B,$-0.03B,-21.56%,$0.01B,$0.59B,1.54%,$0.04B,$0.47B,7.76%,$303,$223,$80,$0,$28,$289,$14,$-6,$8,$0,$8,$8,$6,$28,$14,$36,45,$0.17,$0.17,$38,$8,$0,$70,$273,$0,$209,$8,$517,$587,$75,$294,$27,$336,$411,$0,$30,$-1,$177,$587,$5,$28,$6,$34,$0,$0,$0,$-0,$-0,$39,$-32,$0,$0,$0,$0,$0,$0,$-32,$2,$0,$2,$0,$0,$0,$-0,$2,$9,$3,$0
2,2018-03-31,11.2,$4.69,2.39,$26.49,0.42,$0.51,22.06,$0.19,58.95,$0.07B,$0.08B,0.79,$0.30B,$0.17B,1.77,$1.12B,$0.28B,24.73%,$1.12B,$0.03B,3.04%,$1.12B,$0.03B,3.04%,$1.12B,$0.09B,7.95%,$1.12B,$0.01B,0.98%,$1.12B,$0.01B,0.71%,$0.01B,$0.17B,4.83%,$0.01B,$-0.04B,-16.93%,$0.01B,$0.59B,1.39%,$0.03B,$0.46B,7.40%,$272,$207,$65,$0,$27,$269,$3,$-6,$-3,$-0,$-3,$-3,$-3,$17,$3,$36,36,$-0.09,$-0.09,$35,$9,$0,$66,$276,$0,$211,$8,$523,$589,$84,$297,$25,$338,$421,$0,$22,$-1,$168,$589,$-3,$14,$2,$16,$0,$0,$0,$7,$7,$20,$-19,$0,$0,$0,$0,$0,$0,$-19,$4,$0,$4,$0,$0,$0,$0,$4,$5,$2,$0
3,2017-12-31,12.15,$4.77,2.55,$25.66,0.47,$0.41,29.72,$0.12,101.25,$0.06B,$0.08B,0.76,$0.29B,$0.17B,1.73,$1.09B,$0.27B,24.54%,$1.09B,$0.03B,2.76%,$1.09B,$0.03B,2.76%,$1.09B,$0.08B,7.72%,$1.09B,$0.01B,0.74%,$1.09B,$0.01B,0.46%,$0.01B,$0.17B,3.09%,$0.01B,$-0.04B,-10.81%,$0.01B,$0.58B,0.89%,$0.03B,$0.46B,6.73%,$284,$212,$72,$0,$27,$274,$10,$-6,$4,$-0,$4,$4,$4,$24,$10,$35,45,$0.13,$0.13,$29,$9,$0,$60,$274,$0,$212,$8,$521,$582,$80,$293,$24,$333,$412,$0,$25,$-1,$169,$582,$7,$53,$7,$61,$-1,$0,$3,$2,$5,$73,$-71,$0,$-38,$0,$0,$0,$0,$-108,$65,$0,$65,$0,$0,$0,$-2,$63,$27,$4,$0
4,2017-09-30,10.9,$4.63,2.35,$24.71,0.44,$0.65,16.88,$0.68,16.03,$0.08B,$0.08B,0.95,$0.29B,$0.16B,1.79,$1.05B,$0.26B,24.50%,$1.05B,$0.03B,2.49%,$1.05B,$0.03B,2.49%,$1.05B,$0.08B,7.56%,$1.05B,$0.01B,0.48%,$1.05B,$0.02B,2.30%,$0.02B,$0.16B,15.14%,$0.02B,$-0.05B,-58.54%,$0.02B,$0.58B,4.48%,$0.03B,$0.46B,6.10%,$285,$216,$69,$0,$26,$277,$9,$-6,$3,$-0,$3,$3,$2,$22,$9,$35,45,$0.06,$0.06,$44,$8,$0,$75,$254,$0,$213,$8,$503,$577,$79,$294,$24,$335,$413,$0,$21,$-1,$164,$577,$3,$39,$5,$45,$0,$0,$0,$9,$9,$57,$-42,$0,$-37,$0,$0,$0,$0,$-78,$65,$0,$65,$0,$0,$0,$-2,$63,$42,$3,$0
5,2017-06-30,12.25,$4.53,2.7,$23.69,0.52,$0.56,21.99,$0.72,17.01,$0.07B,$0.07B,0.95,$0.30B,$0.16B,1.83,$1.00B,$0.25B,24.92%,$1.00B,$0.03B,2.60%,$1.00B,$0.03B,2.60%,$1.00B,$0.08B,7.81%,$1.00B,$0.01B,0.60%,$1.00B,$0.03B,2.50%,$0.03B,$0.16B,16.78%,$0.03B,$-0.05B,-64.94%,$0.03B,$0.56B,4.94%,$0.03B,$0.46B,6.51%,$279,$209,$71,$0,$26,$267,$12,$-5,$7,$1,$6,$6,$5,$26,$12,$35,45,$0.13,$0.13,$34,$8,$0,$65,$247,$0,$215,$8,$498,$562,$68,$295,$23,$334,$402,$0,$19,$-1,$161,$562,$0,$26,$4,$30,$0,$0,$0,$-2,$-2,$29,$-24,$0,$-37,$0,$0,$0,$0,$-61,$66,$0,$66,$0,$0,$0,$-2,$64,$32,$2,$0
6,2017-03-31,14.15,$4.34,3.26,$22.86,0.62,$0.60,23.65,$0.80,17.69,$0.03B,$0.07B,0.47,$0.25B,$0.15B,1.65,$0.96B,$0.25B,25.60%,$0.96B,$0.03B,2.91%,$0.96B,$0.03B,2.91%,$0.96B,$0.08B,8.01%,$0.96B,$0.01B,0.83%,$0.96B,$0.03B,2.81%,$0.03B,$0.15B,19.42%,$0.03B,$-0.04B,-76.06%,$0.03B,$0.51B,5.68%,$0.03B,$0.41B,7.57%,$240,$185,$55,$0,$25,$241,$-1,$-5,$-6,$-1,$-6,$-6,$-6,$12,$-1,$35,35,$-0.16,$-0.16,$3,$8,$0,$32,$247,$0,$193,$8,$482,$514,$69,$254,$22,$292,$361,$0,$13,$-1,$154,$514,$-6,$13,$1,$14,$0,$0,$0,$2,$2,$10,$-12,$0,$-20,$0,$0,$0,$0,$-33,$24,$0,$24,$0,$0,$0,$-0,$23,$1,$1,$0
7,2016-12-31,15.25,$4.39,3.48,$21.04,0.72,$0.60,25.23,$1.01,15.1,$0.03B,$0.07B,0.43,$0.23B,$0.16B,1.49,$0.94B,$0.25B,26.17%,$0.94B,$0.04B,3.81%,$0.94B,$0.04B,3.81%,$0.94B,$0.08B,8.69%,$0.94B,$0.02B,1.69%,$0.94B,$0.04B,3.71%,$0.04B,$0.16B,27.29%,$0.04B,$-0.02B,-92.11%,$0.04B,$0.49B,7.71%,$0.04B,$0.38B,10.30%,$241,$180,$61,$0,$25,$235,$6,$-5,$1,$0,$29,$29,$23,$19,$6,$35,45,$0.65,$0.65,$2,$8,$0,$30,$248,$0,$177,$7,$460,$490,$69,$230,$20,$267,$335,$0,$15,$-1,$155,$490,$45,$46,$-24,$22,$-1,$0,$2,$-4,$-5,$62,$-50,$0,$-48,$0,$0,$0,$1,$-96,$14,$0,$14,$0,$0,$0,$-0,$14,$-20,$2,$0
8,2016-09-30,13.21,$3.56,3.71,$20.80,0.64,$0.77,17.18,$0.52,25.4,$0.04B,$0.07B,0.49,$0.23B,$0.13B,1.8,$0.93B,$0.25B,26.39%,$0.93B,$0.04B,4.51%,$0.93B,$0.04B,4.51%,$0.93B,$0.09B,9.12%,$0.93B,$0.02B,2.36%,$0.93B,$0.02B,2.25%,$0.02B,$0.13B,18.03%,$0.02B,$-0.04B,-47.46%,$0.02B,$0.46B,4.79%,$0.04B,$0.35B,12.57%,$239,$177,$62,$0,$24,$230,$9,$-5,$4,$0,$4,$4,$3,$21,$9,$35,45,$0.10,$0.10,$10,$8,$0,$36,$252,$0,$164,$7,$423,$459,$74,$226,$18,$259,$333,$0,$-15,$-0,$126,$459,$16,$34,$3,$37,$0,$0,$0,$-2,$-2,$51,$-40,$0,$-33,$0,$0,$0,$1,$-72,$9,$0,$9,$0,$0,$0,$-0,$9,$-12,$2,$0
9,2016-06-30,11.9,$3.44,3.46,$20.35,0.58,$0.94,12.72,$0.58,20.52,$0.04B,$0.07B,0.52,$0.22B,$0.12B,1.79,$0.91B,$0.24B,26.34%,$0.91B,$0.05B,4.94%,$0.91B,$0.05B,4.94%,$0.91B,$0.08B,9.22%,$0.91B,$0.03B,2.74%,$0.91B,$0.02B,2.63%,$0.02B,$0.12B,21.77%,$0.02B,$-0.04B,-56.14%,$0.02B,$0.44B,5.59%,$0.05B,$0.34B,13.78%,$241,$173,$68,$0,$25,$227,$14,$-5,$9,$0,$9,$9,$7,$25,$14,$35,45,$0.21,$0.21,$10,$8,$0,$36,$232,$0,$163,$7,$402,$437,$69,$215,$17,$248,$317,$0,$-19,$-0,$121,$437,$12,$22,$2,$24,$0,$0,$0,$-7,$-7,$28,$-22,$0,$-19,$0,$0,$0,$1,$-40,$-1,$0,$-1,$0,$0,$0,$-0,$-1,$-13,$1,$0
10,2016-03-31,14.44,$3.15,4.58,$21.24,0.68,$0.96,14.97,$0.23,62.78,$0.04B,$0.07B,0.52,$0.22B,$0.11B,1.95,$0.89B,$0.23B,25.87%,$0.89B,$0.04B,4.84%,$0.89B,$0.04B,4.84%,$0.89B,$0.08B,9.11%,$0.89B,$0.01B,1.24%,$0.89B,$0.01B,1.35%,$0.01B,$0.11B,11.62%,$0.01B,$-0.05B,-28.24%,$0.01B,$0.43B,2.84%,$0.04B,$0.33B,13.41%,$223,$167,$56,$0,$22,$216,$7,$-5,$2,$0,$2,$2,$2,$17,$7,$35,45,$0.05,$0.05,$12,$7,$0,$37,$225,$0,$160,$7,$393,$429,$70,$216,$17,$248,$319,$0,$-29,$-0,$111,$429,$2,$11,$1,$12,$0,$0,$0,$-3,$-3,$11,$-14,$0,$-7,$0,$0,$0,$1,$-20,$-0,$0,$-0,$0,$0,$0,$-0,$-0,$-10,$1,$0
11,2015-12-31,11.74,$3.08,3.81,$21.82,0.54,$1.13,10.4,$-0.09,0.0,$0.05B,$0.07B,0.63,$0.22B,$0.11B,1.99,$0.86B,$0.22B,25.03%,$0.86B,$0.03B,3.73%,$0.86B,$0.03B,3.73%,$0.86B,$0.07B,8.03%,$0.86B,$0.00B,0.00%,$0.86B,$0.00B,0.12%,$0.00B,$0.11B,1.00%,$0.00B,$-0.05B,-2.55%,$0.00B,$0.43B,0.25%,$0.03B,$0.32B,10.45%,$229,$169,$60,$0,$23,$217,$12,$-5,$7,$0,$7,$7,$9,$22,$12,$35,45,$0.25,$0.25,$22,$7,$0,$45,$220,$0,$155,$7,$382,$427,$71,$215,$17,$248,$319,$0,$-31,$-0,$108,$427,$0,$38,$18,$56,$-2,$0,$2,$2,$15,$71,$-51,$0,$-53,$0,$0,$0,$0,$-103,$39,$0,$39,$0,$0,$0,$-5,$34,$1,$1,$0
12,2015-09-30,11.9,$2.87,4.14,$22.93,0.52,$-0.00,0.0,$-1.03,0.0,$0.09B,$0.07B,1.32,$0.22B,$0.10B,2.19,$0.82B,$0.20B,23.82%,$0.82B,$0.02B,2.07%,$0.82B,$0.02B,2.07%,$0.82B,$0.05B,6.56%,$0.82B,$-0.02B,-1.82%,$0.82B,$-0.04B,-4.25%,$-0.04B,$0.10B,-35.09%,$-0.04B,$-0.03B,100.72%,$-0.04B,$0.43B,-8.93%,$0.02B,$0.32B,5.78%,$218,$162,$56,$0,$20,$206,$12,$-5,$7,$0,$7,$7,$6,$20,$12,$35,45,$0.16,$0.16,$72,$7,$0,$93,$188,$0,$133,$6,$333,$425,$70,$220,$17,$255,$325,$0,$-38,$-0,$101,$425,$-7,$28,$17,$45,$0,$0,$0,$16,$18,$56,$-37,$0,$-2,$0,$0,$0,$0,$-39,$39,$0,$39,$0,$0,$0,$-5,$34,$51,$1,$0
13,2015-06-30,10.4,$2.66,3.9,$23.23,0.45,$-0.94,0.0,$-1.24,0.0,$0.08B,$0.06B,1.35,$0.22B,$0.09B,2.37,$0.79B,$0.18B,22.80%,$0.79B,$0.01B,0.64%,$0.79B,$0.01B,0.64%,$0.79B,$0.04B,5.48%,$0.79B,$-0.03B,-3.31%,$0.79B,$-0.04B,-5.48%,$-0.04B,$0.09B,-39.81%,$-0.04B,$-0.04B,193.26%,$-0.04B,$0.41B,-11.24%,$0.01B,$0.31B,1.73%,$219,$161,$58,$0,$21,$207,$12,$-17,$-5,$0,$-5,$-5,$-5,$22,$12,$35,35,$-0.14,$-0.14,$61,$7,$0,$82,$183,$0,$134,$6,$328,$410,$61,$220,$17,$256,$317,$0,$-45,$-0,$93,$410,$-14,$19,$16,$35,$0,$0,$0,$7,$9,$30,$-24,$0,$-1,$0,$0,$0,$0,$-25,$40,$0,$40,$0,$0,$0,$-5,$35,$40,$1,$0
14,2015-03-31,8.29,$2.80,2.96,$22.43,0.37,$-1.72,0.0,$-1.16,0.0,$0.05B,$0.06B,0.72,$0.17B,$0.10B,1.75,$0.74B,$0.16B,21.77%,$0.74B,$-0.01B,-0.68%,$0.74B,$-0.01B,-0.68%,$0.74B,$0.03B,4.22%,$0.74B,$-0.02B,-3.27%,$0.74B,$-0.04B,-5.44%,$-0.04B,$0.10B,-33.68%,$-0.04B,$-0.04B,727.27%,$-0.04B,$0.37B,-10.66%,$-0.01B,$0.27B,-1.75%,$193,$153,$41,$0,$19,$198,$-4,$-5,$-9,$0,$-9,$-9,$-9,$5,$-4,$35,35,$-0.27,$-0.27,$24,$7,$0,$46,$179,$0,$134,$6,$323,$368,$63,$171,$17,$207,$270,$0,$-40,$-0,$98,$368,$-9,$10,$2,$12,$0,$0,$0,$9,$12,$14,$-11,$0,$0,$0,$0,$0,$0,$-11,$-0,$0,$-0,$0,$0,$0,$-0,$-0,$3,$0,$0
15,2014-12-31,7.63,$3.06,2.49,$23.43,0.33,$-2.18,0.0,$-1.21,0.0,$0.04B,$0.06B,0.75,$0.17B,$0.11B,1.58,$0.69B,$0.15B,21.65%,$0.69B,$-0.01B,-1.01%,$0.69B,$-0.01B,-1.01%,$0.69B,$0.03B,4.04%,$0.69B,$-0.03B,-3.75%,$0.69B,$-0.04B,-5.48%,$-0.04B,$0.11B,-34.00%,$-0.04B,$-0.03B,584.62%,$-0.04B,$0.37B,-10.43%,$-0.01B,$0.28B,-2.51%,$193,$152,$41,$0,$18,$196,$-3,$-5,$-8,$19,$-27,$-27,$-27,$7,$-3,$31,31,$-0.80,$-0.80,$21,$8,$0,$42,$179,$0,$135,$8,$323,$365,$55,$168,$16,$203,$258,$0,$-31,$-0,$107,$365,$-38,$36,$17,$53,$-1,$0,$2,$-1,$-0,$15,$-36,$0,$-52,$0,$0,$0,$20,$-68,$-1,$0,$-1,$67,$67,$0,$-0,$66,$13,$1,$0
16,2014-09-30,7.11,$3.86,1.84,$24.40,0.29,$-2.76,0.0,$-0.52,0.0,$0.07B,$0.05B,1.24,$0.17B,$0.13B,1.23,$0.67B,$0.15B,22.22%,$0.67B,$-0.00B,-0.45%,$0.67B,$-0.00B,-0.45%,$0.67B,$0.03B,4.50%,$0.67B,$-0.02B,-3.30%,$0.67B,$-0.01B,-1.95%,$-0.01B,$0.13B,-12.47%,$-0.01B,$0.02B,167.74%,$-0.01B,$0.39B,-3.66%,$-0.00B,$0.30B,-1.11%,$180,$140,$39,$0,$17,$179,$0,$-5,$-4,$-3,$-2,$-2,$-2,$9,$0,$35,35,$-0.05,$-0.05,$43,$6,$0,$67,$159,$0,$117,$26,$320,$387,$54,$165,$16,$199,$253,$0,$-4,$1,$134,$387,$-11,$27,$-5,$22,$0,$0,$0,$0,$0,$11,$-29,$0,$-13,$0,$0,$0,$0,$-42,$-1,$0,$-1,$67,$67,$0,$-0,$67,$35,$1,$0
17,2014-06-30,7.12,$3.91,1.82,$26.54,0.27,$-3.27,0.0,$-0.59,0.0,$0.08B,$0.05B,1.71,$0.17B,$0.14B,1.22,$0.65B,$0.15B,22.48%,$0.65B,$-0.00B,-0.46%,$0.65B,$-0.00B,-0.46%,$0.65B,$0.03B,4.59%,$0.65B,$-0.02B,-3.36%,$0.65B,$-0.01B,-2.14%,$-0.01B,$0.14B,-15.47%,$-0.01B,$0.03B,69.14%,$-0.01B,$0.38B,-4.08%,$-0.00B,$0.30B,-1.16%,$169,$130,$39,$0,$16,$167,$2,$-5,$-3,$-1,$-2,$-2,$-2,$10,$2,$31,31,$-0.06,$-0.06,$56,$6,$0,$78,$152,$0,$109,$26,$303,$381,$46,$166,$16,$199,$245,$0,$-2,$1,$136,$381,$-9,$17,$-3,$14,$0,$0,$0,$-7,$-7,$-2,$-17,$0,$-1,$0,$0,$0,$0,$-17,$-0,$0,$-0,$67,$67,$0,$-0,$67,$48,$1,$0
18,2014-03-31,7.17,$3.02,2.37,$28.64,0.25,$-3.75,0.0,$-0.68,0.0,$0.02B,$0.05B,0.45,$0.17B,$0.07B,2.4,$0.66B,$0.15B,22.31%,$0.66B,$-0.01B,-0.76%,$0.66B,$-0.01B,-0.76%,$0.66B,$0.03B,4.25%,$0.66B,$-0.02B,-3.64%,$0.66B,$-0.02B,-2.28%,$-0.02B,$0.07B,-19.48%,$-0.02B,$-0.04B,43.17%,$-0.02B,$0.33B,-4.52%,$-0.01B,$0.24B,-2.04%,$151,$120,$31,$0,$17,$158,$-6,$-5,$-11,$-4,$-7,$-7,$-7,$2,$-6,$23,23,$-0.32,$-0.32,$1,$6,$0,$23,$151,$0,$110,$26,$301,$325,$52,$168,$16,$203,$255,$0,$-0,$1,$70,$325,$-7,$9,$-3,$6,$0,$0,$0,$2,$2,$0,$-9,$0,$0,$0,$0,$0,$0,$-9,$2,$0,$2,$0,$0,$0,$0,$2,$-7,$0,$0
19,2013-12-31,6.61,$3.35,1.97,$28.93,0.23,$-3.88,0.0,$-0.59,0.0,$0.03B,$0.05B,0.57,$0.17B,$0.08B,2.17,$0.66B,$0.15B,22.14%,$0.66B,$-0.01B,-0.75%,$0.66B,$-0.01B,-0.75%,$0.66B,$0.03B,4.22%,$0.66B,$-0.02B,-3.46%,$0.66B,$-0.01B,-1.96%,$-0.01B,$0.08B,-16.10%,$-0.01B,$-0.03B,40.63%,$-0.01B,$0.33B,-3.87%,$-0.01B,$0.25B,-2.01%,$166,$126,$39,$0,$17,$165,$1,$-5,$-4,$-2,$-2,$-2,$-2,$9,$1,$23,23,$-0.09,$-0.09,$8,$6,$0,$29,$152,$0,$111,$26,$301,$329,$51,$168,$15,$202,$252,$0,$7,$1,$77,$329,$-14,$33,$0,$33,$4,$0,$-3,$1,$2,$22,$-50,$0,$0,$0,$0,$0,$0,$-50,$-1,$0,$-1,$0,$0,$0,$-0,$-1,$-30,$1,$0
20,2013-09-30,6.09,$3.42,1.78,$28.92,0.21,$-3.34,0.0,$-0.90,0.0,$0.04B,$0.05B,0.68,$0.17B,$0.08B,2.13,$0.66B,$0.14B,20.88%,$0.66B,$-0.02B,-2.42%,$0.66B,$-0.02B,-2.42%,$0.66B,$0.02B,2.57%,$0.66B,$-0.03B,-4.99%,$0.66B,$-0.02B,-3.03%,$-0.02B,$0.08B,-23.81%,$-0.02B,$-0.03B,67.23%,$-0.02B,$0.34B,-5.87%,$-0.02B,$0.25B,-6.33%,$168,$130,$38,$0,$16,$168,$0,$-5,$-4,$-2,$-3,$-3,$-3,$9,$0,$23,23,$-0.12,$-0.12,$13,$6,$0,$37,$150,$0,$112,$27,$299,$336,$54,$168,$15,$202,$257,$0,$10,$1,$79,$336,$-11,$24,$1,$25,$0,$0,$0,$7,$3,$16,$-40,$0,$0,$0,$0,$0,$0,$-40,$-1,$0,$-1,$0,$0,$0,$-0,$-1,$-25,$1,$0
21,2013-06-30,6.46,$3.57,1.81,$29.06,0.22,$-2.15,0.0,$-1.07,0.0,$0.04B,$0.05B,0.68,$0.17B,$0.08B,2.06,$0.66B,$0.13B,20.09%,$0.66B,$-0.02B,-3.02%,$0.66B,$-0.02B,-3.02%,$0.66B,$0.01B,1.66%,$0.66B,$-0.04B,-5.74%,$0.66B,$-0.02B,-3.47%,$-0.02B,$0.08B,-25.77%,$-0.02B,$-0.03B,91.09%,$-0.02B,$0.34B,-6.69%,$-0.02B,$0.25B,-7.81%,$174,$134,$39,$0,$17,$174,$-0,$-5,$-5,$-2,$-3,$-3,$-3,$8,$-0,$23,23,$-0.15,$-0.15,$13,$7,$0,$35,$148,$0,$113,$27,$302,$337,$51,$168,$14,$203,$255,$0,$13,$1,$82,$337,$-9,$16,$-3,$13,$0,$0,$0,$-1,$-1,$3,$-27,$0,$0,$0,$0,$0,$0,$-27,$-1,$0,$-1,$0,$0,$0,$-0,$-1,$-25,$1,$0
22,2013-03-31,5.19,$3.72,1.39,$26.85,0.19,$-0.93,0.0,$-0.93,0.0,$0.05B,$0.06B,0.86,$0.17B,$0.09B,1.98,$0.61B,$0.12B,20.00%,$0.61B,$-0.02B,-3.11%,$0.61B,$-0.02B,-3.11%,$0.61B,$0.01B,1.64%,$0.61B,$-0.04B,-5.90%,$0.61B,$-0.02B,-3.28%,$-0.02B,$0.09B,-21.00%,$-0.02B,$-0.03B,101.27%,$-0.02B,$0.34B,-5.76%,$-0.02B,$0.25B,-7.30%,$156,$126,$31,$0,$16,$162,$-6,$-5,$-10,$-5,$-5,$-5,$-5,$2,$-6,$23,23,$-0.23,$-0.23,$27,$7,$0,$48,$141,$0,$115,$27,$295,$343,$55,$169,$13,$203,$258,$0,$16,$1,$85,$343,$-5,$8,$-4,$4,$0,$0,$0,$4,$4,$2,$-14,$0,$0,$0,$0,$0,$0,$-14,$-0,$0,$-0,$0,$0,$0,$-0,$-0,$-12,$0,$0
23,2012-12-31,5.98,$3.96,1.51,$23.93,0.25,$-0.64,0.0,$-0.86,0.0,$0.06B,$0.05B,1.14,$0.17B,$0.09B,1.88,$0.54B,$0.11B,20.22%,$0.54B,$-0.01B,-2.60%,$0.54B,$-0.01B,-2.60%,$0.54B,$0.01B,2.04%,$0.54B,$-0.03B,-5.19%,$0.54B,$-0.02B,-3.53%,$-0.02B,$0.09B,-21.47%,$-0.02B,$-0.03B,40.21%,$-0.02B,$0.35B,-5.10%,$-0.01B,$0.26B,-5.03%,$163,$132,$30,$0,$20,$172,$-10,$-5,$-14,$-6,$-9,$-9,$-9,$-2,$-10,$23,23,$-0.39,$-0.39,$38,$8,$0,$60,$136,$0,$115,$27,$286,$346,$53,$169,$13,$203,$256,$0,$21,$1,$90,$346,$-19,$25,$-6,$20,$-3,$0,$7,$4,$17,$18,$-34,$0,$-12,$0,$0,$0,$-19,$-66,$84,$-2,$82,$0,$0,$0,$-13,$69,$14,$1,$0
24,2012-09-30,5.76,$4.38,1.32,$20.72,0.28,$0.40,14.27,$-0.46,0.0,$0.08B,$0.05B,1.67,$0.16B,$0.10B,1.62,$0.46B,$0.10B,21.38%,$0.46B,$-0.00B,-0.86%,$0.46B,$-0.00B,-0.86%,$0.46B,$0.02B,3.67%,$0.46B,$-0.02B,-3.24%,$0.46B,$-0.01B,-2.16%,$-0.01B,$0.10B,-12.38%,$-0.01B,$-0.02B,13.25%,$-0.01B,$0.35B,-2.50%,$-0.00B,$0.26B,-1.35%,$169,$137,$33,$0,$17,$174,$-4,$-4,$-9,$-2,$-6,$-6,$-6,$3,$-4,$23,23,$-0.28,$-0.28,$57,$7,$0,$82,$123,$0,$114,$24,$267,$349,$49,$161,$13,$200,$249,$0,$31,$1,$100,$349,$-10,$18,$-2,$16,$0,$0,$0,$18,$18,$24,$-20,$0,$-12,$0,$0,$0,$-20,$-53,$82,$0,$82,$0,$0,$0,$-13,$69,$33,$1,$0
25,2012-06-30,5.94,$4.66,1.28,$17.35,0.34,$0.67,8.88,$-0.02,0.0,$0.08B,$0.04B,1.91,$0.16B,$0.11B,1.52,$0.39B,$0.09B,22.86%,$0.39B,$0.00B,1.04%,$0.39B,$0.00B,1.04%,$0.39B,$0.02B,5.71%,$0.39B,$-0.01B,-1.30%,$0.39B,$-0.00B,-0.26%,$-0.00B,$0.11B,-1.42%,$-0.00B,$-0.01B,0.94%,$-0.00B,$0.35B,-0.23%,$0.00B,$0.27B,1.28%,$122,$95,$28,$0,$13,$121,$1,$-4,$-3,$-3,$-1,$-1,$-0,$7,$1,$23,23,$0.00,$0.00,$58,$7,$0,$81,$124,$0,$116,$23,$268,$350,$42,$161,$12,$201,$244,$0,$37,$1,$106,$350,$-4,$10,$-0,$10,$0,$0,$0,$12,$12,$18,$-15,$0,$-12,$0,$0,$0,$-20,$-47,$83,$0,$83,$0,$0,$0,$-13,$70,$33,$0,$0
26,2012-03-31,15.25,$2.55,5.97,$15.98,0.95,$0.90,17.03,$0.24,63.54,$0.04B,$0.06B,0.69,$0.27B,$0.06B,4.61,$0.35B,$0.08B,23.01%,$0.35B,$0.01B,1.70%,$0.35B,$0.01B,1.70%,$0.35B,$0.02B,5.11%,$0.35B,$-0.00B,-0.28%,$0.35B,$0.01B,1.42%,$0.01B,$0.06B,8.73%,$0.01B,$-0.14B,-3.56%,$0.01B,$0.45B,1.12%,$0.01B,$0.33B,1.86%,$85,$68,$18,$0,$9,$87,$-1,$-1,$-2,$1,$-3,$-3,$-4,$3,$-1,$22,22,$-0.16,$-0.16,$5,$6,$0,$39,$197,$0,$197,$6,$408,$446,$56,$267,$22,$332,$388,$0,$48,$1,$58,$446,$-4,$4,$3,$7,$0,$0,$0,$-1,$-2,$1,$-5,$0,$0,$0,$0,$0,$0,$-5,$-5,$0,$-5,$0,$0,$0,$-2,$-6,$-19,$0,$0
27,2011-12-31,11.57,$2.72,4.25,$21.00,0.55,$1.00,11.54,$0.50,23.14,$0.05B,$0.06B,0.82,$0.27B,$0.06B,4.6,$0.46B,$0.11B,24.35%,$0.46B,$0.02B,3.23%,$0.46B,$0.02B,3.23%,$0.46B,$0.03B,6.47%,$0.46B,$0.00B,0.86%,$0.46B,$0.01B,2.37%,$0.01B,$0.06B,20.09%,$0.01B,$-0.14B,-7.64%,$0.01B,$0.46B,2.49%,$0.02B,$0.33B,4.74%,$87,$67,$20,$0,$10,$87,$0,$-1,$-1,$-0,$-0,$-0,$0,$4,$0,$22,22,$0.01,$0.00,$25,$6,$0,$52,$190,$0,$197,$10,$406,$458,$64,$272,$22,$335,$399,$0,$51,$1,$59,$458,$11,$15,$-4,$11,$-0,$0,$-1,$20,$11,$33,$-26,$0,$0,$0,$0,$0,$0,$-26,$16,$-9,$7,$1,$1,$0,$-5,$3,$22,$1,$0
28,2011-09-30,8.9,$2.65,3.36,$25.92,0.34,$1.58,5.64,$0.62,14.35,$0.05B,$0.06B,0.8,$0.27B,$0.06B,4.61,$0.57B,$0.15B,25.35%,$0.57B,$0.02B,4.02%,$0.57B,$0.02B,4.02%,$0.57B,$0.03B,4.37%,$0.57B,$0.01B,1.40%,$0.57B,$0.01B,2.45%,$0.01B,$0.06B,27.32%,$0.01B,$-0.14B,-9.41%,$0.01B,$0.45B,3.23%,$0.02B,$0.33B,7.50%,$91,$68,$22,$0,$9,$86,$4,$-3,$1,$1,$0,$0,$3,$8,$4,$22,22,$0.16,$0.16,$22,$5,$0,$49,$189,$0,$199,$15,$403,$452,$61,$270,$22,$332,$394,$0,$51,$2,$58,$452,$11,$11,$-7,$4,$0,$0,$0,$10,$10,$26,$-17,$0,$0,$0,$0,$0,$0,$-17,$5,$0,$5,$0,$0,$0,$-2,$4,$19,$1,$0
29,2011-06-30,10.44,$2.46,4.25,$31.10,0.34,$1.47,7.11,$0.68,15.35,$0.04B,$0.06B,0.6,$0.25B,$0.05B,4.67,$0.68B,$0.18B,25.77%,$0.68B,$0.03B,4.54%,$0.68B,$0.03B,4.54%,$0.68B,$0.04B,5.42%,$0.68B,$0.01B,2.05%,$0.68B,$0.02B,2.34%,$0.02B,$0.05B,33.86%,$0.02B,$-0.15B,-10.41%,$0.02B,$0.43B,3.73%,$0.03B,$0.31B,10.32%,$89,$67,$21,$0,$9,$85,$3,$-2,$1,$1,$0,$0,$6,$3,$3,$22,22,$0.25,$0.25,$7,$5,$0,$35,$187,$0,$200,$8,$394,$429,$58,$253,$22,$317,$375,$0,$48,$2,$54,$429,$8,$7,$-5,$2,$0,$0,$0,$6,$6,$16,$-8,$0,$0,$0,$0,$0,$0,$-8,$-7,$0,$-7,$0,$0,$0,$-6,$-13,$-1,$1,$0
30,2011-03-31,9.27,$2.17,4.27,$36.46,0.25,$1.27,7.29,$0.54,17.17,$0.03B,$0.07B,0.46,$0.25B,$0.05B,5.22,$0.80B,$0.21B,26.07%,$0.80B,$0.04B,4.51%,$0.80B,$0.04B,4.51%,$0.80B,$0.05B,6.27%,$0.80B,$0.02B,2.13%,$0.80B,$0.01B,1.50%,$0.01B,$0.05B,27.91%,$0.01B,$-0.15B,-7.55%,$0.01B,$0.43B,2.79%,$0.04B,$0.30B,12.04%,$197,$147,$50,$0,$21,$189,$8,$-5,$3,$1,$2,$2,$2,$15,$8,$22,22,$0.10,$0.10,$4,$5,$0,$30,$186,$0,$201,$8,$396,$426,$66,$250,$21,$313,$379,$0,$42,$2,$48,$426,$2,$8,$2,$9,$0,$0,$0,$-9,$-7,$5,$-7,$0,$0,$0,$0,$0,$0,$-7,$3,$0,$3,$0,$0,$0,$-0,$3,$1,$1,$0
31,2010-12-31,7.42,$2.08,3.57,$36.46,0.2,$1.14,6.48,$0.55,13.49,$0.03B,$0.07B,0.42,$0.25B,$0.05B,5.52,$0.80B,$0.21B,26.01%,$0.80B,$0.04B,4.52%,$0.80B,$0.04B,4.52%,$0.80B,$0.05B,6.41%,$0.80B,$0.02B,2.26%,$0.80B,$0.01B,1.51%,$0.01B,$0.05B,30.38%,$0.01B,$-0.16B,-7.35%,$0.01B,$0.43B,2.78%,$0.04B,$0.29B,11.92%,$195,$143,$52,$0,$21,$187,$8,$-5,$3,$0,$3,$3,$3,$-1,$8,$22,22,$0.12,$0.12,$3,$5,$0,$28,$187,$0,$201,$6,$398,$426,$68,$248,$23,$313,$381,$0,$40,$2,$45,$426,$12,$14,$-6,$8,$0,$0,$-2,$16,$12,$32,$-13,$0,$0,$0,$0,$0,$0,$-13,$-20,$0,$-20,$0,$0,$0,$0,$-20,$-1,$1,$0
32,2010-09-30,5.3,$1.94,2.73,$37.19,0.14,$1.64,3.23,$0.62,8.55,$0.03B,$0.07B,0.45,$0.26B,$0.04B,6.2,$0.81B,$0.21B,26.02%,$0.81B,$0.04B,4.81%,$0.81B,$0.04B,4.81%,$0.81B,$0.07B,8.75%,$0.81B,$0.02B,2.71%,$0.81B,$0.01B,1.60%,$0.01B,$0.04B,36.11%,$0.01B,$-0.16B,-7.76%,$0.01B,$0.43B,2.98%,$0.04B,$0.30B,12.82%,$202,$149,$53,$0,$21,$190,$12,$-5,$7,$3,$5,$5,$5,$20,$12,$22,22,$0.21,$0.21,$3,$5,$0,$30,$192,$0,$202,$9,$404,$434,$66,$261,$23,$326,$392,$0,$37,$2,$42,$434,$9,$23,$6,$29,$0,$0,$0,$-9,$-7,$31,$-24,$0,$0,$0,$0,$0,$0,$-24,$-8,$0,$-8,$0,$0,$0,$0,$-8,$-1,$1,$0
33,2010-06-30,4.57,$1.71,2.67,$37.14,0.12,$2.35,1.95,$0.67,6.82,$0.03B,$0.07B,0.45,$0.27B,$0.04B,7.17,$0.81B,$0.21B,26.30%,$0.81B,$0.04B,5.06%,$0.81B,$0.04B,5.06%,$0.81B,$0.07B,8.89%,$0.81B,$0.02B,2.96%,$0.81B,$0.01B,1.73%,$0.01B,$0.04B,43.41%,$0.01B,$-0.17B,-8.13%,$0.01B,$0.43B,3.19%,$0.04B,$0.30B,13.48%,$204,$152,$53,$0,$20,$196,$8,$-5,$4,$1,$2,$2,$2,$16,$8,$22,22,$0.11,$0.11,$4,$5,$0,$30,$190,$0,$203,$9,$404,$434,$65,$265,$22,$331,$397,$0,$33,$2,$37,$434,$5,$15,$5,$20,$0,$0,$0,$-7,$-7,$18,$-15,$0,$0,$0,$0,$0,$0,$-15,$-5,$0,$-5,$0,$0,$0,$0,$-4,$-1,$1,$0
34,2010-03-31,6.8,$1.58,4.31,$37.14,0.18,$3.01,2.26,$0.88,7.73,$0.03B,$0.06B,0.51,$0.28B,$0.03B,8.07,$0.81B,$0.22B,26.67%,$0.81B,$0.05B,6.05%,$0.81B,$0.05B,6.05%,$0.81B,$0.08B,9.75%,$0.81B,$0.03B,3.83%,$0.81B,$0.02B,2.35%,$0.02B,$0.03B,67.26%,$0.02B,$-0.17B,-10.73%,$0.02B,$0.44B,4.31%,$0.05B,$0.31B,16.12%,$195,$147,$49,$0,$19,$187,$8,$-5,$4,$1,$2,$2,$2,$16,$8,$22,22,$0.11,$0.11,$4,$6,$0,$30,$190,$0,$204,$9,$405,$435,$59,$275,$22,$342,$401,$0,$30,$2,$34,$435,$2,$8,$1,$8,$0,$0,$0,$-14,$-11,$-0,$-5,$0,$0,$0,$0,$0,$0,$-5,$4,$0,$4,$0,$0,$0,$0,$4,$-0,$0,$0
35,2009-12-31,7.07,$1.45,4.87,$37.53,0.19,$3.53,2.0,$1.00,7.07,$0.03B,$0.07B,0.44,$0.27B,$0.03B,8.6,$0.82B,$0.22B,27.21%,$0.82B,$0.05B,6.62%,$0.82B,$0.05B,6.62%,$0.82B,$0.08B,10.17%,$0.82B,$0.04B,4.29%,$0.82B,$0.02B,2.70%,$0.02B,$0.03B,94.62%,$0.02B,$-0.17B,-12.02%,$0.02B,$0.44B,4.96%,$0.05B,$0.30B,17.76%,$210,$154,$56,$0,$21,$198,$11,$-5,$7,$2,$4,$4,$4,$19,$11,$22,22,$0.19,$0.19,$4,$6,$0,$31,$193,$0,$205,$9,$409,$440,$71,$270,$22,$337,$409,$0,$28,$2,$31,$440,$22,$28,$9,$37,$0,$0,$-2,$2,$1,$61,$-30,$0,$0,$0,$0,$0,$0,$-30,$-29,$0,$-29,$0,$0,$0,$-0,$-29,$1,$1,$0
36,2009-09-30,7.56,$1.26,6.0,$37.20,0.2,$2.00,3.79,$1.01,7.49,$0.03B,$0.08B,0.36,$0.28B,$0.03B,10.15,$0.81B,$0.22B,27.26%,$0.81B,$0.05B,6.57%,$0.81B,$0.05B,6.57%,$0.81B,$0.08B,10.04%,$0.81B,$0.04B,4.34%,$0.81B,$0.02B,2.73%,$0.02B,$0.03B,125.71%,$0.02B,$-0.18B,-11.61%,$0.02B,$0.44B,4.93%,$0.05B,$0.30B,17.28%,$201,$147,$55,$0,$21,$188,$14,$-5,$9,$3,$6,$6,$6,$21,$14,$22,22,$0.26,$0.26,$3,$5,$0,$27,$197,$0,$206,$9,$418,$444,$75,$276,$22,$342,$417,$0,$24,$2,$27,$444,$18,$21,$3,$23,$0,$0,$0,$5,$6,$47,$-25,$0,$0,$0,$0,$0,$0,$-25,$-22,$0,$-22,$0,$0,$0,$-0,$-22,$-0,$1,$0
37,2009-06-30,6.66,$0.98,6.76,$37.68,0.18,$0.40,16.71,$0.92,7.24,$0.03B,$0.08B,0.39,$0.28B,$0.02B,13.16,$0.82B,$0.22B,26.75%,$0.82B,$0.05B,6.38%,$0.82B,$0.05B,6.38%,$0.82B,$0.08B,9.82%,$0.82B,$0.03B,3.93%,$0.82B,$0.02B,2.45%,$0.02B,$0.02B,173.91%,$0.02B,$-0.19B,-10.19%,$0.02B,$0.44B,4.39%,$0.05B,$0.30B,16.24%,$204,$148,$56,$0,$20,$188,$16,$-5,$11,$4,$7,$7,$7,$23,$16,$22,22,$0.33,$0.32,$3,$5,$0,$29,$191,$0,$207,$10,$414,$443,$75,$280,$22,$347,$422,$0,$18,$2,$21,$443,$12,$14,$2,$15,$0,$0,$0,$4,$2,$30,$-12,$0,$0,$0,$0,$0,$0,$-12,$-18,$0,$-18,$0,$0,$0,$-0,$-18,$-0,$1,$0
38,2009-03-31,3.51,$0.64,5.48,$38.09,0.09,$-0.66,0.0,$0.75,4.68,$0.03B,$0.07B,0.42,$0.30B,$0.01B,21.41,$0.82B,$0.22B,26.40%,$0.82B,$0.05B,5.84%,$0.82B,$0.05B,5.84%,$0.82B,$0.08B,9.25%,$0.82B,$0.03B,3.16%,$0.82B,$0.02B,1.95%,$0.02B,$0.01B,266.67%,$0.02B,$-0.19B,-7.89%,$0.02B,$0.45B,3.45%,$0.05B,$0.31B,14.45%,$201,$146,$55,$0,$21,$188,$13,$-5,$8,$3,$5,$5,$5,$20,$13,$22,22,$0.23,$0.23,$4,$5,$0,$30,$194,$0,$208,$10,$418,$448,$72,$296,$22,$362,$434,$0,$11,$2,$14,$448,$5,$7,$1,$8,$0,$0,$0,$-1,$-1,$12,$-6,$0,$0,$0,$0,$0,$0,$-6,$-6,$0,$-6,$0,$0,$0,$0,$-6,$0,$0,$0
39,2008-12-31,2.7,$0.39,6.89,$37.84,0.07,$-1.52,0.0,$0.59,4.58,$0.03B,$0.07B,0.41,$0.30B,$0.01B,35.95,$0.82B,$0.21B,25.95%,$0.82B,$0.05B,5.51%,$0.82B,$0.05B,5.51%,$0.82B,$0.07B,8.94%,$0.82B,$0.02B,2.45%,$0.82B,$0.01B,1.47%,$0.01B,$0.01B,960.00%,$0.01B,$-0.20B,-5.76%,$0.01B,$0.45B,2.56%,$0.05B,$0.31B,13.12%,$201,$147,$54,$0,$20,$191,$10,$-2,$7,$3,$4,$4,$4,$17,$10,$22,22,$0.20,$0.20,$3,$6,$0,$29,$195,$0,$208,$11,$421,$450,$71,$304,$22,$371,$442,$0,$6,$2,$8,$450,$13,$29,$7,$36,$0,$0,$-1,$-1,$-5,$45,$-48,$0,$0,$0,$0,$0,$0,$-48,$-1,$0,$-1,$0,$0,$0,$0,$-1,$-4,$2,$0
40,2008-09-30,3.0,$0.14,21.44,$37.68,0.08,$-0.93,0.0,$0.55,5.45,$0.03B,$0.07B,0.42,$0.35B,$0.00B,117.3,$0.81B,$0.21B,25.95%,$0.81B,$0.05B,5.90%,$0.81B,$0.05B,5.90%,$0.81B,$0.08B,9.47%,$0.81B,$0.02B,2.34%,$0.81B,$0.01B,1.48%,$0.01B,$0.00B,-480.00%,$0.01B,$-0.21B,-5.64%,$0.01B,$0.48B,2.54%,$0.05B,$0.36B,13.68%,$209,$156,$53,$0,$21,$196,$13,$-7,$6,$2,$4,$4,$4,$20,$13,$22,22,$0.17,$0.17,$3,$5,$0,$29,$222,$0,$209,$12,$453,$482,$68,$354,$22,$411,$479,$0,$2,$1,$3,$482,$8,$22,$1,$24,$0,$0,$0,$-6,$-3,$29,$-42,$0,$0,$0,$0,$0,$0,$-42,$8,$0,$8,$0,$0,$0,$0,$8,$-4,$1,$0
41,2008-06-30,5.19,$-0.05,-96.65,$37.43,0.14,$-0.03,0.0,$0.61,8.51,$0.03B,$0.07B,0.44,$0.35B,$-0.00B,-302.27,$0.81B,$0.21B,26.36%,$0.81B,$0.05B,6.06%,$0.81B,$0.05B,6.06%,$0.81B,$0.08B,9.78%,$0.81B,$0.02B,2.48%,$0.81B,$0.01B,1.61%,$0.01B,$-0.00B,-200.00%,$0.01B,$-0.21B,-5.97%,$0.01B,$0.47B,2.78%,$0.05B,$0.35B,14.12%,$211,$156,$55,$0,$23,$199,$12,$-7,$5,$2,$3,$3,$3,$19,$12,$22,22,$0.15,$0.15,$4,$5,$0,$30,$212,$0,$210,$11,$443,$474,$69,$350,$21,$406,$475,$0,$-2,$1,$-1,$474,$5,$15,$1,$16,$0,$0,$0,$-2,$-1,$19,$-24,$0,$0,$0,$0,$0,$0,$-24,$2,$0,$2,$0,$0,$0,$0,$2,$-3,$1,$0
42,2008-03-31,8.93,$-0.23,-39.25,$36.96,0.24,$0.34,26.25,$0.70,12.76,$0.03B,$0.06B,0.51,$0.36B,$-0.01B,-73.0,$0.80B,$0.21B,26.85%,$0.80B,$0.05B,6.52%,$0.80B,$0.05B,6.52%,$0.80B,$0.08B,10.41%,$0.80B,$0.02B,2.89%,$0.80B,$0.02B,1.88%,$0.02B,$-0.01B,-139.53%,$0.02B,$-0.22B,-6.73%,$0.02B,$0.47B,3.23%,$0.05B,$0.35B,15.13%,$196,$146,$50,$0,$21,$186,$10,$-7,$2,$1,$1,$1,$1,$17,$10,$22,22,$0.07,$0.07,$4,$5,$0,$29,$205,$0,$211,$12,$438,$467,$57,$358,$22,$415,$472,$0,$-5,$1,$-5,$467,$1,$7,$1,$8,$0,$0,$0,$-10,$-11,$-1,$-11,$0,$0,$0,$0,$0,$0,$-11,$9,$0,$9,$0,$0,$0,$0,$9,$-3,$0,$0
43,2007-12-31,9.58,$-0.32,-30.23,$36.62,0.26,$0.78,12.33,$0.70,13.69,$0.03B,$0.06B,0.49,$0.35B,$-0.01B,-51.33,$0.79B,$0.22B,27.38%,$0.79B,$0.05B,6.84%,$0.79B,$0.05B,6.84%,$0.79B,$0.09B,10.77%,$0.79B,$0.02B,2.92%,$0.79B,$0.02B,2.03%,$0.02B,$-0.01B,-103.23%,$0.02B,$-0.22B,-7.00%,$0.02B,$0.47B,3.48%,$0.05B,$0.34B,15.89%,$197,$144,$53,$0,$20,$184,$13,$-8,$6,$2,$4,$4,$4,$21,$13,$22,22,$0.16,$0.16,$7,$5,$0,$31,$200,$0,$211,$12,$434,$466,$64,$351,$23,$408,$472,$0,$-7,$1,$-7,$466,$15,$29,$3,$33,$0,$0,$2,$0,$7,$55,$-45,$0,$0,$0,$0,$0,$0,$-45,$45,$-50,$-5,$-0,$-0,$0,$-1,$-6,$3,$2,$0
44,2007-09-30,11.2,$-0.61,-18.31,$38.61,0.29,$0.34,32.9,$0.76,14.74,$0.03B,$0.06B,0.53,$0.36B,$-0.01B,-26.95,$0.78B,$0.22B,27.66%,$0.78B,$0.23B,29.45%,$0.78B,$0.23B,29.45%,$0.78B,$0.09B,11.52%,$0.78B,$0.21B,26.38%,$0.78B,$0.02B,2.05%,$0.02B,$-0.01B,-79.01%,$0.02B,$-0.23B,-6.83%,$0.02B,$0.46B,3.50%,$0.23B,$0.34B,68.40%,$204,$149,$55,$0,$20,$189,$14,$-8,$7,$2,$5,$5,$5,$22,$14,$22,22,$0.23,$0.23,$8,$5,$0,$32,$195,$0,$212,$12,$431,$463,$60,$355,$23,$416,$476,$0,$-10,$-1,$-13,$463,$12,$22,$4,$26,$0,$0,$0,$4,$4,$41,$-35,$0,$0,$0,$0,$0,$0,$-35,$-2,$0,$-2,$0,$0,$0,$-1,$-3,$4,$1,$0
