,Date,Stock Price,Book Value per Share,Price to Book Ratio,TTM Sales per Share,Price to Sales Ratio,TTM FCF per Share,Price to FCF Ratio,TTM Net EPS,PE Ratio,Current Assets,Current Liabilities,Current Ratio,Long Term Debt,Shareholder's Equity_x,Debt to Equity Ratio,TTM Revenue_x,TTM Gross Profit,Gross Margin,TTM Revenue_y,TTM Operating Income,Operating Margin,TTM Revenue_x,TTM EBIT,EBIT Margin,TTM Revenue_y,TTM EBITDA,EBITDA Margin,TTM Revenue_x,TTM Pre-Tax Income,Pre-Tax Margin,TTM Revenue_y,TTM Net Income_x,Net Margin,TTM Net Income_y,Shareholder's Equity_y,Return on Equity,TTM Net Income_x,Tangible Equity,Return on Tangible Equity,TTM Net Income_y,Total Assets,Return on Assets,TTM Net Income,LT Investments & Debt,Return on Investment,revenue,cost-goods-sold,gross-profit,research-development-expenses,selling-general-administrative-expenses,operating-expenses,operating-income,total-non-operating-income-expense,pre-tax-income,total-provision-income-taxes,income-after-taxes,income-from-continuous-operations,net-income,ebitda,ebit,basic-shares-outstanding,shares-outstanding,eps-basic-net-earnings-per-share,eps-earnings-per-share-diluted,cash-on-hand,inventory,other-current-assets,total-current-assets,net-property-plant-equipment,long-term-investments,goodwill-intangible-assets-total,other-long-term-assets,total-long-term-assets,total-assets,total-current-liabilities,long-term-debt,other-non-current-liabilities,total-long-term-liabilities,total-liabilities,common-stock-net,retained-earnings-accumulated-deficit,comprehensive-income,total-share-holder-equity,total-liabilities-share-holders-equity,net-income-loss,total-depreciation-amortization-cash-flow,other-non-cash-items,total-non-cash-items,change-in-accounts-receivable,change-in-inventories,change-in-accounts-payable,change-in-assets-liabilities,total-change-in-assets-liabilities,cash-flow-from-operating-activities,net-change-in-property-plant-equipment,net-change-in-intangible-assets,net-acquisitions-divestitures,net-change-in-short-term-investments,net-change-in-long-term-investments,net-change-in-investments-total,investing-activities-other,cash-flow-from-investing-activities,net-long-term-debt,net-current-debt,debt-issuance-retirement-net-total,net-common-equity-issued-repurchased,net-total-equity-issued-repurchased,total-common-preferred-stock-dividends-paid,financial-activities-other,cash-flow-from-financial-activities,net-cash-flow,stock-based-compensation,common-stock-dividends-paid
0,2018-06-30,7.75,$9.45,0.82,$11.46,0.68,$-0.55,0.0,$-0.17,0.0,$0.08B,$0.02B,5.36,$0.00B,$0.09B,0.0,$0.10B,$0.02B,15.69%,$0.10B,0,0.00%,$0.10B,0,0.00%,$0.10B,$0.00B,3.92%,$0.10B,0,0.00%,$0.10B,$-0.00B,-0.98%,$-0.00B,$0.09B,-1.14%,$-0.00B,$0.09B,-1.15%,$-0.00B,$0.11B,-0.90%,$0.00B,$0.09B,0.00%,$25,$22,$3,$0,$4,$26,$-1,$0,$-1,$-0,$-1,$-1,$-1,$-0,$-1,$9,9,$-0.16,$-0.16,$16,$39,$3,$80,$22,$1,$1,$2,$27,$106,$15,$0,$3,$5,$20,$3,$21,$-0,$86,$106,$-2,$2,$0,$2,$3,$0,$-1,$-3,$-0,$-0,$-2,$0,$0,$0,$0,$0,$-0,$-2,$0,$0,$0,$0,$0,$0,$0,$0,$-2,$0,$0
1,2018-03-31,8.7,$9.62,0.9,$11.68,0.75,$-0.11,0.0,$0.06,145.0,$0.09B,$0.02B,4.39,$0.00B,$0.09B,0.0,$0.10B,$0.02B,17.31%,$0.10B,$0.00B,1.92%,$0.10B,$0.00B,1.92%,$0.10B,$0.01B,5.77%,$0.10B,$0.00B,1.92%,$0.10B,$0.00B,0.96%,$0.00B,$0.09B,1.13%,$0.00B,$0.09B,1.14%,$0.00B,$0.11B,0.89%,$0.00B,$0.09B,2.26%,$24,$21,$3,$0,$4,$25,$-1,$-0,$-1,$0,$-1,$-1,$-1,$0,$-1,$9,9,$-0.08,$-0.08,$17,$41,$2,$86,$21,$1,$1,$3,$27,$113,$20,$0,$3,$6,$25,$3,$22,$-0,$88,$113,$-1,$1,$0,$1,$-0,$-2,$2,$0,$-0,$0,$-1,$0,$0,$0,$0,$0,$0,$-1,$0,$0,$0,$0,$0,$0,$0,$0,$-1,$0,$0
2,2017-12-31,10.5,$9.71,1.08,$11.99,0.88,$0.30,34.54,$0.28,37.5,$0.09B,$0.02B,4.79,$0.00B,$0.09B,0.0,$0.11B,$0.02B,19.63%,$0.11B,$0.01B,4.67%,$0.11B,$0.01B,4.67%,$0.11B,$0.01B,8.41%,$0.11B,$0.01B,4.67%,$0.11B,$0.00B,2.80%,$0.00B,$0.09B,3.37%,$0.00B,$0.09B,3.41%,$0.00B,$0.11B,2.67%,$0.01B,$0.09B,5.62%,$26,$22,$5,$0,$4,$26,$1,$-0,$0,$1,$-0,$-0,$-0,$2,$1,$9,9,$-0.04,$-0.04,$18,$39,$2,$85,$21,$1,$1,$3,$27,$112,$18,$0,$3,$6,$23,$3,$23,$0,$89,$112,$2,$4,$1,$5,$-4,$0,$1,$-1,$-5,$2,$-4,$0,$0,$0,$0,$0,$-0,$-4,$0,$0,$0,$0,$0,$-3,$0,$-3,$-4,$0,$-3
3,2017-09-30,11.2,$9.74,1.15,$11.87,0.94,$0.40,27.98,$0.49,22.86,$0.09B,$0.02B,4.6,$0.00B,$0.09B,0.0,$0.11B,$0.02B,20.75%,$0.11B,$0.01B,5.66%,$0.11B,$0.01B,5.66%,$0.11B,$0.01B,9.43%,$0.11B,$0.01B,6.60%,$0.11B,$0.01B,4.72%,$0.01B,$0.09B,5.62%,$0.01B,$0.09B,5.70%,$0.01B,$0.11B,4.45%,$0.01B,$0.09B,6.74%,$27,$21,$5,$0,$3,$25,$1,$0,$2,$1,$1,$1,$1,$2,$1,$9,9,$0.10,$0.10,$19,$38,$3,$86,$21,$1,$1,$3,$27,$113,$19,$0,$4,$6,$24,$3,$23,$0,$89,$113,$3,$3,$1,$4,$-4,$1,$1,$-2,$-4,$2,$-3,$0,$0,$0,$0,$0,$-0,$-3,$0,$0,$0,$0,$0,$-3,$0,$-3,$-3,$0,$-3
4,2017-06-30,10.2,$9.68,1.05,$11.57,0.88,$-0.02,0.0,$0.49,20.82,$0.08B,$0.02B,5.0,$0.00B,$0.09B,0.0,$0.10B,$0.02B,21.36%,$0.10B,$0.01B,5.83%,$0.10B,$0.01B,5.83%,$0.10B,$0.01B,9.71%,$0.10B,$0.01B,5.83%,$0.10B,$0.01B,4.85%,$0.01B,$0.09B,5.65%,$0.01B,$0.09B,5.73%,$0.01B,$0.11B,4.49%,$0.01B,$0.09B,6.78%,$27,$22,$5,$0,$4,$25,$1,$-0,$1,$1,$1,$1,$1,$2,$1,$9,9,$0.07,$0.07,$21,$36,$3,$83,$21,$1,$1,$3,$27,$110,$17,$0,$3,$5,$22,$3,$22,$0,$88,$110,$2,$2,$0,$2,$-1,$3,$-1,$-1,$-1,$3,$-1,$0,$0,$0,$0,$0,$-0,$-1,$0,$0,$0,$0,$0,$-3,$0,$-3,$-1,$0,$-3
5,2017-03-31,9.53,$9.93,0.96,$11.22,0.85,$-0.76,0.0,$0.14,68.04,$0.09B,$0.02B,4.82,$0.00B,$0.09B,0.0,$0.10B,$0.02B,21.00%,$0.10B,$0.01B,5.00%,$0.10B,$0.01B,5.00%,$0.10B,$0.01B,9.00%,$0.10B,$0.01B,5.00%,$0.10B,$0.00B,2.00%,$0.00B,$0.09B,2.27%,$0.00B,$0.09B,2.31%,$0.00B,$0.11B,1.80%,$0.01B,$0.09B,5.68%,$27,$22,$6,$0,$3,$25,$2,$-0,$2,$0,$1,$1,$1,$3,$2,$9,9,$0.14,$0.14,$25,$38,$3,$87,$21,$1,$1,$3,$27,$114,$18,$0,$3,$5,$23,$3,$24,$0,$90,$114,$1,$1,$0,$1,$1,$1,$-1,$0,$1,$3,$-1,$0,$0,$-0,$0,$-0,$-0,$-1,$0,$0,$0,$0,$0,$0,$0,$0,$2,$0,$0
6,2016-12-31,8.51,$10.04,0.85,$10.85,0.78,$-1.14,0.0,$0.01,0.0,$0.09B,$0.02B,4.66,$0.00B,$0.09B,0.0,$0.10B,$0.02B,19.59%,$0.10B,$0.00B,3.09%,$0.10B,$0.00B,3.09%,$0.10B,$0.01B,7.22%,$0.10B,$0.00B,3.09%,$0.10B,$0.00B,1.03%,$0.00B,$0.09B,1.13%,$0.00B,$0.09B,1.15%,$0.00B,$0.11B,0.91%,$0.00B,$0.09B,3.39%,$25,$19,$6,$0,$4,$23,$2,$-0,$2,$0,$2,$2,$2,$3,$2,$9,9,$0.18,$0.18,$22,$39,$2,$85,$21,$1,$1,$3,$27,$112,$18,$0,$3,$5,$23,$3,$23,$-0,$89,$112,$0,$4,$2,$5,$-2,$-3,$1,$4,$0,$6,$-6,$0,$0,$6,$0,$6,$0,$1,$0,$0,$0,$0,$0,$-3,$-1,$-3,$3,$0,$-3
7,2016-09-30,7.57,$0.00,0.0,$10.48,0.72,$-1.41,0.0,$0.17,44.54,$0.08B,$0.02B,4.83,$0.00B,$0.09B,0.0,$0.09B,$0.02B,15.96%,$0.09B,$0.00B,4.26%,$0.09B,$0.00B,4.26%,$0.09B,$0.01B,8.51%,$0.09B,$0.00B,4.26%,$0.09B,$0.00B,2.13%,$0.00B,$0.09B,2.25%,$0.00B,$0.09B,2.27%,$0.00B,$0.11B,1.82%,$0.00B,$0.09B,4.49%,$24,$19,$5,$0,$3,$22,$1,$-0,$1,$1,$1,$1,$1,$2,$1,$9,9,$0.10,$0.10,$19,$38,$3,$83,$21,$1,$1,$3,$26,$109,$17,$0,$3,$5,$22,$3,$22,$0,$87,$109,$-2,$3,$2,$5,$-4,$-1,$1,$1,$-2,$1,$-5,$0,$0,$7,$0,$7,$0,$2,$0,$0,$0,$0,$0,$-3,$-1,$-3,$-0,$0,$-3
8,2016-06-30,6.82,$0.00,0.0,$10.30,0.66,$-1.26,0.0,$0.09,75.81,$0.08B,$0.02B,4.62,$0.00B,$0.09B,0.0,$0.09B,$0.01B,14.13%,$0.09B,$0.00B,3.26%,$0.09B,$0.00B,3.26%,$0.09B,$0.01B,7.61%,$0.09B,$0.00B,3.26%,$0.09B,$0.00B,1.09%,$0.00B,$0.09B,1.12%,$0.00B,$0.09B,1.13%,$0.00B,$0.11B,0.92%,$0.00B,$0.09B,3.36%,$24,$19,$4,$0,$4,$23,$0,$-0,$0,$3,$-2,$-2,$-2,$1,$0,$9,9,$-0.28,$-0.28,$22,$37,$2,$84,$21,$0,$1,$3,$25,$109,$18,$0,$3,$5,$23,$3,$21,$0,$86,$109,$-2,$2,$2,$4,$-3,$-1,$-0,$1,$-3,$-1,$-4,$0,$0,$2,$0,$2,$-0,$-2,$0,$0,$0,$0,$0,$0,$0,$0,$-3,$0,$0
9,2016-03-31,6.83,$0.00,0.0,$10.07,0.68,$-0.89,0.0,$0.45,15.18,$0.09B,$0.02B,5.34,$0.00B,$0.09B,0.0,$0.09B,$0.01B,14.61%,$0.09B,$0.00B,4.49%,$0.09B,$0.00B,4.49%,$0.09B,$0.01B,8.99%,$0.09B,$0.00B,4.49%,$0.09B,$0.00B,4.49%,$0.00B,$0.09B,4.46%,$0.00B,$0.09B,4.48%,$0.00B,$0.11B,3.71%,$0.00B,$0.09B,4.46%,$24,$20,$4,$0,$3,$23,$0,$-0,$0,$0,$0,$0,$0,$1,$0,$9,9,$0.01,$0.01,$26,$36,$4,$87,$19,$0,$1,$3,$24,$111,$16,$0,$3,$3,$20,$3,$26,$0,$92,$111,$0,$1,$-0,$1,$-1,$0,$0,$-0,$-1,$-0,$-1,$0,$0,$2,$0,$2,$-0,$1,$0,$0,$0,$0,$0,$0,$0,$0,$1,$0,$0
10,2015-12-31,6.93,$10.38,0.67,$9.72,0.71,$-0.92,0.0,$0.66,10.49,$0.09B,$0.02B,5.77,$0.00B,$0.09B,0.0,$0.09B,$0.01B,15.29%,$0.09B,$0.01B,5.88%,$0.09B,$0.01B,5.88%,$0.09B,$0.01B,10.59%,$0.09B,$0.01B,5.88%,$0.09B,$0.01B,7.06%,$0.01B,$0.09B,6.78%,$0.01B,$0.09B,6.80%,$0.01B,$0.11B,5.67%,$0.01B,$0.09B,5.65%,$22,$19,$2,$0,$-1,$19,$3,$-0,$3,$-0,$3,$3,$3,$4,$3,$9,9,$0.34,$0.34,$27,$37,$3,$86,$19,$0,$1,$3,$24,$110,$15,$0,$3,$3,$18,$3,$26,$-0,$91,$110,$6,$3,$-6,$3,$-2,$-1,$0,$0,$-2,$1,$-3,$0,$-2,$1,$0,$1,$0,$-4,$0,$-0,$0,$0,$0,$0,$0,$-0,$-4,$0,$0
11,2015-09-30,6.73,$0.00,0.0,$9.68,0.7,$-1.14,0.0,$0.32,21.03,$0.09B,$0.01B,7.4,$0.00B,$0.09B,0.0,$0.08B,$0.02B,17.86%,$0.08B,$0.00B,4.76%,$0.08B,$0.00B,4.76%,$0.08B,$0.01B,10.71%,$0.08B,$0.00B,4.76%,$0.08B,$0.00B,4.76%,$0.00B,$0.09B,4.58%,$0.00B,$0.09B,4.58%,$0.00B,$0.11B,3.88%,$0.00B,$0.09B,4.58%,$22,$19,$3,$0,$3,$21,$0,$0,$0,$0,$0,$0,$0,$1,$0,$9,9,$0.02,$0.02,$29,$36,$0,$89,$0,$0,$0,$3,$4,$105,$12,$0,$3,$5,$17,$3,$23,$0,$88,$105,$3,$2,$-1,$1,$-4,$-0,$-1,$1,$-4,$-0,$-2,$0,$0,$4,$0,$4,$-0,$1,$0,$0,$0,$0,$0,$0,$0,$0,$1,$0,$0
12,2015-06-30,6.36,$0.00,0.0,$9.49,0.67,$-0.76,0.0,$0.25,25.46,$0.09B,$0.01B,7.04,$0.00B,$0.09B,0.0,$0.08B,$0.02B,19.51%,$0.08B,$0.01B,6.10%,$0.08B,$0.01B,6.10%,$0.08B,$0.01B,10.98%,$0.08B,$0.00B,4.88%,$0.08B,$0.00B,4.88%,$0.00B,$0.09B,4.64%,$0.00B,$0.09B,4.64%,$0.00B,$0.11B,3.93%,$0.01B,$0.09B,5.80%,$21,$17,$4,$0,$3,$20,$1,$-0,$1,$0,$1,$1,$1,$2,$1,$9,9,$0.08,$0.08,$30,$37,$0,$89,$0,$0,$0,$3,$4,$105,$13,$0,$3,$5,$17,$3,$23,$0,$88,$105,$3,$1,$-1,$0,$-3,$-1,$-0,$1,$-3,$-0,$-2,$0,$0,$4,$0,$4,$-0,$2,$0,$0,$0,$0,$0,$0,$0,$0,$2,$0,$0
13,2015-03-31,6.58,$0.00,0.0,$9.39,0.7,$-0.31,0.0,$0.21,31.33,$0.09B,$0.01B,7.65,$0.00B,$0.09B,0.0,$0.08B,$0.02B,19.51%,$0.08B,$0.01B,6.10%,$0.08B,$0.01B,6.10%,$0.08B,$0.01B,9.76%,$0.08B,$0.00B,4.88%,$0.08B,$0.00B,3.66%,$0.00B,$0.09B,3.51%,$0.00B,$0.09B,3.51%,$0.00B,$0.10B,2.99%,$0.01B,$0.09B,5.85%,$20,$17,$4,$0,$3,$19,$1,$-0,$1,$0,$0,$2,$2,$2,$1,$9,9,$0.22,$0.22,$30,$36,$0,$87,$0,$0,$0,$2,$4,$103,$11,$0,$3,$4,$16,$3,$22,$0,$87,$103,$2,$1,$-1,$-1,$-1,$-1,$-2,$2,$-2,$-0,$-1,$0,$0,$4,$0,$4,$-0,$3,$0,$0,$0,$0,$0,$0,$0,$0,$2,$0,$0
14,2014-12-31,6.25,$9.71,0.64,$9.15,0.68,$-0.04,0.0,$0.04,156.3,$0.08B,$0.01B,7.47,$0.00B,$0.09B,0.0,$0.08B,$0.02B,20.00%,$0.08B,$0.00B,5.00%,$0.08B,$0.00B,5.00%,$0.08B,$0.01B,7.50%,$0.08B,$0.00B,3.75%,$0.08B,$0.00B,1.25%,$0.00B,$0.09B,1.18%,$0.00B,$0.09B,1.18%,$0.00B,$0.10B,1.00%,$0.00B,$0.09B,4.72%,$21,$17,$4,$0,$2,$19,$2,$-0,$2,$1,$1,$1,$1,$4,$2,$9,9,$0.12,$0.12,$28,$35,$0,$82,$46,$3,$0,$2,$52,$99,$11,$0,$3,$4,$14,$3,$20,$0,$86,$101,$1,$2,$0,$2,$3,$-6,$-1,$-2,$-6,$-1,$-3,$0,$0,$5,$0,$5,$3,$5,$-1,$0,$-1,$0,$0,$-2,$-0,$-3,$0,$0,$-2
15,2014-09-30,6.8,$0.00,0.0,$8.43,0.81,$1.12,6.08,$0.04,169.88,$0.08B,$0.01B,7.37,$0.00B,$0.08B,0.0,$0.07B,$0.02B,20.27%,$0.07B,$0.00B,5.41%,$0.07B,$0.00B,5.41%,$0.07B,$0.00B,5.41%,$0.07B,$0.00B,4.05%,$0.07B,0,0.00%,$0.00B,$0.08B,0.00%,$0.00B,$0.08B,0.00%,$0.00B,$0.10B,0.00%,$0.00B,$0.08B,4.69%,$20,$16,$4,$0,$3,$20,$1,$-1,$-0,$0,$-0,$-0,$-0,$1,$1,$9,9,$-0.05,$-0.05,$31,$31,$0,$81,$0,$3,$0,$3,$7,$100,$11,$0,$3,$4,$15,$3,$19,$0,$84,$100,$0,$0,$0,$0,$0,$0,$0,$0,$-1,$1,$0,$0,$0,$0,$0,$0,$0,$3,$0,$0,$0,$0,$0,$0,$0,$-3,$1,$0,$0
16,2014-06-30,6.86,$0.00,0.0,$8.53,0.8,$1.04,6.57,$0.18,38.11,$0.08B,$0.01B,7.38,$0.00B,$0.09B,0.0,$0.08B,$0.02B,21.33%,$0.08B,$0.00B,5.33%,$0.08B,$0.00B,5.33%,$0.08B,$0.00B,5.33%,$0.08B,$0.00B,5.33%,$0.08B,$0.00B,1.33%,$0.00B,$0.09B,1.16%,$0.00B,$0.09B,1.16%,$0.00B,$0.10B,0.95%,$0.00B,$0.09B,4.62%,$21,$16,$4,$0,$3,$20,$1,$-0,$1,$0,$0,$0,$0,$1,$1,$9,9,$0.04,$0.04,$32,$30,$0,$81,$0,$2,$0,$3,$7,$100,$11,$0,$3,$4,$15,$3,$20,$0,$85,$100,$1,$0,$0,$0,$0,$0,$0,$0,$1,$2,$0,$0,$0,$0,$0,$0,$0,$3,$0,$0,$0,$0,$0,$0,$0,$-3,$2,$0,$0
17,2014-03-31,7.59,$0.00,0.0,$8.68,0.87,$0.79,9.59,$0.26,29.19,$0.09B,$0.02B,5.77,$0.00B,$0.08B,0.0,$0.08B,$0.02B,22.37%,$0.08B,$0.00B,5.26%,$0.08B,$0.00B,5.26%,$0.08B,$0.00B,5.26%,$0.08B,$0.00B,5.26%,$0.08B,$0.00B,2.63%,$0.00B,$0.08B,2.29%,$0.00B,$0.08B,2.29%,$0.00B,$0.10B,1.87%,$0.00B,$0.08B,4.58%,$18,$15,$4,$0,$3,$18,$0,$0,$0,$0,$0,$0,$0,$0,$0,$9,9,$0.05,$0.05,$35,$30,$0,$85,$0,$2,$0,$3,$7,$103,$15,$0,$0,$4,$19,$3,$19,$0,$84,$103,$0,$0,$0,$0,$0,$0,$0,$0,$0,$1,$0,$0,$0,$0,$0,$0,$0,$4,$0,$0,$0,$0,$0,$0,$0,$-0,$5,$0,$0
18,2013-12-31,7.24,$0.00,0.0,$9.04,0.8,$0.65,11.19,$0.40,18.11,$0.09B,$0.02B,5.32,$0.00B,$0.09B,0.0,$0.08B,$0.02B,22.50%,$0.08B,$0.01B,6.25%,$0.08B,$0.01B,6.25%,$0.08B,$0.01B,6.25%,$0.08B,$0.01B,6.25%,$0.08B,$0.00B,5.00%,$0.00B,$0.09B,4.55%,$0.00B,$0.09B,4.55%,$0.00B,$0.11B,3.70%,$0.01B,$0.09B,5.67%,$15,$12,$3,$0,$1,$13,$2,$0,$2,$-0,$2,$3,$0,$2,$2,$9,9,$-0.08,$-0.08,$30,$29,$10,$91,$0,$2,$0,$3,$7,$109,$17,$0,$3,$4,$21,$3,$21,$0,$88,$109,$5,$2,$0,$3,$-1,$1,$0,$1,$1,$8,$-2,$0,$-0,$0,$0,$0,$2,$0,$-2,$-1,$-2,$0,$0,$0,$-0,$-3,$5,$0,$0
19,2013-09-30,7.32,$0.00,0.0,$9.95,0.74,$0.61,11.9,$0.44,16.63,$0.09B,$0.01B,6.54,$0.00B,$0.09B,0.0,$0.09B,$0.02B,23.86%,$0.09B,$0.00B,4.55%,$0.09B,$0.00B,4.55%,$0.09B,$0.00B,4.55%,$0.09B,$0.00B,4.55%,$0.09B,$0.00B,4.55%,$0.00B,$0.09B,4.58%,$0.00B,$0.09B,4.58%,$0.00B,$0.11B,3.70%,$0.00B,$0.09B,4.56%,$21,$16,$5,$0,$3,$20,$1,$-0,$1,$0,$1,$1,$1,$1,$1,$9,9,$0.09,$0.09,$32,$34,$0,$87,$0,$2,$0,$4,$7,$107,$13,$0,$4,$5,$19,$3,$22,$0,$89,$107,$0,$0,$0,$0,$0,$0,$0,$0,$0,$0,$0,$0,$0,$0,$0,$0,$0,$0,$0,$0,$0,$0,$0,$0,$0,$0,$0,$0,$0
20,2013-06-30,6.21,$0.00,0.0,$10.06,0.62,$0.61,10.09,$0.55,11.28,$0.09B,$0.02B,5.91,$0.00B,$0.09B,0.0,$0.09B,$0.02B,24.72%,$0.09B,$0.01B,5.62%,$0.09B,$0.01B,5.62%,$0.09B,$0.01B,5.62%,$0.09B,$0.01B,5.62%,$0.09B,$0.01B,5.62%,$0.01B,$0.09B,5.81%,$0.01B,$0.09B,5.81%,$0.01B,$0.11B,4.62%,$0.01B,$0.09B,5.75%,$22,$17,$5,$0,$4,$21,$1,$0,$1,$0,$1,$1,$1,$1,$1,$9,9,$0.12,$0.12,$32,$33,$4,$87,$0,$2,$0,$4,$7,$108,$15,$0,$4,$5,$20,$3,$21,$0,$88,$108,$0,$0,$0,$0,$0,$0,$0,$0,$0,$0,$0,$0,$0,$0,$0,$0,$0,$0,$0,$0,$0,$0,$0,$0,$0,$0,$0,$0,$0
21,2013-03-31,5.64,$0.00,0.0,$10.08,0.56,$0.61,9.18,$-0.05,0.0,$0.09B,$0.02B,5.39,$0.00B,$0.09B,0.01,$0.09B,$0.02B,25.84%,$0.09B,$0.01B,6.74%,$0.09B,$0.01B,6.74%,$0.09B,$0.01B,6.74%,$0.09B,$0.00B,4.49%,$0.09B,0,0.00%,$0.00B,$0.09B,0.00%,$0.00B,$0.09B,0.00%,$0.00B,$0.11B,0.00%,$0.01B,$0.09B,6.98%,$22,$17,$5,$0,$4,$20,$1,$-0,$1,$0,$1,$2,$2,$1,$1,$9,9,$0.19,$0.19,$30,$33,$5,$89,$0,$2,$0,$3,$7,$109,$16,$1,$4,$6,$22,$3,$20,$0,$87,$109,$0,$0,$0,$0,$0,$0,$0,$0,$0,$0,$0,$0,$0,$0,$0,$0,$0,$0,$0,$0,$0,$0,$0,$0,$0,$0,$0,$0,$0
22,2012-12-31,5.08,$0.00,0.0,$9.98,0.51,$0.61,8.25,$-0.18,0.0,$0.09B,$0.02B,5.45,$0.00B,$0.09B,0.01,$0.09B,$0.02B,26.14%,$0.09B,$0.01B,6.82%,$0.09B,$0.01B,6.82%,$0.09B,$0.01B,6.82%,$0.09B,$0.00B,4.55%,$0.09B,$-0.00B,-1.14%,$-0.00B,$0.09B,-1.17%,$-0.00B,$0.09B,-1.17%,$-0.00B,$0.11B,-0.91%,$0.01B,$0.09B,6.86%,$23,$17,$6,$0,$4,$22,$1,$-0,$1,$0,$1,$0,$0,$1,$1,$9,9,$0.04,$0.04,$29,$33,$0,$87,$0,$1,$0,$3,$7,$108,$16,$1,$4,$6,$22,$3,$18,$0,$85,$108,$-2,$2,$0,$2,$0,$0,$0,$0,$1,$8,$-2,$0,$0,$0,$0,$-8,$1,$-10,$0,$-4,$-1,$0,$-0,$-3,$0,$-8,$-10,$0,$0
23,2012-09-30,3.41,$0.00,0.0,$10.02,0.34,$-0.27,0.0,$-0.21,0.0,$0.09B,$0.02B,5.01,$0.00B,$0.08B,0.01,$0.09B,$0.02B,25.00%,$0.09B,$0.01B,6.82%,$0.09B,$0.01B,6.82%,$0.09B,$0.01B,6.82%,$0.09B,$0.00B,4.55%,$0.09B,$-0.00B,-1.14%,$-0.00B,$0.08B,-1.16%,$-0.00B,$0.08B,-1.16%,$-0.00B,$0.11B,-0.90%,$0.01B,$0.09B,6.70%,$22,$16,$6,$0,$3,$20,$2,$-0,$2,$1,$2,$2,$2,$2,$2,$9,9,$0.20,$0.20,$27,$34,$8,$88,$0,$2,$0,$3,$8,$108,$18,$1,$4,$6,$24,$3,$18,$0,$84,$108,$0,$0,$0,$0,$0,$0,$0,$0,$0,$0,$0,$0,$0,$0,$0,$0,$0,$0,$0,$0,$0,$0,$0,$0,$0,$0,$0,$0,$0
24,2012-06-30,3.87,$0.00,0.0,$9.86,0.39,$-0.27,0.0,$-0.78,0.0,$0.09B,$0.02B,5.26,$0.00B,$0.08B,0.02,$0.09B,$0.02B,17.24%,$0.09B,$-0.00B,-1.15%,$0.09B,$-0.00B,-1.15%,$0.09B,$-0.00B,-1.15%,$0.09B,$-0.00B,-3.45%,$0.09B,$-0.01B,-6.90%,$-0.01B,$0.08B,-6.84%,$-0.01B,$0.08B,-6.90%,$-0.01B,$0.11B,-5.26%,$-0.00B,$0.08B,-1.09%,$22,$16,$6,$1,$4,$21,$2,$-1,$0,$1,$-1,$-4,$-4,$2,$2,$9,9,$-0.48,$-0.48,$29,$32,$5,$86,$0,$2,$0,$3,$7,$106,$16,$2,$4,$7,$23,$3,$16,$0,$83,$106,$0,$0,$0,$0,$0,$0,$0,$0,$0,$0,$0,$0,$0,$0,$0,$0,$0,$0,$0,$0,$0,$0,$0,$0,$0,$0,$0,$0,$0
25,2012-03-31,3.72,$0.00,0.0,$9.61,0.39,$-0.27,0.0,$-0.23,0.0,$0.09B,$0.02B,5.07,$0.00B,$0.09B,0.05,$0.09B,$0.01B,15.29%,$0.09B,$-0.00B,-3.53%,$0.09B,$-0.00B,-3.53%,$0.09B,$-0.00B,-3.53%,$0.09B,$-0.00B,-2.35%,$0.09B,$-0.00B,-1.18%,$-0.00B,$0.09B,-1.10%,$-0.00B,$0.09B,-1.12%,$-0.00B,$0.12B,-0.85%,$-0.00B,$0.09B,-3.18%,$21,$16,$5,$0,$4,$20,$1,$0,$1,$0,$1,$1,$1,$1,$1,$9,9,$0.06,$0.06,$33,$32,$6,$90,$0,$5,$1,$5,$15,$117,$18,$4,$4,$9,$27,$3,$23,$0,$90,$117,$0,$0,$0,$0,$0,$0,$0,$0,$0,$0,$0,$0,$0,$0,$0,$0,$0,$0,$0,$0,$0,$0,$0,$0,$0,$0,$0,$0,$0
26,2011-12-31,3.44,$0.00,0.0,$9.69,0.36,$-0.27,0.0,$-0.12,0.0,$0.09B,$0.02B,5.34,$0.00B,$0.09B,0.05,$0.09B,$0.01B,16.47%,$0.09B,$-0.00B,-2.35%,$0.09B,$-0.00B,-2.35%,$0.09B,$-0.00B,-2.35%,$0.09B,$-0.00B,-1.18%,$0.09B,0,0.00%,$0.00B,$0.09B,0.00%,$0.00B,$0.09B,0.00%,$0.00B,$0.12B,0.00%,$-0.00B,$0.09B,-2.12%,$23,$18,$5,$0,$4,$22,$1,$-0,$1,$0,$0,$0,$0,$1,$1,$9,9,$0.01,$0.01,$31,$31,$7,$90,$0,$5,$1,$3,$13,$115,$17,$4,$4,$9,$26,$3,$22,$0,$89,$115,$-1,$3,$0,$3,$0,$0,$0,$0,$-6,$1,$-3,$0,$0,$0,$0,$1,$2,$-1,$0,$2,$-3,$0,$0,$0,$0,$-1,$-1,$0,$0
27,2011-09-30,4.24,$0.00,0.0,$9.74,0.44,$0.03,138.49,$-0.45,0.0,$0.09B,$0.02B,5.08,$0.01B,$0.09B,0.06,$0.09B,$0.02B,18.60%,$0.09B,$-0.00B,-2.33%,$0.09B,$-0.00B,-2.33%,$0.09B,$-0.00B,-2.33%,$0.09B,$-0.00B,-2.33%,$0.09B,$-0.00B,-3.49%,$-0.00B,$0.09B,-3.27%,$-0.00B,$0.09B,-3.36%,$-0.00B,$0.12B,-2.47%,$-0.00B,$0.10B,-2.13%,$21,$22,$-1,$0,$4,$26,$-5,$-0,$-5,$-2,$-4,$-3,$-3,$-5,$-5,$9,9,$-0.37,$-0.37,$35,$33,$8,$94,$0,$5,$1,$3,$11,$118,$18,$5,$4,$10,$28,$3,$22,$0,$89,$118,$0,$0,$0,$0,$0,$0,$0,$0,$0,$0,$0,$0,$0,$0,$0,$0,$0,$0,$0,$0,$0,$0,$0,$0,$0,$0,$0,$0,$0
28,2011-06-30,4.96,$0.00,0.0,$9.53,0.52,$0.03,161.99,$-0.66,0.0,$0.10B,$0.02B,4.09,$0.00B,$0.09B,0.01,$0.08B,$0.02B,20.24%,$0.08B,$-0.00B,-1.19%,$0.08B,$-0.00B,-1.19%,$0.08B,$-0.00B,-1.19%,$0.08B,$-0.01B,-5.95%,$0.08B,$-0.01B,-5.95%,$-0.01B,$0.09B,-5.38%,$-0.01B,$0.09B,-5.56%,$-0.01B,$0.12B,-4.07%,$-0.00B,$0.09B,-1.05%,$20,$16,$4,$0,$3,$19,$0,$0,$1,$0,$0,$1,$1,$0,$0,$9,9,$0.07,$0.07,$36,$35,$7,$96,$0,$5,$3,$3,$12,$123,$23,$1,$4,$5,$29,$3,$25,$0,$94,$123,$0,$0,$0,$0,$0,$0,$0,$0,$0,$0,$0,$0,$0,$0,$0,$0,$0,$0,$0,$0,$0,$0,$0,$0,$0,$0,$0,$0,$0
29,2011-03-31,4.58,$0.00,0.0,$9.39,0.49,$0.03,149.68,$-0.72,0.0,$0.10B,$0.03B,3.93,$0.00B,$0.09B,0.01,$0.08B,$0.02B,20.48%,$0.08B,$-0.00B,-1.20%,$0.08B,$-0.00B,-1.20%,$0.08B,$-0.00B,-1.20%,$0.08B,$-0.01B,-7.23%,$0.08B,$-0.01B,-7.23%,$-0.01B,$0.09B,-6.38%,$-0.01B,$0.09B,-6.69%,$-0.01B,$0.12B,-4.85%,$-0.00B,$0.09B,-1.02%,$21,$16,$6,$0,$3,$19,$2,$0,$2,$1,$2,$2,$2,$2,$2,$9,9,$0.17,$0.17,$36,$33,$8,$97,$0,$5,$3,$3,$11,$123,$25,$1,$4,$5,$30,$3,$25,$0,$93,$123,$0,$0,$0,$0,$0,$0,$0,$0,$0,$0,$0,$0,$0,$0,$0,$0,$0,$0,$0,$0,$0,$0,$0,$0,$0,$0,$0,$0,$0
30,2010-12-31,4.61,$0.00,0.0,$9.05,0.51,$0.03,150.52,$-0.81,0.0,$0.10B,$0.03B,3.82,$0.00B,$0.09B,0.01,$0.08B,$0.02B,18.75%,$0.08B,$-0.00B,-2.50%,$0.08B,$-0.00B,-2.50%,$0.08B,$-0.00B,-2.50%,$0.08B,$-0.01B,-8.75%,$0.08B,$-0.01B,-8.75%,$-0.01B,$0.09B,-7.33%,$-0.01B,$0.09B,-7.80%,$-0.01B,$0.12B,-5.61%,$-0.00B,$0.09B,-1.99%,$24,$17,$7,$0,$6,$23,$1,$-0,$0,$-1,$2,$-3,$-3,$1,$1,$9,9,$-0.32,$-0.32,$30,$32,$5,$95,$0,$4,$3,$3,$12,$122,$25,$1,$4,$5,$30,$3,$23,$0,$91,$122,$-7,$3,$0,$3,$0,$0,$0,$0,$-4,$3,$-3,$0,$0,$0,$0,$0,$-0,$-3,$0,$2,$-0,$0,$0,$0,$0,$1,$1,$0,$0
31,2010-09-30,5.93,$0.00,0.0,$8.45,0.7,$-0.31,0.0,$-0.61,0.0,$0.09B,$0.02B,5.26,$0.01B,$0.09B,0.07,$0.07B,$0.01B,13.51%,$0.07B,$-0.00B,-5.41%,$0.07B,$-0.00B,-5.41%,$0.07B,$-0.00B,-5.41%,$0.07B,$-0.01B,-10.81%,$0.07B,$-0.01B,-6.76%,$-0.01B,$0.09B,-5.14%,$-0.01B,$0.09B,-5.56%,$-0.01B,$0.12B,-3.99%,$-0.00B,$0.10B,-3.85%,$19,$19,$0,$0,$4,$22,$-4,$-4,$-8,$-3,$-5,$-5,$-5,$-4,$-4,$9,9,$-0.58,$-0.58,$36,$32,$8,$93,$0,$9,$3,$3,$16,$123,$18,$6,$3,$12,$29,$3,$26,$0,$94,$123,$0,$0,$0,$0,$0,$0,$0,$0,$0,$0,$0,$0,$0,$0,$0,$0,$0,$0,$0,$0,$0,$0,$0,$0,$0,$0,$0,$0,$0
32,2010-06-30,5.56,$0.00,0.0,$8.38,0.66,$-0.31,0.0,$0.10,55.65,$0.09B,$0.02B,5.8,$0.01B,$0.10B,0.07,$0.07B,$0.01B,18.92%,$0.07B,0,0.00%,$0.07B,0,0.00%,$0.07B,0,0.00%,$0.07B,0,0.00%,$0.07B,$0.00B,1.35%,$0.00B,$0.10B,1.01%,$0.00B,$0.09B,1.10%,$0.00B,$0.13B,0.80%,$0.00B,$0.11B,0.00%,$19,$14,$4,$0,$4,$18,$0,$-0,$0,$0,$-0,$0,$0,$0,$0,$9,9,$0.01,$0.01,$35,$35,$7,$93,$0,$9,$8,$3,$20,$127,$16,$7,$3,$13,$29,$3,$31,$0,$98,$127,$0,$0,$0,$0,$0,$0,$0,$0,$0,$0,$0,$0,$0,$0,$0,$0,$0,$0,$0,$0,$0,$0,$0,$0,$0,$0,$0,$0,$0
33,2010-03-31,6.93,$0.00,0.0,$9.54,0.73,$-0.31,0.0,$0.17,40.79,$0.09B,$0.02B,6.18,$0.01B,$0.10B,0.07,$0.08B,$0.01B,18.42%,$0.08B,0,0.00%,$0.08B,0,0.00%,$0.08B,0,0.00%,$0.08B,0,0.00%,$0.08B,$0.00B,2.63%,$0.00B,$0.10B,2.14%,$0.00B,$0.09B,2.37%,$0.00B,$0.13B,1.60%,$0.00B,$0.11B,0.00%,$18,$14,$4,$0,$3,$18,$1,$-0,$1,$0,$1,$1,$1,$1,$1,$9,9,$0.08,$0.08,$34,$34,$8,$93,$0,$9,$8,$3,$20,$127,$15,$7,$3,$13,$28,$3,$31,$0,$99,$127,$0,$0,$0,$0,$0,$0,$0,$0,$0,$0,$0,$0,$0,$0,$0,$0,$0,$0,$0,$0,$0,$0,$0,$0,$0,$0,$0,$0,$0
34,2009-12-31,7.12,$0.00,0.0,$11.36,0.63,$-0.31,0.0,$0.25,28.49,$0.09B,$0.01B,6.76,$0.01B,$0.10B,0.08,$0.08B,$0.02B,20.24%,$0.08B,$0.00B,2.38%,$0.08B,$0.00B,2.38%,$0.08B,$0.00B,2.38%,$0.08B,$0.00B,1.19%,$0.08B,$0.00B,2.38%,$0.00B,$0.10B,2.31%,$0.00B,$0.09B,2.56%,$0.00B,$0.12B,1.58%,$0.00B,$0.11B,2.14%,$18,$17,$2,$0,$2,$19,$-1,$0,$-1,$0,$-1,$-1,$-1,$-1,$-1,$9,9,$-0.12,$-0.12,$28,$34,$12,$90,$0,$9,$8,$3,$20,$124,$13,$7,$3,$13,$27,$3,$31,$0,$98,$124,$2,$3,$0,$3,$0,$0,$0,$0,$-4,$-0,$-3,$0,$0,$0,$0,$8,$-5,$1,$0,$1,$2,$0,$-2,$-6,$-4,$-9,$-8,$0,$0
35,2009-09-30,6.45,$0.00,0.0,$14.00,0.46,$-0.28,0.0,$0.49,13.15,$0.10B,$0.01B,9.01,$0.01B,$0.10B,0.07,$0.10B,$0.01B,5.15%,$0.10B,$-0.02B,-16.49%,$0.10B,$-0.02B,-16.49%,$0.10B,$-0.02B,-16.49%,$0.10B,$0.00B,3.09%,$0.10B,$0.00B,4.12%,$0.00B,$0.10B,4.92%,$0.00B,$0.09B,5.48%,$0.00B,$0.13B,3.09%,$-0.02B,$0.11B,-18.29%,$19,$15,$4,$0,$4,$19,$-0,$0,$0,$-2,$2,$1,$1,$-0,$-0,$9,9,$0.13,$0.13,$37,$37,$7,$98,$0,$0,$10,$3,$12,$125,$11,$7,$3,$12,$23,$3,$34,$0,$102,$125,$0,$0,$0,$0,$0,$0,$0,$0,$0,$0,$0,$0,$0,$0,$0,$0,$0,$0,$0,$0,$0,$0,$0,$0,$0,$0,$0,$0,$0
36,2009-06-30,6.31,$0.00,0.0,$15.99,0.39,$-0.28,0.0,$0.46,13.73,$0.10B,$0.01B,8.04,$0.01B,$0.07B,0.09,$0.11B,$0.01B,6.67%,$0.11B,$-0.01B,-13.33%,$0.11B,$-0.01B,-13.33%,$0.11B,$-0.01B,-13.33%,$0.11B,$0.01B,4.76%,$0.11B,$0.00B,3.81%,$0.00B,$0.07B,5.35%,$0.00B,$0.07B,6.02%,$0.00B,$0.13B,3.02%,$-0.01B,$0.08B,-17.45%,$21,$18,$4,$0,$4,$22,$-0,$0,$0,$-0,$0,$1,$1,$-0,$-0,$7,7,$0.08,$0.08,$41,$35,$0,$99,$0,$0,$8,$4,$11,$125,$12,$6,$4,$39,$52,$2,$33,$0,$74,$125,$0,$0,$0,$0,$0,$0,$0,$0,$0,$0,$0,$0,$0,$0,$0,$0,$0,$0,$0,$0,$0,$0,$0,$0,$0,$0,$0,$0,$0
37,2009-03-31,4.33,$0.00,0.0,$16.23,0.27,$-0.28,0.0,$0.59,7.34,$0.11B,$0.02B,5.52,$0.01B,$0.07B,0.09,$0.11B,$0.01B,7.48%,$0.11B,$-0.01B,-12.15%,$0.11B,$-0.01B,-12.15%,$0.11B,$-0.01B,-12.15%,$0.11B,$0.01B,5.61%,$0.11B,$0.00B,3.74%,$0.00B,$0.07B,5.32%,$0.00B,$0.07B,5.95%,$0.00B,$0.13B,3.02%,$-0.01B,$0.08B,-16.15%,$26,$18,$7,$0,$4,$22,$3,$-1,$2,$1,$1,$1,$1,$3,$3,$7,7,$0.16,$0.16,$43,$35,$0,$105,$0,$0,$8,$4,$11,$131,$19,$6,$4,$40,$59,$2,$33,$0,$73,$131,$0,$0,$0,$0,$0,$0,$0,$0,$0,$0,$0,$0,$0,$0,$0,$0,$0,$0,$0,$0,$0,$0,$0,$0,$0,$0,$0,$0,$0
38,2008-12-31,3.44,$0.00,0.0,$16.15,0.21,$-0.28,0.0,$0.82,4.2,$0.11B,$0.02B,5.97,$0.01B,$0.08B,0.07,$0.11B,$0.03B,24.53%,$0.11B,$0.01B,8.49%,$0.11B,$0.01B,8.49%,$0.11B,$0.01B,8.49%,$0.11B,$0.01B,5.66%,$0.11B,$0.01B,5.66%,$0.01B,$0.08B,10.53%,$0.01B,$0.07B,11.76%,$0.01B,$0.14B,6.03%,$0.01B,$0.08B,14.81%,$31,$42,$-10,$0,$8,$50,$-19,$0,$1,$0,$1,$1,$1,$-19,$-19,$7,7,$0.12,$0.12,$45,$35,$0,$109,$0,$0,$8,$4,$12,$136,$18,$5,$7,$42,$60,$2,$35,$0,$76,$136,$4,$3,$0,$3,$0,$0,$0,$0,$-7,$2,$-4,$0,$-0,$0,$0,$17,$-1,$12,$0,$0,$5,$0,$0,$0,$0,$5,$19,$0,$0
39,2008-09-30,5.65,$0.00,0.0,$14.42,0.39,$-0.82,0.0,$0.91,6.21,$0.11B,$0.02B,5.54,$0.01B,$0.08B,0.07,$0.10B,$0.06B,58.95%,$0.10B,$0.05B,50.53%,$0.10B,$0.05B,50.53%,$0.10B,$0.05B,50.53%,$0.10B,$0.03B,26.32%,$0.10B,$0.01B,6.32%,$0.01B,$0.08B,10.67%,$0.01B,$0.07B,11.88%,$0.01B,$0.14B,6.40%,$0.05B,$0.08B,81.70%,$27,$21,$6,$0,$4,$25,$2,$0,$2,$1,$1,$1,$1,$2,$2,$7,7,$0.10,$0.10,$44,$38,$0,$109,$0,$0,$9,$4,$13,$138,$20,$5,$7,$42,$62,$2,$35,$0,$76,$138,$0,$0,$0,$0,$0,$0,$0,$0,$0,$0,$0,$0,$0,$0,$0,$0,$0,$0,$0,$0,$0,$0,$0,$0,$0,$0,$0,$0,$0
40,2008-06-30,4.09,$0.00,0.0,$13.53,0.3,$-0.82,0.0,$4.79,0.85,$0.09B,$0.01B,7.58,$0.01B,$0.08B,0.07,$0.09B,$0.07B,79.78%,$0.09B,$0.07B,75.28%,$0.09B,$0.07B,75.28%,$0.09B,$0.07B,75.28%,$0.09B,$0.04B,49.44%,$0.09B,$0.03B,34.83%,$0.03B,$0.08B,83.22%,$0.03B,$0.07B,91.85%,$0.03B,$0.12B,52.32%,$0.07B,$0.08B,174.03%,$23,$18,$5,$0,$4,$22,$1,$0,$1,$0,$1,$1,$1,$1,$1,$7,7,$0.21,$0.21,$39,$34,$0,$94,$0,$6,$6,$5,$17,$124,$12,$5,$5,$35,$48,$2,$34,$0,$76,$124,$0,$0,$0,$0,$0,$0,$0,$0,$0,$0,$0,$0,$0,$0,$0,$0,$0,$0,$0,$0,$0,$0,$0,$0,$0,$0,$0,$0,$0
41,2008-03-31,6.77,$0.00,0.0,$13.52,0.5,$-0.82,0.0,$4.87,1.39,$0.00B,$0.00B,0.0,$0.00B,$0.00B,0.0,$0.09B,$0.09B,100.00%,$0.09B,$0.09B,100.00%,$0.09B,$0.09B,100.00%,$0.09B,$0.09B,100.00%,$0.09B,$0.07B,74.16%,$0.09B,$0.03B,35.96%,$0.03B,$0.00B,175.34%,$0.03B,$0.00B,193.94%,$0.03B,$0.00B,113.27%,$0.09B,$0.00B,487.67%,$25,$0,$25,$0,$0,$0,$25,$0,$2,$0,$2,$3,$3,$25,$25,$7,7,$0.39,$0.39,$0,$0,$0,$0,$0,$0,$0,$0,$0,$0,$0,$0,$0,$0,$0,$0,$0,$0,$0,$0,$0,$0,$0,$0,$0,$0,$0,$0,$0,$0,$0,$0,$0,$0,$0,$0,$0,$0,$0,$0,$0,$0,$0,$0,$0,$0,$0,$0,$0
42,2007-12-31,9.84,$0.00,0.0,$13.57,0.72,$-0.82,0.0,$4.92,2.0,$0.09B,$0.01B,7.99,$0.00B,$0.07B,0.0,$0.09B,$0.09B,100.00%,$0.09B,$0.09B,100.00%,$0.09B,$0.09B,100.00%,$0.09B,$0.09B,100.00%,$0.09B,$0.09B,100.00%,$0.09B,$0.03B,35.96%,$0.03B,$0.07B,175.34%,$0.03B,$0.07B,193.94%,$0.03B,$0.11B,113.27%,$0.09B,$0.07B,487.67%,$20,$0,$20,$0,$0,$0,$20,$0,$20,$0,$20,$1,$1,$20,$20,$7,7,$0.21,$0.21,$44,$28,$1,$91,$0,$0,$6,$4,$11,$113,$11,$0,$4,$29,$41,$2,$31,$0,$73,$113,$32,$2,$0,$2,$0,$0,$0,$0,$-8,$1,$-6,$0,$0,$0,$0,$-20,$2,$-25,$0,$-8,$0,$0,$45,$-3,$-1,$33,$9,$0,$0
43,2007-09-30,9.98,$0.00,0.0,$14.49,0.69,$0.58,17.08,$4.99,2.0,$0.00B,$0.00B,0.0,$0.00B,$0.00B,0.0,$0.09B,$0.09B,100.00%,$0.09B,$0.09B,100.00%,$0.09B,$0.09B,100.00%,$0.09B,$0.09B,100.00%,$0.09B,$0.09B,100.00%,$0.09B,$0.03B,35.48%,$0.03B,$0.00B,330.00%,$0.03B,$0.00B,400.00%,$0.03B,$0.00B,200.00%,$0.09B,$0.00B,845.45%,$21,$0,$21,$0,$0,$0,$21,$0,$21,$0,$21,$26,$26,$21,$21,$7,7,$3.99,$3.98,$0,$0,$0,$0,$0,$0,$0,$0,$0,$0,$0,$0,$0,$0,$0,$0,$0,$0,$0,$0,$0,$0,$0,$0,$0,$0,$0,$0,$0,$0,$0,$0,$0,$0,$0,$0,$0,$0,$0,$0,$0,$0,$0,$0,$0,$0,$0,$0,$0
44,2007-06-30,15.09,$0.00,0.0,$14.45,1.04,$0.58,25.83,$1.29,11.69,$0.00B,$0.00B,0.0,$0.00B,$0.00B,0.0,$0.09B,$0.09B,100.00%,$0.09B,$0.09B,100.00%,$0.09B,$0.09B,100.00%,$0.09B,$0.09B,100.00%,$0.09B,$0.09B,100.00%,$0.09B,$0.01B,9.89%,$0.01B,$0.00B,90.00%,$0.01B,$0.00B,109.09%,$0.01B,$0.00B,54.55%,$0.09B,$0.00B,827.27%,$23,$0,$23,$0,$0,$0,$23,$0,$23,$0,$23,$2,$2,$23,$23,$7,7,$0.29,$0.29,$0,$0,$0,$0,$0,$0,$0,$0,$0,$0,$0,$0,$0,$0,$0,$0,$0,$0,$0,$0,$0,$0,$0,$0,$0,$0,$0,$0,$0,$0,$0,$0,$0,$0,$0,$0,$0,$0,$0,$0,$0,$0,$0,$0,$0,$0,$0,$0,$0
45,2007-03-31,15.37,$0.00,0.0,$13.98,1.1,$0.58,26.31,$1.25,12.3,$0.00B,$0.00B,0.0,$0.00B,$0.00B,0.0,$0.09B,$0.09B,100.00%,$0.09B,$0.09B,100.00%,$0.09B,$0.09B,100.00%,$0.09B,$0.09B,100.00%,$0.09B,$0.09B,100.00%,$0.09B,$0.01B,9.30%,$0.01B,$0.00B,80.00%,$0.01B,$0.00B,96.97%,$0.01B,$0.00B,48.48%,$0.09B,$0.00B,781.82%,$25,$0,$25,$0,$0,$0,$25,$0,$25,$0,$25,$3,$3,$25,$25,$6,6,$0.46,$0.44,$0,$0,$0,$0,$0,$0,$0,$0,$0,$0,$0,$0,$0,$0,$0,$0,$0,$0,$0,$0,$0,$0,$0,$0,$0,$0,$0,$0,$0,$0,$0,$0,$0,$0,$0,$0,$0,$0,$0,$0,$0,$0,$0,$0,$0,$0,$0,$0,$0
46,2006-12-31,11.67,$0.00,0.0,$12.83,0.91,$0.58,19.98,$1.02,11.44,$0.05B,$0.02B,2.63,$0.00B,$0.04B,0.1,$0.08B,$0.08B,100.00%,$0.08B,$0.08B,100.00%,$0.08B,$0.08B,100.00%,$0.08B,$0.08B,100.00%,$0.08B,$0.08B,100.00%,$0.08B,$0.01B,7.79%,$0.01B,$0.04B,60.00%,$0.01B,$0.03B,72.73%,$0.01B,$0.07B,36.36%,$0.08B,$0.04B,700.00%,$24,$0,$24,$0,$0,$0,$24,$0,$24,$0,$24,$2,$2,$24,$24,$6,6,$0.28,$0.28,$7,$25,$0,$48,$0,$0,$7,$4,$11,$66,$18,$4,$4,$8,$27,$2,$2,$0,$40,$66,$6,$2,$0,$2,$0,$0,$0,$0,$-3,$5,$-2,$0,$0,$0,$0,$0,$-1,$-2,$0,$0,$-3,$0,$0,$-1,$0,$-4,$-1,$0,$0
