,Date,Stock Price,Book Value per Share,Price to Book Ratio,TTM Sales per Share,Price to Sales Ratio,TTM FCF per Share,Price to FCF Ratio,TTM Net EPS,PE Ratio,Current Assets,Current Liabilities,Current Ratio,Long Term Debt,Shareholder's Equity_x,Debt to Equity Ratio,TTM Revenue_x,TTM Gross Profit,Gross Margin,TTM Revenue_y,TTM Operating Income,Operating Margin,TTM Revenue_x,TTM EBIT,EBIT Margin,TTM Revenue_y,TTM EBITDA,EBITDA Margin,TTM Revenue_x,TTM Pre-Tax Income,Pre-Tax Margin,TTM Revenue_y,TTM Net Income_x,Net Margin,TTM Net Income_y,Shareholder's Equity_y,Return on Equity,TTM Net Income_x,Tangible Equity,Return on Tangible Equity,TTM Net Income_y,Total Assets,Return on Assets,TTM Net Income,LT Investments & Debt,Return on Investment,revenue,cost-goods-sold,gross-profit,research-development-expenses,selling-general-administrative-expenses,operating-expenses,operating-income,total-non-operating-income-expense,pre-tax-income,total-provision-income-taxes,income-after-taxes,income-from-continuous-operations,net-income,ebitda,ebit,basic-shares-outstanding,shares-outstanding,eps-basic-net-earnings-per-share,eps-earnings-per-share-diluted,cash-on-hand,inventory,other-current-assets,total-current-assets,net-property-plant-equipment,long-term-investments,goodwill-intangible-assets-total,other-long-term-assets,total-long-term-assets,total-assets,total-current-liabilities,long-term-debt,other-non-current-liabilities,total-long-term-liabilities,total-liabilities,common-stock-net,retained-earnings-accumulated-deficit,comprehensive-income,total-share-holder-equity,total-liabilities-share-holders-equity,net-income-loss,total-depreciation-amortization-cash-flow,other-non-cash-items,total-non-cash-items,change-in-accounts-receivable,change-in-inventories,change-in-accounts-payable,change-in-assets-liabilities,total-change-in-assets-liabilities,cash-flow-from-operating-activities,net-change-in-property-plant-equipment,net-change-in-intangible-assets,net-acquisitions-divestitures,net-change-in-short-term-investments,net-change-in-long-term-investments,net-change-in-investments-total,investing-activities-other,cash-flow-from-investing-activities,net-long-term-debt,net-current-debt,debt-issuance-retirement-net-total,net-common-equity-issued-repurchased,net-total-equity-issued-repurchased,total-common-preferred-stock-dividends-paid,financial-activities-other,cash-flow-from-financial-activities,net-cash-flow,stock-based-compensation,common-stock-dividends-paid
0,2018-08-31,11.73,$9.93,1.18,$7.25,1.62,$-0.07,0.0,$0.26,45.13,$0.03B,$0.01B,4.35,$0.00B,$0.03B,0.0,$0.03B,$0.01B,24.00%,$0.03B,$0.00B,4.00%,$0.03B,$0.00B,4.00%,$0.03B,$0.00B,4.00%,$0.03B,$0.00B,4.00%,$0.03B,$0.00B,4.00%,$0.00B,$0.03B,2.99%,$0.00B,$0.03B,2.99%,$0.00B,$0.04B,2.53%,$0.00B,$0.03B,2.99%,$7,$5,$2,$0,$1,$6,$1,$-0,$1,$0,$1,$1,$1,$1,$1,$3,3,$0.21,$0.21,$8,$13,$5,$30,$10,$0,$0,$0,$11,$41,$7,$0,$0,$0,$7,$10,$28,$0,$34,$41,$1,$0,$0,$0,$1,$-0,$0,$2,$3,$4,$-0,$0,$0,$0,$0,$0,$-0,$-0,$0,$0,$0,$0,$0,$0,$0,$0,$4,$0,$0
1,2018-05-31,10.26,$9.70,1.06,$7.05,1.46,$-1.77,0.0,$0.14,73.29,$0.03B,$0.01B,4.8,$0.00B,$0.03B,0.0,$0.03B,$0.01B,24.00%,$0.03B,0,0.00%,$0.03B,0,0.00%,$0.03B,$0.00B,4.00%,$0.03B,0,0.00%,$0.03B,0,0.00%,$0.00B,$0.03B,0.00%,$0.00B,$0.03B,0.00%,$0.00B,$0.04B,0.00%,$0.00B,$0.03B,0.00%,$6,$5,$2,$0,$2,$6,$0,$0,$0,$-0,$0,$0,$0,$0,$0,$3,3,$0.03,$0.03,$4,$11,$7,$28,$10,$0,$0,$0,$11,$40,$6,$0,$0,$0,$6,$9,$27,$0,$34,$40,$0,$1,$0,$1,$-4,$0,$0,$1,$-2,$0,$-1,$0,$0,$-0,$0,$-0,$-0,$-1,$0,$0,$0,$0,$0,$0,$0,$0,$-0,$0,$0
2,2018-02-28,11.02,$9.64,1.14,$7.01,1.57,$-2.42,0.0,$0.34,32.41,$0.03B,$0.01B,5.09,$0.00B,$0.03B,0.0,$0.03B,$0.01B,24.00%,$0.03B,$0.00B,4.00%,$0.03B,$0.00B,4.00%,$0.03B,$0.00B,8.00%,$0.03B,$0.00B,4.00%,$0.03B,$0.00B,4.00%,$0.00B,$0.03B,3.03%,$0.00B,$0.03B,3.03%,$0.00B,$0.04B,2.63%,$0.00B,$0.03B,3.03%,$7,$5,$1,$0,$1,$6,$0,$0,$0,$0,$-0,$-0,$-0,$0,$0,$3,3,$-0.01,$-0.01,$2,$11,$8,$28,$10,$0,$0,$0,$11,$39,$5,$0,$0,$0,$5,$9,$27,$0,$33,$39,$0,$1,$0,$1,$-3,$0,$0,$-0,$-3,$-1,$-1,$0,$0,$0,$0,$0,$-0,$-1,$0,$0,$0,$0,$0,$0,$0,$0,$-2,$0,$0
3,2017-11-30,12.55,$9.66,1.3,$6.76,1.86,$-3.39,0.0,$0.45,27.89,$0.03B,$0.00B,6.22,$0.00B,$0.03B,0.0,$0.02B,$0.01B,29.17%,$0.02B,$0.00B,4.17%,$0.02B,$0.00B,4.17%,$0.02B,$0.00B,12.50%,$0.02B,$0.00B,4.17%,$0.02B,$0.00B,4.17%,$0.00B,$0.03B,3.05%,$0.00B,$0.03B,3.05%,$0.00B,$0.04B,2.67%,$0.00B,$0.03B,3.05%,$5,$4,$1,$0,$1,$5,$0,$0,$0,$-0,$0,$0,$0,$0,$0,$3,3,$0.02,$0.02,$3,$12,$8,$26,$10,$0,$0,$0,$12,$38,$4,$0,$0,$0,$4,$9,$27,$0,$33,$38,$0,$1,$-1,$-0,$0,$-0,$0,$-1,$-1,$-1,$-1,$0,$0,$0,$0,$0,$-0,$-1,$0,$0,$0,$0,$0,$0,$0,$0,$-2,$0,$0
4,2017-08-31,11.75,$9.65,1.22,$7.65,1.54,$-3.54,0.0,$0.70,16.79,$0.03B,$0.01B,5.73,$0.00B,$0.03B,0.0,$0.03B,$0.01B,33.33%,$0.03B,$0.00B,7.41%,$0.03B,$0.00B,7.41%,$0.03B,$0.01B,18.52%,$0.03B,$0.00B,7.41%,$0.03B,$0.00B,7.41%,$0.00B,$0.03B,6.15%,$0.00B,$0.03B,6.15%,$0.00B,$0.04B,5.33%,$0.00B,$0.03B,6.15%,$7,$5,$2,$0,$1,$6,$0,$0,$0,$0,$0,$0,$0,$1,$0,$3,3,$0.09,$0.09,$3,$11,$9,$26,$10,$0,$0,$0,$12,$38,$5,$0,$0,$0,$5,$9,$27,$0,$33,$38,$0,$0,$0,$0,$-1,$0,$0,$-1,$-2,$-1,$-1,$0,$0,$0,$0,$0,$-0,$-1,$0,$0,$0,$0,$0,$0,$0,$0,$-1,$0,$0
5,2017-05-31,13.26,$9.55,1.39,$7.43,1.79,$-3.44,0.0,$0.67,19.79,$0.03B,$0.00B,5.97,$0.00B,$0.03B,0.0,$0.03B,$0.01B,30.77%,$0.03B,$0.00B,7.69%,$0.03B,$0.00B,7.69%,$0.03B,$0.00B,15.38%,$0.03B,$0.00B,7.69%,$0.03B,$0.00B,7.69%,$0.00B,$0.03B,6.25%,$0.00B,$0.03B,6.25%,$0.00B,$0.04B,5.41%,$0.00B,$0.03B,6.25%,$6,$4,$2,$0,$1,$5,$1,$0,$1,$-0,$1,$1,$1,$1,$1,$3,4,$0.25,$0.23,$4,$11,$7,$26,$10,$0,$0,$0,$11,$37,$4,$0,$0,$0,$4,$0,$27,$0,$33,$37,$2,$1,$0,$1,$1,$-2,$-0,$-2,$-5,$-1,$-2,$0,$0,$-0,$0,$-0,$-0,$-2,$0,$0,$0,$0,$0,$0,$0,$0,$-3,$0,$0
6,2017-02-28,14.48,$9.28,1.56,$8.24,1.76,$-2.07,0.0,$0.74,19.57,$0.03B,$0.01B,5.6,$0.00B,$0.03B,0.0,$0.03B,$0.01B,31.03%,$0.03B,$0.00B,6.90%,$0.03B,$0.00B,6.90%,$0.03B,$0.00B,13.79%,$0.03B,$0.00B,6.90%,$0.03B,$0.00B,6.90%,$0.00B,$0.03B,6.40%,$0.00B,$0.03B,6.40%,$0.00B,$0.04B,5.41%,$0.00B,$0.03B,6.40%,$6,$4,$2,$0,$1,$5,$0,$0,$0,$0,$0,$0,$0,$1,$0,$3,3,$0.10,$0.10,$2,$11,$9,$27,$10,$0,$0,$0,$11,$37,$5,$0,$1,$1,$5,$9,$26,$0,$32,$37,$1,$1,$0,$1,$-0,$-2,$-0,$-4,$-6,$-4,$-2,$0,$0,$0,$0,$0,$-0,$-2,$0,$0,$0,$0,$0,$0,$0,$0,$-5,$0,$0
7,2016-11-30,14.8,$9.19,1.61,$9.04,1.64,$-0.00,0.0,$0.99,14.95,$0.03B,$0.01B,4.98,$0.00B,$0.03B,0.0,$0.03B,$0.01B,32.26%,$0.03B,$0.00B,12.90%,$0.03B,$0.00B,12.90%,$0.03B,$0.01B,16.13%,$0.03B,$0.00B,12.90%,$0.03B,$0.00B,9.68%,$0.00B,$0.03B,9.84%,$0.00B,$0.03B,9.84%,$0.00B,$0.04B,8.11%,$0.00B,$0.03B,13.11%,$8,$5,$3,$0,$1,$6,$1,$0,$1,$0,$1,$1,$1,$2,$1,$3,3,$0.27,$0.27,$5,$11,$8,$27,$10,$0,$0,$0,$11,$38,$5,$0,$1,$1,$6,$9,$25,$0,$32,$38,$1,$0,$0,$1,$0,$-1,$0,$-2,$-3,$-1,$-1,$0,$0,$0,$0,$0,$-0,$-1,$0,$0,$0,$0,$0,$0,$0,$0,$-2,$0,$0
8,2016-08-31,18.74,$8.92,2.1,$9.37,2.0,$0.45,41.84,$0.99,18.93,$0.03B,$0.01B,5.08,$0.00B,$0.03B,0.0,$0.03B,$0.01B,31.25%,$0.03B,$0.00B,12.50%,$0.03B,$0.00B,12.50%,$0.03B,$0.01B,15.63%,$0.03B,$0.00B,12.50%,$0.03B,$0.00B,9.38%,$0.00B,$0.03B,10.17%,$0.00B,$0.03B,10.17%,$0.00B,$0.04B,8.22%,$0.00B,$0.03B,13.56%,$6,$4,$1,$0,$1,$5,$0,$0,$0,$0,$0,$0,$0,$0,$0,$3,3,$0.06,$0.06,$6,$10,$6,$26,$9,$0,$0,$0,$10,$36,$5,$0,$1,$1,$6,$9,$24,$0,$31,$36,$0,$0,$0,$0,$0,$-1,$-0,$-1,$-1,$-1,$-1,$0,$0,$0,$0,$0,$-0,$-1,$0,$0,$0,$0,$0,$0,$0,$0,$-1,$0,$0
9,2016-05-31,16.7,$8.85,1.89,$10.50,1.59,$0.68,24.6,$1.23,13.58,$0.03B,$0.01B,4.01,$0.00B,$0.03B,0.0,$0.04B,$0.01B,34.29%,$0.04B,$0.01B,17.14%,$0.04B,$0.01B,17.14%,$0.04B,$0.01B,20.00%,$0.04B,$0.01B,17.14%,$0.04B,$0.00B,11.43%,$0.00B,$0.03B,14.04%,$0.00B,$0.03B,14.04%,$0.00B,$0.04B,11.11%,$0.01B,$0.03B,21.05%,$9,$6,$3,$0,$2,$8,$1,$0,$1,$0,$1,$1,$1,$1,$1,$3,3,$0.32,$0.29,$7,$10,$6,$27,$9,$0,$0,$0,$10,$37,$7,$0,$0,$0,$7,$0,$24,$0,$30,$37,$4,$1,$0,$1,$1,$-1,$-1,$-1,$-2,$4,$-2,$0,$0,$-1,$0,$-1,$-0,$-3,$0,$0,$0,$0,$0,$0,$0,$0,$1,$0,$0
10,2016-02-29,13.5,$8.50,1.59,$11.06,1.22,$0.74,18.15,$1.18,11.44,$0.03B,$0.01B,3.87,$0.00B,$0.03B,0.0,$0.04B,$0.01B,32.43%,$0.04B,$0.01B,16.22%,$0.04B,$0.01B,16.22%,$0.04B,$0.01B,18.92%,$0.04B,$0.01B,16.22%,$0.04B,$0.00B,10.81%,$0.00B,$0.03B,14.68%,$0.00B,$0.03B,14.68%,$0.00B,$0.04B,11.35%,$0.01B,$0.03B,22.02%,$8,$5,$3,$0,$2,$7,$2,$0,$2,$0,$1,$1,$1,$2,$2,$3,3,$0.35,$0.35,$7,$10,$6,$27,$8,$0,$0,$0,$9,$37,$7,$0,$1,$1,$8,$8,$23,$0,$29,$37,$3,$1,$0,$1,$0,$-1,$-1,$1,$-1,$3,$-1,$0,$0,$0,$0,$0,$-0,$-1,$0,$0,$0,$0,$0,$0,$0,$0,$2,$0,$0
11,2015-11-30,15.75,$8.16,1.93,$10.56,1.49,$0.13,125.4,$0.95,16.58,$0.03B,$0.01B,3.41,$0.00B,$0.03B,0.0,$0.04B,$0.01B,30.56%,$0.04B,$0.00B,11.11%,$0.04B,$0.00B,11.11%,$0.04B,$0.01B,16.67%,$0.04B,$0.00B,11.11%,$0.04B,$0.00B,8.33%,$0.00B,$0.03B,11.54%,$0.00B,$0.03B,11.54%,$0.00B,$0.04B,8.96%,$0.00B,$0.03B,15.38%,$9,$6,$3,$0,$2,$7,$1,$0,$1,$1,$1,$1,$1,$2,$1,$3,3,$0.27,$0.27,$4,$10,$6,$27,$8,$0,$0,$0,$9,$36,$8,$0,$1,$1,$9,$8,$22,$0,$28,$36,$2,$0,$0,$0,$-2,$-1,$-1,$2,$-2,$0,$-1,$0,$0,$0,$0,$0,$-0,$-1,$0,$0,$0,$0,$0,$0,$0,$0,$-0,$0,$0
12,2015-08-31,13.33,$7.88,1.69,$9.95,1.34,$0.43,31.1,$0.83,16.06,$0.03B,$0.01B,3.51,$0.00B,$0.03B,0.0,$0.03B,$0.01B,29.41%,$0.03B,$0.00B,11.76%,$0.03B,$0.00B,11.76%,$0.03B,$0.01B,14.71%,$0.03B,$0.00B,11.76%,$0.03B,$0.00B,8.82%,$0.00B,$0.03B,12.00%,$0.00B,$0.03B,12.00%,$0.00B,$0.03B,9.38%,$0.00B,$0.03B,16.00%,$9,$6,$3,$0,$2,$8,$2,$0,$2,$1,$1,$1,$1,$2,$2,$3,3,$0.30,$0.30,$4,$9,$6,$26,$8,$0,$0,$0,$9,$34,$7,$0,$1,$1,$8,$8,$21,$0,$27,$34,$1,$0,$0,$0,$-1,$-0,$-0,$0,$-1,$-0,$-0,$0,$0,$0,$0,$0,$-0,$-0,$0,$0,$0,$0,$0,$0,$0,$0,$-0,$0,$0
13,2015-05-31,12.87,$7.57,1.7,$9.09,1.42,$0.78,16.55,$0.65,19.8,$0.03B,$0.01B,3.26,$0.00B,$0.03B,0.0,$0.03B,$0.01B,28.13%,$0.03B,$0.00B,9.38%,$0.03B,$0.00B,9.38%,$0.03B,$0.00B,12.50%,$0.03B,$0.00B,9.38%,$0.03B,$0.00B,6.25%,$0.00B,$0.03B,8.25%,$0.00B,$0.03B,8.25%,$0.00B,$0.03B,6.50%,$0.00B,$0.03B,12.37%,$11,$7,$3,$0,$2,$10,$1,$-0,$1,$0,$1,$1,$1,$1,$1,$3,3,$0.26,$0.25,$5,$9,$5,$25,$8,$0,$0,$0,$9,$34,$8,$0,$0,$1,$8,$0,$20,$0,$25,$34,$2,$1,$1,$1,$-2,$0,$2,$-1,$-1,$3,$-1,$0,$0,$0,$0,$0,$-0,$-1,$0,$0,$0,$0,$0,$0,$0,$0,$2,$0,$0
14,2015-02-28,11.73,$7.28,1.61,$7.50,1.56,$0.37,31.94,$0.51,23.01,$0.02B,$0.01B,4.47,$0.00B,$0.02B,0.0,$0.03B,$0.01B,30.77%,$0.03B,$0.00B,11.54%,$0.03B,$0.00B,11.54%,$0.03B,$0.00B,15.38%,$0.03B,$0.00B,11.54%,$0.03B,$0.00B,3.85%,$0.00B,$0.02B,4.21%,$0.00B,$0.02B,4.21%,$0.00B,$0.03B,3.45%,$0.00B,$0.02B,12.63%,$7,$5,$2,$0,$1,$6,$0,$0,$0,$0,$0,$0,$0,$1,$0,$3,3,$0.12,$0.12,$2,$9,$6,$21,$8,$0,$0,$0,$9,$30,$5,$0,$1,$1,$5,$8,$19,$0,$24,$30,$1,$1,$0,$1,$-1,$-0,$1,$-2,$-2,$-0,$-0,$0,$0,$0,$0,$0,$-0,$-0,$0,$0,$0,$0,$0,$0,$0,$0,$-0,$0,$0
15,2014-11-30,9.73,$7.18,1.36,$6.98,1.39,$0.17,57.64,$0.46,21.15,$0.02B,$0.01B,3.89,$0.00B,$0.02B,0.0,$0.02B,$0.01B,29.17%,$0.02B,$0.00B,12.50%,$0.02B,$0.00B,12.50%,$0.02B,$0.00B,16.67%,$0.02B,$0.00B,12.50%,$0.02B,$0.00B,4.17%,$0.00B,$0.02B,4.26%,$0.00B,$0.02B,4.26%,$0.00B,$0.03B,3.57%,$0.00B,$0.02B,12.77%,$7,$5,$2,$0,$1,$6,$1,$0,$1,$0,$1,$1,$1,$1,$1,$3,3,$0.15,$0.15,$3,$9,$6,$21,$8,$0,$0,$0,$9,$30,$5,$0,$1,$1,$6,$8,$19,$0,$24,$30,$1,$0,$0,$0,$-0,$0,$1,$-1,$-1,$1,$-0,$0,$0,$0,$0,$0,$-0,$-0,$0,$0,$0,$0,$0,$0,$0,$0,$0,$0,$0
16,2014-08-31,8.56,$7.03,1.22,$6.36,1.35,$-0.19,0.0,$0.40,21.4,$0.02B,$0.01B,3.97,$0.00B,$0.02B,0.0,$0.02B,$0.01B,27.27%,$0.02B,$0.00B,9.09%,$0.02B,$0.00B,9.09%,$0.02B,$0.00B,18.18%,$0.02B,$0.00B,9.09%,$0.02B,0,0.00%,$0.00B,$0.02B,0.00%,$0.00B,$0.02B,0.00%,$0.00B,$0.03B,0.00%,$0.00B,$0.02B,8.60%,$7,$5,$2,$0,$1,$6,$1,$0,$1,$0,$0,$0,$0,$1,$1,$3,3,$0.12,$0.12,$4,$9,$5,$21,$8,$0,$0,$0,$9,$29,$5,$0,$1,$1,$6,$8,$18,$0,$24,$29,$0,$0,$0,$0,$-0,$0,$1,$-0,$0,$1,$-0,$0,$0,$0,$0,$0,$-0,$-0,$0,$0,$0,$0,$0,$0,$0,$0,$1,$0,$0
17,2014-05-31,8.83,$6.90,1.28,$6.00,1.47,$-1.03,0.0,$0.34,25.97,$0.02B,$0.00B,4.9,$0.00B,$0.02B,0.0,$0.02B,$0.01B,25.00%,$0.02B,$0.00B,5.00%,$0.02B,$0.00B,5.00%,$0.02B,$0.00B,15.00%,$0.02B,$0.00B,5.00%,$0.02B,0,0.00%,$0.00B,$0.02B,0.00%,$0.00B,$0.02B,0.00%,$0.00B,$0.03B,0.00%,$0.00B,$0.02B,4.40%,$5,$4,$2,$0,$1,$5,$1,$0,$1,$0,$0,$0,$0,$1,$1,$3,3,$0.12,$0.12,$3,$9,$2,$19,$8,$0,$0,$0,$9,$27,$4,$0,$0,$1,$4,$0,$18,$0,$23,$27,$1,$1,$0,$1,$-1,$0,$-0,$1,$-0,$2,$-1,$0,$0,$0,$0,$0,$0,$-1,$0,$0,$0,$0,$0,$0,$0,$0,$1,$0,$0
18,2014-02-28,8.69,$6.76,1.28,$5.96,1.46,$-0.56,0.0,$0.38,22.87,$0.02B,$0.00B,5.16,$0.00B,$0.02B,0.0,$0.02B,$0.01B,25.00%,$0.02B,0,0.00%,$0.02B,0,0.00%,$0.02B,$0.00B,15.00%,$0.02B,0,0.00%,$0.02B,$0.00B,5.00%,$0.00B,$0.02B,4.49%,$0.00B,$0.02B,4.49%,$0.00B,$0.03B,3.88%,$0.00B,$0.02B,0.00%,$5,$3,$1,$0,$1,$4,$0,$0,$0,$0,$0,$0,$0,$1,$0,$3,3,$0.07,$0.07,$1,$9,$4,$17,$8,$0,$0,$0,$9,$26,$3,$0,$0,$0,$4,$8,$17,$0,$23,$26,$1,$1,$0,$1,$-1,$0,$-0,$-0,$-1,$0,$-1,$0,$0,$0,$0,$0,$-0,$-1,$0,$0,$0,$0,$0,$0,$0,$0,$-1,$0,$0
19,2013-11-30,8.19,$6.70,1.22,$6.25,1.31,$-0.07,0.0,$0.50,16.38,$0.02B,$0.00B,4.94,$0.00B,$0.02B,0.02,$0.02B,$0.01B,28.57%,$0.02B,$0.00B,4.76%,$0.02B,$0.00B,4.76%,$0.02B,$0.00B,14.29%,$0.02B,$0.00B,4.76%,$0.02B,$0.00B,9.52%,$0.00B,$0.02B,9.20%,$0.00B,$0.02B,9.20%,$0.00B,$0.03B,7.84%,$0.00B,$0.02B,4.55%,$5,$3,$1,$0,$1,$4,$0,$0,$0,$0,$0,$0,$0,$1,$0,$3,3,$0.09,$0.09,$1,$9,$4,$17,$8,$0,$0,$0,$9,$26,$3,$0,$0,$0,$4,$8,$17,$0,$22,$26,$1,$0,$0,$0,$-0,$-0,$-0,$-1,$-1,$0,$-1,$0,$0,$0,$0,$0,$-0,$-1,$0,$0,$0,$0,$0,$0,$0,$0,$-1,$0,$0
20,2013-08-31,8.76,$6.60,1.33,$6.83,1.28,$-0.19,0.0,$0.64,13.69,$0.02B,$0.00B,6.45,$0.00B,$0.02B,0.02,$0.02B,$0.01B,30.43%,$0.02B,$0.00B,8.70%,$0.02B,$0.00B,8.70%,$0.02B,$0.00B,13.04%,$0.02B,$0.00B,8.70%,$0.02B,$0.00B,13.04%,$0.00B,$0.02B,14.12%,$0.00B,$0.02B,14.12%,$0.00B,$0.03B,11.76%,$0.00B,$0.02B,9.30%,$5,$4,$1,$0,$1,$5,$0,$0,$0,$0,$0,$0,$0,$0,$0,$3,3,$0.06,$0.06,$0,$9,$5,$16,$8,$0,$0,$0,$9,$25,$3,$0,$0,$0,$3,$8,$17,$0,$22,$25,$0,$0,$0,$0,$-0,$0,$-0,$-2,$-2,$-1,$-1,$0,$0,$0,$0,$0,$-0,$-1,$0,$0,$0,$0,$0,$0,$0,$0,$-2,$0,$0
21,2013-05-31,8.07,$6.54,1.23,$7.45,1.08,$-0.55,0.0,$0.76,10.62,$0.02B,$0.00B,4.88,$0.00B,$0.02B,0.0,$0.03B,$0.01B,36.00%,$0.03B,$0.00B,12.00%,$0.03B,$0.00B,12.00%,$0.03B,$0.00B,16.00%,$0.03B,$0.00B,12.00%,$0.03B,$0.00B,16.00%,$0.00B,$0.02B,19.28%,$0.00B,$0.02B,19.28%,$0.00B,$0.03B,15.09%,$0.00B,$0.02B,14.29%,$5,$4,$2,$0,$1,$5,$0,$0,$0,$-0,$1,$1,$1,$1,$0,$3,3,$0.17,$0.16,$2,$9,$2,$17,$7,$0,$0,$0,$8,$26,$4,$0,$0,$0,$4,$0,$17,$0,$22,$26,$3,$1,$0,$1,$3,$-1,$-2,$3,$2,$5,$-3,$0,$0,$0,$0,$0,$-0,$-3,$-0,$-0,$-0,$0,$0,$0,$0,$-0,$2,$0,$0
22,2013-02-28,8.82,$6.35,1.39,$8.83,1.0,$-2.01,0.0,$0.86,10.26,$0.02B,$0.00B,5.22,$0.00B,$0.02B,0.01,$0.03B,$0.01B,33.33%,$0.03B,$0.00B,13.33%,$0.03B,$0.00B,13.33%,$0.03B,$0.00B,13.33%,$0.03B,$0.00B,13.33%,$0.03B,$0.00B,13.33%,$0.00B,$0.02B,20.00%,$0.00B,$0.02B,20.00%,$0.00B,$0.03B,15.09%,$0.00B,$0.02B,19.75%,$6,$4,$2,$0,$1,$5,$1,$-0,$1,$0,$1,$1,$1,$1,$1,$3,3,$0.19,$0.19,$0,$9,$3,$17,$6,$0,$0,$0,$7,$25,$3,$0,$0,$0,$4,$7,$16,$0,$21,$25,$2,$0,$0,$0,$1,$-1,$-2,$2,$0,$3,$-2,$0,$0,$0,$0,$0,$-0,$-2,$0,$-0,$-0,$0,$0,$0,$0,$-0,$0,$0,$0
23,2012-11-30,8.15,$6.17,1.32,$9.56,0.85,$-2.70,0.0,$0.83,9.82,$0.02B,$0.01B,3.45,$0.00B,$0.02B,0.01,$0.03B,$0.01B,31.25%,$0.03B,$0.00B,12.50%,$0.03B,$0.00B,12.50%,$0.03B,$0.00B,12.50%,$0.03B,$0.00B,12.50%,$0.03B,$0.00B,12.50%,$0.00B,$0.02B,20.78%,$0.00B,$0.02B,20.78%,$0.00B,$0.03B,15.24%,$0.00B,$0.02B,20.51%,$7,$4,$2,$0,$1,$5,$1,$-0,$1,$0,$1,$1,$1,$1,$1,$3,3,$0.23,$0.23,$0,$9,$4,$19,$6,$0,$0,$0,$7,$26,$6,$0,$0,$0,$6,$7,$16,$0,$20,$26,$1,$0,$0,$0,$-1,$-1,$-2,$2,$-1,$0,$-2,$0,$0,$0,$0,$0,$-0,$-2,$0,$1,$1,$0,$0,$0,$0,$1,$-0,$0,$0
24,2012-08-31,8.72,$5.93,1.47,$9.69,0.9,$-2.44,0.0,$0.73,11.95,$0.02B,$0.01B,2.58,$0.00B,$0.02B,0.01,$0.03B,$0.01B,31.25%,$0.03B,$0.00B,12.50%,$0.03B,$0.00B,12.50%,$0.03B,$0.00B,12.50%,$0.03B,$0.00B,12.50%,$0.03B,$0.00B,9.38%,$0.00B,$0.02B,16.22%,$0.00B,$0.02B,16.22%,$0.00B,$0.03B,11.76%,$0.00B,$0.02B,21.62%,$7,$5,$3,$0,$2,$6,$1,$0,$1,$0,$1,$1,$1,$1,$1,$3,3,$0.18,$0.18,$0,$9,$5,$23,$5,$0,$0,$0,$6,$29,$9,$0,$0,$0,$9,$7,$15,$0,$20,$29,$1,$0,$0,$0,$-3,$-1,$-2,$1,$-4,$-3,$-1,$0,$0,$0,$0,$0,$-0,$-1,$0,$3,$3,$0,$0,$0,$0,$3,$0,$0,$0
25,2012-05-31,9.55,$5.74,1.66,$8.90,1.07,$-1.22,0.0,$0.68,14.04,$0.02B,$0.01B,2.92,$0.00B,$0.02B,0.0,$0.03B,$0.01B,30.00%,$0.03B,$0.00B,13.33%,$0.03B,$0.00B,13.33%,$0.03B,$0.00B,13.33%,$0.03B,$0.00B,13.33%,$0.03B,$0.00B,6.67%,$0.00B,$0.02B,11.27%,$0.00B,$0.02B,11.27%,$0.00B,$0.03B,8.42%,$0.00B,$0.02B,22.54%,$10,$7,$3,$0,$2,$9,$1,$0,$1,$0,$1,$1,$1,$1,$1,$3,3,$0.25,$0.25,$0,$8,$5,$21,$4,$0,$0,$0,$5,$26,$7,$0,$0,$0,$7,$0,$14,$0,$19,$26,$2,$0,$0,$1,$-3,$-3,$2,$-1,$-4,$-1,$-2,$0,$0,$0,$0,$0,$-0,$-2,$-0,$0,$0,$0,$0,$0,$0,$1,$-2,$0,$0
26,2012-02-29,10.66,$5.46,1.95,$8.18,1.3,$0.21,51.5,$0.65,16.4,$0.02B,$0.01B,3.3,$0.00B,$0.02B,0.02,$0.03B,$0.01B,29.63%,$0.03B,$0.00B,14.81%,$0.03B,$0.00B,14.81%,$0.03B,$0.00B,14.81%,$0.03B,$0.00B,14.81%,$0.03B,$0.00B,7.41%,$0.00B,$0.02B,11.76%,$0.00B,$0.02B,11.76%,$0.00B,$0.02B,8.99%,$0.00B,$0.02B,23.53%,$8,$6,$2,$0,$2,$7,$1,$0,$1,$0,$1,$1,$1,$1,$1,$3,3,$0.16,$0.16,$1,$8,$7,$19,$4,$0,$0,$0,$5,$24,$6,$0,$0,$0,$6,$7,$13,$0,$18,$24,$1,$0,$0,$0,$-1,$-3,$1,$-0,$-3,$-1,$-1,$0,$0,$0,$0,$0,$-0,$-1,$0,$-0,$-0,$0,$0,$0,$0,$0,$-2,$0,$0
27,2011-11-30,6.99,$5.31,1.32,$7.26,0.96,$1.15,6.08,$0.61,11.46,$0.02B,$0.01B,3.39,$0.00B,$0.02B,0.0,$0.02B,$0.01B,29.17%,$0.02B,$0.00B,12.50%,$0.02B,$0.00B,12.50%,$0.02B,$0.00B,16.67%,$0.02B,$0.00B,12.50%,$0.02B,$0.00B,4.17%,$0.00B,$0.02B,6.06%,$0.00B,$0.02B,6.06%,$0.00B,$0.02B,4.76%,$0.00B,$0.02B,18.18%,$7,$5,$2,$0,$1,$6,$1,$0,$1,$0,$0,$0,$0,$1,$1,$3,3,$0.13,$0.13,$2,$7,$6,$19,$4,$0,$0,$0,$5,$23,$5,$0,$0,$0,$6,$7,$13,$0,$17,$23,$1,$0,$0,$0,$-1,$-2,$0,$1,$-1,$0,$-0,$0,$0,$0,$0,$0,$-0,$-0,$0,$-0,$-0,$0,$0,$0,$0,$0,$-0,$0,$0
28,2011-08-31,6.6,$5.21,1.27,$6.64,0.99,$1.90,3.47,$0.52,12.69,$0.02B,$0.01B,3.57,$0.00B,$0.02B,0.0,$0.02B,$0.01B,27.27%,$0.02B,$0.00B,9.09%,$0.02B,$0.00B,9.09%,$0.02B,$0.00B,13.64%,$0.02B,$0.00B,9.09%,$0.02B,$0.00B,4.55%,$0.00B,$0.02B,6.25%,$0.00B,$0.02B,6.25%,$0.00B,$0.02B,5.06%,$0.00B,$0.02B,12.50%,$5,$3,$2,$0,$1,$4,$1,$0,$1,$0,$0,$0,$0,$1,$1,$3,3,$0.13,$0.13,$3,$7,$5,$17,$4,$0,$0,$0,$5,$22,$5,$0,$0,$0,$5,$7,$12,$0,$17,$22,$0,$0,$0,$0,$0,$-1,$0,$2,$1,$1,$-0,$0,$0,$0,$0,$0,$-0,$-0,$0,$-0,$-0,$-0,$-0,$0,$0,$-0,$1,$0,$0
29,2011-05-31,5.87,$5.07,1.16,$6.61,0.89,$2.38,2.47,$0.45,13.04,$0.02B,$0.00B,4.82,$0.00B,$0.02B,0.0,$0.02B,$0.01B,23.81%,$0.02B,$0.00B,4.76%,$0.02B,$0.00B,4.76%,$0.02B,$0.00B,9.52%,$0.02B,$0.00B,4.76%,$0.02B,$0.00B,4.76%,$0.00B,$0.02B,6.45%,$0.00B,$0.02B,6.45%,$0.00B,$0.02B,5.33%,$0.00B,$0.02B,6.45%,$7,$5,$2,$0,$1,$6,$1,$0,$1,$0,$1,$1,$1,$1,$1,$3,3,$0.22,$0.22,$2,$5,$4,$15,$3,$0,$0,$0,$4,$20,$3,$0,$0,$0,$3,$0,$12,$0,$16,$20,$1,$0,$0,$1,$3,$1,$0,$-4,$0,$2,$-0,$0,$0,$0,$0,$0,$-0,$-0,$-0,$0,$-0,$-0,$-0,$0,$0,$-0,$2,$0,$0
30,2011-02-28,4.9,$4.83,1.02,$5.83,0.84,$2.14,2.29,$0.35,14.0,$0.02B,$0.00B,4.58,$0.00B,$0.02B,0.0,$0.02B,$0.00B,21.05%,$0.02B,0,0.00%,$0.02B,0,0.00%,$0.02B,$0.00B,5.26%,$0.02B,0,0.00%,$0.02B,0,0.00%,$0.00B,$0.02B,0.00%,$0.00B,$0.02B,0.00%,$0.00B,$0.02B,0.00%,$0.00B,$0.02B,0.00%,$5,$4,$1,$0,$1,$5,$0,$0,$0,$0,$0,$0,$0,$1,$0,$3,3,$0.12,$0.12,$1,$7,$4,$15,$3,$0,$0,$0,$4,$19,$3,$0,$0,$0,$3,$7,$11,$0,$16,$19,$1,$0,$0,$0,$3,$-0,$0,$-2,$1,$2,$-0,$0,$0,$0,$0,$0,$-0,$-0,$-0,$0,$-0,$-0,$-0,$0,$0,$-0,$1,$0,$0
31,2010-11-30,4.6,$4.72,0.98,$5.76,0.8,$2.04,2.25,$0.33,13.94,$0.01B,$0.00B,5.44,$0.00B,$0.02B,0.0,$0.02B,$0.00B,21.05%,$0.02B,$0.00B,5.26%,$0.02B,$0.00B,5.26%,$0.02B,$0.00B,5.26%,$0.02B,$0.00B,5.26%,$0.02B,0,0.00%,$0.00B,$0.02B,0.00%,$0.00B,$0.02B,0.00%,$0.00B,$0.02B,0.00%,$0.00B,$0.02B,6.78%,$5,$3,$1,$0,$1,$4,$0,$0,$0,$0,$0,$0,$0,$0,$0,$3,3,$0.04,$0.04,$2,$6,$4,$14,$3,$0,$0,$0,$4,$18,$3,$0,$0,$0,$3,$7,$11,$0,$15,$18,$0,$0,$0,$0,$3,$0,$-0,$-2,$2,$2,$-0,$0,$0,$0,$0,$0,$-0,$-0,$-0,$0,$-0,$-0,$-0,$0,$0,$-0,$2,$0,$0
32,2010-08-31,4.88,$4.67,1.04,$5.40,0.9,$1.62,3.01,$0.45,10.84,$0.01B,$0.00B,5.17,$0.00B,$0.02B,0.0,$0.02B,$0.00B,23.53%,$0.02B,$0.00B,5.88%,$0.02B,$0.00B,5.88%,$0.02B,$0.00B,5.88%,$0.02B,$0.00B,5.88%,$0.02B,$0.00B,5.88%,$0.00B,$0.02B,6.90%,$0.00B,$0.02B,6.90%,$0.00B,$0.02B,5.48%,$0.00B,$0.02B,6.90%,$4,$3,$1,$0,$1,$4,$0,$0,$0,$0,$0,$0,$0,$0,$0,$3,3,$0.06,$0.06,$2,$7,$2,$14,$3,$0,$0,$0,$4,$18,$3,$0,$0,$0,$3,$7,$11,$0,$15,$18,$0,$0,$0,$0,$3,$-0,$-0,$-0,$2,$2,$-0,$0,$0,$0,$0,$0,$-0,$-0,$-0,$0,$-0,$0,$0,$0,$0,$0,$2,$0,$0
33,2010-05-31,6.03,$4.61,1.31,$5.57,1.08,$1.09,5.54,$0.49,12.31,$0.01B,$0.00B,4.19,$0.00B,$0.02B,0.0,$0.02B,$0.01B,27.78%,$0.02B,$0.00B,11.11%,$0.02B,$0.00B,11.11%,$0.02B,$0.00B,11.11%,$0.02B,$0.00B,11.11%,$0.02B,$0.00B,5.56%,$0.00B,$0.02B,7.02%,$0.00B,$0.02B,7.02%,$0.00B,$0.02B,5.48%,$0.00B,$0.02B,14.04%,$5,$3,$1,$0,$1,$4,$0,$0,$0,$-0,$0,$0,$0,$0,$0,$3,3,$0.13,$0.13,$0,$6,$1,$14,$3,$0,$0,$0,$4,$19,$3,$0,$0,$0,$4,$0,$11,$0,$15,$19,$2,$0,$0,$1,$-2,$0,$0,$1,$-1,$2,$-0,$0,$0,$0,$0,$0,$0,$-0,$-0,$-1,$-1,$0,$0,$0,$0,$-1,$0,$0,$0
34,2010-02-28,5.43,$4.45,1.22,$5.53,0.98,$0.67,8.05,$0.46,11.8,$0.01B,$0.00B,4.03,$0.00B,$0.01B,0.0,$0.02B,$0.01B,35.29%,$0.02B,$0.00B,11.76%,$0.02B,$0.00B,11.76%,$0.02B,$0.00B,17.65%,$0.02B,$0.00B,11.76%,$0.02B,$0.00B,5.88%,$0.00B,$0.01B,7.27%,$0.00B,$0.01B,7.27%,$0.00B,$0.02B,5.63%,$0.00B,$0.01B,14.55%,$5,$3,$2,$0,$1,$4,$1,$0,$1,$0,$0,$0,$0,$1,$1,$3,3,$0.10,$0.10,$0,$7,$4,$14,$4,$0,$0,$0,$4,$18,$3,$0,$0,$0,$4,$7,$10,$0,$14,$18,$1,$0,$0,$0,$-0,$-0,$0,$-0,$-0,$1,$-0,$0,$0,$0,$0,$0,$0,$-0,$0,$-1,$-1,$0,$0,$0,$0,$-1,$0,$0,$0
35,2009-11-30,4.49,$4.35,1.03,$5.24,0.86,$0.69,6.52,$0.37,12.12,$0.01B,$0.00B,3.67,$0.00B,$0.01B,0.0,$0.02B,$0.01B,37.50%,$0.02B,$0.00B,6.25%,$0.02B,$0.00B,6.25%,$0.02B,$0.00B,12.50%,$0.02B,$0.00B,6.25%,$0.02B,$0.00B,6.25%,$0.00B,$0.01B,7.41%,$0.00B,$0.01B,7.41%,$0.00B,$0.02B,5.80%,$0.00B,$0.01B,7.41%,$3,$2,$1,$0,$1,$3,$0,$0,$0,$-0,$1,$1,$1,$0,$0,$3,3,$0.16,$0.16,$0,$7,$5,$14,$4,$0,$0,$0,$4,$18,$4,$0,$0,$0,$4,$7,$10,$0,$14,$18,$1,$0,$0,$0,$1,$-0,$-0,$-1,$-0,$1,$-0,$0,$0,$0,$0,$0,$0,$-0,$0,$-1,$-1,$0,$0,$0,$0,$-1,$0,$0,$0
36,2009-08-31,3.59,$4.20,0.86,$5.49,0.65,$0.10,36.78,$0.23,15.61,$0.01B,$0.00B,3.14,$0.00B,$0.01B,0.0,$0.02B,$0.01B,35.29%,$0.02B,$0.00B,5.88%,$0.02B,$0.00B,5.88%,$0.02B,$0.00B,11.76%,$0.02B,$0.00B,5.88%,$0.02B,0,0.00%,$0.00B,$0.01B,0.00%,$0.00B,$0.01B,0.00%,$0.00B,$0.02B,0.00%,$0.00B,$0.01B,7.55%,$5,$3,$2,$0,$1,$4,$1,$-0,$1,$0,$0,$0,$0,$1,$1,$3,3,$0.10,$0.10,$0,$7,$5,$14,$4,$0,$0,$0,$5,$18,$4,$0,$0,$0,$5,$7,$9,$0,$14,$18,$0,$0,$0,$0,$0,$0,$0,$-1,$0,$1,$-0,$0,$0,$0,$0,$0,$0,$-0,$0,$-1,$-1,$0,$0,$0,$0,$-1,$-0,$0,$0
37,2009-05-31,3.09,$4.09,0.75,$5.54,0.56,$-0.70,0.0,$0.18,17.17,$0.01B,$0.00B,3.32,$0.00B,$0.01B,0.01,$0.02B,$0.01B,29.41%,$0.02B,0,0.00%,$0.02B,0,0.00%,$0.02B,$0.00B,5.88%,$0.02B,0,0.00%,$0.02B,0,0.00%,$0.00B,$0.01B,0.00%,$0.00B,$0.01B,0.00%,$0.00B,$0.02B,0.00%,$0.00B,$0.01B,0.00%,$4,$3,$2,$0,$1,$4,$0,$-0,$0,$0,$0,$0,$0,$1,$0,$3,3,$0.10,$0.10,$0,$7,$2,$13,$4,$0,$0,$0,$5,$17,$4,$0,$0,$0,$4,$0,$9,$0,$13,$17,$1,$0,$0,$1,$-1,$-0,$-0,$0,$-1,$1,$-1,$0,$0,$0,$0,$0,$-0,$-1,$-0,$0,$0,$0,$0,$0,$0,$0,$-0,$0,$0
38,2009-02-28,2.4,$3.98,0.6,$5.72,0.42,$-0.51,0.0,$0.30,8.0,$0.01B,$0.00B,3.8,$0.00B,$0.01B,0.0,$0.02B,$0.00B,22.22%,$0.02B,0,0.00%,$0.02B,0,0.00%,$0.02B,0,0.00%,$0.02B,0,0.00%,$0.02B,$0.00B,5.56%,$0.00B,$0.01B,7.69%,$0.00B,$0.01B,7.69%,$0.00B,$0.02B,5.80%,$0.00B,$0.01B,0.00%,$4,$3,$1,$0,$1,$4,$0,$-0,$0,$0,$0,$0,$0,$0,$0,$3,3,$0.01,$0.01,$0,$7,$3,$11,$4,$0,$0,$0,$5,$16,$3,$0,$0,$0,$3,$6,$9,$0,$13,$16,$0,$0,$0,$0,$1,$-0,$-0,$0,$1,$2,$-1,$0,$0,$0,$0,$0,$0,$-1,$0,$-1,$-1,$0,$0,$0,$0,$-1,$0,$0,$0
39,2008-11-30,2.25,$3.97,0.57,$6.16,0.37,$-0.72,0.0,$0.41,5.49,$0.01B,$0.01B,2.72,$0.00B,$0.01B,0.0,$0.02B,$0.01B,26.32%,$0.02B,$0.00B,5.26%,$0.02B,$0.00B,5.26%,$0.02B,$0.00B,5.26%,$0.02B,$0.00B,5.26%,$0.02B,$0.00B,5.26%,$0.00B,$0.01B,8.00%,$0.00B,$0.01B,8.00%,$0.00B,$0.02B,5.71%,$0.00B,$0.01B,8.00%,$4,$3,$1,$0,$1,$4,$0,$-0,$0,$0,$0,$0,$0,$0,$0,$3,3,$0.02,$0.02,$0,$7,$3,$13,$4,$0,$0,$0,$5,$18,$5,$0,$0,$0,$5,$6,$9,$0,$13,$18,$0,$0,$0,$0,$-1,$-0,$0,$-0,$-1,$-1,$-0,$0,$0,$0,$0,$0,$0,$-0,$0,$1,$1,$0,$0,$0,$0,$1,$-0,$0,$0
40,2008-08-31,8.3,$3.95,2.1,$6.31,1.32,$0.01,813.72,$0.43,19.3,$0.01B,$0.01B,2.55,$0.00B,$0.01B,0.0,$0.02B,$0.01B,26.32%,$0.02B,$0.00B,5.26%,$0.02B,$0.00B,5.26%,$0.02B,$0.00B,5.26%,$0.02B,$0.00B,5.26%,$0.02B,$0.00B,5.26%,$0.00B,$0.01B,8.33%,$0.00B,$0.01B,8.33%,$0.00B,$0.02B,5.88%,$0.00B,$0.01B,8.33%,$5,$4,$1,$0,$1,$5,$0,$0,$0,$0,$0,$0,$0,$0,$0,$3,3,$0.05,$0.05,$0,$7,$4,$14,$3,$0,$0,$0,$4,$19,$6,$0,$0,$0,$6,$6,$8,$0,$13,$19,$0,$0,$0,$0,$-1,$-0,$-0,$-1,$-2,$-2,$-0,$0,$0,$0,$0,$0,$0,$-0,$0,$2,$2,$0,$0,$0,$0,$2,$0,$0,$0
41,2008-05-31,6.67,$3.90,1.71,$6.09,1.1,$0.53,12.63,$0.49,13.61,$0.01B,$0.00B,3.39,$0.00B,$0.01B,0.01,$0.02B,$0.01B,33.33%,$0.02B,$0.00B,11.11%,$0.02B,$0.00B,11.11%,$0.02B,$0.00B,11.11%,$0.02B,$0.00B,11.11%,$0.02B,$0.00B,5.56%,$0.00B,$0.01B,8.70%,$0.00B,$0.01B,8.70%,$0.00B,$0.02B,5.97%,$0.00B,$0.01B,17.39%,$5,$4,$1,$0,$1,$5,$0,$-0,$0,$0,$0,$0,$1,$0,$0,$3,3,$0.21,$0.21,$0,$7,$2,$12,$3,$0,$0,$0,$4,$16,$4,$0,$0,$0,$4,$0,$8,$0,$13,$16,$2,$0,$-0,$0,$2,$-2,$0,$-0,$-1,$1,$-1,$0,$0,$0,$0,$0,$1,$0,$-0,$-1,$-1,$0,$0,$0,$-0,$-1,$0,$0,$0
42,2008-02-29,5.0,$3.63,1.38,$5.81,0.86,$0.89,5.6,$0.30,16.67,$0.01B,$0.01B,2.56,$0.00B,$0.01B,0.0,$0.02B,$0.01B,35.29%,$0.02B,$0.00B,11.76%,$0.02B,$0.00B,11.76%,$0.02B,$0.00B,11.76%,$0.02B,$0.00B,11.76%,$0.02B,0,0.00%,$0.00B,$0.01B,0.00%,$0.00B,$0.01B,0.00%,$0.00B,$0.02B,0.00%,$0.00B,$0.01B,18.18%,$5,$3,$2,$0,$1,$4,$1,$-0,$1,$0,$0,$0,$0,$1,$1,$3,3,$0.12,$0.12,$0,$7,$3,$12,$4,$0,$0,$0,$5,$17,$5,$0,$0,$1,$6,$5,$8,$0,$11,$17,$1,$0,$0,$0,$1,$-2,$0,$-0,$-0,$1,$-0,$0,$0,$0,$0,$0,$0,$-0,$0,$-0,$-0,$0,$0,$0,$-0,$-0,$0,$0,$0
43,2007-11-30,6.53,$3.52,1.86,$5.74,1.14,$1.30,5.04,$0.26,25.12,$0.01B,$0.00B,2.7,$0.00B,$0.01B,0.0,$0.02B,$0.01B,35.29%,$0.02B,$0.00B,5.88%,$0.02B,$0.00B,5.88%,$0.02B,$0.00B,11.76%,$0.02B,$0.00B,5.88%,$0.02B,0,0.00%,$0.00B,$0.01B,0.00%,$0.00B,$0.01B,0.00%,$0.00B,$0.02B,0.00%,$0.00B,$0.01B,9.30%,$4,$3,$1,$0,$1,$4,$0,$-0,$0,$0,$0,$0,$0,$0,$0,$3,3,$0.04,$0.04,$0,$6,$3,$11,$4,$0,$0,$0,$5,$16,$4,$0,$1,$1,$5,$5,$7,$0,$11,$16,$0,$0,$-0,$0,$2,$-1,$0,$0,$1,$1,$-0,$0,$0,$0,$0,$0,$0,$-0,$0,$-1,$-1,$0,$0,$0,$-0,$-1,$0,$0,$0
44,2007-08-31,5.85,$3.49,1.68,$5.33,1.1,$0.89,6.6,$0.26,22.5,$0.01B,$0.01B,2.19,$0.00B,$0.01B,0.0,$0.02B,$0.01B,35.29%,$0.02B,$0.00B,5.88%,$0.02B,$0.00B,5.88%,$0.02B,$0.00B,11.76%,$0.02B,$0.00B,5.88%,$0.02B,0,0.00%,$0.00B,$0.01B,0.00%,$0.00B,$0.01B,0.00%,$0.00B,$0.02B,0.00%,$0.00B,$0.01B,9.52%,$4,$3,$2,$0,$1,$4,$1,$-0,$1,$0,$0,$0,$0,$1,$1,$3,3,$0.11,$0.11,$0,$6,$3,$13,$3,$0,$0,$0,$5,$18,$6,$0,$1,$1,$7,$5,$7,$0,$11,$18,$0,$0,$0,$0,$-0,$-1,$0,$0,$-1,$-0,$-0,$0,$0,$0,$0,$0,$0,$-0,$0,$1,$1,$0,$0,$0,$-0,$1,$0,$0,$0
45,2007-05-31,5.8,$3.36,1.73,$5.22,1.11,$0.85,6.81,$0.20,29.0,$0.01B,$0.01B,2.49,$0.00B,$0.01B,0.03,$0.02B,$0.01B,35.29%,$0.02B,0,0.00%,$0.02B,0,0.00%,$0.02B,$0.00B,5.88%,$0.02B,0,0.00%,$0.02B,0,0.00%,$0.00B,$0.01B,0.00%,$0.00B,$0.01B,0.00%,$0.00B,$0.02B,0.00%,$0.00B,$0.01B,0.00%,$4,$3,$1,$0,$1,$4,$0,$-0,$0,$0,$0,$0,$0,$0,$0,$3,3,$0.03,$0.03,$0,$5,$2,$12,$3,$0,$0,$0,$5,$17,$5,$0,$0,$1,$6,$0,$7,$0,$11,$17,$1,$0,$0,$1,$-2,$-1,$-0,$3,$1,$2,$-0,$0,$0,$0,$0,$0,$-0,$-0,$-0,$-1,$-2,$0,$0,$0,$-0,$-2,$-0,$0,$0
46,2007-02-28,5.15,$3.33,1.55,$5.27,0.98,$-0.03,0.0,$0.23,22.39,$0.01B,$0.01B,2.5,$0.00B,$0.01B,0.0,$0.02B,$0.01B,35.29%,$0.02B,0,0.00%,$0.02B,0,0.00%,$0.02B,$0.00B,5.88%,$0.02B,0,0.00%,$0.02B,0,0.00%,$0.00B,$0.01B,0.00%,$0.00B,$0.01B,0.00%,$0.00B,$0.02B,0.00%,$0.00B,$0.01B,0.00%,$5,$3,$2,$0,$1,$4,$0,$-0,$0,$0,$0,$0,$0,$1,$0,$3,3,$0.08,$0.08,$0,$5,$4,$12,$3,$0,$0,$0,$5,$16,$5,$0,$1,$1,$6,$5,$7,$0,$10,$16,$1,$0,$0,$0,$-1,$-1,$-0,$3,$1,$2,$-0,$0,$0,$0,$0,$0,$0,$-0,$0,$-1,$-1,$0,$0,$0,$-0,$-2,$-0,$0,$0
47,2006-11-30,6.01,$3.25,1.85,$5.29,1.14,$-0.50,0.0,$0.18,33.39,$0.01B,$0.01B,2.07,$0.00B,$0.01B,0.0,$0.02B,$0.01B,31.25%,$0.02B,0,0.00%,$0.02B,0,0.00%,$0.02B,0,0.00%,$0.02B,0,0.00%,$0.02B,0,0.00%,$0.00B,$0.01B,0.00%,$0.00B,$0.01B,0.00%,$0.00B,$0.02B,0.00%,$0.00B,$0.01B,0.00%,$4,$2,$1,$0,$1,$4,$0,$-0,$0,$0,$0,$0,$0,$0,$0,$3,3,$0.04,$0.04,$0,$5,$5,$13,$3,$0,$0,$0,$5,$18,$6,$0,$1,$1,$8,$5,$6,$0,$10,$18,$0,$0,$0,$0,$-1,$-1,$-0,$1,$-1,$-0,$-0,$0,$0,$0,$0,$0,$0,$-0,$0,$0,$0,$0,$0,$0,$-0,$0,$-0,$0,$0
