,Date,Stock Price,Book Value per Share,Price to Book Ratio,TTM Sales per Share,Price to Sales Ratio,TTM FCF per Share,Price to FCF Ratio,TTM Net EPS,PE Ratio,Current Assets,Current Liabilities,Current Ratio,Long Term Debt,Shareholder's Equity_x,Debt to Equity Ratio,TTM Revenue_x,TTM Gross Profit,Gross Margin,TTM Revenue_y,TTM Operating Income,Operating Margin,TTM Revenue_x,TTM EBIT,EBIT Margin,TTM Revenue_y,TTM EBITDA,EBITDA Margin,TTM Revenue_x,TTM Pre-Tax Income,Pre-Tax Margin,TTM Revenue_y,TTM Net Income_x,Net Margin,TTM Net Income_y,Shareholder's Equity_y,Return on Equity,TTM Net Income_x,Tangible Equity,Return on Tangible Equity,TTM Net Income_y,Total Assets,Return on Assets,TTM Net Income,LT Investments & Debt,Return on Investment,revenue,cost-goods-sold,gross-profit,research-development-expenses,selling-general-administrative-expenses,operating-expenses,operating-income,total-non-operating-income-expense,pre-tax-income,total-provision-income-taxes,income-after-taxes,income-from-continuous-operations,net-income,ebitda,ebit,basic-shares-outstanding,shares-outstanding,eps-basic-net-earnings-per-share,eps-earnings-per-share-diluted,cash-on-hand,inventory,other-current-assets,total-current-assets,net-property-plant-equipment,long-term-investments,goodwill-intangible-assets-total,other-long-term-assets,total-long-term-assets,total-assets,total-current-liabilities,long-term-debt,other-non-current-liabilities,total-long-term-liabilities,total-liabilities,common-stock-net,retained-earnings-accumulated-deficit,comprehensive-income,total-share-holder-equity,total-liabilities-share-holders-equity,net-income-loss,total-depreciation-amortization-cash-flow,other-non-cash-items,total-non-cash-items,change-in-accounts-receivable,change-in-inventories,change-in-accounts-payable,change-in-assets-liabilities,total-change-in-assets-liabilities,cash-flow-from-operating-activities,net-change-in-property-plant-equipment,net-change-in-intangible-assets,net-acquisitions-divestitures,net-change-in-short-term-investments,net-change-in-long-term-investments,net-change-in-investments-total,investing-activities-other,cash-flow-from-investing-activities,net-long-term-debt,net-current-debt,debt-issuance-retirement-net-total,net-common-equity-issued-repurchased,net-total-equity-issued-repurchased,total-common-preferred-stock-dividends-paid,financial-activities-other,cash-flow-from-financial-activities,net-cash-flow,stock-based-compensation,common-stock-dividends-paid
0,2018-09-30,9.59,$6.94,1.38,$5.22,1.84,$6.08,1.58,$1.21,7.93,$2.59B,$3.86B,0.67,$0.06B,$0.39B,0.14,$0.30B,$0.28B,92.59%,$0.30B,$0.12B,40.40%,$0.30B,0,0.00%,$0.30B,0,0.00%,$0.30B,$0.12B,40.40%,$0.30B,$0.07B,23.23%,$0.07B,$0.39B,20.01%,$0.07B,$0.39B,20.29%,$0.07B,$4.36B,1.56%,$0.12B,$0.45B,30.00%,$130,$8,$122,$0,$37,$46,$83,$0,$83,$22,$61,$61,$61,$0,$0,$56,57,$1.09,$1.07,$778,$0,$0,$2586,$18,$1424,$4,$61,$1774,$4360,$3858,$55,$55,$110,$3968,$56,$-8,$-22,$392,$4360,$81,$16,$-51,$-35,$132,$0,$0,$-6,$126,$172,$-1,$0,$0,$0,$75,$75,$-35,$39,$0,$-0,$-0,$0,$0,$0,$-343,$-343,$-131,$3,$0
1,2018-06-30,10.46,$5.90,1.77,$4.04,2.59,$4.00,2.62,$0.27,38.74,$2.40B,$3.80B,0.63,$0.06B,$0.33B,0.17,$0.23B,$0.21B,92.11%,$0.23B,$0.05B,21.49%,$0.23B,0,0.00%,$0.23B,0,0.00%,$0.23B,$0.05B,21.49%,$0.23B,$0.02B,6.58%,$0.02B,$0.33B,4.52%,$0.02B,$0.33B,4.59%,$0.02B,$4.22B,0.35%,$0.05B,$0.39B,12.66%,$52,$6,$47,$0,$37,$44,$8,$0,$8,$2,$6,$6,$6,$0,$0,$56,57,$0.11,$0.11,$441,$0,$0,$2400,$18,$1461,$5,$57,$1822,$4222,$3799,$55,$34,$90,$3889,$56,$-69,$-18,$333,$4222,$20,$11,$9,$20,$54,$0,$0,$-27,$27,$67,$-0,$0,$0,$0,$-16,$-16,$-58,$-73,$0,$-0,$-0,$0,$0,$0,$-462,$-462,$-468,$2,$0
2,2018-03-31,10.8,$5.86,1.84,$3.99,2.7,$0.74,14.62,$0.50,21.6,$2.39B,$3.96B,0.61,$0.06B,$0.33B,0.17,$0.23B,$0.21B,92.44%,$0.23B,$0.05B,21.78%,$0.23B,0,0.00%,$0.23B,0,0.00%,$0.23B,$0.05B,21.78%,$0.23B,$0.03B,12.44%,$0.03B,$0.33B,8.46%,$0.03B,$0.33B,8.59%,$0.03B,$4.37B,0.64%,$0.05B,$0.39B,12.67%,$64,$5,$59,$0,$38,$45,$19,$0,$19,$5,$14,$14,$14,$0,$0,$56,57,$0.25,$0.25,$575,$0,$0,$2393,$19,$1538,$5,$87,$1977,$4369,$3955,$56,$28,$84,$4039,$56,$-75,$-14,$330,$4369,$14,$5,$2,$7,$152,$0,$0,$-30,$122,$143,$0,$0,$0,$0,$-114,$-114,$-57,$-171,$0,$-0,$-0,$0,$0,$0,$-306,$-306,$-334,$1,$0
3,2017-12-31,9.88,$5.80,1.7,$3.81,2.59,$-2.96,0.0,$0.39,25.33,$2.81B,$4.26B,0.66,$0.06B,$0.32B,0.17,$0.21B,$0.20B,92.52%,$0.21B,$0.04B,18.69%,$0.21B,0,0.00%,$0.21B,0,0.00%,$0.21B,$0.04B,18.69%,$0.21B,$0.02B,10.28%,$0.02B,$0.32B,6.75%,$0.02B,$0.32B,6.86%,$0.02B,$4.71B,0.51%,$0.04B,$0.38B,10.77%,$51,$4,$47,$0,$35,$41,$10,$0,$10,$24,$-13,$-13,$-12,$0,$0,$56,56,$-0.22,$-0.22,$909,$0,$0,$2808,$20,$1456,$5,$79,$1900,$4708,$4261,$56,$67,$123,$4384,$56,$-89,$-5,$324,$4708,$17,$17,$34,$51,$-81,$0,$0,$-21,$-102,$-34,$0,$0,$0,$0,$42,$42,$-121,$-78,$0,$-0,$-0,$0,$0,$0,$22,$22,$-90,$3,$0
4,2017-09-30,8.27,$6.09,1.36,$3.40,2.43,$-7.42,0.0,$0.09,91.89,$2.16B,$3.57B,0.61,$0.06B,$0.34B,0.17,$0.19B,$0.17B,91.89%,$0.19B,$0.01B,3.24%,$0.19B,0,0.00%,$0.19B,0,0.00%,$0.19B,$0.01B,3.24%,$0.19B,$0.00B,2.70%,$0.00B,$0.34B,1.56%,$0.00B,$0.33B,1.59%,$0.00B,$3.99B,0.11%,$0.01B,$0.40B,1.43%,$61,$4,$57,$0,$43,$49,$12,$0,$12,$5,$7,$7,$7,$0,$0,$56,56,$0.13,$0.13,$399,$0,$0,$2156,$21,$1392,$5,$51,$1838,$3994,$3566,$56,$33,$89,$3654,$56,$-78,$-0,$339,$3994,$31,$11,$7,$18,$21,$0,$0,$-18,$3,$52,$-0,$0,$0,$0,$131,$131,$-110,$21,$0,$-0,$-0,$0,$0,$0,$-673,$-673,$-600,$2,$0
5,2017-06-30,7.58,$5.93,1.28,$3.31,2.29,$-11.18,0.0,$-0.58,0.0,$2.46B,$3.88B,0.64,$0.06B,$0.33B,0.17,$0.17B,$0.16B,91.23%,$0.17B,$-0.01B,-4.09%,$0.17B,0,0.00%,$0.17B,0,0.00%,$0.17B,$-0.01B,-4.09%,$0.17B,$-0.03B,-16.37%,$-0.03B,$0.33B,-8.76%,$-0.03B,$0.33B,-8.92%,$-0.03B,$4.30B,-0.63%,$-0.01B,$0.39B,-1.71%,$49,$4,$45,$0,$36,$41,$8,$0,$8,$-10,$18,$18,$19,$0,$0,$56,56,$0.34,$0.34,$547,$0,$0,$2464,$22,$1370,$6,$54,$1840,$4304,$3876,$56,$41,$97,$3973,$56,$-85,$-0,$331,$4304,$24,$7,$8,$15,$-117,$0,$0,$-39,$-156,$-117,$-0,$0,$0,$0,$156,$156,$-129,$27,$0,$-0,$-0,$0,$0,$0,$-362,$-362,$-452,$2,$0
6,2017-03-31,5.1,$5.57,0.92,$3.32,1.54,$-8.54,0.0,$-1.75,0.0,$2.49B,$4.04B,0.62,$0.01B,$0.31B,0.04,$0.16B,$0.14B,90.97%,$0.16B,$-0.04B,-27.74%,$0.16B,0,0.00%,$0.16B,0,0.00%,$0.16B,$-0.04B,-27.74%,$0.16B,$-0.08B,-50.32%,$-0.08B,$0.31B,-25.20%,$-0.08B,$0.30B,-25.72%,$-0.08B,$4.41B,-1.74%,$-0.04B,$0.32B,-11.07%,$53,$4,$49,$0,$37,$42,$10,$0,$10,$4,$6,$6,$8,$0,$0,$56,56,$0.14,$0.14,$739,$0,$0,$2487,$23,$1438,$6,$55,$1918,$4405,$4036,$13,$45,$59,$4095,$56,$-104,$-2,$310,$4405,$6,$4,$8,$11,$-81,$0,$0,$-3,$-84,$-66,$-0,$0,$0,$0,$36,$36,$-27,$9,$0,$-0,$-0,$0,$0,$0,$-203,$-203,$-260,$1,$0
7,2016-12-31,7.86,$5.40,1.45,$3.49,2.25,$-2.05,0.0,$-2.18,0.0,$2.89B,$4.24B,0.68,$0.28B,$0.30B,0.93,$0.14B,$0.13B,90.97%,$0.14B,$-0.07B,-47.92%,$0.14B,0,0.00%,$0.14B,0,0.00%,$0.14B,$-0.07B,-47.92%,$0.14B,$-0.10B,-67.36%,$-0.10B,$0.30B,-31.19%,$-0.10B,$0.29B,-31.80%,$-0.10B,$4.86B,-2.17%,$-0.07B,$0.58B,-17.69%,$22,$3,$19,$0,$42,$47,$-24,$0,$-24,$3,$-27,$-27,$-29,$0,$0,$45,45,$-0.51,$-0.51,$999,$0,$0,$2889,$24,$1471,$7,$51,$1969,$4858,$4239,$277,$44,$321,$4559,$55,$-112,$-4,$299,$4858,$-57,$15,$-19,$-4,$-174,$0,$0,$17,$-157,$-218,$-7,$0,$0,$0,$-173,$-173,$82,$-99,$0,$-1,$-1,$0,$0,$0,$161,$161,$-156,$3,$0
8,2016-09-30,6.42,$6.13,1.05,$5.42,1.18,$-3.38,0.0,$-1.14,0.0,$2.12B,$3.84B,0.55,$0.01B,$0.34B,0.04,$0.22B,$0.20B,93.49%,$0.22B,$-0.02B,-6.98%,$0.22B,0,0.00%,$0.22B,0,0.00%,$0.22B,$-0.02B,-6.98%,$0.22B,$-0.05B,-22.79%,$-0.05B,$0.34B,-15.49%,$-0.05B,$0.33B,-15.77%,$-0.05B,$4.22B,-1.10%,$-0.02B,$0.35B,-4.55%,$47,$3,$43,$0,$43,$48,$-1,$0,$-1,$0,$-2,$-2,$-26,$0,$0,$47,47,$-0.54,$-0.54,$356,$0,$0,$2122,$22,$1597,$6,$56,$2096,$4218,$3837,$13,$28,$41,$3878,$55,$-83,$8,$339,$4218,$-30,$11,$-28,$-17,$-74,$0,$0,$-9,$-83,$-130,$-4,$0,$0,$0,$-245,$-245,$83,$-165,$0,$69,$69,$75,$75,$0,$-648,$-504,$-799,$2,$0
9,2016-06-30,6.02,$7.67,0.78,$5.45,1.1,$-4.40,0.0,$-0.75,0.0,$2.20B,$4.06B,0.54,$0.01B,$0.29B,0.05,$0.21B,$0.19B,93.69%,$0.21B,$-0.03B,-13.11%,$0.21B,0,0.00%,$0.21B,0,0.00%,$0.21B,$-0.03B,-13.11%,$0.21B,$-0.03B,-14.08%,$-0.03B,$0.29B,-9.35%,$-0.03B,$0.28B,-9.52%,$-0.03B,$4.40B,-0.64%,$-0.03B,$0.30B,-8.35%,$33,$3,$30,$0,$57,$61,$-28,$0,$-28,$-10,$-18,$-18,$-31,$0,$0,$38,38,$-0.83,$-0.83,$571,$0,$0,$2200,$22,$1597,$6,$60,$2202,$4402,$4061,$13,$37,$50,$4111,$38,$-58,$9,$290,$4402,$-28,$7,$0,$7,$48,$0,$0,$-2,$45,$24,$-3,$0,$0,$0,$-243,$-243,$-6,$-253,$0,$-1,$-1,$0,$0,$0,$-354,$-355,$-584,$1,$0
10,2016-03-31,5.72,$8.34,0.69,$5.75,0.99,$-7.04,0.0,$0.08,71.5,$2.21B,$4.00B,0.55,$0.01B,$0.32B,0.04,$0.22B,$0.21B,94.04%,$0.22B,$-0.00B,-1.83%,$0.22B,0,0.00%,$0.22B,0,0.00%,$0.22B,$-0.00B,-1.83%,$0.22B,$0.00B,0.92%,$0.00B,$0.32B,0.63%,$0.00B,$0.31B,0.64%,$0.00B,$4.38B,0.04%,$-0.00B,$0.33B,-1.21%,$42,$3,$39,$0,$54,$58,$-16,$0,$-16,$-5,$-11,$-11,$-11,$0,$0,$38,38,$-0.29,$-0.29,$778,$0,$0,$2210,$22,$1524,$5,$51,$2170,$4380,$4000,$13,$51,$65,$4064,$38,$-26,$4,$316,$4380,$-11,$4,$1,$4,$177,$0,$0,$31,$208,$202,$-1,$0,$0,$0,$-172,$-172,$9,$-164,$0,$-0,$-0,$0,$0,$0,$-416,$-416,$-379,$1,$0
11,2015-12-31,6.37,$8.47,0.75,$5.70,1.12,$-13.34,0.0,$0.37,17.22,$2.73B,$4.42B,0.62,$0.01B,$0.32B,0.04,$0.22B,$0.20B,93.98%,$0.22B,$0.01B,3.70%,$0.22B,0,0.00%,$0.22B,0,0.00%,$0.22B,$0.01B,3.70%,$0.22B,$0.01B,6.02%,$0.01B,$0.32B,4.09%,$0.01B,$0.32B,4.16%,$0.01B,$4.77B,0.27%,$0.01B,$0.33B,2.42%,$93,$4,$89,$0,$58,$63,$30,$0,$30,$12,$17,$17,$19,$0,$0,$38,38,$0.49,$0.49,$1155,$0,$0,$2728,$22,$1343,$5,$48,$2038,$4766,$4416,$13,$17,$30,$4446,$38,$-15,$-2,$320,$4766,$5,$19,$6,$24,$-271,$0,$0,$6,$-265,$-235,$-9,$0,$0,$0,$416,$416,$94,$501,$0,$-18,$-18,$0,$0,$0,$-207,$-226,$41,$2,$0
12,2015-09-30,7.62,$8.31,0.92,$4.21,1.81,$-8.42,0.0,$-0.21,0.0,$2.39B,$4.38B,0.55,$0.01B,$0.31B,0.04,$0.16B,$0.15B,92.45%,$0.16B,$-0.03B,-15.72%,$0.16B,0,0.00%,$0.16B,0,0.00%,$0.16B,$-0.03B,-15.72%,$0.16B,$0.01B,8.81%,$0.01B,$0.31B,4.41%,$0.01B,$0.31B,4.49%,$0.01B,$4.71B,0.29%,$-0.03B,$0.33B,-7.56%,$38,$3,$35,$0,$47,$52,$-13,$0,$-13,$-6,$-8,$-8,$-6,$0,$0,$38,38,$-0.15,$-0.15,$1037,$0,$0,$2394,$19,$1598,$5,$665,$2321,$4714,$4380,$13,$7,$21,$4401,$38,$-33,$11,$314,$4714,$-12,$15,$8,$22,$-138,$0,$0,$-14,$-151,$-141,$-5,$0,$0,$0,$172,$172,$158,$325,$0,$-18,$-18,$0,$0,$0,$-243,$-261,$-77,$2,$0
13,2015-06-30,9.28,$8.34,1.11,$4.20,2.21,$-6.37,0.0,$-0.51,0.0,$2.25B,$4.32B,0.52,$0.01B,$0.32B,0.04,$0.16B,$0.15B,93.08%,$0.16B,$-0.01B,-6.29%,$0.16B,0,0.00%,$0.16B,0,0.00%,$0.16B,$-0.01B,-6.29%,$0.16B,$0.05B,28.30%,$0.05B,$0.32B,13.71%,$0.05B,$0.31B,13.96%,$0.05B,$4.66B,0.96%,$-0.01B,$0.33B,-2.93%,$45,$3,$42,$0,$45,$50,$-5,$0,$-5,$-3,$-2,$-2,$0,$0,$0,$38,38,$0.01,$0.01,$990,$0,$0,$2250,$19,$1652,$6,$695,$2408,$4658,$4318,$13,$10,$23,$4342,$38,$-28,$8,$316,$4658,$-4,$10,$7,$17,$-87,$0,$0,$-1,$-88,$-76,$-4,$0,$0,$0,$117,$117,$162,$275,$0,$-17,$-17,$0,$0,$0,$-306,$-323,$-124,$1,$0
14,2015-03-31,9.03,$8.53,1.06,$4.09,2.21,$-7.16,0.0,$-0.50,0.0,$2.18B,$4.50B,0.48,$0.01B,$0.32B,0.04,$0.16B,$0.14B,92.90%,$0.16B,$-0.00B,-1.29%,$0.16B,0,0.00%,$0.16B,0,0.00%,$0.16B,$-0.00B,-1.29%,$0.16B,$0.06B,35.48%,$0.06B,$0.32B,16.07%,$0.06B,$0.32B,16.36%,$0.06B,$4.85B,1.19%,$-0.00B,$0.34B,-0.56%,$40,$3,$37,$0,$40,$45,$-4,$0,$-4,$-2,$-2,$-2,$0,$0,$0,$38,38,$0.00,$0.00,$1059,$0,$0,$2177,$19,$1728,$6,$886,$2671,$4848,$4500,$13,$13,$26,$4526,$38,$-28,$15,$322,$4848,$-2,$5,$-17,$-12,$-23,$0,$0,$2,$-21,$-35,$-3,$0,$0,$0,$55,$55,$69,$122,$0,$-11,$-11,$0,$0,$0,$-130,$-141,$-55,$0,$0
15,2014-12-31,10.89,$8.44,1.29,$4.07,2.68,$-10.11,0.0,$-0.49,0.0,$2.21B,$4.64B,0.48,$0.01B,$0.32B,0.04,$0.16B,$0.14B,92.90%,$0.16B,$0.01B,4.52%,$0.16B,0,0.00%,$0.16B,0,0.00%,$0.16B,$0.01B,4.52%,$0.16B,$0.06B,36.77%,$0.06B,$0.32B,16.14%,$0.06B,$0.31B,16.43%,$0.06B,$4.99B,1.25%,$0.01B,$0.33B,1.91%,$36,$3,$33,$0,$35,$39,$-3,$0,$-3,$-14,$11,$11,$20,$0,$0,$38,38,$0.55,$0.52,$1114,$0,$0,$2214,$18,$1782,$6,$45,$2773,$4986,$4641,$13,$13,$26,$4667,$38,$-28,$12,$319,$4986,$22,$20,$62,$82,$-150,$0,$0,$-4,$-154,$-50,$-7,$0,$0,$0,$-426,$-426,$14,$-419,$0,$-2,$-2,$0,$0,$0,$349,$347,$-122,$3,$0
16,2014-09-30,8.59,$9.45,0.91,$3.33,2.58,$-9.91,0.0,$-0.24,0.0,$1.51B,$3.68B,0.41,$0.01B,$0.36B,0.04,$0.13B,$0.12B,91.34%,$0.13B,$0.01B,3.94%,$0.13B,0,0.00%,$0.13B,0,0.00%,$0.13B,$0.01B,5.51%,$0.13B,$0.01B,3.94%,$0.01B,$0.36B,1.49%,$0.01B,$0.35B,1.52%,$0.01B,$4.30B,0.11%,$0.01B,$0.37B,1.43%,$38,$3,$36,$0,$32,$36,$2,$0,$2,$-4,$6,$6,$25,$0,$0,$38,38,$0.66,$0.66,$495,$0,$0,$1505,$18,$1542,$7,$1183,$2791,$4297,$3676,$13,$251,$264,$3940,$38,$11,$11,$356,$4297,$11,$12,$65,$77,$-69,$0,$0,$-82,$-151,$-63,$-5,$0,$0,$0,$-179,$-179,$-102,$-286,$0,$0,$0,$0,$0,$0,$-391,$-391,$-741,$2,$0
17,2014-06-30,11.91,$9.88,1.21,$3.17,3.76,$-8.03,0.0,$0.34,35.03,$2.64B,$3.90B,0.68,$0.01B,$0.37B,0.04,$0.12B,$0.11B,90.91%,$0.12B,$0.01B,4.96%,$0.12B,0,0.00%,$0.12B,0,0.00%,$0.12B,$0.01B,6.61%,$0.12B,$-0.02B,-12.40%,$-0.02B,$0.37B,-4.48%,$-0.02B,$0.37B,-4.57%,$-0.02B,$4.32B,-0.34%,$0.01B,$0.39B,1.72%,$41,$3,$38,$0,$34,$38,$3,$0,$3,$1,$2,$2,$10,$0,$0,$38,38,$0.27,$0.27,$473,$0,$0,$2644,$16,$1560,$7,$63,$1671,$4315,$3899,$13,$30,$43,$3943,$38,$28,$11,$372,$4315,$5,$8,$-14,$-6,$-87,$0,$0,$-20,$-106,$-107,$-3,$0,$0,$0,$-188,$-188,$-73,$-263,$0,$-4,$-4,$0,$0,$0,$-391,$-395,$-765,$1,$0
18,2014-03-31,18.81,$9.71,1.94,$3.37,5.58,$-4.80,0.0,$0.48,39.19,$3.07B,$4.26B,0.72,$0.01B,$0.37B,0.04,$0.13B,$0.12B,91.47%,$0.13B,$0.01B,9.30%,$0.13B,0,0.00%,$0.13B,0,0.00%,$0.13B,$0.01B,10.85%,$0.13B,$-0.02B,-14.73%,$-0.02B,$0.37B,-5.80%,$-0.02B,$0.36B,-5.92%,$-0.02B,$4.70B,-0.44%,$0.01B,$0.38B,3.51%,$40,$3,$37,$0,$31,$35,$5,$0,$5,$2,$3,$3,$2,$0,$0,$38,39,$0.04,$0.04,$837,$0,$0,$3071,$16,$1512,$7,$66,$1629,$4700,$4264,$13,$56,$70,$4333,$38,$27,$6,$366,$4700,$3,$5,$-44,$-39,$-151,$0,$0,$35,$-116,$-151,$-1,$0,$0,$0,$-134,$-134,$-84,$-219,$0,$-5,$-5,$0,$0,$0,$-26,$-30,$-401,$1,$0
19,2013-12-31,17.91,$6.57,2.73,$3.51,5.1,$-0.24,0.0,$0.67,26.73,$1.95B,$4.29B,0.45,$0.01B,$0.25B,0.05,$0.13B,$0.12B,91.79%,$0.13B,$0.02B,14.18%,$0.13B,0,0.00%,$0.13B,0,0.00%,$0.13B,$0.02B,15.67%,$0.13B,$-0.01B,-10.45%,$-0.01B,$0.25B,-4.34%,$-0.01B,$0.24B,-4.43%,$-0.01B,$4.59B,-0.34%,$0.02B,$0.26B,5.65%,$8,$3,$5,$0,$8,$13,$-5,$0,$-3,$-2,$-2,$-2,$-32,$0,$0,$37,37,$-0.87,$-0.88,$1236,$0,$0,$1946,$16,$1354,$8,$1210,$2647,$4594,$4294,$13,$39,$52,$4346,$38,$-85,$1,$247,$4594,$14,$12,$-50,$-38,$-29,$0,$0,$15,$-14,$-39,$-9,$0,$0,$0,$-596,$-596,$-52,$-657,$0,$3,$3,$3,$3,$0,$960,$966,$269,$3,$0
20,2013-09-30,17.69,$9.39,1.88,$2.79,6.35,$-1.49,0.0,$0.63,28.08,$2.72B,$3.59B,0.76,$0.01B,$0.35B,0.04,$0.11B,$0.10B,89.91%,$0.11B,$-0.01B,-5.50%,$0.11B,0,0.00%,$0.11B,0,0.00%,$0.11B,$-0.00B,-2.75%,$0.11B,$-0.04B,-33.94%,$-0.04B,$0.35B,-10.72%,$-0.04B,$0.35B,-10.95%,$-0.04B,$4.00B,-0.94%,$-0.01B,$0.37B,-1.67%,$32,$3,$30,$0,$26,$29,$3,$0,$3,$1,$2,$2,$5,$0,$0,$37,38,$0.13,$0.13,$730,$0,$0,$2721,$14,$1184,$6,$49,$1279,$4000,$3591,$13,$42,$56,$3647,$38,$20,$3,$353,$4000,$18,$9,$2,$11,$10,$0,$-0,$-30,$-19,$9,$-7,$0,$0,$0,$-423,$-423,$-108,$-538,$0,$4,$4,$3,$3,$0,$284,$290,$-238,$2,$0
21,2013-06-30,14.99,$9.21,1.63,$3.01,4.97,$-1.01,0.0,$0.61,24.57,$2.67B,$3.47B,0.77,$0.01B,$0.34B,0.04,$0.11B,$0.10B,89.38%,$0.11B,$-0.00B,-3.54%,$0.11B,0,0.00%,$0.11B,0,0.00%,$0.11B,$-0.00B,-0.88%,$0.11B,$-0.04B,-33.63%,$-0.04B,$0.34B,-11.55%,$-0.04B,$0.34B,-11.81%,$-0.04B,$3.88B,-1.03%,$-0.00B,$0.36B,-1.17%,$49,$3,$46,$0,$36,$40,$9,$0,$9,$3,$6,$6,$6,$0,$0,$37,38,$0.15,$0.15,$685,$0,$0,$2674,$14,$1121,$7,$34,$1203,$3876,$3470,$13,$49,$62,$3532,$37,$20,$1,$344,$3876,$13,$5,$17,$22,$-19,$0,$-0,$2,$-17,$19,$-5,$0,$0,$0,$-340,$-340,$-97,$-442,$0,$1,$1,$2,$2,$0,$137,$140,$-283,$2,$0
22,2013-03-31,13.85,$9.27,1.49,$2.77,5.0,$-0.83,0.0,$0.58,23.88,$3.11B,$3.73B,0.84,$0.01B,$0.35B,0.04,$0.10B,$0.09B,87.76%,$0.10B,$-0.01B,-7.14%,$0.10B,0,0.00%,$0.10B,0,0.00%,$0.10B,$-0.00B,-4.08%,$0.10B,$-0.04B,-40.82%,$-0.04B,$0.35B,-12.75%,$-0.04B,$0.34B,-13.07%,$-0.04B,$4.13B,-1.14%,$-0.01B,$0.36B,-2.14%,$45,$3,$42,$0,$29,$33,$12,$0,$12,$4,$7,$7,$7,$0,$0,$37,38,$0.20,$0.20,$1139,$0,$0,$3113,$11,$947,$7,$31,$1019,$4132,$3730,$13,$43,$56,$3786,$37,$15,$10,$346,$4132,$7,$2,$6,$8,$-19,$0,$-0,$27,$9,$24,$-1,$0,$0,$0,$-181,$-181,$-70,$-253,$0,$-2,$-2,$2,$2,$0,$400,$400,$171,$1,$0
23,2012-12-31,10.97,$9.06,1.21,$2.69,4.08,$-1.09,0.0,$0.50,21.94,$2.86B,$3.33B,0.86,$0.01B,$0.34B,0.04,$0.09B,$0.08B,86.52%,$0.09B,$-0.01B,-14.61%,$0.09B,0,0.00%,$0.09B,0,0.00%,$0.09B,$-0.01B,-11.24%,$0.09B,$-0.04B,-48.31%,$-0.04B,$0.34B,-14.49%,$-0.04B,$0.33B,-14.89%,$-0.04B,$3.70B,-1.22%,$-0.01B,$0.35B,-4.19%,$-17,$3,$-20,$0,$9,$13,$-30,$0,$-27,$-10,$-17,$-17,$-55,$0,$0,$33,33,$-1.65,$-1.65,$968,$0,$0,$2859,$10,$767,$9,$32,$841,$3700,$3332,$13,$18,$31,$3363,$37,$7,$10,$337,$3700,$-6,$6,$-32,$-26,$-13,$0,$0,$-34,$-47,$-79,$-5,$0,$0,$0,$-291,$-291,$-64,$-360,$0,$-15,$-15,$42,$42,$0,$631,$658,$219,$3,$0
24,2012-09-30,10.27,$8.73,1.18,$4.20,2.45,$2.58,3.98,$0.45,22.82,$2.39B,$2.80B,0.85,$0.01B,$0.29B,0.05,$0.14B,$0.13B,91.30%,$0.14B,$0.02B,15.94%,$0.14B,0,0.00%,$0.14B,0,0.00%,$0.14B,$0.02B,15.94%,$0.14B,$0.02B,10.87%,$0.02B,$0.29B,5.35%,$0.02B,$0.28B,5.50%,$0.02B,$3.11B,0.45%,$0.02B,$0.30B,7.49%,$36,$3,$33,$0,$26,$30,$5,$0,$5,$2,$4,$4,$4,$0,$0,$33,33,$0.11,$0.11,$545,$0,$0,$2387,$10,$662,$7,$28,$727,$3113,$2800,$13,$11,$24,$2824,$33,$2,$11,$289,$3113,$11,$5,$19,$24,$-10,$0,$-0,$-4,$-14,$22,$-3,$0,$0,$0,$-185,$-185,$-122,$-311,$0,$-14,$-14,$0,$0,$0,$99,$84,$-205,$2,$0
25,2012-06-30,9.43,$8.55,1.1,$4.01,2.35,$2.91,3.24,$0.41,23.0,$2.48B,$2.84B,0.87,$0.01B,$0.28B,0.05,$0.13B,$0.12B,90.84%,$0.13B,$0.02B,15.27%,$0.13B,0,0.00%,$0.13B,0,0.00%,$0.13B,$0.02B,15.27%,$0.13B,$0.01B,9.92%,$0.01B,$0.28B,4.72%,$0.01B,$0.28B,4.87%,$0.01B,$3.15B,0.38%,$0.02B,$0.30B,6.93%,$34,$3,$31,$0,$24,$28,$6,$0,$6,$2,$4,$4,$4,$0,$0,$33,33,$0.12,$0.12,$698,$0,$0,$2481,$9,$605,$8,$28,$670,$3150,$2844,$13,$10,$23,$2867,$33,$-1,$9,$283,$3150,$8,$3,$13,$16,$-1,$0,$0,$-3,$-4,$19,$-2,$0,$0,$0,$-131,$-131,$-67,$-199,$0,$-11,$-11,$0,$0,$0,$140,$129,$-51,$1,$0
26,2012-03-31,10.04,$8.43,1.19,$3.85,2.61,$2.80,3.58,$0.31,32.39,$3.53B,$3.80B,0.93,$0.01B,$0.28B,0.05,$0.13B,$0.11B,90.48%,$0.13B,$0.02B,11.90%,$0.13B,0,0.00%,$0.13B,0,0.00%,$0.13B,$0.02B,11.90%,$0.13B,$0.01B,7.94%,$0.01B,$0.28B,3.70%,$0.01B,$0.27B,3.82%,$0.01B,$4.10B,0.31%,$0.02B,$0.29B,5.29%,$36,$3,$33,$0,$26,$30,$6,$0,$6,$2,$4,$4,$4,$0,$0,$33,33,$0.12,$0.12,$1806,$0,$0,$3532,$9,$504,$8,$30,$572,$4104,$3800,$13,$13,$26,$3826,$33,$-5,$9,$278,$4104,$4,$1,$7,$8,$-1,$0,$0,$0,$-0,$12,$-1,$0,$0,$0,$-30,$-30,$-9,$-40,$0,$-7,$-7,$0,$0,$0,$1091,$1084,$1057,$1,$0
27,2011-12-31,7.23,$8.20,0.88,$3.78,1.91,$2.92,2.48,$0.29,24.93,$2.47B,$2.72B,0.91,$0.01B,$0.27B,0.05,$0.12B,$0.11B,89.92%,$0.12B,$0.01B,10.92%,$0.12B,0,0.00%,$0.12B,0,0.00%,$0.12B,$0.01B,10.92%,$0.12B,$0.01B,7.56%,$0.01B,$0.27B,3.40%,$0.01B,$0.26B,3.51%,$0.01B,$3.01B,0.31%,$0.01B,$0.29B,4.67%,$32,$3,$29,$0,$24,$27,$5,$0,$5,$1,$3,$3,$3,$0,$0,$32,32,$0.09,$0.09,$749,$0,$0,$2473,$8,$471,$8,$28,$538,$3011,$2716,$13,$10,$23,$2739,$33,$-9,$6,$271,$3011,$9,$5,$21,$26,$0,$0,$-0,$2,$3,$38,$-1,$0,$0,$0,$-206,$-206,$-148,$-356,$0,$-117,$-117,$54,$54,$0,$658,$595,$277,$2,$0
28,2011-09-30,7.16,$8.09,0.88,$3.81,1.88,$1.85,3.86,$0.27,26.52,$2.89B,$3.10B,0.93,$0.01B,$0.27B,0.05,$0.11B,$0.10B,89.47%,$0.11B,$0.01B,9.65%,$0.11B,0,0.00%,$0.11B,0,0.00%,$0.11B,$0.01B,9.65%,$0.11B,$0.01B,7.02%,$0.01B,$0.27B,3.24%,$0.01B,$0.26B,3.36%,$0.01B,$3.39B,0.29%,$0.01B,$0.28B,4.23%,$29,$3,$26,$0,$22,$26,$3,$0,$3,$1,$2,$2,$2,$0,$0,$33,33,$0.07,$0.07,$1191,$0,$0,$2888,$8,$440,$8,$29,$505,$3393,$3099,$13,$12,$26,$3124,$33,$-13,$7,$269,$3393,$6,$3,$18,$21,$0,$0,$-0,$3,$3,$30,$-1,$0,$0,$0,$-174,$-174,$-114,$-290,$0,$-125,$-125,$55,$55,$0,$1049,$979,$719,$1,$0
29,2011-06-30,10.45,$7.90,1.32,$3.89,2.69,$0.98,10.65,$0.22,47.5,$2.03B,$2.18B,0.93,$0.01B,$0.26B,0.05,$0.11B,$0.10B,88.29%,$0.11B,$0.01B,8.11%,$0.11B,0,0.00%,$0.11B,0,0.00%,$0.11B,$0.01B,8.11%,$0.11B,$0.01B,6.31%,$0.01B,$0.26B,3.04%,$0.01B,$0.25B,3.16%,$0.01B,$2.47B,0.27%,$0.01B,$0.28B,3.70%,$29,$3,$26,$0,$24,$28,$1,$0,$1,$0,$1,$1,$1,$0,$0,$33,33,$0.02,$0.02,$369,$0,$0,$2028,$8,$371,$9,$28,$438,$2466,$2183,$13,$7,$21,$2204,$33,$-15,$3,$262,$2466,$3,$2,$12,$15,$1,$0,$0,$-4,$-3,$15,$-1,$0,$0,$0,$-111,$-111,$-70,$-182,$0,$-130,$-130,$55,$55,$0,$139,$63,$-103,$1,$0
30,2011-03-31,9.23,$7.76,1.19,$3.84,2.4,$0.34,27.37,$0.21,43.95,$2.47B,$2.55B,0.97,$0.01B,$0.26B,0.05,$0.11B,$0.09B,87.85%,$0.11B,$0.01B,8.41%,$0.11B,0,0.00%,$0.11B,0,0.00%,$0.11B,$0.01B,8.41%,$0.11B,$0.01B,5.61%,$0.01B,$0.26B,2.78%,$0.01B,$0.25B,2.91%,$0.01B,$2.84B,0.24%,$0.01B,$0.27B,3.93%,$29,$3,$26,$0,$21,$25,$4,$0,$4,$1,$3,$3,$3,$0,$0,$28,28,$0.10,$0.10,$854,$0,$0,$2473,$9,$295,$9,$27,$363,$2837,$2551,$13,$15,$28,$2579,$33,$-16,$-1,$258,$2837,$3,$1,$5,$6,$0,$0,$0,$4,$4,$13,$-0,$0,$0,$0,$-41,$-41,$-21,$-63,$0,$-131,$-131,$55,$55,$0,$507,$431,$382,$0,$0
31,2010-12-31,10.17,$7.63,1.33,$3.79,2.68,$-0.65,0.0,$-0.04,0.0,$2.08B,$2.18B,0.96,$0.01B,$0.20B,0.07,$0.10B,$0.09B,87.38%,$0.10B,$0.01B,7.77%,$0.10B,0,0.00%,$0.10B,0,0.00%,$0.10B,$0.01B,7.77%,$0.10B,$-0.00B,-0.97%,$-0.00B,$0.20B,-0.50%,$-0.00B,$0.19B,-0.52%,$-0.00B,$2.40B,-0.04%,$0.01B,$0.21B,3.73%,$27,$3,$24,$0,$19,$24,$3,$0,$3,$1,$2,$2,$2,$0,$0,$26,26,$0.07,$0.07,$472,$0,$0,$2076,$9,$253,$9,$25,$319,$2396,$2175,$13,$9,$22,$2197,$26,$-18,$-2,$199,$2396,$5,$5,$16,$21,$-1,$0,$-0,$-19,$-21,$6,$-4,$0,$0,$0,$-140,$-140,$-111,$-255,$0,$48,$48,$-5,$-50,$-0,$370,$367,$118,$1,$0
32,2010-09-30,6.69,$7.69,0.87,$3.89,1.72,$1.59,4.22,$-0.16,0.0,$2.33B,$2.43B,0.96,$0.01B,$0.20B,0.07,$0.10B,$0.08B,85.71%,$0.10B,$0.01B,5.10%,$0.10B,0,0.00%,$0.10B,0,0.00%,$0.10B,$0.01B,5.10%,$0.10B,$-0.00B,-4.08%,$-0.00B,$0.20B,-1.88%,$-0.00B,$0.19B,-1.97%,$-0.00B,$2.66B,-0.18%,$0.01B,$0.22B,2.21%,$26,$4,$22,$0,$20,$25,$1,$0,$1,$0,$1,$1,$1,$0,$0,$26,27,$0.02,$0.02,$750,$0,$0,$2327,$9,$271,$9,$25,$333,$2660,$2432,$13,$13,$26,$2458,$26,$-20,$3,$201,$2660,$3,$3,$16,$19,$-1,$0,$-0,$-18,$-19,$3,$-3,$0,$0,$0,$-150,$-150,$-79,$-232,$0,$-93,$-93,$-5,$-50,$-0,$768,$624,$395,$0,$0
33,2010-06-30,7.83,$7.78,1.01,$4.06,1.93,$2.80,2.8,$-0.14,0.0,$1.83B,$1.89B,0.97,$0.01B,$0.20B,0.07,$0.10B,$0.08B,85.26%,$0.10B,$0.01B,7.37%,$0.10B,0,0.00%,$0.10B,0,0.00%,$0.10B,$0.01B,7.37%,$0.10B,$-0.00B,-4.21%,$-0.00B,$0.20B,-1.78%,$-0.00B,$0.19B,-1.87%,$-0.00B,$2.12B,-0.19%,$0.01B,$0.22B,2.94%,$25,$4,$22,$0,$20,$25,$1,$0,$1,$0,$0,$0,$0,$0,$0,$31,31,$0.02,$0.02,$264,$0,$0,$1826,$8,$230,$10,$30,$298,$2124,$1889,$13,$17,$31,$1920,$26,$-21,$1,$204,$2124,$3,$2,$9,$11,$-1,$0,$-0,$-17,$-18,$-5,$-2,$0,$0,$0,$-111,$-111,$-60,$-172,$0,$-95,$-95,$0,$-45,$-0,$227,$86,$-91,$0,$0
34,2010-03-31,8.9,$7.72,1.15,$4.77,1.86,$4.05,2.2,$-0.14,0.0,$1.85B,$1.87B,0.99,$0.01B,$0.20B,0.07,$0.09B,$0.08B,84.04%,$0.09B,$0.01B,8.51%,$0.09B,0,0.00%,$0.09B,0,0.00%,$0.09B,$0.01B,8.51%,$0.09B,$-0.00B,-4.26%,$-0.00B,$0.20B,-1.83%,$-0.00B,$0.19B,-1.92%,$-0.00B,$2.09B,-0.20%,$0.01B,$0.22B,3.44%,$25,$4,$22,$0,$17,$22,$3,$0,$3,$1,$2,$2,$-4,$0,$0,$26,26,$-0.15,$-0.15,$338,$0,$0,$1853,$8,$178,$10,$23,$239,$2093,$1871,$13,$6,$20,$1890,$26,$-21,$0,$202,$2093,$2,$1,$5,$6,$0,$0,$-0,$-21,$-21,$-13,$-1,$0,$0,$0,$-63,$-63,$-7,$-71,$0,$-94,$-94,$0,$-45,$-0,$208,$68,$-16,$0,$0
35,2009-12-31,6.86,$9.37,0.73,$5.36,1.28,$5.20,1.32,$0.04,171.5,$1.87B,$1.76B,1.06,$0.01B,$0.21B,0.07,$0.09B,$0.08B,81.52%,$0.09B,$0.01B,7.61%,$0.09B,0,0.00%,$0.09B,0,0.00%,$0.09B,$0.01B,7.61%,$0.09B,0,0.00%,$0.00B,$0.25B,0.00%,$0.00B,$0.24B,0.00%,$0.00B,$2.04B,0.00%,$0.01B,$0.26B,3.08%,$22,$4,$18,$0,$17,$22,$0,$0,$0,$0,$0,$0,$-1,$0,$0,$19,19,$-0.06,$-0.06,$354,$0,$0,$1867,$8,$115,$10,$23,$177,$2044,$1757,$13,$27,$41,$1798,$26,$-17,$-0,$245,$2044,$4,$4,$17,$21,$-0,$0,$-2,$24,$22,$47,$-2,$0,$0,$0,$-8,$-8,$-83,$-93,$0,$32,$32,$62,$62,$-2,$129,$221,$175,$0,$0
36,2009-09-30,5.72,$9.42,0.61,$5.13,1.11,$2.78,2.06,$0.02,286.0,$1.85B,$1.78B,1.04,$0.01B,$0.21B,0.07,$0.08B,$0.06B,75.90%,$0.08B,$-0.05B,-65.06%,$0.08B,0,0.00%,$0.08B,0,0.00%,$0.08B,$-0.05B,-65.06%,$0.08B,$-0.04B,-48.19%,$-0.04B,$0.25B,-20.28%,$-0.04B,$0.24B,-21.45%,$-0.04B,$2.04B,-2.18%,$-0.05B,$0.26B,-25.59%,$23,$4,$19,$0,$15,$20,$3,$0,$3,$1,$2,$2,$1,$0,$0,$20,20,$0.04,$0.04,$345,$0,$0,$1847,$8,$141,$10,$12,$194,$2041,$1776,$13,$5,$18,$1794,$26,$-16,$1,$247,$2041,$4,$3,$11,$14,$-0,$0,$-2,$11,$9,$26,$-1,$0,$0,$0,$-32,$-32,$-69,$-102,$0,$-70,$-70,$62,$62,$-2,$250,$241,$165,$0,$0
37,2009-06-30,6.0,$12.45,0.48,$5.83,1.03,$2.09,2.87,$0.00,0.0,$1.53B,$1.53B,1.0,$0.01B,$0.14B,0.09,$0.09B,$0.06B,68.97%,$0.09B,$-0.06B,-65.52%,$0.09B,0,0.00%,$0.09B,0,0.00%,$0.09B,$-0.06B,-65.52%,$0.09B,$-0.04B,-47.13%,$-0.04B,$0.18B,-22.94%,$-0.04B,$0.17B,-26.41%,$-0.04B,$1.73B,-2.32%,$-0.06B,$0.20B,-28.57%,$24,$4,$20,$0,$17,$22,$2,$0,$2,$1,$1,$1,$0,$0,$0,$15,15,$0.01,$0.01,$84,$0,$0,$1533,$8,$143,$11,$13,$198,$1732,$1534,$13,$3,$16,$1550,$15,$-17,$-1,$181,$1732,$2,$2,$7,$9,$-0,$0,$-2,$9,$6,$17,$-1,$0,$0,$0,$-36,$-36,$-12,$-50,$0,$-27,$-27,$0,$0,$-1,$-35,$-63,$-95,$0,$0
38,2009-03-31,4.24,$12.44,0.34,$5.54,0.77,$1.37,3.09,$-0.30,0.0,$1.60B,$1.57B,1.02,$0.01B,$0.14B,0.09,$0.08B,$0.05B,59.26%,$0.08B,$-0.07B,-81.48%,$0.08B,0,0.00%,$0.08B,0,0.00%,$0.08B,$-0.07B,-81.48%,$0.08B,$-0.05B,-55.56%,$-0.05B,$0.18B,-25.46%,$-0.05B,$0.17B,-32.09%,$-0.05B,$1.77B,-2.57%,$-0.07B,$0.20B,-32.63%,$23,$5,$18,$0,$15,$21,$2,$0,$2,$1,$1,$1,$0,$0,$0,$15,15,$0.03,$0.03,$138,$0,$0,$1597,$8,$110,$11,$18,$170,$1767,$1572,$13,$1,$14,$1586,$15,$-17,$-1,$181,$1767,$1,$1,$3,$4,$0,$0,$-2,$7,$5,$10,$-1,$0,$0,$0,$-3,$-3,$-23,$-27,$0,$19,$19,$0,$0,$-0,$-43,$-25,$-42,$0,$0
39,2008-12-31,3.75,$12.39,0.3,$5.94,0.63,$0.97,3.86,$-0.14,0.0,$1.62B,$1.59B,1.02,$0.01B,$0.14B,0.1,$0.09B,$0.05B,52.87%,$0.09B,$-0.06B,-72.41%,$0.09B,0,0.00%,$0.09B,0,0.00%,$0.09B,$-0.06B,-72.41%,$0.09B,$-0.04B,-48.28%,$-0.04B,$0.18B,-23.80%,$-0.04B,$0.17B,-33.01%,$-0.04B,$1.79B,-2.44%,$-0.06B,$0.19B,-30.62%,$13,$7,$6,$0,$13,$75,$-61,$0,$-61,$-20,$-41,$-41,$-41,$0,$0,$15,15,$-2.85,$-2.85,$180,$0,$0,$1619,$8,$106,$11,$24,$173,$1792,$1593,$13,$6,$19,$1612,$15,$-18,$-1,$180,$1792,$-42,$56,$13,$69,$2,$0,$-2,$-23,$-24,$3,$-4,$0,$0,$0,$-2,$-2,$-168,$-174,$0,$-23,$-23,$0,$45,$-0,$247,$269,$97,$0,$0
40,2008-09-30,5.0,$11.86,0.42,$7.16,0.7,$2.36,2.11,$0.12,41.67,$1.58B,$1.57B,1.01,$0.04B,$0.17B,0.24,$0.11B,$0.06B,54.29%,$0.11B,$0.01B,4.76%,$0.11B,0,0.00%,$0.11B,0,0.00%,$0.11B,$0.00B,2.86%,$0.11B,$0.00B,1.90%,$0.00B,$0.17B,1.14%,$0.00B,$0.11B,1.76%,$0.00B,$1.78B,0.12%,$0.01B,$0.21B,2.44%,$27,$10,$16,$0,$16,$26,$0,$0,$0,$0,$0,$0,$0,$0,$0,$15,15,$0.02,$0.02,$116,$0,$0,$1578,$7,$116,$61,$18,$203,$1781,$1565,$42,$1,$43,$1608,$15,$24,$-5,$173,$1781,$-1,$3,$17,$20,$2,$0,$-2,$-9,$-9,$10,$-2,$0,$0,$0,$-6,$-6,$-186,$-194,$0,$38,$38,$0,$0,$-0,$181,$218,$34,$0,$0
41,2008-06-30,7.62,$11.86,0.64,$7.34,1.04,$2.55,2.99,$0.37,20.59,$1.47B,$1.47B,1.0,$0.03B,$0.17B,0.19,$0.11B,$0.06B,52.34%,$0.11B,$0.01B,10.28%,$0.11B,0,0.00%,$0.11B,0,0.00%,$0.11B,$0.01B,8.41%,$0.11B,$0.01B,5.61%,$0.01B,$0.17B,3.47%,$0.01B,$0.11B,4.78%,$0.01B,$1.68B,0.38%,$0.01B,$0.21B,5.73%,$18,$11,$8,$0,$14,$25,$-7,$0,$-7,$-3,$-4,$-4,$-4,$0,$0,$15,15,$-0.29,$-0.29,$51,$0,$0,$1473,$6,$119,$62,$18,$205,$1677,$1471,$33,$0,$34,$1505,$15,$24,$-4,$173,$1677,$-1,$2,$13,$15,$1,$0,$-0,$-9,$-8,$6,$-1,$0,$0,$0,$-8,$-8,$-141,$-151,$0,$78,$78,$0,$0,$-0,$36,$114,$-31,$0,$0
42,2008-03-31,12.08,$12.37,0.98,$8.02,1.51,$2.65,4.55,$0.93,12.99,$1.44B,$1.44B,1.0,$0.03B,$0.18B,0.16,$0.12B,$0.06B,52.99%,$0.12B,$0.02B,20.51%,$0.12B,0,0.00%,$0.12B,0,0.00%,$0.12B,$0.02B,18.80%,$0.12B,$0.01B,11.97%,$0.01B,$0.18B,8.28%,$0.01B,$0.12B,10.29%,$0.01B,$1.65B,0.90%,$0.02B,$0.21B,11.05%,$29,$12,$16,$0,$11,$24,$5,$0,$5,$2,$3,$3,$3,$0,$0,$15,15,$0.19,$0.19,$81,$0,$0,$1440,$7,$128,$62,$11,$207,$1647,$1438,$28,$1,$30,$1467,$15,$28,$-1,$180,$1647,$3,$1,$1,$2,$2,$0,$0,$-3,$-1,$4,$-1,$0,$0,$0,$-4,$-4,$-76,$-81,$0,$99,$99,$0,$0,$-0,$-24,$75,$-2,$0,$0
43,2007-12-31,13.46,$12.11,1.11,$7.94,1.7,$2.78,4.84,$0.99,13.6,$1.37B,$1.38B,0.99,$0.01B,$0.18B,0.08,$0.12B,$0.06B,52.17%,$0.12B,$0.03B,21.74%,$0.12B,0,0.00%,$0.12B,0,0.00%,$0.12B,$0.02B,20.00%,$0.12B,$0.02B,13.04%,$0.02B,$0.18B,9.24%,$0.02B,$0.11B,10.43%,$0.02B,$1.57B,1.01%,$0.03B,$0.19B,12.30%,$31,$14,$17,$0,$10,$24,$7,$0,$5,$2,$3,$3,$3,$0,$0,$14,14,$0.20,$0.19,$82,$0,$0,$1368,$7,$122,$62,$5,$200,$1568,$1377,$13,$2,$15,$1392,$15,$25,$-2,$176,$1568,$14,$1,$6,$7,$-1,$0,$-2,$2,$-1,$20,$-2,$0,$-50,$0,$-8,$-8,$-225,$-285,$3,$-4,$-1,$1,$1,$-0,$209,$210,$-55,$0,$0
44,2007-09-30,18.46,$11.76,1.57,$7.55,2.44,$2.65,6.96,$1.01,18.28,$1.37B,$1.34B,1.02,$0.00B,$0.16B,0.0,$0.11B,$0.06B,51.38%,$0.11B,$0.02B,22.02%,$0.11B,0,0.00%,$0.11B,0,0.00%,$0.11B,$0.02B,22.02%,$0.11B,$0.02B,13.76%,$0.02B,$0.16B,9.65%,$0.02B,$0.16B,9.90%,$0.02B,$1.51B,1.05%,$0.02B,$0.16B,12.44%,$29,$14,$15,$0,$8,$22,$6,$0,$6,$3,$4,$4,$4,$0,$0,$14,14,$0.28,$0.27,$110,$0,$0,$1371,$4,$118,$4,$11,$137,$1508,$1343,$0,$2,$2,$1346,$14,$22,$-1,$163,$1508,$11,$2,$2,$4,$-0,$0,$-3,$-1,$-4,$11,$-1,$0,$0,$0,$-1,$-1,$-200,$-202,$0,$126,$126,$1,$1,$-0,$37,$164,$-27,$0,$0
45,2007-06-30,22.36,$11.37,1.97,$7.15,3.13,$2.66,8.42,$0.97,23.05,$1.33B,$1.16B,1.15,$0.15B,$0.16B,0.96,$0.10B,$0.05B,51.46%,$0.10B,$0.02B,22.33%,$0.10B,0,0.00%,$0.10B,0,0.00%,$0.10B,$0.02B,22.33%,$0.10B,$0.01B,13.59%,$0.01B,$0.16B,9.27%,$0.01B,$0.15B,9.52%,$0.01B,$1.47B,1.03%,$0.02B,$0.31B,11.10%,$28,$13,$14,$0,$8,$21,$6,$0,$6,$3,$4,$4,$4,$0,$0,$14,14,$0.28,$0.27,$153,$0,$0,$1333,$4,$116,$4,$12,$135,$1468,$1159,$150,$2,$152,$1311,$14,$18,$-2,$157,$1468,$8,$1,$2,$3,$0,$0,$-1,$-2,$-4,$7,$-1,$0,$0,$0,$-1,$-1,$-117,$-119,$0,$45,$45,$1,$1,$-0,$82,$128,$16,$0,$0
46,2007-03-31,26.0,$11.14,2.33,$6.64,3.92,$2.66,9.77,$0.92,28.26,$1.26B,$1.24B,1.02,$0.00B,$0.15B,0.0,$0.10B,$0.05B,53.68%,$0.10B,$0.02B,23.16%,$0.10B,0,0.00%,$0.10B,0,0.00%,$0.10B,$0.02B,23.16%,$0.10B,$0.01B,13.68%,$0.01B,$0.15B,8.84%,$0.01B,$0.15B,9.09%,$0.01B,$1.39B,1.02%,$0.02B,$0.15B,12.26%,$27,$13,$14,$0,$8,$21,$6,$0,$6,$2,$4,$4,$4,$0,$0,$14,14,$0.26,$0.25,$161,$0,$0,$1263,$4,$115,$4,$9,$132,$1394,$1239,$0,$2,$2,$1241,$14,$14,$-1,$153,$1394,$4,$1,$1,$1,$1,$0,$0,$-0,$1,$5,$-0,$0,$0,$0,$1,$1,$-38,$-37,$-100,$-4,$-104,$1,$1,$-0,$159,$56,$24,$0,$0
47,2006-12-31,29.6,$10.85,2.73,$6.02,4.92,$2.61,11.33,$0.87,34.02,$1.20B,$1.18B,1.02,$0.00B,$0.15B,0.0,$0.09B,$0.05B,56.98%,$0.09B,$0.02B,24.42%,$0.09B,0,0.00%,$0.09B,0,0.00%,$0.09B,$0.02B,24.42%,$0.09B,$0.01B,13.95%,$0.01B,$0.15B,8.38%,$0.01B,$0.15B,8.62%,$0.01B,$1.34B,1.02%,$0.02B,$0.15B,11.31%,$25,$12,$13,$0,$7,$19,$6,$0,$6,$3,$3,$3,$3,$0,$0,$14,14,$0.22,$0.21,$137,$0,$0,$1202,$4,$116,$4,$9,$133,$1335,$1184,$0,$2,$2,$1186,$14,$11,$-1,$149,$1335,$13,$2,$4,$6,$-4,$0,$6,$-2,$-0,$18,$-2,$0,$0,$0,$-12,$-12,$-383,$-397,$60,$1,$61,$1,$1,$-0,$337,$399,$20,$0,$0
