,Date,Stock Price,Book Value per Share,Price to Book Ratio,TTM Sales per Share,Price to Sales Ratio,TTM FCF per Share,Price to FCF Ratio,TTM Net EPS,PE Ratio,Current Assets,Current Liabilities,Current Ratio,Long Term Debt,Shareholder's Equity_x,Debt to Equity Ratio,TTM Revenue_x,TTM Gross Profit,Gross Margin,TTM Revenue_y,TTM Operating Income,Operating Margin,TTM Revenue_x,TTM EBIT,EBIT Margin,TTM Revenue_y,TTM EBITDA,EBITDA Margin,TTM Revenue_x,TTM Pre-Tax Income,Pre-Tax Margin,TTM Revenue_y,TTM Net Income_x,Net Margin,TTM Net Income_y,Shareholder's Equity_y,Return on Equity,TTM Net Income_x,Tangible Equity,Return on Tangible Equity,TTM Net Income_y,Total Assets,Return on Assets,TTM Net Income,LT Investments & Debt,Return on Investment,revenue,cost-goods-sold,gross-profit,research-development-expenses,selling-general-administrative-expenses,operating-expenses,operating-income,total-non-operating-income-expense,pre-tax-income,total-provision-income-taxes,income-after-taxes,income-from-continuous-operations,net-income,ebitda,ebit,basic-shares-outstanding,shares-outstanding,eps-basic-net-earnings-per-share,eps-earnings-per-share-diluted,cash-on-hand,inventory,other-current-assets,total-current-assets,net-property-plant-equipment,long-term-investments,goodwill-intangible-assets-total,other-long-term-assets,total-long-term-assets,total-assets,total-current-liabilities,long-term-debt,other-non-current-liabilities,total-long-term-liabilities,total-liabilities,common-stock-net,retained-earnings-accumulated-deficit,comprehensive-income,total-share-holder-equity,total-liabilities-share-holders-equity,net-income-loss,total-depreciation-amortization-cash-flow,other-non-cash-items,total-non-cash-items,change-in-accounts-receivable,change-in-inventories,change-in-accounts-payable,change-in-assets-liabilities,total-change-in-assets-liabilities,cash-flow-from-operating-activities,net-change-in-property-plant-equipment,net-change-in-intangible-assets,net-acquisitions-divestitures,net-change-in-short-term-investments,net-change-in-long-term-investments,net-change-in-investments-total,investing-activities-other,cash-flow-from-investing-activities,net-long-term-debt,net-current-debt,debt-issuance-retirement-net-total,net-common-equity-issued-repurchased,net-total-equity-issued-repurchased,total-common-preferred-stock-dividends-paid,financial-activities-other,cash-flow-from-financial-activities,net-cash-flow,stock-based-compensation,common-stock-dividends-paid
0,2018-09-30,29.55,$24.36,1.21,$7.99,3.7,$4.14,7.13,$1.78,16.6,$1.58B,$1.69B,0.93,$0.09B,$0.24B,0.39,$0.08B,$0.06B,85.33%,$0.08B,$0.02B,32.00%,$0.08B,0,0.00%,$0.08B,0,0.00%,$0.08B,$0.02B,32.00%,$0.08B,$0.02B,22.67%,$0.02B,$0.24B,7.25%,$0.02B,$0.24B,7.25%,$0.02B,$2.03B,0.84%,$0.02B,$0.33B,7.26%,$19,$4,$16,$0,$9,$13,$6,$0,$6,$1,$5,$5,$5,$0,$0,$9,9,$0.52,$0.51,$24,$0,$0,$1577,$5,$393,$0,$47,$449,$2026,$1694,$91,$5,$96,$1790,$0,$182,$-7,$236,$2026,$15,$1,$2,$3,$0,$0,$0,$-2,$-7,$10,$-0,$0,$0,$0,$20,$20,$-53,$-33,$-16,$0,$-16,$-8,$-8,$-7,$46,$15,$-8,$1,$-7
1,2018-06-30,30.68,$24.07,1.27,$7.86,3.9,$4.16,7.37,$1.71,17.94,$1.57B,$1.70B,0.92,$0.09B,$0.24B,0.38,$0.07B,$0.06B,86.49%,$0.07B,$0.03B,33.78%,$0.07B,0,0.00%,$0.07B,0,0.00%,$0.07B,$0.03B,33.78%,$0.07B,$0.02B,21.62%,$0.02B,$0.24B,6.82%,$0.02B,$0.24B,6.82%,$0.02B,$2.03B,0.79%,$0.03B,$0.32B,7.69%,$19,$3,$16,$0,$9,$13,$6,$0,$6,$1,$5,$5,$5,$0,$0,$9,9,$0.54,$0.53,$28,$0,$0,$1570,$5,$404,$0,$49,$462,$2032,$1702,$88,$8,$96,$1798,$0,$179,$-7,$235,$2032,$10,$0,$1,$2,$0,$0,$0,$-0,$-3,$9,$-0,$0,$0,$0,$10,$10,$-44,$-34,$-19,$0,$-19,$-6,$-6,$-4,$50,$21,$-4,$1,$-4
2,2018-03-31,29.16,$23.87,1.22,$7.71,3.78,$4.28,6.81,$1.63,17.89,$1.58B,$1.72B,0.92,$0.10B,$0.23B,0.42,$0.07B,$0.06B,87.67%,$0.07B,$0.03B,35.62%,$0.07B,0,0.00%,$0.07B,0,0.00%,$0.07B,$0.03B,35.62%,$0.07B,$0.02B,20.55%,$0.02B,$0.23B,6.39%,$0.02B,$0.23B,6.39%,$0.02B,$2.06B,0.76%,$0.03B,$0.33B,8.11%,$19,$3,$16,$0,$9,$12,$7,$0,$7,$2,$5,$5,$5,$0,$0,$9,9,$0.52,$0.51,$65,$0,$0,$1575,$6,$421,$0,$48,$480,$2056,$1720,$98,$6,$104,$1823,$0,$177,$-7,$232,$2056,$5,$0,$0,$0,$0,$0,$0,$-3,$-3,$2,$-0,$0,$0,$0,$-5,$-5,$-15,$-20,$-9,$0,$-9,$-6,$-6,$-2,$68,$51,$33,$0,$-2
3,2017-12-31,30.15,$23.69,1.27,$7.59,3.97,$4.42,6.83,$1.58,19.08,$1.53B,$1.65B,0.92,$0.11B,$0.24B,0.46,$0.07B,$0.06B,88.89%,$0.07B,$0.03B,36.11%,$0.07B,0,0.00%,$0.07B,0,0.00%,$0.07B,$0.03B,36.11%,$0.07B,$0.01B,19.44%,$0.01B,$0.24B,5.96%,$0.01B,$0.24B,5.96%,$0.01B,$2.00B,0.72%,$0.03B,$0.34B,8.29%,$18,$3,$16,$0,$10,$13,$5,$0,$5,$3,$2,$2,$2,$0,$0,$9,10,$0.23,$0.22,$32,$0,$0,$1528,$6,$417,$0,$48,$476,$2004,$1654,$107,$8,$115,$1769,$0,$173,$-6,$235,$2004,$15,$1,$5,$5,$1,$0,$0,$-1,$1,$21,$-3,$0,$0,$0,$-5,$-5,$-148,$-156,$38,$0,$38,$-0,$-0,$-11,$79,$106,$-29,$2,$-11
4,2017-09-30,30.34,$24.08,1.26,$7.54,4.03,$4.44,6.83,$1.81,16.76,$1.48B,$1.65B,0.9,$0.07B,$0.24B,0.29,$0.07B,$0.06B,87.50%,$0.07B,$0.03B,38.89%,$0.07B,0,0.00%,$0.07B,0,0.00%,$0.07B,$0.03B,38.89%,$0.07B,$0.02B,22.22%,$0.02B,$0.24B,6.84%,$0.02B,$0.24B,6.84%,$0.02B,$1.96B,0.83%,$0.03B,$0.31B,9.25%,$18,$3,$16,$0,$9,$11,$7,$0,$7,$3,$4,$4,$4,$0,$0,$9,10,$0.45,$0.44,$38,$0,$0,$1479,$6,$423,$0,$48,$484,$1962,$1651,$69,$5,$74,$1725,$0,$175,$-5,$237,$1962,$13,$0,$2,$2,$1,$0,$0,$-4,$-2,$13,$-2,$0,$0,$0,$-8,$-8,$-97,$-107,$0,$0,$0,$-0,$-0,$-6,$78,$72,$-23,$1,$-6
5,2017-06-30,29.68,$23.95,1.24,$7.53,3.94,$4.69,6.33,$1.82,16.31,$1.46B,$1.61B,0.91,$0.07B,$0.24B,0.29,$0.07B,$0.06B,87.50%,$0.07B,$0.03B,38.89%,$0.07B,0,0.00%,$0.07B,0,0.00%,$0.07B,$0.03B,38.89%,$0.07B,$0.02B,22.22%,$0.02B,$0.24B,6.91%,$0.02B,$0.24B,6.91%,$0.02B,$1.92B,0.84%,$0.03B,$0.30B,9.32%,$18,$2,$16,$0,$9,$11,$7,$0,$7,$3,$4,$4,$4,$0,$0,$9,10,$0.46,$0.45,$48,$0,$0,$1458,$5,$407,$0,$47,$466,$1924,$1611,$69,$8,$77,$1689,$0,$174,$-5,$235,$1924,$9,$0,$1,$1,$0,$0,$0,$-0,$1,$11,$-1,$0,$0,$0,$9,$9,$-68,$-60,$0,$0,$0,$0,$0,$-4,$39,$36,$-13,$1,$-4
6,2017-03-31,29.47,$23.73,1.24,$7.56,3.9,$4.77,6.18,$1.80,16.37,$1.48B,$1.63B,0.91,$0.07B,$0.23B,0.3,$0.07B,$0.06B,87.50%,$0.07B,$0.03B,38.89%,$0.07B,0,0.00%,$0.07B,0,0.00%,$0.07B,$0.03B,38.89%,$0.07B,$0.02B,22.22%,$0.02B,$0.23B,6.98%,$0.02B,$0.23B,6.98%,$0.02B,$1.94B,0.85%,$0.03B,$0.30B,9.39%,$18,$2,$16,$0,$9,$11,$7,$0,$7,$3,$4,$4,$4,$0,$0,$9,9,$0.47,$0.46,$103,$0,$0,$1477,$5,$400,$0,$46,$459,$1936,$1627,$69,$7,$76,$1703,$0,$171,$-5,$233,$1936,$4,$0,$1,$1,$-0,$0,$0,$-3,$-1,$4,$-1,$0,$0,$0,$16,$16,$-31,$-16,$0,$0,$0,$0,$0,$-2,$56,$54,$42,$0,$-2
7,2016-12-31,30.86,$23.50,1.31,$7.53,4.1,$4.42,6.99,$1.75,17.63,$1.40B,$1.57B,0.89,$0.07B,$0.23B,0.3,$0.07B,$0.06B,87.32%,$0.07B,$0.03B,38.03%,$0.07B,0,0.00%,$0.07B,0,0.00%,$0.07B,$0.03B,38.03%,$0.07B,$0.02B,22.54%,$0.02B,$0.23B,7.06%,$0.02B,$0.23B,7.06%,$0.02B,$1.88B,0.86%,$0.03B,$0.30B,9.13%,$18,$2,$15,$0,$8,$10,$7,$0,$7,$3,$4,$4,$4,$0,$0,$9,9,$0.47,$0.46,$61,$0,$0,$1404,$4,$416,$0,$46,$474,$1878,$1571,$69,$7,$76,$1648,$0,$169,$-5,$230,$1878,$16,$0,$5,$5,$-0,$0,$0,$-1,$-3,$19,$-1,$0,$0,$0,$84,$84,$-145,$-62,$0,$0,$0,$-1,$-1,$-8,$48,$39,$-5,$3,$-8
8,2016-09-30,26.6,$23.39,1.14,$7.53,3.53,$4.24,6.27,$1.69,15.74,$1.35B,$1.55B,0.87,$0.07B,$0.23B,0.3,$0.07B,$0.06B,90.00%,$0.07B,$0.03B,37.14%,$0.07B,0,0.00%,$0.07B,0,0.00%,$0.07B,$0.03B,37.14%,$0.07B,$0.02B,21.43%,$0.02B,$0.23B,6.69%,$0.02B,$0.23B,6.69%,$0.02B,$1.85B,0.81%,$0.03B,$0.30B,8.87%,$18,$2,$16,$0,$9,$11,$7,$0,$7,$3,$4,$4,$4,$0,$0,$9,9,$0.45,$0.44,$41,$0,$0,$1350,$4,$440,$0,$46,$498,$1849,$1546,$69,$5,$74,$1620,$0,$168,$-5,$228,$1849,$12,$0,$4,$4,$-1,$0,$0,$-3,$-3,$13,$-0,$0,$0,$0,$61,$61,$-112,$-51,$0,$0,$0,$-1,$-1,$-5,$19,$13,$-25,$3,$-5
9,2016-06-30,24.41,$23.36,1.04,$7.48,3.26,$4.44,5.5,$1.64,14.88,$1.33B,$1.55B,0.86,$0.07B,$0.23B,0.31,$0.07B,$0.06B,91.30%,$0.07B,$0.03B,36.23%,$0.07B,0,0.00%,$0.07B,0,0.00%,$0.07B,$0.03B,36.23%,$0.07B,$0.02B,21.74%,$0.02B,$0.23B,6.76%,$0.02B,$0.23B,6.76%,$0.02B,$1.85B,0.82%,$0.03B,$0.30B,8.64%,$18,$2,$16,$0,$9,$11,$7,$0,$7,$3,$4,$4,$4,$0,$0,$9,9,$0.44,$0.43,$64,$0,$0,$1328,$4,$464,$0,$45,$523,$1851,$1549,$69,$7,$76,$1625,$0,$166,$-5,$226,$1851,$8,$0,$2,$2,$1,$0,$0,$-0,$0,$10,$-0,$0,$0,$0,$36,$36,$-70,$-34,$0,$0,$0,$-0,$-0,$-3,$25,$21,$-2,$2,$-3
10,2016-03-31,23.86,$23.05,1.04,$7.40,3.23,$4.73,5.04,$1.62,14.73,$1.30B,$1.55B,0.84,$0.07B,$0.22B,0.31,$0.07B,$0.06B,91.18%,$0.07B,$0.02B,35.29%,$0.07B,0,0.00%,$0.07B,0,0.00%,$0.07B,$0.02B,35.29%,$0.07B,$0.02B,22.06%,$0.02B,$0.22B,6.83%,$0.02B,$0.22B,6.83%,$0.02B,$1.85B,0.83%,$0.02B,$0.29B,8.44%,$17,$2,$15,$0,$9,$11,$6,$0,$6,$3,$4,$4,$4,$0,$0,$9,9,$0.42,$0.41,$82,$0,$0,$1303,$5,$488,$0,$45,$547,$1850,$1553,$69,$5,$74,$1627,$0,$163,$-5,$223,$1850,$4,$0,$2,$2,$1,$0,$0,$-2,$-5,$0,$-0,$0,$0,$0,$13,$13,$-25,$-13,$0,$0,$0,$0,$0,$-2,$30,$28,$16,$1,$-2
11,2015-12-31,25.22,$22.74,1.11,$7.31,3.45,$5.11,4.93,$1.59,15.86,$1.26B,$1.53B,0.83,$0.07B,$0.22B,0.31,$0.07B,$0.06B,91.18%,$0.07B,$0.02B,35.29%,$0.07B,0,0.00%,$0.07B,0,0.00%,$0.07B,$0.02B,35.29%,$0.07B,$0.02B,22.06%,$0.02B,$0.22B,6.89%,$0.02B,$0.22B,6.89%,$0.02B,$1.82B,0.85%,$0.02B,$0.29B,8.82%,$17,$2,$16,$0,$9,$11,$6,$0,$6,$2,$4,$4,$3,$0,$0,$9,9,$0.37,$0.37,$66,$0,$0,$1261,$5,$501,$0,$45,$560,$1821,$1525,$69,$5,$76,$1602,$0,$161,$-5,$220,$1821,$15,$1,$2,$3,$-2,$0,$0,$-0,$-0,$17,$-1,$0,$0,$0,$79,$79,$-210,$-132,$54,$0,$54,$-9,$-9,$-7,$68,$106,$-9,$4,$-7
12,2015-09-30,23.45,$22.52,1.04,$7.17,3.27,$4.74,4.95,$1.56,15.03,$1.21B,$1.50B,0.81,$0.06B,$0.22B,0.29,$0.07B,$0.06B,91.04%,$0.07B,$0.02B,35.82%,$0.07B,0,0.00%,$0.07B,0,0.00%,$0.07B,$0.02B,35.82%,$0.07B,$0.02B,22.39%,$0.02B,$0.22B,6.92%,$0.02B,$0.22B,6.92%,$0.02B,$1.78B,0.87%,$0.02B,$0.28B,9.32%,$17,$2,$16,$0,$9,$11,$6,$0,$6,$2,$4,$4,$4,$0,$0,$9,9,$0.41,$0.40,$39,$0,$0,$1209,$5,$516,$0,$45,$574,$1784,$1497,$64,$5,$69,$1565,$0,$160,$-5,$218,$1784,$11,$1,$2,$3,$0,$0,$0,$-2,$1,$15,$-0,$0,$0,$0,$62,$62,$-185,$-124,$32,$0,$32,$-7,$-7,$-5,$53,$73,$-36,$3,$-5
13,2015-06-30,21.71,$22.47,0.97,$7.08,3.06,$3.82,5.68,$1.53,14.19,$1.15B,$1.46B,0.79,$0.06B,$0.22B,0.26,$0.07B,$0.06B,90.91%,$0.07B,$0.02B,36.36%,$0.07B,0,0.00%,$0.07B,0,0.00%,$0.07B,$0.02B,36.36%,$0.07B,$0.01B,21.21%,$0.01B,$0.22B,6.47%,$0.01B,$0.22B,6.47%,$0.01B,$1.74B,0.82%,$0.02B,$0.28B,9.80%,$17,$2,$15,$0,$9,$10,$6,$0,$6,$3,$4,$4,$4,$0,$0,$9,9,$0.42,$0.41,$36,$0,$0,$1152,$5,$533,$0,$44,$591,$1743,$1460,$57,$7,$64,$1525,$0,$158,$-5,$218,$1743,$7,$0,$0,$1,$0,$0,$0,$0,$5,$13,$-0,$0,$0,$0,$46,$46,$-134,$-88,$42,$0,$42,$-5,$-5,$-3,$2,$36,$-39,$2,$-3
14,2015-03-31,21.11,$22.13,0.95,$7.00,3.01,$3.11,6.78,$1.52,13.89,$1.09B,$1.47B,0.74,$0.03B,$0.22B,0.13,$0.07B,$0.06B,92.31%,$0.07B,$0.02B,36.92%,$0.07B,0,0.00%,$0.07B,0,0.00%,$0.07B,$0.02B,36.92%,$0.07B,$0.01B,21.54%,$0.01B,$0.22B,6.49%,$0.01B,$0.22B,6.49%,$0.01B,$1.72B,0.83%,$0.02B,$0.24B,10.27%,$17,$2,$15,$0,$9,$11,$6,$0,$6,$2,$4,$4,$4,$0,$0,$9,9,$0.39,$0.38,$46,$0,$0,$1092,$5,$567,$0,$44,$623,$1715,$1468,$27,$5,$32,$1500,$0,$155,$-5,$215,$1715,$4,$0,$1,$1,$-2,$0,$0,$-2,$-1,$4,$-0,$0,$0,$0,$22,$22,$-70,$-49,$12,$0,$12,$-5,$-5,$-1,$10,$16,$-29,$1,$-1
15,2014-12-31,19.01,$21.81,0.87,$6.94,2.74,$2.67,7.11,$1.51,12.59,$1.05B,$1.46B,0.72,$0.02B,$0.22B,0.07,$0.06B,$0.06B,93.75%,$0.06B,$0.02B,37.50%,$0.06B,0,0.00%,$0.06B,0,0.00%,$0.06B,$0.02B,37.50%,$0.06B,$0.01B,20.31%,$0.01B,$0.22B,6.05%,$0.01B,$0.22B,6.05%,$0.01B,$1.69B,0.78%,$0.02B,$0.23B,10.45%,$16,$2,$15,$0,$9,$10,$6,$0,$6,$2,$3,$3,$3,$0,$0,$9,9,$0.36,$0.37,$75,$0,$0,$1049,$6,$587,$0,$43,$643,$1692,$1456,$15,$5,$20,$1476,$0,$153,$-5,$216,$1692,$14,$1,$2,$3,$1,$0,$0,$-1,$-3,$14,$-1,$0,$0,$0,$39,$39,$-111,$-73,$0,$0,$0,$-6,$-6,$-7,$71,$59,$-0,$4,$-7
16,2014-09-30,17.68,$21.78,0.81,$6.83,2.59,$2.81,6.3,$1.51,11.71,$1.00B,$1.42B,0.7,$0.02B,$0.22B,0.07,$0.06B,$0.06B,93.75%,$0.06B,$0.02B,37.50%,$0.06B,0,0.00%,$0.06B,0,0.00%,$0.06B,$0.02B,37.50%,$0.06B,$0.01B,21.88%,$0.01B,$0.22B,6.55%,$0.01B,$0.22B,6.55%,$0.01B,$1.66B,0.85%,$0.02B,$0.23B,10.49%,$16,$2,$15,$0,$9,$11,$6,$0,$6,$2,$3,$3,$3,$0,$0,$9,9,$0.38,$0.37,$65,$0,$0,$997,$6,$603,$0,$43,$659,$1656,$1421,$15,$4,$19,$1439,$0,$152,$-4,$217,$1656,$11,$1,$1,$1,$-1,$0,$0,$-3,$-5,$7,$-1,$0,$0,$0,$22,$22,$-68,$-47,$0,$0,$0,$-5,$-5,$-4,$39,$29,$-11,$3,$-4
17,2014-06-30,18.06,$21.72,0.83,$6.75,2.68,$3.54,5.1,$1.53,11.81,$0.97B,$1.41B,0.69,$0.02B,$0.22B,0.07,$0.06B,$0.06B,93.75%,$0.06B,$0.02B,37.50%,$0.06B,0,0.00%,$0.06B,0,0.00%,$0.06B,$0.02B,37.50%,$0.06B,$0.02B,23.44%,$0.02B,$0.22B,7.05%,$0.02B,$0.22B,7.05%,$0.02B,$1.65B,0.93%,$0.02B,$0.23B,10.54%,$16,$2,$15,$0,$9,$10,$6,$0,$6,$2,$4,$4,$4,$0,$0,$9,9,$0.41,$0.40,$59,$0,$0,$968,$6,$625,$0,$43,$680,$1648,$1412,$15,$6,$21,$1433,$0,$150,$-4,$215,$1648,$7,$0,$-0,$0,$1,$0,$0,$-1,$-1,$7,$-1,$0,$0,$0,$1,$1,$-46,$-46,$0,$0,$0,$-4,$-4,$-3,$29,$22,$-17,$2,$-3
18,2014-03-31,18.55,$21.40,0.87,$6.62,2.8,$3.64,5.09,$1.49,12.45,$0.95B,$1.41B,0.67,$0.02B,$0.21B,0.07,$0.06B,$0.06B,92.19%,$0.06B,$0.02B,37.50%,$0.06B,0,0.00%,$0.06B,0,0.00%,$0.06B,$0.02B,37.50%,$0.06B,$0.02B,23.44%,$0.02B,$0.21B,7.03%,$0.02B,$0.21B,7.03%,$0.02B,$1.64B,0.94%,$0.02B,$0.23B,10.50%,$16,$2,$15,$0,$9,$10,$6,$0,$6,$2,$3,$3,$3,$0,$0,$9,9,$0.38,$0.37,$72,$0,$0,$950,$6,$635,$0,$43,$690,$1640,$1410,$15,$3,$18,$1429,$0,$148,$-4,$211,$1640,$3,$0,$-0,$0,$1,$0,$0,$-2,$-4,$-0,$-0,$0,$0,$0,$-10,$-10,$-16,$-26,$0,$0,$0,$-4,$-4,$-1,$29,$23,$-3,$1,$-1
19,2013-12-31,19.8,$21.11,0.94,$6.52,3.04,$3.65,5.43,$1.48,13.38,$0.94B,$1.39B,0.68,$0.02B,$0.21B,0.07,$0.06B,$0.06B,92.19%,$0.06B,$0.02B,37.50%,$0.06B,0,0.00%,$0.06B,0,0.00%,$0.06B,$0.02B,37.50%,$0.06B,$0.02B,25.00%,$0.02B,$0.21B,7.42%,$0.02B,$0.21B,7.42%,$0.02B,$1.62B,1.01%,$0.02B,$0.23B,10.36%,$16,$1,$15,$0,$9,$10,$6,$0,$6,$2,$4,$4,$4,$0,$0,$10,10,$0.37,$0.38,$75,$0,$0,$938,$6,$625,$0,$42,$678,$1617,$1385,$15,$5,$20,$1405,$0,$146,$-4,$212,$1617,$15,$1,$-1,$-0,$0,$0,$0,$1,$3,$17,$-2,$0,$0,$0,$-57,$-57,$-88,$-147,$-5,$0,$-5,$-20,$-20,$-6,$53,$22,$-107,$4,$-6
20,2013-09-30,18.56,$20.88,0.89,$6.49,2.86,$3.75,4.94,$1.48,12.54,$0.89B,$1.33B,0.67,$0.02B,$0.21B,0.07,$0.07B,$0.06B,90.77%,$0.07B,$0.02B,36.92%,$0.07B,0,0.00%,$0.07B,0,0.00%,$0.07B,$0.02B,36.92%,$0.07B,$0.02B,24.62%,$0.02B,$0.21B,7.36%,$0.02B,$0.21B,7.36%,$0.02B,$1.56B,1.02%,$0.02B,$0.23B,10.22%,$16,$2,$15,$0,$9,$10,$6,$0,$6,$2,$4,$4,$4,$0,$0,$10,10,$0.40,$0.39,$56,$0,$0,$890,$5,$619,$0,$42,$671,$1562,$1331,$15,$3,$18,$1349,$0,$145,$-4,$213,$1562,$11,$1,$-1,$0,$2,$0,$0,$-1,$3,$14,$-1,$0,$0,$0,$-52,$-52,$-60,$-113,$-5,$0,$-5,$-17,$-17,$-4,$-2,$-28,$-127,$3,$-4
21,2013-06-30,18.99,$20.82,0.91,$6.46,2.94,$3.27,5.8,$1.45,13.09,$0.92B,$1.32B,0.69,$0.02B,$0.22B,0.07,$0.07B,$0.06B,89.39%,$0.07B,$0.02B,36.36%,$0.07B,0,0.00%,$0.07B,0,0.00%,$0.07B,$0.02B,36.36%,$0.07B,$0.02B,24.24%,$0.02B,$0.22B,7.31%,$0.02B,$0.22B,7.31%,$0.02B,$1.56B,1.02%,$0.02B,$0.23B,10.11%,$16,$2,$14,$0,$9,$10,$6,$0,$6,$2,$4,$4,$4,$0,$0,$10,10,$0.37,$0.36,$87,$0,$0,$916,$5,$595,$0,$42,$646,$1562,$1324,$15,$5,$20,$1344,$0,$142,$-4,$218,$1562,$7,$1,$-1,$-0,$-1,$0,$0,$1,$1,$8,$-0,$0,$0,$0,$-27,$-27,$-54,$-81,$-10,$0,$-10,$-8,$-8,$-3,$-2,$-23,$-96,$2,$-3
22,2013-03-31,19.86,$20.55,0.97,$6.50,3.05,$3.12,6.37,$1.46,13.6,$0.95B,$1.32B,0.72,$0.02B,$0.22B,0.09,$0.07B,$0.06B,88.06%,$0.07B,$0.02B,35.82%,$0.07B,0,0.00%,$0.07B,0,0.00%,$0.07B,$0.02B,35.82%,$0.07B,$0.02B,23.88%,$0.02B,$0.22B,7.33%,$0.02B,$0.22B,7.33%,$0.02B,$1.57B,1.02%,$0.02B,$0.24B,10.07%,$16,$2,$15,$0,$9,$10,$6,$0,$6,$2,$4,$4,$4,$0,$0,$10,10,$0.37,$0.36,$153,$0,$0,$954,$5,$568,$0,$35,$611,$1566,$1323,$20,$3,$23,$1347,$0,$140,$-4,$219,$1566,$4,$0,$-0,$0,$-1,$0,$0,$-2,$-4,$-0,$-0,$0,$0,$0,$-1,$-1,$-18,$-19,$0,$0,$0,$-3,$-3,$-1,$-6,$-10,$-30,$1,$-1
23,2012-12-31,18.99,$20.26,0.94,$6.53,2.91,$3.67,5.18,$1.44,13.18,$0.96B,$1.33B,0.73,$0.02B,$0.22B,0.09,$0.07B,$0.06B,85.29%,$0.07B,$0.02B,35.29%,$0.07B,0,0.00%,$0.07B,0,0.00%,$0.07B,$0.02B,35.29%,$0.07B,$0.02B,23.53%,$0.02B,$0.22B,7.35%,$0.02B,$0.22B,7.35%,$0.02B,$1.58B,1.02%,$0.02B,$0.24B,10.09%,$17,$2,$15,$0,$9,$11,$6,$0,$6,$2,$4,$4,$4,$0,$0,$10,10,$0.38,$0.38,$183,$0,$0,$964,$5,$567,$0,$35,$610,$1575,$1331,$20,$5,$25,$1356,$0,$137,$-4,$219,$1575,$15,$2,$3,$4,$1,$0,$0,$0,$-1,$18,$-1,$0,$0,$0,$99,$99,$-85,$13,$0,$0,$0,$-7,$-7,$-6,$33,$20,$51,$4,$-6
24,2012-09-30,18.88,$20.13,0.94,$6.51,2.9,$3.74,5.04,$1.40,13.49,$0.91B,$1.32B,0.69,$0.02B,$0.22B,0.09,$0.07B,$0.06B,85.29%,$0.07B,$0.02B,35.29%,$0.07B,0,0.00%,$0.07B,0,0.00%,$0.07B,$0.02B,35.29%,$0.07B,$0.02B,22.06%,$0.02B,$0.22B,6.93%,$0.02B,$0.22B,6.93%,$0.02B,$1.56B,0.96%,$0.02B,$0.24B,10.15%,$17,$2,$15,$0,$9,$11,$6,$0,$6,$2,$4,$4,$4,$0,$0,$10,10,$0.36,$0.36,$155,$0,$0,$911,$5,$608,$0,$36,$652,$1563,$1320,$20,$4,$24,$1343,$0,$136,$-4,$219,$1563,$11,$1,$2,$3,$-1,$0,$0,$-1,$-4,$9,$-0,$0,$0,$0,$59,$59,$-57,$1,$0,$0,$0,$-5,$-5,$-3,$21,$13,$23,$3,$-3
25,2012-06-30,18.65,$20.01,0.93,$6.44,2.9,$3.94,4.74,$1.32,14.13,$0.89B,$1.33B,0.67,$0.02B,$0.22B,0.09,$0.07B,$0.06B,83.82%,$0.07B,$0.02B,33.82%,$0.07B,0,0.00%,$0.07B,0,0.00%,$0.07B,$0.02B,33.82%,$0.07B,$0.01B,20.59%,$0.01B,$0.22B,6.50%,$0.01B,$0.22B,6.50%,$0.01B,$1.57B,0.90%,$0.02B,$0.24B,9.78%,$17,$3,$14,$0,$8,$11,$6,$0,$6,$2,$4,$4,$4,$0,$0,$10,10,$0.38,$0.37,$156,$0,$0,$889,$5,$633,$0,$35,$677,$1566,$1325,$20,$5,$25,$1350,$0,$133,$-4,$216,$1566,$7,$0,$1,$1,$1,$0,$0,$-0,$-2,$7,$-0,$0,$0,$0,$33,$33,$-37,$-5,$-18,$0,$-18,$-5,$-5,$-2,$47,$22,$24,$2,$-2
26,2012-03-31,16.95,$19.71,0.86,$6.32,2.68,$3.81,4.45,$1.25,13.56,$0.88B,$1.33B,0.66,$0.02B,$0.22B,0.09,$0.07B,$0.06B,83.82%,$0.07B,$0.02B,32.35%,$0.07B,0,0.00%,$0.07B,0,0.00%,$0.07B,$0.02B,32.35%,$0.07B,$0.01B,19.12%,$0.01B,$0.22B,5.99%,$0.01B,$0.22B,5.99%,$0.01B,$1.57B,0.85%,$0.02B,$0.24B,9.28%,$17,$3,$14,$0,$9,$11,$6,$0,$6,$2,$4,$4,$4,$0,$0,$10,10,$0.35,$0.34,$160,$0,$0,$878,$5,$650,$0,$35,$694,$1572,$1328,$20,$7,$27,$1355,$0,$131,$-4,$217,$1572,$4,$0,$1,$1,$1,$0,$0,$-0,$1,$5,$-0,$0,$0,$0,$16,$16,$-23,$-7,$-3,$0,$-3,$-0,$-0,$-1,$34,$30,$28,$1,$-1
27,2011-12-31,16.01,$19.41,0.82,$6.14,2.61,$3.53,4.54,$1.17,13.69,$0.83B,$1.30B,0.64,$0.02B,$0.21B,0.09,$0.07B,$0.06B,85.07%,$0.07B,$0.02B,31.34%,$0.07B,0,0.00%,$0.07B,0,0.00%,$0.07B,$0.02B,31.34%,$0.07B,$0.01B,17.91%,$0.01B,$0.21B,5.47%,$0.01B,$0.21B,5.47%,$0.01B,$1.54B,0.80%,$0.02B,$0.23B,8.77%,$17,$3,$15,$0,$9,$11,$6,$0,$6,$3,$3,$3,$3,$0,$0,$11,11,$0.33,$0.33,$132,$0,$0,$828,$5,$666,$0,$35,$710,$1538,$1297,$20,$6,$26,$1324,$0,$128,$-4,$214,$1538,$13,$1,$3,$4,$-0,$0,$0,$1,$3,$20,$-1,$0,$0,$0,$-109,$-109,$-46,$-156,$57,$0,$57,$-25,$-25,$-4,$46,$73,$-62,$4,$-4
28,2011-09-30,15.46,$19.26,0.8,$5.94,2.6,$2.61,5.92,$1.12,13.8,$0.80B,$1.28B,0.63,$0.02B,$0.21B,0.09,$0.07B,$0.06B,83.33%,$0.07B,$0.02B,28.79%,$0.07B,0,0.00%,$0.07B,0,0.00%,$0.07B,$0.02B,28.79%,$0.07B,$0.01B,18.18%,$0.01B,$0.21B,5.39%,$0.01B,$0.21B,5.39%,$0.01B,$1.52B,0.81%,$0.02B,$0.23B,7.91%,$17,$3,$14,$0,$9,$12,$5,$0,$5,$2,$3,$3,$3,$0,$0,$11,11,$0.28,$0.28,$132,$0,$0,$803,$6,$671,$0,$35,$713,$1516,$1279,$20,$3,$23,$1302,$0,$126,$-2,$214,$1516,$9,$1,$2,$3,$-0,$0,$0,$1,$-0,$12,$-1,$0,$0,$0,$-113,$-113,$-20,$-135,$57,$0,$57,$-23,$-23,$-3,$30,$60,$-62,$4,$-3
29,2011-06-30,16.65,$19.19,0.87,$5.82,2.86,$2.19,7.61,$1.12,14.86,$0.79B,$1.24B,0.64,$0.02B,$0.22B,0.09,$0.07B,$0.05B,83.08%,$0.07B,$0.02B,29.23%,$0.07B,0,0.00%,$0.07B,0,0.00%,$0.07B,$0.02B,29.23%,$0.07B,$0.01B,18.46%,$0.01B,$0.22B,5.32%,$0.01B,$0.22B,5.32%,$0.01B,$1.49B,0.82%,$0.02B,$0.24B,7.89%,$17,$3,$14,$0,$9,$12,$5,$0,$5,$2,$3,$3,$3,$0,$0,$11,11,$0.31,$0.30,$124,$0,$0,$792,$5,$654,$0,$35,$696,$1488,$1241,$20,$4,$24,$1266,$0,$124,$-2,$223,$1488,$6,$1,$1,$1,$-2,$0,$0,$1,$-1,$6,$-1,$0,$0,$0,$-97,$-97,$-16,$-114,$10,$0,$10,$-11,$-11,$-2,$40,$37,$-70,$2,$-2
30,2011-03-31,15.93,$18.91,0.84,$5.78,2.75,$2.26,7.04,$1.11,14.35,$0.82B,$1.24B,0.66,$0.02B,$0.23B,0.09,$0.07B,$0.05B,81.54%,$0.07B,$0.02B,29.23%,$0.07B,0,0.00%,$0.07B,0,0.00%,$0.07B,$0.02B,29.23%,$0.07B,$0.01B,18.46%,$0.01B,$0.23B,5.32%,$0.01B,$0.23B,5.32%,$0.01B,$1.49B,0.82%,$0.02B,$0.25B,7.97%,$16,$3,$14,$0,$9,$11,$5,$0,$5,$2,$3,$3,$3,$0,$0,$11,11,$0.27,$0.26,$159,$0,$0,$817,$5,$631,$0,$35,$672,$1488,$1236,$20,$5,$25,$1261,$0,$122,$-3,$227,$1488,$3,$0,$0,$0,$-1,$0,$0,$1,$-1,$3,$-0,$0,$0,$0,$-73,$-73,$-7,$-80,$10,$0,$10,$-3,$-3,$-1,$36,$42,$-36,$1,$-1
31,2010-12-31,15.87,$18.67,0.85,$5.58,2.84,$2.26,7.03,$0.98,16.19,$0.84B,$1.20B,0.7,$0.01B,$0.23B,0.04,$0.06B,$0.05B,77.78%,$0.06B,$0.02B,25.40%,$0.06B,0,0.00%,$0.06B,0,0.00%,$0.06B,$0.02B,25.40%,$0.06B,$0.01B,15.87%,$0.01B,$0.23B,4.46%,$0.01B,$0.23B,4.46%,$0.01B,$1.44B,0.70%,$0.02B,$0.24B,6.91%,$16,$3,$13,$0,$9,$12,$4,$0,$4,$1,$3,$3,$3,$0,$0,$11,11,$0.27,$0.27,$194,$0,$0,$844,$5,$558,$0,$36,$599,$1443,$1202,$10,$4,$14,$1216,$0,$119,$-3,$227,$1443,$11,$1,$3,$4,$-3,$0,$0,$-1,$-4,$11,$-2,$0,$0,$0,$48,$48,$-42,$4,$-15,$0,$-15,$-1,$-1,$-3,$62,$44,$58,$2,$-3
32,2010-09-30,13.36,$18.46,0.72,$5.67,2.36,$2.08,6.43,$0.97,13.77,$0.82B,$1.20B,0.68,$0.01B,$0.23B,0.04,$0.06B,$0.05B,76.56%,$0.06B,$0.02B,26.56%,$0.06B,0,0.00%,$0.06B,0,0.00%,$0.06B,$0.02B,26.56%,$0.06B,$0.01B,15.63%,$0.01B,$0.23B,4.50%,$0.01B,$0.23B,4.50%,$0.01B,$1.44B,0.70%,$0.02B,$0.24B,7.48%,$16,$4,$13,$0,$8,$11,$5,$0,$5,$2,$3,$3,$3,$0,$0,$11,11,$0.28,$0.28,$175,$0,$0,$818,$5,$583,$0,$35,$623,$1441,$1202,$10,$3,$14,$1216,$0,$117,$-2,$226,$1441,$8,$1,$2,$3,$-1,$0,$0,$-0,$-2,$8,$-1,$0,$0,$0,$23,$23,$-38,$-16,$10,$0,$10,$0,$0,$-2,$39,$47,$39,$1,$-2
33,2010-06-30,14.99,$18.23,0.82,$5.45,2.75,$1.99,7.51,$0.75,19.98,$0.83B,$1.21B,0.69,$0.01B,$0.22B,0.05,$0.06B,$0.05B,72.58%,$0.06B,$0.01B,20.97%,$0.06B,0,0.00%,$0.06B,0,0.00%,$0.06B,$0.01B,20.97%,$0.06B,$0.01B,12.90%,$0.01B,$0.22B,3.64%,$0.01B,$0.22B,3.64%,$0.01B,$1.45B,0.57%,$0.01B,$0.23B,5.85%,$17,$4,$13,$0,$8,$12,$5,$0,$5,$2,$3,$3,$3,$0,$0,$11,11,$0.29,$0.29,$202,$0,$0,$834,$5,$573,$0,$35,$613,$1447,$1208,$10,$4,$15,$1224,$0,$115,$-2,$223,$1447,$5,$1,$2,$2,$-0,$0,$0,$-0,$1,$7,$-1,$0,$0,$0,$34,$34,$-28,$5,$10,$0,$10,$0,$0,$-1,$44,$53,$66,$0,$-1
