,Date,Stock Price,Book Value per Share,Price to Book Ratio,TTM Sales per Share,Price to Sales Ratio,TTM FCF per Share,Price to FCF Ratio,TTM Net EPS,PE Ratio,Current Assets,Current Liabilities,Current Ratio,Long Term Debt,Shareholder's Equity_x,Debt to Equity Ratio,TTM Revenue_x,TTM Gross Profit,Gross Margin,TTM Revenue_y,TTM Operating Income,Operating Margin,TTM Revenue_x,TTM EBIT,EBIT Margin,TTM Revenue_y,TTM EBITDA,EBITDA Margin,TTM Revenue_x,TTM Pre-Tax Income,Pre-Tax Margin,TTM Revenue_y,TTM Net Income_x,Net Margin,TTM Net Income_y,Shareholder's Equity_y,Return on Equity,TTM Net Income_x,Tangible Equity,Return on Tangible Equity,TTM Net Income_y,Total Assets,Return on Assets,TTM Net Income,LT Investments & Debt,Return on Investment,revenue,cost-goods-sold,gross-profit,research-development-expenses,selling-general-administrative-expenses,operating-expenses,operating-income,total-non-operating-income-expense,pre-tax-income,total-provision-income-taxes,income-after-taxes,income-from-continuous-operations,net-income,ebitda,ebit,basic-shares-outstanding,shares-outstanding,eps-basic-net-earnings-per-share,eps-earnings-per-share-diluted,cash-on-hand,inventory,other-current-assets,total-current-assets,net-property-plant-equipment,long-term-investments,goodwill-intangible-assets-total,other-long-term-assets,total-long-term-assets,total-assets,total-current-liabilities,long-term-debt,other-non-current-liabilities,total-long-term-liabilities,total-liabilities,common-stock-net,retained-earnings-accumulated-deficit,comprehensive-income,total-share-holder-equity,total-liabilities-share-holders-equity,net-income-loss,total-depreciation-amortization-cash-flow,other-non-cash-items,total-non-cash-items,change-in-accounts-receivable,change-in-inventories,change-in-accounts-payable,change-in-assets-liabilities,total-change-in-assets-liabilities,cash-flow-from-operating-activities,net-change-in-property-plant-equipment,net-change-in-intangible-assets,net-acquisitions-divestitures,net-change-in-short-term-investments,net-change-in-long-term-investments,net-change-in-investments-total,investing-activities-other,cash-flow-from-investing-activities,net-long-term-debt,net-current-debt,debt-issuance-retirement-net-total,net-common-equity-issued-repurchased,net-total-equity-issued-repurchased,total-common-preferred-stock-dividends-paid,financial-activities-other,cash-flow-from-financial-activities,net-cash-flow,stock-based-compensation,common-stock-dividends-paid
0,2018-09-30,38.62,$26.37,1.46,$10.25,3.77,$5.83,6.63,$1.91,20.22,$4.25B,$5.10B,0.83,$0.34B,$0.80B,0.42,$0.26B,$0.25B,96.09%,$0.26B,$0.08B,31.64%,$0.26B,0,0.00%,$0.26B,0,0.00%,$0.26B,$0.08B,31.64%,$0.26B,$0.05B,18.75%,$0.05B,$0.80B,8.26%,$0.05B,$0.55B,10.29%,$0.05B,$6.32B,0.93%,$0.08B,$1.14B,10.20%,$77,$4,$73,$0,$50,$54,$23,$0,$23,$6,$16,$16,$16,$0,$0,$30,30,$0.54,$0.53,$227,$0,$0,$4246,$89,$1536,$252,$196,$2073,$6319,$5095,$340,$82,$422,$5517,$542,$288,$-27,$802,$6319,$45,$9,$3,$12,$-5,$0,$1,$8,$3,$60,$-6,$0,$31,$0,$39,$39,$-176,$-113,$0,$-4,$-4,$-1,$-1,$-13,$92,$74,$21,$1,$-13
1,2018-06-30,37.45,$22.27,1.68,$10.25,3.66,$5.68,6.59,$1.89,19.81,$3.32B,$4.08B,0.81,$0.21B,$0.51B,0.41,$0.24B,$0.23B,96.64%,$0.24B,$0.08B,32.35%,$0.24B,0,0.00%,$0.24B,0,0.00%,$0.24B,$0.08B,32.35%,$0.24B,$0.04B,18.49%,$0.04B,$0.51B,8.67%,$0.04B,$0.44B,10.04%,$0.04B,$4.86B,0.92%,$0.08B,$0.72B,11.42%,$61,$3,$58,$0,$37,$40,$21,$0,$21,$6,$15,$15,$15,$0,$0,$23,23,$0.65,$0.65,$184,$0,$0,$3319,$59,$1252,$69,$165,$1544,$4863,$4078,$210,$63,$272,$4351,$257,$277,$-21,$512,$4863,$29,$5,$-0,$5,$0,$0,$0,$-1,$-1,$33,$-4,$0,$0,$0,$-12,$-12,$-129,$-145,$0,$31,$31,$-0,$-0,$-8,$68,$91,$-21,$1,$-8
2,2018-03-31,37.06,$22.01,1.68,$10.13,3.66,$5.52,6.71,$1.82,20.36,$3.24B,$4.09B,0.79,$0.12B,$0.51B,0.24,$0.24B,$0.23B,97.02%,$0.24B,$0.08B,32.77%,$0.24B,0,0.00%,$0.24B,0,0.00%,$0.24B,$0.08B,32.77%,$0.24B,$0.04B,18.30%,$0.04B,$0.51B,8.53%,$0.04B,$0.44B,9.90%,$0.04B,$4.78B,0.92%,$0.08B,$0.63B,12.07%,$59,$2,$57,$0,$38,$40,$19,$0,$19,$5,$14,$14,$14,$0,$0,$23,23,$0.61,$0.60,$183,$0,$0,$3237,$59,$1252,$69,$163,$1543,$4780,$4085,$122,$67,$189,$4275,$256,$266,$-17,$505,$4780,$14,$3,$-0,$3,$4,$0,$0,$4,$7,$24,$-2,$0,$0,$0,$-5,$-5,$-53,$-60,$0,$-57,$-57,$0,$0,$-4,$75,$14,$-22,$0,$-4
3,2017-12-31,37.53,$22.03,1.7,$9.96,3.77,$5.47,6.86,$1.74,21.57,$3.21B,$4.01B,0.8,$0.18B,$0.51B,0.35,$0.23B,$0.23B,97.40%,$0.23B,$0.08B,33.33%,$0.23B,0,0.00%,$0.23B,0,0.00%,$0.23B,$0.08B,33.33%,$0.23B,$0.04B,17.75%,$0.04B,$0.51B,8.20%,$0.04B,$0.44B,9.55%,$0.04B,$4.76B,0.89%,$0.08B,$0.69B,12.40%,$59,$2,$58,$0,$40,$42,$18,$0,$18,$15,$3,$3,$3,$0,$0,$23,23,$0.13,$0.13,$205,$0,$0,$3209,$58,$1263,$69,$163,$1553,$4761,$4010,$179,$66,$245,$4256,$256,$255,$-5,$506,$4761,$41,$11,$13,$24,$-4,$0,$0,$-5,$-9,$55,$-12,$0,$0,$0,$-90,$-90,$-256,$-357,$0,$105,$105,$-1,$-1,$-15,$114,$202,$-100,$2,$-15
4,2017-09-30,40.22,$22.09,1.82,$9.87,4.07,$5.29,7.61,$2.15,18.71,$3.11B,$3.93B,0.79,$0.16B,$0.51B,0.31,$0.23B,$0.22B,97.38%,$0.23B,$0.08B,34.50%,$0.23B,0,0.00%,$0.23B,0,0.00%,$0.23B,$0.08B,34.50%,$0.23B,$0.05B,22.27%,$0.05B,$0.51B,10.36%,$0.05B,$0.44B,12.09%,$0.05B,$4.66B,1.12%,$0.08B,$0.66B,13.44%,$59,$2,$57,$0,$38,$40,$19,$0,$19,$7,$12,$12,$12,$0,$0,$23,23,$0.52,$0.51,$188,$0,$0,$3106,$55,$1232,$70,$194,$1550,$4656,$3928,$156,$66,$221,$4150,$255,$256,$-5,$507,$4656,$38,$9,$-2,$7,$-1,$0,$0,$2,$1,$46,$-8,$0,$0,$0,$-84,$-84,$-172,$-264,$0,$81,$81,$-1,$-1,$-11,$32,$100,$-118,$1,$-11
5,2017-06-30,34.53,$21.76,1.59,$9.71,3.55,$4.94,6.98,$2.17,15.91,$2.98B,$3.88B,0.77,$0.08B,$0.50B,0.16,$0.23B,$0.22B,97.33%,$0.23B,$0.08B,35.56%,$0.23B,0,0.00%,$0.23B,0,0.00%,$0.23B,$0.08B,35.56%,$0.23B,$0.05B,22.67%,$0.05B,$0.50B,10.49%,$0.05B,$0.43B,12.27%,$0.05B,$4.52B,1.13%,$0.08B,$0.58B,14.24%,$58,$2,$56,$0,$35,$37,$21,$0,$21,$8,$14,$14,$14,$0,$0,$23,23,$0.59,$0.58,$168,$0,$0,$2980,$52,$1249,$70,$169,$1540,$4520,$3879,$79,$62,$142,$4021,$255,$249,$-5,$499,$4520,$26,$6,$-2,$4,$0,$0,$-0,$-2,$-2,$28,$-3,$0,$0,$0,$-75,$-75,$-67,$-145,$0,$5,$5,$-1,$-1,$-7,$-17,$-20,$-138,$1,$-7
6,2017-03-31,34.74,$21.28,1.63,$9.55,3.64,$4.50,7.72,$2.00,17.37,$3.07B,$3.90B,0.79,$0.07B,$0.49B,0.15,$0.22B,$0.22B,97.29%,$0.22B,$0.07B,33.48%,$0.22B,0,0.00%,$0.22B,0,0.00%,$0.22B,$0.07B,33.48%,$0.22B,$0.05B,20.81%,$0.05B,$0.49B,9.58%,$0.05B,$0.42B,11.25%,$0.05B,$4.53B,1.03%,$0.07B,$0.56B,13.34%,$55,$1,$54,$0,$34,$36,$19,$0,$19,$7,$12,$12,$12,$0,$0,$23,23,$0.53,$0.52,$324,$0,$0,$3066,$50,$1169,$71,$173,$1462,$4528,$3900,$72,$70,$142,$4041,$253,$241,$-7,$487,$4528,$12,$3,$-1,$1,$2,$0,$-0,$4,$6,$19,$1,$0,$0,$0,$1,$1,$-1,$1,$0,$-2,$-2,$-0,$-0,$-3,$3,$-3,$18,$0,$-3
7,2016-12-31,33.28,$20.87,1.59,$9.48,3.51,$3.48,9.58,$1.95,17.07,$3.05B,$3.90B,0.78,$0.07B,$0.48B,0.16,$0.22B,$0.21B,96.80%,$0.22B,$0.07B,32.88%,$0.22B,0,0.00%,$0.22B,0,0.00%,$0.22B,$0.07B,32.88%,$0.22B,$0.05B,20.55%,$0.05B,$0.48B,9.49%,$0.05B,$0.41B,11.18%,$0.05B,$4.52B,1.02%,$0.07B,$0.55B,13.10%,$57,$1,$56,$0,$35,$37,$20,$0,$20,$8,$13,$13,$13,$0,$0,$23,23,$0.55,$0.54,$306,$0,$0,$3048,$48,$1170,$71,$181,$1470,$4518,$3896,$74,$70,$144,$4041,$253,$232,$-8,$477,$4518,$45,$13,$-1,$12,$-4,$0,$0,$-5,$-8,$48,$-9,$0,$156,$0,$-54,$-54,$-232,$-139,$0,$5,$5,$-1,$-1,$-14,$103,$93,$2,$1,$-14
8,2016-09-30,25.95,$21.11,1.23,$9.36,2.77,$3.93,6.6,$1.91,13.59,$3.01B,$3.84B,0.79,$0.08B,$0.48B,0.16,$0.22B,$0.21B,96.76%,$0.22B,$0.07B,32.87%,$0.22B,0,0.00%,$0.22B,0,0.00%,$0.22B,$0.07B,32.87%,$0.22B,$0.04B,19.91%,$0.04B,$0.48B,9.19%,$0.04B,$0.41B,10.84%,$0.04B,$4.47B,0.99%,$0.07B,$0.56B,13.10%,$55,$1,$53,$0,$33,$35,$20,$0,$20,$8,$12,$12,$12,$0,$0,$23,23,$0.53,$0.53,$315,$0,$0,$3012,$49,$1168,$71,$166,$1455,$4467,$3837,$76,$73,$148,$3985,$250,$227,$5,$482,$4467,$32,$10,$-3,$7,$-7,$0,$0,$7,$0,$39,$-9,$0,$156,$0,$-29,$-29,$-185,$-67,$7,$0,$7,$0,$0,$-10,$43,$40,$12,$1,$-10
9,2016-06-30,26.6,$20.76,1.28,$9.29,2.86,$4.44,6.0,$1.93,13.78,$2.85B,$3.74B,0.76,$0.08B,$0.47B,0.16,$0.21B,$0.21B,97.20%,$0.21B,$0.07B,33.64%,$0.21B,0,0.00%,$0.21B,0,0.00%,$0.21B,$0.07B,33.64%,$0.21B,$0.04B,20.56%,$0.04B,$0.47B,9.61%,$0.04B,$0.40B,11.35%,$0.04B,$4.35B,1.04%,$0.07B,$0.55B,13.60%,$54,$1,$52,$0,$37,$39,$15,$0,$15,$6,$9,$9,$9,$0,$0,$23,23,$0.41,$0.41,$217,$0,$0,$2849,$52,$1220,$72,$159,$1503,$4352,$3742,$76,$60,$137,$3879,$250,$218,$6,$474,$4352,$20,$6,$-2,$5,$-1,$0,$-0,$-0,$-1,$24,$-9,$0,$156,$0,$-78,$-78,$-129,$-59,$0,$7,$7,$0,$0,$-7,$-51,$-51,$-87,$1,$-7
10,2016-03-31,24.28,$20.34,1.19,$9.22,2.63,$4.86,4.99,$2.01,12.08,$2.91B,$3.79B,0.77,$0.08B,$0.46B,0.16,$0.21B,$0.21B,97.64%,$0.21B,$0.08B,35.85%,$0.21B,0,0.00%,$0.21B,0,0.00%,$0.21B,$0.08B,35.85%,$0.21B,$0.05B,21.70%,$0.05B,$0.46B,10.29%,$0.05B,$0.39B,12.19%,$0.05B,$4.40B,1.11%,$0.08B,$0.54B,14.75%,$53,$1,$51,$0,$34,$35,$17,$0,$17,$7,$11,$11,$11,$0,$0,$23,23,$0.47,$0.46,$389,$0,$0,$2907,$52,$1200,$72,$165,$1488,$4395,$3786,$75,$71,$146,$3932,$248,$214,$2,$463,$4395,$11,$3,$0,$3,$-1,$0,$-0,$-9,$-10,$4,$-7,$0,$156,$0,$-46,$-46,$-17,$86,$0,$6,$6,$0,$0,$-3,$-7,$-4,$85,$0,$-3
11,2015-12-31,26.16,$19.85,1.32,$9.00,2.91,$5.54,4.72,$1.90,13.77,$2.80B,$3.63B,0.77,$0.07B,$0.45B,0.15,$0.21B,$0.20B,98.07%,$0.21B,$0.07B,35.27%,$0.21B,0,0.00%,$0.21B,0,0.00%,$0.21B,$0.07B,35.27%,$0.21B,$0.04B,20.77%,$0.04B,$0.45B,9.82%,$0.04B,$0.38B,11.68%,$0.04B,$4.22B,1.07%,$0.07B,$0.52B,14.51%,$54,$1,$53,$0,$34,$35,$19,$0,$19,$7,$11,$11,$11,$0,$0,$23,23,$0.50,$0.51,$303,$0,$0,$2803,$44,$1148,$69,$156,$1418,$4221,$3632,$69,$68,$137,$3769,$248,$206,$-2,$452,$4221,$44,$11,$-1,$10,$-1,$0,$-0,$2,$1,$55,$-5,$0,$0,$0,$-360,$-360,$-239,$-604,$0,$3,$3,$0,$0,$-12,$251,$242,$-307,$1,$-12
12,2015-09-30,23.3,$19.48,1.2,$9.23,2.53,$4.67,4.99,$1.65,14.12,$2.66B,$3.46B,0.77,$0.06B,$0.44B,0.14,$0.20B,$0.20B,97.99%,$0.20B,$0.06B,32.16%,$0.20B,0,0.00%,$0.20B,0,0.00%,$0.20B,$0.06B,32.16%,$0.20B,$0.04B,19.10%,$0.04B,$0.44B,8.85%,$0.04B,$0.37B,10.57%,$0.04B,$4.02B,0.97%,$0.06B,$0.51B,12.96%,$53,$1,$52,$0,$31,$32,$21,$0,$21,$8,$13,$13,$13,$0,$0,$23,23,$0.56,$0.55,$209,$0,$0,$2658,$42,$1097,$70,$155,$1364,$4022,$3459,$63,$56,$120,$3578,$246,$199,$-2,$443,$4022,$32,$8,$-1,$7,$-3,$0,$-0,$8,$5,$44,$-3,$0,$0,$0,$-324,$-324,$-186,$-513,$-2,$0,$-2,$1,$1,$-9,$77,$67,$-401,$1,$-9
13,2015-06-30,22.69,$18.95,1.2,$9.23,2.46,$3.97,5.71,$1.60,14.18,$2.54B,$3.34B,0.76,$0.06B,$0.43B,0.15,$0.18B,$0.18B,97.83%,$0.18B,$0.06B,30.98%,$0.18B,0,0.00%,$0.18B,0,0.00%,$0.18B,$0.06B,30.98%,$0.18B,$0.03B,17.93%,$0.03B,$0.43B,8.57%,$0.03B,$0.36B,10.04%,$0.03B,$3.89B,0.91%,$0.06B,$0.49B,12.74%,$52,$1,$51,$0,$32,$33,$19,$0,$19,$7,$11,$11,$11,$0,$0,$23,23,$0.50,$0.49,$170,$0,$0,$2543,$42,$1078,$70,$162,$1351,$3894,$3342,$63,$57,$120,$3463,$246,$190,$-5,$431,$3894,$20,$5,$0,$5,$-2,$0,$-0,$3,$0,$26,$-1,$0,$0,$0,$-307,$-307,$-112,$-421,$0,$-3,$-3,$1,$1,$-5,$-39,$-46,$-441,$1,$-5
14,2015-03-31,22.64,$18.68,1.21,$9.20,2.46,$3.47,6.53,$1.41,16.06,$2.58B,$3.35B,0.77,$0.07B,$0.43B,0.15,$0.17B,$0.16B,97.62%,$0.17B,$0.05B,27.38%,$0.17B,0,0.00%,$0.17B,0,0.00%,$0.17B,$0.05B,27.38%,$0.17B,$0.03B,16.07%,$0.03B,$0.43B,7.88%,$0.03B,$0.36B,9.01%,$0.03B,$3.90B,0.81%,$0.05B,$0.49B,11.48%,$48,$1,$47,$0,$32,$34,$14,$0,$14,$6,$8,$8,$8,$0,$0,$23,23,$0.37,$0.36,$281,$0,$0,$2581,$43,$1045,$70,$157,$1315,$3896,$3350,$65,$55,$121,$3471,$245,$182,$-2,$425,$3896,$8,$3,$0,$3,$-3,$0,$-0,$4,$2,$13,$-1,$0,$0,$0,$-269,$-269,$-40,$-309,$0,$-0,$-0,$0,$0,$-3,$-31,$-33,$-330,$0,$-3
15,2014-12-31,23.07,$18.41,1.25,$9.28,2.49,$3.59,6.43,$1.50,15.38,$2.87B,$3.38B,0.85,$0.07B,$0.42B,0.16,$0.16B,$0.15B,97.42%,$0.16B,$0.04B,28.39%,$0.16B,0,0.00%,$0.16B,0,0.00%,$0.16B,$0.04B,28.39%,$0.16B,$0.03B,16.77%,$0.03B,$0.42B,8.65%,$0.03B,$0.35B,9.59%,$0.03B,$3.92B,0.85%,$0.04B,$0.48B,12.41%,$46,$1,$45,$0,$35,$37,$10,$0,$10,$4,$6,$6,$6,$0,$0,$18,18,$0.20,$0.21,$611,$0,$0,$2870,$43,$777,$71,$156,$1047,$3916,$3381,$66,$51,$117,$3498,$244,$176,$-2,$418,$3916,$26,$7,$-6,$1,$-2,$0,$-0,$3,$0,$27,$-5,$0,$141,$0,$-211,$-211,$-105,$-179,$3,$0,$3,$0,$0,$-8,$168,$164,$12,$1,$-8
16,2014-09-30,21.03,$16.57,1.27,$8.86,2.37,$4.34,4.85,$1.57,13.4,$2.11B,$2.44B,0.86,$0.05B,$0.27B,0.2,$0.14B,$0.14B,97.22%,$0.14B,$0.04B,29.86%,$0.14B,0,0.00%,$0.14B,0,0.00%,$0.14B,$0.04B,29.86%,$0.14B,$0.03B,17.36%,$0.03B,$0.27B,9.65%,$0.03B,$0.25B,10.29%,$0.03B,$2.80B,0.91%,$0.04B,$0.32B,13.95%,$38,$1,$37,$0,$22,$23,$14,$0,$14,$6,$8,$8,$8,$0,$0,$16,16,$0.51,$0.50,$370,$0,$0,$2107,$32,$540,$16,$99,$688,$2795,$2438,$54,$36,$89,$2528,$93,$173,$2,$267,$2795,$20,$5,$-4,$1,$-1,$0,$-0,$2,$0,$22,$-4,$0,$0,$0,$-186,$-186,$-89,$-279,$0,$6,$6,$0,$0,$-5,$27,$28,$-229,$1,$-5
17,2014-06-30,21.42,$16.17,1.32,$8.81,2.43,$4.89,4.38,$1.52,14.09,$2.05B,$2.39B,0.86,$0.05B,$0.26B,0.18,$0.14B,$0.14B,96.50%,$0.14B,$0.04B,28.67%,$0.14B,0,0.00%,$0.14B,0,0.00%,$0.14B,$0.04B,28.67%,$0.14B,$0.02B,16.78%,$0.02B,$0.26B,9.47%,$0.02B,$0.25B,10.11%,$0.02B,$2.72B,0.88%,$0.04B,$0.31B,13.52%,$36,$1,$35,$0,$27,$28,$8,$0,$8,$4,$5,$5,$5,$0,$0,$16,16,$0.30,$0.30,$344,$0,$0,$2052,$32,$526,$16,$99,$673,$2724,$2386,$47,$30,$77,$2464,$92,$166,$2,$261,$2724,$12,$3,$-1,$2,$-0,$0,$-0,$-3,$-3,$11,$-2,$0,$0,$0,$-171,$-171,$-63,$-237,$-0,$0,$-0,$0,$0,$-4,$-25,$-29,$-254,$1,$-4
18,2014-03-31,23.88,$15.94,1.5,$8.80,2.71,$5.07,4.71,$1.61,14.83,$2.16B,$2.41B,0.9,$0.05B,$0.26B,0.19,$0.14B,$0.14B,96.50%,$0.14B,$0.04B,30.77%,$0.14B,0,0.00%,$0.14B,0,0.00%,$0.14B,$0.04B,30.77%,$0.14B,$0.03B,17.48%,$0.03B,$0.26B,10.08%,$0.03B,$0.24B,10.78%,$0.03B,$2.76B,0.93%,$0.04B,$0.31B,14.77%,$35,$1,$34,$0,$22,$23,$12,$0,$12,$5,$7,$7,$7,$0,$0,$16,16,$0.46,$0.45,$502,$0,$0,$2159,$32,$451,$16,$97,$596,$2755,$2412,$48,$38,$86,$2498,$92,$163,$2,$257,$2755,$7,$2,$-2,$-1,$1,$0,$-0,$5,$6,$12,$-2,$0,$0,$0,$-97,$-97,$-9,$-108,$0,$0,$0,$0,$0,$-2,$1,$-1,$-96,$0,$-2
19,2013-12-31,26.02,$15.61,1.67,$8.87,2.93,$5.00,5.21,$1.69,15.39,$2.24B,$2.41B,0.93,$0.05B,$0.25B,0.19,$0.14B,$0.14B,96.53%,$0.14B,$0.05B,31.94%,$0.14B,0,0.00%,$0.14B,0,0.00%,$0.14B,$0.05B,31.94%,$0.14B,$0.03B,18.06%,$0.03B,$0.25B,10.71%,$0.03B,$0.24B,11.48%,$0.03B,$2.74B,0.98%,$0.05B,$0.30B,15.70%,$35,$1,$34,$0,$25,$26,$9,$0,$9,$3,$5,$5,$5,$0,$0,$16,16,$0.33,$0.32,$598,$0,$0,$2241,$32,$354,$16,$101,$503,$2744,$2411,$48,$34,$82,$2493,$89,$160,$2,$251,$2744,$27,$6,$2,$7,$9,$0,$-0,$-2,$6,$41,$-8,$0,$0,$0,$-187,$-187,$-108,$-303,$-3,$0,$-3,$-0,$-0,$-7,$121,$111,$-151,$1,$-7
20,2013-09-30,20.81,$15.27,1.36,$8.97,2.32,$5.55,3.75,$1.66,12.53,$2.17B,$2.29B,0.95,$0.06B,$0.25B,0.23,$0.15B,$0.14B,96.55%,$0.15B,$0.05B,31.03%,$0.15B,0,0.00%,$0.15B,0,0.00%,$0.15B,$0.05B,31.03%,$0.15B,$0.03B,17.93%,$0.03B,$0.25B,10.96%,$0.03B,$0.23B,11.76%,$0.03B,$2.63B,1.00%,$0.05B,$0.30B,15.61%,$37,$1,$35,$0,$23,$24,$12,$0,$12,$5,$7,$7,$7,$0,$0,$16,16,$0.46,$0.45,$541,$0,$0,$2169,$31,$318,$16,$98,$464,$2632,$2294,$56,$37,$92,$2387,$89,$156,$0,$245,$2632,$22,$4,$-1,$3,$8,$0,$-0,$1,$9,$34,$-7,$0,$0,$0,$-149,$-149,$-90,$-246,$5,$0,$5,$-0,$-0,$-5,$4,$4,$-208,$1,$-5
21,2013-06-30,19.38,$14.90,1.3,$8.99,2.15,$5.37,3.61,$1.52,12.75,$2.22B,$2.27B,0.98,$0.05B,$0.24B,0.2,$0.15B,$0.14B,96.55%,$0.15B,$0.04B,28.97%,$0.15B,0,0.00%,$0.15B,0,0.00%,$0.15B,$0.04B,28.97%,$0.15B,$0.02B,16.55%,$0.02B,$0.24B,10.31%,$0.02B,$0.22B,11.09%,$0.02B,$2.59B,0.93%,$0.04B,$0.29B,14.87%,$36,$1,$35,$0,$24,$25,$11,$0,$11,$4,$6,$6,$6,$0,$0,$16,16,$0.39,$0.39,$592,$0,$0,$2219,$31,$222,$17,$99,$369,$2588,$2268,$48,$33,$81,$2349,$88,$151,$0,$239,$2588,$15,$2,$-1,$2,$4,$0,$-0,$-3,$1,$18,$-6,$0,$0,$0,$-54,$-54,$-86,$-145,$-3,$0,$-3,$-0,$-0,$-3,$-23,$-29,$-157,$1,$-3
22,2013-03-31,15.46,$14.75,1.05,$9.17,1.69,$6.29,2.46,$1.46,10.59,$2.31B,$2.29B,1.01,$0.05B,$0.24B,0.21,$0.15B,$0.14B,95.95%,$0.15B,$0.04B,27.03%,$0.15B,0,0.00%,$0.15B,0,0.00%,$0.15B,$0.04B,27.03%,$0.15B,$0.02B,15.54%,$0.02B,$0.24B,10.05%,$0.02B,$0.22B,10.82%,$0.02B,$2.61B,0.90%,$0.04B,$0.29B,13.70%,$36,$1,$35,$0,$20,$22,$14,$0,$14,$6,$8,$8,$8,$0,$0,$16,16,$0.53,$0.53,$802,$0,$0,$2310,$29,$154,$17,$102,$303,$2612,$2287,$49,$41,$90,$2376,$86,$148,$2,$236,$2612,$8,$1,$-1,$-0,$3,$0,$-0,$1,$4,$13,$-3,$0,$0,$0,$17,$17,$33,$47,$0,$-1,$-1,$0,$0,$-1,$-4,$-7,$53,$0,$-1
23,2012-12-31,15.07,$14.33,1.05,$9.14,1.65,$6.77,2.23,$1.18,12.77,$2.29B,$2.29B,1.0,$0.05B,$0.23B,0.22,$0.15B,$0.14B,95.24%,$0.15B,$0.03B,21.77%,$0.15B,0,0.00%,$0.15B,0,0.00%,$0.15B,$0.03B,21.77%,$0.15B,$0.02B,12.93%,$0.02B,$0.23B,8.46%,$0.02B,$0.21B,9.12%,$0.02B,$2.61B,0.75%,$0.03B,$0.28B,10.56%,$36,$1,$35,$0,$27,$28,$8,$0,$8,$3,$5,$5,$5,$0,$0,$16,16,$0.30,$0.29,$749,$0,$0,$2290,$27,$173,$17,$103,$320,$2609,$2291,$50,$39,$89,$2380,$86,$142,$2,$229,$2609,$19,$6,$11,$16,$7,$0,$-1,$11,$17,$52,$-11,$0,$0,$0,$64,$64,$-24,$29,$-63,$0,$-63,$0,$0,$-6,$99,$30,$112,$1,$-6
24,2012-09-30,14.79,$14.21,1.04,$9.39,1.57,$5.96,2.48,$1.30,11.38,$2.18B,$2.20B,0.99,$0.05B,$0.23B,0.22,$0.15B,$0.14B,94.70%,$0.15B,$0.03B,22.52%,$0.15B,0,0.00%,$0.15B,0,0.00%,$0.15B,$0.03B,22.52%,$0.15B,$0.02B,13.91%,$0.02B,$0.23B,9.49%,$0.02B,$0.21B,10.24%,$0.02B,$2.52B,0.83%,$0.03B,$0.28B,10.78%,$37,$2,$35,$0,$26,$28,$9,$0,$9,$4,$5,$5,$5,$0,$0,$16,16,$0.31,$0.31,$622,$0,$0,$2177,$24,$193,$17,$105,$339,$2515,$2203,$51,$35,$86,$2288,$85,$138,$4,$227,$2515,$14,$4,$10,$14,$-6,$0,$-1,$10,$3,$31,$-7,$0,$0,$0,$46,$46,$-28,$11,$-63,$0,$-63,$0,$0,$-4,$11,$-56,$-15,$1,$-4
25,2012-06-30,13.7,$13.96,0.98,$9.56,1.43,$5.75,2.38,$1.39,9.86,$2.16B,$2.17B,1.0,$0.10B,$0.22B,0.46,$0.15B,$0.15B,94.77%,$0.15B,$0.04B,23.53%,$0.15B,0,0.00%,$0.15B,0,0.00%,$0.15B,$0.04B,23.53%,$0.15B,$0.02B,14.38%,$0.02B,$0.22B,10.13%,$0.02B,$0.21B,10.96%,$0.02B,$2.53B,0.87%,$0.04B,$0.33B,10.92%,$39,$2,$37,$0,$28,$30,$9,$0,$9,$3,$5,$5,$5,$0,$0,$16,16,$0.33,$0.33,$644,$0,$0,$2164,$23,$213,$17,$110,$362,$2526,$2167,$102,$33,$135,$2302,$85,$135,$4,$223,$2526,$9,$3,$9,$12,$4,$0,$-0,$6,$10,$31,$-5,$0,$0,$0,$26,$26,$-6,$15,$0,$-12,$-12,$0,$0,$-3,$-25,$-39,$7,$1,$-3
26,2012-03-31,15.41,$13.71,1.12,$9.21,1.67,$5.03,3.06,$1.23,12.53,$2.16B,$2.17B,1.0,$0.11B,$0.22B,0.5,$0.15B,$0.14B,93.88%,$0.15B,$0.03B,21.09%,$0.15B,0,0.00%,$0.15B,0,0.00%,$0.15B,$0.03B,21.09%,$0.15B,$0.02B,13.61%,$0.02B,$0.22B,9.40%,$0.02B,$0.20B,10.19%,$0.02B,$2.53B,0.82%,$0.03B,$0.33B,9.55%,$35,$2,$33,$0,$27,$29,$6,$0,$6,$2,$4,$4,$4,$0,$0,$16,16,$0.25,$0.25,$682,$0,$0,$2160,$20,$223,$17,$113,$373,$2533,$2171,$110,$32,$143,$2314,$84,$131,$4,$219,$2533,$4,$1,$8,$9,$4,$0,$-0,$1,$5,$18,$-1,$0,$0,$0,$17,$17,$37,$52,$0,$-3,$-3,$0,$0,$-1,$-21,$-26,$44,$0,$-1
27,2011-12-31,12.51,$13.55,0.92,$9.11,1.37,$4.61,2.71,$1.15,10.88,$2.16B,$2.19B,0.99,$0.11B,$0.22B,0.53,$0.15B,$0.14B,93.15%,$0.15B,$0.03B,19.86%,$0.15B,0,0.00%,$0.15B,0,0.00%,$0.15B,$0.03B,19.86%,$0.15B,$0.02B,13.01%,$0.02B,$0.22B,9.11%,$0.02B,$0.20B,9.88%,$0.02B,$2.56B,0.81%,$0.03B,$0.33B,9.13%,$40,$2,$38,$0,$28,$30,$10,$0,$10,$4,$7,$7,$7,$0,$0,$16,16,$0.42,$0.42,$637,$0,$0,$2160,$20,$240,$17,$119,$396,$2556,$2192,$114,$33,$147,$2339,$84,$129,$4,$216,$2556,$19,$5,$15,$20,$-7,$0,$-0,$0,$-7,$32,$-3,$0,$81,$0,$59,$59,$17,$153,$-12,$0,$-12,$-0,$-0,$-6,$99,$81,$266,$1,$-6
28,2011-09-30,10.73,$13.19,0.81,$8.83,1.22,$5.84,1.84,$0.94,11.41,$2.07B,$2.12B,0.98,$0.12B,$0.21B,0.59,$0.14B,$0.13B,91.55%,$0.14B,$0.02B,16.90%,$0.14B,0,0.00%,$0.14B,0,0.00%,$0.14B,$0.02B,16.90%,$0.14B,$0.02B,10.56%,$0.02B,$0.21B,7.33%,$0.02B,$0.19B,7.97%,$0.02B,$2.49B,0.66%,$0.02B,$0.34B,7.71%,$39,$2,$37,$0,$26,$28,$11,$0,$11,$4,$6,$6,$6,$0,$0,$16,16,$0.40,$0.40,$523,$0,$0,$2071,$20,$268,$17,$112,$417,$2488,$2122,$124,$31,$156,$2278,$84,$123,$3,$211,$2488,$12,$4,$11,$15,$-7,$0,$-0,$3,$-4,$23,$-3,$0,$81,$0,$32,$32,$-4,$106,$-1,$0,$-1,$-0,$-0,$-4,$28,$23,$152,$1,$-4
29,2011-06-30,12.68,$12.82,0.99,$8.53,1.49,$6.60,1.92,$0.54,23.48,$1.75B,$1.84B,0.95,$0.10B,$0.21B,0.49,$0.14B,$0.12B,90.51%,$0.14B,$0.01B,9.49%,$0.14B,0,0.00%,$0.14B,0,0.00%,$0.14B,$0.01B,9.49%,$0.14B,$0.01B,6.57%,$0.01B,$0.21B,4.46%,$0.01B,$0.19B,4.84%,$0.01B,$2.18B,0.41%,$0.01B,$0.31B,4.27%,$33,$3,$30,$0,$26,$28,$4,$0,$4,$2,$3,$3,$3,$0,$0,$16,16,$0.17,$0.17,$391,$0,$0,$1754,$20,$274,$16,$112,$422,$2176,$1839,$100,$32,$133,$1971,$84,$118,$3,$205,$2176,$6,$2,$13,$16,$1,$0,$-0,$-5,$-4,$17,$-2,$0,$0,$0,$14,$14,$12,$24,$0,$-3,$-3,$-0,$-0,$-3,$-15,$-21,$20,$1,$-3
30,2011-03-31,14.07,$12.72,1.11,$8.58,1.64,$6.95,2.03,$0.45,31.27,$1.76B,$1.86B,0.95,$0.10B,$0.20B,0.49,$0.14B,$0.12B,89.86%,$0.14B,$0.01B,7.97%,$0.14B,0,0.00%,$0.14B,0,0.00%,$0.14B,$0.01B,7.97%,$0.14B,$0.01B,5.07%,$0.01B,$0.20B,3.48%,$0.01B,$0.19B,3.78%,$0.01B,$2.20B,0.32%,$0.01B,$0.30B,3.61%,$34,$3,$31,$0,$27,$29,$4,$0,$4,$2,$3,$3,$3,$0,$0,$16,16,$0.18,$0.17,$406,$0,$0,$1761,$19,$289,$16,$112,$435,$2196,$1862,$99,$33,$132,$1994,$82,$119,$1,$202,$2196,$3,$1,$8,$9,$2,$0,$-0,$-3,$-1,$10,$-0,$0,$0,$0,$-3,$-3,$26,$23,$0,$-4,$-4,$0,$0,$-1,$8,$2,$35,$0,$-1
31,2010-12-31,13.85,$12.64,1.1,$8.56,1.62,$6.95,1.99,$0.38,36.44,$1.76B,$1.85B,0.95,$0.10B,$0.20B,0.52,$0.14B,$0.12B,89.78%,$0.14B,$0.01B,6.57%,$0.14B,0,0.00%,$0.14B,0,0.00%,$0.14B,$0.01B,6.57%,$0.14B,$0.01B,4.38%,$0.01B,$0.20B,2.99%,$0.01B,$0.18B,3.24%,$0.01B,$2.19B,0.27%,$0.01B,$0.30B,2.95%,$36,$3,$32,$0,$28,$31,$5,$0,$5,$2,$3,$3,$3,$0,$0,$16,16,$0.20,$0.19,$371,$0,$0,$1760,$19,$286,$16,$108,$430,$2190,$1854,$103,$32,$135,$1989,$82,$118,$1,$200,$2190,$6,$5,$34,$39,$-1,$0,$-1,$9,$6,$51,$-3,$0,$19,$0,$-63,$-63,$108,$60,$-10,$0,$-10,$-0,$-0,$-6,$-71,$-87,$24,$1,$-6
32,2010-09-30,13.1,$12.66,1.04,$8.53,1.54,$5.41,2.42,$0.32,40.94,$1.83B,$1.89B,0.97,$0.11B,$0.20B,0.54,$0.14B,$0.12B,88.97%,$0.14B,$0.01B,5.15%,$0.14B,0,0.00%,$0.14B,0,0.00%,$0.14B,$0.01B,5.15%,$0.14B,$0.01B,3.68%,$0.01B,$0.20B,2.49%,$0.01B,$0.19B,2.70%,$0.01B,$2.23B,0.23%,$0.01B,$0.31B,2.29%,$34,$3,$31,$0,$31,$35,$-0,$0,$-0,$-0,$0,$0,$0,$0,$0,$16,16,$0.00,$0.00,$398,$0,$0,$1829,$19,$259,$16,$106,$401,$2230,$1891,$108,$30,$138,$2029,$81,$116,$4,$201,$2230,$3,$4,$30,$34,$-5,$0,$-1,$5,$-2,$35,$-2,$0,$19,$0,$-33,$-33,$78,$61,$0,$-5,$-5,$-0,$-0,$-5,$-35,$-44,$52,$1,$-5
33,2010-06-30,14.34,$12.76,1.12,$8.60,1.67,$5.08,2.83,$0.46,31.18,$1.80B,$1.89B,0.95,$0.10B,$0.20B,0.5,$0.14B,$0.12B,87.68%,$0.14B,$0.01B,7.97%,$0.14B,0,0.00%,$0.14B,0,0.00%,$0.14B,$0.01B,7.97%,$0.14B,$0.01B,5.07%,$0.01B,$0.20B,3.48%,$0.01B,$0.19B,3.77%,$0.01B,$2.23B,0.32%,$0.01B,$0.30B,3.59%,$34,$4,$30,$0,$28,$32,$2,$0,$2,$1,$1,$1,$1,$0,$0,$16,16,$0.08,$0.08,$323,$0,$0,$1797,$19,$285,$16,$107,$428,$2225,$1892,$102,$28,$130,$2022,$81,$117,$4,$202,$2225,$3,$2,$18,$20,$0,$0,$-1,$0,$-1,$22,$-2,$0,$19,$0,$-58,$-58,$43,$2,$0,$-11,$-11,$-0,$-0,$-3,$-33,$-48,$-24,$0,$-3
34,2010-03-31,16.77,$12.63,1.33,$8.78,1.91,$4.93,3.4,$0.54,31.06,$1.74B,$1.84B,0.95,$0.10B,$0.20B,0.51,$0.14B,$0.12B,87.14%,$0.14B,$0.01B,9.29%,$0.14B,0,0.00%,$0.14B,0,0.00%,$0.14B,$0.01B,9.29%,$0.14B,$0.01B,6.43%,$0.01B,$0.20B,4.48%,$0.01B,$0.19B,4.86%,$0.01B,$2.17B,0.42%,$0.01B,$0.30B,4.21%,$33,$4,$30,$0,$27,$31,$2,$0,$2,$1,$2,$2,$2,$0,$0,$16,16,$0.10,$0.10,$309,$0,$0,$1735,$19,$301,$16,$98,$434,$2170,$1836,$102,$31,$133,$1969,$81,$117,$2,$200,$2170,$2,$1,$8,$9,$-0,$0,$-1,$1,$1,$11,$-1,$0,$0,$0,$-81,$-81,$36,$-47,$0,$-6,$-6,$-0,$-0,$-2,$5,$-3,$-38,$0,$-2
35,2009-12-31,13.94,$12.71,1.1,$8.91,1.56,$5.01,2.78,$0.62,22.48,$1.82B,$1.83B,0.99,$0.11B,$0.20B,0.54,$0.14B,$0.12B,85.92%,$0.14B,$0.02B,11.27%,$0.14B,0,0.00%,$0.14B,0,0.00%,$0.14B,$0.02B,11.27%,$0.14B,$0.01B,7.04%,$0.01B,$0.20B,4.98%,$0.01B,$0.19B,5.41%,$0.01B,$2.17B,0.47%,$0.02B,$0.31B,5.12%,$35,$5,$30,$0,$27,$32,$3,$0,$3,$1,$2,$2,$2,$0,$0,$16,16,$0.15,$0.14,$347,$0,$0,$1819,$19,$221,$16,$96,$351,$2171,$1832,$108,$30,$138,$1970,$80,$119,$2,$201,$2171,$10,$4,$29,$33,$-1,$0,$-3,$-13,$-17,$26,$-3,$0,$0,$0,$56,$56,$64,$118,$-0,$-35,$-35,$0,$0,$-8,$159,$116,$260,$0,$-8
36,2009-09-30,13.62,$12.79,1.07,$8.95,1.52,$5.78,2.36,$0.74,18.41,$1.74B,$1.76B,0.99,$0.11B,$0.20B,0.53,$0.14B,$0.12B,84.62%,$0.14B,$0.02B,13.99%,$0.14B,0,0.00%,$0.14B,0,0.00%,$0.14B,$0.02B,13.99%,$0.14B,$0.01B,8.39%,$0.01B,$0.20B,5.99%,$0.01B,$0.19B,6.51%,$0.01B,$2.10B,0.58%,$0.02B,$0.31B,6.24%,$36,$5,$31,$0,$27,$32,$4,$0,$4,$1,$2,$2,$2,$0,$0,$16,16,$0.14,$0.14,$235,$0,$0,$1739,$18,$240,$16,$83,$357,$2096,$1756,$107,$30,$138,$1894,$79,$119,$4,$202,$2096,$8,$3,$24,$27,$-1,$0,$-2,$-3,$-6,$28,$-1,$0,$0,$0,$39,$39,$42,$79,$-0,$-36,$-36,$0,$0,$-6,$83,$41,$148,$0,$-6
37,2009-06-30,12.77,$12.67,1.01,$9.03,1.41,$5.77,2.21,$0.99,12.9,$1.71B,$1.74B,0.98,$0.12B,$0.20B,0.58,$0.14B,$0.12B,83.33%,$0.14B,$0.03B,18.06%,$0.14B,0,0.00%,$0.14B,0,0.00%,$0.14B,$0.03B,18.06%,$0.14B,$0.02B,11.11%,$0.02B,$0.20B,8.10%,$0.02B,$0.18B,8.82%,$0.02B,$2.09B,0.78%,$0.03B,$0.32B,8.09%,$36,$5,$31,$0,$27,$32,$4,$0,$4,$1,$3,$3,$3,$0,$0,$16,16,$0.16,$0.16,$183,$0,$0,$1709,$18,$261,$16,$83,$379,$2088,$1742,$115,$30,$145,$1888,$79,$118,$2,$200,$2088,$5,$2,$16,$18,$-0,$0,$-1,$-3,$-4,$19,$-1,$0,$0,$0,$15,$15,$27,$41,$-0,$-28,$-28,$0,$0,$-4,$68,$36,$97,$0,$-4
38,2009-03-31,13.67,$12.71,1.08,$9.11,1.5,$5.51,2.48,$0.97,14.1,$1.68B,$1.73B,0.97,$0.12B,$0.20B,0.59,$0.15B,$0.12B,81.51%,$0.15B,$0.03B,17.12%,$0.15B,0,0.00%,$0.15B,0,0.00%,$0.15B,$0.03B,17.12%,$0.15B,$0.02B,10.27%,$0.02B,$0.20B,7.72%,$0.02B,$0.19B,8.43%,$0.02B,$2.08B,0.74%,$0.03B,$0.32B,7.79%,$35,$6,$30,$0,$25,$31,$5,$0,$5,$2,$3,$3,$3,$0,$0,$16,16,$0.18,$0.18,$137,$0,$0,$1679,$19,$288,$16,$76,$399,$2078,$1732,$117,$28,$145,$1878,$79,$118,$3,$201,$2078,$3,$1,$8,$9,$-0,$0,$-0,$1,$-0,$12,$-0,$0,$0,$0,$-10,$-10,$20,$9,$-0,$-26,$-26,$0,$0,$-2,$57,$30,$51,$0,$-2
39,2008-12-31,20.23,$12.56,1.61,$9.26,2.19,$5.39,3.75,$1.04,19.45,$1.66B,$1.68B,0.99,$0.14B,$0.20B,0.72,$0.15B,$0.12B,78.52%,$0.15B,$0.03B,18.12%,$0.15B,0,0.00%,$0.15B,0,0.00%,$0.15B,$0.03B,18.12%,$0.15B,$0.02B,10.74%,$0.02B,$0.20B,8.37%,$0.02B,$0.18B,9.14%,$0.02B,$2.04B,0.80%,$0.03B,$0.34B,8.31%,$36,$7,$29,$0,$22,$29,$7,$0,$7,$2,$4,$4,$4,$0,$0,$16,16,$0.27,$0.27,$86,$0,$0,$1658,$19,$276,$16,$75,$386,$2043,$1675,$143,$27,$170,$1845,$78,$118,$2,$198,$2043,$17,$4,$16,$21,$-0,$0,$-2,$1,$-1,$37,$-1,$0,$0,$0,$-30,$-30,$-51,$-82,$-22,$-49,$-70,$-3,$-11,$0,$124,$42,$-2,$1,$0
40,2008-09-30,17.35,$12.14,1.43,$9.43,1.84,$5.02,3.45,$1.13,15.35,$1.61B,$1.64B,0.99,$0.12B,$0.19B,0.63,$0.15B,$0.12B,76.32%,$0.15B,$0.03B,19.08%,$0.15B,0,0.00%,$0.15B,0,0.00%,$0.15B,$0.03B,19.08%,$0.15B,$0.02B,11.84%,$0.02B,$0.19B,9.52%,$0.02B,$0.18B,10.43%,$0.02B,$1.98B,0.91%,$0.03B,$0.31B,8.89%,$37,$7,$30,$0,$19,$26,$10,$0,$10,$4,$6,$6,$6,$0,$0,$16,16,$0.40,$0.39,$67,$0,$0,$1614,$19,$251,$16,$76,$363,$1976,$1636,$121,$28,$149,$1785,$78,$116,$-2,$191,$1976,$13,$3,$16,$20,$0,$0,$-3,$-2,$-4,$28,$-1,$0,$0,$0,$-12,$-12,$-21,$-33,$-0,$-25,$-25,$-3,$-3,$-6,$18,$-16,$-21,$1,$-6
41,2008-06-30,8.76,$11.86,0.74,$9.53,0.92,$4.63,1.89,$1.16,7.55,$1.60B,$1.64B,0.98,$0.13B,$0.19B,0.68,$0.15B,$0.12B,74.68%,$0.15B,$0.03B,19.48%,$0.15B,0,0.00%,$0.15B,0,0.00%,$0.15B,$0.03B,19.48%,$0.15B,$0.02B,12.34%,$0.02B,$0.19B,10.16%,$0.02B,$0.17B,11.16%,$0.02B,$1.98B,0.96%,$0.03B,$0.31B,9.11%,$38,$7,$30,$0,$27,$34,$3,$0,$3,$1,$2,$2,$2,$0,$0,$16,16,$0.14,$0.14,$77,$0,$0,$1604,$20,$262,$16,$79,$377,$1980,$1640,$126,$28,$154,$1794,$78,$111,$-3,$187,$1980,$6,$2,$13,$15,$0,$0,$-3,$-4,$-6,$16,$-1,$0,$0,$0,$-24,$-24,$2,$-23,$-0,$37,$37,$-3,$-3,$-4,$-34,$-4,$-12,$0,$-4
42,2008-03-31,13.74,$12.02,1.14,$9.54,1.44,$4.59,2.99,$1.43,9.61,$1.61B,$1.64B,0.98,$0.15B,$0.19B,0.77,$0.16B,$0.11B,73.55%,$0.16B,$0.04B,24.52%,$0.16B,0,0.00%,$0.16B,0,0.00%,$0.16B,$0.04B,24.52%,$0.16B,$0.02B,15.48%,$0.02B,$0.19B,12.97%,$0.02B,$0.17B,14.26%,$0.02B,$2.00B,1.23%,$0.04B,$0.33B,11.98%,$38,$10,$28,$0,$22,$31,$7,$0,$7,$2,$4,$4,$4,$0,$0,$16,16,$0.26,$0.25,$75,$0,$0,$1611,$20,$281,$17,$70,$388,$1999,$1637,$145,$28,$173,$1810,$78,$111,$0,$189,$1999,$4,$1,$4,$5,$0,$0,$-2,$3,$1,$11,$-1,$0,$0,$0,$-37,$-37,$1,$-37,$-0,$34,$34,$-3,$-3,$-2,$-17,$12,$-14,$0,$-2
43,2007-12-31,15.19,$11.87,1.28,$9.45,1.61,$4.69,3.24,$1.57,9.68,$1.63B,$1.61B,1.01,$0.16B,$0.19B,0.83,$0.15B,$0.11B,74.03%,$0.15B,$0.04B,27.27%,$0.15B,0,0.00%,$0.15B,0,0.00%,$0.15B,$0.04B,27.27%,$0.15B,$0.03B,16.88%,$0.03B,$0.19B,14.34%,$0.03B,$0.17B,15.83%,$0.03B,$1.98B,1.35%,$0.04B,$0.35B,14.09%,$39,$11,$28,$0,$19,$30,$9,$0,$9,$4,$6,$6,$6,$0,$0,$16,16,$0.36,$0.35,$89,$0,$0,$1632,$20,$241,$17,$70,$349,$1981,$1609,$157,$25,$183,$1792,$79,$112,$-2,$189,$1981,$26,$5,$2,$6,$-0,$0,$0,$0,$0,$32,$-2,$0,$0,$0,$-30,$-30,$-45,$-77,$50,$44,$94,$-3,$-3,$-8,$-52,$30,$-14,$1,$-8
44,2007-09-30,17.42,$11.50,1.52,$9.38,1.86,$4.61,3.78,$1.64,10.62,$1.60B,$1.61B,1.0,$0.14B,$0.18B,0.77,$0.15B,$0.11B,74.51%,$0.15B,$0.04B,28.76%,$0.15B,0,0.00%,$0.15B,0,0.00%,$0.15B,$0.04B,28.76%,$0.15B,$0.03B,17.65%,$0.03B,$0.18B,15.32%,$0.03B,$0.17B,16.95%,$0.03B,$1.95B,1.42%,$0.04B,$0.32B,16.04%,$39,$11,$29,$0,$17,$28,$11,$0,$11,$4,$7,$7,$7,$0,$0,$16,16,$0.43,$0.42,$71,$0,$0,$1598,$21,$248,$17,$70,$355,$1954,$1605,$141,$25,$166,$1771,$78,$108,$-4,$183,$1954,$20,$4,$1,$4,$-1,$0,$-1,$1,$-1,$24,$-3,$0,$0,$0,$-40,$-40,$-27,$-70,$50,$38,$88,$-2,$-2,$-6,$-65,$14,$-32,$1,$-6
45,2007-06-30,17.39,$11.22,1.55,$9.30,1.87,$4.70,3.7,$1.64,10.6,$1.59B,$1.60B,1.0,$0.09B,$0.18B,0.48,$0.15B,$0.11B,74.34%,$0.15B,$0.04B,28.95%,$0.15B,0,0.00%,$0.15B,0,0.00%,$0.15B,$0.04B,28.95%,$0.15B,$0.03B,17.76%,$0.03B,$0.18B,15.72%,$0.03B,$0.16B,17.50%,$0.03B,$1.89B,1.43%,$0.04B,$0.27B,17.34%,$39,$10,$29,$0,$18,$28,$11,$0,$11,$4,$7,$7,$7,$0,$0,$16,16,$0.42,$0.41,$95,$0,$0,$1594,$21,$184,$17,$70,$293,$1887,$1598,$86,$24,$110,$1708,$76,$107,$-5,$179,$1887,$13,$3,$1,$3,$0,$0,$-1,$0,$-1,$16,$-2,$0,$0,$0,$21,$21,$1,$21,$-0,$48,$47,$-0,$-0,$-4,$-87,$-44,$-8,$0,$-4
46,2007-03-31,18.31,$10.96,1.67,$9.12,2.01,$4.59,3.99,$1.63,11.23,$1.56B,$1.58B,0.99,$0.08B,$0.17B,0.47,$0.15B,$0.11B,75.17%,$0.15B,$0.04B,29.53%,$0.15B,0,0.00%,$0.15B,0,0.00%,$0.15B,$0.04B,29.53%,$0.15B,$0.03B,18.12%,$0.03B,$0.17B,16.22%,$0.03B,$0.16B,18.18%,$0.03B,$1.87B,1.43%,$0.04B,$0.26B,17.90%,$37,$9,$28,$0,$17,$27,$11,$0,$11,$4,$6,$6,$6,$0,$0,$16,16,$0.41,$0.39,$75,$0,$0,$1562,$21,$197,$17,$69,$304,$1866,$1582,$83,$27,$109,$1692,$76,$102,$-4,$174,$1866,$6,$1,$1,$2,$0,$0,$0,$4,$4,$12,$-1,$0,$0,$0,$10,$10,$14,$23,$-0,$1,$1,$-0,$-0,$-2,$-62,$-63,$-28,$0,$-2
47,2006-12-31,20.93,$10.69,1.96,$8.95,2.34,$4.52,4.63,$1.64,12.76,$1.61B,$1.65B,0.98,$0.08B,$0.17B,0.48,$0.15B,$0.11B,76.71%,$0.15B,$0.04B,30.14%,$0.15B,0,0.00%,$0.15B,0,0.00%,$0.15B,$0.04B,30.14%,$0.15B,$0.03B,19.18%,$0.03B,$0.17B,17.36%,$0.03B,$0.15B,19.65%,$0.03B,$1.92B,1.49%,$0.04B,$0.25B,18.51%,$38,$10,$28,$0,$17,$27,$11,$0,$11,$4,$7,$7,$7,$0,$0,$16,16,$0.43,$0.42,$103,$0,$0,$1605,$22,$207,$17,$70,$315,$1920,$1645,$81,$25,$106,$1751,$74,$100,$-5,$169,$1920,$27,$6,$0,$6,$-2,$0,$3,$-1,$-0,$33,$-4,$0,$0,$0,$61,$61,$-125,$-68,$-0,$-50,$-50,$1,$1,$-8,$103,$45,$10,$1,$-8
