,Date,Stock Price,Book Value per Share,Price to Book Ratio,TTM Sales per Share,Price to Sales Ratio,TTM FCF per Share,Price to FCF Ratio,TTM Net EPS,PE Ratio,Current Assets,Current Liabilities,Current Ratio,Long Term Debt,Shareholder's Equity_x,Debt to Equity Ratio,TTM Revenue_x,TTM Gross Profit,Gross Margin,TTM Revenue_y,TTM Operating Income,Operating Margin,TTM Revenue_x,TTM EBIT,EBIT Margin,TTM Revenue_y,TTM EBITDA,EBITDA Margin,TTM Revenue_x,TTM Pre-Tax Income,Pre-Tax Margin,TTM Revenue_y,TTM Net Income_x,Net Margin,TTM Net Income_y,Shareholder's Equity_y,Return on Equity,TTM Net Income_x,Tangible Equity,Return on Tangible Equity,TTM Net Income_y,Total Assets,Return on Assets,TTM Net Income,LT Investments & Debt,Return on Investment,revenue,cost-goods-sold,gross-profit,research-development-expenses,selling-general-administrative-expenses,operating-expenses,operating-income,total-non-operating-income-expense,pre-tax-income,total-provision-income-taxes,income-after-taxes,income-from-continuous-operations,net-income,ebitda,ebit,basic-shares-outstanding,shares-outstanding,eps-basic-net-earnings-per-share,eps-earnings-per-share-diluted,cash-on-hand,inventory,other-current-assets,total-current-assets,net-property-plant-equipment,long-term-investments,goodwill-intangible-assets-total,other-long-term-assets,total-long-term-assets,total-assets,total-current-liabilities,long-term-debt,other-non-current-liabilities,total-long-term-liabilities,total-liabilities,common-stock-net,retained-earnings-accumulated-deficit,comprehensive-income,total-share-holder-equity,total-liabilities-share-holders-equity,net-income-loss,total-depreciation-amortization-cash-flow,other-non-cash-items,total-non-cash-items,change-in-accounts-receivable,change-in-inventories,change-in-accounts-payable,change-in-assets-liabilities,total-change-in-assets-liabilities,cash-flow-from-operating-activities,net-change-in-property-plant-equipment,net-change-in-intangible-assets,net-acquisitions-divestitures,net-change-in-short-term-investments,net-change-in-long-term-investments,net-change-in-investments-total,investing-activities-other,cash-flow-from-investing-activities,net-long-term-debt,net-current-debt,debt-issuance-retirement-net-total,net-common-equity-issued-repurchased,net-total-equity-issued-repurchased,total-common-preferred-stock-dividends-paid,financial-activities-other,cash-flow-from-financial-activities,net-cash-flow,stock-based-compensation,common-stock-dividends-paid
0,2018-09-30,33.43,$26.93,1.24,$12.36,2.7,$6.86,4.87,$1.24,26.96,$1.38B,$1.47B,0.94,$0.04B,$0.15B,0.29,$0.07B,$0.05B,79.10%,$0.07B,$0.02B,26.87%,$0.07B,0,0.00%,$0.07B,0,0.00%,$0.07B,$0.01B,20.90%,$0.07B,$0.01B,10.45%,$0.01B,$0.15B,5.06%,$0.01B,$0.14B,5.48%,$0.01B,$1.68B,0.45%,$0.02B,$0.19B,9.03%,$18,$4,$14,$0,$8,$12,$5,$-0,$5,$1,$4,$4,$4,$0,$0,$6,6,$0.70,$0.70,$72,$0,$0,$1375,$22,$212,$14,$46,$302,$1676,$1471,$43,$12,$55,$1526,$0,$69,$-3,$150,$1676,$7,$2,$1,$3,$0,$0,$0,$3,$3,$13,$1,$0,$32,$0,$-2,$-2,$-16,$15,$-35,$-83,$-118,$-0,$-0,$-2,$147,$28,$56,$0,$-2
1,2018-06-30,35.26,$26.41,1.34,$12.40,2.84,$6.30,5.59,$1.14,30.93,$1.31B,$1.37B,0.95,$0.05B,$0.15B,0.36,$0.06B,$0.05B,79.69%,$0.06B,$0.02B,28.13%,$0.06B,0,0.00%,$0.06B,0,0.00%,$0.06B,$0.01B,20.31%,$0.06B,$0.01B,9.38%,$0.01B,$0.15B,4.67%,$0.01B,$0.13B,4.94%,$0.01B,$1.59B,0.40%,$0.02B,$0.20B,9.09%,$17,$3,$13,$0,$9,$13,$4,$-1,$3,$1,$2,$2,$2,$0,$0,$6,6,$0.42,$0.42,$20,$0,$0,$1306,$22,$189,$14,$49,$280,$1586,$1374,$53,$12,$65,$1439,$0,$66,$-2,$147,$1586,$4,$1,$1,$2,$-0,$0,$0,$1,$1,$7,$1,$0,$32,$0,$23,$23,$1,$57,$-25,$-51,$-76,$-0,$-0,$-1,$18,$-59,$5,$0,$-1
2,2018-03-31,37.02,$26.13,1.42,$12.52,2.96,$5.12,7.23,$1.27,29.15,$1.31B,$1.35B,0.97,$0.07B,$0.15B,0.47,$0.06B,$0.05B,81.97%,$0.06B,$0.02B,29.51%,$0.06B,0,0.00%,$0.06B,0,0.00%,$0.06B,$0.01B,22.95%,$0.06B,$0.01B,11.48%,$0.01B,$0.15B,5.88%,$0.01B,$0.13B,6.06%,$0.01B,$1.58B,0.48%,$0.02B,$0.21B,9.13%,$17,$3,$14,$0,$9,$12,$5,$-3,$2,$1,$1,$1,$1,$0,$0,$6,6,$0.22,$0.22,$34,$0,$0,$1310,$22,$175,$14,$57,$267,$1577,$1351,$68,$12,$80,$1431,$0,$64,$-2,$146,$1577,$1,$1,$0,$1,$-0,$0,$0,$3,$3,$5,$-0,$0,$0,$0,$37,$37,$43,$80,$-10,$-36,$-46,$-0,$-0,$-1,$-20,$-66,$19,$0,$-1
3,2017-12-31,37.99,$23.65,1.61,$12.45,3.05,$4.98,7.63,$1.56,24.35,$1.16B,$1.21B,0.96,$0.08B,$0.11B,0.71,$0.06B,$0.05B,82.76%,$0.06B,$0.02B,29.31%,$0.06B,0,0.00%,$0.06B,0,0.00%,$0.06B,$0.02B,27.59%,$0.06B,$0.01B,13.79%,$0.01B,$0.11B,7.32%,$0.01B,$0.11B,7.32%,$0.01B,$1.41B,0.58%,$0.02B,$0.19B,8.95%,$15,$3,$12,$0,$7,$10,$4,$-0,$4,$4,$-0,$-0,$-0,$0,$0,$5,5,$-0.10,$-0.10,$15,$0,$0,$1161,$21,$175,$0,$43,$245,$1406,$1206,$78,$12,$90,$1296,$0,$64,$-1,$110,$1406,$7,$2,$3,$5,$-1,$0,$0,$-2,$-2,$10,$-0,$0,$0,$0,$-6,$-6,$-64,$-70,$-10,$9,$-2,$0,$0,$-2,$67,$64,$4,$1,$-2
4,2017-09-30,34.99,$23.85,1.47,$12.23,2.86,$5.27,6.64,$2.10,16.66,$1.16B,$1.20B,0.96,$0.08B,$0.11B,0.71,$0.06B,$0.05B,83.93%,$0.06B,$0.02B,28.57%,$0.06B,0,0.00%,$0.06B,0,0.00%,$0.06B,$0.02B,26.79%,$0.06B,$0.01B,17.86%,$0.01B,$0.11B,9.28%,$0.01B,$0.11B,9.28%,$0.01B,$1.40B,0.73%,$0.02B,$0.19B,8.37%,$15,$3,$12,$0,$7,$10,$5,$-0,$4,$2,$3,$3,$3,$0,$0,$5,5,$0.60,$0.60,$17,$0,$0,$1158,$22,$173,$0,$49,$244,$1402,$1201,$79,$12,$91,$1291,$0,$64,$-1,$111,$1402,$8,$2,$0,$2,$-1,$0,$0,$1,$-0,$9,$-0,$0,$0,$0,$-3,$-3,$-59,$-63,$-10,$13,$2,$0,$0,$-1,$58,$60,$6,$0,$-1
5,2017-06-30,37.98,$23.51,1.62,$11.85,3.2,$5.01,7.58,$1.92,19.78,$1.15B,$1.18B,0.98,$0.09B,$0.11B,0.81,$0.05B,$0.05B,85.19%,$0.05B,$0.01B,25.93%,$0.05B,0,0.00%,$0.05B,0,0.00%,$0.05B,$0.01B,25.93%,$0.05B,$0.01B,16.67%,$0.01B,$0.11B,8.49%,$0.01B,$0.11B,8.49%,$0.01B,$1.39B,0.67%,$0.01B,$0.20B,7.28%,$14,$2,$12,$0,$7,$10,$4,$-0,$4,$2,$3,$3,$3,$0,$0,$5,5,$0.55,$0.55,$16,$0,$0,$1153,$22,$169,$0,$49,$240,$1393,$1183,$89,$12,$101,$1283,$0,$62,$-0,$109,$1393,$5,$1,$0,$1,$-0,$0,$0,$-4,$-5,$1,$-0,$0,$0,$0,$1,$1,$-55,$-54,$-0,$10,$9,$0,$0,$-1,$49,$58,$5,$0,$-1
6,2017-03-31,35.41,$22.96,1.54,$11.49,3.08,$5.49,6.45,$1.75,20.24,$1.12B,$1.16B,0.97,$0.08B,$0.11B,0.74,$0.05B,$0.05B,84.91%,$0.05B,$0.01B,24.53%,$0.05B,0,0.00%,$0.05B,0,0.00%,$0.05B,$0.01B,24.53%,$0.05B,$0.01B,15.09%,$0.01B,$0.11B,7.67%,$0.01B,$0.11B,7.67%,$0.01B,$1.36B,0.61%,$0.01B,$0.19B,6.82%,$14,$2,$12,$0,$8,$10,$4,$-0,$4,$1,$2,$2,$2,$0,$0,$5,5,$0.51,$0.51,$11,$0,$0,$1119,$22,$170,$0,$45,$237,$1356,$1159,$79,$12,$91,$1250,$0,$60,$-1,$107,$1356,$2,$0,$0,$1,$0,$0,$0,$1,$1,$4,$-0,$0,$0,$0,$-0,$-0,$-25,$-25,$-10,$19,$8,$0,$0,$-0,$13,$21,$-0,$0,$-0
7,2016-12-31,28.43,$22.53,1.26,$11.14,2.55,$4.98,5.7,$1.59,17.88,$1.10B,$1.13B,0.97,$0.09B,$0.10B,0.85,$0.05B,$0.04B,84.31%,$0.05B,$0.01B,23.53%,$0.05B,0,0.00%,$0.05B,0,0.00%,$0.05B,$0.01B,23.53%,$0.05B,$0.01B,15.69%,$0.01B,$0.10B,7.79%,$0.01B,$0.10B,7.79%,$0.01B,$1.33B,0.64%,$0.01B,$0.19B,6.38%,$13,$2,$11,$0,$8,$10,$3,$0,$3,$1,$2,$2,$2,$0,$0,$5,5,$0.43,$0.44,$11,$0,$0,$1095,$22,$170,$0,$48,$239,$1334,$1129,$89,$12,$101,$1230,$0,$58,$-1,$104,$1334,$7,$2,$3,$5,$-2,$0,$0,$2,$1,$13,$-2,$0,$0,$0,$-20,$-20,$-174,$-195,$10,$43,$53,$-1,$-1,$-2,$132,$182,$0,$0,$-2
8,2016-09-30,22.5,$22.33,1.01,$10.80,2.08,$4.54,4.96,$1.48,15.21,$1.06B,$1.08B,0.98,$0.09B,$0.10B,0.85,$0.05B,$0.04B,84.00%,$0.05B,$0.01B,22.00%,$0.05B,0,0.00%,$0.05B,0,0.00%,$0.05B,$0.01B,22.00%,$0.05B,$0.01B,16.00%,$0.01B,$0.10B,7.86%,$0.01B,$0.10B,7.86%,$0.01B,$1.28B,0.66%,$0.01B,$0.19B,5.97%,$13,$2,$11,$0,$8,$10,$3,$0,$3,$1,$2,$2,$2,$0,$0,$5,5,$0.43,$0.42,$14,$0,$0,$1060,$23,$153,$0,$46,$222,$1282,$1077,$89,$12,$101,$1178,$0,$57,$0,$104,$1282,$5,$2,$2,$3,$1,$0,$0,$-0,$1,$10,$-2,$0,$0,$0,$-1,$-1,$-136,$-139,$10,$20,$29,$-0,$-0,$-1,$105,$132,$3,$0,$-1
9,2016-06-30,21.51,$22.01,0.98,$10.42,2.06,$4.27,5.04,$1.33,16.18,$1.01B,$1.03B,0.98,$0.09B,$0.10B,0.87,$0.05B,$0.04B,85.42%,$0.05B,$0.01B,20.83%,$0.05B,0,0.00%,$0.05B,0,0.00%,$0.05B,$0.01B,20.83%,$0.05B,$0.01B,14.58%,$0.01B,$0.10B,6.95%,$0.01B,$0.10B,6.95%,$0.01B,$1.23B,0.60%,$0.01B,$0.19B,5.42%,$13,$2,$11,$0,$8,$10,$3,$0,$3,$1,$2,$2,$2,$0,$0,$5,5,$0.38,$0.38,$13,$0,$0,$1012,$23,$153,$0,$46,$221,$1233,$1030,$89,$12,$101,$1131,$0,$56,$0,$102,$1233,$3,$1,$1,$2,$1,$0,$0,$-2,$-1,$5,$-1,$0,$0,$0,$-1,$-1,$-88,$-90,$10,$-8,$2,$-0,$-0,$-1,$87,$87,$2,$0,$-1
10,2016-03-31,20.56,$21.70,0.95,$10.21,2.01,$4.64,4.43,$1.32,15.57,$0.95B,$0.99B,0.96,$0.07B,$0.10B,0.73,$0.05B,$0.04B,85.11%,$0.05B,$0.01B,21.28%,$0.05B,0,0.00%,$0.05B,0,0.00%,$0.05B,$0.01B,21.28%,$0.05B,$0.01B,14.89%,$0.01B,$0.10B,7.00%,$0.01B,$0.10B,7.00%,$0.01B,$1.18B,0.61%,$0.01B,$0.18B,5.41%,$12,$2,$10,$0,$7,$10,$3,$0,$3,$1,$2,$2,$2,$0,$0,$5,5,$0.35,$0.35,$10,$0,$0,$949,$22,$158,$0,$48,$228,$1177,$990,$74,$12,$86,$1076,$0,$54,$-0,$101,$1177,$2,$0,$1,$1,$-0,$0,$0,$-1,$-1,$2,$-1,$0,$0,$0,$-6,$-6,$-28,$-35,$-5,$-6,$-11,$-0,$-0,$-0,$44,$32,$-1,$0,$-0
11,2015-12-31,20.18,$21.48,0.94,$10.07,2.0,$5.05,3.99,$1.35,14.95,$0.92B,$0.95B,0.97,$0.08B,$0.10B,0.79,$0.05B,$0.04B,85.11%,$0.05B,$0.01B,21.28%,$0.05B,0,0.00%,$0.05B,0,0.00%,$0.05B,$0.01B,21.28%,$0.05B,$0.01B,14.89%,$0.01B,$0.10B,7.05%,$0.01B,$0.10B,7.05%,$0.01B,$1.14B,0.63%,$0.01B,$0.18B,5.28%,$12,$2,$10,$0,$8,$10,$2,$0,$2,$1,$2,$2,$2,$0,$0,$5,5,$0.33,$0.33,$11,$0,$0,$924,$20,$151,$0,$48,$220,$1143,$953,$79,$12,$91,$1044,$0,$53,$-0,$100,$1143,$6,$2,$1,$3,$1,$0,$0,$3,$3,$12,$-3,$0,$0,$0,$-19,$-19,$-53,$-75,$4,$34,$38,$-2,$-22,$-2,$38,$52,$-10,$0,$-2
12,2015-09-30,22.52,$21.24,1.06,$10.03,2.25,$4.90,4.6,$1.34,16.81,$0.91B,$0.91B,1.0,$0.09B,$0.10B,0.94,$0.05B,$0.04B,85.11%,$0.05B,$0.01B,21.28%,$0.05B,0,0.00%,$0.05B,0,0.00%,$0.05B,$0.01B,21.28%,$0.05B,$0.01B,12.77%,$0.01B,$0.10B,5.80%,$0.01B,$0.10B,5.80%,$0.01B,$1.11B,0.54%,$0.01B,$0.19B,5.19%,$11,$2,$10,$0,$7,$9,$2,$0,$2,$1,$1,$1,$1,$0,$0,$5,5,$0.28,$0.27,$14,$0,$0,$907,$20,$140,$0,$46,$205,$1112,$906,$94,$12,$106,$1012,$0,$54,$-0,$100,$1112,$5,$1,$1,$2,$0,$0,$0,$2,$3,$9,$-3,$0,$0,$0,$-6,$-6,$-30,$-38,$19,$12,$31,$-0,$-20,$-1,$13,$22,$-7,$0,$-1
13,2015-06-30,20.52,$21.01,0.98,$10.11,2.03,$5.04,4.07,$1.46,14.05,$0.93B,$0.92B,1.01,$0.09B,$0.10B,0.95,$0.05B,$0.04B,83.33%,$0.05B,$0.01B,22.92%,$0.05B,0,0.00%,$0.05B,0,0.00%,$0.05B,$0.01B,22.92%,$0.05B,$0.01B,14.58%,$0.01B,$0.10B,6.53%,$0.01B,$0.10B,6.53%,$0.01B,$1.13B,0.65%,$0.01B,$0.19B,5.75%,$12,$2,$10,$0,$7,$9,$3,$0,$3,$1,$2,$2,$2,$0,$0,$5,5,$0.37,$0.37,$42,$0,$0,$931,$21,$131,$0,$43,$196,$1127,$922,$94,$12,$106,$1028,$0,$53,$-0,$99,$1127,$4,$1,$0,$1,$0,$0,$0,$2,$2,$6,$-2,$0,$0,$0,$2,$2,$-25,$-25,$19,$10,$29,$-0,$-20,$-1,$31,$39,$21,$0,$-1
14,2015-03-31,18.99,$20.78,0.91,$9.95,1.91,$4.82,3.94,$1.37,13.86,$0.90B,$0.89B,1.01,$0.09B,$0.10B,0.95,$0.05B,$0.04B,82.98%,$0.05B,$0.01B,21.28%,$0.05B,0,0.00%,$0.05B,0,0.00%,$0.05B,$0.01B,21.28%,$0.05B,$0.01B,12.77%,$0.01B,$0.10B,5.42%,$0.01B,$0.10B,5.42%,$0.01B,$1.09B,0.56%,$0.01B,$0.19B,5.26%,$12,$2,$10,$0,$7,$9,$3,$0,$3,$1,$2,$2,$2,$0,$0,$5,5,$0.38,$0.38,$11,$0,$0,$896,$21,$128,$0,$44,$193,$1089,$885,$94,$12,$106,$991,$0,$52,$-0,$98,$1089,$2,$0,$0,$1,$-0,$0,$0,$2,$2,$4,$-1,$0,$0,$0,$5,$5,$-21,$-16,$19,$19,$38,$-0,$-20,$-1,$-15,$3,$-10,$0,$-1
15,2014-12-31,19.05,$24.78,0.77,$9.83,1.94,$4.58,4.16,$1.35,14.11,$0.89B,$0.88B,1.01,$0.08B,$0.10B,0.77,$0.05B,$0.04B,82.61%,$0.05B,$0.01B,21.74%,$0.05B,0,0.00%,$0.05B,0,0.00%,$0.05B,$0.01B,21.74%,$0.05B,$0.01B,13.04%,$0.01B,$0.12B,5.25%,$0.01B,$0.12B,5.25%,$0.01B,$1.08B,0.57%,$0.01B,$0.19B,5.29%,$12,$2,$10,$0,$8,$10,$2,$0,$2,$1,$2,$2,$1,$0,$0,$5,5,$0.31,$0.32,$21,$0,$0,$887,$21,$133,$0,$43,$196,$1083,$880,$75,$12,$87,$966,$0,$51,$-0,$117,$1083,$6,$2,$4,$5,$0,$0,$0,$-1,$-1,$11,$-2,$0,$0,$0,$1,$1,$-65,$-66,$4,$2,$6,$0,$0,$-2,$48,$53,$-3,$0,$-2
16,2014-09-30,19.49,$24.48,0.8,$10.46,1.86,$4.98,3.92,$1.38,14.12,$0.85B,$0.84B,1.01,$0.08B,$0.10B,0.79,$0.05B,$0.04B,82.22%,$0.05B,$0.01B,24.44%,$0.05B,0,0.00%,$0.05B,0,0.00%,$0.05B,$0.01B,24.44%,$0.05B,$0.01B,15.56%,$0.01B,$0.12B,6.21%,$0.01B,$0.12B,6.21%,$0.01B,$1.04B,0.68%,$0.01B,$0.19B,5.90%,$12,$2,$10,$0,$7,$9,$3,$0,$3,$1,$2,$2,$2,$0,$0,$5,5,$0.40,$0.39,$13,$0,$0,$853,$20,$127,$0,$42,$189,$1042,$841,$75,$12,$87,$928,$0,$50,$-1,$115,$1042,$5,$1,$1,$2,$0,$0,$0,$2,$2,$9,$-2,$0,$0,$0,$7,$7,$-39,$-34,$4,$2,$6,$0,$0,$-2,$9,$13,$-11,$0,$-2
17,2014-06-30,22.23,$24.15,0.92,$11.61,1.92,$5.41,4.11,$1.54,14.44,$0.85B,$0.84B,1.02,$0.08B,$0.09B,0.8,$0.04B,$0.04B,81.82%,$0.04B,$0.01B,25.00%,$0.04B,0,0.00%,$0.04B,0,0.00%,$0.04B,$0.01B,25.00%,$0.04B,$0.01B,15.91%,$0.01B,$0.11B,6.70%,$0.01B,$0.11B,6.70%,$0.01B,$1.04B,0.69%,$0.01B,$0.19B,6.20%,$11,$2,$9,$0,$7,$9,$2,$0,$2,$1,$1,$1,$1,$0,$0,$5,5,$0.28,$0.28,$11,$0,$0,$852,$20,$126,$0,$36,$182,$1035,$835,$75,$12,$87,$921,$0,$49,$-1,$113,$1035,$3,$1,$1,$2,$-1,$0,$0,$0,$-1,$5,$-1,$0,$0,$0,$14,$14,$-39,$-25,$4,$7,$11,$0,$0,$-1,$-3,$8,$-13,$0,$-1
18,2014-03-31,19.57,$23.93,0.82,$12.81,1.53,$5.56,3.52,$1.26,15.53,$0.83B,$0.82B,1.02,$0.08B,$0.09B,0.82,$0.04B,$0.04B,81.82%,$0.04B,$0.01B,25.00%,$0.04B,0,0.00%,$0.04B,0,0.00%,$0.04B,$0.01B,25.00%,$0.04B,$0.01B,18.18%,$0.01B,$0.11B,8.29%,$0.01B,$0.11B,8.29%,$0.01B,$1.02B,0.80%,$0.01B,$0.19B,6.53%,$11,$2,$9,$0,$6,$8,$3,$0,$3,$1,$2,$2,$2,$0,$0,$5,5,$0.36,$0.36,$16,$0,$0,$830,$20,$131,$0,$37,$187,$1017,$817,$75,$12,$87,$905,$0,$48,$-1,$112,$1017,$2,$0,$1,$1,$-0,$0,$0,$-0,$-1,$2,$-1,$0,$0,$0,$9,$9,$-12,$-3,$5,$0,$5,$0,$0,$-1,$-12,$-8,$-8,$0,$-1
19,2013-12-31,19.3,$23.83,0.81,$14.02,1.38,$5.68,3.4,$0.90,21.44,$0.83B,$0.83B,1.0,$0.07B,$0.09B,0.78,$0.04B,$0.04B,81.82%,$0.04B,$0.01B,25.00%,$0.04B,0,0.00%,$0.04B,0,0.00%,$0.04B,$0.01B,25.00%,$0.04B,$0.01B,18.18%,$0.01B,$0.11B,9.01%,$0.01B,$0.11B,9.01%,$0.01B,$1.02B,0.81%,$0.01B,$0.18B,6.91%,$11,$2,$9,$0,$6,$8,$3,$0,$3,$1,$2,$2,$2,$0,$0,$3,3,$0.29,$0.28,$25,$0,$0,$827,$20,$140,$0,$37,$197,$1024,$831,$70,$12,$82,$913,$0,$47,$-1,$111,$1024,$7,$2,$1,$3,$0,$0,$0,$-1,$-1,$9,$-1,$0,$0,$0,$23,$23,$-53,$-31,$10,$-1,$9,$27,$27,$-2,$1,$36,$13,$0,$-2
20,2013-09-30,17.48,$26.95,0.65,$14.62,1.2,$5.96,2.93,$0.55,31.79,$0.79B,$0.83B,0.95,$0.07B,$0.06B,1.13,$0.05B,$0.04B,80.00%,$0.05B,$0.01B,22.22%,$0.05B,0,0.00%,$0.05B,0,0.00%,$0.05B,$0.01B,22.22%,$0.05B,$0.01B,15.56%,$0.01B,$0.08B,8.67%,$0.01B,$0.08B,8.67%,$0.01B,$0.99B,0.71%,$0.01B,$0.15B,6.71%,$11,$2,$9,$0,$6,$8,$3,$0,$3,$1,$2,$2,$2,$0,$0,$3,3,$0.55,$0.55,$27,$0,$0,$790,$19,$148,$0,$36,$203,$993,$828,$70,$12,$82,$911,$0,$46,$-1,$82,$993,$5,$1,$0,$2,$0,$0,$0,$-0,$-0,$7,$-0,$0,$0,$0,$15,$15,$-13,$2,$10,$2,$12,$-0,$-0,$-1,$-3,$8,$16,$0,$-1
21,2013-06-30,16.84,$26.62,0.63,$14.61,1.15,$5.44,3.09,0,0.0,$0.76B,$0.82B,0.94,$0.07B,$0.06B,1.15,$0.05B,$0.04B,80.00%,$0.05B,$0.01B,20.00%,$0.05B,0,0.00%,$0.05B,0,0.00%,$0.05B,$0.01B,20.00%,$0.05B,$0.01B,13.33%,$0.01B,$0.08B,7.52%,$0.01B,$0.08B,7.52%,$0.01B,$0.98B,0.61%,$0.01B,$0.15B,6.20%,$11,$2,$9,$0,$6,$8,$2,$0,$2,$1,$2,$2,$2,$0,$0,$3,3,$0.51,$0.51,$16,$0,$0,$764,$19,$161,$0,$36,$216,$980,$817,$71,$12,$83,$899,$0,$44,$-1,$81,$980,$3,$1,$0,$1,$-0,$0,$0,$-1,$-2,$3,$-0,$0,$0,$0,$3,$3,$2,$4,$10,$23,$33,$-0,$-0,$-1,$-35,$-3,$4,$0,$-1
22,2013-03-31,15.14,$26.45,0.57,$14.62,1.04,$5.03,3.01,0,0.0,$0.75B,$0.81B,0.94,$0.07B,$0.06B,1.16,$0.05B,$0.04B,77.78%,$0.05B,$0.01B,17.78%,$0.05B,0,0.00%,$0.05B,0,0.00%,$0.05B,$0.01B,17.78%,$0.05B,$0.01B,11.11%,$0.01B,$0.08B,6.37%,$0.01B,$0.08B,6.37%,$0.01B,$0.97B,0.51%,$0.01B,$0.15B,5.65%,$11,$2,$9,$0,$6,$8,$3,$0,$3,$1,$2,$2,$2,$0,$0,$3,3,$0.55,$0.54,$17,$0,$0,$754,$20,$161,$0,$34,$215,$969,$806,$71,$12,$83,$889,$0,$43,$0,$81,$969,$2,$1,$0,$1,$-0,$0,$0,$-1,$-1,$2,$-0,$0,$0,$0,$4,$4,$12,$16,$10,$-1,$9,$-0,$-0,$-0,$-21,$-13,$5,$0,$-0
23,2012-12-31,14.5,$25.90,0.56,$14.63,0.99,$4.61,3.15,0,0.0,$0.76B,$0.83B,0.92,$0.06B,$0.06B,1.03,$0.05B,$0.03B,75.56%,$0.05B,$0.01B,15.56%,$0.05B,0,0.00%,$0.05B,0,0.00%,$0.05B,$0.01B,15.56%,$0.05B,$0.00B,8.89%,$0.00B,$0.08B,5.16%,$0.00B,$0.08B,5.16%,$0.00B,$0.98B,0.41%,$0.01B,$0.14B,5.07%,$12,$2,$9,$0,$7,$9,$2,$0,$2,$1,$1,$1,$1,$0,$0,$3,3,$0.46,$0.46,$11,$0,$0,$762,$20,$165,$0,$35,$220,$982,$830,$61,$12,$73,$903,$0,$42,$0,$79,$982,$5,$2,$2,$4,$0,$0,$0,$3,$3,$12,$-5,$0,$0,$0,$35,$35,$-43,$-12,$-0,$1,$1,$-0,$-0,$-1,$-7,$-8,$-8,$0,$-1
24,2012-09-30,13.25,$25.57,0.52,$14.62,0.91,$3.83,3.46,0,0.0,$0.76B,$0.83B,0.92,$0.06B,$0.06B,1.05,$0.05B,$0.03B,73.33%,$0.05B,$0.01B,13.33%,$0.05B,0,0.00%,$0.05B,0,0.00%,$0.05B,$0.01B,13.33%,$0.05B,$0.00B,6.67%,$0.00B,$0.08B,3.92%,$0.00B,$0.08B,3.92%,$0.00B,$0.98B,0.31%,$0.01B,$0.14B,4.38%,$11,$3,$9,$0,$6,$9,$2,$0,$2,$1,$1,$1,$1,$0,$0,$3,3,$0.47,$0.47,$26,$0,$0,$761,$20,$167,$0,$34,$221,$982,$832,$61,$12,$73,$904,$0,$41,$0,$78,$982,$4,$1,$1,$2,$0,$0,$0,$3,$3,$9,$-4,$0,$0,$0,$34,$34,$-25,$4,$-0,$0,$-0,$-0,$-0,$-1,$-4,$-6,$7,$0,$-1
25,2012-06-30,14.88,$25.05,0.59,$14.61,1.02,$3.63,4.09,0,0.0,$0.75B,$0.83B,0.91,$0.06B,$0.06B,1.07,$0.05B,$0.03B,71.11%,$0.05B,$0.01B,13.33%,$0.05B,0,0.00%,$0.05B,0,0.00%,$0.05B,$0.01B,13.33%,$0.05B,$0.00B,6.67%,$0.00B,$0.08B,3.96%,$0.00B,$0.08B,3.96%,$0.00B,$0.98B,0.31%,$0.01B,$0.14B,4.40%,$11,$3,$8,$0,$7,$10,$1,$0,$1,$0,$1,$1,$1,$0,$0,$3,3,$0.29,$0.29,$12,$0,$0,$750,$19,$173,$0,$34,$226,$976,$827,$61,$12,$73,$900,$0,$39,$0,$76,$976,$2,$1,$1,$2,$-0,$0,$0,$2,$2,$5,$-3,$0,$0,$0,$27,$27,$-26,$-2,$-0,$3,$3,$-0,$-0,$-1,$-11,$-10,$-7,$0,$-1
26,2012-03-31,15.42,$25.18,0.61,$14.58,1.06,$3.11,4.96,0,0.0,$0.74B,$0.82B,0.9,$0.06B,$0.06B,1.07,$0.05B,$0.03B,71.11%,$0.05B,$0.01B,15.56%,$0.05B,0,0.00%,$0.05B,0,0.00%,$0.05B,$0.01B,15.56%,$0.05B,$0.00B,6.67%,$0.00B,$0.08B,4.03%,$0.00B,$0.08B,4.03%,$0.00B,$0.97B,0.31%,$0.01B,$0.14B,5.18%,$11,$3,$8,$0,$6,$9,$2,$0,$2,$1,$1,$1,$1,$0,$0,$3,3,$0.35,$0.35,$12,$0,$0,$738,$18,$181,$0,$32,$231,$969,$819,$61,$12,$73,$892,$0,$40,$0,$77,$969,$1,$0,$0,$1,$-0,$0,$0,$0,$0,$2,$-2,$0,$0,$0,$20,$20,$-13,$5,$-0,$7,$7,$0,$0,$-0,$-22,$-15,$-7,$0,$-0
27,2011-12-31,13.23,$24.93,0.53,$14.46,0.92,$2.90,4.56,0,0.0,$0.73B,$0.84B,0.88,$0.06B,$0.06B,1.09,$0.05B,$0.03B,68.89%,$0.05B,$0.01B,11.11%,$0.05B,0,0.00%,$0.05B,0,0.00%,$0.05B,$0.01B,11.11%,$0.05B,$0.00B,4.44%,$0.00B,$0.08B,2.74%,$0.00B,$0.08B,2.74%,$0.00B,$0.98B,0.21%,$0.01B,$0.14B,3.73%,$12,$3,$8,$0,$7,$11,$1,$0,$1,$0,$0,$0,$0,$0,$0,$3,3,$0.16,$0.15,$19,$0,$0,$732,$16,$201,$0,$34,$251,$983,$835,$61,$12,$73,$908,$0,$39,$0,$75,$983,$3,$1,$3,$4,$-0,$0,$0,$3,$3,$10,$-5,$0,$0,$0,$-33,$-33,$-56,$-94,$-10,$-1,$-11,$-0,$3,$-2,$102,$93,$9,$0,$-2
28,2011-09-30,16.54,$24.88,0.66,$14.32,1.15,$3.76,4.39,0,0.0,$0.73B,$0.82B,0.89,$0.06B,$0.06B,1.1,$0.04B,$0.03B,70.45%,$0.04B,$0.01B,13.64%,$0.04B,0,0.00%,$0.04B,0,0.00%,$0.04B,$0.01B,13.64%,$0.04B,$0.00B,6.82%,$0.00B,$0.08B,4.17%,$0.00B,$0.08B,4.17%,$0.00B,$0.97B,0.33%,$0.01B,$0.14B,4.43%,$11,$3,$8,$0,$6,$9,$2,$0,$2,$1,$1,$1,$1,$0,$0,$3,3,$0.33,$0.33,$28,$0,$0,$728,$15,$190,$0,$36,$241,$969,$821,$61,$12,$73,$894,$0,$38,$0,$75,$969,$3,$1,$4,$5,$-1,$0,$0,$0,$-0,$7,$-3,$0,$0,$0,$-22,$-22,$-43,$-68,$-10,$-0,$-10,$-0,$3,$-2,$88,$79,$18,$0,$-2
29,2011-06-30,14.82,$23.46,0.63,$14.26,1.04,$2.33,6.35,0,0.0,$0.71B,$0.76B,0.93,$0.06B,$0.06B,1.11,$0.04B,$0.03B,68.18%,$0.04B,$0.01B,13.64%,$0.04B,0,0.00%,$0.04B,0,0.00%,$0.04B,$0.01B,13.64%,$0.04B,$0.00B,6.82%,$0.00B,$0.07B,4.24%,$0.00B,$0.07B,4.24%,$0.00B,$0.91B,0.34%,$0.01B,$0.13B,4.39%,$11,$3,$8,$0,$6,$9,$2,$0,$2,$1,$1,$1,$1,$0,$0,$3,3,$0.33,$0.33,$14,$0,$0,$709,$13,$142,$0,$41,$197,$906,$762,$61,$12,$73,$835,$0,$37,$0,$71,$906,$1,$1,$3,$4,$-0,$0,$0,$-3,$-3,$2,$-2,$0,$0,$0,$26,$26,$-41,$-16,$-10,$1,$-9,$-0,$-0,$-2,$29,$18,$4,$0,$-2
30,2011-03-31,14.9,$23.55,0.63,$14.25,1.05,$3.09,4.82,0,0.0,$0.67B,$0.73B,0.92,$0.06B,$0.06B,1.11,$0.04B,$0.03B,65.91%,$0.04B,$0.01B,13.64%,$0.04B,0,0.00%,$0.04B,0,0.00%,$0.04B,$0.01B,13.64%,$0.04B,$0.00B,6.82%,$0.00B,$0.07B,4.27%,$0.00B,$0.07B,4.27%,$0.00B,$0.87B,0.34%,$0.01B,$0.13B,4.32%,$11,$3,$7,$0,$7,$10,$0,$0,$0,$0,$0,$0,$0,$0,$0,$3,3,$0.01,$0.01,$18,$0,$0,$668,$12,$151,$0,$41,$204,$872,$728,$61,$12,$73,$801,$0,$38,$0,$71,$872,$0,$0,$2,$2,$0,$0,$0,$-3,$-3,$-0,$-0,$0,$0,$0,$17,$17,$4,$21,$-10,$-0,$-10,$-0,$-0,$-0,$-3,$-13,$8,$0,$-0
31,2010-12-31,13.87,$23.68,0.59,$14.35,0.97,$3.37,4.12,0,0.0,$0.67B,$0.73B,0.91,$0.07B,$0.06B,1.29,$0.04B,$0.03B,65.91%,$0.04B,$0.01B,18.18%,$0.04B,0,0.00%,$0.04B,0,0.00%,$0.04B,$0.01B,18.18%,$0.04B,$0.00B,9.09%,$0.00B,$0.07B,5.73%,$0.00B,$0.07B,5.73%,$0.00B,$0.89B,0.47%,$0.01B,$0.14B,5.68%,$11,$3,$8,$0,$6,$9,$2,$0,$2,$1,$1,$1,$1,$0,$0,$3,3,$0.31,$0.32,$10,$0,$0,$667,$12,$168,$0,$38,$219,$886,$732,$71,$12,$83,$815,$0,$38,$0,$71,$886,$5,$1,$3,$4,$-0,$0,$0,$0,$0,$9,$-1,$0,$0,$0,$-23,$-23,$-51,$-75,$-5,$-12,$-17,$0,$0,$-2,$84,$65,$-1,$0,$-2
32,2010-09-30,12.92,$23.56,0.55,$14.22,0.91,$1.24,10.46,0,0.0,$0.64B,$0.73B,0.89,$0.07B,$0.05B,1.31,$0.04B,$0.03B,65.12%,$0.04B,$0.01B,16.28%,$0.04B,0,0.00%,$0.04B,0,0.00%,$0.04B,$0.01B,16.28%,$0.04B,$0.00B,6.98%,$0.00B,$0.07B,4.35%,$0.00B,$0.07B,4.35%,$0.00B,$0.88B,0.36%,$0.01B,$0.14B,4.96%,$11,$3,$7,$0,$5,$9,$2,$0,$2,$1,$1,$1,$1,$0,$0,$3,3,$0.33,$0.33,$17,$0,$0,$644,$12,$186,$0,$38,$236,$881,$728,$71,$12,$83,$810,$0,$37,$1,$70,$881,$4,$1,$2,$2,$-0,$0,$0,$-5,$-6,$1,$-1,$0,$0,$0,$-34,$-34,$-21,$-55,$-5,$-9,$-14,$0,$0,$-2,$77,$61,$6,$0,$-2
33,2010-06-30,9.69,$23.20,0.42,$14.07,0.69,$1.90,5.09,0,0.0,$0.64B,$0.69B,0.93,$0.07B,$0.05B,1.33,$0.04B,$0.03B,64.29%,$0.04B,$0.01B,14.29%,$0.04B,0,0.00%,$0.04B,0,0.00%,$0.04B,$0.01B,14.29%,$0.04B,$0.00B,7.14%,$0.00B,$0.07B,4.40%,$0.00B,$0.07B,4.40%,$0.00B,$0.84B,0.37%,$0.01B,$0.14B,4.16%,$11,$3,$7,$0,$6,$9,$2,$0,$2,$1,$1,$1,$1,$0,$0,$3,3,$0.28,$0.27,$17,$0,$0,$644,$12,$153,$0,$32,$197,$842,$690,$71,$12,$83,$772,$0,$36,$0,$69,$842,$2,$0,$1,$1,$-0,$0,$0,$-1,$-1,$3,$-0,$0,$0,$0,$-1,$-1,$-19,$-21,$-5,$-13,$-18,$0,$0,$-2,$43,$24,$6,$0,$-2
34,2010-03-31,11.2,$23.29,0.48,$13.92,0.8,$0.94,11.86,0,0.0,$0.63B,$0.67B,0.95,$0.07B,$0.05B,1.33,$0.04B,$0.03B,63.41%,$0.04B,$0.01B,12.20%,$0.04B,0,0.00%,$0.04B,0,0.00%,$0.04B,$0.01B,12.20%,$0.04B,$0.00B,4.88%,$0.00B,$0.07B,2.95%,$0.00B,$0.07B,2.95%,$0.00B,$0.82B,0.25%,$0.01B,$0.14B,3.31%,$11,$3,$7,$0,$5,$9,$2,$0,$2,$1,$1,$1,$1,$0,$0,$3,3,$0.39,$0.38,$21,$0,$0,$632,$12,$148,$0,$28,$187,$819,$667,$71,$12,$83,$750,$0,$36,$0,$69,$819,$1,$0,$1,$1,$-0,$0,$0,$-2,$-2,$1,$-0,$0,$0,$0,$4,$4,$2,$5,$-5,$-13,$-18,$0,$0,$-0,$22,$4,$10,$0,$-0
35,2009-12-31,9.82,$22.91,0.43,$13.61,0.72,$-4.55,0.0,0,0.0,$0.63B,$0.66B,0.96,$0.08B,$0.05B,1.46,$0.04B,$0.03B,62.50%,$0.04B,$0.00B,10.00%,$0.04B,0,0.00%,$0.04B,0,0.00%,$0.04B,$0.00B,10.00%,$0.04B,$0.00B,5.00%,$0.00B,$0.07B,2.96%,$0.00B,$0.07B,2.96%,$0.00B,$0.82B,0.26%,$0.00B,$0.14B,2.53%,$10,$4,$7,$0,$6,$9,$1,$0,$1,$0,$1,$1,$0,$0,$0,$3,3,$0.17,$0.17,$11,$0,$0,$631,$12,$151,$0,$21,$184,$815,$659,$76,$12,$88,$747,$0,$35,$0,$68,$815,$3,$1,$2,$3,$0,$0,$0,$-4,$-4,$2,$-1,$0,$0,$0,$-22,$-22,$-78,$-101,$-29,$12,$-18,$0,$0,$-2,$115,$96,$-3,$0,$-2
36,2009-09-30,10.03,$22.74,0.44,$13.30,0.75,$-4.33,0.0,0,0.0,$0.62B,$0.63B,0.98,$0.09B,$0.05B,1.67,$0.04B,$0.02B,57.50%,$0.04B,$0.00B,10.00%,$0.04B,0,0.00%,$0.04B,0,0.00%,$0.04B,$0.00B,10.00%,$0.04B,$0.00B,5.00%,$0.00B,$0.07B,2.97%,$0.00B,$0.07B,2.97%,$0.00B,$0.80B,0.26%,$0.00B,$0.15B,2.42%,$10,$4,$6,$0,$5,$9,$1,$0,$1,$1,$1,$1,$1,$0,$0,$3,3,$0.22,$0.22,$29,$0,$0,$619,$12,$150,$0,$17,$179,$798,$633,$86,$12,$98,$730,$0,$35,$0,$67,$798,$2,$1,$1,$2,$-1,$0,$0,$-0,$-1,$2,$-1,$0,$0,$0,$-21,$-21,$-46,$-68,$-19,$-1,$-21,$0,$0,$-2,$102,$80,$14,$0,$-2
37,2009-06-30,10.04,$22.61,0.44,$13.11,0.77,$-4.54,0.0,0,0.0,$0.62B,$0.60B,1.03,$0.10B,$0.05B,1.99,$0.04B,$0.02B,55.00%,$0.04B,$0.00B,10.00%,$0.04B,0,0.00%,$0.04B,0,0.00%,$0.04B,$0.00B,10.00%,$0.04B,$0.00B,5.00%,$0.00B,$0.07B,3.16%,$0.00B,$0.07B,3.16%,$0.00B,$0.78B,0.27%,$0.00B,$0.17B,2.41%,$10,$4,$6,$0,$5,$9,$1,$0,$1,$0,$1,$1,$0,$0,$0,$3,3,$0.10,$0.10,$27,$0,$0,$616,$12,$135,$0,$15,$162,$778,$599,$101,$12,$113,$711,$0,$34,$0,$67,$778,$1,$1,$1,$1,$-2,$0,$0,$-0,$-2,$0,$-1,$0,$0,$0,$-6,$-6,$-42,$-48,$-4,$-1,$-5,$0,$0,$-2,$68,$61,$13,$0,$-2
38,2009-03-31,11.7,$22.99,0.51,$12.95,0.9,$-4.45,0.0,0,0.0,$0.59B,$0.56B,1.04,$0.10B,$0.05B,1.94,$0.04B,$0.02B,55.00%,$0.04B,$0.01B,12.50%,$0.04B,0,0.00%,$0.04B,0,0.00%,$0.04B,$0.01B,12.50%,$0.04B,$0.00B,7.50%,$0.00B,$0.07B,5.08%,$0.00B,$0.07B,5.08%,$0.00B,$0.74B,0.43%,$0.01B,$0.17B,3.07%,$10,$4,$6,$0,$4,$9,$1,$0,$1,$0,$1,$1,$1,$0,$0,$3,3,$0.19,$0.19,$17,$0,$0,$585,$13,$128,$0,$14,$156,$740,$560,$100,$12,$112,$672,$0,$35,$0,$68,$740,$1,$0,$0,$0,$-17,$0,$0,$0,$-17,$-15,$-1,$0,$0,$0,$1,$1,$-6,$-5,$-5,$-1,$-6,$0,$0,$-0,$29,$23,$2,$0,$-0
39,2008-12-31,13.03,$22.77,0.57,$12.96,1.01,$1.35,9.66,0,0.0,$0.56B,$0.53B,1.05,$0.11B,$0.05B,2.07,$0.04B,$0.02B,52.50%,$0.04B,$0.01B,15.00%,$0.04B,0,0.00%,$0.04B,0,0.00%,$0.04B,$0.01B,15.00%,$0.04B,$0.00B,7.50%,$0.00B,$0.07B,5.50%,$0.00B,$0.07B,5.50%,$0.00B,$0.72B,0.45%,$0.01B,$0.17B,3.76%,$10,$4,$5,$0,$4,$9,$1,$0,$1,$0,$0,$0,$0,$0,$0,$3,3,$0.16,$0.16,$14,$0,$0,$560,$12,$129,$0,$15,$156,$717,$533,$105,$12,$117,$650,$0,$34,$0,$67,$717,$4,$1,$1,$2,$-0,$0,$0,$0,$0,$6,$-4,$0,$0,$0,$-22,$-22,$-91,$-116,$19,$-0,$19,$-0,$15,$-1,$80,$113,$3,$-0,$-1
40,2008-09-30,14.4,$17.26,0.83,$13.35,1.08,$1.04,13.86,0,0.0,$0.54B,$0.51B,1.06,$0.11B,$0.05B,2.06,$0.04B,$0.02B,52.50%,$0.04B,$0.01B,15.00%,$0.04B,0,0.00%,$0.04B,0,0.00%,$0.04B,$0.01B,15.00%,$0.04B,$0.00B,10.00%,$0.00B,$0.05B,8.00%,$0.00B,$0.05B,8.00%,$0.00B,$0.68B,0.63%,$0.01B,$0.16B,3.99%,$10,$4,$5,$0,$4,$9,$1,$0,$1,$0,$1,$1,$1,$0,$0,$3,3,$0.30,$0.29,$23,$0,$0,$540,$12,$111,$0,$14,$138,$677,$510,$105,$12,$117,$627,$0,$34,$-0,$51,$677,$3,$1,$-0,$1,$-0,$0,$0,$1,$0,$4,$-4,$0,$0,$0,$-4,$-4,$-61,$-68,$19,$-1,$18,$-0,$-0,$-1,$58,$75,$11,$0,$-1
41,2008-06-30,19.36,$16.90,1.15,$14.23,1.36,$1.30,14.88,0,0.0,$0.51B,$0.48B,1.06,$0.11B,$0.05B,2.11,$0.04B,$0.02B,54.76%,$0.04B,$0.01B,19.05%,$0.04B,0,0.00%,$0.04B,0,0.00%,$0.04B,$0.01B,19.05%,$0.04B,$0.01B,11.90%,$0.01B,$0.05B,10.53%,$0.01B,$0.05B,10.53%,$0.01B,$0.65B,0.81%,$0.01B,$0.16B,5.64%,$10,$4,$6,$0,$4,$8,$2,$0,$2,$1,$1,$1,$1,$0,$0,$3,3,$0.38,$0.37,$9,$0,$0,$507,$11,$113,$0,$14,$138,$645,$478,$105,$12,$117,$595,$0,$33,$-0,$50,$645,$2,$0,$-0,$0,$-0,$0,$0,$-1,$-1,$2,$-2,$0,$0,$0,$-6,$-6,$-41,$-49,$19,$7,$26,$-0,$-0,$-1,$20,$45,$-3,$0,$-1
42,2008-03-31,19.36,$17.04,1.14,$14.61,1.32,$1.44,13.47,0,0.0,$0.50B,$0.47B,1.06,$0.11B,$0.05B,2.09,$0.04B,$0.02B,52.38%,$0.04B,$0.01B,19.05%,$0.04B,0,0.00%,$0.04B,0,0.00%,$0.04B,$0.01B,19.05%,$0.04B,$0.01B,11.90%,$0.01B,$0.05B,11.17%,$0.01B,$0.05B,11.17%,$0.01B,$0.63B,0.83%,$0.01B,$0.16B,5.96%,$10,$5,$5,$0,$3,$8,$2,$0,$2,$1,$1,$1,$1,$0,$0,$3,3,$0.45,$0.42,$24,$0,$0,$495,$10,$115,$0,$13,$138,$634,$467,$105,$12,$117,$583,$0,$33,$0,$50,$634,$1,$0,$-0,$0,$-0,$0,$0,$1,$1,$2,$-1,$0,$0,$0,$-8,$-8,$-15,$-23,$19,$-1,$18,$-0,$-0,$0,$16,$34,$13,$0,$0
43,2007-12-31,19.13,$16.79,1.14,$14.90,1.28,$0.77,24.85,0,0.0,$0.47B,$0.45B,1.04,$0.09B,$0.05B,1.76,$0.04B,$0.02B,52.38%,$0.04B,$0.01B,19.05%,$0.04B,0,0.00%,$0.04B,0,0.00%,$0.04B,$0.01B,19.05%,$0.04B,$0.01B,11.90%,$0.01B,$0.05B,11.90%,$0.01B,$0.05B,11.90%,$0.01B,$0.60B,0.85%,$0.01B,$0.14B,6.31%,$10,$5,$5,$0,$4,$9,$1,$0,$1,$0,$1,$1,$1,$0,$0,$3,3,$0.32,$0.29,$11,$0,$0,$468,$9,$107,$0,$14,$130,$598,$452,$86,$12,$98,$550,$0,$32,$-0,$49,$598,$5,$1,$-1,$1,$-0,$0,$0,$-1,$-1,$5,$-4,$0,$0,$0,$5,$5,$-30,$-29,$-10,$-5,$-15,$-0,$-0,$-1,$34,$18,$-7,$0,$-1
44,2007-09-30,21.42,$15.50,1.38,$14.90,1.44,$2.21,9.69,0,0.0,$0.48B,$0.46B,1.03,$0.08B,$0.04B,1.98,$0.04B,$0.02B,52.38%,$0.04B,$0.01B,21.43%,$0.04B,0,0.00%,$0.04B,0,0.00%,$0.04B,$0.01B,21.43%,$0.04B,$0.01B,11.90%,$0.01B,$0.04B,12.74%,$0.01B,$0.04B,12.74%,$0.01B,$0.60B,0.86%,$0.01B,$0.12B,7.11%,$12,$5,$7,$0,$3,$9,$3,$0,$3,$1,$2,$2,$2,$0,$0,$3,3,$0.71,$0.67,$32,$0,$0,$476,$8,$100,$0,$13,$122,$598,$464,$81,$12,$93,$557,$0,$31,$-0,$41,$598,$4,$1,$-1,$0,$-0,$0,$0,$-0,$-0,$4,$-2,$0,$0,$0,$12,$12,$-17,$-8,$-15,$-5,$-20,$-0,$-0,$-1,$39,$18,$14,$0,$-1
45,2007-06-30,20.4,$14.70,1.39,$14.21,1.44,$2.95,6.9,0,0.0,$0.45B,$0.44B,1.02,$0.09B,$0.04B,2.21,$0.04B,$0.02B,50.00%,$0.04B,$0.01B,20.00%,$0.04B,0,0.00%,$0.04B,0,0.00%,$0.04B,$0.01B,20.00%,$0.04B,$0.00B,10.00%,$0.00B,$0.04B,10.46%,$0.00B,$0.04B,10.46%,$0.00B,$0.58B,0.69%,$0.01B,$0.13B,6.17%,$10,$5,$5,$0,$3,$8,$2,$0,$2,$1,$1,$1,$1,$0,$0,$3,3,$0.51,$0.47,$10,$0,$0,$454,$8,$105,$0,$14,$127,$581,$444,$86,$12,$98,$542,$0,$30,$-0,$39,$581,$2,$1,$0,$1,$0,$0,$0,$-1,$-1,$2,$-2,$0,$0,$0,$7,$7,$-19,$-13,$-10,$-1,$-11,$-0,$-0,$-1,$15,$3,$-8,$0,$-1
46,2007-03-31,21.08,$14.65,1.44,$13.90,1.52,$3.49,6.03,0,0.0,$0.45B,$0.45B,1.02,$0.09B,$0.04B,2.22,$0.04B,$0.02B,51.28%,$0.04B,$0.01B,20.51%,$0.04B,0,0.00%,$0.04B,0,0.00%,$0.04B,$0.01B,20.51%,$0.04B,$0.00B,10.26%,$0.00B,$0.04B,10.74%,$0.00B,$0.04B,10.74%,$0.00B,$0.58B,0.70%,$0.01B,$0.13B,6.13%,$10,$5,$5,$0,$3,$8,$2,$0,$2,$1,$1,$1,$1,$0,$0,$3,3,$0.38,$0.36,$15,$0,$0,$454,$8,$110,$0,$12,$130,$583,$447,$86,$12,$98,$545,$0,$29,$-0,$39,$583,$1,$0,$0,$0,$0,$0,$0,$-1,$-1,$1,$-1,$0,$0,$0,$4,$4,$-14,$-12,$-10,$-6,$-16,$0,$0,$0,$24,$8,$-4,$0,$0
47,2006-12-31,18.95,$14.28,1.33,$13.46,1.41,$4.11,4.62,0,0.0,$0.44B,$0.43B,1.03,$0.10B,$0.04B,2.55,$0.04B,$0.02B,52.63%,$0.04B,$0.01B,21.05%,$0.04B,0,0.00%,$0.04B,0,0.00%,$0.04B,$0.01B,21.05%,$0.04B,$0.00B,10.53%,$0.00B,$0.04B,11.03%,$0.00B,$0.04B,11.03%,$0.00B,$0.58B,0.71%,$0.01B,$0.13B,5.93%,$10,$5,$5,$0,$3,$8,$2,$0,$2,$1,$1,$1,$1,$0,$0,$3,3,$0.49,$0.47,$18,$0,$0,$444,$7,$113,$0,$12,$132,$575,$430,$96,$12,$108,$538,$0,$28,$-0,$38,$575,$4,$1,$-0,$1,$-0,$0,$0,$1,$1,$6,$-1,$0,$0,$0,$16,$16,$-53,$-39,$-12,$-14,$-25,$-1,$-1,$-1,$55,$28,$-4,$0,$-1
