,Date,Stock Price,Book Value per Share,Price to Book Ratio,TTM Sales per Share,Price to Sales Ratio,TTM FCF per Share,Price to FCF Ratio,TTM Net EPS,PE Ratio,Current Assets,Current Liabilities,Current Ratio,Long Term Debt,Shareholder's Equity_x,Debt to Equity Ratio,TTM Revenue_x,TTM Gross Profit,Gross Margin,TTM Revenue_y,TTM Operating Income,Operating Margin,TTM Revenue_x,TTM EBIT,EBIT Margin,TTM Revenue_y,TTM EBITDA,EBITDA Margin,TTM Revenue_x,TTM Pre-Tax Income,Pre-Tax Margin,TTM Revenue_y,TTM Net Income_x,Net Margin,TTM Net Income_y,Shareholder's Equity_y,Return on Equity,TTM Net Income_x,Tangible Equity,Return on Tangible Equity,TTM Net Income_y,Total Assets,Return on Assets,TTM Net Income,LT Investments & Debt,Return on Investment,revenue,cost-goods-sold,gross-profit,research-development-expenses,selling-general-administrative-expenses,operating-expenses,operating-income,total-non-operating-income-expense,pre-tax-income,total-provision-income-taxes,income-after-taxes,income-from-continuous-operations,net-income,ebitda,ebit,basic-shares-outstanding,shares-outstanding,eps-basic-net-earnings-per-share,eps-earnings-per-share-diluted,cash-on-hand,inventory,other-current-assets,total-current-assets,net-property-plant-equipment,long-term-investments,goodwill-intangible-assets-total,other-long-term-assets,total-long-term-assets,total-assets,total-current-liabilities,long-term-debt,other-non-current-liabilities,total-long-term-liabilities,total-liabilities,common-stock-net,retained-earnings-accumulated-deficit,comprehensive-income,total-share-holder-equity,total-liabilities-share-holders-equity,net-income-loss,total-depreciation-amortization-cash-flow,other-non-cash-items,total-non-cash-items,change-in-accounts-receivable,change-in-inventories,change-in-accounts-payable,change-in-assets-liabilities,total-change-in-assets-liabilities,cash-flow-from-operating-activities,net-change-in-property-plant-equipment,net-change-in-intangible-assets,net-acquisitions-divestitures,net-change-in-short-term-investments,net-change-in-long-term-investments,net-change-in-investments-total,investing-activities-other,cash-flow-from-investing-activities,net-long-term-debt,net-current-debt,debt-issuance-retirement-net-total,net-common-equity-issued-repurchased,net-total-equity-issued-repurchased,total-common-preferred-stock-dividends-paid,financial-activities-other,cash-flow-from-financial-activities,net-cash-flow,stock-based-compensation,common-stock-dividends-paid
0,2018-09-30,59.83,$-4.03,-14.83,$10.55,5.67,$-1.76,0.0,$1.15,52.03,$0.12B,$0.30B,0.4,$3.79B,$-0.25B,-15.41,$0.65B,$0.39B,60.62%,$0.65B,$0.17B,25.74%,$0.65B,$0.17B,25.74%,$0.65B,$0.33B,51.78%,$0.65B,$0.07B,10.70%,$0.65B,$0.08B,11.63%,$0.08B,$-0.25B,-38.71%,$0.08B,$-0.25B,-38.71%,$0.08B,$4.34B,1.75%,$0.17B,$3.55B,4.74%,$159,$58,$101,$0,$9,$114,$45,$-25,$20,$-1,$21,$38,$21,$91,$45,$61,61,$0.34,$0.34,$38,$0,$0,$121,$3279,$0,$0,$768,$4214,$4336,$300,$3793,$481,$4281,$4582,$1,$-712,$-16,$-246,$4336,$103,$124,$-2,$122,$-15,$0,$-11,$0,$-27,$210,$-219,$0,$0,$28,$-93,$-65,$6,$-279,$24,$216,$240,$-2,$-2,$-137,$-58,$43,$-31,$0,$-120
1,2018-06-30,58.76,$-3.43,-17.15,$10.47,5.61,$-2.29,0.0,$0.88,66.77,$0.11B,$0.28B,0.39,$3.80B,$-0.21B,-18.16,$0.64B,$0.38B,58.84%,$0.64B,$0.15B,23.00%,$0.64B,$0.15B,23.00%,$0.64B,$0.32B,49.30%,$0.64B,$0.05B,7.82%,$0.64B,$0.06B,9.08%,$0.06B,$-0.21B,-33.77%,$0.06B,$-0.21B,-33.77%,$0.06B,$4.36B,1.37%,$0.15B,$3.59B,4.28%,$153,$60,$93,$0,$9,$116,$37,$-21,$16,$0,$16,$30,$15,$80,$37,$61,61,$0.25,$0.25,$35,$0,$0,$111,$3255,$0,$0,$815,$4251,$4362,$284,$3795,$485,$4287,$4571,$1,$-692,$-6,$-209,$4362,$65,$78,$5,$84,$0,$0,$-25,$0,$-25,$131,$-149,$0,$0,$0,$-87,$-87,$5,$-231,$71,$170,$241,$-2,$-2,$-91,$-38,$109,$9,$0,$-80
2,2018-03-31,56.25,$-2.79,-20.2,$10.51,5.35,$-2.22,0.0,$0.92,61.14,$0.13B,$0.28B,0.47,$3.64B,$-0.17B,-21.43,$0.64B,$0.38B,58.50%,$0.64B,$0.15B,23.09%,$0.64B,$0.15B,23.09%,$0.64B,$0.31B,48.83%,$0.64B,$0.05B,7.64%,$0.64B,$0.06B,8.74%,$0.06B,$-0.17B,-37.40%,$0.06B,$-0.17B,-37.40%,$0.06B,$4.25B,1.35%,$0.15B,$3.47B,4.42%,$161,$62,$100,$0,$8,$108,$53,$-38,$15,$0,$15,$35,$19,$88,$53,$61,61,$0.31,$0.30,$54,$0,$0,$130,$3215,$0,$0,$731,$4116,$4246,$278,$3640,$490,$4138,$4416,$1,$-668,$0,$-170,$4246,$35,$35,$11,$46,$1,$0,$-35,$0,$-34,$51,$-59,$0,$0,$0,$2,$2,$5,$-52,$73,$13,$87,$-2,$-2,$-46,$-21,$18,$16,$0,$-40
3,2017-12-31,63.95,$-2.47,-25.93,$10.31,6.2,$-1.62,0.0,$0.90,71.05,$0.12B,$0.31B,0.4,$3.56B,$-0.15B,-23.69,$0.63B,$0.36B,57.87%,$0.63B,$0.13B,20.83%,$0.63B,$0.13B,20.83%,$0.63B,$0.30B,47.38%,$0.63B,$0.05B,7.47%,$0.63B,$0.05B,8.59%,$0.05B,$-0.15B,-42.11%,$0.05B,$-0.15B,-42.11%,$0.05B,$4.22B,1.31%,$0.13B,$3.41B,3.99%,$172,$75,$97,$0,$9,$142,$31,$-13,$18,$-0,$18,$38,$20,$75,$31,$61,61,$0.34,$0.34,$42,$0,$0,$122,$3184,$0,$0,$728,$4092,$4215,$307,$3555,$495,$4058,$4365,$1,$-647,$-7,$-150,$4215,$113,$168,$-2,$166,$-24,$0,$8,$0,$-16,$280,$-352,$0,$0,$0,$38,$38,$-10,$-324,$28,$270,$298,$6,$6,$-175,$-84,$46,$2,$0,$-152
4,2017-09-30,48.1,$-2.60,-18.49,$10.22,4.71,$-3.53,0.0,$1.05,45.81,$0.11B,$0.32B,0.35,$3.44B,$-0.16B,-21.77,$0.62B,$0.37B,58.59%,$0.62B,$0.14B,22.95%,$0.62B,$0.14B,22.95%,$0.62B,$0.30B,48.80%,$0.62B,$0.06B,9.95%,$0.62B,$0.06B,10.11%,$0.06B,$-0.16B,-58.06%,$0.06B,$-0.16B,-58.06%,$0.06B,$4.11B,1.55%,$0.14B,$3.28B,4.43%,$153,$67,$86,$0,$9,$127,$26,$-25,$1,$0,$1,$14,$4,$72,$26,$61,61,$0.07,$0.07,$38,$0,$0,$109,$3138,$0,$0,$567,$3999,$4108,$315,$3438,$503,$3951,$4266,$1,$-629,$-24,$-158,$4108,$75,$123,$13,$136,$-15,$0,$-2,$0,$-17,$207,$-249,$0,$0,$0,$71,$71,$-11,$-188,$30,$152,$182,$2,$2,$-131,$-64,$-12,$6,$0,$-114
5,2017-06-30,56.96,$-1.99,-28.61,$10.14,5.62,$-4.89,0.0,$1.29,44.16,$0.11B,$0.32B,0.34,$3.35B,$-0.12B,-27.72,$0.62B,$0.37B,59.55%,$0.62B,$0.15B,24.92%,$0.62B,$0.15B,24.92%,$0.62B,$0.31B,50.16%,$0.62B,$0.08B,12.94%,$0.62B,$0.08B,12.62%,$0.08B,$-0.12B,-94.83%,$0.08B,$-0.12B,-94.83%,$0.08B,$4.06B,1.93%,$0.15B,$3.23B,4.82%,$155,$62,$92,$0,$9,$116,$38,$-24,$15,$0,$14,$28,$13,$78,$38,$61,61,$0.22,$0.22,$42,$0,$0,$106,$3093,$0,$0,$572,$3956,$4062,$316,$3351,$506,$3867,$4183,$1,$-595,$-31,$-121,$4062,$60,$77,$10,$87,$-9,$0,$-1,$0,$-11,$146,$-159,$0,$0,$0,$71,$71,$-11,$-100,$18,$77,$95,$2,$2,$-87,$-44,$-34,$12,$0,$-76
6,2017-03-31,62.49,$-1.39,-44.95,$10.22,6.11,$-5.09,0.0,$1.64,38.11,$0.12B,$0.33B,0.35,$3.29B,$-0.08B,-38.96,$0.62B,$0.38B,60.77%,$0.62B,$0.18B,28.30%,$0.62B,$0.18B,28.30%,$0.62B,$0.32B,51.77%,$0.62B,$0.11B,17.20%,$0.62B,$0.10B,16.08%,$0.10B,$-0.08B,-158.10%,$0.10B,$-0.08B,-158.10%,$0.10B,$4.05B,2.52%,$0.18B,$3.20B,5.62%,$149,$60,$89,$0,$11,$113,$36,$-23,$13,$0,$13,$33,$17,$73,$36,$61,61,$0.28,$0.28,$51,$0,$0,$116,$3052,$0,$0,$585,$3929,$4045,$327,$3288,$505,$3802,$4129,$1,$-571,$-29,$-84,$4045,$33,$38,$32,$70,$-6,$0,$6,$0,$-0,$108,$-79,$0,$0,$0,$38,$38,$-11,$-53,$-2,$35,$33,$2,$2,$-44,$-25,$-33,$22,$0,$-38
7,2016-12-31,69.32,$-1.17,-59.24,$10.08,6.88,$-6.00,0.0,$1.76,39.38,$0.10B,$0.34B,0.31,$3.26B,$-0.07B,-46.03,$0.61B,$0.37B,61.11%,$0.61B,$0.18B,30.07%,$0.61B,$0.18B,30.07%,$0.61B,$0.32B,52.78%,$0.61B,$0.12B,19.61%,$0.61B,$0.11B,17.65%,$0.11B,$-0.07B,-583.78%,$0.11B,$-0.07B,-583.78%,$0.11B,$4.01B,2.78%,$0.18B,$3.19B,6.00%,$166,$69,$98,$0,$13,$123,$43,$-10,$33,$2,$31,$51,$29,$81,$43,$60,61,$0.48,$0.48,$41,$0,$0,$103,$3027,$0,$0,$606,$3908,$4011,$337,$3256,$481,$3745,$4082,$1,$-550,$-36,$-71,$4011,$188,$138,$-9,$129,$-33,$0,$1,$0,$-31,$305,$-494,$0,$0,$0,$-159,$-159,$-70,$-723,$391,$235,$626,$2,$2,$-167,$-210,$251,$-166,$0,$-144
8,2016-09-30,69.22,$-0.88,-78.6,$9.86,7.02,$-5.04,0.0,$1.70,40.72,$0.11B,$0.39B,0.3,$3.20B,$-0.05B,-60.2,$0.60B,$0.37B,61.79%,$0.60B,$0.20B,32.39%,$0.60B,$0.20B,32.39%,$0.60B,$0.33B,53.99%,$0.60B,$0.12B,20.60%,$0.60B,$0.11B,17.44%,$0.11B,$-0.05B,355.93%,$0.11B,$-0.05B,355.93%,$0.11B,$4.01B,2.79%,$0.20B,$3.15B,6.59%,$148,$59,$89,$0,$12,$111,$37,$-18,$19,$-0,$20,$35,$19,$78,$37,$60,61,$0.31,$0.31,$60,$0,$0,$114,$2978,$0,$0,$622,$3897,$4011,$387,$3204,$465,$3677,$4064,$1,$-543,$-26,$-53,$4011,$137,$100,$3,$103,$-13,$0,$2,$0,$-11,$242,$-366,$0,$0,$0,$-179,$-179,$-103,$-648,$366,$210,$576,$2,$2,$-125,$-193,$259,$-147,$0,$-108
9,2016-06-30,68.47,$-0.74,-92.56,$9.70,7.06,$-4.66,0.0,$1.88,36.42,$0.13B,$0.32B,0.42,$3.04B,$-0.05B,-68.0,$0.59B,$0.37B,62.46%,$0.59B,$0.21B,35.52%,$0.59B,$0.21B,35.52%,$0.59B,$0.33B,55.05%,$0.59B,$0.14B,24.07%,$0.59B,$0.12B,19.53%,$0.12B,$-0.05B,158.36%,$0.12B,$-0.05B,158.36%,$0.12B,$3.79B,3.19%,$0.21B,$2.99B,7.40%,$159,$57,$102,$0,$12,$99,$60,$-18,$42,$0,$42,$58,$35,$90,$60,$60,61,$0.58,$0.57,$84,$0,$0,$132,$2778,$0,$0,$586,$3655,$3787,$316,$3039,$469,$3516,$3831,$1,$-526,$-35,$-45,$3787,$102,$59,$4,$63,$0,$0,$-14,$0,$-14,$160,$-186,$0,$0,$0,$-148,$-148,$-104,$-437,$315,$98,$412,$2,$2,$-83,$-176,$155,$-123,$0,$-72
10,2016-03-31,65.18,$1.58,41.22,$9.20,7.08,$-5.14,0.0,$1.68,38.8,$0.23B,$0.31B,0.74,$2.84B,$0.10B,29.8,$0.57B,$0.35B,61.73%,$0.57B,$0.19B,34.04%,$0.57B,$0.19B,34.04%,$0.57B,$0.31B,53.97%,$0.57B,$0.13B,22.93%,$0.57B,$0.10B,18.34%,$0.10B,$0.10B,79.09%,$0.10B,$0.10B,79.09%,$0.10B,$3.73B,2.98%,$0.19B,$2.94B,7.14%,$139,$55,$85,$0,$11,$96,$44,$-18,$26,$0,$26,$44,$25,$74,$44,$60,61,$0.41,$0.41,$173,$0,$0,$228,$2705,$0,$0,$599,$3502,$3729,$310,$2843,$468,$3324,$3634,$1,$-524,$-29,$95,$3729,$44,$30,$2,$32,$-5,$0,$-12,$0,$-17,$63,$-90,$0,$0,$0,$-155,$-155,$-4,$-249,$73,$142,$216,$-0,$-0,$-42,$-21,$152,$-34,$0,$-36
11,2015-12-31,69.62,$2.01,34.71,$8.93,7.8,$-5.42,0.0,$1.75,39.78,$0.26B,$0.34B,0.79,$2.63B,$0.12B,21.75,$0.56B,$0.35B,62.48%,$0.56B,$0.20B,35.19%,$0.56B,$0.20B,35.19%,$0.56B,$0.30B,54.40%,$0.56B,$0.14B,24.96%,$0.56B,$0.11B,19.57%,$0.11B,$0.12B,57.90%,$0.11B,$0.12B,57.90%,$0.11B,$3.55B,3.26%,$0.20B,$2.75B,7.65%,$156,$60,$96,$0,$13,$102,$54,$-17,$37,$0,$37,$47,$26,$83,$54,$61,62,$0.43,$0.42,$207,$0,$0,$264,$2661,$0,$0,$440,$3283,$3547,$335,$2627,$464,$3091,$3426,$1,$-513,$-27,$121,$3547,$193,$106,$2,$108,$-16,$0,$7,$0,$-9,$308,$-441,$0,$0,$0,$-92,$-92,$27,$-505,$620,$0,$620,$5,$-248,$-161,$-83,$128,$-70,$0,$-138
12,2015-09-30,62.2,$2.03,30.61,$8.85,7.03,$22.86,2.72,$8.19,7.59,$0.31B,$0.31B,1.02,$2.59B,$0.12B,21.19,$0.56B,$0.35B,62.97%,$0.56B,$0.20B,36.49%,$0.56B,$0.20B,36.49%,$0.56B,$0.31B,54.56%,$0.56B,$0.11B,19.32%,$0.56B,$0.52B,93.56%,$0.52B,$0.12B,198.86%,$0.52B,$0.12B,198.86%,$0.52B,$3.50B,16.03%,$0.20B,$2.72B,8.21%,$140,$52,$88,$0,$9,$87,$53,$-15,$38,$1,$37,$52,$30,$80,$53,$61,61,$0.50,$0.50,$264,$0,$0,$311,$2553,$0,$0,$432,$3183,$3495,$307,$2594,$471,$3065,$3372,$1,$-504,$-33,$122,$3495,$146,$78,$2,$80,$-5,$0,$1,$0,$-4,$233,$-335,$0,$0,$0,$-74,$-74,$26,$-383,$570,$0,$570,$-246,$-246,$-121,$-65,$137,$-13,$0,$-104
13,2015-06-30,62.06,$3.10,20.05,$9.32,6.66,$23.85,2.6,$8.23,7.54,$0.09B,$0.30B,0.28,$2.21B,$0.19B,11.74,$0.60B,$0.37B,61.85%,$0.60B,$0.22B,36.30%,$0.60B,$0.22B,36.30%,$0.60B,$0.32B,52.94%,$0.60B,$0.11B,18.99%,$0.60B,$0.53B,88.57%,$0.53B,$0.19B,176.11%,$0.53B,$0.19B,176.11%,$0.53B,$3.18B,16.01%,$0.22B,$2.40B,9.09%,$132,$51,$81,$0,$12,$90,$42,$-13,$29,$1,$28,$42,$23,$69,$42,$62,62,$0.38,$0.37,$42,$0,$0,$86,$2457,$0,$0,$429,$3093,$3179,$304,$2212,$474,$2687,$2991,$1,$-500,$-19,$188,$3179,$93,$50,$1,$52,$1,$0,$-0,$0,$1,$155,$-211,$0,$0,$0,$-49,$-49,$19,$-240,$63,$125,$188,$-203,$-203,$-81,$-52,$-148,$-234,$0,$-70
14,2015-03-31,68.35,$5.17,13.21,$9.86,6.93,$24.43,2.8,$8.19,8.35,$0.15B,$0.31B,0.5,$2.06B,$0.32B,6.38,$0.63B,$0.39B,61.61%,$0.63B,$0.23B,36.18%,$0.63B,$0.23B,36.18%,$0.63B,$0.34B,53.40%,$0.63B,$0.11B,17.06%,$0.63B,$0.53B,82.94%,$0.53B,$0.32B,165.22%,$0.53B,$0.32B,165.22%,$0.53B,$3.16B,15.48%,$0.23B,$2.38B,9.78%,$129,$46,$83,$0,$12,$82,$47,$-12,$35,$1,$34,$51,$30,$71,$47,$63,64,$0.47,$0.47,$106,$0,$0,$154,$2403,$0,$0,$415,$3008,$3162,$307,$2057,$476,$2533,$2840,$1,$-489,$-21,$322,$3162,$51,$24,$-1,$23,$-3,$0,$-20,$0,$-23,$51,$-97,$0,$0,$0,$-20,$-20,$8,$-110,$32,$0,$32,$-87,$-87,$-41,$-17,$-113,$-171,$0,$-35
15,2014-12-31,67.25,$6.63,10.14,$10.54,6.38,$25.11,2.68,$13.46,5.0,$0.33B,$0.29B,1.12,$2.03B,$0.42B,4.82,$0.68B,$0.42B,61.41%,$0.68B,$0.25B,36.08%,$0.68B,$0.25B,36.08%,$0.68B,$0.37B,53.90%,$0.68B,$0.11B,16.35%,$0.68B,$0.86B,127.25%,$0.86B,$0.42B,282.58%,$0.86B,$0.42B,282.58%,$0.86B,$3.22B,24.77%,$0.25B,$2.45B,9.96%,$158,$58,$100,$0,$14,$97,$62,$-55,$6,$1,$6,$27,$440,$85,$62,$63,65,$6.94,$6.87,$276,$0,$0,$327,$2292,$0,$0,$408,$2888,$3215,$293,$2026,$477,$2502,$2795,$1,$-483,$-15,$420,$3215,$1278,$120,$-1069,$-949,$-1,$0,$16,$0,$16,$364,$1333,$0,$0,$0,$22,$22,$-63,$1293,$-601,$-158,$-759,$-1,$-1,$-461,$-200,$-1421,$235,$0,$-438
16,2014-09-30,59.98,$4.22,14.22,$11.38,5.27,$0.32,185.01,$7.22,8.31,$0.09B,$0.28B,0.31,$2.02B,$0.27B,7.55,$0.73B,$0.45B,61.26%,$0.73B,$0.26B,35.74%,$0.73B,$0.26B,35.74%,$0.73B,$0.40B,54.57%,$0.73B,$0.15B,20.87%,$0.73B,$0.46B,63.30%,$0.46B,$0.27B,316.18%,$0.46B,$0.27B,316.18%,$0.46B,$3.61B,13.03%,$0.26B,$2.28B,10.24%,$176,$72,$104,$0,$11,$111,$65,$-22,$43,$1,$42,$57,$34,$90,$65,$63,64,$0.53,$0.53,$46,$0,$0,$86,$2192,$0,$0,$1185,$3526,$3612,$275,$2016,$1054,$3070,$3345,$1,$-587,$-9,$267,$3612,$622,$97,$-479,$-382,$5,$0,$-2,$0,$2,$250,$-293,$0,$386,$0,$-38,$-38,$-32,$23,$11,$-122,$-111,$-1,$-1,$-120,$-36,$-268,$5,$0,$-103
17,2014-06-30,61.85,$4.14,14.93,$11.63,5.32,$2.17,28.49,$7.07,8.75,$0.17B,$0.26B,0.66,$2.00B,$0.26B,7.63,$0.75B,$0.46B,61.65%,$0.75B,$0.26B,34.89%,$0.75B,$0.26B,34.89%,$0.75B,$0.42B,55.39%,$0.75B,$0.14B,18.91%,$0.75B,$0.45B,60.45%,$0.45B,$0.26B,1681.48%,$0.45B,$0.26B,1681.48%,$0.45B,$3.58B,12.91%,$0.26B,$2.26B,9.77%,$170,$67,$103,$0,$12,$115,$55,$-31,$24,$0,$24,$39,$21,$92,$55,$63,64,$0.34,$0.33,$132,$0,$0,$171,$2089,$0,$0,$1167,$3410,$3581,$262,$1998,$1060,$3057,$3319,$1,$-587,$-10,$262,$3581,$565,$72,$-480,$-408,$2,$0,$-21,$0,$-20,$143,$-164,$0,$0,$0,$372,$372,$-36,$172,$-41,$-88,$-129,$-2,$-2,$-80,$-12,$-224,$91,$0,$-68
18,2014-03-31,57.33,$4.33,13.25,$11.72,4.89,$3.43,16.72,$7.02,8.17,$0.24B,$0.28B,0.84,$2.58B,$0.27B,9.43,$0.76B,$0.47B,61.40%,$0.76B,$0.26B,34.52%,$0.76B,$0.26B,34.52%,$0.76B,$0.42B,54.94%,$0.76B,$0.14B,18.45%,$0.76B,$0.45B,59.42%,$0.45B,$0.27B,-522.90%,$0.45B,$0.27B,-522.90%,$0.45B,$3.55B,13.01%,$0.26B,$2.85B,9.37%,$175,$65,$110,$0,$12,$111,$63,$-25,$38,$1,$38,$50,$369,$99,$63,$63,65,$5.84,$5.74,$178,$0,$0,$238,$2771,$0,$0,$375,$3308,$3546,$284,$2580,$409,$2989,$3272,$1,$-574,$-13,$274,$3546,$526,$35,$-486,$-451,$-3,$0,$-14,$0,$-17,$63,$-65,$0,$386,$0,$-2,$-2,$-38,$281,$0,$-69,$-69,$-2,$-2,$-40,$-95,$-206,$137,$0,$-34
19,2013-12-31,51.36,$-3.42,-15.03,$11.86,4.33,$4.05,12.69,$1.71,30.04,$0.12B,$0.29B,0.4,$3.06B,$-0.22B,-14.18,$0.77B,$0.48B,61.93%,$0.77B,$0.27B,34.94%,$0.77B,$0.27B,34.94%,$0.77B,$0.42B,55.28%,$0.77B,$0.14B,18.12%,$0.77B,$0.11B,14.34%,$0.11B,$-0.22B,-54.79%,$0.11B,$-0.22B,-54.79%,$0.11B,$3.51B,3.23%,$0.27B,$2.84B,9.76%,$212,$80,$132,$0,$13,$132,$79,$-31,$48,$1,$48,$66,$40,$119,$79,$64,65,$0.63,$0.62,$41,$0,$0,$116,$2968,$0,$0,$333,$3390,$3506,$292,$3058,$372,$3430,$3722,$1,$-909,$-9,$-216,$3506,$189,$156,$-3,$153,$-12,$0,$30,$0,$18,$371,$-284,$0,$0,$0,$-109,$-109,$21,$-371,$387,$-274,$112,$-54,$110,$-148,$-66,$9,$9,$0,$-127
20,2013-09-30,53.67,$-3.33,-16.12,$12.00,4.47,$3.94,13.61,$1.53,35.08,$0.10B,$0.29B,0.33,$2.99B,$-0.21B,-14.12,$0.77B,$0.47B,61.18%,$0.77B,$0.26B,34.25%,$0.77B,$0.26B,34.25%,$0.77B,$0.42B,54.77%,$0.77B,$0.13B,17.12%,$0.77B,$0.10B,12.81%,$0.10B,$-0.21B,-42.06%,$0.10B,$-0.21B,-42.06%,$0.10B,$3.44B,2.93%,$0.26B,$2.77B,9.75%,$194,$76,$118,$0,$12,$128,$65,$-33,$32,$1,$31,$43,$24,$106,$65,$64,65,$0.38,$0.38,$32,$0,$0,$95,$2913,$0,$0,$343,$3343,$3439,$286,$2986,$379,$3365,$3650,$1,$-917,$-14,$-212,$3439,$123,$116,$-0,$116,$0,$0,$20,$0,$20,$269,$-193,$0,$13,$2,$-110,$-107,$-1,$-288,$39,$0,$39,$-25,$140,$-111,$-48,$20,$0,$0,$-96
21,2013-06-30,59.49,$-3.00,-19.83,$12.06,4.93,$3.46,17.19,$1.50,39.66,$0.12B,$0.27B,0.45,$2.91B,$-0.19B,-15.2,$0.76B,$0.46B,60.97%,$0.76B,$0.27B,34.82%,$0.76B,$0.27B,34.82%,$0.76B,$0.42B,54.80%,$0.76B,$0.13B,17.35%,$0.76B,$0.10B,12.61%,$0.10B,$-0.19B,-43.24%,$0.10B,$-0.19B,-43.24%,$0.10B,$3.37B,2.93%,$0.27B,$2.72B,10.13%,$178,$72,$106,$0,$13,$123,$55,$-33,$22,$0,$22,$34,$18,$93,$55,$64,65,$0.28,$0.28,$63,$0,$0,$123,$2878,$0,$0,$281,$3247,$3370,$272,$2911,$379,$3289,$3561,$1,$-910,$-18,$-191,$3370,$80,$75,$-1,$74,$9,$0,$2,$0,$11,$171,$-111,$0,$0,$2,$-59,$-56,$12,$-155,$-38,$0,$-38,$-3,$161,$-73,$-34,$15,$31,$0,$-64
22,2013-03-31,61.08,$-2.90,-21.09,$12.29,4.97,$2.98,20.52,$1.49,40.99,$0.14B,$0.27B,0.51,$2.83B,$-0.18B,-15.35,$0.76B,$0.46B,60.63%,$0.76B,$0.27B,35.04%,$0.76B,$0.27B,35.04%,$0.76B,$0.42B,54.86%,$0.76B,$0.13B,17.19%,$0.76B,$0.09B,12.34%,$0.09B,$-0.18B,-34.98%,$0.09B,$-0.18B,-34.98%,$0.09B,$3.30B,2.93%,$0.27B,$2.65B,10.47%,$183,$65,$119,$0,$12,$114,$69,$-32,$37,$1,$36,$46,$28,$106,$69,$63,65,$0.44,$0.43,$74,$0,$0,$138,$2859,$0,$0,$218,$3165,$3303,$270,$2832,$384,$3217,$3487,$1,$-895,$-24,$-184,$3303,$46,$37,$-1,$36,$8,$0,$-4,$0,$4,$90,$-52,$0,$0,$2,$0,$2,$13,$-37,$-118,$0,$-118,$-3,$161,$-35,$-20,$-12,$42,$0,$-32
23,2012-12-31,61.51,$-5.45,-11.29,$12.28,5.01,$1.84,33.41,$1.36,45.23,$0.10B,$0.28B,0.37,$2.95B,$-0.35B,-8.56,$0.75B,$0.45B,59.63%,$0.75B,$0.26B,34.22%,$0.75B,$0.26B,34.22%,$0.75B,$0.41B,54.28%,$0.75B,$0.11B,15.24%,$0.75B,$0.08B,11.23%,$0.08B,$-0.35B,-26.88%,$0.08B,$-0.35B,-26.88%,$0.08B,$3.27B,2.66%,$0.26B,$2.61B,10.10%,$210,$84,$125,$0,$12,$136,$73,$-33,$40,$4,$36,$49,$28,$114,$73,$60,61,$0.45,$0.45,$32,$0,$0,$103,$2850,$0,$0,$220,$3165,$3268,$278,$2952,$383,$3335,$3613,$1,$-891,$-22,$-345,$3268,$158,$150,$1,$151,$-24,$0,$28,$0,$3,$324,$-248,$0,$0,$0,$74,$74,$300,$126,$94,$-281,$-187,$215,$215,$-126,$-344,$-443,$8,$0,$-112
24,2012-09-30,59.6,$-2.72,-21.95,$12.06,4.94,$4.08,14.59,$3.42,17.43,$0.07B,$0.27B,0.27,$2.66B,$-0.17B,-15.84,$0.73B,$0.44B,60.00%,$0.73B,$0.26B,35.72%,$0.73B,$0.26B,35.72%,$0.73B,$0.40B,55.31%,$0.73B,$0.11B,15.31%,$0.73B,$0.21B,28.28%,$0.21B,$-0.17B,-65.86%,$0.21B,$-0.17B,-65.86%,$0.21B,$3.15B,6.47%,$0.26B,$2.49B,10.30%,$190,$76,$114,$0,$10,$122,$68,$-35,$33,$1,$32,$45,$22,$104,$68,$61,62,$0.36,$0.35,$29,$0,$0,$73,$2840,$0,$0,$127,$3079,$3153,$267,$2655,$317,$3053,$3320,$1,$-890,$-31,$-168,$3153,$109,$109,$2,$111,$-1,$0,$17,$0,$16,$245,$-202,$0,$0,$0,$96,$96,$295,$190,$-205,$-281,$-486,$199,$198,$-94,$-47,$-429,$5,$0,$-83
25,2012-06-30,59.59,$-6.42,-9.28,$11.67,5.11,$5.83,10.23,$3.21,18.56,$0.09B,$0.25B,0.35,$2.84B,$-0.38B,-7.51,$0.69B,$0.42B,59.94%,$0.69B,$0.25B,35.59%,$0.69B,$0.25B,35.59%,$0.69B,$0.39B,55.62%,$0.69B,$0.10B,14.55%,$0.69B,$0.19B,27.52%,$0.19B,$-0.38B,-49.45%,$0.19B,$-0.38B,-49.45%,$0.19B,$3.10B,6.34%,$0.25B,$2.46B,10.26%,$179,$76,$104,$0,$10,$122,$57,$-37,$21,$0,$20,$31,$16,$94,$57,$59,60,$0.28,$0.27,$45,$0,$0,$87,$2795,$0,$0,$81,$3009,$3096,$249,$2836,$307,$3225,$3474,$1,$-884,$-30,$-378,$3096,$64,$73,$1,$74,$6,$0,$-5,$0,$2,$146,$-119,$0,$0,$0,$112,$112,$295,$288,$-25,$-281,$-306,$-10,$-10,$-62,$-34,$-412,$21,$0,$-54
26,2012-03-31,55.99,$-6.11,-9.17,$11.27,4.97,$6.96,8.04,$3.09,18.12,$0.08B,$0.23B,0.36,$2.95B,$-0.36B,-8.21,$0.66B,$0.40B,60.09%,$0.66B,$0.24B,35.39%,$0.66B,$0.24B,35.39%,$0.66B,$0.37B,55.87%,$0.66B,$0.10B,14.46%,$0.66B,$0.18B,27.56%,$0.18B,$-0.36B,-45.92%,$0.18B,$-0.36B,-45.92%,$0.18B,$3.10B,6.40%,$0.24B,$2.59B,10.17%,$169,$67,$103,$0,$8,$111,$58,$-37,$20,$0,$20,$32,$18,$94,$58,$58,60,$0.30,$0.30,$27,$0,$0,$83,$2801,$0,$0,$81,$3013,$3096,$233,$2946,$194,$3223,$3455,$1,$-873,$-26,$-359,$3096,$32,$36,$0,$37,$1,$0,$-13,$0,$-12,$61,$-94,$0,$0,$0,$3,$3,$290,$200,$82,$-281,$-199,$-11,$-11,$-31,$-16,$-257,$3,$0,$-27
27,2011-12-31,47.36,$-5.87,-8.07,$11.07,4.28,$8.07,5.87,$2.98,15.89,$0.09B,$0.26B,0.34,$2.86B,$-0.34B,-8.41,$0.65B,$0.39B,59.84%,$0.65B,$0.23B,35.19%,$0.65B,$0.23B,35.19%,$0.65B,$0.36B,55.66%,$0.65B,$0.10B,15.04%,$0.65B,$0.18B,27.29%,$0.18B,$-0.34B,-40.27%,$0.18B,$-0.34B,-40.27%,$0.18B,$3.34B,6.47%,$0.23B,$2.52B,10.34%,$187,$73,$114,$0,$9,$111,$76,$-32,$37,$0,$36,$50,$149,$109,$76,$57,59,$2.62,$2.55,$24,$0,$0,$85,$2749,$0,$0,$371,$3251,$3337,$255,$2864,$474,$3422,$3677,$1,$-863,$-28,$-340,$3337,$287,$133,$-162,$-30,$-21,$0,$20,$0,$-1,$270,$-66,$0,$0,$0,$-16,$-16,$-287,$-368,$203,$0,$203,$115,$88,$-115,$-72,$103,$5,$0,$-100
28,2011-09-30,38.08,$-8.08,-4.71,$10.84,3.51,$8.09,4.71,$1.07,35.59,$0.08B,$0.27B,0.28,$2.53B,$-0.47B,-5.4,$0.62B,$0.39B,62.18%,$0.62B,$0.23B,37.02%,$0.62B,$0.23B,37.02%,$0.62B,$0.36B,57.37%,$0.62B,$0.12B,19.71%,$0.62B,$0.06B,9.62%,$0.06B,$-0.47B,-12.40%,$0.06B,$-0.47B,-12.40%,$0.06B,$2.52B,2.38%,$0.23B,$2.06B,11.02%,$159,$63,$95,$0,$8,$102,$56,$-30,$23,$0,$23,$34,$8,$89,$56,$58,60,$0.15,$0.14,$22,$0,$0,$75,$2280,$0,$0,$74,$2443,$2518,$268,$2525,$193,$2718,$2986,$1,$-986,$-27,$-468,$2518,$67,$100,$14,$113,$-4,$0,$10,$0,$6,$196,$-50,$0,$0,$0,$-1,$-1,$-9,$-60,$-129,$0,$-129,$110,$110,$-85,$-29,$-133,$2,$0,$-74
29,2011-06-30,44.46,$-7.37,-6.03,$10.97,4.05,$8.02,5.55,$0.94,47.3,$0.06B,$0.25B,0.24,$2.50B,$-0.43B,-5.87,$0.62B,$0.38B,61.61%,$0.62B,$0.21B,34.19%,$0.62B,$0.21B,34.19%,$0.62B,$0.35B,56.61%,$0.62B,$0.10B,15.97%,$0.62B,$0.05B,8.55%,$0.05B,$-0.43B,-10.55%,$0.05B,$-0.43B,-10.55%,$0.05B,$2.50B,2.10%,$0.21B,$2.08B,10.04%,$149,$62,$87,$0,$8,$104,$45,$-29,$16,$-0,$16,$27,$8,$79,$45,$56,58,$0.15,$0.15,$17,$0,$0,$59,$2296,$0,$0,$74,$2436,$2495,$245,$2504,$173,$2677,$2922,$1,$-969,$-14,$-427,$2495,$45,$66,$7,$74,$1,$0,$-2,$0,$-1,$125,$-33,$0,$0,$0,$7,$7,$1,$-25,$-150,$0,$-150,$110,$110,$-56,$-5,$-102,$-3,$0,$-49
30,2011-03-31,39.93,$-9.18,-4.35,$11.15,3.58,$7.84,5.09,$0.93,42.94,$0.07B,$0.24B,0.29,$2.64B,$-0.51B,-5.14,$0.63B,$0.38B,61.44%,$0.63B,$0.21B,34.08%,$0.63B,$0.21B,34.08%,$0.63B,$0.35B,56.64%,$0.63B,$0.09B,14.72%,$0.63B,$0.05B,8.32%,$0.05B,$-0.51B,-9.94%,$0.05B,$-0.51B,-9.94%,$0.05B,$2.54B,2.04%,$0.21B,$2.12B,9.97%,$150,$60,$90,$0,$7,$99,$50,$-30,$21,$0,$20,$31,$11,$82,$50,$56,57,$0.19,$0.19,$21,$0,$0,$70,$2320,$0,$0,$74,$2466,$2536,$239,$2637,$172,$2809,$3048,$1,$-953,$-13,$-513,$2536,$24,$32,$4,$36,$-2,$0,$-9,$0,$-11,$53,$-21,$0,$0,$0,$6,$6,$0,$-15,$-19,$0,$-19,$-2,$-2,$-28,$13,$-36,$2,$0,$-24
31,2010-12-31,37.31,$-9.65,-3.87,$11.31,3.3,$7.99,4.67,$0.85,43.89,$0.07B,$0.25B,0.29,$2.66B,$-0.53B,-5.03,$0.63B,$0.38B,61.18%,$0.63B,$0.21B,33.23%,$0.63B,$0.21B,33.23%,$0.63B,$0.35B,56.55%,$0.63B,$0.08B,12.46%,$0.63B,$0.05B,7.51%,$0.05B,$-0.53B,-9.06%,$0.05B,$-0.53B,-9.06%,$0.05B,$2.55B,1.84%,$0.21B,$2.13B,9.65%,$166,$49,$116,$0,$9,$86,$80,$-17,$63,$0,$63,$79,$33,$108,$80,$55,56,$0.60,$0.60,$19,$0,$0,$71,$2329,$0,$0,$85,$2476,$2547,$248,$2657,$170,$2827,$3075,$1,$-939,$-15,$-528,$2547,$102,$145,$10,$155,$-22,$0,$18,$0,$-4,$265,$-69,$0,$0,$0,$26,$26,$-1,$-45,$-30,$0,$-30,$3,$3,$-117,$-72,$-217,$3,$0,$-102
32,2010-09-30,32.84,$-9.90,-3.32,$11.26,2.92,$7.83,4.19,$0.33,99.52,$0.06B,$0.24B,0.23,$2.66B,$-0.54B,-4.91,$0.62B,$0.37B,60.36%,$0.62B,$0.20B,32.52%,$0.62B,$0.20B,32.52%,$0.62B,$0.35B,55.83%,$0.62B,$0.23B,37.54%,$0.62B,$0.02B,2.91%,$0.02B,$-0.54B,-3.56%,$0.02B,$-0.54B,-3.56%,$0.02B,$2.53B,0.70%,$0.20B,$2.12B,9.23%,$155,$66,$89,$0,$7,$118,$37,$-39,$-1,$0,$-2,$8,$1,$82,$37,$55,56,$0.01,$0.01,$17,$0,$0,$55,$2325,$0,$0,$76,$2475,$2530,$240,$2658,$173,$2831,$3071,$1,$-938,$-22,$-541,$2530,$44,$118,$2,$120,$-8,$0,$15,$0,$6,$178,$-46,$0,$0,$0,$28,$28,$-2,$-20,$-30,$0,$-30,$2,$2,$-79,$-50,$-157,$1,$0,$-68
33,2010-06-30,27.44,$-9.34,-2.94,$11.55,2.38,$8.32,3.3,$-1.45,0.0,$0.05B,$0.22B,0.23,$2.69B,$-0.51B,-5.27,$0.63B,$0.38B,61.02%,$0.63B,$0.22B,34.66%,$0.63B,$0.22B,34.66%,$0.63B,$0.35B,56.55%,$0.63B,$0.08B,13.42%,$0.63B,$-0.08B,-12.30%,$-0.08B,$-0.51B,15.82%,$-0.08B,$-0.51B,15.82%,$-0.08B,$2.56B,-2.98%,$0.22B,$2.18B,9.85%,$154,$65,$89,$0,$7,$108,$46,$-37,$9,$0,$9,$18,$7,$82,$46,$55,56,$0.14,$0.14,$9,$0,$0,$50,$2347,$0,$0,$89,$2511,$2561,$224,$2688,$159,$2847,$3071,$1,$-916,$-22,$-510,$2561,$35,$73,$1,$74,$-8,$0,$2,$0,$-6,$109,$-31,$0,$0,$0,$1,$1,$-2,$-32,$-1,$0,$-1,$2,$2,$-53,$-32,$-84,$-7,$0,$-45
34,2010-03-31,28.82,$-9.09,-3.17,$11.77,2.45,$8.56,3.37,$-1.42,0.0,$0.06B,$0.22B,0.27,$2.69B,$-0.50B,-5.44,$0.63B,$0.39B,61.33%,$0.63B,$0.22B,35.18%,$0.63B,$0.22B,35.18%,$0.63B,$0.36B,56.89%,$0.63B,$0.09B,13.95%,$0.63B,$-0.08B,-11.89%,$-0.08B,$-0.50B,17.37%,$-0.08B,$-0.50B,17.37%,$-0.08B,$2.57B,-2.82%,$0.22B,$2.20B,9.76%,$151,$62,$89,$0,$7,$107,$45,$-37,$7,$0,$7,$17,$6,$82,$45,$54,54,$0.12,$0.11,$14,$0,$0,$58,$2368,$0,$0,$87,$2515,$2572,$216,$2693,$158,$2851,$3067,$1,$-901,$-23,$-495,$2572,$17,$37,$1,$38,$0,$0,$-8,$0,$-8,$49,$-11,$0,$0,$0,$1,$1,$-3,$-12,$2,$0,$2,$-0,$-0,$-26,$-15,$-39,$-2,$0,$-23
35,2009-12-31,25.66,$-8.74,-2.94,$11.95,2.15,$8.44,3.04,$-1.75,0.0,$0.06B,$0.23B,0.27,$2.69B,$-0.48B,-5.67,$0.64B,$0.39B,61.76%,$0.64B,$0.23B,35.74%,$0.64B,$0.23B,35.74%,$0.64B,$0.36B,57.05%,$0.64B,$0.10B,15.05%,$0.64B,$-0.07B,-10.97%,$-0.07B,$-0.48B,18.56%,$-0.07B,$-0.48B,18.56%,$-0.07B,$2.61B,-2.55%,$0.23B,$2.22B,9.66%,$158,$52,$106,$0,$7,$85,$73,$144,$217,$1,$215,$198,$4,$99,$73,$53,54,$0.07,$0.08,$16,$0,$0,$62,$2396,$0,$0,$90,$2545,$2607,$230,$2691,$160,$2851,$3082,$1,$-885,$-24,$-475,$2607,$-79,$137,$181,$318,$5,$0,$-19,$0,$-14,$236,$-55,$0,$0,$0,$8,$8,$53,$6,$-105,$0,$-105,$15,$15,$-125,$-69,$-285,$-43,$0,$-110
36,2009-09-30,25.47,$-8.77,-2.9,$12.63,2.02,$8.08,3.15,$-3.68,0.0,$0.05B,$0.23B,0.21,$2.69B,$-0.47B,-5.76,$0.67B,$0.40B,60.00%,$0.67B,$0.22B,33.43%,$0.67B,$0.22B,33.43%,$0.67B,$0.37B,55.82%,$0.67B,$-0.21B,-31.04%,$0.67B,$-0.18B,-26.12%,$-0.18B,$-0.47B,54.10%,$-0.18B,$-0.47B,54.10%,$-0.18B,$2.61B,-6.16%,$0.22B,$2.22B,9.18%,$163,$65,$98,$0,$7,$110,$53,$-203,$-149,$-0,$-149,$-139,$-94,$91,$53,$53,53,$-1.77,$-1.77,$19,$0,$0,$49,$2415,$0,$0,$88,$2558,$2607,$230,$2686,$157,$2844,$3074,$1,$-866,$-26,$-467,$2607,$-93,$110,$171,$281,$14,$0,$-23,$0,$-8,$188,$-37,$0,$0,$0,$61,$61,$5,$30,$-110,$0,$-110,$-1,$-1,$-99,$-52,$-262,$-44,$0,$-88
37,2009-06-30,18.73,$-5.46,-3.43,$12.62,1.48,$7.12,2.63,$-1.74,0.0,$0.05B,$0.23B,0.2,$2.76B,$-0.29B,-9.52,$0.67B,$0.40B,59.46%,$0.67B,$0.22B,33.23%,$0.67B,$0.22B,33.23%,$0.67B,$0.37B,55.29%,$0.67B,$-0.04B,-6.26%,$0.67B,$-0.07B,-10.73%,$-0.07B,$-0.29B,32.58%,$-0.07B,$-0.29B,32.58%,$-0.07B,$2.86B,-2.41%,$0.22B,$2.47B,8.69%,$159,$65,$94,$0,$7,$108,$51,$-38,$13,$0,$12,$21,$9,$87,$51,$53,53,$0.17,$0.17,$12,$0,$0,$46,$2602,$0,$0,$89,$2812,$2858,$234,$2759,$155,$2914,$3148,$1,$-750,$-26,$-290,$2858,$45,$72,$5,$77,$3,$0,$-19,$0,$-15,$112,$-25,$0,$0,$0,$4,$4,$5,$-16,$-38,$0,$-38,$-1,$-1,$-73,$-34,$-146,$-50,$0,$-66
38,2009-03-31,11.7,$-5.21,-2.25,$12.63,0.93,$6.47,1.81,$-1.90,0.0,$0.09B,$0.24B,0.38,$2.81B,$-0.28B,-10.15,$0.67B,$0.40B,59.08%,$0.67B,$0.22B,32.74%,$0.67B,$0.22B,32.74%,$0.67B,$0.37B,54.76%,$0.67B,$-0.04B,-6.25%,$0.67B,$-0.08B,-12.05%,$-0.08B,$-0.28B,50.63%,$-0.08B,$-0.28B,50.63%,$-0.08B,$2.92B,-2.64%,$0.22B,$2.53B,8.36%,$158,$61,$96,$0,$7,$107,$51,$-36,$15,$0,$14,$25,$11,$87,$51,$53,53,$0.22,$0.22,$42,$0,$0,$88,$2626,$0,$0,$89,$2834,$2922,$235,$2810,$154,$2964,$3199,$1,$-737,$-30,$-277,$2922,$25,$36,$2,$38,$1,$0,$-21,$0,$-20,$45,$-14,$0,$0,$0,$1,$1,$1,$-12,$13,$0,$13,$-1,$-1,$-48,$-18,$-53,$-20,$0,$-44
39,2008-12-31,17.07,$-4.91,-3.48,$12.62,1.35,$5.93,2.88,$-1.59,0.0,$0.11B,$0.28B,0.39,$2.80B,$-0.26B,-10.75,$0.67B,$0.39B,58.72%,$0.67B,$0.22B,32.64%,$0.67B,$0.22B,32.64%,$0.67B,$0.37B,54.55%,$0.67B,$-0.04B,-6.41%,$0.67B,$-0.09B,-12.97%,$-0.09B,$-0.26B,86.14%,$-0.09B,$-0.26B,86.14%,$-0.09B,$2.98B,-2.77%,$0.22B,$2.54B,8.12%,$190,$76,$114,$0,$5,$121,$69,$-155,$-87,$0,$-87,$-81,$-101,$109,$69,$53,53,$-1.91,$-1.91,$62,$0,$0,$111,$2650,$0,$0,$90,$2864,$2975,$284,$2797,$154,$2951,$3235,$1,$-726,$-30,$-260,$2975,$-8,$147,$121,$269,$-7,$0,$-12,$0,$-20,$252,$-94,$0,$-12,$0,$51,$51,$-57,$-111,$97,$0,$97,$4,$4,$-102,$-125,$-127,$13,$0,$-88
40,2008-09-30,32.95,$-1.08,-30.65,$12.36,2.67,$3.67,8.99,$0.67,49.18,$0.08B,$0.27B,0.3,$2.78B,$-0.06B,-48.89,$0.66B,$0.39B,58.79%,$0.66B,$0.21B,31.97%,$0.66B,$0.21B,31.97%,$0.66B,$0.36B,53.94%,$0.66B,$0.07B,10.61%,$0.66B,$0.04B,5.30%,$0.04B,$-0.06B,-87.50%,$0.04B,$-0.06B,-87.50%,$0.04B,$3.18B,1.10%,$0.21B,$2.73B,7.71%,$164,$69,$95,$0,$7,$111,$52,$-36,$17,$0,$17,$28,$9,$88,$52,$53,53,$0.17,$0.17,$37,$0,$0,$80,$2788,$0,$0,$93,$3102,$3182,$266,$2784,$152,$2973,$3239,$1,$-603,$-8,$-57,$3182,$73,$107,$1,$108,$8,$0,$-22,$0,$-13,$176,$-74,$0,$0,$-2,$-13,$-15,$0,$-89,$84,$0,$84,$4,$4,$-77,$-107,$-97,$-10,$0,$-66
41,2008-06-30,31.79,$-0.87,-36.39,$12.13,2.62,$1.80,17.66,$0.65,48.91,$0.08B,$0.27B,0.29,$2.77B,$-0.05B,-60.0,$0.65B,$0.38B,58.89%,$0.65B,$0.21B,31.84%,$0.65B,$0.21B,31.84%,$0.65B,$0.35B,53.79%,$0.65B,$0.07B,10.36%,$0.65B,$0.03B,5.26%,$0.03B,$-0.05B,-114.29%,$0.03B,$-0.05B,-114.29%,$0.03B,$3.20B,1.07%,$0.21B,$2.73B,7.58%,$160,$69,$92,$0,$8,$113,$48,$-35,$13,$0,$13,$21,$0,$84,$48,$53,53,$0.01,$0.01,$34,$0,$0,$79,$2799,$0,$0,$92,$3118,$3198,$271,$2774,$153,$2973,$3244,$1,$-590,$-7,$-46,$3198,$45,$72,$0,$72,$4,$0,$-23,$0,$-19,$102,$-49,$0,$0,$0,$1,$1,$-2,$-50,$74,$0,$74,$3,$3,$-51,$-91,$-66,$-14,$0,$-44
42,2008-03-31,33.76,$-0.78,-43.48,$11.95,2.83,$0.87,38.83,$0.80,42.2,$0.09B,$0.27B,0.34,$2.84B,$-0.04B,-69.25,$0.64B,$0.38B,59.15%,$0.64B,$0.21B,32.24%,$0.64B,$0.21B,32.24%,$0.64B,$0.35B,54.15%,$0.64B,$0.07B,11.11%,$0.64B,$0.04B,6.73%,$0.04B,$-0.04B,-688.00%,$0.04B,$-0.04B,-688.00%,$0.04B,$3.22B,1.38%,$0.21B,$2.80B,7.65%,$157,$64,$93,$0,$8,$108,$50,$-35,$14,$0,$14,$24,$5,$85,$50,$53,53,$0.09,$0.09,$41,$0,$0,$92,$2821,$0,$0,$90,$3127,$3219,$271,$2841,$101,$2989,$3260,$1,$-569,$-20,$-41,$3219,$24,$35,$0,$36,$4,$0,$-31,$0,$-28,$33,$-30,$0,$0,$-1,$-52,$-53,$0,$-83,$140,$0,$140,$1,$1,$-25,$-72,$44,$-6,$0,$-22
43,2007-12-31,31.62,$-0.30,-105.06,$11.67,2.71,$0.64,49.35,$0.90,35.14,$0.10B,$0.32B,0.32,$2.70B,$-0.02B,-170.21,$0.63B,$0.37B,59.49%,$0.63B,$0.20B,32.54%,$0.63B,$0.20B,32.54%,$0.63B,$0.34B,54.39%,$0.63B,$0.08B,11.96%,$0.63B,$0.05B,7.66%,$0.05B,$-0.02B,164.10%,$0.05B,$-0.02B,164.10%,$0.05B,$3.15B,1.58%,$0.20B,$2.69B,7.82%,$179,$71,$108,$0,$9,$118,$61,$-35,$26,$0,$26,$78,$21,$99,$61,$53,54,$0.41,$0.40,$47,$0,$0,$102,$2848,$0,$0,$92,$3050,$3151,$318,$2701,$100,$2849,$3167,$1,$-551,$-9,$-16,$3151,$116,$138,$1,$139,$-23,$0,$16,$0,$-7,$258,$-219,$0,$9,$-3,$-12,$-16,$-2,$-228,$247,$0,$247,$-100,$-100,$-94,$-63,$-9,$21,$0,$-79
44,2007-09-30,34.9,$-0.31,-113.99,$11.42,3.06,$0.87,40.29,$0.82,42.56,$0.08B,$0.28B,0.27,$2.67B,$-0.02B,-166.42,$0.61B,$0.37B,59.90%,$0.61B,$0.20B,32.24%,$0.61B,$0.20B,32.24%,$0.61B,$0.34B,54.83%,$0.61B,$0.05B,8.35%,$0.61B,$0.04B,7.20%,$0.04B,$-0.02B,72.73%,$0.04B,$-0.02B,72.73%,$0.04B,$3.09B,1.49%,$0.20B,$2.65B,7.74%,$151,$63,$88,$0,$7,$104,$47,$-32,$14,$0,$14,$12,$8,$80,$47,$52,53,$0.15,$0.15,$33,$0,$0,$75,$2825,$0,$0,$87,$3012,$3087,$280,$2670,$104,$2823,$3103,$1,$-551,$-7,$-16,$3087,$38,$100,$43,$143,$-3,$0,$-7,$0,$-10,$177,$-175,$0,$9,$0,$-6,$-6,$0,$-172,$216,$0,$216,$-100,$-100,$-71,$-43,$1,$6,$0,$-60
45,2007-06-30,31.4,$0.90,34.71,$11.19,2.81,$1.66,18.89,$0.70,44.86,$0.08B,$0.26B,0.32,$2.58B,$0.05B,54.04,$0.60B,$0.36B,60.10%,$0.60B,$0.19B,32.05%,$0.60B,$0.19B,32.05%,$0.60B,$0.33B,55.09%,$0.60B,$0.06B,9.18%,$0.60B,$0.04B,6.18%,$0.04B,$0.05B,38.74%,$0.04B,$0.05B,38.74%,$0.04B,$3.04B,1.29%,$0.19B,$2.63B,7.73%,$152,$63,$89,$0,$7,$104,$48,$-31,$17,$0,$17,$12,$9,$82,$48,$53,54,$0.17,$0.16,$41,$0,$0,$82,$2773,$0,$0,$83,$2962,$3044,$260,$2583,$104,$2736,$2996,$1,$-539,$-3,$48,$3044,$27,$66,$28,$95,$-8,$0,$-15,$0,$-23,$102,$-99,$0,$9,$-2,$1,$-1,$0,$-91,$128,$0,$128,$-50,$-50,$-47,$-27,$4,$15,$0,$-40
46,2007-03-31,36.42,$1.88,19.36,$11.01,3.31,$2.01,18.16,$0.49,74.33,$0.07B,$0.23B,0.28,$2.37B,$0.10B,23.46,$0.59B,$0.35B,60.07%,$0.59B,$0.18B,31.40%,$0.59B,$0.18B,31.40%,$0.59B,$0.32B,54.78%,$0.59B,$0.06B,10.07%,$0.59B,$0.03B,4.27%,$0.03B,$0.10B,21.01%,$0.03B,$0.10B,21.01%,$0.03B,$2.83B,0.88%,$0.18B,$2.47B,7.49%,$145,$58,$88,$0,$7,$97,$48,$-29,$18,$0,$18,$14,$10,$80,$48,$53,54,$0.19,$0.19,$26,$0,$0,$66,$2584,$0,$0,$87,$2768,$2834,$234,$2365,$105,$2499,$2733,$1,$-528,$-9,$101,$2834,$14,$33,$15,$47,$-2,$0,$-26,$0,$-28,$35,$-45,$0,$0,$-2,$2,$-0,$0,$-45,$45,$0,$45,$0,$0,$-24,$-12,$9,$-1,$0,$-20
47,2006-12-31,31.73,$2.05,15.46,$10.97,2.89,$2.08,15.25,$0.40,79.32,$0.07B,$0.26B,0.25,$2.32B,$0.11B,21.36,$0.58B,$0.35B,60.28%,$0.58B,$0.18B,31.26%,$0.58B,$0.18B,31.26%,$0.58B,$0.32B,55.09%,$0.58B,$0.06B,10.71%,$0.58B,$0.02B,3.45%,$0.02B,$0.11B,12.48%,$0.02B,$0.11B,12.48%,$0.02B,$2.83B,0.70%,$0.18B,$2.43B,7.32%,$163,$62,$101,$0,$9,$109,$54,$-53,$2,$0,$2,$21,$17,$93,$54,$53,53,$0.33,$0.32,$26,$0,$0,$65,$2577,$0,$0,$86,$2761,$2827,$259,$2320,$102,$2459,$2718,$1,$-518,$-10,$109,$2827,$45,$138,$51,$189,$-8,$0,$-10,$0,$-18,$223,$-173,$0,$0,$0,$41,$41,$0,$-132,$55,$0,$55,$0,$-113,$-83,$-90,$-232,$-137,$0,$-64
