,Date,Stock Price,Book Value per Share,Price to Book Ratio,TTM Sales per Share,Price to Sales Ratio,TTM FCF per Share,Price to FCF Ratio,TTM Net EPS,PE Ratio,Current Assets,Current Liabilities,Current Ratio,Long Term Debt,Shareholder's Equity_x,Debt to Equity Ratio,TTM Revenue_x,TTM Gross Profit,Gross Margin,TTM Revenue_y,TTM Operating Income,Operating Margin,TTM Revenue_x,TTM EBIT,EBIT Margin,TTM Revenue_y,TTM EBITDA,EBITDA Margin,TTM Revenue_x,TTM Pre-Tax Income,Pre-Tax Margin,TTM Revenue_y,TTM Net Income_x,Net Margin,TTM Net Income_y,Shareholder's Equity_y,Return on Equity,TTM Net Income_x,Tangible Equity,Return on Tangible Equity,TTM Net Income_y,Total Assets,Return on Assets,TTM Net Income,LT Investments & Debt,Return on Investment,revenue,cost-goods-sold,gross-profit,research-development-expenses,selling-general-administrative-expenses,operating-expenses,operating-income,total-non-operating-income-expense,pre-tax-income,total-provision-income-taxes,income-after-taxes,income-from-continuous-operations,net-income,ebitda,ebit,basic-shares-outstanding,shares-outstanding,eps-basic-net-earnings-per-share,eps-earnings-per-share-diluted,cash-on-hand,inventory,other-current-assets,total-current-assets,net-property-plant-equipment,long-term-investments,goodwill-intangible-assets-total,other-long-term-assets,total-long-term-assets,total-assets,total-current-liabilities,long-term-debt,other-non-current-liabilities,total-long-term-liabilities,total-liabilities,common-stock-net,retained-earnings-accumulated-deficit,comprehensive-income,total-share-holder-equity,total-liabilities-share-holders-equity,net-income-loss,total-depreciation-amortization-cash-flow,other-non-cash-items,total-non-cash-items,change-in-accounts-receivable,change-in-inventories,change-in-accounts-payable,change-in-assets-liabilities,total-change-in-assets-liabilities,cash-flow-from-operating-activities,net-change-in-property-plant-equipment,net-change-in-intangible-assets,net-acquisitions-divestitures,net-change-in-short-term-investments,net-change-in-long-term-investments,net-change-in-investments-total,investing-activities-other,cash-flow-from-investing-activities,net-long-term-debt,net-current-debt,debt-issuance-retirement-net-total,net-common-equity-issued-repurchased,net-total-equity-issued-repurchased,total-common-preferred-stock-dividends-paid,financial-activities-other,cash-flow-from-financial-activities,net-cash-flow,stock-based-compensation,common-stock-dividends-paid
0,2018-09-30,8.07,$10.10,0.8,$2.13,3.79,$5.89,1.37,$-0.33,0.0,$0.03B,$0.11B,0.22,$0.11B,$0.33B,0.34,$0.07B,$0.07B,100.00%,$0.07B,$0.04B,52.86%,$0.07B,$0.04B,52.86%,$0.07B,$0.04B,50.00%,$0.07B,$-0.01B,-8.57%,$0.07B,$-0.01B,-8.57%,$-0.01B,$0.33B,-1.78%,$-0.01B,$0.33B,-1.78%,$-0.01B,$0.56B,-1.00%,$0.04B,$0.44B,7.62%,$16,$0,$16,$0,$4,$8,$9,$-4,$5,$0,$5,$5,$5,$8,$9,$33,33,$0.14,$0.14,$7,$0,$0,$25,$0,$533,$0,$0,$533,$558,$113,$113,$0,$115,$228,$0,$-103,$9,$330,$558,$13,$-2,$70,$68,$1,$0,$0,$1,$2,$83,$0,$0,$0,$0,$0,$0,$0,$0,$-54,$0,$-54,$0,$0,$-26,$-0,$-80,$3,$0,$-26
1,2018-06-30,7.82,$10.23,0.76,$2.25,3.47,$4.06,1.93,$-0.20,0.0,$0.03B,$0.11B,0.29,$0.14B,$0.33B,0.43,$0.07B,$0.07B,100.00%,$0.07B,$0.04B,52.70%,$0.07B,$0.04B,52.70%,$0.07B,$0.04B,50.00%,$0.07B,$-0.01B,-9.46%,$0.07B,$-0.01B,-9.46%,$-0.01B,$0.33B,-2.01%,$-0.01B,$0.33B,-2.01%,$-0.01B,$0.59B,-1.11%,$0.04B,$0.48B,7.59%,$18,$0,$18,$0,$4,$8,$10,$-9,$2,$0,$2,$2,$2,$9,$10,$33,33,$0.05,$0.05,$13,$0,$0,$33,$0,$559,$0,$1,$560,$593,$113,$143,$0,$145,$258,$0,$-103,$10,$334,$593,$8,$-1,$44,$42,$0,$0,$0,$-0,$-0,$50,$0,$0,$0,$0,$0,$0,$0,$0,$-23,$0,$-23,$0,$0,$-18,$-0,$-41,$9,$0,$-18
2,2018-03-31,7.52,$10.45,0.72,$2.31,3.26,$2.52,2.98,$-0.21,0.0,$0.02B,$0.11B,0.22,$0.17B,$0.34B,0.49,$0.08B,$0.08B,100.00%,$0.08B,$0.04B,51.32%,$0.08B,$0.04B,51.32%,$0.08B,$0.04B,47.37%,$0.08B,$-0.01B,-10.53%,$0.08B,$-0.01B,-10.53%,$-0.01B,$0.34B,-2.23%,$-0.01B,$0.34B,-2.23%,$-0.01B,$0.62B,-1.22%,$0.04B,$0.51B,7.24%,$17,$0,$17,$0,$4,$8,$9,$-2,$6,$0,$6,$6,$6,$9,$9,$33,33,$0.19,$0.19,$3,$0,$0,$24,$0,$600,$0,$0,$600,$624,$112,$169,$0,$171,$283,$0,$-80,$11,$342,$624,$6,$0,$0,$0,$1,$0,$0,$-2,$-0,$6,$0,$0,$0,$0,$0,$0,$0,$0,$2,$0,$2,$0,$0,$-9,$-0,$-7,$-0,$0,$-9
3,2017-12-31,8.47,$10.53,0.8,$2.40,3.53,$1.72,4.92,$-0.24,0.0,$0.02B,$0.11B,0.16,$0.17B,$0.34B,0.49,$0.08B,$0.08B,100.00%,$0.08B,$0.04B,50.63%,$0.08B,$0.04B,50.63%,$0.08B,$0.04B,46.84%,$0.08B,$-0.01B,-11.39%,$0.08B,$-0.01B,-11.39%,$-0.01B,$0.34B,-2.44%,$-0.01B,$0.34B,-2.44%,$-0.01B,$0.63B,-1.33%,$0.04B,$0.51B,7.15%,$19,$0,$19,$0,$4,$10,$9,$-27,$-19,$0,$-19,$-19,$-19,$9,$9,$33,33,$-0.57,$-0.57,$4,$0,$0,$19,$0,$609,$0,$0,$609,$628,$114,$167,$0,$170,$284,$0,$-67,$11,$344,$628,$-8,$-2,$67,$65,$1,$0,$0,$-5,$-3,$53,$0,$0,$0,$0,$0,$0,$0,$0,$-17,$0,$-17,$-2,$-2,$-35,$-1,$-56,$-3,$0,$-35
4,2017-09-30,8.48,$11.37,0.75,$2.43,3.48,$3.14,2.7,$0.57,14.88,$0.02B,$0.11B,0.2,$0.19B,$0.37B,0.5,$0.08B,$0.08B,100.00%,$0.08B,$0.04B,50.00%,$0.08B,$0.04B,50.00%,$0.08B,$0.04B,46.25%,$0.08B,$0.02B,22.50%,$0.08B,$0.02B,22.50%,$0.02B,$0.37B,4.72%,$0.02B,$0.37B,4.72%,$0.02B,$0.68B,2.59%,$0.04B,$0.56B,6.96%,$20,$0,$20,$0,$5,$9,$11,$-7,$4,$0,$4,$4,$4,$10,$11,$33,33,$0.13,$0.13,$4,$0,$0,$23,$0,$653,$0,$0,$654,$677,$114,$186,$0,$191,$306,$0,$-75,$13,$371,$677,$11,$-2,$20,$18,$-2,$0,$0,$-4,$-5,$23,$0,$0,$0,$0,$0,$0,$0,$0,$3,$0,$3,$-2,$-2,$-27,$-0,$-26,$-3,$0,$-27
5,2017-06-30,8.79,$11.51,0.76,$2.47,3.56,$5.17,1.7,$0.74,11.87,$0.02B,$0.12B,0.17,$0.20B,$0.38B,0.53,$0.08B,$0.08B,100.00%,$0.08B,$0.04B,47.56%,$0.08B,$0.04B,47.56%,$0.08B,$0.04B,43.90%,$0.08B,$0.02B,29.27%,$0.08B,$0.02B,29.27%,$0.02B,$0.38B,6.21%,$0.02B,$0.38B,6.21%,$0.02B,$0.70B,3.44%,$0.04B,$0.58B,6.68%,$20,$0,$20,$0,$5,$10,$10,$-9,$1,$0,$1,$1,$1,$8,$10,$33,33,$0.04,$0.04,$4,$0,$0,$20,$0,$674,$0,$1,$675,$695,$115,$199,$0,$203,$318,$0,$-64,$11,$377,$695,$7,$-1,$-3,$-4,$0,$0,$0,$-4,$-3,$-0,$0,$0,$0,$0,$0,$0,$0,$0,$17,$0,$17,$-1,$-1,$-18,$-0,$-2,$-2,$0,$-18
6,2017-03-31,8.56,$11.73,0.73,$2.47,3.47,$6.98,1.23,$0.68,12.59,$0.02B,$0.11B,0.16,$0.21B,$0.39B,0.54,$0.08B,$0.08B,100.00%,$0.08B,$0.04B,50.00%,$0.08B,$0.04B,50.00%,$0.08B,$0.04B,47.56%,$0.08B,$0.02B,26.83%,$0.08B,$0.02B,26.83%,$0.02B,$0.39B,5.63%,$0.02B,$0.39B,5.63%,$0.02B,$0.71B,3.14%,$0.04B,$0.59B,6.91%,$20,$0,$20,$0,$4,$10,$10,$-4,$5,$0,$5,$5,$5,$10,$10,$33,33,$0.16,$0.16,$2,$0,$0,$18,$0,$693,$0,$1,$694,$712,$114,$207,$0,$211,$326,$0,$-53,$9,$386,$712,$5,$0,$-24,$-23,$-0,$0,$0,$-1,$-2,$-20,$0,$0,$0,$0,$0,$0,$0,$0,$25,$0,$25,$0,$0,$-9,$0,$16,$-4,$0,$-9
7,2016-12-31,8.37,$11.84,0.71,$2.55,3.29,$8.19,1.02,$0.52,16.09,$0.02B,$0.12B,0.19,$0.18B,$0.39B,0.47,$0.09B,$0.09B,100.00%,$0.09B,$0.04B,51.76%,$0.09B,$0.04B,51.76%,$0.09B,$0.04B,49.41%,$0.09B,$0.02B,20.00%,$0.09B,$0.02B,20.00%,$0.02B,$0.39B,4.29%,$0.02B,$0.39B,4.29%,$0.02B,$0.69B,2.39%,$0.04B,$0.57B,7.21%,$20,$0,$20,$0,$4,$11,$9,$-1,$8,$0,$8,$8,$8,$9,$9,$33,33,$0.23,$0.23,$6,$0,$0,$22,$0,$669,$0,$1,$670,$691,$115,$182,$0,$186,$302,$0,$-52,$8,$390,$691,$17,$-2,$90,$87,$-2,$0,$0,$-1,$-3,$101,$0,$0,$0,$0,$0,$0,$0,$0,$-76,$25,$-51,$-4,$-4,$-43,$-1,$-99,$3,$0,$-43
8,2016-09-30,7.75,$11.84,0.65,$2.64,2.93,$6.87,1.13,$0.16,48.46,$0.02B,$0.09B,0.19,$0.20B,$0.39B,0.51,$0.09B,$0.09B,100.00%,$0.09B,$0.05B,52.81%,$0.09B,$0.05B,52.81%,$0.09B,$0.05B,50.56%,$0.09B,$0.01B,5.62%,$0.09B,$0.01B,5.62%,$0.01B,$0.39B,1.24%,$0.01B,$0.39B,1.24%,$0.01B,$0.69B,0.68%,$0.05B,$0.60B,7.39%,$22,$0,$22,$0,$5,$11,$10,$-1,$10,$0,$10,$10,$10,$9,$10,$33,33,$0.30,$0.30,$4,$0,$0,$17,$0,$673,$0,$1,$674,$691,$92,$202,$0,$206,$298,$0,$-49,$6,$393,$691,$9,$-2,$85,$83,$0,$0,$-1,$0,$-1,$91,$0,$0,$0,$0,$0,$0,$0,$0,$-55,$0,$-55,$-2,$-2,$-34,$-0,$-91,$0,$0,$-34
9,2016-06-30,8.75,$11.88,0.74,$2.68,3.26,$6.24,1.4,$-0.06,0.0,$0.02B,$0.09B,0.18,$0.22B,$0.39B,0.56,$0.09B,$0.09B,100.00%,$0.09B,$0.05B,54.44%,$0.09B,$0.05B,54.44%,$0.09B,$0.05B,52.22%,$0.09B,$-0.00B,-2.22%,$0.09B,$-0.00B,-2.22%,$-0.00B,$0.39B,-0.48%,$-0.00B,$0.39B,-0.48%,$-0.00B,$0.71B,-0.27%,$0.05B,$0.62B,7.37%,$20,$0,$20,$0,$5,$9,$12,$-12,$-1,$0,$-1,$-1,$-1,$11,$12,$33,33,$-0.02,$-0.02,$4,$0,$0,$16,$0,$692,$0,$1,$693,$708,$88,$222,$0,$226,$314,$0,$-25,$9,$394,$708,$-1,$-1,$64,$63,$0,$0,$0,$-3,$-3,$60,$0,$0,$0,$0,$0,$0,$0,$0,$-35,$0,$-35,$-2,$-2,$-23,$-0,$-59,$0,$0,$-23
10,2016-03-31,8.25,$12.24,0.67,$2.77,2.98,$5.75,1.44,$0.38,21.71,$0.02B,$0.09B,0.21,$0.25B,$0.41B,0.62,$0.09B,$0.09B,100.00%,$0.09B,$0.05B,52.13%,$0.09B,$0.05B,52.13%,$0.09B,$0.05B,50.00%,$0.09B,$0.01B,13.83%,$0.09B,$0.01B,13.83%,$0.01B,$0.41B,3.05%,$0.01B,$0.41B,3.05%,$0.01B,$0.75B,1.68%,$0.05B,$0.66B,7.07%,$23,$0,$23,$0,$5,$9,$13,$-13,$0,$0,$0,$0,$0,$13,$13,$33,33,$0.00,$0.00,$6,$0,$0,$19,$0,$731,$0,$1,$733,$751,$90,$251,$0,$255,$344,$0,$-29,$9,$407,$751,$0,$-1,$-40,$-41,$63,$0,$-0,$-2,$61,$20,$0,$0,$0,$0,$0,$0,$0,$0,$-6,$0,$-6,$-1,$-1,$-11,$-0,$-18,$2,$0,$-11
11,2015-12-31,7.9,$12.58,0.63,$2.79,2.83,$6.61,1.2,$0.73,10.82,$0.02B,$0.09B,0.17,$0.26B,$0.42B,0.61,$0.10B,$0.10B,100.00%,$0.10B,$0.05B,50.53%,$0.10B,$0.05B,50.53%,$0.10B,$0.05B,48.42%,$0.10B,$0.03B,30.53%,$0.10B,$0.03B,30.53%,$0.03B,$0.42B,6.64%,$0.03B,$0.42B,6.64%,$0.03B,$0.77B,3.73%,$0.05B,$0.68B,6.80%,$24,$0,$24,$0,$5,$11,$12,$-16,$-4,$0,$-4,$-4,$-4,$12,$12,$34,34,$-0.12,$-0.12,$4,$0,$0,$16,$0,$754,$0,$1,$756,$771,$92,$257,$0,$261,$352,$0,$-14,$8,$419,$771,$28,$-1,$32,$31,$-1,$0,$0,$-0,$-1,$58,$0,$0,$0,$0,$0,$0,$0,$0,$-36,$35,$-1,$-7,$-7,$-46,$-3,$-57,$1,$0,$-46
12,2015-09-30,7.81,$13.03,0.6,$2.81,2.78,$2.04,3.82,$0.98,7.97,$0.03B,$0.07B,0.45,$0.28B,$0.44B,0.63,$0.10B,$0.10B,100.00%,$0.10B,$0.05B,50.53%,$0.10B,$0.05B,50.53%,$0.10B,$0.05B,48.42%,$0.10B,$0.04B,40.00%,$0.10B,$0.04B,40.00%,$0.04B,$0.44B,8.57%,$0.04B,$0.44B,8.57%,$0.04B,$0.78B,4.82%,$0.05B,$0.71B,6.65%,$23,$0,$23,$0,$5,$11,$12,$-9,$3,$0,$3,$3,$3,$11,$12,$34,34,$0.08,$0.08,$11,$0,$0,$29,$0,$748,$0,$1,$750,$779,$65,$275,$0,$279,$344,$0,$0,$-7,$435,$779,$32,$-1,$43,$42,$0,$0,$-4,$-0,$-4,$71,$0,$0,$0,$0,$0,$0,$0,$0,$-20,$0,$-20,$-7,$-7,$-34,$-2,$-63,$8,$0,$-34
13,2015-06-30,8.03,$13.29,0.6,$2.80,2.87,$-1.29,0.0,$1.25,6.42,$0.02B,$0.06B,0.4,$0.28B,$0.45B,0.63,$0.10B,$0.10B,100.00%,$0.10B,$0.05B,50.53%,$0.10B,$0.05B,50.53%,$0.10B,$0.05B,48.42%,$0.10B,$0.05B,49.47%,$0.10B,$0.05B,49.47%,$0.05B,$0.45B,10.51%,$0.05B,$0.45B,10.51%,$0.05B,$0.79B,6.03%,$0.05B,$0.73B,6.60%,$24,$0,$24,$0,$5,$12,$12,$2,$14,$0,$14,$14,$14,$11,$12,$34,34,$0.42,$0.42,$8,$0,$0,$24,$0,$766,$0,$1,$768,$792,$60,$283,$0,$286,$346,$0,$0,$-7,$446,$792,$30,$-1,$18,$18,$-3,$0,$0,$-0,$-3,$44,$0,$0,$0,$0,$0,$0,$0,$0,$-12,$0,$-12,$-4,$-4,$-23,$-0,$-39,$5,$0,$-23
14,2015-03-31,8.31,$13.20,0.63,$2.80,2.97,$-4.67,0.0,$1.10,7.55,$0.02B,$0.06B,0.37,$0.26B,$0.45B,0.59,$0.10B,$0.10B,100.00%,$0.10B,$0.05B,51.58%,$0.10B,$0.05B,51.58%,$0.10B,$0.05B,49.47%,$0.10B,$0.04B,44.21%,$0.10B,$0.04B,44.21%,$0.04B,$0.45B,9.38%,$0.04B,$0.45B,9.38%,$0.04B,$0.77B,5.39%,$0.05B,$0.71B,6.66%,$24,$0,$24,$0,$5,$12,$12,$4,$16,$0,$16,$16,$16,$12,$12,$34,34,$0.46,$0.46,$8,$0,$0,$22,$0,$748,$0,$1,$750,$772,$60,$262,$0,$265,$325,$0,$-13,$6,$448,$772,$16,$-0,$36,$36,$-1,$0,$0,$-0,$-2,$49,$0,$0,$0,$0,$0,$0,$0,$0,$-33,$0,$-33,$0,$0,$-12,$-0,$-45,$5,$0,$-12
15,2014-12-31,7.73,$13.08,0.59,$2.71,2.85,$-8.59,0.0,$1.07,7.23,$0.03B,$0.07B,0.37,$0.30B,$0.44B,0.67,$0.09B,$0.09B,100.00%,$0.09B,$0.05B,52.17%,$0.09B,$0.05B,52.17%,$0.09B,$0.05B,48.91%,$0.09B,$0.04B,40.22%,$0.09B,$0.04B,40.22%,$0.04B,$0.44B,8.24%,$0.04B,$0.44B,8.24%,$0.04B,$0.81B,4.75%,$0.05B,$0.74B,6.42%,$24,$0,$24,$0,$5,$12,$12,$-8,$5,$0,$5,$5,$5,$12,$12,$34,34,$0.14,$0.14,$3,$0,$0,$26,$0,$784,$0,$2,$786,$812,$71,$295,$0,$298,$369,$0,$-13,$6,$444,$812,$37,$-3,$-134,$-138,$1,$0,$0,$4,$5,$-96,$0,$0,$0,$0,$0,$0,$0,$0,$91,$50,$141,$0,$0,$-46,$-4,$91,$-5,$0,$-46
16,2014-09-30,8.25,$13.29,0.62,$2.61,3.16,$-12.71,0.0,$1.25,6.6,$0.02B,$0.01B,2.49,$0.28B,$0.45B,0.63,$0.09B,$0.09B,100.00%,$0.09B,$0.05B,52.33%,$0.09B,$0.05B,52.33%,$0.09B,$0.04B,47.67%,$0.09B,$0.04B,50.00%,$0.09B,$0.04B,50.00%,$0.04B,$0.45B,9.53%,$0.04B,$0.45B,9.53%,$0.04B,$0.74B,5.78%,$0.05B,$0.73B,6.18%,$23,$0,$23,$0,$5,$11,$12,$-0,$12,$0,$12,$12,$12,$11,$12,$34,34,$0.35,$0.35,$7,$0,$0,$23,$0,$718,$0,$1,$720,$743,$9,$282,$0,$283,$293,$0,$-0,$5,$450,$743,$32,$-3,$-70,$-73,$0,$0,$-2,$2,$-0,$-42,$0,$0,$0,$0,$0,$0,$0,$0,$77,$0,$77,$0,$0,$-35,$-2,$41,$-1,$0,$-35
17,2014-06-30,8.73,$13.28,0.66,$2.49,3.51,$-15.71,0.0,$1.13,7.73,$0.05B,$0.03B,1.81,$0.31B,$0.45B,0.7,$0.08B,$0.08B,100.00%,$0.08B,$0.05B,54.88%,$0.08B,$0.05B,54.88%,$0.08B,$0.04B,50.00%,$0.08B,$0.04B,47.56%,$0.08B,$0.04B,47.56%,$0.04B,$0.45B,8.62%,$0.04B,$0.45B,8.62%,$0.04B,$0.79B,5.51%,$0.05B,$0.76B,6.52%,$24,$0,$24,$0,$5,$11,$13,$-4,$9,$0,$9,$9,$9,$12,$13,$34,34,$0.27,$0.27,$22,$0,$0,$47,$0,$742,$0,$2,$745,$792,$26,$314,$0,$316,$342,$0,$0,$4,$450,$792,$20,$-2,$-181,$-183,$90,$0,$1,$2,$92,$-70,$0,$0,$0,$0,$0,$0,$0,$0,$110,$0,$110,$0,$0,$-23,$-2,$85,$14,$0,$-23
18,2014-03-31,8.39,$13.34,0.63,$2.63,3.19,$-16.53,0.0,$1.44,5.83,$0.03B,$0.01B,2.91,$0.31B,$0.45B,0.68,$0.08B,$0.08B,100.00%,$0.08B,$0.05B,56.79%,$0.08B,$0.05B,56.79%,$0.08B,$0.04B,50.62%,$0.08B,$0.05B,56.79%,$0.08B,$0.05B,56.79%,$0.05B,$0.45B,10.12%,$0.05B,$0.45B,10.12%,$0.05B,$0.77B,7.09%,$0.05B,$0.76B,7.29%,$21,$0,$21,$0,$4,$10,$11,$0,$11,$0,$11,$11,$11,$10,$11,$34,34,$0.32,$0.32,$14,$0,$0,$29,$0,$739,$0,$2,$741,$770,$10,$305,$1,$307,$317,$0,$0,$3,$452,$770,$11,$-1,$-94,$-95,$-0,$0,$0,$1,$1,$-83,$0,$0,$0,$0,$0,$0,$0,$0,$101,$0,$101,$0,$0,$-12,$0,$90,$6,$0,$-12
19,2013-12-31,9.79,$13.36,0.73,$2.56,3.82,$-15.35,0.0,$1.45,6.75,$0.02B,$0.01B,1.76,$0.20B,$0.45B,0.45,$0.07B,$0.07B,100.00%,$0.07B,$0.04B,56.76%,$0.07B,$0.04B,56.76%,$0.07B,$0.04B,51.35%,$0.07B,$0.04B,59.46%,$0.07B,$0.04B,59.46%,$0.04B,$0.45B,10.27%,$0.04B,$0.45B,10.27%,$0.04B,$0.67B,7.75%,$0.04B,$0.66B,7.62%,$18,$0,$18,$0,$5,$10,$9,$2,$11,$0,$11,$11,$11,$8,$9,$30,30,$0.27,$0.27,$8,$0,$0,$22,$0,$649,$0,$1,$651,$673,$12,$204,$1,$207,$220,$0,$2,$1,$453,$673,$43,$-3,$-247,$-250,$-5,$0,$0,$1,$-4,$-210,$0,$0,$0,$0,$0,$0,$0,$0,$154,$0,$154,$111,$111,$-45,$-7,$214,$3,$0,$-45
20,2013-09-30,9.08,$13.38,0.68,$2.70,3.36,$-12.77,0.0,$1.52,5.97,$0.03B,$0.02B,1.54,$0.13B,$0.45B,0.28,$0.07B,$0.07B,100.00%,$0.07B,$0.04B,58.33%,$0.07B,$0.04B,58.33%,$0.07B,$0.04B,50.00%,$0.07B,$0.04B,58.33%,$0.07B,$0.04B,58.33%,$0.04B,$0.45B,10.45%,$0.04B,$0.45B,10.45%,$0.04B,$0.60B,8.38%,$0.04B,$0.58B,8.64%,$19,$0,$19,$0,$4,$7,$12,$-4,$8,$0,$8,$8,$8,$11,$12,$34,34,$0.23,$0.23,$10,$0,$0,$25,$0,$572,$0,$2,$573,$598,$16,$126,$1,$128,$144,$0,$0,$6,$454,$598,$32,$-2,$-166,$-168,$0,$0,$-6,$-2,$-7,$-144,$0,$0,$0,$0,$0,$0,$0,$0,$76,$0,$76,$111,$111,$-32,$-6,$149,$5,$0,$-32
21,2013-06-30,8.6,$13.58,0.63,$2.83,3.04,$-12.63,0.0,$1.59,5.41,$0.05B,$0.02B,1.95,$0.07B,$0.46B,0.15,$0.07B,$0.07B,100.00%,$0.07B,$0.04B,56.72%,$0.07B,$0.04B,56.72%,$0.07B,$0.04B,52.24%,$0.07B,$0.04B,59.70%,$0.07B,$0.04B,59.70%,$0.04B,$0.46B,10.65%,$0.04B,$0.46B,10.65%,$0.04B,$0.56B,8.84%,$0.04B,$0.53B,8.63%,$23,$0,$23,$0,$4,$9,$14,$2,$16,$0,$16,$16,$16,$12,$14,$27,27,$0.58,$0.58,$34,$0,$0,$47,$0,$507,$0,$1,$508,$555,$24,$70,$0,$71,$95,$0,$2,$5,$460,$555,$24,$-1,$-189,$-190,$87,$0,$0,$0,$88,$-78,$0,$0,$0,$0,$0,$0,$0,$0,$20,$0,$20,$111,$111,$-18,$-6,$107,$30,$0,$-18
22,2013-03-31,8.29,$13.20,0.63,$2.57,3.23,$-12.34,0.0,$1.31,6.33,$0.01B,$0.01B,2.14,$0.09B,$0.35B,0.26,$0.06B,$0.06B,100.00%,$0.06B,$0.03B,55.36%,$0.06B,$0.03B,55.36%,$0.06B,$0.03B,51.79%,$0.06B,$0.03B,55.36%,$0.06B,$0.03B,55.36%,$0.03B,$0.35B,9.48%,$0.03B,$0.35B,9.48%,$0.03B,$0.45B,7.76%,$0.03B,$0.44B,7.90%,$14,$0,$14,$0,$3,$7,$7,$1,$9,$0,$9,$9,$9,$7,$7,$26,26,$0.33,$0.33,$1,$0,$0,$12,$0,$431,$0,$2,$433,$445,$6,$90,$1,$92,$98,$0,$0,$1,$347,$445,$9,$0,$-37,$-37,$-4,$0,$0,$-1,$-5,$-34,$0,$0,$0,$0,$0,$0,$0,$0,$40,$0,$40,$0,$0,$-9,$-1,$30,$-4,$0,$-9
23,2012-12-31,8.01,$13.20,0.61,$2.55,3.14,$-11.85,0.0,$1.26,6.36,$0.01B,$0.01B,1.56,$0.05B,$0.35B,0.14,$0.05B,$0.05B,100.00%,$0.05B,$0.03B,56.60%,$0.05B,$0.03B,56.60%,$0.05B,$0.03B,52.83%,$0.05B,$0.03B,52.83%,$0.05B,$0.03B,52.83%,$0.03B,$0.35B,9.13%,$0.03B,$0.35B,9.13%,$0.03B,$0.41B,7.74%,$0.03B,$0.40B,8.43%,$16,$0,$16,$0,$3,$7,$9,$0,$9,$0,$9,$9,$9,$6,$9,$22,22,$0.36,$0.36,$5,$0,$0,$11,$0,$394,$0,$1,$395,$406,$7,$50,$1,$52,$59,$0,$0,$2,$347,$406,$28,$-3,$-123,$-125,$-1,$0,$0,$3,$2,$-95,$0,$0,$0,$0,$0,$0,$0,$0,$45,$0,$45,$86,$86,$-29,$-7,$95,$-1,$0,$-29
24,2012-09-30,7.4,$13.21,0.56,$2.34,3.16,$-11.81,0.0,$1.23,6.02,$0.03B,$0.01B,6.85,$0.05B,$0.35B,0.14,$0.05B,$0.05B,100.00%,$0.05B,$0.03B,56.25%,$0.05B,$0.03B,56.25%,$0.05B,$0.03B,54.17%,$0.05B,$0.03B,54.17%,$0.05B,$0.03B,54.17%,$0.03B,$0.35B,9.06%,$0.03B,$0.35B,9.06%,$0.03B,$0.40B,7.89%,$0.03B,$0.40B,8.31%,$14,$0,$14,$0,$3,$6,$8,$-2,$6,$0,$6,$6,$6,$10,$8,$21,21,$0.30,$0.30,$26,$0,$0,$34,$0,$369,$0,$1,$370,$404,$5,$50,$1,$51,$56,$0,$0,$3,$348,$404,$18,$1,$-101,$-100,$-3,$0,$0,$0,$-2,$-84,$0,$0,$0,$0,$0,$0,$0,$0,$45,$0,$45,$86,$86,$-19,$-7,$105,$20,$0,$-19
25,2012-06-30,6.95,$13.17,0.53,$2.16,3.21,$-12.17,0.0,$1.21,5.74,$0.01B,$0.01B,2.23,$0.07B,$0.27B,0.26,$0.04B,$0.04B,100.00%,$0.04B,$0.03B,56.82%,$0.04B,$0.03B,56.82%,$0.04B,$0.02B,50.00%,$0.04B,$0.03B,59.09%,$0.04B,$0.03B,59.09%,$0.03B,$0.27B,9.76%,$0.03B,$0.27B,9.76%,$0.03B,$0.34B,8.78%,$0.03B,$0.34B,8.57%,$12,$0,$12,$0,$3,$5,$7,$0,$7,$0,$7,$7,$7,$6,$7,$20,20,$0.32,$0.32,$2,$0,$0,$11,$0,$330,$0,$1,$331,$342,$5,$70,$1,$71,$76,$0,$0,$1,$266,$342,$12,$-1,$-62,$-62,$-2,$0,$0,$-0,$-2,$-53,$0,$0,$0,$0,$0,$0,$0,$0,$65,$0,$65,$0,$0,$-13,$-3,$49,$-3,$0,$-13
26,2012-03-31,6.48,$13.18,0.49,$2.03,3.19,$-13.44,0.0,$1.23,5.27,$0.01B,$0.00B,1.62,$0.03B,$0.27B,0.09,$0.04B,$0.04B,100.00%,$0.04B,$0.02B,56.10%,$0.04B,$0.02B,56.10%,$0.04B,$0.02B,51.22%,$0.04B,$0.03B,63.41%,$0.04B,$0.03B,63.41%,$0.03B,$0.27B,9.76%,$0.03B,$0.27B,9.76%,$0.03B,$0.30B,9.36%,$0.02B,$0.29B,8.39%,$11,$0,$11,$0,$2,$4,$6,$-1,$6,$0,$6,$6,$6,$6,$6,$20,20,$0.28,$0.28,$2,$0,$0,$7,$0,$288,$0,$1,$288,$295,$4,$25,$0,$25,$29,$0,$0,$1,$266,$295,$6,$-1,$-20,$-20,$-1,$0,$0,$-0,$-1,$-16,$0,$0,$0,$0,$0,$0,$0,$0,$20,$0,$20,$0,$0,$-7,$-0,$13,$-3,$0,$-7
27,2011-12-31,6.0,$13.24,0.45,$1.86,3.23,$-14.10,0.0,$1.19,5.04,$0.01B,$0.01B,2.08,$0.01B,$0.27B,0.02,$0.04B,$0.04B,100.00%,$0.04B,$0.02B,56.76%,$0.04B,$0.02B,56.76%,$0.04B,$0.02B,51.35%,$0.04B,$0.03B,67.57%,$0.04B,$0.03B,67.57%,$0.03B,$0.27B,9.40%,$0.03B,$0.27B,9.40%,$0.03B,$0.28B,9.24%,$0.02B,$0.27B,7.86%,$11,$0,$11,$0,$3,$5,$6,$1,$7,$0,$7,$7,$7,$4,$6,$20,20,$0.36,$0.36,$6,$0,$0,$9,$0,$267,$0,$1,$268,$277,$5,$5,$0,$5,$10,$0,$1,$1,$268,$277,$24,$-1,$-112,$-113,$-1,$0,$0,$3,$2,$-87,$0,$0,$0,$0,$0,$0,$0,$0,$5,$0,$5,$0,$0,$-20,$-3,$-17,$-105,$0,$-20
28,2011-09-30,5.23,$13.17,0.4,$1.61,3.26,$-14.01,0.0,$1.01,5.18,$0.01B,$0.00B,1.84,$0.00B,$0.27B,0.0,$0.03B,$0.03B,100.00%,$0.03B,$0.02B,59.38%,$0.03B,$0.02B,59.38%,$0.03B,$0.02B,59.38%,$0.03B,$0.02B,68.75%,$0.03B,$0.02B,68.75%,$0.02B,$0.27B,8.33%,$0.02B,$0.27B,8.33%,$0.02B,$0.27B,8.23%,$0.02B,$0.27B,7.20%,$10,$0,$10,$0,$2,$4,$6,$-0,$6,$0,$6,$6,$6,$6,$6,$20,20,$0.28,$0.28,$4,$0,$0,$7,$0,$262,$0,$1,$263,$270,$4,$0,$0,$0,$4,$0,$0,$0,$266,$270,$17,$0,$-109,$-108,$-1,$0,$0,$2,$1,$-90,$0,$0,$0,$0,$0,$0,$0,$0,$0,$0,$0,$0,$0,$-14,$-3,$-17,$-107,$0,$-14
29,2011-06-30,6.09,$13.15,0.46,$1.30,4.67,$-11.26,0.0,$0.82,7.43,$0.03B,$0.00B,8.11,$0.00B,$0.27B,0.0,$0.03B,$0.03B,100.00%,$0.03B,$0.02B,57.69%,$0.03B,$0.02B,57.69%,$0.03B,$0.02B,57.69%,$0.03B,$0.02B,73.08%,$0.03B,$0.02B,73.08%,$0.02B,$0.27B,7.24%,$0.02B,$0.27B,7.24%,$0.02B,$0.27B,7.13%,$0.02B,$0.27B,5.71%,$9,$0,$9,$0,$2,$4,$5,$1,$7,$0,$7,$7,$7,$5,$5,$20,20,$0.32,$0.32,$21,$0,$0,$25,$0,$243,$0,$0,$244,$269,$3,$0,$0,$0,$3,$0,$0,$-1,$266,$269,$11,$0,$-90,$-90,$-2,$0,$0,$2,$-0,$-78,$0,$0,$0,$0,$0,$0,$0,$0,$0,$0,$0,$0,$0,$-9,$-3,$-11,$-89,$0,$-9
30,2011-03-31,6.28,$13.07,0.48,$0.98,6.43,$-8.47,0.0,$0.54,11.63,$0.08B,$0.00B,39.42,$0.00B,$0.26B,0.0,$0.02B,$0.02B,100.00%,$0.02B,$0.01B,57.89%,$0.02B,$0.01B,57.89%,$0.02B,$0.01B,57.89%,$0.02B,$0.01B,68.42%,$0.02B,$0.01B,68.42%,$0.01B,$0.26B,5.00%,$0.01B,$0.26B,5.00%,$0.01B,$0.27B,4.92%,$0.01B,$0.26B,4.23%,$7,$0,$7,$0,$2,$3,$4,$1,$5,$0,$5,$5,$5,$4,$4,$20,20,$0.24,$0.24,$75,$0,$0,$78,$0,$188,$0,$0,$188,$266,$2,$0,$0,$0,$2,$0,$0,$-1,$264,$266,$5,$0,$-34,$-34,$-1,$0,$0,$1,$-0,$-29,$0,$0,$0,$0,$0,$0,$0,$0,$0,$0,$0,$0,$0,$-4,$-3,$-6,$-35,$0,$-4
