,Date,Stock Price,Book Value per Share,Price to Book Ratio,TTM Sales per Share,Price to Sales Ratio,TTM FCF per Share,Price to FCF Ratio,TTM Net EPS,PE Ratio,Current Assets,Current Liabilities,Current Ratio,Long Term Debt,Shareholder's Equity_x,Debt to Equity Ratio,TTM Revenue_x,TTM Gross Profit,Gross Margin,TTM Revenue_y,TTM Operating Income,Operating Margin,TTM Revenue_x,TTM EBIT,EBIT Margin,TTM Revenue_y,TTM EBITDA,EBITDA Margin,TTM Revenue_x,TTM Pre-Tax Income,Pre-Tax Margin,TTM Revenue_y,TTM Net Income_x,Net Margin,TTM Net Income_y,Shareholder's Equity_y,Return on Equity,TTM Net Income_x,Tangible Equity,Return on Tangible Equity,TTM Net Income_y,Total Assets,Return on Assets,TTM Net Income,LT Investments & Debt,Return on Investment,revenue,cost-goods-sold,gross-profit,research-development-expenses,selling-general-administrative-expenses,operating-expenses,operating-income,total-non-operating-income-expense,pre-tax-income,total-provision-income-taxes,income-after-taxes,income-from-continuous-operations,net-income,ebitda,ebit,basic-shares-outstanding,shares-outstanding,eps-basic-net-earnings-per-share,eps-earnings-per-share-diluted,cash-on-hand,inventory,other-current-assets,total-current-assets,net-property-plant-equipment,long-term-investments,goodwill-intangible-assets-total,other-long-term-assets,total-long-term-assets,total-assets,total-current-liabilities,long-term-debt,other-non-current-liabilities,total-long-term-liabilities,total-liabilities,common-stock-net,retained-earnings-accumulated-deficit,comprehensive-income,total-share-holder-equity,total-liabilities-share-holders-equity,net-income-loss,total-depreciation-amortization-cash-flow,other-non-cash-items,total-non-cash-items,change-in-accounts-receivable,change-in-inventories,change-in-accounts-payable,change-in-assets-liabilities,total-change-in-assets-liabilities,cash-flow-from-operating-activities,net-change-in-property-plant-equipment,net-change-in-intangible-assets,net-acquisitions-divestitures,net-change-in-short-term-investments,net-change-in-long-term-investments,net-change-in-investments-total,investing-activities-other,cash-flow-from-investing-activities,net-long-term-debt,net-current-debt,debt-issuance-retirement-net-total,net-common-equity-issued-repurchased,net-total-equity-issued-repurchased,total-common-preferred-stock-dividends-paid,financial-activities-other,cash-flow-from-financial-activities,net-cash-flow,stock-based-compensation,common-stock-dividends-paid
0,2018-09-30,55.75,$7.11,7.85,$32.52,1.71,$3.10,18.01,$1.72,32.41,$0.14B,$0.17B,0.8,$0.05B,$0.08B,0.62,$0.35B,$0.10B,26.99%,$0.35B,$0.03B,8.81%,$0.35B,$0.03B,8.81%,$0.35B,$0.04B,12.22%,$0.35B,$0.03B,7.67%,$0.35B,$0.02B,6.82%,$0.02B,$0.08B,35.69%,$0.02B,$-0.07B,-31.07%,$0.02B,$0.34B,7.01%,$0.03B,$0.12B,25.78%,$84,$59,$24,$2,$13,$76,$8,$-1,$7,$1,$5,$5,$5,$11,$8,$11,11,$0.50,$0.50,$11,$3,$0,$135,$40,$0,$142,$20,$203,$337,$168,$47,$0,$95,$262,$16,$56,$-0,$75,$337,$13,$11,$0,$12,$1,$-0,$1,$-0,$2,$27,$-19,$-0,$-1,$0,$0,$0,$0,$-21,$-13,$0,$-13,$0,$0,$0,$-0,$-13,$-7,$2,$0
1,2018-06-30,60.65,$6.53,9.28,$32.66,1.86,$3.21,18.88,$2.04,29.73,$0.14B,$0.17B,0.82,$0.05B,$0.07B,0.74,$0.35B,$0.09B,25.78%,$0.35B,$0.03B,8.22%,$0.35B,$0.03B,8.22%,$0.35B,$0.04B,11.61%,$0.35B,$0.03B,7.08%,$0.35B,$0.02B,6.23%,$0.02B,$0.07B,36.21%,$0.02B,$-0.07B,-25.73%,$0.02B,$0.34B,6.39%,$0.03B,$0.12B,24.63%,$81,$59,$22,$2,$12,$75,$6,$-1,$5,$1,$4,$4,$4,$9,$6,$11,11,$0.34,$0.33,$11,$3,$0,$140,$35,$0,$144,$21,$200,$340,$171,$51,$0,$100,$271,$16,$51,$-0,$69,$340,$7,$7,$0,$8,$0,$-0,$0,$-1,$0,$15,$-12,$-0,$-1,$0,$0,$0,$0,$-14,$-8,$0,$-8,$0,$0,$0,$-0,$-9,$-7,$1,$0
2,2018-03-31,56.0,$6.18,9.07,$32.96,1.7,$3.31,16.93,$2.20,25.45,$0.15B,$0.17B,0.84,$0.05B,$0.07B,0.83,$0.36B,$0.09B,25.28%,$0.36B,$0.03B,8.43%,$0.36B,$0.03B,8.43%,$0.36B,$0.04B,11.80%,$0.36B,$0.03B,7.30%,$0.36B,$0.02B,6.46%,$0.02B,$0.07B,42.01%,$0.02B,$-0.08B,-24.80%,$0.02B,$0.34B,6.62%,$0.03B,$0.12B,25.86%,$96,$73,$23,$2,$13,$90,$6,$-1,$5,$1,$4,$4,$4,$9,$6,$11,11,$0.35,$0.35,$17,$3,$0,$145,$29,$0,$146,$21,$197,$341,$172,$54,$0,$104,$276,$15,$47,$0,$65,$341,$4,$4,$0,$4,$-0,$0,$2,$-1,$2,$10,$-5,$-0,$-1,$0,$0,$0,$0,$-6,$-5,$0,$-5,$0,$0,$0,$-0,$-5,$-1,$1,$0
3,2017-12-31,70.05,$5.69,12.31,$30.54,2.29,$2.78,25.24,$2.08,33.68,$0.15B,$0.18B,0.86,$0.06B,$0.06B,0.97,$0.33B,$0.08B,25.45%,$0.33B,$0.03B,8.18%,$0.33B,$0.03B,8.18%,$0.33B,$0.04B,11.82%,$0.33B,$0.02B,6.97%,$0.33B,$0.02B,6.36%,$0.02B,$0.06B,43.30%,$0.02B,$-0.09B,-21.11%,$0.02B,$0.35B,6.00%,$0.03B,$0.12B,23.68%,$91,$65,$26,$2,$11,$80,$11,$-1,$10,$-1,$11,$11,$11,$14,$11,$11,11,$1.06,$1.03,$18,$3,$0,$154,$25,$0,$148,$24,$197,$351,$179,$59,$0,$112,$290,$15,$43,$0,$60,$351,$22,$12,$-5,$8,$1,$-2,$-4,$8,$2,$32,$-13,$-3,$-78,$0,$0,$0,$0,$-94,$67,$0,$67,$0,$0,$0,$-2,$65,$3,$1,$0
4,2017-09-30,58.55,$4.60,12.72,$26.70,2.19,$2.38,24.59,$1.30,45.04,$0.15B,$0.18B,0.83,$0.06B,$0.05B,1.3,$0.29B,$0.07B,25.69%,$0.29B,$0.02B,7.29%,$0.29B,$0.02B,7.29%,$0.29B,$0.03B,10.76%,$0.29B,$0.02B,6.25%,$0.29B,$0.01B,4.51%,$0.01B,$0.05B,30.23%,$0.01B,$-0.10B,-16.61%,$0.01B,$0.35B,4.32%,$0.02B,$0.11B,21.93%,$85,$65,$20,$2,$11,$79,$6,$-1,$5,$2,$3,$3,$3,$9,$6,$11,11,$0.33,$0.32,$13,$3,$1,$152,$22,$0,$148,$24,$194,$346,$183,$63,$0,$115,$297,$15,$31,$0,$49,$346,$11,$9,$-5,$4,$-0,$-2,$-5,$7,$3,$18,$-9,$-2,$-78,$0,$0,$0,$0,$-90,$72,$0,$72,$0,$0,$0,$-2,$70,$-3,$1,$0
5,2017-06-30,53.5,$4.28,12.51,$23.52,2.27,$2.52,21.24,$1.43,37.41,$0.16B,$0.19B,0.86,$0.07B,$0.05B,1.5,$0.25B,$0.07B,28.17%,$0.25B,$0.02B,8.73%,$0.25B,$0.02B,8.73%,$0.25B,$0.03B,11.90%,$0.25B,$0.02B,7.94%,$0.25B,$0.02B,5.95%,$0.02B,$0.05B,37.97%,$0.02B,$-0.10B,-27.15%,$0.02B,$0.35B,5.97%,$0.02B,$0.11B,28.03%,$84,$63,$21,$2,$11,$77,$7,$-1,$6,$1,$5,$5,$5,$10,$7,$11,11,$0.50,$0.49,$15,$2,$1,$159,$20,$0,$148,$24,$192,$351,$185,$68,$0,$121,$306,$15,$28,$0,$45,$351,$8,$6,$-4,$2,$-1,$-1,$-4,$7,$1,$11,$-7,$0,$-78,$0,$0,$0,$0,$-85,$76,$0,$76,$0,$0,$0,$-2,$74,$0,$1,$0
6,2017-03-31,51.05,$3.81,13.41,$20.11,2.54,$2.92,17.51,$1.32,38.67,$0.16B,$0.19B,0.87,$0.07B,$0.04B,1.81,$0.22B,$0.07B,30.70%,$0.22B,$0.02B,9.77%,$0.22B,$0.02B,9.77%,$0.22B,$0.03B,12.56%,$0.22B,$0.02B,9.30%,$0.22B,$0.01B,6.51%,$0.01B,$0.04B,39.44%,$0.01B,$-0.11B,-43.08%,$0.01B,$0.35B,7.05%,$0.02B,$0.11B,36.52%,$70,$53,$17,$2,$11,$67,$3,$-1,$2,$-0,$2,$2,$2,$6,$3,$10,11,$0.23,$0.23,$15,$1,$0,$161,$18,$0,$148,$24,$191,$352,$186,$72,$0,$126,$312,$15,$23,$0,$40,$352,$2,$3,$0,$3,$0,$0,$-3,$1,$-3,$2,$-4,$0,$-78,$0,$0,$0,$0,$-82,$81,$0,$81,$0,$0,$0,$-1,$79,$-0,$0,$0
7,2016-12-31,35.25,$3.61,9.75,$17.78,1.98,$3.47,10.15,$1.50,23.5,$0.08B,$0.08B,0.99,$0.01B,$0.04B,0.21,$0.19B,$0.06B,33.16%,$0.19B,$0.02B,12.63%,$0.19B,$0.02B,12.63%,$0.19B,$0.03B,14.74%,$0.19B,$0.02B,12.63%,$0.19B,$0.02B,8.42%,$0.02B,$0.04B,48.48%,$0.02B,$-0.00B,-228.57%,$0.02B,$0.15B,11.03%,$0.02B,$0.05B,64.86%,$49,$32,$16,$1,$9,$43,$5,$-0,$5,$3,$3,$3,$3,$6,$5,$11,11,$0.27,$0.26,$15,$1,$0,$83,$13,$0,$41,$11,$71,$154,$84,$8,$0,$32,$117,$14,$20,$0,$38,$154,$16,$3,$2,$5,$-4,$-0,$0,$1,$2,$23,$-8,$-7,$0,$0,$0,$0,$0,$-14,$7,$0,$7,$-7,$-7,$0,$-1,$-1,$7,$1,$0
8,2016-09-30,32.0,$3.30,9.69,$17.10,1.87,$3.33,9.62,$1.52,21.05,$0.08B,$0.08B,1.0,$0.01B,$0.04B,0.25,$0.19B,$0.06B,32.43%,$0.19B,$0.02B,12.97%,$0.19B,$0.02B,12.97%,$0.19B,$0.03B,14.59%,$0.19B,$0.02B,12.97%,$0.19B,$0.02B,8.65%,$0.02B,$0.04B,53.33%,$0.02B,$-0.01B,-188.24%,$0.02B,$0.15B,11.53%,$0.02B,$0.04B,75.00%,$49,$32,$17,$1,$8,$42,$7,$-0,$7,$2,$5,$5,$5,$8,$7,$10,10,$0.45,$0.45,$10,$2,$0,$81,$10,$0,$41,$11,$67,$148,$81,$9,$1,$33,$114,$14,$18,$-0,$35,$148,$13,$2,$2,$4,$-4,$-1,$-0,$1,$-4,$13,$-4,$-6,$0,$0,$0,$0,$0,$-10,$7,$0,$7,$-7,$-7,$0,$-1,$-0,$3,$1,$0
9,2016-06-30,24.36,$2.81,8.67,$16.29,1.5,$3.29,7.41,$1.35,18.04,$0.07B,$0.09B,0.85,$0.00B,$0.03B,0.0,$0.18B,$0.06B,31.67%,$0.18B,$0.02B,12.22%,$0.18B,$0.02B,12.22%,$0.18B,$0.03B,13.89%,$0.18B,$0.02B,12.22%,$0.18B,$0.01B,7.78%,$0.01B,$0.03B,49.56%,$0.01B,$-0.01B,-160.00%,$0.01B,$0.14B,10.33%,$0.02B,$0.03B,77.88%,$47,$32,$16,$1,$8,$41,$6,$0,$6,$2,$4,$4,$4,$7,$6,$11,11,$0.39,$0.38,$6,$1,$0,$73,$8,$0,$41,$11,$67,$140,$86,$0,$1,$25,$111,$14,$13,$-0,$29,$140,$9,$1,$1,$2,$-3,$-0,$-1,$1,$-3,$8,$0,$-6,$0,$0,$0,$0,$-2,$-8,$6,$0,$6,$-7,$-7,$0,$-0,$-2,$-2,$0,$0
10,2016-03-31,22.45,$2.80,8.01,$15.63,1.44,$2.86,7.85,$1.17,19.19,$0.07B,$0.08B,0.85,$0.00B,$0.03B,0.0,$0.18B,$0.05B,30.68%,$0.18B,$0.02B,11.36%,$0.18B,$0.02B,11.36%,$0.18B,$0.02B,12.50%,$0.18B,$0.02B,11.36%,$0.18B,$0.01B,6.82%,$0.01B,$0.03B,40.68%,$0.01B,$-0.01B,-192.00%,$0.01B,$0.14B,8.87%,$0.02B,$0.03B,67.80%,$45,$30,$14,$1,$7,$38,$6,$0,$6,$2,$4,$4,$4,$7,$6,$11,11,$0.42,$0.41,$10,$1,$0,$71,$7,$0,$35,$17,$67,$138,$84,$0,$1,$25,$109,$14,$9,$-0,$30,$138,$4,$1,$0,$1,$-1,$-0,$1,$0,$0,$6,$-1,$-6,$0,$0,$0,$0,$0,$-7,$6,$0,$6,$-2,$-2,$0,$-0,$4,$2,$0,$0
11,2015-12-31,21.1,$2.46,8.56,$15.01,1.41,$2.66,7.94,$1.00,21.1,$0.07B,$0.08B,0.87,$0.00B,$0.03B,0.0,$0.17B,$0.05B,30.41%,$0.17B,$0.02B,10.53%,$0.17B,$0.02B,10.53%,$0.17B,$0.02B,11.70%,$0.17B,$0.02B,10.53%,$0.17B,$0.01B,6.43%,$0.01B,$0.03B,36.97%,$0.01B,$-0.01B,-183.33%,$0.01B,$0.13B,8.19%,$0.02B,$0.03B,60.50%,$44,$31,$13,$1,$7,$39,$5,$0,$5,$2,$3,$3,$3,$5,$5,$11,11,$0.29,$0.28,$8,$1,$0,$68,$7,$0,$35,$11,$61,$129,$78,$0,$0,$25,$103,$15,$4,$-1,$26,$129,$11,$2,$4,$6,$-0,$-0,$0,$0,$-1,$17,$-3,$0,$0,$0,$0,$0,$6,$3,$4,$0,$4,$-23,$-23,$0,$-1,$-21,$-1,$1,$0
12,2015-09-30,23.14,$2.58,8.97,$14.34,1.61,$2.14,10.82,$0.88,26.3,$0.08B,$0.08B,0.93,$0.00B,$0.03B,0.0,$0.17B,$0.05B,29.70%,$0.17B,$0.02B,9.70%,$0.17B,$0.02B,9.70%,$0.17B,$0.02B,10.91%,$0.17B,$0.02B,9.70%,$0.17B,$0.01B,6.06%,$0.01B,$0.03B,31.01%,$0.01B,$-0.01B,-333.33%,$0.01B,$0.14B,7.49%,$0.02B,$0.03B,49.61%,$44,$30,$14,$1,$7,$39,$5,$-0,$5,$2,$3,$3,$3,$6,$5,$11,11,$0.29,$0.28,$12,$1,$0,$76,$6,$0,$36,$11,$59,$135,$82,$0,$2,$25,$107,$14,$1,$-1,$28,$135,$8,$1,$-0,$1,$-1,$-0,$0,$0,$3,$12,$-2,$0,$0,$0,$0,$0,$6,$4,$4,$0,$4,$-17,$-17,$0,$1,$-13,$4,$0,$0
13,2015-06-30,27.85,$3.09,9.02,$13.75,2.03,$1.74,16.05,$0.83,33.55,$0.08B,$0.08B,1.01,$0.00B,$0.03B,0.0,$0.16B,$0.05B,29.38%,$0.16B,$0.02B,9.38%,$0.16B,$0.02B,9.38%,$0.16B,$0.02B,10.00%,$0.16B,$0.02B,9.38%,$0.16B,$0.01B,6.25%,$0.01B,$0.03B,29.63%,$0.01B,$-0.00B,-1333.33%,$0.01B,$0.14B,7.62%,$0.02B,$0.03B,44.44%,$43,$30,$13,$1,$8,$39,$4,$-0,$4,$2,$2,$2,$2,$4,$4,$11,11,$0.21,$0.20,$15,$1,$0,$80,$6,$0,$36,$12,$59,$139,$79,$0,$2,$26,$105,$14,$-2,$-1,$34,$139,$5,$1,$-1,$0,$-1,$-0,$0,$-1,$-0,$5,$-1,$0,$0,$0,$0,$0,$6,$5,$4,$0,$4,$-8,$-8,$0,$1,$-3,$7,$0,$0
14,2015-03-31,19.0,$2.82,6.74,$13.04,1.46,$1.46,13.0,$0.74,25.68,$0.08B,$0.08B,0.98,$0.00B,$0.03B,0.0,$0.15B,$0.04B,28.76%,$0.15B,$0.01B,8.50%,$0.15B,$0.01B,8.50%,$0.15B,$0.02B,9.80%,$0.15B,$0.01B,8.50%,$0.15B,$0.01B,5.88%,$0.01B,$0.03B,27.27%,$0.01B,$-0.01B,-1200.00%,$0.01B,$0.13B,7.00%,$0.01B,$0.03B,39.39%,$40,$28,$12,$1,$6,$36,$4,$-0,$4,$2,$3,$3,$3,$5,$4,$11,12,$0.25,$0.24,$14,$1,$0,$76,$5,$0,$36,$12,$58,$134,$77,$0,$2,$25,$103,$14,$-4,$-1,$31,$134,$3,$0,$0,$0,$-0,$-0,$0,$-1,$-0,$3,$-0,$0,$0,$0,$0,$0,$6,$6,$4,$0,$4,$-7,$-7,$0,$0,$-4,$5,$0,$0
15,2014-12-31,19.41,$3.15,6.17,$12.50,1.55,$1.22,15.97,$0.54,35.94,$0.07B,$0.07B,1.07,$0.00B,$0.04B,0.0,$0.15B,$0.04B,27.89%,$0.15B,$0.01B,6.80%,$0.15B,$0.01B,6.80%,$0.15B,$0.01B,7.48%,$0.15B,$0.01B,6.80%,$0.15B,$0.01B,4.08%,$0.01B,$0.04B,18.46%,$0.01B,$0.00B,-800.00%,$0.01B,$0.13B,4.73%,$0.01B,$0.04B,30.77%,$38,$28,$10,$1,$6,$35,$3,$0,$3,$1,$2,$2,$2,$3,$3,$11,12,$0.17,$0.16,$8,$0,$8,$74,$2,$0,$33,$12,$51,$126,$70,$0,$0,$21,$90,$14,$-7,$-1,$36,$126,$6,$2,$0,$2,$-1,$-0,$1,$1,$1,$9,$-1,$0,$-8,$0,$0,$0,$0,$-9,$-6,$0,$-6,$0,$0,$0,$2,$-4,$-4,$1,$0
16,2014-09-30,14.93,$2.98,5.02,$12.22,1.22,$1.17,12.74,$0.46,32.46,$0.07B,$0.07B,1.03,$0.00B,$0.03B,0.0,$0.14B,$0.04B,27.46%,$0.14B,$0.01B,5.63%,$0.14B,$0.01B,5.63%,$0.14B,$0.01B,7.04%,$0.14B,$0.01B,5.63%,$0.14B,$0.01B,3.52%,$0.01B,$0.03B,16.53%,$0.01B,$0.00B,-153.85%,$0.01B,$0.13B,3.98%,$0.01B,$0.03B,26.45%,$39,$27,$12,$1,$6,$35,$4,$-0,$4,$1,$3,$3,$3,$4,$4,$11,12,$0.24,$0.23,$14,$0,$0,$74,$2,$0,$33,$12,$52,$126,$71,$0,$0,$21,$92,$14,$-9,$-0,$34,$126,$5,$1,$-0,$1,$-2,$-0,$1,$1,$0,$6,$-1,$0,$0,$0,$0,$0,$0,$-1,$-6,$0,$-6,$0,$0,$0,$2,$-4,$1,$0,$0
17,2014-06-30,12.24,$2.77,4.42,$12.05,1.02,$1.23,9.98,$0.47,26.04,$0.08B,$0.08B,1.0,$0.00B,$0.03B,0.0,$0.14B,$0.04B,26.62%,$0.14B,$0.01B,5.76%,$0.14B,$0.01B,5.76%,$0.14B,$0.01B,7.19%,$0.14B,$0.01B,5.76%,$0.14B,$0.01B,3.60%,$0.01B,$0.03B,17.70%,$0.01B,$-0.00B,-90.91%,$0.01B,$0.13B,4.02%,$0.01B,$0.03B,28.32%,$36,$26,$10,$1,$6,$34,$2,$-0,$2,$1,$1,$1,$1,$3,$2,$11,12,$0.12,$0.11,$14,$0,$0,$75,$2,$0,$33,$12,$53,$128,$75,$0,$0,$21,$96,$14,$-12,$-0,$31,$128,$2,$1,$-1,$0,$-2,$-0,$1,$1,$-1,$1,$-0,$0,$0,$0,$0,$0,$0,$-0,$-1,$0,$-1,$1,$1,$0,$1,$1,$2,$0,$0
18,2014-03-31,12.65,$2.60,4.86,$11.83,1.07,$1.39,9.11,$0.40,31.63,$0.07B,$0.08B,0.97,$0.00B,$0.03B,0.0,$0.13B,$0.03B,25.37%,$0.13B,$0.01B,5.22%,$0.13B,$0.01B,5.22%,$0.13B,$0.01B,5.97%,$0.13B,$0.01B,5.22%,$0.13B,$0.01B,3.73%,$0.01B,$0.03B,19.42%,$0.01B,$-0.01B,-58.82%,$0.01B,$0.13B,4.09%,$0.01B,$0.03B,27.18%,$34,$26,$9,$1,$6,$34,$1,$-0,$1,$0,$0,$0,$0,$1,$1,$11,12,$0.04,$0.04,$14,$1,$0,$74,$2,$0,$34,$12,$53,$127,$76,$0,$0,$21,$98,$13,$-13,$-0,$29,$127,$0,$0,$-1,$-0,$-1,$-0,$2,$1,$-0,$-0,$-0,$0,$0,$0,$0,$0,$0,$-0,$-1,$0,$-1,$1,$1,$0,$1,$1,$1,$0,$0
19,2013-12-31,14.0,$2.47,5.67,$11.58,1.21,$1.40,10.04,$0.36,38.89,$0.07B,$0.07B,0.93,$0.00B,$0.03B,0.0,$0.13B,$0.03B,23.85%,$0.13B,$0.01B,4.62%,$0.13B,$0.01B,4.62%,$0.13B,$0.01B,6.15%,$0.13B,$0.01B,4.62%,$0.13B,$0.01B,3.85%,$0.01B,$0.03B,21.28%,$0.01B,$-0.01B,-45.45%,$0.01B,$0.12B,4.18%,$0.01B,$0.03B,25.53%,$33,$25,$8,$1,$6,$32,$1,$-0,$1,$0,$1,$1,$1,$2,$1,$10,11,$0.09,$0.08,$12,$0,$0,$68,$2,$0,$34,$12,$53,$121,$73,$0,$0,$21,$94,$12,$-13,$-0,$27,$121,$4,$2,$-0,$1,$-1,$0,$1,$1,$3,$9,$-1,$0,$0,$0,$0,$0,$0,$-1,$3,$0,$3,$-5,$-5,$0,$1,$-1,$6,$0,$0
20,2013-09-30,9.56,$2.40,3.98,$11.07,0.86,$1.18,8.12,$0.32,29.88,$0.07B,$0.08B,0.91,$0.00B,$0.03B,0.0,$0.13B,$0.03B,22.83%,$0.13B,$0.01B,4.72%,$0.13B,$0.01B,4.72%,$0.13B,$0.01B,5.51%,$0.13B,$0.01B,4.72%,$0.13B,$0.00B,3.15%,$0.00B,$0.03B,17.02%,$0.00B,$-0.01B,-34.78%,$0.00B,$0.12B,3.35%,$0.01B,$0.03B,25.53%,$36,$26,$10,$1,$5,$32,$4,$-0,$4,$1,$3,$3,$3,$4,$4,$11,11,$0.24,$0.23,$12,$0,$0,$68,$2,$0,$35,$12,$54,$122,$75,$0,$0,$21,$96,$12,$-14,$0,$26,$122,$3,$1,$-0,$1,$-0,$0,$1,$1,$3,$7,$-1,$0,$0,$0,$0,$0,$0,$-1,$3,$0,$3,$-5,$-5,$0,$1,$-1,$5,$0,$0
21,2013-06-30,7.44,$2.04,3.65,$10.36,0.72,$0.96,7.77,$0.20,37.2,$0.06B,$0.08B,0.84,$0.00B,$0.02B,0.0,$0.12B,$0.03B,20.83%,$0.12B,$0.00B,3.33%,$0.12B,$0.00B,3.33%,$0.12B,$0.01B,5.00%,$0.12B,$0.00B,3.33%,$0.12B,$0.00B,2.50%,$0.00B,$0.02B,12.77%,$0.00B,$-0.01B,-25.00%,$0.00B,$0.12B,2.53%,$0.00B,$0.02B,17.02%,$31,$24,$7,$1,$5,$30,$1,$-0,$1,$0,$1,$1,$1,$1,$1,$10,11,$0.06,$0.05,$6,$0,$0,$64,$2,$0,$35,$12,$55,$119,$77,$0,$0,$21,$98,$10,$-17,$-0,$21,$119,$1,$1,$1,$2,$-1,$0,$1,$1,$1,$3,$-1,$0,$0,$0,$0,$0,$0,$-1,$4,$0,$4,$-6,$-6,$0,$0,$-2,$0,$0,$0
22,2013-03-31,6.88,$2.00,3.45,$9.83,0.7,$0.86,7.98,$0.20,34.4,$0.06B,$0.08B,0.82,$0.00B,$0.02B,0.0,$0.12B,$0.03B,21.37%,$0.12B,$0.00B,3.42%,$0.12B,$0.00B,3.42%,$0.12B,$0.01B,5.98%,$0.12B,$0.00B,3.42%,$0.12B,$0.00B,2.56%,$0.00B,$0.02B,12.12%,$0.00B,$-0.02B,-27.27%,$0.00B,$0.12B,2.53%,$0.00B,$0.02B,16.16%,$30,$24,$6,$1,$5,$30,$0,$-0,$0,$0,$0,$0,$0,$1,$0,$10,11,$0.01,$0.01,$4,$0,$0,$62,$2,$0,$35,$12,$55,$117,$76,$0,$0,$21,$97,$9,$-17,$-0,$20,$117,$0,$0,$0,$1,$-1,$0,$1,$-0,$-1,$0,$-0,$0,$0,$0,$0,$0,$0,$-0,$4,$0,$4,$-6,$-6,$0,$0,$-2,$-2,$0,$0
23,2012-12-31,5.76,$2.40,2.4,$9.37,0.61,$1.01,5.71,$0.32,18.0,$0.06B,$0.07B,0.9,$0.00B,$0.03B,0.0,$0.12B,$0.03B,22.61%,$0.12B,$0.01B,5.22%,$0.12B,$0.01B,5.22%,$0.12B,$0.01B,6.96%,$0.12B,$0.01B,6.09%,$0.12B,$0.01B,4.35%,$0.01B,$0.03B,19.05%,$0.01B,$-0.01B,-51.28%,$0.01B,$0.12B,4.18%,$0.01B,$0.03B,22.86%,$30,$23,$6,$1,$4,$29,$1,$-0,$1,$0,$0,$0,$0,$1,$1,$11,12,$-0.01,$0.08,$6,$1,$0,$64,$1,$0,$35,$12,$55,$119,$71,$0,$0,$21,$92,$10,$-18,$0,$27,$119,$4,$2,$-0,$2,$-1,$-0,$1,$-0,$0,$6,$-1,$1,$0,$0,$0,$0,$0,$-0,$3,$0,$3,$-9,$-9,$0,$0,$-6,$0,$0,$0
24,2012-09-30,5.12,$2.35,2.18,$8.84,0.58,$0.93,5.48,$0.72,7.11,$0.06B,$0.07B,0.88,$0.00B,$0.03B,0.0,$0.11B,$0.03B,24.32%,$0.11B,$0.01B,7.21%,$0.11B,$0.01B,7.21%,$0.11B,$0.01B,9.01%,$0.11B,$0.01B,8.11%,$0.11B,$0.01B,9.91%,$0.01B,$0.03B,40.74%,$0.01B,$-0.01B,-122.22%,$0.01B,$0.12B,9.26%,$0.01B,$0.03B,29.63%,$29,$23,$6,$1,$4,$27,$2,$-0,$2,$1,$2,$2,$2,$3,$2,$11,12,$0.16,$0.12,$5,$0,$0,$62,$1,$0,$36,$13,$56,$119,$71,$0,$0,$22,$93,$10,$-18,$0,$26,$119,$4,$1,$-1,$0,$-1,$0,$1,$-0,$-0,$4,$-1,$1,$0,$0,$0,$0,$0,$-0,$3,$0,$3,$-9,$-9,$0,$0,$-6,$-1,$0,$0
25,2012-06-30,4.4,$2.27,1.94,$8.30,0.53,$0.82,5.34,$0.52,8.46,$0.06B,$0.07B,0.88,$0.00B,$0.03B,0.0,$0.11B,$0.03B,25.23%,$0.11B,$0.01B,4.67%,$0.11B,$0.01B,4.67%,$0.11B,$0.01B,6.54%,$0.11B,$0.01B,5.61%,$0.11B,$0.01B,7.48%,$0.01B,$0.03B,30.19%,$0.01B,$-0.01B,-84.21%,$0.01B,$0.12B,6.87%,$0.01B,$0.03B,18.87%,$28,$22,$7,$1,$4,$27,$1,$-0,$1,$0,$1,$1,$1,$2,$1,$11,12,$0.08,$0.04,$5,$0,$0,$63,$1,$0,$36,$13,$57,$120,$72,$0,$0,$23,$94,$10,$-20,$0,$26,$120,$2,$1,$-1,$0,$-1,$0,$1,$-1,$-0,$2,$-1,$1,$0,$0,$0,$0,$0,$0,$3,$0,$3,$-7,$-7,$0,$0,$-4,$-2,$0,$0
26,2012-03-31,4.92,$2.28,2.15,$7.67,0.64,$0.78,6.35,$0.52,9.46,$0.06B,$0.07B,0.88,$0.00B,$0.03B,0.0,$0.10B,$0.03B,24.51%,$0.10B,$0.01B,4.90%,$0.10B,$0.01B,4.90%,$0.10B,$0.01B,5.88%,$0.10B,$0.01B,5.88%,$0.10B,$0.01B,7.84%,$0.01B,$0.03B,30.48%,$0.01B,$-0.01B,-86.49%,$0.01B,$0.12B,7.08%,$0.01B,$0.03B,19.05%,$28,$21,$7,$1,$4,$25,$2,$0,$3,$1,$2,$2,$2,$2,$2,$12,12,$0.16,$0.12,$6,$0,$0,$62,$1,$0,$36,$13,$57,$120,$71,$0,$0,$23,$93,$10,$-20,$0,$26,$120,$2,$0,$-1,$-0,$-1,$0,$1,$0,$1,$2,$-0,$1,$0,$0,$0,$0,$0,$0,$3,$0,$3,$-6,$-6,$0,$0,$-2,$-0,$0,$0
27,2011-12-31,3.0,$2.27,1.32,$7.04,0.43,$0.66,4.53,$0.44,6.83,$0.06B,$0.06B,0.92,$0.00B,$0.03B,0.0,$0.10B,$0.02B,23.71%,$0.10B,$0.00B,4.12%,$0.10B,$0.00B,4.12%,$0.10B,$0.01B,5.15%,$0.10B,$0.00B,4.12%,$0.10B,$0.01B,7.22%,$0.01B,$0.03B,26.92%,$0.01B,$-0.01B,-75.68%,$0.01B,$0.12B,6.41%,$0.00B,$0.03B,15.38%,$26,$20,$7,$1,$3,$24,$3,$-0,$3,$-3,$6,$6,$6,$3,$3,$13,14,$0.46,$0.44,$6,$0,$0,$58,$1,$0,$36,$13,$57,$116,$63,$0,$0,$22,$85,$11,$-22,$0,$30,$116,$6,$2,$-1,$1,$-0,$-0,$-1,$-0,$-1,$6,$-1,$0,$-2,$0,$0,$0,$0,$-3,$-0,$0,$-0,$0,$0,$0,$0,$-0,$2,$0,$0
28,2011-09-30,3.02,$1.82,1.66,$6.62,0.46,$0.71,4.23,$0.08,37.78,$0.06B,$0.06B,0.88,$0.00B,$0.02B,0.0,$0.09B,$0.02B,22.58%,$0.09B,$0.00B,2.15%,$0.09B,$0.00B,2.15%,$0.09B,$0.00B,4.30%,$0.09B,$0.00B,2.15%,$0.09B,$0.00B,2.15%,$0.00B,$0.02B,8.16%,$0.00B,$-0.01B,-19.05%,$0.00B,$0.11B,1.90%,$0.00B,$0.02B,8.16%,$25,$19,$6,$1,$3,$26,$-1,$-0,$-1,$0,$-1,$-1,$-1,$-0,$-1,$13,13,$-0.08,$-0.08,$5,$0,$0,$56,$1,$0,$37,$13,$54,$110,$63,$0,$1,$23,$86,$11,$-28,$-0,$24,$110,$0,$2,$3,$4,$-1,$0,$-0,$-1,$-1,$3,$-1,$0,$-2,$0,$0,$0,$0,$-3,$0,$0,$0,$0,$0,$0,$0,$0,$0,$0,$0
29,2011-06-30,3.2,$1.90,1.69,$6.18,0.52,$0.80,3.99,$0.24,13.33,$0.05B,$0.06B,0.91,$0.00B,$0.03B,0.0,$0.09B,$0.02B,22.47%,$0.09B,$0.00B,4.49%,$0.09B,$0.00B,4.49%,$0.09B,$0.01B,6.74%,$0.09B,$0.00B,4.49%,$0.09B,$0.00B,4.49%,$0.00B,$0.03B,16.16%,$0.00B,$-0.01B,-40.00%,$0.00B,$0.11B,3.86%,$0.00B,$0.03B,16.16%,$23,$18,$5,$1,$3,$22,$1,$0,$1,$0,$1,$1,$1,$1,$1,$13,14,$0.04,$0.04,$4,$0,$1,$54,$1,$0,$34,$13,$53,$106,$59,$0,$0,$22,$81,$11,$-27,$0,$25,$106,$1,$1,$0,$2,$-1,$0,$0,$-1,$-1,$2,$-0,$0,$0,$0,$0,$0,$0,$-0,$-1,$0,$-1,$0,$0,$0,$0,$-1,$0,$0,$0
30,2011-03-31,3.4,$1.85,1.84,$5.93,0.57,$0.88,3.87,$0.16,21.25,$0.05B,$0.06B,0.89,$0.00B,$0.03B,0.0,$0.09B,$0.02B,22.99%,$0.09B,$0.00B,2.30%,$0.09B,$0.00B,2.30%,$0.09B,$0.01B,5.75%,$0.09B,$0.00B,2.30%,$0.09B,$0.00B,2.30%,$0.00B,$0.03B,8.16%,$0.00B,$-0.01B,-18.60%,$0.00B,$0.11B,1.96%,$0.00B,$0.03B,8.16%,$23,$17,$5,$1,$4,$22,$1,$0,$1,$0,$1,$1,$1,$1,$1,$13,14,$0.04,$0.04,$4,$0,$1,$52,$1,$0,$35,$13,$53,$105,$58,$0,$0,$22,$80,$11,$-27,$0,$25,$105,$1,$1,$0,$1,$-1,$0,$0,$-0,$-1,$1,$-0,$0,$0,$0,$0,$0,$0,$-0,$-0,$0,$-0,$0,$0,$0,$0,$-0,$-0,$0,$0
31,2010-12-31,2.91,$1.79,1.62,$5.61,0.52,$0.92,3.15,$0.16,18.18,$0.05B,$0.06B,0.86,$0.00B,$0.02B,0.0,$0.08B,$0.02B,23.81%,$0.08B,$0.00B,2.38%,$0.08B,$0.00B,2.38%,$0.08B,$0.01B,7.14%,$0.08B,$0.00B,2.38%,$0.08B,$0.00B,2.38%,$0.00B,$0.02B,8.00%,$0.00B,$-0.01B,-18.60%,$0.00B,$0.10B,1.97%,$0.00B,$0.02B,8.00%,$22,$17,$5,$1,$5,$21,$1,$-0,$1,$-0,$1,$1,$1,$2,$1,$14,15,$0.08,$0.08,$4,$0,$1,$48,$2,$0,$35,$13,$53,$101,$56,$0,$0,$22,$78,$11,$-28,$0,$24,$101,$2,$3,$2,$5,$-0,$0,$-0,$1,$-0,$7,$-1,$0,$0,$0,$0,$0,$0,$-1,$-2,$0,$-2,$-10,$-10,$0,$0,$-12,$-5,$0,$0
32,2010-09-30,2.66,$1.77,1.5,$5.29,0.5,$0.83,3.19,$0.20,13.32,$0.05B,$0.06B,0.89,$0.00B,$0.03B,0.0,$0.08B,$0.02B,24.39%,$0.08B,$0.00B,2.44%,$0.08B,$0.00B,2.44%,$0.08B,$0.01B,7.32%,$0.08B,$0.00B,2.44%,$0.08B,$0.00B,3.66%,$0.00B,$0.03B,11.21%,$0.00B,$-0.01B,-31.58%,$0.00B,$0.10B,2.93%,$0.00B,$0.03B,7.48%,$21,$16,$5,$1,$2,$20,$1,$-0,$1,$0,$1,$1,$1,$2,$1,$14,15,$0.08,$0.08,$5,$0,$1,$49,$1,$0,$35,$13,$54,$102,$55,$0,$0,$22,$77,$12,$-29,$0,$25,$102,$1,$2,$2,$4,$-1,$0,$-0,$0,$-1,$4,$-0,$0,$0,$0,$0,$0,$0,$-0,$-1,$0,$-1,$-7,$-7,$0,$0,$-8,$-4,$0,$0
33,2010-06-30,2.56,$1.68,1.52,$5.05,0.51,$0.74,3.47,$0.40,6.4,$0.05B,$0.05B,0.86,$0.00B,$0.02B,0.0,$0.08B,$0.02B,24.69%,$0.08B,$0.00B,4.94%,$0.08B,$0.00B,4.94%,$0.08B,$0.01B,9.88%,$0.08B,$0.01B,7.41%,$0.08B,$0.01B,8.64%,$0.01B,$0.02B,25.00%,$0.01B,$-0.01B,-80.00%,$0.01B,$0.10B,6.83%,$0.00B,$0.02B,14.29%,$21,$16,$5,$1,$2,$22,$-1,$-0,$-1,$-0,$-1,$-1,$-1,$-0,$-1,$15,15,$-0.04,$-0.04,$4,$0,$1,$46,$2,$0,$36,$13,$54,$100,$54,$0,$0,$22,$75,$12,$-30,$0,$24,$100,$-0,$2,$2,$4,$-1,$0,$-0,$-0,$-1,$3,$-0,$0,$0,$0,$0,$0,$0,$-0,$-1,$0,$-1,$-7,$-7,$0,$0,$-8,$-6,$0,$0
34,2010-03-31,2.84,$1.77,1.6,$4.80,0.59,$0.78,3.65,$0.72,3.94,$0.05B,$0.06B,0.88,$0.00B,$0.03B,0.0,$0.08B,$0.02B,25.00%,$0.08B,$0.01B,8.75%,$0.08B,$0.01B,8.75%,$0.08B,$0.01B,13.75%,$0.08B,$0.01B,15.00%,$0.08B,$0.01B,15.00%,$0.01B,$0.03B,42.48%,$0.01B,$-0.01B,-137.14%,$0.01B,$0.10B,11.68%,$0.01B,$0.03B,24.56%,$20,$15,$5,$1,$3,$20,$1,$-0,$1,$0,$1,$1,$1,$2,$1,$15,16,$0.04,$0.04,$5,$0,$2,$48,$2,$0,$36,$13,$55,$103,$55,$0,$0,$22,$76,$13,$-30,$0,$27,$103,$1,$1,$-0,$1,$-1,$0,$0,$1,$0,$1,$-0,$0,$0,$0,$0,$0,$0,$-0,$-0,$0,$-0,$-5,$-5,$0,$0,$-6,$-4,$0,$0
35,2009-12-31,2.72,$1.85,1.47,$4.61,0.59,$0.75,3.64,$0.72,3.78,$0.05B,$0.05B,0.95,$0.00B,$0.03B,0.0,$0.08B,$0.02B,26.25%,$0.08B,$0.01B,8.75%,$0.08B,$0.01B,8.75%,$0.08B,$0.01B,13.75%,$0.08B,$0.01B,15.00%,$0.08B,$0.01B,15.00%,$0.01B,$0.03B,44.86%,$0.01B,$-0.01B,-114.29%,$0.01B,$0.10B,11.85%,$0.01B,$0.03B,25.45%,$20,$15,$5,$1,$1,$19,$1,$-0,$1,$-0,$2,$2,$2,$2,$1,$17,18,$0.12,$0.08,$10,$0,$2,$49,$2,$0,$37,$12,$55,$104,$52,$0,$0,$21,$73,$14,$-30,$0,$31,$104,$12,$4,$-8,$-5,$0,$0,$-0,$-0,$-1,$6,$-1,$0,$4,$0,$0,$0,$0,$3,$-3,$0,$-3,$-3,$-3,$0,$0,$-6,$4,$0,$0
36,2009-09-30,2.44,$1.76,1.39,$4.48,0.54,$0.44,5.51,$0.64,3.81,$0.05B,$0.05B,0.95,$0.00B,$0.03B,0.0,$0.08B,$0.02B,26.58%,$0.08B,$0.00B,5.06%,$0.08B,$0.00B,5.06%,$0.08B,$0.01B,10.13%,$0.08B,$0.01B,15.19%,$0.08B,$0.01B,13.92%,$0.01B,$0.03B,45.36%,$0.01B,$-0.01B,-83.02%,$0.01B,$0.10B,11.06%,$0.00B,$0.03B,15.38%,$20,$15,$5,$1,$3,$18,$3,$2,$5,$-0,$5,$5,$5,$4,$3,$17,17,$0.32,$0.32,$8,$0,$2,$49,$2,$0,$37,$12,$54,$103,$52,$0,$0,$21,$73,$14,$-32,$0,$30,$103,$11,$3,$-8,$-5,$-1,$0,$-1,$-0,$-2,$4,$-0,$0,$4,$0,$0,$0,$0,$4,$-2,$0,$-2,$-2,$-2,$0,$0,$-5,$3,$0,$0
37,2009-06-30,1.68,$1.46,1.15,$4.37,0.38,$0.30,5.63,$0.36,4.67,$0.05B,$0.05B,0.88,$0.00B,$0.03B,0.04,$0.08B,$0.02B,26.58%,$0.08B,0,0.00%,$0.08B,0,0.00%,$0.08B,$0.00B,5.06%,$0.08B,$0.01B,8.86%,$0.08B,$0.01B,7.59%,$0.01B,$0.03B,27.27%,$0.01B,$-0.01B,-38.10%,$0.01B,$0.10B,6.14%,$0.00B,$0.03B,0.00%,$20,$15,$5,$1,$3,$18,$2,$3,$5,$1,$4,$4,$4,$3,$2,$17,17,$0.24,$0.24,$7,$0,$0,$46,$2,$0,$37,$12,$55,$101,$52,$1,$0,$23,$75,$14,$-37,$0,$25,$101,$5,$2,$-4,$-2,$-0,$0,$0,$-1,$0,$4,$-0,$0,$2,$0,$0,$0,$0,$2,$-2,$0,$-2,$-2,$-2,$0,$0,$-3,$2,$0,$0
38,2009-03-31,1.28,$1.20,1.07,$4.29,0.3,$0.18,7.17,$0.20,6.4,$0.04B,$0.05B,0.81,$0.00B,$0.02B,0.13,$0.08B,$0.02B,27.85%,$0.08B,$-0.00B,-1.27%,$0.08B,$-0.00B,-1.27%,$0.08B,$0.00B,3.80%,$0.08B,$0.00B,5.06%,$0.08B,$0.00B,5.06%,$0.00B,$0.02B,19.05%,$0.00B,$-0.02B,-23.19%,$0.00B,$0.10B,4.13%,$-0.00B,$0.02B,-4.04%,$20,$14,$6,$1,$3,$19,$1,$-0,$1,$0,$1,$1,$1,$2,$1,$18,18,$0.04,$0.04,$4,$0,$0,$42,$3,$0,$38,$12,$55,$97,$52,$3,$0,$25,$77,$14,$-41,$0,$21,$97,$1,$1,$-0,$1,$-1,$0,$-0,$-0,$-1,$1,$-0,$0,$-0,$0,$0,$0,$0,$-0,$-0,$0,$-0,$-2,$-2,$0,$0,$-2,$-1,$0,$0
39,2008-12-31,1.32,$1.17,1.12,$4.20,0.31,$0.13,10.53,$0.12,11.0,$0.04B,$0.05B,0.81,$0.00B,$0.02B,0.15,$0.08B,$0.02B,26.92%,$0.08B,$-0.00B,-3.85%,$0.08B,$-0.00B,-3.85%,$0.08B,$0.00B,2.56%,$0.08B,$0.00B,2.56%,$0.08B,$0.00B,2.56%,$0.00B,$0.02B,9.88%,$0.00B,$-0.02B,-10.96%,$0.00B,$0.10B,2.05%,$-0.00B,$0.03B,-12.00%,$19,$14,$5,$2,$4,$21,$-2,$3,$1,$0,$1,$1,$1,$-1,$-2,$18,19,$0.04,$0.04,$5,$0,$0,$41,$3,$0,$38,$12,$56,$97,$50,$3,$0,$25,$75,$15,$-42,$0,$21,$97,$2,$5,$-2,$2,$0,$0,$-1,$-0,$-2,$2,$-2,$2,$3,$1,$0,$1,$0,$4,$-9,$0,$-9,$-0,$-0,$0,$0,$-9,$-3,$0,$0
40,2008-09-30,1.56,$1.12,1.4,$4.12,0.38,$0.38,4.11,$0.04,39.0,$0.04B,$0.05B,0.81,$0.00B,$0.02B,0.21,$0.08B,$0.02B,25.97%,$0.08B,$-0.00B,-2.60%,$0.08B,$-0.00B,-2.60%,$0.08B,$0.00B,5.19%,$0.08B,0,0.00%,$0.08B,0,0.00%,$0.00B,$0.02B,0.00%,$0.00B,$-0.02B,0.00%,$0.00B,$0.10B,0.00%,$-0.00B,$0.03B,-7.92%,$20,$15,$5,$2,$3,$21,$-1,$1,$-0,$0,$-0,$-0,$-0,$0,$-1,$18,19,$0.00,$0.00,$4,$0,$0,$40,$4,$0,$38,$12,$56,$96,$49,$4,$0,$26,$75,$15,$-43,$0,$21,$96,$1,$4,$-1,$3,$-0,$0,$-0,$-0,$-2,$3,$-2,$2,$-0,$-0,$0,$-0,$0,$0,$-8,$0,$-8,$0,$0,$0,$0,$-8,$-5,$0,$0
41,2008-06-30,2.32,$1.12,2.08,$3.96,0.59,$0.48,4.84,$0.04,58.0,$0.04B,$0.05B,0.79,$0.01B,$0.02B,0.24,$0.08B,$0.02B,25.33%,$0.08B,$-0.00B,-2.67%,$0.08B,$-0.00B,-2.67%,$0.08B,$0.01B,6.67%,$0.08B,0,0.00%,$0.08B,0,0.00%,$0.00B,$0.02B,0.00%,$0.00B,$-0.02B,0.00%,$0.00B,$0.10B,0.00%,$-0.00B,$0.03B,-7.69%,$20,$15,$6,$2,$3,$20,$1,$1,$2,$0,$2,$2,$2,$2,$1,$18,19,$0.12,$0.12,$4,$0,$0,$39,$5,$0,$38,$11,$58,$97,$50,$5,$0,$27,$77,$15,$-43,$0,$21,$97,$1,$3,$-1,$2,$0,$0,$0,$0,$-0,$3,$-1,$1,$-0,$-0,$0,$-0,$0,$0,$-8,$0,$-8,$0,$0,$0,$0,$-8,$-5,$0,$0
42,2008-03-31,2.4,$0.99,2.42,$3.95,0.61,$0.44,5.49,$0.08,30.0,$0.04B,$0.06B,0.77,$0.01B,$0.02B,0.29,$0.08B,$0.02B,27.63%,$0.08B,0,0.00%,$0.08B,0,0.00%,$0.08B,$0.01B,10.53%,$0.08B,$0.00B,1.32%,$0.08B,$0.00B,1.32%,$0.00B,$0.02B,5.19%,$0.00B,$-0.02B,-5.63%,$0.00B,$0.10B,1.03%,$0.00B,$0.02B,0.00%,$19,$14,$5,$2,$3,$20,$-1,$-0,$-1,$0,$-1,$-1,$-1,$1,$-1,$18,18,$-0.04,$-0.04,$9,$0,$0,$43,$5,$0,$39,$11,$58,$101,$56,$5,$0,$27,$83,$15,$-46,$0,$18,$101,$-1,$1,$0,$2,$-0,$0,$-0,$1,$-0,$0,$-0,$0,$-0,$-0,$0,$-0,$0,$-0,$-0,$0,$-0,$0,$0,$0,$0,$-0,$-1,$0,$0
43,2007-12-31,2.76,$1.05,2.63,$3.85,0.72,$0.44,6.27,$0.16,17.25,$0.04B,$0.05B,0.79,$0.01B,$0.02B,0.35,$0.08B,$0.02B,29.33%,$0.08B,$0.00B,2.67%,$0.08B,$0.00B,2.67%,$0.08B,$0.01B,12.00%,$0.08B,$0.00B,4.00%,$0.08B,$0.00B,4.00%,$0.00B,$0.02B,15.58%,$0.00B,$-0.02B,-19.35%,$0.00B,$0.10B,3.19%,$0.00B,$0.03B,8.16%,$18,$14,$4,$1,$3,$19,$-1,$-0,$-1,$0,$-1,$-1,$-1,$1,$-1,$19,19,$-0.04,$-0.08,$9,$0,$0,$42,$5,$0,$40,$11,$58,$100,$53,$7,$0,$28,$81,$15,$-45,$0,$19,$100,$3,$6,$-0,$5,$-0,$0,$-0,$0,$1,$9,$-3,$0,$-10,$1,$0,$1,$0,$-13,$9,$0,$9,$-2,$-2,$0,$0,$6,$2,$0,$0
44,2007-09-30,3.84,$1.09,3.51,$3.81,1.01,$0.39,9.85,$0.20,19.2,$0.04B,$0.05B,0.79,$0.01B,$0.02B,0.36,$0.07B,$0.02B,31.08%,$0.07B,$0.00B,4.05%,$0.07B,$0.00B,4.05%,$0.07B,$0.01B,12.16%,$0.07B,$0.00B,5.41%,$0.07B,$0.00B,5.41%,$0.00B,$0.02B,20.78%,$0.00B,$-0.02B,-29.63%,$0.00B,$0.10B,4.43%,$0.00B,$0.03B,12.37%,$18,$13,$4,$2,$3,$18,$-1,$0,$-0,$0,$-0,$-0,$-0,$1,$-1,$19,19,$0.00,$0.00,$7,$0,$0,$40,$6,$0,$40,$11,$59,$99,$51,$7,$0,$28,$79,$15,$-44,$0,$20,$99,$4,$4,$-1,$3,$-1,$0,$-1,$0,$-1,$6,$-3,$0,$-10,$0,$0,$0,$0,$-13,$9,$0,$9,$-2,$-2,$0,$0,$7,$-0,$0,$0
45,2007-06-30,4.76,$1.11,4.31,$3.75,1.27,$0.29,16.2,$0.28,17.0,$0.04B,$0.05B,0.82,$0.00B,$0.02B,0.0,$0.07B,$0.03B,34.25%,$0.07B,$0.00B,5.48%,$0.07B,$0.00B,5.48%,$0.07B,$0.01B,12.33%,$0.07B,$0.01B,8.22%,$0.07B,$0.01B,8.22%,$0.01B,$0.02B,32.00%,$0.01B,$-0.01B,-51.06%,$0.01B,$0.09B,6.94%,$0.00B,$0.02B,17.20%,$21,$13,$8,$2,$2,$18,$3,$-0,$3,$0,$3,$3,$3,$5,$3,$19,19,$0.16,$0.16,$6,$0,$0,$40,$6,$0,$30,$10,$49,$89,$48,$0,$0,$20,$68,$15,$-43,$0,$20,$89,$4,$3,$-1,$2,$-1,$0,$-1,$-1,$-2,$4,$-3,$0,$-0,$1,$0,$1,$0,$-2,$0,$0,$0,$-2,$-2,$0,$0,$-2,$-1,$0,$0
46,2007-03-31,3.48,$0.97,3.59,$3.51,0.99,$0.36,9.78,$0.12,29.0,$0.04B,$0.04B,0.87,$0.01B,$0.02B,0.33,$0.07B,$0.02B,32.35%,$0.07B,$0.00B,1.47%,$0.07B,$0.00B,1.47%,$0.07B,$0.01B,7.35%,$0.07B,$0.00B,4.41%,$0.07B,$0.00B,4.41%,$0.00B,$0.02B,16.90%,$0.00B,$-0.01B,-26.67%,$0.00B,$0.09B,3.57%,$0.00B,$0.02B,4.21%,$18,$12,$6,$2,$3,$17,$1,$0,$1,$0,$1,$1,$1,$2,$1,$19,19,$0.04,$0.04,$7,$0,$0,$38,$7,$0,$30,$10,$50,$88,$44,$6,$0,$26,$70,$15,$-46,$0,$18,$88,$1,$1,$-0,$1,$-1,$0,$-0,$0,$-1,$1,$-1,$0,$-0,$1,$0,$1,$0,$-0,$0,$0,$0,$-1,$-1,$0,$0,$-1,$-0,$0,$0
47,2006-12-31,3.4,$0.98,3.48,$3.45,0.99,$0.41,8.29,$0.08,42.5,$0.04B,$0.04B,0.87,$0.01B,$0.02B,0.32,$0.07B,$0.02B,32.31%,$0.07B,$-0.00B,-1.54%,$0.07B,$-0.00B,-1.54%,$0.07B,$0.00B,4.62%,$0.07B,$0.00B,3.08%,$0.07B,$0.00B,3.08%,$0.00B,$0.02B,12.12%,$0.00B,$-0.01B,-29.63%,$0.00B,$0.09B,2.58%,$-0.00B,$0.03B,-4.76%,$17,$12,$5,$2,$2,$17,$0,$-0,$0,$-0,$0,$0,$0,$1,$0,$19,19,$0.00,$0.04,$7,$0,$0,$36,$6,$0,$31,$10,$49,$85,$41,$6,$0,$25,$66,$15,$-47,$0,$19,$85,$2,$4,$1,$5,$-1,$0,$1,$3,$2,$9,$-5,$0,$-14,$1,$0,$1,$0,$-18,$-2,$0,$-2,$0,$0,$0,$0,$-2,$-11,$0,$0
