,Date,Stock Price,Book Value per Share,Price to Book Ratio,TTM Sales per Share,Price to Sales Ratio,TTM FCF per Share,Price to FCF Ratio,TTM Net EPS,PE Ratio,Current Assets,Current Liabilities,Current Ratio,Long Term Debt,Shareholder's Equity_x,Debt to Equity Ratio,TTM Revenue_x,TTM Gross Profit,Gross Margin,TTM Revenue_y,TTM Operating Income,Operating Margin,TTM Revenue_x,TTM EBIT,EBIT Margin,TTM Revenue_y,TTM EBITDA,EBITDA Margin,TTM Revenue_x,TTM Pre-Tax Income,Pre-Tax Margin,TTM Revenue_y,TTM Net Income_x,Net Margin,TTM Net Income_y,Shareholder's Equity_y,Return on Equity,TTM Net Income_x,Tangible Equity,Return on Tangible Equity,TTM Net Income_y,Total Assets,Return on Assets,TTM Net Income,LT Investments & Debt,Return on Investment,revenue,cost-goods-sold,gross-profit,research-development-expenses,selling-general-administrative-expenses,operating-expenses,operating-income,total-non-operating-income-expense,pre-tax-income,total-provision-income-taxes,income-after-taxes,income-from-continuous-operations,net-income,ebitda,ebit,basic-shares-outstanding,shares-outstanding,eps-basic-net-earnings-per-share,eps-earnings-per-share-diluted,cash-on-hand,inventory,other-current-assets,total-current-assets,net-property-plant-equipment,long-term-investments,goodwill-intangible-assets-total,other-long-term-assets,total-long-term-assets,total-assets,total-current-liabilities,long-term-debt,other-non-current-liabilities,total-long-term-liabilities,total-liabilities,common-stock-net,retained-earnings-accumulated-deficit,comprehensive-income,total-share-holder-equity,total-liabilities-share-holders-equity,net-income-loss,total-depreciation-amortization-cash-flow,other-non-cash-items,total-non-cash-items,change-in-accounts-receivable,change-in-inventories,change-in-accounts-payable,change-in-assets-liabilities,total-change-in-assets-liabilities,cash-flow-from-operating-activities,net-change-in-property-plant-equipment,net-change-in-intangible-assets,net-acquisitions-divestitures,net-change-in-short-term-investments,net-change-in-long-term-investments,net-change-in-investments-total,investing-activities-other,cash-flow-from-investing-activities,net-long-term-debt,net-current-debt,debt-issuance-retirement-net-total,net-common-equity-issued-repurchased,net-total-equity-issued-repurchased,total-common-preferred-stock-dividends-paid,financial-activities-other,cash-flow-from-financial-activities,net-cash-flow,stock-based-compensation,common-stock-dividends-paid
0,2018-09-30,37.71,$4.74,7.95,$17.98,2.1,$6.37,5.92,$-0.49,0.0,$1.28B,$0.73B,1.77,$0.48B,$0.56B,0.86,$2.20B,$1.04B,47.32%,$2.20B,$0.08B,3.45%,$2.20B,$0.08B,3.45%,$2.20B,$0.21B,9.36%,$2.20B,$0.07B,2.95%,$2.20B,$-0.06B,-2.68%,$-0.06B,$0.56B,-9.66%,$-0.06B,$0.15B,-30.61%,$-0.06B,$2.14B,-2.55%,$0.08B,$1.04B,6.98%,$526,$262,$264,$84,$166,$512,$14,$-4,$10,$-8,$18,$18,$18,$45,$14,$119,121,$0.15,$0.15,$768,$45,$99,$1284,$226,$0,$413,$75,$852,$2136,$725,$484,$152,$851,$1576,$1,$-745,$-93,$560,$2136,$15,$95,$39,$134,$182,$-15,$0,$-51,$108,$257,$-97,$0,$0,$0,$0,$0,$0,$-97,$-281,$0,$-281,$-206,$-206,$0,$23,$-464,$-321,$50,$0
1,2018-06-30,40.15,$4.81,8.35,$17.80,2.26,$6.91,5.81,$-0.54,0.0,$1.38B,$0.77B,1.79,$0.49B,$0.57B,0.86,$2.20B,$1.03B,46.68%,$2.20B,$0.07B,3.22%,$2.20B,$0.07B,3.22%,$2.20B,$0.20B,9.22%,$2.20B,$0.06B,2.77%,$2.20B,$-0.06B,-2.91%,$-0.06B,$0.57B,-9.83%,$-0.06B,$0.16B,-27.77%,$-0.06B,$2.20B,-2.72%,$0.07B,$1.06B,6.28%,$544,$294,$250,$77,$163,$534,$10,$-4,$6,$2,$4,$4,$4,$40,$10,$120,122,$0.03,$0.03,$882,$28,$104,$1383,$187,$0,$416,$68,$820,$2203,$774,$491,$140,$857,$1631,$1,$-714,$-91,$572,$2203,$-3,$64,$29,$93,$185,$2,$0,$44,$200,$290,$-62,$0,$0,$0,$0,$0,$0,$-62,$-280,$0,$-280,$-157,$-157,$0,$18,$-419,$-206,$35,$0
2,2018-03-31,39.67,$5.34,7.43,$17.34,2.29,$7.19,5.52,$-0.60,0.0,$1.53B,$0.91B,1.68,$0.46B,$0.64B,0.71,$2.17B,$1.02B,46.98%,$2.17B,$0.06B,2.76%,$2.17B,$0.06B,2.76%,$2.17B,$0.20B,9.03%,$2.17B,$0.05B,2.40%,$2.17B,$-0.07B,-3.32%,$-0.07B,$0.64B,-9.92%,$-0.07B,$0.22B,-23.68%,$-0.07B,$2.36B,-3.01%,$0.06B,$1.10B,4.96%,$506,$283,$223,$75,$152,$510,$-4,$-4,$-8,$-1,$-7,$-7,$-7,$30,$-4,$121,121,$-0.06,$-0.06,$939,$43,$97,$1530,$172,$0,$422,$66,$825,$2355,$913,$456,$150,$798,$1711,$1,$-637,$-70,$644,$2355,$-7,$34,$14,$48,$83,$-13,$0,$100,$143,$184,$-28,$0,$0,$0,$0,$0,$0,$-28,$-255,$0,$-255,$-60,$-60,$0,$10,$-305,$-149,$19,$0
3,2017-12-31,38.46,$5.48,7.02,$16.93,2.27,$7.67,5.02,$-0.56,0.0,$1.75B,$1.06B,1.65,$0.48B,$0.67B,0.72,$2.16B,$1.02B,47.40%,$2.16B,$0.06B,2.97%,$2.16B,$0.06B,2.97%,$2.16B,$0.20B,9.37%,$2.16B,$0.06B,2.69%,$2.16B,$-0.07B,-3.11%,$-0.07B,$0.67B,-8.34%,$-0.07B,$0.25B,-17.34%,$-0.07B,$2.56B,-2.77%,$0.06B,$1.15B,4.91%,$626,$321,$305,$78,$171,$570,$56,$1,$57,$131,$-74,$-74,$-74,$91,$56,$126,126,$-0.59,$-0.58,$1089,$30,$77,$1750,$162,$0,$422,$44,$806,$2556,$1063,$478,$149,$825,$1888,$1,$-579,$-74,$668,$2556,$-67,$138,$34,$172,$-6,$3,$0,$210,$219,$324,$-87,$0,$-21,$0,$0,$0,$0,$-108,$210,$0,$210,$-351,$-351,$0,$32,$-109,$115,$68,$0
4,2017-09-30,33.79,$5.96,5.67,$16.72,2.02,$8.31,4.06,$0.49,68.96,$1.51B,$0.94B,1.61,$0.49B,$0.72B,0.69,$2.16B,$1.03B,47.87%,$2.16B,$0.11B,4.92%,$2.16B,$0.11B,4.92%,$2.16B,$0.24B,11.13%,$2.16B,$0.09B,4.27%,$2.16B,$0.07B,3.01%,$0.07B,$0.72B,7.39%,$0.07B,$0.30B,13.90%,$0.07B,$2.31B,2.73%,$0.11B,$1.21B,7.60%,$526,$276,$250,$80,$161,$517,$9,$-3,$6,$-7,$13,$13,$13,$42,$9,$124,126,$0.11,$0.10,$1025,$45,$72,$1508,$159,$0,$421,$30,$799,$2307,$936,$493,$23,$652,$1588,$1,$-505,$-69,$719,$2307,$7,$103,$29,$132,$182,$-11,$0,$-9,$162,$301,$-66,$0,$-18,$0,$0,$0,$0,$-84,$157,$0,$157,$-351,$-351,$0,$20,$-174,$51,$51,$0
5,2017-06-30,29.49,$6.90,4.27,$16.73,1.76,$8.82,3.34,$0.76,38.8,$1.55B,$0.79B,1.96,$0.51B,$0.87B,0.58,$2.18B,$1.08B,49.31%,$2.18B,$0.19B,8.52%,$2.18B,$0.19B,8.52%,$2.18B,$0.32B,14.62%,$2.18B,$0.18B,8.07%,$2.18B,$0.10B,4.63%,$0.10B,$0.87B,10.83%,$0.10B,$0.45B,19.28%,$0.10B,$2.34B,4.23%,$0.19B,$1.38B,12.73%,$513,$271,$242,$78,$165,$514,$-1,$-2,$-3,$1,$-4,$-4,$-4,$33,$-1,$128,128,$-0.03,$-0.03,$1085,$42,$65,$1548,$143,$0,$422,$24,$790,$2338,$792,$508,$35,$674,$1466,$1,$-318,$-77,$872,$2338,$-6,$70,$15,$85,$192,$-8,$0,$59,$230,$309,$-34,$0,$-18,$0,$0,$0,$0,$-52,$-15,$0,$-15,$-151,$-151,$0,$12,$-154,$111,$35,$0
6,2017-03-31,31.12,$7.36,4.23,$17.28,1.8,$8.96,3.47,$1.28,24.31,$1.70B,$0.84B,2.04,$0.52B,$0.95B,0.55,$2.27B,$1.14B,50.44%,$2.27B,$0.27B,12.08%,$2.27B,$0.27B,12.08%,$2.27B,$0.40B,17.81%,$2.27B,$0.26B,11.64%,$2.27B,$0.17B,7.45%,$0.17B,$0.95B,18.17%,$0.17B,$0.55B,32.04%,$0.17B,$2.48B,7.05%,$0.27B,$1.48B,18.64%,$491,$266,$225,$70,$155,$491,$0,$-2,$-2,$0,$-2,$-2,$-2,$36,$0,$130,130,$-0.02,$-0.02,$1164,$40,$58,$1704,$142,$0,$402,$18,$779,$2483,$835,$523,$31,$694,$1529,$1,$-207,$-83,$954,$2483,$-2,$36,$8,$44,$106,$-6,$0,$150,$206,$248,$-18,$0,$0,$0,$0,$0,$0,$-18,$-8,$0,$-8,$-43,$-43,$0,$7,$-44,$190,$16,$0
7,2016-12-31,27.17,$7.43,3.65,$17.72,1.53,$8.93,3.04,$0.94,28.9,$1.62B,$0.73B,2.22,$0.54B,$0.97B,0.55,$2.32B,$1.19B,51.16%,$2.32B,$0.23B,9.99%,$2.32B,$0.23B,9.99%,$2.32B,$0.36B,15.50%,$2.32B,$0.22B,9.52%,$2.32B,$0.13B,5.38%,$0.13B,$0.97B,14.04%,$0.13B,$0.57B,25.63%,$0.13B,$2.41B,5.22%,$0.23B,$1.51B,16.12%,$626,$311,$315,$58,$159,$528,$98,$-7,$91,$33,$58,$58,$58,$129,$98,$130,132,$0.45,$0.45,$974,$34,$65,$1621,$138,$0,$401,$17,$792,$2413,$729,$538,$32,$713,$1442,$1,$-161,$-89,$971,$2413,$125,$128,$137,$265,$40,$14,$0,$-9,$56,$446,$-113,$0,$76,$2,$0,$2,$0,$-35,$-210,$0,$-210,$-82,$-82,$0,$30,$-262,$135,$62,$0
8,2016-09-30,31.0,$7.18,4.32,$18.11,1.71,$8.41,3.69,$0.81,38.27,$1.52B,$0.69B,2.21,$0.55B,$0.93B,0.59,$2.42B,$1.24B,51.26%,$2.42B,$0.09B,3.89%,$2.42B,$0.09B,3.89%,$2.42B,$0.23B,9.61%,$2.42B,$0.10B,3.93%,$2.42B,$0.02B,0.75%,$0.02B,$0.93B,2.09%,$0.02B,$0.52B,3.94%,$0.02B,$2.31B,0.74%,$0.09B,$1.48B,6.64%,$552,$258,$294,$46,$159,$463,$89,$1,$90,$41,$49,$49,$49,$121,$89,$130,132,$0.38,$0.37,$988,$44,$59,$1517,$131,$0,$409,$18,$797,$2314,$688,$545,$27,$694,$1382,$1,$-206,$-66,$932,$2314,$67,$97,$120,$217,$162,$4,$0,$-42,$110,$394,$-81,$0,$76,$0,$0,$0,$0,$-5,$-202,$0,$-202,$-69,$-69,$0,$28,$-243,$149,$49,$0
9,2016-06-30,25.07,$6.67,3.76,$18.20,1.38,$7.98,3.14,$0.99,25.32,$1.60B,$0.82B,1.95,$0.55B,$0.86B,0.64,$2.47B,$1.25B,50.67%,$2.47B,$0.08B,3.32%,$2.47B,$0.08B,3.32%,$2.47B,$0.23B,9.44%,$2.47B,$0.12B,4.66%,$2.47B,$0.05B,1.90%,$0.05B,$0.86B,5.37%,$0.05B,$0.47B,11.75%,$0.05B,$2.38B,1.88%,$0.08B,$1.42B,5.70%,$599,$289,$310,$51,$172,$512,$87,$-2,$85,$21,$64,$64,$64,$118,$87,$130,132,$0.49,$0.49,$909,$37,$184,$1595,$129,$0,$399,$19,$787,$2382,$819,$552,$26,$699,$1518,$1,$-246,$-69,$864,$2382,$18,$65,$98,$163,$122,$11,$0,$45,$168,$349,$-48,$0,$-4,$0,$0,$0,$0,$-52,$-195,$0,$-195,$-51,$-51,$0,$19,$-227,$70,$33,$0
10,2016-03-31,26.24,$6.14,4.28,$18.04,1.45,$7.41,3.54,$-1.37,0.0,$1.68B,$0.97B,1.73,$0.56B,$0.79B,0.71,$2.49B,$1.27B,50.86%,$2.49B,$-0.27B,-10.71%,$2.49B,$-0.27B,-10.71%,$2.49B,$-0.11B,-4.21%,$2.49B,$-0.22B,-8.78%,$2.49B,$-0.28B,-11.31%,$-0.28B,$0.79B,-29.49%,$-0.28B,$0.39B,-69.72%,$-0.28B,$2.46B,-10.91%,$-0.27B,$1.35B,-17.47%,$545,$276,$269,$57,$174,$587,$-42,$-3,$-45,$1,$-46,$-46,$-46,$-8,$-42,$129,129,$-0.36,$-0.36,$917,$54,$187,$1677,$131,$0,$401,$17,$787,$2464,$968,$560,$26,$702,$1670,$1,$-297,$-68,$794,$2464,$-46,$34,$91,$125,$66,$-5,$0,$126,$171,$250,$-26,$0,$-3,$0,$0,$0,$0,$-29,$-107,$0,$-107,$-47,$-47,$0,$9,$-145,$78,$21,$0
11,2015-12-31,26.42,$6.50,4.07,$17.77,1.49,$6.96,3.79,$-0.86,0.0,$1.73B,$0.95B,1.82,$0.57B,$0.85B,0.67,$2.53B,$1.28B,50.43%,$2.53B,$-0.20B,-7.71%,$2.53B,$-0.20B,-7.71%,$2.53B,$-0.03B,-0.99%,$2.53B,$-0.14B,-5.69%,$2.53B,$-0.21B,-8.46%,$-0.21B,$0.85B,-19.13%,$-0.21B,$0.45B,-52.74%,$-0.21B,$2.53B,-7.80%,$-0.20B,$1.42B,-11.48%,$719,$354,$365,$55,$212,$759,$-40,$5,$-35,$14,$-49,$-49,$-49,$1,$-40,$140,140,$-0.37,$-0.36,$839,$49,$266,$1734,$143,$0,$402,$17,$793,$2527,$953,$567,$26,$725,$1678,$1,$-204,$-76,$849,$2527,$-214,$170,$436,$606,$1,$-11,$0,$27,$9,$401,$-120,$0,$-17,$85,$0,$85,$0,$-52,$313,$0,$313,$-657,$-657,$0,$20,$-324,$5,$56,$0
12,2015-09-30,28.96,$7.44,3.89,$17.44,1.66,$8.44,3.43,$-0.40,0.0,$1.51B,$0.84B,1.81,$0.58B,$1.00B,0.58,$2.57B,$1.34B,51.94%,$2.57B,$0.00B,0.12%,$2.57B,$0.00B,0.12%,$2.57B,$0.17B,6.73%,$2.57B,$0.05B,1.87%,$2.57B,$-0.05B,-1.83%,$-0.05B,$1.00B,-3.53%,$-0.05B,$0.30B,-10.45%,$-0.05B,$2.61B,-1.62%,$0.00B,$1.57B,0.16%,$606,$299,$307,$51,$179,$529,$77,$33,$110,$32,$78,$78,$78,$122,$77,$139,141,$0.56,$0.55,$874,$52,$102,$1514,$159,$0,$701,$21,$1095,$2609,$838,$577,$28,$775,$1613,$1,$-57,$-64,$996,$2609,$-165,$129,$323,$452,$134,$-14,$0,$-12,$83,$370,$-94,$0,$-9,$69,$0,$69,$0,$-34,$243,$0,$243,$-541,$-541,$0,$18,$-280,$40,$43,$0
13,2015-06-30,37.0,$8.38,4.42,$17.40,2.13,$9.60,3.85,$-0.35,0.0,$1.58B,$0.76B,2.08,$0.59B,$1.19B,0.49,$2.63B,$1.38B,52.37%,$2.63B,$0.05B,1.86%,$2.63B,$0.05B,1.86%,$2.63B,$0.22B,8.28%,$2.63B,$0.06B,2.32%,$2.63B,$-0.03B,-1.18%,$-0.03B,$1.19B,-2.01%,$-0.03B,$0.48B,-5.49%,$-0.03B,$2.74B,-1.03%,$0.05B,$1.77B,2.53%,$623,$296,$327,$59,$190,$885,$-262,$13,$-249,$16,$-265,$-265,$-265,$-220,$-262,$142,142,$-1.87,$-1.87,$921,$46,$99,$1577,$160,$0,$703,$82,$1158,$2735,$757,$585,$28,$792,$1549,$1,$114,$-27,$1186,$2735,$-243,$84,$337,$421,$109,$-8,$0,$51,$124,$302,$-59,$0,$14,$0,$0,$0,$0,$-45,$133,$0,$133,$-308,$-308,$0,$14,$-161,$87,$30,$0
14,2015-03-31,44.14,$10.18,4.34,$17.25,2.56,$10.54,4.19,$2.12,20.82,$1.59B,$0.85B,1.87,$0.59B,$1.44B,0.41,$2.69B,$1.42B,52.98%,$2.69B,$0.44B,16.53%,$2.69B,$0.44B,16.53%,$2.69B,$0.61B,22.86%,$2.69B,$0.44B,16.46%,$2.69B,$0.33B,12.29%,$0.33B,$1.44B,19.26%,$0.33B,$0.40B,51.54%,$0.33B,$3.10B,10.65%,$0.44B,$2.04B,21.99%,$582,$305,$277,$63,$184,$552,$30,$0,$30,$8,$22,$22,$22,$72,$30,$145,148,$0.15,$0.15,$881,$42,$85,$1591,$162,$0,$1046,$88,$1512,$3103,$850,$593,$31,$809,$1659,$1,$405,$-39,$1444,$3103,$22,$42,$11,$53,$37,$-4,$0,$101,$147,$222,$-32,$0,$0,$0,$0,$0,$0,$-32,$133,$0,$133,$-269,$-269,$0,$6,$-130,$47,$17,$0
15,2014-12-31,43.68,$11.54,3.78,$17.21,2.54,$11.18,3.91,$2.34,18.67,$1.57B,$1.00B,1.58,$0.20B,$1.71B,0.11,$2.73B,$1.48B,54.14%,$2.73B,$0.50B,18.41%,$2.73B,$0.50B,18.41%,$2.73B,$0.67B,24.60%,$2.73B,$0.49B,18.08%,$2.73B,$0.37B,13.43%,$0.37B,$1.71B,20.22%,$0.37B,$0.62B,50.14%,$0.37B,$3.13B,11.78%,$0.50B,$1.90B,24.75%,$761,$336,$425,$54,$213,$603,$158,$-1,$157,$39,$118,$118,$118,$199,$158,$155,158,$0.77,$0.76,$834,$38,$81,$1572,$159,$0,$1084,$98,$1560,$3132,$995,$195,$32,$430,$1425,$1,$656,$-4,$1707,$3132,$367,$169,$55,$224,$101,$18,$0,$-7,$89,$680,$-129,$0,$-69,$0,$0,$0,$0,$-198,$194,$0,$194,$-551,$-551,$0,$31,$-326,$139,$50,$0
16,2014-09-30,41.92,$12.02,3.49,$17.01,2.46,$9.93,4.22,$2.25,18.63,$1.51B,$0.77B,1.95,$0.21B,$1.84B,0.11,$2.74B,$1.49B,54.20%,$2.74B,$0.52B,19.05%,$2.74B,$0.52B,19.05%,$2.74B,$0.69B,25.11%,$2.74B,$0.49B,17.92%,$2.74B,$0.36B,13.18%,$0.36B,$1.84B,19.49%,$0.36B,$0.75B,47.08%,$0.36B,$3.02B,11.62%,$0.52B,$2.05B,25.06%,$667,$317,$350,$46,$181,$544,$123,$0,$123,$29,$94,$94,$94,$167,$123,$155,157,$0.61,$0.60,$848,$44,$92,$1506,$157,$0,$1088,$46,$1512,$3018,$771,$210,$32,$405,$1176,$2,$2282,$4,$1842,$3018,$249,$128,$26,$154,$199,$12,$0,$-21,$180,$583,$-94,$0,$-49,$0,$0,$0,$0,$-143,$-19,$0,$-19,$-282,$-282,$0,$22,$-279,$153,$36,$0
17,2014-06-30,40.2,$11.98,3.36,$16.77,2.4,$8.90,4.52,$2.24,17.95,$1.64B,$0.85B,1.94,$0.23B,$1.86B,0.12,$2.74B,$1.49B,54.51%,$2.74B,$0.53B,19.39%,$2.74B,$0.53B,19.39%,$2.74B,$0.69B,25.26%,$2.74B,$0.50B,18.25%,$2.74B,$0.37B,13.33%,$0.37B,$1.86B,19.50%,$0.37B,$0.79B,46.69%,$0.37B,$3.14B,11.65%,$0.53B,$2.09B,25.12%,$676,$305,$371,$50,$188,$543,$133,$-1,$132,$36,$96,$96,$96,$176,$133,$157,159,$0.61,$0.60,$934,$50,$103,$1637,$156,$0,$1076,$47,$1499,$3136,$846,$225,$32,$428,$1274,$2,$2188,$34,$1862,$3136,$155,$84,$21,$105,$168,$6,$0,$45,$221,$481,$-58,$0,$-7,$0,$0,$0,$0,$-65,$-11,$0,$-11,$-184,$-184,$0,$15,$-180,$239,$25,$0
18,2014-03-31,49.19,$11.72,4.2,$16.56,2.97,$8.16,6.03,$2.29,21.48,$1.66B,$0.88B,1.88,$0.24B,$1.85B,0.13,$2.73B,$1.50B,54.92%,$2.73B,$0.55B,19.94%,$2.73B,$0.55B,19.94%,$2.73B,$0.70B,25.58%,$2.73B,$0.52B,18.84%,$2.73B,$0.38B,13.79%,$0.38B,$1.85B,20.34%,$0.38B,$0.77B,49.79%,$0.38B,$3.18B,12.13%,$0.55B,$2.09B,25.89%,$628,$295,$333,$56,$188,$539,$89,$-7,$82,$23,$59,$59,$59,$130,$89,$158,161,$0.37,$0.37,$922,$42,$88,$1659,$159,$0,$1084,$53,$1519,$3178,$882,$240,$30,$447,$1329,$2,$2092,$32,$1849,$3178,$59,$41,$14,$55,$111,$14,$0,$101,$229,$343,$-33,$0,$-4,$0,$0,$0,$0,$-37,$-4,$0,$-4,$-86,$-86,$0,$8,$-82,$227,$12,$0
19,2013-12-31,45.49,$11.66,3.9,$16.14,2.82,$7.52,6.05,$2.27,20.04,$1.56B,$0.78B,2.01,$0.25B,$1.86B,0.13,$2.69B,$1.47B,54.72%,$2.69B,$0.53B,19.76%,$2.69B,$0.53B,19.76%,$2.69B,$0.68B,25.22%,$2.69B,$0.51B,18.87%,$2.69B,$0.38B,14.00%,$0.38B,$1.86B,20.61%,$0.38B,$0.76B,51.59%,$0.38B,$3.10B,12.29%,$0.53B,$2.11B,25.47%,$769,$338,$431,$44,$210,$592,$177,$-23,$154,$42,$112,$112,$112,$215,$177,$163,166,$0.69,$0.68,$695,$56,$95,$1563,$161,$0,$1095,$58,$1533,$3096,$776,$248,$27,$463,$1239,$2,$2033,$33,$1857,$3096,$377,$147,$85,$232,$-46,$-9,$0,$19,$-99,$510,$-138,$0,$-36,$0,$0,$0,$0,$-174,$-15,$0,$-15,$-382,$-382,$0,$35,$-362,$-34,$49,$0
20,2013-09-30,55.44,$11.74,4.72,$15.82,3.5,$7.77,7.14,$2.25,24.64,$1.56B,$0.72B,2.16,$0.26B,$1.92B,0.13,$2.66B,$1.45B,54.52%,$2.66B,$0.51B,18.96%,$2.66B,$0.51B,18.96%,$2.66B,$0.65B,24.30%,$2.66B,$0.50B,18.89%,$2.66B,$0.38B,14.16%,$0.38B,$1.92B,20.83%,$0.38B,$0.81B,53.44%,$0.38B,$3.12B,12.32%,$0.51B,$2.17B,24.33%,$666,$308,$358,$43,$183,$534,$132,$0,$132,$34,$98,$98,$98,$171,$132,$163,166,$0.60,$0.59,$862,$67,$85,$1560,$157,$0,$1104,$83,$1558,$3118,$722,$255,$29,$478,$1200,$2,$1921,$21,$1918,$3118,$265,$109,$39,$148,$126,$-19,$0,$13,$34,$447,$-100,$0,$-39,$0,$0,$0,$0,$-139,$-11,$0,$-11,$-187,$-187,$0,$30,$-168,$133,$39,$0
21,2013-06-30,50.23,$10.97,4.58,$15.58,3.22,$7.66,6.55,$2.26,22.23,$1.49B,$0.77B,1.93,$0.26B,$1.79B,0.15,$2.64B,$1.46B,55.03%,$2.64B,$0.52B,19.52%,$2.64B,$0.52B,19.52%,$2.64B,$0.65B,24.62%,$2.64B,$0.51B,19.44%,$2.64B,$0.38B,14.49%,$0.38B,$1.79B,21.28%,$0.38B,$0.69B,55.51%,$0.38B,$3.04B,12.58%,$0.52B,$2.05B,24.91%,$670,$291,$379,$47,$185,$523,$147,$0,$147,$39,$108,$108,$108,$183,$147,$163,166,$0.66,$0.65,$826,$70,$83,$1493,$156,$0,$1102,$85,$1549,$3042,$774,$263,$28,$478,$1252,$2,$1823,$12,$1790,$3042,$167,$70,$29,$99,$157,$-23,$0,$55,$117,$383,$-65,$0,$-39,$0,$0,$0,$0,$-104,$-8,$0,$-8,$-184,$-184,$0,$19,$-173,$97,$27,$0
22,2013-03-31,58.51,$10.66,5.49,$15.41,3.8,$7.35,7.96,$2.26,25.89,$1.51B,$0.78B,1.93,$0.27B,$1.75B,0.16,$2.64B,$1.46B,55.25%,$2.64B,$0.53B,20.05%,$2.64B,$0.53B,20.05%,$2.64B,$0.66B,24.97%,$2.64B,$0.53B,19.97%,$2.64B,$0.39B,14.66%,$0.39B,$1.75B,21.67%,$0.39B,$0.66B,57.72%,$0.39B,$3.02B,12.85%,$0.53B,$2.02B,25.65%,$587,$282,$305,$50,$179,$511,$76,$-1,$75,$16,$59,$59,$59,$110,$76,$165,169,$0.36,$0.35,$853,$65,$81,$1509,$148,$0,$1094,$62,$1508,$3017,$783,$271,$22,$481,$1264,$2,$1715,$17,$1753,$3017,$59,$34,$16,$50,$158,$-18,$0,$81,$134,$243,$-27,$0,$0,$0,$0,$0,$0,$-27,$-4,$0,$-4,$-93,$-93,$0,$10,$-87,$124,$13,$0
23,2012-12-31,61.89,$10.74,5.76,$15.49,3.99,$7.01,8.83,$2.44,25.36,$1.53B,$0.81B,1.9,$0.27B,$1.78B,0.15,$2.67B,$1.49B,55.95%,$2.67B,$0.58B,21.76%,$2.67B,$0.58B,21.76%,$2.67B,$0.71B,26.49%,$2.67B,$0.58B,21.69%,$2.67B,$0.42B,15.72%,$0.42B,$1.78B,23.83%,$0.42B,$0.66B,60.64%,$0.42B,$3.07B,14.15%,$0.58B,$2.05B,28.46%,$740,$330,$410,$50,$210,$590,$150,$-1,$149,$37,$112,$112,$112,$183,$150,$168,172,$0.67,$0.66,$729,$47,$90,$1534,$150,$0,$1118,$62,$1532,$3066,$806,$274,$21,$481,$1287,$2,$1656,$29,$1779,$3066,$419,$126,$83,$209,$-165,$14,$0,$-7,$-53,$575,$-148,$0,$-274,$0,$0,$0,$0,$-422,$-11,$0,$-11,$-277,$-277,$0,$92,$-196,$-43,$43,$0
24,2012-09-30,75.41,$11.11,6.79,$15.10,4.99,$6.87,10.98,$2.35,32.09,$1.55B,$0.69B,2.24,$0.28B,$1.88B,0.15,$2.60B,$1.46B,56.00%,$2.60B,$0.56B,21.67%,$2.60B,$0.56B,21.67%,$2.60B,$0.68B,26.33%,$2.60B,$0.56B,21.63%,$2.60B,$0.41B,15.59%,$0.41B,$1.88B,24.01%,$0.41B,$0.75B,60.18%,$0.41B,$3.05B,14.22%,$0.56B,$2.16B,28.57%,$647,$286,$361,$44,$174,$504,$143,$0,$143,$39,$104,$104,$104,$175,$143,$169,172,$0.62,$0.60,$909,$41,$79,$1553,$143,$0,$1126,$33,$1498,$3051,$694,$278,$91,$479,$1173,$2,$1544,$22,$1878,$3051,$307,$93,$26,$119,$-20,$21,$0,$1,$25,$451,$-109,$0,$-239,$0,$0,$0,$0,$-348,$-8,$0,$-8,$-39,$-39,$0,$81,$34,$137,$31,$0
25,2012-06-30,72.01,$10.30,6.99,$14.85,4.85,$6.63,10.86,$2.26,31.86,$1.44B,$0.72B,2.0,$0.28B,$1.74B,0.16,$2.55B,$1.42B,55.70%,$2.55B,$0.54B,21.23%,$2.55B,$0.54B,21.23%,$2.55B,$0.67B,26.17%,$2.55B,$0.54B,21.15%,$2.55B,$0.39B,15.20%,$0.39B,$1.74B,24.75%,$0.39B,$0.61B,63.76%,$0.39B,$2.92B,14.33%,$0.54B,$2.02B,29.21%,$665,$283,$382,$43,$179,$505,$160,$0,$160,$48,$112,$112,$112,$191,$160,$169,172,$0.66,$0.65,$821,$35,$79,$1440,$134,$0,$1125,$31,$1475,$2915,$719,$282,$103,$461,$1180,$2,$1440,$11,$1735,$2915,$203,$61,$19,$80,$-1,$26,$0,$58,$61,$344,$-69,$0,$-238,$0,$0,$0,$0,$-307,$-4,$0,$-4,$-37,$-37,$0,$60,$19,$49,$21,$0
26,2012-03-31,68.15,$9.72,7.01,$14.36,4.74,$6.34,10.75,$2.21,30.84,$1.61B,$0.75B,2.17,$0.29B,$1.64B,0.17,$2.47B,$1.36B,54.92%,$2.47B,$0.49B,19.93%,$2.47B,$0.49B,19.93%,$2.47B,$0.60B,24.42%,$2.47B,$0.52B,20.94%,$2.47B,$0.38B,15.35%,$0.38B,$1.64B,25.69%,$0.38B,$0.74B,66.78%,$0.38B,$2.81B,14.61%,$0.49B,$1.93B,27.86%,$613,$275,$338,$46,$165,$486,$127,$-1,$126,$35,$91,$91,$91,$157,$127,$168,172,$0.54,$0.53,$978,$54,$83,$1614,$122,$0,$899,$16,$1198,$2812,$745,$286,$64,$427,$1172,$2,$1328,$21,$1640,$2812,$91,$30,$7,$37,$-5,$7,$0,$105,$64,$192,$-30,$0,$0,$0,$0,$0,$0,$-30,$0,$0,$0,$0,$0,$0,$41,$41,$206,$11,$0
27,2011-12-31,48.51,$8.93,5.43,$13.74,3.53,$5.86,8.28,$2.06,23.55,$1.41B,$0.70B,2.03,$0.29B,$1.49B,0.19,$2.36B,$1.29B,54.74%,$2.36B,$0.46B,19.31%,$2.36B,$0.46B,19.31%,$2.36B,$0.56B,23.62%,$2.36B,$0.48B,20.36%,$2.36B,$0.35B,14.94%,$0.35B,$1.49B,25.51%,$0.35B,$0.59B,65.49%,$0.35B,$2.62B,14.23%,$0.46B,$1.78B,27.18%,$673,$299,$374,$56,$185,$540,$133,$0,$133,$35,$98,$98,$98,$161,$133,$168,172,$0.58,$0.56,$772,$61,$85,$1412,$120,$0,$905,$11,$1204,$2616,$695,$290,$16,$427,$1122,$2,$1237,$16,$1494,$2616,$353,$102,$64,$166,$-65,$3,$0,$28,$-6,$513,$-110,$0,$-722,$0,$0,$0,$0,$-832,$300,$0,$300,$-127,$-127,$0,$39,$212,$-111,$35,$0
28,2011-09-30,53.53,$8.37,6.4,$13.04,4.11,$5.45,9.82,$1.99,26.9,$1.26B,$0.67B,1.88,$0.29B,$1.40B,0.21,$2.24B,$1.22B,54.72%,$2.24B,$0.44B,19.67%,$2.24B,$0.44B,19.67%,$2.24B,$0.53B,23.74%,$2.24B,$0.46B,20.74%,$2.24B,$0.34B,15.20%,$0.34B,$1.40B,26.01%,$0.34B,$0.49B,52.15%,$0.34B,$2.49B,14.80%,$0.44B,$1.69B,28.77%,$602,$274,$328,$43,$163,$480,$122,$-1,$121,$34,$87,$87,$87,$159,$122,$168,172,$0.52,$0.51,$691,$64,$65,$1261,$119,$0,$907,$11,$1225,$2486,$671,$293,$38,$414,$1085,$2,$1139,$10,$1401,$2486,$255,$74,$18,$92,$-12,$0,$0,$52,$40,$387,$-87,$0,$-722,$0,$0,$0,$0,$-809,$300,$0,$300,$-95,$-95,$0,$29,$234,$-192,$25,$0
29,2011-06-30,60.2,$8.11,7.43,$12.41,4.85,$4.89,12.3,$1.92,31.35,$1.22B,$0.68B,1.8,$0.30B,$1.37B,0.22,$2.12B,$1.18B,55.32%,$2.12B,$0.42B,19.96%,$2.12B,$0.42B,19.96%,$2.12B,$0.49B,23.21%,$2.12B,$0.45B,21.14%,$2.12B,$0.33B,15.44%,$0.33B,$1.37B,26.71%,$0.33B,$0.45B,42.85%,$0.33B,$2.46B,15.51%,$0.42B,$1.66B,30.80%,$581,$265,$316,$41,$165,$471,$110,$27,$137,$34,$103,$103,$103,$126,$110,$169,172,$0.61,$0.60,$682,$59,$65,$1222,$119,$0,$919,$10,$1239,$2461,$679,$295,$37,$417,$1096,$2,$1052,$18,$1365,$2461,$168,$37,$-9,$28,$13,$5,$0,$101,$89,$285,$-60,$0,$-719,$0,$0,$0,$0,$-779,$300,$0,$300,$-38,$-38,$0,$25,$287,$-201,$17,$0
30,2011-03-31,50.7,$7.55,6.71,$11.80,4.3,$4.51,11.25,$1.76,28.81,$1.37B,$0.66B,2.07,$0.30B,$1.27B,0.24,$2.01B,$1.13B,55.99%,$2.01B,$0.42B,20.86%,$2.01B,$0.42B,20.86%,$2.01B,$0.49B,24.19%,$2.01B,$0.42B,20.77%,$2.01B,$0.30B,14.85%,$0.30B,$1.27B,26.27%,$0.30B,$0.63B,34.30%,$0.30B,$2.36B,15.62%,$0.42B,$1.57B,34.62%,$506,$231,$275,$34,$150,$415,$91,$-1,$90,$25,$65,$65,$65,$112,$91,$168,172,$0.39,$0.38,$778,$66,$56,$1367,$111,$0,$647,$47,$992,$2359,$660,$300,$42,$425,$1085,$2,$949,$16,$1274,$2359,$65,$21,$12,$33,$-43,$-1,$0,$101,$8,$106,$-27,$0,$-499,$0,$0,$0,$0,$-526,$300,$0,$300,$0,$0,$0,$11,$311,$-105,$9,$0
31,2010-12-31,41.16,$7.07,5.82,$11.37,3.62,$4.73,8.69,$1.77,23.25,$1.41B,$0.57B,2.47,$0.00B,$1.19B,0.0,$1.94B,$1.09B,56.20%,$1.94B,$0.42B,21.44%,$1.94B,$0.42B,21.44%,$1.94B,$0.48B,24.54%,$1.94B,$0.41B,21.38%,$1.94B,$0.30B,15.55%,$0.30B,$1.19B,28.69%,$0.30B,$1.04B,32.82%,$0.30B,$1.88B,17.51%,$0.42B,$1.19B,39.56%,$548,$243,$305,$39,$149,$431,$117,$0,$116,$31,$85,$85,$85,$134,$117,$167,170,$0.51,$0.50,$883,$65,$56,$1406,$105,$0,$148,$49,$477,$1883,$569,$0,$40,$125,$694,$2,$884,$12,$1189,$1883,$301,$60,$57,$117,$-15,$-18,$0,$19,$-5,$413,$-83,$0,$-62,$0,$0,$0,$0,$-145,$0,$0,$0,$-88,$-88,$0,$41,$-47,$222,$26,$0
32,2010-09-30,38.56,$6.48,5.95,$11.01,3.5,$4.91,7.86,$1.75,22.03,$1.27B,$0.55B,2.31,$0.00B,$1.08B,0.0,$1.88B,$1.06B,56.32%,$1.88B,$0.40B,21.44%,$1.88B,$0.40B,21.44%,$1.88B,$0.46B,24.63%,$1.88B,$0.40B,21.44%,$1.88B,$0.30B,15.92%,$0.30B,$1.08B,30.64%,$0.30B,$0.95B,35.01%,$0.30B,$1.76B,18.29%,$0.40B,$1.08B,41.26%,$489,$210,$279,$40,$133,$383,$106,$0,$106,$31,$75,$75,$75,$121,$106,$167,170,$0.45,$0.44,$741,$65,$55,$1272,$103,$0,$136,$61,$483,$1755,$550,$0,$36,$121,$671,$2,$800,$18,$1084,$1755,$216,$43,$31,$74,$-24,$-18,$0,$24,$-25,$265,$-62,$0,$-61,$0,$0,$0,$0,$-123,$0,$0,$0,$-88,$-88,$0,$24,$-64,$80,$18,$0
33,2010-06-30,30.48,$6.01,5.07,$10.58,2.88,$5.46,5.59,$1.67,18.25,$1.21B,$0.54B,2.23,$0.00B,$1.01B,0.0,$1.82B,$1.01B,55.44%,$1.82B,$0.39B,21.21%,$1.82B,$0.39B,21.21%,$1.82B,$0.45B,24.73%,$1.82B,$0.38B,20.99%,$1.82B,$0.29B,15.82%,$0.29B,$1.01B,30.74%,$0.29B,$0.87B,35.07%,$0.29B,$1.66B,18.15%,$0.39B,$1.01B,41.20%,$470,$202,$268,$36,$126,$364,$106,$0,$106,$32,$74,$74,$74,$120,$106,$167,170,$0.44,$0.44,$724,$46,$57,$1208,$101,$0,$135,$31,$454,$1662,$543,$0,$34,$113,$656,$2,$725,$15,$1006,$1662,$141,$28,$20,$48,$5,$-1,$0,$50,$11,$200,$-44,$0,$-32,$0,$0,$0,$0,$-76,$0,$0,$0,$-71,$-71,$0,$14,$-57,$63,$11,$0
34,2010-03-31,28.89,$5.50,5.26,$10.23,2.82,$5.85,4.94,$1.59,18.17,$1.16B,$0.54B,2.14,$0.00B,$0.92B,0.0,$1.77B,$0.97B,55.00%,$1.77B,$0.36B,20.55%,$1.77B,$0.36B,20.55%,$1.77B,$0.43B,24.11%,$1.77B,$0.36B,20.33%,$1.77B,$0.28B,15.58%,$0.28B,$0.92B,30.67%,$0.28B,$0.81B,34.89%,$0.28B,$1.58B,17.84%,$0.36B,$0.92B,40.44%,$429,$193,$236,$32,$118,$343,$86,$0,$86,$19,$67,$67,$67,$100,$86,$168,171,$0.40,$0.39,$712,$56,$58,$1160,$96,$0,$109,$27,$416,$1576,$543,$0,$35,$116,$659,$2,$650,$15,$917,$1576,$67,$14,$13,$27,$52,$-10,$0,$69,$44,$138,$-21,$0,$0,$0,$0,$0,$0,$-21,$0,$0,$0,$-71,$-71,$0,$6,$-65,$51,$5,$0
35,2009-12-31,31.43,$5.39,5.83,$9.82,3.2,$5.99,5.24,$1.46,21.53,$1.15B,$0.54B,2.12,$0.00B,$0.91B,0.0,$1.71B,$0.94B,54.89%,$1.71B,$0.34B,19.78%,$1.71B,$0.34B,19.78%,$1.71B,$0.40B,23.46%,$1.71B,$0.33B,19.54%,$1.71B,$0.25B,14.86%,$0.25B,$0.91B,29.06%,$0.25B,$0.80B,33.19%,$0.25B,$1.57B,16.74%,$0.34B,$0.91B,38.67%,$496,$218,$278,$34,$138,$390,$106,$0,$106,$22,$84,$84,$84,$123,$106,$172,174,$0.49,$0.48,$661,$47,$57,$1152,$95,$0,$109,$27,$417,$1569,$543,$0,$33,$116,$659,$2,$583,$14,$910,$1569,$254,$63,$64,$127,$60,$-2,$0,$1,$74,$455,$-88,$0,$-9,$40,$0,$40,$0,$-57,$0,$0,$0,$-174,$-174,$0,$30,$-144,$259,$23,$0
36,2009-09-30,27.52,$5.34,5.15,$9.71,2.83,$5.94,4.64,$1.43,19.24,$1.15B,$0.51B,2.24,$0.00B,$0.92B,0.0,$1.71B,$0.93B,54.45%,$1.71B,$0.33B,19.58%,$1.71B,$0.33B,19.58%,$1.71B,$0.39B,23.04%,$1.71B,$0.33B,19.40%,$1.71B,$0.25B,14.60%,$0.25B,$0.92B,29.62%,$0.25B,$0.81B,34.03%,$0.25B,$1.54B,16.79%,$0.33B,$0.92B,39.73%,$425,$198,$227,$26,$113,$337,$88,$-4,$84,$21,$63,$63,$63,$107,$88,$172,174,$0.37,$0.36,$704,$46,$71,$1147,$90,$0,$110,$14,$392,$1539,$513,$0,$29,$111,$624,$2,$499,$18,$915,$1539,$170,$46,$43,$89,$121,$-1,$0,$1,$105,$364,$-61,$0,$0,$40,$0,$40,$6,$-15,$0,$0,$0,$-71,$-71,$0,$16,$-55,$302,$17,$0
37,2009-06-30,23.43,$5.00,4.69,$9.72,2.41,$5.67,4.13,$1.40,16.74,$1.10B,$0.54B,2.04,$0.00B,$0.86B,0.0,$1.72B,$0.94B,54.59%,$1.72B,$0.33B,19.30%,$1.72B,$0.33B,19.30%,$1.72B,$0.39B,22.44%,$1.72B,$0.33B,19.30%,$1.72B,$0.25B,14.30%,$0.25B,$0.86B,31.12%,$0.25B,$0.75B,36.04%,$0.25B,$1.50B,17.30%,$0.33B,$0.86B,42.00%,$421,$188,$233,$27,$122,$337,$84,$0,$84,$22,$62,$62,$62,$97,$84,$172,174,$0.36,$0.36,$638,$45,$73,$1098,$91,$0,$108,$22,$406,$1504,$539,$0,$27,$107,$646,$2,$437,$15,$858,$1504,$107,$27,$26,$53,$105,$0,$0,$36,$108,$268,$-40,$0,$0,$40,$0,$40,$6,$6,$0,$0,$0,$-50,$-50,$0,$9,$-41,$236,$11,$0
38,2009-03-31,16.22,$4.71,3.44,$9.81,1.65,$5.38,3.02,$1.42,11.42,$1.05B,$0.54B,1.95,$0.00B,$0.81B,0.0,$1.75B,$0.96B,54.45%,$1.75B,$0.34B,19.38%,$1.75B,$0.34B,19.38%,$1.75B,$0.40B,22.63%,$1.75B,$0.34B,19.50%,$1.75B,$0.25B,14.42%,$0.25B,$0.81B,33.79%,$0.25B,$0.71B,39.45%,$0.25B,$1.46B,18.28%,$0.34B,$0.81B,45.41%,$367,$167,$200,$30,$110,$307,$60,$0,$60,$15,$45,$45,$45,$74,$60,$173,174,$0.26,$0.26,$571,$52,$67,$1049,$91,$0,$108,$27,$410,$1459,$537,$0,$30,$109,$646,$2,$374,$15,$813,$1459,$45,$14,$13,$27,$88,$-7,$0,$60,$93,$165,$-20,$0,$0,$-25,$0,$-25,$4,$-41,$0,$0,$0,$-20,$-20,$0,$3,$-17,$104,$5,$0
39,2008-12-31,14.83,$4.48,3.31,$9.76,1.52,$5.22,2.84,$1.39,10.67,$1.02B,$0.54B,1.88,$0.00B,$0.78B,0.0,$1.76B,$0.95B,53.86%,$1.76B,$0.33B,18.90%,$1.76B,$0.33B,18.90%,$1.76B,$0.39B,22.30%,$1.76B,$0.34B,19.18%,$1.76B,$0.25B,14.19%,$0.25B,$0.78B,35.37%,$0.25B,$0.67B,41.72%,$0.25B,$1.43B,18.59%,$0.33B,$0.78B,47.12%,$493,$224,$269,$30,$137,$391,$102,$1,$103,$24,$79,$79,$79,$115,$102,$178,180,$0.45,$0.45,$442,$44,$78,$1015,$88,$0,$110,$28,$415,$1430,$540,$0,$30,$113,$653,$2,$329,$11,$777,$1430,$250,$60,$61,$121,$73,$7,$0,$-4,$69,$440,$-71,$0,$0,$-40,$0,$-40,$-25,$-136,$0,$0,$0,$-176,$-176,$0,$9,$-167,$132,$21,$0
40,2008-09-30,19.5,$4.06,4.81,$9.59,2.03,$4.78,4.08,$1.37,14.23,$0.86B,$0.49B,1.74,$0.00B,$0.71B,0.0,$1.74B,$0.94B,54.24%,$1.74B,$0.33B,18.85%,$1.74B,$0.33B,18.85%,$1.74B,$0.39B,22.54%,$1.74B,$0.33B,19.19%,$1.74B,$0.25B,14.41%,$0.25B,$0.71B,37.30%,$0.25B,$0.61B,44.03%,$0.25B,$1.30B,19.07%,$0.33B,$0.71B,48.79%,$439,$202,$237,$28,$123,$353,$86,$-1,$85,$25,$60,$60,$60,$100,$86,$178,179,$0.34,$0.33,$378,$42,$58,$858,$89,$0,$106,$35,$438,$1296,$493,$0,$6,$89,$582,$2,$250,$4,$714,$1296,$171,$47,$46,$93,$141,$9,$0,$-32,$58,$322,$-58,$0,$0,$-50,$0,$-50,$-24,$-132,$0,$0,$0,$-137,$-137,$0,$7,$-130,$58,$15,$0
