,Date,Stock Price,Book Value per Share,Price to Book Ratio,TTM Sales per Share,Price to Sales Ratio,TTM FCF per Share,Price to FCF Ratio,TTM Net EPS,PE Ratio,Current Assets,Current Liabilities,Current Ratio,Long Term Debt,Shareholder's Equity_x,Debt to Equity Ratio,TTM Revenue_x,TTM Gross Profit,Gross Margin,TTM Revenue_y,TTM Operating Income,Operating Margin,TTM Revenue_x,TTM EBIT,EBIT Margin,TTM Revenue_y,TTM EBITDA,EBITDA Margin,TTM Revenue_x,TTM Pre-Tax Income,Pre-Tax Margin,TTM Revenue_y,TTM Net Income_x,Net Margin,TTM Net Income_y,Shareholder's Equity_y,Return on Equity,TTM Net Income_x,Tangible Equity,Return on Tangible Equity,TTM Net Income_y,Total Assets,Return on Assets,TTM Net Income,LT Investments & Debt,Return on Investment,revenue,cost-goods-sold,gross-profit,research-development-expenses,selling-general-administrative-expenses,operating-expenses,operating-income,total-non-operating-income-expense,pre-tax-income,total-provision-income-taxes,income-after-taxes,income-from-continuous-operations,net-income,ebitda,ebit,basic-shares-outstanding,shares-outstanding,eps-basic-net-earnings-per-share,eps-earnings-per-share-diluted,cash-on-hand,inventory,other-current-assets,total-current-assets,net-property-plant-equipment,long-term-investments,goodwill-intangible-assets-total,other-long-term-assets,total-long-term-assets,total-assets,total-current-liabilities,long-term-debt,other-non-current-liabilities,total-long-term-liabilities,total-liabilities,common-stock-net,retained-earnings-accumulated-deficit,comprehensive-income,total-share-holder-equity,total-liabilities-share-holders-equity,net-income-loss,total-depreciation-amortization-cash-flow,other-non-cash-items,total-non-cash-items,change-in-accounts-receivable,change-in-inventories,change-in-accounts-payable,change-in-assets-liabilities,total-change-in-assets-liabilities,cash-flow-from-operating-activities,net-change-in-property-plant-equipment,net-change-in-intangible-assets,net-acquisitions-divestitures,net-change-in-short-term-investments,net-change-in-long-term-investments,net-change-in-investments-total,investing-activities-other,cash-flow-from-investing-activities,net-long-term-debt,net-current-debt,debt-issuance-retirement-net-total,net-common-equity-issued-repurchased,net-total-equity-issued-repurchased,total-common-preferred-stock-dividends-paid,financial-activities-other,cash-flow-from-financial-activities,net-cash-flow,stock-based-compensation,common-stock-dividends-paid
0,2018-09-30,372.3,$-34.29,-10.86,$68.55,5.43,$41.19,9.04,$16.20,22.98,$3.66B,$0.90B,4.06,$12.50B,$-1.81B,-6.91,$3.81B,$2.18B,57.15%,$3.81B,$1.66B,43.43%,$3.81B,$1.66B,43.43%,$3.81B,$1.81B,47.42%,$3.81B,$0.99B,25.87%,$3.81B,$0.90B,23.64%,$0.90B,$-1.81B,-40.88%,$0.90B,$-9.82B,-9.09%,$0.90B,$12.20B,8.10%,$1.66B,$10.69B,17.00%,$1049,$452,$597,$0,$123,$594,$456,$-174,$282,$52,$230,$230,$229,$496,$456,$56,56,$4.11,$4.11,$2073,$805,$0,$3657,$388,$97,$8012,$43,$8540,$12197,$900,$12502,$204,$13106,$14006,$1,$-2247,$4,$-1808,$12197,$957,$152,$-82,$70,$-44,$-11,$18,$-5,$-5,$1022,$-73,$0,$-610,$0,$0,$0,$0,$-684,$1095,$0,$1095,$58,$58,$-56,$-11,$1086,$1422,$58,$-56
1,2018-06-30,345.14,$-39.93,-8.64,$66.31,5.21,$37.05,9.32,$13.74,25.12,$3.39B,$0.82B,4.14,$12.52B,$-2.10B,-5.96,$3.69B,$2.11B,57.30%,$3.69B,$1.61B,43.60%,$3.69B,$1.61B,43.60%,$3.69B,$1.76B,47.64%,$3.69B,$0.95B,25.80%,$3.69B,$0.76B,20.67%,$0.76B,$-2.10B,-30.61%,$0.76B,$-10.02B,-7.57%,$0.76B,$11.80B,7.21%,$1.61B,$10.42B,17.52%,$981,$411,$570,$0,$113,$543,$437,$-172,$266,$48,$217,$217,$217,$477,$437,$56,56,$3.91,$3.91,$1853,$815,$0,$3385,$380,$0,$7924,$114,$8419,$11804,$817,$12516,$212,$13086,$13903,$1,$-2472,$-24,$-2098,$11804,$728,$112,$-122,$-10,$-1,$-22,$1,$-3,$-28,$691,$-50,$0,$-582,$0,$0,$0,$58,$-575,$1115,$0,$1115,$41,$41,$-56,$-10,$1090,$1203,$36,$-56
2,2018-03-31,306.94,$-44.11,-6.96,$65.02,4.72,$34.62,8.87,$12.91,23.78,$2.47B,$0.81B,3.04,$11.37B,$-2.31B,-4.92,$3.60B,$2.06B,57.23%,$3.60B,$1.56B,43.24%,$3.60B,$1.56B,43.24%,$3.60B,$1.71B,47.43%,$3.60B,$0.92B,25.56%,$3.60B,$0.71B,19.82%,$0.71B,$-2.31B,-29.28%,$0.71B,$-9.77B,-7.20%,$0.71B,$10.40B,7.00%,$1.56B,$9.06B,17.70%,$933,$399,$534,$0,$108,$524,$409,$-162,$247,$45,$202,$202,$196,$445,$409,$56,56,$3.53,$3.53,$1011,$767,$0,$2470,$352,$0,$7459,$113,$7925,$10395,$813,$11366,$166,$11891,$12704,$1,$-2685,$7,$-2309,$10395,$511,$72,$-139,$-67,$6,$-16,$-1,$-9,$10,$454,$-31,$0,$-50,$0,$0,$0,$58,$-24,$-40,$0,$-40,$26,$26,$-56,$-2,$-72,$360,$23,$-56
3,2017-12-31,274.62,$-49.88,-5.51,$63.78,4.31,$33.32,8.24,$12.16,22.58,$2.27B,$0.82B,2.76,$11.38B,$-2.60B,-4.38,$3.54B,$2.02B,56.99%,$3.54B,$1.52B,42.84%,$3.54B,$1.52B,42.84%,$3.54B,$1.67B,47.22%,$3.54B,$0.89B,25.12%,$3.54B,$0.67B,19.04%,$0.67B,$-2.60B,-28.42%,$0.67B,$-10.05B,-6.84%,$0.67B,$10.11B,6.64%,$1.52B,$8.78B,17.35%,$848,$371,$477,$0,$107,$495,$353,$-162,$191,$-121,$312,$312,$259,$389,$353,$56,56,$4.65,$4.65,$858,$744,$76,$2271,$327,$0,$7449,$65,$7841,$10112,$823,$11378,$171,$11888,$12712,$1,$-2877,$-62,$-2600,$10112,$315,$36,$-161,$-125,$81,$-13,$-4,$2,$103,$293,$-15,$0,$0,$0,$0,$0,$0,$-15,$-22,$0,$-22,$7,$7,$-56,$-0,$-71,$207,$11,$-56
4,2017-09-30,255.65,$-56.83,-4.5,$62.93,4.06,$31.93,8.01,$7.92,32.28,$2.13B,$0.87B,2.45,$11.39B,$-2.95B,-3.86,$3.51B,$1.98B,56.60%,$3.51B,$1.48B,42.23%,$3.51B,$1.48B,42.23%,$3.51B,$1.64B,46.85%,$3.51B,$0.84B,23.88%,$3.51B,$0.44B,12.50%,$0.44B,$-2.95B,-20.00%,$0.44B,$-10.41B,-4.53%,$0.44B,$9.98B,4.32%,$1.48B,$8.44B,16.98%,$924,$393,$531,$0,$105,$516,$408,$-160,$247,$63,$184,$184,$90,$445,$408,$56,56,$1.61,$1.61,$651,$731,$78,$2134,$325,$16,$7463,$38,$7842,$9976,$871,$11394,$161,$12056,$12927,$1,$-3187,$-85,$-2951,$9976,$597,$162,$116,$278,$-55,$5,$-10,$-11,$-86,$789,$-71,$0,$-216,$0,$0,$0,$0,$-287,$1425,$99,$1524,$-369,$-369,$-2582,$-18,$-1444,$-936,$46,$-2582
5,2017-06-30,247.94,$-36.53,-6.79,$61.88,4.01,$30.39,8.16,$9.04,27.43,$2.39B,$0.73B,3.27,$10.83B,$-1.90B,-5.71,$3.46B,$1.94B,56.05%,$3.46B,$1.42B,41.12%,$3.46B,$1.42B,41.12%,$3.46B,$1.59B,45.92%,$3.46B,$0.80B,23.12%,$3.46B,$0.50B,14.55%,$0.50B,$-1.90B,-31.15%,$0.50B,$-9.45B,-5.53%,$0.50B,$10.32B,4.88%,$1.42B,$8.93B,15.92%,$898,$378,$520,$0,$108,$509,$388,$-152,$236,$66,$170,$170,$169,$430,$388,$55,55,$3.08,$3.08,$971,$744,$0,$2387,$326,$0,$7553,$50,$7929,$10316,$731,$10828,$153,$11481,$12212,$1,$-2089,$-113,$-1895,$10316,$443,$125,$70,$194,$-21,$-0,$-12,$-4,$-83,$555,$-56,$0,$-136,$0,$0,$0,$-80,$-271,$856,$0,$856,$-372,$-372,$-1376,$-11,$-903,$-616,$33,$-1376
6,2017-03-31,203.02,$-39.20,-5.18,$59.82,3.39,$29.39,6.91,$8.48,23.94,$2.32B,$0.73B,3.17,$10.84B,$-2.04B,-5.32,$3.36B,$1.86B,55.45%,$3.36B,$1.36B,40.64%,$3.36B,$1.36B,40.64%,$3.36B,$1.52B,45.32%,$3.36B,$0.76B,22.56%,$3.36B,$0.50B,14.75%,$0.50B,$-2.04B,-36.85%,$0.50B,$-9.53B,-5.65%,$0.50B,$10.19B,4.77%,$1.36B,$8.80B,15.19%,$869,$379,$489,$0,$101,$502,$367,$-151,$215,$60,$156,$156,$156,$407,$367,$56,56,$2.78,$2.78,$985,$725,$0,$2320,$319,$0,$7488,$59,$7867,$10187,$733,$10839,$135,$11493,$12226,$1,$-2249,$-129,$-2039,$10187,$274,$83,$57,$140,$3,$7,$-18,$-4,$-24,$391,$-38,$0,$-30,$0,$0,$0,$-79,$-147,$873,$0,$873,$-327,$-327,$-1376,$-11,$-842,$-602,$21,$-1376
7,2016-12-31,229.58,$-35.10,-6.54,$58.47,3.93,$27.81,8.26,$8.17,28.1,$2.24B,$0.70B,3.2,$10.56B,$-1.88B,-5.63,$3.28B,$1.80B,54.75%,$3.28B,$1.31B,39.86%,$3.28B,$1.31B,39.86%,$3.28B,$1.46B,44.43%,$3.28B,$0.74B,22.62%,$3.28B,$0.48B,14.65%,$0.48B,$-1.88B,-44.79%,$0.48B,$-9.30B,-5.87%,$0.48B,$10.04B,4.85%,$1.31B,$8.68B,15.29%,$814,$370,$444,$0,$102,$497,$317,$-178,$139,$20,$119,$119,$23,$360,$317,$57,57,$0.41,$0.41,$972,$715,$0,$2235,$315,$0,$7423,$65,$7802,$10037,$699,$10556,$141,$11213,$11912,$1,$-2394,$-139,$-1875,$10037,$119,$43,$42,$84,$60,$8,$-26,$-5,$23,$226,$-22,$0,$-30,$0,$0,$0,$0,$-52,$588,$0,$588,$4,$4,$-1376,$-0,$-785,$-615,$10,$-1376
8,2016-09-30,244.1,$-12.22,-19.98,$56.42,4.33,$27.16,8.99,$9.73,25.09,$2.93B,$0.75B,3.89,$9.94B,$-0.65B,-15.26,$3.17B,$1.73B,54.51%,$3.17B,$1.27B,39.97%,$3.17B,$1.27B,39.97%,$3.17B,$1.41B,44.29%,$3.17B,$0.77B,24.21%,$3.17B,$0.58B,18.41%,$0.58B,$-0.65B,-69.01%,$0.58B,$-8.10B,-7.63%,$0.58B,$10.73B,6.15%,$1.27B,$9.29B,15.51%,$875,$391,$484,$0,$111,$526,$349,$-140,$209,$54,$155,$155,$155,$390,$349,$56,56,$2.76,$2.76,$1587,$724,$0,$2931,$311,$0,$7444,$41,$7796,$10726,$753,$9943,$190,$10625,$11378,$1,$-1147,$-150,$-651,$10726,$586,$138,$70,$208,$-80,$-2,$-7,$-5,$-111,$683,$-44,$0,$-1399,$0,$0,$0,$0,$-1443,$1817,$0,$1817,$-178,$-178,$-3,$-4,$1632,$873,$48,$-3
9,2016-06-30,222.63,$-15.17,-14.67,$55.14,4.04,$24.01,9.27,$9.46,23.53,$2.93B,$0.73B,4.03,$9.95B,$-0.81B,-12.31,$3.11B,$1.67B,53.85%,$3.11B,$1.23B,39.65%,$3.11B,$1.23B,39.65%,$3.11B,$1.36B,43.71%,$3.11B,$0.76B,24.43%,$3.11B,$0.57B,18.38%,$0.57B,$-0.81B,-60.55%,$0.57B,$-8.12B,-7.67%,$0.57B,$10.57B,6.42%,$1.23B,$9.15B,16.17%,$798,$354,$444,$0,$94,$467,$331,$-136,$194,$34,$161,$161,$161,$364,$331,$56,56,$2.88,$2.88,$1667,$706,$0,$2932,$284,$0,$7315,$40,$7638,$10570,$727,$9953,$185,$10651,$11379,$1,$-1335,$-138,$-808,$10570,$432,$97,$54,$151,$-37,$-16,$-27,$2,$-100,$482,$-30,$0,$-1143,$0,$0,$0,$0,$-1173,$1831,$0,$1831,$-182,$-182,$-3,$-2,$1643,$953,$34,$-3
10,2016-03-31,186.03,$-18.16,-10.24,$53.07,3.51,$21.80,8.53,$8.69,21.41,$1.76B,$0.68B,2.6,$8.09B,$-0.96B,-8.41,$3.00B,$1.59B,52.93%,$3.00B,$1.17B,38.83%,$3.00B,$1.17B,38.83%,$3.00B,$1.29B,42.97%,$3.00B,$0.70B,23.47%,$3.00B,$0.51B,16.97%,$0.51B,$-0.96B,-49.26%,$0.51B,$-7.25B,-7.07%,$0.51B,$8.36B,6.11%,$1.17B,$7.13B,16.43%,$797,$371,$426,$0,$95,$485,$312,$-111,$201,$59,$142,$142,$142,$345,$312,$56,56,$2.52,$2.52,$612,$634,$0,$1758,$276,$0,$6291,$35,$6601,$8359,$676,$8092,$157,$8645,$9321,$1,$-1472,$-110,$-962,$8359,$271,$63,$25,$88,$-18,$-16,$-28,$5,$-73,$287,$-22,$0,$-144,$0,$0,$0,$0,$-167,$-22,$0,$-22,$-195,$-195,$-3,$-0,$-220,$-102,$22,$-3
11,2015-12-31,192.88,$-18.00,-10.72,$49.81,3.87,$19.91,9.69,$8.18,23.58,$1.86B,$0.66B,2.84,$8.10B,$-0.96B,-8.4,$2.82B,$1.50B,53.30%,$2.82B,$1.11B,39.33%,$2.82B,$1.11B,39.33%,$2.82B,$1.22B,43.37%,$2.82B,$0.66B,23.39%,$2.82B,$0.48B,16.94%,$0.48B,$-0.96B,-42.52%,$0.48B,$-7.14B,-6.76%,$0.48B,$8.33B,5.94%,$1.11B,$7.14B,16.32%,$702,$327,$375,$0,$82,$426,$276,$-112,$164,$35,$129,$129,$126,$306,$276,$57,57,$2.23,$2.23,$805,$599,$0,$1861,$268,$0,$6171,$30,$6469,$8330,$656,$8099,$129,$8638,$9294,$1,$-1606,$-96,$-964,$8330,$129,$30,$11,$41,$14,$-14,$-28,$1,$8,$179,$-10,$0,$0,$0,$0,$0,$0,$-10,$-11,$0,$-11,$-62,$-62,$-3,$-0,$-76,$91,$11,$-3
12,2015-09-30,179.34,$-19.34,-9.27,$47.83,3.75,$20.14,8.91,$7.84,22.87,$1.79B,$0.66B,2.72,$8.11B,$-1.04B,-7.81,$2.71B,$1.45B,53.56%,$2.71B,$1.08B,39.71%,$2.71B,$1.08B,39.71%,$2.71B,$1.18B,43.74%,$2.71B,$0.64B,23.57%,$2.71B,$0.44B,16.40%,$0.44B,$-1.04B,-35.53%,$0.44B,$-7.26B,-6.50%,$0.44B,$8.30B,5.77%,$1.08B,$7.07B,16.64%,$810,$382,$428,$0,$98,$497,$313,$-113,$200,$58,$142,$142,$142,$343,$313,$57,57,$2.50,$2.50,$714,$591,$0,$1787,$261,$0,$6226,$31,$6517,$8304,$658,$8106,$173,$8685,$9342,$1,$-1717,$-96,$-1038,$8304,$447,$109,$-11,$98,$-25,$-26,$13,$-12,$-24,$521,$-55,$0,$-1624,$0,$0,$0,$0,$-1679,$936,$0,$936,$62,$62,$-3,$61,$1055,$-106,$32,$-3
13,2015-06-30,189.69,$-21.85,-8.68,$44.79,4.24,$20.80,9.12,$7.25,26.16,$2.03B,$0.68B,2.99,$8.21B,$-1.17B,-7.02,$2.54B,$1.37B,54.00%,$2.54B,$1.02B,40.21%,$2.54B,$1.02B,40.21%,$2.54B,$1.13B,44.35%,$2.54B,$0.60B,23.63%,$2.54B,$0.41B,16.15%,$0.41B,$-1.17B,-29.73%,$0.41B,$-7.14B,-6.22%,$0.41B,$8.35B,5.61%,$1.02B,$7.04B,16.70%,$691,$332,$359,$0,$82,$428,$264,$-125,$139,$40,$99,$99,$99,$295,$264,$57,57,$1.75,$1.75,$915,$574,$0,$2029,$251,$0,$5967,$23,$6321,$8350,$680,$8205,$141,$8840,$9519,$1,$-1857,$-59,$-1169,$8350,$306,$80,$-5,$75,$-7,$-28,$-1,$0,$-7,$373,$-40,$0,$-1293,$0,$0,$0,$0,$-1334,$959,$0,$959,$53,$53,$-3,$50,$1058,$96,$23,$-3
14,2015-03-31,184.66,$-24.90,-7.42,$43.26,4.27,$20.87,8.85,$3.84,48.09,$1.47B,$0.61B,2.39,$7.30B,$-1.33B,-5.5,$2.46B,$1.34B,54.49%,$2.46B,$1.00B,40.54%,$2.46B,$1.00B,40.54%,$2.46B,$1.10B,44.69%,$2.46B,$0.48B,19.60%,$2.46B,$0.22B,8.78%,$0.22B,$-1.33B,-14.55%,$0.22B,$-6.75B,-3.38%,$0.22B,$7.23B,3.13%,$1.00B,$5.97B,17.28%,$619,$277,$342,$0,$74,$362,$257,$-100,$157,$46,$111,$111,$111,$280,$257,$57,57,$1.96,$1.96,$393,$553,$0,$1467,$232,$0,$5420,$22,$5759,$7226,$614,$7299,$156,$7939,$8552,$1,$-1952,$-84,$-1326,$7226,$206,$49,$-19,$30,$-10,$-19,$-11,$-1,$-53,$183,$-23,$0,$-723,$0,$0,$0,$0,$-746,$65,$0,$65,$39,$39,$-3,$38,$139,$-427,$14,$-3
15,2014-12-31,165.78,$-27.84,-5.96,$42.67,3.88,$21.89,7.57,$3.37,49.19,$1.88B,$0.65B,2.91,$7.23B,$-1.47B,-4.94,$2.43B,$1.31B,53.72%,$2.43B,$0.96B,39.41%,$2.43B,$0.96B,39.41%,$2.43B,$1.07B,43.89%,$2.43B,$0.46B,18.96%,$2.43B,$0.19B,7.82%,$0.19B,$-1.47B,-16.04%,$0.19B,$-6.18B,-3.20%,$0.19B,$6.91B,2.84%,$0.96B,$5.77B,16.90%,$587,$266,$321,$0,$67,$346,$241,$-99,$142,$46,$96,$96,$92,$266,$241,$57,57,$1.63,$1.63,$1012,$471,$0,$1876,$212,$0,$4716,$21,$5037,$6914,$645,$7234,$103,$7733,$8378,$1,$-2059,$-46,$-1465,$6914,$96,$26,$-2,$24,$17,$-13,$-23,$-3,$69,$189,$-8,$0,$0,$0,$0,$0,$0,$-8,$0,$0,$0,$7,$7,$-3,$8,$12,$192,$6,$-3
16,2014-09-30,155.63,$-29.69,-5.24,$41.59,3.74,$20.58,7.56,$3.18,48.94,$1.69B,$0.59B,2.88,$7.23B,$-1.56B,-4.65,$2.37B,$1.27B,53.48%,$2.37B,$0.93B,39.11%,$2.37B,$0.93B,39.11%,$2.37B,$1.04B,43.78%,$2.37B,$0.45B,18.92%,$2.37B,$0.18B,7.59%,$0.18B,$-1.56B,-20.52%,$0.18B,$-6.30B,-3.19%,$0.18B,$6.76B,2.75%,$0.93B,$5.68B,16.59%,$642,$294,$349,$0,$77,$384,$259,$-97,$162,$47,$114,$114,$108,$285,$259,$57,57,$1.89,$1.89,$820,$459,$0,$1690,$212,$0,$4742,$113,$5067,$6757,$586,$7234,$91,$7727,$8313,$1,$-2150,$-25,$-1556,$6757,$307,$110,$96,$206,$-24,$-8,$-2,$-6,$28,$541,$-34,$0,$-295,$0,$0,$0,$0,$-330,$1378,$199,$1577,$-133,$-133,$-1451,$52,$44,$255,$26,$-1451
17,2014-06-30,141.22,$-30.24,-4.67,$40.12,3.52,$19.58,7.21,$1.07,131.98,$1.63B,$0.55B,2.95,$7.25B,$-1.59B,-4.56,$2.27B,$1.20B,52.97%,$2.27B,$0.88B,38.53%,$2.27B,$0.88B,38.53%,$2.27B,$0.99B,43.46%,$2.27B,$0.41B,18.14%,$2.27B,$0.06B,2.69%,$0.06B,$-1.59B,-10.66%,$0.06B,$-6.36B,-1.15%,$0.06B,$6.71B,0.95%,$0.88B,$5.66B,15.87%,$611,$283,$328,$0,$71,$371,$240,$-219,$21,$5,$16,$16,$-95,$268,$240,$57,57,$-1.66,$-1.66,$729,$462,$0,$1625,$209,$0,$4768,$17,$5086,$6711,$552,$7251,$94,$7751,$8302,$1,$-2261,$-7,$-1592,$6711,$193,$84,$107,$191,$-25,$-8,$-24,$2,$-34,$350,$-9,$0,$-312,$0,$0,$0,$0,$-321,$1399,$199,$1598,$-58,$-58,$-1445,$40,$136,$164,$19,$-1445
18,2014-03-31,136.08,$-2.38,-57.28,$38.40,3.54,$18.09,7.52,$3.44,39.56,$1.33B,$0.35B,3.77,$5.69B,$-0.13B,-45.31,$2.15B,$1.14B,53.23%,$2.15B,$0.81B,37.79%,$2.15B,$0.81B,37.79%,$2.15B,$0.91B,42.53%,$2.15B,$0.51B,23.50%,$2.15B,$0.20B,9.07%,$0.20B,$-0.13B,735.85%,$0.20B,$-4.91B,-4.22%,$0.20B,$6.40B,3.16%,$0.81B,$5.57B,15.10%,$591,$283,$308,$0,$71,$372,$218,$-82,$136,$46,$90,$90,$85,$248,$218,$57,57,$1.49,$1.49,$476,$458,$0,$1328,$209,$0,$4779,$16,$5071,$6399,$352,$5692,$76,$6172,$6525,$1,$-832,$-1,$-126,$6399,$176,$56,$-5,$51,$-13,$-5,$-23,$3,$-7,$220,$-1,$0,$-311,$0,$0,$0,$0,$-312,$-8,$0,$-8,$9,$9,$-10,$11,$3,$-89,$12,$-10
19,2013-12-31,118.31,$-4.44,-26.64,$36.60,3.23,$17.57,6.73,$3.20,36.97,$1.22B,$0.34B,3.61,$5.70B,$-0.23B,-24.34,$2.02B,$1.10B,54.10%,$2.02B,$0.79B,38.93%,$2.02B,$0.79B,38.93%,$2.02B,$0.88B,43.48%,$2.02B,$0.47B,23.17%,$2.02B,$0.18B,8.79%,$0.18B,$-0.23B,77.64%,$0.18B,$-5.00B,-4.18%,$0.18B,$6.29B,2.97%,$0.79B,$5.47B,15.04%,$529,$245,$284,$0,$57,$319,$211,$-81,$130,$44,$86,$86,$82,$238,$211,$57,57,$1.44,$1.44,$411,$443,$0,$1221,$219,$0,$4768,$14,$5071,$6292,$339,$5700,$70,$6188,$6527,$1,$-919,$0,$-234,$6292,$86,$27,$0,$27,$-3,$-2,$-25,$3,$2,$116,$-8,$0,$-264,$0,$0,$0,$0,$-272,$0,$0,$0,$3,$3,$-4,$4,$2,$-154,$4,$-4
20,2013-09-30,101.91,$-6.39,-15.96,$35.22,2.89,$17.32,5.88,$2.42,42.11,$1.32B,$0.32B,4.1,$5.70B,$-0.34B,-16.95,$1.93B,$1.05B,54.55%,$1.93B,$0.75B,38.96%,$1.93B,$0.75B,38.96%,$1.93B,$0.84B,43.43%,$1.93B,$0.45B,23.32%,$1.93B,$0.13B,6.86%,$0.13B,$-0.34B,30.17%,$0.13B,$-4.87B,-3.39%,$0.13B,$6.15B,2.28%,$0.75B,$5.36B,14.72%,$540,$257,$283,$0,$61,$334,$206,$-81,$125,$41,$84,$84,$-11,$233,$206,$55,55,$-0.23,$-0.23,$565,$414,$0,$1320,$209,$0,$4533,$13,$4828,$6149,$323,$5700,$78,$6163,$6485,$1,$-1004,$-7,$-336,$6149,$303,$85,$10,$96,$-25,$-15,$24,$1,$72,$470,$-36,$0,$-483,$0,$16,$16,$0,$-502,$2060,$0,$2060,$22,$22,$-1991,$66,$156,$124,$49,$-1991
21,2013-06-30,99.7,$15.27,6.53,$34.01,2.93,$16.64,5.99,$4.25,23.46,$1.04B,$0.26B,4.04,$4.32B,$0.80B,5.39,$1.85B,$1.02B,55.41%,$1.85B,$0.74B,39.77%,$1.85B,$0.74B,39.77%,$1.85B,$0.82B,44.10%,$1.85B,$0.46B,24.89%,$1.85B,$0.23B,12.50%,$0.23B,$0.80B,27.96%,$0.23B,$-3.72B,-6.77%,$0.23B,$5.81B,4.10%,$0.74B,$5.12B,14.82%,$489,$220,$269,$0,$83,$312,$177,$-62,$114,$38,$77,$77,$39,$195,$177,$55,55,$0.71,$0.71,$269,$414,$0,$1041,$199,$0,$4517,$13,$4772,$5813,$257,$4317,$48,$4753,$5011,$1,$173,$-13,$802,$5813,$219,$59,$39,$98,$-23,$-17,$-9,$2,$-50,$267,$-24,$0,$-482,$0,$11,$11,$0,$-495,$700,$0,$700,$15,$15,$-702,$44,$56,$-171,$46,$-702
22,2013-03-31,97.25,$13.08,7.43,$33.61,2.89,$16.66,5.84,$5.22,18.63,$1.33B,$0.26B,5.12,$4.32B,$0.69B,6.31,$1.82B,$1.01B,55.35%,$1.82B,$0.74B,40.86%,$1.82B,$0.74B,40.86%,$1.82B,$0.83B,45.41%,$1.82B,$0.48B,26.14%,$1.82B,$0.28B,15.49%,$0.28B,$0.69B,31.25%,$0.28B,$-3.45B,-8.70%,$0.28B,$5.69B,5.12%,$0.74B,$5.01B,15.32%,$466,$206,$259,$0,$55,$271,$194,$-94,$100,$32,$68,$68,$68,$214,$194,$54,54,$1.25,$1.25,$680,$340,$0,$1328,$175,$0,$4136,$10,$4366,$5694,$259,$4323,$66,$4749,$5009,$1,$96,$-16,$685,$5694,$142,$41,$10,$51,$-6,$-18,$-2,$3,$4,$197,$-16,$0,$-8,$0,$11,$11,$0,$-14,$706,$0,$706,$13,$13,$-702,$40,$56,$240,$14,$-702
23,2012-12-31,86.72,$11.51,7.54,$32.92,2.63,$16.23,5.34,$5.48,15.83,$1.16B,$0.23B,4.94,$4.30B,$0.60B,7.18,$1.78B,$0.99B,55.40%,$1.78B,$0.73B,40.89%,$1.78B,$0.73B,40.89%,$1.78B,$0.81B,45.50%,$1.78B,$0.50B,28.18%,$1.78B,$0.30B,16.65%,$0.30B,$0.60B,30.20%,$0.30B,$-3.54B,-9.36%,$0.30B,$5.55B,5.50%,$0.73B,$4.90B,15.28%,$430,$192,$239,$0,$55,$258,$173,$-63,$110,$36,$74,$74,$36,$194,$173,$54,54,$0.66,$0.66,$554,$332,$0,$1155,$175,$0,$4141,$10,$4394,$5550,$234,$4297,$65,$4717,$4951,$1,$28,$-6,$599,$5550,$74,$21,$-18,$3,$17,$-12,$-4,$3,$21,$98,$-9,$0,$0,$0,$5,$5,$0,$-4,$689,$0,$689,$6,$6,$-702,$27,$19,$114,$7,$-702
24,2012-09-30,82.18,$23.60,3.48,$31.55,2.6,$15.77,5.21,$5.97,13.77,$1.05B,$0.23B,4.49,$3.60B,$1.22B,2.95,$1.70B,$0.95B,55.65%,$1.70B,$0.70B,41.12%,$1.70B,$0.70B,41.12%,$1.70B,$0.78B,45.94%,$1.70B,$0.49B,28.65%,$1.70B,$0.32B,18.94%,$0.32B,$1.22B,30.61%,$0.32B,$-2.94B,-11.00%,$0.32B,$5.46B,6.28%,$0.70B,$4.82B,15.42%,$463,$206,$257,$0,$54,$271,$191,$-55,$136,$48,$88,$88,$88,$212,$191,$54,54,$1.63,$1.63,$441,$321,$0,$1051,$173,$0,$4159,$15,$4409,$5460,$234,$3599,$51,$4007,$4241,$1,$689,$-8,$1219,$5460,$325,$81,$-4,$77,$-2,$-0,$-4,$-11,$12,$414,$-25,$0,$-851,$0,$0,$0,$0,$-876,$465,$0,$465,$15,$15,$-3,$51,$527,$64,$22,$-3
25,2012-06-30,77.8,$21.52,3.62,$29.40,2.65,$13.10,5.94,$5.60,13.89,$0.91B,$0.18B,4.99,$3.60B,$1.11B,3.26,$1.58B,$0.88B,55.82%,$1.58B,$0.65B,41.14%,$1.58B,$0.65B,41.14%,$1.58B,$0.73B,46.33%,$1.58B,$0.45B,28.16%,$1.58B,$0.30B,19.05%,$0.30B,$1.11B,31.68%,$0.30B,$-3.04B,-10.58%,$0.30B,$5.31B,6.15%,$0.65B,$4.71B,15.07%,$462,$208,$253,$0,$56,$276,$186,$-55,$130,$40,$90,$90,$90,$207,$186,$54,54,$1.68,$1.68,$303,$328,$0,$914,$170,$0,$4142,$14,$4392,$5306,$183,$3604,$65,$4016,$4199,$1,$601,$-12,$1107,$5306,$237,$60,$-24,$36,$-7,$-4,$-2,$3,$-15,$258,$-16,$0,$-834,$0,$0,$0,$0,$-850,$470,$0,$470,$12,$12,$-3,$41,$520,$-73,$14,$-3
26,2012-03-31,67.06,$19.50,3.44,$26.93,2.49,$11.07,6.06,$4.98,13.47,$0.82B,$0.21B,3.88,$3.61B,$1.00B,3.63,$1.44B,$0.81B,56.27%,$1.44B,$0.60B,41.79%,$1.44B,$0.60B,41.79%,$1.44B,$0.68B,47.40%,$1.44B,$0.40B,28.00%,$1.44B,$0.27B,18.50%,$0.27B,$1.00B,31.16%,$0.27B,$-3.13B,-9.89%,$0.27B,$5.20B,5.73%,$0.60B,$4.60B,14.70%,$423,$187,$236,$0,$49,$246,$177,$-52,$125,$43,$82,$82,$82,$196,$177,$54,54,$1.51,$1.51,$201,$327,$0,$815,$174,$0,$4128,$14,$4385,$5200,$210,$3609,$63,$3995,$4205,$1,$511,$-5,$995,$5200,$147,$39,$-19,$20,$-9,$-1,$-4,$2,$-1,$165,$-9,$0,$-834,$0,$0,$0,$0,$-843,$476,$0,$476,$6,$6,$-3,$24,$503,$-175,$9,$-3
27,2011-12-31,55.42,$17.53,3.16,$24.78,2.24,$10.44,5.31,$4.52,12.26,$0.84B,$0.17B,5.1,$3.12B,$0.89B,3.52,$1.32B,$0.73B,55.44%,$1.32B,$0.54B,40.71%,$1.32B,$0.54B,40.71%,$1.32B,$0.62B,46.83%,$1.32B,$0.34B,25.38%,$1.32B,$0.24B,18.20%,$0.24B,$0.89B,31.10%,$0.24B,$-2.60B,-9.44%,$0.24B,$4.55B,5.41%,$0.54B,$4.01B,13.82%,$352,$153,$200,$0,$42,$207,$145,$-49,$96,$31,$65,$65,$62,$166,$145,$54,54,$1.15,$1.15,$360,$274,$0,$840,$150,$0,$3490,$9,$3705,$4545,$165,$3119,$61,$3494,$3658,$1,$429,$-8,$887,$4545,$65,$20,$-10,$10,$20,$-1,$-16,$3,$-7,$68,$-5,$0,$-84,$0,$0,$0,$0,$-89,$-4,$0,$-4,$3,$3,$-3,$9,$5,$-16,$4,$-3
28,2011-09-30,47.31,$16.11,2.94,$22.61,2.09,$10.37,4.56,$3.18,14.88,$0.87B,$0.21B,4.21,$3.12B,$0.81B,3.85,$1.21B,$0.66B,54.81%,$1.21B,$0.49B,40.30%,$1.21B,$0.49B,40.30%,$1.21B,$0.56B,46.19%,$1.21B,$0.23B,18.99%,$1.21B,$0.17B,14.01%,$0.17B,$0.81B,24.07%,$0.17B,$-2.61B,-6.54%,$0.17B,$4.51B,3.86%,$0.49B,$3.93B,12.69%,$343,$150,$193,$0,$38,$201,$142,$-49,$94,$29,$64,$64,$67,$163,$142,$53,53,$1.26,$1.26,$376,$265,$0,$870,$151,$0,$3424,$9,$3643,$4514,$207,$3123,$63,$3496,$3703,$1,$364,$-3,$811,$4514,$172,$70,$51,$121,$-15,$-10,$4,$-3,$-33,$260,$-18,$0,$-1650,$0,$0,$0,$271,$-1397,$1249,$0,$1249,$9,$9,$-3,$23,$1279,$142,$13,$-3
29,2011-06-30,52.82,$14.67,3.6,$20.40,2.59,$9.37,5.64,$2.88,18.34,$1.00B,$0.16B,6.44,$3.13B,$0.74B,4.25,$1.09B,$0.60B,55.25%,$1.09B,$0.45B,41.16%,$1.09B,$0.45B,41.16%,$1.09B,$0.51B,46.69%,$1.09B,$0.21B,19.43%,$1.09B,$0.15B,14.09%,$0.15B,$0.74B,23.62%,$0.15B,$-2.45B,-6.72%,$0.15B,$4.39B,3.91%,$0.45B,$3.86B,13.00%,$325,$142,$183,$0,$32,$186,$139,$-50,$89,$31,$58,$58,$56,$159,$139,$53,53,$1.06,$1.06,$549,$251,$0,$997,$135,$0,$3184,$8,$3388,$4385,$155,$3127,$48,$3495,$3650,$1,$297,$3,$735,$4385,$105,$50,$53,$103,$0,$-7,$-3,$-2,$-65,$143,$-12,$0,$-1362,$0,$0,$0,$271,$-1103,$1253,$0,$1253,$8,$8,$-3,$17,$1274,$315,$7,$-3
30,2011-03-31,48.56,$13.35,3.64,$18.35,2.65,$9.66,5.03,$2.65,18.32,$0.96B,$0.22B,4.43,$3.13B,$0.67B,4.69,$0.98B,$0.54B,55.28%,$0.98B,$0.40B,41.33%,$0.98B,$0.40B,41.33%,$0.98B,$0.45B,46.46%,$0.98B,$0.19B,19.38%,$0.98B,$0.14B,14.46%,$0.14B,$0.67B,23.58%,$0.14B,$-2.55B,-7.03%,$0.14B,$4.39B,4.06%,$0.40B,$3.80B,13.21%,$304,$146,$158,$0,$33,$191,$113,$-56,$57,$21,$37,$37,$56,$132,$113,$53,53,$1.04,$1.04,$505,$246,$0,$964,$136,$0,$3218,$5,$3422,$4386,$218,$3131,$52,$3502,$3719,$1,$241,$-1,$667,$4386,$48,$30,$34,$64,$5,$1,$-4,$1,$16,$129,$-8,$0,$-1362,$0,$0,$0,$240,$-1131,$1257,$0,$1257,$6,$6,$-3,$12,$1273,$271,$4,$-3
31,2010-12-31,41.71,$12.01,3.47,$16.54,2.52,$8.85,4.71,$2.32,17.98,$0.68B,$0.17B,4.02,$3.14B,$0.60B,5.26,$0.88B,$0.50B,56.56%,$0.88B,$0.38B,43.10%,$0.88B,$0.38B,43.10%,$0.88B,$0.42B,47.66%,$0.88B,$0.19B,21.89%,$0.88B,$0.12B,14.03%,$0.12B,$0.60B,22.25%,$0.12B,$-2.72B,-7.12%,$0.12B,$4.21B,4.08%,$0.38B,$3.73B,14.18%,$234,$106,$127,$0,$31,$141,$92,$-103,$-11,$-4,$-7,$-7,$-10,$103,$92,$53,53,$-0.19,$-0.19,$234,$253,$0,$678,$150,$0,$3319,$6,$3535,$4213,$169,$3135,$58,$3448,$3617,$1,$185,$-2,$596,$4213,$-7,$11,$71,$82,$19,$4,$-12,$0,$-12,$62,$-3,$0,$-1362,$0,$0,$0,$0,$-1365,$1299,$0,$1299,$3,$3,$-3,$4,$1303,$0,$2,$-3
32,2010-09-30,35.94,$12.00,3.0,$15.64,2.3,$8.80,4.08,$2.52,14.26,$0.58B,$0.11B,5.16,$1.77B,$0.59B,2.99,$0.83B,$0.47B,57.07%,$0.83B,$0.36B,43.77%,$0.83B,$0.36B,43.77%,$0.83B,$0.40B,48.49%,$0.83B,$0.25B,30.35%,$0.83B,$0.13B,16.08%,$0.13B,$0.59B,25.88%,$0.13B,$-1.38B,-9.41%,$0.13B,$2.68B,5.14%,$0.36B,$2.37B,15.84%,$223,$91,$132,$0,$26,$120,$103,$-27,$76,$26,$51,$51,$51,$113,$103,$53,53,$0.96,$0.96,$234,$189,$0,$584,$100,$0,$1972,$4,$2094,$2678,$113,$1772,$32,$1972,$2085,$0,$192,$-4,$593,$2678,$163,$38,$-9,$29,$-18,$3,$5,$1,$5,$197,$-10,$0,$-167,$0,$0,$0,$0,$-177,$404,$0,$404,$6,$6,$-405,$17,$23,$44,$7,$-405
33,2010-06-30,29.56,$10.86,2.72,$15.18,1.95,$8.76,3.37,$2.38,12.42,$0.58B,$0.11B,5.1,$1.77B,$0.54B,3.31,$0.80B,$0.45B,55.93%,$0.80B,$0.34B,42.70%,$0.80B,$0.34B,42.70%,$0.80B,$0.38B,47.32%,$0.80B,$0.24B,29.71%,$0.80B,$0.12B,15.48%,$0.12B,$0.54B,21.74%,$0.12B,$-1.38B,-9.38%,$0.12B,$2.62B,4.90%,$0.34B,$2.31B,15.28%,$214,$92,$122,$0,$23,$119,$95,$-28,$67,$23,$44,$44,$44,$105,$95,$53,53,$0.83,$0.83,$258,$174,$0,$581,$98,$0,$1912,$4,$2035,$2616,$114,$1771,$35,$1966,$2080,$0,$141,$-3,$536,$2616,$113,$28,$-11,$17,$-9,$5,$-8,$1,$25,$155,$-10,$0,$-96,$0,$0,$0,$0,$-106,$0,$0,$0,$3,$3,$-405,$420,$19,$68,$5,$-405
34,2010-03-31,30.72,$9.88,3.11,$14.76,2.08,$8.30,3.7,$2.37,12.96,$0.51B,$0.09B,5.5,$1.77B,$0.49B,3.64,$0.78B,$0.43B,55.86%,$0.78B,$0.33B,42.73%,$0.78B,$0.33B,42.73%,$0.78B,$0.37B,47.23%,$0.78B,$0.24B,30.24%,$0.78B,$0.12B,15.57%,$0.12B,$0.49B,19.28%,$0.12B,$-1.43B,-9.86%,$0.12B,$2.55B,4.90%,$0.33B,$2.26B,15.15%,$206,$91,$115,$0,$24,$118,$88,$-28,$60,$22,$38,$38,$38,$97,$88,$53,53,$0.72,$0.72,$187,$174,$0,$506,$99,$0,$1915,$4,$2039,$2545,$92,$1771,$36,$1967,$2059,$0,$97,$-5,$486,$2545,$69,$19,$-10,$8,$-1,$5,$-9,$-1,$7,$84,$-7,$0,$-96,$0,$0,$0,$0,$-103,$404,$0,$404,$2,$2,$-405,$15,$16,$-3,$3,$-405
35,2009-12-31,27.51,$9.00,3.06,$14.55,1.89,$8.26,3.33,$2.45,11.23,$0.47B,$0.10B,4.62,$1.77B,$0.44B,4.01,$0.76B,$0.43B,56.02%,$0.76B,$0.33B,43.06%,$0.76B,$0.33B,43.06%,$0.76B,$0.36B,47.38%,$0.76B,$0.24B,31.15%,$0.76B,$0.12B,16.10%,$0.12B,$0.44B,17.94%,$0.12B,$-1.47B,-10.87%,$0.12B,$2.51B,5.09%,$0.33B,$2.21B,15.33%,$184,$81,$103,$0,$22,$108,$76,$-29,$48,$17,$31,$31,$0,$86,$76,$53,53,$0.01,$0.01,$162,$176,$0,$468,$101,$0,$1908,$5,$2037,$2505,$101,$1770,$28,$1963,$2064,$0,$59,$-5,$441,$2505,$31,$9,$-8,$1,$9,$4,$-10,$-4,$27,$60,$-3,$0,$-96,$0,$0,$0,$0,$-99,$405,$0,$405,$1,$1,$-405,$11,$11,$-28,$2,$-405
36,2009-09-30,24.62,$16.73,1.47,$14.50,1.7,$8.42,2.92,$3.22,7.64,$0.50B,$0.10B,4.96,$1.36B,$0.82B,1.66,$0.76B,$0.43B,56.37%,$0.76B,$0.34B,44.15%,$0.76B,$0.34B,44.15%,$0.76B,$0.37B,48.09%,$0.76B,$0.25B,32.98%,$0.76B,$0.16B,21.42%,$0.16B,$0.82B,21.89%,$0.16B,$-1.02B,-15.69%,$0.16B,$2.45B,6.88%,$0.34B,$2.18B,15.99%,$197,$89,$108,$0,$22,$115,$83,$-20,$63,$21,$42,$42,$42,$91,$83,$53,53,$0.79,$0.79,$190,$168,$0,$495,$97,$0,$1835,$4,$1960,$2454,$100,$1357,$16,$1536,$1635,$0,$451,$-6,$819,$2454,$163,$31,$5,$36,$-0,$-5,$9,$-2,$-2,$197,$-13,$0,$-155,$0,$0,$0,$0,$-168,$0,$0,$0,$-7,$-7,$0,$9,$2,$31,$6,$0
37,2009-06-30,17.89,$15.80,1.13,$14.37,1.24,$8.35,2.14,$3.15,5.68,$0.49B,$0.08B,5.95,$1.36B,$0.77B,1.77,$0.75B,$0.42B,56.31%,$0.75B,$0.33B,44.36%,$0.75B,$0.33B,44.36%,$0.75B,$0.36B,48.34%,$0.75B,$0.25B,32.80%,$0.75B,$0.16B,21.12%,$0.16B,$0.77B,22.61%,$0.16B,$-1.00B,-15.15%,$0.16B,$2.37B,6.86%,$0.33B,$2.12B,16.21%,$190,$82,$108,$0,$19,$105,$85,$-21,$64,$23,$41,$41,$41,$93,$85,$52,52,$0.79,$0.79,$204,$158,$0,$491,$99,$0,$1762,$4,$1882,$2373,$83,$1357,$13,$1525,$1608,$0,$409,$-5,$765,$2373,$121,$23,$6,$29,$-4,$-9,$-6,$0,$-21,$129,$-9,$0,$-67,$0,$0,$0,$0,$-76,$0,$0,$0,$-12,$-12,$0,$3,$-9,$45,$4,$0
38,2009-03-31,16.23,$14.86,1.09,$14.45,1.12,$8.90,1.82,$3.05,5.32,$0.44B,$0.08B,5.4,$1.36B,$0.72B,1.89,$0.75B,$0.42B,55.54%,$0.75B,$0.33B,43.66%,$0.75B,$0.33B,43.66%,$0.75B,$0.36B,47.53%,$0.75B,$0.24B,32.04%,$0.75B,$0.15B,20.56%,$0.15B,$0.72B,23.14%,$0.15B,$-1.05B,-14.54%,$0.15B,$2.33B,6.75%,$0.33B,$2.08B,16.17%,$193,$84,$109,$0,$20,$108,$85,$-22,$63,$23,$40,$40,$40,$92,$85,$52,52,$0.77,$0.77,$155,$158,$0,$440,$98,$0,$1766,$4,$1885,$2325,$81,$1357,$13,$1526,$1607,$0,$368,$-6,$718,$2325,$80,$15,$3,$18,$0,$-9,$2,$-0,$-18,$80,$-6,$0,$-66,$0,$0,$0,$0,$-72,$0,$0,$0,$-13,$-13,$0,$2,$-12,$-4,$3,$0
39,2008-12-31,16.59,$13.99,1.19,$14.27,1.16,$8.97,1.85,$2.89,5.74,$0.43B,$0.12B,3.6,$1.36B,$0.68B,2.01,$0.73B,$0.40B,54.86%,$0.73B,$0.32B,43.09%,$0.73B,$0.32B,43.09%,$0.73B,$0.34B,46.92%,$0.73B,$0.23B,30.92%,$0.73B,$0.15B,19.97%,$0.15B,$0.68B,23.36%,$0.15B,$-1.10B,-13.87%,$0.15B,$2.32B,6.54%,$0.32B,$2.03B,15.89%,$181,$77,$104,$0,$18,$98,$83,$-22,$61,$21,$40,$40,$40,$90,$83,$53,53,$0.75,$0.75,$149,$155,$0,$430,$97,$0,$1770,$4,$1890,$2320,$119,$1357,$13,$1525,$1644,$0,$327,$-7,$676,$2320,$40,$8,$2,$10,$-3,$-6,$0,$-1,$17,$66,$-2,$0,$-66,$0,$0,$0,$0,$-68,$0,$0,$0,$-9,$-9,$0,$1,$-8,$-10,$1,$0
40,2008-09-30,16.92,$13.45,1.26,$14.11,1.2,$8.91,1.9,$2.65,6.38,$0.42B,$0.09B,4.78,$1.36B,$0.65B,2.08,$0.71B,$0.39B,54.00%,$0.71B,$0.30B,41.94%,$0.71B,$0.30B,41.94%,$0.71B,$0.33B,45.86%,$0.71B,$0.21B,29.03%,$0.71B,$0.13B,18.65%,$0.13B,$0.65B,22.71%,$0.13B,$-1.06B,-12.74%,$0.13B,$2.26B,6.10%,$0.30B,$2.01B,15.39%,$189,$86,$103,$0,$19,$108,$81,$-22,$59,$21,$38,$38,$38,$89,$81,$52,52,$0.56,$0.66,$159,$144,$0,$423,$96,$0,$1711,$6,$1832,$2256,$89,$1357,$5,$1513,$1602,$0,$288,$0,$654,$2256,$133,$28,$-7,$21,$7,$1,$-0,$0,$36,$190,$-11,$0,$-154,$0,$0,$0,$0,$-165,$0,$0,$0,$10,$10,$0,$19,$29,$53,$4,$0
41,2008-06-30,16.6,$12.71,1.31,$13.94,1.19,$7.58,2.19,$2.40,6.92,$0.45B,$0.09B,5.01,$1.36B,$0.61B,2.21,$0.69B,$0.37B,53.47%,$0.69B,$0.28B,41.04%,$0.69B,$0.28B,41.04%,$0.69B,$0.31B,44.94%,$0.69B,$0.19B,27.17%,$0.69B,$0.12B,17.34%,$0.12B,$0.61B,22.05%,$0.12B,$-1.04B,-11.39%,$0.12B,$2.22B,5.63%,$0.28B,$1.97B,14.93%,$186,$86,$100,$0,$19,$108,$78,$-22,$57,$21,$36,$36,$36,$85,$78,$48,50,$0.75,$0.72,$189,$143,$0,$454,$94,$0,$1650,$4,$1768,$2222,$91,$1357,$10,$1517,$1608,$0,$250,$3,$614,$2222,$95,$21,$-9,$12,$2,$-2,$1,$-1,$43,$150,$-7,$0,$-85,$0,$0,$0,$0,$-92,$0,$0,$0,$8,$8,$0,$17,$25,$83,$3,$0
42,2008-03-31,18.31,$11.62,1.58,$13.46,1.36,$6.44,2.84,$2.13,8.6,$0.45B,$0.06B,7.07,$1.36B,$0.56B,2.44,$0.66B,$0.35B,53.01%,$0.66B,$0.27B,40.21%,$0.66B,$0.27B,40.21%,$0.66B,$0.30B,44.43%,$0.66B,$0.17B,25.00%,$0.66B,$0.11B,15.96%,$0.11B,$0.56B,20.95%,$0.11B,$-1.02B,-9.92%,$0.11B,$2.14B,5.09%,$0.27B,$1.91B,14.33%,$175,$81,$94,$0,$18,$103,$73,$-24,$49,$17,$32,$32,$32,$79,$73,$48,50,$0.68,$0.64,$194,$129,$0,$450,$85,$0,$1578,$3,$1686,$2136,$64,$1357,$19,$1517,$1581,$0,$214,$-8,$556,$2136,$59,$14,$-5,$9,$-1,$-2,$0,$0,$10,$78,$-4,$0,$0,$0,$0,$0,$0,$-4,$0,$0,$0,$4,$4,$0,$10,$14,$88,$2,$0
43,2007-12-31,22.32,$10.96,2.04,$12.97,1.72,$6.03,3.7,$1.94,11.51,$0.42B,$0.08B,5.2,$1.36B,$0.52B,2.61,$0.63B,$0.33B,52.61%,$0.63B,$0.25B,39.65%,$0.63B,$0.25B,39.65%,$0.63B,$0.28B,44.23%,$0.63B,$0.15B,24.01%,$0.63B,$0.10B,15.17%,$0.10B,$0.52B,20.43%,$0.10B,$-1.06B,-8.73%,$0.10B,$2.11B,4.70%,$0.25B,$1.88B,13.73%,$163,$75,$88,$0,$18,$96,$67,$-25,$42,$15,$27,$27,$27,$74,$67,$47,50,$0.57,$0.54,$170,$128,$0,$418,$86,$0,$1579,$3,$1690,$2108,$80,$1358,$10,$1508,$1589,$0,$182,$-3,$519,$2108,$27,$7,$-3,$5,$8,$-1,$-2,$1,$29,$60,$-2,$0,$0,$0,$0,$0,$0,$-2,$0,$0,$0,$2,$2,$0,$5,$7,$64,$1,$0
44,2007-09-30,22.59,$10.36,2.18,$12.27,1.84,$5.62,4.02,$1.82,12.41,$0.37B,$0.07B,5.44,$1.36B,$0.49B,2.79,$0.59B,$0.31B,52.11%,$0.59B,$0.23B,39.46%,$0.59B,$0.23B,39.46%,$0.59B,$0.26B,44.01%,$0.59B,$0.14B,23.95%,$0.59B,$0.09B,15.01%,$0.09B,$0.49B,20.37%,$0.09B,$-1.10B,-8.70%,$0.09B,$2.06B,4.74%,$0.23B,$1.85B,13.87%,$168,$80,$88,$0,$19,$102,$66,$-25,$40,$15,$25,$25,$25,$73,$66,$46,49,$0.53,$0.50,$106,$127,$0,$366,$87,$0,$1583,$3,$1695,$2061,$67,$1358,$8,$1506,$1574,$0,$156,$-2,$488,$2061,$89,$27,$-14,$13,$-17,$-6,$2,$-3,$11,$112,$-10,$0,$-511,$0,$0,$0,$0,$-522,$422,$0,$422,$8,$8,$0,$24,$454,$45,$3,$0
45,2007-06-30,20.0,$9.83,2.03,$11.26,1.78,$3.41,5.87,$1.64,12.19,$0.36B,$0.07B,4.87,$1.36B,$0.46B,2.95,$0.54B,$0.28B,51.57%,$0.54B,$0.21B,39.56%,$0.54B,$0.21B,39.56%,$0.54B,$0.24B,43.99%,$0.54B,$0.13B,23.84%,$0.54B,$0.08B,14.60%,$0.08B,$0.46B,19.47%,$0.08B,$-1.10B,-8.45%,$0.08B,$2.03B,4.60%,$0.21B,$1.82B,13.83%,$158,$75,$82,$0,$17,$96,$61,$-26,$35,$13,$22,$22,$22,$69,$61,$46,49,$0.48,$0.45,$120,$121,$0,$361,$88,$0,$1557,$3,$1671,$2031,$74,$1358,$6,$1497,$1571,$0,$132,$-0,$461,$2031,$64,$19,$-21,$-2,$-7,$-8,$1,$-3,$28,$90,$-7,$0,$-476,$0,$0,$0,$0,$-483,$422,$0,$422,$8,$8,$0,$22,$452,$59,$2,$0
46,2007-03-31,17.98,$9.15,1.97,$10.52,1.71,$0.69,26.09,$0.89,20.2,$0.30B,$0.06B,4.93,$1.36B,$0.41B,3.29,$0.49B,$0.25B,51.42%,$0.49B,$0.15B,30.16%,$0.49B,$0.15B,30.16%,$0.49B,$0.19B,38.87%,$0.49B,$0.07B,14.17%,$0.49B,$0.04B,8.91%,$0.04B,$0.41B,11.66%,$0.04B,$-1.15B,-5.17%,$0.04B,$1.97B,2.83%,$0.15B,$1.77B,10.56%,$144,$69,$75,$0,$15,$87,$57,$-23,$35,$13,$22,$22,$22,$64,$57,$45,48,$0.48,$0.45,$65,$119,$0,$298,$87,$0,$1559,$1,$1670,$1968,$60,$1358,$7,$1496,$1556,$0,$110,$-2,$412,$1968,$42,$12,$2,$13,$-8,$-6,$2,$-3,$0,$55,$-4,$0,$-476,$0,$0,$0,$0,$-480,$423,$0,$423,$3,$3,$0,$3,$428,$4,$1,$0
47,2006-12-31,13.1,$8.63,1.52,$9.81,1.34,$-1.75,0.0,$0.74,17.7,$0.23B,$0.05B,4.61,$0.93B,$0.39B,2.39,$0.46B,$0.24B,51.31%,$0.46B,$0.14B,29.48%,$0.46B,$0.14B,29.48%,$0.46B,$0.18B,38.43%,$0.46B,$0.06B,12.66%,$0.46B,$0.04B,7.86%,$0.04B,$0.39B,9.88%,$0.04B,$-0.76B,-4.84%,$0.04B,$1.45B,2.56%,$0.14B,$1.31B,10.55%,$123,$59,$64,$0,$12,$73,$50,$-18,$32,$12,$20,$20,$20,$55,$50,$45,48,$0.45,$0.43,$55,$94,$0,$227,$63,$0,$1143,$1,$1221,$1449,$49,$925,$7,$1012,$1061,$0,$88,$-1,$387,$1449,$20,$5,$2,$7,$1,$-2,$0,$-1,$11,$38,$-2,$0,$-45,$0,$0,$0,$0,$-48,$0,$0,$0,$1,$1,$0,$1,$3,$-7,$0,$0
