,Date,Stock Price,Book Value per Share,Price to Book Ratio,TTM Sales per Share,Price to Sales Ratio,TTM FCF per Share,Price to FCF Ratio,TTM Net EPS,PE Ratio,Current Assets,Current Liabilities,Current Ratio,Long Term Debt,Shareholder's Equity_x,Debt to Equity Ratio,TTM Revenue_x,TTM Gross Profit,Gross Margin,TTM Revenue_y,TTM Operating Income,Operating Margin,TTM Revenue_x,TTM EBIT,EBIT Margin,TTM Revenue_y,TTM EBITDA,EBITDA Margin,TTM Revenue_x,TTM Pre-Tax Income,Pre-Tax Margin,TTM Revenue_y,TTM Net Income_x,Net Margin,TTM Net Income_y,Shareholder's Equity_y,Return on Equity,TTM Net Income_x,Tangible Equity,Return on Tangible Equity,TTM Net Income_y,Total Assets,Return on Assets,TTM Net Income,LT Investments & Debt,Return on Investment,revenue,cost-goods-sold,gross-profit,research-development-expenses,selling-general-administrative-expenses,operating-expenses,operating-income,total-non-operating-income-expense,pre-tax-income,total-provision-income-taxes,income-after-taxes,income-from-continuous-operations,net-income,ebitda,ebit,basic-shares-outstanding,shares-outstanding,eps-basic-net-earnings-per-share,eps-earnings-per-share-diluted,cash-on-hand,inventory,other-current-assets,total-current-assets,net-property-plant-equipment,long-term-investments,goodwill-intangible-assets-total,other-long-term-assets,total-long-term-assets,total-assets,total-current-liabilities,long-term-debt,other-non-current-liabilities,total-long-term-liabilities,total-liabilities,common-stock-net,retained-earnings-accumulated-deficit,comprehensive-income,total-share-holder-equity,total-liabilities-share-holders-equity,net-income-loss,total-depreciation-amortization-cash-flow,other-non-cash-items,total-non-cash-items,change-in-accounts-receivable,change-in-inventories,change-in-accounts-payable,change-in-assets-liabilities,total-change-in-assets-liabilities,cash-flow-from-operating-activities,net-change-in-property-plant-equipment,net-change-in-intangible-assets,net-acquisitions-divestitures,net-change-in-short-term-investments,net-change-in-long-term-investments,net-change-in-investments-total,investing-activities-other,cash-flow-from-investing-activities,net-long-term-debt,net-current-debt,debt-issuance-retirement-net-total,net-common-equity-issued-repurchased,net-total-equity-issued-repurchased,total-common-preferred-stock-dividends-paid,financial-activities-other,cash-flow-from-financial-activities,net-cash-flow,stock-based-compensation,common-stock-dividends-paid
0,2018-09-30,30.43,$46.46,0.65,$45.00,0.68,$6.41,4.75,$3.57,8.52,$2.39B,$0.85B,2.8,$2.42B,$5.25B,0.46,$5.09B,$2.74B,53.94%,$5.09B,$0.21B,4.17%,$5.09B,$0.21B,4.17%,$5.09B,$1.09B,21.36%,$5.09B,$0.22B,4.31%,$5.09B,$0.41B,7.96%,$0.41B,$5.25B,7.92%,$0.41B,$2.28B,19.22%,$0.41B,$9.72B,4.26%,$0.21B,$7.67B,2.81%,$1297,$605,$692,$0,$421,$1246,$51,$7,$58,$5,$53,$53,$46,$272,$51,$112,114,$0.41,$0.41,$1062,$132,$30,$2387,$3229,$500,$2967,$636,$7332,$9719,$852,$2422,$11,$3617,$4469,$1,$2683,$-3,$5250,$9719,$155,$662,$97,$759,$-5,$13,$13,$-131,$-102,$812,$-447,$0,$18,$100,$0,$100,$4,$-325,$-15,$0,$-15,$34,$34,$-54,$-7,$-42,$445,$37,$-54
1,2018-06-30,27.42,$46.18,0.59,$44.90,0.61,$5.22,5.25,$1.53,17.92,$2.16B,$0.73B,2.96,$2.43B,$5.17B,0.47,$5.04B,$2.72B,53.92%,$5.04B,$-0.07B,-1.43%,$5.04B,$-0.07B,-1.43%,$5.04B,$1.05B,20.90%,$5.04B,$-0.08B,-1.49%,$5.04B,$0.18B,3.53%,$0.18B,$5.17B,3.60%,$0.18B,$2.16B,9.26%,$0.18B,$9.50B,1.90%,$-0.07B,$7.60B,-0.98%,$1255,$566,$689,$0,$417,$1194,$61,$4,$65,$21,$44,$44,$33,$281,$61,$112,113,$0.30,$0.29,$873,$153,$43,$2160,$3259,$477,$3015,$587,$7338,$9498,$729,$2427,$534,$3597,$4326,$1,$2692,$-3,$5172,$9498,$101,$441,$71,$512,$51,$-8,$-50,$-138,$-150,$463,$-275,$0,$11,$100,$0,$100,$3,$-161,$-10,$0,$-10,$7,$7,$-36,$-8,$-47,$255,$23,$-36
2,2018-03-31,27.87,$45.88,0.61,$44.92,0.62,$4.59,6.07,$1.33,20.95,$2.04B,$0.75B,2.72,$2.43B,$5.14B,0.47,$5.03B,$2.69B,53.47%,$5.03B,$-0.11B,-2.11%,$5.03B,$-0.11B,-2.11%,$5.03B,$1.01B,20.08%,$5.03B,$-0.12B,-2.35%,$5.03B,$0.16B,3.08%,$0.16B,$5.14B,3.20%,$0.16B,$2.12B,8.50%,$0.16B,$9.48B,1.66%,$-0.11B,$7.57B,-1.46%,$1225,$534,$691,$0,$395,$1145,$80,$1,$81,$24,$57,$57,$39,$301,$80,$111,113,$0.35,$0.34,$779,$153,$42,$2043,$3335,$488,$3022,$593,$7438,$9481,$750,$2431,$11,$3592,$4342,$1,$2696,$-3,$5139,$9481,$57,$221,$31,$252,$77,$-8,$-32,$-119,$-95,$214,$-131,$0,$-5,$100,$0,$100,$0,$-36,$-5,$0,$-5,$11,$11,$-18,$-5,$-17,$161,$10,$-18
3,2017-12-31,27.48,$44.07,0.62,$45.14,0.61,$3.95,6.96,$1.32,20.82,$1.97B,$0.92B,2.14,$2.44B,$4.89B,0.5,$5.04B,$2.69B,53.23%,$5.04B,$-0.11B,-2.08%,$5.04B,$-0.11B,-2.08%,$5.04B,$1.00B,19.85%,$5.04B,$-0.12B,-2.42%,$5.04B,$0.15B,3.03%,$0.15B,$4.89B,3.22%,$0.15B,$1.87B,8.43%,$0.15B,$9.30B,1.64%,$-0.11B,$7.33B,-1.46%,$1308,$637,$671,$0,$436,$1288,$20,$-5,$15,$-318,$333,$333,$287,$232,$20,$111,112,$2.60,$2.59,$719,$145,$27,$1966,$3424,$453,$3020,$432,$7329,$9295,$918,$2437,$1,$3485,$4403,$1,$2525,$-1,$4892,$9295,$157,$1106,$-228,$878,$-61,$6,$-7,$-234,$-259,$776,$-685,$0,$-197,$-100,$0,$-100,$1,$-981,$-17,$0,$-17,$5,$4,$-69,$5,$-77,$-282,$46,$-69
4,2017-09-30,27.41,$41.07,0.67,$45.10,0.61,$4.45,6.16,$-1.27,0.0,$2.00B,$0.83B,2.42,$2.44B,$4.56B,0.54,$5.03B,$2.69B,53.46%,$5.03B,$-0.13B,-2.51%,$5.03B,$-0.13B,-2.51%,$5.03B,$0.98B,19.53%,$5.03B,$-0.15B,-2.94%,$5.03B,$-0.14B,-2.78%,$-0.14B,$4.56B,-2.96%,$-0.14B,$1.55B,-7.77%,$-0.14B,$9.21B,-1.50%,$-0.13B,$7.00B,-1.76%,$1251,$585,$666,$0,$423,$1484,$-233,$-3,$-236,$-5,$-231,$-231,$-181,$239,$-233,$111,111,$-1.64,$-1.64,$884,$107,$31,$2004,$3337,$467,$3012,$390,$7206,$9210,$829,$2443,$1,$3822,$4651,$1,$2257,$0,$4559,$9210,$-176,$894,$61,$955,$-6,$44,$-59,$-189,$-158,$621,$-398,$0,$-181,$-100,$0,$-100,$1,$-678,$-9,$0,$-9,$-1,$-2,$-51,$3,$-59,$-116,$34,$-51
5,2017-06-30,27.11,$43.17,0.63,$45.66,0.59,$4.35,6.23,$0.48,56.48,$1.92B,$0.79B,2.45,$2.43B,$4.79B,0.51,$5.09B,$2.71B,53.23%,$5.09B,$0.14B,2.75%,$5.09B,$0.14B,2.75%,$5.09B,$0.99B,19.45%,$5.09B,$0.12B,2.32%,$5.09B,$0.05B,1.06%,$0.05B,$4.79B,1.13%,$0.05B,$1.76B,2.79%,$0.05B,$9.38B,0.57%,$0.14B,$7.22B,1.94%,$1247,$585,$662,$0,$420,$1220,$27,$-5,$22,$10,$12,$12,$10,$238,$27,$111,112,$0.09,$0.09,$791,$149,$26,$1924,$3373,$452,$3033,$596,$7454,$9378,$786,$2428,$1,$3800,$4586,$1,$2457,$0,$4792,$9378,$55,$422,$41,$463,$5,$2,$-59,$-161,$-160,$358,$-242,$0,$-183,$0,$0,$0,$1,$-424,$-6,$0,$-6,$-1,$-2,$-34,$-1,$-43,$-109,$22,$-34
6,2017-03-31,25.76,$43.55,0.59,$46.20,0.56,$4.39,5.87,$0.64,40.25,$2.03B,$0.74B,2.74,$2.43B,$4.79B,0.51,$5.14B,$2.74B,53.26%,$5.14B,$0.17B,3.23%,$5.14B,$0.17B,3.23%,$5.14B,$1.02B,19.75%,$5.14B,$0.15B,2.84%,$5.14B,$0.07B,1.40%,$0.07B,$4.79B,1.51%,$0.07B,$2.09B,3.58%,$0.07B,$9.35B,0.76%,$0.17B,$7.22B,2.31%,$1238,$552,$686,$0,$407,$1157,$81,$-4,$77,$34,$43,$43,$37,$292,$81,$110,112,$0.34,$0.33,$896,$151,$30,$2025,$3449,$472,$2705,$698,$7324,$9349,$738,$2431,$1,$3820,$4558,$1,$2473,$0,$4791,$9349,$43,$211,$1,$212,$28,$0,$-75,$-113,$-118,$137,$-127,$0,$2,$0,$0,$0,$0,$-125,$-3,$0,$-3,$4,$4,$-17,$0,$-16,$-4,$11,$-17
7,2016-12-31,27.89,$43.18,0.65,$46.54,0.6,$5.09,5.48,$0.38,73.39,$2.06B,$0.89B,2.32,$2.43B,$4.75B,0.51,$5.16B,$2.73B,52.88%,$5.16B,$0.11B,2.15%,$5.16B,$0.11B,2.15%,$5.16B,$0.96B,18.64%,$5.16B,$0.09B,1.78%,$5.16B,$0.04B,0.83%,$0.04B,$4.75B,0.91%,$0.04B,$1.81B,2.14%,$0.04B,$9.45B,0.46%,$0.11B,$7.18B,1.55%,$1292,$618,$674,$0,$459,$1293,$-1,$-10,$-11,$-5,$-6,$-6,$-6,$213,$-1,$110,111,$-0.05,$-0.04,$900,$151,$32,$2059,$3555,$451,$2938,$443,$7387,$9446,$887,$2433,$1,$3809,$4696,$1,$2454,$1,$4750,$9446,$52,$850,$128,$978,$-23,$4,$36,$-321,$-245,$782,$-636,$0,$-32,$0,$0,$0,$-140,$-808,$-10,$0,$-10,$7,$7,$-65,$9,$-59,$-85,$42,$-65
8,2016-09-30,26.12,$43.22,0.6,$46.80,0.56,$3.67,7.11,$0.42,62.2,$2.11B,$0.89B,2.38,$2.44B,$4.75B,0.51,$5.17B,$2.75B,53.18%,$5.17B,$0.14B,2.61%,$5.17B,$0.14B,2.61%,$5.17B,$0.99B,19.09%,$5.17B,$0.09B,1.82%,$5.17B,$0.05B,0.93%,$0.05B,$4.75B,1.02%,$0.05B,$2.08B,2.32%,$0.05B,$9.45B,0.51%,$0.14B,$7.19B,1.88%,$1314,$626,$688,$0,$440,$1281,$33,$-3,$30,$14,$16,$16,$13,$247,$33,$110,111,$0.12,$0.11,$985,$148,$34,$2110,$3549,$460,$2678,$652,$7339,$9449,$887,$2436,$1,$3808,$4695,$1,$2477,$0,$4754,$9449,$58,$636,$63,$699,$-9,$3,$47,$-241,$-116,$638,$-426,$0,$-26,$0,$0,$0,$-142,$-594,$-7,$0,$-7,$6,$6,$-49,$6,$-44,$0,$29,$-49
9,2016-06-30,28.35,$43.45,0.65,$47.45,0.6,$3.30,8.59,$0.77,36.82,$2.07B,$0.90B,2.3,$2.44B,$4.74B,0.51,$5.23B,$2.80B,53.45%,$5.23B,$0.20B,3.73%,$5.23B,$0.20B,3.73%,$5.23B,$1.04B,19.94%,$5.23B,$0.17B,3.29%,$5.23B,$0.09B,1.64%,$0.09B,$4.74B,1.82%,$0.09B,$2.07B,4.18%,$0.09B,$9.43B,0.92%,$0.20B,$7.17B,2.75%,$1295,$606,$689,$0,$429,$1242,$53,$-3,$50,$18,$32,$32,$28,$263,$53,$109,111,$0.25,$0.25,$899,$184,$31,$2065,$3613,$446,$2669,$633,$7361,$9426,$898,$2436,$1,$3792,$4690,$1,$2487,$0,$4736,$9426,$42,$422,$35,$457,$-6,$-26,$32,$-171,$-96,$400,$-281,$0,$-29,$0,$0,$0,$-142,$-452,$-4,$0,$-4,$-2,$-2,$-32,$4,$-34,$-86,$18,$-32
10,2016-03-31,28.61,$43.19,0.66,$47.38,0.6,$3.85,7.42,$0.73,39.19,$2.17B,$0.89B,2.44,$2.44B,$4.71B,0.52,$5.21B,$2.78B,53.42%,$5.21B,$0.17B,3.34%,$5.21B,$0.17B,3.34%,$5.21B,$1.02B,19.63%,$5.21B,$0.17B,3.18%,$5.21B,$0.08B,1.55%,$0.08B,$4.71B,1.73%,$0.08B,$2.08B,3.97%,$0.08B,$9.38B,0.87%,$0.17B,$7.15B,2.50%,$1254,$579,$675,$0,$431,$1228,$26,$-3,$23,$13,$10,$10,$8,$238,$26,$109,110,$0.07,$0.07,$1054,$160,$37,$2173,$3679,$423,$2627,$481,$7210,$9383,$890,$2437,$2,$3785,$4675,$1,$2479,$0,$4708,$9383,$10,$212,$19,$231,$20,$-1,$39,$-125,$5,$246,$-159,$0,$2,$0,$0,$0,$0,$-157,$-3,$0,$-3,$-4,$-4,$-16,$3,$-20,$69,$9,$-16
11,2015-12-31,24.48,$43.16,0.57,$47.47,0.52,$4.80,5.1,$1.99,12.3,$2.16B,$0.94B,2.29,$2.44B,$4.70B,0.52,$5.21B,$2.80B,53.65%,$5.21B,$0.43B,8.27%,$5.21B,$0.43B,8.27%,$5.21B,$1.28B,24.47%,$5.21B,$0.44B,8.35%,$5.21B,$0.22B,4.20%,$0.22B,$4.70B,4.69%,$0.22B,$2.05B,10.92%,$0.22B,$9.42B,2.39%,$0.43B,$7.14B,6.31%,$1308,$610,$698,$0,$458,$1285,$23,$-32,$-9,$-8,$-1,$-1,$-1,$239,$23,$109,110,$-0.01,$-0.02,$985,$158,$30,$2158,$3764,$402,$2657,$441,$7264,$9422,$944,$2440,$1,$3774,$4718,$1,$2487,$0,$4704,$9422,$263,$844,$-115,$729,$-120,$115,$7,$-245,$-201,$790,$-801,$0,$56,$0,$0,$0,$2,$-743,$524,$0,$524,$9,$9,$-61,$-11,$461,$508,$40,$-61
12,2015-09-30,23.48,$43.24,0.54,$47.58,0.49,$1.16,20.29,$1.85,12.69,$2.07B,$1.08B,1.92,$2.21B,$4.70B,0.47,$5.20B,$2.71B,52.14%,$5.20B,$0.37B,7.16%,$5.20B,$0.37B,7.16%,$5.20B,$1.20B,23.12%,$5.20B,$0.41B,7.91%,$5.20B,$0.20B,3.92%,$0.20B,$4.70B,4.43%,$0.20B,$2.04B,10.02%,$0.20B,$9.32B,2.26%,$0.37B,$6.91B,5.60%,$1374,$640,$734,$0,$450,$1281,$93,$15,$108,$46,$62,$62,$51,$303,$93,$109,110,$0.47,$0.46,$865,$184,$30,$2073,$3707,$386,$2661,$491,$7244,$9317,$1083,$2210,$2,$3532,$4615,$1,$2504,$-1,$4703,$9317,$265,$628,$-253,$375,$-94,$90,$125,$-256,$88,$727,$-558,$0,$38,$0,$0,$0,$6,$-514,$224,$0,$224,$6,$6,$-46,$-4,$180,$393,$29,$-46
13,2015-06-30,27.51,$42.82,0.64,$46.92,0.59,$-0.91,0.0,$0.32,85.96,$1.71B,$1.02B,1.67,$1.99B,$4.65B,0.43,$5.11B,$2.61B,51.15%,$5.11B,$0.15B,3.02%,$5.11B,$0.15B,3.02%,$5.11B,$0.98B,19.18%,$5.11B,$0.19B,3.74%,$5.11B,$0.04B,0.72%,$0.04B,$4.65B,0.81%,$0.04B,$1.98B,1.78%,$0.04B,$8.99B,0.42%,$0.15B,$6.64B,2.38%,$1276,$599,$677,$0,$435,$1244,$32,$12,$44,$18,$26,$26,$23,$243,$32,$108,110,$0.21,$0.21,$632,$147,$31,$1709,$3726,$364,$2664,$523,$7277,$8986,$1021,$1993,$1,$3317,$4338,$1,$2468,$5,$4648,$8986,$202,$418,$-252,$166,$-18,$127,$30,$-160,$170,$538,$-359,$0,$11,$0,$0,$0,$2,$-346,$0,$0,$0,$6,$6,$-31,$-7,$-32,$160,$18,$-31
14,2015-03-31,23.19,$42.74,0.54,$46.69,0.5,$-2.76,0.0,$-0.09,0.0,$1.69B,$1.06B,1.6,$1.99B,$4.62B,0.43,$5.07B,$2.57B,50.76%,$5.07B,$0.07B,1.44%,$5.07B,$0.07B,1.44%,$5.07B,$0.89B,17.59%,$5.07B,$0.11B,2.13%,$5.07B,$-0.01B,-0.16%,$-0.01B,$4.62B,-0.18%,$-0.01B,$1.95B,-0.37%,$-0.01B,$9.00B,-0.09%,$0.07B,$6.61B,1.14%,$1252,$566,$686,$0,$438,$969,$283,$9,$292,$116,$176,$176,$146,$490,$283,$108,109,$1.35,$1.33,$635,$178,$30,$1693,$3747,$343,$2669,$545,$7303,$8996,$1057,$1993,$7,$3321,$4378,$1,$2460,$6,$4618,$8996,$176,$207,$-272,$-65,$21,$95,$-14,$-119,$244,$355,$-166,$0,$-7,$0,$0,$0,$3,$-170,$0,$0,$0,$-2,$-2,$-15,$-5,$-22,$163,$8,$-15
15,2014-12-31,23.38,$41.29,0.57,$46.11,0.51,$-4.91,0.0,$-1.26,0.0,$1.77B,$1.06B,1.66,$1.94B,$4.45B,0.44,$5.01B,$2.50B,49.87%,$5.01B,$-0.19B,-3.77%,$5.01B,$-0.19B,-3.77%,$5.01B,$0.65B,12.92%,$5.01B,$-0.15B,-3.03%,$5.01B,$-0.14B,-2.72%,$-0.14B,$4.46B,-2.98%,$-0.14B,$2.17B,-6.05%,$-0.14B,$8.85B,-1.56%,$-0.19B,$6.40B,-2.98%,$1297,$683,$614,$0,$465,$1333,$-36,$4,$-33,$-12,$-20,$-20,$-16,$166,$-36,$108,108,$-0.16,$-0.15,$472,$274,$143,$1767,$3846,$322,$2289,$630,$7087,$8854,$1063,$1941,$23,$3336,$4399,$1,$2330,$6,$4455,$8854,$-147,$837,$184,$1021,$18,$-29,$-117,$-228,$-478,$395,$-799,$0,$-107,$0,$50,$50,$-54,$-910,$274,$0,$274,$-59,$-59,$-58,$0,$157,$-358,$36,$-58
16,2014-09-30,22.07,$41.56,0.53,$44.95,0.49,$-4.74,0.0,$-1.17,0.0,$1.69B,$1.16B,1.46,$1.72B,$4.48B,0.38,$4.90B,$2.40B,49.00%,$4.90B,$-0.17B,-3.55%,$4.90B,$-0.17B,-3.55%,$4.90B,$0.73B,14.85%,$4.90B,$-0.13B,-2.68%,$4.90B,$-0.13B,-2.57%,$-0.13B,$4.49B,-2.73%,$-0.13B,$2.23B,-5.50%,$-0.13B,$8.64B,-1.44%,$-0.17B,$6.20B,-2.75%,$1280,$646,$634,$0,$465,$1405,$-125,$14,$-112,$9,$-121,$-121,$-116,$80,$-125,$108,108,$-1.07,$-1.07,$613,$194,$42,$1692,$3836,$335,$2254,$523,$6949,$8641,$1158,$1719,$1,$2998,$4156,$1,$2366,$-1,$4485,$8641,$-127,$635,$43,$678,$71,$52,$11,$-212,$-55,$496,$-554,$0,$-133,$10,$0,$10,$6,$-671,$-1,$0,$-1,$-44,$-44,$-44,$6,$-82,$-257,$26,$-44
17,2014-06-30,23.92,$42.74,0.56,$44.00,0.54,$-5.99,0.0,$-0.19,0.0,$1.98B,$1.07B,1.85,$1.72B,$4.62B,0.37,$4.80B,$2.47B,51.39%,$4.80B,$-0.08B,-1.71%,$4.80B,$-0.08B,-1.71%,$4.80B,$0.87B,18.12%,$4.80B,$-0.04B,-0.77%,$4.80B,$-0.02B,-0.42%,$-0.02B,$4.63B,-0.43%,$-0.02B,$2.27B,-0.86%,$-0.02B,$8.71B,-0.23%,$-0.08B,$6.34B,-1.29%,$1236,$599,$637,$0,$471,$1285,$-49,$10,$-39,$-14,$-26,$-26,$-22,$155,$-49,$109,109,$-0.20,$-0.20,$915,$206,$41,$1981,$3750,$309,$2356,$311,$6726,$8708,$1073,$1719,$2,$3010,$4082,$1,$2497,$-1,$4625,$8708,$-5,$429,$-57,$373,$67,$39,$-43,$-115,$-52,$316,$-340,$0,$107,$10,$0,$10,$4,$-219,$-1,$0,$-1,$-27,$-27,$-29,$5,$-52,$45,$15,$-29
18,2014-03-31,23.89,$43.02,0.56,$43.90,0.54,$-4.51,0.0,$1.43,16.71,$1.99B,$1.03B,1.94,$1.72B,$4.68B,0.37,$4.79B,$2.54B,53.04%,$4.79B,$0.25B,5.20%,$4.79B,$0.25B,5.20%,$4.79B,$1.25B,26.10%,$4.79B,$0.31B,6.54%,$4.79B,$0.16B,3.30%,$0.16B,$4.68B,3.38%,$0.16B,$2.33B,6.66%,$0.16B,$8.75B,1.80%,$0.25B,$6.40B,3.89%,$1196,$583,$613,$0,$464,$1175,$21,$11,$32,$12,$20,$20,$18,$246,$21,$109,110,$0.17,$0.16,$913,$225,$41,$1989,$3779,$326,$2352,$303,$6760,$8749,$1025,$1720,$1,$3046,$4071,$1,$2533,$-1,$4678,$8749,$20,$225,$-106,$119,$91,$20,$-53,$-99,$-34,$105,$-151,$0,$95,$10,$0,$10,$2,$-44,$-0,$0,$-0,$-5,$-5,$-14,$2,$-18,$43,$7,$-14
19,2013-12-31,23.37,$42.94,0.54,$45.04,0.52,$-3.44,0.0,$1.28,18.25,$2.09B,$1.19B,1.75,$1.72B,$4.67B,0.37,$4.90B,$2.68B,54.59%,$4.90B,$0.24B,4.79%,$4.90B,$0.24B,4.79%,$4.90B,$1.25B,25.56%,$4.90B,$0.29B,5.96%,$4.90B,$0.14B,2.88%,$0.14B,$4.67B,3.02%,$0.14B,$2.34B,5.97%,$0.14B,$8.90B,1.62%,$0.24B,$6.39B,3.68%,$1184,$668,$515,$0,$513,$1204,$-21,$9,$-12,$-4,$-8,$-8,$-6,$246,$-21,$108,109,$-0.05,$-0.05,$880,$245,$38,$2087,$3878,$302,$2332,$305,$6817,$8904,$1192,$1720,$1,$3042,$4234,$1,$2530,$-1,$4670,$8904,$167,$1018,$-473,$545,$-294,$-84,$86,$56,$-218,$495,$-884,$0,$497,$115,$0,$115,$12,$-261,$-2,$0,$-2,$-13,$-13,$-131,$0,$-144,$90,$30,$-131
20,2013-09-30,26.64,$43.07,0.62,$46.55,0.57,$1.13,23.6,$0.95,28.04,$1.79B,$1.01B,1.77,$1.72B,$4.67B,0.37,$5.06B,$2.87B,56.71%,$5.06B,$0.20B,3.95%,$5.06B,$0.20B,3.95%,$5.06B,$1.17B,23.14%,$5.06B,$0.25B,4.96%,$5.06B,$0.11B,2.07%,$0.11B,$4.67B,2.25%,$0.11B,$2.37B,4.46%,$0.11B,$8.70B,1.21%,$0.20B,$6.39B,3.13%,$1181,$481,$700,$0,$477,$1214,$-33,$15,$-18,$-7,$-11,$-11,$-10,$222,$-33,$109,109,$-0.09,$-0.09,$756,$149,$38,$1788,$3882,$386,$2302,$343,$6912,$8700,$1008,$1721,$1,$3019,$4027,$1,$2556,$-9,$4672,$8700,$174,$752,$-295,$456,$-217,$11,$33,$-72,$-193,$438,$-631,$0,$204,$80,$0,$80,$14,$-334,$-1,$0,$-1,$-14,$-14,$-117,$-2,$-134,$-29,$22,$-117
21,2013-06-30,22.12,$43.24,0.51,$48.21,0.46,$3.18,6.95,$1.31,16.89,$2.19B,$1.03B,2.12,$1.72B,$4.68B,0.37,$5.25B,$2.94B,56.01%,$5.25B,$0.29B,5.50%,$5.25B,$0.29B,5.50%,$5.25B,$1.20B,22.88%,$5.25B,$0.33B,6.32%,$5.25B,$0.14B,2.74%,$0.14B,$4.68B,3.07%,$0.14B,$2.45B,6.14%,$0.14B,$8.76B,1.68%,$0.29B,$6.40B,4.55%,$1228,$516,$712,$0,$471,$946,$282,$29,$311,$133,$178,$178,$156,$536,$282,$108,109,$1.44,$1.42,$1357,$169,$32,$2194,$3769,$352,$2231,$209,$6561,$8755,$1034,$1721,$1,$3038,$4072,$1,$2587,$-8,$4682,$8755,$185,$496,$-284,$212,$-6,$-8,$58,$-74,$123,$521,$-384,$0,$466,$15,$0,$15,$14,$111,$-1,$0,$-1,$-20,$-20,$-103,$-3,$-126,$506,$13,$-103
22,2013-03-31,18.8,$42.85,0.44,$49.08,0.38,$1.97,9.52,$0.28,67.15,$1.72B,$0.82B,2.1,$1.72B,$4.63B,0.37,$5.35B,$3.03B,56.56%,$5.35B,$0.10B,1.83%,$5.35B,$0.10B,1.83%,$5.35B,$0.96B,17.88%,$5.35B,$0.11B,2.11%,$5.35B,$0.03B,0.56%,$0.03B,$4.63B,0.64%,$0.03B,$2.28B,1.30%,$0.03B,$8.50B,0.36%,$0.10B,$6.35B,1.55%,$1309,$560,$749,$0,$487,$1301,$7,$4,$11,$4,$7,$7,$1,$249,$7,$108,109,$0.01,$0.01,$892,$144,$42,$1716,$3907,$241,$2347,$291,$6786,$8502,$817,$1721,$887,$3054,$3871,$1,$2450,$-8,$4631,$8502,$7,$242,$23,$265,$34,$17,$-3,$-88,$-25,$246,$-176,$0,$-14,$0,$0,$0,$6,$-184,$-0,$0,$-0,$-18,$-18,$-14,$-4,$-36,$26,$8,$-14
23,2012-12-31,19.64,$43.10,0.46,$49.00,0.4,$1.69,11.6,$0.75,26.19,$1.76B,$0.93B,1.91,$1.72B,$4.66B,0.37,$5.35B,$3.07B,57.49%,$5.35B,$0.19B,3.46%,$5.35B,$0.19B,3.46%,$5.35B,$1.00B,18.67%,$5.35B,$0.20B,3.69%,$5.35B,$0.08B,1.52%,$0.08B,$4.66B,1.72%,$0.08B,$2.32B,3.48%,$0.08B,$8.62B,0.97%,$0.19B,$6.38B,2.95%,$1346,$635,$711,$0,$518,$1403,$-56,$3,$-53,$-12,$-41,$-41,$-42,$165,$-56,$109,109,$-0.39,$-0.38,$856,$161,$42,$1763,$3997,$230,$2336,$297,$6860,$8624,$925,$1722,$20,$3043,$3968,$1,$2464,$-8,$4656,$8624,$123,$814,$212,$1025,$-81,$-30,$-12,$2,$-44,$1105,$-996,$0,$-113,$123,$0,$123,$-13,$-998,$195,$0,$195,$-43,$-43,$-53,$-29,$70,$177,$42,$-53
24,2012-09-30,22.6,$43.82,0.52,$48.72,0.46,$3.29,6.87,$1.08,20.93,$1.72B,$0.83B,2.08,$1.53B,$4.76B,0.32,$5.32B,$3.12B,58.62%,$5.32B,$0.26B,4.89%,$5.32B,$0.26B,4.89%,$5.32B,$1.04B,19.64%,$5.32B,$0.27B,5.00%,$5.32B,$0.12B,2.20%,$0.12B,$4.76B,2.50%,$0.12B,$2.33B,5.06%,$0.12B,$8.39B,1.42%,$0.26B,$6.29B,4.18%,$1370,$600,$770,$0,$506,$1315,$56,$7,$63,$22,$40,$40,$29,$252,$56,$109,109,$0.27,$0.26,$770,$202,$27,$1721,$3903,$210,$2434,$123,$6670,$8391,$826,$1529,$1,$2802,$3628,$1,$2528,$-8,$4763,$8391,$164,$592,$132,$724,$-69,$-71,$-38,$-67,$-129,$761,$-731,$0,$-47,$98,$0,$98,$-13,$-693,$-2,$0,$-2,$-2,$-2,$-40,$3,$-42,$26,$32,$-40
25,2012-06-30,18.7,$43.47,0.43,$48.36,0.39,$6.12,3.05,$1.44,13.03,$1.66B,$0.79B,2.09,$1.53B,$4.72B,0.32,$5.27B,$3.15B,59.69%,$5.27B,$0.33B,6.28%,$5.27B,$0.33B,6.28%,$5.27B,$1.11B,21.04%,$5.27B,$0.35B,6.55%,$5.27B,$0.16B,3.02%,$0.16B,$4.72B,3.42%,$0.16B,$2.33B,6.92%,$0.16B,$8.28B,1.94%,$0.33B,$6.25B,5.35%,$1323,$528,$795,$0,$502,$1232,$91,$1,$92,$36,$56,$56,$42,$290,$91,$109,109,$0.39,$0.39,$765,$189,$19,$1656,$3853,$269,$2389,$116,$6628,$8284,$792,$1530,$1,$2771,$3562,$1,$2514,$-8,$4722,$8284,$124,$396,$50,$446,$-10,$-58,$-23,$-59,$-63,$507,$-501,$0,$-2,$83,$0,$83,$-9,$-429,$-1,$0,$-1,$-3,$-3,$-27,$2,$-28,$50,$21,$-27
26,2012-03-31,20.22,$43.02,0.47,$47.95,0.42,$8.01,2.53,$1.85,10.95,$1.65B,$0.76B,2.17,$1.53B,$4.67B,0.33,$5.23B,$3.16B,60.35%,$5.23B,$0.37B,7.02%,$5.23B,$0.37B,7.02%,$5.23B,$1.14B,21.79%,$5.23B,$0.37B,7.15%,$5.23B,$0.21B,4.00%,$0.21B,$4.67B,4.53%,$0.21B,$2.32B,9.11%,$0.21B,$8.17B,2.58%,$0.37B,$6.20B,5.98%,$1306,$509,$797,$0,$508,$1212,$94,$1,$95,$27,$68,$68,$52,$291,$94,$109,109,$0.48,$0.48,$869,$135,$18,$1652,$3824,$242,$2350,$105,$6521,$8173,$760,$1530,$1,$2744,$3503,$1,$2488,$-9,$4669,$8173,$68,$197,$10,$207,$39,$-5,$-25,$-93,$6,$282,$-243,$0,$39,$10,$0,$10,$-0,$-194,$-0,$0,$-0,$0,$0,$-13,$1,$-13,$76,$10,$-13
27,2011-12-31,20.7,$42.44,0.49,$47.46,0.44,$9.24,2.24,$1.73,11.94,$1.71B,$0.87B,1.95,$1.53B,$4.60B,0.33,$5.18B,$3.13B,60.41%,$5.18B,$0.36B,6.99%,$5.18B,$0.36B,6.99%,$5.18B,$1.13B,21.77%,$5.18B,$0.36B,7.01%,$5.18B,$0.20B,3.86%,$0.20B,$4.60B,4.38%,$0.20B,$2.26B,8.76%,$0.20B,$8.20B,2.47%,$0.36B,$6.13B,5.94%,$1317,$563,$754,$0,$539,$1297,$19,$-3,$16,$18,$-2,$-2,$-6,$211,$19,$109,109,$-0.06,$-0.05,$810,$130,$102,$1706,$3785,$219,$2342,$150,$6495,$8201,$874,$1530,$2,$2724,$3598,$1,$2452,$-9,$4603,$8201,$250,$766,$312,$1077,$-95,$-13,$29,$31,$-73,$1256,$-972,$0,$-106,$212,$0,$212,$-1,$-866,$29,$-33,$-4,$-82,$-82,$-49,$-34,$-168,$222,$37,$-49
28,2011-09-30,16.91,$41.19,0.41,$46.84,0.36,$9.69,1.75,$1.92,8.79,$1.74B,$0.87B,2.0,$1.53B,$4.63B,0.33,$5.13B,$3.10B,60.47%,$5.13B,$0.37B,7.13%,$5.13B,$0.37B,7.13%,$5.13B,$1.13B,22.03%,$5.13B,$0.37B,7.13%,$5.13B,$0.22B,4.31%,$0.22B,$4.63B,4.88%,$0.22B,$2.28B,9.70%,$0.22B,$8.16B,2.78%,$0.37B,$6.16B,6.05%,$1325,$525,$800,$0,$493,$1198,$127,$15,$142,$54,$88,$88,$71,$317,$127,$108,109,$0.66,$0.65,$849,$153,$18,$1735,$3627,$282,$2345,$173,$6427,$8163,$869,$1528,$2,$2664,$3533,$1,$2619,$-3,$4629,$8163,$252,$574,$213,$786,$-70,$-36,$37,$-45,$-101,$939,$-602,$0,$-105,$168,$0,$168,$-4,$-543,$30,$-33,$-3,$-81,$-81,$-36,$-26,$-146,$239,$28,$-36
29,2011-06-30,24.6,$40.38,0.61,$45.72,0.54,$9.02,2.73,$1.65,14.94,$1.76B,$0.76B,2.3,$1.53B,$4.53B,0.34,$5.07B,$3.08B,60.76%,$5.07B,$0.32B,6.39%,$5.07B,$0.32B,6.39%,$5.07B,$1.08B,21.38%,$5.07B,$0.31B,6.05%,$5.07B,$0.19B,3.77%,$0.19B,$4.54B,4.25%,$0.19B,$2.32B,8.38%,$0.19B,$7.92B,2.43%,$0.32B,$6.07B,5.40%,$1280,$476,$804,$0,$480,$1152,$127,$-6,$121,$12,$110,$110,$92,$320,$127,$108,109,$0.85,$0.84,$855,$165,$17,$1759,$3518,$269,$2218,$157,$6162,$7921,$764,$1530,$2,$2623,$3386,$1,$2554,$-3,$4535,$7921,$164,$384,$142,$526,$-38,$-49,$25,$-68,$-129,$562,$-351,$0,$-22,$142,$0,$142,$-1,$-232,$30,$0,$30,$-81,$-81,$-24,$-20,$-96,$229,$19,$-24
30,2011-03-31,26.57,$39.81,0.67,$44.70,0.59,$8.68,3.06,$1.20,22.22,$1.94B,$1.03B,1.89,$1.52B,$4.48B,0.34,$5.02B,$3.06B,60.84%,$5.02B,$0.28B,5.63%,$5.02B,$0.28B,5.63%,$5.02B,$1.04B,20.72%,$5.02B,$0.27B,5.38%,$5.02B,$0.14B,2.77%,$0.14B,$4.48B,3.10%,$0.14B,$2.27B,6.12%,$0.14B,$8.07B,1.79%,$0.28B,$6.00B,4.73%,$1259,$487,$772,$0,$491,$1170,$89,$-4,$84,$30,$54,$54,$43,$280,$89,$109,110,$0.40,$0.39,$1174,$113,$16,$1939,$3498,$288,$2217,$129,$6132,$8071,$1027,$1517,$1,$2561,$3588,$1,$2475,$-3,$4484,$8071,$54,$191,$63,$253,$8,$3,$56,$-77,$24,$333,$-158,$0,$0,$123,$0,$123,$-284,$-319,$300,$0,$300,$-27,$-27,$-12,$-10,$251,$265,$9,$-12
31,2010-12-31,28.71,$42.97,0.67,$43.81,0.66,$7.64,3.76,$1.25,22.95,$1.57B,$0.79B,2.0,$1.50B,$4.47B,0.34,$4.99B,$3.06B,61.41%,$4.99B,$0.30B,5.94%,$4.99B,$0.30B,5.94%,$4.99B,$1.05B,21.10%,$4.99B,$0.29B,5.74%,$4.99B,$0.14B,2.89%,$0.14B,$4.47B,3.22%,$0.14B,$2.25B,6.33%,$0.14B,$7.70B,1.88%,$0.30B,$5.97B,4.96%,$1266,$540,$726,$0,$513,$1243,$23,$-4,$19,$-4,$22,$22,$15,$213,$23,$110,110,$0.19,$0.19,$745,$116,$17,$1570,$3518,$300,$2219,$89,$6126,$7696,$786,$1500,$1,$2445,$3230,$1,$2451,$-3,$4466,$7696,$191,$756,$219,$975,$-79,$41,$-48,$100,$-89,$1076,$-739,$0,$-82,$-387,$0,$-387,$0,$-1208,$5,$0,$5,$-120,$-120,$-47,$-39,$-201,$-333,$35,$-47
32,2010-09-30,25.69,$39.53,0.65,$43.37,0.59,$8.43,3.05,$1.26,20.38,$1.64B,$0.76B,2.17,$1.49B,$4.49B,0.33,$4.98B,$3.10B,62.28%,$4.98B,$0.31B,6.18%,$4.98B,$0.31B,6.18%,$4.98B,$1.06B,21.30%,$4.98B,$0.30B,5.94%,$4.98B,$0.14B,2.87%,$0.14B,$4.49B,3.20%,$0.14B,$2.29B,6.29%,$0.14B,$7.69B,1.87%,$0.31B,$5.98B,5.17%,$1266,$487,$779,$0,$503,$1182,$85,$-2,$83,$29,$54,$54,$41,$271,$85,$114,114,$0.36,$0.36,$779,$124,$61,$1643,$3445,$336,$2198,$72,$6051,$7694,$758,$1492,$1,$2450,$3208,$1,$2449,$-3,$4486,$7694,$170,$566,$142,$708,$-49,$33,$-49,$-15,$-113,$765,$-486,$0,$-28,$-434,$41,$-393,$2,$-906,$-2,$0,$-2,$-89,$-89,$-36,$-13,$-140,$-281,$26,$-36
33,2010-06-30,23.71,$39.24,0.6,$42.96,0.55,$8.95,2.65,$1.21,19.53,$1.57B,$0.75B,2.09,$1.49B,$4.48B,0.33,$4.97B,$3.10B,62.40%,$4.97B,$0.30B,6.09%,$4.97B,$0.30B,6.09%,$4.97B,$1.06B,21.31%,$4.97B,$0.29B,5.81%,$4.97B,$0.14B,2.79%,$0.14B,$4.48B,3.12%,$0.14B,$2.28B,6.11%,$0.14B,$7.61B,1.82%,$0.30B,$5.97B,5.06%,$1232,$453,$779,$0,$501,$1146,$86,$-3,$84,$31,$52,$52,$40,$277,$86,$115,115,$0.35,$0.35,$758,$125,$63,$1566,$3463,$308,$2201,$73,$6044,$7610,$751,$1493,$1,$2379,$3130,$1,$2421,$-3,$4480,$7610,$115,$380,$35,$414,$-21,$32,$-36,$-27,$-27,$502,$-318,$0,$-28,$0,$-369,$-369,$1,$-714,$-23,$0,$-23,$-30,$-30,$-24,$-4,$-81,$-293,$17,$-24
34,2010-03-31,26.32,$38.97,0.68,$42.55,0.62,$8.62,3.05,$1.44,18.23,$1.64B,$0.76B,2.16,$1.49B,$4.47B,0.33,$4.98B,$3.14B,62.92%,$4.98B,$0.37B,7.42%,$4.98B,$0.37B,7.42%,$4.98B,$1.12B,22.47%,$4.98B,$0.35B,6.96%,$4.98B,$0.17B,3.31%,$0.17B,$4.47B,3.70%,$0.17B,$2.28B,7.21%,$0.17B,$7.60B,2.16%,$0.37B,$5.97B,6.15%,$1222,$445,$778,$0,$481,$1120,$102,$-2,$100,$38,$62,$62,$48,$291,$102,$115,115,$0.42,$0.41,$794,$158,$69,$1639,$3476,$221,$2192,$74,$5963,$7602,$758,$1493,$1,$2372,$3129,$1,$2399,$-3,$4473,$7602,$62,$189,$2,$191,$10,$-1,$-41,$-57,$-44,$211,$-147,$0,$-21,$-34,$0,$-34,$0,$-202,$-1,$0,$-1,$-19,$-19,$-12,$-3,$-34,$-26,$7,$-12
35,2009-12-31,26.3,$38.42,0.68,$42.26,0.62,$8.54,3.08,$1.61,16.33,$1.65B,$0.80B,2.06,$1.49B,$4.43B,0.34,$5.02B,$3.15B,62.73%,$5.02B,$0.41B,8.13%,$5.02B,$0.41B,8.13%,$5.02B,$1.15B,22.95%,$5.02B,$0.39B,7.67%,$5.02B,$0.19B,3.80%,$0.19B,$4.43B,4.28%,$0.19B,$2.25B,8.32%,$0.19B,$7.61B,2.49%,$0.41B,$5.92B,6.74%,$1262,$495,$767,$0,$523,$1227,$35,$-6,$29,$10,$19,$30,$14,$222,$35,$114,115,$0.20,$0.20,$784,$157,$63,$1648,$3508,$204,$2177,$76,$5965,$7612,$800,$1493,$1,$2385,$3185,$1,$2359,$-3,$4427,$7612,$250,$744,$223,$967,$-115,$-35,$23,$-52,$-119,$1097,$-658,$0,$-29,$-86,$0,$-86,$5,$-768,$-143,$0,$-143,$-211,$-211,$-47,$-26,$-427,$-98,$32,$-47
36,2009-09-30,23.96,$38.48,0.62,$41.25,0.58,$5.61,4.27,$0.10,236.52,$1.78B,$0.77B,2.3,$1.62B,$4.45B,0.36,$5.02B,$3.16B,63.00%,$5.02B,$0.05B,0.92%,$5.02B,$0.05B,0.92%,$5.02B,$0.79B,15.75%,$5.02B,$0.03B,0.50%,$5.02B,$0.00B,0.06%,$0.00B,$4.46B,0.07%,$0.00B,$2.29B,0.13%,$0.00B,$7.73B,0.04%,$0.05B,$6.08B,0.76%,$1258,$477,$780,$0,$507,$1178,$80,$-3,$76,$28,$48,$37,$37,$270,$80,$118,118,$0.31,$0.31,$915,$126,$73,$1778,$3473,$220,$2161,$101,$5955,$7733,$774,$1621,$1,$2505,$3279,$1,$2371,$-13,$4455,$7733,$230,$557,$128,$685,$-107,$-4,$-29,$-75,$-118,$800,$-451,$0,$-15,$0,$-109,$-109,$3,$-572,$-3,$0,$-3,$-176,$-176,$-35,$-14,$-228,$1,$25,$-35
37,2009-06-30,21.79,$37.85,0.58,$40.92,0.53,$3.81,5.72,$0.60,36.42,$1.66B,$0.68B,2.43,$1.62B,$4.49B,0.36,$5.07B,$3.22B,63.56%,$5.07B,$0.12B,2.33%,$5.07B,$0.12B,2.33%,$5.07B,$0.86B,16.99%,$5.07B,$0.13B,2.62%,$5.07B,$0.07B,1.32%,$0.07B,$4.49B,1.54%,$0.07B,$2.33B,3.18%,$0.07B,$7.66B,0.86%,$0.12B,$6.11B,1.97%,$1242,$431,$811,$0,$471,$1089,$153,$-11,$142,$55,$87,$87,$66,$337,$153,$120,121,$0.55,$0.55,$801,$131,$71,$1656,$3503,$234,$2161,$104,$6002,$7658,$681,$1619,$1,$2489,$3170,$1,$2347,$-13,$4488,$7658,$182,$367,$53,$419,$-68,$-10,$-64,$-78,$-160,$444,$-291,$0,$-15,$0,$-109,$-109,$2,$-413,$-2,$0,$-2,$-106,$-106,$-24,$-13,$-144,$-113,$14,$-24
38,2009-03-31,20.34,$36.88,0.55,$40.66,0.5,$4.09,4.98,$0.71,28.7,$1.58B,$0.70B,2.24,$1.62B,$4.48B,0.36,$5.10B,$3.23B,63.29%,$5.10B,$0.12B,2.25%,$5.10B,$0.12B,2.25%,$5.10B,$0.86B,16.90%,$5.10B,$0.15B,2.96%,$5.10B,$0.09B,1.75%,$0.09B,$4.48B,2.10%,$0.09B,$2.32B,4.71%,$0.09B,$7.65B,1.12%,$0.12B,$6.10B,1.96%,$1258,$467,$791,$0,$464,$1118,$140,$-2,$138,$42,$96,$96,$74,$323,$140,$122,122,$0.61,$0.61,$810,$113,$28,$1575,$3556,$225,$2162,$137,$6079,$7654,$703,$1619,$1,$2472,$3175,$1,$2289,$-16,$4479,$7654,$96,$183,$16,$199,$-11,$8,$-48,$-65,$-72,$223,$-165,$0,$-15,$0,$-26,$-26,$1,$-205,$-1,$0,$-1,$-25,$-25,$-12,$-1,$-39,$-21,$6,$-12
39,2008-12-31,24.25,$33.59,0.72,$40.09,0.6,$4.67,5.19,$0.69,35.14,$1.63B,$0.77B,2.11,$1.62B,$4.42B,0.37,$5.09B,$3.24B,63.64%,$5.09B,$0.13B,2.53%,$5.09B,$0.13B,2.53%,$5.09B,$0.88B,17.27%,$5.09B,$0.15B,3.01%,$5.09B,$0.09B,1.73%,$0.09B,$4.42B,2.15%,$0.09B,$2.27B,5.27%,$0.09B,$7.65B,1.06%,$0.13B,$6.04B,2.25%,$1263,$483,$781,$0,$504,$1590,$-327,$-4,$-331,$-129,$-202,$-202,$-174,$-139,$-327,$126,126,$-1.36,$-1.36,$805,$122,$64,$1629,$3569,$206,$2149,$100,$6023,$7652,$773,$1621,$0,$2462,$3235,$1,$2230,$-17,$4417,$7652,$118,$750,$86,$836,$-80,$-17,$7,$-6,$-103,$849,$-735,$0,$-382,$-27,$259,$232,$-17,$-903,$-9,$0,$-9,$-227,$-227,$-47,$-60,$-343,$-397,$23,$-47
40,2008-09-30,27.21,$32.26,0.84,$39.68,0.69,$5.64,4.83,$1.62,16.81,$1.82B,$0.84B,2.17,$1.63B,$4.04B,0.4,$5.07B,$3.26B,64.21%,$5.07B,$0.55B,10.91%,$5.07B,$0.55B,10.91%,$5.07B,$1.30B,25.58%,$5.07B,$0.42B,8.32%,$5.07B,$0.21B,4.06%,$0.21B,$4.04B,5.18%,$0.21B,$1.51B,13.41%,$0.21B,$8.16B,2.32%,$0.55B,$5.67B,9.86%,$1305,$467,$838,$0,$491,$1152,$152,$32,$184,$61,$123,$123,$101,$340,$152,$126,126,$0.80,$0.80,$1006,$118,$22,$1817,$3494,$227,$2527,$92,$6341,$8158,$837,$1632,$195,$3285,$4121,$1,$2414,$-8,$4037,$8158,$320,$562,$-246,$316,$-83,$-13,$7,$-28,$-2,$632,$-485,$0,$-329,$0,$259,$259,$-18,$-574,$-8,$0,$-8,$-134,$-134,$-36,$-48,$-227,$-168,$16,$-36
41,2008-06-30,35.89,$31.67,1.13,$38.84,0.92,$6.87,5.22,$2.59,13.83,$1.97B,$1.05B,1.88,$1.64B,$3.99B,0.41,$5.00B,$3.22B,64.38%,$5.00B,$0.54B,10.69%,$5.00B,$0.54B,10.69%,$5.00B,$1.28B,25.60%,$5.00B,$0.56B,11.15%,$5.00B,$0.34B,6.74%,$0.34B,$3.99B,8.55%,$0.34B,$1.46B,21.26%,$0.34B,$8.28B,3.61%,$0.54B,$5.62B,9.59%,$1274,$457,$818,$0,$473,$1125,$150,$10,$160,$53,$106,$106,$88,$338,$150,$126,127,$0.69,$0.69,$1157,$126,$33,$1970,$3485,$209,$2525,$92,$6311,$8281,$1049,$1635,$182,$3244,$4292,$1,$2325,$10,$3989,$8281,$197,$374,$-252,$122,$-59,$-21,$-4,$-37,$179,$495,$-299,$0,$-328,$0,$227,$227,$-18,$-418,$-56,$100,$44,$-98,$-98,$-24,$-48,$-126,$-49,$9,$-24
42,2008-03-31,29.75,$31.07,0.96,$38.18,0.78,$7.79,3.82,$1.83,16.25,$2.93B,$2.09B,1.41,$1.64B,$3.95B,0.41,$4.92B,$3.18B,64.67%,$4.92B,$0.54B,10.95%,$4.92B,$0.54B,10.95%,$4.92B,$1.29B,26.11%,$4.92B,$0.45B,9.06%,$4.92B,$0.24B,4.88%,$0.24B,$3.95B,6.15%,$0.24B,$1.44B,14.78%,$0.24B,$9.24B,2.42%,$0.54B,$5.58B,9.74%,$1249,$446,$803,$0,$459,$1095,$154,$-14,$140,$49,$91,$91,$73,$340,$154,$128,128,$0.57,$0.57,$2179,$129,$24,$2934,$3483,$224,$2508,$89,$6304,$9238,$2085,$1635,$178,$3207,$5292,$1,$2251,$9,$3946,$9238,$91,$186,$-82,$104,$-10,$-15,$-15,$-41,$74,$269,$-132,$0,$-108,$0,$49,$49,$7,$-184,$-1,$0,$-1,$-48,$-48,$-0,$-0,$-49,$35,$3,$-0
43,2007-12-31,47.3,$30.66,1.54,$37.45,1.26,$7.94,5.96,$2.96,15.97,$3.88B,$2.80B,1.38,$1.63B,$3.93B,0.42,$4.83B,$3.14B,64.91%,$4.83B,$0.53B,10.93%,$4.83B,$0.53B,10.93%,$4.83B,$1.28B,26.42%,$4.83B,$0.69B,14.18%,$4.83B,$0.39B,7.99%,$0.39B,$3.93B,10.09%,$0.39B,$1.73B,23.70%,$0.39B,$9.89B,3.78%,$0.53B,$5.56B,9.67%,$1243,$446,$797,$0,$467,$1146,$97,$-158,$-62,$-15,$-47,$17,$-56,$279,$97,$128,129,$-0.44,$-0.44,$3092,$116,$60,$3876,$3525,$206,$2196,$91,$6019,$9894,$2800,$1632,$0,$3168,$5968,$1,$1691,$512,$3926,$9894,$459,$748,$-254,$494,$-89,$17,$14,$1,$-9,$941,$-700,$0,$-19,$0,$92,$92,$-1,$-628,$-36,$0,$-36,$-91,$-91,$-46,$20,$-152,$161,$32,$-46
44,2007-09-30,50.36,$30.50,1.65,$36.71,1.37,$7.41,6.79,$2.48,20.27,$3.87B,$2.80B,1.38,$1.63B,$3.91B,0.42,$4.71B,$3.06B,64.88%,$4.71B,$0.52B,11.01%,$4.71B,$0.52B,11.01%,$4.71B,$1.25B,26.57%,$4.71B,$0.57B,12.18%,$4.71B,$0.33B,6.92%,$0.33B,$3.91B,8.73%,$0.33B,$1.71B,21.08%,$0.33B,$9.89B,3.14%,$0.52B,$5.55B,9.67%,$1237,$433,$803,$0,$477,$1102,$134,$186,$320,$116,$205,$189,$232,$324,$134,$129,130,$1.79,$1.78,$3122,$126,$22,$3873,$3495,$225,$2206,$89,$6015,$9888,$2801,$1634,$168,$3173,$5974,$1,$1774,$406,$3914,$9888,$442,$566,$-354,$212,$-80,$3,$-2,$-6,$125,$776,$-463,$0,$-16,$0,$92,$92,$-1,$-389,$-35,$0,$-35,$-29,$-29,$-34,$18,$-80,$307,$23,$-34
45,2007-06-30,47.13,$29.66,1.59,$35.97,1.31,$6.23,7.56,$1.30,36.34,$4.22B,$3.20B,1.32,$1.64B,$3.82B,0.43,$4.59B,$2.98B,64.88%,$4.59B,$0.50B,10.79%,$4.59B,$0.50B,10.79%,$4.59B,$1.23B,26.73%,$4.59B,$0.38B,8.20%,$4.59B,$0.17B,3.68%,$0.17B,$3.82B,4.63%,$0.17B,$1.62B,11.79%,$0.17B,$10.61B,1.61%,$0.50B,$5.45B,9.36%,$1193,$413,$780,$0,$436,$1039,$154,$-106,$48,$27,$22,$-9,$-9,$342,$154,$127,127,$-0.06,$-0.07,$3479,$131,$20,$4220,$3528,$568,$2198,$94,$6389,$10609,$3203,$1635,$534,$3590,$6792,$1,$1573,$509,$3816,$10609,$211,$376,$-15,$361,$-44,$-1,$-6,$-25,$52,$619,$-305,$0,$-16,$0,$11,$11,$-0,$-311,$-34,$0,$-34,$27,$27,$-23,$11,$-18,$290,$11,$-23
46,2007-03-31,44.84,$30.34,1.48,$35.03,1.28,$4.94,9.08,$2.74,16.36,$3.46B,$2.52B,1.37,$1.63B,$3.64B,0.45,$4.46B,$2.90B,64.87%,$4.46B,$0.45B,10.04%,$4.46B,$0.45B,10.04%,$4.46B,$1.17B,26.26%,$4.46B,$0.62B,13.98%,$4.46B,$0.35B,7.73%,$0.35B,$3.64B,9.66%,$0.35B,$1.46B,25.74%,$0.35B,$10.42B,3.30%,$0.45B,$5.27B,8.61%,$1157,$402,$755,$0,$420,$1014,$143,$236,$379,$141,$237,$219,$219,$331,$143,$127,129,$1.73,$1.70,$2788,$113,$21,$3464,$3532,$1153,$2182,$89,$6956,$10420,$2522,$1633,$1030,$4259,$6781,$1,$1620,$387,$3639,$10420,$219,$188,$-153,$35,$20,$16,$-27,$-37,$33,$286,$-131,$0,$-18,$0,$0,$0,$2,$-146,$25,$0,$25,$13,$13,$-11,$-3,$23,$163,$5,$-11
47,2006-12-31,40.79,$28.17,1.45,$34.41,1.19,$4.28,9.53,$1.35,30.16,$2.97B,$2.09B,1.43,$1.63B,$3.57B,0.46,$4.37B,$2.82B,64.67%,$4.37B,$0.41B,9.44%,$4.37B,$0.41B,9.44%,$4.37B,$1.13B,25.91%,$4.37B,$0.32B,7.42%,$4.37B,$0.16B,3.71%,$0.16B,$3.57B,4.61%,$0.16B,$1.40B,12.78%,$0.16B,$10.60B,1.55%,$0.41B,$5.20B,8.01%,$1125,$405,$719,$0,$445,$1037,$88,$-261,$-173,$-69,$-104,$-116,$-116,$255,$88,$126,127,$-0.93,$-0.93,$2219,$129,$62,$2973,$3581,$1783,$2168,$94,$7626,$10600,$2085,$1633,$1613,$4944,$7029,$1,$1429,$522,$3570,$10600,$162,$718,$120,$838,$-90,$-25,$-11,$33,$-120,$892,$-722,$0,$-43,$0,$103,$103,$33,$-631,$-301,$-35,$-336,$41,$41,$-43,$-6,$-344,$-82,$43,$-43
