,Date,Stock Price,Book Value per Share,Price to Book Ratio,TTM Sales per Share,Price to Sales Ratio,TTM FCF per Share,Price to FCF Ratio,TTM Net EPS,PE Ratio,Current Assets,Current Liabilities,Current Ratio,Long Term Debt,Shareholder's Equity_x,Debt to Equity Ratio,TTM Revenue_x,TTM Gross Profit,Gross Margin,TTM Revenue_y,TTM Operating Income,Operating Margin,TTM Revenue_x,TTM EBIT,EBIT Margin,TTM Revenue_y,TTM EBITDA,EBITDA Margin,TTM Revenue_x,TTM Pre-Tax Income,Pre-Tax Margin,TTM Revenue_y,TTM Net Income_x,Net Margin,TTM Net Income_y,Shareholder's Equity_y,Return on Equity,TTM Net Income_x,Tangible Equity,Return on Tangible Equity,TTM Net Income_y,Total Assets,Return on Assets,TTM Net Income,LT Investments & Debt,Return on Investment,revenue,cost-goods-sold,gross-profit,research-development-expenses,selling-general-administrative-expenses,operating-expenses,operating-income,total-non-operating-income-expense,pre-tax-income,total-provision-income-taxes,income-after-taxes,income-from-continuous-operations,net-income,ebitda,ebit,basic-shares-outstanding,shares-outstanding,eps-basic-net-earnings-per-share,eps-earnings-per-share-diluted,cash-on-hand,inventory,other-current-assets,total-current-assets,net-property-plant-equipment,long-term-investments,goodwill-intangible-assets-total,other-long-term-assets,total-long-term-assets,total-assets,total-current-liabilities,long-term-debt,other-non-current-liabilities,total-long-term-liabilities,total-liabilities,common-stock-net,retained-earnings-accumulated-deficit,comprehensive-income,total-share-holder-equity,total-liabilities-share-holders-equity,net-income-loss,total-depreciation-amortization-cash-flow,other-non-cash-items,total-non-cash-items,change-in-accounts-receivable,change-in-inventories,change-in-accounts-payable,change-in-assets-liabilities,total-change-in-assets-liabilities,cash-flow-from-operating-activities,net-change-in-property-plant-equipment,net-change-in-intangible-assets,net-acquisitions-divestitures,net-change-in-short-term-investments,net-change-in-long-term-investments,net-change-in-investments-total,investing-activities-other,cash-flow-from-investing-activities,net-long-term-debt,net-current-debt,debt-issuance-retirement-net-total,net-common-equity-issued-repurchased,net-total-equity-issued-repurchased,total-common-preferred-stock-dividends-paid,financial-activities-other,cash-flow-from-financial-activities,net-cash-flow,stock-based-compensation,common-stock-dividends-paid
0,2018-09-30,96.14,$0.00,0.0,$4.07,23.65,$3.05,31.52,$-1.48,0.0,$1.88B,$0.45B,4.17,$0.83B,$0.71B,1.16,$0.95B,$0.77B,81.08%,$0.95B,$-0.03B,-3.49%,$0.95B,$-0.03B,-3.49%,$0.95B,$0.04B,4.44%,$0.95B,$-0.29B,-30.23%,$0.95B,$-0.35B,-36.89%,$-0.35B,$0.71B,-41.47%,$-0.35B,$0.35B,-76.08%,$-0.35B,$2.55B,-18.23%,$-0.03B,$1.54B,-2.63%,$267,$45,$222,$124,$98,$267,$-0,$-240,$-240,$2,$-242,$-242,$-242,$17,$-0,$236,236,$-1.03,$-1.03,$1795,$0,$0,$1877,$57,$0,$362,$198,$677,$2554,$450,$828,$531,$1391,$1840,$24,$-370,$0,$713,$2554,$-240,$17,$287,$304,$-5,$0,$-14,$30,$21,$85,$-10,$-1,$0,$28,$6,$33,$0,$23,$0,$0,$0,$1,$1,$0,$-0,$1,$107,$48,$0
1,2018-06-30,62.52,$0.00,0.0,$3.79,16.49,$3.01,20.78,$-0.51,0.0,$1.82B,$0.45B,4.1,$0.82B,$0.91B,0.9,$0.87B,$0.70B,80.09%,$0.87B,$-0.05B,-6.06%,$0.87B,$-0.05B,-6.06%,$0.87B,$0.03B,2.86%,$0.87B,$-0.07B,-7.55%,$0.87B,$-0.12B,-13.50%,$-0.12B,$0.91B,-13.18%,$-0.12B,$0.53B,-23.66%,$-0.12B,$2.42B,-7.32%,$-0.05B,$1.73B,-4.82%,$242,$44,$198,$111,$94,$249,$-7,$-16,$-24,$5,$-28,$-28,$-28,$10,$-7,$231,231,$-0.13,$-0.13,$1733,$0,$0,$1822,$52,$0,$376,$113,$600,$2422,$445,$820,$219,$1070,$1515,$24,$-128,$0,$907,$2422,$-66,$79,$173,$252,$-20,$0,$43,$106,$125,$311,$-27,$0,$0,$-142,$124,$-18,$-6,$-52,$990,$0,$990,$4,$4,$0,$-88,$907,$1166,$163,$0
2,2018-03-31,53.92,$0.00,0.0,$3.53,15.28,$2.61,20.66,$-0.49,0.0,$0.84B,$0.42B,2.02,$0.00B,$0.88B,0.0,$0.81B,$0.64B,79.40%,$0.81B,$-0.08B,-9.68%,$0.81B,$-0.08B,-9.68%,$0.81B,$0.01B,0.87%,$0.81B,$-0.07B,-9.18%,$0.81B,$-0.11B,-13.77%,$-0.11B,$0.88B,-12.44%,$-0.11B,$0.49B,-23.08%,$-0.11B,$1.37B,-8.36%,$-0.08B,$0.88B,-8.74%,$224,$45,$178,$109,$81,$235,$-11,$3,$-8,$6,$-14,$-14,$-14,$9,$-11,$232,232,$-0.06,$-0.06,$764,$0,$0,$838,$35,$0,$390,$12,$535,$1373,$415,$0,$14,$75,$490,$23,$-117,$0,$883,$1373,$-44,$62,$118,$180,$-12,$0,$34,$75,$93,$229,$-11,$0,$0,$-167,$101,$-66,$-7,$-84,$0,$0,$0,$3,$3,$0,$0,$3,$149,$124,$0
3,2017-12-31,45.52,$0.00,0.0,$3.28,13.87,$2.30,19.83,$-0.51,0.0,$0.75B,$0.37B,2.02,$0.00B,$0.86B,0.0,$0.74B,$0.59B,79.38%,$0.74B,$-0.09B,-12.13%,$0.74B,$-0.09B,-12.13%,$0.74B,$-0.01B,-0.94%,$0.74B,$-0.09B,-11.99%,$0.74B,$-0.11B,-15.36%,$-0.11B,$0.86B,-12.88%,$-0.11B,$0.46B,-24.81%,$-0.11B,$1.31B,-8.82%,$-0.09B,$0.86B,-10.17%,$213,$43,$169,$101,$83,$228,$-15,$1,$-14,$51,$-65,$-65,$-65,$6,$-15,$230,230,$-0.28,$-0.28,$679,$0,$0,$749,$38,$0,$404,$12,$557,$1307,$372,$0,$10,$71,$443,$23,$-102,$0,$863,$1307,$-36,$42,$86,$128,$-8,$0,$6,$50,$45,$138,$-7,$0,$0,$-145,$82,$-63,$-3,$-73,$0,$0,$0,$2,$2,$0,$0,$2,$66,$89,$0
4,2017-09-30,35.15,$0.00,0.0,$3.03,11.6,$2.05,17.15,$-0.24,0.0,$0.68B,$0.35B,1.95,$0.00B,$0.93B,0.0,$0.68B,$0.54B,79.94%,$0.68B,$-0.08B,-11.50%,$0.68B,$-0.08B,-11.50%,$0.68B,$-0.00B,-0.59%,$0.68B,$-0.08B,-11.21%,$0.68B,$-0.05B,-7.52%,$-0.05B,$0.93B,-5.88%,$-0.05B,$0.51B,-9.57%,$-0.05B,$1.34B,-4.12%,$-0.08B,$0.93B,-8.99%,$195,$40,$155,$95,$81,$216,$-20,$1,$-20,$-8,$-11,$-11,$-11,$0,$-20,$228,228,$-0.05,$-0.05,$614,$0,$0,$677,$39,$0,$419,$9,$667,$1344,$347,$0,$9,$67,$414,$23,$-37,$0,$929,$1344,$-20,$21,$43,$63,$-4,$0,$1,$25,$22,$65,$-3,$0,$0,$-52,$49,$-2,$-0,$-5,$0,$0,$0,$1,$1,$0,$0,$1,$61,$44,$0
5,2017-06-30,35.18,$3.93,8.94,$2.80,12.57,$1.90,18.56,$-0.19,0.0,$0.61B,$0.33B,1.87,$0.00B,$0.89B,0.0,$0.62B,$0.50B,80.81%,$0.62B,$-0.06B,-10.16%,$0.62B,$-0.06B,-10.16%,$0.62B,$-0.00B,-0.16%,$0.62B,$-0.06B,-9.68%,$0.62B,$-0.04B,-6.94%,$-0.04B,$0.89B,-5.18%,$-0.04B,$0.46B,-7.29%,$-0.04B,$1.28B,-3.70%,$-0.06B,$0.89B,-7.59%,$174,$37,$138,$91,$79,$207,$-32,$0,$-32,$-11,$-21,$-21,$-21,$-8,$-32,$222,222,$-0.09,$-0.09,$550,$0,$0,$612,$41,$0,$433,$9,$671,$1284,$327,$0,$8,$63,$390,$23,$-23,$0,$894,$1284,$-60,$62,$132,$194,$-10,$0,$11,$73,$65,$199,$-15,$-1,$-381,$-312,$489,$177,$-4,$-225,$0,$0,$0,$9,$9,$0,$0,$9,$-15,$137,$0
6,2017-03-31,29.95,$0.00,0.0,$2.67,11.2,$1.56,19.23,$-0.12,0.0,$0.56B,$0.30B,1.83,$0.00B,$0.85B,0.0,$0.57B,$0.47B,81.71%,$0.57B,$-0.04B,-7.32%,$0.57B,$-0.04B,-7.32%,$0.57B,$0.00B,0.35%,$0.57B,$-0.04B,-6.62%,$0.57B,$-0.03B,-4.70%,$-0.03B,$0.85B,-3.42%,$-0.03B,$0.41B,-4.14%,$-0.03B,$1.24B,-2.48%,$-0.04B,$0.85B,-5.32%,$160,$33,$127,$82,$68,$183,$-23,$1,$-23,$-5,$-17,$-17,$-17,$-5,$-23,$223,223,$-0.08,$-0.08,$504,$0,$0,$555,$45,$0,$447,$9,$680,$1236,$304,$0,$10,$78,$382,$22,$-3,$0,$854,$1236,$-28,$38,$92,$130,$-10,$0,$9,$52,$47,$149,$-10,$0,$-381,$-258,$434,$176,$-4,$-219,$0,$0,$0,$7,$7,$0,$0,$7,$-63,$96,$0
7,2016-12-31,24.08,$3.56,6.76,$2.51,9.59,$1.30,18.54,$-0.05,0.0,$0.85B,$0.26B,3.27,$0.00B,$0.79B,0.0,$0.53B,$0.44B,82.71%,$0.53B,$-0.02B,-4.51%,$0.53B,$-0.02B,-4.51%,$0.53B,$0.01B,1.50%,$0.53B,$-0.02B,-3.57%,$0.53B,$-0.01B,-2.07%,$-0.01B,$0.79B,-1.46%,$-0.01B,$0.75B,-1.53%,$-0.01B,$1.08B,-1.08%,$-0.02B,$0.79B,-3.19%,$149,$27,$122,$70,$55,$152,$-3,$1,$-1,$0,$-2,$-2,$-2,$9,$-3,$221,221,$-0.01,$-0.01,$795,$0,$0,$846,$50,$0,$40,$8,$237,$1083,$259,$0,$12,$32,$291,$22,$15,$0,$792,$1083,$-5,$19,$55,$74,$-12,$0,$-3,$25,$7,$76,$-5,$0,$-18,$-176,$199,$22,$-4,$-5,$0,$0,$0,$6,$6,$0,$0,$6,$76,$58,$0
8,2016-09-30,29.97,$0.00,0.0,$2.50,11.98,$1.20,24.93,$-0.01,0.0,$0.80B,$0.24B,3.36,$0.00B,$0.78B,0.0,$0.49B,$0.41B,82.96%,$0.49B,$-0.02B,-3.65%,$0.49B,$-0.02B,-3.65%,$0.49B,$0.01B,1.62%,$0.49B,$-0.02B,-3.04%,$0.49B,$-0.00B,-0.81%,$-0.00B,$0.78B,-0.55%,$-0.00B,$0.74B,-0.57%,$-0.00B,$1.05B,-0.41%,$-0.02B,$0.78B,-2.46%,$137,$23,$114,$67,$52,$142,$-5,$1,$-4,$-1,$-3,$-3,$-3,$3,$-5,$219,219,$-0.01,$-0.01,$754,$0,$0,$798,$55,$0,$43,$6,$250,$1048,$237,$0,$12,$30,$267,$22,$17,$0,$781,$1048,$-4,$8,$29,$37,$1,$0,$-9,$5,$-4,$28,$-2,$0,$-18,$-117,$112,$-5,$-0,$-26,$0,$0,$0,$4,$4,$0,$0,$4,$7,$31,$0
