,Date,Stock Price,Book Value per Share,Price to Book Ratio,TTM Sales per Share,Price to Sales Ratio,TTM FCF per Share,Price to FCF Ratio,TTM Net EPS,PE Ratio,Current Assets,Current Liabilities,Current Ratio,Long Term Debt,Shareholder's Equity_x,Debt to Equity Ratio,TTM Revenue_x,TTM Gross Profit,Gross Margin,TTM Revenue_y,TTM Operating Income,Operating Margin,TTM Revenue_x,TTM EBIT,EBIT Margin,TTM Revenue_y,TTM EBITDA,EBITDA Margin,TTM Revenue_x,TTM Pre-Tax Income,Pre-Tax Margin,TTM Revenue_y,TTM Net Income_x,Net Margin,TTM Net Income_y,Shareholder's Equity_y,Return on Equity,TTM Net Income_x,Tangible Equity,Return on Tangible Equity,TTM Net Income_y,Total Assets,Return on Assets,TTM Net Income,LT Investments & Debt,Return on Investment,revenue,cost-goods-sold,gross-profit,research-development-expenses,selling-general-administrative-expenses,operating-expenses,operating-income,total-non-operating-income-expense,pre-tax-income,total-provision-income-taxes,income-after-taxes,income-from-continuous-operations,net-income,ebitda,ebit,basic-shares-outstanding,shares-outstanding,eps-basic-net-earnings-per-share,eps-earnings-per-share-diluted,cash-on-hand,inventory,other-current-assets,total-current-assets,net-property-plant-equipment,long-term-investments,goodwill-intangible-assets-total,other-long-term-assets,total-long-term-assets,total-assets,total-current-liabilities,long-term-debt,other-non-current-liabilities,total-long-term-liabilities,total-liabilities,common-stock-net,retained-earnings-accumulated-deficit,comprehensive-income,total-share-holder-equity,total-liabilities-share-holders-equity,net-income-loss,total-depreciation-amortization-cash-flow,other-non-cash-items,total-non-cash-items,change-in-accounts-receivable,change-in-inventories,change-in-accounts-payable,change-in-assets-liabilities,total-change-in-assets-liabilities,cash-flow-from-operating-activities,net-change-in-property-plant-equipment,net-change-in-intangible-assets,net-acquisitions-divestitures,net-change-in-short-term-investments,net-change-in-long-term-investments,net-change-in-investments-total,investing-activities-other,cash-flow-from-investing-activities,net-long-term-debt,net-current-debt,debt-issuance-retirement-net-total,net-common-equity-issued-repurchased,net-total-equity-issued-repurchased,total-common-preferred-stock-dividends-paid,financial-activities-other,cash-flow-from-financial-activities,net-cash-flow,stock-based-compensation,common-stock-dividends-paid
0,2018-07-31,83.41,$74.34,1.12,$1017.50,0.08,$15.15,5.51,$3.84,21.72,$9.40B,$7.37B,1.28,$1.40B,$2.85B,0.49,$39.09B,$2.19B,5.61%,$39.09B,$0.41B,1.05%,$39.09B,$0.41B,1.05%,$39.09B,$0.57B,1.46%,$39.09B,$0.30B,0.78%,$39.09B,$0.15B,0.38%,$0.15B,$2.85B,5.21%,$0.15B,$0.90B,17.48%,$0.15B,$11.83B,1.26%,$0.41B,$4.25B,9.37%,$8886,$8359,$527,$0,$415,$8776,$110,$-29,$81,$6,$76,$76,$76,$150,$110,$38,39,$1.97,$1.97,$793,$3023,$0,$9399,$268,$0,$1954,$212,$2435,$11833,$7367,$1402,$214,$1616,$8983,$0,$2855,$98,$2851,$11833,$110,$80,$4,$85,$603,$-167,$-487,$-39,$-200,$-5,$-14,$-9,$6,$0,$0,$0,$1,$-15,$-106,$-9,$-115,$1,$1,$0,$-7,$-120,$-163,$16,$0
1,2018-04-30,76.25,$74.87,1.02,$997.89,0.08,$25.00,3.05,$3.11,24.52,$8.93B,$6.83B,1.31,$1.51B,$2.87B,0.53,$38.30B,$2.18B,5.70%,$38.30B,$0.41B,1.06%,$38.30B,$0.41B,1.06%,$38.30B,$0.56B,1.47%,$38.30B,$0.30B,0.78%,$38.30B,$0.12B,0.31%,$0.12B,$2.87B,4.23%,$0.12B,$0.86B,14.79%,$0.12B,$11.42B,1.02%,$0.41B,$4.37B,9.09%,$8548,$8025,$523,$0,$422,$8478,$70,$-28,$43,$9,$34,$34,$34,$111,$70,$38,39,$0.88,$0.87,$346,$2917,$0,$8931,$271,$0,$2010,$208,$2488,$11420,$6829,$1505,$217,$1722,$8551,$0,$2780,$200,$2869,$11420,$34,$40,$9,$49,$671,$-7,$-1132,$-30,$-650,$-567,$-5,$-4,$0,$0,$0,$0,$-0,$-9,$-3,$-13,$-16,$0,$0,$0,$-6,$-22,$-610,$8,$0
2,2018-01-31,100.27,$76.56,1.31,$963.66,0.1,$45.72,2.19,$3.06,32.77,$10.36B,$8.27B,1.25,$1.51B,$2.92B,0.52,$36.78B,$2.12B,5.75%,$36.78B,$0.41B,1.12%,$36.78B,$0.41B,1.12%,$36.78B,$0.56B,1.52%,$36.78B,$0.30B,0.81%,$36.78B,$0.12B,0.32%,$0.12B,$2.92B,4.27%,$0.12B,$0.87B,16.12%,$0.12B,$12.92B,1.01%,$0.41B,$4.43B,9.25%,$12523,$11906,$617,$0,$429,$12371,$152,$-27,$125,$123,$1,$1,$1,$189,$152,$38,38,$0.03,$0.02,$956,$2966,$0,$10360,$279,$0,$2056,$225,$2560,$12920,$8265,$1505,$229,$1734,$9999,$0,$2746,$288,$2921,$12920,$117,$150,$49,$200,$-555,$-502,$1704,$33,$781,$1097,$-192,$-40,$-2250,$0,$0,$0,$0,$-2482,$147,$-16,$131,$2,$2,$0,$-12,$120,$-1170,$29,$0
3,2017-10-31,92.77,$71.39,1.3,$845.62,0.11,$39.88,2.33,$5.25,17.67,$8.48B,$6.29B,1.35,$1.81B,$2.72B,0.66,$31.68B,$1.87B,5.90%,$31.68B,$0.36B,1.14%,$31.68B,$0.36B,1.14%,$31.68B,$0.49B,1.54%,$31.68B,$0.26B,0.83%,$31.68B,$0.19B,0.61%,$0.19B,$2.72B,7.68%,$0.19B,$0.77B,20.14%,$0.19B,$10.96B,1.90%,$0.36B,$4.53B,8.77%,$9136,$8610,$526,$0,$417,$9056,$80,$-25,$55,$18,$37,$37,$37,$122,$80,$38,38,$0.98,$0.97,$563,$2862,$0,$8480,$274,$0,$1959,$247,$2480,$10960,$6285,$1806,$145,$1952,$8236,$0,$2745,$100,$2724,$10960,$115,$113,$36,$149,$208,$-416,$472,$12,$176,$440,$-179,$-35,$-2250,$0,$0,$0,$0,$-2464,$442,$-25,$417,$1,$1,$0,$-12,$407,$-1563,$21,$0
4,2017-07-31,102.4,$71.63,1.43,$791.00,0.13,$38.52,2.66,$5.31,19.28,$8.97B,$6.67B,1.34,$1.80B,$2.73B,0.66,$29.03B,$1.66B,5.72%,$29.03B,$0.35B,1.19%,$29.03B,$0.35B,1.19%,$29.03B,$0.44B,1.52%,$29.03B,$0.26B,0.90%,$29.03B,$0.19B,0.67%,$0.19B,$2.73B,8.19%,$0.19B,$0.73B,16.02%,$0.19B,$11.37B,2.14%,$0.35B,$4.54B,9.81%,$8092,$7577,$516,$0,$411,$7989,$104,$-29,$75,$28,$47,$47,$47,$142,$104,$38,38,$1.24,$1.24,$1033,$2704,$0,$8966,$137,$0,$2003,$268,$2408,$11374,$6674,$1803,$165,$1968,$8642,$0,$2707,$155,$2732,$11374,$78,$71,$22,$93,$92,$-237,$414,$-21,$201,$371,$-13,$-29,$-2249,$0,$0,$0,$-1,$-2292,$797,$-19,$778,$1,$1,$0,$-11,$768,$-1092,$13,$0
5,2017-04-30,95.65,$65.08,1.47,$759.79,0.13,$34.01,2.81,$5.38,17.78,$8.26B,$6.10B,1.35,$1.80B,$2.48B,0.73,$27.30B,$1.46B,5.35%,$27.30B,$0.31B,1.15%,$27.30B,$0.31B,1.15%,$27.30B,$0.39B,1.41%,$27.30B,$0.25B,0.93%,$27.30B,$0.19B,0.71%,$0.19B,$2.48B,8.72%,$0.19B,$0.52B,13.15%,$0.19B,$10.56B,2.48%,$0.31B,$4.28B,10.48%,$7024,$6567,$457,$0,$353,$6949,$75,$-31,$44,$14,$31,$31,$31,$107,$75,$37,37,$0.82,$0.82,$862,$2602,$0,$8256,$134,$0,$1962,$205,$2301,$10557,$6101,$1800,$174,$1974,$8075,$0,$2660,$-41,$2481,$10557,$31,$32,$9,$41,$391,$-240,$65,$-60,$154,$225,$-4,$-26,$-2250,$0,$0,$0,$-1,$-2281,$808,$-8,$801,$0,$0,$0,$-11,$790,$-1264,$5,$0
6,2017-01-31,85.56,$61.60,1.39,$740.93,0.12,$35.71,2.4,$5.50,15.56,$7.41B,$4.71B,1.57,$0.99B,$2.17B,0.46,$26.24B,$1.30B,4.96%,$26.24B,$0.29B,1.11%,$26.24B,$0.29B,1.11%,$26.24B,$0.35B,1.32%,$26.24B,$0.26B,0.98%,$26.24B,$0.20B,0.74%,$0.20B,$2.17B,9.17%,$0.20B,$1.84B,10.96%,$0.20B,$7.93B,2.91%,$0.29B,$3.16B,11.46%,$7428,$7056,$371,$0,$254,$7324,$103,$-14,$89,$10,$79,$79,$79,$116,$103,$35,35,$2.23,$2.23,$2126,$2119,$0,$7412,$74,$0,$330,$116,$520,$7932,$4711,$990,$61,$1051,$5762,$0,$2629,$-75,$2170,$7932,$195,$54,$9,$63,$-92,$-21,$459,$66,$399,$657,$-25,$-14,$-3,$0,$0,$0,$0,$-42,$998,$3,$1002,$1,$1,$0,$-26,$976,$1594,$14,$0
7,2016-10-31,77.02,$59.41,1.3,$738.60,0.1,$22.66,3.4,$6.00,12.84,$5.94B,$4.29B,1.38,$0.00B,$2.09B,0.0,$26.29B,$1.29B,4.89%,$26.29B,$0.33B,1.27%,$26.29B,$0.33B,1.27%,$26.29B,$0.39B,1.48%,$26.29B,$0.30B,1.15%,$26.29B,$0.21B,0.81%,$0.21B,$2.09B,10.17%,$0.21B,$1.76B,12.26%,$0.21B,$6.46B,3.36%,$0.33B,$2.09B,14.23%,$6490,$6174,$316,$0,$240,$6427,$63,$-11,$52,$15,$37,$37,$37,$76,$63,$35,35,$1.04,$1.03,$692,$2254,$0,$5941,$73,$0,$336,$113,$522,$6463,$4293,$0,$77,$77,$4370,$0,$2550,$-70,$2092,$6463,$116,$41,$15,$56,$92,$-148,$109,$57,$39,$211,$-19,$-12,$-3,$0,$0,$0,$0,$-34,$0,$-1,$-1,$0,$0,$0,$-19,$-20,$160,$11,$0
8,2016-07-31,77.93,$59.87,1.3,$737.13,0.11,$23.22,3.36,$6.15,12.67,$5.67B,$3.67B,1.54,$0.35B,$2.11B,0.17,$26.23B,$1.29B,4.90%,$26.23B,$0.34B,1.29%,$26.23B,$0.34B,1.29%,$26.23B,$0.40B,1.51%,$26.23B,$0.31B,1.19%,$26.23B,$0.22B,0.83%,$0.22B,$2.11B,10.56%,$0.22B,$1.76B,12.18%,$0.22B,$6.20B,3.46%,$0.34B,$2.46B,14.11%,$6354,$6037,$316,$0,$244,$6280,$73,$-5,$68,$22,$46,$46,$46,$87,$73,$35,35,$1.32,$1.31,$697,$2145,$0,$5665,$72,$0,$353,$113,$539,$6203,$3669,$349,$78,$427,$4095,$0,$2514,$-14,$2108,$6203,$80,$28,$10,$38,$313,$-6,$-211,$61,$67,$185,$-14,$-9,$-3,$0,$0,$0,$0,$-25,$0,$-5,$-5,$0,$0,$0,$-4,$-9,$166,$7,$0
9,2016-04-30,68.69,$60.66,1.13,$737.25,0.09,$26.54,2.59,$6.93,9.91,$5.64B,$3.63B,1.55,$0.35B,$2.14B,0.16,$26.46B,$1.29B,4.89%,$26.46B,$0.37B,1.41%,$26.46B,$0.37B,1.41%,$26.46B,$0.43B,1.62%,$26.46B,$0.36B,1.34%,$26.46B,$0.25B,0.93%,$0.25B,$2.14B,12.24%,$0.25B,$1.76B,13.47%,$0.25B,$6.19B,3.94%,$0.37B,$2.48B,15.71%,$5963,$5665,$299,$0,$246,$5911,$53,$-5,$48,$15,$33,$33,$33,$67,$53,$35,35,$0.95,$0.94,$826,$2093,$0,$5635,$71,$0,$371,$113,$556,$6191,$3631,$349,$76,$425,$4056,$0,$2468,$63,$2135,$6191,$33,$14,$3,$17,$519,$93,$-382,$50,$226,$276,$-7,$-4,$0,$0,$0,$0,$0,$-12,$0,$-1,$-1,$0,$0,$0,$-4,$-5,$295,$4,$0
10,2016-01-31,62.4,$57.17,1.09,$727.61,0.09,$21.73,2.87,$7.37,8.47,$5.82B,$3.93B,1.48,$0.35B,$2.01B,0.17,$26.38B,$1.29B,4.88%,$26.38B,$0.40B,1.52%,$26.38B,$0.40B,1.52%,$26.38B,$0.46B,1.74%,$26.38B,$0.38B,1.45%,$26.38B,$0.27B,1.00%,$0.27B,$2.01B,13.40%,$0.27B,$1.64B,14.05%,$0.27B,$6.36B,4.28%,$0.40B,$2.35B,17.23%,$7484,$7129,$355,$0,$244,$7338,$145,$-10,$135,$39,$96,$96,$96,$160,$145,$36,36,$2.73,$2.71,$531,$2117,$0,$5822,$66,$0,$364,$107,$536,$6358,$3933,$349,$71,$420,$4353,$0,$2434,$-33,$2006,$6358,$266,$57,$25,$82,$-298,$-219,$426,$-44,$-154,$194,$-21,$-13,$-8,$0,$0,$0,$0,$-42,$-0,$6,$6,$-146,$-146,$0,$-7,$-148,$-12,$15,$0
11,2015-10-31,72.79,$56.11,1.3,$711.65,0.1,$19.85,3.67,$6.76,10.77,$5.80B,$3.97B,1.46,$0.35B,$1.97B,0.18,$26.24B,$1.30B,4.97%,$26.24B,$0.36B,1.36%,$26.24B,$0.36B,1.36%,$26.24B,$0.42B,1.59%,$26.24B,$0.34B,1.31%,$26.24B,$0.25B,0.95%,$0.25B,$1.97B,12.72%,$0.25B,$1.97B,13.35%,$0.25B,$6.37B,4.07%,$0.36B,$2.32B,15.45%,$6429,$6114,$315,$0,$250,$6360,$68,$-7,$62,$20,$42,$42,$42,$82,$68,$35,35,$1.19,$1.18,$586,$2112,$0,$5802,$64,$0,$0,$499,$563,$6365,$3967,$348,$82,$430,$4397,$0,$2338,$29,$1968,$6365,$170,$43,$18,$60,$-158,$-178,$398,$-22,$-4,$226,$-14,$-9,$-8,$0,$0,$0,$0,$-31,$-0,$5,$5,$-147,$-147,$0,$-7,$-149,$43,$11,$0
12,2015-07-31,58.33,$55.06,1.06,$705.96,0.08,$12.23,4.77,$6.67,8.75,$5.57B,$3.75B,1.49,$0.35B,$1.96B,0.18,$26.57B,$1.32B,4.98%,$26.57B,$0.36B,1.34%,$26.57B,$0.36B,1.34%,$26.57B,$0.42B,1.57%,$26.57B,$0.34B,1.28%,$26.57B,$0.25B,0.94%,$0.25B,$1.96B,12.53%,$0.25B,$1.96B,13.15%,$0.25B,$6.15B,4.02%,$0.36B,$2.32B,15.21%,$6580,$6255,$325,$0,$250,$6474,$106,$3,$110,$33,$76,$76,$76,$120,$106,$37,37,$2.09,$2.09,$709,$1976,$0,$5574,$63,$0,$0,$508,$571,$6146,$3748,$352,$82,$434,$4182,$0,$2296,$33,$1964,$6146,$128,$28,$11,$39,$86,$-38,$135,$-34,$141,$308,$-9,$-6,$-9,$0,$0,$0,$0,$-24,$-0,$6,$6,$-110,$-110,$0,$-7,$-111,$166,$8,$0
13,2015-04-30,56.37,$53.68,1.05,$704.56,0.08,$5.35,10.54,$5.61,10.05,$5.35B,$3.50B,1.53,$0.35B,$1.97B,0.18,$26.83B,$1.35B,5.03%,$26.83B,$0.32B,1.19%,$26.83B,$0.32B,1.19%,$26.83B,$0.38B,1.43%,$26.83B,$0.29B,1.08%,$26.83B,$0.21B,0.79%,$0.21B,$1.97B,10.43%,$0.21B,$1.97B,10.93%,$0.21B,$5.91B,3.36%,$0.32B,$2.32B,13.32%,$5887,$5595,$292,$0,$248,$5805,$82,$-6,$76,$25,$51,$51,$51,$96,$82,$37,37,$1.39,$1.38,$619,$1969,$0,$5354,$63,$0,$0,$489,$552,$5906,$3500,$352,$82,$434,$3933,$0,$2220,$59,$1972,$5906,$51,$14,$4,$18,$237,$-8,$-135,$-29,$38,$107,$-4,$-3,$19,$0,$0,$0,$0,$12,$-0,$3,$3,$-47,$-47,$0,$-7,$-51,$76,$4,$0
14,2015-01-31,57.1,$52.44,1.09,$721.18,0.08,$4.98,11.46,$4.58,12.47,$5.58B,$3.74B,1.49,$0.35B,$1.96B,0.18,$27.67B,$1.39B,5.03%,$27.67B,$0.27B,0.97%,$27.67B,$0.27B,0.97%,$27.67B,$0.34B,1.22%,$27.67B,$0.24B,0.86%,$27.67B,$0.18B,0.63%,$0.18B,$1.96B,8.38%,$0.18B,$1.59B,8.77%,$0.18B,$6.14B,2.64%,$0.27B,$2.31B,10.97%,$7339,$6967,$372,$0,$267,$7238,$102,$-7,$95,$14,$81,$81,$81,$118,$102,$38,38,$2.12,$2.10,$543,$1960,$102,$5578,$63,$0,$375,$120,$559,$6137,$3743,$352,$82,$433,$4177,$0,$2168,$51,$1960,$6137,$175,$69,$24,$92,$22,$245,$-470,$31,$-144,$123,$-12,$-10,$0,$0,$0,$0,$0,$-21,$-1,$7,$7,$-52,$-52,$0,$-8,$-53,$-27,$14,$0
15,2014-10-31,59.72,$54.52,1.1,$738.38,0.08,$11.58,5.16,$5.34,11.18,$6.04B,$4.13B,1.46,$0.35B,$2.09B,0.17,$28.30B,$1.42B,5.01%,$28.30B,$0.26B,0.93%,$28.30B,$0.26B,0.93%,$28.30B,$0.34B,1.18%,$28.30B,$0.24B,0.83%,$28.30B,$0.20B,0.72%,$0.20B,$2.09B,9.61%,$0.20B,$2.09B,9.61%,$0.20B,$6.67B,2.97%,$0.26B,$2.44B,10.65%,$6761,$6426,$335,$0,$271,$6694,$67,$-6,$60,$19,$42,$42,$42,$84,$67,$38,38,$1.09,$1.09,$466,$2321,$0,$6042,$66,$0,$0,$557,$623,$6665,$4133,$354,$93,$446,$4580,$0,$2088,$211,$2086,$6665,$94,$53,$16,$69,$18,$46,$-301,$31,$-221,$-58,$-5,$-7,$0,$0,$0,$0,$0,$-12,$-0,$3,$2,$1,$1,$0,$-4,$-1,$-104,$10,$0
16,2014-07-31,62.79,$56.28,1.12,$729.19,0.09,$19.90,3.15,$5.24,11.98,$5.99B,$4.06B,1.48,$0.35B,$2.15B,0.16,$27.92B,$1.41B,5.05%,$27.92B,$0.26B,0.93%,$27.92B,$0.26B,0.93%,$27.92B,$0.33B,1.19%,$27.92B,$0.23B,0.84%,$27.92B,$0.20B,0.72%,$0.20B,$2.15B,9.52%,$0.20B,$2.15B,9.52%,$0.20B,$6.66B,2.90%,$0.26B,$2.51B,10.63%,$6842,$6490,$351,$0,$285,$6774,$68,$-8,$60,$20,$39,$39,$39,$85,$68,$38,38,$1.03,$1.03,$612,$2194,$0,$5987,$70,$0,$0,$603,$672,$6659,$4057,$354,$96,$450,$4507,$0,$2046,$324,$2153,$6659,$53,$36,$223,$259,$6,$254,$-502,$42,$-262,$50,$-0,$-4,$0,$0,$0,$0,$0,$-4,$-0,$5,$4,$1,$1,$0,$-4,$1,$41,$6,$0
17,2014-04-30,62.49,$56.42,1.11,$716.59,0.09,$28.70,2.18,$4.59,13.61,$6.31B,$4.41B,1.43,$0.35B,$2.16B,0.16,$27.40B,$1.38B,5.02%,$27.40B,$0.22B,0.81%,$27.40B,$0.22B,0.81%,$27.40B,$0.30B,1.08%,$27.40B,$0.20B,0.72%,$27.40B,$0.18B,0.64%,$0.18B,$2.16B,8.64%,$0.18B,$2.16B,8.64%,$0.18B,$7.02B,2.60%,$0.22B,$2.51B,9.32%,$6728,$6393,$335,$0,$292,$6697,$31,$-7,$24,$11,$13,$13,$13,$50,$31,$38,38,$0.35,$0.35,$676,$2333,$0,$6313,$76,$0,$0,$626,$702,$7015,$4407,$354,$97,$451,$4858,$0,$2007,$371,$2157,$7015,$13,$18,$5,$23,$211,$155,$-263,$-9,$58,$95,$-2,$-2,$0,$0,$0,$0,$0,$-4,$-0,$6,$6,$1,$1,$0,$-3,$3,$106,$2,$0
18,2014-01-31,53.92,$55.13,0.98,$702.08,0.08,$29.70,1.82,$4.71,11.45,$6.47B,$4.62B,1.4,$0.35B,$2.10B,0.17,$26.82B,$1.36B,5.08%,$26.82B,$0.23B,0.85%,$26.82B,$0.23B,0.85%,$26.82B,$0.30B,1.12%,$26.82B,$0.20B,0.76%,$26.82B,$0.18B,0.67%,$0.18B,$2.10B,9.18%,$0.18B,$2.10B,9.18%,$0.18B,$7.17B,2.76%,$0.23B,$2.45B,9.81%,$7973,$7575,$398,$0,$288,$7875,$98,$-6,$92,$-18,$110,$110,$110,$116,$98,$38,38,$2.88,$2.87,$570,$2451,$0,$6469,$78,$0,$0,$623,$701,$7170,$4618,$354,$99,$453,$5071,$0,$1993,$325,$2099,$7170,$180,$73,$-33,$40,$-36,$-209,$321,$77,$159,$379,$-16,$-15,$6,$0,$0,$0,$0,$-24,$-1,$-123,$-123,$1,$1,$0,$-5,$-127,$230,$9,$0
19,2013-10-31,51.91,$52.38,0.99,$683.46,0.08,$22.97,2.26,$4.01,12.95,$6.05B,$4.25B,1.42,$0.35B,$1.99B,0.18,$26.29B,$1.34B,5.08%,$26.29B,$0.19B,0.71%,$26.29B,$0.19B,0.71%,$26.29B,$0.26B,0.99%,$26.29B,$0.15B,0.57%,$26.29B,$0.12B,0.44%,$0.12B,$1.99B,5.97%,$0.12B,$1.99B,5.97%,$0.12B,$6.71B,1.78%,$0.19B,$2.35B,8.20%,$6374,$6047,$326,$0,$270,$6310,$64,$-6,$58,$20,$38,$38,$38,$82,$64,$38,38,$0.99,$0.99,$471,$2262,$0,$6050,$78,$0,$0,$576,$655,$6705,$4248,$354,$109,$463,$4711,$0,$1884,$332,$1993,$6705,$70,$54,$16,$70,$86,$-13,$-30,$104,$125,$266,$-10,$-12,$8,$0,$0,$0,$0,$-14,$-0,$-121,$-121,$1,$1,$0,$-5,$-125,$130,$7,$0
20,2013-07-31,51.4,$50.00,1.03,$675.52,0.08,$16.43,3.13,$4.23,12.15,$5.58B,$3.87B,1.44,$0.35B,$1.90B,0.19,$25.95B,$1.32B,5.07%,$25.95B,$0.19B,0.72%,$25.95B,$0.19B,0.72%,$25.95B,$0.26B,0.98%,$25.95B,$0.15B,0.57%,$25.95B,$0.12B,0.46%,$0.12B,$1.90B,6.36%,$0.12B,$1.90B,6.36%,$0.12B,$6.23B,1.91%,$0.19B,$2.26B,8.35%,$6327,$6012,$316,$0,$275,$6298,$30,$-7,$23,$8,$15,$15,$15,$48,$30,$38,38,$0.39,$0.38,$587,$2039,$0,$5584,$79,$0,$0,$571,$650,$6234,$3869,$354,$108,$462,$4331,$0,$1846,$281,$1903,$6234,$32,$36,$12,$48,$357,$177,$-288,$130,$312,$392,$-7,$-9,$8,$0,$0,$0,$0,$-8,$-0,$-126,$-126,$1,$1,$0,$-5,$-130,$246,$5,$0
21,2013-04-30,46.73,$49.68,0.94,$662.61,0.07,$5.70,8.2,$4.73,9.88,$5.45B,$3.76B,1.45,$0.35B,$1.89B,0.19,$25.60B,$1.30B,5.09%,$25.60B,$0.22B,0.85%,$25.60B,$0.22B,0.85%,$25.60B,$0.28B,1.10%,$25.60B,$0.18B,0.71%,$25.60B,$0.14B,0.55%,$0.14B,$1.89B,7.50%,$0.14B,$1.89B,7.50%,$0.14B,$6.11B,2.32%,$0.22B,$2.24B,10.12%,$6148,$5825,$322,$0,$283,$6112,$36,$-5,$31,$13,$18,$18,$18,$54,$36,$38,38,$0.47,$0.47,$327,$2186,$0,$5449,$81,$0,$0,$580,$661,$6110,$3760,$354,$107,$462,$4222,$0,$1831,$282,$1888,$6110,$18,$18,$4,$22,$401,$33,$-400,$124,$95,$134,$-4,$-6,$8,$0,$0,$0,$0,$-1,$-0,$-133,$-133,$1,$1,$0,$-5,$-138,$-14,$3,$0
22,2013-01-31,50.91,$50.75,1.0,$643.62,0.08,$1.98,25.69,$5.50,9.26,$6.15B,$4.45B,1.38,$0.35B,$1.92B,0.19,$25.36B,$1.30B,5.14%,$25.36B,$0.26B,1.04%,$25.36B,$0.26B,1.04%,$25.36B,$0.32B,1.27%,$25.36B,$0.23B,0.90%,$25.36B,$0.18B,0.69%,$0.18B,$1.92B,9.25%,$0.18B,$1.92B,9.25%,$0.18B,$6.83B,2.97%,$0.26B,$2.27B,12.47%,$7442,$7071,$371,$0,$284,$7385,$57,$-20,$37,$-7,$44,$44,$44,$76,$57,$39,39,$1.18,$1.18,$341,$2255,$0,$6145,$84,$0,$0,$601,$686,$6831,$4445,$354,$113,$468,$4913,$0,$1813,$330,$1918,$6831,$176,$58,$2,$60,$-104,$-152,$219,$-102,$-113,$124,$-15,$-23,$-310,$0,$0,$0,$0,$-349,$296,$87,$383,$-182,$-182,$0,$-121,$80,$-146,$14,$0
23,2012-10-31,44.31,$48.59,0.91,$595.16,0.07,$10.74,4.12,$4.62,9.59,$5.53B,$3.65B,1.52,$0.35B,$1.84B,0.19,$24.19B,$1.29B,5.33%,$24.19B,$0.27B,1.10%,$24.19B,$0.27B,1.10%,$24.19B,$0.32B,1.33%,$24.19B,$0.25B,1.02%,$24.19B,$0.17B,0.70%,$0.17B,$1.84B,8.86%,$0.17B,$1.84B,8.86%,$0.17B,$5.92B,3.00%,$0.27B,$2.19B,13.03%,$6037,$5731,$306,$0,$242,$5974,$64,$-5,$58,$14,$44,$44,$43,$77,$64,$38,38,$1.14,$1.13,$516,$2025,$0,$5529,$83,$0,$0,$310,$394,$5922,$3646,$354,$87,$441,$4087,$0,$1792,$280,$1835,$5922,$132,$40,$21,$62,$55,$-165,$17,$10,$-175,$18,$-13,$-19,$-9,$0,$0,$0,$0,$-41,$296,$17,$313,$-178,$-178,$0,$-121,$14,$-13,$10,$0
24,2012-07-31,50.1,$48.23,1.04,$591.34,0.08,$19.67,2.55,$4.67,10.73,$4.92B,$3.35B,1.47,$0.05B,$1.82B,0.03,$24.74B,$1.33B,5.37%,$24.74B,$0.29B,1.18%,$24.74B,$0.29B,1.18%,$24.74B,$0.35B,1.41%,$24.74B,$0.27B,1.09%,$24.74B,$0.18B,0.73%,$0.18B,$1.82B,9.18%,$0.18B,$1.82B,9.18%,$0.18B,$5.30B,3.13%,$0.29B,$1.88B,14.44%,$5968,$5666,$303,$0,$242,$5908,$60,$-5,$55,$17,$39,$39,$35,$74,$60,$39,39,$0.89,$0.89,$278,$1819,$0,$4919,$82,$0,$0,$300,$382,$5301,$3345,$54,$81,$135,$3480,$0,$1746,$202,$1821,$5301,$95,$27,$7,$34,$138,$-59,$-105,$-5,$-145,$-17,$-8,$-15,$-9,$0,$0,$0,$0,$-32,$-0,$-10,$-10,$-178,$-178,$0,$-4,$-192,$-251,$7,$0
25,2012-04-30,53.79,$50.10,1.07,$579.96,0.09,$25.21,2.13,$4.89,11.0,$5.24B,$3.47B,1.51,$0.06B,$2.04B,0.03,$25.23B,$1.37B,5.42%,$25.23B,$0.31B,1.24%,$25.23B,$0.31B,1.24%,$25.23B,$0.37B,1.45%,$25.23B,$0.29B,1.13%,$25.23B,$0.20B,0.78%,$0.20B,$2.04B,9.54%,$0.20B,$2.04B,9.54%,$0.20B,$5.64B,3.26%,$0.31B,$2.10B,14.75%,$5910,$5587,$323,$0,$241,$5828,$82,$-3,$79,$23,$56,$56,$54,$96,$82,$41,42,$1.32,$1.30,$447,$1949,$0,$5237,$88,$0,$0,$319,$407,$5644,$3466,$58,$82,$140,$3606,$0,$1711,$311,$2038,$5644,$56,$13,$-1,$12,$219,$-118,$-128,$32,$-76,$-7,$-5,$-9,$-9,$0,$0,$0,$0,$-23,$-0,$-17,$-17,$-35,$-35,$0,$-0,$-52,$-77,$3,$0
26,2012-01-31,51.92,$48.26,1.08,$571.51,0.09,$24.34,2.13,$4.68,11.09,$5.40B,$3.67B,1.47,$0.06B,$1.98B,0.03,$25.65B,$1.38B,5.37%,$25.65B,$0.31B,1.19%,$25.65B,$0.31B,1.19%,$25.65B,$0.36B,1.41%,$25.65B,$0.27B,1.06%,$25.65B,$0.19B,0.74%,$0.19B,$1.98B,9.01%,$0.19B,$1.98B,9.01%,$0.19B,$5.80B,3.06%,$0.31B,$2.04B,14.03%,$6272,$5913,$358,$0,$270,$6211,$61,$-6,$54,$11,$44,$44,$38,$75,$61,$44,44,$0.94,$0.91,$486,$1932,$0,$5395,$89,$0,$0,$313,$402,$5796,$3674,$57,$83,$140,$3814,$0,$1637,$283,$1982,$5796,$191,$57,$35,$92,$-11,$457,$-125,$-38,$243,$525,$-14,$-31,$-25,$0,$0,$0,$0,$-69,$-352,$-41,$-393,$-280,$-280,$0,$2,$-671,$-236,$12,$0
27,2011-10-31,49.18,$49.53,0.99,$559.62,0.09,$16.00,3.07,$5.02,9.8,$6.00B,$4.23B,1.42,$0.06B,$2.04B,0.03,$25.74B,$1.39B,5.41%,$25.74B,$0.35B,1.36%,$25.74B,$0.35B,1.36%,$25.74B,$0.41B,1.57%,$25.74B,$0.32B,1.24%,$25.74B,$0.22B,0.87%,$0.22B,$2.04B,10.38%,$0.22B,$2.04B,10.38%,$0.22B,$6.41B,3.50%,$0.35B,$2.11B,15.76%,$6594,$6249,$345,$0,$255,$6504,$90,$-9,$81,$24,$57,$57,$54,$103,$90,$42,43,$1.27,$1.26,$900,$1961,$0,$6003,$88,$0,$0,$320,$408,$6411,$4229,$61,$77,$138,$4367,$0,$1606,$372,$2044,$6411,$152,$43,$28,$71,$-8,$272,$34,$-37,$172,$395,$-9,$-23,$-17,$0,$0,$0,$0,$-49,$-2,$-29,$-31,$-268,$-268,$0,$2,$-298,$61,$8,$0
28,2011-07-31,46.67,$49.68,0.94,$535.61,0.09,$5.18,9.0,$4.83,9.66,$5.82B,$3.91B,1.49,$0.06B,$2.16B,0.03,$25.31B,$1.37B,5.42%,$25.31B,$0.34B,1.35%,$25.31B,$0.34B,1.35%,$25.31B,$0.40B,1.56%,$25.31B,$0.31B,1.23%,$25.31B,$0.22B,0.87%,$0.22B,$2.16B,10.17%,$0.22B,$2.16B,10.17%,$0.22B,$6.20B,3.43%,$0.34B,$2.22B,14.77%,$6449,$6109,$341,$0,$262,$6371,$79,$-8,$71,$19,$52,$52,$50,$93,$79,$45,46,$1.11,$1.10,$905,$1879,$0,$5816,$91,$0,$0,$290,$381,$6197,$3913,$63,$65,$128,$4041,$0,$1552,$446,$2156,$6197,$100,$29,$15,$44,$158,$395,$-364,$-22,$84,$228,$-5,$-14,$-3,$0,$0,$0,$0,$-22,$-0,$-20,$-20,$-172,$-172,$0,$2,$-190,$44,$5,$0
29,2011-04-30,53.13,$49.32,1.08,$503.68,0.11,$0.82,64.93,$4.55,11.68,$6.21B,$4.17B,1.49,$0.07B,$2.29B,0.03,$24.33B,$1.32B,5.42%,$24.33B,$0.33B,1.35%,$24.33B,$0.33B,1.35%,$24.33B,$0.38B,1.56%,$24.33B,$0.30B,1.23%,$24.33B,$0.21B,0.87%,$0.21B,$2.29B,10.01%,$0.21B,$2.29B,10.01%,$0.21B,$6.60B,3.39%,$0.33B,$2.36B,14.12%,$6332,$5999,$333,$0,$258,$6256,$76,$-9,$66,$18,$49,$49,$49,$90,$76,$47,47,$1.04,$1.03,$808,$2272,$0,$6206,$96,$0,$0,$295,$391,$6597,$4169,$65,$69,$134,$4303,$0,$1502,$490,$2294,$6597,$49,$15,$5,$20,$129,$40,$-201,$-19,$-122,$-53,$-2,$-5,$-1,$0,$0,$0,$0,$-8,$-0,$-23,$-24,$-24,$-24,$0,$2,$-46,$-72,$2,$0
30,2011-01-31,46.91,$45.77,1.02,$478.01,0.1,$-1.18,0.0,$4.40,10.66,$6.05B,$4.15B,1.46,$0.06B,$2.14B,0.03,$23.62B,$1.28B,5.41%,$23.62B,$0.32B,1.36%,$23.62B,$0.32B,1.36%,$23.62B,$0.37B,1.57%,$23.62B,$0.30B,1.25%,$23.62B,$0.21B,0.88%,$0.21B,$2.14B,10.13%,$0.21B,$2.14B,10.13%,$0.21B,$6.41B,3.48%,$0.32B,$2.20B,13.74%,$6361,$5987,$374,$0,$269,$6256,$105,$-4,$101,$26,$75,$75,$71,$119,$105,$49,49,$1.50,$1.48,$764,$2205,$0,$6047,$94,$0,$0,$271,$365,$6412,$4145,$60,$69,$129,$4274,$0,$1453,$359,$2138,$6412,$213,$47,$38,$86,$-14,$-482,$396,$-30,$-123,$176,$-19,$-12,$-141,$0,$0,$0,$5,$-167,$34,$-51,$-17,$-195,$-195,$0,$1,$-211,$-205,$10,$0
31,2010-10-31,42.96,$44.32,0.97,$471.76,0.09,$5.95,7.22,$4.12,10.43,$6.04B,$3.86B,1.56,$0.39B,$2.07B,0.19,$23.54B,$1.23B,5.23%,$23.54B,$0.31B,1.31%,$23.54B,$0.31B,1.31%,$23.54B,$0.36B,1.51%,$23.54B,$0.28B,1.20%,$23.54B,$0.21B,0.88%,$0.21B,$2.07B,10.14%,$0.21B,$2.07B,10.14%,$0.21B,$6.41B,3.55%,$0.31B,$2.46B,12.90%,$6164,$5840,$324,$0,$243,$6083,$81,$-8,$73,$22,$51,$51,$50,$93,$81,$47,47,$1.08,$1.07,$707,$2165,$0,$6040,$92,$0,$0,$282,$374,$6414,$3862,$392,$93,$486,$4348,$0,$1376,$374,$2066,$6414,$138,$34,$25,$59,$-187,$-303,$252,$-16,$-268,$-72,$-10,$-11,$-140,$0,$0,$0,$0,$-161,$-0,$-11,$-11,$-199,$-199,$0,$29,$-181,$-410,$7,$0
32,2010-07-31,39.56,$40.90,0.97,$451.10,0.09,$19.14,2.07,$3.89,10.17,$5.24B,$3.15B,1.67,$0.34B,$1.93B,0.18,$23.02B,$1.20B,5.23%,$23.02B,$0.29B,1.27%,$23.02B,$0.29B,1.27%,$23.02B,$0.34B,1.48%,$23.02B,$0.27B,1.16%,$23.02B,$0.20B,0.87%,$0.20B,$1.93B,9.77%,$0.20B,$1.93B,9.77%,$0.20B,$5.50B,3.47%,$0.29B,$2.27B,12.28%,$5474,$5186,$288,$0,$222,$5408,$66,$-7,$59,$18,$41,$41,$41,$77,$66,$50,50,$0.82,$0.82,$940,$1783,$0,$5235,$84,$0,$0,$177,$261,$5496,$3145,$343,$76,$419,$3564,$0,$1326,$283,$1932,$5496,$86,$22,$12,$34,$175,$-119,$-133,$-16,$-87,$33,$-7,$-8,$-12,$0,$0,$0,$0,$-26,$-0,$10,$10,$-165,$-165,$0,$1,$-154,$-177,$5,$0
33,2010-04-30,42.9,$40.28,1.06,$444.32,0.1,$29.01,1.48,$3.77,11.38,$5.35B,$3.11B,1.72,$0.34B,$2.08B,0.16,$22.73B,$1.18B,5.21%,$22.73B,$0.28B,1.24%,$22.73B,$0.28B,1.24%,$22.73B,$0.33B,1.44%,$22.73B,$0.26B,1.13%,$22.73B,$0.19B,0.85%,$0.19B,$2.08B,9.43%,$0.19B,$2.08B,9.43%,$0.19B,$5.61B,3.39%,$0.28B,$2.42B,11.73%,$5621,$5328,$293,$0,$223,$5552,$69,$-6,$63,$18,$46,$46,$46,$81,$69,$51,52,$0.89,$0.88,$911,$1776,$0,$5345,$85,$0,$0,$177,$263,$5607,$3114,$340,$78,$418,$3532,$0,$1285,$300,$2075,$5607,$46,$11,$5,$17,$67,$-101,$-162,$-18,$-225,$-163,$-3,$-3,$-12,$0,$0,$0,$0,$-18,$-0,$5,$5,$-5,$-5,$0,$1,$1,$-206,$2,$0
34,2010-01-31,40.75,$40.70,1.0,$435.70,0.09,$34.52,1.18,$3.52,11.58,$5.57B,$3.32B,1.68,$0.34B,$2.10B,0.16,$22.10B,$1.15B,5.21%,$22.10B,$0.26B,1.18%,$22.10B,$0.26B,1.18%,$22.10B,$0.31B,1.38%,$22.10B,$0.23B,1.06%,$22.10B,$0.18B,0.81%,$0.18B,$2.10B,9.03%,$0.18B,$2.10B,9.03%,$0.18B,$5.83B,3.24%,$0.26B,$2.43B,11.16%,$6283,$5957,$326,$0,$234,$6190,$93,$-5,$87,$16,$71,$71,$70,$105,$93,$51,51,$1.39,$1.37,$1117,$1705,$0,$5572,$91,$0,$0,$168,$259,$5830,$3321,$338,$76,$414,$3736,$0,$1239,$360,$2095,$5830,$181,$46,$29,$75,$-168,$117,$328,$21,$279,$535,$-9,$-14,$-8,$0,$0,$0,$0,$-32,$-6,$-19,$-25,$38,$38,$0,$24,$37,$580,$11,$0
35,2009-10-31,38.43,$40.96,0.94,$423.28,0.09,$29.28,1.31,$3.34,11.51,$5.85B,$3.63B,1.61,$0.34B,$2.08B,0.16,$21.53B,$1.12B,5.18%,$21.53B,$0.24B,1.09%,$21.53B,$0.24B,1.09%,$21.53B,$0.28B,1.30%,$21.53B,$0.23B,1.07%,$21.53B,$0.17B,0.78%,$0.17B,$2.08B,8.77%,$0.17B,$2.08B,8.77%,$0.17B,$6.12B,3.12%,$0.24B,$2.42B,10.50%,$5642,$5346,$296,$0,$231,$5577,$65,$-6,$59,$16,$43,$43,$43,$77,$65,$51,51,$0.85,$0.84,$1236,$1697,$0,$5854,$93,$0,$0,$173,$266,$6120,$3629,$336,$71,$407,$4036,$0,$1169,$442,$2084,$6120,$110,$34,$24,$58,$-181,$173,$399,$24,$420,$588,$-3,$-8,$-8,$0,$0,$0,$0,$-19,$-6,$31,$25,$19,$19,$0,$21,$64,$708,$9,$0
36,2009-07-31,34.93,$39.38,0.89,$434.82,0.08,$19.61,1.78,$2.87,12.17,$5.08B,$2.96B,1.72,$0.33B,$1.98B,0.17,$22.02B,$1.12B,5.08%,$22.02B,$0.23B,1.04%,$22.02B,$0.23B,1.04%,$22.02B,$0.27B,1.24%,$22.02B,$0.20B,0.90%,$22.02B,$0.14B,0.64%,$0.14B,$1.98B,7.82%,$0.14B,$1.98B,7.83%,$0.14B,$5.34B,2.73%,$0.23B,$2.31B,10.68%,$5184,$4915,$269,$0,$215,$5130,$54,$-7,$47,$12,$35,$35,$35,$65,$54,$50,50,$0.70,$0.70,$1066,$1505,$0,$5075,$93,$0,$0,$170,$264,$5339,$2957,$333,$69,$403,$3359,$0,$1126,$400,$1979,$5339,$67,$22,$13,$36,$199,$342,$-113,$27,$423,$526,$-1,$-5,$-8,$0,$0,$0,$0,$-14,$-5,$-21,$-27,$1,$1,$0,$3,$-22,$538,$6,$0
37,2009-04-30,28.79,$36.17,0.8,$449.70,0.06,$11.69,2.46,$2.62,10.99,$4.66B,$2.69B,1.73,$0.33B,$1.82B,0.18,$23.01B,$1.15B,4.99%,$23.01B,$0.22B,0.94%,$23.01B,$0.22B,0.94%,$23.01B,$0.27B,1.15%,$23.01B,$0.18B,0.80%,$23.01B,$0.13B,0.56%,$0.13B,$1.82B,7.12%,$0.13B,$1.82B,7.15%,$0.13B,$4.91B,2.45%,$0.22B,$2.15B,10.11%,$4991,$4730,$261,$0,$213,$4943,$48,$-6,$41,$10,$32,$32,$32,$59,$48,$50,50,$0.63,$0.63,$635,$1566,$0,$4656,$99,$0,$0,$153,$252,$4908,$2689,$334,$70,$403,$3092,$0,$1091,$275,$1816,$4908,$32,$11,$8,$19,$114,$196,$-221,$-5,$65,$115,$2,$-2,$-3,$0,$0,$0,$0,$-4,$-1,$-15,$-16,$1,$1,$0,$0,$-15,$107,$3,$0
38,2009-01-31,18.11,$34.82,0.52,$464.57,0.04,$9.91,1.83,$2.42,7.48,$4.77B,$2.88B,1.66,$0.33B,$1.74B,0.19,$24.08B,$1.18B,4.91%,$24.08B,$0.21B,0.88%,$24.08B,$0.21B,0.88%,$24.08B,$0.26B,1.09%,$24.08B,$0.18B,0.74%,$24.08B,$0.12B,0.49%,$0.12B,$1.74B,6.34%,$0.12B,$1.74B,6.37%,$0.12B,$5.02B,2.18%,$0.21B,$2.07B,9.59%,$5713,$5422,$290,$0,$223,$5645,$68,$16,$84,$26,$57,$57,$57,$79,$68,$51,51,$1.14,$1.13,$528,$1729,$0,$4772,$103,$0,$0,$148,$251,$5023,$2880,$331,$70,$401,$3281,$0,$1059,$235,$1742,$5023,$117,$51,$54,$105,$-86,$-262,$375,$-19,$58,$280,$-17,$-15,$-78,$0,$0,$0,$0,$-111,$-2,$43,$41,$-98,$-98,$0,$11,$-47,$81,$12,$0
39,2008-10-31,21.45,$33.56,0.64,$470.92,0.05,$10.89,1.97,$2.17,9.88,$5.15B,$3.31B,1.56,$0.36B,$1.68B,0.22,$24.85B,$1.21B,4.88%,$24.85B,$0.22B,0.87%,$24.85B,$0.22B,0.87%,$24.85B,$0.28B,1.13%,$24.85B,$0.15B,0.59%,$24.85B,$0.10B,0.42%,$0.10B,$1.68B,5.50%,$0.10B,$1.66B,5.53%,$0.10B,$5.41B,1.92%,$0.22B,$2.04B,9.54%,$6136,$5838,$298,$0,$239,$6077,$59,$-33,$26,$10,$17,$17,$17,$71,$59,$50,50,$0.33,$0.33,$385,$1956,$0,$5148,$108,$0,$15,$140,$263,$5411,$3310,$361,$61,$422,$3732,$0,$1014,$254,$1678,$5411,$60,$40,$29,$69,$-311,$-458,$734,$-23,$-26,$103,$-14,$-13,$-68,$0,$0,$0,$0,$-95,$-1,$63,$61,$-99,$-99,$0,$1,$-36,$-62,$9,$0
40,2008-07-31,34.87,$38.76,0.9,$455.39,0.08,$14.24,2.45,$2.53,13.78,$5.23B,$3.16B,1.66,$0.36B,$1.96B,0.19,$24.64B,$1.20B,4.87%,$24.64B,$0.22B,0.88%,$24.64B,$0.22B,0.88%,$24.64B,$0.28B,1.14%,$24.64B,$0.18B,0.73%,$24.64B,$0.13B,0.52%,$0.13B,$1.96B,6.54%,$0.13B,$1.94B,6.56%,$0.13B,$5.55B,2.35%,$0.22B,$2.32B,9.31%,$6166,$5867,$299,$0,$257,$6124,$42,$-9,$33,$12,$21,$21,$22,$56,$42,$52,52,$0.42,$0.42,$468,$1814,$0,$5227,$128,$0,$18,$172,$318,$5545,$3158,$364,$65,$429,$3588,$0,$995,$538,$1957,$5545,$41,$28,$19,$46,$-10,$-64,$172,$-16,$52,$140,$-9,$-9,$-68,$0,$0,$0,$0,$-86,$-1,$37,$36,$-82,$-82,$0,$1,$-45,$21,$6,$0
41,2008-04-30,33.61,$37.99,0.88,$438.95,0.08,$19.31,1.74,$2.21,15.21,$5.23B,$3.11B,1.69,$0.36B,$2.01B,0.18,$24.09B,$1.17B,4.87%,$24.09B,$0.20B,0.83%,$24.09B,$0.20B,0.83%,$24.09B,$0.27B,1.10%,$24.09B,$0.17B,0.71%,$24.09B,$0.11B,0.47%,$0.11B,$2.01B,5.89%,$0.11B,$2.01B,5.89%,$0.11B,$5.53B,2.14%,$0.20B,$2.37B,8.80%,$6066,$5771,$295,$0,$252,$6023,$42,$-8,$34,$14,$20,$20,$21,$56,$42,$53,53,$0.40,$0.40,$521,$1758,$0,$5232,$129,$0,$3,$165,$298,$5530,$3105,$364,$53,$417,$3522,$0,$972,$533,$2008,$5530,$21,$14,$7,$21,$-29,$-69,$120,$-5,$-9,$33,$-4,$-4,$0,$0,$0,$0,$0,$-8,$-1,$37,$36,$0,$0,$0,$1,$37,$73,$3,$0
42,2008-01-31,34.38,$36.38,0.94,$422.37,0.08,$22.87,1.5,$1.96,17.54,$4.92B,$2.88B,1.71,$0.36B,$1.92B,0.19,$23.42B,$1.13B,4.84%,$23.42B,$0.19B,0.81%,$23.42B,$0.19B,0.81%,$23.42B,$0.25B,1.08%,$23.42B,$0.16B,0.68%,$23.42B,$0.10B,0.44%,$0.10B,$1.92B,5.47%,$0.10B,$1.92B,5.48%,$0.10B,$5.22B,2.00%,$0.19B,$2.28B,8.48%,$6484,$6163,$321,$0,$247,$6411,$72,$-18,$54,$12,$42,$40,$44,$97,$72,$55,55,$0.81,$0.81,$447,$1642,$0,$4923,$129,$0,$0,$169,$298,$5221,$2879,$364,$58,$422,$3300,$0,$949,$471,$1921,$5221,$102,$64,$35,$99,$57,$58,$84,$-41,$156,$357,$-21,$-17,$-14,$0,$0,$0,$0,$-53,$-2,$-56,$-59,$-87,$-87,$0,$9,$-137,$182,$10,$0
43,2007-10-31,39.33,$34.95,1.13,$416.14,0.09,$16.03,2.45,$1.70,23.14,$5.20B,$3.16B,1.65,$0.36B,$1.94B,0.19,$23.06B,$1.11B,4.81%,$23.06B,$0.18B,0.79%,$23.06B,$0.18B,0.79%,$23.06B,$0.23B,1.01%,$23.06B,$0.16B,0.68%,$23.06B,$0.09B,0.41%,$0.09B,$1.94B,5.19%,$0.09B,$1.94B,5.20%,$0.09B,$5.51B,1.89%,$0.18B,$2.30B,8.42%,$5924,$5640,$284,$0,$224,$5864,$60,$-0,$59,$19,$40,$41,$41,$73,$60,$55,56,$0.74,$0.73,$526,$1769,$0,$5204,$130,$0,$3,$168,$301,$5506,$3155,$364,$49,$413,$3568,$0,$898,$443,$1938,$5506,$58,$40,$29,$69,$-55,$-88,$333,$-46,$175,$302,$-16,$-13,$-14,$0,$0,$0,$0,$-44,$-2,$-17,$-20,$12,$12,$0,$7,$-1,$261,$8,$0
44,2007-07-31,37.47,$32.81,1.14,$409.39,0.09,$13.09,2.86,$1.15,32.58,$4.58B,$2.65B,1.73,$0.36B,$1.81B,0.2,$22.57B,$1.07B,4.75%,$22.57B,$0.16B,0.69%,$22.57B,$0.16B,0.69%,$22.57B,$0.21B,0.92%,$22.57B,$0.12B,0.54%,$22.57B,$0.06B,0.28%,$0.06B,$1.81B,3.64%,$0.06B,$1.81B,3.64%,$0.06B,$4.87B,1.34%,$0.16B,$2.18B,7.72%,$5613,$5339,$274,$0,$227,$5587,$27,$-4,$23,$17,$6,$7,$7,$39,$27,$55,55,$0.13,$0.13,$617,$1489,$0,$4582,$134,$0,$3,$152,$289,$4871,$2653,$364,$43,$406,$3059,$0,$857,$366,$1812,$4871,$17,$26,$23,$49,$246,$126,$41,$-27,$364,$430,$-10,$-8,$0,$0,$0,$0,$0,$-18,$-2,$-62,$-63,$6,$6,$0,$1,$-56,$352,$5,$0
45,2007-04-30,35.54,$32.49,1.09,$397.60,0.09,$11.08,3.21,$-1.79,0.0,$4.49B,$2.59B,1.73,$0.36B,$1.79B,0.2,$21.90B,$1.03B,4.68%,$21.90B,$-0.00B,-0.01%,$21.90B,$-0.00B,-0.01%,$21.90B,$0.19B,0.85%,$21.90B,$-0.04B,-0.19%,$21.90B,$-0.10B,-0.46%,$-0.10B,$1.79B,-5.93%,$-0.10B,$1.78B,-5.94%,$-0.10B,$4.79B,-2.23%,$-0.00B,$2.15B,-0.16%,$5402,$5147,$255,$0,$217,$5372,$30,$-6,$23,$14,$10,$10,$10,$43,$30,$55,55,$0.18,$0.18,$454,$1490,$0,$4489,$141,$0,$3,$157,$301,$4790,$2593,$364,$47,$411,$3004,$0,$850,$357,$1786,$4790,$10,$13,$14,$27,$185,$118,$-51,$-53,$194,$231,$-4,$-4,$0,$0,$0,$0,$0,$-7,$-0,$-35,$-35,$1,$1,$0,$0,$-34,$189,$3,$0
46,2007-01-31,37.14,$31.00,1.2,$387.84,0.1,$8.93,4.16,$-1.74,0.0,$4.41B,$2.59B,1.7,$0.36B,$1.70B,0.21,$21.44B,$1.01B,4.70%,$21.44B,$-0.00B,-0.02%,$21.44B,$-0.00B,-0.02%,$21.44B,$0.19B,0.87%,$21.44B,$-0.05B,-0.21%,$21.44B,$-0.10B,-0.45%,$-0.10B,$1.70B,-5.74%,$-0.10B,$1.70B,-5.87%,$-0.10B,$4.70B,-2.22%,$-0.00B,$2.07B,-0.22%,$6122,$5825,$296,$0,$231,$6056,$66,$-14,$52,$16,$36,$36,$36,$79,$66,$55,55,$0.64,$0.64,$265,$1556,$0,$4408,$141,$0,$3,$152,$296,$4704,$2591,$364,$46,$410,$3001,$0,$841,$286,$1703,$4704,$-97,$189,$32,$221,$-242,$26,$22,$6,$-138,$-14,$-28,$-12,$17,$0,$0,$0,$0,$-24,$341,$-165,$176,$-55,$-55,$0,$1,$122,$108,$8,$0
47,2006-10-31,39.35,$29.90,1.32,$371.49,0.11,$13.54,2.91,$-1.88,0.0,$4.17B,$2.77B,1.51,$0.01B,$1.63B,0.01,$20.85B,$0.98B,4.69%,$20.85B,$-0.02B,-0.07%,$20.85B,$-0.02B,-0.07%,$20.85B,$0.18B,0.84%,$20.85B,$-0.05B,-0.25%,$20.85B,$-0.10B,-0.49%,$-0.10B,$1.63B,-6.05%,$-0.10B,$1.63B,-6.30%,$-0.10B,$4.45B,-2.40%,$-0.02B,$1.64B,-0.87%,$5431,$5184,$248,$0,$209,$5399,$32,$-9,$23,$14,$10,$10,$10,$46,$32,$55,55,$0.18,$0.18,$129,$1573,$0,$4169,$140,$0,$3,$134,$277,$4446,$2765,$14,$39,$53,$2817,$0,$805,$266,$1628,$4446,$-133,$176,$24,$200,$-118,$-3,$186,$-4,$76,$144,$-24,$-8,$17,$0,$0,$0,$0,$-16,$-1,$-102,$-103,$-68,$-68,$0,$0,$-170,$-28,$6,$0
