,Date,Stock Price,Book Value per Share,Price to Book Ratio,TTM Sales per Share,Price to Sales Ratio,TTM FCF per Share,Price to FCF Ratio,TTM Net EPS,PE Ratio,Current Assets,Current Liabilities,Current Ratio,Long Term Debt,Shareholder's Equity_x,Debt to Equity Ratio,TTM Revenue_x,TTM Gross Profit,Gross Margin,TTM Revenue_y,TTM Operating Income,Operating Margin,TTM Revenue_x,TTM EBIT,EBIT Margin,TTM Revenue_y,TTM EBITDA,EBITDA Margin,TTM Revenue_x,TTM Pre-Tax Income,Pre-Tax Margin,TTM Revenue_y,TTM Net Income_x,Net Margin,TTM Net Income_y,Shareholder's Equity_y,Return on Equity,TTM Net Income_x,Tangible Equity,Return on Tangible Equity,TTM Net Income_y,Total Assets,Return on Assets,TTM Net Income,LT Investments & Debt,Return on Investment,revenue,cost-goods-sold,gross-profit,research-development-expenses,selling-general-administrative-expenses,operating-expenses,operating-income,total-non-operating-income-expense,pre-tax-income,total-provision-income-taxes,income-after-taxes,income-from-continuous-operations,net-income,ebitda,ebit,basic-shares-outstanding,shares-outstanding,eps-basic-net-earnings-per-share,eps-earnings-per-share-diluted,cash-on-hand,inventory,other-current-assets,total-current-assets,net-property-plant-equipment,long-term-investments,goodwill-intangible-assets-total,other-long-term-assets,total-long-term-assets,total-assets,total-current-liabilities,long-term-debt,other-non-current-liabilities,total-long-term-liabilities,total-liabilities,common-stock-net,retained-earnings-accumulated-deficit,comprehensive-income,total-share-holder-equity,total-liabilities-share-holders-equity,net-income-loss,total-depreciation-amortization-cash-flow,other-non-cash-items,total-non-cash-items,change-in-accounts-receivable,change-in-inventories,change-in-accounts-payable,change-in-assets-liabilities,total-change-in-assets-liabilities,cash-flow-from-operating-activities,net-change-in-property-plant-equipment,net-change-in-intangible-assets,net-acquisitions-divestitures,net-change-in-short-term-investments,net-change-in-long-term-investments,net-change-in-investments-total,investing-activities-other,cash-flow-from-investing-activities,net-long-term-debt,net-current-debt,debt-issuance-retirement-net-total,net-common-equity-issued-repurchased,net-total-equity-issued-repurchased,total-common-preferred-stock-dividends-paid,financial-activities-other,cash-flow-from-financial-activities,net-cash-flow,stock-based-compensation,common-stock-dividends-paid
0,2018-09-30,204.11,$29.35,6.95,$17.30,11.8,$9.11,22.4,$3.33,61.29,$0.38B,$0.08B,4.59,$0.55B,$1.11B,0.5,$0.66B,$0.44B,66.87%,$0.66B,$0.14B,20.57%,$0.66B,$0.14B,20.57%,$0.66B,$0.20B,30.86%,$0.66B,$0.12B,18.31%,$0.66B,$0.13B,19.36%,$0.13B,$1.11B,12.06%,$0.13B,$-0.23B,-233.79%,$0.13B,$1.87B,7.71%,$0.14B,$1.66B,9.24%,$163,$55,$108,$15,$67,$137,$26,$-8,$18,$0,$17,$17,$17,$45,$26,$38,39,$0.46,$0.45,$164,$91,$14,$383,$147,$0,$1337,$5,$1489,$1872,$83,$549,$16,$679,$763,$0,$905,$-71,$1109,$1872,$17,$19,$11,$30,$3,$-7,$8,$-1,$-10,$39,$-4,$0,$-272,$-12,$0,$-12,$0,$-288,$223,$0,$223,$16,$16,$-12,$-5,$223,$-27,$12,$-12
1,2018-06-30,147.69,$28.69,5.15,$16.94,8.72,$9.25,15.97,$3.30,44.75,$0.40B,$0.08B,5.01,$0.34B,$1.08B,0.31,$0.64B,$0.43B,67.19%,$0.64B,$0.14B,21.15%,$0.64B,$0.14B,21.15%,$0.64B,$0.20B,31.10%,$0.64B,$0.13B,19.60%,$0.64B,$0.13B,19.75%,$0.13B,$1.08B,12.41%,$0.13B,$0.04B,-725.71%,$0.13B,$1.59B,8.07%,$0.14B,$1.42B,9.84%,$180,$58,$122,$14,$65,$137,$43,$13,$56,$15,$42,$42,$42,$60,$43,$37,38,$1.11,$1.08,$182,$86,$11,$398,$145,$0,$1044,$5,$1195,$1593,$80,$339,$9,$435,$514,$0,$877,$-45,$1079,$1593,$126,$64,$-23,$42,$-3,$-13,$5,$3,$2,$170,$-21,$0,$-68,$28,$22,$49,$1,$-39,$0,$-5,$-5,$19,$19,$-48,$-66,$-99,$30,$28,$-48
2,2018-03-31,150.45,$28.19,5.34,$16.37,9.19,$8.75,17.2,$3.00,50.15,$0.39B,$0.07B,5.55,$0.39B,$1.06B,0.37,$0.62B,$0.41B,66.45%,$0.62B,$0.13B,21.45%,$0.62B,$0.13B,21.45%,$0.62B,$0.20B,31.45%,$0.62B,$0.11B,17.42%,$0.62B,$0.11B,18.23%,$0.11B,$1.06B,11.40%,$0.11B,$0.00B,-243.01%,$0.11B,$1.62B,7.22%,$0.13B,$1.45B,9.85%,$164,$54,$110,$14,$53,$121,$43,$-18,$25,$5,$20,$20,$20,$59,$43,$38,38,$0.53,$0.52,$176,$89,$0,$394,$143,$0,$1054,$27,$1224,$1618,$71,$393,$9,$489,$560,$0,$847,$-16,$1058,$1618,$84,$47,$-22,$25,$9,$-12,$2,$1,$-6,$106,$-15,$0,$-65,$4,$0,$4,$0,$-77,$0,$49,$49,$14,$14,$-36,$-63,$-36,$-5,$14,$-36
3,2017-12-31,128.76,$26.63,4.84,$15.92,8.09,$8.61,14.96,$3.05,42.22,$0.35B,$0.11B,3.1,$0.36B,$1.00B,0.36,$0.60B,$0.40B,66.50%,$0.60B,$0.12B,20.67%,$0.60B,$0.12B,20.67%,$0.60B,$0.19B,31.00%,$0.60B,$0.11B,19.00%,$0.60B,$0.12B,19.17%,$0.12B,$1.00B,12.05%,$0.12B,$-0.03B,-137.31%,$0.12B,$1.56B,7.45%,$0.12B,$1.36B,9.53%,$154,$52,$102,$14,$64,$130,$24,$-2,$22,$-27,$49,$49,$49,$40,$24,$37,38,$1.30,$1.29,$162,$68,$0,$346,$138,$0,$1027,$43,$1209,$1555,$112,$363,$9,$446,$558,$0,$840,$-57,$998,$1555,$65,$31,$-14,$17,$19,$-8,$-5,$1,$1,$84,$-12,$0,$-11,$4,$0,$4,$0,$-19,$0,$19,$19,$7,$7,$-24,$-37,$-35,$30,$9,$-24
4,2017-09-30,119.84,$25.66,4.67,$15.37,7.8,$8.37,14.32,$1.93,62.09,$0.31B,$0.11B,2.87,$0.34B,$0.96B,0.35,$0.58B,$0.39B,66.61%,$0.58B,$0.12B,20.42%,$0.58B,$0.12B,20.42%,$0.58B,$0.18B,30.97%,$0.58B,$0.11B,18.51%,$0.58B,$0.07B,12.63%,$0.07B,$0.96B,7.87%,$0.07B,$-0.08B,-62.66%,$0.07B,$1.53B,4.76%,$0.12B,$1.30B,9.30%,$145,$47,$98,$14,$58,$119,$26,$-3,$23,$7,$16,$16,$16,$41,$26,$37,38,$0.42,$0.42,$123,$67,$0,$307,$137,$0,$1039,$45,$1220,$1527,$107,$338,$6,$461,$568,$0,$802,$-50,$960,$1527,$16,$15,$9,$25,$-1,$-5,$10,$0,$4,$45,$-5,$0,$-11,$4,$0,$4,$0,$-12,$-6,$0,$-6,$4,$4,$-12,$-37,$-51,$-19,$4,$-12
5,2017-06-30,116.17,$25.42,4.57,$15.02,7.73,$7.96,14.59,$1.94,59.88,$0.35B,$0.14B,2.57,$0.34B,$0.95B,0.36,$0.56B,$0.37B,66.31%,$0.56B,$0.12B,21.45%,$0.56B,$0.12B,21.45%,$0.56B,$0.18B,32.09%,$0.56B,$0.11B,19.86%,$0.56B,$0.08B,13.48%,$0.08B,$0.95B,8.34%,$0.08B,$-0.08B,-54.19%,$0.08B,$1.56B,4.96%,$0.12B,$1.29B,9.65%,$157,$54,$102,$14,$49,$117,$40,$-2,$38,$10,$28,$28,$28,$55,$40,$37,38,$0.74,$0.74,$158,$60,$13,$348,$135,$0,$1031,$44,$1210,$1558,$136,$344,$9,$473,$609,$0,$799,$-49,$950,$1558,$76,$60,$21,$81,$-20,$-1,$6,$-2,$-15,$144,$-15,$0,$-254,$3,$-40,$-37,$0,$-306,$0,$252,$252,$5,$5,$-47,$-21,$189,$27,$15,$-47
6,2017-03-31,100.2,$24.32,4.12,$14.45,6.93,$7.94,12.62,$1.86,53.87,$0.31B,$0.14B,2.15,$0.34B,$0.91B,0.38,$0.54B,$0.36B,66.79%,$0.54B,$0.12B,22.32%,$0.54B,$0.12B,22.32%,$0.54B,$0.18B,32.66%,$0.54B,$0.11B,20.66%,$0.54B,$0.07B,13.65%,$0.07B,$0.91B,8.28%,$0.07B,$-0.15B,-86.55%,$0.07B,$1.53B,5.19%,$0.12B,$1.25B,10.31%,$144,$47,$97,$14,$49,$111,$34,$-2,$31,$9,$22,$22,$22,$50,$34,$37,37,$0.59,$0.59,$114,$64,$0,$306,$132,$0,$1052,$43,$1227,$1533,$142,$344,$8,$483,$626,$0,$779,$-65,$908,$1533,$48,$45,$14,$59,$-20,$-4,$7,$-2,$-14,$93,$-9,$0,$-254,$2,$-40,$-38,$0,$-301,$0,$252,$252,$4,$4,$-36,$-14,$206,$-4,$11,$-36
7,2016-12-31,101.06,$23.87,4.23,$14.12,7.16,$8.22,12.29,$2.10,48.12,$0.29B,$0.12B,2.44,$0.34B,$0.89B,0.39,$0.53B,$0.36B,67.11%,$0.53B,$0.13B,24.76%,$0.53B,$0.13B,24.76%,$0.53B,$0.18B,34.22%,$0.53B,$0.12B,23.25%,$0.53B,$0.08B,15.50%,$0.08B,$0.89B,9.32%,$0.08B,$-0.16B,-348.94%,$0.08B,$1.52B,6.20%,$0.13B,$1.23B,11.76%,$132,$44,$88,$13,$57,$114,$18,$-3,$15,$8,$7,$7,$7,$33,$18,$37,37,$0.20,$0.20,$115,$66,$0,$294,$132,$0,$1051,$43,$1226,$1520,$120,$344,$32,$509,$629,$0,$769,$-67,$891,$1520,$26,$29,$17,$47,$-6,$-2,$5,$0,$-4,$68,$-5,$0,$-256,$-0,$-40,$-40,$0,$-301,$0,$252,$252,$2,$2,$-24,$0,$230,$-5,$7,$-24
8,2016-09-30,107.28,$24.00,4.47,$13.85,7.75,$8.15,13.17,$2.62,40.95,$0.31B,$0.11B,2.9,$0.34B,$0.90B,0.38,$0.52B,$0.35B,67.37%,$0.52B,$0.15B,28.76%,$0.52B,$0.15B,28.76%,$0.52B,$0.20B,37.64%,$0.52B,$0.14B,27.61%,$0.52B,$0.10B,19.50%,$0.10B,$0.90B,11.60%,$0.10B,$-0.17B,219.57%,$0.10B,$1.52B,8.24%,$0.15B,$1.24B,14.06%,$131,$43,$87,$13,$45,$101,$29,$-1,$28,$9,$19,$19,$19,$43,$29,$37,37,$0.51,$0.50,$122,$71,$0,$310,$134,$0,$1069,$4,$1207,$1517,$107,$344,$36,$515,$622,$0,$775,$-64,$895,$1517,$19,$14,$5,$19,$-10,$-2,$4,$1,$-10,$26,$-2,$0,$-253,$-7,$0,$-7,$0,$-262,$0,$252,$252,$2,$2,$-12,$0,$242,$5,$3,$-12
9,2016-06-30,110.15,$23.60,4.67,$13.37,8.24,$8.20,13.43,$2.80,39.34,$0.25B,$0.05B,4.69,$0.09B,$0.88B,0.1,$0.50B,$0.34B,67.54%,$0.50B,$0.15B,30.26%,$0.50B,$0.15B,30.26%,$0.50B,$0.19B,38.88%,$0.50B,$0.15B,29.46%,$0.50B,$0.11B,21.04%,$0.11B,$0.88B,12.26%,$0.11B,$0.14B,94.81%,$0.11B,$1.13B,9.31%,$0.15B,$0.97B,15.09%,$135,$45,$90,$12,$38,$95,$40,$-2,$38,$12,$26,$26,$26,$51,$40,$37,37,$0.69,$0.69,$96,$57,$8,$254,$132,$0,$741,$2,$876,$1130,$54,$92,$42,$196,$250,$0,$771,$-70,$879,$1130,$104,$43,$12,$55,$-23,$-7,$9,$-0,$-15,$144,$-17,$0,$-91,$1,$0,$1,$-0,$-108,$0,$19,$19,$5,$5,$-48,$0,$-23,$10,$9,$-48
10,2016-03-31,92.04,$22.93,4.01,$12.92,7.12,$8.00,11.5,$2.82,32.64,$0.24B,$0.05B,5.08,$0.16B,$0.85B,0.19,$0.48B,$0.33B,67.63%,$0.48B,$0.15B,30.91%,$0.48B,$0.15B,30.91%,$0.48B,$0.19B,39.42%,$0.48B,$0.15B,30.50%,$0.48B,$0.11B,21.78%,$0.11B,$0.85B,12.37%,$0.11B,$0.10B,89.74%,$0.11B,$1.12B,9.45%,$0.15B,$1.01B,15.08%,$131,$41,$90,$11,$35,$87,$44,$-1,$42,$12,$30,$30,$30,$54,$44,$37,37,$0.81,$0.81,$85,$57,$0,$237,$134,$0,$750,$1,$885,$1122,$47,$158,$3,$222,$269,$0,$757,$-76,$853,$1122,$79,$32,$9,$41,$-15,$-4,$5,$-1,$-12,$108,$-14,$0,$-91,$1,$0,$1,$0,$-104,$0,$43,$43,$2,$2,$-36,$0,$9,$11,$7,$-36
11,2015-12-31,87.31,$23.03,3.79,$12.48,7.0,$7.88,11.07,$2.66,32.82,$0.26B,$0.04B,7.21,$0.16B,$0.86B,0.19,$0.47B,$0.32B,67.74%,$0.47B,$0.14B,30.97%,$0.47B,$0.14B,30.97%,$0.47B,$0.19B,39.78%,$0.47B,$0.14B,30.97%,$0.47B,$0.10B,21.29%,$0.10B,$0.86B,11.78%,$0.10B,$0.12B,78.88%,$0.10B,$1.13B,8.94%,$0.14B,$1.02B,14.72%,$121,$39,$82,$11,$35,$85,$36,$-1,$35,$10,$26,$26,$26,$47,$36,$37,37,$0.70,$0.69,$114,$59,$0,$258,$134,$0,$739,$2,$875,$1133,$36,$163,$3,$241,$277,$0,$739,$-52,$856,$1133,$49,$21,$5,$27,$5,$-5,$-2,$-2,$-5,$70,$-11,$0,$-83,$4,$0,$4,$0,$-90,$0,$51,$51,$1,$1,$-24,$0,$28,$8,$4,$-24
12,2015-09-30,89.38,$22.54,3.97,$12.24,7.3,$8.00,11.18,$2.86,31.25,$0.24B,$0.05B,5.35,$0.16B,$0.84B,0.2,$0.46B,$0.31B,67.76%,$0.46B,$0.14B,31.36%,$0.46B,$0.14B,31.36%,$0.46B,$0.18B,39.91%,$0.46B,$0.15B,33.33%,$0.46B,$0.11B,23.25%,$0.11B,$0.84B,12.75%,$0.11B,$0.09B,86.35%,$0.11B,$1.13B,9.61%,$0.14B,$1.00B,14.80%,$112,$37,$75,$11,$33,$81,$31,$1,$32,$9,$23,$23,$23,$42,$31,$37,37,$0.61,$0.61,$87,$59,$0,$241,$133,$0,$753,$2,$887,$1128,$45,$164,$3,$245,$290,$0,$725,$-54,$838,$1128,$23,$11,$2,$13,$-4,$-3,$-0,$-1,$-4,$32,$-6,$0,$-83,$4,$0,$4,$0,$-85,$0,$53,$53,$1,$1,$-12,$0,$42,$-6,$2,$-12
13,2015-06-30,94.9,$22.80,4.16,$12.15,7.81,$8.14,11.66,$2.89,32.84,$0.25B,$0.04B,6.24,$0.07B,$0.85B,0.09,$0.45B,$0.31B,67.92%,$0.45B,$0.15B,32.52%,$0.45B,$0.15B,32.52%,$0.45B,$0.18B,40.71%,$0.45B,$0.16B,34.29%,$0.45B,$0.11B,23.67%,$0.11B,$0.85B,13.04%,$0.11B,$0.16B,72.91%,$0.11B,$1.06B,9.94%,$0.15B,$0.92B,15.57%,$118,$39,$79,$11,$30,$80,$38,$0,$38,$12,$26,$26,$26,$47,$38,$37,37,$0.70,$0.71,$111,$50,$6,$248,$130,$0,$683,$2,$815,$1063,$40,$73,$42,$177,$216,$0,$714,$-31,$847,$1063,$108,$37,$6,$43,$-12,$-5,$2,$-1,$-11,$139,$-20,$0,$-420,$13,$0,$13,$0,$-426,$0,$68,$68,$10,$10,$-47,$1,$31,$-264,$6,$-47
14,2015-03-31,96.34,$22.07,4.36,$11.49,8.38,$8.25,11.68,$2.90,33.22,$0.30B,$0.04B,7.65,$0.15B,$0.82B,0.19,$0.43B,$0.29B,68.38%,$0.43B,$0.15B,34.66%,$0.43B,$0.15B,34.66%,$0.43B,$0.18B,42.39%,$0.43B,$0.16B,36.53%,$0.43B,$0.11B,25.29%,$0.11B,$0.82B,13.38%,$0.11B,$0.14B,45.05%,$0.11B,$1.10B,10.53%,$0.15B,$0.97B,16.21%,$114,$35,$79,$11,$29,$75,$39,$-1,$39,$14,$24,$24,$24,$49,$39,$37,37,$0.65,$0.65,$160,$51,$0,$295,$124,$0,$683,$2,$810,$1104,$39,$152,$37,$246,$284,$0,$699,$-42,$820,$1104,$81,$28,$1,$29,$-7,$-5,$1,$-1,$-8,$102,$-13,$0,$-420,$12,$0,$12,$0,$-421,$0,$142,$142,$10,$10,$-35,$0,$117,$-212,$5,$-35
15,2014-12-31,88.45,$22.11,4.0,$11.01,8.04,$8.21,10.78,$3.10,28.53,$0.27B,$0.04B,6.18,$0.15B,$0.82B,0.18,$0.41B,$0.28B,68.70%,$0.41B,$0.16B,37.90%,$0.41B,$0.16B,37.90%,$0.41B,$0.18B,44.74%,$0.41B,$0.16B,39.85%,$0.41B,$0.12B,28.36%,$0.12B,$0.82B,14.56%,$0.12B,$0.11B,34.17%,$0.12B,$1.12B,12.11%,$0.16B,$0.97B,17.94%,$112,$36,$76,$10,$31,$77,$35,$8,$43,$9,$33,$33,$33,$44,$35,$37,37,$0.90,$0.89,$140,$53,$0,$274,$125,$4,$715,$2,$845,$1119,$44,$151,$37,$254,$298,$0,$687,$-24,$821,$1119,$57,$18,$-2,$17,$2,$-4,$1,$-1,$-3,$71,$-8,$0,$-420,$10,$0,$10,$0,$-418,$0,$144,$144,$7,$7,$-23,$0,$128,$-226,$3,$-23
16,2014-09-30,89.24,$21.43,4.16,$10.27,8.69,$8.03,11.12,$2.89,30.88,$0.27B,$0.04B,6.6,$0.12B,$0.79B,0.15,$0.38B,$0.26B,69.29%,$0.38B,$0.16B,40.94%,$0.38B,$0.16B,40.94%,$0.38B,$0.18B,47.24%,$0.38B,$0.16B,40.94%,$0.38B,$0.11B,28.35%,$0.11B,$0.79B,13.87%,$0.11B,$0.18B,24.57%,$0.11B,$1.02B,12.30%,$0.16B,$0.91B,19.30%,$108,$35,$73,$9,$29,$73,$35,$-1,$35,$11,$24,$24,$24,$44,$35,$37,37,$0.65,$0.64,$131,$52,$0,$268,$122,$14,$613,$2,$750,$1018,$41,$119,$1,$184,$225,$0,$666,$-23,$793,$1018,$24,$9,$3,$11,$0,$-2,$-1,$0,$0,$36,$-5,$0,$-360,$10,$0,$10,$0,$-355,$0,$112,$112,$2,$2,$-11,$0,$102,$-220,$1,$-11
17,2014-06-30,88.02,$21.49,4.1,$9.67,9.1,$7.98,11.03,$2.99,29.44,$0.47B,$0.03B,17.79,$0.00B,$0.80B,0.0,$0.36B,$0.25B,70.19%,$0.36B,$0.16B,44.57%,$0.36B,$0.16B,44.57%,$0.36B,$0.18B,49.86%,$0.36B,$0.16B,44.85%,$0.36B,$0.11B,30.92%,$0.11B,$0.80B,14.57%,$0.11B,$0.54B,21.56%,$0.11B,$0.86B,13.56%,$0.16B,$0.80B,21.00%,$93,$29,$64,$8,$17,$54,$39,$1,$39,$13,$27,$27,$27,$44,$39,$37,37,$0.73,$0.73,$363,$39,$3,$469,$117,$14,$260,$2,$393,$862,$26,$0,$7,$41,$67,$0,$653,$-5,$795,$862,$111,$19,$8,$27,$1,$-3,$1,$-1,$-2,$137,$-14,$0,$-109,$183,$-10,$173,$0,$50,$0,$0,$0,$8,$8,$-45,$0,$-37,$155,$4,$-45
18,2014-03-31,80.9,$21.04,3.84,$9.32,8.68,$7.40,10.94,$3.04,26.61,$0.32B,$0.02B,13.12,$0.00B,$0.78B,0.0,$0.35B,$0.25B,71.59%,$0.35B,$0.16B,46.67%,$0.35B,$0.16B,46.67%,$0.35B,$0.18B,51.59%,$0.35B,$0.16B,47.25%,$0.35B,$0.11B,32.46%,$0.11B,$0.78B,14.98%,$0.11B,$0.54B,20.96%,$0.11B,$0.83B,14.04%,$0.16B,$0.78B,21.53%,$96,$27,$68,$8,$15,$50,$46,$0,$46,$14,$32,$32,$32,$51,$46,$37,37,$0.86,$0.85,$220,$38,$0,$320,$117,$151,$241,$2,$511,$831,$24,$0,$0,$29,$54,$0,$638,$-4,$777,$831,$84,$14,$3,$17,$-7,$-1,$1,$-0,$-2,$99,$-12,$0,$-103,$1,$0,$1,$0,$-114,$0,$0,$0,$5,$5,$-34,$0,$-29,$-40,$3,$-34
19,2013-12-31,89.4,$20.28,4.41,$8.94,10.0,$7.12,12.56,$3.09,28.93,$0.28B,$0.02B,12.63,$0.00B,$0.75B,0.0,$0.33B,$0.24B,72.73%,$0.33B,$0.16B,48.18%,$0.33B,$0.16B,48.18%,$0.33B,$0.17B,52.73%,$0.33B,$0.16B,48.79%,$0.33B,$0.11B,34.24%,$0.11B,$0.75B,15.41%,$0.11B,$0.51B,20.60%,$0.11B,$0.80B,14.49%,$0.16B,$0.75B,21.68%,$84,$25,$59,$8,$15,$48,$36,$0,$36,$11,$25,$25,$25,$41,$36,$37,37,$0.68,$0.68,$187,$40,$0,$279,$115,$163,$243,$2,$523,$802,$22,$0,$0,$32,$54,$0,$618,$-10,$749,$802,$52,$9,$2,$11,$3,$-1,$-1,$0,$0,$64,$-7,$0,$-103,$-3,$0,$-3,$0,$-114,$0,$0,$0,$4,$4,$-22,$0,$-19,$-65,$2,$-22
20,2013-09-30,75.33,$19.72,3.82,$8.70,8.66,$6.94,10.85,$3.10,24.3,$0.28B,$0.02B,13.84,$0.00B,$0.73B,0.0,$0.32B,$0.24B,73.52%,$0.32B,$0.16B,49.84%,$0.32B,$0.16B,49.84%,$0.32B,$0.17B,53.89%,$0.32B,$0.16B,50.47%,$0.32B,$0.11B,35.20%,$0.11B,$0.73B,15.69%,$0.11B,$0.48B,20.09%,$0.11B,$0.78B,14.86%,$0.16B,$0.73B,22.22%,$86,$25,$61,$8,$14,$46,$39,$0,$40,$12,$27,$27,$27,$43,$39,$37,37,$0.74,$0.74,$185,$40,$0,$281,$113,$138,$244,$2,$499,$779,$20,$0,$0,$32,$53,$0,$604,$-14,$727,$779,$27,$4,$1,$5,$-0,$-0,$-1,$-0,$-0,$33,$-4,$0,$-103,$2,$0,$2,$-0,$-105,$0,$0,$0,$1,$1,$-11,$0,$-10,$-80,$1,$-11
21,2013-06-30,64.74,$20.02,3.23,$8.42,7.69,$6.89,9.4,$3.06,21.16,$0.41B,$0.03B,12.76,$0.00B,$0.74B,0.0,$0.31B,$0.23B,74.52%,$0.31B,$0.16B,51.29%,$0.31B,$0.16B,51.29%,$0.31B,$0.17B,55.16%,$0.31B,$0.16B,51.61%,$0.31B,$0.11B,36.13%,$0.11B,$0.74B,15.81%,$0.11B,$0.61B,19.34%,$0.11B,$0.78B,15.05%,$0.16B,$0.74B,22.44%,$79,$20,$59,$7,$12,$40,$40,$1,$41,$12,$28,$28,$28,$43,$40,$37,37,$0.77,$0.76,$333,$35,$0,$410,$109,$133,$125,$2,$369,$778,$32,$0,$0,$8,$41,$0,$588,$15,$738,$778,$113,$12,$3,$16,$-2,$-2,$0,$-0,$-5,$124,$-22,$0,$0,$-9,$0,$-9,$0,$-31,$0,$0,$0,$-1,$-1,$-43,$0,$-45,$47,$2,$-43
22,2013-03-31,63.31,$19.53,3.24,$8.39,7.55,$7.41,8.54,$3.03,20.89,$0.39B,$0.03B,12.01,$0.00B,$0.72B,0.0,$0.31B,$0.23B,74.52%,$0.31B,$0.16B,51.61%,$0.31B,$0.16B,51.61%,$0.31B,$0.17B,55.48%,$0.31B,$0.16B,51.61%,$0.31B,$0.11B,35.81%,$0.11B,$0.72B,16.03%,$0.11B,$0.59B,19.78%,$0.11B,$0.76B,15.22%,$0.16B,$0.72B,23.10%,$81,$20,$61,$7,$10,$37,$44,$1,$44,$11,$33,$33,$33,$47,$44,$37,37,$0.90,$0.90,$313,$36,$0,$390,$105,$136,$126,$3,$370,$760,$32,$0,$0,$8,$41,$0,$572,$13,$720,$760,$84,$9,$3,$12,$-2,$-2,$-0,$-0,$-3,$94,$-17,$0,$0,$-9,$0,$-9,$-1,$-26,$0,$0,$0,$0,$0,$-32,$0,$-32,$34,$1,$-32
23,2012-12-31,63.49,$18.85,3.37,$8.46,7.51,$7.62,8.33,$2.99,21.23,$0.36B,$0.02B,16.91,$0.00B,$0.70B,0.0,$0.31B,$0.23B,74.44%,$0.31B,$0.16B,51.76%,$0.31B,$0.16B,51.76%,$0.31B,$0.17B,55.59%,$0.31B,$0.16B,50.80%,$0.31B,$0.11B,35.14%,$0.11B,$0.70B,16.33%,$0.11B,$0.56B,20.35%,$0.11B,$0.73B,15.49%,$0.16B,$0.70B,24.05%,$75,$20,$55,$7,$11,$38,$37,$1,$37,$12,$25,$25,$25,$40,$37,$37,37,$0.69,$0.69,$286,$38,$0,$360,$101,$129,$132,$3,$365,$725,$21,$0,$0,$9,$30,$0,$550,$10,$695,$725,$51,$6,$2,$8,$4,$-1,$0,$-0,$1,$61,$-11,$0,$0,$-4,$0,$-4,$-0,$-15,$0,$0,$0,$0,$0,$-21,$0,$-21,$27,$1,$-21
24,2012-09-30,66.54,$18.48,3.6,$8.44,7.88,$7.67,8.68,$3.00,22.18,$0.35B,$0.02B,15.29,$0.00B,$0.68B,0.0,$0.31B,$0.23B,74.44%,$0.31B,$0.16B,52.08%,$0.31B,$0.16B,52.08%,$0.31B,$0.18B,55.91%,$0.31B,$0.16B,51.12%,$0.31B,$0.11B,35.46%,$0.11B,$0.68B,17.10%,$0.11B,$0.55B,21.51%,$0.11B,$0.71B,16.20%,$0.16B,$0.68B,25.11%,$75,$19,$56,$7,$10,$37,$38,$0,$38,$12,$26,$26,$26,$41,$38,$37,37,$0.70,$0.70,$273,$38,$0,$350,$95,$132,$133,$3,$362,$713,$23,$0,$0,$9,$32,$0,$536,$12,$681,$713,$26,$3,$1,$4,$1,$-1,$0,$-0,$-0,$29,$-3,$0,$0,$-3,$0,$-3,$-0,$-6,$0,$0,$0,$-0,$-0,$-10,$0,$-11,$14,$0,$-10
25,2012-06-30,68.36,$18.31,3.73,$8.49,8.05,$7.84,8.72,$3.04,22.49,$0.35B,$0.04B,9.69,$0.00B,$0.67B,0.0,$0.32B,$0.24B,74.37%,$0.32B,$0.17B,52.53%,$0.32B,$0.17B,52.53%,$0.32B,$0.18B,56.33%,$0.32B,$0.16B,51.58%,$0.32B,$0.11B,35.76%,$0.11B,$0.67B,18.04%,$0.11B,$0.54B,22.94%,$0.11B,$0.72B,17.02%,$0.17B,$0.67B,26.51%,$79,$20,$59,$7,$10,$37,$41,$-1,$41,$13,$27,$27,$27,$44,$41,$37,37,$0.74,$0.74,$269,$38,$0,$347,$94,$145,$132,$2,$373,$719,$36,$0,$0,$9,$45,$0,$520,$22,$674,$719,$112,$12,$6,$18,$-2,$-2,$2,$-0,$-4,$127,$-6,$0,$0,$-15,$0,$-15,$-0,$-22,$0,$0,$0,$-24,$-24,$-41,$0,$-65,$39,$2,$-41
26,2012-03-31,64.32,$17.49,3.68,$8.47,7.6,$7.90,8.14,$3.06,21.02,$0.31B,$0.03B,9.97,$0.00B,$0.64B,0.0,$0.32B,$0.24B,74.92%,$0.32B,$0.17B,53.33%,$0.32B,$0.17B,53.33%,$0.32B,$0.18B,56.83%,$0.32B,$0.17B,52.38%,$0.32B,$0.11B,36.19%,$0.11B,$0.64B,18.87%,$0.11B,$0.51B,24.32%,$0.11B,$0.68B,17.85%,$0.17B,$0.64B,27.80%,$84,$20,$63,$7,$10,$37,$46,$-3,$43,$11,$32,$32,$32,$49,$46,$37,37,$0.86,$0.86,$220,$40,$0,$306,$95,$147,$135,$2,$378,$684,$31,$0,$0,$9,$40,$0,$506,$7,$644,$684,$85,$9,$3,$13,$-5,$-2,$2,$-0,$-8,$89,$-5,$0,$0,$-14,$0,$-14,$-0,$-19,$0,$0,$0,$-22,$-22,$-31,$0,$-52,$18,$1,$-31
27,2011-12-31,62.37,$16.20,3.85,$8.25,7.56,$8.04,7.76,$3.04,20.52,$0.23B,$0.01B,16.09,$0.00B,$0.60B,0.0,$0.31B,$0.23B,75.90%,$0.31B,$0.17B,54.40%,$0.31B,$0.17B,54.40%,$0.31B,$0.18B,57.65%,$0.31B,$0.17B,54.40%,$0.31B,$0.11B,36.81%,$0.11B,$0.60B,19.32%,$0.11B,$0.46B,23.73%,$0.11B,$0.62B,18.43%,$0.17B,$0.60B,28.56%,$75,$19,$55,$7,$11,$37,$38,$0,$38,$12,$26,$26,$26,$41,$38,$37,37,$0.70,$0.70,$138,$41,$0,$227,$95,$167,$134,$1,$397,$624,$14,$0,$0,$13,$27,$0,$488,$-21,$598,$624,$53,$6,$-2,$4,$1,$-1,$1,$0,$-3,$55,$-3,$0,$0,$-8,$0,$-8,$0,$-11,$0,$0,$0,$-19,$-19,$-20,$0,$-39,$3,$1,$-20
28,2011-09-30,61.89,$15.93,3.89,$8.06,7.68,$8.22,7.53,$3.05,20.29,$0.22B,$0.03B,8.35,$0.00B,$0.59B,0.0,$0.30B,$0.23B,76.67%,$0.30B,$0.17B,55.33%,$0.30B,$0.17B,55.33%,$0.30B,$0.18B,58.33%,$0.30B,$0.17B,55.67%,$0.30B,$0.11B,38.00%,$0.11B,$0.59B,19.97%,$0.11B,$0.45B,23.31%,$0.11B,$0.63B,19.12%,$0.17B,$0.59B,29.08%,$78,$19,$58,$7,$11,$37,$41,$-0,$41,$13,$28,$28,$28,$44,$41,$37,37,$0.74,$0.74,$133,$42,$0,$219,$94,$168,$135,$11,$409,$628,$26,$0,$0,$13,$39,$0,$480,$-20,$589,$628,$28,$3,$2,$5,$2,$-0,$2,$-0,$2,$34,$-1,$0,$0,$-9,$0,$-9,$0,$-10,$0,$0,$0,$-12,$-12,$-10,$0,$-22,$2,$0,$-10
29,2011-06-30,75.57,$15.78,4.79,$7.80,9.68,$8.12,9.31,$3.02,25.02,$0.23B,$0.02B,12.67,$0.00B,$0.59B,0.0,$0.29B,$0.23B,77.59%,$0.29B,$0.16B,56.21%,$0.29B,$0.16B,56.21%,$0.29B,$0.17B,58.97%,$0.29B,$0.17B,56.90%,$0.29B,$0.11B,38.62%,$0.11B,$0.59B,20.20%,$0.11B,$0.45B,22.41%,$0.11B,$0.62B,19.50%,$0.16B,$0.59B,29.40%,$78,$18,$60,$6,$11,$35,$43,$0,$43,$15,$28,$28,$28,$45,$43,$37,37,$0.76,$0.76,$141,$45,$0,$230,$95,$152,$139,$1,$387,$618,$18,$0,$0,$13,$32,$0,$473,$-16,$586,$618,$112,$9,$6,$15,$-4,$-1,$-1,$0,$-0,$127,$-4,$0,$-132,$22,$0,$22,$-1,$-114,$0,$0,$0,$3,$3,$-40,$1,$-36,$-17,$1,$-40
30,2011-03-31,64.68,$15.26,4.24,$7.49,8.63,$7.65,8.46,$2.95,21.92,$0.28B,$0.02B,16.73,$0.00B,$0.57B,0.0,$0.28B,$0.22B,77.78%,$0.28B,$0.16B,56.99%,$0.28B,$0.16B,56.99%,$0.28B,$0.17B,59.86%,$0.28B,$0.16B,57.71%,$0.28B,$0.11B,39.43%,$0.11B,$0.57B,20.62%,$0.11B,$0.54B,21.71%,$0.11B,$0.58B,20.02%,$0.16B,$0.57B,29.80%,$76,$16,$60,$6,$9,$32,$45,$1,$45,$14,$31,$31,$31,$47,$45,$37,37,$0.84,$0.84,$214,$14,$0,$277,$94,$184,$27,$1,$306,$583,$17,$0,$0,$0,$17,$0,$454,$-16,$566,$583,$84,$6,$4,$10,$-6,$-0,$0,$0,$-2,$93,$-2,$0,$0,$-2,$0,$-2,$-1,$-5,$0,$0,$0,$1,$1,$-30,$0,$-28,$64,$1,$-30
31,2010-12-31,59.09,$14.60,4.05,$7.32,8.07,$7.26,8.14,$2.98,19.83,$0.25B,$0.01B,18.55,$0.00B,$0.54B,0.0,$0.27B,$0.21B,78.02%,$0.27B,$0.16B,57.14%,$0.27B,$0.16B,57.14%,$0.27B,$0.16B,60.07%,$0.27B,$0.16B,57.51%,$0.27B,$0.11B,40.66%,$0.11B,$0.54B,21.45%,$0.11B,$0.52B,22.63%,$0.11B,$0.56B,20.78%,$0.16B,$0.54B,30.14%,$68,$15,$52,$7,$8,$30,$37,$0,$38,$11,$27,$27,$27,$39,$37,$37,37,$0.72,$0.71,$195,$14,$0,$254,$95,$179,$27,$0,$302,$556,$14,$0,$0,$0,$14,$0,$433,$-19,$542,$556,$53,$4,$2,$6,$1,$-0,$-1,$0,$1,$60,$-2,$0,$0,$-1,$0,$-1,$0,$-3,$0,$0,$0,$1,$1,$-20,$0,$-18,$42,$1,$-20
32,2010-09-30,55.3,$14.13,3.91,$7.25,7.63,$7.13,7.75,$2.93,18.87,$0.23B,$0.02B,14.52,$0.00B,$0.52B,0.0,$0.27B,$0.21B,78.60%,$0.27B,$0.16B,57.56%,$0.27B,$0.16B,57.56%,$0.27B,$0.16B,60.52%,$0.27B,$0.16B,57.56%,$0.27B,$0.11B,40.22%,$0.11B,$0.52B,21.62%,$0.11B,$0.50B,22.85%,$0.11B,$0.54B,20.93%,$0.16B,$0.52B,30.94%,$68,$15,$53,$7,$8,$30,$38,$1,$39,$13,$26,$26,$26,$40,$38,$37,37,$0.71,$0.71,$173,$14,$0,$233,$96,$182,$27,$0,$306,$540,$16,$0,$0,$0,$16,$0,$417,$-17,$524,$540,$26,$2,$1,$3,$-0,$-0,$-0,$-0,$1,$31,$-1,$0,$0,$-1,$0,$-1,$0,$-2,$0,$0,$0,$-1,$-1,$-10,$0,$-11,$21,$0,$-10
33,2010-06-30,51.24,$13.55,3.78,$7.20,7.11,$7.07,7.25,$2.94,17.43,$0.20B,$0.02B,11.81,$0.00B,$0.50B,0.0,$0.27B,$0.21B,79.26%,$0.27B,$0.16B,58.15%,$0.27B,$0.16B,58.15%,$0.27B,$0.17B,61.11%,$0.27B,$0.16B,58.15%,$0.27B,$0.11B,40.74%,$0.11B,$0.50B,22.40%,$0.11B,$0.48B,23.73%,$0.11B,$0.52B,21.67%,$0.16B,$0.50B,31.98%,$67,$14,$52,$6,$8,$28,$39,$-0,$39,$13,$26,$26,$26,$41,$39,$37,37,$0.70,$0.69,$139,$14,$0,$201,$97,$192,$27,$1,$318,$519,$17,$0,$0,$0,$17,$0,$400,$-21,$502,$519,$110,$8,$1,$9,$-4,$-2,$-0,$-0,$-8,$111,$-5,$0,$0,$-110,$0,$-110,$0,$-115,$0,$0,$0,$-12,$-12,$-38,$0,$-51,$-67,$1,$-38
34,2010-03-31,56.48,$13.47,4.19,$7.13,7.92,$6.98,8.09,$2.93,19.28,$0.22B,$0.02B,11.11,$0.00B,$0.50B,0.0,$0.27B,$0.21B,79.10%,$0.27B,$0.15B,57.46%,$0.27B,$0.15B,57.46%,$0.27B,$0.16B,60.45%,$0.27B,$0.16B,57.84%,$0.27B,$0.11B,40.67%,$0.11B,$0.50B,22.73%,$0.11B,$0.48B,24.13%,$0.11B,$0.52B,21.99%,$0.15B,$0.50B,32.12%,$70,$14,$56,$6,$8,$29,$42,$-0,$41,$9,$32,$32,$32,$44,$42,$37,37,$0.87,$0.87,$153,$13,$0,$219,$98,$175,$27,$1,$303,$522,$20,$0,$0,$0,$20,$0,$399,$-20,$502,$522,$84,$6,$-0,$6,$-6,$-3,$-0,$-0,$-10,$79,$-4,$0,$0,$-90,$0,$-90,$0,$-94,$0,$0,$0,$1,$1,$-29,$0,$-27,$-53,$1,$-29
35,2009-12-31,60.64,$13.11,4.63,$7.06,8.59,$7.02,8.63,$2.80,21.66,$0.30B,$0.01B,21.99,$0.00B,$0.49B,0.0,$0.27B,$0.21B,78.95%,$0.27B,$0.15B,57.14%,$0.27B,$0.15B,57.14%,$0.27B,$0.16B,60.15%,$0.27B,$0.16B,58.27%,$0.27B,$0.11B,39.47%,$0.11B,$0.49B,22.79%,$0.11B,$0.46B,24.26%,$0.11B,$0.50B,22.07%,$0.15B,$0.49B,32.99%,$66,$13,$52,$6,$9,$29,$37,$0,$37,$12,$25,$25,$25,$39,$37,$37,37,$0.66,$0.66,$249,$13,$0,$301,$99,$70,$28,$1,$201,$502,$14,$0,$0,$0,$14,$0,$378,$-9,$489,$502,$51,$4,$1,$5,$-1,$-2,$3,$-0,$-0,$56,$-2,$0,$0,$1,$0,$1,$0,$-1,$0,$0,$0,$0,$0,$-19,$0,$-19,$35,$1,$-19
36,2009-09-30,55.12,$12.65,4.36,$6.93,7.95,$6.92,7.96,$2.76,19.97,$0.28B,$0.02B,17.57,$0.00B,$0.47B,0.0,$0.26B,$0.21B,78.63%,$0.26B,$0.15B,56.49%,$0.26B,$0.15B,56.49%,$0.26B,$0.16B,59.54%,$0.26B,$0.15B,58.02%,$0.26B,$0.10B,39.69%,$0.10B,$0.47B,23.45%,$0.10B,$0.44B,25.03%,$0.10B,$0.49B,22.67%,$0.15B,$0.47B,33.37%,$67,$13,$54,$6,$8,$27,$39,$1,$40,$13,$27,$27,$27,$41,$39,$37,37,$0.72,$0.72,$227,$12,$0,$282,$99,$74,$28,$1,$205,$487,$16,$0,$0,$0,$16,$0,$363,$-11,$471,$487,$27,$2,$0,$2,$-1,$-2,$0,$-0,$-1,$28,$-1,$0,$0,$-1,$0,$-1,$0,$-2,$0,$0,$0,$-1,$-1,$-9,$0,$-10,$14,$0,$-9
37,2009-06-30,55.99,$12.26,4.57,$6.94,8.07,$6.86,8.16,$2.78,20.14,$0.26B,$0.02B,16.46,$0.00B,$0.46B,0.0,$0.26B,$0.21B,78.79%,$0.26B,$0.15B,56.82%,$0.26B,$0.15B,56.82%,$0.26B,$0.16B,59.85%,$0.26B,$0.16B,58.71%,$0.26B,$0.11B,40.15%,$0.11B,$0.46B,23.67%,$0.11B,$0.43B,25.25%,$0.11B,$0.47B,22.84%,$0.15B,$0.46B,33.50%,$65,$15,$50,$6,$8,$28,$36,$1,$37,$12,$25,$25,$25,$38,$36,$38,38,$0.68,$0.68,$203,$11,$0,$255,$100,$84,$28,$1,$217,$472,$16,$0,$0,$0,$16,$0,$346,$-7,$456,$472,$105,$8,$2,$10,$0,$-2,$1,$-0,$-4,$111,$-7,$0,$0,$26,$0,$26,$1,$21,$0,$0,$0,$-91,$-91,$-28,$0,$-119,$-6,$1,$-28
38,2009-03-31,47.8,$11.45,4.17,$6.95,6.87,$6.62,7.22,$2.80,17.07,$0.22B,$0.02B,14.93,$0.00B,$0.43B,0.0,$0.27B,$0.21B,79.40%,$0.27B,$0.15B,57.30%,$0.27B,$0.15B,57.30%,$0.27B,$0.16B,60.30%,$0.27B,$0.16B,59.55%,$0.27B,$0.11B,40.45%,$0.11B,$0.43B,23.71%,$0.11B,$0.40B,25.28%,$0.11B,$0.44B,22.85%,$0.15B,$0.43B,33.59%,$68,$14,$54,$6,$7,$27,$40,$0,$41,$13,$28,$28,$28,$42,$40,$37,37,$0.74,$0.74,$167,$11,$0,$223,$97,$89,$28,$1,$219,$442,$15,$0,$0,$0,$15,$0,$331,$-23,$427,$442,$80,$6,$2,$8,$-3,$-2,$1,$-0,$-7,$81,$-3,$0,$0,$28,$0,$28,$1,$27,$0,$0,$0,$-89,$-89,$-19,$0,$-108,$-33,$1,$-19
39,2008-12-31,56.11,$11.22,5.0,$6.92,8.11,$6.46,8.68,$2.82,19.9,$0.19B,$0.01B,14.82,$0.00B,$0.42B,0.0,$0.27B,$0.21B,79.18%,$0.27B,$0.15B,56.88%,$0.27B,$0.15B,56.88%,$0.27B,$0.16B,59.85%,$0.27B,$0.16B,59.85%,$0.27B,$0.11B,40.89%,$0.11B,$0.42B,23.62%,$0.11B,$0.39B,25.16%,$0.11B,$0.43B,22.72%,$0.15B,$0.42B,32.85%,$62,$13,$48,$6,$10,$29,$33,$1,$34,$11,$24,$24,$24,$35,$33,$38,38,$0.62,$0.62,$144,$10,$0,$193,$98,$108,$29,$1,$240,$434,$13,$0,$0,$0,$13,$0,$324,$-21,$420,$434,$52,$4,$1,$5,$4,$-1,$0,$0,$-4,$53,$-2,$0,$0,$19,$0,$19,$1,$19,$0,$0,$0,$-79,$-79,$-10,$0,$-89,$-47,$1,$-10
40,2008-09-30,62.49,$12.70,4.92,$6.87,9.1,$6.30,9.91,$2.80,22.32,$0.25B,$0.02B,12.95,$0.00B,$0.49B,0.0,$0.27B,$0.21B,79.55%,$0.27B,$0.15B,56.88%,$0.27B,$0.15B,56.88%,$0.27B,$0.16B,59.85%,$0.27B,$0.16B,60.59%,$0.27B,$0.11B,40.89%,$0.11B,$0.49B,23.02%,$0.11B,$0.46B,24.50%,$0.11B,$0.51B,22.10%,$0.15B,$0.49B,32.03%,$69,$13,$56,$6,$9,$28,$41,$2,$43,$14,$29,$29,$29,$43,$41,$39,39,$0.74,$0.74,$196,$10,$0,$249,$100,$124,$29,$1,$258,$508,$19,$0,$0,$0,$19,$0,$372,$-1,$488,$508,$29,$2,$0,$2,$-2,$-0,$1,$0,$-4,$27,$-1,$0,$0,$-6,$0,$-6,$1,$-6,$0,$0,$0,$-14,$-14,$0,$0,$-14,$-5,$0,$0
41,2008-06-30,67.06,$12.61,5.32,$6.54,10.25,$6.12,10.95,$2.64,25.4,$0.26B,$0.02B,12.77,$0.00B,$0.49B,0.0,$0.26B,$0.20B,79.07%,$0.26B,$0.14B,55.81%,$0.26B,$0.14B,55.81%,$0.26B,$0.15B,58.91%,$0.26B,$0.16B,60.08%,$0.26B,$0.10B,40.31%,$0.10B,$0.49B,22.02%,$0.10B,$0.46B,23.48%,$0.10B,$0.51B,21.18%,$0.14B,$0.49B,30.49%,$68,$14,$54,$6,$9,$29,$39,$2,$41,$13,$27,$27,$27,$41,$39,$39,39,$0.71,$0.70,$206,$10,$0,$258,$102,$112,$29,$1,$249,$507,$20,$0,$0,$0,$20,$0,$359,$12,$487,$507,$104,$7,$2,$9,$-2,$-1,$-1,$0,$2,$115,$-16,$0,$0,$-9,$-2,$-10,$-1,$-28,$0,$0,$0,$-57,$-57,$0,$1,$-57,$32,$2,$0
42,2008-03-31,58.37,$12.07,4.84,$6.29,9.27,$5.69,10.27,$2.52,23.16,$0.26B,$0.02B,12.86,$0.00B,$0.47B,0.0,$0.25B,$0.20B,79.03%,$0.25B,$0.14B,55.24%,$0.25B,$0.14B,55.24%,$0.25B,$0.15B,58.47%,$0.25B,$0.15B,59.68%,$0.25B,$0.10B,40.32%,$0.10B,$0.47B,21.74%,$0.10B,$0.44B,23.24%,$0.10B,$0.49B,20.92%,$0.14B,$0.47B,29.78%,$70,$14,$55,$6,$9,$29,$40,$3,$43,$13,$30,$30,$30,$42,$40,$39,39,$0.76,$0.76,$206,$10,$0,$259,$94,$100,$29,$1,$229,$488,$20,$0,$0,$0,$20,$0,$341,$11,$468,$488,$76,$5,$1,$7,$-3,$-2,$-1,$-0,$-1,$82,$-7,$0,$0,$1,$-2,$-1,$-1,$-8,$0,$0,$0,$-47,$-47,$0,$0,$-46,$27,$2,$0
43,2007-12-31,57.23,$11.95,4.79,$6.04,9.48,$5.25,10.89,$2.36,24.25,$0.24B,$0.02B,11.98,$0.00B,$0.47B,0.0,$0.24B,$0.19B,79.41%,$0.24B,$0.13B,55.46%,$0.24B,$0.13B,55.46%,$0.24B,$0.14B,58.82%,$0.24B,$0.14B,59.66%,$0.24B,$0.09B,39.50%,$0.09B,$0.47B,21.09%,$0.09B,$0.44B,22.61%,$0.09B,$0.49B,20.31%,$0.13B,$0.47B,29.61%,$62,$13,$49,$6,$11,$29,$33,$3,$36,$12,$24,$24,$24,$35,$33,$39,39,$0.60,$0.60,$189,$9,$0,$238,$94,$121,$30,$1,$250,$488,$20,$0,$0,$0,$20,$0,$340,$13,$468,$488,$47,$3,$1,$4,$1,$-1,$0,$-0,$2,$53,$-6,$0,$0,$-13,$-1,$-15,$-0,$-21,$0,$0,$0,$-19,$-19,$0,$0,$-18,$13,$2,$0
44,2007-09-30,54.66,$11.80,4.63,$5.79,9.43,$4.97,11.0,$2.23,24.51,$0.23B,$0.02B,15.62,$0.00B,$0.47B,0.0,$0.23B,$0.18B,79.48%,$0.23B,$0.13B,55.46%,$0.23B,$0.13B,55.46%,$0.23B,$0.13B,58.52%,$0.23B,$0.13B,58.52%,$0.23B,$0.09B,38.86%,$0.09B,$0.47B,20.94%,$0.09B,$0.44B,22.56%,$0.09B,$0.48B,20.22%,$0.13B,$0.47B,29.88%,$58,$12,$46,$5,$8,$26,$32,$2,$35,$12,$23,$23,$23,$34,$32,$39,40,$0.58,$0.58,$181,$9,$0,$231,$93,$122,$30,$1,$250,$481,$15,$0,$0,$0,$15,$0,$337,$16,$466,$481,$23,$2,$-0,$2,$0,$-0,$-1,$-0,$-2,$23,$-3,$0,$0,$-13,$0,$-13,$-0,$-17,$0,$0,$0,$1,$1,$0,$0,$1,$9,$0,$0
45,2007-06-30,49.57,$11.09,4.47,$5.66,8.76,$4.92,10.07,$2.15,23.06,$0.21B,$0.02B,12.38,$0.00B,$0.44B,0.0,$0.22B,$0.18B,79.37%,$0.22B,$0.12B,55.61%,$0.22B,$0.12B,55.61%,$0.22B,$0.13B,58.30%,$0.22B,$0.13B,57.85%,$0.22B,$0.09B,38.57%,$0.09B,$0.44B,21.55%,$0.09B,$0.41B,23.37%,$0.09B,$0.46B,20.61%,$0.12B,$0.44B,31.08%,$58,$13,$46,$5,$8,$26,$32,$2,$34,$11,$23,$23,$23,$34,$32,$39,40,$0.58,$0.58,$165,$9,$0,$213,$92,$116,$30,$0,$242,$455,$17,$0,$0,$0,$17,$0,$314,$13,$438,$455,$85,$7,$1,$8,$-5,$0,$1,$-0,$-3,$91,$-8,$0,$0,$-24,$-8,$-32,$-0,$-40,$-13,$0,$-13,$2,$2,$0,$1,$-11,$46,$2,$0
46,2007-03-31,49.48,$10.44,4.74,$5.49,9.01,$4.88,10.14,$2.06,24.02,$0.19B,$0.02B,12.25,$0.00B,$0.41B,0.0,$0.22B,$0.17B,78.80%,$0.22B,$0.12B,55.76%,$0.22B,$0.12B,55.76%,$0.22B,$0.13B,58.06%,$0.22B,$0.13B,57.60%,$0.22B,$0.08B,37.79%,$0.08B,$0.41B,21.90%,$0.08B,$0.38B,23.89%,$0.08B,$0.43B,20.69%,$0.12B,$0.41B,32.03%,$60,$12,$48,$5,$7,$25,$35,$1,$37,$13,$24,$24,$24,$37,$35,$39,40,$0.61,$0.60,$144,$10,$0,$192,$89,$110,$31,$0,$235,$427,$16,$0,$0,$0,$16,$0,$295,$11,$411,$427,$62,$5,$1,$7,$-5,$-1,$0,$-0,$-6,$63,$-4,$0,$0,$-16,$-8,$-24,$0,$-29,$-13,$0,$-13,$0,$0,$0,$0,$-13,$27,$1,$0
47,2006-12-31,48.05,$9.79,4.91,$5.36,8.96,$4.75,10.11,$1.98,24.27,$0.17B,$0.01B,13.75,$0.00B,$0.39B,0.0,$0.21B,$0.17B,78.30%,$0.21B,$0.12B,55.19%,$0.21B,$0.12B,55.19%,$0.21B,$0.12B,57.08%,$0.21B,$0.12B,56.13%,$0.21B,$0.08B,36.79%,$0.08B,$0.39B,22.24%,$0.08B,$0.35B,24.45%,$0.08B,$0.40B,20.80%,$0.12B,$0.39B,32.75%,$53,$11,$42,$5,$9,$25,$28,$1,$28,$10,$19,$19,$19,$29,$28,$39,40,$0.47,$0.47,$126,$9,$0,$167,$90,$104,$31,$0,$230,$398,$12,$0,$0,$0,$12,$0,$271,$11,$385,$398,$38,$3,$1,$4,$1,$-0,$-1,$0,$-3,$39,$-4,$0,$0,$-6,$-7,$-13,$0,$-17,$-13,$0,$-13,$-1,$-1,$0,$0,$-14,$13,$1,$0
