,Date,Stock Price,Book Value per Share,Price to Book Ratio,TTM Sales per Share,Price to Sales Ratio,TTM FCF per Share,Price to FCF Ratio,TTM Net EPS,PE Ratio,Current Assets,Current Liabilities,Current Ratio,Long Term Debt,Shareholder's Equity_x,Debt to Equity Ratio,TTM Revenue_x,TTM Gross Profit,Gross Margin,TTM Revenue_y,TTM Operating Income,Operating Margin,TTM Revenue_x,TTM EBIT,EBIT Margin,TTM Revenue_y,TTM EBITDA,EBITDA Margin,TTM Revenue_x,TTM Pre-Tax Income,Pre-Tax Margin,TTM Revenue_y,TTM Net Income_x,Net Margin,TTM Net Income_y,Shareholder's Equity_y,Return on Equity,TTM Net Income_x,Tangible Equity,Return on Tangible Equity,TTM Net Income_y,Total Assets,Return on Assets,TTM Net Income,LT Investments & Debt,Return on Investment,revenue,cost-goods-sold,gross-profit,research-development-expenses,selling-general-administrative-expenses,operating-expenses,operating-income,total-non-operating-income-expense,pre-tax-income,total-provision-income-taxes,income-after-taxes,income-from-continuous-operations,net-income,ebitda,ebit,basic-shares-outstanding,shares-outstanding,eps-basic-net-earnings-per-share,eps-earnings-per-share-diluted,cash-on-hand,inventory,other-current-assets,total-current-assets,net-property-plant-equipment,long-term-investments,goodwill-intangible-assets-total,other-long-term-assets,total-long-term-assets,total-assets,total-current-liabilities,long-term-debt,other-non-current-liabilities,total-long-term-liabilities,total-liabilities,common-stock-net,retained-earnings-accumulated-deficit,comprehensive-income,total-share-holder-equity,total-liabilities-share-holders-equity,net-income-loss,total-depreciation-amortization-cash-flow,other-non-cash-items,total-non-cash-items,change-in-accounts-receivable,change-in-inventories,change-in-accounts-payable,change-in-assets-liabilities,total-change-in-assets-liabilities,cash-flow-from-operating-activities,net-change-in-property-plant-equipment,net-change-in-intangible-assets,net-acquisitions-divestitures,net-change-in-short-term-investments,net-change-in-long-term-investments,net-change-in-investments-total,investing-activities-other,cash-flow-from-investing-activities,net-long-term-debt,net-current-debt,debt-issuance-retirement-net-total,net-common-equity-issued-repurchased,net-total-equity-issued-repurchased,total-common-preferred-stock-dividends-paid,financial-activities-other,cash-flow-from-financial-activities,net-cash-flow,stock-based-compensation,common-stock-dividends-paid
0,2018-09-30,7.86,$0.00,0.0,$11.51,0.68,$1.83,4.29,$0.76,10.34,$25.60B,$32.77B,0.78,$55.21B,$0.00B,0.0,$59.02B,$42.73B,72.39%,$59.02B,$8.77B,14.86%,$59.02B,$8.77B,14.86%,$59.02B,$8.77B,14.86%,$59.02B,$7.46B,12.64%,$59.02B,$4.42B,7.48%,$4.42B,$29.29B,14.43%,$4.42B,$-20.19B,-20.46%,$4.42B,$131.69B,3.26%,$8.77B,$84.50B,10.04%,$13827,$3914,$9913,$0,$1629,$11662,$2165,$-172,$1993,$426,$1567,$1567,$1324,$2165,$2165,$5127,5127,$0.24,$0.24,$9699,$2108,$0,$25597,$38514,$9514,$49486,$0,$106093,$131691,$32774,$55207,$11418,$69624,$102398,$0,$0,$0,$29293,$131691,$0,$0,$0,$0,$0,$0,$0,$0,$0,$10708,$-7377,$0,$34,$0,$-72,$-72,$-244,$-7660,$824,$0,$824,$441,$441,$-2000,$-945,$-1680,$1100,$0,$-2000
1,2018-06-30,8.53,$0.00,0.0,$11.63,0.73,$1.76,4.84,$0.67,12.73,$23.12B,$33.20B,0.7,$55.81B,$28.28B,1.97,$59.41B,$43.05B,72.47%,$59.41B,$8.28B,13.93%,$59.41B,$8.28B,13.93%,$59.41B,$8.28B,13.93%,$59.41B,$6.66B,11.21%,$59.41B,$3.92B,6.60%,$3.92B,$28.28B,12.55%,$3.92B,$-22.58B,-18.10%,$3.92B,$132.32B,2.87%,$8.28B,$84.09B,9.45%,$14735,$4010,$10725,$0,$1854,$12197,$2538,$-81,$2457,$1120,$1337,$1337,$1076,$2538,$2538,$5127,5127,$0.19,$0.19,$7411,$1455,$0,$23117,$38967,$10538,$50858,$0,$109203,$132320,$33201,$55811,$12211,$70837,$104038,$6192,$21945,$0,$28283,$132320,$0,$0,$0,$0,$0,$0,$0,$0,$0,$7276,$-5464,$0,$1,$0,$-129,$-129,$-676,$-6268,$1426,$0,$1426,$-2354,$-2354,$-1709,$81,$-2556,$-1825,$0,$-1709
2,2018-03-31,9.61,$0.00,0.0,$11.77,0.82,$1.41,6.82,$0.69,13.92,$25.62B,$31.63B,0.81,$60.05B,$0.00B,0.0,$59.51B,$43.05B,72.34%,$59.51B,$7.64B,12.83%,$59.51B,$7.64B,12.83%,$59.51B,$7.64B,12.83%,$59.51B,$5.53B,9.29%,$59.51B,$3.94B,6.62%,$3.94B,$33.46B,12.42%,$3.94B,$-20.55B,-17.91%,$3.94B,$141.08B,2.87%,$7.64B,$93.50B,8.79%,$15221,$4077,$11144,$0,$1930,$13221,$2000,$-454,$1548,$441,$1106,$1106,$1029,$2000,$2000,$5127,5127,$0.15,$0.15,$9542,$1443,$0,$25617,$41375,$10373,$54005,$0,$115462,$141079,$31633,$60046,$13211,$75989,$107623,$0,$0,$0,$33456,$141079,$0,$0,$0,$0,$0,$0,$0,$0,$0,$3222,$-2586,$0,$6,$0,$-441,$-441,$-1212,$-4233,$-2219,$0,$-2219,$3211,$3211,$-412,$54,$634,$-455,$0,$-412
3,2017-09-30,10.26,$0.00,0.0,$11.26,0.91,$1.29,7.98,$0.69,14.86,$22.21B,$33.25B,0.67,$56.04B,$0.00B,0.0,$56.38B,$40.80B,72.37%,$56.38B,$7.11B,12.61%,$56.38B,$7.11B,12.61%,$56.38B,$7.11B,12.61%,$56.38B,$4.73B,8.39%,$56.38B,$3.77B,6.68%,$3.77B,$31.36B,12.15%,$3.77B,$-22.98B,-18.52%,$3.77B,$136.28B,2.78%,$7.11B,$87.40B,8.38%,$15241,$4297,$10944,$0,$1878,$13174,$2067,$-606,$1461,$408,$1053,$1053,$986,$2067,$2067,$5125,5125,$0.18,$0.18,$7111,$1443,$0,$22214,$40276,$9964,$54341,$0,$114065,$136278,$33248,$56036,$12975,$71667,$104916,$0,$0,$0,$31363,$136278,$0,$0,$0,$0,$0,$0,$0,$0,$0,$11592,$-7985,$0,$42,$0,$-843,$-843,$-617,$-9402,$1167,$0,$1167,$1,$1,$-1640,$-1511,$-1983,$-47,$0,$-1640
4,2017-03-31,10.42,$0.00,0.0,$10.90,0.96,$1.58,6.6,$0.09,115.83,$25.94B,$36.04B,0.72,$53.41B,$0.00B,0.0,$54.15B,$42.87B,79.17%,$54.15B,$18.05B,33.33%,$54.15B,$18.05B,33.33%,$54.15B,$18.05B,33.33%,$54.15B,$16.28B,30.06%,$54.15B,$0.78B,1.43%,$0.78B,$31.87B,2.52%,$0.78B,$-20.54B,-4.28%,$0.78B,$136.54B,0.57%,$18.05B,$85.28B,21.57%,$14216,$3975,$10241,$0,$1937,$12543,$1673,$-476,$1197,$335,$862,$862,$830,$1673,$1673,$5062,5062,$0.15,$0.15,$11844,$1199,$0,$25937,$39081,$10365,$52402,$0,$110604,$136542,$36042,$53410,$12521,$68634,$104675,$0,$0,$0,$31868,$136542,$0,$0,$0,$0,$0,$0,$0,$0,$0,$2923,$19,$0,$32,$0,$-2675,$-2675,$-970,$-3594,$5227,$0,$5227,$1,$1,$-78,$-639,$4511,$3895,$0,$-78
5,2016-09-30,8.67,$0.00,0.0,$10.80,0.8,$1.00,8.69,$0.14,61.93,$21.74B,$38.51B,0.56,$51.00B,$0.00B,0.0,$53.19B,$42.27B,79.47%,$53.19B,$17.91B,33.67%,$53.19B,$17.91B,33.67%,$53.19B,$17.91B,33.67%,$53.19B,$15.99B,30.07%,$53.19B,$0.93B,1.75%,$0.93B,$30.24B,2.99%,$0.93B,$-23.97B,-5.84%,$0.93B,$134.66B,0.69%,$17.91B,$81.24B,21.42%,$14829,$4112,$10717,$0,$1902,$12933,$1896,$-570,$1325,$215,$1109,$1109,$1097,$1896,$1896,$4910,4910,$0.21,$0.21,$6973,$1287,$0,$21737,$38557,$10897,$54206,$0,$112926,$134664,$38513,$51002,$12343,$65915,$104429,$0,$0,$0,$30236,$134664,$0,$0,$0,$0,$0,$0,$0,$0,$0,$0,$0,$0,$0,$0,$0,$0,$0,$0,$0,$0,$0,$0,$0,$0,$0,$0,$0,$0,$0
6,2016-03-31,9.18,$0.00,0.0,$10.48,0.88,$1.06,8.62,$0.34,27.0,$34.24B,$34.64B,0.99,$54.70B,$0.00B,0.0,$51.49B,$44.69B,86.78%,$51.49B,$29.15B,56.60%,$51.49B,$29.15B,56.60%,$51.49B,$29.15B,56.60%,$51.49B,$27.80B,53.98%,$51.49B,$1.92B,3.74%,$1.92B,$30.64B,5.76%,$1.92B,$-13.92B,-15.39%,$1.92B,$134.78B,1.39%,$29.15B,$85.34B,33.75%,$12094,$3194,$8901,$0,$1784,$10623,$1472,$-727,$745,$297,$448,$448,$856,$1472,$1472,$4931,4931,$0.15,$0.15,$6411,$1377,$0,$34239,$33702,$10499,$44560,$0,$100539,$134777,$34639,$54697,$12262,$69495,$104134,$0,$0,$0,$30642,$134777,$0,$0,$0,$0,$0,$0,$0,$0,$0,$0,$0,$0,$0,$0,$0,$0,$0,$0,$0,$0,$0,$0,$0,$0,$0,$0,$0,$0,$0
7,2015-12-31,9.12,$0.00,0.0,$10.83,0.84,$1.06,8.57,$0.62,14.71,$35.06B,$38.72B,0.91,$52.32B,$30.60B,1.71,$52.41B,$45.35B,86.52%,$52.41B,$29.07B,55.46%,$52.41B,$29.07B,55.46%,$52.41B,$29.07B,55.46%,$52.41B,$28.03B,53.48%,$52.41B,$3.10B,5.91%,$3.10B,$30.60B,8.87%,$3.10B,$-14.16B,-28.84%,$3.10B,$136.55B,2.22%,$29.07B,$82.92B,33.03%,$13009,$0,$13009,$0,$0,$0,$13009,$0,$13009,$0,$13009,$-2437,$-2006,$13009,$13009,$4974,4974,$-0.42,$-0.42,$6185,$1510,$16660,$35062,$0,$11195,$44757,$0,$67567,$136550,$38719,$52319,$12347,$67234,$105952,$5524,$22879,$0,$30598,$136550,$0,$0,$1981,$1981,$0,$0,$0,$0,$0,$15118,$-10157,$0,$414,$0,$0,$-2665,$-1935,$-14343,$0,$0,$-3639,$0,$2757,$-3081,$-48,$-4011,$-4364,$0,$0
8,2015-09-30,9.37,$0.00,0.0,$11.23,0.83,$0.92,10.2,$1.06,8.84,$37.12B,$40.33B,0.92,$51.96B,$0.00B,0.0,$53.45B,$46.38B,86.78%,$53.45B,$30.11B,56.33%,$53.45B,$30.11B,56.33%,$53.45B,$30.11B,56.33%,$53.45B,$29.07B,54.38%,$53.45B,$5.28B,9.87%,$5.28B,$33.06B,14.12%,$5.28B,$-11.67B,-40.86%,$5.28B,$136.97B,3.61%,$30.11B,$85.02B,31.97%,$13259,$3614,$9645,$0,$5770,$11725,$1534,$-623,$913,$284,$630,$597,$983,$1534,$1534,$4889,4889,$0.20,$0.20,$7577,$1719,$16517,$37115,$0,$11350,$44730,$0,$66261,$136968,$40331,$51962,$9061,$63577,$103908,$0,$0,$0,$33060,$136968,$0,$0,$0,$0,$0,$0,$0,$0,$0,$0,$0,$0,$0,$0,$0,$0,$0,$0,$0,$0,$0,$0,$0,$0,$0,$0,$0,$0,$0
9,2015-06-30,11.05,$0.00,0.0,$12.15,0.91,$0.92,12.03,$1.11,9.95,$36.38B,$40.17B,0.91,$52.88B,$0.00B,0.0,$56.38B,$47.84B,84.85%,$56.38B,$32.74B,58.08%,$56.38B,$32.74B,58.08%,$56.38B,$32.74B,58.08%,$56.38B,$30.01B,53.23%,$56.38B,$5.47B,9.70%,$5.47B,$39.29B,13.93%,$5.47B,$-10.25B,-39.64%,$5.47B,$144.51B,3.60%,$32.74B,$92.17B,32.78%,$13132,$0,$13132,$0,$0,$0,$13132,$0,$13132,$0,$13132,$1508,$2091,$13132,$13132,$4860,4860,$0.41,$0.41,$6531,$1305,$16527,$36383,$0,$12332,$49543,$0,$72208,$144512,$40173,$52875,$9621,$65048,$105221,$0,$0,$0,$39291,$144512,$0,$0,$0,$0,$0,$0,$0,$0,$0,$6371,$-6044,$0,$-3562,$0,$0,$864,$-491,$-9233,$0,$0,$-1056,$0,$0,$-2592,$4115,$467,$-2394,$0,$0
10,2015-03-31,10.84,$0.00,0.0,$13.26,0.82,$0.85,12.73,$1.06,10.22,$37.71B,$36.31B,1.04,$55.03B,$0.00B,0.0,$60.29B,$51.75B,85.83%,$60.29B,$36.66B,60.80%,$60.29B,$36.66B,60.80%,$60.29B,$36.66B,60.80%,$60.29B,$33.93B,56.27%,$60.29B,$5.00B,8.29%,$5.00B,$36.88B,12.84%,$5.00B,$-6.90B,-30.76%,$5.00B,$140.86B,3.20%,$36.66B,$91.90B,35.38%,$13011,$3452,$9559,$0,$5787,$11617,$1394,$-437,$975,$435,$541,$561,$2031,$1394,$1394,$4645,4645,$0.43,$0.43,$8778,$1132,$16158,$37710,$0,$15900,$43779,$0,$68588,$140864,$36311,$55028,$10039,$67678,$103989,$0,$0,$0,$36875,$140864,$0,$0,$0,$0,$0,$0,$0,$0,$0,$0,$0,$0,$0,$0,$0,$0,$0,$0,$0,$0,$0,$0,$0,$0,$0,$0,$0,$0,$0
11,2014-12-31,10.73,$0.00,0.0,$14.14,0.76,$0.85,12.6,$0.84,12.77,$30.39B,$39.48B,0.77,$67.38B,$40.26B,1.67,$64.27B,$54.27B,84.45%,$64.27B,$37.67B,58.61%,$64.27B,$37.67B,58.61%,$64.27B,$37.67B,58.61%,$64.27B,$34.37B,53.48%,$64.27B,$3.93B,6.12%,$3.93B,$40.26B,10.07%,$3.93B,$-22.83B,-20.15%,$3.93B,$162.57B,2.47%,$37.67B,$107.64B,35.46%,$14047,$0,$14047,$0,$0,$0,$14047,$0,$14047,$0,$14047,$172,$172,$14047,$14047,$4665,4665,$0.02,$0.02,$12576,$1242,$152,$30393,$0,$15634,$63094,$0,$87856,$162572,$39479,$67380,$12039,$82830,$122309,$6191,$30090,$0,$40263,$162572,$81781,$0,$0,$0,$0,$0,$0,$0,$0,$16208,$-12236,$0,$0,$0,$0,$401,$-1416,$-13250,$0,$-11437,$0,$0,$0,$-3095,$9160,$-5372,$-4583,$0,$0
12,2014-09-30,10.98,$0.00,0.0,$15.36,0.71,$1.49,7.38,$1.24,8.86,$36.55B,$37.15B,0.98,$67.19B,$0.00B,0.0,$70.01B,$60.01B,85.72%,$70.01B,$43.41B,62.00%,$70.01B,$43.41B,62.00%,$70.01B,$43.41B,62.00%,$70.01B,$40.11B,57.30%,$70.01B,$5.75B,8.21%,$5.75B,$40.63B,15.08%,$5.75B,$-15.21B,-30.85%,$5.75B,$159.85B,3.63%,$43.41B,$107.82B,41.18%,$16187,$5090,$11097,$0,$6929,$12019,$4168,$-3402,$1856,$495,$1361,$1177,$1177,$4168,$4168,$4455,4455,$0.25,$0.25,$19119,$1791,$114,$36553,$0,$15941,$55841,$0,$80933,$159845,$37152,$67194,$10983,$82065,$119217,$0,$0,$0,$40628,$159845,$0,$0,$0,$0,$0,$0,$0,$0,$0,$0,$0,$0,$0,$0,$0,$0,$0,$0,$0,$0,$0,$0,$0,$0,$0,$0,$0,$0,$0
13,2014-06-30,12.26,$0.00,0.0,$15.92,0.77,$1.49,8.24,$1.31,9.36,$36.87B,$38.44B,0.96,$69.08B,$0.00B,0.0,$72.77B,$62.30B,85.61%,$72.77B,$42.53B,58.44%,$72.77B,$42.53B,58.44%,$72.77B,$42.53B,58.44%,$72.77B,$40.24B,55.29%,$72.77B,$6.04B,8.29%,$6.04B,$38.05B,16.31%,$6.04B,$-20.09B,-30.01%,$6.04B,$161.10B,3.81%,$42.53B,$107.13B,40.71%,$17049,$0,$17049,$0,$0,$0,$17049,$0,$17049,$0,$17049,$1621,$1621,$17049,$17049,$4473,4473,$0.36,$0.36,$17833,$1458,$3576,$36868,$0,$14127,$58138,$0,$81619,$161103,$38438,$69082,$11494,$84617,$123055,$0,$0,$0,$38048,$161103,$0,$0,$0,$0,$0,$0,$0,$0,$0,$0,$0,$0,$0,$0,$0,$0,$0,$0,$0,$0,$0,$0,$0,$0,$0,$0,$0,$0,$0
14,2014-03-31,10.91,$0.00,0.0,$16.30,0.67,$1.49,7.34,$1.28,8.53,$33.01B,$36.22B,0.91,$64.99B,$0.00B,0.0,$74.74B,$64.27B,85.99%,$74.74B,$44.50B,59.53%,$74.74B,$44.50B,59.53%,$74.74B,$44.50B,59.53%,$74.74B,$42.21B,56.47%,$74.74B,$5.94B,7.94%,$5.94B,$37.28B,16.63%,$5.94B,$-19.95B,-26.64%,$5.94B,$153.72B,3.77%,$44.50B,$102.27B,43.08%,$16986,$4906,$12080,$0,$6809,$14582,$2404,$-761,$1421,$421,$1000,$963,$963,$2404,$2404,$4613,4613,$0.21,$0.21,$15034,$1262,$3373,$33013,$0,$13320,$57221,$0,$79411,$153718,$36218,$64992,$11134,$80225,$116443,$0,$0,$0,$37275,$153718,$0,$0,$0,$0,$0,$0,$0,$0,$0,$0,$0,$0,$0,$0,$0,$0,$0,$0,$0,$0,$0,$0,$0,$0,$0,$0,$0,$0,$0
15,2013-12-31,11.29,$0.00,0.0,$16.74,0.67,$1.34,8.41,$1.33,8.49,$38.87B,$38.71B,1.0,$67.97B,$36.50B,1.86,$76.26B,$65.16B,85.45%,$76.26B,$44.37B,58.18%,$76.26B,$44.37B,58.18%,$76.26B,$44.37B,58.18%,$76.26B,$42.65B,55.93%,$76.26B,$6.15B,8.07%,$6.15B,$36.50B,17.17%,$6.15B,$-19.26B,-25.11%,$6.15B,$157.88B,3.82%,$44.37B,$104.48B,42.43%,$19788,$0,$19788,$0,$0,$0,$19788,$0,$19788,$0,$19788,$1985,$1985,$19788,$19788,$4671,4671,$0.42,$0.42,$16064,$1308,$6485,$38873,$0,$13547,$55765,$0,$77781,$157884,$38712,$67972,$10628,$82668,$121380,$6045,$29909,$0,$36504,$157884,$0,$0,$0,$0,$0,$0,$0,$0,$0,$19053,$-12105,$0,$345,$0,$0,$-975,$-416,$-13150,$0,$0,$-4030,$0,$3362,$-2898,$-214,$-3780,$173,$0,$0
16,2013-09-30,10.41,$0.00,0.0,$17.14,0.61,$1.78,5.86,$1.05,9.91,$39.55B,$40.78B,0.97,$67.71B,$0.00B,0.0,$77.19B,$60.05B,77.79%,$77.19B,$26.52B,34.35%,$77.19B,$26.52B,34.35%,$77.19B,$26.52B,34.35%,$77.19B,$23.88B,30.93%,$77.19B,$4.79B,6.20%,$4.79B,$36.25B,13.45%,$4.79B,$-21.15B,-17.81%,$4.79B,$160.54B,2.93%,$26.52B,$103.96B,25.12%,$18947,$5568,$13380,$0,$7037,$15663,$3284,$-986,$1980,$469,$1511,$1467,$1467,$3284,$3284,$4518,4518,$0.32,$0.32,$15520,$1562,$7401,$39554,$0,$14054,$57395,$0,$80367,$160544,$40781,$67709,$11004,$83514,$124295,$0,$0,$0,$36249,$160544,$0,$0,$0,$0,$0,$0,$0,$0,$0,$0,$0,$0,$0,$0,$0,$0,$0,$0,$0,$0,$0,$0,$0,$0,$0,$0,$0,$0,$0
17,2013-06-30,8.61,$0.00,0.0,$17.42,0.49,$2.87,3.0,$1.13,7.62,$30.77B,$38.34B,0.8,$69.68B,$0.00B,0.0,$78.13B,$61.11B,78.22%,$78.13B,$26.83B,34.34%,$78.13B,$26.83B,34.34%,$78.13B,$26.83B,34.34%,$78.13B,$24.26B,31.05%,$78.13B,$5.09B,6.51%,$5.09B,$32.75B,14.64%,$5.09B,$-28.80B,-17.28%,$5.09B,$158.25B,3.11%,$26.83B,$102.43B,25.28%,$19022,$0,$19022,$0,$0,$0,$19022,$0,$19022,$0,$19022,$1522,$1522,$19022,$19022,$4541,4541,$0.33,$0.33,$12684,$1396,$1260,$30767,$0,$13799,$61550,$0,$85096,$158254,$38335,$69676,$11082,$87169,$125504,$0,$0,$0,$32751,$158254,$0,$0,$0,$0,$0,$0,$0,$0,$0,$0,$0,$0,$0,$0,$0,$0,$0,$0,$0,$0,$0,$0,$0,$0,$0,$0,$0,$0,$0
18,2013-03-31,9.08,$0.00,0.0,$17.40,0.52,$3.31,2.75,$1.16,7.83,$29.84B,$41.00B,0.73,$69.57B,$0.00B,0.0,$77.88B,$55.13B,70.79%,$77.88B,$9.82B,12.61%,$77.88B,$9.82B,12.61%,$77.88B,$9.82B,12.61%,$77.88B,$7.81B,10.03%,$77.88B,$5.18B,6.65%,$5.18B,$37.87B,14.82%,$5.18B,$-28.82B,-16.88%,$5.18B,$167.32B,3.13%,$9.82B,$107.44B,9.17%,$18504,$5532,$12972,$0,$7389,$16226,$2278,$-592,$1862,$596,$1267,$1180,$1180,$2278,$2278,$4485,4485,$0.26,$0.26,$11868,$1483,$193,$29835,$0,$15448,$66688,$0,$92125,$167322,$40995,$69573,$12278,$88459,$129455,$0,$0,$0,$37865,$167322,$0,$0,$0,$0,$0,$0,$0,$0,$0,$3256,$-3903,$0,$0,$0,$0,$83,$0,$-3820,$0,$0,$0,$0,$0,$-770,$0,$-770,$-1334,$0,$0
19,2012-12-31,9.07,$0.00,0.0,$17.72,0.51,$3.42,2.65,$1.11,8.17,$32.92B,$40.53B,0.81,$72.80B,$35.58B,2.05,$79.48B,$56.23B,70.75%,$79.48B,$10.18B,12.81%,$79.48B,$10.18B,12.81%,$79.48B,$10.18B,12.81%,$79.48B,$7.54B,9.49%,$79.48B,$4.96B,6.25%,$4.96B,$35.58B,14.40%,$4.96B,$-28.78B,-15.63%,$4.96B,$166.90B,3.00%,$10.18B,$108.38B,9.45%,$20719,$6048,$14671,$0,$9287,$18787,$1932,$-736,$1013,$137,$877,$619,$619,$1932,$1932,$4469,4469,$0.14,$0.14,$12664,$1528,$4951,$32919,$0,$3177,$64358,$12011,$88944,$166901,$40526,$72804,$11839,$90800,$131326,$5853,$25019,$0,$35575,$166901,$0,$0,$0,$0,$0,$0,$0,$0,$0,$19565,$-10986,$0,$0,$0,$0,$-1082,$1937,$-10131,$0,$0,$1767,$0,$844,$-4209,$0,$-1599,$7346,$0,$0
20,2012-09-30,8.93,$0.00,0.0,$17.92,0.5,$4.36,2.05,$1.76,5.07,$29.68B,$38.15B,0.78,$73.40B,$0.00B,0.0,$80.44B,$56.67B,70.45%,$80.44B,$27.74B,34.48%,$80.44B,$27.74B,34.48%,$80.44B,$27.74B,34.48%,$80.44B,$9.76B,12.14%,$80.44B,$7.93B,9.85%,$7.93B,$32.78B,22.57%,$7.93B,$-31.37B,-23.63%,$7.93B,$161.57B,4.69%,$27.74B,$106.18B,25.31%,$19884,$5435,$14449,$0,$7551,$16291,$3594,$-792,$2361,$498,$1863,$1766,$1766,$3594,$3594,$4452,4452,$0.40,$0.40,$8914,$1405,$5156,$29678,$0,$15238,$64148,$0,$88239,$161572,$38148,$73397,$11100,$90645,$128793,$0,$0,$0,$32779,$161572,$0,$0,$0,$0,$0,$0,$0,$0,$0,$13331,$-8456,$0,$0,$0,$0,$558,$0,$-7898,$0,$0,$0,$0,$0,$-5142,$0,$-5142,$-373,$0,$0
21,2012-06-30,8.81,$0.00,0.0,$18.10,0.49,$4.89,1.8,$1.22,7.2,$28.23B,$41.14B,0.69,$72.79B,$33.45B,2.18,$82.10B,$57.39B,69.90%,$82.10B,$28.15B,34.28%,$82.10B,$28.15B,34.28%,$82.10B,$28.15B,34.28%,$82.10B,$6.69B,8.15%,$82.10B,$5.57B,6.79%,$5.57B,$33.45B,15.87%,$5.57B,$-33.64B,-15.53%,$5.57B,$165.15B,3.22%,$28.15B,$106.23B,25.52%,$18771,$5737,$13035,$0,$7725,$16754,$2017,$-549,$2578,$718,$1860,$1610,$1610,$2017,$2017,$4503,4503,$0.36,$0.36,$5144,$1591,$7004,$28229,$0,$16046,$67090,$0,$91621,$165148,$41137,$72788,$11527,$90565,$131702,$5848,$23781,$0,$33446,$165148,$0,$0,$0,$0,$0,$0,$0,$0,$0,$8200,$-6240,$0,$0,$0,$0,$-770,$-387,$-7397,$0,$2659,$1132,$0,$-1061,$-3738,$0,$-1009,$-170,$0,$0
22,2012-03-31,10.48,$0.00,0.0,$18.85,0.56,$5.39,1.94,$1.35,7.74,$29.00B,$40.29B,0.72,$74.15B,$7.72B,9.61,$85.57B,$60.23B,70.39%,$85.57B,$30.41B,35.53%,$85.57B,$30.41B,35.53%,$85.57B,$30.41B,35.53%,$85.57B,$7.26B,8.48%,$85.57B,$6.18B,7.22%,$6.18B,$36.12B,17.09%,$6.18B,$-33.25B,-16.57%,$6.18B,$169.33B,3.50%,$30.41B,$110.27B,27.19%,$20104,$6025,$14078,$0,$8071,$17465,$2639,$-1281,$1589,$526,$1063,$969,$969,$2639,$2639,$4515,4515,$0.21,$0.21,$7511,$1560,$5034,$29003,$0,$16216,$69370,$0,$94223,$169331,$40286,$74151,$12339,$92926,$133212,$0,$0,$0,$36119,$169331,$0,$0,$0,$0,$0,$0,$0,$0,$0,$3236,$-3385,$0,$0,$0,$0,$-256,$0,$-3641,$0,$0,$0,$0,$0,$-307,$0,$-307,$1084,$0,$0
23,2011-12-31,10.97,$0.00,0.0,$19.26,0.57,$5.42,2.02,$1.65,6.64,$29.00B,$45.38B,0.64,$77.52B,$38.14B,2.03,$87.39B,$61.97B,70.91%,$87.39B,$32.40B,37.08%,$87.39B,$32.40B,37.08%,$87.39B,$32.40B,37.08%,$87.39B,$9.04B,10.34%,$87.39B,$7.52B,8.60%,$7.52B,$38.14B,19.85%,$7.52B,$-35.92B,-20.72%,$7.52B,$180.54B,4.24%,$32.40B,$115.66B,28.66%,$21681,$6575,$15106,$0,$-7883,$2195,$19486,$-16405,$3235,$-1090,$4324,$3581,$3581,$19486,$19486,$4488,4488,$0.79,$0.79,$5759,$1621,$5840,$29002,$0,$7063,$74057,$12087,$102144,$180539,$45375,$77522,$12903,$97025,$142400,$6357,$26809,$0,$38139,$180539,$0,$0,$0,$0,$0,$0,$0,$0,$0,$24350,$-11524,$0,$-4100,$0,$0,$-900,$-882,$-17406,$0,$2378,$1876,$0,$0,$-10539,$-556,$-6841,$-118,$0,$0
24,2011-09-30,11.7,$0.00,0.0,$19.45,0.6,$4.93,2.37,$1.27,9.19,$28.92B,$46.41B,0.62,$76.30B,$0.00B,0.0,$88.38B,$62.85B,71.11%,$88.38B,$35.10B,39.72%,$88.38B,$35.10B,39.72%,$88.38B,$35.10B,39.72%,$88.38B,$8.96B,10.13%,$88.38B,$5.77B,6.53%,$5.77B,$32.80B,14.86%,$5.77B,$-40.71B,-16.53%,$5.77B,$177.40B,3.29%,$35.10B,$109.10B,31.42%,$21548,$6377,$15171,$0,$7486,$17542,$4006,$-5522,$-712,$-268,$-445,$-586,$-586,$4006,$4006,$4638,4638,$-0.14,$-0.14,$4749,$1532,$6032,$28918,$0,$17819,$73514,$0,$100312,$177398,$46413,$76300,$13196,$98184,$144597,$0,$0,$0,$32801,$177398,$0,$0,$0,$0,$0,$0,$0,$0,$0,$17026,$-9461,$0,$0,$0,$0,$-1937,$0,$-11398,$0,$0,$0,$0,$0,$0,$-5310,$-5310,$835,$0,$0
25,2011-06-30,14.99,$0.00,0.0,$19.05,0.79,$4.58,3.28,$2.82,5.32,$28.94B,$47.80B,0.61,$74.80B,$37.48B,2.0,$86.48B,$61.70B,71.34%,$86.48B,$35.14B,40.63%,$86.48B,$35.14B,40.63%,$86.48B,$35.14B,40.63%,$86.48B,$17.98B,20.79%,$86.48B,$12.88B,14.90%,$12.88B,$37.48B,31.52%,$12.88B,$-39.19B,-40.18%,$12.88B,$178.90B,7.46%,$35.14B,$112.28B,31.60%,$22234,$6356,$15878,$0,$8095,$17960,$4274,$-1125,$3147,$781,$2366,$2213,$2213,$4274,$4274,$4517,4517,$0.49,$0.49,$4596,$1665,$5229,$28938,$0,$6792,$76666,$8602,$100251,$178901,$47797,$74795,$9992,$93623,$141421,$6567,$24715,$0,$37480,$178901,$0,$0,$0,$0,$0,$0,$0,$0,$0,$10639,$-6432,$0,$0,$0,$0,$-1491,$-250,$-8173,$0,$0,$1258,$0,$0,$-5209,$296,$-3655,$-1476,$0,$0
26,2011-03-31,14.94,$0.00,0.0,$18.36,0.81,$4.23,3.53,$2.92,5.11,$29.66B,$39.74B,0.75,$72.17B,$8.59B,8.4,$83.90B,$59.98B,71.49%,$83.90B,$35.20B,41.95%,$83.90B,$35.20B,41.95%,$83.90B,$35.20B,41.95%,$83.90B,$18.51B,22.06%,$83.90B,$13.43B,16.00%,$13.43B,$42.98B,34.86%,$13.43B,$-29.26B,-48.87%,$13.43B,$172.53B,8.15%,$35.20B,$115.16B,33.60%,$21931,$6119,$15812,$0,$7734,$17294,$4637,$-440,$3367,$995,$2372,$2307,$2307,$4637,$4637,$4511,4511,$0.51,$0.51,$7529,$1448,$4491,$29655,$0,$16348,$72244,$0,$95790,$172532,$39735,$72173,$9734,$89814,$129549,$0,$0,$0,$42983,$172532,$0,$0,$0,$0,$0,$0,$0,$0,$0,$0,$0,$0,$0,$0,$0,$0,$0,$0,$0,$0,$0,$0,$0,$0,$0,$0,$0,$0,$0
27,2010-12-31,13.51,$0.00,0.0,$17.68,0.76,$4.52,2.99,$2.91,4.64,$27.96B,$44.47B,0.63,$68.20B,$9.60B,7.1,$81.28B,$57.90B,71.23%,$81.28B,$34.38B,42.30%,$81.28B,$34.38B,42.30%,$81.28B,$34.38B,42.30%,$81.28B,$18.46B,22.71%,$81.28B,$13.41B,16.50%,$13.41B,$42.07B,38.18%,$13.41B,$-30.44B,-53.44%,$13.41B,$172.33B,8.44%,$34.38B,$110.27B,34.57%,$22665,$6676,$15989,$0,$-9672,$482,$22183,$-26568,$3154,$1506,$1649,$1836,$1836,$22183,$22183,$4512,4512,$0.41,$0.41,$5604,$1365,$4488,$27958,$0,$6928,$72514,$9834,$96836,$172328,$44474,$68196,$9520,$85781,$130255,$0,$0,$0,$42073,$172328,$0,$0,$0,$0,$0,$0,$0,$0,$0,$22139,$-11458,$0,$733,$0,$0,$-9521,$-815,$-21062,$0,$1640,$862,$0,$-1173,$-8298,$0,$-6969,$-6497,$0,$0
28,2010-09-30,14.26,$0.00,0.0,$17.38,0.82,$4.78,2.98,$3.27,4.36,$28.10B,$45.80B,0.61,$66.18B,$12.15B,5.45,$80.73B,$57.26B,70.92%,$80.73B,$29.38B,36.39%,$80.73B,$29.38B,36.39%,$80.73B,$29.38B,36.39%,$80.73B,$18.83B,23.32%,$80.73B,$15.18B,18.81%,$15.18B,$40.95B,45.90%,$15.18B,$-29.36B,-71.03%,$15.18B,$167.22B,9.89%,$29.38B,$107.12B,30.31%,$19646,$5629,$14017,$0,$7014,$15604,$4042,$4271,$8313,$1679,$6634,$6527,$6527,$4042,$4042,$4633,4633,$1.41,$1.41,$5624,$1401,$5460,$28098,$0,$16137,$70309,$0,$94924,$167224,$45798,$66177,$8764,$80480,$126278,$0,$0,$0,$40946,$167224,$0,$0,$0,$0,$0,$0,$0,$0,$0,$15015,$-9091,$0,$0,$0,$0,$-6705,$0,$-15796,$0,$0,$0,$0,$0,$0,$-4913,$-4913,$5327,$0,$0
29,2010-06-30,10.68,$0.00,0.0,$17.50,0.61,$5.47,1.95,$2.47,4.32,$29.96B,$47.80B,0.63,$58.36B,$28.06B,2.08,$81.28B,$57.57B,70.83%,$81.28B,$30.04B,36.96%,$81.28B,$30.04B,36.96%,$81.28B,$30.04B,36.96%,$81.28B,$14.48B,17.81%,$81.28B,$11.50B,14.15%,$11.50B,$28.06B,39.56%,$11.50B,$-20.82B,-57.11%,$11.50B,$146.72B,7.70%,$30.04B,$86.42B,32.49%,$19656,$5498,$14157,$0,$6934,$15321,$4335,$-296,$3676,$911,$2765,$2756,$2756,$4335,$4335,$4640,4640,$0.59,$0.59,$8491,$1442,$5007,$29957,$0,$6238,$48877,$10498,$73604,$146720,$47795,$58357,$7875,$70865,$118660,$5824,$19130,$0,$28059,$146720,$0,$0,$0,$0,$0,$0,$0,$0,$0,$9070,$-6367,$0,$694,$0,$0,$-2020,$-268,$-7961,$0,$1007,$0,$0,$0,$-3832,$-931,$-3757,$-3138,$0,$0
30,2010-03-31,13.22,$0.00,0.0,$14.71,0.9,$4.89,2.7,$2.08,6.36,$30.47B,$38.62B,0.79,$64.49B,$0.00B,0.0,$81.92B,$58.27B,71.13%,$81.92B,$31.46B,38.40%,$81.92B,$31.46B,38.40%,$81.92B,$31.46B,38.40%,$81.92B,$14.58B,17.80%,$81.92B,$11.55B,14.10%,$11.55B,$29.44B,40.70%,$11.55B,$-19.78B,-56.00%,$11.55B,$149.18B,7.83%,$31.46B,$93.92B,33.69%,$19310,$5576,$13734,$0,$6891,$15492,$3817,$-495,$3316,$989,$2326,$2295,$2295,$3817,$3817,$4619,4619,$0.50,$0.50,$10921,$1171,$3640,$30474,$0,$16340,$49214,$0,$73474,$149181,$38617,$64486,$8667,$81127,$119744,$0,$0,$0,$29438,$149181,$0,$0,$0,$0,$0,$0,$0,$0,$0,$4092,$-2728,$0,$0,$0,$0,$0,$0,$-2728,$0,$0,$0,$0,$-621,$0,$-1681,$-2301,$2397,$0,$0
31,2009-12-31,15.53,$0.00,0.0,$11.86,1.31,$4.69,3.31,$1.74,8.9,$33.24B,$37.58B,0.89,$66.41B,$33.86B,1.96,$81.28B,$57.96B,71.31%,$81.28B,$36.01B,44.31%,$81.28B,$36.01B,44.31%,$81.28B,$36.01B,44.31%,$81.28B,$14.49B,17.83%,$81.28B,$11.56B,14.22%,$11.56B,$33.86B,41.44%,$11.56B,$-15.54B,-57.73%,$11.56B,$150.86B,8.06%,$36.01B,$100.27B,39.24%,$22120,$6768,$15351,$0,$-5272,$4934,$17186,$-13646,$3523,$287,$3236,$3604,$3604,$17186,$17186,$4680,4680,$0.77,$0.77,$12713,$1303,$4410,$33243,$0,$0,$49400,$8353,$66083,$150857,$37576,$66412,$8708,$79419,$116995,$6367,$23276,$0,$33862,$150857,$0,$0,$0,$0,$0,$0,$0,$0,$0,$22526,$-10255,$0,$-20,$0,$0,$-1960,$-739,$-12974,$0,$4888,$0,$0,$0,$-6749,$-1321,$-3182,$6746,$0,$0
32,2009-09-30,15.01,$0.00,0.0,$11.14,1.35,$4.79,3.13,$1.51,9.92,$32.75B,$43.25B,0.76,$64.38B,$0.00B,0.0,$78.12B,$55.47B,71.01%,$78.12B,$36.51B,46.74%,$78.12B,$36.51B,46.74%,$78.12B,$36.51B,46.74%,$78.12B,$14.61B,18.71%,$78.12B,$10.51B,13.45%,$10.51B,$24.91B,39.48%,$10.51B,$-24.42B,-48.81%,$10.51B,$150.32B,7.38%,$36.51B,$89.29B,40.36%,$20197,$5867,$14331,$0,$6431,$15494,$4704,$-746,$3960,$1046,$2914,$2845,$2845,$4704,$4704,$4634,4634,$0.61,$0.61,$11685,$1455,$5292,$32746,$0,$0,$49325,$14411,$73532,$150323,$43246,$64377,$8870,$82169,$125415,$0,$0,$0,$24908,$150323,$0,$0,$0,$0,$0,$0,$0,$0,$0,$17035,$-7901,$0,$0,$0,$0,$-1528,$0,$-9428,$0,$0,$0,$0,$0,$0,$-4369,$-4369,$1116,$0,$0
33,2009-06-30,12.29,$0.00,0.0,$11.52,1.07,$2.82,4.36,$1.53,8.02,$26.99B,$35.49B,0.76,$64.72B,$25.33B,2.56,$80.52B,$56.88B,70.65%,$80.52B,$36.89B,45.81%,$80.52B,$36.89B,45.81%,$80.52B,$36.89B,45.81%,$80.52B,$15.08B,18.72%,$80.52B,$10.69B,13.27%,$10.69B,$25.33B,39.88%,$10.69B,$-22.79B,-46.56%,$10.69B,$139.66B,7.39%,$36.89B,$90.06B,40.23%,$20292,$5436,$14856,$0,$6076,$14542,$5750,$-587,$3784,$1111,$2672,$2808,$2808,$5750,$5750,$14037,14037,$0.20,$0.20,$7488,$1550,$4519,$26992,$0,$3598,$48118,$9053,$70396,$139658,$35494,$64724,$9071,$78831,$114325,$6408,$20408,$0,$25333,$139658,$0,$0,$0,$0,$0,$0,$0,$0,$0,$0,$0,$0,$0,$0,$0,$0,$0,$0,$0,$0,$0,$0,$0,$0,$0,$0,$0,$0,$0
34,2009-03-31,10.48,$0.00,0.0,$14.74,0.71,$2.82,3.71,$2.00,5.23,$26.05B,$31.95B,0.82,$60.00B,$27.47B,2.19,$82.50B,$57.51B,69.70%,$82.50B,$35.73B,43.31%,$82.50B,$35.73B,43.31%,$82.50B,$35.73B,43.31%,$82.50B,$15.79B,19.14%,$82.50B,$11.09B,13.44%,$11.09B,$27.47B,40.12%,$11.09B,$-17.35B,-45.20%,$11.09B,$132.76B,7.38%,$35.73B,$87.47B,37.84%,$18667,$5249,$13418,$0,$2216,$10295,$8372,$-4405,$3223,$973,$2250,$2302,$2302,$8372,$8372,$14063,14063,$0.16,$0.16,$8214,$1566,$3796,$26049,$0,$3411,$44812,$9244,$66932,$132759,$31948,$60002,$8584,$73345,$105293,$6154,$23149,$0,$27467,$132759,$0,$0,$0,$0,$0,$0,$0,$0,$0,$4068,$-2641,$0,$0,$0,$0,$-112,$-154,$-2908,$0,$-534,$2160,$0,$0,$-27,$-364,$1235,$2620,$0,$0
35,2008-12-31,11.84,$0.00,0.0,$17.73,0.67,$2.72,4.35,$2.32,5.11,$26.44B,$36.97B,0.72,$66.32B,$28.78B,2.31,$84.65B,$58.44B,69.04%,$84.65B,$35.19B,41.57%,$84.65B,$35.19B,41.57%,$84.65B,$35.19B,41.57%,$84.65B,$16.06B,18.97%,$84.65B,$11.09B,13.10%,$11.09B,$28.78B,39.26%,$11.09B,$-21.60B,-42.02%,$11.09B,$146.95B,7.15%,$35.19B,$95.10B,36.21%,$18966,$6098,$12868,$0,$-7766,$1280,$17687,$-14625,$3646,$929,$2717,$2556,$2556,$17687,$17687,$4734,4734,$0.54,$0.54,$6291,$1748,$4697,$26438,$0,$4085,$50373,$10850,$75576,$146947,$36969,$66324,$9617,$81202,$118171,$6921,$24566,$0,$28776,$146947,$0,$0,$0,$0,$0,$0,$0,$0,$0,$24074,$-11199,$0,$1009,$0,$0,$-3326,$128,$-13388,$0,$-1815,$221,$0,$0,$-6531,$-3276,$-11402,$-1159,$0,$0
36,2008-09-30,12.2,$0.00,0.0,$17.91,0.68,$2.35,5.18,$2.09,5.83,$30.18B,$44.64B,0.68,$68.57B,$0.00B,0.0,$86.36B,$59.52B,68.91%,$86.36B,$32.31B,37.42%,$86.36B,$32.31B,37.42%,$86.36B,$32.31B,37.42%,$86.36B,$14.52B,16.82%,$86.36B,$10.07B,11.66%,$10.07B,$25.58B,34.85%,$10.07B,$-30.07B,-38.41%,$10.07B,$159.11B,6.51%,$32.31B,$94.16B,33.20%,$22594,$6854,$15741,$0,$7223,$17516,$5079,$-657,$4422,$1287,$3135,$3019,$3019,$5079,$5079,$4765,4765,$0.63,$0.63,$11153,$1817,$1691,$30181,$0,$0,$55655,$13647,$81004,$159112,$44639,$68573,$9863,$88889,$133528,$0,$0,$0,$25584,$159112,$0,$0,$0,$0,$0,$0,$0,$0,$0,$0,$0,$0,$0,$0,$0,$0,$0,$0,$0,$0,$0,$0,$0,$0,$0,$0,$0,$0,$0
37,2008-06-30,13.58,$0.00,0.0,$14.50,0.94,$2.35,5.77,$1.84,7.38,$29.96B,$38.00B,0.79,$72.32B,$28.72B,2.52,$83.26B,$57.21B,68.71%,$83.26B,$34.68B,41.65%,$83.26B,$34.68B,41.65%,$83.26B,$34.68B,41.65%,$83.26B,$15.70B,18.86%,$83.26B,$12.57B,15.10%,$12.57B,$28.72B,42.96%,$12.57B,$-29.12B,-49.91%,$12.57B,$162.34B,8.31%,$34.68B,$101.04B,35.81%,$22277,$6799,$15478,$0,$7376,$17684,$4594,$-97,$4497,$1225,$3271,$3212,$3212,$4594,$4594,$4777,4777,$0.67,$0.67,$7731,$1752,$4451,$29956,$0,$4731,$57840,$8307,$82714,$162344,$37997,$72317,$10460,$95624,$133621,$7460,$21774,$0,$28723,$162344,$0,$0,$0,$0,$0,$0,$0,$0,$0,$0,$0,$0,$0,$0,$0,$0,$0,$0,$0,$0,$0,$0,$0,$0,$0,$0,$0,$0,$0
38,2008-03-31,14.46,$0.00,0.0,$13.73,1.05,$3.24,4.47,$1.88,7.69,$25.90B,$33.82B,0.77,$68.58B,$29.91B,2.29,$79.96B,$54.72B,68.43%,$79.96B,$33.33B,41.68%,$79.96B,$33.33B,41.68%,$79.96B,$33.33B,41.68%,$79.96B,$15.55B,19.45%,$79.96B,$12.83B,16.04%,$12.83B,$29.91B,45.27%,$12.83B,$-24.78B,-51.22%,$12.83B,$152.44B,8.74%,$33.33B,$98.49B,35.27%,$20816,$6459,$14357,$0,$3114,$12985,$7832,$-4340,$3492,$1103,$2389,$2304,$2304,$7832,$7832,$4826,4826,$0.48,$0.48,$8596,$1552,$1438,$25896,$0,$0,$54689,$13412,$79339,$152440,$33823,$68581,$10323,$88709,$122532,$0,$0,$0,$29905,$152437,$0,$0,$0,$0,$0,$0,$0,$0,$0,$0,$0,$0,$0,$0,$0,$0,$0,$0,$0,$0,$0,$0,$0,$0,$0,$0,$0,$0,$0
39,2007-12-31,16.31,$0.00,0.0,$10.80,1.51,$3.30,4.94,$1.53,10.66,$25.33B,$34.24B,0.74,$64.36B,$31.33B,2.05,$79.74B,$55.19B,69.21%,$79.74B,$31.43B,39.42%,$79.74B,$31.43B,39.42%,$79.74B,$31.43B,39.42%,$79.74B,$14.65B,18.37%,$79.74B,$12.41B,15.56%,$12.41B,$31.33B,44.94%,$12.41B,$-20.89B,-48.57%,$12.41B,$145.15B,8.64%,$31.43B,$95.69B,33.73%,$20674,$6735,$13939,$0,$-4422,$5865,$14809,$-12695,$2113,$455,$1658,$1533,$1533,$14809,$14809,$4935,4935,$0.31,$0.31,$6944,$1353,$3789,$25333,$0,$4371,$52221,$7978,$75304,$145152,$34239,$64357,$9838,$79578,$113818,$6544,$18921,$0,$31334,$145152,$0,$0,$0,$0,$0,$0,$0,$0,$0,$21320,$-9701,$0,$7329,$0,$0,$-4062,$138,$-6296,$0,$-5385,$0,$0,$-2950,$-4586,$0,$-12922,$1745,$0,$0
40,2007-09-30,13.8,$0.00,0.0,$10.31,1.34,$3.14,4.4,$1.49,9.25,$28.13B,$34.45B,0.82,$65.08B,$0.00B,0.0,$77.38B,$53.63B,69.31%,$77.38B,$18.32B,23.67%,$77.38B,$18.32B,23.67%,$77.38B,$18.32B,23.67%,$77.38B,$14.07B,18.19%,$77.38B,$12.22B,15.80%,$12.22B,$27.07B,46.92%,$12.22B,$-25.97B,-44.63%,$12.22B,$145.13B,8.63%,$18.32B,$92.14B,20.03%,$19494,$6061,$13434,$0,$2872,$12054,$7440,$-2061,$5599,$21,$5578,$5521,$5521,$7440,$7440,$14571,14571,$0.38,$0.38,$11029,$1377,$1631,$28131,$0,$0,$53035,$8715,$72939,$145127,$34448,$65075,$9310,$83611,$118058,$0,$0,$0,$27068,$145126,$0,$0,$0,$0,$0,$0,$0,$0,$0,$0,$0,$0,$0,$0,$0,$0,$0,$0,$0,$0,$0,$0,$0,$0,$0,$0,$0,$0,$0
41,2007-06-30,10.99,$0.00,0.0,$12.46,0.88,$4.73,2.32,$1.78,6.16,$27.21B,$33.61B,0.81,$66.72B,$0.00B,0.0,$75.16B,$52.06B,69.26%,$75.16B,$13.82B,18.39%,$75.16B,$13.82B,18.39%,$75.16B,$13.82B,18.39%,$75.16B,$10.81B,14.38%,$75.16B,$10.04B,13.35%,$10.04B,$25.03B,39.56%,$10.04B,$-28.54B,-34.88%,$10.04B,$144.04B,7.15%,$13.82B,$91.75B,15.19%,$18978,$5991,$12988,$0,$6613,$15727,$3251,$1093,$4345,$810,$3534,$3468,$3468,$3251,$3251,$4876,4876,$0.71,$0.71,$7449,$1407,$5035,$27207,$0,$0,$53565,$8687,$73051,$144039,$33607,$66721,$9276,$85405,$119012,$0,$0,$0,$25027,$144039,$0,$0,$0,$0,$0,$0,$0,$0,$0,$9075,$-4769,$0,$0,$0,$0,$3734,$0,$-1035,$0,$0,$0,$0,$0,$-4020,$0,$-4020,$-3944,$0,$0
42,2007-03-31,10.73,$0.00,0.0,$12.04,0.89,$4.84,2.22,$1.41,7.6,$24.79B,$31.94B,0.78,$66.17B,$3.73B,17.73,$72.79B,$50.36B,69.19%,$72.79B,$13.32B,18.30%,$72.79B,$13.32B,18.30%,$72.79B,$13.32B,18.30%,$72.79B,$8.64B,11.87%,$72.79B,$8.20B,11.27%,$8.20B,$26.98B,34.35%,$8.20B,$-26.78B,-27.96%,$8.20B,$140.30B,5.99%,$13.32B,$93.15B,14.83%,$20593,$5764,$14829,$0,$5758,$14662,$5931,$-761,$2591,$860,$1731,$1883,$1883,$5931,$5931,$14866,14866,$0.13,$0.13,$6483,$1396,$4116,$24786,$0,$8459,$53763,$0,$73178,$140298,$31938,$66165,$9495,$81377,$113316,$0,$0,$0,$26982,$140298,$0,$0,$0,$0,$0,$0,$0,$0,$0,$3517,$-2532,$0,$0,$0,$0,$-276,$0,$-2808,$0,$0,$0,$0,$0,$-981,$0,$-981,$-342,$0,$0
43,2006-12-31,10.31,$0.00,0.0,$13.60,0.76,$5.17,1.99,$1.60,6.45,$22.25B,$33.08B,0.67,$63.65B,$25.12B,2.53,$66.67B,$45.79B,68.68%,$66.67B,$10.09B,15.13%,$66.67B,$10.09B,15.13%,$66.67B,$10.09B,15.13%,$66.67B,$8.50B,12.74%,$66.67B,$7.85B,11.77%,$7.85B,$25.12B,36.11%,$7.85B,$-28.26B,-26.65%,$7.85B,$136.88B,5.91%,$10.09B,$88.77B,12.06%,$18313,$5936,$12377,$0,$7497,$16617,$1696,$60,$1538,$98,$1440,$1351,$1351,$1696,$1696,$4951,4951,$0.27,$0.27,$4763,$1271,$4073,$22248,$0,$1206,$53376,$6561,$72072,$136881,$33078,$63649,$9130,$78682,$111760,$6181,$7349,$0,$25121,$136881,$0,$0,$0,$0,$0,$0,$0,$0,$0,$19360,$-8528,$0,$2881,$0,$0,$-29978,$392,$-35233,$0,$10367,$14896,$0,$-2947,$-4014,$0,$18302,$1997,$0,$0
