,Date,Stock Price,Book Value per Share,Price to Book Ratio,TTM Sales per Share,Price to Sales Ratio,TTM FCF per Share,Price to FCF Ratio,TTM Net EPS,PE Ratio,Current Assets,Current Liabilities,Current Ratio,Long Term Debt,Shareholder's Equity_x,Debt to Equity Ratio,TTM Revenue_x,TTM Gross Profit,Gross Margin,TTM Revenue_y,TTM Operating Income,Operating Margin,TTM Revenue_x,TTM EBIT,EBIT Margin,TTM Revenue_y,TTM EBITDA,EBITDA Margin,TTM Revenue_x,TTM Pre-Tax Income,Pre-Tax Margin,TTM Revenue_y,TTM Net Income_x,Net Margin,TTM Net Income_y,Shareholder's Equity_y,Return on Equity,TTM Net Income_x,Tangible Equity,Return on Tangible Equity,TTM Net Income_y,Total Assets,Return on Assets,TTM Net Income,LT Investments & Debt,Return on Investment,revenue,cost-goods-sold,gross-profit,research-development-expenses,selling-general-administrative-expenses,operating-expenses,operating-income,total-non-operating-income-expense,pre-tax-income,total-provision-income-taxes,income-after-taxes,income-from-continuous-operations,net-income,ebitda,ebit,basic-shares-outstanding,shares-outstanding,eps-basic-net-earnings-per-share,eps-earnings-per-share-diluted,cash-on-hand,inventory,other-current-assets,total-current-assets,net-property-plant-equipment,long-term-investments,goodwill-intangible-assets-total,other-long-term-assets,total-long-term-assets,total-assets,total-current-liabilities,long-term-debt,other-non-current-liabilities,total-long-term-liabilities,total-liabilities,common-stock-net,retained-earnings-accumulated-deficit,comprehensive-income,total-share-holder-equity,total-liabilities-share-holders-equity,net-income-loss,total-depreciation-amortization-cash-flow,other-non-cash-items,total-non-cash-items,change-in-accounts-receivable,change-in-inventories,change-in-accounts-payable,change-in-assets-liabilities,total-change-in-assets-liabilities,cash-flow-from-operating-activities,net-change-in-property-plant-equipment,net-change-in-intangible-assets,net-acquisitions-divestitures,net-change-in-short-term-investments,net-change-in-long-term-investments,net-change-in-investments-total,investing-activities-other,cash-flow-from-investing-activities,net-long-term-debt,net-current-debt,debt-issuance-retirement-net-total,net-common-equity-issued-repurchased,net-total-equity-issued-repurchased,total-common-preferred-stock-dividends-paid,financial-activities-other,cash-flow-from-financial-activities,net-cash-flow,stock-based-compensation,common-stock-dividends-paid
0,2018-09-30,87.93,$31.41,2.8,$39.65,2.22,$7.92,11.1,$7.31,12.03,$6.20B,$4.41B,1.41,$3.04B,$10.83B,0.28,$13.99B,$4.75B,33.92%,$13.99B,$2.33B,16.66%,$13.99B,$2.33B,16.66%,$13.99B,$3.00B,21.43%,$13.99B,$2.24B,16.01%,$13.99B,$2.57B,18.34%,$2.57B,$10.83B,26.02%,$2.57B,$3.44B,105.36%,$2.57B,$20.39B,13.25%,$2.33B,$13.87B,17.79%,$2999,$1891,$1108,$141,$374,$2431,$568,$-24,$544,$-1133,$1677,$1677,$1661,$721,$568,$350,353,$4.74,$4.71,$848,$1857,$472,$6199,$3497,$0,$7388,$1158,$14187,$20386,$4410,$3037,$799,$5145,$9555,$157,$12114,$-306,$10831,$20386,$2565,$667,$-492,$175,$-269,$-247,$201,$-33,$-289,$2451,$-912,$0,$-153,$0,$0,$0,$-29,$-1094,$-319,$0,$-319,$-779,$-779,$-588,$-36,$-1722,$-370,$95,$-588
1,2018-06-30,90.06,$27.24,3.31,$38.22,2.36,$8.20,10.98,$3.78,23.83,$5.94B,$4.05B,1.47,$3.29B,$9.49B,0.35,$13.52B,$4.50B,33.31%,$13.52B,$2.12B,15.68%,$13.52B,$2.12B,15.68%,$13.52B,$2.78B,20.53%,$13.52B,$2.01B,14.86%,$13.52B,$1.34B,9.90%,$1.34B,$9.49B,13.95%,$1.34B,$2.18B,62.57%,$1.34B,$19.01B,7.00%,$2.12B,$12.79B,16.32%,$3764,$2547,$1217,$181,$409,$3206,$558,$-23,$535,$81,$454,$454,$454,$731,$558,$349,352,$1.30,$1.29,$770,$1961,$0,$5941,$3633,$0,$7314,$453,$13072,$19013,$4046,$3294,$835,$5475,$9521,$157,$10432,$-299,$9492,$19013,$904,$514,$540,$1054,$-317,$-184,$180,$20,$-431,$1527,$-667,$0,$0,$0,$0,$0,$-8,$-675,$-318,$0,$-318,$-515,$-515,$-435,$-34,$-1302,$-448,$74,$-435
2,2018-03-31,99.44,$27.04,3.68,$36.93,2.69,$8.58,11.6,$3.71,26.8,$5.96B,$4.16B,1.43,$3.34B,$9.48B,0.35,$13.12B,$4.43B,33.73%,$13.12B,$2.11B,16.04%,$13.12B,$2.11B,16.04%,$13.12B,$2.75B,20.92%,$13.12B,$1.98B,15.06%,$13.12B,$1.32B,10.05%,$1.32B,$9.48B,13.88%,$1.32B,$1.96B,64.26%,$1.32B,$19.25B,6.94%,$2.11B,$12.82B,16.38%,$3745,$2502,$1243,$182,$428,$3121,$624,$-24,$600,$108,$492,$492,$490,$797,$624,$351,354,$1.40,$1.38,$559,$2045,$0,$5960,$3676,$0,$7516,$464,$13287,$19247,$4164,$3335,$881,$5603,$9767,$157,$9957,$-49,$9480,$19247,$450,$341,$560,$901,$-337,$-244,$187,$-8,$-624,$727,$-440,$0,$0,$0,$0,$0,$-2,$-442,$-364,$0,$-364,$-287,$-287,$-281,$-32,$-964,$-659,$52,$-281
3,2017-12-31,94.23,$27.41,3.44,$35.34,2.67,$9.56,9.86,$3.46,27.23,$5.73B,$3.64B,1.58,$3.32B,$9.63B,0.34,$12.60B,$4.29B,34.07%,$12.60B,$1.96B,15.57%,$12.60B,$1.96B,15.57%,$12.60B,$2.58B,20.48%,$12.60B,$1.82B,14.45%,$12.60B,$1.23B,9.79%,$1.23B,$9.63B,13.24%,$1.23B,$2.15B,62.88%,$1.23B,$18.81B,6.60%,$1.96B,$12.95B,15.57%,$3480,$2303,$1177,$176,$383,$2899,$581,$-20,$561,$600,$-39,$-39,$-40,$749,$581,$352,352,$-0.11,$-0.11,$704,$1984,$0,$5733,$3527,$0,$7478,$458,$13078,$18811,$3635,$3317,$840,$5545,$9180,$157,$10047,$-84,$9631,$18811,$-40,$168,$550,$718,$-89,$-185,$149,$40,$-328,$350,$-241,$0,$0,$0,$0,$0,$0,$-241,$-348,$0,$-348,$-113,$-113,$-141,$-32,$-634,$-514,$29,$-141
4,2017-09-30,82.35,$27.72,2.97,$33.99,2.42,$10.01,8.22,$4.71,17.48,$5.93B,$3.85B,1.54,$3.63B,$9.75B,0.37,$12.19B,$4.18B,34.33%,$12.19B,$1.88B,15.40%,$12.19B,$1.88B,15.40%,$12.19B,$2.49B,20.41%,$12.19B,$1.72B,14.12%,$12.19B,$1.68B,13.81%,$1.68B,$9.75B,18.45%,$1.68B,$2.26B,91.33%,$1.68B,$19.40B,9.15%,$1.88B,$13.39B,15.23%,$2528,$1662,$866,$126,$361,$2172,$356,$-44,$312,$16,$296,$296,$434,$498,$356,$355,358,$1.22,$1.21,$1218,$1647,$345,$5926,$3159,$0,$7492,$685,$13477,$19403,$3847,$3634,$777,$5805,$9652,$157,$10175,$-160,$9751,$19403,$1683,$611,$-97,$514,$-204,$-270,$314,$61,$124,$2321,$-660,$0,$-246,$0,$0,$0,$-26,$-932,$259,$0,$259,$-497,$-497,$-546,$-30,$-814,$571,$95,$-546
5,2017-06-30,78.01,$25.84,3.02,$33.55,2.32,$9.04,8.63,$4.71,16.56,$5.35B,$3.87B,1.38,$3.11B,$9.14B,0.34,$12.10B,$4.22B,34.83%,$12.10B,$1.94B,16.05%,$12.10B,$1.94B,16.05%,$12.10B,$2.53B,20.94%,$12.10B,$1.76B,14.51%,$12.10B,$1.69B,13.93%,$1.69B,$9.14B,19.15%,$1.69B,$1.84B,108.32%,$1.69B,$18.52B,9.39%,$1.94B,$12.25B,16.15%,$3367,$2227,$1140,$168,$408,$2823,$544,$-41,$503,$71,$432,$432,$435,$701,$544,$355,358,$1.23,$1.22,$755,$1787,$0,$5354,$3165,$0,$7306,$408,$13166,$18520,$3872,$3113,$703,$5507,$9379,$157,$9747,$-506,$9141,$18520,$1249,$469,$-41,$428,$-260,$-195,$217,$-101,$-229,$1448,$-440,$0,$-77,$0,$0,$0,$-21,$-538,$-73,$0,$-73,$-290,$-290,$-405,$-23,$-791,$108,$73,$-405
6,2017-03-31,73.91,$24.63,3.0,$32.80,2.25,$8.56,8.63,$5.81,12.72,$5.15B,$3.94B,1.31,$3.07B,$8.75B,0.35,$11.86B,$4.10B,34.55%,$11.86B,$1.85B,15.61%,$11.86B,$1.85B,15.61%,$11.86B,$2.43B,20.52%,$11.86B,$1.03B,8.64%,$11.86B,$2.09B,17.63%,$2.09B,$8.75B,24.34%,$2.09B,$1.60B,148.94%,$2.09B,$18.06B,11.81%,$1.85B,$11.83B,15.47%,$3227,$2117,$1110,$161,$407,$2746,$481,$-36,$445,$39,$406,$406,$405,$633,$481,$356,359,$1.14,$1.13,$773,$1660,$0,$5146,$3046,$0,$7150,$434,$12910,$18056,$3935,$3073,$624,$5368,$9303,$168,$9661,$-584,$8753,$18056,$814,$312,$-52,$260,$-215,$-69,$148,$-59,$-149,$925,$-281,$0,$0,$0,$0,$0,$-16,$-297,$-73,$0,$-73,$-134,$-134,$-263,$-22,$-492,$126,$47,$-263
7,2016-12-31,68.35,$24.86,2.75,$31.83,2.15,$7.52,9.09,$5.71,11.97,$4.81B,$3.51B,1.37,$2.98B,$8.84B,0.34,$11.58B,$3.95B,34.10%,$11.58B,$1.91B,16.45%,$11.58B,$1.91B,16.45%,$11.58B,$2.48B,21.40%,$11.58B,$1.10B,9.49%,$11.58B,$2.07B,17.83%,$2.07B,$8.84B,25.04%,$2.07B,$1.67B,155.61%,$2.07B,$17.62B,11.71%,$1.91B,$11.81B,16.15%,$3063,$1996,$1067,$156,$367,$2568,$495,$-35,$460,$54,$406,$406,$409,$655,$495,$356,359,$1.15,$1.14,$665,$1636,$0,$4809,$2956,$0,$7163,$397,$12806,$17615,$3513,$2976,$621,$5265,$8778,$168,$9256,$-698,$8837,$17615,$409,$160,$-40,$120,$-30,$-59,$64,$-58,$-125,$404,$-130,$0,$0,$0,$0,$0,$-24,$-154,$10,$0,$10,$-68,$-68,$-132,$-19,$-209,$18,$24,$-132
8,2016-09-30,63.17,$23.88,2.64,$30.56,2.07,$7.40,8.53,$5.48,11.53,$4.78B,$3.07B,1.56,$3.74B,$8.49B,0.44,$11.35B,$3.83B,33.71%,$11.35B,$1.81B,15.93%,$11.35B,$1.81B,15.93%,$11.35B,$2.37B,20.86%,$11.35B,$1.02B,8.99%,$11.35B,$2.01B,17.70%,$2.01B,$8.49B,24.55%,$2.01B,$1.11B,131.91%,$2.01B,$17.61B,11.13%,$1.81B,$12.22B,15.29%,$2446,$1548,$898,$124,$322,$2023,$423,$-75,$348,$5,$343,$343,$437,$545,$423,$366,369,$1.18,$1.18,$647,$1596,$0,$4775,$3052,$0,$7371,$299,$12833,$17608,$3066,$3739,$609,$6057,$9123,$168,$8682,$-542,$8485,$17608,$2009,$560,$675,$1235,$95,$154,$-87,$314,$-1297,$1947,$-595,$0,$-1003,$0,$0,$0,$17,$-1581,$181,$0,$181,$-2697,$-2697,$-509,$-30,$-3055,$-2682,$87,$-509
9,2016-06-30,55.71,$23.19,2.4,$31.19,1.79,$7.02,7.94,$6.83,8.16,$4.93B,$3.31B,1.49,$3.73B,$8.27B,0.45,$11.89B,$3.90B,32.78%,$11.89B,$1.79B,15.07%,$11.89B,$1.79B,15.07%,$11.89B,$2.39B,20.11%,$11.89B,$1.06B,8.92%,$11.89B,$2.61B,21.97%,$2.61B,$8.27B,30.88%,$2.61B,$1.22B,127.66%,$2.61B,$17.50B,13.90%,$1.79B,$12.00B,14.92%,$3121,$2099,$1022,$161,$367,$2669,$452,$-680,$-228,$-1019,$791,$791,$839,$600,$452,$357,361,$2.35,$2.32,$694,$1610,$0,$4929,$2976,$0,$7043,$333,$12571,$17500,$3311,$3734,$530,$5924,$9235,$168,$8245,$-375,$8265,$17500,$1572,$438,$761,$1199,$15,$-2,$-4,$286,$-1508,$1263,$-417,$0,$-668,$0,$0,$0,$28,$-1057,$150,$0,$150,$-2580,$-2580,$-377,$-30,$-2837,$-2635,$66,$-377
10,2016-03-31,60.4,$20.72,2.92,$30.11,2.01,$6.80,8.89,$5.26,11.48,$5.41B,$3.10B,1.75,$3.73B,$7.41B,0.5,$11.89B,$3.92B,33.00%,$11.89B,$1.81B,15.22%,$11.89B,$1.81B,15.22%,$11.89B,$2.41B,20.26%,$11.89B,$1.74B,14.64%,$11.89B,$2.08B,17.51%,$2.08B,$7.41B,24.00%,$2.08B,$1.30B,86.22%,$2.08B,$17.84B,10.66%,$1.81B,$11.14B,14.89%,$2952,$1990,$962,$156,$367,$2417,$535,$-16,$519,$130,$389,$389,$380,$679,$535,$364,368,$1.04,$1.03,$1150,$1635,$0,$5414,$2899,$0,$6108,$283,$12427,$17841,$3097,$3732,$2000,$7338,$10435,$182,$7406,$-449,$7406,$17841,$733,$290,$-111,$179,$9,$-61,$-16,$235,$-367,$545,$-269,$0,$255,$0,$0,$0,$29,$15,$0,$0,$0,$-2462,$-2462,$-245,$-30,$-2737,$-2179,$43,$-245
11,2015-12-31,63.02,$22.83,2.76,$29.55,2.13,$7.03,8.96,$5.68,11.1,$6.51B,$3.27B,1.99,$3.37B,$8.58B,0.39,$12.02B,$4.01B,33.39%,$12.02B,$1.72B,14.33%,$12.02B,$1.72B,14.33%,$12.02B,$2.32B,19.34%,$12.02B,$1.63B,13.57%,$12.02B,$2.30B,19.15%,$2.30B,$8.58B,25.36%,$2.30B,$2.46B,84.49%,$2.30B,$19.22B,11.43%,$1.72B,$11.95B,13.82%,$2833,$1888,$945,$162,$340,$2435,$398,$-16,$382,$58,$324,$324,$353,$544,$398,$385,390,$0.92,$0.91,$2223,$1700,$0,$6505,$2866,$0,$6119,$307,$12718,$19223,$3266,$3370,$2412,$7380,$10646,$182,$7026,$-463,$8577,$19223,$353,$146,$-36,$110,$237,$-99,$-31,$-78,$-73,$390,$-138,$0,$0,$0,$0,$0,$17,$-121,$0,$0,$0,$-1215,$-1215,$-127,$-28,$-1370,$-1106,$22,$-127
12,2015-09-30,58.42,$24.33,2.4,$29.67,1.97,$6.79,8.61,$5.91,9.88,$7.89B,$3.58B,2.21,$3.39B,$9.59B,0.35,$12.23B,$4.09B,33.41%,$12.23B,$1.75B,14.30%,$12.23B,$1.75B,14.30%,$12.23B,$2.37B,19.33%,$12.23B,$1.58B,12.88%,$12.23B,$2.42B,19.78%,$2.42B,$9.59B,26.24%,$2.42B,$3.21B,95.48%,$2.42B,$20.59B,11.89%,$1.75B,$12.97B,13.90%,$2984,$2016,$968,$148,$334,$2577,$407,$-19,$388,$252,$136,$136,$1040,$568,$407,$405,411,$2.59,$2.55,$3329,$1615,$0,$7885,$2920,$0,$6379,$297,$12704,$20589,$3575,$3386,$2387,$7429,$11004,$182,$6673,$-373,$9585,$20589,$2420,$616,$-545,$71,$-210,$-220,$-5,$81,$-561,$1930,$-583,$0,$1232,$0,$0,$0,$-13,$636,$-184,$0,$-184,$-920,$-920,$-502,$252,$-1354,$872,$89,$-502
13,2015-06-30,62.72,$22.62,2.77,$28.67,2.19,$7.29,8.6,$4.93,12.72,$7.74B,$4.04B,1.91,$3.40B,$9.14B,0.37,$11.86B,$3.96B,33.41%,$11.86B,$1.73B,14.62%,$11.86B,$1.73B,14.62%,$11.86B,$2.33B,19.66%,$11.86B,$1.56B,13.12%,$11.86B,$2.04B,17.23%,$2.04B,$9.14B,22.50%,$2.04B,$2.70B,73.41%,$2.04B,$20.44B,10.09%,$1.73B,$12.53B,13.96%,$3118,$2070,$1048,$159,$393,$2649,$469,$-18,$451,$100,$351,$351,$309,$617,$469,$406,412,$0.76,$0.75,$701,$1717,$1897,$7736,$2925,$0,$6438,$326,$12705,$20441,$4041,$3395,$2379,$7265,$11306,$182,$5633,$-373,$9135,$20441,$1380,$455,$62,$517,$-125,$-218,$-29,$60,$-608,$1289,$-415,$0,$-1726,$0,$0,$0,$-24,$-2165,$-53,$0,$-53,$-414,$-414,$-370,$-2,$-839,$-1756,$65,$-370
14,2015-03-31,69.86,$22.10,3.16,$28.49,2.45,$7.37,9.48,$5.15,13.57,$7.61B,$4.14B,1.84,$3.39B,$9.00B,0.38,$11.81B,$3.93B,33.27%,$11.81B,$1.73B,14.63%,$11.81B,$1.73B,14.63%,$11.81B,$2.32B,19.60%,$11.81B,$1.55B,13.15%,$11.81B,$2.14B,18.09%,$2.14B,$9.00B,23.73%,$2.14B,$2.53B,72.71%,$2.14B,$20.24B,10.76%,$1.73B,$12.39B,14.29%,$3082,$2031,$1051,$160,$391,$2634,$448,$-38,$410,$94,$316,$316,$599,$595,$448,$407,413,$1.47,$1.45,$697,$1684,$1861,$7612,$2878,$0,$6462,$325,$12631,$20243,$4141,$3390,$2218,$7107,$11248,$184,$5324,$-416,$8995,$20243,$1071,$307,$-29,$278,$-19,$-180,$-11,$-73,$-656,$693,$-285,$0,$-1729,$0,$0,$0,$-16,$-2030,$52,$0,$52,$-197,$-197,$-236,$-2,$-383,$-1760,$44,$-236
15,2014-12-31,61.45,$22.53,2.73,$28.14,2.18,$7.75,7.92,$4.57,13.45,$6.05B,$3.88B,1.56,$3.29B,$9.17B,0.36,$11.70B,$3.88B,33.13%,$11.70B,$1.75B,14.97%,$11.70B,$1.75B,14.97%,$11.70B,$2.31B,19.78%,$11.70B,$1.60B,13.71%,$11.70B,$1.90B,16.24%,$1.90B,$9.17B,21.45%,$1.90B,$1.70B,62.97%,$1.90B,$20.15B,9.77%,$1.75B,$12.46B,14.98%,$3049,$2029,$1020,$160,$386,$2624,$425,$-99,$326,$-109,$435,$435,$472,$585,$425,$407,413,$1.16,$1.14,$868,$1942,$0,$6045,$3118,$0,$7468,$474,$14108,$20153,$3876,$3286,$2260,$7107,$10983,$184,$4725,$-223,$9170,$20153,$472,$160,$129,$289,$34,$-161,$8,$-30,$-466,$295,$-130,$0,$-1511,$0,$0,$0,$-10,$-1651,$47,$0,$47,$-139,$-139,$-118,$1,$-209,$-1589,$23,$-118
16,2014-09-30,53.47,$22.11,2.42,$28.71,1.86,$7.99,6.69,$4.27,12.52,$8.88B,$3.99B,2.22,$3.28B,$9.01B,0.36,$11.97B,$3.97B,33.17%,$11.97B,$1.81B,15.08%,$11.97B,$1.81B,15.08%,$11.97B,$2.36B,19.68%,$11.97B,$1.76B,14.70%,$11.97B,$1.78B,14.88%,$1.78B,$9.01B,20.42%,$1.78B,$4.20B,53.07%,$1.78B,$20.15B,9.36%,$1.81B,$12.29B,15.86%,$2608,$1766,$842,$127,$292,$2217,$391,$-22,$369,$-203,$572,$572,$663,$534,$391,$410,417,$1.61,$1.59,$2457,$1509,$2013,$8879,$2920,$0,$4813,$456,$11273,$20152,$3993,$3281,$2356,$7146,$11139,$184,$4253,$-17,$9013,$20152,$1781,$551,$-57,$494,$-182,$-98,$71,$130,$-192,$2083,$-506,$0,$-519,$0,$0,$0,$-50,$-1075,$939,$0,$939,$-422,$-422,$-443,$-9,$65,$1054,$77,$-443
17,2014-06-30,59.53,$21.60,2.76,$30.63,1.94,$7.75,7.69,$3.60,16.54,$6.87B,$3.86B,1.78,$2.38B,$8.85B,0.27,$12.80B,$4.29B,33.49%,$12.80B,$1.88B,14.68%,$12.80B,$1.88B,14.68%,$12.80B,$2.37B,18.49%,$12.80B,$1.84B,14.39%,$12.80B,$1.51B,11.76%,$1.51B,$8.85B,17.57%,$1.51B,$3.32B,50.00%,$1.51B,$18.87B,8.09%,$1.88B,$11.22B,17.11%,$3075,$2057,$1018,$147,$396,$2611,$464,$-15,$449,$102,$347,$347,$403,$602,$464,$409,416,$0.99,$0.97,$1613,$1810,$0,$6873,$3154,$0,$5527,$296,$11998,$18871,$3860,$2375,$2342,$6163,$10023,$184,$3590,$357,$8848,$18871,$1118,$408,$219,$627,$-167,$-88,$54,$52,$-411,$1334,$-420,$0,$-18,$0,$0,$0,$-33,$-471,$-12,$0,$-12,$-312,$-312,$-324,$-2,$-650,$210,$58,$-324
18,2014-03-31,57.67,$20.52,2.81,$31.43,1.84,$8.07,7.15,$3.43,16.81,$6.57B,$4.09B,1.61,$2.37B,$8.40B,0.28,$13.17B,$4.40B,33.41%,$13.17B,$1.85B,14.08%,$13.17B,$1.85B,14.08%,$13.17B,$2.35B,17.84%,$13.17B,$1.82B,13.80%,$13.17B,$1.44B,10.91%,$1.44B,$8.40B,17.26%,$1.44B,$2.85B,51.97%,$1.44B,$18.63B,7.81%,$1.85B,$10.77B,17.29%,$2964,$1969,$995,$145,$379,$2493,$471,$-11,$460,$120,$340,$340,$362,$592,$471,$410,417,$0.88,$0.87,$1429,$1850,$0,$6566,$3181,$0,$5552,$307,$12062,$18628,$4087,$2370,$2311,$6142,$10229,$189,$3187,$318,$8399,$18628,$715,$270,$135,$405,$-104,$-95,$50,$0,$-286,$834,$-260,$0,$-18,$0,$0,$0,$-20,$-298,$-12,$0,$-12,$-283,$-283,$-205,$0,$-500,$26,$40,$-205
19,2013-12-31,52.79,$20.99,2.51,$32.02,1.65,$8.08,6.54,$3.21,16.44,$6.36B,$3.41B,1.87,$2.62B,$8.62B,0.3,$13.47B,$4.46B,33.08%,$13.47B,$1.74B,12.93%,$13.47B,$1.74B,12.93%,$13.47B,$2.28B,16.89%,$13.47B,$1.70B,12.59%,$13.47B,$1.35B,10.04%,$1.35B,$8.62B,16.57%,$1.35B,$3.06B,52.12%,$1.35B,$18.44B,7.39%,$1.74B,$11.24B,16.52%,$3326,$2209,$1117,$164,$467,$2847,$479,$3,$482,$127,$355,$355,$353,$628,$479,$411,418,$0.86,$0.84,$1397,$1836,$0,$6358,$3164,$0,$5565,$304,$12085,$18443,$3409,$2615,$2326,$6412,$9821,$189,$2825,$327,$8622,$18443,$353,$149,$67,$216,$27,$-97,$-19,$9,$-184,$385,$-121,$0,$0,$0,$0,$0,$-2,$-123,$-5,$0,$-5,$-153,$-153,$-103,$-1,$-262,$-6,$22,$-103
20,2013-09-30,49.36,$20.38,2.42,$31.42,1.57,$8.07,6.11,$3.02,16.35,$6.31B,$3.92B,1.61,$2.30B,$8.39B,0.28,$13.28B,$4.33B,32.60%,$13.28B,$1.56B,11.72%,$13.28B,$1.56B,11.72%,$13.28B,$2.09B,15.75%,$13.28B,$1.25B,9.40%,$13.28B,$1.28B,9.61%,$1.28B,$8.39B,15.88%,$1.28B,$2.82B,52.06%,$1.28B,$18.46B,7.01%,$1.56B,$10.69B,14.91%,$3432,$2276,$1156,$166,$451,$2967,$465,$-14,$451,$63,$388,$388,$387,$544,$465,$413,420,$0.94,$0.92,$1403,$1762,$0,$6309,$3166,$0,$5570,$268,$12152,$18461,$3924,$2303,$2372,$6151,$10075,$189,$2472,$303,$8386,$18461,$1277,$536,$570,$1106,$-65,$-28,$143,$13,$-337,$2046,$-559,$0,$8,$0,$0,$0,$6,$-545,$-664,$0,$-664,$-630,$-630,$-384,$0,$-1678,$-186,$71,$-384
21,2013-06-30,43.19,$19.05,2.27,$31.07,1.39,$7.88,5.48,$3.02,14.3,$6.02B,$4.00B,1.5,$2.31B,$7.89B,0.29,$13.21B,$4.24B,32.07%,$13.21B,$1.49B,11.29%,$13.21B,$1.49B,11.29%,$13.21B,$2.11B,15.93%,$13.21B,$1.18B,8.91%,$13.21B,$1.29B,9.73%,$1.29B,$7.89B,16.20%,$1.29B,$2.34B,55.24%,$1.29B,$18.09B,6.98%,$1.49B,$10.20B,14.30%,$3449,$2317,$1132,$167,$456,$3010,$439,$-14,$425,$93,$332,$332,$335,$586,$439,$415,421,$0.81,$0.80,$1262,$1762,$0,$6018,$3071,$0,$5548,$271,$12072,$18090,$4003,$2307,$2295,$6199,$10202,$189,$2085,$72,$7888,$18090,$889,$457,$494,$951,$-30,$-60,$132,$11,$-387,$1453,$-393,$0,$0,$0,$0,$0,$36,$-357,$-665,$0,$-665,$-465,$-465,$-281,$0,$-1411,$-327,$59,$-281
22,2013-03-31,39.55,$18.55,2.13,$31.00,1.28,$7.36,5.37,$2.68,14.76,$5.86B,$3.90B,1.5,$2.32B,$7.73B,0.3,$13.26B,$4.12B,31.09%,$13.26B,$1.42B,10.74%,$13.26B,$1.42B,10.74%,$13.26B,$2.06B,15.56%,$13.26B,$1.10B,8.29%,$13.26B,$1.15B,8.66%,$1.15B,$7.73B,14.55%,$1.15B,$2.16B,50.94%,$1.15B,$18.14B,6.17%,$1.42B,$10.05B,13.57%,$3265,$2213,$1052,$171,$438,$2906,$359,$-21,$338,$60,$278,$278,$277,$517,$359,$420,424,$0.66,$0.65,$1073,$1803,$0,$5864,$3114,$0,$5570,$290,$12276,$18140,$3901,$2315,$2431,$6506,$10407,$193,$1750,$134,$7733,$18140,$554,$310,$423,$733,$49,$-68,$107,$-35,$-450,$837,$-249,$0,$0,$0,$0,$0,$17,$-232,$-664,$0,$-664,$-279,$-279,$-177,$0,$-1120,$-516,$40,$-177
23,2012-12-31,34.83,$19.37,1.8,$30.84,1.13,$7.05,4.94,$2.63,13.24,$5.75B,$3.11B,1.85,$2.69B,$8.13B,0.33,$13.25B,$4.09B,30.89%,$13.25B,$1.45B,10.95%,$13.25B,$1.45B,10.95%,$13.25B,$2.07B,15.63%,$13.25B,$1.12B,8.46%,$13.25B,$1.13B,8.52%,$1.13B,$8.13B,14.32%,$1.13B,$2.49B,42.39%,$1.13B,$18.14B,5.99%,$1.45B,$10.82B,13.71%,$3134,$2145,$989,$171,$428,$2841,$293,$-259,$34,$-245,$279,$279,$277,$445,$293,$422,426,$0.66,$0.65,$972,$1808,$0,$5753,$3187,$0,$5649,$276,$12383,$18136,$3111,$2687,$2408,$6891,$10002,$193,$1473,$256,$8134,$18136,$277,$152,$414,$566,$123,$-28,$-38,$19,$-451,$392,$-124,$0,$0,$0,$0,$0,$19,$-105,$-664,$0,$-664,$-151,$-151,$-89,$-1,$-905,$-617,$21,$-89
24,2012-09-30,31.72,$18.87,1.68,$30.87,1.03,$6.61,4.8,$2.59,12.25,$6.50B,$4.00B,1.62,$2.70B,$7.98B,0.34,$13.28B,$4.05B,30.46%,$13.28B,$1.52B,11.43%,$13.28B,$1.52B,11.43%,$13.28B,$2.13B,16.01%,$13.28B,$1.42B,10.65%,$13.28B,$1.11B,8.37%,$1.11B,$7.98B,14.35%,$1.11B,$2.32B,38.50%,$1.11B,$19.31B,5.95%,$1.52B,$10.67B,14.80%,$3364,$2300,$1064,$165,$452,$2963,$401,$-21,$380,$-18,$398,$398,$396,$557,$401,$426,430,$0.94,$0.92,$1589,$1808,$0,$6503,$3213,$0,$5660,$290,$12803,$19306,$4004,$2696,$2828,$7325,$11329,$193,$1196,$229,$7977,$19306,$1115,$609,$200,$809,$17,$123,$-189,$157,$23,$1947,$-510,$0,$-990,$0,$0,$0,$-10,$-1510,$406,$0,$406,$-125,$-125,$-332,$-14,$-65,$371,$68,$-332
25,2012-06-30,29.58,$18.09,1.63,$31.31,0.94,$6.14,4.82,$2.42,12.22,$6.43B,$4.07B,1.58,$2.69B,$7.74B,0.35,$13.58B,$4.14B,30.46%,$13.58B,$1.55B,11.43%,$13.58B,$1.55B,11.43%,$13.58B,$2.15B,15.83%,$13.58B,$1.45B,10.65%,$13.58B,$1.04B,7.67%,$1.04B,$7.74B,13.67%,$1.04B,$2.06B,32.56%,$1.04B,$18.94B,5.69%,$1.55B,$10.43B,15.33%,$3499,$2481,$1018,$173,$423,$3128,$371,$-23,$348,$88,$260,$260,$199,$545,$371,$428,431,$0.46,$0.46,$1302,$1868,$0,$6432,$3136,$0,$5682,$290,$12510,$18942,$4070,$2693,$2761,$7132,$11202,$193,$800,$226,$7740,$18942,$719,$453,$322,$775,$-26,$33,$-91,$93,$-260,$1234,$-372,$0,$-990,$0,$0,$0,$-8,$-1370,$456,$0,$456,$35,$35,$-243,$-14,$234,$84,$52,$-243
26,2012-03-31,33.85,$17.97,1.88,$31.29,1.08,$6.03,5.61,$2.76,12.26,$8.31B,$4.37B,1.9,$2.69B,$7.68B,0.35,$13.66B,$4.21B,30.80%,$13.66B,$1.64B,12.01%,$13.66B,$1.64B,12.01%,$13.66B,$2.21B,16.17%,$13.66B,$1.52B,11.12%,$13.66B,$1.20B,8.77%,$1.20B,$7.68B,15.79%,$1.20B,$3.79B,34.09%,$1.20B,$19.03B,6.63%,$1.64B,$10.37B,16.29%,$3249,$2228,$1021,$173,$427,$2864,$385,$-26,$359,$91,$268,$268,$257,$523,$385,$427,431,$0.60,$0.60,$2866,$1833,$469,$8311,$3107,$0,$3889,$265,$10718,$19029,$4371,$2687,$2782,$6975,$11346,$204,$601,$389,$7683,$19029,$520,$279,$174,$453,$-16,$-14,$-46,$87,$-244,$729,$-263,$0,$0,$0,$0,$0,$-8,$-271,$1317,$0,$1317,$31,$31,$-153,$-12,$1183,$1648,$35,$-153
27,2011-12-31,28.24,$17.83,1.58,$31.18,0.91,$6.06,4.66,$2.83,9.98,$6.58B,$3.82B,1.72,$1.95B,$7.59B,0.26,$13.75B,$4.19B,30.50%,$13.75B,$1.65B,11.99%,$13.75B,$1.65B,11.99%,$13.75B,$2.22B,16.15%,$13.75B,$1.52B,11.06%,$13.75B,$1.24B,9.02%,$1.24B,$7.59B,16.54%,$1.24B,$3.38B,37.22%,$1.24B,$17.52B,6.95%,$1.65B,$9.54B,16.55%,$3170,$2227,$943,$177,$383,$2809,$361,$-33,$328,$88,$240,$240,$260,$502,$361,$425,429,$0.61,$0.61,$1390,$1918,$0,$6577,$3090,$0,$4207,$259,$10946,$17523,$3820,$1950,$2656,$6113,$9933,$593,$344,$250,$7590,$17523,$262,$141,$74,$215,$98,$-86,$-51,$-14,$-270,$207,$-125,$0,$0,$0,$0,$0,$-1,$-126,$179,$0,$179,$-5,$-5,$-77,$-4,$93,$171,$17,$-77
28,2011-09-30,25.64,$17.66,1.45,$30.92,0.83,$5.97,4.3,$2.81,9.12,$6.98B,$3.41B,2.05,$2.67B,$7.48B,0.36,$13.78B,$4.27B,31.00%,$13.78B,$1.69B,12.24%,$13.78B,$1.69B,12.24%,$13.78B,$2.25B,16.34%,$13.78B,$1.58B,11.43%,$13.78B,$1.25B,9.04%,$1.25B,$7.48B,16.74%,$1.25B,$3.57B,38.68%,$1.25B,$17.72B,6.92%,$1.69B,$10.15B,16.79%,$3660,$2506,$1154,$187,$454,$3225,$435,$-24,$411,$95,$316,$316,$326,$580,$435,$438,443,$0.76,$0.75,$1218,$1878,$508,$6981,$3140,$0,$3919,$253,$10742,$17723,$3410,$2667,$2627,$6829,$10239,$593,$84,$428,$7484,$17723,$1250,$564,$197,$761,$26,$-208,$-38,$267,$-232,$1779,$-509,$68,$-731,$155,$0,$155,$-26,$-1043,$-416,$0,$-416,$-785,$-785,$-296,$-15,$-1512,$-772,$71,$-296
29,2011-06-30,33.3,$17.53,1.9,$28.67,1.16,$5.98,5.57,$2.72,12.24,$6.86B,$3.69B,1.86,$2.65B,$7.59B,0.35,$12.87B,$3.98B,30.90%,$12.87B,$1.57B,12.20%,$12.87B,$1.57B,12.20%,$12.87B,$2.11B,16.38%,$12.87B,$1.50B,11.66%,$12.87B,$1.22B,9.45%,$1.22B,$7.59B,16.59%,$1.22B,$3.31B,38.11%,$1.22B,$18.03B,6.83%,$1.57B,$10.24B,15.94%,$3579,$2491,$1088,$178,$441,$3119,$460,$-39,$421,$70,$351,$351,$355,$603,$460,$437,442,$0.81,$0.80,$1212,$1996,$0,$6860,$3147,$0,$4273,$250,$11172,$18032,$3691,$2654,$2606,$6755,$10446,$593,$-242,$576,$7586,$18032,$923,$419,$181,$600,$-122,$-219,$84,$112,$-374,$1149,$-312,$68,$-731,$155,$0,$155,$-15,$-835,$-416,$0,$-416,$-466,$-466,$-220,$-13,$-1115,$-778,$58,$-220
30,2011-03-31,31.39,$16.69,1.88,$27.34,1.15,$6.19,5.07,$2.64,11.89,$6.74B,$3.75B,1.8,$2.56B,$7.34B,0.35,$12.37B,$3.87B,31.31%,$12.37B,$1.58B,12.75%,$12.37B,$1.58B,12.75%,$12.37B,$2.10B,16.98%,$12.37B,$1.55B,12.56%,$12.37B,$1.19B,9.63%,$1.19B,$7.34B,16.69%,$1.19B,$3.06B,37.52%,$1.19B,$18.08B,6.84%,$1.58B,$9.90B,16.48%,$3339,$2331,$1008,$173,$431,$2947,$392,$-31,$361,$69,$292,$292,$299,$535,$392,$443,449,$0.67,$0.67,$1239,$1912,$0,$6743,$3129,$0,$4272,$239,$11337,$18080,$3750,$2559,$2763,$6994,$10744,$599,$-596,$447,$7336,$18080,$566,$276,$176,$452,$-38,$-143,$34,$82,$-307,$711,$-215,$0,$-717,$155,$0,$155,$-13,$-790,$-321,$0,$-321,$-216,$-216,$-141,$-6,$-684,$-751,$39,$-141
31,2010-12-31,31.77,$16.50,1.93,$26.32,1.21,$6.56,4.85,$2.63,12.08,$6.79B,$3.87B,1.76,$2.56B,$7.35B,0.35,$11.99B,$3.82B,31.89%,$11.99B,$1.58B,13.20%,$11.99B,$1.58B,13.20%,$11.99B,$2.09B,17.45%,$11.99B,$1.63B,13.63%,$11.99B,$1.20B,9.98%,$1.20B,$7.35B,17.09%,$1.20B,$2.93B,37.21%,$1.20B,$18.10B,7.02%,$1.58B,$9.90B,16.89%,$3200,$2179,$1021,$163,$402,$2800,$400,$-18,$382,$113,$269,$269,$265,$533,$400,$444,449,$0.60,$0.59,$1407,$1836,$0,$6788,$3075,$0,$4412,$255,$11314,$18102,$3868,$2555,$2671,$6888,$10756,$599,$-895,$240,$7346,$18102,$266,$133,$124,$257,$7,$-106,$4,$71,$-369,$154,$-109,$0,$-717,$37,$0,$37,$-4,$-793,$149,$0,$149,$-21,$-21,$-71,$-4,$53,$-583,$22,$-71
32,2010-09-30,26.1,$15.91,1.64,$25.45,1.03,$7.01,3.72,$2.41,10.83,$6.73B,$3.46B,1.95,$2.31B,$7.06B,0.33,$11.68B,$3.64B,31.19%,$11.68B,$1.45B,12.43%,$11.68B,$1.45B,12.43%,$11.68B,$1.97B,16.83%,$11.68B,$1.49B,12.79%,$11.68B,$1.10B,9.44%,$1.10B,$7.06B,15.95%,$1.10B,$3.45B,32.95%,$1.10B,$16.99B,6.66%,$1.45B,$9.36B,15.74%,$2748,$1889,$859,$136,$341,$2430,$318,$18,$336,$128,$208,$208,$297,$437,$318,$453,457,$0.66,$0.66,$1990,$1583,$0,$6731,$2867,$0,$3603,$217,$10261,$16992,$3460,$2307,$2604,$6476,$9936,$599,$-1161,$246,$7056,$16992,$1109,$514,$-20,$494,$-320,$-169,$310,$-108,$76,$1679,$-364,$0,$-38,$1,$0,$1,$-41,$-442,$0,$0,$0,$-476,$-476,$-289,$-14,$-779,$469,$61,$-289
33,2010-06-30,22.53,$15.23,1.48,$25.32,0.89,$6.34,3.55,$1.95,11.55,$6.33B,$3.34B,1.9,$2.31B,$6.80B,0.34,$11.63B,$3.48B,29.88%,$11.63B,$1.31B,11.26%,$11.63B,$1.31B,11.26%,$11.63B,$1.84B,15.80%,$11.63B,$1.24B,10.69%,$11.63B,$0.89B,7.68%,$0.89B,$6.80B,12.94%,$0.89B,$3.25B,26.70%,$0.89B,$16.47B,5.47%,$1.31B,$9.11B,14.22%,$3084,$2099,$985,$147,$375,$2617,$467,$8,$475,$144,$331,$331,$330,$596,$467,$451,456,$0.73,$0.72,$1815,$1586,$0,$6333,$2787,$0,$3553,$221,$10136,$16469,$3337,$2308,$2710,$6332,$9669,$599,$-1459,$207,$6800,$16469,$810,$395,$243,$638,$-374,$-256,$367,$-66,$-243,$1205,$-244,$0,$-58,$1,$0,$1,$-21,$-322,$0,$0,$0,$-361,$-361,$-218,$-8,$-587,$294,$0,$-218
34,2010-03-31,24.26,$14.99,1.62,$24.02,1.01,$5.38,4.51,$1.07,22.67,$6.11B,$3.28B,1.86,$2.31B,$6.80B,0.34,$11.06B,$3.08B,27.83%,$11.06B,$0.91B,8.20%,$11.06B,$0.91B,8.20%,$11.06B,$1.44B,12.99%,$11.06B,$0.80B,7.23%,$11.06B,$0.49B,4.40%,$0.49B,$6.80B,6.97%,$0.49B,$3.22B,14.26%,$0.49B,$16.55B,2.98%,$0.91B,$9.11B,9.70%,$2957,$1999,$958,$142,$406,$2559,$398,$43,$441,$135,$306,$306,$304,$526,$398,$457,461,$0.67,$0.66,$1839,$1550,$0,$6111,$2896,$0,$3572,$224,$10441,$16552,$3280,$2313,$2900,$6476,$9756,$599,$-1798,$317,$6796,$16552,$479,$266,$126,$392,$-146,$-154,$260,$-5,$-41,$830,$-152,$0,$-43,$1,$0,$1,$-5,$-199,$0,$0,$0,$-162,$-162,$-146,$-5,$-313,$318,$0,$-146
35,2009-12-31,21.54,$15.26,1.41,$22.70,0.95,$4.47,4.82,$-6.66,0.0,$5.82B,$2.76B,2.11,$2.31B,$7.01B,0.33,$10.44B,$2.65B,25.42%,$10.44B,$-3.29B,-31.51%,$10.44B,$-3.29B,-31.51%,$10.44B,$0.79B,7.52%,$10.44B,$-3.47B,-33.29%,$10.44B,$-3.06B,-29.29%,$-3.06B,$7.01B,-43.42%,$-3.06B,$3.47B,-90.00%,$-3.06B,$16.28B,-18.69%,$-3.29B,$9.32B,-34.36%,$2892,$2051,$841,$138,$368,$2623,$269,$-27,$242,$69,$173,$173,$172,$407,$269,$459,462,$0.37,$0.37,$1695,$1458,$0,$5820,$3008,$0,$3541,$230,$10463,$16283,$2761,$2314,$2921,$6515,$9276,$899,$-2102,$413,$7007,$16283,$173,$138,$79,$217,$-76,$-40,$162,$-9,$-60,$330,$-74,$0,$12,$1,$0,$1,$-3,$-64,$0,$0,$0,$-17,$-17,$-74,$-2,$-93,$174,$0,$-74
36,2009-09-30,19.42,$15.27,1.27,$22.33,0.87,$3.74,5.19,$-7.11,0.0,$5.58B,$2.62B,2.13,$2.32B,$7.01B,0.33,$10.26B,$2.54B,24.73%,$10.26B,$-3.47B,-33.87%,$10.26B,$-3.47B,-33.87%,$10.26B,$0.59B,5.73%,$10.26B,$-3.67B,-35.78%,$10.26B,$-3.27B,-31.84%,$-3.27B,$7.01B,-41.25%,$-3.27B,$3.44B,-99.41%,$-3.27B,$16.02B,-18.82%,$-3.47B,$9.32B,-32.71%,$2698,$2007,$691,$131,$338,$2522,$176,$-91,$85,$7,$78,$78,$87,$309,$176,$459,459,$0.21,$0.21,$1521,$1435,$0,$5579,$3111,$0,$3567,$234,$10439,$16018,$2615,$2316,$2764,$6397,$9012,$1049,$-2264,$455,$7006,$16018,$-3259,$4062,$-229,$3833,$651,$634,$-420,$129,$755,$1329,$-315,$0,$709,$0,$0,$0,$-3,$391,$-803,$0,$-803,$-151,$-151,$-294,$-6,$-1254,$431,$50,$-294
37,2009-06-30,16.09,$15.43,1.04,$23.39,0.69,$2.40,6.71,$-6.88,0.0,$5.56B,$2.63B,2.12,$2.58B,$7.07B,0.37,$10.93B,$3.06B,27.97%,$10.93B,$-3.48B,-31.80%,$10.93B,$-3.48B,-31.80%,$10.93B,$0.70B,6.38%,$10.93B,$-3.74B,-34.22%,$10.93B,$-3.25B,-29.69%,$-3.25B,$7.07B,-36.33%,$-3.25B,$3.50B,-95.67%,$-3.25B,$16.29B,-17.32%,$-3.48B,$9.65B,-29.33%,$2508,$1921,$587,$130,$330,$2444,$64,$-33,$31,$6,$25,$25,$-77,$194,$64,$458,459,$-0.17,$-0.17,$1258,$1640,$0,$5558,$3106,$0,$3567,$238,$10734,$16292,$2625,$2578,$3017,$6596,$9221,$1049,$-2361,$598,$7071,$16292,$-3351,$3929,$-433,$3496,$779,$364,$-470,$190,$642,$787,$-261,$0,$710,$0,$0,$0,$-5,$444,$-662,$0,$-662,$-152,$-152,$-221,$-3,$-1038,$168,$0,$-221
38,2009-03-31,9.44,$15.44,0.61,$25.77,0.37,$1.14,8.32,$-6.04,0.0,$5.49B,$2.81B,1.96,$2.91B,$7.07B,0.41,$12.20B,$3.57B,29.25%,$12.20B,$-3.02B,-24.78%,$12.20B,$-3.02B,-24.78%,$12.20B,$1.15B,9.39%,$12.20B,$-3.29B,-26.99%,$12.20B,$-2.84B,-23.26%,$-2.84B,$7.07B,-28.21%,$-2.84B,$3.17B,-81.46%,$-2.84B,$16.82B,-14.05%,$-3.02B,$9.99B,-23.04%,$2337,$1803,$534,$131,$329,$6134,$-3797,$-35,$-3832,$-594,$-3238,$-3238,$-3238,$-125,$-3797,$458,458,$-7.07,$-7.07,$722,$1989,$0,$5487,$3284,$0,$3898,$258,$11333,$16820,$2807,$2914,$3027,$6942,$9749,$100,$-2286,$454,$7071,$16820,$-3272,$3799,$-559,$3240,$832,$148,$-544,$181,$489,$457,$-202,$0,$35,$0,$0,$0,$-5,$-172,$-326,$0,$-326,$-152,$-152,$-147,$2,$-623,$-363,$0,$-147
39,2008-12-31,13.74,$22.95,0.6,$28.16,0.49,$-0.04,0.0,$1.65,8.33,$5.81B,$2.72B,2.14,$3.02B,$10.51B,0.29,$13.53B,$4.01B,29.61%,$13.53B,$1.27B,9.42%,$13.53B,$1.27B,9.42%,$13.53B,$1.91B,14.11%,$13.53B,$1.01B,7.49%,$13.53B,$0.70B,5.18%,$0.70B,$10.51B,6.27%,$0.70B,$3.02B,19.20%,$0.70B,$20.25B,3.24%,$1.27B,$13.53B,8.90%,$2713,$1989,$724,$144,$411,$2630,$83,$-37,$46,$14,$32,$32,$-37,$210,$83,$459,461,$-0.08,$-0.08,$545,$2306,$0,$5809,$3406,$0,$7488,$270,$14437,$20246,$2717,$3018,$2985,$7020,$9737,$100,$1026,$592,$10509,$20246,$-35,$127,$51,$178,$495,$-144,$-199,$73,$-110,$33,$-111,$0,$23,$0,$0,$0,$-5,$-93,$-228,$0,$-228,$-152,$-152,$-74,$-3,$-457,$-541,$0,$-74
40,2008-09-30,23.26,$23.90,0.97,$29.40,0.79,$0.67,34.85,$3.63,6.41,$7.64B,$3.39B,2.25,$3.16B,$11.07B,0.29,$14.37B,$4.17B,29.03%,$14.37B,$1.66B,11.57%,$14.37B,$1.66B,11.57%,$14.37B,$2.31B,16.04%,$14.37B,$1.99B,13.85%,$14.37B,$1.69B,11.74%,$1.69B,$11.07B,14.78%,$1.69B,$3.87B,44.16%,$1.69B,$21.60B,7.40%,$1.66B,$14.23B,11.38%,$3371,$2159,$1212,$441,$344,$3196,$175,$-160,$15,$37,$-22,$-18,$107,$418,$175,$483,486,$0.27,$0.27,$1090,$2159,$770,$7635,$3342,$0,$7203,$287,$13965,$21600,$3387,$3161,$2959,$7140,$10527,$100,$1141,$929,$11073,$21600,$1692,$642,$-1272,$-630,$-107,$-267,$41,$122,$-73,$989,$-568,$0,$568,$0,$0,$0,$895,$895,$-221,$0,$-221,$-1188,$-1188,$-271,$-59,$-1739,$146,$55,$-271
41,2008-06-30,30.0,$24.38,1.23,$28.47,1.05,$1.22,24.68,$3.71,8.09,$7.14B,$3.42B,2.09,$3.17B,$11.59B,0.27,$13.99B,$4.20B,30.00%,$13.99B,$1.84B,13.13%,$13.99B,$1.84B,13.13%,$13.99B,$2.35B,16.81%,$13.99B,$2.29B,16.40%,$13.99B,$1.84B,13.13%,$1.84B,$11.59B,15.98%,$1.84B,$3.87B,48.68%,$1.84B,$22.11B,7.88%,$1.84B,$14.76B,12.47%,$3782,$2683,$1099,$152,$409,$3267,$515,$-37,$478,$191,$287,$285,$330,$643,$515,$478,482,$0.69,$0.68,$730,$2427,$307,$7137,$3642,$0,$7719,$362,$14977,$22114,$3419,$3171,$3004,$7104,$10523,$100,$928,$1295,$11591,$22114,$1580,$399,$-1382,$-983,$-152,$-310,$81,$183,$-246,$351,$-408,$0,$102,$0,$0,$0,$905,$599,$-200,$0,$-200,$-781,$-781,$-205,$-11,$-1197,$-213,$0,$-205
42,2008-03-31,28.63,$24.02,1.19,$27.25,1.05,$1.70,16.84,$0.28,102.26,$7.29B,$3.65B,2.0,$3.17B,$11.57B,0.27,$13.50B,$3.93B,29.15%,$13.50B,$0.82B,6.04%,$13.50B,$0.82B,6.04%,$13.50B,$1.33B,9.86%,$13.50B,$1.03B,7.64%,$13.50B,$0.14B,1.02%,$0.14B,$11.57B,1.22%,$0.14B,$3.84B,3.83%,$0.14B,$22.48B,0.59%,$0.82B,$14.74B,5.83%,$3662,$2692,$970,$0,$421,$3161,$501,$-27,$474,$171,$303,$302,$301,$638,$501,$458,489,$0.62,$0.62,$748,$2427,$290,$7288,$3618,$0,$7731,$363,$15187,$22475,$3648,$3173,$3145,$7257,$10905,$100,$665,$1291,$11570,$22475,$1250,$271,$-1437,$-1166,$-71,$-287,$34,$204,$-137,$-53,$-252,$0,$102,$0,$0,$0,$915,$765,$-201,$0,$-201,$-564,$-564,$-136,$-24,$-925,$-194,$0,$-136
