,Date,Stock Price,Book Value per Share,Price to Book Ratio,TTM Sales per Share,Price to Sales Ratio,TTM FCF per Share,Price to FCF Ratio,TTM Net EPS,PE Ratio,Current Assets,Current Liabilities,Current Ratio,Long Term Debt,Shareholder's Equity_x,Debt to Equity Ratio,TTM Revenue_x,TTM Gross Profit,Gross Margin,TTM Revenue_y,TTM Operating Income,Operating Margin,TTM Revenue_x,TTM EBIT,EBIT Margin,TTM Revenue_y,TTM EBITDA,EBITDA Margin,TTM Revenue_x,TTM Pre-Tax Income,Pre-Tax Margin,TTM Revenue_y,TTM Net Income_x,Net Margin,TTM Net Income_y,Shareholder's Equity_y,Return on Equity,TTM Net Income_x,Tangible Equity,Return on Tangible Equity,TTM Net Income_y,Total Assets,Return on Assets,TTM Net Income,LT Investments & Debt,Return on Investment,revenue,cost-goods-sold,gross-profit,research-development-expenses,selling-general-administrative-expenses,operating-expenses,operating-income,total-non-operating-income-expense,pre-tax-income,total-provision-income-taxes,income-after-taxes,income-from-continuous-operations,net-income,ebitda,ebit,basic-shares-outstanding,shares-outstanding,eps-basic-net-earnings-per-share,eps-earnings-per-share-diluted,cash-on-hand,inventory,other-current-assets,total-current-assets,net-property-plant-equipment,long-term-investments,goodwill-intangible-assets-total,other-long-term-assets,total-long-term-assets,total-assets,total-current-liabilities,long-term-debt,other-non-current-liabilities,total-long-term-liabilities,total-liabilities,common-stock-net,retained-earnings-accumulated-deficit,comprehensive-income,total-share-holder-equity,total-liabilities-share-holders-equity,net-income-loss,total-depreciation-amortization-cash-flow,other-non-cash-items,total-non-cash-items,change-in-accounts-receivable,change-in-inventories,change-in-accounts-payable,change-in-assets-liabilities,total-change-in-assets-liabilities,cash-flow-from-operating-activities,net-change-in-property-plant-equipment,net-change-in-intangible-assets,net-acquisitions-divestitures,net-change-in-short-term-investments,net-change-in-long-term-investments,net-change-in-investments-total,investing-activities-other,cash-flow-from-investing-activities,net-long-term-debt,net-current-debt,debt-issuance-retirement-net-total,net-common-equity-issued-repurchased,net-total-equity-issued-repurchased,total-common-preferred-stock-dividends-paid,financial-activities-other,cash-flow-from-financial-activities,net-cash-flow,stock-based-compensation,common-stock-dividends-paid
0,2018-09-30,8.97,$1.35,6.64,$0.04,219.72,$-1.82,0.0,$-0.46,0.0,$0.18B,$0.04B,4.61,$0.06B,$0.33B,0.18,$0.01B,$0.00B,33.33%,$0.01B,$-0.14B,-1522.22%,$0.01B,$-0.13B,-1466.67%,$0.01B,$-0.14B,-1511.11%,$0.01B,$-0.13B,-1433.33%,$0.01B,$-0.13B,-1433.33%,$-0.13B,$0.33B,-45.03%,$-0.13B,$0.33B,-45.03%,$-0.13B,$0.42B,-38.17%,$-0.14B,$0.38B,-45.55%,$1,$1,$0,$11,$20,$35,$-34,$1,$-33,$-0,$-33,$-33,$-33,$-34,$-34,$217,217,$-0.15,$-0.15,$172,$0,$0,$177,$119,$0,$0,$125,$244,$421,$38,$57,$1,$57,$96,$2,$-422,$0,$325,$421,$-94,$1,$8,$9,$0,$0,$0,$-3,$11,$-75,$-5,$0,$0,$0,$0,$0,$0,$-5,$0,$59,$59,$134,$134,$0,$-12,$181,$101,$3,$0
1,2018-06-30,8.32,$1.43,5.8,$0.04,223.96,$-1.91,0.0,$-0.58,0.0,$0.20B,$0.03B,7.26,$0.00B,$0.35B,0.0,$0.01B,$0.00B,37.50%,$0.01B,$-0.13B,-1612.50%,$0.01B,$-0.12B,-1550.00%,$0.01B,$-0.13B,-1600.00%,$0.01B,$-0.12B,-1475.00%,$0.01B,$-0.12B,-1487.50%,$-0.12B,$0.35B,-48.37%,$-0.12B,$0.35B,-48.42%,$-0.12B,$0.37B,-42.46%,$-0.13B,$0.35B,-52.44%,$1,$0,$1,$13,$22,$37,$-37,$1,$-36,$-0,$-36,$-36,$-36,$-36,$-37,$207,207,$-0.17,$-0.17,$197,$0,$0,$202,$116,$0,$0,$55,$172,$374,$28,$0,$1,$1,$28,$2,$-389,$0,$345,$374,$-61,$1,$4,$5,$0,$0,$0,$-4,$4,$-52,$-3,$0,$0,$0,$0,$0,$0,$-3,$0,$0,$0,$134,$134,$0,$-10,$124,$69,$2,$0
2,2018-03-31,7.21,$1.10,6.53,$0.03,217.09,$-2.03,0.0,$-0.58,0.0,$0.12B,$0.03B,4.45,$0.00B,$0.25B,0.0,$0.01B,$0.00B,28.57%,$0.01B,$-0.13B,-1785.71%,$0.01B,$-0.12B,-1714.29%,$0.01B,$-0.13B,-1785.71%,$0.01B,$-0.12B,-1642.86%,$0.01B,$-0.12B,-1657.14%,$-0.12B,$0.25B,-56.79%,$-0.12B,$0.25B,-56.93%,$-0.12B,$0.28B,-49.15%,$-0.13B,$0.25B,-61.20%,$7,$4,$2,$9,$18,$32,$-25,$0,$-25,$0,$-25,$-25,$-25,$-25,$-25,$205,205,$-0.12,$-0.12,$112,$0,$0,$121,$116,$0,$0,$43,$159,$280,$27,$0,$1,$1,$28,$2,$-353,$0,$252,$280,$-25,$0,$1,$2,$-2,$0,$0,$-3,$-0,$-24,$-1,$0,$0,$0,$0,$0,$0,$-1,$0,$0,$0,$15,$15,$0,$-6,$9,$-16,$1,$0
3,2017-12-31,9.74,$1.01,9.69,0,0.0,$-2.18,0.0,$-1.38,0.0,$0.13B,$0.05B,2.56,$0.00B,$0.22B,0.0,$0.00B,0,nan%,$0.00B,$-0.24B,inf%,$0.00B,$-0.24B,inf%,$0.00B,$-0.17B,inf%,$0.00B,$-0.23B,inf%,$0.00B,$-0.23B,inf%,$-0.23B,$0.22B,-120.68%,$-0.23B,$0.22B,-121.15%,$-0.23B,$0.28B,-104.50%,$-0.24B,$0.22B,-126.92%,$0,$0,$0,$15,$19,$41,$-41,$1,$-35,$-0,$-35,$-35,$-35,$-41,$-36,$189,189,$-0.02,$-0.02,$128,$0,$0,$134,$116,$0,$0,$27,$143,$277,$52,$0,$1,$1,$53,$2,$-328,$0,$224,$277,$-231,$78,$37,$115,$-0,$0,$0,$-4,$7,$-109,$-91,$0,$0,$0,$5,$5,$-9,$-96,$0,$0,$0,$318,$318,$0,$-7,$312,$107,$42,$0
4,2017-09-30,10.68,$0.77,13.96,0,0.0,$-1.50,0.0,$-1.21,0.0,$0.14B,$0.03B,5.22,$0.00B,$0.16B,0.0,$0.00B,0,nan%,$0.00B,$-0.20B,inf%,$0.00B,$-0.20B,inf%,$0.00B,$-0.13B,inf%,$0.00B,$-0.20B,inf%,$0.00B,$-0.20B,inf%,$-0.20B,$0.16B,-143.74%,$-0.20B,$0.16B,-144.53%,$-0.20B,$0.19B,-121.85%,$-0.20B,$0.16B,-148.09%,$0,$0,$0,$9,$17,$26,$-26,$4,$-22,$1,$-23,$-23,$-23,$-26,$-26,$192,192,$-0.12,$-0.12,$138,$0,$0,$144,$25,$0,$1,$20,$47,$190,$28,$0,$0,$0,$28,$2,$-293,$0,$163,$190,$-197,$78,$36,$113,$0,$0,$-1,$-2,$-3,$-86,$-1,$0,$-8,$5,$0,$5,$-9,$-14,$0,$0,$0,$218,$218,$0,$-1,$217,$117,$22,$0
5,2017-06-30,10.03,$0.85,11.86,0,0.0,$-1.36,0.0,$-1.32,0.0,$0.17B,$0.02B,8.73,$0.00B,$0.18B,0.0,$0.00B,0,nan%,$0.00B,$-0.22B,inf%,$0.00B,$-0.22B,inf%,$0.00B,$-0.14B,inf%,$0.00B,$-0.22B,inf%,$0.00B,$-0.22B,inf%,$-0.22B,$0.18B,-224.04%,$-0.22B,$0.18B,-225.77%,$-0.22B,$0.20B,-187.98%,$-0.22B,$0.18B,-227.11%,$0,$0,$0,$15,$18,$33,$-33,$0,$-33,$0,$-33,$-33,$-33,$-33,$-33,$186,186,$-0.17,$-0.17,$163,$0,$0,$168,$25,$0,$1,$3,$29,$197,$19,$0,$0,$0,$19,$2,$-271,$1,$178,$197,$-174,$78,$35,$113,$-2,$0,$0,$-0,$-11,$-72,$-1,$0,$0,$0,$0,$0,$0,$-1,$0,$0,$0,$213,$213,$0,$-0,$212,$140,$18,$0
6,2017-03-31,11.72,$1.01,11.65,0,0.0,$-1.20,0.0,$-1.15,0.0,$0.20B,$0.02B,9.75,$0.00B,$0.20B,0.0,$0.00B,0,nan%,$0.00B,$-0.21B,inf%,$0.00B,$-0.21B,inf%,$0.00B,$-0.13B,inf%,$0.00B,$-0.20B,inf%,$0.00B,$-0.20B,inf%,$-0.20B,$0.20B,-351.30%,$-0.20B,$0.20B,-355.95%,$-0.20B,$0.22B,-268.44%,$-0.21B,$0.20B,-358.26%,$0,$0,$0,$22,$44,$144,$-144,$2,$-141,$0,$-141,$-141,$-141,$-66,$-144,$154,154,$-0.92,$-0.92,$188,$0,$0,$195,$26,$0,$1,$2,$29,$224,$20,$0,$0,$0,$20,$2,$-238,$-0,$204,$224,$-141,$78,$33,$111,$0,$0,$-2,$-1,$-11,$-42,$-1,$0,$0,$0,$0,$0,$0,$-0,$0,$0,$0,$208,$208,$0,$-0,$207,$165,$35,$0
7,2016-12-31,11.25,$0.05,220.16,0,0.0,$-1.14,0.0,$-1.94,0.0,$0.03B,$0.03B,1.0,$0.00B,$0.01B,0.0,$0.00B,0,nan%,$0.00B,$-0.07B,inf%,$0.00B,$-0.07B,inf%,$0.00B,$-0.07B,inf%,$0.00B,$-0.07B,inf%,$0.00B,$-0.07B,inf%,$-0.07B,$0.01B,-663.41%,$-0.07B,$0.01B,-715.79%,$-0.07B,$0.04B,-256.60%,$-0.07B,$0.01B,-673.17%,$0,$0,$0,$17,$1,$1,$-1,$0,$-1,$0,$-1,$-1,$-1,$-1,$-1,$6,6,$-0.09,$-0.09,$21,$0,$0,$25,$11,$0,$0,$3,$14,$39,$25,$0,$9,$9,$33,$0,$-97,$0,$6,$39,$-3,$0,$1,$0,$-0,$0,$-0,$0,$-1,$-3,$1,$0,$0,$1,$0,$1,$1,$2,$-0,$0,$-0,$-0,$-0,$0,$-2,$-0,$-1,$1,$0
8,2016-09-30,5.49,$0.45,12.27,0,0.0,$-1.02,0.0,$-2.26,0.0,$0.01B,$0.00B,1.52,$0.00B,$0.00B,0.0,$0.00B,0,nan%,$0.00B,$-0.07B,inf%,$0.00B,$-0.07B,inf%,$0.00B,$-0.07B,inf%,$0.00B,$-0.07B,inf%,$0.00B,$-0.07B,inf%,$-0.07B,$0.00B,-431.25%,$-0.07B,$0.00B,-452.46%,$-0.07B,$0.01B,-248.65%,$-0.07B,$0.00B,-400.00%,$0,$0,$0,$16,$29,$44,$-44,$0,$-44,$0,$-44,$-44,$-44,$-44,$-44,$120,120,$-0.37,$-0.37,$3,$0,$0,$5,$0,$0,$1,$0,$1,$6,$3,$0,$0,$0,$3,$0,$-98,$5,$3,$6,$-68,$0,$24,$24,$-0,$0,$0,$-3,$14,$-29,$-9,$0,$0,$0,$0,$0,$0,$-9,$0,$0,$0,$59,$59,$0,$-2,$57,$19,$24,$0
9,2016-06-30,1.18,$2.87,0.41,0,0.0,$-0.79,0.0,$-2.64,0.0,$0.03B,$0.02B,2.02,$0.00B,$-0.01B,0.0,$0.00B,0,nan%,$0.00B,$-0.03B,inf%,$0.00B,$-0.03B,inf%,$0.00B,$-0.03B,inf%,$0.00B,$-0.03B,inf%,$0.00B,$-0.03B,inf%,$-0.03B,$0.02B,-127.47%,$-0.03B,$0.02B,-131.82%,$-0.03B,$0.03B,-77.85%,$-0.03B,$0.02B,-106.93%,$0,$0,$0,$12,$5,$17,$-17,$0,$-16,$-0,$-16,$-16,$-16,$-17,$-17,$110,110,$-0.15,$-0.15,$2,$0,$26,$30,$0,$0,$1,$0,$1,$32,$15,$0,$0,$0,$15,$0,$-96,$5,$17,$32,$-23,$0,$5,$5,$-0,$0,$-0,$-2,$3,$-16,$-9,$0,$0,$0,$0,$0,$0,$-9,$0,$0,$0,$37,$37,$0,$0,$37,$12,$5,$0
10,2016-03-31,1.05,$2.60,0.4,0,0.0,$-0.57,0.0,$-2.64,0.0,$0.03B,$0.01B,1.9,$0.00B,$-0.01B,0.0,$0.00B,0,nan%,$0.00B,$-0.01B,inf%,$0.00B,$-0.01B,inf%,$0.00B,$-0.01B,inf%,$0.00B,$-0.01B,inf%,$0.00B,$-0.01B,inf%,$-0.01B,$0.02B,-48.15%,$-0.01B,$0.01B,-49.52%,$-0.01B,$0.03B,-31.71%,$-0.01B,$0.02B,-33.90%,$0,$0,$0,$3,$4,$7,$-7,$0,$-7,$0,$-7,$-7,$-7,$-7,$-7,$44,44,$-0.16,$-0.16,$1,$0,$24,$27,$1,$0,$1,$0,$2,$29,$14,$0,$0,$0,$14,$0,$-98,$5,$15,$29,$-7,$0,$4,$4,$-0,$0,$0,$0,$3,$-1,$-9,$0,$0,$0,$0,$0,$0,$-9,$0,$0,$0,$30,$30,$0,$0,$30,$21,$4,$0
11,2015-12-31,0.55,$5.12,0.11,0,0.0,$-1.30,0.0,$-1.41,0.0,$0.01B,$0.01B,0.9,$0.01B,$0.00B,1.76,$0.00B,0,nan%,$0.00B,$-0.01B,inf%,$0.00B,$-0.01B,inf%,$0.00B,$-0.00B,inf%,$0.00B,$-0.00B,inf%,$0.00B,$-0.01B,inf%,$-0.01B,$0.03B,-24.49%,$-0.01B,$0.03B,-25.00%,$-0.01B,$0.04B,-17.91%,$-0.01B,$0.03B,-15.29%,$0,$0,$0,$0,$0,$0,$-1,$0,$-1,$0,$0,$-1,$-2,$0,$0,$6,6,$-0.32,$-0.32,$3,$1,$0,$6,$37,$0,$1,$1,$38,$44,$6,$5,$3,$8,$14,$0,$-86,$5,$29,$44,$-3,$0,$1,$1,$0,$0,$0,$0,$1,$-1,$-0,$0,$0,$1,$0,$1,$0,$1,$0,$0,$0,$-0,$-0,$0,$-0,$0,$-0,$0,$0
12,2015-09-30,0.61,$5.20,0.12,$0.22,2.73,$-2.73,0.0,$-1.65,0.0,$0.01B,$0.01B,0.95,$0.01B,$0.00B,1.65,$0.00B,$0.00B,100.00%,$0.00B,$-0.00B,-400.00%,$0.00B,$-0.01B,-500.00%,$0.00B,$-0.00B,-200.00%,$0.00B,$-0.01B,-600.00%,$0.00B,$-0.01B,-1000.00%,$-0.01B,$0.03B,-23.26%,$-0.01B,$0.03B,-23.81%,$-0.01B,$0.04B,-17.78%,$-0.00B,$0.04B,-9.04%,$0,$0,$0,$0,$2,$2,$-2,$-0,$-2,$0,$-2,$-2,$-4,$-2,$-2,$6,6,$-0.61,$-0.61,$3,$1,$0,$6,$37,$0,$1,$1,$38,$44,$6,$6,$3,$8,$14,$0,$-85,$4,$30,$44,$-2,$0,$1,$1,$0,$0,$0,$0,$1,$-1,$0,$0,$0,$1,$0,$1,$0,$1,$0,$0,$0,$-0,$-0,$0,$-0,$-0,$-0,$0,$0
13,2015-06-30,3.36,$0.00,0.0,$0.50,6.72,$-3.50,0.0,$-1.60,0.0,$0.01B,$0.01B,1.84,$0.00B,$0.01B,0.0,$0.00B,$0.00B,100.00%,$0.00B,$-0.01B,-166.67%,$0.00B,$-0.01B,-200.00%,$0.00B,$-0.00B,-100.00%,$0.00B,$-0.01B,-233.33%,$0.00B,$-0.01B,-300.00%,$-0.01B,$0.03B,-17.39%,$-0.01B,$0.03B,-17.73%,$-0.01B,$0.05B,-13.95%,$-0.01B,$0.03B,-9.66%,$0,$0,$0,$0,$0,$0,$0,$0,$0,$0,$0,$0,$0,$0,$0,$0,0,$0.00,$0.00,$5,$0,$1,$9,$37,$0,$1,$1,$38,$47,$5,$0,$8,$8,$13,$0,$-81,$5,$34,$47,$0,$0,$0,$0,$0,$0,$0,$0,$0,$0,$0,$0,$0,$0,$0,$0,$0,$0,$0,$0,$0,$0,$0,$0,$0,$0,$0,$0,$0
14,2015-03-31,4.08,$9.49,0.43,$0.50,8.16,$-3.50,0.0,$-1.60,0.0,$0.01B,$0.01B,1.1,$0.00B,$0.03B,0.0,$0.00B,$0.00B,100.00%,$0.00B,$-0.01B,-166.67%,$0.00B,$-0.01B,-200.00%,$0.00B,$-0.00B,-100.00%,$0.00B,$-0.01B,-233.33%,$0.00B,$-0.01B,-300.00%,$-0.01B,$0.05B,-14.81%,$-0.01B,$0.05B,-15.06%,$-0.01B,$0.07B,-12.33%,$-0.01B,$0.05B,-8.23%,$0,$0,$0,$0,$2,$3,$-3,$2,$-1,$0,$-1,$-1,$-3,$-2,$-3,$6,6,$-0.45,$-0.45,$7,$1,$0,$10,$54,$0,$1,$1,$56,$66,$9,$0,$3,$3,$12,$1,$-45,$-10,$54,$66,$-5,$0,$-0,$-0,$0,$-0,$0,$0,$0,$-5,$0,$0,$0,$0,$0,$0,$0,$0,$0,$4,$4,$-1,$-1,$-1,$0,$1,$-13,$1,$0
15,2014-12-31,7.28,$9.47,0.77,$0.84,8.7,$-4.96,0.0,$3.12,2.33,$0.01B,$0.01B,1.43,$0.00B,$0.03B,0.0,$0.01B,$0.01B,100.00%,$0.01B,$-0.01B,-100.00%,$0.01B,$-0.01B,-120.00%,$0.01B,$-0.00B,-60.00%,$0.01B,$-0.01B,-180.00%,$0.01B,$0.02B,360.00%,$0.02B,$0.05B,26.87%,$0.02B,$0.05B,27.38%,$0.02B,$0.07B,22.50%,$-0.01B,$0.05B,-7.46%,$1,$0,$1,$0,$0,$0,$1,$0,$-3,$0,$0,$-3,$-3,$2,$0,$6,6,$-0.55,$-0.55,$10,$1,$0,$14,$53,$0,$1,$0,$55,$68,$10,$0,$5,$5,$14,$1,$-42,$-12,$54,$68,$-6,$1,$1,$1,$0,$-0,$0,$-0,$0,$-4,$-5,$0,$0,$0,$0,$0,$-0,$-6,$0,$4,$4,$-1,$-1,$-1,$0,$1,$-9,$0,$0
16,2014-09-30,17.04,$11.37,1.5,$0.90,18.87,$-6.83,0.0,$2.88,5.92,$0.02B,$0.01B,2.54,$0.00B,$0.04B,0.0,$0.01B,$0.01B,100.00%,$0.01B,$-0.00B,-66.67%,$0.01B,$-0.01B,-100.00%,$0.01B,$-0.00B,-50.00%,$0.01B,$-0.01B,-150.00%,$0.01B,$0.02B,266.67%,$0.02B,$0.07B,23.53%,$0.02B,$0.06B,24.06%,$0.02B,$0.08B,19.51%,$-0.00B,$0.07B,-5.88%,$2,$0,$2,$0,$2,$4,$-3,$0,$-3,$0,$-3,$-3,$-3,$-3,$-3,$6,6,$-0.54,$-0.54,$21,$1,$0,$24,$52,$0,$1,$0,$53,$77,$10,$0,$3,$3,$12,$1,$-39,$-4,$65,$77,$-3,$0,$1,$1,$0,$-0,$0,$0,$-0,$-2,$-3,$0,$0,$0,$0,$0,$0,$-3,$0,$0,$0,$0,$0,$-0,$0,$-0,$-6,$0,$0
17,2014-06-30,17.6,$0.00,0.0,$1.00,17.58,$-7.01,0.0,$2.48,7.1,$0.03B,$0.01B,4.91,$0.00B,$0.05B,0.0,$0.01B,$0.01B,100.00%,$0.01B,$-0.01B,-83.33%,$0.01B,$-0.01B,-116.67%,$0.01B,$-0.00B,-66.67%,$0.01B,$-0.01B,-166.67%,$0.01B,$0.01B,233.33%,$0.01B,$0.07B,20.82%,$0.01B,$0.07B,21.37%,$0.01B,$0.08B,16.72%,$-0.01B,$0.07B,-7.43%,$0,$0,$0,$0,$0,$0,$0,$0,$0,$0,$0,$0,$0,$0,$0,$0,0,$0.00,$0.00,$28,$1,$0,$32,$48,$0,$1,$0,$49,$81,$7,$0,$4,$4,$11,$1,$-36,$-2,$70,$81,$0,$0,$0,$0,$0,$0,$0,$0,$0,$0,$0,$0,$0,$0,$0,$0,$0,$0,$0,$0,$0,$0,$0,$0,$0,$0,$0,$0,$0
18,2014-03-31,11.36,$13.87,0.82,$1.00,11.35,$-7.01,0.0,$2.48,4.58,$0.05B,$0.01B,5.61,$0.00B,$0.05B,0.0,$0.01B,$0.01B,100.00%,$0.01B,$-0.01B,-83.33%,$0.01B,$-0.01B,-116.67%,$0.01B,$-0.00B,-66.67%,$0.01B,$-0.01B,-166.67%,$0.01B,$0.01B,233.33%,$0.01B,$0.08B,21.13%,$0.01B,$0.08B,21.79%,$0.01B,$0.09B,16.67%,$-0.01B,$0.08B,-7.55%,$2,$0,$2,$0,$2,$5,$-3,$-0,$-3,$0,$-3,$-3,$24,$-2,$-3,$6,6,$4.24,$4.24,$39,$0,$0,$49,$44,$0,$1,$0,$45,$94,$9,$0,$7,$7,$15,$1,$-36,$6,$79,$94,$16,$1,$-28,$-27,$-0,$0,$0,$-0,$0,$-11,$-3,$0,$0,$0,$0,$0,$0,$-3,$0,$-0,$-0,$-0,$-0,$0,$0,$-0,$-13,$2,$0
19,2013-12-31,8.24,$10.26,0.8,$0.96,8.58,$-7.46,0.0,$-2.48,0.0,$0.02B,$0.01B,2.33,$0.00B,$0.03B,0.0,$0.01B,$0.01B,100.00%,$0.01B,$-0.01B,-100.00%,$0.01B,$-0.01B,-133.33%,$0.01B,$-0.01B,-100.00%,$0.01B,$-0.01B,-183.33%,$0.01B,$-0.01B,-233.33%,$-0.01B,$0.06B,-24.03%,$-0.01B,$0.06B,-24.89%,$-0.01B,$0.08B,-18.18%,$-0.01B,$0.06B,-10.30%,$2,$0,$2,$0,$0,$0,$2,$0,$-3,$0,$0,$-3,$-5,$2,$0,$6,6,$-0.80,$-0.80,$12,$1,$0,$16,$50,$0,$2,$0,$60,$76,$7,$0,$11,$11,$18,$1,$-60,$10,$58,$76,$-9,$1,$1,$2,$0,$-0,$0,$-1,$0,$-7,$-13,$0,$0,$0,$0,$0,$0,$-13,$0,$-0,$-0,$0,$0,$0,$0,$-0,$-20,$1,$0
20,2013-09-30,8.16,$10.96,0.74,$0.93,8.75,$-5.41,0.0,$-2.80,0.0,$0.03B,$0.01B,2.63,$0.00B,$0.04B,0.0,$0.01B,$0.01B,100.00%,$0.01B,$-0.02B,-266.67%,$0.01B,$-0.02B,-266.67%,$0.01B,$-0.02B,-250.00%,$0.01B,$-0.02B,-266.67%,$0.01B,$-0.02B,-266.67%,$-0.02B,$0.06B,-27.00%,$-0.02B,$0.06B,-27.95%,$-0.02B,$0.08B,-20.32%,$-0.02B,$0.06B,-27.00%,$2,$0,$2,$0,$3,$6,$-4,$-0,$-4,$0,$-4,$-4,$-5,$-4,$-4,$6,6,$-0.96,$-0.96,$27,$1,$0,$30,$45,$0,$2,$0,$54,$84,$11,$0,$11,$11,$22,$1,$-55,$11,$62,$84,$-5,$0,$1,$1,$-0,$0,$0,$0,$1,$-3,$-3,$0,$0,$0,$0,$0,$0,$-3,$0,$0,$0,$0,$0,$0,$0,$0,$-5,$1,$0
21,2013-06-30,8.24,$0.00,0.0,$0.80,10.27,$-4.96,0.0,$-2.64,0.0,$0.04B,$0.01B,6.06,$0.00B,$0.04B,0.0,$0.01B,$0.01B,100.00%,$0.01B,$-0.02B,-300.00%,$0.01B,$-0.02B,-300.00%,$0.01B,$-0.02B,-300.00%,$0.01B,$-0.02B,-300.00%,$0.01B,$-0.02B,-266.67%,$-0.02B,$0.07B,-26.23%,$-0.02B,$0.06B,-27.12%,$-0.02B,$0.08B,-20.06%,$-0.02B,$0.07B,-29.51%,$0,$0,$0,$0,$0,$0,$0,$0,$0,$0,$0,$0,$0,$0,$0,$0,0,$0.00,$0.00,$33,$1,$0,$35,$37,$0,$2,$0,$47,$82,$6,$0,$11,$11,$16,$1,$-50,$11,$66,$82,$0,$0,$0,$0,$0,$0,$0,$0,$0,$0,$0,$0,$0,$0,$0,$0,$0,$0,$0,$0,$0,$0,$0,$0,$0,$0,$0,$0,$0
22,2013-03-31,8.56,$8.48,1.01,$1.09,7.83,$-7.91,0.0,$2.48,3.45,$0.02B,$0.01B,2.65,$0.00B,$0.05B,0.0,$0.01B,$0.01B,175.00%,$0.01B,$0.01B,125.00%,$0.01B,$0.01B,125.00%,$0.01B,$0.01B,137.50%,$0.01B,$0.01B,137.50%,$0.01B,$0.02B,237.50%,$0.02B,$0.05B,30.28%,$0.02B,$0.05B,31.28%,$0.02B,$0.07B,23.03%,$0.01B,$0.05B,15.94%,$2,$0,$2,$0,$2,$6,$-4,$0,$-4,$0,$-4,$-4,$-4,$-4,$-4,$6,6,$-0.72,$-0.72,$15,$1,$0,$18,$39,$0,$2,$1,$49,$66,$7,$0,$12,$12,$19,$1,$-47,$12,$47,$66,$-17,$1,$5,$5,$-0,$-0,$0,$0,$-3,$-14,$-2,$0,$0,$0,$0,$0,$0,$-2,$-0,$1,$0,$-10,$-10,$0,$0,$-10,$-27,$1,$0
23,2012-12-31,7.38,$0.00,0.0,$1.51,4.88,$-6.61,0.0,$2.48,2.97,$0.03B,$0.01B,3.59,$0.00B,$0.06B,0.0,$0.01B,$0.02B,154.55%,$0.01B,$0.01B,81.82%,$0.01B,$0.01B,81.82%,$0.01B,$0.01B,109.09%,$0.01B,$0.01B,90.91%,$0.01B,$0.02B,163.64%,$0.02B,$0.06B,29.63%,$0.02B,$0.06B,31.03%,$0.02B,$0.08B,21.95%,$0.01B,$0.06B,14.81%,$2,$0,$2,$0,$3,$9,$-8,$0,$-8,$-0,$-7,$-7,$-7,$-7,$-8,$7,7,$-1.12,$-1.12,$32,$1,$1,$34,$42,$7,$2,$0,$57,$83,$9,$0,$12,$12,$21,$1,$-42,$0,$62,$83,$-13,$1,$2,$2,$0,$-0,$0,$-0,$1,$-9,$-1,$0,$0,$0,$0,$0,$0,$-1,$-0,$0,$-0,$-0,$-0,$0,$0,$-0,$-10,$1,$0
24,2012-09-30,8.4,$0.00,0.0,$1.73,4.86,$-6.76,0.0,$2.96,2.84,$0.04B,$0.01B,5.25,$0.00B,$0.07B,0.0,$0.01B,$0.02B,125.00%,$0.01B,$0.01B,100.00%,$0.01B,$0.01B,100.00%,$0.01B,$0.02B,125.00%,$0.01B,$0.01B,108.33%,$0.01B,$0.02B,166.67%,$0.02B,$0.07B,35.87%,$0.02B,$0.07B,38.10%,$0.02B,$0.09B,25.81%,$0.01B,$0.07B,21.43%,$2,$0,$2,$0,$4,$8,$-6,$0,$-6,$-0,$-5,$-5,$-5,$-7,$-6,$7,7,$-0.80,$-0.80,$38,$0,$0,$40,$47,$0,$2,$0,$56,$88,$8,$0,$12,$12,$20,$1,$-35,$0,$69,$88,$-5,$0,$2,$2,$0,$0,$0,$0,$-0,$-4,$-0,$0,$0,$0,$0,$0,$0,$-0,$-0,$0,$-0,$0,$0,$0,$0,$-0,$-3,$0,$0
25,2012-06-30,8.8,$10.83,0.81,$2.03,4.34,$-6.64,0.0,$3.92,2.24,$0.04B,$0.01B,5.79,$0.00B,$0.07B,0.01,$0.01B,$0.01B,100.00%,$0.01B,$0.01B,100.00%,$0.01B,$0.01B,100.00%,$0.01B,$0.02B,114.29%,$0.01B,$0.02B,142.86%,$0.01B,$0.03B,185.71%,$0.03B,$0.07B,52.00%,$0.03B,$0.07B,56.52%,$0.03B,$0.09B,35.86%,$0.01B,$0.07B,27.72%,$2,$-6,$8,$3,$-23,$-26,$28,$-4,$29,$-6,$35,$35,$35,$29,$28,$7,7,$5.12,$5.12,$41,$0,$0,$44,$40,$0,$2,$0,$49,$93,$8,$0,$12,$12,$20,$1,$-30,$11,$73,$93,$26,$2,$0,$2,$0,$0,$0,$0,$3,$-10,$-10,$0,$11,$0,$0,$0,$34,$36,$0,$0,$-1,$0,$0,$0,$-3,$-4,$21,$0,$0
26,2012-03-31,10.24,$0.00,0.0,$2.52,4.06,$-4.48,0.0,$-5.28,0.0,$0.03B,$0.01B,1.75,$0.00B,$0.04B,0.01,$0.02B,$0.01B,47.06%,$0.02B,$-0.02B,-94.12%,$0.02B,$-0.02B,-94.12%,$0.02B,$-0.01B,-82.35%,$0.02B,$-0.03B,-170.59%,$0.02B,$-0.04B,-211.76%,$-0.04B,$0.04B,-80.00%,$-0.04B,$0.03B,-89.44%,$-0.04B,$0.06B,-53.53%,$-0.02B,$0.04B,-35.16%,$5,$0,$5,$0,$3,$9,$-5,$-0,$-5,$0,$-5,$-5,$-5,$-3,$-5,$7,7,$-0.72,$-0.72,$17,$1,$5,$25,$44,$3,$5,$0,$52,$64,$14,$0,$10,$10,$25,$1,$-64,$0,$39,$64,$-8,$1,$-3,$-2,$1,$-0,$0,$-0,$-1,$-10,$-0,$0,$11,$0,$0,$0,$-1,$10,$-0,$1,$0,$0,$0,$0,$-3,$-3,$-3,$1,$0
27,2011-12-31,7.74,$0.00,0.0,$2.55,3.04,$-3.21,0.0,$-4.56,0.0,$0.03B,$0.01B,2.2,$0.00B,$0.04B,0.01,$0.02B,$0.01B,35.29%,$0.02B,$-0.01B,-76.47%,$0.02B,$-0.01B,-76.47%,$0.02B,$-0.01B,-64.71%,$0.02B,$-0.02B,-141.18%,$0.02B,$-0.03B,-182.35%,$-0.03B,$0.04B,-57.14%,$-0.03B,$0.04B,-62.31%,$-0.03B,$0.07B,-41.47%,$-0.01B,$0.04B,-23.64%,$3,$3,$-0,$1,$3,$8,$-5,$0,$-5,$-0,$-5,$-5,$-5,$-4,$-5,$7,7,$-0.64,$-0.64,$21,$1,$3,$27,$43,$3,$5,$0,$51,$65,$12,$1,$10,$10,$23,$1,$-60,$0,$42,$65,$-4,$1,$0,$1,$0,$0,$0,$0,$-1,$-8,$-3,$0,$0,$0,$0,$-3,$15,$9,$0,$1,$0,$0,$0,$0,$-4,$-3,$-2,$0,$0
28,2011-09-30,9.52,$0.00,0.0,$2.76,3.45,$-2.55,0.0,$-4.24,0.0,$0.03B,$0.01B,2.83,$0.00B,$0.05B,0.02,$0.02B,$0.01B,44.44%,$0.02B,$-0.01B,-66.67%,$0.02B,$-0.01B,-66.67%,$0.02B,$-0.01B,-61.11%,$0.02B,$-0.02B,-122.22%,$0.02B,$-0.03B,-155.56%,$-0.03B,$0.05B,-44.27%,$-0.03B,$0.04B,-47.86%,$-0.03B,$0.07B,-33.84%,$-0.01B,$0.05B,-18.82%,$4,$3,$1,$1,$3,$8,$-4,$5,$1,$0,$1,$1,$1,$-6,$-4,$7,7,$0.16,$0.16,$28,$1,$2,$33,$43,$0,$5,$0,$48,$68,$11,$1,$9,$10,$21,$1,$-55,$0,$46,$68,$1,$0,$0,$0,$0,$0,$0,$0,$1,$-2,$-1,$0,$0,$0,$0,$-2,$15,$11,$0,$1,$-0,$0,$0,$0,$-3,$-3,$5,$0,$0
29,2011-06-30,13.44,$0.00,0.0,$2.78,4.84,$-2.51,0.0,$-4.88,0.0,$0.04B,$0.01B,5.76,$0.00B,$0.05B,0.02,$0.02B,$0.01B,50.00%,$0.02B,$-0.01B,-66.67%,$0.02B,$-0.01B,-66.67%,$0.02B,$-0.01B,-72.22%,$0.02B,$-0.03B,-150.00%,$0.02B,$-0.03B,-177.78%,$-0.03B,$0.05B,-45.07%,$-0.03B,$0.05B,-48.30%,$-0.03B,$0.07B,-35.85%,$-0.01B,$0.05B,-16.84%,$5,$3,$2,$1,$2,$8,$-2,$-18,$-20,$7,$-27,$-27,$-27,$-1,$-2,$7,7,$-4.08,$-4.08,$20,$1,$12,$37,$149,$0,$5,$0,$154,$72,$6,$1,$12,$13,$19,$1,$-56,$0,$53,$72,$-32,$3,$0,$3,$0,$0,$0,$0,$3,$-4,$-1,$0,$0,$0,$0,$0,$-13,$-13,$0,$5,$0,$0,$0,$0,$-5,$1,$-13,$0,$0
30,2011-03-31,19.37,$0.00,0.0,$2.78,6.96,$-1.65,0.0,$-1.28,0.0,$0.03B,$0.01B,5.85,$0.00B,$0.08B,0.01,$0.02B,$0.01B,50.00%,$0.02B,$-0.01B,-72.22%,$0.02B,$-0.01B,-72.22%,$0.02B,$-0.01B,-72.22%,$0.02B,$-0.01B,-55.56%,$0.02B,$-0.01B,-44.44%,$-0.01B,$0.08B,-10.49%,$-0.01B,$0.07B,-11.19%,$-0.01B,$0.09B,-8.51%,$-0.01B,$0.08B,-16.99%,$5,$2,$3,$0,$4,$7,$-2,$2,$0,$0,$-0,$-0,$-0,$0,$-2,$7,7,$0.00,$0.00,$23,$1,$1,$29,$143,$0,$5,$26,$180,$94,$5,$1,$11,$13,$18,$1,$-29,$0,$76,$94,$-6,$2,$0,$2,$0,$0,$0,$0,$1,$-3,$1,$0,$0,$0,$0,$-6,$-10,$-15,$0,$0,$1,$0,$0,$0,$0,$1,$-13,$0,$0
31,2010-12-31,22.96,$0.00,0.0,$2.79,8.22,$-1.08,0.0,$-1.12,0.0,$0.04B,$0.01B,5.5,$0.00B,$0.08B,0.0,$0.02B,$0.01B,50.00%,$0.02B,$-0.01B,-66.67%,$0.02B,$-0.01B,-66.67%,$0.02B,$-0.01B,-61.11%,$0.02B,$-0.01B,-38.89%,$0.02B,$-0.01B,-38.89%,$-0.01B,$0.08B,-9.00%,$-0.01B,$0.07B,-9.59%,$-0.01B,$0.10B,-7.35%,$-0.01B,$0.08B,-15.43%,$4,$3,$2,$1,$5,$9,$-4,$1,$-3,$-1,$-2,$-2,$-2,$-4,$-4,$7,7,$-0.32,$-0.32,$32,$1,$3,$40,$143,$0,$5,$15,$171,$97,$7,$0,$11,$12,$19,$1,$-29,$0,$78,$97,$-6,$2,$0,$2,$0,$0,$0,$0,$1,$-4,$-3,$0,$0,$0,$0,$-4,$-0,$-7,$0,$2,$-2,$0,$0,$0,$0,$-0,$-6,$0,$0
32,2010-09-30,15.12,$0.00,0.0,$3.58,4.23,$0.06,251.58,$-0.56,0.0,$0.04B,$0.01B,7.31,$0.00B,$0.08B,0.0,$0.02B,$0.02B,62.50%,$0.02B,$-0.01B,-25.00%,$0.02B,$-0.01B,-25.00%,$0.02B,$-0.00B,-12.50%,$0.02B,$-0.00B,-8.33%,$0.02B,$-0.00B,-12.50%,$-0.00B,$0.08B,-3.93%,$-0.00B,$0.07B,-4.21%,$-0.00B,$0.09B,-3.09%,$-0.01B,$0.08B,-7.87%,$4,$2,$2,$0,$4,$8,$-4,$0,$-4,$-0,$-3,$-3,$-3,$-8,$-4,$7,7,$-0.48,$-0.48,$35,$1,$3,$42,$135,$0,$5,$15,$160,$94,$6,$0,$10,$11,$17,$1,$-27,$0,$77,$94,$-3,$1,$0,$1,$0,$0,$0,$0,$-0,$-2,$-1,$0,$0,$0,$0,$-6,$0,$-7,$0,$0,$0,$0,$0,$0,$0,$0,$-5,$0,$0
33,2010-06-30,14.64,$0.00,0.0,$4.44,3.29,$0.70,20.79,$-0.32,0.0,$0.04B,$0.01B,6.84,$0.00B,$0.07B,0.0,$0.03B,$0.02B,65.52%,$0.03B,$-0.00B,-10.34%,$0.03B,$-0.00B,-10.34%,$0.03B,$-0.00B,-3.45%,$0.03B,$0.00B,3.45%,$0.03B,$-0.00B,-3.45%,$-0.00B,$0.07B,-1.37%,$-0.00B,$0.07B,-1.46%,$-0.00B,$0.09B,-1.05%,$-0.00B,$0.07B,-4.10%,$5,$3,$2,$0,$2,$7,$-3,$-0,$-3,$0,$-3,$-3,$-3,$-1,$-3,$6,6,$-0.48,$-0.48,$34,$1,$3,$42,$123,$0,$5,$13,$146,$91,$6,$0,$9,$11,$17,$1,$-24,$0,$74,$91,$-1,$5,$0,$5,$0,$0,$0,$0,$1,$3,$-3,$0,$0,$0,$0,$4,$-18,$-17,$0,$1,$-1,$0,$10,$0,$0,$10,$-1,$0,$0
34,2010-03-31,17.92,$0.00,0.0,$5.01,3.57,$1.86,9.62,$0.08,224.0,$0.04B,$0.01B,9.48,$0.00B,$0.08B,0.0,$0.03B,$0.02B,70.97%,$0.03B,0,0.00%,$0.03B,0,0.00%,$0.03B,$0.00B,3.23%,$0.03B,$0.00B,12.90%,$0.03B,$0.00B,3.23%,$0.00B,$0.08B,1.47%,$0.00B,$0.08B,1.57%,$0.00B,$0.10B,1.10%,$0.00B,$0.08B,0.00%,$5,$2,$3,$0,$4,$7,$-1,$4,$3,$1,$1,$1,$1,$2,$-1,$6,7,$0.16,$0.16,$38,$1,$3,$44,$134,$0,$4,$14,$157,$99,$5,$0,$12,$13,$18,$1,$-21,$0,$82,$99,$1,$4,$0,$4,$0,$0,$0,$0,$-1,$4,$-2,$0,$0,$0,$0,$4,$-18,$-16,$0,$0,$-0,$0,$10,$0,$0,$10,$3,$0,$0
35,2009-12-31,13.84,$0.00,0.0,$5.32,2.6,$3.03,4.57,0,0.0,$0.07B,$0.01B,4.87,$0.00B,$0.07B,0.01,$0.03B,$0.02B,71.88%,$0.03B,0,0.00%,$0.03B,0,0.00%,$0.03B,$0.00B,12.50%,$0.03B,0,0.00%,$0.03B,0,0.00%,$0.00B,$0.07B,0.00%,$0.00B,$0.07B,0.00%,$0.00B,$0.10B,0.00%,$0.00B,$0.07B,0.00%,$10,$2,$8,$0,$3,$7,$2,$-0,$2,$0,$2,$2,$2,$4,$2,$7,7,$0.24,$0.24,$52,$1,$6,$66,$127,$0,$6,$0,$139,$104,$14,$0,$15,$19,$33,$1,$-22,$0,$72,$104,$0,$3,$0,$3,$0,$0,$0,$0,$-3,$1,$-0,$0,$0,$0,$0,$2,$-2,$1,$0,$0,$0,$0,$10,$0,$-0,$10,$16,$0,$0
36,2009-09-30,11.2,$0.00,0.0,$4.86,2.31,$4.30,2.61,$-0.32,0.0,$0.06B,$0.01B,9.45,$0.00B,$0.07B,0.0,$0.03B,$0.02B,70.37%,$0.03B,$-0.00B,-7.41%,$0.03B,$-0.00B,-7.41%,$0.03B,$0.00B,7.41%,$0.03B,$-0.00B,-7.41%,$0.03B,$-0.00B,-11.11%,$-0.00B,$0.07B,-5.63%,$-0.00B,$0.06B,-6.15%,$-0.00B,$0.09B,-4.23%,$-0.00B,$0.07B,-3.76%,$9,$3,$6,$0,$5,$10,$-1,$0,$-1,$1,$-1,$-1,$-1,$-6,$-1,$6,6,$-0.24,$-0.24,$53,$0,$1,$59,$132,$0,$4,$0,$142,$88,$6,$0,$14,$16,$23,$1,$-23,$0,$65,$88,$-1,$1,$0,$1,$0,$0,$0,$0,$1,$2,$-1,$0,$0,$0,$0,$-7,$0,$-7,$0,$0,$0,$0,$10,$0,$0,$10,$8,$0,$0
37,2009-06-30,8.88,$0.00,0.0,$5.43,1.63,$5.32,1.67,$0.24,37.0,$0.04B,$0.01B,6.82,$0.00B,$0.05B,0.0,$0.03B,$0.02B,71.43%,$0.03B,$0.00B,3.57%,$0.03B,$0.00B,3.57%,$0.03B,$-0.01B,-21.43%,$0.03B,$0.00B,7.14%,$0.03B,0,0.00%,$0.00B,$0.05B,0.00%,$0.00B,$0.05B,0.00%,$0.00B,$0.07B,0.00%,$0.00B,$0.05B,1.97%,$7,$2,$5,$1,$3,$7,$0,$0,$0,$1,$-1,$-1,$-1,$1,$0,$5,5,$-0.08,$-0.08,$36,$1,$2,$44,$121,$1,$4,$0,$132,$72,$6,$0,$10,$12,$18,$0,$-22,$0,$54,$72,$1,$7,$0,$7,$0,$0,$0,$0,$2,$9,$-3,$0,$0,$0,$0,$0,$0,$-3,$0,$0,$0,$0,$0,$0,$-0,$-0,$0,$0,$0
38,2009-03-31,5.48,$0.00,0.0,$6.32,0.87,$3.98,1.38,$0.56,9.79,$0.04B,$0.01B,7.04,$0.00B,$0.05B,0.0,$0.03B,$0.02B,72.73%,$0.03B,$-0.00B,-3.03%,$0.03B,$-0.00B,-3.03%,$0.03B,0,0.00%,$0.03B,0,0.00%,$0.03B,$0.00B,6.06%,$0.00B,$0.05B,3.79%,$0.00B,$0.04B,4.12%,$0.00B,$0.06B,2.82%,$-0.00B,$0.05B,-1.90%,$6,$2,$4,$1,$2,$6,$-1,$0,$-1,$-1,$0,$0,$0,$5,$-1,$5,5,$0.08,$0.08,$33,$1,$1,$38,$103,$0,$4,$0,$113,$62,$5,$0,$8,$10,$15,$0,$-21,$0,$47,$62,$1,$6,$0,$6,$0,$0,$0,$0,$3,$9,$-2,$0,$0,$0,$0,$-1,$-0,$-3,$0,$0,$0,$0,$0,$0,$0,$0,$-4,$0,$0
39,2008-12-31,5.2,$0.00,0.0,$7.10,0.73,$1.26,4.14,$0.80,6.5,$0.04B,$0.01B,6.46,$0.00B,$0.05B,0.0,$0.04B,$0.03B,75.68%,$0.04B,$0.00B,8.11%,$0.04B,$0.00B,8.11%,$0.04B,$0.01B,18.92%,$0.04B,$0.00B,10.81%,$0.04B,$0.00B,10.81%,$0.00B,$0.05B,7.11%,$0.00B,$0.04B,7.69%,$0.00B,$0.06B,5.32%,$0.00B,$0.05B,5.33%,$5,$1,$4,$1,$1,$5,$-0,$0,$0,$1,$-1,$-1,$-1,$2,$-0,$5,5,$-0.08,$-0.08,$32,$1,$0,$37,$104,$0,$4,$0,$113,$62,$6,$0,$8,$10,$16,$0,$-22,$0,$47,$62,$1,$5,$0,$5,$0,$0,$0,$0,$4,$9,$-2,$0,$0,$0,$0,$1,$0,$-1,$0,$0,$0,$0,$0,$0,$0,$0,$-3,$0,$0
40,2008-09-30,8.16,$0.00,0.0,$8.08,1.01,$0.28,29.67,$-0.96,0.0,$0.04B,$0.01B,5.36,$0.00B,$0.06B,0.0,$0.04B,$0.03B,76.19%,$0.04B,$0.01B,14.29%,$0.04B,$0.01B,14.29%,$0.04B,$0.01B,26.19%,$0.04B,$0.01B,16.67%,$0.04B,$-0.01B,-11.90%,$-0.01B,$0.06B,-8.51%,$-0.01B,$0.05B,-9.13%,$-0.01B,$0.08B,-6.15%,$0.01B,$0.06B,10.21%,$10,$3,$7,$1,$2,$8,$2,$1,$3,$2,$2,$2,$2,$-14,$2,$5,5,$0.32,$0.32,$37,$1,$0,$44,$122,$0,$4,$0,$132,$75,$8,$0,$9,$12,$20,$0,$-21,$0,$55,$75,$2,$3,$0,$3,$0,$0,$0,$0,$3,$7,$-1,$0,$0,$0,$0,$0,$0,$-0,$0,$0,$0,$0,$0,$0,$0,$0,$1,$0,$0
41,2008-06-30,12.96,$0.00,0.0,$7.86,1.65,$-1.43,0.0,$-1.20,0.0,$0.05B,$0.01B,5.36,$0.00B,$0.06B,0.0,$0.04B,$0.03B,78.05%,$0.04B,$0.00B,9.76%,$0.04B,$0.00B,9.76%,$0.04B,$0.02B,41.46%,$0.04B,$0.01B,12.20%,$0.04B,$-0.01B,-17.07%,$-0.01B,$0.06B,-11.34%,$-0.01B,$0.06B,-12.12%,$-0.01B,$0.09B,-8.36%,$0.00B,$0.06B,6.48%,$12,$2,$9,$0,$2,$14,$-2,$1,$-2,$-0,$-1,$1,$1,$7,$-2,$5,5,$0.24,$0.24,$36,$1,$1,$46,$143,$0,$4,$0,$153,$85,$9,$0,$12,$14,$23,$0,$-23,$0,$62,$85,$-9,$19,$0,$19,$0,$0,$0,$0,$-4,$4,$-5,$0,$0,$0,$0,$3,$0,$-2,$0,$0,$0,$0,$0,$0,$0,$0,$6,$0,$0
42,2008-03-31,9.44,$0.00,0.0,$6.69,1.41,$-0.41,0.0,$-1.52,0.0,$0.04B,$0.00B,10.19,$0.00B,$0.06B,0.0,$0.04B,$0.03B,78.95%,$0.04B,$0.01B,15.79%,$0.04B,$0.01B,15.79%,$0.04B,$0.01B,36.84%,$0.04B,$0.01B,15.79%,$0.04B,$-0.01B,-23.68%,$-0.01B,$0.06B,-14.46%,$-0.01B,$0.06B,-15.45%,$-0.01B,$0.08B,-10.71%,$0.01B,$0.06B,9.64%,$10,$2,$8,$0,$1,$7,$3,$0,$3,$2,$2,$2,$2,$12,$3,$5,5,$0.32,$0.32,$28,$1,$0,$37,$136,$0,$4,$0,$142,$79,$4,$0,$11,$14,$17,$0,$-22,$0,$61,$79,$-8,$9,$0,$9,$0,$0,$0,$0,$-7,$-2,$-5,$0,$0,$0,$0,$2,$0,$-3,$0,$0,$0,$0,$0,$0,$0,$0,$-3,$0,$0
43,2007-12-31,8.24,$0.00,0.0,$6.17,1.34,$2.31,3.57,$-1.76,0.0,$0.04B,$0.02B,2.68,$0.00B,$0.06B,0.0,$0.04B,$0.03B,77.14%,$0.04B,$0.00B,8.57%,$0.04B,$0.00B,8.57%,$0.04B,$0.01B,28.57%,$0.04B,$0.00B,11.43%,$0.04B,$-0.01B,-31.43%,$-0.01B,$0.06B,-17.53%,$-0.01B,$0.05B,-19.30%,$-0.01B,$0.09B,-13.21%,$0.00B,$0.06B,4.78%,$10,$3,$8,$1,$2,$8,$3,$1,$3,$13,$-10,$-10,$-10,$6,$3,$5,5,$-1.84,$-1.84,$33,$1,$1,$43,$130,$1,$4,$0,$137,$86,$16,$0,$10,$13,$29,$0,$-23,$0,$57,$86,$-9,$6,$0,$6,$0,$0,$0,$0,$3,$4,$-1,$0,$0,$0,$0,$1,$-3,$-3,$0,$0,$0,$0,$0,$0,$0,$0,$2,$0,$0
44,2007-09-30,9.28,$0.00,0.0,$5.82,1.6,$2.96,3.14,$0.08,115.99,$0.04B,$0.01B,8.56,$0.00B,$0.07B,0.0,$0.03B,$0.03B,78.79%,$0.03B,0,0.00%,$0.03B,0,0.00%,$0.03B,$0.01B,21.21%,$0.03B,$0.00B,3.03%,$0.03B,$-0.00B,-3.03%,$-0.00B,$0.07B,-1.57%,$-0.00B,$0.06B,-1.78%,$-0.00B,$0.09B,-1.24%,$0.00B,$0.07B,0.00%,$9,$2,$7,$2,$2,$9,$0,$0,$1,$0,$0,$0,$0,$-8,$0,$5,5,$0.08,$0.08,$31,$1,$0,$39,$130,$1,$4,$0,$137,$85,$5,$0,$10,$13,$18,$0,$-14,$0,$67,$85,$0,$3,$0,$3,$0,$0,$0,$0,$-5,$1,$-3,$0,$0,$0,$0,$0,$0,$-3,$0,$0,$0,$0,$0,$0,$0,$0,$-0,$0,$0
45,2007-06-30,12.16,$0.00,0.0,$5.34,2.28,$3.98,3.06,$0.16,76.0,$0.04B,$0.01B,4.39,$0.00B,$0.06B,0.0,$0.03B,$0.02B,77.42%,$0.03B,$0.00B,6.45%,$0.03B,$0.00B,6.45%,$0.03B,$0.01B,38.71%,$0.03B,$0.00B,6.45%,$0.03B,0,0.00%,$0.00B,$0.06B,0.00%,$0.00B,$0.06B,0.00%,$0.00B,$0.09B,0.00%,$0.00B,$0.06B,3.25%,$9,$1,$7,$1,$2,$8,$0,$-1,$-1,$-0,$-1,$-1,$-1,$4,$0,$8,8,$-0.08,$-0.08,$31,$1,$0,$38,$124,$1,$4,$0,$132,$86,$9,$0,$10,$13,$22,$0,$-14,$0,$64,$86,$0,$11,$0,$11,$0,$0,$0,$0,$5,$21,$-14,$0,$0,$0,$0,$-4,$-0,$-18,$0,$0,$0,$0,$0,$0,$0,$0,$7,$0,$0
46,2007-03-31,11.2,$0.00,0.0,$6.01,1.86,$4.88,2.3,$0.32,35.0,$0.03B,$0.00B,10.57,$0.00B,$0.06B,0.0,$0.03B,$0.02B,75.86%,$0.03B,$0.00B,6.90%,$0.03B,$0.00B,6.90%,$0.03B,$0.01B,37.93%,$0.03B,$0.00B,13.79%,$0.03B,$0.00B,3.45%,$0.00B,$0.06B,1.68%,$0.00B,$0.05B,2.05%,$0.00B,$0.08B,1.37%,$0.00B,$0.06B,3.36%,$7,$2,$5,$2,$1,$7,$0,$0,$1,$0,$0,$0,$0,$8,$0,$5,5,$0.08,$0.08,$27,$1,$1,$34,$108,$2,$10,$0,$120,$76,$3,$0,$9,$10,$14,$0,$-13,$0,$63,$76,$1,$7,$0,$7,$0,$0,$0,$0,$-1,$13,$-6,$0,$0,$0,$0,$-3,$-4,$-13,$0,$0,$0,$0,$0,$0,$0,$0,$3,$0,$0
47,2006-12-31,10.56,$0.00,0.0,$6.97,1.51,$3.45,3.06,$0.48,22.0,$0.04B,$0.01B,7.7,$0.00B,$0.06B,0.0,$0.03B,$0.02B,75.86%,$0.03B,$0.00B,13.79%,$0.03B,$0.00B,13.79%,$0.03B,$0.01B,34.48%,$0.03B,$0.01B,17.24%,$0.03B,$0.00B,6.90%,$0.00B,$0.06B,3.98%,$0.00B,$0.05B,4.73%,$0.00B,$0.08B,2.96%,$0.00B,$0.06B,7.96%,$8,$2,$7,$3,$1,$9,$-0,$0,$0,$0,$-0,$-0,$-0,$3,$-0,$5,5,$0.00,$0.00,$29,$1,$1,$37,$100,$0,$11,$0,$111,$75,$5,$0,$8,$10,$14,$0,$-13,$0,$61,$75,$1,$5,$0,$5,$0,$0,$0,$0,$-2,$8,$-2,$0,$0,$0,$0,$0,$-1,$-3,$0,$0,$0,$0,$0,$0,$0,$0,$7,$0,$0
