,Date,Stock Price,Book Value per Share,Price to Book Ratio,TTM Sales per Share,Price to Sales Ratio,TTM FCF per Share,Price to FCF Ratio,TTM Net EPS,PE Ratio,Current Assets,Current Liabilities,Current Ratio,Long Term Debt,Shareholder's Equity_x,Debt to Equity Ratio,TTM Revenue_x,TTM Gross Profit,Gross Margin,TTM Revenue_y,TTM Operating Income,Operating Margin,TTM Revenue_x,TTM EBIT,EBIT Margin,TTM Revenue_y,TTM EBITDA,EBITDA Margin,TTM Revenue_x,TTM Pre-Tax Income,Pre-Tax Margin,TTM Revenue_y,TTM Net Income_x,Net Margin,TTM Net Income_y,Shareholder's Equity_y,Return on Equity,TTM Net Income_x,Tangible Equity,Return on Tangible Equity,TTM Net Income_y,Total Assets,Return on Assets,TTM Net Income,LT Investments & Debt,Return on Investment,revenue,cost-goods-sold,gross-profit,research-development-expenses,selling-general-administrative-expenses,operating-expenses,operating-income,total-non-operating-income-expense,pre-tax-income,total-provision-income-taxes,income-after-taxes,income-from-continuous-operations,net-income,ebitda,ebit,basic-shares-outstanding,shares-outstanding,eps-basic-net-earnings-per-share,eps-earnings-per-share-diluted,cash-on-hand,inventory,other-current-assets,total-current-assets,net-property-plant-equipment,long-term-investments,goodwill-intangible-assets-total,other-long-term-assets,total-long-term-assets,total-assets,total-current-liabilities,long-term-debt,other-non-current-liabilities,total-long-term-liabilities,total-liabilities,common-stock-net,retained-earnings-accumulated-deficit,comprehensive-income,total-share-holder-equity,total-liabilities-share-holders-equity,net-income-loss,total-depreciation-amortization-cash-flow,other-non-cash-items,total-non-cash-items,change-in-accounts-receivable,change-in-inventories,change-in-accounts-payable,change-in-assets-liabilities,total-change-in-assets-liabilities,cash-flow-from-operating-activities,net-change-in-property-plant-equipment,net-change-in-intangible-assets,net-acquisitions-divestitures,net-change-in-short-term-investments,net-change-in-long-term-investments,net-change-in-investments-total,investing-activities-other,cash-flow-from-investing-activities,net-long-term-debt,net-current-debt,debt-issuance-retirement-net-total,net-common-equity-issued-repurchased,net-total-equity-issued-repurchased,total-common-preferred-stock-dividends-paid,financial-activities-other,cash-flow-from-financial-activities,net-cash-flow,stock-based-compensation,common-stock-dividends-paid
0,2018-09-30,42.14,$15.07,2.8,$190.37,0.22,$-0.86,0.0,$4.59,9.18,$2.94B,$2.49B,1.18,$1.30B,$0.78B,1.68,$9.87B,$1.48B,14.99%,$9.87B,$0.48B,4.90%,$9.87B,$0.48B,4.90%,$9.87B,$0.74B,7.46%,$9.87B,$0.39B,3.94%,$9.87B,$0.23B,2.33%,$0.23B,$0.78B,29.65%,$0.23B,$0.71B,32.55%,$0.23B,$5.03B,4.59%,$0.48B,$2.08B,22.60%,$2372,$2014,$358,$39,$141,$2259,$113,$-30,$83,$20,$63,$63,$54,$237,$113,$51,51,$1.05,$1.05,$203,$956,$0,$2936,$1632,$0,$67,$154,$2092,$5028,$2492,$1304,$0,$1761,$4253,$1,$-823,$-632,$775,$5028,$201,$183,$-2,$181,$-268,$-118,$141,$-96,$-350,$37,$-236,$-13,$0,$0,$0,$0,$100,$-149,$-17,$116,$99,$-2,$-2,$-39,$-46,$12,$-115,$12,$-39
1,2018-06-30,43.96,$14.80,2.97,$187.39,0.23,$-0.62,0.0,$4.89,8.99,$2.93B,$2.40B,1.22,$1.38B,$0.76B,1.82,$9.78B,$1.49B,15.19%,$9.78B,$0.51B,5.21%,$9.78B,$0.51B,5.21%,$9.78B,$0.75B,7.65%,$9.78B,$0.42B,4.31%,$9.78B,$0.26B,2.65%,$0.26B,$0.76B,34.37%,$0.26B,$0.69B,37.98%,$0.26B,$5.00B,5.19%,$0.51B,$2.14B,23.28%,$2537,$2159,$378,$42,$156,$2416,$121,$-28,$93,$27,$66,$66,$50,$121,$121,$51,52,$0.98,$0.98,$237,$898,$0,$2925,$1625,$0,$68,$158,$2078,$5003,$2398,$1381,$0,$1844,$4242,$1,$-864,$-608,$761,$5003,$66,$59,$-4,$55,$-16,$-19,$-22,$11,$-43,$78,$-77,$-5,$0,$0,$0,$0,$34,$-48,$-6,$-22,$-28,$1,$1,$-12,$-30,$-69,$-53,$2,$-12
2,2018-03-31,54.57,$16.04,3.4,$181.53,0.3,$-0.54,0.0,$3.88,14.06,$3.07B,$2.44B,1.25,$1.42B,$0.83B,1.72,$9.56B,$1.48B,15.44%,$9.56B,$0.41B,4.32%,$9.56B,$0.41B,4.32%,$9.56B,$0.66B,6.85%,$9.56B,$0.34B,3.51%,$9.56B,$0.21B,2.16%,$0.21B,$0.83B,28.32%,$0.21B,$0.75B,31.51%,$0.21B,$5.17B,4.16%,$0.41B,$2.25B,18.88%,$2574,$2198,$376,$41,$153,$2451,$123,$-26,$97,$25,$72,$72,$58,$182,$123,$51,52,$1.13,$1.13,$290,$911,$0,$3065,$1660,$0,$71,$154,$2101,$5166,$2444,$1420,$0,$1897,$4341,$1,$-902,$-519,$825,$5166,$72,$59,$7,$66,$-223,$-34,$189,$-64,$-138,$0,$-82,$-5,$0,$0,$0,$0,$34,$-53,$-6,$43,$37,$-2,$-2,$-13,$0,$22,$-28,$5,$-13
3,2017-12-31,57.95,$14.26,4.06,$173.82,0.33,$-1.36,0.0,$3.91,14.82,$2.80B,$2.27B,1.24,$1.36B,$0.74B,1.83,$9.27B,$1.46B,15.76%,$9.27B,$0.42B,4.54%,$9.27B,$0.42B,4.54%,$9.27B,$0.66B,7.07%,$9.27B,$0.34B,3.71%,$9.27B,$0.21B,2.23%,$0.21B,$0.74B,29.57%,$0.21B,$0.67B,33.12%,$0.21B,$4.84B,4.29%,$0.42B,$2.10B,19.52%,$2391,$2023,$368,$43,$128,$2264,$127,$-11,$116,$29,$87,$87,$68,$197,$127,$53,53,$1.31,$1.30,$318,$869,$0,$2799,$1615,$0,$71,$144,$2043,$4842,$2266,$1358,$0,$1834,$4100,$1,$-946,$-541,$742,$4842,$274,$235,$9,$244,$31,$-96,$129,$41,$107,$629,$-386,$-25,$0,$0,$9,$9,$-11,$-413,$118,$-74,$44,$-170,$-170,$-53,$-72,$-251,$-32,$14,$-53
4,2017-09-30,59.81,$13.30,4.5,$166.93,0.36,$-3.02,0.0,$3.31,18.07,$2.96B,$2.23B,1.33,$1.57B,$0.69B,2.29,$9.04B,$1.46B,16.10%,$9.04B,$0.37B,4.05%,$9.04B,$0.37B,4.05%,$9.04B,$0.58B,6.46%,$9.04B,$0.28B,3.13%,$9.04B,$0.18B,1.96%,$0.18B,$0.69B,26.44%,$0.18B,$0.61B,29.84%,$0.18B,$4.94B,3.77%,$0.37B,$2.26B,17.34%,$2274,$1911,$363,$40,$127,$2136,$138,$-23,$115,$16,$99,$99,$83,$248,$138,$53,53,$1.57,$1.57,$279,$882,$0,$2961,$1541,$0,$76,$123,$1974,$4935,$2232,$1573,$0,$2017,$4249,$1,$-1001,$-570,$686,$4935,$187,$165,$13,$178,$-212,$-116,$57,$16,$-282,$86,$-277,$-17,$0,$0,$9,$9,$72,$-213,$127,$152,$279,$-133,$-133,$-40,$-53,$53,$-70,$12,$-40
5,2017-06-30,56.75,$12.35,4.6,$161.09,0.35,$1.03,55.07,$5.07,11.19,$2.96B,$2.29B,1.29,$1.49B,$0.66B,2.27,$8.86B,$1.45B,16.31%,$8.86B,$0.38B,4.27%,$8.86B,$0.38B,4.27%,$8.86B,$0.54B,6.08%,$8.86B,$0.29B,3.32%,$8.86B,$0.27B,3.08%,$0.27B,$0.66B,40.94%,$0.27B,$0.58B,46.27%,$0.27B,$4.88B,5.98%,$0.38B,$2.15B,18.51%,$2317,$1949,$368,$36,$252,$2292,$25,$-18,$7,$-8,$15,$15,$-3,$28,$25,$54,54,$-0.05,$-0.05,$335,$815,$0,$2962,$1479,$0,$77,$110,$1919,$4881,$2294,$1490,$0,$1930,$4224,$1,$-1070,$-601,$657,$4881,$15,$55,$-5,$50,$-66,$-15,$-7,$152,$26,$92,$-87,$-6,$0,$0,$9,$9,$23,$-61,$134,$-69,$65,$-44,$-44,$-13,$-41,$-33,$-9,$2,$-13
6,2017-03-31,60.99,$13.23,4.61,$156.37,0.39,$0.36,168.76,$6.59,9.25,$2.86B,$2.08B,1.38,$1.41B,$0.72B,1.97,$8.76B,$1.47B,16.82%,$8.76B,$0.53B,6.01%,$8.76B,$0.53B,6.01%,$8.76B,$0.74B,8.41%,$8.76B,$0.42B,4.84%,$8.76B,$0.36B,4.09%,$0.36B,$0.72B,54.95%,$0.36B,$0.64B,62.34%,$0.36B,$4.64B,8.11%,$0.53B,$2.12B,26.64%,$2292,$1929,$363,$39,$141,$2161,$131,$-25,$106,$33,$73,$73,$59,$183,$131,$54,54,$1.10,$1.09,$344,$782,$0,$2856,$1405,$0,$76,$107,$1781,$4637,$2077,$1406,$0,$1845,$3922,$1,$-1035,$-637,$715,$4637,$73,$52,$17,$69,$-159,$-45,$93,$-61,$-174,$-31,$-100,$-6,$0,$0,$0,$0,$22,$-84,$-6,$140,$134,$-19,$-19,$-13,$0,$102,$-5,$9,$-13
7,2016-12-31,60.81,$11.43,5.32,$151.29,0.4,$1.11,54.99,$6.42,9.47,$2.60B,$1.97B,1.32,$1.29B,$0.62B,2.09,$8.60B,$1.48B,17.16%,$8.60B,$0.52B,6.06%,$8.60B,$0.52B,6.06%,$8.60B,$0.73B,8.52%,$8.60B,$0.42B,4.93%,$8.60B,$0.36B,4.14%,$0.36B,$0.62B,58.24%,$0.36B,$0.54B,66.79%,$0.36B,$4.35B,8.20%,$0.52B,$1.91B,27.27%,$2155,$1794,$361,$37,$199,$2083,$72,$-17,$55,$0,$58,$58,$38,$125,$72,$56,56,$0.70,$0.70,$349,$730,$0,$2602,$1357,$0,$76,$103,$1744,$4346,$1973,$1294,$0,$1753,$3726,$1,$-1100,$-665,$620,$4346,$424,$212,$-62,$150,$-215,$-57,$114,$57,$-87,$484,$-319,$-20,$0,$0,$0,$0,$-1,$-340,$-22,$212,$190,$-212,$-212,$0,$-64,$-86,$60,$14,$0
8,2016-09-30,56.72,$12.26,4.62,$146.36,0.39,$2.27,25.01,$6.86,8.27,$2.68B,$1.95B,1.38,$1.31B,$0.68B,1.94,$8.45B,$1.45B,17.13%,$8.45B,$0.57B,6.72%,$8.45B,$0.57B,6.72%,$8.45B,$0.78B,9.19%,$8.45B,$0.47B,5.54%,$8.45B,$0.38B,4.50%,$0.38B,$0.68B,66.09%,$0.38B,$0.60B,76.73%,$0.38B,$4.41B,8.94%,$0.57B,$1.99B,31.01%,$2096,$1743,$353,$41,$109,$1946,$150,$-24,$126,$-70,$196,$196,$179,$203,$150,$56,56,$3.22,$3.19,$326,$753,$0,$2677,$1322,$0,$78,$101,$1729,$4406,$1945,$1310,$0,$1786,$3731,$1,$-1125,$-650,$675,$4406,$366,$159,$-59,$100,$-189,$-61,$59,$-58,$-231,$233,$-209,$-15,$0,$0,$0,$0,$-1,$-225,$-19,$247,$228,$-139,$-139,$0,$-63,$26,$37,$13,$0
9,2016-06-30,45.37,$10.53,4.31,$142.78,0.32,$1.34,33.85,$4.53,10.02,$2.60B,$1.86B,1.4,$1.28B,$0.60B,2.15,$8.38B,$1.41B,16.86%,$8.38B,$0.54B,6.39%,$8.38B,$0.54B,6.39%,$8.38B,$0.74B,8.87%,$8.38B,$0.44B,5.28%,$8.38B,$0.25B,3.02%,$0.25B,$0.60B,48.01%,$0.25B,$0.52B,56.79%,$0.25B,$4.28B,6.04%,$0.54B,$1.88B,30.26%,$2212,$1816,$396,$37,$134,$2039,$173,$-36,$137,$39,$98,$98,$82,$225,$173,$57,57,$1.44,$1.43,$314,$738,$0,$2604,$1279,$0,$79,$99,$1672,$4276,$1863,$1282,$0,$1817,$3680,$1,$-1305,$-655,$596,$4276,$170,$106,$23,$129,$-179,$-49,$64,$-46,$-201,$103,$-136,$-9,$0,$0,$0,$0,$-2,$-147,$158,$0,$158,$-55,$-55,$0,$-35,$68,$24,$10,$0
10,2016-03-31,50.14,$9.67,5.18,$138.91,0.36,$0.84,59.65,$4.30,11.66,$2.66B,$1.92B,1.39,$1.31B,$0.55B,2.37,$8.29B,$1.38B,16.66%,$8.29B,$0.52B,6.25%,$8.29B,$0.52B,6.25%,$8.29B,$0.73B,8.74%,$8.29B,$0.44B,5.34%,$8.29B,$0.25B,3.00%,$0.25B,$0.55B,47.36%,$0.25B,$0.47B,56.37%,$0.25B,$4.35B,5.97%,$0.52B,$1.87B,30.09%,$2136,$1770,$366,$39,$147,$2010,$126,$-20,$106,$34,$72,$72,$57,$180,$126,$57,57,$1.00,$0.99,$376,$746,$0,$2662,$1278,$0,$80,$103,$1686,$4348,$1921,$1311,$0,$1873,$3794,$1,$-1391,$-638,$554,$4348,$72,$54,$10,$64,$-160,$-51,$56,$-38,$-166,$-29,$-67,$-6,$0,$0,$0,$0,$-1,$-74,$1,$200,$201,$-18,$-18,$0,$0,$183,$87,$7,$0
11,2015-12-31,44.69,$8.25,5.42,$134.57,0.33,$0.47,95.91,$4.11,10.87,$2.31B,$1.79B,1.29,$1.12B,$0.48B,2.37,$8.18B,$1.35B,16.54%,$8.18B,$0.51B,6.27%,$8.18B,$0.51B,6.27%,$8.18B,$0.72B,8.75%,$8.18B,$0.44B,5.39%,$8.18B,$0.24B,2.95%,$0.24B,$0.48B,46.55%,$0.24B,$0.39B,55.88%,$0.24B,$3.97B,5.86%,$0.51B,$1.60B,30.76%,$2003,$1671,$332,$32,$132,$1884,$119,$-20,$99,$24,$75,$75,$62,$168,$119,$60,60,$1.08,$1.07,$288,$682,$0,$2311,$1243,$0,$82,$100,$1656,$3967,$1794,$1124,$0,$1698,$3492,$1,$-1448,$-665,$475,$3967,$295,$203,$17,$220,$-90,$-36,$90,$38,$2,$528,$-282,$-23,$0,$0,$0,$0,$2,$-303,$-36,$110,$74,$-212,$-212,$0,$-45,$-183,$5,$15,$0
12,2015-09-30,43.58,$8.28,5.26,$133.73,0.33,$-3.41,0.0,$3.27,13.33,$2.57B,$1.85B,1.39,$1.25B,$0.48B,2.58,$8.18B,$1.34B,16.38%,$8.18B,$0.48B,5.83%,$8.18B,$0.48B,5.83%,$8.18B,$0.68B,8.36%,$8.18B,$0.39B,4.79%,$8.18B,$0.20B,2.44%,$0.20B,$0.48B,37.49%,$0.20B,$0.40B,44.97%,$0.20B,$4.16B,4.85%,$0.48B,$1.73B,28.62%,$2025,$1707,$318,$35,$113,$1908,$117,$-17,$100,$34,$66,$66,$52,$170,$117,$60,60,$0.89,$0.88,$222,$720,$0,$2571,$1233,$0,$85,$97,$1586,$4157,$1850,$1246,$0,$1824,$3674,$1,$-1516,$-631,$483,$4157,$220,$154,$14,$168,$-237,$-65,$70,$28,$-198,$188,$-218,$-13,$0,$0,$0,$0,$1,$-230,$-24,$232,$208,$-153,$-153,$0,$-44,$11,$-62,$13,$0
13,2015-06-30,55.91,$9.69,5.77,$133.71,0.42,$-5.70,0.0,$3.66,15.28,$2.61B,$1.93B,1.35,$1.10B,$0.59B,1.87,$8.24B,$1.37B,16.61%,$8.24B,$0.50B,6.12%,$8.24B,$0.50B,6.12%,$8.24B,$0.71B,8.62%,$8.24B,$0.41B,5.00%,$8.24B,$0.23B,2.74%,$0.23B,$0.59B,39.32%,$0.23B,$0.50B,46.69%,$0.23B,$4.20B,5.46%,$0.50B,$1.69B,29.77%,$2130,$1764,$366,$38,$121,$1974,$156,$-18,$138,$47,$91,$91,$78,$207,$156,$61,61,$1.27,$1.26,$252,$713,$0,$2606,$1233,$0,$89,$98,$1595,$4201,$1926,$1103,$0,$1684,$3610,$1,$-1568,$-590,$591,$4201,$154,$101,$-3,$98,$-220,$-46,$63,$14,$-166,$82,$-148,$-8,$0,$0,$0,$0,$1,$-155,$-21,$124,$103,$-39,$-39,$0,$-17,$47,$-32,$9,$0
14,2015-03-31,55.89,$8.50,6.58,$135.34,0.41,$-7.75,0.0,$3.72,15.02,$2.61B,$1.90B,1.38,$1.13B,$0.52B,2.16,$8.35B,$1.39B,16.67%,$8.35B,$0.51B,6.05%,$8.35B,$0.51B,6.05%,$8.35B,$0.71B,8.53%,$8.35B,$0.41B,4.92%,$8.35B,$0.23B,2.74%,$0.23B,$0.52B,39.26%,$0.23B,$0.43B,46.66%,$0.23B,$4.14B,5.49%,$0.51B,$1.65B,29.24%,$2023,$1686,$337,$41,$125,$1902,$121,$-17,$104,$41,$63,$63,$49,$171,$121,$61,62,$0.81,$0.80,$288,$717,$0,$2614,$1185,$0,$90,$86,$1525,$4139,$1900,$1128,$0,$1717,$3617,$1,$-1646,$-614,$522,$4139,$63,$50,$0,$50,$-194,$-59,$77,$-10,$-161,$-50,$-76,$-5,$0,$0,$0,$0,$3,$-78,$-4,$153,$149,$-11,$-11,$0,$3,$141,$6,$6,$0
15,2014-12-31,55.1,$8.79,6.27,$136.55,0.4,$-9.33,0.0,$3.67,15.01,$2.43B,$1.80B,1.35,$1.06B,$0.54B,1.96,$8.42B,$1.40B,16.57%,$8.42B,$0.50B,5.93%,$8.42B,$0.50B,5.93%,$8.42B,$0.71B,8.40%,$8.42B,$0.40B,4.76%,$8.42B,$0.23B,2.68%,$0.23B,$0.54B,38.57%,$0.23B,$0.45B,45.98%,$0.23B,$4.00B,5.41%,$0.50B,$1.59B,28.51%,$2004,$1685,$319,$43,$140,$1921,$83,$-33,$50,$14,$36,$36,$21,$136,$83,$61,62,$0.33,$0.32,$285,$688,$0,$2426,$1218,$0,$91,$106,$1570,$3996,$1799,$1055,$0,$1659,$3458,$1,$-1695,$-545,$538,$3996,$270,$208,$18,$226,$-83,$-74,$94,$-69,$-138,$341,$-328,$-13,$0,$0,$0,$0,$2,$-339,$108,$-74,$34,$-3,$-3,$0,$-11,$20,$7,$13,$0
16,2014-09-30,50.92,$10.61,4.8,$137.08,0.37,$-5.21,0.0,$4.22,12.07,$2.65B,$1.94B,1.36,$1.19B,$0.65B,1.83,$8.45B,$1.40B,16.62%,$8.45B,$0.53B,6.31%,$8.45B,$0.53B,6.31%,$8.45B,$0.74B,8.78%,$8.45B,$0.45B,5.32%,$8.45B,$0.26B,3.07%,$0.26B,$0.65B,45.48%,$0.26B,$0.56B,54.76%,$0.26B,$4.23B,6.26%,$0.53B,$1.84B,30.90%,$2081,$1735,$346,$42,$108,$1937,$144,$-24,$120,$31,$89,$89,$78,$196,$144,$61,62,$1.29,$1.27,$280,$755,$0,$2645,$1231,$0,$93,$120,$1587,$4232,$1943,$1187,$0,$1641,$3584,$1,$-1716,$-412,$648,$4232,$234,$155,$3,$158,$-236,$-125,$116,$-67,$-301,$89,$-261,$-12,$0,$0,$0,$0,$0,$-273,$29,$162,$191,$-1,$-1,$0,$0,$190,$0,$11,$0
17,2014-06-30,63.95,$10.24,6.25,$135.09,0.47,$-3.73,0.0,$3.14,20.37,$2.73B,$2.01B,1.36,$1.21B,$0.63B,1.93,$8.33B,$1.33B,15.97%,$8.33B,$0.46B,5.56%,$8.33B,$0.46B,5.56%,$8.33B,$0.67B,8.06%,$8.33B,$0.38B,4.57%,$8.33B,$0.19B,2.32%,$0.19B,$0.63B,37.59%,$0.19B,$0.53B,46.51%,$0.19B,$4.32B,4.70%,$0.46B,$1.83B,27.58%,$2241,$1851,$390,$42,$139,$2084,$157,$-20,$137,$46,$91,$91,$81,$209,$157,$61,62,$1.34,$1.32,$265,$761,$0,$2729,$1231,$0,$96,$126,$1588,$4317,$2009,$1206,$0,$1683,$3692,$1,$-1794,$-354,$625,$4317,$145,$103,$9,$112,$-303,$-104,$160,$-37,$-284,$-26,$-167,$-9,$0,$0,$0,$0,$0,$-176,$35,$156,$191,$-1,$-1,$0,$-1,$189,$-15,$8,$0
18,2014-03-31,56.52,$8.75,6.46,$132.24,0.43,$-1.91,0.0,$2.84,19.9,$2.63B,$1.95B,1.35,$1.21B,$0.53B,2.27,$8.16B,$1.27B,15.59%,$8.16B,$0.45B,5.49%,$8.16B,$0.45B,5.49%,$8.16B,$0.65B,8.02%,$8.16B,$0.37B,4.48%,$8.16B,$0.18B,2.15%,$0.18B,$0.53B,38.70%,$0.18B,$0.44B,49.68%,$0.18B,$4.18B,4.36%,$0.45B,$1.74B,27.91%,$2094,$1754,$340,$42,$132,$1979,$115,$-21,$94,$40,$54,$54,$46,$166,$115,$61,62,$0.76,$0.75,$273,$737,$0,$2628,$1194,$0,$98,$128,$1551,$4179,$1954,$1209,$0,$1692,$3646,$1,$-1875,$-363,$533,$4179,$54,$51,$8,$59,$-234,$-81,$87,$-37,$-256,$-140,$-83,$-7,$0,$0,$0,$0,$-1,$-91,$-3,$221,$218,$-2,$-2,$0,$13,$229,$-8,$5,$0
19,2013-12-31,55.06,$7.75,7.11,$129.14,0.43,$-0.89,0.0,$2.97,18.54,$2.29B,$1.84B,1.25,$1.02B,$0.47B,2.16,$7.96B,$1.23B,15.44%,$7.96B,$0.43B,5.37%,$7.96B,$0.43B,5.37%,$7.96B,$0.63B,7.95%,$7.96B,$0.34B,4.32%,$7.96B,$0.18B,2.30%,$0.18B,$0.47B,45.47%,$0.18B,$0.37B,60.85%,$0.18B,$3.83B,4.65%,$0.43B,$1.49B,27.33%,$2031,$1703,$328,$41,$116,$1914,$117,$-19,$98,$33,$65,$65,$54,$171,$117,$60,62,$0.90,$0.88,$280,$656,$0,$2290,$1175,$0,$99,$127,$1540,$3830,$1838,$1019,$0,$1520,$3358,$1,$-1921,$-360,$472,$3830,$222,$205,$19,$224,$-88,$3,$161,$-14,$52,$503,$-236,$-25,$0,$0,$0,$0,$-5,$-266,$-16,$-68,$-84,$-7,$-7,$0,$-84,$-175,$52,$13,$0
20,2013-09-30,49.15,$6.97,7.05,$124.87,0.39,$-3.51,0.0,$2.63,18.69,$2.58B,$1.85B,1.39,$1.23B,$0.42B,2.89,$7.69B,$1.18B,15.37%,$7.69B,$0.40B,5.14%,$7.69B,$0.40B,5.14%,$7.69B,$0.60B,7.85%,$7.69B,$0.31B,4.02%,$7.69B,$0.16B,2.11%,$0.16B,$0.42B,45.35%,$0.16B,$0.32B,63.91%,$0.16B,$4.10B,4.17%,$0.40B,$1.65B,25.77%,$1963,$1691,$272,$35,$112,$1889,$74,$-22,$52,$30,$22,$22,$12,$125,$74,$61,62,$0.19,$0.19,$281,$699,$0,$2579,$1133,$0,$101,$120,$1520,$4099,$1852,$1226,$0,$1823,$3675,$1,$-1975,$-422,$424,$4099,$157,$151,$17,$168,$-280,$-39,$111,$-33,$-242,$91,$-172,$-19,$0,$0,$0,$0,$-5,$-196,$-13,$188,$175,$-3,$-3,$0,$-12,$160,$53,$10,$0
21,2013-06-30,44.07,$6.22,7.09,$122.31,0.36,$-3.41,0.0,$4.49,9.82,$2.45B,$1.79B,1.36,$1.16B,$0.38B,3.05,$7.50B,$1.19B,15.90%,$7.50B,$0.43B,5.79%,$7.50B,$0.43B,5.79%,$7.50B,$0.64B,8.53%,$7.50B,$0.35B,4.63%,$7.50B,$0.28B,3.67%,$0.28B,$0.38B,85.34%,$0.28B,$0.28B,127.17%,$0.28B,$3.94B,7.27%,$0.43B,$1.54B,29.04%,$2067,$1736,$331,$33,$106,$1925,$142,$-21,$121,$47,$74,$74,$63,$192,$142,$61,62,$1.04,$1.02,$240,$669,$0,$2447,$1110,$0,$102,$121,$1492,$3939,$1794,$1158,$0,$1765,$3559,$1,$-1987,$-448,$380,$3939,$135,$100,$25,$125,$-253,$-18,$149,$-91,$-226,$41,$-122,$-12,$0,$0,$0,$0,$-5,$-139,$-8,$142,$134,$11,$11,$0,$-23,$122,$12,$7,$0
22,2013-03-31,38.26,$5.50,6.96,$120.16,0.32,$-4.11,0.0,$4.89,7.82,$2.38B,$1.69B,1.41,$1.25B,$0.33B,3.75,$7.35B,$1.19B,16.14%,$7.35B,$0.43B,5.85%,$7.35B,$0.43B,5.85%,$7.35B,$0.64B,8.65%,$7.35B,$0.34B,4.65%,$7.35B,$0.30B,4.07%,$0.30B,$0.33B,114.78%,$0.30B,$0.23B,193.84%,$0.30B,$3.88B,8.07%,$0.43B,$1.59B,29.62%,$1903,$1604,$299,$35,$119,$1808,$95,$-22,$73,$12,$61,$61,$54,$145,$95,$60,61,$0.90,$0.88,$242,$697,$0,$2383,$1119,$0,$105,$125,$1495,$3878,$1690,$1252,$0,$1854,$3544,$1,$-2050,$-430,$334,$3878,$61,$50,$0,$50,$-176,$-40,$77,$-67,$-207,$-92,$-68,$-6,$0,$0,$0,$0,$-9,$-83,$-5,$182,$177,$1,$1,$0,$0,$178,$10,$5,$0
23,2012-12-31,34.17,$4.81,7.1,$120.18,0.28,$-3.92,0.0,$4.50,7.59,$2.12B,$1.65B,1.29,$1.07B,$0.29B,3.67,$7.36B,$1.19B,16.20%,$7.36B,$0.44B,5.91%,$7.36B,$0.44B,5.91%,$7.36B,$0.64B,8.69%,$7.36B,$0.32B,4.39%,$7.36B,$0.28B,3.73%,$0.28B,$0.29B,134.97%,$0.28B,$0.18B,283.51%,$0.28B,$3.61B,7.54%,$0.44B,$1.36B,31.12%,$1753,$1474,$279,$32,$106,$1669,$84,$-21,$63,$22,$41,$41,$33,$141,$84,$60,61,$0.54,$0.54,$223,$667,$0,$2124,$1122,$0,$107,$135,$1484,$3608,$1649,$1067,$0,$1668,$3317,$1,$-2104,$-408,$291,$3608,$304,$205,$-50,$155,$-9,$-72,$12,$-29,$-94,$365,$-260,$-13,$0,$0,$0,$0,$0,$-273,$-161,$122,$-39,$-13,$-13,$0,$-37,$-89,$9,$11,$0
24,2012-09-30,27.25,$4.72,5.78,$120.48,0.23,$-5.05,0.0,$4.45,6.12,$2.27B,$1.68B,1.35,$1.21B,$0.28B,4.26,$7.39B,$1.18B,16.01%,$7.39B,$0.44B,5.94%,$7.39B,$0.44B,5.94%,$7.39B,$0.64B,8.63%,$7.39B,$0.32B,4.34%,$7.39B,$0.27B,3.68%,$0.27B,$0.28B,191.89%,$0.27B,$0.17B,771.63%,$0.27B,$3.70B,7.60%,$0.44B,$1.50B,32.32%,$1778,$1494,$284,$28,$94,$1665,$113,$-23,$90,$-42,$132,$132,$125,$162,$113,$60,61,$2.09,$2.05,$207,$672,$0,$2273,$1088,$0,$110,$105,$1429,$3702,$1681,$1211,$0,$1737,$3418,$1,$-2137,$-374,$284,$3702,$263,$148,$-82,$66,$-157,$-81,$36,$-44,$-208,$126,$-200,$-10,$0,$0,$0,$0,$0,$-210,$-156,$279,$123,$-18,$-18,$0,$-35,$70,$-7,$9,$0
25,2012-06-30,26.11,$2.21,11.79,$120.12,0.22,$-5.41,0.0,$2.89,9.03,$2.26B,$1.72B,1.31,$1.23B,$0.13B,9.28,$7.39B,$1.18B,15.98%,$7.39B,$0.41B,5.58%,$7.39B,$0.41B,5.58%,$7.39B,$0.62B,8.44%,$7.39B,$0.29B,3.90%,$7.39B,$0.18B,2.40%,$0.18B,$0.13B,175.68%,$0.18B,$0.03B,-3371.43%,$0.18B,$3.63B,5.04%,$0.41B,$1.37B,31.14%,$1920,$1595,$325,$28,$109,$1782,$138,$-22,$116,$21,$95,$95,$87,$188,$138,$60,61,$1.45,$1.42,$181,$668,$0,$2264,$1060,$0,$103,$107,$1363,$3627,$1724,$1234,$0,$1770,$3494,$1,$-2262,$-391,$133,$3627,$131,$99,$2,$101,$-212,$-83,$86,$-37,$-232,$1,$-124,$-7,$0,$0,$0,$0,$0,$-131,$-153,$296,$143,$-18,$-18,$0,$-30,$95,$-33,$7,$0
26,2012-03-31,36.16,$1.76,20.5,$119.23,0.3,$-5.45,0.0,$2.28,15.86,$2.26B,$1.71B,1.32,$1.26B,$0.11B,11.81,$7.36B,$1.18B,16.03%,$7.36B,$0.39B,5.30%,$7.36B,$0.39B,5.30%,$7.36B,$0.61B,8.24%,$7.36B,$0.26B,3.52%,$7.36B,$0.14B,1.90%,$0.14B,$0.11B,125.84%,$0.14B,$0.00B,-56000.00%,$0.14B,$3.65B,4.01%,$0.39B,$1.37B,29.28%,$1912,$1607,$305,$38,$118,$1812,$100,$-46,$54,$18,$36,$36,$30,$149,$100,$60,62,$0.50,$0.49,$193,$679,$0,$2259,$1077,$0,$107,$110,$1392,$3651,$1713,$1264,$0,$1831,$3544,$1,$-2349,$-353,$107,$3651,$36,$49,$0,$49,$-181,$-76,$88,$0,$-168,$-85,$-64,$-4,$0,$0,$0,$0,$0,$-68,$-131,$265,$134,$0,$0,$0,$-12,$122,$-21,$4,$0
27,2011-12-31,28.99,$0.71,40.72,$116.61,0.25,$-5.37,0.0,$2.54,11.41,$1.98B,$1.57B,1.26,$1.16B,$0.04B,26.93,$7.21B,$1.17B,16.21%,$7.21B,$0.39B,5.40%,$7.21B,$0.39B,5.40%,$7.21B,$0.61B,8.42%,$7.21B,$0.27B,3.76%,$7.21B,$0.16B,2.18%,$0.16B,$0.04B,137.42%,$0.16B,$-0.06B,-10466.67%,$0.16B,$3.34B,4.53%,$0.39B,$1.20B,29.58%,$1784,$1514,$270,$31,$100,$1696,$88,$-27,$61,$23,$38,$38,$30,$139,$88,$60,62,$0.49,$0.50,$214,$592,$0,$1979,$1047,$0,$106,$103,$1358,$3337,$1570,$1158,$0,$1724,$3294,$1,$-2379,$-382,$43,$3337,$183,$218,$7,$225,$-183,$-64,$144,$-60,$-170,$245,$-209,$-15,$0,$0,$0,$0,$0,$-224,$-19,$33,$14,$-16,$-16,$0,$-24,$-26,$-19,$8,$0
28,2011-09-30,24.93,$1.99,12.51,$113.46,0.22,$-4.39,0.0,$1.75,14.24,$2.10B,$1.62B,1.3,$1.23B,$0.12B,10.28,$7.00B,$1.15B,16.43%,$7.00B,$0.36B,5.19%,$7.00B,$0.36B,5.19%,$7.00B,$0.58B,8.33%,$7.00B,$0.22B,3.19%,$7.00B,$0.11B,1.56%,$0.11B,$0.12B,97.10%,$0.11B,$0.01B,-1503.45%,$0.11B,$3.44B,3.18%,$0.36B,$1.35B,27.63%,$1773,$1492,$281,$32,$101,$1687,$86,$-29,$57,$21,$36,$36,$30,$148,$86,$60,62,$0.51,$0.49,$163,$621,$0,$2103,$1026,$0,$108,$99,$1333,$3436,$1622,$1234,$0,$1694,$3316,$1,$-2409,$-265,$120,$3436,$145,$167,$6,$173,$-314,$-85,$159,$-36,$-274,$44,$-141,$-10,$0,$0,$0,$0,$0,$-151,$-18,$111,$93,$-16,$-16,$0,$-24,$53,$-70,$6,$0
29,2011-06-30,42.9,$2.91,14.77,$109.90,0.39,$-3.43,0.0,$1.42,30.21,$2.14B,$1.67B,1.28,$1.23B,$0.18B,7.01,$6.77B,$1.13B,16.71%,$6.77B,$0.35B,5.10%,$6.77B,$0.35B,5.10%,$6.77B,$0.56B,8.25%,$6.77B,$0.20B,2.91%,$6.77B,$0.09B,1.32%,$0.09B,$0.18B,97.00%,$0.09B,$0.05B,-287.10%,$0.09B,$3.56B,2.63%,$0.35B,$1.40B,26.71%,$1888,$1565,$323,$35,$118,$1772,$116,$-29,$87,$30,$57,$57,$50,$170,$116,$60,62,$0.84,$0.81,$161,$626,$0,$2142,$1083,$0,$125,$104,$1416,$3558,$1670,$1227,$0,$1713,$3383,$1,$-2439,$-182,$175,$3558,$109,$105,$0,$105,$-290,$-60,$134,$-34,$-250,$-36,$-91,$-6,$0,$0,$0,$0,$0,$-97,$-19,$96,$77,$-11,$-11,$0,$-10,$56,$-72,$4,$0
30,2011-03-31,41.32,$1.97,20.98,$104.07,0.4,$-1.78,0.0,$1.27,32.53,$2.13B,$1.73B,1.23,$1.19B,$0.12B,9.96,$6.38B,$1.09B,17.05%,$6.38B,$0.33B,5.09%,$6.38B,$0.33B,5.09%,$6.38B,$0.54B,8.42%,$6.38B,$0.17B,2.68%,$6.38B,$0.08B,1.24%,$0.08B,$0.12B,234.07%,$0.08B,$-0.01B,-90.80%,$0.08B,$3.53B,2.44%,$0.33B,$1.30B,26.55%,$1760,$1466,$294,$35,$109,$1661,$99,$-33,$66,$14,$52,$52,$47,$150,$99,$60,62,$0.78,$0.75,$199,$637,$0,$2129,$1072,$0,$124,$104,$1403,$3532,$1729,$1185,$0,$1684,$3413,$1,$-2489,$-205,$119,$3532,$52,$51,$-3,$48,$-251,$-77,$139,$-30,$-203,$-103,$-42,$-3,$0,$0,$0,$0,$0,$-45,$-22,$136,$114,$0,$0,$0,$0,$114,$-34,$2,$0
31,2010-12-31,40.06,$0.58,68.97,$97.36,0.41,$-0.99,0.0,$0.63,63.59,$1.79B,$1.47B,1.22,$1.16B,$0.04B,33.14,$5.94B,$1.04B,17.47%,$5.94B,$0.29B,4.83%,$5.94B,$0.29B,4.83%,$5.94B,$0.50B,8.47%,$5.94B,$0.13B,2.22%,$5.94B,$0.04B,0.66%,$0.04B,$0.04B,-2228.57%,$0.04B,$-0.09B,-32.10%,$0.04B,$3.17B,1.25%,$0.29B,$1.20B,24.39%,$1577,$1325,$252,$27,$110,$1515,$62,$-49,$13,$24,$-11,$-11,$-18,$115,$62,$59,61,$-0.31,$-0.31,$233,$547,$0,$1790,$1050,$0,$121,$105,$1377,$3167,$1468,$1160,$0,$1664,$3132,$1,$-2536,$-237,$35,$3167,$63,$216,$16,$232,$-231,$-122,$238,$58,$-53,$244,$-148,$-12,$0,$0,$0,$0,$3,$-157,$16,$-8,$8,$0,$0,$0,$-38,$-30,$66,$9,$0
32,2010-09-30,28.2,$0.63,44.5,$98.73,0.29,$0.03,859.7,$1.25,22.56,$1.92B,$1.55B,1.24,$1.23B,$0.04B,32.29,$5.68B,$1.02B,17.86%,$5.68B,$0.28B,4.98%,$5.68B,$0.28B,4.98%,$5.68B,$0.51B,8.89%,$5.68B,$0.14B,2.46%,$5.68B,$0.07B,1.30%,$0.07B,$0.04B,-954.84%,$0.07B,$-0.08B,-58.27%,$0.07B,$3.27B,2.44%,$0.28B,$1.27B,24.26%,$1542,$1280,$262,$30,$109,$1474,$68,$-37,$31,$15,$16,$16,$10,$123,$68,$59,61,$0.17,$0.17,$184,$549,$0,$1917,$1037,$0,$121,$107,$1353,$3270,$1552,$1227,$0,$1680,$3232,$1,$-2518,$-240,$38,$3270,$74,$163,$6,$169,$-374,$-123,$265,$32,$-179,$64,$-102,$-11,$0,$0,$0,$0,$1,$-112,$-3,$95,$92,$0,$0,$0,$-28,$64,$17,$7,$0
33,2010-06-30,20.5,$-0.95,-21.48,$100.31,0.2,$1.19,17.23,$0.92,22.28,$1.67B,$1.39B,1.21,$1.19B,$-0.06B,-20.86,$5.39B,$0.96B,17.87%,$5.39B,$0.25B,4.71%,$5.39B,$0.25B,4.71%,$5.39B,$0.48B,8.82%,$5.39B,$0.11B,2.02%,$5.39B,$0.06B,1.04%,$0.06B,$-0.06B,-78.05%,$0.06B,$-0.17B,-29.40%,$0.06B,$2.98B,1.90%,$0.25B,$1.13B,22.19%,$1502,$1222,$280,$33,$98,$1406,$96,$-35,$61,$15,$46,$46,$40,$149,$96,$59,61,$0.68,$0.66,$146,$471,$0,$1672,$993,$0,$117,$103,$1308,$2980,$1386,$1189,$0,$1651,$3037,$1,$-2528,$-318,$-57,$2980,$58,$108,$10,$118,$-293,$-71,$232,$1,$-129,$47,$-71,$-8,$0,$0,$0,$0,$2,$-77,$18,$22,$40,$0,$0,$0,$-20,$20,$-21,$5,$0
34,2010-03-31,23.02,$-0.39,-59.76,$99.39,0.23,$0.88,26.28,$-0.46,0.0,$1.64B,$1.44B,1.14,$1.14B,$-0.02B,-49.44,$5.00B,$0.88B,17.55%,$5.00B,$0.18B,3.68%,$5.00B,$0.18B,3.68%,$5.00B,$0.41B,8.16%,$5.00B,$0.03B,0.60%,$5.00B,$-0.02B,-0.34%,$-0.02B,$-0.02B,13.68%,$-0.02B,$-0.14B,6.97%,$-0.02B,$3.03B,-0.59%,$0.18B,$1.11B,15.88%,$1316,$1073,$243,$27,$100,$1255,$61,$-34,$27,$15,$12,$12,$7,$116,$61,$59,61,$0.11,$0.11,$193,$465,$0,$1643,$1063,$0,$120,$103,$1391,$3034,$1440,$1137,$0,$1617,$3057,$1,$-2568,$-243,$-23,$3034,$12,$55,$2,$57,$-191,$-44,$120,$-27,$-126,$-57,$-37,$-2,$0,$0,$0,$0,$1,$-38,$-8,$127,$119,$0,$0,$0,$-1,$118,$26,$3,$0
35,2009-12-31,17.26,$0.18,93.33,$98.47,0.18,$-0.04,0.0,$-1.62,0.0,$1.39B,$1.20B,1.16,$1.15B,$0.01B,104.09,$4.65B,$0.77B,16.65%,$4.65B,$0.11B,2.41%,$4.65B,$0.11B,2.41%,$4.65B,$0.33B,7.16%,$4.65B,$-0.04B,-0.88%,$4.65B,$-0.07B,-1.57%,$-0.07B,$0.01B,37.15%,$-0.07B,$-0.11B,23.16%,$-0.07B,$2.84B,-2.59%,$0.11B,$1.16B,9.46%,$1322,$1092,$230,$25,$88,$1264,$58,$-37,$21,$-5,$26,$26,$17,$117,$58,$49,49,$0.44,$0.44,$167,$428,$0,$1393,$1110,$0,$119,$111,$1448,$2841,$1201,$1145,$0,$1629,$2830,$1,$-2575,$-212,$11,$2841,$-54,$221,$-8,$213,$-8,$101,$-2,$-18,$82,$241,$-115,$-6,$1,$0,$0,$0,$1,$-119,$-16,$-241,$-257,$188,$188,$0,$-18,$-87,$41,$7,$0
36,2009-09-30,12.69,$-4.60,-2.76,$97.28,0.13,$-4.14,0.0,$-8.35,0.0,$1.49B,$1.25B,1.19,$1.40B,$-0.22B,-6.4,$4.54B,$0.70B,15.35%,$4.54B,$-0.09B,-1.94%,$4.54B,$-0.09B,-1.94%,$4.54B,$0.24B,5.34%,$4.54B,$-0.23B,-5.12%,$4.54B,$-0.39B,-8.56%,$-0.39B,$-0.22B,151.56%,$-0.39B,$-0.34B,103.40%,$-0.39B,$2.94B,-13.76%,$-0.09B,$1.18B,-7.40%,$1254,$1043,$211,$27,$90,$1215,$39,$-39,$0,$4,$-4,$-4,$-8,$94,$39,$47,47,$-0.17,$-0.17,$137,$456,$0,$1485,$1126,$0,$119,$116,$1454,$2939,$1252,$1395,$0,$1905,$3157,$0,$-2592,$-228,$-218,$2939,$-80,$162,$1,$163,$-124,$76,$56,$-12,$25,$108,$-83,$-5,$1,$0,$0,$0,$1,$-86,$-9,$6,$-3,$0,$0,$0,$-18,$-21,$11,$5,$0
37,2009-06-30,10.32,$-5.64,-1.83,$102.69,0.1,$-8.04,0.0,$-11.10,0.0,$1.34B,$1.10B,1.22,$1.46B,$-0.27B,-5.45,$4.78B,$0.68B,14.32%,$4.78B,$-0.10B,-2.09%,$4.78B,$-0.10B,-2.09%,$4.78B,$0.23B,4.83%,$4.78B,$-0.23B,-4.90%,$4.78B,$-0.52B,-10.80%,$-0.52B,$-0.27B,353.42%,$-0.52B,$-0.39B,174.77%,$-0.52B,$2.77B,-17.35%,$-0.10B,$1.19B,-7.59%,$1106,$913,$193,$24,$88,$1080,$26,$-44,$-18,$11,$-29,$-29,$-33,$81,$26,$47,47,$-0.72,$-0.72,$111,$452,$0,$1338,$1117,$0,$120,$122,$1429,$2767,$1098,$1455,$0,$1936,$3034,$0,$-2584,$-279,$-267,$2767,$-76,$107,$5,$112,$-57,$67,$-36,$1,$-5,$31,$-64,$-4,$1,$0,$0,$0,$0,$-67,$-6,$51,$45,$0,$0,$0,$-18,$27,$-15,$4,$0
38,2009-03-31,1.59,$-6.59,-0.24,$113.58,0.01,$-10.08,0.0,$-10.12,0.0,$1.31B,$1.04B,1.26,$1.53B,$-0.31B,-4.89,$5.32B,$0.76B,14.26%,$5.32B,$-0.05B,-0.96%,$5.32B,$-0.05B,-0.96%,$5.32B,$0.28B,5.30%,$5.32B,$-0.17B,-3.27%,$5.32B,$-0.47B,-8.83%,$-0.47B,$-0.31B,-1086.71%,$-0.47B,$-0.43B,348.15%,$-0.47B,$2.74B,-14.43%,$-0.05B,$1.21B,-3.39%,$967,$827,$140,$21,$78,$978,$-11,$-33,$-44,$3,$-47,$-47,$-49,$41,$-11,$47,47,$-1.05,$-1.05,$113,$465,$0,$1313,$1092,$0,$117,$123,$1429,$2742,$1041,$1526,$0,$2013,$3054,$0,$-2551,$-358,$-312,$2742,$-47,$52,$5,$57,$-54,$34,$-74,$-4,$-91,$-81,$-34,$-2,$1,$0,$0,$0,$0,$-35,$1,$124,$125,$0,$0,$0,$-8,$117,$-13,$2,$0
39,2008-12-31,2.87,$-4.83,-0.59,$125.53,0.02,$-10.25,0.0,$-8.94,0.0,$1.34B,$1.16B,1.16,$1.40B,$-0.23B,-6.18,$5.92B,$0.85B,14.42%,$5.92B,$-0.00B,-0.03%,$5.92B,$-0.00B,-0.03%,$5.92B,$0.33B,5.65%,$5.92B,$-0.12B,-1.96%,$5.92B,$-0.42B,-7.01%,$-0.42B,$-0.23B,-174.92%,$-0.42B,$-0.35B,-1431.03%,$-0.42B,$2.83B,-11.81%,$-0.00B,$1.18B,-0.12%,$1208,$1056,$152,$28,$98,$1350,$-142,$-28,$-170,$126,$-296,$-296,$-298,$26,$-142,$46,46,$-6.43,$-6.42,$126,$513,$0,$1338,$1145,$0,$121,$125,$1490,$2828,$1157,$1402,$0,$1898,$3055,$0,$-2502,$-318,$-227,$2828,$-405,$336,$224,$560,$126,$19,$-181,$37,$5,$160,$-230,$-15,$-16,$0,$0,$0,$0,$-261,$-5,$76,$71,$2,$2,$0,$-15,$58,$-62,$10,$0
40,2008-09-30,10.35,$4.73,2.19,$133.67,0.08,$-8.94,0.0,$-4.10,0.0,$1.77B,$1.39B,1.27,$1.47B,$0.22B,6.62,$6.27B,$0.93B,14.75%,$6.27B,$0.18B,2.90%,$6.27B,$0.18B,2.90%,$6.27B,$0.41B,6.46%,$6.27B,$0.05B,0.72%,$6.27B,$-0.19B,-3.01%,$-0.19B,$0.22B,-47.97%,$-0.19B,$-0.02B,-120.00%,$-0.19B,$3.56B,-5.10%,$0.18B,$1.69B,10.06%,$1497,$1298,$199,$29,$87,$1470,$27,$-29,$-2,$131,$-133,$-133,$-136,$83,$27,$46,46,$-2.92,$-2.92,$127,$599,$0,$1765,$1184,$0,$239,$129,$1797,$3562,$1393,$1470,$0,$1947,$3340,$0,$-2204,$-141,$222,$3562,$-109,$168,$98,$266,$-114,$-51,$41,$-15,$-123,$34,$-190,$-9,$-16,$0,$0,$0,$0,$-215,$-4,$130,$126,$1,$1,$0,$-4,$123,$-61,$7,$0
41,2008-06-30,13.17,$10.44,1.26,$133.92,0.1,$-9.15,0.0,$-0.73,0.0,$1.92B,$1.48B,1.3,$1.45B,$0.49B,2.95,$6.33B,$0.97B,15.30%,$6.33B,$0.22B,3.40%,$6.33B,$0.22B,3.40%,$6.33B,$0.43B,6.85%,$6.33B,$0.07B,1.14%,$6.33B,$-0.03B,-0.51%,$-0.03B,$0.49B,-7.24%,$-0.03B,$0.25B,-15.48%,$-0.03B,$3.89B,-0.85%,$0.22B,$1.94B,11.52%,$1651,$1383,$268,$34,$102,$1576,$75,$-33,$42,$27,$15,$15,$13,$132,$75,$46,48,$0.26,$0.26,$164,$621,$0,$1923,$1244,$0,$236,$140,$1969,$3892,$1475,$1446,$0,$1927,$3402,$0,$-2068,$-7,$490,$3892,$24,$112,$-8,$104,$-148,$-47,$50,$-13,$-134,$-6,$-125,$-8,$-19,$0,$0,$0,$0,$-152,$-3,$121,$118,$1,$1,$0,$-4,$115,$-24,$5,$0
42,2008-03-31,27.2,$9.90,2.75,$134.20,0.2,$-8.50,0.0,$-0.15,0.0,$1.80B,$1.41B,1.27,$1.42B,$0.46B,3.06,$6.34B,$0.99B,15.56%,$6.34B,$0.24B,3.83%,$6.34B,$0.24B,3.83%,$6.34B,$0.46B,7.17%,$6.34B,$0.09B,1.47%,$6.34B,$-0.00B,-0.06%,$-0.00B,$0.46B,-1.00%,$-0.00B,$0.23B,-2.34%,$-0.00B,$3.77B,-0.11%,$0.24B,$1.88B,13.37%,$1560,$1326,$234,$36,$105,$1522,$38,$-24,$14,$5,$9,$9,$6,$93,$38,$46,48,$0.14,$0.13,$161,$602,$0,$1800,$1232,$0,$237,$146,$1973,$3773,$1413,$1419,$0,$1896,$3309,$0,$-2080,$-19,$464,$3773,$9,$55,$0,$55,$-87,$-43,$23,$-29,$-128,$-64,$-62,$-5,$0,$0,$0,$0,$0,$-67,$-3,$88,$85,$1,$1,$0,$-2,$84,$-27,$3,$0
43,2007-12-31,25.38,$8.58,2.96,$131.11,0.19,$-8.65,0.0,$-0.21,0.0,$1.64B,$1.36B,1.21,$1.33B,$0.40B,3.32,$6.18B,$0.97B,15.75%,$6.18B,$0.26B,4.14%,$6.18B,$0.26B,4.14%,$6.18B,$0.46B,7.45%,$6.18B,$0.09B,1.42%,$6.18B,$-0.00B,-0.08%,$-0.00B,$0.40B,-1.45%,$-0.00B,$0.17B,-4.08%,$-0.00B,$3.59B,-0.14%,$0.26B,$1.73B,14.51%,$1565,$1341,$224,$28,$99,$1523,$42,$-51,$-9,$61,$-70,$-62,$-72,$97,$42,$46,46,$-1.58,$-1.52,$188,$539,$0,$1641,$1185,$0,$234,$141,$1949,$3590,$1358,$1328,$0,$1832,$3190,$0,$-2087,$-73,$400,$3590,$5,$205,$42,$247,$-116,$-66,$100,$23,$-94,$158,$-167,$-19,$0,$0,$0,$0,$-16,$-202,$-191,$190,$-1,$8,$8,$0,$-17,$-10,$-14,$9,$0
44,2007-09-30,30.18,$8.88,3.4,$122.78,0.25,$-7.54,0.0,$1.66,18.18,$1.89B,$1.39B,1.37,$1.50B,$0.41B,3.64,$5.83B,$0.94B,16.11%,$5.83B,$0.25B,4.29%,$5.83B,$0.25B,4.29%,$5.83B,$0.45B,7.69%,$5.83B,$0.10B,1.68%,$5.83B,$0.08B,1.34%,$0.08B,$0.41B,25.79%,$0.08B,$0.18B,92.04%,$0.08B,$3.82B,2.18%,$0.25B,$1.92B,14.47%,$1556,$1313,$243,$30,$101,$1496,$60,$-35,$25,$0,$25,$21,$21,$112,$60,$46,48,$0.47,$0.45,$203,$580,$0,$1894,$1144,$0,$233,$136,$1928,$3822,$1386,$1503,$0,$2023,$3409,$0,$-2011,$-134,$413,$3822,$67,$150,$-8,$142,$-282,$-113,$171,$-12,$-250,$-41,$-130,$-14,$0,$0,$0,$0,$0,$-144,$-211,$366,$155,$6,$6,$0,$-7,$154,$1,$7,$0
45,2007-06-30,34.11,$7.03,4.85,$114.05,0.3,$-5.30,0.0,$1.33,25.64,$1.82B,$1.40B,1.3,$1.42B,$0.33B,4.35,$5.39B,$0.89B,16.54%,$5.39B,$0.24B,4.38%,$5.39B,$0.24B,4.38%,$5.39B,$0.43B,7.92%,$5.39B,$0.09B,1.59%,$5.39B,$0.06B,1.19%,$0.06B,$0.33B,25.17%,$0.06B,$0.11B,175.34%,$0.06B,$3.71B,1.88%,$0.24B,$1.75B,14.37%,$1663,$1377,$286,$29,$104,$1560,$103,$-40,$63,$20,$43,$41,$41,$153,$103,$46,48,$0.89,$0.85,$168,$523,$0,$1819,$1104,$0,$214,$136,$1890,$3709,$1398,$1419,$0,$1985,$3383,$0,$-2032,$-197,$326,$3709,$46,$98,$-6,$92,$-312,$-71,$241,$-15,$-164,$-26,$-74,$-11,$0,$0,$0,$0,$2,$-83,$-209,$273,$64,$4,$4,$0,$-7,$61,$-34,$4,$0
46,2007-03-31,24.78,$5.30,4.68,$105.05,0.24,$-3.78,0.0,$1.02,24.3,$1.64B,$1.29B,1.27,$1.42B,$0.25B,5.81,$4.95B,$0.86B,17.29%,$4.95B,$0.21B,4.20%,$4.95B,$0.21B,4.20%,$4.95B,$0.40B,8.00%,$4.95B,$0.06B,1.23%,$4.95B,$0.05B,0.95%,$0.05B,$0.25B,20.66%,$0.05B,$0.03B,940.00%,$0.05B,$3.49B,1.44%,$0.21B,$1.67B,13.02%,$1400,$1179,$221,$27,$95,$1349,$51,$-42,$9,$2,$7,$5,$5,$99,$51,$45,47,$0.11,$0.11,$136,$516,$0,$1638,$1096,$0,$213,$138,$1851,$3489,$1294,$1424,$0,$1950,$3244,$0,$-2079,$-227,$245,$3489,$5,$48,$1,$49,$-201,$-74,$150,$-13,$-147,$-93,$-39,$-7,$0,$0,$0,$0,$1,$-45,$-207,$280,$73,$2,$2,$0,$-6,$69,$-66,$2,$0
47,2006-12-31,24.06,$4.94,4.88,$99.69,0.24,$-2.29,0.0,$1.10,21.87,$1.42B,$1.12B,1.27,$1.36B,$0.23B,6.0,$4.68B,$0.85B,18.07%,$4.68B,$0.20B,4.29%,$4.68B,$0.20B,4.29%,$4.68B,$0.39B,8.22%,$4.68B,$0.06B,1.28%,$4.68B,$0.05B,1.05%,$0.05B,$0.23B,23.84%,$0.05B,$0.02B,-225.29%,$0.05B,$3.27B,1.55%,$0.20B,$1.58B,12.90%,$1208,$1019,$189,$20,$85,$1172,$36,$-35,$1,$-12,$13,$11,$11,$84,$36,$45,47,$0.25,$0.24,$202,$441,$0,$1415,$1093,$0,$211,$132,$1859,$3274,$1119,$1357,$0,$1929,$3048,$0,$-2072,$-252,$226,$3274,$49,$184,$-31,$153,$-24,$-57,$91,$-26,$1,$203,$-160,$-13,$0,$0,$0,$0,$1,$-172,$-4,$3,$-1,$17,$17,$0,$-4,$12,$61,$7,$0
