,Date,Stock Price,Book Value per Share,Price to Book Ratio,TTM Sales per Share,Price to Sales Ratio,TTM FCF per Share,Price to FCF Ratio,TTM Net EPS,PE Ratio,Current Assets,Current Liabilities,Current Ratio,Long Term Debt,Shareholder's Equity_x,Debt to Equity Ratio,TTM Revenue_x,TTM Gross Profit,Gross Margin,TTM Revenue_y,TTM Operating Income,Operating Margin,TTM Revenue_x,TTM EBIT,EBIT Margin,TTM Revenue_y,TTM EBITDA,EBITDA Margin,TTM Revenue_x,TTM Pre-Tax Income,Pre-Tax Margin,TTM Revenue_y,TTM Net Income_x,Net Margin,TTM Net Income_y,Shareholder's Equity_y,Return on Equity,TTM Net Income_x,Tangible Equity,Return on Tangible Equity,TTM Net Income_y,Total Assets,Return on Assets,TTM Net Income,LT Investments & Debt,Return on Investment,revenue,cost-goods-sold,gross-profit,research-development-expenses,selling-general-administrative-expenses,operating-expenses,operating-income,total-non-operating-income-expense,pre-tax-income,total-provision-income-taxes,income-after-taxes,income-from-continuous-operations,net-income,ebitda,ebit,basic-shares-outstanding,shares-outstanding,eps-basic-net-earnings-per-share,eps-earnings-per-share-diluted,cash-on-hand,inventory,other-current-assets,total-current-assets,net-property-plant-equipment,long-term-investments,goodwill-intangible-assets-total,other-long-term-assets,total-long-term-assets,total-assets,total-current-liabilities,long-term-debt,other-non-current-liabilities,total-long-term-liabilities,total-liabilities,common-stock-net,retained-earnings-accumulated-deficit,comprehensive-income,total-share-holder-equity,total-liabilities-share-holders-equity,net-income-loss,total-depreciation-amortization-cash-flow,other-non-cash-items,total-non-cash-items,change-in-accounts-receivable,change-in-inventories,change-in-accounts-payable,change-in-assets-liabilities,total-change-in-assets-liabilities,cash-flow-from-operating-activities,net-change-in-property-plant-equipment,net-change-in-intangible-assets,net-acquisitions-divestitures,net-change-in-short-term-investments,net-change-in-long-term-investments,net-change-in-investments-total,investing-activities-other,cash-flow-from-investing-activities,net-long-term-debt,net-current-debt,debt-issuance-retirement-net-total,net-common-equity-issued-repurchased,net-total-equity-issued-repurchased,total-common-preferred-stock-dividends-paid,financial-activities-other,cash-flow-from-financial-activities,net-cash-flow,stock-based-compensation,common-stock-dividends-paid
0,2018-09-30,36.98,$9.10,4.06,$10.45,3.54,$3.01,12.3,$1.04,35.56,$1.88B,$0.46B,4.1,$0.38B,$1.67B,0.23,$2.06B,$1.18B,57.48%,$2.06B,$0.46B,22.38%,$2.06B,$0.46B,22.38%,$2.06B,$0.57B,27.67%,$2.06B,$0.46B,22.09%,$2.06B,$0.20B,9.81%,$0.20B,$1.67B,11.12%,$0.20B,$1.14B,14.67%,$0.20B,$2.88B,6.78%,$0.46B,$2.04B,21.07%,$567,$233,$334,$77,$100,$423,$144,$-3,$141,$21,$120,$120,$120,$173,$144,$186,191,$0.65,$0.63,$1232,$155,$0,$1879,$278,$92,$533,$29,$1003,$2882,$458,$376,$202,$756,$1215,$23,$-23,$4,$1668,$2882,$308,$83,$51,$134,$-78,$-34,$0,$7,$-151,$291,$-88,$0,$-169,$0,$968,$968,$9,$719,$0,$0,$0,$-541,$-541,$-51,$-33,$-626,$384,$25,$-51
1,2018-06-30,38.07,$9.26,4.11,$9.98,3.81,$3.97,9.6,$0.93,40.94,$1.89B,$0.45B,4.19,$0.37B,$1.74B,0.21,$2.00B,$1.15B,57.36%,$2.00B,$0.45B,22.34%,$2.00B,$0.45B,22.34%,$2.00B,$0.55B,27.71%,$2.00B,$0.44B,22.09%,$2.00B,$0.19B,9.27%,$0.19B,$1.74B,9.60%,$0.19B,$1.20B,12.04%,$0.19B,$2.93B,6.10%,$0.45B,$2.11B,19.44%,$527,$220,$307,$75,$99,$407,$120,$-0,$120,$19,$101,$101,$101,$148,$120,$191,195,$0.53,$0.52,$1193,$136,$0,$1894,$285,$111,$537,$30,$1038,$2932,$452,$373,$195,$739,$1192,$23,$74,$-4,$1740,$2932,$188,$53,$34,$87,$-179,$-21,$0,$10,$-225,$50,$-63,$0,$-171,$0,$652,$652,$0,$419,$0,$0,$0,$-350,$-350,$-35,$-33,$-418,$51,$18,$-35
2,2018-03-31,45.6,$9.83,4.64,$10.74,4.25,$4.64,9.82,$1.28,35.63,$2.16B,$0.39B,5.51,$0.37B,$1.91B,0.19,$2.17B,$1.23B,56.74%,$2.17B,$0.53B,24.65%,$2.17B,$0.53B,24.65%,$2.17B,$0.64B,29.55%,$2.17B,$0.53B,24.38%,$2.17B,$0.26B,11.96%,$0.26B,$1.91B,12.92%,$0.26B,$1.55B,15.56%,$0.26B,$3.00B,8.48%,$0.53B,$2.27B,22.55%,$487,$218,$270,$74,$91,$390,$98,$-2,$96,$9,$87,$87,$87,$123,$98,$195,203,$0.45,$0.43,$1498,$132,$0,$2156,$281,$89,$360,$30,$839,$2995,$391,$369,$177,$699,$1090,$24,$216,$26,$1905,$2995,$87,$26,$17,$42,$-141,$-21,$0,$8,$-213,$-82,$-35,$0,$-25,$0,$523,$523,$0,$463,$0,$0,$0,$-124,$-124,$-18,$-33,$-174,$208,$10,$-18
3,2017-12-31,41.69,$9.99,4.17,$10.61,3.93,$4.81,8.68,$1.27,32.82,$2.27B,$0.45B,5.0,$0.37B,$1.95B,0.19,$2.14B,$1.22B,57.30%,$2.14B,$0.53B,24.81%,$2.14B,$0.53B,24.81%,$2.14B,$0.64B,29.87%,$2.14B,$0.52B,24.53%,$2.14B,$0.26B,12.03%,$0.26B,$1.95B,12.80%,$0.26B,$1.62B,15.32%,$0.26B,$3.11B,8.52%,$0.53B,$2.32B,22.37%,$479,$206,$273,$70,$87,$380,$99,$-1,$98,$204,$-106,$-106,$-106,$126,$99,$198,202,$-0.53,$-0.53,$1778,$108,$0,$2270,$268,$126,$331,$30,$839,$3110,$454,$366,$179,$702,$1156,$24,$272,$19,$1954,$3110,$258,$108,$78,$186,$-81,$45,$0,$1,$183,$626,$-105,$0,$0,$0,$-162,$-162,$5,$-263,$0,$0,$0,$-176,$-176,$-55,$-14,$-245,$122,$34,$-55
4,2017-09-30,37.07,$10.73,3.46,$10.10,3.67,$4.05,9.16,$2.14,17.32,$2.14B,$0.43B,4.96,$0.36B,$2.11B,0.17,$2.04B,$1.17B,57.44%,$2.04B,$0.49B,24.05%,$2.04B,$0.49B,24.05%,$2.04B,$0.60B,29.26%,$2.04B,$0.49B,23.81%,$2.04B,$0.43B,21.06%,$0.43B,$2.11B,21.70%,$0.43B,$1.78B,26.04%,$0.43B,$3.09B,14.64%,$0.49B,$2.47B,20.99%,$503,$209,$295,$77,$86,$374,$129,$-2,$127,$24,$103,$103,$103,$156,$129,$197,201,$0.52,$0.52,$1637,$125,$5,$2140,$259,$212,$335,$23,$949,$3089,$431,$363,$29,$548,$979,$25,$438,$16,$2110,$3089,$364,$82,$28,$109,$-76,$24,$0,$30,$6,$479,$-73,$0,$0,$0,$-120,$-120,$5,$-188,$0,$0,$0,$-127,$-127,$-42,$-14,$-183,$111,$26,$-42
5,2017-06-30,29.79,$10.35,2.88,$9.61,3.1,$3.75,7.94,$1.93,15.44,$2.08B,$0.44B,4.74,$0.36B,$2.05B,0.18,$1.94B,$1.10B,56.69%,$1.94B,$0.42B,21.50%,$1.94B,$0.42B,21.50%,$1.94B,$0.52B,26.85%,$1.94B,$0.42B,21.50%,$1.94B,$0.39B,20.06%,$0.39B,$2.05B,20.58%,$0.39B,$1.72B,24.98%,$0.39B,$3.03B,14.18%,$0.42B,$2.41B,19.34%,$697,$306,$391,$82,$90,$489,$208,$-1,$207,$32,$175,$175,$175,$235,$208,$199,202,$0.88,$0.87,$1408,$154,$7,$2080,$258,$213,$333,$22,$950,$3030,$439,$359,$28,$542,$982,$25,$405,$6,$2049,$3030,$260,$55,$20,$75,$-214,$-8,$0,$8,$-166,$169,$-46,$0,$0,$0,$286,$286,$0,$240,$0,$0,$0,$-79,$-79,$-28,$-13,$-121,$290,$17,$-28
6,2017-03-31,30.79,$9.62,3.2,$8.77,3.51,$3.98,7.74,$-0.04,0.0,$1.85B,$0.39B,4.72,$0.36B,$1.92B,0.19,$1.78B,$0.99B,55.87%,$1.78B,$-0.02B,-1.24%,$1.78B,$-0.02B,-1.24%,$1.78B,$0.34B,19.28%,$1.78B,$-0.02B,-1.12%,$1.78B,$-0.01B,-0.51%,$-0.01B,$1.92B,-0.49%,$-0.01B,$1.60B,-0.61%,$-0.01B,$2.84B,-0.35%,$-0.02B,$2.28B,-1.10%,$457,$192,$265,$76,$85,$363,$94,$-2,$92,$7,$85,$85,$85,$121,$94,$200,202,$0.43,$0.42,$1220,$203,$9,$1854,$254,$262,$325,$20,$988,$2842,$393,$356,$26,$529,$922,$25,$300,$-11,$1920,$2842,$85,$27,$9,$36,$-124,$-62,$0,$-3,$-182,$-61,$-22,$0,$0,$0,$148,$148,$0,$126,$0,$0,$0,$-23,$-23,$-14,$-13,$-50,$17,$9,$-14
7,2016-12-31,25.09,$9.18,2.73,$8.60,2.92,$4.46,5.62,$-0.22,0.0,$1.62B,$0.37B,4.36,$0.35B,$1.83B,0.19,$1.75B,$0.96B,54.71%,$1.75B,$-0.06B,-3.42%,$1.75B,$-0.06B,-3.42%,$1.75B,$0.32B,17.97%,$1.75B,$-0.06B,-3.14%,$1.75B,$-0.04B,-2.51%,$-0.04B,$1.83B,-2.39%,$-0.04B,$1.51B,-3.14%,$-0.04B,$2.76B,-1.75%,$-0.06B,$2.18B,-3.11%,$380,$161,$219,$70,$76,$321,$59,$-0,$59,$-7,$66,$66,$66,$84,$59,$203,203,$0.33,$0.34,$1179,$136,$0,$1624,$254,$434,$324,$20,$1139,$2762,$373,$353,$66,$561,$934,$25,$230,$-20,$1829,$2762,$-43,$375,$75,$450,$18,$34,$0,$-29,$49,$455,$-85,$0,$0,$0,$-560,$-560,$5,$-640,$451,$0,$451,$-58,$-58,$-49,$-116,$228,$43,$31,$-49
8,2016-09-30,21.26,$8.84,2.41,$8.22,2.59,$4.20,5.06,$-0.55,0.0,$1.29B,$0.37B,3.48,$0.00B,$1.78B,0.0,$1.69B,$0.91B,53.58%,$1.69B,$-0.13B,-7.63%,$1.69B,$-0.13B,-7.63%,$1.69B,$0.26B,15.20%,$1.69B,$-0.12B,-7.27%,$1.69B,$-0.11B,-6.56%,$-0.11B,$1.78B,-5.93%,$-0.11B,$1.43B,-8.33%,$-0.11B,$2.37B,-4.50%,$-0.13B,$1.78B,-6.89%,$410,$183,$227,$71,$79,$354,$57,$3,$60,$-4,$64,$64,$64,$82,$57,$202,204,$0.32,$0.31,$896,$115,$6,$1285,$262,$358,$353,$18,$1080,$2366,$369,$0,$63,$214,$584,$25,$236,$3,$1782,$2366,$-110,$350,$85,$435,$46,$49,$0,$48,$93,$418,$-66,$0,$0,$0,$-207,$-207,$5,$-268,$0,$0,$0,$-65,$-65,$-37,$-18,$-119,$33,$23,$-37
9,2016-06-30,19.35,$8.61,2.25,$8.41,2.3,$3.92,4.94,$-0.52,0.0,$1.41B,$0.46B,3.1,$0.00B,$1.75B,0.0,$1.75B,$0.94B,53.69%,$1.75B,$-0.10B,-5.67%,$1.75B,$-0.10B,-5.67%,$1.75B,$0.30B,17.12%,$1.75B,$-0.10B,-5.50%,$1.75B,$-0.10B,-5.95%,$-0.10B,$1.75B,-5.36%,$-0.10B,$1.39B,-8.02%,$-0.10B,$2.41B,-4.09%,$-0.10B,$1.75B,-5.11%,$532,$249,$283,$76,$81,$764,$-232,$1,$-231,$-7,$-224,$-224,$-224,$56,$-232,$203,203,$-1.10,$-1.10,$823,$129,$8,$1413,$265,$283,$359,$16,$995,$2408,$455,$0,$57,$207,$662,$25,$212,$2,$1746,$2408,$-174,$324,$90,$414,$-138,$30,$0,$90,$-24,$217,$-47,$0,$0,$0,$26,$26,$5,$-16,$0,$0,$0,$-39,$-39,$-24,$-21,$-84,$116,$15,$-24
10,2016-03-31,21.15,$9.80,2.16,$8.17,2.59,$3.77,5.62,$1.06,19.95,$1.24B,$0.35B,3.61,$0.00B,$2.00B,0.0,$1.73B,$0.95B,55.21%,$1.73B,$0.26B,15.28%,$1.73B,$0.26B,15.28%,$1.73B,$0.41B,23.55%,$1.73B,$0.27B,15.45%,$1.73B,$0.22B,12.91%,$0.22B,$2.00B,11.04%,$0.22B,$1.28B,17.48%,$0.22B,$2.55B,8.53%,$0.26B,$2.00B,13.07%,$431,$201,$230,$73,$79,$375,$56,$1,$57,$7,$50,$50,$50,$93,$56,$204,206,$0.24,$0.24,$729,$161,$4,$1243,$267,$246,$719,$15,$1306,$2549,$345,$0,$58,$209,$553,$25,$476,$5,$1996,$2549,$50,$37,$7,$44,$-43,$-1,$0,$-16,$-58,$36,$-20,$0,$0,$0,$91,$91,$0,$71,$0,$0,$0,$-19,$-19,$-12,$-21,$-52,$55,$8,$-12
11,2015-12-31,20.19,$9.65,2.09,$7.64,2.64,$3.77,5.36,$0.97,20.81,$1.26B,$0.37B,3.38,$0.00B,$1.97B,0.0,$1.64B,$0.92B,55.89%,$1.64B,$0.24B,14.83%,$1.64B,$0.24B,14.83%,$1.64B,$0.38B,23.43%,$1.64B,$0.25B,15.38%,$1.64B,$0.21B,12.57%,$0.21B,$1.97B,10.12%,$0.21B,$1.24B,15.17%,$0.21B,$2.55B,7.91%,$0.24B,$1.97B,11.94%,$318,$152,$166,$71,$80,$328,$-10,$1,$-9,$-8,$-1,$-1,$-1,$26,$-10,$212,213,$0.01,$0.00,$742,$154,$6,$1260,$273,$266,$728,$14,$1289,$2549,$373,$0,$54,$210,$583,$25,$468,$-8,$1966,$2549,$206,$141,$56,$197,$-57,$16,$0,$8,$20,$423,$-90,$0,$-283,$0,$258,$258,$1,$-114,$0,$0,$0,$-280,$-280,$-51,$-8,$-339,$-30,$30,$-51
12,2015-09-30,17.54,$9.87,1.78,$7.60,2.31,$3.66,4.8,$0.49,35.79,$1.34B,$0.40B,3.38,$0.00B,$2.05B,0.0,$1.64B,$0.91B,55.35%,$1.64B,$0.13B,7.73%,$1.64B,$0.13B,7.73%,$1.64B,$0.37B,22.38%,$1.64B,$0.14B,8.27%,$1.64B,$0.10B,6.27%,$0.10B,$2.05B,4.99%,$0.10B,$1.29B,7.09%,$0.10B,$2.66B,3.96%,$0.13B,$2.05B,6.15%,$466,$207,$259,$74,$77,$379,$87,$1,$87,$16,$71,$71,$71,$124,$87,$210,212,$0.34,$0.34,$820,$128,$4,$1337,$275,$258,$759,$27,$1325,$2662,$396,$0,$48,$221,$616,$26,$548,$0,$2046,$2662,$207,$105,$21,$126,$-91,$33,$0,$19,$40,$373,$-67,$0,$-283,$0,$222,$222,$1,$-126,$0,$0,$0,$-209,$-209,$-38,$1,$-246,$-0,$23,$-38
13,2015-06-30,18.72,$9.76,1.92,$7.59,2.47,$2.99,6.26,$0.53,35.32,$1.32B,$0.40B,3.27,$0.00B,$2.07B,0.0,$1.66B,$0.91B,55.07%,$1.66B,$0.14B,8.33%,$1.66B,$0.14B,8.33%,$1.66B,$0.38B,22.95%,$1.66B,$0.15B,9.06%,$1.66B,$0.12B,6.94%,$0.12B,$2.07B,5.48%,$0.12B,$1.30B,7.48%,$0.12B,$2.69B,4.41%,$0.14B,$2.07B,6.57%,$513,$214,$299,$76,$77,$382,$131,$1,$132,$29,$103,$103,$103,$164,$131,$214,215,$0.48,$0.48,$753,$122,$7,$1316,$292,$276,$775,$27,$1376,$2693,$402,$0,$45,$217,$619,$27,$588,$-3,$2074,$2693,$136,$68,$15,$82,$-142,$24,$0,$18,$-25,$193,$-46,$0,$-282,$0,$278,$278,$1,$-49,$0,$0,$0,$-110,$-110,$-26,$-1,$-138,$6,$15,$-26
14,2015-03-31,18.24,$9.53,1.91,$7.63,2.39,$2.73,6.67,$0.52,35.08,$1.32B,$0.29B,4.51,$0.00B,$2.06B,0.0,$1.67B,$0.90B,54.10%,$1.67B,$0.13B,7.67%,$1.67B,$0.13B,7.67%,$1.67B,$0.37B,22.41%,$1.67B,$0.14B,8.33%,$1.67B,$0.11B,6.77%,$0.11B,$2.06B,5.36%,$0.11B,$1.61B,7.09%,$0.11B,$2.51B,4.36%,$0.13B,$2.06B,6.08%,$342,$150,$192,$71,$72,$307,$35,$7,$42,$10,$33,$33,$33,$70,$35,$217,219,$0.15,$0.15,$868,$121,$7,$1321,$308,$403,$450,$23,$1191,$2512,$293,$0,$17,$162,$455,$27,$580,$6,$2057,$2512,$33,$34,$1,$36,$-25,$6,$0,$3,$-31,$38,$-21,$0,$0,$0,$-42,$-42,$1,$-62,$0,$0,$0,$-38,$-38,$-13,$0,$-51,$-75,$8,$-13
15,2014-12-31,19.09,$9.60,1.99,$7.43,2.57,$2.42,7.9,$0.37,51.6,$1.24B,$0.29B,4.27,$0.00B,$2.08B,0.0,$1.65B,$0.88B,53.28%,$1.65B,$0.10B,5.89%,$1.65B,$0.10B,5.89%,$1.65B,$0.35B,21.06%,$1.65B,$0.10B,5.76%,$1.65B,$0.08B,4.92%,$0.08B,$2.08B,3.88%,$0.08B,$1.62B,5.26%,$0.08B,$2.54B,3.15%,$0.10B,$2.08B,4.64%,$323,$163,$160,$79,$91,$449,$-126,$1,$-125,$-21,$-104,$-104,$-104,$10,$-126,$203,223,$-0.52,$-0.48,$828,$105,$7,$1244,$329,$471,$464,$23,$1295,$2539,$292,$0,$16,$168,$460,$27,$610,$5,$2079,$2539,$81,$251,$91,$342,$8,$52,$0,$30,$69,$492,$-169,$0,$-19,$0,$-149,$-149,$4,$-333,$-191,$0,$-191,$21,$21,$-37,$1,$-207,$-47,$40,$-37
16,2014-09-30,18.65,$10.12,1.84,$7.18,2.6,$1.65,11.28,$0.94,19.84,$1.40B,$0.33B,4.25,$0.00B,$2.19B,0.0,$1.61B,$0.88B,54.53%,$1.61B,$0.23B,14.29%,$1.61B,$0.23B,14.29%,$1.61B,$0.38B,23.79%,$1.61B,$0.26B,15.84%,$1.61B,$0.21B,12.86%,$0.21B,$2.19B,10.02%,$0.21B,$1.63B,13.99%,$0.21B,$2.70B,7.97%,$0.23B,$2.19B,11.13%,$478,$217,$261,$72,$73,$380,$98,$2,$101,$18,$83,$83,$83,$136,$98,$207,218,$0.40,$0.38,$807,$108,$7,$1401,$336,$375,$559,$19,$1294,$2695,$330,$0,$27,$175,$505,$27,$727,$5,$2190,$2695,$185,$115,$44,$159,$-164,$38,$0,$59,$-27,$317,$-146,$0,$0,$0,$-112,$-112,$4,$-254,$-191,$0,$-191,$21,$21,$-24,$2,$-193,$-130,$32,$-24
17,2014-06-30,18.8,$10.70,1.76,$6.83,2.75,$1.47,12.78,$0.85,22.11,$1.36B,$0.36B,3.75,$0.00B,$2.10B,0.0,$1.57B,$0.87B,55.65%,$1.57B,$0.23B,14.44%,$1.57B,$0.23B,14.44%,$1.57B,$0.38B,24.15%,$1.57B,$0.24B,15.46%,$1.57B,$0.19B,12.33%,$0.19B,$2.10B,9.62%,$0.19B,$1.52B,13.72%,$0.19B,$2.63B,7.49%,$0.23B,$2.10B,11.26%,$526,$235,$290,$73,$77,$405,$121,$1,$121,$20,$101,$101,$101,$158,$121,$194,217,$0.52,$0.47,$743,$127,$5,$1355,$309,$364,$578,$20,$1276,$2631,$361,$0,$17,$168,$529,$25,$657,$6,$2101,$2631,$102,$77,$32,$109,$-143,$18,$0,$38,$-28,$183,$-91,$0,$0,$0,$7,$7,$4,$-80,$-191,$0,$-191,$11,$11,$-12,$2,$-190,$-87,$24,$-12
18,2014-03-31,19.01,$10.26,1.85,$6.23,3.05,$1.12,16.91,$0.66,28.8,$1.26B,$0.27B,4.62,$0.00B,$1.99B,0.0,$1.47B,$0.82B,55.99%,$1.47B,$0.19B,13.01%,$1.47B,$0.19B,13.01%,$1.47B,$0.34B,23.30%,$1.47B,$0.20B,13.69%,$1.47B,$0.16B,10.83%,$0.16B,$1.99B,8.16%,$0.16B,$1.39B,11.92%,$0.16B,$2.43B,6.25%,$0.19B,$1.99B,9.80%,$321,$154,$167,$67,$78,$317,$4,$-6,$-2,$-3,$1,$1,$1,$43,$4,$193,236,$0.00,$0.00,$695,$137,$12,$1261,$279,$272,$596,$20,$1172,$2433,$273,$0,$14,$171,$444,$24,$556,$5,$1990,$2433,$1,$39,$38,$77,$-59,$3,$0,$8,$-104,$-26,$-31,$0,$0,$0,$124,$124,$4,$98,$-191,$0,$-191,$10,$10,$0,$0,$-181,$-109,$15,$0
19,2013-12-31,16.84,$10.35,1.63,$6.07,2.77,$1.11,15.12,$0.69,24.41,$1.44B,$0.48B,3.03,$0.00B,$1.99B,0.0,$1.43B,$0.81B,56.62%,$1.43B,$0.19B,13.38%,$1.43B,$0.19B,13.38%,$1.43B,$0.34B,23.90%,$1.43B,$0.20B,14.16%,$1.43B,$0.17B,11.56%,$0.17B,$1.99B,8.69%,$0.17B,$1.37B,12.99%,$0.17B,$2.63B,6.51%,$0.19B,$1.99B,10.06%,$285,$125,$160,$65,$70,$278,$7,$29,$35,$13,$22,$22,$22,$46,$7,$191,236,$0.12,$0.10,$929,$138,$7,$1440,$275,$271,$614,$24,$1190,$2630,$476,$0,$23,$169,$645,$24,$566,$4,$1985,$2630,$165,$151,$3,$153,$-4,$22,$0,$-84,$-50,$269,$-107,$0,$-15,$0,$-161,$-161,$-0,$-283,$-3,$0,$-3,$18,$18,$0,$2,$17,$3,$37,$0
20,2013-09-30,15.79,$10.20,1.55,$5.94,2.66,$1.66,9.52,$0.51,30.96,$1.49B,$0.49B,3.06,$0.00B,$1.95B,0.0,$1.39B,$0.77B,55.61%,$1.39B,$0.16B,11.44%,$1.39B,$0.16B,11.44%,$1.39B,$0.31B,22.23%,$1.39B,$0.14B,9.86%,$1.39B,$0.13B,9.06%,$0.13B,$1.95B,6.82%,$0.13B,$1.34B,10.45%,$0.13B,$2.61B,5.07%,$0.16B,$1.95B,8.41%,$433,$179,$254,$69,$73,$340,$94,$-6,$88,$18,$69,$69,$69,$131,$94,$191,236,$0.36,$0.29,$957,$123,$12,$1494,$275,$202,$615,$25,$1117,$2612,$488,$0,$21,$172,$660,$24,$544,$4,$1952,$2612,$143,$111,$18,$129,$-56,$34,$0,$-39,$-47,$224,$-83,$0,$0,$0,$76,$76,$0,$-7,$-1,$0,$-1,$17,$17,$0,$0,$16,$234,$27,$0
21,2013-06-30,16.79,$9.79,1.72,$6.12,2.74,$2.24,7.49,$0.61,27.53,$1.28B,$0.47B,2.76,$0.00B,$1.87B,0.0,$1.42B,$0.78B,54.86%,$1.42B,$0.17B,12.18%,$1.42B,$0.17B,12.18%,$1.42B,$0.32B,22.82%,$1.42B,$0.15B,10.70%,$1.42B,$0.15B,10.28%,$0.15B,$1.87B,8.09%,$0.15B,$1.23B,12.75%,$0.15B,$2.51B,5.97%,$0.17B,$1.87B,9.15%,$429,$188,$241,$68,$69,$343,$86,$-6,$80,$14,$67,$67,$67,$122,$86,$191,235,$0.35,$0.28,$729,$128,$0,$1282,$265,$303,$633,$23,$1224,$2506,$465,$0,$21,$175,$640,$24,$474,$3,$1866,$2506,$73,$74,$6,$79,$-75,$26,$0,$-23,$-83,$69,$-51,$0,$0,$0,$-139,$-139,$0,$-190,$-1,$0,$-1,$10,$10,$0,$1,$10,$-111,$18,$0
22,2013-03-31,15.5,$9.41,1.65,$6.68,2.32,$2.41,6.44,$0.82,18.91,$1.21B,$0.42B,2.89,$0.00B,$1.79B,0.0,$1.54B,$0.85B,55.10%,$1.54B,$0.24B,15.85%,$1.54B,$0.24B,15.85%,$1.54B,$0.40B,25.67%,$1.54B,$0.22B,14.55%,$1.54B,$0.19B,12.35%,$0.19B,$1.79B,10.80%,$0.19B,$1.14B,17.57%,$0.19B,$2.39B,7.82%,$0.24B,$1.79B,12.94%,$280,$127,$153,$63,$68,$276,$4,$-6,$-1,$-8,$7,$7,$7,$42,$4,$190,235,$0.03,$0.03,$710,$149,$0,$1207,$264,$246,$650,$22,$1182,$2390,$417,$0,$20,$181,$598,$24,$408,$6,$1791,$2390,$7,$37,$7,$44,$-13,$-4,$0,$-12,$-86,$-36,$-23,$0,$0,$0,$17,$17,$0,$-6,$0,$0,$0,$9,$9,$0,$-0,$9,$-34,$9,$0
23,2012-12-31,16.14,$9.46,1.71,$7.20,2.24,$2.59,6.24,$0.94,17.17,$1.24B,$0.30B,4.15,$0.17B,$1.78B,0.1,$1.66B,$0.89B,53.50%,$1.66B,$0.29B,17.27%,$1.66B,$0.29B,17.27%,$1.66B,$0.43B,26.21%,$1.66B,$0.27B,16.06%,$1.66B,$0.22B,13.10%,$0.22B,$1.78B,12.77%,$0.22B,$1.11B,21.67%,$0.22B,$2.43B,9.07%,$0.29B,$1.95B,15.33%,$248,$123,$125,$63,$69,$273,$-25,$-6,$-30,$-14,$-17,$-17,$-17,$14,$-25,$187,230,$-0.09,$-0.09,$770,$139,$5,$1236,$266,$236,$668,$18,$1193,$2429,$298,$171,$21,$353,$651,$23,$401,$6,$1778,$2429,$217,$146,$82,$228,$-24,$18,$0,$-22,$-42,$403,$-119,$0,$0,$0,$-485,$-485,$1,$-602,$-3,$0,$-3,$18,$18,$0,$-51,$-35,$-235,$40,$0
24,2012-09-30,13.59,$9.51,1.43,$7.43,1.83,$2.19,6.21,$1.59,8.55,$1.31B,$0.35B,3.75,$0.17B,$1.79B,0.09,$1.71B,$0.90B,52.49%,$1.71B,$0.30B,17.65%,$1.71B,$0.30B,17.65%,$1.71B,$0.45B,26.22%,$1.71B,$0.28B,16.48%,$1.71B,$0.36B,21.29%,$0.36B,$1.79B,22.26%,$0.36B,$1.10B,39.73%,$0.36B,$2.46B,15.57%,$0.30B,$1.95B,16.77%,$463,$203,$260,$64,$69,$355,$108,$-5,$103,$14,$89,$89,$89,$146,$108,$187,229,$0.47,$0.39,$831,$135,$0,$1311,$261,$178,$687,$26,$1152,$2463,$349,$168,$19,$329,$678,$23,$418,$6,$1785,$2463,$234,$107,$47,$154,$-76,$25,$0,$-7,$-25,$362,$-91,$0,$0,$0,$-339,$-339,$0,$-431,$-1,$0,$-1,$18,$18,$0,$-36,$-20,$-88,$31,$0
25,2012-06-30,13.44,$9.00,1.49,$6.96,1.93,$1.67,8.04,$1.45,9.27,$1.32B,$0.43B,3.09,$0.17B,$1.69B,0.1,$1.59B,$0.81B,50.76%,$1.59B,$0.25B,16.02%,$1.59B,$0.25B,16.02%,$1.59B,$0.39B,24.27%,$1.59B,$0.24B,14.88%,$1.59B,$0.33B,20.87%,$0.33B,$1.69B,21.67%,$0.33B,$0.98B,34.61%,$0.33B,$2.44B,15.00%,$0.25B,$1.85B,15.05%,$548,$239,$310,$68,$72,$391,$157,$-5,$152,$41,$111,$111,$111,$193,$157,$187,230,$0.60,$0.49,$695,$138,$0,$1317,$248,$134,$709,$27,$1118,$2435,$426,$165,$21,$323,$749,$23,$329,$5,$1685,$2435,$145,$69,$41,$110,$-217,$21,$0,$-4,$-142,$113,$-58,$0,$0,$0,$-58,$-58,$0,$-115,$-1,$0,$-1,$17,$17,$0,$2,$18,$15,$21,$0
26,2012-03-31,16.14,$8.31,1.94,$6.36,2.54,$1.76,9.15,$1.35,11.96,$1.12B,$0.38B,2.98,$0.16B,$1.55B,0.1,$1.45B,$0.71B,49.00%,$1.45B,$0.20B,13.60%,$1.45B,$0.20B,13.60%,$1.45B,$0.32B,21.74%,$1.45B,$0.18B,12.42%,$1.45B,$0.31B,21.19%,$0.31B,$1.55B,21.33%,$0.31B,$0.82B,30.14%,$0.31B,$2.24B,14.64%,$0.20B,$1.71B,12.33%,$397,$206,$191,$61,$67,$350,$46,$-5,$41,$8,$34,$34,$34,$81,$46,$186,231,$0.18,$0.15,$621,$138,$0,$1121,$239,$122,$727,$30,$1117,$2238,$376,$162,$20,$314,$689,$23,$218,$5,$1549,$2238,$34,$34,$23,$57,$-92,$24,$0,$-1,$-79,$11,$-27,$0,$0,$0,$-27,$-27,$0,$-54,$-1,$0,$-1,$10,$10,$0,$-6,$3,$-40,$11,$0
27,2011-12-31,13.03,$8.20,1.59,$6.27,2.08,$1.82,7.15,$1.61,8.09,$1.10B,$0.37B,2.94,$0.16B,$1.51B,0.11,$1.43B,$0.71B,49.83%,$1.43B,$0.23B,16.17%,$1.43B,$0.23B,16.17%,$1.43B,$0.34B,23.65%,$1.43B,$0.21B,14.98%,$1.43B,$0.37B,25.89%,$0.37B,$1.51B,27.23%,$0.37B,$0.76B,33.91%,$0.37B,$2.19B,18.44%,$0.23B,$1.67B,15.25%,$297,$163,$134,$60,$62,$307,$-10,$-5,$-15,$-145,$129,$129,$129,$27,$-10,$185,227,$0.70,$0.57,$670,$160,$0,$1100,$232,$84,$746,$26,$1089,$2189,$374,$160,$24,$310,$684,$23,$184,$5,$1505,$2189,$370,$107,$-109,$-2,$66,$-1,$0,$-102,$-93,$275,$-86,$0,$-537,$0,$503,$503,$38,$-83,$-3,$0,$-3,$-14,$-14,$0,$0,$-16,$176,$32,$0
28,2011-09-30,10.52,$7.44,1.41,$6.33,1.66,$3.15,3.34,$1.32,7.97,$1.56B,$0.29B,5.31,$0.16B,$1.37B,0.11,$1.44B,$0.74B,51.53%,$1.44B,$0.30B,21.08%,$1.44B,$0.30B,21.08%,$1.44B,$0.39B,27.25%,$1.44B,$0.29B,19.90%,$1.44B,$0.31B,21.22%,$0.31B,$1.37B,24.22%,$0.31B,$1.27B,26.58%,$0.31B,$1.96B,16.01%,$0.30B,$1.53B,21.46%,$344,$174,$170,$46,$55,$283,$61,$-3,$58,$2,$57,$57,$57,$84,$61,$185,222,$0.31,$0.26,$1192,$133,$0,$1556,$233,$41,$102,$32,$407,$1963,$293,$157,$19,$300,$593,$23,$187,$-123,$1370,$1963,$241,$69,$9,$78,$25,$-1,$0,$-78,$-105,$215,$-67,$0,$0,$0,$520,$520,$39,$492,$-3,$0,$-3,$-7,$-7,$0,$0,$-9,$697,$23,$0
29,2011-06-30,14.15,$7.17,1.97,$6.92,2.05,$3.95,3.58,$1.73,8.18,$1.34B,$0.35B,3.81,$0.16B,$1.33B,0.12,$1.59B,$0.85B,53.18%,$1.59B,$0.40B,25.17%,$1.59B,$0.40B,25.17%,$1.59B,$0.49B,30.84%,$1.59B,$0.38B,23.98%,$1.59B,$0.40B,24.92%,$0.40B,$1.33B,33.35%,$0.40B,$1.23B,37.06%,$0.40B,$2.00B,21.19%,$0.40B,$1.49B,29.88%,$411,$196,$215,$48,$58,$311,$100,$-4,$96,$8,$88,$88,$87,$123,$100,$185,230,$0.47,$0.38,$909,$142,$0,$1343,$233,$282,$108,$31,$655,$1998,$353,$155,$19,$311,$664,$23,$142,$-124,$1334,$1998,$184,$46,$-7,$39,$-39,$-15,$0,$-44,$-102,$122,$-44,$0,$0,$0,$-78,$-78,$39,$-83,$-1,$0,$-1,$17,$17,$0,$4,$20,$58,$15,$0
30,2011-03-31,17.02,$6.63,2.57,$7.06,2.41,$4.04,4.21,$1.89,9.01,$1.25B,$0.33B,3.75,$0.15B,$1.23B,0.12,$1.62B,$0.88B,54.28%,$1.62B,$0.44B,26.86%,$1.62B,$0.44B,26.86%,$1.62B,$0.53B,32.53%,$1.62B,$0.42B,25.69%,$1.62B,$0.43B,26.56%,$0.43B,$1.23B,39.86%,$0.43B,$1.11B,45.14%,$0.43B,$1.88B,24.89%,$0.44B,$1.38B,35.45%,$377,$184,$193,$47,$58,$297,$80,$-5,$75,$5,$70,$70,$97,$104,$80,$185,232,$0.52,$0.42,$856,$130,$0,$1251,$233,$244,$116,$31,$624,$1875,$333,$152,$20,$314,$647,$23,$53,$-124,$1227,$1875,$97,$23,$-18,$5,$-17,$-11,$0,$-28,$-82,$20,$-22,$0,$0,$0,$-23,$-23,$39,$-6,$-1,$0,$-1,$10,$10,$0,$0,$9,$23,$7,$0
31,2010-12-31,13.42,$6.16,2.18,$6.84,1.96,$4.09,3.28,$1.72,7.8,$1.18B,$0.36B,3.24,$0.15B,$1.12B,0.13,$1.57B,$0.86B,54.82%,$1.57B,$0.42B,26.52%,$1.57B,$0.42B,26.52%,$1.57B,$0.51B,32.46%,$1.57B,$0.40B,25.30%,$1.57B,$0.38B,24.54%,$0.38B,$1.12B,40.17%,$0.38B,$1.00B,46.72%,$0.38B,$1.81B,24.33%,$0.42B,$1.27B,37.65%,$310,$145,$165,$46,$52,$247,$63,$-5,$58,$-4,$62,$62,$65,$82,$63,$180,227,$0.37,$0.30,$807,$117,$0,$1177,$231,$249,$123,$31,$634,$1810,$364,$150,$19,$324,$688,$23,$-42,$-128,$1122,$1810,$385,$94,$35,$129,$-50,$4,$0,$29,$53,$566,$-76,$0,$0,$0,$-553,$-553,$1,$-628,$-2,$0,$-2,$45,$45,$0,$0,$42,$-19,$30,$0
32,2010-09-30,10.65,$5.89,1.81,$6.77,1.57,$2.39,4.45,$1.54,6.91,$1.19B,$0.40B,2.96,$0.15B,$1.07B,0.14,$1.48B,$0.81B,54.39%,$1.48B,$0.37B,25.27%,$1.48B,$0.37B,25.27%,$1.48B,$0.47B,31.96%,$1.48B,$0.36B,24.05%,$1.48B,$0.34B,22.70%,$0.34B,$1.07B,39.92%,$0.34B,$0.94B,47.98%,$0.34B,$1.79B,23.42%,$0.37B,$1.22B,37.94%,$491,$220,$272,$49,$61,$335,$157,$-5,$152,$7,$146,$146,$147,$181,$157,$181,229,$0.81,$0.66,$698,$103,$0,$1188,$232,$201,$130,$39,$604,$1792,$401,$147,$16,$323,$724,$23,$-102,$-114,$1067,$1792,$320,$74,$31,$105,$-181,$10,$0,$26,$-35,$390,$-54,$0,$0,$0,$-360,$-360,$1,$-413,$-2,$0,$-2,$42,$42,$0,$0,$40,$17,$23,$0
33,2010-06-30,9.32,$5.02,1.86,$6.08,1.53,$1.09,8.55,$0.92,10.13,$0.97B,$0.29B,3.28,$0.15B,$0.91B,0.16,$1.25B,$0.64B,51.16%,$1.25B,$0.23B,18.07%,$1.25B,$0.23B,18.07%,$1.25B,$0.33B,26.22%,$1.25B,$0.21B,16.71%,$1.25B,$0.20B,15.67%,$0.20B,$0.91B,26.82%,$0.20B,$0.77B,33.69%,$0.20B,$1.45B,15.16%,$0.23B,$1.05B,25.90%,$445,$194,$251,$49,$58,$309,$136,$-4,$132,$10,$123,$123,$122,$161,$136,$180,232,$0.68,$0.55,$566,$84,$0,$965,$236,$95,$138,$15,$484,$1449,$294,$145,$21,$246,$541,$23,$-249,$-118,$909,$1449,$172,$50,$19,$69,$-123,$24,$0,$-72,$-107,$134,$-36,$0,$0,$0,$-153,$-153,$1,$-187,$-1,$0,$-1,$42,$42,$0,$0,$41,$-13,$15,$0
34,2010-03-31,10.68,$4.09,2.61,$5.14,2.08,$0.29,36.29,$-0.02,0.0,$0.79B,$0.26B,3.07,$0.14B,$0.73B,0.2,$0.98B,$0.44B,44.67%,$0.98B,$0.03B,2.87%,$0.98B,$0.03B,2.87%,$0.98B,$0.13B,13.42%,$0.98B,$0.01B,0.82%,$0.98B,$0.01B,0.72%,$0.01B,$0.73B,1.07%,$0.01B,$0.58B,1.40%,$0.01B,$1.26B,0.58%,$0.03B,$0.87B,3.52%,$319,$149,$170,$48,$55,$260,$59,$-5,$54,$5,$49,$49,$50,$84,$59,$177,226,$0.28,$0.24,$460,$84,$0,$787,$240,$72,$145,$18,$475,$1262,$256,$142,$21,$280,$536,$22,$-372,$-136,$726,$1262,$50,$25,$10,$35,$-54,$16,$0,$-22,$-59,$26,$-18,$0,$0,$0,$-88,$-88,$0,$-106,$-1,$0,$-1,$6,$6,$0,$0,$5,$-75,$8,$0
35,2009-12-31,10.26,$3.80,2.7,$4.43,2.32,$-0.16,0.0,$-0.79,0.0,$0.76B,$0.28B,2.69,$0.14B,$0.67B,0.21,$0.78B,$0.30B,38.43%,$0.78B,$-0.12B,-15.94%,$0.78B,$-0.12B,-15.94%,$0.78B,$-0.02B,-2.70%,$0.78B,$-0.14B,-18.51%,$0.78B,$-0.13B,-17.22%,$-0.13B,$0.67B,-21.47%,$-0.13B,$0.51B,-29.21%,$-0.13B,$1.24B,-11.36%,$-0.12B,$0.81B,-16.97%,$225,$113,$112,$37,$46,$203,$22,$-3,$18,$3,$15,$15,$17,$47,$22,$174,174,$0.11,$0.11,$464,$91,$0,$762,$246,$55,$152,$19,$473,$1235,$283,$141,$21,$287,$571,$22,$-422,$-138,$665,$1235,$-134,$104,$72,$177,$-19,$63,$0,$27,$79,$122,$-41,$0,$-4,$0,$-49,$-49,$0,$-94,$172,$-123,$49,$16,$16,$0,$1,$66,$94,$24,$0
36,2009-09-30,8.84,$3.57,2.48,$4.27,2.07,$0.08,104.87,$-1.21,0.0,$0.74B,$0.30B,2.45,$0.14B,$0.62B,0.22,$0.75B,$0.27B,35.43%,$0.75B,$-0.53B,-70.32%,$0.75B,$-0.53B,-70.32%,$0.75B,$-0.10B,-12.70%,$0.75B,$-0.55B,-73.26%,$0.75B,$-0.54B,-71.66%,$-0.54B,$0.62B,-84.34%,$-0.54B,$0.46B,-116.14%,$-0.54B,$1.23B,-45.39%,$-0.53B,$0.76B,-74.45%,$262,$155,$107,$38,$46,$253,$9,$-4,$5,$-2,$7,$7,$7,$36,$9,$174,181,$0.04,$0.04,$412,$112,$0,$742,$250,$55,$161,$19,$484,$1226,$303,$139,$24,$300,$603,$22,$-442,$-151,$623,$1226,$-151,$79,$53,$132,$-30,$46,$0,$58,$75,$56,$-27,$0,$-4,$0,$-8,$-8,$1,$-38,$172,$-123,$49,$15,$15,$0,$0,$65,$84,$18,$0
37,2009-06-30,6.56,$3.49,1.88,$4.58,1.43,$0.45,14.45,$-1.38,0.0,$0.60B,$0.20B,3.06,$0.14B,$0.61B,0.23,$0.78B,$0.29B,36.53%,$0.78B,$-0.55B,-70.50%,$0.78B,$-0.55B,-70.50%,$0.78B,$-0.13B,-15.96%,$0.78B,$-0.57B,-73.18%,$0.78B,$-0.57B,-72.29%,$-0.57B,$0.61B,-72.87%,$-0.57B,$0.44B,-101.25%,$-0.57B,$1.10B,-44.75%,$-0.55B,$0.75B,-67.90%,$170,$122,$47,$38,$47,$232,$-62,$-7,$-69,$-2,$-67,$-67,$-67,$-36,$-62,$173,173,$-0.39,$-0.39,$334,$127,$0,$604,$270,$39,$171,$19,$499,$1102,$197,$137,$23,$297,$494,$22,$-449,$-153,$609,$1102,$-157,$52,$35,$86,$36,$29,$0,$-2,$24,$-47,$-17,$0,$-4,$0,$12,$12,$1,$-8,$173,$-123,$50,$14,$14,$0,$0,$65,$11,$12,$0
38,2009-03-31,4.19,$3.48,1.2,$5.43,0.77,$1.07,3.91,$-0.93,0.0,$0.63B,$0.38B,1.65,$0.01B,$0.60B,0.01,$0.93B,$0.39B,42.21%,$0.93B,$-0.48B,-51.02%,$0.93B,$-0.48B,-51.02%,$0.93B,$-0.05B,-5.26%,$0.93B,$-0.49B,-52.31%,$0.93B,$-0.49B,-52.42%,$-0.49B,$0.60B,-52.81%,$-0.49B,$0.42B,-73.44%,$-0.49B,$1.15B,-35.25%,$-0.48B,$0.61B,-51.30%,$121,$87,$33,$47,$55,$214,$-93,$-5,$-98,$-8,$-91,$-91,$-91,$-68,$-93,$172,172,$-0.53,$-0.53,$279,$165,$0,$633,$283,$42,$179,$18,$521,$1154,$383,$8,$26,$171,$554,$22,$-382,$-153,$600,$1154,$-91,$25,$15,$40,$42,$-4,$0,$-9,$-15,$-66,$-6,$0,$0,$0,$9,$9,$1,$4,$10,$0,$10,$7,$7,$0,$0,$18,$-44,$6,$0
39,2008-12-31,4.03,$4.18,0.96,$6.42,0.63,$1.52,2.66,$-0.39,0.0,$0.69B,$0.37B,1.87,$0.00B,$0.71B,0.0,$1.11B,$0.50B,45.08%,$1.11B,$-0.38B,-34.42%,$1.11B,$-0.38B,-34.42%,$1.11B,$0.04B,3.97%,$1.11B,$-0.38B,-34.60%,$1.11B,$-0.40B,-35.68%,$-0.40B,$0.71B,-36.47%,$-0.40B,$0.52B,-50.95%,$-0.40B,$1.24B,-26.36%,$-0.38B,$0.71B,-35.18%,$195,$117,$78,$52,$58,$574,$-380,$-6,$-386,$-1,$-385,$-385,$-385,$-27,$-380,$171,171,$-2.25,$-2.25,$323,$168,$0,$685,$298,$52,$187,$20,$557,$1242,$367,$0,$30,$165,$532,$21,$-288,$-148,$710,$1242,$-394,$424,$95,$520,$118,$-3,$0,$-26,$39,$164,$-43,$0,$-572,$0,$151,$151,$15,$-449,$0,$120,$120,$-73,$-73,$0,$0,$46,$-240,$22,$0
40,2008-09-30,7.46,$7.02,1.06,$6.68,1.12,$1.08,6.92,$0.04,186.61,$0.70B,$0.25B,2.79,$0.00B,$1.19B,0.0,$1.17B,$0.54B,46.08%,$1.17B,$0.01B,0.51%,$1.17B,$0.01B,0.51%,$1.17B,$0.09B,8.02%,$1.17B,$0.02B,1.54%,$1.17B,$0.01B,0.60%,$0.01B,$1.19B,0.58%,$0.01B,$0.85B,0.75%,$0.01B,$1.56B,0.44%,$0.01B,$1.19B,0.49%,$297,$169,$128,$53,$59,$315,$-17,$-3,$-20,$3,$-23,$-23,$-23,$6,$-17,$169,169,$-0.13,$-0.13,$308,$121,$0,$697,$295,$160,$334,$74,$863,$1561,$250,$0,$27,$123,$373,$21,$97,$-44,$1188,$1561,$-9,$72,$74,$146,$23,$-5,$0,$-24,$-15,$121,$-31,$0,$-285,$0,$-1,$-1,$3,$-315,$0,$0,$0,$-75,$-75,$0,$0,$-75,$-270,$16,$0
41,2008-06-30,10.58,$7.14,1.48,$6.54,1.62,$0.46,22.9,$0.39,27.13,$0.71B,$0.25B,2.79,$0.00B,$1.20B,0.0,$1.17B,$0.56B,47.36%,$1.17B,$0.06B,4.68%,$1.17B,$0.06B,4.68%,$1.17B,$0.14B,11.58%,$1.17B,$0.08B,6.64%,$1.17B,$0.07B,6.05%,$0.07B,$1.20B,5.76%,$0.07B,$0.86B,7.02%,$0.07B,$1.58B,4.48%,$0.06B,$1.20B,4.46%,$318,$164,$154,$56,$65,$303,$15,$2,$17,$6,$11,$11,$11,$40,$15,$171,174,$0.06,$0.06,$306,$118,$0,$707,$353,$108,$338,$74,$874,$1581,$254,$0,$31,$129,$383,$21,$120,$-47,$1198,$1581,$13,$49,$19,$67,$4,$-1,$0,$-10,$1,$82,$-39,$0,$-285,$0,$49,$49,$0,$-275,$0,$0,$0,$-82,$-82,$0,$0,$-82,$-276,$11,$0
42,2008-03-31,11.87,$7.18,1.65,$6.22,1.91,$0.04,297.51,$0.47,25.26,$0.73B,$0.25B,2.95,$0.00B,$1.24B,0.0,$1.15B,$0.54B,47.07%,$1.15B,$0.06B,5.33%,$1.15B,$0.06B,5.33%,$1.15B,$0.13B,11.70%,$1.15B,$0.09B,8.03%,$1.15B,$0.09B,7.69%,$0.09B,$1.24B,6.87%,$0.09B,$0.87B,7.88%,$0.09B,$1.61B,5.44%,$0.06B,$1.24B,4.76%,$297,$159,$139,$55,$65,$296,$1,$5,$6,$4,$2,$2,$2,$25,$1,$174,176,$0.01,$0.01,$355,$104,$0,$734,$372,$86,$371,$48,$876,$1611,$249,$0,$44,$126,$375,$22,$136,$-49,$1236,$1611,$2,$23,$11,$35,$15,$0,$0,$-11,$-3,$34,$-29,$0,$-280,$0,$61,$61,$0,$-249,$0,$0,$0,$-25,$-25,$0,$0,$-25,$-239,$5,$0
43,2007-12-31,9.88,$7.10,1.39,$5.87,1.68,$-0.27,0.0,$0.42,23.53,$0.95B,$0.22B,4.23,$0.00B,$1.23B,0.0,$1.10B,$0.51B,46.55%,$1.10B,$0.04B,3.72%,$1.10B,$0.04B,3.72%,$1.10B,$0.11B,9.89%,$1.10B,$0.08B,7.26%,$1.10B,$0.08B,7.08%,$0.08B,$1.23B,5.94%,$0.08B,$1.15B,6.41%,$0.08B,$1.56B,4.79%,$0.04B,$1.23B,3.12%,$260,$142,$119,$50,$61,$254,$7,$8,$15,$-2,$17,$17,$17,$23,$7,$184,185,$0.09,$0.10,$638,$80,$0,$945,$353,$105,$75,$78,$610,$1555,$223,$0,$22,$103,$326,$22,$148,$-46,$1229,$1555,$78,$67,$29,$97,$-34,$45,$0,$-33,$-44,$128,$-78,$-18,$1,$0,$201,$201,$11,$117,$0,$0,$0,$-250,$-250,$0,$0,$-250,$-6,$23,$0
44,2007-09-30,13.19,$7.14,1.85,$5.69,2.32,$1.54,8.55,$0.38,34.71,$0.97B,$0.22B,4.37,$0.00B,$1.27B,0.0,$1.09B,$0.51B,46.62%,$1.09B,$0.04B,3.38%,$1.09B,$0.04B,3.38%,$1.09B,$0.11B,9.69%,$1.09B,$0.08B,7.13%,$1.09B,$0.07B,6.58%,$0.07B,$1.27B,5.35%,$0.07B,$1.16B,5.80%,$0.07B,$1.60B,4.31%,$0.04B,$1.27B,2.75%,$299,$155,$144,$52,$62,$267,$32,$8,$40,$5,$35,$35,$41,$48,$32,$184,185,$0.22,$0.22,$616,$92,$0,$971,$352,$131,$106,$36,$625,$1596,$222,$0,$21,$105,$327,$22,$168,$-57,$1269,$1596,$61,$51,$25,$76,$-76,$27,$0,$-20,$-97,$40,$-56,$-18,$1,$0,$63,$63,$11,$1,$0,$0,$0,$-181,$-181,$0,$0,$-181,$-139,$20,$0
45,2007-06-30,16.8,$7.36,2.28,$5.81,2.89,$3.28,5.12,$0.47,35.75,$0.91B,$0.22B,4.13,$0.00B,$1.39B,0.0,$1.15B,$0.54B,46.96%,$1.15B,$0.07B,6.26%,$1.15B,$0.07B,6.26%,$1.15B,$0.14B,12.52%,$1.15B,$0.11B,9.91%,$1.15B,$0.09B,8.00%,$0.09B,$1.39B,6.71%,$0.09B,$1.28B,7.22%,$0.09B,$1.71B,5.21%,$0.07B,$1.39B,5.25%,$289,$151,$137,$52,$62,$268,$21,$10,$31,$3,$27,$27,$28,$38,$21,$189,191,$0.15,$0.14,$580,$88,$0,$910,$358,$304,$104,$32,$798,$1708,$220,$0,$19,$100,$320,$24,$228,$-60,$1388,$1708,$20,$35,$29,$64,$-56,$24,$0,$-5,$-73,$11,$-45,$-18,$1,$0,$-111,$-111,$-0,$-173,$0,$0,$0,$-13,$-13,$0,$0,$-13,$-175,$14,$0
46,2007-03-31,15.81,$7.22,2.19,$6.14,2.57,$4.35,3.64,$0.73,21.66,$0.76B,$0.19B,4.0,$0.00B,$1.37B,0.0,$1.25B,$0.59B,47.60%,$1.25B,$0.14B,10.90%,$1.25B,$0.14B,10.90%,$1.25B,$0.21B,16.75%,$1.25B,$0.18B,14.18%,$1.25B,$0.15B,11.70%,$0.15B,$1.37B,10.64%,$0.15B,$1.26B,11.36%,$0.15B,$1.66B,7.90%,$0.14B,$1.37B,9.91%,$254,$140,$113,$49,$63,$272,$-19,$12,$-6,$1,$-8,$-8,$-8,$-0,$-19,$190,190,$-0.04,$-0.04,$482,$82,$0,$755,$362,$402,$106,$32,$902,$1657,$189,$0,$17,$99,$287,$24,$215,$-63,$1369,$1657,$-8,$18,$23,$41,$-10,$21,$0,$-3,$-64,$-30,$-22,$-18,$0,$0,$-99,$-99,$-0,$-139,$0,$0,$0,$6,$6,$0,$0,$6,$-162,$7,$0
47,2006-12-31,14.3,$7.20,1.98,$6.62,2.16,$4.86,2.94,$1.00,14.3,$0.89B,$0.26B,3.43,$0.00B,$1.36B,0.0,$1.36B,$0.65B,48.05%,$1.36B,$0.20B,14.89%,$1.36B,$0.20B,14.89%,$1.36B,$0.28B,20.34%,$1.36B,$0.24B,17.39%,$1.36B,$0.20B,14.66%,$0.20B,$1.36B,14.67%,$0.20B,$1.26B,15.57%,$0.20B,$1.72B,10.43%,$0.20B,$1.36B,14.89%,$252,$136,$116,$47,$62,$249,$3,$10,$13,$0,$13,$13,$11,$20,$3,$195,204,$0.06,$0.07,$616,$93,$0,$889,$366,$329,$105,$32,$832,$1721,$260,$0,$18,$100,$360,$24,$225,$0,$1361,$1721,$199,$73,$4,$77,$68,$79,$0,$-24,$169,$450,$-25,$0,$0,$0,$222,$222,$-0,$196,$-305,$0,$-305,$-114,$-114,$0,$0,$-419,$227,$24,$0
