,Date,Stock Price,Book Value per Share,Price to Book Ratio,TTM Sales per Share,Price to Sales Ratio,TTM FCF per Share,Price to FCF Ratio,TTM Net EPS,PE Ratio,Current Assets,Current Liabilities,Current Ratio,Long Term Debt,Shareholder's Equity_x,Debt to Equity Ratio,TTM Revenue_x,TTM Gross Profit,Gross Margin,TTM Revenue_y,TTM Operating Income,Operating Margin,TTM Revenue_x,TTM EBIT,EBIT Margin,TTM Revenue_y,TTM EBITDA,EBITDA Margin,TTM Revenue_x,TTM Pre-Tax Income,Pre-Tax Margin,TTM Revenue_y,TTM Net Income_x,Net Margin,TTM Net Income_y,Shareholder's Equity_y,Return on Equity,TTM Net Income_x,Tangible Equity,Return on Tangible Equity,TTM Net Income_y,Total Assets,Return on Assets,TTM Net Income,LT Investments & Debt,Return on Investment,revenue,cost-goods-sold,gross-profit,research-development-expenses,selling-general-administrative-expenses,operating-expenses,operating-income,total-non-operating-income-expense,pre-tax-income,total-provision-income-taxes,income-after-taxes,income-from-continuous-operations,net-income,ebitda,ebit,basic-shares-outstanding,shares-outstanding,eps-basic-net-earnings-per-share,eps-earnings-per-share-diluted,cash-on-hand,inventory,other-current-assets,total-current-assets,net-property-plant-equipment,long-term-investments,goodwill-intangible-assets-total,other-long-term-assets,total-long-term-assets,total-assets,total-current-liabilities,long-term-debt,other-non-current-liabilities,total-long-term-liabilities,total-liabilities,common-stock-net,retained-earnings-accumulated-deficit,comprehensive-income,total-share-holder-equity,total-liabilities-share-holders-equity,net-income-loss,total-depreciation-amortization-cash-flow,other-non-cash-items,total-non-cash-items,change-in-accounts-receivable,change-in-inventories,change-in-accounts-payable,change-in-assets-liabilities,total-change-in-assets-liabilities,cash-flow-from-operating-activities,net-change-in-property-plant-equipment,net-change-in-intangible-assets,net-acquisitions-divestitures,net-change-in-short-term-investments,net-change-in-long-term-investments,net-change-in-investments-total,investing-activities-other,cash-flow-from-investing-activities,net-long-term-debt,net-current-debt,debt-issuance-retirement-net-total,net-common-equity-issued-repurchased,net-total-equity-issued-repurchased,total-common-preferred-stock-dividends-paid,financial-activities-other,cash-flow-from-financial-activities,net-cash-flow,stock-based-compensation,common-stock-dividends-paid
0,2018-09-30,39.91,$13.35,2.99,$61.28,0.65,$7.37,5.41,$1.57,25.42,$2.29B,$1.03B,2.22,$1.13B,$0.98B,1.16,$4.96B,$0.95B,19.10%,$4.96B,$0.28B,5.67%,$4.96B,$0.28B,5.67%,$4.96B,$0.35B,6.96%,$4.96B,$0.22B,4.44%,$4.96B,$0.12B,2.42%,$0.12B,$0.98B,11.36%,$0.12B,$0.70B,15.58%,$0.12B,$3.34B,3.54%,$0.28B,$2.10B,13.23%,$1229,$996,$233,$0,$161,$1157,$72,$-21,$51,$12,$38,$38,$39,$86,$72,$74,75,$0.52,$0.51,$326,$1112,$0,$2290,$331,$0,$280,$439,$1049,$3339,$1030,$1128,$67,$1335,$2365,$1,$2122,$-304,$975,$3339,$147,$45,$44,$89,$-121,$-175,$75,$-34,$-255,$-20,$-62,$0,$-4,$0,$20,$20,$0,$-46,$147,$0,$147,$-327,$-327,$-23,$-15,$-218,$-301,$28,$-23
1,2018-06-30,42.08,$12.97,3.24,$57.27,0.73,$16.46,2.56,$1.72,24.47,$2.29B,$1.09B,2.11,$1.09B,$0.95B,1.15,$4.84B,$0.93B,19.28%,$4.84B,$0.28B,5.68%,$4.84B,$0.28B,5.68%,$4.84B,$0.34B,7.07%,$4.84B,$0.23B,4.67%,$4.84B,$0.14B,2.89%,$0.14B,$0.95B,12.10%,$0.14B,$0.67B,16.09%,$0.14B,$3.34B,4.05%,$0.28B,$2.04B,12.56%,$1403,$1123,$279,$0,$176,$1299,$103,$-19,$85,$29,$56,$56,$58,$119,$103,$76,77,$0.77,$0.75,$374,$1005,$0,$2291,$329,$0,$283,$434,$1046,$3337,$1085,$1089,$72,$1304,$2389,$1,$2091,$-288,$948,$3337,$108,$31,$28,$60,$-162,$-61,$90,$1,$-132,$36,$-50,$0,$-4,$0,$20,$20,$0,$-34,$108,$0,$108,$-323,$-323,$-15,$-14,$-244,$-253,$19,$-15
2,2018-03-31,37.22,$14.20,2.62,$51.16,0.73,$21.16,1.76,$2.01,18.52,$2.34B,$1.04B,2.26,$1.08B,$1.08B,1.0,$4.62B,$0.90B,19.38%,$4.62B,$0.25B,5.41%,$4.62B,$0.25B,5.41%,$4.62B,$0.32B,6.84%,$4.62B,$0.26B,5.63%,$4.62B,$0.18B,3.96%,$0.18B,$1.08B,14.02%,$0.18B,$0.79B,17.99%,$0.18B,$3.42B,5.14%,$0.25B,$2.16B,10.82%,$1261,$1030,$231,$0,$160,$1190,$71,$-12,$59,$11,$48,$48,$50,$87,$71,$80,82,$0.63,$0.62,$448,$1009,$0,$2340,$335,$0,$293,$453,$1080,$3420,$1035,$1078,$77,$1307,$2341,$1,$2041,$-213,$1079,$3420,$50,$16,$4,$20,$-101,$-26,$60,$-47,$-115,$-44,$-35,$0,$0,$0,$20,$20,$0,$-15,$97,$0,$97,$-205,$-205,$-8,$-13,$-128,$-179,$8,$-8
3,2017-12-31,47.86,$15.24,3.14,$45.30,1.06,$23.26,2.06,$1.35,35.45,$2.38B,$1.04B,2.3,$0.98B,$1.22B,0.8,$4.36B,$0.82B,18.70%,$4.36B,$0.17B,3.99%,$4.36B,$0.17B,3.99%,$4.36B,$0.24B,5.52%,$4.36B,$0.11B,2.57%,$4.36B,$0.13B,2.93%,$0.13B,$1.22B,8.77%,$0.13B,$0.94B,10.89%,$0.13B,$3.46B,3.42%,$0.17B,$2.20B,7.13%,$1064,$860,$204,$0,$169,$1029,$35,$-9,$25,$57,$-32,$-32,$-27,$53,$35,$93,95,$-0.29,$-0.30,$627,$970,$0,$2383,$311,$0,$287,$481,$1080,$3463,$1036,$980,$74,$1205,$2240,$1,$1996,$-240,$1223,$3463,$129,$67,$11,$78,$-1,$-34,$25,$-30,$-54,$153,$760,$0,$776,$0,$0,$0,$0,$1536,$-583,$0,$-583,$-925,$-925,$-30,$-69,$-1607,$128,$39,$-30
4,2017-09-30,44.61,$16.51,2.7,$43.12,1.03,$17.09,2.61,$-0.86,0.0,$2.46B,$1.01B,2.42,$0.98B,$1.38B,0.71,$4.28B,$0.72B,16.77%,$4.28B,$-0.13B,-3.11%,$4.28B,$-0.13B,-3.11%,$4.28B,$-0.07B,-1.52%,$4.28B,$-0.22B,-5.19%,$4.28B,$-0.11B,-2.62%,$-0.11B,$1.38B,-7.30%,$-0.11B,$1.09B,-8.95%,$-0.11B,$3.60B,-2.71%,$-0.13B,$2.36B,-5.00%,$1111,$892,$219,$0,$153,$1045,$66,$-9,$57,$0,$57,$57,$59,$83,$66,$88,90,$0.67,$0.66,$593,$904,$6,$2457,$301,$0,$286,$558,$1146,$3603,$1014,$980,$69,$1209,$2222,$1,$2030,$-262,$1380,$3603,$155,$49,$-54,$-6,$-141,$8,$-8,$-65,$-206,$-56,$776,$0,$774,$0,$0,$0,$0,$1550,$-583,$0,$-583,$-762,$-762,$-23,$-67,$-1434,$94,$30,$-23
5,2017-06-30,37.08,$17.13,2.16,$40.50,0.92,$10.01,3.71,$-0.63,0.0,$2.40B,$1.02B,2.36,$0.98B,$1.54B,0.64,$4.22B,$0.68B,16.16%,$4.22B,$-0.16B,-3.77%,$4.22B,$-0.16B,-3.77%,$4.22B,$-0.09B,-2.11%,$4.22B,$-0.27B,-6.28%,$4.22B,$-0.07B,-1.75%,$-0.07B,$1.54B,-4.44%,$-0.07B,$1.26B,-5.52%,$-0.07B,$3.76B,-1.60%,$-0.16B,$2.52B,-5.37%,$1182,$941,$241,$0,$163,$1104,$78,$41,$119,$23,$95,$95,$101,$93,$78,$96,97,$1.05,$1.04,$556,$913,$8,$2404,$304,$218,$286,$549,$1356,$3760,$1021,$980,$61,$1199,$2220,$1,$1978,$-294,$1540,$3760,$96,$31,$-8,$23,$-181,$-8,$18,$-71,$-242,$-123,$561,$0,$768,$0,$0,$0,$0,$1329,$-586,$0,$-586,$-507,$-507,$-16,$-66,$-1175,$57,$20,$-16
6,2017-03-31,30.97,$17.08,1.81,$40.17,0.77,$5.03,6.15,$-1.08,0.0,$2.60B,$1.28B,2.03,$0.98B,$1.70B,0.58,$4.34B,$0.68B,15.75%,$4.34B,$-0.16B,-3.78%,$4.34B,$-0.16B,-3.78%,$4.34B,$-0.08B,-1.87%,$4.34B,$-0.34B,-7.86%,$4.34B,$-0.11B,-2.54%,$-0.11B,$1.70B,-6.27%,$-0.11B,$1.42B,-7.97%,$-0.11B,$4.16B,-2.16%,$-0.16B,$2.68B,-5.09%,$1007,$855,$152,$0,$157,$1012,$-5,$-84,$-89,$-28,$-60,$-60,$-5,$12,$-5,$105,105,$-0.04,$-0.04,$814,$909,$28,$2598,$303,$431,$280,$552,$1565,$4163,$1278,$980,$57,$1190,$2467,$1,$1885,$-351,$1696,$4163,$-5,$16,$-10,$6,$-131,$-39,$25,$-21,$-166,$-165,$284,$0,$764,$0,$0,$0,$0,$1048,$-331,$0,$-331,$-178,$-178,$-8,$-59,$-576,$315,$10,$-8
7,2016-12-31,31.02,$14.49,2.14,$40.84,0.76,$2.60,11.91,$-1.69,0.0,$2.70B,$1.41B,1.92,$1.56B,$1.52B,1.03,$4.44B,$0.71B,16.05%,$4.44B,$-0.15B,-3.33%,$4.44B,$-0.15B,-3.33%,$4.44B,$-0.05B,-1.17%,$4.44B,$-0.27B,-6.08%,$4.44B,$-0.18B,-3.96%,$-0.18B,$1.52B,-9.76%,$-0.18B,$1.24B,-15.06%,$-0.18B,$5.01B,-3.21%,$-0.15B,$3.08B,-4.30%,$975,$870,$105,$0,$201,$1247,$-272,$-37,$-309,$5,$-314,$-314,$-267,$-253,$-272,$108,108,$-2.48,$-2.46,$429,$854,$733,$2701,$305,$0,$278,$1724,$2306,$5007,$1407,$1562,$363,$2079,$3486,$1,$1898,$-779,$1521,$5007,$-176,$97,$154,$251,$33,$97,$-21,$176,$302,$377,$-6,$0,$-4,$0,$0,$0,$-3,$-12,$-189,$0,$-189,$-83,$-83,$-30,$-9,$-310,$35,$38,$-30
8,2016-09-30,24.93,$18.22,1.37,$46.23,0.54,$0.32,77.37,$0.98,25.44,$2.92B,$1.48B,1.98,$1.65B,$1.91B,0.86,$5.05B,$0.92B,18.21%,$5.05B,$0.18B,3.47%,$5.05B,$0.18B,3.47%,$5.05B,$0.28B,5.63%,$5.05B,$0.06B,1.17%,$5.05B,$0.11B,2.14%,$0.11B,$1.91B,5.68%,$0.11B,$1.44B,8.89%,$0.11B,$5.57B,1.92%,$0.18B,$3.57B,4.88%,$1056,$873,$184,$0,$144,$1017,$40,$-26,$14,$-19,$33,$33,$97,$59,$40,$108,109,$0.90,$0.89,$249,$978,$807,$2920,$356,$0,$470,$1823,$2649,$5569,$1475,$1653,$377,$2180,$3656,$1,$2173,$-654,$1914,$5569,$91,$77,$-61,$17,$-19,$-32,$-105,$147,$-8,$100,$-1,$0,$0,$0,$0,$0,$-3,$-3,$-115,$0,$-115,$-81,$-81,$-23,$-8,$-227,$-123,$28,$-23
9,2016-06-30,19.87,$17.43,1.14,$48.00,0.41,$-1.78,0.0,$0.49,40.55,$3.07B,$1.53B,2.01,$1.68B,$1.89B,0.89,$5.25B,$0.99B,18.82%,$5.25B,$0.23B,4.33%,$5.25B,$0.23B,4.33%,$5.25B,$0.34B,6.56%,$5.25B,$0.10B,1.93%,$5.25B,$0.06B,1.05%,$0.06B,$1.89B,2.89%,$0.06B,$1.42B,5.50%,$0.06B,$5.61B,0.96%,$0.23B,$3.57B,6.26%,$1298,$1056,$242,$0,$169,$1224,$73,$-31,$43,$-67,$110,$110,$65,$101,$73,$109,110,$0.60,$0.59,$201,$1035,$828,$3067,$356,$0,$472,$1719,$2547,$5614,$1525,$1680,$368,$2200,$3724,$1,$2083,$-656,$1890,$5614,$-6,$58,$-6,$52,$-123,$-91,$-7,$158,$-52,$-6,$-44,$0,$0,$0,$0,$0,$-0,$-44,$-96,$0,$-96,$-1,$-1,$-15,$-10,$-123,$-168,$19,$-15
10,2016-03-31,24.26,$17.41,1.39,$49.40,0.49,$-2.54,0.0,$0.68,35.67,$3.16B,$1.64B,1.93,$1.67B,$1.89B,0.88,$5.39B,$1.05B,19.42%,$5.39B,$0.29B,5.38%,$5.39B,$0.29B,5.38%,$5.39B,$0.42B,7.77%,$5.39B,$0.16B,3.04%,$5.39B,$0.08B,1.39%,$0.08B,$1.89B,3.91%,$0.08B,$0.57B,9.47%,$0.08B,$5.74B,1.29%,$0.29B,$3.56B,7.88%,$1114,$933,$182,$0,$170,$1103,$11,$-29,$-18,$4,$-22,$-22,$-71,$41,$11,$109,109,$-0.65,$-0.65,$324,$1554,$7,$3160,$689,$0,$1318,$570,$2577,$5738,$1635,$1669,$157,$2214,$3848,$1,$2026,$-591,$1889,$5738,$-71,$30,$21,$51,$-58,$-93,$4,$61,$-81,$-121,$-20,$0,$-3,$0,$0,$0,$-3,$-26,$11,$0,$11,$0,$0,$-8,$-9,$-6,$-143,$9,$-8
11,2015-12-31,17.96,$17.75,1.01,$53.22,0.34,$-2.54,0.0,$1.34,13.4,$3.14B,$1.46B,2.15,$1.73B,$1.91B,0.91,$5.77B,$1.14B,19.79%,$5.77B,$0.32B,5.60%,$5.77B,$0.32B,5.60%,$5.77B,$0.46B,7.88%,$5.77B,$0.19B,3.33%,$5.77B,$0.15B,2.55%,$0.15B,$1.91B,7.77%,$0.15B,$1.43B,19.24%,$0.15B,$5.62B,2.53%,$0.32B,$3.64B,8.81%,$1578,$1267,$311,$0,$226,$1527,$51,$-31,$20,$6,$15,$15,$17,$83,$51,$109,109,$0.15,$0.15,$371,$1064,$750,$3140,$372,$0,$482,$1622,$2476,$5616,$1459,$1730,$359,$2245,$3704,$1,$2105,$-650,$1912,$5616,$149,$132,$119,$251,$74,$-91,$42,$-214,$-173,$228,$-101,$0,$-71,$0,$0,$0,$-1,$-173,$65,$0,$65,$-51,$-51,$-26,$-17,$-29,$-12,$39,$-26
12,2015-09-30,17.39,$17.88,0.97,$54.75,0.32,$-0.38,0.0,$1.90,9.15,$3.35B,$1.59B,2.1,$1.81B,$1.93B,0.94,$5.98B,$1.17B,19.56%,$5.98B,$0.34B,5.72%,$5.98B,$0.34B,5.72%,$5.98B,$0.49B,8.19%,$5.98B,$0.21B,3.53%,$5.98B,$0.21B,3.51%,$0.21B,$1.93B,10.91%,$0.21B,$0.59B,38.03%,$0.21B,$5.88B,3.57%,$0.34B,$3.74B,9.31%,$1255,$1003,$252,$0,$160,$1163,$92,$-36,$56,$26,$30,$30,$44,$119,$92,$109,109,$0.40,$0.40,$301,$1546,$79,$3349,$673,$0,$1340,$517,$2530,$5879,$1592,$1814,$148,$2361,$3953,$1,$2095,$-620,$1926,$5879,$132,$100,$12,$112,$-145,$-140,$37,$-86,$-334,$-57,$-73,$0,$-72,$0,$0,$0,$0,$-144,$124,$0,$124,$-50,$-50,$-19,$-1,$53,$-177,$32,$-19
13,2015-06-30,22.47,$18.10,1.24,$58.94,0.38,$1.31,17.15,$2.06,10.91,$3.48B,$1.67B,2.09,$1.83B,$1.95B,0.94,$6.54B,$1.28B,19.50%,$6.54B,$0.37B,5.61%,$6.54B,$0.37B,5.61%,$6.54B,$0.53B,8.05%,$6.54B,$0.24B,3.69%,$6.54B,$0.23B,3.52%,$0.23B,$1.95B,11.47%,$0.23B,$0.58B,40.17%,$0.23B,$6.01B,3.84%,$0.37B,$3.78B,9.86%,$1443,$1141,$302,$0,$166,$1307,$136,$-30,$106,$30,$76,$76,$85,$176,$136,$106,109,$0.80,$0.78,$333,$1564,$75,$3484,$681,$0,$1367,$475,$2523,$6007,$1670,$1834,$150,$2387,$4057,$1,$2058,$-549,$1950,$6007,$88,$73,$18,$91,$-197,$-125,$98,$-64,$-288,$-85,$-49,$0,$-59,$0,$0,$0,$1,$-107,$133,$0,$133,$-50,$-50,$-13,$-1,$69,$-146,$22,$-13
14,2015-03-31,25.63,$17.06,1.5,$63.45,0.4,$2.42,10.57,$2.49,10.29,$3.36B,$1.69B,1.98,$1.71B,$1.78B,0.96,$7.15B,$1.40B,19.54%,$7.15B,$0.39B,5.48%,$7.15B,$0.39B,5.48%,$7.15B,$0.55B,7.72%,$7.15B,$0.26B,3.68%,$7.15B,$0.29B,3.99%,$0.29B,$1.78B,13.52%,$0.29B,$0.46B,48.04%,$0.29B,$5.73B,4.62%,$0.39B,$3.49B,10.31%,$1496,$1219,$277,$0,$232,$1451,$44,$-34,$10,$12,$-2,$-2,$1,$77,$44,$106,106,$0.01,$0.01,$351,$1521,$86,$3360,$648,$0,$1322,$404,$2375,$5734,$1694,$1713,$156,$2259,$3953,$1,$1979,$-630,$1781,$5734,$2,$33,$9,$42,$-101,$-133,$50,$17,$-168,$-111,$-26,$0,$-22,$0,$0,$0,$-2,$-50,$111,$0,$111,$-40,$-40,$-6,$0,$65,$-127,$11,$-6
15,2014-12-31,26.81,$19.35,1.39,$63.48,0.42,$3.77,7.12,$2.78,9.65,$3.36B,$1.64B,2.04,$1.64B,$2.04B,0.8,$7.31B,$1.45B,19.88%,$7.31B,$0.42B,5.79%,$7.31B,$0.42B,5.79%,$7.31B,$0.59B,8.06%,$7.31B,$0.30B,4.05%,$7.31B,$0.32B,4.36%,$0.32B,$2.04B,14.39%,$0.32B,$0.58B,52.66%,$0.32B,$5.93B,4.98%,$0.42B,$3.68B,10.64%,$1789,$1450,$339,$0,$269,$1719,$70,$-31,$39,$-42,$81,$81,$80,$118,$70,$108,112,$0.74,$0.71,$478,$1461,$83,$3356,$690,$0,$1456,$425,$2572,$5928,$1643,$1636,$177,$2246,$3889,$1,$1985,$-430,$2039,$5928,$320,$166,$32,$198,$-4,$-27,$86,$-93,$-106,$411,$-38,$0,$155,$0,$-20,$-20,$-2,$95,$-118,$0,$-118,$-171,$-171,$-22,$-86,$-397,$70,$47,$-22
16,2014-09-30,30.5,$20.63,1.48,$63.02,0.48,$1.74,17.51,$2.81,10.85,$3.54B,$1.77B,2.0,$1.69B,$2.25B,0.75,$7.33B,$1.50B,20.46%,$7.33B,$0.48B,6.60%,$7.33B,$0.48B,6.60%,$7.33B,$0.64B,8.69%,$7.33B,$0.36B,4.95%,$7.33B,$0.33B,4.43%,$0.33B,$2.25B,14.38%,$0.33B,$0.67B,54.99%,$0.33B,$6.29B,4.96%,$0.48B,$3.94B,11.85%,$1810,$1453,$357,$0,$241,$1693,$117,$-30,$86,$28,$59,$59,$64,$155,$117,$110,115,$0.58,$0.56,$345,$1677,$320,$3538,$740,$0,$1582,$430,$2752,$6290,$1768,$1692,$233,$2273,$4041,$1,$1910,$-246,$2249,$6290,$239,$118,$-33,$85,$-66,$-165,$51,$-65,$-245,$117,$-59,$0,$155,$0,$0,$0,$3,$99,$-108,$0,$-108,$-62,$-62,$-17,$-75,$-262,$-64,$36,$-17
17,2014-06-30,39.4,$21.60,1.82,$62.46,0.63,$2.51,15.71,$3.06,12.88,$3.81B,$2.00B,1.91,$1.73B,$2.36B,0.73,$7.28B,$1.52B,20.94%,$7.28B,$0.51B,6.95%,$7.28B,$0.51B,6.95%,$7.28B,$0.66B,9.07%,$7.28B,$0.38B,5.28%,$7.28B,$0.36B,4.88%,$0.36B,$2.36B,15.93%,$0.36B,$0.67B,66.76%,$0.36B,$6.71B,5.38%,$0.51B,$4.09B,12.39%,$2055,$1631,$424,$0,$263,$1894,$161,$-33,$128,$40,$88,$88,$140,$202,$161,$110,116,$1.27,$1.21,$364,$1779,$301,$3812,$777,$0,$1698,$418,$2892,$6705,$1995,$1732,$231,$2347,$4342,$1,$1852,$-75,$2363,$6705,$174,$80,$-45,$35,$-184,$-162,$108,$30,$-208,$25,$-37,$0,$155,$0,$0,$0,$3,$120,$-57,$0,$-57,$-55,$-55,$-11,$-66,$-189,$-44,$26,$-11
18,2014-03-31,42.42,$20.15,2.11,$60.79,0.7,$3.73,11.36,$2.03,20.9,$3.74B,$1.84B,2.04,$1.98B,$2.22B,0.9,$7.09B,$1.45B,20.48%,$7.09B,$0.43B,6.05%,$7.09B,$0.43B,6.05%,$7.09B,$0.58B,8.20%,$7.09B,$0.30B,4.26%,$7.09B,$0.24B,3.33%,$0.24B,$2.22B,11.06%,$0.24B,$0.51B,52.77%,$0.24B,$6.68B,3.59%,$0.43B,$4.20B,10.71%,$1655,$1321,$333,$0,$258,$1580,$75,$-32,$43,$12,$32,$32,$35,$114,$75,$111,117,$0.32,$0.30,$391,$1788,$313,$3744,$784,$0,$1706,$426,$2934,$6677,$1839,$1984,$247,$2624,$4463,$1,$1718,$-100,$2215,$6677,$34,$39,$5,$44,$61,$-196,$55,$21,$-59,$25,$-19,$0,$-7,$0,$0,$0,$1,$-26,$76,$0,$76,$-24,$-24,$-6,$-64,$-17,$-18,$11,$-6
19,2013-12-31,40.16,$20.15,1.99,$60.92,0.66,$3.99,10.05,$1.94,20.7,$3.64B,$1.73B,2.11,$1.89B,$2.22B,0.85,$7.09B,$1.44B,20.31%,$7.09B,$0.42B,5.93%,$7.09B,$0.42B,5.93%,$7.09B,$0.57B,8.06%,$7.09B,$0.29B,4.11%,$7.09B,$0.23B,3.18%,$0.23B,$2.22B,10.84%,$0.23B,$0.52B,56.60%,$0.23B,$6.54B,3.42%,$0.42B,$4.11B,10.62%,$1812,$1426,$386,$0,$254,$1680,$131,$-25,$106,$22,$84,$84,$86,$166,$131,$111,117,$0.77,$0.73,$408,$1613,$91,$3639,$789,$0,$1690,$402,$2897,$6537,$1725,$1890,$260,$2597,$4322,$1,$1688,$-117,$2215,$6537,$221,$152,$102,$254,$-153,$-70,$87,$-63,$-280,$189,$-37,$0,$1,$0,$0,$0,$-1,$-37,$-147,$0,$-147,$-31,$-31,$-24,$-218,$-420,$-270,$44,$-24
20,2013-09-30,32.1,$19.19,1.67,$57.11,0.56,$4.84,6.63,$0.90,35.66,$3.60B,$1.83B,1.97,$1.82B,$2.12B,0.86,$6.60B,$1.32B,19.92%,$6.60B,$0.29B,4.32%,$6.60B,$0.29B,4.32%,$6.60B,$0.44B,6.69%,$6.60B,$0.12B,1.80%,$6.60B,$0.11B,1.61%,$0.11B,$2.12B,5.22%,$0.11B,$0.43B,30.77%,$0.11B,$6.49B,1.60%,$0.29B,$3.94B,7.23%,$1757,$1376,$381,$0,$243,$1618,$139,$-32,$107,$23,$84,$84,$94,$178,$139,$111,116,$0.85,$0.81,$371,$1743,$326,$3604,$793,$0,$1691,$402,$2886,$6490,$1828,$1815,$239,$2542,$4370,$1,$1607,$-146,$2120,$6490,$136,$118,$21,$139,$-96,$-114,$79,$-39,$-170,$163,$-16,$0,$1,$0,$0,$0,$-1,$-16,$-210,$0,$-210,$-1,$-1,$-18,$-219,$-448,$-307,$30,$-18
21,2013-06-30,25.12,$17.94,1.4,$58.07,0.43,$4.58,5.48,$0.36,69.78,$3.71B,$1.84B,2.02,$1.80B,$1.98B,0.91,$6.67B,$1.31B,19.69%,$6.67B,$0.28B,4.17%,$6.67B,$0.28B,4.17%,$6.67B,$0.43B,6.48%,$6.67B,$0.05B,0.73%,$6.67B,$0.04B,0.63%,$0.04B,$1.98B,2.08%,$0.04B,$0.33B,12.77%,$0.04B,$6.56B,0.63%,$0.28B,$3.78B,7.00%,$1862,$1510,$351,$0,$268,$1778,$84,$-37,$46,$28,$19,$19,$21,$123,$84,$111,116,$0.19,$0.18,$548,$1670,$311,$3709,$780,$0,$1655,$412,$2846,$6555,$1839,$1800,$285,$2734,$4573,$1,$1513,$-236,$1982,$6555,$42,$78,$1,$79,$-130,$-72,$121,$57,$-25,$130,$-1,$0,$1,$0,$0,$0,$-1,$-1,$-230,$0,$-230,$-1,$-1,$-18,$10,$-240,$-130,$22,$-18
22,2013-03-31,32.88,$18.00,1.83,$60.05,0.55,$3.43,9.59,$0.95,34.61,$3.87B,$1.80B,2.15,$2.01B,$1.99B,1.01,$6.82B,$1.39B,20.40%,$6.82B,$0.37B,5.41%,$6.82B,$0.37B,5.41%,$6.82B,$0.52B,7.66%,$6.82B,$0.13B,1.88%,$6.82B,$0.11B,1.57%,$0.11B,$1.99B,5.28%,$0.11B,$0.31B,32.65%,$0.11B,$6.75B,1.57%,$0.37B,$3.99B,8.97%,$1654,$1333,$321,$0,$256,$1588,$66,$-33,$32,$15,$18,$18,$24,$104,$66,$111,116,$0.22,$0.21,$730,$1702,$304,$3870,$792,$0,$1677,$413,$2882,$6752,$1800,$2007,$295,$2965,$4765,$1,$1492,$-203,$1987,$6752,$22,$38,$-1,$37,$-81,$-45,$98,$30,$2,$59,$-23,$0,$33,$0,$0,$0,$-3,$8,$-9,$0,$-9,$-0,$-0,$0,$10,$0,$52,$9,$0
23,2012-12-31,26.85,$18.48,1.45,$61.73,0.44,$2.28,11.76,$0.94,28.57,$3.80B,$1.71B,2.22,$2.02B,$2.03B,0.99,$6.98B,$1.40B,20.07%,$6.98B,$0.37B,5.26%,$6.98B,$0.37B,5.26%,$6.98B,$0.52B,7.46%,$6.98B,$0.13B,1.80%,$6.98B,$0.11B,1.52%,$0.11B,$2.03B,5.06%,$0.11B,$0.31B,28.77%,$0.11B,$6.75B,1.52%,$0.37B,$4.05B,8.59%,$1329,$1067,$262,$0,$266,$1333,$-4,$-62,$-66,$-10,$-56,$-56,$-33,$37,$-4,$110,114,$-0.30,$-0.31,$678,$1632,$320,$3797,$807,$0,$1720,$411,$2949,$6746,$1709,$2015,$308,$3006,$4715,$1,$1468,$-124,$2031,$6746,$104,$153,$167,$320,$123,$-55,$-126,$66,$-138,$292,$-48,$0,$4,$0,$-24,$-24,$-8,$-76,$-299,$0,$-299,$0,$0,$-5,$-20,$-323,$-96,$29,$-5
24,2012-09-30,21.57,$18.89,1.14,$64.60,0.33,$-0.37,0.0,$1.22,17.68,$3.80B,$1.76B,2.16,$1.99B,$2.07B,0.96,$7.26B,$1.41B,19.34%,$7.26B,$0.38B,5.25%,$7.26B,$0.38B,5.25%,$7.26B,$0.53B,7.31%,$7.26B,$0.16B,2.26%,$7.26B,$0.14B,1.87%,$0.14B,$2.07B,6.37%,$0.14B,$0.37B,34.04%,$0.14B,$6.75B,1.93%,$0.38B,$4.06B,8.73%,$1822,$1443,$379,$0,$247,$1690,$132,$-95,$37,$9,$28,$28,$30,$168,$132,$111,113,$0.27,$0.27,$543,$1761,$210,$3795,$806,$0,$1707,$381,$2959,$6754,$1760,$1985,$370,$2920,$4680,$1,$1501,$-109,$2074,$6754,$135,$112,$71,$183,$19,$-103,$-13,$-133,$-230,$139,$-25,$0,$0,$0,$-14,$-14,$-5,$-44,$-316,$0,$-316,$0,$0,$-5,$-6,$-327,$-232,$22,$-5
25,2012-06-30,17.03,$18.34,0.93,$64.87,0.26,$1.94,8.79,$1.28,13.31,$4.17B,$1.80B,2.32,$2.34B,$2.01B,1.16,$7.25B,$1.30B,17.97%,$7.25B,$0.30B,4.17%,$7.25B,$0.30B,4.17%,$7.25B,$0.45B,6.24%,$7.25B,$0.19B,2.68%,$7.25B,$0.14B,1.97%,$0.14B,$2.01B,6.55%,$0.14B,$0.32B,34.27%,$0.14B,$7.09B,1.98%,$0.30B,$4.35B,6.74%,$2012,$1583,$429,$0,$254,$1837,$175,$-50,$125,$44,$81,$81,$86,$213,$175,$110,111,$0.78,$0.77,$842,$1735,$222,$4168,$802,$0,$1690,$361,$2919,$7088,$1798,$2342,$376,$3278,$5076,$1,$1472,$-152,$2012,$7088,$107,$77,$16,$93,$-88,$-84,$92,$-150,$-230,$18,$-22,$0,$0,$0,$-14,$-14,$-5,$-41,$109,$0,$109,$0,$0,$-5,$-3,$101,$67,$16,$-5
26,2012-03-31,21.49,$20.69,1.04,$59.78,0.36,$2.35,9.16,$0.51,42.14,$4.29B,$1.98B,2.17,$2.37B,$2.27B,1.04,$6.72B,$1.09B,16.19%,$6.72B,$0.13B,1.99%,$6.72B,$0.13B,1.99%,$6.72B,$0.27B,4.06%,$6.72B,$0.09B,1.28%,$6.72B,$0.06B,0.83%,$0.06B,$2.27B,2.51%,$0.06B,$0.47B,7.37%,$0.06B,$7.35B,0.82%,$0.13B,$4.64B,3.13%,$1819,$1489,$331,$0,$267,$1756,$64,$-33,$30,$9,$22,$22,$23,$103,$64,$110,114,$0.21,$0.20,$973,$1827,$208,$4293,$837,$0,$1797,$352,$3054,$7346,$1978,$2365,$388,$3099,$5077,$1,$1385,$-62,$2270,$7346,$24,$39,$6,$45,$-8,$-67,$61,$-148,$-163,$-79,$-17,$0,$0,$0,$0,$0,$-4,$-21,$294,$0,$294,$0,$0,$0,$-8,$287,$199,$6,$0
27,2011-12-31,12.91,$20.11,0.64,$54.63,0.24,$3.83,3.37,$0.41,31.48,$4.05B,$1.89B,2.14,$2.22B,$2.19B,1.02,$6.16B,$0.92B,15.00%,$6.16B,$0.06B,0.99%,$6.16B,$0.06B,0.99%,$6.16B,$0.19B,3.04%,$6.16B,$0.07B,1.07%,$6.16B,$0.05B,0.73%,$0.05B,$2.19B,2.03%,$0.05B,$0.44B,4.24%,$0.05B,$7.06B,0.71%,$0.06B,$4.41B,1.52%,$1610,$1344,$266,$0,$256,$1600,$10,$-38,$-28,$-11,$-17,$-17,$-3,$47,$10,$110,111,$-0.04,$-0.02,$774,$1758,$343,$4053,$836,$0,$1752,$422,$3010,$7063,$1891,$2223,$416,$2984,$4875,$1,$1362,$-126,$2188,$7063,$41,$127,$-52,$75,$-181,$-26,$65,$-63,$-125,$23,$-79,$0,$-496,$0,$-16,$-16,$-2,$-593,$479,$0,$479,$0,$0,$0,$-28,$451,$-120,$23,$0
28,2011-09-30,9.8,$20.85,0.47,$52.29,0.19,$-1.68,0.0,$0.01,980.06,$4.17B,$2.02B,2.06,$2.24B,$2.27B,0.99,$5.88B,$0.84B,14.37%,$5.88B,$0.05B,0.87%,$5.88B,$0.05B,0.87%,$5.88B,$0.17B,2.89%,$5.88B,$0.06B,0.95%,$5.88B,$0.00B,0.05%,$0.00B,$2.27B,0.14%,$0.00B,$0.44B,0.23%,$0.00B,$7.33B,0.05%,$0.05B,$4.51B,1.35%,$1804,$1528,$276,$0,$223,$1751,$53,$15,$67,$34,$33,$33,$37,$89,$53,$110,110,$0.34,$0.33,$688,$1894,$264,$4172,$879,$0,$1831,$381,$3155,$7327,$2023,$2242,$0,$3035,$5058,$1,$1365,$-48,$2269,$7327,$43,$89,$-177,$-87,$-194,$-145,$102,$74,$-164,$-108,$473,$0,$-1014,$0,$-16,$-16,$-2,$-558,$473,$0,$473,$0,$0,$0,$-21,$452,$-209,$18,$0
29,2011-06-30,27.18,$20.29,1.34,$45.83,0.59,$-9.58,0.0,$-1.18,0.0,$3.85B,$1.54B,2.5,$1.35B,$2.21B,0.61,$5.15B,$0.73B,14.22%,$5.15B,$0.00B,0.04%,$5.15B,$0.00B,0.04%,$5.15B,$0.11B,2.14%,$5.15B,$-0.06B,-1.20%,$5.15B,$-0.13B,-2.53%,$-0.13B,$2.21B,-6.05%,$-0.13B,$1.69B,-8.08%,$-0.13B,$5.48B,-2.35%,$0.00B,$3.56B,0.06%,$1488,$1273,$215,$0,$208,$1481,$7,$10,$17,$16,$0,$0,$-1,$34,$7,$110,115,$-0.01,$-0.00,$957,$1686,$225,$3846,$588,$0,$515,$447,$1637,$5483,$1539,$1353,$0,$1737,$3276,$1,$1328,$180,$2207,$5483,$10,$53,$-89,$-36,$-132,$-212,$56,$44,$-245,$-219,$262,$0,$0,$-12,$0,$-12,$-4,$247,$-276,$0,$-276,$0,$0,$0,$4,$-272,$-192,$14,$0
30,2011-03-31,35.38,$20.12,1.76,$42.80,0.83,$-12.30,0.0,$-1.55,0.0,$3.81B,$1.49B,2.57,$1.35B,$2.19B,0.62,$4.74B,$0.67B,14.18%,$4.74B,$-0.02B,-0.32%,$4.74B,$-0.02B,-0.32%,$4.74B,$0.09B,1.86%,$4.74B,$-0.11B,-2.41%,$4.74B,$-0.17B,-3.57%,$-0.17B,$2.19B,-8.16%,$-0.17B,$1.68B,-10.95%,$-0.17B,$5.41B,-3.04%,$-0.02B,$3.54B,-0.41%,$1256,$1089,$167,$0,$177,$1266,$-9,$20,$10,$6,$4,$4,$12,$17,$-9,$109,117,$0.11,$0.10,$1091,$1566,$230,$3810,$590,$0,$509,$418,$1603,$5413,$1485,$1354,$0,$1741,$3226,$1,$1328,$166,$2187,$5413,$11,$26,$-45,$-19,$-94,$-106,$38,$76,$-86,$-77,$153,$0,$0,$0,$0,$0,$0,$153,$-285,$0,$-285,$0,$0,$0,$4,$-281,$-171,$6,$0
31,2010-12-31,29.65,$19.53,1.52,$40.66,0.73,$-13.77,0.0,$3.33,8.9,$3.97B,$1.67B,2.37,$1.34B,$2.11B,0.63,$4.42B,$0.60B,13.67%,$4.42B,$-0.07B,-1.65%,$4.42B,$-0.07B,-1.65%,$4.42B,$0.03B,0.72%,$4.42B,$-0.24B,-5.39%,$4.42B,$0.36B,8.12%,$0.36B,$2.11B,17.47%,$0.36B,$1.48B,23.42%,$0.36B,$5.52B,6.30%,$-0.07B,$3.45B,-1.94%,$1327,$1141,$186,$0,$186,$1327,$-1,$-37,$-38,$-5,$-33,$-33,$-45,$30,$-1,$109,109,$-0.43,$-0.43,$1416,$1449,$299,$3969,$574,$0,$633,$250,$1548,$5516,$1674,$1340,$236,$1731,$3405,$1,$1317,$100,$2111,$5516,$363,$105,$-333,$-228,$-215,$-194,$36,$-214,$-730,$-610,$-45,$0,$989,$-21,$-19,$-40,$0,$904,$-292,$0,$-292,$0,$0,$-3,$-21,$-316,$-77,$35,$-3
32,2010-09-30,21.89,$19.31,1.13,$38.31,0.57,$-8.57,0.0,$2.43,9.01,$4.16B,$1.54B,2.7,$1.66B,$2.09B,0.79,$4.10B,$0.51B,12.50%,$4.10B,$-0.15B,-3.61%,$4.10B,$-0.15B,-3.61%,$4.10B,$-0.04B,-1.07%,$4.10B,$-0.32B,-7.70%,$4.10B,$0.26B,6.36%,$0.26B,$2.09B,13.41%,$0.26B,$1.59B,17.95%,$0.26B,$5.71B,4.54%,$-0.15B,$3.74B,-3.91%,$1076,$912,$164,$0,$160,$1072,$4,$-55,$-51,$39,$-90,$-90,$-96,$29,$4,$109,109,$-0.88,$-0.88,$1758,$1488,$152,$4159,$571,$0,$496,$370,$1547,$5707,$1540,$1656,$0,$2082,$3622,$1,$1362,$41,$2085,$5707,$408,$74,$-454,$-379,$-158,$-207,$32,$-214,$-546,$-469,$-30,$0,$1002,$-21,$0,$-21,$-5,$947,$-2,$-26,$-28,$0,$0,$-3,$-20,$-51,$383,$28,$-3
33,2010-06-30,17.9,$17.63,1.02,$37.07,0.48,$-4.30,0.0,$2.34,7.65,$4.07B,$1.39B,2.93,$1.90B,$1.90B,1.0,$3.96B,$0.42B,10.58%,$3.96B,$-0.25B,-6.36%,$3.96B,$-0.25B,-6.36%,$3.96B,$-0.15B,-3.76%,$3.96B,$-0.40B,-10.05%,$3.96B,$0.25B,6.41%,$0.25B,$1.90B,13.47%,$0.25B,$1.43B,18.46%,$0.25B,$5.57B,4.38%,$-0.25B,$3.80B,-6.65%,$1080,$925,$155,$0,$165,$1090,$-10,$-25,$-35,$-24,$-12,$-12,$-40,$12,$-10,$109,109,$-0.37,$-0.37,$1790,$1336,$146,$4069,$541,$0,$470,$357,$1505,$5573,$1388,$1901,$0,$2284,$3672,$1,$1458,$-231,$1901,$5573,$503,$49,$-629,$-580,$-125,$-111,$122,$-71,$-185,$-240,$-15,$0,$1002,$-21,$0,$-21,$0,$966,$-1,$-14,$-15,$0,$0,$-3,$-20,$-38,$542,$19,$-3
34,2010-03-31,21.69,$19.70,1.1,$36.69,0.59,$-2.70,0.0,$1.93,11.24,$4.39B,$1.43B,3.08,$1.90B,$2.12B,0.9,$3.83B,$0.33B,8.62%,$3.83B,$-0.36B,-9.33%,$3.83B,$-0.36B,-9.33%,$3.83B,$-0.26B,-6.71%,$3.83B,$-0.50B,-13.11%,$3.83B,$0.22B,5.64%,$0.22B,$2.12B,11.49%,$0.22B,$1.63B,15.78%,$0.22B,$6.00B,3.76%,$-0.36B,$4.03B,-9.57%,$936,$837,$99,$0,$165,$1002,$-67,$-48,$-114,$-37,$-77,$-77,$540,$-39,$-67,$108,108,$4.98,$4.98,$2181,$1323,$144,$4394,$574,$0,$492,$327,$1602,$5996,$1429,$1904,$0,$2443,$3872,$1,$1498,$-42,$2124,$5996,$542,$27,$-652,$-625,$-36,$-26,$62,$2,$-6,$-84,$-4,$0,$1002,$-21,$0,$-21,$0,$977,$-1,$-10,$-11,$0,$0,$0,$-14,$-25,$825,$9,$0
35,2009-12-31,18.92,$15.60,1.21,$38.24,0.49,$-3.10,0.0,$-3.84,0.0,$3.92B,$1.56B,2.52,$1.89B,$1.67B,1.13,$3.86B,$0.30B,7.72%,$3.86B,$-0.40B,-10.39%,$3.86B,$-0.40B,-10.39%,$3.86B,$-0.31B,-7.98%,$3.86B,$-0.53B,-13.61%,$3.86B,$-0.40B,-10.34%,$-0.40B,$1.67B,-22.85%,$-0.40B,$1.16B,-32.04%,$-0.40B,$5.71B,-7.28%,$-0.40B,$3.57B,-11.52%,$1011,$917,$95,$0,$170,$1087,$-75,$-40,$-116,$-12,$-104,$-104,$-143,$-46,$-75,$103,103,$-1.36,$-1.36,$930,$1344,$203,$3915,$605,$0,$511,$323,$1799,$5714,$1555,$1893,$0,$2485,$4039,$1,$958,$36,$1674,$5714,$-397,$93,$-20,$74,$294,$448,$-393,$-64,$222,$-41,$-44,$0,$-10,$0,$0,$0,$0,$-54,$429,$0,$429,$156,$156,$-7,$-20,$559,$487,$32,$-7
36,2009-09-30,19.8,$17.19,1.15,$29.87,0.66,$-1.32,0.0,$-6.98,0.0,$4.12B,$1.60B,2.58,$1.91B,$1.84B,1.04,$2.99B,$0.12B,4.11%,$2.99B,$-0.95B,-31.74%,$2.99B,$-0.95B,-31.74%,$2.99B,$-0.88B,-29.37%,$2.99B,$-1.07B,-35.62%,$2.99B,$-0.68B,-22.65%,$-0.68B,$1.84B,-38.44%,$-0.68B,$1.28B,-52.40%,$-0.68B,$5.91B,-12.53%,$-0.95B,$3.76B,-28.16%,$934,$864,$70,$0,$170,$1034,$-100,$-33,$-133,$-28,$-106,$-106,$-103,$-76,$-100,$108,108,$-0.95,$-0.95,$1033,$2019,$218,$4124,$706,$0,$565,$406,$1784,$5908,$1602,$1912,$0,$2464,$4065,$1,$1101,$67,$1843,$5908,$-254,$64,$-117,$-53,$384,$374,$-430,$86,$311,$7,$-40,$0,$-10,$0,$0,$0,$0,$-50,$491,$-38,$453,$156,$156,$-7,$-20,$582,$549,$26,$-7
37,2009-06-30,11.53,$17.54,0.66,$46.87,0.25,$-2.06,0.0,$-5.07,0.0,$3.94B,$1.31B,3.01,$1.69B,$1.88B,0.9,$4.57B,$0.50B,10.91%,$4.57B,$-0.68B,-14.93%,$4.57B,$-0.68B,-14.93%,$4.57B,$-0.61B,-13.31%,$4.57B,$-0.79B,-17.36%,$4.57B,$-0.48B,-10.52%,$-0.48B,$1.88B,-25.60%,$-0.48B,$1.40B,-36.64%,$-0.48B,$5.38B,-8.66%,$-0.68B,$3.56B,-20.13%,$947,$882,$66,$0,$181,$1062,$-115,$-24,$-139,$-39,$-99,$-99,$-78,$-96,$-115,$99,99,$-0.78,$-0.78,$939,$2002,$189,$3942,$496,$0,$476,$366,$1435,$5377,$1312,$1685,$0,$2187,$3499,$1,$1204,$11,$1879,$5377,$-152,$40,$-100,$-60,$322,$237,$-380,$71,$165,$-44,$-30,$0,$0,$0,$0,$0,$0,$-30,$407,$-31,$376,$156,$156,$0,$-19,$514,$454,$19,$0
38,2009-03-31,8.84,$14.79,0.6,$66.09,0.13,$-2.47,0.0,$-1.97,0.0,$3.52B,$1.43B,2.47,$1.45B,$1.59B,0.91,$6.56B,$1.08B,16.52%,$6.56B,$-0.20B,-3.00%,$6.56B,$-0.20B,-3.00%,$6.56B,$-0.12B,-1.80%,$6.56B,$-0.30B,-4.59%,$6.56B,$-0.17B,-2.54%,$-0.17B,$1.59B,-8.05%,$-0.17B,$1.14B,-12.14%,$-0.17B,$4.92B,-2.80%,$-0.20B,$3.04B,-5.63%,$966,$899,$67,$0,$178,$1077,$-111,$-26,$-137,$-38,$-98,$-98,$-75,$-90,$-111,$95,95,$-0.79,$-0.79,$344,$2152,$184,$3523,$476,$0,$451,$377,$1398,$4921,$1427,$1445,$0,$1905,$3331,$1,$1282,$-157,$1590,$4921,$-75,$21,$-37,$-16,$220,$59,$-253,$5,$-21,$-98,$-18,$0,$0,$0,$0,$0,$0,$-18,$0,$45,$45,$0,$0,$0,$-5,$40,$-140,$9,$0
39,2008-12-31,16.54,$18.55,0.89,$78.84,0.21,$-3.32,0.0,$0.41,40.35,$4.04B,$1.83B,2.22,$1.40B,$1.74B,0.8,$7.96B,$1.53B,19.23%,$7.96B,$0.17B,2.14%,$7.96B,$0.17B,2.14%,$7.96B,$0.25B,3.15%,$7.96B,$0.08B,1.06%,$7.96B,$0.07B,0.89%,$0.07B,$1.74B,3.07%,$0.07B,$1.36B,4.83%,$0.07B,$5.45B,1.11%,$0.17B,$3.14B,4.58%,$146,$226,$-80,$0,$83,$769,$-624,$-33,$-657,$-86,$-571,$-571,$-422,$-617,$-624,$98,98,$-4.22,$-4.14,$450,$1734,$171,$4041,$435,$0,$386,$337,$1405,$5445,$1825,$1396,$0,$1877,$3702,$1,$1357,$-82,$1744,$5445,$76,$80,$366,$447,$184,$-275,$-175,$-26,$-329,$176,$-83,$0,$-482,$0,$0,$0,$0,$-565,$0,$37,$37,$-396,$-396,$-3,$10,$-351,$-788,$58,$-3
40,2008-09-30,29.15,$24.53,1.19,$90.94,0.32,$-2.59,0.0,$6.54,4.46,$4.60B,$2.18B,2.12,$1.53B,$2.30B,0.67,$9.24B,$1.87B,20.28%,$9.24B,$0.91B,9.80%,$9.24B,$0.91B,9.80%,$9.24B,$0.99B,10.75%,$9.24B,$0.85B,9.22%,$9.24B,$0.67B,7.22%,$0.67B,$2.30B,27.09%,$0.67B,$1.35B,43.26%,$0.67B,$6.49B,10.06%,$0.91B,$3.84B,23.56%,$2515,$2068,$446,$0,$279,$2347,$167,$-28,$139,$45,$95,$95,$94,$194,$167,$96,98,$0.98,$0.96,$488,$2449,$218,$4603,$485,$0,$950,$360,$1883,$6486,$2175,$1533,$0,$2009,$4183,$1,$1778,$87,$2303,$6486,$496,$74,$61,$135,$-122,$-530,$43,$-34,$-601,$-33,$-71,$0,$-478,$0,$0,$0,$0,$-549,$0,$205,$205,$-393,$-393,$-3,$6,$-186,$-785,$47,$-3
41,2008-06-30,49.07,$27.02,1.82,$86.30,0.57,$-2.45,0.0,$7.03,6.98,$5.04B,$2.52B,2.0,$1.32B,$2.67B,0.5,$8.92B,$1.89B,21.21%,$8.92B,$0.97B,10.92%,$8.92B,$0.97B,10.92%,$8.92B,$1.05B,11.80%,$8.92B,$0.94B,10.57%,$8.92B,$0.73B,8.13%,$0.73B,$2.67B,29.59%,$0.73B,$1.65B,45.09%,$0.73B,$6.99B,11.36%,$0.97B,$3.98B,26.94%,$2936,$2285,$651,$0,$280,$2565,$371,$-17,$354,$117,$237,$237,$236,$395,$371,$101,102,$2.35,$2.32,$590,$2530,$248,$5044,$503,$0,$1011,$338,$1950,$6994,$2521,$1320,$0,$1808,$4329,$1,$1684,$355,$2665,$6994,$401,$47,$44,$90,$-233,$-446,$177,$-78,$-521,$-56,$-61,$0,$-478,$0,$0,$0,$0,$-539,$0,$1,$1,$-134,$-134,$0,$5,$-127,$-682,$32,$0
42,2008-03-31,59.7,$25.31,2.36,$79.85,0.75,$-2.48,0.0,$6.37,9.37,$4.79B,$2.36B,2.03,$1.35B,$2.54B,0.53,$8.33B,$1.75B,20.99%,$8.33B,$0.89B,10.66%,$8.33B,$0.89B,10.66%,$8.33B,$0.96B,11.54%,$8.33B,$0.86B,10.33%,$8.33B,$0.66B,7.97%,$0.66B,$2.54B,28.84%,$0.66B,$1.52B,42.74%,$0.66B,$6.73B,11.15%,$0.89B,$3.89B,26.95%,$2363,$1849,$514,$0,$258,$2106,$256,$-9,$248,$83,$164,$164,$163,$279,$256,$101,103,$1.62,$1.59,$604,$2362,$252,$4789,$476,$0,$1022,$322,$1942,$6731,$2364,$1347,$0,$1830,$4193,$1,$1448,$337,$2538,$6731,$164,$22,$33,$56,$-134,$-289,$112,$-48,$-342,$-190,$-23,$0,$-439,$0,$0,$0,$0,$-462,$0,$-7,$-7,$-44,$-44,$0,$5,$-45,$-668,$17,$0
43,2007-12-31,62.63,$23.36,2.68,$76.13,0.82,$-2.11,0.0,$5.87,10.67,$4.78B,$2.18B,2.2,$1.32B,$2.34B,0.56,$7.98B,$1.65B,20.63%,$7.98B,$0.83B,10.44%,$7.98B,$0.83B,10.44%,$7.98B,$0.90B,11.29%,$7.98B,$0.79B,9.95%,$7.98B,$0.62B,7.71%,$0.62B,$2.34B,28.87%,$0.62B,$1.64B,41.60%,$0.62B,$6.32B,11.16%,$0.83B,$3.66B,28.22%,$1425,$1162,$263,$0,$152,$1314,$111,$0,$111,$17,$94,$94,$174,$125,$111,$102,105,$1.71,$1.65,$1272,$1934,$208,$4777,$419,$0,$699,$278,$1539,$6316,$2175,$1320,$0,$1798,$3973,$1,$1285,$257,$2343,$6316,$619,$68,$-53,$15,$-169,$-254,$114,$46,$-248,$258,$-82,$0,$-11,$0,$-1,$-1,$0,$-94,$600,$-22,$578,$-156,$-156,$0,$15,$436,$596,$65,$0
44,2007-09-30,85.03,$22.19,3.83,$82.26,1.03,$0.34,253.15,$5.17,16.45,$4.06B,$2.01B,2.02,$0.68B,$2.25B,0.3,$8.58B,$1.76B,20.50%,$8.58B,$0.89B,10.38%,$8.58B,$0.89B,10.38%,$8.58B,$0.96B,11.23%,$8.58B,$0.84B,9.79%,$8.58B,$0.54B,6.32%,$0.54B,$2.25B,27.34%,$0.54B,$1.62B,40.24%,$0.54B,$5.49B,10.57%,$0.89B,$2.93B,34.16%,$2197,$1732,$464,$0,$228,$1960,$236,$-6,$230,$79,$152,$152,$152,$254,$236,$103,105,$1.48,$1.45,$517,$2031,$196,$4064,$387,$0,$638,$219,$1425,$5489,$2011,$678,$0,$1224,$3235,$1,$1111,$268,$2254,$5489,$440,$54,$23,$77,$-186,$-455,$97,$51,$-481,$-35,$-62,$0,$0,$0,$-1,$-1,$0,$-63,$-200,$138,$-62,$-62,$-62,$0,$25,$-100,$-160,$49,$0
45,2007-06-30,77.66,$20.35,3.82,$79.70,0.97,$2.84,27.37,$4.70,16.52,$3.90B,$2.06B,1.89,$0.63B,$2.07B,0.3,$8.29B,$1.66B,20.05%,$8.29B,$0.85B,10.21%,$8.29B,$0.85B,10.21%,$8.29B,$0.92B,11.09%,$8.29B,$0.77B,9.28%,$8.29B,$0.49B,5.92%,$0.49B,$2.07B,27.02%,$0.49B,$1.44B,41.34%,$0.49B,$5.28B,10.01%,$0.85B,$2.70B,34.38%,$2342,$1835,$507,$0,$223,$2058,$285,$-13,$271,$97,$175,$175,$175,$303,$285,$103,105,$1.70,$1.66,$453,$1907,$180,$3896,$362,$0,$636,$205,$1385,$5281,$2058,$627,$0,$1149,$3207,$1,$959,$204,$2073,$5281,$288,$37,$10,$47,$-245,$-374,$193,$12,$-365,$-89,$-34,$0,$0,$0,$0,$0,$0,$-34,$-200,$84,$-116,$-17,$-17,$0,$19,$-114,$-223,$33,$0
46,2007-03-31,68.55,$18.21,3.76,$77.07,0.89,$4.74,14.45,$4.20,16.32,$3.59B,$1.92B,1.87,$0.66B,$1.85B,0.36,$7.97B,$1.55B,19.43%,$7.97B,$0.77B,9.64%,$7.97B,$0.77B,9.64%,$7.97B,$0.84B,10.56%,$7.97B,$0.68B,8.49%,$7.97B,$0.44B,5.46%,$0.44B,$1.85B,26.02%,$0.44B,$1.22B,41.41%,$0.44B,$4.95B,9.09%,$0.77B,$2.51B,32.71%,$2013,$1601,$412,$0,$211,$1812,$201,$-19,$182,$68,$114,$114,$114,$219,$201,$102,105,$1.11,$1.09,$405,$1760,$149,$3590,$351,$0,$636,$196,$1361,$4951,$1917,$661,$0,$1182,$3099,$1,$785,$166,$1852,$4951,$114,$18,$1,$19,$-182,$-248,$129,$18,$-263,$-165,$-13,$0,$0,$0,$0,$0,$0,$-13,$-200,$115,$-85,$-1,$-1,$0,$13,$-73,$-246,$16,$0
47,2006-12-31,61.69,$17.32,3.56,$74.39,0.83,$6.10,10.11,$3.90,15.84,$3.43B,$2.03B,1.69,$0.54B,$1.75B,0.31,$7.65B,$1.44B,18.88%,$7.65B,$0.71B,9.27%,$7.65B,$0.71B,9.27%,$7.65B,$0.78B,10.24%,$7.65B,$0.62B,8.04%,$7.65B,$0.40B,5.23%,$0.40B,$1.75B,26.20%,$0.40B,$1.12B,43.27%,$0.40B,$4.79B,8.58%,$0.71B,$2.29B,30.75%,$2030,$1654,$376,$0,$206,$1860,$169,$-12,$157,$56,$101,$101,$101,$188,$169,$101,103,$0.99,$0.97,$677,$1502,$171,$3433,$339,$0,$633,$209,$1353,$4786,$2027,$536,$0,$1008,$3035,$1,$707,$155,$1751,$4786,$400,$73,$104,$177,$-214,$-169,$103,$43,$-182,$492,$-67,$0,$22,$0,$-7,$-7,$0,$-52,$-300,$-73,$-373,$15,$15,$0,$5,$-353,$123,$44,$0
