,Date,Stock Price,Book Value per Share,Price to Book Ratio,TTM Sales per Share,Price to Sales Ratio,TTM FCF per Share,Price to FCF Ratio,TTM Net EPS,PE Ratio,Current Assets,Current Liabilities,Current Ratio,Long Term Debt,Shareholder's Equity_x,Debt to Equity Ratio,TTM Revenue_x,TTM Gross Profit,Gross Margin,TTM Revenue_y,TTM Operating Income,Operating Margin,TTM Revenue_x,TTM EBIT,EBIT Margin,TTM Revenue_y,TTM EBITDA,EBITDA Margin,TTM Revenue_x,TTM Pre-Tax Income,Pre-Tax Margin,TTM Revenue_y,TTM Net Income_x,Net Margin,TTM Net Income_y,Shareholder's Equity_y,Return on Equity,TTM Net Income_x,Tangible Equity,Return on Tangible Equity,TTM Net Income_y,Total Assets,Return on Assets,TTM Net Income,LT Investments & Debt,Return on Investment,revenue,cost-goods-sold,gross-profit,research-development-expenses,selling-general-administrative-expenses,operating-expenses,operating-income,total-non-operating-income-expense,pre-tax-income,total-provision-income-taxes,income-after-taxes,income-from-continuous-operations,net-income,ebitda,ebit,basic-shares-outstanding,shares-outstanding,eps-basic-net-earnings-per-share,eps-earnings-per-share-diluted,cash-on-hand,inventory,other-current-assets,total-current-assets,net-property-plant-equipment,long-term-investments,goodwill-intangible-assets-total,other-long-term-assets,total-long-term-assets,total-assets,total-current-liabilities,long-term-debt,other-non-current-liabilities,total-long-term-liabilities,total-liabilities,common-stock-net,retained-earnings-accumulated-deficit,comprehensive-income,total-share-holder-equity,total-liabilities-share-holders-equity,net-income-loss,total-depreciation-amortization-cash-flow,other-non-cash-items,total-non-cash-items,change-in-accounts-receivable,change-in-inventories,change-in-accounts-payable,change-in-assets-liabilities,total-change-in-assets-liabilities,cash-flow-from-operating-activities,net-change-in-property-plant-equipment,net-change-in-intangible-assets,net-acquisitions-divestitures,net-change-in-short-term-investments,net-change-in-long-term-investments,net-change-in-investments-total,investing-activities-other,cash-flow-from-investing-activities,net-long-term-debt,net-current-debt,debt-issuance-retirement-net-total,net-common-equity-issued-repurchased,net-total-equity-issued-repurchased,total-common-preferred-stock-dividends-paid,financial-activities-other,cash-flow-from-financial-activities,net-cash-flow,stock-based-compensation,common-stock-dividends-paid
0,2018-06-30,15.77,$6.22,2.53,$1.64,9.6,$1.43,11.02,$0.30,52.57,$12.97B,$8.44B,1.54,$3.67B,$1.75B,2.1,$0.46B,$0.30B,66.45%,$0.46B,$0.13B,27.63%,$0.46B,0,0.00%,$0.46B,0,0.00%,$0.46B,$0.13B,27.63%,$0.46B,$0.09B,18.86%,$0.09B,$1.75B,5.01%,$0.09B,$1.74B,5.03%,$0.09B,$13.94B,0.62%,$0.13B,$5.41B,2.32%,$118,$41,$77,$0,$49,$90,$28,$0,$28,$7,$21,$21,$21,$0,$0,$275,277,$0.07,$0.07,$259,$0,$0,$12969,$63,$636,$9,$260,$968,$13937,$8443,$3665,$83,$3748,$12191,$3,$799,$19,$1745,$13937,$64,$20,$53,$72,$-9,$0,$0,$-11,$-20,$116,$-7,$0,$0,$0,$-22,$-22,$-251,$-279,$-180,$174,$-7,$-19,$-19,$-25,$204,$153,$-10,$9,$-25
1,2018-03-31,14.54,$6.16,2.36,$1.60,9.06,$1.32,10.99,$0.31,46.9,$12.99B,$8.39B,1.55,$3.72B,$1.73B,2.15,$0.45B,$0.30B,67.34%,$0.45B,$0.13B,29.53%,$0.45B,0,0.00%,$0.45B,0,0.00%,$0.45B,$0.13B,29.53%,$0.45B,$0.09B,19.69%,$0.09B,$1.73B,5.18%,$0.09B,$1.72B,5.20%,$0.09B,$13.96B,0.64%,$0.13B,$5.45B,2.46%,$115,$38,$76,$0,$46,$84,$31,$0,$31,$7,$23,$23,$23,$0,$0,$276,277,$0.08,$0.08,$271,$0,$0,$12991,$64,$639,$8,$255,$965,$13956,$8389,$3717,$120,$3837,$12226,$3,$786,$15,$1730,$13956,$43,$13,$45,$58,$0,$0,$0,$-6,$-6,$95,$-6,$0,$0,$0,$-22,$-22,$-262,$-290,$-114,$160,$46,$-14,$-14,$-17,$183,$197,$3,$6,$-17
2,2017-12-31,14.62,$6.05,2.42,$1.57,9.32,$1.23,11.91,$0.31,47.15,$12.93B,$8.30B,1.56,$3.76B,$1.70B,2.21,$0.44B,$0.30B,68.49%,$0.44B,$0.14B,31.28%,$0.44B,0,0.00%,$0.44B,0,0.00%,$0.44B,$0.14B,31.28%,$0.44B,$0.09B,20.09%,$0.09B,$1.70B,5.22%,$0.09B,$1.69B,5.24%,$0.09B,$13.89B,0.65%,$0.14B,$5.46B,2.60%,$112,$37,$75,$0,$43,$80,$32,$0,$32,$12,$20,$20,$19,$0,$0,$276,278,$0.07,$0.07,$324,$0,$0,$12930,$63,$631,$8,$256,$958,$13888,$8300,$3759,$128,$3887,$12187,$3,$771,$-2,$1701,$13888,$20,$5,$21,$27,$3,$0,$0,$49,$52,$98,$-4,$0,$0,$0,$-9,$-9,$-148,$-161,$-78,$165,$87,$-8,$-8,$-8,$48,$119,$55,$3,$-8
3,2017-09-30,15.61,$6.01,2.6,$1.53,10.17,$1.23,12.65,$0.31,50.34,$12.72B,$8.20B,1.55,$3.67B,$1.69B,2.17,$0.43B,$0.30B,69.53%,$0.43B,$0.13B,30.93%,$0.43B,0,0.00%,$0.43B,0,0.00%,$0.43B,$0.13B,30.93%,$0.43B,$0.09B,20.47%,$0.09B,$1.69B,5.25%,$0.09B,$1.68B,5.27%,$0.09B,$13.69B,0.65%,$0.13B,$5.36B,2.62%,$111,$36,$75,$0,$40,$76,$35,$0,$35,$12,$23,$23,$23,$0,$0,$277,279,$0.09,$0.09,$268,$0,$0,$12723,$61,$627,$8,$272,$969,$13693,$8195,$3671,$136,$3808,$12003,$3,$760,$-7,$1690,$13693,$89,$21,$6,$27,$1,$0,$0,$-8,$-7,$109,$-4,$0,$0,$0,$-50,$-50,$-700,$-755,$-208,$1161,$953,$-57,$-57,$-28,$-185,$683,$37,$11,$-28
4,2017-06-30,14.8,$5.95,2.49,$1.50,9.85,$1.13,13.14,$0.31,47.73,$12.57B,$8.22B,1.53,$3.54B,$1.68B,2.11,$0.42B,$0.30B,70.45%,$0.42B,$0.13B,31.44%,$0.42B,0,0.00%,$0.42B,0,0.00%,$0.42B,$0.13B,31.44%,$0.42B,$0.09B,20.57%,$0.09B,$1.68B,5.21%,$0.09B,$1.67B,5.23%,$0.09B,$13.53B,0.66%,$0.13B,$5.22B,2.75%,$109,$33,$75,$0,$41,$74,$34,$0,$34,$12,$23,$23,$23,$0,$0,$277,279,$0.08,$0.08,$265,$0,$0,$12565,$58,$617,$9,$277,$960,$13526,$8224,$3543,$81,$3624,$11848,$3,$746,$-12,$1678,$13526,$66,$17,$5,$21,$1,$0,$0,$-7,$-6,$81,$-1,$0,$0,$0,$-38,$-38,$-551,$-590,$-86,$910,$824,$-47,$-47,$-19,$-216,$542,$34,$9,$-19
5,2017-03-31,15.77,$5.93,2.66,$1.48,10.67,$1.01,15.66,$0.30,52.57,$12.45B,$8.24B,1.51,$3.37B,$1.68B,2.01,$0.42B,$0.30B,70.98%,$0.42B,$0.13B,31.41%,$0.42B,0,0.00%,$0.42B,0,0.00%,$0.42B,$0.13B,31.41%,$0.42B,$0.08B,20.14%,$0.08B,$1.68B,5.03%,$0.08B,$1.67B,5.05%,$0.08B,$13.41B,0.64%,$0.13B,$5.05B,2.87%,$106,$31,$75,$0,$39,$70,$36,$0,$36,$12,$23,$23,$23,$0,$0,$278,280,$0.08,$0.08,$241,$0,$0,$12446,$59,$619,$9,$274,$961,$13406,$8240,$3366,$121,$3487,$11728,$3,$729,$-11,$1678,$13406,$43,$11,$18,$29,$-0,$0,$0,$-8,$-8,$64,$-1,$0,$0,$0,$-43,$-43,$-455,$-498,$-50,$697,$647,$-27,$-27,$-13,$-164,$443,$10,$6,$-13
6,2016-12-31,17.93,$5.87,3.05,$1.47,12.24,$0.90,19.87,$0.29,61.84,$12.25B,$8.34B,1.47,$3.05B,$1.67B,1.83,$0.42B,$0.30B,71.08%,$0.42B,$0.12B,29.88%,$0.42B,0,0.00%,$0.42B,0,0.00%,$0.42B,$0.12B,29.88%,$0.42B,$0.08B,19.28%,$0.08B,$1.67B,4.78%,$0.08B,$1.66B,4.80%,$0.08B,$13.19B,0.63%,$0.12B,$4.72B,2.89%,$104,$30,$74,$0,$45,$75,$28,$0,$28,$9,$20,$20,$19,$0,$0,$278,280,$0.07,$0.07,$326,$0,$0,$12254,$60,$600,$9,$267,$936,$13190,$8343,$3049,$133,$3182,$11525,$3,$712,$-13,$1665,$13190,$20,$6,$21,$27,$2,$0,$0,$49,$51,$97,$-0,$0,$0,$0,$-23,$-23,$-178,$-202,$-19,$349,$331,$-20,$-20,$-6,$-104,$200,$95,$3,$-6
7,2016-09-30,16.66,$5.84,2.85,$1.45,11.46,$0.79,21.1,$0.28,59.51,$11.98B,$8.39B,1.43,$2.72B,$1.66B,1.64,$0.41B,$0.30B,71.26%,$0.41B,$0.12B,29.71%,$0.41B,0,0.00%,$0.41B,0,0.00%,$0.41B,$0.12B,29.71%,$0.41B,$0.08B,19.08%,$0.08B,$1.66B,4.69%,$0.08B,$1.65B,4.72%,$0.08B,$12.91B,0.63%,$0.12B,$4.38B,3.01%,$104,$30,$74,$0,$39,$69,$35,$0,$35,$12,$23,$23,$22,$0,$0,$282,284,$0.08,$0.08,$231,$0,$0,$11978,$61,$588,$9,$271,$929,$12906,$8385,$2719,$142,$2861,$11246,$3,$699,$-20,$1660,$12906,$81,$19,$17,$37,$-23,$0,$0,$-9,$-32,$85,$-9,$0,$0,$0,$59,$59,$-504,$-454,$-146,$696,$550,$-136,$-136,$-23,$55,$445,$76,$13,$-23
8,2016-06-30,16.0,$5.87,2.73,$1.44,11.12,$0.85,18.76,$0.28,57.15,$11.68B,$8.42B,1.39,$2.44B,$1.68B,1.46,$0.41B,$0.30B,71.43%,$0.41B,$0.12B,29.30%,$0.41B,0,0.00%,$0.41B,0,0.00%,$0.41B,$0.12B,29.78%,$0.41B,$0.08B,19.37%,$0.08B,$1.68B,4.71%,$0.08B,$1.67B,4.73%,$0.08B,$12.62B,0.64%,$0.12B,$4.12B,3.05%,$103,$30,$73,$0,$42,$72,$32,$0,$32,$11,$21,$21,$20,$0,$0,$281,283,$0.07,$0.07,$201,$0,$0,$11675,$61,$600,$9,$280,$950,$12624,$8420,$2443,$83,$2526,$10945,$3,$683,$-16,$1679,$12624,$58,$14,$7,$21,$-17,$0,$0,$-7,$-24,$55,$-7,$0,$0,$0,$51,$51,$-241,$-198,$-139,$413,$274,$-101,$-101,$-17,$33,$189,$46,$10,$-17
9,2016-03-31,16.05,$5.88,2.73,$1.42,11.27,$0.94,17.16,$0.27,59.45,$11.49B,$8.37B,1.37,$2.28B,$1.69B,1.35,$0.41B,$0.30B,71.84%,$0.41B,$0.12B,27.91%,$0.41B,0,0.00%,$0.41B,0,0.00%,$0.41B,$0.12B,28.40%,$0.41B,$0.08B,18.69%,$0.08B,$1.69B,4.48%,$0.08B,$1.68B,4.50%,$0.08B,$12.47B,0.62%,$0.12B,$3.97B,2.99%,$104,$29,$74,$0,$45,$75,$29,$0,$29,$10,$19,$19,$19,$0,$0,$282,284,$0.07,$0.07,$159,$0,$0,$11488,$60,$638,$9,$271,$979,$12467,$8365,$2283,$127,$2411,$10776,$3,$668,$-15,$1690,$12467,$37,$9,$6,$15,$-7,$0,$0,$-5,$-12,$40,$-5,$0,$0,$0,$12,$12,$-100,$-93,$-73,$187,$115,$-72,$-72,$-11,$26,$57,$4,$7,$-11
10,2015-12-31,17.3,$5.89,2.94,$1.41,12.31,$0.97,17.79,$0.25,69.2,$11.40B,$8.40B,1.36,$2.16B,$1.70B,1.27,$0.41B,$0.30B,71.95%,$0.41B,$0.11B,26.59%,$0.41B,0,0.00%,$0.41B,0,0.00%,$0.41B,$0.11B,27.07%,$0.41B,$0.07B,18.05%,$0.07B,$1.70B,4.24%,$0.07B,$1.69B,4.26%,$0.07B,$12.39B,0.60%,$0.11B,$3.87B,2.93%,$103,$29,$74,$0,$47,$75,$27,$0,$27,$9,$18,$18,$18,$0,$0,$284,286,$0.06,$0.06,$160,$0,$0,$11395,$59,$658,$10,$269,$996,$12391,$8397,$2164,$127,$2291,$10688,$3,$654,$-18,$1702,$12391,$18,$4,$3,$8,$1,$0,$0,$43,$44,$69,$-3,$0,$0,$0,$-13,$-13,$-12,$-28,$25,$-30,$-4,$-39,$-39,$-6,$12,$-37,$4,$4,$-6
11,2015-09-30,15.76,$5.95,2.65,$1.39,11.33,$0.98,16.13,$0.25,63.06,$11.38B,$8.34B,1.37,$2.17B,$1.73B,1.25,$0.41B,$0.29B,71.88%,$0.41B,$0.11B,26.16%,$0.41B,0,0.00%,$0.41B,0,0.00%,$0.41B,$0.11B,26.65%,$0.41B,$0.07B,17.60%,$0.07B,$1.73B,4.06%,$0.07B,$1.72B,4.08%,$0.07B,$12.37B,0.59%,$0.11B,$3.90B,2.99%,$103,$28,$74,$0,$41,$69,$33,$0,$35,$12,$23,$23,$23,$0,$0,$290,292,$0.08,$0.08,$155,$0,$0,$11376,$57,$655,$10,$272,$993,$12369,$8335,$2169,$136,$2304,$10640,$3,$642,$-13,$1729,$12369,$73,$17,$23,$41,$-6,$0,$0,$-5,$-11,$102,$-6,$0,$0,$0,$-46,$-46,$-549,$-600,$585,$445,$1030,$-177,$-177,$-19,$-362,$472,$-26,$14,$-19
12,2015-06-30,15.28,$6.00,2.55,$1.37,11.13,$0.98,15.56,$0.22,69.45,$11.28B,$8.51B,1.33,$1.90B,$1.76B,1.08,$0.41B,$0.29B,71.92%,$0.41B,$0.10B,23.89%,$0.41B,0,0.00%,$0.41B,0,0.00%,$0.41B,$0.10B,23.89%,$0.41B,$0.07B,16.01%,$0.07B,$1.76B,3.61%,$0.07B,$1.75B,3.63%,$0.07B,$12.26B,0.54%,$0.10B,$3.66B,2.89%,$102,$28,$74,$0,$48,$76,$26,$0,$26,$9,$17,$17,$17,$0,$0,$289,291,$0.06,$0.06,$224,$0,$0,$11275,$56,$639,$10,$279,$984,$12260,$8510,$1899,$89,$1988,$10498,$3,$624,$-8,$1761,$12260,$50,$13,$15,$28,$-4,$0,$0,$3,$-1,$76,$-3,$0,$0,$0,$-31,$-31,$-386,$-420,$388,$373,$760,$-128,$-128,$-14,$-232,$387,$43,$10,$-14
13,2015-03-31,13.28,$6.04,2.2,$1.35,9.81,$1.01,13.18,$0.22,60.34,$11.14B,$8.54B,1.3,$1.67B,$1.79B,0.93,$0.40B,$0.29B,72.46%,$0.40B,$0.10B,24.32%,$0.40B,0,0.00%,$0.40B,0,0.00%,$0.40B,$0.10B,24.32%,$0.40B,$0.07B,16.38%,$0.07B,$1.79B,3.61%,$0.07B,$1.78B,3.64%,$0.07B,$12.13B,0.55%,$0.10B,$3.46B,3.10%,$102,$28,$73,$0,$50,$78,$23,$0,$23,$8,$16,$16,$16,$0,$0,$291,293,$0.05,$0.05,$221,$0,$0,$11135,$56,$656,$11,$276,$998,$12134,$8544,$1668,$132,$1800,$10343,$3,$611,$-6,$1790,$12134,$32,$8,$12,$20,$-3,$0,$0,$-1,$-4,$48,$-2,$0,$0,$0,$-42,$-42,$-250,$-294,$290,$239,$529,$-84,$-84,$-9,$-151,$285,$39,$7,$-9
14,2014-12-31,13.39,$6.06,2.21,$1.34,10.03,$1.04,12.84,$0.22,60.89,$11.08B,$8.63B,1.28,$1.51B,$1.81B,0.83,$0.40B,$0.29B,73.50%,$0.40B,$0.10B,25.00%,$0.40B,0,0.00%,$0.40B,0,0.00%,$0.40B,$0.10B,25.00%,$0.40B,$0.07B,16.50%,$0.07B,$1.81B,3.57%,$0.07B,$1.80B,3.59%,$0.07B,$12.07B,0.56%,$0.10B,$3.32B,3.30%,$102,$29,$73,$0,$48,$77,$25,$0,$25,$8,$17,$17,$16,$0,$0,$294,296,$0.06,$0.06,$276,$0,$0,$11080,$56,$645,$11,$276,$988,$12068,$8627,$1505,$124,$1629,$10255,$3,$600,$-10,$1813,$12068,$17,$4,$7,$10,$1,$0,$0,$44,$44,$72,$-1,$0,$0,$0,$-36,$-36,$-139,$-176,$142,$224,$366,$-42,$-42,$-5,$-121,$199,$94,$4,$-5
15,2014-09-30,12.83,$6.10,2.1,$1.32,9.74,$1.07,12.0,$0.21,61.08,$10.85B,$8.69B,1.25,$1.14B,$1.84B,0.62,$0.40B,$0.29B,74.24%,$0.40B,$0.10B,25.00%,$0.40B,0,0.00%,$0.40B,0,0.00%,$0.40B,$0.10B,25.00%,$0.40B,$0.07B,16.67%,$0.07B,$1.84B,3.54%,$0.07B,$1.83B,3.57%,$0.07B,$11.80B,0.57%,$0.10B,$2.98B,3.40%,$100,$28,$72,$0,$49,$77,$23,$0,$23,$8,$16,$16,$16,$0,$0,$299,301,$0.06,$0.06,$181,$0,$0,$10849,$56,$609,$12,$277,$954,$11803,$8694,$1139,$131,$1270,$9964,$3,$590,$-11,$1839,$11803,$66,$13,$43,$56,$-5,$0,$0,$-14,$-19,$104,$-3,$0,$0,$0,$-98,$-98,$-568,$-669,$399,$-5,$394,$-101,$-101,$-5,$173,$461,$-105,$12,$-5
16,2014-06-30,12.71,$6.13,2.07,$1.31,9.73,$1.19,10.68,$0.21,60.53,$10.80B,$8.75B,1.23,$1.02B,$1.87B,0.55,$0.39B,$0.29B,74.37%,$0.39B,$0.10B,24.11%,$0.39B,0,0.00%,$0.39B,0,0.00%,$0.39B,$0.10B,25.38%,$0.39B,$0.07B,16.75%,$0.07B,$1.87B,3.53%,$0.07B,$1.85B,3.55%,$0.07B,$11.72B,0.58%,$0.10B,$2.88B,3.36%,$99,$26,$74,$0,$47,$73,$27,$0,$27,$9,$18,$18,$18,$0,$0,$299,301,$0.06,$0.06,$256,$0,$0,$10802,$57,$565,$12,$280,$914,$11716,$8750,$1017,$83,$1101,$9851,$3,$579,$-6,$1865,$11716,$50,$9,$26,$35,$-2,$0,$0,$1,$-0,$85,$-3,$0,$0,$0,$-51,$-51,$-441,$-495,$291,$-19,$272,$-68,$-68,$0,$175,$379,$-30,$9,$0
17,2014-03-31,11.08,$6.13,1.81,$1.32,8.42,$1.29,8.57,$0.20,55.4,$10.66B,$8.46B,1.26,$1.07B,$1.88B,0.57,$0.40B,$0.29B,73.87%,$0.40B,$0.09B,23.12%,$0.40B,0,0.00%,$0.40B,0,0.00%,$0.40B,$0.10B,24.37%,$0.40B,$0.06B,16.08%,$0.06B,$1.88B,3.43%,$0.06B,$1.87B,3.45%,$0.06B,$11.53B,0.56%,$0.09B,$2.95B,3.42%,$99,$24,$75,$0,$50,$74,$25,$0,$25,$8,$16,$16,$16,$0,$0,$300,302,$0.05,$0.05,$268,$0,$0,$10658,$58,$527,$13,$279,$877,$11534,$8462,$1070,$119,$1189,$9650,$3,$561,$-9,$1884,$11534,$32,$6,$19,$25,$2,$0,$0,$2,$4,$61,$-2,$0,$0,$0,$-16,$-16,$-282,$-301,$197,$128,$325,$-26,$-26,$0,$-78,$221,$-18,$6,$0
18,2013-12-31,10.8,$6.06,1.78,$1.33,8.13,$1.30,8.29,$0.19,56.84,$10.51B,$8.40B,1.25,$0.99B,$1.86B,0.53,$0.40B,$0.29B,72.89%,$0.40B,$0.09B,21.39%,$0.40B,0,0.00%,$0.40B,0,0.00%,$0.40B,$0.09B,22.64%,$0.40B,$0.06B,15.17%,$0.06B,$1.86B,3.29%,$0.06B,$1.85B,3.31%,$0.06B,$11.38B,0.54%,$0.09B,$2.85B,3.46%,$98,$25,$73,$0,$49,$74,$24,$0,$24,$8,$16,$16,$16,$0,$0,$301,302,$0.05,$0.05,$317,$0,$0,$10508,$58,$524,$13,$278,$874,$11381,$8404,$986,$129,$1115,$9519,$3,$545,$-11,$1862,$11381,$16,$3,$10,$13,$4,$0,$0,$47,$52,$81,$-1,$0,$0,$0,$-15,$-15,$-80,$-96,$117,$124,$241,$-26,$-26,$0,$-169,$46,$31,$3,$0
19,2013-09-30,10.67,$6.05,1.76,$1.36,7.83,$1.34,7.96,$0.18,59.28,$10.41B,$8.51B,1.22,$0.75B,$1.87B,0.4,$0.41B,$0.30B,71.91%,$0.41B,$0.08B,18.89%,$0.41B,0,0.00%,$0.41B,0,0.00%,$0.41B,$0.08B,20.10%,$0.41B,$0.06B,13.56%,$0.06B,$1.87B,3.04%,$0.06B,$1.86B,3.06%,$0.06B,$11.27B,0.50%,$0.08B,$2.62B,3.33%,$98,$26,$71,$0,$52,$79,$19,$0,$24,$8,$16,$16,$16,$0,$0,$302,303,$0.05,$0.05,$286,$0,$0,$10406,$59,$513,$14,$278,$864,$11269,$8506,$745,$147,$892,$9398,$3,$529,$-9,$1871,$11269,$56,$21,$54,$75,$17,$0,$0,$-8,$9,$141,$-3,$0,$0,$0,$-70,$-70,$218,$145,$310,$-53,$257,$0,$0,$0,$-565,$-308,$-22,$11,$0
20,2013-06-30,9.98,$5.99,1.67,$1.40,7.12,$1.38,7.26,$0.13,76.8,$10.29B,$8.68B,1.19,$0.48B,$1.85B,0.26,$0.42B,$0.30B,70.28%,$0.42B,$0.06B,13.68%,$0.42B,0,0.00%,$0.42B,0,0.00%,$0.42B,$0.06B,13.68%,$0.42B,$0.04B,9.67%,$0.04B,$1.85B,2.24%,$0.04B,$1.84B,2.26%,$0.04B,$11.14B,0.36%,$0.06B,$2.33B,2.56%,$103,$28,$75,$0,$51,$79,$24,$0,$24,$7,$16,$16,$16,$0,$0,$302,303,$0.05,$0.05,$297,$0,$0,$10290,$59,$490,$15,$282,$846,$11137,$8683,$475,$126,$602,$9285,$3,$513,$-9,$1852,$11137,$40,$17,$40,$58,$16,$0,$0,$2,$18,$117,$-2,$0,$0,$0,$-44,$-44,$351,$305,$192,$-205,$-13,$0,$0,$0,$-420,$-433,$-11,$8,$0
21,2013-03-31,9.66,$5.94,1.63,$1.43,6.77,$1.34,7.23,$0.08,120.78,$10.26B,$8.80B,1.17,$0.32B,$1.84B,0.17,$0.43B,$0.30B,68.29%,$0.43B,$0.03B,7.87%,$0.43B,0,0.00%,$0.43B,0,0.00%,$0.43B,$0.03B,7.87%,$0.43B,$0.03B,6.02%,$0.03B,$1.84B,1.43%,$0.03B,$1.82B,1.45%,$0.03B,$11.12B,0.23%,$0.03B,$2.15B,1.49%,$103,$29,$74,$0,$55,$84,$19,$0,$19,$6,$13,$13,$13,$0,$0,$302,303,$0.04,$0.04,$284,$0,$0,$10264,$60,$493,$16,$289,$857,$11122,$8795,$316,$176,$492,$9286,$3,$497,$-7,$1835,$11122,$24,$12,$35,$48,$6,$0,$0,$-11,$-5,$66,$-5,$0,$0,$0,$-41,$-41,$371,$326,$134,$-306,$-172,$0,$0,$0,$-244,$-416,$-24,$5,$0
22,2012-12-31,8.58,$5.89,1.46,$1.46,5.89,$1.32,6.49,$0.04,214.38,$10.53B,$8.90B,1.18,$0.47B,$1.82B,0.26,$0.44B,$0.29B,66.59%,$0.44B,$0.02B,3.86%,$0.44B,0,0.00%,$0.44B,0,0.00%,$0.44B,$0.02B,3.86%,$0.44B,$0.01B,3.18%,$0.01B,$1.82B,0.77%,$0.01B,$1.80B,0.78%,$0.01B,$11.38B,0.12%,$0.02B,$2.29B,0.74%,$109,$32,$77,$0,$61,$93,$16,$0,$16,$5,$11,$11,$11,$0,$0,$302,302,$0.04,$0.04,$334,$0,$0,$10532,$61,$487,$18,$282,$847,$11380,$8895,$468,$196,$664,$9560,$3,$484,$-7,$1820,$11380,$11,$6,$20,$26,$11,$0,$0,$43,$55,$92,$-1,$0,$0,$0,$-32,$-32,$163,$129,$65,$-85,$-20,$0,$0,$0,$-176,$-196,$25,$3,$0
23,2012-09-30,8.08,$5.85,1.38,$1.47,5.51,$1.32,6.13,$0.03,269.5,$10.69B,$9.03B,1.18,$0.49B,$1.81B,0.27,$0.44B,$0.29B,64.71%,$0.44B,$0.01B,2.94%,$0.44B,0,0.00%,$0.44B,0,0.00%,$0.44B,$0.01B,2.94%,$0.44B,$0.01B,2.49%,$0.01B,$1.81B,0.61%,$0.01B,$1.79B,0.62%,$0.01B,$11.52B,0.10%,$0.01B,$2.30B,0.58%,$109,$37,$72,$0,$74,$110,$-1,$0,$-1,$-2,$1,$1,$1,$0,$0,$301,302,$0.01,$0.01,$308,$0,$0,$10693,$61,$457,$20,$288,$825,$11518,$9028,$488,$195,$684,$9711,$3,$473,$-6,$1807,$11518,$11,$23,$96,$119,$26,$0,$0,$-2,$25,$156,$-7,$0,$0,$0,$-14,$-14,$-720,$-741,$32,$316,$348,$0,$0,$0,$251,$599,$13,$11,$0
24,2012-06-30,8.51,$5.84,1.46,$1.48,5.74,$1.27,6.7,$0.06,141.88,$10.71B,$8.99B,1.19,$0.57B,$1.81B,0.32,$0.45B,$0.29B,63.76%,$0.45B,$0.03B,5.59%,$0.45B,0,0.00%,$0.45B,0,0.00%,$0.45B,$0.03B,5.59%,$0.45B,$0.02B,4.03%,$0.02B,$1.81B,1.00%,$0.02B,$1.78B,1.02%,$0.02B,$11.50B,0.16%,$0.03B,$2.38B,1.17%,$111,$38,$72,$0,$72,$110,$0,$0,$0,$-0,$1,$1,$1,$0,$0,$301,302,$0.00,$0.00,$318,$0,$0,$10707,$61,$420,$22,$286,$788,$11495,$8992,$570,$127,$697,$9690,$3,$472,$-4,$1805,$11495,$10,$14,$83,$97,$3,$0,$0,$-6,$-3,$105,$-3,$0,$0,$0,$24,$24,$-691,$-670,$2,$428,$430,$0,$0,$0,$158,$588,$24,$9,$0
25,2012-03-31,8.47,$5.83,1.45,$1.50,5.64,$1.44,5.87,$0.08,105.85,$10.50B,$8.86B,1.18,$0.42B,$1.80B,0.23,$0.45B,$0.29B,63.05%,$0.45B,$0.04B,7.74%,$0.45B,0,0.00%,$0.45B,0,0.00%,$0.45B,$0.04B,7.74%,$0.45B,$0.02B,5.09%,$0.02B,$1.80B,1.29%,$0.02B,$1.78B,1.31%,$0.02B,$11.29B,0.21%,$0.04B,$2.22B,1.72%,$111,$39,$72,$0,$70,$109,$2,$0,$2,$1,$1,$1,$1,$0,$0,$301,302,$0.00,$0.00,$342,$0,$0,$10495,$60,$425,$24,$283,$792,$11287,$8861,$419,$207,$626,$9487,$3,$471,$-6,$1800,$11287,$9,$9,$50,$59,$-9,$0,$0,$-2,$-11,$58,$-1,$0,$0,$0,$17,$17,$-410,$-394,$0,$279,$279,$0,$0,$0,$104,$383,$48,$6,$0
26,2011-12-31,7.99,$5.81,1.37,$1.51,5.28,$1.42,5.62,$0.09,88.74,$10.30B,$8.75B,1.18,$0.26B,$1.80B,0.15,$0.46B,$0.28B,61.98%,$0.46B,$0.04B,7.91%,$0.46B,0,0.00%,$0.46B,0,0.00%,$0.46B,$0.04B,7.91%,$0.46B,$0.02B,5.27%,$0.02B,$1.80B,1.35%,$0.02B,$1.77B,1.38%,$0.02B,$11.06B,0.22%,$0.04B,$2.06B,1.84%,$111,$41,$70,$0,$57,$99,$12,$0,$12,$4,$8,$8,$8,$0,$0,$301,301,$0.03,$0.03,$254,$0,$0,$10302,$59,$401,$26,$269,$756,$11058,$8750,$264,$247,$512,$9262,$3,$470,$-6,$1796,$11058,$8,$6,$18,$24,$5,$0,$0,$53,$58,$91,$-1,$0,$0,$0,$42,$42,$-277,$-237,$0,$125,$125,$0,$0,$0,$-20,$104,$-41,$3,$0
27,2011-09-30,7.25,$5.74,1.26,$1.52,4.75,$1.40,5.16,$0.04,181.18,$10.08B,$8.77B,1.15,$0.14B,$1.77B,0.08,$0.46B,$0.28B,60.92%,$0.46B,$0.01B,2.84%,$0.46B,0,0.00%,$0.46B,0,0.00%,$0.46B,$0.01B,2.84%,$0.46B,$0.01B,1.97%,$0.01B,$1.77B,0.51%,$0.01B,$1.75B,0.52%,$0.01B,$10.89B,0.08%,$0.01B,$1.91B,0.68%,$114,$43,$71,$0,$61,$104,$11,$0,$11,$2,$8,$8,$8,$0,$0,$300,301,$0.02,$0.02,$295,$0,$0,$10082,$59,$444,$29,$279,$811,$10893,$8769,$140,$210,$350,$9119,$3,$462,$-16,$1774,$10893,$9,$19,$104,$123,$18,$0,$0,$-16,$2,$136,$-3,$0,$0,$0,$259,$259,$-649,$-392,$20,$50,$70,$0,$0,$0,$-262,$-192,$-449,$10,$0
28,2011-06-30,8.63,$5.73,1.51,$1.52,5.68,$1.34,6.46,$-0.03,0.0,$10.01B,$8.81B,1.14,$0.19B,$1.77B,0.11,$0.46B,$0.27B,59.21%,$0.46B,$-0.01B,-2.85%,$0.46B,0,0.00%,$0.46B,0,0.00%,$0.46B,$-0.01B,-2.85%,$0.46B,$-0.01B,-2.19%,$-0.01B,$1.77B,-0.57%,$-0.01B,$1.74B,-0.58%,$-0.01B,$10.88B,-0.09%,$-0.01B,$1.95B,-0.69%,$116,$44,$72,$0,$62,$106,$10,$0,$10,$4,$6,$6,$6,$0,$0,$300,301,$0.02,$0.02,$278,$0,$0,$10011,$61,$494,$31,$281,$866,$10878,$8808,$185,$118,$303,$9111,$3,$454,$-13,$1766,$10878,$1,$15,$91,$106,$6,$0,$0,$44,$49,$157,$-2,$0,$0,$0,$210,$210,$-578,$-370,$15,$100,$115,$0,$0,$0,$-368,$-253,$-466,$8,$0
29,2011-03-31,9.47,$5.68,1.67,$1.59,5.95,$0.81,11.73,$-0.02,0.0,$9.98B,$8.81B,1.13,$0.17B,$1.75B,0.1,$0.48B,$0.28B,59.41%,$0.48B,$-0.01B,-1.67%,$0.48B,0,0.00%,$0.48B,0,0.00%,$0.48B,$-0.01B,-1.67%,$0.48B,$-0.01B,-1.26%,$-0.01B,$1.75B,-0.34%,$-0.01B,$1.72B,-0.35%,$-0.01B,$10.89B,-0.05%,$-0.01B,$1.92B,-0.43%,$114,$45,$69,$0,$66,$111,$3,$0,$3,$0,$2,$2,$2,$0,$0,$300,301,$0.01,$0.01,$189,$0,$0,$9977,$61,$529,$32,$286,$909,$10885,$8811,$168,$152,$321,$9132,$3,$448,$-18,$1753,$10885,$-5,$12,$64,$76,$-8,$0,$0,$-12,$-20,$52,$-2,$0,$0,$0,$175,$175,$-599,$-425,$-2,$100,$98,$0,$0,$0,$-279,$-181,$-555,$5,$0
30,2010-12-31,8.04,$5.67,1.42,$1.62,4.96,$0.66,12.13,$-0.02,0.0,$10.08B,$8.91B,1.13,$0.06B,$1.75B,0.04,$0.49B,$0.28B,58.44%,$0.49B,$-0.01B,-1.23%,$0.49B,0,0.00%,$0.49B,0,0.00%,$0.49B,$-0.01B,-1.23%,$0.49B,$-0.00B,-1.03%,$-0.00B,$1.75B,-0.29%,$-0.00B,$1.71B,-0.29%,$-0.00B,$11.07B,-0.05%,$-0.01B,$1.81B,-0.33%,$114,$48,$67,$0,$77,$125,$-11,$0,$-11,$-4,$-7,$-7,$-7,$0,$0,$300,300,$-0.02,$-0.02,$342,$0,$0,$10084,$62,$605,$34,$280,$981,$11065,$8905,$64,$347,$412,$9317,$3,$445,$-18,$1748,$11065,$-7,$8,$38,$46,$1,$0,$0,$46,$47,$86,$-1,$0,$0,$0,$101,$101,$-534,$-434,$-6,$-0,$-6,$0,$0,$0,$-47,$-53,$-401,$2,$0
31,2010-09-30,8.19,$5.68,1.44,$1.65,4.95,$0.37,22.02,$0.03,273.06,$9.99B,$8.92B,1.12,$0.07B,$1.75B,0.04,$0.50B,$0.29B,57.66%,$0.50B,$0.02B,3.63%,$0.50B,0,0.00%,$0.50B,0,0.00%,$0.50B,$0.02B,3.63%,$0.50B,$0.01B,2.22%,$0.01B,$1.75B,0.63%,$0.01B,$1.71B,0.64%,$0.01B,$11.08B,0.10%,$0.02B,$1.82B,0.99%,$112,$50,$62,$0,$77,$127,$-15,$0,$-15,$-4,$-11,$-11,$-11,$0,$0,$300,300,$-0.03,$-0.03,$744,$0,$0,$9987,$63,$707,$39,$281,$1089,$11076,$8917,$70,$336,$406,$9323,$3,$453,$-18,$1753,$11076,$11,$18,$111,$129,$-27,$0,$0,$1,$-27,$117,$-4,$0,$0,$0,$-72,$-72,$-50,$-126,$0,$0,$0,$-2,$-2,$-16,$463,$446,$437,$13,$-16
32,2010-06-30,11.06,$5.71,1.94,$1.71,6.46,$0.89,12.48,$0.03,368.74,$9.86B,$8.97B,1.1,$0.07B,$1.76B,0.04,$0.52B,$0.30B,57.67%,$0.52B,$0.01B,2.52%,$0.52B,0,0.00%,$0.52B,0,0.00%,$0.52B,$0.01B,2.52%,$0.52B,$0.01B,1.75%,$0.01B,$1.76B,0.51%,$0.01B,$1.72B,0.53%,$0.01B,$10.94B,0.08%,$0.01B,$1.83B,0.71%,$138,$52,$86,$0,$71,$123,$15,$0,$15,$5,$10,$10,$10,$0,$0,$300,301,$0.03,$0.03,$950,$0,$0,$9861,$63,$702,$42,$273,$1079,$10940,$8970,$70,$139,$209,$9179,$3,$463,$-17,$1762,$10940,$22,$12,$83,$94,$-120,$0,$0,$-0,$-120,$-1,$-3,$0,$0,$0,$-65,$-65,$407,$339,$0,$0,$0,$-2,$-2,$-16,$322,$305,$643,$10,$-16
33,2010-03-31,11.84,$5.68,2.08,$1.72,6.89,$1.05,11.31,$0.03,394.7,$9.66B,$8.76B,1.1,$0.07B,$1.75B,0.04,$0.52B,$0.29B,56.40%,$0.52B,$0.01B,2.33%,$0.52B,0,0.00%,$0.52B,0,0.00%,$0.52B,$0.01B,2.33%,$0.52B,$0.01B,1.74%,$0.01B,$1.75B,0.51%,$0.01B,$1.71B,0.52%,$0.01B,$10.74B,0.08%,$0.01B,$1.82B,0.65%,$122,$53,$69,$0,$64,$117,$5,$0,$5,$2,$3,$3,$3,$0,$0,$300,300,$0.01,$0.01,$402,$0,$0,$9663,$64,$689,$41,$280,$1074,$10737,$8760,$70,$154,$224,$8985,$3,$458,$-17,$1753,$10737,$12,$8,$55,$62,$-62,$0,$0,$-3,$-65,$9,$-3,$0,$0,$0,$-52,$-52,$20,$-35,$0,$0,$0,$-2,$-2,$-10,$133,$121,$95,$6,$-10
34,2009-12-31,10.71,$5.68,1.89,$1.78,6.02,$1.26,8.52,$0.04,267.72,$9.66B,$8.72B,1.11,$0.07B,$1.75B,0.04,$0.54B,$0.30B,55.89%,$0.54B,$0.02B,2.80%,$0.54B,0,0.00%,$0.54B,0,0.00%,$0.54B,$0.02B,2.80%,$0.54B,$0.01B,2.24%,$0.01B,$1.75B,0.68%,$0.01B,$1.71B,0.70%,$0.01B,$10.73B,0.11%,$0.02B,$1.82B,0.80%,$124,$55,$69,$0,$56,$112,$13,$0,$13,$4,$9,$9,$9,$0,$0,$300,300,$0.03,$0.03,$276,$0,$0,$9662,$64,$685,$41,$275,$1065,$10728,$8715,$70,$191,$261,$8976,$3,$461,$-18,$1751,$10728,$9,$4,$23,$27,$-86,$0,$0,$49,$-37,$-2,$-1,$0,$0,$0,$-48,$-48,$-48,$-96,$0,$0,$0,$-2,$-2,$-5,$74,$67,$-31,$3,$-5
35,2009-09-30,10.43,$5.66,1.84,$1.84,5.68,$1.66,6.3,$0.05,208.66,$9.63B,$8.63B,1.12,$0.07B,$1.75B,0.04,$0.55B,$0.30B,53.61%,$0.55B,$0.02B,3.43%,$0.55B,0,0.00%,$0.55B,0,0.00%,$0.55B,$0.02B,3.43%,$0.55B,$0.01B,2.53%,$0.01B,$1.75B,0.79%,$0.01B,$1.70B,0.81%,$0.01B,$10.60B,0.13%,$0.02B,$1.82B,0.94%,$131,$58,$73,$0,$93,$150,$-20,$0,$-20,$-7,$-13,$-13,$-13,$0,$0,$301,302,$-0.04,$-0.04,$307,$0,$0,$9626,$65,$637,$41,$229,$973,$10599,$8629,$70,$154,$224,$8853,$3,$457,$-18,$1746,$10599,$14,$19,$128,$147,$120,$0,$0,$-11,$109,$272,$-4,$0,$0,$0,$247,$247,$-124,$119,$70,$-498,$-428,$-103,$-103,$-20,$334,$-216,$175,$13,$-20
36,2009-06-30,9.25,$5.75,1.61,$1.86,4.98,$0.84,10.98,$0.13,71.19,$9.79B,$8.56B,1.14,$0.19B,$1.78B,0.11,$0.57B,$0.29B,51.67%,$0.57B,$0.06B,10.19%,$0.57B,0,0.00%,$0.57B,0,0.00%,$0.57B,$0.06B,10.19%,$0.57B,$0.04B,7.21%,$0.04B,$1.78B,2.28%,$0.04B,$1.74B,2.33%,$0.04B,$10.78B,0.38%,$0.06B,$1.97B,2.70%,$139,$60,$80,$0,$66,$125,$14,$0,$14,$4,$10,$10,$10,$0,$0,$300,301,$0.03,$0.03,$173,$0,$0,$9790,$67,$681,$37,$209,$993,$10783,$8563,$190,$254,$444,$9006,$3,$475,$-8,$1777,$10783,$27,$16,$82,$97,$-84,$0,$0,$5,$-78,$47,$-4,$0,$0,$0,$204,$204,$-156,$44,$70,$-378,$-308,$-89,$-89,$-14,$361,$-51,$40,$10,$-14
37,2009-03-31,10.51,$5.73,1.83,$1.84,5.7,$1.37,7.69,$0.12,87.57,$9.56B,$8.44B,1.13,$0.16B,$1.77B,0.09,$0.57B,$0.28B,49.13%,$0.57B,$0.06B,9.58%,$0.57B,0,0.00%,$0.57B,0,0.00%,$0.57B,$0.06B,9.58%,$0.57B,$0.04B,6.62%,$0.04B,$1.77B,2.06%,$0.04B,$1.74B,2.11%,$0.04B,$10.65B,0.36%,$0.06B,$1.93B,2.54%,$141,$64,$77,$0,$69,$133,$8,$0,$8,$3,$6,$6,$6,$0,$0,$302,302,$0.02,$0.02,$99,$0,$0,$9562,$67,$778,$35,$203,$1083,$10645,$8439,$160,$273,$434,$8872,$3,$470,$-8,$1773,$10645,$17,$9,$57,$66,$-10,$0,$0,$-1,$-11,$72,$-2,$0,$0,$0,$107,$107,$-41,$64,$40,$-378,$-338,$-86,$-86,$-9,$263,$-170,$-34,$6,$-9
38,2008-12-31,11.11,$5.76,1.93,$1.84,6.04,$1.30,8.58,$0.15,74.09,$9.73B,$8.41B,1.16,$0.55B,$1.80B,0.31,$0.58B,$0.27B,46.14%,$0.58B,$0.07B,12.01%,$0.58B,0,0.00%,$0.58B,0,0.00%,$0.58B,$0.07B,12.01%,$0.58B,$0.05B,8.06%,$0.05B,$1.80B,2.47%,$0.05B,$1.75B,2.52%,$0.05B,$10.88B,0.44%,$0.07B,$2.34B,3.20%,$143,$76,$67,$0,$50,$126,$17,$0,$17,$6,$11,$11,$11,$0,$0,$303,304,$0.04,$0.04,$92,$0,$0,$9725,$67,$844,$43,$197,$1150,$10876,$8407,$548,$127,$674,$9081,$3,$470,$-8,$1795,$10876,$11,$2,$16,$19,$41,$0,$0,$47,$88,$120,$-1,$0,$0,$0,$41,$41,$-223,$-183,$20,$30,$50,$-60,$-60,$-4,$38,$23,$-40,$4,$-4
39,2008-09-30,10.74,$5.83,1.84,$1.86,5.77,$1.16,9.29,$0.17,63.2,$9.59B,$8.32B,1.15,$0.50B,$1.84B,0.27,$0.60B,$0.27B,44.74%,$0.60B,$0.08B,13.69%,$0.60B,0,0.00%,$0.60B,0,0.00%,$0.60B,$0.08B,13.69%,$0.60B,$0.06B,9.18%,$0.06B,$1.84B,2.81%,$0.06B,$1.80B,2.87%,$0.06B,$10.79B,0.52%,$0.08B,$2.34B,3.90%,$146,$77,$70,$0,$51,$128,$19,$0,$19,$5,$14,$14,$14,$0,$0,$319,320,$0.04,$0.04,$132,$0,$0,$9588,$68,$884,$42,$204,$1198,$10786,$8316,$498,$129,$627,$8943,$3,$462,$-9,$1844,$10786,$54,$9,$60,$68,$-94,$0,$0,$5,$-89,$29,$-5,$0,$0,$0,$32,$32,$-1182,$-1155,$0,$498,$498,$-186,$-186,$-14,$131,$429,$-697,$12,$-14
40,2008-06-30,9.9,$5.99,1.65,$1.99,4.97,$2.13,4.66,$0.18,55.02,$9.11B,$8.23B,1.11,$0.09B,$1.96B,0.05,$0.61B,$0.26B,43.14%,$0.61B,$0.09B,15.03%,$0.61B,0,0.00%,$0.61B,0,0.00%,$0.61B,$0.09B,14.54%,$0.61B,$0.06B,9.15%,$0.06B,$1.96B,2.81%,$0.06B,$1.91B,2.87%,$0.06B,$10.36B,0.54%,$0.09B,$2.05B,4.56%,$144,$75,$68,$0,$57,$133,$11,$0,$11,$4,$7,$7,$7,$0,$0,$321,321,$0.02,$0.02,$100,$0,$0,$9113,$68,$932,$42,$205,$1248,$10361,$8230,$93,$82,$175,$8406,$3,$452,$-6,$1955,$10361,$40,$7,$40,$47,$40,$0,$0,$93,$134,$217,$-3,$0,$0,$0,$-17,$-17,$-865,$-885,$0,$93,$93,$-69,$-69,$-9,$-77,$-63,$-730,$7,$-9
41,2008-03-31,10.24,$6.08,1.68,$2.06,4.97,$2.78,3.68,$0.10,102.38,$9.15B,$8.29B,1.1,$0.00B,$2.02B,0.0,$0.62B,$0.26B,42.28%,$0.62B,$0.06B,9.16%,$0.62B,0,0.00%,$0.62B,0,0.00%,$0.62B,$0.05B,8.68%,$0.62B,$0.03B,5.14%,$0.03B,$2.02B,1.61%,$0.03B,$1.98B,1.64%,$0.03B,$10.46B,0.31%,$0.06B,$2.02B,2.85%,$150,$86,$64,$0,$41,$126,$23,$0,$23,$9,$15,$15,$15,$0,$0,$323,323,$0.05,$0.05,$523,$0,$0,$9145,$69,$1008,$42,$197,$1316,$10461,$8287,$0,$153,$153,$8440,$3,$450,$-6,$2020,$10461,$34,$4,$17,$21,$9,$0,$0,$-6,$2,$55,$-3,$0,$0,$0,$-92,$-92,$-414,$-509,$0,$0,$0,$0,$0,$-5,$152,$147,$-307,$5,$-5
