,Date,Stock Price,Book Value per Share,Price to Book Ratio,TTM Sales per Share,Price to Sales Ratio,TTM FCF per Share,Price to FCF Ratio,TTM Net EPS,PE Ratio,Current Assets,Current Liabilities,Current Ratio,Long Term Debt,Shareholder's Equity_x,Debt to Equity Ratio,TTM Revenue_x,TTM Gross Profit,Gross Margin,TTM Revenue_y,TTM Operating Income,Operating Margin,TTM Revenue_x,TTM EBIT,EBIT Margin,TTM Revenue_y,TTM EBITDA,EBITDA Margin,TTM Revenue_x,TTM Pre-Tax Income,Pre-Tax Margin,TTM Revenue_y,TTM Net Income_x,Net Margin,TTM Net Income_y,Shareholder's Equity_y,Return on Equity,TTM Net Income_x,Tangible Equity,Return on Tangible Equity,TTM Net Income_y,Total Assets,Return on Assets,TTM Net Income,LT Investments & Debt,Return on Investment,revenue,cost-goods-sold,gross-profit,research-development-expenses,selling-general-administrative-expenses,operating-expenses,operating-income,total-non-operating-income-expense,pre-tax-income,total-provision-income-taxes,income-after-taxes,income-from-continuous-operations,net-income,ebitda,ebit,basic-shares-outstanding,shares-outstanding,eps-basic-net-earnings-per-share,eps-earnings-per-share-diluted,cash-on-hand,inventory,other-current-assets,total-current-assets,net-property-plant-equipment,long-term-investments,goodwill-intangible-assets-total,other-long-term-assets,total-long-term-assets,total-assets,total-current-liabilities,long-term-debt,other-non-current-liabilities,total-long-term-liabilities,total-liabilities,common-stock-net,retained-earnings-accumulated-deficit,comprehensive-income,total-share-holder-equity,total-liabilities-share-holders-equity,net-income-loss,total-depreciation-amortization-cash-flow,other-non-cash-items,total-non-cash-items,change-in-accounts-receivable,change-in-inventories,change-in-accounts-payable,change-in-assets-liabilities,total-change-in-assets-liabilities,cash-flow-from-operating-activities,net-change-in-property-plant-equipment,net-change-in-intangible-assets,net-acquisitions-divestitures,net-change-in-short-term-investments,net-change-in-long-term-investments,net-change-in-investments-total,investing-activities-other,cash-flow-from-investing-activities,net-long-term-debt,net-current-debt,debt-issuance-retirement-net-total,net-common-equity-issued-repurchased,net-total-equity-issued-repurchased,total-common-preferred-stock-dividends-paid,financial-activities-other,cash-flow-from-financial-activities,net-cash-flow,stock-based-compensation,common-stock-dividends-paid
0,2018-09-30,266.09,$54.55,4.88,$51.73,5.14,$17.57,15.15,$1.45,183.51,$1.24B,$0.55B,2.26,$2.08B,$2.51B,0.83,$2.40B,$1.35B,56.20%,$2.40B,$0.29B,12.20%,$2.40B,$0.29B,12.20%,$2.40B,$0.50B,20.98%,$2.40B,$0.19B,7.91%,$2.40B,$0.07B,2.83%,$0.07B,$2.51B,2.74%,$0.07B,$-1.98B,-3.26%,$0.07B,$6.20B,1.09%,$0.29B,$4.58B,6.35%,$610,$267,$343,$26,$215,$528,$82,$-27,$55,$-1,$57,$57,$57,$135,$82,$46,47,$1.23,$1.21,$356,$411,$3,$1241,$421,$0,$4486,$50,$4960,$6201,$549,$2076,$363,$3144,$3694,$47,$2353,$-289,$2507,$6201,$110,$160,$90,$250,$-30,$-20,$0,$-6,$-45,$303,$-56,$0,$-23,$0,$0,$0,$0,$-78,$-99,$0,$-99,$0,$0,$-47,$-55,$-200,$23,$16,$-47
1,2018-06-30,267.82,$53.26,5.03,$50.19,5.34,$18.13,14.77,$1.89,141.7,$1.19B,$0.54B,2.21,$2.15B,$2.43B,0.88,$2.33B,$1.30B,55.95%,$2.33B,$0.32B,13.79%,$2.33B,$0.32B,13.79%,$2.33B,$0.52B,22.22%,$2.33B,$0.22B,9.63%,$2.33B,$0.09B,3.78%,$0.09B,$2.43B,3.56%,$0.09B,$-2.09B,-4.76%,$0.09B,$6.18B,1.45%,$0.32B,$4.58B,6.93%,$610,$265,$345,$26,$230,$576,$33,$-26,$7,$10,$-3,$-3,$-2,$87,$33,$46,46,$-0.05,$-0.05,$346,$405,$3,$1185,$411,$0,$4527,$50,$4990,$6175,$536,$2145,$350,$3205,$3741,$47,$2312,$-306,$2434,$6175,$54,$107,$51,$158,$-16,$-15,$0,$-4,$-26,$182,$-38,$0,$-22,$0,$0,$0,$0,$-60,$-19,$0,$-19,$0,$0,$-31,$-53,$-102,$13,$11,$-31
2,2018-03-31,254.28,$56.34,4.51,$48.10,5.29,$18.55,13.71,$3.61,70.44,$1.21B,$0.55B,2.18,$2.15B,$2.56B,0.84,$2.25B,$1.25B,55.52%,$2.25B,$0.40B,17.72%,$2.25B,$0.40B,17.72%,$2.25B,$0.58B,25.73%,$2.25B,$0.31B,13.67%,$2.25B,$0.17B,7.48%,$0.17B,$2.56B,6.84%,$0.17B,$-2.10B,-10.48%,$0.17B,$6.30B,2.87%,$0.40B,$4.72B,8.75%,$587,$256,$331,$26,$215,$500,$87,$-26,$61,$6,$55,$55,$56,$141,$87,$45,47,$1.24,$1.20,$379,$404,$3,$1205,$390,$0,$4655,$47,$5095,$6301,$552,$2154,$300,$3188,$3740,$47,$2329,$-182,$2561,$6301,$56,$54,$12,$65,$-3,$0,$0,$-3,$-34,$87,$-16,$0,$-4,$0,$0,$0,$0,$-19,$-19,$0,$-19,$0,$0,$-15,$1,$-33,$45,$5,$-15
3,2017-12-31,247.79,$53.81,4.6,$45.99,5.39,$18.84,13.15,$3.27,75.78,$1.13B,$0.48B,2.33,$2.16B,$2.43B,0.89,$2.15B,$1.17B,54.59%,$2.15B,$0.37B,17.33%,$2.15B,$0.37B,17.33%,$2.15B,$0.53B,24.78%,$2.15B,$0.28B,13.23%,$2.15B,$0.15B,7.08%,$0.15B,$2.43B,6.41%,$0.15B,$-2.19B,-10.98%,$0.15B,$6.18B,2.72%,$0.37B,$4.59B,8.43%,$595,$264,$331,$25,$213,$504,$91,$-24,$67,$110,$-43,$-43,$-43,$141,$91,$45,47,$-0.94,$-0.91,$334,$396,$0,$1129,$383,$0,$4619,$47,$5053,$6181,$484,$2163,$379,$3267,$3751,$47,$2286,$-265,$2431,$6181,$153,$160,$-0,$160,$-11,$-22,$0,$1,$132,$426,$-71,$0,$-1762,$0,$0,$0,$0,$-1833,$1224,$0,$1224,$0,$0,$-61,$-21,$1141,$-210,$19,$-61
4,2017-09-30,240.65,$54.89,4.38,$44.02,5.47,$18.72,12.85,$5.48,43.91,$1.77B,$0.38B,4.72,$2.17B,$2.47B,0.88,$2.07B,$1.11B,53.92%,$2.07B,$0.35B,16.84%,$2.07B,$0.35B,16.84%,$2.07B,$0.49B,23.72%,$2.07B,$0.27B,12.97%,$2.07B,$0.26B,12.39%,$0.26B,$2.47B,11.14%,$0.26B,$-1.02B,-28.63%,$0.26B,$5.68B,5.10%,$0.35B,$4.65B,8.67%,$535,$239,$295,$21,$164,$424,$110,$-21,$89,$10,$79,$79,$77,$148,$110,$45,47,$1.71,$1.65,$1018,$382,$0,$1767,$374,$0,$3493,$44,$3914,$5681,$375,$2173,$73,$2834,$3208,$47,$2344,$-275,$2472,$5681,$195,$110,$18,$128,$6,$-20,$0,$-4,$10,$320,$-48,$0,$-1011,$0,$0,$0,$0,$-1058,$1216,$0,$1216,$0,$0,$-46,$-15,$1155,$474,$15,$-46
5,2017-06-30,206.28,$52.59,3.92,$42.15,4.89,$18.69,11.04,$5.23,39.44,$1.41B,$0.38B,3.74,$1.89B,$2.36B,0.8,$1.99B,$1.06B,53.40%,$1.99B,$0.32B,16.31%,$1.99B,$0.32B,16.31%,$1.99B,$0.46B,23.15%,$1.99B,$0.25B,12.73%,$1.99B,$0.25B,12.33%,$0.25B,$2.36B,11.03%,$0.25B,$-1.11B,-34.31%,$0.25B,$5.29B,5.32%,$0.32B,$4.25B,8.98%,$529,$238,$290,$20,$159,$418,$110,$-20,$90,$12,$78,$78,$78,$148,$110,$45,47,$1.73,$1.67,$676,$369,$0,$1408,$369,$0,$3467,$44,$3882,$5290,$376,$1888,$71,$2555,$2931,$47,$2282,$-319,$2359,$5290,$118,$72,$17,$89,$5,$-12,$0,$0,$-7,$198,$-31,$0,$-993,$0,$0,$0,$0,$-1024,$966,$0,$966,$0,$0,$-31,$-18,$918,$132,$10,$-31
6,2017-03-31,192.02,$49.33,3.89,$40.88,4.7,$18.63,10.31,$4.82,39.84,$1.40B,$0.39B,3.56,$1.96B,$2.22B,0.88,$1.93B,$1.03B,53.16%,$1.93B,$0.31B,16.15%,$1.93B,$0.31B,16.15%,$1.93B,$0.44B,22.93%,$1.93B,$0.23B,11.90%,$1.93B,$0.23B,11.70%,$0.23B,$2.22B,10.45%,$0.23B,$-1.22B,-42.99%,$0.23B,$5.23B,5.28%,$0.31B,$4.18B,9.44%,$488,$232,$256,$18,$164,$427,$61,$-23,$38,$-3,$40,$40,$40,$95,$61,$45,47,$0.89,$0.86,$689,$355,$0,$1395,$355,$0,$3436,$44,$3837,$5232,$392,$1958,$72,$2621,$3014,$47,$2219,$-389,$2219,$5232,$40,$34,$15,$49,$19,$-5,$0,$-1,$4,$91,$-7,$0,$-976,$0,$0,$0,$0,$-982,$1056,$0,$1056,$0,$0,$-15,$-20,$1021,$145,$4,$-15
7,2016-12-31,159.45,$48.50,3.29,$39.12,4.08,$18.06,8.83,$5.00,31.89,$1.18B,$0.43B,2.77,$0.85B,$2.14B,0.4,$1.87B,$1.00B,53.29%,$1.87B,$0.32B,17.01%,$1.87B,$0.32B,17.01%,$1.87B,$0.45B,23.97%,$1.87B,$0.25B,13.16%,$1.87B,$0.24B,12.68%,$0.24B,$2.14B,11.16%,$0.24B,$-0.23B,-71.98%,$0.24B,$3.89B,5.99%,$0.32B,$2.99B,10.82%,$514,$241,$273,$16,$144,$447,$67,$-16,$51,$-10,$61,$61,$61,$99,$67,$43,48,$1.39,$1.28,$544,$316,$3,$1183,$303,$0,$2368,$35,$2708,$3891,$428,$852,$70,$1326,$1754,$46,$2195,$-439,$2138,$3891,$238,$128,$39,$167,$-11,$6,$0,$-4,$19,$411,$-53,$0,$-4,$0,$0,$0,$0,$-57,$-43,$0,$-43,$0,$0,$-59,$-17,$-119,$205,$17,$-59
8,2016-09-30,165.88,$49.26,3.37,$38.42,4.32,$15.59,10.64,$5.79,28.65,$1.16B,$0.45B,2.57,$0.85B,$2.17B,0.39,$1.84B,$0.98B,53.42%,$1.84B,$0.35B,18.91%,$1.84B,$0.35B,18.91%,$1.84B,$0.48B,26.03%,$1.84B,$0.28B,15.11%,$1.84B,$0.28B,15.05%,$0.28B,$2.17B,13.25%,$0.28B,$-0.30B,-70.53%,$0.28B,$4.00B,7.01%,$0.35B,$3.02B,12.19%,$456,$214,$242,$15,$140,$369,$86,$-13,$74,$8,$66,$66,$66,$118,$86,$44,47,$1.51,$1.40,$499,$342,$4,$1164,$322,$0,$2470,$43,$2838,$4002,$452,$850,$87,$1379,$1832,$46,$2149,$-356,$2170,$4002,$177,$96,$21,$117,$4,$-6,$0,$1,$23,$302,$-26,$0,$-14,$0,$0,$0,$0,$-40,$-43,$0,$-43,$0,$0,$-44,$-11,$-98,$161,$13,$-44
9,2016-06-30,174.69,$48.18,3.63,$37.96,4.6,$12.49,13.98,$5.64,30.97,$1.16B,$0.42B,2.74,$0.91B,$2.12B,0.43,$1.83B,$0.97B,53.01%,$1.83B,$0.34B,18.54%,$1.83B,$0.34B,18.54%,$1.83B,$0.47B,25.66%,$1.83B,$0.27B,14.55%,$1.83B,$0.27B,14.88%,$0.27B,$2.12B,13.37%,$0.27B,$-0.36B,-59.62%,$0.27B,$4.00B,6.92%,$0.34B,$3.03B,12.34%,$474,$217,$256,$15,$143,$375,$98,$-31,$67,$8,$59,$59,$59,$131,$98,$44,47,$1.36,$1.26,$476,$338,$7,$1162,$315,$0,$2476,$45,$2838,$4000,$424,$908,$86,$1455,$1879,$46,$2097,$-356,$2122,$4000,$110,$65,$26,$90,$-10,$-3,$0,$0,$-17,$181,$-16,$0,$-3,$0,$0,$0,$0,$-19,$9,$0,$9,$0,$0,$-29,$-2,$-22,$138,$8,$-29
10,2016-03-31,154.37,$49.49,3.12,$37.34,4.13,$10.61,14.55,$5.31,29.07,$1.09B,$0.68B,1.61,$0.66B,$2.06B,0.32,$1.81B,$0.95B,52.38%,$1.81B,$0.32B,17.61%,$1.81B,$0.32B,17.61%,$1.81B,$0.45B,24.70%,$1.81B,$0.25B,13.79%,$1.81B,$0.26B,14.29%,$0.26B,$2.06B,13.01%,$0.26B,$-0.43B,-50.27%,$0.26B,$3.94B,6.57%,$0.32B,$2.72B,12.03%,$425,$200,$225,$12,$136,$357,$67,$-14,$54,$3,$51,$51,$51,$100,$67,$42,49,$1.22,$1.04,$393,$339,$7,$1085,$318,$0,$2492,$45,$2858,$3943,$675,$655,$84,$1208,$1882,$44,$2053,$-348,$2061,$3943,$51,$32,$4,$36,$-11,$-5,$0,$-4,$-17,$67,$-7,$0,$0,$0,$0,$0,$0,$-7,$-0,$0,$-0,$0,$0,$-14,$3,$-11,$54,$3,$-14
11,2015-12-31,128.94,$48.33,2.67,$37.71,3.42,$9.97,12.94,$5.08,25.38,$1.00B,$0.66B,1.51,$0.64B,$2.01B,0.32,$1.81B,$0.94B,52.15%,$1.81B,$0.32B,17.51%,$1.81B,$0.32B,17.51%,$1.81B,$0.44B,24.36%,$1.81B,$0.24B,13.48%,$1.81B,$0.25B,13.54%,$0.25B,$2.01B,12.67%,$0.25B,$-0.49B,-43.79%,$0.25B,$3.87B,6.25%,$0.32B,$2.65B,12.17%,$485,$224,$260,$13,$148,$388,$97,$-14,$83,$-8,$91,$91,$101,$130,$97,$42,48,$2.44,$2.11,$338,$330,$7,$1004,$316,$0,$2496,$54,$2868,$3872,$664,$642,$89,$1197,$1861,$44,$2016,$-371,$2011,$3872,$246,$125,$-43,$82,$0,$-8,$0,$-3,$-3,$303,$-61,$0,$-93,$0,$0,$0,$0,$-155,$-16,$0,$-16,$0,$0,$-57,$-13,$-86,$35,$14,$-57
12,2015-09-30,121.52,$46.66,2.6,$37.87,3.21,$9.72,12.5,$4.06,29.93,$1.04B,$0.66B,1.58,$0.65B,$1.94B,0.33,$1.80B,$0.93B,51.36%,$1.80B,$0.29B,16.05%,$1.80B,$0.29B,16.05%,$1.80B,$0.41B,22.82%,$1.80B,$0.21B,11.88%,$1.80B,$0.20B,10.83%,$0.20B,$1.94B,10.21%,$0.20B,$-0.55B,-32.77%,$0.20B,$3.91B,4.96%,$0.29B,$2.59B,11.14%,$444,$216,$228,$13,$139,$367,$77,$-14,$62,$1,$62,$62,$61,$108,$77,$42,49,$1.46,$1.25,$276,$346,$7,$1036,$313,$0,$2496,$62,$2872,$3908,$657,$646,$109,$1309,$1967,$44,$1929,$-350,$1941,$3908,$144,$92,$-3,$89,$-9,$-20,$0,$2,$-38,$177,$-45,$0,$-63,$0,$0,$0,$0,$-109,$-16,$0,$-16,$0,$0,$-42,$-13,$-71,$-27,$10,$-42
13,2015-06-30,132.18,$46.38,2.85,$38.53,3.43,$10.57,12.51,$3.99,33.13,$1.10B,$0.66B,1.67,$0.70B,$1.92B,0.36,$1.81B,$0.93B,51.43%,$1.81B,$0.29B,16.21%,$1.81B,$0.29B,16.21%,$1.81B,$0.42B,22.99%,$1.81B,$0.22B,11.96%,$1.81B,$0.19B,10.42%,$0.19B,$1.92B,9.85%,$0.19B,$-0.58B,-31.47%,$0.19B,$3.98B,4.76%,$0.29B,$2.62B,11.23%,$452,$219,$233,$13,$142,$375,$77,$-27,$50,$5,$45,$45,$45,$108,$77,$42,48,$1.07,$0.93,$325,$347,$7,$1103,$316,$0,$2503,$61,$2882,$3984,$662,$696,$112,$1402,$2064,$44,$1883,$-321,$1920,$3984,$84,$61,$17,$77,$-18,$-17,$0,$1,$-45,$110,$-31,$0,$-38,$0,$0,$0,$0,$-69,$37,$0,$37,$0,$0,$-28,$-9,$0,$22,$7,$-28
14,2015-03-31,117.6,$44.81,2.62,$39.22,3.0,$10.95,10.74,$4.08,28.82,$1.07B,$0.66B,1.61,$0.70B,$1.86B,0.38,$1.83B,$0.94B,51.58%,$1.83B,$0.29B,15.96%,$1.83B,$0.29B,15.96%,$1.83B,$0.42B,22.73%,$1.83B,$0.23B,12.35%,$1.83B,$0.19B,10.44%,$0.19B,$1.86B,9.87%,$0.19B,$-0.62B,-31.29%,$0.19B,$3.92B,4.78%,$0.29B,$2.56B,11.08%,$429,$207,$223,$13,$140,$364,$66,$-17,$49,$9,$39,$39,$38,$95,$66,$41,47,$0.92,$0.81,$309,$339,$7,$1071,$310,$1,$2477,$64,$2853,$3924,$664,$700,$109,$1399,$2063,$43,$1852,$-342,$1861,$3924,$39,$30,$6,$36,$-22,$-15,$0,$-5,$-28,$42,$-14,$0,$-7,$0,$0,$0,$0,$-22,$30,$0,$30,$0,$0,$-14,$-4,$12,$6,$4,$-14
15,2014-12-31,111.44,$46.18,2.41,$39.72,2.81,$11.01,10.12,$4.03,27.65,$1.00B,$0.63B,1.57,$0.70B,$1.91B,0.37,$1.84B,$0.94B,51.20%,$1.84B,$0.29B,15.49%,$1.84B,$0.29B,15.49%,$1.84B,$0.41B,22.34%,$1.84B,$0.22B,12.01%,$1.84B,$0.19B,10.22%,$0.19B,$1.91B,9.61%,$0.19B,$-0.63B,-30.04%,$0.19B,$3.92B,4.62%,$0.29B,$2.61B,10.50%,$476,$235,$241,$17,$153,$407,$69,$-17,$53,$0,$52,$52,$51,$100,$69,$41,46,$1.23,$1.08,$303,$336,$7,$996,$317,$1,$2540,$64,$2927,$3923,$633,$700,$110,$1376,$2009,$43,$1828,$-261,$1914,$3923,$189,$127,$-7,$120,$9,$-16,$0,$1,$-10,$290,$-68,$0,$-41,$0,$-0,$-0,$0,$-108,$-230,$0,$-230,$0,$0,$-56,$-1,$-288,$-129,$12,$-56
16,2014-09-30,101.64,$47.90,2.12,$39.79,2.55,$10.06,10.1,$3.73,27.25,$1.08B,$0.68B,1.59,$0.70B,$1.98B,0.35,$1.82B,$0.93B,51.02%,$1.82B,$0.27B,14.88%,$1.82B,$0.27B,14.88%,$1.82B,$0.39B,21.71%,$1.82B,$0.21B,11.46%,$1.82B,$0.17B,9.48%,$0.17B,$1.98B,8.79%,$0.17B,$-0.58B,-26.77%,$0.17B,$4.06B,4.15%,$0.27B,$2.68B,9.74%,$457,$221,$236,$15,$138,$375,$82,$-17,$65,$10,$55,$55,$55,$114,$82,$41,47,$1.32,$1.18,$286,$353,$8,$1077,$347,$1,$2560,$70,$2981,$4058,$676,$700,$106,$1398,$2074,$43,$1791,$-149,$1984,$4058,$138,$96,$0,$96,$2,$-23,$0,$-4,$-21,$209,$-43,$0,$-29,$0,$-0,$-0,$0,$-72,$-230,$0,$-230,$0,$0,$-42,$-2,$-274,$-146,$9,$-42
17,2014-06-30,101.86,$47.94,2.12,$39.55,2.58,$8.38,12.15,$3.63,28.06,$1.04B,$0.65B,1.6,$0.70B,$1.98B,0.35,$1.77B,$0.89B,50.45%,$1.77B,$0.25B,14.33%,$1.77B,$0.25B,14.33%,$1.77B,$0.37B,21.05%,$1.77B,$0.19B,10.95%,$1.77B,$0.16B,9.26%,$0.16B,$1.98B,8.51%,$0.16B,$-0.62B,-27.10%,$0.16B,$4.06B,4.02%,$0.25B,$2.68B,9.03%,$468,$224,$244,$15,$147,$393,$75,$-16,$59,$10,$49,$49,$47,$107,$75,$41,46,$1.14,$1.02,$237,$356,$9,$1041,$343,$1,$2607,$70,$3023,$4064,$652,$700,$107,$1427,$2079,$43,$1751,$-104,$1984,$4064,$83,$64,$3,$67,$1,$-16,$0,$2,$-28,$120,$-27,$0,$-29,$0,$-0,$-0,$0,$-55,$-230,$0,$-230,$0,$0,$-28,$-2,$-260,$-195,$6,$-28
18,2014-03-31,103.11,$47.02,2.19,$39.13,2.63,$6.81,15.13,$3.59,28.72,$1.22B,$0.63B,1.93,$0.93B,$1.95B,0.48,$1.72B,$0.86B,49.83%,$1.72B,$0.24B,14.10%,$1.72B,$0.24B,14.10%,$1.72B,$0.36B,20.59%,$1.72B,$0.18B,10.67%,$1.72B,$0.16B,9.22%,$0.16B,$1.95B,8.45%,$0.16B,$-0.68B,-27.77%,$0.16B,$4.24B,3.98%,$0.24B,$2.88B,8.57%,$439,$217,$221,$14,$140,$380,$59,$-15,$44,$9,$35,$35,$35,$90,$59,$41,46,$0.85,$0.76,$422,$350,$12,$1221,$329,$2,$2623,$68,$3022,$4242,$632,$930,$106,$1665,$2297,$43,$1717,$-106,$1945,$4242,$35,$31,$4,$36,$6,$-7,$0,$-6,$-26,$42,$-12,$0,$-27,$0,$-0,$-0,$0,$-39,$0,$0,$0,$0,$0,$-14,$0,$-14,$-10,$3,$-14
19,2013-12-31,89.94,$46.53,1.93,$39.12,2.3,$5.92,15.19,$3.46,25.99,$1.20B,$0.64B,1.89,$0.93B,$1.92B,0.49,$1.70B,$0.84B,49.44%,$1.70B,$0.23B,13.73%,$1.70B,$0.23B,13.73%,$1.70B,$0.34B,20.09%,$1.70B,$0.18B,10.31%,$1.70B,$0.15B,8.90%,$0.15B,$1.92B,8.21%,$0.15B,$-0.69B,-28.64%,$0.15B,$4.21B,3.92%,$0.23B,$2.85B,8.32%,$451,$226,$225,$18,$144,$396,$54,$-14,$40,$5,$35,$35,$35,$83,$54,$41,44,$0.85,$0.76,$432,$334,$10,$1201,$326,$2,$2610,$70,$3008,$4209,$635,$930,$104,$1658,$2293,$43,$1696,$-111,$1916,$4209,$152,$108,$-6,$102,$-1,$-9,$0,$-6,$-21,$231,$-64,$0,$-309,$0,$-0,$-0,$0,$-373,$305,$0,$305,$0,$0,$-56,$-18,$231,$95,$12,$-56
20,2013-09-30,78.57,$45.26,1.74,$39.06,2.01,$5.24,14.98,$3.39,23.18,$1.11B,$0.27B,4.15,$0.98B,$1.86B,0.53,$1.67B,$0.81B,48.83%,$1.67B,$0.24B,14.23%,$1.67B,$0.24B,14.23%,$1.67B,$0.34B,20.54%,$1.67B,$0.18B,10.75%,$1.67B,$0.15B,8.71%,$0.15B,$1.86B,8.03%,$0.15B,$-0.43B,-30.04%,$0.15B,$3.79B,3.88%,$0.24B,$2.84B,8.54%,$414,$210,$204,$16,$115,$348,$66,$-15,$51,$5,$46,$46,$47,$93,$66,$41,43,$1.13,$1.08,$326,$346,$10,$1110,$321,$2,$2290,$65,$2678,$3788,$268,$981,$107,$1658,$1926,$43,$1676,$-138,$1862,$3788,$117,$79,$-1,$78,$-12,$-24,$0,$-5,$-51,$136,$-55,$0,$-40,$0,$-0,$-0,$0,$-95,$7,$0,$7,$5,$5,$-42,$-23,$-54,$-11,$8,$-42
21,2013-06-30,73.67,$43.81,1.68,$38.36,1.92,$5.61,13.13,$2.83,26.03,$1.06B,$0.26B,4.01,$0.97B,$1.80B,0.54,$1.62B,$0.79B,48.80%,$1.62B,$0.22B,13.65%,$1.62B,$0.22B,13.65%,$1.62B,$0.32B,19.95%,$1.62B,$0.16B,9.88%,$1.62B,$0.12B,7.41%,$0.12B,$1.80B,6.75%,$0.12B,$-0.49B,-26.77%,$0.12B,$3.72B,3.24%,$0.22B,$2.77B,8.05%,$420,$211,$209,$17,$116,$356,$64,$-14,$49,$6,$43,$43,$42,$89,$64,$41,43,$1.03,$0.98,$281,$349,$8,$1057,$311,$2,$2293,$61,$2667,$3724,$263,$971,$119,$1659,$1923,$43,$1643,$-163,$1802,$3724,$70,$52,$-4,$48,$-18,$-29,$0,$0,$-53,$56,$-37,$0,$-37,$0,$-0,$-0,$0,$-74,$0,$0,$0,$4,$4,$-28,$-10,$-34,$-56,$6,$-28
22,2013-03-31,80.0,$43.19,1.85,$38.02,2.1,$6.63,12.06,$2.89,27.68,$1.06B,$0.26B,4.04,$0.97B,$1.78B,0.55,$1.58B,$0.77B,48.36%,$1.58B,$0.22B,13.97%,$1.58B,$0.22B,13.97%,$1.58B,$0.32B,20.29%,$1.58B,$0.16B,9.99%,$1.58B,$0.12B,7.65%,$0.12B,$1.78B,6.91%,$0.12B,$-0.50B,-29.46%,$0.12B,$3.69B,3.29%,$0.22B,$2.74B,8.14%,$412,$211,$201,$15,$127,$362,$49,$-14,$35,$8,$28,$28,$27,$76,$49,$41,43,$0.66,$0.63,$307,$333,$8,$1058,$301,$2,$2271,$62,$2636,$3694,$261,$968,$121,$1657,$1919,$43,$1615,$-158,$1775,$3694,$27,$26,$2,$28,$-16,$-14,$0,$-0,$-43,$5,$-16,$0,$2,$0,$0,$0,$0,$-14,$0,$0,$0,$5,$5,$-14,$-7,$-16,$-30,$3,$-14
23,2012-12-31,67.22,$41.33,1.63,$37.79,1.78,$7.19,9.35,$-4.70,0.0,$1.07B,$0.28B,3.9,$0.97B,$1.78B,0.54,$1.55B,$0.75B,48.23%,$1.55B,$-0.10B,-6.32%,$1.55B,$-0.10B,-6.32%,$1.55B,$0.33B,21.21%,$1.55B,$-0.17B,-10.64%,$1.55B,$-0.19B,-12.25%,$-0.19B,$1.78B,-10.93%,$-0.19B,$-0.52B,53.63%,$-0.19B,$3.73B,-5.18%,$-0.10B,$2.75B,-3.63%,$419,$220,$199,$16,$122,$361,$58,$-14,$44,$13,$31,$31,$29,$84,$58,$41,41,$0.74,$0.75,$337,$323,$8,$1073,$298,$2,$2297,$62,$2660,$3734,$275,$965,$122,$1677,$1952,$43,$1601,$-132,$1782,$3734,$-189,$427,$-24,$403,$-3,$-2,$0,$10,$-15,$195,$-65,$0,$-303,$0,$-0,$-0,$0,$-368,$0,$-1,$-1,$0,$0,$-56,$-9,$-66,$-247,$9,$-56
24,2012-09-30,64.57,$42.89,1.51,$37.21,1.74,$5.25,12.3,$-1.30,0.0,$1.29B,$0.25B,5.2,$0.96B,$1.76B,0.55,$1.53B,$0.74B,48.20%,$1.53B,$-0.09B,-6.09%,$1.53B,$-0.09B,-6.09%,$1.53B,$0.33B,21.74%,$1.53B,$-0.17B,-10.87%,$1.53B,$-0.05B,-3.34%,$-0.05B,$1.76B,-2.85%,$-0.05B,$-0.29B,16.49%,$-0.05B,$3.67B,-1.37%,$-0.09B,$2.72B,-3.39%,$368,$187,$181,$15,$115,$318,$50,$-18,$32,$7,$24,$24,$22,$74,$50,$41,42,$0.53,$0.52,$635,$296,$8,$1293,$267,$2,$2045,$63,$2378,$3671,$249,$963,$132,$1667,$1915,$43,$1586,$-139,$1755,$3671,$-219,$401,$-15,$386,$2,$-5,$0,$10,$-26,$139,$-46,$0,$11,$0,$-0,$-0,$0,$-35,$0,$-1,$-1,$8,$8,$-42,$-7,$-42,$51,$6,$-42
25,2012-06-30,56.82,$41.40,1.37,$37.20,1.53,$3.81,14.91,$-0.75,0.0,$1.25B,$0.24B,5.15,$0.96B,$1.69B,0.57,$1.52B,$0.73B,48.03%,$1.52B,$-0.08B,-5.32%,$1.52B,$-0.08B,-5.32%,$1.52B,$0.34B,22.60%,$1.52B,$-0.16B,-10.18%,$1.52B,$-0.03B,-1.91%,$-0.03B,$1.69B,-1.58%,$-0.03B,$-0.34B,8.49%,$-0.03B,$3.61B,-0.77%,$-0.08B,$2.65B,-2.90%,$383,$199,$184,$14,$106,$319,$64,$-17,$47,$-0,$47,$47,$43,$87,$64,$41,41,$1.04,$1.04,$545,$285,$54,$1250,$254,$2,$2034,$68,$2357,$3607,$243,$960,$132,$1672,$1915,$43,$1578,$-188,$1692,$3607,$-241,$378,$-14,$364,$-13,$3,$0,$8,$-31,$89,$-29,$0,$-39,$0,$0,$0,$0,$-67,$0,$-1,$-1,$4,$4,$-28,$-7,$-31,$-39,$4,$-28
26,2012-03-31,56.73,$42.19,1.34,$37.19,1.53,$2.90,19.59,$-0.96,0.0,$1.32B,$0.28B,4.8,$0.96B,$1.72B,0.56,$1.52B,$0.73B,47.89%,$1.52B,$-0.09B,-5.86%,$1.52B,$-0.09B,-5.86%,$1.52B,$0.34B,22.17%,$1.52B,$-0.16B,-10.66%,$1.52B,$-0.04B,-2.50%,$-0.04B,$1.72B,-2.00%,$-0.04B,$-0.27B,10.36%,$-0.04B,$3.65B,-0.99%,$-0.09B,$2.68B,-3.12%,$381,$196,$184,$12,$112,$651,$-270,$-18,$-288,$-4,$-284,$-284,$-284,$84,$-270,$41,41,$-6.96,$-6.96,$591,$299,$8,$1323,$263,$2,$1991,$70,$2327,$3650,$275,$957,$96,$1653,$1928,$43,$1550,$-125,$1722,$3650,$-284,$355,$-12,$343,$-19,$2,$0,$-2,$-30,$26,$-13,$0,$0,$0,$0,$0,$0,$-13,$0,$-0,$-0,$2,$2,$-14,$0,$-13,$7,$2,$-14
27,2011-12-31,56.53,$46.19,1.22,$36.61,1.54,$2.61,21.65,$7.92,7.14,$1.28B,$0.27B,4.72,$0.96B,$1.98B,0.48,$1.49B,$0.71B,47.49%,$1.49B,$0.23B,15.47%,$1.49B,$0.23B,15.47%,$1.49B,$0.33B,21.90%,$1.49B,$0.15B,9.71%,$1.49B,$0.32B,21.70%,$0.32B,$1.98B,16.70%,$0.32B,$-0.34B,-76.01%,$0.32B,$3.92B,8.44%,$0.23B,$2.94B,8.08%,$395,$207,$187,$13,$109,$332,$63,$-19,$43,$2,$41,$41,$168,$87,$63,$41,41,$4.13,$4.10,$584,$299,$8,$1280,$252,$2,$2318,$71,$2644,$3924,$271,$955,$100,$1670,$1941,$43,$1847,$-159,$1983,$3924,$325,$96,$-208,$-112,$-44,$-34,$0,$-8,$-116,$94,$-45,$0,$351,$0,$-0,$-0,$0,$307,$59,$-25,$34,$34,$34,$-55,$-24,$-11,$376,$5,$-55
28,2011-09-30,49.31,$47.58,1.04,$35.06,1.41,$4.23,11.64,$5.83,8.46,$1.19B,$0.38B,3.09,$0.95B,$1.94B,0.49,$1.43B,$0.68B,47.93%,$1.43B,$0.21B,15.02%,$1.43B,$0.21B,15.02%,$1.43B,$0.31B,21.54%,$1.43B,$0.11B,7.79%,$1.43B,$0.24B,16.63%,$0.24B,$1.94B,12.53%,$0.24B,$-0.42B,-48.79%,$0.24B,$3.87B,6.29%,$0.21B,$2.89B,7.71%,$363,$187,$176,$12,$102,$301,$62,$-19,$43,$10,$33,$33,$44,$86,$62,$41,41,$1.07,$1.07,$372,$311,$118,$1186,$251,$2,$2355,$75,$2682,$3869,$384,$952,$101,$1548,$1932,$43,$1693,$-51,$1937,$3869,$157,$73,$-61,$12,$-41,$-42,$0,$-7,$-106,$60,$-27,$0,$70,$0,$0,$0,$0,$43,$59,$0,$59,$33,$33,$-41,$-19,$32,$163,$2,$-41
29,2011-06-30,55.62,$47.96,1.16,$34.77,1.6,$5.48,10.15,$5.31,10.47,$1.15B,$0.36B,3.15,$0.95B,$1.95B,0.49,$1.41B,$0.67B,47.90%,$1.41B,$0.21B,14.57%,$1.41B,$0.21B,14.57%,$1.41B,$0.30B,21.18%,$1.41B,$0.07B,5.05%,$1.41B,$0.22B,15.28%,$0.22B,$1.95B,11.71%,$0.22B,$-0.44B,-39.52%,$0.22B,$3.88B,5.73%,$0.21B,$2.90B,7.57%,$381,$200,$181,$12,$110,$325,$56,$-16,$40,$8,$31,$31,$34,$80,$56,$41,41,$0.84,$0.83,$366,$294,$115,$1149,$255,$2,$2393,$78,$2729,$3878,$364,$950,$106,$1564,$1928,$43,$1663,$-4,$1950,$3878,$113,$48,$-48,$1,$-37,$-18,$0,$-4,$-76,$38,$-15,$0,$70,$0,$0,$0,$0,$55,$59,$0,$59,$31,$31,$-27,$-19,$43,$157,$1,$-27
30,2011-03-31,52.53,$46.98,1.12,$34.33,1.53,$6.57,8.0,$5.97,8.8,$0.93B,$0.34B,2.71,$0.82B,$1.89B,0.44,$1.38B,$0.67B,48.19%,$1.38B,$0.21B,15.39%,$1.38B,$0.21B,15.39%,$1.38B,$0.30B,21.97%,$1.38B,$0.08B,5.49%,$1.38B,$0.24B,17.41%,$0.24B,$1.89B,13.82%,$0.24B,$-0.51B,-38.78%,$0.24B,$3.68B,6.49%,$0.21B,$2.71B,8.00%,$354,$190,$165,$11,$103,$304,$50,$-31,$19,$5,$14,$14,$78,$74,$50,$40,40,$1.94,$1.92,$202,$320,$40,$926,$274,$5,$2397,$77,$2753,$3679,$342,$822,$121,$1448,$1790,$42,$1643,$-20,$1889,$3679,$78,$25,$-52,$-28,$-23,$-11,$0,$-0,$-44,$7,$-6,$0,$71,$0,$0,$0,$0,$65,$-66,$0,$-66,$7,$7,$-14,$-15,$-87,$-6,$-1,$-14
31,2010-12-31,48.47,$44.69,1.08,$34.71,1.4,$7.22,6.71,$4.99,9.71,$0.92B,$0.42B,2.19,$0.81B,$1.79B,0.46,$1.40B,$0.68B,48.60%,$1.40B,$0.23B,16.46%,$1.40B,$0.23B,16.46%,$1.40B,$0.32B,22.91%,$1.40B,$0.11B,7.52%,$1.40B,$0.20B,14.39%,$0.20B,$1.79B,12.05%,$0.20B,$-0.57B,-28.15%,$0.20B,$3.64B,5.37%,$0.23B,$2.60B,8.63%,$327,$166,$161,$12,$102,$281,$46,$-37,$9,$-2,$11,$11,$81,$67,$46,$40,40,$2.02,$2.01,$208,$339,$8,$921,$288,$5,$2361,$68,$2722,$3643,$421,$813,$109,$1435,$1856,$42,$1579,$-52,$1787,$3643,$202,$90,$-58,$32,$-50,$-21,$0,$-8,$-66,$144,$-29,$0,$181,$0,$0,$0,$0,$152,$-227,$30,$-197,$11,$11,$-54,$-95,$-335,$20,$9,$-54
32,2010-09-30,50.83,$42.99,1.18,$29.47,1.72,$6.72,7.56,$4.05,12.55,$1.04B,$0.47B,2.24,$0.90B,$1.72B,0.53,$1.19B,$0.62B,52.41%,$1.19B,$0.25B,20.76%,$1.19B,$0.25B,20.76%,$1.19B,$0.33B,27.43%,$1.19B,$0.14B,11.81%,$1.19B,$0.16B,13.76%,$0.16B,$1.72B,10.07%,$0.16B,$-0.65B,-20.84%,$0.16B,$3.80B,4.30%,$0.25B,$2.62B,9.08%,$345,$178,$167,$11,$102,$292,$53,$-50,$3,$-8,$11,$11,$22,$77,$53,$40,40,$0.56,$0.55,$248,$360,$11,$1043,$292,$13,$2368,$82,$2755,$3798,$465,$904,$160,$1615,$2081,$42,$1511,$-49,$1717,$3798,$121,$68,$24,$93,$-48,$-18,$0,$2,$-83,$104,$-21,$0,$76,$0,$0,$0,$0,$55,$-61,$35,$-26,$8,$8,$-41,$-77,$-136,$59,$7,$-41
33,2010-06-30,48.27,$39.62,1.22,$31.93,1.51,$5.94,8.13,$4.46,10.82,$1.04B,$0.32B,3.22,$1.13B,$1.58B,0.71,$1.28B,$0.65B,50.74%,$1.28B,$0.26B,20.37%,$1.28B,$0.26B,20.37%,$1.28B,$0.34B,26.70%,$1.28B,$0.18B,14.36%,$1.28B,$0.18B,13.97%,$0.18B,$1.58B,11.35%,$0.18B,$-0.75B,-20.78%,$0.18B,$3.74B,4.72%,$0.26B,$2.71B,9.47%,$358,$184,$174,$10,$100,$294,$64,$-19,$45,$12,$32,$32,$60,$86,$64,$40,40,$1.51,$1.49,$287,$337,$8,$1035,$291,$14,$2335,$68,$2708,$3744,$321,$1128,$149,$1841,$2162,$42,$1503,$-121,$1582,$3744,$98,$45,$-5,$40,$-51,$-5,$0,$2,$-59,$80,$-14,$0,$75,$0,$0,$0,$0,$61,$-64,$40,$-24,$8,$8,$-27,$-1,$-44,$99,$4,$-27
34,2010-03-31,56.66,$39.84,1.42,$34.05,1.66,$3.25,17.44,$3.13,18.1,$0.99B,$0.32B,3.06,$1.14B,$1.59B,0.72,$1.36B,$0.67B,49.49%,$1.36B,$0.26B,18.80%,$1.36B,$0.26B,18.80%,$1.36B,$0.35B,25.48%,$1.36B,$0.18B,13.07%,$1.36B,$0.13B,9.18%,$0.13B,$1.59B,8.07%,$0.13B,$-0.88B,-13.40%,$0.13B,$3.77B,3.29%,$0.26B,$2.73B,9.25%,$367,$190,$177,$9,$101,$301,$67,$-19,$48,$14,$34,$34,$38,$90,$67,$40,40,$0.95,$0.94,$211,$354,$9,$989,$306,$14,$2466,$0,$2785,$3774,$323,$1141,$156,$1863,$2187,$42,$1456,$-62,$1588,$3774,$38,$23,$7,$30,$-43,$0,$0,$-2,$-34,$34,$-7,$0,$25,$0,$0,$0,$0,$18,$-51,$40,$-11,$4,$4,$-14,$0,$-21,$22,$2,$-14
35,2009-12-31,47.4,$39.87,1.19,$35.95,1.32,$2.21,21.49,$7.60,6.24,$1.00B,$0.34B,2.98,$1.19B,$1.59B,0.75,$1.44B,$0.69B,47.74%,$1.44B,$0.25B,17.42%,$1.44B,$0.25B,17.42%,$1.44B,$0.35B,24.11%,$1.44B,$0.16B,11.43%,$1.44B,$0.30B,21.11%,$0.30B,$1.59B,20.18%,$0.30B,$-0.85B,-30.60%,$0.30B,$3.84B,7.96%,$0.25B,$2.78B,9.05%,$115,$12,$103,$11,$40,$53,$62,$-17,$44,$9,$35,$35,$43,$72,$62,$40,40,$1.08,$1.07,$188,$361,$9,$1004,$317,$12,$2431,$74,$2835,$3839,$337,$1192,$161,$1917,$2254,$42,$1432,$-34,$1585,$3839,$314,$95,$-152,$-56,$-4,$5,$0,$-1,$-138,$120,$-26,$0,$314,$0,$0,$0,$0,$287,$-348,$-1,$-349,$2,$2,$-54,$-0,$-402,$81,$8,$-54
36,2009-09-30,42.21,$39.11,1.08,$40.76,1.04,$1.14,37.1,$7.02,6.01,$0.95B,$0.33B,2.9,$1.25B,$1.55B,0.8,$1.63B,$0.73B,44.65%,$1.63B,$0.22B,13.78%,$1.63B,$0.22B,13.78%,$1.63B,$0.33B,20.48%,$1.63B,$0.13B,7.75%,$1.63B,$0.28B,17.22%,$0.28B,$1.55B,19.62%,$0.28B,$-0.97B,-25.49%,$0.28B,$3.81B,7.31%,$0.22B,$2.80B,8.15%,$441,$244,$196,$10,$114,$372,$68,$-21,$47,$13,$34,$34,$38,$94,$68,$40,40,$0.96,$0.96,$159,$395,$9,$946,$327,$12,$2522,$0,$2861,$3808,$326,$1249,$166,$1928,$2254,$42,$1403,$-33,$1554,$3808,$271,$85,$-128,$-43,$5,$2,$0,$2,$-157,$71,$-20,$0,$314,$0,$0,$0,$0,$294,$-290,$-1,$-291,$1,$1,$-41,$-1,$-332,$52,$7,$-41
37,2009-06-30,38.89,$36.92,1.05,$42.34,0.92,$0.44,88.5,$7.12,5.46,$0.93B,$0.34B,2.72,$1.30B,$1.47B,0.89,$1.69B,$0.74B,43.81%,$1.69B,$0.23B,13.50%,$1.69B,$0.23B,13.50%,$1.69B,$0.34B,19.89%,$1.69B,$0.12B,7.22%,$1.69B,$0.28B,16.81%,$0.28B,$1.47B,20.50%,$0.28B,$-1.04B,-24.24%,$0.28B,$3.78B,7.28%,$0.23B,$2.77B,8.24%,$439,$241,$198,$8,$118,$380,$59,$-21,$39,$5,$33,$33,$6,$91,$59,$40,40,$0.16,$0.16,$114,$411,$9,$928,$329,$16,$2505,$0,$2851,$3779,$341,$1300,$164,$1971,$2312,$42,$1378,$-92,$1467,$3779,$232,$59,$-140,$-80,$1,$-11,$0,$1,$-183,$-28,$-14,$0,$299,$0,$0,$0,$0,$285,$-239,$-1,$-240,$0,$0,$-27,$-0,$-267,$7,$4,$-27
38,2009-03-31,33.65,$35.25,0.95,$45.39,0.74,$0.70,48.2,$7.84,4.29,$0.94B,$0.43B,2.19,$1.30B,$0.00B,0.0,$1.81B,$0.78B,42.87%,$1.81B,$0.24B,13.43%,$1.81B,$0.24B,13.43%,$1.81B,$0.35B,19.17%,$1.81B,$0.13B,6.96%,$1.81B,$0.31B,17.29%,$0.31B,$1.40B,22.90%,$0.31B,$-1.11B,-25.31%,$0.31B,$3.81B,7.82%,$0.24B,$2.70B,8.70%,$440,$252,$188,$8,$117,$379,$61,$-28,$34,$9,$25,$25,$216,$89,$61,$40,40,$5.43,$5.40,$143,$407,$8,$942,$332,$16,$2509,$0,$2865,$3806,$431,$1300,$176,$1974,$2405,$0,$0,$0,$1401,$3806,$226,$27,$-196,$-169,$-16,$-11,$0,$2,$-65,$-8,$-7,$0,$296,$0,$0,$0,$0,$289,$-239,$-1,$-240,$0,$0,$-14,$-0,$-253,$36,$2,$-14
39,2008-12-31,42.81,$30.62,1.4,$48.00,0.89,$0.36,120.44,$3.01,14.22,$0.96B,$0.53B,1.82,$1.44B,$1.29B,1.12,$1.91B,$0.80B,41.89%,$1.91B,$0.24B,12.50%,$1.91B,$0.24B,12.50%,$1.91B,$0.34B,17.99%,$1.91B,$0.12B,6.22%,$1.91B,$0.12B,6.28%,$0.12B,$1.29B,8.85%,$0.12B,$-1.28B,-9.23%,$0.12B,$3.93B,2.93%,$0.24B,$2.72B,8.44%,$306,$162,$144,$0,$60,$271,$36,$-29,$6,$-2,$8,$15,$20,$59,$36,$40,40,$0.50,$0.49,$107,$425,$8,$957,$374,$28,$2565,$0,$2969,$3927,$526,$1438,$183,$2115,$2641,$42,$1183,$-108,$1286,$3927,$155,$106,$-87,$18,$14,$-13,$0,$5,$-103,$84,$-33,$0,$3,$0,$-0,$-0,$0,$-30,$-134,$-0,$-134,$8,$8,$-53,$-1,$-181,$-94,$8,$-53
40,2008-09-30,53.86,$34.92,1.54,$46.02,1.17,$3.99,13.5,$4.18,12.89,$1.01B,$0.53B,1.91,$1.49B,$0.00B,0.0,$1.83B,$0.77B,42.08%,$1.83B,$0.17B,9.45%,$1.83B,$0.17B,9.45%,$1.83B,$0.28B,15.46%,$1.83B,$0.04B,2.08%,$1.83B,$0.17B,9.02%,$0.17B,$1.39B,12.07%,$0.17B,$-1.26B,-12.43%,$0.17B,$4.10B,3.96%,$0.17B,$2.88B,6.03%,$504,$294,$210,$0,$138,$432,$72,$-28,$43,$14,$30,$30,$42,$97,$72,$40,40,$1.07,$1.06,$91,$430,$3,$1006,$413,$27,$2648,$0,$3091,$4097,$527,$1488,$170,$2184,$2711,$0,$0,$0,$1387,$4097,$126,$82,$-42,$41,$-7,$-10,$0,$9,$-135,$48,$-26,$0,$1,$0,$-0,$-0,$0,$-25,$-108,$2,$-106,$8,$8,$-40,$-1,$-139,$-110,$6,$-40
41,2008-06-30,46.91,$35.15,1.33,$45.05,1.04,$6.55,7.16,$1.67,28.09,$1.02B,$0.62B,1.65,$1.47B,$0.00B,0.0,$1.79B,$0.71B,40.00%,$1.79B,$0.15B,8.63%,$1.79B,$0.15B,8.63%,$1.79B,$0.25B,14.23%,$1.79B,$0.04B,2.41%,$1.79B,$0.07B,3.70%,$0.07B,$1.39B,4.92%,$0.07B,$-1.30B,-7.38%,$0.07B,$4.17B,1.73%,$0.15B,$2.87B,5.96%,$560,$325,$234,$0,$157,$485,$74,$-31,$43,$14,$29,$29,$35,$102,$74,$40,40,$0.88,$0.88,$103,$420,$3,$1015,$429,$28,$2692,$0,$3156,$4171,$617,$1474,$171,$2160,$2777,$0,$0,$0,$1394,$4171,$74,$57,$-26,$31,$-10,$2,$0,$6,$-122,$-15,$-17,$0,$-6,$0,$-0,$-0,$0,$-23,$-39,$-1,$-40,$6,$6,$-26,$-0,$-61,$-98,$4,$-26
42,2008-03-31,40.02,$34.25,1.17,$42.40,0.94,$9.52,4.2,$3.16,12.67,$1.02B,$0.66B,1.56,$1.50B,$0.00B,0.0,$1.68B,$0.64B,38.34%,$1.68B,$0.14B,8.29%,$1.68B,$0.14B,8.29%,$1.68B,$0.23B,13.48%,$1.68B,$0.05B,2.92%,$1.68B,$0.13B,7.45%,$0.13B,$1.36B,9.42%,$0.13B,$-1.36B,-28.33%,$0.13B,$4.21B,3.67%,$0.14B,$2.86B,5.99%,$542,$329,$213,$0,$148,$485,$57,$-30,$27,$12,$15,$8,$23,$86,$57,$39,40,$0.58,$0.58,$154,$412,$4,$1024,$431,$28,$2719,$0,$3185,$4209,$655,$1499,$190,$2197,$2852,$0,$0,$0,$1356,$4209,$30,$29,$-13,$16,$-29,$16,$0,$1,$-69,$-20,$-7,$0,$-0,$0,$-0,$-0,$0,$-8,$-13,$10,$-3,$2,$2,$-13,$-0,$-15,$-47,$2,$-13
43,2007-12-31,52.26,$33.68,1.55,$39.93,1.31,$10.96,4.77,$3.70,14.12,$1.01B,$0.65B,1.55,$1.54B,$1.33B,1.16,$1.58B,$0.59B,37.52%,$1.58B,$0.15B,9.21%,$1.58B,$0.15B,9.21%,$1.58B,$0.22B,13.78%,$1.58B,$0.08B,4.95%,$1.58B,$0.15B,9.27%,$0.15B,$1.33B,11.30%,$0.15B,$-1.39B,1536.84%,$0.15B,$4.19B,4.93%,$0.15B,$2.87B,7.13%,$224,$111,$113,$0,$110,$254,$-30,$-45,$-75,$-18,$-57,$-36,$65,$-2,$-30,$39,39,$1.66,$1.69,$201,$419,$4,$1010,$431,$27,$2713,$0,$3178,$4188,$653,$1541,$164,$2206,$2859,$42,$1118,$57,$1329,$4188,$177,$72,$-81,$-9,$1,$56,$0,$-1,$61,$234,$-41,$0,$-1472,$0,$0,$0,$0,$-1513,$1157,$1,$1158,$24,$24,$-49,$-22,$1111,$-47,$7,$-49
44,2007-09-30,64.31,$32.66,1.97,$45.66,1.41,$10.06,6.39,$3.00,21.44,$1.41B,$0.54B,2.59,$0.46B,$0.00B,0.0,$1.80B,$0.64B,35.28%,$1.80B,$0.23B,12.72%,$1.80B,$0.23B,12.72%,$1.80B,$0.27B,14.72%,$1.80B,$0.20B,10.94%,$1.80B,$0.12B,6.61%,$0.12B,$1.29B,9.47%,$0.12B,$0.47B,25.88%,$0.12B,$2.65B,4.75%,$0.23B,$1.75B,13.19%,$459,$305,$154,$0,$96,$405,$53,$-5,$48,$104,$-56,$-63,$-57,$68,$53,$39,39,$-1.45,$-1.45,$498,$421,$3,$1408,$389,$28,$820,$0,$1241,$2649,$544,$456,$96,$814,$1359,$0,$0,$0,$1290,$2649,$81,$44,$-45,$-1,$-24,$-4,$0,$-10,$75,$153,$-30,$0,$99,$0,$-5,$-5,$0,$63,$19,$-11,$8,$23,$23,$-36,$-21,$-27,$249,$6,$-36
45,2007-06-30,67.21,$33.79,1.99,$49.32,1.36,$11.00,6.11,$5.36,12.54,$1.35B,$0.50B,2.71,$0.49B,$0.00B,0.0,$1.95B,$0.66B,34.00%,$1.95B,$0.24B,12.33%,$1.95B,$0.24B,12.33%,$1.95B,$0.29B,14.64%,$1.95B,$0.21B,10.53%,$1.95B,$0.21B,10.89%,$0.21B,$1.33B,17.28%,$0.21B,$0.51B,47.30%,$0.21B,$2.59B,8.72%,$0.24B,$1.82B,14.01%,$452,$289,$163,$0,$104,$394,$59,$-10,$49,$9,$40,$33,$94,$74,$59,$39,40,$2.39,$2.37,$445,$417,$3,$1350,$388,$28,$818,$0,$1240,$2589,$497,$486,$93,$761,$1259,$0,$0,$0,$1331,$2589,$138,$30,$-52,$-22,$-23,$-14,$0,$1,$-9,$107,$-21,$0,$99,$0,$-6,$-6,$0,$73,$-0,$-8,$-9,$20,$20,$-24,$0,$-12,$196,$4,$-24
46,2007-03-31,55.71,$31.12,1.79,$53.98,1.03,$11.18,4.98,$3.89,14.32,$1.23B,$0.46B,2.71,$0.49B,$0.00B,0.0,$2.15B,$0.70B,32.45%,$2.15B,$0.24B,11.28%,$2.15B,$0.24B,11.28%,$2.15B,$0.29B,13.71%,$2.15B,$0.21B,9.60%,$2.15B,$0.16B,7.23%,$0.16B,$1.22B,12.96%,$0.16B,$0.44B,35.59%,$0.16B,$2.43B,6.50%,$0.24B,$1.71B,14.37%,$440,$279,$161,$0,$98,$378,$63,$-7,$56,$15,$41,$34,$44,$77,$63,$39,39,$1.13,$1.12,$255,$402,$82,$1232,$392,$23,$779,$0,$1200,$2431,$455,$488,$92,$757,$1212,$0,$0,$0,$1219,$2431,$44,$14,$-2,$12,$-30,$-9,$0,$2,$-17,$39,$-10,$0,$8,$0,$0,$0,$0,$-1,$-0,$-9,$-9,$4,$4,$-11,$0,$-17,$6,$2,$-11
47,2006-12-31,52.62,$30.48,1.73,$57.57,0.91,$10.92,4.82,$3.49,15.08,$1.14B,$0.45B,2.54,$0.49B,$1.19B,0.41,$2.31B,$0.71B,30.98%,$2.31B,$0.23B,10.11%,$2.31B,$0.23B,10.11%,$2.31B,$0.29B,12.71%,$2.31B,$0.20B,8.50%,$2.31B,$0.14B,6.07%,$0.14B,$1.19B,11.85%,$0.14B,$0.42B,32.83%,$0.14B,$2.36B,5.90%,$0.23B,$1.68B,13.93%,$449,$292,$157,$0,$97,$395,$54,$-10,$44,$9,$35,$29,$38,$46,$54,$39,39,$0.97,$0.96,$248,$416,$10,$1140,$422,$23,$773,$0,$1222,$2361,$448,$487,$72,$724,$1172,$41,$1035,$30,$1189,$2361,$139,$60,$-8,$52,$31,$5,$0,$-8,$6,$198,$-41,$0,$-40,$0,$3,$3,$0,$-78,$-55,$-60,$-115,$-82,$-82,$-44,$-0,$-241,$9,$6,$-44
