,Date,Stock Price,Book Value per Share,Price to Book Ratio,TTM Sales per Share,Price to Sales Ratio,TTM FCF per Share,Price to FCF Ratio,TTM Net EPS,PE Ratio,Current Assets,Current Liabilities,Current Ratio,Long Term Debt,Shareholder's Equity_x,Debt to Equity Ratio,TTM Revenue_x,TTM Gross Profit,Gross Margin,TTM Revenue_y,TTM Operating Income,Operating Margin,TTM Revenue_x,TTM EBIT,EBIT Margin,TTM Revenue_y,TTM EBITDA,EBITDA Margin,TTM Revenue_x,TTM Pre-Tax Income,Pre-Tax Margin,TTM Revenue_y,TTM Net Income_x,Net Margin,TTM Net Income_y,Shareholder's Equity_y,Return on Equity,TTM Net Income_x,Tangible Equity,Return on Tangible Equity,TTM Net Income_y,Total Assets,Return on Assets,TTM Net Income,LT Investments & Debt,Return on Investment,revenue,cost-goods-sold,gross-profit,research-development-expenses,selling-general-administrative-expenses,operating-expenses,operating-income,total-non-operating-income-expense,pre-tax-income,total-provision-income-taxes,income-after-taxes,income-from-continuous-operations,net-income,ebitda,ebit,basic-shares-outstanding,shares-outstanding,eps-basic-net-earnings-per-share,eps-earnings-per-share-diluted,cash-on-hand,inventory,other-current-assets,total-current-assets,net-property-plant-equipment,long-term-investments,goodwill-intangible-assets-total,other-long-term-assets,total-long-term-assets,total-assets,total-current-liabilities,long-term-debt,other-non-current-liabilities,total-long-term-liabilities,total-liabilities,common-stock-net,retained-earnings-accumulated-deficit,comprehensive-income,total-share-holder-equity,total-liabilities-share-holders-equity,net-income-loss,total-depreciation-amortization-cash-flow,other-non-cash-items,total-non-cash-items,change-in-accounts-receivable,change-in-inventories,change-in-accounts-payable,change-in-assets-liabilities,total-change-in-assets-liabilities,cash-flow-from-operating-activities,net-change-in-property-plant-equipment,net-change-in-intangible-assets,net-acquisitions-divestitures,net-change-in-short-term-investments,net-change-in-long-term-investments,net-change-in-investments-total,investing-activities-other,cash-flow-from-investing-activities,net-long-term-debt,net-current-debt,debt-issuance-retirement-net-total,net-common-equity-issued-repurchased,net-total-equity-issued-repurchased,total-common-preferred-stock-dividends-paid,financial-activities-other,cash-flow-from-financial-activities,net-cash-flow,stock-based-compensation,common-stock-dividends-paid
0,2018-09-30,21.65,$9.91,2.18,$32.11,0.67,$5.48,3.95,$-0.58,0.0,$0.27B,$0.17B,1.55,$0.09B,$0.33B,0.28,$1.06B,$0.19B,17.81%,$1.06B,$-0.03B,-2.45%,$1.06B,$-0.03B,-2.45%,$1.06B,$0.06B,5.37%,$1.06B,$-0.08B,-7.54%,$1.06B,$-0.02B,-1.79%,$-0.02B,$0.33B,-5.42%,$-0.02B,$0.21B,-9.73%,$-0.02B,$0.69B,-2.57%,$-0.03B,$0.42B,-5.45%,$265,$227,$38,$5,$21,$258,$7,$-48,$-41,$-7,$-34,$-34,$-34,$63,$7,$33,33,$-1.03,$-1.03,$37,$93,$0,$269,$218,$66,$119,$8,$422,$691,$173,$91,$9,$189,$362,$39,$475,$-183,$329,$691,$-1,$72,$-3,$69,$-13,$-9,$0,$-9,$24,$93,$-24,$0,$0,$0,$0,$0,$4,$-20,$-61,$0,$-61,$1,$1,$-11,$0,$-71,$0,$0,$-11
1,2018-06-30,23.5,$11.07,2.12,$31.61,0.74,$3.90,6.03,$0.70,33.57,$0.29B,$0.16B,1.8,$0.12B,$0.37B,0.34,$1.04B,$0.20B,18.70%,$1.04B,$-0.02B,-1.82%,$1.04B,$-0.02B,-1.82%,$1.04B,$0.02B,1.82%,$1.04B,$-0.03B,-2.49%,$1.04B,$0.02B,2.21%,$0.02B,$0.37B,6.35%,$0.02B,$0.20B,12.15%,$0.02B,$0.75B,2.99%,$-0.02B,$0.49B,-3.72%,$270,$219,$51,$5,$21,$249,$21,$-2,$19,$5,$15,$15,$15,$29,$21,$33,33,$0.45,$0.44,$62,$85,$0,$290,$217,$68,$166,$9,$465,$754,$161,$123,$8,$226,$387,$38,$513,$-182,$367,$754,$33,$17,$0,$17,$-15,$-1,$0,$-5,$19,$72,$-13,$0,$0,$0,$0,$0,$4,$-9,$-29,$0,$-29,$1,$1,$-7,$0,$-35,$26,$0,$-7
2,2018-03-31,17.87,$10.96,1.63,$32.00,0.56,$1.99,8.96,$1.60,11.17,$0.29B,$0.15B,1.95,$0.14B,$0.36B,0.39,$1.06B,$0.22B,21.14%,$1.06B,$0.01B,0.85%,$1.06B,$0.01B,0.85%,$1.06B,$0.05B,4.64%,$1.06B,$0.00B,0.19%,$1.06B,$0.05B,4.93%,$0.05B,$0.36B,14.44%,$0.05B,$0.20B,28.65%,$0.05B,$0.76B,6.64%,$0.01B,$0.50B,1.72%,$267,$212,$55,$4,$22,$242,$25,$-2,$23,$5,$18,$18,$18,$34,$25,$33,33,$0.55,$0.55,$36,$85,$0,$285,$222,$62,$168,$9,$470,$756,$146,$141,$9,$246,$393,$35,$502,$-172,$363,$756,$18,$9,$-1,$8,$-14,$2,$0,$-0,$-11,$15,$-5,$0,$0,$0,$0,$0,$4,$-1,$24,$0,$24,$-0,$-0,$-4,$-35,$-15,$-0,$0,$-4
3,2017-12-31,19.0,$10.41,1.82,$30.72,0.62,$1.42,13.41,$1.16,16.38,$0.28B,$0.15B,1.88,$0.15B,$0.34B,0.44,$1.01B,$0.20B,20.16%,$1.01B,$-0.01B,-0.89%,$1.01B,$-0.01B,-0.89%,$1.01B,$0.03B,3.06%,$1.01B,$-0.02B,-1.48%,$1.01B,$0.04B,3.75%,$0.04B,$0.34B,10.89%,$0.04B,$0.18B,23.10%,$0.04B,$0.76B,4.83%,$-0.01B,$0.50B,-1.71%,$259,$215,$45,$4,$24,$339,$-79,$-2,$-81,$-63,$-18,$-18,$-18,$-69,$-79,$33,33,$-0.54,$-0.54,$36,$87,$0,$284,$223,$54,$169,$9,$472,$756,$151,$152,$8,$261,$412,$35,$487,$-177,$344,$756,$38,$40,$37,$77,$-11,$-9,$0,$-7,$-30,$88,$-44,$0,$-87,$0,$0,$0,$6,$-126,$57,$0,$57,$1,$1,$-15,$0,$43,$7,$0,$-15
4,2017-09-30,17.71,$11.32,1.56,$29.12,0.61,$0.26,68.99,$1.75,10.12,$0.26B,$0.14B,1.88,$0.18B,$0.37B,0.47,$0.96B,$0.19B,19.60%,$0.96B,$0.07B,7.72%,$0.96B,$0.07B,7.72%,$0.96B,$0.11B,11.68%,$0.96B,$0.07B,7.19%,$0.96B,$0.06B,6.05%,$0.06B,$0.37B,17.02%,$0.06B,$0.19B,36.14%,$0.06B,$0.81B,7.63%,$0.07B,$0.55B,14.68%,$247,$203,$44,$4,$21,$233,$14,$-2,$13,$4,$8,$8,$8,$25,$14,$33,33,$0.25,$0.25,$32,$82,$0,$258,$310,$0,$188,$56,$554,$812,$137,$177,$98,$301,$438,$34,$509,$-167,$374,$812,$56,$30,$-17,$13,$-17,$-4,$0,$-5,$-18,$54,$-37,$0,$-87,$0,$0,$0,$0,$-124,$82,$0,$82,$1,$1,$-11,$0,$72,$2,$0,$-11
5,2017-06-30,14.91,$10.88,1.37,$27.96,0.53,$-0.09,0.0,$1.87,7.97,$0.26B,$0.13B,1.93,$0.19B,$0.36B,0.52,$0.92B,$0.18B,19.35%,$0.92B,$0.07B,7.61%,$0.92B,$0.07B,7.61%,$0.92B,$0.11B,11.41%,$0.92B,$0.07B,7.07%,$0.92B,$0.06B,6.74%,$0.06B,$0.36B,18.97%,$0.06B,$0.17B,39.94%,$0.06B,$0.81B,8.60%,$0.07B,$0.55B,14.93%,$282,$203,$79,$5,$21,$233,$49,$-2,$47,$3,$44,$44,$44,$59,$49,$33,33,$1.34,$1.34,$24,$84,$0,$258,$305,$0,$189,$56,$550,$808,$134,$187,$102,$315,$449,$34,$504,$-177,$359,$808,$48,$19,$-17,$2,$-20,$-7,$0,$-1,$-29,$22,$-27,$0,$-87,$0,$0,$0,$0,$-114,$92,$0,$92,$1,$1,$-7,$0,$86,$-5,$0,$-7
6,2017-03-31,17.04,$9.65,1.77,$25.80,0.66,$0.06,268.35,$0.63,27.05,$0.24B,$0.13B,1.82,$0.19B,$0.32B,0.61,$0.85B,$0.13B,15.47%,$0.85B,$0.03B,3.19%,$0.85B,$0.03B,3.19%,$0.85B,$0.06B,7.08%,$0.85B,$0.02B,2.72%,$0.85B,$0.02B,2.48%,$0.02B,$0.32B,6.70%,$0.02B,$0.13B,13.93%,$0.02B,$0.77B,3.09%,$0.03B,$0.51B,6.25%,$224,$188,$36,$5,$20,$217,$7,$-1,$6,$2,$4,$4,$4,$16,$7,$33,33,$0.11,$0.11,$29,$76,$0,$239,$303,$0,$192,$34,$528,$768,$131,$193,$103,$317,$449,$33,$464,$-176,$319,$768,$4,$9,$-2,$7,$-12,$1,$0,$-1,$-7,$4,$-13,$0,$-87,$0,$0,$0,$0,$-100,$122,$0,$122,$1,$1,$-4,$-24,$95,$-1,$0,$-4
7,2016-12-31,23.16,$9.44,2.45,$25.37,0.91,$0.26,89.21,$0.74,31.3,$0.21B,$0.12B,1.74,$0.10B,$0.31B,0.31,$0.83B,$0.13B,16.00%,$0.83B,$0.03B,3.85%,$0.83B,$0.03B,3.85%,$0.83B,$0.06B,7.58%,$0.83B,$0.03B,3.25%,$0.83B,$0.02B,2.89%,$0.02B,$0.31B,7.83%,$0.02B,$0.16B,15.64%,$0.02B,$0.65B,3.71%,$0.03B,$0.41B,7.93%,$206,$177,$29,$5,$19,$202,$4,$-1,$3,$1,$2,$2,$2,$12,$4,$33,33,$0.06,$0.06,$30,$66,$0,$208,$261,$20,$151,$10,$443,$651,$120,$95,$9,$220,$340,$32,$464,$-183,$311,$651,$24,$32,$5,$38,$0,$1,$0,$-10,$-16,$49,$-43,$0,$0,$0,$0,$0,$1,$-42,$-9,$0,$-9,$2,$2,$-14,$-3,$-24,$-15,$0,$-14
8,2016-09-30,17.86,$9.66,1.85,$25.13,0.71,$1.40,12.76,$0.51,35.01,$0.22B,$0.13B,1.74,$0.09B,$0.32B,0.29,$0.82B,$0.12B,15.10%,$0.82B,$0.02B,2.80%,$0.82B,$0.02B,2.80%,$0.82B,$0.05B,6.58%,$0.82B,$0.02B,2.19%,$0.82B,$0.02B,1.95%,$0.02B,$0.32B,5.39%,$0.02B,$0.17B,11.13%,$0.02B,$0.66B,2.50%,$0.02B,$0.41B,5.80%,$208,$174,$34,$5,$17,$198,$10,$-1,$9,$-3,$12,$12,$12,$18,$10,$33,33,$0.37,$0.37,$28,$73,$0,$217,$257,$0,$153,$29,$439,$656,$125,$92,$101,$213,$338,$32,$465,$-178,$318,$656,$23,$24,$2,$26,$-5,$-5,$0,$-1,$-17,$35,$-30,$0,$0,$0,$0,$0,$0,$-30,$-12,$0,$-12,$2,$2,$-11,$-3,$-24,$-16,$0,$-11
9,2016-06-30,15.39,$9.32,1.65,$25.66,0.6,$1.58,9.73,$-0.99,0.0,$0.21B,$0.12B,1.79,$0.09B,$0.31B,0.31,$0.84B,$0.12B,14.81%,$0.84B,$0.03B,2.99%,$0.84B,$0.03B,2.99%,$0.84B,$0.10B,12.19%,$0.84B,$-0.02B,-2.87%,$0.84B,$-0.03B,-3.94%,$-0.03B,$0.31B,-11.46%,$-0.03B,$0.15B,-24.54%,$-0.03B,$0.64B,-5.15%,$0.03B,$0.40B,6.29%,$209,$177,$32,$5,$20,$203,$6,$-1,$5,$1,$3,$3,$3,$14,$6,$33,33,$0.10,$0.10,$27,$67,$0,$205,$252,$0,$154,$31,$437,$642,$115,$94,$107,$221,$336,$30,$457,$-179,$306,$642,$11,$16,$1,$17,$-4,$1,$0,$-1,$-11,$18,$-18,$0,$0,$0,$0,$0,$0,$-18,$-10,$0,$-10,$-0,$-0,$-7,$-3,$-20,$-17,$0,$-7
10,2016-03-31,14.9,$8.89,1.68,$26.03,0.57,$1.74,8.56,$-1.07,0.0,$0.21B,$0.11B,1.96,$0.11B,$0.29B,0.37,$0.85B,$0.12B,14.37%,$0.85B,$0.02B,2.47%,$0.85B,$0.02B,2.47%,$0.85B,$0.10B,11.66%,$0.85B,$-0.03B,-3.30%,$0.85B,$-0.04B,-4.12%,$-0.04B,$0.29B,-11.65%,$-0.04B,$0.14B,-26.17%,$-0.04B,$0.64B,-5.22%,$0.02B,$0.40B,4.99%,$208,$170,$38,$5,$20,$197,$12,$-1,$10,$3,$7,$7,$7,$19,$12,$33,33,$0.22,$0.22,$40,$66,$0,$212,$240,$0,$153,$31,$424,$636,$108,$107,$108,$236,$344,$29,$457,$-193,$291,$636,$7,$8,$3,$11,$-2,$2,$0,$-1,$-14,$5,$-7,$0,$0,$0,$0,$0,$0,$-7,$3,$0,$3,$-0,$-0,$-4,$-2,$-3,$-4,$0,$-4
11,2015-12-31,12.82,$8.35,1.54,$26.84,0.48,$1.97,6.49,$-0.99,0.0,$0.21B,$0.12B,1.79,$0.10B,$0.27B,0.38,$0.88B,$0.12B,13.94%,$0.88B,$0.03B,2.86%,$0.88B,$0.03B,2.86%,$0.88B,$0.11B,12.00%,$0.88B,$-0.02B,-2.63%,$0.88B,$-0.03B,-3.66%,$-0.03B,$0.27B,-10.16%,$-0.03B,$0.12B,-23.75%,$-0.03B,$0.62B,-4.55%,$0.03B,$0.38B,5.64%,$196,$177,$20,$4,$18,$202,$-5,$-1,$-6,$-0,$-6,$-6,$-6,$3,$-5,$33,33,$-0.18,$-0.18,$44,$65,$0,$211,$231,$0,$153,$28,$412,$623,$118,$104,$110,$233,$351,$29,$453,$-209,$273,$623,$-32,$79,$23,$102,$9,$1,$0,$-4,$2,$74,$-31,$0,$0,$0,$0,$0,$0,$-31,$-33,$0,$-33,$3,$3,$-14,$-0,$-44,$-6,$0,$-14
12,2015-09-30,12.22,$8.62,1.42,$28.14,0.43,$0.92,13.28,$-0.41,0.0,$0.24B,$0.11B,2.1,$0.13B,$0.28B,0.48,$0.92B,$0.14B,14.81%,$0.92B,$0.04B,4.47%,$0.92B,$0.04B,4.47%,$0.92B,$0.12B,13.40%,$0.92B,$-0.01B,-0.76%,$0.92B,$-0.01B,-1.42%,$-0.01B,$0.28B,-3.83%,$-0.01B,$0.13B,-9.03%,$-0.01B,$0.66B,-1.74%,$0.04B,$0.42B,8.60%,$224,$190,$34,$4,$15,$212,$12,$-45,$-33,$3,$-37,$-37,$-37,$66,$12,$33,33,$-1.13,$-1.13,$47,$66,$0,$236,$228,$0,$154,$47,$428,$664,$113,$134,$109,$270,$383,$29,$463,$-209,$282,$664,$-26,$72,$2,$74,$-5,$1,$0,$-1,$-14,$33,$-22,$0,$0,$0,$0,$0,$0,$-22,$-3,$0,$-3,$3,$3,$-10,$-0,$-11,$-3,$0,$-10
13,2015-06-30,20.48,$10.88,1.88,$28.79,0.71,$0.88,23.18,$1.08,18.96,$0.25B,$0.12B,2.09,$0.14B,$0.36B,0.38,$0.94B,$0.14B,14.93%,$0.94B,$0.05B,4.90%,$0.94B,$0.05B,4.90%,$0.94B,$0.08B,8.96%,$0.94B,$0.04B,4.48%,$0.94B,$0.04B,3.84%,$0.04B,$0.36B,9.65%,$0.04B,$0.15B,22.40%,$0.04B,$0.76B,4.61%,$0.05B,$0.49B,9.00%,$221,$191,$30,$4,$22,$219,$2,$-1,$1,$1,$1,$1,$1,$11,$2,$33,33,$0.02,$0.02,$47,$73,$0,$253,$250,$0,$207,$47,$505,$758,$121,$135,$113,$281,$402,$30,$503,$-176,$356,$758,$10,$18,$2,$20,$-4,$-3,$0,$-1,$-14,$19,$-14,$0,$0,$0,$0,$0,$0,$-14,$-2,$0,$-2,$3,$3,$-7,$-0,$-6,$-3,$0,$-7
14,2015-03-31,18.54,$10.68,1.74,$28.98,0.64,$0.67,27.61,$1.17,15.84,$0.27B,$0.13B,2.0,$0.14B,$0.35B,0.4,$0.94B,$0.14B,14.62%,$0.94B,$0.05B,5.30%,$0.94B,$0.05B,5.30%,$0.94B,$0.09B,9.53%,$0.94B,$0.05B,4.98%,$0.94B,$0.04B,4.13%,$0.04B,$0.35B,10.00%,$0.04B,$0.14B,22.58%,$0.04B,$0.77B,4.92%,$0.05B,$0.49B,9.46%,$234,$197,$38,$4,$17,$219,$16,$-1,$15,$5,$10,$10,$10,$25,$16,$32,33,$0.30,$0.30,$55,$73,$0,$268,$249,$0,$207,$47,$502,$770,$134,$141,$113,$288,$421,$27,$506,$-183,$349,$770,$10,$9,$1,$10,$-15,$-3,$0,$-1,$-9,$12,$-7,$0,$0,$0,$0,$0,$0,$-7,$4,$0,$4,$2,$2,$-3,$-0,$3,$5,$0,$-3
15,2014-12-31,20.64,$11.47,1.8,$29.01,0.71,$0.51,40.19,$1.13,18.26,$0.26B,$0.13B,2.03,$0.14B,$0.37B,0.37,$0.95B,$0.14B,14.60%,$0.95B,$0.05B,5.08%,$0.95B,$0.05B,5.08%,$0.95B,$0.09B,9.42%,$0.95B,$0.05B,4.76%,$0.95B,$0.04B,3.92%,$0.04B,$0.37B,9.10%,$0.04B,$0.16B,20.05%,$0.04B,$0.79B,4.61%,$0.05B,$0.51B,8.83%,$239,$205,$34,$3,$18,$228,$11,$-1,$10,$-3,$13,$13,$13,$21,$11,$32,33,$0.40,$0.40,$50,$74,$0,$256,$270,$0,$215,$48,$533,$789,$126,$137,$114,$290,$417,$24,$499,$-150,$372,$789,$37,$41,$-7,$34,$-19,$-9,$0,$0,$-25,$51,$-43,$0,$0,$0,$5,$5,$0,$-38,$-2,$0,$-2,$0,$0,$-11,$-0,$-12,$-3,$0,$-11
16,2014-09-30,16.81,$12.81,1.31,$28.86,0.58,$0.20,84.19,$1.02,16.48,$0.26B,$0.13B,1.96,$0.14B,$0.42B,0.33,$0.94B,$0.14B,15.11%,$0.94B,$0.05B,5.53%,$0.94B,$0.05B,5.53%,$0.94B,$0.09B,10.00%,$0.94B,$0.05B,5.21%,$0.94B,$0.03B,3.51%,$0.03B,$0.42B,7.96%,$0.03B,$0.20B,17.44%,$0.03B,$0.81B,4.11%,$0.05B,$0.55B,9.42%,$244,$206,$38,$3,$17,$228,$17,$-1,$16,$5,$11,$11,$12,$27,$17,$32,33,$0.36,$0.36,$52,$70,$0,$259,$279,$0,$220,$49,$548,$807,$132,$139,$54,$259,$392,$23,$489,$-96,$415,$807,$24,$31,$-2,$29,$-22,$-2,$0,$1,$-18,$37,$-28,$0,$0,$0,$0,$0,$0,$-28,$-0,$0,$-0,$-0,$-0,$-8,$0,$-8,$-1,$0,$-8
17,2014-06-30,21.28,$13.09,1.63,$28.70,0.74,$-0.38,0.0,$0.87,24.46,$0.24B,$0.12B,1.99,$0.14B,$0.42B,0.32,$0.94B,$0.14B,14.74%,$0.94B,$0.05B,4.91%,$0.94B,$0.05B,4.91%,$0.94B,$0.09B,9.51%,$0.94B,$0.04B,4.59%,$0.94B,$0.03B,2.99%,$0.03B,$0.42B,6.91%,$0.03B,$0.20B,15.82%,$0.03B,$0.81B,3.50%,$0.05B,$0.56B,8.50%,$227,$198,$28,$3,$17,$220,$6,$-1,$6,$2,$4,$4,$4,$17,$6,$32,33,$0.12,$0.11,$44,$70,$0,$241,$294,$0,$227,$44,$565,$806,$121,$137,$56,$261,$383,$22,$480,$-77,$424,$806,$12,$21,$-0,$21,$-13,$1,$0,$1,$-17,$17,$-18,$0,$0,$0,$0,$0,$0,$-18,$-2,$0,$-2,$-0,$-0,$-5,$0,$-8,$-9,$0,$-5
18,2014-03-31,20.84,$12.85,1.62,$29.23,0.71,$-0.74,0.0,$0.80,26.05,$0.25B,$0.13B,1.85,$0.13B,$0.42B,0.32,$0.95B,$0.15B,15.53%,$0.95B,$0.06B,5.88%,$0.95B,$0.06B,5.88%,$0.95B,$0.10B,10.49%,$0.95B,$0.05B,5.46%,$0.95B,$0.03B,2.62%,$0.03B,$0.42B,6.39%,$0.03B,$0.19B,15.46%,$0.03B,$0.81B,3.13%,$0.06B,$0.55B,10.62%,$235,$197,$38,$3,$18,$221,$14,$-1,$13,$5,$8,$8,$8,$24,$14,$32,33,$0.26,$0.26,$45,$71,$0,$245,$287,$0,$227,$49,$563,$809,$133,$134,$55,$260,$392,$21,$480,$-83,$416,$809,$8,$10,$-2,$8,$-19,$0,$0,$1,$-7,$10,$-10,$0,$0,$0,$0,$0,$0,$-10,$-5,$0,$-5,$-0,$-0,$-2,$0,$-7,$-7,$0,$-2
19,2013-12-31,26.01,$12.46,2.09,$29.49,0.88,$-0.78,0.0,$0.67,38.83,$0.24B,$0.13B,1.88,$0.14B,$0.40B,0.35,$0.96B,$0.15B,15.42%,$0.96B,$0.06B,5.83%,$0.96B,$0.06B,5.83%,$0.96B,$0.10B,10.52%,$0.96B,$0.05B,5.42%,$0.96B,$0.02B,2.19%,$0.02B,$0.40B,5.50%,$0.02B,$0.18B,14.07%,$0.02B,$0.79B,2.65%,$0.06B,$0.54B,10.89%,$234,$197,$38,$3,$18,$219,$15,$-1,$14,$5,$9,$9,$9,$26,$15,$32,33,$0.28,$0.29,$53,$71,$0,$235,$283,$0,$226,$50,$559,$793,$125,$139,$55,$265,$390,$21,$474,$-90,$403,$793,$22,$45,$7,$52,$-2,$2,$0,$-1,$5,$77,$-78,$0,$1,$0,$0,$0,$0,$-78,$11,$0,$11,$3,$3,$-9,$0,$5,$4,$0,$-9
20,2013-09-30,23.41,$11.67,2.01,$29.85,0.78,$0.91,25.66,$0.71,32.97,$0.24B,$0.13B,1.84,$0.13B,$0.38B,0.36,$0.97B,$0.16B,16.31%,$0.97B,$0.06B,6.50%,$0.97B,$0.06B,6.50%,$0.97B,$0.11B,11.04%,$0.97B,$0.06B,6.09%,$0.97B,$0.02B,2.27%,$0.02B,$0.38B,5.88%,$0.02B,$0.15B,15.91%,$0.02B,$0.79B,2.78%,$0.06B,$0.51B,12.51%,$240,$206,$34,$3,$18,$229,$11,$-1,$10,$3,$7,$7,$7,$22,$11,$32,33,$0.22,$0.21,$43,$77,$0,$244,$271,$0,$230,$47,$549,$793,$133,$134,$90,$284,$417,$20,$467,$-108,$377,$793,$13,$34,$-3,$31,$-13,$-4,$0,$-0,$6,$45,$-54,$0,$1,$0,$0,$0,$0,$-53,$6,$0,$6,$3,$3,$-7,$0,$2,$-6,$0,$-7
21,2013-06-30,23.07,$11.41,2.02,$29.34,0.79,$2.13,10.84,$0.73,31.61,$0.26B,$0.14B,1.87,$0.14B,$0.37B,0.38,$0.95B,$0.17B,17.39%,$0.95B,$0.07B,7.48%,$0.95B,$0.07B,7.48%,$0.95B,$0.12B,12.22%,$0.95B,$0.07B,7.17%,$0.95B,$0.02B,2.32%,$0.02B,$0.37B,5.77%,$0.02B,$0.14B,14.69%,$0.02B,$0.80B,2.83%,$0.07B,$0.51B,14.26%,$244,$206,$38,$3,$17,$229,$16,$-1,$15,$5,$10,$10,$1,$28,$16,$32,33,$0.04,$0.04,$44,$78,$0,$256,$260,$0,$232,$51,$543,$799,$137,$139,$96,$295,$431,$19,$462,$-111,$368,$799,$6,$23,$-4,$19,$-22,$-6,$0,$1,$-4,$21,$-34,$0,$0,$0,$0,$0,$0,$-34,$11,$0,$11,$3,$3,$-5,$0,$9,$-4,$0,$-5
22,2013-03-31,26.36,$11.76,2.24,$28.66,0.92,$3.12,8.46,$0.92,28.65,$0.25B,$0.13B,1.83,$0.12B,$0.38B,0.31,$0.92B,$0.16B,17.66%,$0.92B,$0.07B,7.15%,$0.92B,$0.07B,7.15%,$0.92B,$0.11B,12.24%,$0.92B,$0.06B,6.83%,$0.92B,$0.03B,3.03%,$0.03B,$0.38B,7.20%,$0.03B,$0.14B,17.39%,$0.03B,$0.79B,3.66%,$0.07B,$0.50B,13.34%,$242,$205,$38,$3,$18,$228,$14,$-1,$13,$4,$10,$10,$4,$25,$14,$32,32,$0.14,$0.13,$38,$79,$0,$245,$254,$0,$240,$50,$544,$789,$134,$118,$96,$276,$410,$17,$463,$-100,$379,$789,$4,$11,$-2,$9,$-17,$-4,$0,$1,$-5,$9,$-10,$0,$0,$0,$0,$0,$0,$-10,$-10,$0,$-10,$2,$2,$-2,$0,$-10,$-11,$0,$-2
23,2012-12-31,18.23,$11.61,1.57,$27.96,0.65,$3.42,5.32,$0.88,20.72,$0.24B,$0.13B,1.92,$0.13B,$0.37B,0.34,$0.90B,$0.16B,18.11%,$0.90B,$0.07B,7.22%,$0.90B,$0.07B,7.22%,$0.90B,$0.11B,12.67%,$0.90B,$0.06B,6.89%,$0.90B,$0.03B,3.00%,$0.03B,$0.37B,6.83%,$0.03B,$0.13B,15.72%,$0.03B,$0.78B,3.52%,$0.07B,$0.50B,12.94%,$243,$195,$48,$3,$19,$221,$22,$-1,$21,$7,$14,$14,$10,$32,$22,$32,32,$0.33,$0.33,$49,$75,$0,$240,$253,$0,$241,$50,$544,$783,$125,$128,$98,$286,$411,$15,$461,$-102,$372,$783,$28,$49,$-13,$36,$9,$-10,$0,$2,$22,$83,$-30,$0,$-58,$0,$12,$12,$0,$-76,$2,$0,$2,$2,$2,$-31,$0,$-27,$-20,$0,$-31
24,2012-09-30,15.18,$12.67,1.2,$26.64,0.57,$3.57,4.26,$0.54,28.11,$0.22B,$0.11B,1.93,$0.08B,$0.41B,0.2,$0.86B,$0.15B,17.02%,$0.86B,$0.05B,5.94%,$0.86B,$0.05B,5.94%,$0.86B,$0.10B,11.89%,$0.86B,$0.05B,5.59%,$0.86B,$0.02B,1.98%,$0.02B,$0.41B,4.23%,$0.02B,$0.19B,9.34%,$0.02B,$0.74B,2.22%,$0.05B,$0.49B,10.04%,$220,$179,$41,$3,$16,$200,$19,$-1,$19,$4,$14,$14,$7,$31,$19,$32,32,$0.23,$0.23,$44,$66,$0,$220,$236,$0,$214,$67,$518,$738,$114,$80,$68,$217,$331,$16,$476,$-84,$407,$738,$18,$39,$-10,$28,$2,$-6,$0,$2,$8,$50,$-19,$0,$-3,$0,$0,$0,$0,$-23,$-46,$0,$-46,$0,$0,$-5,$0,$-51,$-25,$0,$-5
25,2012-06-30,12.42,$12.37,1.0,$26.16,0.47,$3.80,3.27,$0.71,17.49,$0.24B,$0.12B,2.0,$0.10B,$0.40B,0.25,$0.84B,$0.14B,16.63%,$0.84B,$0.05B,5.34%,$0.84B,$0.05B,5.34%,$0.84B,$0.10B,11.28%,$0.84B,$0.04B,4.99%,$0.84B,$0.02B,2.73%,$0.02B,$0.40B,5.61%,$0.02B,$0.18B,10.56%,$0.02B,$0.75B,3.14%,$0.05B,$0.50B,9.06%,$218,$182,$36,$3,$19,$207,$11,$-1,$10,$3,$7,$7,$7,$25,$11,$32,32,$0.23,$0.23,$53,$70,$0,$238,$235,$0,$216,$65,$516,$754,$119,$98,$70,$238,$357,$15,$471,$-88,$397,$754,$10,$27,$-5,$22,$-5,$-11,$8,$2,$-2,$28,$-9,$0,$-3,$0,$0,$0,$0,$-12,$-28,$0,$-28,$0,$0,$-3,$0,$-31,$-16,$0,$-3
26,2012-03-31,16.64,$12.64,1.32,$25.61,0.65,$3.86,4.31,$0.66,25.22,$0.26B,$0.12B,2.13,$0.12B,$0.41B,0.3,$0.83B,$0.13B,16.24%,$0.83B,$0.04B,5.33%,$0.83B,$0.04B,5.33%,$0.83B,$0.09B,11.03%,$0.83B,$0.04B,5.09%,$0.83B,$0.02B,2.67%,$0.02B,$0.41B,5.24%,$0.02B,$0.18B,8.63%,$0.02B,$0.79B,3.17%,$0.04B,$0.53B,9.13%,$219,$181,$38,$4,$19,$206,$13,$-1,$12,$4,$8,$8,$3,$26,$13,$32,32,$0.09,$0.09,$71,$64,$0,$255,$255,$0,$224,$59,$538,$792,$120,$122,$72,$266,$386,$15,$465,$-72,$406,$792,$3,$13,$-4,$10,$-6,$-1,$0,$-0,$3,$14,$-6,$0,$-3,$0,$0,$0,$0,$-9,$-3,$0,$-3,$0,$0,$-1,$0,$-4,$2,$0,$-1
27,2011-12-31,18.83,$12.38,1.52,$24.78,0.76,$3.55,5.3,$0.78,24.14,$0.25B,$0.12B,2.12,$0.13B,$0.40B,0.32,$0.80B,$0.13B,15.79%,$0.80B,$0.04B,5.14%,$0.80B,$0.04B,5.14%,$0.80B,$0.09B,10.78%,$0.80B,$0.04B,5.01%,$0.80B,$0.03B,3.26%,$0.03B,$0.40B,6.11%,$0.03B,$0.17B,8.97%,$0.03B,$0.78B,4.04%,$0.04B,$0.52B,8.97%,$201,$169,$31,$3,$18,$193,$8,$-1,$7,$4,$3,$3,$-0,$20,$8,$32,32,$-0.02,$-0.02,$69,$61,$0,$246,$257,$0,$223,$37,$535,$781,$116,$125,$72,$268,$384,$14,$463,$-79,$397,$781,$25,$45,$1,$46,$-5,$2,$0,$-0,$-2,$72,$-14,$0,$-181,$0,$0,$0,$0,$-195,$125,$0,$125,$1,$1,$-6,$0,$120,$-4,$0,$-6
28,2011-09-30,12.54,$13.78,0.91,$24.04,0.52,$2.68,4.68,$1.02,12.29,$0.26B,$0.09B,2.92,$0.00B,$0.44B,0.0,$0.78B,$0.13B,16.13%,$0.78B,$0.04B,5.68%,$0.78B,$0.04B,5.68%,$0.78B,$0.09B,11.23%,$0.78B,$0.04B,5.55%,$0.78B,$0.03B,4.26%,$0.03B,$0.44B,7.66%,$0.03B,$0.34B,10.17%,$0.03B,$0.60B,5.56%,$0.04B,$0.44B,10.21%,$204,$169,$35,$3,$18,$191,$13,$-0,$13,$-0,$13,$13,$13,$24,$13,$32,32,$0.40,$0.40,$109,$35,$0,$264,$184,$0,$106,$48,$339,$603,$91,$0,$19,$71,$162,$13,$465,$-35,$441,$603,$25,$33,$0,$33,$-14,$7,$0,$1,$-7,$49,$-11,$0,$0,$0,$2,$2,$0,$-10,$-0,$0,$-0,$1,$1,$-4,$0,$-4,$36,$0,$-4
29,2011-06-30,15.47,$13.63,1.14,$23.87,0.65,$2.06,7.51,$0.90,17.18,$0.25B,$0.09B,2.69,$0.00B,$0.44B,0.0,$0.77B,$0.13B,16.25%,$0.77B,$0.04B,5.72%,$0.77B,$0.04B,5.72%,$0.77B,$0.09B,11.18%,$0.77B,$0.04B,5.46%,$0.77B,$0.03B,3.77%,$0.03B,$0.44B,6.84%,$0.03B,$0.33B,9.14%,$0.03B,$0.60B,4.93%,$0.04B,$0.44B,10.38%,$201,$172,$30,$3,$15,$192,$10,$-0,$10,$3,$6,$6,$6,$21,$10,$32,32,$0.18,$0.18,$94,$36,$0,$247,$198,$0,$107,$49,$353,$601,$92,$0,$17,$73,$165,$13,$454,$-29,$436,$601,$12,$22,$1,$23,$-15,$8,$0,$1,$-5,$28,$-8,$0,$0,$0,$0,$0,$0,$-8,$-0,$0,$-0,$1,$1,$-3,$0,$-2,$21,$0,$-3
30,2011-03-31,18.13,$13.39,1.35,$23.33,0.78,$1.69,10.76,$0.87,20.84,$0.23B,$0.09B,2.55,$0.00B,$0.43B,0.0,$0.75B,$0.13B,16.60%,$0.75B,$0.04B,5.71%,$0.75B,$0.04B,5.71%,$0.75B,$0.08B,11.16%,$0.75B,$0.04B,5.31%,$0.75B,$0.03B,3.72%,$0.03B,$0.43B,6.76%,$0.03B,$0.32B,9.11%,$0.03B,$0.59B,4.84%,$0.04B,$0.43B,10.38%,$192,$162,$30,$4,$16,$182,$10,$-0,$10,$3,$7,$7,$7,$21,$10,$32,32,$0.21,$0.21,$72,$42,$0,$232,$204,$0,$107,$49,$359,$591,$91,$0,$18,$71,$162,$12,$449,$-31,$429,$591,$7,$11,$-1,$10,$-16,$2,$0,$1,$-12,$3,$-4,$0,$0,$0,$0,$0,$0,$-4,$-0,$0,$-0,$1,$1,$-1,$0,$-1,$-1,$0,$-1
31,2010-12-31,16.24,$13.10,1.24,$22.61,0.72,$1.61,10.11,$0.83,19.57,$0.22B,$0.09B,2.39,$0.00B,$0.42B,0.0,$0.74B,$0.13B,16.98%,$0.74B,$0.04B,5.84%,$0.74B,$0.04B,5.84%,$0.74B,$0.08B,11.41%,$0.74B,$0.04B,5.43%,$0.74B,$0.03B,3.67%,$0.03B,$0.42B,6.58%,$0.03B,$0.31B,8.90%,$0.03B,$0.58B,4.71%,$0.04B,$0.42B,10.48%,$178,$149,$30,$2,$17,$168,$11,$-0,$10,$3,$7,$7,$7,$21,$11,$32,33,$0.24,$0.23,$73,$43,$0,$219,$207,$0,$106,$48,$361,$580,$92,$0,$19,$71,$163,$11,$444,$-36,$418,$580,$27,$44,$-4,$40,$-11,$-8,$0,$-1,$-18,$46,$-17,$0,$-6,$0,$0,$0,$0,$-22,$-3,$0,$-3,$-34,$-34,$-5,$0,$-42,$-17,$0,$-5
32,2010-09-30,15.88,$12.96,1.22,$22.11,0.72,$2.81,5.66,$0.89,17.84,$0.21B,$0.10B,2.14,$0.00B,$0.41B,0.0,$0.73B,$0.13B,17.74%,$0.73B,$0.05B,6.19%,$0.73B,$0.05B,6.19%,$0.73B,$0.09B,11.97%,$0.73B,$0.04B,5.91%,$0.73B,$0.03B,4.13%,$0.03B,$0.41B,7.26%,$0.03B,$0.31B,9.77%,$0.03B,$0.58B,5.19%,$0.05B,$0.41B,10.89%,$198,$164,$35,$5,$17,$186,$13,$-0,$12,$3,$9,$9,$9,$23,$13,$32,32,$0.28,$0.28,$62,$39,$0,$213,$212,$0,$106,$49,$368,$581,$100,$0,$15,$68,$168,$9,$438,$-33,$413,$581,$20,$33,$-6,$27,$-25,$-4,$0,$0,$-17,$30,$-12,$0,$-6,$0,$0,$0,$0,$-18,$-2,$0,$-2,$-35,$-35,$-4,$0,$-41,$-29,$0,$-4
33,2010-06-30,13.62,$12.46,1.09,$21.10,0.65,$4.06,3.35,$0.93,14.65,$0.19B,$0.09B,2.07,$0.00B,$0.40B,0.0,$0.71B,$0.13B,18.30%,$0.71B,$0.05B,6.95%,$0.71B,$0.05B,6.95%,$0.71B,$0.09B,12.91%,$0.71B,$0.05B,6.81%,$0.71B,$0.03B,4.54%,$0.03B,$0.40B,7.74%,$0.03B,$0.29B,10.39%,$0.03B,$0.56B,5.52%,$0.05B,$0.40B,11.84%,$185,$155,$30,$3,$18,$177,$9,$-0,$8,$3,$5,$5,$5,$19,$9,$32,32,$0.15,$0.15,$53,$34,$0,$193,$212,$0,$106,$50,$367,$560,$93,$1,$17,$70,$163,$8,$430,$-40,$397,$560,$11,$22,$-2,$20,$-22,$0,$0,$1,$-15,$16,$-8,$0,$-6,$0,$0,$0,$0,$-13,$-2,$0,$-2,$-35,$-35,$-3,$0,$-40,$-38,$0,$-3
34,2010-03-31,14.22,$12.58,1.13,$20.06,0.71,$4.85,2.94,$0.97,14.66,$0.20B,$0.09B,2.28,$0.00B,$0.41B,0.0,$0.68B,$0.13B,18.85%,$0.68B,$0.05B,7.66%,$0.68B,$0.05B,7.66%,$0.68B,$0.09B,13.84%,$0.68B,$0.05B,7.66%,$0.68B,$0.03B,4.86%,$0.03B,$0.41B,7.96%,$0.03B,$0.31B,10.65%,$0.03B,$0.57B,5.69%,$0.05B,$0.41B,12.52%,$175,$145,$30,$4,$16,$165,$10,$-0,$10,$4,$6,$6,$6,$21,$10,$33,34,$0.17,$0.17,$60,$35,$0,$197,$223,$0,$107,$47,$377,$574,$87,$1,$18,$75,$162,$23,$427,$-36,$413,$574,$6,$11,$-0,$11,$-15,$0,$0,$-1,$-17,$-1,$-3,$0,$-6,$0,$0,$0,$0,$-9,$-0,$0,$-0,$-19,$-19,$-1,$0,$-20,$-30,$0,$-1
35,2009-12-31,13.14,$12.66,1.04,$19.38,0.68,$5.65,2.33,$-0.05,0.0,$0.22B,$0.09B,2.42,$0.00B,$0.43B,0.0,$0.66B,$0.12B,18.69%,$0.66B,$0.05B,7.45%,$0.66B,$0.05B,7.45%,$0.66B,$0.12B,18.24%,$0.66B,$0.02B,2.74%,$0.66B,$-0.00B,-0.30%,$-0.00B,$0.43B,-0.49%,$-0.00B,$0.33B,-0.66%,$-0.00B,$0.60B,-0.35%,$0.05B,$0.43B,11.91%,$169,$135,$34,$4,$15,$155,$13,$-0,$13,$3,$10,$10,$10,$24,$13,$34,34,$0.30,$0.30,$91,$36,$0,$215,$231,$0,$105,$46,$381,$596,$89,$1,$18,$78,$167,$41,$422,$-33,$429,$596,$-1,$71,$-1,$70,$18,$2,$0,$1,$35,$103,$-32,$0,$0,$0,$0,$0,$0,$-32,$-22,$0,$-22,$-1,$-1,$-5,$0,$-28,$45,$0,$-5
36,2009-09-30,12.01,$12.25,0.98,$20.08,0.6,$5.32,2.26,$-0.16,0.0,$0.21B,$0.09B,2.24,$0.00B,$0.42B,0.0,$0.68B,$0.13B,18.30%,$0.68B,$0.05B,7.03%,$0.68B,$0.05B,7.03%,$0.68B,$0.12B,17.28%,$0.68B,$0.02B,2.34%,$0.68B,$-0.01B,-0.88%,$-0.01B,$0.42B,-1.48%,$-0.01B,$0.31B,-2.04%,$-0.01B,$0.59B,-1.04%,$0.05B,$0.42B,11.57%,$176,$140,$35,$2,$16,$159,$17,$-0,$17,$6,$11,$11,$11,$27,$17,$34,34,$0.32,$0.32,$82,$31,$0,$210,$233,$0,$105,$41,$379,$588,$94,$1,$26,$80,$173,$41,$414,$-38,$415,$588,$-11,$60,$3,$63,$7,$7,$0,$1,$35,$86,$-24,$0,$0,$0,$0,$0,$0,$-24,$-21,$0,$-21,$-1,$-1,$-4,$0,$-26,$36,$0,$-4
37,2009-06-30,11.01,$11.84,0.93,$21.86,0.5,$5.00,2.2,$-0.15,0.0,$0.19B,$0.08B,2.19,$0.00B,$0.40B,0.0,$0.74B,$0.13B,16.96%,$0.74B,$0.05B,6.73%,$0.74B,$0.05B,6.73%,$0.74B,$0.12B,16.15%,$0.74B,$0.02B,2.29%,$0.74B,$-0.01B,-0.81%,$-0.01B,$0.40B,-1.41%,$-0.01B,$0.30B,-1.97%,$-0.01B,$0.56B,-0.97%,$0.05B,$0.40B,11.37%,$159,$129,$29,$3,$14,$147,$12,$-0,$12,$5,$6,$6,$6,$22,$12,$34,34,$0.19,$0.19,$59,$29,$0,$185,$233,$0,$104,$41,$378,$562,$84,$1,$27,$76,$160,$42,$404,$-42,$402,$562,$-22,$50,$1,$51,$10,$8,$0,$2,$24,$52,$-16,$0,$0,$0,$0,$0,$0,$-16,$-21,$0,$-21,$0,$0,$-3,$0,$-24,$13,$0,$-3
38,2009-03-31,13.46,$11.42,1.18,$24.06,0.56,$4.46,3.02,$-0.09,0.0,$0.18B,$0.09B,2.11,$0.01B,$0.39B,0.02,$0.82B,$0.13B,15.87%,$0.82B,$0.05B,6.35%,$0.82B,$0.05B,6.35%,$0.82B,$0.12B,15.02%,$0.82B,$0.02B,2.32%,$0.82B,$-0.00B,-0.37%,$-0.00B,$0.39B,-0.67%,$-0.00B,$0.28B,-0.94%,$-0.00B,$0.55B,-0.45%,$0.05B,$0.40B,10.95%,$154,$128,$25,$3,$15,$147,$7,$-31,$-24,$5,$-29,$-29,$-29,$47,$7,$34,34,$-0.85,$-0.85,$53,$27,$0,$180,$232,$0,$104,$38,$374,$554,$85,$9,$28,$81,$167,$41,$399,$-51,$388,$554,$-29,$40,$2,$42,$10,$9,$0,$2,$18,$33,$-10,$0,$0,$0,$-1,$-1,$0,$-11,$-13,$0,$-13,$0,$0,$-1,$0,$-14,$7,$0,$-1
39,2008-12-31,14.94,$12.40,1.21,$26.11,0.57,$3.85,3.89,$0.85,17.58,$0.20B,$0.09B,2.13,$0.02B,$0.42B,0.05,$0.89B,$0.14B,15.10%,$0.89B,$0.05B,5.82%,$0.89B,$0.05B,5.82%,$0.89B,$0.09B,10.51%,$0.89B,$0.05B,5.48%,$0.89B,$0.03B,3.24%,$0.03B,$0.42B,6.17%,$0.03B,$0.29B,8.68%,$0.03B,$0.61B,4.07%,$0.05B,$0.44B,10.18%,$194,$158,$36,$3,$14,$182,$12,$-0,$11,$5,$6,$6,$6,$22,$12,$34,34,$0.18,$0.18,$46,$37,$0,$200,$237,$0,$135,$39,$411,$611,$94,$22,$29,$96,$190,$41,$429,$-48,$420,$611,$29,$43,$24,$67,$-1,$13,$0,$-2,$-25,$75,$-15,$0,$23,$0,$-5,$-5,$0,$3,$-59,$0,$-59,$-16,$-16,$-5,$0,$-81,$-2,$0,$-5
40,2008-09-30,14.59,$14.40,1.01,$25.91,0.56,$4.21,3.47,$1.03,14.16,$0.22B,$0.12B,1.93,$0.03B,$0.49B,0.06,$0.91B,$0.14B,14.80%,$0.91B,$0.05B,5.81%,$0.91B,$0.05B,5.81%,$0.91B,$0.10B,10.64%,$0.91B,$0.05B,5.59%,$0.91B,$0.04B,3.95%,$0.04B,$0.49B,7.38%,$0.04B,$0.35B,10.23%,$0.04B,$0.74B,4.76%,$0.05B,$0.52B,9.75%,$236,$201,$36,$3,$14,$218,$19,$-0,$18,$7,$11,$11,$11,$29,$19,$34,34,$0.33,$0.33,$47,$35,$0,$224,$250,$0,$135,$126,$512,$735,$116,$28,$16,$131,$247,$39,$424,$26,$488,$735,$23,$33,$13,$46,$-22,$16,$0,$-2,$-12,$60,$-10,$0,$24,$0,$-2,$-2,$0,$11,$-54,$0,$-54,$-16,$-16,$-4,$0,$-73,$-2,$0,$-4
41,2008-06-30,12.03,$14.48,0.83,$24.88,0.48,$4.32,2.78,$0.23,52.29,$0.23B,$0.11B,2.12,$0.06B,$0.49B,0.12,$0.91B,$0.13B,14.65%,$0.91B,$0.05B,5.29%,$0.91B,$0.05B,5.29%,$0.91B,$0.09B,10.24%,$0.91B,$0.05B,5.07%,$0.91B,$0.01B,0.77%,$0.01B,$0.49B,1.42%,$0.01B,$0.35B,1.97%,$0.01B,$0.75B,0.91%,$0.05B,$0.54B,8.69%,$235,$202,$33,$3,$14,$220,$14,$-1,$14,$5,$9,$9,$9,$25,$14,$34,34,$0.25,$0.25,$49,$37,$0,$233,$264,$0,$136,$120,$520,$753,$110,$56,$16,$156,$266,$39,$415,$36,$488,$753,$12,$22,$10,$33,$-25,$16,$0,$1,$-19,$28,$-10,$0,$24,$0,$-2,$-2,$0,$12,$-25,$0,$-25,$-13,$-13,$-3,$0,$-41,$0,$0,$-3
42,2008-03-31,14.86,$14.12,1.05,$23.96,0.62,$4.53,3.28,$0.23,64.6,$0.23B,$0.11B,2.05,$0.06B,$0.48B,0.12,$0.91B,$0.14B,14.87%,$0.91B,$0.05B,5.62%,$0.91B,$0.05B,5.62%,$0.91B,$0.10B,10.57%,$0.91B,$0.05B,5.29%,$0.91B,$0.01B,0.88%,$0.01B,$0.48B,1.57%,$0.01B,$0.35B,2.17%,$0.01B,$0.75B,1.03%,$0.05B,$0.54B,9.08%,$229,$199,$30,$2,$16,$222,$7,$-1,$6,$2,$4,$4,$3,$18,$7,$34,35,$0.09,$0.09,$41,$42,$0,$231,$267,$0,$136,$118,$521,$752,$112,$56,$16,$155,$268,$45,$407,$34,$484,$752,$3,$11,$11,$22,$-22,$10,$0,$0,$-22,$6,$-4,$0,$24,$0,$0,$0,$0,$20,$-25,$0,$-25,$-7,$-7,$-1,$0,$-34,$-7,$0,$-1
43,2007-12-31,13.09,$14.13,0.93,$23.56,0.56,$4.85,2.7,$0.40,32.72,$0.25B,$0.12B,2.07,$0.08B,$0.49B,0.17,$0.92B,$0.14B,15.37%,$0.92B,$0.06B,6.71%,$0.92B,$0.06B,6.71%,$0.92B,$0.11B,11.58%,$0.92B,$0.06B,6.39%,$0.92B,$0.02B,1.62%,$0.02B,$0.49B,2.88%,$0.02B,$0.36B,3.94%,$0.02B,$0.78B,1.90%,$0.06B,$0.57B,10.88%,$212,$176,$36,$2,$19,$198,$13,$-1,$13,$6,$7,$7,$13,$25,$13,$39,39,$0.36,$0.35,$48,$49,$0,$245,$269,$0,$136,$117,$539,$784,$119,$82,$16,$175,$293,$51,$406,$36,$491,$784,$15,$46,$7,$53,$16,$4,$0,$1,$26,$96,$-13,$0,$0,$0,$-24,$-24,$0,$-36,$20,$0,$20,$-67,$-67,$-6,$0,$-54,$7,$0,$-6
44,2007-09-30,14.0,$13.53,1.04,$20.44,0.69,$4.36,3.21,$0.32,43.76,$0.26B,$0.13B,1.96,$0.04B,$0.51B,0.09,$0.80B,$0.14B,16.92%,$0.80B,$0.06B,7.84%,$0.80B,$0.06B,7.84%,$0.80B,$0.11B,13.31%,$0.80B,$0.06B,7.21%,$0.80B,$0.01B,1.62%,$0.01B,$0.51B,2.47%,$0.01B,$0.37B,3.35%,$0.01B,$0.78B,1.65%,$0.06B,$0.55B,11.03%,$232,$198,$34,$2,$16,$219,$14,$-1,$13,$7,$6,$6,$-18,$25,$14,$39,39,$-0.47,$-0.47,$39,$65,$0,$263,$289,$0,$142,$88,$518,$781,$134,$44,$17,$140,$274,$99,$394,$16,$507,$781,$2,$35,$23,$58,$-16,$9,$0,$1,$14,$74,$-12,$0,$0,$0,$-23,$-23,$0,$-34,$-18,$0,$-18,$-20,$-20,$-5,$0,$-43,$-2,$0,$-5
45,2007-06-30,17.25,$13.88,1.24,$22.08,0.78,$3.91,4.42,$1.04,16.59,$0.27B,$0.12B,2.17,$0.03B,$0.55B,0.06,$0.87B,$0.14B,16.00%,$0.87B,$0.07B,7.48%,$0.87B,$0.07B,7.48%,$0.87B,$0.11B,12.54%,$0.87B,$0.06B,6.79%,$0.87B,$0.04B,4.72%,$0.04B,$0.55B,7.76%,$0.04B,$0.41B,10.50%,$0.04B,$0.80B,5.12%,$0.07B,$0.58B,11.18%,$235,$200,$35,$2,$16,$218,$17,$-1,$16,$6,$11,$11,$10,$28,$17,$39,40,$0.25,$0.25,$32,$69,$0,$268,$317,$0,$140,$77,$535,$803,$124,$32,$18,$130,$253,$128,$414,$10,$550,$803,$20,$23,$-2,$21,$-25,$2,$0,$2,$-5,$37,$-8,$0,$0,$0,$-11,$-11,$0,$-19,$-30,$0,$-30,$6,$6,$-3,$0,$-27,$-9,$0,$-3
46,2007-03-31,18.42,$13.48,1.37,$23.43,0.79,$3.78,4.87,$1.03,17.88,$0.27B,$0.13B,2.16,$0.04B,$0.53B,0.08,$0.92B,$0.14B,15.27%,$0.92B,$0.06B,6.98%,$0.92B,$0.06B,6.98%,$0.92B,$0.11B,11.78%,$0.92B,$0.06B,6.32%,$0.92B,$0.04B,4.36%,$0.04B,$0.53B,7.74%,$0.04B,$0.39B,10.54%,$0.04B,$0.79B,4.96%,$0.06B,$0.57B,10.94%,$245,$208,$37,$2,$17,$227,$18,$-1,$17,$6,$11,$11,$10,$29,$18,$39,39,$0.26,$0.26,$38,$74,$0,$270,$320,$0,$139,$64,$524,$794,$125,$42,$18,$136,$262,$125,$405,$4,$532,$794,$10,$11,$-1,$10,$-21,$-4,$0,$1,$-2,$20,$-4,$0,$0,$0,$0,$0,$0,$-4,$-20,$0,$-20,$4,$4,$-2,$0,$-18,$-2,$0,$-2
47,2006-12-31,18.24,$13.15,1.39,$24.15,0.76,$3.51,5.2,$0.98,18.62,$0.25B,$0.11B,2.26,$0.06B,$0.52B,0.12,$0.94B,$0.14B,14.68%,$0.94B,$0.06B,6.49%,$0.94B,$0.06B,6.49%,$0.94B,$0.11B,11.17%,$0.94B,$0.06B,5.85%,$0.94B,$0.04B,4.04%,$0.04B,$0.52B,7.49%,$0.04B,$0.38B,10.27%,$0.04B,$0.78B,4.66%,$0.06B,$0.58B,10.29%,$92,$62,$30,$2,$14,$78,$14,$-1,$12,$4,$8,$8,$11,$25,$14,$39,39,$0.29,$0.28,$41,$49,$0,$253,$287,$0,$132,$64,$529,$782,$112,$62,$14,$153,$265,$121,$396,$1,$517,$782,$38,$44,$12,$56,$0,$-5,$0,$-0,$12,$105,$-41,$0,$0,$0,$-0,$-0,$0,$-41,$-51,$0,$-51,$10,$10,$-6,$0,$-47,$17,$1,$-6
