,Date,Stock Price,Book Value per Share,Price to Book Ratio,TTM Sales per Share,Price to Sales Ratio,TTM FCF per Share,Price to FCF Ratio,TTM Net EPS,PE Ratio,Current Assets,Current Liabilities,Current Ratio,Long Term Debt,Shareholder's Equity_x,Debt to Equity Ratio,TTM Revenue_x,TTM Gross Profit,Gross Margin,TTM Revenue_y,TTM Operating Income,Operating Margin,TTM Revenue_x,TTM EBIT,EBIT Margin,TTM Revenue_y,TTM EBITDA,EBITDA Margin,TTM Revenue_x,TTM Pre-Tax Income,Pre-Tax Margin,TTM Revenue_y,TTM Net Income_x,Net Margin,TTM Net Income_y,Shareholder's Equity_y,Return on Equity,TTM Net Income_x,Tangible Equity,Return on Tangible Equity,TTM Net Income_y,Total Assets,Return on Assets,TTM Net Income,LT Investments & Debt,Return on Investment,revenue,cost-goods-sold,gross-profit,research-development-expenses,selling-general-administrative-expenses,operating-expenses,operating-income,total-non-operating-income-expense,pre-tax-income,total-provision-income-taxes,income-after-taxes,income-from-continuous-operations,net-income,ebitda,ebit,basic-shares-outstanding,shares-outstanding,eps-basic-net-earnings-per-share,eps-earnings-per-share-diluted,cash-on-hand,inventory,other-current-assets,total-current-assets,net-property-plant-equipment,long-term-investments,goodwill-intangible-assets-total,other-long-term-assets,total-long-term-assets,total-assets,total-current-liabilities,long-term-debt,other-non-current-liabilities,total-long-term-liabilities,total-liabilities,common-stock-net,retained-earnings-accumulated-deficit,comprehensive-income,total-share-holder-equity,total-liabilities-share-holders-equity,net-income-loss,total-depreciation-amortization-cash-flow,other-non-cash-items,total-non-cash-items,change-in-accounts-receivable,change-in-inventories,change-in-accounts-payable,change-in-assets-liabilities,total-change-in-assets-liabilities,cash-flow-from-operating-activities,net-change-in-property-plant-equipment,net-change-in-intangible-assets,net-acquisitions-divestitures,net-change-in-short-term-investments,net-change-in-long-term-investments,net-change-in-investments-total,investing-activities-other,cash-flow-from-investing-activities,net-long-term-debt,net-current-debt,debt-issuance-retirement-net-total,net-common-equity-issued-repurchased,net-total-equity-issued-repurchased,total-common-preferred-stock-dividends-paid,financial-activities-other,cash-flow-from-financial-activities,net-cash-flow,stock-based-compensation,common-stock-dividends-paid
0,2018-09-30,3.34,$2.66,1.25,$2.42,1.38,$1.01,3.31,$-0.24,0.0,$0.09B,$0.03B,2.59,$0.05B,$0.19B,0.27,$0.18B,$0.13B,70.22%,$0.18B,$0.07B,37.08%,$0.18B,$0.07B,37.08%,$0.18B,$0.10B,57.87%,$0.18B,$0.01B,4.49%,$0.18B,$-0.02B,-9.55%,$-0.02B,$0.19B,-8.43%,$-0.02B,$0.16B,-10.51%,$-0.02B,$0.31B,-5.29%,$0.07B,$0.25B,24.93%,$43,$12,$30,$0,$6,$27,$16,$-21,$-5,$7,$-12,$-12,$-12,$25,$16,$72,74,$-0.17,$-0.17,$63,$8,$0,$85,$191,$0,$34,$3,$229,$314,$33,$53,$36,$89,$122,$152,$14,$0,$192,$314,$-15,$26,$43,$69,$7,$1,$0,$1,$4,$59,$-16,$-7,$0,$0,$0,$0,$3,$-20,$-17,$0,$-17,$0,$0,$-3,$-4,$-24,$15,$5,$-3
1,2018-06-30,2.77,$2.85,0.97,$2.46,1.13,$0.46,6.07,$-0.16,0.0,$0.09B,$0.03B,2.92,$0.06B,$0.21B,0.3,$0.18B,$0.13B,69.44%,$0.18B,$0.07B,36.11%,$0.18B,$0.07B,36.11%,$0.18B,$0.10B,57.78%,$0.18B,$0.01B,6.11%,$0.18B,$-0.01B,-6.67%,$-0.01B,$0.21B,-5.80%,$-0.01B,$0.16B,-7.26%,$-0.01B,$0.33B,-3.66%,$0.07B,$0.27B,23.49%,$69,$17,$51,$0,$9,$36,$32,$-18,$14,$7,$7,$7,$7,$43,$32,$74,74,$0.10,$0.10,$38,$8,$0,$92,$195,$0,$43,$0,$238,$330,$31,$62,$30,$92,$123,$152,$29,$0,$206,$330,$-3,$17,$23,$40,$-23,$2,$0,$1,$-26,$12,$-9,$-2,$0,$0,$0,$0,$-1,$-11,$-8,$0,$-8,$0,$0,$0,$-2,$-10,$-9,$4,$0
2,2018-03-31,1.34,$2.76,0.49,$2.09,0.64,$0.28,4.85,$-1.04,0.0,$0.07B,$0.03B,2.67,$0.07B,$0.20B,0.34,$0.15B,$0.10B,65.56%,$0.15B,$0.04B,28.48%,$0.15B,$0.04B,28.48%,$0.15B,$0.08B,54.30%,$0.15B,$-0.05B,-35.76%,$0.15B,$-0.08B,-50.33%,$-0.08B,$0.20B,-36.28%,$-0.08B,$0.16B,-45.71%,$-0.08B,$0.31B,-23.07%,$0.04B,$0.27B,15.11%,$25,$11,$14,$0,$4,$22,$3,$-7,$-4,$6,$-10,$-10,$-10,$10,$3,$72,72,$-0.14,$-0.14,$31,$15,$0,$72,$198,$0,$42,$0,$240,$313,$27,$67,$19,$87,$114,$152,$22,$0,$199,$313,$-10,$7,$13,$20,$-5,$-2,$0,$2,$-11,$-7,$-4,$-1,$0,$0,$0,$0,$-1,$-5,$-3,$0,$-3,$0,$0,$0,$-1,$-4,$-16,$0,$0
3,2017-12-31,1.44,$2.91,0.49,$2.05,0.7,$0.39,3.73,$-1.08,0.0,$0.08B,$0.03B,2.63,$0.07B,$0.21B,0.33,$0.15B,$0.10B,65.54%,$0.15B,$0.04B,26.35%,$0.15B,$0.04B,26.35%,$0.15B,$0.08B,54.05%,$0.15B,$-0.06B,-38.51%,$0.15B,$-0.08B,-53.38%,$-0.08B,$0.21B,-34.69%,$-0.08B,$0.17B,-47.52%,$-0.08B,$0.33B,-22.43%,$0.04B,$0.28B,12.77%,$41,$11,$30,$0,$4,$26,$15,$-12,$3,$6,$-2,$-2,$-2,$25,$15,$72,72,$-0.04,$-0.04,$47,$11,$0,$82,$201,$0,$41,$3,$246,$328,$31,$70,$17,$87,$118,$152,$32,$0,$210,$328,$-79,$40,$116,$156,$-3,$6,$0,$-3,$4,$59,$-21,$-17,$0,$0,$0,$0,$17,$-21,$-14,$0,$-14,$0,$0,$0,$-9,$-23,$16,$1,$0
4,2017-09-30,1.44,$2.95,0.49,$1.56,0.92,$-0.93,0.0,$-1.54,0.0,$0.09B,$0.03B,2.78,$0.08B,$0.21B,0.38,$0.11B,$0.07B,59.82%,$0.11B,$0.01B,11.61%,$0.11B,$0.01B,11.61%,$0.11B,$0.05B,43.75%,$0.11B,$-0.09B,-79.46%,$0.11B,$-0.11B,-99.11%,$-0.11B,$0.21B,-45.03%,$-0.11B,$0.17B,-65.78%,$-0.11B,$0.34B,-29.86%,$0.01B,$0.29B,4.22%,$45,$15,$30,$0,$4,$30,$15,$-17,$-2,$5,$-7,$-7,$-7,$26,$15,$72,72,$-0.09,$-0.09,$26,$13,$0,$92,$206,$0,$41,$0,$247,$339,$33,$80,$13,$93,$126,$152,$34,$0,$213,$339,$-76,$30,$85,$115,$-35,$5,$0,$-1,$-23,$15,$-13,$-16,$0,$0,$0,$0,$15,$-14,$-4,$0,$-4,$0,$0,$0,$-7,$-11,$-10,$1,$0
5,2017-06-30,1.34,$2.99,0.45,$1.23,1.09,$-1.16,0.0,$-1.80,0.0,$0.09B,$0.03B,3.4,$0.08B,$0.22B,0.39,$0.09B,$0.05B,53.41%,$0.09B,$-0.00B,-3.41%,$0.09B,$-0.00B,-3.41%,$0.09B,$0.03B,32.95%,$0.09B,$-0.11B,-122.73%,$0.09B,$-0.13B,-146.59%,$-0.13B,$0.22B,-47.25%,$-0.13B,$0.17B,-73.30%,$-0.13B,$0.34B,-33.03%,$-0.00B,$0.30B,-0.95%,$40,$15,$25,$0,$5,$30,$10,$-61,$-51,$6,$-57,$-57,$-57,$21,$10,$73,73,$-0.78,$-0.78,$24,$17,$0,$85,$203,$0,$49,$0,$252,$338,$25,$84,$13,$97,$122,$152,$41,$0,$216,$338,$-69,$19,$70,$89,$-27,$2,$0,$-0,$-25,$-5,$-5,$-14,$0,$0,$0,$0,$11,$-8,$1,$0,$1,$0,$0,$0,$-6,$-5,$-18,$1,$0
6,2017-03-31,1.56,$3.77,0.41,$0.95,1.64,$-0.99,0.0,$-1.19,0.0,$0.08B,$0.04B,2.04,$0.08B,$0.27B,0.29,$0.07B,$0.03B,45.59%,$0.07B,$-0.02B,-23.53%,$0.07B,$-0.02B,-23.53%,$0.07B,$0.01B,19.12%,$0.07B,$-0.07B,-97.06%,$0.07B,$-0.08B,-123.53%,$-0.08B,$0.27B,-27.54%,$-0.08B,$0.16B,-44.50%,$-0.08B,$0.40B,-20.28%,$-0.02B,$0.35B,-4.91%,$22,$10,$12,$0,$4,$23,$-1,$-7,$-7,$5,$-13,$-13,$-13,$8,$-1,$72,72,$-0.18,$-0.18,$38,$23,$0,$84,$205,$0,$115,$0,$320,$404,$41,$78,$13,$90,$132,$152,$98,$0,$272,$404,$-13,$9,$12,$21,$-7,$-1,$0,$-0,$-5,$-2,$-0,$-10,$0,$0,$0,$0,$5,$-6,$2,$0,$2,$0,$0,$0,$-4,$-2,$-10,$0,$0
7,2016-12-31,1.69,$3.95,0.43,$0.89,1.9,$-0.97,0.0,$-1.24,0.0,$0.09B,$0.10B,0.84,$0.01B,$0.29B,0.02,$0.06B,$0.02B,37.50%,$0.06B,$-0.03B,-39.06%,$0.06B,$-0.03B,-39.06%,$0.06B,$0.01B,7.81%,$0.06B,$-0.07B,-115.63%,$0.06B,$-0.09B,-135.94%,$-0.09B,$0.29B,-26.69%,$-0.09B,$0.18B,-41.93%,$-0.09B,$0.41B,-20.53%,$-0.03B,$0.29B,-7.63%,$5,$6,$-0,$0,$6,$16,$-11,$-19,$-29,$5,$-34,$-34,$-34,$-6,$-11,$72,72,$-0.46,$-0.46,$50,$20,$0,$86,$214,$0,$106,$0,$320,$406,$103,$6,$12,$18,$121,$152,$111,$0,$285,$406,$-88,$29,$66,$95,$8,$-3,$0,$1,$7,$-1,$-56,$-19,$0,$0,$0,$0,$-12,$-87,$0,$0,$0,$0,$0,$0,$-5,$-5,$-95,$2,$0
8,2016-09-30,1.97,$4.42,0.45,$1.11,1.77,$0.57,3.48,$-1.24,0.0,$0.15B,$0.10B,1.56,$0.00B,$0.32B,0.0,$0.08B,$0.04B,48.75%,$0.08B,$-0.01B,-11.25%,$0.08B,$-0.01B,-11.25%,$0.08B,$0.02B,27.50%,$0.08B,$-0.08B,-98.75%,$0.08B,$-0.09B,-110.00%,$-0.09B,$0.32B,-25.31%,$-0.09B,$0.20B,-39.07%,$-0.09B,$0.41B,-20.17%,$-0.01B,$0.32B,-2.47%,$21,$11,$10,$0,$4,$21,$-1,$-21,$-21,$4,$-25,$-25,$-25,$6,$-1,$72,72,$-0.35,$-0.35,$100,$12,$0,$148,$148,$0,$118,$1,$266,$414,$95,$0,$0,$0,$95,$152,$145,$0,$319,$414,$-54,$25,$41,$66,$-9,$1,$0,$-0,$-9,$-7,$-7,$-11,$0,$0,$0,$0,$5,$-13,$0,$0,$0,$0,$0,$0,$-5,$-5,$-27,$2,$0
9,2016-06-30,1.83,$4.77,0.38,$1.14,1.61,$1.40,1.31,$-1.57,0.0,$0.15B,$0.09B,1.74,$0.00B,$0.34B,0.0,$0.08B,$0.04B,45.24%,$0.08B,$-0.02B,-20.24%,$0.08B,$-0.02B,-20.24%,$0.08B,$0.02B,23.81%,$0.08B,$-0.12B,-145.24%,$0.08B,$-0.11B,-130.95%,$-0.11B,$0.34B,-29.71%,$-0.11B,$0.22B,-44.53%,$-0.11B,$0.43B,-24.00%,$-0.02B,$0.34B,-4.22%,$20,$11,$9,$0,$4,$23,$-3,$-6,$-9,$3,$-12,$-12,$-12,$5,$-3,$72,72,$-0.17,$-0.17,$124,$12,$0,$154,$152,$0,$126,$1,$279,$433,$88,$0,$0,$0,$89,$152,$170,$0,$344,$433,$-28,$18,$16,$34,$7,$2,$0,$1,$8,$7,$-5,$-4,$0,$0,$0,$0,$3,$-6,$0,$0,$0,$0,$0,$0,$-3,$-3,$-3,$2,$0
10,2016-03-31,1.66,$4.93,0.34,$1.32,1.26,$1.72,0.97,$-1.57,0.0,$0.16B,$0.09B,1.89,$0.00B,$0.36B,0.0,$0.10B,$0.05B,50.00%,$0.10B,$-0.01B,-13.27%,$0.10B,$-0.01B,-13.27%,$0.10B,$0.03B,28.57%,$0.10B,$-0.12B,-125.51%,$0.10B,$-0.11B,-113.27%,$-0.11B,$0.36B,-27.78%,$-0.11B,$0.23B,-40.29%,$-0.11B,$0.44B,-22.20%,$-0.01B,$0.36B,-2.89%,$18,$13,$5,$0,$4,$27,$-10,$-5,$-15,$1,$-16,$-16,$-16,$0,$-10,$71,71,$-0.23,$-0.23,$122,$13,$0,$160,$157,$0,$124,$1,$282,$442,$85,$0,$0,$1,$86,$152,$182,$0,$356,$442,$-16,$10,$7,$17,$4,$0,$0,$0,$4,$1,$-3,$-2,$0,$0,$0,$0,$1,$-3,$0,$0,$0,$0,$0,$0,$-2,$-2,$-5,$0,$0
11,2015-12-31,1.8,$5.15,0.35,$1.43,1.26,$1.86,0.97,$-1.51,0.0,$0.17B,$0.02B,10.33,$0.06B,$0.37B,0.17,$0.11B,$0.06B,52.73%,$0.11B,$-0.01B,-10.00%,$0.11B,$-0.01B,-10.00%,$0.11B,$0.03B,28.18%,$0.11B,$-0.12B,-105.45%,$0.11B,$-0.11B,-96.36%,$-0.11B,$0.37B,-24.54%,$-0.11B,$0.25B,-34.17%,$-0.11B,$0.46B,-19.52%,$-0.01B,$0.44B,-2.20%,$21,$7,$15,$-0,$4,$16,$5,$-22,$-34,$1,$-35,$-35,$-35,$11,$5,$72,72,$-0.49,$-0.49,$127,$17,$0,$170,$162,$0,$122,$1,$285,$456,$16,$64,$0,$67,$84,$152,$198,$0,$372,$456,$-106,$43,$79,$43,$95,$-9,$0,$14,$86,$78,$-23,$-21,$2,$0,$0,$0,$-37,$-59,$0,$0,$0,$-12,$-12,$-13,$-6,$-31,$-13,$3,$-13
12,2015-09-30,2.6,$0.00,0.0,$1.77,1.47,$1.62,1.61,$-1.79,0.0,$0.19B,$0.02B,8.95,$0.07B,$0.41B,0.16,$0.14B,$0.08B,53.90%,$0.14B,$-0.01B,-4.26%,$0.14B,$-0.01B,-4.26%,$0.14B,$0.04B,31.21%,$0.14B,$-0.13B,-92.91%,$0.14B,$-0.12B,-86.52%,$-0.12B,$0.41B,-26.29%,$-0.12B,$0.29B,-35.31%,$-0.12B,$0.50B,-20.59%,$-0.01B,$0.47B,-1.09%,$25,$16,$9,$0,$4,$34,$-9,$-55,$-64,$-18,$-47,$-47,$-47,$4,$-9,$72,79,$-0.64,$-0.68,$127,$7,$5,$187,$0,$0,$121,$2,$123,$502,$21,$66,$0,$72,$93,$152,$235,$0,$409,$502,$-70,$37,$56,$94,$69,$-3,$0,$13,$69,$71,$-21,$-19,$0,$0,$0,$0,$-15,$-55,$0,$0,$0,$-12,$-12,$-11,$-5,$-29,$-14,$3,$-11
13,2015-06-30,3.86,$0.00,0.0,$2.28,1.69,$1.39,2.77,$-0.93,0.0,$0.21B,$0.03B,6.44,$0.07B,$0.46B,0.16,$0.18B,$0.12B,63.59%,$0.18B,$0.03B,17.93%,$0.18B,$0.03B,17.93%,$0.18B,$0.08B,44.57%,$0.18B,$-0.03B,-17.93%,$0.18B,$-0.06B,-30.43%,$-0.06B,$0.46B,-11.20%,$-0.06B,$0.33B,-14.55%,$-0.06B,$0.60B,-8.66%,$0.03B,$0.54B,5.59%,$34,$14,$20,$0,$7,$33,$1,$-11,$-10,$3,$-13,$-13,$-13,$13,$1,$74,74,$-0.17,$-0.17,$123,$6,$10,$212,$0,$0,$129,$2,$132,$600,$33,$74,$1,$106,$138,$155,$285,$0,$461,$600,$-24,$24,$18,$42,$45,$-3,$0,$7,$39,$42,$-16,$-20,$0,$0,$0,$0,$-3,$-40,$0,$0,$0,$-9,$-9,$-7,$-3,$-19,$-17,$3,$-7
14,2015-03-31,3.38,$0.00,0.0,$2.82,1.2,$1.12,3.03,$-0.41,0.0,$0.24B,$0.03B,8.76,$0.07B,$0.49B,0.14,$0.23B,$0.15B,68.14%,$0.23B,$0.07B,30.97%,$0.23B,$0.07B,30.97%,$0.23B,$0.12B,52.65%,$0.23B,$0.02B,9.29%,$0.23B,$-0.02B,-7.52%,$-0.02B,$0.49B,-3.28%,$-0.02B,$0.37B,-4.14%,$-0.02B,$0.61B,-2.52%,$0.07B,$0.55B,11.43%,$30,$15,$14,$0,$11,$38,$-8,$0,$-8,$3,$-11,$-11,$-11,$3,$-8,$75,82,$-0.15,$-0.17,$126,$4,$13,$235,$0,$0,$115,$2,$118,$614,$27,$66,$1,$101,$128,$164,$302,$0,$486,$614,$-11,$12,$3,$15,$26,$-2,$0,$4,$21,$18,$-8,$-6,$0,$0,$0,$0,$-11,$-25,$0,$0,$0,$0,$0,$-4,$-3,$-6,$-14,$1,$-4
15,2014-12-31,3.89,$6.65,0.58,$3.50,1.11,$0.86,4.53,$-0.02,0.0,$0.28B,$0.05B,6.09,$0.14B,$0.50B,0.28,$0.27B,$0.20B,72.63%,$0.27B,$0.12B,42.34%,$0.27B,$0.12B,42.34%,$0.27B,$0.17B,60.95%,$0.27B,$0.07B,23.72%,$0.27B,$0.01B,4.01%,$0.01B,$0.50B,2.09%,$0.01B,$0.39B,2.60%,$0.01B,$0.65B,1.59%,$0.12B,$0.64B,18.53%,$52,$20,$33,$-0,$8,$42,$10,$-69,$-49,$1,$-51,$-51,$-51,$24,$10,$75,83,$-0.67,$-0.77,$140,$0,$17,$275,$267,$0,$109,$2,$112,$654,$45,$138,$1,$178,$154,$164,$317,$0,$500,$654,$11,$52,$120,$52,$31,$1,$0,$-9,$26,$147,$-105,$-37,$0,$0,$0,$0,$1,$-104,$0,$0,$0,$3,$3,$-19,$-8,$-24,$18,$6,$-19
16,2014-09-30,5.61,$0.00,0.0,$3.94,1.42,$1.29,4.34,$0.84,6.68,$0.31B,$0.04B,8.53,$0.08B,$0.55B,0.15,$0.30B,$0.23B,75.91%,$0.30B,$0.15B,49.17%,$0.30B,$0.15B,49.17%,$0.30B,$0.20B,66.01%,$0.30B,$0.14B,47.19%,$0.30B,$0.07B,22.77%,$0.07B,$0.55B,13.10%,$0.07B,$0.45B,16.21%,$0.07B,$0.72B,9.88%,$0.15B,$0.64B,24.29%,$68,$18,$50,$0,$8,$38,$30,$4,$34,$15,$19,$19,$19,$42,$30,$75,82,$0.26,$0.18,$78,$1,$10,$305,$0,$0,$106,$2,$110,$720,$36,$83,$1,$132,$168,$164,$371,$0,$553,$720,$62,$37,$0,$37,$0,$0,$0,$0,$-71,$34,$0,$0,$0,$0,$0,$0,$-58,$-58,$0,$0,$0,$0,$0,$-15,$-4,$-19,$-44,$0,$0
17,2014-06-30,6.86,$0.00,0.0,$4.15,1.65,$1.29,5.31,$0.88,7.8,$0.30B,$0.03B,9.29,$0.09B,$0.54B,0.17,$0.31B,$0.24B,77.07%,$0.31B,$0.16B,51.59%,$0.31B,$0.16B,51.59%,$0.31B,$0.21B,67.83%,$0.31B,$0.15B,46.18%,$0.31B,$0.07B,21.02%,$0.07B,$0.54B,12.90%,$0.07B,$0.44B,15.49%,$0.07B,$0.71B,9.44%,$0.16B,$0.62B,26.61%,$76,$19,$57,$0,$7,$38,$38,$6,$44,$18,$26,$26,$26,$50,$38,$75,76,$0.35,$0.35,$110,$1,$11,$304,$0,$0,$101,$6,$109,$706,$33,$89,$1,$138,$170,$163,$356,$0,$536,$706,$43,$25,$0,$25,$0,$0,$0,$0,$-39,$37,$-31,$0,$0,$0,$0,$0,$-3,$-34,$0,$0,$0,$0,$2,$-11,$-4,$-14,$-12,$0,$0
18,2014-03-31,6.79,$0.00,0.0,$4.08,1.66,$1.59,4.27,$0.66,10.28,$0.30B,$0.04B,7.98,$0.09B,$0.52B,0.17,$0.31B,$0.24B,77.71%,$0.31B,$0.16B,52.23%,$0.31B,$0.16B,52.23%,$0.31B,$0.22B,68.79%,$0.31B,$0.13B,41.72%,$0.31B,$0.05B,15.92%,$0.05B,$0.52B,10.08%,$0.05B,$0.42B,11.75%,$0.05B,$0.69B,7.24%,$0.16B,$0.61B,27.54%,$78,$20,$59,$0,$7,$40,$38,$-2,$36,$19,$17,$17,$17,$51,$38,$75,76,$0.22,$0.22,$108,$3,$11,$296,$0,$0,$98,$2,$102,$692,$37,$88,$1,$137,$174,$162,$341,$0,$518,$692,$17,$13,$0,$13,$0,$0,$0,$0,$-29,$3,$-13,$0,$0,$0,$0,$0,$-1,$-14,$0,$0,$0,$0,$1,$0,$-4,$-3,$-14,$0,$0
19,2013-12-31,7.49,$0.00,0.0,$4.00,1.87,$2.17,3.44,$0.70,10.69,$0.28B,$0.04B,7.3,$0.09B,$0.50B,0.18,$0.32B,$0.25B,79.37%,$0.32B,$0.17B,54.92%,$0.32B,$0.17B,54.92%,$0.32B,$0.22B,70.79%,$0.32B,$0.14B,45.71%,$0.32B,$0.06B,18.41%,$0.06B,$0.50B,12.03%,$0.06B,$0.40B,13.78%,$0.06B,$0.68B,8.45%,$0.17B,$0.59B,29.46%,$81,$17,$64,$-0,$7,$38,$43,$-14,$29,$22,$7,$7,$7,$57,$43,$74,76,$0.09,$0.09,$122,$2,$8,$280,$0,$0,$98,$2,$102,$676,$38,$88,$1,$137,$176,$161,$324,$0,$500,$676,$59,$49,$0,$49,$0,$0,$0,$0,$60,$200,$-128,$0,$0,$0,$0,$0,$-4,$-132,$0,$0,$-18,$0,$1,$0,$-10,$-27,$39,$0,$0
20,2013-09-30,7.04,$0.00,0.0,$4.05,1.74,$1.81,3.88,$1.00,7.04,$0.38B,$0.06B,6.58,$0.12B,$0.49B,0.25,$0.33B,$0.26B,80.06%,$0.33B,$0.19B,57.06%,$0.33B,$0.19B,57.06%,$0.33B,$0.23B,71.78%,$0.33B,$0.17B,52.76%,$0.33B,$0.09B,26.38%,$0.09B,$0.49B,18.45%,$0.09B,$0.45B,20.71%,$0.09B,$0.72B,12.64%,$0.19B,$0.62B,32.18%,$79,$17,$62,$0,$7,$36,$43,$-6,$36,$20,$16,$16,$16,$55,$43,$74,76,$0.22,$0.22,$128,$1,$8,$376,$0,$0,$46,$1,$47,$724,$57,$124,$1,$174,$231,$160,$317,$0,$492,$724,$52,$35,$0,$35,$0,$0,$0,$0,$-12,$90,$-60,$0,$0,$0,$0,$0,$2,$-58,$0,$0,$16,$0,$1,$0,$-3,$14,$45,$0,$0
21,2013-06-30,5.55,$0.00,0.0,$4.00,1.39,$1.39,4.01,$0.94,5.91,$0.33B,$0.05B,7.1,$0.10B,$0.47B,0.21,$0.32B,$0.26B,81.37%,$0.32B,$0.19B,58.07%,$0.32B,$0.19B,58.07%,$0.32B,$0.23B,72.67%,$0.32B,$0.17B,53.11%,$0.32B,$0.08B,25.47%,$0.08B,$0.47B,18.51%,$0.08B,$0.43B,21.03%,$0.08B,$0.67B,12.46%,$0.19B,$0.57B,33.54%,$76,$18,$59,$0,$6,$36,$40,$-10,$30,$19,$10,$10,$10,$53,$40,$74,82,$0.14,$0.13,$101,$0,$10,$334,$0,$0,$41,$1,$42,$671,$47,$97,$1,$150,$197,$159,$301,$0,$474,$671,$35,$23,$0,$23,$0,$0,$0,$0,$-1,$68,$-37,$0,$0,$0,$0,$0,$-6,$-43,$0,$0,$-0,$0,$1,$0,$-6,$-6,$18,$0,$0
22,2013-03-31,7.66,$0.00,0.0,$3.69,2.08,$1.09,7.02,$1.06,7.23,$0.32B,$0.05B,7.16,$0.11B,$0.46B,0.24,$0.32B,$0.27B,82.81%,$0.32B,$0.19B,59.69%,$0.32B,$0.19B,59.69%,$0.32B,$0.24B,73.75%,$0.32B,$0.19B,60.00%,$0.32B,$0.10B,31.88%,$0.10B,$0.46B,24.24%,$0.10B,$0.40B,27.91%,$0.10B,$0.67B,15.80%,$0.19B,$0.57B,35.09%,$79,$15,$65,$0,$7,$33,$47,$2,$49,$24,$25,$25,$25,$58,$47,$74,82,$0.34,$0.26,$112,$0,$6,$323,$0,$0,$60,$1,$61,$673,$45,$111,$1,$165,$210,$159,$290,$0,$462,$673,$25,$11,$0,$11,$0,$0,$0,$0,$16,$52,$-15,$0,$0,$0,$0,$0,$-4,$-19,$0,$0,$0,$0,$0,$0,$-4,$-3,$29,$0,$0
23,2012-12-31,8.41,$0.00,0.0,$3.74,2.25,$0.61,13.86,$0.95,8.85,$0.31B,$0.05B,6.4,$0.12B,$0.44B,0.27,$0.32B,$0.27B,83.33%,$0.32B,$0.19B,59.75%,$0.32B,$0.19B,59.75%,$0.32B,$0.24B,74.21%,$0.32B,$0.18B,55.35%,$0.32B,$0.09B,27.67%,$0.09B,$0.44B,22.36%,$0.09B,$0.38B,25.38%,$0.09B,$0.65B,13.76%,$0.19B,$0.55B,35.85%,$92,$17,$75,$-0,$7,$37,$56,$2,$57,$22,$35,$35,$35,$68,$56,$74,82,$0.47,$0.39,$83,$0,$7,$311,$0,$0,$57,$1,$57,$653,$49,$116,$1,$169,$218,$159,$265,$0,$436,$653,$88,$47,$0,$47,$0,$0,$0,$0,$-60,$94,$-46,$0,$-27,$0,$0,$0,$-29,$-103,$0,$0,$52,$0,$3,$0,$-8,$47,$39,$0,$0
24,2012-09-30,9.72,$0.00,0.0,$3.44,2.83,$0.06,168.53,$0.97,10.03,$0.30B,$0.05B,6.3,$0.14B,$0.40B,0.34,$0.29B,$0.24B,83.62%,$0.29B,$0.17B,58.89%,$0.29B,$0.17B,58.89%,$0.29B,$0.21B,73.87%,$0.29B,$0.17B,57.84%,$0.29B,$0.08B,29.27%,$0.08B,$0.40B,22.73%,$0.08B,$0.35B,25.40%,$0.08B,$0.64B,13.82%,$0.17B,$0.54B,34.37%,$75,$12,$63,$0,$7,$30,$44,$-10,$35,$23,$12,$12,$12,$55,$44,$73,76,$0.16,$0.16,$46,$2,$8,$300,$0,$0,$54,$1,$56,$636,$48,$135,$1,$188,$236,$159,$231,$0,$400,$636,$53,$35,$0,$35,$0,$0,$0,$0,$-78,$29,$-30,$0,$-28,$0,$0,$0,$-33,$-92,$0,$93,$-27,$0,$3,$0,$-6,$64,$2,$0,$0
25,2012-06-30,8.01,$0.00,0.0,$3.40,2.36,$0.22,35.91,$1.16,6.91,$0.29B,$0.05B,5.73,$0.13B,$0.39B,0.35,$0.28B,$0.24B,84.15%,$0.28B,$0.17B,60.56%,$0.28B,$0.17B,60.56%,$0.28B,$0.21B,75.35%,$0.28B,$0.18B,62.32%,$0.28B,$0.10B,34.51%,$0.10B,$0.39B,28.26%,$0.10B,$0.34B,31.09%,$0.10B,$0.62B,17.35%,$0.17B,$0.52B,38.26%,$74,$11,$62,$0,$7,$30,$44,$8,$51,$21,$30,$30,$30,$55,$44,$74,121,$0.41,$0.25,$72,$0,$4,$291,$0,$0,$50,$1,$51,$621,$51,$133,$1,$185,$236,$156,$219,$0,$385,$621,$41,$24,$0,$24,$0,$0,$0,$0,$-45,$26,$-17,$0,$-23,$0,$0,$0,$-33,$-73,$0,$93,$-20,$0,$2,$0,$0,$75,$28,$0,$0
26,2012-03-31,10.82,$0.00,0.0,$3.62,2.99,$0.50,21.61,$1.20,9.01,$0.34B,$0.08B,4.32,$0.16B,$0.35B,0.46,$0.27B,$0.23B,84.62%,$0.27B,$0.17B,61.90%,$0.27B,$0.17B,61.90%,$0.27B,$0.21B,76.19%,$0.27B,$0.17B,60.44%,$0.27B,$0.09B,32.97%,$0.09B,$0.35B,28.04%,$0.09B,$0.33B,30.43%,$0.09B,$0.65B,17.48%,$0.17B,$0.52B,41.75%,$77,$12,$65,$1,$7,$31,$46,$-14,$33,$22,$11,$11,$11,$58,$46,$73,75,$0.15,$0.15,$127,$0,$6,$343,$0,$0,$26,$2,$28,$648,$79,$164,$1,$216,$295,$155,$189,$0,$353,$648,$11,$12,$0,$12,$0,$0,$0,$0,$-34,$2,$-4,$0,$0,$0,$0,$0,$-8,$-12,$0,$0,$93,$0,$0,$0,$-0,$94,$83,$0,$0
27,2011-12-31,7.07,$0.00,0.0,$3.31,2.14,$0.33,21.31,$1.09,6.49,$0.21B,$0.07B,2.9,$0.06B,$0.34B,0.17,$0.25B,$0.21B,85.08%,$0.25B,$0.16B,62.90%,$0.25B,$0.16B,62.90%,$0.25B,$0.19B,76.61%,$0.25B,$0.15B,60.89%,$0.25B,$0.08B,33.06%,$0.08B,$0.34B,27.59%,$0.08B,$0.32B,30.06%,$0.08B,$0.53B,18.06%,$0.16B,$0.40B,44.01%,$61,$10,$50,$2,$5,$26,$35,$12,$47,$16,$31,$31,$31,$44,$35,$73,74,$0.42,$0.41,$44,$0,$7,$214,$0,$0,$26,$2,$28,$526,$74,$58,$1,$112,$185,$154,$178,$0,$340,$526,$81,$35,$0,$35,$0,$0,$0,$0,$-56,$64,$-61,$0,$-74,$0,$0,$0,$17,$-118,$0,$0,$-30,$0,$78,$0,$-7,$41,$-14,$0,$0
28,2011-09-30,7.19,$0.00,0.0,$3.17,2.27,$1.07,6.72,$0.79,9.1,$0.23B,$0.07B,3.5,$0.06B,$0.31B,0.19,$0.23B,$0.20B,85.34%,$0.23B,$0.14B,61.64%,$0.23B,$0.14B,61.64%,$0.23B,$0.18B,76.72%,$0.23B,$0.12B,53.45%,$0.23B,$0.06B,25.43%,$0.06B,$0.31B,22.20%,$0.06B,$0.28B,24.03%,$0.06B,$0.47B,14.46%,$0.14B,$0.37B,43.33%,$72,$10,$62,$0,$5,$25,$47,$-1,$46,$19,$26,$26,$26,$57,$47,$73,75,$0.36,$0.35,$105,$0,$5,$230,$0,$0,$25,$2,$28,$465,$66,$57,$1,$91,$156,$154,$147,$0,$309,$465,$51,$26,$0,$26,$0,$0,$0,$0,$-32,$59,$-48,$0,$0,$0,$0,$0,$-7,$-56,$0,$0,$-30,$0,$73,$0,$1,$44,$47,$0,$0
29,2011-06-30,10.21,$0.00,0.0,$2.78,3.67,$0.71,14.45,$0.57,17.91,$0.20B,$0.05B,4.06,$0.06B,$0.28B,0.2,$0.20B,$0.17B,84.42%,$0.20B,$0.12B,58.29%,$0.20B,$0.12B,58.29%,$0.20B,$0.15B,75.88%,$0.20B,$0.10B,48.74%,$0.20B,$0.04B,21.11%,$0.04B,$0.28B,17.57%,$0.04B,$0.26B,18.83%,$0.04B,$0.42B,11.64%,$0.12B,$0.34B,38.57%,$63,$9,$54,$0,$5,$22,$41,$-1,$39,$17,$22,$22,$22,$49,$41,$73,75,$0.30,$0.29,$123,$0,$2,$195,$0,$0,$25,$2,$27,$421,$48,$57,$1,$91,$139,$154,$121,$0,$282,$421,$25,$16,$0,$16,$0,$0,$0,$0,$2,$56,$-29,$0,$0,$0,$0,$0,$-6,$-35,$0,$0,$-30,$0,$73,$0,$1,$44,$65,$0,$0
30,2011-03-31,13.61,$0.00,0.0,$2.47,5.5,$0.23,58.72,$0.42,32.41,$0.19B,$0.05B,3.52,$0.06B,$0.26B,0.22,$0.17B,$0.14B,83.72%,$0.17B,$0.09B,54.65%,$0.17B,$0.09B,54.65%,$0.17B,$0.13B,75.00%,$0.17B,$0.08B,44.77%,$0.17B,$0.03B,16.86%,$0.03B,$0.26B,13.41%,$0.03B,$0.24B,14.18%,$0.03B,$0.40B,9.03%,$0.09B,$0.32B,34.03%,$52,$8,$45,$0,$5,$20,$33,$-14,$19,$17,$3,$3,$3,$40,$33,$71,74,$0.04,$0.04,$86,$0,$2,$189,$0,$0,$23,$2,$25,$404,$54,$57,$0,$92,$146,$153,$99,$0,$258,$404,$3,$8,$0,$8,$0,$0,$0,$0,$-21,$3,$-18,$0,$0,$0,$0,$0,$1,$-17,$0,$0,$-30,$0,$73,$0,$0,$43,$29,$0,$0
31,2010-12-31,14.3,$0.00,0.0,$2.32,6.16,$0.30,48.38,$0.55,26.0,$0.13B,$0.04B,3.11,$0.09B,$0.21B,0.4,$0.16B,$0.13B,83.44%,$0.16B,$0.08B,52.23%,$0.16B,$0.08B,52.23%,$0.16B,$0.12B,74.52%,$0.16B,$0.08B,49.68%,$0.16B,$0.04B,24.20%,$0.04B,$0.21B,19.41%,$0.04B,$0.21B,20.24%,$0.04B,$0.34B,13.46%,$0.08B,$0.30B,33.95%,$45,$8,$37,$0,$5,$23,$22,$-2,$20,$12,$8,$8,$8,$32,$22,$67,67,$0.12,$0.11,$58,$0,$3,$130,$0,$0,$8,$3,$12,$342,$42,$86,$0,$86,$128,$80,$118,$0,$214,$342,$38,$35,$0,$35,$0,$0,$0,$0,$-23,$52,$0,$0,$0,$0,$0,$0,$-56,$-56,$0,$0,$40,$0,$10,$0,$-4,$46,$42,$0,$0
32,2010-09-30,8.47,$0.00,0.0,$2.08,4.08,$-0.46,0.0,$0.48,17.65,$0.08B,$0.03B,2.75,$0.05B,$0.20B,0.23,$0.14B,$0.12B,81.56%,$0.14B,$0.07B,50.35%,$0.14B,$0.07B,50.35%,$0.14B,$0.10B,73.05%,$0.14B,$0.07B,47.52%,$0.14B,$0.03B,23.40%,$0.03B,$0.20B,18.01%,$0.03B,$0.19B,18.83%,$0.03B,$0.28B,12.99%,$0.07B,$0.25B,34.22%,$39,$7,$32,$0,$3,$19,$20,$-1,$19,$10,$9,$9,$9,$30,$20,$67,69,$0.13,$0.13,$15,$0,$3,$75,$0,$0,$8,$2,$10,$276,$27,$46,$0,$46,$73,$77,$110,$0,$202,$276,$30,$25,$0,$25,$0,$0,$0,$0,$-23,$32,$-47,$0,$0,$0,$0,$0,$11,$-36,$0,$0,$0,$0,$7,$0,$-4,$3,$-1,$0,$0
33,2010-06-30,6.55,$0.00,0.0,$1.95,3.36,$0.13,48.84,$0.33,19.86,$0.07B,$0.02B,3.36,$0.05B,$0.19B,0.26,$0.13B,$0.11B,80.77%,$0.13B,$0.06B,43.08%,$0.13B,$0.06B,43.08%,$0.13B,$0.09B,70.77%,$0.13B,$0.05B,40.77%,$0.13B,$0.02B,16.92%,$0.02B,$0.19B,12.74%,$0.02B,$0.18B,13.35%,$0.02B,$0.26B,9.08%,$0.06B,$0.24B,30.23%,$36,$6,$30,$0,$3,$17,$19,$-0,$19,$9,$9,$9,$9,$27,$19,$66,69,$0.14,$0.14,$21,$0,$2,$74,$0,$0,$8,$0,$9,$263,$22,$50,$0,$50,$72,$74,$101,$0,$191,$263,$21,$15,$0,$15,$0,$0,$0,$0,$-16,$20,$-28,$0,$0,$0,$0,$0,$8,$-20,$0,$0,$0,$0,$6,$0,$-1,$5,$5,$0,$0
34,2010-03-31,5.19,$0.00,0.0,$1.78,2.92,$0.34,15.43,$0.12,43.28,$0.07B,$0.07B,0.92,$0.00B,$0.18B,0.0,$0.12B,$0.09B,79.49%,$0.12B,$0.04B,32.48%,$0.12B,$0.04B,32.48%,$0.12B,$0.08B,69.23%,$0.12B,$0.04B,29.91%,$0.12B,$0.01B,7.69%,$0.01B,$0.18B,5.44%,$0.01B,$0.17B,5.72%,$0.01B,$0.25B,3.85%,$0.04B,$0.18B,21.29%,$37,$6,$32,$0,$3,$17,$21,$-1,$20,$9,$12,$12,$12,$28,$21,$65,67,$0.18,$0.17,$19,$0,$2,$67,$0,$0,$8,$0,$8,$248,$73,$0,$0,$0,$73,$66,$92,$0,$176,$248,$12,$7,$0,$7,$0,$0,$0,$0,$-15,$4,$-13,$0,$0,$0,$0,$0,$12,$-2,$0,$0,$0,$0,$0,$0,$0,$0,$3,$0,$0
35,2009-12-31,2.98,$0.00,0.0,$1.52,1.96,$0.46,6.52,$-0.13,0.0,$0.05B,$0.07B,0.82,$0.00B,$0.16B,0.0,$0.10B,$0.08B,75.76%,$0.10B,$0.02B,16.16%,$0.10B,$0.02B,16.16%,$0.10B,$0.06B,64.65%,$0.10B,$0.01B,13.13%,$0.10B,$-0.01B,-8.08%,$-0.01B,$0.16B,-4.92%,$-0.01B,$0.16B,-5.18%,$-0.01B,$0.23B,-3.46%,$0.02B,$0.16B,8.41%,$29,$7,$21,$0,$4,$18,$11,$-1,$9,$7,$3,$3,$3,$18,$11,$65,67,$0.04,$0.04,$16,$0,$2,$53,$0,$0,$8,$0,$8,$229,$65,$0,$0,$0,$65,$66,$80,$0,$164,$229,$-8,$48,$0,$48,$0,$0,$0,$0,$-8,$37,$-36,$0,$0,$0,$0,$0,$1,$-34,$0,$0,$-8,$0,$17,$0,$-3,$6,$9,$0,$0
36,2009-09-30,3.2,$0.00,0.0,$1.61,1.99,$1.42,2.25,$-0.04,0.0,$0.05B,$0.07B,0.79,$0.00B,$0.16B,0.0,$0.10B,$0.08B,78.00%,$0.10B,$0.02B,17.00%,$0.10B,$0.02B,17.00%,$0.10B,$0.07B,69.00%,$0.10B,$0.02B,15.00%,$0.10B,$-0.00B,-3.00%,$-0.00B,$0.16B,-1.87%,$-0.00B,$0.15B,-1.97%,$-0.00B,$0.23B,-1.30%,$0.02B,$0.16B,8.41%,$28,$7,$22,$0,$3,$24,$5,$-0,$5,$6,$-2,$-2,$-2,$19,$5,$65,65,$-0.02,$-0.02,$15,$0,$2,$54,$0,$0,$8,$0,$8,$229,$68,$0,$0,$0,$68,$66,$77,$0,$160,$229,$-11,$41,$0,$41,$0,$0,$0,$0,$-11,$24,$0,$0,$0,$0,$0,$0,$-26,$-26,$0,$0,$-5,$0,$16,$0,$-2,$9,$7,$0,$0
37,2009-06-30,2.39,$0.00,0.0,$1.77,1.35,$1.32,1.8,$0.39,6.13,$0.05B,$0.02B,3.34,$0.05B,$0.16B,0.33,$0.11B,$0.09B,79.82%,$0.11B,$0.03B,29.36%,$0.11B,$0.03B,29.36%,$0.11B,$0.08B,72.48%,$0.11B,$0.05B,41.28%,$0.11B,$0.02B,22.02%,$0.02B,$0.16B,15.26%,$0.02B,$0.15B,16.16%,$0.02B,$0.23B,10.31%,$0.03B,$0.21B,15.01%,$23,$5,$18,$0,$2,$22,$1,$-3,$1,$6,$-4,$-4,$-4,$16,$1,$65,65,$-0.07,$-0.07,$24,$0,$1,$51,$0,$0,$8,$0,$8,$230,$15,$53,$0,$53,$68,$66,$79,$0,$162,$230,$-9,$27,$0,$27,$0,$0,$0,$0,$0,$23,$-17,$0,$0,$0,$0,$0,$1,$-16,$0,$0,$-5,$0,$16,$0,$-2,$9,$16,$0,$0
38,2009-03-31,2.49,$0.00,0.0,$1.74,1.43,$1.49,1.68,$0.37,6.73,$0.05B,$0.02B,3.49,$0.06B,$0.17B,0.35,$0.11B,$0.08B,80.00%,$0.11B,$0.03B,32.38%,$0.11B,$0.03B,32.38%,$0.11B,$0.08B,71.43%,$0.11B,$0.04B,41.90%,$0.11B,$0.02B,21.90%,$0.02B,$0.17B,15.62%,$0.02B,$0.16B,16.58%,$0.02B,$0.24B,10.14%,$0.03B,$0.22B,16.92%,$19,$5,$14,$0,$3,$20,$-1,$-1,$-2,$3,$-5,$-5,$-5,$11,$-1,$62,62,$-0.08,$-0.08,$22,$0,$3,$53,$0,$0,$8,$0,$8,$238,$15,$57,$0,$57,$73,$66,$83,$0,$165,$238,$-5,$12,$-0,$12,$0,$0,$0,$0,$-1,$8,$-9,$0,$0,$0,$0,$0,$1,$-8,$0,$0,$0,$0,$15,$0,$-1,$14,$14,$0,$0
39,2008-12-31,2.21,$0.00,0.0,$1.86,1.19,$1.77,1.25,$0.52,4.25,$0.04B,$0.02B,2.47,$0.06B,$0.16B,0.37,$0.11B,$0.09B,82.14%,$0.11B,$0.05B,41.07%,$0.11B,$0.05B,41.07%,$0.11B,$0.08B,74.11%,$0.11B,$0.06B,50.00%,$0.11B,$0.03B,28.57%,$0.03B,$0.16B,23.27%,$0.03B,$0.15B,24.76%,$0.03B,$0.23B,13.94%,$0.05B,$0.21B,24.37%,$30,$6,$24,$0,$3,$18,$12,$8,$11,$4,$7,$7,$8,$23,$12,$55,59,$0.14,$0.13,$8,$0,$4,$40,$0,$0,$9,$0,$9,$228,$16,$57,$0,$57,$74,$51,$88,$0,$155,$228,$32,$37,$-2,$36,$0,$0,$0,$0,$-1,$58,$0,$0,$-16,$0,$0,$0,$-47,$-62,$0,$0,$0,$0,$-1,$0,$-0,$-1,$-5,$0,$0
40,2008-09-30,2.75,$0.00,0.0,$1.72,1.6,$1.06,2.59,$0.38,7.23,$0.05B,$0.03B,1.93,$0.06B,$0.15B,0.39,$0.11B,$0.09B,80.95%,$0.11B,$0.04B,38.10%,$0.11B,$0.04B,38.10%,$0.11B,$0.08B,71.43%,$0.11B,$0.05B,47.62%,$0.11B,$0.02B,21.90%,$0.02B,$0.15B,17.76%,$0.02B,$0.14B,18.78%,$0.02B,$0.24B,10.29%,$0.04B,$0.20B,22.28%,$37,$5,$31,$0,$2,$16,$20,$14,$35,$10,$25,$25,$25,$29,$20,$60,61,$0.41,$0.41,$9,$0,$2,$52,$0,$0,$8,$0,$8,$235,$27,$57,$4,$61,$88,$50,$81,$0,$147,$235,$24,$26,$15,$41,$0,$0,$0,$0,$-7,$47,$-30,$0,$-15,$0,$0,$0,$-4,$-49,$0,$0,$0,$0,$-1,$0,$-1,$-2,$-4,$0,$0
41,2008-06-30,4.53,$0.00,0.0,$1.44,3.14,$1.30,3.49,$0.05,90.62,$0.05B,$0.03B,1.72,$0.04B,$0.12B,0.35,$0.09B,$0.07B,79.55%,$0.09B,$0.03B,31.82%,$0.09B,$0.03B,31.82%,$0.09B,$0.06B,69.32%,$0.09B,$0.02B,26.14%,$0.09B,$0.00B,3.41%,$0.00B,$0.12B,2.42%,$0.00B,$0.11B,2.55%,$0.00B,$0.21B,1.39%,$0.03B,$0.17B,16.09%,$19,$4,$15,$0,$3,$16,$3,$-23,$0,$12,$-11,$-11,$-5,$12,$3,$60,60,$-0.09,$-0.09,$12,$0,$2,$51,$0,$0,$8,$0,$8,$206,$29,$42,$12,$54,$83,$51,$57,$0,$122,$206,$-9,$17,$6,$23,$0,$0,$0,$0,$-10,$26,$-11,$0,$3,$0,$0,$0,$-3,$-12,$0,$0,$-15,$0,$1,$0,$-1,$-15,$-1,$0,$0
42,2008-03-31,4.36,$0.00,0.0,$1.46,2.99,$1.10,3.98,$0.18,24.23,$0.09B,$0.08B,1.2,$0.05B,$0.13B,0.38,$0.09B,$0.07B,79.78%,$0.09B,$0.03B,33.71%,$0.09B,$0.03B,33.71%,$0.09B,$0.06B,71.91%,$0.09B,$0.03B,31.46%,$0.09B,$0.01B,11.24%,$0.01B,$0.13B,8.21%,$0.01B,$0.12B,8.49%,$0.01B,$0.25B,5.12%,$0.03B,$0.17B,18.60%,$26,$4,$22,$0,$2,$14,$11,$-6,$10,$7,$2,$2,$4,$19,$11,$60,61,$0.07,$0.07,$12,$0,$54,$91,$0,$0,$8,$0,$8,$249,$75,$48,$0,$48,$123,$51,$62,$0,$126,$249,$2,$8,$5,$13,$0,$0,$0,$0,$-2,$16,$0,$0,$-47,$0,$0,$0,$-9,$-56,$0,$0,$40,$0,$0,$0,$-1,$39,$-1,$0,$0
43,2007-12-31,4.55,$0.00,0.0,$1.32,3.43,$0.85,5.36,$0.21,21.66,$0.03B,$0.03B,1.21,$0.05B,$0.12B,0.42,$0.08B,$0.06B,80.00%,$0.08B,$0.03B,33.75%,$0.08B,$0.03B,33.75%,$0.08B,$0.06B,73.75%,$0.08B,$0.03B,32.50%,$0.08B,$0.01B,15.00%,$0.01B,$0.12B,10.23%,$0.01B,$0.12B,10.43%,$0.01B,$0.20B,7.36%,$0.03B,$0.18B,18.65%,$23,$5,$17,$0,$3,$17,$6,$-0,$5,$5,$-1,$-1,$-1,$15,$6,$60,61,$-0.02,$-0.01,$13,$0,$1,$32,$0,$0,$4,$2,$6,$204,$26,$52,$3,$55,$81,$50,$58,$0,$123,$204,$13,$31,$0,$31,$0,$0,$0,$0,$1,$54,$-37,$0,$-68,$0,$0,$0,$-2,$-107,$0,$58,$0,$0,$0,$0,$-1,$57,$4,$0,$0
44,2007-09-30,4.5,$0.00,0.0,$1.25,3.6,$0.50,8.95,$0.30,15.01,$0.03B,$0.02B,1.79,$0.06B,$0.12B,0.47,$0.08B,$0.06B,81.33%,$0.08B,$0.03B,37.33%,$0.08B,$0.03B,37.33%,$0.08B,$0.06B,76.00%,$0.08B,$0.03B,37.33%,$0.08B,$0.02B,24.00%,$0.02B,$0.12B,16.11%,$0.02B,$0.12B,16.29%,$0.02B,$0.20B,12.77%,$0.03B,$0.18B,22.18%,$20,$3,$16,$0,$1,$12,$8,$-1,$8,$3,$5,$5,$5,$15,$8,$60,60,$0.09,$0.08,$11,$0,$0,$32,$0,$0,$5,$2,$6,$203,$18,$58,$3,$61,$79,$50,$59,$0,$124,$203,$14,$23,$0,$23,$0,$0,$0,$0,$-7,$31,$0,$0,$-68,$0,$0,$0,$-23,$-91,$0,$0,$63,$0,$0,$0,$-1,$62,$2,$0,$0
45,2007-06-30,3.99,$0.00,0.0,$1.23,3.24,$-0.03,0.0,$0.34,11.75,$0.02B,$0.01B,1.93,$0.00B,$0.11B,0.0,$0.07B,$0.06B,82.43%,$0.07B,$0.03B,40.54%,$0.07B,$0.03B,40.54%,$0.07B,$0.06B,77.03%,$0.07B,$0.03B,40.54%,$0.07B,$0.02B,27.03%,$0.02B,$0.11B,19.00%,$0.02B,$0.11B,19.00%,$0.02B,$0.13B,16.95%,$0.03B,$0.11B,28.50%,$20,$4,$16,$0,$1,$16,$5,$-0,$5,$2,$2,$2,$2,$15,$5,$60,61,$0.04,$0.04,$9,$0,$1,$18,$0,$0,$0,$2,$2,$126,$9,$0,$2,$2,$12,$50,$53,$0,$114,$126,$8,$16,$0,$16,$0,$0,$0,$0,$-2,$23,$-20,$0,$0,$0,$0,$0,$-3,$-23,$0,$0,$0,$0,$-0,$0,$0,$-0,$0,$0,$0
46,2007-03-31,3.52,$0.00,0.0,$1.20,2.92,$-0.01,0.0,$0.42,8.38,$0.02B,$0.01B,1.35,$0.00B,$0.11B,0.0,$0.07B,$0.06B,83.56%,$0.07B,$0.04B,47.95%,$0.07B,$0.04B,47.95%,$0.07B,$0.06B,78.08%,$0.07B,$0.04B,47.95%,$0.07B,$0.03B,34.25%,$0.03B,$0.11B,25.19%,$0.03B,$0.11B,25.19%,$0.03B,$0.12B,22.12%,$0.04B,$0.11B,35.26%,$17,$2,$15,$0,$1,$9,$8,$0,$8,$2,$6,$6,$6,$14,$8,$60,60,$0.10,$0.10,$7,$0,$1,$15,$0,$0,$0,$2,$2,$119,$11,$0,$0,$0,$11,$50,$51,$0,$108,$119,$6,$6,$0,$6,$0,$0,$0,$0,$-0,$12,$-10,$0,$0,$0,$0,$0,$-3,$-14,$0,$0,$0,$0,$0,$0,$0,$0,$-2,$0,$0
47,2006-12-31,4.49,$0.00,0.0,$1.17,3.84,$-0.03,0.0,$0.43,10.43,$0.02B,$0.01B,1.32,$0.00B,$0.10B,0.0,$0.07B,$0.06B,83.10%,$0.07B,$0.04B,49.30%,$0.07B,$0.04B,49.30%,$0.07B,$0.06B,77.46%,$0.07B,$0.04B,49.30%,$0.07B,$0.03B,36.62%,$0.03B,$0.10B,28.11%,$0.03B,$0.10B,28.11%,$0.03B,$0.12B,24.41%,$0.04B,$0.10B,37.84%,$18,$4,$14,$0,$1,$11,$7,$-0,$7,$3,$5,$5,$5,$13,$7,$59,59,$0.08,$0.08,$9,$1,$1,$18,$0,$0,$0,$2,$2,$116,$14,$0,$2,$2,$16,$49,$45,$0,$101,$116,$26,$19,$0,$19,$0,$0,$0,$0,$1,$47,$-52,$0,$0,$0,$0,$0,$1,$-51,$0,$0,$0,$0,$0,$0,$-0,$-0,$-3,$0,$0
