,Date,Stock Price,Book Value per Share,Price to Book Ratio,TTM Sales per Share,Price to Sales Ratio,TTM FCF per Share,Price to FCF Ratio,TTM Net EPS,PE Ratio,Current Assets,Current Liabilities,Current Ratio,Long Term Debt,Shareholder's Equity_x,Debt to Equity Ratio,TTM Revenue_x,TTM Gross Profit,Gross Margin,TTM Revenue_y,TTM Operating Income,Operating Margin,TTM Revenue_x,TTM EBIT,EBIT Margin,TTM Revenue_y,TTM EBITDA,EBITDA Margin,TTM Revenue_x,TTM Pre-Tax Income,Pre-Tax Margin,TTM Revenue_y,TTM Net Income_x,Net Margin,TTM Net Income_y,Shareholder's Equity_y,Return on Equity,TTM Net Income_x,Tangible Equity,Return on Tangible Equity,TTM Net Income_y,Total Assets,Return on Assets,TTM Net Income,LT Investments & Debt,Return on Investment,revenue,cost-goods-sold,gross-profit,research-development-expenses,selling-general-administrative-expenses,operating-expenses,operating-income,total-non-operating-income-expense,pre-tax-income,total-provision-income-taxes,income-after-taxes,income-from-continuous-operations,net-income,ebitda,ebit,basic-shares-outstanding,shares-outstanding,eps-basic-net-earnings-per-share,eps-earnings-per-share-diluted,cash-on-hand,inventory,other-current-assets,total-current-assets,net-property-plant-equipment,long-term-investments,goodwill-intangible-assets-total,other-long-term-assets,total-long-term-assets,total-assets,total-current-liabilities,long-term-debt,other-non-current-liabilities,total-long-term-liabilities,total-liabilities,common-stock-net,retained-earnings-accumulated-deficit,comprehensive-income,total-share-holder-equity,total-liabilities-share-holders-equity,net-income-loss,total-depreciation-amortization-cash-flow,other-non-cash-items,total-non-cash-items,change-in-accounts-receivable,change-in-inventories,change-in-accounts-payable,change-in-assets-liabilities,total-change-in-assets-liabilities,cash-flow-from-operating-activities,net-change-in-property-plant-equipment,net-change-in-intangible-assets,net-acquisitions-divestitures,net-change-in-short-term-investments,net-change-in-long-term-investments,net-change-in-investments-total,investing-activities-other,cash-flow-from-investing-activities,net-long-term-debt,net-current-debt,debt-issuance-retirement-net-total,net-common-equity-issued-repurchased,net-total-equity-issued-repurchased,total-common-preferred-stock-dividends-paid,financial-activities-other,cash-flow-from-financial-activities,net-cash-flow,stock-based-compensation,common-stock-dividends-paid
0,2018-09-30,23.3,$-4.78,-4.88,$67.85,0.34,$-13.48,0.0,$-10.17,0.0,$1.54B,$1.16B,1.33,$1.61B,$-0.24B,-6.78,$3.36B,$0.58B,17.17%,$3.36B,$-0.43B,-12.83%,$3.36B,$-0.43B,-12.83%,$3.36B,$0.17B,4.97%,$3.36B,$-0.54B,-16.16%,$3.36B,$-0.51B,-15.18%,$-0.51B,$-0.24B,-277.55%,$-0.51B,$-1.30B,51.41%,$-0.51B,$3.38B,-13.79%,$-0.43B,$1.38B,-26.00%,$855,$724,$131,$0,$70,$857,$-2,$-12,$-14,$0,$-15,$-15,$-15,$22,$-2,$50,50,$-0.30,$-0.30,$33,$534,$571,$1544,$714,$0,$1066,$51,$1832,$3375,$1162,$1613,$375,$2452,$3613,$0,$-534,$-382,$-238,$3375,$-91,$48,$24,$72,$-5,$-50,$-101,$-25,$-181,$-197,$17,$0,$0,$0,$0,$0,$0,$17,$-34,$220,$186,$0,$0,$-4,$-2,$179,$-3,$6,$-4
1,2018-06-30,19.6,$-4.55,-4.3,$65.70,0.3,$-14.98,0.0,$-9.98,0.0,$1.55B,$1.26B,1.23,$1.50B,$-0.23B,-6.64,$3.25B,$0.59B,18.25%,$3.25B,$-0.43B,-13.20%,$3.25B,$-0.43B,-13.20%,$3.25B,$0.16B,4.98%,$3.25B,$-0.54B,-16.49%,$3.25B,$-0.50B,-15.38%,$-0.50B,$-0.23B,-109.35%,$-0.50B,$-1.31B,57.69%,$-0.50B,$3.42B,-12.74%,$-0.43B,$1.28B,-22.81%,$833,$770,$63,$0,$82,$899,$-67,$-9,$-76,$1,$-77,$-77,$-77,$-43,$-67,$50,50,$-1.54,$-1.54,$33,$534,$618,$1553,$732,$0,$1081,$54,$1867,$3420,$1261,$1504,$400,$2386,$3647,$0,$-517,$-384,$-227,$3420,$-77,$23,$7,$31,$28,$-31,$23,$-38,$-18,$-66,$-12,$0,$0,$0,$0,$0,$0,$-12,$-35,$113,$78,$0,$0,$-2,$-1,$76,$-3,$2,$-2
2,2018-03-31,25.15,$9.07,2.77,$64.73,0.39,$-15.65,0.0,$-8.48,0.0,$1.92B,$0.99B,1.94,$1.42B,$0.45B,3.16,$3.20B,$0.67B,20.82%,$3.20B,$-0.36B,-11.35%,$3.20B,$-0.36B,-11.35%,$3.20B,$0.22B,6.78%,$3.20B,$-0.46B,-14.47%,$3.20B,$-0.43B,-13.29%,$-0.43B,$0.45B,-58.44%,$-0.43B,$-0.65B,56.05%,$-0.43B,$3.81B,-10.27%,$-0.36B,$1.87B,-17.63%,$897,$677,$220,$0,$72,$1139,$-242,$-65,$-307,$-2,$-305,$-305,$-305,$111,$-242,$49,49,$-6.16,$-6.16,$36,$1427,$39,$1923,$726,$0,$1101,$58,$1884,$3807,$992,$1422,$442,$2364,$3357,$0,$146,$-368,$451,$3807,$-425,$580,$-30,$550,$-105,$-163,$-44,$-93,$-405,$-289,$41,$0,$-3,$0,$0,$0,$0,$38,$157,$83,$240,$-0,$-0,$-8,$-18,$214,$-34,$8,$-8
3,2017-12-31,27.11,$15.07,1.8,$65.25,0.42,$-4.23,0.0,$-5.01,0.0,$1.89B,$1.03B,1.84,$1.36B,$0.75B,1.82,$3.22B,$0.73B,22.63%,$3.22B,$-0.24B,-7.32%,$3.22B,$-0.24B,-7.32%,$3.22B,$0.27B,8.32%,$3.22B,$-0.30B,-9.19%,$3.22B,$-0.25B,-7.67%,$-0.25B,$0.75B,-29.90%,$-0.25B,$-0.71B,30.20%,$-0.25B,$4.19B,-5.76%,$-0.24B,$2.11B,-11.45%,$775,$612,$163,$0,$62,$895,$-120,$-26,$-146,$-32,$-113,$-113,$-113,$77,$-120,$49,49,$-2.29,$-2.29,$64,$1463,$0,$1892,$750,$0,$1455,$89,$2294,$4186,$1030,$1359,$497,$2408,$3437,$0,$453,$-375,$749,$4186,$-121,$227,$-13,$215,$-11,$-154,$-53,$-69,$-287,$-198,$36,$0,$0,$0,$0,$0,$0,$36,$162,$20,$182,$0,$0,$-6,$-18,$158,$-5,$6,$-6
4,2017-09-30,29.61,$17.24,1.72,$66.67,0.44,$-4.65,0.0,$-2.13,0.0,$1.76B,$0.94B,1.87,$1.41B,$0.86B,1.65,$3.29B,$0.76B,23.03%,$3.29B,$-0.06B,-1.85%,$3.29B,$-0.06B,-1.85%,$3.29B,$0.26B,7.99%,$3.29B,$-0.12B,-3.49%,$3.29B,$-0.11B,-3.19%,$-0.11B,$0.86B,-11.88%,$-0.11B,$-0.80B,11.68%,$-0.11B,$4.28B,-2.36%,$-0.06B,$2.27B,-2.84%,$745,$598,$147,$0,$75,$745,$-0,$-6,$-7,$-1,$-5,$-5,$-5,$17,$-0,$49,49,$-0.11,$-0.11,$34,$1369,$0,$1761,$769,$0,$1658,$93,$2521,$4282,$940,$1409,$458,$2486,$3426,$0,$568,$-379,$856,$4282,$-7,$30,$23,$53,$-40,$-29,$-246,$-22,$-338,$-299,$45,$0,$0,$0,$0,$0,$0,$45,$154,$87,$241,$0,$0,$-4,$-17,$220,$-36,$3,$-4
5,2017-06-30,31.41,$17.19,1.83,$69.29,0.45,$-2.45,0.0,$-1.32,0.0,$1.66B,$1.16B,1.43,$1.14B,$0.85B,1.34,$3.42B,$0.81B,23.73%,$3.42B,$0.01B,0.26%,$3.42B,$0.01B,0.26%,$3.42B,$0.33B,9.73%,$3.42B,$-0.06B,-1.61%,$3.42B,$-0.07B,-1.90%,$-0.07B,$0.85B,-7.13%,$-0.07B,$-0.87B,6.71%,$-0.07B,$4.28B,-1.41%,$0.01B,$1.99B,0.41%,$782,$646,$136,$0,$80,$783,$-1,$-2,$-3,$-1,$-2,$-2,$-2,$12,$-1,$49,49,$-0.04,$-0.04,$37,$1249,$0,$1664,$795,$0,$1726,$91,$2612,$4276,$1162,$1140,$482,$2262,$3423,$0,$576,$-386,$853,$4276,$-2,$13,$-1,$11,$-54,$118,$-173,$4,$-105,$-99,$-11,$0,$0,$0,$0,$0,$0,$-11,$-33,$119,$86,$0,$0,$-2,$-7,$76,$-33,$-0,$-2
6,2017-03-31,25.56,$17.08,1.5,$71.52,0.36,$-2.16,0.0,$-0.88,0.0,$1.77B,$1.33B,1.33,$1.04B,$0.85B,1.22,$3.53B,$0.84B,23.86%,$3.53B,$0.06B,1.61%,$3.53B,$0.06B,1.61%,$3.53B,$0.39B,10.90%,$3.53B,$-0.02B,-0.65%,$3.53B,$-0.04B,-1.22%,$-0.04B,$0.85B,-4.61%,$-0.04B,$-0.89B,4.16%,$-0.04B,$4.42B,-0.91%,$0.06B,$1.88B,2.45%,$920,$637,$283,$0,$76,$1035,$-115,$-25,$-140,$-13,$-127,$-127,$-127,$162,$-115,$49,49,$-2.57,$-2.56,$70,$1340,$21,$1773,$805,$0,$1735,$102,$2642,$4415,$1334,$1036,$538,$2234,$3568,$0,$579,$-396,$846,$4415,$-43,$328,$37,$365,$112,$-273,$212,$-88,$-37,$282,$34,$0,$0,$0,$0,$0,$0,$34,$-134,$-110,$-244,$-0,$-0,$-8,$-14,$-266,$49,$8,$-8
7,2016-12-31,26.27,$19.79,1.33,$74.35,0.35,$-8.37,0.0,$-20.24,0.0,$1.92B,$1.17B,1.64,$1.47B,$0.98B,1.5,$3.67B,$0.18B,4.77%,$3.67B,$-1.01B,-27.54%,$3.67B,$-1.01B,-27.54%,$3.67B,$-0.07B,-1.80%,$3.67B,$-1.08B,-29.53%,$3.67B,$-1.00B,-27.24%,$-1.00B,$0.98B,-104.71%,$-1.00B,$-1.03B,90.83%,$-1.00B,$4.86B,-20.62%,$-1.01B,$2.45B,-41.58%,$845,$653,$192,$0,$67,$790,$55,$-20,$35,$6,$29,$29,$29,$72,$55,$49,49,$0.59,$0.59,$35,$1474,$77,$1918,$820,$0,$2013,$108,$2941,$4859,$1168,$1471,$558,$2711,$3878,$0,$708,$-386,$981,$4859,$84,$50,$44,$94,$103,$-323,$-71,$-57,$-349,$-173,$-10,$0,$0,$0,$0,$0,$0,$-10,$-97,$316,$219,$0,$0,$-6,$-14,$199,$14,$6,$-6
8,2016-09-30,27.6,$19.50,1.42,$75.83,0.36,$-9.47,0.0,$-22.63,0.0,$1.84B,$1.02B,1.81,$1.57B,$0.97B,1.62,$3.74B,$0.21B,5.48%,$3.74B,$-1.19B,-31.87%,$3.74B,$-1.19B,-31.87%,$3.74B,$-0.26B,-6.87%,$3.74B,$-1.26B,-33.72%,$3.74B,$-1.12B,-29.89%,$-1.12B,$0.97B,-89.33%,$-1.12B,$-1.08B,113.01%,$-1.12B,$4.85B,-21.73%,$-1.19B,$2.53B,-43.03%,$875,$673,$201,$0,$70,$804,$70,$-18,$53,$18,$35,$35,$35,$87,$70,$49,49,$0.71,$0.70,$36,$1449,$0,$1842,$858,$0,$2047,$108,$3013,$4854,$1016,$1568,$598,$2873,$3889,$0,$681,$-372,$966,$4854,$55,$33,$24,$58,$109,$-240,$-86,$-32,$-249,$-131,$-14,$0,$0,$0,$0,$0,$0,$-14,$-76,$252,$177,$0,$0,$-4,$-11,$161,$15,$4,$-4
9,2016-06-30,35.09,$18.94,1.85,$77.50,0.45,$-10.90,0.0,$-22.08,0.0,$1.80B,$1.09B,1.66,$1.49B,$0.94B,1.59,$3.82B,$0.23B,5.97%,$3.82B,$-1.15B,-30.16%,$3.82B,$-1.15B,-30.16%,$3.82B,$-0.22B,-5.79%,$3.82B,$-1.22B,-31.94%,$3.82B,$-1.09B,-28.56%,$-1.09B,$0.94B,-69.30%,$-1.09B,$-1.13B,122.04%,$-1.09B,$4.85B,-19.83%,$-1.15B,$2.43B,-37.28%,$893,$726,$167,$0,$68,$847,$47,$-18,$29,$9,$20,$20,$20,$64,$47,$49,49,$0.40,$0.40,$31,$1355,$0,$1800,$868,$0,$2070,$108,$3046,$4846,$1085,$1492,$621,$2824,$3908,$0,$648,$-364,$938,$4846,$20,$17,$7,$24,$55,$-124,$-47,$-9,$-125,$-84,$-12,$0,$0,$0,$0,$0,$0,$-12,$-54,$174,$120,$0,$0,$-2,$-11,$107,$10,$2,$-2
10,2016-03-31,31.09,$18.95,1.64,$78.88,0.39,$-12.32,0.0,$-21.21,0.0,$1.74B,$1.14B,1.53,$1.38B,$0.94B,1.47,$3.89B,$0.29B,7.44%,$3.89B,$-1.09B,-28.07%,$3.89B,$-1.09B,-28.07%,$3.89B,$-0.17B,-4.32%,$3.89B,$-1.16B,-29.82%,$3.89B,$-1.05B,-26.96%,$-1.05B,$0.94B,-55.34%,$-1.05B,$-1.16B,130.84%,$-1.05B,$4.84B,-17.91%,$-1.09B,$2.31B,-31.97%,$1058,$1443,$-385,$0,$77,$2241,$-1183,$-19,$-1201,$-118,$-1084,$-1084,$-1084,$-289,$-1183,$49,49,$-22.02,$-22.01,$21,$1236,$0,$1743,$890,$0,$2094,$109,$3092,$4835,$1136,$1375,$662,$2764,$3900,$0,$630,$-347,$935,$4835,$-1048,$924,$-115,$809,$73,$294,$54,$-95,$326,$84,$-74,$0,$-54,$0,$0,$0,$0,$-128,$49,$-8,$41,$-0,$-0,$-8,$-0,$32,$-12,$3,$-8
11,2015-12-31,39.2,$43.95,0.89,$78.57,0.5,$-5.46,0.0,$2.38,16.47,$2.27B,$0.81B,2.79,$1.64B,$2.17B,0.76,$3.91B,$0.94B,23.97%,$3.91B,$0.23B,5.96%,$3.91B,$0.23B,5.96%,$3.91B,$0.27B,6.86%,$3.91B,$0.17B,4.32%,$3.91B,$0.12B,3.04%,$0.12B,$2.17B,5.42%,$0.12B,$-0.59B,-16.41%,$0.12B,$6.05B,1.94%,$0.23B,$3.81B,6.30%,$914,$692,$222,$0,$66,$1040,$-126,$-16,$-142,$-53,$-89,$-89,$-89,$-119,$-126,$49,49,$-1.80,$-1.80,$94,$1661,$0,$2273,$915,$0,$2752,$109,$3776,$6049,$814,$1638,$698,$3067,$3881,$0,$1716,$-199,$2167,$6049,$36,$30,$238,$268,$33,$-367,$-92,$-59,$-485,$-175,$-62,$0,$-54,$0,$0,$0,$0,$-115,$59,$245,$305,$0,$0,$-6,$-0,$299,$9,$2,$-6
12,2015-09-30,41.46,$45.78,0.91,$78.12,0.53,$3.82,10.85,$3.39,12.23,$2.29B,$0.85B,2.71,$1.56B,$2.26B,0.69,$3.91B,$0.76B,19.53%,$3.91B,$0.30B,7.62%,$3.91B,$0.30B,7.62%,$3.91B,$0.35B,8.97%,$3.91B,$0.24B,6.03%,$3.91B,$0.17B,4.29%,$0.17B,$2.26B,7.57%,$0.17B,$-0.70B,-21.80%,$0.17B,$6.27B,2.75%,$0.30B,$3.81B,8.13%,$955,$731,$224,$0,$71,$845,$110,$-16,$94,$33,$62,$62,$62,$123,$110,$49,49,$1.25,$1.25,$91,$1556,$0,$2291,$914,$0,$2957,$110,$3981,$6273,$847,$1557,$717,$3168,$4015,$0,$1807,$-199,$2257,$6273,$124,$23,$48,$70,$-31,$-274,$-37,$-34,$-376,$-178,$-37,$0,$-6,$0,$0,$0,$0,$-43,$64,$166,$230,$0,$0,$-4,$-0,$226,$6,$2,$-4
13,2015-06-30,64.96,$44.94,1.45,$78.18,0.83,$12.10,5.37,$3.46,18.78,$2.23B,$0.85B,2.64,$1.51B,$2.22B,0.68,$3.95B,$0.76B,19.31%,$3.95B,$0.30B,7.67%,$3.95B,$0.30B,7.67%,$3.95B,$0.37B,9.31%,$3.95B,$0.24B,6.10%,$3.95B,$0.17B,4.38%,$0.17B,$2.22B,7.71%,$0.17B,$-0.76B,-23.63%,$0.17B,$6.25B,2.88%,$0.30B,$3.72B,8.23%,$960,$732,$228,$0,$73,$852,$108,$-18,$90,$27,$63,$63,$63,$117,$108,$49,49,$1.28,$1.27,$90,$1461,$0,$2232,$936,$0,$2976,$109,$4021,$6253,$846,$1506,$767,$3192,$4037,$0,$1747,$-180,$2216,$6253,$63,$9,$24,$33,$-34,$-167,$-24,$-15,$-240,$-148,$-17,$0,$-6,$0,$0,$0,$0,$-23,$83,$97,$179,$0,$0,$-2,$-0,$177,$7,$1,$-2
14,2015-03-31,58.76,$43.35,1.36,$75.94,0.77,$14.03,4.19,$4.65,12.64,$1.91B,$0.88B,2.16,$1.33B,$2.14B,0.62,$3.89B,$0.75B,19.21%,$3.89B,$0.44B,11.21%,$3.89B,$0.44B,11.21%,$3.89B,$0.53B,13.50%,$3.89B,$0.35B,8.98%,$3.89B,$0.24B,6.12%,$0.24B,$2.14B,10.45%,$0.24B,$-0.86B,-35.79%,$0.24B,$5.96B,4.03%,$0.44B,$3.46B,11.57%,$1080,$817,$263,$0,$80,$940,$141,$-14,$127,$44,$83,$83,$83,$147,$141,$51,51,$1.69,$1.69,$81,$1280,$0,$1906,$951,$0,$2991,$108,$4050,$5956,$883,$1326,$811,$2937,$3821,$0,$1686,$-199,$2136,$5956,$239,$91,$108,$199,$70,$42,$95,$-179,$28,$467,$-107,$0,$38,$0,$0,$0,$1,$-68,$-150,$-46,$-196,$-184,$-184,$-8,$-7,$-395,$4,$1,$-8
15,2014-12-31,66.09,$45.00,1.47,$72.50,0.91,$6.47,10.22,$3.79,17.44,$1.90B,$0.71B,2.67,$1.40B,$2.27B,0.62,$3.74B,$0.70B,18.59%,$3.74B,$0.38B,10.04%,$3.74B,$0.38B,10.04%,$3.74B,$0.50B,13.25%,$3.74B,$0.29B,7.61%,$3.74B,$0.20B,5.26%,$0.20B,$2.27B,8.51%,$0.20B,$-0.77B,-34.40%,$0.20B,$5.98B,3.40%,$0.38B,$3.67B,9.77%,$917,$868,$49,$0,$71,$979,$-61,$-14,$-75,$-35,$-40,$-40,$-40,$-36,$-61,$51,51,$-0.79,$-0.79,$78,$1289,$0,$1895,$983,$0,$3038,$60,$4080,$5975,$709,$1402,$827,$2995,$3705,$0,$1605,$-52,$2270,$5975,$156,$84,$72,$156,$130,$42,$-69,$-107,$-4,$310,$-83,$0,$38,$0,$0,$0,$1,$-45,$-151,$18,$-133,$-114,$-114,$-6,$-7,$-260,$5,$1,$-6
16,2014-09-30,63.92,$46.34,1.38,$71.73,0.89,$-0.22,0.0,$5.25,12.17,$1.90B,$0.67B,2.85,$1.52B,$2.35B,0.64,$3.74B,$0.84B,22.52%,$3.74B,$0.52B,13.95%,$3.74B,$0.52B,13.95%,$3.74B,$0.65B,17.37%,$3.74B,$0.42B,11.09%,$3.74B,$0.27B,7.27%,$0.27B,$2.35B,11.71%,$0.27B,$-0.55B,-54.59%,$0.27B,$5.82B,4.78%,$0.52B,$3.87B,13.38%,$994,$771,$223,$0,$69,$879,$115,$-15,$99,$32,$67,$67,$67,$140,$115,$51,51,$1.32,$1.32,$77,$1235,$0,$1902,$964,$0,$2900,$49,$3913,$5816,$667,$1517,$410,$2795,$3462,$0,$1647,$-32,$2354,$5816,$196,$59,$104,$163,$58,$-80,$11,$-89,$-100,$258,$-58,$0,$-74,$0,$0,$0,$1,$-131,$-88,$68,$-19,$-93,$-93,$-4,$-6,$-122,$4,$2,$-4
17,2014-06-30,68.57,$45.77,1.5,$70.62,0.97,$-5.35,0.0,$4.87,14.08,$2.01B,$0.58B,3.45,$1.71B,$2.35B,0.73,$3.72B,$0.82B,21.96%,$3.72B,$0.50B,13.46%,$3.72B,$0.50B,13.46%,$3.72B,$0.63B,17.03%,$3.72B,$0.39B,10.47%,$3.72B,$0.26B,6.86%,$0.26B,$2.35B,11.18%,$0.26B,$-0.49B,-52.52%,$0.26B,$5.86B,4.58%,$0.50B,$4.07B,13.06%,$897,$685,$212,$0,$66,$656,$241,$-42,$198,$70,$128,$128,$128,$274,$241,$52,52,$2.48,$2.46,$69,$1202,$0,$2010,$965,$0,$2844,$39,$3848,$5859,$583,$1714,$372,$2922,$3505,$0,$1582,$-15,$2354,$5859,$128,$34,$74,$108,$-85,$-49,$-94,$-62,$-290,$-52,$-22,$0,$-61,$0,$0,$0,$0,$-83,$-70,$260,$190,$-51,$-51,$-2,$-6,$131,$-4,$1,$-2
18,2014-03-31,63.38,$43.79,1.45,$71.27,0.89,$-4.56,0.0,$3.91,16.21,$1.78B,$0.64B,2.78,$1.50B,$2.28B,0.66,$3.76B,$0.85B,22.61%,$3.76B,$0.40B,10.63%,$3.76B,$0.40B,10.63%,$3.76B,$0.53B,14.03%,$3.76B,$0.31B,8.32%,$3.76B,$0.21B,5.47%,$0.21B,$2.28B,9.25%,$0.21B,$-0.49B,-41.37%,$0.21B,$5.55B,3.81%,$0.40B,$3.79B,10.85%,$936,$724,$212,$0,$64,$856,$81,$-18,$63,$21,$42,$42,$42,$118,$81,$52,53,$0.79,$0.80,$71,$1112,$0,$1782,$931,$0,$2770,$70,$3771,$5553,$640,$1501,$235,$2629,$3269,$0,$1456,$-19,$2284,$5553,$206,$128,$113,$241,$-46,$-94,$-60,$-108,$-309,$135,$-161,$0,$-94,$0,$0,$0,$9,$-247,$38,$99,$136,$-19,$-19,$-8,$-6,$103,$-3,$5,$-8
19,2013-12-31,74.61,$43.85,1.7,$72.33,1.03,$-0.29,0.0,$4.35,17.15,$1.76B,$0.56B,3.15,$1.58B,$2.30B,0.69,$3.81B,$0.88B,23.11%,$3.81B,$0.43B,11.33%,$3.81B,$0.43B,11.33%,$3.81B,$0.55B,14.45%,$3.81B,$0.35B,9.05%,$3.81B,$0.23B,6.03%,$0.23B,$2.30B,10.62%,$0.23B,$-0.47B,-42.24%,$0.23B,$5.53B,4.31%,$0.43B,$3.88B,12.17%,$916,$720,$196,$0,$61,$831,$85,$-30,$55,$19,$35,$35,$35,$118,$85,$52,53,$0.68,$0.67,$65,$1128,$27,$1757,$932,$0,$2769,$69,$3770,$5528,$558,$1576,$250,$2670,$3228,$0,$1415,$19,$2300,$5528,$164,$92,$90,$182,$-10,$-108,$-102,$-86,$-307,$33,$-150,$0,$-94,$0,$0,$0,$9,$-235,$26,$178,$204,$0,$0,$-6,$-6,$192,$-7,$4,$-6
20,2013-09-30,68.84,$42.05,1.64,$71.96,0.96,$4.63,14.88,$5.11,13.47,$1.66B,$0.60B,2.75,$1.40B,$2.19B,0.64,$3.79B,$0.91B,24.08%,$3.79B,$0.48B,12.70%,$3.79B,$0.48B,12.70%,$3.79B,$0.59B,15.68%,$3.79B,$0.41B,10.77%,$3.79B,$0.27B,7.13%,$0.27B,$2.19B,12.87%,$0.27B,$-0.50B,-50.07%,$0.27B,$5.31B,5.26%,$0.48B,$3.59B,14.37%,$967,$771,$196,$0,$64,$874,$93,$-20,$73,$23,$50,$50,$50,$123,$93,$52,53,$0.96,$0.94,$61,$1096,$0,$1662,$899,$0,$2683,$68,$3650,$5312,$604,$1399,$185,$2522,$3125,$0,$1382,$-56,$2187,$5312,$129,$58,$68,$126,$16,$-87,$-66,$-69,$-206,$44,$-108,$0,$-31,$0,$0,$0,$5,$-134,$-100,$187,$87,$0,$0,$-4,$-3,$80,$-10,$2,$-4
21,2013-06-30,77.55,$41.03,1.89,$71.59,1.08,$7.22,10.75,$5.70,13.61,$1.63B,$0.62B,2.64,$1.36B,$2.13B,0.64,$3.76B,$0.95B,25.30%,$3.76B,$0.53B,14.13%,$3.76B,$0.53B,14.13%,$3.76B,$0.64B,17.03%,$3.76B,$0.46B,12.26%,$3.76B,$0.30B,7.98%,$0.30B,$2.13B,14.71%,$0.30B,$-0.54B,-58.00%,$0.30B,$5.26B,6.06%,$0.53B,$3.49B,16.70%,$944,$696,$247,$0,$67,$802,$141,$-20,$122,$43,$79,$79,$79,$169,$141,$51,53,$1.56,$1.50,$54,$1087,$0,$1631,$885,$0,$2676,$69,$3630,$5261,$617,$1357,$195,$2510,$3127,$0,$1335,$-61,$2134,$5261,$79,$28,$44,$72,$42,$-73,$-74,$-33,$-138,$12,$-46,$0,$-31,$0,$0,$0,$3,$-74,$-100,$154,$54,$0,$0,$-2,$-3,$49,$-14,$1,$-2
22,2013-03-31,76.87,$40.80,1.88,$70.71,1.09,$9.11,8.44,$5.66,13.58,$1.64B,$0.75B,2.2,$1.20B,$2.05B,0.59,$3.70B,$0.94B,25.38%,$3.70B,$0.53B,14.34%,$3.70B,$0.53B,14.34%,$3.70B,$0.64B,17.23%,$3.70B,$0.46B,12.50%,$3.70B,$0.30B,8.02%,$0.30B,$2.05B,15.06%,$0.30B,$-0.67B,-58.61%,$0.30B,$5.24B,6.23%,$0.53B,$3.24B,17.60%,$986,$745,$242,$0,$65,$873,$113,$-17,$95,$30,$66,$66,$66,$141,$113,$50,52,$1.33,$1.25,$67,$986,$15,$1640,$815,$0,$2717,$67,$3599,$5239,$747,$1196,$269,$2447,$3194,$0,$1258,$-61,$2045,$5239,$297,$108,$230,$338,$25,$-140,$-58,$-141,$-314,$321,$-123,$0,$-350,$0,$0,$0,$5,$-467,$385,$-224,$161,$7,$7,$-8,$-11,$149,$2,$6,$-8
23,2012-12-31,63.91,$40.47,1.58,$70.14,0.91,$8.09,7.9,$6.45,9.91,$1.40B,$0.62B,2.27,$1.04B,$2.03B,0.51,$3.66B,$0.94B,25.61%,$3.66B,$0.60B,16.41%,$3.66B,$0.60B,16.41%,$3.66B,$0.70B,19.22%,$3.66B,$0.53B,14.55%,$3.66B,$0.34B,9.20%,$0.34B,$2.03B,17.65%,$0.34B,$-0.45B,-69.59%,$0.34B,$4.71B,7.31%,$0.60B,$3.07B,20.66%,$891,$664,$227,$0,$58,$756,$134,$-17,$118,$42,$75,$75,$75,$161,$134,$50,52,$1.51,$1.43,$69,$938,$0,$1400,$770,$0,$2476,$58,$3305,$4705,$616,$1041,$121,$2060,$2677,$0,$1194,$-9,$2028,$4705,$232,$79,$141,$220,$125,$-119,$-101,$-123,$-220,$231,$-89,$0,$-141,$0,$0,$0,$3,$-227,$10,$-2,$8,$2,$2,$-6,$-4,$-0,$4,$5,$-6
24,2012-09-30,61.13,$39.02,1.57,$69.06,0.89,$7.17,8.52,$6.29,9.72,$1.43B,$0.64B,2.24,$0.97B,$1.95B,0.5,$3.60B,$0.92B,25.51%,$3.60B,$0.59B,16.26%,$3.60B,$0.59B,16.26%,$3.60B,$0.69B,19.09%,$3.60B,$0.52B,14.40%,$3.60B,$0.33B,9.12%,$0.33B,$1.95B,17.69%,$0.33B,$-0.41B,-63.91%,$0.33B,$4.59B,7.22%,$0.59B,$2.92B,20.45%,$938,$704,$235,$0,$56,$795,$143,$-17,$126,$46,$80,$80,$80,$169,$143,$50,52,$1.61,$1.53,$66,$891,$0,$1430,$745,$0,$2359,$58,$3161,$4591,$638,$967,$125,$2002,$2640,$0,$1123,$-9,$1951,$4591,$157,$52,$96,$148,$42,$-73,$-61,$-80,$-172,$133,$-61,$0,$0,$0,$0,$0,$2,$-59,$16,$-82,$-65,$0,$0,$-4,$-4,$-73,$1,$3,$-4
25,2012-06-30,55.0,$37.39,1.47,$66.43,0.83,$6.46,8.52,$5.89,9.34,$1.41B,$0.67B,2.11,$0.97B,$1.87B,0.52,$3.45B,$0.88B,25.56%,$3.45B,$0.55B,15.94%,$3.45B,$0.55B,15.94%,$3.45B,$0.65B,18.86%,$3.45B,$0.48B,14.00%,$3.45B,$0.31B,8.87%,$0.31B,$1.87B,16.98%,$0.31B,$-0.50B,-53.73%,$0.31B,$4.55B,6.80%,$0.55B,$2.84B,19.36%,$888,$651,$236,$0,$62,$747,$141,$-17,$124,$47,$76,$76,$76,$167,$141,$49,52,$1.54,$1.46,$67,$868,$0,$1408,$745,$0,$2366,$28,$3139,$4547,$667,$972,$129,$2013,$2680,$0,$1045,$-14,$1867,$4547,$76,$26,$47,$73,$75,$-51,$-37,$-35,$-47,$103,$-37,$0,$0,$0,$0,$0,$0,$-37,$19,$-75,$-57,$0,$0,$-2,$-4,$-62,$2,$2,$-2
26,2012-03-31,61.21,$36.21,1.69,$65.92,0.93,$6.73,9.09,$5.41,11.31,$1.46B,$0.72B,2.03,$1.02B,$1.79B,0.57,$3.41B,$0.84B,24.71%,$3.41B,$0.51B,15.08%,$3.41B,$0.51B,15.08%,$3.41B,$0.62B,18.13%,$3.41B,$0.44B,12.85%,$3.41B,$0.28B,8.22%,$0.28B,$1.79B,15.93%,$0.28B,$-0.58B,-45.29%,$0.28B,$4.60B,6.27%,$0.51B,$2.81B,18.22%,$946,$706,$240,$0,$64,$763,$183,$-18,$165,$59,$106,$106,$106,$207,$183,$49,52,$2.16,$2.03,$64,$818,$0,$1461,$733,$0,$2376,$26,$3136,$4597,$720,$1017,$136,$2084,$2804,$0,$970,$-9,$1793,$4597,$281,$103,$124,$227,$-82,$-47,$18,$-170,$-282,$228,$-85,$0,$12,$0,$0,$0,$3,$-70,$-394,$235,$-159,$5,$5,$-7,$-5,$-166,$-10,$5,$-7
27,2011-12-31,57.06,$36.52,1.56,$67.03,0.85,$5.18,11.03,$4.40,12.97,$1.31B,$0.75B,1.75,$1.07B,$1.81B,0.59,$3.38B,$0.81B,24.02%,$3.38B,$0.44B,12.98%,$3.38B,$0.44B,12.98%,$3.38B,$0.54B,16.03%,$3.38B,$0.36B,10.62%,$3.38B,$0.23B,6.68%,$0.23B,$1.81B,13.16%,$0.23B,$-0.56B,-34.13%,$0.23B,$4.43B,5.09%,$0.44B,$2.88B,15.79%,$826,$619,$207,$0,$57,$708,$118,$-15,$103,$37,$66,$66,$66,$144,$118,$49,52,$1.35,$1.27,$66,$849,$0,$1308,$722,$0,$2371,$33,$3126,$4434,$748,$1071,$250,$1879,$2627,$0,$867,$110,$1806,$4434,$175,$79,$106,$185,$7,$-66,$-20,$-138,$-216,$144,$-50,$0,$12,$0,$0,$0,$0,$-38,$-372,$268,$-104,$3,$3,$-5,$-5,$-110,$-7,$4,$-5
28,2011-09-30,47.55,$35.49,1.34,$67.05,0.71,$4.37,10.89,$4.01,11.87,$1.28B,$0.81B,1.57,$1.10B,$1.74B,0.63,$3.37B,$0.79B,23.32%,$3.37B,$0.41B,12.12%,$3.37B,$0.41B,12.12%,$3.37B,$0.50B,14.91%,$3.37B,$0.32B,9.54%,$3.37B,$0.21B,6.09%,$0.21B,$1.74B,12.60%,$0.21B,$-0.63B,-26.61%,$0.21B,$4.42B,4.62%,$0.41B,$2.84B,15.22%,$791,$591,$199,$0,$60,$682,$108,$-18,$91,$32,$59,$59,$58,$133,$108,$49,52,$1.20,$1.13,$67,$818,$0,$1275,$720,$0,$2374,$33,$3146,$4421,$814,$1099,$165,$1866,$2680,$0,$803,$114,$1741,$4421,$109,$53,$67,$121,$-11,$-37,$-25,$-98,$-170,$61,$-27,$0,$19,$0,$0,$0,$0,$-7,$-358,$307,$-51,$0,$0,$-3,$-4,$-58,$-5,$2,$-3
29,2011-06-30,48.53,$34.47,1.41,$67.09,0.72,$5.25,9.24,$3.71,13.1,$1.22B,$0.84B,1.45,$1.07B,$1.69B,0.63,$3.34B,$0.76B,22.73%,$3.34B,$0.39B,11.55%,$3.34B,$0.39B,11.55%,$3.34B,$0.47B,14.18%,$3.34B,$0.29B,8.76%,$3.34B,$0.19B,5.65%,$0.19B,$1.69B,12.22%,$0.19B,$-0.69B,-21.69%,$0.19B,$4.42B,4.25%,$0.39B,$2.76B,14.70%,$845,$649,$196,$0,$61,$740,$105,$-26,$79,$28,$51,$51,$50,$134,$105,$48,51,$1.04,$0.98,$68,$742,$4,$1219,$728,$0,$2384,$34,$3203,$4422,$843,$1068,$173,$1889,$2732,$0,$747,$122,$1690,$4422,$50,$29,$31,$60,$-12,$39,$-5,$-42,$-21,$91,$-13,$0,$-1,$0,$0,$0,$0,$-14,$-346,$270,$-76,$1,$1,$-1,$-4,$-81,$-3,$1,$-1
30,2011-03-31,43.09,$33.64,1.28,$61.49,0.7,$3.88,11.1,$3.03,14.22,$1.31B,$0.88B,1.5,$1.01B,$1.63B,0.62,$2.91B,$0.67B,23.17%,$2.91B,$0.31B,10.81%,$2.91B,$0.31B,10.81%,$2.91B,$0.39B,13.36%,$2.91B,$0.24B,8.09%,$2.91B,$0.15B,5.16%,$0.15B,$1.63B,10.22%,$0.15B,$-0.76B,-15.53%,$0.15B,$4.48B,3.36%,$0.31B,$2.64B,12.18%,$919,$709,$210,$0,$68,$811,$108,$-22,$86,$32,$54,$54,$52,$131,$108,$45,47,$1.22,$1.15,$66,$782,$5,$1313,$735,$0,$2390,$39,$3164,$4477,$877,$1012,$170,$1968,$2845,$0,$698,$120,$1632,$4477,$150,$75,$93,$168,$-16,$-21,$-27,$-112,$-176,$142,$-86,$0,$-333,$0,$0,$0,$0,$-419,$99,$85,$184,$3,$3,$-4,$-25,$158,$-118,$4,$-4
31,2010-12-31,43.54,$29.82,1.46,$52.70,0.83,$6.85,6.36,$2.75,15.86,$1.17B,$0.79B,1.48,$1.04B,$1.45B,0.72,$2.34B,$0.57B,24.17%,$2.34B,$0.25B,10.82%,$2.34B,$0.25B,10.82%,$2.34B,$0.32B,13.64%,$2.34B,$0.19B,7.96%,$2.34B,$0.12B,5.26%,$0.12B,$1.45B,9.65%,$0.12B,$-1.00B,-17.45%,$0.12B,$4.43B,3.26%,$0.25B,$2.48B,11.32%,$811,$631,$180,$0,$67,$724,$87,$-22,$65,$20,$45,$45,$45,$104,$87,$48,51,$0.93,$0.88,$60,$806,$5,$1169,$733,$0,$2441,$0,$3265,$4434,$792,$1035,$207,$2197,$2989,$0,$647,$-17,$1445,$4434,$98,$52,$70,$121,$83,$-38,$-90,$-58,$-102,$115,$-65,$0,$-333,$0,$0,$0,$0,$-398,$79,$105,$184,$3,$3,$-3,$-25,$159,$-124,$2,$-3
32,2010-09-30,36.31,$29.33,1.24,$46.18,0.79,$9.02,4.02,$2.04,17.8,$1.20B,$0.70B,1.72,$1.20B,$1.42B,0.85,$1.84B,$0.47B,25.53%,$1.84B,$0.20B,10.81%,$1.84B,$0.20B,10.81%,$1.84B,$0.26B,14.18%,$1.84B,$0.15B,7.93%,$1.84B,$0.08B,4.56%,$0.08B,$1.42B,7.48%,$0.08B,$-1.04B,-21.66%,$0.08B,$4.47B,2.73%,$0.20B,$2.62B,10.32%,$768,$594,$174,$0,$61,$682,$86,$-23,$63,$21,$42,$42,$42,$105,$86,$48,50,$0.86,$0.83,$57,$780,$31,$1204,$709,$0,$2458,$0,$3267,$4471,$699,$1201,$230,$2353,$3051,$0,$604,$3,$1419,$4471,$53,$34,$6,$41,$62,$-11,$43,$-71,$24,$118,$-40,$0,$-333,$0,$0,$0,$0,$-373,$84,$97,$181,$1,$1,$-2,$-25,$156,$-100,$1,$-2
33,2010-06-30,32.41,$28.37,1.14,$40.23,0.81,$9.26,3.5,$1.80,18.06,$1.21B,$0.70B,1.72,$1.19B,$1.37B,0.87,$1.39B,$0.39B,27.85%,$1.39B,$0.15B,10.82%,$1.39B,$0.15B,10.82%,$1.39B,$0.21B,15.01%,$1.39B,$0.12B,8.30%,$1.39B,$0.06B,4.40%,$0.06B,$1.37B,6.25%,$0.06B,$-1.07B,-99.19%,$0.06B,$4.50B,2.59%,$0.15B,$2.57B,9.59%,$407,$298,$109,$0,$43,$374,$33,$-12,$21,$9,$12,$12,$11,$48,$33,$36,37,$0.32,$0.30,$36,$807,$31,$1205,$717,$0,$2445,$130,$3291,$4496,$702,$1193,$240,$2422,$3124,$0,$563,$-2,$1373,$4496,$11,$16,$3,$18,$34,$-12,$-35,$-0,$-12,$23,$-17,$0,$-333,$0,$0,$0,$0,$-350,$145,$85,$230,$1,$1,$-1,$-24,$206,$-122,$1,$-1
34,2010-03-31,34.07,$25.81,1.32,$38.88,0.88,$9.87,3.45,$2.04,16.74,$0.77B,$0.28B,2.72,$0.41B,$0.86B,0.48,$1.30B,$0.37B,28.49%,$1.30B,$0.16B,11.97%,$1.30B,$0.16B,11.97%,$1.30B,$0.21B,16.37%,$1.30B,$0.13B,9.81%,$1.30B,$0.07B,5.25%,$0.07B,$0.86B,8.11%,$0.07B,$0.29B,25.30%,$0.07B,$1.69B,4.18%,$0.16B,$1.28B,12.53%,$352,$250,$102,$0,$41,$305,$47,$-10,$37,$12,$25,$25,$25,$62,$47,$33,33,$0.75,$0.73,$183,$351,$5,$772,$329,$0,$574,$18,$921,$1693,$284,$414,$18,$548,$832,$0,$553,$1,$861,$1693,$68,$56,$39,$96,$-6,$30,$-16,$-4,$5,$170,$-31,$0,$-31,$0,$0,$0,$0,$-63,$173,$-128,$45,$1,$1,$-3,$-9,$35,$143,$3,$-3
35,2009-12-31,23.44,$25.17,0.93,$37.70,0.62,$8.44,2.78,$1.97,11.93,$0.74B,$0.27B,2.76,$0.42B,$0.84B,0.49,$1.25B,$0.36B,28.47%,$1.25B,$0.14B,11.40%,$1.25B,$0.14B,11.40%,$1.25B,$0.20B,15.79%,$1.25B,$0.12B,9.81%,$1.25B,$0.06B,5.10%,$0.06B,$0.84B,7.80%,$0.06B,$0.27B,25.37%,$0.06B,$1.65B,4.00%,$0.14B,$1.25B,11.84%,$314,$229,$85,$0,$39,$281,$33,$-8,$25,$7,$18,$18,$6,$46,$33,$33,33,$0.17,$0.17,$152,$379,$31,$738,$322,$0,$567,$19,$908,$1646,$268,$415,$17,$539,$807,$0,$529,$4,$839,$1646,$43,$42,$30,$72,$43,$10,$-39,$-2,$12,$126,$-21,$0,$-6,$0,$0,$0,$0,$-28,$176,$-128,$48,$1,$1,$-2,$-9,$38,$138,$3,$-2
36,2009-09-30,23.29,$25.03,0.93,$36.93,0.63,$6.69,3.48,$2.44,9.57,$0.67B,$0.28B,2.37,$0.33B,$0.83B,0.4,$1.23B,$0.35B,28.82%,$1.23B,$0.14B,11.43%,$1.23B,$0.14B,11.43%,$1.23B,$0.20B,15.92%,$1.23B,$0.12B,10.12%,$1.23B,$0.08B,6.29%,$0.08B,$0.83B,9.63%,$0.08B,$0.27B,29.56%,$0.08B,$1.58B,5.00%,$0.14B,$1.16B,12.08%,$313,$224,$90,$0,$38,$276,$37,$-5,$32,$11,$21,$21,$19,$52,$37,$33,33,$0.59,$0.59,$27,$394,$50,$666,$326,$0,$567,$15,$909,$1575,$281,$330,$3,$459,$740,$0,$524,$4,$834,$1575,$37,$29,$14,$43,$27,$-4,$-27,$-3,$-7,$73,$-14,$0,$-6,$0,$0,$0,$0,$-19,$6,$-43,$-37,$1,$1,$-1,$-4,$-42,$12,$2,$-1
37,2009-06-30,19.4,$24.55,0.79,$37.25,0.52,$5.69,3.41,$2.60,7.46,$0.68B,$0.21B,3.22,$0.44B,$0.82B,0.54,$1.24B,$0.36B,28.99%,$1.24B,$0.15B,11.82%,$1.24B,$0.15B,11.82%,$1.24B,$0.20B,15.95%,$1.24B,$0.13B,10.53%,$1.24B,$0.08B,6.64%,$0.08B,$0.82B,10.56%,$0.08B,$0.25B,30.97%,$0.08B,$1.59B,5.46%,$0.15B,$1.26B,12.69%,$316,$224,$92,$0,$40,$278,$38,$-5,$33,$11,$22,$22,$18,$52,$38,$33,33,$0.55,$0.55,$31,$391,$51,$677,$330,$0,$570,$12,$911,$1588,$210,$438,$3,$560,$770,$0,$505,$4,$818,$1588,$18,$14,$8,$22,$16,$-1,$-19,$-3,$-7,$32,$-7,$0,$-1,$0,$0,$0,$0,$-8,$5,$-13,$-8,$1,$1,$-1,$-0,$-8,$16,$1,$-1
38,2009-03-31,18.5,$23.77,0.78,$37.22,0.5,$5.03,3.68,$2.79,6.63,$0.68B,$0.31B,2.21,$0.37B,$0.79B,0.47,$1.24B,$0.36B,29.27%,$1.24B,$0.15B,12.18%,$1.24B,$0.15B,12.18%,$1.24B,$0.20B,16.29%,$1.24B,$0.14B,10.89%,$1.24B,$0.09B,7.10%,$0.09B,$0.79B,11.71%,$0.09B,$0.22B,32.99%,$0.09B,$1.59B,6.03%,$0.15B,$1.16B,13.49%,$311,$221,$90,$0,$42,$276,$35,$-2,$33,$11,$23,$23,$21,$48,$35,$33,33,$0.64,$0.65,$40,$389,$28,$679,$332,$0,$568,$12,$912,$1591,$307,$370,$17,$496,$803,$0,$489,$-2,$789,$1591,$88,$50,$21,$72,$10,$-8,$-23,$-1,$-22,$135,$-45,$0,$-141,$0,$0,$0,$0,$-186,$120,$-66,$54,$1,$1,$-3,$-1,$52,$1,$3,$-3
39,2008-12-31,20.55,$22.88,0.9,$37.00,0.56,$2.14,9.59,$2.70,7.61,$0.63B,$0.24B,2.6,$0.30B,$0.76B,0.39,$1.25B,$0.36B,29.12%,$1.25B,$0.15B,12.16%,$1.25B,$0.15B,12.16%,$1.25B,$0.20B,16.16%,$1.25B,$0.13B,10.24%,$1.25B,$0.08B,6.56%,$0.08B,$0.76B,11.28%,$0.08B,$0.31B,30.45%,$0.08B,$1.41B,5.79%,$0.15B,$1.06B,13.72%,$285,$204,$81,$0,$39,$255,$30,$-4,$26,$6,$20,$20,$19,$43,$30,$33,33,$0.59,$0.58,$17,$366,$56,$626,$312,$0,$454,$13,$779,$1405,$241,$297,$1,$405,$647,$0,$479,$-1,$759,$1405,$67,$38,$7,$45,$26,$-14,$-45,$-1,$-34,$77,$-31,$0,$0,$0,$0,$0,$0,$-31,$68,$-109,$-41,$1,$1,$-2,$-1,$-43,$3,$2,$-2
40,2008-09-30,22.09,$22.33,0.99,$36.02,0.61,$0.56,39.73,$2.53,8.75,$0.62B,$0.19B,3.31,$0.39B,$0.74B,0.53,$1.24B,$0.36B,28.95%,$1.24B,$0.15B,12.18%,$1.24B,$0.15B,12.18%,$1.24B,$0.20B,16.05%,$1.24B,$0.13B,10.24%,$1.24B,$0.08B,6.45%,$0.08B,$0.74B,11.29%,$0.08B,$0.28B,30.30%,$0.08B,$1.42B,5.78%,$0.15B,$1.13B,14.46%,$323,$228,$95,$0,$40,$281,$43,$-5,$38,$13,$25,$25,$24,$54,$43,$33,33,$0.73,$0.72,$13,$382,$26,$620,$328,$0,$456,$15,$799,$1419,$188,$389,$1,$492,$679,$0,$459,$2,$740,$1419,$48,$25,$6,$31,$16,$-19,$-28,$0,$-31,$47,$-21,$0,$0,$0,$0,$0,$0,$-21,$1,$-27,$-26,$1,$1,$-1,$-1,$-27,$-1,$2,$-1
41,2008-06-30,22.75,$21.88,1.04,$34.13,0.67,$-0.58,0.0,$2.26,10.06,$0.63B,$0.19B,3.23,$0.42B,$0.72B,0.58,$1.20B,$0.34B,28.74%,$1.20B,$0.14B,11.70%,$1.20B,$0.14B,11.70%,$1.20B,$0.19B,15.71%,$1.20B,$0.12B,9.77%,$1.20B,$0.07B,6.10%,$0.07B,$0.72B,10.58%,$0.07B,$0.26B,28.27%,$0.07B,$1.43B,5.42%,$0.14B,$1.13B,14.59%,$321,$224,$97,$0,$41,$277,$43,$-5,$38,$13,$25,$25,$24,$57,$43,$33,34,$0.73,$0.71,$14,$381,$26,$626,$324,$0,$460,$15,$800,$1426,$194,$415,$1,$515,$708,$0,$434,$4,$717,$1426,$24,$14,$2,$17,$8,$-16,$-19,$3,$-25,$15,$-11,$0,$0,$0,$0,$0,$0,$-11,$0,$-4,$-4,$1,$1,$-1,$-0,$-3,$0,$1,$-1
42,2008-03-31,27.47,$20.97,1.31,$32.64,0.84,$-1.29,0.0,$1.93,14.24,$0.63B,$0.21B,2.98,$0.42B,$0.69B,0.61,$1.15B,$0.33B,28.50%,$1.15B,$0.13B,11.03%,$1.15B,$0.13B,11.03%,$1.15B,$0.17B,14.94%,$1.15B,$0.11B,9.21%,$1.15B,$0.06B,5.47%,$0.06B,$0.69B,9.38%,$0.06B,$0.23B,24.85%,$0.06B,$1.42B,4.84%,$0.13B,$1.11B,13.81%,$321,$230,$91,$0,$44,$286,$36,$-10,$26,$8,$17,$17,$15,$48,$36,$33,35,$0.47,$0.45,$37,$351,$25,$627,$311,$0,$462,$14,$787,$1415,$211,$419,$1,$511,$722,$0,$414,$3,$693,$1415,$63,$46,$12,$58,$-36,$-47,$22,$-13,$-74,$46,$-51,$0,$-69,$0,$0,$0,$0,$-120,$-6,$93,$87,$-5,$-5,$-3,$-0,$80,$6,$3,$-3
43,2007-12-31,39.71,$20.43,1.94,$31.39,1.27,$-1.52,0.0,$1.79,22.25,$0.56B,$0.37B,1.53,$0.12B,$0.68B,0.18,$1.09B,$0.31B,28.62%,$1.09B,$0.12B,10.83%,$1.09B,$0.12B,10.83%,$1.09B,$0.16B,14.77%,$1.09B,$0.10B,9.54%,$1.09B,$0.06B,5.69%,$0.06B,$0.68B,9.46%,$0.06B,$0.28B,24.78%,$0.06B,$1.28B,4.95%,$0.12B,$0.80B,13.47%,$275,$199,$76,$0,$37,$246,$29,$-3,$25,$7,$18,$18,$17,$40,$29,$33,36,$0.51,$0.47,$11,$345,$24,$561,$299,$0,$400,$14,$713,$1275,$368,$121,$0,$223,$591,$0,$395,$1,$684,$1275,$48,$33,$3,$36,$3,$-49,$-15,$1,$-60,$23,$-30,$0,$-2,$0,$0,$0,$0,$-31,$-5,$12,$6,$7,$7,$-2,$-0,$11,$3,$2,$-2
44,2007-09-30,39.39,$19.91,1.98,$30.98,1.27,$-1.91,0.0,$1.65,23.87,$0.56B,$0.37B,1.49,$0.13B,$0.67B,0.19,$1.05B,$0.30B,28.77%,$1.05B,$0.11B,10.83%,$1.05B,$0.11B,10.83%,$1.05B,$0.16B,14.81%,$1.05B,$0.10B,9.12%,$1.05B,$0.06B,5.32%,$0.06B,$0.67B,8.79%,$0.06B,$0.26B,23.73%,$0.06B,$1.27B,4.59%,$0.11B,$0.79B,12.70%,$280,$200,$80,$0,$38,$248,$32,$-4,$28,$10,$19,$19,$17,$43,$32,$33,36,$0.52,$0.49,$9,$335,$22,$559,$289,$0,$404,$15,$708,$1267,$374,$125,$0,$228,$602,$0,$379,$1,$665,$1267,$31,$22,$3,$25,$-9,$-38,$-5,$1,$-51,$4,$-17,$0,$-2,$0,$0,$0,$0,$-18,$-5,$16,$11,$6,$6,$-1,$0,$15,$2,$1,$-1
45,2007-06-30,31.54,$19.38,1.63,$29.93,1.05,$-2.20,0.0,$1.55,20.35,$0.54B,$0.17B,3.11,$0.33B,$0.65B,0.51,$1.00B,$0.29B,28.74%,$1.00B,$0.11B,10.65%,$1.00B,$0.11B,10.65%,$1.00B,$0.15B,14.57%,$1.00B,$0.09B,8.94%,$1.00B,$0.05B,5.23%,$0.05B,$0.65B,8.40%,$0.05B,$0.24B,22.37%,$0.05B,$1.25B,4.34%,$0.11B,$0.97B,11.64%,$275,$194,$81,$0,$40,$245,$30,$-3,$27,$9,$18,$18,$14,$41,$30,$33,34,$0.43,$0.41,$6,$318,$27,$542,$286,$0,$406,$15,$707,$1250,$174,$328,$0,$430,$605,$0,$362,$0,$645,$1250,$14,$11,$4,$15,$-6,$-22,$-12,$1,$-39,$-11,$-10,$0,$-1,$0,$0,$0,$0,$-11,$-0,$18,$18,$4,$4,$-1,$0,$21,$-1,$1,$-1
46,2007-03-31,26.65,$19.05,1.4,$28.63,0.93,$-1.99,0.0,$1.44,18.57,$0.51B,$0.19B,2.66,$0.31B,$0.63B,0.5,$0.94B,$0.27B,28.25%,$0.94B,$0.10B,10.13%,$0.94B,$0.10B,10.13%,$0.94B,$0.13B,14.07%,$0.94B,$0.08B,8.32%,$0.94B,$0.05B,5.01%,$0.05B,$0.63B,7.80%,$0.05B,$0.22B,20.39%,$0.05B,$1.22B,4.09%,$0.10B,$0.94B,10.99%,$260,$185,$75,$0,$39,$233,$27,$-3,$24,$8,$16,$16,$14,$37,$27,$32,33,$0.44,$0.43,$7,$296,$29,$509,$284,$0,$410,$17,$711,$1220,$192,$310,$0,$401,$593,$0,$349,$-0,$627,$1220,$47,$38,$9,$46,$-10,$-52,$16,$-4,$-49,$41,$-54,$0,$-140,$0,$0,$0,$0,$-194,$78,$69,$147,$16,$16,$-2,$-6,$154,$2,$3,$-2
47,2006-12-31,25.22,$18.60,1.36,$26.97,0.94,$-1.24,0.0,$1.35,18.75,$0.47B,$0.16B,2.96,$0.28B,$0.61B,0.46,$0.88B,$0.25B,27.99%,$0.88B,$0.09B,10.13%,$0.88B,$0.09B,10.13%,$0.88B,$0.12B,13.99%,$0.88B,$0.07B,8.42%,$0.88B,$0.04B,5.01%,$0.04B,$0.61B,7.50%,$0.04B,$0.23B,18.60%,$0.04B,$1.15B,4.05%,$0.09B,$0.89B,11.00%,$238,$170,$67,$0,$34,$213,$25,$-8,$17,$5,$12,$12,$11,$35,$25,$33,33,$0.33,$0.33,$9,$286,$0,$470,$275,$0,$383,$19,$677,$1147,$158,$280,$0,$378,$537,$0,$336,$1,$610,$1147,$33,$27,$2,$29,$0,$-39,$0,$-1,$-39,$20,$-39,$0,$-95,$0,$0,$0,$0,$-134,$78,$35,$113,$12,$12,$-1,$-6,$117,$4,$2,$-1
