,Date,Stock Price,Book Value per Share,Price to Book Ratio,TTM Sales per Share,Price to Sales Ratio,TTM FCF per Share,Price to FCF Ratio,TTM Net EPS,PE Ratio,Current Assets,Current Liabilities,Current Ratio,Long Term Debt,Shareholder's Equity_x,Debt to Equity Ratio,TTM Revenue_x,TTM Gross Profit,Gross Margin,TTM Revenue_y,TTM Operating Income,Operating Margin,TTM Revenue_x,TTM EBIT,EBIT Margin,TTM Revenue_y,TTM EBITDA,EBITDA Margin,TTM Revenue_x,TTM Pre-Tax Income,Pre-Tax Margin,TTM Revenue_y,TTM Net Income_x,Net Margin,TTM Net Income_y,Shareholder's Equity_y,Return on Equity,TTM Net Income_x,Tangible Equity,Return on Tangible Equity,TTM Net Income_y,Total Assets,Return on Assets,TTM Net Income,LT Investments & Debt,Return on Investment,revenue,cost-goods-sold,gross-profit,research-development-expenses,selling-general-administrative-expenses,operating-expenses,operating-income,total-non-operating-income-expense,pre-tax-income,total-provision-income-taxes,income-after-taxes,income-from-continuous-operations,net-income,ebitda,ebit,basic-shares-outstanding,shares-outstanding,eps-basic-net-earnings-per-share,eps-earnings-per-share-diluted,cash-on-hand,inventory,other-current-assets,total-current-assets,net-property-plant-equipment,long-term-investments,goodwill-intangible-assets-total,other-long-term-assets,total-long-term-assets,total-assets,total-current-liabilities,long-term-debt,other-non-current-liabilities,total-long-term-liabilities,total-liabilities,common-stock-net,retained-earnings-accumulated-deficit,comprehensive-income,total-share-holder-equity,total-liabilities-share-holders-equity,net-income-loss,total-depreciation-amortization-cash-flow,other-non-cash-items,total-non-cash-items,change-in-accounts-receivable,change-in-inventories,change-in-accounts-payable,change-in-assets-liabilities,total-change-in-assets-liabilities,cash-flow-from-operating-activities,net-change-in-property-plant-equipment,net-change-in-intangible-assets,net-acquisitions-divestitures,net-change-in-short-term-investments,net-change-in-long-term-investments,net-change-in-investments-total,investing-activities-other,cash-flow-from-investing-activities,net-long-term-debt,net-current-debt,debt-issuance-retirement-net-total,net-common-equity-issued-repurchased,net-total-equity-issued-repurchased,total-common-preferred-stock-dividends-paid,financial-activities-other,cash-flow-from-financial-activities,net-cash-flow,stock-based-compensation,common-stock-dividends-paid
0,2018-09-30,9.83,$3.92,2.51,$9.83,1.0,$-0.83,0.0,$0.20,49.15,$0.29B,$0.11B,2.59,$0.22B,$0.15B,1.49,$0.36B,$0.11B,31.93%,$0.36B,$0.04B,12.32%,$0.36B,$0.04B,12.32%,$0.36B,$0.07B,18.49%,$0.36B,$0.02B,6.44%,$0.36B,$0.01B,3.92%,$0.01B,$0.15B,10.13%,$0.01B,$0.11B,13.46%,$0.01B,$0.49B,2.91%,$0.04B,$0.37B,12.27%,$97,$62,$35,$0,$19,$82,$15,$-7,$8,$2,$6,$6,$6,$21,$15,$38,38,$0.16,$0.16,$29,$88,$75,$285,$163,$0,$33,$9,$206,$491,$110,$220,$10,$233,$343,$0,$20,$-28,$147,$491,$13,$17,$2,$20,$-11,$-17,$0,$-8,$-42,$-9,$-6,$0,$-6,$0,$-1,$-1,$0,$-13,$11,$0,$11,$0,$0,$-2,$0,$9,$-13,$0,$-2
1,2018-06-30,8.69,$3.88,2.24,$9.57,0.91,$-0.35,0.0,$0.40,21.73,$0.27B,$0.11B,2.5,$0.22B,$0.14B,1.53,$0.34B,$0.11B,30.90%,$0.34B,$0.04B,11.66%,$0.34B,$0.04B,11.66%,$0.34B,$0.06B,18.08%,$0.34B,$0.03B,8.16%,$0.34B,$0.02B,4.37%,$0.02B,$0.14B,11.34%,$0.02B,$0.11B,15.38%,$0.02B,$0.48B,3.18%,$0.04B,$0.36B,11.35%,$89,$64,$25,$0,$17,$81,$8,$-13,$-5,$-1,$-4,$-4,$-4,$13,$8,$36,36,$-0.11,$-0.11,$32,$80,$73,$272,$168,$0,$34,$4,$206,$478,$109,$220,$2,$225,$334,$0,$19,$-26,$144,$478,$7,$11,$3,$14,$-4,$-7,$0,$-3,$-27,$-6,$-5,$0,$-6,$0,$-0,$-0,$0,$-11,$7,$0,$7,$0,$0,$-1,$0,$6,$-11,$0,$-1
2,2018-03-31,9.3,$3.96,2.35,$9.35,0.99,$0.19,49.58,$0.40,23.24,$0.27B,$0.12B,2.23,$0.22B,$0.14B,1.57,$0.34B,$0.10B,31.04%,$0.34B,$0.04B,11.04%,$0.34B,$0.04B,11.04%,$0.34B,$0.06B,17.91%,$0.34B,$0.03B,7.46%,$0.34B,$0.02B,4.48%,$0.02B,$0.14B,12.05%,$0.02B,$0.11B,16.67%,$0.02B,$0.49B,3.23%,$0.04B,$0.36B,10.72%,$87,$60,$27,$0,$17,$77,$10,$6,$16,$5,$11,$11,$11,$16,$10,$35,36,$0.30,$0.30,$33,$80,$77,$273,$177,$0,$35,$3,$216,$488,$122,$220,$1,$226,$348,$0,$28,$-20,$140,$488,$11,$6,$3,$9,$5,$-1,$0,$-8,$-30,$-10,$-1,$0,$0,$0,$-0,$-0,$0,$-1,$0,$0,$0,$0,$0,$-1,$0,$-0,$-10,$0,$-1
3,2017-12-31,7.12,$3.49,2.04,$8.76,0.81,$0.77,9.29,$0.15,47.5,$0.26B,$0.12B,2.16,$0.22B,$0.12B,1.82,$0.31B,$0.10B,31.53%,$0.31B,$0.03B,10.83%,$0.31B,$0.03B,10.83%,$0.31B,$0.06B,17.83%,$0.31B,$0.01B,3.50%,$0.31B,$0.01B,1.59%,$0.01B,$0.12B,4.18%,$0.01B,$0.09B,5.83%,$0.01B,$0.47B,1.09%,$0.03B,$0.34B,9.99%,$84,$57,$27,$0,$14,$74,$11,$-7,$4,$3,$1,$1,$1,$16,$11,$35,35,$0.04,$0.04,$43,$72,$27,$262,$169,$0,$35,$3,$206,$468,$121,$221,$2,$225,$346,$0,$22,$-29,$122,$468,$6,$21,$1,$22,$2,$-16,$0,$-8,$-14,$14,$-7,$0,$-8,$0,$-0,$-0,$0,$-15,$17,$0,$17,$0,$0,$-2,$0,$15,$14,$0,$-2
4,2017-09-30,6.4,$3.59,1.78,$8.85,0.72,$-0.22,0.0,$0.21,30.47,$0.24B,$0.10B,2.38,$0.22B,$0.12B,1.79,$0.31B,$0.10B,32.58%,$0.31B,$0.03B,10.32%,$0.31B,$0.03B,10.32%,$0.31B,$0.05B,17.10%,$0.31B,$0.01B,4.19%,$0.31B,$0.01B,2.26%,$0.01B,$0.12B,5.94%,$0.01B,$0.09B,7.69%,$0.01B,$0.45B,1.59%,$0.03B,$0.34B,9.62%,$83,$56,$27,$0,$16,$72,$11,$1,$13,$6,$7,$7,$7,$17,$11,$36,37,$0.19,$0.19,$38,$65,$30,$242,$174,$0,$35,$3,$212,$454,$102,$220,$2,$229,$331,$0,$26,$-26,$123,$454,$5,$16,$3,$18,$6,$-9,$0,$1,$-14,$9,$-6,$0,$-8,$0,$-1,$-1,$0,$-15,$16,$0,$16,$0,$0,$-2,$0,$15,$9,$0,$-2
5,2017-06-30,8.69,$3.33,2.61,$9.26,0.94,$-0.41,0.0,$-0.27,0.0,$0.24B,$0.11B,2.26,$0.22B,$0.11B,1.97,$0.31B,$0.11B,34.09%,$0.31B,$0.04B,11.36%,$0.31B,$0.04B,11.36%,$0.31B,$0.05B,17.53%,$0.31B,$-0.00B,-0.97%,$0.31B,$-0.01B,-2.92%,$-0.01B,$0.11B,-8.11%,$-0.01B,$0.08B,-9.68%,$-0.01B,$0.45B,-2.09%,$0.04B,$0.33B,11.45%,$81,$58,$23,$0,$17,$76,$5,$-13,$-8,$-4,$-4,$-4,$-4,$11,$5,$36,36,$-0.10,$-0.10,$46,$61,$15,$237,$165,$0,$32,$8,$209,$446,$105,$221,$3,$228,$333,$0,$19,$-30,$113,$446,$-3,$10,$-1,$9,$6,$-7,$0,$6,$5,$12,$-4,$0,$-8,$0,$-0,$-0,$0,$-13,$19,$0,$19,$0,$0,$-1,$0,$18,$17,$0,$-1
6,2017-03-31,9.98,$3.62,2.75,$9.39,1.06,$-0.87,0.0,$0.31,32.19,$0.25B,$0.12B,2.12,$0.22B,$0.12B,1.82,$0.31B,$0.11B,35.83%,$0.31B,$0.04B,14.01%,$0.31B,$0.04B,14.01%,$0.31B,$0.06B,19.22%,$0.31B,$0.02B,7.82%,$0.31B,$0.01B,3.26%,$0.01B,$0.12B,9.78%,$0.01B,$0.09B,10.81%,$0.01B,$0.47B,2.36%,$0.04B,$0.34B,15.52%,$66,$44,$22,$0,$14,$59,$7,$-5,$2,$1,$1,$1,$1,$12,$7,$35,36,$0.03,$0.03,$56,$57,$34,$251,$176,$0,$33,$7,$217,$468,$118,$221,$8,$228,$347,$0,$27,$-23,$121,$468,$1,$5,$2,$7,$15,$1,$0,$-6,$4,$11,$-2,$0,$-1,$0,$-0,$-0,$0,$-3,$19,$0,$19,$0,$0,$-1,$0,$19,$27,$0,$-1
7,2016-12-31,11.14,$3.42,3.25,$9.59,1.16,$-1.42,0.0,$0.73,15.26,$0.21B,$0.08B,2.69,$0.20B,$0.11B,1.73,$0.31B,$0.11B,37.05%,$0.31B,$0.05B,15.74%,$0.31B,$0.05B,15.74%,$0.31B,$0.06B,20.33%,$0.31B,$0.04B,13.11%,$0.31B,$0.02B,7.54%,$0.02B,$0.11B,27.30%,$0.02B,$0.11B,27.79%,$0.02B,$0.40B,5.71%,$0.05B,$0.31B,20.40%,$80,$52,$29,$0,$16,$71,$9,$-4,$6,$3,$3,$3,$3,$13,$9,$31,32,$0.02,$0.11,$28,$55,$27,$211,$171,$0,$6,$7,$184,$395,$78,$197,$2,$203,$281,$0,$27,$-29,$114,$395,$23,$16,$-1,$15,$-26,$-4,$0,$-10,$-41,$-3,$-22,$0,$0,$0,$-2,$-2,$0,$-25,$33,$0,$33,$1,$1,$-1,$-2,$32,$4,$0,$-1
8,2016-09-30,10.83,$3.18,3.41,$9.73,1.11,$-0.94,0.0,$0.62,17.47,$0.22B,$0.17B,1.31,$0.14B,$0.10B,1.47,$0.29B,$0.11B,38.10%,$0.29B,$0.05B,17.01%,$0.29B,$0.05B,17.01%,$0.29B,$0.07B,22.11%,$0.29B,$0.04B,12.93%,$0.29B,$0.02B,6.80%,$0.02B,$0.10B,30.65%,$0.02B,$0.10B,31.25%,$0.02B,$0.41B,5.20%,$0.05B,$0.24B,25.35%,$81,$50,$31,$0,$16,$67,$14,$-17,$-3,$6,$-9,$-9,$-9,$18,$14,$30,30,$-0.29,$-0.29,$20,$61,$59,$224,$175,$0,$0,$11,$188,$412,$171,$140,$5,$145,$316,$0,$21,$-22,$96,$412,$20,$11,$-3,$8,$-27,$-8,$0,$-8,$-40,$-12,$8,$0,$0,$0,$-25,$-25,$0,$-17,$29,$0,$29,$0,$0,$0,$-1,$28,$1,$0,$0
9,2016-06-30,10.07,$2.81,3.59,$9.53,1.06,$-1.13,0.0,$1.15,8.76,$0.25B,$0.20B,1.28,$0.14B,$0.08B,1.8,$0.28B,$0.11B,38.04%,$0.28B,$0.05B,17.03%,$0.28B,$0.05B,17.03%,$0.28B,$0.06B,22.10%,$0.28B,$0.05B,17.39%,$0.28B,$0.03B,9.78%,$0.03B,$0.08B,55.96%,$0.03B,$0.08B,57.45%,$0.03B,$0.42B,7.62%,$0.05B,$0.22B,29.84%,$80,$52,$28,$0,$15,$67,$13,$6,$19,$4,$15,$15,$15,$16,$13,$29,33,$0.51,$0.44,$56,$59,$62,$251,$157,$0,$0,$11,$170,$421,$195,$141,$6,$147,$343,$0,$45,$-26,$78,$421,$29,$7,$-19,$-12,$-13,$-8,$0,$-10,$-19,$-3,$-5,$0,$0,$0,$-22,$-22,$0,$-27,$46,$0,$46,$0,$0,$0,$-1,$45,$14,$0,$0
10,2016-03-31,11.27,$1.81,6.22,$9.44,1.19,$-1.22,0.0,$0.23,48.99,$0.23B,$0.18B,1.24,$0.13B,$0.05B,2.59,$0.25B,$0.10B,38.58%,$0.25B,$0.04B,16.93%,$0.25B,$0.04B,16.93%,$0.25B,$0.06B,22.44%,$0.25B,$0.01B,4.72%,$0.25B,$-0.01B,-3.54%,$-0.01B,$0.05B,-23.68%,$-0.01B,$0.05B,-24.49%,$-0.01B,$0.38B,-2.78%,$0.04B,$0.18B,34.06%,$64,$39,$25,$0,$13,$52,$12,$6,$18,$4,$14,$14,$14,$15,$12,$28,31,$0.51,$0.46,$45,$55,$60,$225,$146,$0,$0,$11,$159,$384,$182,$126,$27,$153,$335,$0,$31,$-29,$49,$384,$14,$3,$-9,$-6,$-12,$-6,$0,$-6,$-18,$-9,$0,$0,$0,$0,$-23,$-23,$0,$-23,$33,$0,$33,$0,$0,$0,$-1,$32,$-0,$0,$0
11,2015-12-31,12.24,$1.41,8.71,$9.25,1.32,$-0.90,0.0,$0.14,87.42,$0.17B,$0.13B,1.28,$0.12B,$0.04B,3.21,$0.24B,$0.09B,38.02%,$0.24B,$0.04B,16.12%,$0.24B,$0.04B,16.12%,$0.24B,$0.05B,21.90%,$0.24B,$0.01B,4.55%,$0.24B,$-0.01B,-4.55%,$-0.01B,$0.04B,-28.21%,$-0.01B,$0.03B,-29.14%,$-0.01B,$0.32B,-3.74%,$0.04B,$0.16B,37.14%,$69,$42,$28,$0,$15,$58,$11,$-8,$4,$4,$0,$0,$0,$16,$11,$26,26,$0.02,$0.08,$24,$49,$18,$171,$136,$0,$5,$6,$150,$321,$134,$121,$28,$150,$284,$0,$22,$-31,$38,$321,$-11,$12,$37,$49,$-29,$-29,$0,$-7,$-36,$3,$-10,$0,$0,$0,$1,$1,$0,$-9,$11,$0,$11,$0,$0,$0,$-1,$10,$3,$0,$0
12,2015-09-30,12.22,$1.09,11.19,$8.20,1.49,$-1.53,0.0,$0.65,18.8,$0.16B,$0.15B,1.04,$0.05B,$0.03B,1.74,$0.22B,$0.08B,36.41%,$0.22B,$0.03B,14.29%,$0.22B,$0.03B,14.29%,$0.22B,$0.04B,18.89%,$0.22B,$0.02B,9.68%,$0.22B,$0.00B,0.46%,$0.00B,$0.03B,2.44%,$0.00B,$0.03B,2.45%,$0.00B,$0.29B,0.36%,$0.03B,$0.08B,35.84%,$63,$39,$24,$0,$13,$52,$11,$-4,$7,$9,$-2,$-2,$-2,$14,$11,$25,25,$-0.08,$-0.08,$17,$40,$51,$156,$128,$0,$0,$5,$135,$291,$151,$49,$63,$112,$263,$0,$19,$-31,$28,$291,$-11,$8,$32,$40,$-18,$-21,$0,$0,$-19,$10,$-18,$0,$0,$0,$-1,$-1,$0,$-19,$7,$0,$7,$0,$0,$0,$0,$7,$1,$0,$0
13,2015-06-30,11.25,$1.47,7.64,$7.59,1.48,$-2.58,0.0,$0.80,14.06,$0.16B,$0.14B,1.13,$0.06B,$0.04B,1.52,$0.21B,$0.07B,35.27%,$0.21B,$0.03B,13.53%,$0.21B,$0.03B,13.53%,$0.21B,$0.04B,17.87%,$0.21B,$0.03B,14.01%,$0.21B,$0.02B,7.73%,$0.02B,$0.04B,31.07%,$0.02B,$0.04B,31.22%,$0.02B,$0.30B,5.89%,$0.03B,$0.09B,29.09%,$58,$37,$21,$0,$12,$49,$9,$-27,$-17,$4,$-21,$-21,$-21,$12,$9,$25,25,$-0.84,$-0.84,$16,$40,$53,$163,$126,$0,$0,$6,$136,$299,$144,$57,$60,$117,$261,$0,$21,$-17,$37,$299,$-9,$5,$18,$23,$-13,$-14,$0,$7,$-7,$7,$-15,$0,$0,$0,$-1,$-1,$0,$-16,$8,$0,$8,$0,$0,$0,$0,$8,$0,$0,$0
14,2015-03-31,8.28,$2.13,3.88,$7.14,1.16,$-3.34,0.0,$1.27,6.52,$0.15B,$0.13B,1.13,$0.04B,$0.05B,0.7,$0.20B,$0.07B,34.83%,$0.20B,$0.03B,13.43%,$0.20B,$0.03B,13.43%,$0.20B,$0.04B,17.91%,$0.20B,$0.04B,20.90%,$0.20B,$0.03B,15.42%,$0.03B,$0.05B,52.99%,$0.03B,$0.05B,53.22%,$0.03B,$0.27B,11.52%,$0.03B,$0.09B,26.93%,$52,$33,$19,$0,$11,$44,$8,$9,$17,$5,$12,$12,$12,$11,$8,$25,28,$0.48,$0.42,$17,$31,$54,$149,$108,$0,$0,$6,$117,$267,$132,$37,$44,$81,$214,$0,$42,$-17,$53,$267,$12,$3,$-7,$-5,$-5,$-5,$0,$4,$-2,$5,$-5,$0,$0,$0,$-0,$-0,$0,$-5,$0,$0,$0,$0,$0,$0,$0,$0,$1,$0,$0
15,2014-12-31,9.04,$1.86,4.85,$7.26,1.25,$-3.88,0.0,$0.71,12.73,$0.14B,$0.11B,1.21,$0.04B,$0.05B,0.85,$0.20B,$0.07B,34.01%,$0.20B,$0.03B,13.71%,$0.20B,$0.03B,13.71%,$0.20B,$0.04B,17.77%,$0.20B,$0.02B,9.14%,$0.20B,$0.01B,4.57%,$0.01B,$0.05B,14.88%,$0.01B,$0.05B,14.94%,$0.01B,$0.25B,3.37%,$0.03B,$0.09B,25.90%,$44,$29,$15,$0,$12,$41,$3,$11,$14,$2,$12,$12,$12,$4,$3,$24,28,$0.51,$0.54,$17,$29,$34,$136,$104,$0,$1,$5,$114,$251,$113,$39,$52,$92,$204,$0,$30,$-11,$46,$251,$10,$9,$12,$21,$-5,$-11,$0,$-36,$-35,$-5,$-21,$0,$0,$0,$1,$1,$4,$-16,$9,$0,$9,$2,$2,$0,$23,$34,$13,$0,$0
16,2014-09-30,9.75,$2.86,3.41,$8.29,1.18,$-3.41,0.0,$0.87,11.21,$0.16B,$0.12B,1.36,$0.05B,$0.07B,0.65,$0.21B,$0.07B,32.85%,$0.21B,$0.03B,16.43%,$0.21B,$0.03B,16.43%,$0.21B,$0.04B,20.77%,$0.21B,$0.02B,10.14%,$0.21B,$0.01B,4.83%,$0.01B,$0.07B,15.33%,$0.01B,$0.07B,15.33%,$0.01B,$0.27B,3.75%,$0.03B,$0.12B,30.56%,$53,$36,$18,$0,$10,$46,$8,$7,$15,$2,$13,$13,$13,$10,$8,$24,29,$0.54,$0.46,$18,$26,$50,$159,$103,$0,$0,$7,$109,$269,$117,$46,$36,$81,$199,$0,$25,$-5,$70,$269,$-3,$8,$17,$25,$-10,$-4,$0,$-27,$-36,$-14,$-25,$0,$0,$0,$-1,$-1,$4,$-22,$26,$0,$26,$1,$1,$0,$23,$50,$15,$0,$0
17,2014-06-30,10.76,$2.66,4.05,$8.64,1.25,$-2.65,0.0,$0.47,22.89,$0.20B,$0.14B,1.44,$0.05B,$0.07B,0.7,$0.20B,$0.06B,32.00%,$0.20B,$0.03B,16.00%,$0.20B,$0.03B,16.00%,$0.20B,$0.04B,20.50%,$0.20B,$0.01B,5.50%,$0.20B,0,0.00%,$0.00B,$0.07B,0.00%,$0.00B,$0.07B,0.00%,$0.00B,$0.29B,0.00%,$0.03B,$0.11B,38.91%,$52,$34,$18,$0,$10,$44,$8,$-12,$-4,$2,$-6,$-6,$-6,$11,$8,$24,28,$-0.25,$-0.25,$17,$25,$74,$197,$92,$0,$0,$0,$93,$289,$137,$46,$42,$88,$225,$0,$14,$7,$65,$289,$-16,$5,$26,$31,$-20,$-0,$0,$-13,$-38,$-23,$-7,$0,$0,$0,$-1,$-1,$4,$-4,$18,$0,$18,$1,$1,$0,$23,$41,$15,$0,$0
18,2014-03-31,9.4,$2.52,3.73,$8.94,1.05,$-2.12,0.0,$0.45,20.88,$0.18B,$0.12B,1.43,$0.05B,$0.06B,0.73,$0.19B,$0.06B,30.73%,$0.19B,$0.03B,15.63%,$0.19B,$0.03B,15.63%,$0.19B,$0.04B,19.79%,$0.19B,$0.02B,10.42%,$0.19B,$0.01B,4.69%,$0.01B,$0.06B,28.57%,$0.01B,$0.06B,28.57%,$0.01B,$0.26B,7.09%,$0.03B,$0.11B,54.79%,$48,$32,$16,$0,$8,$40,$8,$-15,$-7,$3,$-10,$-10,$-10,$10,$8,$24,24,$-0.41,$-0.41,$24,$24,$58,$175,$85,$0,$0,$0,$85,$260,$122,$45,$32,$77,$199,$0,$14,$4,$61,$260,$-10,$2,$15,$17,$-4,$1,$0,$-8,$-18,$-11,$-1,$0,$0,$0,$-0,$-0,$0,$-2,$7,$0,$7,$1,$1,$0,$23,$30,$17,$0,$0
19,2013-12-31,7.62,$2.69,2.83,$8.89,0.86,$-1.78,0.0,$0.65,11.72,$0.16B,$0.11B,1.43,$0.05B,$0.07B,0.74,$0.18B,$0.06B,29.89%,$0.18B,$0.03B,14.67%,$0.18B,$0.03B,14.67%,$0.18B,$0.04B,19.02%,$0.18B,$0.03B,16.85%,$0.18B,$0.02B,11.96%,$0.02B,$0.07B,135.38%,$0.02B,$0.07B,135.38%,$0.02B,$0.25B,35.48%,$0.03B,$0.11B,95.58%,$54,$38,$16,$0,$5,$43,$10,$7,$17,$4,$13,$13,$13,$12,$10,$21,21,$0.65,$0.65,$8,$24,$37,$155,$87,$0,$0,$0,$93,$248,$108,$48,$27,$75,$183,$0,$18,$5,$65,$248,$22,$7,$-1,$7,$-21,$-6,$0,$20,$-17,$11,$-20,$0,$0,$0,$3,$3,$-4,$-21,$8,$0,$8,$0,$0,$0,$0,$8,$1,$0,$0
20,2013-09-30,8.97,$0.00,0.0,$6.29,1.42,$-1.33,0.0,0,0.0,$0.00B,$0.00B,0.0,$0.00B,$0.00B,0.0,$0.13B,$0.04B,30.00%,$0.13B,$0.02B,13.08%,$0.13B,$0.02B,13.08%,$0.13B,$0.02B,17.69%,$0.13B,$0.01B,10.77%,$0.13B,$0.01B,6.92%,$0.01B,$0.00B,76.60%,$0.01B,$0.00B,76.60%,$0.01B,$0.00B,23.38%,$0.02B,$0.00B,70.10%,$46,$31,$14,$0,$8,$39,$6,$-1,$5,$2,$3,$3,$3,$8,$6,$21,21,$0.16,$0.16,$0,$0,$0,$0,$0,$0,$0,$0,$0,$0,$0,$0,$0,$0,$0,$0,$0,$0,$0,$0,$9,$6,$4,$10,$-2,$-3,$0,$-7,$-11,$8,$-21,$0,$0,$0,$-1,$-1,$0,$-22,$14,$0,$14,$0,$0,$0,$0,$14,$3,$0,$0
