,Date,Stock Price,Book Value per Share,Price to Book Ratio,TTM Sales per Share,Price to Sales Ratio,TTM FCF per Share,Price to FCF Ratio,TTM Net EPS,PE Ratio,Current Assets,Current Liabilities,Current Ratio,Long Term Debt,Shareholder's Equity_x,Debt to Equity Ratio,TTM Revenue_x,TTM Gross Profit,Gross Margin,TTM Revenue_y,TTM Operating Income,Operating Margin,TTM Revenue_x,TTM EBIT,EBIT Margin,TTM Revenue_y,TTM EBITDA,EBITDA Margin,TTM Revenue_x,TTM Pre-Tax Income,Pre-Tax Margin,TTM Revenue_y,TTM Net Income_x,Net Margin,TTM Net Income_y,Shareholder's Equity_y,Return on Equity,TTM Net Income_x,Tangible Equity,Return on Tangible Equity,TTM Net Income_y,Total Assets,Return on Assets,TTM Net Income,LT Investments & Debt,Return on Investment,revenue,cost-goods-sold,gross-profit,research-development-expenses,selling-general-administrative-expenses,operating-expenses,operating-income,total-non-operating-income-expense,pre-tax-income,total-provision-income-taxes,income-after-taxes,income-from-continuous-operations,net-income,ebitda,ebit,basic-shares-outstanding,shares-outstanding,eps-basic-net-earnings-per-share,eps-earnings-per-share-diluted,cash-on-hand,inventory,other-current-assets,total-current-assets,net-property-plant-equipment,long-term-investments,goodwill-intangible-assets-total,other-long-term-assets,total-long-term-assets,total-assets,total-current-liabilities,long-term-debt,other-non-current-liabilities,total-long-term-liabilities,total-liabilities,common-stock-net,retained-earnings-accumulated-deficit,comprehensive-income,total-share-holder-equity,total-liabilities-share-holders-equity,net-income-loss,total-depreciation-amortization-cash-flow,other-non-cash-items,total-non-cash-items,change-in-accounts-receivable,change-in-inventories,change-in-accounts-payable,change-in-assets-liabilities,total-change-in-assets-liabilities,cash-flow-from-operating-activities,net-change-in-property-plant-equipment,net-change-in-intangible-assets,net-acquisitions-divestitures,net-change-in-short-term-investments,net-change-in-long-term-investments,net-change-in-investments-total,investing-activities-other,cash-flow-from-investing-activities,net-long-term-debt,net-current-debt,debt-issuance-retirement-net-total,net-common-equity-issued-repurchased,net-total-equity-issued-repurchased,total-common-preferred-stock-dividends-paid,financial-activities-other,cash-flow-from-financial-activities,net-cash-flow,stock-based-compensation,common-stock-dividends-paid
0,2018-09-30,11.96,$5.60,2.14,$9.48,1.26,$3.60,3.32,$2.51,4.76,$0.53B,$0.36B,1.47,$2.99B,$1.21B,2.48,$2.06B,$1.03B,49.88%,$2.06B,$0.60B,29.25%,$2.06B,$0.60B,29.25%,$2.06B,$0.69B,33.33%,$2.06B,$0.41B,20.15%,$2.06B,$0.55B,26.72%,$0.55B,$1.21B,50.42%,$0.55B,$-2.93B,-18.44%,$0.55B,$5.17B,10.75%,$0.60B,$4.20B,14.41%,$539,$271,$268,$0,$94,$385,$154,$-48,$107,$14,$93,$93,$97,$177,$154,$216,216,$0.45,$0.45,$24,$0,$47,$531,$355,$156,$4131,$0,$4642,$5173,$360,$2989,$94,$3607,$3967,$324,$6284,$-123,$1206,$5173,$245,$64,$-50,$15,$0,$0,$0,$73,$73,$333,$-35,$0,$-312,$0,$-10,$-10,$5,$-352,$-24,$0,$-24,$-6,$-6,$-45,$-9,$-85,$-104,$12,$-45
1,2018-06-30,10.85,$5.19,2.09,$9.12,1.19,$3.54,3.06,$2.31,4.7,$0.50B,$0.26B,1.93,$3.13B,$1.12B,2.8,$1.98B,$0.99B,49.80%,$1.98B,$0.56B,28.48%,$1.98B,$0.56B,28.48%,$1.98B,$0.65B,32.58%,$1.98B,$0.37B,18.64%,$1.98B,$0.50B,25.00%,$0.50B,$1.12B,51.36%,$0.50B,$-3.02B,-16.31%,$0.50B,$5.14B,9.66%,$0.56B,$4.25B,13.91%,$524,$264,$260,$0,$90,$370,$154,$-34,$120,$28,$93,$93,$93,$176,$154,$216,217,$0.43,$0.43,$25,$0,$12,$503,$351,$150,$4139,$0,$4640,$5143,$261,$3131,$101,$3765,$4026,$324,$6202,$-125,$1117,$5143,$148,$42,$-45,$-3,$0,$0,$0,$9,$9,$154,$-21,$0,$-310,$0,$-3,$-3,$2,$-332,$120,$0,$120,$-6,$-6,$-30,$-10,$74,$-104,$8,$-30
2,2018-03-31,11.32,$4.81,2.35,$8.94,1.27,$3.82,2.96,$2.11,5.36,$0.51B,$0.27B,1.86,$3.20B,$1.04B,3.08,$1.95B,$0.99B,50.69%,$1.95B,$0.56B,28.79%,$1.95B,$0.56B,28.79%,$1.95B,$0.66B,34.14%,$1.95B,$0.32B,16.56%,$1.95B,$0.27B,13.98%,$0.27B,$1.04B,30.12%,$0.27B,$-3.11B,-8.99%,$0.27B,$5.15B,5.18%,$0.56B,$4.23B,13.83%,$502,$258,$244,$0,$86,$365,$137,$-61,$76,$20,$55,$55,$55,$157,$137,$216,217,$0.26,$0.25,$8,$0,$25,$507,$356,$139,$4143,$0,$4638,$5145,$273,$3196,$107,$3836,$4109,$324,$6124,$-126,$1037,$5145,$55,$20,$-19,$1,$0,$0,$0,$-5,$-5,$51,$-11,$0,$-325,$0,$-3,$-3,$0,$-338,$187,$0,$187,$0,$0,$-15,$-5,$167,$-120,$4,$-15
3,2017-12-31,13.91,$4.63,3.0,$8.74,1.59,$4.19,3.32,$2.13,6.53,$0.64B,$0.33B,1.96,$3.01B,$1.00B,3.02,$1.90B,$0.97B,51.00%,$1.90B,$0.55B,28.71%,$1.90B,$0.55B,28.71%,$1.90B,$0.68B,35.86%,$1.90B,$0.31B,16.30%,$1.90B,$0.28B,14.46%,$0.28B,$1.00B,21.36%,$0.28B,$-2.86B,-8.16%,$0.28B,$4.96B,4.52%,$0.55B,$4.00B,11.80%,$490,$237,$253,$0,$85,$334,$156,$-45,$111,$-192,$303,$303,$304,$175,$156,$216,217,$1.40,$1.40,$99,$0,$38,$637,$335,$137,$3853,$0,$4325,$4962,$325,$3007,$108,$3642,$3967,$324,$6063,$-107,$995,$4962,$215,$137,$105,$242,$15,$0,$-21,$-34,$-70,$386,$-77,$0,$205,$0,$30,$30,$16,$175,$-372,$0,$-372,$-23,$-23,$-90,$-53,$-539,$22,$17,$-90
4,2017-09-30,13.1,$3.28,4.0,$7.51,1.74,$5.45,2.41,$1.34,9.78,$0.87B,$0.63B,1.37,$3.04B,$0.71B,4.3,$1.64B,$0.79B,48.35%,$1.64B,$0.55B,33.52%,$1.64B,$0.55B,33.52%,$1.64B,$0.72B,43.77%,$1.64B,$0.29B,17.95%,$1.64B,$0.10B,6.35%,$0.10B,$0.71B,6.20%,$0.10B,$-3.15B,-3.48%,$0.10B,$5.24B,1.49%,$0.55B,$3.74B,10.41%,$464,$235,$229,$0,$84,$347,$117,$-55,$62,$11,$51,$51,$43,$137,$117,$216,218,$0.20,$0.19,$383,$0,$0,$867,$345,$173,$3858,$0,$4376,$5243,$633,$3035,$116,$3905,$4537,$324,$5777,$-121,$706,$5243,$-89,$118,$398,$516,$0,$0,$0,$-76,$-76,$352,$-64,$0,$6,$0,$13,$13,$198,$153,$-59,$0,$-59,$-8,$-8,$-75,$-55,$-197,$308,$14,$-75
5,2017-06-30,14.09,$4.06,3.47,$7.77,1.81,$5.90,2.39,$1.65,8.54,$1.27B,$0.51B,2.49,$3.35B,$0.87B,3.83,$1.69B,$0.88B,52.07%,$1.69B,$0.62B,36.48%,$1.69B,$0.62B,36.48%,$1.69B,$0.82B,48.29%,$1.69B,$0.35B,20.48%,$1.69B,$0.18B,10.63%,$0.18B,$0.87B,8.47%,$0.18B,$-2.99B,-5.37%,$0.18B,$5.65B,2.30%,$0.62B,$4.22B,10.26%,$489,$230,$260,$0,$90,$339,$150,$-77,$73,$24,$49,$49,$-130,$195,$150,$216,218,$-0.60,$-0.60,$66,$0,$0,$1266,$360,$158,$3863,$0,$4381,$5648,$508,$3346,$86,$4265,$4774,$324,$5750,$-146,$874,$5648,$-129,$97,$367,$464,$0,$0,$0,$-93,$-93,$243,$-50,$0,$6,$0,$0,$0,$0,$-44,$-26,$0,$-26,$-8,$-8,$-60,$-32,$-127,$72,$10,$-60
6,2017-03-31,15.89,$11.99,1.33,$7.69,2.07,$5.87,2.71,$1.87,8.5,$0.75B,$0.61B,1.24,$3.97B,$2.58B,1.54,$1.68B,$0.90B,53.63%,$1.68B,$0.63B,37.34%,$1.68B,$0.63B,37.34%,$1.68B,$0.83B,49.58%,$1.68B,$0.37B,21.88%,$1.68B,$0.41B,24.32%,$0.41B,$2.58B,16.27%,$0.41B,$-4.48B,-10.93%,$0.41B,$8.47B,4.79%,$0.63B,$6.54B,9.46%,$459,$231,$228,$0,$84,$336,$123,$-59,$64,$19,$45,$45,$58,$175,$123,$215,218,$0.27,$0.27,$80,$0,$0,$752,$442,$216,$7055,$0,$7713,$8465,$609,$3966,$149,$5282,$5890,$324,$7412,$-161,$2575,$8465,$64,$52,$6,$58,$0,$0,$0,$18,$18,$140,$-18,$0,$5,$0,$1,$1,$0,$-13,$-79,$0,$-79,$-7,$-7,$-30,$-8,$-124,$3,$5,$-30
7,2016-12-31,13.19,$11.90,1.11,$9.08,1.45,$5.80,2.27,$2.02,6.53,$0.79B,$0.62B,1.28,$4.04B,$2.55B,1.58,$2.01B,$1.21B,60.25%,$2.01B,$0.71B,35.31%,$2.01B,$0.71B,35.31%,$2.01B,$0.91B,45.54%,$2.01B,$0.45B,22.44%,$2.01B,$0.44B,21.75%,$0.44B,$2.55B,17.59%,$0.44B,$-1.32B,-11.58%,$0.44B,$8.54B,5.11%,$0.71B,$6.60B,10.63%,$226,$150,$75,$0,$-86,$67,$159,$-65,$95,$33,$62,$62,$133,$210,$159,$216,220,$0.62,$0.62,$16,$0,$39,$791,$375,$181,$3874,$0,$7752,$8543,$619,$4043,$98,$5371,$5990,$324,$7385,$-162,$2553,$8543,$488,$204,$83,$288,$-32,$0,$-2,$-51,$-92,$683,$-95,$0,$-198,$0,$19,$19,$0,$-273,$-138,$0,$-138,$-162,$-162,$-122,$-41,$-462,$-52,$18,$-122
8,2016-09-30,13.4,$11.64,1.15,$11.63,1.15,$5.49,2.44,$2.10,6.38,$0.85B,$0.61B,1.39,$4.24B,$2.50B,1.7,$2.58B,$1.71B,66.02%,$2.58B,$0.88B,33.90%,$2.58B,$0.88B,33.90%,$2.58B,$1.08B,41.72%,$2.58B,$0.61B,23.53%,$2.58B,$0.46B,17.76%,$0.46B,$2.50B,18.70%,$0.46B,$-4.63B,-10.05%,$0.46B,$8.68B,5.38%,$0.88B,$6.73B,13.13%,$520,$200,$319,$0,$99,$334,$186,$-71,$115,$38,$77,$77,$119,$238,$186,$215,218,$0.55,$0.54,$107,$0,$0,$846,$450,$256,$7123,$0,$7828,$8675,$609,$4238,$163,$5570,$6179,$324,$7285,$-139,$2496,$8675,$344,$153,$46,$199,$0,$0,$0,$-88,$-88,$455,$-69,$0,$-196,$0,$-9,$-9,$0,$-273,$60,$0,$60,$-151,$-151,$-92,$-21,$-203,$-22,$13,$-92
9,2016-06-30,14.11,$11.36,1.24,$12.54,1.13,$5.61,2.52,$1.95,7.24,$0.78B,$0.51B,1.52,$4.26B,$2.43B,1.75,$2.82B,$1.92B,68.04%,$2.82B,$0.91B,32.18%,$2.82B,$0.91B,32.18%,$2.82B,$1.11B,39.26%,$2.82B,$0.64B,22.68%,$2.82B,$0.43B,15.17%,$0.43B,$2.43B,17.64%,$0.43B,$-4.54B,-9.34%,$0.43B,$8.46B,4.99%,$0.91B,$6.69B,13.55%,$477,$197,$280,$0,$96,$317,$160,$-66,$94,$27,$67,$67,$99,$211,$160,$217,220,$0.46,$0.45,$102,$0,$0,$783,$445,$259,$6973,$0,$7677,$8461,$514,$4255,$166,$5512,$6026,$324,$7236,$-136,$2434,$8461,$210,$101,$22,$123,$0,$0,$0,$-104,$-104,$229,$-40,$0,$-54,$0,$-11,$-11,$0,$-105,$80,$0,$80,$-151,$-151,$-61,$-19,$-151,$-27,$9,$-61
10,2016-03-31,14.2,$11.18,1.27,$13.63,1.04,$5.92,2.4,$2.00,7.1,$0.75B,$0.58B,1.29,$4.20B,$2.43B,1.73,$3.10B,$2.16B,69.54%,$3.10B,$0.93B,30.11%,$3.10B,$0.93B,30.11%,$3.10B,$1.17B,37.56%,$3.10B,$0.63B,20.44%,$3.10B,$0.45B,14.35%,$0.45B,$2.43B,16.33%,$0.45B,$-4.58B,-9.94%,$0.45B,$8.47B,4.82%,$0.93B,$6.63B,13.25%,$782,$248,$534,$0,$280,$578,$203,$-58,$146,$42,$103,$103,$85,$254,$203,$219,223,$0.39,$0.38,$79,$0,$0,$748,$451,$262,$7008,$0,$7721,$8469,$579,$4197,$169,$5459,$6038,$324,$7167,$-131,$2432,$8469,$96,$51,$6,$57,$0,$0,$0,$-26,$-26,$127,$-16,$0,$-53,$0,$-5,$-5,$0,$-75,$24,$0,$24,$-75,$-75,$-31,$-20,$-102,$-50,$5,$-31
11,2015-12-31,15.36,$11.18,1.37,$13.29,1.16,$6.09,2.52,$2.07,7.42,$0.81B,$0.61B,1.33,$4.17B,$2.46B,1.7,$3.05B,$2.13B,69.75%,$3.05B,$0.91B,29.92%,$3.05B,$0.91B,29.92%,$3.05B,$1.18B,38.51%,$3.05B,$0.62B,20.42%,$3.05B,$0.47B,15.50%,$0.47B,$2.46B,15.76%,$0.47B,$-4.53B,-10.82%,$0.47B,$8.51B,4.79%,$0.91B,$6.63B,12.40%,$805,$233,$573,$0,$274,$478,$327,$-74,$253,$82,$171,$171,$156,$375,$327,$221,225,$0.71,$0.69,$129,$0,$0,$805,$458,$257,$6985,$0,$7701,$8506,$607,$4169,$187,$5442,$6049,$324,$7111,$-131,$2457,$8506,$523,$262,$55,$318,$33,$2,$-58,$-120,$-189,$651,$-119,$0,$357,$0,$-21,$-21,$0,$217,$-308,$0,$-308,$-271,$-271,$-168,$-112,$-858,$11,$26,$-168
12,2015-09-30,13.41,$10.75,1.25,$13.35,1.0,$6.74,1.99,$4.30,3.12,$1.07B,$0.72B,1.48,$4.47B,$2.38B,1.88,$3.09B,$2.14B,69.37%,$3.09B,$0.81B,26.33%,$3.09B,$0.81B,26.33%,$3.09B,$1.11B,35.95%,$3.09B,$0.96B,31.19%,$3.09B,$0.80B,25.91%,$0.80B,$2.38B,24.55%,$0.80B,$-4.69B,-19.33%,$0.80B,$8.88B,7.58%,$0.81B,$6.86B,10.56%,$758,$224,$533,$0,$265,$539,$218,$-71,$147,$36,$111,$111,$88,$268,$218,$225,230,$0.39,$0.38,$118,$0,$188,$1066,$450,$284,$7074,$0,$7809,$8875,$723,$4471,$216,$5768,$6491,$324,$6984,$-119,$2384,$8875,$365,$214,$-78,$136,$0,$0,$0,$9,$9,$510,$-75,$0,$-54,$0,$-18,$-18,$111,$-36,$-26,$0,$-26,$-201,$-201,$-136,$-111,$-474,$-1,$17,$-136
13,2015-06-30,19.09,$16.02,1.19,$12.99,1.47,$6.93,2.76,$4.42,4.32,$1.62B,$1.06B,1.53,$4.45B,$3.63B,1.23,$3.01B,$2.01B,66.85%,$3.01B,$0.78B,25.87%,$3.01B,$0.78B,25.87%,$3.01B,$1.09B,36.13%,$3.01B,$0.92B,30.49%,$3.01B,$0.83B,27.60%,$0.83B,$3.63B,24.03%,$0.83B,$-4.12B,-23.58%,$0.83B,$11.09B,7.69%,$0.78B,$8.08B,9.98%,$757,$240,$517,$0,$265,$571,$186,$-98,$88,$34,$54,$54,$116,$268,$186,$227,232,$0.51,$0.50,$219,$38,$211,$1616,$1375,$298,$7745,$0,$9477,$11094,$1055,$4453,$349,$6411,$7466,$324,$8740,$-760,$3627,$11094,$259,$164,$-85,$79,$0,$0,$0,$-12,$-12,$325,$-55,$0,$-37,$0,$-18,$-18,$111,$0,$-41,$0,$-41,$-75,$-75,$-91,$-18,$-225,$101,$12,$-91
14,2015-03-31,17.82,$15.59,1.14,$16.02,1.11,$7.04,2.53,$4.82,3.7,$1.37B,$1.06B,1.3,$4.35B,$3.54B,1.23,$3.71B,$2.18B,58.70%,$3.71B,$0.84B,22.51%,$3.71B,$0.84B,22.51%,$3.71B,$1.12B,30.21%,$3.71B,$1.16B,31.29%,$3.71B,$0.92B,24.85%,$0.92B,$3.54B,27.78%,$0.92B,$-4.15B,-30.34%,$0.92B,$10.98B,8.94%,$0.84B,$7.89B,11.27%,$731,$227,$505,$0,$265,$549,$182,$-47,$135,$51,$84,$84,$113,$264,$182,$227,232,$0.50,$0.49,$136,$42,$23,$1373,$1556,$312,$7681,$0,$9611,$10984,$1055,$4352,$362,$6394,$7449,$324,$8670,$-781,$3536,$10984,$127,$82,$11,$92,$0,$0,$0,$-45,$-45,$175,$-19,$0,$-9,$0,$3,$3,$104,$79,$-140,$0,$-140,$-38,$-38,$-45,$-14,$-236,$17,$9,$-45
15,2014-12-31,15.26,$15.39,0.99,$18.91,0.81,$6.99,2.18,$4.58,3.33,$1.31B,$1.13B,1.16,$4.49B,$3.49B,1.29,$4.39B,$2.31B,52.70%,$4.39B,$0.86B,19.56%,$4.39B,$0.86B,19.56%,$4.39B,$1.13B,25.64%,$4.39B,$1.15B,26.19%,$4.39B,$0.87B,19.81%,$0.87B,$3.49B,27.42%,$0.87B,$-3.60B,-33.60%,$0.87B,$11.24B,8.84%,$0.86B,$7.98B,12.18%,$842,$255,$587,$0,$270,$615,$227,$365,$593,$90,$502,$502,$483,$310,$227,$226,231,$2.14,$2.09,$110,$0,$37,$1313,$667,$249,$7092,$0,$9929,$11242,$1133,$4488,$232,$6619,$7753,$324,$8602,$-779,$3489,$11242,$1130,$266,$-318,$-52,$-2,$10,$67,$-113,$-231,$848,$-150,$0,$-1991,$0,$174,$174,$305,$-1662,$769,$0,$769,$-76,$-76,$-181,$-48,$464,$-351,$34,$-181
16,2014-09-30,14.09,$14.07,1.0,$21.15,0.67,$5.70,2.47,$2.05,6.87,$2.44B,$1.12B,2.18,$4.11B,$3.18B,1.29,$4.91B,$2.37B,48.26%,$4.91B,$0.85B,17.20%,$4.91B,$0.85B,17.20%,$4.91B,$1.08B,21.90%,$4.91B,$0.70B,14.31%,$4.91B,$0.48B,9.71%,$0.48B,$3.18B,15.79%,$0.48B,$-2.23B,-20.93%,$0.48B,$9.92B,5.11%,$0.85B,$7.29B,12.61%,$681,$277,$404,$0,$186,$497,$184,$-82,$102,$30,$72,$72,$119,$246,$184,$226,232,$0.52,$0.51,$1375,$52,$54,$2444,$1614,$389,$5410,$0,$7473,$9917,$1123,$4107,$267,$5616,$6739,$324,$7972,$-463,$3178,$9917,$435,$183,$-191,$-8,$0,$0,$0,$145,$145,$573,$-92,$0,$-203,$0,$161,$161,$304,$170,$389,$0,$389,$-64,$-64,$-136,$-27,$163,$905,$25,$-136
17,2014-06-30,14.78,$13.67,1.08,$23.56,0.63,$4.81,3.08,$1.88,7.86,$1.46B,$1.01B,1.46,$3.45B,$3.09B,1.12,$5.49B,$2.51B,45.71%,$5.49B,$0.83B,15.19%,$5.49B,$0.83B,15.19%,$5.49B,$1.05B,19.11%,$5.49B,$0.73B,13.22%,$5.49B,$0.44B,7.99%,$0.44B,$3.09B,15.06%,$0.44B,$-2.19B,-23.39%,$0.44B,$9.15B,5.11%,$0.83B,$6.53B,13.76%,$1460,$776,$684,$0,$354,$1218,$243,$89,$332,$106,$226,$226,$208,$302,$243,$226,232,$0.92,$0.90,$431,$55,$54,$1463,$1599,$755,$5271,$0,$7685,$9148,$1005,$3447,$261,$5058,$6063,$324,$7898,$-459,$3085,$9148,$296,$122,$-168,$-47,$0,$0,$0,$106,$106,$355,$-57,$0,$-122,$0,$158,$158,$67,$46,$-268,$0,$-268,$-65,$-65,$-91,$-15,$-440,$-39,$17,$-91
18,2014-03-31,12.94,$12.90,1.0,$22.82,0.57,$4.27,3.03,$1.46,8.87,$1.57B,$1.01B,1.55,$3.45B,$2.93B,1.18,$5.33B,$2.40B,45.03%,$5.33B,$0.79B,14.88%,$5.33B,$0.79B,14.88%,$5.33B,$1.00B,18.71%,$5.33B,$0.56B,10.49%,$5.33B,$0.34B,6.46%,$0.34B,$2.93B,12.26%,$0.34B,$-2.32B,-23.03%,$0.34B,$9.01B,4.39%,$0.79B,$6.38B,14.60%,$1404,$768,$637,$0,$355,$1200,$204,$-82,$122,$53,$70,$70,$59,$267,$204,$227,232,$0.26,$0.25,$293,$62,$262,$1571,$1604,$536,$5247,$0,$7438,$9010,$1012,$3454,$258,$5073,$6085,$324,$7735,$-467,$2925,$9010,$70,$63,$-6,$57,$0,$0,$0,$40,$40,$166,$-22,$0,$-33,$0,$5,$5,$45,$-5,$-258,$0,$-258,$-29,$-29,$-45,$-5,$-337,$-176,$9,$-45
19,2013-12-31,13.78,$12.72,1.08,$22.04,0.63,$3.73,3.69,$1.65,8.35,$1.92B,$1.01B,1.91,$3.71B,$2.90B,1.28,$5.16B,$2.28B,44.17%,$5.16B,$0.74B,14.34%,$5.16B,$0.74B,14.34%,$5.16B,$0.93B,18.00%,$5.16B,$0.56B,10.83%,$5.16B,$0.39B,7.56%,$0.39B,$2.90B,14.34%,$0.39B,$-2.37B,-35.41%,$0.39B,$9.24B,5.46%,$0.74B,$6.60B,15.28%,$1368,$722,$646,$0,$341,$1154,$214,$-67,$147,$42,$105,$105,$91,$261,$214,$227,233,$0.40,$0.39,$469,$50,$396,$1923,$1670,$380,$5268,$0,$7317,$9241,$1007,$3707,$268,$5339,$6346,$324,$7721,$-494,$2895,$9241,$446,$190,$17,$207,$-18,$4,$-29,$-45,$-141,$511,$-110,$0,$-1451,$0,$60,$60,$114,$-1387,$1529,$0,$1529,$-85,$-85,$-183,$-91,$1170,$294,$33,$-183
20,2013-09-30,12.4,$11.97,1.04,$22.57,0.55,$4.82,2.57,$1.70,7.29,$1.68B,$0.92B,1.84,$1.98B,$2.73B,0.73,$5.31B,$2.37B,44.67%,$5.31B,$0.75B,14.04%,$5.31B,$0.75B,14.04%,$5.31B,$0.94B,17.66%,$5.31B,$0.61B,11.41%,$5.31B,$0.40B,7.57%,$0.40B,$2.73B,15.28%,$0.40B,$-0.61B,-56.64%,$0.40B,$6.89B,6.26%,$0.75B,$4.71B,17.82%,$1253,$713,$540,$0,$316,$1081,$172,$-47,$124,$27,$98,$98,$80,$218,$172,$229,234,$0.35,$0.34,$811,$52,$36,$1682,$1426,$321,$3338,$0,$5210,$6892,$916,$1980,$239,$3248,$4164,$324,$7676,$-673,$2728,$6892,$341,$142,$-66,$76,$0,$0,$0,$-68,$-68,$349,$-73,$0,$-18,$0,$31,$31,$34,$-24,$541,$0,$541,$-64,$-64,$-138,$-28,$312,$636,$23,$-138
21,2013-06-30,11.25,$11.68,0.96,$22.79,0.49,$5.49,2.05,$1.92,5.86,$0.99B,$0.88B,1.13,$1.36B,$2.68B,0.51,$5.37B,$2.42B,45.10%,$5.37B,$0.79B,14.74%,$5.37B,$0.79B,14.74%,$5.37B,$0.99B,18.37%,$5.37B,$0.67B,12.46%,$5.37B,$0.46B,8.48%,$0.46B,$2.68B,17.40%,$0.46B,$-0.67B,-60.49%,$0.46B,$6.21B,7.17%,$0.79B,$4.03B,19.37%,$1303,$727,$576,$0,$321,$1100,$203,$-37,$166,$40,$127,$127,$114,$251,$203,$229,235,$0.50,$0.48,$161,$53,$38,$994,$1446,$287,$3349,$0,$5211,$6205,$880,$1358,$251,$2648,$3529,$324,$7642,$-700,$2676,$6205,$243,$96,$-67,$29,$0,$0,$0,$-48,$-48,$224,$-49,$0,$-18,$0,$27,$27,$7,$-33,$-79,$0,$-79,$-28,$-28,$-92,$-4,$-203,$-14,$16,$-92
22,2013-03-31,9.97,$11.28,0.88,$22.75,0.44,$5.92,1.69,$1.95,5.11,$1.01B,$0.86B,1.17,$1.45B,$2.58B,0.56,$5.37B,$2.43B,45.25%,$5.37B,$0.81B,14.99%,$5.37B,$0.81B,14.99%,$5.37B,$1.00B,18.62%,$5.37B,$0.69B,12.84%,$5.37B,$0.46B,8.58%,$0.46B,$2.58B,17.80%,$0.46B,$-0.75B,-58.80%,$0.46B,$6.23B,7.19%,$0.81B,$4.03B,19.47%,$1238,$720,$518,$0,$314,$1087,$151,$-29,$122,$5,$116,$116,$105,$199,$151,$229,235,$0.46,$0.44,$143,$59,$30,$1006,$1467,$284,$3332,$0,$5222,$6227,$862,$1449,$269,$2784,$3647,$324,$7574,$-709,$2581,$6227,$116,$48,$-66,$-18,$0,$0,$0,$-62,$-62,$36,$-16,$0,$-2,$0,$9,$9,$2,$-6,$15,$0,$15,$-27,$-27,$-46,$-4,$-62,$-32,$8,$-46
23,2012-12-31,8.15,$11.04,0.74,$22.55,0.36,$6.43,1.27,$1.79,4.55,$1.07B,$0.94B,1.15,$1.43B,$2.54B,0.56,$5.35B,$2.41B,45.00%,$5.35B,$0.79B,14.76%,$5.35B,$0.79B,14.76%,$5.35B,$0.98B,18.38%,$5.35B,$0.67B,12.52%,$5.35B,$0.42B,7.92%,$0.42B,$2.54B,16.45%,$0.42B,$-0.81B,-52.52%,$0.42B,$6.38B,6.55%,$0.79B,$3.97B,18.92%,$1518,$780,$739,$0,$360,$1298,$220,$-26,$194,$79,$115,$115,$103,$270,$220,$232,237,$0.45,$0.35,$175,$56,$18,$1073,$1519,$283,$3347,$0,$5307,$6380,$935,$1432,$305,$2905,$3840,$324,$7515,$-701,$2540,$6380,$475,$194,$154,$348,$36,$-7,$-3,$-56,$-30,$757,$-92,$0,$-67,$0,$33,$33,$39,$-87,$-337,$0,$-337,$-120,$-120,$-159,$-48,$-664,$8,$27,$-159
24,2012-09-30,7.96,$11.59,0.69,$21.86,0.36,$6.68,1.19,$1.84,4.33,$1.10B,$0.97B,1.13,$1.64B,$2.66B,0.61,$5.22B,$2.28B,43.58%,$5.22B,$0.78B,14.97%,$5.22B,$0.78B,14.97%,$5.22B,$0.98B,18.67%,$5.22B,$0.63B,12.00%,$5.22B,$0.44B,8.39%,$0.44B,$2.66B,17.04%,$0.44B,$-0.78B,-53.46%,$0.44B,$6.56B,6.70%,$0.78B,$4.30B,18.40%,$1309,$721,$588,$0,$318,$1092,$217,$-30,$187,$39,$149,$149,$133,$266,$217,$231,236,$0.58,$0.56,$237,$62,$0,$1096,$1566,$300,$3443,$0,$5465,$6561,$971,$1635,$314,$2926,$3897,$324,$7457,$-572,$2664,$6561,$360,$144,$-76,$69,$0,$0,$0,$70,$70,$499,$-63,$0,$-63,$0,$14,$14,$38,$-75,$-132,$0,$-132,$-110,$-110,$-113,$-1,$-355,$71,$18,$-113
25,2012-06-30,6.54,$11.12,0.59,$21.50,0.3,$7.12,0.92,$1.69,3.87,$1.05B,$0.92B,1.14,$1.66B,$2.57B,0.65,$5.18B,$2.23B,43.09%,$5.18B,$0.76B,14.73%,$5.18B,$0.76B,14.73%,$5.18B,$0.96B,18.46%,$5.18B,$0.60B,11.53%,$5.18B,$0.41B,7.82%,$0.41B,$2.57B,15.73%,$0.41B,$-0.80B,-50.85%,$0.41B,$6.46B,6.20%,$0.76B,$4.24B,17.64%,$1307,$721,$586,$0,$316,$1091,$217,$-30,$187,$51,$136,$136,$120,$265,$217,$233,237,$0.51,$0.51,$202,$62,$27,$1047,$1579,$298,$3371,$0,$5417,$6463,$918,$1663,$328,$2973,$3891,$324,$7370,$-585,$2573,$6463,$211,$96,$-67,$29,$0,$0,$0,$76,$76,$317,$-38,$0,$-9,$0,$10,$10,$4,$-34,$-102,$0,$-102,$-79,$-79,$-66,$-1,$-248,$35,$13,$-66
26,2012-03-31,6.72,$10.77,0.62,$21.46,0.31,$7.52,0.89,$1.80,3.73,$1.00B,$0.95B,1.06,$1.67B,$2.53B,0.66,$5.21B,$2.24B,43.03%,$5.21B,$0.79B,15.13%,$5.21B,$0.79B,15.13%,$5.21B,$0.98B,18.87%,$5.21B,$0.62B,11.89%,$5.21B,$0.44B,8.39%,$0.44B,$2.53B,16.90%,$0.44B,$-0.84B,-55.51%,$0.44B,$6.50B,6.65%,$0.79B,$4.20B,17.80%,$1219,$722,$496,$0,$308,$1083,$136,$-33,$102,$27,$76,$76,$68,$183,$136,$236,240,$0.29,$0.28,$157,$62,$20,$1003,$1616,$315,$3375,$0,$5495,$6498,$951,$1665,$344,$3016,$3967,$324,$7297,$-581,$2531,$6498,$76,$48,$-40,$7,$0,$0,$0,$79,$79,$162,$-18,$0,$-8,$0,$4,$4,$1,$-22,$-97,$0,$-97,$-33,$-33,$-19,$-1,$-150,$-9,$7,$-19
27,2011-12-31,5.79,$10.60,0.55,$21.53,0.27,$7.79,0.74,$1.89,3.06,$1.08B,$0.90B,1.19,$1.76B,$2.51B,0.7,$5.24B,$2.28B,43.49%,$5.24B,$0.83B,15.86%,$5.24B,$0.83B,15.86%,$5.24B,$1.03B,19.64%,$5.24B,$0.65B,12.48%,$5.24B,$0.46B,8.76%,$0.46B,$2.51B,17.87%,$0.46B,$-0.86B,-57.07%,$0.46B,$6.62B,6.95%,$0.83B,$4.27B,18.30%,$1388,$782,$606,$0,$332,$1175,$212,$-61,$151,$26,$125,$125,$117,$261,$212,$239,243,$0.49,$0.49,$167,$49,$20,$1076,$1640,$325,$3367,$0,$5541,$6616,$902,$1760,$370,$3202,$4104,$324,$7276,$-596,$2512,$6616,$500,$197,$159,$356,$33,$23,$-13,$-27,$-41,$814,$-72,$0,$-23,$0,$34,$34,$37,$-25,$-599,$0,$-599,$-49,$-49,$-48,$-109,$-805,$-16,$28,$-48
28,2011-09-30,4.11,$11.25,0.37,$21.87,0.19,$7.65,0.54,$2.12,1.94,$1.06B,$0.87B,1.21,$1.92B,$2.68B,0.72,$5.31B,$2.38B,44.77%,$5.31B,$0.93B,17.48%,$5.31B,$0.93B,17.48%,$5.31B,$1.11B,20.83%,$5.31B,$0.77B,14.53%,$5.31B,$0.52B,9.71%,$0.52B,$2.68B,20.44%,$0.52B,$-0.69B,-60.99%,$0.52B,$6.55B,7.75%,$0.93B,$4.60B,20.00%,$1266,$722,$544,$0,$297,$1068,$198,$-42,$157,$45,$112,$112,$100,$247,$198,$240,243,$0.42,$0.41,$196,$69,$20,$1056,$1659,$354,$3369,$0,$5488,$6545,$874,$1918,$333,$2990,$3864,$324,$7178,$-366,$2681,$6545,$375,$149,$-12,$137,$0,$0,$0,$91,$91,$603,$-46,$0,$-16,$0,$15,$15,$37,$-11,$-439,$0,$-439,$-26,$-26,$-29,$-85,$-580,$13,$20,$-29
29,2011-06-30,6.14,$10.89,0.56,$22.09,0.28,$8.04,0.76,$2.13,2.88,$1.02B,$0.86B,1.19,$2.02B,$2.62B,0.77,$5.36B,$2.40B,44.78%,$5.36B,$0.93B,17.37%,$5.36B,$0.93B,17.37%,$5.36B,$1.14B,21.18%,$5.36B,$0.78B,14.63%,$5.36B,$0.52B,9.65%,$0.52B,$2.62B,21.53%,$0.52B,$-0.76B,-53.07%,$0.52B,$6.61B,7.67%,$0.93B,$4.64B,20.04%,$1335,$740,$595,$0,$297,$1093,$242,$-33,$209,$43,$166,$166,$152,$292,$242,$240,244,$0.63,$0.62,$165,$75,$20,$1015,$1691,$368,$3384,$0,$5592,$6607,$855,$2022,$350,$3130,$3985,$324,$7097,$-352,$2622,$6607,$264,$100,$-4,$96,$0,$0,$0,$55,$55,$415,$-29,$0,$-12,$0,$11,$11,$34,$4,$-334,$0,$-334,$2,$2,$-19,$-85,$-437,$-18,$15,$-19
30,2011-03-31,6.51,$10.22,0.64,$22.27,0.29,$8.20,0.79,$2.32,2.81,$1.00B,$0.86B,1.17,$2.19B,$2.46B,0.89,$5.39B,$2.43B,44.99%,$5.39B,$0.96B,17.85%,$5.39B,$0.96B,17.85%,$5.39B,$1.17B,21.71%,$5.39B,$0.81B,15.03%,$5.39B,$0.56B,10.39%,$0.56B,$2.46B,24.82%,$0.56B,$-0.91B,-50.06%,$0.56B,$6.67B,8.24%,$0.96B,$4.65B,20.67%,$1251,$718,$534,$0,$298,$1073,$179,$-42,$137,$39,$98,$98,$90,$229,$179,$240,243,$0.38,$0.37,$142,$84,$20,$1004,$1726,$391,$3373,$0,$5663,$6667,$861,$2188,$371,$3344,$4205,$324,$6956,$-347,$2461,$6667,$98,$50,$12,$62,$0,$0,$0,$64,$64,$224,$-13,$0,$-2,$0,$5,$5,$4,$-6,$-166,$0,$-166,$1,$1,$-10,$-85,$-259,$-41,$10,$-10
31,2010-12-31,6.44,$9.75,0.66,$22.53,0.29,$8.51,0.76,$2.44,2.64,$1.14B,$0.89B,1.28,$2.35B,$2.33B,1.01,$5.44B,$2.46B,45.19%,$5.44B,$1.00B,18.39%,$5.44B,$1.00B,18.39%,$5.44B,$1.21B,22.32%,$5.44B,$0.85B,15.57%,$5.44B,$0.59B,10.79%,$0.59B,$2.33B,27.93%,$0.59B,$-1.02B,-45.89%,$0.59B,$6.82B,8.54%,$1.00B,$4.69B,21.49%,$1462,$755,$706,$0,$310,$1152,$310,$-41,$269,$85,$184,$184,$174,$339,$310,$238,242,$0.73,$0.71,$183,$72,$20,$1139,$1758,$393,$3356,$0,$5678,$6817,$893,$2352,$366,$3590,$4483,$324,$6875,$-365,$2334,$6817,$623,$215,$200,$414,$35,$-10,$-15,$-171,$-260,$773,$-69,$0,$-15,$0,$34,$34,$113,$63,$-716,$0,$-716,$3,$3,$-38,$0,$-751,$84,$33,$-38
32,2010-09-30,5.21,$9.15,0.57,$22.55,0.23,$8.98,0.58,$2.28,2.28,$1.06B,$0.90B,1.18,$2.42B,$2.19B,1.11,$5.41B,$2.42B,44.74%,$5.41B,$0.95B,17.47%,$5.41B,$0.95B,17.47%,$5.41B,$1.07B,19.84%,$5.41B,$0.79B,14.66%,$5.41B,$0.55B,10.11%,$0.55B,$2.19B,27.98%,$0.55B,$-1.20B,-37.94%,$0.55B,$6.87B,7.87%,$0.95B,$4.61B,20.18%,$1312,$747,$565,$0,$289,$1112,$200,$-32,$169,$55,$114,$114,$101,$275,$200,$238,242,$0.43,$0.42,$172,$70,$20,$1060,$1791,$392,$3387,$0,$5805,$6865,$902,$2420,$405,$3777,$4679,$324,$6710,$-323,$2186,$6865,$439,$186,$-25,$161,$0,$0,$0,$84,$84,$684,$-37,$0,$-15,$0,$11,$11,$106,$65,$-647,$0,$-647,$1,$1,$-29,$0,$-675,$74,$22,$-29
33,2010-06-30,5.72,$8.56,0.67,$22.61,0.25,$8.70,0.66,$2.17,2.63,$1.00B,$0.81B,1.24,$2.63B,$2.04B,1.29,$5.41B,$2.39B,44.15%,$5.41B,$0.90B,16.66%,$5.41B,$0.90B,16.66%,$5.41B,$1.05B,19.45%,$5.41B,$0.75B,13.77%,$5.41B,$0.52B,9.61%,$0.52B,$2.04B,29.09%,$0.52B,$-1.34B,-32.00%,$0.52B,$6.85B,7.36%,$0.90B,$4.67B,19.01%,$1365,$745,$620,$0,$293,$1093,$273,$-38,$235,$49,$186,$186,$195,$327,$273,$238,242,$0.82,$0.81,$157,$62,$20,$999,$1820,$383,$3384,$0,$5847,$6846,$805,$2630,$407,$3997,$4803,$324,$6618,$-347,$2043,$6846,$325,$110,$-9,$101,$0,$0,$0,$15,$15,$441,$-20,$0,$-15,$0,$9,$9,$97,$71,$-435,$0,$-435,$1,$1,$-19,$0,$-453,$58,$17,$-19
34,2010-03-31,7.0,$7.61,0.92,$22.87,0.31,$8.51,0.82,$1.66,4.22,$1.01B,$0.90B,1.12,$2.80B,$1.84B,1.52,$5.43B,$2.31B,42.48%,$5.43B,$0.77B,14.18%,$5.43B,$0.77B,14.18%,$5.43B,$1.01B,18.50%,$5.43B,$0.63B,11.54%,$5.43B,$0.40B,7.27%,$0.40B,$1.84B,24.15%,$0.40B,$-1.55B,-21.97%,$0.40B,$6.96B,5.48%,$0.77B,$4.65B,16.02%,$1300,$732,$567,$0,$295,$1083,$217,$-43,$174,$55,$119,$119,$117,$273,$217,$237,241,$0.49,$0.49,$104,$65,$66,$1012,$1857,$395,$3399,$0,$5945,$6957,$900,$2801,$455,$4212,$5113,$324,$6432,$-345,$1844,$6957,$119,$56,$9,$65,$0,$0,$0,$108,$108,$292,$-9,$0,$-15,$0,$3,$3,$5,$-16,$-262,$0,$-262,$1,$1,$-9,$0,$-271,$5,$13,$-9
35,2009-12-31,6.28,$7.37,0.85,$23.44,0.27,$8.01,0.78,$1.51,4.16,$1.05B,$0.90B,1.17,$3.06B,$1.75B,1.75,$5.51B,$2.28B,41.37%,$5.51B,$0.72B,13.05%,$5.51B,$0.72B,13.05%,$5.51B,$0.96B,17.46%,$5.51B,$0.57B,10.35%,$5.51B,$0.36B,6.44%,$0.36B,$1.75B,23.81%,$0.36B,$-1.67B,-18.17%,$0.36B,$7.15B,4.74%,$0.72B,$4.81B,14.69%,$1432,$764,$668,$0,$310,$1177,$255,$-40,$215,$76,$139,$139,$134,$198,$255,$234,236,$0.57,$0.56,$99,$64,$0,$1049,$1972,$405,$3420,$0,$6099,$7148,$900,$3062,$467,$4501,$5401,$324,$6325,$-317,$1747,$7148,$382,$243,$181,$424,$105,$57,$-67,$-114,$45,$867,$-68,$0,$-10,$0,$11,$11,$32,$-35,$-714,$0,$-714,$0,$0,$-119,$0,$-833,$-0,$25,$-119
36,2009-09-30,5.28,$6.42,0.82,$24.41,0.22,$8.35,0.63,$1.64,3.22,$1.00B,$0.93B,1.08,$3.31B,$1.52B,2.19,$5.69B,$2.26B,39.81%,$5.69B,$-4.72B,-82.97%,$5.69B,$-4.72B,-82.97%,$5.69B,$-6.85B,-120.51%,$5.69B,$-4.99B,-87.83%,$5.69B,$-4.49B,-78.91%,$-4.49B,$1.52B,-332.73%,$-4.49B,$-1.94B,213.06%,$-4.49B,$7.32B,-58.65%,$-4.72B,$4.83B,-95.47%,$1312,$779,$533,$0,$279,$1156,$156,$-35,$121,$36,$84,$84,$74,$254,$156,$235,239,$0.31,$0.31,$124,$64,$0,$1000,$2029,$422,$3451,$0,$6318,$7319,$926,$3313,$450,$4877,$5803,$324,$6200,$-403,$1516,$7319,$241,$300,$-41,$259,$0,$0,$0,$118,$118,$618,$-46,$0,$-7,$0,$7,$7,$22,$-23,$-462,$0,$-462,$0,$0,$-110,$0,$-571,$25,$16,$-110
37,2009-06-30,1.5,$6.11,0.25,$26.09,0.06,$8.89,0.17,$2.02,0.74,$1.00B,$0.90B,1.11,$3.51B,$1.44B,2.45,$6.01B,$2.38B,39.63%,$6.01B,$-4.61B,-76.77%,$6.01B,$-4.61B,-76.77%,$6.01B,$-6.78B,-112.83%,$6.01B,$-4.90B,-81.50%,$6.01B,$-4.40B,-73.24%,$-4.40B,$1.44B,-167.97%,$-4.40B,$-2.03B,197.55%,$-4.40B,$7.42B,-47.98%,$-4.61B,$4.94B,-72.52%,$1387,$848,$539,$0,$288,$1245,$142,$-25,$117,$40,$78,$78,$70,$280,$142,$233,235,$0.30,$0.30,$104,$61,$0,$1000,$2124,$411,$3465,$0,$6422,$7422,$904,$3509,$460,$5084,$5987,$324,$6136,$-390,$1435,$7422,$156,$201,$-49,$152,$0,$0,$0,$88,$88,$397,$-33,$0,$-7,$0,$6,$6,$8,$-27,$-265,$0,$-265,$0,$0,$-101,$0,$-365,$5,$11,$-101
38,2009-03-31,0.92,$5.45,0.17,$27.70,0.03,$9.44,0.1,$2.74,0.33,$1.61B,$1.49B,1.08,$3.73B,$1.27B,2.95,$6.34B,$2.57B,40.56%,$6.34B,$-6.89B,-108.66%,$6.34B,$-6.89B,-108.66%,$6.34B,$-6.63B,-104.57%,$6.34B,$-7.44B,-117.33%,$6.34B,$-6.76B,-106.66%,$-6.76B,$1.27B,-172.39%,$-6.76B,$-2.18B,312.49%,$-6.76B,$8.06B,-63.43%,$-6.89B,$5.00B,-87.56%,$1378,$839,$539,$0,$309,$1212,$166,$-49,$117,$39,$78,$78,$77,$230,$166,$230,231,$0.34,$0.34,$649,$94,$0,$1606,$2175,$400,$3443,$0,$6452,$8058,$1488,$3732,$462,$5303,$6791,$324,$6075,$-463,$1267,$8058,$78,$64,$-21,$43,$0,$0,$0,$55,$55,$176,$-19,$0,$-5,$0,$4,$4,$5,$-15,$480,$0,$480,$0,$0,$-91,$0,$389,$550,$6,$-91
39,2008-12-31,3.29,$5.15,0.64,$29.04,0.11,$10.10,0.33,$3.24,1.01,$1.25B,$1.16B,1.08,$3.82B,$1.18B,3.25,$6.64B,$2.72B,41.01%,$6.64B,$-6.73B,-101.33%,$6.64B,$-6.73B,-101.33%,$6.64B,$-6.47B,-97.38%,$6.64B,$-7.27B,-109.43%,$6.64B,$-6.65B,-100.12%,$-6.65B,$1.18B,-113.23%,$-6.65B,$-2.28B,324.69%,$-6.65B,$7.80B,-52.77%,$-6.73B,$4.99B,-68.11%,$1608,$956,$652,$0,$330,$6789,$-5181,$-167,$-5348,$-667,$-4680,$-4680,$-4707,$-7615,$-5181,$228,228,$-20.61,$-20.61,$99,$121,$0,$1246,$2221,$413,$3456,$0,$6551,$7797,$1157,$3817,$476,$5465,$6622,$324,$6007,$-469,$1175,$7797,$-6641,$262,$7506,$7768,$148,$-27,$50,$-63,$-57,$1015,$-165,$0,$-169,$0,$-18,$-18,$79,$-273,$-275,$0,$-275,$-73,$-73,$-367,$-0,$-715,$22,$23,$-367
40,2008-09-30,6.7,$28.96,0.23,$30.11,0.22,$11.39,0.59,$3.61,1.85,$1.35B,$1.21B,1.12,$3.91B,$6.61B,0.59,$6.93B,$2.94B,42.43%,$6.93B,$-1.14B,-16.38%,$6.93B,$-1.14B,-16.38%,$6.93B,$1.63B,23.58%,$6.93B,$-1.55B,-22.37%,$6.93B,$-1.70B,-24.48%,$-1.70B,$6.61B,-21.66%,$-1.70B,$-2.43B,88.54%,$-1.70B,$13.42B,-11.60%,$-1.14B,$10.51B,-9.53%,$1637,$985,$652,$0,$328,$1378,$259,$-43,$216,$57,$159,$159,$158,$324,$259,$228,228,$0.69,$0.69,$123,$138,$0,$1346,$2361,$680,$9032,$0,$12073,$13419,$1207,$3908,$747,$5605,$6813,$324,$10805,$290,$6606,$13419,$-1940,$2696,$31,$2727,$0,$0,$0,$-13,$-13,$774,$-104,$0,$-137,$0,$-18,$-18,$69,$-189,$-190,$0,$-190,$-73,$-73,$-275,$-0,$-538,$46,$17,$-275
41,2008-06-30,8.42,$29.13,0.29,$30.67,0.27,$11.75,0.72,$3.93,2.14,$1.71B,$0.93B,1.85,$4.33B,$6.64B,0.65,$7.09B,$3.06B,43.17%,$7.09B,$-1.01B,-14.17%,$7.09B,$-1.01B,-14.17%,$7.09B,$1.77B,24.92%,$7.09B,$-1.42B,-20.03%,$7.09B,$-1.62B,-22.85%,$-1.62B,$6.64B,-19.23%,$-1.62B,$-1.77B,90.76%,$-1.62B,$13.38B,-10.60%,$-1.01B,$10.97B,-7.96%,$1718,$989,$729,$0,$300,$3852,$-2134,$-291,$-2425,$-134,$-2291,$-2291,$-2291,$430,$-2134,$228,228,$-10.03,$-10.03,$577,$119,$0,$1710,$2362,$886,$8418,$0,$11666,$13376,$925,$4325,$777,$5807,$6732,$324,$10738,$398,$6644,$13376,$-2099,$2631,$29,$2660,$0,$0,$0,$-24,$-24,$537,$-58,$0,$-11,$0,$-6,$-6,$69,$-6,$226,$0,$226,$-73,$-73,$-184,$-0,$-31,$500,$13,$-184
42,2008-03-31,11.17,$39.61,0.28,$31.30,0.36,$12.17,0.92,$4.47,2.5,$1.31B,$0.95B,1.39,$3.98B,$9.06B,0.44,$7.29B,$3.19B,43.81%,$7.29B,$1.60B,21.92%,$7.29B,$1.60B,21.92%,$7.29B,$1.88B,25.76%,$7.29B,$1.43B,19.68%,$7.29B,$1.04B,14.23%,$1.04B,$9.06B,11.56%,$1.04B,$-1.71B,-56.14%,$1.04B,$15.80B,6.49%,$1.60B,$13.04B,12.07%,$1677,$987,$690,$0,$295,$1349,$328,$-36,$291,$100,$192,$192,$192,$395,$328,$229,230,$0.84,$0.84,$166,$108,$0,$1314,$2576,$1141,$10767,$0,$14484,$15798,$947,$3980,$886,$5792,$6740,$324,$13120,$422,$9059,$15798,$192,$68,$30,$98,$0,$0,$0,$47,$47,$337,$-28,$0,$-11,$0,$-4,$-4,$64,$20,$-118,$0,$-118,$-58,$-58,$-92,$-0,$-268,$89,$7,$-92
43,2007-12-31,14.83,$39.17,0.38,$31.79,0.47,$12.34,1.2,$4.53,3.27,$1.34B,$0.96B,1.4,$4.10B,$9.02B,0.46,$7.44B,$3.28B,44.02%,$7.44B,$1.65B,22.19%,$7.44B,$1.65B,22.19%,$7.44B,$1.94B,26.02%,$7.44B,$1.45B,19.49%,$7.44B,$1.06B,14.19%,$1.06B,$9.02B,11.96%,$1.06B,$-1.75B,-52.28%,$1.06B,$15.89B,6.52%,$1.65B,$13.12B,12.26%,$1897,$1028,$869,$0,$315,$1485,$412,$-44,$368,$121,$247,$247,$245,$485,$412,$233,234,$1.06,$1.05,$77,$97,$0,$1343,$2616,$1158,$10770,$0,$14544,$15888,$962,$4098,$632,$5908,$6871,$324,$13019,$431,$9017,$15888,$1057,$285,$-113,$172,$257,$22,$-36,$-46,$151,$1342,$-171,$0,$-31,$0,$3,$3,$464,$266,$-1113,$0,$-1113,$-203,$-203,$-311,$-0,$-1627,$-17,$29,$-311
44,2007-09-30,16.46,$38.66,0.43,$32.48,0.51,$12.73,1.29,$4.98,3.31,$1.48B,$0.96B,1.54,$4.42B,$8.98B,0.49,$7.63B,$3.33B,43.64%,$7.63B,$1.75B,22.94%,$7.63B,$1.75B,22.94%,$7.63B,$2.03B,26.64%,$7.63B,$1.58B,20.70%,$7.63B,$1.17B,15.27%,$1.17B,$8.98B,13.43%,$1.17B,$-1.90B,-52.70%,$1.17B,$16.06B,7.16%,$1.75B,$13.40B,12.88%,$1799,$1026,$773,$0,$314,$1410,$389,$-44,$346,$112,$234,$234,$234,$457,$389,$232,233,$1.01,$1.01,$91,$116,$0,$1481,$2626,$1069,$10882,$0,$14577,$16058,$959,$4418,$737,$6122,$7081,$324,$12866,$479,$8977,$16058,$810,$212,$-162,$51,$0,$0,$0,$0,$0,$862,$-94,$0,$-21,$0,$-41,$-41,$438,$283,$-794,$0,$-794,$-136,$-136,$-218,$-2,$-1150,$-4,$28,$-218
45,2007-06-30,20.55,$37.63,0.55,$32.73,0.63,$13.50,1.52,$5.08,4.05,$1.59B,$1.07B,1.49,$4.56B,$8.81B,0.52,$7.71B,$3.39B,43.90%,$7.71B,$1.81B,23.43%,$7.71B,$1.81B,23.43%,$7.71B,$2.09B,27.11%,$7.71B,$1.61B,20.82%,$7.71B,$1.19B,15.45%,$1.19B,$8.81B,14.00%,$1.19B,$-2.02B,-50.73%,$1.19B,$16.14B,7.25%,$1.81B,$13.37B,13.19%,$1913,$1052,$860,$0,$321,$1445,$468,$-39,$429,$140,$290,$290,$366,$540,$468,$234,235,$1.56,$1.56,$177,$117,$0,$1585,$2647,$1074,$10837,$0,$14557,$16142,$1067,$4558,$733,$6261,$7328,$324,$12725,$406,$8814,$16142,$576,$145,$-27,$118,$0,$0,$0,$0,$0,$649,$-60,$0,$-21,$-59,$-47,$-105,$439,$253,$-654,$0,$-654,$-78,$-78,$-146,$-1,$-879,$24,$21,$-146
46,2007-03-31,20.96,$36.27,0.58,$32.97,0.64,$13.46,1.56,$4.83,4.34,$1.99B,$0.95B,2.11,$5.48B,$8.51B,0.64,$7.80B,$3.44B,44.15%,$7.80B,$1.87B,23.95%,$7.80B,$1.87B,23.95%,$7.80B,$2.15B,27.55%,$7.80B,$1.64B,20.97%,$7.80B,$1.14B,14.57%,$1.14B,$8.51B,13.63%,$1.14B,$-2.40B,-47.64%,$1.14B,$16.66B,6.95%,$1.87B,$14.00B,13.68%,$1831,$1058,$773,$0,$321,$1449,$382,$-74,$307,$101,$206,$206,$211,$454,$382,$235,235,$0.90,$0.90,$644,$124,$0,$1993,$2737,$1016,$10913,$0,$14666,$16659,$945,$5482,$758,$7201,$8146,$324,$12432,$328,$8513,$16659,$211,$72,$31,$104,$0,$0,$0,$0,$0,$386,$-29,$0,$-12,$-525,$-4,$-529,$10,$-560,$272,$0,$272,$-0,$-0,$-73,$-1,$198,$25,$14,$-73
47,2006-12-31,22.42,$35.71,0.63,$33.07,0.68,$13.17,1.7,$4.92,4.56,$1.53B,$1.12B,1.37,$5.21B,$8.38B,0.62,$7.85B,$3.48B,44.29%,$7.85B,$1.90B,24.26%,$7.85B,$1.90B,24.26%,$7.85B,$2.18B,27.80%,$7.85B,$1.68B,21.43%,$7.85B,$1.16B,14.78%,$1.16B,$8.38B,14.24%,$1.16B,$-2.52B,-48.78%,$1.16B,$16.22B,7.21%,$1.90B,$13.59B,14.24%,$2085,$1162,$923,$0,$346,$1574,$511,$-14,$497,$155,$342,$342,$354,$581,$511,$236,237,$1.50,$1.49,$94,$121,$0,$1532,$2775,$1019,$10897,$0,$14692,$16224,$1117,$5210,$558,$6725,$7842,$324,$12337,$306,$8382,$16224,$1161,$277,$135,$412,$18,$-2,$-34,$-14,$-50,$1480,$-201,$0,$-403,$94,$-285,$-191,$43,$-751,$-235,$0,$-235,$-188,$-188,$-280,$-3,$-706,$25,$47,$-280
