,Date,Stock Price,Book Value per Share,Price to Book Ratio,TTM Sales per Share,Price to Sales Ratio,TTM FCF per Share,Price to FCF Ratio,TTM Net EPS,PE Ratio,Current Assets,Current Liabilities,Current Ratio,Long Term Debt,Shareholder's Equity_x,Debt to Equity Ratio,TTM Revenue_x,TTM Gross Profit,Gross Margin,TTM Revenue_y,TTM Operating Income,Operating Margin,TTM Revenue_x,TTM EBIT,EBIT Margin,TTM Revenue_y,TTM EBITDA,EBITDA Margin,TTM Revenue_x,TTM Pre-Tax Income,Pre-Tax Margin,TTM Revenue_y,TTM Net Income_x,Net Margin,TTM Net Income_y,Shareholder's Equity_y,Return on Equity,TTM Net Income_x,Tangible Equity,Return on Tangible Equity,TTM Net Income_y,Total Assets,Return on Assets,TTM Net Income,LT Investments & Debt,Return on Investment,revenue,cost-goods-sold,gross-profit,research-development-expenses,selling-general-administrative-expenses,operating-expenses,operating-income,total-non-operating-income-expense,pre-tax-income,total-provision-income-taxes,income-after-taxes,income-from-continuous-operations,net-income,ebitda,ebit,basic-shares-outstanding,shares-outstanding,eps-basic-net-earnings-per-share,eps-earnings-per-share-diluted,cash-on-hand,inventory,other-current-assets,total-current-assets,net-property-plant-equipment,long-term-investments,goodwill-intangible-assets-total,other-long-term-assets,total-long-term-assets,total-assets,total-current-liabilities,long-term-debt,other-non-current-liabilities,total-long-term-liabilities,total-liabilities,common-stock-net,retained-earnings-accumulated-deficit,comprehensive-income,total-share-holder-equity,total-liabilities-share-holders-equity,net-income-loss,total-depreciation-amortization-cash-flow,other-non-cash-items,total-non-cash-items,change-in-accounts-receivable,change-in-inventories,change-in-accounts-payable,change-in-assets-liabilities,total-change-in-assets-liabilities,cash-flow-from-operating-activities,net-change-in-property-plant-equipment,net-change-in-intangible-assets,net-acquisitions-divestitures,net-change-in-short-term-investments,net-change-in-long-term-investments,net-change-in-investments-total,investing-activities-other,cash-flow-from-investing-activities,net-long-term-debt,net-current-debt,debt-issuance-retirement-net-total,net-common-equity-issued-repurchased,net-total-equity-issued-repurchased,total-common-preferred-stock-dividends-paid,financial-activities-other,cash-flow-from-financial-activities,net-cash-flow,stock-based-compensation,common-stock-dividends-paid
0,2018-09-30,14.52,$0.00,0.0,$6.40,2.27,$2.34,6.21,$1.21,12.0,$0.73B,$0.14B,5.19,$0.71B,$0.14B,5.07,$1.03B,$0.57B,55.78%,$1.03B,$0.47B,46.06%,$1.03B,$0.47B,46.06%,$1.03B,$0.49B,47.81%,$1.03B,$0.31B,29.64%,$1.03B,$0.22B,21.09%,$0.22B,$0.14B,75.41%,$0.22B,$0.14B,75.41%,$0.22B,$1.00B,22.70%,$0.47B,$0.85B,65.56%,$245,$105,$140,$0,$16,$122,$123,$-88,$35,$10,$25,$25,$25,$125,$123,$167,167,$0.15,$0.15,$474,$10,$60,$729,$268,$0,$0,$0,$269,$998,$140,$708,$9,$718,$858,$42,$116,$0,$140,$998,$116,$11,$242,$253,$-157,$0,$0,$0,$-157,$213,$-105,$0,$0,$0,$0,$0,$-5,$-110,$-119,$0,$-119,$0,$0,$-30,$189,$40,$319,$0,$-30
1,2018-06-30,11.72,$0.00,0.0,$5.90,1.99,$2.19,5.35,$1.39,8.43,$0.84B,$0.14B,5.83,$0.67B,$0.33B,2.03,$0.94B,$0.51B,53.95%,$0.94B,$0.41B,43.48%,$0.94B,$0.41B,43.48%,$0.94B,$0.43B,45.73%,$0.94B,$0.32B,33.65%,$0.94B,$0.22B,23.72%,$0.22B,$0.33B,70.31%,$0.22B,$0.33B,70.31%,$0.22B,$1.16B,25.47%,$0.41B,$1.00B,65.94%,$294,$118,$176,$0,$18,$159,$135,$-67,$68,$20,$48,$48,$48,$139,$135,$158,158,$0.30,$0.30,$435,$21,$204,$838,$325,$1,$0,$0,$326,$1164,$144,$669,$13,$690,$833,$58,$123,$0,$331,$1164,$123,$9,$130,$139,$-43,$-16,$-5,$-101,$-165,$97,$-52,$0,$0,$0,$0,$0,$-138,$-190,$-40,$0,$-40,$0,$0,$453,$-183,$230,$264,$0,$453
2,2018-03-31,19.64,$0.00,0.0,$5.19,3.79,$2.35,8.38,$1.35,14.55,$0.47B,$0.28B,1.71,$0.17B,$0.36B,0.48,$0.83B,$0.42B,50.97%,$0.83B,$0.35B,42.03%,$0.83B,$0.35B,42.03%,$0.83B,$0.37B,44.81%,$0.83B,$0.31B,36.96%,$0.83B,$0.22B,25.97%,$0.22B,$0.36B,73.13%,$0.22B,$0.36B,73.13%,$0.22B,$0.84B,28.74%,$0.35B,$0.53B,73.46%,$252,$103,$149,$0,$16,$120,$132,$-7,$125,$37,$88,$88,$88,$137,$132,$159,159,$0.56,$0.56,$250,$8,$75,$474,$361,$1,$0,$0,$363,$837,$277,$173,$15,$200,$477,$68,$230,$0,$359,$837,$88,$5,$50,$55,$-9,$-3,$-22,$3,$-36,$107,$-16,$0,$0,$0,$0,$0,$9,$-6,$0,$0,$0,$0,$0,$0,$0,$0,$106,$0,$0
3,2017-12-31,21.47,$2.02,10.62,$4.63,4.64,$2.13,10.07,$1.06,20.25,$0.43B,$0.28B,1.55,$0.19B,$0.32B,0.6,$0.74B,$0.35B,46.82%,$0.74B,$0.28B,38.43%,$0.74B,$0.28B,38.43%,$0.74B,$0.31B,41.54%,$0.74B,$0.25B,33.83%,$0.74B,$0.17B,22.87%,$0.17B,$0.32B,66.21%,$0.17B,$0.32B,66.21%,$0.17B,$0.83B,24.31%,$0.28B,$0.51B,63.15%,$238,$129,$109,$0,$17,$153,$84,$-7,$77,$21,$56,$56,$56,$91,$84,$159,159,$0.36,$0.36,$174,$6,$87,$432,$391,$1,$0,$0,$393,$825,$278,$191,$18,$226,$504,$81,$169,$0,$321,$825,$169,$22,$121,$143,$-56,$1,$20,$-59,$-99,$213,$-79,$0,$0,$0,$0,$0,$-74,$-153,$-2,$0,$-2,$0,$0,$0,$0,$-2,$66,$0,$0
4,2017-09-30,19.61,$0.00,0.0,$4.17,4.7,$1.95,10.07,$0.91,21.55,$0.31B,$0.20B,1.55,$0.17B,$0.25B,0.68,$0.67B,$0.31B,46.25%,$0.67B,$0.26B,38.29%,$0.67B,$0.26B,38.29%,$0.67B,$0.28B,41.74%,$0.67B,$0.22B,32.88%,$0.67B,$0.14B,21.47%,$0.14B,$0.25B,65.67%,$0.14B,$0.25B,65.67%,$0.14B,$0.66B,22.34%,$0.26B,$0.42B,59.58%,$152,$81,$71,$0,$14,$96,$56,$-11,$45,$15,$30,$30,$30,$61,$56,$159,159,$0.19,$0.19,$139,$12,$48,$307,$348,$1,$0,$4,$354,$661,$197,$172,$18,$211,$409,$78,$105,$0,$252,$661,$105,$15,$87,$103,$-4,$-5,$-23,$-51,$-91,$118,$-39,$0,$0,$0,$0,$0,$-41,$-80,$-1,$0,$-1,$0,$0,$0,$0,$-1,$40,$0,$0
5,2017-06-30,16.04,$0.00,0.0,$3.88,4.14,$1.86,8.6,$0.79,20.31,$0.30B,$0.20B,1.51,$0.18B,$0.24B,0.75,$0.62B,$0.27B,44.01%,$0.62B,$0.22B,35.92%,$0.62B,$0.22B,35.92%,$0.62B,$0.24B,39.48%,$0.62B,$0.19B,30.74%,$0.62B,$0.12B,19.90%,$0.12B,$0.24B,64.99%,$0.12B,$0.24B,64.99%,$0.12B,$0.67B,20.03%,$0.22B,$0.43B,53.14%,$186,$94,$93,$0,$15,$110,$76,$-17,$59,$19,$41,$41,$41,$82,$76,$162,162,$0.25,$0.25,$140,$11,$46,$296,$364,$1,$0,$4,$373,$669,$196,$182,$20,$229,$425,$86,$83,$0,$244,$669,$83,$11,$67,$78,$-0,$-4,$-17,$-38,$-66,$95,$-24,$0,$0,$0,$0,$0,$-40,$-65,$-0,$0,$-0,$0,$0,$0,$0,$-0,$32,$0,$0
6,2017-03-31,13.73,$0.00,0.0,$3.57,3.85,$1.78,7.7,$0.69,19.9,$0.27B,$0.14B,1.87,$0.23B,$0.20B,1.14,$0.57B,$0.24B,42.83%,$0.57B,$0.20B,34.87%,$0.57B,$0.20B,34.87%,$0.57B,$0.22B,38.41%,$0.57B,$0.17B,30.27%,$0.57B,$0.11B,19.12%,$0.11B,$0.20B,66.67%,$0.11B,$0.20B,66.67%,$0.11B,$0.63B,18.96%,$0.20B,$0.44B,49.81%,$163,$90,$73,$0,$9,$95,$68,$0,$69,$26,$42,$42,$42,$73,$68,$159,159,$0.27,$0.27,$164,$4,$1,$265,$350,$1,$0,$4,$361,$626,$142,$233,$20,$281,$422,$86,$102,$0,$204,$626,$42,$5,$30,$35,$7,$4,$-10,$-7,$-8,$70,$-12,$0,$0,$0,$0,$0,$1,$-12,$-0,$0,$-0,$0,$0,$0,$0,$-0,$56,$0,$0
7,2016-12-31,8.71,$1.08,8.09,$3.17,2.75,$1.63,5.35,$0.40,21.78,$0.23B,$0.13B,1.76,$0.26B,$0.17B,1.49,$0.50B,$0.20B,40.12%,$0.50B,$0.15B,30.14%,$0.50B,$0.15B,30.14%,$0.50B,$0.17B,33.93%,$0.50B,$0.10B,19.36%,$0.50B,$0.06B,12.38%,$0.06B,$0.17B,44.93%,$0.06B,$0.17B,44.93%,$0.06B,$0.61B,11.54%,$0.15B,$0.43B,40.78%,$165,$94,$71,$0,$16,$109,$55,$-9,$46,$16,$30,$30,$30,$62,$55,$159,159,$0.19,$0.19,$109,$8,$1,$227,$361,$2,$0,$10,$378,$605,$129,$255,$21,$305,$434,$91,$63,$0,$171,$605,$63,$19,$108,$128,$-35,$-7,$33,$-31,$-46,$145,$-40,$0,$0,$0,$0,$0,$4,$-36,$-62,$0,$-62,$0,$0,$-7,$0,$-69,$46,$0,$-7
8,2016-09-30,6.6,$0.00,0.0,$3.34,1.97,$1.03,6.39,$0.06,109.94,$0.20B,$0.12B,1.6,$0.24B,$0.14B,1.77,$0.53B,$0.23B,44.05%,$0.53B,$0.19B,35.35%,$0.53B,$0.19B,35.35%,$0.53B,$0.21B,39.13%,$0.53B,$0.02B,4.35%,$0.53B,$0.01B,1.89%,$0.01B,$0.14B,7.07%,$0.01B,$0.14B,7.07%,$0.01B,$0.56B,1.76%,$0.19B,$0.38B,48.13%,$104,$69,$35,$0,$10,$81,$23,$-7,$16,$6,$10,$10,$10,$27,$23,$156,156,$0.06,$0.06,$93,$6,$0,$196,$348,$0,$0,$4,$359,$556,$122,$244,$22,$295,$418,$90,$31,$0,$138,$556,$31,$12,$76,$89,$-14,$-6,$13,$-18,$-30,$90,$-26,$0,$0,$0,$0,$0,$2,$-25,$-30,$0,$-30,$0,$0,$-7,$0,$-37,$34,$0,$-7
9,2016-06-30,6.52,$0.00,0.0,$3.28,1.99,$0.67,9.78,$-0.12,0.0,$0.18B,$0.10B,1.77,$0.20B,$0.13B,1.5,$0.52B,$0.23B,44.15%,$0.52B,$0.15B,28.98%,$0.52B,$0.15B,28.98%,$0.52B,$0.17B,33.21%,$0.52B,$-0.02B,-4.03%,$0.52B,$-0.02B,-3.65%,$-0.02B,$0.14B,-12.08%,$-0.02B,$0.14B,-12.08%,$-0.02B,$0.49B,-3.23%,$0.15B,$0.34B,37.82%,$133,$70,$63,$0,$12,$83,$51,$-11,$40,$14,$26,$26,$26,$55,$51,$159,159,$0.16,$0.16,$86,$5,$0,$176,$303,$0,$0,$4,$315,$491,$100,$202,$23,$256,$356,$95,$22,$0,$135,$491,$22,$8,$59,$67,$-1,$-4,$5,$-14,$-19,$71,$-15,$0,$0,$0,$0,$0,$1,$-13,$-31,$0,$-31,$0,$0,$-7,$0,$-38,$25,$0,$-7
10,2016-03-31,5.64,$0.00,0.0,$3.14,1.8,$0.25,22.87,$-0.20,0.0,$0.19B,$0.11B,1.65,$0.23B,$0.11B,2.11,$0.50B,$0.21B,41.16%,$0.50B,$0.13B,25.30%,$0.50B,$0.13B,25.30%,$0.50B,$0.15B,30.32%,$0.50B,$-0.04B,-8.84%,$0.50B,$-0.03B,-6.43%,$-0.03B,$0.11B,-17.75%,$-0.03B,$0.11B,-17.75%,$-0.03B,$0.50B,-5.06%,$0.13B,$0.34B,29.44%,$99,$68,$32,$0,$8,$77,$22,$-28,$-5,$-2,$-4,$-4,$-4,$26,$22,$159,159,$-0.02,$-0.02,$90,$3,$13,$188,$295,$0,$0,$4,$310,$497,$114,$227,$23,$276,$390,$94,$-16,$0,$108,$497,$-4,$4,$29,$33,$6,$-3,$15,$-8,$9,$39,$-6,$0,$0,$0,$0,$0,$0,$-5,$-0,$0,$-0,$0,$0,$-7,$0,$-7,$29,$0,$-7
11,2015-12-31,5.84,$0.00,0.0,$3.20,1.82,$-0.08,0.0,$-0.15,0.0,$0.24B,$0.14B,1.69,$0.31B,$0.19B,1.7,$0.51B,$0.21B,40.83%,$0.51B,$0.12B,24.06%,$0.51B,$0.12B,24.06%,$0.51B,$0.15B,29.59%,$0.51B,$-0.03B,-6.11%,$0.51B,$-0.02B,-4.54%,$-0.02B,$0.19B,-11.03%,$-0.02B,$0.19B,-11.03%,$-0.02B,$0.72B,-3.36%,$0.12B,$0.50B,26.32%,$193,$90,$103,$0,$12,$101,$91,$-69,$-28,$-10,$-18,$-22,$-22,$99,$91,$159,159,$-0.14,$-0.14,$95,$1,$16,$243,$0,$0,$0,$21,$21,$723,$144,$314,$36,$395,$539,$146,$-19,$0,$185,$723,$-19,$28,$0,$28,$0,$0,$0,$0,$-102,$53,$-44,$0,$0,$0,$0,$0,$16,$-27,$0,$0,$-32,$0,$0,$0,$0,$-32,$9,$0,$0
12,2015-09-30,3.78,$0.00,0.0,$2.82,1.34,$0.38,10.02,$0.01,377.5,$0.17B,$0.13B,1.39,$0.23B,$0.20B,1.12,$0.45B,$0.15B,33.33%,$0.45B,$0.05B,10.74%,$0.45B,$0.05B,10.74%,$0.45B,$0.08B,17.00%,$0.45B,$0.01B,1.12%,$0.45B,$0.00B,0.45%,$0.00B,$0.20B,0.91%,$0.00B,$0.20B,0.91%,$0.00B,$0.64B,0.29%,$0.05B,$0.43B,10.36%,$96,$64,$32,$0,$45,$109,$-13,$-15,$-28,$-10,$-19,$-19,$-19,$-7,$-13,$159,159,$-0.12,$-0.12,$80,$7,$39,$174,$0,$4,$0,$11,$15,$640,$125,$226,$37,$314,$439,$146,$-1,$0,$201,$640,$-1,$21,$0,$21,$0,$0,$0,$0,$-55,$40,$-33,$0,$0,$0,$0,$0,$16,$-17,$0,$-32,$0,$0,$0,$0,$0,$-32,$-5,$0,$0
13,2015-06-30,4.33,$0.00,0.0,$2.95,1.47,$0.67,6.51,$0.16,27.07,$0.19B,$0.13B,1.55,$0.23B,$0.23B,0.99,$0.47B,$0.16B,34.48%,$0.47B,$0.09B,18.20%,$0.47B,$0.09B,18.20%,$0.47B,$0.11B,24.41%,$0.47B,$0.04B,8.78%,$0.47B,$0.03B,5.57%,$0.03B,$0.23B,11.15%,$0.03B,$0.23B,11.15%,$0.03B,$0.67B,3.60%,$0.09B,$0.45B,17.53%,$110,$72,$38,$0,$12,$84,$26,$-9,$17,$4,$13,$13,$13,$33,$26,$159,159,$0.08,$0.08,$65,$6,$46,$194,$0,$4,$0,$11,$15,$670,$125,$225,$38,$318,$443,$150,$18,$0,$227,$670,$18,$15,$0,$15,$0,$0,$0,$0,$-6,$11,$-22,$0,$0,$0,$0,$0,$17,$-5,$0,$-32,$0,$0,$0,$0,$0,$-32,$-24,$0,$0
14,2015-03-31,5.11,$0.00,0.0,$3.01,1.7,$1.10,4.64,$0.17,30.04,$0.22B,$0.13B,1.72,$0.26B,$0.22B,1.16,$0.48B,$0.17B,35.64%,$0.48B,$0.09B,18.66%,$0.48B,$0.09B,18.66%,$0.48B,$0.12B,24.74%,$0.48B,$0.05B,9.43%,$0.48B,$0.03B,5.66%,$0.03B,$0.22B,11.23%,$0.03B,$0.22B,11.23%,$0.03B,$0.71B,3.65%,$0.09B,$0.48B,17.80%,$108,$75,$34,$0,$16,$90,$18,$-13,$8,$3,$5,$5,$5,$25,$18,$158,158,$0.03,$0.03,$89,$4,$0,$222,$0,$4,$0,$12,$15,$709,$129,$257,$44,$359,$488,$155,$17,$0,$221,$709,$5,$7,$0,$7,$0,$0,$0,$0,$-39,$-9,$-11,$0,$0,$0,$0,$0,$0,$-11,$0,$-1,$0,$0,$0,$0,$0,$-1,$-19,$0,$0
15,2014-12-31,3.35,$0.00,0.0,$3.36,1.0,$1.58,2.12,$0.07,47.91,$0.24B,$0.16B,1.57,$0.27B,$0.23B,1.16,$0.53B,$0.22B,40.64%,$0.53B,$0.12B,21.91%,$0.53B,$0.12B,21.91%,$0.53B,$0.15B,27.72%,$0.53B,$0.02B,3.93%,$0.53B,$0.01B,2.25%,$0.01B,$0.23B,4.80%,$0.01B,$0.23B,4.80%,$0.01B,$0.77B,1.53%,$0.12B,$0.50B,22.46%,$133,$89,$45,$0,$28,$117,$17,$-8,$8,$4,$4,$3,$3,$25,$17,$159,159,$0.02,$0.02,$116,$4,$0,$243,$0,$4,$0,$13,$17,$765,$155,$268,$47,$379,$534,$167,$13,$0,$231,$765,$13,$32,$0,$32,$0,$0,$0,$0,$126,$126,$-43,$0,$0,$0,$0,$19,$0,$-24,$0,$-95,$0,$0,$0,$-26,$0,$-122,$-13,$0,$0
16,2014-09-30,3.07,$0.00,0.0,$3.70,0.83,$1.80,1.71,$0.12,25.61,$0.22B,$0.13B,1.68,$0.26B,$0.25B,1.02,$0.59B,$0.27B,45.58%,$0.59B,$0.23B,38.95%,$0.59B,$0.23B,38.95%,$0.59B,$0.26B,44.90%,$0.59B,$0.03B,4.59%,$0.59B,$0.02B,3.40%,$0.02B,$0.25B,7.01%,$0.02B,$0.25B,7.01%,$0.02B,$0.75B,2.29%,$0.23B,$0.51B,39.81%,$116,$73,$44,$0,$20,$93,$24,$-16,$8,$3,$5,$5,$5,$31,$24,$159,159,$0.03,$0.03,$112,$9,$0,$216,$0,$35,$0,$12,$46,$747,$128,$258,$44,$365,$493,$163,$9,$0,$254,$747,$9,$23,$0,$23,$0,$0,$0,$0,$21,$83,$-30,$0,$0,$0,$0,$0,$14,$-16,$0,$-93,$0,$0,$0,$0,$0,$-93,$-20,$0,$0
17,2014-06-30,2.55,$0.00,0.0,$3.59,0.71,$1.85,1.38,$0.04,63.87,$0.20B,$0.11B,1.73,$0.26B,$0.26B,1.0,$0.57B,$0.26B,44.66%,$0.57B,$0.22B,38.53%,$0.57B,$0.22B,38.53%,$0.57B,$0.26B,45.18%,$0.57B,$0.01B,1.23%,$0.57B,$0.01B,1.23%,$0.01B,$0.26B,2.25%,$0.01B,$0.26B,2.26%,$0.01B,$0.74B,0.75%,$0.22B,$0.51B,36.11%,$120,$73,$47,$0,$17,$90,$30,$-9,$21,$7,$14,$14,$14,$37,$30,$159,159,$0.09,$0.09,$116,$2,$0,$195,$0,$34,$0,$11,$45,$735,$113,$256,$45,$366,$479,$167,$5,$0,$256,$735,$5,$16,$0,$16,$0,$0,$0,$0,$-24,$78,$-20,$0,$0,$0,$0,$0,$4,$-16,$0,$0,$-95,$0,$0,$0,$0,$-95,$-27,$0,$0
18,2014-03-31,2.22,$0.00,0.0,$3.39,0.66,$1.80,1.23,$-0.07,0.0,$0.32B,$0.21B,1.47,$0.30B,$0.26B,1.17,$0.54B,$0.24B,44.24%,$0.54B,$0.20B,37.92%,$0.54B,$0.20B,37.92%,$0.54B,$0.25B,45.91%,$0.54B,$-0.02B,-3.53%,$0.54B,$-0.01B,-2.04%,$-0.01B,$0.26B,-3.21%,$-0.01B,$0.26B,-3.21%,$-0.01B,$0.89B,-1.09%,$0.20B,$0.56B,31.36%,$165,$84,$81,$0,$35,$119,$46,$-62,$-16,$-5,$-10,$-10,$-10,$55,$46,$159,159,$-0.07,$-0.07,$219,$1,$0,$316,$0,$3,$0,$44,$48,$889,$214,$303,$49,$416,$630,$179,$3,$0,$259,$889,$-10,$8,$0,$8,$0,$0,$0,$0,$1,$65,$-8,$0,$0,$0,$0,$0,$2,$-6,$0,$-0,$0,$0,$0,$0,$0,$-0,$64,$0,$0
19,2013-12-31,2.01,$0.00,0.0,$3.39,0.59,$1.76,1.14,$0.14,14.35,$0.33B,$0.25B,1.34,$0.34B,$0.37B,0.92,$0.54B,$0.24B,45.35%,$0.54B,$0.14B,26.02%,$0.54B,$0.14B,26.02%,$0.54B,$0.19B,34.57%,$0.54B,$0.03B,5.95%,$0.54B,$0.02B,4.09%,$0.02B,$0.37B,5.80%,$0.02B,$0.37B,5.80%,$0.02B,$1.12B,2.07%,$0.14B,$0.72B,19.77%,$187,$91,$96,$0,$34,$58,$129,$-100,$14,$5,$9,$11,$11,$141,$129,$159,159,$0.07,$0.07,$216,$1,$0,$332,$0,$40,$0,$16,$56,$1119,$248,$343,$57,$498,$746,$248,$18,$0,$373,$1119,$20,$45,$0,$45,$0,$0,$0,$0,$-39,$160,$-43,$0,$0,$0,$0,$0,$-46,$-89,$0,$0,$5,$0,$0,$-49,$0,$-44,$37,$0,$0
20,2013-09-30,2.04,$0.00,0.0,$3.32,0.61,$1.47,1.39,$0.20,10.18,$0.25B,$0.21B,1.2,$0.29B,$0.35B,0.83,$0.53B,$0.25B,46.49%,$0.53B,$0.06B,11.95%,$0.53B,$0.06B,11.95%,$0.53B,$0.11B,21.06%,$0.53B,$0.05B,9.87%,$0.53B,$0.03B,6.07%,$0.03B,$0.35B,8.02%,$0.03B,$0.35B,8.04%,$0.03B,$1.01B,2.93%,$0.06B,$0.65B,8.46%,$99,$67,$31,$0,$16,$84,$15,$-27,$-12,$-4,$-8,$-8,$-8,$25,$15,$159,159,$-0.05,$-0.05,$148,$2,$0,$252,$0,$1,$0,$50,$51,$1005,$209,$294,$53,$442,$652,$242,$7,$0,$354,$1005,$9,$33,$0,$33,$0,$0,$0,$0,$-37,$84,$-23,$0,$0,$0,$0,$0,$0,$-23,$0,$-0,$0,$0,$0,$-47,$4,$-44,$23,$0,$0
21,2013-06-30,1.63,$0.00,0.0,$3.40,0.48,$1.46,1.12,$0.30,5.43,$0.23B,$0.20B,1.16,$0.29B,$0.39B,0.76,$0.54B,$0.27B,48.98%,$0.54B,$0.08B,14.42%,$0.54B,$0.08B,14.42%,$0.54B,$0.13B,23.66%,$0.54B,$0.08B,14.05%,$0.54B,$0.05B,8.87%,$0.05B,$0.39B,11.31%,$0.05B,$0.39B,11.33%,$0.05B,$1.03B,4.24%,$0.08B,$0.68B,9.84%,$87,$57,$30,$0,$15,$73,$14,$-24,$-5,$-1,$-4,$-4,$-4,$26,$14,$159,159,$-0.02,$-0.02,$137,$6,$0,$226,$0,$1,$0,$50,$51,$1027,$195,$292,$53,$447,$642,$258,$16,$0,$385,$1027,$18,$23,$0,$23,$0,$0,$0,$0,$-27,$68,$-17,$0,$0,$0,$0,$0,$0,$-17,$0,$0,$0,$0,$0,$-51,$0,$-51,$4,$0,$0
22,2013-03-31,1.38,$0.00,0.0,$3.59,0.39,$1.44,0.96,$0.35,3.95,$0.30B,$0.15B,2.01,$0.39B,$0.41B,0.95,$0.57B,$0.27B,47.73%,$0.57B,$0.08B,14.69%,$0.57B,$0.08B,14.69%,$0.57B,$0.14B,23.60%,$0.57B,$0.09B,15.38%,$0.57B,$0.06B,9.97%,$0.06B,$0.41B,12.84%,$0.06B,$0.41B,12.87%,$0.06B,$1.11B,4.88%,$0.08B,$0.79B,10.06%,$165,$78,$87,$0,$38,$183,$-18,$53,$35,$12,$23,$23,$23,$-6,$-18,$159,159,$0.14,$0.14,$191,$6,$32,$302,$0,$1,$0,$22,$23,$1109,$150,$386,$56,$553,$703,$159,$69,$0,$406,$1109,$23,$12,$0,$12,$0,$0,$0,$0,$1,$58,$-7,$0,$0,$0,$0,$0,$0,$-7,$0,$0,$0,$0,$0,$-29,$0,$-29,$24,$0,$0
23,2012-12-31,1.46,$0.00,0.0,$3.48,0.42,$1.33,1.1,$0.33,4.41,$0.32B,$0.18B,1.76,$0.41B,$0.45B,0.91,$0.56B,$0.26B,46.22%,$0.56B,$0.14B,25.72%,$0.56B,$0.14B,25.72%,$0.56B,$0.20B,35.07%,$0.56B,$0.08B,14.57%,$0.56B,$0.05B,9.35%,$0.05B,$0.45B,11.31%,$0.05B,$0.45B,11.34%,$0.05B,$1.23B,4.38%,$0.14B,$0.86B,16.85%,$176,$79,$97,$0,$45,$124,$52,$-28,$34,$12,$22,$21,$21,$66,$52,$159,159,$0.13,$0.13,$184,$12,$28,$322,$0,$1,$1,$22,$23,$1229,$183,$409,$186,$595,$778,$175,$53,$0,$451,$1229,$53,$52,$0,$52,$0,$0,$0,$0,$-82,$118,$-48,$0,$0,$0,$0,$0,$0,$-48,$0,$0,$4,$0,$0,$0,$1,$6,$76,$0,$0
24,2012-09-30,1.21,$0.00,0.0,$11.33,0.11,$1.30,0.93,$0.32,3.78,$0.28B,$0.14B,1.97,$0.39B,$0.00B,0.0,$1.80B,$1.50B,83.25%,$1.80B,$1.41B,78.31%,$1.80B,$1.41B,78.31%,$1.80B,$1.46B,81.20%,$1.80B,$0.08B,4.22%,$1.80B,$0.05B,2.77%,$0.05B,$0.46B,10.74%,$0.05B,$0.45B,10.76%,$0.05B,$1.17B,4.22%,$1.41B,$0.84B,166.12%,$113,$62,$51,$0,$21,$83,$30,$-18,$12,$4,$8,$8,$8,$42,$30,$160,160,$0.05,$0.05,$169,$3,$29,$277,$0,$1,$1,$29,$30,$1168,$140,$387,$186,$573,$713,$0,$0,$0,$455,$1168,$30,$38,$0,$38,$0,$0,$0,$0,$-41,$87,$-27,$0,$0,$0,$0,$0,$0,$-27,$0,$0,$4,$0,$0,$0,$1,$6,$66,$0,$0
25,2012-06-30,1.36,$0.00,0.0,$11.17,0.12,$1.17,1.16,$0.29,4.69,$0.23B,$0.13B,1.82,$0.38B,$0.46B,0.82,$1.77B,$1.50B,84.55%,$1.77B,$1.41B,79.26%,$1.77B,$1.41B,79.26%,$1.77B,$1.46B,82.24%,$1.77B,$0.07B,4.00%,$1.77B,$0.04B,2.48%,$0.04B,$0.46B,8.82%,$0.04B,$0.46B,8.84%,$0.04B,$1.16B,3.71%,$1.41B,$0.85B,159.55%,$118,$80,$38,$0,$18,$98,$20,$-16,$7,$3,$5,$5,$5,$33,$20,$160,160,$0.03,$0.03,$154,$8,$33,$233,$0,$1,$1,$29,$31,$1164,$128,$382,$61,$572,$700,$179,$23,$0,$464,$1164,$23,$26,$0,$26,$0,$0,$0,$0,$-12,$69,$-22,$0,$0,$0,$0,$0,$0,$-22,$0,$0,$0,$0,$0,$0,$0,$0,$48,$0,$0
26,2012-03-31,2.12,$0.00,0.0,$11.00,0.19,$1.07,1.98,$0.32,6.61,$0.24B,$0.14B,1.66,$0.38B,$0.47B,0.81,$1.75B,$1.50B,85.91%,$1.75B,$1.41B,80.58%,$1.75B,$1.41B,80.58%,$1.75B,$1.46B,83.68%,$1.75B,$0.08B,4.70%,$1.75B,$0.05B,2.75%,$0.05B,$0.47B,9.02%,$0.05B,$0.47B,9.03%,$0.05B,$1.19B,4.05%,$1.41B,$0.85B,154.02%,$149,$78,$71,$0,$30,$108,$41,$-12,$28,$10,$18,$18,$18,$54,$41,$159,159,$0.12,$0.12,$140,$3,$11,$236,$0,$1,$1,$31,$33,$1190,$142,$378,$202,$580,$721,$183,$159,$0,$469,$1190,$18,$13,$0,$13,$0,$0,$0,$0,$-10,$46,$-13,$0,$0,$0,$0,$0,$0,$-13,$0,$0,$0,$0,$0,$0,$0,$0,$33,$0,$0
27,2011-12-31,2.27,$0.00,0.0,$10.90,0.21,$0.97,2.34,$0.33,6.87,$0.21B,$0.14B,1.53,$0.39B,$0.47B,0.82,$1.73B,$1.50B,86.82%,$1.73B,$1.41B,81.68%,$1.73B,$1.41B,81.68%,$1.73B,$1.47B,84.80%,$1.73B,$0.09B,5.09%,$1.73B,$0.05B,2.89%,$0.05B,$0.47B,7.99%,$0.05B,$0.47B,8.00%,$0.05B,$1.22B,4.01%,$1.41B,$0.87B,140.25%,$1423,$82,$1341,$0,$33,$102,$1321,$-13,$29,$5,$24,$19,$19,$1335,$1321,$159,159,$0.12,$0.12,$112,$2,$31,$213,$0,$1,$1,$31,$32,$1220,$140,$391,$68,$606,$746,$193,$56,$0,$474,$1220,$56,$54,$0,$54,$0,$0,$0,$0,$-28,$107,$-41,$0,$0,$0,$0,$-27,$0,$-67,$0,$0,$0,$0,$0,$-237,$17,$-220,$-180,$0,$0
28,2011-09-30,2.34,$0.00,0.0,$2.62,0.89,$0.83,2.83,$0.23,10.19,$0.18B,$0.13B,1.39,$0.38B,$0.00B,0.0,$0.42B,$0.20B,48.20%,$0.42B,$0.09B,21.58%,$0.42B,$0.09B,21.58%,$0.42B,$0.14B,34.53%,$0.42B,$0.07B,16.07%,$0.42B,$0.03B,8.15%,$0.03B,$0.59B,4.73%,$0.03B,$0.59B,4.74%,$0.03B,$1.17B,2.61%,$0.09B,$0.97B,8.20%,$84,$34,$50,$0,$13,$60,$24,$-18,$7,$4,$2,$2,$2,$37,$24,$154,154,$0.02,$0.02,$83,$6,$0,$175,$0,$1,$1,$28,$30,$1171,$126,$378,$78,$456,$582,$0,$0,$0,$588,$1171,$31,$40,$0,$40,$0,$0,$0,$0,$-26,$70,$-31,$0,$0,$0,$0,$0,$0,$-31,$0,$0,$0,$0,$0,$-235,$17,$-218,$-179,$0,$0
29,2011-06-30,2.87,$0.00,0.0,$2.63,1.09,$0.59,4.83,$0.27,10.64,$0.15B,$0.12B,1.27,$0.38B,$0.00B,0.0,$0.42B,$0.19B,45.63%,$0.42B,$0.10B,22.46%,$0.42B,$0.10B,22.46%,$0.42B,$0.15B,35.46%,$0.42B,$0.08B,18.44%,$0.42B,$0.04B,9.93%,$0.04B,$0.60B,5.38%,$0.04B,$0.60B,5.39%,$0.04B,$1.16B,3.09%,$0.10B,$0.98B,8.20%,$90,$52,$38,$0,$16,$68,$21,$-4,$18,$8,$9,$9,$9,$35,$21,$159,159,$0.06,$0.06,$59,$3,$0,$146,$0,$1,$1,$28,$30,$1164,$115,$377,$74,$451,$566,$0,$0,$0,$598,$1164,$29,$27,$0,$27,$0,$0,$0,$0,$-14,$54,$-22,$0,$0,$0,$0,$0,$0,$-22,$0,$0,$0,$0,$0,$-239,$0,$-239,$-208,$0,$0
30,2011-03-31,2.49,$0.00,0.0,$2.69,0.92,$0.50,4.95,$0.17,14.65,$0.40B,$0.14B,2.86,$0.38B,$0.84B,0.45,$0.43B,$0.21B,49.31%,$0.43B,$0.09B,21.76%,$0.43B,$0.09B,21.76%,$0.43B,$0.15B,34.49%,$0.43B,$0.05B,12.27%,$0.43B,$0.03B,6.25%,$0.03B,$0.84B,3.22%,$0.03B,$0.84B,3.22%,$0.03B,$1.43B,1.90%,$0.09B,$1.22B,7.71%,$133,$60,$73,$0,$27,$86,$47,$-12,$34,$14,$20,$20,$20,$60,$47,$159,159,$0.13,$0.13,$289,$5,$16,$398,$0,$1,$1,$19,$21,$1427,$139,$379,$66,$445,$584,$199,$359,$0,$844,$1427,$20,$14,$0,$14,$0,$0,$0,$0,$-37,$30,$-13,$0,$0,$0,$0,$0,$0,$-13,$0,$0,$0,$0,$0,$0,$0,$0,$17,$0,$0
31,2010-12-31,3.03,$0.00,0.0,$2.64,1.15,$0.59,5.14,$0.16,18.94,$0.38B,$0.15B,2.56,$0.38B,$0.84B,0.45,$0.42B,$0.20B,48.11%,$0.42B,$0.09B,21.93%,$0.42B,$0.09B,21.93%,$0.42B,$0.15B,34.91%,$0.42B,$0.05B,12.26%,$0.42B,$0.03B,6.13%,$0.03B,$0.84B,3.08%,$0.03B,$0.84B,3.09%,$0.03B,$1.44B,1.81%,$0.09B,$1.23B,7.58%,$110,$70,$40,$0,$55,$112,$-2,$12,$8,$5,$3,$3,$3,$12,$-2,$163,163,$0.02,$0.02,$279,$3,$13,$377,$0,$1,$1,$19,$21,$1439,$147,$381,$66,$447,$594,$204,$294,$0,$844,$1439,$26,$55,$0,$55,$0,$0,$0,$0,$-88,$82,$-37,$0,$0,$0,$0,$0,$0,$-37,$0,$0,$-21,$0,$0,$-8,$0,$-29,$16,$0,$0
32,2010-09-30,2.02,$0.00,0.0,$2.95,0.68,$0.93,2.18,$0.37,5.45,$0.34B,$0.13B,2.56,$0.38B,$0.00B,0.0,$0.47B,$0.26B,54.89%,$0.47B,$0.17B,35.32%,$0.47B,$0.17B,35.32%,$0.47B,$0.22B,47.23%,$0.47B,$0.11B,22.55%,$0.47B,$0.06B,12.55%,$0.06B,$0.84B,6.95%,$0.06B,$0.83B,6.96%,$0.06B,$1.40B,4.05%,$0.17B,$1.21B,13.41%,$90,$48,$42,$0,$12,$60,$29,$-12,$18,$8,$10,$10,$10,$43,$29,$160,160,$0.06,$0.06,$235,$4,$8,$336,$0,$1,$1,$31,$33,$1402,$131,$377,$59,$436,$567,$0,$0,$0,$835,$1402,$23,$41,$0,$41,$0,$0,$0,$0,$-58,$30,$-28,$0,$0,$0,$0,$0,$0,$-27,$0,$0,$-21,$0,$0,$-8,$0,$-29,$-26,$0,$0
33,2010-06-30,1.7,$0.00,0.0,$2.39,0.71,$0.91,1.87,$0.31,5.47,$0.34B,$0.13B,2.59,$0.39B,$0.83B,0.46,$0.47B,$0.25B,54.27%,$0.47B,$0.16B,35.04%,$0.47B,$0.16B,35.04%,$0.47B,$0.22B,46.79%,$0.47B,$0.10B,21.79%,$0.47B,$0.06B,11.97%,$0.06B,$0.83B,6.65%,$0.06B,$0.83B,6.66%,$0.06B,$1.41B,3.85%,$0.16B,$1.22B,13.27%,$99,$41,$58,$0,$24,$78,$20,$-28,$-7,$-1,$-6,$-6,$-6,$34,$20,$159,159,$-0.04,$-0.04,$257,$5,$11,$338,$0,$1,$1,$27,$29,$1414,$131,$385,$65,$450,$580,$204,$335,$0,$834,$1414,$13,$27,$0,$27,$0,$0,$0,$0,$-18,$35,$-18,$0,$0,$0,$0,$0,$0,$-18,$0,$-14,$0,$0,$0,$-8,$0,$-22,$-6,$0,$0
34,2010-03-31,1.79,$0.00,0.0,$1.77,1.01,$0.81,2.23,$0.35,5.13,$0.42B,$0.17B,2.46,$0.39B,$0.86B,0.45,$0.46B,$0.24B,51.09%,$0.46B,$0.17B,37.39%,$0.46B,$0.17B,37.39%,$0.46B,$0.23B,49.35%,$0.46B,$0.12B,26.52%,$0.46B,$0.07B,15.00%,$0.07B,$0.86B,8.22%,$0.07B,$0.86B,8.24%,$0.07B,$1.49B,4.74%,$0.17B,$1.25B,13.87%,$125,$61,$64,$0,$18,$80,$46,$-14,$33,$14,$20,$19,$19,$59,$46,$159,159,$0.12,$0.12,$287,$4,$0,$421,$0,$1,$1,$6,$8,$1494,$171,$390,$73,$463,$634,$207,$354,$0,$860,$1494,$20,$14,$0,$14,$0,$0,$0,$0,$-29,$37,$-7,$0,$0,$0,$0,$0,$0,$-7,$0,$-11,$0,$0,$0,$0,$0,$-11,$20,$0,$0
35,2009-12-31,1.57,$0.00,0.0,$0.98,1.6,$0.61,2.55,$0.23,6.82,$0.40B,$0.16B,2.42,$0.40B,$0.87B,0.47,$0.43B,$0.21B,48.83%,$0.43B,$0.15B,34.81%,$0.43B,$0.15B,34.81%,$0.43B,$0.21B,47.90%,$0.43B,$0.09B,20.33%,$0.43B,$0.05B,10.98%,$0.05B,$0.87B,5.60%,$0.05B,$0.87B,5.61%,$0.05B,$1.51B,3.23%,$0.15B,$1.27B,11.93%,$156,$63,$94,$0,$23,$86,$71,$-12,$62,$24,$38,$36,$36,$86,$71,$159,159,$0.23,$0.23,$276,$3,$9,$395,$0,$0,$2,$5,$7,$1513,$164,$404,$78,$482,$646,$214,$291,$0,$867,$1513,$48,$56,$0,$56,$0,$0,$0,$0,$-87,$138,$-40,$0,$0,$0,$0,$0,$0,$-40,$0,$0,$-7,$0,$0,$-8,$31,$16,$113,$0,$0
36,2009-09-30,1.68,$0.00,0.0,$0.42,4.03,$0.59,2.86,0,0.0,$0.31B,$0.12B,2.71,$0.40B,$0.81B,0.49,$0.35B,$0.13B,37.96%,$0.35B,$0.08B,22.66%,$0.35B,$0.08B,22.66%,$0.35B,$0.14B,38.24%,$0.35B,$0.03B,8.22%,$0.35B,$0.01B,3.40%,$0.01B,$0.81B,1.38%,$0.01B,$0.81B,1.39%,$0.01B,$1.40B,0.81%,$0.08B,$1.21B,6.22%,$88,$51,$38,$0,$11,$62,$27,$-13,$14,$7,$7,$7,$7,$40,$27,$0,0,$0.00,$0.00,$245,$5,$0,$313,$0,$0,$2,$6,$8,$1400,$115,$398,$79,$477,$593,$208,$299,$0,$807,$1400,$10,$41,$0,$41,$0,$0,$0,$0,$-17,$100,$-29,$0,$0,$0,$0,$0,$0,$-29,$0,$0,$0,$0,$0,$-8,$23,$15,$86,$0,$0
37,2009-06-30,1.2,$0.00,0.0,$0.62,1.94,$0.72,1.66,$0.02,60.17,$0.30B,$0.10B,2.9,$0.41B,$0.82B,0.5,$0.39B,$0.16B,40.16%,$0.39B,$0.09B,22.54%,$0.39B,$0.09B,22.54%,$0.39B,$0.15B,38.08%,$0.39B,$0.04B,9.84%,$0.39B,$0.02B,4.40%,$0.02B,$0.82B,1.85%,$0.02B,$0.82B,1.86%,$0.02B,$1.42B,1.10%,$0.09B,$1.23B,6.42%,$91,$52,$39,$0,$11,$63,$28,$-15,$13,$6,$7,$7,$7,$42,$28,$0,0,$0.00,$0.00,$227,$4,$7,$295,$0,$0,$2,$6,$8,$1417,$102,$411,$83,$494,$595,$214,$247,$0,$822,$1417,$3,$28,$0,$28,$0,$0,$0,$0,$-28,$67,$-23,$0,$0,$0,$0,$0,$0,$-23,$0,$-2,$0,$0,$0,$-8,$31,$21,$64,$0,$0
38,2009-03-31,1.06,$0.00,0.0,$2.33,0.45,$1.78,0.6,$0.37,2.86,$0.31B,$0.13B,2.47,$0.43B,$0.86B,0.49,$0.38B,$0.15B,40.31%,$0.38B,$0.09B,22.77%,$0.38B,$0.09B,22.77%,$0.38B,$0.15B,39.27%,$0.38B,$0.06B,14.66%,$0.38B,$0.03B,7.33%,$0.03B,$0.86B,2.93%,$0.03B,$0.86B,2.94%,$0.03B,$1.50B,1.76%,$0.09B,$1.29B,6.17%,$93,$55,$38,$0,$15,$70,$23,$-24,$-2,$2,$-3,$-3,$-3,$37,$23,$0,0,$0.00,$0.00,$218,$5,$5,$309,$0,$0,$2,$7,$9,$1499,$125,$425,$88,$513,$639,$226,$253,$0,$861,$1499,$-3,$14,$0,$14,$0,$0,$0,$0,$-0,$52,$-14,$0,$0,$0,$0,$0,$0,$-14,$0,$-2,$0,$0,$0,$0,$11,$9,$47,$0,$0
39,2008-12-31,1.08,$0.00,0.0,$3.26,0.33,$2.14,0.5,$0.53,2.03,$0.26B,$0.11B,2.32,$0.45B,$0.98B,0.46,$0.44B,$0.20B,44.62%,$0.44B,$0.12B,27.92%,$0.44B,$0.12B,27.92%,$0.44B,$0.19B,42.79%,$0.44B,$0.10B,23.11%,$0.44B,$0.06B,13.04%,$0.06B,$0.98B,5.81%,$0.06B,$0.98B,5.83%,$0.06B,$1.60B,3.50%,$0.12B,$1.42B,8.38%,$81,$63,$19,$0,$17,$80,$2,$-10,$4,$4,$0,$1,$1,$16,$2,$195,195,$0.00,$0.00,$192,$4,$11,$264,$0,$1,$2,$7,$10,$1601,$114,$445,$65,$510,$623,$253,$300,$0,$977,$1601,$56,$65,$0,$65,$0,$0,$0,$0,$-44,$185,$-70,$0,$0,$0,$0,$9,$0,$-61,$0,$-61,$0,$0,$0,$-10,$15,$-56,$68,$0,$0
40,2008-09-30,1.54,$0.00,0.0,$3.54,0.43,$2.19,0.7,$0.58,2.65,$0.29B,$0.13B,2.3,$0.47B,$1.01B,0.46,$0.47B,$0.23B,49.46%,$0.47B,$0.16B,34.48%,$0.47B,$0.16B,34.48%,$0.47B,$0.23B,49.04%,$0.47B,$0.12B,24.63%,$0.47B,$0.06B,13.70%,$0.06B,$1.01B,6.59%,$0.06B,$1.01B,6.61%,$0.06B,$1.67B,3.92%,$0.16B,$1.48B,11.01%,$121,$61,$59,$0,$25,$86,$34,$-14,$23,$11,$12,$12,$12,$52,$34,$595,595,$0.02,$0.02,$185,$3,$14,$288,$0,$1,$3,$7,$10,$1670,$125,$465,$68,$533,$658,$639,$310,$0,$1012,$1670,$57,$51,$0,$51,$0,$0,$0,$0,$-41,$141,$-60,$0,$0,$0,$0,$9,$0,$-50,$0,$0,$-40,$0,$0,$-11,$16,$-35,$56,$0,$0
41,2008-06-30,1.87,$0.00,0.0,$3.44,0.54,$2.14,0.88,$0.57,3.28,$0.26B,$0.09B,2.8,$0.49B,$0.97B,0.5,$0.43B,$0.21B,48.24%,$0.43B,$0.15B,36.00%,$0.43B,$0.15B,36.00%,$0.43B,$0.22B,51.53%,$0.43B,$0.10B,23.06%,$0.43B,$0.05B,12.47%,$0.05B,$0.97B,5.57%,$0.05B,$0.97B,5.59%,$0.05B,$1.61B,3.30%,$0.15B,$1.46B,10.54%,$87,$49,$38,$0,$9,$59,$28,$3,$31,$13,$18,$18,$18,$45,$28,$51,51,$0.35,$0.35,$184,$3,$18,$258,$0,$1,$3,$15,$18,$1608,$92,$486,$56,$541,$634,$623,$290,$0,$974,$1608,$44,$33,$0,$33,$0,$0,$0,$0,$-30,$86,$-33,$0,$0,$0,$0,$9,$0,$-24,$0,$0,$-0,$0,$0,$-10,$5,$-5,$57,$0,$0
42,2008-03-31,2.32,$0.00,0.0,$1.73,1.34,$1.08,2.14,$0.22,10.54,$0.29B,$0.12B,2.46,$0.50B,$0.96B,0.53,$0.44B,$0.22B,49.21%,$0.44B,$0.17B,37.70%,$0.44B,$0.17B,37.70%,$0.44B,$0.23B,52.37%,$0.44B,$0.10B,22.80%,$0.44B,$0.05B,11.74%,$0.05B,$0.96B,5.51%,$0.05B,$0.96B,5.53%,$0.05B,$1.64B,3.25%,$0.17B,$1.46B,11.53%,$148,$68,$79,$0,$21,$89,$58,$-15,$43,$18,$26,$26,$26,$74,$58,$159,159,$0.16,$0.16,$192,$1,$18,$287,$0,$0,$3,$27,$30,$1637,$117,$504,$57,$561,$678,$618,$283,$0,$958,$1637,$26,$16,$0,$16,$0,$0,$0,$0,$-7,$69,$-12,$0,$0,$0,$0,$0,$0,$-12,$0,$0,$0,$0,$0,$0,$-0,$-0,$57,$0,$0
43,2007-12-31,3.14,$0.00,0.0,$0.80,3.94,$0.72,4.34,$0.06,52.32,$0.22B,$0.10B,2.19,$0.51B,$0.94B,0.54,$0.41B,$0.20B,49.14%,$0.41B,$0.16B,39.01%,$0.41B,$0.16B,39.01%,$0.41B,$0.22B,55.06%,$0.41B,$0.10B,23.46%,$0.41B,$0.05B,11.60%,$0.05B,$0.94B,5.03%,$0.05B,$0.94B,5.04%,$0.05B,$1.61B,2.91%,$0.16B,$1.45B,10.78%,$111,$56,$55,$0,$14,$70,$41,$-23,$18,$10,$8,$8,$8,$58,$41,$159,159,$0.05,$0.05,$136,$5,$25,$220,$0,$0,$3,$44,$48,$1611,$101,$507,$60,$567,$667,$256,$260,$0,$943,$1611,$47,$64,$0,$64,$0,$0,$0,$0,$-60,$167,$-66,$0,$0,$0,$0,$-9,$0,$-75,$0,$-149,$0,$0,$0,$0,$29,$-120,$-28,$0,$0
44,2007-09-30,3.59,$0.00,0.0,$0.10,36.2,$0.09,41.14,$0.01,359.15,$0.18B,$0.09B,2.16,$0.50B,$0.93B,0.54,$0.41B,$0.20B,49.26%,$0.41B,$0.16B,39.71%,$0.41B,$0.16B,39.71%,$0.41B,$0.23B,55.39%,$0.41B,$0.11B,26.23%,$0.41B,$0.07B,16.42%,$0.07B,$0.93B,7.24%,$0.07B,$0.93B,7.25%,$0.07B,$1.57B,4.10%,$0.16B,$1.43B,10.89%,$79,$46,$33,$0,$7,$53,$26,$-20,$6,$5,$1,$1,$1,$42,$26,$794,794,$0.01,$0.01,$103,$2,$17,$184,$0,$0,$3,$47,$51,$1573,$85,$504,$55,$559,$644,$620,$250,$0,$929,$1573,$39,$47,$0,$47,$0,$0,$0,$0,$-50,$119,$-49,$0,$0,$0,$0,$0,$0,$-49,$0,$0,$-148,$0,$0,$0,$29,$-119,$-50,$0,$0
45,2007-06-30,4.21,$0.00,0.0,0,0.0,0,0.0,0,0.0,$0.17B,$0.09B,1.93,$0.50B,$0.94B,0.53,$0.43B,$0.22B,50.93%,$0.43B,$0.18B,41.67%,$0.43B,$0.18B,41.67%,$0.43B,$0.24B,56.48%,$0.43B,$0.13B,30.79%,$0.43B,$0.10B,22.22%,$0.10B,$0.94B,10.52%,$0.10B,$0.94B,10.53%,$0.10B,$1.59B,5.72%,$0.18B,$1.45B,11.95%,$105,$54,$51,$0,$9,$63,$42,$-8,$34,$17,$17,$17,$17,$58,$42,$0,0,$0.00,$0.00,$85,$6,$20,$168,$0,$0,$3,$45,$49,$1585,$87,$503,$52,$555,$642,$630,$253,$0,$943,$1585,$39,$32,$0,$32,$0,$0,$0,$0,$-34,$92,$-42,$0,$0,$0,$0,$0,$0,$-42,$0,$0,$-150,$0,$0,$0,$29,$-121,$-71,$0,$0
46,2007-03-31,3.43,$0.00,0.0,0,0.0,0,0.0,0,0.0,$0.27B,$0.11B,2.41,$0.62B,$0.92B,0.67,$0.43B,$0.22B,51.17%,$0.43B,$0.18B,42.25%,$0.43B,$0.18B,42.25%,$0.43B,$0.24B,57.28%,$0.43B,$0.13B,30.52%,$0.43B,$0.11B,25.35%,$0.11B,$0.92B,12.12%,$0.11B,$0.92B,12.12%,$0.11B,$1.69B,6.29%,$0.18B,$1.54B,11.60%,$110,$50,$60,$0,$11,$61,$49,$-12,$37,$15,$21,$21,$21,$65,$49,$0,0,$0.00,$0.00,$189,$2,$14,$273,$0,$0,$0,$53,$53,$1691,$113,$615,$41,$656,$769,$627,$240,$0,$921,$1691,$21,$16,$0,$16,$0,$0,$0,$0,$-24,$44,$-27,$0,$0,$0,$0,$0,$0,$-27,$0,$0,$-7,$0,$0,$0,$24,$17,$34,$0,$0
47,2006-12-31,4.2,$0.00,0.0,0,0.0,0,0.0,0,0.0,$0.23B,$0.12B,1.88,$0.63B,$0.91B,0.69,$0.43B,$0.22B,52.34%,$0.43B,$0.19B,43.46%,$0.43B,$0.19B,43.46%,$0.43B,$0.25B,58.41%,$0.43B,$0.12B,28.97%,$0.43B,$0.12B,27.34%,$0.12B,$0.91B,13.48%,$0.12B,$0.91B,13.48%,$0.12B,$1.68B,6.75%,$0.19B,$1.54B,11.81%,$114,$57,$57,$0,$12,$69,$45,$-15,$30,$3,$28,$28,$28,$61,$45,$0,0,$0.00,$0.00,$156,$3,$15,$233,$0,$0,$0,$68,$69,$1681,$124,$627,$20,$647,$771,$260,$221,$0,$910,$1681,$117,$63,$0,$63,$0,$0,$0,$0,$-76,$198,$-42,$0,$0,$0,$0,$0,$0,$-42,$0,$-184,$0,$0,$0,$0,$16,$-168,$-11,$0,$0
