,Date,Stock Price,Book Value per Share,Price to Book Ratio,TTM Sales per Share,Price to Sales Ratio,TTM FCF per Share,Price to FCF Ratio,TTM Net EPS,PE Ratio,Current Assets,Current Liabilities,Current Ratio,Long Term Debt,Shareholder's Equity_x,Debt to Equity Ratio,TTM Revenue_x,TTM Gross Profit,Gross Margin,TTM Revenue_y,TTM Operating Income,Operating Margin,TTM Revenue_x,TTM EBIT,EBIT Margin,TTM Revenue_y,TTM EBITDA,EBITDA Margin,TTM Revenue_x,TTM Pre-Tax Income,Pre-Tax Margin,TTM Revenue_y,TTM Net Income_x,Net Margin,TTM Net Income_y,Shareholder's Equity_y,Return on Equity,TTM Net Income_x,Tangible Equity,Return on Tangible Equity,TTM Net Income_y,Total Assets,Return on Assets,TTM Net Income,LT Investments & Debt,Return on Investment,revenue,cost-goods-sold,gross-profit,research-development-expenses,selling-general-administrative-expenses,operating-expenses,operating-income,total-non-operating-income-expense,pre-tax-income,total-provision-income-taxes,income-after-taxes,income-from-continuous-operations,net-income,ebitda,ebit,basic-shares-outstanding,shares-outstanding,eps-basic-net-earnings-per-share,eps-earnings-per-share-diluted,cash-on-hand,inventory,other-current-assets,total-current-assets,net-property-plant-equipment,long-term-investments,goodwill-intangible-assets-total,other-long-term-assets,total-long-term-assets,total-assets,total-current-liabilities,long-term-debt,other-non-current-liabilities,total-long-term-liabilities,total-liabilities,common-stock-net,retained-earnings-accumulated-deficit,comprehensive-income,total-share-holder-equity,total-liabilities-share-holders-equity,net-income-loss,total-depreciation-amortization-cash-flow,other-non-cash-items,total-non-cash-items,change-in-accounts-receivable,change-in-inventories,change-in-accounts-payable,change-in-assets-liabilities,total-change-in-assets-liabilities,cash-flow-from-operating-activities,net-change-in-property-plant-equipment,net-change-in-intangible-assets,net-acquisitions-divestitures,net-change-in-short-term-investments,net-change-in-long-term-investments,net-change-in-investments-total,investing-activities-other,cash-flow-from-investing-activities,net-long-term-debt,net-current-debt,debt-issuance-retirement-net-total,net-common-equity-issued-repurchased,net-total-equity-issued-repurchased,total-common-preferred-stock-dividends-paid,financial-activities-other,cash-flow-from-financial-activities,net-cash-flow,stock-based-compensation,common-stock-dividends-paid
0,2018-07-31,80.06,$21.23,3.77,$135.21,0.59,$13.61,5.88,$5.72,14.0,$11.50B,$14.04B,0.82,$12.14B,$11.17B,1.09,$73.58B,$21.21B,28.82%,$73.58B,$4.24B,5.76%,$73.58B,$4.24B,5.76%,$73.58B,$6.75B,9.18%,$73.58B,$3.59B,4.88%,$73.58B,$3.10B,4.22%,$3.10B,$11.17B,27.50%,$3.10B,$11.17B,27.50%,$3.10B,$40.00B,7.76%,$4.24B,$23.30B,17.90%,$17821,$12535,$5286,$0,$3937,$17002,$819,$-106,$713,$97,$616,$616,$622,$1736,$819,$526,531,$1.18,$1.17,$1180,$9112,$1211,$11503,$25172,$0,$0,$3321,$28493,$39996,$14038,$12136,$1827,$14791,$28829,$44,$6058,$-723,$11167,$39996,$1517,$1234,$299,$1533,$0,$-515,$342,$1,$-326,$2724,$-1841,$0,$0,$0,$0,$0,$3,$-1838,$-255,$0,$-255,$-1429,$-1429,$-665,$0,$-2349,$-1463,$71,$-665
1,2018-04-30,71.44,$20.94,3.41,$132.20,0.54,$15.13,4.72,$5.45,13.11,$10.88B,$12.04B,0.9,$13.11B,$11.16B,1.18,$72.44B,$20.89B,28.83%,$72.44B,$4.20B,5.80%,$72.44B,$4.20B,5.80%,$72.44B,$6.69B,9.24%,$72.44B,$3.54B,4.89%,$72.44B,$2.97B,4.11%,$2.97B,$11.16B,26.43%,$2.97B,$11.16B,26.43%,$2.97B,$38.93B,7.50%,$4.20B,$24.27B,17.67%,$17776,$12239,$5537,$0,$3865,$16643,$1133,$-111,$1022,$223,$799,$799,$799,$1672,$1133,$532,536,$1.50,$1.49,$1060,$8652,$1164,$10876,$24767,$0,$0,$3286,$28053,$38929,$12044,$13114,$1869,$15727,$27771,$44,$6187,$-737,$11158,$38929,$718,$631,$131,$762,$0,$-55,$-604,$26,$-966,$514,$-823,$0,$0,$0,$0,$0,$5,$-818,$-12,$0,$-12,$-933,$-933,$-334,$0,$-1279,$-1583,$42,$-334
2,2018-01-31,73.39,$21.51,3.41,$130.40,0.56,$17.20,4.27,$5.35,13.72,$12.54B,$13.05B,0.96,$13.04B,$11.65B,1.12,$71.88B,$20.75B,28.87%,$71.88B,$4.31B,6.00%,$71.88B,$4.31B,6.00%,$71.88B,$6.76B,9.40%,$71.88B,$3.65B,5.07%,$71.88B,$2.93B,4.08%,$2.93B,$11.65B,26.18%,$2.93B,$11.65B,26.18%,$2.93B,$40.30B,7.42%,$4.31B,$24.69B,18.24%,$16781,$11625,$5156,$0,$3545,$15740,$1041,$-114,$927,$210,$717,$717,$718,$1856,$1041,$537,541,$1.34,$1.33,$2643,$8597,$1300,$12540,$24536,$0,$0,$3227,$27763,$40303,$13052,$13041,$1866,$15600,$28652,$45,$6495,$-747,$11651,$40303,$2934,$2445,$303,$2748,$0,$-348,$1307,$-168,$1241,$6923,$-2502,$0,$-518,$0,$0,$0,$-55,$-3075,$-1441,$0,$-1441,$-938,$-938,$-1338,$0,$-3717,$131,$112,$-1338
3,2017-10-31,57.02,$20.48,2.78,$125.30,0.46,$15.92,3.58,$4.78,11.93,$14.71B,$15.38B,0.96,$11.28B,$11.14B,1.01,$70.21B,$20.63B,29.38%,$70.21B,$4.47B,6.36%,$70.21B,$4.47B,6.36%,$70.21B,$6.86B,9.77%,$70.21B,$3.83B,5.45%,$70.21B,$2.65B,3.77%,$2.65B,$11.14B,23.99%,$2.65B,$11.14B,23.99%,$2.65B,$40.71B,6.81%,$4.47B,$22.41B,19.44%,$22355,$16795,$5560,$0,$3782,$21160,$1195,$-171,$1024,$-81,$1105,$1105,$1105,$1487,$1195,$547,550,$2.03,$2.01,$2725,$10586,$1392,$14709,$25112,$0,$0,$878,$25999,$40708,$15376,$11277,$1963,$14195,$29571,$45,$5940,$-610,$11137,$40708,$1833,$1784,$498,$2282,$0,$-2277,$2738,$-89,$374,$4489,$-2022,$0,$0,$0,$0,$0,$-62,$-2084,$-348,$0,$-348,$-843,$-843,$-1001,$0,$-2192,$213,$81,$-1001
4,2017-07-31,54.13,$20.24,2.67,$123.48,0.44,$14.41,3.76,$4.96,10.91,$11.60B,$12.58B,0.92,$12.60B,$11.06B,1.14,$69.99B,$20.58B,29.41%,$69.99B,$4.66B,6.65%,$69.99B,$4.66B,6.65%,$69.99B,$7.01B,10.01%,$69.99B,$4.13B,5.91%,$69.99B,$2.77B,3.96%,$2.77B,$11.06B,25.19%,$2.77B,$11.06B,25.19%,$2.77B,$38.67B,7.24%,$4.66B,$23.66B,20.11%,$16667,$11712,$4955,$0,$3512,$15798,$869,$-254,$615,$137,$478,$478,$480,$1678,$869,$545,548,$0.88,$0.88,$2291,$8192,$1114,$11597,$24404,$0,$0,$2666,$27070,$38667,$12576,$12603,$1676,$15036,$27612,$46,$5918,$-616,$11055,$38667,$1349,$1166,$100,$1266,$0,$52,$332,$71,$311,$2926,$-1181,$0,$0,$0,$0,$0,$-80,$-1261,$-617,$0,$-617,$-606,$-606,$-663,$0,$-1886,$-221,$43,$-663
5,2017-04-30,52.77,$19.90,2.65,$120.90,0.44,$12.64,4.17,$4.90,10.77,$11.72B,$12.24B,0.96,$12.84B,$10.98B,1.17,$69.52B,$20.36B,29.29%,$69.52B,$4.81B,6.92%,$69.52B,$4.81B,6.92%,$69.52B,$7.15B,10.28%,$69.52B,$4.10B,5.89%,$69.52B,$2.78B,4.00%,$2.78B,$10.98B,24.97%,$2.78B,$10.98B,24.97%,$2.78B,$38.56B,7.33%,$4.81B,$23.82B,20.78%,$16634,$11419,$5215,$0,$3601,$15541,$1093,$-116,$977,$307,$670,$670,$671,$1736,$1093,$549,552,$1.22,$1.22,$2680,$7920,$1116,$11716,$24242,$0,$0,$2602,$26844,$38560,$12239,$12839,$1660,$15342,$27581,$46,$5885,$-626,$10979,$38560,$678,$581,$44,$625,$0,$323,$-715,$22,$2,$1305,$-473,$0,$0,$0,$0,$0,$-9,$-482,$-10,$0,$-10,$-313,$-313,$-332,$0,$-655,$168,$16,$-332
6,2017-01-31,60.37,$19.69,3.07,$118.50,0.51,$11.08,5.45,$4.72,12.79,$11.99B,$12.71B,0.94,$11.03B,$10.95B,1.01,$69.50B,$20.35B,29.28%,$69.50B,$4.97B,7.15%,$69.50B,$4.97B,7.15%,$69.50B,$7.27B,10.46%,$69.50B,$3.97B,5.71%,$69.50B,$2.74B,3.94%,$2.74B,$10.95B,23.73%,$2.74B,$10.95B,23.73%,$2.74B,$37.43B,7.14%,$4.97B,$21.98B,21.16%,$16223,$11199,$5024,$0,$3353,$15068,$1155,$-125,$1030,$355,$675,$675,$678,$1960,$1155,$552,555,$1.23,$1.22,$2512,$8309,$1169,$11990,$24658,$0,$0,$783,$25441,$37431,$12707,$11031,$1879,$13771,$26478,$46,$5884,$-638,$10953,$37431,$2737,$2298,$594,$2892,$0,$293,$-166,$30,$-193,$5436,$-1501,$0,$0,$0,$0,$0,$28,$-1473,$-664,$0,$-664,$-3485,$-3485,$-1348,$0,$-5497,$-1534,$113,$-1348
7,2016-10-31,63.81,$19.64,3.25,$117.15,0.54,$11.51,5.54,$5.59,11.42,$12.84B,$12.64B,1.02,$12.10B,$11.07B,1.09,$70.43B,$20.70B,29.39%,$70.43B,$5.79B,8.22%,$70.43B,$5.79B,8.22%,$70.43B,$8.04B,11.41%,$70.43B,$4.77B,6.78%,$70.43B,$3.35B,4.75%,$3.35B,$11.07B,27.80%,$3.35B,$11.07B,27.80%,$3.35B,$38.60B,8.58%,$5.79B,$23.17B,23.92%,$20689,$15252,$5437,$0,$3615,$19341,$1348,$-140,$1208,$386,$822,$822,$817,$1631,$1348,$578,583,$1.44,$1.43,$1231,$10057,$1492,$12842,$24902,$0,$0,$842,$25761,$38603,$12641,$12097,$1857,$14893,$27534,$47,$6031,$-607,$11069,$38603,$1920,$1686,$623,$2309,$0,$-1455,$832,$-14,$-1348,$2881,$-1161,$0,$0,$0,$0,$0,$23,$-1138,$-648,$89,$-559,$-2988,$-2988,$-1011,$0,$-4558,$-2815,$85,$-1011
8,2016-07-31,69.39,$20.14,3.45,$116.56,0.6,$12.87,5.39,$5.40,12.85,$11.50B,$11.00B,1.05,$12.06B,$11.58B,1.04,$71.60B,$20.97B,29.28%,$71.60B,$5.61B,7.83%,$71.60B,$5.61B,7.83%,$71.60B,$7.85B,10.96%,$71.60B,$4.58B,6.40%,$71.60B,$3.29B,4.59%,$3.29B,$11.58B,26.12%,$3.29B,$11.58B,26.12%,$3.29B,$37.29B,8.27%,$5.61B,$23.64B,22.69%,$16441,$11536,$4905,$0,$3339,$15380,$1061,$-142,$919,$311,$608,$608,$608,$1818,$1061,$570,575,$1.07,$1.06,$1480,$8631,$1309,$11503,$24934,$0,$0,$834,$25785,$37288,$11003,$12063,$1872,$14708,$25711,$48,$6579,$-612,$11577,$37288,$1312,$1116,$403,$1519,$0,$-29,$-607,$131,$-1343,$1488,$-670,$0,$0,$0,$0,$0,$1,$-669,$-632,$0,$-632,$-2087,$-2087,$-666,$0,$-3385,$-2566,$67,$-666
9,2016-04-30,72.69,$21.13,3.44,$116.19,0.63,$14.85,4.89,$5.42,13.41,$13.95B,$12.02B,1.16,$12.60B,$12.55B,1.0,$72.86B,$21.35B,29.30%,$72.86B,$5.69B,7.81%,$72.86B,$5.69B,7.81%,$72.86B,$7.91B,10.85%,$72.86B,$4.82B,6.62%,$72.86B,$3.36B,4.61%,$3.36B,$12.55B,25.50%,$3.36B,$12.55B,25.50%,$3.36B,$39.91B,8.31%,$5.69B,$25.14B,22.54%,$16169,$11172,$4997,$0,$3249,$14921,$1248,$-307,$941,$316,$625,$625,$680,$1858,$1248,$582,587,$1.17,$1.16,$4036,$8459,$1099,$13948,$25049,$0,$0,$830,$25960,$39908,$12019,$12596,$1889,$15344,$27363,$49,$7593,$-617,$12545,$39908,$632,$546,$255,$801,$0,$142,$-1024,$99,$-1186,$247,$-282,$0,$0,$0,$0,$0,$3,$-279,$1116,$0,$1116,$-758,$-758,$-336,$0,$22,$-10,$35,$-336
10,2016-01-31,65.69,$21.52,3.05,$115.85,0.57,$16.87,3.89,$5.35,12.28,$14.13B,$12.62B,1.12,$11.95B,$12.96B,0.92,$73.79B,$21.54B,29.20%,$73.79B,$5.53B,7.49%,$73.79B,$5.53B,7.49%,$73.79B,$7.74B,10.49%,$73.79B,$4.92B,6.67%,$73.79B,$3.36B,4.56%,$3.36B,$12.96B,24.76%,$3.36B,$12.96B,24.76%,$3.36B,$40.26B,8.29%,$5.53B,$24.90B,21.57%,$16196,$11185,$5011,$0,$3153,$14884,$1312,$-415,$897,$283,$614,$614,$632,$2732,$1312,$598,604,$1.06,$1.05,$4046,$8601,$1161,$14130,$25217,$0,$0,$840,$26132,$40262,$12622,$11945,$1897,$14683,$27305,$50,$8188,$-629,$12957,$40262,$3363,$2213,$-108,$2105,$0,$-316,$-362,$221,$490,$5958,$-1410,$0,$1875,$0,$0,$0,$43,$508,$-85,$0,$-85,$-3183,$-3183,$-1362,$0,$-4630,$1836,$115,$-1362
11,2015-10-31,69.47,$21.43,3.24,$115.66,0.6,$14.01,4.96,$-1.07,0.0,$14.94B,$13.86B,1.08,$11.89B,$13.26B,0.9,$73.91B,$21.95B,29.69%,$73.91B,$4.95B,6.69%,$73.91B,$4.95B,6.69%,$73.91B,$7.14B,9.66%,$73.91B,$4.34B,5.87%,$73.91B,$-0.70B,-0.95%,$-0.70B,$13.26B,-5.08%,$-0.70B,$13.26B,-5.08%,$-0.70B,$41.45B,-1.72%,$4.95B,$25.14B,18.97%,$21626,$15839,$5787,$0,$3920,$19456,$2170,$-153,$2017,$596,$1421,$1421,$1426,$1437,$2170,$628,633,$2.30,$2.28,$1977,$10374,$2194,$14944,$25472,$0,$0,$941,$26507,$41451,$13858,$11887,$1279,$14337,$28195,$52,$8359,$-469,$13256,$41451,$1937,$1651,$777,$2428,$0,$-2096,$1475,$95,$-526,$3839,$-1108,$0,$8,$0,$0,$0,$31,$-1069,$-72,$0,$-72,$-1914,$-1914,$-1017,$0,$-3003,$-233,$84,$-1017
12,2015-07-31,73.15,$22.11,3.31,$114.63,0.64,$10.88,6.73,$-1.39,0.0,$13.24B,$11.61B,1.14,$11.82B,$13.94B,0.85,$73.55B,$21.86B,29.72%,$73.55B,$4.97B,6.76%,$73.55B,$4.97B,6.76%,$73.55B,$7.14B,9.71%,$73.55B,$4.37B,5.95%,$73.55B,$-0.90B,-1.22%,$-0.90B,$13.94B,-6.16%,$-0.90B,$13.94B,-6.16%,$-0.90B,$40.19B,-2.14%,$4.97B,$25.76B,18.40%,$17613,$12440,$5173,$0,$3736,$16737,$876,$-151,$725,$249,$476,$476,$549,$1880,$876,$624,629,$0.88,$0.87,$2742,$8261,$2104,$13240,$25583,$0,$0,$950,$26953,$40193,$11613,$11817,$1353,$14638,$26251,$53,$9099,$-481,$13942,$40193,$1388,$1090,$894,$1984,$0,$18,$-683,$156,$-509,$2863,$-697,$0,$8,$0,$0,$0,$57,$-632,$-54,$0,$-54,$-980,$-980,$-665,$0,$-1699,$532,$54,$-665
13,2015-04-30,69.99,$22.20,3.15,$114.00,0.61,$8.56,8.18,$-2.20,0.0,$13.06B,$10.65B,1.23,$12.59B,$14.17B,0.89,$73.08B,$21.64B,29.61%,$73.08B,$4.67B,6.39%,$73.08B,$4.67B,6.39%,$73.08B,$6.83B,9.34%,$73.08B,$3.78B,5.18%,$73.08B,$-1.42B,-1.94%,$-1.42B,$14.17B,-9.31%,$-1.42B,$14.17B,-9.31%,$-1.42B,$40.27B,-3.29%,$4.67B,$26.76B,16.75%,$17427,$12051,$5376,$0,$3495,$16097,$1330,$-148,$1182,$409,$773,$773,$753,$1694,$1330,$636,641,$1.18,$1.18,$2768,$8108,$2037,$13056,$25779,$0,$0,$969,$27212,$40268,$10649,$12585,$1404,$15445,$26094,$53,$9441,$-490,$14174,$40268,$635,$540,$875,$1415,$0,$180,$-757,$138,$-439,$1611,$-346,$0,$0,$0,$0,$0,$40,$-306,$-14,$0,$-14,$-400,$-400,$-333,$0,$-747,$558,$26,$-333
14,2015-01-31,64.91,$21.86,2.97,$113.62,0.57,$6.69,9.71,$-2.52,0.0,$13.62B,$11.74B,1.16,$12.63B,$14.00B,0.9,$72.62B,$21.34B,29.39%,$72.62B,$4.54B,6.25%,$72.62B,$4.54B,6.25%,$72.62B,$6.66B,9.18%,$72.62B,$3.65B,5.03%,$72.62B,$-1.64B,-2.25%,$-1.64B,$14.00B,-10.34%,$-1.64B,$14.00B,-10.34%,$-1.64B,$41.17B,-3.72%,$4.54B,$26.63B,16.12%,$17119,$11911,$5208,$0,$3514,$15965,$1154,$-155,$999,$348,$651,$651,$635,$2131,$1154,$641,646,$0.99,$0.98,$2210,$8282,$2074,$13624,$25952,$0,$0,$879,$27548,$41172,$11736,$12634,$1452,$15439,$27175,$53,$9644,$-599,$13997,$41172,$-1636,$2129,$3796,$5925,$0,$-512,$803,$-115,$176,$4465,$-1691,$0,$-20,$0,$0,$0,$-215,$-1926,$-86,$-80,$-166,$347,$347,$-1205,$0,$-1024,$1515,$71,$-1205
15,2014-10-31,54.09,$25.81,2.1,$111.11,0.49,$9.68,5.59,$2.39,22.63,$13.84B,$13.53B,1.02,$12.62B,$16.37B,0.77,$71.07B,$20.75B,29.20%,$71.07B,$5.27B,7.41%,$71.07B,$5.27B,7.41%,$71.07B,$7.20B,10.13%,$71.07B,$4.06B,5.71%,$71.07B,$1.53B,2.15%,$1.53B,$16.37B,9.31%,$1.53B,$16.37B,9.31%,$1.53B,$46.46B,3.40%,$5.27B,$29.00B,18.55%,$21750,$15561,$6189,$0,$4057,$20164,$1586,$-151,$1435,$474,$961,$961,$-2640,$1439,$1586,$635,640,$-4.16,$-4.14,$718,$9957,$2355,$13838,$26033,$0,$0,$1050,$32623,$46461,$13525,$12623,$1453,$16563,$30088,$53,$12631,$-923,$16373,$46461,$1004,$1584,$36,$1620,$0,$-2186,$1520,$92,$-574,$2050,$-1278,$0,$-18,$0,$0,$0,$-120,$-1416,$-69,$305,$236,$88,$88,$-874,$0,$-550,$85,$61,$-874
16,2014-07-31,51.68,$25.93,1.99,$111.21,0.46,$11.59,4.46,$2.38,21.72,$11.55B,$11.34B,1.02,$12.63B,$16.43B,0.77,$71.07B,$20.79B,29.26%,$71.07B,$5.07B,7.13%,$71.07B,$5.07B,7.13%,$71.07B,$7.03B,9.89%,$71.07B,$3.84B,5.40%,$71.07B,$1.51B,2.13%,$1.51B,$16.43B,9.27%,$1.51B,$16.43B,9.27%,$1.51B,$44.46B,3.38%,$5.07B,$29.06B,17.87%,$17254,$12171,$5083,$0,$3644,$16350,$904,$-146,$758,$232,$526,$526,$352,$1561,$904,$634,640,$0.55,$0.55,$766,$7929,$2166,$11554,$26132,$0,$0,$1064,$32901,$44455,$11336,$12625,$1495,$16686,$28022,$53,$12611,$-792,$16433,$44455,$653,$1049,$81,$1130,$0,$-130,$-318,$179,$-269,$1514,$-837,$0,$-20,$0,$0,$0,$-125,$-982,$-46,$109,$63,$55,$55,$-545,$0,$-427,$108,$40,$-545
17,2014-04-30,53.16,$26.02,2.04,$111.31,0.48,$14.02,3.79,$2.96,17.96,$11.02B,$12.04B,0.92,$11.39B,$16.49B,0.69,$71.23B,$21.01B,29.49%,$71.23B,$5.18B,7.27%,$71.23B,$5.18B,7.27%,$71.23B,$7.15B,10.03%,$71.23B,$4.21B,5.91%,$71.23B,$1.89B,2.65%,$1.89B,$16.49B,11.66%,$1.89B,$16.49B,11.66%,$1.89B,$44.04B,4.22%,$5.18B,$27.88B,18.31%,$16957,$11798,$5159,$0,$3599,$15934,$1023,$-433,$590,$199,$391,$391,$234,$1533,$1023,$634,638,$0.37,$0.37,$677,$7905,$1723,$11023,$26334,$0,$0,$1080,$33019,$44042,$12040,$11391,$1504,$15516,$27556,$53,$12743,$-822,$16486,$44042,$418,$511,$-172,$339,$-736,$372,$0,$127,$-237,$520,$-466,$0,$-90,$0,$0,$0,$18,$-538,$-31,$306,$275,$26,$26,$-272,$0,$29,$20,$20,$-272
18,2014-01-31,48.39,$25.64,1.89,$110.93,0.44,$17.55,2.76,$3.07,15.76,$11.57B,$12.78B,0.91,$11.43B,$16.23B,0.7,$71.28B,$21.24B,29.80%,$71.28B,$5.17B,7.25%,$71.28B,$5.17B,7.25%,$71.28B,$7.17B,10.05%,$71.28B,$4.12B,5.78%,$71.28B,$1.97B,2.77%,$1.97B,$16.23B,12.14%,$1.97B,$16.23B,12.14%,$1.97B,$44.55B,4.40%,$5.17B,$27.66B,17.93%,$16657,$11748,$4909,$0,$3376,$15635,$1022,$-152,$870,$299,$571,$571,$418,$2666,$1022,$633,638,$0.66,$0.66,$670,$8278,$1832,$11573,$26412,$0,$0,$1107,$32980,$44553,$12777,$11429,$1471,$15545,$28322,$53,$12599,$-891,$16231,$44553,$1971,$1996,$29,$2025,$2860,$-504,$247,$-79,$2524,$6520,$-1816,$0,$-157,$0,$0,$0,$1702,$-271,$-3463,$-890,$-4353,$-1005,$-1005,$-1006,$0,$-6364,$-89,$106,$-1006
19,2013-10-31,55.0,$25.57,2.15,$113.72,0.48,$14.81,3.71,$3.73,14.75,$13.15B,$14.55B,0.9,$12.67B,$16.16B,0.78,$73.81B,$22.07B,29.91%,$73.81B,$4.88B,6.62%,$73.81B,$4.88B,6.62%,$73.81B,$6.97B,9.45%,$73.81B,$4.19B,5.68%,$73.81B,$2.41B,3.27%,$2.41B,$16.16B,14.78%,$2.41B,$16.16B,14.78%,$2.41B,$46.37B,5.27%,$4.88B,$28.82B,16.42%,$20198,$14598,$5600,$0,$3324,$17880,$2318,$-475,$1843,$599,$1244,$1244,$521,$1272,$2318,$635,642,$0.82,$0.81,$706,$10376,$2071,$13153,$31726,$0,$0,$1494,$33220,$46373,$14551,$12665,$1535,$15666,$30217,$53,$12353,$-653,$16156,$46373,$1451,$1648,$179,$1827,$2860,$-2461,$1744,$-205,$1475,$4753,$-2766,$0,$-157,$0,$0,$0,$3234,$311,$-3453,$107,$-3346,$-1066,$-1066,$-734,$0,$-5146,$-78,$81,$-734
20,2013-07-31,60.11,$25.39,2.37,$112.21,0.54,$13.27,4.53,$4.15,14.48,$11.40B,$12.62B,0.9,$12.66B,$16.02B,0.79,$73.48B,$22.20B,30.21%,$73.48B,$5.19B,7.06%,$73.48B,$5.19B,7.06%,$73.48B,$7.25B,9.87%,$73.48B,$4.62B,6.29%,$73.48B,$2.71B,3.68%,$2.71B,$16.02B,16.54%,$2.71B,$16.02B,16.54%,$2.71B,$44.16B,5.82%,$5.19B,$28.68B,17.15%,$17258,$12133,$5125,$0,$3853,$16555,$703,$-165,$538,$197,$341,$341,$341,$1675,$703,$631,637,$0.54,$0.54,$1018,$8441,$1944,$11403,$31405,$0,$0,$1354,$32759,$44162,$12616,$12655,$1540,$15526,$28142,$53,$12285,$-653,$16020,$44162,$1110,$1079,$12,$1091,$2860,$-527,$17,$-39,$1908,$4109,$-1869,$0,$-58,$0,$0,$0,$3196,$1269,$-3424,$-163,$-3587,$-1098,$-1098,$-463,$0,$-5148,$234,$55,$-463
21,2013-04-30,59.22,$25.76,2.3,$110.86,0.53,$11.12,5.33,$4.26,13.9,$11.86B,$11.16B,1.06,$13.69B,$16.52B,0.83,$73.14B,$22.20B,30.36%,$73.14B,$5.31B,7.26%,$73.14B,$5.31B,7.26%,$73.14B,$7.36B,10.07%,$73.14B,$4.73B,6.47%,$73.14B,$2.80B,3.83%,$2.80B,$16.52B,17.14%,$2.80B,$16.52B,17.14%,$2.80B,$44.23B,5.92%,$5.31B,$30.21B,17.21%,$17117,$11745,$5372,$0,$3698,$15985,$1132,$-171,$961,$350,$611,$611,$611,$1553,$1132,$635,642,$0.96,$0.95,$1819,$8099,$1939,$11857,$31074,$0,$0,$1303,$32377,$44234,$11159,$13691,$1569,$16555,$27714,$53,$12873,$-565,$16520,$44234,$498,$536,$66,$602,$2874,$-175,$-375,$-48,$2130,$3230,$-882,$0,$-58,$0,$0,$0,$3193,$2253,$-2916,$-970,$-3886,$-331,$-331,$-232,$0,$-4449,$1035,$29,$-232
22,2013-01-31,50.41,$25.66,1.96,$110.22,0.46,$8.22,6.13,$4.53,11.13,$16.39B,$14.03B,1.17,$14.65B,$16.56B,0.89,$73.30B,$22.27B,30.38%,$73.30B,$5.58B,7.61%,$73.30B,$5.58B,7.61%,$73.30B,$7.62B,10.40%,$73.30B,$5.06B,6.90%,$73.30B,$3.00B,4.09%,$3.00B,$16.56B,18.55%,$3.00B,$16.56B,18.55%,$3.00B,$48.16B,6.27%,$5.58B,$31.21B,17.99%,$16706,$11563,$5143,$0,$3590,$15689,$1017,$-238,$779,$281,$498,$498,$498,$2472,$1017,$642,650,$0.78,$0.77,$784,$7903,$1860,$16388,$30653,$0,$0,$1122,$31775,$48163,$14031,$14654,$1609,$17574,$31605,$54,$13155,$-576,$16558,$48163,$2999,$2044,$301,$2345,$-217,$160,$193,$-155,$-19,$5325,$-2280,$0,$0,$0,$0,$0,$-575,$-2855,$442,$-530,$-88,$-1515,$-1515,$-869,$-16,$-2488,$-10,$102,$-869
23,2012-10-31,52.89,$24.99,2.12,$107.09,0.49,$5.24,10.09,$4.51,11.73,$18.50B,$15.71B,1.18,$14.53B,$16.35B,0.89,$71.86B,$21.97B,30.58%,$71.86B,$5.25B,7.30%,$71.86B,$5.25B,7.30%,$71.86B,$7.42B,10.32%,$71.86B,$4.55B,6.34%,$71.86B,$3.02B,4.20%,$3.02B,$16.35B,18.89%,$3.02B,$16.35B,18.89%,$3.02B,$49.58B,6.37%,$5.25B,$30.88B,17.16%,$22726,$16294,$6432,$0,$3959,$20695,$2031,$-119,$1912,$635,$1277,$1277,$961,$1551,$2031,$657,663,$1.48,$1.46,$1469,$9533,$1846,$18495,$30069,$0,$0,$1015,$31084,$49579,$15709,$14526,$1713,$17518,$33227,$55,$13069,$-626,$16352,$49579,$2038,$1603,$117,$1720,$97,$-1615,$1193,$24,$-410,$3348,$-2303,$0,$0,$0,$0,$0,$278,$-2025,$947,$0,$947,$-951,$-951,$-635,$-16,$-655,$675,$74,$-635
24,2012-07-31,50.03,$24.31,2.06,$105.70,0.47,$2.53,19.78,$4.37,11.45,$16.42B,$13.33B,1.23,$15.23B,$15.90B,0.96,$71.34B,$21.85B,30.63%,$71.34B,$5.30B,7.43%,$71.34B,$5.30B,7.43%,$71.34B,$7.47B,10.47%,$71.34B,$4.44B,6.22%,$71.34B,$2.94B,4.12%,$2.94B,$15.90B,18.69%,$2.94B,$15.90B,18.69%,$2.94B,$47.33B,6.23%,$5.30B,$31.13B,17.24%,$16929,$11675,$5254,$0,$3704,$15921,$1008,$-36,$972,$335,$637,$637,$637,$1786,$1008,$655,662,$0.97,$0.96,$1442,$7733,$1700,$16415,$29774,$0,$0,$1136,$30910,$47325,$13329,$15229,$1697,$18099,$31428,$54,$12774,$-652,$15897,$47325,$1401,$1060,$50,$1110,$116,$185,$-352,$161,$-40,$2471,$-1585,$0,$0,$0,$0,$0,$158,$-1427,$960,$0,$960,$-947,$-947,$-399,$-16,$-402,$648,$48,$-399
25,2012-04-30,47.53,$24.00,1.98,$104.10,0.46,$1.13,41.95,$4.34,10.95,$15.59B,$12.45B,1.25,$14.97B,$15.86B,0.94,$70.80B,$21.76B,30.73%,$70.80B,$5.34B,7.55%,$70.80B,$5.34B,7.55%,$70.80B,$7.49B,10.58%,$70.80B,$4.48B,6.32%,$70.80B,$2.94B,4.15%,$2.94B,$15.86B,18.93%,$2.94B,$15.86B,18.93%,$2.94B,$46.18B,6.29%,$5.34B,$30.83B,17.37%,$16779,$11405,$5374,$0,$3588,$15524,$1255,$-184,$1071,$367,$704,$704,$704,$1814,$1255,$657,663,$1.07,$1.06,$675,$7670,$1698,$15591,$29508,$0,$0,$1076,$30584,$46175,$12446,$14967,$1690,$17866,$30312,$55,$12854,$-641,$15863,$46175,$697,$529,$86,$615,$142,$248,$-566,$143,$-5,$1307,$-828,$0,$0,$0,$0,$0,$169,$-659,$-505,$450,$-55,$-510,$-510,$-201,$-2,$-768,$-119,$25,$-201
26,2012-01-31,41.45,$23.64,1.75,$101.88,0.41,$1.02,40.44,$4.29,9.66,$16.45B,$14.29B,1.15,$13.70B,$15.82B,0.87,$69.87B,$21.56B,30.86%,$69.87B,$5.32B,7.62%,$69.87B,$5.32B,7.62%,$69.87B,$7.45B,10.67%,$69.87B,$4.46B,6.38%,$69.87B,$2.93B,4.19%,$2.93B,$15.82B,19.07%,$2.93B,$15.82B,19.07%,$2.93B,$46.63B,6.38%,$5.32B,$29.52B,17.47%,$16867,$11661,$5206,$0,$3392,$15582,$1285,$-184,$1101,$404,$697,$697,$697,$2264,$1285,$666,672,$1.05,$1.04,$794,$7918,$1810,$16449,$29149,$0,$0,$1032,$30181,$46630,$14287,$13697,$1634,$16522,$30809,$56,$12959,$-681,$15821,$46630,$2929,$2131,$637,$2768,$-187,$-322,$232,$-204,$-263,$5434,$-4331,$0,$0,$0,$0,$0,$151,$-4180,$-1131,$1500,$369,$-1753,$-1753,$-750,$-6,$-2140,$-918,$90,$-750
27,2011-10-31,44.41,$22.73,1.95,$99.07,0.45,$3.81,11.64,$4.29,10.35,$18.37B,$14.14B,1.3,$16.16B,$15.26B,1.06,$69.24B,$21.45B,30.98%,$69.24B,$5.40B,7.80%,$69.24B,$5.40B,7.80%,$69.24B,$7.51B,10.84%,$69.24B,$4.63B,6.69%,$69.24B,$2.98B,4.31%,$2.98B,$15.26B,19.53%,$2.98B,$15.26B,19.53%,$2.98B,$48.45B,6.61%,$5.40B,$31.42B,17.49%,$21288,$15148,$6140,$0,$3875,$19587,$1701,$-292,$1409,$428,$981,$981,$981,$1603,$1701,$679,684,$1.47,$1.44,$821,$9890,$1948,$18372,$29040,$0,$0,$1035,$30075,$48447,$14139,$16156,$1689,$19044,$33183,$56,$12340,$-563,$15264,$48447,$1948,$1568,$601,$2169,$120,$-2294,$1428,$-36,$-1142,$2975,$-3743,$0,$0,$0,$0,$0,$139,$-3604,$728,$1211,$1939,$-1627,$-1627,$-549,$1,$-236,$-891,$61,$-549
28,2011-07-31,41.51,$22.37,1.86,$96.54,0.43,$6.72,6.17,$4.21,9.86,$16.06B,$11.62B,1.38,$16.16B,$15.11B,1.07,$68.44B,$21.17B,30.93%,$68.44B,$5.31B,7.76%,$68.44B,$5.31B,7.76%,$68.44B,$7.40B,10.82%,$68.44B,$4.55B,6.65%,$68.44B,$2.96B,4.33%,$2.96B,$15.11B,19.52%,$2.96B,$15.11B,19.52%,$2.96B,$45.50B,6.69%,$5.31B,$31.27B,17.32%,$16402,$11274,$5128,$0,$3525,$15345,$1057,$-200,$857,$302,$555,$555,$555,$1810,$1057,$673,678,$0.82,$0.82,$890,$7926,$1521,$16059,$28373,$0,$0,$1067,$29440,$45499,$11620,$16160,$1644,$18773,$30393,$56,$12213,$-548,$15106,$45499,$1393,$1022,$255,$1277,$143,$-330,$-119,$101,$-334,$2336,$-2377,$0,$0,$0,$0,$0,$242,$-2135,$762,$0,$762,$-1459,$-1459,$-346,$20,$-1023,$-822,$44,$-346
29,2011-04-30,39.39,$22.10,1.78,$93.92,0.42,$7.96,4.95,$4.10,9.61,$16.37B,$10.84B,1.51,$14.42B,$15.23B,0.95,$67.73B,$20.91B,30.88%,$67.73B,$5.27B,7.79%,$67.73B,$5.27B,7.79%,$67.73B,$7.35B,10.86%,$67.73B,$4.52B,6.67%,$67.73B,$2.94B,4.34%,$2.94B,$15.23B,19.31%,$2.94B,$15.23B,19.31%,$2.94B,$43.00B,6.70%,$5.27B,$29.65B,17.25%,$16240,$10958,$5282,$0,$3473,$14940,$1300,$-191,$1109,$405,$704,$704,$704,$1776,$1300,$681,685,$1.03,$1.03,$1424,$7696,$1527,$16368,$25648,$0,$0,$980,$26628,$42996,$10838,$14416,$1596,$16928,$27766,$57,$12398,$-570,$15230,$42996,$689,$512,$152,$664,$149,$-99,$-330,$82,$-301,$1052,$-631,$0,$0,$0,$0,$0,$261,$-370,$0,$0,$0,$-796,$-796,$-174,$0,$-970,$-288,$21,$-174
30,2011-01-31,43.78,$22.00,1.99,$91.96,0.48,$8.38,5.22,$4.01,10.92,$17.21B,$10.07B,1.71,$15.61B,$15.49B,1.01,$67.39B,$20.81B,30.87%,$67.39B,$5.25B,7.79%,$67.39B,$5.25B,7.79%,$67.39B,$7.34B,10.89%,$67.39B,$4.50B,6.67%,$67.39B,$2.92B,4.33%,$2.92B,$15.49B,19.08%,$2.92B,$15.49B,19.08%,$2.92B,$43.71B,6.65%,$5.25B,$31.09B,17.07%,$15935,$10926,$5009,$0,$3233,$14671,$1264,$-183,$1081,$392,$689,$689,$689,$2316,$1264,$693,697,$0.99,$0.99,$1712,$7596,$1752,$17213,$25493,$0,$0,$999,$26492,$43705,$10070,$15607,$1607,$18148,$28218,$59,$12698,$-581,$15487,$43705,$2920,$2084,$937,$3021,$-78,$-417,$115,$-439,$-670,$5271,$-2060,$0,$0,$0,$0,$0,$316,$-1744,$-1248,$0,$-1248,$-2158,$-2158,$-609,$0,$-4015,$-488,$109,$-609
31,2010-10-31,41.29,$21.02,1.96,$90.38,0.46,$9.52,4.34,$3.80,10.87,$18.35B,$11.79B,1.56,$15.68B,$14.88B,1.05,$66.91B,$20.60B,30.79%,$66.91B,$5.10B,7.62%,$66.91B,$5.10B,7.62%,$66.91B,$7.18B,10.73%,$66.91B,$4.32B,6.45%,$66.91B,$2.82B,4.22%,$2.82B,$14.88B,18.47%,$2.82B,$14.88B,18.47%,$2.82B,$44.95B,6.39%,$5.10B,$30.56B,16.65%,$20660,$14626,$6034,$0,$3718,$18883,$1777,$-191,$1586,$551,$1035,$1035,$1035,$1500,$1777,$724,729,$1.44,$1.44,$936,$9550,$1905,$18346,$25590,$0,$0,$1013,$26603,$44949,$11790,$15680,$1786,$18280,$30070,$59,$12254,$-562,$14879,$44949,$1885,$1545,$659,$2204,$241,$-2371,$1250,$-216,$-1237,$2852,$-1571,$0,$0,$0,$0,$0,$255,$-1316,$-453,$0,$-453,$-1922,$-1922,$-432,$7,$-2800,$-1264,$77,$-432
32,2010-07-31,40.6,$21.13,1.92,$88.95,0.46,$9.88,4.11,$3.64,11.15,$17.25B,$10.10B,1.71,$15.74B,$15.27B,1.03,$66.58B,$20.42B,30.67%,$66.58B,$5.00B,7.52%,$66.58B,$5.00B,7.52%,$66.58B,$7.09B,10.65%,$66.58B,$4.23B,6.35%,$66.58B,$2.72B,4.09%,$2.72B,$15.27B,17.80%,$2.72B,$15.27B,17.80%,$2.72B,$43.66B,6.13%,$5.00B,$31.01B,16.31%,$15605,$10760,$4845,$0,$3345,$14638,$967,$-194,$773,$238,$535,$535,$535,$1762,$967,$715,721,$0.75,$0.74,$1540,$7728,$1840,$17245,$25401,$0,$0,$1009,$26410,$43655,$10100,$15737,$1810,$18287,$28387,$60,$12690,$-567,$15268,$43655,$1350,$1012,$496,$1508,$241,$-549,$-283,$-192,$-1030,$1828,$-959,$0,$0,$0,$0,$0,$234,$-725,$-342,$0,$-342,$-1169,$-1169,$-252,$0,$-1763,$-660,$52,$-252
33,2010-04-30,44.85,$21.11,2.12,$87.83,0.51,$10.07,4.45,$3.51,12.78,$17.22B,$10.20B,1.69,$14.79B,$15.60B,0.95,$66.12B,$20.16B,30.49%,$66.12B,$4.89B,7.39%,$66.12B,$4.89B,7.39%,$66.12B,$6.96B,10.52%,$66.12B,$4.10B,6.21%,$66.12B,$2.64B,3.99%,$2.64B,$15.60B,17.43%,$2.64B,$15.60B,17.43%,$2.64B,$43.32B,5.92%,$4.89B,$30.39B,15.80%,$15532,$10507,$5025,$0,$3263,$14266,$1266,$-185,$1081,$402,$679,$679,$679,$1758,$1266,$731,737,$0.93,$0.92,$1578,$7249,$2065,$17222,$25212,$0,$0,$889,$26101,$43323,$10197,$14794,$1819,$17529,$27726,$62,$13098,$-573,$15597,$43323,$671,$516,$212,$728,$201,$-70,$-361,$-74,$-241,$1158,$-395,$0,$0,$0,$0,$0,$220,$-175,$-1170,$0,$-1170,$-309,$-309,$-126,$0,$-1605,$-622,$25,$-126
34,2010-01-31,40.3,$20.61,1.96,$86.62,0.47,$9.66,4.17,$3.30,12.21,$18.42B,$11.33B,1.63,$15.12B,$15.35B,0.99,$65.36B,$19.77B,30.26%,$65.36B,$4.67B,7.15%,$65.36B,$4.67B,7.15%,$65.36B,$6.70B,10.25%,$65.36B,$3.87B,5.92%,$65.36B,$2.49B,3.81%,$2.49B,$15.35B,16.86%,$2.49B,$15.35B,16.86%,$2.49B,$44.53B,5.56%,$4.67B,$30.47B,14.95%,$15593,$10692,$4901,$0,$3143,$14351,$1242,$-187,$1055,$384,$671,$671,$671,$2158,$1242,$740,746,$0.91,$0.90,$2200,$7179,$2079,$18424,$25280,$0,$0,$829,$26109,$44533,$11327,$15118,$1906,$17859,$29186,$62,$12947,$-581,$15347,$44533,$2488,$2023,$1795,$3818,$-57,$-474,$174,$-325,$-425,$5881,$-1696,$0,$0,$0,$0,$0,$-7,$-1703,$-1970,$0,$-1970,$-376,$-376,$-496,$0,$-2842,$1336,$103,$-496
35,2009-10-31,37.93,$19.90,1.91,$85.17,0.45,$5.31,7.14,$2.87,13.22,$19.58B,$12.40B,1.58,$15.90B,$14.97B,1.06,$64.74B,$19.09B,29.50%,$64.74B,$4.21B,6.50%,$64.74B,$4.21B,6.50%,$64.74B,$6.17B,9.53%,$64.74B,$3.41B,5.26%,$64.74B,$2.16B,3.34%,$2.16B,$14.97B,15.06%,$2.16B,$14.97B,15.06%,$2.16B,$45.98B,4.84%,$4.21B,$30.87B,13.39%,$20181,$14351,$5830,$0,$3672,$18559,$1622,$-214,$1408,$472,$936,$936,$936,$1411,$1622,$752,755,$1.25,$1.24,$864,$9382,$2314,$19583,$25591,$0,$0,$805,$26396,$45979,$12398,$15895,$1911,$18610,$31008,$63,$12559,$-517,$14971,$45979,$1552,$1487,$1552,$3039,$190,$-2677,$1303,$-232,$-1416,$3027,$-1415,$0,$0,$0,$0,$0,$-19,$-1434,$-1255,$0,$-1255,$31,$31,$-369,$0,$-1593,$0,$72,$-369
36,2009-07-31,34.03,$19.42,1.75,$84.93,0.4,$1.83,18.61,$2.78,12.24,$17.68B,$9.81B,1.8,$17.44B,$14.60B,1.19,$64.57B,$19.01B,29.44%,$64.57B,$4.20B,6.51%,$64.57B,$4.20B,6.51%,$64.57B,$6.09B,9.44%,$64.57B,$3.36B,5.20%,$64.57B,$2.09B,3.24%,$2.09B,$14.60B,14.95%,$2.09B,$14.60B,14.95%,$2.09B,$44.23B,4.66%,$4.20B,$32.04B,13.35%,$15276,$10610,$4666,$0,$3255,$14402,$874,$-191,$683,$247,$436,$436,$436,$1629,$874,$752,756,$0.58,$0.58,$957,$7528,$1910,$17683,$25712,$0,$0,$838,$26550,$44233,$9810,$17441,$1886,$19821,$29631,$63,$12266,$-549,$14602,$44233,$1116,$950,$814,$1764,$154,$-823,$-103,$-87,$-829,$2051,$-1018,$0,$0,$0,$0,$0,$46,$-972,$-754,$0,$-754,$9,$9,$-241,$0,$-986,$93,$48,$-241
37,2009-04-30,32.07,$18.78,1.71,$84.95,0.38,$0.22,145.24,$2.81,11.41,$17.55B,$10.25B,1.71,$17.51B,$14.12B,1.24,$64.98B,$19.07B,29.34%,$64.98B,$4.27B,6.57%,$64.98B,$4.27B,6.57%,$64.98B,$6.13B,9.44%,$64.98B,$3.40B,5.24%,$64.98B,$2.13B,3.28%,$2.13B,$14.12B,15.56%,$2.13B,$14.12B,15.56%,$2.13B,$44.21B,4.73%,$4.27B,$31.63B,13.64%,$15067,$10302,$4765,$0,$3136,$13916,$1151,$-194,$957,$363,$594,$594,$594,$1498,$1151,$752,754,$0.79,$0.79,$1371,$6993,$1735,$17551,$25800,$0,$0,$861,$26661,$44212,$10249,$17514,$1843,$19844,$30093,$63,$11821,$-553,$14119,$44212,$522,$472,$417,$889,$160,$-288,$-333,$-64,$-412,$999,$-534,$0,$0,$0,$0,$0,$162,$-372,$-1,$0,$-1,$2,$2,$-121,$0,$-120,$507,$24,$-121
38,2009-01-31,24.12,$18.22,1.32,$83.54,0.29,$-0.65,0.0,$2.86,8.43,$17.49B,$10.51B,1.66,$17.49B,$13.71B,1.28,$64.95B,$19.18B,29.53%,$64.95B,$4.40B,6.78%,$64.95B,$4.40B,6.78%,$64.95B,$6.23B,9.59%,$64.95B,$3.54B,5.44%,$64.95B,$2.21B,3.41%,$2.21B,$13.71B,16.07%,$2.21B,$13.71B,16.07%,$2.21B,$44.11B,4.94%,$4.40B,$31.20B,14.30%,$14833,$10320,$4513,$0,$3015,$13807,$1026,$-202,$824,$302,$522,$522,$522,$1631,$1026,$752,753,$0.69,$0.69,$864,$6705,$1835,$17488,$25756,$0,$0,$862,$26618,$44106,$10512,$17490,$1937,$19882,$30394,$63,$11443,$-556,$13712,$44106,$2214,$1826,$1730,$3556,$-458,$77,$-389,$-340,$-1340,$4430,$-3508,$0,$0,$0,$0,$0,$-865,$-4373,$2102,$-500,$1602,$-2772,$-2772,$-465,$-8,$-1643,$-1586,$72,$-465
39,2008-10-31,30.85,$18.04,1.71,$81.61,0.38,$-2.02,0.0,$3.28,9.41,$20.24B,$13.50B,1.5,$17.44B,$13.58B,1.29,$65.26B,$19.86B,30.43%,$65.26B,$5.09B,7.80%,$65.26B,$5.09B,7.80%,$65.26B,$6.88B,10.54%,$65.26B,$4.26B,6.53%,$65.26B,$2.63B,4.04%,$2.63B,$13.58B,18.58%,$2.63B,$13.58B,18.58%,$2.63B,$47.04B,5.87%,$5.09B,$31.02B,16.65%,$19560,$14410,$5150,$0,$3519,$18403,$1157,$-214,$943,$334,$609,$609,$609,$1335,$1157,$770,774,$0.81,$0.81,$918,$9050,$2272,$20239,$25525,$0,$0,$1277,$26802,$47041,$13496,$17444,$1932,$19965,$33461,$63,$10967,$-175,$13580,$47041,$1605,$1352,$960,$2312,$-313,$-2270,$869,$-313,$-2297,$1780,$-2801,$0,$0,$0,$0,$0,$-562,$-3363,$2303,$882,$3185,$-2781,$-2781,$-345,$-8,$51,$-1532,$43,$-345
40,2008-07-31,34.67,$17.82,1.95,$79.06,0.44,$-2.76,0.0,$3.35,10.35,$18.62B,$11.36B,1.64,$17.93B,$13.46B,1.33,$64.98B,$19.86B,30.56%,$64.98B,$5.18B,7.98%,$64.98B,$5.18B,7.98%,$64.98B,$6.93B,10.66%,$64.98B,$4.41B,6.78%,$64.98B,$2.75B,4.23%,$2.75B,$13.46B,18.54%,$2.75B,$13.46B,18.54%,$2.75B,$45.14B,6.25%,$5.18B,$31.39B,17.46%,$15114,$10533,$4581,$0,$3245,$14247,$867,$-234,$633,$264,$369,$369,$369,$1669,$867,$754,757,$0.49,$0.49,$1527,$7313,$1800,$18620,$25152,$0,$0,$1368,$26520,$45140,$11359,$17932,$1858,$20324,$31683,$63,$10861,$-174,$13457,$45140,$1237,$884,$618,$1502,$-150,$-533,$-115,$-168,$-1145,$1754,$-1939,$0,$0,$0,$0,$0,$-266,$-2205,$3054,$-500,$2554,$-2794,$-2794,$-224,$-8,$-472,$-923,$37,$-224
41,2008-04-30,40.62,$18.21,2.23,$76.12,0.53,$-3.86,0.0,$3.33,12.2,$16.76B,$10.96B,1.53,$15.13B,$14.36B,1.05,$64.13B,$19.78B,30.84%,$64.13B,$5.23B,8.16%,$64.13B,$5.23B,8.16%,$64.13B,$6.93B,10.81%,$64.13B,$4.52B,7.05%,$64.13B,$2.80B,4.37%,$2.80B,$14.36B,18.13%,$2.80B,$14.36B,18.13%,$2.80B,$42.83B,6.58%,$5.23B,$29.49B,18.44%,$15472,$10651,$4821,$0,$3153,$14252,$1220,$-217,$1003,$369,$634,$634,$634,$1593,$1220,$770,774,$0.82,$0.82,$620,$6836,$1473,$16759,$24666,$0,$0,$1405,$26071,$42830,$10959,$15130,$1891,$17514,$28473,$66,$11789,$-176,$14357,$42830,$602,$435,$247,$682,$21,$-56,$-762,$81,$-704,$740,$-948,$0,$0,$0,$0,$0,$-18,$-966,$-501,$402,$-99,$-1390,$-1390,$-115,$0,$-1604,$-1830,$16,$-115
42,2008-01-31,42.26,$18.70,2.26,$74.11,0.57,$-4.43,0.0,$3.34,12.65,$18.91B,$11.78B,1.61,$15.13B,$15.31B,0.99,$63.37B,$19.60B,30.93%,$63.37B,$5.27B,8.32%,$63.37B,$5.27B,8.32%,$63.37B,$6.93B,10.94%,$63.37B,$4.63B,7.30%,$63.37B,$2.85B,4.50%,$2.85B,$15.31B,18.05%,$2.85B,$15.31B,18.05%,$2.85B,$44.56B,6.88%,$5.27B,$30.43B,19.21%,$14802,$10172,$4630,$0,$3037,$13644,$1158,$-201,$957,$355,$602,$602,$602,$2281,$1158,$806,810,$0.75,$0.74,$2450,$6780,$1622,$18906,$24095,$0,$0,$1559,$25654,$44560,$11782,$15126,$1875,$17471,$29253,$68,$12761,$-178,$15307,$44560,$2849,$1659,$564,$2223,$-602,$-525,$111,$86,$-868,$4125,$-4274,$0,$0,$0,$0,$0,$-1921,$-6195,$6291,$500,$6791,$-2477,$-2477,$-442,$-165,$3707,$1637,$73,$-442
43,2007-10-31,46.67,$19.12,2.44,$73.45,0.64,$-3.11,0.0,$3.40,13.73,$18.33B,$13.56B,1.35,$11.24B,$16.16B,0.7,$63.21B,$18.97B,30.02%,$63.21B,$5.39B,8.52%,$63.21B,$5.39B,8.52%,$63.21B,$7.01B,11.10%,$63.21B,$4.77B,7.54%,$63.21B,$2.94B,4.65%,$2.94B,$16.16B,18.52%,$2.94B,$16.16B,18.52%,$2.94B,$43.29B,7.42%,$5.39B,$27.40B,20.78%,$19871,$14045,$5826,$0,$3545,$18024,$1847,$-180,$1667,$638,$1029,$1029,$1029,$1387,$1847,$845,851,$1.23,$1.22,$627,$8746,$1841,$18334,$23606,$0,$0,$1349,$24955,$43289,$13563,$11239,$1906,$13566,$27129,$70,$13630,$-176,$16160,$43289,$1821,$1225,$414,$1639,$-260,$-2492,$1277,$-102,$-1874,$1586,$-3365,$0,$0,$0,$0,$0,$-1167,$-4532,$2396,$1578,$3974,$-867,$-867,$-324,$-23,$2760,$-186,$59,$-324
44,2007-07-31,45.96,$18.82,2.44,$71.72,0.64,$-2.49,0.0,$3.43,13.4,$15.13B,$11.02B,1.37,$10.15B,$15.95B,0.64,$61.94B,$18.89B,30.50%,$61.94B,$5.39B,8.69%,$61.94B,$5.39B,8.69%,$61.94B,$6.97B,11.26%,$61.94B,$4.79B,7.74%,$61.94B,$2.96B,4.78%,$2.96B,$15.95B,19.07%,$2.96B,$15.95B,19.07%,$2.96B,$39.47B,7.74%,$5.39B,$26.11B,21.50%,$14835,$10257,$4578,$0,$3191,$13877,$958,$-177,$781,$298,$483,$483,$483,$1671,$958,$846,851,$0.57,$0.56,$555,$6645,$1535,$15132,$23027,$0,$0,$1307,$24334,$39466,$11022,$10152,$1930,$12490,$23512,$71,$13451,$-178,$15954,$39466,$1337,$796,$255,$1051,$-64,$-391,$-475,$-94,$-1185,$1203,$-2347,$0,$0,$0,$0,$0,$-390,$-2737,$647,$1586,$2233,$-745,$-745,$-205,$-7,$1276,$-258,$42,$-205
45,2007-04-30,44.96,$18.45,2.44,$70.06,0.64,$-1.98,0.0,$3.33,13.5,$14.71B,$10.10B,1.46,$10.15B,$15.71B,0.65,$60.67B,$18.64B,30.73%,$60.67B,$5.25B,8.66%,$60.67B,$5.25B,8.66%,$60.67B,$6.81B,11.22%,$60.67B,$4.68B,7.71%,$60.67B,$2.88B,4.75%,$2.88B,$15.71B,19.06%,$2.88B,$15.71B,19.06%,$2.88B,$38.28B,7.75%,$5.25B,$25.86B,21.48%,$14620,$9878,$4742,$0,$3071,$13353,$1267,$-154,$1113,$427,$686,$686,$686,$1592,$1267,$851,857,$0.81,$0.80,$969,$6387,$1347,$14709,$22260,$0,$0,$1315,$23575,$38284,$10097,$10151,$1895,$12476,$22573,$71,$13386,$-183,$15711,$38284,$651,$392,$110,$502,$48,$-133,$-698,$124,$-691,$462,$-1179,$0,$0,$0,$0,$0,$48,$-1131,$1399,$0,$1399,$-464,$-464,$-103,$-7,$825,$156,$18,$-103
46,2007-01-31,46.37,$18.18,2.55,$68.44,0.68,$-1.55,0.0,$3.21,14.45,$14.71B,$11.12B,1.32,$8.68B,$15.63B,0.56,$59.49B,$18.42B,30.96%,$59.49B,$5.07B,8.52%,$59.49B,$5.07B,8.52%,$59.49B,$6.57B,11.04%,$59.49B,$4.50B,7.56%,$59.49B,$2.79B,4.68%,$2.79B,$15.63B,18.84%,$2.79B,$15.63B,18.84%,$2.79B,$37.35B,7.67%,$5.07B,$24.31B,21.36%,$14041,$9586,$4455,$0,$2863,$12841,$1200,$-136,$1064,$413,$651,$651,$651,$2363,$1200,$856,863,$0.76,$0.75,$813,$6254,$1445,$14706,$21431,$0,$0,$1212,$22643,$37349,$11117,$8675,$1347,$10599,$21716,$72,$13417,$-243,$15633,$37349,$2787,$1496,$296,$1792,$-226,$-431,$435,$75,$283,$4862,$-3866,$0,$0,$0,$0,$0,$-827,$-4693,$101,$0,$101,$-720,$-720,$-380,$-5,$-1004,$-835,$99,$-380
47,2006-10-31,44.64,$17.23,2.59,$64.81,0.69,$-1.44,0.0,$2.98,14.98,$15.35B,$11.92B,1.29,$9.12B,$14.80B,0.62,$56.73B,$18.45B,32.52%,$56.73B,$4.71B,8.31%,$56.73B,$4.71B,8.31%,$56.73B,$6.18B,10.89%,$56.73B,$4.17B,7.35%,$56.73B,$2.61B,4.60%,$2.61B,$14.80B,18.06%,$2.61B,$14.80B,18.06%,$2.61B,$37.87B,7.29%,$4.71B,$23.92B,20.07%,$19710,$14511,$5199,$0,$2835,$17749,$1961,$-152,$1809,$691,$1118,$1118,$1118,$1347,$1961,$862,869,$1.29,$1.29,$451,$7797,$1466,$15348,$20926,$0,$0,$1593,$22519,$37867,$11921,$9123,$1309,$11146,$23067,$72,$12423,$-2,$14800,$37867,$1668,$1094,$266,$1360,$-44,$-1961,$818,$-63,$-1316,$1712,$-2984,$0,$0,$0,$0,$0,$-322,$-3306,$498,$955,$1453,$-775,$-775,$-277,$-4,$397,$-1197,$64,$-277
