,Date,Stock Price,Book Value per Share,Price to Book Ratio,TTM Sales per Share,Price to Sales Ratio,TTM FCF per Share,Price to FCF Ratio,TTM Net EPS,PE Ratio,Current Assets,Current Liabilities,Current Ratio,Long Term Debt,Shareholder's Equity_x,Debt to Equity Ratio,TTM Revenue_x,TTM Gross Profit,Gross Margin,TTM Revenue_y,TTM Operating Income,Operating Margin,TTM Revenue_x,TTM EBIT,EBIT Margin,TTM Revenue_y,TTM EBITDA,EBITDA Margin,TTM Revenue_x,TTM Pre-Tax Income,Pre-Tax Margin,TTM Revenue_y,TTM Net Income_x,Net Margin,TTM Net Income_y,Shareholder's Equity_y,Return on Equity,TTM Net Income_x,Tangible Equity,Return on Tangible Equity,TTM Net Income_y,Total Assets,Return on Assets,TTM Net Income,LT Investments & Debt,Return on Investment,revenue,cost-goods-sold,gross-profit,research-development-expenses,selling-general-administrative-expenses,operating-expenses,operating-income,total-non-operating-income-expense,pre-tax-income,total-provision-income-taxes,income-after-taxes,income-from-continuous-operations,net-income,ebitda,ebit,basic-shares-outstanding,shares-outstanding,eps-basic-net-earnings-per-share,eps-earnings-per-share-diluted,cash-on-hand,inventory,other-current-assets,total-current-assets,net-property-plant-equipment,long-term-investments,goodwill-intangible-assets-total,other-long-term-assets,total-long-term-assets,total-assets,total-current-liabilities,long-term-debt,other-non-current-liabilities,total-long-term-liabilities,total-liabilities,common-stock-net,retained-earnings-accumulated-deficit,comprehensive-income,total-share-holder-equity,total-liabilities-share-holders-equity,net-income-loss,total-depreciation-amortization-cash-flow,other-non-cash-items,total-non-cash-items,change-in-accounts-receivable,change-in-inventories,change-in-accounts-payable,change-in-assets-liabilities,total-change-in-assets-liabilities,cash-flow-from-operating-activities,net-change-in-property-plant-equipment,net-change-in-intangible-assets,net-acquisitions-divestitures,net-change-in-short-term-investments,net-change-in-long-term-investments,net-change-in-investments-total,investing-activities-other,cash-flow-from-investing-activities,net-long-term-debt,net-current-debt,debt-issuance-retirement-net-total,net-common-equity-issued-repurchased,net-total-equity-issued-repurchased,total-common-preferred-stock-dividends-paid,financial-activities-other,cash-flow-from-financial-activities,net-cash-flow,stock-based-compensation,common-stock-dividends-paid
0,2018-09-30,123.37,$70.51,1.75,$126.11,0.98,$31.12,3.96,$7.41,16.65,$2.92B,$7.55B,0.39,$0.78B,$2.98B,0.26,$5.43B,$2.21B,40.59%,$5.43B,$0.37B,6.87%,$5.43B,$0.42B,7.75%,$5.43B,$0.46B,8.43%,$5.43B,$0.37B,6.87%,$5.43B,$0.32B,5.87%,$0.32B,$2.98B,10.78%,$0.32B,$2.80B,11.50%,$0.32B,$15.62B,2.06%,$0.37B,$3.76B,9.97%,$1167,$676,$490,$0,$224,$1044,$123,$0,$123,$19,$104,$104,$100,$143,$134,$43,43,$2.36,$2.33,$118,$0,$0,$2922,$0,$7354,$179,$4577,$12703,$15624,$7550,$778,$4199,$5092,$12642,$1,$2278,$-191,$2982,$15624,$267,$28,$16,$44,$-223,$0,$474,$-28,$173,$466,$-12,$0,$0,$0,$-453,$-453,$0,$-466,$-12,$0,$-12,$-32,$-32,$-69,$-12,$-124,$-180,$12,$-69
1,2018-06-30,119.56,$69.17,1.73,$124.36,0.96,$32.74,3.65,$5.34,22.39,$4.85B,$10.92B,0.44,$0.79B,$2.94B,0.27,$5.35B,$2.14B,40.06%,$5.35B,$0.33B,6.22%,$5.35B,$0.38B,7.12%,$5.35B,$0.42B,7.85%,$5.35B,$0.33B,6.22%,$5.35B,$0.23B,4.30%,$0.23B,$2.94B,7.78%,$0.23B,$2.75B,8.31%,$0.23B,$15.40B,1.49%,$0.33B,$3.73B,8.90%,$1363,$784,$579,$0,$289,$1243,$120,$0,$120,$21,$99,$99,$99,$141,$132,$43,43,$2.34,$2.31,$245,$0,$0,$4851,$0,$9083,$192,$539,$10553,$15404,$10918,$787,$643,$1546,$12464,$1,$2200,$-169,$2940,$15404,$167,$19,$23,$42,$-154,$0,$249,$-14,$19,$180,$-8,$0,$0,$0,$-226,$-226,$0,$-234,$0,$0,$0,$-14,$-14,$-46,$-16,$-76,$-132,$8,$-46
2,2018-03-31,117.37,$68.54,1.71,$122.32,0.96,$34.39,3.41,$4.86,24.15,$4.82B,$10.86B,0.44,$0.79B,$2.91B,0.27,$5.26B,$2.11B,40.08%,$5.26B,$0.32B,6.17%,$5.26B,$0.37B,7.08%,$5.26B,$0.41B,7.88%,$5.26B,$0.32B,6.17%,$5.26B,$0.21B,3.98%,$0.21B,$2.91B,7.05%,$0.21B,$2.72B,7.52%,$0.21B,$15.33B,1.37%,$0.32B,$3.70B,8.64%,$1331,$786,$545,$0,$288,$1250,$81,$0,$81,$13,$68,$68,$68,$102,$93,$43,43,$1.59,$1.57,$258,$0,$0,$4823,$0,$9086,$193,$524,$10512,$15334,$10856,$787,$662,$1565,$12421,$1,$2124,$-120,$2913,$15334,$68,$9,$19,$28,$-80,$0,$127,$-4,$-26,$31,$-4,$0,$0,$0,$-141,$-141,$0,$-144,$33,$0,$33,$-7,$-7,$-23,$-10,$-8,$-118,$3,$-23
3,2017-12-31,107.1,$70.53,1.52,$120.83,0.89,$34.91,3.07,$4.34,24.68,$3.02B,$7.24B,0.42,$0.79B,$3.00B,0.26,$5.19B,$2.06B,39.63%,$5.19B,$0.30B,5.82%,$5.19B,$0.35B,6.75%,$5.19B,$0.39B,7.60%,$5.19B,$0.30B,5.82%,$5.19B,$0.19B,3.59%,$0.19B,$3.00B,6.27%,$0.19B,$2.82B,6.69%,$0.19B,$15.47B,1.24%,$0.30B,$3.79B,8.05%,$1572,$981,$591,$0,$344,$1523,$49,$0,$49,$29,$20,$20,$52,$72,$62,$43,43,$1.21,$1.19,$298,$0,$0,$3019,$0,$6936,$179,$4800,$12451,$15470,$7242,$787,$4328,$5230,$12472,$1,$1975,$108,$2998,$15470,$186,$44,$28,$73,$-444,$0,$950,$-32,$474,$705,$-19,$0,$0,$0,$-478,$-478,$-10,$-506,$0,$0,$0,$-14,$-14,$-87,$-11,$-112,$94,$12,$-87
4,2017-09-30,95.54,$70.09,1.36,$113.34,0.84,$35.80,2.67,$2.82,33.88,$4.86B,$10.87B,0.45,$0.79B,$2.97B,0.27,$4.87B,$1.88B,38.54%,$4.87B,$0.22B,4.56%,$4.87B,$0.27B,5.55%,$4.87B,$0.31B,6.41%,$4.87B,$0.22B,4.52%,$4.87B,$0.12B,2.47%,$0.12B,$2.97B,4.10%,$0.12B,$2.79B,4.37%,$0.12B,$15.39B,0.82%,$0.22B,$3.76B,5.97%,$1086,$657,$429,$0,$211,$1003,$83,$0,$83,$23,$60,$60,$11,$105,$94,$42,43,$0.26,$0.26,$227,$0,$0,$4864,$0,$9138,$185,$486,$10526,$15389,$10865,$787,$676,$1552,$12417,$1,$1947,$114,$2972,$15389,$135,$34,$-13,$21,$-434,$0,$918,$-45,$385,$532,$-11,$0,$0,$0,$-479,$-479,$-10,$-499,$0,$0,$0,$-18,$-18,$-64,$-10,$-92,$-28,$12,$-64
5,2017-06-30,86.91,$70.11,1.24,$116.89,0.74,$36.38,2.39,$4.62,18.81,$4.62B,$10.27B,0.45,$0.79B,$2.97B,0.27,$5.02B,$2.00B,39.74%,$5.02B,$0.26B,5.24%,$5.02B,$0.31B,6.23%,$5.02B,$0.36B,7.07%,$5.02B,$0.26B,5.20%,$5.02B,$0.20B,3.92%,$0.20B,$2.97B,6.68%,$0.20B,$2.79B,7.13%,$0.20B,$14.79B,1.36%,$0.26B,$3.76B,7.04%,$1266,$725,$541,$0,$265,$1155,$111,$0,$111,$33,$78,$78,$78,$135,$123,$43,43,$1.85,$1.83,$318,$0,$0,$4618,$0,$8780,$185,$510,$10174,$14793,$10273,$787,$671,$1547,$11820,$1,$1957,$107,$2973,$14793,$124,$22,$7,$30,$-147,$0,$385,$-30,$135,$250,$-9,$0,$0,$0,$-137,$-137,$0,$-146,$0,$0,$0,$-18,$-18,$-43,$-6,$-67,$35,$7,$-43
6,2017-03-31,87.79,$68.39,1.28,$115.46,0.76,$35.94,2.44,$2.84,30.91,$4.51B,$10.10B,0.45,$0.79B,$2.91B,0.27,$4.98B,$1.95B,39.10%,$4.98B,$0.23B,4.64%,$4.98B,$0.29B,5.72%,$4.98B,$0.33B,6.53%,$4.98B,$0.14B,2.87%,$4.98B,$0.12B,2.43%,$0.12B,$2.91B,4.09%,$0.12B,$2.73B,4.37%,$0.12B,$14.49B,0.85%,$0.23B,$3.70B,6.16%,$1261,$767,$494,$0,$266,$1202,$59,$0,$59,$14,$45,$45,$45,$82,$71,$43,43,$1.06,$1.05,$257,$0,$0,$4505,$0,$8592,$185,$486,$9986,$14491,$10102,$787,$599,$1475,$11577,$1,$1899,$89,$2914,$14491,$45,$11,$-19,$-8,$-103,$0,$237,$-8,$19,$54,$-4,$0,$0,$0,$-44,$-44,$0,$-48,$0,$0,$0,$4,$4,$-21,$-15,$-32,$-26,$3,$-21
7,2016-12-31,88.22,$67.39,1.31,$114.29,0.77,$36.52,2.42,$3.59,24.57,$4.33B,$9.76B,0.44,$0.79B,$2.86B,0.28,$4.95B,$1.98B,40.05%,$4.95B,$0.28B,5.66%,$4.95B,$0.34B,6.81%,$4.95B,$0.38B,7.62%,$4.95B,$0.19B,3.88%,$4.95B,$0.15B,3.11%,$0.15B,$2.86B,5.19%,$0.15B,$2.67B,5.54%,$0.15B,$14.22B,1.08%,$0.28B,$3.64B,7.44%,$1255,$843,$412,$0,$264,$1286,$-31,$-2,$-33,$-21,$-12,$-12,$-14,$-10,$-19,$43,43,$-0.31,$-0.32,$283,$0,$0,$4333,$0,$8511,$185,$480,$9888,$14220,$9762,$786,$728,$1601,$11363,$1,$1876,$63,$2858,$14220,$155,$41,$77,$118,$-64,$0,$528,$-8,$469,$743,$-16,$0,$7,$0,$-499,$-499,$12,$-495,$-105,$0,$-105,$-89,$-89,$-80,$-26,$-301,$-56,$12,$-80
8,2016-09-30,72.7,$72.00,1.01,$112.13,0.65,$29.16,2.49,$5.67,12.82,$4.51B,$9.77B,0.46,$0.80B,$3.05B,0.26,$4.90B,$2.10B,42.85%,$4.90B,$0.43B,8.72%,$4.90B,$0.49B,9.93%,$4.90B,$0.53B,10.78%,$4.90B,$0.32B,6.62%,$4.90B,$0.25B,5.02%,$0.25B,$3.05B,8.30%,$0.25B,$2.86B,8.85%,$0.25B,$14.36B,1.75%,$0.43B,$3.84B,11.34%,$1241,$692,$549,$0,$258,$1117,$124,$0,$124,$36,$88,$88,$88,$148,$137,$43,43,$2.07,$2.06,$316,$0,$0,$4506,$0,$8559,$185,$477,$9858,$14364,$9771,$798,$662,$1547,$11318,$1,$1910,$227,$3046,$14364,$169,$32,$98,$130,$-188,$0,$513,$-28,$268,$560,$-12,$0,$0,$0,$-319,$-319,$12,$-319,$-91,$0,$-91,$-90,$-90,$-59,$-21,$-262,$-23,$9,$-59
9,2016-06-30,81.07,$70.48,1.15,$110.74,0.73,$23.99,3.38,$5.35,15.15,$4.56B,$9.67B,0.47,$0.80B,$3.01B,0.27,$4.89B,$2.09B,42.79%,$4.89B,$0.42B,8.57%,$4.89B,$0.48B,9.82%,$4.89B,$0.52B,10.64%,$4.89B,$0.31B,6.34%,$4.89B,$0.24B,4.83%,$0.24B,$3.01B,8.08%,$0.24B,$2.82B,8.62%,$0.24B,$14.16B,1.69%,$0.42B,$3.81B,11.24%,$1222,$730,$492,$0,$254,$1143,$79,$-86,$-7,$-9,$2,$2,$2,$105,$95,$43,43,$0.05,$0.05,$362,$0,$0,$4560,$0,$8240,$185,$526,$9604,$14164,$9673,$798,$594,$1481,$11154,$1,$1842,$229,$3010,$14164,$80,$21,$72,$93,$-107,$0,$332,$-14,$118,$234,$-9,$0,$0,$0,$18,$18,$0,$9,$-91,$0,$-91,$-56,$-56,$-40,$-33,$-220,$23,$6,$-40
10,2016-03-31,85.98,$69.25,1.24,$111.41,0.77,$20.90,4.11,$7.98,10.77,$4.58B,$9.58B,0.48,$0.80B,$2.96B,0.27,$4.96B,$2.15B,43.35%,$4.96B,$0.49B,9.95%,$4.96B,$0.55B,11.16%,$4.96B,$0.60B,12.05%,$4.96B,$0.47B,9.47%,$4.96B,$0.36B,7.15%,$0.36B,$2.96B,12.25%,$0.36B,$2.77B,13.09%,$0.36B,$14.03B,2.54%,$0.49B,$3.76B,13.31%,$1228,$700,$528,$0,$259,$1120,$108,$0,$108,$30,$78,$78,$78,$134,$123,$43,44,$1.82,$1.80,$407,$0,$0,$4579,$0,$8073,$186,$513,$9449,$14028,$9584,$803,$594,$1486,$11071,$1,$1860,$151,$2957,$14028,$78,$11,$-2,$9,$-65,$0,$195,$-5,$32,$82,$-6,$0,$0,$0,$67,$67,$0,$61,$0,$0,$0,$-42,$-42,$-20,$-13,$-75,$68,$3,$-20
11,2015-12-31,77.1,$66.15,1.17,$111.98,0.69,$20.95,3.68,$7.40,10.42,$4.37B,$9.32B,0.47,$0.80B,$2.84B,0.28,$5.04B,$2.15B,42.70%,$5.04B,$0.46B,9.20%,$5.04B,$0.52B,10.41%,$5.04B,$0.57B,11.28%,$5.04B,$0.44B,8.72%,$5.04B,$0.33B,6.59%,$0.33B,$2.84B,11.52%,$0.33B,$2.66B,12.31%,$0.33B,$13.78B,2.38%,$0.46B,$3.65B,12.49%,$1205,$675,$529,$0,$252,$1089,$116,$-17,$99,$22,$78,$78,$78,$141,$131,$44,45,$1.80,$1.76,$339,$0,$0,$4366,$0,$8016,$186,$484,$9416,$13781,$9320,$803,$725,$1616,$10937,$1,$1804,$54,$2844,$13781,$332,$43,$32,$75,$-80,$0,$121,$7,$54,$445,$-20,$0,$44,$0,$-195,$-195,$-1,$-172,$-114,$0,$-114,$-111,$-111,$-74,$-2,$-301,$-35,$12,$-74
12,2015-09-30,73.23,$66.61,1.1,$113.71,0.64,$23.78,3.08,$7.64,9.59,$4.61B,$9.57B,0.48,$0.81B,$2.88B,0.28,$5.12B,$2.21B,43.21%,$5.12B,$0.47B,9.19%,$5.12B,$0.53B,10.42%,$5.12B,$0.59B,11.53%,$5.12B,$0.46B,9.05%,$5.12B,$0.34B,6.73%,$0.34B,$2.88B,11.93%,$0.34B,$2.69B,12.75%,$0.34B,$14.04B,2.46%,$0.47B,$3.69B,12.60%,$1234,$691,$543,$0,$259,$1118,$116,$-6,$110,$33,$77,$77,$78,$140,$131,$44,45,$1.78,$1.74,$385,$0,$0,$4612,$0,$8037,$184,$470,$9429,$14041,$9572,$813,$689,$1592,$11164,$1,$1750,$104,$2878,$14041,$254,$33,$7,$39,$-238,$0,$324,$-22,$60,$354,$-15,$0,$44,$0,$-146,$-146,$5,$-112,$-114,$0,$-114,$-71,$-71,$-54,$10,$-229,$12,$9,$-54
13,2015-06-30,69.42,$66.25,1.05,$114.43,0.61,$25.11,2.76,$7.12,9.75,$4.93B,$9.66B,0.51,$0.84B,$2.91B,0.29,$5.15B,$2.18B,42.30%,$5.15B,$0.43B,8.33%,$5.15B,$0.49B,9.60%,$5.15B,$0.55B,10.72%,$5.15B,$0.43B,8.32%,$5.15B,$0.32B,6.24%,$0.32B,$2.91B,11.24%,$0.32B,$2.72B,12.02%,$0.32B,$14.15B,2.30%,$0.43B,$3.74B,11.51%,$1297,$745,$552,$0,$262,$1143,$154,$-2,$153,$32,$121,$121,$121,$183,$169,$44,45,$2.73,$2.68,$584,$0,$0,$4927,$0,$7772,$184,$514,$9218,$14145,$9658,$835,$653,$1579,$11236,$1,$1690,$140,$2909,$14145,$176,$24,$-15,$10,$-290,$0,$329,$-21,$-43,$103,$-8,$0,$44,$0,$207,$207,$0,$243,$-87,$0,$-87,$-14,$-14,$-36,$-0,$-137,$210,$8,$-36
14,2015-03-31,67.67,$65.91,1.03,$113.96,0.59,$26.57,2.55,$6.28,10.78,$4.19B,$9.43B,0.44,$0.84B,$2.90B,0.29,$5.12B,$1.91B,37.34%,$5.12B,$0.38B,7.48%,$5.12B,$0.45B,8.76%,$5.12B,$0.50B,9.84%,$5.12B,$0.38B,7.48%,$5.12B,$0.28B,5.52%,$0.28B,$2.90B,10.01%,$0.28B,$2.72B,10.71%,$0.28B,$13.93B,2.04%,$0.38B,$3.74B,10.31%,$1299,$773,$526,$0,$261,$1222,$77,$0,$77,$22,$55,$55,$55,$104,$93,$44,45,$1.24,$1.22,$404,$0,$0,$4190,$0,$8280,$184,$504,$9735,$13926,$9433,$842,$638,$1593,$11026,$1,$1588,$227,$2900,$13926,$55,$11,$4,$14,$-99,$0,$222,$-8,$52,$84,$-4,$0,$0,$0,$40,$40,$0,$36,$-78,$0,$-78,$-1,$-1,$-18,$8,$-90,$31,$3,$-18
15,2014-12-31,66.1,$64.78,1.02,$112.93,0.59,$26.13,2.53,$6.28,10.53,$4.00B,$9.20B,0.44,$0.90B,$2.84B,0.32,$5.07B,$1.63B,32.10%,$5.07B,$0.38B,7.46%,$5.07B,$0.44B,8.76%,$5.07B,$0.50B,9.87%,$5.07B,$0.38B,7.46%,$5.07B,$0.28B,5.58%,$0.28B,$2.84B,10.21%,$0.28B,$2.66B,10.94%,$0.28B,$13.76B,2.05%,$0.38B,$3.75B,10.28%,$1285,$696,$589,$0,$780,$1162,$123,$0,$123,$33,$90,$90,$90,$163,$140,$44,45,$2.04,$2.00,$373,$0,$0,$4002,$0,$8317,$185,$487,$9757,$13760,$9202,$904,$695,$1713,$10916,$1,$1559,$206,$2844,$13760,$282,$56,$34,$89,$-68,$0,$256,$-20,$181,$565,$-11,$0,$0,$0,$-592,$-592,$2,$-601,$-1,$0,$-1,$-8,$-8,$-67,$4,$-72,$-113,$15,$-67
16,2014-09-30,56.6,$63.43,0.89,$111.68,0.51,$21.84,2.59,$5.84,9.69,$4.38B,$9.53B,0.46,$0.90B,$2.77B,0.33,$5.01B,$1.58B,31.46%,$5.01B,$0.34B,6.84%,$5.01B,$0.41B,8.16%,$5.01B,$0.45B,9.06%,$5.01B,$0.34B,6.84%,$5.01B,$0.26B,5.25%,$0.26B,$2.77B,9.70%,$0.26B,$2.59B,10.41%,$0.26B,$13.96B,1.91%,$0.34B,$3.68B,9.49%,$1266,$756,$510,$0,$260,$1190,$75,$0,$75,$20,$55,$55,$55,$103,$92,$44,45,$1.25,$1.22,$510,$0,$0,$4383,$0,$8094,$185,$498,$9577,$13960,$9533,$903,$636,$1655,$11188,$1,$1489,$214,$2772,$13960,$192,$33,$36,$69,$-198,$0,$415,$-34,$127,$408,$-9,$0,$0,$0,$-339,$-339,$0,$-347,$-1,$0,$-1,$-12,$-12,$-49,$26,$-36,$23,$11,$-49
17,2014-06-30,57.84,$63.67,0.91,$110.44,0.52,$16.64,3.48,$5.99,9.66,$4.54B,$9.58B,0.47,$0.90B,$2.80B,0.32,$4.95B,$1.33B,26.86%,$4.95B,$0.35B,7.15%,$4.95B,$0.42B,8.49%,$4.95B,$0.47B,9.42%,$4.95B,$0.35B,7.15%,$4.95B,$0.27B,5.44%,$0.27B,$2.80B,10.14%,$0.27B,$2.61B,10.90%,$0.27B,$13.97B,1.98%,$0.35B,$3.70B,9.93%,$1273,$985,$288,$0,$0,$1165,$108,$0,$108,$25,$83,$83,$83,$135,$124,$44,45,$1.88,$1.84,$606,$0,$0,$4539,$0,$7898,$185,$542,$9426,$13965,$9580,$904,$570,$1590,$11170,$1,$1452,$267,$2795,$13965,$137,$22,$16,$38,$-193,$0,$352,$-35,$23,$167,$-7,$0,$0,$0,$-16,$-16,$0,$-23,$-0,$0,$-0,$0,$0,$-33,$-0,$-33,$120,$7,$-33
18,2014-03-31,55.94,$61.21,0.91,$108.48,0.52,$13.58,4.12,$5.34,10.48,$4.27B,$9.37B,0.46,$0.90B,$2.68B,0.34,$4.86B,$1.30B,26.74%,$4.86B,$0.31B,6.42%,$4.86B,$0.38B,7.80%,$4.86B,$0.43B,8.85%,$4.86B,$0.31B,6.42%,$4.86B,$0.24B,4.92%,$0.24B,$2.68B,9.27%,$0.24B,$2.50B,9.98%,$0.24B,$13.64B,1.78%,$0.31B,$3.59B,8.91%,$1244,$1004,$240,$0,$0,$1172,$72,$0,$72,$17,$55,$55,$55,$100,$88,$44,45,$1.24,$1.22,$476,$0,$0,$4271,$0,$7815,$185,$534,$9372,$13643,$9365,$904,$576,$1597,$10962,$1,$1387,$228,$2681,$13643,$55,$12,$7,$19,$-63,$0,$160,$-14,$7,$63,$-3,$0,$0,$0,$-57,$-57,$0,$-60,$0,$0,$0,$-3,$-3,$-16,$4,$-15,$-10,$4,$-16
19,2013-12-31,54.03,$59.37,0.91,$106.77,0.51,$11.73,4.61,$5.58,9.68,$4.15B,$9.12B,0.45,$0.90B,$2.60B,0.35,$4.79B,$1.31B,27.39%,$4.79B,$0.33B,6.86%,$4.79B,$0.40B,8.24%,$4.79B,$0.45B,9.28%,$4.79B,$0.33B,6.86%,$4.79B,$0.25B,5.21%,$0.25B,$2.60B,9.75%,$0.25B,$2.41B,10.50%,$0.25B,$13.38B,1.87%,$0.33B,$3.50B,9.39%,$1229,$690,$539,$0,$0,$1141,$88,$0,$88,$23,$65,$65,$70,$117,$105,$44,45,$1.60,$1.57,$486,$0,$0,$4146,$0,$7661,$185,$526,$9233,$13379,$9122,$904,$637,$1662,$10784,$1,$1349,$178,$2595,$13379,$251,$50,$74,$124,$41,$0,$66,$-16,$28,$384,$-23,$0,$0,$0,$-336,$-336,$0,$-359,$29,$0,$29,$-53,$-53,$-60,$-21,$-106,$-79,$12,$-60
20,2013-09-30,49.75,$58.35,0.85,$105.54,0.47,$12.23,4.07,$2.78,17.89,$4.40B,$9.22B,0.48,$0.94B,$2.54B,0.37,$4.75B,$1.09B,22.87%,$4.75B,$0.14B,2.84%,$4.75B,$0.20B,4.19%,$4.75B,$0.25B,5.24%,$4.75B,$0.14B,2.84%,$4.75B,$0.13B,2.63%,$0.13B,$2.54B,4.87%,$0.13B,$2.36B,5.25%,$0.13B,$13.46B,0.93%,$0.14B,$3.48B,3.87%,$1202,$940,$262,$0,$0,$1116,$86,$0,$86,$25,$61,$61,$61,$114,$103,$44,45,$1.40,$1.37,$602,$0,$0,$4403,$0,$7425,$185,$545,$9060,$13463,$9221,$939,$638,$1699,$10919,$1,$1295,$188,$2544,$13463,$181,$38,$52,$89,$-72,$0,$147,$-32,$-61,$182,$-17,$0,$0,$0,$-78,$-78,$0,$-95,$73,$0,$73,$-57,$-57,$-44,$-22,$-50,$37,$9,$-44
21,2013-06-30,43.72,$57.37,0.76,$104.20,0.42,$12.81,3.41,$2.30,19.01,$4.50B,$9.12B,0.49,$0.94B,$2.50B,0.38,$4.71B,$1.04B,22.04%,$4.71B,$0.10B,2.17%,$4.71B,$0.16B,3.49%,$4.71B,$0.21B,4.55%,$4.71B,$0.10B,2.17%,$4.71B,$0.10B,2.21%,$0.10B,$2.50B,3.99%,$0.10B,$2.31B,4.30%,$0.10B,$13.31B,0.78%,$0.10B,$3.43B,2.89%,$1183,$925,$258,$0,$0,$1117,$66,$0,$66,$13,$53,$53,$53,$99,$83,$44,45,$1.21,$1.19,$690,$0,$0,$4495,$0,$7175,$184,$536,$8811,$13306,$9118,$939,$632,$1693,$10811,$1,$1282,$190,$2496,$13306,$120,$27,$27,$54,$-70,$0,$81,$-20,$-121,$33,$-11,$0,$0,$0,$144,$144,$0,$133,$73,$0,$73,$-57,$-57,$-29,$-21,$-35,$126,$6,$-29
22,2013-03-31,44.08,$59.64,0.74,$102.63,0.43,$13.47,3.27,$1.57,28.08,$4.45B,$9.06B,0.49,$0.98B,$2.62B,0.37,$4.65B,$0.94B,20.24%,$4.65B,$0.05B,1.01%,$4.65B,$0.11B,2.32%,$4.65B,$0.15B,3.29%,$4.65B,$0.05B,1.01%,$4.65B,$0.07B,1.55%,$0.07B,$2.62B,2.73%,$0.07B,$2.44B,2.94%,$0.07B,$13.44B,0.54%,$0.05B,$3.60B,1.32%,$1180,$926,$254,$0,$0,$1091,$89,$0,$89,$23,$66,$66,$66,$115,$104,$45,45,$1.49,$1.46,$691,$0,$0,$4445,$0,$7435,$184,$524,$8998,$13442,$9057,$978,$660,$1762,$10818,$1,$1253,$323,$2624,$13442,$66,$11,$14,$25,$20,$0,$-24,$-5,$-111,$-18,$-6,$0,$0,$0,$89,$89,$0,$84,$123,$0,$123,$-21,$-21,$-15,$-21,$67,$126,$4,$-15
23,2012-12-31,34.12,$58.59,0.58,$101.23,0.34,$14.19,2.4,$1.20,28.43,$4.35B,$9.14B,0.48,$0.85B,$2.60B,0.33,$4.59B,$0.92B,20.02%,$4.59B,$0.03B,0.63%,$4.59B,$0.09B,1.98%,$4.59B,$0.14B,2.96%,$4.59B,$0.03B,0.63%,$4.59B,$0.06B,1.22%,$0.06B,$2.60B,2.14%,$0.06B,$2.41B,2.30%,$0.06B,$13.49B,0.42%,$0.03B,$3.45B,0.82%,$1184,$873,$312,$0,$0,$1290,$-106,$0,$-106,$-51,$-55,$-55,$-55,$-79,$-91,$45,45,$-1.23,$-1.21,$565,$0,$0,$4353,$0,$7547,$185,$512,$9132,$13485,$9138,$849,$776,$1752,$10890,$1,$1212,$326,$2595,$13485,$56,$45,$-51,$-6,$-284,$0,$598,$-31,$371,$408,$-21,$0,$0,$0,$-542,$-542,$1,$-563,$-66,$0,$-66,$-17,$-17,$-55,$5,$-133,$-256,$13,$-55
24,2012-09-30,32.53,$60.93,0.53,$99.90,0.33,$10.13,3.21,$3.53,9.22,$4.26B,$8.97B,0.48,$0.92B,$2.70B,0.34,$4.54B,$1.06B,23.24%,$4.54B,$0.20B,4.38%,$4.54B,$0.26B,5.77%,$4.54B,$0.31B,6.87%,$4.54B,$0.20B,4.38%,$4.54B,$0.16B,3.54%,$0.16B,$2.70B,6.20%,$0.16B,$2.52B,6.68%,$0.16B,$13.33B,1.24%,$0.20B,$3.62B,5.67%,$1158,$944,$214,$0,$0,$1105,$53,$0,$53,$12,$41,$41,$40,$79,$68,$45,45,$0.91,$0.89,$462,$0,$0,$4257,$0,$7520,$185,$531,$9073,$13330,$8969,$918,$619,$1662,$10631,$1,$1282,$364,$2699,$13330,$111,$33,$17,$50,$-258,$0,$408,$-43,$84,$205,$-11,$0,$5,$0,$-518,$-518,$-4,$-529,$7,$0,$7,$-18,$-18,$-40,$-7,$-59,$-358,$10,$-40
25,2012-06-30,33.89,$58.82,0.58,$98.74,0.34,$11.95,2.84,$2.43,13.95,$4.33B,$8.88B,0.49,$0.92B,$2.62B,0.35,$4.49B,$0.99B,22.12%,$4.49B,$0.13B,2.83%,$4.49B,$0.19B,4.27%,$4.49B,$0.24B,5.30%,$4.49B,$0.13B,2.83%,$4.49B,$0.11B,2.47%,$0.11B,$2.62B,4.38%,$0.11B,$2.43B,4.73%,$0.11B,$13.12B,0.87%,$0.13B,$3.54B,3.69%,$1127,$965,$162,$0,$0,$1116,$11,$0,$11,$1,$10,$10,$21,$38,$27,$45,45,$0.46,$0.46,$521,$0,$0,$4328,$0,$7203,$185,$514,$8791,$13119,$8875,$917,$580,$1626,$10501,$1,$1255,$303,$2618,$13119,$71,$22,$-11,$12,$-262,$0,$328,$-37,$-18,$59,$-7,$0,$5,$0,$-320,$-320,$-4,$-326,$7,$0,$7,$-9,$-9,$-27,$-12,$-41,$-300,$6,$-27
26,2012-03-31,35.33,$57.70,0.61,$92.72,0.38,$12.96,2.73,$1.27,27.82,$4.28B,$8.68B,0.49,$0.92B,$2.58B,0.36,$4.22B,$0.91B,21.47%,$4.22B,$0.06B,1.33%,$4.22B,$0.12B,2.75%,$4.22B,$0.16B,3.70%,$4.22B,$0.06B,1.33%,$4.22B,$0.06B,1.37%,$0.06B,$2.58B,2.32%,$0.06B,$2.40B,2.51%,$0.06B,$12.91B,0.49%,$0.06B,$3.50B,1.65%,$1122,$890,$232,$0,$0,$1051,$71,$0,$71,$20,$51,$51,$50,$98,$87,$45,46,$1.11,$1.09,$628,$0,$0,$4284,$0,$7089,$184,$496,$8629,$12913,$8675,$918,$614,$1660,$10334,$1,$1249,$265,$2579,$12913,$50,$11,$-17,$-6,$-109,$0,$110,$-9,$-37,$13,$-3,$0,$0,$0,$-208,$-208,$0,$-211,$7,$0,$7,$1,$1,$-14,$-8,$-14,$-192,$4,$-14
27,2011-12-31,29.81,$55.70,0.54,$86.19,0.35,$13.23,2.25,$0.82,36.35,$4.25B,$8.43B,0.5,$0.91B,$2.48B,0.37,$3.93B,$0.83B,21.21%,$3.93B,$0.02B,0.56%,$3.93B,$0.08B,1.96%,$3.93B,$0.11B,2.87%,$3.93B,$0.02B,0.58%,$3.93B,$0.04B,0.94%,$0.04B,$2.48B,1.49%,$0.04B,$2.30B,1.61%,$0.04B,$12.60B,0.35%,$0.02B,$3.40B,0.67%,$1136,$687,$449,$0,$0,$1072,$64,$0,$64,$17,$46,$46,$50,$97,$80,$45,46,$1.09,$1.09,$820,$0,$0,$4251,$0,$6793,$186,$516,$8348,$12599,$8431,$911,$643,$1683,$10115,$1,$1211,$210,$2484,$12599,$37,$37,$-16,$21,$21,$0,$79,$18,$166,$222,$-17,$0,$288,$3,$-91,$-88,$0,$183,$239,$0,$239,$-18,$-18,$-51,$-43,$127,$530,$12,$-51
28,2011-09-30,30.01,$55.04,0.55,$79.39,0.38,$10.32,2.91,$1.00,30.01,$4.33B,$8.53B,0.51,$0.90B,$2.46B,0.37,$3.63B,$0.64B,17.55%,$3.63B,$0.03B,0.77%,$3.63B,$0.08B,2.18%,$3.63B,$0.11B,2.89%,$3.63B,$0.03B,0.80%,$3.63B,$0.04B,1.16%,$0.04B,$2.46B,1.70%,$0.04B,$2.25B,1.84%,$0.04B,$12.69B,0.43%,$0.03B,$3.36B,0.87%,$1108,$957,$151,$0,$0,$1127,$-19,$0,$-19,$-9,$-10,$-10,$-10,$5,$-2,$45,45,$-0.22,$-0.22,$923,$0,$0,$4330,$0,$6774,$201,$527,$8355,$12685,$8527,$902,$673,$1703,$10230,$1,$1201,$192,$2455,$12685,$-13,$20,$10,$30,$-13,$0,$255,$-13,$292,$286,$-10,$0,$268,$-2,$-25,$-27,$0,$231,$228,$0,$228,$-16,$-16,$-38,$-33,$141,$632,$10,$-38
29,2011-06-30,31.63,$54.98,0.58,$72.53,0.44,$3.74,8.45,$2.36,13.4,$2.76B,$4.99B,0.55,$0.86B,$2.49B,0.35,$3.33B,$0.66B,19.91%,$3.33B,$0.12B,3.61%,$3.33B,$0.17B,4.99%,$3.33B,$0.19B,5.77%,$3.33B,$0.12B,3.64%,$3.33B,$0.10B,3.13%,$0.10B,$2.49B,4.20%,$0.10B,$2.31B,4.52%,$0.10B,$8.98B,1.20%,$0.12B,$3.34B,3.82%,$854,$780,$74,$0,$0,$914,$-60,$0,$-60,$-27,$-33,$-33,$-32,$-44,$-49,$45,45,$-0.71,$-0.71,$722,$0,$0,$2763,$0,$4960,$179,$429,$6218,$8981,$4993,$858,$519,$1504,$6496,$1,$1223,$183,$2485,$8981,$-3,$13,$-2,$11,$-14,$0,$157,$-3,$129,$103,$-5,$0,$0,$0,$137,$137,$-2,$131,$248,$0,$248,$4,$4,$-25,$-31,$196,$431,$7,$-25
30,2011-03-31,37.69,$55.06,0.68,$70.60,0.53,$-0.55,0.0,$3.11,12.12,$2.24B,$4.86B,0.46,$0.56B,$2.49B,0.23,$3.24B,$0.70B,21.46%,$3.24B,$0.18B,5.65%,$3.24B,$0.23B,7.10%,$3.24B,$0.26B,7.93%,$3.24B,$0.18B,5.68%,$3.24B,$0.14B,4.26%,$0.14B,$2.49B,5.64%,$0.14B,$2.31B,6.09%,$0.14B,$8.52B,1.62%,$0.18B,$3.05B,5.99%,$834,$674,$160,$0,$0,$796,$38,$0,$38,$10,$28,$28,$29,$55,$48,$45,46,$0.65,$0.64,$219,$0,$0,$2240,$0,$5068,$179,$383,$6275,$8515,$4856,$561,$480,$1170,$6026,$1,$1267,$145,$2489,$8515,$29,$7,$9,$16,$1,$0,$26,$5,$-32,$24,$-2,$0,$0,$0,$-35,$-35,$0,$-38,$-48,$0,$-48,$4,$4,$-13,$-4,$-61,$-72,$4,$-13
31,2010-12-31,38.46,$54.80,0.7,$67.97,0.57,$-3.57,0.0,$3.34,11.51,$2.32B,$4.83B,0.48,$0.61B,$2.46B,0.25,$3.15B,$0.70B,22.08%,$3.15B,$0.21B,6.50%,$3.15B,$0.25B,7.96%,$3.15B,$0.28B,8.79%,$3.15B,$0.21B,6.50%,$3.15B,$0.15B,4.79%,$0.15B,$2.46B,6.30%,$0.15B,$2.28B,6.80%,$0.15B,$8.57B,1.80%,$0.21B,$3.07B,6.77%,$833,$582,$252,$0,$0,$763,$70,$0,$70,$16,$54,$54,$55,$89,$82,$46,46,$1.23,$1.20,$290,$0,$0,$2317,$0,$5020,$179,$398,$6253,$8570,$4832,$606,$542,$1277,$6109,$1,$1247,$137,$2461,$8570,$151,$27,$32,$59,$-243,$0,$288,$-53,$-93,$84,$-11,$0,$-13,$3,$-78,$-75,$0,$-99,$169,$0,$169,$-123,$-123,$-47,$-8,$-9,$-26,$11,$-47
32,2010-09-30,38.48,$55.21,0.7,$64.26,0.6,$-3.55,0.0,$3.21,11.99,$2.31B,$4.82B,0.48,$0.64B,$2.48B,0.26,$3.05B,$0.61B,20.14%,$3.05B,$0.21B,6.85%,$3.05B,$0.28B,9.12%,$3.05B,$0.27B,8.82%,$3.05B,$0.21B,6.85%,$3.05B,$0.15B,5.02%,$0.15B,$2.48B,6.45%,$0.15B,$2.30B,6.96%,$0.15B,$8.60B,1.85%,$0.21B,$3.12B,7.07%,$804,$628,$176,$0,$0,$731,$73,$0,$73,$22,$51,$51,$52,$92,$85,$45,46,$1.16,$1.15,$272,$0,$0,$2310,$0,$5125,$179,$386,$6287,$8597,$4819,$640,$524,$1299,$6118,$1,$1201,$203,$2479,$8597,$96,$19,$40,$60,$-257,$0,$276,$-59,$-144,$-15,$-7,$0,$-13,$0,$-34,$-34,$0,$-53,$205,$0,$205,$-121,$-121,$-36,$-23,$25,$-45,$9,$-36
33,2010-06-30,35.41,$52.61,0.67,$60.50,0.59,$-2.68,0.0,$3.03,11.69,$2.24B,$4.76B,0.47,$0.63B,$2.35B,0.27,$2.95B,$0.60B,20.21%,$2.95B,$0.20B,6.87%,$2.95B,$0.26B,8.80%,$2.95B,$0.25B,8.56%,$2.95B,$0.20B,6.91%,$2.95B,$0.15B,5.11%,$0.15B,$2.35B,6.41%,$0.15B,$2.17B,6.92%,$0.15B,$8.37B,1.85%,$0.20B,$2.98B,7.03%,$768,$661,$107,$0,$0,$765,$3,$0,$3,$1,$2,$2,$2,$21,$15,$45,46,$0.05,$0.05,$261,$0,$0,$2240,$0,$4926,$179,$424,$6133,$8373,$4756,$632,$501,$1266,$6022,$1,$1163,$126,$2352,$8373,$44,$13,$43,$56,$-172,$0,$190,$-42,$-172,$-93,$-4,$0,$-13,$0,$54,$54,$0,$37,$198,$0,$198,$-128,$-128,$-24,$-45,$1,$-56,$6,$-24
34,2010-03-31,35.3,$51.62,0.68,$57.17,0.62,$-1.51,0.0,$4.23,8.35,$2.05B,$4.61B,0.45,$0.63B,$2.30B,0.28,$2.88B,$0.65B,22.48%,$2.88B,$0.26B,9.09%,$2.88B,$0.31B,10.65%,$2.88B,$0.30B,10.48%,$2.88B,$0.30B,10.34%,$2.88B,$0.21B,7.39%,$0.21B,$2.30B,9.17%,$0.21B,$2.13B,9.90%,$0.21B,$8.07B,2.67%,$0.26B,$2.94B,9.44%,$747,$586,$161,$0,$0,$687,$59,$0,$59,$17,$42,$42,$42,$75,$69,$48,48,$0.88,$0.87,$209,$0,$0,$2052,$0,$4871,$171,$369,$6016,$8069,$4605,$632,$396,$1161,$5766,$1,$1174,$68,$2302,$8069,$42,$7,$38,$45,$-40,$0,$44,$-19,$-193,$-120,$-2,$0,$-7,$0,$4,$4,$0,$-5,$198,$0,$198,$-125,$-125,$-12,$-43,$18,$-107,$3,$-12
35,2009-12-31,35.75,$49.65,0.72,$55.28,0.65,$-0.17,0.0,$3.86,9.26,$2.11B,$4.51B,0.47,$0.43B,$2.36B,0.18,$2.83B,$0.62B,21.70%,$2.83B,$0.24B,8.33%,$2.83B,$0.27B,9.56%,$2.83B,$0.27B,9.46%,$2.83B,$0.27B,9.60%,$2.83B,$0.20B,6.95%,$0.20B,$2.36B,8.80%,$0.20B,$2.19B,9.52%,$0.20B,$8.04B,2.50%,$0.24B,$2.79B,8.85%,$730,$561,$170,$0,$0,$657,$74,$0,$74,$18,$56,$56,$57,$81,$109,$51,51,$1.15,$1.14,$317,$0,$0,$2105,$0,$4769,$171,$351,$5938,$8043,$4513,$434,$603,$1171,$5684,$1,$1141,$29,$2359,$8043,$197,$32,$-1,$31,$-72,$0,$10,$-22,$-129,$92,$-10,$0,$-24,$0,$-140,$-140,$0,$-174,$-1,$0,$-1,$-145,$-145,$-38,$53,$-130,$-81,$12,$-38
36,2009-09-30,32.69,$48.05,0.68,$53.71,0.61,$2.11,15.51,$3.38,9.67,$1.96B,$4.47B,0.44,$0.43B,$2.41B,0.18,$2.76B,$0.58B,20.85%,$2.76B,$0.21B,7.71%,$2.76B,$0.21B,7.71%,$2.76B,$0.24B,8.65%,$2.76B,$0.25B,9.02%,$2.76B,$0.17B,6.30%,$0.17B,$2.41B,8.20%,$0.17B,$2.24B,8.92%,$0.17B,$8.09B,2.12%,$0.21B,$2.84B,8.28%,$709,$550,$159,$0,$0,$641,$67,$0,$68,$19,$49,$49,$50,$76,$67,$51,51,$0.98,$0.97,$233,$0,$0,$1961,$0,$5018,$170,$310,$6127,$8089,$4472,$434,$645,$1209,$5682,$1,$1121,$-11,$2407,$8089,$140,$24,$-0,$24,$-8,$0,$-37,$-22,$-147,$27,$-7,$0,$-2,$0,$-348,$-348,$2,$-356,$-1,$0,$-1,$-35,$-35,$0,$76,$41,$-165,$9,$0
37,2009-06-30,30.15,$43.72,0.69,$52.46,0.57,$4.99,6.04,$1.20,25.12,$2.01B,$4.46B,0.45,$0.31B,$2.22B,0.14,$2.70B,$0.45B,16.51%,$2.70B,$0.10B,3.60%,$2.70B,$0.10B,3.60%,$2.70B,$0.12B,4.38%,$2.70B,$0.13B,4.90%,$2.70B,$0.06B,2.30%,$0.06B,$2.22B,3.06%,$0.06B,$2.05B,3.32%,$0.06B,$7.75B,0.73%,$0.10B,$2.53B,3.88%,$696,$539,$158,$0,$0,$634,$62,$34,$97,$34,$63,$63,$64,$70,$62,$51,51,$1.26,$1.25,$281,$0,$0,$2013,$0,$4590,$170,$323,$5734,$7748,$4462,$310,$623,$1065,$5527,$1,$1073,$-173,$2221,$7748,$90,$15,$-4,$11,$-19,$0,$-48,$-6,$-146,$-45,$-4,$0,$-2,$0,$-99,$-99,$3,$-103,$-125,$0,$-125,$-7,$-7,$0,$31,$-101,$-117,$6,$0
38,2009-03-31,22.8,$38.66,0.59,$52.14,0.44,$7.05,3.23,$-0.25,0.0,$2.05B,$4.45B,0.46,$0.53B,$1.97B,0.27,$2.68B,$0.45B,16.69%,$2.68B,$0.11B,4.17%,$2.68B,$0.11B,4.17%,$2.68B,$0.13B,4.77%,$2.68B,$0.11B,4.17%,$2.68B,$-0.01B,-0.45%,$-0.01B,$1.97B,-0.59%,$-0.01B,$1.80B,-0.64%,$-0.01B,$7.70B,-0.13%,$0.11B,$2.50B,4.39%,$699,$571,$128,$0,$0,$666,$33,$0,$33,$13,$20,$20,$26,$41,$33,$51,51,$0.51,$0.50,$346,$0,$0,$2046,$0,$4498,$170,$321,$5653,$7698,$4450,$531,$615,$1281,$5731,$1,$976,$-333,$1968,$7698,$26,$7,$4,$11,$1,$0,$-43,$-1,$-102,$-62,$-0,$0,$-2,$0,$-120,$-120,$0,$-122,$0,$0,$0,$0,$0,$0,$1,$1,$-52,$3,$0
39,2008-12-31,33.99,$37.08,0.92,$51.84,0.66,$6.62,5.13,$0.37,91.86,$2.11B,$4.51B,0.47,$0.53B,$1.89B,0.28,$2.68B,$0.50B,18.58%,$2.68B,$0.17B,6.16%,$2.68B,$0.17B,6.16%,$2.68B,$0.18B,6.57%,$2.68B,$0.17B,6.16%,$2.68B,$0.02B,0.78%,$0.02B,$1.89B,0.99%,$0.02B,$1.72B,1.06%,$0.02B,$9.23B,0.22%,$0.17B,$2.42B,6.27%,$658,$527,$131,$0,$0,$607,$51,$0,$51,$28,$23,$23,$34,$52,$51,$51,52,$0.68,$0.69,$398,$0,$0,$2106,$0,$4319,$170,$316,$7124,$9230,$4511,$531,$622,$2832,$7343,$1,$950,$-385,$1887,$9230,$21,$12,$232,$244,$192,$0,$-157,$-7,$-76,$210,$-10,$0,$-100,$14,$285,$299,$-0,$189,$-21,$0,$-21,$-50,$-50,$-23,$-50,$-145,$187,$12,$-23
40,2008-09-30,35.57,$40.08,0.89,$51.31,0.69,$3.97,8.95,$1.15,30.93,$1.92B,$4.38B,0.44,$0.51B,$2.04B,0.25,$2.66B,$0.54B,20.22%,$2.66B,$0.20B,7.48%,$2.66B,$0.20B,7.48%,$2.66B,$0.22B,8.15%,$2.66B,$0.20B,7.48%,$2.66B,$0.06B,2.37%,$0.06B,$2.04B,2.84%,$0.06B,$1.91B,3.02%,$0.06B,$9.26B,0.66%,$0.20B,$2.55B,7.29%,$642,$614,$28,$0,$0,$691,$-49,$0,$-49,$-6,$-44,$-44,$-62,$-45,$-49,$51,51,$-1.21,$-1.21,$314,$0,$0,$1916,$0,$4509,$132,$2175,$7339,$9255,$4377,$512,$2326,$2838,$7215,$1,$939,$-218,$2040,$9255,$-14,$11,$179,$190,$156,$0,$-60,$-17,$-24,$175,$-7,$0,$-26,$14,$50,$63,$1,$30,$-21,$0,$-21,$-51,$-51,$0,$9,$-63,$104,$9,$0
41,2008-06-30,33.21,$43.56,0.76,$51.51,0.64,$1.34,24.78,$3.39,9.8,$1.90B,$4.31B,0.44,$0.51B,$2.21B,0.23,$2.69B,$0.68B,25.12%,$2.69B,$0.33B,12.11%,$2.69B,$0.33B,12.11%,$2.69B,$0.34B,12.78%,$2.69B,$0.33B,12.11%,$2.69B,$0.18B,6.65%,$0.18B,$2.21B,7.93%,$0.18B,$2.08B,8.41%,$0.18B,$9.46B,1.84%,$0.33B,$2.73B,11.77%,$685,$524,$161,$0,$0,$608,$77,$0,$77,$29,$48,$48,$-10,$80,$77,$51,52,$-0.20,$-0.20,$309,$0,$0,$1897,$0,$4634,$132,$2271,$7567,$9464,$4305,$512,$2434,$2946,$7251,$1,$1002,$-100,$2213,$9464,$48,$7,$105,$111,$114,$0,$-116,$-9,$-102,$63,$-6,$0,$-26,$14,$56,$70,$1,$38,$0,$0,$0,$-54,$-54,$0,$4,$-51,$98,$6,$0
42,2008-03-31,32.15,$45.24,0.71,$51.00,0.63,$0.88,36.51,$4.73,6.8,$2.14B,$5.73B,0.37,$0.51B,$2.32B,0.22,$2.67B,$0.69B,25.68%,$2.67B,$0.34B,12.58%,$2.67B,$0.34B,12.58%,$2.67B,$0.36B,13.29%,$2.67B,$0.34B,12.58%,$2.67B,$0.25B,9.32%,$0.25B,$2.32B,11.18%,$0.25B,$2.19B,11.85%,$0.25B,$9.70B,2.54%,$0.34B,$2.83B,12.26%,$695,$518,$178,$0,$0,$609,$86,$0,$86,$29,$57,$57,$59,$89,$86,$52,52,$1.13,$1.12,$233,$0,$0,$2144,$0,$5950,$132,$904,$7557,$9701,$5727,$512,$1141,$1653,$7380,$1,$1013,$-24,$2321,$9701,$59,$3,$20,$23,$-29,$0,$-68,$-6,$-159,$-81,$-4,$0,$-2,$12,$61,$73,$0,$67,$0,$37,$37,$-30,$-30,$0,$-16,$-10,$33,$3,$0
43,2007-12-31,35.79,$44.38,0.81,$51.16,0.7,$1.68,21.29,$4.83,7.41,$1.91B,$4.37B,0.44,$0.51B,$2.30B,0.22,$2.67B,$0.69B,25.92%,$2.67B,$0.34B,12.79%,$2.67B,$0.34B,12.79%,$2.67B,$0.36B,13.58%,$2.67B,$0.34B,12.79%,$2.67B,$0.25B,9.50%,$0.25B,$2.30B,11.69%,$0.25B,$2.17B,12.39%,$0.25B,$9.82B,2.59%,$0.34B,$2.81B,12.74%,$639,$468,$171,$0,$0,$554,$85,$0,$85,$29,$56,$56,$76,$93,$85,$52,52,$1.46,$1.44,$211,$0,$0,$1905,$0,$4755,$126,$2483,$7911,$9816,$4369,$512,$2636,$3148,$7517,$1,$947,$-20,$2299,$9816,$253,$22,$94,$115,$-47,$0,$-92,$-16,$-296,$73,$-10,$0,$-4,$-11,$-48,$-59,$0,$-72,$0,$0,$0,$22,$22,$-21,$-100,$-98,$-106,$16,$-21
44,2007-09-30,34.21,$42.33,0.81,$48.84,0.7,$1.10,31.22,$4.27,8.01,$2.26B,$5.87B,0.39,$0.51B,$2.19B,0.23,$2.55B,$0.64B,25.17%,$2.55B,$0.32B,12.58%,$2.55B,$0.32B,12.58%,$2.55B,$0.34B,13.29%,$2.55B,$0.32B,12.58%,$2.55B,$0.22B,8.78%,$0.22B,$2.19B,10.68%,$0.22B,$2.07B,11.34%,$0.22B,$9.85B,2.28%,$0.32B,$2.71B,12.31%,$672,$506,$166,$0,$0,$594,$78,$0,$78,$26,$52,$52,$54,$82,$78,$52,53,$1.04,$1.03,$230,$0,$0,$2264,$0,$6013,$126,$830,$7581,$9845,$5865,$514,$1274,$1788,$7653,$1,$893,$-67,$2193,$9845,$177,$14,$46,$60,$-42,$0,$-32,$-25,$-204,$40,$-7,$0,$-17,$-20,$-57,$-77,$0,$-100,$0,$0,$0,$22,$22,$0,$-105,$-83,$-110,$11,$0
45,2007-06-30,37.77,$40.53,0.93,$49.13,0.77,$-0.53,0.0,$3.89,9.71,$2.29B,$5.82B,0.39,$0.51B,$2.10B,0.24,$2.55B,$0.63B,24.55%,$2.55B,$0.29B,11.22%,$2.55B,$0.29B,11.22%,$2.55B,$0.31B,12.00%,$2.55B,$0.29B,11.22%,$2.55B,$0.20B,7.96%,$0.20B,$2.10B,10.01%,$0.20B,$1.98B,10.65%,$0.20B,$9.81B,2.07%,$0.29B,$2.61B,11.28%,$665,$494,$171,$0,$0,$578,$87,$0,$87,$30,$57,$57,$60,$91,$87,$52,52,$1.16,$1.14,$301,$0,$0,$2286,$0,$5900,$121,$840,$7520,$9806,$5821,$509,$1376,$1885,$7706,$1,$839,$-102,$2099,$9806,$123,$10,$28,$37,$-9,$0,$-13,$-15,$-121,$38,$-4,$0,$0,$-32,$-22,$-55,$0,$-59,$0,$0,$0,$21,$21,$0,$-72,$-51,$-71,$8,$0
46,2007-03-31,35.71,$40.95,0.87,$49.09,0.73,$-2.09,0.0,$3.74,9.55,$2.18B,$5.84B,0.37,$0.51B,$2.10B,0.24,$2.54B,$0.64B,25.05%,$2.54B,$0.28B,10.91%,$2.54B,$0.28B,10.91%,$2.54B,$0.30B,11.78%,$2.54B,$0.28B,10.91%,$2.54B,$0.19B,7.64%,$0.19B,$2.10B,9.98%,$0.19B,$1.98B,10.65%,$0.19B,$9.78B,1.98%,$0.28B,$2.61B,11.29%,$698,$513,$185,$0,$0,$606,$92,$0,$92,$28,$64,$64,$64,$97,$92,$51,52,$1.24,$1.22,$219,$0,$0,$2181,$0,$5977,$121,$842,$7595,$9776,$5837,$509,$1330,$1839,$7676,$1,$783,$-21,$2101,$9776,$64,$5,$8,$13,$-6,$0,$-4,$-9,$-118,$-41,$-2,$0,$0,$-18,$-11,$-29,$0,$-31,$0,$0,$0,$6,$6,$0,$-88,$-83,$-151,$4,$0
47,2006-12-31,37.78,$39.12,0.97,$48.03,0.79,$-3.77,0.0,$3.27,11.55,$2.31B,$5.84B,0.4,$0.51B,$2.00B,0.26,$2.51B,$0.64B,25.62%,$2.51B,$0.27B,10.77%,$2.51B,$0.27B,10.77%,$2.51B,$0.29B,11.69%,$2.51B,$0.27B,10.77%,$2.51B,$0.17B,6.82%,$0.17B,$2.00B,9.09%,$0.17B,$1.88B,9.74%,$0.17B,$9.86B,1.73%,$0.27B,$2.51B,11.30%,$516,$396,$120,$0,$0,$452,$64,$0,$64,$22,$42,$42,$46,$69,$64,$52,52,$0.89,$0.88,$373,$0,$0,$2308,$0,$5937,$121,$872,$7549,$9857,$5839,$509,$1510,$2019,$7857,$1,$712,$-40,$1999,$9857,$170,$21,$109,$130,$152,$0,$-329,$-21,$-254,$42,$-9,$0,$69,$-16,$82,$66,$-28,$98,$-284,$0,$-284,$-155,$-155,$-15,$-14,$-469,$-346,$17,$-15
