,Date,Stock Price,Book Value per Share,Price to Book Ratio,TTM Sales per Share,Price to Sales Ratio,TTM FCF per Share,Price to FCF Ratio,TTM Net EPS,PE Ratio,Current Assets,Current Liabilities,Current Ratio,Long Term Debt,Shareholder's Equity_x,Debt to Equity Ratio,TTM Revenue_x,TTM Gross Profit,Gross Margin,TTM Revenue_y,TTM Operating Income,Operating Margin,TTM Revenue_x,TTM EBIT,EBIT Margin,TTM Revenue_y,TTM EBITDA,EBITDA Margin,TTM Revenue_x,TTM Pre-Tax Income,Pre-Tax Margin,TTM Revenue_y,TTM Net Income_x,Net Margin,TTM Net Income_y,Shareholder's Equity_y,Return on Equity,TTM Net Income_x,Tangible Equity,Return on Tangible Equity,TTM Net Income_y,Total Assets,Return on Assets,TTM Net Income,LT Investments & Debt,Return on Investment,revenue,cost-goods-sold,gross-profit,research-development-expenses,selling-general-administrative-expenses,operating-expenses,operating-income,total-non-operating-income-expense,pre-tax-income,total-provision-income-taxes,income-after-taxes,income-from-continuous-operations,net-income,ebitda,ebit,basic-shares-outstanding,shares-outstanding,eps-basic-net-earnings-per-share,eps-earnings-per-share-diluted,cash-on-hand,inventory,other-current-assets,total-current-assets,net-property-plant-equipment,long-term-investments,goodwill-intangible-assets-total,other-long-term-assets,total-long-term-assets,total-assets,total-current-liabilities,long-term-debt,other-non-current-liabilities,total-long-term-liabilities,total-liabilities,common-stock-net,retained-earnings-accumulated-deficit,comprehensive-income,total-share-holder-equity,total-liabilities-share-holders-equity,net-income-loss,total-depreciation-amortization-cash-flow,other-non-cash-items,total-non-cash-items,change-in-accounts-receivable,change-in-inventories,change-in-accounts-payable,change-in-assets-liabilities,total-change-in-assets-liabilities,cash-flow-from-operating-activities,net-change-in-property-plant-equipment,net-change-in-intangible-assets,net-acquisitions-divestitures,net-change-in-short-term-investments,net-change-in-long-term-investments,net-change-in-investments-total,investing-activities-other,cash-flow-from-investing-activities,net-long-term-debt,net-current-debt,debt-issuance-retirement-net-total,net-common-equity-issued-repurchased,net-total-equity-issued-repurchased,total-common-preferred-stock-dividends-paid,financial-activities-other,cash-flow-from-financial-activities,net-cash-flow,stock-based-compensation,common-stock-dividends-paid
0,2018-07-31,94.85,$36.77,2.58,$157.61,0.6,$7.81,12.14,$8.14,11.65,$1.31B,$0.77B,1.71,$0.00B,$1.94B,0.0,$8.33B,$1.16B,13.97%,$8.33B,$0.63B,7.58%,$8.33B,$0.63B,7.58%,$8.33B,$0.73B,8.72%,$8.33B,$0.63B,7.60%,$8.33B,$0.43B,5.16%,$0.43B,$1.94B,23.77%,$0.43B,$1.17B,42.06%,$0.43B,$2.78B,15.55%,$0.63B,$1.94B,33.72%,$1874,$1630,$244,$0,$107,$1750,$124,$0,$124,$36,$88,$88,$88,$148,$124,$53,53,$1.68,$1.67,$275,$538,$0,$1312,$522,$48,$766,$52,$1467,$2779,$769,$0,$72,$72,$841,$6,$2023,$0,$1938,$2779,$430,$95,$30,$125,$-2,$-77,$-41,$2,$-89,$467,$-134,$0,$0,$0,$-50,$-50,$1,$-183,$-145,$0,$-145,$0,$0,$-78,$-8,$-231,$52,$17,$-78
1,2018-04-30,105.74,$35.40,2.99,$158.82,0.67,$7.39,14.31,$8.73,12.11,$1.43B,$0.86B,1.67,$0.08B,$1.87B,0.04,$8.39B,$1.22B,14.55%,$8.39B,$0.68B,8.15%,$8.39B,$0.68B,8.15%,$8.39B,$0.78B,9.28%,$8.39B,$0.69B,8.16%,$8.39B,$0.46B,5.49%,$0.46B,$1.87B,26.82%,$0.46B,$1.09B,50.22%,$0.46B,$2.87B,17.01%,$0.68B,$1.95B,37.63%,$2252,$1935,$317,$0,$119,$2068,$183,$-3,$181,$47,$134,$134,$134,$207,$183,$53,53,$2.54,$2.53,$147,$607,$0,$1427,$491,$47,$780,$47,$1439,$2866,$856,$80,$65,$145,$1001,$6,$1954,$0,$1866,$2866,$342,$71,$30,$100,$-173,$-147,$30,$-4,$-245,$197,$-96,$0,$0,$0,$-47,$-47,$1,$-142,$-124,$0,$-124,$0,$0,$0,$-8,$-131,$-76,$13,$0
2,2018-01-31,135.7,$33.17,4.09,$154.41,0.88,$7.53,18.03,$8.31,16.33,$1.33B,$0.82B,1.63,$0.08B,$1.75B,0.05,$8.15B,$1.20B,14.69%,$8.15B,$0.67B,8.20%,$8.15B,$0.67B,8.20%,$8.15B,$0.76B,9.37%,$8.15B,$0.67B,8.22%,$8.15B,$0.44B,5.37%,$0.44B,$1.75B,27.03%,$0.44B,$0.95B,54.38%,$0.44B,$2.71B,16.56%,$0.67B,$1.83B,37.74%,$1972,$1701,$270,$0,$117,$1832,$139,$2,$141,$61,$80,$80,$80,$163,$139,$53,53,$1.51,$1.51,$110,$590,$0,$1334,$466,$0,$794,$45,$1375,$2709,$817,$80,$64,$144,$961,$6,$1840,$0,$1748,$2709,$208,$47,$31,$77,$-139,$-130,$27,$2,$-229,$57,$-59,$0,$0,$0,$0,$0,$1,$-58,$-65,$0,$-65,$0,$0,$-39,$-8,$-112,$-113,$9,$-39
3,2017-10-31,134.93,$31.96,4.22,$147.23,0.92,$7.70,17.53,$8.03,16.8,$1.32B,$0.88B,1.5,$0.09B,$1.68B,0.05,$7.77B,$1.14B,14.67%,$7.77B,$0.63B,8.09%,$7.77B,$0.63B,8.09%,$7.77B,$0.73B,9.33%,$7.77B,$0.63B,8.07%,$7.77B,$0.42B,5.44%,$0.42B,$1.68B,27.70%,$0.42B,$0.88B,60.60%,$0.42B,$2.71B,16.43%,$0.63B,$1.77B,36.13%,$2232,$1898,$333,$0,$134,$2046,$185,$2,$187,$59,$128,$128,$128,$208,$185,$53,53,$2.44,$2.43,$151,$517,$0,$1318,$446,$0,$808,$40,$1392,$2710,$877,$90,$58,$148,$1026,$6,$1780,$0,$1684,$2710,$128,$23,$-3,$21,$-153,$-57,$33,$1,$-136,$13,$-31,$0,$0,$0,$0,$0,$1,$-30,$-55,$0,$-55,$0,$0,$0,$0,$-55,$-72,$4,$0
4,2017-07-31,104.06,$29.98,3.47,$137.39,0.76,$7.64,13.63,$7.09,14.68,$1.18B,$0.78B,1.51,$0.15B,$1.58B,0.09,$7.25B,$1.04B,14.40%,$7.25B,$0.56B,7.73%,$7.25B,$0.56B,7.73%,$7.25B,$0.66B,9.11%,$7.25B,$0.56B,7.67%,$7.25B,$0.37B,5.16%,$0.37B,$1.58B,26.01%,$0.37B,$0.76B,63.02%,$0.37B,$2.56B,15.00%,$0.56B,$1.72B,32.67%,$1935,$1633,$301,$0,$109,$1758,$177,$-1,$176,$57,$119,$119,$119,$201,$177,$53,53,$2.27,$2.26,$223,$460,$0,$1180,$425,$0,$821,$38,$1378,$2558,$781,$145,$55,$200,$981,$6,$1671,$0,$1577,$2558,$374,$100,$-29,$71,$-92,$-57,$67,$-7,$-25,$419,$-110,$0,$-5,$0,$0,$0,$-1,$-117,$-215,$0,$-215,$0,$0,$-69,$-5,$-289,$13,$13,$-69
5,2017-04-30,94.71,$27.99,3.38,$125.30,0.76,$7.28,13.0,$6.40,14.8,$1.27B,$0.78B,1.63,$0.30B,$1.47B,0.2,$6.61B,$0.97B,14.62%,$6.61B,$0.51B,7.66%,$6.61B,$0.51B,7.66%,$6.61B,$0.60B,9.08%,$6.61B,$0.50B,7.61%,$6.61B,$0.34B,5.12%,$0.34B,$1.47B,24.86%,$0.34B,$0.64B,67.63%,$0.34B,$2.60B,13.88%,$0.51B,$1.77B,29.95%,$2015,$1721,$294,$0,$111,$1848,$168,$-1,$166,$55,$111,$111,$111,$192,$168,$53,53,$2.12,$2.11,$189,$460,$0,$1271,$395,$0,$836,$35,$1329,$2600,$778,$295,$55,$350,$1128,$6,$1569,$0,$1472,$2600,$255,$75,$-2,$73,$-223,$-56,$86,$2,$-145,$183,$-75,$0,$-5,$0,$0,$0,$-2,$-81,$-117,$0,$-117,$0,$0,$0,$-5,$-122,$-20,$9,$0
6,2017-01-31,101.58,$26.16,3.88,$111.53,0.91,$7.25,14.01,$5.78,17.57,$1.12B,$0.68B,1.64,$0.33B,$1.38B,0.24,$5.88B,$0.87B,14.88%,$5.88B,$0.45B,7.71%,$5.88B,$0.45B,7.71%,$5.88B,$0.54B,9.12%,$5.88B,$0.45B,7.71%,$5.88B,$0.31B,5.21%,$0.31B,$1.38B,23.71%,$0.31B,$0.52B,58.17%,$0.31B,$2.43B,13.85%,$0.45B,$1.70B,29.28%,$1589,$1377,$212,$0,$97,$1489,$99,$-1,$98,$34,$65,$65,$65,$124,$99,$53,53,$1.23,$1.23,$135,$478,$0,$1116,$375,$0,$852,$32,$1317,$2432,$681,$325,$51,$376,$1057,$6,$1475,$0,$1376,$2432,$144,$51,$-1,$51,$-97,$-74,$29,$-6,$-141,$53,$-46,$0,$-5,$0,$0,$0,$-2,$-54,$-35,$0,$-35,$0,$0,$-35,$-5,$-74,$-75,$6,$-35
7,2016-10-31,77.59,$25.21,3.08,$99.96,0.78,$7.65,10.15,$5.40,14.37,$1.07B,$0.67B,1.61,$0.34B,$1.33B,0.26,$5.26B,$0.81B,15.42%,$5.26B,$0.43B,8.17%,$5.26B,$0.43B,8.17%,$5.26B,$0.50B,9.48%,$5.26B,$0.42B,8.00%,$5.26B,$0.29B,5.44%,$0.29B,$1.33B,23.26%,$0.29B,$0.46B,50.82%,$0.29B,$2.38B,14.32%,$0.43B,$1.67B,30.62%,$1709,$1472,$237,$0,$102,$1592,$116,$-0,$116,$37,$79,$79,$79,$143,$116,$53,53,$1.50,$1.49,$162,$417,$0,$1070,$360,$0,$867,$29,$1312,$2382,$665,$340,$51,$391,$1056,$6,$1427,$0,$1326,$2382,$79,$27,$-2,$25,$-86,$-13,$-1,$0,$-103,$1,$-22,$0,$-5,$0,$0,$0,$-3,$-29,$-20,$0,$-20,$0,$0,$0,$0,$-20,$-48,$3,$0
8,2016-07-31,74.58,$24.11,3.09,$87.15,0.86,$8.09,9.21,$4.87,15.31,$1.02B,$0.65B,1.56,$0.36B,$1.27B,0.29,$4.58B,$0.73B,15.84%,$4.58B,$0.39B,8.56%,$4.58B,$0.39B,8.56%,$4.58B,$0.45B,9.71%,$4.58B,$0.38B,8.36%,$4.58B,$0.26B,5.61%,$0.26B,$1.27B,21.91%,$0.26B,$0.38B,42.53%,$0.26B,$2.33B,14.32%,$0.39B,$1.63B,31.04%,$1293,$1069,$223,$0,$90,$1169,$123,$0,$123,$41,$83,$83,$83,$141,$123,$52,53,$1.58,$1.58,$210,$404,$0,$1017,$344,$0,$885,$26,$1309,$2325,$652,$360,$49,$409,$1060,$6,$1366,$0,$1265,$2325,$257,$53,$4,$57,$-16,$-16,$29,$5,$28,$341,$-52,$0,$-558,$0,$0,$0,$8,$-601,$360,$0,$360,$0,$0,$-63,$-10,$287,$26,$9,$-63
9,2016-04-30,62.09,$22.79,2.72,$82.43,0.75,$6.45,9.62,$4.61,13.47,$0.97B,$0.44B,2.21,$0.00B,$1.20B,0.0,$4.35B,$0.67B,15.50%,$4.35B,$0.37B,8.42%,$4.35B,$0.37B,8.42%,$4.35B,$0.41B,9.45%,$4.35B,$0.36B,8.21%,$4.35B,$0.24B,5.59%,$0.24B,$1.20B,21.64%,$0.24B,$0.74B,37.09%,$0.24B,$1.70B,15.29%,$0.37B,$1.20B,32.59%,$1284,$1082,$202,$0,$81,$1169,$115,$1,$116,$37,$79,$79,$79,$128,$115,$52,53,$1.50,$1.49,$247,$275,$0,$974,$256,$0,$455,$13,$723,$1698,$442,$0,$40,$60,$502,$6,$1299,$0,$1196,$1698,$174,$35,$14,$50,$-112,$-29,$35,$-1,$-78,$145,$-39,$0,$0,$0,$0,$0,$8,$-31,$-47,$0,$-47,$0,$0,$0,$-2,$-50,$64,$7,$0
10,2016-01-31,50.61,$21.56,2.35,$79.97,0.63,$5.61,9.02,$4.29,11.8,$0.87B,$0.40B,2.19,$0.00B,$1.13B,0.0,$4.24B,$0.64B,15.08%,$4.24B,$0.35B,8.14%,$4.24B,$0.35B,8.14%,$4.24B,$0.38B,9.06%,$4.24B,$0.34B,7.93%,$4.24B,$0.23B,5.36%,$0.23B,$1.13B,20.80%,$0.23B,$0.67B,35.59%,$0.23B,$1.59B,14.62%,$0.35B,$1.13B,31.62%,$975,$826,$149,$0,$67,$899,$76,$-10,$66,$21,$45,$45,$45,$87,$76,$52,53,$0.85,$0.85,$185,$275,$0,$868,$247,$0,$461,$11,$718,$1586,$397,$0,$39,$58,$455,$6,$1236,$0,$1131,$1586,$95,$23,$12,$35,$-62,$-28,$19,$-8,$-78,$52,$-24,$0,$0,$0,$0,$0,$8,$-16,$-0,$0,$-0,$0,$0,$-31,$-2,$-34,$2,$5,$-31
11,2015-10-31,51.92,$20.97,2.48,$77.37,0.67,$5.78,8.98,$3.98,13.05,$0.84B,$0.41B,2.05,$0.00B,$1.10B,0.0,$4.11B,$0.59B,14.39%,$4.11B,$0.31B,7.61%,$4.11B,$0.31B,7.61%,$4.11B,$0.35B,8.46%,$4.11B,$0.31B,7.63%,$4.11B,$0.21B,5.13%,$0.21B,$1.10B,19.84%,$0.21B,$0.63B,33.80%,$0.21B,$1.57B,13.88%,$0.31B,$1.10B,29.44%,$1030,$878,$152,$0,$68,$953,$78,$-0,$78,$27,$51,$51,$50,$89,$78,$52,53,$0.96,$0.96,$179,$271,$0,$842,$244,$0,$476,$11,$730,$1572,$410,$0,$39,$62,$472,$6,$1207,$0,$1100,$1572,$50,$11,$4,$16,$-48,$-25,$29,$-6,$-47,$19,$-16,$0,$0,$0,$0,$0,$8,$-8,$-0,$0,$-0,$0,$0,$-16,$0,$-16,$-4,$2,$-16
12,2015-07-31,53.35,$20.33,2.62,$75.01,0.71,$6.50,8.2,$3.75,14.23,$0.78B,$0.38B,2.05,$0.00B,$1.07B,0.0,$4.01B,$0.56B,13.93%,$4.01B,$0.29B,7.26%,$4.01B,$0.29B,7.26%,$4.01B,$0.32B,8.04%,$4.01B,$0.29B,7.31%,$4.01B,$0.20B,4.99%,$0.20B,$1.07B,19.25%,$0.20B,$0.58B,31.97%,$0.20B,$1.50B,13.52%,$0.29B,$1.07B,28.01%,$1058,$887,$171,$0,$70,$961,$97,$0,$97,$29,$69,$69,$69,$107,$97,$53,53,$1.30,$1.30,$183,$246,$0,$776,$234,$0,$482,$12,$727,$1503,$378,$0,$39,$60,$438,$6,$1172,$0,$1065,$1503,$199,$31,$-1,$31,$41,$15,$-27,$-12,$18,$248,$-42,$0,$-194,$0,$0,$0,$1,$-235,$-0,$0,$-0,$-60,$-60,$-57,$-1,$-119,$-106,$7,$-57
13,2015-04-30,57.18,$20.02,2.86,$74.70,0.77,$5.03,11.37,$3.69,15.5,$0.95B,$0.42B,2.25,$0.00B,$1.07B,0.0,$3.99B,$0.54B,13.53%,$3.99B,$0.28B,7.09%,$3.99B,$0.28B,7.09%,$3.99B,$0.31B,7.82%,$3.99B,$0.29B,7.22%,$3.99B,$0.20B,4.96%,$0.20B,$1.07B,19.46%,$0.20B,$0.67B,31.44%,$0.20B,$1.55B,13.60%,$0.28B,$1.07B,27.82%,$1174,$1008,$167,$0,$69,$1081,$94,$1,$95,$31,$64,$64,$63,$101,$94,$53,53,$1.18,$1.17,$259,$257,$0,$948,$193,$0,$398,$11,$602,$1550,$422,$0,$38,$60,$481,$6,$1118,$0,$1069,$1550,$130,$22,$2,$24,$-69,$-28,$30,$-7,$-63,$91,$-29,$0,$-49,$0,$0,$0,$1,$-77,$-43,$0,$-43,$0,$0,$0,$-1,$-45,$-30,$5,$0
14,2015-01-31,53.32,$19.08,2.79,$72.36,0.74,$2.88,18.48,$3.55,15.02,$0.86B,$0.38B,2.28,$0.00B,$1.02B,0.0,$3.86B,$0.52B,13.33%,$3.86B,$0.27B,7.01%,$3.86B,$0.27B,7.01%,$3.86B,$0.30B,7.74%,$3.86B,$0.28B,7.14%,$3.86B,$0.19B,4.92%,$0.19B,$1.02B,19.38%,$0.19B,$0.62B,31.51%,$0.19B,$1.46B,13.46%,$0.27B,$1.02B,27.65%,$852,$750,$102,$0,$54,$809,$44,$0,$44,$14,$30,$30,$29,$51,$44,$53,53,$0.54,$0.54,$248,$244,$0,$861,$183,$0,$402,$10,$595,$1456,$378,$0,$39,$59,$437,$6,$1069,$0,$1019,$1456,$68,$14,$1,$16,$-0,$-15,$10,$-13,$-30,$53,$-16,$0,$-49,$0,$0,$0,$1,$-64,$0,$0,$0,$0,$0,$-29,$-1,$-30,$-41,$3,$-29
15,2014-10-31,49.8,$18.78,2.65,$68.32,0.73,$1.63,30.55,$3.31,15.05,$0.85B,$0.35B,2.45,$0.00B,$1.00B,0.0,$3.65B,$0.48B,13.24%,$3.65B,$0.25B,6.85%,$3.65B,$0.25B,6.85%,$3.65B,$0.28B,7.62%,$3.65B,$0.26B,7.02%,$3.65B,$0.18B,4.85%,$0.18B,$1.00B,18.74%,$0.18B,$0.63B,30.64%,$0.18B,$1.41B,13.02%,$0.25B,$1.00B,26.46%,$922,$804,$118,$0,$58,$866,$56,$1,$57,$18,$39,$39,$39,$63,$56,$53,53,$0.73,$0.73,$314,$222,$0,$851,$175,$0,$373,$10,$558,$1409,$347,$0,$38,$59,$406,$6,$1055,$0,$1003,$1409,$39,$7,$3,$10,$36,$-5,$-14,$-8,$1,$50,$-9,$0,$-3,$0,$0,$0,$0,$-11,$0,$0,$0,$0,$0,$-14,$0,$-14,$24,$2,$-14
16,2014-07-31,49.61,$18.33,2.71,$66.08,0.75,$0.87,57.12,$3.35,14.81,$0.84B,$0.37B,2.28,$0.00B,$0.98B,0.0,$3.53B,$0.47B,13.33%,$3.53B,$0.25B,7.04%,$3.53B,$0.25B,7.04%,$3.53B,$0.28B,7.80%,$3.53B,$0.25B,7.18%,$3.53B,$0.18B,5.08%,$0.18B,$0.98B,19.63%,$0.18B,$0.60B,32.71%,$0.18B,$1.41B,13.39%,$0.25B,$0.98B,27.19%,$1043,$891,$153,$0,$60,$954,$89,$2,$92,$25,$67,$67,$67,$97,$89,$53,53,$1.26,$1.25,$289,$216,$0,$844,$170,$0,$376,$9,$565,$1409,$371,$0,$41,$60,$431,$6,$1030,$0,$978,$1409,$179,$26,$-6,$20,$-9,$-45,$14,$-17,$-49,$149,$-22,$0,$19,$0,$1,$1,$5,$3,$0,$0,$0,$3,$3,$-102,$-0,$-99,$53,$5,$-102
17,2014-04-30,56.78,$17.29,3.29,$63.73,0.89,$0.76,74.87,$3.19,17.8,$0.85B,$0.38B,2.24,$0.00B,$0.92B,0.0,$3.40B,$0.46B,13.46%,$3.40B,$0.24B,7.16%,$3.40B,$0.24B,7.16%,$3.40B,$0.27B,7.89%,$3.40B,$0.24B,7.18%,$3.40B,$0.17B,5.01%,$0.17B,$0.92B,19.09%,$0.17B,$0.56B,31.70%,$0.17B,$1.37B,12.91%,$0.24B,$0.92B,27.28%,$1047,$905,$142,$0,$57,$965,$82,$1,$83,$28,$55,$55,$55,$88,$82,$53,53,$1.03,$1.03,$174,$234,$5,$848,$149,$0,$358,$9,$524,$1372,$380,$0,$51,$71,$451,$6,$976,$0,$921,$1372,$112,$19,$-2,$17,$-125,$-79,$29,$-6,$-163,$-34,$-19,$0,$71,$0,$1,$1,$-48,$6,$0,$0,$0,$2,$2,$-90,$-0,$-88,$-116,$4,$-90
18,2014-01-31,47.74,$16.46,2.9,$61.63,0.77,$2.30,20.74,$2.98,16.02,$0.72B,$0.30B,2.4,$0.00B,$0.88B,0.0,$3.28B,$0.44B,13.42%,$3.28B,$0.23B,7.01%,$3.28B,$0.23B,7.01%,$3.28B,$0.26B,7.81%,$3.28B,$0.23B,7.08%,$3.28B,$0.16B,4.85%,$0.16B,$0.88B,18.27%,$0.16B,$0.52B,30.69%,$0.16B,$1.25B,12.27%,$0.23B,$0.88B,26.43%,$635,$565,$70,$0,$44,$612,$23,$1,$24,$7,$17,$17,$16,$30,$23,$53,53,$0.30,$0.30,$205,$222,$0,$721,$150,$0,$361,$9,$528,$1249,$300,$0,$50,$71,$371,$6,$933,$0,$877,$1249,$57,$13,$-0,$12,$30,$-68,$-7,$-20,$-87,$-18,$-12,$0,$67,$0,$1,$1,$7,$62,$0,$0,$0,$2,$2,$-78,$-0,$-76,$-32,$3,$-78
19,2013-10-31,52.74,$16.36,3.22,$61.71,0.85,$2.71,19.5,$3.05,17.29,$0.79B,$0.37B,2.11,$0.00B,$0.87B,0.0,$3.28B,$0.44B,13.35%,$3.28B,$0.23B,7.01%,$3.28B,$0.23B,7.01%,$3.28B,$0.26B,7.80%,$3.28B,$0.23B,7.07%,$3.28B,$0.16B,4.97%,$0.16B,$0.87B,19.13%,$0.16B,$0.51B,32.63%,$0.16B,$1.32B,12.67%,$0.23B,$0.87B,27.00%,$800,$695,$105,$0,$48,$746,$54,$0,$54,$18,$36,$36,$41,$60,$54,$53,53,$0.77,$0.77,$295,$197,$0,$790,$147,$0,$364,$8,$528,$1319,$374,$0,$53,$72,$447,$6,$929,$0,$872,$1319,$41,$6,$-5,$1,$21,$-43,$4,$-4,$-36,$6,$-5,$0,$64,$0,$1,$1,$3,$62,$0,$0,$0,$2,$2,$-12,$0,$-10,$58,$1,$-12
20,2013-07-31,48.95,$16.78,2.92,$61.05,0.8,$2.85,17.16,$2.86,17.11,$0.83B,$0.36B,2.3,$0.00B,$0.89B,0.0,$3.24B,$0.43B,13.11%,$3.24B,$0.22B,6.76%,$3.24B,$0.22B,6.76%,$3.24B,$0.25B,7.56%,$3.24B,$0.22B,6.85%,$3.24B,$0.15B,4.72%,$0.15B,$0.89B,17.95%,$0.15B,$0.56B,30.54%,$0.15B,$1.33B,12.01%,$0.22B,$0.89B,25.69%,$914,$774,$140,$0,$54,$830,$84,$-1,$83,$28,$55,$55,$58,$90,$84,$53,53,$1.08,$1.11,$237,$153,$0,$831,$144,$0,$336,$8,$498,$1328,$362,$0,$55,$74,$436,$6,$954,$-0,$893,$1328,$153,$25,$6,$31,$-47,$-37,$15,$-3,$-38,$145,$-24,$0,$1,$0,$1,$1,$8,$-14,$0,$0,$0,$4,$4,$-118,$1,$-113,$18,$3,$-118
21,2013-04-30,33.46,$15.81,2.12,$52.07,0.64,$2.60,12.86,$2.61,12.82,$0.75B,$0.38B,2.0,$0.00B,$0.84B,0.0,$2.77B,$0.36B,13.03%,$2.77B,$0.18B,6.57%,$2.77B,$0.18B,6.57%,$2.77B,$0.21B,7.51%,$2.77B,$0.19B,6.75%,$2.77B,$0.14B,5.02%,$0.14B,$0.84B,16.51%,$0.14B,$0.49B,28.69%,$0.14B,$1.29B,11.10%,$0.18B,$0.84B,21.62%,$930,$805,$125,$0,$53,$860,$69,$1,$71,$22,$49,$49,$44,$76,$69,$53,53,$0.83,$0.82,$137,$236,$0,$752,$169,$0,$348,$12,$538,$1289,$375,$0,$57,$75,$451,$6,$905,$-0,$839,$1289,$95,$19,$6,$24,$-81,$-58,$36,$-1,$-74,$45,$-15,$0,$-11,$0,$0,$0,$7,$-17,$0,$0,$0,$-1,$-1,$-108,$1,$-108,$-81,$2,$-108
22,2013-01-31,37.78,$15.16,2.49,$52.06,0.73,$2.63,14.38,$2.57,14.7,$0.66B,$0.32B,2.03,$0.00B,$0.80B,0.0,$2.77B,$0.35B,12.47%,$2.77B,$0.17B,6.25%,$2.77B,$0.17B,6.25%,$2.77B,$0.20B,7.16%,$2.77B,$0.18B,6.40%,$2.77B,$0.14B,4.92%,$0.14B,$0.80B,16.27%,$0.14B,$0.44B,28.65%,$0.14B,$1.21B,10.96%,$0.17B,$0.80B,20.70%,$637,$569,$68,$0,$42,$613,$23,$1,$24,$5,$19,$19,$20,$30,$23,$53,53,$0.38,$0.37,$108,$235,$0,$658,$168,$0,$362,$12,$551,$1209,$324,$0,$59,$81,$405,$6,$871,$-0,$804,$1209,$51,$12,$1,$13,$-18,$-47,$22,$-11,$-63,$1,$-10,$0,$-11,$0,$0,$0,$7,$-13,$0,$0,$0,$-1,$-1,$-99,$1,$-99,$-111,$1,$-99
23,2012-10-31,32.81,$16.49,1.99,$51.00,0.64,$3.38,9.7,$2.45,13.39,$0.71B,$0.31B,2.27,$0.00B,$0.87B,0.0,$2.73B,$0.34B,12.32%,$2.73B,$0.17B,6.23%,$2.73B,$0.17B,6.23%,$2.73B,$0.20B,7.15%,$2.73B,$0.17B,6.38%,$2.73B,$0.13B,4.77%,$0.13B,$0.87B,15.67%,$0.13B,$0.51B,27.78%,$0.13B,$1.27B,10.62%,$0.17B,$0.87B,20.49%,$761,$669,$92,$0,$47,$718,$43,$1,$44,$15,$29,$29,$31,$49,$43,$53,53,$0.59,$0.58,$214,$226,$0,$707,$167,$0,$359,$12,$560,$1268,$312,$0,$62,$82,$394,$6,$940,$-0,$874,$1268,$31,$6,$-2,$5,$16,$-39,$1,$0,$-21,$14,$-6,$0,$-4,$0,$0,$0,$0,$-10,$0,$0,$0,$1,$1,$-10,$0,$-9,$-4,$1,$-10
24,2012-07-31,24.66,$16.08,1.53,$48.88,0.5,$3.59,6.87,$2.28,10.82,$0.69B,$0.31B,2.2,$0.00B,$0.85B,0.0,$2.64B,$0.32B,12.09%,$2.64B,$0.16B,6.10%,$2.64B,$0.16B,6.10%,$2.64B,$0.19B,7.05%,$2.64B,$0.17B,6.25%,$2.64B,$0.12B,4.59%,$0.12B,$0.85B,14.78%,$0.12B,$0.49B,26.58%,$0.12B,$1.24B,10.06%,$0.16B,$0.85B,19.66%,$443,$368,$76,$0,$27,$397,$47,$1,$48,$14,$34,$34,$44,$53,$47,$54,54,$0.82,$0.82,$219,$186,$0,$685,$164,$0,$359,$12,$558,$1243,$311,$0,$60,$81,$392,$6,$919,$-0,$851,$1243,$122,$25,$-3,$22,$-63,$-2,$23,$8,$-25,$119,$-9,$0,$-0,$0,$1,$1,$1,$-8,$0,$0,$0,$-76,$-76,$-32,$0,$-108,$3,$1,$-32
25,2012-04-30,28.88,$15.39,1.88,$47.07,0.61,$3.04,9.52,$2.10,13.75,$0.68B,$0.35B,1.98,$0.00B,$0.81B,0.0,$2.55B,$0.31B,12.11%,$2.55B,$0.16B,6.15%,$2.55B,$0.16B,6.15%,$2.55B,$0.18B,7.13%,$2.55B,$0.15B,5.92%,$2.55B,$0.11B,4.47%,$0.11B,$0.81B,13.99%,$0.11B,$0.45B,25.38%,$0.11B,$1.24B,9.57%,$0.16B,$0.81B,19.26%,$926,$817,$109,$0,$47,$867,$60,$1,$61,$20,$41,$41,$41,$66,$60,$53,53,$0.78,$0.78,$148,$201,$0,$683,$163,$2,$362,$10,$560,$1243,$345,$0,$62,$84,$429,$6,$882,$-0,$814,$1243,$77,$19,$-2,$17,$-117,$-16,$53,$10,$-57,$37,$-6,$0,$-0,$0,$0,$0,$1,$-5,$0,$0,$0,$-76,$-76,$-24,$0,$-100,$-67,$0,$-24
26,2012-01-31,26.05,$14.75,1.77,$44.81,0.58,$1.05,24.87,$2.04,12.77,$0.58B,$0.28B,2.07,$0.00B,$0.78B,0.0,$2.48B,$0.31B,12.43%,$2.48B,$0.15B,6.10%,$2.48B,$0.15B,6.10%,$2.48B,$0.17B,7.02%,$2.48B,$0.15B,5.93%,$2.48B,$0.11B,4.56%,$0.11B,$0.78B,13.90%,$0.11B,$0.42B,25.29%,$0.11B,$1.14B,9.61%,$0.15B,$0.78B,18.58%,$597,$538,$59,$0,$36,$577,$20,$1,$21,$8,$14,$14,$14,$27,$20,$55,55,$0.25,$0.25,$156,$192,$0,$579,$164,$2,$365,$10,$564,$1143,$280,$0,$60,$83,$363,$6,$849,$-0,$779,$1143,$36,$13,$1,$14,$-5,$-8,$12,$-2,$-14,$36,$-3,$0,$-0,$0,$0,$0,$1,$-2,$0,$0,$0,$-77,$-77,$-16,$0,$-93,$-59,$0,$-16
27,2011-10-31,22.34,$15.14,1.48,$43.29,0.52,$-0.38,0.0,$1.89,11.82,$0.61B,$0.27B,2.28,$0.00B,$0.83B,0.0,$2.41B,$0.30B,12.34%,$2.41B,$0.14B,5.61%,$2.41B,$0.14B,5.61%,$2.41B,$0.16B,6.61%,$2.41B,$0.13B,5.53%,$2.41B,$0.11B,4.36%,$0.11B,$0.83B,12.96%,$0.11B,$0.46B,23.65%,$0.11B,$1.18B,8.96%,$0.14B,$0.83B,16.66%,$673,$598,$75,$0,$38,$639,$34,$1,$35,$12,$22,$22,$22,$40,$34,$55,55,$0.41,$0.41,$208,$183,$0,$612,$166,$5,$368,$9,$571,$1182,$269,$0,$59,$83,$352,$6,$843,$-0,$831,$1182,$22,$6,$1,$7,$4,$1,$-2,$-2,$-7,$22,$-2,$0,$-0,$0,$0,$0,$0,$-2,$0,$0,$0,$-20,$-20,$-8,$0,$-28,$-8,$0,$-8
28,2011-07-31,20.74,$14.98,1.39,$42.36,0.49,$-0.86,0.0,$1.92,10.8,$0.62B,$0.28B,2.24,$0.00B,$0.84B,0.0,$2.34B,$0.30B,12.78%,$2.34B,$0.13B,5.51%,$2.34B,$0.13B,5.51%,$2.34B,$0.15B,6.50%,$2.34B,$0.13B,5.64%,$2.34B,$0.11B,4.57%,$0.11B,$0.84B,13.47%,$0.11B,$0.47B,24.99%,$0.11B,$1.20B,9.30%,$0.13B,$0.84B,16.24%,$355,$289,$66,$0,$25,$313,$43,$-9,$34,$12,$22,$22,$37,$49,$43,$55,55,$0.66,$0.66,$215,$184,$0,$624,$168,$3,$370,$11,$574,$1198,$279,$0,$58,$83,$362,$6,$829,$-0,$836,$1198,$106,$24,$1,$25,$15,$-17,$-15,$5,$-16,$115,$-33,$0,$-100,$0,$4,$4,$3,$-126,$0,$0,$0,$1,$1,$-22,$1,$-21,$-32,$3,$-22
29,2011-04-30,25.92,$14.41,1.8,$48.43,0.54,$-0.58,0.0,$2.04,12.71,$0.60B,$0.29B,2.05,$0.00B,$0.81B,0.0,$2.65B,$0.33B,12.38%,$2.65B,$0.14B,5.36%,$2.65B,$0.14B,5.36%,$2.65B,$0.16B,6.12%,$2.65B,$0.16B,6.08%,$2.65B,$0.11B,4.19%,$0.11B,$0.81B,14.80%,$0.11B,$0.44B,25.41%,$0.11B,$1.18B,10.17%,$0.14B,$0.81B,18.94%,$852,$744,$108,$0,$50,$798,$54,$3,$57,$17,$40,$40,$40,$58,$54,$56,56,$0.72,$0.72,$60,$224,$0,$596,$166,$6,$363,$20,$583,$1180,$291,$0,$57,$84,$375,$6,$798,$-0,$805,$1180,$69,$18,$4,$21,$-81,$-57,$-3,$5,$-140,$-50,$-28,$0,$-100,$0,$3,$3,$2,$-124,$0,$0,$0,$1,$1,$-17,$1,$-15,$-189,$3,$-17
30,2011-01-31,30.97,$13.77,2.25,$46.39,0.67,$0.72,42.84,$1.98,15.64,$0.54B,$0.28B,1.96,$0.00B,$0.77B,0.0,$2.48B,$0.31B,12.60%,$2.48B,$0.14B,5.53%,$2.48B,$0.14B,5.53%,$2.48B,$0.16B,6.30%,$2.48B,$0.16B,6.30%,$2.48B,$0.11B,4.24%,$0.11B,$0.77B,14.93%,$0.11B,$0.40B,23.68%,$0.11B,$1.13B,10.18%,$0.14B,$0.77B,19.48%,$526,$479,$48,$0,$41,$522,$4,$3,$7,$2,$6,$6,$6,$12,$4,$56,56,$0.10,$0.10,$97,$212,$0,$540,$167,$6,$365,$21,$587,$1127,$276,$0,$54,$82,$358,$6,$763,$-0,$769,$1127,$29,$13,$2,$15,$7,$-45,$-5,$-5,$-66,$-21,$-25,$0,$-100,$0,$3,$3,$2,$-120,$0,$0,$0,$0,$0,$-11,$0,$-10,$-151,$2,$-11
31,2010-10-31,26.17,$13.75,1.9,$44.98,0.58,$1.09,23.95,$2.10,12.46,$0.51B,$0.25B,2.08,$0.00B,$0.77B,0.0,$2.38B,$0.31B,13.19%,$2.38B,$0.15B,6.38%,$2.38B,$0.15B,6.38%,$2.38B,$0.17B,6.97%,$2.38B,$0.17B,7.06%,$2.38B,$0.11B,4.66%,$0.11B,$0.77B,16.86%,$0.11B,$0.40B,24.50%,$0.11B,$1.10B,11.50%,$0.15B,$0.77B,23.08%,$607,$530,$77,$0,$45,$579,$28,$6,$34,$10,$24,$24,$24,$33,$28,$54,54,$0.44,$0.44,$142,$181,$0,$511,$161,$6,$368,$13,$585,$1096,$246,$0,$53,$83,$328,$6,$763,$-0,$768,$1096,$24,$5,$3,$9,$44,$-14,$-28,$1,$-23,$10,$-16,$0,$-100,$0,$2,$2,$2,$-111,$0,$0,$0,$0,$0,$-6,$0,$-5,$-106,$1,$-6
32,2010-07-31,23.06,$12.77,1.81,$42.73,0.54,$1.54,15.0,$2.08,11.09,$0.60B,$0.26B,2.34,$0.00B,$0.66B,0.0,$2.28B,$0.31B,13.48%,$2.28B,$0.16B,6.98%,$2.28B,$0.16B,6.98%,$2.28B,$0.17B,7.51%,$2.28B,$0.17B,7.51%,$2.28B,$0.11B,4.83%,$0.11B,$0.66B,17.17%,$0.11B,$0.50B,22.44%,$0.11B,$0.96B,11.75%,$0.16B,$0.66B,24.81%,$664,$569,$95,$0,$39,$608,$56,$7,$63,$22,$41,$41,$41,$59,$56,$53,53,$0.78,$0.77,$248,$143,$0,$602,$139,$8,$157,$23,$362,$964,$257,$0,$50,$50,$307,$6,$745,$-0,$657,$964,$110,$13,$-4,$9,$-49,$-30,$25,$-7,$-18,$101,$-7,$0,$-20,$0,$116,$116,$-6,$83,$0,$0,$0,$-115,$-115,$-42,$0,$-158,$26,$1,$-42
33,2010-04-30,29.49,$12.03,2.45,$38.18,0.77,$0.61,48.6,$1.75,16.85,$0.57B,$0.26B,2.19,$0.00B,$0.62B,0.0,$2.05B,$0.27B,13.15%,$2.05B,$0.13B,6.09%,$2.05B,$0.13B,6.09%,$2.05B,$0.13B,6.18%,$2.05B,$0.14B,6.91%,$2.05B,$0.09B,4.58%,$0.09B,$0.62B,14.40%,$0.09B,$0.47B,18.64%,$0.09B,$0.94B,10.08%,$0.13B,$0.62B,19.15%,$680,$588,$92,$0,$43,$631,$49,$3,$52,$18,$34,$34,$34,$52,$49,$51,52,$0.66,$0.66,$144,$170,$0,$565,$138,$15,$151,$40,$373,$938,$258,$0,$61,$61,$319,$6,$708,$-1,$619,$938,$69,$10,$-4,$5,$-91,$-58,$30,$2,$-76,$-1,$-3,$0,$-20,$0,$44,$44,$-7,$14,$0,$0,$0,$-115,$-115,$-39,$0,$-154,$-141,$1,$-39
34,2010-01-31,26.17,$11.47,2.28,$32.49,0.81,$0.69,37.98,$1.13,23.15,$0.50B,$0.21B,2.38,$0.00B,$0.59B,0.0,$1.79B,$0.22B,12.52%,$1.79B,$0.09B,4.92%,$1.79B,$0.09B,4.92%,$1.79B,$0.10B,5.65%,$1.79B,$0.10B,5.31%,$1.79B,$0.06B,3.47%,$0.06B,$0.59B,9.27%,$0.06B,$0.44B,11.91%,$0.06B,$0.86B,6.67%,$0.09B,$0.59B,13.16%,$430,$380,$50,$0,$31,$411,$19,$0,$19,$7,$12,$12,$12,$22,$19,$54,54,$0.22,$0.22,$144,$162,$0,$497,$142,$15,$148,$31,$366,$863,$209,$0,$64,$64,$273,$6,$678,$1,$590,$863,$35,$7,$0,$7,$-32,$-57,$17,$3,$-62,$-20,$-5,$0,$0,$0,$31,$31,$-10,$16,$0,$0,$0,$-115,$-115,$-35,$0,$-151,$-154,$0,$-35
35,2009-10-31,21.56,$12.57,1.71,$28.58,0.75,$1.32,16.36,$0.64,33.69,$0.63B,$0.22B,2.88,$0.00B,$0.70B,0.0,$1.59B,$0.18B,11.48%,$1.59B,$0.05B,2.90%,$1.59B,$0.05B,2.90%,$1.59B,$0.06B,3.78%,$1.59B,$0.05B,3.34%,$1.59B,$0.04B,2.21%,$0.04B,$0.70B,5.06%,$0.04B,$0.55B,6.47%,$0.04B,$0.98B,3.72%,$0.05B,$0.70B,6.65%,$503,$433,$70,$0,$35,$468,$35,$2,$37,$14,$23,$23,$23,$38,$35,$55,56,$0.42,$0.42,$315,$134,$0,$633,$140,$16,$148,$31,$346,$979,$220,$0,$63,$63,$282,$6,$669,$1,$697,$979,$23,$3,$0,$3,$-19,$-29,$18,$4,$-8,$18,$-0,$0,$0,$0,$15,$15,$0,$15,$0,$0,$0,$0,$0,$-32,$0,$-32,$2,$0,$-32
36,2009-07-31,19.36,$12.72,1.52,$27.44,0.71,$0.76,25.34,$0.31,62.45,$0.60B,$0.18B,3.27,$0.00B,$0.71B,0.0,$1.52B,$0.15B,9.99%,$1.52B,$0.02B,1.12%,$1.52B,$0.02B,1.12%,$1.52B,$0.03B,2.04%,$1.52B,$0.02B,1.58%,$1.52B,$0.02B,1.12%,$0.02B,$0.71B,2.45%,$0.02B,$0.56B,3.15%,$0.02B,$0.95B,1.82%,$0.02B,$0.71B,2.45%,$441,$383,$58,$0,$26,$419,$22,$12,$34,$9,$25,$25,$25,$15,$22,$55,55,$0.45,$0.45,$329,$105,$0,$604,$143,$16,$148,$14,$347,$951,$184,$0,$62,$62,$246,$6,$678,$1,$705,$951,$17,$13,$17,$30,$31,$47,$-18,$-14,$1,$49,$-3,$0,$2,$0,$11,$11,$-10,$-0,$0,$0,$0,$0,$0,$-16,$0,$-15,$32,$1,$-16
37,2009-04-30,18.55,$12.31,1.51,$29.71,0.62,$1.96,9.47,$-0.05,0.0,$0.48B,$0.20B,2.45,$0.00B,$0.68B,0.0,$1.65B,$0.16B,9.39%,$1.65B,$0.00B,0.24%,$1.65B,$0.00B,0.24%,$1.65B,$0.03B,1.94%,$1.65B,$0.00B,0.12%,$1.65B,$-0.00B,-0.18%,$-0.00B,$0.68B,-0.43%,$-0.00B,$0.53B,-0.56%,$-0.00B,$0.92B,-0.32%,$0.00B,$0.68B,0.58%,$415,$369,$46,$0,$34,$403,$12,$-8,$5,$2,$2,$2,$2,$26,$12,$55,55,$0.04,$0.04,$178,$132,$0,$478,$145,$122,$148,$19,$445,$924,$195,$0,$46,$46,$241,$6,$657,$-1,$682,$924,$-8,$21,$1,$22,$26,$21,$-14,$-8,$-12,$2,$-2,$0,$2,$0,$10,$10,$-10,$-1,$0,$0,$0,$0,$0,$-12,$0,$-12,$-12,$0,$-12
38,2009-01-31,8.49,$12.33,0.69,$34.97,0.24,$2.73,3.12,$0.41,20.71,$0.45B,$0.18B,2.55,$0.00B,$0.68B,0.0,$1.94B,$0.20B,10.24%,$1.94B,$0.03B,1.75%,$1.94B,$0.03B,1.75%,$1.94B,$0.05B,2.67%,$1.94B,$0.04B,2.11%,$1.94B,$0.02B,1.18%,$0.02B,$0.68B,3.31%,$0.02B,$0.53B,4.30%,$0.02B,$0.91B,2.37%,$0.03B,$0.68B,4.89%,$227,$219,$8,$0,$30,$249,$-23,$-0,$-23,$-8,$-15,$-15,$-15,$-19,$-23,$55,55,$-0.27,$-0.27,$191,$154,$0,$450,$147,$121,$158,$20,$457,$907,$176,$0,$47,$47,$223,$6,$658,$-1,$684,$907,$-10,$7,$2,$9,$92,$-1,$-27,$-9,$11,$10,$-1,$0,$2,$0,$10,$10,$-10,$1,$0,$0,$0,$0,$0,$-8,$0,$-8,$1,$0,$-8
39,2008-10-31,14.29,$12.61,1.13,$41.59,0.34,$2.84,5.03,$1.07,13.36,$0.50B,$0.21B,2.37,$0.00B,$0.70B,0.0,$2.32B,$0.26B,11.27%,$2.32B,$0.09B,3.76%,$2.32B,$0.09B,3.76%,$2.32B,$0.10B,4.49%,$2.32B,$0.10B,4.27%,$2.32B,$0.06B,2.59%,$0.06B,$0.70B,8.64%,$0.06B,$0.54B,11.26%,$0.06B,$0.96B,6.02%,$0.09B,$0.70B,12.52%,$439,$399,$40,$0,$34,$433,$6,$3,$8,$3,$5,$5,$5,$9,$6,$55,55,$0.09,$0.09,$178,$167,$0,$502,$150,$124,$158,$26,$459,$961,$212,$0,$50,$50,$262,$6,$677,$-4,$699,$961,$5,$3,$0,$4,$28,$-14,$-19,$-1,$-21,$-12,$-1,$0,$2,$0,$4,$4,$0,$6,$0,$0,$0,$0,$0,$-4,$0,$-4,$-12,$0,$-4
40,2008-07-31,15.61,$12.62,1.24,$47.33,0.33,$3.60,4.33,$1.66,9.4,$0.53B,$0.25B,2.13,$0.00B,$0.70B,0.0,$2.64B,$0.32B,12.19%,$2.64B,$0.14B,5.19%,$2.64B,$0.14B,5.19%,$2.64B,$0.15B,5.83%,$2.64B,$0.15B,5.72%,$2.64B,$0.09B,3.52%,$0.09B,$0.70B,13.50%,$0.09B,$0.54B,17.71%,$0.09B,$1.00B,9.19%,$0.14B,$0.70B,19.88%,$570,$508,$61,$0,$44,$561,$9,$3,$12,$7,$5,$5,$5,$16,$9,$56,56,$0.08,$0.09,$190,$153,$0,$528,$153,$130,$158,$15,$469,$997,$248,$0,$48,$48,$297,$6,$676,$-2,$700,$997,$93,$17,$-26,$-9,$31,$16,$-28,$8,$39,$122,$-9,$0,$0,$0,$42,$42,$0,$33,$0,$0,$0,$-10,$-10,$-127,$0,$-138,$18,$0,$-127
41,2008-04-30,24.06,$12.60,1.91,$50.60,0.48,$5.50,4.37,$2.47,9.74,$0.54B,$0.27B,1.97,$0.00B,$0.70B,0.0,$2.83B,$0.37B,13.13%,$2.83B,$0.19B,6.79%,$2.83B,$0.19B,6.79%,$2.83B,$0.21B,7.29%,$2.83B,$0.21B,7.32%,$2.83B,$0.14B,4.88%,$0.14B,$0.70B,19.56%,$0.14B,$0.53B,25.57%,$0.14B,$1.02B,13.44%,$0.19B,$0.70B,27.21%,$708,$618,$90,$0,$48,$666,$42,$2,$44,$16,$28,$28,$28,$46,$42,$55,56,$0.51,$0.50,$120,$199,$0,$539,$157,$131,$166,$31,$484,$1024,$274,$0,$52,$52,$325,$6,$675,$-1,$699,$1024,$88,$11,$-20,$-10,$-9,$-30,$-9,$5,$-28,$50,$-7,$0,$0,$0,$39,$39,$0,$32,$0,$0,$0,$-11,$-11,$-123,$0,$-135,$-52,$0,$-123
42,2008-01-31,27.96,$12.27,2.28,$51.98,0.54,$6.93,4.04,$2.61,10.71,$0.65B,$0.28B,2.35,$0.00B,$0.68B,0.0,$2.91B,$0.38B,13.20%,$2.91B,$0.20B,6.91%,$2.91B,$0.20B,6.91%,$2.91B,$0.22B,7.39%,$2.91B,$0.22B,7.46%,$2.91B,$0.15B,5.02%,$0.15B,$0.68B,20.56%,$0.15B,$0.52B,26.81%,$0.15B,$1.01B,14.08%,$0.20B,$0.68B,28.30%,$599,$529,$70,$0,$40,$569,$30,$5,$35,$14,$22,$22,$22,$33,$30,$56,56,$0.39,$0.39,$234,$201,$0,$653,$157,$3,$166,$28,$354,$1007,$278,$0,$48,$48,$326,$6,$651,$4,$681,$1007,$60,$7,$-14,$-7,$-10,$-32,$15,$-1,$-32,$20,$-4,$0,$0,$0,$28,$28,$0,$24,$0,$0,$0,$-10,$-10,$-120,$0,$-129,$-84,$0,$-120
43,2007-10-31,37.92,$12.10,3.13,$51.71,0.73,$8.02,4.73,$2.55,14.87,$0.66B,$0.30B,2.24,$0.00B,$0.68B,0.0,$2.89B,$0.38B,12.96%,$2.89B,$0.20B,6.74%,$2.89B,$0.20B,6.74%,$2.89B,$0.21B,7.22%,$2.89B,$0.21B,7.19%,$2.89B,$0.14B,4.91%,$0.14B,$0.68B,19.96%,$0.14B,$0.51B,26.02%,$0.14B,$1.02B,13.81%,$0.20B,$0.68B,27.41%,$764,$662,$101,$0,$45,$708,$56,$5,$60,$22,$38,$38,$38,$59,$56,$56,56,$0.69,$0.68,$265,$188,$0,$663,$157,$3,$166,$29,$355,$1018,$296,$0,$46,$46,$342,$6,$633,$5,$676,$1018,$38,$4,$-7,$-3,$-2,$-19,$4,$-7,$-2,$33,$-3,$0,$0,$0,$14,$14,$0,$11,$0,$0,$0,$2,$2,$-116,$0,$-113,$-67,$0,$-116
44,2007-07-31,30.93,$13.74,2.25,$51.08,0.61,$8.75,3.53,$2.45,12.62,$0.71B,$0.28B,2.55,$0.00B,$0.77B,0.0,$2.86B,$0.36B,12.71%,$2.86B,$0.19B,6.48%,$2.86B,$0.19B,6.48%,$2.86B,$0.20B,6.97%,$2.86B,$0.20B,6.90%,$2.86B,$0.14B,4.73%,$0.14B,$0.77B,18.91%,$0.14B,$0.60B,24.62%,$0.14B,$1.06B,13.28%,$0.19B,$0.77B,25.91%,$755,$645,$110,$0,$45,$691,$64,$4,$68,$17,$50,$50,$50,$68,$64,$56,56,$0.90,$0.89,$346,$169,$0,$706,$157,$3,$166,$28,$354,$1059,$277,$0,$0,$16,$293,$6,$728,$3,$766,$1059,$135,$14,$-1,$13,$16,$14,$-22,$68,$85,$233,$-13,$0,$0,$0,$-175,$-175,$0,$-188,$0,$0,$0,$1,$1,$-71,$0,$-70,$-24,$1,$-71
45,2007-04-30,29.98,$12.88,2.33,$51.73,0.58,$6.72,4.46,$2.36,12.7,$0.71B,$0.33B,2.15,$0.00B,$0.72B,0.0,$2.91B,$0.36B,12.45%,$2.91B,$0.18B,6.23%,$2.91B,$0.18B,6.23%,$2.91B,$0.19B,6.67%,$2.91B,$0.19B,6.60%,$2.91B,$0.13B,4.33%,$0.13B,$0.72B,18.06%,$0.13B,$0.55B,23.71%,$0.13B,$1.07B,12.57%,$0.18B,$0.72B,25.95%,$790,$687,$103,$0,$52,$738,$51,$3,$54,$18,$36,$36,$36,$55,$51,$56,56,$0.64,$0.64,$253,$203,$0,$712,$157,$3,$166,$28,$353,$1065,$331,$0,$0,$16,$347,$6,$681,$2,$718,$1065,$84,$10,$48,$59,$-27,$-20,$2,$-4,$-12,$131,$-9,$0,$0,$0,$-105,$-105,$0,$-114,$0,$0,$0,$1,$1,$-67,$0,$-67,$-49,$0,$-67
46,2007-01-31,31.76,$12.29,2.58,$52.64,0.6,$4.51,7.04,$2.62,12.12,$0.62B,$0.27B,2.28,$0.00B,$0.69B,0.0,$2.98B,$0.38B,12.87%,$2.98B,$0.20B,6.86%,$2.98B,$0.20B,6.86%,$2.98B,$0.22B,7.26%,$2.98B,$0.21B,7.19%,$2.98B,$0.14B,4.67%,$0.14B,$0.69B,19.94%,$0.14B,$0.52B,26.18%,$0.14B,$0.97B,13.87%,$0.20B,$0.69B,29.27%,$584,$523,$61,$0,$37,$560,$24,$2,$26,$8,$18,$18,$18,$27,$24,$56,56,$0.33,$0.33,$210,$190,$0,$617,$158,$3,$166,$27,$354,$970,$270,$0,$0,$15,$285,$6,$650,$1,$686,$970,$49,$7,$-7,$-0,$7,$-6,$-22,$56,$35,$84,$-7,$0,$0,$0,$-118,$-118,$0,$-125,$0,$0,$0,$1,$1,$-64,$0,$-63,$-105,$0,$-64
47,2006-10-31,32.88,$12.31,2.67,$53.46,0.62,$2.63,12.51,$2.85,11.54,$0.62B,$0.27B,2.27,$0.00B,$0.69B,0.0,$3.03B,$0.41B,13.48%,$3.03B,$0.23B,7.45%,$3.03B,$0.23B,7.45%,$3.03B,$0.24B,7.88%,$3.03B,$0.24B,7.78%,$3.03B,$0.15B,4.98%,$0.15B,$0.69B,21.77%,$0.15B,$0.52B,28.61%,$0.15B,$0.97B,15.08%,$0.23B,$0.69B,32.59%,$728,$639,$89,$0,$43,$682,$46,$3,$49,$18,$31,$31,$31,$49,$46,$56,56,$0.55,$0.55,$207,$215,$0,$618,$158,$3,$166,$27,$354,$971,$272,$0,$0,$14,$286,$6,$651,$2,$686,$971,$31,$3,$61,$64,$34,$-24,$-41,$-11,$-20,$75,$-4,$0,$0,$0,$-111,$-111,$0,$-114,$0,$0,$0,$-1,$-1,$-60,$0,$-60,$-100,$0,$-60
