,Date,Stock Price,Book Value per Share,Price to Book Ratio,TTM Sales per Share,Price to Sales Ratio,TTM FCF per Share,Price to FCF Ratio,TTM Net EPS,PE Ratio,Current Assets,Current Liabilities,Current Ratio,Long Term Debt,Shareholder's Equity_x,Debt to Equity Ratio,TTM Revenue_x,TTM Gross Profit,Gross Margin,TTM Revenue_y,TTM Operating Income,Operating Margin,TTM Revenue_x,TTM EBIT,EBIT Margin,TTM Revenue_y,TTM EBITDA,EBITDA Margin,TTM Revenue_x,TTM Pre-Tax Income,Pre-Tax Margin,TTM Revenue_y,TTM Net Income_x,Net Margin,TTM Net Income_y,Shareholder's Equity_y,Return on Equity,TTM Net Income_x,Tangible Equity,Return on Tangible Equity,TTM Net Income_y,Total Assets,Return on Assets,TTM Net Income,LT Investments & Debt,Return on Investment,revenue,cost-goods-sold,gross-profit,research-development-expenses,selling-general-administrative-expenses,operating-expenses,operating-income,total-non-operating-income-expense,pre-tax-income,total-provision-income-taxes,income-after-taxes,income-from-continuous-operations,net-income,ebitda,ebit,basic-shares-outstanding,shares-outstanding,eps-basic-net-earnings-per-share,eps-earnings-per-share-diluted,cash-on-hand,inventory,other-current-assets,total-current-assets,net-property-plant-equipment,long-term-investments,goodwill-intangible-assets-total,other-long-term-assets,total-long-term-assets,total-assets,total-current-liabilities,long-term-debt,other-non-current-liabilities,total-long-term-liabilities,total-liabilities,common-stock-net,retained-earnings-accumulated-deficit,comprehensive-income,total-share-holder-equity,total-liabilities-share-holders-equity,net-income-loss,total-depreciation-amortization-cash-flow,other-non-cash-items,total-non-cash-items,change-in-accounts-receivable,change-in-inventories,change-in-accounts-payable,change-in-assets-liabilities,total-change-in-assets-liabilities,cash-flow-from-operating-activities,net-change-in-property-plant-equipment,net-change-in-intangible-assets,net-acquisitions-divestitures,net-change-in-short-term-investments,net-change-in-long-term-investments,net-change-in-investments-total,investing-activities-other,cash-flow-from-investing-activities,net-long-term-debt,net-current-debt,debt-issuance-retirement-net-total,net-common-equity-issued-repurchased,net-total-equity-issued-repurchased,total-common-preferred-stock-dividends-paid,financial-activities-other,cash-flow-from-financial-activities,net-cash-flow,stock-based-compensation,common-stock-dividends-paid
0,2018-09-30,45.45,$15.39,2.95,$28.39,1.6,$1.29,35.32,$0.65,69.92,$0.46B,$0.18B,2.55,$0.10B,$0.55B,0.18,$1.04B,$0.30B,29.08%,$1.04B,$0.07B,7.10%,$1.04B,$0.07B,7.10%,$1.04B,$0.13B,12.09%,$1.04B,$0.06B,5.57%,$1.04B,$0.03B,2.40%,$0.03B,$0.55B,4.34%,$0.03B,$0.43B,5.75%,$0.03B,$0.85B,2.84%,$0.07B,$0.65B,10.74%,$259,$186,$73,$19,$33,$243,$16,$-12,$3,$4,$-0,$-0,$-0,$29,$16,$36,36,$-0.01,$-0.01,$47,$109,$0,$455,$189,$0,$116,$12,$390,$845,$178,$98,$7,$116,$295,$219,$351,$-34,$550,$845,$29,$39,$20,$59,$-14,$-4,$8,$-8,$-18,$71,$-31,$0,$-0,$0,$0,$0,$0,$-31,$-43,$0,$-43,$-50,$-50,$0,$-1,$-94,$-56,$6,$0
1,2018-06-30,39.3,$16.17,2.43,$27.69,1.42,$-0.39,0.0,$0.84,46.79,$0.45B,$0.17B,2.6,$0.11B,$0.59B,0.19,$1.02B,$0.30B,29.44%,$1.02B,$0.07B,7.26%,$1.02B,$0.07B,7.26%,$1.02B,$0.13B,12.27%,$1.02B,$0.06B,6.08%,$1.02B,$0.03B,3.14%,$0.03B,$0.59B,5.56%,$0.03B,$0.45B,7.31%,$0.03B,$0.89B,3.62%,$0.07B,$0.70B,10.56%,$264,$189,$74,$21,$32,$248,$16,$4,$20,$3,$17,$17,$17,$29,$16,$37,37,$0.46,$0.45,$65,$118,$0,$447,$204,$0,$142,$14,$443,$890,$172,$109,$7,$130,$302,$253,$352,$-32,$588,$890,$30,$26,$5,$30,$-17,$2,$11,$-12,$-27,$33,$-21,$0,$-0,$0,$0,$0,$0,$-21,$-32,$0,$-32,$-15,$-15,$0,$-1,$-48,$-38,$4,$0
2,2018-03-31,33.95,$16.59,2.05,$27.10,1.25,$-1.22,0.0,$0.62,54.76,$0.45B,$0.16B,2.71,$0.11B,$0.61B,0.17,$1.00B,$0.30B,30.46%,$1.00B,$0.08B,8.32%,$1.00B,$0.08B,8.32%,$1.00B,$0.13B,13.23%,$1.00B,$0.05B,5.31%,$1.00B,$0.02B,2.40%,$0.02B,$0.61B,4.27%,$0.02B,$0.46B,5.55%,$0.02B,$0.90B,2.73%,$0.08B,$0.72B,11.87%,$262,$183,$79,$23,$35,$241,$21,$-5,$16,$3,$13,$13,$13,$34,$21,$37,37,$0.35,$0.35,$70,$121,$0,$446,$205,$0,$151,$13,$456,$901,$164,$106,$7,$126,$291,$267,$335,$-8,$610,$901,$13,$13,$2,$15,$-10,$2,$1,$-5,$-22,$6,$-8,$0,$-0,$0,$0,$0,$0,$-8,$-35,$0,$-35,$1,$1,$0,$-1,$-35,$-33,$2,$0
3,2017-12-31,31.75,$15.07,2.11,$26.79,1.19,$-2.10,0.0,$0.96,33.07,$0.46B,$0.17B,2.69,$0.14B,$0.55B,0.26,$0.99B,$0.31B,31.47%,$0.99B,$0.10B,9.85%,$0.99B,$0.10B,9.85%,$0.99B,$0.14B,14.52%,$0.99B,$0.07B,7.11%,$0.99B,$0.04B,3.65%,$0.04B,$0.55B,6.74%,$0.04B,$0.40B,8.67%,$0.04B,$0.88B,4.18%,$0.10B,$0.70B,14.17%,$257,$180,$77,$22,$34,$236,$21,$-3,$19,$24,$-5,$-5,$-5,$34,$21,$37,37,$-0.14,$-0.14,$103,$121,$0,$461,$200,$0,$153,$38,$422,$883,$171,$141,$3,$158,$330,$265,$294,$-20,$554,$883,$35,$45,$18,$63,$6,$-4,$-8,$-12,$-49,$50,$-51,$0,$-67,$0,$0,$0,$0,$-118,$-27,$0,$-27,$-3,$-3,$0,$-2,$-32,$-74,$13,$0
4,2017-09-30,37.15,$15.02,2.47,$26.26,1.41,$-0.92,0.0,$1.81,20.52,$0.48B,$0.15B,3.23,$0.14B,$0.55B,0.26,$0.97B,$0.31B,32.33%,$0.97B,$0.10B,10.57%,$0.97B,$0.10B,10.57%,$0.97B,$0.15B,15.13%,$0.97B,$0.08B,8.60%,$0.97B,$0.07B,6.94%,$0.07B,$0.55B,13.13%,$0.07B,$0.44B,16.65%,$0.07B,$0.86B,7.87%,$0.10B,$0.69B,15.26%,$236,$166,$70,$20,$34,$220,$16,$-9,$7,$1,$7,$7,$7,$28,$16,$37,37,$0.18,$0.18,$148,$113,$0,$482,$191,$0,$107,$38,$381,$863,$149,$142,$5,$162,$312,$263,$299,$-25,$551,$863,$40,$33,$0,$33,$-6,$-4,$-7,$-1,$-58,$15,$-37,$0,$-2,$0,$0,$0,$0,$-39,$-26,$0,$-26,$-3,$-3,$0,$-1,$-30,$-30,$9,$0
5,2017-06-30,38.8,$14.47,2.68,$26.21,1.48,$0.22,172.6,$2.18,17.8,$0.50B,$0.15B,3.23,$0.16B,$0.53B,0.3,$0.96B,$0.32B,33.16%,$0.96B,$0.11B,11.75%,$0.96B,$0.11B,11.75%,$0.96B,$0.16B,16.22%,$0.96B,$0.10B,10.60%,$0.96B,$0.08B,8.32%,$0.08B,$0.53B,16.54%,$0.08B,$0.43B,21.40%,$0.08B,$0.87B,9.55%,$0.11B,$0.69B,17.61%,$243,$165,$78,$21,$32,$218,$25,$-14,$11,$2,$9,$9,$9,$36,$25,$37,37,$0.23,$0.23,$164,$107,$0,$495,$187,$0,$108,$38,$372,$866,$153,$160,$5,$180,$334,$266,$292,$-38,$533,$866,$34,$21,$3,$24,$-7,$1,$-3,$-5,$-52,$6,$-26,$0,$-2,$0,$0,$0,$0,$-28,$-8,$0,$-8,$2,$2,$0,$-1,$-8,$-13,$5,$0
6,2017-03-31,39.25,$13.54,2.9,$25.96,1.51,$1.31,29.9,$2.45,16.02,$0.47B,$0.15B,3.09,$0.16B,$0.50B,0.32,$0.95B,$0.31B,32.77%,$0.95B,$0.11B,11.55%,$0.95B,$0.11B,11.55%,$0.95B,$0.15B,15.97%,$0.95B,$0.12B,12.08%,$0.95B,$0.09B,9.35%,$0.09B,$0.50B,19.53%,$0.09B,$0.39B,25.91%,$0.09B,$0.83B,10.87%,$0.11B,$0.66B,18.06%,$249,$164,$85,$20,$31,$214,$35,$-2,$33,$7,$25,$25,$25,$45,$35,$37,37,$0.69,$0.69,$134,$108,$0,$473,$180,$0,$107,$35,$360,$833,$153,$161,$5,$182,$335,$264,$284,$-61,$497,$833,$25,$10,$3,$13,$-14,$-2,$1,$-6,$-60,$-21,$-14,$0,$-2,$0,$0,$0,$0,$-16,$-8,$0,$-8,$1,$1,$0,$-1,$-8,$-43,$2,$0
7,2016-12-31,33.85,$12.60,2.69,$25.07,1.35,$1.97,17.17,$2.09,16.2,$0.48B,$0.19B,2.5,$0.17B,$0.46B,0.37,$0.92B,$0.30B,32.10%,$0.92B,$0.11B,11.43%,$0.92B,$0.11B,11.43%,$0.92B,$0.15B,15.78%,$0.92B,$0.11B,11.97%,$0.92B,$0.08B,8.27%,$0.08B,$0.46B,17.54%,$0.08B,$0.35B,23.12%,$0.08B,$0.84B,9.42%,$0.11B,$0.63B,17.81%,$237,$158,$79,$18,$34,$210,$26,$6,$32,$6,$26,$26,$26,$37,$26,$36,37,$0.71,$0.71,$177,$105,$0,$484,$172,$0,$109,$41,$359,$843,$194,$169,$4,$189,$383,$262,$257,$-69,$460,$843,$77,$38,$1,$39,$-18,$-6,$4,$9,$-7,$108,$-66,$0,$-74,$0,$0,$0,$-4,$-144,$73,$0,$73,$1,$1,$0,$6,$80,$33,$9,$0
8,2016-09-30,31.42,$12.20,2.58,$24.43,1.29,$2.18,14.44,$2.16,14.55,$0.47B,$0.20B,2.3,$0.14B,$0.45B,0.32,$0.89B,$0.29B,31.88%,$0.89B,$0.11B,12.19%,$0.89B,$0.11B,12.19%,$0.89B,$0.15B,16.33%,$0.89B,$0.12B,13.09%,$0.89B,$0.08B,8.72%,$0.08B,$0.45B,18.83%,$0.08B,$0.33B,24.53%,$0.08B,$0.81B,10.29%,$0.11B,$0.59B,19.77%,$233,$156,$77,$20,$30,$205,$27,$-1,$26,$6,$20,$20,$20,$38,$27,$36,37,$0.55,$0.55,$133,$107,$0,$465,$167,$0,$116,$39,$345,$810,$202,$141,$3,$162,$364,$261,$231,$-48,$445,$810,$51,$28,$6,$33,$-23,$-6,$7,$3,$-13,$71,$-51,$0,$-74,$0,$0,$0,$0,$-124,$43,$0,$43,$1,$1,$0,$-2,$42,$-12,$7,$0
9,2016-06-30,34.25,$11.54,2.97,$24.21,1.41,$2.47,13.89,$2.37,14.45,$0.45B,$0.20B,2.21,$0.14B,$0.42B,0.34,$0.89B,$0.28B,31.98%,$0.89B,$0.12B,13.45%,$0.89B,$0.12B,13.45%,$0.89B,$0.15B,17.29%,$0.89B,$0.13B,14.46%,$0.89B,$0.09B,9.72%,$0.09B,$0.42B,21.99%,$0.09B,$0.30B,28.34%,$0.09B,$0.79B,12.07%,$0.12B,$0.56B,23.04%,$233,$161,$71,$19,$29,$210,$22,$2,$24,$6,$18,$18,$18,$32,$22,$36,37,$0.51,$0.50,$132,$95,$0,$450,$158,$0,$117,$39,$338,$788,$203,$141,$3,$164,$367,$259,$211,$-50,$421,$788,$30,$18,$1,$19,$-13,$7,$2,$-7,$2,$51,$-31,$0,$-74,$0,$0,$0,$0,$-104,$43,$0,$43,$1,$1,$0,$-2,$42,$-12,$5,$0
10,2016-03-31,41.59,$11.19,3.72,$23.69,1.76,$2.37,17.52,$2.40,17.33,$0.51B,$0.18B,2.82,$0.17B,$0.41B,0.42,$0.87B,$0.28B,32.14%,$0.87B,$0.12B,14.34%,$0.87B,$0.12B,14.34%,$0.87B,$0.16B,18.03%,$0.87B,$0.13B,15.03%,$0.87B,$0.09B,10.06%,$0.09B,$0.41B,23.67%,$0.09B,$0.33B,30.23%,$0.09B,$0.79B,13.08%,$0.12B,$0.58B,25.94%,$216,$147,$68,$16,$23,$186,$30,$-2,$28,$16,$12,$12,$12,$38,$30,$36,37,$0.33,$0.33,$211,$87,$0,$514,$131,$0,$77,$38,$273,$787,$183,$173,$4,$197,$379,$257,$192,$-41,$407,$787,$12,$8,$-3,$5,$-22,$-1,$6,$-2,$-11,$6,$-17,$0,$0,$0,$0,$0,$0,$-17,$75,$0,$75,$0,$0,$0,$-2,$73,$66,$2,$0
11,2015-12-31,47.4,$10.58,4.48,$23.50,2.02,$2.63,18.04,$2.62,18.09,$0.42B,$0.15B,2.86,$0.09B,$0.38B,0.24,$0.86B,$0.28B,32.36%,$0.86B,$0.12B,14.14%,$0.86B,$0.12B,14.14%,$0.86B,$0.15B,17.87%,$0.86B,$0.13B,14.95%,$0.86B,$0.10B,11.10%,$0.10B,$0.38B,27.92%,$0.10B,$0.31B,36.82%,$0.10B,$0.65B,15.59%,$0.12B,$0.48B,28.29%,$212,$143,$69,$15,$24,$182,$30,$9,$39,$11,$28,$28,$28,$38,$30,$36,36,$0.79,$0.78,$144,$84,$0,$416,$119,$0,$76,$8,$233,$648,$145,$93,$5,$119,$264,$257,$180,$-52,$384,$648,$95,$31,$-4,$27,$-12,$-11,$8,$-11,$-18,$105,$-55,$0,$0,$0,$0,$0,$-8,$-63,$10,$0,$10,$9,$9,$0,$5,$24,$59,$6,$0
12,2015-09-30,44.92,$9.73,4.62,$23.37,1.92,$2.43,18.46,$2.39,18.79,$0.40B,$0.15B,2.71,$0.10B,$0.35B,0.27,$0.85B,$0.27B,31.80%,$0.85B,$0.12B,13.66%,$0.85B,$0.12B,13.66%,$0.85B,$0.15B,17.67%,$0.85B,$0.11B,13.31%,$0.85B,$0.09B,10.25%,$0.09B,$0.35B,27.38%,$0.09B,$0.27B,37.83%,$0.09B,$0.63B,14.85%,$0.12B,$0.45B,28.75%,$224,$149,$75,$15,$23,$186,$37,$0,$37,$10,$28,$28,$28,$45,$37,$36,36,$0.77,$0.76,$129,$78,$0,$397,$109,$0,$82,$15,$228,$626,$147,$95,$11,$127,$273,$253,$152,$-45,$352,$626,$67,$23,$0,$24,$-24,$-4,$2,$-1,$-24,$66,$-36,$0,$-0,$0,$0,$0,$0,$-36,$11,$0,$11,$6,$6,$0,$-0,$17,$43,$5,$0
13,2015-06-30,54.91,$9.07,6.06,$22.91,2.4,$2.10,26.14,$2.11,26.02,$0.37B,$0.16B,2.39,$0.08B,$0.33B,0.25,$0.83B,$0.26B,30.93%,$0.83B,$0.10B,12.39%,$0.83B,$0.10B,12.39%,$0.83B,$0.14B,16.61%,$0.83B,$0.10B,12.03%,$0.83B,$0.08B,9.15%,$0.08B,$0.33B,25.35%,$0.08B,$0.24B,36.98%,$0.08B,$0.60B,13.36%,$0.10B,$0.41B,26.81%,$213,$148,$66,$15,$24,$187,$27,$-0,$26,$7,$19,$19,$19,$35,$27,$36,37,$0.54,$0.53,$102,$80,$0,$372,$102,$0,$85,$17,$228,$600,$156,$81,$17,$117,$273,$250,$124,$-41,$327,$600,$39,$15,$-2,$14,$-17,$-4,$13,$-7,$-13,$40,$-23,$0,$-0,$0,$0,$0,$0,$-23,$-3,$0,$-3,$4,$4,$0,$1,$2,$16,$3,$0
14,2015-03-31,50.51,$8.29,6.09,$22.79,2.22,$1.88,26.81,$2.04,24.76,$0.35B,$0.15B,2.32,$0.08B,$0.30B,0.27,$0.82B,$0.25B,30.58%,$0.82B,$0.10B,12.26%,$0.82B,$0.10B,12.26%,$0.82B,$0.14B,16.50%,$0.82B,$0.10B,11.77%,$0.82B,$0.07B,8.86%,$0.07B,$0.30B,25.50%,$0.07B,$0.21B,39.78%,$0.07B,$0.56B,13.21%,$0.10B,$0.38B,27.54%,$207,$140,$67,$15,$25,$180,$27,$-1,$26,$6,$20,$20,$20,$35,$27,$36,36,$0.55,$0.55,$80,$80,$0,$347,$92,$0,$86,$16,$217,$563,$150,$81,$14,$116,$266,$246,$105,$-45,$298,$563,$20,$7,$-1,$6,$-16,$-6,$16,$-4,$-17,$9,$-10,$0,$-0,$0,$0,$0,$0,$-10,$-2,$0,$-2,$2,$2,$0,$-0,$-0,$-6,$1,$0
15,2014-12-31,36.62,$8.24,4.44,$22.53,1.63,$1.64,22.27,$1.96,18.68,$0.34B,$0.15B,2.27,$0.09B,$0.29B,0.29,$0.81B,$0.24B,29.84%,$0.81B,$0.10B,12.21%,$0.81B,$0.10B,12.21%,$0.81B,$0.13B,16.52%,$0.81B,$0.09B,11.59%,$0.81B,$0.07B,8.63%,$0.07B,$0.29B,25.48%,$0.07B,$0.20B,42.04%,$0.07B,$0.55B,12.96%,$0.10B,$0.38B,28.11%,$205,$143,$62,$15,$23,$180,$25,$-0,$24,$4,$20,$20,$20,$35,$25,$35,36,$0.56,$0.54,$86,$78,$0,$335,$92,$0,$99,$10,$219,$554,$148,$85,$9,$112,$260,$243,$85,$-26,$294,$554,$70,$35,$-6,$29,$-17,$-8,$7,$-6,$-19,$80,$-38,$0,$-31,$0,$0,$0,$0,$-70,$12,$0,$12,$7,$7,$0,$-0,$19,$31,$5,$0
16,2014-09-30,42.23,$7.86,5.37,$22.18,1.9,$1.18,35.7,$1.72,24.55,$0.33B,$0.15B,2.17,$0.09B,$0.28B,0.32,$0.79B,$0.23B,29.19%,$0.79B,$0.09B,11.68%,$0.79B,$0.09B,11.68%,$0.79B,$0.12B,15.74%,$0.79B,$0.09B,10.91%,$0.79B,$0.06B,7.74%,$0.06B,$0.28B,23.53%,$0.06B,$0.17B,41.15%,$0.06B,$0.56B,11.69%,$0.09B,$0.37B,27.84%,$206,$144,$62,$15,$22,$182,$24,$0,$24,$7,$17,$17,$17,$33,$24,$36,36,$0.49,$0.48,$65,$75,$0,$329,$89,$0,$108,$12,$229,$558,$151,$90,$10,$126,$278,$243,$65,$-21,$280,$558,$50,$25,$-4,$20,$-25,$-4,$8,$-8,$-25,$45,$-27,$0,$-32,$0,$0,$0,$0,$-59,$15,$0,$15,$6,$6,$0,$4,$25,$10,$3,$0
17,2014-06-30,44.45,$7.69,5.78,$21.41,2.08,$0.63,70.4,$1.48,30.03,$0.30B,$0.16B,1.9,$0.07B,$0.27B,0.24,$0.75B,$0.21B,28.42%,$0.75B,$0.08B,11.02%,$0.75B,$0.08B,11.02%,$0.75B,$0.11B,15.01%,$0.75B,$0.07B,9.83%,$0.75B,$0.05B,7.04%,$0.05B,$0.27B,21.79%,$0.05B,$0.15B,40.38%,$0.05B,$0.54B,10.66%,$0.08B,$0.34B,26.93%,$206,$145,$61,$15,$22,$182,$25,$-2,$23,$7,$16,$16,$16,$33,$25,$35,36,$0.46,$0.46,$43,$68,$0,$297,$84,$0,$119,$13,$238,$535,$156,$66,$13,$106,$262,$238,$48,$-8,$273,$535,$33,$16,$-5,$11,$-17,$5,$-1,$-7,$-19,$24,$-15,$0,$-32,$0,$0,$0,$0,$-47,$1,$0,$1,$3,$3,$0,$4,$9,$-12,$2,$0
18,2014-03-31,34.72,$7.13,4.87,$20.54,1.69,$0.64,54.44,$1.17,29.68,$0.30B,$0.16B,1.93,$0.07B,$0.25B,0.28,$0.71B,$0.19B,27.26%,$0.71B,$0.07B,9.32%,$0.71B,$0.07B,9.32%,$0.71B,$0.10B,13.56%,$0.71B,$0.06B,8.19%,$0.71B,$0.04B,5.93%,$0.04B,$0.25B,18.83%,$0.04B,$0.14B,37.09%,$0.04B,$0.51B,8.85%,$0.07B,$0.32B,22.82%,$194,$137,$57,$13,$18,$169,$25,$-2,$23,$6,$17,$17,$17,$33,$25,$35,36,$0.47,$0.47,$58,$66,$0,$301,$79,$0,$107,$13,$212,$513,$156,$70,$11,$106,$262,$235,$31,$-7,$252,$513,$17,$7,$-4,$3,$-21,$0,$3,$-6,$-23,$-3,$-7,$0,$-1,$0,$0,$0,$0,$-7,$6,$0,$6,$2,$2,$0,$2,$10,$3,$1,$0
19,2013-12-31,26.81,$6.64,4.03,$19.70,1.36,$1.04,25.84,$0.94,28.52,$0.27B,$0.15B,1.76,$0.06B,$0.23B,0.26,$0.66B,$0.18B,26.44%,$0.66B,$0.05B,7.70%,$0.66B,$0.05B,7.70%,$0.66B,$0.08B,12.24%,$0.66B,$0.05B,6.95%,$0.66B,$0.03B,4.98%,$0.03B,$0.23B,16.10%,$0.03B,$0.12B,35.11%,$0.03B,$0.48B,7.28%,$0.05B,$0.29B,18.78%,$182,$133,$50,$13,$19,$165,$18,$-2,$16,$5,$11,$11,$11,$25,$18,$34,34,$0.32,$0.31,$55,$64,$0,$270,$79,$0,$109,$15,$212,$482,$153,$61,$11,$97,$250,$232,$15,$-5,$232,$482,$35,$31,$-4,$27,$-14,$-10,$18,$-9,$-3,$60,$-36,$0,$0,$0,$0,$0,$-49,$-85,$21,$0,$21,$5,$-4,$-1,$2,$19,$-3,$3,$0
20,2013-09-30,19.09,$6.22,3.07,$19.50,0.98,$0.69,27.81,$0.72,26.51,$0.25B,$0.14B,1.82,$0.07B,$0.22B,0.3,$0.63B,$0.16B,25.96%,$0.63B,$0.04B,6.85%,$0.63B,$0.04B,6.85%,$0.63B,$0.07B,11.62%,$0.63B,$0.04B,5.89%,$0.63B,$0.03B,3.98%,$0.03B,$0.22B,12.45%,$0.03B,$0.11B,28.74%,$0.03B,$0.46B,5.65%,$0.04B,$0.28B,16.41%,$171,$125,$46,$13,$18,$157,$15,$-2,$12,$4,$9,$9,$9,$22,$15,$34,35,$0.25,$0.24,$36,$63,$0,$251,$74,$0,$111,$13,$207,$458,$138,$65,$12,$105,$242,$229,$4,$-9,$216,$458,$24,$23,$-4,$20,$-20,$-9,$11,$-2,$-16,$29,$-30,$0,$-47,$0,$0,$0,$-0,$-77,$30,$0,$30,$3,$3,$-9,$1,$25,$-22,$2,$0
21,2013-06-30,18.57,$5.63,3.3,$19.29,0.96,$1.17,15.92,$0.57,32.58,$0.25B,$0.14B,1.81,$0.07B,$0.19B,0.37,$0.60B,$0.15B,25.75%,$0.60B,$0.04B,6.35%,$0.60B,$0.04B,6.35%,$0.60B,$0.07B,11.37%,$0.60B,$0.03B,5.52%,$0.60B,$0.02B,3.01%,$0.02B,$0.19B,9.01%,$0.02B,$0.08B,21.95%,$0.02B,$0.45B,4.07%,$0.04B,$0.26B,14.89%,$161,$120,$40,$12,$19,$152,$8,$-1,$7,$2,$6,$6,$5,$16,$8,$33,33,$0.15,$0.15,$49,$56,$0,$249,$65,$0,$111,$13,$197,$446,$138,$70,$13,$117,$255,$221,$-5,$-18,$192,$446,$15,$16,$-3,$13,$-12,$-3,$14,$-4,$-2,$26,$-18,$0,$-47,$0,$0,$0,$0,$-65,$46,$-10,$36,$2,$2,$-9,$0,$30,$-9,$1,$0
22,2013-03-31,16.38,$5.39,3.04,$18.98,0.86,$1.21,13.57,$0.54,30.33,$0.24B,$0.12B,1.93,$0.07B,$0.18B,0.39,$0.57B,$0.15B,25.83%,$0.57B,$0.04B,6.81%,$0.57B,$0.04B,6.81%,$0.57B,$0.07B,11.87%,$0.57B,$0.04B,6.28%,$0.57B,$0.02B,2.97%,$0.02B,$0.18B,8.41%,$0.02B,$0.07B,20.73%,$0.02B,$0.43B,3.84%,$0.04B,$0.25B,15.49%,$148,$109,$39,$12,$16,$138,$10,$1,$11,$1,$10,$10,$8,$18,$10,$32,32,$0.24,$0.24,$48,$52,$0,$236,$57,$0,$113,$13,$191,$427,$122,$69,$15,$125,$247,$213,$-10,$-18,$180,$427,$10,$8,$-1,$7,$-8,$0,$-0,$-2,$-7,$10,$-6,$0,$-40,$0,$0,$0,$0,$-46,$35,$0,$35,$1,$1,$-8,$0,$28,$-10,$0,$0
23,2012-12-31,13.3,$7.22,1.84,$19.51,0.68,$1.22,10.88,$0.41,32.44,$0.24B,$0.12B,2.07,$0.04B,$0.22B,0.19,$0.56B,$0.14B,25.59%,$0.56B,$0.04B,6.67%,$0.56B,$0.04B,6.67%,$0.56B,$0.07B,11.89%,$0.56B,$0.03B,5.95%,$0.56B,$0.01B,2.16%,$0.01B,$0.22B,5.78%,$0.01B,$0.10B,14.50%,$0.01B,$0.44B,2.65%,$0.04B,$0.26B,14.55%,$148,$110,$38,$10,$18,$139,$10,$-3,$7,$1,$6,$6,$3,$17,$10,$28,29,$0.09,$0.09,$58,$54,$0,$242,$55,$0,$121,$14,$197,$439,$117,$40,$18,$107,$224,$166,$-17,$-11,$215,$439,$24,$31,$3,$34,$-18,$-6,$2,$-3,$-21,$37,$-27,$0,$0,$-8,$0,$-8,$-0,$-35,$-20,$0,$-20,$78,$55,$-2,$-0,$32,$34,$1,$0
24,2012-09-30,12.44,$7.14,1.74,$19.96,0.62,$1.88,6.63,$0.57,21.82,$0.25B,$0.13B,1.9,$0.04B,$0.21B,0.2,$0.54B,$0.14B,25.65%,$0.54B,$0.03B,6.32%,$0.54B,$0.03B,6.32%,$0.54B,$0.06B,11.90%,$0.54B,$0.04B,6.69%,$0.54B,$0.01B,2.60%,$0.01B,$0.21B,7.77%,$0.01B,$0.09B,26.29%,$0.01B,$0.46B,3.21%,$0.03B,$0.25B,14.66%,$141,$104,$37,$10,$17,$131,$10,$-2,$8,$2,$6,$6,$2,$17,$10,$30,30,$0.08,$0.08,$72,$52,$0,$252,$51,$0,$127,$15,$207,$459,$133,$42,$17,$114,$247,$166,$-17,$-14,$212,$459,$19,$23,$0,$23,$-17,$-4,$5,$-7,$-13,$29,$-15,$-2,$0,$-8,$0,$-8,$-0,$-26,$-16,$0,$-16,$78,$78,$-17,$1,$46,$48,$1,$0
25,2012-06-30,11.49,$6.84,1.68,$20.78,0.55,$1.56,7.36,$0.41,28.02,$0.25B,$0.12B,2.09,$0.05B,$0.20B,0.22,$0.52B,$0.13B,25.24%,$0.52B,$0.03B,5.74%,$0.52B,$0.03B,5.74%,$0.52B,$0.06B,11.85%,$0.52B,$0.03B,5.74%,$0.52B,$0.01B,1.91%,$0.01B,$0.20B,6.45%,$0.01B,$0.08B,41.67%,$0.01B,$0.44B,2.37%,$0.03B,$0.25B,14.10%,$136,$102,$34,$10,$15,$128,$9,$1,$10,$3,$7,$7,$4,$16,$9,$30,30,$0.12,$0.12,$77,$46,$0,$245,$46,$0,$122,$16,$199,$444,$117,$45,$17,$124,$241,$165,$-19,$-17,$202,$444,$13,$15,$-1,$14,$-11,$1,$-0,$-7,$-10,$17,$-8,$-0,$0,$-8,$0,$-8,$0,$-16,$0,$-15,$-15,$78,$78,$-9,$1,$54,$53,$1,$0
26,2012-03-31,16.18,$6.84,2.37,$19.73,0.82,$1.41,11.45,$0.22,73.55,$0.26B,$0.12B,2.25,$0.06B,$0.20B,0.29,$0.46B,$0.12B,25.22%,$0.46B,$0.03B,5.39%,$0.46B,$0.03B,5.39%,$0.46B,$0.06B,12.07%,$0.46B,$0.02B,4.74%,$0.46B,$0.00B,0.86%,$0.00B,$0.20B,3.04%,$0.00B,$0.07B,-50.00%,$0.00B,$0.47B,0.96%,$0.03B,$0.26B,12.74%,$130,$97,$33,$10,$14,$121,$8,$-0,$8,$2,$6,$6,$3,$16,$8,$24,25,$0.10,$0.10,$101,$50,$0,$263,$45,$0,$132,$10,$202,$466,$117,$58,$18,$146,$263,$165,$-23,$-11,$202,$466,$6,$8,$-2,$6,$-6,$-2,$1,$-2,$-5,$6,$-3,$-0,$0,$0,$-0,$-0,$0,$-3,$-4,$0,$-4,$76,$76,$-0,$0,$72,$77,$0,$0
27,2011-12-31,14.26,$4.46,3.2,$16.20,0.88,$1.34,10.66,$0.08,178.25,$0.18B,$0.11B,1.59,$0.06B,$0.11B,0.59,$0.37B,$0.09B,25.41%,$0.37B,$0.02B,4.86%,$0.37B,$0.02B,4.86%,$0.37B,$0.04B,11.08%,$0.37B,$0.02B,4.05%,$0.37B,0,0.00%,$0.00B,$0.11B,0.00%,$0.00B,$-0.02B,0.00%,$0.00B,$0.38B,0.00%,$0.02B,$0.17B,12.31%,$131,$97,$34,$11,$16,$124,$7,$3,$10,$1,$10,$10,$5,$15,$7,$23,23,$0.23,$0.23,$24,$46,$0,$178,$45,$0,$128,$9,$197,$375,$112,$62,$19,$158,$270,$81,$-29,$-15,$105,$375,$11,$23,$7,$30,$-13,$-5,$5,$2,$-7,$34,$-11,$-0,$-113,$9,$-0,$8,$-0,$-116,$138,$-111,$27,$7,$69,$-1,$-9,$86,$-3,$2,$0
28,2011-09-30,12.73,$4.78,2.67,$11.90,1.07,$0.80,15.94,$-0.02,0.0,$0.18B,$0.12B,1.56,$0.07B,$0.11B,0.6,$0.27B,$0.07B,25.75%,$0.27B,$0.01B,4.85%,$0.27B,$0.01B,4.85%,$0.27B,$0.03B,10.45%,$0.27B,$0.01B,2.61%,$0.27B,$-0.00B,-0.75%,$-0.00B,$0.11B,-2.37%,$-0.00B,$-0.03B,-27.59%,$-0.00B,$0.40B,-0.70%,$0.01B,$0.18B,10.90%,$126,$95,$31,$11,$14,$120,$6,$-3,$2,$1,$2,$2,$-2,$15,$6,$23,23,$-0.07,$-0.07,$17,$50,$0,$182,$43,$0,$143,$3,$221,$403,$117,$66,$18,$175,$292,$77,$-32,$-4,$111,$403,$2,$15,$5,$21,$-17,$-6,$10,$-0,$-16,$7,$-4,$-1,$-113,$0,$10,$10,$0,$-108,$31,$0,$31,$2,$2,$61,$1,$96,$-10,$2,$0
29,2011-06-30,17.38,$4.90,3.55,$7.74,2.25,$1.04,16.77,$0.17,102.24,$0.18B,$0.11B,1.63,$0.07B,$0.11B,0.67,$0.17B,$0.05B,27.33%,$0.17B,$0.01B,6.40%,$0.17B,$0.01B,6.40%,$0.17B,$0.02B,9.88%,$0.17B,$0.01B,5.23%,$0.17B,$0.00B,1.74%,$0.00B,$0.11B,4.24%,$0.00B,$-0.05B,10.62%,$0.00B,$0.42B,1.47%,$0.01B,$0.18B,12.36%,$77,$58,$19,$5,$9,$73,$4,$-2,$2,$1,$1,$1,$-2,$10,$4,$22,22,$-0.07,$-0.07,$28,$45,$0,$183,$44,$0,$156,$2,$237,$419,$112,$73,$22,$198,$310,$67,$-30,$3,$109,$419,$0,$6,$3,$9,$-3,$1,$-2,$0,$-3,$7,$-3,$-1,$-113,$10,$0,$10,$-0,$-108,$137,$-99,$38,$1,$63,$0,$1,$102,$1,$1,$0
30,2011-03-31,15.27,$2.70,5.65,$5.55,2.75,$1.03,14.86,$0.34,44.91,$0.23B,$0.12B,1.85,$0.00B,$0.06B,0.0,$0.12B,$0.04B,29.84%,$0.12B,$0.01B,8.06%,$0.12B,$0.01B,8.06%,$0.12B,$0.01B,8.87%,$0.12B,$0.01B,8.06%,$0.12B,$0.01B,5.65%,$0.01B,$0.06B,12.33%,$0.01B,$0.06B,13.46%,$0.01B,$0.24B,5.96%,$0.01B,$0.06B,17.62%,$36,$25,$10,$2,$3,$35,$1,$0,$1,$2,$-1,$-1,$-1,$1,$1,$22,22,$-0.03,$-0.03,$189,$7,$0,$225,$5,$0,$5,$1,$19,$243,$121,$0,$0,$62,$183,$66,$-28,$1,$60,$243,$-1,$0,$6,$6,$-7,$-1,$4,$-0,$-3,$2,$-1,$-0,$-183,$0,$10,$10,$0,$-174,$68,$19,$87,$1,$65,$0,$-1,$151,$-20,$0,$0
31,2010-12-31,10.88,$2.61,4.17,$5.01,2.17,$1.05,10.33,$0.44,24.73,$0.07B,$0.02B,3.23,$0.00B,$0.06B,0.0,$0.11B,$0.03B,30.36%,$0.11B,$0.01B,9.82%,$0.11B,$0.01B,9.82%,$0.11B,$0.01B,11.61%,$0.11B,$0.01B,9.82%,$0.11B,$0.01B,8.93%,$0.01B,$0.06B,18.43%,$0.01B,$0.05B,20.10%,$0.01B,$0.08B,13.61%,$0.01B,$0.06B,20.28%,$29,$20,$9,$3,$4,$27,$2,$-0,$2,$-1,$3,$3,$3,$2,$2,$22,22,$0.13,$0.13,$36,$7,$0,$68,$4,$0,$5,$1,$11,$79,$21,$0,$0,$1,$22,$65,$-28,$0,$58,$79,$9,$1,$3,$5,$-5,$-4,$5,$-0,$-2,$11,$-1,$-0,$-5,$-3,$0,$-3,$-0,$-9,$0,$0,$0,$2,$2,$0,$0,$2,$5,$1,$0
32,2010-09-30,10.3,$2.58,3.99,$4.72,2.18,$0.75,13.76,$0.35,29.43,$0.07B,$0.02B,3.16,$0.00B,$0.06B,0.0,$0.11B,$0.03B,29.52%,$0.11B,$0.01B,10.48%,$0.11B,$0.01B,10.48%,$0.11B,$0.01B,13.33%,$0.11B,$0.01B,10.48%,$0.11B,$0.01B,7.62%,$0.01B,$0.06B,15.46%,$0.01B,$0.05B,16.84%,$0.01B,$0.08B,11.55%,$0.01B,$0.06B,21.26%,$30,$22,$9,$2,$2,$26,$4,$0,$4,$1,$3,$3,$3,$4,$4,$22,22,$0.12,$0.12,$35,$3,$0,$66,$4,$0,$4,$1,$11,$78,$21,$0,$0,$1,$22,$64,$-31,$0,$56,$78,$6,$1,$5,$6,$-9,$-1,$6,$-0,$-3,$9,$-1,$-1,$-2,$-4,$0,$-4,$-0,$-6,$0,$0,$0,$1,$1,$0,$0,$1,$4,$1,$0
33,2010-06-30,7.38,$2.43,3.04,$4.20,1.76,$0.38,19.43,$0.28,26.36,$0.06B,$0.02B,3.35,$0.00B,$0.05B,0.0,$0.09B,$0.03B,29.03%,$0.09B,$0.01B,8.60%,$0.09B,$0.01B,8.60%,$0.09B,$0.01B,12.90%,$0.09B,$0.01B,8.60%,$0.09B,$0.01B,6.45%,$0.01B,$0.05B,12.18%,$0.01B,$0.05B,13.33%,$0.01B,$0.07B,9.30%,$0.01B,$0.05B,16.24%,$29,$20,$9,$3,$2,$25,$3,$0,$3,$1,$2,$2,$2,$4,$3,$22,22,$0.11,$0.10,$30,$3,$0,$58,$4,$0,$4,$1,$13,$70,$17,$0,$0,$1,$18,$63,$-34,$0,$53,$70,$4,$1,$3,$3,$-6,$-0,$3,$0,$-4,$4,$-0,$-0,$-2,$-3,$0,$-3,$0,$-5,$0,$0,$0,$0,$0,$0,$0,$0,$-1,$1,$0
34,2010-03-31,10.09,$2.32,4.35,$3.41,2.96,$0.27,37.62,$0.14,72.07,$0.05B,$0.02B,3.2,$0.00B,$0.05B,0.0,$0.08B,$0.02B,28.00%,$0.08B,$0.00B,5.33%,$0.08B,$0.00B,5.33%,$0.08B,$0.01B,9.33%,$0.08B,$0.00B,5.33%,$0.08B,$0.00B,4.00%,$0.00B,$0.05B,6.35%,$0.00B,$0.05B,6.94%,$0.00B,$0.07B,4.96%,$0.00B,$0.05B,8.47%,$24,$18,$7,$2,$2,$22,$2,$0,$2,$1,$2,$2,$2,$3,$2,$22,22,$0.08,$0.07,$29,$3,$0,$53,$5,$0,$4,$1,$14,$67,$17,$0,$0,$0,$17,$62,$-36,$0,$50,$67,$2,$0,$1,$2,$-3,$-1,$2,$1,$-1,$2,$-0,$-0,$-2,$-5,$1,$-4,$0,$-6,$0,$0,$0,$0,$0,$0,$0,$0,$-3,$0,$0
35,2009-12-31,7.94,$2.22,3.57,$2.81,2.83,$0.10,80.12,$0.03,264.67,$0.05B,$0.01B,3.37,$0.00B,$0.05B,0.0,$0.06B,$0.02B,26.23%,$0.06B,$0.00B,1.64%,$0.06B,$0.00B,1.64%,$0.06B,$0.00B,4.92%,$0.06B,$0.00B,1.64%,$0.06B,0,0.00%,$0.00B,$0.05B,0.00%,$0.00B,$0.04B,0.00%,$0.00B,$0.06B,0.00%,$0.00B,$0.05B,2.17%,$22,$15,$6,$1,$3,$19,$2,$-0,$2,$1,$1,$1,$1,$3,$2,$21,22,$0.06,$0.06,$28,$3,$0,$48,$3,$0,$4,$1,$15,$62,$14,$0,$0,$0,$15,$62,$-38,$0,$48,$62,$0,$1,$2,$4,$-7,$0,$6,$-0,$0,$4,$-1,$-1,$0,$-7,$-0,$-7,$-0,$-9,$0,$0,$0,$1,$1,$0,$-0,$1,$-4,$1,$0
36,2009-09-30,7.35,$2.15,3.42,$2.39,3.08,$0.11,67.25,$-0.02,0.0,$0.04B,$0.01B,3.45,$0.00B,$0.05B,0.0,$0.05B,$0.01B,25.00%,$0.05B,$-0.00B,-1.92%,$0.05B,$-0.00B,-1.92%,$0.05B,$0.00B,1.92%,$0.05B,$-0.00B,-1.92%,$0.05B,$-0.00B,-1.92%,$-0.00B,$0.05B,-2.21%,$-0.00B,$0.04B,-2.40%,$-0.00B,$0.06B,-1.82%,$-0.00B,$0.05B,-2.21%,$18,$14,$5,$1,$2,$17,$1,$-0,$1,$0,$1,$1,$1,$2,$1,$21,22,$0.05,$0.05,$25,$2,$0,$43,$3,$0,$4,$0,$16,$59,$13,$0,$0,$0,$13,$62,$-39,$0,$46,$59,$-1,$1,$1,$2,$-6,$1,$5,$-0,$-0,$0,$-0,$-1,$0,$0,$-0,$-0,$-0,$-1,$0,$0,$0,$1,$1,$0,$0,$1,$-0,$1,$0
37,2009-06-30,6.1,$2.09,2.92,$2.30,2.66,$0.18,33.19,$-0.04,0.0,$0.04B,$0.01B,4.51,$0.00B,$0.05B,0.0,$0.05B,$0.01B,25.49%,$0.05B,$-0.00B,-1.96%,$0.05B,$-0.00B,-1.96%,$0.05B,0,0.00%,$0.05B,$-0.00B,-1.96%,$0.05B,$-0.00B,-1.96%,$-0.00B,$0.05B,-2.19%,$-0.00B,$0.04B,-2.35%,$-0.00B,$0.05B,-1.82%,$-0.00B,$0.05B,-2.19%,$11,$8,$3,$2,$2,$12,$-1,$0,$-1,$-0,$-1,$-1,$-1,$-1,$-1,$21,21,$-0.04,$-0.04,$26,$3,$0,$38,$4,$0,$4,$0,$16,$54,$8,$0,$0,$0,$9,$62,$-40,$0,$45,$54,$-2,$1,$-0,$1,$1,$-1,$2,$-0,$2,$1,$-0,$-0,$0,$0,$0,$0,$0,$-1,$0,$0,$0,$1,$1,$0,$0,$1,$1,$1,$0
38,2009-03-31,3.7,$2.11,1.75,$2.54,1.46,$0.20,18.93,$0.06,61.67,$0.04B,$0.01B,4.64,$0.00B,$0.05B,0.0,$0.06B,$0.02B,26.32%,$0.06B,$0.00B,3.51%,$0.06B,$0.00B,3.51%,$0.06B,$0.00B,5.26%,$0.06B,$0.00B,3.51%,$0.06B,$0.00B,1.75%,$0.00B,$0.05B,2.16%,$0.00B,$0.04B,2.31%,$0.00B,$0.05B,1.78%,$0.00B,$0.05B,4.32%,$10,$8,$2,$2,$2,$12,$-1,$0,$-1,$-0,$-1,$-1,$-1,$-1,$-1,$21,21,$-0.04,$-0.04,$25,$3,$0,$38,$4,$0,$3,$0,$16,$54,$8,$0,$0,$0,$9,$62,$-39,$0,$45,$54,$-1,$0,$-0,$0,$-0,$-1,$0,$0,$-1,$-2,$-0,$-0,$0,$0,$0,$0,$0,$-0,$0,$1,$1,$1,$1,$0,$0,$2,$-0,$0,$0
39,2008-12-31,3.26,$2.12,1.53,$2.82,1.16,$0.27,11.86,$0.16,20.38,$0.04B,$0.01B,5.25,$0.00B,$0.05B,0.0,$0.06B,$0.02B,29.69%,$0.06B,$0.01B,7.81%,$0.06B,$0.01B,7.81%,$0.06B,$0.01B,9.38%,$0.06B,$0.01B,7.81%,$0.06B,$0.00B,4.69%,$0.00B,$0.05B,6.49%,$0.00B,$0.04B,6.94%,$0.00B,$0.05B,5.22%,$0.01B,$0.05B,10.81%,$13,$10,$3,$2,$1,$13,$0,$0,$0,$-0,$0,$0,$0,$1,$0,$22,22,$0.01,$0.01,$25,$3,$0,$38,$4,$0,$3,$0,$15,$53,$7,$0,$0,$0,$8,$61,$-39,$0,$45,$53,$4,$1,$2,$4,$4,$-0,$-5,$0,$-2,$6,$-2,$-1,$0,$24,$0,$24,$-0,$21,$0,$0,$0,$-3,$-3,$0,$0,$-3,$24,$1,$0
40,2008-09-30,6.58,$2.16,3.05,$2.97,2.22,$0.61,10.77,$0.23,28.61,$0.05B,$0.01B,4.47,$0.00B,$0.05B,0.0,$0.07B,$0.02B,32.84%,$0.07B,$0.01B,10.45%,$0.07B,$0.01B,10.45%,$0.07B,$0.01B,11.94%,$0.07B,$0.01B,11.94%,$0.07B,$0.01B,7.46%,$0.01B,$0.05B,10.93%,$0.01B,$0.05B,11.70%,$0.01B,$0.06B,8.58%,$0.01B,$0.05B,15.30%,$17,$12,$5,$2,$2,$16,$1,$0,$1,$0,$1,$1,$1,$1,$1,$22,22,$0.03,$0.03,$27,$4,$0,$47,$5,$0,$3,$0,$12,$59,$11,$0,$0,$0,$11,$64,$-39,$-0,$48,$59,$3,$1,$3,$4,$0,$-2,$-2,$-0,$-4,$3,$-2,$-1,$0,$12,$0,$12,$0,$10,$0,$0,$0,$1,$1,$0,$0,$1,$14,$1,$0
41,2008-06-30,7.11,$2.11,3.37,$2.93,2.43,$0.87,8.21,$0.33,21.55,$0.03B,$0.01B,2.88,$0.00B,$0.05B,0.0,$0.07B,$0.02B,33.33%,$0.07B,$0.01B,12.12%,$0.07B,$0.01B,12.12%,$0.07B,$0.01B,13.64%,$0.07B,$0.01B,13.64%,$0.07B,$0.01B,10.61%,$0.01B,$0.05B,16.00%,$0.01B,$0.04B,17.07%,$0.01B,$0.06B,12.39%,$0.01B,$0.05B,18.29%,$17,$12,$5,$1,$2,$15,$2,$0,$2,$1,$1,$1,$1,$2,$2,$22,23,$0.06,$0.06,$14,$5,$0,$34,$5,$13,$3,$0,$25,$59,$12,$0,$0,$0,$12,$64,$-39,$-0,$47,$59,$3,$1,$2,$3,$0,$-3,$-0,$0,$-3,$2,$-1,$-0,$0,$-3,$14,$11,$0,$9,$0,$0,$0,$1,$1,$0,$0,$1,$12,$0,$0
42,2008-03-31,14.8,$2.04,7.26,$2.85,5.19,$1.06,13.9,$0.33,44.85,$0.02B,$0.01B,1.84,$0.00B,$0.05B,0.0,$0.06B,$0.02B,34.38%,$0.06B,$0.01B,12.50%,$0.06B,$0.01B,12.50%,$0.06B,$0.01B,14.06%,$0.06B,$0.01B,14.06%,$0.06B,$0.01B,10.94%,$0.01B,$0.05B,16.97%,$0.01B,$0.04B,18.18%,$0.01B,$0.06B,13.08%,$0.01B,$0.05B,19.39%,$17,$12,$6,$2,$2,$16,$2,$0,$2,$1,$1,$1,$1,$2,$2,$22,23,$0.06,$0.06,$4,$3,$0,$24,$5,$22,$3,$0,$34,$59,$13,$0,$0,$0,$14,$64,$-41,$-0,$45,$59,$1,$0,$1,$1,$-1,$-1,$1,$-0,$-2,$1,$-1,$-0,$0,$-3,$4,$1,$0,$-0,$0,$0,$0,$1,$1,$0,$0,$1,$1,$0,$0
43,2007-12-31,21.14,$1.95,10.85,$2.82,7.51,$1.24,17.03,$0.33,64.06,$0.04B,$0.01B,3.38,$0.00B,$0.04B,0.0,$0.06B,$0.02B,33.33%,$0.06B,$0.01B,12.70%,$0.06B,$0.01B,12.70%,$0.06B,$0.01B,14.29%,$0.06B,$0.01B,14.29%,$0.06B,$0.01B,11.11%,$0.01B,$0.04B,18.06%,$0.01B,$0.04B,19.18%,$0.01B,$0.06B,14.00%,$0.01B,$0.04B,20.65%,$16,$11,$6,$1,$2,$14,$2,$0,$3,$1,$2,$2,$2,$3,$2,$22,23,$0.08,$0.08,$25,$2,$0,$43,$4,$0,$3,$0,$13,$56,$13,$0,$0,$0,$13,$63,$-42,$-0,$43,$56,$7,$1,$2,$3,$-3,$2,$3,$-0,$4,$14,$-3,$-2,$0,$-12,$0,$-12,$0,$-17,$0,$0,$0,$1,$1,$0,$0,$1,$-1,$1,$0
44,2007-09-30,17.31,$1.85,9.37,$2.82,6.14,$0.89,19.39,$0.30,57.7,$0.04B,$0.01B,3.37,$0.00B,$0.04B,0.0,$0.06B,$0.02B,32.26%,$0.06B,$0.01B,12.90%,$0.06B,$0.01B,12.90%,$0.06B,$0.01B,12.90%,$0.06B,$0.01B,12.90%,$0.06B,$0.01B,9.68%,$0.01B,$0.04B,16.55%,$0.01B,$0.04B,17.39%,$0.01B,$0.05B,12.90%,$0.01B,$0.04B,22.07%,$16,$11,$5,$1,$2,$14,$2,$0,$2,$-1,$3,$3,$3,$2,$2,$22,23,$0.14,$0.13,$20,$1,$0,$40,$4,$0,$3,$0,$13,$52,$12,$0,$0,$1,$12,$62,$-44,$-0,$40,$52,$6,$0,$1,$1,$-3,$3,$3,$-1,$2,$9,$-2,$-2,$0,$0,$-7,$-7,$0,$-10,$0,$0,$0,$0,$0,$0,$0,$0,$-1,$1,$0
45,2007-06-30,17.99,$1.70,10.6,$2.69,6.68,$0.53,34.05,$0.21,85.67,$0.04B,$0.01B,3.77,$0.00B,$0.04B,0.0,$0.06B,$0.02B,32.20%,$0.06B,$0.01B,11.86%,$0.06B,$0.01B,11.86%,$0.06B,$0.01B,11.86%,$0.06B,$0.01B,11.86%,$0.06B,$0.00B,6.78%,$0.00B,$0.04B,11.68%,$0.00B,$0.03B,12.21%,$0.00B,$0.05B,9.04%,$0.01B,$0.04B,20.44%,$15,$10,$5,$1,$2,$13,$2,$0,$2,$1,$1,$1,$1,$2,$2,$22,23,$0.06,$0.06,$18,$2,$0,$36,$3,$0,$3,$0,$11,$47,$10,$0,$0,$1,$10,$62,$-47,$-0,$37,$47,$3,$0,$2,$2,$-2,$3,$1,$-1,$1,$6,$-1,$-2,$0,$0,$-4,$-4,$0,$-7,$0,$0,$0,$0,$0,$0,$0,$0,$-0,$0,$0
46,2007-03-31,12.45,$1.63,7.65,$2.65,4.71,$0.27,46.66,$0.19,65.53,$0.04B,$0.01B,3.83,$0.00B,$0.04B,0.0,$0.06B,$0.02B,32.14%,$0.06B,$0.01B,10.71%,$0.06B,$0.01B,10.71%,$0.06B,$0.01B,10.71%,$0.06B,$0.01B,10.71%,$0.06B,$0.00B,7.14%,$0.00B,$0.04B,12.31%,$0.00B,$0.03B,12.60%,$0.00B,$0.05B,9.47%,$0.01B,$0.04B,18.46%,$16,$11,$5,$1,$2,$14,$2,$0,$2,$1,$1,$1,$1,$2,$2,$21,22,$0.06,$0.06,$18,$2,$0,$36,$2,$0,$1,$0,$9,$45,$9,$0,$0,$1,$10,$62,$-48,$-0,$35,$45,$1,$0,$1,$1,$-1,$2,$1,$-0,$2,$4,$-0,$-0,$0,$-3,$0,$-3,$0,$-4,$0,$0,$0,$0,$0,$0,$0,$0,$0,$0,$0
47,2006-12-31,9.66,$1.55,6.21,$2.49,3.88,$0.09,107.81,$0.16,60.38,$0.03B,$0.01B,3.77,$0.00B,$0.03B,0.0,$0.05B,$0.02B,32.00%,$0.05B,$0.01B,10.00%,$0.05B,$0.01B,10.00%,$0.05B,$0.01B,10.00%,$0.05B,$0.01B,10.00%,$0.05B,$0.00B,8.00%,$0.00B,$0.03B,12.80%,$0.00B,$0.03B,13.11%,$0.00B,$0.04B,9.94%,$0.01B,$0.03B,16.00%,$15,$10,$5,$1,$2,$13,$2,$0,$2,$1,$1,$1,$1,$2,$2,$20,21,$0.05,$0.05,$15,$4,$0,$32,$2,$0,$1,$0,$10,$42,$9,$0,$0,$1,$9,$62,$-49,$-0,$33,$42,$4,$0,$3,$4,$-1,$-2,$0,$-0,$-2,$5,$-2,$-0,$0,$-2,$0,$-2,$0,$-4,$0,$0,$0,$0,$0,$0,$0,$0,$1,$1,$0
