,Date,Stock Price,Book Value per Share,Price to Book Ratio,TTM Sales per Share,Price to Sales Ratio,TTM FCF per Share,Price to FCF Ratio,TTM Net EPS,PE Ratio,Current Assets,Current Liabilities,Current Ratio,Long Term Debt,Shareholder's Equity_x,Debt to Equity Ratio,TTM Revenue_x,TTM Gross Profit,Gross Margin,TTM Revenue_y,TTM Operating Income,Operating Margin,TTM Revenue_x,TTM EBIT,EBIT Margin,TTM Revenue_y,TTM EBITDA,EBITDA Margin,TTM Revenue_x,TTM Pre-Tax Income,Pre-Tax Margin,TTM Revenue_y,TTM Net Income_x,Net Margin,TTM Net Income_y,Shareholder's Equity_y,Return on Equity,TTM Net Income_x,Tangible Equity,Return on Tangible Equity,TTM Net Income_y,Total Assets,Return on Assets,TTM Net Income,LT Investments & Debt,Return on Investment,revenue,cost-goods-sold,gross-profit,research-development-expenses,selling-general-administrative-expenses,operating-expenses,operating-income,total-non-operating-income-expense,pre-tax-income,total-provision-income-taxes,income-after-taxes,income-from-continuous-operations,net-income,ebitda,ebit,basic-shares-outstanding,shares-outstanding,eps-basic-net-earnings-per-share,eps-earnings-per-share-diluted,cash-on-hand,inventory,other-current-assets,total-current-assets,net-property-plant-equipment,long-term-investments,goodwill-intangible-assets-total,other-long-term-assets,total-long-term-assets,total-assets,total-current-liabilities,long-term-debt,other-non-current-liabilities,total-long-term-liabilities,total-liabilities,common-stock-net,retained-earnings-accumulated-deficit,comprehensive-income,total-share-holder-equity,total-liabilities-share-holders-equity,net-income-loss,total-depreciation-amortization-cash-flow,other-non-cash-items,total-non-cash-items,change-in-accounts-receivable,change-in-inventories,change-in-accounts-payable,change-in-assets-liabilities,total-change-in-assets-liabilities,cash-flow-from-operating-activities,net-change-in-property-plant-equipment,net-change-in-intangible-assets,net-acquisitions-divestitures,net-change-in-short-term-investments,net-change-in-long-term-investments,net-change-in-investments-total,investing-activities-other,cash-flow-from-investing-activities,net-long-term-debt,net-current-debt,debt-issuance-retirement-net-total,net-common-equity-issued-repurchased,net-total-equity-issued-repurchased,total-common-preferred-stock-dividends-paid,financial-activities-other,cash-flow-from-financial-activities,net-cash-flow,stock-based-compensation,common-stock-dividends-paid
0,2018-09-30,47.85,$39.03,1.23,$106.38,0.45,$12.10,3.95,$-6.26,0.0,$1.45B,$0.76B,1.9,$2.33B,$2.19B,1.07,$6.03B,$0.96B,15.87%,$6.03B,$-0.49B,-8.07%,$6.03B,$-0.49B,-8.07%,$6.03B,$0.33B,5.49%,$6.03B,$-0.61B,-10.08%,$6.03B,$-0.36B,-5.94%,$-0.36B,$2.19B,-16.16%,$-0.36B,$-0.70B,50.55%,$-0.36B,$5.64B,-6.26%,$-0.49B,$4.52B,-10.44%,$1394,$1167,$228,$0,$152,$1363,$31,$-31,$0,$-5,$5,$5,$5,$96,$31,$56,57,$0.10,$0.10,$68,$999,$0,$1446,$1272,$0,$2890,$36,$4199,$5644,$761,$2333,$187,$2693,$3455,$1,$199,$-75,$2190,$5644,$-49,$194,$19,$213,$40,$-85,$0,$14,$107,$271,$-112,$-16,$31,$0,$0,$0,$-1,$-99,$-208,$0,$-208,$-41,$-41,$0,$-2,$-251,$-80,$28,$0
1,2018-06-30,52.51,$38.82,1.35,$108.64,0.48,$12.22,4.3,$-5.86,0.0,$1.43B,$0.71B,2.02,$2.39B,$2.19B,1.09,$6.19B,$0.99B,15.99%,$6.19B,$-0.46B,-7.44%,$6.19B,$-0.46B,-7.44%,$6.19B,$0.37B,5.93%,$6.19B,$-0.58B,-9.34%,$6.19B,$-0.33B,-5.40%,$-0.33B,$2.19B,-14.42%,$-0.33B,$-0.73B,43.63%,$-0.33B,$5.66B,-5.59%,$-0.46B,$4.58B,-9.51%,$1456,$1220,$236,$0,$165,$1453,$3,$-29,$-26,$-6,$-20,$-20,$-20,$65,$3,$56,56,$-0.36,$-0.36,$113,$944,$0,$1434,$1270,$0,$2914,$43,$4227,$5661,$709,$2391,$202,$2766,$3475,$1,$193,$-82,$2186,$5661,$-54,$129,$32,$161,$69,$-31,$0,$-19,$125,$231,$-76,$-9,$0,$0,$0,$0,$-1,$-86,$-148,$0,$-148,$-28,$-28,$0,$-2,$-178,$-34,$23,$0
2,2018-03-31,38.27,$39.36,0.97,$109.53,0.35,$13.99,2.74,$-6.10,0.0,$1.53B,$0.66B,2.33,$2.53B,$2.22B,1.14,$6.25B,$1.03B,16.47%,$6.25B,$-0.49B,-7.79%,$6.25B,$-0.49B,-7.79%,$6.25B,$0.35B,5.52%,$6.25B,$-0.61B,-9.72%,$6.25B,$-0.35B,-5.57%,$-0.35B,$2.22B,-14.47%,$-0.35B,$-0.71B,41.74%,$-0.35B,$5.79B,-5.62%,$-0.49B,$4.75B,-9.80%,$1481,$1249,$232,$0,$190,$1490,$-9,$-35,$-44,$-10,$-34,$-34,$-34,$58,$-9,$57,57,$-0.60,$-0.60,$142,$941,$0,$1533,$1279,$0,$2932,$42,$4253,$5786,$659,$2533,$198,$2907,$3566,$1,$213,$-73,$2220,$5786,$-34,$67,$30,$97,$-17,$-25,$0,$-11,$-5,$58,$-39,$-3,$0,$0,$0,$0,$-0,$-42,$-4,$0,$-4,$-16,$-16,$0,$0,$-20,$-4,$16,$0
3,2017-12-31,49.46,$39.99,1.24,$109.99,0.45,$14.41,3.43,$-5.01,0.0,$1.49B,$0.60B,2.48,$2.54B,$2.26B,1.12,$6.31B,$1.08B,17.19%,$6.31B,$-0.41B,-6.52%,$6.31B,$-0.41B,-6.52%,$6.31B,$0.43B,6.77%,$6.31B,$-0.52B,-8.31%,$6.31B,$-0.29B,-4.53%,$-0.29B,$2.26B,-11.50%,$-0.29B,$-0.69B,31.39%,$-0.29B,$5.78B,-4.50%,$-0.41B,$4.80B,-8.08%,$1700,$1439,$261,$0,$179,$2212,$-512,$-26,$-538,$-229,$-309,$-309,$-309,$112,$-512,$57,57,$-5.41,$-5.40,$147,$918,$0,$1485,$1294,$0,$2955,$45,$4295,$5779,$600,$2536,$202,$2916,$3516,$1,$246,$-62,$2263,$5779,$-286,$837,$-113,$724,$103,$13,$0,$-19,$68,$506,$-151,$-26,$19,$-1,$0,$-1,$0,$-160,$-250,$0,$-250,$-24,$-24,$0,$-5,$-278,$71,$30,$0
4,2017-09-30,67.73,$45.41,1.49,$112.11,0.6,$13.68,4.95,$-4.57,0.0,$1.83B,$0.85B,2.16,$2.62B,$2.60B,1.01,$6.38B,$1.17B,18.36%,$6.38B,$-0.14B,-2.26%,$6.38B,$-0.14B,-2.26%,$6.38B,$0.50B,7.86%,$6.38B,$-0.25B,-3.93%,$6.38B,$-0.26B,-4.06%,$-0.26B,$2.60B,-10.16%,$-0.26B,$-0.93B,25.68%,$-0.26B,$6.69B,-3.95%,$-0.14B,$5.22B,-2.77%,$1549,$1289,$260,$0,$163,$1491,$58,$-28,$30,$1,$29,$29,$29,$132,$58,$57,58,$0.50,$0.50,$145,$1138,$0,$1825,$1290,$0,$3528,$43,$4861,$6686,$846,$2620,$201,$3242,$4088,$1,$555,$-60,$2597,$6686,$23,$213,$112,$325,$0,$-205,$0,$-39,$-84,$263,$-95,$-19,$19,$0,$0,$0,$-1,$-96,$-103,$0,$-103,$4,$4,$0,$0,$-99,$70,$25,$0
5,2017-06-30,81.69,$44.46,1.84,$112.82,0.72,$13.68,5.97,$-4.42,0.0,$1.63B,$0.78B,2.08,$2.57B,$2.54B,1.01,$6.42B,$1.20B,18.65%,$6.42B,$-0.12B,-1.93%,$6.42B,$-0.12B,-1.93%,$6.42B,$0.52B,8.08%,$6.42B,$-0.23B,-3.55%,$6.42B,$-0.25B,-3.91%,$-0.25B,$2.54B,-9.67%,$-0.25B,$-1.00B,23.55%,$-0.25B,$6.51B,-3.80%,$-0.12B,$5.11B,-2.34%,$1522,$1246,$277,$0,$178,$1546,$-24,$-32,$-56,$-22,$-34,$-34,$-34,$43,$-24,$57,57,$-0.60,$-0.60,$186,$993,$3,$1628,$1296,$0,$3544,$42,$4882,$6510,$783,$2568,$206,$3184,$3967,$1,$526,$-78,$2543,$6510,$-6,$139,$97,$236,$77,$-66,$0,$-23,$97,$327,$-70,$-14,$19,$0,$0,$0,$-1,$-65,$-155,$0,$-155,$3,$3,$0,$0,$-151,$112,$19,$0
6,2017-03-31,84.66,$44.79,1.89,$112.92,0.75,$11.88,7.13,$-3.55,0.0,$1.52B,$0.63B,2.42,$2.68B,$2.55B,1.05,$6.44B,$1.19B,18.43%,$6.44B,$-0.05B,-0.75%,$6.44B,$-0.05B,-0.75%,$6.44B,$0.60B,9.36%,$6.44B,$-0.15B,-2.33%,$6.44B,$-0.20B,-3.07%,$-0.20B,$2.55B,-7.48%,$-0.20B,$-1.02B,17.61%,$-0.20B,$6.48B,-2.95%,$-0.05B,$5.23B,-0.88%,$1536,$1250,$286,$0,$184,$1469,$67,$-28,$40,$12,$28,$28,$28,$140,$67,$57,58,$0.50,$0.49,$79,$990,$4,$1524,$1338,$0,$3570,$43,$4951,$6475,$629,$2677,$218,$3298,$3926,$1,$560,$-97,$2549,$6475,$28,$72,$-8,$65,$45,$-11,$0,$3,$-15,$79,$-35,$-9,$0,$0,$0,$0,$-0,$-44,$-36,$0,$-36,$6,$6,$0,$0,$-30,$5,$8,$0
7,2016-12-31,72.19,$44.07,1.64,$110.36,0.65,$12.75,5.66,$-4.10,0.0,$1.56B,$0.69B,2.25,$2.73B,$2.50B,1.09,$6.18B,$1.13B,18.23%,$6.18B,$-0.10B,-1.55%,$6.18B,$-0.10B,-1.55%,$6.18B,$0.54B,8.79%,$6.18B,$-0.20B,-3.16%,$6.18B,$-0.23B,-3.71%,$-0.23B,$2.50B,-8.51%,$-0.23B,$-1.08B,19.25%,$-0.23B,$6.55B,-3.36%,$-0.10B,$5.23B,-1.73%,$1777,$1427,$349,$0,$209,$2022,$-245,$-20,$-265,$16,$-282,$-282,$-282,$187,$-245,$56,56,$-5.04,$-5.02,$73,$978,$4,$1561,$1359,$0,$3585,$41,$4985,$6546,$693,$2725,$202,$3349,$4043,$1,$532,$-101,$2503,$6546,$-229,$641,$-2,$638,$-60,$54,$0,$-12,$69,$479,$-174,$-12,$-2644,$0,$0,$0,$-2,$-2831,$1577,$0,$1577,$835,$835,$0,$-34,$2378,$27,$30,$0
8,2016-09-30,87.19,$49.13,1.77,$98.26,0.89,$12.27,7.1,$1.71,50.99,$1.56B,$0.67B,2.35,$2.85B,$2.79B,1.02,$5.26B,$0.96B,18.22%,$5.26B,$0.23B,4.28%,$5.26B,$0.23B,4.28%,$5.26B,$0.46B,8.78%,$5.26B,$0.13B,2.41%,$5.26B,$0.09B,1.71%,$0.09B,$2.79B,3.56%,$0.09B,$-1.16B,-8.74%,$0.09B,$6.92B,1.48%,$0.23B,$5.64B,4.50%,$1587,$1301,$286,$0,$174,$1509,$78,$-25,$53,$15,$37,$37,$37,$149,$78,$57,58,$0.66,$0.65,$57,$1041,$3,$1562,$1365,$0,$3946,$50,$5361,$6923,$665,$2850,$205,$3471,$4136,$1,$810,$-91,$2787,$6923,$53,$208,$12,$220,$-17,$-8,$0,$-32,$25,$298,$-130,$-11,$-2644,$0,$0,$0,$-1,$-2787,$1698,$0,$1698,$834,$834,$0,$-34,$2497,$12,$23,$0
9,2016-06-30,102.65,$48.48,2.12,$88.98,1.15,$11.93,8.61,$1.71,60.03,$1.50B,$0.66B,2.29,$2.86B,$2.75B,1.04,$4.48B,$0.83B,18.59%,$4.48B,$0.21B,4.67%,$4.48B,$0.21B,4.67%,$4.48B,$0.41B,9.05%,$4.48B,$0.11B,2.55%,$4.48B,$0.08B,1.81%,$0.08B,$2.75B,3.54%,$0.08B,$-1.24B,-9.38%,$0.08B,$6.90B,1.52%,$0.21B,$5.61B,4.78%,$1541,$1276,$266,$0,$182,$1490,$52,$-29,$22,$3,$19,$19,$19,$127,$52,$57,58,$0.34,$0.33,$61,$989,$3,$1502,$1361,$0,$3984,$52,$5397,$6899,$656,$2860,$221,$3493,$4150,$1,$773,$-84,$2749,$6899,$16,$136,$6,$143,$14,$47,$0,$-45,$82,$241,$-84,$-6,$-2640,$0,$0,$0,$-1,$-2731,$1701,$0,$1701,$834,$834,$0,$-34,$2501,$17,$14,$0
10,2016-03-31,86.75,$48.19,1.8,$79.55,1.09,$11.72,7.4,$2.16,40.16,$1.46B,$0.56B,2.6,$2.94B,$2.72B,1.08,$3.69B,$0.72B,19.42%,$3.69B,$0.21B,5.74%,$3.69B,$0.21B,5.74%,$3.69B,$0.36B,9.86%,$3.69B,$0.14B,3.79%,$3.69B,$0.09B,2.52%,$0.09B,$2.72B,4.54%,$0.09B,$-1.28B,-13.48%,$0.09B,$6.86B,2.04%,$0.21B,$5.66B,5.65%,$1270,$1046,$225,$0,$180,$1251,$19,$-24,$-5,$-2,$-3,$-3,$-3,$80,$19,$53,53,$-0.06,$-0.06,$70,$979,$3,$1462,$1346,$0,$4001,$56,$5403,$6864,$563,$2942,$229,$3582,$4145,$1,$757,$-89,$2719,$6864,$-3,$61,$6,$67,$16,$47,$0,$-17,$47,$111,$-25,$-2,$-2640,$0,$0,$0,$-0,$-2667,$1777,$0,$1777,$837,$837,$0,$-34,$2579,$26,$6,$0
11,2015-12-31,78.46,$43.01,1.82,$73.40,1.07,$11.47,6.84,$2.63,29.83,$0.85B,$0.28B,3.08,$1.22B,$1.86B,0.66,$3.21B,$0.64B,20.09%,$3.21B,$0.24B,7.49%,$3.21B,$0.24B,7.49%,$3.21B,$0.36B,11.26%,$3.21B,$0.17B,5.33%,$3.21B,$0.11B,3.56%,$0.11B,$1.86B,6.29%,$0.11B,$-0.44B,-22.11%,$0.11B,$3.70B,3.00%,$0.24B,$3.08B,7.69%,$865,$684,$182,$0,$89,$789,$76,$-19,$57,$20,$37,$37,$37,$106,$76,$43,44,$0.86,$0.85,$43,$584,$0,$847,$542,$0,$2296,$18,$2856,$3703,$275,$1222,$72,$1572,$1848,$0,$761,$-113,$1855,$3703,$115,$122,$45,$167,$22,$0,$0,$21,$9,$291,$-72,$-13,$0,$0,$0,$0,$-1,$-86,$-215,$0,$-215,$2,$2,$0,$-0,$-214,$-17,$23,$0
12,2015-09-30,77.79,$42.21,1.84,$76.05,1.02,$10.04,7.75,$2.56,30.39,$0.96B,$0.33B,2.9,$1.31B,$1.82B,0.72,$3.25B,$0.64B,19.75%,$3.25B,$0.24B,7.37%,$3.25B,$0.24B,7.37%,$3.25B,$0.36B,11.19%,$3.25B,$0.17B,5.12%,$3.25B,$0.11B,3.42%,$0.11B,$1.82B,6.21%,$0.11B,$-0.50B,-19.78%,$0.11B,$3.84B,2.90%,$0.24B,$3.13B,7.58%,$799,$640,$159,$0,$81,$736,$62,$-22,$40,$12,$28,$28,$28,$92,$62,$43,44,$0.66,$0.65,$31,$647,$0,$957,$544,$0,$2316,$27,$2887,$3844,$330,$1307,$67,$1694,$2025,$0,$723,$-104,$1819,$3844,$78,$92,$28,$120,$14,$-62,$0,$-5,$-29,$169,$-57,$-10,$0,$-1,$0,$-1,$0,$-67,$-136,$0,$-136,$1,$1,$0,$5,$-130,$-29,$16,$0
13,2015-06-30,81.03,$41.92,1.93,$76.73,1.06,$7.76,10.44,$2.38,34.05,$0.90B,$0.30B,3.04,$1.33B,$1.81B,0.74,$3.24B,$0.64B,19.77%,$3.24B,$0.23B,6.94%,$3.24B,$0.23B,6.94%,$3.24B,$0.35B,10.76%,$3.24B,$0.16B,4.84%,$3.24B,$0.10B,3.18%,$0.10B,$1.81B,5.85%,$0.10B,$-0.54B,-16.88%,$0.10B,$3.82B,2.67%,$0.23B,$3.13B,7.05%,$759,$608,$151,$0,$81,$705,$55,$-7,$48,$16,$31,$31,$31,$86,$55,$43,44,$0.73,$0.72,$54,$613,$0,$900,$549,$0,$2344,$24,$2918,$3817,$296,$1329,$69,$1716,$2012,$0,$695,$-84,$1805,$3817,$49,$62,$10,$71,$58,$-24,$0,$2,$28,$149,$-39,$-7,$0,$-0,$0,$-0,$0,$-46,$-114,$0,$-114,$1,$1,$0,$5,$-108,$-7,$10,$0
14,2015-03-31,85.02,$41.19,2.06,$75.87,1.12,$6.65,12.78,$2.23,38.13,$0.90B,$0.28B,3.22,$1.38B,$1.77B,0.78,$3.11B,$0.63B,20.12%,$3.11B,$0.22B,6.91%,$3.11B,$0.22B,6.91%,$3.11B,$0.33B,10.70%,$3.11B,$0.14B,4.60%,$3.11B,$0.09B,3.02%,$0.09B,$1.77B,5.72%,$0.09B,$-0.58B,-16.77%,$0.09B,$3.82B,2.59%,$0.22B,$3.15B,7.18%,$783,$631,$152,$0,$90,$736,$47,$-21,$26,$8,$18,$18,$18,$77,$47,$43,44,$0.42,$0.41,$63,$559,$0,$899,$543,$0,$2350,$24,$2916,$3815,$279,$1383,$69,$1771,$2050,$0,$664,$-91,$1765,$3815,$18,$31,$11,$42,$12,$29,$0,$2,$22,$82,$-21,$-4,$0,$-0,$0,$-0,$0,$-25,$-61,$0,$-61,$5,$5,$0,$3,$-52,$3,$6,$0
15,2014-12-31,85.53,$41.24,2.07,$74.36,1.15,$5.75,14.88,$2.20,38.88,$0.91B,$0.31B,2.95,$1.44B,$1.76B,0.82,$2.95B,$0.61B,20.60%,$2.95B,$0.22B,7.40%,$2.95B,$0.22B,7.40%,$2.95B,$0.33B,11.30%,$2.95B,$0.14B,4.65%,$2.95B,$0.09B,3.05%,$0.09B,$1.76B,5.90%,$0.09B,$-0.63B,-18.53%,$0.09B,$3.86B,2.69%,$0.22B,$3.20B,7.91%,$904,$724,$179,$0,$86,$828,$75,$-23,$52,$18,$34,$34,$34,$108,$75,$39,40,$0.82,$0.81,$61,$594,$0,$914,$544,$0,$2384,$16,$2944,$3858,$310,$1438,$68,$1789,$2099,$0,$646,$-64,$1759,$3858,$90,$116,$81,$197,$-19,$-27,$0,$-6,$-57,$230,$-86,$-11,$-993,$0,$0,$0,$-1,$-1090,$512,$0,$512,$386,$386,$0,$-30,$868,$6,$25,$0
16,2014-09-30,80.5,$40.66,1.98,$69.56,1.16,$5.99,13.43,$2.03,39.66,$0.97B,$0.33B,2.98,$1.56B,$1.72B,0.91,$2.70B,$0.57B,20.90%,$2.70B,$0.20B,7.21%,$2.70B,$0.20B,7.21%,$2.70B,$0.31B,11.28%,$2.70B,$0.12B,4.40%,$2.70B,$0.08B,2.92%,$0.08B,$1.72B,5.62%,$0.08B,$-0.69B,-19.27%,$0.08B,$3.95B,2.58%,$0.20B,$3.28B,7.77%,$796,$637,$159,$0,$95,$748,$48,$-17,$31,$11,$20,$20,$20,$78,$48,$41,42,$0.48,$0.47,$31,$677,$0,$974,$540,$0,$2412,$21,$2972,$3947,$327,$1559,$36,$1901,$2228,$0,$612,$-47,$1719,$3947,$56,$83,$38,$121,$-8,$-109,$0,$-11,$-100,$77,$-65,$-8,$-1001,$-0,$0,$-0,$1,$-1074,$615,$0,$615,$376,$376,$0,$-18,$972,$-24,$17,$0
17,2014-06-30,80.07,$36.05,2.22,$65.77,1.22,$7.08,11.31,$2.17,36.9,$0.72B,$0.29B,2.46,$1.02B,$1.34B,0.76,$2.47B,$0.52B,21.06%,$2.47B,$0.19B,7.60%,$2.47B,$0.19B,7.60%,$2.47B,$0.29B,11.84%,$2.47B,$0.12B,4.73%,$2.47B,$0.08B,3.31%,$0.08B,$1.34B,6.37%,$0.08B,$-0.34B,-27.68%,$0.08B,$2.91B,3.00%,$0.19B,$2.35B,8.44%,$628,$492,$136,$0,$80,$583,$45,$-11,$34,$12,$22,$22,$22,$70,$45,$37,38,$0.59,$0.57,$26,$499,$0,$719,$497,$0,$1676,$20,$2193,$2912,$293,$1017,$26,$1283,$1576,$0,$592,$-33,$1336,$2912,$36,$53,$23,$76,$10,$-56,$0,$-10,$-29,$83,$-30,$-5,$-141,$-0,$0,$-0,$0,$-176,$73,$0,$73,$9,$9,$0,$-21,$61,$-29,$10,$0
18,2014-03-31,71.99,$35.15,2.05,$63.32,1.14,$6.62,10.87,$2.10,34.28,$0.63B,$0.22B,2.87,$0.90B,$1.29B,0.7,$2.37B,$0.50B,20.87%,$2.37B,$0.18B,7.76%,$2.37B,$0.18B,7.76%,$2.37B,$0.29B,12.31%,$2.37B,$0.11B,4.68%,$2.37B,$0.08B,3.33%,$0.08B,$1.29B,6.30%,$0.08B,$-0.29B,-28.60%,$0.08B,$2.68B,3.01%,$0.18B,$2.19B,8.58%,$619,$486,$133,$0,$72,$569,$50,$-30,$20,$6,$14,$14,$14,$77,$50,$37,38,$0.39,$0.38,$24,$413,$0,$627,$456,$0,$1577,$16,$2049,$2676,$219,$900,$38,$1166,$1384,$0,$570,$-44,$1292,$2676,$14,$27,$17,$44,$1,$-10,$0,$-2,$-23,$36,$-18,$-3,$1,$-0,$0,$-0,$0,$-20,$-39,$0,$-39,$8,$8,$0,$-15,$-46,$-31,$4,$0
19,2013-12-31,68.92,$34.89,1.98,$61.40,1.12,$7.31,9.43,$2.34,29.45,$0.65B,$0.24B,2.7,$0.94B,$1.27B,0.74,$2.29B,$0.48B,20.76%,$2.29B,$0.18B,7.76%,$2.29B,$0.18B,7.76%,$2.29B,$0.29B,12.47%,$2.29B,$0.12B,5.41%,$2.29B,$0.09B,3.84%,$0.09B,$1.27B,7.15%,$0.09B,$-0.32B,-31.37%,$0.09B,$2.72B,3.40%,$0.18B,$2.21B,8.43%,$660,$524,$137,$0,$71,$609,$52,$-17,$34,$12,$23,$23,$23,$80,$52,$36,37,$0.63,$0.60,$55,$406,$0,$650,$462,$0,$1595,$14,$2071,$2721,$240,$939,$40,$1208,$1448,$0,$556,$-32,$1273,$2721,$87,$109,$9,$118,$-9,$-11,$0,$3,$12,$217,$-74,$-6,$-219,$-8,$0,$-8,$0,$-307,$40,$0,$40,$1,$1,$0,$4,$46,$-48,$16,$0
20,2013-09-30,66.83,$34.23,1.95,$59.71,1.12,$7.11,9.4,$2.41,27.73,$0.70B,$0.22B,3.24,$0.91B,$1.25B,0.73,$2.23B,$0.46B,20.58%,$2.23B,$0.18B,7.86%,$2.23B,$0.18B,7.86%,$2.23B,$0.29B,12.85%,$2.23B,$0.13B,5.66%,$2.23B,$0.09B,4.04%,$0.09B,$1.25B,7.45%,$0.09B,$-0.24B,-32.40%,$0.09B,$2.63B,3.54%,$0.18B,$2.15B,8.42%,$567,$452,$115,$0,$65,$526,$41,$-12,$29,$7,$23,$23,$23,$66,$41,$36,37,$0.62,$0.61,$116,$423,$0,$699,$425,$0,$1484,$19,$1927,$2626,$216,$909,$40,$1165,$1381,$0,$533,$-28,$1246,$2626,$64,$80,$9,$89,$-6,$-67,$0,$-1,$-51,$102,$-50,$-4,$-35,$-8,$0,$-8,$0,$-97,$10,$0,$10,$0,$0,$0,$2,$12,$14,$12,$0
21,2013-06-30,65.54,$33.22,1.97,$59.07,1.11,$7.35,8.91,$2.38,27.54,$0.57B,$0.20B,2.89,$0.81B,$1.21B,0.67,$2.20B,$0.46B,20.76%,$2.20B,$0.18B,7.97%,$2.20B,$0.18B,7.97%,$2.20B,$0.29B,12.97%,$2.20B,$0.13B,5.74%,$2.20B,$0.09B,4.05%,$0.09B,$1.21B,7.50%,$0.09B,$-0.26B,-28.85%,$0.09B,$2.48B,3.52%,$0.18B,$2.02B,8.46%,$526,$417,$110,$0,$61,$485,$41,$-13,$28,$9,$19,$19,$19,$69,$41,$36,37,$0.51,$0.50,$36,$389,$0,$569,$420,$0,$1468,$20,$1907,$2476,$197,$813,$44,$1072,$1269,$0,$510,$-35,$1208,$2476,$42,$55,$8,$63,$8,$-43,$0,$-5,$-34,$70,$-35,$-3,$0,$-8,$0,$-8,$0,$-45,$-85,$0,$-85,$-1,$-1,$0,$1,$-85,$-66,$7,$0
22,2013-03-31,65.15,$33.08,1.97,$59.19,1.1,$8.15,8.0,$2.41,27.03,$0.62B,$0.21B,2.91,$0.86B,$1.20B,0.72,$2.20B,$0.45B,20.61%,$2.20B,$0.18B,7.96%,$2.20B,$0.18B,7.96%,$2.20B,$0.28B,12.74%,$2.20B,$0.13B,5.69%,$2.20B,$0.09B,4.09%,$0.09B,$1.20B,7.74%,$0.09B,$-0.30B,-26.22%,$0.09B,$2.53B,3.55%,$0.18B,$2.06B,8.43%,$540,$426,$114,$0,$60,$496,$44,$-11,$33,$10,$23,$23,$23,$71,$44,$36,37,$0.63,$0.62,$99,$365,$4,$615,$419,$0,$1501,$0,$1920,$2534,$211,$862,$49,$1124,$1335,$0,$492,$-24,$1199,$2534,$23,$27,$-0,$26,$-3,$-18,$0,$-0,$8,$57,$-14,$-1,$0,$-7,$0,$-7,$0,$-22,$-36,$0,$-36,$0,$0,$0,$0,$-35,$-3,$3,$0
23,2012-12-31,52.13,$32.58,1.6,$58.81,0.89,$7.97,6.54,$2.39,21.81,$0.59B,$0.19B,3.15,$0.90B,$1.18B,0.76,$2.18B,$0.45B,20.81%,$2.18B,$0.18B,8.07%,$2.18B,$0.18B,8.07%,$2.18B,$0.28B,12.60%,$2.18B,$0.12B,5.68%,$2.18B,$0.09B,4.08%,$0.09B,$1.18B,7.81%,$0.09B,$-0.31B,-23.86%,$0.09B,$2.53B,3.53%,$0.18B,$2.08B,8.50%,$593,$474,$119,$0,$62,$544,$49,$-13,$36,$11,$25,$25,$25,$80,$49,$36,37,$0.69,$0.67,$94,$347,$0,$588,$425,$0,$1491,$21,$1937,$2526,$187,$898,$49,$1160,$1347,$0,$469,$-17,$1179,$2526,$88,$98,$22,$120,$-3,$-8,$0,$6,$-4,$205,$-70,$-9,$-30,$0,$0,$0,$0,$-109,$-5,$0,$-5,$-4,$-4,$0,$3,$-6,$91,$13,$0
24,2012-09-30,52.5,$32.01,1.64,$57.34,0.92,$6.73,7.8,$2.52,20.83,$0.63B,$0.20B,3.08,$0.95B,$1.16B,0.82,$2.13B,$0.45B,21.27%,$2.13B,$0.18B,8.66%,$2.13B,$0.18B,8.66%,$2.13B,$0.27B,12.89%,$2.13B,$0.13B,6.21%,$2.13B,$0.09B,4.42%,$0.09B,$1.16B,8.44%,$0.09B,$-0.36B,-23.30%,$0.09B,$2.57B,3.78%,$0.18B,$2.11B,8.99%,$538,$425,$113,$0,$60,$497,$41,$-12,$29,$7,$22,$22,$22,$65,$41,$36,37,$0.60,$0.58,$84,$391,$4,$626,$424,$0,$1519,$0,$1943,$2569,$203,$953,$44,$1208,$1411,$0,$444,$-9,$1158,$2569,$63,$67,$20,$86,$-6,$-52,$0,$1,$-45,$105,$-44,$-7,$-25,$0,$0,$0,$0,$-76,$51,$0,$51,$0,$0,$0,$-1,$49,$81,$9,$0
25,2012-06-30,62.29,$30.93,2.01,$57.13,1.09,$5.06,12.31,$2.76,22.57,$0.56B,$0.19B,2.91,$0.94B,$1.12B,0.84,$2.12B,$0.47B,21.99%,$2.12B,$0.20B,9.27%,$2.12B,$0.20B,9.27%,$2.12B,$0.28B,13.38%,$2.12B,$0.15B,7.00%,$2.12B,$0.10B,4.82%,$0.10B,$1.12B,9.40%,$0.10B,$-0.40B,-23.31%,$0.10B,$2.50B,4.13%,$0.20B,$2.06B,9.68%,$527,$421,$107,$0,$57,$486,$41,$-14,$27,$8,$20,$20,$20,$64,$41,$36,37,$0.54,$0.53,$74,$350,$4,$562,$424,$0,$1517,$0,$1941,$2503,$193,$940,$46,$1191,$1384,$0,$422,$-24,$1118,$2503,$42,$43,$11,$54,$3,$-12,$0,$2,$-1,$95,$-30,$-4,$-25,$0,$0,$0,$0,$-59,$37,$0,$37,$-4,$-4,$0,$2,$36,$71,$6,$0
26,2012-03-31,59.5,$30.76,1.93,$56.26,1.06,$4.44,13.41,$2.62,22.71,$0.55B,$0.19B,2.92,$0.93B,$1.11B,0.84,$2.08B,$0.47B,22.44%,$2.08B,$0.19B,9.08%,$2.08B,$0.19B,9.08%,$2.08B,$0.27B,13.12%,$2.08B,$0.14B,6.82%,$2.08B,$0.10B,4.61%,$0.10B,$1.11B,9.05%,$0.10B,$-0.42B,-20.62%,$0.10B,$2.48B,3.93%,$0.19B,$2.04B,9.44%,$524,$409,$115,$0,$61,$479,$45,$-14,$32,$10,$22,$22,$22,$66,$45,$36,37,$0.61,$0.60,$67,$339,$4,$548,$408,$0,$1527,$0,$1935,$2483,$188,$931,$54,$1189,$1377,$0,$403,$-15,$1106,$2483,$22,$21,$4,$25,$-5,$-8,$0,$-0,$5,$52,$-16,$-3,$0,$0,$0,$0,$0,$-18,$28,$0,$28,$0,$0,$0,$-0,$28,$64,$3,$0
27,2011-12-31,65.38,$29.89,2.19,$55.55,1.18,$4.05,16.14,$2.56,25.54,$0.47B,$0.17B,2.73,$0.90B,$1.07B,0.84,$2.05B,$0.47B,23.06%,$2.05B,$0.19B,9.22%,$2.05B,$0.19B,9.22%,$2.05B,$0.27B,13.26%,$2.05B,$0.14B,6.83%,$2.05B,$0.09B,4.58%,$0.09B,$1.07B,9.06%,$0.09B,$-0.43B,-19.09%,$0.09B,$2.41B,3.88%,$0.19B,$1.98B,9.53%,$536,$418,$117,$0,$50,$479,$57,$-14,$44,$14,$30,$30,$30,$79,$57,$36,37,$0.84,$0.81,$3,$329,$4,$468,$407,$0,$1506,$23,$1936,$2405,$171,$903,$54,$1160,$1331,$0,$381,$-22,$1074,$2405,$94,$83,$30,$113,$8,$-43,$0,$4,$-51,$156,$-68,$-9,$3,$0,$0,$0,$0,$-74,$-78,$0,$-78,$-8,$-8,$0,$3,$-84,$-3,$15,$0
28,2011-09-30,61.84,$28.98,2.13,$55.14,1.12,$7.35,8.42,$2.52,24.54,$0.54B,$0.20B,2.64,$0.99B,$1.04B,0.95,$2.02B,$0.48B,23.81%,$2.02B,$0.19B,9.34%,$2.02B,$0.19B,9.34%,$2.02B,$0.27B,13.29%,$2.02B,$0.14B,6.87%,$2.02B,$0.09B,4.55%,$0.09B,$1.04B,9.08%,$0.09B,$-0.50B,-17.33%,$0.09B,$2.48B,3.80%,$0.19B,$2.03B,9.55%,$528,$403,$126,$0,$62,$475,$53,$-8,$45,$15,$30,$30,$30,$74,$53,$36,37,$0.84,$0.82,$3,$367,$4,$538,$400,$0,$1537,$0,$1938,$2476,$204,$990,$43,$1231,$1435,$0,$351,$-22,$1041,$2476,$65,$62,$16,$77,$-24,$-82,$0,$2,$-91,$51,$-53,$-8,$3,$0,$0,$0,$0,$-57,$11,$0,$11,$0,$0,$0,$-6,$4,$-3,$13,$0
29,2011-06-30,54.61,$28.54,1.91,$53.60,1.02,$10.70,5.11,$2.38,22.95,$0.46B,$0.21B,2.22,$0.94B,$1.02B,0.92,$1.96B,$0.47B,23.78%,$1.96B,$0.18B,9.39%,$1.96B,$0.18B,9.39%,$1.96B,$0.26B,13.32%,$1.96B,$0.13B,6.68%,$1.96B,$0.09B,4.44%,$0.09B,$1.02B,8.81%,$0.09B,$-0.51B,-17.00%,$0.09B,$2.41B,3.70%,$0.18B,$1.96B,9.57%,$493,$383,$109,$0,$66,$459,$34,$-12,$21,$7,$14,$14,$14,$54,$34,$36,37,$0.40,$0.39,$2,$321,$4,$458,$392,$0,$1534,$23,$1950,$2408,$207,$940,$42,$1177,$1384,$0,$320,$-4,$1024,$2408,$34,$40,$9,$50,$7,$-32,$0,$4,$-13,$71,$-30,$-6,$3,$0,$0,$0,$0,$-33,$-37,$0,$-37,$0,$0,$0,$-6,$-43,$-4,$9,$0
30,2011-03-31,56.87,$28.51,2.0,$52.66,1.08,$12.36,4.6,$2.59,21.96,$0.45B,$0.20B,2.29,$0.95B,$1.01B,0.94,$1.91B,$0.46B,24.20%,$1.91B,$0.19B,9.98%,$1.91B,$0.19B,9.98%,$1.91B,$0.27B,13.90%,$1.91B,$0.14B,7.42%,$1.91B,$0.10B,4.97%,$0.10B,$1.01B,9.92%,$0.10B,$-0.53B,-19.12%,$0.10B,$2.40B,4.15%,$0.19B,$1.96B,10.16%,$494,$373,$121,$0,$66,$449,$45,$-15,$30,$10,$20,$20,$20,$65,$45,$36,37,$0.56,$0.54,$2,$299,$4,$451,$381,$0,$1541,$24,$1946,$2397,$197,$952,$41,$1188,$1385,$0,$306,$-3,$1012,$2397,$20,$20,$7,$27,$-4,$-11,$0,$2,$-14,$33,$-11,$-4,$1,$0,$0,$0,$0,$-13,$-25,$0,$-25,$0,$0,$0,$0,$-24,$-4,$5,$0
31,2010-12-31,51.09,$27.60,1.85,$50.72,1.01,$13.13,3.89,$2.52,20.27,$0.44B,$0.20B,2.17,$0.98B,$0.98B,1.0,$1.82B,$0.43B,23.73%,$1.82B,$0.18B,9.75%,$1.82B,$0.18B,9.75%,$1.82B,$0.25B,13.55%,$1.82B,$0.14B,7.54%,$1.82B,$0.09B,5.01%,$0.09B,$0.98B,9.80%,$0.09B,$-0.59B,-18.88%,$0.09B,$2.39B,4.07%,$0.18B,$1.95B,9.60%,$509,$383,$126,$0,$62,$453,$57,$-14,$43,$15,$28,$28,$28,$76,$57,$35,36,$0.78,$0.76,$6,$287,$4,$441,$386,$0,$1564,$0,$1950,$2391,$203,$976,$39,$1210,$1413,$0,$286,$-12,$978,$2391,$91,$70,$17,$87,$6,$34,$0,$0,$67,$245,$-40,$-22,$-844,$0,$0,$0,$0,$-906,$573,$0,$573,$100,$100,$0,$-11,$663,$2,$16,$0
32,2010-09-30,46.1,$26.47,1.74,$48.97,0.94,$9.53,4.84,$2.41,19.13,$0.47B,$0.21B,2.26,$0.88B,$0.94B,0.93,$1.71B,$0.40B,23.31%,$1.71B,$0.15B,8.82%,$1.71B,$0.15B,8.82%,$1.71B,$0.21B,12.50%,$1.71B,$0.12B,7.24%,$1.71B,$0.09B,4.96%,$0.09B,$0.94B,9.73%,$0.09B,$-0.42B,-25.68%,$0.09B,$2.20B,4.29%,$0.15B,$1.81B,9.18%,$464,$354,$110,$0,$54,$416,$48,$-11,$37,$12,$25,$25,$25,$66,$48,$35,36,$0.70,$0.68,$3,$313,$4,$466,$358,$0,$1358,$19,$1736,$2202,$207,$876,$36,$1059,$1265,$0,$258,$-20,$937,$2202,$63,$51,$18,$69,$2,$0,$0,$-5,$19,$151,$-30,$-17,$-665,$0,$0,$0,$0,$-712,$472,$0,$472,$111,$111,$0,$-23,$560,$-1,$12,$0
33,2010-06-30,45.66,$25.50,1.79,$47.65,0.96,$6.17,7.4,$2.58,17.7,$0.44B,$0.18B,2.39,$0.89B,$0.90B,0.98,$1.63B,$0.37B,22.74%,$1.63B,$0.15B,9.10%,$1.63B,$0.15B,9.10%,$1.63B,$0.21B,12.60%,$1.63B,$0.13B,7.99%,$1.63B,$0.09B,5.41%,$0.09B,$0.90B,10.74%,$0.09B,$-0.45B,-38.05%,$0.09B,$2.17B,4.90%,$0.15B,$1.79B,9.93%,$446,$340,$106,$0,$56,$405,$41,$-9,$32,$11,$22,$22,$22,$59,$41,$35,36,$0.62,$0.60,$3,$296,$4,$438,$357,$0,$1354,$19,$1731,$2168,$183,$886,$36,$1083,$1266,$0,$233,$-25,$902,$2168,$38,$32,$14,$46,$21,$17,$0,$-12,$32,$117,$-17,$-7,$-665,$0,$0,$0,$0,$-688,$483,$0,$483,$111,$111,$0,$-23,$570,$-1,$8,$0
34,2010-03-31,43.87,$25.82,1.7,$46.99,0.93,$3.15,13.93,$2.56,17.14,$0.43B,$0.17B,2.48,$0.92B,$0.90B,1.03,$1.55B,$0.34B,22.14%,$1.55B,$0.14B,8.69%,$1.55B,$0.14B,8.69%,$1.55B,$0.19B,11.90%,$1.55B,$0.13B,8.11%,$1.55B,$0.08B,5.41%,$0.08B,$0.90B,11.03%,$0.08B,$-0.47B,-62.57%,$0.08B,$2.17B,5.25%,$0.14B,$1.82B,10.14%,$397,$308,$89,$0,$55,$366,$31,$-7,$25,$8,$16,$16,$16,$45,$31,$34,35,$0.49,$0.47,$4,$299,$4,$426,$361,$0,$1367,$19,$1747,$2173,$172,$921,$32,$1103,$1275,$0,$212,$-17,$898,$2173,$16,$14,$4,$18,$21,$14,$0,$-2,$20,$54,$-7,$-4,$-665,$0,$0,$0,$0,$-676,$519,$0,$519,$111,$111,$0,$-9,$621,$-0,$3,$0
35,2009-12-31,38.86,$23.63,1.64,$46.50,0.84,$1.62,24.03,$2.48,15.67,$0.37B,$0.15B,2.48,$0.40B,$0.76B,0.53,$1.51B,$0.33B,21.63%,$1.51B,$0.13B,8.66%,$1.51B,$0.13B,8.66%,$1.51B,$0.18B,11.77%,$1.51B,$0.12B,8.00%,$1.51B,$0.08B,5.36%,$0.08B,$0.76B,11.66%,$0.08B,$0.02B,-207.69%,$0.08B,$1.38B,5.80%,$0.13B,$1.16B,11.34%,$405,$310,$94,$0,$52,$374,$31,$-1,$30,$8,$22,$22,$22,$44,$31,$32,33,$0.69,$0.66,$4,$265,$4,$371,$276,$0,$738,$0,$1014,$1384,$150,$402,$31,$478,$628,$0,$195,$-27,$756,$1384,$81,$47,$21,$68,$4,$-14,$0,$-1,$-44,$105,$-37,$0,$0,$0,$0,$0,$3,$-34,$-74,$0,$-74,$5,$5,$0,$0,$-70,$2,$13,$0
36,2009-09-30,35.67,$22.57,1.58,$46.81,0.76,$3.42,10.43,$2.03,17.57,$0.43B,$0.18B,2.45,$0.48B,$0.72B,0.66,$1.51B,$0.31B,20.80%,$1.51B,$0.13B,8.70%,$1.51B,$0.13B,8.70%,$1.51B,$0.18B,11.69%,$1.51B,$0.10B,6.64%,$1.51B,$0.07B,4.39%,$0.07B,$0.72B,9.99%,$0.07B,$-0.02B,-93.62%,$0.07B,$1.46B,4.75%,$0.13B,$1.20B,11.50%,$379,$298,$81,$0,$46,$334,$45,$-2,$43,$15,$28,$28,$28,$57,$45,$32,33,$0.87,$0.85,$4,$304,$4,$434,$279,$0,$743,$0,$1022,$1456,$177,$475,$38,$558,$735,$0,$173,$-35,$721,$1456,$59,$35,$3,$38,$-6,$-54,$0,$2,$-69,$29,$-31,$0,$0,$0,$0,$0,$0,$-31,$-1,$0,$-1,$3,$3,$0,$-0,$2,$1,$10,$0
37,2009-06-30,28.77,$21.06,1.37,$47.26,0.61,$5.18,5.56,$1.53,18.8,$0.38B,$0.16B,2.31,$0.48B,$0.67B,0.72,$1.50B,$0.31B,20.32%,$1.50B,$0.11B,7.33%,$1.50B,$0.11B,7.33%,$1.50B,$0.16B,10.33%,$1.50B,$0.07B,4.86%,$1.50B,$0.05B,3.26%,$0.05B,$0.67B,7.61%,$0.05B,$-0.06B,-51.99%,$0.05B,$1.39B,3.54%,$0.11B,$1.15B,9.64%,$373,$293,$80,$0,$48,$345,$28,$0,$28,$10,$18,$18,$18,$39,$28,$32,32,$0.58,$0.58,$2,$276,$4,$380,$278,$0,$733,$0,$1011,$1391,$164,$483,$37,$557,$721,$0,$145,$-51,$670,$1391,$31,$23,$11,$34,$4,$-28,$0,$3,$-50,$15,$-23,$0,$0,$0,$0,$0,$0,$-23,$6,$0,$6,$0,$0,$0,$-0,$6,$-1,$6,$0
38,2009-03-31,28.79,$20.02,1.44,$47.25,0.61,$6.27,4.59,$1.22,23.6,$0.36B,$0.17B,2.07,$0.48B,$0.63B,0.76,$1.50B,$0.29B,19.67%,$1.50B,$0.10B,6.76%,$1.50B,$0.10B,6.76%,$1.50B,$0.15B,9.83%,$1.50B,$0.06B,3.81%,$1.50B,$0.04B,2.61%,$0.04B,$0.63B,6.13%,$0.04B,$-0.09B,-34.36%,$0.04B,$1.35B,2.80%,$0.10B,$1.11B,8.71%,$355,$284,$72,$0,$42,$329,$27,$-6,$20,$7,$13,$13,$13,$38,$27,$32,32,$0.40,$0.39,$2,$255,$4,$358,$275,$0,$721,$0,$996,$1354,$173,$480,$38,$549,$722,$0,$127,$-68,$632,$1354,$13,$11,$7,$19,$5,$-10,$0,$3,$-23,$9,$-14,$0,$0,$0,$0,$0,$0,$-14,$5,$0,$5,$0,$0,$0,$0,$5,$-1,$3,$0
39,2008-12-31,27.24,$19.66,1.39,$47.78,0.57,$7.23,3.77,$0.90,30.27,$0.36B,$0.19B,1.89,$0.48B,$0.62B,0.77,$1.50B,$0.29B,19.45%,$1.50B,$0.09B,5.73%,$1.50B,$0.09B,5.73%,$1.50B,$0.13B,8.86%,$1.50B,$0.04B,2.66%,$1.50B,$0.03B,1.87%,$0.03B,$0.62B,4.42%,$0.03B,$-0.11B,-21.54%,$0.03B,$1.36B,1.98%,$0.09B,$1.10B,7.27%,$398,$318,$80,$0,$44,$367,$31,$-23,$9,$2,$7,$7,$7,$42,$31,$31,31,$0.21,$0.22,$3,$246,$4,$356,$271,$0,$729,$0,$999,$1356,$188,$475,$45,$547,$736,$0,$114,$-63,$620,$1356,$28,$46,$39,$85,$-14,$43,$0,$-2,$62,$176,$-54,$0,$-0,$0,$0,$0,$12,$-42,$-146,$0,$-146,$5,$5,$0,$0,$-140,$-7,$12,$0
40,2008-09-30,29.7,$20.71,1.43,$46.96,0.63,$5.85,5.08,$1.15,25.83,$0.41B,$0.18B,2.29,$0.55B,$0.65B,0.85,$1.47B,$0.29B,19.54%,$1.47B,$0.08B,5.63%,$1.47B,$0.08B,5.63%,$1.47B,$0.13B,8.82%,$1.47B,$0.05B,3.60%,$1.47B,$0.04B,2.37%,$0.04B,$0.65B,5.50%,$0.04B,$-0.12B,-24.31%,$0.04B,$1.44B,2.44%,$0.08B,$1.20B,6.79%,$375,$301,$73,$0,$45,$350,$24,$-8,$16,$5,$11,$11,$11,$36,$24,$31,32,$0.35,$0.35,$2,$288,$4,$405,$266,$0,$769,$0,$1035,$1440,$176,$551,$29,$612,$788,$0,$107,$-20,$652,$1440,$21,$36,$24,$59,$-17,$7,$0,$-6,$12,$93,$-39,$0,$-0,$0,$0,$0,$5,$-35,$-69,$0,$-69,$4,$4,$0,$0,$-65,$-7,$9,$0
41,2008-06-30,24.26,$20.46,1.19,$43.76,0.55,$5.01,4.84,$1.14,21.28,$0.39B,$0.14B,2.72,$0.59B,$0.64B,0.92,$1.37B,$0.27B,19.99%,$1.37B,$0.08B,5.91%,$1.37B,$0.08B,5.91%,$1.37B,$0.12B,9.04%,$1.37B,$0.05B,3.94%,$1.37B,$0.04B,2.55%,$0.04B,$0.64B,5.59%,$0.04B,$-0.14B,-38.15%,$0.04B,$1.43B,2.60%,$0.08B,$1.23B,7.02%,$367,$299,$69,$0,$45,$348,$19,$-8,$12,$4,$8,$8,$8,$31,$19,$31,31,$0.27,$0.26,$4,$276,$4,$386,$266,$0,$778,$0,$1044,$1430,$142,$588,$34,$650,$792,$0,$96,$-13,$639,$1430,$10,$24,$16,$40,$-11,$20,$0,$-5,$6,$56,$-29,$0,$-0,$0,$0,$0,$1,$-29,$-33,$0,$-33,$0,$0,$0,$0,$-33,$-6,$5,$0
42,2008-03-31,22.86,$19.99,1.14,$40.22,0.57,$5.99,3.81,$1.17,19.54,$0.38B,$0.15B,2.54,$0.58B,$0.62B,0.94,$1.26B,$0.26B,20.56%,$1.26B,$0.08B,6.43%,$1.26B,$0.08B,6.43%,$1.26B,$0.12B,9.52%,$1.26B,$0.06B,4.52%,$1.26B,$0.04B,2.86%,$0.04B,$0.62B,5.84%,$0.04B,$-0.16B,-98.63%,$0.04B,$1.42B,2.89%,$0.08B,$1.21B,7.58%,$361,$290,$70,$0,$44,$349,$12,$-9,$3,$1,$2,$2,$2,$24,$12,$31,31,$0.07,$0.07,$3,$286,$0,$383,$256,$0,$779,$0,$1038,$1421,$151,$584,$34,$646,$797,$0,$88,$-17,$624,$1421,$2,$12,$9,$21,$-5,$10,$0,$0,$10,$33,$-8,$0,$-0,$0,$0,$0,$0,$-8,$-31,$0,$-31,$0,$0,$0,$0,$-31,$-6,$3,$0
43,2007-12-31,22.99,$20.17,1.14,$36.97,0.62,$6.73,3.41,$1.34,17.16,$0.39B,$0.15B,2.72,$0.62B,$0.63B,0.99,$1.16B,$0.24B,20.81%,$1.16B,$0.09B,7.34%,$1.16B,$0.09B,7.34%,$1.16B,$0.12B,10.36%,$1.16B,$0.07B,5.70%,$1.16B,$0.04B,3.54%,$0.04B,$0.63B,6.75%,$0.04B,$-0.16B,106.49%,$0.04B,$1.46B,3.68%,$0.09B,$1.25B,8.85%,$371,$295,$76,$0,$45,$343,$28,$-6,$22,$8,$14,$14,$14,$39,$28,$31,31,$0.45,$0.45,$9,$298,$0,$394,$265,$0,$793,$0,$1062,$1456,$145,$620,$34,$682,$827,$0,$86,$-7,$629,$1456,$42,$35,$19,$54,$10,$-27,$0,$4,$1,$96,$-18,$0,$-450,$0,$0,$0,$0,$-468,$381,$0,$381,$0,$0,$0,$-0,$381,$9,$14,$0
44,2007-09-30,27.05,$19.68,1.37,$34.15,0.79,$5.85,4.62,$1.59,17.01,$0.35B,$0.12B,2.97,$0.32B,$0.61B,0.52,$1.07B,$0.22B,20.75%,$1.07B,$0.10B,9.16%,$1.07B,$0.10B,9.16%,$1.07B,$0.13B,12.06%,$1.07B,$0.08B,7.48%,$1.07B,$0.05B,4.67%,$0.05B,$0.61B,8.41%,$0.05B,$0.09B,44.35%,$0.05B,$1.08B,5.08%,$0.10B,$0.93B,11.50%,$272,$213,$59,$0,$35,$250,$22,$-5,$17,$6,$11,$11,$11,$30,$22,$31,31,$0.34,$0.34,$0,$272,$0,$345,$215,$0,$522,$0,$736,$1082,$116,$316,$26,$351,$467,$0,$71,$-5,$614,$1082,$27,$24,$15,$40,$-4,$-46,$0,$1,$-27,$40,$-13,$0,$-100,$0,$-4,$-4,$0,$-117,$77,$0,$77,$0,$0,$0,$-0,$77,$0,$10,$0
45,2007-06-30,26.61,$19.23,1.38,$33.50,0.79,$5.60,4.75,$1.51,17.62,$0.28B,$0.10B,2.93,$0.28B,$0.60B,0.47,$1.05B,$0.22B,20.67%,$1.05B,$0.09B,8.86%,$1.05B,$0.09B,8.86%,$1.05B,$0.12B,11.81%,$1.05B,$0.08B,7.24%,$1.05B,$0.05B,4.48%,$0.05B,$0.60B,8.12%,$0.05B,$0.08B,42.34%,$0.05B,$1.02B,4.89%,$0.09B,$0.88B,11.28%,$256,$202,$54,$0,$34,$237,$19,$-4,$15,$6,$9,$9,$9,$27,$19,$31,31,$0.30,$0.30,$0,$220,$0,$283,$213,$0,$519,$0,$733,$1016,$97,$284,$27,$319,$416,$0,$61,$-5,$600,$1016,$17,$16,$9,$25,$5,$5,$0,$6,$21,$63,$-5,$0,$-101,$0,$-3,$-3,$0,$-108,$45,$0,$45,$0,$0,$0,$0,$45,$0,$7,$0
46,2007-03-31,30.47,$18.83,1.62,$32.76,0.93,$4.92,6.19,$1.42,21.46,$0.26B,$0.09B,2.76,$0.19B,$0.59B,0.32,$1.03B,$0.21B,20.66%,$1.03B,$0.09B,8.58%,$1.03B,$0.09B,8.58%,$1.03B,$0.12B,11.40%,$1.03B,$0.07B,7.02%,$1.03B,$0.05B,4.39%,$0.05B,$0.59B,7.99%,$0.05B,$0.15B,42.35%,$0.05B,$0.91B,4.77%,$0.09B,$0.78B,11.89%,$259,$207,$52,$0,$35,$243,$16,$-4,$12,$5,$7,$7,$7,$24,$16,$31,31,$0.24,$0.24,$0,$199,$0,$260,$203,$0,$442,$0,$645,$906,$94,$191,$28,$224,$318,$0,$52,$-5,$587,$906,$7,$8,$5,$13,$4,$17,$0,$4,$30,$51,$-3,$0,$0,$0,$0,$0,$0,$-2,$-49,$0,$-49,$0,$0,$0,$0,$-49,$0,$4,$0
47,2006-12-31,31.2,$18.47,1.69,$30.03,1.04,$4.32,7.23,$1.42,21.97,$0.29B,$0.09B,3.18,$0.24B,$0.58B,0.42,$0.94B,$0.20B,21.28%,$0.94B,$0.08B,8.94%,$0.94B,$0.08B,8.94%,$0.94B,$0.11B,11.70%,$0.94B,$0.07B,7.66%,$0.94B,$0.05B,4.79%,$0.05B,$0.58B,8.22%,$0.05B,$0.13B,37.97%,$0.05B,$0.94B,5.14%,$0.08B,$0.82B,12.38%,$283,$225,$57,$0,$36,$242,$41,$-4,$36,$14,$22,$22,$23,$48,$41,$31,31,$0.73,$0.72,$0,$216,$0,$285,$207,$0,$444,$0,$651,$936,$89,$239,$27,$270,$359,$0,$44,$-5,$576,$936,$45,$25,$9,$34,$-20,$-23,$0,$-2,$-19,$60,$-9,$0,$-288,$0,$0,$0,$0,$-297,$230,$0,$230,$1,$1,$0,$-2,$229,$-8,$19,$0
