,Date,Stock Price,Book Value per Share,Price to Book Ratio,TTM Sales per Share,Price to Sales Ratio,TTM FCF per Share,Price to FCF Ratio,TTM Net EPS,PE Ratio,Current Assets,Current Liabilities,Current Ratio,Long Term Debt,Shareholder's Equity_x,Debt to Equity Ratio,TTM Revenue_x,TTM Gross Profit,Gross Margin,TTM Revenue_y,TTM Operating Income,Operating Margin,TTM Revenue_x,TTM EBIT,EBIT Margin,TTM Revenue_y,TTM EBITDA,EBITDA Margin,TTM Revenue_x,TTM Pre-Tax Income,Pre-Tax Margin,TTM Revenue_y,TTM Net Income_x,Net Margin,TTM Net Income_y,Shareholder's Equity_y,Return on Equity,TTM Net Income_x,Tangible Equity,Return on Tangible Equity,TTM Net Income_y,Total Assets,Return on Assets,TTM Net Income,LT Investments & Debt,Return on Investment,revenue,cost-goods-sold,gross-profit,research-development-expenses,selling-general-administrative-expenses,operating-expenses,operating-income,total-non-operating-income-expense,pre-tax-income,total-provision-income-taxes,income-after-taxes,income-from-continuous-operations,net-income,ebitda,ebit,basic-shares-outstanding,shares-outstanding,eps-basic-net-earnings-per-share,eps-earnings-per-share-diluted,cash-on-hand,inventory,other-current-assets,total-current-assets,net-property-plant-equipment,long-term-investments,goodwill-intangible-assets-total,other-long-term-assets,total-long-term-assets,total-assets,total-current-liabilities,long-term-debt,other-non-current-liabilities,total-long-term-liabilities,total-liabilities,common-stock-net,retained-earnings-accumulated-deficit,comprehensive-income,total-share-holder-equity,total-liabilities-share-holders-equity,net-income-loss,total-depreciation-amortization-cash-flow,other-non-cash-items,total-non-cash-items,change-in-accounts-receivable,change-in-inventories,change-in-accounts-payable,change-in-assets-liabilities,total-change-in-assets-liabilities,cash-flow-from-operating-activities,net-change-in-property-plant-equipment,net-change-in-intangible-assets,net-acquisitions-divestitures,net-change-in-short-term-investments,net-change-in-long-term-investments,net-change-in-investments-total,investing-activities-other,cash-flow-from-investing-activities,net-long-term-debt,net-current-debt,debt-issuance-retirement-net-total,net-common-equity-issued-repurchased,net-total-equity-issued-repurchased,total-common-preferred-stock-dividends-paid,financial-activities-other,cash-flow-from-financial-activities,net-cash-flow,stock-based-compensation,common-stock-dividends-paid
0,2018-03-31,9.57,$13.55,0.71,$6.58,1.45,$1.86,5.13,$0.35,27.34,$11.12B,$14.63B,0.76,$32.28B,$29.06B,1.11,$22.43B,$13.23B,58.96%,$22.43B,$4.20B,18.72%,$22.43B,$4.20B,18.72%,$22.43B,$6.70B,29.86%,$22.43B,$2.50B,11.15%,$22.43B,$1.53B,6.80%,$1.53B,$29.06B,5.70%,$1.53B,$-15.46B,-10.15%,$1.53B,$81.09B,1.94%,$4.20B,$61.34B,6.97%,$5490,$2220,$3271,$0,$750,$6649,$-1159,$-383,$-1542,$-50,$-1492,$-1492,$-1628,$2236,$-1159,$0,0,$0.00,$0.00,$4115,$401,$0,$11122,$17182,$1852,$44518,$5304,$69966,$81088,$14631,$32279,$4828,$37396,$52027,$14243,$11800,$0,$29061,$81088,$310,$1297,$162,$1459,$-258,$-44,$-23,$-300,$-626,$1143,$-591,$-229,$-2,$0,$0,$0,$-1029,$-1851,$0,$0,$0,$0,$0,$0,$-1235,$-1235,$-1967,$0,$0
1,2017-09-30,9.4,$13.32,0.71,$7.72,1.22,$2.04,4.6,$0.57,16.49,$11.61B,$13.14B,0.88,$33.60B,$28.28B,1.19,$21.52B,$12.65B,58.77%,$21.52B,$4.04B,18.76%,$21.52B,$4.04B,18.76%,$21.52B,$6.35B,29.52%,$21.52B,$2.74B,12.72%,$21.52B,$1.74B,8.07%,$1.74B,$28.28B,6.93%,$1.74B,$-14.79B,-11.21%,$1.74B,$79.80B,2.27%,$4.04B,$61.88B,6.86%,$0,$0,$0,$0,$0,$0,$0,$0,$0,$0,$0,$0,$0,$1132,$0,$0,0,$0.00,$0.00,$4731,$391,$0,$11614,$16333,$2329,$43067,$5626,$68184,$79798,$13142,$33604,$4407,$38379,$51522,$13724,$0,$0,$28277,$79798,$1328,$3947,$206,$4152,$11,$-75,$-974,$-623,$-1662,$3819,$-2662,$-1922,$-1,$0,$0,$0,$1215,$-3370,$0,$0,$0,$19,$19,$-257,$-1883,$-2121,$-1789,$0,$-257
2,2017-03-31,9.01,$12.02,0.75,$5.43,1.66,$1.59,5.65,$0.33,27.3,$12.84B,$12.11B,1.06,$33.06B,$25.52B,1.3,$15.64B,$9.17B,58.64%,$15.64B,$2.91B,18.58%,$15.64B,$2.91B,18.58%,$15.64B,$5.22B,33.38%,$15.64B,$2.06B,13.17%,$15.64B,$1.22B,7.82%,$1.22B,$25.52B,5.11%,$1.22B,$-13.48B,-7.73%,$1.22B,$75.12B,1.60%,$2.91B,$58.59B,5.03%,$5858,$2453,$3405,$0,$959,$4919,$939,$-429,$510,$200,$310,$310,$266,$2125,$939,$0,0,$0.00,$0.00,$6493,$319,$0,$12838,$14627,$2837,$39006,$5063,$62284,$75122,$12110,$33063,$4102,$37489,$49599,$12444,$0,$0,$25524,$75122,$240,$1203,$167,$1370,$33,$-31,$-51,$-85,$-134,$1476,$-551,$-348,$0,$0,$0,$0,$-267,$-1167,$0,$0,$0,$0,$0,$0,$206,$206,$540,$0,$0
3,2016-09-30,8.29,$0.00,0.0,$2.97,2.79,$1.16,7.16,$0.22,37.68,$13.51B,$14.04B,0.96,$35.00B,$24.15B,1.45,$15.82B,$9.36B,59.15%,$15.82B,$2.86B,18.07%,$15.82B,$2.86B,18.07%,$15.82B,$5.14B,32.46%,$15.82B,$2.15B,13.57%,$15.82B,$1.56B,9.86%,$1.56B,$24.15B,6.59%,$1.56B,$-16.34B,-9.61%,$1.56B,$77.78B,2.01%,$2.86B,$59.15B,4.93%,$5884,$2403,$3480,$0,$791,$4752,$1132,$-452,$679,$120,$559,$559,$514,$1206,$1132,$2568,2568,$0.20,$0.20,$6984,$363,$0,$13508,$14768,$3394,$40490,$4971,$64268,$77776,$14038,$35001,$4104,$39591,$53629,$11986,$0,$0,$24147,$77776,$1744,$3477,$521,$3999,$-35,$-79,$-73,$-769,$-955,$4788,$-1861,$-1256,$25,$0,$0,$0,$-308,$-3400,$0,$0,$0,$0,$0,$-253,$-105,$-358,$1182,$0,$-253
4,2016-03-31,10.79,$16.57,0.65,$1.14,9.44,$0.18,60.25,$0.22,49.05,$10.70B,$13.49B,0.79,$33.49B,$22.30B,1.5,$10.35B,$6.04B,58.34%,$10.35B,$1.65B,15.96%,$10.35B,$1.65B,15.96%,$10.35B,$3.93B,37.97%,$10.35B,$1.35B,13.04%,$10.35B,$1.03B,9.93%,$1.03B,$22.30B,4.30%,$1.03B,$-17.36B,-6.44%,$1.03B,$73.16B,1.31%,$1.65B,$55.79B,2.85%,$5219,$2196,$3022,$0,$810,$4297,$922,$-409,$513,$273,$240,$240,$213,$1890,$922,$2123,2123,$0.10,$0.10,$4187,$376,$0,$10697,$14139,$3142,$39662,$4533,$62462,$73159,$13490,$33487,$3475,$37366,$50856,$11848,$0,$0,$22302,$73159,$504,$1113,$162,$1275,$33,$-96,$-28,$-202,$-292,$1487,$-712,$-377,$533,$0,$0,$0,$406,$-150,$0,$0,$0,$0,$0,$0,$-1928,$-1928,$-612,$0,$0
5,2015-12-31,12.65,$0.00,0.0,$2.23,5.66,$-0.17,0.0,$0.11,115.0,$16.47B,$17.74B,0.93,$33.89B,$23.69B,1.43,$11.16B,$6.52B,58.42%,$11.16B,$1.76B,15.77%,$11.16B,$1.76B,15.77%,$11.16B,$4.11B,36.83%,$11.16B,$0.79B,7.03%,$11.16B,$0.84B,7.53%,$0.84B,$23.69B,3.43%,$0.84B,$-16.13B,-5.36%,$0.84B,$79.10B,1.03%,$1.76B,$57.58B,2.93%,$5470,$2151,$3319,$0,$839,$4263,$1206,$-408,$798,$234,$564,$564,$532,$0,$1206,$2136,2990,$0.25,$0.18,$5995,$282,$4335,$16467,$80762,$3414,$39822,$4388,$129334,$79096,$17741,$33887,$3421,$37667,$55408,$11926,$7764,$0,$23688,$79096,$51,$4592,$0,$4592,$0,$0,$0,$0,$706,$5630,$-4490,$0,$-46,$0,$0,$0,$-1444,$-5980,$0,$0,$0,$0,$207,$-227,$-982,$-1002,$-1881,$0,$0
6,2015-09-30,12.28,$0.00,0.0,$2.23,5.5,$-0.17,0.0,$0.11,111.64,$18.94B,$17.44B,1.09,$34.81B,$24.52B,1.42,$11.16B,$6.52B,58.42%,$11.16B,$1.76B,15.77%,$11.16B,$1.76B,15.77%,$11.16B,$4.11B,36.83%,$11.16B,$0.79B,7.03%,$11.16B,$0.84B,7.53%,$0.84B,$24.52B,3.25%,$0.84B,$-15.08B,-5.04%,$0.84B,$80.27B,0.99%,$1.76B,$59.32B,2.77%,$4950,$2121,$2829,$0,$936,$4173,$777,$-29,$748,$244,$504,$504,$478,$2039,$777,$2165,4330,$0.22,$0.11,$7461,$324,$5186,$18942,$0,$3359,$39594,$1800,$45802,$80273,$17437,$34808,$2911,$38320,$55757,$11849,$8255,$0,$24516,$80273,$504,$3520,$0,$3520,$0,$0,$0,$0,$225,$4255,$-2994,$0,$-6,$0,$0,$-32,$-1443,$-4475,$0,$876,$-1431,$0,$0,$-227,$1158,$376,$-295,$0,$0
7,2015-06-30,12.72,$0.00,0.0,$2.23,5.69,$-0.17,0.0,$0.11,115.64,$14.55B,$18.77B,0.78,$34.26B,$25.10B,1.37,$13.08B,$7.54B,57.62%,$13.08B,$2.33B,17.81%,$13.08B,$2.33B,17.81%,$13.08B,$3.52B,26.88%,$13.08B,$1.08B,8.27%,$13.08B,$1.07B,8.14%,$1.07B,$25.10B,3.98%,$1.07B,$-15.26B,-5.98%,$1.07B,$81.56B,1.21%,$2.33B,$59.36B,3.49%,$0,$0,$0,$0,$0,$0,$0,$0,$0,$0,$0,$0,$0,$0,$0,$0,0,$0.00,$0.00,$7441,$404,$0,$14551,$0,$3208,$40362,$8667,$53382,$81555,$18769,$34262,$2913,$37684,$56453,$11862,$0,$0,$25102,$81555,$121,$2356,$0,$2356,$0,$0,$0,$0,$439,$1956,$0,$0,$-707,$0,$0,$-27,$-2100,$-2833,$0,$-4348,$3678,$0,$0,$-226,$1843,$947,$-24,$0,$0
8,2015-03-31,11.61,$0.00,0.0,$2.23,5.2,$-0.17,0.0,$0.11,105.55,$16.25B,$17.30B,0.94,$38.75B,$24.89B,1.56,$13.08B,$7.54B,57.62%,$13.08B,$2.33B,17.81%,$13.08B,$2.33B,17.81%,$13.08B,$3.52B,26.88%,$13.08B,$1.08B,8.27%,$13.08B,$1.07B,8.14%,$1.07B,$24.89B,3.87%,$1.07B,$-16.33B,-5.51%,$1.07B,$84.33B,1.16%,$2.33B,$63.63B,3.32%,$5399,$2191,$3209,$0,$1184,$4525,$875,$-274,$601,$218,$383,$383,$550,$2072,$875,$0,0,$0.00,$0.00,$8633,$398,$0,$16248,$0,$4173,$41216,$6553,$53290,$84331,$17301,$38745,$2799,$42142,$59443,$12003,$0,$0,$24888,$84331,$100,$1187,$0,$1187,$0,$0,$0,$0,$-1114,$165,$-600,$0,$0,$0,$0,$0,$-2747,$-3348,$0,$1498,$2314,$0,$210,$-3,$10,$4028,$781,$0,$0
9,2014-12-31,10.54,$0.00,0.0,$3.91,2.69,$-0.48,0.0,$0.27,39.04,$21.51B,$19.43B,1.11,$42.97B,$28.84B,1.49,$14.49B,$8.42B,58.07%,$14.49B,$2.77B,19.13%,$14.49B,$2.77B,19.13%,$14.49B,$4.24B,29.24%,$14.49B,$1.57B,10.81%,$14.49B,$1.27B,8.79%,$1.27B,$28.84B,4.50%,$1.27B,$-20.03B,-6.17%,$1.27B,$95.11B,1.35%,$2.77B,$71.81B,3.86%,$0,$0,$0,$0,$0,$0,$0,$0,$0,$0,$0,$0,$0,$0,$0,$0,0,$0.00,$0.00,$8538,$416,$4957,$21509,$0,$3355,$48878,$2088,$55808,$95113,$19429,$42970,$3287,$46839,$66268,$14254,$7691,$0,$28844,$95113,$1886,$5695,$0,$5695,$0,$0,$0,$0,$399,$6908,$-6193,$0,$-12,$0,$0,$0,$-1385,$-7590,$0,$-7812,$0,$0,$0,$-335,$7784,$-363,$-1842,$0,$0
10,2014-09-30,11.44,$0.00,0.0,$3.91,2.92,$-0.48,0.0,$0.27,42.37,$20.42B,$16.03B,1.27,$43.82B,$0.00B,0.0,$14.49B,$8.42B,58.07%,$14.49B,$2.77B,19.13%,$14.49B,$2.77B,19.13%,$14.49B,$4.24B,29.24%,$14.49B,$1.57B,10.81%,$14.49B,$1.27B,8.79%,$1.27B,$28.14B,4.58%,$1.27B,$-19.58B,-6.08%,$1.27B,$91.72B,1.36%,$2.77B,$71.96B,3.91%,$5763,$2452,$3312,$0,$1239,$4878,$885,$-701,$184,$84,$100,$100,$291,$1444,$885,$2580,2580,$0.11,$0.11,$7520,$470,$4464,$20421,$0,$2755,$47721,$2035,$53839,$91719,$16029,$43824,$3232,$47549,$63578,$0,$0,$0,$28141,$91719,$1365,$4285,$0,$4285,$0,$0,$0,$0,$-575,$4598,$-2152,$0,$-11,$0,$0,$-843,$-1763,$-4769,$0,$-7423,$-7423,$0,$15,$-334,$5730,$-2013,$-2655,$0,$0
11,2014-06-30,12.62,$0.00,0.0,$7.32,1.72,$0.13,99.84,$0.53,23.81,$22.46B,$19.51B,1.15,$44.59B,$28.30B,1.58,$15.96B,$9.10B,57.00%,$15.96B,$2.95B,18.48%,$15.96B,$2.95B,18.48%,$15.96B,$4.42B,27.67%,$15.96B,$1.95B,12.24%,$15.96B,$1.17B,7.33%,$1.17B,$28.30B,4.24%,$1.17B,$-21.32B,-5.41%,$1.17B,$96.27B,1.24%,$2.95B,$72.89B,4.23%,$0,$0,$0,$0,$0,$0,$0,$0,$0,$0,$0,$0,$0,$0,$0,$0,0,$0.00,$0.00,$9055,$571,$4172,$22462,$0,$2307,$49619,$2427,$55673,$96267,$19511,$44590,$3431,$48453,$67964,$14016,$7088,$0,$28303,$96267,$0,$0,$0,$0,$0,$0,$0,$0,$0,$0,$0,$0,$0,$0,$0,$0,$0,$0,$0,$0,$0,$0,$0,$0,$0,$0,$0,$0,$0
12,2014-03-31,11.79,$0.00,0.0,$7.32,1.61,$0.13,93.28,$0.53,22.25,$20.49B,$19.48B,1.05,$42.54B,$27.93B,1.52,$15.96B,$9.10B,57.00%,$15.96B,$2.95B,18.48%,$15.96B,$2.95B,18.48%,$15.96B,$4.42B,27.67%,$15.96B,$1.95B,12.24%,$15.96B,$1.17B,7.33%,$1.17B,$27.93B,4.30%,$1.17B,$-21.63B,-5.34%,$1.17B,$93.58B,1.25%,$2.95B,$70.47B,4.31%,$7315,$3092,$4224,$0,$1353,$5872,$1444,$-545,$898,$292,$606,$606,$774,$2794,$1444,$0,0,$0.00,$0.00,$7662,$537,$4122,$20486,$0,$1947,$49563,$2326,$55183,$93580,$19480,$42540,$3243,$46168,$65648,$14533,$7872,$0,$27932,$93580,$321,$1466,$0,$1466,$0,$0,$0,$0,$-987,$741,$-1616,$0,$-12,$0,$0,$-151,$0,$-1779,$0,$0,$-1390,$0,$0,$0,$89,$-1301,$-2714,$0,$0
13,2013-12-31,9.96,$0.00,0.0,$8.36,1.19,$0.85,11.66,$0.52,19.15,$22.29B,$21.72B,1.03,$41.29B,$26.81B,1.54,$17.78B,$9.99B,56.17%,$17.78B,$3.21B,18.05%,$17.78B,$3.21B,18.05%,$17.78B,$4.92B,27.65%,$17.78B,$2.33B,13.10%,$17.78B,$1.15B,6.47%,$1.15B,$26.81B,4.10%,$1.15B,$-21.29B,-5.24%,$1.15B,$93.27B,1.21%,$3.21B,$68.10B,4.59%,$0,$0,$0,$0,$0,$0,$0,$0,$0,$0,$0,$0,$0,$0,$0,$0,0,$0.00,$0.00,$9796,$485,$4686,$22289,$0,$1810,$48100,$2135,$53426,$93273,$21716,$41289,$3144,$44744,$66460,$14204,$6313,$0,$26813,$93273,$-769,$6048,$0,$6048,$0,$0,$0,$0,$648,$8954,$-5833,$0,$-149,$0,$0,$0,$919,$-5062,$0,$0,$-4216,$0,$0,$-713,$105,$-4824,$-1462,$0,$0
14,2013-09-30,8.15,$0.00,0.0,$8.36,0.98,$0.85,9.54,$0.52,15.67,$19.29B,$22.04B,0.88,$40.02B,$27.29B,1.47,$17.78B,$9.99B,56.17%,$17.78B,$3.21B,18.05%,$17.78B,$3.21B,18.05%,$17.78B,$4.92B,27.65%,$17.78B,$2.33B,13.10%,$17.78B,$1.15B,6.47%,$1.15B,$27.29B,4.00%,$1.15B,$-22.24B,-5.18%,$1.15B,$93.49B,1.19%,$3.21B,$67.30B,4.50%,$7177,$2986,$4191,$0,$1397,$5849,$1328,$-707,$669,$348,$321,$319,$500,$1621,$1328,$1835,1835,$0.27,$0.27,$9709,$768,$0,$19294,$0,$1979,$49524,$1992,$54768,$93492,$22036,$40019,$3389,$44171,$66207,$14165,$6529,$0,$27285,$93492,$-801,$5051,$0,$5051,$0,$0,$0,$0,$-755,$6622,$-5071,$0,$-154,$0,$0,$0,$485,$-4740,$0,$0,$-3448,$0,$12,$-715,$-60,$-4211,$-2663,$0,$0
15,2013-06-30,6.95,$0.00,0.0,$10.29,0.68,$1.78,3.9,$0.76,9.14,$18.69B,$20.62B,0.91,$41.05B,$0.00B,0.0,$18.09B,$10.20B,56.39%,$18.09B,$3.41B,18.86%,$18.09B,$3.41B,18.86%,$18.09B,$5.12B,28.30%,$18.09B,$2.56B,14.15%,$18.09B,$1.33B,7.37%,$1.33B,$26.74B,4.38%,$1.33B,$-22.47B,-6.01%,$1.33B,$92.78B,1.35%,$3.41B,$67.79B,4.62%,$0,$0,$0,$0,$0,$0,$0,$0,$0,$0,$0,$0,$0,$0,$0,$0,0,$0.00,$0.00,$8654,$700,$0,$18685,$0,$2168,$49214,$2093,$54709,$92783,$20615,$41051,$3527,$45426,$66041,$0,$0,$0,$26742,$92783,$0,$0,$0,$0,$0,$0,$0,$0,$0,$0,$0,$0,$0,$0,$0,$0,$0,$0,$0,$0,$0,$0,$0,$0,$0,$0,$0,$0,$0
16,2013-03-31,6.94,$0.00,0.0,$10.29,0.67,$1.78,3.89,$0.76,9.13,$20.38B,$19.61B,1.04,$45.09B,$0.00B,0.0,$18.09B,$10.20B,56.39%,$18.09B,$3.41B,18.86%,$18.09B,$3.41B,18.86%,$18.09B,$5.12B,28.30%,$18.09B,$2.56B,14.15%,$18.09B,$1.33B,7.37%,$1.33B,$31.38B,4.12%,$1.33B,$-21.92B,-5.93%,$1.33B,$100.93B,1.31%,$3.41B,$76.48B,4.44%,$8781,$3876,$4905,$0,$1664,$7160,$1621,$-415,$1284,$460,$824,$669,$669,$3294,$1621,$2573,2573,$0.26,$0.26,$10271,$638,$0,$20375,$0,$3244,$53301,$2142,$60333,$100934,$19614,$45093,$3779,$49938,$69552,$0,$0,$0,$31382,$100934,$592,$1707,$0,$1707,$0,$0,$0,$0,$-1536,$1075,$-618,$0,$0,$0,$0,$0,$-1042,$-1660,$0,$0,$-741,$0,$0,$0,$0,$-741,$-1250,$0,$0
17,2012-12-31,8.8,$0.00,0.0,$10.11,0.87,$3.06,2.88,$0.89,9.89,$20.85B,$21.63B,0.96,$43.84B,$29.60B,1.48,$18.74B,$10.53B,56.18%,$18.74B,$3.57B,19.03%,$18.74B,$3.57B,19.03%,$18.74B,$5.32B,28.41%,$18.74B,$3.06B,16.32%,$18.74B,$1.64B,8.74%,$1.64B,$29.60B,4.90%,$1.64B,$-22.28B,-7.11%,$1.64B,$99.74B,1.59%,$3.57B,$73.44B,4.58%,$0,$0,$0,$0,$0,$0,$0,$0,$0,$0,$0,$0,$0,$0,$0,$0,0,$0.00,$0.00,$11179,$561,$99,$20849,$0,$3344,$51877,$1924,$58987,$99743,$21627,$43844,$3586,$48521,$70148,$13638,$9093,$0,$29596,$99743,$-1645,$6868,$0,$6868,$0,$0,$0,$0,$-6,$10959,$-4117,$0,$42,$0,$0,$-4,$-1945,$-6023,$0,$-1024,$-1331,$0,$-3,$-1326,$0,$-3683,$935,$0,$0
18,2012-09-30,9.77,$0.00,0.0,$10.11,0.97,$3.06,3.19,$0.89,10.97,$19.74B,$19.56B,1.01,$43.49B,$0.00B,0.0,$18.74B,$10.53B,56.18%,$18.74B,$3.57B,19.03%,$18.74B,$3.57B,19.03%,$18.74B,$5.32B,28.41%,$18.74B,$3.06B,16.32%,$18.74B,$1.64B,8.74%,$1.64B,$33.98B,4.64%,$1.64B,$-22.17B,-6.81%,$1.64B,$101.81B,1.52%,$3.57B,$77.46B,4.39%,$8996,$3915,$5081,$0,$1787,$7409,$1587,$-596,$1045,$453,$592,$482,$482,$1825,$1587,$1820,1820,$0.26,$0.26,$9939,$678,$108,$19742,$0,$130,$56149,$5326,$62959,$101808,$19557,$43489,$3569,$48275,$67832,$0,$0,$0,$33976,$101808,$2809,$4964,$0,$4964,$0,$0,$0,$0,$-334,$7562,$-4954,$0,$0,$0,$0,$-3,$229,$-4728,$0,$0,$0,$0,$-3,$0,$-2706,$-2708,$-9,$0,$0
19,2012-06-30,9.58,$0.00,0.0,$10.04,0.95,$3.62,2.65,$0.96,9.98,$19.67B,$19.91B,0.99,$45.55B,$0.00B,0.0,$20.28B,$11.50B,56.71%,$20.28B,$4.04B,19.91%,$20.28B,$4.04B,19.91%,$20.28B,$5.80B,28.58%,$20.28B,$3.49B,17.21%,$20.28B,$1.93B,9.51%,$1.93B,$34.48B,5.16%,$1.93B,$-23.68B,-7.76%,$1.93B,$104.97B,1.73%,$4.04B,$80.03B,4.78%,$0,$0,$0,$0,$0,$0,$0,$0,$0,$0,$0,$0,$0,$0,$0,$0,0,$0.00,$0.00,$9003,$648,$32,$19666,$0,$131,$58160,$5730,$65333,$104967,$19913,$45554,$3651,$50578,$70490,$0,$0,$0,$34477,$104967,$0,$0,$0,$0,$0,$0,$0,$0,$0,$0,$0,$0,$0,$0,$0,$0,$0,$0,$0,$0,$0,$0,$0,$0,$0,$0,$0,$0,$0
20,2012-03-31,10.49,$0.00,0.0,$10.04,1.04,$3.62,2.9,$0.96,10.93,$19.98B,$21.23B,0.94,$44.70B,$35.49B,1.26,$20.28B,$11.50B,56.71%,$20.28B,$4.04B,19.91%,$20.28B,$4.04B,19.91%,$20.28B,$5.80B,28.58%,$20.28B,$3.49B,17.21%,$20.28B,$1.93B,9.51%,$1.93B,$35.49B,4.91%,$1.93B,$-23.96B,-7.50%,$1.93B,$106.45B,1.68%,$4.04B,$80.20B,4.73%,$9095,$3974,$5121,$0,$1673,$7271,$1825,$-310,$1514,$532,$982,$852,$852,$3498,$1825,$1703,1703,$0.50,$0.50,$8735,$650,$33,$19980,$0,$106,$59453,$4746,$66031,$106445,$21229,$44701,$3765,$49722,$70951,$0,$0,$0,$35494,$106445,$944,$1757,$0,$1757,$0,$0,$0,$0,$-1264,$1838,$1251,$0,$-7,$0,$0,$0,$-1960,$-716,$0,$0,$0,$0,$-3,$0,$-2757,$-2760,$-1637,$0,$0
21,2011-12-31,9.41,$0.00,0.0,$10.98,0.86,$2.89,3.26,$1.01,9.32,$23.06B,$24.25B,0.95,$49.95B,$37.18B,1.34,$21.08B,$12.44B,59.02%,$21.08B,$4.79B,22.72%,$21.08B,$4.79B,22.72%,$21.08B,$6.75B,32.00%,$21.08B,$3.37B,16.00%,$21.08B,$1.95B,9.26%,$1.95B,$37.18B,4.69%,$1.95B,$-26.27B,-7.51%,$1.95B,$116.80B,1.66%,$4.79B,$87.13B,5.45%,$0,$0,$0,$0,$0,$0,$0,$0,$0,$0,$0,$0,$0,$0,$0,$0,0,$0.00,$0.00,$11397,$623,$216,$23058,$0,$118,$63452,$5678,$71529,$116799,$24250,$49946,$3951,$55368,$79618,$14893,$14601,$0,$37181,$116799,$-5943,$7652,$0,$7652,$0,$0,$0,$0,$-56,$11856,$-7107,$0,$-859,$0,$0,$-1,$-808,$-8776,$0,$0,$813,$0,$334,$-1847,$-294,$-993,$1933,$0,$0
22,2011-09-30,9.55,$0.00,0.0,$16.33,0.59,$5.66,1.69,$1.91,5.0,$20.11B,$20.55B,0.98,$48.50B,$42.22B,1.15,$31.78B,$23.14B,72.81%,$31.78B,$15.49B,48.73%,$31.78B,$15.49B,48.73%,$31.78B,$19.42B,61.12%,$31.78B,$14.07B,44.28%,$31.78B,$3.75B,11.79%,$3.75B,$42.22B,8.67%,$3.75B,$-25.50B,-14.52%,$3.75B,$116.93B,3.17%,$15.49B,$90.72B,17.54%,$9640,$4236,$5404,$0,$1906,$7899,$1741,$-249,$1543,$599,$944,$785,$785,$2298,$1741,$2020,2020,$0.39,$0.39,$7323,$746,$981,$20113,$0,$4028,$67715,$1580,$75048,$116926,$20549,$48502,$4174,$54158,$74707,$15014,$18441,$0,$42219,$116926,$-1218,$5903,$0,$5903,$0,$0,$0,$0,$-1104,$8906,$-4692,$0,$44,$0,$0,$-668,$0,$-5317,$0,$0,$-2963,$0,$0,$-1877,$-219,$-5060,$-1658,$0,$0
23,2011-06-30,12.28,$0.00,0.0,$15.97,0.77,$4.26,2.88,$1.79,6.86,$20.88B,$23.05B,0.91,$41.25B,$42.24B,0.98,$30.59B,$22.93B,74.97%,$30.59B,$15.61B,51.04%,$30.59B,$15.61B,51.04%,$30.59B,$19.55B,63.92%,$30.59B,$13.26B,43.34%,$30.59B,$3.46B,11.30%,$3.46B,$42.24B,8.26%,$3.46B,$-27.05B,-13.16%,$3.46B,$118.43B,2.99%,$15.61B,$83.49B,18.14%,$0,$0,$0,$0,$0,$0,$0,$0,$0,$0,$0,$0,$0,$0,$0,$0,0,$0.00,$0.00,$7282,$662,$1846,$20881,$0,$186,$69283,$3829,$74939,$118429,$23050,$41248,$10608,$53141,$76191,$15380,$19373,$0,$42237,$118429,$0,$0,$0,$0,$0,$0,$0,$0,$0,$0,$0,$0,$0,$0,$0,$0,$0,$0,$0,$0,$0,$0,$0,$0,$0,$0,$0,$0,$0
24,2011-03-31,13.02,$0.00,0.0,$20.62,0.63,$4.26,3.05,$2.21,5.89,$21.34B,$23.33B,0.92,$45.04B,$45.08B,1.0,$39.54B,$31.89B,80.64%,$39.54B,$24.57B,62.13%,$39.54B,$24.57B,62.13%,$39.54B,$28.50B,72.09%,$39.54B,$22.21B,56.17%,$39.54B,$4.26B,10.77%,$4.26B,$45.08B,10.57%,$4.26B,$-25.17B,-16.11%,$4.26B,$118.89B,3.77%,$24.57B,$90.12B,28.65%,$10642,$4545,$6097,$0,$1907,$8344,$2298,$-350,$1948,$646,$1303,$1143,$1143,$4447,$2298,$2019,2019,$0.57,$0.57,$9820,$581,$90,$21342,$0,$2131,$70246,$1474,$75787,$118893,$23325,$45043,$4186,$50487,$73812,$14491,$21775,$0,$45080,$118893,$886,$1956,$0,$1956,$0,$0,$0,$0,$-290,$2886,$-1426,$0,$-1,$0,$0,$745,$-36,$-718,$0,$0,$-465,$0,$0,$0,$-1358,$-1822,$257,$0,$0
25,2010-12-31,10.96,$0.00,0.0,$18.31,0.6,$3.66,3.0,$2.08,5.27,$20.70B,$24.00B,0.86,$45.61B,$43.30B,1.05,$37.53B,$30.51B,81.29%,$37.53B,$23.33B,62.15%,$37.53B,$23.33B,62.15%,$37.53B,$27.27B,72.64%,$37.53B,$22.12B,58.93%,$37.53B,$4.23B,11.26%,$4.23B,$43.30B,10.92%,$4.23B,$-25.50B,-15.21%,$4.23B,$118.36B,3.77%,$23.33B,$88.91B,27.20%,$0,$0,$0,$0,$0,$0,$0,$0,$0,$0,$0,$0,$0,$12679,$0,$0,0,$0.00,$0.00,$9667,$514,$175,$20701,$0,$2644,$68805,$1757,$75680,$118357,$23996,$45611,$4083,$51058,$75054,$14194,$21940,$0,$43303,$118357,$4753,$7366,$0,$7366,$0,$0,$0,$0,$-1656,$9127,$-3584,$0,$234,$0,$0,$46,$-1103,$-4407,$0,$0,$-5092,$0,$89,$-1451,$1271,$-5184,$-268,$0,$0
26,2010-09-30,11.8,$0.00,0.0,$16.64,0.71,$2.84,4.15,$1.40,8.43,$18.15B,$21.02B,0.86,$44.92B,$36.79B,1.22,$36.19B,$29.16B,80.59%,$36.19B,$21.98B,60.74%,$36.19B,$21.98B,60.74%,$36.19B,$25.70B,71.03%,$36.19B,$20.77B,57.40%,$36.19B,$2.98B,8.24%,$2.98B,$36.79B,7.99%,$2.98B,$-27.30B,-10.16%,$2.98B,$106.87B,2.65%,$21.98B,$81.71B,25.62%,$10439,$4094,$6345,$0,$1898,$7948,$2491,$-297,$1425,$539,$886,$810,$810,$2423,$2491,$1830,1830,$0.44,$0.44,$6714,$381,$870,$18151,$0,$3820,$64093,$1321,$70348,$106872,$21015,$44917,$3822,$49064,$70079,$13676,$18220,$0,$36794,$106872,$2457,$5384,$0,$5384,$0,$0,$0,$0,$-2466,$5879,$-4547,$0,$179,$0,$0,$0,$-156,$-4523,$0,$0,$-4201,$0,$0,$0,$324,$-3877,$-2414,$0,$0
27,2010-06-30,9.32,$0.00,0.0,$15.27,0.61,$3.09,3.02,$1.10,8.48,$18.25B,$20.97B,0.87,$46.17B,$36.03B,1.28,$36.80B,$29.39B,79.87%,$36.80B,$22.01B,59.81%,$36.80B,$22.01B,59.81%,$36.80B,$25.73B,69.93%,$36.80B,$21.16B,57.51%,$36.80B,$2.43B,6.59%,$2.43B,$36.03B,6.42%,$2.43B,$-27.80B,-7.94%,$2.43B,$107.27B,2.10%,$22.01B,$82.20B,24.93%,$10697,$0,$10697,$0,$0,$0,$10697,$0,$10697,$0,$10697,$1800,$1793,$8955,$10697,$1998,1998,$0.90,$0.90,$6740,$374,$111,$18247,$0,$4343,$63824,$1515,$70405,$107273,$20965,$46174,$3802,$50278,$71243,$13621,$18626,$0,$36029,$107273,$0,$0,$0,$0,$0,$0,$0,$0,$0,$0,$0,$0,$0,$0,$0,$0,$0,$0,$0,$0,$0,$0,$0,$0,$0,$0,$0,$0,$0
28,2010-03-31,11.68,$0.00,0.0,$14.76,0.79,$3.09,3.78,$0.97,12.04,$20.62B,$21.15B,0.98,$51.54B,$38.67B,1.33,$38.15B,$30.75B,80.58%,$38.15B,$23.37B,61.24%,$38.15B,$23.37B,61.24%,$38.15B,$27.09B,71.00%,$38.15B,$22.52B,59.03%,$38.15B,$2.34B,6.14%,$2.34B,$38.67B,6.20%,$2.34B,$-30.53B,-7.39%,$2.34B,$115.61B,1.98%,$23.37B,$90.21B,26.13%,$9449,$3561,$5888,$0,$1752,$7026,$2423,$-525,$1134,$280,$854,$853,$853,$3208,$2423,$1924,1924,$0.45,$0.45,$8986,$457,$89,$20620,$0,$2731,$69194,$1384,$74558,$115610,$21147,$51539,$4009,$55795,$76942,$14667,$19283,$0,$38668,$115610,$840,$1956,$0,$1956,$0,$0,$0,$0,$-1553,$1677,$-1205,$0,$209,$0,$0,$999,$-668,$-665,$0,$0,$-2743,$0,$0,$-1,$104,$-2641,$-1581,$0,$0
29,2009-12-31,12.57,$0.00,0.0,$12.15,1.03,$2.95,4.26,$0.71,17.7,$22.94B,$25.50B,0.9,$51.25B,$37.82B,1.36,$38.83B,$31.20B,80.36%,$38.83B,$23.89B,61.51%,$38.83B,$23.89B,61.51%,$38.83B,$27.55B,70.94%,$38.83B,$22.21B,57.21%,$38.83B,$2.19B,5.63%,$2.19B,$37.82B,5.90%,$2.19B,$-31.78B,-6.89%,$2.19B,$120.19B,1.87%,$23.89B,$89.08B,27.33%,$8955,$0,$8955,$0,$0,$0,$8955,$0,$8955,$0,$8955,$807,$804,$11118,$8955,$1924,1924,$0.42,$0.42,$11855,$569,$110,$22941,$0,$2224,$69603,$2965,$76465,$120188,$25504,$51254,$5385,$56862,$82366,$14886,$19075,$0,$37822,$120188,$3093,$7741,$0,$7741,$0,$0,$0,$0,$-3153,$7635,$-2660,$0,$-18,$0,$0,$-8,$-3686,$-6372,$0,$0,$1817,$0,$0,$-1464,$-1581,$-1229,$360,$0,$0
30,2009-09-30,14.28,$0.00,0.0,$12.46,1.15,$4.16,3.43,$0.78,18.3,$21.66B,$22.44B,0.97,$53.02B,$38.57B,1.38,$39.17B,$21.00B,53.62%,$39.17B,$4.82B,12.30%,$39.17B,$4.82B,12.30%,$39.17B,$8.72B,22.25%,$39.17B,$14.40B,36.77%,$39.17B,$2.19B,5.59%,$2.19B,$38.57B,5.85%,$2.19B,$-32.18B,-6.75%,$2.19B,$120.11B,1.85%,$4.82B,$91.60B,5.45%,$8433,$3461,$4972,$0,$1764,$7182,$1252,$-470,$1332,$492,$840,$775,$775,$2452,$1252,$2483,2483,$0.31,$0.31,$9799,$547,$80,$21657,$0,$3163,$70753,$2873,$77538,$120111,$22436,$53022,$5825,$59103,$81539,$15128,$19010,$0,$38573,$120111,$2440,$5971,$0,$5971,$0,$0,$0,$0,$-3855,$5448,$-2771,$0,$-17,$0,$0,$-6,$-2627,$-5421,$0,$0,$1531,$0,$-16,$-1501,$-1453,$-1439,$-1225,$0,$0
31,2009-06-30,11.21,$0.00,0.0,$14.98,0.75,$4.46,2.51,$1.13,9.92,$23.44B,$25.96B,0.9,$50.52B,$36.26B,1.39,$40.61B,$21.23B,52.28%,$40.61B,$4.53B,11.15%,$40.61B,$4.53B,11.15%,$40.61B,$8.42B,20.74%,$40.61B,$14.18B,34.92%,$40.61B,$2.84B,6.99%,$2.84B,$36.26B,7.50%,$2.84B,$-32.42B,-8.49%,$2.84B,$117.34B,2.36%,$4.53B,$86.78B,5.09%,$9348,$0,$9348,$0,$0,$0,$9348,$0,$9348,$0,$9348,$633,$550,$10313,$9348,$2537,2537,$0.22,$0.22,$11559,$522,$71,$23435,$0,$2622,$68680,$1116,$73048,$117335,$25960,$50520,$4344,$55115,$81075,$14539,$18451,$0,$36260,$117335,$0,$0,$0,$0,$0,$0,$0,$0,$0,$0,$0,$0,$0,$0,$0,$0,$0,$0,$0,$0,$0,$0,$0,$0,$0,$0,$0,$0,$0
32,2009-03-31,10.01,$0.00,0.0,$16.79,0.6,$4.46,2.24,$1.34,7.47,$18.72B,$23.49B,0.8,$46.76B,$0.00B,0.0,$42.18B,$22.80B,54.05%,$42.18B,$6.10B,14.46%,$42.18B,$6.10B,14.46%,$42.18B,$10.00B,23.70%,$42.18B,$15.75B,37.34%,$42.18B,$3.12B,7.39%,$3.12B,$35.38B,7.96%,$3.12B,$-30.48B,-8.90%,$3.12B,$110.62B,2.50%,$6.10B,$82.14B,6.62%,$10060,$3947,$6113,$0,$1689,$7608,$2452,$-532,$1528,$459,$1069,$1096,$297,$3665,$2452,$2846,2846,$0.15,$0.15,$7959,$500,$54,$18719,$0,$3821,$65859,$981,$71664,$110619,$23492,$46762,$4578,$51747,$75239,$0,$0,$0,$35380,$110619,$581,$1893,$0,$1893,$0,$0,$0,$0,$-1266,$1614,$-1023,$0,$0,$0,$0,$-1,$-934,$-1958,$0,$0,$362,$0,$-9,$-1,$-776,$-424,$-721,$0,$0
33,2008-12-31,12.72,$0.00,0.0,$21.91,0.58,$4.79,2.66,$1.69,7.53,$21.61B,$27.11B,0.8,$53.74B,$39.51B,1.36,$44.15B,$23.73B,53.75%,$44.15B,$6.34B,14.35%,$44.15B,$6.34B,14.35%,$44.15B,$10.53B,23.86%,$44.15B,$16.15B,36.58%,$44.15B,$3.25B,7.36%,$3.25B,$39.51B,8.03%,$3.25B,$-34.62B,-8.98%,$3.25B,$126.00B,2.52%,$6.34B,$93.26B,6.66%,$10313,$0,$10313,$0,$0,$0,$10313,$0,$10313,$0,$10313,$722,$722,$-7714,$10313,$2488,2488,$0.29,$0.29,$9021,$558,$107,$21605,$0,$4732,$74129,$1034,$81347,$125995,$27106,$53742,$5066,$59376,$86482,$15705,$20372,$0,$39513,$125995,$3302,$8689,$0,$8689,$0,$0,$0,$0,$1716,$12366,$-4699,$0,$665,$0,$0,$-2381,$-3699,$-10114,$0,$0,$-2881,$0,$-38,$-2450,$1864,$-3505,$-1439,$0,$0
34,2008-09-30,11.68,$0.00,0.0,$24.45,0.48,$6.85,1.71,$1.60,7.3,$22.79B,$27.70B,0.82,$53.08B,$0.00B,0.0,$46.41B,$36.53B,78.72%,$46.41B,$28.00B,60.34%,$46.41B,$28.00B,60.34%,$46.41B,$32.25B,69.49%,$46.41B,$26.56B,57.23%,$46.41B,$3.06B,6.60%,$3.06B,$40.31B,7.69%,$3.06B,$-36.27B,-8.53%,$3.06B,$127.11B,2.40%,$28.00B,$93.39B,29.87%,$9110,$3681,$5429,$0,$1764,$7338,$1772,$-522,$1025,$445,$581,$616,$616,$2160,$1772,$11623,11623,$0.05,$0.05,$8677,$545,$197,$22793,$0,$833,$76572,$2536,$80173,$127113,$27698,$53084,$5659,$59108,$86806,$0,$0,$0,$40307,$127113,$2650,$6685,$0,$6685,$0,$0,$0,$0,$-331,$8808,$-6440,$0,$677,$0,$0,$-2,$-8,$-5772,$0,$0,$0,$0,$0,$-2509,$-1837,$-4345,$-1370,$0,$0
35,2008-06-30,15.63,$0.00,0.0,$18.40,0.85,$5.60,2.79,$1.10,14.21,$23.65B,$27.02B,0.88,$58.20B,$41.36B,1.41,$45.54B,$36.08B,79.23%,$45.54B,$27.82B,61.09%,$45.54B,$27.82B,61.09%,$45.54B,$32.06B,70.41%,$45.54B,$26.96B,59.20%,$45.54B,$3.08B,6.77%,$3.08B,$41.36B,7.92%,$3.08B,$-38.80B,-8.75%,$3.08B,$134.24B,2.46%,$27.82B,$99.56B,30.09%,$9687,$10540,$-854,$0,$4604,$19405,$-9718,$-1106,$1538,$-172,$1709,$561,$553,$11885,$-9718,$2422,2422,$0.29,$0.29,$8976,$511,$163,$23646,$0,$1989,$80157,$2372,$84889,$134237,$27015,$58195,$7494,$65860,$92876,$16687,$20757,$0,$41362,$134237,$0,$0,$0,$0,$0,$0,$0,$0,$0,$0,$0,$0,$0,$0,$0,$0,$0,$0,$0,$0,$0,$0,$0,$0,$0,$0,$0,$0,$0
36,2008-03-31,15.69,$0.00,0.0,$12.45,1.26,$5.60,2.8,$0.60,26.15,$24.33B,$27.73B,0.88,$53.63B,$0.00B,0.0,$33.65B,$24.20B,71.90%,$33.65B,$15.93B,47.35%,$33.65B,$15.93B,47.35%,$33.65B,$20.18B,59.96%,$33.65B,$15.08B,44.80%,$33.65B,$2.09B,6.20%,$2.09B,$40.67B,5.57%,$2.09B,$-35.18B,-6.12%,$2.09B,$128.64B,1.73%,$15.93B,$94.30B,17.98%,$11500,$5159,$6341,$0,$1944,$9340,$2160,$-749,$1303,$545,$758,$949,$949,$4200,$2160,$1899,1899,$0.50,$0.50,$9712,$494,$1212,$24332,$0,$810,$75847,$2668,$79502,$128639,$27730,$53632,$5445,$60242,$87972,$0,$0,$0,$40667,$128639,$834,$2191,$0,$2191,$0,$0,$0,$0,$-622,$2897,$-2191,$0,$0,$0,$0,$0,$-306,$-2497,$0,$0,$0,$0,$0,$-39,$-2407,$-2446,$-2112,$0,$0
37,2007-12-31,23.17,$0.00,0.0,$11.69,1.98,$6.09,3.8,$0.72,32.17,$22.94B,$26.27B,0.87,$50.79B,$36.99B,1.37,$32.56B,$23.57B,72.40%,$32.56B,$16.00B,49.15%,$32.56B,$16.00B,49.15%,$32.56B,$19.89B,61.09%,$32.56B,$15.41B,47.32%,$32.56B,$2.35B,7.22%,$2.35B,$36.99B,6.46%,$2.35B,$-33.47B,-7.16%,$2.35B,$119.83B,2.00%,$16.00B,$87.77B,18.38%,$11885,$0,$11885,$0,$0,$0,$11885,$0,$11885,$0,$11885,$999,$999,$14002,$11885,$1998,1998,$0.50,$0.50,$9924,$422,$138,$22941,$0,$1694,$70461,$1187,$73681,$119833,$26265,$50786,$4991,$56580,$82845,$14631,$18680,$0,$36988,$119833,$3316,$7965,$0,$7965,$0,$0,$0,$0,$156,$11911,$-2373,$0,$-866,$0,$0,$650,$-3231,$-5820,$0,$0,$-3557,$0,$0,$-3880,$277,$-7161,$-1036,$0,$0
38,2007-09-30,22.74,$0.00,0.0,$5.15,4.42,$0.87,26.24,$0.52,43.73,$20.53B,$23.25B,0.88,$51.48B,$0.00B,0.0,$20.61B,$11.62B,56.40%,$20.61B,$4.05B,19.67%,$20.61B,$4.05B,19.67%,$20.61B,$5.89B,28.57%,$20.61B,$3.46B,16.78%,$20.61B,$1.99B,9.64%,$1.99B,$36.75B,5.57%,$1.99B,$-33.59B,-6.24%,$1.99B,$117.84B,1.72%,$4.05B,$88.23B,4.69%,$11073,$4717,$6357,$0,$2157,$9065,$2009,$-445,$1421,$587,$834,$750,$750,$1977,$2009,$1876,1876,$0.40,$0.40,$6933,$497,$99,$20526,$0,$1626,$70338,$1850,$74098,$117842,$23245,$51476,$5229,$57846,$81090,$0,$0,$0,$36752,$117842,$3040,$5910,$0,$5910,$0,$0,$0,$0,$-945,$9137,$-2726,$0,$-921,$0,$0,$4,$-1469,$-5112,$0,$0,$-3916,$0,$0,$-3889,$-466,$-8271,$-4219,$0,$0
39,2007-06-30,20.63,$0.00,0.0,$5.15,4.01,$0.87,23.81,$0.52,39.67,$20.70B,$23.61B,0.88,$49.05B,$35.19B,1.39,$19.88B,$11.19B,56.28%,$19.88B,$4.18B,21.00%,$19.88B,$4.18B,21.00%,$19.88B,$6.01B,30.22%,$19.88B,$3.57B,17.97%,$19.88B,$2.14B,10.74%,$2.14B,$35.19B,6.12%,$2.14B,$-33.94B,-6.89%,$2.14B,$116.24B,1.86%,$4.18B,$84.24B,4.84%,$11947,$0,$11947,$0,$0,$0,$11947,$0,$11947,$0,$11947,$365,$365,$0,$11947,$1826,1826,$0.20,$0.20,$5297,$429,$4327,$20704,$0,$779,$69127,$2240,$72498,$116237,$23611,$49052,$7672,$57434,$81045,$14392,$17171,$0,$35192,$116237,$0,$0,$0,$0,$0,$0,$0,$0,$0,$0,$0,$0,$0,$0,$0,$0,$0,$0,$0,$0,$0,$0,$0,$0,$0,$0,$0,$0,$0
40,2007-03-31,20.59,$0.00,0.0,$5.15,4.0,$0.87,23.76,$0.52,39.59,$21.60B,$22.73B,0.95,$51.27B,$0.00B,0.0,$19.88B,$11.19B,56.28%,$19.88B,$4.18B,21.00%,$19.88B,$4.18B,21.00%,$19.88B,$6.01B,30.22%,$19.88B,$3.57B,17.97%,$19.88B,$2.14B,10.74%,$2.14B,$36.63B,6.26%,$2.14B,$-30.39B,-7.03%,$2.14B,$115.97B,1.90%,$4.18B,$87.90B,4.94%,$10632,$4741,$5891,$0,$1924,$8655,$1977,$-271,$1707,$737,$970,$970,$970,$3910,$1977,$0,0,$0.00,$0.00,$9479,$430,$45,$21598,$0,$2516,$67019,$1580,$71934,$115972,$22729,$51269,$5087,$56613,$79342,$0,$0,$0,$36630,$115972,$1016,$1835,$0,$1835,$0,$0,$0,$0,$-13,$3034,$-1355,$0,$-874,$0,$0,$0,$85,$-2144,$0,$0,$-1462,$0,$0,$-24,$-499,$-1985,$-1082,$0,$0
41,2006-12-31,21.64,$0.00,0.0,0,0.0,0,0.0,0,0.0,$22.35B,$21.94B,1.02,$51.26B,$34.04B,1.51,$18.90B,$10.74B,56.81%,$18.90B,$4.06B,21.49%,$18.90B,$4.06B,21.49%,$18.90B,$5.78B,30.57%,$18.90B,$3.53B,18.65%,$18.90B,$2.05B,10.83%,$2.05B,$34.04B,6.13%,$2.05B,$-29.37B,-6.91%,$2.05B,$112.38B,1.84%,$4.06B,$85.30B,4.88%,$0,$0,$0,$0,$0,$0,$0,$0,$0,$0,$0,$0,$0,$0,$0,$0,0,$0.00,$0.00,$10632,$366,$361,$22348,$0,$2456,$63412,$1389,$68403,$112376,$21943,$51257,$4892,$56392,$78335,$13409,$17240,$0,$34041,$112376,$3764,$6893,$0,$6893,$0,$0,$0,$0,$-818,$11550,$-2360,$0,$433,$0,$0,$-590,$-2747,$-5265,$0,$0,$-5996,$0,$3,$-3765,$-256,$-10014,$-3766,$0,$0
