,Date,Stock Price,Book Value per Share,Price to Book Ratio,TTM Sales per Share,Price to Sales Ratio,TTM FCF per Share,Price to FCF Ratio,TTM Net EPS,PE Ratio,Current Assets,Current Liabilities,Current Ratio,Long Term Debt,Shareholder's Equity_x,Debt to Equity Ratio,TTM Revenue_x,TTM Gross Profit,Gross Margin,TTM Revenue_y,TTM Operating Income,Operating Margin,TTM Revenue_x,TTM EBIT,EBIT Margin,TTM Revenue_y,TTM EBITDA,EBITDA Margin,TTM Revenue_x,TTM Pre-Tax Income,Pre-Tax Margin,TTM Revenue_y,TTM Net Income_x,Net Margin,TTM Net Income_y,Shareholder's Equity_y,Return on Equity,TTM Net Income_x,Tangible Equity,Return on Tangible Equity,TTM Net Income_y,Total Assets,Return on Assets,TTM Net Income,LT Investments & Debt,Return on Investment,revenue,cost-goods-sold,gross-profit,research-development-expenses,selling-general-administrative-expenses,operating-expenses,operating-income,total-non-operating-income-expense,pre-tax-income,total-provision-income-taxes,income-after-taxes,income-from-continuous-operations,net-income,ebitda,ebit,basic-shares-outstanding,shares-outstanding,eps-basic-net-earnings-per-share,eps-earnings-per-share-diluted,cash-on-hand,inventory,other-current-assets,total-current-assets,net-property-plant-equipment,long-term-investments,goodwill-intangible-assets-total,other-long-term-assets,total-long-term-assets,total-assets,total-current-liabilities,long-term-debt,other-non-current-liabilities,total-long-term-liabilities,total-liabilities,common-stock-net,retained-earnings-accumulated-deficit,comprehensive-income,total-share-holder-equity,total-liabilities-share-holders-equity,net-income-loss,total-depreciation-amortization-cash-flow,other-non-cash-items,total-non-cash-items,change-in-accounts-receivable,change-in-inventories,change-in-accounts-payable,change-in-assets-liabilities,total-change-in-assets-liabilities,cash-flow-from-operating-activities,net-change-in-property-plant-equipment,net-change-in-intangible-assets,net-acquisitions-divestitures,net-change-in-short-term-investments,net-change-in-long-term-investments,net-change-in-investments-total,investing-activities-other,cash-flow-from-investing-activities,net-long-term-debt,net-current-debt,debt-issuance-retirement-net-total,net-common-equity-issued-repurchased,net-total-equity-issued-repurchased,total-common-preferred-stock-dividends-paid,financial-activities-other,cash-flow-from-financial-activities,net-cash-flow,stock-based-compensation,common-stock-dividends-paid
0,2018-07-31,137.56,$25.09,5.48,$35.42,3.88,$8.23,16.71,$3.61,38.11,$3.69B,$0.61B,6.05,$0.88B,$3.07B,0.29,$4.42B,$2.79B,63.05%,$4.42B,$0.86B,19.35%,$4.42B,$0.86B,19.35%,$4.42B,$1.06B,24.06%,$4.42B,$0.83B,18.67%,$4.42B,$0.45B,10.16%,$0.45B,$3.07B,14.08%,$0.45B,$3.07B,14.08%,$0.45B,$5.17B,8.39%,$0.86B,$3.95B,21.00%,$1076,$387,$689,$0,$498,$885,$191,$-9,$182,$37,$145,$145,$145,$246,$191,$123,124,$1.17,$1.17,$814,$2412,$0,$3689,$971,$0,$0,$320,$1481,$5170,$610,$881,$279,$1488,$2099,$1,$1987,$-197,$3072,$5170,$287,$107,$49,$156,$5,$-220,$0,$-29,$-352,$91,$-102,$0,$0,$242,$0,$242,$0,$140,$0,$-23,$-23,$-290,$-290,$-130,$-7,$-449,$-218,$20,$-130
1,2018-04-30,102.42,$26.32,3.89,$34.41,2.98,$9.91,10.34,$3.36,30.48,$3.98B,$0.68B,5.82,$0.88B,$3.27B,0.27,$4.30B,$2.70B,62.68%,$4.30B,$0.85B,19.73%,$4.30B,$0.85B,19.73%,$4.30B,$1.05B,24.42%,$4.30B,$0.82B,18.96%,$4.30B,$0.42B,9.74%,$0.42B,$3.27B,13.05%,$0.42B,$3.27B,13.05%,$0.42B,$5.45B,7.79%,$0.85B,$4.15B,20.75%,$1033,$382,$651,$0,$447,$829,$204,$-14,$191,$48,$142,$142,$142,$256,$204,$124,125,$1.14,$1.14,$1212,$2318,$0,$3980,$966,$0,$0,$318,$1470,$5451,$684,$883,$286,$1498,$2182,$1,$2159,$-166,$3269,$5451,$142,$52,$30,$82,$-12,$-94,$0,$10,$-124,$100,$-37,$0,$0,$92,$0,$92,$0,$55,$0,$-21,$-21,$-36,$-36,$-62,$-6,$-126,$29,$9,$-62
2,2018-01-31,105.68,$26.09,4.05,$33.33,3.17,$10.03,10.53,$2.96,35.7,$3.98B,$0.73B,5.5,$0.88B,$3.25B,0.27,$4.17B,$2.61B,62.47%,$4.17B,$0.80B,19.06%,$4.17B,$0.80B,19.06%,$4.17B,$0.99B,23.84%,$4.17B,$0.76B,18.25%,$4.17B,$0.37B,8.87%,$0.37B,$3.25B,11.70%,$0.37B,$3.25B,11.70%,$0.37B,$5.47B,6.99%,$0.80B,$4.13B,19.66%,$1334,$487,$848,$0,$548,$1034,$300,$2,$302,$240,$62,$62,$62,$352,$300,$125,125,$0.49,$0.50,$1291,$2254,$0,$3983,$991,$0,$0,$306,$1485,$5468,$725,$883,$284,$1495,$2220,$1,$2114,$-138,$3248,$5468,$370,$199,$198,$397,$7,$-53,$0,$-37,$165,$932,$-239,$0,$0,$-247,$0,$-247,$5,$-481,$0,$-125,$-125,$-45,$-45,$-243,$-9,$-421,$43,$28,$-243
3,2017-10-31,92.31,$25.50,3.62,$32.46,2.84,$8.34,11.07,$3.72,24.81,$3.78B,$0.69B,5.44,$0.88B,$3.17B,0.28,$4.07B,$2.55B,62.59%,$4.07B,$0.75B,18.47%,$4.07B,$0.75B,18.49%,$4.07B,$0.95B,23.32%,$4.07B,$0.71B,17.36%,$4.07B,$0.47B,11.46%,$0.47B,$3.17B,15.00%,$0.47B,$3.17B,15.00%,$0.47B,$5.31B,8.97%,$0.75B,$4.05B,18.84%,$976,$378,$598,$0,$438,$816,$160,$-10,$150,$50,$100,$100,$100,$209,$160,$124,125,$0.81,$0.80,$1009,$2327,$0,$3778,$949,$0,$0,$313,$1536,$5314,$694,$879,$217,$1451,$2145,$1,$2150,$-211,$3169,$5314,$308,$147,$63,$209,$12,$-162,$0,$-43,$-86,$431,$-147,$0,$0,$-101,$0,$-101,$4,$-244,$0,$-47,$-47,$-46,$-46,$-181,$-8,$-281,$-83,$22,$-181
4,2017-07-31,93.65,$25.37,3.69,$32.25,2.9,$8.06,11.61,$3.68,25.45,$3.72B,$0.65B,5.75,$0.88B,$3.16B,0.28,$4.04B,$2.53B,62.56%,$4.04B,$0.75B,18.47%,$4.04B,$0.75B,18.49%,$4.04B,$0.94B,23.37%,$4.04B,$0.70B,17.38%,$4.04B,$0.46B,11.41%,$0.46B,$3.16B,15.13%,$0.46B,$3.16B,15.13%,$0.46B,$5.27B,8.95%,$0.75B,$4.04B,18.99%,$960,$360,$600,$0,$415,$775,$185,$-12,$173,$58,$115,$115,$115,$234,$185,$125,125,$0.92,$0.92,$1044,$2237,$0,$3722,$940,$0,$0,$308,$1548,$5270,$648,$881,$213,$1464,$2112,$1,$2138,$-203,$3158,$5270,$208,$98,$44,$141,$14,$-49,$0,$-29,$-62,$287,$-88,$0,$0,$-161,$0,$-161,$4,$-245,$0,$-2,$-2,$-22,$-22,$-118,$-7,$-150,$-107,$16,$-118
5,2017-04-30,89.38,$24.66,3.63,$31.99,2.79,$7.33,12.19,$3.60,24.83,$3.60B,$0.58B,6.17,$0.88B,$3.08B,0.29,$4.01B,$2.50B,62.43%,$4.01B,$0.74B,18.35%,$4.01B,$0.74B,18.37%,$4.01B,$0.94B,23.34%,$4.01B,$0.69B,17.23%,$4.01B,$0.45B,11.27%,$0.45B,$3.08B,15.12%,$0.45B,$3.08B,15.12%,$0.45B,$5.11B,8.84%,$0.74B,$3.96B,19.13%,$900,$341,$559,$0,$410,$750,$150,$-14,$136,$43,$93,$93,$93,$199,$150,$125,125,$0.75,$0.74,$960,$2197,$0,$3595,$921,$0,$0,$294,$1512,$5106,$583,$881,$201,$1449,$2032,$1,$2105,$-243,$3075,$5106,$93,$49,$25,$74,$-6,$-33,$0,$-11,$-53,$114,$-35,$0,$0,$-63,$0,$-63,$2,$-96,$0,$-38,$-38,$-5,$-5,$-56,$-7,$-106,$-89,$8,$-56
6,2017-01-31,76.39,$24.32,3.14,$31.86,2.4,$6.99,10.92,$3.55,21.52,$3.57B,$0.63B,5.65,$0.88B,$3.03B,0.29,$4.00B,$2.49B,62.24%,$4.00B,$0.72B,18.02%,$4.00B,$0.72B,18.04%,$4.00B,$0.92B,23.04%,$4.00B,$0.68B,16.94%,$4.00B,$0.45B,11.17%,$0.45B,$3.03B,15.10%,$0.45B,$3.03B,15.10%,$0.45B,$5.10B,8.73%,$0.72B,$3.91B,18.99%,$1230,$442,$788,$0,$532,$973,$257,$-10,$247,$89,$158,$158,$158,$306,$257,$125,126,$1.28,$1.26,$986,$2158,$0,$3574,$932,$0,$0,$290,$1524,$5098,$633,$878,$194,$1436,$2069,$1,$2078,$-256,$3028,$5098,$446,$200,$173,$373,$-19,$55,$0,$-88,$-113,$706,$-223,$0,$0,$-16,$0,$-16,$2,$-237,$1,$8,$9,$-168,$-168,$-223,$-4,$-386,$84,$24,$-223
7,2016-10-31,70.85,$23.49,3.02,$31.47,2.25,$7.52,9.42,$3.57,19.85,$3.51B,$0.64B,5.52,$0.89B,$2.93B,0.3,$3.99B,$2.47B,61.92%,$3.99B,$0.73B,18.21%,$3.99B,$0.73B,18.21%,$3.99B,$0.93B,23.28%,$3.99B,$0.68B,17.06%,$3.99B,$0.45B,11.34%,$0.45B,$2.93B,15.40%,$0.45B,$2.93B,15.40%,$0.45B,$5.14B,8.81%,$0.73B,$3.81B,19.36%,$949,$370,$580,$0,$424,$794,$155,$-10,$146,$50,$95,$95,$95,$205,$155,$125,125,$0.76,$0.76,$787,$2303,$0,$3509,$952,$0,$0,$308,$1630,$5139,$636,$886,$195,$1578,$2214,$1,$1979,$-251,$2925,$5139,$288,$151,$52,$203,$-1,$-55,$0,$16,$-84,$407,$-157,$0,$0,$-16,$0,$-16,$0,$-173,$1,$-5,$-4,$-169,$-169,$-165,$-4,$-342,$-116,$17,$-165
8,2016-07-31,61.88,$23.45,2.64,$31.13,1.99,$7.60,8.14,$3.51,17.63,$3.48B,$0.70B,4.98,$0.79B,$2.93B,0.27,$3.98B,$2.45B,61.71%,$3.98B,$0.73B,18.29%,$3.98B,$0.73B,18.29%,$3.98B,$0.93B,23.35%,$3.98B,$0.68B,16.98%,$3.98B,$0.45B,11.27%,$0.45B,$2.93B,15.33%,$0.45B,$2.93B,15.33%,$0.45B,$5.10B,8.73%,$0.73B,$3.72B,19.58%,$932,$355,$577,$0,$402,$757,$175,$-13,$162,$56,$106,$106,$106,$226,$175,$125,126,$0.84,$0.84,$720,$2325,$0,$3477,$945,$0,$0,$314,$1626,$5103,$698,$791,$191,$1477,$2174,$1,$1967,$-232,$2929,$5103,$193,$101,$40,$141,$-3,$-63,$0,$-7,$-125,$209,$-101,$0,$0,$-10,$0,$-10,$0,$-111,$0,$-21,$-21,$-139,$-139,$-109,$-3,$-272,$-177,$11,$-109
9,2016-04-30,67.92,$23.49,2.89,$31.36,2.17,$8.38,8.11,$3.48,19.52,$3.52B,$0.72B,4.91,$0.79B,$2.96B,0.27,$4.03B,$2.47B,61.20%,$4.03B,$0.73B,17.97%,$4.03B,$0.73B,17.97%,$4.03B,$0.92B,22.86%,$4.03B,$0.67B,16.66%,$4.03B,$0.45B,11.08%,$0.45B,$2.96B,15.34%,$0.45B,$2.96B,15.34%,$0.45B,$5.15B,8.68%,$0.73B,$3.75B,19.47%,$891,$346,$546,$0,$411,$757,$135,$-12,$123,$36,$88,$88,$88,$185,$135,$126,127,$0.69,$0.69,$790,$2320,$0,$3522,$946,$0,$0,$310,$1626,$5148,$718,$790,$188,$1471,$2189,$1,$1981,$-219,$2959,$5148,$88,$50,$25,$75,$-7,$-42,$0,$9,$-80,$82,$-46,$0,$0,$33,$0,$33,$0,$-13,$0,$-13,$-13,$-67,$-67,$-52,$-3,$-135,$-64,$5,$-52
10,2016-01-31,60.43,$23.10,2.62,$31.73,1.9,$8.91,6.78,$3.60,16.79,$3.51B,$0.73B,4.81,$0.79B,$2.93B,0.27,$4.11B,$2.49B,60.71%,$4.11B,$0.76B,18.51%,$4.11B,$0.76B,18.51%,$4.11B,$0.95B,23.24%,$4.11B,$0.71B,17.30%,$4.11B,$0.46B,11.30%,$0.46B,$2.93B,16.02%,$0.46B,$2.93B,16.02%,$0.46B,$5.12B,9.01%,$0.76B,$3.72B,20.39%,$1214,$449,$765,$0,$504,$953,$261,$-12,$249,$86,$163,$163,$163,$312,$261,$129,129,$1.28,$1.27,$887,$2225,$0,$3508,$936,$0,$0,$295,$1613,$5122,$730,$790,$189,$1462,$2192,$1,$2013,$-278,$2930,$5122,$464,$194,$152,$346,$-17,$64,$0,$-29,$8,$817,$-253,$0,$0,$-26,$0,$-26,$1,$-278,$0,$-3,$-3,$-218,$-218,$-203,$-2,$-426,$114,$25,$-203
11,2015-10-31,77.61,$22.39,3.47,$32.22,2.41,$7.36,10.54,$3.83,20.26,$3.48B,$0.71B,4.92,$0.79B,$2.87B,0.28,$4.18B,$2.51B,60.08%,$4.18B,$0.80B,19.25%,$4.18B,$0.80B,19.25%,$4.18B,$0.99B,23.80%,$4.18B,$0.75B,18.03%,$4.18B,$0.50B,11.90%,$0.50B,$2.87B,17.28%,$0.50B,$2.87B,17.28%,$0.50B,$5.16B,9.63%,$0.80B,$3.66B,21.56%,$938,$374,$565,$0,$408,$782,$156,$-15,$141,$50,$91,$91,$91,$205,$156,$129,129,$0.71,$0.70,$725,$2347,$0,$3483,$912,$0,$0,$322,$1675,$5158,$708,$790,$185,$1578,$2287,$1,$1994,$-323,$2871,$5158,$301,$143,$80,$223,$-16,$-36,$0,$-8,$-96,$428,$-159,$0,$0,$-31,$0,$-31,$0,$-190,$0,$-31,$-31,$-115,$-115,$-152,$2,$-296,$-57,$20,$-152
12,2015-07-31,89.65,$22.46,3.99,$32.33,2.77,$5.47,16.39,$3.42,26.21,$3.51B,$0.62B,5.67,$0.87B,$2.90B,0.3,$4.20B,$2.52B,59.91%,$4.20B,$0.82B,19.46%,$4.20B,$0.82B,19.46%,$4.20B,$1.00B,23.89%,$4.20B,$0.67B,15.98%,$4.20B,$0.44B,10.58%,$0.44B,$2.90B,15.39%,$0.44B,$2.90B,15.39%,$0.44B,$5.17B,8.67%,$0.82B,$3.77B,21.71%,$991,$398,$593,$0,$420,$818,$173,$-14,$159,$54,$105,$105,$105,$220,$173,$129,130,$0.81,$0.81,$771,$2358,$0,$3512,$898,$0,$0,$326,$1660,$5172,$619,$870,$190,$1658,$2277,$1,$2009,$-317,$2895,$5172,$210,$94,$57,$152,$10,$-36,$0,$-3,$-52,$310,$-98,$0,$0,$8,$0,$8,$0,$-91,$0,$-34,$-34,$-55,$-55,$-101,$2,$-188,$29,$14,$-101
13,2015-04-30,81.6,$22.34,3.65,$32.33,2.52,$4.31,18.92,$3.57,22.86,$3.48B,$0.59B,5.95,$0.87B,$2.89B,0.3,$4.20B,$2.52B,59.93%,$4.20B,$0.85B,20.31%,$4.20B,$0.85B,20.31%,$4.20B,$1.04B,24.69%,$4.20B,$0.70B,16.76%,$4.20B,$0.46B,11.02%,$0.46B,$2.89B,15.98%,$0.46B,$2.89B,15.98%,$0.46B,$5.14B,9.14%,$0.85B,$3.76B,22.77%,$962,$393,$569,$0,$399,$792,$170,$-9,$161,$56,$105,$105,$105,$217,$170,$129,130,$0.81,$0.81,$715,$2363,$0,$3479,$897,$0,$0,$341,$1663,$5141,$585,$874,$201,$1670,$2255,$1,$1976,$-286,$2886,$5141,$105,$47,$31,$78,$3,$-4,$0,$5,$-39,$144,$-37,$0,$0,$-38,$0,$-38,$0,$-75,$0,$-39,$-39,$-33,$-33,$-49,$2,$-119,$-54,$7,$-49
14,2015-01-31,80.46,$22.05,3.65,$32.72,2.46,$3.81,21.09,$3.73,21.57,$3.51B,$0.66B,5.33,$0.88B,$2.85B,0.31,$4.25B,$2.54B,59.72%,$4.25B,$0.89B,21.01%,$4.25B,$0.89B,21.01%,$4.25B,$1.08B,25.34%,$4.25B,$0.74B,17.34%,$4.25B,$0.48B,11.39%,$0.48B,$2.85B,16.74%,$0.48B,$2.85B,16.74%,$0.48B,$5.18B,9.71%,$0.89B,$3.73B,24.07%,$1285,$504,$782,$0,$477,$981,$305,$-12,$292,$96,$196,$196,$196,$352,$305,$129,130,$1.52,$1.51,$732,$2362,$0,$3509,$900,$0,$0,$346,$1672,$5181,$658,$883,$201,$1672,$2330,$1,$1951,$-291,$2851,$5181,$484,$185,$123,$308,$-18,$-168,$0,$-68,$-177,$615,$-247,$0,$0,$15,$0,$15,$15,$-217,$148,$4,$152,$16,$16,$-193,$2,$-23,$384,$27,$-193
15,2014-10-31,88.93,$22.48,3.96,$32.89,2.7,$0.47,190.64,$1.41,63.07,$3.51B,$0.64B,5.53,$0.89B,$2.91B,0.31,$4.26B,$2.54B,59.63%,$4.26B,$0.42B,9.88%,$4.26B,$0.42B,9.88%,$4.26B,$0.60B,14.17%,$4.26B,$0.27B,6.33%,$4.26B,$0.18B,4.32%,$0.18B,$2.91B,6.43%,$0.18B,$2.91B,6.43%,$0.18B,$5.00B,3.77%,$0.42B,$3.80B,11.54%,$960,$389,$571,$0,$402,$791,$169,$-109,$59,$21,$38,$38,$38,$214,$169,$129,130,$0.30,$0.29,$383,$2560,$0,$3510,$888,$0,$0,$352,$1487,$4997,$635,$890,$209,$1454,$2088,$1,$1808,$-83,$2909,$4997,$288,$138,$75,$213,$8,$-287,$0,$-61,$-323,$178,$-153,$0,$0,$-15,$0,$-15,$12,$-156,$148,$-46,$102,$20,$20,$-144,$2,$-20,$4,$21,$-144
16,2014-07-31,89.97,$22.77,3.95,$32.58,2.76,$0.72,125.76,$1.85,48.63,$3.45B,$0.67B,5.15,$0.75B,$2.94B,0.26,$4.21B,$2.49B,59.09%,$4.21B,$0.41B,9.63%,$4.21B,$0.41B,9.63%,$4.21B,$0.59B,13.93%,$4.21B,$0.35B,8.33%,$4.21B,$0.24B,5.72%,$0.24B,$2.94B,8.49%,$0.24B,$2.94B,8.49%,$0.24B,$4.94B,4.97%,$0.41B,$3.70B,11.30%,$993,$398,$595,$0,$387,$784,$209,$-16,$192,$68,$124,$124,$124,$254,$209,$129,130,$0.96,$0.96,$398,$2532,$0,$3451,$857,$0,$0,$381,$1485,$4936,$670,$750,$214,$1321,$1991,$1,$1824,$-47,$2944,$4936,$250,$93,$55,$147,$-0,$-213,$0,$-40,$-244,$153,$-91,$0,$0,$21,$0,$21,$7,$-63,$0,$25,$25,$19,$19,$-95,$12,$-38,$52,$13,$-95
17,2014-04-30,80.34,$22.18,3.62,$32.13,2.5,$0.50,160.77,$1.72,46.71,$3.33B,$0.64B,5.2,$0.75B,$2.86B,0.26,$4.15B,$2.43B,58.52%,$4.15B,$0.37B,9.02%,$4.15B,$0.37B,9.02%,$4.15B,$0.55B,13.26%,$4.15B,$0.32B,7.74%,$4.15B,$0.22B,5.40%,$0.22B,$2.86B,8.03%,$0.22B,$2.86B,8.03%,$0.22B,$4.83B,4.67%,$0.37B,$3.61B,10.56%,$1012,$423,$590,$0,$380,$802,$210,$-16,$194,$68,$126,$126,$126,$257,$210,$129,130,$0.97,$0.97,$381,$2418,$0,$3333,$848,$0,$0,$384,$1492,$4826,$641,$751,$220,$1324,$1965,$1,$1758,$-42,$2861,$4826,$126,$48,$31,$78,$-4,$-92,$0,$-24,$-127,$77,$-35,$0,$0,$-0,$0,$-0,$4,$-32,$0,$-10,$-10,$14,$14,$-44,$7,$-33,$14,$7,$-44
18,2014-01-31,76.11,$21.31,3.57,$31.30,2.43,$-0.07,0.0,$1.40,54.36,$3.23B,$0.70B,4.63,$0.75B,$2.73B,0.28,$4.03B,$2.34B,58.06%,$4.03B,$0.31B,7.57%,$4.03B,$0.31B,7.57%,$4.03B,$0.48B,11.79%,$4.03B,$0.26B,6.33%,$4.03B,$0.18B,4.52%,$0.18B,$2.73B,6.65%,$0.18B,$2.73B,6.65%,$0.18B,$4.75B,3.83%,$0.31B,$3.49B,8.73%,$1298,$513,$786,$0,$473,$1466,$-167,$-8,$-175,$-72,$-104,$-104,$-104,$-121,$-167,$128,129,$-0.82,$-0.80,$367,$2327,$0,$3228,$855,$0,$0,$390,$1524,$4752,$697,$751,$221,$1322,$2018,$1,$1682,$-59,$2734,$4752,$181,$171,$70,$241,$-23,$-168,$0,$-52,$-268,$155,$-221,$0,$0,$-24,$0,$-24,$-2,$-247,$0,$70,$70,$28,$28,$-171,$8,$-65,$-159,$32,$-171
19,2013-10-31,72.16,$22.04,3.27,$30.89,2.34,$1.30,55.63,$3.61,19.99,$3.36B,$0.64B,5.22,$0.76B,$2.82B,0.27,$3.97B,$2.29B,57.59%,$3.97B,$0.76B,19.20%,$3.97B,$0.76B,19.20%,$3.97B,$0.93B,23.36%,$3.97B,$0.71B,17.79%,$3.97B,$0.47B,11.74%,$0.47B,$2.82B,17.21%,$0.47B,$2.82B,17.21%,$0.47B,$4.88B,9.86%,$0.76B,$3.58B,21.98%,$911,$392,$519,$0,$366,$758,$154,$-14,$140,$45,$95,$95,$95,$197,$154,$128,129,$0.74,$0.73,$521,$2419,$0,$3363,$836,$0,$0,$366,$1517,$4880,$644,$756,$224,$1413,$2058,$1,$1830,$-96,$2822,$4880,$285,$125,$59,$184,$3,$-233,$0,$-37,$-264,$205,$-149,$0,$0,$-1,$0,$-1,$-2,$-152,$0,$62,$62,$19,$19,$-127,$11,$-35,$16,$23,$-127
20,2013-07-31,72.17,$21.38,3.38,$30.49,2.37,$-0.21,0.0,$3.37,21.41,$3.24B,$0.59B,5.5,$0.76B,$2.74B,0.28,$3.91B,$2.23B,57.03%,$3.91B,$0.73B,18.54%,$3.91B,$0.73B,18.54%,$3.91B,$0.89B,22.66%,$3.91B,$0.67B,17.11%,$3.91B,$0.43B,11.10%,$0.43B,$2.74B,16.57%,$0.43B,$2.74B,16.57%,$0.43B,$4.73B,9.39%,$0.73B,$3.49B,21.42%,$926,$394,$532,$0,$355,$749,$177,$-15,$162,$55,$107,$107,$107,$217,$177,$128,129,$0.84,$0.83,$490,$2329,$0,$3240,$815,$0,$0,$367,$1492,$4732,$589,$757,$222,$1408,$1996,$1,$1778,$-119,$2735,$4732,$190,$82,$38,$120,$7,$-143,$0,$-51,$-190,$120,$-87,$0,$0,$-1,$0,$-1,$-3,$-90,$0,$18,$18,$16,$16,$-83,$10,$-40,$-15,$15,$-83
21,2013-04-30,66.58,$20.88,3.19,$30.24,2.2,$-1.68,0.0,$3.26,20.42,$3.18B,$0.60B,5.33,$0.76B,$2.66B,0.28,$3.87B,$2.20B,56.76%,$3.87B,$0.70B,18.16%,$3.87B,$0.70B,18.16%,$3.87B,$0.86B,22.24%,$3.87B,$0.65B,16.71%,$3.87B,$0.42B,10.82%,$0.42B,$2.66B,16.51%,$0.42B,$2.66B,16.51%,$0.42B,$4.67B,9.27%,$0.70B,$3.42B,21.24%,$895,$392,$503,$0,$362,$754,$141,$-13,$128,$45,$84,$84,$84,$182,$141,$127,128,$0.66,$0.65,$465,$2280,$0,$3184,$808,$0,$0,$368,$1481,$4666,$598,$757,$220,$1403,$2001,$1,$1714,$-103,$2664,$4666,$84,$41,$18,$60,$-12,$-79,$0,$-42,$-141,$2,$-35,$0,$0,$-0,$0,$-0,$-3,$-38,$0,$27,$27,$5,$5,$-41,$6,$-2,$-40,$7,$-41
22,2013-01-31,59.14,$20.57,2.87,$29.66,1.99,$-2.71,0.0,$3.25,18.2,$3.15B,$0.59B,5.37,$0.77B,$2.61B,0.29,$3.80B,$2.16B,57.00%,$3.80B,$0.70B,18.37%,$3.80B,$0.70B,18.37%,$3.80B,$0.85B,22.40%,$3.80B,$0.64B,16.94%,$3.80B,$0.42B,10.99%,$0.42B,$2.61B,16.91%,$0.42B,$2.61B,16.91%,$0.42B,$4.63B,9.47%,$0.70B,$3.38B,21.90%,$1236,$505,$731,$0,$440,$945,$290,$-14,$276,$97,$180,$180,$180,$331,$290,$127,128,$1.42,$1.40,$506,$2234,$0,$3152,$819,$0,$0,$354,$1479,$4631,$587,$765,$210,$1433,$2020,$1,$1671,$-94,$2611,$4631,$416,$153,$74,$227,$-1,$-234,$0,$-50,$-315,$328,$-220,$-83,$-25,$4,$0,$4,$-8,$-331,$190,$87,$277,$-41,$-41,$-159,$-6,$71,$71,$27,$-159
23,2012-10-31,56.56,$19.46,2.91,$29.20,1.94,$-3.79,0.0,$3.24,17.46,$3.08B,$0.56B,5.46,$0.78B,$2.47B,0.32,$3.75B,$2.15B,57.37%,$3.75B,$0.69B,18.50%,$3.75B,$0.69B,18.50%,$3.75B,$0.84B,22.53%,$3.75B,$0.64B,17.06%,$3.75B,$0.42B,11.08%,$0.42B,$2.47B,17.28%,$0.42B,$2.47B,17.28%,$0.42B,$4.45B,9.68%,$0.69B,$3.25B,22.65%,$853,$388,$464,$0,$347,$735,$117,$-15,$103,$39,$63,$63,$63,$156,$117,$127,128,$0.50,$0.49,$345,$2290,$0,$3083,$800,$0,$0,$297,$1367,$4450,$564,$782,$206,$1418,$1983,$1,$1532,$-89,$2467,$4450,$237,$112,$50,$162,$20,$-250,$0,$-55,$-378,$21,$-157,$-36,$-25,$6,$0,$6,$-1,$-213,$190,$84,$274,$-45,$-45,$-118,$-7,$104,$-89,$23,$-118
24,2012-07-31,48.9,$19.02,2.57,$28.91,1.69,$-4.58,0.0,$3.45,14.17,$3.01B,$0.51B,5.95,$0.78B,$2.41B,0.33,$3.72B,$2.16B,58.17%,$3.72B,$0.72B,19.43%,$3.72B,$0.72B,19.43%,$3.72B,$0.86B,23.23%,$3.72B,$0.67B,18.09%,$3.72B,$0.44B,11.90%,$0.44B,$2.41B,18.71%,$0.44B,$2.41B,18.71%,$0.44B,$4.33B,10.66%,$0.72B,$3.19B,24.39%,$887,$387,$499,$0,$345,$732,$155,$-14,$140,$49,$92,$92,$92,$192,$155,$127,128,$0.72,$0.72,$366,$2230,$0,$3005,$777,$0,$0,$266,$1320,$4325,$505,$784,$198,$1411,$1916,$1,$1510,$-113,$2409,$4325,$173,$74,$22,$96,$9,$-186,$0,$-60,$-328,$-58,$-97,$0,$0,$6,$0,$6,$-1,$-92,$190,$45,$235,$-49,$-49,$-77,$-20,$89,$-68,$16,$-77
25,2012-04-30,60.59,$18.77,3.23,$28.69,2.11,$-3.88,0.0,$3.42,17.72,$2.93B,$0.68B,4.3,$0.53B,$2.38B,0.22,$3.70B,$2.18B,58.82%,$3.70B,$0.71B,19.13%,$3.70B,$0.71B,19.13%,$3.70B,$0.84B,22.80%,$3.70B,$0.66B,17.91%,$3.70B,$0.44B,11.89%,$0.44B,$2.38B,18.74%,$0.44B,$2.38B,18.74%,$0.44B,$4.21B,10.87%,$0.71B,$2.91B,24.55%,$819,$350,$469,$0,$334,$684,$135,$-11,$124,$43,$82,$82,$82,$171,$135,$127,128,$0.64,$0.64,$322,$2190,$0,$2933,$767,$0,$0,$237,$1274,$4207,$682,$531,$191,$1145,$1828,$1,$1465,$-79,$2379,$4207,$82,$36,$9,$45,$-1,$-135,$0,$-53,$-248,$-121,$-44,$0,$0,$-13,$0,$-13,$-1,$-58,$0,$132,$132,$-42,$-42,$-37,$10,$63,$-112,$8,$-37
26,2012-01-31,56.22,$18.54,3.03,$28.18,1.99,$-3.34,0.0,$3.41,16.49,$2.89B,$0.63B,4.61,$0.54B,$2.35B,0.23,$3.64B,$2.15B,59.07%,$3.64B,$0.71B,19.46%,$3.64B,$0.71B,19.46%,$3.64B,$0.84B,23.14%,$3.64B,$0.67B,18.25%,$3.64B,$0.44B,12.05%,$0.44B,$2.35B,18.90%,$0.44B,$2.35B,18.90%,$0.44B,$4.16B,11.15%,$0.71B,$2.89B,24.68%,$1187,$471,$717,$0,$431,$902,$286,$-13,$272,$94,$178,$178,$178,$325,$286,$127,129,$1.40,$1.38,$434,$2073,$0,$2890,$767,$0,$0,$231,$1269,$4159,$627,$538,$187,$1183,$1810,$1,$1463,$-85,$2349,$4159,$439,$135,$25,$160,$5,$-459,$0,$-23,$-419,$211,$-239,$0,$0,$55,$0,$55,$-58,$-243,$-59,$70,$11,$-109,$-109,$-143,$26,$-214,$-248,$30,$-143
27,2011-10-31,69.94,$18.21,3.84,$27.56,2.54,$-1.78,0.0,$3.43,20.39,$2.75B,$0.52B,5.26,$0.54B,$2.31B,0.23,$3.56B,$2.11B,59.21%,$3.56B,$0.70B,19.71%,$3.56B,$0.70B,19.71%,$3.56B,$0.83B,23.39%,$3.56B,$0.66B,18.55%,$3.56B,$0.44B,12.43%,$0.44B,$2.31B,19.39%,$0.44B,$2.31B,19.39%,$0.44B,$3.90B,11.54%,$0.70B,$2.85B,24.66%,$822,$346,$476,$0,$330,$676,$146,$-10,$136,$46,$90,$90,$90,$175,$146,$127,129,$0.71,$0.70,$297,$2065,$0,$2745,$752,$0,$0,$230,$1154,$3898,$522,$540,$188,$1064,$1586,$1,$1353,$1,$2313,$3898,$261,$95,$36,$131,$20,$-434,$0,$-32,$-480,$-57,$-182,$0,$0,$45,$0,$45,$-58,$-195,$-59,$62,$3,$-76,$-76,$-106,$27,$-152,$-402,$23,$-106
28,2011-07-31,69.54,$18.35,3.79,$26.51,2.62,$-0.74,0.0,$3.16,22.01,$2.77B,$0.52B,5.31,$0.54B,$2.35B,0.23,$3.42B,$2.03B,59.38%,$3.42B,$0.65B,19.11%,$3.42B,$0.65B,19.11%,$3.42B,$0.79B,23.09%,$3.42B,$0.61B,17.82%,$3.42B,$0.41B,11.91%,$0.41B,$2.35B,18.49%,$0.41B,$2.35B,18.49%,$0.41B,$3.93B,10.90%,$0.65B,$2.89B,23.51%,$873,$358,$515,$0,$374,$732,$141,$-10,$131,$41,$90,$90,$90,$173,$141,$128,130,$0.70,$0.69,$565,$1837,$0,$2768,$738,$0,$0,$240,$1163,$3931,$521,$535,$193,$1058,$1579,$1,$1378,$21,$2352,$3931,$171,$66,$27,$93,$9,$-196,$0,$-23,$-251,$44,$-111,$0,$0,$33,$0,$33,$-58,$-137,$-59,$51,$-8,$5,$5,$-69,$16,$-57,$-149,$15,$-69
29,2011-04-30,60.43,$17.84,3.39,$25.00,2.42,$-1.08,0.0,$3.00,20.14,$2.69B,$0.40B,6.79,$0.59B,$2.28B,0.26,$3.21B,$1.90B,59.17%,$3.21B,$0.63B,19.48%,$3.21B,$0.63B,19.48%,$3.21B,$0.77B,23.81%,$3.21B,$0.58B,18.05%,$3.21B,$0.39B,11.98%,$0.39B,$2.28B,18.29%,$0.39B,$2.28B,18.29%,$0.39B,$3.76B,10.65%,$0.63B,$2.87B,23.49%,$761,$317,$444,$0,$308,$625,$136,$-10,$126,$45,$81,$81,$81,$170,$136,$128,129,$0.64,$0.63,$622,$1721,$0,$2691,$685,$0,$0,$194,$1067,$3758,$396,$589,$171,$1084,$1480,$1,$1348,$20,$2278,$3758,$81,$34,$21,$55,$12,$-83,$0,$-31,$-180,$-44,$-52,$0,$0,$42,$0,$42,$-7,$-16,$-59,$55,$-4,$4,$4,$-32,$9,$-23,$-77,$7,$-32
30,2011-01-31,50.37,$17.15,2.94,$24.04,2.09,$-1.26,0.0,$2.87,17.55,$2.69B,$0.48B,5.59,$0.59B,$2.18B,0.27,$3.09B,$1.82B,59.07%,$3.09B,$0.60B,19.28%,$3.09B,$0.60B,19.28%,$3.09B,$0.73B,23.72%,$3.09B,$0.55B,17.73%,$3.09B,$0.37B,11.92%,$0.37B,$2.18B,18.18%,$0.37B,$2.18B,18.18%,$0.37B,$3.74B,10.43%,$0.60B,$2.77B,23.30%,$1101,$430,$671,$0,$393,$823,$278,$-11,$267,$86,$181,$181,$181,$314,$278,$127,128,$1.43,$1.41,$741,$1625,$0,$2685,$666,$0,$0,$183,$1051,$3736,$480,$588,$147,$1078,$1558,$1,$1325,$-13,$2177,$3736,$368,$138,$8,$146,$-23,$-188,$0,$-27,$-216,$299,$-127,$0,$0,$-60,$0,$-60,$0,$-187,$-100,$9,$-91,$-15,$-15,$-120,$2,$-225,$-104,$25,$-120
31,2010-10-31,45.75,$15.85,2.89,$23.30,1.96,$2.28,20.02,$2.56,17.87,$2.48B,$0.45B,5.55,$0.59B,$2.00B,0.3,$2.97B,$1.73B,58.26%,$2.97B,$0.54B,18.27%,$2.97B,$0.54B,18.27%,$2.97B,$0.68B,22.79%,$2.97B,$0.49B,16.52%,$2.97B,$0.33B,11.02%,$0.33B,$2.00B,16.76%,$0.33B,$2.00B,16.76%,$0.33B,$3.52B,9.43%,$0.54B,$2.59B,22.01%,$682,$283,$399,$0,$301,$584,$98,$-13,$85,$30,$55,$55,$55,$132,$98,$126,128,$0.44,$0.43,$529,$1655,$0,$2475,$668,$0,$0,$185,$1040,$3515,$446,$593,$153,$1071,$1516,$1,$1183,$-11,$1999,$3515,$187,$102,$23,$125,$-7,$-208,$0,$-50,$-328,$-16,$-89,$0,$0,$-48,$0,$-48,$0,$-136,$-60,$32,$-29,$-35,$-35,$-89,$-3,$-155,$-303,$19,$-89
32,2010-07-31,36.11,$15.54,2.32,$22.73,1.59,$4.95,7.3,$2.47,14.62,$2.42B,$0.56B,4.34,$0.47B,$1.97B,0.24,$2.88B,$1.66B,57.49%,$2.88B,$0.51B,17.73%,$2.88B,$0.51B,17.73%,$2.88B,$0.64B,22.28%,$2.88B,$0.46B,15.96%,$2.88B,$0.32B,10.93%,$0.32B,$1.97B,16.76%,$0.32B,$1.97B,16.76%,$0.32B,$3.45B,9.28%,$0.51B,$2.43B,21.45%,$669,$282,$387,$0,$273,$555,$114,$-11,$102,$35,$68,$68,$68,$149,$114,$127,128,$0.53,$0.53,$615,$1553,$0,$2417,$661,$0,$0,$180,$1029,$3447,$557,$468,$141,$924,$1481,$1,$1183,$-32,$1966,$3447,$132,$67,$17,$85,$5,$-133,$0,$-50,$-277,$-60,$-51,$0,$0,$-48,$0,$-48,$0,$-99,$0,$18,$18,$-16,$-16,$-57,$-3,$-58,$-219,$13,$-57
33,2010-04-30,41.31,$15.38,2.69,$22.44,1.84,$7.01,5.89,$2.40,17.21,$2.38B,$0.55B,4.3,$0.46B,$1.96B,0.24,$2.83B,$1.61B,56.88%,$2.83B,$0.49B,17.24%,$2.83B,$0.49B,17.24%,$2.83B,$0.62B,21.81%,$2.83B,$0.44B,15.40%,$2.83B,$0.30B,10.76%,$0.30B,$1.96B,16.84%,$0.30B,$1.96B,16.84%,$0.30B,$3.42B,9.16%,$0.49B,$2.42B,20.56%,$634,$268,$366,$0,$261,$528,$105,$-12,$93,$29,$64,$64,$64,$137,$105,$127,129,$0.51,$0.50,$674,$1474,$0,$2381,$674,$0,$0,$178,$1037,$3419,$554,$464,$139,$908,$1462,$1,$1177,$-30,$1956,$3419,$64,$32,$8,$40,$19,$-62,$0,$-57,$-196,$-92,$-26,$0,$0,$-0,$0,$-0,$0,$-26,$0,$15,$15,$16,$16,$-25,$3,$9,$-112,$6,$-25
34,2010-01-31,34.46,$14.91,2.31,$21.68,1.59,$8.13,4.24,$2.10,16.41,$2.45B,$0.60B,4.07,$0.52B,$1.88B,0.28,$2.71B,$1.53B,56.48%,$2.71B,$0.44B,16.32%,$2.71B,$0.44B,16.32%,$2.71B,$0.57B,21.00%,$2.71B,$0.39B,14.36%,$2.71B,$0.26B,9.75%,$0.26B,$1.88B,15.36%,$0.26B,$1.88B,15.36%,$0.26B,$3.49B,8.11%,$0.44B,$2.40B,18.87%,$981,$406,$576,$0,$351,$757,$225,$-15,$210,$72,$138,$138,$140,$258,$225,$124,125,$1.12,$1.10,$786,$1428,$0,$2446,$685,$0,$0,$174,$1043,$3488,$600,$520,$137,$1005,$1605,$1,$1151,$-33,$1883,$3488,$266,$130,$63,$193,$14,$164,$0,$18,$229,$687,$-75,$0,$0,$-13,$0,$-13,$8,$-81,$260,$-220,$40,$71,$71,$-85,$-16,$11,$625,$24,$-85
35,2009-10-31,33.21,$13.76,2.41,$20.46,1.62,$3.16,10.52,$1.25,26.56,$2.21B,$0.50B,4.42,$0.56B,$1.71B,0.33,$2.56B,$1.45B,56.57%,$2.56B,$0.29B,11.43%,$2.56B,$0.29B,11.43%,$2.56B,$0.42B,16.39%,$2.56B,$0.25B,9.56%,$2.56B,$0.16B,6.05%,$0.16B,$1.71B,9.42%,$0.16B,$1.71B,9.42%,$0.16B,$3.22B,4.91%,$0.29B,$2.27B,13.05%,$598,$270,$328,$0,$261,$531,$67,$-11,$55,$12,$43,$43,$43,$98,$67,$124,126,$0.35,$0.35,$375,$1542,$0,$2207,$694,$0,$0,$161,$1013,$3219,$499,$558,$133,$1010,$1509,$1,$1032,$-14,$1711,$3219,$124,$96,$74,$170,$22,$59,$0,$-35,$-16,$279,$-47,$0,$0,$-3,$0,$-3,$3,$-46,$260,$-218,$42,$6,$6,$-63,$-17,$-32,$214,$18,$-63
36,2009-07-31,25.1,$13.49,1.86,$20.63,1.22,$-0.17,0.0,$1.26,19.92,$2.12B,$0.28B,7.61,$0.71B,$1.67B,0.43,$2.58B,$1.47B,56.92%,$2.58B,$0.31B,11.93%,$2.58B,$0.31B,11.93%,$2.58B,$0.43B,16.82%,$2.58B,$0.26B,9.96%,$2.58B,$0.16B,6.04%,$0.16B,$1.67B,9.58%,$0.16B,$1.67B,9.58%,$0.16B,$3.15B,4.97%,$0.31B,$2.38B,14.22%,$612,$275,$337,$0,$248,$523,$90,$-12,$77,$21,$57,$57,$57,$123,$90,$124,125,$0.46,$0.46,$334,$1539,$0,$2124,$707,$0,$0,$154,$1022,$3145,$279,$711,$143,$1193,$1472,$1,$1010,$-37,$1673,$3145,$81,$64,$46,$110,$27,$50,$0,$-1,$-12,$179,$-30,$0,$0,$-1,$0,$-1,$3,$-27,$260,$-206,$54,$1,$1,$-42,$-6,$6,$173,$12,$-42
37,2009-04-30,24.19,$12.95,1.87,$21.40,1.13,$-2.51,0.0,$1.43,16.92,$2.13B,$0.37B,5.79,$0.71B,$1.61B,0.44,$2.70B,$1.55B,57.58%,$2.70B,$0.35B,13.04%,$2.70B,$0.35B,13.04%,$2.70B,$0.48B,17.67%,$2.70B,$0.31B,11.52%,$2.70B,$0.18B,6.67%,$0.18B,$1.61B,10.91%,$0.18B,$1.61B,10.91%,$0.18B,$3.16B,5.79%,$0.35B,$2.31B,16.90%,$518,$228,$289,$0,$230,$458,$60,$-12,$47,$20,$27,$27,$24,$90,$60,$124,124,$0.20,$0.20,$304,$1554,$0,$2126,$721,$0,$0,$150,$1036,$3162,$367,$707,$152,$1189,$1556,$1,$975,$-61,$1607,$3162,$24,$31,$28,$58,$26,$22,$0,$-18,$-42,$41,$-15,$0,$0,$0,$0,$0,$-1,$-16,$300,$-163,$137,$0,$0,$-21,$-1,$115,$143,$6,$-21
38,2009-01-31,17.21,$12.83,1.34,$22.42,0.77,$-4.12,0.0,$1.73,9.95,$2.05B,$0.60B,3.4,$0.43B,$1.59B,0.27,$2.85B,$1.65B,57.77%,$2.85B,$0.40B,13.86%,$2.85B,$0.40B,13.86%,$2.85B,$0.52B,18.29%,$2.85B,$0.37B,12.85%,$2.85B,$0.22B,7.72%,$0.22B,$1.59B,13.07%,$0.22B,$1.59B,13.07%,$0.22B,$3.10B,7.16%,$0.40B,$2.01B,19.49%,$835,$339,$496,$0,$323,$759,$76,$-10,$66,$26,$40,$40,$31,$109,$76,$125,126,$0.26,$0.26,$160,$1601,$0,$2049,$741,$0,$0,$146,$1054,$3102,$602,$425,$152,$912,$1514,$1,$971,$-71,$1588,$3102,$220,$126,$202,$328,$31,$-258,$0,$-23,$-406,$142,$-154,$0,$-2,$-2,$0,$-2,$-4,$-162,$27,$195,$221,$-188,$-188,$-82,$10,$-40,$-86,$22,$-82
39,2008-10-31,22.61,$13.37,1.69,$23.36,0.97,$-2.42,0.0,$2.37,9.54,$2.07B,$0.83B,2.5,$0.31B,$1.65B,0.19,$3.06B,$1.75B,57.40%,$3.06B,$0.55B,17.93%,$3.06B,$0.55B,17.93%,$3.06B,$0.67B,22.02%,$3.06B,$0.53B,17.31%,$3.06B,$0.32B,10.34%,$0.32B,$1.65B,18.42%,$0.32B,$1.65B,18.42%,$0.32B,$3.14B,10.37%,$0.55B,$1.95B,26.89%,$616,$269,$347,$0,$266,$535,$82,$-14,$67,$21,$46,$46,$44,$112,$82,$123,125,$0.35,$0.35,$160,$1638,$0,$2067,$738,$0,$0,$162,$1073,$3140,$826,$306,$141,$668,$1494,$1,$962,$-3,$1646,$3140,$189,$92,$36,$129,$33,$-288,$0,$5,$-394,$-77,$-109,$0,$0,$0,$0,$0,$-5,$-114,$-11,$372,$361,$-193,$-193,$-61,$10,$117,$-86,$25,$-61
40,2008-07-31,30.99,$12.84,2.41,$22.92,1.35,$-1.74,0.0,$2.73,11.35,$1.95B,$0.62B,3.15,$0.29B,$1.76B,0.17,$3.07B,$1.75B,57.03%,$3.07B,$0.62B,20.35%,$3.07B,$0.62B,20.35%,$3.07B,$0.75B,24.45%,$3.07B,$0.62B,20.15%,$3.07B,$0.37B,12.19%,$0.37B,$1.76B,20.74%,$0.37B,$1.76B,20.74%,$0.37B,$3.03B,12.22%,$0.62B,$2.05B,29.04%,$730,$308,$422,$0,$288,$595,$134,$-3,$131,$48,$83,$83,$81,$166,$134,$126,128,$0.64,$0.63,$152,$1512,$0,$1945,$745,$0,$0,$173,$1087,$3033,$618,$294,$142,$659,$1277,$1,$1023,$51,$1756,$3033,$145,$62,$15,$78,$17,$-144,$0,$18,$-300,$-78,$-68,$0,$0,$0,$0,$0,$-4,$-72,$-4,$195,$191,$-107,$-107,$-40,$9,$52,$-94,$22,$-40
41,2008-04-30,35.57,$13.81,2.58,$21.95,1.62,$-0.87,0.0,$2.36,15.07,$1.93B,$0.56B,3.46,$0.35B,$1.74B,0.2,$3.00B,$1.70B,56.63%,$3.00B,$0.60B,20.10%,$3.00B,$0.60B,20.10%,$3.00B,$0.73B,24.27%,$3.00B,$0.60B,19.90%,$3.00B,$0.33B,11.10%,$0.33B,$1.74B,17.95%,$0.33B,$1.74B,17.95%,$0.33B,$3.01B,10.91%,$0.60B,$2.09B,27.08%,$668,$287,$381,$0,$278,$565,$103,$-2,$102,$37,$64,$64,$64,$134,$103,$126,129,$0.51,$0.50,$160,$1466,$0,$1933,$742,$0,$0,$170,$1077,$3010,$559,$346,$134,$707,$1266,$1,$1032,$53,$1744,$3010,$64,$31,$17,$48,$4,$-87,$0,$7,$-267,$-155,$-26,$0,$0,$0,$0,$0,$-1,$-27,$-1,$155,$153,$-48,$-48,$-19,$5,$92,$-87,$12,$-19
42,2008-01-31,32.37,$13.54,2.39,$21.03,1.54,$0.10,320.84,$2.22,14.58,$1.92B,$0.59B,3.29,$0.34B,$1.72B,0.2,$2.93B,$1.65B,56.42%,$2.93B,$0.59B,20.08%,$2.93B,$0.59B,20.08%,$2.93B,$0.71B,24.35%,$2.93B,$0.58B,19.81%,$2.93B,$0.32B,11.03%,$0.32B,$1.72B,16.98%,$0.32B,$1.72B,16.98%,$0.32B,$3.00B,10.62%,$0.59B,$2.06B,25.70%,$1042,$438,$604,$0,$376,$814,$229,$0,$229,$82,$146,$146,$127,$261,$229,$135,138,$0.95,$0.93,$247,$1372,$0,$1922,$748,$0,$0,$172,$1079,$3001,$585,$343,$132,$700,$1285,$1,$1038,$45,$1716,$3001,$323,$125,$-1,$124,$-10,$-113,$0,$-79,$-41,$406,$-184,$0,$-0,$13,$0,$13,$508,$337,$-75,$-32,$-107,$-506,$-506,$-70,$19,$-664,$72,$37,$-70
43,2007-10-31,43.94,$14.71,2.99,$20.12,2.18,$-1.05,0.0,$2.35,18.7,$2.13B,$0.43B,4.93,$0.40B,$2.00B,0.2,$2.82B,$1.62B,57.50%,$2.82B,$0.62B,22.05%,$2.82B,$0.62B,22.05%,$2.82B,$0.75B,26.41%,$2.82B,$0.61B,21.69%,$2.82B,$0.36B,12.58%,$0.36B,$2.00B,18.45%,$0.36B,$2.00B,18.45%,$0.36B,$3.20B,11.82%,$0.62B,$2.39B,26.74%,$627,$286,$342,$0,$288,$469,$158,$-2,$156,$53,$103,$103,$102,$189,$158,$136,139,$0.75,$0.73,$391,$1466,$0,$2132,$758,$0,$0,$198,$1071,$3203,$433,$398,$130,$774,$1207,$1,$1322,$25,$1996,$3203,$196,$92,$-92,$1,$9,$-197,$0,$-37,$-160,$37,$-149,$0,$0,$-43,$0,$-43,$508,$316,$-21,$-61,$-82,$-88,$-88,$-50,$18,$-203,$160,$28,$-50
44,2007-07-31,39.02,$14.36,2.72,$19.45,2.01,$-1.76,0.0,$1.85,21.09,$1.84B,$0.41B,4.5,$0.40B,$1.96B,0.2,$2.73B,$1.57B,57.48%,$2.73B,$0.51B,18.78%,$2.73B,$0.51B,18.78%,$2.73B,$0.63B,23.18%,$2.73B,$0.51B,18.53%,$2.73B,$0.28B,10.34%,$0.28B,$1.96B,15.27%,$0.28B,$1.96B,15.27%,$0.28B,$3.00B,9.71%,$0.51B,$2.36B,22.72%,$663,$291,$372,$0,$259,$550,$113,$-3,$110,$43,$67,$67,$40,$144,$113,$137,140,$0.30,$0.29,$129,$1369,$49,$1835,$945,$0,$0,$168,$1165,$2999,$408,$401,$128,$629,$1037,$1,$1333,$9,$1963,$2999,$95,$62,$59,$121,$18,$-113,$0,$-21,$-164,$51,$-88,$0,$-0,$14,$0,$14,$-0,$-74,$-10,$17,$7,$-5,$-5,$-30,$10,$-18,$-46,$18,$-30
45,2007-04-30,38.48,$14.15,2.72,$18.66,2.06,$-2.56,0.0,$1.88,20.47,$1.79B,$0.40B,4.51,$0.40B,$1.93B,0.21,$2.62B,$1.51B,57.49%,$2.62B,$0.48B,18.18%,$2.62B,$0.48B,18.18%,$2.62B,$0.59B,22.65%,$2.62B,$0.47B,17.84%,$2.62B,$0.28B,10.81%,$0.28B,$1.93B,15.75%,$0.28B,$1.93B,15.75%,$0.28B,$2.96B,9.93%,$0.48B,$2.34B,21.55%,$596,$262,$334,$0,$246,$508,$88,$-3,$85,$31,$54,$54,$54,$119,$88,$136,140,$0.40,$0.39,$126,$1336,$75,$1794,$919,$0,$0,$199,$1168,$2962,$398,$402,$134,$630,$1028,$1,$1341,$6,$1934,$2962,$54,$31,$16,$47,$10,$-81,$0,$-18,$-130,$-29,$-32,$0,$0,$5,$0,$5,$-1,$-27,$-9,$5,$-4,$10,$10,$-14,$5,$-3,$-59,$9,$-14
46,2007-01-31,31.6,$13.28,2.38,$18.13,1.74,$-2.73,0.0,$1.82,17.36,$1.71B,$0.45B,3.77,$0.41B,$1.81B,0.23,$2.56B,$1.47B,57.48%,$2.56B,$0.46B,18.04%,$2.56B,$0.46B,18.04%,$2.56B,$0.58B,22.53%,$2.56B,$0.45B,17.65%,$2.56B,$0.27B,10.62%,$0.27B,$1.81B,15.42%,$0.27B,$1.81B,15.42%,$0.27B,$2.85B,9.72%,$0.46B,$2.21B,21.17%,$935,$361,$574,$0,$311,$672,$263,$-3,$261,$94,$167,$167,$159,$293,$263,$138,141,$1.16,$1.14,$191,$1147,$73,$1707,$912,$0,$0,$189,$1139,$2846,$453,$406,$92,$588,$1041,$1,$1270,$-3,$1805,$2846,$273,$115,$82,$197,$-17,$-189,$0,$-51,$-231,$239,$-175,$0,$-0,$-13,$0,$-13,$-9,$-197,$72,$-15,$57,$-259,$-259,$-53,$6,$-249,$-217,$33,$-53
47,2006-10-31,28.68,$12.46,2.3,$16.80,1.71,$-2.37,0.0,$1.77,16.2,$1.67B,$0.54B,3.11,$0.42B,$1.69B,0.25,$2.40B,$1.37B,56.95%,$2.40B,$-0.01B,-0.42%,$2.40B,$-0.01B,-0.42%,$2.40B,$0.88B,36.47%,$2.40B,$0.25B,10.53%,$2.40B,$0.15B,6.37%,$0.15B,$1.69B,8.64%,$0.15B,$1.69B,8.64%,$0.15B,$2.81B,5.50%,$-0.01B,$2.10B,-0.46%,$532,$244,$287,$0,$240,$484,$48,$1,$49,$16,$33,$33,$29,$76,$48,$137,139,$0.21,$0.21,$57,$1247,$68,$1667,$909,$0,$0,$205,$1143,$2810,$536,$417,$88,$588,$1123,$1,$1159,$16,$1687,$2810,$113,$85,$37,$123,$0,$-249,$0,$-42,$-309,$-72,$-138,$0,$0,$3,$0,$3,$-8,$-143,$-10,$199,$189,$-257,$-257,$-39,$2,$-105,$-335,$24,$-39
