,Date,Stock Price,Book Value per Share,Price to Book Ratio,TTM Sales per Share,Price to Sales Ratio,TTM FCF per Share,Price to FCF Ratio,TTM Net EPS,PE Ratio,Current Assets,Current Liabilities,Current Ratio,Long Term Debt,Shareholder's Equity_x,Debt to Equity Ratio,TTM Revenue_x,TTM Gross Profit,Gross Margin,TTM Revenue_y,TTM Operating Income,Operating Margin,TTM Revenue_x,TTM EBIT,EBIT Margin,TTM Revenue_y,TTM EBITDA,EBITDA Margin,TTM Revenue_x,TTM Pre-Tax Income,Pre-Tax Margin,TTM Revenue_y,TTM Net Income_x,Net Margin,TTM Net Income_y,Shareholder's Equity_y,Return on Equity,TTM Net Income_x,Tangible Equity,Return on Tangible Equity,TTM Net Income_y,Total Assets,Return on Assets,TTM Net Income,LT Investments & Debt,Return on Investment,revenue,cost-goods-sold,gross-profit,research-development-expenses,selling-general-administrative-expenses,operating-expenses,operating-income,total-non-operating-income-expense,pre-tax-income,total-provision-income-taxes,income-after-taxes,income-from-continuous-operations,net-income,ebitda,ebit,basic-shares-outstanding,shares-outstanding,eps-basic-net-earnings-per-share,eps-earnings-per-share-diluted,cash-on-hand,inventory,other-current-assets,total-current-assets,net-property-plant-equipment,long-term-investments,goodwill-intangible-assets-total,other-long-term-assets,total-long-term-assets,total-assets,total-current-liabilities,long-term-debt,other-non-current-liabilities,total-long-term-liabilities,total-liabilities,common-stock-net,retained-earnings-accumulated-deficit,comprehensive-income,total-share-holder-equity,total-liabilities-share-holders-equity,net-income-loss,total-depreciation-amortization-cash-flow,other-non-cash-items,total-non-cash-items,change-in-accounts-receivable,change-in-inventories,change-in-accounts-payable,change-in-assets-liabilities,total-change-in-assets-liabilities,cash-flow-from-operating-activities,net-change-in-property-plant-equipment,net-change-in-intangible-assets,net-acquisitions-divestitures,net-change-in-short-term-investments,net-change-in-long-term-investments,net-change-in-investments-total,investing-activities-other,cash-flow-from-investing-activities,net-long-term-debt,net-current-debt,debt-issuance-retirement-net-total,net-common-equity-issued-repurchased,net-total-equity-issued-repurchased,total-common-preferred-stock-dividends-paid,financial-activities-other,cash-flow-from-financial-activities,net-cash-flow,stock-based-compensation,common-stock-dividends-paid
0,2018-09-30,6.55,$11.02,0.59,$17.85,0.37,$-2.15,0.0,$1.10,5.95,$0.93B,$0.00B,0.0,$0.37B,$0.40B,0.92,$0.63B,$0.63B,100.00%,$0.63B,$0.02B,3.20%,$0.63B,$0.02B,3.20%,$0.63B,$0.04B,5.92%,$0.63B,$-0.01B,-0.80%,$0.63B,$0.03B,5.44%,$0.03B,$0.40B,8.49%,$0.03B,$0.25B,13.60%,$0.03B,$1.80B,1.89%,$0.02B,$0.76B,2.67%,$173,$0,$173,$0,$29,$174,$-1,$0,$-1,$-1,$-1,$-1,$-1,$3,$-1,$36,36,$-0.02,$-0.02,$83,$0,$0,$930,$0,$0,$146,$563,$866,$1797,$0,$365,$990,$1401,$1401,$0,$58,$-3,$396,$1797,$29,$11,$-6,$5,$0,$0,$0,$9,$9,$44,$12,$0,$5,$0,$-108,$-108,$-1,$-92,$9,$0,$9,$-14,$-14,$-4,$1,$-7,$-56,$4,$-4
1,2018-06-30,6.76,$10.94,0.62,$18.02,0.38,$-2.51,0.0,$1.01,6.7,$0.89B,$0.00B,0.0,$0.37B,$0.40B,0.91,$0.60B,$0.60B,100.00%,$0.60B,$0.02B,2.51%,$0.60B,$0.02B,2.51%,$0.60B,$0.04B,6.03%,$0.60B,$-0.01B,-1.34%,$0.60B,$0.03B,5.36%,$0.03B,$0.40B,8.02%,$0.03B,$0.25B,13.28%,$0.03B,$1.73B,1.63%,$0.02B,$0.77B,1.72%,$153,$0,$153,$0,$27,$144,$8,$-7,$2,$1,$1,$1,$1,$12,$8,$37,37,$0.02,$0.02,$91,$0,$0,$893,$0,$0,$148,$541,$836,$1730,$0,$366,$916,$1329,$1329,$0,$58,$0,$401,$1730,$30,$7,$-27,$-20,$0,$0,$0,$1,$1,$10,$7,$0,$4,$0,$-60,$-60,$-0,$-50,$11,$0,$11,$-9,$-9,$-2,$1,$0,$-39,$2,$-2
2,2018-03-31,6.28,$9.47,0.66,$18.77,0.33,$-1.85,0.0,$0.84,7.48,$0.88B,$0.00B,0.0,$0.32B,$0.41B,0.79,$0.58B,$0.58B,100.00%,$0.58B,$0.01B,1.03%,$0.58B,$0.01B,1.03%,$0.58B,$0.03B,5.49%,$0.58B,$-0.02B,-2.57%,$0.58B,$0.03B,4.63%,$0.03B,$0.41B,6.81%,$0.03B,$0.26B,11.73%,$0.03B,$1.69B,1.25%,$0.01B,$0.73B,0.61%,$148,$0,$148,$0,$28,$149,$-1,$-6,$-7,$-2,$-5,$-5,$24,$2,$-1,$30,30,$0.79,$0.79,$81,$0,$0,$884,$0,$0,$151,$511,$805,$1689,$0,$321,$911,$1281,$1281,$0,$61,$-1,$408,$1689,$29,$3,$-23,$-19,$-15,$0,$0,$9,$-6,$3,$3,$0,$4,$0,$-28,$-28,$0,$-21,$-32,$0,$-32,$-0,$-0,$0,$-1,$-33,$-50,$1,$0
3,2017-12-31,5.86,$9.22,0.64,$17.79,0.33,$-0.71,0.0,$0.08,73.24,$0.91B,$0.00B,0.0,$0.35B,$0.40B,0.87,$0.58B,$0.58B,100.00%,$0.58B,$0.01B,2.24%,$0.58B,$0.01B,2.24%,$0.58B,$0.05B,7.75%,$0.58B,$-0.00B,-0.69%,$0.58B,$0.00B,0.69%,$0.00B,$0.40B,1.02%,$0.00B,$0.24B,1.82%,$0.00B,$1.99B,0.17%,$0.01B,$0.74B,1.19%,$151,$0,$151,$0,$29,$138,$14,$-12,$1,$-11,$13,$13,$10,$20,$14,$29,37,$0.34,$0.34,$111,$0,$0,$908,$0,$0,$156,$779,$1082,$1990,$0,$346,$884,$1593,$1593,$0,$38,$1,$397,$1990,$5,$34,$38,$72,$-48,$0,$0,$18,$-31,$47,$-209,$0,$-72,$0,$260,$260,$227,$206,$41,$0,$41,$1,$1,$-3,$-233,$-194,$58,$7,$-3
4,2017-09-30,6.13,$9.09,0.67,$17.23,0.36,$-3.76,0.0,$0.02,306.4,$1.10B,$0.00B,0.0,$0.87B,$0.39B,2.21,$0.54B,$0.54B,100.00%,$0.54B,$0.02B,3.14%,$0.54B,$0.02B,3.14%,$0.54B,$0.05B,9.43%,$0.54B,$0.02B,3.14%,$0.54B,$0.00B,0.37%,$0.00B,$0.39B,0.51%,$0.00B,$0.21B,0.93%,$0.00B,$2.45B,0.08%,$0.02B,$1.26B,1.49%,$145,$0,$145,$0,$29,$151,$-6,$3,$-4,$-2,$-2,$-2,$-3,$2,$-6,$29,29,$-0.11,$-0.11,$112,$0,$0,$1097,$371,$0,$177,$664,$1352,$2449,$0,$866,$1192,$2058,$2058,$0,$29,$1,$391,$2449,$-7,$27,$30,$58,$0,$0,$0,$-26,$-26,$25,$10,$0,$-71,$0,$16,$16,$229,$185,$64,$0,$64,$1,$1,$-3,$-224,$-162,$48,$4,$-3
5,2017-06-30,6.88,$9.07,0.76,$15.86,0.43,$-5.83,0.0,$0.32,21.5,$1.01B,$0.00B,0.0,$0.82B,$0.39B,2.1,$0.53B,$0.53B,100.00%,$0.53B,$0.04B,7.20%,$0.53B,$0.04B,7.20%,$0.53B,$0.07B,13.64%,$0.53B,$0.03B,6.25%,$0.53B,$0.01B,2.08%,$0.01B,$0.39B,2.83%,$0.01B,$0.21B,5.16%,$0.01B,$2.54B,0.41%,$0.04B,$1.21B,3.41%,$139,$0,$139,$0,$29,$141,$-1,$-3,$-5,$-1,$-4,$-4,$-4,$8,$-1,$29,29,$-0.15,$-0.15,$76,$0,$0,$1005,$375,$0,$181,$853,$1536,$2541,$0,$822,$1329,$2151,$2151,$0,$33,$1,$391,$2541,$-4,$18,$6,$24,$0,$0,$0,$7,$7,$27,$5,$0,$-71,$0,$47,$47,$49,$29,$21,$0,$21,$1,$1,$-2,$-49,$-29,$28,$3,$-2
6,2017-03-31,7.09,$9.15,0.77,$14.86,0.48,$-7.13,0.0,$0.64,11.08,$0.97B,$0.00B,0.0,$0.75B,$0.39B,1.91,$0.52B,$0.52B,100.00%,$0.52B,$0.05B,9.98%,$0.52B,$0.05B,9.98%,$0.52B,$0.09B,16.31%,$0.52B,$0.05B,9.40%,$0.52B,$0.02B,4.03%,$0.02B,$0.39B,5.44%,$0.02B,$0.22B,9.94%,$0.02B,$2.47B,0.77%,$0.05B,$1.15B,4.86%,$146,$0,$146,$0,$29,$140,$6,$-2,$4,$2,$2,$2,$1,$15,$6,$28,37,$0.04,$0.03,$67,$0,$0,$973,$329,$0,$178,$865,$1494,$2467,$0,$752,$1321,$2073,$2073,$0,$38,$1,$394,$2467,$1,$9,$-10,$-1,$-10,$0,$0,$59,$49,$49,$1,$0,$-17,$0,$27,$27,$17,$28,$-50,$0,$-50,$0,$0,$0,$-21,$-70,$7,$2,$0
7,2016-12-31,5.95,$9.07,0.66,$14.61,0.41,$-8.12,0.0,$0.77,7.72,$0.99B,$0.00B,0.0,$0.56B,$0.39B,1.42,$0.51B,$0.51B,100.00%,$0.51B,$0.05B,9.88%,$0.51B,$0.05B,9.88%,$0.51B,$0.08B,16.40%,$0.51B,$0.05B,9.88%,$0.51B,$0.03B,5.14%,$0.03B,$0.39B,6.66%,$0.03B,$0.22B,12.16%,$0.03B,$2.89B,0.94%,$0.05B,$0.95B,4.70%,$111,$0,$111,$0,$13,$93,$18,$3,$22,$7,$14,$14,$8,$26,$18,$32,32,$0.25,$0.26,$50,$0,$0,$986,$0,$0,$166,$1611,$1904,$2890,$0,$555,$1697,$2500,$2500,$0,$38,$1,$390,$2890,$32,$32,$-52,$-20,$-14,$0,$0,$38,$24,$37,$-272,$0,$-102,$0,$143,$143,$-89,$-320,$128,$0,$128,$-44,$-44,$-3,$196,$277,$-6,$3,$-3
8,2016-09-30,5.72,$8.87,0.64,$13.55,0.42,$-12.71,0.0,$0.52,11.0,$1.10B,$0.00B,0.0,$0.77B,$0.38B,2.03,$0.48B,$0.48B,100.00%,$0.48B,$0.05B,11.34%,$0.48B,$0.05B,11.34%,$0.48B,$0.09B,18.91%,$0.48B,$0.04B,7.56%,$0.48B,$0.01B,2.94%,$0.01B,$0.38B,3.57%,$0.01B,$0.20B,6.64%,$0.01B,$2.87B,0.53%,$0.05B,$1.16B,4.93%,$132,$0,$132,$0,$39,$117,$15,$-4,$12,$4,$8,$8,$6,$23,$15,$29,37,$0.20,$0.19,$88,$0,$0,$1102,$281,$0,$178,$1246,$1765,$2867,$0,$774,$1684,$2485,$2485,$0,$31,$1,$381,$2867,$22,$24,$-39,$-15,$0,$0,$0,$-38,$-38,$-31,$-3,$0,$-81,$0,$-63,$-63,$-107,$-255,$109,$0,$109,$-44,$-44,$-2,$219,$282,$-3,$2,$-2
9,2016-06-30,5.25,$8.87,0.59,$13.58,0.39,$-11.81,0.0,$0.20,26.26,$0.96B,$0.00B,0.0,$0.66B,$0.38B,1.72,$0.47B,$0.47B,100.00%,$0.47B,$0.04B,8.39%,$0.47B,$0.04B,8.39%,$0.47B,$0.08B,16.77%,$0.47B,$0.02B,4.30%,$0.47B,$0.00B,0.65%,$0.00B,$0.38B,0.75%,$0.00B,$0.20B,1.40%,$0.00B,$2.70B,0.11%,$0.04B,$1.04B,3.67%,$132,$0,$132,$0,$33,$120,$13,$-2,$11,$4,$7,$7,$6,$21,$13,$34,35,$0.18,$0.17,$71,$0,$0,$963,$255,$0,$179,$1250,$1742,$2704,$0,$655,$1645,$2324,$2324,$0,$26,$2,$380,$2704,$14,$17,$-24,$-7,$0,$0,$0,$-11,$-11,$-4,$-3,$0,$-53,$0,$-28,$-28,$-98,$-182,$-12,$0,$-12,$-38,$-38,$-2,$223,$172,$-13,$1,$-2
10,2016-03-31,5.44,$9.54,0.57,$12.92,0.42,$-12.17,0.0,$0.50,10.88,$1.02B,$0.00B,0.0,$0.71B,$0.41B,1.74,$0.43B,$0.43B,100.00%,$0.43B,$0.03B,7.14%,$0.43B,$0.03B,7.14%,$0.43B,$0.07B,17.05%,$0.43B,$0.01B,1.61%,$0.43B,$0.01B,2.76%,$0.01B,$0.41B,2.96%,$0.01B,$0.23B,5.56%,$0.01B,$2.60B,0.40%,$0.03B,$1.12B,3.03%,$131,$0,$131,$0,$31,$127,$4,$1,$5,$-2,$7,$7,$6,$13,$4,$35,35,$0.16,$0.16,$65,$0,$0,$1017,$254,$0,$184,$1089,$1583,$2600,$0,$713,$1457,$2190,$2190,$0,$21,$1,$410,$2600,$7,$9,$-324,$-315,$-29,$0,$0,$349,$321,$14,$-0,$0,$-53,$0,$-29,$-29,$-4,$-86,$46,$0,$46,$-1,$-1,$0,$1,$46,$-26,$0,$0
11,2015-12-31,5.83,$9.26,0.63,$11.96,0.49,$-12.28,0.0,$0.31,18.82,$1.03B,$0.00B,0.0,$0.67B,$0.40B,1.68,$0.39B,$0.39B,100.00%,$0.39B,$0.02B,5.36%,$0.39B,$0.02B,5.36%,$0.39B,$0.07B,18.37%,$0.39B,$-0.00B,-1.02%,$0.39B,$0.00B,1.28%,$0.00B,$0.40B,1.24%,$0.00B,$0.21B,2.41%,$0.00B,$2.50B,0.11%,$0.02B,$1.07B,2.19%,$81,$0,$81,$0,$15,$59,$22,$-14,$8,$-2,$10,$10,$-4,$33,$22,$33,33,$-0.14,$-0.14,$88,$0,$0,$1025,$206,$0,$186,$1020,$1470,$2495,$0,$667,$1430,$2097,$2097,$0,$16,$0,$398,$2495,$9,$51,$25,$75,$-34,$0,$0,$-60,$-94,$-9,$-389,$0,$65,$0,$70,$70,$37,$-218,$252,$0,$252,$-4,$-4,$-3,$-1,$244,$16,$0,$-3
12,2015-09-30,6.06,$9.44,0.64,$11.86,0.51,$1.06,5.73,$0.31,19.54,$1.00B,$0.00B,0.0,$0.63B,$0.41B,1.54,$0.35B,$0.35B,100.00%,$0.35B,0,0.00%,$0.35B,0,0.00%,$0.35B,$0.05B,14.00%,$0.35B,$-0.02B,-5.14%,$0.35B,$-0.00B,-0.29%,$-0.00B,$0.41B,-0.25%,$-0.00B,$0.22B,-0.50%,$-0.00B,$3.50B,-0.02%,$0.00B,$1.03B,0.00%,$121,$0,$121,$0,$30,$121,$-0,$-3,$-4,$3,$-6,$-6,$-5,$11,$-0,$34,34,$-0.13,$-0.13,$167,$0,$0,$999,$207,$0,$191,$2102,$2500,$3499,$0,$625,$2444,$3092,$3092,$0,$20,$1,$407,$3499,$9,$40,$-793,$-753,$-30,$0,$0,$778,$748,$5,$-5,$0,$65,$0,$-261,$-261,$41,$-159,$209,$0,$209,$-3,$-3,$-2,$-4,$200,$46,$0,$-2
13,2015-06-30,6.83,$9.76,0.7,$9.46,0.72,$4.08,1.67,$0.46,14.85,$0.73B,$0.00B,0.0,$0.46B,$0.41B,1.15,$0.25B,$0.25B,100.00%,$0.25B,$0.00B,0.80%,$0.25B,$0.00B,0.80%,$0.25B,$0.04B,16.47%,$0.25B,$-0.01B,-3.61%,$0.25B,$0.01B,3.21%,$0.01B,$0.41B,1.83%,$0.01B,$0.21B,3.26%,$0.01B,$3.37B,0.12%,$0.00B,$0.87B,0.23%,$101,$0,$101,$0,$23,$96,$5,$-6,$-2,$-0,$-1,$-1,$15,$17,$5,$32,32,$0.47,$0.47,$232,$0,$0,$726,$209,$0,$196,$2242,$2646,$3372,$0,$464,$2469,$2967,$2967,$0,$26,$-0,$405,$3372,$18,$29,$-14,$15,$-20,$0,$0,$-26,$-47,$-14,$-4,$0,$61,$0,$-69,$-69,$46,$34,$101,$0,$101,$-2,$-2,$-2,$0,$97,$117,$0,$-2
14,2015-03-31,6.2,$9.51,0.65,$7.20,0.86,$10.03,0.62,$0.09,68.9,$0.73B,$0.00B,0.0,$0.47B,$0.40B,1.19,$0.16B,$0.16B,100.00%,$0.16B,$-0.01B,-5.70%,$0.16B,$-0.01B,-5.70%,$0.16B,$0.02B,12.03%,$0.16B,$-0.01B,-3.80%,$0.16B,$-0.01B,-3.16%,$-0.01B,$0.40B,-1.05%,$-0.01B,$0.19B,-1.70%,$-0.01B,$8.46B,-0.06%,$-0.01B,$0.87B,-1.04%,$89,$0,$89,$0,$20,$95,$-6,$-0,$-6,$-1,$-4,$-4,$-1,$11,$-6,$32,32,$-0.03,$-0.03,$102,$0,$0,$726,$209,$0,$205,$7316,$7731,$8457,$0,$474,$2339,$8060,$8060,$0,$12,$1,$397,$8457,$-1,$16,$27,$44,$-12,$0,$0,$-21,$-33,$10,$-1,$0,$-82,$0,$-9,$-9,$16,$-75,$110,$0,$110,$-0,$-0,$0,$-24,$86,$20,$0,$0
15,2014-12-31,7.58,$9.65,0.78,$5.45,1.39,$12.29,0.62,$0.22,34.43,$0.45B,$0.00B,0.0,$0.36B,$0.40B,0.9,$0.08B,$0.08B,100.00%,$0.08B,$-0.01B,-7.50%,$0.08B,$-0.01B,-7.50%,$0.08B,$0.01B,8.75%,$0.08B,$0.00B,2.50%,$0.08B,$-0.00B,-2.50%,$-0.00B,$0.40B,-0.39%,$-0.00B,$0.19B,-0.58%,$-0.00B,$8.21B,-0.03%,$-0.01B,$0.77B,-0.68%,$39,$0,$39,$0,$12,$39,$1,$-7,$-6,$7,$-14,$-14,$-10,$10,$1,$17,17,$-0.68,$-0.68,$60,$0,$0,$454,$131,$0,$212,$7399,$7751,$8205,$0,$363,$2387,$7803,$7803,$0,$13,$-0,$402,$8205,$5,$13,$-442,$-429,$4,$0,$0,$444,$448,$24,$-1,$0,$-207,$0,$181,$181,$-542,$-570,$21,$0,$21,$-0,$-0,$0,$486,$507,$-39,$1,$0
16,2014-09-30,7.73,$13.17,0.59,$-1.59,0.0,$12.89,0.6,$0.44,17.56,$0.53B,$0.02B,27.52,$0.43B,$0.55B,0.78,$-0.01B,$-0.01B,100.00%,$-0.01B,$-0.03B,357.14%,$-0.01B,$-0.03B,357.14%,$-0.01B,$-0.02B,328.57%,$-0.01B,$0.03B,-357.14%,$-0.01B,$0.01B,-171.43%,$0.01B,$0.55B,2.32%,$0.01B,$0.39B,3.02%,$0.01B,$7.05B,0.17%,$-0.03B,$0.97B,-2.91%,$20,$0,$20,$0,$8,$18,$2,$3,$5,$-1,$6,$6,$4,$3,$2,$17,17,$0.24,$0.24,$243,$0,$0,$529,$105,$0,$157,$6250,$6519,$7049,$19,$425,$6056,$6482,$6501,$0,$86,$0,$548,$7049,$16,$4,$8,$12,$0,$0,$0,$25,$25,$53,$-1,$0,$7,$0,$-23,$-23,$-214,$-230,$48,$0,$48,$0,$0,$0,$188,$236,$59,$0,$0
17,2014-06-30,8.14,$13.50,0.6,$0.16,51.54,$16.07,0.51,$0.60,13.56,$0.38B,$0.02B,19.8,$0.29B,$0.56B,0.51,$0.00B,$0.00B,100.00%,$0.00B,$-0.02B,-733.33%,$0.00B,$-0.02B,-733.33%,$0.00B,$-0.02B,-666.67%,$0.00B,$0.02B,766.67%,$0.00B,$0.01B,333.33%,$0.01B,$0.56B,1.92%,$0.01B,$0.40B,2.45%,$0.01B,$7.38B,0.14%,$-0.02B,$0.85B,-2.70%,$10,$0,$10,$0,$7,$16,$-6,$7,$1,$-1,$2,$2,$2,$-5,$-6,$11,11,$0.19,$0.19,$179,$0,$0,$381,$105,$0,$158,$6729,$6997,$7379,$19,$286,$6512,$6798,$6817,$0,$97,$0,$561,$7379,$8,$3,$-14,$-10,$0,$0,$0,$60,$60,$57,$-0,$0,$7,$0,$46,$46,$-287,$-235,$-98,$0,$-98,$0,$0,$0,$277,$179,$1,$1,$0
18,2014-03-31,7.01,$13.60,0.52,$1.18,5.94,$16.95,0.41,$1.87,3.75,$0.45B,$0.02B,23.88,$0.38B,$0.57B,0.67,$0.01B,$0.01B,100.00%,$0.01B,$-0.02B,-153.85%,$0.01B,$-0.02B,-153.85%,$0.01B,$-0.02B,-130.77%,$0.01B,$0.01B,92.31%,$0.01B,$0.01B,84.62%,$0.01B,$0.57B,2.71%,$0.01B,$0.41B,3.30%,$0.01B,$6.96B,0.21%,$-0.02B,$0.95B,-3.14%,$11,$0,$11,$0,$6,$14,$-3,$5,$2,$-1,$2,$2,$2,$-1,$-3,$11,11,$0.15,$0.15,$194,$0,$0,$451,$106,$0,$159,$6237,$6505,$6956,$19,$381,$5990,$6371,$6390,$0,$101,$0,$565,$6956,$2,$2,$4,$5,$0,$0,$0,$20,$20,$27,$-0,$0,$7,$0,$-19,$-19,$35,$22,$1,$0,$1,$0,$0,$0,$-45,$-44,$4,$0,$0
19,2013-12-31,6.86,$9.56,0.72,$2.31,2.97,$15.49,0.44,$1.77,3.88,$0.38B,$0.00B,0.0,$0.27B,$0.40B,0.68,$0.02B,$0.02B,100.00%,$0.02B,$-0.01B,-29.17%,$0.02B,$-0.01B,-29.17%,$0.02B,$-0.00B,-16.67%,$0.02B,$0.02B,66.67%,$0.02B,$0.01B,41.67%,$0.01B,$0.40B,3.48%,$0.01B,$0.39B,3.94%,$0.01B,$6.87B,0.29%,$-0.01B,$0.67B,-1.55%,$-48,$0,$-48,$0,$-10,$-30,$-18,$35,$17,$-4,$21,$21,$4,$-20,$-18,$10,10,$0.37,$0.37,$160,$0,$0,$380,$97,$0,$10,$6382,$6492,$6872,$0,$270,$1369,$6475,$6475,$0,$15,$0,$397,$6872,$10,$4,$18,$21,$0,$0,$0,$-35,$-35,$-3,$23,$0,$-7,$0,$-154,$-154,$-551,$-689,$201,$0,$201,$4,$4,$-0,$520,$724,$32,$3,$-0
20,2013-09-30,6.97,$13.48,0.52,$15.93,0.44,$17.10,0.41,$1.50,4.65,$0.34B,$0.02B,17.43,$0.24B,$0.56B,0.43,$0.16B,$0.16B,100.00%,$0.16B,$0.04B,22.56%,$0.16B,$0.04B,22.56%,$0.16B,$0.04B,26.83%,$0.16B,$0.02B,11.59%,$0.16B,$0.01B,7.32%,$0.01B,$0.56B,3.72%,$0.01B,$0.44B,4.81%,$0.01B,$6.60B,0.38%,$0.04B,$0.79B,7.92%,$30,$0,$30,$0,$9,$25,$5,$-2,$3,$1,$2,$2,$2,$6,$5,$10,10,$0.18,$0.18,$158,$0,$0,$335,$62,$0,$120,$6078,$6269,$6604,$19,$239,$5791,$6029,$6048,$0,$104,$0,$556,$6604,$7,$5,$-13,$-8,$55,$0,$0,$-13,$42,$41,$23,$0,$2,$0,$-112,$-112,$-615,$-702,$104,$0,$104,$3,$3,$-0,$590,$696,$35,$0,$-0
21,2013-06-30,6.53,$10.30,0.63,$17.43,0.37,$15.01,0.44,$1.31,4.98,$0.10B,$0.00B,27.94,$0.03B,$0.11B,0.32,$0.18B,$0.18B,100.00%,$0.18B,$0.05B,27.93%,$0.18B,$0.05B,27.93%,$0.18B,$0.06B,32.40%,$0.18B,$0.03B,18.99%,$0.18B,$0.01B,7.26%,$0.01B,$0.11B,6.31%,$0.01B,$0.11B,8.07%,$0.01B,$0.14B,0.86%,$0.05B,$0.14B,15.87%,$20,$0,$20,$0,$9,$24,$-4,$-6,$-10,$2,$-12,$-12,$3,$-2,$-4,$10,10,$0.33,$0.33,$69,$0,$0,$95,$42,$0,$1,$6,$48,$143,$3,$33,$1,$34,$37,$0,$16,$0,$106,$143,$5,$4,$-6,$-2,$14,$0,$0,$4,$17,$21,$44,$0,$2,$0,$-149,$-149,$-319,$-421,$108,$0,$108,$1,$1,$-2,$317,$425,$24,$0,$-2
22,2013-03-31,6.16,$8.95,0.69,$15.56,0.4,$8.64,0.71,$-0.08,0.0,$0.05B,$0.00B,30.49,$0.11B,$0.09B,1.23,$0.16B,$0.16B,100.00%,$0.16B,$0.05B,33.13%,$0.16B,$0.05B,33.13%,$0.16B,$0.06B,37.50%,$0.16B,$0.04B,26.88%,$0.16B,$0.01B,6.25%,$0.01B,$0.09B,4.94%,$0.01B,$0.09B,6.41%,$0.01B,$0.21B,0.65%,$0.05B,$0.21B,16.21%,$22,$0,$22,$0,$9,$12,$10,$-4,$6,$1,$5,$5,$1,$12,$10,$10,10,$0.13,$0.13,$28,$0,$0,$52,$141,$0,$6,$10,$157,$208,$2,$113,$2,$115,$117,$0,$2,$0,$92,$208,$1,$2,$5,$7,$0,$0,$0,$3,$3,$11,$-0,$0,$-2,$0,$-30,$-30,$-350,$-382,$-2,$0,$-2,$-0,$-0,$0,$345,$343,$-27,$0,$0
23,2012-12-31,6.84,$52.38,0.13,$13.79,0.5,$7.45,0.92,$-0.05,0.0,$0.18B,$0.02B,8.7,$0.20B,$0.54B,0.37,$0.14B,$0.14B,100.00%,$0.14B,$0.04B,30.99%,$0.14B,$0.04B,30.99%,$0.14B,$0.05B,35.21%,$0.14B,$0.04B,26.06%,$0.14B,$0.01B,6.34%,$0.01B,$0.54B,4.44%,$0.01B,$0.37B,5.75%,$0.01B,$5.53B,0.59%,$0.04B,$0.73B,13.61%,$92,$0,$92,$0,$12,$66,$26,$-7,$20,$-1,$21,$21,$6,$28,$26,$10,10,$0.54,$0.54,$170,$0,$0,$176,$119,$0,$166,$5069,$5358,$5534,$20,$196,$4782,$4978,$4998,$0,$115,$0,$536,$5534,$9,$6,$19,$26,$0,$0,$0,$2,$2,$37,$0,$0,$-117,$0,$5,$5,$-33,$-144,$100,$0,$100,$25,$25,$-1,$-25,$99,$-8,$0,$-1
24,2012-09-30,6.35,$8.79,0.72,$5.24,1.21,$4.61,1.38,$1.58,4.02,$0.05B,$0.00B,29.45,$0.10B,$0.09B,1.06,$0.05B,$0.05B,96.30%,$0.05B,$0.02B,33.33%,$0.05B,$0.02B,33.33%,$0.05B,$0.02B,42.59%,$0.05B,$0.03B,61.11%,$0.05B,$0.02B,35.19%,$0.02B,$0.09B,20.60%,$0.02B,$0.08B,22.16%,$0.02B,$0.19B,9.96%,$0.02B,$0.19B,9.57%,$45,$0,$45,$0,$7,$28,$18,$0,$18,$1,$17,$17,$3,$20,$18,$10,10,$0.30,$0.30,$47,$0,$0,$52,$120,$0,$6,$9,$136,$188,$2,$96,$1,$96,$98,$0,$6,$0,$90,$188,$7,$5,$13,$17,$-0,$0,$0,$19,$18,$42,$0,$0,$-116,$0,$26,$26,$-45,$-135,$99,$-1,$98,$25,$25,$-4,$-17,$102,$9,$0,$-4
25,2012-06-30,6.13,$8.97,0.68,$1.18,5.18,$0.93,6.61,$1.64,3.74,$0.05B,$0.00B,39.52,$0.10B,$0.09B,1.05,$0.01B,$0.01B,76.92%,$0.01B,$0.00B,7.69%,$0.01B,$0.00B,7.69%,$0.01B,$0.01B,38.46%,$0.01B,$0.02B,123.08%,$0.01B,$0.02B,130.77%,$0.02B,$0.09B,18.99%,$0.02B,$0.09B,20.42%,$0.02B,$0.19B,9.02%,$0.00B,$0.19B,0.54%,$1,$0,$1,$0,$1,$1,$-1,$-0,$-1,$0,$-1,$-1,$-0,$0,$-1,$10,10,$-0.02,$-0.02,$48,$0,$0,$54,$121,$0,$7,$8,$135,$189,$1,$96,$1,$96,$98,$0,$7,$0,$91,$189,$0,$2,$0,$2,$0,$0,$0,$-2,$-3,$-1,$-0,$0,$0,$0,$0,$0,$0,$0,$-0,$0,$-0,$-0,$-0,$-3,$-1,$-4,$-4,$0,$-3
26,2012-03-31,5.95,$9.22,0.64,$1.46,4.07,$1.31,4.54,$1.76,3.38,$0.06B,$0.00B,34.46,$0.10B,$0.09B,1.02,$0.02B,$0.01B,80.00%,$0.02B,$0.00B,20.00%,$0.02B,$0.00B,20.00%,$0.02B,$0.01B,46.67%,$0.02B,$0.02B,120.00%,$0.02B,$0.02B,120.00%,$0.02B,$0.09B,20.75%,$0.02B,$0.09B,22.36%,$0.02B,$0.19B,9.89%,$0.00B,$0.19B,1.67%,$4,$0,$4,$0,$1,$3,$1,$-1,$0,$0,$0,$0,$0,$2,$1,$10,10,$0.03,$0.03,$50,$0,$0,$56,$121,$0,$7,$8,$137,$192,$2,$96,$1,$96,$98,$0,$10,$0,$94,$192,$0,$1,$-0,$1,$0,$0,$0,$-2,$-2,$-1,$0,$0,$0,$0,$0,$0,$-1,$-1,$-0,$0,$-0,$0,$0,$0,$-0,$-0,$-2,$0,$0
27,2011-12-31,5.48,$9.20,0.6,$1.42,3.86,$1.67,3.28,$1.62,3.38,$0.06B,$0.00B,14.65,$0.10B,$0.09B,1.03,$0.02B,$0.01B,73.33%,$0.02B,$0.00B,20.00%,$0.02B,$0.00B,20.00%,$0.02B,$0.01B,46.67%,$0.02B,$0.02B,113.33%,$0.02B,$0.02B,113.33%,$0.02B,$0.09B,20.42%,$0.02B,$0.09B,22.08%,$0.02B,$0.19B,9.67%,$0.00B,$0.19B,1.74%,$4,$2,$2,$0,$1,$4,$-0,$16,$16,$0,$16,$16,$16,$1,$-0,$10,10,$1.58,$1.56,$52,$0,$0,$58,$122,$0,$7,$7,$136,$194,$4,$96,$1,$97,$101,$0,$10,$0,$94,$194,$17,$4,$-12,$-9,$0,$0,$0,$-1,$-0,$8,$-0,$0,$0,$0,$29,$29,$1,$29,$15,$0,$15,$0,$0,$-4,$-0,$10,$47,$0,$-4
28,2011-09-30,5.5,$7.78,0.71,$1.15,4.76,$0.59,9.31,$0.04,137.48,$0.02B,$0.00B,7.52,$0.10B,$0.08B,1.22,$0.02B,$0.01B,80.00%,$0.02B,$0.00B,26.67%,$0.02B,$0.00B,26.67%,$0.02B,$0.01B,46.67%,$0.02B,$-0.00B,-6.67%,$0.02B,$-0.00B,-6.67%,$-0.00B,$0.08B,-1.25%,$-0.00B,$0.07B,-1.36%,$-0.00B,$0.18B,-0.59%,$0.00B,$0.18B,2.42%,$4,$0,$3,$0,$1,$3,$1,$-0,$1,$0,$1,$1,$1,$2,$1,$10,10,$0.05,$0.05,$9,$0,$0,$15,$124,$0,$6,$33,$163,$179,$2,$96,$1,$98,$100,$0,$-5,$0,$79,$179,$0,$3,$3,$5,$0,$0,$0,$-2,$-1,$5,$-0,$0,$0,$0,$-12,$-12,$0,$-13,$15,$0,$15,$0,$0,$-3,$-0,$12,$4,$0,$-3
