,Date,Stock Price,Book Value per Share,Price to Book Ratio,TTM Sales per Share,Price to Sales Ratio,TTM FCF per Share,Price to FCF Ratio,TTM Net EPS,PE Ratio,Current Assets,Current Liabilities,Current Ratio,Long Term Debt,Shareholder's Equity_x,Debt to Equity Ratio,TTM Revenue_x,TTM Gross Profit,Gross Margin,TTM Revenue_y,TTM Operating Income,Operating Margin,TTM Revenue_x,TTM EBIT,EBIT Margin,TTM Revenue_y,TTM EBITDA,EBITDA Margin,TTM Revenue_x,TTM Pre-Tax Income,Pre-Tax Margin,TTM Revenue_y,TTM Net Income_x,Net Margin,TTM Net Income_y,Shareholder's Equity_y,Return on Equity,TTM Net Income_x,Tangible Equity,Return on Tangible Equity,TTM Net Income_y,Total Assets,Return on Assets,TTM Net Income,LT Investments & Debt,Return on Investment,revenue,cost-goods-sold,gross-profit,research-development-expenses,selling-general-administrative-expenses,operating-expenses,operating-income,total-non-operating-income-expense,pre-tax-income,total-provision-income-taxes,income-after-taxes,income-from-continuous-operations,net-income,ebitda,ebit,basic-shares-outstanding,shares-outstanding,eps-basic-net-earnings-per-share,eps-earnings-per-share-diluted,cash-on-hand,inventory,other-current-assets,total-current-assets,net-property-plant-equipment,long-term-investments,goodwill-intangible-assets-total,other-long-term-assets,total-long-term-assets,total-assets,total-current-liabilities,long-term-debt,other-non-current-liabilities,total-long-term-liabilities,total-liabilities,common-stock-net,retained-earnings-accumulated-deficit,comprehensive-income,total-share-holder-equity,total-liabilities-share-holders-equity,net-income-loss,total-depreciation-amortization-cash-flow,other-non-cash-items,total-non-cash-items,change-in-accounts-receivable,change-in-inventories,change-in-accounts-payable,change-in-assets-liabilities,total-change-in-assets-liabilities,cash-flow-from-operating-activities,net-change-in-property-plant-equipment,net-change-in-intangible-assets,net-acquisitions-divestitures,net-change-in-short-term-investments,net-change-in-long-term-investments,net-change-in-investments-total,investing-activities-other,cash-flow-from-investing-activities,net-long-term-debt,net-current-debt,debt-issuance-retirement-net-total,net-common-equity-issued-repurchased,net-total-equity-issued-repurchased,total-common-preferred-stock-dividends-paid,financial-activities-other,cash-flow-from-financial-activities,net-cash-flow,stock-based-compensation,common-stock-dividends-paid
0,2018-09-30,22.5,$14.54,1.55,$41.84,0.54,$-3.06,0.0,$-2.44,0.0,$0.40B,$0.15B,2.61,$0.38B,$0.44B,0.86,$1.25B,$0.33B,25.94%,$1.25B,$-0.03B,-2.71%,$1.25B,$-0.03B,-2.71%,$1.25B,$0.04B,2.79%,$1.25B,$-0.10B,-7.58%,$1.25B,$-0.07B,-5.83%,$-0.07B,$0.44B,-16.23%,$-0.07B,$0.02B,-435.82%,$-0.07B,$1.02B,-6.99%,$-0.03B,$0.81B,-4.07%,$291,$221,$70,$0,$88,$311,$-20,$-8,$-28,$-5,$-23,$-23,$-23,$-2,$-20,$30,30,$-0.76,$-0.76,$16,$52,$0,$395,$193,$0,$422,$8,$628,$1023,$151,$377,$9,$435,$586,$9,$51,$-23,$436,$1023,$-73,$54,$36,$89,$-11,$-3,$-7,$2,$-8,$5,$-18,$0,$0,$0,$0,$0,$-0,$-18,$6,$0,$6,$0,$0,$0,$-2,$4,$-11,$9,$0
1,2018-06-30,23.1,$15.19,1.52,$41.70,0.55,$-3.78,0.0,$-4.48,0.0,$0.42B,$0.15B,2.86,$0.39B,$0.46B,0.86,$1.25B,$0.32B,25.98%,$1.25B,$-0.11B,-8.66%,$1.25B,$-0.11B,-8.66%,$1.25B,$0.03B,2.57%,$1.25B,$-0.16B,-13.07%,$1.25B,$-0.13B,-10.75%,$-0.13B,$0.46B,-29.50%,$-0.13B,$0.03B,-940.35%,$-0.13B,$1.06B,-12.76%,$-0.11B,$0.85B,-12.91%,$344,$247,$97,$0,$93,$342,$2,$-37,$-35,$-3,$-32,$-32,$-32,$20,$2,$30,30,$-1.08,$-1.08,$15,$52,$0,$421,$196,$0,$429,$7,$637,$1058,$147,$390,$9,$455,$602,$9,$74,$-24,$456,$1058,$-50,$36,$32,$67,$-29,$-4,$-3,$-4,$-35,$-18,$-11,$0,$0,$0,$0,$0,$-0,$-11,$21,$0,$21,$0,$0,$0,$-2,$19,$-11,$7,$0
2,2018-03-31,13.75,$15.00,0.92,$40.71,0.34,$-3.80,0.0,$-3.77,0.0,$0.39B,$0.15B,2.67,$0.38B,$0.45B,0.85,$1.22B,$0.31B,25.68%,$1.22B,$-0.12B,-9.63%,$1.22B,$-0.12B,-9.63%,$1.22B,$0.02B,1.56%,$1.22B,$-0.14B,-11.44%,$1.22B,$-0.11B,-9.30%,$-0.11B,$0.45B,-23.97%,$-0.11B,$0.01B,-1614.29%,$-0.11B,$1.04B,-10.58%,$-0.12B,$0.83B,-13.83%,$302,$227,$76,$0,$90,$317,$-14,$-3,$-17,$1,$-18,$-18,$-18,$4,$-14,$30,30,$-0.60,$-0.60,$18,$51,$0,$390,$200,$0,$438,$7,$652,$1041,$146,$383,$10,$445,$591,$9,$106,$-20,$450,$1041,$-18,$18,$-2,$16,$12,$-2,$-7,$-4,$4,$2,$-5,$0,$0,$0,$0,$0,$-0,$-6,$-3,$0,$-3,$0,$0,$0,$-2,$-4,$-8,$2,$0
3,2017-12-31,14.9,$15.27,0.98,$40.23,0.37,$-4.12,0.0,$-3.49,0.0,$0.40B,$0.15B,2.69,$0.39B,$0.46B,0.85,$1.20B,$0.31B,25.92%,$1.20B,$-0.12B,-9.58%,$1.20B,$-0.12B,-9.58%,$1.20B,$0.02B,1.33%,$1.20B,$-0.14B,-11.50%,$1.20B,$-0.11B,-8.75%,$-0.11B,$0.46B,-21.35%,$-0.11B,$0.01B,-2333.33%,$-0.11B,$1.06B,-9.67%,$-0.12B,$0.85B,-13.45%,$316,$235,$82,$0,$83,$319,$-2,$-13,$-15,$-15,$-0,$-0,$-0,$13,$-2,$30,30,$0.00,$0.00,$27,$50,$0,$397,$203,$0,$445,$6,$659,$1056,$148,$388,$10,$451,$598,$9,$116,$-20,$457,$1056,$-104,$130,$-35,$95,$-40,$1,$6,$7,$-5,$-14,$-34,$0,$0,$0,$0,$0,$-0,$-34,$29,$0,$29,$0,$0,$0,$-4,$26,$-20,$8,$0
4,2017-09-30,13.35,$15.20,0.88,$41.02,0.33,$-1.18,0.0,$-3.81,0.0,$0.38B,$0.14B,2.68,$0.37B,$0.45B,0.81,$1.20B,$0.32B,26.25%,$1.20B,$-0.12B,-9.88%,$1.20B,$-0.12B,-9.88%,$1.20B,$0.01B,0.91%,$1.20B,$-0.13B,-10.96%,$1.20B,$-0.11B,-9.47%,$-0.11B,$0.45B,-22.29%,$-0.11B,$0.01B,-5066.67%,$-0.11B,$1.05B,-10.28%,$-0.12B,$0.82B,-13.77%,$285,$216,$69,$0,$85,$379,$-94,$-1,$-96,$-12,$-84,$-84,$-84,$-5,$-94,$30,30,$-2.80,$-2.80,$27,$52,$0,$384,$203,$0,$449,$5,$664,$1047,$143,$366,$4,$451,$594,$9,$116,$-22,$454,$1047,$-104,$115,$-17,$99,$-19,$-1,$-6,$3,$-2,$-10,$-24,$0,$0,$0,$0,$0,$-1,$-25,$15,$0,$15,$0,$0,$0,$-3,$13,$-20,$6,$0
5,2017-06-30,23.45,$17.58,1.33,$41.33,0.57,$0.93,25.14,$-1.15,0.0,$0.39B,$0.15B,2.58,$0.36B,$0.53B,0.69,$1.21B,$0.32B,26.80%,$1.21B,$-0.03B,-2.40%,$1.21B,$-0.03B,-2.40%,$1.21B,$0.03B,2.07%,$1.21B,$-0.04B,-3.56%,$1.21B,$-0.03B,-2.81%,$-0.03B,$0.53B,-6.36%,$-0.03B,$-0.00B,-755.56%,$-0.03B,$1.13B,-2.98%,$-0.03B,$0.89B,-3.26%,$312,$228,$85,$0,$91,$319,$-7,$-4,$-11,$0,$-11,$-11,$-11,$7,$-7,$30,30,$-0.37,$-0.37,$29,$51,$0,$385,$204,$0,$527,$5,$741,$1127,$149,$362,$4,$452,$602,$9,$199,$-25,$525,$1127,$-21,$26,$-6,$21,$-18,$-1,$-2,$2,$-13,$-13,$-16,$0,$0,$0,$0,$0,$-1,$-17,$12,$0,$12,$0,$0,$0,$-2,$11,$-17,$4,$0
6,2017-03-31,27.05,$17.80,1.52,$42.25,0.64,$2.48,10.91,$-0.53,0.0,$0.37B,$0.15B,2.44,$0.34B,$0.53B,0.64,$1.23B,$0.34B,27.41%,$1.23B,$-0.01B,-0.65%,$1.23B,$-0.01B,-0.65%,$1.23B,$0.05B,3.65%,$1.23B,$-0.02B,-1.70%,$1.23B,$-0.02B,-1.30%,$-0.02B,$0.53B,-2.96%,$-0.02B,$0.00B,-156.10%,$-0.02B,$1.11B,-1.37%,$-0.01B,$0.87B,-0.88%,$287,$212,$75,$0,$89,$299,$-12,$-3,$-16,$-6,$-10,$-10,$-10,$1,$-12,$30,30,$-0.32,$-0.32,$24,$50,$0,$370,$205,$0,$528,$5,$744,$1114,$152,$337,$3,$432,$583,$9,$210,$-27,$531,$1114,$-10,$13,$-4,$9,$-7,$-1,$-7,$2,$-3,$-3,$-10,$0,$0,$0,$0,$0,$-1,$-11,$-10,$0,$-10,$0,$0,$0,$-0,$-10,$-22,$2,$0
7,2016-12-31,39.25,$17.98,2.18,$43.08,0.91,$3.37,11.65,$-0.48,0.0,$0.40B,$0.15B,2.72,$0.35B,$0.54B,0.65,$1.20B,$0.33B,27.49%,$1.20B,$-0.00B,-0.25%,$1.20B,$-0.00B,-0.25%,$1.20B,$0.05B,3.93%,$1.20B,$-0.02B,-1.25%,$1.20B,$-0.01B,-1.00%,$-0.01B,$0.54B,-2.20%,$-0.01B,$0.00B,-38.10%,$-0.01B,$1.15B,-1.01%,$-0.00B,$0.88B,-0.32%,$320,$233,$87,$0,$87,$326,$-6,$-3,$-9,$-0,$-8,$-8,$-9,$8,$-6,$28,28,$-0.29,$-0.29,$46,$50,$0,$401,$203,$0,$532,$5,$746,$1147,$148,$347,$3,$464,$612,$9,$219,$-29,$536,$1147,$-13,$49,$12,$61,$17,$2,$8,$-0,$31,$80,$-42,$0,$-48,$0,$0,$0,$19,$-71,$-4,$0,$-4,$4,$4,$0,$-6,$-6,$1,$7,$0
8,2016-09-30,32.71,$18.64,1.76,$31.70,1.03,$2.02,16.21,$-0.16,0.0,$0.43B,$0.15B,2.81,$0.37B,$0.55B,0.67,$0.88B,$0.24B,27.59%,$0.88B,$0.00B,0.34%,$0.88B,$0.00B,0.34%,$0.88B,$0.04B,4.45%,$0.88B,$-0.01B,-0.68%,$0.88B,$-0.00B,-0.34%,$-0.00B,$0.55B,-0.60%,$-0.00B,$0.01B,-11.54%,$-0.00B,$1.18B,-0.27%,$0.00B,$0.92B,0.34%,$290,$213,$77,$0,$81,$294,$-4,$-3,$-7,$-3,$-5,$-5,$-4,$9,$-4,$29,29,$-0.14,$-0.14,$38,$52,$0,$428,$212,$0,$534,$4,$754,$1182,$153,$369,$4,$482,$634,$9,$248,$-18,$548,$1182,$-3,$36,$7,$43,$17,$1,$11,$-6,$21,$61,$-32,$0,$-48,$0,$0,$0,$6,$-75,$16,$0,$16,$-5,$-5,$0,$-4,$7,$-7,$7,$0
9,2016-06-30,24.83,$18.76,1.32,$34.94,0.71,$0.90,27.56,$-0.02,0.0,$0.48B,$0.15B,3.21,$0.41B,$0.55B,0.74,$0.87B,$0.25B,28.69%,$0.87B,$0.03B,3.00%,$0.87B,$0.03B,3.00%,$0.87B,$0.07B,7.60%,$0.87B,$0.02B,2.07%,$0.87B,$0.01B,1.38%,$0.01B,$0.55B,2.70%,$0.01B,$0.02B,58.54%,$0.01B,$1.22B,1.19%,$0.03B,$0.96B,3.13%,$336,$238,$99,$0,$83,$322,$14,$-3,$11,$4,$7,$7,$7,$27,$14,$29,30,$0.25,$0.25,$65,$54,$0,$480,$206,$0,$529,$3,$743,$1223,$149,$406,$4,$523,$673,$9,$252,$-17,$550,$1223,$1,$23,$8,$31,$3,$0,$14,$-4,$6,$38,$-21,$0,$-48,$0,$0,$0,$5,$-64,$53,$0,$53,$-7,$-7,$0,$-0,$46,$21,$5,$0
10,2016-03-31,30.38,$18.61,1.63,$34.91,0.87,$0.36,83.55,$-0.20,0.0,$0.51B,$0.14B,3.64,$0.42B,$0.55B,0.76,$0.78B,$0.22B,28.35%,$0.78B,$0.02B,2.45%,$0.78B,$0.02B,2.45%,$0.78B,$0.06B,7.09%,$0.78B,$0.01B,1.42%,$0.78B,$0.01B,1.03%,$0.01B,$0.55B,2.60%,$0.01B,$0.09B,52.46%,$0.01B,$1.18B,1.14%,$0.02B,$0.97B,3.21%,$251,$185,$66,$0,$73,$258,$-7,$-3,$-10,$-4,$-7,$-7,$-6,$3,$-7,$24,24,$-0.27,$-0.27,$93,$66,$0,$510,$201,$0,$462,$4,$671,$1181,$140,$417,$4,$491,$631,$9,$245,$-14,$549,$1181,$-6,$10,$3,$13,$8,$1,$4,$2,$15,$21,$-10,$0,$-33,$0,$0,$0,$0,$-43,$65,$0,$65,$-1,$-1,$0,$-0,$64,$43,$2,$0
11,2015-12-31,31.96,$0.00,0.0,$34.86,0.92,$0.07,432.48,$0.07,456.57,$0.32B,$0.09B,3.41,$0.35B,$0.34B,1.04,$0.75B,$0.22B,29.01%,$0.75B,$0.03B,4.01%,$0.75B,$0.03B,4.01%,$0.75B,$0.07B,8.69%,$0.75B,$0.02B,3.07%,$0.75B,$0.02B,2.01%,$0.02B,$0.34B,5.93%,$0.02B,$-0.02B,-107.14%,$0.02B,$0.80B,2.50%,$0.03B,$0.69B,5.73%,$0,$0,$0,$0,$0,$0,$0,$0,$0,$0,$0,$0,$0,$0,$0,$0,0,$0.00,$0.00,$50,$28,$0,$315,$125,$0,$356,$2,$484,$799,$92,$351,$0,$369,$461,$7,$251,$-18,$338,$799,$0,$0,$0,$0,$0,$0,$0,$0,$0,$0,$0,$0,$0,$0,$0,$0,$0,$0,$0,$0,$0,$0,$0,$0,$0,$0,$0,$0,$0
12,2015-11-30,38.18,$16.09,2.37,$45.89,0.83,$0.23,165.78,$0.79,48.33,$0.34B,$0.10B,3.62,$0.37B,$0.34B,1.08,$0.98B,$0.29B,29.70%,$0.98B,$0.05B,5.29%,$0.98B,$0.05B,5.29%,$0.98B,$0.08B,8.34%,$0.98B,$0.05B,4.58%,$0.98B,$0.03B,2.95%,$0.03B,$0.34B,17.24%,$0.03B,$-0.01B,-305.26%,$0.03B,$0.82B,7.23%,$0.05B,$0.71B,14.83%,$281,$197,$84,$0,$65,$261,$19,$-2,$17,$5,$11,$11,$11,$36,$19,$21,21,$0.54,$0.54,$52,$28,$0,$342,$123,$0,$350,$2,$478,$820,$95,$371,$2,$383,$477,$7,$255,$-18,$343,$820,$13,$17,$6,$22,$-13,$-0,$-4,$-1,$-22,$13,$-17,$0,$-262,$0,$0,$0,$-5,$-284,$293,$0,$293,$2,$2,$0,$-10,$285,$13,$3,$0
13,2015-09-30,32.12,$0.00,0.0,$32.78,0.98,$0.38,85.22,$0.79,40.66,$0.00B,$0.00B,0.0,$0.00B,$0.00B,0.0,$0.70B,$0.21B,29.63%,$0.70B,$0.03B,4.70%,$0.70B,$0.03B,4.70%,$0.70B,$0.05B,6.55%,$0.70B,$0.03B,3.99%,$0.70B,$0.02B,2.56%,$0.02B,$0.00B,10.83%,$0.02B,$0.00B,40.68%,$0.02B,$0.00B,5.50%,$0.03B,$0.00B,11.97%,$244,$174,$70,$0,$62,$237,$7,$-3,$4,$1,$3,$3,$3,$16,$7,$20,21,$0.13,$0.12,$0,$0,$0,$0,$0,$0,$0,$0,$0,$0,$0,$0,$0,$0,$0,$0,$0,$0,$0,$0,$20,$21,$10,$31,$-23,$-0,$1,$-3,$-24,$26,$-25,$0,$-264,$-1,$0,$-1,$-5,$-294,$290,$0,$290,$-17,$-17,$0,$-8,$265,$-6,$4,$0
14,2015-08-31,41.84,$15.62,2.68,$30.33,1.38,$0.44,95.61,$0.73,57.32,$0.30B,$0.09B,3.55,$0.36B,$0.33B,1.09,$0.65B,$0.19B,29.54%,$0.65B,$0.03B,5.23%,$0.65B,$0.03B,5.23%,$0.65B,$0.06B,8.46%,$0.65B,$0.03B,4.62%,$0.65B,$0.02B,2.77%,$0.02B,$0.33B,10.83%,$0.02B,$-0.03B,40.68%,$0.02B,$0.79B,5.50%,$0.03B,$0.69B,12.33%,$223,$160,$63,$0,$58,$218,$4,$-2,$2,$1,$1,$1,$1,$13,$4,$20,21,$0.07,$0.07,$45,$29,$0,$301,$119,$0,$360,$2,$483,$785,$85,$359,$2,$370,$455,$6,$244,$-16,$330,$785,$1,$8,$4,$12,$23,$-1,$-10,$-1,$-3,$10,$-6,$0,$-264,$0,$0,$0,$-5,$-275,$280,$0,$280,$0,$0,$0,$-8,$272,$7,$1,$0
15,2015-06-30,40.25,$0.00,0.0,$27.97,1.44,$0.84,47.92,$0.73,55.14,$0.00B,$0.00B,0.0,$0.00B,$0.00B,0.0,$0.60B,$0.18B,29.24%,$0.60B,$0.03B,5.48%,$0.60B,$0.03B,5.48%,$0.60B,$0.06B,10.30%,$0.60B,$0.03B,4.82%,$0.60B,$0.02B,2.82%,$0.02B,$0.00B,10.43%,$0.02B,$0.00B,17.22%,$0.02B,$0.00B,6.75%,$0.03B,$0.00B,16.14%,$235,$160,$75,$0,$53,$213,$22,$-1,$22,$7,$14,$14,$14,$17,$22,$20,21,$0.69,$0.65,$0,$0,$0,$0,$0,$0,$0,$0,$0,$0,$0,$0,$0,$0,$0,$0,$0,$0,$0,$0,$17,$12,$5,$17,$-22,$-1,$0,$-4,$-12,$22,$-18,$0,$-11,$-1,$0,$-1,$0,$-29,$14,$0,$14,$-19,$-19,$0,$1,$-3,$-13,$2,$0
16,2015-05-31,39.8,$0.00,0.0,$27.96,1.42,$0.58,68.57,$0.01,3980.0,$0.29B,$0.09B,3.17,$0.08B,$0.34B,0.23,$0.61B,$0.18B,29.61%,$0.61B,$0.04B,6.58%,$0.61B,$0.04B,6.58%,$0.61B,$0.09B,14.80%,$0.61B,$0.03B,5.59%,$0.61B,$0.02B,3.29%,$0.02B,$0.34B,8.06%,$0.02B,$0.21B,13.29%,$0.02B,$0.52B,5.19%,$0.04B,$0.41B,12.86%,$0,$0,$0,$0,$0,$0,$0,$0,$0,$0,$0,$0,$0,$0,$0,$0,0,$0.00,$0.00,$33,$26,$0,$289,$98,$0,$128,$6,$235,$524,$91,$78,$3,$97,$188,$6,$242,$-14,$335,$524,$0,$0,$0,$0,$0,$0,$0,$0,$0,$0,$0,$0,$0,$0,$0,$0,$0,$0,$0,$0,$0,$0,$0,$0,$0,$0,$0,$0,$0
17,2015-03-31,38.98,$0.00,0.0,$36.80,1.06,$0.55,70.59,$0.01,3898.0,$0.00B,$0.00B,0.0,$0.00B,$0.00B,0.0,$0.80B,$0.24B,29.65%,$0.80B,$0.05B,6.53%,$0.80B,$0.05B,6.53%,$0.80B,$0.10B,12.81%,$0.80B,$0.05B,5.65%,$0.80B,$0.03B,3.39%,$0.03B,$0.00B,10.99%,$0.03B,$0.00B,18.49%,$0.03B,$0.00B,7.21%,$0.05B,$0.00B,16.95%,$192,$138,$54,$0,$46,$185,$8,$-2,$6,$2,$3,$3,$3,$25,$8,$20,22,$0.16,$0.15,$0,$0,$0,$0,$0,$0,$0,$0,$0,$0,$0,$0,$0,$0,$0,$0,$0,$0,$0,$0,$3,$6,$6,$11,$-4,$-2,$6,$-0,$-5,$10,$-8,$0,$0,$-1,$0,$-1,$0,$-8,$11,$0,$11,$-20,$-20,$0,$1,$-9,$-9,$1,$0
18,2015-02-28,38.4,$15.68,2.45,$27.89,1.38,$0.45,86.23,0,0.0,$0.25B,$0.06B,4.13,$0.09B,$0.32B,0.27,$0.60B,$0.18B,30.13%,$0.60B,$0.04B,7.28%,$0.60B,$0.04B,7.28%,$0.60B,$0.08B,12.75%,$0.60B,$0.04B,6.46%,$0.60B,$0.02B,3.97%,$0.02B,$0.32B,7.38%,$0.02B,$0.19B,12.57%,$0.02B,$0.48B,4.84%,$0.04B,$0.40B,10.88%,$175,$128,$47,$0,$44,$172,$3,$-2,$1,$0,$0,$0,$0,$20,$3,$21,22,$0.01,$0.01,$36,$28,$0,$252,$93,$0,$129,$6,$231,$484,$61,$86,$3,$105,$166,$6,$227,$-12,$317,$484,$25,$17,$8,$25,$-1,$-3,$-1,$1,$-19,$31,$-19,$0,$-3,$-1,$0,$-1,$0,$-22,$16,$0,$16,$-19,$-19,$0,$-2,$-5,$1,$4,$0
19,2014-11-30,40.61,$16.44,2.47,$27.56,1.47,$0.67,60.7,0,0.0,$0.30B,$0.09B,3.36,$0.09B,$0.34B,0.25,$0.59B,$0.18B,29.90%,$0.59B,$0.04B,7.09%,$0.59B,$0.04B,7.09%,$0.59B,$0.07B,12.50%,$0.59B,$0.04B,6.08%,$0.59B,$0.02B,3.89%,$0.02B,$0.34B,7.16%,$0.02B,$0.21B,12.43%,$0.02B,$0.53B,4.68%,$0.04B,$0.43B,10.50%,$241,$162,$79,$0,$50,$212,$29,$-1,$27,$10,$18,$18,$17,$45,$29,$21,22,$0.84,$0.80,$41,$27,$0,$300,$92,$0,$133,$6,$234,$534,$89,$85,$4,$104,$193,$6,$226,$-7,$340,$534,$25,$11,$2,$14,$-42,$-1,$6,$-1,$-29,$9,$-11,$0,$-3,$0,$0,$0,$0,$-14,$13,$0,$13,$1,$1,$0,$-1,$13,$6,$2,$0
20,2014-08-31,39.91,$15.84,2.52,$25.99,1.54,$1.14,35.02,0,0.0,$0.24B,$0.06B,3.82,$0.07B,$0.33B,0.22,$0.55B,$0.16B,29.58%,$0.55B,$0.04B,6.72%,$0.55B,$0.04B,6.72%,$0.55B,$0.06B,11.62%,$0.55B,$0.03B,5.81%,$0.55B,$0.02B,3.63%,$0.02B,$0.33B,6.42%,$0.02B,$0.19B,11.51%,$0.02B,$0.48B,4.17%,$0.04B,$0.40B,9.44%,$188,$132,$56,$0,$45,$176,$12,$-1,$11,$4,$7,$7,$7,$12,$12,$21,21,$0.34,$0.33,$31,$26,$0,$244,$91,$0,$136,$6,$237,$480,$64,$71,$4,$91,$155,$6,$209,$-4,$326,$480,$7,$6,$1,$7,$4,$-1,$-0,$-1,$-9,$5,$-5,$0,$-2,$0,$0,$0,$0,$-7,$-2,$0,$-2,$1,$1,$0,$1,$-0,$-3,$1,$0
21,2014-05-31,41.92,$0.00,0.0,$25.29,1.66,$0.89,47.31,0,0.0,$0.25B,$0.08B,3.31,$0.07B,$0.32B,0.23,$0.54B,$0.16B,29.05%,$0.54B,$0.03B,6.15%,$0.54B,$0.03B,6.15%,$0.54B,$0.06B,11.17%,$0.54B,$0.03B,5.21%,$0.54B,$0.02B,3.35%,$0.02B,$0.32B,5.92%,$0.02B,$0.18B,10.84%,$0.02B,$0.49B,3.78%,$0.03B,$0.39B,8.48%,$0,$0,$0,$0,$0,$0,$0,$0,$0,$0,$0,$0,$0,$0,$0,$0,0,$0.00,$0.00,$35,$26,$0,$249,$90,$0,$137,$6,$236,$485,$75,$74,$3,$93,$168,$6,$202,$-3,$317,$485,$0,$0,$0,$0,$0,$0,$0,$0,$0,$0,$0,$0,$0,$0,$0,$0,$0,$0,$0,$0,$0,$0,$0,$0,$0,$0,$0,$0,$0
22,2014-02-28,43.24,$14.80,2.92,$25.29,1.71,$0.89,48.8,0,0.0,$0.24B,$0.06B,3.88,$0.08B,$0.30B,0.28,$0.54B,$0.16B,29.05%,$0.54B,$0.03B,6.15%,$0.54B,$0.03B,6.15%,$0.54B,$0.06B,11.17%,$0.54B,$0.03B,5.21%,$0.54B,$0.02B,3.35%,$0.02B,$0.30B,6.04%,$0.02B,$0.16B,11.13%,$0.02B,$0.47B,3.83%,$0.03B,$0.39B,8.63%,$163,$122,$42,$0,$41,$162,$1,$-3,$-2,$-1,$-1,$-1,$-1,$17,$1,$20,21,$-0.05,$-0.05,$40,$26,$0,$235,$85,$0,$139,$6,$232,$467,$61,$84,$5,$104,$165,$6,$190,$-4,$302,$467,$18,$16,$3,$19,$13,$0,$-2,$2,$4,$41,$-24,$0,$-10,$0,$0,$0,$0,$-34,$10,$0,$10,$-9,$-9,$0,$-2,$-0,$5,$3,$0
23,2013-11-30,40.92,$14.81,2.76,$24.67,1.66,$1.00,41.03,0,0.0,$0.26B,$0.07B,3.62,$0.09B,$0.30B,0.31,$0.53B,$0.15B,29.14%,$0.53B,$0.03B,6.29%,$0.53B,$0.03B,6.29%,$0.53B,$0.05B,10.29%,$0.53B,$0.03B,5.52%,$0.53B,$0.02B,3.43%,$0.02B,$0.30B,6.15%,$0.02B,$0.16B,11.39%,$0.02B,$0.49B,3.87%,$0.03B,$0.39B,8.72%,$200,$136,$65,$0,$43,$177,$24,$-1,$23,$8,$15,$15,$14,$35,$24,$20,21,$0.71,$0.68,$37,$27,$0,$259,$80,$0,$139,$9,$229,$488,$72,$92,$5,$115,$187,$6,$191,$-2,$301,$488,$19,$11,$3,$14,$-12,$-0,$-1,$1,$-12,$21,$-13,$0,$-10,$0,$0,$0,$0,$-24,$18,$0,$18,$-11,$-11,$0,$-2,$5,$2,$2,$0
24,2013-08-31,39.0,$14.49,2.69,$24.79,1.57,$0.97,40.36,0,0.0,$0.24B,$0.06B,4.27,$0.09B,$0.30B,0.3,$0.53B,$0.15B,28.52%,$0.53B,$0.03B,6.08%,$0.53B,$0.03B,6.08%,$0.53B,$0.06B,10.46%,$0.53B,$0.03B,5.32%,$0.53B,$0.02B,3.42%,$0.02B,$0.30B,6.28%,$0.02B,$0.16B,11.73%,$0.02B,$0.47B,3.91%,$0.03B,$0.39B,8.52%,$174,$125,$49,$0,$41,$166,$8,$-1,$7,$3,$4,$4,$5,$8,$8,$21,21,$0.22,$0.21,$34,$27,$0,$239,$77,$0,$140,$8,$226,$465,$56,$88,$7,$112,$168,$6,$189,$-3,$297,$465,$4,$5,$3,$8,$5,$-0,$-6,$0,$-13,$0,$-6,$0,$-10,$0,$0,$0,$0,$-16,$15,$0,$15,$1,$1,$0,$-0,$16,$-1,$1,$0
25,2013-05-31,36.07,$0.00,0.0,$24.38,1.48,$1.29,27.94,0,0.0,$0.25B,$0.07B,3.39,$0.07B,$0.29B,0.25,$0.51B,$0.15B,29.43%,$0.51B,$0.04B,7.21%,$0.51B,$0.04B,7.21%,$0.51B,$0.06B,11.70%,$0.51B,$0.03B,6.43%,$0.51B,$0.02B,4.09%,$0.02B,$0.29B,7.60%,$0.02B,$0.16B,14.07%,$0.02B,$0.46B,4.71%,$0.04B,$0.37B,10.14%,$0,$0,$0,$0,$0,$0,$0,$0,$0,$0,$0,$0,$0,$0,$0,$0,0,$0.00,$0.00,$34,$27,$0,$247,$75,$0,$129,$8,$213,$460,$73,$73,$5,$95,$168,$6,$184,$-2,$292,$460,$0,$0,$0,$0,$0,$0,$0,$0,$0,$0,$0,$0,$0,$0,$0,$0,$0,$0,$0,$0,$0,$0,$0,$0,$0,$0,$0,$0,$0
26,2013-02-28,43.86,$13.69,3.2,$24.38,1.8,$1.29,33.97,0,0.0,$0.23B,$0.06B,4.24,$0.09B,$0.28B,0.32,$0.51B,$0.15B,29.43%,$0.51B,$0.04B,7.21%,$0.51B,$0.04B,7.21%,$0.51B,$0.06B,11.70%,$0.51B,$0.03B,6.43%,$0.51B,$0.02B,4.09%,$0.02B,$0.28B,7.94%,$0.02B,$0.15B,14.87%,$0.02B,$0.45B,4.86%,$0.04B,$0.37B,10.39%,$151,$112,$39,$0,$38,$150,$1,$-1,$-1,$-0,$-1,$-1,$-1,$11,$1,$20,21,$-0.03,$-0.03,$36,$27,$0,$234,$73,$0,$132,$9,$213,$447,$55,$89,$7,$111,$167,$6,$173,$-1,$281,$447,$21,$15,$9,$23,$7,$-2,$-4,$3,$-6,$38,$-19,$0,$-19,$0,$0,$0,$1,$-36,$2,$0,$2,$8,$8,$0,$1,$12,$14,$3,$0
27,2012-11-30,35.92,$13.63,2.64,$23.88,1.5,$1.20,29.92,0,0.0,$0.26B,$0.07B,3.78,$0.11B,$0.28B,0.38,$0.50B,$0.15B,29.86%,$0.50B,$0.04B,7.82%,$0.50B,$0.04B,7.82%,$0.50B,$0.07B,13.23%,$0.50B,$0.04B,7.41%,$0.50B,$0.02B,4.81%,$0.02B,$0.28B,9.50%,$0.02B,$0.14B,18.08%,$0.02B,$0.47B,5.78%,$0.04B,$0.38B,11.34%,$201,$138,$62,$0,$40,$178,$23,$-1,$22,$8,$14,$14,$14,$36,$23,$20,21,$0.69,$0.66,$34,$27,$0,$255,$71,$0,$132,$10,$213,$469,$68,$106,$7,$125,$193,$6,$174,$1,$276,$469,$22,$10,$3,$13,$-18,$-1,$0,$1,$-15,$20,$-13,$0,$-18,$0,$0,$0,$-0,$-31,$19,$0,$19,$3,$3,$0,$0,$23,$12,$2,$0
28,2012-08-31,31.27,$12.87,2.43,$22.03,1.42,$1.29,24.16,0,0.0,$0.22B,$0.05B,4.12,$0.09B,$0.26B,0.34,$0.46B,$0.14B,30.04%,$0.46B,$0.03B,7.24%,$0.46B,$0.03B,7.24%,$0.46B,$0.06B,12.72%,$0.46B,$0.03B,7.02%,$0.46B,$0.02B,4.39%,$0.02B,$0.26B,8.34%,$0.02B,$0.14B,15.69%,$0.02B,$0.41B,5.14%,$0.03B,$0.34B,10.20%,$161,$112,$50,$0,$37,$149,$13,$-1,$12,$4,$8,$8,$8,$13,$13,$20,21,$0.38,$0.36,$23,$26,$0,$217,$65,$0,$115,$9,$190,$407,$53,$87,$0,$98,$151,$6,$160,$-1,$256,$407,$8,$5,$2,$6,$2,$-1,$-4,$-0,$-7,$7,$-6,$0,$-3,$0,$0,$0,$-0,$-8,$1,$0,$1,$0,$0,$0,$0,$2,$0,$1,$0
29,2012-05-31,26.68,$0.00,0.0,$21.17,1.26,$1.77,15.06,0,0.0,$0.22B,$0.06B,3.55,$0.09B,$0.25B,0.35,$0.44B,$0.13B,30.05%,$0.44B,$0.03B,7.34%,$0.44B,$0.03B,7.34%,$0.44B,$0.06B,13.07%,$0.44B,$0.03B,7.11%,$0.44B,$0.02B,4.36%,$0.02B,$0.25B,8.25%,$0.02B,$0.13B,15.73%,$0.02B,$0.40B,5.07%,$0.03B,$0.33B,10.31%,$0,$0,$0,$0,$0,$0,$0,$0,$0,$0,$0,$0,$0,$0,$0,$0,0,$0.00,$0.00,$22,$25,$0,$219,$62,$0,$114,$9,$185,$404,$62,$86,$0,$97,$159,$6,$152,$-3,$245,$404,$0,$0,$0,$0,$0,$0,$0,$0,$0,$0,$0,$0,$0,$0,$0,$0,$0,$0,$0,$0,$0,$0,$0,$0,$0,$0,$0,$0,$0
30,2012-02-29,30.6,$11.76,2.6,$21.17,1.45,$1.77,17.27,0,0.0,$0.20B,$0.05B,4.0,$0.09B,$0.23B,0.38,$0.44B,$0.13B,30.05%,$0.44B,$0.03B,7.34%,$0.44B,$0.03B,7.34%,$0.44B,$0.06B,13.07%,$0.44B,$0.03B,7.11%,$0.44B,$0.02B,4.36%,$0.02B,$0.23B,8.59%,$0.02B,$0.12B,16.63%,$0.02B,$0.38B,5.24%,$0.03B,$0.32B,10.70%,$137,$100,$37,$0,$33,$133,$3,$-1,$3,$1,$2,$2,$2,$17,$3,$20,21,$0.10,$0.10,$27,$23,$0,$196,$66,$0,$117,$3,$186,$382,$49,$88,$0,$100,$149,$6,$138,$1,$233,$382,$19,$13,$5,$18,$8,$-2,$-7,$2,$-5,$33,$-16,$0,$-19,$0,$0,$0,$1,$-34,$13,$0,$13,$2,$2,$0,$-0,$15,$13,$4,$0
31,2011-11-30,27.36,$11.46,2.39,$19.92,1.37,$2.50,10.93,0,0.0,$0.20B,$0.05B,3.67,$0.07B,$0.23B,0.33,$0.41B,$0.13B,30.64%,$0.41B,$0.03B,7.84%,$0.41B,$0.03B,7.84%,$0.41B,$0.05B,13.24%,$0.41B,$0.03B,7.60%,$0.41B,$0.02B,5.15%,$0.02B,$0.23B,9.93%,$0.02B,$0.12B,19.49%,$0.02B,$0.36B,6.06%,$0.03B,$0.30B,11.26%,$158,$108,$50,$0,$34,$141,$17,$-0,$17,$6,$10,$10,$10,$28,$17,$20,21,$0.53,$0.50,$19,$22,$0,$196,$61,$0,$103,$4,$167,$364,$54,$74,$0,$85,$138,$6,$136,$-1,$225,$364,$17,$8,$4,$12,$-5,$-1,$-6,$2,$-10,$19,$-11,$0,$-2,$0,$0,$0,$0,$-13,$-1,$0,$-1,$1,$1,$0,$-1,$-1,$5,$3,$0
32,2011-08-31,24.94,$11.17,2.23,$18.94,1.32,$2.83,8.82,0,0.0,$0.18B,$0.05B,3.86,$0.07B,$0.22B,0.33,$0.38B,$0.12B,31.07%,$0.38B,$0.03B,7.57%,$0.38B,$0.03B,7.57%,$0.38B,$0.05B,12.79%,$0.38B,$0.03B,7.05%,$0.38B,$0.02B,4.96%,$0.02B,$0.22B,9.38%,$0.02B,$0.11B,19.29%,$0.02B,$0.35B,5.67%,$0.03B,$0.29B,10.51%,$141,$97,$44,$0,$33,$129,$12,$-1,$11,$4,$7,$7,$7,$12,$12,$20,20,$0.35,$0.33,$21,$22,$0,$181,$60,$0,$104,$3,$167,$349,$47,$73,$0,$84,$130,$6,$126,$3,$218,$349,$7,$4,$3,$8,$15,$-1,$-8,$0,$1,$16,$-5,$0,$0,$0,$0,$0,$-1,$-6,$-3,$0,$-3,$0,$0,$0,$0,$-3,$7,$1,$0
33,2011-05-31,23.0,$0.00,0.0,$17.44,1.32,$3.12,7.38,0,0.0,$0.19B,$0.06B,3.19,$0.08B,$0.21B,0.36,$0.35B,$0.11B,30.84%,$0.35B,$0.02B,6.92%,$0.35B,$0.02B,6.92%,$0.35B,$0.04B,12.68%,$0.35B,$0.02B,6.34%,$0.35B,$0.02B,4.61%,$0.02B,$0.21B,8.42%,$0.02B,$0.11B,16.37%,$0.02B,$0.36B,5.15%,$0.02B,$0.29B,9.42%,$0,$0,$0,$0,$0,$0,$0,$0,$0,$0,$0,$0,$0,$0,$0,$0,0,$0.00,$0.00,$14,$21,$0,$190,$59,$0,$104,$2,$165,$355,$60,$76,$0,$86,$146,$6,$119,$3,$209,$355,$0,$0,$0,$0,$0,$0,$0,$0,$0,$0,$0,$0,$0,$0,$0,$0,$0,$0,$0,$0,$0,$0,$0,$0,$0,$0,$0,$0,$0
34,2011-02-28,25.93,$9.94,2.61,$17.44,1.49,$3.12,8.32,0,0.0,$0.15B,$0.04B,3.64,$0.07B,$0.19B,0.36,$0.35B,$0.11B,30.84%,$0.35B,$0.02B,6.92%,$0.35B,$0.02B,6.92%,$0.35B,$0.04B,12.68%,$0.35B,$0.02B,6.34%,$0.35B,$0.02B,4.61%,$0.02B,$0.19B,8.94%,$0.02B,$0.09B,16.24%,$0.02B,$0.32B,5.55%,$0.02B,$0.26B,10.14%,$109,$78,$31,$0,$28,$106,$3,$-0,$3,$-1,$4,$4,$4,$14,$3,$19,20,$0.20,$0.19,$23,$21,$0,$154,$56,$0,$104,$2,$163,$317,$42,$69,$0,$81,$123,$6,$108,$-1,$194,$317,$16,$11,$4,$15,$18,$-1,$-6,$1,$9,$40,$-8,$0,$-41,$0,$0,$0,$1,$-49,$19,$0,$19,$1,$1,$0,$-1,$19,$10,$4,$0
35,2010-11-30,20.36,$9.82,2.07,$17.41,1.17,$3.02,6.74,0,0.0,$0.16B,$0.05B,3.45,$0.08B,$0.19B,0.41,$0.34B,$0.11B,30.70%,$0.34B,$0.02B,6.73%,$0.34B,$0.02B,6.73%,$0.34B,$0.04B,12.28%,$0.34B,$0.02B,5.26%,$0.34B,$0.01B,3.51%,$0.01B,$0.19B,7.05%,$0.01B,$0.09B,11.85%,$0.01B,$0.32B,4.38%,$0.02B,$0.27B,10.20%,$133,$89,$44,$0,$30,$119,$14,$-0,$13,$5,$8,$8,$8,$23,$14,$19,20,$0.42,$0.41,$14,$21,$0,$156,$56,$0,$103,$3,$163,$319,$45,$77,$0,$85,$130,$6,$104,$-0,$189,$319,$12,$7,$1,$7,$3,$-1,$-2,$1,$1,$20,$-5,$0,$-41,$0,$0,$0,$-0,$-47,$29,$0,$29,$-1,$-1,$0,$0,$28,$2,$3,$0
36,2010-08-31,14.63,$8.90,1.64,$17.01,0.86,$2.79,5.25,0,0.0,$0.14B,$0.04B,3.74,$0.04B,$0.17B,0.23,$0.33B,$0.10B,30.12%,$0.33B,$0.02B,5.72%,$0.33B,$0.02B,5.72%,$0.33B,$0.04B,10.54%,$0.33B,$0.02B,4.52%,$0.33B,$0.01B,3.01%,$0.01B,$0.17B,6.14%,$0.01B,$0.11B,9.57%,$0.01B,$0.25B,3.81%,$0.02B,$0.21B,8.82%,$105,$73,$32,$0,$25,$98,$7,$-0,$6,$3,$4,$4,$4,$7,$7,$19,19,$0.20,$0.20,$17,$20,$0,$138,$54,$0,$57,$2,$114,$252,$37,$38,$0,$47,$84,$6,$96,$-3,$168,$252,$4,$3,$1,$4,$16,$0,$-7,$-0,$10,$18,$-2,$0,$0,$0,$0,$0,$0,$-2,$-10,$0,$-10,$-1,$-1,$0,$0,$-11,$4,$1,$0
37,2010-05-31,15.04,$0.00,0.0,$16.83,0.89,$2.82,5.33,0,0.0,$0.15B,$0.04B,3.5,$0.05B,$0.17B,0.29,$0.33B,$0.10B,29.57%,$0.33B,$0.02B,4.57%,$0.33B,$0.02B,4.57%,$0.33B,$0.03B,9.45%,$0.33B,$0.01B,3.35%,$0.33B,$0.01B,2.13%,$0.01B,$0.17B,4.42%,$0.01B,$0.11B,7.02%,$0.01B,$0.27B,2.65%,$0.02B,$0.21B,6.90%,$0,$0,$0,$0,$0,$0,$0,$0,$0,$0,$0,$0,$0,$0,$0,$0,0,$0.00,$0.00,$13,$20,$0,$150,$55,$0,$57,$2,$115,$265,$43,$48,$0,$57,$100,$6,$93,$-2,$165,$265,$0,$0,$0,$0,$0,$0,$0,$0,$0,$0,$0,$0,$0,$0,$0,$0,$0,$0,$0,$0,$0,$0,$0,$0,$0,$0,$0,$0,$0
38,2010-02-28,18.13,$8.38,2.16,$16.83,1.08,$2.82,6.43,0,0.0,$0.14B,$0.04B,4.04,$0.06B,$0.16B,0.36,$0.33B,$0.10B,29.57%,$0.33B,$0.02B,4.57%,$0.33B,$0.02B,4.57%,$0.33B,$0.03B,9.45%,$0.33B,$0.01B,3.35%,$0.33B,$0.01B,2.13%,$0.01B,$0.16B,4.55%,$0.01B,$0.10B,7.37%,$0.01B,$0.26B,2.62%,$0.02B,$0.22B,6.83%,$104,$76,$29,$0,$26,$102,$2,$-3,$-1,$-0,$-0,$-0,$-0,$12,$2,$19,20,$-0.02,$-0.02,$14,$20,$0,$144,$56,$0,$58,$2,$117,$261,$36,$58,$0,$66,$102,$6,$87,$-1,$159,$261,$7,$9,$7,$16,$11,$-0,$-3,$3,$11,$34,$-6,$0,$0,$0,$0,$0,$-0,$-6,$-23,$-3,$-26,$0,$0,$0,$1,$-25,$2,$4,$0
39,2009-11-30,16.4,$8.39,1.95,$16.84,0.97,$2.56,6.4,0,0.0,$0.15B,$0.04B,3.95,$0.07B,$0.16B,0.42,$0.33B,$0.10B,29.88%,$0.33B,$0.02B,4.88%,$0.33B,$0.02B,4.88%,$0.33B,$0.03B,8.84%,$0.33B,$0.01B,4.27%,$0.33B,$0.01B,2.74%,$0.01B,$0.16B,6.11%,$0.01B,$0.10B,10.00%,$0.01B,$0.27B,3.36%,$0.02B,$0.23B,7.30%,$123,$84,$39,$0,$29,$113,$10,$-1,$10,$4,$6,$6,$6,$16,$10,$19,19,$0.31,$0.30,$7,$20,$0,$151,$58,$0,$60,$3,$120,$271,$38,$67,$0,$74,$112,$6,$87,$-0,$159,$271,$7,$6,$2,$9,$-2,$0,$-1,$2,$-2,$14,$-4,$0,$0,$0,$0,$0,$-1,$-5,$-14,$-2,$-16,$0,$0,$0,$1,$-15,$-6,$3,$0
40,2009-08-31,17.43,$7.92,2.2,$18.00,0.97,$2.12,8.21,0,0.0,$0.14B,$0.04B,3.53,$0.06B,$0.15B,0.42,$0.35B,$0.11B,30.79%,$0.35B,$0.02B,6.78%,$0.35B,$0.02B,6.78%,$0.35B,$0.04B,10.45%,$0.35B,$0.02B,5.93%,$0.35B,$0.01B,3.67%,$0.01B,$0.15B,9.27%,$0.01B,$0.09B,15.38%,$0.01B,$0.26B,4.80%,$0.02B,$0.21B,10.91%,$101,$72,$29,$0,$27,$98,$3,$-1,$2,$1,$1,$1,$1,$3,$3,$19,19,$0.06,$0.06,$14,$20,$0,$140,$59,$0,$57,$3,$119,$259,$40,$63,$0,$70,$110,$6,$81,$-2,$150,$259,$1,$3,$1,$4,$17,$-0,$-3,$1,$13,$18,$-2,$0,$0,$0,$0,$0,$-0,$-2,$-15,$-1,$-16,$0,$0,$0,$0,$-15,$1,$1,$0
41,2009-05-31,14.15,$0.00,0.0,$19.00,0.74,$1.22,11.59,0,0.0,$0.16B,$0.05B,3.35,$0.08B,$0.15B,0.52,$0.38B,$0.12B,31.65%,$0.38B,$0.03B,8.24%,$0.38B,$0.03B,8.24%,$0.38B,$0.04B,11.70%,$0.38B,$0.03B,7.18%,$0.38B,$0.02B,4.52%,$0.02B,$0.15B,12.64%,$0.02B,$0.09B,21.66%,$0.02B,$0.28B,6.17%,$0.03B,$0.22B,13.90%,$0,$0,$0,$0,$0,$0,$0,$0,$0,$0,$0,$0,$0,$0,$0,$0,0,$0.00,$0.00,$13,$20,$0,$157,$60,$0,$57,$2,$119,$276,$47,$77,$0,$83,$129,$6,$80,$-3,$147,$276,$0,$0,$0,$0,$0,$0,$0,$0,$0,$0,$0,$0,$0,$0,$0,$0,$0,$0,$0,$0,$0,$0,$0,$0,$0,$0,$0,$0,$0
42,2009-02-28,13.12,$7.08,1.85,$19.00,0.69,$1.22,10.75,0,0.0,$0.15B,$0.05B,3.16,$0.08B,$0.13B,0.61,$0.38B,$0.12B,31.65%,$0.38B,$0.03B,8.24%,$0.38B,$0.03B,8.24%,$0.38B,$0.04B,11.70%,$0.38B,$0.03B,7.18%,$0.38B,$0.02B,4.52%,$0.02B,$0.13B,13.28%,$0.02B,$0.08B,24.11%,$0.02B,$0.26B,6.14%,$0.03B,$0.22B,13.98%,$104,$74,$30,$0,$27,$101,$3,$-1,$2,$0,$2,$2,$2,$10,$3,$19,20,$0.12,$0.11,$17,$20,$0,$150,$58,$0,$53,$3,$114,$264,$48,$81,$0,$83,$131,$6,$75,$-9,$133,$264,$17,$9,$4,$13,$13,$-4,$-5,$3,$6,$37,$-13,$0,$0,$0,$0,$0,$-0,$-14,$-12,$-3,$-15,$2,$2,$0,$2,$-11,$11,$3,$0
43,2008-11-30,28.22,$6.96,4.06,$19.18,1.47,$0.78,36.28,0,0.0,$0.17B,$0.05B,3.25,$0.10B,$0.13B,0.75,$0.38B,$0.12B,32.28%,$0.38B,$0.04B,9.19%,$0.38B,$0.04B,9.19%,$0.38B,$0.05B,12.34%,$0.38B,$0.03B,7.87%,$0.38B,$0.02B,4.72%,$0.02B,$0.13B,14.88%,$0.02B,$0.08B,29.63%,$0.02B,$0.29B,6.56%,$0.04B,$0.23B,16.07%,$149,$99,$50,$0,$32,$130,$18,$-1,$17,$7,$10,$10,$10,$24,$18,$19,20,$0.54,$0.51,$9,$19,$0,$169,$57,$0,$54,$4,$115,$285,$52,$98,$0,$101,$153,$6,$73,$-8,$131,$285,$15,$6,$-2,$4,$-8,$-3,$-1,$2,$-9,$11,$-9,$0,$0,$0,$0,$0,$-1,$-10,$7,$-2,$5,$2,$2,$0,$2,$9,$3,$2,$0
44,2008-08-31,38.11,$6.76,5.63,$17.90,2.13,$0.43,89.48,0,0.0,$0.16B,$0.05B,3.36,$0.10B,$0.13B,0.77,$0.35B,$0.12B,32.49%,$0.35B,$0.03B,9.04%,$0.35B,$0.03B,9.04%,$0.35B,$0.04B,12.15%,$0.35B,$0.03B,7.34%,$0.35B,$0.02B,4.52%,$0.02B,$0.13B,14.10%,$0.02B,$0.07B,29.77%,$0.02B,$0.28B,6.11%,$0.03B,$0.23B,15.38%,$123,$84,$39,$0,$30,$114,$10,$-1,$8,$3,$5,$5,$5,$10,$10,$19,20,$0.27,$0.25,$8,$19,$0,$159,$56,$0,$59,$4,$119,$278,$47,$98,$0,$104,$151,$6,$62,$-0,$127,$278,$5,$3,$-0,$3,$5,$-2,$-5,$1,$-5,$3,$-4,$0,$0,$0,$0,$0,$-2,$-6,$3,$-1,$2,$1,$1,$0,$2,$6,$2,$1,$0
45,2008-05-31,32.04,$0.00,0.0,$16.99,1.89,$0.78,40.87,0,0.0,$0.16B,$0.06B,2.79,$0.10B,$0.12B,0.8,$0.33B,$0.11B,32.34%,$0.33B,$0.03B,8.98%,$0.33B,$0.03B,8.98%,$0.33B,$0.04B,12.28%,$0.33B,$0.02B,7.19%,$0.33B,$0.02B,4.49%,$0.02B,$0.12B,14.42%,$0.02B,$0.06B,32.43%,$0.02B,$0.28B,6.11%,$0.03B,$0.22B,15.42%,$0,$0,$0,$0,$0,$0,$0,$0,$0,$0,$0,$0,$0,$0,$0,$0,0,$0.00,$0.00,$7,$16,$0,$158,$56,$0,$64,$2,$122,$280,$57,$97,$0,$103,$160,$6,$57,$3,$121,$280,$0,$0,$0,$0,$0,$0,$0,$0,$0,$0,$0,$0,$0,$0,$0,$0,$0,$0,$0,$0,$0,$0,$0,$0,$0,$0,$0,$0,$0
46,2008-02-29,30.49,$5.72,5.33,$16.99,1.79,$0.78,38.9,0,0.0,$0.14B,$0.05B,2.66,$0.09B,$0.11B,0.89,$0.33B,$0.11B,32.34%,$0.33B,$0.03B,8.98%,$0.33B,$0.03B,8.98%,$0.33B,$0.04B,12.28%,$0.33B,$0.02B,7.19%,$0.33B,$0.02B,4.49%,$0.02B,$0.11B,15.83%,$0.02B,$0.04B,32.43%,$0.02B,$0.25B,6.87%,$0.03B,$0.20B,17.32%,$109,$75,$34,$0,$27,$102,$7,$-2,$5,$2,$3,$3,$3,$13,$7,$18,20,$0.16,$0.15,$12,$16,$0,$137,$51,$0,$64,$1,$117,$254,$51,$94,$0,$97,$148,$6,$48,$2,$105,$254,$14,$8,$5,$13,$-3,$-3,$0,$5,$6,$33,$-18,$0,$-52,$0,$0,$0,$-2,$-72,$45,$-4,$41,$3,$3,$0,$1,$45,$8,$2,$0
47,2007-11-30,29.88,$5.53,5.4,$15.33,1.95,$0.07,450.68,0,0.0,$0.14B,$0.05B,3.03,$0.09B,$0.10B,0.88,$0.30B,$0.10B,32.89%,$0.30B,$0.03B,9.40%,$0.30B,$0.03B,9.40%,$0.30B,$0.04B,12.75%,$0.30B,$0.02B,7.72%,$0.30B,$0.01B,4.70%,$0.01B,$0.10B,15.95%,$0.01B,$0.05B,28.87%,$0.01B,$0.24B,7.29%,$0.03B,$0.19B,18.30%,$122,$80,$42,$0,$27,$108,$15,$-2,$13,$5,$8,$8,$8,$20,$15,$18,20,$0.43,$0.40,$6,$13,$0,$136,$47,$0,$52,$1,$100,$236,$45,$89,$0,$90,$135,$5,$45,$2,$101,$236,$11,$5,$2,$8,$-16,$-2,$0,$3,$-10,$9,$-14,$0,$-35,$0,$0,$0,$-1,$-49,$41,$-3,$38,$2,$2,$0,$2,$41,$1,$1,$0
48,2007-08-31,23.46,$4.96,4.73,$13.53,1.73,$0.15,151.75,0,0.0,$0.12B,$0.04B,2.95,$0.08B,$0.09B,0.91,$0.26B,$0.09B,33.20%,$0.26B,$0.02B,8.88%,$0.26B,$0.02B,8.88%,$0.26B,$0.03B,12.36%,$0.26B,$0.02B,7.34%,$0.26B,$0.01B,4.25%,$0.01B,$0.09B,13.62%,$0.01B,$0.04B,23.04%,$0.01B,$0.21B,6.42%,$0.02B,$0.17B,17.04%,$103,$71,$32,$0,$25,$96,$8,$-2,$6,$3,$4,$4,$4,$8,$8,$18,20,$0.19,$0.18,$7,$13,$0,$120,$39,$0,$52,$1,$92,$212,$41,$81,$0,$82,$123,$5,$37,$1,$89,$212,$4,$2,$0,$3,$3,$-1,$-5,$2,$3,$9,$-4,$0,$-35,$0,$0,$0,$-0,$-39,$32,$-2,$31,$1,$1,$0,$0,$32,$3,$0,$0
49,2007-05-31,19.6,$0.00,0.0,$11.78,1.66,$-0.11,0.0,0,0.0,$0.11B,$0.04B,2.88,$0.05B,$0.08B,0.58,$0.22B,$0.08B,34.23%,$0.22B,$0.02B,8.56%,$0.22B,$0.02B,8.56%,$0.22B,$0.03B,12.61%,$0.22B,$0.02B,7.21%,$0.22B,$0.01B,4.05%,$0.01B,$0.08B,12.00%,$0.01B,$0.06B,18.75%,$0.01B,$0.17B,5.87%,$0.02B,$0.13B,15.97%,$0,$0,$0,$0,$0,$0,$0,$0,$0,$0,$0,$0,$0,$0,$0,$0,0,$0.00,$0.00,$4,$12,$0,$108,$35,$0,$27,$1,$64,$171,$37,$49,$0,$50,$87,$3,$36,$1,$84,$171,$0,$0,$0,$0,$0,$0,$0,$0,$0,$0,$0,$0,$0,$0,$0,$0,$0,$0,$0,$0,$0,$0,$0,$0,$0,$0,$0,$0,$0
50,2007-02-28,17.08,$4.30,3.97,$11.78,1.45,$-0.11,0.0,0,0.0,$0.09B,$0.03B,2.88,$0.04B,$0.08B,0.54,$0.22B,$0.08B,34.23%,$0.22B,$0.02B,8.56%,$0.22B,$0.02B,8.56%,$0.22B,$0.03B,12.61%,$0.22B,$0.02B,7.21%,$0.22B,$0.01B,4.05%,$0.01B,$0.08B,12.86%,$0.01B,$0.05B,20.93%,$0.01B,$0.15B,6.19%,$0.02B,$0.12B,17.00%,$73,$49,$24,$0,$19,$68,$5,$-1,$4,$2,$2,$2,$2,$10,$5,$18,19,$0.14,$0.13,$5,$11,$0,$89,$32,$0,$27,$1,$60,$149,$31,$41,$0,$42,$73,$3,$30,$0,$77,$149,$9,$6,$2,$8,$-3,$-1,$0,$1,$-6,$12,$-11,$0,$0,$0,$0,$0,$0,$-11,$2,$1,$3,$2,$2,$0,$-3,$1,$2,$1,$0
51,2006-11-30,15.43,$4.14,3.73,$11.32,1.36,$0.41,37.68,0,0.0,$0.09B,$0.04B,2.72,$0.05B,$0.07B,0.63,$0.21B,$0.07B,34.43%,$0.21B,$0.02B,8.96%,$0.21B,$0.02B,8.96%,$0.21B,$0.03B,12.26%,$0.21B,$0.02B,7.55%,$0.21B,$0.01B,4.25%,$0.01B,$0.07B,13.74%,$0.01B,$0.05B,23.38%,$0.01B,$0.15B,6.29%,$0.02B,$0.12B,17.35%,$83,$53,$30,$0,$19,$73,$10,$-1,$9,$4,$5,$5,$5,$14,$10,$17,19,$0.31,$0.29,$5,$10,$0,$94,$30,$0,$27,$1,$59,$153,$35,$46,$0,$46,$81,$3,$28,$0,$73,$153,$7,$4,$2,$6,$-8,$0,$2,$3,$-9,$4,$-7,$0,$0,$0,$0,$0,$0,$-7,$7,$-2,$5,$1,$1,$0,$0,$6,$2,$1,$0
