,Date,Stock Price,Book Value per Share,Price to Book Ratio,TTM Sales per Share,Price to Sales Ratio,TTM FCF per Share,Price to FCF Ratio,TTM Net EPS,PE Ratio,Current Assets,Current Liabilities,Current Ratio,Long Term Debt,Shareholder's Equity_x,Debt to Equity Ratio,TTM Revenue_x,TTM Gross Profit,Gross Margin,TTM Revenue_y,TTM Operating Income,Operating Margin,TTM Revenue_x,TTM EBIT,EBIT Margin,TTM Revenue_y,TTM EBITDA,EBITDA Margin,TTM Revenue_x,TTM Pre-Tax Income,Pre-Tax Margin,TTM Revenue_y,TTM Net Income_x,Net Margin,TTM Net Income_y,Shareholder's Equity_y,Return on Equity,TTM Net Income_x,Tangible Equity,Return on Tangible Equity,TTM Net Income_y,Total Assets,Return on Assets,TTM Net Income,LT Investments & Debt,Return on Investment,revenue,cost-goods-sold,gross-profit,research-development-expenses,selling-general-administrative-expenses,operating-expenses,operating-income,total-non-operating-income-expense,pre-tax-income,total-provision-income-taxes,income-after-taxes,income-from-continuous-operations,net-income,ebitda,ebit,basic-shares-outstanding,shares-outstanding,eps-basic-net-earnings-per-share,eps-earnings-per-share-diluted,cash-on-hand,inventory,other-current-assets,total-current-assets,net-property-plant-equipment,long-term-investments,goodwill-intangible-assets-total,other-long-term-assets,total-long-term-assets,total-assets,total-current-liabilities,long-term-debt,other-non-current-liabilities,total-long-term-liabilities,total-liabilities,common-stock-net,retained-earnings-accumulated-deficit,comprehensive-income,total-share-holder-equity,total-liabilities-share-holders-equity,net-income-loss,total-depreciation-amortization-cash-flow,other-non-cash-items,total-non-cash-items,change-in-accounts-receivable,change-in-inventories,change-in-accounts-payable,change-in-assets-liabilities,total-change-in-assets-liabilities,cash-flow-from-operating-activities,net-change-in-property-plant-equipment,net-change-in-intangible-assets,net-acquisitions-divestitures,net-change-in-short-term-investments,net-change-in-long-term-investments,net-change-in-investments-total,investing-activities-other,cash-flow-from-investing-activities,net-long-term-debt,net-current-debt,debt-issuance-retirement-net-total,net-common-equity-issued-repurchased,net-total-equity-issued-repurchased,total-common-preferred-stock-dividends-paid,financial-activities-other,cash-flow-from-financial-activities,net-cash-flow,stock-based-compensation,common-stock-dividends-paid
0,2018-07-31,96.88,$8.42,11.51,$59.03,1.64,$7.04,13.75,$2.34,41.49,$8.44B,$5.14B,1.64,$2.23B,$5.23B,0.43,$37.74B,$10.93B,28.95%,$37.74B,$4.10B,10.86%,$37.74B,$4.10B,10.86%,$37.74B,$4.97B,13.18%,$37.74B,$4.08B,10.81%,$37.74B,$2.97B,7.88%,$2.97B,$5.23B,58.65%,$2.97B,$5.13B,60.11%,$2.97B,$14.11B,21.22%,$4.10B,$7.46B,56.15%,$9826,$6983,$2842,$0,$1756,$8776,$1050,$-3,$1047,$284,$762,$762,$762,$1200,$1050,$0,1258,$0.00,$0.61,$2873,$4499,$0,$8440,$5100,$0,$98,$473,$5671,$14111,$5138,$2232,$1289,$3747,$8884,$621,$5205,$-598,$5227,$14111,$1456,$396,$40,$437,$-33,$-386,$238,$175,$-288,$1561,$-574,$0,$0,$476,$0,$476,$27,$-71,$0,$0,$0,$-827,$-827,$-441,$-18,$-1286,$114,$50,$-441
1,2018-04-30,84.13,$8.42,10.0,$57.18,1.47,$6.40,13.14,$2.18,38.68,$8.42B,$4.98B,1.69,$2.23B,$5.26B,0.42,$36.77B,$10.62B,28.88%,$36.77B,$4.01B,10.89%,$36.77B,$4.01B,10.89%,$36.77B,$4.85B,13.19%,$36.77B,$3.98B,10.82%,$36.77B,$2.79B,7.58%,$2.79B,$5.26B,56.89%,$2.79B,$5.16B,58.66%,$2.79B,$14.01B,20.31%,$4.01B,$7.49B,56.18%,$9331,$6636,$2695,$0,$1700,$8336,$996,$-3,$993,$253,$740,$740,$740,$1152,$996,$623,633,$1.19,$1.17,$3117,$4370,$0,$8422,$5026,$0,$99,$457,$5585,$14007,$4977,$2231,$1276,$3768,$8745,$625,$5193,$-556,$5262,$14007,$716,$192,$33,$225,$-44,$-225,$44,$222,$-190,$725,$-265,$0,$0,$44,$0,$44,$0,$-220,$0,$0,$0,$-311,$-311,$-197,$-18,$-526,$-77,$24,$-197
2,2018-01-31,79.32,$8.20,9.68,$55.37,1.43,$5.97,13.29,$2.02,39.27,$8.49B,$5.13B,1.66,$2.23B,$5.15B,0.43,$35.87B,$10.36B,28.89%,$35.87B,$3.89B,10.84%,$35.87B,$3.89B,10.84%,$35.87B,$4.71B,13.14%,$35.87B,$3.86B,10.75%,$35.87B,$2.61B,7.27%,$2.61B,$5.15B,55.21%,$2.61B,$5.05B,57.30%,$2.61B,$14.06B,19.44%,$3.89B,$7.38B,55.92%,$8689,$6178,$2510,$0,$1551,$7729,$960,$-4,$956,$239,$716,$716,$716,$1332,$960,$627,634,$1.14,$1.13,$3265,$4187,$0,$8486,$5006,$0,$100,$466,$5572,$14058,$5126,$2231,$1321,$3784,$8910,$628,$4962,$-442,$5148,$14058,$2608,$825,$-27,$798,$-62,$-450,$205,$-318,$-385,$3026,$-1058,$0,$0,$45,$0,$45,$0,$-1013,$0,$0,$0,$-1511,$-1511,$-764,$-22,$-2297,$-171,$101,$-764
3,2017-10-31,68.61,$7.35,9.34,$52.66,1.3,$6.84,10.03,$1.85,37.09,$8.39B,$5.47B,1.53,$2.23B,$4.65B,0.48,$34.37B,$9.93B,28.90%,$34.37B,$3.87B,11.27%,$34.37B,$3.87B,11.27%,$34.37B,$4.57B,13.30%,$34.37B,$3.84B,11.17%,$34.37B,$2.41B,7.01%,$2.41B,$4.65B,52.77%,$2.41B,$4.45B,55.15%,$2.41B,$13.88B,18.36%,$3.87B,$6.88B,57.04%,$10961,$7849,$3111,$0,$1896,$9844,$1116,$-4,$1112,$235,$877,$877,$877,$1289,$1116,$637,646,$1.39,$1.37,$2876,$4726,$0,$8390,$4858,$0,$196,$426,$5488,$13878,$5468,$2230,$1160,$3764,$9232,$632,$4616,$-603,$4646,$13878,$1731,$610,$38,$648,$-84,$-1043,$733,$-50,$-452,$1929,$-828,$0,$0,$28,$0,$28,$0,$-799,$0,$0,$0,$-1150,$-1150,$-567,$-19,$-1736,$-566,$0,$-567
4,2017-07-31,68.81,$7.14,9.64,$51.56,1.33,$7.16,9.61,$1.77,38.99,$7.57B,$4.66B,1.63,$2.23B,$4.54B,0.49,$33.90B,$9.77B,28.81%,$33.90B,$3.80B,11.21%,$33.90B,$3.80B,11.21%,$33.90B,$4.43B,13.08%,$33.90B,$3.71B,10.94%,$33.90B,$2.32B,6.83%,$2.32B,$4.54B,51.67%,$2.32B,$4.34B,54.04%,$2.32B,$12.94B,18.01%,$3.80B,$6.77B,56.62%,$8762,$6150,$2612,$0,$1584,$7734,$1028,$-8,$1020,$379,$641,$641,$641,$1077,$1028,$634,643,$1.01,$1.00,$2952,$3864,$0,$7568,$4745,$0,$198,$426,$5368,$12936,$4657,$2229,$1117,$3738,$8395,$636,$4465,$-561,$4541,$12936,$1089,$348,$92,$440,$-43,$-169,$85,$-64,$-464,$1103,$-507,$0,$0,$54,$0,$54,$0,$-453,$0,$0,$0,$-824,$-824,$-369,$-18,$-1212,$-481,$50,$-369
5,2017-04-30,76.66,$7.08,10.83,$50.49,1.52,$7.25,10.57,$1.76,43.56,$7.55B,$4.61B,1.64,$2.23B,$4.55B,0.49,$33.43B,$9.70B,29.03%,$33.43B,$3.83B,11.44%,$33.43B,$3.83B,11.44%,$33.43B,$4.48B,13.39%,$33.43B,$3.73B,11.16%,$33.43B,$2.33B,6.96%,$2.33B,$4.55B,52.13%,$2.33B,$4.36B,54.53%,$2.33B,$12.76B,18.54%,$3.83B,$6.78B,58.52%,$8358,$5973,$2385,$0,$1484,$7456,$901,$-10,$892,$339,$553,$553,$553,$1015,$901,$639,648,$0.87,$0.85,$3127,$3736,$0,$7549,$4601,$0,$196,$412,$5215,$12763,$4605,$2228,$1072,$3605,$8210,$643,$4606,$-695,$4554,$12763,$536,$172,$33,$206,$-58,$-89,$-57,$21,$-289,$448,$-259,$0,$0,$57,$0,$57,$0,$-202,$0,$0,$0,$-298,$-298,$-169,$-18,$-484,$-260,$24,$-169
6,2017-01-31,72.78,$6.98,10.43,$49.85,1.46,$7.23,10.07,$1.73,42.07,$7.75B,$4.76B,1.63,$2.23B,$4.51B,0.49,$33.18B,$9.62B,28.98%,$33.18B,$3.82B,11.51%,$33.18B,$3.82B,11.51%,$33.18B,$4.48B,13.49%,$33.18B,$3.72B,11.22%,$33.18B,$2.30B,6.93%,$2.30B,$4.51B,51.56%,$2.30B,$4.32B,53.94%,$2.30B,$12.88B,18.71%,$3.82B,$6.74B,59.86%,$7784,$5530,$2254,$0,$1412,$6942,$842,$-10,$833,$296,$536,$536,$536,$1192,$842,$644,655,$0.83,$0.82,$3473,$3645,$0,$7751,$4533,$0,$196,$398,$5133,$12884,$4758,$2228,$1074,$3616,$8373,$646,$4559,$-694,$4511,$12884,$2298,$659,$114,$773,$-23,$12,$48,$-10,$563,$3627,$-1025,$0,$-2,$-188,$0,$-188,$0,$-1215,$567,$0,$567,$-1536,$-1536,$-651,$33,$-1587,$834,$102,$-651
7,2016-10-31,71.39,$6.64,10.75,$48.72,1.47,$6.34,11.26,$1.71,41.75,$7.94B,$4.90B,1.62,$2.23B,$4.33B,0.51,$32.68B,$9.51B,29.11%,$32.68B,$3.79B,11.60%,$32.68B,$3.79B,11.60%,$32.68B,$4.53B,13.85%,$32.68B,$3.70B,11.31%,$32.68B,$2.29B,7.00%,$2.29B,$4.33B,51.89%,$2.29B,$4.13B,54.30%,$2.29B,$12.87B,19.16%,$3.79B,$6.56B,61.42%,$9468,$6787,$2681,$0,$1578,$8364,$1103,$-10,$1094,$416,$678,$678,$678,$1149,$1103,$656,664,$1.05,$1.03,$2826,$4384,$0,$7942,$4319,$0,$196,$406,$4925,$12867,$4895,$2227,$1098,$3643,$8537,$652,$4479,$-802,$4330,$12867,$1620,$570,$77,$647,$-72,$-759,$525,$-38,$-135,$2112,$-767,$0,$0,$-102,$0,$-102,$-2,$-871,$567,$0,$567,$-1064,$-1064,$-482,$22,$-957,$280,$0,$-482
8,2016-07-31,78.86,$6.78,11.63,$47.58,1.66,$5.78,13.64,$1.73,45.71,$6.81B,$4.31B,1.58,$1.62B,$4.45B,0.36,$32.14B,$9.31B,28.97%,$32.14B,$3.79B,11.80%,$32.14B,$3.79B,11.80%,$32.14B,$4.49B,13.96%,$32.14B,$3.75B,11.66%,$32.14B,$2.32B,7.23%,$2.32B,$4.45B,52.67%,$2.32B,$4.26B,55.59%,$2.32B,$11.67B,19.89%,$3.79B,$6.07B,62.93%,$8292,$5844,$2448,$0,$1463,$7338,$954,$-64,$890,$340,$550,$550,$550,$1119,$954,$654,662,$0.84,$0.83,$2225,$3871,$0,$6811,$4263,$0,$196,$394,$4860,$11671,$4314,$1616,$929,$2905,$7219,$657,$4454,$-660,$4451,$11671,$1071,$375,$-2,$373,$-51,$-191,$62,$-38,$-259,$1184,$-508,$0,$0,$-57,$0,$-57,$-2,$-568,$0,$0,$0,$-666,$-666,$-312,$25,$-953,$-292,$0,$-312
9,2016-04-30,72.92,$6.86,10.63,$46.50,1.57,$5.53,13.17,$1.71,42.77,$6.88B,$4.30B,1.6,$1.62B,$4.54B,0.36,$31.62B,$9.14B,28.89%,$31.62B,$3.76B,11.90%,$31.62B,$3.76B,11.90%,$31.62B,$4.41B,13.96%,$31.62B,$3.72B,11.76%,$31.62B,$2.31B,7.31%,$2.31B,$4.54B,52.90%,$2.31B,$4.34B,56.25%,$2.31B,$11.71B,19.98%,$3.76B,$6.15B,62.91%,$7882,$5563,$2319,$0,$1393,$6956,$926,$-11,$915,$352,$562,$562,$562,$1017,$926,$658,667,$0.85,$0.84,$2348,$3905,$0,$6878,$4230,$0,$197,$391,$4827,$11705,$4297,$1615,$909,$2873,$7170,$661,$4410,$-536,$4535,$11705,$508,$182,$-17,$165,$-41,$-162,$-96,$33,$-275,$445,$-266,$0,$0,$-21,$0,$-21,$-2,$-289,$0,$0,$0,$-277,$-277,$-140,$13,$-404,$-151,$0,$-140
10,2016-01-31,68.31,$6.49,10.52,$45.18,1.51,$5.62,12.15,$1.67,40.9,$6.77B,$4.40B,1.54,$1.62B,$4.31B,0.38,$30.95B,$8.91B,28.80%,$30.95B,$3.71B,11.97%,$30.95B,$3.71B,11.97%,$30.95B,$4.32B,13.96%,$30.95B,$3.66B,11.82%,$30.95B,$2.28B,7.36%,$2.28B,$4.31B,52.88%,$2.28B,$4.11B,56.68%,$2.28B,$11.49B,19.91%,$3.71B,$5.92B,62.58%,$7542,$5372,$2170,$0,$1335,$6707,$835,$-10,$825,$317,$508,$508,$508,$1240,$835,$662,670,$0.77,$0.76,$2448,$3695,$0,$6773,$4138,$0,$194,$373,$4718,$11490,$4402,$1615,$881,$2781,$7183,$663,$4311,$-667,$4307,$11490,$2278,$617,$64,$681,$-27,$-507,$216,$-40,$-5,$2957,$-889,$0,$-57,$-117,$0,$-117,$0,$-1063,$0,$0,$0,$-1696,$-1696,$-544,$45,$-2195,$-398,$94,$-544
11,2015-10-31,69.97,$6.50,10.77,$43.87,1.59,$5.58,12.54,$1.64,42.66,$7.23B,$4.73B,1.53,$1.62B,$4.35B,0.37,$30.29B,$8.68B,28.67%,$30.29B,$3.67B,12.11%,$30.29B,$3.67B,12.11%,$30.29B,$4.36B,14.39%,$30.29B,$3.62B,11.96%,$30.29B,$2.26B,7.46%,$2.26B,$4.35B,52.60%,$2.26B,$4.01B,56.79%,$2.26B,$11.86B,19.97%,$3.67B,$5.97B,62.03%,$8962,$6388,$2574,$0,$1497,$7885,$1077,$-11,$1066,$399,$666,$666,$666,$1109,$1077,$673,683,$0.99,$0.98,$2123,$4442,$0,$7227,$4067,$0,$342,$206,$4632,$11860,$4730,$1615,$907,$2779,$7509,$670,$4226,$-545,$4350,$11860,$1611,$454,$-21,$433,$-60,$-1198,$677,$-41,$-419,$1657,$-651,$0,$-57,$-141,$0,$-141,$0,$-849,$0,$0,$0,$-1215,$-1215,$-404,$54,$-1565,$-770,$71,$-404
12,2015-07-31,66.55,$6.34,10.5,$42.99,1.55,$5.70,11.68,$1.64,40.7,$6.67B,$4.16B,1.6,$1.61B,$4.28B,0.38,$29.90B,$8.60B,28.75%,$29.90B,$3.68B,12.31%,$29.90B,$3.68B,12.31%,$29.90B,$4.37B,14.60%,$29.90B,$3.64B,12.17%,$29.90B,$2.27B,7.58%,$2.27B,$4.28B,52.71%,$2.27B,$3.97B,56.80%,$2.27B,$11.20B,20.16%,$3.68B,$5.89B,62.20%,$7753,$5507,$2247,$0,$1292,$6799,$954,$-13,$941,$354,$587,$587,$587,$1047,$954,$671,681,$0.88,$0.86,$2238,$3750,$0,$6669,$3996,$0,$309,$208,$4532,$11201,$4161,$1614,$888,$2764,$6924,$674,$4139,$-537,$4276,$11201,$1024,$298,$-4,$295,$-47,$-525,$250,$-60,$-400,$929,$-405,$0,$0,$-66,$0,$-66,$0,$-471,$0,$0,$0,$-803,$-803,$-263,$34,$-1032,$-583,$44,$-263
13,2015-04-30,61.32,$6.31,9.72,$42.05,1.46,$5.87,10.44,$1.60,38.33,$6.73B,$4.14B,1.63,$1.61B,$4.29B,0.38,$29.45B,$8.43B,28.63%,$29.45B,$3.64B,12.37%,$29.45B,$3.64B,12.37%,$29.45B,$4.32B,14.68%,$29.45B,$3.59B,12.17%,$29.45B,$2.24B,7.59%,$2.24B,$4.29B,51.99%,$2.24B,$3.98B,56.04%,$2.24B,$11.21B,20.00%,$3.64B,$5.90B,61.53%,$7364,$5219,$2145,$0,$1248,$6467,$897,$-11,$886,$337,$549,$549,$549,$925,$897,$676,685,$0.81,$0.80,$2589,$3532,$0,$6725,$3937,$0,$309,$214,$4481,$11206,$4137,$1614,$878,$2779,$6916,$680,$4117,$-507,$4290,$11206,$475,$149,$-24,$125,$-49,$-299,$136,$4,$-159,$448,$-201,$0,$0,$-41,$0,$-41,$0,$-242,$0,$0,$0,$-383,$-383,$-120,$28,$-475,$-234,$21,$-120
14,2015-01-31,62.49,$6.23,10.03,$41.23,1.52,$5.92,10.55,$1.58,39.68,$6.58B,$3.93B,1.67,$1.62B,$4.26B,0.38,$29.08B,$8.30B,28.55%,$29.08B,$3.61B,12.40%,$29.08B,$3.61B,12.40%,$29.08B,$4.28B,14.73%,$29.08B,$3.55B,12.21%,$29.08B,$2.22B,7.62%,$2.22B,$4.26B,51.52%,$2.22B,$3.95B,55.55%,$2.22B,$10.99B,20.17%,$3.61B,$5.89B,61.81%,$6866,$4920,$1945,$0,$1169,$6089,$777,$-12,$765,$291,$475,$475,$475,$1277,$777,$681,691,$0.70,$0.69,$2776,$3218,$0,$6577,$3868,$0,$310,$211,$4411,$10989,$3930,$1624,$888,$2795,$6725,$685,$4134,$-554,$4264,$10989,$2215,$677,$28,$705,$-9,$-332,$285,$-9,$101,$3008,$-912,$0,$0,$-43,$0,$-43,$0,$-955,$333,$0,$333,$-1508,$-1508,$-466,$81,$-1560,$344,$0,$-466
15,2014-10-31,59.84,$6.35,9.43,$40.17,1.49,$5.22,11.46,$1.52,39.5,$7.16B,$4.39B,1.63,$1.62B,$4.37B,0.37,$28.58B,$8.11B,28.39%,$28.58B,$3.51B,12.28%,$28.58B,$3.51B,12.28%,$28.58B,$4.09B,14.31%,$28.58B,$3.46B,12.09%,$28.58B,$2.15B,7.52%,$2.15B,$4.37B,50.09%,$2.15B,$4.06B,54.02%,$2.15B,$11.59B,19.92%,$3.51B,$6.00B,61.17%,$8304,$5959,$2345,$0,$1306,$7265,$1039,$-9,$1030,$381,$648,$648,$648,$1116,$1039,$693,704,$0.94,$0.93,$2431,$3959,$0,$7155,$3850,$0,$311,$251,$4437,$11592,$4390,$1624,$741,$2829,$7218,$689,$3929,$-244,$4374,$11592,$1567,$438,$35,$473,$-53,$-1019,$800,$-35,$-211,$1826,$-706,$0,$0,$-1,$0,$-1,$0,$-707,$333,$0,$333,$-1124,$-1124,$-346,$46,$-1091,$4,$68,$-346
16,2014-07-31,50.2,$6.17,8.14,$39.31,1.28,$4.83,10.39,$1.52,33.03,$6.59B,$3.83B,1.72,$1.62B,$4.28B,0.38,$28.20B,$8.00B,28.37%,$28.20B,$3.43B,12.17%,$28.20B,$3.43B,12.17%,$28.20B,$4.01B,14.20%,$28.20B,$3.38B,11.98%,$28.20B,$2.18B,7.72%,$2.18B,$4.28B,51.49%,$2.18B,$3.96B,55.60%,$2.18B,$10.92B,20.62%,$3.43B,$5.90B,61.38%,$7366,$5204,$2162,$0,$1193,$6397,$969,$-10,$959,$364,$595,$595,$595,$1006,$969,$690,701,$0.86,$0.85,$2468,$3388,$0,$6594,$3776,$0,$311,$213,$4328,$10922,$3825,$1624,$728,$2822,$6647,$693,$3749,$-167,$4275,$10922,$972,$292,$49,$341,$-32,$-407,$367,$-43,$-237,$1088,$-425,$0,$0,$2,$0,$2,$0,$-423,$333,$0,$333,$-769,$-769,$-224,$7,$-654,$34,$42,$-224
17,2014-04-30,54.65,$6.12,8.93,$38.34,1.43,$4.32,12.65,$1.49,36.8,$6.24B,$3.71B,1.68,$1.27B,$4.28B,0.3,$27.72B,$7.87B,28.40%,$27.72B,$3.35B,12.09%,$27.72B,$3.35B,12.09%,$27.72B,$3.92B,14.12%,$27.72B,$3.32B,11.97%,$27.72B,$2.14B,7.72%,$2.14B,$4.28B,51.90%,$2.14B,$3.97B,56.16%,$2.14B,$10.43B,20.75%,$3.35B,$5.56B,62.14%,$6917,$4936,$1981,$0,$1123,$6059,$859,$-28,$831,$313,$518,$518,$518,$884,$859,$694,705,$0.75,$0.73,$2319,$3208,$0,$6236,$3646,$0,$312,$207,$4194,$10430,$3705,$1274,$692,$2441,$6146,$700,$3745,$-162,$4283,$10430,$454,$144,$1,$145,$-45,$-226,$175,$19,$-123,$483,$-193,$0,$0,$29,$0,$29,$0,$-164,$0,$0,$0,$-339,$-339,$-102,$13,$-429,$-90,$20,$-102
18,2014-01-31,53.75,$6.00,8.96,$37.68,1.43,$3.97,13.53,$1.48,36.44,$6.07B,$3.52B,1.73,$1.27B,$4.23B,0.3,$27.42B,$7.82B,28.51%,$27.42B,$3.35B,12.22%,$27.42B,$3.35B,12.22%,$27.42B,$3.90B,14.22%,$27.42B,$3.32B,12.10%,$27.42B,$2.14B,7.80%,$2.14B,$4.23B,53.56%,$2.14B,$3.92B,58.13%,$2.14B,$10.20B,21.05%,$3.35B,$5.50B,63.62%,$6491,$4678,$1813,$0,$1073,$5751,$740,$-10,$731,$276,$454,$454,$454,$1085,$740,$701,713,$0.65,$0.64,$2444,$2966,$0,$6068,$3595,$0,$313,$194,$4133,$10201,$3518,$1274,$733,$2453,$5971,$705,$3724,$-200,$4230,$10201,$2137,$549,$54,$603,$12,$35,$-152,$-3,$-127,$2600,$-947,$0,$3,$-102,$0,$-102,$0,$-1046,$500,$0,$500,$-1325,$-1325,$-394,$75,$-1144,$338,$76,$-394
19,2013-10-31,56.83,$5.80,9.8,$37.27,1.52,$4.48,12.7,$1.48,38.4,$6.62B,$4.04B,1.64,$1.27B,$4.12B,0.31,$27.34B,$7.87B,28.78%,$27.34B,$3.38B,12.35%,$27.34B,$3.38B,12.35%,$27.34B,$3.92B,14.34%,$27.34B,$3.35B,12.25%,$27.34B,$2.16B,7.90%,$2.16B,$4.12B,56.12%,$2.16B,$3.81B,61.11%,$2.16B,$10.67B,21.64%,$3.38B,$5.40B,67.54%,$7809,$5650,$2158,$0,$1215,$6865,$943,$-8,$936,$353,$582,$582,$582,$1030,$943,$713,726,$0.82,$0.80,$2262,$3663,$0,$6624,$3541,$0,$313,$192,$4046,$10669,$4044,$1274,$831,$2502,$6545,$711,$3641,$-229,$4124,$10669,$1555,$407,$49,$457,$-28,$-655,$418,$-18,$-370,$1633,$-759,$0,$0,$-28,$0,$-28,$3,$-785,$500,$0,$500,$-880,$-880,$-291,$54,$-618,$199,$57,$-291
20,2013-07-31,48.51,$5.38,9.01,$36.22,1.34,$5.02,9.67,$1.36,35.67,$5.95B,$3.44B,1.73,$1.27B,$3.85B,0.33,$26.77B,$7.67B,28.64%,$26.77B,$3.24B,12.12%,$26.77B,$3.24B,12.12%,$26.77B,$3.77B,14.09%,$26.77B,$3.22B,12.02%,$26.77B,$2.00B,7.47%,$2.00B,$3.85B,54.26%,$2.00B,$3.54B,58.73%,$2.00B,$9.93B,20.81%,$3.24B,$5.12B,68.85%,$6982,$4934,$2047,$0,$1159,$6093,$889,$-9,$879,$257,$623,$623,$623,$917,$889,$712,724,$0.88,$0.86,$2090,$3188,$0,$5950,$3378,$0,$314,$284,$3976,$9926,$3443,$1274,$984,$2633,$6076,$715,$3395,$-260,$3850,$9926,$932,$266,$48,$314,$0,$-198,$24,$-34,$-435,$811,$-497,$0,$0,$-7,$0,$-7,$3,$-501,$500,$0,$500,$-563,$-563,$-187,$29,$-222,$47,$36,$-187
21,2013-04-30,45.34,$5.23,8.67,$35.29,1.28,$5.74,7.9,$1.31,34.61,$5.98B,$3.50B,1.71,$1.27B,$3.76B,0.34,$26.27B,$7.48B,28.47%,$26.27B,$3.15B,12.01%,$26.27B,$3.15B,12.01%,$26.27B,$3.67B,13.98%,$26.27B,$3.13B,11.91%,$26.27B,$1.94B,7.39%,$1.94B,$3.76B,54.35%,$1.94B,$3.45B,58.39%,$1.94B,$9.84B,20.89%,$3.15B,$5.04B,70.55%,$6442,$4587,$1856,$0,$1074,$5661,$781,$-9,$772,$293,$480,$480,$480,$868,$781,$716,729,$0.67,$0.66,$2228,$3091,$0,$5976,$3273,$0,$313,$278,$3864,$9840,$3499,$1274,$937,$2579,$6078,$720,$3272,$-229,$3763,$9840,$453,$131,$8,$139,$-36,$-85,$-79,$30,$-318,$281,$-239,$0,$0,$-6,$0,$-6,$3,$-242,$500,$0,$500,$-268,$-268,$-83,$11,$159,$178,$17,$-83
22,2013-01-31,41.89,$5.06,8.27,$34.51,1.21,$6.28,6.67,$1.28,32.86,$5.71B,$3.76B,1.52,$0.78B,$3.67B,0.21,$25.88B,$7.36B,28.42%,$25.88B,$3.11B,12.01%,$25.88B,$3.11B,12.01%,$25.88B,$3.62B,13.97%,$25.88B,$3.08B,11.89%,$25.88B,$1.91B,7.37%,$1.91B,$3.67B,55.06%,$1.91B,$3.35B,58.69%,$1.91B,$9.51B,21.29%,$3.11B,$4.44B,73.27%,$6190,$4434,$1756,$0,$1019,$5452,$737,$-5,$732,$279,$453,$453,$453,$1106,$737,$720,733,$0.63,$0.62,$2048,$3014,$0,$5712,$3223,$0,$316,$261,$3800,$9512,$3761,$775,$961,$2085,$5846,$724,$3155,$-213,$3666,$9512,$1907,$509,$27,$536,$-18,$27,$212,$-54,$612,$3056,$-978,$0,$-190,$-153,$0,$-153,$34,$-1287,$-1,$0,$-1,$-1211,$-1211,$-324,$61,$-1476,$305,$64,$-324
23,2012-10-31,38.5,$4.75,8.1,$32.85,1.17,$4.94,7.79,$1.18,32.76,$5.70B,$3.60B,1.58,$0.78B,$3.47B,0.22,$24.87B,$6.97B,28.04%,$24.87B,$2.91B,11.68%,$24.87B,$2.91B,11.68%,$24.87B,$3.41B,13.69%,$24.87B,$2.87B,11.55%,$24.87B,$1.78B,7.15%,$1.78B,$3.47B,53.06%,$1.78B,$3.29B,56.07%,$1.78B,$9.17B,20.55%,$2.91B,$4.24B,70.36%,$7724,$5515,$2209,$0,$1240,$6754,$970,$-5,$965,$360,$605,$605,$605,$880,$970,$734,748,$0.84,$0.82,$1843,$3297,$0,$5695,$3056,$0,$180,$242,$3477,$9172,$3599,$775,$921,$2107,$5706,$729,$2902,$-165,$3466,$9172,$1302,$372,$72,$444,$-33,$-337,$407,$47,$338,$2080,$-776,$0,$0,$-107,$0,$-107,$34,$-848,$-1,$0,$-1,$-903,$-903,$-240,$43,$-1103,$135,$50,$-240
24,2012-07-31,40.84,$4.61,8.87,$31.82,1.28,$3.43,11.92,$1.13,36.14,$5.34B,$3.23B,1.66,$0.78B,$3.39B,0.23,$24.25B,$6.75B,27.85%,$24.25B,$2.82B,11.64%,$24.25B,$2.82B,11.64%,$24.25B,$3.32B,13.68%,$24.25B,$2.79B,11.49%,$24.25B,$1.72B,7.10%,$1.72B,$3.39B,52.49%,$1.72B,$3.21B,55.54%,$1.72B,$8.64B,20.28%,$2.82B,$4.17B,69.49%,$6411,$4566,$1845,$0,$1090,$5656,$755,$-6,$748,$287,$462,$462,$462,$818,$755,$732,746,$0.63,$0.62,$1797,$3008,$0,$5341,$2848,$0,$180,$260,$3296,$8637,$3225,$775,$860,$2021,$5247,$736,$2853,$-199,$3390,$8637,$840,$246,$34,$281,$2,$-60,$219,$31,$181,$1308,$-439,$0,$0,$-83,$0,$-83,$1,$-521,$-1,$0,$-1,$-536,$-536,$-156,$26,$-667,$113,$30,$-156
25,2012-04-30,38.36,$4.50,8.53,$30.96,1.24,$2.12,18.08,$1.08,35.69,$5.23B,$3.15B,1.66,$0.78B,$3.33B,0.24,$23.77B,$6.58B,27.67%,$23.77B,$2.70B,11.36%,$23.77B,$2.70B,11.36%,$23.77B,$3.19B,13.42%,$23.77B,$2.66B,11.20%,$23.77B,$1.65B,6.93%,$1.65B,$3.33B,51.38%,$1.65B,$3.15B,54.44%,$1.65B,$8.50B,19.73%,$2.70B,$4.12B,67.60%,$5946,$4275,$1670,$0,$979,$5254,$692,$-9,$683,$262,$421,$421,$421,$811,$692,$737,751,$0.57,$0.56,$1739,$2910,$0,$5232,$2820,$0,$180,$264,$3271,$8503,$3152,$784,$853,$2020,$5171,$741,$2744,$-153,$3332,$8503,$419,$121,$17,$138,$-28,$58,$101,$34,$149,$705,$-254,$0,$0,$-78,$0,$-78,$0,$-332,$0,$0,$0,$-269,$-269,$-71,$8,$-332,$57,$14,$-71
26,2012-01-31,31.25,$4.30,7.27,$29.91,1.04,$1.42,21.99,$0.97,32.3,$5.13B,$3.06B,1.68,$0.79B,$3.21B,0.24,$23.19B,$6.34B,27.33%,$23.19B,$2.45B,10.56%,$23.19B,$2.45B,10.56%,$23.19B,$2.93B,12.65%,$23.19B,$2.41B,10.40%,$23.19B,$1.50B,6.45%,$1.50B,$3.21B,47.39%,$1.50B,$3.03B,50.25%,$1.50B,$8.28B,18.18%,$2.45B,$3.99B,62.12%,$5798,$4166,$1632,$0,$942,$5108,$690,$-9,$681,$262,$419,$419,$419,$896,$690,$742,756,$0.56,$0.55,$1602,$2951,$0,$5133,$2706,$0,$180,$254,$3149,$8282,$3063,$785,$862,$2009,$5072,$747,$2655,$-193,$3209,$8282,$1496,$486,$176,$662,$-4,$-187,$-37,$-21,$-238,$1916,$-803,$0,$0,$-19,$0,$-19,$12,$-811,$-3,$0,$-3,$-1102,$-1102,$-275,$44,$-1336,$-235,$64,$-275
27,2011-10-31,26.94,$4.22,6.38,$29.03,0.93,$1.54,17.44,$0.87,31.06,$5.42B,$3.38B,1.6,$0.79B,$3.18B,0.25,$22.81B,$6.18B,27.08%,$22.81B,$2.22B,9.74%,$22.81B,$2.22B,9.74%,$22.81B,$2.65B,11.63%,$22.81B,$2.19B,9.59%,$22.81B,$1.35B,5.94%,$1.35B,$3.18B,43.29%,$1.35B,$3.00B,45.93%,$1.35B,$8.53B,16.62%,$2.22B,$3.97B,56.79%,$6710,$4884,$1825,$0,$1058,$5942,$768,$-9,$759,$283,$475,$475,$475,$793,$768,$761,774,$0.63,$0.61,$1029,$3706,$0,$5418,$2699,$0,$180,$225,$3113,$8531,$3380,$785,$720,$1968,$5348,$754,$2512,$-83,$3183,$8531,$1021,$357,$218,$574,$-36,$-931,$359,$-107,$-762,$831,$-651,$0,$0,$5,$0,$5,$1,$-645,$-2,$0,$-2,$-807,$-807,$-204,$32,$-981,$-785,$50,$-204
28,2011-07-31,25.19,$4.08,6.18,$28.32,0.89,$2.00,12.58,$0.83,30.26,$5.03B,$3.19B,1.58,$0.79B,$3.11B,0.25,$22.55B,$6.07B,26.92%,$22.55B,$2.16B,9.57%,$22.55B,$2.16B,9.57%,$22.55B,$2.63B,11.64%,$22.55B,$2.12B,9.40%,$22.55B,$1.32B,5.85%,$1.32B,$3.11B,42.45%,$1.32B,$2.93B,45.06%,$1.32B,$8.10B,16.38%,$2.16B,$3.89B,55.38%,$5793,$4167,$1627,$0,$954,$5121,$672,$-9,$664,$257,$406,$406,$406,$689,$672,$754,766,$0.54,$0.53,$1060,$3368,$0,$5029,$2651,$0,$180,$228,$3068,$8097,$3191,$786,$719,$1801,$4992,$381,$2770,$-46,$3105,$8097,$614,$236,$54,$291,$-16,$-572,$220,$-60,$-585,$326,$-439,$0,$0,$-2,$0,$-2,$0,$-441,$-1,$0,$-1,$-560,$-560,$-132,$22,$-671,$-764,$32,$-132
29,2011-04-30,24.34,$4.04,6.02,$27.45,0.89,$2.56,9.5,$0.79,30.72,$5.01B,$3.10B,1.62,$0.79B,$3.12B,0.25,$22.15B,$5.93B,26.76%,$22.15B,$2.10B,9.46%,$22.15B,$2.10B,9.46%,$22.15B,$2.54B,11.48%,$22.15B,$2.06B,9.29%,$22.15B,$1.28B,5.77%,$1.28B,$3.12B,41.51%,$1.28B,$2.94B,44.09%,$1.28B,$7.98B,16.05%,$2.10B,$3.91B,54.24%,$5468,$3976,$1492,$0,$924,$4900,$569,$-9,$559,$211,$348,$348,$348,$555,$569,$764,775,$0.46,$0.45,$1462,$3015,$0,$5008,$2564,$0,$180,$221,$2976,$7984,$3102,$787,$716,$1759,$4861,$386,$2768,$-31,$3123,$7984,$266,$116,$-9,$107,$-29,$-209,$81,$32,$-260,$143,$-226,$0,$0,$-5,$0,$-5,$0,$-230,$-1,$0,$-1,$-258,$-258,$-59,$17,$-300,$-365,$15,$-59
30,2011-01-31,21.45,$3.98,5.39,$26.88,0.8,$3.13,6.86,$0.83,26.0,$5.10B,$3.13B,1.63,$0.79B,$3.10B,0.25,$21.94B,$5.90B,26.90%,$21.94B,$2.20B,10.04%,$21.94B,$2.20B,10.04%,$21.94B,$2.66B,12.13%,$21.94B,$2.16B,9.86%,$21.94B,$1.34B,6.12%,$1.34B,$3.10B,43.92%,$1.34B,$2.92B,46.67%,$1.34B,$7.97B,16.99%,$2.20B,$3.89B,57.33%,$5220,$3827,$1393,$0,$954,$4782,$439,$-9,$430,$164,$266,$266,$266,$616,$439,$776,788,$0.34,$0.34,$1818,$2765,$0,$5100,$2450,$0,$180,$232,$2872,$7972,$3133,$788,$709,$1739,$4872,$390,$2802,$-92,$3100,$7972,$1343,$458,$177,$635,$-24,$-212,$164,$0,$-5,$1976,$-707,$0,$0,$61,$0,$61,$-1,$-648,$-2,$0,$-2,$-1017,$-1017,$-229,$25,$-1224,$127,$59,$-229
31,2010-10-31,20.7,$3.93,5.27,$26.04,0.8,$3.72,5.57,$0.85,24.36,$5.30B,$3.23B,1.64,$0.79B,$3.11B,0.25,$21.55B,$5.82B,27.00%,$21.55B,$2.31B,10.69%,$21.55B,$2.31B,10.69%,$21.55B,$2.82B,13.08%,$21.55B,$2.26B,10.50%,$21.55B,$1.40B,6.51%,$1.40B,$3.11B,46.72%,$1.40B,$2.93B,49.70%,$1.40B,$8.18B,18.05%,$2.31B,$3.90B,60.78%,$6332,$4666,$1666,$0,$1122,$5788,$543,$-9,$534,$204,$331,$331,$334,$765,$543,$800,813,$0.43,$0.42,$1469,$3273,$0,$5297,$2470,$0,$180,$224,$2886,$8182,$3230,$788,$747,$1843,$5073,$396,$2815,$-101,$3109,$8182,$1009,$386,$126,$512,$-44,$-720,$455,$-42,$-431,$1099,$-540,$0,$0,$6,$0,$6,$1,$-534,$-2,$0,$-2,$-704,$-704,$-170,$20,$-855,$-276,$0,$-170
32,2010-07-31,18.67,$3.71,5.03,$25.31,0.74,$4.16,4.49,$0.82,22.69,$4.95B,$2.98B,1.66,$0.79B,$2.97B,0.27,$21.27B,$5.74B,27.00%,$21.27B,$2.28B,10.70%,$21.27B,$2.28B,10.70%,$21.27B,$2.76B,12.97%,$21.27B,$2.23B,10.49%,$21.27B,$1.38B,6.48%,$1.38B,$2.97B,46.58%,$1.38B,$2.79B,49.59%,$1.38B,$7.69B,17.86%,$2.28B,$3.76B,60.71%,$5526,$4006,$1519,$0,$913,$4919,$607,$-10,$597,$225,$372,$372,$372,$607,$607,$794,806,$0.47,$0.46,$1519,$2885,$0,$4949,$2338,$0,$180,$208,$2738,$7687,$2975,$789,$719,$1738,$4713,$401,$2706,$-133,$2974,$7687,$636,$227,$70,$297,$-23,$-346,$335,$-30,$-275,$666,$-327,$0,$0,$-4,$0,$-4,$0,$-331,$-1,$0,$-1,$-474,$-474,$-110,$15,$-570,$-234,$28,$-110
33,2010-04-30,20.76,$3.72,5.57,$24.64,0.84,$4.37,4.75,$0.79,26.28,$5.11B,$3.02B,1.69,$0.79B,$3.04B,0.26,$20.95B,$5.61B,26.76%,$20.95B,$2.19B,10.46%,$20.95B,$2.19B,10.46%,$20.95B,$2.69B,12.85%,$20.95B,$2.15B,10.25%,$20.95B,$1.34B,6.38%,$1.34B,$3.04B,45.67%,$1.34B,$2.86B,48.67%,$1.34B,$7.76B,17.22%,$2.19B,$3.83B,59.00%,$5068,$3719,$1349,$0,$854,$4561,$507,$-10,$496,$191,$305,$305,$305,$673,$507,$807,819,$0.38,$0.37,$1959,$2615,$0,$5105,$2254,$0,$180,$202,$2649,$7755,$3015,$790,$688,$1700,$4715,$408,$2769,$-137,$3039,$7755,$331,$127,$4,$131,$-20,$-79,$175,$7,$70,$527,$-149,$0,$0,$11,$0,$11,$0,$-138,$-1,$0,$-1,$-142,$-142,$-49,$15,$-176,$219,$0,$-49
34,2010-01-31,16.98,$3.53,4.81,$23.63,0.72,$4.26,3.99,$0.71,23.83,$4.80B,$2.90B,1.66,$0.79B,$2.89B,0.27,$20.29B,$5.32B,26.22%,$20.29B,$1.99B,9.81%,$20.29B,$1.99B,9.81%,$20.29B,$2.48B,12.23%,$20.29B,$1.95B,9.62%,$20.29B,$1.21B,5.98%,$1.21B,$2.89B,44.16%,$1.21B,$2.71B,47.25%,$1.21B,$7.46B,16.07%,$1.99B,$3.68B,57.88%,$5017,$3649,$1368,$0,$821,$4470,$547,$-10,$536,$205,$331,$331,$331,$775,$547,$816,829,$0.41,$0.40,$1745,$2532,$0,$4804,$2274,$0,$180,$193,$2660,$7464,$2895,$790,$697,$1680,$4575,$409,$2614,$-134,$2889,$7464,$1214,$490,$46,$536,$-2,$148,$197,$21,$549,$2272,$-429,$0,$0,$-125,$0,$-125,$-6,$-560,$379,$0,$379,$-775,$-775,$-198,$10,$-584,$1161,$0,$-198
35,2009-10-31,16.63,$3.50,4.75,$22.76,0.73,$2.75,6.05,$0.62,26.72,$5.33B,$3.25B,1.64,$0.79B,$2.94B,0.27,$19.73B,$4.95B,25.09%,$19.73B,$1.75B,8.87%,$19.73B,$1.75B,8.87%,$19.73B,$2.22B,11.27%,$19.73B,$1.72B,8.70%,$19.73B,$1.07B,5.42%,$1.07B,$2.94B,41.78%,$1.07B,$2.76B,44.94%,$1.07B,$7.98B,14.79%,$1.75B,$3.73B,55.56%,$5942,$4359,$1583,$0,$939,$5298,$644,$-11,$633,$238,$395,$395,$395,$703,$644,$836,855,$0.48,$0.47,$1522,$3268,$0,$5331,$2261,$0,$180,$198,$2652,$7983,$3246,$791,$743,$1796,$5043,$420,$2606,$-120,$2941,$7983,$819,$360,$122,$481,$-16,$-577,$522,$16,$26,$1289,$-319,$0,$0,$-73,$0,$-73,$-6,$-398,$579,$0,$579,$-376,$-376,$-147,$9,$64,$992,$0,$-147
36,2009-07-31,16.08,$3.34,4.81,$22.04,0.73,$1.94,8.3,$0.56,28.97,$5.21B,$3.23B,1.61,$0.79B,$2.83B,0.28,$19.24B,$4.73B,24.58%,$19.24B,$1.60B,8.29%,$19.24B,$1.60B,8.29%,$19.24B,$2.06B,10.69%,$19.24B,$1.57B,8.15%,$19.24B,$0.96B,4.98%,$0.96B,$2.83B,40.64%,$0.96B,$2.65B,44.00%,$0.96B,$7.84B,13.81%,$1.60B,$3.62B,54.24%,$5245,$3802,$1443,$0,$864,$4666,$579,$-13,$566,$218,$348,$348,$348,$541,$579,$843,856,$0.41,$0.41,$1562,$3100,$0,$5212,$2229,$0,$180,$201,$2624,$7836,$3230,$791,$753,$1775,$5004,$424,$2308,$-116,$2832,$7836,$471,$235,$103,$338,$2,$-409,$423,$-23,$-100,$705,$-164,$0,$0,$-124,$0,$-124,$-5,$-294,$771,$0,$771,$-168,$-168,$-97,$-1,$505,$973,$0,$-97
37,2009-04-30,12.36,$2.82,4.38,$21.64,0.57,$1.54,8.0,$0.52,23.89,$4.41B,$3.33B,1.32,$0.39B,$2.34B,0.17,$19.05B,$4.63B,24.28%,$19.05B,$1.51B,7.94%,$19.05B,$1.51B,7.94%,$19.05B,$1.97B,10.34%,$19.05B,$1.49B,7.84%,$19.05B,$0.90B,4.70%,$0.90B,$2.34B,41.15%,$0.90B,$2.16B,44.84%,$0.90B,$6.94B,13.42%,$1.51B,$2.73B,54.50%,$4748,$3534,$1213,$0,$791,$4325,$422,$-9,$413,$152,$262,$262,$262,$462,$422,$848,861,$0.31,$0.31,$1069,$2818,$0,$4407,$2153,$0,$180,$185,$2532,$6939,$3328,$392,$734,$1275,$4603,$414,$2099,$-189,$2335,$6939,$209,$117,$18,$135,$-6,$-184,$267,$38,$15,$361,$-66,$0,$0,$-57,$0,$-57,$0,$-123,$374,$0,$374,$-22,$-22,$-45,$-3,$303,$559,$0,$-45
38,2009-01-31,8.54,$2.59,3.3,$21.37,0.4,$1.37,6.22,$0.50,16.99,$3.63B,$2.77B,1.31,$0.38B,$2.14B,0.18,$19.00B,$4.57B,24.06%,$19.00B,$1.47B,7.71%,$19.00B,$1.47B,7.71%,$19.00B,$1.92B,10.09%,$19.00B,$1.45B,7.64%,$19.00B,$0.88B,4.64%,$0.88B,$2.14B,41.40%,$0.88B,$1.96B,45.22%,$0.88B,$6.18B,13.35%,$1.47B,$2.52B,51.55%,$4354,$3273,$1081,$0,$735,$4008,$346,$-7,$339,$130,$209,$209,$209,$517,$346,$825,864,$0.26,$0.25,$454,$2619,$0,$3626,$2186,$0,$180,$171,$2552,$6178,$2768,$384,$765,$1276,$4044,$413,$1940,$-218,$2135,$6178,$881,$453,$169,$622,$-8,$-68,$-142,$-119,$-382,$1155,$-583,$0,$0,$0,$14,$14,$-0,$-569,$-2,$0,$-2,$-609,$-609,$-177,$19,$-769,$-279,$0,$-177
39,2008-10-31,11.72,$2.55,4.59,$20.91,0.56,$1.63,7.18,$0.52,22.43,$4.26B,$3.23B,1.32,$0.77B,$2.13B,0.36,$18.88B,$4.61B,24.41%,$18.88B,$1.56B,8.27%,$18.88B,$1.56B,8.27%,$18.88B,$2.01B,10.66%,$18.88B,$1.55B,8.23%,$18.88B,$0.93B,4.93%,$0.93B,$2.13B,43.77%,$0.93B,$1.95B,47.82%,$0.93B,$6.79B,13.88%,$1.56B,$2.89B,52.79%,$5380,$4168,$1212,$0,$832,$4977,$403,$-5,$399,$148,$251,$251,$251,$538,$403,$838,885,$0.30,$0.29,$387,$3279,$0,$4262,$2164,$0,$179,$166,$2526,$6788,$3225,$767,$570,$1437,$4662,$416,$1802,$-92,$2126,$6788,$630,$339,$62,$401,$-33,$-737,$350,$-24,$-287,$727,$-443,$0,$-1,$0,$0,$0,$1,$-443,$-1,$106,$104,$-526,$-526,$-131,$19,$-534,$-345,$0,$-131
40,2008-07-31,14.71,$2.52,5.84,$20.52,0.72,$1.50,9.84,$0.52,28.16,$4.17B,$2.98B,1.4,$0.85B,$2.11B,0.4,$18.77B,$4.56B,24.29%,$18.77B,$1.54B,8.22%,$18.77B,$1.54B,8.22%,$18.77B,$1.99B,10.57%,$18.77B,$1.54B,8.19%,$18.77B,$0.94B,5.03%,$0.94B,$2.11B,44.29%,$0.94B,$1.93B,48.41%,$0.94B,$6.79B,13.99%,$1.54B,$2.97B,51.71%,$4762,$3537,$1225,$0,$808,$4338,$424,$-5,$418,$164,$254,$254,$236,$453,$424,$834,881,$0.29,$0.27,$517,$3105,$0,$4166,$2247,$0,$180,$183,$2626,$6793,$2984,$852,$744,$1695,$4679,$419,$1728,$-33,$2114,$6793,$394,$224,$67,$292,$1,$-370,$231,$-103,$-227,$468,$-259,$0,$0,$0,$0,$0,$0,$-259,$-1,$0,$-1,$-349,$-349,$-85,$14,$-421,$-215,$0,$-85
41,2008-04-30,14.02,$2.52,5.57,$19.96,0.7,$1.27,11.05,$0.44,31.86,$4.05B,$2.82B,1.44,$0.85B,$2.14B,0.4,$18.53B,$4.49B,24.22%,$18.53B,$1.30B,6.99%,$18.53B,$1.30B,6.99%,$18.53B,$1.73B,9.33%,$18.53B,$1.29B,6.98%,$18.53B,$0.80B,4.33%,$0.80B,$2.14B,37.50%,$0.80B,$1.96B,40.99%,$0.80B,$6.65B,11.98%,$1.30B,$2.99B,43.29%,$4554,$3447,$1107,$0,$767,$4214,$340,$-3,$337,$125,$212,$212,$200,$410,$340,$843,891,$0.24,$0.23,$698,$2900,$0,$4052,$2205,$0,$181,$191,$2594,$6647,$2823,$852,$755,$1686,$4509,$425,$1744,$-31,$2138,$6647,$194,$112,$25,$137,$-30,$-164,$162,$28,$-72,$263,$-111,$0,$0,$0,$0,$0,$0,$-111,$-0,$0,$-0,$-156,$-156,$-38,$10,$-185,$-34,$0,$-38
42,2008-01-31,13.71,$2.49,5.51,$19.47,0.7,$1.02,13.48,$0.42,32.84,$3.99B,$2.76B,1.45,$0.85B,$2.13B,0.4,$18.34B,$4.45B,24.28%,$18.34B,$1.26B,6.87%,$18.34B,$1.26B,6.87%,$18.34B,$1.69B,9.19%,$18.34B,$1.26B,6.87%,$18.34B,$0.77B,4.20%,$0.77B,$2.13B,34.86%,$0.77B,$1.95B,37.99%,$0.77B,$6.60B,11.57%,$1.26B,$2.99B,41.22%,$4304,$3277,$1027,$0,$728,$4005,$298,$-2,$297,$99,$198,$198,$194,$612,$298,$851,901,$0.23,$0.22,$733,$2737,$0,$3992,$2217,$0,$182,$191,$2608,$6600,$2761,$853,$811,$1708,$4469,$428,$1732,$-29,$2131,$6600,$772,$427,$-83,$344,$-26,$-112,$117,$2,$222,$1375,$-527,$0,$0,$0,$-14,$-14,$1,$-540,$-2,$0,$-2,$-806,$-806,$-151,$7,$-953,$-124,$0,$-151
43,2007-10-31,12.51,$2.45,5.1,$18.85,0.66,$0.98,12.76,$0.36,34.74,$4.29B,$3.13B,1.37,$0.86B,$2.14B,0.4,$17.88B,$4.32B,24.18%,$17.88B,$1.16B,6.47%,$17.88B,$1.16B,6.47%,$17.88B,$1.58B,8.82%,$17.88B,$1.16B,6.47%,$17.88B,$0.68B,3.78%,$0.68B,$2.14B,29.98%,$0.68B,$1.96B,32.63%,$0.68B,$6.94B,10.33%,$1.16B,$3.00B,37.50%,$5257,$4008,$1248,$0,$767,$4757,$500,$1,$501,$191,$310,$310,$301,$510,$500,$886,936,$0.34,$0.33,$388,$3365,$0,$4286,$2218,$0,$183,$228,$2656,$6942,$3132,$860,$808,$1669,$4801,$437,$1717,$-13,$2142,$6942,$471,$315,$-64,$251,$-71,$-710,$400,$-39,$-174,$578,$-406,$0,$0,$0,$0,$0,$1,$-406,$-1,$0,$-1,$-536,$-536,$-112,$6,$-643,$-469,$0,$-112
44,2007-07-31,11.96,$2.42,4.94,$18.50,0.65,$0.99,12.1,$0.35,34.67,$4.13B,$2.87B,1.44,$0.83B,$2.15B,0.39,$17.69B,$4.28B,24.21%,$17.69B,$1.13B,6.40%,$17.69B,$1.13B,6.40%,$17.69B,$1.56B,8.79%,$17.69B,$1.13B,6.38%,$17.69B,$0.66B,3.71%,$0.66B,$2.15B,29.08%,$0.66B,$1.97B,31.64%,$0.66B,$6.62B,10.31%,$1.13B,$2.99B,36.79%,$4659,$3481,$1178,$0,$772,$4252,$406,$-3,$403,$152,$251,$251,$249,$197,$406,$879,929,$0.29,$0.27,$534,$3050,$0,$4126,$2089,$0,$183,$204,$2494,$6620,$2872,$834,$755,$1594,$4466,$445,$1735,$-25,$2154,$6620,$221,$211,$-65,$147,$-30,$-434,$320,$-123,$-142,$224,$-217,$0,$0,$0,$0,$0,$0,$-217,$-1,$0,$-1,$-287,$-287,$-73,$4,$-357,$-323,$0,$-73
45,2007-04-30,11.98,$2.66,4.5,$18.10,0.66,$1.01,11.9,$0.39,31.12,$4.06B,$2.51B,1.61,$0.82B,$2.42B,0.34,$17.34B,$4.18B,24.08%,$17.34B,$1.28B,7.37%,$17.34B,$1.28B,7.37%,$17.34B,$1.70B,9.80%,$17.34B,$1.27B,7.31%,$17.34B,$0.74B,4.24%,$0.74B,$2.42B,33.61%,$0.74B,$2.24B,36.68%,$0.74B,$6.49B,11.83%,$1.28B,$3.24B,42.54%,$4313,$3278,$1036,$0,$749,$4223,$91,$1,$92,$33,$59,$59,$59,$367,$91,$896,947,$0.07,$0.07,$781,$2829,$0,$4057,$2033,$0,$183,$195,$2430,$6488,$2513,$822,$725,$1555,$4068,$455,$1963,$-30,$2420,$6488,$162,$105,$-9,$96,$-39,$-229,$178,$-86,$-244,$17,$-95,$0,$0,$0,$0,$0,$0,$-95,$-0,$0,$-0,$19,$19,$-32,$3,$-11,$-75,$0,$-32
46,2007-01-31,12.67,$2.52,5.02,$17.80,0.71,$1.04,12.17,$0.39,32.91,$3.75B,$2.38B,1.57,$0.81B,$2.29B,0.35,$17.10B,$4.13B,24.16%,$17.10B,$1.28B,7.48%,$17.10B,$1.28B,7.48%,$17.10B,$1.70B,9.96%,$17.10B,$1.26B,7.39%,$17.10B,$0.74B,4.31%,$0.74B,$2.29B,35.70%,$0.74B,$2.11B,39.18%,$0.74B,$6.09B,12.30%,$1.28B,$3.10B,44.45%,$4108,$3117,$991,$0,$709,$3846,$262,$2,$264,$102,$162,$162,$162,$503,$262,$907,958,$0.18,$0.17,$857,$2582,$0,$3749,$2018,$0,$183,$116,$2337,$6086,$2383,$808,$583,$1413,$3796,$454,$1870,$-34,$2290,$6086,$738,$423,$35,$458,$26,$-201,$50,$-23,$-20,$1213,$-378,$0,$0,$0,$-18,$-18,$1,$-395,$-2,$0,$-2,$-297,$-297,$-123,$4,$-418,$391,$0,$-123
47,2006-10-31,12.38,$2.39,5.18,$17.50,0.71,$0.86,14.47,$0.43,28.95,$3.94B,$2.73B,1.44,$0.82B,$2.17B,0.38,$16.92B,$4.08B,24.13%,$16.92B,$1.24B,7.33%,$16.92B,$1.24B,7.33%,$16.92B,$1.66B,9.80%,$16.92B,$1.22B,7.20%,$16.92B,$0.82B,4.86%,$0.82B,$2.17B,41.77%,$0.82B,$1.99B,46.08%,$0.82B,$6.31B,14.04%,$1.24B,$2.99B,44.60%,$4796,$3679,$1117,$0,$716,$4399,$397,$0,$397,$144,$254,$254,$205,$488,$397,$908,960,$0.23,$0.22,$342,$3246,$0,$3940,$2035,$0,$183,$127,$2366,$6306,$2732,$818,$568,$1400,$4132,$455,$1752,$-33,$2174,$6306,$533,$317,$20,$338,$-19,$-857,$389,$-13,$-419,$477,$-292,$0,$0,$0,$0,$0,$1,$-291,$-1,$0,$-1,$-225,$-225,$-91,$1,$-316,$-124,$0,$-91
