,Date,Stock Price,Book Value per Share,Price to Book Ratio,TTM Sales per Share,Price to Sales Ratio,TTM FCF per Share,Price to FCF Ratio,TTM Net EPS,PE Ratio,Current Assets,Current Liabilities,Current Ratio,Long Term Debt,Shareholder's Equity_x,Debt to Equity Ratio,TTM Revenue_x,TTM Gross Profit,Gross Margin,TTM Revenue_y,TTM Operating Income,Operating Margin,TTM Revenue_x,TTM EBIT,EBIT Margin,TTM Revenue_y,TTM EBITDA,EBITDA Margin,TTM Revenue_x,TTM Pre-Tax Income,Pre-Tax Margin,TTM Revenue_y,TTM Net Income_x,Net Margin,TTM Net Income_y,Shareholder's Equity_y,Return on Equity,TTM Net Income_x,Tangible Equity,Return on Tangible Equity,TTM Net Income_y,Total Assets,Return on Assets,TTM Net Income,LT Investments & Debt,Return on Investment,revenue,cost-goods-sold,gross-profit,research-development-expenses,selling-general-administrative-expenses,operating-expenses,operating-income,total-non-operating-income-expense,pre-tax-income,total-provision-income-taxes,income-after-taxes,income-from-continuous-operations,net-income,ebitda,ebit,basic-shares-outstanding,shares-outstanding,eps-basic-net-earnings-per-share,eps-earnings-per-share-diluted,cash-on-hand,inventory,other-current-assets,total-current-assets,net-property-plant-equipment,long-term-investments,goodwill-intangible-assets-total,other-long-term-assets,total-long-term-assets,total-assets,total-current-liabilities,long-term-debt,other-non-current-liabilities,total-long-term-liabilities,total-liabilities,common-stock-net,retained-earnings-accumulated-deficit,comprehensive-income,total-share-holder-equity,total-liabilities-share-holders-equity,net-income-loss,total-depreciation-amortization-cash-flow,other-non-cash-items,total-non-cash-items,change-in-accounts-receivable,change-in-inventories,change-in-accounts-payable,change-in-assets-liabilities,total-change-in-assets-liabilities,cash-flow-from-operating-activities,net-change-in-property-plant-equipment,net-change-in-intangible-assets,net-acquisitions-divestitures,net-change-in-short-term-investments,net-change-in-long-term-investments,net-change-in-investments-total,investing-activities-other,cash-flow-from-investing-activities,net-long-term-debt,net-current-debt,debt-issuance-retirement-net-total,net-common-equity-issued-repurchased,net-total-equity-issued-repurchased,total-common-preferred-stock-dividends-paid,financial-activities-other,cash-flow-from-financial-activities,net-cash-flow,stock-based-compensation,common-stock-dividends-paid
0,2018-06-30,7.69,$29.21,0.26,$17.62,0.44,$-11.33,0.0,$-0.80,0.0,$0.84B,$1.03B,0.81,$4.08B,$2.93B,1.39,$1.62B,$0.64B,39.19%,$1.62B,$-0.10B,-6.28%,$1.62B,$-0.10B,-6.28%,$1.62B,$0.21B,12.69%,$1.62B,$-0.45B,-27.60%,$1.62B,$-0.07B,-4.19%,$-0.07B,$2.93B,-2.38%,$-0.07B,$2.81B,-2.50%,$-0.07B,$8.22B,-0.85%,$-0.10B,$7.02B,-1.55%,$417,$269,$147,$0,$19,$361,$55,$-57,$-2,$0,$-2,$-2,$-12,$74,$55,$100,100,$-0.12,$-0.12,$521,$0,$96,$835,$5343,$1780,$129,$130,$7381,$8217,$1029,$4083,$171,$4254,$5283,$1045,$-194,$5,$2934,$8217,$-50,$135,$23,$158,$0,$0,$0,$2,$2,$110,$-315,$0,$0,$54,$-53,$2,$-20,$-333,$-86,$0,$-86,$104,$104,$-11,$209,$216,$-7,$0,$-11
1,2018-03-31,7.98,$29.71,0.27,$19.54,0.41,$-9.60,0.0,$-1.45,0.0,$1.22B,$1.07B,1.14,$3.87B,$2.98B,1.3,$1.73B,$0.74B,42.92%,$1.73B,$-0.06B,-3.24%,$1.73B,$-0.06B,-3.24%,$1.73B,$0.33B,19.06%,$1.73B,$-0.54B,-31.08%,$1.73B,$-0.12B,-6.93%,$-0.12B,$2.98B,-3.87%,$-0.12B,$2.85B,-4.09%,$-0.12B,$8.17B,-1.32%,$-0.06B,$6.86B,-0.77%,$406,$278,$128,$0,$24,$404,$2,$-33,$-31,$9,$-40,$-40,$-28,$82,$2,$100,100,$-0.28,$-0.28,$579,$0,$641,$1220,$4952,$1623,$133,$238,$6945,$8165,$1073,$3872,$236,$4108,$5181,$886,$0,$0,$2984,$8165,$-10,$63,$-0,$63,$0,$0,$0,$-20,$-20,$33,$-168,$0,$0,$0,$35,$35,$-23,$-156,$73,$0,$73,$104,$104,$-6,$-20,$150,$27,$0,$-6
2,2017-12-31,9.13,$32.31,0.28,$21.80,0.42,$-9.42,0.0,$-1.77,0.0,$0.83B,$1.37B,0.61,$3.66B,$2.88B,1.27,$1.88B,$0.88B,46.52%,$1.88B,$0.01B,0.37%,$1.88B,$0.01B,0.37%,$1.88B,$0.47B,24.77%,$1.88B,$-0.52B,-27.49%,$1.88B,$-0.14B,-7.66%,$-0.14B,$2.88B,-4.27%,$-0.14B,$2.74B,-4.54%,$-0.14B,$8.09B,-1.40%,$0.01B,$6.54B,0.09%,$394,$263,$131,$0,$24,$376,$19,$-28,$-10,$11,$-21,$-21,$-21,$125,$19,$97,97,$-0.21,$-0.21,$494,$0,$141,$833,$5209,$1763,$137,$152,$7260,$8092,$1365,$3663,$185,$3848,$5213,$919,$-136,$-6,$2880,$8092,$-529,$459,$528,$987,$-2,$0,$-14,$-48,$56,$514,$-980,$0,$0,$0,$-112,$-112,$38,$-1054,$-559,$0,$-559,$179,$179,$-19,$816,$418,$-123,$0,$-19
3,2017-09-30,8.69,$30.40,0.29,$25.04,0.35,$-1.18,0.0,$-1.65,0.0,$0.85B,$1.23B,0.7,$3.36B,$2.62B,1.28,$2.11B,$1.00B,47.37%,$2.11B,$0.02B,1.09%,$2.11B,$0.02B,1.09%,$2.11B,$0.56B,26.62%,$2.11B,$-0.33B,-15.82%,$2.11B,$-0.14B,-6.68%,$-0.14B,$2.62B,-3.84%,$-0.14B,$2.48B,-4.10%,$-0.14B,$7.43B,-1.23%,$0.02B,$5.98B,0.26%,$322,$174,$148,$0,$18,$255,$67,$-95,$-29,$-53,$24,$24,$-6,$-75,$67,$86,86,$-0.28,$-0.28,$491,$0,$189,$853,$4314,$1812,$142,$310,$6577,$7431,$1227,$3361,$221,$3582,$4809,$892,$-94,$-9,$2622,$7431,$-497,$400,$474,$874,$0,$0,$0,$34,$34,$411,$-627,$0,$0,$0,$-110,$-110,$319,$-418,$-249,$0,$-249,$9,$9,$-14,$147,$-108,$-115,$0,$-14
4,2017-06-30,6.45,$45.37,0.14,$25.68,0.25,$2.74,2.36,$-1.43,0.0,$1.08B,$1.98B,0.55,$5.85B,$3.91B,1.49,$2.16B,$1.04B,48.33%,$2.16B,$0.30B,14.04%,$2.16B,$0.30B,14.04%,$2.16B,$0.86B,39.94%,$2.16B,$0.12B,5.75%,$2.16B,$-0.12B,-5.65%,$-0.12B,$3.91B,-3.07%,$-0.12B,$3.66B,-3.29%,$-0.12B,$12.77B,-0.95%,$0.30B,$9.76B,3.03%,$501,$272,$229,$0,$28,$691,$-190,$-188,$-378,$5,$-383,$-383,$-13,$198,$-190,$86,86,$-0.15,$-0.15,$725,$0,$24,$1081,$9217,$1617,$259,$597,$11690,$12770,$1976,$5848,$783,$6881,$8857,$891,$-76,$-10,$3914,$12770,$-114,$286,$109,$395,$0,$0,$0,$-2,$-2,$279,$-306,$0,$0,$0,$-64,$-64,$12,$-358,$-143,$0,$-143,$9,$9,$-9,$233,$88,$10,$0,$-9
5,2017-03-31,8.79,$47.25,0.19,$27.78,0.32,$5.62,1.56,$-1.64,0.0,$1.22B,$1.68B,0.73,$6.06B,$4.08B,1.49,$2.23B,$1.12B,50.31%,$2.23B,$0.33B,14.83%,$2.23B,$0.33B,14.83%,$2.23B,$0.87B,39.16%,$2.23B,$0.16B,7.17%,$2.23B,$-0.13B,-5.60%,$-0.13B,$4.08B,-3.18%,$-0.13B,$3.81B,-3.41%,$-0.13B,$12.87B,-0.97%,$0.33B,$10.14B,3.30%,$514,$279,$235,$0,$30,$466,$48,$-170,$-121,$4,$-125,$-125,$-80,$218,$48,$86,86,$-0.93,$-0.93,$806,$0,$14,$1219,$9256,$1540,$262,$597,$11655,$12874,$1678,$6064,$806,$7120,$8798,$890,$-27,$-10,$4076,$12874,$11,$136,$2,$138,$0,$0,$0,$-42,$-42,$107,$-211,$0,$0,$0,$-40,$-40,$7,$-244,$115,$0,$115,$9,$9,$-5,$-32,$87,$-50,$0,$-5
6,2016-12-31,7.68,$47.47,0.16,$30.29,0.25,$7.17,1.07,$-1.78,0.0,$1.28B,$1.65B,0.78,$5.99B,$4.09B,1.47,$2.33B,$1.21B,52.13%,$2.33B,$0.38B,16.49%,$2.33B,$0.38B,16.49%,$2.33B,$0.93B,39.85%,$2.33B,$0.11B,4.77%,$2.33B,$-0.13B,-5.54%,$-0.13B,$4.09B,-3.38%,$-0.13B,$3.82B,-3.64%,$-0.13B,$12.82B,-1.00%,$0.38B,$10.08B,3.85%,$544,$281,$263,$0,$31,$462,$82,$-71,$11,$56,$-45,$-45,$-45,$221,$82,$86,86,$-0.53,$-0.53,$840,$0,$61,$1281,$9139,$1808,$266,$320,$11533,$12815,$1646,$5993,$836,$7079,$8725,$887,$23,$-11,$4089,$12815,$87,$544,$-2,$542,$96,$0,$-11,$-36,$-8,$621,$-396,$0,$0,$0,$-159,$-159,$24,$-531,$-786,$0,$-786,$433,$433,$-17,$170,$-201,$-110,$0,$-17
7,2016-09-30,7.32,$44.60,0.16,$32.88,0.22,$-9.40,0.0,$-1.22,0.0,$1.28B,$1.66B,0.77,$6.25B,$3.82B,1.64,$2.48B,$1.32B,53.29%,$2.48B,$0.45B,18.25%,$2.48B,$0.45B,18.25%,$2.48B,$0.98B,39.73%,$2.48B,$0.10B,4.08%,$2.48B,$-0.09B,-3.55%,$-0.09B,$3.82B,-2.37%,$-0.09B,$3.55B,-2.55%,$-0.09B,$12.95B,-0.68%,$0.45B,$10.07B,4.54%,$552,$279,$273,$0,$27,$469,$83,$71,$154,$22,$132,$132,$-3,$225,$83,$79,79,$0.12,$0.12,$769,$0,$82,$1283,$9249,$1628,$269,$522,$11669,$12952,$1661,$6250,$971,$7472,$9133,$882,$34,$-23,$3819,$12952,$-45,$406,$148,$554,$0,$0,$0,$-5,$-5,$504,$-384,$0,$0,$0,$-63,$-63,$360,$-87,$-581,$0,$-581,$292,$292,$-13,$-89,$-390,$27,$0,$-13
8,2016-06-30,6.71,$44.19,0.15,$34.85,0.19,$-23.60,0.0,$-1.46,0.0,$1.39B,$1.78B,0.78,$6.11B,$3.75B,1.63,$2.54B,$1.37B,54.03%,$2.54B,$0.52B,20.58%,$2.54B,$0.52B,20.58%,$2.54B,$1.05B,41.13%,$2.54B,$0.01B,0.28%,$2.54B,$-0.11B,-4.17%,$-0.11B,$3.75B,-2.88%,$-0.11B,$3.48B,-3.12%,$-0.11B,$12.96B,-0.81%,$0.52B,$9.86B,5.32%,$548,$275,$272,$0,$30,$458,$90,$-10,$80,$-0,$80,$80,$6,$210,$90,$85,85,$0.07,$0.07,$832,$0,$76,$1388,$9133,$1632,$272,$538,$11575,$12963,$1783,$6108,$1075,$7431,$9215,$875,$32,$-25,$3748,$12963,$-126,$271,$193,$463,$0,$0,$0,$-30,$-30,$308,$-120,$0,$0,$0,$-57,$-57,$177,$1,$-417,$0,$-417,$265,$265,$-8,$-37,$-197,$111,$0,$-8
9,2016-03-31,8.11,$49.63,0.16,$34.86,0.23,$-33.36,0.0,$0.58,13.99,$1.26B,$1.94B,0.65,$6.23B,$3.61B,1.72,$2.55B,$1.40B,54.79%,$2.55B,$0.62B,24.47%,$2.55B,$0.62B,24.47%,$2.55B,$1.13B,44.42%,$2.55B,$0.31B,12.10%,$2.55B,$0.04B,1.69%,$0.04B,$3.61B,1.18%,$0.04B,$3.34B,1.27%,$0.04B,$12.90B,0.33%,$0.62B,$9.84B,6.35%,$588,$272,$315,$0,$30,$512,$76,$-161,$-85,$1,$-86,$-86,$-83,$272,$76,$73,73,$-1.14,$-1.14,$700,$0,$10,$1255,$9301,$1743,$276,$328,$11648,$12903,$1939,$6230,$866,$7351,$9290,$778,$106,$-23,$3614,$12903,$-39,$136,$78,$215,$0,$0,$0,$-27,$-27,$148,$-123,$0,$0,$0,$-2,$-2,$188,$63,$-238,$0,$-238,$0,$0,$-4,$11,$-231,$-20,$0,$-4
10,2015-12-31,9.17,$50.90,0.18,$33.57,0.27,$-40.24,0.0,$1.12,8.19,$1.32B,$1.89B,0.7,$6.33B,$3.70B,1.71,$2.45B,$1.35B,55.16%,$2.45B,$0.63B,25.50%,$2.45B,$0.63B,25.50%,$2.45B,$1.10B,45.04%,$2.45B,$0.39B,15.87%,$2.45B,$0.08B,3.35%,$0.08B,$3.70B,2.29%,$0.08B,$3.42B,2.48%,$0.08B,$13.06B,0.64%,$0.63B,$10.03B,6.41%,$641,$287,$354,$0,$33,$506,$135,$-173,$-38,$1,$-39,$-39,$-49,$277,$135,$73,73,$-0.67,$-0.67,$767,$0,$55,$1320,$9367,$1563,$280,$532,$11742,$13061,$1887,$6333,$885,$7473,$9360,$775,$159,$-15,$3701,$13061,$405,$479,$-34,$446,$-6,$0,$-25,$-79,$-81,$770,$-1775,$0,$-47,$0,$-41,$-41,$40,$-1823,$853,$0,$853,$577,$577,$-126,$-380,$924,$-129,$0,$-126
11,2015-09-30,27.11,$50.19,0.54,$31.57,0.86,$-31.61,0.0,$0.41,66.12,$1.38B,$2.26B,0.61,$5.92B,$3.65B,1.62,$2.30B,$1.27B,55.23%,$2.30B,$0.62B,27.05%,$2.30B,$0.62B,27.05%,$2.30B,$1.07B,46.73%,$2.30B,$0.25B,10.84%,$2.30B,$0.03B,1.31%,$0.03B,$3.65B,0.86%,$0.03B,$3.36B,0.93%,$0.03B,$13.14B,0.24%,$0.62B,$9.57B,6.47%,$700,$321,$379,$0,$32,$549,$151,$-7,$144,$-19,$163,$163,$38,$286,$151,$73,73,$0.52,$0.52,$897,$0,$26,$1379,$9356,$1541,$286,$576,$11758,$13137,$2258,$5920,$1049,$7230,$9488,$774,$157,$-28,$3649,$13137,$242,$353,$46,$399,$0,$0,$0,$-8,$-8,$634,$-1563,$0,$-47,$0,$-35,$-35,$62,$-1582,$746,$0,$746,$560,$560,$-86,$-289,$931,$-17,$0,$-86
12,2015-06-30,38.66,$49.99,0.77,$29.80,1.3,$-22.56,0.0,$0.61,63.38,$1.33B,$1.74B,0.77,$6.15B,$3.64B,1.69,$2.17B,$1.18B,54.09%,$2.17B,$0.55B,25.21%,$2.17B,$0.55B,25.21%,$2.17B,$0.97B,44.71%,$2.17B,$0.35B,16.28%,$2.17B,$0.04B,2.02%,$0.04B,$3.64B,1.29%,$0.04B,$3.38B,1.40%,$0.04B,$12.49B,0.36%,$0.55B,$9.79B,5.68%,$612,$287,$325,$0,$29,$450,$161,$-175,$-14,$2,$-17,$-17,$-12,$296,$161,$73,73,$-0.17,$-0.17,$843,$0,$21,$1329,$8767,$1559,$258,$577,$11161,$12490,$1735,$6152,$958,$7120,$8855,$773,$371,$-29,$3635,$12490,$259,$229,$-86,$143,$0,$0,$0,$-65,$-65,$336,$-864,$0,$0,$0,$-9,$-9,$-10,$-883,$466,$0,$466,$188,$188,$-46,$-160,$448,$-99,$0,$-46
13,2015-03-31,41.78,$46.09,0.91,$28.01,1.49,$-18.64,0.0,$-0.89,0.0,$1.29B,$1.62B,0.8,$6.27B,$3.35B,1.87,$2.03B,$1.05B,51.45%,$2.03B,$0.45B,22.18%,$2.03B,$0.45B,22.18%,$2.03B,$0.85B,41.76%,$2.03B,$0.13B,6.20%,$2.03B,$-0.07B,-3.20%,$-0.07B,$3.35B,-1.99%,$-0.07B,$3.09B,-2.17%,$-0.07B,$12.30B,-0.54%,$0.45B,$9.62B,4.69%,$593,$256,$337,$0,$34,$417,$176,$40,$216,$1,$215,$215,$66,$245,$176,$73,73,$0.91,$0.90,$816,$0,$33,$1289,$8683,$1525,$260,$546,$11014,$12304,$1619,$6269,$1053,$7334,$8953,$772,$324,$-29,$3350,$12304,$44,$108,$70,$178,$0,$0,$0,$-40,$-40,$182,$-656,$0,$0,$0,$9,$9,$-28,$-675,$462,$0,$462,$20,$20,$-23,$-88,$371,$-122,$0,$-23
14,2014-12-31,45.32,$46.74,0.97,$27.59,1.64,$-12.14,0.0,$-0.77,0.0,$1.34B,$1.36B,0.98,$6.06B,$3.39B,1.79,$1.99B,$0.99B,49.62%,$1.99B,$0.43B,21.37%,$1.99B,$0.43B,21.37%,$1.99B,$0.81B,40.59%,$1.99B,$0.14B,6.77%,$1.99B,$-0.06B,-2.76%,$-0.06B,$3.39B,-1.71%,$-0.06B,$3.13B,-1.86%,$-0.06B,$11.78B,-0.46%,$0.43B,$9.45B,4.51%,$546,$235,$311,$0,$38,$408,$137,$-95,$43,$-1,$44,$44,$-10,$246,$137,$73,73,$-0.13,$-0.13,$861,$0,$26,$1335,$8106,$1558,$263,$517,$10444,$11780,$1364,$6058,$955,$7027,$8391,$771,$356,$-28,$3389,$11780,$124,$382,$-46,$336,$137,$0,$-18,$-76,$-14,$446,$-814,$0,$2,$0,$-100,$-100,$-69,$-981,$263,$0,$263,$507,$507,$-91,$47,$727,$192,$0,$-91
15,2014-09-30,58.74,$44.43,1.32,$27.03,2.17,$-12.90,0.0,$-1.58,0.0,$1.26B,$1.44B,0.87,$6.52B,$3.22B,2.03,$1.94B,$0.93B,47.73%,$1.94B,$0.28B,14.37%,$1.94B,$0.28B,14.37%,$1.94B,$0.66B,33.93%,$1.94B,$0.12B,6.33%,$1.94B,$-0.11B,-5.77%,$-0.11B,$3.22B,-3.53%,$-0.11B,$2.95B,-3.86%,$-0.11B,$12.10B,-0.95%,$0.28B,$9.74B,3.00%,$545,$250,$295,$0,$35,$398,$147,$-144,$4,$1,$3,$3,$-14,$185,$147,$72,72,$-0.18,$-0.18,$733,$0,$43,$1256,$7874,$1598,$266,$1100,$10840,$12095,$1436,$6524,$899,$7440,$8876,$767,$352,$-18,$3219,$12095,$121,$283,$-93,$190,$0,$0,$0,$-20,$-20,$291,$-566,$0,$2,$0,$-90,$-90,$-70,$-723,$617,$0,$617,$199,$199,$-68,$-225,$523,$91,$0,$-68
16,2014-06-30,54.81,$42.83,1.28,$26.81,2.04,$-14.98,0.0,$-2.30,0.0,$1.44B,$1.50B,0.96,$6.58B,$3.09B,2.13,$1.91B,$0.88B,46.04%,$1.91B,$0.16B,8.44%,$1.91B,$0.16B,8.44%,$1.91B,$0.54B,28.26%,$1.91B,$-0.05B,-2.78%,$1.91B,$-0.16B,-8.55%,$-0.16B,$3.09B,-5.18%,$-0.16B,$2.82B,-5.68%,$-0.16B,$12.06B,-1.40%,$0.16B,$9.67B,1.77%,$490,$257,$233,$0,$32,$402,$88,$3,$91,$3,$88,$88,$2,$173,$88,$72,74,$0.03,$0.03,$776,$0,$40,$1438,$7829,$1558,$270,$961,$10617,$12056,$1501,$6576,$870,$7461,$8962,$756,$346,$-18,$3094,$12056,$34,$187,$-2,$185,$0,$0,$0,$-17,$-17,$202,$-437,$0,$-2,$0,$-105,$-105,$19,$-526,$589,$0,$589,$52,$52,$-45,$-137,$459,$134,$0,$-45
17,2014-03-31,49.24,$44.18,1.11,$26.57,1.85,$-14.71,0.0,$-1.54,0.0,$1.38B,$1.92B,0.72,$5.78B,$3.18B,1.82,$1.89B,$0.85B,45.23%,$1.89B,$0.11B,5.89%,$1.89B,$0.11B,5.89%,$1.89B,$0.49B,26.03%,$1.89B,$0.05B,2.55%,$1.89B,$-0.11B,-5.78%,$-0.11B,$3.18B,-3.43%,$-0.11B,$2.91B,-3.75%,$-0.11B,$11.64B,-0.95%,$0.11B,$8.96B,1.26%,$452,$245,$207,$0,$37,$373,$79,$-92,$-12,$3,$-15,$-15,$-43,$205,$79,$72,72,$-0.60,$-0.60,$610,$0,$192,$1379,$7599,$1468,$273,$918,$10257,$11636,$1916,$5776,$749,$6540,$8457,$752,$411,$-18,$3180,$11636,$49,$93,$-8,$85,$0,$0,$0,$-31,$-31,$104,$-106,$0,$-2,$0,$-50,$-50,$12,$-147,$93,$0,$93,$35,$35,$-23,$-92,$13,$-31,$0,$-23
18,2013-12-31,41.79,$45.29,0.92,$25.93,1.61,$-15.87,0.0,$-1.62,0.0,$1.68B,$1.95B,0.86,$5.68B,$3.20B,1.77,$1.83B,$0.81B,44.18%,$1.83B,$0.06B,3.39%,$1.83B,$0.06B,3.39%,$1.83B,$0.43B,23.65%,$1.83B,$0.04B,2.08%,$1.83B,$-0.12B,-6.28%,$-0.12B,$3.20B,-3.62%,$-0.12B,$2.93B,-3.98%,$-0.12B,$11.56B,-1.02%,$0.06B,$8.88B,0.71%,$506,$252,$254,$0,$38,$395,$112,$-60,$52,$3,$49,$49,$-0,$96,$112,$71,71,$-0.01,$-0.01,$853,$0,$236,$1675,$7351,$1396,$274,$860,$9881,$11556,$1946,$5680,$711,$6407,$8353,$714,$435,$-17,$3203,$11556,$35,$369,$-104,$265,$-78,$0,$-11,$-75,$-8,$293,$-706,$0,$0,$0,$-478,$-478,$0,$-1184,$728,$0,$728,$474,$474,$-90,$-245,$867,$-25,$0,$-90
19,2013-09-30,36.94,$43.85,0.84,$26.48,1.4,$-9.77,0.0,$-1.97,0.0,$1.48B,$1.77B,0.83,$5.82B,$3.11B,1.87,$1.86B,$0.81B,43.55%,$1.86B,$-0.28B,-15.22%,$1.86B,$-0.28B,-15.22%,$1.86B,$0.09B,4.68%,$1.86B,$-0.28B,-14.84%,$1.86B,$-0.14B,-7.42%,$-0.14B,$3.11B,-4.35%,$-0.14B,$2.83B,-4.78%,$-0.14B,$11.40B,-1.24%,$-0.28B,$8.92B,-3.27%,$494,$261,$233,$0,$34,$493,$0,$-8,$-8,$-1,$-7,$-7,$-71,$65,$0,$70,70,$-1.01,$-1.01,$823,$0,$29,$1480,$7536,$1207,$279,$903,$9924,$11404,$1774,$5816,$685,$6525,$8298,$706,$500,$-12,$3106,$11404,$43,$274,$-125,$148,$0,$0,$0,$-96,$-96,$95,$-506,$0,$0,$0,$-293,$-293,$-34,$-832,$684,$0,$684,$272,$272,$-68,$-171,$716,$-21,$0,$-68
20,2013-06-30,34.83,$45.74,0.76,$26.82,1.3,$-2.88,0.0,$-1.57,0.0,$1.44B,$1.86B,0.77,$5.27B,$3.23B,1.63,$1.88B,$0.84B,44.53%,$1.88B,$-0.21B,-10.93%,$1.88B,$-0.21B,-10.93%,$1.88B,$0.17B,8.80%,$1.88B,$-0.20B,-10.51%,$1.88B,$-0.11B,-5.81%,$-0.11B,$3.23B,-3.30%,$-0.11B,$2.95B,-3.62%,$-0.11B,$11.12B,-0.98%,$-0.21B,$8.51B,-2.39%,$455,$271,$184,$0,$32,$485,$-30,$-55,$-85,$-1,$-85,$-85,$-49,$125,$-30,$71,71,$-0.69,$-0.69,$779,$0,$33,$1436,$7450,$1039,$283,$910,$9682,$11118,$1863,$5273,$719,$6020,$7883,$700,$563,$-12,$3234,$11118,$127,$179,$-167,$12,$0,$0,$0,$-79,$-79,$67,$-280,$0,$0,$0,$-136,$-136,$-35,$-452,$226,$0,$226,$229,$229,$-45,$-124,$286,$-99,$2,$-45
21,2013-03-31,30.54,$44.91,0.68,$27.81,1.1,$2.13,14.35,$-2.41,0.0,$1.49B,$1.45B,1.03,$5.50B,$3.15B,1.74,$1.93B,$0.88B,45.42%,$1.93B,$-0.17B,-8.60%,$1.93B,$-0.17B,-8.60%,$1.93B,$0.21B,10.62%,$1.93B,$-0.33B,-17.09%,$1.93B,$-0.17B,-8.65%,$-0.17B,$3.15B,-5.05%,$-0.17B,$2.87B,-5.54%,$-0.17B,$11.03B,-1.50%,$-0.17B,$8.65B,-1.92%,$431,$249,$182,$0,$35,$401,$29,$60,$89,$2,$88,$88,$11,$147,$29,$70,71,$0.16,$0.16,$715,$0,$166,$1489,$7314,$1064,$288,$878,$9544,$11033,$1445,$5498,$908,$6435,$7880,$685,$619,$-14,$3153,$11033,$40,$84,$-36,$48,$0,$0,$0,$-122,$-122,$-34,$-50,$0,$0,$0,$-134,$-134,$-33,$-217,$172,$0,$172,$4,$4,$-23,$-63,$91,$-160,$-1,$-23
22,2012-12-31,26.98,$45.79,0.59,$28.50,0.95,$6.25,4.31,$-2.30,0.0,$1.56B,$1.52B,1.02,$5.33B,$3.19B,1.67,$1.98B,$0.90B,45.33%,$1.98B,$-0.15B,-7.62%,$1.98B,$-0.15B,-7.62%,$1.98B,$0.23B,11.76%,$1.98B,$-0.33B,-16.41%,$1.98B,$-0.16B,-8.08%,$-0.16B,$3.19B,-4.76%,$-0.16B,$2.90B,-5.22%,$-0.16B,$11.00B,-1.44%,$-0.15B,$8.52B,-1.73%,$451,$241,$210,$0,$39,$388,$63,$-21,$42,$3,$40,$40,$-6,$-250,$63,$70,70,$-0.09,$-0.09,$809,$0,$193,$1555,$7321,$972,$293,$860,$9447,$11002,$1523,$5330,$929,$6288,$7811,$682,$648,$-15,$3191,$11002,$-311,$383,$367,$750,$-133,$0,$18,$-15,$-150,$289,$-273,$0,$-92,$0,$-184,$-184,$-93,$-641,$71,$0,$71,$508,$508,$-83,$-196,$300,$-53,$0,$-83
23,2012-09-30,25.96,$52.16,0.5,$28.56,0.91,$-2.73,0.0,$-0.26,0.0,$1.41B,$1.52B,0.93,$5.04B,$3.63B,1.39,$1.99B,$0.87B,43.50%,$1.99B,$0.30B,15.15%,$1.99B,$0.30B,15.15%,$1.99B,$0.69B,34.52%,$1.99B,$0.06B,2.76%,$1.99B,$-0.01B,-0.35%,$-0.01B,$3.63B,-0.21%,$-0.01B,$3.34B,-0.23%,$-0.01B,$11.24B,-0.06%,$0.30B,$8.67B,3.42%,$523,$289,$234,$0,$35,$868,$-345,$23,$-322,$-13,$-309,$-309,$-94,$143,$-345,$69,69,$-1.36,$-1.36,$754,$0,$173,$1407,$7742,$956,$291,$826,$9836,$11244,$1520,$5037,$1022,$6096,$7616,$677,$754,$-27,$3628,$11244,$-3,$288,$25,$313,$0,$0,$0,$-58,$-58,$263,$-188,$0,$0,$0,$-162,$-162,$-76,$-426,$-237,$0,$-237,$504,$504,$-61,$-147,$58,$-105,$7,$-61
24,2012-06-30,24.09,$47.05,0.51,$28.54,0.84,$-10.72,0.0,$-4.17,0.0,$1.28B,$1.39B,0.92,$5.44B,$3.26B,1.67,$1.99B,$0.87B,43.55%,$1.99B,$0.18B,8.94%,$1.99B,$0.18B,8.94%,$1.99B,$0.57B,28.43%,$1.99B,$-0.28B,-14.06%,$1.99B,$-0.28B,-13.96%,$-0.28B,$3.26B,-8.71%,$-0.28B,$2.96B,-9.62%,$-0.28B,$11.16B,-2.55%,$0.18B,$8.69B,2.04%,$470,$261,$209,$0,$35,$421,$48,$-55,$-6,$4,$-10,$-10,$-20,$165,$48,$69,69,$-0.29,$-0.29,$688,$0,$139,$1280,$7641,$1060,$295,$855,$9875,$11155,$1390,$5435,$1035,$6507,$7897,$670,$697,$-28,$3259,$11155,$8,$194,$3,$197,$0,$0,$0,$-107,$-107,$139,$-0,$0,$0,$0,$-160,$-160,$-47,$-207,$173,$0,$173,$69,$69,$-45,$-156,$41,$-26,$4,$-45
25,2012-03-31,28.33,$48.65,0.58,$28.34,1.0,$-17.62,0.0,$-4.85,0.0,$1.39B,$1.16B,1.2,$5.66B,$3.37B,1.68,$1.99B,$0.85B,42.63%,$1.99B,$0.15B,7.64%,$1.99B,$0.15B,7.64%,$1.99B,$0.54B,27.00%,$1.99B,$-0.34B,-17.04%,$1.99B,$-0.33B,-16.44%,$-0.33B,$3.37B,-10.21%,$-0.33B,$3.07B,-11.33%,$-0.33B,$11.17B,-3.09%,$0.15B,$9.03B,1.79%,$487,$262,$224,$0,$36,$419,$68,$-112,$-44,$-2,$-42,$-42,$-47,$175,$68,$69,69,$-0.68,$-0.68,$837,$0,$128,$1389,$7595,$1051,$299,$810,$9780,$11169,$1159,$5664,$942,$6644,$7803,$666,$758,$-26,$3366,$11169,$50,$97,$-26,$70,$0,$0,$0,$-74,$-74,$57,$149,$0,$0,$0,$-154,$-154,$-23,$-29,$136,$0,$136,$70,$70,$-21,$-192,$-8,$20,$1,$-21
26,2011-12-31,21.53,$48.07,0.45,$27.98,0.77,$-22.82,0.0,$-5.28,0.0,$1.26B,$1.13B,1.12,$5.64B,$3.30B,1.71,$1.98B,$0.84B,42.26%,$1.98B,$0.11B,5.47%,$1.98B,$0.11B,5.47%,$1.98B,$0.49B,24.85%,$1.98B,$-0.37B,-18.83%,$1.98B,$-0.36B,-18.12%,$-0.36B,$3.30B,-11.17%,$-0.36B,$3.00B,-12.44%,$-0.36B,$11.14B,-3.49%,$0.11B,$8.95B,1.32%,$501,$270,$231,$0,$38,$423,$78,$-31,$47,$-4,$50,$50,$1,$205,$78,$69,70,$0.02,$0.02,$720,$0,$94,$1259,$7891,$864,$303,$821,$9879,$11138,$1127,$5643,$1026,$6707,$7834,$661,$803,$-24,$3304,$11138,$-376,$382,$250,$632,$-69,$0,$12,$-64,$-140,$107,$-722,$0,$-323,$0,$-108,$-108,$-19,$-1171,$695,$0,$695,$509,$509,$-93,$-134,$977,$-88,$16,$-93
27,2011-09-30,17.99,$41.23,0.44,$27.27,0.66,$-12.16,0.0,$-4.81,0.0,$1.28B,$1.01B,1.27,$5.35B,$2.84B,1.88,$1.94B,$0.85B,43.88%,$1.94B,$0.03B,1.59%,$1.94B,$0.03B,1.59%,$1.94B,$0.42B,21.50%,$1.94B,$-0.26B,-13.12%,$1.94B,$-0.33B,-17.03%,$-0.33B,$2.84B,-10.30%,$-0.33B,$2.53B,-11.53%,$-0.33B,$10.15B,-3.33%,$0.03B,$8.19B,0.39%,$535,$332,$203,$0,$3,$427,$108,$-50,$58,$-0,$58,$58,$59,$21,$108,$70,70,$0.86,$0.86,$888,$0,$27,$1277,$6931,$848,$308,$770,$8870,$10147,$1007,$5350,$910,$6299,$7306,$661,$695,$-16,$2841,$10147,$-435,$285,$284,$569,$0,$0,$0,$-86,$-86,$48,$-528,$0,$0,$0,$-96,$-96,$16,$-607,$610,$0,$610,$173,$173,$-70,$-158,$555,$-4,$15,$-70
28,2011-06-30,24.3,$47.09,0.52,$26.93,0.9,$-2.23,0.0,$-3.16,0.0,$1.06B,$1.42B,0.75,$4.48B,$3.30B,1.36,$1.94B,$0.83B,42.75%,$1.94B,$0.11B,5.66%,$1.94B,$0.11B,5.66%,$1.94B,$0.50B,25.62%,$1.94B,$-0.12B,-6.07%,$1.94B,$-0.23B,-11.63%,$-0.23B,$3.30B,-6.97%,$-0.23B,$2.95B,-7.85%,$-0.23B,$9.92B,-2.29%,$0.11B,$7.78B,1.40%,$468,$259,$209,$0,$49,$544,$-76,$-264,$-341,$1,$-342,$-342,$-291,$136,$-76,$69,69,$-4.20,$-4.20,$618,$0,$55,$1059,$6931,$873,$350,$695,$8863,$9922,$1420,$4484,$683,$5206,$6626,$670,$1029,$-5,$3296,$9922,$-93,$189,$-12,$177,$0,$0,$0,$-70,$-70,$7,$-354,$0,$0,$0,$-77,$-77,$12,$-419,$94,$0,$94,$187,$187,$-46,$-106,$129,$-282,$14,$-46
29,2011-03-31,28.8,$47.11,0.61,$27.66,1.04,$4.79,6.02,$-3.90,0.0,$1.14B,$1.35B,0.84,$4.45B,$3.38B,1.32,$2.01B,$0.89B,44.06%,$2.01B,$0.16B,8.06%,$2.01B,$0.16B,8.06%,$2.01B,$0.56B,27.65%,$2.01B,$-0.17B,-8.25%,$2.01B,$-0.28B,-14.07%,$-0.28B,$3.38B,-8.92%,$-0.28B,$3.03B,-10.11%,$-0.28B,$9.83B,-2.89%,$0.16B,$7.83B,2.06%,$485,$280,$205,$0,$51,$443,$42,$-145,$-103,$2,$-105,$-105,$-96,$129,$42,$71,71,$-1.36,$-1.36,$686,$0,$44,$1142,$6753,$884,$354,$683,$8691,$9832,$1353,$4451,$604,$5096,$6449,$685,$1157,$-3,$3384,$9832,$13,$94,$-111,$-17,$0,$0,$0,$-87,$-87,$-93,$-71,$0,$0,$0,$-74,$-74,$5,$-140,$5,$0,$5,$91,$91,$-23,$-53,$20,$-212,$14,$-23
30,2010-12-31,25.56,$46.27,0.55,$28.75,0.89,$7.89,3.24,$-3.68,0.0,$1.26B,$1.16B,1.09,$4.63B,$3.33B,1.39,$2.10B,$0.94B,44.61%,$2.10B,$0.23B,11.16%,$2.10B,$0.23B,11.16%,$2.10B,$0.63B,29.91%,$2.10B,$-0.17B,-8.25%,$2.10B,$-0.27B,-12.74%,$-0.27B,$3.33B,-8.57%,$-0.27B,$2.97B,-9.79%,$-0.27B,$9.91B,-2.73%,$0.23B,$7.96B,2.94%,$488,$270,$218,$0,$70,$454,$34,$-21,$14,$1,$13,$13,$-30,$132,$34,$72,72,$-0.41,$-0.41,$893,$0,$30,$1263,$6771,$806,$359,$696,$8649,$9912,$1155,$4626,$757,$5425,$6580,$673,$1314,$-8,$3332,$9912,$-167,$392,$199,$591,$-22,$0,$-11,$-45,$-12,$412,$-272,$0,$0,$0,$-161,$-161,$20,$-413,$-16,$0,$-16,$606,$606,$-93,$-138,$359,$357,$15,$-93
31,2010-09-30,20.41,$40.46,0.5,$29.14,0.7,$7.24,2.82,$-4.62,0.0,$1.09B,$0.90B,1.22,$4.89B,$2.95B,1.65,$2.13B,$0.92B,43.20%,$2.13B,$0.22B,10.12%,$2.13B,$0.22B,10.12%,$2.13B,$0.60B,28.38%,$2.13B,$-0.26B,-12.24%,$2.13B,$-0.32B,-15.20%,$-0.32B,$2.95B,-10.57%,$-0.32B,$2.57B,-12.18%,$-0.32B,$9.82B,-3.34%,$0.22B,$7.84B,2.70%,$503,$281,$221,$0,$48,$471,$31,$144,$175,$-2,$178,$178,$86,$101,$31,$73,73,$1.17,$1.17,$757,$0,$43,$1090,$6725,$727,$384,$883,$8732,$9822,$896,$4885,$1044,$5973,$6869,$677,$1228,$-4,$2953,$9822,$-344,$292,$392,$684,$0,$0,$0,$-4,$-4,$347,$-127,$0,$0,$0,$-122,$-122,$23,$-225,$42,$0,$42,$377,$377,$-70,$-202,$148,$270,$12,$-70
32,2010-06-30,19.75,$41.50,0.48,$29.62,0.67,$5.13,3.85,$-4.03,0.0,$1.08B,$0.85B,1.27,$4.81B,$3.03B,1.59,$2.16B,$0.92B,42.42%,$2.16B,$0.24B,10.99%,$2.16B,$0.24B,10.99%,$2.16B,$0.62B,28.51%,$2.16B,$-0.21B,-9.78%,$2.16B,$-0.28B,-12.93%,$-0.28B,$3.03B,-9.13%,$-0.28B,$2.63B,-10.57%,$-0.28B,$9.66B,-2.90%,$0.24B,$7.84B,2.97%,$468,$281,$187,$0,$47,$465,$3,$-207,$-204,$9,$-213,$-213,$-186,$194,$3,$73,73,$-2.55,$-2.55,$702,$0,$34,$1080,$6762,$616,$403,$783,$8581,$9661,$851,$4810,$929,$5781,$6633,$673,$1398,$-21,$3028,$9661,$-131,$195,$204,$398,$0,$0,$0,$-50,$-50,$220,$-65,$0,$0,$0,$-5,$-5,$8,$-61,$-6,$0,$-6,$200,$200,$-46,$-88,$60,$219,$8,$-46
33,2010-03-31,16.95,$43.16,0.39,$29.37,0.58,$4.14,4.09,$0.26,65.19,$1.11B,$0.80B,1.38,$5.02B,$3.15B,1.6,$2.14B,$0.86B,40.43%,$2.14B,$0.20B,9.41%,$2.14B,$0.20B,9.41%,$2.14B,$0.57B,26.58%,$2.14B,$0.13B,6.04%,$2.14B,$0.03B,1.54%,$0.03B,$3.15B,1.08%,$0.03B,$2.74B,1.26%,$0.03B,$9.71B,0.34%,$0.20B,$8.17B,2.51%,$552,$293,$260,$0,$50,$458,$94,$-245,$-151,$-5,$-145,$-145,$-153,$200,$94,$73,73,$-2.10,$-2.10,$698,$0,$52,$1105,$6801,$637,$410,$745,$8600,$9705,$802,$5024,$685,$5755,$6557,$668,$1567,$-5,$3148,$9705,$14,$95,$39,$134,$0,$0,$0,$-52,$-52,$95,$-35,$0,$0,$0,$-4,$-4,$5,$-34,$122,$0,$122,$96,$96,$-23,$-43,$152,$213,$4,$-23
34,2009-12-31,17.09,$42.59,0.4,$29.97,0.57,$3.99,4.28,$1.57,10.89,$0.86B,$0.84B,1.02,$4.93B,$3.10B,1.59,$2.18B,$0.83B,38.19%,$2.18B,$0.17B,7.84%,$2.18B,$0.17B,7.84%,$2.18B,$0.53B,24.35%,$2.18B,$0.23B,10.68%,$2.18B,$0.13B,5.91%,$0.13B,$3.10B,5.68%,$0.13B,$2.68B,6.63%,$0.13B,$9.52B,1.79%,$0.17B,$8.03B,2.86%,$573,$306,$267,$0,$48,$467,$106,$-99,$7,$-7,$14,$14,$-14,$108,$106,$73,73,$-0.19,$-0.19,$486,$0,$43,$860,$6836,$644,$417,$754,$8657,$9517,$839,$4931,$640,$5582,$6422,$656,$1585,$-2,$3096,$9517,$210,$361,$-279,$83,$0,$0,$0,$71,$71,$368,$-275,$0,$0,$0,$-33,$-33,$1,$-307,$-607,$0,$-607,$329,$329,$-92,$-83,$-453,$-392,$11,$-92
35,2009-09-30,15.9,$40.73,0.39,$33.74,0.47,$4.63,3.43,$-7.77,0.0,$0.93B,$0.93B,1.0,$4.95B,$2.96B,1.67,$2.45B,$0.89B,36.12%,$2.45B,$-0.06B,-2.33%,$2.45B,$-0.06B,-2.33%,$2.45B,$0.29B,12.00%,$2.45B,$-0.71B,-29.10%,$2.45B,$-0.67B,-27.43%,$-0.67B,$2.96B,-31.11%,$-0.67B,$2.51B,-36.91%,$-0.67B,$9.66B,-9.12%,$-0.06B,$7.90B,-0.95%,$532,$329,$204,$0,$52,$520,$12,$76,$88,$11,$77,$77,$30,$113,$12,$73,73,$0.41,$0.41,$566,$0,$76,$929,$6891,$565,$442,$835,$8733,$9662,$927,$4948,$815,$5780,$6707,$652,$1564,$-17,$2956,$9662,$133,$265,$-186,$79,$0,$0,$0,$74,$74,$298,$-233,$0,$0,$0,$-7,$-7,$24,$-216,$-485,$0,$-485,$235,$235,$-69,$-82,$-401,$-319,$9,$-69
36,2009-06-30,15.02,$41.81,0.36,$38.91,0.39,$3.11,4.82,$-4.40,0.0,$0.90B,$0.89B,1.01,$4.94B,$3.03B,1.63,$2.83B,$1.05B,37.09%,$2.83B,$0.15B,5.16%,$2.83B,$0.15B,5.16%,$2.83B,$0.50B,17.52%,$2.83B,$-0.44B,-15.61%,$2.83B,$-0.43B,-15.08%,$-0.43B,$3.03B,-30.04%,$-0.43B,$2.58B,-35.82%,$-0.43B,$9.60B,-8.62%,$0.15B,$7.98B,3.65%,$500,$316,$184,$0,$50,$476,$25,$-180,$-155,$11,$-166,$-166,$-142,$147,$25,$73,73,$-1.96,$-1.96,$542,$0,$65,$896,$6881,$567,$450,$807,$8705,$9601,$888,$4943,$730,$5680,$6567,$649,$1702,$-45,$3033,$9601,$298,$177,$-302,$-125,$0,$0,$0,$56,$56,$229,$-146,$0,$0,$0,$-8,$-8,$27,$-127,$-483,$0,$-483,$133,$133,$-46,$-48,$-444,$-341,$6,$-46
37,2009-03-31,9.93,$0.00,0.0,$42.66,0.23,$0.17,59.86,$-5.16,0.0,$0.00B,$0.00B,0.0,$0.00B,$0.00B,0.0,$3.11B,$1.16B,37.27%,$3.11B,$0.23B,7.27%,$3.11B,$0.23B,7.27%,$3.11B,$0.58B,18.65%,$3.11B,$-0.42B,-13.50%,$3.11B,$-0.40B,-12.96%,$-0.40B,$0.00B,-29.95%,$-0.40B,$0.00B,-38.68%,$-0.40B,$0.00B,-7.51%,$0.23B,$0.00B,5.30%,$532,$323,$209,$0,$49,$475,$58,$131,$189,$-5,$194,$194,$159,$163,$58,$73,73,$2.20,$2.19,$0,$0,$0,$0,$0,$0,$0,$0,$0,$0,$0,$0,$0,$0,$0,$0,$0,$0,$0,$0,$105,$87,$-105,$-18,$0,$0,$0,$50,$50,$137,$-88,$0,$0,$0,$0,$0,$8,$-80,$-128,$0,$-128,$70,$70,$-23,$-20,$-101,$-44,$4,$-23
38,2008-12-31,13.46,$36.58,0.37,$44.21,0.3,$-3.00,0.0,$-6.07,0.0,$1.40B,$1.03B,1.35,$5.38B,$2.65B,2.03,$3.23B,$1.20B,37.16%,$3.23B,$0.26B,8.08%,$3.23B,$0.26B,8.08%,$3.23B,$0.60B,18.71%,$3.23B,$-0.52B,-15.98%,$3.23B,$-0.47B,-14.56%,$-0.47B,$2.65B,-23.74%,$-0.47B,$2.18B,-31.40%,$-0.47B,$10.22B,-5.90%,$0.26B,$8.03B,4.15%,$617,$380,$236,$0,$48,$541,$76,$35,$111,$6,$105,$105,$82,$-129,$76,$73,73,$1.12,$1.12,$873,$0,$103,$1395,$7267,$174,$468,$912,$8820,$10215,$1031,$5377,$1148,$6531,$7563,$643,$1508,$-82,$2652,$10215,$-460,$344,$765,$1109,$-51,$0,$-30,$-71,$-130,$524,$-385,$0,$-305,$0,$9,$9,$-147,$-828,$563,$0,$563,$274,$274,$-83,$-77,$676,$371,$14,$-83
39,2008-09-30,17.77,$0.00,0.0,$41.67,0.43,$-10.15,0.0,$3.18,5.59,$0.00B,$0.00B,0.0,$0.00B,$0.00B,0.0,$3.07B,$1.14B,37.19%,$3.07B,$0.50B,16.44%,$3.07B,$0.50B,16.44%,$3.07B,$0.84B,27.24%,$3.07B,$0.15B,4.89%,$3.07B,$0.10B,3.39%,$0.10B,$0.00B,4.91%,$0.10B,$0.00B,6.63%,$0.10B,$0.00B,1.30%,$0.50B,$0.00B,7.76%,$801,$546,$256,$0,$38,$1018,$-216,$-642,$-858,$-19,$-840,$-840,$-771,$315,$-216,$72,72,$-10.64,$-10.60,$0,$0,$0,$0,$0,$0,$0,$0,$0,$0,$0,$0,$0,$0,$0,$0,$0,$0,$0,$0,$233,$257,$-9,$248,$-80,$0,$-9,$-95,$-164,$317,$-362,$0,$-259,$0,$9,$9,$-218,$-830,$853,$0,$853,$274,$274,$-60,$-122,$946,$433,$9,$-60
40,2008-06-30,30.23,$37.69,0.8,$37.71,0.8,$-10.85,0.0,$2.00,15.12,$1.13B,$0.85B,1.33,$6.29B,$2.73B,2.3,$2.79B,$1.01B,36.26%,$2.79B,$0.36B,12.79%,$2.79B,$0.36B,12.79%,$2.79B,$0.67B,23.90%,$2.79B,$0.05B,1.83%,$2.79B,$0.02B,0.64%,$0.02B,$2.73B,0.65%,$0.02B,$1.98B,0.87%,$0.02B,$11.26B,0.17%,$0.36B,$9.02B,4.22%,$881,$532,$349,$0,$44,$653,$228,$-111,$116,$-26,$142,$142,$103,$231,$228,$72,73,$1.42,$1.41,$574,$0,$86,$1132,$7357,$204,$748,$1816,$10126,$11257,$850,$6288,$644,$7677,$8527,$635,$2097,$-1,$2731,$11257,$91,$170,$43,$212,$-86,$0,$4,$-34,$-104,$199,$-331,$0,$-257,$0,$10,$10,$-180,$-758,$443,$0,$443,$266,$266,$-40,$-54,$616,$56,$6,$-40
41,2008-03-31,28.24,$35.07,0.81,$34.16,0.83,$-10.17,0.0,$1.61,17.54,$1.12B,$1.04B,1.07,$5.58B,$2.54B,2.2,$2.55B,$0.93B,36.61%,$2.55B,$0.35B,13.55%,$2.55B,$0.35B,13.55%,$2.55B,$0.62B,24.47%,$2.55B,$0.01B,0.31%,$2.55B,$0.00B,0.12%,$0.00B,$2.54B,0.11%,$0.00B,$1.82B,0.14%,$0.00B,$10.41B,0.03%,$0.35B,$8.12B,4.32%,$811,$493,$318,$0,$71,$673,$138,$73,$211,$-11,$222,$222,$183,$187,$138,$72,73,$2.53,$2.50,$614,$0,$92,$1115,$7072,$210,$715,$1294,$9291,$10406,$1043,$5584,$676,$6828,$7871,$628,$2142,$-235,$2535,$10406,$15,$77,$26,$103,$0,$0,$0,$-45,$-45,$73,$-256,$0,$0,$0,$2,$2,$27,$-227,$309,$0,$309,$-21,$-21,$-20,$-1,$267,$113,$3,$-20
42,2007-12-31,35.18,$43.98,0.8,$31.89,1.1,$-9.10,0.0,$2.42,14.54,$1.03B,$0.93B,1.1,$5.64B,$3.20B,1.76,$2.39B,$0.92B,38.48%,$2.39B,$0.36B,15.03%,$2.39B,$0.36B,15.03%,$2.39B,$0.62B,25.84%,$2.39B,$0.07B,2.89%,$2.39B,$0.06B,2.68%,$0.06B,$3.20B,2.26%,$0.06B,$2.47B,2.92%,$0.06B,$10.42B,0.68%,$0.36B,$8.84B,4.71%,$736,$459,$277,$0,$68,$625,$111,$-96,$15,$0,$15,$15,$15,$102,$111,$73,73,$0.21,$0.21,$498,$0,$137,$1025,$6847,$214,$733,$1599,$9394,$10419,$933,$5638,$571,$6285,$7218,$629,$2023,$5,$3200,$10419,$72,$258,$103,$361,$-45,$0,$19,$-114,$-129,$304,$-696,$0,$-1109,$0,$-33,$-33,$-433,$-2270,$1930,$0,$1930,$246,$246,$-72,$-39,$2065,$99,$10,$-72
43,2007-09-30,38.69,$36.61,1.06,$31.19,1.24,$1.52,25.42,$3.10,12.48,$0.75B,$0.64B,1.19,$5.19B,$2.68B,1.94,$2.34B,$0.97B,41.66%,$2.34B,$0.44B,18.95%,$2.34B,$0.44B,18.95%,$2.34B,$0.68B,28.96%,$2.34B,$0.38B,16.12%,$2.34B,$0.36B,15.48%,$0.36B,$2.68B,13.61%,$0.36B,$1.98B,17.47%,$0.36B,$9.63B,4.11%,$0.44B,$7.88B,6.44%,$637,$441,$196,$0,$71,$609,$27,$-219,$-192,$0,$-189,$-189,$-197,$147,$27,$73,75,$-2.67,$-2.63,$360,$0,$47,$752,$6638,$211,$700,$1324,$8873,$9626,$635,$5194,$507,$6309,$6944,$618,$2044,$10,$2682,$9626,$172,$183,$-20,$163,$0,$0,$0,$-98,$-98,$237,$-336,$0,$-1109,$0,$-5,$-5,$-161,$-1611,$1335,$0,$1335,$65,$65,$-52,$-21,$1327,$-47,$7,$-52
44,2007-06-30,37.94,$38.00,1.0,$29.46,1.29,$8.38,4.53,$3.94,9.63,$0.76B,$1.16B,0.66,$4.31B,$2.81B,1.53,$2.21B,$0.94B,42.73%,$2.21B,$0.47B,21.14%,$2.21B,$0.47B,21.14%,$2.21B,$0.69B,31.01%,$2.21B,$0.44B,19.92%,$2.21B,$0.43B,19.24%,$0.43B,$2.81B,16.46%,$0.43B,$2.25B,20.56%,$0.43B,$9.41B,5.37%,$0.47B,$7.13B,7.52%,$607,$386,$221,$0,$61,$526,$81,$-64,$17,$0,$17,$17,$17,$187,$81,$74,75,$0.23,$0.23,$435,$0,$22,$760,$5630,$1114,$566,$1235,$8651,$9411,$1157,$4313,$480,$5443,$6599,$620,$2085,$98,$2811,$9411,$253,$117,$-116,$1,$0,$0,$0,$-101,$-101,$153,$-237,$0,$-897,$0,$-341,$-341,$7,$-1469,$1278,$0,$1278,$108,$108,$-35,$-87,$1264,$-52,$5,$-35
45,2007-03-31,35.29,$35.60,0.99,$27.53,1.28,$14.62,2.41,$3.17,11.13,$0.89B,$0.74B,1.2,$4.02B,$2.62B,1.53,$2.07B,$0.87B,42.16%,$2.07B,$0.41B,19.85%,$2.07B,$0.41B,19.85%,$2.07B,$0.62B,29.86%,$2.07B,$0.29B,14.13%,$2.07B,$0.28B,13.41%,$0.28B,$2.62B,11.15%,$0.28B,$2.08B,13.81%,$0.28B,$8.44B,3.96%,$0.41B,$6.64B,7.26%,$566,$327,$238,$0,$56,$440,$126,$42,$168,$0,$168,$168,$168,$181,$126,$74,75,$2.27,$2.23,$492,$0,$135,$888,$5673,$208,$541,$1131,$7553,$8441,$743,$4021,$529,$5077,$5820,$607,$1999,$6,$2621,$8441,$76,$56,$13,$68,$0,$0,$0,$-63,$-63,$81,$-188,$0,$0,$0,$-140,$-140,$4,$-324,$358,$0,$358,$12,$12,$-17,$-84,$269,$27,$2,$-17
46,2006-12-31,28.29,$34.71,0.82,$26.76,1.06,$20.55,1.38,$3.50,8.08,$0.75B,$0.78B,0.96,$3.35B,$2.53B,1.33,$2.01B,$0.84B,41.81%,$2.01B,$0.43B,21.25%,$2.01B,$0.43B,21.25%,$2.01B,$0.63B,31.23%,$2.01B,$0.32B,15.79%,$2.01B,$0.30B,15.04%,$0.30B,$2.53B,12.50%,$0.30B,$1.98B,15.32%,$0.30B,$7.73B,4.82%,$0.43B,$5.88B,8.26%,$578,$315,$264,$0,$59,$453,$125,$-49,$76,$0,$76,$76,$76,$162,$125,$73,75,$1.04,$1.02,$430,$0,$47,$747,$5308,$211,$547,$920,$6986,$7733,$776,$3351,$552,$4430,$5205,$597,$1943,$-12,$2528,$7733,$303,$202,$-3,$199,$-15,$0,$19,$-53,$19,$521,$-116,$0,$-465,$0,$-15,$-15,$-118,$-713,$771,$0,$771,$-61,$-61,$-63,$-347,$299,$107,$9,$-63
