,Date,Stock Price,Book Value per Share,Price to Book Ratio,TTM Sales per Share,Price to Sales Ratio,TTM FCF per Share,Price to FCF Ratio,TTM Net EPS,PE Ratio,Current Assets,Current Liabilities,Current Ratio,Long Term Debt,Shareholder's Equity_x,Debt to Equity Ratio,TTM Revenue_x,TTM Gross Profit,Gross Margin,TTM Revenue_y,TTM Operating Income,Operating Margin,TTM Revenue_x,TTM EBIT,EBIT Margin,TTM Revenue_y,TTM EBITDA,EBITDA Margin,TTM Revenue_x,TTM Pre-Tax Income,Pre-Tax Margin,TTM Revenue_y,TTM Net Income_x,Net Margin,TTM Net Income_y,Shareholder's Equity_y,Return on Equity,TTM Net Income_x,Tangible Equity,Return on Tangible Equity,TTM Net Income_y,Total Assets,Return on Assets,TTM Net Income,LT Investments & Debt,Return on Investment,revenue,cost-goods-sold,gross-profit,research-development-expenses,selling-general-administrative-expenses,operating-expenses,operating-income,total-non-operating-income-expense,pre-tax-income,total-provision-income-taxes,income-after-taxes,income-from-continuous-operations,net-income,ebitda,ebit,basic-shares-outstanding,shares-outstanding,eps-basic-net-earnings-per-share,eps-earnings-per-share-diluted,cash-on-hand,inventory,other-current-assets,total-current-assets,net-property-plant-equipment,long-term-investments,goodwill-intangible-assets-total,other-long-term-assets,total-long-term-assets,total-assets,total-current-liabilities,long-term-debt,other-non-current-liabilities,total-long-term-liabilities,total-liabilities,common-stock-net,retained-earnings-accumulated-deficit,comprehensive-income,total-share-holder-equity,total-liabilities-share-holders-equity,net-income-loss,total-depreciation-amortization-cash-flow,other-non-cash-items,total-non-cash-items,change-in-accounts-receivable,change-in-inventories,change-in-accounts-payable,change-in-assets-liabilities,total-change-in-assets-liabilities,cash-flow-from-operating-activities,net-change-in-property-plant-equipment,net-change-in-intangible-assets,net-acquisitions-divestitures,net-change-in-short-term-investments,net-change-in-long-term-investments,net-change-in-investments-total,investing-activities-other,cash-flow-from-investing-activities,net-long-term-debt,net-current-debt,debt-issuance-retirement-net-total,net-common-equity-issued-repurchased,net-total-equity-issued-repurchased,total-common-preferred-stock-dividends-paid,financial-activities-other,cash-flow-from-financial-activities,net-cash-flow,stock-based-compensation,common-stock-dividends-paid
0,2018-06-30,3.46,$0.73,4.73,$1.13,3.07,$-2.01,0.0,$-0.71,0.0,$0.05B,$0.02B,2.77,$0.13B,$0.04B,3.31,$0.06B,$0.02B,31.15%,$0.06B,$-0.02B,-36.07%,$0.06B,$-0.02B,-36.07%,$0.06B,$-0.01B,-9.84%,$0.06B,$-0.04B,-67.21%,$0.06B,$-0.04B,-67.21%,$-0.04B,$0.04B,-93.71%,$-0.04B,$-0.01B,334.69%,$-0.04B,$0.19B,-21.81%,$-0.02B,$0.17B,-13.17%,$17,$12,$5,$4,$6,$22,$-5,$-16,$-21,$0,$-21,$-21,$-21,$-1,$-5,$54,54,$-0.39,$-0.39,$14,$18,$0,$50,$83,$0,$53,$1,$137,$187,$18,$129,$0,$130,$148,$1,$-86,$-2,$39,$187,$-26,$8,$15,$23,$1,$-3,$-10,$1,$-10,$-13,$-12,$0,$0,$0,$0,$0,$0,$-12,$15,$0,$15,$0,$0,$0,$-2,$13,$-13,$1,$0
1,2018-03-31,3.36,$0.75,4.46,$1.16,2.9,$-1.85,0.0,$-0.34,0.0,$0.05B,$0.02B,2.73,$0.12B,$0.04B,3.07,$0.06B,$0.02B,35.48%,$0.06B,$-0.02B,-30.65%,$0.06B,$-0.02B,-30.65%,$0.06B,$-0.00B,-4.84%,$0.06B,$-0.02B,-33.87%,$0.06B,$-0.02B,-33.87%,$-0.02B,$0.04B,-43.30%,$-0.02B,$-0.02B,262.50%,$-0.02B,$0.18B,-11.04%,$-0.02B,$0.16B,-11.29%,$15,$9,$5,$3,$5,$18,$-4,$-1,$-5,$0,$-5,$-5,$-5,$0,$-4,$53,53,$-0.09,$-0.09,$13,$18,$0,$47,$77,$0,$57,$1,$134,$181,$17,$124,$0,$124,$141,$1,$-65,$-2,$40,$181,$-5,$4,$-0,$4,$5,$-2,$-12,$1,$-9,$-10,$-4,$0,$0,$0,$0,$0,$0,$-4,$0,$0,$0,$0,$0,$0,$0,$0,$-14,$1,$0
2,2017-12-31,3.63,$0.84,4.33,$1.26,2.88,$-1.72,0.0,$-0.23,0.0,$0.07B,$0.02B,2.68,$0.12B,$0.05B,2.7,$0.07B,$0.03B,41.79%,$0.07B,$-0.01B,-17.91%,$0.07B,$-0.01B,-17.91%,$0.07B,$0.00B,4.48%,$0.07B,$-0.02B,-22.39%,$0.07B,$-0.02B,-22.39%,$-0.02B,$0.05B,-28.30%,$-0.02B,$-0.01B,600.00%,$-0.02B,$0.19B,-7.79%,$-0.01B,$0.17B,-7.05%,$16,$10,$6,$6,$5,$21,$-5,$-1,$-6,$-0,$-6,$-6,$-6,$-1,$-5,$53,53,$-0.11,$-0.11,$27,$16,$0,$65,$68,$0,$56,$1,$125,$190,$24,$121,$0,$121,$145,$1,$-60,$-2,$45,$190,$-15,$14,$-0,$14,$2,$-5,$6,$-1,$2,$0,$-40,$0,$0,$0,$0,$0,$0,$-40,$0,$0,$0,$0,$0,$0,$0,$0,$-39,$3,$0
3,2017-09-30,6.71,$0.95,7.09,$1.30,5.17,$-1.30,0.0,$-0.23,0.0,$0.08B,$0.03B,3.16,$0.12B,$0.05B,2.35,$0.07B,$0.03B,44.93%,$0.07B,$-0.01B,-10.14%,$0.07B,$-0.01B,-10.14%,$0.07B,$0.01B,10.14%,$0.07B,$-0.01B,-20.29%,$0.07B,$-0.01B,-20.29%,$-0.01B,$0.05B,-25.00%,$-0.01B,$-0.01B,-933.33%,$-0.01B,$0.19B,-7.34%,$-0.01B,$0.17B,-4.10%,$13,$10,$3,$5,$6,$21,$-8,$-1,$-9,$0,$-9,$-9,$-9,$-4,$-8,$53,53,$-0.17,$-0.17,$38,$14,$0,$80,$57,$0,$57,$1,$115,$194,$25,$118,$0,$119,$144,$1,$-54,$-1,$51,$194,$-9,$10,$-1,$10,$-5,$-3,$4,$1,$-3,$-3,$-26,$0,$0,$0,$0,$0,$0,$-26,$0,$0,$0,$0,$0,$0,$0,$0,$-28,$2,$0
4,2017-06-30,9.15,$1.09,8.36,$1.36,6.72,$-0.94,0.0,$-0.16,0.0,$0.10B,$0.02B,4.37,$0.12B,$0.06B,1.99,$0.07B,$0.04B,50.00%,$0.07B,$0.00B,1.39%,$0.07B,$0.00B,1.39%,$0.07B,$0.01B,19.44%,$0.07B,$-0.01B,-11.11%,$0.07B,$-0.01B,-11.11%,$-0.01B,$0.06B,-13.62%,$-0.01B,$0.00B,-177.78%,$-0.01B,$0.20B,-4.23%,$0.00B,$0.17B,0.58%,$18,$10,$8,$5,$5,$20,$-2,$1,$-1,$0,$-1,$-1,$-1,$2,$-2,$53,53,$-0.02,$-0.02,$50,$14,$0,$95,$45,$0,$56,$1,$101,$196,$22,$116,$0,$116,$138,$1,$-45,$-2,$58,$196,$-0,$7,$-2,$5,$-6,$-3,$2,$-0,$-6,$-1,$-15,$0,$0,$0,$0,$0,$0,$-15,$0,$0,$0,$0,$0,$0,$0,$0,$-16,$2,$0
5,2017-03-31,7.81,$1.10,7.13,$1.34,5.83,$-0.67,0.0,$-0.19,0.0,$0.10B,$0.02B,5.62,$0.11B,$0.06B,1.95,$0.07B,$0.04B,53.52%,$0.07B,$0.00B,5.63%,$0.07B,$0.00B,5.63%,$0.07B,$0.02B,22.54%,$0.07B,$-0.01B,-14.08%,$0.07B,$-0.01B,-14.08%,$-0.01B,$0.06B,-16.60%,$-0.01B,$0.01B,-181.82%,$-0.01B,$0.19B,-5.35%,$0.00B,$0.17B,2.33%,$20,$9,$11,$4,$4,$17,$3,$-2,$1,$0,$1,$1,$1,$6,$3,$53,53,$0.02,$0.02,$59,$14,$0,$102,$34,$0,$53,$1,$88,$190,$18,$114,$0,$114,$132,$1,$-44,$-2,$58,$190,$1,$3,$0,$3,$-3,$-2,$0,$-0,$-5,$-1,$-6,$0,$0,$0,$0,$0,$0,$-6,$0,$0,$0,$0,$0,$0,$0,$0,$-7,$1,$0
6,2016-12-31,6.61,$1.07,6.2,$1.26,5.24,$-0.54,0.0,$-0.23,0.0,$0.10B,$0.02B,6.9,$0.11B,$0.06B,1.97,$0.07B,$0.04B,52.24%,$0.07B,$0.00B,2.99%,$0.07B,$0.00B,2.99%,$0.07B,$0.01B,20.90%,$0.07B,$-0.01B,-17.91%,$0.07B,$-0.01B,-17.91%,$-0.01B,$0.06B,-19.20%,$-0.01B,$0.00B,-171.43%,$-0.01B,$0.18B,-6.43%,$0.00B,$0.17B,1.16%,$18,$9,$9,$5,$4,$18,$0,$-6,$-5,$0,$-5,$-5,$-5,$3,$0,$53,53,$-0.11,$-0.11,$66,$13,$0,$103,$26,$0,$53,$1,$80,$183,$15,$111,$0,$112,$127,$1,$-45,$-2,$57,$183,$-12,$12,$6,$18,$-8,$-5,$3,$3,$-7,$-1,$-17,$0,$0,$0,$0,$0,$-3,$-20,$-0,$0,$-0,$0,$0,$0,$0,$-0,$-21,$3,$0
7,2016-09-30,7.6,$1.16,6.54,$1.12,6.8,$-0.54,0.0,$-0.24,0.0,$0.11B,$0.01B,8.48,$0.11B,$0.06B,1.83,$0.06B,$0.03B,51.61%,$0.06B,$-0.00B,-1.61%,$0.06B,$-0.00B,-1.61%,$0.06B,$0.01B,17.74%,$0.06B,$-0.01B,-20.97%,$0.06B,$-0.01B,-20.97%,$-0.01B,$0.06B,-20.00%,$-0.01B,$0.01B,-144.44%,$-0.01B,$0.19B,-6.98%,$-0.00B,$0.17B,-0.58%,$16,$8,$8,$4,$4,$16,$0,$-3,$-3,$0,$-3,$-3,$-3,$3,$0,$53,53,$-0.05,$-0.05,$75,$12,$0,$107,$20,$0,$56,$4,$80,$187,$13,$113,$0,$113,$125,$1,$-39,$-1,$62,$187,$-7,$9,$2,$11,$-3,$-4,$2,$4,$-2,$3,$-12,$0,$0,$0,$0,$0,$-3,$-15,$-0,$0,$-0,$-0,$-0,$0,$0,$-0,$-13,$2,$0
8,2016-06-30,7.14,$1.20,5.94,$1.03,6.91,$-0.41,0.0,$-0.24,0.0,$0.11B,$0.01B,8.6,$0.11B,$0.06B,1.74,$0.06B,$0.03B,51.72%,$0.06B,$-0.00B,-1.72%,$0.06B,$-0.00B,-1.72%,$0.06B,$0.01B,17.24%,$0.06B,$-0.01B,-22.41%,$0.06B,$-0.01B,-22.41%,$-0.01B,$0.06B,-19.19%,$-0.01B,$0.01B,-50.49%,$-0.01B,$0.19B,-6.98%,$-0.00B,$0.17B,-0.57%,$17,$8,$10,$5,$4,$16,$1,$-4,$-3,$0,$-3,$-3,$-3,$4,$1,$53,53,$-0.05,$-0.05,$81,$11,$0,$111,$16,$0,$56,$4,$77,$188,$13,$111,$0,$111,$124,$1,$-37,$-1,$64,$188,$-4,$6,$1,$7,$-1,$-3,$-0,$4,$-1,$3,$-5,$0,$0,$0,$0,$0,$-3,$-9,$-0,$0,$-0,$-0,$-0,$0,$0,$-0,$-6,$2,$0
9,2016-03-31,4.9,$1.25,3.91,$0.84,5.82,$-0.47,0.0,$-0.22,0.0,$0.12B,$0.01B,9.08,$0.11B,$0.07B,1.64,$0.05B,$0.02B,48.00%,$0.05B,$-0.00B,-8.00%,$0.05B,$-0.00B,-8.00%,$0.05B,$0.01B,12.00%,$0.05B,$-0.00B,-2.00%,$0.05B,$-0.00B,-2.00%,$-0.00B,$0.07B,-1.42%,$-0.00B,$0.01B,-2.34%,$-0.00B,$0.19B,-0.53%,$-0.00B,$0.18B,-2.27%,$16,$8,$8,$4,$3,$15,$1,$-2,$-1,$0,$-1,$-1,$-1,$4,$1,$53,53,$-0.02,$-0.02,$87,$10,$0,$118,$11,$0,$55,$4,$71,$189,$13,$109,$0,$109,$122,$1,$-34,$-0,$67,$189,$-1,$3,$-1,$2,$1,$-1,$1,$-1,$0,$2,$-2,$0,$0,$0,$0,$0,$-0,$-2,$-0,$0,$-0,$-0,$-0,$0,$0,$-0,$-0,$1,$0
10,2015-12-31,8.9,$1.26,7.07,$0.71,12.61,$-0.48,0.0,$-0.20,0.0,$0.12B,$0.01B,10.85,$0.10B,$0.07B,1.54,$0.05B,$0.02B,48.89%,$0.05B,$-0.00B,-8.89%,$0.05B,$-0.00B,-8.89%,$0.05B,$0.01B,11.11%,$0.05B,$0.01B,15.56%,$0.05B,$0.01B,15.56%,$0.01B,$0.07B,10.73%,$0.01B,$0.01B,13.59%,$0.01B,$0.18B,3.67%,$-0.00B,$0.17B,-2.24%,$13,$7,$6,$4,$5,$16,$-3,$-4,$-6,$0,$-6,$-6,$-6,$0,$-3,$53,67,$-0.12,$0.00,$87,$9,$0,$117,$9,$0,$55,$0,$64,$181,$11,$103,$0,$103,$114,$1,$-33,$-0,$67,$181,$7,$9,$-21,$-12,$1,$-4,$-3,$-5,$-10,$-16,$-6,$0,$-35,$0,$0,$0,$-12,$-53,$-3,$0,$-3,$0,$0,$0,$0,$-3,$-72,$2,$0
11,2015-09-30,6.54,$1.37,4.77,$0.72,9.02,$-0.23,0.0,$0.01,0.0,$0.16B,$0.01B,17.78,$0.11B,$0.07B,1.45,$0.05B,$0.02B,52.17%,$0.05B,$0.00B,6.52%,$0.05B,$0.00B,6.52%,$0.05B,$0.01B,21.74%,$0.05B,$0.02B,41.30%,$0.05B,$0.02B,41.30%,$0.02B,$0.07B,32.62%,$0.02B,$0.07B,34.08%,$0.02B,$0.19B,9.76%,$0.00B,$0.18B,1.65%,$12,$6,$6,$3,$2,$11,$0,$-3,$-3,$0,$-3,$-3,$-3,$2,$0,$53,53,$-0.05,$-0.05,$146,$5,$0,$163,$7,$0,$0,$17,$24,$187,$9,$105,$0,$105,$115,$1,$-27,$0,$73,$187,$13,$6,$-21,$-15,$3,$-2,$3,$0,$4,$2,$-4,$0,$0,$0,$0,$0,$-8,$-12,$-3,$0,$-3,$0,$0,$0,$0,$-3,$-13,$2,$0
12,2015-06-30,6.3,$1.41,4.46,$0.63,9.96,$-0.22,0.0,$0.06,105.0,$0.17B,$0.01B,13.11,$0.11B,$0.08B,1.43,$0.04B,$0.02B,51.22%,$0.04B,$0.00B,7.32%,$0.04B,$0.00B,7.32%,$0.04B,$0.01B,19.51%,$0.04B,$0.02B,53.66%,$0.04B,$0.02B,53.66%,$0.02B,$0.08B,45.60%,$0.02B,$0.08B,48.09%,$0.02B,$0.20B,13.75%,$0.00B,$0.18B,2.05%,$9,$5,$4,$3,$2,$11,$-2,$11,$9,$0,$9,$9,$9,$0,$-2,$53,67,$0.18,$-0.03,$150,$4,$0,$173,$4,$0,$0,$17,$22,$195,$13,$107,$0,$107,$120,$1,$-24,$0,$75,$195,$16,$4,$-22,$-18,$-3,$-1,$1,$-0,$-4,$-6,$-1,$0,$0,$0,$0,$0,$-2,$-3,$-0,$0,$-0,$0,$0,$0,$0,$-0,$-9,$1,$0
13,2015-03-31,8.16,$0.88,9.29,$0.64,12.8,$-0.13,0.0,$0.08,102.0,$0.18B,$0.02B,11.66,$0.14B,$0.05B,2.97,$0.04B,$0.02B,52.63%,$0.04B,$0.01B,13.16%,$0.04B,$0.01B,13.16%,$0.04B,$0.01B,21.05%,$0.04B,$0.01B,34.21%,$0.04B,$0.01B,34.21%,$0.01B,$0.05B,41.27%,$0.01B,$0.05B,44.83%,$0.01B,$0.20B,11.28%,$0.01B,$0.18B,4.82%,$11,$5,$6,$3,$2,$10,$1,$5,$7,$0,$7,$7,$7,$3,$1,$53,67,$0.12,$0.01,$157,$4,$0,$178,$3,$0,$0,$18,$21,$200,$15,$138,$0,$138,$153,$1,$-33,$0,$46,$200,$7,$2,$-8,$-6,$-2,$-1,$3,$-0,$-0,$-0,$-0,$0,$0,$0,$0,$0,$-2,$-2,$-0,$0,$-0,$0,$0,$0,$0,$-0,$-2,$0,$0
14,2014-12-31,8.8,$0.74,11.88,$0.62,14.2,$-0.12,0.0,$0.08,110.0,$0.18B,$0.01B,13.63,$0.15B,$0.04B,3.7,$0.03B,$0.02B,50.00%,$0.03B,$0.00B,11.76%,$0.03B,$0.00B,11.76%,$0.03B,$0.01B,14.71%,$0.03B,$0.01B,17.65%,$0.03B,$0.01B,17.65%,$0.01B,$0.04B,27.27%,$0.01B,$0.03B,30.77%,$0.01B,$0.20B,8.70%,$0.00B,$0.18B,6.61%,$14,$5,$8,$2,$2,$10,$4,$2,$6,$0,$6,$6,$6,$5,$4,$50,64,$0.12,$0.10,$159,$3,$0,$177,$3,$0,$11,$6,$20,$197,$13,$145,$0,$145,$158,$1,$-40,$0,$39,$197,$5,$1,$-1,$-0,$-9,$-0,$2,$-2,$-9,$-4,$-1,$0,$0,$0,$0,$0,$-3,$-4,$139,$0,$139,$26,$26,$0,$0,$164,$157,$1,$0
15,2014-09-30,9.32,$0.63,14.9,$0.56,16.63,$-0.07,0.0,$-0.02,0.0,$0.03B,$0.01B,2.9,$0.00B,$0.03B,0.09,$0.03B,$0.01B,44.44%,$0.03B,$0.00B,3.70%,$0.03B,$0.00B,3.70%,$0.03B,$0.00B,3.70%,$0.03B,0,0.00%,$0.03B,$-0.00B,-3.70%,$-0.00B,$0.03B,-7.14%,$-0.00B,$0.03B,-7.14%,$-0.00B,$0.05B,-4.26%,$0.00B,$0.04B,5.88%,$7,$4,$3,$2,$1,$7,$-0,$-0,$-0,$0,$-0,$-0,$-0,$0,$-0,$52,52,$0.00,$0.00,$23,$3,$0,$34,$3,$0,$0,$10,$14,$48,$12,$3,$0,$3,$15,$1,$-45,$0,$33,$48,$-0,$0,$1,$1,$-1,$-0,$1,$-1,$-2,$-1,$-1,$0,$0,$0,$0,$0,$-2,$-3,$-0,$0,$-0,$25,$25,$0,$0,$25,$21,$1,$0
16,2014-06-30,5.31,$0.17,31.35,$0.53,10.11,$-0.07,0.0,$-0.02,0.0,$0.01B,$0.01B,2.28,$0.00B,$0.01B,0.38,$0.02B,$0.01B,41.67%,$0.02B,$0.00B,4.17%,$0.02B,$0.00B,4.17%,$0.02B,$0.00B,4.17%,$0.02B,0,0.00%,$0.02B,$-0.00B,-4.17%,$-0.00B,$0.01B,-13.79%,$-0.00B,$0.01B,-13.79%,$-0.00B,$0.02B,-6.90%,$0.00B,$0.01B,9.76%,$6,$4,$3,$2,$1,$7,$-0,$-0,$-0,$0,$-0,$-0,$-0,$-0,$-0,$47,47,$-0.01,$-0.01,$2,$3,$0,$11,$3,$0,$0,$2,$5,$16,$5,$3,$0,$3,$8,$0,$-45,$0,$8,$16,$-0,$0,$1,$1,$-0,$0,$0,$-1,$-1,$-0,$-0,$0,$0,$0,$0,$0,$0,$-0,$-0,$0,$-0,$0,$0,$0,$-0,$0,$-0,$1,$0
17,2014-03-31,5.65,$0.17,33.45,$0.48,11.86,$-0.08,0.0,$-0.02,0.0,$0.01B,$0.00B,2.66,$0.00B,$0.01B,0.38,$0.02B,$0.01B,36.36%,$0.02B,$0.00B,4.55%,$0.02B,$0.00B,4.55%,$0.02B,$0.00B,4.55%,$0.02B,0,0.00%,$0.02B,$-0.00B,-4.55%,$-0.00B,$0.01B,-14.81%,$-0.00B,$0.01B,-14.81%,$-0.00B,$0.02B,-7.55%,$0.00B,$0.01B,10.53%,$7,$4,$3,$1,$1,$7,$0,$-0,$0,$0,$0,$0,$0,$0,$0,$47,49,$0.00,$0.00,$2,$3,$0,$10,$3,$0,$0,$2,$5,$15,$4,$3,$0,$3,$7,$0,$-45,$0,$8,$15,$0,$0,$0,$0,$1,$0,$-1,$-0,$-1,$0,$-0,$0,$0,$0,$0,$0,$0,$-0,$-0,$0,$-0,$0,$0,$0,$-0,$0,$0,$0,$0
18,2013-12-31,3.05,$0.15,19.83,$0.42,7.25,$-0.12,0.0,$-0.03,0.0,$0.01B,$0.01B,2.02,$0.00B,$0.01B,0.42,$0.02B,$0.01B,31.58%,$0.02B,$0.00B,5.26%,$0.02B,$0.00B,5.26%,$0.02B,$0.00B,5.26%,$0.02B,0,0.00%,$0.02B,$-0.00B,-5.26%,$-0.00B,$0.01B,-16.00%,$-0.00B,$0.01B,-16.00%,$-0.00B,$0.02B,-8.16%,$0.00B,$0.01B,11.43%,$7,$4,$3,$1,$1,$6,$1,$-0,$0,$0,$1,$1,$-1,$1,$1,$44,44,$-0.01,$-0.01,$2,$3,$0,$11,$3,$0,$0,$2,$5,$15,$5,$3,$0,$3,$8,$0,$-45,$0,$7,$15,$-0,$1,$1,$1,$-3,$-1,$3,$0,$-2,$-1,$-0,$0,$0,$0,$0,$0,$-2,$-2,$2,$0,$2,$0,$0,$0,$0,$2,$-0,$1,$0
19,2013-09-30,1.82,$0.14,12.93,$0.32,5.61,$-0.17,0.0,$-0.05,0.0,$0.01B,$0.00B,2.5,$0.00B,$0.01B,0.65,$0.01B,$0.00B,28.57%,$0.01B,$-0.00B,-7.14%,$0.01B,$-0.00B,-7.14%,$0.01B,$-0.00B,-7.14%,$0.01B,$-0.00B,-7.14%,$0.01B,$-0.00B,-7.14%,$-0.00B,$0.01B,-16.67%,$-0.00B,$0.01B,-16.67%,$-0.00B,$0.01B,-9.30%,$-0.00B,$0.01B,-12.50%,$4,$3,$1,$1,$1,$4,$-0,$-0,$-0,$0,$-0,$-0,$-0,$0,$-0,$43,43,$-0.00,$-0.00,$1,$3,$0,$7,$3,$0,$0,$2,$5,$12,$3,$3,$0,$3,$6,$0,$-44,$0,$6,$12,$-1,$0,$0,$1,$-1,$-1,$1,$0,$-1,$-1,$-0,$0,$0,$0,$0,$0,$-2,$-2,$2,$0,$2,$0,$0,$0,$0,$2,$-1,$0,$0
20,2013-06-30,1.43,$0.14,9.99,$0.28,5.06,$-0.17,0.0,$-0.09,0.0,$0.01B,$0.00B,2.31,$0.00B,$0.00B,0.48,$0.01B,$0.00B,33.33%,$0.01B,$-0.00B,-16.67%,$0.01B,$-0.00B,-16.67%,$0.01B,$-0.00B,-8.33%,$0.01B,$-0.00B,-16.67%,$0.01B,$-0.00B,-16.67%,$-0.00B,$0.01B,-34.78%,$-0.00B,$0.01B,-34.78%,$-0.00B,$0.01B,-20.51%,$-0.00B,$0.01B,-27.59%,$4,$3,$1,$1,$1,$4,$-0,$-0,$-0,$0,$-0,$-0,$-0,$-0,$-0,$43,43,$-0.01,$-0.01,$1,$2,$0,$6,$3,$0,$0,$2,$5,$11,$3,$2,$0,$2,$5,$0,$-44,$0,$6,$11,$-1,$0,$0,$0,$-1,$-0,$1,$-0,$-1,$-1,$-0,$0,$0,$0,$0,$0,$-1,$-2,$1,$0,$1,$0,$0,$0,$-0,$1,$-1,$0,$0
21,2013-03-31,1.71,$0.15,11.48,$0.26,6.69,$-0.18,0.0,$-0.09,0.0,$0.01B,$0.00B,2.52,$0.00B,$0.00B,0.45,$0.01B,$0.00B,40.00%,$0.01B,$-0.00B,-30.00%,$0.01B,$-0.00B,-30.00%,$0.01B,$-0.00B,-10.00%,$0.01B,$-0.00B,-30.00%,$0.01B,$-0.00B,-30.00%,$-0.00B,$0.01B,-50.00%,$-0.00B,$0.01B,-50.00%,$-0.00B,$0.01B,-32.43%,$-0.00B,$0.01B,-42.86%,$4,$3,$1,$1,$1,$4,$-0,$-0,$-0,$0,$-0,$-0,$-0,$-0,$-0,$43,43,$-0.01,$-0.01,$1,$2,$0,$6,$3,$0,$0,$2,$5,$11,$2,$2,$0,$2,$4,$0,$-44,$0,$6,$11,$-0,$0,$0,$0,$-2,$-0,$0,$-0,$-2,$-2,$-0,$0,$0,$0,$0,$0,$-1,$-1,$1,$0,$1,$0,$0,$0,$-0,$1,$-2,$0,$0
22,2012-12-31,1.04,$0.15,6.91,$0.22,4.81,$-0.16,0.0,$-0.10,0.0,$0.01B,$0.00B,3.11,$0.00B,$0.00B,0.23,$0.01B,$0.00B,37.50%,$0.01B,$-0.00B,-50.00%,$0.01B,$-0.00B,-50.00%,$0.01B,$-0.00B,-25.00%,$0.01B,$-0.00B,-50.00%,$0.01B,$-0.00B,-50.00%,$-0.00B,$0.01B,-64.00%,$-0.00B,$0.01B,-64.00%,$-0.00B,$0.01B,-45.71%,$-0.00B,$0.01B,-57.14%,$2,$2,$1,$1,$1,$3,$-1,$-0,$-1,$0,$-1,$-1,$-1,$-1,$-1,$40,40,$-0.03,$-0.03,$3,$2,$0,$6,$3,$0,$0,$0,$3,$9,$2,$1,$0,$1,$3,$0,$-43,$0,$6,$9,$-4,$1,$1,$2,$-0,$-1,$1,$0,$-0,$-2,$-0,$0,$0,$0,$0,$0,$0,$-0,$0,$0,$0,$2,$2,$0,$0,$2,$-0,$0,$0
23,2012-09-30,1.24,$0.13,9.76,$0.21,5.87,$-0.16,0.0,$-0.08,0.0,$0.00B,$0.00B,3.16,$0.00B,$0.00B,0.31,$0.01B,$0.00B,37.50%,$0.01B,$-0.00B,-50.00%,$0.01B,$-0.00B,-50.00%,$0.01B,$-0.00B,-25.00%,$0.01B,$-0.00B,-50.00%,$0.01B,$-0.00B,-50.00%,$-0.00B,$0.01B,-59.26%,$-0.00B,$0.01B,-59.26%,$-0.00B,$0.01B,-44.44%,$-0.00B,$0.01B,-55.17%,$2,$1,$1,$1,$1,$3,$-1,$-1,$-1,$0,$-1,$-1,$-1,$-0,$-1,$40,40,$-0.04,$-0.04,$2,$1,$0,$4,$3,$0,$0,$0,$3,$8,$1,$1,$0,$1,$2,$0,$-42,$0,$5,$8,$-3,$1,$0,$1,$0,$-0,$0,$0,$0,$-1,$-0,$0,$0,$0,$0,$0,$0,$-0,$0,$0,$0,$0,$0,$0,$0,$0,$-1,$0,$0
24,2012-06-30,1.03,$0.16,6.45,$0.21,4.8,$-0.19,0.0,$-0.05,0.0,$0.01B,$0.00B,3.17,$0.00B,$0.01B,0.12,$0.01B,$0.00B,37.50%,$0.01B,$-0.00B,-37.50%,$0.01B,$-0.00B,-37.50%,$0.01B,$-0.00B,-25.00%,$0.01B,$-0.00B,-37.50%,$0.01B,$-0.00B,-37.50%,$-0.00B,$0.01B,-40.00%,$-0.00B,$0.01B,-40.00%,$-0.00B,$0.01B,-31.58%,$-0.00B,$0.01B,-37.50%,$2,$2,$1,$1,$1,$3,$-1,$-0,$-1,$0,$-1,$-1,$-1,$-0,$-1,$40,40,$-0.01,$-0.01,$2,$1,$0,$5,$3,$0,$0,$1,$4,$9,$1,$1,$0,$1,$2,$0,$-41,$0,$7,$9,$-1,$0,$0,$1,$-0,$-0,$0,$0,$-0,$-1,$-0,$0,$0,$0,$0,$0,$0,$-0,$-0,$0,$-0,$0,$0,$0,$0,$0,$-1,$0,$0
25,2012-03-31,1.09,$0.17,6.35,$0.20,5.34,$-0.21,0.0,$-0.06,0.0,$0.01B,$0.00B,3.22,$0.00B,$0.01B,0.11,$0.01B,$0.00B,37.50%,$0.01B,$-0.00B,-37.50%,$0.01B,$-0.00B,-37.50%,$0.01B,$-0.00B,-37.50%,$0.01B,$-0.00B,-37.50%,$0.01B,$-0.00B,-37.50%,$-0.00B,$0.01B,-37.50%,$-0.00B,$0.01B,-37.50%,$-0.00B,$0.01B,-30.77%,$-0.00B,$0.01B,-35.29%,$2,$1,$0,$0,$1,$2,$-1,$-0,$-1,$0,$-1,$-1,$-1,$-1,$-1,$40,40,$-0.02,$-0.02,$2,$1,$0,$5,$3,$0,$0,$1,$4,$9,$2,$1,$0,$1,$2,$0,$-40,$0,$7,$9,$-1,$0,$0,$0,$-0,$-0,$0,$0,$0,$-0,$-0,$0,$0,$0,$0,$0,$0,$-0,$-0,$0,$-0,$0,$0,$0,$0,$0,$-1,$0,$0
26,2011-12-31,1.15,$0.19,6.14,$0.20,5.81,$-0.22,0.0,$-0.07,0.0,$0.01B,$0.00B,4.32,$0.00B,$0.01B,0.09,$0.01B,$0.00B,37.50%,$0.01B,$-0.00B,-37.50%,$0.01B,$-0.00B,-37.50%,$0.01B,$-0.00B,-37.50%,$0.01B,$-0.00B,-37.50%,$0.01B,$-0.00B,-37.50%,$-0.00B,$0.01B,-35.29%,$-0.00B,$0.01B,-35.29%,$-0.00B,$0.01B,-29.27%,$-0.00B,$0.01B,-33.33%,$2,$1,$1,$1,$1,$3,$-1,$-0,$-1,$0,$-1,$-1,$-1,$-1,$-1,$39,39,$-0.02,$-0.02,$3,$1,$0,$6,$3,$0,$0,$1,$4,$10,$1,$1,$0,$1,$2,$0,$-40,$0,$8,$10,$-3,$1,$1,$1,$-0,$-1,$0,$0,$-1,$-2,$-0,$0,$0,$0,$0,$0,$0,$-0,$0,$0,$0,$0,$0,$0,$0,$1,$-2,$0,$0
27,2011-09-30,1.1,$0.20,5.55,$0.22,5.06,$-0.29,0.0,$-0.07,0.0,$0.01B,$0.00B,6.05,$0.00B,$0.01B,0.09,$0.01B,$0.00B,37.50%,$0.01B,$-0.00B,-37.50%,$0.01B,$-0.00B,-37.50%,$0.01B,$-0.00B,-37.50%,$0.01B,$-0.00B,-37.50%,$0.01B,$-0.00B,-37.50%,$-0.00B,$0.01B,-33.33%,$-0.00B,$0.01B,-33.33%,$-0.00B,$0.01B,-28.57%,$-0.00B,$0.01B,-31.58%,$2,$1,$1,$0,$1,$3,$-0,$-0,$-0,$0,$-0,$-0,$-0,$-0,$-0,$39,39,$-0.01,$-0.01,$3,$1,$0,$6,$3,$0,$0,$1,$4,$10,$1,$1,$0,$1,$2,$0,$-39,$0,$8,$10,$-2,$0,$0,$1,$-1,$-0,$-0,$0,$-1,$-2,$-0,$0,$0,$0,$0,$0,$0,$-0,$0,$0,$0,$0,$0,$0,$0,$1,$-2,$0,$0
28,2011-06-30,1.11,$0.21,5.34,$0.23,4.75,$-0.32,0.0,$-0.14,0.0,$0.01B,$0.00B,7.08,$0.00B,$0.01B,0.08,$0.01B,$0.00B,25.00%,$0.01B,$-0.00B,-50.00%,$0.01B,$-0.00B,-50.00%,$0.01B,$-0.00B,-50.00%,$0.01B,$-0.00B,-50.00%,$0.01B,$-0.01B,-62.50%,$-0.01B,$0.01B,-62.50%,$-0.01B,$0.01B,-62.50%,$-0.01B,$0.01B,-52.63%,$-0.00B,$0.01B,-48.48%,$2,$1,$1,$1,$1,$3,$-1,$-0,$-1,$0,$-1,$-1,$-1,$-1,$-1,$39,39,$-0.02,$-0.02,$3,$1,$0,$6,$3,$0,$0,$1,$4,$10,$1,$1,$0,$1,$1,$0,$-38,$0,$9,$10,$-2,$0,$0,$1,$-1,$-0,$-0,$0,$-1,$-2,$-0,$0,$0,$0,$0,$0,$0,$-0,$0,$0,$0,$0,$0,$0,$0,$1,$-2,$0,$0
29,2011-03-31,1.53,$0.23,6.72,$0.28,5.44,$-0.39,0.0,$-0.18,0.0,$0.01B,$0.00B,6.9,$0.00B,$0.01B,0.08,$0.01B,$0.00B,12.50%,$0.01B,$-0.00B,-50.00%,$0.01B,$-0.00B,-50.00%,$0.01B,$-0.00B,-50.00%,$0.01B,$-0.00B,-50.00%,$0.01B,$-0.01B,-62.50%,$-0.01B,$0.01B,-71.43%,$-0.01B,$0.01B,-71.43%,$-0.01B,$0.01B,-58.82%,$-0.00B,$0.01B,-55.17%,$2,$1,$0,$0,$1,$3,$-1,$-0,$-1,$0,$-1,$-1,$-1,$-1,$-1,$39,39,$-0.03,$-0.03,$5,$1,$0,$7,$3,$0,$0,$1,$4,$11,$1,$1,$0,$1,$2,$0,$-38,$0,$9,$11,$-1,$0,$0,$0,$-0,$-0,$0,$0,$-0,$-1,$-0,$0,$0,$0,$0,$0,$0,$-0,$0,$0,$0,$0,$0,$0,$0,$1,$-0,$0,$0
30,2010-12-31,1.68,$0.25,6.7,$0.29,5.77,$-0.43,0.0,$-0.22,0.0,$0.01B,$0.00B,7.91,$0.00B,$0.01B,0.01,$0.01B,$0.00B,14.29%,$0.01B,$-0.00B,-57.14%,$0.01B,$-0.00B,-57.14%,$0.01B,$-0.00B,-57.14%,$0.01B,$-0.00B,-57.14%,$0.01B,$-0.01B,-71.43%,$-0.01B,$0.01B,-80.00%,$-0.01B,$0.01B,-80.00%,$-0.01B,$0.01B,-66.67%,$-0.00B,$0.01B,-64.00%,$2,$1,$1,$1,$1,$2,$-1,$-0,$-1,$0,$-1,$-1,$-1,$-1,$-1,$24,24,$0.01,$0.01,$5,$1,$0,$7,$3,$0,$0,$1,$4,$11,$1,$0,$0,$0,$1,$0,$-37,$0,$10,$11,$-3,$0,$1,$1,$-0,$-0,$-0,$-0,$-1,$-3,$-0,$0,$0,$0,$0,$0,$0,$-0,$-0,$0,$-0,$6,$7,$0,$0,$7,$4,$1,$0
31,2010-09-30,1.51,$0.13,11.48,$0.30,5.11,$-0.57,0.0,$-0.27,0.0,$0.00B,$0.00B,1.97,$0.00B,$0.00B,0.03,$0.01B,0,0.00%,$0.01B,$-0.00B,-66.67%,$0.01B,$-0.00B,-66.67%,$0.01B,$-0.00B,-66.67%,$0.01B,$-0.00B,-66.67%,$0.01B,$-0.01B,-83.33%,$-0.01B,$0.00B,-100.00%,$-0.01B,$0.00B,-100.00%,$-0.01B,$0.01B,-80.00%,$-0.00B,$0.00B,-80.00%,$2,$1,$0,$0,$1,$2,$-1,$-0,$-1,$0,$-1,$-1,$-2,$-1,$-1,$25,25,$-0.08,$-0.08,$0,$1,$0,$2,$3,$0,$0,$0,$3,$6,$1,$0,$0,$0,$1,$0,$-36,$0,$4,$6,$-3,$0,$0,$1,$0,$-0,$-0,$-0,$-0,$-2,$-0,$0,$0,$0,$0,$0,$0,$-0,$-0,$0,$-0,$0,$2,$0,$0,$2,$-1,$0,$0
32,2010-06-30,1.01,$0.28,3.62,$0.27,3.72,$-0.64,0.0,$-0.24,0.0,$0.00B,$0.00B,2.25,$0.00B,$-0.00B,-0.03,$0.01B,0,0.00%,$0.01B,$-0.00B,-80.00%,$0.01B,$-0.00B,-80.00%,$0.01B,$-0.00B,-80.00%,$0.01B,$-0.00B,-80.00%,$0.01B,$-0.00B,-80.00%,$-0.00B,$0.01B,-72.73%,$-0.00B,$0.01B,-72.73%,$-0.00B,$0.01B,-61.54%,$-0.00B,$0.01B,-72.73%,$2,$2,$0,$0,$1,$3,$-1,$0,$-1,$0,$-1,$-1,$-1,$-1,$-1,$18,18,$-0.06,$-0.06,$0,$1,$0,$3,$3,$0,$0,$0,$3,$6,$1,$0,$0,$0,$1,$0,$-34,$0,$5,$6,$-2,$0,$0,$1,$-0,$-0,$0,$-0,$-1,$-2,$-0,$0,$0,$0,$0,$0,$0,$-0,$-0,$0,$-0,$0,$2,$0,$0,$2,$-1,$0,$0
33,2010-03-31,0.71,$0.32,2.19,$0.25,2.88,$-0.62,0.0,$-0.41,0.0,$0.00B,$0.00B,2.67,$0.00B,$-0.00B,0.0,$0.00B,0,0.00%,$0.00B,$-0.00B,-100.00%,$0.00B,$-0.00B,-100.00%,$0.00B,$-0.00B,-75.00%,$0.00B,$-0.01B,-125.00%,$0.00B,$-0.01B,-175.00%,$-0.01B,$0.01B,-116.67%,$-0.01B,$0.01B,-116.67%,$-0.01B,$0.01B,-100.00%,$-0.00B,$0.01B,-66.67%,$1,$1,$-0,$0,$1,$2,$-1,$0,$-1,$0,$-1,$-1,$-1,$-1,$-1,$18,18,$-0.07,$-0.07,$1,$1,$0,$4,$3,$0,$0,$0,$3,$7,$1,$0,$0,$0,$1,$0,$-33,$0,$6,$7,$-1,$0,$0,$0,$0,$-0,$0,$-0,$-0,$-1,$-0,$0,$0,$0,$0,$0,$0,$-0,$0,$0,$0,$0,$2,$0,$0,$2,$0,$0,$0
34,2009-12-31,0.78,$0.28,2.83,$0.24,3.31,$-0.62,0.0,$-0.47,0.0,$0.00B,$0.00B,2.74,$0.00B,$-0.00B,0.0,$0.00B,0,0.00%,$0.00B,$-0.00B,-100.00%,$0.00B,$-0.00B,-100.00%,$0.00B,$-0.00B,-75.00%,$0.00B,$-0.01B,-125.00%,$0.00B,$-0.01B,-200.00%,$-0.01B,$0.01B,-145.45%,$-0.01B,$0.01B,-145.45%,$-0.01B,$0.01B,-103.23%,$-0.00B,$0.01B,-72.73%,$1,$1,$-0,$0,$1,$2,$-1,$0,$-1,$0,$-1,$-1,$-1,$-1,$-1,$16,16,$-0.05,$-0.05,$1,$1,$0,$3,$3,$0,$0,$0,$3,$6,$1,$0,$0,$0,$1,$0,$-32,$0,$5,$6,$-5,$1,$1,$2,$-0,$-0,$0,$-0,$-1,$-4,$-1,$0,$0,$0,$-0,$-0,$0,$-1,$0,$0,$0,$0,$5,$0,$0,$5,$1,$1,$0
35,2009-09-30,1.04,$0.36,2.9,$0.22,4.71,$-0.41,0.0,$-0.45,0.0,$0.00B,$0.00B,3.38,$0.00B,$0.00B,0.0,$0.00B,0,0.00%,$0.00B,$-0.00B,-100.00%,$0.00B,$-0.00B,-100.00%,$0.00B,$-0.00B,-75.00%,$0.00B,$-0.01B,-125.00%,$0.00B,$-0.01B,-200.00%,$-0.01B,$0.01B,-160.00%,$-0.01B,$0.01B,-160.00%,$-0.01B,$0.01B,-110.34%,$-0.00B,$0.01B,-80.00%,$1,$1,$0,$0,$1,$2,$-1,$0,$-1,$0,$-1,$-1,$-1,$-1,$-1,$17,17,$-0.05,$-0.05,$2,$1,$0,$4,$3,$0,$0,$0,$3,$7,$1,$0,$0,$0,$1,$0,$-31,$0,$6,$7,$-4,$1,$0,$2,$0,$-0,$0,$0,$-0,$-2,$-1,$0,$0,$0,$0,$0,$0,$-1,$0,$0,$0,$0,$5,$0,$0,$5,$2,$0,$0
36,2009-06-30,1.15,$0.43,2.7,$0.24,4.79,$-0.27,0.0,$-0.44,0.0,$0.01B,$0.00B,3.56,$0.00B,$0.00B,0.0,$0.00B,0,0.00%,$0.00B,$-0.00B,-100.00%,$0.00B,$-0.00B,-100.00%,$0.00B,$-0.00B,-50.00%,$0.00B,$-0.01B,-125.00%,$0.00B,$-0.01B,-200.00%,$-0.01B,$0.01B,-188.24%,$-0.01B,$0.01B,-188.24%,$-0.01B,$0.01B,-118.52%,$-0.00B,$0.01B,-94.12%,$1,$1,$0,$0,$1,$2,$-1,$-1,$-2,$0,$-2,$-2,$-4,$-0,$-1,$16,16,$-0.23,$-0.23,$4,$1,$0,$5,$3,$0,$0,$0,$3,$8,$1,$0,$0,$0,$1,$0,$-30,$0,$7,$8,$-3,$1,$0,$1,$0,$-0,$0,$0,$0,$-1,$-0,$0,$0,$0,$0,$0,$0,$-0,$0,$0,$0,$0,$5,$0,$0,$5,$3,$0,$0
37,2009-03-31,0.69,$0.24,2.86,$0.21,3.25,$-0.16,0.0,$-0.26,0.0,$0.01B,$0.01B,1.05,$0.00B,$0.00B,0.15,$0.00B,0,0.00%,$0.00B,$-0.00B,-100.00%,$0.00B,$-0.00B,-100.00%,$0.00B,$-0.00B,-75.00%,$0.00B,$-0.00B,-100.00%,$0.00B,$-0.01B,-125.00%,$-0.01B,$0.00B,-142.86%,$-0.01B,$0.00B,-142.86%,$-0.01B,$0.01B,-83.33%,$-0.00B,$0.00B,-114.29%,$1,$1,$-0,$0,$1,$1,$-1,$-0,$-1,$0,$-1,$-1,$-2,$-1,$-1,$15,15,$-0.13,$-0.13,$4,$1,$0,$6,$2,$0,$0,$1,$4,$10,$6,$0,$0,$0,$6,$0,$-26,$0,$4,$10,$-1,$0,$0,$0,$0,$-0,$-0,$0,$-0,$-1,$-0,$0,$0,$0,$0,$0,$0,$-0,$0,$0,$0,$0,$5,$0,$0,$5,$4,$0,$0
38,2008-12-31,0.48,$0.20,2.42,$0.27,1.79,$-0.10,0.0,$-0.13,0.0,$0.00B,$0.00B,0.96,$0.00B,$0.00B,0.0,$0.01B,$0.00B,20.00%,$0.01B,$-0.00B,-60.00%,$0.01B,$-0.00B,-60.00%,$0.01B,$-0.00B,-40.00%,$0.01B,$-0.00B,-60.00%,$0.01B,$-0.00B,-60.00%,$-0.00B,$0.00B,-85.71%,$-0.00B,$0.00B,-85.71%,$-0.00B,$0.00B,-63.16%,$-0.00B,$0.00B,-85.71%,$1,$1,$0,$0,$1,$2,$-1,$0,$-1,$0,$-1,$-1,$-1,$-1,$-1,$15,15,$-0.03,$-0.03,$0,$1,$0,$1,$2,$0,$0,$0,$3,$4,$1,$0,$0,$0,$1,$0,$-24,$0,$3,$4,$-2,$0,$1,$1,$0,$-0,$0,$0,$0,$-1,$-0,$0,$0,$0,$0,$0,$0,$-0,$-0,$0,$0,$0,$0,$0,$0,$0,$-1,$1,$0
39,2008-09-30,1.32,$0.23,5.78,$0.32,4.1,$-0.09,0.0,$-0.07,0.0,$0.00B,$0.00B,1.24,$0.00B,$0.00B,0.0,$0.01B,$0.00B,33.33%,$0.01B,$-0.00B,-33.33%,$0.01B,$-0.00B,-33.33%,$0.01B,$-0.00B,-16.67%,$0.01B,$-0.00B,-33.33%,$0.01B,$-0.00B,-33.33%,$-0.00B,$0.00B,-53.33%,$-0.00B,$0.00B,-53.33%,$-0.00B,$0.01B,-38.10%,$-0.00B,$0.00B,-53.33%,$1,$1,$0,$0,$1,$2,$-1,$-0,$-1,$0,$-1,$-1,$-1,$-0,$-1,$15,15,$-0.04,$-0.04,$0,$1,$0,$2,$2,$0,$0,$0,$3,$5,$1,$0,$0,$0,$1,$0,$-24,$0,$3,$5,$-1,$0,$0,$1,$0,$-0,$0,$0,$0,$-0,$-0,$0,$0,$0,$0,$0,$0,$-0,$-0,$0,$-0,$0,$0,$0,$0,$-0,$-1,$0,$0
40,2008-06-30,2.35,$0.23,10.35,$0.33,7.22,$-0.11,0.0,$-0.04,0.0,$0.00B,$0.00B,1.62,$0.00B,$0.00B,0.0,$0.01B,$0.00B,50.00%,$0.01B,$-0.00B,-16.67%,$0.01B,$-0.00B,-16.67%,$0.01B,$-0.00B,-16.67%,$0.01B,$-0.00B,-16.67%,$0.01B,$-0.00B,-16.67%,$-0.00B,$0.00B,-26.67%,$-0.00B,$0.00B,-26.67%,$-0.00B,$0.01B,-19.05%,$-0.00B,$0.00B,-26.67%,$1,$1,$0,$0,$1,$1,$-1,$0,$-1,$0,$-1,$-1,$-1,$-1,$-1,$15,15,$-0.05,$-0.05,$1,$1,$0,$2,$2,$0,$0,$0,$3,$5,$1,$0,$0,$0,$1,$0,$-23,$0,$4,$5,$-1,$0,$0,$1,$0,$-0,$0,$-0,$0,$0,$-0,$0,$0,$0,$0,$0,$0,$-0,$-0,$0,$-0,$0,$0,$0,$0,$-0,$-0,$0,$0
41,2008-03-31,2.1,$0.26,8.21,$0.36,5.91,$-0.17,0.0,0,0.0,$0.00B,$0.00B,2.08,$0.00B,$0.00B,0.0,$0.01B,$0.00B,50.00%,$0.01B,0,0.00%,$0.01B,0,0.00%,$0.01B,0,0.00%,$0.01B,0,0.00%,$0.01B,0,0.00%,$0.00B,$0.00B,0.00%,$0.00B,$0.00B,0.00%,$0.00B,$0.01B,0.00%,$0.00B,$0.00B,0.00%,$2,$1,$1,$0,$1,$1,$0,$-0,$0,$0,$0,$0,$0,$0,$0,$15,16,$0.00,$0.00,$1,$1,$0,$2,$2,$0,$0,$0,$3,$5,$1,$0,$0,$0,$1,$0,$-23,$0,$4,$5,$0,$0,$0,$0,$-0,$-0,$0,$-0,$-0,$-0,$-0,$0,$0,$0,$0,$0,$0,$-0,$-0,$0,$-0,$0,$0,$0,$0,$-0,$-0,$0,$0
42,2007-12-31,1.41,$0.28,5.05,$0.32,4.34,$-0.22,0.0,$-0.03,0.0,$0.00B,$0.00B,1.69,$0.00B,$0.00B,0.0,$0.01B,$0.00B,40.00%,$0.01B,0,0.00%,$0.01B,0,0.00%,$0.01B,0,0.00%,$0.01B,0,0.00%,$0.01B,0,0.00%,$0.00B,$0.00B,0.00%,$0.00B,$0.00B,0.00%,$0.00B,$0.01B,0.00%,$0.00B,$0.00B,0.00%,$2,$1,$1,$0,$1,$2,$-0,$-0,$-0,$0,$0,$0,$0,$-0,$-0,$14,14,$0.02,$0.02,$1,$0,$0,$2,$2,$0,$0,$0,$3,$6,$1,$0,$0,$0,$2,$0,$-23,$0,$4,$6,$-0,$0,$0,$1,$-0,$0,$-0,$-1,$-1,$-1,$-0,$0,$0,$0,$0,$0,$0,$-0,$-1,$1,$-1,$1,$2,$0,$0,$1,$0,$0,$0
43,2007-09-30,1.0,$0.21,4.81,$0.25,3.95,$-0.21,0.0,$-0.05,0.0,$0.00B,$0.00B,0.92,$0.00B,$0.00B,0.0,$0.00B,$0.00B,25.00%,$0.00B,$-0.00B,-25.00%,$0.00B,$-0.00B,-25.00%,$0.00B,$-0.00B,-25.00%,$0.00B,$-0.00B,-25.00%,$0.00B,0,0.00%,$0.00B,$0.00B,0.00%,$0.00B,$0.00B,0.00%,$0.00B,$0.01B,0.00%,$-0.00B,$0.00B,-36.36%,$1,$0,$1,$0,$0,$1,$-0,$-0,$-0,$0,$-0,$-0,$-0,$-0,$-0,$15,15,$-0.01,$-0.01,$0,$1,$0,$1,$2,$0,$0,$0,$3,$5,$1,$0,$0,$0,$2,$0,$-23,$0,$3,$5,$-1,$0,$-0,$0,$-0,$-0,$-0,$0,$-0,$-1,$0,$0,$0,$0,$0,$0,$0,$0,$-1,$1,$-1,$1,$1,$0,$0,$0,$-0,$0,$0
44,2007-06-30,0.75,$0.21,3.56,$0.24,3.19,$-0.21,0.0,$-0.08,0.0,$0.00B,$0.00B,0.91,$0.00B,$0.00B,0.0,$0.00B,0,0.00%,$0.00B,$-0.00B,-25.00%,$0.00B,$-0.00B,-25.00%,$0.00B,$-0.00B,-25.00%,$0.00B,$-0.00B,-25.00%,$0.00B,$-0.00B,-25.00%,$-0.00B,$0.00B,-40.00%,$-0.00B,$0.00B,-40.00%,$-0.00B,$0.01B,-20.00%,$-0.00B,$0.00B,-40.00%,$1,$1,$0,$0,$1,$1,$-0,$0,$-0,$0,$-0,$-0,$-0,$-0,$-0,$15,15,$-0.01,$-0.01,$0,$0,$0,$1,$2,$0,$0,$0,$3,$5,$2,$0,$0,$0,$2,$0,$-23,$0,$3,$5,$-1,$0,$0,$0,$-0,$0,$-0,$-0,$-1,$-1,$0,$0,$0,$0,$0,$0,$0,$0,$-1,$1,$-1,$1,$1,$0,$0,$0,$-0,$0,$0
45,2007-03-31,0.85,$0.22,3.83,$0.22,3.8,$-0.20,0.0,$-0.10,0.0,$0.00B,$0.00B,0.98,$0.00B,$0.00B,0.0,$0.00B,0,0.00%,$0.00B,$-0.00B,-25.00%,$0.00B,$-0.00B,-25.00%,$0.00B,$-0.00B,-25.00%,$0.00B,$-0.00B,-25.00%,$0.00B,$-0.00B,-25.00%,$-0.00B,$0.00B,-40.00%,$-0.00B,$0.00B,-40.00%,$-0.00B,$0.01B,-20.00%,$-0.00B,$0.00B,-40.00%,$1,$1,$0,$0,$1,$1,$-0,$-0,$-0,$0,$-0,$-0,$-0,$-0,$-0,$13,13,$-0.03,$-0.03,$0,$0,$0,$2,$2,$0,$0,$0,$3,$5,$2,$0,$0,$0,$2,$0,$-23,$0,$3,$5,$-0,$0,$0,$0,$-0,$0,$-0,$-0,$-0,$-1,$0,$0,$0,$0,$0,$0,$0,$0,$-1,$1,$-1,$1,$1,$0,$0,$0,$-0,$0,$0
46,2006-12-31,1.16,$0.17,6.93,$0.20,5.66,$-0.18,0.0,$-0.11,0.0,$0.00B,$0.00B,0.64,$0.00B,$0.00B,0.0,$0.00B,0,0.00%,$0.00B,$-0.00B,-25.00%,$0.00B,$-0.00B,-25.00%,$0.00B,$-0.00B,-25.00%,$0.00B,$-0.00B,-25.00%,$0.00B,$-0.00B,-25.00%,$-0.00B,$0.00B,-40.00%,$-0.00B,$0.00B,-40.00%,$-0.00B,$0.01B,-20.00%,$-0.00B,$0.00B,-40.00%,$1,$0,$0,$0,$1,$1,$-1,$-0,$-1,$0,$-0,$-0,$-0,$-1,$-1,$13,13,$-0.02,$-0.02,$1,$0,$0,$2,$2,$0,$0,$0,$3,$5,$3,$0,$0,$0,$3,$0,$-22,$0,$2,$5,$-2,$0,$0,$1,$0,$-0,$1,$0,$1,$-0,$-0,$0,$0,$0,$0,$0,$0,$-0,$0,$0,$0,$0,$0,$0,$0,$1,$0,$0,$0
