,Date,Stock Price,Book Value per Share,Price to Book Ratio,TTM Sales per Share,Price to Sales Ratio,TTM FCF per Share,Price to FCF Ratio,TTM Net EPS,PE Ratio,Current Assets,Current Liabilities,Current Ratio,Long Term Debt,Shareholder's Equity_x,Debt to Equity Ratio,TTM Revenue_x,TTM Gross Profit,Gross Margin,TTM Revenue_y,TTM Operating Income,Operating Margin,TTM Revenue_x,TTM EBIT,EBIT Margin,TTM Revenue_y,TTM EBITDA,EBITDA Margin,TTM Revenue_x,TTM Pre-Tax Income,Pre-Tax Margin,TTM Revenue_y,TTM Net Income_x,Net Margin,TTM Net Income_y,Shareholder's Equity_y,Return on Equity,TTM Net Income_x,Tangible Equity,Return on Tangible Equity,TTM Net Income_y,Total Assets,Return on Assets,TTM Net Income,LT Investments & Debt,Return on Investment,revenue,cost-goods-sold,gross-profit,research-development-expenses,selling-general-administrative-expenses,operating-expenses,operating-income,total-non-operating-income-expense,pre-tax-income,total-provision-income-taxes,income-after-taxes,income-from-continuous-operations,net-income,ebitda,ebit,basic-shares-outstanding,shares-outstanding,eps-basic-net-earnings-per-share,eps-earnings-per-share-diluted,cash-on-hand,inventory,other-current-assets,total-current-assets,net-property-plant-equipment,long-term-investments,goodwill-intangible-assets-total,other-long-term-assets,total-long-term-assets,total-assets,total-current-liabilities,long-term-debt,other-non-current-liabilities,total-long-term-liabilities,total-liabilities,common-stock-net,retained-earnings-accumulated-deficit,comprehensive-income,total-share-holder-equity,total-liabilities-share-holders-equity,net-income-loss,total-depreciation-amortization-cash-flow,other-non-cash-items,total-non-cash-items,change-in-accounts-receivable,change-in-inventories,change-in-accounts-payable,change-in-assets-liabilities,total-change-in-assets-liabilities,cash-flow-from-operating-activities,net-change-in-property-plant-equipment,net-change-in-intangible-assets,net-acquisitions-divestitures,net-change-in-short-term-investments,net-change-in-long-term-investments,net-change-in-investments-total,investing-activities-other,cash-flow-from-investing-activities,net-long-term-debt,net-current-debt,debt-issuance-retirement-net-total,net-common-equity-issued-repurchased,net-total-equity-issued-repurchased,total-common-preferred-stock-dividends-paid,financial-activities-other,cash-flow-from-financial-activities,net-cash-flow,stock-based-compensation,common-stock-dividends-paid
0,2018-03-31,25.24,$12.13,2.08,$11.66,2.16,$3.51,7.18,$1.84,13.75,$5.50B,$4.66B,1.18,$2.72B,$12.01B,0.23,$11.77B,$11.77B,100.00%,$11.77B,$5.97B,50.74%,$11.77B,$5.97B,50.74%,$11.77B,$5.97B,50.74%,$11.77B,$5.89B,50.08%,$11.77B,$2.41B,20.46%,$2.41B,$12.01B,22.58%,$2.41B,$11.65B,23.28%,$2.41B,$20.66B,13.06%,$5.97B,$14.73B,46.78%,$0,$0,$0,$0,$0,$0,$0,$0,$0,$0,$0,$0,$0,$1088,$0,$0,0,$0.00,$0.00,$3063,$63,$873,$5495,$13080,$219,$369,$1228,$15165,$20660,$4664,$2719,$139,$3982,$8646,$504,$9063,$0,$12014,$20660,$0,$0,$-1907,$-1907,$0,$0,$0,$0,$0,$957,$-542,$-116,$0,$0,$-37,$-37,$54,$-641,$64,$0,$64,$0,$0,$-3,$1,$63,$382,$0,$-3
1,2017-03-31,28.99,$11.36,2.55,$11.13,2.6,$4.47,6.49,$1.84,15.76,$5.43B,$4.07B,1.33,$0.00B,$11.25B,0.0,$11.22B,$11.22B,100.00%,$11.22B,$7.57B,67.47%,$11.22B,$7.57B,67.47%,$11.22B,$7.57B,67.47%,$11.22B,$7.53B,67.09%,$11.22B,$2.24B,20.00%,$2.24B,$11.25B,22.82%,$2.24B,$10.94B,23.54%,$2.24B,$18.76B,13.02%,$7.57B,$11.25B,63.06%,$3234,$0,$3234,$0,$1623,$2147,$1088,$-35,$1053,$255,$798,$798,$573,$1249,$1088,$991,991,$0.58,$0.58,$3517,$61,$888,$5425,$11562,$187,$304,$1199,$13334,$18759,$4069,$0,$2742,$3445,$7513,$504,$8330,$0,$11246,$18759,$0,$0,$-1534,$-1534,$0,$0,$0,$0,$0,$1307,$-619,$-28,$0,$0,$-8,$-8,$1,$-654,$-10,$0,$-10,$0,$0,$-247,$0,$-257,$393,$0,$-247
2,2016-03-31,22.92,$9.95,2.3,$10.57,2.17,$4.66,4.92,$1.53,14.98,$5.78B,$3.90B,1.48,$3.06B,$10.03B,0.31,$10.64B,$10.64B,100.00%,$10.64B,$8.84B,83.11%,$10.64B,$8.84B,83.11%,$10.64B,$8.84B,83.11%,$10.64B,$8.82B,82.87%,$10.64B,$1.67B,15.69%,$1.67B,$10.03B,18.39%,$1.67B,$9.73B,18.98%,$1.67B,$17.70B,10.18%,$8.84B,$13.09B,73.95%,$3102,$0,$3102,$0,$1421,$1853,$1249,$-17,$1232,$295,$938,$938,$938,$957,$1249,$991,991,$0.68,$0.68,$3852,$56,$905,$5784,$10512,$182,$296,$775,$11915,$17699,$3903,$3061,$79,$3767,$7670,$504,$7504,$0,$10029,$17699,$0,$0,$-1345,$-1345,$0,$0,$0,$0,$0,$1314,$-572,$-17,$0,$0,$32,$32,$-1,$-558,$109,$-82,$27,$0,$0,$-2,$6,$31,$762,$0,$-2
3,2015-12-31,20.01,$0.00,0.0,$10.17,1.97,$4.29,4.67,$1.58,12.71,$4.79B,$3.54B,1.35,$2.62B,$9.34B,0.28,$10.25B,$9.62B,93.92%,$10.25B,$8.61B,84.03%,$10.25B,$8.61B,84.03%,$10.25B,$8.61B,84.03%,$10.25B,$8.62B,84.09%,$10.25B,$1.59B,15.53%,$1.59B,$9.34B,17.99%,$1.59B,$9.04B,18.57%,$1.59B,$16.62B,10.18%,$8.61B,$11.97B,75.89%,$2754,$0,$2754,$0,$1289,$1797,$957,$-26,$932,$242,$689,$689,$459,$2675,$957,$982,982,$0.47,$0.47,$3094,$53,$858,$4791,$23267,$181,$306,$950,$24723,$16617,$3541,$2623,$899,$3733,$7275,$504,$7046,$0,$9343,$16617,$0,$0,$0,$0,$0,$0,$0,$0,$0,$4367,$-2577,$0,$-11,$0,$0,$-28,$-127,$-2742,$0,$-143,$1217,$0,$7,$-1661,$-61,$-641,$1045,$0,$0
4,2015-09-30,16.07,$0.00,0.0,$10.14,1.58,$6.30,2.55,$1.50,10.71,$4.56B,$3.39B,1.34,$3.00B,$8.71B,0.34,$9.96B,$9.34B,93.74%,$9.96B,$8.32B,83.57%,$9.96B,$8.32B,83.57%,$9.96B,$8.32B,83.57%,$9.96B,$8.33B,83.63%,$9.96B,$1.47B,14.79%,$1.47B,$8.71B,17.01%,$1.47B,$8.43B,17.54%,$1.47B,$15.84B,9.82%,$8.32B,$11.71B,77.08%,$2675,$0,$2675,$0,$0,$0,$2675,$0,$2675,$0,$2675,$437,$437,$2688,$2675,$1088,1088,$0.40,$0.40,$2926,$69,$577,$4559,$0,$176,$283,$918,$1391,$15839,$3391,$2999,$520,$3740,$7131,$504,$6609,$0,$8709,$15839,$0,$0,$0,$0,$0,$0,$0,$0,$0,$3131,$-1782,$0,$0,$0,$0,$-21,$-119,$-1922,$0,$469,$630,$0,$0,$-878,$-674,$-453,$859,$0,$0
5,2015-06-30,19.56,$0.00,0.0,$11.49,1.7,$4.92,3.97,$1.77,11.05,$4.29B,$3.44B,1.25,$2.84B,$8.23B,0.35,$11.19B,$10.57B,94.43%,$11.19B,$9.55B,85.38%,$11.19B,$9.55B,85.38%,$11.19B,$9.55B,85.38%,$11.19B,$9.56B,85.43%,$11.19B,$1.73B,15.46%,$1.73B,$8.23B,21.17%,$1.73B,$7.97B,21.77%,$1.73B,$15.41B,12.38%,$9.55B,$11.06B,96.19%,$2688,$0,$2688,$0,$0,$0,$2688,$0,$2688,$0,$2688,$410,$410,$2522,$2688,$982,982,$0.42,$0.42,$2726,$58,$630,$4286,$0,$177,$253,$844,$1287,$15405,$3438,$2837,$646,$3741,$7179,$504,$6655,$0,$8227,$15405,$4725,$0,$0,$0,$0,$0,$0,$0,$0,$1864,$-993,$0,$0,$0,$0,$-17,$-4,$-1013,$0,$-209,$-5,$0,$0,$-878,$867,$-225,$661,$0,$0
6,2015-03-31,19.03,$0.00,0.0,$10.89,1.75,$4.28,4.45,$1.74,10.94,$3.91B,$3.27B,1.2,$1.56B,$9.09B,0.17,$10.58B,$9.38B,88.67%,$10.58B,$7.67B,72.45%,$10.58B,$7.67B,72.45%,$10.58B,$7.67B,72.45%,$10.58B,$7.66B,72.39%,$10.58B,$1.70B,16.02%,$1.70B,$9.09B,21.27%,$1.70B,$8.83B,21.80%,$1.70B,$14.67B,12.99%,$7.67B,$10.65B,81.93%,$2522,$0,$2522,$0,$0,$0,$2522,$0,$2522,$0,$2522,$363,$363,$726,$2522,$982,982,$0.37,$0.37,$2333,$54,$672,$3905,$0,$177,$258,$904,$1350,$14667,$3266,$1561,$501,$2309,$5575,$504,$6714,$0,$9092,$14667,$0,$0,$0,$0,$0,$0,$0,$0,$0,$927,$-553,$0,$0,$0,$0,$-0,$-45,$-599,$0,$-21,$10,$0,$0,$0,$-84,$-95,$261,$0,$0
7,2014-12-31,19.77,$0.00,0.0,$10.70,1.85,$5.68,3.48,$1.68,11.8,$3.38B,$3.18B,1.06,$1.15B,$8.61B,0.13,$10.37B,$9.79B,94.44%,$10.37B,$9.09B,87.66%,$10.37B,$9.09B,87.66%,$10.37B,$9.09B,87.66%,$10.37B,$9.07B,87.54%,$10.37B,$1.63B,15.72%,$1.63B,$8.61B,21.34%,$1.63B,$8.37B,21.82%,$1.63B,$14.09B,12.94%,$9.09B,$9.77B,100.99%,$2362,$623,$1739,$0,$502,$1635,$726,$5,$732,$181,$551,$381,$381,$2386,$726,$982,982,$0.39,$0.39,$2047,$47,$597,$3376,$0,$177,$246,$800,$1232,$14090,$3179,$1153,$872,$2298,$5477,$504,$6332,$0,$8613,$14090,$8913,$0,$0,$0,$0,$0,$0,$0,$-959,$3774,$-181,$0,$0,$0,$0,$-149,$-2145,$-2475,$0,$358,$663,$0,$0,$-994,$-1035,$-1008,$298,$0,$0
8,2014-06-30,18.21,$0.00,0.0,$10.25,1.78,$2.03,8.97,$1.72,10.62,$2.83B,$2.81B,1.01,$1.49B,$6.75B,0.22,$9.90B,$9.32B,94.18%,$9.90B,$8.62B,87.08%,$9.90B,$8.62B,87.08%,$9.90B,$8.62B,87.08%,$9.90B,$8.61B,86.96%,$9.90B,$1.66B,16.81%,$1.66B,$6.75B,23.38%,$1.66B,$6.61B,23.86%,$1.66B,$11.71B,14.12%,$8.62B,$8.24B,101.12%,$2386,$0,$2386,$0,$0,$0,$2386,$0,$2386,$0,$2386,$319,$319,$3919,$2386,$983,983,$0.33,$0.33,$1578,$94,$445,$2834,$0,$29,$140,$580,$755,$11714,$2814,$1494,$393,$2151,$4965,$454,$5049,$0,$6749,$11714,$0,$0,$0,$0,$0,$0,$0,$0,$0,$0,$0,$0,$0,$0,$0,$0,$0,$0,$0,$0,$0,$0,$0,$0,$0,$0,$0,$0,$0
9,2014-03-31,16.46,$0.00,0.0,$8.29,1.99,$2.03,8.11,$1.41,11.72,$3.20B,$2.34B,1.37,$1.34B,$7.43B,0.18,$8.02B,$7.45B,92.82%,$8.02B,$6.74B,84.06%,$8.02B,$6.74B,84.06%,$8.02B,$6.74B,84.06%,$8.02B,$6.73B,83.91%,$8.02B,$1.36B,16.93%,$1.36B,$7.43B,19.27%,$1.36B,$7.29B,19.67%,$1.36B,$11.74B,11.67%,$6.74B,$8.76B,79.91%,$3919,$0,$3919,$0,$0,$0,$3919,$0,$3919,$0,$3919,$667,$667,$634,$3919,$972,958,$0.69,$0.69,$2102,$68,$419,$3200,$0,$27,$135,$534,$703,$11742,$2335,$1335,$391,$1980,$4315,$454,$5605,$0,$7427,$11742,$698,$0,$0,$0,$0,$0,$0,$0,$0,$698,$-463,$0,$0,$0,$0,$380,$3,$-80,$0,$79,$-109,$0,$2,$-2,$-18,$-48,$540,$0,$0
10,2013-12-31,14.99,$0.00,0.0,$8.36,1.79,$2.25,6.65,$1.43,10.48,$3.31B,$2.84B,1.16,$1.47B,$7.74B,0.19,$8.06B,$7.48B,92.71%,$8.06B,$6.77B,83.93%,$8.06B,$6.77B,83.93%,$8.06B,$6.77B,83.93%,$8.06B,$6.77B,83.98%,$8.06B,$1.38B,17.09%,$1.38B,$7.74B,19.71%,$1.38B,$7.59B,20.13%,$1.38B,$12.80B,11.87%,$6.77B,$9.22B,81.28%,$1913,$576,$1337,$0,$347,$1279,$634,$-12,$622,$155,$467,$328,$328,$2147,$634,$971,971,$0.34,$0.34,$2157,$51,$458,$3308,$0,$30,$151,$622,$812,$12795,$2844,$1473,$436,$2209,$5053,$504,$5863,$0,$7742,$12795,$0,$0,$0,$0,$0,$0,$0,$0,$0,$3657,$-1918,$0,$73,$0,$0,$18,$-443,$-2270,$0,$-215,$0,$0,$237,$-1304,$-50,$-1333,$158,$0,$0
11,2013-09-30,15.18,$0.00,0.0,$8.28,1.83,$2.77,5.47,$1.41,10.81,$2.80B,$2.37B,1.18,$1.34B,$6.55B,0.2,$7.95B,$7.36B,92.60%,$7.95B,$6.65B,83.69%,$7.95B,$6.65B,83.69%,$7.95B,$6.65B,83.69%,$7.95B,$6.65B,83.74%,$7.95B,$1.35B,16.97%,$1.35B,$6.55B,19.55%,$1.35B,$6.41B,19.97%,$1.35B,$10.87B,11.75%,$6.65B,$7.88B,81.19%,$2147,$0,$2147,$0,$0,$0,$2147,$0,$2147,$0,$2147,$315,$315,$1921,$2147,$973,973,$0.33,$0.33,$1629,$82,$399,$2798,$0,$13,$142,$418,$585,$10872,$2365,$1335,$362,$1959,$4325,$454,$4993,$0,$6547,$10872,$0,$0,$0,$0,$0,$0,$0,$0,$0,$0,$0,$0,$0,$0,$0,$0,$0,$0,$0,$0,$0,$0,$0,$0,$0,$0,$0,$0,$0
12,2013-06-30,17.87,$0.00,0.0,$8.60,2.08,$2.77,6.44,$1.45,12.33,$2.42B,$2.53B,0.95,$1.42B,$6.48B,0.22,$8.24B,$7.65B,92.86%,$8.24B,$6.94B,84.27%,$8.24B,$6.94B,84.27%,$8.24B,$6.94B,84.27%,$8.24B,$6.95B,84.32%,$8.24B,$1.39B,16.83%,$1.39B,$6.48B,19.85%,$1.39B,$6.32B,20.31%,$1.39B,$11.15B,11.91%,$6.94B,$7.90B,84.51%,$1921,$0,$1921,$0,$0,$0,$1921,$0,$1921,$0,$1921,$354,$354,$2041,$1921,$968,968,$0.37,$0.37,$1225,$63,$413,$2415,$0,$26,$153,$478,$670,$11147,$2532,$1420,$386,$2140,$4672,$504,$5155,$0,$6475,$11147,$0,$0,$0,$0,$0,$0,$0,$0,$0,$0,$0,$0,$0,$0,$0,$0,$0,$0,$0,$0,$0,$0,$0,$0,$0,$0,$0,$0,$0
13,2013-03-31,18.16,$0.00,0.0,$8.64,2.1,$2.77,6.55,$1.43,12.7,$3.24B,$2.42B,1.34,$1.12B,$7.20B,0.16,$8.28B,$7.69B,92.90%,$8.28B,$6.99B,84.35%,$8.28B,$6.99B,84.35%,$8.28B,$6.99B,84.35%,$8.28B,$6.99B,84.40%,$8.28B,$1.37B,16.52%,$1.37B,$7.20B,19.66%,$1.37B,$7.06B,20.14%,$1.37B,$11.61B,11.74%,$6.99B,$8.32B,85.86%,$2041,$0,$2041,$0,$0,$0,$2041,$0,$2041,$0,$2041,$361,$361,$659,$2041,$957,957,$0.38,$0.38,$2119,$70,$435,$3236,$0,$27,$138,$493,$670,$11610,$2416,$1118,$570,$1998,$4414,$504,$5625,$0,$7197,$11610,$0,$0,$0,$0,$0,$0,$0,$0,$0,$769,$-323,$0,$0,$0,$0,$363,$-32,$8,$0,$-6,$-77,$0,$0,$0,$163,$80,$699,$0,$0
14,2012-12-31,14.89,$0.00,0.0,$8.63,1.73,$2.85,5.22,$1.45,10.3,$3.08B,$2.65B,1.16,$1.30B,$7.37B,0.18,$8.28B,$7.74B,93.47%,$8.28B,$7.00B,84.54%,$8.28B,$7.00B,84.54%,$8.28B,$7.00B,84.54%,$8.28B,$6.99B,84.43%,$8.28B,$1.39B,16.72%,$1.39B,$7.37B,19.99%,$1.39B,$7.21B,20.52%,$1.39B,$12.25B,11.91%,$7.00B,$8.67B,85.95%,$1955,$587,$1367,$0,$363,$1296,$659,$4,$663,$165,$499,$348,$348,$2028,$659,$957,957,$0.37,$0.37,$1920,$64,$498,$3077,$0,$416,$159,$114,$698,$12251,$2652,$1298,$596,$2231,$4883,$554,$5805,$0,$7368,$12251,$0,$0,$0,$0,$0,$0,$0,$0,$0,$3074,$-865,$0,$-25,$0,$0,$-459,$105,$-1244,$0,$-48,$-11,$0,$0,$-784,$-621,$-1465,$383,$0,$0
15,2012-09-30,15.68,$0.00,0.0,$8.58,1.83,$2.43,6.45,$1.43,11.01,$2.75B,$2.64B,1.04,$1.09B,$6.90B,0.16,$8.26B,$7.72B,93.45%,$8.26B,$6.98B,84.49%,$8.26B,$6.98B,84.49%,$8.26B,$6.98B,84.49%,$8.26B,$6.97B,84.38%,$8.26B,$1.37B,16.60%,$1.37B,$6.90B,20.42%,$1.37B,$6.72B,21.01%,$1.37B,$11.59B,12.03%,$6.98B,$7.99B,87.57%,$2028,$0,$2028,$0,$0,$0,$2028,$0,$2028,$0,$2028,$285,$285,$2216,$2028,$957,957,$0.30,$0.30,$1348,$73,$402,$2753,$0,$29,$183,$426,$646,$11594,$2642,$1088,$581,$2049,$4690,$554,$5492,$0,$6904,$11594,$0,$0,$0,$0,$0,$0,$0,$0,$0,$0,$0,$0,$0,$0,$0,$0,$0,$0,$0,$0,$0,$0,$0,$0,$0,$0,$0,$0,$0
16,2012-06-30,14.03,$0.00,0.0,$7.81,1.8,$2.43,5.77,$1.22,11.55,$2.19B,$2.60B,0.84,$1.21B,$6.36B,0.19,$8.06B,$7.52B,93.29%,$8.06B,$6.78B,84.10%,$8.06B,$6.78B,84.10%,$8.06B,$6.78B,84.10%,$8.06B,$6.77B,83.99%,$8.06B,$1.24B,15.38%,$1.24B,$6.36B,18.65%,$1.24B,$6.18B,19.20%,$1.24B,$11.17B,10.93%,$6.78B,$7.57B,84.58%,$2216,$0,$2216,$0,$0,$0,$2216,$0,$2216,$0,$2216,$393,$393,$2082,$2216,$959,959,$0.41,$0.41,$982,$78,$1126,$2187,$0,$24,$182,$572,$787,$11169,$2604,$1207,$602,$2205,$4809,$554,$5099,$0,$6360,$11169,$0,$0,$0,$0,$0,$0,$0,$0,$0,$0,$0,$0,$0,$0,$0,$0,$0,$0,$0,$0,$0,$0,$0,$0,$0,$0,$0,$0,$0
17,2012-03-31,11.63,$0.00,0.0,$7.32,1.59,$2.43,4.78,$1.26,9.23,$2.55B,$2.40B,1.06,$1.28B,$7.08B,0.18,$8.08B,$7.54B,93.30%,$8.08B,$6.80B,84.14%,$8.08B,$6.80B,84.14%,$8.08B,$6.80B,84.14%,$8.08B,$6.79B,84.03%,$8.08B,$1.40B,17.29%,$1.40B,$7.08B,20.94%,$1.40B,$6.89B,21.58%,$1.40B,$11.51B,12.19%,$6.80B,$8.37B,83.11%,$2082,$0,$2082,$0,$0,$0,$2082,$0,$2082,$0,$2082,$342,$342,$677,$2082,$960,960,$0.36,$0.36,$1269,$110,$587,$2545,$0,$26,$194,$528,$756,$11509,$2395,$1283,$350,$2031,$4426,$554,$5541,$0,$7083,$11509,$0,$0,$0,$0,$0,$0,$0,$0,$0,$965,$-441,$0,$0,$0,$0,$-1,$2,$-440,$0,$-231,$0,$0,$-127,$0,$0,$-358,$168,$0,$0
18,2011-12-31,11.77,$0.00,0.0,$7.66,1.54,$1.89,6.24,$1.28,9.2,$2.36B,$2.45B,0.96,$1.43B,$6.51B,0.22,$8.04B,$7.48B,93.03%,$8.04B,$6.72B,83.55%,$8.04B,$6.72B,83.55%,$8.04B,$6.72B,83.55%,$8.04B,$6.71B,83.46%,$8.04B,$1.36B,16.87%,$1.36B,$6.51B,20.47%,$1.36B,$6.31B,21.10%,$1.36B,$11.33B,11.83%,$6.72B,$7.94B,82.20%,$1958,$540,$1417,$0,$359,$1280,$677,$-10,$668,$166,$501,$365,$365,$2001,$677,$965,965,$0.38,$0.38,$1102,$84,$618,$2360,$0,$26,$198,$505,$737,$11328,$2447,$1429,$563,$2372,$4819,$556,$5058,$0,$6509,$11328,$0,$0,$0,$0,$0,$0,$0,$0,$0,$3358,$-1532,$0,$0,$0,$0,$3,$-61,$-1590,$0,$0,$-483,$0,$-227,$-669,$-334,$-1713,$56,$0,$0
19,2011-09-30,12.67,$0.00,0.0,$8.13,1.56,$1.93,6.55,$1.40,9.05,$2.35B,$2.46B,0.95,$1.55B,$6.63B,0.24,$7.81B,$7.25B,92.83%,$7.81B,$6.49B,83.08%,$7.81B,$6.49B,83.08%,$7.81B,$6.49B,83.08%,$7.81B,$6.48B,82.99%,$7.81B,$1.37B,17.47%,$1.37B,$6.63B,21.91%,$1.37B,$6.43B,22.63%,$1.37B,$11.32B,11.98%,$6.49B,$8.18B,83.18%,$2001,$0,$2001,$0,$0,$0,$2001,$0,$2001,$0,$2001,$271,$271,$2017,$2001,$968,968,$0.28,$0.28,$1106,$61,$1179,$2347,$0,$29,$198,$415,$647,$11317,$2461,$1554,$243,$2230,$4691,$573,$5060,$0,$6626,$11317,$0,$0,$0,$0,$0,$0,$0,$0,$0,$0,$0,$0,$0,$0,$0,$0,$0,$0,$0,$0,$0,$0,$0,$0,$0,$0,$0,$0,$0
20,2011-06-30,13.21,$0.00,0.0,$9.02,1.46,$1.93,6.83,$1.60,8.26,$2.41B,$2.70B,0.89,$1.77B,$6.45B,0.28,$7.86B,$7.30B,92.87%,$7.86B,$6.54B,83.18%,$7.86B,$6.54B,83.18%,$7.86B,$6.54B,83.18%,$7.86B,$6.53B,83.09%,$7.86B,$1.44B,18.36%,$1.44B,$6.45B,25.01%,$1.44B,$6.25B,25.93%,$1.44B,$11.64B,12.69%,$6.54B,$8.22B,88.09%,$2017,$0,$2017,$0,$0,$0,$2017,$0,$2017,$0,$2017,$261,$261,$2100,$2017,$1307,1307,$0.20,$0.20,$1273,$62,$1073,$2408,$0,$29,$201,$491,$727,$11642,$2704,$1774,$244,$2491,$5195,$588,$4901,$0,$6447,$11642,$0,$0,$0,$0,$0,$0,$0,$0,$0,$0,$0,$0,$0,$0,$0,$0,$0,$0,$0,$0,$0,$0,$0,$0,$0,$0,$0,$0,$0
21,2011-03-31,12.35,$0.00,0.0,$9.33,1.32,$1.93,6.39,$1.40,8.82,$2.37B,$2.18B,1.09,$1.42B,$6.92B,0.21,$7.71B,$7.15B,92.74%,$7.71B,$6.39B,82.86%,$7.71B,$6.39B,82.86%,$7.71B,$6.39B,82.86%,$7.71B,$6.38B,82.77%,$7.71B,$1.30B,16.87%,$1.30B,$6.92B,24.74%,$1.30B,$6.72B,25.76%,$1.30B,$11.56B,11.62%,$6.39B,$8.34B,93.88%,$2100,$0,$2100,$0,$0,$0,$2100,$0,$2100,$0,$2100,$499,$499,$597,$2100,$1247,1247,$0.40,$0.40,$1266,$64,$497,$2371,$0,$29,$196,$385,$615,$11563,$2183,$1422,$577,$2463,$4646,$579,$5138,$0,$6917,$11563,$0,$0,$0,$0,$0,$0,$0,$0,$0,$0,$0,$0,$0,$0,$0,$0,$0,$0,$0,$0,$0,$0,$0,$0,$0,$0,$0,$0,$0
22,2010-12-31,13.11,$0.00,0.0,$8.82,1.49,$2.16,6.09,$1.40,9.37,$2.08B,$2.27B,0.92,$1.54B,$4.93B,0.31,$7.62B,$7.11B,93.30%,$7.62B,$6.38B,83.73%,$7.62B,$6.38B,83.73%,$7.62B,$6.38B,83.73%,$7.62B,$6.36B,83.47%,$7.62B,$1.28B,16.82%,$1.28B,$4.93B,27.38%,$1.28B,$4.73B,28.74%,$1.28B,$11.07B,11.69%,$6.38B,$6.47B,103.96%,$1919,$560,$1359,$0,$366,$1322,$597,$-7,$590,$151,$439,$325,$325,$1777,$597,$812,812,$0.40,$0.40,$1053,$57,$476,$2079,$0,$28,$198,$344,$577,$11072,$2272,$1544,$542,$3870,$6142,$559,$4651,$0,$4930,$11072,$0,$0,$0,$0,$0,$0,$0,$0,$0,$3081,$-1729,$0,$-13,$0,$0,$-11,$-81,$-1833,$0,$1,$-95,$0,$0,$-1004,$7,$-1090,$146,$0,$0
23,2010-09-30,15.14,$0.00,0.0,$8.29,1.83,$1.23,12.34,$1.40,10.81,$2.09B,$2.66B,0.79,$1.86B,$4.79B,0.39,$7.82B,$7.31B,93.48%,$7.82B,$6.58B,84.15%,$7.82B,$6.58B,84.15%,$7.82B,$6.58B,84.15%,$7.82B,$6.56B,83.90%,$7.82B,$1.24B,15.87%,$1.24B,$4.79B,27.70%,$1.24B,$4.56B,29.24%,$1.24B,$11.21B,11.52%,$6.58B,$6.65B,112.43%,$1777,$0,$1777,$0,$0,$0,$1777,$0,$1777,$0,$1777,$280,$280,$2063,$1777,$699,699,$0.40,$0.40,$1044,$64,$982,$2090,$0,$29,$229,$351,$619,$11211,$2660,$1861,$219,$3763,$6422,$565,$4511,$0,$4789,$11211,$0,$0,$0,$0,$0,$0,$0,$0,$0,$0,$0,$0,$0,$0,$0,$0,$0,$0,$0,$0,$0,$0,$0,$0,$0,$0,$0,$0,$0
24,2010-06-30,12.15,$0.00,0.0,$7.75,1.57,$1.23,9.9,$1.20,10.12,$1.96B,$3.40B,0.58,$1.37B,$4.40B,0.31,$7.63B,$7.12B,93.31%,$7.63B,$6.39B,83.75%,$7.63B,$6.39B,83.75%,$7.63B,$6.39B,83.75%,$7.63B,$6.37B,83.49%,$7.63B,$1.27B,16.68%,$1.27B,$4.40B,29.91%,$1.27B,$4.19B,31.74%,$1.27B,$10.93B,12.19%,$6.39B,$5.76B,115.02%,$2063,$0,$2063,$0,$0,$0,$2063,$0,$2063,$0,$2063,$339,$339,$1953,$2063,$847,847,$0.40,$0.40,$953,$56,$947,$1956,$0,$23,$212,$337,$582,$10927,$3398,$1365,$257,$3131,$6528,$556,$4118,$0,$4399,$10927,$0,$0,$0,$0,$0,$0,$0,$0,$0,$0,$0,$0,$0,$0,$0,$0,$0,$0,$0,$0,$0,$0,$0,$0,$0,$0,$0,$0,$0
25,2010-03-31,12.69,$0.00,0.0,$7.52,1.69,$1.23,10.34,$1.40,9.06,$1.66B,$2.65B,0.63,$1.06B,$4.60B,0.23,$7.41B,$6.90B,93.11%,$7.41B,$6.17B,83.27%,$7.41B,$6.17B,83.27%,$7.41B,$6.17B,83.27%,$7.41B,$6.15B,83.00%,$7.41B,$1.29B,17.47%,$1.29B,$4.60B,32.44%,$1.29B,$4.35B,34.66%,$1.29B,$10.62B,12.93%,$6.17B,$5.65B,120.19%,$1953,$0,$1953,$0,$0,$0,$1953,$0,$1953,$0,$1953,$357,$357,$585,$1953,$983,983,$0.20,$0.20,$782,$55,$360,$1661,$0,$17,$244,$352,$624,$10616,$2646,$1058,$600,$3375,$6021,$554,$4316,$0,$4595,$10616,$0,$0,$0,$0,$0,$0,$0,$0,$0,$768,$-551,$0,$-12,$0,$0,$2,$13,$-548,$0,$1,$-238,$0,$0,$-45,$-8,$-291,$-116,$0,$0
26,2009-12-31,14.18,$0.00,0.0,$6.96,2.04,$1.12,12.66,$1.20,11.81,$1.72B,$2.84B,0.61,$1.21B,$4.14B,0.29,$6.85B,$6.57B,95.86%,$6.85B,$6.04B,88.12%,$6.85B,$6.04B,88.12%,$6.85B,$6.04B,88.12%,$6.85B,$5.99B,87.44%,$6.85B,$1.20B,17.54%,$1.20B,$4.14B,33.06%,$1.20B,$3.88B,35.56%,$1.20B,$10.35B,12.88%,$6.04B,$5.34B,129.65%,$1824,$510,$1314,$0,$360,$1239,$585,$-20,$565,$151,$414,$305,$305,$1979,$585,$983,983,$0.40,$0.40,$866,$46,$389,$1717,$0,$16,$258,$242,$526,$10351,$2835,$1206,$648,$3380,$6214,$535,$3869,$0,$4137,$10351,$0,$0,$0,$0,$0,$0,$0,$0,$0,$3153,$-2164,$0,$0,$0,$0,$-8,$-145,$-2316,$0,$7,$304,$0,$0,$-976,$-42,$-706,$97,$0,$0
27,2009-09-30,12.63,$0.00,0.0,$6.42,1.97,$0.91,13.95,$0.96,13.23,$1.63B,$2.67B,0.61,$1.57B,$3.88B,0.41,$6.32B,$5.19B,82.07%,$6.32B,$4.83B,76.36%,$6.32B,$4.83B,76.36%,$6.32B,$4.83B,76.36%,$6.32B,$3.82B,60.39%,$6.32B,$1.12B,17.65%,$1.12B,$3.88B,32.90%,$1.12B,$3.61B,35.69%,$1.12B,$9.85B,12.62%,$4.83B,$5.45B,112.48%,$1979,$0,$1979,$0,$0,$0,$1979,$0,$1979,$0,$1979,$240,$240,$1870,$1979,$983,983,$0.40,$0.40,$776,$45,$808,$1629,$0,$15,$270,$248,$533,$9852,$2667,$1571,$336,$3304,$5971,$521,$3617,$0,$3881,$9852,$0,$0,$0,$0,$0,$0,$0,$0,$0,$0,$0,$0,$0,$0,$0,$0,$0,$0,$0,$0,$0,$0,$0,$0,$0,$0,$0,$0,$0
28,2009-06-30,10.24,$0.00,0.0,$6.73,1.52,$0.91,11.31,$1.16,8.86,$1.57B,$3.20B,0.49,$0.74B,$3.34B,0.22,$5.91B,$4.77B,80.81%,$5.91B,$4.41B,74.70%,$5.91B,$4.41B,74.70%,$5.91B,$4.41B,74.70%,$5.91B,$3.40B,57.61%,$5.91B,$1.01B,17.07%,$1.01B,$3.34B,30.71%,$1.01B,$3.09B,33.50%,$1.01B,$9.23B,11.65%,$4.41B,$4.08B,108.66%,$1870,$0,$1870,$0,$0,$0,$1870,$0,$1870,$0,$1870,$370,$370,$1733,$1870,$983,983,$0.20,$0.20,$838,$44,$691,$1573,$0,$16,$248,$214,$478,$9226,$3200,$736,$707,$2684,$5884,$494,$3106,$0,$3342,$9226,$0,$0,$0,$0,$0,$0,$0,$0,$0,$0,$0,$0,$0,$0,$0,$0,$0,$0,$0,$0,$0,$0,$0,$0,$0,$0,$0,$0,$0
29,2009-03-31,8.77,$0.00,0.0,$6.94,1.26,$1.51,5.83,$1.16,7.6,$1.24B,$2.19B,0.57,$0.58B,$3.18B,0.18,$5.81B,$4.68B,80.51%,$5.81B,$2.40B,41.26%,$5.81B,$2.40B,41.26%,$5.81B,$2.40B,41.26%,$5.81B,$3.02B,52.01%,$5.81B,$0.96B,16.58%,$0.96B,$3.18B,29.47%,$0.96B,$2.94B,32.40%,$0.96B,$7.90B,11.11%,$2.40B,$3.76B,59.17%,$1733,$0,$1733,$0,$0,$0,$1733,$0,$1733,$0,$1733,$379,$379,$458,$1733,$987,987,$0.40,$0.40,$588,$43,$273,$1240,$0,$15,$249,$199,$463,$7901,$2189,$579,$680,$2528,$4717,$436,$2939,$0,$3184,$7901,$0,$0,$0,$0,$0,$0,$0,$0,$0,$628,$-515,$0,$0,$0,$0,$-0,$-3,$-518,$0,$-1,$-137,$0,$-0,$0,$-16,$-154,$-33,$0,$0
30,2008-12-31,8.54,$0.00,0.0,$7.52,1.13,$1.69,5.05,$1.36,6.3,$1.34B,$2.48B,0.54,$0.72B,$3.15B,0.23,$6.17B,$5.05B,81.84%,$6.17B,$2.65B,42.95%,$6.17B,$2.65B,42.95%,$6.17B,$2.65B,42.95%,$6.17B,$3.32B,53.77%,$6.17B,$1.10B,17.80%,$1.10B,$3.15B,31.81%,$1.10B,$2.86B,35.12%,$1.10B,$8.37B,12.32%,$2.65B,$3.87B,63.08%,$1272,$285,$988,$0,$274,$815,$458,$-46,$411,$121,$290,$213,$213,$764,$458,$987,987,$0.20,$0.20,$657,$47,$306,$1341,$0,$16,$292,$203,$511,$8372,$2477,$719,$740,$2747,$5224,$462,$2890,$0,$3148,$8372,$0,$0,$0,$0,$0,$0,$0,$0,$0,$2231,$-1455,$0,$-26,$0,$0,$-17,$-19,$-1518,$0,$-48,$327,$0,$-192,$-1079,$-49,$-1041,$-298,$0,$0
31,2008-09-30,9.98,$0.00,0.0,$7.92,1.26,$2.73,3.65,$1.60,6.24,$1.49B,$2.72B,0.55,$1.08B,$3.46B,0.31,$6.11B,$5.83B,95.55%,$6.11B,$3.26B,53.46%,$6.11B,$3.26B,53.46%,$6.11B,$3.26B,53.46%,$6.11B,$4.89B,80.15%,$6.11B,$1.24B,20.32%,$1.24B,$3.46B,34.80%,$1.24B,$3.15B,38.50%,$1.24B,$9.12B,13.77%,$3.26B,$4.53B,76.80%,$1444,$849,$595,$0,$-345,$679,$764,$-182,$-198,$-133,$-66,$153,$153,$1456,$764,$981,981,$0.16,$0.16,$829,$42,$615,$1486,$0,$15,$306,$212,$534,$9122,$2721,$1075,$454,$2945,$5666,$0,$3160,$0,$3456,$9122,$0,$0,$0,$0,$0,$0,$0,$0,$0,$0,$0,$0,$0,$0,$0,$0,$0,$0,$0,$0,$0,$0,$0,$0,$0,$0,$0,$0,$0
32,2008-06-30,10.38,$0.00,0.0,$6.67,1.55,$2.73,3.79,$1.40,7.41,$1.82B,$3.38B,0.54,$0.76B,$3.30B,0.23,$6.31B,$6.04B,95.69%,$6.31B,$3.47B,54.95%,$6.31B,$3.47B,54.95%,$6.31B,$3.47B,54.95%,$6.31B,$5.10B,80.79%,$6.31B,$1.32B,20.91%,$1.32B,$3.30B,36.93%,$1.32B,$2.96B,41.14%,$1.32B,$9.31B,14.94%,$3.47B,$4.06B,83.33%,$1456,$0,$1456,$0,$0,$0,$1456,$0,$1456,$0,$1456,$263,$263,$-279,$1456,$657,657,$0.40,$0.40,$1207,$32,$581,$1820,$0,$15,$337,$201,$553,$9310,$3378,$761,$486,$2636,$6014,$0,$2948,$0,$3296,$9310,$0,$0,$0,$0,$0,$0,$0,$0,$0,$1363,$-860,$0,$-35,$0,$0,$-1,$-4,$-900,$0,$-69,$-133,$0,$-176,$0,$0,$-378,$87,$0,$0
33,2008-03-31,13.49,$0.00,0.0,$6.68,2.02,$2.13,6.32,$1.46,9.24,$1.65B,$1.90B,0.87,$0.44B,$3.92B,0.11,$6.37B,$6.10B,95.73%,$6.37B,$5.45B,85.54%,$6.37B,$5.45B,85.54%,$6.37B,$5.45B,85.54%,$6.37B,$5.44B,85.47%,$6.37B,$1.38B,21.72%,$1.38B,$3.92B,39.05%,$1.38B,$3.55B,43.88%,$1.38B,$8.88B,15.87%,$5.45B,$4.36B,131.90%,$1642,$0,$1642,$0,$1355,$1921,$-279,$3,$1355,$427,$928,$335,$335,$710,$-279,$837,837,$0.40,$0.40,$1087,$28,$193,$1653,$0,$15,$365,$176,$557,$8877,$1903,$438,$915,$3057,$4959,$547,$3486,$0,$3918,$8877,$0,$0,$0,$0,$0,$0,$0,$0,$0,$668,$-409,$0,$-35,$0,$0,$-3,$-2,$-448,$0,$-39,$-108,$0,$-93,$0,$-11,$-251,$-34,$0,$0
34,2007-12-31,13.52,$0.00,0.0,$4.80,2.82,$1.84,7.36,$1.06,12.75,$1.70B,$2.20B,0.77,$0.47B,$3.59B,0.13,$6.33B,$6.02B,95.13%,$6.33B,$5.41B,85.55%,$6.33B,$5.41B,85.55%,$6.33B,$5.41B,85.55%,$6.33B,$5.39B,85.14%,$6.33B,$1.37B,21.62%,$1.37B,$3.59B,40.29%,$1.37B,$3.23B,45.86%,$1.37B,$8.74B,15.97%,$5.41B,$4.06B,137.55%,$1631,$272,$1359,$0,$374,$921,$710,$-4,$706,$223,$484,$348,$348,$1377,$710,$870,870,$0.40,$0.40,$1096,$23,$208,$1701,$0,$12,$361,$150,$523,$8735,$2201,$465,$897,$2942,$5143,$537,$3078,$0,$3593,$8735,$0,$0,$0,$0,$0,$0,$0,$0,$0,$2952,$-1597,$0,$0,$0,$0,$-9,$-5,$-1612,$0,$-191,$192,$0,$-130,$-644,$-393,$-1166,$194,$0,$0
35,2007-09-30,15.63,$0.00,0.0,$4.78,3.27,$1.19,13.1,$0.66,23.68,$1.45B,$2.17B,0.67,$0.69B,$3.48B,0.2,$6.81B,$6.20B,91.14%,$6.81B,$4.70B,69.11%,$6.81B,$4.70B,69.11%,$6.81B,$4.70B,69.11%,$6.81B,$3.11B,45.64%,$6.81B,$1.34B,19.72%,$1.34B,$3.48B,40.96%,$1.34B,$3.08B,47.40%,$1.34B,$8.39B,15.84%,$4.70B,$4.17B,124.76%,$1377,$0,$1377,$0,$0,$0,$1377,$0,$1377,$0,$1377,$295,$295,$1658,$1377,$738,738,$0.40,$0.40,$729,$22,$702,$1453,$0,$11,$399,$65,$475,$8394,$2169,$690,$488,$2747,$4916,$551,$2934,$0,$3478,$8394,$0,$0,$0,$0,$0,$0,$0,$0,$0,$0,$0,$0,$0,$0,$0,$0,$0,$0,$0,$0,$0,$0,$0,$0,$0,$0,$0,$0,$0
36,2007-06-30,13.49,$0.00,0.0,$5.28,2.55,$1.19,11.3,$0.84,16.05,$1.86B,$2.93B,0.64,$0.76B,$3.18B,0.24,$6.59B,$5.99B,90.85%,$6.59B,$4.49B,68.11%,$6.59B,$4.49B,68.11%,$6.59B,$4.49B,68.11%,$6.59B,$2.89B,43.89%,$6.59B,$1.37B,20.83%,$1.37B,$3.18B,43.54%,$1.37B,$2.74B,50.98%,$1.37B,$8.84B,16.69%,$4.49B,$3.94B,122.50%,$1658,$0,$1658,$0,$0,$0,$1658,$0,$1658,$0,$1658,$341,$341,$1702,$1658,$1706,1706,$0.20,$0.20,$1218,$23,$623,$1863,$0,$11,$432,$67,$510,$8844,$2928,$761,$505,$2739,$5668,$557,$2614,$0,$3176,$8844,$0,$0,$0,$0,$0,$0,$0,$0,$0,$0,$0,$0,$0,$0,$0,$0,$0,$0,$0,$0,$0,$0,$0,$0,$0,$0,$0,$0,$0
37,2007-03-31,13.5,$0.00,0.0,$4.53,2.98,$1.19,11.31,$0.62,21.95,$1.47B,$2.06B,0.71,$0.24B,$3.33B,0.07,$6.11B,$5.14B,84.17%,$6.11B,$2.58B,42.29%,$6.11B,$2.58B,42.29%,$6.11B,$2.58B,42.29%,$6.11B,$2.40B,39.28%,$6.11B,$1.21B,19.81%,$1.21B,$3.33B,40.13%,$1.21B,$2.88B,47.59%,$1.21B,$8.30B,15.43%,$2.58B,$3.58B,73.00%,$1702,$0,$1702,$0,$0,$0,$1702,$0,$1702,$0,$1702,$399,$399,$676,$1702,$867,867,$0.46,$0.46,$816,$23,$232,$1471,$0,$10,$457,$79,$547,$8296,$2059,$244,$1351,$2903,$4962,$552,$2756,$0,$3334,$8296,$0,$0,$0,$0,$0,$0,$0,$0,$0,$452,$-430,$0,$0,$0,$0,$-0,$97,$-333,$0,$3,$-144,$0,$-76,$0,$0,$-217,$-104,$0,$0
38,2006-12-31,14.27,$0.00,0.0,$5.70,2.5,$1.40,10.19,$0.96,14.86,$1.55B,$2.28B,0.68,$0.28B,$3.12B,0.09,$5.70B,$4.87B,85.39%,$5.70B,$2.40B,42.11%,$5.70B,$2.40B,42.11%,$5.70B,$2.40B,42.11%,$5.70B,$2.44B,42.88%,$5.70B,$1.22B,21.46%,$1.22B,$3.12B,41.89%,$1.22B,$2.63B,50.28%,$1.22B,$8.35B,16.24%,$2.40B,$3.40B,68.86%,$1590,$308,$1282,$0,$347,$914,$676,$-26,$650,$203,$447,$333,$333,$667,$676,$0,0,$0.00,$0.00,$933,$24,$160,$1547,$0,$10,$493,$162,$665,$8348,$2282,$276,$1073,$2948,$5230,$560,$2456,$0,$3119,$8348,$0,$0,$0,$0,$0,$0,$0,$0,$0,$2966,$-1765,$0,$16,$0,$0,$-3,$-77,$-1829,$0,$35,$78,$0,$-106,$-827,$-0,$-820,$327,$0,$0
