,Date,Stock Price,Book Value per Share,Price to Book Ratio,TTM Sales per Share,Price to Sales Ratio,TTM FCF per Share,Price to FCF Ratio,TTM Net EPS,PE Ratio,Current Assets,Current Liabilities,Current Ratio,Long Term Debt,Shareholder's Equity_x,Debt to Equity Ratio,TTM Revenue_x,TTM Gross Profit,Gross Margin,TTM Revenue_y,TTM Operating Income,Operating Margin,TTM Revenue_x,TTM EBIT,EBIT Margin,TTM Revenue_y,TTM EBITDA,EBITDA Margin,TTM Revenue_x,TTM Pre-Tax Income,Pre-Tax Margin,TTM Revenue_y,TTM Net Income_x,Net Margin,TTM Net Income_y,Shareholder's Equity_y,Return on Equity,TTM Net Income_x,Tangible Equity,Return on Tangible Equity,TTM Net Income_y,Total Assets,Return on Assets,TTM Net Income,LT Investments & Debt,Return on Investment,revenue,cost-goods-sold,gross-profit,research-development-expenses,selling-general-administrative-expenses,operating-expenses,operating-income,total-non-operating-income-expense,pre-tax-income,total-provision-income-taxes,income-after-taxes,income-from-continuous-operations,net-income,ebitda,ebit,basic-shares-outstanding,shares-outstanding,eps-basic-net-earnings-per-share,eps-earnings-per-share-diluted,cash-on-hand,inventory,other-current-assets,total-current-assets,net-property-plant-equipment,long-term-investments,goodwill-intangible-assets-total,other-long-term-assets,total-long-term-assets,total-assets,total-current-liabilities,long-term-debt,other-non-current-liabilities,total-long-term-liabilities,total-liabilities,common-stock-net,retained-earnings-accumulated-deficit,comprehensive-income,total-share-holder-equity,total-liabilities-share-holders-equity,net-income-loss,total-depreciation-amortization-cash-flow,other-non-cash-items,total-non-cash-items,change-in-accounts-receivable,change-in-inventories,change-in-accounts-payable,change-in-assets-liabilities,total-change-in-assets-liabilities,cash-flow-from-operating-activities,net-change-in-property-plant-equipment,net-change-in-intangible-assets,net-acquisitions-divestitures,net-change-in-short-term-investments,net-change-in-long-term-investments,net-change-in-investments-total,investing-activities-other,cash-flow-from-investing-activities,net-long-term-debt,net-current-debt,debt-issuance-retirement-net-total,net-common-equity-issued-repurchased,net-total-equity-issued-repurchased,total-common-preferred-stock-dividends-paid,financial-activities-other,cash-flow-from-financial-activities,net-cash-flow,stock-based-compensation,common-stock-dividends-paid
0,2018-09-30,38.5,$21.54,1.79,$13.26,2.9,$10.87,3.54,$1.69,22.78,$0.02B,$0.04B,0.6,$0.58B,$0.35B,1.67,$0.22B,$0.14B,64.35%,$0.22B,$0.07B,33.33%,$0.22B,$0.07B,33.33%,$0.22B,$0.12B,55.56%,$0.22B,$0.04B,19.44%,$0.22B,$0.03B,12.96%,$0.03B,$0.35B,7.83%,$0.03B,$0.34B,8.03%,$0.03B,$0.98B,2.86%,$0.07B,$0.93B,7.64%,$57,$20,$37,$0,$5,$37,$20,$-9,$11,$0,$11,$11,$7,$33,$20,$16,16,$0.42,$0.42,$2,$0,$8,$24,$663,$229,$9,$52,$953,$977,$40,$583,$4,$587,$627,$296,$0,$0,$349,$977,$33,$39,$9,$48,$-1,$0,$-0,$3,$10,$90,$-30,$0,$0,$0,$1,$1,$0,$-29,$300,$-302,$-2,$0,$0,$-50,$-9,$-60,$1,$3,$-50
1,2018-06-30,36.11,$21.89,1.65,$12.56,2.88,$9.88,3.66,$1.74,20.75,$0.02B,$0.04B,0.64,$0.58B,$0.36B,1.63,$0.20B,$0.13B,63.73%,$0.20B,$0.07B,32.35%,$0.20B,$0.07B,32.35%,$0.20B,$0.11B,53.92%,$0.20B,$0.04B,20.59%,$0.20B,$0.03B,14.22%,$0.03B,$0.36B,8.00%,$0.03B,$0.35B,8.20%,$0.03B,$0.98B,3.19%,$0.07B,$0.93B,7.53%,$55,$19,$36,$0,$5,$36,$19,$-10,$9,$0,$9,$9,$6,$33,$19,$16,16,$0.34,$0.34,$0,$0,$8,$24,$657,$232,$9,$53,$951,$975,$38,$579,$4,$582,$620,$301,$0,$0,$355,$975,$22,$26,$5,$31,$-1,$0,$-1,$-0,$7,$60,$-13,$0,$0,$0,$1,$1,$0,$-12,$300,$-307,$-7,$0,$0,$-33,$-9,$-48,$-1,$2,$-33
2,2018-03-31,34.38,$22.35,1.54,$11.96,2.87,$8.60,4.0,$2.10,16.37,$0.03B,$0.03B,1.05,$0.58B,$0.36B,1.61,$0.19B,$0.12B,63.40%,$0.19B,$0.06B,32.99%,$0.19B,$0.06B,32.99%,$0.19B,$0.10B,53.09%,$0.19B,$0.05B,24.23%,$0.19B,$0.03B,17.53%,$0.03B,$0.36B,9.26%,$0.03B,$0.35B,9.48%,$0.03B,$0.98B,4.04%,$0.06B,$0.94B,7.88%,$56,$20,$36,$0,$7,$37,$19,$-7,$12,$0,$12,$12,$8,$31,$19,$16,16,$0.52,$0.52,$1,$0,$12,$29,$650,$234,$9,$54,$947,$976,$27,$582,$4,$586,$614,$308,$0,$0,$362,$976,$12,$12,$2,$15,$0,$0,$2,$-4,$-2,$24,$2,$0,$0,$0,$0,$0,$0,$2,$300,$-303,$-3,$0,$0,$-16,$-8,$-27,$0,$2,$-16
3,2017-12-31,37.18,$22.51,1.65,$11.26,3.3,$8.12,4.58,$2.20,16.9,$0.03B,$0.03B,1.31,$0.59B,$0.36B,1.63,$0.18B,$0.12B,62.84%,$0.18B,$0.06B,32.79%,$0.18B,$0.06B,32.79%,$0.18B,$0.10B,52.46%,$0.18B,$0.05B,26.23%,$0.18B,$0.04B,19.67%,$0.04B,$0.36B,9.74%,$0.04B,$0.36B,9.96%,$0.04B,$0.99B,4.66%,$0.06B,$0.96B,8.08%,$48,$17,$30,$0,$6,$34,$14,$-3,$10,$0,$10,$10,$7,$23,$14,$16,16,$0.41,$0.41,$1,$0,$21,$34,$655,$233,$9,$55,$953,$987,$26,$593,$4,$597,$623,$311,$0,$0,$364,$987,$48,$37,$14,$50,$-2,$0,$3,$1,$5,$104,$-60,$-277,$0,$0,$0,$0,$0,$-337,$0,$301,$301,$0,$0,$-59,$-8,$234,$0,$3,$-59
4,2017-09-30,39.54,$22.84,1.73,$10.95,3.61,$6.81,5.81,$2.44,16.2,$0.02B,$0.03B,0.85,$0.30B,$0.37B,0.82,$0.18B,$0.11B,61.80%,$0.18B,$0.06B,34.27%,$0.18B,$0.06B,34.27%,$0.18B,$0.10B,53.93%,$0.18B,$0.05B,28.65%,$0.18B,$0.04B,22.47%,$0.04B,$0.37B,10.75%,$0.04B,$0.36B,11.00%,$0.04B,$0.70B,5.73%,$0.06B,$0.67B,9.11%,$45,$18,$28,$0,$6,$32,$14,$-3,$11,$0,$11,$11,$8,$23,$14,$16,16,$0.47,$0.47,$5,$0,$6,$23,$426,$237,$8,$7,$679,$702,$27,$302,$3,$305,$332,$316,$0,$0,$369,$702,$38,$27,$10,$37,$-1,$0,$3,$3,$9,$84,$-39,$0,$0,$0,$0,$0,$0,$-39,$0,$10,$10,$0,$0,$-44,$-7,$-40,$4,$3,$-44
5,2017-06-30,38.26,$23.10,1.66,$10.67,3.59,$6.04,6.33,$2.55,15.01,$0.02B,$0.02B,0.87,$0.30B,$0.37B,0.81,$0.17B,$0.11B,60.92%,$0.17B,$0.06B,35.06%,$0.17B,$0.06B,35.06%,$0.17B,$0.10B,54.60%,$0.17B,$0.05B,29.89%,$0.17B,$0.04B,23.56%,$0.04B,$0.37B,10.99%,$0.04B,$0.37B,11.25%,$0.04B,$0.70B,5.93%,$0.06B,$0.68B,9.21%,$45,$16,$29,$0,$4,$28,$17,$-3,$14,$0,$14,$14,$11,$26,$17,$16,16,$0.70,$0.70,$2,$0,$7,$20,$426,$239,$8,$8,$681,$701,$23,$302,$3,$305,$328,$320,$0,$0,$373,$701,$27,$18,$6,$24,$0,$0,$0,$2,$5,$56,$-31,$0,$0,$0,$0,$0,$0,$-31,$0,$10,$10,$0,$0,$-29,$-6,$-24,$1,$2,$-29
6,2017-03-31,40.05,$23.08,1.74,$10.42,3.85,$5.56,7.2,$2.35,17.04,$0.02B,$0.03B,0.68,$0.29B,$0.37B,0.78,$0.17B,$0.10B,58.82%,$0.17B,$0.06B,33.53%,$0.17B,$0.06B,33.53%,$0.17B,$0.09B,52.94%,$0.17B,$0.05B,28.24%,$0.17B,$0.04B,22.35%,$0.04B,$0.37B,10.18%,$0.04B,$0.37B,10.42%,$0.04B,$0.70B,5.57%,$0.06B,$0.67B,8.72%,$45,$17,$28,$0,$6,$29,$15,$-2,$13,$0,$13,$13,$10,$24,$15,$16,16,$0.62,$0.62,$1,$0,$8,$19,$420,$241,$8,$8,$678,$697,$28,$293,$3,$296,$323,$320,$0,$0,$373,$697,$13,$9,$3,$12,$0,$0,$1,$1,$5,$30,$-12,$0,$0,$0,$0,$0,$0,$-12,$0,$1,$1,$0,$0,$-14,$-5,$-19,$0,$2,$-14
7,2016-12-31,39.1,$23.10,1.69,$10.17,3.84,$4.93,7.93,$2.14,18.27,$0.02B,$0.02B,0.93,$0.29B,$0.37B,0.78,$0.17B,$0.10B,58.43%,$0.17B,$0.05B,32.53%,$0.17B,$0.05B,32.53%,$0.17B,$0.09B,51.81%,$0.17B,$0.04B,26.51%,$0.17B,$0.04B,21.08%,$0.04B,$0.37B,9.35%,$0.04B,$0.36B,9.58%,$0.04B,$0.69B,5.19%,$0.05B,$0.67B,8.34%,$43,$18,$25,$0,$4,$28,$15,$-1,$13,$0,$13,$13,$11,$23,$15,$16,16,$0.65,$0.65,$1,$0,$10,$20,$417,$241,$8,$3,$669,$690,$22,$292,$3,$295,$317,$320,$0,$0,$373,$690,$44,$33,$11,$44,$-3,$0,$-2,$-7,$-9,$79,$-57,$-12,$0,$0,$0,$0,$0,$-69,$0,$44,$44,$0,$0,$-53,$-1,$-10,$-0,$3,$-53
8,2016-09-30,35.82,$23.10,1.55,$10.04,3.57,$6.87,5.21,$2.09,17.14,$0.01B,$0.03B,0.45,$0.27B,$0.37B,0.73,$0.16B,$0.10B,58.90%,$0.16B,$0.05B,31.90%,$0.16B,$0.05B,31.90%,$0.16B,$0.08B,51.53%,$0.16B,$0.04B,26.38%,$0.16B,$0.03B,20.86%,$0.03B,$0.37B,9.02%,$0.03B,$0.36B,9.23%,$0.03B,$0.68B,5.11%,$0.05B,$0.64B,8.13%,$41,$17,$24,$0,$4,$27,$14,$-2,$12,$0,$12,$12,$9,$22,$14,$16,16,$0.58,$0.58,$0,$0,$3,$14,$408,$243,$8,$3,$663,$677,$31,$270,$3,$273,$304,$320,$0,$0,$373,$677,$31,$24,$9,$33,$-3,$0,$-2,$-1,$2,$66,$-34,$-12,$0,$0,$-2,$-2,$0,$-48,$0,$22,$22,$0,$0,$-39,$-1,$-18,$-0,$3,$-39
9,2016-06-30,35.06,$23.18,1.51,$9.85,3.56,$7.35,4.77,$1.88,18.65,$0.01B,$0.02B,0.49,$0.27B,$0.37B,0.72,$0.16B,$0.09B,58.49%,$0.16B,$0.05B,30.19%,$0.16B,$0.05B,30.19%,$0.16B,$0.08B,50.31%,$0.16B,$0.04B,24.53%,$0.16B,$0.03B,19.50%,$0.03B,$0.37B,8.16%,$0.03B,$0.37B,8.35%,$0.03B,$0.67B,4.69%,$0.05B,$0.64B,7.53%,$41,$18,$23,$0,$4,$28,$13,$-3,$10,$0,$10,$10,$8,$21,$13,$16,16,$0.50,$0.50,$0,$0,$2,$10,$400,$245,$8,$3,$656,$666,$20,$268,$4,$272,$292,$322,$0,$0,$374,$666,$19,$16,$8,$24,$-1,$0,$-2,$1,$1,$44,$-26,$-12,$0,$0,$0,$0,$0,$-38,$0,$20,$20,$0,$0,$-26,$-0,$-6,$-1,$2,$-26
10,2016-03-31,30.77,$23.34,1.32,$9.61,3.2,$7.71,3.99,$2.02,15.23,$0.01B,$0.02B,0.55,$0.26B,$0.38B,0.7,$0.16B,$0.09B,58.71%,$0.16B,$0.05B,31.61%,$0.16B,$0.05B,31.61%,$0.16B,$0.08B,52.26%,$0.16B,$0.04B,26.45%,$0.16B,$0.03B,21.29%,$0.03B,$0.38B,8.59%,$0.03B,$0.37B,8.80%,$0.03B,$0.66B,4.99%,$0.05B,$0.64B,7.67%,$41,$16,$25,$0,$6,$29,$12,$-3,$9,$0,$9,$9,$7,$20,$12,$16,16,$0.41,$0.41,$0,$0,$2,$10,$394,$247,$8,$3,$652,$663,$19,$264,$3,$267,$286,$324,$0,$0,$377,$663,$9,$8,$5,$13,$-1,$0,$-1,$0,$-2,$20,$-12,$-12,$0,$0,$0,$0,$0,$-24,$0,$16,$16,$0,$0,$-13,$-0,$3,$-1,$2,$-13
11,2015-12-31,21.99,$23.81,0.92,$9.45,2.33,$8.01,2.75,$2.12,10.37,$0.01B,$0.02B,0.46,$0.25B,$0.38B,0.65,$0.15B,$0.09B,58.55%,$0.15B,$0.05B,32.24%,$0.15B,$0.05B,32.24%,$0.15B,$0.08B,53.29%,$0.15B,$0.04B,27.63%,$0.15B,$0.03B,22.37%,$0.03B,$0.38B,8.79%,$0.03B,$0.38B,8.99%,$0.03B,$0.66B,5.15%,$0.05B,$0.63B,7.68%,$40,$17,$24,$0,$5,$27,$13,$-1,$12,$0,$12,$12,$10,$21,$13,$16,16,$0.60,$0.60,$1,$0,$2,$10,$388,$247,$8,$3,$647,$657,$22,$248,$3,$251,$273,$326,$0,$0,$384,$657,$42,$30,$10,$40,$3,$0,$-0,$1,$5,$87,$-34,$0,$0,$0,$0,$0,$0,$-34,$0,$-4,$-4,$-0,$-0,$-51,$-1,$-56,$-3,$1,$-51
12,2015-09-30,21.87,$23.86,0.92,$9.24,2.37,$5.34,4.1,$1.78,12.29,$0.01B,$0.02B,0.56,$0.25B,$0.39B,0.65,$0.15B,$0.08B,56.38%,$0.15B,$0.04B,29.53%,$0.15B,$0.04B,29.53%,$0.15B,$0.08B,50.34%,$0.15B,$0.04B,24.16%,$0.15B,$0.03B,18.79%,$0.03B,$0.39B,7.20%,$0.03B,$0.38B,7.37%,$0.03B,$0.66B,4.23%,$0.04B,$0.63B,6.87%,$37,$17,$21,$0,$4,$27,$10,$-2,$8,$0,$8,$8,$6,$18,$10,$16,16,$0.37,$0.37,$1,$0,$2,$12,$387,$248,$8,$3,$647,$659,$21,$250,$3,$253,$274,$327,$0,$0,$385,$659,$30,$22,$8,$30,$1,$0,$0,$2,$8,$68,$-29,$0,$0,$0,$0,$0,$0,$-29,$0,$-2,$-2,$-0,$-0,$-38,$-1,$-42,$-3,$1,$-38
13,2015-06-30,29.97,$24.16,1.24,$9.15,3.28,$2.60,11.54,$1.70,17.63,$0.02B,$0.02B,1.08,$0.26B,$0.39B,0.66,$0.15B,$0.08B,55.41%,$0.15B,$0.04B,28.38%,$0.15B,$0.04B,28.38%,$0.15B,$0.07B,48.65%,$0.15B,$0.04B,23.65%,$0.15B,$0.03B,18.24%,$0.03B,$0.39B,6.89%,$0.03B,$0.38B,7.04%,$0.03B,$0.67B,4.06%,$0.04B,$0.65B,6.51%,$37,$16,$21,$0,$3,$23,$14,$-2,$12,$0,$12,$12,$10,$22,$14,$16,16,$0.64,$0.64,$5,$0,$2,$18,$387,$249,$8,$4,$648,$667,$17,$257,$3,$260,$277,$332,$0,$0,$390,$667,$22,$15,$2,$17,$-1,$0,$-2,$1,$0,$39,$-16,$0,$0,$0,$0,$0,$0,$-16,$0,$5,$5,$-0,$-0,$-25,$-1,$-22,$2,$1,$-25
14,2015-03-31,25.0,$24.12,1.04,$9.30,2.69,$2.66,9.4,$1.62,15.43,$0.01B,$0.02B,0.78,$0.25B,$0.39B,0.64,$0.15B,$0.08B,56.00%,$0.15B,$0.04B,26.67%,$0.15B,$0.04B,26.67%,$0.15B,$0.07B,46.00%,$0.15B,$0.03B,22.67%,$0.15B,$0.03B,17.33%,$0.03B,$0.39B,6.57%,$0.03B,$0.38B,6.72%,$0.03B,$0.66B,3.92%,$0.04B,$0.64B,6.23%,$38,$15,$23,$0,$4,$26,$12,$-2,$10,$0,$10,$10,$8,$20,$12,$16,16,$0.51,$0.51,$1,$0,$3,$14,$386,$248,$8,$4,$646,$660,$18,$250,$4,$254,$271,$331,$0,$0,$389,$660,$10,$7,$2,$9,$1,$0,$-1,$0,$1,$20,$-7,$0,$0,$0,$0,$0,$0,$-7,$0,$-2,$-2,$-0,$-0,$-13,$-1,$-16,$-2,$0,$-13
15,2014-12-31,23.98,$24.28,0.99,$9.31,2.57,$1.31,18.25,$1.57,15.27,$0.02B,$0.02B,1.02,$0.25B,$0.39B,0.64,$0.15B,$0.08B,56.00%,$0.15B,$0.04B,25.33%,$0.15B,$0.04B,25.33%,$0.15B,$0.07B,44.00%,$0.15B,$0.03B,22.00%,$0.15B,$0.03B,16.67%,$0.03B,$0.39B,6.25%,$0.03B,$0.38B,6.39%,$0.03B,$0.66B,3.77%,$0.04B,$0.64B,5.91%,$37,$18,$19,$0,$4,$29,$8,$-2,$6,$0,$6,$6,$4,$15,$8,$16,16,$0.26,$0.26,$3,$0,$3,$17,$385,$250,$8,$4,$647,$664,$17,$252,$4,$256,$273,$334,$0,$0,$391,$664,$32,$28,$8,$36,$-3,$0,$1,$1,$-7,$61,$-51,$0,$0,$0,$0,$0,$0,$-51,$0,$40,$40,$-0,$-0,$-50,$0,$-10,$0,$1,$-50
16,2014-09-30,30.84,$24.70,1.25,$9.67,3.19,$-2.99,0.0,$1.76,17.52,$0.02B,$0.02B,1.07,$0.25B,$0.40B,0.63,$0.15B,$0.09B,57.52%,$0.15B,$0.04B,26.14%,$0.15B,$0.04B,26.14%,$0.15B,$0.07B,44.44%,$0.15B,$0.04B,23.53%,$0.15B,$0.03B,18.30%,$0.03B,$0.40B,6.93%,$0.03B,$0.39B,7.08%,$0.03B,$0.67B,4.25%,$0.04B,$0.65B,6.28%,$36,$17,$19,$0,$4,$27,$8,$-2,$7,$0,$7,$7,$5,$15,$8,$16,16,$0.29,$0.29,$1,$0,$3,$17,$388,$253,$8,$4,$653,$670,$16,$252,$4,$256,$272,$340,$0,$0,$398,$670,$27,$21,$4,$25,$-6,$0,$-2,$2,$-10,$42,$-47,$0,$0,$0,$0,$0,$0,$-47,$0,$40,$40,$-0,$-0,$-37,$0,$3,$-3,$1,$-37
17,2014-06-30,32.23,$25.05,1.29,$9.91,3.25,$-6.36,0.0,$1.75,18.42,$0.02B,$0.02B,1.07,$0.23B,$0.40B,0.58,$0.16B,$0.09B,58.06%,$0.16B,$0.04B,25.16%,$0.16B,$0.04B,25.16%,$0.16B,$0.07B,43.23%,$0.16B,$0.04B,22.58%,$0.16B,$0.03B,17.42%,$0.03B,$0.40B,6.63%,$0.03B,$0.40B,6.77%,$0.03B,$0.66B,4.13%,$0.04B,$0.64B,6.20%,$39,$16,$23,$0,$3,$27,$12,$-1,$11,$0,$11,$11,$9,$19,$12,$16,16,$0.56,$0.56,$1,$0,$3,$17,$394,$234,$8,$5,$641,$658,$16,$234,$5,$239,$254,$346,$0,$0,$404,$658,$20,$14,$2,$16,$-2,$0,$-0,$-1,$-9,$27,$-3,$0,$0,$0,$-23,$-23,$0,$-26,$0,$22,$22,$-0,$-0,$-25,$0,$-3,$-2,$0,$-25
18,2014-03-31,31.28,$25.15,1.24,$10.14,3.08,$-6.34,0.0,$1.66,18.84,$0.02B,$0.02B,1.06,$0.23B,$0.41B,0.58,$0.16B,$0.09B,56.77%,$0.16B,$0.04B,23.23%,$0.16B,$0.04B,23.23%,$0.16B,$0.06B,41.29%,$0.16B,$0.03B,20.65%,$0.16B,$0.03B,16.13%,$0.03B,$0.41B,6.36%,$0.03B,$0.40B,6.50%,$0.03B,$0.66B,3.86%,$0.04B,$0.64B,5.81%,$38,$15,$23,$0,$4,$28,$10,$-1,$9,$0,$9,$9,$7,$17,$10,$16,16,$0.46,$0.46,$5,$0,$3,$18,$401,$229,$8,$5,$644,$661,$16,$234,$5,$239,$256,$347,$0,$0,$406,$661,$9,$7,$1,$8,$-1,$0,$-1,$0,$-6,$11,$-20,$0,$0,$0,$0,$0,$0,$-20,$0,$22,$22,$-0,$-0,$-12,$0,$10,$1,$0,$-12
19,2013-12-31,30.4,$25.33,1.2,$10.66,2.85,$-9.38,0.0,$1.90,16.0,$0.02B,$0.02B,0.7,$0.21B,$0.41B,0.52,$0.16B,$0.09B,56.60%,$0.16B,$0.04B,23.90%,$0.16B,$0.04B,23.90%,$0.16B,$0.07B,41.51%,$0.16B,$0.04B,22.01%,$0.16B,$0.03B,17.61%,$0.03B,$0.41B,7.38%,$0.03B,$0.40B,7.55%,$0.03B,$0.65B,4.39%,$0.04B,$0.62B,6.24%,$40,$18,$23,$0,$4,$30,$10,$-1,$9,$0,$9,$9,$7,$17,$10,$15,15,$0.45,$0.45,$3,$0,$3,$15,$407,$212,$8,$6,$633,$648,$22,$212,$6,$218,$240,$351,$0,$0,$408,$648,$35,$27,$4,$31,$-2,$0,$-2,$1,$-2,$64,$-120,$0,$0,$0,$0,$0,$0,$-120,$1,$28,$29,$68,$68,$-45,$0,$52,$-3,$0,$-45
20,2013-09-30,28.7,$25.53,1.12,$10.78,2.66,$-1.64,0.0,$1.84,15.6,$0.02B,$0.02B,1.02,$0.21B,$0.41B,0.5,$0.16B,$0.09B,54.72%,$0.16B,$0.04B,22.64%,$0.16B,$0.04B,22.64%,$0.16B,$0.06B,39.62%,$0.16B,$0.03B,20.75%,$0.16B,$0.03B,16.98%,$0.03B,$0.41B,7.41%,$0.03B,$0.40B,7.59%,$0.03B,$0.65B,4.36%,$0.04B,$0.62B,6.13%,$38,$18,$21,$0,$4,$32,$7,$-1,$6,$0,$6,$6,$4,$14,$7,$16,16,$0.28,$0.28,$9,$0,$4,$21,$412,$199,$8,$6,$626,$647,$21,$207,$7,$214,$235,$354,$0,$0,$412,$647,$26,$20,$3,$23,$-2,$0,$-2,$1,$-3,$46,$-104,$0,$0,$0,$0,$0,$0,$-104,$1,$23,$24,$69,$69,$-33,$-0,$59,$2,$0,$-33
21,2013-06-30,29.09,$24.03,1.21,$11.03,2.64,$5.45,5.34,$2.15,13.53,$0.02B,$0.02B,0.88,$0.25B,$0.35B,0.73,$0.16B,$0.09B,55.63%,$0.16B,$0.04B,25.00%,$0.16B,$0.04B,25.00%,$0.16B,$0.07B,41.25%,$0.16B,$0.04B,23.13%,$0.16B,$0.03B,20.00%,$0.03B,$0.35B,9.16%,$0.03B,$0.34B,9.38%,$0.03B,$0.63B,5.51%,$0.04B,$0.60B,7.33%,$39,$17,$21,$0,$3,$29,$9,$-1,$8,$0,$8,$8,$7,$16,$9,$14,14,$0.47,$0.47,$6,$0,$5,$20,$420,$176,$9,$8,$612,$632,$22,$254,$8,$262,$285,$291,$0,$-0,$347,$632,$20,$13,$1,$14,$-1,$0,$-3,$0,$-2,$32,$-10,$0,$0,$0,$-71,$-71,$0,$-81,$0,$70,$70,$-0,$-0,$-21,$-0,$48,$-1,$0,$-21
22,2013-03-31,34.75,$24.20,1.44,$11.01,3.16,$6.23,5.57,$2.39,14.54,$0.02B,$0.02B,1.09,$0.25B,$0.35B,0.7,$0.16B,$0.09B,56.60%,$0.16B,$0.04B,27.67%,$0.16B,$0.04B,27.67%,$0.16B,$0.07B,43.40%,$0.16B,$0.04B,25.79%,$0.16B,$0.04B,22.01%,$0.04B,$0.35B,9.97%,$0.04B,$0.34B,10.23%,$0.04B,$0.63B,6.40%,$0.04B,$0.60B,8.61%,$42,$17,$25,$0,$4,$29,$12,$-1,$12,$0,$12,$12,$10,$19,$12,$14,14,$0.70,$0.70,$6,$0,$6,$23,$424,$162,$9,$8,$603,$627,$21,$246,$10,$256,$277,$294,$0,$-0,$350,$627,$12,$6,$1,$7,$-2,$0,$-0,$-1,$-7,$11,$-63,$0,$0,$0,$0,$0,$0,$-63,$0,$62,$62,$-0,$-0,$-11,$-0,$51,$-0,$0,$-11
23,2012-12-31,25.6,$24.12,1.06,$10.81,2.37,$11.36,2.25,$2.31,11.08,$0.02B,$0.03B,0.73,$0.18B,$0.35B,0.53,$0.16B,$0.09B,57.69%,$0.16B,$0.04B,27.56%,$0.16B,$0.04B,27.56%,$0.16B,$0.07B,42.95%,$0.16B,$0.04B,25.00%,$0.16B,$0.03B,21.79%,$0.03B,$0.35B,9.67%,$0.03B,$0.34B,9.92%,$0.03B,$0.57B,6.63%,$0.04B,$0.53B,9.03%,$40,$20,$20,$0,$4,$32,$8,$-1,$7,$0,$7,$7,$6,$14,$8,$14,14,$0.39,$0.39,$7,$0,$5,$19,$428,$105,$9,$9,$550,$570,$26,$184,$11,$195,$221,$293,$0,$-0,$349,$570,$39,$24,$2,$26,$-1,$0,$3,$2,$-0,$64,$-6,$0,$0,$0,$-80,$-80,$0,$-86,$0,$64,$64,$-0,$-0,$-42,$-1,$21,$-0,$0,$-42
24,2012-09-30,25.17,$24.38,1.03,$10.75,2.34,$9.69,2.6,$2.57,9.79,$0.02B,$0.03B,0.8,$0.10B,$0.35B,0.29,$0.16B,$0.09B,60.00%,$0.16B,$0.05B,29.68%,$0.16B,$0.05B,29.68%,$0.16B,$0.07B,45.16%,$0.16B,$0.04B,27.74%,$0.16B,$0.04B,23.87%,$0.04B,$0.35B,10.50%,$0.04B,$0.34B,10.77%,$0.04B,$0.49B,7.42%,$0.05B,$0.45B,9.98%,$39,$16,$23,$0,$4,$28,$11,$-1,$10,$0,$10,$10,$9,$17,$11,$14,14,$0.59,$0.59,$7,$0,$5,$21,$428,$26,$9,$8,$471,$492,$26,$102,$11,$113,$140,$296,$0,$-0,$352,$492,$32,$18,$1,$19,$-1,$0,$-2,$-0,$-2,$49,$1,$0,$0,$0,$0,$0,$0,$1,$0,$-18,$-18,$-0,$-0,$-31,$0,$-50,$-0,$0,$-31
25,2012-06-30,21.65,$24.43,0.89,$10.63,2.04,$8.40,2.58,$2.44,8.87,$0.02B,$0.03B,0.86,$0.11B,$0.35B,0.3,$0.15B,$0.09B,59.48%,$0.15B,$0.04B,28.76%,$0.15B,$0.04B,28.76%,$0.15B,$0.07B,44.44%,$0.15B,$0.04B,26.80%,$0.15B,$0.04B,22.88%,$0.04B,$0.35B,9.94%,$0.04B,$0.34B,10.20%,$0.04B,$0.50B,6.93%,$0.04B,$0.46B,9.46%,$38,$16,$22,$0,$2,$26,$13,$-1,$12,$0,$12,$12,$10,$19,$13,$14,14,$0.71,$0.71,$6,$0,$7,$22,$432,$25,$9,$9,$476,$497,$25,$107,$12,$119,$144,$297,$0,$-1,$353,$497,$22,$12,$1,$13,$-1,$0,$-3,$-1,$-9,$26,$7,$0,$0,$0,$0,$0,$0,$7,$0,$-14,$-14,$-0,$-0,$-21,$0,$-34,$-1,$0,$-21
26,2012-03-31,22.22,$24.35,0.91,$10.52,2.11,$7.56,2.94,$2.83,7.85,$0.02B,$0.02B,0.89,$0.11B,$0.35B,0.3,$0.15B,$0.09B,57.89%,$0.15B,$0.05B,32.24%,$0.15B,$0.05B,32.24%,$0.15B,$0.07B,47.37%,$0.15B,$0.05B,30.26%,$0.15B,$0.04B,26.97%,$0.04B,$0.35B,11.64%,$0.04B,$0.34B,11.93%,$0.04B,$0.49B,8.06%,$0.05B,$0.46B,10.48%,$39,$14,$25,$0,$6,$28,$11,$-1,$10,$0,$10,$10,$9,$17,$11,$14,14,$0.62,$0.62,$6,$0,$5,$17,$430,$26,$9,$9,$474,$491,$20,$107,$13,$120,$139,$296,$0,$-0,$352,$491,$10,$6,$0,$6,$0,$0,$-3,$1,$-7,$10,$13,$0,$0,$0,$0,$0,$0,$13,$0,$-14,$-14,$-0,$-0,$-10,$0,$-24,$-1,$0,$-10
27,2011-12-31,21.09,$24.34,0.87,$10.54,2.0,$6.52,3.24,$2.92,7.22,$0.04B,$0.03B,1.37,$0.12B,$0.35B,0.34,$0.15B,$0.09B,57.89%,$0.15B,$0.05B,32.89%,$0.15B,$0.05B,32.89%,$0.15B,$0.07B,48.68%,$0.15B,$0.05B,30.92%,$0.15B,$0.04B,27.63%,$0.04B,$0.35B,11.97%,$0.04B,$0.34B,12.33%,$0.04B,$0.51B,8.10%,$0.05B,$0.47B,10.53%,$39,$16,$23,$0,$4,$28,$11,$-1,$11,$0,$11,$11,$9,$17,$11,$14,14,$0.65,$0.65,$7,$0,$23,$38,$432,$26,$9,$10,$476,$514,$28,$120,$14,$134,$162,$296,$0,$-1,$352,$514,$47,$24,$-10,$14,$2,$0,$-2,$4,$6,$66,$-31,$-13,$0,$0,$26,$26,$0,$-19,$0,$-2,$-2,$-1,$-1,$-40,$-4,$-46,$2,$0,$-40
28,2011-09-30,20.32,$24.31,0.84,$10.56,1.92,$6.17,3.29,$2.03,10.01,$0.02B,$0.03B,0.63,$0.12B,$0.35B,0.34,$0.15B,$0.08B,55.26%,$0.15B,$0.04B,24.34%,$0.15B,$0.04B,24.34%,$0.15B,$0.07B,45.39%,$0.15B,$0.03B,21.71%,$0.15B,$0.03B,19.74%,$0.03B,$0.35B,8.59%,$0.03B,$0.34B,8.90%,$0.03B,$0.52B,5.78%,$0.04B,$0.47B,7.81%,$37,$16,$21,$0,$4,$28,$9,$-1,$8,$0,$8,$8,$7,$15,$9,$14,14,$0.46,$0.46,$5,$0,$5,$19,$431,$26,$9,$32,$498,$517,$30,$120,$16,$136,$165,$296,$0,$-1,$351,$517,$36,$18,$-10,$8,$1,$0,$-4,$4,$4,$48,$-17,$-13,$0,$0,$19,$19,$-1,$-12,$0,$-2,$-2,$-0,$-0,$-29,$-4,$-36,$-0,$0,$-29
29,2011-06-30,21.17,$24.51,0.86,$10.59,2.0,$6.26,3.38,$2.23,9.49,$0.02B,$0.03B,0.69,$0.12B,$0.35B,0.33,$0.15B,$0.09B,56.58%,$0.15B,$0.04B,25.66%,$0.15B,$0.04B,25.66%,$0.15B,$0.07B,47.37%,$0.15B,$0.04B,23.03%,$0.15B,$0.03B,21.71%,$0.03B,$0.35B,9.41%,$0.03B,$0.35B,9.87%,$0.03B,$0.51B,6.38%,$0.04B,$0.47B,8.26%,$37,$18,$19,$0,$3,$19,$18,$-1,$17,$0,$17,$17,$16,$23,$18,$14,14,$1.10,$1.09,$6,$0,$6,$19,$431,$27,$9,$28,$495,$514,$27,$116,$17,$132,$159,$298,$0,$-0,$354,$514,$28,$12,$-11,$1,$3,$0,$-2,$3,$5,$34,$-13,$-13,$0,$0,$22,$22,$-1,$-4,$0,$-7,$-7,$-0,$-0,$-19,$-4,$-30,$0,$0,$-19
30,2011-03-31,21.66,$24.00,0.9,$10.59,2.05,$6.27,3.46,$1.73,12.52,$0.02B,$0.03B,0.82,$0.14B,$0.35B,0.4,$0.15B,$0.09B,58.55%,$0.15B,$0.03B,21.05%,$0.15B,$0.03B,21.05%,$0.15B,$0.07B,43.42%,$0.15B,$0.03B,18.42%,$0.15B,$0.03B,17.11%,$0.03B,$0.35B,7.40%,$0.03B,$0.33B,7.85%,$0.03B,$0.53B,5.03%,$0.03B,$0.49B,6.79%,$39,$15,$25,$0,$4,$27,$12,$-1,$11,$0,$11,$11,$10,$19,$12,$14,14,$0.71,$0.71,$3,$0,$6,$20,$466,$0,$16,$27,$509,$530,$25,$140,$18,$158,$183,$291,$0,$-0,$347,$530,$11,$7,$-1,$6,$0,$0,$-3,$1,$-2,$15,$-7,$-13,$0,$0,$-1,$-1,$0,$-21,$0,$18,$18,$-0,$-0,$-10,$-4,$5,$-2,$0,$-10
31,2010-12-31,21.36,$23.85,0.9,$10.51,2.03,$6.29,3.4,$1.64,13.03,$0.02B,$0.03B,0.76,$0.12B,$0.35B,0.35,$0.15B,$0.09B,58.00%,$0.15B,$0.03B,20.67%,$0.15B,$0.03B,20.67%,$0.15B,$0.06B,42.67%,$0.15B,$0.03B,17.33%,$0.15B,$0.03B,16.67%,$0.03B,$0.35B,7.07%,$0.03B,$0.33B,7.55%,$0.03B,$0.51B,4.89%,$0.03B,$0.47B,6.65%,$39,$21,$19,$0,$4,$42,$-2,$-1,$-3,$0,$-3,$-3,$-3,$12,$-2,$14,14,$-0.24,$-0.25,$5,$0,$7,$23,$452,$0,$16,$23,$492,$514,$30,$122,$18,$140,$169,$290,$0,$-0,$345,$514,$27,$33,$-0,$33,$0,$0,$1,$3,$5,$65,$-36,$-2,$0,$0,$0,$0,$-0,$-38,$1,$-43,$-42,$50,$50,$-38,$0,$-29,$-1,$0,$-38
32,2010-09-30,19.8,$24.70,0.8,$10.73,1.84,$7.00,2.83,$2.41,8.22,$0.02B,$0.03B,0.71,$0.11B,$0.36B,0.3,$0.15B,$0.09B,59.46%,$0.15B,$0.04B,28.38%,$0.15B,$0.04B,28.38%,$0.15B,$0.07B,45.27%,$0.15B,$0.04B,24.32%,$0.15B,$0.04B,23.65%,$0.04B,$0.36B,10.20%,$0.04B,$0.33B,11.00%,$0.04B,$0.51B,6.84%,$0.04B,$0.47B,9.00%,$37,$15,$23,$0,$3,$26,$11,$-1,$10,$0,$10,$10,$10,$18,$11,$14,14,$0.66,$0.66,$3,$0,$7,$20,$457,$0,$25,$9,$491,$511,$28,$108,$17,$125,$154,$302,$0,$-0,$357,$511,$30,$19,$-1,$18,$-1,$0,$-3,$3,$1,$49,$-16,$-2,$0,$0,$0,$0,$-1,$-19,$1,$-57,$-56,$51,$51,$-28,$0,$-34,$-4,$0,$-28
33,2010-06-30,17.18,$24.64,0.7,$10.98,1.56,$7.08,2.43,$2.16,7.95,$0.02B,$0.03B,0.76,$0.11B,$0.36B,0.31,$0.15B,$0.08B,56.85%,$0.15B,$0.04B,26.71%,$0.15B,$0.04B,26.71%,$0.15B,$0.06B,43.15%,$0.15B,$0.03B,21.92%,$0.15B,$0.03B,20.55%,$0.03B,$0.36B,9.10%,$0.03B,$0.33B,9.84%,$0.03B,$0.51B,5.84%,$0.04B,$0.47B,8.34%,$37,$15,$22,$0,$3,$26,$11,$-1,$10,$0,$10,$10,$9,$17,$11,$14,14,$0.65,$0.65,$5,$0,$6,$20,$458,$0,$25,$8,$491,$511,$26,$110,$18,$128,$154,$301,$0,$-0,$356,$511,$20,$12,$-1,$11,$1,$0,$-2,$3,$2,$33,$-11,$-2,$0,$0,$0,$0,$0,$-13,$1,$-55,$-54,$51,$51,$-19,$0,$-22,$-2,$0,$-19
34,2010-03-31,15.11,$24.59,0.61,$11.32,1.33,$6.86,2.2,$2.15,7.03,$0.02B,$0.02B,0.81,$0.11B,$0.36B,0.32,$0.15B,$0.08B,55.86%,$0.15B,$0.04B,26.21%,$0.15B,$0.04B,26.21%,$0.15B,$0.06B,42.76%,$0.15B,$0.03B,20.69%,$0.15B,$0.03B,19.31%,$0.03B,$0.36B,8.83%,$0.03B,$0.33B,9.58%,$0.03B,$0.51B,5.43%,$0.04B,$0.47B,8.10%,$37,$15,$23,$0,$4,$26,$11,$-2,$9,$0,$9,$9,$9,$17,$11,$14,14,$0.62,$0.62,$4,$0,$6,$19,$457,$0,$25,$8,$490,$509,$24,$112,$18,$130,$153,$300,$0,$-0,$356,$509,$9,$6,$-0,$6,$1,$0,$-5,$1,$-4,$11,$-4,$0,$0,$0,$0,$0,$-0,$-4,$1,$-53,$-52,$51,$51,$-9,$0,$-10,$-3,$0,$-9
35,2009-12-31,14.94,$24.36,0.61,$11.46,1.3,$6.34,2.36,$2.00,7.47,$0.02B,$0.03B,0.75,$0.17B,$0.30B,0.54,$0.14B,$0.08B,54.23%,$0.14B,$0.04B,24.65%,$0.14B,$0.04B,24.65%,$0.14B,$0.06B,41.55%,$0.14B,$0.03B,19.01%,$0.14B,$0.03B,17.61%,$0.03B,$0.30B,8.20%,$0.03B,$0.28B,8.94%,$0.03B,$0.52B,4.83%,$0.04B,$0.47B,7.42%,$37,$17,$20,$0,$3,$28,$9,$-1,$7,$0,$7,$7,$7,$15,$9,$12,12,$0.52,$0.52,$7,$0,$8,$23,$460,$0,$25,$9,$493,$516,$30,$165,$17,$182,$212,$249,$0,$-0,$303,$516,$27,$24,$-1,$24,$0,$0,$4,$20,$21,$72,$-38,$0,$0,$0,$0,$0,$-0,$-38,$0,$-1,$-1,$-0,$-0,$-32,$0,$-33,$2,$0,$-32
36,2009-09-30,14.27,$28.17,0.51,$11.22,1.27,$3.58,3.98,$1.85,7.71,$0.03B,$0.03B,0.86,$0.17B,$0.30B,0.54,$0.14B,$0.08B,54.68%,$0.14B,$0.04B,25.18%,$0.14B,$0.04B,25.18%,$0.14B,$0.06B,42.45%,$0.14B,$0.03B,17.99%,$0.14B,$0.02B,15.83%,$0.02B,$0.30B,7.19%,$0.02B,$0.28B,7.83%,$0.02B,$0.52B,4.27%,$0.04B,$0.47B,7.40%,$35,$17,$18,$0,$3,$28,$8,$-2,$6,$0,$6,$6,$5,$14,$8,$12,12,$0.41,$0.41,$9,$0,$9,$27,$458,$0,$25,$8,$491,$518,$31,$165,$18,$183,$214,$250,$0,$-1,$304,$518,$20,$18,$0,$18,$2,$0,$1,$17,$20,$58,$-29,$0,$0,$0,$0,$0,$-0,$-29,$0,$-1,$-1,$-0,$-0,$-24,$0,$-24,$4,$0,$-24
37,2009-06-30,10.88,$28.38,0.38,$11.21,0.97,$2.16,5.03,$1.97,5.52,$0.03B,$0.03B,0.84,$0.17B,$0.31B,0.54,$0.14B,$0.08B,55.40%,$0.14B,$0.04B,25.90%,$0.14B,$0.04B,25.90%,$0.14B,$0.06B,43.17%,$0.14B,$0.03B,18.71%,$0.14B,$0.02B,16.55%,$0.02B,$0.31B,7.47%,$0.02B,$0.28B,8.13%,$0.02B,$0.52B,4.53%,$0.04B,$0.47B,7.65%,$36,$15,$20,$0,$3,$26,$10,$-2,$8,$0,$8,$8,$7,$16,$10,$12,12,$0.59,$0.59,$4,$0,$9,$27,$460,$0,$25,$8,$493,$519,$32,$165,$17,$182,$213,$252,$0,$-0,$306,$519,$14,$12,$-1,$12,$1,$0,$3,$10,$14,$40,$-24,$0,$0,$0,$0,$0,$-0,$-25,$0,$-1,$-1,$-0,$-0,$-16,$0,$-16,$-1,$0,$-16
38,2009-03-31,8.44,$30.74,0.27,$11.15,0.76,$1.69,5.0,$1.95,4.33,$0.03B,$0.03B,1.0,$0.17B,$0.31B,0.57,$0.14B,$0.08B,55.80%,$0.14B,$0.04B,25.36%,$0.14B,$0.04B,25.36%,$0.14B,$0.06B,42.75%,$0.14B,$0.03B,18.84%,$0.14B,$0.02B,16.67%,$0.02B,$0.31B,7.44%,$0.02B,$0.28B,8.08%,$0.02B,$0.52B,4.63%,$0.04B,$0.48B,7.51%,$34,$16,$19,$0,$4,$27,$8,$-1,$6,$0,$6,$6,$6,$14,$8,$12,12,$0.47,$0.47,$4,$0,$8,$26,$457,$0,$25,$8,$489,$516,$26,$173,$10,$183,$210,$254,$0,$-1,$306,$516,$6,$6,$-0,$6,$1,$0,$4,$5,$3,$15,$-15,$0,$0,$0,$0,$0,$-0,$-15,$0,$8,$8,$-0,$-0,$-8,$0,$-0,$-0,$0,$-8
39,2008-12-31,6.48,$30.90,0.21,$11.10,0.58,$2.55,2.54,$1.96,3.31,$0.03B,$0.03B,0.92,$0.17B,$0.31B,0.54,$0.14B,$0.08B,55.07%,$0.14B,$0.04B,25.36%,$0.14B,$0.04B,25.36%,$0.14B,$0.06B,42.75%,$0.14B,$0.03B,18.84%,$0.14B,$0.02B,16.67%,$0.02B,$0.31B,7.40%,$0.02B,$0.28B,8.04%,$0.02B,$0.51B,4.72%,$0.04B,$0.47B,7.65%,$34,$15,$19,$0,$4,$25,$9,$-4,$5,$0,$5,$5,$4,$15,$9,$12,12,$0.34,$0.34,$5,$0,$9,$27,$448,$0,$25,$8,$480,$507,$29,$166,$5,$170,$199,$254,$0,$-1,$308,$507,$26,$24,$1,$25,$-2,$0,$5,$0,$3,$53,$-53,$0,$0,$0,$0,$0,$-0,$-53,$0,$34,$34,$-0,$-0,$-30,$0,$3,$3,$0,$-30
40,2008-09-30,9.89,$34.13,0.29,$11.72,0.84,$5.27,1.88,$2.05,4.83,$0.02B,$0.03B,0.61,$0.15B,$0.31B,0.48,$0.14B,$0.08B,53.96%,$0.14B,$0.03B,23.74%,$0.14B,$0.03B,23.74%,$0.14B,$0.06B,41.01%,$0.14B,$0.03B,20.14%,$0.14B,$0.02B,17.27%,$0.02B,$0.31B,7.69%,$0.02B,$0.29B,8.36%,$0.02B,$0.49B,5.04%,$0.03B,$0.46B,7.32%,$35,$16,$19,$0,$3,$26,$9,$-2,$7,$0,$7,$7,$6,$15,$9,$12,12,$0.51,$0.51,$7,$0,$3,$18,$439,$0,$25,$8,$471,$489,$30,$149,$0,$149,$178,$258,$0,$-0,$311,$489,$21,$18,$-1,$17,$-2,$0,$10,$1,$12,$49,$-38,$0,$0,$0,$0,$0,$-0,$-38,$0,$17,$17,$-0,$-0,$-22,$0,$-6,$5,$0,$-22
41,2008-06-30,12.43,$34.22,0.36,$11.45,1.09,$6.44,1.93,$1.93,6.44,$0.02B,$0.03B,0.58,$0.14B,$0.31B,0.44,$0.14B,$0.07B,54.41%,$0.14B,$0.03B,23.53%,$0.14B,$0.03B,23.53%,$0.14B,$0.06B,41.18%,$0.14B,$0.03B,21.32%,$0.14B,$0.02B,16.91%,$0.02B,$0.31B,7.66%,$0.02B,$0.29B,8.34%,$0.02B,$0.48B,5.44%,$0.03B,$0.45B,7.95%,$35,$15,$20,$0,$4,$26,$9,$-1,$8,$0,$8,$8,$7,$15,$9,$12,12,$0.57,$0.57,$3,$0,$3,$15,$430,$0,$25,$7,$462,$477,$26,$139,$0,$139,$164,$309,$0,$0,$312,$477,$14,$12,$-1,$11,$-2,$0,$7,$0,$8,$33,$-23,$0,$0,$0,$0,$0,$-0,$-23,$0,$7,$7,$-0,$-0,$-14,$0,$-8,$2,$-0,$-14
42,2008-03-31,12.79,$34.22,0.37,$12.06,1.06,$6.63,1.93,$1.51,8.47,$0.02B,$0.03B,0.7,$0.14B,$0.31B,0.43,$0.13B,$0.07B,53.38%,$0.13B,$0.03B,22.56%,$0.13B,$0.03B,22.56%,$0.13B,$0.06B,41.35%,$0.13B,$0.03B,18.80%,$0.13B,$0.02B,12.78%,$0.02B,$0.31B,5.89%,$0.02B,$0.29B,6.43%,$0.02B,$0.48B,4.56%,$0.03B,$0.45B,8.41%,$34,$15,$18,$0,$4,$26,$8,$-2,$6,$0,$6,$6,$6,$14,$8,$12,12,$0.46,$0.46,$9,$0,$4,$21,$425,$0,$25,$7,$456,$478,$30,$135,$0,$135,$165,$309,$0,$0,$312,$478,$6,$6,$-0,$5,$-1,$0,$12,$-0,$12,$23,$-12,$0,$0,$0,$0,$0,$-0,$-13,$0,$3,$3,$-0,$-0,$-7,$0,$-4,$7,$-0,$-7
43,2007-12-31,12.58,$34.29,0.37,$13.82,0.91,$6.08,2.07,$1.36,9.25,$0.01B,$0.02B,0.73,$0.13B,$0.31B,0.42,$0.13B,$0.07B,54.55%,$0.13B,$0.03B,24.24%,$0.13B,$0.03B,24.24%,$0.13B,$0.06B,42.42%,$0.13B,$0.03B,18.94%,$0.13B,$0.01B,9.85%,$0.01B,$0.31B,5.66%,$0.01B,$0.29B,6.30%,$0.01B,$0.46B,4.04%,$0.03B,$0.45B,10.26%,$35,$17,$18,$0,$4,$28,$7,$-0,$7,$0,$7,$7,$5,$13,$7,$10,10,$0.49,$0.49,$2,$0,$3,$12,$418,$0,$25,$7,$449,$461,$16,$132,$0,$132,$148,$259,$0,$0,$313,$461,$25,$23,$-1,$22,$-3,$0,$-0,$2,$9,$56,$-28,$-128,$0,$0,$0,$0,$0,$-156,$-4,$-58,$-62,$180,$180,$-20,$-1,$97,$-2,$0,$-20
44,2007-09-30,14.41,$28.93,0.5,$15.16,0.95,$5.27,2.73,$0.95,15.17,$0.01B,$0.01B,0.88,$0.00B,$0.26B,0.01,$0.13B,$0.07B,54.96%,$0.13B,$0.03B,25.19%,$0.13B,$0.03B,25.19%,$0.13B,$0.06B,44.27%,$0.13B,$0.03B,19.08%,$0.13B,$0.01B,6.11%,$0.01B,$0.26B,3.76%,$0.01B,$0.24B,4.22%,$0.01B,$0.28B,2.53%,$0.03B,$0.27B,10.67%,$32,$14,$18,$0,$3,$24,$8,$-0,$8,$0,$8,$8,$5,$14,$8,$12,12,$0.41,$0.41,$0,$0,$0,$8,$233,$0,$23,$12,$268,$275,$9,$3,$0,$3,$11,$260,$0,$0,$264,$275,$18,$17,$0,$17,$-2,$0,$-1,$3,$5,$40,$-15,$0,$-7,$0,$0,$0,$-0,$-21,$-2,$-187,$-189,$180,$180,$-13,$-0,$-22,$-3,$0,$-13
45,2007-06-30,15.21,$29.08,0.52,$14.50,1.05,$4.11,3.7,$0.34,44.73,$0.01B,$0.01B,0.98,$0.00B,$0.27B,0.01,$0.11B,$0.06B,53.98%,$0.11B,$0.03B,22.12%,$0.11B,$0.03B,22.12%,$0.11B,$0.05B,40.71%,$0.11B,$0.02B,14.16%,$0.11B,$0.00B,1.77%,$0.00B,$0.27B,1.20%,$0.00B,$0.24B,1.34%,$0.00B,$0.28B,0.71%,$0.03B,$0.27B,9.12%,$32,$15,$17,$0,$3,$25,$7,$-3,$4,$0,$4,$4,$1,$14,$7,$9,9,$0.15,$0.15,$1,$0,$0,$8,$240,$0,$23,$5,$268,$277,$8,$3,$0,$3,$11,$261,$0,$0,$265,$277,$10,$11,$0,$11,$-2,$0,$0,$-4,$-2,$19,$-10,$0,$0,$0,$0,$0,$-0,$-10,$2,$-187,$-185,$180,$180,$-7,$0,$-11,$-2,$0,$-7
46,2007-03-31,15.09,$19.42,0.78,$12.66,1.19,$4.33,3.48,$0.40,37.72,$0.01B,$0.01B,1.32,$0.19B,$0.08B,2.46,$0.09B,$0.05B,53.76%,$0.09B,$0.02B,21.51%,$0.09B,$0.02B,21.51%,$0.09B,$0.04B,38.71%,$0.09B,$0.01B,15.05%,$0.09B,$0.00B,3.23%,$0.00B,$0.08B,2.51%,$0.00B,$0.05B,2.78%,$0.00B,$0.27B,1.23%,$0.02B,$0.27B,8.39%,$33,$14,$19,$0,$3,$23,$10,$-4,$6,$0,$6,$6,$2,$15,$10,$7,7,$0.33,$0.33,$0,$0,$0,$9,$235,$0,$23,$6,$265,$273,$7,$190,$0,$190,$196,$77,$0,$0,$77,$273,$6,$5,$0,$5,$-3,$0,$1,$-3,$-3,$8,$-5,$0,$0,$0,$0,$0,$-0,$-6,$-2,$0,$-2,$0,$0,$-3,$0,$-5,$-3,$0,$-3
47,2006-12-31,12.71,$61.77,0.21,$9.84,1.29,$4.59,2.77,$0.44,28.88,$0.01B,$0.01B,1.49,$0.19B,$0.25B,0.77,$0.07B,$0.04B,54.17%,$0.07B,$0.01B,18.06%,$0.07B,$0.01B,18.06%,$0.07B,$0.03B,36.11%,$0.07B,$0.01B,15.28%,$0.07B,$0.00B,5.56%,$0.00B,$0.25B,3.31%,$0.00B,$0.22B,3.48%,$0.00B,$0.44B,1.92%,$0.01B,$0.44B,6.39%,$34,$16,$18,$0,$4,$26,$8,$-2,$7,$0,$7,$7,$0,$15,$8,$7,7,$0.06,$0.06,$3,$0,$2,$10,$402,$0,$23,$7,$432,$442,$7,$190,$0,$190,$196,$78,$0,$0,$245,$442,$10,$13,$4,$16,$-2,$0,$1,$0,$-1,$25,$-11,$-153,$0,$0,$0,$0,$0,$-164,$-4,$162,$158,$-2,$-2,$-12,$-3,$141,$3,$1,$-12
