,Date,Stock Price,Book Value per Share,Price to Book Ratio,TTM Sales per Share,Price to Sales Ratio,TTM FCF per Share,Price to FCF Ratio,TTM Net EPS,PE Ratio,Current Assets,Current Liabilities,Current Ratio,Long Term Debt,Shareholder's Equity_x,Debt to Equity Ratio,TTM Revenue_x,TTM Gross Profit,Gross Margin,TTM Revenue_y,TTM Operating Income,Operating Margin,TTM Revenue_x,TTM EBIT,EBIT Margin,TTM Revenue_y,TTM EBITDA,EBITDA Margin,TTM Revenue_x,TTM Pre-Tax Income,Pre-Tax Margin,TTM Revenue_y,TTM Net Income_x,Net Margin,TTM Net Income_y,Shareholder's Equity_y,Return on Equity,TTM Net Income_x,Tangible Equity,Return on Tangible Equity,TTM Net Income_y,Total Assets,Return on Assets,TTM Net Income,LT Investments & Debt,Return on Investment,revenue,cost-goods-sold,gross-profit,research-development-expenses,selling-general-administrative-expenses,operating-expenses,operating-income,total-non-operating-income-expense,pre-tax-income,total-provision-income-taxes,income-after-taxes,income-from-continuous-operations,net-income,ebitda,ebit,basic-shares-outstanding,shares-outstanding,eps-basic-net-earnings-per-share,eps-earnings-per-share-diluted,cash-on-hand,inventory,other-current-assets,total-current-assets,net-property-plant-equipment,long-term-investments,goodwill-intangible-assets-total,other-long-term-assets,total-long-term-assets,total-assets,total-current-liabilities,long-term-debt,other-non-current-liabilities,total-long-term-liabilities,total-liabilities,common-stock-net,retained-earnings-accumulated-deficit,comprehensive-income,total-share-holder-equity,total-liabilities-share-holders-equity,net-income-loss,total-depreciation-amortization-cash-flow,other-non-cash-items,total-non-cash-items,change-in-accounts-receivable,change-in-inventories,change-in-accounts-payable,change-in-assets-liabilities,total-change-in-assets-liabilities,cash-flow-from-operating-activities,net-change-in-property-plant-equipment,net-change-in-intangible-assets,net-acquisitions-divestitures,net-change-in-short-term-investments,net-change-in-long-term-investments,net-change-in-investments-total,investing-activities-other,cash-flow-from-investing-activities,net-long-term-debt,net-current-debt,debt-issuance-retirement-net-total,net-common-equity-issued-repurchased,net-total-equity-issued-repurchased,total-common-preferred-stock-dividends-paid,financial-activities-other,cash-flow-from-financial-activities,net-cash-flow,stock-based-compensation,common-stock-dividends-paid
0,2018-09-30,3.79,$1.43,2.65,$0.97,3.9,$-0.46,0.0,$-0.20,0.0,$0.14B,$0.08B,1.81,$0.00B,$0.08B,0.0,$0.05B,$0.05B,92.00%,$0.05B,$-0.01B,-28.00%,$0.05B,$-0.01B,-28.00%,$0.05B,$-0.01B,-18.00%,$0.05B,$-0.01B,-20.00%,$0.05B,$-0.01B,-24.00%,$-0.01B,$0.08B,-15.34%,$-0.01B,$0.06B,-17.78%,$-0.01B,$0.16B,-8.08%,$-0.01B,$0.08B,-17.89%,$13,$2,$12,$2,$10,$15,$-2,$0,$-1,$0,$-2,$-2,$-2,$-1,$-2,$53,53,$-0.03,$-0.03,$71,$0,$0,$142,$3,$0,$14,$2,$20,$162,$78,$0,$0,$7,$86,$0,$-207,$-1,$76,$162,$-11,$3,$3,$6,$-7,$0,$0,$-2,$5,$1,$-3,$0,$-5,$0,$0,$0,$0,$-7,$0,$0,$0,$2,$2,$0,$-1,$1,$-6,$3,$0
1,2018-06-30,4.04,$1.45,2.79,$0.97,4.18,$-0.65,0.0,$0.04,101.0,$0.13B,$0.06B,2.0,$0.00B,$0.08B,0.0,$0.05B,$0.05B,92.00%,$0.05B,$-0.02B,-32.00%,$0.05B,$-0.02B,-32.00%,$0.05B,$-0.01B,-20.00%,$0.05B,$-0.01B,-24.00%,$0.05B,$0.00B,4.00%,$0.00B,$0.08B,2.50%,$0.00B,$0.06B,2.83%,$0.00B,$0.15B,1.39%,$-0.02B,$0.08B,-20.00%,$12,$1,$11,$2,$12,$16,$-4,$1,$-3,$0,$-3,$-3,$-3,$-3,$-4,$52,52,$-0.06,$-0.06,$65,$0,$0,$129,$3,$0,$15,$1,$19,$148,$64,$0,$0,$7,$72,$0,$-206,$-1,$76,$148,$-9,$3,$2,$5,$1,$0,$0,$-1,$0,$-4,$-3,$0,$-5,$0,$0,$0,$0,$-7,$0,$0,$0,$1,$1,$0,$-1,$0,$-11,$2,$0
2,2018-03-31,3.76,$1.50,2.51,$0.93,4.05,$-0.62,0.0,$0.05,75.2,$0.12B,$0.05B,2.49,$0.00B,$0.08B,0.0,$0.05B,$0.04B,91.67%,$0.05B,$-0.02B,-39.58%,$0.05B,$-0.02B,-39.58%,$0.05B,$-0.01B,-22.92%,$0.05B,$-0.02B,-33.33%,$0.05B,$0.00B,6.25%,$0.00B,$0.08B,3.83%,$0.00B,$0.07B,4.36%,$0.00B,$0.13B,2.13%,$-0.02B,$0.08B,-24.28%,$10,$1,$9,$2,$11,$16,$-7,$1,$-6,$0,$-6,$-6,$-6,$-5,$-7,$52,52,$-0.12,$-0.12,$73,$0,$0,$123,$2,$0,$7,$1,$11,$134,$50,$0,$0,$6,$56,$0,$-203,$-0,$78,$134,$-6,$2,$1,$3,$12,$0,$0,$-1,$-0,$-4,$-0,$0,$0,$0,$0,$0,$0,$-0,$0,$0,$0,$1,$1,$0,$-1,$0,$-4,$1,$0
3,2017-12-31,4.03,$1.62,2.49,$0.86,4.66,$-0.81,0.0,$0.03,134.33,$0.14B,$0.06B,2.27,$0.00B,$0.08B,0.0,$0.04B,$0.04B,90.91%,$0.04B,$-0.02B,-50.00%,$0.04B,$-0.02B,-50.00%,$0.04B,$-0.01B,-29.55%,$0.04B,$-0.02B,-45.45%,$0.04B,$0.00B,4.55%,$0.00B,$0.08B,2.62%,$0.00B,$0.08B,3.11%,$0.00B,$0.15B,1.44%,$-0.02B,$0.08B,-28.76%,$15,$1,$14,$2,$12,$16,$-1,$1,$-0,$-0,$-0,$-0,$-1,$0,$-1,$51,51,$-0.02,$-0.02,$76,$0,$0,$138,$3,$0,$8,$1,$12,$150,$61,$0,$1,$6,$67,$0,$-196,$-0,$83,$150,$-20,$8,$15,$22,$-20,$0,$0,$-6,$-13,$-10,$-1,$0,$0,$0,$0,$0,$47,$46,$-0,$0,$-0,$-1,$-1,$0,$-2,$-3,$33,$5,$0
4,2017-09-30,4.36,$1.63,2.68,$0.77,5.64,$-0.79,0.0,$0.04,109.0,$0.13B,$0.05B,2.43,$0.00B,$0.08B,0.0,$0.04B,$0.04B,92.31%,$0.04B,$-0.02B,-61.54%,$0.04B,$-0.02B,-61.54%,$0.04B,$-0.01B,-35.90%,$0.04B,$-0.02B,-58.97%,$0.04B,$0.00B,7.69%,$0.00B,$0.08B,3.99%,$0.00B,$0.08B,4.76%,$0.00B,$0.14B,2.14%,$-0.02B,$0.08B,-31.79%,$13,$1,$12,$2,$13,$17,$-4,$1,$-3,$-0,$-3,$-3,$12,$-2,$-4,$51,51,$0.24,$0.24,$77,$0,$0,$128,$5,$0,$8,$1,$14,$142,$53,$0,$0,$6,$59,$0,$-196,$-0,$83,$142,$-20,$6,$14,$20,$-9,$0,$0,$-7,$-11,$-10,$-1,$0,$0,$0,$0,$0,$47,$46,$-0,$0,$-0,$-2,$-2,$0,$-1,$-3,$33,$4,$0
5,2017-06-30,2.49,$1.37,1.82,$0.67,3.73,$-0.77,0.0,$-0.27,0.0,$0.11B,$0.06B,1.81,$0.00B,$0.07B,0.01,$0.03B,$0.03B,91.18%,$0.03B,$-0.02B,-70.59%,$0.03B,$-0.02B,-70.59%,$0.03B,$-0.01B,-41.18%,$0.03B,$-0.02B,-70.59%,$0.03B,$-0.01B,-38.24%,$-0.01B,$0.07B,-17.28%,$-0.01B,$0.05B,-21.58%,$-0.01B,$0.14B,-9.30%,$-0.02B,$0.07B,-31.79%,$10,$1,$9,$2,$12,$17,$-7,$-0,$-7,$0,$-7,$-7,$-2,$-4,$-7,$50,50,$-0.05,$-0.05,$36,$0,$0,$113,$8,$0,$16,$1,$25,$138,$62,$1,$0,$7,$69,$0,$-208,$-0,$69,$138,$-16,$5,$12,$16,$5,$0,$0,$-0,$-4,$-4,$-1,$0,$0,$0,$0,$0,$0,$-1,$-0,$0,$-0,$-2,$-2,$0,$-1,$-3,$-8,$2,$0
6,2017-03-31,2.0,$1.40,1.43,$1.17,1.7,$-0.84,0.0,$-0.33,0.0,$0.10B,$0.05B,2.0,$0.00B,$0.07B,0.01,$0.06B,$0.04B,63.93%,$0.06B,$-0.02B,-37.70%,$0.06B,$-0.02B,-37.70%,$0.06B,$-0.01B,-21.31%,$0.06B,$-0.02B,-37.70%,$0.06B,$-0.02B,-27.87%,$-0.02B,$0.07B,-21.38%,$-0.02B,$0.05B,-26.77%,$-0.02B,$0.13B,-12.08%,$-0.02B,$0.07B,-28.84%,$6,$1,$5,$2,$11,$16,$-10,$-0,$-10,$-0,$-10,$-10,$-7,$-7,$-10,$50,50,$-0.14,$-0.14,$28,$0,$0,$99,$9,$0,$17,$2,$28,$126,$50,$1,$0,$7,$56,$0,$-206,$-0,$70,$126,$-10,$2,$5,$7,$11,$0,$0,$-1,$-10,$-13,$-1,$0,$0,$0,$0,$0,$0,$-1,$-0,$0,$-0,$-2,$-2,$0,$-1,$-3,$-16,$1,$0
7,2016-12-31,2.49,$1.56,1.6,$1.71,1.45,$-0.64,0.0,$-0.40,0.0,$0.13B,$0.07B,1.82,$0.00B,$0.08B,0.0,$0.09B,$0.05B,55.56%,$0.09B,$-0.02B,-25.56%,$0.09B,$-0.02B,-25.56%,$0.09B,$-0.01B,-15.56%,$0.09B,$-0.02B,-26.67%,$0.09B,$-0.02B,-23.33%,$-0.02B,$0.08B,-24.78%,$-0.02B,$0.07B,-31.00%,$-0.02B,$0.15B,-14.38%,$-0.02B,$0.08B,-27.14%,$10,$1,$10,$2,$10,$14,$-3,$-0,$-3,$-0,$-3,$-3,$-0,$-1,$-3,$52,52,$-0.01,$-0.01,$43,$0,$0,$125,$7,$0,$8,$2,$30,$154,$68,$0,$0,$7,$76,$0,$-199,$-0,$79,$154,$-24,$9,$11,$21,$-8,$0,$0,$-2,$-4,$-7,$-3,$0,$0,$0,$0,$0,$0,$-3,$-0,$0,$-0,$-5,$-5,$0,$-1,$-6,$-17,$4,$0
8,2016-09-30,1.71,$1.60,1.07,$2.50,0.68,$-0.75,0.0,$-0.44,0.0,$0.11B,$0.05B,2.16,$0.00B,$0.08B,0.0,$0.13B,$0.06B,47.73%,$0.13B,$-0.02B,-16.67%,$0.13B,$-0.02B,-16.67%,$0.13B,$-0.01B,-9.85%,$0.13B,$-0.02B,-17.42%,$0.13B,$-0.02B,-17.42%,$-0.02B,$0.08B,-25.48%,$-0.02B,$0.06B,-32.97%,$-0.02B,$0.14B,-15.38%,$-0.02B,$0.08B,-24.38%,$8,$1,$7,$2,$9,$12,$-4,$0,$-4,$-0,$-4,$-4,$-4,$-2,$-4,$52,52,$-0.07,$-0.07,$48,$0,$0,$111,$9,$0,$19,$2,$30,$141,$51,$0,$0,$7,$58,$0,$-198,$-0,$83,$141,$-21,$7,$7,$14,$11,$0,$0,$-2,$-1,$-8,$-3,$0,$0,$0,$0,$0,$0,$-3,$0,$0,$0,$-1,$-1,$0,$-1,$-2,$-12,$3,$0
9,2016-06-30,1.84,$1.64,1.12,$3.16,0.58,$-0.75,0.0,$-0.92,0.0,$0.11B,$0.05B,2.3,$0.00B,$0.09B,0.0,$0.17B,$0.07B,44.58%,$0.17B,$-0.05B,-28.31%,$0.17B,$-0.05B,-28.31%,$0.17B,$-0.04B,-22.29%,$0.17B,$-0.05B,-28.92%,$0.17B,$-0.05B,-28.92%,$-0.05B,$0.09B,-50.39%,$-0.05B,$0.07B,-65.08%,$-0.05B,$0.14B,-31.32%,$-0.05B,$0.09B,-49.34%,$37,$20,$17,$5,$15,$43,$-6,$-0,$-6,$0,$-6,$-6,$-6,$-3,$-6,$53,53,$-0.11,$-0.11,$50,$0,$0,$110,$10,$0,$20,$2,$32,$142,$48,$0,$1,$8,$56,$0,$-195,$-0,$86,$142,$-17,$5,$6,$10,$15,$0,$0,$-0,$-0,$-7,$-2,$0,$0,$0,$0,$0,$0,$-2,$0,$0,$0,$0,$0,$0,$-0,$-0,$-10,$2,$0
10,2016-03-31,1.76,$1.74,1.01,$3.28,0.54,$-0.74,0.0,$-0.91,0.0,$0.11B,$0.05B,2.36,$0.00B,$0.09B,0.0,$0.17B,$0.08B,43.86%,$0.17B,$-0.05B,-26.90%,$0.17B,$-0.05B,-26.90%,$0.17B,$-0.04B,-21.64%,$0.17B,$-0.05B,-27.49%,$0.17B,$-0.05B,-27.49%,$-0.05B,$0.09B,-44.24%,$-0.05B,$0.07B,-59.49%,$-0.05B,$0.15B,-29.01%,$-0.05B,$0.09B,-43.29%,$35,$18,$16,$6,$18,$45,$-10,$-0,$-11,$0,$-11,$-11,$-11,$-8,$-10,$52,52,$-0.21,$-0.21,$56,$0,$0,$114,$11,$0,$21,$2,$34,$147,$48,$0,$1,$8,$56,$0,$-189,$-0,$91,$147,$-11,$2,$4,$6,$18,$0,$0,$-0,$3,$-2,$-1,$0,$0,$0,$0,$0,$0,$-1,$0,$0,$0,$0,$0,$0,$-0,$-0,$-3,$1,$0
11,2015-12-31,2.06,$1.94,1.06,$3.36,0.61,$-0.74,0.0,$-0.84,0.0,$0.13B,$0.06B,2.23,$0.00B,$0.10B,0.0,$0.17B,$0.08B,43.10%,$0.17B,$-0.04B,-24.71%,$0.17B,$-0.04B,-24.71%,$0.17B,$-0.03B,-19.54%,$0.17B,$-0.04B,-24.71%,$0.17B,$-0.04B,-24.71%,$-0.04B,$0.10B,-36.75%,$-0.04B,$0.08B,-51.19%,$-0.04B,$0.17B,-25.41%,$-0.04B,$0.10B,-36.75%,$52,$29,$23,$5,$17,$54,$-2,$-0,$-2,$0,$-2,$-2,$-2,$0,$-2,$52,52,$-0.05,$-0.05,$60,$0,$0,$134,$10,$0,$22,$1,$34,$168,$60,$0,$1,$6,$67,$0,$-178,$-0,$101,$168,$-29,$8,$13,$21,$-23,$0,$0,$2,$-0,$-8,$-8,$0,$-2,$0,$0,$0,$0,$-9,$0,$0,$0,$0,$0,$0,$-0,$-0,$-18,$4,$0
12,2015-09-30,1.86,$1.98,0.94,$3.19,0.58,$-0.73,0.0,$-0.90,0.0,$0.12B,$0.05B,2.55,$0.00B,$0.10B,0.0,$0.16B,$0.07B,41.46%,$0.16B,$-0.05B,-28.05%,$0.16B,$-0.05B,-28.05%,$0.16B,$-0.04B,-23.17%,$0.16B,$-0.05B,-28.05%,$0.16B,$-0.05B,-28.05%,$-0.05B,$0.10B,-36.29%,$-0.05B,$0.08B,-52.27%,$-0.05B,$0.16B,-26.78%,$-0.05B,$0.10B,-36.29%,$42,$24,$18,$5,$16,$70,$-29,$0,$-29,$0,$-29,$-29,$-29,$-26,$-29,$52,52,$-0.55,$-0.55,$66,$0,$0,$122,$10,$0,$23,$1,$34,$156,$48,$0,$1,$5,$53,$0,$-175,$-0,$103,$156,$-41,$6,$26,$32,$-5,$0,$0,$3,$5,$-3,$-7,$0,$-1,$0,$0,$0,$0,$-8,$0,$0,$0,$0,$0,$0,$-0,$-0,$-12,$3,$0
13,2015-06-30,2.91,$2.53,1.15,$3.16,0.92,$-0.82,0.0,$-0.46,0.0,$0.12B,$0.04B,2.83,$0.00B,$0.13B,0.0,$0.16B,$0.07B,40.37%,$0.16B,$-0.02B,-13.66%,$0.16B,$-0.02B,-13.66%,$0.16B,$-0.02B,-9.94%,$0.16B,$-0.02B,-13.66%,$0.16B,$-0.02B,-13.66%,$-0.02B,$0.13B,-16.06%,$-0.02B,$0.09B,-23.85%,$-0.02B,$0.18B,-12.41%,$-0.02B,$0.13B,-16.06%,$42,$24,$18,$5,$16,$48,$-5,$0,$-5,$0,$-5,$-5,$-5,$-3,$-5,$51,51,$-0.10,$-0.10,$69,$0,$0,$122,$11,$0,$43,$1,$55,$177,$43,$0,$0,$4,$47,$0,$-147,$0,$130,$177,$-12,$4,$2,$6,$-5,$0,$0,$2,$3,$-3,$-6,$0,$0,$0,$0,$0,$0,$-6,$0,$0,$0,$0,$0,$0,$-0,$-0,$-9,$2,$0
14,2015-03-31,2.34,$2.61,0.9,$3.20,0.73,$-0.83,0.0,$-0.47,0.0,$0.12B,$0.04B,3.18,$0.00B,$0.13B,0.0,$0.16B,$0.06B,38.04%,$0.16B,$-0.02B,-13.50%,$0.16B,$-0.02B,-13.50%,$0.16B,$-0.02B,-10.43%,$0.16B,$-0.02B,-13.50%,$0.16B,$-0.02B,-13.50%,$-0.02B,$0.13B,-15.58%,$-0.02B,$0.09B,-23.10%,$-0.02B,$0.18B,-12.22%,$-0.02B,$0.13B,-15.58%,$38,$22,$16,$5,$16,$45,$-7,$0,$-7,$0,$-7,$-7,$-7,$-5,$-7,$51,51,$-0.14,$-0.14,$75,$0,$0,$122,$9,$0,$44,$1,$54,$176,$39,$0,$0,$3,$42,$0,$-141,$0,$134,$176,$-7,$2,$1,$3,$3,$0,$0,$0,$2,$-2,$-1,$0,$0,$0,$0,$0,$0,$-1,$0,$0,$0,$0,$0,$0,$-0,$-0,$-3,$1,$0
15,2014-12-31,2.87,$2.74,1.05,$3.15,0.91,$-0.89,0.0,$-0.47,0.0,$0.13B,$0.04B,3.39,$0.00B,$0.14B,0.0,$0.16B,$0.06B,36.25%,$0.16B,$-0.02B,-13.75%,$0.16B,$-0.02B,-13.75%,$0.16B,$-0.02B,-11.25%,$0.16B,$-0.02B,-13.75%,$0.16B,$-0.02B,-13.75%,$-0.02B,$0.14B,-15.12%,$-0.02B,$0.10B,-22.39%,$-0.02B,$0.18B,-12.10%,$-0.02B,$0.14B,-15.12%,$42,$26,$16,$4,$15,$47,$-5,$0,$-5,$0,$-5,$-5,$-5,$-4,$-5,$51,51,$-0.11,$-0.11,$78,$0,$0,$126,$6,$0,$45,$1,$52,$178,$37,$0,$0,$1,$38,$0,$-134,$0,$140,$178,$-23,$7,$5,$12,$-5,$0,$0,$0,$1,$-11,$-4,$0,$0,$0,$0,$0,$0,$-4,$0,$0,$0,$1,$1,$0,$-1,$0,$-15,$5,$0
16,2014-09-30,2.34,$2.82,0.83,$3.59,0.65,$-0.66,0.0,$-0.48,0.0,$0.13B,$0.03B,3.75,$0.00B,$0.14B,0.0,$0.15B,$0.05B,35.06%,$0.15B,$-0.02B,-14.94%,$0.15B,$-0.02B,-14.94%,$0.15B,$-0.02B,-11.69%,$0.15B,$-0.02B,-14.94%,$0.15B,$-0.02B,-14.94%,$-0.02B,$0.14B,-15.36%,$-0.02B,$0.10B,-22.72%,$-0.02B,$0.18B,-12.43%,$-0.02B,$0.14B,-15.36%,$39,$24,$15,$4,$14,$44,$-5,$0,$-5,$0,$-5,$-5,$-5,$-4,$-5,$51,51,$-0.11,$-0.11,$78,$0,$0,$126,$5,$0,$46,$1,$52,$178,$34,$0,$0,$1,$34,$0,$-129,$0,$144,$178,$-18,$5,$4,$8,$-5,$0,$0,$0,$-3,$-12,$-3,$0,$0,$0,$0,$0,$0,$-3,$0,$0,$0,$1,$1,$0,$-1,$0,$-15,$4,$0
17,2014-06-30,4.72,$2.91,1.62,$3.54,1.33,$-0.32,0.0,$-0.74,0.0,$0.14B,$0.04B,3.38,$0.00B,$0.15B,0.0,$0.15B,$0.05B,35.33%,$0.15B,$-0.02B,-13.33%,$0.15B,$-0.02B,-13.33%,$0.15B,$-0.02B,-10.00%,$0.15B,$-0.02B,-13.33%,$0.15B,$-0.04B,-24.00%,$-0.04B,$0.15B,-23.34%,$-0.04B,$0.10B,-34.45%,$-0.04B,$0.19B,-19.05%,$-0.02B,$0.15B,-12.97%,$44,$29,$15,$4,$15,$49,$-5,$-0,$-5,$0,$-5,$-5,$-5,$-4,$-5,$50,50,$-0.11,$-0.11,$84,$0,$0,$135,$4,$0,$48,$1,$53,$188,$40,$0,$0,$1,$41,$0,$-124,$0,$147,$188,$-13,$3,$2,$5,$-8,$0,$0,$0,$-1,$-8,$-2,$0,$0,$0,$0,$0,$0,$-2,$0,$0,$0,$1,$1,$0,$0,$1,$-9,$2,$0
18,2014-03-31,4.12,$3.00,1.37,$7.24,0.57,$-0.27,0.0,$-0.95,0.0,$0.13B,$0.03B,4.12,$0.00B,$0.15B,0.0,$0.14B,$0.05B,38.30%,$0.14B,$-0.02B,-10.64%,$0.14B,$-0.02B,-10.64%,$0.14B,$-0.01B,-7.09%,$0.14B,$-0.02B,-10.64%,$0.14B,$-0.03B,-21.99%,$-0.03B,$0.15B,-30.85%,$-0.03B,$0.10B,-62.31%,$-0.03B,$0.18B,-17.66%,$-0.02B,$0.15B,-14.93%,$35,$23,$12,$4,$13,$42,$-7,$0,$-7,$0,$-7,$-7,$-7,$-6,$-7,$50,50,$-0.14,$-0.14,$87,$0,$0,$129,$4,$0,$49,$1,$54,$183,$31,$0,$0,$1,$32,$0,$-118,$0,$151,$183,$-7,$2,$1,$3,$1,$0,$0,$0,$-0,$-5,$-1,$0,$0,$0,$0,$0,$0,$-1,$0,$0,$0,$0,$0,$0,$0,$0,$-5,$1,$0
