,Date,Stock Price,Book Value per Share,Price to Book Ratio,TTM Sales per Share,Price to Sales Ratio,TTM FCF per Share,Price to FCF Ratio,TTM Net EPS,PE Ratio,Current Assets,Current Liabilities,Current Ratio,Long Term Debt,Shareholder's Equity_x,Debt to Equity Ratio,TTM Revenue_x,TTM Gross Profit,Gross Margin,TTM Revenue_y,TTM Operating Income,Operating Margin,TTM Revenue_x,TTM EBIT,EBIT Margin,TTM Revenue_y,TTM EBITDA,EBITDA Margin,TTM Revenue_x,TTM Pre-Tax Income,Pre-Tax Margin,TTM Revenue_y,TTM Net Income_x,Net Margin,TTM Net Income_y,Shareholder's Equity_y,Return on Equity,TTM Net Income_x,Tangible Equity,Return on Tangible Equity,TTM Net Income_y,Total Assets,Return on Assets,TTM Net Income,LT Investments & Debt,Return on Investment,revenue,cost-goods-sold,gross-profit,research-development-expenses,selling-general-administrative-expenses,operating-expenses,operating-income,total-non-operating-income-expense,pre-tax-income,total-provision-income-taxes,income-after-taxes,income-from-continuous-operations,net-income,ebitda,ebit,basic-shares-outstanding,shares-outstanding,eps-basic-net-earnings-per-share,eps-earnings-per-share-diluted,cash-on-hand,inventory,other-current-assets,total-current-assets,net-property-plant-equipment,long-term-investments,goodwill-intangible-assets-total,other-long-term-assets,total-long-term-assets,total-assets,total-current-liabilities,long-term-debt,other-non-current-liabilities,total-long-term-liabilities,total-liabilities,common-stock-net,retained-earnings-accumulated-deficit,comprehensive-income,total-share-holder-equity,total-liabilities-share-holders-equity,net-income-loss,total-depreciation-amortization-cash-flow,other-non-cash-items,total-non-cash-items,change-in-accounts-receivable,change-in-inventories,change-in-accounts-payable,change-in-assets-liabilities,total-change-in-assets-liabilities,cash-flow-from-operating-activities,net-change-in-property-plant-equipment,net-change-in-intangible-assets,net-acquisitions-divestitures,net-change-in-short-term-investments,net-change-in-long-term-investments,net-change-in-investments-total,investing-activities-other,cash-flow-from-investing-activities,net-long-term-debt,net-current-debt,debt-issuance-retirement-net-total,net-common-equity-issued-repurchased,net-total-equity-issued-repurchased,total-common-preferred-stock-dividends-paid,financial-activities-other,cash-flow-from-financial-activities,net-cash-flow,stock-based-compensation,common-stock-dividends-paid
0,2018-09-30,124.35,$126.81,0.98,$182.96,0.68,$23.06,5.39,$12.65,9.83,$166.73B,$161.84B,1.03,$99.58B,$181.92B,0.55,$270.23B,$50.72B,18.77%,$270.23B,$23.22B,8.59%,$270.23B,$23.22B,8.59%,$270.23B,$39.11B,14.47%,$270.23B,$26.42B,9.78%,$270.23B,$24.12B,8.92%,$24.12B,$181.92B,13.37%,$24.12B,$181.92B,13.37%,$24.12B,$472.64B,5.21%,$23.22B,$281.50B,8.44%,$65801,$53964,$11837,$0,$6625,$60589,$5212,$1402,$6615,$2047,$4568,$5522,$5266,$9196,$5212,$1447,1461,$3.64,$3.60,$52830,$23252,$0,$166734,$96128,$105572,$0,$11674,$305910,$472644,$161837,$99580,$9650,$128885,$290722,$3573,$193111,$-4256,$181922,$472644,$11680,$7788,$-2185,$5603,$0,$0,$0,$-848,$-848,$16436,$-10821,$0,$0,$-2982,$1800,$-1182,$-4686,$-16688,$7523,$119,$7642,$-2696,$-2696,$-3176,$-380,$1389,$1469,$0,$-3176
1,2018-06-30,128.81,$124.87,1.03,$181.33,0.71,$24.56,5.24,$15.41,8.36,$165.85B,$164.07B,1.01,$95.82B,$180.61B,0.53,$268.72B,$50.41B,18.76%,$268.72B,$22.71B,8.45%,$268.72B,$22.71B,8.45%,$268.72B,$38.52B,14.33%,$268.72B,$24.96B,9.29%,$268.72B,$22.97B,8.55%,$22.97B,$180.61B,12.95%,$22.97B,$180.61B,12.95%,$22.97B,$469.65B,5.02%,$22.71B,$276.43B,8.38%,$67737,$55091,$12646,$0,$6365,$61456,$6281,$1207,$7488,$2265,$5223,$6295,$6047,$10084,$6281,$1455,1455,$4.13,$4.09,$51015,$23340,$0,$165848,$96465,$105357,$0,$11634,$303804,$469652,$164065,$95823,$9758,$124982,$289047,$3653,$192053,$-5768,$180605,$469652,$6295,$3804,$-792,$3012,$0,$0,$0,$-1726,$-1726,$7581,$-6223,$0,$0,$-106,$-613,$-719,$-2651,$-9592,$4696,$1443,$6139,$-1186,$-1186,$-3247,$-262,$1444,$-479,$0,$-3247
2,2018-03-31,130.37,$0.00,0.0,$177.41,0.73,$26.70,4.88,$14.98,8.7,$163.37B,$160.17B,1.02,$90.06B,$174.87B,0.52,$264.41B,$49.41B,18.69%,$264.41B,$21.60B,8.17%,$264.41B,$21.60B,8.17%,$264.41B,$37.21B,14.07%,$264.41B,$23.58B,8.92%,$264.41B,$22.45B,8.49%,$22.45B,$179.30B,12.82%,$22.45B,$179.30B,12.82%,$22.45B,$452.77B,4.97%,$21.60B,$269.36B,8.07%,$69003,$55294,$13709,$0,$7975,$63269,$5734,$-104,$5631,$2025,$3606,$4619,$4421,$9941,$5734,$1474,1497,$3.01,$2.91,$51497,$22858,$0,$163374,$92409,$100460,$0,$10994,$289400,$452774,$160172,$90057,$9230,$117731,$273476,$3573,$175261,$3921,$179299,$452774,$23275,$15606,$-5324,$10282,$-949,$-1540,$420,$440,$519,$37890,$-20841,$0,$0,$1779,$-4770,$-2990,$-9110,$-32941,$3074,$3130,$6204,$-4030,$-4030,$-5642,$-574,$-4042,$515,$0,$-5642
3,2017-12-31,125.05,$122.19,1.02,$174.97,0.71,$22.32,5.6,$14.30,8.75,$164.69B,$158.35B,1.04,$93.38B,$175.17B,0.53,$262.09B,$47.01B,17.94%,$262.09B,$19.75B,7.54%,$262.09B,$19.75B,7.54%,$262.09B,$35.33B,13.48%,$262.09B,$21.76B,8.30%,$262.09B,$21.58B,8.23%,$21.58B,$179.52B,12.43%,$21.58B,$179.52B,12.43%,$21.58B,$455.83B,4.78%,$19.75B,$272.89B,7.40%,$67691,$55164,$12528,$0,$6532,$61696,$5995,$688,$6683,$-854,$7537,$8639,$8382,$9887,$5995,$1476,1495,$5.68,$5.61,$51538,$22627,$0,$164691,$93124,$99998,$0,$10258,$291135,$455827,$158353,$93377,$9253,$122308,$276310,$3534,$168961,$8640,$179517,$455827,$18545,$11400,$-4104,$7297,$0,$0,$0,$-531,$-531,$25311,$-15003,$0,$0,$-1290,$-2337,$-3627,$-7267,$-25897,$2066,$4254,$6320,$-2076,$-2076,$-5579,$-567,$-1903,$-2211,$0,$-5579
4,2017-09-30,117.19,$116.02,1.01,$172.44,0.68,$18.41,6.37,$11.65,10.06,$163.13B,$155.90B,1.05,$94.53B,$170.25B,0.56,$259.58B,$44.75B,17.24%,$259.58B,$17.79B,6.85%,$259.58B,$17.79B,6.85%,$259.58B,$32.77B,12.62%,$259.58B,$20.48B,7.89%,$259.58B,$17.68B,6.81%,$17.68B,$170.25B,10.33%,$17.68B,$170.25B,10.33%,$17.68B,$452.28B,3.94%,$17.79B,$264.78B,6.75%,$64292,$52767,$11525,$0,$6825,$59592,$4700,$455,$5155,$1700,$3456,$4331,$4124,$8603,$4700,$1481,1481,$2.78,$2.78,$52979,$22424,$0,$163132,$93457,$98917,$0,$10481,$289146,$452277,$155902,$94525,$4905,$126125,$282028,$3573,$165049,$7994,$170250,$452277,$10017,$7508,$-1170,$6339,$0,$0,$0,$1989,$1989,$18344,$-10421,$0,$0,$-284,$-2444,$-2728,$-4278,$-17427,$2058,$867,$2926,$-2236,$-2236,$-2967,$-441,$-2718,$-1627,$0,$-2967
5,2017-06-30,101.74,$115.11,0.88,$170.51,0.6,$15.75,6.46,$11.40,8.92,$162.56B,$154.66B,1.05,$92.88B,$166.84B,0.56,$258.80B,$44.69B,17.27%,$258.80B,$17.74B,6.86%,$258.80B,$17.74B,6.86%,$258.80B,$32.78B,12.66%,$258.80B,$20.22B,7.81%,$258.80B,$17.41B,6.73%,$17.41B,$171.21B,10.17%,$17.41B,$171.21B,10.17%,$17.41B,$445.10B,3.93%,$17.74B,$264.10B,6.78%,$63428,$51778,$11651,$0,$6482,$58260,$5169,$945,$6114,$1669,$4446,$5686,$5518,$8774,$5169,$1487,1487,$3.69,$3.69,$53340,$22110,$0,$162563,$92140,$96781,$0,$10494,$282542,$445104,$154662,$92881,$9201,$123607,$273890,$3573,$160953,$6435,$171214,$445104,$5686,$3606,$-800,$2805,$0,$0,$0,$1160,$1160,$9651,$-5091,$0,$0,$109,$-2073,$-1964,$-2105,$-9160,$1054,$1115,$2169,$6,$6,$-2967,$-195,$-987,$-488,$0,$-2967
6,2017-03-31,105.23,$116.73,0.9,$167.60,0.63,$15.95,6.6,$11.07,9.51,$165.85B,$161.07B,1.03,$92.18B,$169.10B,0.55,$256.66B,$45.23B,17.62%,$256.66B,$18.55B,7.23%,$256.66B,$18.55B,7.23%,$256.66B,$33.53B,13.06%,$256.66B,$20.40B,7.95%,$256.66B,$17.03B,6.63%,$17.03B,$173.62B,10.08%,$17.03B,$173.62B,10.08%,$17.03B,$453.38B,3.92%,$18.55B,$265.80B,7.21%,$66683,$55378,$11305,$0,$7416,$62794,$3889,$-83,$3806,$897,$2908,$3846,$3557,$8063,$3889,$1504,1528,$2.38,$2.36,$54864,$22214,$0,$165853,$94833,$97888,$0,$10755,$287523,$453377,$161066,$92178,$9372,$123208,$279756,$3693,$163690,$5961,$173621,$453377,$17921,$14982,$-2378,$12604,$-2462,$-2291,$1357,$5749,$1228,$31752,$-21036,$0,$0,$5319,$-5312,$6,$-6591,$-27620,$7048,$2539,$9588,$-6547,$-6547,$-5935,$-595,$-3489,$518,$0,$-5935
7,2016-12-31,111.55,$113.23,0.99,$162.43,0.69,$17.21,6.48,$11.15,10.0,$156.75B,$155.37B,1.01,$90.91B,$164.73B,0.55,$249.98B,$45.66B,18.26%,$249.98B,$19.44B,7.78%,$249.98B,$19.44B,7.78%,$249.98B,$33.66B,13.47%,$249.98B,$21.25B,8.50%,$249.98B,$17.20B,6.88%,$17.20B,$169.18B,10.55%,$17.20B,$169.18B,10.55%,$17.20B,$442.63B,4.10%,$19.44B,$260.09B,7.82%,$65175,$54903,$10272,$0,$6237,$61140,$4035,$1370,$5405,$1567,$3838,$4663,$4476,$7326,$4035,$1508,1525,$2.97,$2.94,$48242,$20353,$0,$156751,$93814,$98227,$0,$9518,$285875,$442626,$155370,$90908,$9276,$122524,$273446,$3653,$158291,$6638,$169180,$442626,$13771,$10808,$-948,$9859,$0,$0,$0,$-3746,$-3746,$19884,$-15339,$0,$0,$4433,$-3766,$667,$-5193,$-19865,$3435,$5153,$8587,$-5613,$-5613,$-5871,$-573,$-3470,$-3576,$0,$-5871
8,2016-09-30,110.47,$113.83,0.97,$157.93,0.7,$18.65,5.92,$11.50,9.61,$153.40B,$147.18B,1.04,$85.32B,$166.20B,0.51,$244.99B,$47.30B,19.31%,$244.99B,$21.33B,8.71%,$244.99B,$21.33B,8.71%,$244.99B,$35.91B,14.66%,$244.99B,$22.22B,9.07%,$244.99B,$17.88B,7.30%,$17.88B,$170.93B,11.24%,$17.88B,$170.93B,11.24%,$17.88B,$429.01B,4.37%,$21.33B,$256.25B,8.80%,$63518,$52052,$11466,$0,$6815,$58866,$4651,$243,$4895,$1638,$3257,$4026,$3858,$8613,$4651,$1517,1531,$2.54,$2.52,$51528,$20169,$0,$153401,$91031,$97439,$0,$8995,$275605,$429006,$147179,$85319,$9266,$115631,$258072,$3891,$170533,$-1010,$170934,$429006,$9702,$7517,$-703,$6814,$0,$0,$0,$-1087,$-1087,$15429,$-11313,$0,$0,$6847,$-3489,$3358,$-2187,$-10142,$-308,$3468,$3159,$-4955,$-4955,$-3287,$-470,$-5552,$-1690,$0,$-3287
9,2016-06-30,93.76,$107.70,0.87,$153.11,0.61,$18.31,5.12,$12.15,7.72,$154.31B,$143.13B,1.08,$84.35B,$157.69B,0.54,$239.73B,$48.57B,20.26%,$239.73B,$23.46B,9.79%,$239.73B,$23.46B,9.79%,$239.73B,$37.38B,15.59%,$239.73B,$24.13B,10.06%,$239.73B,$19.03B,7.94%,$19.03B,$162.17B,12.37%,$19.03B,$162.17B,12.37%,$19.03B,$414.08B,4.74%,$23.46B,$246.52B,9.90%,$61279,$49097,$12182,$0,$6209,$55306,$5973,$324,$6297,$1747,$4550,$5387,$5138,$9528,$5973,$1525,1542,$3.37,$3.33,$55772,$18214,$0,$154309,$86496,$90083,$0,$9080,$259767,$414077,$143128,$84350,$8806,$113256,$251911,$3693,$158194,$-715,$162166,$414077,$5387,$3555,$-456,$3100,$0,$0,$0,$2471,$2471,$10957,$-5923,$0,$0,$3231,$-2209,$1022,$-295,$-5196,$860,$2371,$3231,$-1370,$-1370,$-3119,$-271,$-1530,$3114,$0,$-3119
10,2016-03-31,99.7,$98.85,1.01,$149.78,0.67,$16.80,5.93,$12.20,8.17,$151.14B,$133.83B,1.13,$81.11B,$146.15B,0.56,$235.75B,$48.12B,20.41%,$235.75B,$23.69B,10.05%,$235.75B,$23.69B,10.05%,$235.75B,$37.18B,15.77%,$235.75B,$24.76B,10.50%,$235.75B,$19.20B,8.14%,$19.20B,$150.13B,12.76%,$19.20B,$150.13B,12.76%,$19.20B,$393.65B,4.82%,$23.69B,$231.24B,10.15%,$60009,$48271,$11738,$0,$6957,$55227,$4781,$-133,$4648,$1248,$3401,$3937,$3730,$8195,$4781,$1560,1560,$2.83,$2.87,$45508,$17111,$0,$151139,$80845,$83593,$0,$6061,$242510,$393649,$133833,$81108,$8065,$113666,$243517,$3296,$139392,$5069,$150132,$393649,$20204,$13494,$-710,$12785,$-209,$-572,$999,$3864,$4036,$37025,$-24114,$0,$0,$-8816,$10112,$1297,$-3597,$-26415,$5558,$-90,$5468,$-2517,$-2517,$-5859,$-607,$-3516,$5435,$0,$-5859
11,2015-12-31,113.27,$99.36,1.14,$148.76,0.76,$15.28,7.41,$12.18,9.3,$149.07B,$135.24B,1.1,$83.24B,$148.81B,0.56,$234.92B,$47.48B,20.21%,$234.92B,$24.11B,10.26%,$234.92B,$24.11B,10.26%,$234.92B,$38.06B,16.20%,$234.92B,$24.35B,10.36%,$234.92B,$19.03B,8.10%,$19.03B,$152.73B,12.44%,$19.03B,$152.73B,12.44%,$19.03B,$401.17B,4.66%,$24.11B,$235.97B,10.11%,$60187,$48273,$11914,$0,$5992,$54264,$5923,$455,$6378,$1808,$4570,$5440,$5149,$9569,$5923,$1554,1574,$3.31,$3.27,$42748,$17259,$0,$149072,$80764,$87484,$0,$8397,$252096,$401169,$135238,$83235,$7660,$117118,$248437,$3256,$134232,$11041,$152732,$401169,$16267,$10081,$-432,$9649,$0,$0,$0,$-777,$-777,$25140,$-18187,$0,$0,$-5942,$3938,$-2004,$-3920,$-24111,$6513,$1535,$8047,$-586,$-586,$-5789,$-599,$1073,$1654,$0,$-5789
12,2015-09-30,107.97,$96.64,1.12,$150.43,0.72,$14.01,7.71,$12.06,8.95,$154.37B,$135.13B,1.14,$83.65B,$146.54B,0.57,$237.83B,$48.34B,20.33%,$237.83B,$24.90B,10.47%,$237.83B,$24.90B,10.47%,$237.83B,$37.93B,15.95%,$237.83B,$25.42B,10.69%,$237.83B,$19.16B,8.06%,$19.16B,$150.45B,12.56%,$19.16B,$150.45B,12.56%,$19.16B,$398.31B,4.66%,$24.90B,$234.10B,10.41%,$58251,$45513,$12738,$0,$5954,$51467,$6785,$20,$6805,$2037,$4768,$5266,$5016,$10091,$6785,$1570,1589,$2.80,$2.80,$45720,$18001,$0,$154366,$78817,$81797,$0,$8407,$243946,$398312,$135130,$83647,$7736,$116642,$247858,$3256,$134925,$9126,$150454,$398312,$10828,$6435,$-272,$6163,$0,$0,$0,$-939,$-939,$16052,$-12319,$0,$0,$-8407,$5451,$-2956,$-2406,$-17681,$5381,$1888,$7269,$1879,$1879,$-3225,$-484,$5438,$3332,$0,$-3225
13,2015-06-30,121.41,$94.16,1.29,$153.65,0.79,$14.60,8.32,$11.90,10.2,$149.01B,$137.32B,1.09,$84.09B,$148.17B,0.57,$242.50B,$48.11B,19.84%,$242.50B,$24.44B,10.08%,$242.50B,$24.44B,10.08%,$242.50B,$37.30B,15.38%,$242.50B,$25.69B,10.59%,$242.50B,$19.32B,7.97%,$19.32B,$148.17B,12.56%,$19.32B,$148.17B,12.56%,$19.32B,$400.34B,4.64%,$24.44B,$232.27B,10.13%,$57299,$45569,$11730,$0,$5531,$51100,$6199,$732,$6931,$2197,$4734,$5561,$5300,$9328,$6199,$1573,1574,$3.37,$3.37,$40194,$18055,$0,$149013,$79537,$86050,$0,$7948,$251323,$400336,$137321,$84093,$3958,$114841,$252162,$3256,$129929,$13444,$148174,$400336,$5561,$3129,$-310,$2819,$0,$0,$0,$832,$832,$9212,$-6451,$0,$0,$-4404,$3772,$-632,$-1559,$-8642,$2706,$-6,$2700,$16,$16,$-3225,$-233,$-742,$25,$0,$-3225
14,2015-03-31,126.99,$102.07,1.24,$156.82,0.81,$14.54,8.73,$12.14,10.46,$163.22B,$149.53B,1.09,$91.13B,$160.59B,0.57,$247.83B,$49.08B,19.80%,$247.83B,$25.03B,10.10%,$247.83B,$25.03B,10.10%,$247.83B,$37.85B,15.27%,$247.83B,$26.33B,10.62%,$247.83B,$19.78B,7.98%,$19.78B,$160.59B,12.79%,$19.78B,$160.59B,12.79%,$19.78B,$434.34B,4.73%,$25.03B,$251.72B,10.34%,$59182,$48087,$11095,$0,$5895,$53983,$5200,$-966,$4233,$734,$3499,$3944,$3562,$9067,$5200,$1579,1580,$2.26,$2.26,$47465,$19452,$0,$163221,$84591,$93945,$0,$8430,$271120,$434341,$149527,$91131,$4166,$124224,$273751,$3613,$141887,$13446,$160591,$434341,$21002,$12823,$-2051,$10771,$-632,$-1556,$1366,$4103,$1041,$33540,$-22865,$0,$0,$-1032,$-4653,$-5685,$-6153,$-34703,$14258,$-2627,$11630,$-3165,$-3165,$-5050,$-631,$2785,$2215,$0,$-5050
15,2014-12-31,113.91,$95.83,1.19,$160.02,0.71,$18.83,6.05,$11.60,9.82,$149.75B,$141.47B,1.06,$87.85B,$150.73B,0.58,$253.09B,$50.12B,19.80%,$253.09B,$24.07B,9.51%,$253.09B,$24.07B,9.51%,$253.09B,$36.39B,14.38%,$253.09B,$26.14B,10.33%,$253.09B,$19.09B,7.54%,$19.09B,$150.73B,12.51%,$19.09B,$150.73B,12.51%,$19.09B,$411.16B,4.62%,$24.07B,$238.58B,10.08%,$63096,$50317,$12780,$0,$6066,$56383,$6713,$736,$7449,$2606,$4843,$5592,$5280,$9446,$6713,$1581,1581,$3.34,$3.34,$39957,$18777,$0,$149746,$79285,$91008,$0,$7296,$261409,$411156,$141469,$87851,$4174,$118959,$260428,$3494,$132388,$13703,$150728,$411156,$15989,$8955,$-635,$8320,$0,$0,$0,$-3739,$-3739,$20571,$-15593,$0,$0,$712,$476,$1188,$-5463,$-19868,$9102,$745,$9848,$-3117,$-3117,$-4883,$-609,$1238,$3142,$0,$-4883
16,2014-09-30,106.69,$98.26,1.09,$161.71,0.66,$24.46,4.36,$11.72,9.1,$156.08B,$146.90B,1.06,$86.39B,$155.87B,0.55,$255.85B,$49.72B,19.43%,$255.85B,$23.36B,9.13%,$255.85B,$23.36B,9.13%,$255.85B,$36.08B,14.10%,$255.85B,$25.49B,9.96%,$255.85B,$19.06B,7.45%,$19.06B,$155.87B,12.53%,$19.06B,$155.87B,12.53%,$19.06B,$420.33B,4.63%,$23.36B,$242.26B,9.82%,$62927,$50423,$12504,$0,$6176,$56599,$6328,$750,$7079,$2243,$4836,$5417,$5175,$9455,$6328,$1578,1578,$3.28,$3.28,$44078,$19804,$0,$156079,$79785,$92821,$0,$7295,$264248,$420327,$146902,$86389,$4382,$117554,$264456,$3812,$140945,$8511,$155871,$420327,$11342,$6223,$-518,$5705,$0,$0,$0,$-1195,$-1195,$15853,$-11218,$0,$0,$733,$-780,$-47,$-4173,$-15439,$7650,$-790,$6861,$-1612,$-1612,$-3043,$-485,$1721,$2574,$0,$-3043
17,2014-06-30,108.62,$95.58,1.14,$161.95,0.67,$28.37,3.83,$11.52,9.43,$152.63B,$140.34B,1.09,$84.65B,$151.49B,0.56,$256.37B,$49.15B,19.17%,$256.37B,$23.01B,8.98%,$256.37B,$23.01B,8.98%,$256.37B,$35.71B,13.93%,$256.37B,$24.66B,9.62%,$256.37B,$18.31B,7.14%,$18.31B,$151.49B,12.33%,$18.31B,$151.49B,12.33%,$18.31B,$406.27B,4.54%,$23.01B,$236.14B,9.87%,$62629,$49933,$12696,$0,$5907,$55840,$6789,$775,$7564,$2548,$5016,$6048,$5760,$9886,$6789,$1582,1582,$3.64,$3.64,$42797,$19334,$0,$152628,$76103,$90083,$0,$7204,$253638,$406266,$140335,$84653,$4166,$114440,$254775,$3891,$139823,$4917,$151491,$406266,$6048,$3097,$-553,$2544,$0,$0,$0,$-11,$-11,$8581,$-5890,$0,$0,$722,$369,$1091,$-2041,$-6840,$4992,$-1832,$3160,$3,$3,$-3106,$-289,$-233,$1312,$0,$-3106
18,2014-03-31,102.49,$96.03,1.07,$162.21,0.63,$30.49,3.36,$11.49,8.92,$157.18B,$146.81B,1.07,$85.47B,$152.19B,0.56,$256.92B,$48.91B,19.04%,$256.92B,$22.92B,8.92%,$256.92B,$22.92B,8.92%,$256.92B,$35.43B,13.79%,$256.92B,$24.41B,9.50%,$256.92B,$18.23B,7.10%,$18.23B,$152.19B,12.59%,$18.23B,$152.19B,12.59%,$18.23B,$414.38B,4.61%,$22.92B,$237.66B,10.04%,$64440,$52301,$12139,$0,$7903,$60204,$4236,$-184,$4052,$1185,$2867,$3554,$2870,$7601,$4236,$1585,1585,$1.80,$1.80,$42683,$18947,$0,$157177,$76413,$91948,$0,$7364,$257198,$414375,$146807,$85469,$4114,$115378,$262185,$3971,$141163,$5282,$152190,$414375,$19916,$12509,$-2694,$9814,$-1219,$-1108,$653,$2000,$4711,$36460,$-18952,$0,$0,$-1010,$-14123,$-15134,$-9277,$-43362,$9014,$4680,$13694,$92,$92,$-3960,$-631,$9195,$3229,$0,$-3960
19,2013-12-31,108.75,$93.92,1.16,$143.11,0.76,$26.50,4.1,$11.80,9.22,$147.96B,$140.98B,1.05,$86.13B,$148.84B,0.58,$226.61B,$43.71B,19.29%,$226.61B,$22.45B,9.91%,$226.61B,$22.45B,9.91%,$226.61B,$34.11B,15.05%,$226.61B,$23.65B,10.43%,$226.61B,$17.45B,7.70%,$17.45B,$148.84B,12.40%,$17.45B,$148.84B,12.40%,$17.45B,$405.18B,4.52%,$22.45B,$234.96B,10.10%,$65850,$53472,$12379,$0,$6373,$59845,$6005,$784,$6790,$2077,$4712,$5605,$5255,$9137,$6005,$1583,1583,$3.32,$3.32,$35731,$18891,$0,$147962,$75398,$93298,$0,$5887,$257219,$405181,$140977,$86129,$3392,$115369,$256347,$3971,$138193,$5678,$148835,$405181,$16256,$9143,$-1096,$8047,$0,$0,$0,$2967,$2967,$27270,$-13369,$0,$0,$-1432,$-9389,$-10821,$-9227,$-33417,$6265,$4796,$11061,$-551,$-551,$-3960,$0,$6550,$1251,$0,$-3960
20,2013-09-30,114.2,$89.34,1.28,$140.30,0.81,$23.49,4.86,$9.21,12.4,$147.28B,$135.07B,1.09,$82.09B,$141.55B,0.58,$222.19B,$39.65B,17.85%,$222.19B,$17.88B,8.05%,$222.19B,$17.88B,8.05%,$222.19B,$29.03B,13.07%,$222.19B,$18.37B,8.27%,$222.19B,$13.35B,6.01%,$13.35B,$141.55B,9.70%,$13.35B,$141.55B,9.70%,$13.35B,$386.29B,3.54%,$17.88B,$223.64B,8.27%,$63450,$51513,$11937,$0,$5956,$57470,$5980,$275,$6256,$2293,$3962,$4658,$4428,$9086,$5980,$1581,1581,$2.80,$2.80,$39165,$19043,$0,$147282,$72239,$84253,$0,$5764,$239010,$386292,$135069,$82090,$3654,$109671,$244740,$4010,$136348,$491,$141552,$386292,$10758,$6011,$-1099,$4912,$0,$0,$0,$4198,$4198,$19868,$-9049,$0,$0,$-267,$-10157,$-10425,$-6251,$-25725,$3795,$4311,$8106,$-384,$-384,$-1919,$0,$5803,$253,$0,$-1919
21,2013-06-30,106.66,$86.39,1.23,$144.20,0.74,$21.85,4.88,$8.43,12.65,$145.14B,$131.69B,1.1,$79.90B,$136.86B,0.58,$228.41B,$38.40B,16.81%,$228.41B,$16.29B,7.13%,$228.41B,$16.29B,7.13%,$228.41B,$27.76B,12.15%,$228.41B,$17.00B,7.44%,$228.41B,$12.25B,5.36%,$12.25B,$136.86B,8.84%,$12.25B,$136.86B,8.84%,$12.25B,$375.40B,3.24%,$16.29B,$216.77B,7.56%,$63179,$50725,$12454,$0,$5754,$56479,$6700,$614,$7314,$2122,$5192,$6100,$5678,$9606,$6700,$1586,1586,$3.58,$3.58,$36681,$18817,$0,$145138,$71274,$78879,$0,$5818,$230262,$375400,$131685,$79903,$3412,$106852,$238537,$4010,$131920,$167,$136862,$375400,$6100,$2905,$-901,$2004,$0,$0,$0,$2292,$2292,$10396,$-4332,$0,$0,$338,$-6268,$-5930,$-2962,$-13224,$3088,$-435,$2653,$-191,$-191,$-1919,$0,$543,$-1939,$0,$-1919
22,2013-03-31,90.73,$85.75,1.06,$148.32,0.61,$21.17,4.29,$7.19,12.62,$146.57B,$137.29B,1.07,$78.02B,$135.81B,0.57,$234.60B,$36.40B,15.51%,$234.60B,$14.05B,5.99%,$234.60B,$14.05B,5.99%,$234.60B,$25.80B,11.00%,$234.60B,$14.93B,6.36%,$234.60B,$10.23B,4.36%,$10.23B,$135.81B,7.35%,$10.23B,$135.81B,7.35%,$10.23B,$377.28B,2.70%,$14.05B,$213.83B,6.55%,$34126,$27188,$6938,$0,$3176,$30364,$3762,$-476,$3286,$1128,$2158,$2370,$2091,$6285,$3762,$1584,1584,$1.32,$1.32,$34776,$18243,$0,$146570,$72847,$77404,$0,$6059,$230711,$377281,$137294,$78020,$3276,$104178,$241472,$4222,$134920,$-3787,$135809,$377281,$11520,$11750,$-321,$11429,$-1789,$537,$-2225,$2478,$-764,$26064,$-14901,$0,$0,$36,$-7732,$-7696,$-9591,$-32188,$5413,$2139,$7552,$-458,$-458,$-2020,$0,$5074,$416,$0,$-2020
23,2012-12-31,81.44,$86.19,0.94,$165.81,0.49,$17.14,4.75,$6.00,13.57,$141.53B,$137.23B,1.03,$74.19B,$136.47B,0.54,$261.69B,$37.73B,14.42%,$261.69B,$13.04B,4.98%,$261.69B,$13.04B,4.98%,$261.69B,$25.07B,9.58%,$261.69B,$14.32B,5.47%,$261.69B,$9.49B,3.62%,$9.49B,$136.47B,6.83%,$9.49B,$136.47B,6.83%,$9.49B,$371.41B,2.51%,$13.04B,$210.67B,6.12%,$61432,$53108,$8324,$0,$6883,$59991,$1441,$75,$1516,$778,$738,$1410,$1154,$4057,$1441,$1583,1583,$0.72,$0.72,$31989,$18755,$0,$141529,$73934,$77035,$0,$5307,$229885,$371414,$137232,$74193,$3192,$97708,$234940,$4586,$142934,$-10701,$136474,$371414,$8427,$9227,$-931,$8296,$0,$0,$0,$3446,$3446,$20169,$-11021,$0,$0,$-221,$-6914,$-7135,$-9021,$-27177,$-363,$4751,$4388,$-511,$-511,$-2194,$0,$1683,$-5056,$0,$-2194
24,2012-09-30,68.56,$91.68,0.75,$166.69,0.41,$12.24,5.6,$5.99,11.45,$154.14B,$144.84B,1.06,$75.71B,$145.17B,0.52,$262.84B,$37.26B,14.17%,$262.84B,$13.52B,5.14%,$262.84B,$13.52B,5.14%,$262.84B,$26.32B,10.01%,$262.84B,$15.36B,5.84%,$262.84B,$9.37B,3.57%,$9.37B,$145.17B,6.75%,$9.37B,$145.17B,6.75%,$9.37B,$387.90B,2.48%,$13.52B,$220.88B,6.39%,$69675,$58988,$10687,$0,$6298,$65286,$4389,$499,$4888,$1880,$3008,$3685,$3324,$7808,$4389,$1583,1583,$2.10,$2.10,$39494,$20193,$0,$154141,$77759,$77834,$0,$6046,$233754,$387895,$144840,$75706,$1729,$97884,$242724,$5117,$159412,$-18597,$145171,$387895,$7829,$6611,$-605,$6006,$0,$0,$0,$2139,$2139,$15974,$-7735,$0,$0,$613,$-4274,$-3661,$-6144,$-17540,$-1699,$5448,$3749,$-355,$-355,$-1224,$0,$2170,$-177,$0,$-1224
25,2012-06-30,69.7,$87.81,0.79,$160.22,0.43,$7.44,9.37,$4.63,15.05,$152.66B,$145.05B,1.05,$72.95B,$139.04B,0.53,$252.85B,$33.39B,13.20%,$252.85B,$10.12B,4.00%,$252.85B,$10.12B,4.00%,$252.85B,$23.13B,9.15%,$252.85B,$11.50B,4.55%,$252.85B,$7.10B,2.81%,$7.10B,$139.04B,5.18%,$7.10B,$139.04B,5.18%,$7.10B,$378.64B,1.90%,$10.12B,$211.99B,4.86%,$69368,$58919,$10449,$0,$5996,$64915,$4453,$782,$5235,$2080,$3155,$4055,$3661,$7645,$4453,$1578,1578,$2.32,$2.32,$38565,$20499,$0,$152662,$76485,$74276,$0,$6014,$225976,$378638,$145048,$72945,$1679,$94546,$239594,$5006,$152722,$-17851,$139044,$378638,$4055,$3192,$-607,$2585,$0,$0,$0,$2220,$2220,$8860,$-3904,$0,$0,$500,$-2373,$-1873,$-3050,$-8827,$-793,$3422,$2629,$-212,$-212,$-1198,$0,$1219,$619,$0,$-1198
26,2012-03-31,75.19,$85.03,0.88,$143.67,0.52,$4.92,15.29,$2.30,32.69,$149.91B,$143.35B,1.05,$73.52B,$134.65B,0.55,$226.11B,$26.71B,11.81%,$226.11B,$4.33B,1.91%,$226.11B,$4.33B,1.91%,$226.11B,$17.32B,7.66%,$226.11B,$5.27B,2.33%,$226.11B,$3.45B,1.53%,$3.45B,$134.65B,2.54%,$3.45B,$134.65B,2.54%,$3.45B,$372.93B,0.93%,$4.33B,$208.16B,2.09%,$61214,$52948,$8266,$0,$5510,$58458,$2756,$-77,$2679,$1569,$1110,$1788,$1346,$5562,$2756,$1568,1568,$0.87,$0.87,$35778,$19738,$0,$149911,$75865,$72692,$0,$5607,$223017,$372928,$143346,$73516,$1744,$94937,$238283,$4831,$144994,$-14343,$134645,$372928,$4481,$12992,$-944,$12048,$-7123,$-4197,$9203,$3005,$1143,$17672,$-12947,$0,$0,$2555,$-3857,$-1302,$-3304,$-17553,$-5751,$3792,$-1959,$-456,$-456,$-1908,$0,$-4323,$-4885,$0,$-1908
27,2011-12-31,56.8,$87.00,0.65,$142.16,0.4,$8.60,6.6,$1.53,37.13,$146.69B,$143.73B,1.02,$69.52B,$136.40B,0.51,$223.57B,$24.96B,11.16%,$223.57B,$2.27B,1.01%,$223.57B,$2.27B,1.01%,$223.57B,$15.79B,7.06%,$223.57B,$3.26B,1.46%,$223.57B,$2.53B,1.13%,$2.53B,$136.40B,1.88%,$2.53B,$136.40B,1.88%,$2.53B,$369.97B,0.69%,$2.27B,$205.92B,1.09%,$62583,$54729,$7854,$0,$5929,$60658,$1925,$629,$2554,$1962,$592,$1308,$1041,$5307,$1925,$1577,1577,$0.66,$0.66,$37711,$18856,$0,$146689,$75548,$71949,$0,$8133,$223284,$369973,$143730,$69521,$1801,$89846,$233576,$5107,$152321,$-18757,$136397,$369973,$2676,$10186,$-1003,$9183,$0,$0,$0,$-1945,$-1945,$9914,$-8527,$0,$0,$198,$-2947,$-2749,$-2667,$-13943,$-6026,$7053,$1027,$-416,$-416,$-2017,$0,$-1406,$-7038,$0,$-2017
28,2011-09-30,58.63,$88.05,0.67,$139.42,0.42,$12.30,4.77,$1.58,37.11,$146.72B,$142.63B,1.03,$69.03B,$138.05B,0.5,$218.33B,$24.20B,11.09%,$218.33B,$1.56B,0.71%,$218.33B,$1.56B,0.71%,$218.33B,$15.52B,7.11%,$218.33B,$2.30B,1.05%,$218.33B,$2.64B,1.21%,$2.64B,$138.05B,1.97%,$2.64B,$138.05B,1.97%,$2.64B,$370.35B,0.73%,$1.56B,$207.07B,0.74%,$59685,$52866,$6819,$0,$5836,$58702,$983,$49,$1032,$195,$837,$1350,$1049,$4613,$983,$1589,1589,$0.66,$0.66,$39854,$18648,$0,$146719,$77015,$70991,$0,$8321,$223634,$370353,$142630,$69026,$1918,$89675,$232305,$5180,$154248,$-18880,$138048,$370353,$1387,$6804,$-1048,$5756,$0,$0,$0,$-759,$-759,$6384,$-5737,$0,$0,$-815,$546,$-269,$678,$-5328,$-5590,$3653,$-1937,$-374,$-374,$-1227,$0,$-3538,$-4236,$0,$-1227
29,2011-06-30,70.32,$85.38,0.82,$138.89,0.51,$16.79,4.19,$1.68,41.86,$143.81B,$133.63B,1.08,$74.51B,$133.87B,0.56,$215.99B,$24.13B,11.17%,$215.99B,$1.90B,0.88%,$215.99B,$1.90B,0.88%,$215.99B,$15.90B,7.36%,$215.99B,$2.80B,1.30%,$215.99B,$2.77B,1.28%,$2.77B,$133.87B,2.10%,$2.77B,$133.87B,2.10%,$2.77B,$362.75B,0.77%,$1.90B,$208.37B,0.90%,$42624,$38856,$3768,$0,$5105,$43961,$-1337,$339,$-998,$-535,$-463,$35,$14,$1837,$-1337,$1556,1556,$0.01,$0.01,$43231,$17141,$0,$143813,$76335,$65654,$0,$8564,$218938,$362751,$133628,$74506,$2172,$95255,$228883,$4918,$145457,$-14151,$133868,$362751,$35,$3174,$-843,$2331,$0,$0,$0,$1552,$1552,$3918,$-2957,$0,$0,$750,$1878,$2628,$839,$510,$-4023,$1956,$-2067,$-240,$-240,$-1165,$0,$-3472,$635,$0,$-1165
30,2011-03-31,68.47,$83.76,0.82,$146.78,0.47,$19.68,3.48,$3.01,22.75,$142.27B,$129.78B,1.1,$77.56B,$131.33B,0.59,$228.43B,$28.60B,12.52%,$228.43B,$5.63B,2.47%,$228.43B,$5.63B,2.47%,$228.43B,$19.77B,8.65%,$228.43B,$6.77B,2.97%,$228.43B,$4.91B,2.15%,$4.91B,$131.33B,3.82%,$4.91B,$131.33B,3.82%,$4.91B,$358.61B,1.40%,$5.63B,$208.89B,2.70%,$58675,$52155,$6520,$0,$5826,$57981,$694,$-23,$671,$648,$23,$480,$430,$4033,$694,$1563,1563,$0.26,$0.26,$42214,$15685,$0,$142270,$75877,$64925,$0,$7959,$216337,$358607,$129778,$77561,$2162,$97500,$227278,$4775,$142341,$-13767,$131329,$358607,$5598,$14138,$-1256,$12882,$5068,$623,$-4885,$3339,$3656,$24342,$-13868,$0,$0,$2136,$-8491,$-6355,$-5229,$-25452,$5313,$1951,$7264,$-344,$-344,$-1697,$0,$5223,$2585,$0,$-1697
31,2010-12-31,66.53,$84.59,0.79,$145.03,0.46,$24.24,2.74,$3.61,18.43,$144.84B,$122.80B,1.18,$82.29B,$132.63B,0.62,$225.67B,$29.82B,13.21%,$225.67B,$5.86B,2.60%,$225.67B,$5.86B,2.60%,$225.67B,$20.50B,9.08%,$225.67B,$7.40B,3.28%,$225.67B,$5.64B,2.50%,$5.64B,$132.63B,4.51%,$5.64B,$132.63B,4.51%,$5.64B,$358.75B,1.64%,$5.86B,$214.92B,2.86%,$57346,$50251,$7095,$0,$5879,$56130,$1216,$375,$1591,$806,$785,$1361,$1149,$5033,$1216,$1553,1553,$0.74,$0.74,$43159,$16856,$0,$144836,$75996,$62005,$0,$9198,$213912,$358748,$122801,$82293,$2594,$103319,$226120,$4872,$144929,$-14983,$132628,$358748,$5362,$10799,$-331,$10468,$0,$0,$0,$1777,$1777,$17607,$-10508,$0,$0,$2246,$-8341,$-6095,$-4269,$-20872,$4574,$1530,$6104,$-351,$-351,$-1732,$0,$4021,$-1060,$0,$-1732
32,2010-09-30,60.56,$82.09,0.74,$144.70,0.42,$29.54,2.05,$1.73,35.01,$145.47B,$119.39B,1.22,$83.24B,$128.72B,0.65,$225.79B,$30.67B,13.58%,$225.79B,$6.70B,2.97%,$225.79B,$6.70B,2.97%,$225.79B,$21.27B,9.42%,$225.79B,$8.25B,3.65%,$225.79B,$6.15B,2.72%,$6.15B,$128.72B,5.09%,$6.15B,$128.72B,5.09%,$6.15B,$351.20B,1.84%,$6.70B,$211.96B,3.37%,$57345,$50603,$6742,$0,$5412,$56015,$1330,$210,$1540,$924,$616,$1377,$1177,$5000,$1330,$1549,1549,$0.76,$0.76,$46906,$16457,$0,$145472,$75638,$56665,$0,$8541,$205730,$351202,$119388,$83241,$2543,$103097,$222485,$4737,$140532,$-14253,$128717,$351202,$3890,$6982,$-531,$6451,$0,$0,$0,$4283,$4283,$14624,$-7042,$0,$0,$1159,$-7016,$-5857,$-2380,$-15279,$8298,$-4479,$3819,$-224,$-224,$-935,$0,$2660,$640,$0,$-935
33,2010-06-30,57.64,$77.44,0.74,$140.96,0.41,$33.19,1.74,$1.12,51.47,$144.68B,$118.07B,1.23,$78.30B,$121.43B,0.65,$218.79B,$29.67B,13.56%,$218.79B,$6.01B,2.75%,$218.79B,$6.01B,2.75%,$218.79B,$21.04B,9.62%,$218.79B,$7.55B,3.45%,$218.79B,$5.22B,2.38%,$5.22B,$121.43B,4.43%,$5.22B,$121.43B,4.43%,$5.22B,$336.59B,1.60%,$6.01B,$199.73B,3.09%,$55061,$46814,$8247,$0,$5855,$52669,$2392,$580,$2972,$1384,$1588,$2380,$2153,$5704,$2392,$1560,1560,$1.38,$1.38,$46248,$15963,$0,$144679,$72829,$48830,$0,$7995,$191912,$336591,$118066,$78300,$2723,$97093,$215159,$4487,$132015,$-12801,$121432,$336591,$2380,$3312,$-330,$2982,$0,$0,$0,$3308,$3308,$8670,$-3196,$0,$0,$-1869,$1617,$-252,$-1933,$-5381,$4393,$254,$4647,$-140,$-140,$-886,$0,$3621,$5998,$0,$-886
34,2010-03-31,67.6,$74.92,0.9,$131.28,0.51,$31.83,2.12,$-0.74,0.0,$140.52B,$114.86B,1.22,$75.40B,$117.48B,0.64,$203.69B,$24.37B,11.96%,$203.69B,$1.59B,0.78%,$203.69B,$1.59B,0.78%,$203.69B,$16.79B,8.24%,$203.69B,$3.13B,1.54%,$203.69B,$2.25B,1.11%,$2.25B,$117.48B,1.96%,$2.25B,$117.48B,1.96%,$2.25B,$326.20B,0.71%,$1.59B,$192.88B,0.84%,$55919,$48185,$7734,$0,$6814,$54999,$920,$377,$1297,$301,$996,$1467,$1156,$4760,$920,$1563,1563,$0.74,$0.74,$43547,$15288,$0,$140516,$72129,$44450,$0,$7857,$185680,$326196,$114856,$75402,$2422,$93859,$208715,$4268,$124340,$-9102,$117481,$326196,$2625,$15204,$1414,$16618,$0,$603,$6978,$-2858,$5821,$27499,$-9889,$0,$0,$-3627,$-14020,$-17647,$-3098,$-30634,$2581,$-3605,$-1024,$-110,$-110,$-1854,$0,$-2988,$-6218,$0,$-1854
35,2009-12-31,69.82,$73.89,0.94,$121.14,0.58,$18.80,3.71,$-2.23,0.0,$134.32B,$113.08B,1.19,$75.09B,$115.86B,0.65,$187.91B,$16.86B,8.97%,$187.91B,$-5.58B,-2.97%,$187.91B,$-5.58B,-2.97%,$187.91B,$8.82B,4.69%,$187.91B,$-6.80B,-3.62%,$187.91B,$-6.22B,-3.31%,$-6.22B,$115.86B,-5.59%,$-6.22B,$115.86B,-5.59%,$-6.22B,$320.87B,-2.01%,$-5.58B,$190.94B,-3.06%,$57469,$49521,$7948,$0,$5895,$55416,$2053,$389,$2442,$1256,$1186,$1820,$1664,$5807,$2053,$1570,1570,$1.06,$1.06,$42154,$15381,$0,$134322,$73494,$43927,$0,$7276,$186552,$320874,$113078,$75085,$2225,$91938,$205016,$4311,$124391,$-10454,$115858,$320874,$1114,$11364,$1995,$13359,$0,$0,$0,$7800,$7800,$22273,$-6778,$0,$0,$-3769,$-9895,$-13664,$-2804,$-23246,$2071,$-2403,$-332,$5,$5,$-1873,$0,$-2200,$-3352,$0,$-1873
36,2009-09-30,65.18,$74.22,0.88,$118.36,0.55,$6.09,10.71,$-2.03,0.0,$128.60B,$106.85B,1.2,$76.74B,$116.38B,0.66,$183.20B,$12.15B,6.63%,$183.20B,$-11.59B,-6.33%,$183.20B,$-11.59B,-6.33%,$183.20B,$4.08B,2.22%,$183.20B,$-12.34B,-6.74%,$183.20B,$-9.69B,-5.29%,$-9.69B,$116.38B,-8.65%,$-9.69B,$116.38B,-8.65%,$-9.69B,$316.36B,-3.12%,$-11.59B,$193.12B,-6.50%,$50344,$44608,$5736,$0,$5093,$49701,$643,$194,$837,$-63,$900,$246,$242,$4767,$643,$1513,1513,$0.16,$0.16,$39260,$16193,$0,$128598,$76142,$42563,$0,$7127,$187761,$316359,$106853,$76740,$2319,$93130,$199983,$4401,$125993,$-11431,$116376,$316359,$-720,$7610,$2114,$9724,$0,$0,$0,$8378,$8378,$17382,$-4458,$0,$0,$-729,$-1730,$-2459,$-829,$-7746,$3440,$-9065,$-5625,$6,$6,$-1217,$0,$-6836,$2309,$0,$-1217
37,2009-06-30,61.98,$70.43,0.88,$121.83,0.51,$-0.02,0.0,$-1.38,0.0,$121.92B,$110.59B,1.1,$68.38B,$110.43B,0.62,$190.55B,$14.28B,7.49%,$190.55B,$-10.60B,-5.56%,$190.55B,$-10.60B,-5.56%,$190.55B,$4.78B,2.51%,$190.55B,$-11.41B,-5.99%,$190.55B,$-8.58B,-4.50%,$-8.58B,$110.43B,-7.69%,$-8.58B,$110.43B,-7.69%,$-8.58B,$306.27B,-2.76%,$-10.60B,$178.81B,-6.13%,$39955,$37005,$2950,$0,$4980,$41985,$-2030,$587,$-1443,$-498,$-945,$-908,$-811,$1456,$-2030,$1560,1560,$-0.52,$-0.52,$32937,$15457,$0,$121924,$75335,$41876,$0,$7963,$184341,$306265,$110594,$68383,$2642,$85246,$195840,$4135,$118155,$-9542,$110425,$306265,$-908,$3486,$249,$3735,$0,$0,$0,$2994,$2994,$5821,$-2469,$0,$0,$-1007,$841,$-166,$195,$-2440,$1240,$-1100,$140,$2,$2,$-1143,$0,$-1001,$2552,$0,$-1143
38,2009-03-31,51.94,$65.32,0.8,$133.47,0.39,$0.03,1574.05,$1.39,37.37,$115.03B,$107.80B,1.07,$64.15B,$102.43B,0.63,$209.00B,$21.11B,10.10%,$209.00B,$-4.69B,-2.25%,$209.00B,$-4.69B,-2.25%,$209.00B,$10.53B,5.04%,$209.00B,$-5.71B,-2.73%,$209.00B,$-4.45B,-2.13%,$-4.45B,$102.43B,-3.94%,$-4.45B,$102.43B,-3.94%,$-4.45B,$295.86B,-1.41%,$-4.69B,$166.58B,-2.73%,$40139,$39915,$224,$0,$6469,$46384,$-6245,$-2389,$-8634,$-1927,$-6707,$-7312,$-7312,$-3211,$-6245,$1566,1566,$-4.66,$-4.66,$30386,$14857,$0,$115025,$75350,$40001,$0,$7198,$180832,$295857,$107801,$64150,$2989,$85631,$193432,$4042,$117394,$-11277,$102425,$295857,$-4448,$15221,$2689,$17910,$8057,$1958,$-8525,$-325,$-1399,$15035,$-17803,$0,$0,$1382,$8549,$9931,$-4652,$-12524,$8174,$4138,$12312,$-719,$-719,$-4479,$0,$7114,$8304,$0,$-4479
39,2008-12-31,53.12,$75.68,0.7,$107.84,0.49,$1.80,29.51,$2.09,25.42,$124.43B,$124.79B,1.0,$55.80B,$118.68B,0.47,$168.86B,$20.89B,12.37%,$168.86B,$1.55B,0.92%,$168.86B,$1.55B,0.92%,$168.86B,$13.74B,8.14%,$168.86B,$2.93B,1.73%,$168.86B,$2.86B,1.70%,$2.86B,$118.68B,2.51%,$2.86B,$118.68B,2.51%,$2.86B,$325.07B,0.91%,$1.55B,$174.48B,0.91%,$52761,$49517,$3244,$0,$7205,$56722,$-3961,$862,$-3099,$-1102,$-1997,$-1809,$-1809,$1064,$-3961,$1559,1559,$-1.16,$-1.16,$25141,$20420,$0,$124429,$79929,$48469,$0,$10600,$200640,$325069,$124787,$55800,$2969,$81605,$206392,$4362,$135091,$-12448,$118677,$325069,$3612,$12187,$1191,$13378,$0,$0,$0,$-4607,$-4607,$12383,$-16812,$0,$0,$1941,$6033,$7974,$-7445,$-16283,$-4538,$17014,$12476,$-775,$-775,$-4833,$0,$6868,$1109,$0,$-4833
40,2008-09-30,69.65,$73.46,0.95,$110.79,0.63,$4.64,15.01,$5.82,11.97,$119.94B,$120.49B,1.0,$57.20B,$115.16B,0.5,$174.80B,$76.35B,43.68%,$174.80B,$64.22B,36.74%,$174.80B,$64.22B,36.74%,$174.80B,$71.38B,40.84%,$174.80B,$64.74B,37.03%,$174.80B,$9.10B,5.20%,$9.10B,$115.16B,10.78%,$9.10B,$115.16B,10.78%,$9.10B,$317.65B,3.90%,$64.22B,$172.36B,50.55%,$57693,$49832,$7861,$0,$6225,$56057,$1636,$135,$1771,$813,$958,$1350,$1350,$5475,$1636,$1570,1570,$0.86,$0.86,$24954,$18937,$0,$119940,$76593,$49481,$0,$8719,$197706,$317646,$120493,$57198,$2301,$81994,$202487,$3834,$122292,$-3598,$115159,$317646,$4765,$7162,$-523,$6639,$0,$0,$0,$3212,$3212,$14616,$-10788,$0,$0,$1116,$1361,$2477,$-6147,$-14458,$-2548,$7420,$4872,$-674,$-674,$-2281,$0,$1917,$2144,$0,$-2281
41,2008-06-30,75.26,$73.12,1.03,$107.19,0.7,$6.58,11.44,$7.32,10.28,$121.59B,$121.97B,1.0,$58.71B,$115.14B,0.51,$170.15B,$121.53B,71.43%,$170.15B,$115.63B,67.95%,$170.15B,$115.63B,67.95%,$170.15B,$118.95B,69.91%,$170.15B,$116.01B,68.18%,$170.15B,$11.44B,6.72%,$11.44B,$115.14B,14.18%,$11.44B,$115.14B,14.18%,$11.44B,$321.23B,5.13%,$115.63B,$173.85B,94.56%,$58402,$48620,$9782,$0,$5905,$54525,$3877,$380,$4257,$1641,$2616,$3323,$3323,$7200,$3877,$1567,1567,$2.12,$2.12,$24340,$19412,$0,$121589,$75422,$52272,$0,$9027,$199643,$321232,$121971,$58714,$2319,$84123,$206094,$3731,$117703,$224,$115138,$321232,$3323,$3323,$-351,$2972,$0,$0,$0,$2470,$2470,$8765,$-5314,$0,$0,$-326,$404,$78,$-4293,$-9529,$-413,$5576,$5163,$-1,$-1,$-2219,$0,$2943,$2632,$0,$-2219
42,2007-09-30,92.28,$0.00,0.0,$104.47,0.88,$4.38,21.08,$7.47,12.35,$107.64B,$107.36B,1.0,$54.66B,$107.26B,0.51,$167.07B,$126.98B,76.01%,$167.07B,$121.63B,72.80%,$167.07B,$121.63B,72.80%,$167.07B,$121.63B,72.80%,$167.07B,$116.99B,70.02%,$167.07B,$11.95B,7.15%,$11.95B,$107.26B,15.76%,$11.95B,$107.26B,15.76%,$11.95B,$293.60B,5.74%,$121.63B,$161.93B,104.68%,$0,$0,$0,$0,$0,$0,$0,$0,$0,$0,$0,$0,$0,$0,$0,$0,0,$0.00,$0.00,$23299,$16609,$0,$107635,$71248,$51244,$0,$9266,$185969,$293604,$107364,$54664,$1665,$78978,$186342,$3440,$108146,$5412,$107262,$293604,$8164,$6535,$170,$6705,$0,$0,$0,$-345,$-345,$14524,$-10384,$0,$0,$-246,$-1920,$-2166,$-6170,$-18720,$4886,$3060,$7946,$-851,$-851,$-1939,$0,$5156,$964,$0,$-1939
43,2007-06-30,98.37,$0.00,0.0,$132.31,0.74,$4.38,22.47,$9.54,10.31,$0.00B,$0.00B,0.0,$0.00B,$0.00B,0.0,$212.35B,$172.26B,81.12%,$212.35B,$166.91B,78.60%,$212.35B,$166.91B,78.60%,$212.35B,$166.91B,78.60%,$212.35B,$162.27B,76.41%,$212.35B,$15.33B,7.22%,$15.33B,$0.00B,31.27%,$15.33B,$0.00B,31.27%,$15.33B,$0.00B,11.36%,$166.91B,$0.00B,220.46%,$58707,$0,$58707,$0,$0,$0,$58707,$0,$58707,$0,$58707,$4424,$4424,$58707,$58707,$1596,1596,$2.77,$2.77,$0,$0,$0,$0,$0,$0,$0,$0,$0,$0,$0,$0,$0,$0,$0,$0,$0,$0,$0,$0,$0,$0,$0,$0,$0,$0,$0,$0,$0,$0,$0,$0,$0,$0,$0,$0,$0,$0,$0,$0,$0,$0,$0,$0,$0,$0,$0,$0,$0
44,2007-03-31,100.15,$0.00,0.0,$127.00,0.79,$4.38,22.88,$8.84,11.33,$99.82B,$99.68B,1.0,$53.06B,$100.26B,0.53,$204.38B,$123.46B,60.40%,$204.38B,$112.82B,55.20%,$204.38B,$112.82B,55.20%,$204.38B,$112.82B,55.20%,$204.38B,$108.55B,53.11%,$204.38B,$14.25B,6.97%,$14.25B,$100.26B,19.64%,$14.25B,$100.26B,19.64%,$14.25B,$275.94B,7.14%,$112.82B,$153.32B,100.36%,$53042,$0,$53042,$0,$0,$0,$53042,$0,$53042,$0,$53042,$3688,$3688,$53042,$53042,$1600,1600,$2.31,$2.30,$20013,$15281,$9075,$99823,$148424,$32443,$0,$75394,$256261,$275941,$99680,$53059,$6500,$75998,$175678,$3363,$99659,$0,$100263,$275941,$13927,$11712,$0,$11712,$0,$0,$0,$0,$1221,$27431,$-20427,$0,$0,$0,$0,$-2509,$-9376,$-32312,$0,$2994,$9853,$0,$-2505,$-2873,$0,$7469,$2804,$0,$0
45,2006-12-31,104.11,$0.00,0.0,$124.16,0.84,$1.28,81.25,$8.67,12.01,$92.79B,$91.96B,1.01,$53.72B,$95.80B,0.56,$200.57B,$119.64B,59.65%,$200.57B,$109.00B,54.35%,$200.57B,$109.00B,54.35%,$200.57B,$109.00B,54.35%,$200.57B,$104.73B,52.22%,$200.57B,$14.02B,6.99%,$14.02B,$95.80B,20.04%,$14.02B,$95.80B,20.04%,$14.02B,$263.64B,7.31%,$109.00B,$149.52B,100.40%,$55319,$40087,$15232,$0,$5348,$45435,$9884,$1217,$5236,$2042,$3194,$3841,$3841,$9884,$9884,$1602,1602,$2.40,$2.40,$16489,$15475,$45452,$92787,$0,$56682,$0,$47051,$103733,$263643,$91955,$53716,$6756,$75887,$167842,$3375,$96260,$0,$95801,$263643,$0,$0,$0,$0,$0,$0,$0,$0,$0,$0,$0,$0,$0,$0,$0,$0,$0,$0,$0,$0,$0,$0,$0,$0,$0,$0,$0,$0,$0
