,Date,Stock Price,Book Value per Share,Price to Book Ratio,TTM Sales per Share,Price to Sales Ratio,TTM FCF per Share,Price to FCF Ratio,TTM Net EPS,PE Ratio,Current Assets,Current Liabilities,Current Ratio,Long Term Debt,Shareholder's Equity_x,Debt to Equity Ratio,TTM Revenue_x,TTM Gross Profit,Gross Margin,TTM Revenue_y,TTM Operating Income,Operating Margin,TTM Revenue_x,TTM EBIT,EBIT Margin,TTM Revenue_y,TTM EBITDA,EBITDA Margin,TTM Revenue_x,TTM Pre-Tax Income,Pre-Tax Margin,TTM Revenue_y,TTM Net Income_x,Net Margin,TTM Net Income_y,Shareholder's Equity_y,Return on Equity,TTM Net Income_x,Tangible Equity,Return on Tangible Equity,TTM Net Income_y,Total Assets,Return on Assets,TTM Net Income,LT Investments & Debt,Return on Investment,revenue,cost-goods-sold,gross-profit,research-development-expenses,selling-general-administrative-expenses,operating-expenses,operating-income,total-non-operating-income-expense,pre-tax-income,total-provision-income-taxes,income-after-taxes,income-from-continuous-operations,net-income,ebitda,ebit,basic-shares-outstanding,shares-outstanding,eps-basic-net-earnings-per-share,eps-earnings-per-share-diluted,cash-on-hand,inventory,other-current-assets,total-current-assets,net-property-plant-equipment,long-term-investments,goodwill-intangible-assets-total,other-long-term-assets,total-long-term-assets,total-assets,total-current-liabilities,long-term-debt,other-non-current-liabilities,total-long-term-liabilities,total-liabilities,common-stock-net,retained-earnings-accumulated-deficit,comprehensive-income,total-share-holder-equity,total-liabilities-share-holders-equity,net-income-loss,total-depreciation-amortization-cash-flow,other-non-cash-items,total-non-cash-items,change-in-accounts-receivable,change-in-inventories,change-in-accounts-payable,change-in-assets-liabilities,total-change-in-assets-liabilities,cash-flow-from-operating-activities,net-change-in-property-plant-equipment,net-change-in-intangible-assets,net-acquisitions-divestitures,net-change-in-short-term-investments,net-change-in-long-term-investments,net-change-in-investments-total,investing-activities-other,cash-flow-from-investing-activities,net-long-term-debt,net-current-debt,debt-issuance-retirement-net-total,net-common-equity-issued-repurchased,net-total-equity-issued-repurchased,total-common-preferred-stock-dividends-paid,financial-activities-other,cash-flow-from-financial-activities,net-cash-flow,stock-based-compensation,common-stock-dividends-paid
0,2018-09-30,86.69,$49.38,1.76,$36.86,2.35,$28.10,3.09,$13.34,6.5,$0.48B,$14.96B,0.03,$1.36B,$5.54B,0.25,$4.30B,$1.75B,40.78%,$4.30B,$0.96B,22.44%,$4.30B,$0.96B,22.44%,$4.30B,$0.96B,22.44%,$4.30B,$0.88B,20.39%,$4.30B,$1.56B,36.41%,$1.56B,$5.54B,27.01%,$1.56B,$5.10B,29.24%,$1.56B,$23.47B,6.73%,$0.96B,$6.90B,13.97%,$1084,$637,$446,$0,$129,$841,$243,$-22,$220,$42,$179,$179,$179,$243,$243,$113,115,$1.59,$1.55,$77,$0,$0,$484,$0,$17845,$442,$607,$22985,$23469,$14955,$1359,$544,$2976,$17931,$124,$5268,$478,$5539,$23469,$0,$0,$0,$0,$0,$0,$0,$0,$0,$937,$-27,$0,$-19,$-506,$-537,$-1043,$0,$-1090,$527,$-95,$432,$-263,$-263,$-53,$-7,$109,$-41,$0,$-53
1,2018-06-30,81.25,$49.34,1.65,$36.26,2.24,$29.24,2.78,$13.08,6.21,$0.49B,$14.87B,0.03,$0.82B,$5.57B,0.15,$4.26B,$1.73B,40.70%,$4.26B,$0.96B,22.62%,$4.26B,$0.96B,22.62%,$4.26B,$0.96B,22.62%,$4.26B,$0.88B,20.60%,$4.26B,$1.54B,36.12%,$1.54B,$5.57B,26.99%,$1.54B,$5.13B,29.26%,$1.54B,$22.88B,6.65%,$0.96B,$6.39B,14.27%,$1085,$638,$447,$0,$129,$836,$249,$-22,$227,$42,$184,$184,$184,$249,$249,$113,116,$1.63,$1.59,$82,$0,$0,$490,$0,$17311,$442,$591,$22389,$22879,$14867,$817,$524,$2440,$17307,$124,$5115,$603,$5572,$22879,$0,$0,$0,$0,$0,$0,$0,$0,$0,$617,$-19,$0,$-16,$59,$-433,$-375,$0,$-409,$-22,$-8,$-30,$-185,$-185,$-35,$0,$-251,$-36,$0,$-35
2,2018-03-31,83.84,$51.14,1.64,$35.52,2.36,$30.20,2.78,$12.67,6.62,$0.49B,$14.44B,0.03,$1.13B,$5.82B,0.19,$4.20B,$1.69B,40.31%,$4.20B,$0.94B,22.30%,$4.20B,$0.94B,22.30%,$4.20B,$0.94B,22.30%,$4.20B,$0.85B,20.28%,$4.20B,$1.49B,35.55%,$1.49B,$5.82B,26.83%,$1.49B,$5.38B,29.14%,$1.49B,$23.18B,6.48%,$0.94B,$6.95B,13.99%,$1070,$640,$431,$0,$130,$836,$234,$-22,$213,$39,$174,$174,$174,$234,$234,$114,117,$1.52,$1.49,$89,$0,$0,$485,$0,$17658,$442,$596,$22697,$23182,$14435,$1131,$579,$2927,$17362,$124,$4956,$940,$5820,$23182,$0,$0,$0,$0,$0,$0,$0,$0,$0,$382,$-12,$0,$-8,$47,$-341,$-294,$0,$-314,$-1,$11,$10,$-96,$-96,$-17,$0,$-103,$-30,$0,$-17
3,2017-12-31,90.21,$54.38,1.66,$34.85,2.59,$30.82,2.93,$12.29,7.34,$0.51B,$14.26B,0.04,$1.13B,$6.23B,0.18,$4.16B,$1.66B,40.04%,$4.16B,$0.92B,22.02%,$4.16B,$0.92B,22.02%,$4.16B,$0.92B,22.02%,$4.16B,$0.83B,20.00%,$4.16B,$1.45B,34.99%,$1.45B,$6.23B,27.44%,$1.45B,$5.79B,29.93%,$1.45B,$23.48B,6.38%,$0.92B,$7.36B,14.23%,$1057,$629,$428,$0,$120,$819,$238,$-22,$216,$-811,$1027,$1027,$1027,$238,$238,$116,119,$8.85,$8.64,$119,$0,$0,$510,$0,$17968,$442,$597,$22965,$23475,$14260,$1132,$539,$2984,$17244,$124,$4806,$1424,$6231,$23475,$1454,$490,$-643,$-152,$0,$0,$687,$32,$719,$1429,$-20,$0,$-20,$-55,$-832,$-887,$0,$-927,$-2,$-30,$-32,$-352,$-352,$-69,$-2,$-454,$42,$0,$-69
4,2017-09-30,79.5,$44.80,1.77,$33.94,2.34,$30.21,2.63,$4.70,16.91,$0.48B,$14.08B,0.03,$1.13B,$5.17B,0.22,$4.07B,$1.61B,39.47%,$4.07B,$0.87B,21.43%,$4.07B,$0.87B,21.43%,$4.07B,$0.87B,21.43%,$4.07B,$0.79B,19.42%,$4.07B,$0.56B,13.79%,$0.56B,$5.17B,11.51%,$0.56B,$4.73B,12.65%,$0.56B,$22.99B,2.52%,$0.87B,$6.30B,14.51%,$1046,$619,$427,$0,$122,$804,$242,$-21,$221,$67,$153,$153,$153,$242,$242,$116,118,$1.32,$1.29,$88,$0,$0,$478,$0,$17550,$442,$613,$22516,$22994,$14084,$1131,$542,$3741,$17826,$127,$4240,$1039,$5168,$22994,$0,$0,$0,$0,$0,$0,$0,$0,$0,$1086,$-13,$0,$-14,$7,$-712,$-706,$0,$-733,$-1,$-23,$-25,$-261,$-261,$-52,$0,$-337,$12,$0,$-52
5,2017-06-30,75.94,$43.47,1.75,$33.23,2.29,$29.04,2.61,$4.66,16.3,$0.48B,$13.91B,0.03,$1.13B,$5.05B,0.22,$4.02B,$1.58B,39.25%,$4.02B,$0.85B,21.23%,$4.02B,$0.85B,21.23%,$4.02B,$0.85B,21.23%,$4.02B,$0.77B,19.19%,$4.02B,$0.56B,13.96%,$0.56B,$5.05B,11.54%,$0.56B,$4.61B,12.69%,$0.56B,$22.58B,2.54%,$0.85B,$6.19B,14.23%,$1029,$621,$408,$0,$122,$806,$223,$-21,$202,$62,$140,$140,$140,$223,$223,$117,119,$1.20,$1.18,$98,$0,$0,$478,$0,$17213,$442,$584,$22100,$22578,$13908,$1132,$475,$3617,$17525,$127,$4113,$985,$5053,$22578,$0,$0,$0,$0,$0,$0,$0,$0,$0,$739,$-8,$0,$-9,$-22,$-467,$-490,$0,$-507,$-1,$-4,$-4,$-176,$-176,$-34,$0,$-214,$21,$0,$-34
6,2017-03-31,76.32,$40.46,1.89,$32.67,2.34,$27.78,2.75,$4.61,16.56,$0.43B,$13.77B,0.03,$1.13B,$4.75B,0.24,$3.98B,$1.57B,39.36%,$3.98B,$0.85B,21.40%,$3.98B,$0.85B,21.40%,$3.98B,$0.85B,21.40%,$3.98B,$0.77B,19.29%,$3.98B,$0.56B,14.04%,$0.56B,$4.75B,11.60%,$0.56B,$4.30B,12.77%,$0.56B,$22.09B,2.56%,$0.85B,$5.88B,14.31%,$1024,$623,$401,$0,$126,$811,$212,$-21,$192,$55,$137,$137,$134,$212,$212,$118,120,$1.13,$1.11,$62,$0,$0,$432,$0,$16795,$442,$597,$21655,$22087,$13769,$1133,$577,$3574,$17342,$127,$3995,$723,$4745,$22087,$0,$0,$0,$0,$0,$0,$0,$0,$0,$461,$-4,$0,$-6,$-49,$-352,$-401,$0,$-411,$0,$41,$41,$-91,$-91,$-17,$0,$-67,$-14,$0,$-17
7,2016-12-31,72.79,$38.69,1.88,$32.10,2.27,$26.72,2.72,$4.51,16.14,$0.46B,$13.55B,0.03,$1.13B,$4.57B,0.25,$3.94B,$1.56B,39.57%,$3.94B,$0.86B,21.73%,$3.94B,$0.86B,21.73%,$3.94B,$0.86B,21.73%,$3.94B,$0.77B,19.59%,$3.94B,$0.55B,13.95%,$0.55B,$4.57B,11.60%,$0.55B,$4.13B,12.80%,$0.55B,$21.44B,2.56%,$0.86B,$5.70B,14.83%,$975,$604,$372,$0,$116,$779,$196,$-20,$176,$51,$125,$125,$135,$196,$196,$120,122,$1.14,$1.10,$76,$0,$0,$461,$0,$16103,$442,$648,$20975,$21436,$13551,$1133,$441,$3318,$16869,$127,$3891,$578,$4567,$21436,$550,$469,$325,$794,$0,$0,$646,$25,$671,$1399,$-25,$0,$-32,$-17,$-988,$-1005,$0,$-1062,$150,$-50,$100,$-343,$-343,$-67,$-10,$-320,$15,$0,$-67
8,2016-09-30,62.92,$42.78,1.47,$31.49,2.0,$24.04,2.62,$4.46,14.11,$0.47B,$13.39B,0.04,$1.13B,$5.09B,0.22,$3.89B,$1.55B,39.78%,$3.89B,$0.85B,21.93%,$3.89B,$0.85B,21.93%,$3.89B,$0.85B,21.93%,$3.89B,$0.77B,19.80%,$3.89B,$0.55B,14.05%,$0.55B,$5.09B,11.88%,$0.55B,$4.65B,13.15%,$0.55B,$22.08B,2.60%,$0.85B,$6.22B,15.41%,$990,$593,$396,$0,$117,$768,$222,$-20,$201,$60,$142,$142,$152,$222,$222,$119,122,$1.27,$1.25,$105,$0,$0,$466,$0,$16684,$442,$746,$21611,$22077,$13386,$1134,$447,$3605,$16991,$130,$3934,$1143,$5086,$22077,$0,$0,$0,$0,$0,$0,$0,$0,$0,$972,$-10,$0,$-16,$-11,$-682,$-694,$1,$-719,$150,$-32,$118,$-264,$-264,$-50,$-10,$-206,$44,$0,$-50
9,2016-06-30,60.88,$40.70,1.5,$30.88,1.97,$21.69,2.81,$4.36,13.96,$0.41B,$13.27B,0.03,$1.13B,$4.88B,0.23,$3.85B,$1.54B,39.96%,$3.85B,$0.85B,22.07%,$3.85B,$0.85B,22.07%,$3.85B,$0.85B,22.07%,$3.85B,$0.77B,19.97%,$3.85B,$0.54B,14.02%,$0.54B,$4.88B,12.27%,$0.54B,$4.44B,13.63%,$0.54B,$21.57B,2.63%,$0.85B,$6.01B,16.21%,$992,$594,$398,$0,$117,$769,$222,$-23,$199,$60,$139,$139,$138,$222,$222,$120,123,$1.15,$1.13,$50,$0,$0,$408,$0,$16265,$442,$761,$21166,$21574,$13265,$1134,$410,$3431,$16696,$130,$3818,$989,$4878,$21574,$0,$0,$0,$0,$0,$0,$0,$0,$0,$605,$-7,$0,$-9,$5,$-537,$-531,$0,$-547,$150,$7,$157,$-178,$-178,$-33,$-10,$-64,$-12,$0,$-33
10,2016-03-31,53.21,$36.27,1.47,$30.26,1.76,$20.27,2.62,$4.23,12.58,$0.36B,$13.39B,0.03,$0.74B,$4.39B,0.17,$3.81B,$1.52B,40.00%,$3.81B,$0.84B,22.15%,$3.81B,$0.84B,22.15%,$3.81B,$0.84B,22.15%,$3.81B,$0.77B,20.13%,$3.81B,$0.53B,13.88%,$0.53B,$4.39B,12.42%,$0.53B,$3.95B,13.86%,$0.53B,$20.62B,2.62%,$0.84B,$5.14B,16.87%,$978,$587,$391,$0,$119,$763,$215,$-19,$195,$62,$134,$134,$124,$215,$215,$121,123,$1.02,$1.01,$13,$0,$0,$362,$0,$15361,$442,$799,$20259,$20621,$13388,$744,$432,$2841,$16229,$130,$3715,$535,$4392,$20621,$0,$0,$0,$0,$0,$0,$0,$0,$0,$341,$-4,$0,$-8,$-90,$-233,$-323,$0,$-335,$0,$49,$49,$-81,$-81,$-17,$0,$-49,$-49,$0,$-17
11,2015-12-31,55.88,$33.14,1.69,$29.60,1.89,$19.67,2.84,$4.17,13.4,$0.41B,$13.17B,0.03,$0.74B,$4.06B,0.18,$3.77B,$1.51B,40.18%,$3.77B,$0.84B,22.38%,$3.77B,$0.84B,22.38%,$3.77B,$0.84B,22.38%,$3.77B,$0.77B,20.34%,$3.77B,$0.53B,13.99%,$0.53B,$4.06B,12.03%,$0.53B,$3.61B,13.37%,$0.53B,$19.85B,2.61%,$0.84B,$4.80B,16.25%,$934,$570,$364,$0,$112,$739,$195,$-19,$176,$57,$119,$119,$133,$195,$195,$125,127,$1.07,$1.06,$61,$0,$0,$406,$0,$14554,$442,$835,$19447,$19853,$13172,$744,$431,$2626,$15798,$130,$3614,$232,$4056,$19853,$527,$446,$100,$545,$0,$0,$631,$15,$646,$1120,$-37,$0,$-41,$-39,$-516,$-555,$0,$-633,$0,$-94,$-94,$-383,$-383,$-67,$18,$-526,$-5,$0,$-67
12,2015-09-30,55.14,$34.62,1.59,$26.99,2.04,$17.56,3.14,$4.23,13.03,$0.74B,$13.15B,0.06,$0.74B,$4.28B,0.17,$3.46B,$1.52B,43.79%,$3.46B,$0.86B,24.93%,$3.46B,$0.86B,24.93%,$3.46B,$0.86B,24.93%,$3.46B,$0.79B,22.70%,$3.46B,$0.54B,15.63%,$0.54B,$4.28B,11.91%,$0.54B,$3.84B,13.19%,$0.54B,$20.12B,2.67%,$0.86B,$5.03B,15.95%,$947,$561,$386,$0,$112,$729,$218,$-19,$199,$65,$134,$134,$145,$218,$218,$124,126,$1.17,$1.15,$59,$0,$0,$736,$0,$14856,$442,$501,$19384,$20119,$13148,$744,$355,$2688,$15836,$134,$3686,$500,$4283,$20119,$0,$0,$0,$0,$0,$0,$0,$0,$0,$730,$-31,$0,$-27,$-48,$-374,$-422,$0,$-480,$0,$61,$61,$-298,$-298,$-50,$16,$-271,$-7,$0,$-50
13,2015-06-30,56.78,$34.38,1.65,$26.87,2.11,$16.80,3.38,$4.08,13.92,$0.69B,$13.05B,0.05,$0.74B,$4.31B,0.17,$3.49B,$1.51B,43.14%,$3.49B,$0.86B,24.68%,$3.49B,$0.86B,24.68%,$3.49B,$0.86B,24.68%,$3.49B,$0.78B,22.47%,$3.49B,$0.53B,15.13%,$0.53B,$4.31B,11.47%,$0.53B,$3.86B,12.68%,$0.53B,$20.02B,2.61%,$0.86B,$5.05B,15.56%,$951,$567,$383,$0,$112,$735,$216,$-19,$197,$64,$133,$133,$127,$216,$216,$126,127,$1.01,$1.00,$63,$0,$0,$691,$0,$14849,$442,$489,$19330,$20021,$13046,$743,$361,$2669,$15715,$134,$3569,$555,$4306,$20021,$0,$0,$0,$0,$0,$0,$0,$0,$0,$454,$-14,$0,$-12,$-8,$-323,$-331,$0,$-357,$0,$106,$106,$-190,$-190,$-33,$11,$-106,$-3,$0,$-33
14,2015-03-31,53.44,$38.61,1.38,$26.84,1.99,$16.42,3.26,$4.06,13.16,$0.57B,$12.52B,0.05,$0.99B,$4.88B,0.2,$3.53B,$1.50B,42.39%,$3.53B,$0.86B,24.31%,$3.53B,$0.86B,24.31%,$3.53B,$0.86B,24.31%,$3.53B,$0.78B,22.13%,$3.53B,$0.53B,15.08%,$0.53B,$4.88B,11.43%,$0.53B,$4.44B,12.63%,$0.53B,$20.70B,2.64%,$0.86B,$5.88B,15.19%,$934,$555,$380,$0,$111,$721,$214,$-19,$194,$64,$131,$131,$122,$214,$214,$127,129,$0.96,$0.95,$3,$0,$0,$569,$0,$15686,$442,$489,$20127,$20697,$12524,$992,$377,$3289,$15813,$134,$3472,$1166,$4884,$20697,$0,$0,$0,$0,$0,$0,$0,$0,$0,$280,$-6,$0,$-7,$-76,$-155,$-231,$0,$-244,$0,$5,$5,$-99,$-99,$-16,$5,$-105,$-63,$0,$-16
15,2014-12-31,52.58,$36.72,1.43,$27.16,1.94,$16.28,3.23,$4.10,12.83,$0.39B,$12.41B,0.03,$0.99B,$4.70B,0.21,$3.62B,$1.49B,41.28%,$3.62B,$0.86B,23.79%,$3.62B,$0.86B,23.79%,$3.62B,$0.86B,23.79%,$3.62B,$0.79B,21.69%,$3.62B,$0.54B,15.00%,$0.54B,$4.70B,12.12%,$0.54B,$4.26B,13.44%,$0.54B,$20.27B,2.75%,$0.86B,$5.69B,15.73%,$630,$264,$367,$0,$103,$415,$215,$-19,$196,$64,$132,$132,$147,$215,$215,$131,133,$1.13,$1.13,$66,$0,$0,$394,$0,$15198,$442,$782,$19878,$20272,$12410,$992,$386,$3165,$15575,$134,$3377,$997,$4697,$20272,$543,$416,$-92,$324,$0,$0,$586,$13,$598,$865,$-11,$0,$-56,$61,$-344,$-283,$0,$-350,$0,$-60,$-60,$-393,$-393,$-65,$19,$-500,$29,$0,$-65
16,2014-09-30,50.59,$35.04,1.44,$27.09,1.87,$17.79,2.84,$4.01,12.63,$0.57B,$12.33B,0.05,$0.99B,$4.53B,0.22,$3.64B,$1.49B,41.02%,$3.64B,$0.86B,23.72%,$3.64B,$0.86B,23.72%,$3.64B,$0.86B,23.72%,$3.64B,$0.79B,21.64%,$3.64B,$0.54B,14.80%,$0.54B,$4.53B,12.68%,$0.54B,$4.09B,14.15%,$0.54B,$19.87B,2.81%,$0.86B,$5.52B,16.48%,$974,$599,$375,$0,$104,$758,$216,$-19,$197,$65,$132,$132,$132,$216,$216,$130,132,$1.02,$1.00,$67,$0,$0,$567,$0,$14921,$442,$507,$19304,$19871,$12328,$992,$325,$3013,$15341,$139,$3444,$883,$4530,$19871,$0,$0,$0,$0,$0,$0,$0,$0,$0,$644,$-14,$0,$-39,$-2,$-241,$-243,$0,$-297,$0,$12,$12,$-303,$-303,$-49,$12,$-327,$30,$0,$-49
17,2014-06-30,79.14,$34.41,2.3,$26.41,3.0,$18.53,4.27,$3.96,19.98,$0.47B,$12.18B,0.04,$0.99B,$4.51B,0.22,$3.60B,$1.48B,41.13%,$3.60B,$0.86B,23.85%,$3.60B,$0.86B,23.85%,$3.60B,$0.86B,23.85%,$3.60B,$0.78B,21.72%,$3.60B,$0.54B,14.97%,$0.54B,$4.51B,13.27%,$0.54B,$4.07B,14.89%,$0.54B,$19.65B,2.87%,$0.86B,$5.50B,17.00%,$991,$617,$374,$0,$105,$778,$213,$-19,$194,$63,$131,$131,$131,$213,$213,$131,133,$1.00,$0.98,$46,$0,$0,$471,$0,$14851,$442,$490,$19181,$19652,$12182,$991,$322,$2961,$15143,$139,$3329,$888,$4509,$19652,$0,$0,$0,$0,$0,$0,$0,$0,$0,$419,$-10,$0,$-22,$28,$-198,$-170,$0,$-202,$0,$13,$13,$-203,$-203,$-32,$11,$-211,$9,$0,$-32
18,2014-03-31,50.48,$31.65,1.59,$25.76,1.96,$18.97,2.66,$3.94,12.81,$0.41B,$12.05B,0.03,$0.99B,$4.19B,0.24,$3.56B,$1.48B,41.52%,$3.56B,$0.86B,24.16%,$3.56B,$0.86B,24.16%,$3.56B,$0.86B,24.16%,$3.56B,$0.78B,21.94%,$3.56B,$0.54B,15.22%,$0.54B,$4.19B,13.93%,$0.54B,$3.75B,15.71%,$0.54B,$19.06B,2.95%,$0.86B,$5.18B,17.62%,$1024,$646,$378,$0,$105,$808,$217,$-19,$198,$65,$133,$133,$133,$217,$217,$133,135,$1.00,$0.98,$40,$0,$0,$413,$0,$14403,$442,$443,$18651,$19064,$12046,$991,$309,$2829,$14875,$101,$3659,$606,$4189,$19064,$0,$0,$0,$0,$0,$0,$0,$0,$0,$275,$-5,$0,$-15,$-33,$-122,$-155,$0,$-176,$0,$19,$19,$-112,$-112,$-15,$4,$-104,$3,$0,$-15
19,2013-12-31,50.13,$28.13,1.78,$24.93,2.01,$19.01,2.64,$3.80,13.19,$0.37B,$11.88B,0.03,$0.99B,$3.78B,0.26,$3.49B,$1.45B,41.44%,$3.49B,$0.84B,23.96%,$3.49B,$0.84B,23.96%,$3.49B,$0.84B,23.96%,$3.49B,$0.76B,21.64%,$3.49B,$0.53B,15.14%,$0.53B,$3.78B,13.49%,$0.53B,$3.34B,15.21%,$0.53B,$18.19B,2.88%,$0.84B,$4.77B,17.05%,$653,$286,$367,$0,$98,$435,$218,$-19,$199,$77,$122,$122,$143,$218,$218,$138,140,$1.05,$1.03,$37,$0,$0,$368,$0,$13620,$442,$424,$17824,$18192,$11877,$991,$262,$2538,$14415,$151,$3496,$211,$3776,$18192,$528,$401,$112,$513,$0,$0,$578,$-7,$571,$1119,$-11,$0,$-51,$-26,$-527,$-553,$0,$-614,$-94,$-18,$-112,$-384,$-384,$-61,$21,$-536,$-25,$0,$-61
20,2013-09-30,46.2,$27.74,1.67,$26.58,1.74,$17.46,2.65,$3.81,12.12,$0.45B,$11.77B,0.04,$0.99B,$3.78B,0.26,$3.77B,$1.48B,39.12%,$3.77B,$0.86B,22.84%,$3.77B,$0.86B,22.84%,$3.77B,$0.86B,22.84%,$3.77B,$0.78B,20.64%,$3.77B,$0.54B,14.24%,$0.54B,$3.78B,13.21%,$0.54B,$3.34B,14.81%,$0.54B,$18.14B,2.91%,$0.86B,$4.77B,17.03%,$933,$571,$362,$0,$98,$722,$211,$-20,$191,$59,$132,$132,$132,$211,$211,$137,139,$0.97,$0.95,$39,$0,$0,$452,$0,$13554,$442,$384,$17686,$18138,$11768,$991,$330,$2593,$14361,$106,$3724,$237,$3777,$18138,$0,$0,$0,$0,$0,$0,$0,$0,$0,$771,$-4,$0,$-34,$-85,$-265,$-350,$0,$-388,$-94,$-14,$-108,$-270,$-270,$-45,$15,$-408,$-23,$0,$-45
21,2013-06-30,41.49,$27.82,1.49,$25.94,1.6,$16.74,2.48,$3.77,11.01,$0.43B,$11.72B,0.04,$0.99B,$3.82B,0.26,$3.71B,$1.46B,39.42%,$3.71B,$0.86B,23.13%,$3.71B,$0.86B,23.13%,$3.71B,$0.86B,23.13%,$3.71B,$0.78B,20.89%,$3.71B,$0.54B,14.43%,$0.54B,$3.82B,12.76%,$0.54B,$3.38B,14.22%,$0.54B,$18.14B,2.91%,$0.86B,$4.81B,16.57%,$950,$579,$371,$0,$102,$737,$214,$-21,$193,$59,$134,$134,$134,$214,$214,$138,140,$0.97,$0.96,$45,$0,$0,$434,$0,$13612,$442,$391,$17708,$18141,$11719,$990,$310,$2600,$14319,$106,$3613,$334,$3822,$18141,$0,$0,$0,$0,$0,$0,$0,$0,$0,$493,$-2,$0,$-20,$-52,$-242,$-295,$0,$-317,$0,$16,$16,$-193,$-193,$-30,$10,$-197,$-17,$0,$-30
22,2013-03-31,37.98,$30.90,1.23,$25.18,1.51,$16.26,2.34,$3.69,10.3,$0.42B,$11.61B,0.04,$0.99B,$4.31B,0.23,$3.65B,$1.44B,39.53%,$3.65B,$0.85B,23.32%,$3.65B,$0.85B,23.32%,$3.65B,$0.85B,23.32%,$3.65B,$0.77B,21.07%,$3.65B,$0.53B,14.55%,$0.53B,$4.31B,12.51%,$0.53B,$3.86B,13.89%,$0.53B,$18.88B,2.92%,$0.85B,$5.30B,16.44%,$958,$610,$348,$0,$102,$764,$194,$-21,$173,$53,$120,$120,$120,$194,$194,$140,142,$0.85,$0.85,$25,$0,$0,$419,$0,$14397,$442,$392,$18460,$18879,$11610,$990,$371,$2965,$14574,$106,$3499,$850,$4305,$18879,$0,$0,$0,$0,$0,$0,$0,$0,$0,$290,$-1,$0,$-8,$-126,$-134,$-259,$0,$-268,$0,$43,$43,$-98,$-98,$-14,$6,$-63,$-36,$0,$-14
23,2012-12-31,32.72,$30.86,1.06,$24.34,1.34,$16.09,2.03,$3.62,9.04,$0.45B,$11.42B,0.04,$0.99B,$4.36B,0.23,$3.59B,$1.43B,39.83%,$3.59B,$0.85B,23.59%,$3.59B,$0.85B,23.59%,$3.59B,$0.85B,23.59%,$3.59B,$0.77B,21.34%,$3.59B,$0.53B,14.76%,$0.53B,$4.36B,12.85%,$0.53B,$3.92B,14.26%,$0.53B,$18.78B,3.00%,$0.85B,$5.35B,16.91%,$929,$535,$394,$0,$98,$687,$242,$-21,$221,$70,$151,$151,$151,$242,$242,$145,147,$1.06,$1.03,$62,$0,$0,$445,$0,$14290,$442,$402,$18331,$18777,$11423,$990,$393,$2992,$14415,$106,$3403,$925,$4362,$18777,$529,$385,$85,$470,$-90,$0,$497,$-8,$400,$943,$-5,$0,$-259,$-70,$-365,$-435,$0,$-698,$144,$9,$153,$-389,$-389,$-56,$23,$-269,$-22,$0,$-56
24,2012-09-30,32.42,$30.28,1.07,$23.08,1.4,$14.90,2.18,$3.40,9.55,$0.63B,$10.80B,0.06,$0.97B,$4.31B,0.22,$3.50B,$1.38B,39.57%,$3.50B,$0.80B,22.95%,$3.50B,$0.80B,22.95%,$3.50B,$0.80B,22.95%,$3.50B,$0.72B,20.66%,$3.50B,$0.50B,14.36%,$0.50B,$4.31B,12.55%,$0.50B,$3.91B,13.93%,$0.50B,$17.94B,2.93%,$0.80B,$5.27B,16.59%,$877,$526,$351,$0,$94,$668,$209,$-20,$189,$58,$131,$131,$131,$209,$209,$143,145,$0.91,$0.91,$299,$0,$0,$633,$0,$13545,$397,$370,$17306,$17940,$10802,$965,$252,$2829,$13631,$112,$3569,$961,$4309,$17940,$0,$0,$0,$0,$0,$0,$0,$0,$0,$698,$-4,$0,$-62,$-352,$10,$-342,$0,$-409,$268,$12,$280,$-328,$-328,$-41,$15,$-74,$215,$0,$-41
25,2012-06-30,31.82,$27.94,1.14,$22.31,1.43,$14.43,2.21,$3.36,9.48,$0.38B,$10.65B,0.04,$0.79B,$4.00B,0.2,$3.46B,$1.38B,39.86%,$3.46B,$0.80B,23.24%,$3.46B,$0.80B,23.24%,$3.46B,$0.80B,23.24%,$3.46B,$0.72B,20.93%,$3.46B,$0.50B,14.53%,$0.50B,$4.00B,12.65%,$0.50B,$3.60B,14.05%,$0.50B,$17.19B,2.98%,$0.80B,$4.79B,16.87%,$886,$535,$350,$0,$97,$680,$206,$-20,$186,$57,$129,$129,$129,$206,$206,$145,147,$0.89,$0.88,$71,$0,$0,$379,$0,$13065,$397,$378,$16806,$17185,$10652,$791,$284,$2536,$13187,$112,$3462,$734,$3998,$17185,$0,$0,$0,$0,$0,$0,$0,$0,$0,$447,$-3,$0,$-48,$-51,$-153,$-205,$0,$-256,$0,$100,$100,$-286,$-286,$-27,$10,$-203,$-13,$0,$-27
26,2012-03-31,31.29,$25.73,1.22,$21.46,1.46,$14.09,2.22,$3.37,9.29,$0.34B,$10.46B,0.03,$0.79B,$3.83B,0.21,$3.45B,$1.39B,40.45%,$3.45B,$0.83B,23.94%,$3.45B,$0.83B,23.94%,$3.45B,$0.83B,23.94%,$3.45B,$0.75B,21.65%,$3.45B,$0.52B,14.97%,$0.52B,$3.83B,13.18%,$0.52B,$3.44B,14.67%,$0.52B,$16.73B,3.10%,$0.83B,$4.63B,17.54%,$898,$563,$335,$0,$96,$708,$190,$-20,$170,$52,$119,$119,$119,$190,$190,$150,152,$0.79,$0.78,$78,$0,$0,$343,$0,$12657,$397,$387,$16392,$16734,$10463,$791,$314,$2437,$12900,$112,$3350,$501,$3834,$16734,$0,$0,$0,$0,$0,$0,$0,$0,$0,$284,$-0,$0,$-22,$-23,$-150,$-173,$0,$-195,$0,$6,$6,$-96,$-96,$-12,$9,$-92,$-6,$0,$-12
27,2011-12-31,27.16,$25.58,1.06,$20.19,1.35,$13.90,1.95,$3.18,8.55,$0.34B,$10.31B,0.03,$0.79B,$3.86B,0.21,$3.38B,$1.37B,40.54%,$3.38B,$0.80B,23.75%,$3.38B,$0.80B,23.75%,$3.38B,$0.80B,23.75%,$3.38B,$0.72B,21.44%,$3.38B,$0.50B,14.72%,$0.50B,$3.86B,12.60%,$0.50B,$3.46B,14.01%,$0.50B,$16.59B,3.01%,$0.80B,$4.65B,16.94%,$834,$487,$347,$0,$91,$637,$197,$-20,$177,$54,$123,$123,$123,$197,$197,$162,165,$0.79,$0.78,$84,$0,$0,$338,$0,$12546,$397,$391,$16251,$16588,$10306,$791,$312,$2423,$12729,$112,$3265,$550,$3860,$16588,$497,$365,$5,$370,$-23,$0,$431,$-3,$406,$859,$-2,$0,$-28,$198,$-480,$-282,$0,$-312,$0,$21,$21,$-810,$-810,$-49,$13,$-824,$-282,$0,$-49
28,2011-09-30,21.75,$27.29,0.8,$19.72,1.1,$14.21,1.53,$3.20,6.8,$0.41B,$10.21B,0.04,$0.79B,$4.18B,0.19,$3.39B,$1.32B,38.88%,$3.39B,$0.81B,23.92%,$3.39B,$0.81B,23.92%,$3.39B,$0.81B,23.92%,$3.39B,$0.73B,21.65%,$3.39B,$0.51B,15.07%,$0.51B,$4.18B,12.82%,$0.51B,$3.79B,14.24%,$0.51B,$16.97B,3.11%,$0.81B,$4.97B,16.99%,$837,$492,$345,$0,$90,$628,$210,$-20,$190,$59,$131,$131,$131,$210,$210,$157,158,$0.83,$0.83,$176,$0,$0,$408,$0,$12338,$397,$381,$16563,$16971,$10213,$790,$284,$2575,$12788,$120,$3814,$546,$4183,$16971,$0,$0,$0,$0,$0,$0,$0,$0,$0,$684,$-0,$0,$-33,$171,$-259,$-88,$0,$-121,$0,$5,$5,$-730,$-730,$-37,$9,$-753,$-190,$0,$-37
29,2011-06-30,26.68,$23.91,1.12,$19.00,1.4,$13.93,1.91,$2.96,9.01,$0.31B,$10.08B,0.03,$0.79B,$3.78B,0.21,$3.39B,$1.35B,39.71%,$3.39B,$0.83B,24.41%,$3.39B,$0.83B,24.41%,$3.39B,$0.83B,24.41%,$3.39B,$0.75B,22.17%,$3.39B,$0.50B,14.59%,$0.50B,$3.78B,12.36%,$0.50B,$3.38B,13.72%,$0.50B,$16.22B,2.98%,$0.83B,$4.57B,17.27%,$877,$511,$367,$0,$92,$649,$228,$-19,$209,$66,$143,$143,$143,$228,$228,$167,169,$0.86,$0.85,$90,$0,$0,$314,$0,$11665,$397,$387,$15904,$16218,$10079,$790,$291,$2359,$12438,$120,$3693,$153,$3780,$16218,$0,$0,$0,$0,$0,$0,$0,$0,$0,$453,$1,$0,$-23,$199,$-264,$-65,$0,$-86,$0,$-13,$-13,$-610,$-610,$-25,$7,$-640,$-275,$0,$-25
30,2011-03-31,27.58,$22.99,1.2,$18.31,1.51,$13.79,2.0,$2.75,10.03,$0.54B,$9.99B,0.05,$0.79B,$3.96B,0.2,$3.35B,$1.33B,39.69%,$3.35B,$0.80B,23.87%,$3.35B,$0.80B,23.87%,$3.35B,$0.80B,23.87%,$3.35B,$0.72B,21.61%,$3.35B,$0.48B,14.26%,$0.48B,$3.96B,11.81%,$0.48B,$3.56B,13.12%,$0.48B,$16.33B,2.85%,$0.80B,$4.75B,16.54%,$829,$520,$310,$0,$92,$662,$167,$-19,$148,$47,$101,$101,$100,$167,$167,$175,179,$0.57,$0.56,$284,$0,$0,$538,$0,$11584,$397,$376,$15787,$16325,$9989,$790,$339,$2377,$12366,$80,$3599,$56,$3959,$16325,$0,$0,$0,$0,$0,$0,$0,$0,$0,$300,$-1,$0,$-7,$-52,$-117,$-168,$0,$-176,$0,$-5,$-5,$-191,$-191,$-13,$6,$-203,$-82,$0,$-13
31,2010-12-31,24.66,$22.53,1.09,$18.18,1.36,$13.74,1.8,$2.81,8.78,$0.60B,$9.86B,0.06,$0.79B,$4.02B,0.2,$3.37B,$1.37B,40.53%,$3.37B,$0.83B,24.52%,$3.37B,$0.83B,24.52%,$3.37B,$0.83B,24.52%,$3.37B,$0.75B,22.27%,$3.37B,$0.50B,14.85%,$0.50B,$4.02B,12.57%,$0.50B,$3.62B,14.02%,$0.50B,$16.16B,2.97%,$0.83B,$4.81B,17.33%,$847,$552,$296,$0,$44,$641,$206,$-19,$187,$57,$131,$131,$137,$206,$206,$183,185,$0.76,$0.74,$366,$0,$0,$596,$0,$11382,$397,$379,$15564,$16160,$9860,$790,$284,$2283,$12144,$120,$3473,$23,$4016,$16160,$499,$377,$63,$440,$-25,$0,$544,$1,$520,$1029,$-9,$0,$290,$128,$-966,$-838,$0,$-558,$-9,$-66,$-75,$-208,$-208,$-50,$3,$-330,$134,$0,$-50
32,2010-09-30,21.93,$23.65,0.93,$17.47,1.26,$13.41,1.64,$2.56,8.57,$0.24B,$9.73B,0.02,$0.79B,$4.27B,0.19,$3.24B,$1.37B,42.20%,$3.24B,$0.79B,24.23%,$3.24B,$0.79B,24.23%,$3.24B,$0.79B,24.23%,$3.24B,$0.71B,21.89%,$3.24B,$0.48B,14.67%,$0.48B,$4.27B,12.45%,$0.48B,$3.87B,13.95%,$0.48B,$17.72B,2.83%,$0.79B,$5.06B,17.03%,$839,$465,$374,$0,$104,$612,$227,$-19,$208,$70,$138,$138,$115,$227,$227,$182,183,$0.63,$0.63,$30,$0,$0,$235,$0,$11707,$397,$2021,$17481,$17716,$9733,$789,$1586,$3716,$13449,$84,$3554,$357,$4268,$17716,$0,$0,$0,$0,$0,$0,$0,$0,$0,$745,$-3,$0,$-42,$268,$-920,$-652,$0,$-696,$-9,$-56,$-65,$-142,$-142,$-37,$0,$-244,$-199,$0,$-37
33,2010-06-30,20.38,$21.52,0.95,$16.98,1.2,$12.48,1.63,$2.47,8.25,$0.23B,$10.10B,0.02,$0.79B,$3.95B,0.2,$3.17B,$1.30B,41.14%,$3.17B,$0.72B,22.83%,$3.17B,$0.72B,22.83%,$3.17B,$0.72B,22.83%,$3.17B,$0.65B,20.40%,$3.17B,$0.46B,14.59%,$0.46B,$3.95B,12.89%,$0.46B,$3.52B,14.59%,$0.46B,$16.95B,2.82%,$0.72B,$4.73B,16.51%,$836,$486,$350,$0,$105,$636,$200,$-19,$181,$61,$120,$120,$126,$200,$200,$185,186,$0.68,$0.68,$27,$0,$0,$228,$0,$11826,$424,$1012,$16723,$16950,$10095,$789,$917,$2910,$13005,$84,$3452,$73,$3945,$16950,$0,$0,$0,$0,$0,$0,$0,$0,$0,$475,$-2,$0,$-27,$105,$-591,$-485,$0,$-514,$-9,$-56,$-65,$-75,$-75,$-25,$0,$-165,$-205,$0,$-25
34,2010-03-31,21.96,$19.76,1.11,$16.88,1.3,$11.86,1.85,$2.40,9.14,$0.24B,$9.99B,0.02,$0.80B,$3.68B,0.22,$3.15B,$1.28B,40.56%,$3.15B,$0.70B,22.15%,$3.15B,$0.70B,22.15%,$3.15B,$0.70B,22.15%,$3.15B,$0.63B,19.83%,$3.15B,$0.45B,14.28%,$0.45B,$3.68B,13.83%,$0.45B,$3.25B,15.86%,$0.45B,$16.60B,2.85%,$0.70B,$4.47B,17.24%,$846,$500,$345,$0,$110,$653,$193,$-19,$174,$59,$115,$115,$122,$193,$193,$186,187,$0.65,$0.65,$40,$0,$0,$235,$0,$11418,$424,$1061,$16366,$16601,$9994,$796,$1020,$2931,$12924,$84,$3338,$-141,$3677,$16601,$0,$0,$0,$0,$0,$0,$0,$0,$0,$303,$-0,$0,$-12,$27,$-440,$-413,$0,$-425,$0,$-44,$-44,$-12,$-12,$-12,$0,$-68,$-192,$0,$-12
35,2009-12-31,17.92,$18.24,0.98,$16.66,1.08,$11.39,1.57,$2.16,8.31,$0.42B,$9.37B,0.05,$0.80B,$3.40B,0.23,$3.12B,$1.23B,39.58%,$3.12B,$0.65B,20.77%,$3.12B,$0.65B,20.77%,$3.12B,$0.65B,20.77%,$3.12B,$0.58B,18.52%,$3.12B,$0.41B,13.00%,$0.41B,$3.40B,14.32%,$0.41B,$3.00B,16.80%,$0.41B,$16.02B,2.71%,$0.65B,$4.20B,18.23%,$723,$423,$300,$0,$95,$558,$166,$-19,$147,$50,$97,$97,$113,$166,$166,$187,187,$0.61,$0.61,$231,$0,$0,$424,$0,$9992,$397,$1891,$15600,$16024,$9369,$796,$1495,$3256,$12625,$84,$3229,$-319,$3399,$16024,$405,$429,$236,$665,$-43,$0,$533,$-18,$472,$976,$-6,$0,$-25,$-240,$-666,$-906,$0,$-937,$197,$41,$238,$-43,$-43,$-47,$0,$148,$186,$0,$-47
36,2009-09-30,17.71,$17.80,0.99,$16.35,1.08,$9.82,1.8,$2.27,7.79,$1.05B,$9.75B,0.11,$0.80B,$3.32B,0.24,$3.10B,$1.24B,39.88%,$3.10B,$0.66B,21.18%,$3.10B,$0.66B,21.18%,$3.10B,$0.66B,21.18%,$3.10B,$0.59B,19.02%,$3.10B,$0.43B,13.83%,$0.43B,$3.32B,16.93%,$0.43B,$2.89B,20.33%,$0.43B,$15.85B,2.99%,$0.66B,$4.11B,20.65%,$762,$455,$308,$0,$102,$598,$164,$-20,$144,$45,$99,$99,$101,$164,$164,$186,186,$0.54,$0.54,$172,$0,$0,$1052,$0,$9930,$424,$1027,$14798,$15850,$9746,$796,$1033,$2788,$12535,$86,$3185,$-298,$3315,$15850,$0,$0,$0,$0,$0,$0,$0,$0,$0,$589,$-5,$0,$-19,$-102,$-600,$-702,$0,$-726,$197,$143,$340,$-45,$-45,$-35,$0,$260,$125,$0,$-35
37,2009-06-30,15.0,$14.09,1.06,$16.07,0.93,$9.76,1.54,$2.05,7.3,$0.57B,$9.67B,0.06,$0.80B,$2.62B,0.3,$3.09B,$1.20B,38.70%,$3.09B,$0.61B,19.85%,$3.09B,$0.61B,19.85%,$3.09B,$0.61B,19.85%,$3.09B,$0.55B,17.85%,$3.09B,$0.39B,12.64%,$0.39B,$2.62B,16.88%,$0.39B,$2.20B,20.67%,$0.39B,$14.71B,2.82%,$0.61B,$3.42B,21.25%,$820,$495,$325,$0,$104,$644,$175,$-15,$160,$46,$114,$114,$114,$175,$175,$186,186,$0.61,$0.61,$340,$0,$0,$568,$0,$9312,$424,$968,$14139,$14708,$9673,$796,$1002,$2412,$12085,$86,$3096,$-896,$2623,$14708,$0,$0,$0,$0,$0,$0,$0,$0,$0,$360,$-3,$0,$-9,$-464,$113,$-350,$0,$-363,$296,$69,$366,$-47,$-47,$-23,$0,$295,$293,$0,$-23
38,2009-03-31,10.57,$10.61,1.0,$15.88,0.67,$9.88,1.07,$2.09,5.05,$0.23B,$9.55B,0.02,$0.50B,$1.98B,0.25,$3.13B,$1.21B,38.72%,$3.13B,$0.64B,20.36%,$3.13B,$0.64B,20.36%,$3.13B,$0.64B,20.36%,$3.13B,$0.58B,18.42%,$3.13B,$0.41B,13.12%,$0.41B,$1.98B,17.10%,$0.41B,$1.55B,20.76%,$0.41B,$13.25B,2.96%,$0.64B,$2.48B,21.80%,$810,$509,$300,$0,$115,$668,$142,$-16,$126,$50,$77,$77,$77,$142,$142,$189,189,$0.40,$0.40,$47,$0,$0,$227,$0,$8253,$424,$899,$13019,$13246,$9547,$499,$878,$1723,$11270,$86,$2994,$-1438,$1976,$13246,$0,$0,$0,$0,$0,$0,$0,$0,$0,$218,$-2,$0,$-5,$-173,$-4,$-177,$0,$-184,$0,$25,$25,$-47,$-47,$-12,$0,$-34,$0,$0,$-12
39,2008-12-31,18.0,$11.66,1.54,$15.81,1.14,$9.84,1.83,$2.26,7.96,$0.20B,$9.41B,0.02,$0.50B,$2.22B,0.23,$3.20B,$1.25B,39.19%,$3.20B,$0.69B,21.63%,$3.20B,$0.69B,21.63%,$3.20B,$0.69B,21.63%,$3.20B,$0.63B,19.69%,$3.20B,$0.45B,14.15%,$0.45B,$2.22B,16.87%,$0.45B,$1.80B,20.04%,$0.45B,$13.53B,3.16%,$0.69B,$2.72B,21.41%,$710,$406,$304,$0,$81,$533,$176,$-17,$160,$45,$115,$115,$137,$176,$176,$198,199,$0.72,$0.72,$46,$0,$0,$198,$0,$8573,$424,$939,$13331,$13529,$9414,$499,$974,$1892,$11306,$86,$2929,$-1170,$2223,$13529,$452,$398,$113,$511,$-60,$0,$429,$-22,$347,$731,$-9,$0,$-25,$-2,$-397,$-398,$0,$-432,$0,$214,$214,$-430,$-430,$-49,$4,$-261,$26,$0,$-49
40,2008-09-30,23.95,$12.55,1.91,$16.15,1.48,$10.08,2.38,$2.17,11.02,$0.11B,$9.27B,0.01,$0.50B,$2.44B,0.2,$3.33B,$1.31B,39.24%,$3.33B,$0.73B,21.95%,$3.33B,$0.73B,21.95%,$3.33B,$0.73B,21.95%,$3.33B,$0.67B,20.08%,$3.33B,$0.45B,13.44%,$0.45B,$2.44B,15.13%,$0.45B,$2.02B,17.66%,$0.45B,$13.95B,3.04%,$0.73B,$2.94B,20.69%,$753,$486,$268,$0,$101,$632,$121,$-16,$106,$42,$63,$63,$63,$121,$121,$196,198,$0.32,$0.32,$16,$0,$0,$107,$0,$8869,$424,$1199,$13844,$13950,$9273,$499,$1198,$2237,$11509,$95,$3270,$-901,$2441,$13950,$0,$0,$0,$0,$0,$0,$0,$0,$0,$614,$-8,$0,$-27,$43,$-376,$-333,$0,$-368,$0,$145,$145,$-354,$-354,$-37,$4,$-242,$-4,$0,$-37
41,2008-06-30,23.44,$14.96,1.57,$16.42,1.43,$10.05,2.33,$2.48,9.45,$0.11B,$8.94B,0.01,$0.60B,$2.97B,0.2,$3.44B,$1.40B,40.70%,$3.44B,$0.83B,24.09%,$3.44B,$0.83B,24.09%,$3.44B,$0.83B,24.09%,$3.44B,$0.76B,22.23%,$3.44B,$0.52B,15.04%,$0.52B,$2.97B,16.36%,$0.52B,$2.55B,18.89%,$0.52B,$14.74B,3.44%,$0.83B,$3.57B,22.03%,$860,$519,$341,$0,$98,$661,$199,$-15,$185,$51,$134,$134,$134,$199,$199,$201,204,$0.66,$0.65,$18,$0,$0,$114,$0,$9569,$424,$1365,$14630,$14744,$8944,$598,$1419,$2826,$11770,$95,$3226,$-430,$2974,$14744,$0,$0,$0,$0,$0,$0,$0,$0,$0,$423,$-6,$0,$-18,$64,$-223,$-159,$0,$-183,$0,$17,$17,$-236,$-236,$-24,$1,$-242,$-2,$0,$-24
42,2008-03-31,23.97,$15.25,1.57,$16.23,1.48,$9.98,2.4,$2.41,9.93,$0.10B,$8.93B,0.01,$0.60B,$3.08B,0.19,$3.45B,$1.41B,40.71%,$3.45B,$0.84B,24.26%,$3.45B,$0.84B,24.26%,$3.45B,$0.84B,24.26%,$3.45B,$0.77B,22.32%,$3.45B,$0.51B,14.77%,$0.51B,$3.08B,15.79%,$0.51B,$2.66B,18.18%,$0.51B,$14.97B,3.37%,$0.84B,$3.68B,21.90%,$872,$533,$339,$0,$99,$678,$195,$-16,$178,$60,$118,$118,$118,$195,$195,$204,207,$0.58,$0.57,$8,$0,$0,$99,$0,$9817,$424,$1414,$14873,$14972,$8927,$598,$1470,$2966,$11893,$95,$3108,$-290,$3080,$14972,$0,$0,$0,$0,$0,$0,$0,$0,$0,$233,$-4,$0,$-11,$52,$-222,$-170,$0,$-185,$0,$97,$97,$-146,$-146,$-12,$0,$-60,$-12,$0,$-12
43,2007-12-31,24.08,$16.03,1.5,$16.08,1.5,$9.97,2.41,$2.45,9.83,$0.12B,$8.72B,0.01,$0.60B,$3.33B,0.18,$3.49B,$1.43B,40.97%,$3.49B,$0.87B,24.80%,$3.49B,$0.87B,24.80%,$3.49B,$0.87B,24.80%,$3.49B,$0.80B,22.85%,$3.49B,$0.53B,15.11%,$0.53B,$3.33B,15.93%,$0.53B,$2.90B,18.27%,$0.53B,$15.24B,3.48%,$0.87B,$3.92B,22.15%,$841,$484,$357,$0,$98,$625,$215,$-16,$199,$67,$132,$132,$132,$215,$215,$212,216,$0.64,$0.62,$20,$0,$0,$117,$0,$9945,$424,$1597,$15125,$15241,$8719,$598,$1634,$3198,$11917,$95,$3003,$-81,$3325,$15241,$528,$391,$79,$470,$-14,$0,$413,$11,$410,$850,$-18,$0,$-74,$-12,$-398,$-410,$0,$-503,$0,$106,$106,$-409,$-409,$-50,$6,$-347,$3,$0,$-50
44,2007-09-30,24.74,$15.74,1.57,$15.95,1.55,$9.91,2.5,$2.46,10.07,$0.11B,$8.58B,0.01,$0.60B,$3.26B,0.18,$3.50B,$1.43B,40.84%,$3.50B,$0.87B,24.94%,$3.50B,$0.87B,24.94%,$3.50B,$0.87B,24.94%,$3.50B,$0.80B,22.95%,$3.50B,$0.54B,15.33%,$0.54B,$3.26B,16.07%,$0.54B,$2.84B,18.33%,$0.54B,$15.15B,3.56%,$0.87B,$3.86B,22.19%,$864,$501,$362,$0,$99,$644,$219,$-18,$202,$69,$133,$133,$133,$219,$219,$209,212,$0.64,$0.63,$9,$0,$0,$106,$0,$9847,$424,$1664,$15048,$15154,$8583,$598,$1722,$3308,$11890,$100,$3176,$-21,$3264,$15154,$0,$0,$0,$0,$0,$0,$0,$0,$0,$655,$-11,$0,$-71,$19,$-247,$-228,$0,$-310,$0,$80,$80,$-408,$-408,$-37,$6,$-359,$-8,$0,$-37
45,2007-06-30,26.55,$15.39,1.73,$15.58,1.7,$9.85,2.7,$2.40,11.06,$0.11B,$8.56B,0.01,$0.60B,$3.25B,0.18,$3.48B,$1.42B,40.86%,$3.48B,$0.87B,24.90%,$3.48B,$0.87B,24.90%,$3.48B,$0.87B,24.90%,$3.48B,$0.79B,22.74%,$3.48B,$0.53B,15.32%,$0.53B,$3.25B,15.83%,$0.53B,$2.82B,17.97%,$0.53B,$15.10B,3.55%,$0.87B,$3.85B,21.85%,$877,$528,$348,$0,$97,$668,$209,$-17,$192,$65,$127,$127,$127,$209,$209,$214,217,$0.60,$0.59,$14,$0,$0,$112,$0,$9862,$424,$1630,$14986,$15098,$8562,$598,$1720,$3288,$11850,$100,$3056,$-17,$3248,$15098,$0,$0,$0,$0,$0,$0,$0,$0,$0,$433,$-5,$0,$-61,$53,$-258,$-205,$0,$-271,$0,$154,$154,$-304,$-304,$-25,$6,$-169,$-3,$0,$-25
46,2007-03-31,25.94,$15.77,1.64,$15.38,1.69,$9.76,2.66,$2.37,10.93,$0.09B,$8.32B,0.01,$0.60B,$3.40B,0.18,$3.47B,$1.42B,40.89%,$3.47B,$0.87B,25.04%,$3.47B,$0.87B,25.04%,$3.47B,$0.87B,25.04%,$3.47B,$0.79B,22.85%,$3.47B,$0.53B,15.36%,$0.53B,$3.40B,15.97%,$0.53B,$2.97B,18.09%,$0.53B,$15.06B,3.57%,$0.87B,$3.99B,22.10%,$906,$544,$362,$0,$97,$684,$222,$-17,$204,$69,$135,$135,$135,$222,$222,$219,223,$0.62,$0.61,$0,$0,$0,$93,$0,$9883,$424,$1647,$14964,$15057,$8323,$598,$1713,$3339,$11661,$100,$2942,$116,$3395,$15057,$0,$0,$0,$0,$0,$0,$0,$0,$0,$247,$-1,$0,$-56,$-5,$-50,$-55,$0,$-113,$0,$29,$29,$-173,$-173,$-13,$5,$-150,$-16,$0,$-13
47,2006-12-31,25.16,$15.67,1.61,$14.99,1.68,$9.55,2.63,$2.28,11.04,$0.10B,$8.17B,0.01,$0.60B,$3.46B,0.17,$3.42B,$1.39B,40.72%,$3.42B,$0.85B,24.76%,$3.42B,$0.85B,24.76%,$3.42B,$0.85B,24.76%,$3.42B,$0.77B,22.60%,$3.42B,$0.52B,15.14%,$0.52B,$3.46B,15.73%,$0.52B,$3.08B,17.77%,$0.52B,$14.98B,3.49%,$0.85B,$4.06B,22.13%,$857,$498,$359,$0,$94,$633,$224,$-18,$206,$64,$142,$142,$142,$224,$224,$224,228,$0.64,$0.64,$17,$0,$0,$96,$0,$9871,$378,$1679,$14885,$14980,$8173,$598,$1740,$3349,$11521,$100,$2827,$140,$3459,$14980,$519,$377,$76,$453,$-12,$0,$430,$-17,$401,$865,$-1,$0,$-55,$16,$-480,$-464,$0,$-521,$27,$-6,$21,$-323,$-323,$-48,$3,$-348,$-3,$0,$-48
