,Date,Stock Price,Book Value per Share,Price to Book Ratio,TTM Sales per Share,Price to Sales Ratio,TTM FCF per Share,Price to FCF Ratio,TTM Net EPS,PE Ratio,Current Assets,Current Liabilities,Current Ratio,Long Term Debt,Shareholder's Equity_x,Debt to Equity Ratio,TTM Revenue_x,TTM Gross Profit,Gross Margin,TTM Revenue_y,TTM Operating Income,Operating Margin,TTM Revenue_x,TTM EBIT,EBIT Margin,TTM Revenue_y,TTM EBITDA,EBITDA Margin,TTM Revenue_x,TTM Pre-Tax Income,Pre-Tax Margin,TTM Revenue_y,TTM Net Income_x,Net Margin,TTM Net Income_y,Shareholder's Equity_y,Return on Equity,TTM Net Income_x,Tangible Equity,Return on Tangible Equity,TTM Net Income_y,Total Assets,Return on Assets,TTM Net Income,LT Investments & Debt,Return on Investment,revenue,cost-goods-sold,gross-profit,research-development-expenses,selling-general-administrative-expenses,operating-expenses,operating-income,total-non-operating-income-expense,pre-tax-income,total-provision-income-taxes,income-after-taxes,income-from-continuous-operations,net-income,ebitda,ebit,basic-shares-outstanding,shares-outstanding,eps-basic-net-earnings-per-share,eps-earnings-per-share-diluted,cash-on-hand,inventory,other-current-assets,total-current-assets,net-property-plant-equipment,long-term-investments,goodwill-intangible-assets-total,other-long-term-assets,total-long-term-assets,total-assets,total-current-liabilities,long-term-debt,other-non-current-liabilities,total-long-term-liabilities,total-liabilities,common-stock-net,retained-earnings-accumulated-deficit,comprehensive-income,total-share-holder-equity,total-liabilities-share-holders-equity,net-income-loss,total-depreciation-amortization-cash-flow,other-non-cash-items,total-non-cash-items,change-in-accounts-receivable,change-in-inventories,change-in-accounts-payable,change-in-assets-liabilities,total-change-in-assets-liabilities,cash-flow-from-operating-activities,net-change-in-property-plant-equipment,net-change-in-intangible-assets,net-acquisitions-divestitures,net-change-in-short-term-investments,net-change-in-long-term-investments,net-change-in-investments-total,investing-activities-other,cash-flow-from-investing-activities,net-long-term-debt,net-current-debt,debt-issuance-retirement-net-total,net-common-equity-issued-repurchased,net-total-equity-issued-repurchased,total-common-preferred-stock-dividends-paid,financial-activities-other,cash-flow-from-financial-activities,net-cash-flow,stock-based-compensation,common-stock-dividends-paid
0,2018-09-30,244.08,$66.79,3.65,$59.16,4.13,$17.33,14.09,$6.33,38.56,$9.57B,$5.20B,1.84,$17.76B,$26.89B,0.66,$23.90B,$10.60B,44.36%,$23.90B,$3.60B,15.06%,$23.90B,$3.60B,15.06%,$23.90B,$5.88B,24.62%,$23.90B,$3.07B,12.85%,$23.90B,$2.57B,10.75%,$2.57B,$26.89B,9.79%,$2.57B,$-13.47B,-17.11%,$2.57B,$55.08B,4.59%,$3.60B,$44.65B,8.12%,$5920,$3305,$2615,$240,$1490,$5008,$912,$-102,$810,$101,$709,$709,$709,$1475,$912,$402,406,$1.76,$1.75,$1098,$2982,$1229,$9566,$3978,$0,$40361,$1173,$45512,$55078,$5196,$17760,$2682,$22992,$28188,$431,$17866,$-2519,$26890,$55078,$2040,$1709,$-103,$1606,$-64,$-333,$-45,$-462,$-904,$2742,$-468,$0,$-59,$0,$0,$0,$-5,$-532,$-1358,$-464,$-1822,$-153,$-153,$-198,$-51,$-2224,$-250,$137,$-198
1,2018-06-30,207.14,$65.65,3.16,$57.37,3.61,$16.35,12.67,$5.92,34.99,$9.47B,$5.98B,1.58,$17.71B,$26.45B,0.67,$23.09B,$10.29B,44.54%,$23.09B,$3.32B,14.38%,$23.09B,$3.32B,14.38%,$23.09B,$5.56B,24.07%,$23.09B,$2.74B,11.86%,$23.09B,$2.39B,10.36%,$2.39B,$26.45B,9.32%,$2.39B,$-14.36B,-14.96%,$2.39B,$55.40B,4.26%,$3.32B,$44.15B,7.44%,$6078,$3340,$2738,$242,$1542,$5141,$937,$-131,$806,$54,$752,$752,$752,$1508,$937,$403,406,$1.87,$1.85,$937,$2866,$1230,$9474,$3952,$0,$40800,$1177,$45929,$55403,$5980,$17709,$2670,$22978,$28958,$430,$17226,$-2491,$26445,$55403,$1331,$1146,$55,$1201,$-97,$-195,$-20,$-698,$-1010,$1522,$-298,$0,$-59,$0,$0,$0,$-7,$-364,$-1353,$106,$-1247,$78,$78,$-129,$-50,$-1348,$-405,$91,$-129
2,2018-03-31,206.3,$64.93,3.18,$55.10,3.74,$15.96,12.93,$5.63,36.64,$9.59B,$7.07B,1.36,$18.12B,$26.12B,0.69,$22.01B,$9.83B,44.68%,$22.01B,$3.13B,14.24%,$22.01B,$3.13B,14.24%,$22.01B,$5.28B,23.98%,$22.01B,$2.56B,11.63%,$22.01B,$2.25B,10.24%,$2.25B,$26.12B,9.14%,$2.25B,$-15.63B,-14.38%,$2.25B,$56.58B,4.18%,$3.13B,$44.25B,7.29%,$5853,$3273,$2580,$234,$1515,$5067,$786,$-152,$634,$55,$579,$579,$579,$1361,$786,$402,406,$1.44,$1.43,$950,$2891,$1217,$9588,$4059,$0,$41755,$1178,$46992,$56580,$7072,$18122,$2657,$23385,$30457,$429,$16542,$-2042,$26123,$56580,$579,$575,$-51,$524,$-71,$-124,$-94,$-736,$-1025,$78,$-116,$0,$-57,$0,$0,$0,$-6,$-179,$-453,$182,$-271,$39,$39,$-60,$-50,$-342,$-386,$43,$-60
3,2017-12-31,189.58,$63.32,2.99,$52.77,3.59,$16.74,11.33,$5.60,33.85,$9.42B,$7.05B,1.34,$18.87B,$25.41B,0.74,$20.92B,$9.45B,45.15%,$20.92B,$2.97B,14.19%,$20.92B,$2.97B,14.19%,$20.92B,$5.00B,23.91%,$20.92B,$2.43B,11.61%,$20.92B,$2.23B,10.64%,$2.23B,$25.41B,9.44%,$2.23B,$-16.56B,-14.68%,$2.23B,$56.67B,4.33%,$2.97B,$44.29B,7.21%,$6047,$3379,$2668,$234,$1467,$5082,$965,$-145,$820,$290,$530,$530,$528,$1539,$965,$395,398,$1.31,$1.29,$1335,$2971,$804,$9421,$4047,$0,$41974,$1227,$47248,$56669,$7048,$18873,$2569,$24208,$31256,$428,$15914,$-2003,$25413,$56669,$2225,$2033,$-747,$1286,$-362,$-81,$274,$663,$494,$4005,$-501,$0,$-7226,$22,$0,$22,$-24,$-7729,$3160,$-134,$3026,$1068,$1068,$-237,$-3,$3854,$550,$159,$-237
4,2017-09-30,188.75,$61.60,3.06,$50.06,3.77,$15.08,12.51,$5.89,32.05,$8.84B,$7.03B,1.26,$21.12B,$24.70B,0.86,$19.82B,$9.06B,45.68%,$19.82B,$2.76B,13.90%,$19.82B,$2.76B,13.90%,$19.82B,$4.69B,23.65%,$19.82B,$2.26B,11.41%,$19.82B,$2.33B,11.74%,$2.33B,$24.70B,10.29%,$2.33B,$-17.46B,-16.10%,$2.33B,$55.99B,4.78%,$2.76B,$45.82B,7.00%,$5116,$2816,$2300,$217,$1400,$4482,$634,$-154,$480,$-54,$534,$534,$534,$1151,$634,$396,400,$1.35,$1.34,$741,$3126,$768,$8844,$3932,$0,$42159,$1051,$47141,$55985,$7031,$21118,$0,$24252,$31284,$428,$15446,$-2183,$24702,$55985,$1697,$1459,$-255,$1204,$-161,$-208,$0,$-393,$-762,$2139,$-289,$0,$-7160,$0,$0,$0,$3,$-7446,$3907,$221,$4128,$1048,$1048,$-177,$-1,$4998,$-53,$116,$-177
5,2017-06-30,173.92,$57.40,3.03,$48.57,3.58,$14.90,11.67,$5.74,30.3,$7.45B,$5.08B,1.47,$15.26B,$22.39B,0.68,$19.20B,$8.81B,45.89%,$19.20B,$2.66B,13.87%,$19.20B,$2.66B,13.87%,$19.20B,$4.51B,23.50%,$19.20B,$2.21B,11.51%,$19.20B,$2.27B,11.81%,$2.27B,$22.39B,10.38%,$2.27B,$-13.03B,-16.54%,$2.27B,$46.51B,4.86%,$2.66B,$37.65B,7.09%,$4990,$2706,$2284,$222,$1291,$4241,$749,$-123,$626,$13,$613,$613,$612,$1226,$749,$390,393,$1.57,$1.56,$611,$2422,$746,$7453,$2600,$0,$35421,$1040,$39061,$46514,$5076,$15256,$1470,$19046,$24122,$417,$14972,$-2256,$22392,$46514,$1163,$942,$-151,$791,$-127,$-146,$49,$-520,$-744,$1210,$-179,$0,$-307,$0,$0,$0,$9,$-477,$-810,$496,$-314,$-651,$-651,$-118,$0,$-1083,$-182,$71,$-118
6,2017-03-31,152.98,$55.71,2.75,$47.30,3.23,$14.90,10.27,$5.48,27.92,$7.25B,$5.30B,1.37,$15.19B,$21.80B,0.7,$18.74B,$8.61B,45.91%,$18.74B,$2.55B,13.61%,$18.74B,$2.55B,13.61%,$18.74B,$4.36B,23.25%,$18.74B,$2.10B,11.22%,$18.74B,$2.17B,11.59%,$2.17B,$21.80B,10.07%,$2.17B,$-13.59B,-16.42%,$2.17B,$46.21B,4.76%,$2.55B,$36.98B,7.02%,$4765,$2572,$2193,$215,$1334,$4145,$620,$-117,$503,$-48,$551,$551,$551,$1085,$620,$391,394,$1.41,$1.40,$713,$2327,$684,$7248,$2563,$0,$35382,$1020,$38966,$46214,$5303,$15188,$1464,$19116,$24418,$416,$14419,$-2474,$21795,$46214,$551,$465,$-36,$429,$-18,$-105,$114,$-610,$-619,$361,$-92,$0,$-301,$0,$0,$0,$11,$-382,$-184,$566,$382,$-442,$-442,$-59,$0,$-119,$-74,$33,$-59
7,2016-12-31,140.4,$54.75,2.56,$45.98,3.05,$14.78,9.5,$5.09,27.58,$7.02B,$4.87B,1.44,$15.37B,$21.54B,0.71,$18.27B,$8.37B,45.80%,$18.27B,$2.45B,13.40%,$18.27B,$2.45B,13.40%,$18.27B,$4.21B,23.02%,$18.27B,$2.02B,11.08%,$18.27B,$2.02B,11.07%,$2.02B,$21.54B,9.48%,$2.02B,$-13.76B,-15.78%,$2.02B,$45.91B,4.52%,$2.45B,$36.91B,6.95%,$4953,$2674,$2279,$213,$1265,$4201,$752,$-100,$652,$20,$632,$632,$630,$1226,$752,$395,397,$1.59,$1.59,$786,$2213,$595,$7021,$2578,$0,$35297,$1012,$38887,$45908,$4866,$15372,$1573,$19502,$24368,$415,$13927,$-2636,$21540,$45908,$2022,$1758,$-344,$1414,$-352,$98,$56,$20,$-178,$3258,$-418,$0,$-5178,$81,$0,$81,$-5,$-5520,$3270,$904,$4174,$-1163,$-1163,$-238,$-14,$2759,$345,$133,$-238
8,2016-09-30,158.11,$54.83,2.88,$45.08,3.51,$13.94,11.34,$5.00,31.62,$8.20B,$5.26B,1.56,$16.94B,$21.66B,0.78,$17.97B,$8.20B,45.62%,$17.97B,$2.39B,13.28%,$17.97B,$2.39B,13.28%,$17.97B,$4.10B,22.78%,$17.97B,$1.95B,10.87%,$17.97B,$2.00B,11.10%,$2.00B,$21.66B,9.37%,$2.00B,$-14.44B,-16.71%,$2.00B,$48.01B,4.58%,$2.39B,$38.60B,6.98%,$4491,$2437,$2054,$183,$1275,$3950,$541,$-113,$428,$-46,$474,$474,$474,$974,$541,$395,397,$1.20,$1.19,$1970,$2391,$948,$8204,$2599,$0,$36102,$1105,$39806,$48011,$5260,$16940,$1437,$21092,$26352,$415,$13357,$-2155,$21659,$48011,$1392,$1284,$-328,$956,$-112,$22,$66,$-272,$-296,$2053,$-288,$0,$-5143,$12,$0,$12,$-9,$-5428,$5299,$769,$6068,$-925,$-925,$-179,$-14,$4950,$1534,$102,$-179
9,2016-06-30,146.73,$53.93,2.72,$44.03,3.33,$12.74,11.52,$4.99,29.4,$6.33B,$5.53B,1.15,$11.63B,$21.26B,0.55,$17.61B,$8.03B,45.60%,$17.61B,$2.41B,13.68%,$17.61B,$2.41B,13.68%,$17.61B,$4.11B,23.36%,$17.61B,$1.99B,11.33%,$17.61B,$2.00B,11.34%,$2.00B,$21.26B,9.47%,$2.00B,$-11.13B,-18.07%,$2.00B,$42.25B,4.78%,$2.41B,$32.90B,7.45%,$4535,$2457,$2079,$182,$1223,$3898,$638,$-117,$521,$4,$517,$517,$517,$1073,$638,$394,397,$1.31,$1.30,$663,$2086,$873,$6331,$2452,$0,$32389,$1082,$35922,$42253,$5528,$11632,$1348,$15461,$20990,$414,$12943,$-2082,$21264,$42253,$919,$851,$-185,$666,$-95,$-26,$40,$-256,$-337,$1248,$-208,$0,$-1033,$8,$0,$8,$-2,$-1235,$348,$936,$1284,$-922,$-922,$-119,$-14,$229,$224,$67,$-119
10,2016-03-31,140.46,$53.17,2.64,$43.24,3.25,$11.76,11.95,$4.96,28.32,$6.54B,$6.32B,1.03,$11.65B,$20.92B,0.56,$17.34B,$7.89B,45.50%,$17.34B,$2.37B,13.65%,$17.34B,$2.37B,13.65%,$17.34B,$4.06B,23.38%,$17.34B,$1.98B,11.40%,$17.34B,$1.99B,11.49%,$1.99B,$20.92B,9.51%,$1.99B,$-11.95B,-17.86%,$1.99B,$42.95B,4.78%,$2.37B,$32.58B,7.41%,$4295,$2337,$1958,$177,$1213,$3777,$518,$-95,$423,$21,$402,$402,$402,$934,$518,$396,399,$1.02,$1.01,$827,$2155,$889,$6539,$2483,$0,$32870,$1060,$36414,$42953,$6323,$11653,$1359,$15706,$22028,$413,$12485,$-1867,$20924,$42953,$402,$416,$-36,$380,$-30,$-56,$35,$-396,$-447,$335,$-109,$0,$-1032,$4,$0,$4,$-1,$-1139,$998,$1174,$2171,$-968,$-968,$-60,$-0,$1142,$375,$33,$-60
11,2015-12-31,140.57,$53.42,2.63,$42.23,3.33,$11.15,12.61,$4.91,28.63,$5.74B,$4.15B,1.39,$11.42B,$21.35B,0.54,$16.97B,$7.76B,45.72%,$16.97B,$2.34B,13.77%,$16.97B,$2.34B,13.77%,$16.97B,$4.03B,23.73%,$16.97B,$1.94B,11.41%,$16.97B,$1.98B,11.64%,$1.98B,$21.35B,9.54%,$1.98B,$-10.24B,-17.52%,$1.98B,$40.83B,4.77%,$2.34B,$32.77B,7.42%,$4652,$2544,$2108,$180,$1190,$3962,$690,$-108,$582,$-24,$606,$606,$602,$1114,$690,$399,402,$1.52,$1.51,$452,$1992,$534,$5741,$2449,$0,$31586,$1058,$35093,$40834,$4146,$11420,$1295,$15338,$19484,$412,$12142,$-1997,$21350,$40834,$1975,$1688,$-336,$1352,$-149,$-141,$-3,$-92,$-385,$2942,$-405,$0,$-695,$12,$0,$12,$-5,$-1093,$-1991,$49,$-1942,$-428,$-428,$-241,$-6,$-2617,$-898,$125,$-241
12,2015-09-30,121.04,$52.24,2.32,$41.82,2.89,$10.41,11.63,$4.90,24.7,$6.03B,$5.74B,1.05,$10.28B,$20.85B,0.49,$16.81B,$7.74B,46.05%,$16.81B,$2.29B,13.60%,$16.81B,$2.29B,13.60%,$16.81B,$3.98B,23.68%,$16.81B,$1.89B,11.25%,$16.81B,$1.97B,11.75%,$1.97B,$20.85B,9.63%,$1.97B,$-10.91B,-16.70%,$1.97B,$41.15B,4.71%,$2.29B,$31.13B,7.25%,$4123,$2240,$1883,$172,$1133,$3560,$563,$-95,$468,$-9,$477,$477,$476,$991,$563,$399,402,$1.19,$1.18,$503,$1987,$728,$6026,$2392,$0,$31761,$968,$35121,$41147,$5735,$10278,$1252,$14562,$20297,$411,$11600,$-1886,$20850,$41147,$1373,$1264,$-224,$1040,$-146,$-175,$-27,$-476,$-824,$1589,$-286,$0,$-306,$0,$0,$0,$16,$-576,$-1938,$726,$-1213,$-403,$-403,$-181,$50,$-1747,$-840,$92,$-181
13,2015-06-30,128.29,$51.90,2.47,$41.90,3.06,$10.67,12.02,$4.89,26.23,$6.24B,$6.10B,1.02,$10.66B,$20.68B,0.52,$16.85B,$7.79B,46.23%,$16.85B,$2.36B,14.01%,$16.85B,$2.36B,14.01%,$16.85B,$4.08B,24.23%,$16.85B,$1.96B,11.64%,$16.85B,$1.97B,11.69%,$1.97B,$20.68B,9.65%,$1.97B,$-11.51B,-15.89%,$1.97B,$41.77B,4.66%,$2.36B,$31.34B,7.45%,$4271,$2329,$1942,$175,$1151,$3675,$596,$-92,$504,$-8,$512,$512,$512,$1016,$596,$398,402,$1.28,$1.27,$770,$1962,$589,$6237,$2407,$0,$32191,$940,$35538,$41774,$6100,$10664,$1196,$14994,$21095,$411,$11184,$-1595,$20680,$41774,$897,$836,$-195,$641,$-202,$-122,$22,$-391,$-693,$845,$-186,$0,$-299,$0,$0,$0,$16,$-469,$-1555,$1122,$-433,$-418,$-418,$-121,$43,$-929,$-575,$59,$-121
14,2015-03-31,132.66,$50.03,2.65,$41.99,3.16,$11.07,11.98,$4.31,30.78,$6.18B,$6.86B,0.9,$10.70B,$19.92B,0.54,$16.91B,$7.70B,45.52%,$16.91B,$2.11B,12.51%,$16.91B,$2.11B,12.51%,$16.91B,$3.85B,22.78%,$16.91B,$1.70B,10.03%,$16.91B,$1.74B,10.28%,$1.74B,$19.92B,8.51%,$1.74B,$-12.44B,-13.24%,$1.74B,$41.86B,4.05%,$2.11B,$30.61B,6.58%,$3919,$2096,$1823,$166,$1137,$3432,$487,$-105,$382,$-3,$385,$385,$385,$904,$487,$398,401,$0.97,$0.96,$873,$1899,$571,$6181,$2384,$0,$32355,$937,$35677,$41857,$6861,$10696,$1162,$15082,$21943,$410,$10732,$-1847,$19915,$41857,$385,$416,$-99,$317,$-125,$-81,$35,$-451,$-622,$80,$-97,$0,$-299,$0,$0,$0,$1,$-394,$-851,$1219,$368,$-440,$-440,$-61,$33,$-100,$-479,$28,$-61
15,2014-12-31,123.58,$51.31,2.41,$42.02,2.94,$11.12,11.12,$4.71,26.24,$6.54B,$5.35B,1.22,$12.35B,$20.55B,0.6,$16.89B,$7.49B,44.36%,$16.89B,$2.50B,14.82%,$16.89B,$2.50B,14.82%,$16.89B,$4.19B,24.80%,$16.89B,$2.09B,12.36%,$16.89B,$1.90B,11.22%,$1.90B,$20.55B,9.23%,$1.90B,$-12.41B,-13.75%,$1.90B,$42.85B,4.31%,$2.50B,$32.90B,7.49%,$4493,$2401,$2092,$183,$1237,$3854,$639,$-102,$537,$-67,$604,$604,$601,$1068,$639,$398,402,$1.50,$1.49,$1344,$1860,$560,$6540,$2427,$0,$32953,$933,$36312,$42852,$5350,$12352,$1172,$16954,$22304,$409,$10407,$-1285,$20548,$42852,$1894,$1685,$-1128,$557,$-145,$-110,$1,$422,$168,$2620,$-378,$0,$-11538,$89,$0,$89,$45,$-11783,$2126,$-250,$1876,$3097,$3097,$-235,$57,$4796,$-4483,$117,$-235
16,2014-09-30,119.9,$51.27,2.34,$40.33,2.97,$10.33,11.61,$4.14,28.96,$5.72B,$6.22B,0.92,$11.39B,$20.51B,0.56,$15.86B,$6.88B,43.39%,$15.86B,$2.32B,14.62%,$15.86B,$2.32B,14.62%,$15.86B,$3.82B,24.10%,$15.86B,$1.93B,12.15%,$15.86B,$1.64B,10.31%,$1.64B,$20.51B,8.34%,$1.64B,$-13.24B,-14.40%,$1.64B,$42.69B,3.97%,$2.32B,$31.90B,7.30%,$4171,$2238,$1934,$175,$1229,$3531,$640,$-101,$539,$69,$470,$470,$472,$1096,$640,$400,404,$1.18,$1.17,$544,$1914,$525,$5720,$2406,$0,$33745,$820,$36971,$42691,$6222,$11389,$1096,$15958,$22180,$408,$9866,$-724,$20511,$42691,$1293,$1256,$-1127,$129,$-117,$-109,$-3,$473,$244,$1666,$-251,$0,$-11536,$84,$0,$84,$46,$-11657,$1569,$184,$1753,$3075,$3075,$-175,$54,$4707,$-5292,$87,$-175
17,2014-06-30,116.11,$51.73,2.24,$38.69,3.0,$9.84,11.8,$3.83,30.32,$5.94B,$6.24B,0.95,$12.50B,$20.66B,0.61,$14.89B,$6.30B,42.30%,$14.89B,$2.07B,13.91%,$14.89B,$2.07B,13.91%,$14.89B,$3.37B,22.65%,$14.89B,$1.71B,11.47%,$14.89B,$1.48B,9.96%,$1.48B,$20.66B,7.97%,$1.48B,$-14.40B,-16.70%,$1.48B,$44.31B,3.94%,$2.07B,$33.16B,7.00%,$4322,$2475,$1847,$184,$1254,$3974,$348,$-112,$237,$-42,$279,$279,$279,$783,$348,$399,403,$0.70,$0.69,$606,$1934,$507,$5944,$2472,$0,$35061,$836,$38369,$44313,$6236,$12502,$1129,$17419,$23655,$407,$9455,$-112,$20659,$44313,$822,$800,$-894,$-94,$-154,$-54,$3,$466,$262,$990,$-168,$0,$-12006,$65,$0,$65,$34,$-12074,$2547,$287,$2834,$3051,$3051,$-115,$51,$5821,$-5241,$56,$-115
18,2014-03-31,118.17,$51.21,2.31,$36.88,3.2,$9.59,12.32,$3.90,30.3,$7.31B,$5.39B,1.36,$15.20B,$20.43B,0.74,$13.80B,$5.81B,42.11%,$13.80B,$2.10B,15.20%,$13.80B,$2.10B,15.20%,$13.80B,$3.21B,23.28%,$13.80B,$1.75B,12.69%,$13.80B,$1.48B,10.72%,$1.48B,$20.43B,8.51%,$1.48B,$-15.08B,-23.66%,$1.48B,$46.13B,4.42%,$2.10B,$35.63B,7.79%,$3904,$2284,$1620,$150,$1177,$3028,$876,$-101,$774,$231,$543,$543,$543,$1241,$876,$393,398,$1.38,$1.36,$1523,$2061,$797,$7306,$2489,$0,$35506,$833,$38828,$46134,$5392,$15197,$1129,$20312,$25703,$407,$9236,$-63,$20431,$46134,$543,$366,$-826,$-460,$-193,$-32,$-10,$253,$18,$101,$-101,$0,$-12000,$0,$33,$33,$0,$-12068,$4399,$213,$4612,$3030,$3030,$-55,$48,$7635,$-4329,$25,$-55
19,2013-12-31,109.3,$46.57,2.35,$35.90,3.04,$10.24,10.67,$3.47,31.5,$9.88B,$3.13B,3.16,$9.50B,$16.86B,0.56,$13.09B,$5.53B,42.24%,$13.09B,$1.61B,12.29%,$13.09B,$1.61B,12.29%,$13.09B,$2.61B,19.94%,$13.09B,$1.32B,10.08%,$13.09B,$1.27B,9.72%,$1.27B,$16.86B,7.87%,$1.27B,$-2.72B,-35.49%,$1.27B,$31.86B,4.42%,$1.61B,$26.36B,6.82%,$3467,$1985,$1482,$105,$899,$3012,$455,$-77,$378,$35,$343,$343,$342,$704,$455,$360,366,$0.94,$0.93,$5831,$1495,$421,$9881,$1767,$0,$19575,$641,$21983,$31863,$3126,$9500,$772,$11881,$15007,$370,$8753,$-77,$16856,$31863,$1273,$1000,$-383,$617,$-148,$-72,$47,$294,$121,$2011,$-262,$0,$-11,$0,$8,$8,$2,$-263,$3167,$188,$3355,$141,$141,$-216,$31,$3310,$5020,$91,$-216
20,2013-09-30,90.32,$45.49,1.99,$35.32,2.56,$10.20,8.86,$3.59,25.16,$6.21B,$2.45B,2.53,$6.72B,$16.44B,0.41,$12.88B,$5.43B,42.17%,$12.88B,$1.56B,12.07%,$12.88B,$1.56B,12.07%,$12.88B,$2.56B,19.88%,$12.88B,$1.29B,9.98%,$12.88B,$1.31B,10.15%,$1.31B,$16.44B,8.26%,$1.31B,$-3.31B,-31.79%,$1.31B,$28.27B,4.72%,$1.56B,$23.16B,6.87%,$3192,$1844,$1348,$96,$849,$2800,$392,$-73,$319,$1,$318,$318,$318,$643,$392,$361,367,$0.88,$0.86,$1850,$1547,$687,$6210,$1709,$0,$19744,$610,$22062,$28273,$2453,$6718,$812,$9382,$11835,$419,$8466,$-150,$16437,$28273,$931,$751,$-135,$615,$-155,$-130,$49,$-29,$-264,$1282,$-172,$0,$-6,$0,$1,$1,$-16,$-193,$-1,$-1,$-2,$115,$115,$-162,$35,$-14,$1040,$67,$-162
21,2013-06-30,82.81,$43.83,1.89,$35.07,2.36,$10.40,7.96,$3.52,23.53,$5.64B,$2.36B,2.39,$6.72B,$15.80B,0.43,$12.78B,$5.38B,42.13%,$12.78B,$1.52B,11.86%,$12.78B,$1.52B,11.86%,$12.78B,$2.52B,19.68%,$12.78B,$1.26B,9.88%,$12.78B,$1.28B,10.01%,$1.28B,$15.80B,8.23%,$1.28B,$-3.92B,-28.03%,$1.28B,$27.63B,4.65%,$1.52B,$22.52B,6.76%,$3240,$1877,$1363,$97,$870,$2865,$375,$-95,$280,$2,$278,$278,$277,$625,$375,$360,364,$0.77,$0.76,$1413,$1487,$660,$5642,$1689,$0,$19720,$579,$21988,$27630,$2363,$6721,$797,$9464,$11827,$418,$8203,$-456,$15803,$27630,$614,$500,$-12,$489,$-139,$-98,$33,$-122,$-326,$777,$-128,$0,$-5,$1,$0,$1,$-1,$-133,$-1,$-2,$-2,$83,$83,$-108,$30,$2,$557,$44,$-108
22,2013-03-31,74.71,$43.46,1.72,$34.58,2.16,$10.71,6.97,$3.39,22.04,$5.14B,$2.30B,2.23,$6.72B,$15.60B,0.43,$12.65B,$5.34B,42.24%,$12.65B,$1.51B,11.93%,$12.65B,$1.51B,11.93%,$12.65B,$2.50B,19.76%,$12.65B,$1.30B,10.29%,$12.65B,$1.24B,9.77%,$1.24B,$15.60B,8.05%,$1.24B,$-4.41B,-26.31%,$1.24B,$27.41B,4.54%,$1.51B,$22.32B,6.86%,$3192,$1855,$1336,$98,$830,$2804,$387,$-44,$343,$2,$341,$341,$336,$638,$387,$358,362,$0.94,$0.93,$1008,$1475,$567,$5136,$1686,$0,$20005,$584,$22275,$27411,$2303,$6724,$786,$9508,$11811,$417,$7980,$-329,$15600,$27411,$336,$251,$3,$254,$-131,$-68,$43,$-135,$-292,$298,$-63,$0,$-4,$0,$0,$0,$-0,$-67,$-1,$-2,$-2,$12,$12,$-54,$16,$-28,$153,$20,$-54
23,2012-12-31,62.18,$43.26,1.44,$34.01,1.83,$10.94,5.68,$3.21,19.37,$4.84B,$2.09B,2.31,$7.03B,$15.47B,0.46,$12.51B,$5.30B,42.33%,$12.51B,$1.48B,11.85%,$12.51B,$1.48B,11.85%,$12.51B,$2.47B,19.70%,$12.51B,$1.27B,10.14%,$12.51B,$1.18B,9.41%,$1.18B,$15.47B,7.70%,$1.18B,$-4.81B,-24.89%,$1.18B,$27.45B,4.35%,$1.48B,$22.50B,6.84%,$3259,$1873,$1386,$99,$857,$2859,$401,$-57,$344,$-42,$386,$386,$376,$655,$401,$364,367,$1.04,$1.04,$810,$1443,$595,$4835,$1726,$0,$20279,$604,$22610,$27445,$2093,$7031,$808,$9887,$11980,$414,$7697,$-150,$15465,$27445,$1178,$984,$-88,$896,$12,$-60,$10,$4,$-34,$2040,$-302,$0,$-1083,$0,$2,$2,$13,$-1371,$928,$-825,$102,$-896,$-896,$-142,$18,$-918,$-211,$78,$-142
24,2012-09-30,57.22,$42.45,1.35,$33.05,1.73,$9.94,5.75,$2.94,19.46,$4.95B,$2.52B,1.96,$7.04B,$15.29B,0.46,$12.30B,$5.20B,42.29%,$12.30B,$1.43B,11.62%,$12.30B,$1.43B,11.62%,$12.30B,$2.40B,19.54%,$12.30B,$1.24B,10.06%,$12.30B,$1.09B,8.86%,$1.09B,$15.29B,7.18%,$1.09B,$-5.12B,-23.13%,$1.09B,$27.58B,4.05%,$1.43B,$22.33B,6.73%,$3086,$1787,$1298,$92,$839,$2734,$352,$-56,$296,$-3,$299,$299,$290,$597,$352,$363,365,$0.80,$0.79,$837,$1517,$567,$4947,$1670,$0,$20406,$555,$22631,$27578,$2523,$7038,$718,$9765,$12288,$411,$7375,$-200,$15291,$27578,$802,$729,$-79,$650,$-16,$-133,$71,$5,$-72,$1379,$-199,$0,$-1072,$0,$0,$0,$-29,$-1300,$1282,$-835,$447,$-669,$-669,$-95,$6,$-310,$-218,$58,$-95
25,2012-06-30,50.38,$41.29,1.22,$32.27,1.56,$9.01,5.59,$2.84,17.74,$4.67B,$2.70B,1.73,$5.75B,$15.09B,0.38,$12.15B,$5.12B,42.18%,$12.15B,$1.39B,11.47%,$12.15B,$1.39B,11.47%,$12.15B,$2.35B,19.36%,$12.15B,$1.21B,9.94%,$12.15B,$1.07B,8.77%,$1.07B,$15.09B,7.03%,$1.07B,$-4.45B,-22.90%,$1.07B,$26.36B,3.98%,$1.39B,$20.84B,6.64%,$3108,$1787,$1321,$94,$835,$2740,$368,$-49,$318,$26,$292,$292,$234,$609,$368,$367,369,$0.64,$0.63,$737,$1391,$558,$4667,$1603,$0,$19546,$546,$21694,$26361,$2703,$5746,$710,$8564,$11267,$409,$7132,$-458,$15094,$26361,$511,$484,$25,$509,$-12,$-103,$48,$-53,$-121,$900,$-127,$0,$-179,$0,$0,$0,$1,$-305,$0,$-484,$-484,$-336,$-336,$-48,$-1,$-869,$-284,$38,$-48
26,2012-03-31,54.58,$41.63,1.31,$31.25,1.75,$8.42,6.48,$3.57,15.29,$4.77B,$2.85B,1.68,$5.75B,$15.29B,0.38,$11.90B,$4.96B,41.73%,$11.90B,$1.29B,10.85%,$11.90B,$1.29B,10.85%,$11.90B,$2.21B,18.57%,$11.90B,$1.15B,9.63%,$11.90B,$1.35B,11.38%,$1.35B,$15.29B,8.85%,$1.35B,$-4.54B,-34.92%,$1.35B,$26.82B,5.17%,$1.29B,$21.04B,6.24%,$3057,$1767,$1290,$92,$824,$2695,$362,$-50,$311,$30,$281,$281,$277,$604,$362,$367,370,$0.76,$0.75,$793,$1422,$500,$4770,$1665,$0,$19824,$564,$22053,$26823,$2845,$5751,$719,$8688,$11534,$409,$6946,$-151,$15289,$26823,$277,$243,$2,$244,$-58,$-77,$67,$-61,$-129,$392,$-65,$0,$-1,$0,$0,$0,$-1,$-66,$-0,$-347,$-348,$-245,$-245,$0,$8,$-585,$-228,$17,$0
27,2011-12-31,43.43,$40.49,1.07,$29.88,1.45,$8.24,5.27,$3.46,12.55,$4.82B,$3.11B,1.55,$5.76B,$15.04B,0.38,$11.56B,$4.79B,41.47%,$11.56B,$1.25B,10.81%,$11.56B,$1.25B,10.81%,$11.56B,$2.11B,18.26%,$11.56B,$1.13B,9.80%,$11.56B,$1.33B,11.50%,$1.33B,$15.04B,8.69%,$1.33B,$-4.75B,-50.08%,$1.33B,$26.83B,5.25%,$1.25B,$20.79B,6.34%,$3051,$1757,$1294,$95,$820,$2702,$348,$-36,$313,$20,$293,$293,$289,$594,$348,$381,385,$0.77,$0.77,$1021,$1330,$550,$4822,$1611,$0,$19789,$611,$22012,$26834,$3113,$5755,$698,$8683,$11796,$406,$6716,$-400,$15038,$26834,$1330,$860,$-233,$627,$-101,$-29,$34,$-169,$-265,$1691,$-253,$0,$-5649,$0,$20,$20,$740,$-5142,$3801,$909,$4709,$-1179,$-1179,$0,$21,$3551,$99,$80,$0
28,2011-09-30,48.91,$40.17,1.22,$28.16,1.74,$7.58,6.45,$3.44,14.22,$4.74B,$2.79B,1.7,$6.12B,$15.20B,0.4,$11.05B,$4.59B,41.49%,$11.05B,$1.21B,10.90%,$11.05B,$1.21B,10.90%,$11.05B,$2.00B,18.08%,$11.05B,$1.10B,9.95%,$11.05B,$1.34B,12.10%,$1.34B,$15.20B,8.70%,$1.34B,$-4.87B,-98.80%,$1.34B,$26.99B,5.58%,$1.21B,$21.31B,6.39%,$2933,$1714,$1219,$87,$805,$2617,$316,$-50,$266,$0,$266,$266,$265,$545,$316,$380,383,$0.70,$0.69,$898,$1406,$415,$4735,$1629,$0,$20062,$565,$22257,$26992,$2793,$6115,$625,$9003,$11796,$406,$6427,$-279,$15196,$26992,$1041,$614,$-354,$260,$-76,$-62,$29,$-138,$-247,$1054,$-174,$0,$-5677,$0,$0,$0,$782,$-5069,$3802,$1009,$4810,$-834,$-834,$0,$21,$3997,$-27,$61,$0
29,2011-06-30,62.19,$41.02,1.52,$27.00,2.3,$7.50,8.3,$3.41,18.24,$5.01B,$1.82B,2.76,$4.01B,$15.67B,0.26,$10.75B,$4.43B,41.21%,$10.75B,$1.19B,11.09%,$10.75B,$1.19B,11.09%,$10.75B,$1.94B,18.03%,$10.75B,$1.12B,10.43%,$10.75B,$1.34B,12.48%,$1.34B,$15.67B,8.70%,$1.34B,$-1.36B,-862.38%,$1.34B,$24.07B,5.93%,$1.19B,$19.68B,6.66%,$2854,$1693,$1161,$83,$773,$2589,$265,$-10,$255,$38,$217,$217,$523,$466,$265,$382,386,$1.37,$1.36,$1364,$1350,$412,$5005,$1510,$0,$17023,$536,$19069,$24074,$1817,$4009,$626,$6591,$8408,$406,$6162,$266,$15666,$24074,$776,$385,$-309,$76,$-68,$-62,$57,$-85,$-158,$693,$-114,$0,$-2078,$0,$0,$0,$826,$-1366,$1722,$9,$1731,$-621,$-621,$0,$15,$1126,$439,$42,$0
30,2011-03-31,53.65,$39.80,1.35,$25.85,2.08,$7.26,7.39,$2.62,20.48,$6.19B,$4.15B,1.49,$1.80B,$15.26B,0.12,$10.49B,$4.32B,41.15%,$10.49B,$1.23B,11.68%,$10.49B,$1.23B,11.68%,$10.49B,$1.96B,18.64%,$10.49B,$1.13B,10.75%,$10.49B,$1.06B,10.06%,$1.06B,$15.26B,6.88%,$1.06B,$0.36B,454.74%,$1.06B,$23.43B,4.82%,$1.23B,$17.06B,7.07%,$2721,$1601,$1120,$75,$709,$2400,$322,$-23,$299,$52,$247,$247,$252,$506,$322,$389,395,$0.65,$0.64,$2794,$1264,$382,$6189,$1389,$0,$14895,$957,$17241,$23431,$4146,$1801,$623,$4030,$8176,$403,$5639,$164,$15255,$23431,$252,$184,$-8,$176,$-64,$-63,$68,$-31,$-90,$339,$-63,$0,$-24,$0,$0,$0,$-2,$-89,$2141,$-3,$2138,$-493,$-493,$0,$6,$1652,$1872,$22,$0
31,2010-12-31,53.47,$39.25,1.36,$25.23,2.12,$7.26,7.36,$2.54,21.05,$4.14B,$1.71B,2.42,$2.03B,$15.36B,0.13,$10.39B,$4.26B,41.00%,$10.39B,$1.19B,11.44%,$10.39B,$1.19B,11.44%,$10.39B,$1.93B,18.54%,$10.39B,$1.09B,10.47%,$10.39B,$1.04B,9.96%,$1.04B,$15.36B,6.72%,$1.04B,$0.45B,590.58%,$1.04B,$21.35B,4.83%,$1.19B,$17.39B,6.83%,$2542,$1457,$1085,$77,$680,$2239,$303,$-23,$280,$6,$274,$274,$297,$481,$303,$403,409,$0.77,$0.75,$926,$1173,$381,$4135,$1360,$0,$14909,$945,$17214,$21349,$1710,$2031,$621,$4279,$5988,$402,$5386,$44,$15361,$21349,$1036,$740,$-115,$624,$-71,$-24,$-1,$-67,$-162,$1498,$-235,$0,$-606,$0,$9,$9,$-27,$-859,$-365,$-8,$-373,$-935,$-935,$0,$13,$-1295,$-647,$82,$0
32,2010-09-30,46.24,$38.74,1.19,$25.27,1.83,$7.66,6.04,$2.44,18.95,$4.17B,$1.77B,2.36,$2.06B,$15.40B,0.13,$10.49B,$4.19B,39.91%,$10.49B,$1.16B,11.08%,$10.49B,$1.16B,11.08%,$10.49B,$1.91B,18.16%,$10.49B,$1.04B,9.93%,$10.49B,$1.01B,9.63%,$1.01B,$15.40B,6.56%,$1.01B,$-0.08B,1123.33%,$1.01B,$21.54B,4.70%,$1.16B,$17.46B,6.67%,$2629,$1567,$1062,$72,$677,$2326,$303,$-15,$287,$29,$259,$259,$269,$485,$303,$401,405,$0.67,$0.66,$939,$1208,$293,$4171,$1366,$0,$15473,$528,$17366,$21537,$1771,$2061,$541,$4370,$6140,$426,$5089,$79,$15397,$21537,$738,$561,$-84,$478,$-130,$-62,$48,$-12,$-156,$1060,$-165,$0,$-545,$0,$0,$0,$3,$-707,$-362,$-9,$-371,$-610,$-610,$0,$8,$-973,$-634,$62,$0
33,2010-06-30,47.37,$37.66,1.26,$24.79,1.91,$7.84,6.04,$2.31,20.51,$4.35B,$1.62B,2.69,$2.03B,$15.35B,0.13,$10.40B,$4.14B,39.80%,$10.40B,$1.14B,10.93%,$10.40B,$1.14B,10.93%,$10.40B,$1.89B,18.20%,$10.40B,$1.00B,9.64%,$10.40B,$0.96B,9.26%,$0.96B,$15.35B,6.25%,$0.96B,$0.19B,426.58%,$0.96B,$21.28B,4.48%,$1.14B,$17.38B,6.52%,$2596,$1547,$1049,$70,$673,$2298,$298,$-37,$261,$32,$229,$229,$237,$483,$298,$409,416,$0.58,$0.57,$1317,$1149,$248,$4348,$1298,$0,$15153,$482,$16933,$21281,$1616,$2033,$535,$4320,$5936,$426,$4820,$-150,$15345,$21281,$470,$379,$-62,$317,$-100,$-51,$52,$-61,$-160,$627,$-103,$0,$-288,$0,$0,$0,$0,$-391,$-361,$-0,$-362,$-138,$-138,$0,$8,$-492,$-257,$41,$0
34,2010-03-31,49.68,$37.72,1.32,$24.42,2.03,$8.13,6.11,$2.23,22.28,$4.53B,$1.78B,2.55,$1.93B,$15.48B,0.13,$10.28B,$4.08B,39.64%,$10.28B,$1.10B,10.67%,$10.28B,$1.10B,10.67%,$10.28B,$1.86B,18.11%,$10.28B,$0.97B,9.46%,$10.28B,$0.93B,9.07%,$0.93B,$15.48B,6.08%,$0.93B,$0.13B,492.35%,$0.93B,$21.63B,4.35%,$1.10B,$17.41B,6.32%,$2627,$1561,$1066,$66,$698,$2342,$285,$-25,$260,$35,$225,$225,$232,$478,$285,$410,418,$0.55,$0.55,$1440,$1155,$279,$4529,$1312,$0,$15347,$436,$17096,$21625,$1776,$1930,$541,$4369,$6145,$425,$4583,$-47,$15480,$21625,$232,$194,$-11,$183,$-104,$-35,$74,$-8,$-72,$343,$-48,$0,$-229,$0,$0,$0,$-1,$-278,$-209,$-0,$-210,$27,$27,$0,$5,$-178,$-132,$19,$0
35,2009-12-31,46.06,$37.70,1.22,$23.44,1.97,$8.16,5.65,$2.02,22.8,$4.53B,$1.64B,2.76,$2.07B,$15.43B,0.13,$9.91B,$3.90B,39.32%,$9.91B,$1.00B,10.11%,$9.91B,$1.00B,10.11%,$9.91B,$1.76B,17.80%,$9.91B,$0.88B,8.88%,$9.91B,$0.85B,8.58%,$0.85B,$15.43B,5.58%,$0.85B,$0.11B,469.61%,$0.85B,$21.63B,3.99%,$1.00B,$17.50B,5.81%,$2641,$1630,$1011,$67,$645,$2364,$278,$-43,$234,$-12,$246,$246,$273,$460,$278,$412,423,$0.66,$0.64,$1571,$1131,$259,$4531,$1333,$0,$15320,$441,$17094,$21625,$1639,$2066,$555,$4555,$6194,$424,$4351,$92,$15431,$21625,$850,$763,$-69,$694,$125,$108,$-45,$-73,$115,$1659,$-187,$0,$-633,$0,$1,$1,$-11,$-830,$-179,$-21,$-200,$-360,$-360,$0,$3,$-558,$284,$67,$0
36,2009-09-30,42.18,$37.71,1.12,$23.45,1.8,$7.45,5.66,$2.05,20.57,$4.80B,$1.59B,3.01,$1.97B,$15.40B,0.13,$9.92B,$3.95B,39.86%,$9.92B,$1.05B,10.56%,$9.92B,$1.05B,10.56%,$9.92B,$1.82B,18.36%,$9.92B,$0.94B,9.49%,$9.92B,$0.86B,8.71%,$0.86B,$15.40B,5.72%,$0.86B,$0.47B,787.24%,$0.86B,$21.42B,4.08%,$1.05B,$17.36B,6.12%,$2531,$1520,$1011,$61,$662,$2256,$276,$-29,$247,$26,$221,$221,$221,$471,$276,$408,420,$0.54,$0.53,$1756,$1170,$227,$4798,$1272,$0,$14933,$416,$16621,$21419,$1594,$1965,$587,$4425,$6019,$423,$4078,$79,$15399,$21419,$577,$580,$-67,$513,$47,$55,$32,$-103,$31,$1121,$-116,$0,$-153,$0,$1,$1,$-8,$-277,$4,$-13,$-10,$-397,$-397,$0,$2,$-405,$465,$56,$0
37,2009-06-30,39.38,$36.94,1.07,$23.33,1.69,$6.90,5.7,$2.03,19.4,$4.47B,$1.52B,2.93,$2.03B,$15.08B,0.14,$9.97B,$3.98B,39.86%,$9.97B,$1.06B,10.60%,$9.97B,$1.06B,10.60%,$9.97B,$1.84B,18.41%,$9.97B,$0.95B,9.56%,$9.97B,$0.86B,8.63%,$0.86B,$15.08B,5.73%,$0.86B,$0.05B,-962.01%,$0.86B,$21.16B,4.06%,$1.06B,$17.11B,6.19%,$2484,$1496,$988,$58,$661,$2225,$259,$-27,$232,$25,$207,$207,$207,$453,$259,$415,424,$0.50,$0.49,$1427,$1185,$224,$4467,$1272,$0,$15029,$388,$16689,$21156,$1524,$2028,$606,$4556,$6079,$423,$3856,$4,$15076,$21156,$356,$385,$-44,$340,$41,$21,$35,$-59,$38,$734,$-75,$0,$-143,$0,$0,$0,$-0,$-219,$4,$0,$4,$-403,$-403,$0,$1,$-397,$137,$36,$0
38,2009-03-31,34.45,$35.84,0.96,$23.67,1.46,$6.46,5.33,$2.11,16.33,$4.52B,$1.50B,3.01,$2.03B,$14.99B,0.14,$10.20B,$4.08B,39.95%,$10.20B,$1.13B,11.06%,$10.20B,$1.13B,11.06%,$10.20B,$1.91B,18.76%,$10.20B,$1.02B,10.03%,$10.20B,$0.90B,8.82%,$0.90B,$14.99B,5.99%,$0.90B,$0.10B,-358.57%,$0.90B,$21.03B,4.22%,$1.13B,$17.02B,6.61%,$2255,$1368,$887,$58,$625,$2065,$190,$-23,$167,$18,$149,$149,$149,$380,$190,$418,425,$0.36,$0.35,$1570,$1162,$212,$4519,$1249,$0,$14894,$371,$16514,$21033,$1500,$2025,$588,$4541,$6041,$422,$3649,$-258,$14993,$21033,$149,$190,$-26,$165,$29,$-12,$82,$-54,$45,$359,$-48,$0,$-16,$0,$0,$0,$-2,$-66,$0,$4,$4,$5,$5,$0,$1,$10,$281,$15,$0
39,2008-12-31,32.91,$35.71,0.92,$24.22,1.36,$6.16,5.34,$2.29,14.37,$4.35B,$1.54B,2.82,$2.03B,$14.93B,0.14,$10.50B,$4.21B,40.06%,$10.50B,$1.23B,11.70%,$10.50B,$1.23B,11.70%,$10.50B,$2.02B,19.26%,$10.50B,$1.13B,10.74%,$10.50B,$0.98B,9.34%,$0.98B,$14.93B,6.54%,$0.98B,$-0.17B,-184.38%,$0.98B,$21.09B,4.57%,$1.23B,$16.95B,7.22%,$2646,$1579,$1067,$61,$663,$2324,$322,$-27,$295,$8,$288,$288,$287,$517,$322,$418,423,$0.67,$0.66,$1288,$1171,$247,$4346,$1275,$0,$15101,$368,$16744,$21090,$1540,$2027,$602,$4623,$6164,$422,$3501,$-146,$14927,$21090,$981,$793,$-36,$757,$-51,$-50,$-124,$-93,$-318,$1420,$-249,$0,$-198,$0,$0,$0,$-3,$-450,$-136,$-15,$-152,$-102,$-102,$0,$25,$-228,$655,$57,$0
40,2008-09-30,53.12,$36.02,1.47,$23.87,2.23,$6.39,8.32,$2.15,24.71,$4.44B,$1.84B,2.42,$2.04B,$15.14B,0.14,$10.47B,$4.18B,39.90%,$10.47B,$1.19B,11.37%,$10.47B,$1.19B,11.37%,$10.47B,$1.99B,18.97%,$10.47B,$1.07B,10.22%,$10.47B,$0.92B,8.78%,$0.92B,$15.14B,6.19%,$0.92B,$-0.33B,-110.34%,$0.92B,$21.60B,4.28%,$1.19B,$17.18B,7.04%,$2588,$1555,$1033,$62,$669,$2302,$286,$-28,$259,$44,$215,$215,$218,$486,$286,$419,438,$0.52,$0.50,$1250,$1260,$224,$4443,$1268,$0,$15466,$423,$17157,$21600,$1840,$2043,$464,$4624,$6464,$422,$3239,$289,$15136,$21600,$694,$598,$-62,$536,$-73,$-98,$-44,$-56,$-270,$960,$-150,$0,$-150,$0,$1,$1,$-1,$-300,$-3,$-19,$-22,$-20,$-20,$0,$20,$-22,$615,$44,$0
41,2008-06-30,53.82,$35.97,1.5,$23.34,2.31,$6.43,8.37,$2.13,25.27,$4.30B,$1.88B,2.29,$2.05B,$15.07B,0.14,$10.29B,$4.09B,39.80%,$10.29B,$1.16B,11.27%,$10.29B,$1.16B,11.27%,$10.29B,$1.94B,18.89%,$10.29B,$1.05B,10.17%,$10.29B,$0.92B,8.95%,$0.92B,$15.07B,6.27%,$0.92B,$-0.60B,-87.55%,$0.92B,$21.68B,4.31%,$1.16B,$17.12B,6.91%,$2710,$1622,$1088,$64,$699,$2379,$330,$-28,$302,$59,$243,$243,$246,$530,$330,$418,437,$0.59,$0.56,$1020,$1264,$248,$4300,$1305,$0,$15669,$409,$17382,$21681,$1880,$2045,$486,$4731,$6611,$445,$3017,$503,$15070,$21681,$476,$399,$-35,$364,$-101,$-64,$-37,$-48,$-250,$590,$-104,$0,$-40,$0,$1,$1,$-5,$-148,$-2,$-13,$-16,$-53,$-53,$0,$12,$-56,$382,$28,$0
42,2008-03-31,54.9,$35.36,1.55,$22.49,2.44,$6.43,8.54,$1.93,28.44,$3.99B,$1.91B,2.09,$2.05B,$14.79B,0.14,$9.96B,$3.94B,39.58%,$9.96B,$1.07B,10.76%,$9.96B,$1.07B,10.76%,$9.96B,$1.84B,18.50%,$9.96B,$0.97B,9.70%,$9.96B,$0.84B,8.42%,$0.84B,$14.79B,5.76%,$0.84B,$-1.02B,-69.38%,$0.84B,$21.50B,3.94%,$1.07B,$16.83B,6.43%,$2554,$1536,$1018,$62,$661,$2264,$290,$-18,$272,$42,$230,$230,$229,$489,$290,$418,436,$0.55,$0.53,$748,$1247,$240,$3989,$1298,$0,$15809,$403,$17509,$21498,$1909,$2046,$501,$4803,$6712,$445,$2768,$511,$14786,$21498,$230,$199,$11,$210,$-96,$-45,$46,$-102,$-197,$243,$-53,$0,$-4,$0,$1,$1,$0,$-57,$0,$-1,$-1,$-74,$-74,$0,$7,$-68,$109,$11,$0
43,2007-12-31,55.71,$34.89,1.6,$21.93,2.54,$6.40,8.7,$1.71,32.58,$3.67B,$1.90B,1.93,$2.05B,$14.49B,0.14,$9.75B,$3.81B,39.04%,$9.75B,$0.97B,9.99%,$9.75B,$0.97B,9.99%,$9.75B,$1.73B,17.77%,$9.75B,$0.86B,8.82%,$9.75B,$0.75B,7.69%,$0.75B,$14.49B,5.19%,$0.75B,$-1.38B,-54.54%,$0.75B,$21.21B,3.53%,$0.97B,$16.53B,5.88%,$2621,$1581,$1040,$61,$676,$2336,$285,$-48,$237,$16,$222,$222,$227,$482,$285,$422,444,$0.54,$0.52,$639,$1170,$210,$3665,$1267,$0,$15871,$404,$17542,$21207,$1902,$2046,$492,$4818,$6719,$439,$2535,$388,$14488,$21207,$748,$757,$3,$760,$-10,$-14,$7,$7,$-11,$1484,$-156,$0,$-493,$48,$-0,$48,$15,$-586,$-9,$-464,$-473,$-553,$-553,$0,$97,$-929,$-42,$51,$0
44,2007-09-30,55.75,$34.38,1.62,$24.21,2.3,$5.05,11.03,$1.25,44.6,$3.91B,$1.63B,2.4,$2.18B,$14.44B,0.15,$8.79B,$3.36B,38.20%,$8.79B,$0.72B,8.14%,$8.79B,$0.72B,8.14%,$8.79B,$1.40B,15.93%,$8.79B,$0.63B,7.16%,$8.79B,$0.55B,6.22%,$0.55B,$14.44B,3.83%,$0.55B,$-1.20B,-35.09%,$0.55B,$21.17B,2.58%,$0.72B,$16.62B,4.35%,$2401,$1453,$948,$59,$627,$2147,$254,$-19,$235,$17,$219,$219,$219,$442,$254,$424,447,$0.51,$0.49,$846,$1206,$239,$3908,$1239,$0,$15646,$379,$17264,$21172,$1631,$2181,$552,$5099,$6730,$438,$2295,$303,$14443,$21172,$521,$560,$60,$620,$-57,$-65,$11,$-82,$-193,$948,$-103,$0,$-89,$48,$-0,$48,$9,$-136,$-10,$-458,$-468,$-232,$-232,$0,$64,$-636,$163,$39,$0
45,2007-06-30,49.95,$34.07,1.47,$23.31,2.14,$4.23,11.81,$1.06,47.12,$4.01B,$1.60B,2.5,$2.18B,$14.53B,0.15,$7.12B,$2.75B,38.61%,$7.12B,$0.54B,7.54%,$7.12B,$0.54B,7.54%,$7.12B,$1.07B,15.09%,$7.12B,$0.46B,6.52%,$7.12B,$0.38B,5.30%,$0.38B,$14.53B,3.31%,$0.38B,$-1.23B,-32.53%,$0.38B,$21.27B,2.22%,$0.54B,$16.71B,4.09%,$2386,$1449,$937,$59,$627,$2143,$243,$-21,$222,$34,$188,$188,$164,$430,$243,$424,447,$0.39,$0.37,$974,$1183,$233,$4007,$1229,$0,$15760,$277,$17265,$21272,$1603,$2178,$514,$5137,$6740,$434,$2076,$220,$14532,$21272,$303,$372,$87,$459,$-42,$-58,$-17,$-91,$-208,$554,$-58,$0,$-35,$48,$-0,$48,$11,$-34,$-9,$-453,$-461,$224,$224,$0,$17,$-221,$284,$26,$0
46,2007-03-31,45.15,$33.73,1.34,$22.27,2.03,$3.59,12.57,$0.98,46.07,$3.75B,$1.80B,2.09,$2.18B,$14.23B,0.15,$5.45B,$2.14B,39.22%,$5.45B,$0.37B,6.72%,$5.45B,$0.37B,6.72%,$5.45B,$0.76B,13.86%,$5.45B,$0.31B,5.71%,$5.45B,$0.26B,4.79%,$0.26B,$14.23B,3.10%,$0.26B,$-1.68B,-34.04%,$0.26B,$21.17B,2.05%,$0.37B,$16.42B,3.75%,$2338,$1458,$880,$60,$620,$2146,$192,$-27,$166,$27,$139,$139,$139,$378,$192,$420,441,$0.33,$0.31,$691,$1181,$230,$3746,$1256,$0,$15911,$258,$17426,$21172,$1797,$2182,$477,$5143,$6939,$430,$1912,$216,$14233,$21172,$139,$185,$54,$240,$-42,$-47,$43,$-114,$-160,$219,$-39,$0,$-29,$48,$0,$48,$-9,$-29,$-8,$-309,$-317,$113,$113,$0,$10,$-194,$4,$14,$0
47,2006-12-31,43.74,$33.38,1.31,$21.07,2.08,$3.30,13.27,$0.95,46.04,$3.66B,$2.15B,1.7,$2.18B,$13.91B,0.16,$3.79B,$1.57B,41.38%,$3.79B,$0.24B,6.38%,$3.79B,$0.24B,6.38%,$3.79B,$0.48B,12.71%,$3.79B,$0.21B,5.51%,$3.79B,$0.17B,4.46%,$0.17B,$13.91B,3.03%,$0.17B,$-2.13B,-75.96%,$0.17B,$21.26B,2.00%,$0.24B,$16.09B,3.73%,$1669,$1075,$594,$52,$483,$1642,$27,$-20,$7,$-18,$25,$25,$25,$151,$27,$196,204,$-0.04,$-0.03,$691,$1165,$202,$3660,$1257,$0,$16037,$309,$17603,$21262,$2152,$2181,$460,$5198,$7350,$424,$1773,$150,$13912,$21262,$169,$241,$78,$319,$32,$8,$11,$-133,$-82,$406,$-71,$0,$237,$3,$70,$73,$45,$283,$-335,$177,$-158,$-120,$-120,$0,$17,$-260,$453,$69,$0
