,Date,Stock Price,Book Value per Share,Price to Book Ratio,TTM Sales per Share,Price to Sales Ratio,TTM FCF per Share,Price to FCF Ratio,TTM Net EPS,PE Ratio,Current Assets,Current Liabilities,Current Ratio,Long Term Debt,Shareholder's Equity_x,Debt to Equity Ratio,TTM Revenue_x,TTM Gross Profit,Gross Margin,TTM Revenue_y,TTM Operating Income,Operating Margin,TTM Revenue_x,TTM EBIT,EBIT Margin,TTM Revenue_y,TTM EBITDA,EBITDA Margin,TTM Revenue_x,TTM Pre-Tax Income,Pre-Tax Margin,TTM Revenue_y,TTM Net Income_x,Net Margin,TTM Net Income_y,Shareholder's Equity_y,Return on Equity,TTM Net Income_x,Tangible Equity,Return on Tangible Equity,TTM Net Income_y,Total Assets,Return on Assets,TTM Net Income,LT Investments & Debt,Return on Investment,revenue,cost-goods-sold,gross-profit,research-development-expenses,selling-general-administrative-expenses,operating-expenses,operating-income,total-non-operating-income-expense,pre-tax-income,total-provision-income-taxes,income-after-taxes,income-from-continuous-operations,net-income,ebitda,ebit,basic-shares-outstanding,shares-outstanding,eps-basic-net-earnings-per-share,eps-earnings-per-share-diluted,cash-on-hand,inventory,other-current-assets,total-current-assets,net-property-plant-equipment,long-term-investments,goodwill-intangible-assets-total,other-long-term-assets,total-long-term-assets,total-assets,total-current-liabilities,long-term-debt,other-non-current-liabilities,total-long-term-liabilities,total-liabilities,common-stock-net,retained-earnings-accumulated-deficit,comprehensive-income,total-share-holder-equity,total-liabilities-share-holders-equity,net-income-loss,total-depreciation-amortization-cash-flow,other-non-cash-items,total-non-cash-items,change-in-accounts-receivable,change-in-inventories,change-in-accounts-payable,change-in-assets-liabilities,total-change-in-assets-liabilities,cash-flow-from-operating-activities,net-change-in-property-plant-equipment,net-change-in-intangible-assets,net-acquisitions-divestitures,net-change-in-short-term-investments,net-change-in-long-term-investments,net-change-in-investments-total,investing-activities-other,cash-flow-from-investing-activities,net-long-term-debt,net-current-debt,debt-issuance-retirement-net-total,net-common-equity-issued-repurchased,net-total-equity-issued-repurchased,total-common-preferred-stock-dividends-paid,financial-activities-other,cash-flow-from-financial-activities,net-cash-flow,stock-based-compensation,common-stock-dividends-paid
0,2018-09-30,2.3,$1.68,1.37,$0.88,2.61,$-0.14,0.0,$0.13,17.69,$0.05B,$0.03B,1.85,$0.00B,$0.04B,0.0,$0.02B,$0.00B,21.05%,$0.02B,$0.03B,131.58%,$0.02B,$-0.01B,-68.42%,$0.02B,$0.03B,136.84%,$0.02B,$-0.01B,-68.42%,$0.02B,$-0.01B,-52.63%,$-0.01B,$0.04B,-27.40%,$-0.01B,$0.03B,-32.52%,$-0.01B,$0.07B,-16.00%,$0.03B,$0.04B,68.03%,$3,$2,$1,$0,$0,$3,$0,$-0,$0,$0,$0,$0,$0,$1,$0,$24,24,$0.01,$0.01,$1,$6,$0,$51,$6,$0,$10,$0,$17,$68,$28,$0,$0,$0,$28,$0,$19,$-2,$40,$68,$3,$0,$-2,$-2,$4,$4,$0,$-14,$-3,$-2,$-0,$0,$2,$0,$0,$0,$0,$2,$0,$1,$1,$0,$0,$0,$0,$1,$0,$0,$0
1,2018-06-30,4.0,$1.77,2.26,$1.51,2.65,$-0.05,0.0,$0.08,53.27,$0.06B,$0.03B,1.86,$0.00B,$0.04B,0.0,$0.03B,$0.01B,30.00%,$0.03B,$0.03B,93.33%,$0.03B,$-0.01B,-33.33%,$0.03B,$0.03B,93.33%,$0.03B,$-0.01B,-33.33%,$0.03B,$-0.01B,-26.67%,$-0.01B,$0.04B,-27.59%,$-0.01B,$0.03B,-31.07%,$-0.01B,$0.07B,-14.41%,$0.03B,$0.04B,95.73%,$9,$8,$2,$0,$1,$7,$2,$-0,$2,$0,$2,$2,$2,$2,$2,$24,24,$0.08,$0.08,$4,$2,$0,$55,$6,$0,$10,$0,$17,$72,$30,$0,$0,$0,$30,$0,$19,$-0,$42,$72,$3,$0,$-2,$-2,$1,$7,$-0,$-13,$-2,$-1,$0,$0,$3,$0,$0,$0,$0,$3,$0,$1,$1,$0,$0,$0,$0,$2,$4,$0,$0
2,2018-03-31,4.5,$1.61,2.8,$2.05,2.2,$-0.03,0.0,$-0.03,0.0,$0.06B,$0.02B,2.36,$0.00B,$0.04B,0.0,$0.04B,$0.02B,42.11%,$0.04B,$0.04B,92.11%,$0.04B,$-0.00B,-7.89%,$0.04B,$0.04B,92.11%,$0.04B,$-0.00B,-7.89%,$0.04B,$-0.00B,-7.89%,$-0.00B,$0.04B,-14.29%,$-0.00B,$0.04B,-14.81%,$-0.00B,$0.06B,-6.00%,$0.04B,$0.04B,166.67%,$7,$7,$1,$0,$1,$6,$1,$-0,$1,$0,$1,$1,$1,$1,$1,$21,21,$0.05,$0.05,$9,$5,$0,$56,$2,$0,$1,$0,$4,$61,$24,$0,$0,$0,$24,$0,$17,$2,$37,$61,$1,$0,$-1,$-1,$-1,$5,$-0,$-5,$0,$0,$0,$0,$8,$0,$0,$0,$0,$8,$0,$0,$0,$0,$0,$0,$0,$0,$8,$0,$0
3,2017-12-31,4.98,$1.51,3.29,$2.16,2.31,$-0.03,0.0,$-0.08,0.0,$0.04B,$0.02B,2.08,$0.00B,$0.03B,0.0,$0.04B,$0.02B,48.72%,$0.04B,$0.04B,97.44%,$0.04B,0,0.00%,$0.04B,$0.04B,97.44%,$0.04B,0,0.00%,$0.04B,$-0.00B,-2.56%,$-0.00B,$0.03B,-7.02%,$-0.00B,$0.03B,-7.14%,$-0.00B,$0.05B,-2.12%,$0.04B,$0.03B,266.67%,$0,$0,$0,$0,$0,$-22,$22,$0,$-16,$0,$-13,$-13,$-13,$22,$-16,$5,5,$-0.83,$-0.83,$0,$9,$0,$44,$2,$0,$1,$0,$4,$49,$21,$0,$0,$0,$21,$0,$16,$1,$27,$49,$-1,$0,$0,$0,$0,$0,$0,$0,$0,$-0,$0,$0,$0,$0,$0,$0,$10,$10,$0,$0,$0,$0,$-10,$0,$0,$-10,$-0,$0,$0
4,2017-09-30,4.98,$1.88,2.64,$2.16,2.31,$-0.08,0.0,$-0.09,0.0,$0.00B,$0.00B,0.06,$0.00B,$0.01B,0.0,$0.04B,$0.02B,48.72%,$0.04B,$0.02B,41.03%,$0.04B,$0.02B,41.03%,$0.04B,$0.02B,41.03%,$0.04B,$0.02B,41.03%,$0.04B,$0.01B,30.77%,$0.01B,$0.01B,120.00%,$0.01B,$0.01B,120.00%,$0.01B,$0.04B,25.26%,$0.02B,$0.01B,160.00%,$14,$7,$6,$0,$1,$11,$3,$-0,$3,$0,$2,$2,$2,$3,$3,$18,18,$0.12,$0.12,$0,$0,$0,$0,$0,$0,$0,$40,$40,$40,$0,$0,$30,$30,$31,$0,$-1,$0,$10,$40,$13,$0,$2,$3,$-20,$-4,$0,$2,$-15,$0,$-0,$0,$0,$0,$0,$0,$0,$0,$0,$0,$0,$0,$0,$0,$-0,$-0,$-0,$0,$0
5,2017-06-30,4.99,$1.94,2.58,$1.40,3.55,$-0.15,0.0,$-0.05,0.0,$0.00B,$0.00B,0.45,$0.00B,$0.01B,0.0,$0.03B,$0.01B,52.00%,$0.03B,$0.01B,52.00%,$0.03B,$0.01B,52.00%,$0.03B,$0.01B,52.00%,$0.03B,$0.01B,52.00%,$0.03B,$0.01B,40.00%,$0.01B,$0.01B,100.00%,$0.01B,$0.01B,100.00%,$0.01B,$0.05B,20.00%,$0.01B,$0.01B,130.00%,$17,$8,$9,$0,$0,$8,$9,$-0,$9,$1,$7,$7,$7,$9,$9,$18,18,$0.40,$0.40,$0,$0,$0,$0,$0,$0,$0,$50,$50,$50,$0,$0,$40,$40,$40,$0,$-1,$0,$10,$50,$10,$0,$0,$0,$-13,$-2,$0,$0,$-11,$-0,$-0,$0,$0,$0,$0,$0,$0,$0,$0,$0,$0,$0,$0,$0,$0,$0,$-0,$0,$0
6,2017-03-31,4.98,$1.96,2.55,$0.47,10.59,$-0.18,0.0,$-0.08,0.0,$0.00B,$0.00B,0.39,$0.00B,$0.01B,0.0,$0.01B,$0.00B,50.00%,$0.01B,$0.00B,50.00%,$0.01B,$0.00B,50.00%,$0.01B,$0.00B,50.00%,$0.01B,$0.00B,50.00%,$0.01B,$0.00B,37.50%,$0.00B,$0.01B,30.00%,$0.00B,$0.01B,30.00%,$0.00B,$0.05B,6.00%,$0.00B,$0.01B,40.00%,$8,$4,$4,$0,$0,$4,$4,$-0,$4,$1,$3,$3,$3,$4,$4,$17,17,$0.20,$0.20,$0,$0,$0,$0,$0,$0,$0,$50,$50,$50,$0,$0,$40,$40,$40,$0,$-1,$0,$10,$50,$3,$0,$0,$0,$-4,$-1,$-0,$0,$-3,$0,$0,$0,$0,$0,$0,$0,$0,$0,$0,$0,$0,$0,$0,$0,$0,$0,$0,$0,$0
7,2016-12-31,4.93,$1.96,2.52,0,0.0,$-0.22,0.0,$-0.11,0.0,$0.00B,$0.00B,0.68,$0.00B,$0.01B,0.0,$0.00B,0,nan%,$0.00B,0,nan%,$0.00B,0,nan%,$0.00B,0,nan%,$0.00B,0,nan%,$0.00B,0,nan%,$0.00B,$0.01B,0.00%,$0.00B,$0.01B,0.00%,$0.00B,$0.05B,0.00%,$0.00B,$0.01B,0.00%,$0,$0,$0,$0,$0,$0,$-0,$0,$-0,$0,$-0,$-0,$-0,$-0,$-0,$5,5,$-0.02,$-0.02,$0,$0,$0,$0,$0,$0,$0,$50,$50,$50,$0,$0,$40,$40,$40,$0,$-1,$0,$10,$50,$-1,$0,$0,$0,$0,$0,$-0,$0,$0,$-0,$0,$0,$0,$0,$0,$0,$-0,$-0,$0,$0,$0,$0,$0,$0,$0,$0,$-0,$0,$0
8,2016-09-30,4.95,$1.97,2.51,0,0.0,$-0.14,0.0,$-0.09,0.0,$0.00B,$0.00B,1.19,$0.00B,$0.01B,0.0,$0.00B,0,nan%,$0.00B,0,nan%,$0.00B,0,nan%,$0.00B,0,nan%,$0.00B,0,nan%,$0.00B,0,nan%,$0.00B,$0.01B,0.00%,$0.00B,$0.01B,0.00%,$0.00B,$0.05B,0.00%,$0.00B,$0.01B,0.00%,$0,$0,$0,$0,$0,$0,$-0,$0,$-0,$0,$-0,$-0,$-0,$-0,$-0,$5,5,$-0.02,$-0.02,$0,$0,$0,$0,$0,$0,$0,$50,$50,$50,$0,$0,$40,$40,$40,$0,$-1,$0,$10,$50,$-0,$0,$0,$0,$0,$0,$-0,$-0,$-0,$-0,$0,$0,$0,$0,$0,$0,$-0,$-0,$0,$0,$0,$0,$0,$0,$0,$0,$-0,$0,$0
