,Date,Stock Price,Book Value per Share,Price to Book Ratio,TTM Sales per Share,Price to Sales Ratio,TTM FCF per Share,Price to FCF Ratio,TTM Net EPS,PE Ratio,Current Assets,Current Liabilities,Current Ratio,Long Term Debt,Shareholder's Equity_x,Debt to Equity Ratio,TTM Revenue_x,TTM Gross Profit,Gross Margin,TTM Revenue_y,TTM Operating Income,Operating Margin,TTM Revenue_x,TTM EBIT,EBIT Margin,TTM Revenue_y,TTM EBITDA,EBITDA Margin,TTM Revenue_x,TTM Pre-Tax Income,Pre-Tax Margin,TTM Revenue_y,TTM Net Income_x,Net Margin,TTM Net Income_y,Shareholder's Equity_y,Return on Equity,TTM Net Income_x,Tangible Equity,Return on Tangible Equity,TTM Net Income_y,Total Assets,Return on Assets,TTM Net Income,LT Investments & Debt,Return on Investment,revenue,cost-goods-sold,gross-profit,research-development-expenses,selling-general-administrative-expenses,operating-expenses,operating-income,total-non-operating-income-expense,pre-tax-income,total-provision-income-taxes,income-after-taxes,income-from-continuous-operations,net-income,ebitda,ebit,basic-shares-outstanding,shares-outstanding,eps-basic-net-earnings-per-share,eps-earnings-per-share-diluted,cash-on-hand,inventory,other-current-assets,total-current-assets,net-property-plant-equipment,long-term-investments,goodwill-intangible-assets-total,other-long-term-assets,total-long-term-assets,total-assets,total-current-liabilities,long-term-debt,other-non-current-liabilities,total-long-term-liabilities,total-liabilities,common-stock-net,retained-earnings-accumulated-deficit,comprehensive-income,total-share-holder-equity,total-liabilities-share-holders-equity,net-income-loss,total-depreciation-amortization-cash-flow,other-non-cash-items,total-non-cash-items,change-in-accounts-receivable,change-in-inventories,change-in-accounts-payable,change-in-assets-liabilities,total-change-in-assets-liabilities,cash-flow-from-operating-activities,net-change-in-property-plant-equipment,net-change-in-intangible-assets,net-acquisitions-divestitures,net-change-in-short-term-investments,net-change-in-long-term-investments,net-change-in-investments-total,investing-activities-other,cash-flow-from-investing-activities,net-long-term-debt,net-current-debt,debt-issuance-retirement-net-total,net-common-equity-issued-repurchased,net-total-equity-issued-repurchased,total-common-preferred-stock-dividends-paid,financial-activities-other,cash-flow-from-financial-activities,net-cash-flow,stock-based-compensation,common-stock-dividends-paid
0,2018-09-30,70.18,$28.71,2.44,$49.57,1.42,$0.78,90.15,$5.74,12.23,$7.29B,$8.57B,0.85,$29.14B,$24.36B,1.2,$42.62B,$24.40B,57.25%,$42.62B,$5.28B,12.40%,$42.62B,$5.28B,12.40%,$42.62B,$11.49B,26.95%,$42.62B,$3.79B,8.90%,$42.62B,$4.94B,11.59%,$4.94B,$24.36B,21.21%,$4.94B,$22.23B,23.31%,$4.94B,$70.18B,7.00%,$5.28B,$53.49B,10.06%,$10839,$4448,$6391,$0,$3314,$9399,$1440,$-310,$1130,$335,$795,$795,$795,$-132,$1440,$847,854,$0.94,$0.93,$329,$958,$1969,$7286,$22502,$0,$2130,$37041,$62896,$70182,$8572,$29139,$985,$37255,$45827,$0,$-13594,$0,$24355,$70182,$795,$1637,$537,$2174,$-1238,$-115,$0,$-489,$-2107,$914,$-1362,$-22,$0,$0,$0,$0,$1342,$-42,$-501,$-246,$-747,$0,$0,$0,$-11,$-758,$114,$115,$0
1,2018-06-30,59.75,$27.61,2.16,$48.37,1.24,$1.09,55.0,$5.44,10.98,$7.09B,$9.28B,0.76,$29.22B,$23.39B,1.25,$41.80B,$23.82B,56.98%,$41.80B,$5.17B,12.36%,$41.80B,$5.17B,12.36%,$41.80B,$11.28B,26.98%,$41.80B,$3.57B,8.54%,$41.80B,$4.68B,11.20%,$4.68B,$23.39B,21.02%,$4.68B,$21.23B,23.15%,$4.68B,$69.69B,6.69%,$5.17B,$52.61B,9.97%,$10571,$4302,$6269,$0,$3185,$9121,$1450,$-382,$1068,$286,$782,$782,$782,$3084,$1450,$848,852,$0.92,$0.92,$215,$998,$1929,$7091,$22375,$0,$2161,$36843,$62601,$69692,$9281,$29220,$968,$37021,$46302,$0,$-14389,$0,$23390,$69692,$1453,$3209,$1028,$4237,$-2009,$158,$0,$-684,$-3642,$2031,$-2995,$-79,$-338,$0,$0,$0,$2644,$-768,$-900,$0,$-900,$-1071,$-1071,$0,$-296,$-2267,$-1004,$209,$0
2,2018-03-31,61.04,$26.82,2.28,$47.70,1.28,$0.88,69.06,$5.19,11.76,$9.61B,$12.36B,0.78,$29.30B,$22.88B,1.28,$41.45B,$23.40B,56.45%,$41.45B,$5.13B,12.38%,$41.45B,$5.13B,12.38%,$41.45B,$11.13B,26.85%,$41.45B,$3.44B,8.29%,$41.45B,$4.47B,10.78%,$4.47B,$22.88B,20.95%,$4.47B,$20.68B,23.12%,$4.47B,$72.00B,6.44%,$5.13B,$52.17B,10.06%,$10455,$4434,$6021,$0,$3164,$9173,$1282,$-401,$881,$210,$671,$671,$671,$2857,$1282,$855,862,$0.78,$0.78,$2527,$1311,$1788,$9609,$22308,$0,$2192,$36661,$62395,$72004,$12357,$29295,$933,$36771,$49128,$0,$-15179,$5,$22876,$72004,$671,$1575,$413,$1988,$-873,$33,$0,$-45,$-1913,$770,$-1366,$-51,$-333,$0,$0,$0,$1288,$-462,$1768,$0,$1768,$-666,$-666,$0,$-102,$1000,$1308,$97,$0
3,2017-12-31,63.51,$26.25,2.42,$46.63,1.36,$0.52,122.87,$5.21,12.19,$8.92B,$11.52B,0.77,$29.30B,$22.56B,1.3,$40.60B,$22.90B,56.39%,$40.60B,$4.89B,12.04%,$40.60B,$4.89B,12.04%,$40.60B,$10.87B,26.78%,$40.60B,$3.16B,7.78%,$40.60B,$4.48B,11.04%,$4.48B,$22.56B,22.02%,$4.48B,$20.66B,24.36%,$4.48B,$70.56B,6.55%,$4.89B,$51.86B,9.96%,$10759,$5039,$5720,$0,$3291,$9647,$1112,$-398,$714,$-1993,$2707,$2707,$2693,$5680,$1112,$832,872,$3.23,$3.10,$1219,$1566,$1903,$8915,$22196,$0,$1900,$36278,$61648,$70563,$11515,$29297,$935,$36489,$48004,$0,$-16074,$8,$22559,$70563,$4536,$5984,$-622,$5362,$-444,$-844,$0,$-1788,$-1997,$7962,$-5237,$-5828,$0,$0,$0,$0,$1,$-11064,$-236,$-300,$-536,$-406,$-406,$-55,$-182,$-1179,$-4281,$306,$0
4,2017-09-30,61.66,$24.37,2.53,$46.57,1.32,$-0.89,0.0,$2.55,24.18,$7.45B,$8.10B,0.92,$30.35B,$20.28B,1.5,$40.08B,$22.68B,56.58%,$40.08B,$4.78B,11.92%,$40.08B,$4.78B,11.92%,$40.08B,$7.74B,19.31%,$40.08B,$3.05B,7.62%,$40.08B,$2.16B,5.40%,$2.16B,$20.28B,11.23%,$2.16B,$18.34B,12.53%,$2.16B,$67.92B,3.22%,$4.78B,$50.63B,9.92%,$10019,$4211,$5808,$0,$3098,$8696,$1323,$-417,$906,$356,$550,$550,$537,$-344,$1323,$831,871,$0.65,$0.63,$739,$999,$1817,$7449,$21570,$0,$1939,$35865,$60474,$67923,$8103,$30348,$967,$39543,$47646,$0,$-18781,$4,$20277,$67923,$550,$1416,$611,$2027,$-1022,$113,$0,$-479,$-1400,$1252,$-1441,$-15,$0,$0,$0,$0,$1111,$-345,$-321,$-4,$-325,$0,$0,$-13,$-11,$-349,$558,$82,$0
5,2017-06-30,60.62,$23.60,2.57,$46.26,1.31,$0.16,385.38,$2.34,25.91,$6.78B,$8.83B,0.77,$29.90B,$19.61B,1.52,$39.37B,$22.20B,56.40%,$39.37B,$4.50B,11.44%,$39.37B,$4.50B,11.44%,$39.37B,$10.70B,27.18%,$39.37B,$2.75B,6.97%,$39.37B,$1.98B,5.03%,$1.98B,$19.61B,10.61%,$1.98B,$17.64B,11.91%,$1.98B,$67.16B,2.98%,$4.50B,$49.51B,9.48%,$10213,$4364,$5849,$0,$2915,$8797,$1416,$-482,$934,$353,$581,$581,$567,$2935,$1416,$831,870,$0.68,$0.67,$181,$1208,$1580,$6780,$21423,$0,$1979,$35875,$60379,$67159,$8828,$29898,$971,$38717,$47545,$0,$-19331,$3,$19614,$67159,$1279,$3083,$825,$3908,$-1654,$-141,$0,$-1083,$-3473,$1714,$-2875,$-5805,$0,$0,$0,$0,$2013,$-6667,$221,$-292,$-71,$0,$0,$-28,$-267,$-366,$-5319,$139,$0
6,2017-03-31,64.59,$22.82,2.83,$45.71,1.41,$1.62,39.81,$1.92,33.64,$15.90B,$15.29B,1.04,$25.32B,$18.96B,1.34,$38.44B,$21.59B,56.17%,$38.44B,$3.92B,10.20%,$38.44B,$3.92B,10.20%,$38.44B,$10.17B,26.47%,$38.44B,$2.18B,5.68%,$38.44B,$1.62B,4.22%,$1.62B,$18.96B,8.97%,$1.62B,$16.94B,10.14%,$1.62B,$68.05B,2.48%,$3.92B,$44.28B,8.35%,$9613,$4094,$5519,$0,$2955,$8576,$1037,$-430,$607,$-91,$698,$698,$684,$2601,$1037,$828,869,$0.83,$0.80,$7501,$1021,$3609,$15899,$21235,$0,$2021,$27918,$52149,$68048,$15285,$25319,$1004,$33800,$49085,$0,$-19912,$2,$18963,$68048,$698,$1564,$141,$1705,$-1025,$44,$0,$-175,$-1807,$608,$-1528,$-14,$0,$0,$0,$0,$1126,$-416,$1925,$0,$1925,$0,$0,$-14,$-102,$1809,$2001,$67,$0
7,2016-12-31,57.51,$22.07,2.61,$44.74,1.29,$2.32,24.79,$1.68,34.23,$14.22B,$9.02B,1.58,$30.05B,$18.24B,1.65,$37.49B,$20.94B,55.85%,$37.49B,$4.05B,10.80%,$37.49B,$4.05B,10.80%,$37.49B,$10.29B,27.46%,$37.49B,$2.33B,6.21%,$37.49B,$1.41B,3.75%,$1.41B,$18.24B,7.96%,$1.41B,$16.18B,9.06%,$1.41B,$65.89B,2.19%,$4.05B,$48.29B,8.56%,$10234,$4732,$5502,$0,$2959,$9233,$1001,$-395,$606,$216,$390,$390,$376,$2549,$1001,$822,833,$0.45,$0.46,$5500,$1111,$3740,$14217,$20943,$0,$2059,$27688,$51674,$65891,$9022,$30053,$1026,$38633,$47655,$0,$-20610,$1,$18236,$65891,$1460,$6243,$1115,$7358,$-603,$-802,$0,$-148,$-2754,$6135,$-4702,$-3968,$0,$2998,$0,$2998,$-8,$-5680,$772,$-150,$622,$29,$29,$-55,$-133,$463,$918,$235,$0
8,2016-09-30,46.72,$21.67,2.16,$42.98,1.09,$1.44,32.48,$1.57,29.76,$13.53B,$8.12B,1.67,$30.05B,$17.85B,1.68,$35.92B,$20.70B,57.62%,$35.92B,$4.30B,11.97%,$35.92B,$4.30B,11.97%,$35.92B,$10.37B,28.86%,$35.92B,$2.20B,6.13%,$35.92B,$1.31B,3.65%,$1.31B,$17.85B,7.62%,$1.31B,$15.74B,8.73%,$1.31B,$64.27B,2.07%,$4.30B,$47.91B,9.24%,$9305,$3975,$5330,$0,$2898,$8257,$1048,$-450,$598,$232,$366,$366,$353,$2616,$1048,$823,832,$0.43,$0.42,$5352,$1039,$3539,$13530,$20574,$0,$2114,$27215,$50742,$64272,$8119,$30054,$1007,$38300,$46419,$0,$-21000,$1,$17853,$64272,$1070,$4695,$571,$5266,$-462,$-497,$0,$714,$-1813,$4533,$-3843,$-3544,$0,$2998,$0,$2998,$3,$-4386,$849,$-150,$699,$0,$0,$-41,$-35,$623,$770,$171,$0
9,2016-06-30,43.27,$21.14,2.05,$41.35,1.05,$0.47,91.44,$1.30,33.28,$14.28B,$8.75B,1.63,$29.81B,$17.40B,1.71,$34.46B,$19.85B,57.61%,$34.46B,$3.77B,10.93%,$34.46B,$3.77B,10.93%,$34.46B,$9.42B,27.33%,$34.46B,$1.84B,5.35%,$34.46B,$1.08B,3.15%,$1.08B,$17.40B,6.44%,$1.08B,$15.23B,7.44%,$1.08B,$63.97B,1.75%,$3.77B,$47.20B,8.41%,$9287,$4048,$5239,$0,$2772,$8454,$833,$-461,$372,$147,$225,$225,$211,$2408,$833,$822,830,$0.26,$0.25,$5538,$1388,$3618,$14280,$20570,$0,$2169,$26118,$49688,$63968,$8752,$29808,$1038,$37821,$46573,$0,$-21366,$-1,$17395,$63968,$704,$3127,$283,$3410,$-307,$-798,$0,$612,$-1330,$2793,$-2684,$-2839,$0,$2998,$0,$2998,$-2,$-2527,$908,$-150,$758,$0,$0,$-28,$-40,$690,$956,$112,$0
10,2016-03-31,38.3,$20.81,1.84,$40.12,0.95,$-0.30,0.0,$1.47,26.05,$13.34B,$9.37B,1.42,$28.75B,$17.10B,1.68,$33.35B,$18.73B,56.17%,$33.35B,$3.53B,10.58%,$33.35B,$3.53B,10.58%,$33.35B,$8.68B,26.03%,$33.35B,$1.83B,5.50%,$33.35B,$1.22B,3.66%,$1.22B,$17.10B,7.40%,$1.22B,$14.88B,8.61%,$1.22B,$63.06B,2.02%,$3.53B,$45.85B,8.18%,$8664,$3795,$4869,$0,$2749,$7496,$1168,$-417,$751,$272,$479,$479,$465,$2720,$1168,$819,859,$0.57,$0.56,$6572,$1443,$1263,$13344,$20625,$0,$2224,$25966,$49719,$63063,$9369,$28745,$1047,$36590,$45959,$0,$-21591,$-4,$17104,$63063,$479,$1552,$-115,$1437,$-202,$-801,$0,$603,$-892,$1025,$-1335,$-594,$0,$75,$0,$75,$-6,$-1860,$-41,$0,$-41,$0,$0,$-14,$-45,$-100,$-935,$52,$0
11,2015-12-31,39.12,$20.23,1.93,$39.66,0.99,$-0.54,0.0,$0.82,47.71,$14.89B,$9.53B,1.56,$28.72B,$16.56B,1.74,$32.47B,$17.57B,54.11%,$32.47B,$2.48B,7.64%,$32.47B,$2.48B,7.64%,$32.47B,$7.17B,22.07%,$32.47B,$0.98B,3.01%,$32.47B,$0.68B,2.09%,$0.68B,$16.56B,4.20%,$0.68B,$14.28B,4.93%,$0.68B,$62.41B,1.16%,$2.48B,$45.28B,5.95%,$8661,$3403,$5258,$0,$2755,$7409,$1252,$-771,$481,$184,$297,$297,$283,$2621,$1252,$813,823,$0.34,$0.34,$7580,$1295,$1813,$14890,$20000,$0,$2277,$24399,$47523,$62413,$9528,$28719,$1067,$36328,$45856,$0,$-22108,$-1,$16557,$62413,$733,$4688,$1360,$6048,$-259,$-2495,$0,$709,$-1352,$5414,$-4724,$-1935,$0,$-2997,$0,$-2997,$96,$-9560,$4062,$-564,$3498,$47,$47,$-55,$-77,$3413,$-733,$201,$0
12,2015-09-30,39.81,$19.92,2.0,$39.12,1.02,$-1.59,0.0,$0.60,66.35,$12.66B,$8.84B,1.43,$24.57B,$16.25B,1.51,$31.96B,$16.27B,50.91%,$31.96B,$1.66B,5.19%,$31.96B,$1.66B,5.19%,$31.96B,$4.98B,15.58%,$31.96B,$0.70B,2.18%,$31.96B,$0.50B,1.55%,$0.50B,$16.25B,3.12%,$0.50B,$13.91B,3.69%,$0.50B,$58.47B,0.87%,$1.66B,$40.82B,4.11%,$7849,$3363,$4486,$0,$2624,$7336,$513,$-275,$238,$100,$138,$138,$125,$1670,$513,$815,822,$0.15,$0.15,$2633,$1236,$1890,$12656,$18101,$0,$2345,$23997,$45817,$58473,$8843,$24570,$795,$33378,$42221,$0,$-22405,$-1,$16252,$58473,$436,$3319,$865,$4184,$-156,$-973,$0,$-452,$-1545,$3181,$-3293,$-1938,$0,$0,$0,$0,$-7,$-5238,$-24,$-563,$-587,$0,$0,$-41,$3,$-625,$-2682,$153,$0
13,2015-06-30,38.77,$19.70,1.97,$38.68,1.0,$-1.74,0.0,$0.33,117.48,$11.66B,$8.26B,1.41,$24.51B,$16.05B,1.53,$31.46B,$15.34B,48.75%,$31.46B,$1.20B,3.80%,$31.46B,$1.20B,3.80%,$31.46B,$3.36B,10.67%,$31.46B,$0.25B,0.79%,$31.46B,$0.28B,0.88%,$0.28B,$16.05B,1.79%,$0.28B,$13.64B,2.14%,$0.28B,$57.19B,0.49%,$1.20B,$40.57B,3.00%,$8179,$4058,$4121,$0,$2438,$7582,$597,$-234,$363,$2,$361,$361,$347,$1672,$597,$812,821,$0.43,$0.42,$2642,$1135,$1019,$11657,$16910,$0,$2418,$24592,$45531,$57188,$8264,$24512,$642,$32871,$41135,$0,$-22543,$1,$16053,$57188,$298,$2162,$449,$2611,$-108,$-58,$0,$-555,$-1267,$1650,$-2173,$-1844,$0,$0,$0,$0,$-12,$-4029,$-11,$-248,$-259,$0,$0,$-28,$-7,$-294,$-2673,$111,$0
14,2015-03-31,31.69,$19.31,1.64,$37.55,0.84,$-1.29,0.0,$0.39,81.26,$11.64B,$8.65B,1.35,$24.38B,$15.65B,1.56,$30.47B,$14.73B,48.36%,$30.47B,$1.56B,5.12%,$30.47B,$1.56B,5.12%,$30.47B,$2.65B,8.69%,$30.47B,$0.56B,1.84%,$30.47B,$0.32B,1.05%,$0.32B,$15.65B,2.13%,$0.32B,$13.16B,2.57%,$0.32B,$56.56B,0.58%,$1.56B,$40.03B,4.00%,$7778,$4074,$3704,$0,$2372,$7661,$117,$-221,$-104,$-41,$-63,$-63,$-77,$1204,$117,$809,809,$-0.09,$-0.09,$3032,$1230,$1063,$11635,$16483,$0,$2488,$24369,$44923,$56558,$8649,$24384,$654,$32259,$40908,$0,$-22904,$1,$15650,$56558,$-63,$1087,$215,$1302,$-170,$-145,$0,$-41,$-749,$489,$-982,$-1696,$0,$0,$0,$0,$-14,$-2692,$-5,$-63,$-68,$0,$0,$-14,$2,$-80,$-2283,$55,$0
15,2014-12-31,26.94,$19.40,1.39,$36.50,0.74,$-0.92,0.0,$0.29,92.9,$13.98B,$8.78B,1.59,$24.39B,$15.66B,1.56,$29.56B,$14.16B,47.88%,$29.56B,$1.42B,4.79%,$29.56B,$1.42B,4.79%,$29.56B,$1.42B,4.79%,$29.56B,$0.41B,1.40%,$29.56B,$0.25B,0.84%,$0.25B,$15.66B,1.68%,$0.25B,$13.11B,2.05%,$0.25B,$56.65B,0.46%,$1.42B,$40.06B,3.71%,$8154,$4195,$3959,$0,$2333,$7721,$433,$-233,$200,$99,$101,$101,$101,$433,$433,$805,816,$0.13,$0.13,$5315,$1085,$1593,$13984,$16245,$0,$2553,$22243,$42669,$56653,$8776,$24394,$616,$32214,$40990,$0,$-22841,$1,$15663,$56653,$247,$4412,$308,$4720,$-90,$-499,$0,$-2649,$-843,$4146,$-4317,$-2900,$0,$0,$0,$0,$-29,$-7246,$1974,$-418,$1556,$27,$1009,$0,$-41,$2524,$-576,$196,$0
16,2014-09-30,28.87,$17.99,1.6,$36.59,0.79,$-1.42,0.0,$0.14,206.21,$13.30B,$8.61B,1.55,$24.39B,$14.53B,1.68,$28.24B,$13.49B,47.76%,$28.24B,$1.12B,3.97%,$28.24B,$1.12B,3.97%,$28.24B,$1.12B,3.97%,$28.24B,$0.07B,0.26%,$28.24B,$0.13B,0.45%,$0.13B,$14.53B,0.88%,$0.13B,$11.89B,1.09%,$0.13B,$55.12B,0.24%,$1.12B,$38.92B,3.01%,$7350,$3796,$3554,$0,$2283,$7301,$49,$-260,$-211,$-117,$-94,$-94,$-94,$49,$49,$807,807,$-0.12,$-0.12,$5787,$674,$1369,$13295,$15798,$0,$2639,$23383,$41820,$55115,$8605,$24394,$558,$31985,$40590,$0,$-22942,$1,$14525,$55115,$0,$0,$0,$0,$0,$0,$0,$0,$0,$2791,$-3018,$-2390,$0,$0,$0,$0,$-32,$-5440,$2993,$-414,$2579,$0,$0,$0,$-34,$2545,$-104,$0,$0
17,2014-06-30,33.62,$18.04,1.86,$36.69,0.92,$-1.97,0.0,$0.21,160.1,$9.90B,$7.13B,1.39,$22.47B,$14.56B,1.54,$27.58B,$13.16B,47.72%,$27.58B,$1.37B,4.97%,$27.58B,$1.37B,4.97%,$27.58B,$1.37B,4.97%,$27.58B,$0.29B,1.06%,$27.58B,$0.18B,0.67%,$0.18B,$14.56B,1.33%,$0.18B,$11.84B,1.67%,$0.18B,$51.66B,0.37%,$1.37B,$37.03B,3.83%,$7185,$3668,$3517,$0,$2151,$6223,$962,$-285,$677,$286,$391,$391,$391,$962,$962,$804,814,$0.49,$0.48,$3080,$791,$1179,$9896,$15537,$0,$2723,$23508,$41768,$51664,$7131,$22471,$505,$29970,$37101,$0,$-22848,$0,$14563,$51664,$1729,$0,$0,$0,$0,$0,$0,$0,$0,$1729,$-1887,$-2367,$0,$0,$0,$0,$-21,$-4275,$0,$-231,$-231,$0,$0,$0,$-34,$-265,$-2811,$0,$0
18,2014-03-31,33.03,$17.63,1.87,$37.22,0.89,$-2.39,0.0,$-0.29,0.0,$12.96B,$6.11B,2.12,$22.44B,$14.16B,1.59,$26.62B,$12.61B,47.37%,$26.62B,$0.59B,2.21%,$26.62B,$0.59B,2.21%,$26.62B,$0.59B,2.21%,$26.62B,$-0.38B,-1.43%,$26.62B,$-0.22B,-0.84%,$-0.22B,$14.16B,-1.68%,$-0.22B,$11.35B,-2.15%,$-0.22B,$50.17B,-0.47%,$0.59B,$36.59B,1.70%,$6875,$3750,$3125,$0,$2096,$6903,$-28,$-225,$-253,$-102,$-151,$-151,$-151,$-28,$-28,$803,803,$-0.19,$-0.19,$5471,$676,$2267,$12957,$15427,$0,$2806,$18979,$37212,$50169,$6110,$22435,$671,$29903,$36013,$0,$-23239,$0,$14156,$50169,$0,$0,$0,$0,$0,$0,$0,$0,$0,$759,$-947,$0,$0,$0,$0,$0,$-18,$-965,$0,$-226,$-226,$0,$0,$0,$12,$-214,$-420,$0,$0
19,2013-12-31,33.64,$17.76,1.89,$37.40,0.9,$-2.47,0.0,0,0.0,$12.23B,$5.81B,2.11,$22.44B,$14.25B,1.58,$24.42B,$12.17B,49.82%,$24.42B,$1.00B,4.08%,$24.42B,$1.00B,4.08%,$24.42B,$1.00B,4.08%,$24.42B,$0.05B,0.21%,$24.42B,$0.04B,0.14%,$0.04B,$14.25B,0.33%,$0.04B,$11.36B,0.45%,$0.04B,$49.95B,0.09%,$1.00B,$36.69B,3.59%,$6827,$3538,$3289,$0,$2096,$6688,$139,$-278,$-139,$-119,$-20,$-20,$-20,$139,$139,$673,677,$-0.08,$-0.08,$5891,$586,$1252,$12228,$15349,$0,$2887,$18414,$37725,$49953,$5808,$22441,$701,$29900,$35708,$0,$-23088,$3,$14245,$49953,$35,$3627,$813,$4440,$-158,$42,$0,$-1561,$-1066,$3545,$-4025,$-381,$2144,$300,$0,$300,$-130,$-2092,$2485,$-244,$2241,$1924,$1924,$0,$-121,$4044,$5497,$100,$0
20,2013-09-30,25.97,$17.05,1.52,$36.48,0.71,$0.13,196.74,$0.21,123.67,$7.96B,$5.51B,1.44,$20.45B,$12.42B,1.65,$22.50B,$11.66B,51.81%,$22.50B,$1.10B,4.91%,$22.50B,$1.10B,4.91%,$22.50B,$1.10B,4.91%,$22.50B,$0.26B,1.16%,$22.50B,$0.05B,0.21%,$0.05B,$12.42B,0.55%,$0.05B,$9.44B,0.73%,$0.05B,$45.77B,0.14%,$1.10B,$32.86B,4.57%,$6688,$3459,$3229,$0,$1933,$6391,$297,$-291,$6,$42,$-36,$-36,$-36,$297,$297,$727,727,$-0.05,$-0.05,$2365,$761,$676,$7964,$15370,$91,$2980,$19362,$37803,$45767,$5514,$20449,$632,$27838,$33352,$0,$-23068,$2,$12415,$45767,$0,$0,$0,$0,$0,$0,$0,$0,$0,$2541,$-3143,$-52,$2144,$300,$-22,$278,$-95,$-868,$377,$-194,$183,$116,$116,$0,$-1,$298,$1971,$0,$0
21,2013-06-30,24.81,$17.02,1.46,$36.42,0.68,$2.28,10.9,$1.30,19.08,$7.31B,$5.40B,1.36,$19.96B,$12.36B,1.62,$20.71B,$11.32B,54.64%,$20.71B,$-6.79B,-32.77%,$20.71B,$-6.79B,-32.77%,$20.71B,$-6.79B,-32.77%,$20.71B,$-7.47B,-36.07%,$20.71B,$-7.65B,-36.95%,$-7.65B,$12.36B,-121.52%,$-7.65B,$9.29B,-181.02%,$-7.65B,$44.73B,-29.98%,$-6.79B,$32.31B,-37.81%,$6228,$3263,$2965,$0,$1847,$6047,$181,$-176,$5,$21,$-16,$-16,$-16,$181,$181,$665,665,$-0.02,$-0.02,$2362,$819,$598,$7313,$15185,$87,$3073,$19076,$37421,$44734,$5398,$19955,$636,$26977,$32375,$0,$-23032,$2,$12359,$44734,$1715,$0,$0,$0,$0,$0,$0,$0,$0,$1715,$-2126,$-51,$2144,$300,$0,$300,$-5,$262,$-81,$0,$-81,$72,$72,$0,$0,$-9,$1968,$0,$0
22,2013-03-31,14.63,$18.62,0.79,$36.17,0.4,$4.06,3.6,$2.14,6.84,$6.77B,$3.19B,2.12,$5.81B,$3.39B,1.71,$19.36B,$11.31B,58.41%,$19.36B,$-6.52B,-33.65%,$19.36B,$-6.52B,-33.65%,$19.36B,$-6.52B,-33.65%,$19.36B,$-7.13B,-36.84%,$19.36B,$-7.43B,-38.37%,$-7.43B,$3.39B,-186.37%,$-7.43B,$0.83B,-363.41%,$-7.43B,$13.66B,-44.29%,$-6.52B,$9.20B,-55.06%,$4677,$1995,$2682,$0,$1506,$4298,$379,$-200,$179,$72,$107,$107,$107,$379,$379,$535,535,$0.20,$0.20,$6177,$255,$70,$6773,$4178,$2,$2564,$146,$6890,$13663,$3189,$5807,$91,$7081,$10271,$0,$1573,$-8,$3392,$13663,$0,$0,$0,$0,$0,$0,$0,$0,$0,$909,$-1076,$-49,$0,$275,$0,$275,$-4,$-854,$0,$0,$0,$0,$0,$0,$0,$0,$55,$0,$0
23,2012-12-31,13.34,$11.42,1.17,$34.44,0.39,$4.29,3.11,$2.16,6.18,$5.54B,$5.59B,0.99,$16.12B,$6.12B,2.64,$15.96B,$9.06B,56.74%,$15.96B,$-6.80B,-42.58%,$15.96B,$-6.80B,-42.58%,$15.96B,$-6.64B,-41.62%,$15.96B,$-7.28B,-45.62%,$15.96B,$-7.52B,-47.08%,$-7.52B,$6.12B,-193.80%,$-7.52B,$6.04B,-387.07%,$-7.52B,$33.62B,-47.77%,$-6.80B,$22.23B,-59.34%,$4909,$2127,$2782,$0,$1792,$4662,$247,$-177,$70,$78,$-8,$-8,$-8,$247,$247,$535,535,$-0.01,$-0.01,$394,$457,$675,$5541,$12807,$0,$79,$15195,$28081,$33622,$5592,$16116,$297,$21915,$27507,$0,$-23123,$41,$6115,$33622,$-7336,$3106,$8886,$11992,$-299,$-2,$0,$-461,$-794,$3862,$-2850,$-387,$-5,$-651,$-22,$-673,$0,$-3915,$57,$0,$57,$0,$0,$0,$0,$57,$4,$0,$0
24,2012-09-30,15.71,$18.31,0.86,$32.08,0.49,$14.80,1.06,$2.48,6.34,$3.19B,$0.79B,4.06,$4.73B,$3.32B,1.42,$12.29B,$6.78B,55.19%,$12.29B,$-6.83B,-55.55%,$12.29B,$-6.83B,-55.55%,$12.29B,$-4.18B,-34.00%,$12.29B,$-7.20B,-58.61%,$12.29B,$-7.42B,-60.34%,$-7.42B,$3.32B,-240.70%,$-7.42B,$0.76B,-1399.91%,$-7.42B,$10.07B,-76.47%,$-6.83B,$8.05B,-87.48%,$4893,$2007,$2886,$0,$840,$12486,$-7593,$-130,$-7723,$12,$-7735,$-7735,$-7735,$-7593,$-7593,$535,535,$-14.45,$-14.45,$2565,$313,$52,$3185,$4197,$2,$2562,$126,$6887,$10072,$785,$4731,$91,$5965,$6749,$0,$1522,$-5,$3322,$10072,$0,$0,$0,$0,$0,$0,$0,$0,$0,$2707,$-2003,$-379,$0,$-297,$16,$-281,$-4,$-2667,$0,$0,$0,$0,$0,$0,$0,$0,$40,$0,$0
25,2012-06-30,8.12,$17.19,0.47,$29.55,0.27,$13.43,0.6,$1.82,4.46,$2.90B,$0.74B,3.9,$4.73B,$3.12B,1.52,$8.60B,$4.38B,50.89%,$8.60B,$0.94B,10.95%,$8.60B,$0.94B,10.95%,$8.60B,$3.73B,43.36%,$8.60B,$0.63B,7.29%,$8.60B,$0.39B,4.51%,$0.39B,$3.12B,13.12%,$0.39B,$0.55B,94.29%,$0.39B,$9.73B,4.08%,$0.94B,$7.84B,12.27%,$4883,$1923,$2960,$0,$871,$4431,$452,$-110,$342,$135,$207,$207,$207,$452,$452,$535,535,$0.39,$0.39,$2349,$259,$23,$2896,$4069,$6,$2562,$196,$6834,$9730,$742,$4726,$91,$5871,$6613,$0,$1329,$-9,$3116,$9730,$0,$0,$0,$0,$0,$0,$0,$0,$0,$1909,$-1286,$-10,$0,$-577,$0,$-577,$-4,$-1877,$0,$0,$0,$0,$0,$0,$1,$1,$33,$0,$0
26,2012-03-31,12.1,$16.33,0.74,$27.05,0.45,$12.33,0.98,$1.46,8.29,$2.77B,$0.78B,3.56,$4.73B,$2.96B,1.6,$4.93B,$1.92B,38.93%,$4.93B,$0.70B,14.20%,$4.93B,$0.70B,14.20%,$4.93B,$3.62B,73.50%,$4.93B,$0.42B,8.50%,$4.93B,$0.27B,5.38%,$0.27B,$2.96B,9.25%,$0.27B,$0.42B,81.35%,$0.27B,$9.51B,2.84%,$0.70B,$7.68B,9.23%,$1277,$848,$429,$0,$177,$1178,$98,$-70,$29,$8,$21,$21,$21,$251,$98,$181,182,$0.12,$0.12,$2216,$252,$35,$2767,$4007,$6,$2542,$187,$6742,$9509,$778,$4726,$91,$5773,$6551,$0,$1180,$-10,$2958,$9509,$21,$153,$29,$182,$-3,$-13,$0,$-11,$-66,$137,$-151,$0,$-3,$0,$-30,$-30,$1,$-183,$-8,$-3,$-11,$-0,$-0,$0,$0,$-11,$-57,$10,$0
27,2011-12-31,11.65,$16.15,0.72,$26.65,0.44,$12.09,0.96,$1.66,7.02,$2.74B,$0.82B,3.36,$4.71B,$2.93B,1.61,$4.85B,$1.93B,39.91%,$4.85B,$0.75B,15.41%,$4.85B,$0.75B,15.41%,$4.85B,$3.65B,75.24%,$4.85B,$0.48B,9.91%,$4.85B,$0.30B,6.19%,$0.30B,$2.93B,10.78%,$0.30B,$0.39B,122.20%,$0.30B,$9.48B,3.29%,$0.75B,$7.64B,10.12%,$1238,$729,$509,$0,$157,$1023,$215,$-67,$148,$56,$91,$91,$91,$2711,$215,$181,182,$0.50,$0.50,$2243,$240,$45,$2744,$4018,$6,$2539,$176,$6739,$9483,$817,$4711,$90,$5739,$6555,$0,$1159,$-9,$2928,$9483,$-4718,$2898,$7075,$9973,$-558,$166,$0,$14,$-275,$4980,$-2727,$-23,$73,$-2005,$-17,$-2022,$0,$-4699,$0,$0,$0,$0,$0,$0,$0,$0,$281,$0,$0
28,2011-09-30,11.69,$15.62,0.75,$25.82,0.45,$1.05,11.16,$1.24,9.43,$2.55B,$0.78B,3.27,$4.71B,$2.83B,1.67,$4.67B,$1.89B,40.33%,$4.67B,$0.74B,15.81%,$4.67B,$0.74B,15.81%,$4.67B,$1.26B,26.98%,$4.67B,$0.35B,7.42%,$4.67B,$0.22B,4.77%,$0.22B,$2.83B,8.30%,$0.22B,$0.29B,145.75%,$0.22B,$9.28B,2.55%,$0.74B,$7.54B,10.49%,$1205,$726,$480,$0,$162,$1029,$177,$-69,$108,$39,$69,$69,$69,$316,$177,$181,182,$0.38,$0.38,$2141,$147,$43,$2550,$4009,$6,$2539,$176,$6730,$9280,$779,$4711,$93,$5675,$6454,$0,$1068,$-13,$2825,$9280,$210,$403,$175,$577,$-7,$14,$0,$50,$-34,$754,$-764,$0,$-11,$0,$75,$75,$0,$-700,$938,$14,$952,$54,$54,$0,$-15,$991,$1044,$32,$0
29,2011-06-30,23.1,$15.23,1.52,$24.94,0.93,$2.22,10.39,$1.30,17.77,$2.57B,$0.73B,3.54,$4.72B,$2.75B,1.72,$4.49B,$1.86B,41.34%,$4.49B,$0.77B,17.15%,$4.49B,$0.77B,17.15%,$4.49B,$1.27B,28.22%,$4.49B,$0.37B,8.15%,$4.49B,$0.23B,5.14%,$0.23B,$2.75B,8.86%,$0.23B,$0.21B,270.97%,$0.23B,$9.10B,2.72%,$0.77B,$7.46B,11.21%,$1209,$709,$501,$0,$155,$999,$210,$-76,$134,$50,$84,$84,$84,$345,$210,$180,183,$0.46,$0.46,$2156,$140,$50,$2568,$3857,$8,$2538,$129,$6533,$9101,$726,$4715,$81,$5626,$6351,$0,$999,$-8,$2750,$9101,$141,$263,$122,$385,$-5,$21,$0,$26,$-44,$482,$-469,$0,$-11,$0,$75,$75,$0,$-404,$946,$1,$947,$50,$50,$0,$-15,$982,$1059,$22,$0
30,2011-03-31,21.79,$14.72,1.48,$24.01,0.91,$2.21,9.88,$1.28,17.03,$2.23B,$0.90B,2.47,$4.26B,$2.63B,1.62,$4.29B,$1.82B,42.48%,$4.29B,$0.76B,17.65%,$4.29B,$0.76B,17.65%,$4.29B,$1.23B,28.64%,$4.29B,$0.37B,8.50%,$4.29B,$0.23B,5.29%,$0.23B,$2.63B,8.99%,$0.23B,$0.10B,1210.67%,$0.23B,$8.65B,2.81%,$0.76B,$6.89B,11.64%,$1194,$751,$444,$0,$170,$1049,$145,$-56,$90,$33,$56,$56,$56,$274,$145,$178,181,$0.32,$0.30,$1659,$286,$59,$2230,$3739,$19,$2537,$124,$6419,$8648,$904,$4255,$74,$5112,$6016,$0,$914,$2,$2633,$8648,$56,$129,$47,$175,$1,$-125,$0,$2,$-94,$138,$-197,$0,$-2,$0,$38,$38,$-8,$-169,$489,$53,$542,$20,$20,$0,$-7,$555,$525,$11,$0
31,2010-12-31,16.95,$14.31,1.18,$22.89,0.74,$3.03,5.6,$1.08,15.69,$1.59B,$0.80B,1.99,$3.76B,$2.54B,1.48,$4.07B,$1.75B,43.04%,$4.07B,$0.72B,17.64%,$4.07B,$0.72B,17.64%,$4.07B,$1.17B,28.72%,$4.07B,$0.31B,7.69%,$4.07B,$0.19B,4.77%,$0.19B,$2.54B,7.93%,$0.19B,$0.02B,-459.17%,$0.19B,$7.92B,2.49%,$0.72B,$6.30B,11.43%,$1066,$606,$460,$0,$156,$858,$207,$-192,$15,$2,$14,$14,$14,$326,$207,$177,178,$0.08,$0.08,$1171,$161,$63,$1594,$3659,$17,$2522,$126,$6325,$7919,$802,$3757,$73,$4575,$5377,$0,$858,$-1,$2542,$7919,$193,$450,$287,$737,$-7,$-14,$0,$53,$64,$995,$-753,$0,$-50,$0,$-149,$-149,$2,$-950,$-67,$-83,$-150,$8,$8,$0,$-35,$-177,$-133,$47,$0
32,2010-09-30,14.04,$14.16,0.99,$22.13,0.63,$1.90,7.39,$1.18,11.9,$2.25B,$0.69B,3.26,$4.31B,$2.51B,1.72,$3.94B,$1.68B,42.74%,$3.94B,$0.64B,16.29%,$3.94B,$0.64B,16.29%,$3.94B,$1.08B,27.42%,$3.94B,$0.36B,9.07%,$3.94B,$0.21B,5.41%,$0.21B,$2.51B,8.94%,$0.21B,$0.02B,-230.27%,$0.21B,$8.32B,2.78%,$0.64B,$6.82B,10.37%,$1021,$570,$451,$0,$147,$813,$208,$-81,$127,$49,$77,$77,$77,$322,$208,$177,178,$0.44,$0.44,$1902,$126,$41,$2246,$3424,$6,$2491,$154,$6075,$8321,$689,$4314,$83,$5125,$5814,$0,$845,$-10,$2507,$8321,$180,$331,$164,$495,$5,$21,$0,$30,$5,$679,$-480,$0,$-4,$0,$-787,$-787,$1,$-1270,$650,$-79,$572,$3,$3,$0,$-24,$551,$-40,$35,$0
33,2010-06-30,10.99,$13.67,0.8,$21.44,0.51,$1.55,7.07,$1.16,9.48,$1.49B,$0.68B,2.2,$3.63B,$2.42B,1.5,$3.81B,$1.63B,42.76%,$3.81B,$0.59B,15.51%,$3.81B,$0.59B,15.51%,$3.81B,$1.01B,26.61%,$3.81B,$0.32B,8.35%,$3.81B,$0.21B,5.51%,$0.21B,$2.42B,9.07%,$0.21B,$-0.06B,-139.07%,$0.21B,$7.48B,2.85%,$0.59B,$6.05B,9.96%,$1013,$544,$469,$0,$159,$814,$198,$-66,$133,$53,$80,$80,$80,$308,$198,$177,178,$0.44,$0.44,$1076,$195,$32,$1488,$3306,$6,$2472,$207,$5992,$7479,$678,$3629,$81,$4385,$5063,$0,$767,$-10,$2417,$7479,$103,$217,$100,$317,$4,$-48,$0,$14,$-83,$337,$-328,$0,$-2,$0,$-75,$-75,$2,$-402,$-9,$-80,$-90,$2,$2,$0,$0,$-88,$-153,$23,$0
34,2010-03-31,9.5,$13.14,0.72,$20.56,0.46,$1.66,5.72,$0.86,11.05,$1.54B,$0.80B,1.91,$3.63B,$2.32B,1.56,$3.66B,$1.52B,41.65%,$3.66B,$0.51B,13.92%,$3.66B,$0.51B,13.92%,$3.66B,$0.91B,24.97%,$3.66B,$0.23B,6.29%,$3.66B,$0.16B,4.27%,$0.16B,$2.32B,6.94%,$0.16B,$-0.15B,-73.41%,$0.16B,$7.46B,2.15%,$0.51B,$5.95B,8.69%,$971,$598,$372,$0,$160,$865,$105,$-67,$38,$15,$23,$23,$23,$213,$105,$176,177,$0.12,$0.12,$1189,$118,$35,$1538,$3264,$6,$2471,$178,$5919,$7457,$804,$3631,$74,$4330,$5134,$0,$687,$-11,$2322,$7457,$23,$108,$29,$136,$-1,$30,$0,$-6,$66,$225,$-136,$0,$-0,$0,$-50,$-50,$2,$-185,$-5,$-50,$-54,$-1,$-1,$0,$0,$-55,$-15,$11,$0
35,2009-12-31,10.24,$12.98,0.79,$19.54,0.52,$1.20,8.5,$0.98,10.45,$1.49B,$0.80B,1.87,$3.63B,$2.29B,1.59,$3.48B,$1.48B,42.40%,$3.48B,$0.54B,15.37%,$3.48B,$0.54B,15.37%,$3.48B,$0.91B,26.23%,$3.48B,$0.26B,7.58%,$3.48B,$0.18B,5.08%,$0.18B,$2.29B,8.08%,$0.18B,$-0.18B,-67.49%,$0.18B,$7.39B,2.48%,$0.54B,$5.91B,9.24%,$930,$540,$390,$0,$151,$800,$130,$-71,$59,$26,$33,$33,$33,$236,$130,$176,178,$0.20,$0.18,$1154,$147,$28,$1491,$3252,$6,$2470,$166,$5895,$7386,$797,$3626,$82,$4300,$5098,$0,$665,$-11,$2288,$7386,$177,$378,$181,$559,$-17,$9,$0,$44,$163,$899,$-859,$1,$-19,$0,$-224,$-224,$-15,$-1117,$473,$-20,$452,$9,$9,$0,$-12,$449,$231,$48,$0
36,2009-09-30,12.56,$12.68,0.99,$18.39,0.68,$-1.78,0.0,$0.88,14.27,$1.47B,$0.67B,2.19,$3.59B,$2.23B,1.61,$3.28B,$1.38B,42.23%,$3.28B,$0.50B,15.39%,$3.28B,$0.50B,15.39%,$3.28B,$0.85B,25.83%,$3.28B,$0.25B,7.73%,$3.28B,$0.16B,4.85%,$0.16B,$2.23B,7.48%,$0.16B,$-0.22B,-50.64%,$0.16B,$7.16B,2.31%,$0.50B,$5.82B,9.03%,$896,$497,$398,$0,$138,$737,$158,$-70,$88,$14,$74,$74,$74,$257,$158,$176,178,$0.42,$0.42,$1181,$88,$24,$1469,$3098,$4,$2452,$141,$5694,$7163,$671,$3591,$104,$4258,$4929,$0,$632,$-20,$2234,$7163,$144,$272,$133,$406,$-13,$68,$0,$4,$230,$779,$-642,$-16,$0,$0,$-224,$-224,$-13,$-895,$478,$-100,$377,$8,$8,$0,$-12,$373,$258,$36,$0
37,2009-06-30,17.86,$12.19,1.47,$17.21,1.04,$-3.24,0.0,$0.72,24.81,$1.39B,$0.63B,2.21,$3.59B,$2.15B,1.67,$3.07B,$1.29B,42.14%,$3.07B,$0.47B,15.23%,$3.07B,$0.47B,15.23%,$3.07B,$0.78B,25.34%,$3.07B,$0.25B,7.99%,$3.07B,$0.13B,4.24%,$0.13B,$2.15B,6.27%,$0.13B,$-0.30B,-37.04%,$0.13B,$7.01B,1.95%,$0.47B,$5.74B,8.67%,$860,$496,$363,$0,$142,$744,$116,$-71,$45,$19,$26,$26,$26,$207,$116,$176,179,$0.14,$0.14,$1095,$100,$34,$1394,$3039,$4,$2447,$126,$5616,$7011,$630,$3589,$128,$4235,$4865,$0,$558,$-21,$2146,$7011,$70,$173,$72,$245,$-20,$56,$0,$27,$151,$466,$-437,$-11,$0,$0,$-224,$-224,$0,$-673,$483,$-99,$383,$7,$7,$0,$-12,$379,$172,$23,$0
38,2009-03-31,22.92,$11.90,1.93,$16.21,1.41,$-3.58,0.0,$0.86,26.65,$1.41B,$0.66B,2.13,$3.59B,$2.09B,1.72,$2.89B,$1.24B,43.05%,$2.89B,$0.49B,16.88%,$2.89B,$0.49B,16.88%,$2.89B,$0.77B,26.59%,$2.89B,$0.29B,9.91%,$2.89B,$0.15B,5.34%,$0.15B,$2.09B,7.59%,$0.15B,$-0.35B,-40.37%,$0.15B,$6.97B,2.39%,$0.49B,$5.68B,9.38%,$795,$471,$325,$0,$136,$664,$131,$-59,$72,$28,$44,$44,$44,$213,$131,$176,178,$0.24,$0.24,$1075,$103,$60,$1409,$2993,$5,$2440,$125,$5562,$6971,$661,$3591,$141,$4219,$4880,$0,$532,$-33,$2091,$6971,$44,$82,$20,$101,$-11,$53,$0,$1,$161,$307,$-299,$-7,$0,$0,$-224,$-224,$-0,$-531,$486,$-100,$386,$3,$3,$0,$-12,$377,$153,$11,$0
39,2008-12-31,19.93,$11.59,1.72,$15.48,1.29,$-3.90,0.0,$0.84,23.72,$1.04B,$0.74B,1.41,$3.06B,$2.03B,1.5,$2.75B,$1.19B,43.28%,$2.75B,$0.47B,17.01%,$2.75B,$0.47B,17.01%,$2.75B,$0.72B,26.27%,$2.75B,$0.28B,10.17%,$2.75B,$0.15B,5.45%,$0.15B,$2.03B,7.58%,$0.15B,$-0.39B,-43.89%,$0.15B,$6.42B,2.43%,$0.47B,$5.09B,9.38%,$724,$427,$297,$0,$113,$624,$99,$-52,$48,$33,$15,$15,$15,$169,$99,$175,178,$0.10,$0.08,$698,$156,$47,$1044,$2848,$6,$2423,$101,$5378,$6422,$742,$3058,$135,$3645,$4388,$0,$488,$-33,$2034,$6422,$149,$255,$231,$487,$-3,$-47,$0,$-20,$-188,$447,$-938,$0,$-356,$0,$0,$0,$0,$-1294,$-17,$79,$62,$13,$13,$0,$0,$75,$-772,$41,$0
40,2008-09-30,18.77,$11.57,1.62,$15.40,1.22,$-2.46,0.0,$0.48,39.11,$1.28B,$0.73B,1.75,$3.00B,$2.03B,1.48,$2.62B,$1.15B,43.91%,$2.62B,$0.46B,17.60%,$2.62B,$0.46B,17.60%,$2.62B,$0.70B,26.65%,$2.62B,$0.21B,8.06%,$2.62B,$0.09B,3.36%,$0.09B,$2.03B,4.56%,$0.09B,$-0.37B,-29.28%,$0.09B,$6.28B,1.46%,$0.46B,$5.03B,9.36%,$687,$380,$307,$0,$117,$566,$121,$-41,$80,$35,$45,$45,$45,$188,$121,$175,178,$0.26,$0.26,$1020,$82,$24,$1277,$2514,$17,$2391,$78,$5001,$6278,$731,$3001,$80,$3522,$4253,$0,$473,$-13,$2025,$6278,$135,$186,$157,$343,$-8,$27,$0,$10,$50,$528,$-650,$-315,$-25,$0,$0,$0,$-2,$-991,$-12,$16,$4,$10,$10,$0,$0,$14,$-450,$30,$0
41,2008-06-30,23.77,$11.25,2.11,$14.66,1.62,$-2.30,0.0,$0.52,45.71,$1.32B,$0.63B,2.11,$3.00B,$1.97B,1.53,$2.49B,$1.11B,44.40%,$2.49B,$0.47B,19.00%,$2.49B,$0.47B,19.00%,$2.49B,$0.69B,27.68%,$2.49B,$0.22B,8.76%,$2.49B,$0.10B,3.86%,$0.10B,$1.97B,5.06%,$0.10B,$-0.42B,-37.80%,$0.10B,$6.08B,1.63%,$0.47B,$4.97B,9.67%,$679,$366,$313,$0,$113,$543,$136,$-50,$86,$35,$50,$50,$50,$197,$136,$175,178,$0.28,$0.28,$1129,$43,$21,$1322,$2263,$21,$2391,$82,$4757,$6079,$628,$3004,$75,$3483,$4111,$0,$428,$-14,$1968,$6079,$90,$118,$105,$223,$-7,$66,$0,$6,$19,$331,$-364,$-313,$-25,$0,$0,$0,$-1,$-703,$-8,$29,$21,$9,$9,$0,$0,$30,$-341,$19,$0
42,2008-03-31,22.81,$10.82,2.11,$14.44,1.58,$-2.66,0.0,$0.58,39.33,$1.52B,$0.59B,2.58,$2.98B,$1.88B,1.58,$2.36B,$1.05B,44.39%,$2.36B,$0.47B,19.86%,$2.36B,$0.47B,19.86%,$2.36B,$0.67B,28.17%,$2.36B,$0.23B,9.70%,$2.36B,$0.10B,4.36%,$0.10B,$1.88B,5.52%,$0.10B,$-0.19B,-49.94%,$0.10B,$5.90B,1.78%,$0.47B,$4.87B,9.66%,$662,$389,$274,$0,$104,$550,$112,$-46,$66,$27,$40,$40,$40,$169,$112,$174,177,$0.22,$0.22,$1311,$65,$22,$1524,$2038,$28,$2073,$237,$4376,$5901,$592,$2982,$89,$3425,$4017,$0,$378,$-28,$1884,$5901,$40,$57,$45,$102,$-1,$44,$0,$1,$-35,$107,$-156,$-154,$-19,$0,$0,$0,$-1,$-329,$-4,$66,$62,$1,$1,$0,$0,$62,$-159,$8,$0
