,Date,Stock Price,Book Value per Share,Price to Book Ratio,TTM Sales per Share,Price to Sales Ratio,TTM FCF per Share,Price to FCF Ratio,TTM Net EPS,PE Ratio,Current Assets,Current Liabilities,Current Ratio,Long Term Debt,Shareholder's Equity_x,Debt to Equity Ratio,TTM Revenue_x,TTM Gross Profit,Gross Margin,TTM Revenue_y,TTM Operating Income,Operating Margin,TTM Revenue_x,TTM EBIT,EBIT Margin,TTM Revenue_y,TTM EBITDA,EBITDA Margin,TTM Revenue_x,TTM Pre-Tax Income,Pre-Tax Margin,TTM Revenue_y,TTM Net Income_x,Net Margin,TTM Net Income_y,Shareholder's Equity_y,Return on Equity,TTM Net Income_x,Tangible Equity,Return on Tangible Equity,TTM Net Income_y,Total Assets,Return on Assets,TTM Net Income,LT Investments & Debt,Return on Investment,revenue,cost-goods-sold,gross-profit,research-development-expenses,selling-general-administrative-expenses,operating-expenses,operating-income,total-non-operating-income-expense,pre-tax-income,total-provision-income-taxes,income-after-taxes,income-from-continuous-operations,net-income,ebitda,ebit,basic-shares-outstanding,shares-outstanding,eps-basic-net-earnings-per-share,eps-earnings-per-share-diluted,cash-on-hand,inventory,other-current-assets,total-current-assets,net-property-plant-equipment,long-term-investments,goodwill-intangible-assets-total,other-long-term-assets,total-long-term-assets,total-assets,total-current-liabilities,long-term-debt,other-non-current-liabilities,total-long-term-liabilities,total-liabilities,common-stock-net,retained-earnings-accumulated-deficit,comprehensive-income,total-share-holder-equity,total-liabilities-share-holders-equity,net-income-loss,total-depreciation-amortization-cash-flow,other-non-cash-items,total-non-cash-items,change-in-accounts-receivable,change-in-inventories,change-in-accounts-payable,change-in-assets-liabilities,total-change-in-assets-liabilities,cash-flow-from-operating-activities,net-change-in-property-plant-equipment,net-change-in-intangible-assets,net-acquisitions-divestitures,net-change-in-short-term-investments,net-change-in-long-term-investments,net-change-in-investments-total,investing-activities-other,cash-flow-from-investing-activities,net-long-term-debt,net-current-debt,debt-issuance-retirement-net-total,net-common-equity-issued-repurchased,net-total-equity-issued-repurchased,total-common-preferred-stock-dividends-paid,financial-activities-other,cash-flow-from-financial-activities,net-cash-flow,stock-based-compensation,common-stock-dividends-paid
0,2018-09-30,5.05,$2.26,2.24,$2.26,2.23,$-0.65,0.0,$-1.81,0.0,$0.15B,$0.07B,1.99,$0.00B,$0.10B,0.0,$0.10B,$0.04B,43.56%,$0.10B,$-0.09B,-87.13%,$0.10B,$-0.09B,-87.13%,$0.10B,$-0.08B,-80.20%,$0.10B,$-0.09B,-84.16%,$0.10B,$-0.09B,-86.14%,$-0.09B,$0.10B,-99.15%,$-0.09B,$0.07B,-156.05%,$-0.09B,$0.24B,-32.52%,$-0.09B,$0.10B,-100.28%,$52,$31,$21,$20,$10,$61,$-9,$2,$-7,$1,$-8,$-8,$-8,$-8,$-9,$45,45,$-0.18,$-0.18,$84,$0,$0,$148,$6,$0,$31,$4,$88,$236,$74,$0,$2,$59,$134,$0,$-65,$-2,$102,$236,$-8,$1,$1,$2,$-1,$0,$3,$3,$3,$-2,$-0,$0,$0,$0,$0,$0,$0,$0,$0,$0,$0,$0,$0,$0,$-1,$-1,$-4,$2,$0
1,2018-06-30,5.6,$2.43,2.3,$2.40,2.34,$-0.73,0.0,$-2.00,0.0,$0.15B,$0.07B,2.11,$0.00B,$0.11B,0.0,$0.11B,$0.04B,41.51%,$0.11B,$-0.09B,-83.96%,$0.11B,$-0.09B,-83.96%,$0.11B,$-0.08B,-77.36%,$0.11B,$-0.09B,-83.02%,$0.11B,$-0.09B,-83.96%,$-0.09B,$0.11B,-102.59%,$-0.09B,$0.08B,-165.58%,$-0.09B,$0.24B,-32.04%,$-0.09B,$0.11B,-102.59%,$-4,$-4,$0,$23,$10,$29,$-32,$0,$-32,$0,$-32,$-32,$-32,$-31,$-32,$44,44,$-0.72,$-0.72,$88,$0,$0,$148,$7,$0,$31,$2,$88,$236,$70,$0,$2,$56,$126,$0,$-57,$-2,$109,$236,$-89,$6,$9,$15,$12,$0,$7,$61,$67,$-7,$-5,$0,$0,$9,$0,$9,$0,$4,$0,$0,$0,$1,$1,$0,$-2,$-2,$-4,$10,$0
2,2018-03-31,5.4,$1.25,4.33,$3.41,1.58,$-0.72,0.0,$-1.70,0.0,$0.17B,$0.10B,1.79,$0.00B,$0.06B,0.0,$0.15B,$0.06B,41.33%,$0.15B,$-0.07B,-46.67%,$0.15B,$-0.07B,-46.67%,$0.15B,$-0.06B,-42.00%,$0.15B,$-0.07B,-46.00%,$0.15B,$-0.07B,-46.67%,$-0.07B,$0.06B,-80.00%,$-0.07B,$0.02B,-130.84%,$-0.07B,$0.31B,-24.67%,$-0.07B,$0.06B,-80.00%,$14,$8,$6,$22,$11,$44,$-31,$0,$-30,$0,$-31,$-31,$-31,$-27,$-31,$45,45,$-0.69,$-0.69,$92,$0,$0,$171,$8,$0,$31,$2,$137,$308,$95,$0,$2,$157,$252,$0,$-108,$-1,$56,$308,$-63,$5,$6,$12,$7,$0,$11,$41,$47,$-4,$-5,$0,$0,$6,$0,$6,$0,$1,$0,$0,$0,$0,$0,$0,$-2,$-2,$-3,$8,$0
3,2017-12-31,5.5,$1.90,2.9,$3.91,1.41,$-0.80,0.0,$-1.32,0.0,$0.17B,$0.09B,1.94,$0.00B,$0.08B,0.0,$0.17B,$0.07B,42.69%,$0.17B,$-0.05B,-30.41%,$0.17B,$-0.05B,-30.41%,$0.17B,$-0.05B,-28.07%,$0.17B,$-0.05B,-30.41%,$0.17B,$-0.05B,-30.99%,$-0.05B,$0.08B,-50.96%,$-0.05B,$0.05B,-76.53%,$-0.05B,$0.29B,-20.04%,$-0.05B,$0.08B,-50.00%,$39,$22,$17,$22,$11,$55,$-16,$0,$-16,$0,$-16,$-16,$-16,$-15,$-16,$44,44,$-0.35,$-0.35,$94,$0,$0,$170,$7,$0,$34,$2,$120,$290,$88,$0,$2,$117,$206,$0,$-78,$-2,$84,$290,$-32,$2,$4,$6,$6,$0,$-2,$19,$23,$-3,$-3,$0,$0,$1,$0,$1,$0,$-3,$0,$0,$0,$0,$0,$0,$-2,$-1,$-7,$5,$0
4,2017-09-30,6.35,$2.21,2.88,$4.23,1.5,$-0.73,0.0,$-1.23,0.0,$0.18B,$0.09B,1.96,$0.00B,$0.10B,0.0,$0.18B,$0.08B,42.93%,$0.18B,$-0.05B,-26.09%,$0.18B,$-0.05B,-26.09%,$0.18B,$-0.04B,-23.91%,$0.18B,$-0.05B,-25.54%,$0.18B,$-0.05B,-26.09%,$-0.05B,$0.10B,-41.47%,$-0.05B,$0.06B,-59.63%,$-0.05B,$0.28B,-19.41%,$-0.05B,$0.10B,-41.47%,$57,$36,$21,$21,$10,$67,$-10,$-0,$-10,$0,$-10,$-10,$-10,$-9,$-10,$44,44,$-0.24,$-0.24,$95,$0,$0,$176,$7,$0,$35,$2,$101,$277,$90,$0,$1,$89,$179,$0,$-62,$-2,$98,$277,$-10,$1,$2,$2,$-2,$0,$9,$3,$4,$-4,$-2,$0,$0,$3,$0,$3,$0,$1,$0,$0,$0,$0,$0,$0,$-1,$-1,$-3,$2,$0
5,2017-06-30,8.1,$2.55,3.17,$3.92,2.06,$-0.74,0.0,$-1.08,0.0,$0.18B,$0.08B,2.24,$0.00B,$0.11B,0.0,$0.17B,$0.08B,45.56%,$0.17B,$-0.05B,-28.40%,$0.17B,$-0.05B,-28.40%,$0.17B,$-0.04B,-26.04%,$0.17B,$-0.05B,-27.81%,$0.17B,$-0.05B,-27.81%,$-0.05B,$0.11B,-37.08%,$-0.05B,$0.08B,-51.51%,$-0.05B,$0.26B,-20.30%,$-0.05B,$0.11B,-37.87%,$40,$22,$18,$20,$11,$53,$-13,$-0,$-13,$0,$-13,$-13,$-13,$-12,$-13,$43,43,$-0.30,$-0.30,$102,$0,$0,$175,$5,$0,$35,$1,$84,$260,$78,$0,$2,$69,$147,$0,$-46,$-2,$112,$260,$-47,$3,$10,$13,$-16,$0,$1,$25,$25,$-9,$-1,$0,$0,$10,$0,$10,$0,$9,$0,$0,$0,$3,$3,$0,$-3,$-0,$-1,$10,$0
6,2017-03-31,8.65,$2.78,3.11,$4.14,2.09,$-0.66,0.0,$-0.98,0.0,$0.16B,$0.06B,2.73,$0.00B,$0.12B,0.0,$0.18B,$0.08B,45.20%,$0.18B,$-0.04B,-24.29%,$0.18B,$-0.04B,-24.29%,$0.18B,$-0.04B,-22.03%,$0.18B,$-0.04B,-23.73%,$0.18B,$-0.04B,-23.73%,$-0.04B,$0.12B,-30.83%,$-0.04B,$0.09B,-41.79%,$-0.04B,$0.23B,-19.00%,$-0.04B,$0.12B,-31.56%,$35,$18,$17,$19,$11,$48,$-13,$0,$-13,$1,$-14,$-14,$-14,$-12,$-13,$44,44,$-0.31,$-0.31,$101,$0,$0,$160,$5,$0,$35,$2,$71,$231,$59,$0,$2,$51,$110,$0,$-33,$-3,$122,$231,$-34,$2,$8,$10,$-6,$0,$6,$16,$14,$-11,$-1,$0,$0,$11,$0,$11,$0,$11,$0,$0,$0,$0,$2,$0,$-2,$0,$-1,$7,$0
7,2016-12-31,7.05,$3.02,2.33,$4.44,1.59,$-0.61,0.0,$-0.90,0.0,$0.16B,$0.06B,2.74,$0.00B,$0.13B,0.0,$0.19B,$0.08B,44.15%,$0.19B,$-0.04B,-20.74%,$0.19B,$-0.04B,-20.74%,$0.19B,$-0.04B,-18.62%,$0.19B,$-0.04B,-20.74%,$0.19B,$-0.04B,-20.21%,$-0.04B,$0.13B,-26.25%,$-0.04B,$0.10B,-34.94%,$-0.04B,$0.22B,-17.45%,$-0.04B,$0.13B,-26.94%,$52,$29,$23,$16,$12,$64,$-12,$1,$-11,$1,$-11,$-11,$-11,$-11,$-12,$43,43,$-0.26,$-0.26,$108,$0,$0,$164,$5,$0,$35,$2,$57,$221,$60,$0,$3,$31,$90,$0,$-19,$-3,$131,$221,$-21,$1,$5,$6,$-6,$0,$5,$8,$11,$-3,$-1,$0,$0,$2,$0,$2,$0,$1,$0,$0,$0,$0,$0,$0,$-2,$-1,$-4,$5,$0
8,2016-09-30,5.73,$3.28,1.75,$4.34,1.32,$-0.70,0.0,$-0.80,0.0,$0.16B,$0.05B,3.42,$0.00B,$0.14B,0.0,$0.18B,$0.08B,44.75%,$0.18B,$-0.03B,-18.78%,$0.18B,$-0.03B,-18.78%,$0.18B,$-0.03B,-16.57%,$0.18B,$-0.03B,-18.78%,$0.18B,$-0.03B,-18.78%,$-0.03B,$0.14B,-22.26%,$-0.03B,$0.11B,-29.18%,$-0.03B,$0.21B,-15.74%,$-0.03B,$0.14B,-22.26%,$42,$23,$19,$18,$11,$52,$-10,$0,$-10,$-0,$-9,$-9,$-9,$-9,$-10,$43,43,$-0.22,$-0.22,$107,$0,$0,$158,$5,$0,$36,$2,$56,$214,$46,$0,$3,$26,$72,$0,$-8,$-2,$142,$214,$-9,$1,$3,$3,$-1,$0,$5,$2,$0,$-6,$-0,$0,$0,$2,$0,$2,$0,$2,$0,$0,$0,$0,$0,$0,$-1,$-1,$-5,$3,$0
9,2016-06-30,5.1,$3.50,1.46,$4.44,1.15,$-0.71,0.0,$-0.85,0.0,$0.16B,$0.05B,3.59,$0.00B,$0.15B,0.0,$0.18B,$0.08B,45.36%,$0.18B,$-0.04B,-19.13%,$0.18B,$-0.04B,-19.13%,$0.18B,$-0.03B,-16.39%,$0.18B,$-0.04B,-19.13%,$0.18B,$-0.04B,-19.67%,$-0.04B,$0.15B,-22.64%,$-0.04B,$0.11B,-29.39%,$-0.04B,$0.22B,-16.59%,$-0.04B,$0.15B,-22.01%,$48,$27,$21,$17,$11,$56,$-8,$0,$-8,$0,$-8,$-8,$-8,$-7,$-8,$42,42,$-0.19,$-0.19,$115,$0,$0,$164,$5,$0,$36,$2,$54,$218,$46,$0,$4,$23,$69,$0,$2,$-2,$150,$218,$-35,$4,$13,$17,$-6,$0,$4,$7,$15,$-3,$-4,$0,$0,$13,$0,$13,$0,$9,$0,$0,$0,$1,$1,$0,$-3,$-2,$3,$11,$0
10,2016-03-31,5.9,$3.66,1.61,$4.37,1.35,$-0.76,0.0,$-0.85,0.0,$0.17B,$0.04B,3.8,$0.00B,$0.16B,0.0,$0.18B,$0.08B,46.63%,$0.18B,$-0.04B,-20.79%,$0.18B,$-0.04B,-20.79%,$0.18B,$-0.03B,-17.42%,$0.18B,$-0.04B,-21.35%,$0.18B,$-0.04B,-20.22%,$-0.04B,$0.16B,-21.75%,$-0.04B,$0.12B,-27.96%,$-0.04B,$0.22B,-16.48%,$-0.04B,$0.16B,-22.36%,$46,$26,$20,$17,$12,$56,$-9,$-1,$-10,$-0,$-10,$-10,$-10,$-8,$-9,$42,42,$-0.23,$-0.23,$113,$0,$0,$165,$6,$0,$36,$2,$54,$218,$43,$0,$4,$19,$62,$0,$10,$-2,$156,$218,$-27,$3,$10,$13,$-3,$0,$5,$6,$7,$-7,$-2,$0,$0,$8,$0,$8,$0,$6,$0,$0,$0,$1,$1,$0,$-3,$-2,$-3,$9,$0
11,2015-12-31,5.69,$3.93,1.45,$4.32,1.32,$-0.55,0.0,$-0.74,0.0,$0.16B,$0.04B,4.32,$0.00B,$0.16B,0.0,$0.17B,$0.08B,48.28%,$0.17B,$-0.04B,-21.26%,$0.17B,$-0.04B,-21.26%,$0.17B,$-0.03B,-17.24%,$0.17B,$-0.04B,-20.69%,$0.17B,$-0.03B,-17.82%,$-0.03B,$0.16B,-18.02%,$-0.03B,$0.13B,-23.01%,$-0.03B,$0.21B,-13.93%,$-0.04B,$0.16B,-21.51%,$45,$25,$21,$17,$12,$52,$-7,$1,$-6,$0,$-7,$-7,$-7,$-6,$-7,$41,41,$-0.16,$-0.16,$115,$0,$0,$163,$5,$0,$37,$3,$51,$214,$38,$0,$3,$14,$51,$0,$19,$-2,$163,$214,$-17,$2,$7,$9,$-1,$0,$0,$3,$2,$-7,$-0,$0,$0,$2,$0,$2,$0,$2,$0,$0,$0,$0,$0,$0,$-2,$-1,$-7,$6,$0
12,2015-09-30,7.81,$4.08,1.92,$4.22,1.85,$-0.53,0.0,$-0.65,0.0,$0.17B,$0.04B,4.79,$0.00B,$0.17B,0.0,$0.17B,$0.08B,49.11%,$0.17B,$-0.04B,-23.08%,$0.17B,$-0.04B,-23.08%,$0.17B,$-0.03B,-18.93%,$0.17B,$-0.04B,-22.49%,$0.17B,$-0.03B,-15.98%,$-0.03B,$0.17B,-15.19%,$-0.03B,$0.13B,-19.29%,$-0.03B,$0.22B,-11.83%,$-0.04B,$0.17B,-21.94%,$44,$23,$21,$18,$13,$55,$-11,$-0,$-11,$0,$-11,$-11,$-11,$-9,$-11,$41,41,$-0.27,$-0.27,$117,$0,$0,$166,$7,$0,$37,$8,$52,$218,$35,$0,$9,$17,$52,$0,$26,$-2,$167,$218,$-11,$1,$3,$5,$-2,$0,$-0,$1,$0,$-6,$-0,$0,$0,$1,$0,$1,$0,$1,$0,$0,$0,$-0,$-0,$0,$-1,$-2,$-7,$3,$0
13,2015-06-30,8.05,$4.35,1.85,$4.01,2.01,$-0.48,0.0,$-0.58,0.0,$0.17B,$0.03B,5.12,$0.00B,$0.18B,0.0,$0.16B,$0.08B,50.63%,$0.16B,$-0.04B,-23.75%,$0.16B,$-0.04B,-23.75%,$0.16B,$-0.03B,-19.38%,$0.16B,$-0.04B,-22.50%,$0.16B,$-0.02B,-15.00%,$-0.02B,$0.18B,-13.13%,$-0.02B,$0.14B,-16.61%,$-0.02B,$0.22B,-10.33%,$-0.04B,$0.18B,-20.79%,$43,$22,$21,$17,$13,$53,$-10,$-1,$-11,$-3,$-8,$-8,$-8,$-8,$-10,$40,40,$-0.19,$-0.19,$125,$0,$0,$172,$7,$0,$38,$4,$52,$224,$34,$0,$9,$14,$48,$0,$37,$-2,$176,$224,$-23,$7,$13,$20,$-11,$0,$0,$7,$-5,$-8,$-1,$0,$0,$19,$-2,$17,$0,$16,$0,$0,$0,$1,$1,$0,$-3,$-2,$4,$11,$0
14,2015-03-31,7.92,$4.52,1.75,$3.82,2.07,$-0.87,0.0,$-0.85,0.0,$0.18B,$0.04B,4.82,$0.00B,$0.18B,0.0,$0.15B,$0.08B,52.32%,$0.15B,$-0.04B,-29.14%,$0.15B,$-0.04B,-29.14%,$0.15B,$-0.04B,-24.50%,$0.15B,$-0.04B,-27.15%,$0.15B,$-0.03B,-22.52%,$-0.03B,$0.18B,-18.21%,$-0.03B,$0.14B,-23.01%,$-0.03B,$0.23B,-14.39%,$-0.04B,$0.18B,-23.56%,$42,$21,$21,$17,$13,$51,$-9,$1,$-8,$-3,$-5,$-5,$-5,$-7,$-9,$40,40,$-0.12,$-0.12,$137,$0,$0,$183,$7,$0,$38,$6,$51,$234,$38,$0,$11,$14,$52,$0,$46,$-2,$182,$234,$-15,$5,$10,$16,$-11,$0,$1,$5,$0,$0,$-1,$0,$0,$8,$-0,$7,$0,$7,$0,$0,$0,$1,$1,$0,$-2,$-1,$4,$9,$0
15,2014-12-31,6.67,$4.66,1.43,$3.66,1.82,$-1.26,0.0,$-0.92,0.0,$0.19B,$0.04B,5.1,$0.00B,$0.19B,0.0,$0.14B,$0.08B,54.55%,$0.14B,$-0.05B,-32.17%,$0.14B,$-0.05B,-32.17%,$0.14B,$-0.04B,-27.27%,$0.14B,$-0.05B,-31.47%,$0.14B,$-0.04B,-25.87%,$-0.04B,$0.19B,-19.15%,$-0.04B,$0.15B,-24.14%,$-0.04B,$0.24B,-15.32%,$-0.05B,$0.19B,-23.80%,$40,$20,$20,$17,$12,$49,$-9,$1,$-8,$-6,$-3,$-3,$-3,$-8,$-9,$40,40,$-0.07,$-0.07,$133,$0,$0,$185,$8,$0,$39,$4,$51,$237,$36,$0,$14,$14,$51,$0,$51,$-1,$186,$237,$-11,$4,$7,$10,$-6,$0,$1,$6,$-5,$-5,$-1,$0,$0,$8,$-0,$8,$0,$7,$0,$0,$0,$1,$1,$0,$-1,$-0,$0,$6,$0
16,2014-09-30,6.7,$4.70,1.43,$3.63,1.85,$-1.30,0.0,$-0.95,0.0,$0.18B,$0.03B,5.57,$0.00B,$0.19B,0.0,$0.14B,$0.08B,57.14%,$0.14B,$-0.04B,-31.43%,$0.14B,$-0.04B,-31.43%,$0.14B,$-0.04B,-25.00%,$0.14B,$-0.04B,-30.71%,$0.14B,$-0.04B,-27.14%,$-0.04B,$0.19B,-19.10%,$-0.04B,$0.15B,-23.10%,$-0.04B,$0.23B,-15.26%,$-0.04B,$0.19B,-22.11%,$35,$16,$19,$17,$12,$45,$-10,$1,$-9,$-1,$-8,$-8,$-8,$-8,$-10,$40,40,$-0.20,$-0.20,$138,$0,$0,$181,$8,$0,$40,$4,$53,$234,$33,$0,$14,$14,$47,$0,$55,$-1,$187,$234,$-8,$2,$4,$6,$-1,$0,$0,$3,$-2,$-4,$-0,$0,$0,$10,$-0,$10,$0,$9,$0,$0,$0,$1,$1,$0,$-1,$1,$5,$3,$0
17,2014-06-30,5.69,$4.88,1.17,$3.84,1.48,$-1.35,0.0,$-0.75,0.0,$0.19B,$0.03B,5.7,$0.00B,$0.19B,0.0,$0.15B,$0.09B,59.73%,$0.15B,$-0.03B,-22.82%,$0.15B,$-0.03B,-22.82%,$0.15B,$-0.03B,-16.78%,$0.15B,$-0.03B,-22.82%,$0.15B,$-0.03B,-20.13%,$-0.03B,$0.19B,-14.58%,$-0.03B,$0.15B,-17.00%,$-0.03B,$0.24B,-11.66%,$-0.03B,$0.19B,-16.52%,$34,$15,$19,$16,$16,$51,$-16,$0,$-16,$2,$-18,$-18,$-18,$-14,$-16,$39,39,$-0.47,$-0.47,$143,$0,$0,$186,$9,$0,$41,$4,$54,$240,$33,$0,$15,$15,$47,$0,$63,$1,$192,$240,$-30,$10,$16,$26,$2,$0,$-1,$-15,$-19,$-23,$-1,$0,$-19,$40,$0,$40,$0,$20,$0,$0,$0,$-7,$-7,$0,$-2,$-9,$-11,$12,$0
18,2014-03-31,5.96,$5.31,1.12,$4.08,1.46,$0.21,28.79,$-0.15,0.0,$0.19B,$0.03B,6.05,$0.00B,$0.21B,0.0,$0.16B,$0.10B,61.11%,$0.16B,$-0.02B,-12.35%,$0.16B,$-0.02B,-12.35%,$0.16B,$-0.01B,-6.17%,$0.16B,$-0.02B,-12.35%,$0.16B,$-0.01B,-3.70%,$-0.01B,$0.21B,-2.84%,$-0.01B,$0.17B,-3.20%,$-0.01B,$0.26B,-2.26%,$-0.02B,$0.21B,-9.47%,$34,$14,$20,$16,$16,$46,$-11,$-0,$-12,$-4,$-8,$-8,$-8,$-9,$-11,$39,39,$-0.19,$-0.19,$152,$0,$0,$194,$9,$0,$41,$4,$61,$255,$32,$0,$15,$15,$47,$0,$80,$0,$208,$255,$-12,$8,$6,$13,$1,$0,$2,$-7,$-16,$-15,$-1,$0,$-19,$33,$-1,$32,$0,$12,$0,$0,$0,$-7,$-7,$0,$-1,$-8,$-10,$8,$0
19,2013-12-31,6.59,$5.42,1.22,$4.51,1.46,$1.37,4.81,$0.13,50.69,$0.23B,$0.04B,5.45,$0.00B,$0.21B,0.0,$0.18B,$0.11B,61.20%,$0.18B,$-0.01B,-2.73%,$0.18B,$-0.01B,-2.73%,$0.18B,$0.01B,3.28%,$0.18B,$-0.00B,-2.19%,$0.18B,$0.01B,3.28%,$0.01B,$0.21B,2.84%,$0.01B,$0.19B,3.10%,$0.01B,$0.27B,2.22%,$-0.01B,$0.21B,-2.36%,$37,$15,$22,$14,$15,$44,$-7,$1,$-6,$-2,$-4,$-4,$-4,$-4,$-7,$39,39,$-0.10,$-0.10,$189,$0,$0,$229,$10,$0,$18,$4,$38,$267,$42,$0,$7,$15,$57,$0,$89,$1,$209,$267,$-4,$5,$3,$9,$2,$0,$-1,$-17,$-12,$-7,$-1,$0,$0,$26,$-1,$25,$0,$25,$0,$0,$0,$-6,$-6,$0,$-1,$-6,$11,$5,$0
20,2013-09-30,5.84,$5.50,1.06,$4.65,1.26,$2.50,2.34,$0.25,23.36,$0.23B,$0.04B,6.17,$0.00B,$0.21B,0.0,$0.19B,$0.12B,62.18%,$0.19B,$0.00B,1.55%,$0.19B,$0.00B,1.55%,$0.19B,$0.01B,7.25%,$0.19B,$0.00B,1.55%,$0.19B,$0.01B,5.70%,$0.01B,$0.21B,5.18%,$0.01B,$0.20B,5.68%,$0.01B,$0.27B,3.99%,$0.00B,$0.21B,1.41%,$44,$16,$28,$15,$13,$45,$-0,$0,$-0,$-0,$0,$0,$0,$2,$-0,$39,40,$0.00,$0.00,$190,$0,$0,$228,$11,$0,$18,$4,$38,$267,$37,$0,$15,$15,$52,$0,$94,$1,$214,$267,$0,$3,$2,$5,$2,$0,$-1,$-10,$-11,$-6,$-0,$0,$0,$-1,$-0,$-1,$0,$-1,$0,$0,$0,$-3,$-3,$0,$-0,$-3,$-10,$2,$0
21,2013-06-30,5.23,$5.45,0.96,$4.54,1.15,$3.14,1.67,$0.31,16.87,$0.24B,$0.04B,5.31,$0.00B,$0.21B,0.0,$0.19B,$0.12B,64.06%,$0.19B,$0.01B,3.13%,$0.19B,$0.01B,3.13%,$0.19B,$0.02B,9.38%,$0.19B,$0.01B,3.13%,$0.19B,$0.01B,7.29%,$0.01B,$0.21B,6.56%,$0.01B,$0.20B,7.03%,$0.01B,$0.27B,5.00%,$0.01B,$0.21B,2.81%,$47,$18,$29,$15,$14,$49,$-2,$-0,$-2,$-1,$-1,$-1,$6,$1,$-2,$40,42,$0.13,$0.14,$194,$0,$0,$235,$12,$0,$19,$5,$39,$274,$44,$0,$15,$15,$59,$0,$96,$0,$214,$274,$13,$13,$8,$21,$-3,$0,$-1,$-1,$9,$43,$-3,$0,$-18,$22,$-1,$21,$0,$-0,$0,$0,$0,$-24,$-24,$0,$-0,$-24,$19,$9,$0
22,2013-03-31,6.45,$5.26,1.23,$4.44,1.45,$2.50,2.58,$0.32,20.16,$0.23B,$0.05B,4.78,$0.00B,$0.21B,0.0,$0.19B,$0.13B,67.89%,$0.19B,$0.02B,9.47%,$0.19B,$0.02B,9.47%,$0.19B,$0.03B,15.79%,$0.19B,$0.02B,9.47%,$0.19B,$0.02B,7.89%,$0.02B,$0.21B,7.00%,$0.02B,$0.19B,7.34%,$0.02B,$0.27B,5.40%,$0.02B,$0.21B,8.40%,$55,$22,$33,$16,$13,$51,$4,$0,$4,$0,$4,$4,$4,$7,$4,$40,42,$0.10,$0.09,$188,$0,$0,$231,$13,$0,$19,$6,$40,$271,$48,$0,$14,$14,$62,$0,$91,$1,$209,$271,$7,$10,$6,$15,$-4,$0,$-1,$7,$12,$35,$-3,$0,$-18,$22,$-1,$22,$0,$1,$0,$0,$0,$-22,$-22,$0,$-0,$-22,$14,$6,$0
23,2012-12-31,7.99,$5.19,1.54,$4.37,1.83,$2.22,3.6,$0.40,19.97,$0.25B,$0.06B,3.89,$0.00B,$0.21B,0.0,$0.19B,$0.14B,71.58%,$0.19B,$0.02B,12.63%,$0.19B,$0.02B,12.63%,$0.19B,$0.04B,19.47%,$0.19B,$0.03B,13.16%,$0.19B,$0.02B,9.47%,$0.02B,$0.21B,8.39%,$0.02B,$0.19B,8.60%,$0.02B,$0.29B,6.46%,$0.02B,$0.21B,11.19%,$47,$17,$30,$14,$15,$47,$1,$1,$1,$1,$0,$0,$1,$4,$1,$41,43,$0.02,$0.02,$208,$0,$0,$249,$14,$0,$20,$6,$42,$290,$64,$0,$13,$13,$77,$0,$94,$0,$213,$290,$4,$6,$5,$12,$1,$0,$-1,$13,$27,$42,$-2,$0,$-18,$5,$-1,$5,$0,$-15,$0,$0,$0,$-11,$-11,$0,$0,$-11,$16,$4,$0
24,2012-09-30,5.97,$5.30,1.13,$4.48,1.33,$1.20,4.99,$0.61,9.79,$0.26B,$0.05B,4.88,$0.00B,$0.22B,0.0,$0.20B,$0.15B,76.02%,$0.20B,$0.04B,17.86%,$0.20B,$0.04B,17.86%,$0.20B,$0.05B,24.49%,$0.20B,$0.04B,18.37%,$0.20B,$0.03B,13.78%,$0.03B,$0.22B,12.75%,$0.03B,$0.22B,12.77%,$0.03B,$0.29B,10.04%,$0.04B,$0.22B,16.53%,$43,$12,$31,$15,$13,$40,$3,$0,$3,$1,$2,$2,$3,$6,$3,$41,43,$0.07,$0.06,$217,$0,$0,$260,$14,$0,$0,$7,$25,$285,$53,$0,$14,$14,$67,$0,$99,$1,$218,$285,$3,$3,$1,$4,$-6,$0,$-1,$22,$15,$22,$-1,$0,$0,$-10,$-0,$-10,$0,$-11,$0,$0,$0,$-3,$-3,$0,$-0,$-3,$8,$1,$0
25,2012-06-30,6.13,$5.24,1.17,$4.66,1.32,$0.71,8.68,$0.73,8.4,$0.24B,$0.04B,6.77,$0.00B,$0.22B,0.0,$0.21B,$0.16B,77.67%,$0.21B,$0.04B,21.36%,$0.21B,$0.04B,21.36%,$0.21B,$0.06B,27.67%,$0.21B,$0.05B,22.33%,$0.21B,$0.03B,15.53%,$0.03B,$0.22B,15.61%,$0.03B,$0.22B,15.63%,$0.03B,$0.27B,12.32%,$0.04B,$0.22B,21.46%,$45,$10,$35,$15,$11,$36,$10,$0,$10,$3,$6,$6,$7,$13,$10,$41,44,$0.15,$0.16,$199,$0,$0,$241,$15,$0,$1,$5,$24,$265,$36,$0,$13,$13,$48,$0,$97,$0,$217,$265,$32,$13,$6,$18,$5,$0,$0,$-34,$-21,$29,$-16,$0,$-2,$-18,$-1,$-19,$0,$-37,$0,$0,$0,$-10,$-10,$0,$1,$-10,$-17,$5,$0
26,2012-03-31,7.02,$5.06,1.39,$4.58,1.53,$2.63,2.67,$0.78,9.0,$0.25B,$0.05B,4.66,$0.00B,$0.21B,0.0,$0.20B,$0.16B,78.43%,$0.20B,$0.05B,25.49%,$0.20B,$0.05B,25.49%,$0.20B,$0.06B,31.37%,$0.20B,$0.06B,26.96%,$0.20B,$0.03B,16.67%,$0.03B,$0.21B,17.19%,$0.03B,$0.21B,17.19%,$0.03B,$0.28B,13.14%,$0.05B,$0.21B,26.30%,$55,$14,$40,$17,$13,$44,$10,$0,$11,$4,$7,$7,$7,$14,$10,$41,44,$0.18,$0.17,$210,$0,$0,$251,$17,$0,$0,$6,$24,$275,$54,$0,$12,$12,$66,$0,$91,$0,$210,$275,$26,$9,$5,$14,$4,$0,$-0,$-17,$-4,$36,$-15,$0,$-2,$-6,$-1,$-7,$0,$-24,$0,$0,$0,$-9,$-9,$0,$1,$-9,$4,$4,$0
27,2011-12-31,7.81,$4.90,1.59,$4.60,1.7,$4.53,1.72,$0.86,9.08,$0.22B,$0.04B,5.92,$0.00B,$0.20B,0.0,$0.21B,$0.16B,79.61%,$0.21B,$0.06B,29.13%,$0.21B,$0.06B,29.13%,$0.21B,$0.07B,34.95%,$0.21B,$0.06B,30.10%,$0.21B,$0.04B,18.45%,$0.04B,$0.20B,20.03%,$0.04B,$0.20B,20.03%,$0.04B,$0.25B,14.84%,$0.06B,$0.20B,31.62%,$53,$10,$43,$17,$14,$41,$12,$1,$12,$2,$10,$10,$10,$15,$12,$41,44,$0.25,$0.23,$188,$0,$0,$224,$18,$0,$0,$7,$27,$251,$38,$0,$11,$11,$49,$0,$85,$0,$202,$251,$18,$6,$3,$9,$12,$0,$-0,$-37,$-20,$7,$-11,$0,$-2,$11,$0,$11,$0,$-2,$0,$0,$0,$-8,$-8,$0,$1,$-7,$-2,$2,$0
28,2011-09-30,8.87,$4.64,1.91,$4.46,1.99,$5.62,1.58,$0.85,10.44,$0.23B,$0.05B,4.53,$0.00B,$0.19B,0.0,$0.20B,$0.16B,79.60%,$0.20B,$0.06B,31.34%,$0.20B,$0.06B,31.34%,$0.20B,$0.08B,37.31%,$0.20B,$0.07B,32.34%,$0.20B,$0.04B,18.91%,$0.04B,$0.19B,20.88%,$0.04B,$0.19B,20.88%,$0.04B,$0.25B,15.53%,$0.06B,$0.19B,34.62%,$53,$10,$42,$16,$14,$41,$12,$0,$13,$5,$8,$8,$8,$15,$12,$42,45,$0.20,$0.18,$193,$0,$0,$229,$12,$0,$0,$5,$19,$248,$51,$0,$6,$6,$57,$0,$76,$0,$191,$248,$8,$3,$1,$4,$10,$0,$0,$-18,$-9,$3,$-3,$0,$-2,$17,$-0,$17,$0,$11,$0,$0,$0,$-7,$-7,$0,$1,$-7,$8,$1,$0
29,2011-06-30,17.73,$4.51,3.93,$4.42,4.01,$6.04,2.94,$0.94,18.86,$0.25B,$0.07B,3.61,$0.00B,$0.19B,0.0,$0.20B,$0.16B,80.40%,$0.20B,$0.07B,36.18%,$0.20B,$0.07B,36.18%,$0.20B,$0.08B,41.71%,$0.20B,$0.07B,36.68%,$0.20B,$0.04B,21.11%,$0.04B,$0.19B,24.03%,$0.04B,$0.19B,24.03%,$0.04B,$0.26B,17.80%,$0.07B,$0.19B,41.20%,$43,$8,$35,$12,$5,$25,$18,$0,$19,$8,$11,$11,$9,$20,$18,$42,45,$0.21,$0.20,$203,$0,$0,$247,$9,$0,$0,$3,$14,$261,$69,$0,$4,$4,$73,$0,$73,$1,$188,$261,$43,$10,$4,$14,$7,$0,$0,$36,$50,$107,$-6,$0,$0,$-182,$0,$-182,$0,$-188,$0,$0,$0,$-9,$-9,$0,$2,$-8,$-89,$4,$0
30,2011-03-31,11.87,$4.27,2.78,$4.79,2.48,$4.79,2.48,$0.98,12.11,$0.25B,$0.08B,3.04,$0.00B,$0.18B,0.0,$0.21B,$0.17B,80.58%,$0.21B,$0.07B,34.95%,$0.21B,$0.07B,34.95%,$0.21B,$0.08B,39.81%,$0.21B,$0.07B,34.95%,$0.21B,$0.04B,21.36%,$0.04B,$0.18B,26.67%,$0.04B,$0.18B,26.67%,$0.04B,$0.26B,20.54%,$0.07B,$0.18B,43.64%,$57,$13,$44,$14,$12,$39,$18,$0,$18,$7,$11,$11,$11,$22,$18,$43,45,$0.27,$0.25,$211,$0,$0,$249,$9,$0,$0,$4,$15,$264,$82,$0,$4,$5,$86,$0,$66,$0,$178,$264,$34,$9,$3,$12,$10,$0,$-0,$56,$67,$113,$-5,$0,$0,$-173,$0,$-173,$0,$-178,$0,$0,$0,$-9,$-9,$0,$1,$-8,$-73,$3,$0
