,Date,Stock Price,Book Value per Share,Price to Book Ratio,TTM Sales per Share,Price to Sales Ratio,TTM FCF per Share,Price to FCF Ratio,TTM Net EPS,PE Ratio,Current Assets,Current Liabilities,Current Ratio,Long Term Debt,Shareholder's Equity_x,Debt to Equity Ratio,TTM Revenue_x,TTM Gross Profit,Gross Margin,TTM Revenue_y,TTM Operating Income,Operating Margin,TTM Revenue_x,TTM EBIT,EBIT Margin,TTM Revenue_y,TTM EBITDA,EBITDA Margin,TTM Revenue_x,TTM Pre-Tax Income,Pre-Tax Margin,TTM Revenue_y,TTM Net Income_x,Net Margin,TTM Net Income_y,Shareholder's Equity_y,Return on Equity,TTM Net Income_x,Tangible Equity,Return on Tangible Equity,TTM Net Income_y,Total Assets,Return on Assets,TTM Net Income,LT Investments & Debt,Return on Investment,revenue,cost-goods-sold,gross-profit,research-development-expenses,selling-general-administrative-expenses,operating-expenses,operating-income,total-non-operating-income-expense,pre-tax-income,total-provision-income-taxes,income-after-taxes,income-from-continuous-operations,net-income,ebitda,ebit,basic-shares-outstanding,shares-outstanding,eps-basic-net-earnings-per-share,eps-earnings-per-share-diluted,cash-on-hand,inventory,other-current-assets,total-current-assets,net-property-plant-equipment,long-term-investments,goodwill-intangible-assets-total,other-long-term-assets,total-long-term-assets,total-assets,total-current-liabilities,long-term-debt,other-non-current-liabilities,total-long-term-liabilities,total-liabilities,common-stock-net,retained-earnings-accumulated-deficit,comprehensive-income,total-share-holder-equity,total-liabilities-share-holders-equity,net-income-loss,total-depreciation-amortization-cash-flow,other-non-cash-items,total-non-cash-items,change-in-accounts-receivable,change-in-inventories,change-in-accounts-payable,change-in-assets-liabilities,total-change-in-assets-liabilities,cash-flow-from-operating-activities,net-change-in-property-plant-equipment,net-change-in-intangible-assets,net-acquisitions-divestitures,net-change-in-short-term-investments,net-change-in-long-term-investments,net-change-in-investments-total,investing-activities-other,cash-flow-from-investing-activities,net-long-term-debt,net-current-debt,debt-issuance-retirement-net-total,net-common-equity-issued-repurchased,net-total-equity-issued-repurchased,total-common-preferred-stock-dividends-paid,financial-activities-other,cash-flow-from-financial-activities,net-cash-flow,stock-based-compensation,common-stock-dividends-paid
0,2018-09-30,75.95,$17.05,4.45,$61.46,1.24,$4.83,15.72,$1.21,62.77,$0.44B,$0.24B,1.84,$0.32B,$0.31B,1.03,$1.12B,$0.45B,40.64%,$1.12B,$0.05B,4.74%,$1.12B,$0.05B,4.74%,$1.12B,$0.11B,9.94%,$1.12B,$0.03B,2.51%,$1.12B,$0.02B,2.06%,$0.02B,$0.31B,7.57%,$0.02B,$-0.03B,-48.17%,$0.02B,$0.97B,2.32%,$0.05B,$0.63B,8.31%,$273,$165,$108,$8,$85,$258,$15,$-6,$10,$0,$10,$10,$10,$29,$15,$18,18,$0.54,$0.52,$54,$140,$9,$439,$164,$0,$338,$15,$531,$971,$239,$317,$57,$423,$661,$7,$313,$-38,$309,$971,$26,$43,$-4,$40,$-0,$-20,$-2,$1,$-22,$43,$-13,$-3,$4,$0,$0,$0,$1,$-10,$-30,$0,$-30,$6,$6,$-11,$0,$-36,$-5,$6,$-11
1,2018-06-30,79.0,$16.72,4.72,$61.06,1.29,$4.17,18.95,$0.89,88.76,$0.45B,$0.25B,1.81,$0.33B,$0.30B,1.09,$1.11B,$0.45B,40.78%,$1.11B,$0.05B,4.43%,$1.11B,$0.05B,4.43%,$1.11B,$0.11B,9.86%,$1.11B,$0.02B,1.99%,$1.11B,$0.02B,1.54%,$0.02B,$0.30B,5.65%,$0.02B,$-0.04B,-30.91%,$0.02B,$0.99B,1.70%,$0.05B,$0.63B,7.52%,$292,$173,$119,$8,$92,$273,$19,$-6,$13,$0,$13,$13,$13,$34,$19,$18,18,$0.71,$0.69,$54,$139,$9,$445,$169,$0,$343,$15,$541,$986,$245,$329,$59,$438,$684,$7,$307,$-35,$302,$986,$16,$29,$-3,$27,$-7,$-17,$10,$-2,$-17,$26,$-8,$-1,$0,$0,$0,$0,$1,$-8,$-18,$0,$-18,$4,$4,$-8,$0,$-22,$-5,$4,$-8
2,2018-03-31,67.52,$17.16,3.93,$60.46,1.12,$2.65,25.47,$0.05,1350.46,$0.44B,$0.24B,1.8,$0.34B,$0.31B,1.11,$1.09B,$0.44B,40.28%,$1.09B,$0.04B,3.59%,$1.09B,$0.04B,3.59%,$1.09B,$0.10B,8.76%,$1.09B,$0.01B,0.65%,$1.09B,$0.00B,0.09%,$0.00B,$0.31B,0.34%,$0.00B,$-0.06B,-1.66%,$0.00B,$1.02B,0.10%,$0.04B,$0.65B,5.85%,$273,$162,$111,$8,$92,$262,$10,$-6,$4,$1,$3,$3,$3,$24,$10,$18,18,$0.18,$0.18,$55,$140,$6,$435,$178,$0,$368,$20,$581,$1016,$241,$342,$71,$467,$709,$7,$298,$-17,$307,$1016,$3,$14,$0,$15,$-0,$-11,$6,$-7,$-12,$6,$-3,$-1,$0,$0,$0,$0,$0,$-4,$-4,$0,$-4,$1,$1,$-4,$0,$-7,$-4,$3,$-4
3,2017-12-31,72.24,$16.69,4.33,$56.36,1.28,$1.64,43.96,$-0.35,0.0,$0.42B,$0.24B,1.79,$0.35B,$0.30B,1.16,$1.00B,$0.41B,40.48%,$1.00B,$0.03B,2.59%,$1.00B,$0.03B,2.59%,$1.00B,$0.07B,7.28%,$1.00B,$-0.00B,-0.20%,$1.00B,$-0.01B,-0.60%,$-0.01B,$0.30B,-2.07%,$-0.01B,$-0.06B,-36.36%,$-0.01B,$0.99B,-0.69%,$0.03B,$0.64B,4.45%,$279,$164,$116,$8,$98,$270,$9,$-8,$1,$5,$-3,$-3,$-3,$24,$9,$18,18,$-0.18,$-0.18,$59,$128,$8,$423,$180,$0,$358,$21,$571,$994,$237,$346,$60,$459,$696,$7,$297,$-22,$298,$994,$-6,$45,$15,$60,$-14,$-3,$11,$6,$0,$54,$-18,$-3,$-354,$0,$0,$0,$-1,$-375,$344,$0,$344,$7,$7,$-15,$-17,$319,$0,$6,$-15
4,2017-09-30,65.61,$16.62,3.95,$52.36,1.25,$1.37,47.79,$0.68,96.49,$0.42B,$0.20B,2.09,$0.38B,$0.30B,1.29,$0.94B,$0.38B,41.03%,$0.94B,$0.04B,4.27%,$0.94B,$0.04B,4.27%,$0.94B,$0.08B,8.12%,$0.94B,$0.02B,1.92%,$0.94B,$0.01B,1.28%,$0.01B,$0.30B,4.21%,$0.01B,$-0.06B,12.73%,$0.01B,$1.00B,1.63%,$0.04B,$0.68B,7.98%,$262,$157,$105,$8,$86,$251,$11,$-7,$4,$1,$4,$4,$4,$27,$11,$18,18,$0.20,$0.20,$57,$142,$5,$424,$182,$0,$355,$23,$579,$1003,$203,$383,$58,$503,$706,$7,$304,$-28,$297,$1003,$-3,$31,$16,$47,$-1,$-10,$6,$-11,$-12,$32,$-14,$-3,$-354,$0,$0,$0,$-1,$-371,$359,$0,$359,$5,$5,$-11,$-16,$336,$-1,$5,$-11
5,2017-06-30,72.9,$16.12,4.52,$49.08,1.49,$0.99,73.27,$1.12,65.09,$0.43B,$0.20B,2.19,$0.41B,$0.29B,1.41,$0.87B,$0.36B,41.65%,$0.87B,$0.05B,5.15%,$0.87B,$0.05B,5.15%,$0.87B,$0.07B,8.01%,$0.87B,$0.03B,3.43%,$0.87B,$0.02B,2.17%,$0.02B,$0.29B,6.82%,$0.02B,$-0.06B,11.18%,$0.02B,$1.00B,3.18%,$0.05B,$0.69B,11.04%,$271,$166,$105,$8,$87,$261,$9,$-12,$-2,$0,$-3,$-3,$-3,$20,$9,$18,18,$-0.15,$-0.15,$55,$142,$5,$427,$178,$0,$349,$23,$571,$997,$195,$406,$51,$515,$710,$7,$304,$-37,$287,$997,$-7,$15,$11,$26,$-6,$-10,$6,$-11,$-22,$-2,$-7,$-3,$-354,$0,$0,$0,$-2,$-364,$382,$0,$382,$4,$4,$-7,$-16,$362,$-4,$4,$-7
6,2017-03-31,71.55,$15.58,4.59,$45.86,1.56,$1.41,50.76,$2.12,33.75,$0.29B,$0.12B,2.39,$0.05B,$0.28B,0.16,$0.82B,$0.35B,43.17%,$0.82B,$0.06B,7.20%,$0.82B,$0.06B,7.20%,$0.82B,$0.08B,9.39%,$0.82B,$0.06B,6.71%,$0.82B,$0.04B,4.51%,$0.04B,$0.28B,13.59%,$0.04B,$0.25B,15.07%,$0.04B,$0.47B,8.12%,$0.06B,$0.32B,19.39%,$191,$111,$80,$8,$74,$194,$-3,$-2,$-5,$-1,$-4,$-4,$-4,$2,$-3,$18,18,$-0.22,$-0.22,$46,$88,$2,$288,$113,$0,$30,$20,$179,$467,$120,$45,$25,$70,$191,$7,$311,$-48,$277,$467,$-4,$5,$0,$5,$12,$-9,$2,$-16,$-12,$-11,$-5,$-3,$-0,$0,$0,$0,$-2,$-9,$9,$0,$9,$2,$2,$-4,$0,$7,$-13,$3,$-4
7,2016-12-31,69.91,$15.75,4.44,$45.01,1.55,$1.57,44.59,$2.59,26.99,$0.30B,$0.13B,2.24,$0.03B,$0.28B,0.12,$0.81B,$0.35B,43.51%,$0.81B,$0.07B,8.53%,$0.81B,$0.07B,8.53%,$0.81B,$0.09B,10.63%,$0.81B,$0.07B,8.28%,$0.81B,$0.05B,5.56%,$0.05B,$0.28B,16.92%,$0.05B,$0.25B,18.61%,$0.05B,$0.47B,10.18%,$0.07B,$0.31B,23.67%,$212,$118,$94,$10,$61,$189,$23,$-1,$21,$6,$15,$15,$15,$27,$23,$18,18,$0.87,$0.85,$59,$79,$2,$298,$112,$0,$28,$19,$172,$470,$133,$33,$26,$59,$191,$7,$318,$-50,$279,$470,$47,$18,$3,$21,$-9,$0,$-4,$-2,$-10,$58,$-26,$0,$-13,$0,$0,$0,$-2,$-40,$12,$0,$12,$-7,$-7,$-14,$1,$-10,$7,$4,$-14
8,2016-09-30,63.45,$15.44,4.11,$44.36,1.43,$0.91,69.44,$2.47,25.69,$0.28B,$0.12B,2.29,$0.03B,$0.27B,0.12,$0.80B,$0.35B,42.96%,$0.80B,$0.06B,7.97%,$0.80B,$0.06B,7.97%,$0.80B,$0.08B,10.09%,$0.80B,$0.06B,7.85%,$0.80B,$0.04B,5.35%,$0.04B,$0.27B,16.59%,$0.04B,$0.25B,18.14%,$0.04B,$0.45B,9.94%,$0.06B,$0.31B,22.70%,$200,$115,$85,$8,$61,$184,$16,$-0,$16,$4,$11,$11,$11,$21,$16,$17,18,$0.66,$0.64,$43,$87,$2,$282,$113,$0,$28,$17,$172,$453,$123,$33,$25,$58,$181,$7,$307,$-44,$272,$453,$31,$13,$6,$19,$6,$-5,$-6,$-14,$-17,$33,$-22,$0,$-12,$0,$0,$0,$0,$-34,$12,$0,$12,$-10,$-10,$-11,$0,$-8,$-9,$6,$-11
9,2016-06-30,52.58,$14.84,3.54,$44.64,1.18,$1.21,43.61,$1.78,29.54,$0.28B,$0.13B,2.17,$0.02B,$0.26B,0.07,$0.81B,$0.35B,43.19%,$0.81B,$0.05B,6.56%,$0.81B,$0.05B,6.56%,$0.81B,$0.07B,8.54%,$0.81B,$0.05B,6.31%,$0.81B,$0.03B,3.84%,$0.03B,$0.26B,12.28%,$0.03B,$0.24B,13.36%,$0.03B,$0.43B,7.24%,$0.05B,$0.28B,19.47%,$217,$122,$95,$8,$64,$194,$23,$0,$23,$7,$15,$15,$15,$27,$23,$18,18,$0.88,$0.85,$28,$83,$2,$278,$105,$0,$21,$16,$155,$433,$128,$18,$26,$44,$172,$7,$299,$-44,$261,$433,$20,$9,$3,$12,$-12,$-4,$-0,$-10,$-20,$12,$-14,$0,$0,$0,$0,$0,$0,$-14,$-3,$0,$-3,$-12,$-12,$-7,$0,$-22,$-23,$4,$-7
10,2016-03-31,50.06,$14.25,3.51,$44.09,1.14,$1.27,39.5,$1.72,29.11,$0.26B,$0.12B,2.24,$0.02B,$0.25B,0.08,$0.81B,$0.35B,43.30%,$0.81B,$0.05B,6.58%,$0.81B,$0.05B,6.58%,$0.81B,$0.07B,8.56%,$0.81B,$0.05B,6.20%,$0.81B,$0.03B,3.85%,$0.03B,$0.25B,12.07%,$0.03B,$0.23B,13.28%,$0.03B,$0.41B,7.09%,$0.05B,$0.27B,19.12%,$180,$102,$78,$8,$62,$173,$7,$-1,$7,$2,$4,$4,$4,$11,$7,$18,18,$0.25,$0.25,$27,$84,$2,$259,$101,$0,$20,$19,$153,$413,$116,$19,$26,$45,$161,$7,$290,$-45,$252,$413,$4,$4,$2,$7,$9,$-6,$-4,$-17,$-17,$-6,$-7,$0,$0,$0,$0,$0,$0,$-6,$-2,$0,$-2,$-7,$-7,$-4,$0,$-12,$-24,$3,$-4
11,2015-12-31,54.5,$14.21,3.83,$43.97,1.24,$1.67,32.55,$1.74,31.32,$0.29B,$0.13B,2.2,$0.02B,$0.25B,0.08,$0.81B,$0.35B,42.98%,$0.81B,$0.05B,6.65%,$0.81B,$0.05B,6.65%,$0.81B,$0.07B,8.74%,$0.81B,$0.05B,6.16%,$0.81B,$0.03B,3.94%,$0.03B,$0.25B,12.23%,$0.03B,$0.23B,13.56%,$0.03B,$0.43B,7.15%,$0.05B,$0.27B,19.06%,$206,$119,$87,$8,$61,$188,$18,$-1,$17,$4,$13,$13,$13,$22,$18,$18,18,$0.75,$0.73,$52,$77,$9,$294,$95,$0,$20,$12,$139,$432,$133,$21,$26,$47,$180,$7,$294,$-48,$252,$432,$32,$18,$19,$37,$5,$-10,$-10,$-4,$-24,$45,$-24,$0,$1,$0,$0,$0,$-0,$-24,$-3,$0,$-3,$-44,$-44,$-14,$1,$-61,$-42,$8,$-14
12,2015-09-30,54.25,$13.76,3.94,$44.38,1.22,$2.69,20.18,$1.94,27.96,$0.31B,$0.14B,2.22,$0.02B,$0.25B,0.09,$0.82B,$0.36B,43.19%,$0.82B,$0.06B,7.18%,$0.82B,$0.06B,7.18%,$0.82B,$0.08B,9.37%,$0.82B,$0.06B,6.69%,$0.82B,$0.04B,4.50%,$0.04B,$0.25B,13.75%,$0.04B,$0.23B,15.43%,$0.04B,$0.44B,8.02%,$0.06B,$0.27B,20.26%,$205,$116,$89,$8,$65,$200,$5,$-1,$4,$5,$-1,$-1,$-1,$9,$5,$18,18,$-0.05,$-0.05,$57,$83,$10,$309,$88,$0,$20,$11,$126,$435,$139,$21,$28,$50,$190,$7,$288,$-50,$245,$435,$19,$13,$15,$28,$7,$-15,$-5,$-3,$-16,$31,$-14,$0,$1,$0,$0,$0,$-0,$-13,$-3,$0,$-3,$-38,$-38,$-11,$1,$-52,$-36,$7,$-11
13,2015-06-30,62.87,$15.23,4.13,$43.84,1.43,$3.03,20.74,$2.62,24.0,$0.33B,$0.14B,2.4,$0.02B,$0.28B,0.08,$0.82B,$0.35B,43.05%,$0.82B,$0.07B,8.66%,$0.82B,$0.07B,8.66%,$0.82B,$0.09B,10.98%,$0.82B,$0.07B,8.17%,$0.82B,$0.05B,6.10%,$0.05B,$0.28B,18.12%,$0.05B,$0.25B,20.58%,$0.05B,$0.47B,10.63%,$0.07B,$0.30B,23.73%,$215,$120,$95,$8,$64,$193,$23,$-1,$22,$7,$15,$15,$15,$27,$23,$18,19,$0.81,$0.79,$68,$87,$2,$329,$89,$0,$32,$12,$141,$470,$137,$21,$29,$55,$192,$7,$299,$-45,$278,$470,$20,$9,$4,$13,$-2,$-11,$-3,$-12,$-27,$7,$-7,$0,$0,$0,$0,$0,$-0,$-7,$-3,$0,$-3,$-13,$-13,$-7,$1,$-24,$-25,$5,$-7
14,2015-03-31,62.71,$14.81,4.24,$44.04,1.42,$3.25,19.31,$2.66,23.58,$0.32B,$0.12B,2.58,$0.02B,$0.27B,0.08,$0.82B,$0.35B,42.84%,$0.82B,$0.07B,8.62%,$0.82B,$0.07B,8.62%,$0.82B,$0.09B,11.04%,$0.82B,$0.07B,8.25%,$0.82B,$0.05B,6.19%,$0.05B,$0.27B,18.63%,$0.05B,$0.24B,21.29%,$0.05B,$0.45B,10.86%,$0.07B,$0.30B,23.83%,$186,$108,$78,$8,$62,$177,$8,$-1,$7,$2,$5,$5,$5,$13,$8,$18,19,$0.27,$0.27,$77,$86,$2,$319,$85,$0,$32,$11,$135,$454,$124,$23,$29,$58,$182,$7,$287,$-47,$272,$454,$5,$5,$3,$8,$16,$-10,$-3,$-16,$-15,$-2,$-4,$0,$0,$0,$0,$0,$-0,$-4,$-2,$0,$-2,$-4,$-4,$-4,$1,$-9,$-16,$3,$-4
15,2014-12-31,69.03,$15.24,4.53,$43.91,1.57,$3.18,21.68,$2.70,25.57,$0.35B,$0.15B,2.38,$0.03B,$0.28B,0.09,$0.82B,$0.35B,42.82%,$0.82B,$0.07B,8.76%,$0.82B,$0.07B,8.76%,$0.82B,$0.09B,11.19%,$0.82B,$0.07B,8.52%,$0.82B,$0.05B,6.33%,$0.05B,$0.28B,19.12%,$0.05B,$0.25B,22.01%,$0.05B,$0.49B,11.11%,$0.07B,$0.31B,24.24%,$216,$123,$93,$7,$63,$194,$23,$-1,$22,$4,$18,$18,$18,$28,$23,$18,19,$0.96,$0.93,$93,$81,$2,$347,$87,$0,$34,$11,$140,$487,$146,$25,$30,$61,$206,$7,$286,$-39,$281,$487,$51,$20,$9,$29,$-19,$-21,$10,$6,$-20,$59,$-19,$0,$1,$0,$0,$0,$0,$-18,$-2,$-2,$-4,$-12,$-12,$-14,$2,$-28,$12,$7,$-14
16,2014-09-30,63.99,$14.85,4.31,$42.73,1.5,$3.44,18.58,$2.32,27.58,$0.33B,$0.14B,2.36,$0.02B,$0.27B,0.09,$0.80B,$0.34B,42.82%,$0.80B,$0.07B,8.36%,$0.80B,$0.07B,8.36%,$0.80B,$0.09B,10.86%,$0.80B,$0.07B,8.11%,$0.80B,$0.04B,5.49%,$0.04B,$0.27B,16.43%,$0.04B,$0.24B,19.05%,$0.04B,$0.47B,9.56%,$0.07B,$0.30B,22.81%,$203,$115,$87,$7,$63,$186,$17,$-1,$16,$5,$12,$12,$12,$22,$17,$18,19,$0.65,$0.63,$80,$84,$2,$329,$85,$0,$35,$15,$142,$471,$140,$24,$29,$58,$198,$7,$272,$-30,$273,$471,$33,$15,$10,$25,$-6,$-22,$6,$1,$-21,$37,$-13,$0,$1,$0,$0,$0,$-0,$-12,$-2,$-2,$-4,$-12,$-12,$-11,$2,$-25,$-1,$5,$-11
17,2014-06-30,72.58,$14.65,4.95,$41.88,1.73,$3.53,20.53,$2.25,32.26,$0.32B,$0.14B,2.37,$0.03B,$0.27B,0.09,$0.79B,$0.34B,42.95%,$0.79B,$0.07B,8.39%,$0.79B,$0.07B,8.39%,$0.79B,$0.09B,10.93%,$0.79B,$0.06B,8.13%,$0.79B,$0.04B,5.46%,$0.04B,$0.27B,16.40%,$0.04B,$0.23B,19.13%,$0.04B,$0.47B,9.51%,$0.07B,$0.29B,22.84%,$219,$124,$95,$8,$64,$196,$23,$-0,$23,$8,$16,$16,$16,$28,$23,$18,19,$0.85,$0.83,$63,$79,$2,$321,$84,$0,$37,$17,$145,$466,$135,$25,$30,$61,$197,$7,$264,$-23,$269,$466,$21,$10,$9,$19,$-19,$-13,$8,$-8,$-29,$11,$-7,$0,$0,$0,$0,$0,$-0,$-7,$-2,$-2,$-4,$-13,$-13,$-7,$1,$-22,$-18,$4,$-7
18,2014-03-31,62.21,$14.39,4.32,$40.81,1.52,$3.79,16.4,$2.18,28.54,$0.31B,$0.12B,2.47,$0.03B,$0.27B,0.1,$0.77B,$0.33B,43.10%,$0.77B,$0.07B,8.46%,$0.77B,$0.07B,8.46%,$0.77B,$0.09B,11.07%,$0.77B,$0.06B,8.07%,$0.77B,$0.04B,5.34%,$0.04B,$0.27B,16.06%,$0.04B,$0.23B,18.87%,$0.04B,$0.45B,9.29%,$0.07B,$0.29B,22.99%,$184,$107,$77,$7,$60,$175,$9,$-1,$9,$3,$6,$6,$6,$14,$9,$18,19,$0.32,$0.31,$64,$74,$2,$307,$84,$0,$38,$17,$141,$448,$124,$26,$30,$59,$183,$7,$252,$-24,$265,$448,$6,$5,$6,$11,$-4,$-7,$2,$-9,$-21,$-4,$-3,$0,$0,$0,$0,$0,$-0,$-3,$-2,$-2,$-4,$-3,$-3,$-3,$0,$-10,$-18,$2,$-3
19,2013-12-31,64.1,$14.27,4.49,$39.94,1.6,$4.36,14.7,$2.14,29.95,$0.32B,$0.13B,2.4,$0.03B,$0.26B,0.11,$0.75B,$0.33B,43.48%,$0.75B,$0.06B,8.38%,$0.75B,$0.06B,8.38%,$0.75B,$0.08B,11.04%,$0.75B,$0.06B,7.85%,$0.75B,$0.04B,5.32%,$0.04B,$0.26B,16.19%,$0.04B,$0.23B,19.18%,$0.04B,$0.46B,9.25%,$0.06B,$0.29B,22.85%,$195,$111,$84,$0,$59,$177,$18,$-0,$17,$7,$10,$10,$10,$23,$18,$18,19,$0.56,$0.55,$81,$67,$2,$315,$83,$0,$38,$17,$141,$456,$132,$28,$30,$61,$192,$7,$250,$-25,$264,$456,$40,$20,$13,$33,$-8,$-12,$6,$-0,$-14,$60,$-15,$0,$4,$0,$0,$0,$-0,$-11,$-1,$2,$0,$-14,$-14,$-13,$5,$-21,$27,$6,$-13
20,2013-09-30,58.45,$13.60,4.3,$39.40,1.48,$3.69,15.85,$2.32,25.19,$0.30B,$0.13B,2.34,$0.03B,$0.25B,0.11,$0.75B,$0.33B,43.76%,$0.75B,$0.06B,8.59%,$0.75B,$0.06B,8.59%,$0.75B,$0.09B,11.41%,$0.75B,$0.06B,8.19%,$0.75B,$0.04B,5.91%,$0.04B,$0.25B,18.35%,$0.04B,$0.21B,21.95%,$0.04B,$0.44B,10.38%,$0.06B,$0.28B,23.79%,$189,$107,$82,$8,$58,$172,$16,$-1,$15,$5,$11,$11,$11,$21,$16,$18,19,$0.58,$0.56,$66,$67,$2,$296,$84,$0,$39,$7,$143,$439,$126,$28,$31,$62,$188,$7,$246,$-31,$251,$439,$30,$15,$6,$22,$-7,$-12,$3,$-0,$-15,$37,$-11,$0,$3,$0,$0,$0,$-0,$-9,$-1,$2,$1,$-11,$-11,$-10,$3,$-17,$11,$5,$-10
21,2013-06-30,45.35,$13.07,3.47,$38.74,1.17,$4.04,11.24,$2.22,20.43,$0.28B,$0.12B,2.32,$0.03B,$0.24B,0.12,$0.73B,$0.32B,43.87%,$0.73B,$0.06B,8.45%,$0.73B,$0.06B,8.45%,$0.73B,$0.08B,11.31%,$0.73B,$0.06B,8.04%,$0.73B,$0.04B,5.72%,$0.04B,$0.24B,17.91%,$0.04B,$0.20B,21.62%,$0.04B,$0.42B,10.01%,$0.06B,$0.27B,23.44%,$200,$112,$88,$8,$58,$179,$22,$-1,$21,$7,$14,$14,$14,$27,$22,$18,19,$0.78,$0.76,$49,$63,$2,$281,$84,$0,$39,$8,$142,$423,$121,$28,$30,$61,$182,$7,$241,$-33,$241,$423,$19,$10,$6,$16,$-12,$-8,$6,$-9,$-20,$15,$-7,$0,$-0,$0,$0,$0,$-0,$-7,$-1,$2,$1,$-8,$-8,$-7,$2,$-13,$-5,$3,$-7
22,2013-03-31,45.46,$12.61,3.6,$38.47,1.18,$3.90,11.67,$2.17,20.95,$0.27B,$0.12B,2.31,$0.03B,$0.23B,0.13,$0.73B,$0.32B,44.07%,$0.73B,$0.06B,8.46%,$0.73B,$0.06B,8.46%,$0.73B,$0.08B,11.32%,$0.73B,$0.06B,7.91%,$0.73B,$0.04B,5.73%,$0.04B,$0.23B,18.26%,$0.04B,$0.19B,22.22%,$0.04B,$0.41B,10.05%,$0.06B,$0.26B,23.78%,$168,$96,$73,$8,$58,$161,$7,$-1,$6,$1,$5,$5,$5,$12,$7,$18,19,$0.28,$0.27,$50,$64,$0,$268,$84,$0,$40,$10,$144,$412,$116,$30,$30,$64,$180,$7,$233,$-31,$232,$412,$5,$5,$4,$9,$6,$-7,$6,$-9,$-6,$7,$-4,$0,$1,$0,$0,$0,$0,$-3,$-0,$0,$-0,$-5,$-5,$-3,$1,$-8,$-4,$2,$-3
23,2012-12-31,40.98,$12.73,3.22,$38.60,1.06,$3.36,12.21,$2.18,18.8,$0.27B,$0.12B,2.25,$0.03B,$0.24B,0.13,$0.74B,$0.33B,43.98%,$0.74B,$0.06B,8.53%,$0.74B,$0.06B,8.53%,$0.74B,$0.09B,11.50%,$0.74B,$0.06B,8.12%,$0.74B,$0.04B,5.68%,$0.04B,$0.24B,18.42%,$0.04B,$0.19B,22.61%,$0.04B,$0.42B,10.05%,$0.06B,$0.27B,24.32%,$188,$104,$83,$8,$57,$169,$19,$-0,$19,$5,$14,$14,$14,$25,$19,$19,19,$0.75,$0.73,$54,$58,$0,$273,$86,$0,$41,$9,$147,$421,$122,$30,$30,$64,$186,$7,$236,$-30,$235,$421,$42,$21,$13,$34,$-12,$-0,$1,$-17,$-28,$48,$-15,$0,$0,$0,$0,$0,$3,$-11,$-3,$0,$-3,$-21,$-21,$-13,$2,$-35,$2,$9,$-13
24,2012-09-30,39.74,$12.36,3.22,$38.76,1.03,$3.88,10.23,$2.04,19.48,$0.27B,$0.12B,2.3,$0.03B,$0.23B,0.14,$0.74B,$0.33B,43.82%,$0.74B,$0.06B,7.93%,$0.74B,$0.06B,7.93%,$0.74B,$0.08B,11.02%,$0.74B,$0.06B,7.66%,$0.74B,$0.04B,5.24%,$0.04B,$0.23B,17.37%,$0.04B,$0.19B,21.49%,$0.04B,$0.42B,9.32%,$0.06B,$0.26B,23.05%,$178,$101,$78,$7,$57,$164,$14,$-1,$13,$4,$9,$9,$9,$19,$14,$18,19,$0.47,$0.46,$63,$61,$0,$270,$87,$0,$42,$9,$153,$423,$117,$31,$42,$76,$193,$7,$232,$-29,$230,$423,$28,$15,$7,$23,$2,$-3,$-2,$-8,$-7,$43,$-11,$0,$0,$0,$0,$0,$3,$-7,$-2,$0,$-2,$-16,$-16,$-10,$1,$-27,$10,$7,$-10
25,2012-06-30,36.93,$11.96,3.09,$39.10,0.94,$3.68,10.05,$2.08,17.75,$0.27B,$0.12B,2.28,$0.03B,$0.22B,0.14,$0.75B,$0.33B,43.56%,$0.75B,$0.06B,8.10%,$0.75B,$0.06B,8.10%,$0.75B,$0.08B,11.16%,$0.75B,$0.06B,7.70%,$0.75B,$0.04B,5.31%,$0.04B,$0.22B,18.08%,$0.04B,$0.18B,22.54%,$0.04B,$0.42B,9.59%,$0.06B,$0.25B,24.09%,$199,$111,$89,$7,$60,$178,$22,$-1,$20,$7,$14,$14,$14,$27,$22,$19,19,$0.74,$0.71,$40,$68,$0,$265,$87,$0,$42,$5,$151,$416,$117,$31,$42,$77,$193,$7,$228,$-31,$223,$416,$19,$10,$4,$14,$-8,$-7,$4,$-11,$-21,$13,$-7,$0,$-1,$0,$0,$0,$2,$-6,$-2,$0,$-2,$-13,$-13,$-6,$1,$-20,$-14,$4,$-6
26,2012-03-31,40.51,$11.93,3.4,$39.05,1.04,$3.84,10.54,$1.67,24.26,$0.26B,$0.11B,2.37,$0.03B,$0.22B,0.14,$0.76B,$0.32B,42.65%,$0.76B,$0.05B,6.49%,$0.76B,$0.05B,6.49%,$0.76B,$0.07B,9.54%,$0.76B,$0.05B,6.49%,$0.76B,$0.03B,4.24%,$0.03B,$0.22B,14.46%,$0.03B,$0.18B,18.18%,$0.03B,$0.41B,7.61%,$0.05B,$0.26B,19.22%,$174,$98,$75,$7,$60,$165,$8,$-1,$8,$2,$5,$5,$5,$14,$8,$19,19,$0.28,$0.28,$43,$68,$0,$257,$87,$0,$44,$6,$153,$411,$108,$32,$42,$78,$186,$7,$228,$-27,$224,$411,$5,$5,$1,$6,$5,$-3,$-1,$-19,$-14,$-3,$-4,$0,$0,$0,$0,$0,$0,$-4,$-1,$0,$-1,$-2,$-2,$-3,$1,$-6,$-13,$2,$-3
27,2011-12-31,35.64,$11.73,3.04,$38.84,0.92,$3.76,9.47,$1.69,21.09,$0.27B,$0.12B,2.19,$0.03B,$0.22B,0.15,$0.75B,$0.32B,42.31%,$0.75B,$0.05B,6.50%,$0.75B,$0.05B,6.50%,$0.75B,$0.07B,9.42%,$0.75B,$0.05B,6.50%,$0.75B,$0.03B,4.38%,$0.03B,$0.22B,14.92%,$0.03B,$0.18B,18.80%,$0.03B,$0.42B,7.84%,$0.05B,$0.25B,19.12%,$193,$110,$84,$8,$60,$178,$15,$0,$16,$4,$11,$11,$11,$22,$15,$19,19,$0.60,$0.59,$56,$66,$1,$272,$87,$0,$44,$6,$152,$424,$124,$32,$44,$79,$203,$7,$228,$-29,$221,$424,$33,$21,$9,$30,$-4,$-8,$5,$0,$-6,$57,$-13,$0,$-3,$0,$0,$0,$-3,$-19,$1,$0,$1,$-13,$-13,$-13,$1,$-24,$13,$5,$-13
28,2011-09-30,32.29,$11.54,2.8,$38.32,0.84,$3.20,10.1,$1.98,16.31,$0.27B,$0.13B,2.1,$0.03B,$0.22B,0.15,$0.74B,$0.31B,41.94%,$0.74B,$0.04B,5.78%,$0.74B,$0.04B,5.78%,$0.74B,$0.06B,8.60%,$0.74B,$0.04B,5.51%,$0.74B,$0.04B,5.24%,$0.04B,$0.22B,17.73%,$0.04B,$0.17B,22.45%,$0.04B,$0.42B,9.38%,$0.04B,$0.25B,16.93%,$187,$107,$80,$7,$57,$171,$16,$-2,$14,$4,$10,$10,$10,$21,$16,$19,19,$0.52,$0.50,$44,$77,$0,$268,$82,$0,$45,$7,$150,$418,$128,$33,$37,$73,$201,$7,$220,$-23,$217,$418,$21,$15,$7,$23,$-3,$-17,$11,$-1,$-8,$36,$-7,$0,$-3,$0,$0,$0,$0,$-10,$2,$-0,$2,$-14,$-14,$-10,$1,$-21,$5,$4,$-10
29,2011-06-30,36.31,$11.81,3.08,$37.31,0.97,$2.94,12.34,$1.87,19.42,$0.28B,$0.13B,2.18,$0.04B,$0.22B,0.17,$0.73B,$0.30B,41.87%,$0.73B,$0.04B,5.23%,$0.73B,$0.04B,5.23%,$0.73B,$0.06B,8.13%,$0.73B,$0.04B,5.10%,$0.73B,$0.04B,5.10%,$0.04B,$0.22B,17.17%,$0.04B,$0.18B,21.89%,$0.04B,$0.43B,9.09%,$0.04B,$0.26B,15.31%,$201,$118,$83,$7,$67,$191,$10,$0,$11,$5,$6,$6,$6,$15,$10,$19,19,$0.31,$0.30,$41,$74,$0,$276,$83,$0,$48,$8,$153,$429,$127,$37,$38,$79,$206,$7,$219,$-15,$223,$429,$12,$10,$9,$19,$-13,$-10,$15,$-10,$-18,$13,$-4,$0,$-3,$0,$0,$0,$0,$-7,$8,$-0,$8,$-7,$-7,$-6,$1,$-5,$2,$2,$-6
30,2011-03-31,38.06,$11.72,3.25,$35.58,1.07,$3.55,10.71,$1.89,20.14,$0.26B,$0.11B,2.42,$0.04B,$0.22B,0.17,$0.69B,$0.29B,42.40%,$0.69B,$0.04B,5.64%,$0.69B,$0.04B,5.64%,$0.69B,$0.06B,8.68%,$0.69B,$0.04B,5.21%,$0.69B,$0.04B,5.35%,$0.04B,$0.22B,17.85%,$0.04B,$0.18B,22.91%,$0.04B,$0.41B,9.40%,$0.04B,$0.26B,16.40%,$173,$101,$72,$6,$57,$164,$8,$0,$8,$3,$6,$6,$6,$13,$8,$19,20,$0.31,$0.30,$39,$67,$0,$260,$85,$0,$46,$7,$152,$412,$107,$37,$39,$80,$188,$7,$225,$-19,$224,$412,$6,$5,$4,$9,$-4,$-3,$5,$-17,$-22,$-7,$-1,$0,$0,$0,$0,$0,$0,$-1,$9,$0,$9,$1,$1,$-3,$0,$8,$-1,$1,$-3
31,2010-12-31,34.63,$11.35,3.05,$34.62,1.0,$4.64,7.46,$1.80,19.24,$0.25B,$0.12B,2.14,$0.03B,$0.22B,0.13,$0.67B,$0.29B,42.66%,$0.67B,$0.04B,5.54%,$0.67B,$0.04B,5.54%,$0.67B,$0.06B,8.83%,$0.67B,$0.03B,5.09%,$0.67B,$0.04B,5.24%,$0.04B,$0.22B,17.74%,$0.04B,$0.17B,23.14%,$0.04B,$0.40B,9.16%,$0.04B,$0.24B,16.39%,$183,$106,$77,$7,$61,$173,$9,$-1,$8,$-9,$17,$17,$17,$15,$9,$19,19,$0.90,$0.88,$40,$62,$0,$248,$88,$0,$46,$8,$155,$404,$116,$28,$39,$71,$188,$7,$220,$-22,$216,$404,$35,$21,$-5,$16,$-8,$-4,$-1,$7,$-9,$43,$-10,$0,$-0,$0,$0,$0,$0,$-10,$-4,$-0,$-4,$3,$3,$-11,$2,$-10,$21,$5,$-11
32,2010-09-30,27.72,$10.53,2.63,$34.03,0.81,$6.42,4.32,$1.27,21.83,$0.24B,$0.11B,2.07,$0.03B,$0.20B,0.14,$0.65B,$0.28B,42.53%,$0.65B,$0.03B,5.24%,$0.65B,$0.03B,5.24%,$0.65B,$0.06B,8.63%,$0.65B,$0.03B,4.93%,$0.65B,$0.03B,3.85%,$0.03B,$0.20B,13.21%,$0.03B,$0.15B,17.54%,$0.03B,$0.38B,6.65%,$0.03B,$0.23B,15.58%,$169,$97,$72,$7,$54,$158,$11,$-0,$10,$3,$8,$8,$8,$16,$11,$19,19,$0.40,$0.39,$34,$69,$0,$235,$88,$0,$46,$8,$148,$383,$113,$28,$38,$70,$184,$7,$205,$-22,$199,$383,$18,$16,$2,$18,$4,$-13,$3,$1,$-5,$30,$-6,$0,$-0,$0,$0,$0,$0,$-6,$-3,$-0,$-3,$2,$2,$-8,$1,$-8,$16,$2,$-8
33,2010-06-30,30.21,$10.04,3.01,$33.49,0.9,$7.81,3.87,$1.19,25.39,$0.23B,$0.12B,1.99,$0.03B,$0.19B,0.15,$0.63B,$0.27B,42.43%,$0.63B,$0.03B,4.89%,$0.63B,$0.03B,4.89%,$0.63B,$0.05B,8.36%,$0.63B,$0.03B,4.73%,$0.63B,$0.02B,3.63%,$0.02B,$0.19B,12.48%,$0.02B,$0.15B,16.85%,$0.02B,$0.38B,6.16%,$0.03B,$0.22B,14.37%,$166,$95,$72,$6,$55,$156,$11,$-1,$10,$4,$6,$6,$6,$16,$11,$19,19,$0.33,$0.32,$34,$62,$0,$228,$89,$0,$45,$7,$147,$376,$115,$28,$38,$71,$185,$7,$201,$-27,$190,$376,$10,$11,$1,$12,$8,$-10,$0,$-7,$2,$24,$-4,$0,$-0,$0,$0,$0,$0,$-4,$-2,$-0,$-2,$3,$3,$-5,$1,$-3,$16,$2,$-5
34,2010-03-31,24.36,$9.79,2.49,$32.82,0.74,$8.67,2.81,$1.03,23.65,$0.21B,$0.11B,1.96,$0.03B,$0.18B,0.16,$0.62B,$0.26B,41.65%,$0.62B,$0.03B,4.05%,$0.62B,$0.03B,4.05%,$0.62B,$0.05B,7.78%,$0.62B,$0.03B,4.05%,$0.62B,$0.02B,3.24%,$0.02B,$0.18B,11.11%,$0.02B,$0.14B,15.27%,$0.02B,$0.37B,5.37%,$0.03B,$0.21B,11.52%,$150,$86,$64,$6,$52,$144,$6,$-1,$6,$2,$4,$4,$4,$12,$6,$19,19,$0.22,$0.21,$27,$58,$0,$213,$92,$0,$47,$7,$153,$366,$109,$29,$39,$73,$182,$7,$196,$-26,$184,$366,$4,$5,$1,$6,$9,$-3,$1,$-6,$4,$14,$-2,$0,$0,$0,$0,$0,$0,$-2,$-1,$0,$-1,$1,$1,$-3,$0,$-3,$9,$1,$-3
35,2009-12-31,23.16,$9.83,2.36,$32.00,0.72,$8.44,2.74,$-1.47,0.0,$0.22B,$0.12B,1.86,$0.03B,$0.18B,0.16,$0.60B,$0.25B,41.28%,$0.60B,$-0.02B,-3.86%,$0.60B,$-0.02B,-3.86%,$0.60B,$0.04B,7.38%,$0.60B,$-0.02B,-3.86%,$0.60B,$-0.03B,-4.36%,$-0.03B,$0.18B,-14.81%,$-0.03B,$0.14B,-20.55%,$-0.03B,$0.38B,-6.89%,$-0.02B,$0.21B,-10.13%,$164,$96,$68,$6,$56,$158,$6,$-1,$6,$-1,$7,$7,$7,$12,$6,$19,19,$0.40,$0.40,$18,$57,$0,$216,$97,$0,$49,$7,$162,$378,$116,$30,$40,$77,$193,$7,$193,$-23,$184,$378,$-26,$66,$2,$69,$2,$10,$16,$-0,$33,$75,$-11,$0,$-2,$0,$0,$0,$0,$-13,$-67,$0,$-67,$1,$1,$-10,$2,$-74,$-11,$3,$-10
36,2009-09-30,25.57,$9.58,2.67,$31.38,0.81,$5.92,4.32,$-2.74,0.0,$0.21B,$0.11B,1.93,$0.04B,$0.18B,0.21,$0.59B,$0.23B,40.00%,$0.59B,$-0.05B,-8.72%,$0.59B,$-0.05B,-8.72%,$0.59B,$0.02B,2.74%,$0.59B,$-0.05B,-9.06%,$0.59B,$-0.05B,-8.55%,$-0.05B,$0.18B,-27.47%,$-0.05B,$0.13B,-40.82%,$-0.05B,$0.37B,-12.59%,$-0.05B,$0.22B,-20.50%,$154,$90,$65,$5,$52,$147,$8,$-0,$8,$2,$6,$6,$6,$13,$8,$19,19,$0.31,$0.31,$14,$61,$0,$211,$99,$0,$50,$7,$163,$374,$109,$38,$37,$86,$195,$7,$187,$-21,$179,$374,$-33,$61,$4,$65,$8,$6,$12,$-7,$27,$58,$-9,$0,$-2,$0,$0,$0,$0,$-11,$-57,$0,$-56,$0,$0,$-7,$0,$-63,$-15,$2,$-7
37,2009-06-30,16.1,$9.27,1.74,$33.29,0.48,$3.13,5.15,$-2.29,0.0,$0.21B,$0.10B,2.08,$0.05B,$0.17B,0.3,$0.62B,$0.25B,40.19%,$0.62B,$-0.04B,-6.97%,$0.62B,$-0.04B,-6.97%,$0.62B,$0.03B,4.21%,$0.62B,$-0.04B,-6.97%,$0.62B,$-0.04B,-6.81%,$-0.04B,$0.17B,-21.03%,$-0.04B,$0.12B,-32.68%,$-0.04B,$0.37B,-9.95%,$-0.04B,$0.22B,-15.38%,$149,$88,$60,$6,$49,$143,$5,$-0,$5,$2,$3,$3,$3,$11,$5,$19,19,$0.16,$0.16,$16,$59,$0,$205,$101,$0,$50,$6,$165,$371,$99,$51,$37,$99,$198,$7,$184,$-23,$173,$371,$-39,$55,$2,$57,$14,$7,$8,$-12,$25,$43,$-6,$0,$-2,$0,$0,$0,$0,$-9,$-42,$-0,$-42,$0,$0,$-5,$-0,$-48,$-13,$1,$-5
38,2009-03-31,8.15,$8.90,0.92,$35.67,0.23,$0.39,20.7,$-2.01,0.0,$0.23B,$0.09B,2.58,$0.09B,$0.17B,0.53,$0.66B,$0.27B,40.79%,$0.66B,$-0.03B,-4.83%,$0.66B,$-0.03B,-4.83%,$0.66B,$0.04B,5.44%,$0.66B,$-0.03B,-4.98%,$0.66B,$-0.04B,-5.59%,$-0.04B,$0.17B,-16.72%,$-0.04B,$0.12B,-27.31%,$-0.04B,$0.39B,-8.18%,$-0.03B,$0.25B,-10.30%,$129,$76,$53,$6,$45,$170,$-42,$-1,$-42,$-1,$-42,$-42,$-42,$8,$-42,$18,18,$-2.29,$-2.29,$27,$67,$0,$225,$102,$0,$46,$6,$161,$386,$87,$88,$36,$133,$220,$7,$182,$-29,$166,$386,$-42,$49,$1,$50,$21,$-2,$0,$-4,$3,$11,$-4,$0,$-2,$0,$0,$0,$0,$-6,$-5,$-0,$-5,$0,$0,$-2,$-0,$-8,$-3,$0,$-2
39,2008-12-31,13.23,$11.48,1.15,$37.57,0.35,$-0.73,0.0,$0.56,23.63,$0.25B,$0.11B,2.34,$0.09B,$0.21B,0.44,$0.70B,$0.29B,40.88%,$0.70B,$0.02B,2.71%,$0.70B,$0.02B,2.71%,$0.70B,$0.04B,5.84%,$0.70B,$0.02B,2.42%,$0.70B,$0.01B,1.42%,$0.01B,$0.21B,4.11%,$0.01B,$0.12B,7.04%,$0.01B,$0.46B,2.11%,$0.02B,$0.30B,5.69%,$153,$97,$56,$7,$72,$176,$-22,$-1,$-24,$-7,$-17,$-17,$-17,$-16,$-22,$18,19,$-0.92,$-0.91,$29,$67,$0,$250,$104,$0,$91,$5,$206,$457,$107,$91,$36,$140,$247,$7,$224,$-26,$210,$457,$11,$23,$0,$23,$6,$-2,$-8,$20,$4,$37,$-20,$0,$-82,$0,$0,$0,$0,$-102,$83,$-1,$81,$-12,$-12,$-10,$3,$62,$-4,$-2,$-10
40,2008-09-30,29.26,$13.72,2.13,$38.86,0.75,$-0.72,0.0,$2.14,13.67,$0.26B,$0.10B,2.6,$0.09B,$0.25B,0.36,$0.73B,$0.31B,42.21%,$0.73B,$0.06B,8.47%,$0.73B,$0.06B,8.47%,$0.73B,$0.08B,11.34%,$0.73B,$0.06B,8.47%,$0.73B,$0.04B,5.46%,$0.04B,$0.25B,15.75%,$0.04B,$0.15B,23.99%,$0.04B,$0.48B,8.78%,$0.06B,$0.34B,19.24%,$186,$107,$79,$6,$56,$169,$16,$2,$18,$4,$14,$14,$14,$23,$16,$18,18,$0.77,$0.76,$23,$73,$2,$262,$105,$0,$97,$8,$213,$475,$101,$90,$30,$124,$225,$7,$245,$-5,$250,$475,$28,$17,$4,$21,$-8,$-6,$-5,$-11,$-35,$13,$-16,$0,$-82,$0,$0,$0,$0,$-98,$85,$8,$93,$-12,$-12,$-7,$1,$75,$-10,$-0,$-7
41,2008-06-30,25.58,$14.06,1.82,$37.22,0.69,$-0.15,0.0,$1.95,13.12,$0.26B,$0.11B,2.47,$0.09B,$0.26B,0.35,$0.71B,$0.30B,42.01%,$0.71B,$0.06B,7.92%,$0.71B,$0.06B,7.92%,$0.71B,$0.08B,10.61%,$0.71B,$0.06B,7.78%,$0.71B,$0.04B,5.23%,$0.04B,$0.26B,14.65%,$0.04B,$0.15B,20.44%,$0.04B,$0.49B,8.63%,$0.06B,$0.35B,18.74%,$194,$111,$82,$6,$61,$178,$16,$-1,$15,$6,$8,$8,$8,$21,$16,$18,19,$0.45,$0.44,$19,$78,$0,$264,$107,$0,$108,$8,$227,$491,$107,$90,$31,$125,$232,$7,$238,$10,$259,$491,$14,$10,$3,$13,$-15,$-5,$-5,$-6,$-31,$-5,$-10,$0,$-82,$0,$0,$0,$0,$-92,$86,$7,$93,$-7,$-7,$-5,$1,$82,$-15,$0,$-5
42,2008-03-31,33.74,$13.77,2.45,$35.52,0.95,$0.58,58.24,$2.06,16.38,$0.25B,$0.10B,2.55,$0.09B,$0.26B,0.35,$0.68B,$0.29B,42.18%,$0.68B,$0.06B,8.11%,$0.68B,$0.06B,8.11%,$0.68B,$0.07B,10.77%,$0.68B,$0.06B,8.26%,$0.68B,$0.04B,5.75%,$0.04B,$0.26B,15.73%,$0.04B,$0.15B,20.00%,$0.04B,$0.47B,9.87%,$0.06B,$0.35B,20.22%,$169,$99,$70,$6,$55,$160,$9,$-0,$8,$3,$5,$5,$5,$13,$9,$18,19,$0.28,$0.28,$25,$77,$0,$250,$104,$0,$109,$8,$224,$474,$98,$90,$31,$122,$220,$7,$234,$8,$255,$474,$5,$5,$1,$6,$-1,$-6,$-6,$-5,$-17,$-6,$-7,$0,$-81,$0,$0,$0,$0,$-89,$87,$5,$92,$-3,$-3,$-2,$0,$87,$-8,$0,$-2
43,2007-12-31,37.4,$13.65,2.74,$34.66,1.08,$0.41,91.71,$2.09,17.89,$0.24B,$0.10B,2.49,$0.00B,$0.25B,0.01,$0.66B,$0.28B,42.17%,$0.66B,$0.06B,8.28%,$0.66B,$0.06B,8.28%,$0.66B,$0.07B,10.99%,$0.66B,$0.06B,8.58%,$0.66B,$0.04B,6.02%,$0.04B,$0.25B,16.44%,$0.04B,$0.22B,19.09%,$0.04B,$0.38B,11.03%,$0.06B,$0.26B,22.45%,$183,$105,$78,$6,$57,$162,$21,$0,$21,$8,$13,$13,$13,$26,$21,$19,19,$0.68,$0.65,$33,$64,$0,$241,$97,$0,$35,$8,$141,$382,$97,$2,$30,$33,$130,$7,$234,$6,$252,$382,$40,$18,$-3,$15,$-11,$-0,$-2,$-3,$-15,$40,$-21,$0,$-3,$14,$0,$14,$0,$-10,$-3,$0,$-2,$-20,$-20,$-9,$5,$-27,$2,$2,$-9
44,2007-09-30,41.01,$13.12,3.13,$33.91,1.21,$0.36,114.56,$1.86,22.05,$0.23B,$0.09B,2.57,$0.00B,$0.24B,0.01,$0.65B,$0.27B,41.67%,$0.65B,$0.05B,6.94%,$0.65B,$0.05B,6.94%,$0.65B,$0.06B,9.57%,$0.65B,$0.05B,7.41%,$0.65B,$0.04B,5.40%,$0.04B,$0.24B,14.72%,$0.04B,$0.21B,17.09%,$0.04B,$0.37B,9.84%,$0.05B,$0.25B,18.81%,$161,$94,$67,$6,$51,$151,$10,$1,$11,$0,$11,$11,$11,$15,$10,$19,19,$0.59,$0.57,$32,$63,$0,$226,$95,$0,$34,$7,$141,$368,$88,$1,$27,$35,$123,$7,$230,$3,$244,$368,$27,$13,$5,$18,$1,$1,$-5,$-10,$-14,$31,$-23,$0,$-3,$6,$0,$6,$0,$-20,$-2,$0,$-2,$-13,$-13,$-7,$2,$-19,$-7,$2,$-7
45,2007-06-30,30.65,$12.85,2.39,$33.16,0.92,$0.75,41.04,$1.71,17.92,$0.22B,$0.08B,2.74,$0.00B,$0.24B,0.01,$0.63B,$0.26B,41.71%,$0.63B,$0.05B,7.11%,$0.63B,$0.05B,7.11%,$0.63B,$0.06B,9.64%,$0.63B,$0.05B,7.58%,$0.63B,$0.03B,5.06%,$0.03B,$0.24B,13.82%,$0.03B,$0.21B,16.04%,$0.03B,$0.36B,9.24%,$0.05B,$0.24B,19.31%,$165,$94,$71,$6,$50,$150,$15,$1,$16,$6,$10,$10,$10,$19,$15,$19,19,$0.56,$0.55,$33,$61,$0,$222,$93,$0,$33,$7,$135,$357,$81,$1,$27,$35,$116,$7,$222,$2,$241,$357,$16,$8,$4,$12,$-0,$1,$-5,$-12,$-13,$16,$-17,$0,$-2,$14,$0,$14,$0,$-5,$-1,$0,$-1,$-4,$-4,$-5,$1,$-9,$2,$2,$-5
46,2007-03-31,26.35,$12.52,2.1,$32.53,0.81,$1.02,25.89,$1.64,16.06,$0.22B,$0.07B,2.97,$0.00B,$0.24B,0.01,$0.62B,$0.26B,41.84%,$0.62B,$0.04B,6.95%,$0.62B,$0.04B,6.95%,$0.62B,$0.06B,9.37%,$0.62B,$0.05B,7.27%,$0.62B,$0.03B,5.01%,$0.03B,$0.24B,13.84%,$0.03B,$0.20B,15.96%,$0.03B,$0.34B,9.21%,$0.04B,$0.24B,19.05%,$155,$91,$64,$6,$49,$146,$9,$-0,$9,$3,$6,$6,$6,$13,$9,$19,19,$0.31,$0.31,$24,$62,$0,$216,$87,$0,$33,$7,$128,$344,$73,$2,$33,$35,$108,$7,$214,$1,$236,$344,$6,$4,$2,$7,$-1,$0,$-7,$-15,$-22,$-9,$-8,$0,$-3,$14,$0,$14,$0,$4,$-1,$0,$-1,$0,$0,$-2,$1,$-2,$-7,$1,$-2
47,2006-12-31,24.17,$12.25,1.97,$31.62,0.76,$1.83,13.18,$1.57,15.45,$0.24B,$0.10B,2.48,$0.00B,$0.23B,0.01,$0.60B,$0.25B,42.07%,$0.60B,$0.04B,6.84%,$0.60B,$0.04B,6.84%,$0.60B,$0.06B,9.18%,$0.60B,$0.04B,7.18%,$0.60B,$0.03B,4.84%,$0.03B,$0.23B,13.49%,$0.03B,$0.20B,15.47%,$0.03B,$0.35B,8.90%,$0.04B,$0.23B,18.89%,$167,$99,$68,$6,$52,$156,$11,$1,$12,$3,$8,$8,$8,$15,$11,$19,19,$0.45,$0.43,$45,$61,$0,$235,$83,$0,$31,$4,$119,$354,$95,$2,$27,$30,$125,$7,$210,$1,$230,$354,$30,$14,$4,$19,$-10,$-3,$3,$4,$-8,$40,$-23,$0,$-8,$-14,$0,$-14,$0,$-46,$-2,$0,$-2,$3,$3,$-9,$3,$-5,$-10,$4,$-9
