,Date,Stock Price,Book Value per Share,Price to Book Ratio,TTM Sales per Share,Price to Sales Ratio,TTM FCF per Share,Price to FCF Ratio,TTM Net EPS,PE Ratio,Current Assets,Current Liabilities,Current Ratio,Long Term Debt,Shareholder's Equity_x,Debt to Equity Ratio,TTM Revenue_x,TTM Gross Profit,Gross Margin,TTM Revenue_y,TTM Operating Income,Operating Margin,TTM Revenue_x,TTM EBIT,EBIT Margin,TTM Revenue_y,TTM EBITDA,EBITDA Margin,TTM Revenue_x,TTM Pre-Tax Income,Pre-Tax Margin,TTM Revenue_y,TTM Net Income_x,Net Margin,TTM Net Income_y,Shareholder's Equity_y,Return on Equity,TTM Net Income_x,Tangible Equity,Return on Tangible Equity,TTM Net Income_y,Total Assets,Return on Assets,TTM Net Income,LT Investments & Debt,Return on Investment,revenue,cost-goods-sold,gross-profit,research-development-expenses,selling-general-administrative-expenses,operating-expenses,operating-income,total-non-operating-income-expense,pre-tax-income,total-provision-income-taxes,income-after-taxes,income-from-continuous-operations,net-income,ebitda,ebit,basic-shares-outstanding,shares-outstanding,eps-basic-net-earnings-per-share,eps-earnings-per-share-diluted,cash-on-hand,inventory,other-current-assets,total-current-assets,net-property-plant-equipment,long-term-investments,goodwill-intangible-assets-total,other-long-term-assets,total-long-term-assets,total-assets,total-current-liabilities,long-term-debt,other-non-current-liabilities,total-long-term-liabilities,total-liabilities,common-stock-net,retained-earnings-accumulated-deficit,comprehensive-income,total-share-holder-equity,total-liabilities-share-holders-equity,net-income-loss,total-depreciation-amortization-cash-flow,other-non-cash-items,total-non-cash-items,change-in-accounts-receivable,change-in-inventories,change-in-accounts-payable,change-in-assets-liabilities,total-change-in-assets-liabilities,cash-flow-from-operating-activities,net-change-in-property-plant-equipment,net-change-in-intangible-assets,net-acquisitions-divestitures,net-change-in-short-term-investments,net-change-in-long-term-investments,net-change-in-investments-total,investing-activities-other,cash-flow-from-investing-activities,net-long-term-debt,net-current-debt,debt-issuance-retirement-net-total,net-common-equity-issued-repurchased,net-total-equity-issued-repurchased,total-common-preferred-stock-dividends-paid,financial-activities-other,cash-flow-from-financial-activities,net-cash-flow,stock-based-compensation,common-stock-dividends-paid
0,2018-06-30,1.17,$3.55,0.33,$2.31,0.51,$1.30,0.9,$-0.30,0.0,$0.17B,$0.24B,0.7,$0.92B,$0.95B,0.96,$0.53B,$0.12B,22.74%,$0.53B,$-0.03B,-6.02%,$0.53B,$-0.03B,-6.02%,$0.53B,$0.08B,14.66%,$0.53B,$-0.07B,-13.16%,$0.53B,$-0.08B,-15.04%,$-0.08B,$0.95B,-8.42%,$-0.08B,$0.93B,-8.62%,$-0.08B,$2.14B,-3.89%,$-0.03B,$1.87B,-1.78%,$176,$140,$36,$0,$9,$178,$-2,$-15,$-17,$0,$-17,$-17,$-17,$16,$-2,$269,269,$-0.07,$-0.07,$53,$0,$3,$168,$1918,$31,$21,$3,$1972,$2141,$242,$917,$30,$946,$1188,$1295,$-343,$0,$952,$2141,$-47,$59,$1,$60,$0,$0,$0,$3,$3,$10,$-2,$0,$0,$0,$0,$0,$1,$-1,$-21,$-4,$-24,$0,$0,$-8,$-0,$-32,$-23,$0,$-8
1,2018-03-31,1.19,$3.65,0.33,$2.28,0.52,$1.84,0.65,$-0.42,0.0,$0.16B,$0.22B,0.74,$0.93B,$0.98B,0.95,$0.47B,$0.13B,27.72%,$0.47B,$-0.02B,-3.62%,$0.47B,$-0.02B,-3.62%,$0.47B,$0.09B,18.76%,$0.47B,$-0.08B,-17.06%,$0.47B,$-0.08B,-17.06%,$-0.08B,$0.98B,-8.56%,$-0.08B,$0.96B,-8.77%,$-0.08B,$2.16B,-4.05%,$-0.02B,$1.91B,-0.99%,$172,$145,$26,$0,$9,$185,$-13,$-14,$-27,$0,$-27,$-27,$0,$21,$-13,$269,269,$-0.10,$-0.10,$52,$0,$1,$161,$1942,$31,$22,$3,$1998,$2159,$219,$932,$29,$960,$1179,$1295,$-316,$0,$980,$2159,$-19,$29,$-0,$29,$0,$0,$0,$-10,$-10,$-5,$-2,$0,$0,$0,$1,$1,$0,$-1,$-8,$-2,$-10,$0,$0,$-8,$-0,$-18,$-24,$0,$-8
2,2017-12-31,1.37,$3.75,0.36,$2.39,0.57,$2.13,0.64,$-0.33,0.0,$0.18B,$0.24B,0.75,$0.93B,$1.01B,0.92,$0.43B,$0.15B,34.34%,$0.43B,$0.00B,0.46%,$0.43B,$0.00B,0.46%,$0.43B,$0.10B,23.90%,$0.43B,$-0.06B,-13.23%,$0.43B,$-0.06B,-13.23%,$-0.06B,$1.01B,-6.18%,$-0.06B,$0.98B,-6.34%,$-0.06B,$2.20B,-3.01%,$0.00B,$1.93B,0.12%,$168,$138,$31,$0,$10,$177,$-8,$-11,$-19,$0,$-19,$-19,$-19,$30,$-8,$268,268,$-0.07,$-0.07,$74,$0,$0,$177,$1966,$30,$23,$3,$2021,$2197,$237,$927,$27,$954,$1191,$1295,$-288,$0,$1007,$2197,$-58,$100,$46,$146,$48,$0,$0,$-28,$6,$80,$47,$0,$31,$0,$1,$1,$0,$79,$-320,$149,$-171,$14,$14,$-21,$-3,$-181,$-23,$0,$-21
3,2017-09-30,1.55,$4.81,0.32,$2.61,0.59,$2.77,0.56,$-0.28,0.0,$0.15B,$0.22B,0.67,$0.63B,$0.86B,0.73,$0.46B,$0.17B,35.87%,$0.46B,$0.01B,2.61%,$0.46B,$0.01B,2.61%,$0.46B,$0.11B,24.35%,$0.46B,$-0.05B,-9.78%,$0.46B,$-0.01B,-1.74%,$-0.01B,$0.86B,-0.88%,$-0.01B,$0.84B,-0.91%,$-0.01B,$1.74B,-0.44%,$0.01B,$1.49B,0.75%,$101,$63,$38,$0,$8,$98,$3,$-5,$-2,$0,$-2,$-2,$-39,$11,$3,$187,187,$0.00,$0.00,$62,$0,$6,$149,$1515,$46,$23,$3,$1587,$1736,$224,$631,$19,$650,$874,$1144,$-281,$0,$862,$1736,$-56,$74,$50,$123,$0,$0,$0,$6,$6,$67,$42,$0,$0,$0,$1,$1,$0,$43,$-289,$151,$-139,$14,$14,$-15,$-3,$-143,$-34,$0,$-15
4,2017-06-30,1.76,$4.97,0.35,$2.75,0.64,$3.26,0.54,$-0.19,0.0,$0.18B,$0.22B,0.8,$0.67B,$0.89B,0.76,$0.48B,$0.18B,37.16%,$0.48B,$0.02B,4.80%,$0.48B,$0.02B,4.80%,$0.48B,$0.12B,25.89%,$0.48B,$-0.03B,-5.85%,$0.48B,$0.01B,1.88%,$0.01B,$0.89B,0.98%,$0.01B,$0.87B,1.01%,$0.01B,$1.80B,0.48%,$0.02B,$1.56B,1.39%,$91,$65,$26,$0,$8,$105,$-14,$-9,$-22,$0,$-22,$-22,$-22,$26,$-14,$179,179,$-0.12,$-0.12,$89,$0,$0,$179,$1554,$46,$24,$0,$1624,$1803,$224,$672,$18,$689,$913,$1143,$-253,$0,$890,$1803,$-34,$49,$40,$89,$0,$0,$0,$13,$13,$65,$38,$0,$0,$0,$1,$1,$0,$39,$-113,$0,$-113,$14,$14,$-10,$-0,$-109,$-6,$0,$-10
5,2017-03-31,1.89,$0.00,0.0,$3.07,0.62,$3.37,0.56,$0.17,11.13,$0.16B,$0.21B,0.76,$0.69B,$0.00B,0.0,$0.52B,$0.22B,42.05%,$0.52B,$0.05B,10.47%,$0.52B,$0.05B,10.47%,$0.52B,$0.16B,30.43%,$0.52B,$0.03B,6.40%,$0.52B,$0.03B,6.40%,$0.03B,$0.93B,3.57%,$0.03B,$0.91B,3.67%,$0.03B,$1.84B,1.69%,$0.05B,$1.62B,3.15%,$109,$74,$35,$0,$8,$107,$2,$-39,$-37,$0,$-37,$-37,$0,$36,$2,$179,179,$-0.21,$-0.21,$49,$0,$8,$155,$1574,$88,$25,$0,$1687,$1842,$205,$690,$14,$705,$910,$0,$0,$0,$932,$1842,$4,$25,$6,$31,$0,$0,$0,$-17,$-17,$17,$31,$0,$0,$0,$0,$0,$0,$31,$-88,$0,$-88,$14,$14,$-5,$-0,$-80,$-33,$0,$-5
6,2016-12-31,2.06,$5.86,0.35,$3.39,0.61,$3.45,0.6,$0.40,5.15,$0.26B,$0.26B,1.01,$0.76B,$0.93B,0.82,$0.55B,$0.25B,46.10%,$0.55B,$0.10B,17.60%,$0.55B,$0.10B,17.60%,$0.55B,$0.20B,36.66%,$0.55B,$0.07B,12.34%,$0.55B,$0.07B,12.34%,$0.07B,$0.93B,7.38%,$0.07B,$0.91B,7.60%,$0.07B,$1.96B,3.38%,$0.10B,$1.70B,5.48%,$130,$82,$49,$0,$9,$120,$11,$-7,$4,$0,$4,$4,$4,$39,$11,$178,178,$0.02,$0.02,$96,$0,$34,$258,$1605,$75,$26,$0,$1706,$1964,$256,$762,$14,$776,$1032,$1103,$-183,$0,$933,$1964,$68,$104,$13,$117,$56,$0,$0,$0,$30,$207,$18,$0,$0,$0,$4,$4,$0,$22,$-236,$0,$-236,$8,$8,$-47,$-16,$-291,$-62,$0,$-47
7,2016-09-30,2.28,$5.83,0.39,$3.93,0.58,$-3.00,0.0,$0.70,3.25,$0.19B,$0.22B,0.84,$0.81B,$0.91B,0.89,$0.59B,$0.29B,48.64%,$0.59B,$0.14B,23.90%,$0.59B,$0.14B,23.90%,$0.59B,$0.25B,41.53%,$0.59B,$0.11B,18.98%,$0.59B,$0.11B,18.47%,$0.11B,$0.91B,12.01%,$0.11B,$0.88B,12.39%,$0.11B,$1.96B,5.28%,$0.14B,$1.72B,7.77%,$130,$75,$55,$0,$10,$117,$13,$-3,$10,$0,$10,$10,$10,$23,$13,$170,170,$0.04,$0.04,$62,$0,$13,$187,$1665,$79,$27,$0,$1771,$1958,$222,$811,$14,$825,$1047,$1096,$-185,$0,$911,$1958,$59,$79,$12,$91,$0,$0,$0,$38,$38,$181,$7,$0,$0,$0,$3,$3,$0,$10,$-201,$0,$-201,$0,$0,$-42,$-16,$-259,$-69,$0,$-42
8,2016-06-30,2.63,$5.92,0.44,$4.22,0.62,$-8.63,0.0,$1.03,2.55,$0.25B,$0.23B,1.1,$0.89B,$0.93B,0.97,$0.61B,$0.32B,51.98%,$0.61B,$0.19B,31.19%,$0.61B,$0.19B,31.19%,$0.61B,$0.28B,46.86%,$0.61B,$0.16B,26.07%,$0.61B,$0.16B,25.58%,$0.16B,$0.93B,17.43%,$0.16B,$0.90B,18.02%,$0.16B,$2.06B,7.52%,$0.19B,$1.82B,10.93%,$110,$71,$39,$0,$8,$113,$-3,$-2,$-5,$0,$-5,$-5,$-5,$59,$-3,$170,170,$-0.03,$-0.03,$60,$0,$14,$251,$1706,$79,$27,$0,$1813,$2064,$229,$893,$17,$910,$1138,$1095,$-170,$0,$925,$2064,$64,$53,$8,$61,$0,$0,$0,$-12,$-12,$110,$-4,$0,$0,$0,$3,$3,$0,$-1,$-123,$0,$-123,$0,$0,$-33,$-16,$-171,$-63,$0,$-33
9,2016-03-31,3.15,$5.87,0.54,$4.24,0.74,$-10.49,0.0,$1.27,2.48,$0.22B,$0.21B,1.03,$0.93B,$0.92B,1.01,$0.57B,$0.30B,53.24%,$0.57B,$0.20B,35.20%,$0.57B,$0.20B,35.20%,$0.57B,$0.29B,50.09%,$0.57B,$0.18B,31.35%,$0.57B,$0.18B,30.82%,$0.18B,$0.92B,21.90%,$0.18B,$0.89B,22.52%,$0.18B,$2.07B,9.39%,$0.20B,$1.85B,12.94%,$146,$72,$74,$0,$10,$113,$33,$-9,$24,$0,$24,$24,$24,$81,$33,$156,156,$0.14,$0.14,$69,$0,$0,$219,$1746,$79,$29,$0,$1854,$2073,$213,$930,$13,$943,$1156,$1095,$-178,$0,$917,$2073,$39,$27,$-2,$25,$0,$0,$0,$-6,$-6,$56,$-2,$0,$0,$0,$15,$15,$0,$13,$-78,$0,$-78,$0,$0,$-19,$-0,$-97,$-28,$0,$-19
10,2015-12-31,5.75,$5.62,1.02,$4.11,1.4,$-12.44,0.0,$1.36,4.23,$0.28B,$0.29B,0.97,$0.99B,$0.88B,1.13,$0.51B,$0.28B,55.06%,$0.51B,$0.19B,36.58%,$0.51B,$0.19B,36.58%,$0.51B,$0.26B,50.78%,$0.51B,$0.18B,35.02%,$0.51B,$0.18B,34.44%,$0.18B,$0.88B,25.26%,$0.18B,$0.85B,25.81%,$0.18B,$2.17B,10.56%,$0.19B,$1.87B,13.84%,$165,$79,$86,$0,$5,$111,$54,$-15,$39,$0,$39,$39,$39,$82,$54,$156,156,$0.25,$0.25,$97,$0,$0,$280,$1768,$92,$30,$0,$1890,$2169,$290,$991,$12,$1002,$1292,$1095,$-217,$0,$877,$2169,$180,$74,$-21,$53,$-29,$0,$0,$-22,$-17,$167,$-837,$0,$-46,$0,$1,$1,$-0,$-882,$452,$0,$452,$244,$244,$-15,$-33,$649,$-66,$0,$-15
11,2015-09-30,5.75,$5.49,1.05,$3.87,1.49,$-5.30,0.0,$1.24,4.64,$0.22B,$0.54B,0.4,$0.55B,$0.84B,0.65,$0.44B,$0.24B,54.94%,$0.44B,$0.16B,35.86%,$0.44B,$0.16B,35.86%,$0.44B,$0.22B,50.57%,$0.44B,$0.15B,34.48%,$0.44B,$0.15B,33.56%,$0.15B,$0.84B,24.29%,$0.15B,$0.81B,24.61%,$0.15B,$1.94B,10.11%,$0.16B,$1.38B,13.26%,$169,$81,$88,$0,$6,$112,$57,$-3,$54,$0,$54,$54,$51,$62,$57,$130,131,$0.33,$0.33,$81,$0,$10,$220,$1589,$87,$31,$14,$1722,$1942,$544,$545,$14,$559,$1103,$1072,$-233,$0,$838,$1942,$126,$48,$-12,$36,$0,$0,$0,$1,$1,$145,$-757,$0,$-46,$0,$1,$1,$0,$-802,$358,$0,$358,$230,$230,$-11,$-3,$574,$-82,$0,$-11
12,2015-06-30,5.48,$4.84,1.13,$3.55,1.55,$1.08,5.09,$1.01,5.43,$0.19B,$0.19B,1.02,$0.53B,$0.58B,0.91,$0.36B,$0.19B,53.31%,$0.36B,$0.12B,32.32%,$0.36B,$0.12B,32.32%,$0.36B,$0.18B,48.62%,$0.36B,$0.12B,31.77%,$0.36B,$0.11B,30.66%,$0.11B,$0.58B,23.47%,$0.11B,$0.58B,23.47%,$0.11B,$1.31B,9.14%,$0.12B,$1.11B,11.03%,$126,$59,$67,$0,$4,$82,$45,$-4,$41,$0,$41,$41,$41,$61,$45,$135,135,$0.31,$0.30,$83,$0,$0,$192,$1035,$85,$0,$2,$1122,$1314,$188,$530,$13,$544,$731,$854,$-271,$0,$583,$1314,$85,$30,$-9,$21,$0,$0,$0,$-11,$-11,$91,$-228,$0,$0,$0,$-0,$-0,$0,$-229,$15,$0,$15,$52,$52,$-7,$-2,$58,$-80,$0,$-7
13,2015-03-31,4.74,$4.38,1.08,$3.12,1.52,$4.13,1.15,$0.68,6.97,$0.15B,$0.19B,0.77,$0.57B,$0.51B,1.12,$0.30B,$0.15B,49.49%,$0.30B,$0.08B,27.80%,$0.30B,$0.08B,27.80%,$0.30B,$0.14B,46.78%,$0.30B,$0.08B,25.42%,$0.30B,$0.07B,24.07%,$0.07B,$0.51B,17.51%,$0.07B,$0.51B,17.51%,$0.07B,$1.28B,6.28%,$0.08B,$1.07B,8.20%,$111,$48,$63,$0,$3,$67,$45,$0,$45,$0,$45,$45,$45,$56,$45,$116,117,$0.38,$0.38,$41,$0,$0,$149,$1047,$81,$0,$2,$1130,$1279,$194,$565,$16,$581,$774,$817,$-312,$0,$505,$1279,$40,$14,$-3,$12,$0,$0,$0,$-8,$-8,$41,$-227,$0,$0,$0,$-0,$-0,$0,$-227,$54,$0,$54,$14,$14,$-3,$-1,$64,$-122,$0,$-3
14,2014-12-31,4.16,$4.27,0.97,$2.93,1.42,$5.79,0.72,$0.65,6.4,$0.26B,$0.09B,3.06,$0.66B,$0.48B,1.38,$0.25B,$0.12B,46.99%,$0.25B,$0.06B,24.90%,$0.25B,$0.06B,24.90%,$0.25B,$0.12B,46.18%,$0.25B,$0.06B,24.50%,$0.25B,$0.06B,22.89%,$0.06B,$0.48B,15.97%,$0.06B,$0.48B,15.97%,$0.06B,$1.24B,5.21%,$0.06B,$1.14B,6.22%,$108,$43,$65,$0,$3,$66,$41,$-1,$40,$0,$40,$40,$40,$41,$41,$115,116,$0.34,$0.34,$163,$0,$0,$262,$897,$78,$0,$4,$979,$1241,$86,$661,$16,$677,$763,$803,$-347,$0,$478,$1241,$61,$53,$-25,$28,$-47,$0,$0,$-2,$-53,$21,$152,$0,$0,$0,$-32,$-32,$-10,$110,$-82,$0,$-82,$114,$114,$-10,$-16,$6,$137,$0,$-10
15,2014-09-30,3.04,$3.71,0.82,$2.50,1.21,$4.05,0.75,$0.60,5.06,$0.12B,$0.09B,1.33,$0.59B,$0.33B,1.82,$0.21B,$0.10B,47.39%,$0.21B,$0.06B,28.44%,$0.21B,$0.06B,28.44%,$0.21B,$0.11B,53.08%,$0.21B,$0.06B,27.01%,$0.21B,$0.05B,24.17%,$0.05B,$0.33B,16.52%,$0.05B,$0.33B,16.52%,$0.05B,$1.03B,4.82%,$0.06B,$0.92B,6.24%,$90,$46,$44,$0,$4,$66,$25,$-1,$24,$0,$24,$24,$20,$18,$25,$86,86,$0.23,$0.23,$46,$0,$0,$117,$838,$58,$0,$13,$909,$1026,$88,$593,$19,$612,$700,$691,$-365,$0,$326,$1026,$37,$37,$-22,$15,$0,$0,$0,$-29,$-29,$9,$153,$0,$0,$0,$-30,$-30,$0,$123,$-104,$0,$-104,$1,$1,$-8,$0,$-111,$21,$0,$-8
16,2014-06-30,3.47,$3.74,0.93,$2.36,1.47,$2.29,1.51,$0.36,9.64,$0.08B,$0.09B,0.96,$0.56B,$0.31B,1.78,$0.20B,$0.10B,48.22%,$0.20B,$0.04B,22.34%,$0.20B,$0.04B,22.34%,$0.20B,$0.10B,48.73%,$0.20B,$0.04B,18.27%,$0.20B,$0.03B,15.23%,$0.03B,$0.31B,10.15%,$0.03B,$0.31B,10.15%,$0.03B,$0.98B,2.80%,$0.04B,$0.87B,4.49%,$53,$32,$21,$0,$3,$47,$6,$-0,$6,$0,$6,$6,$6,$23,$6,$86,87,$0.07,$0.07,$22,$0,$0,$83,$841,$40,$0,$13,$894,$977,$87,$557,$21,$578,$665,$674,$-361,$0,$313,$977,$31,$25,$-18,$7,$0,$0,$0,$-28,$-28,$5,$153,$0,$0,$0,$-23,$-23,$0,$130,$-135,$0,$-135,$1,$1,$-5,$0,$-139,$-4,$0,$-5
17,2014-03-31,2.84,$3.71,0.76,$2.35,1.21,$0.72,3.94,$0.24,11.83,$0.23B,$0.06B,4.13,$0.75B,$0.31B,2.4,$0.20B,$0.09B,47.45%,$0.20B,$0.03B,14.29%,$0.20B,$0.03B,14.29%,$0.20B,$0.08B,40.31%,$0.20B,$0.03B,12.76%,$0.20B,$0.02B,9.69%,$0.02B,$0.31B,6.56%,$0.02B,$0.31B,6.56%,$0.02B,$1.13B,1.72%,$0.03B,$1.06B,2.77%,$44,$28,$16,$0,$3,$34,$10,$-6,$5,$0,$5,$5,$5,$33,$10,$84,84,$0.05,$0.05,$27,$0,$144,$230,$849,$42,$0,$13,$904,$1134,$56,$745,$23,$768,$824,$674,$-363,$0,$311,$1134,$26,$13,$-9,$3,$0,$0,$0,$-23,$-23,$5,$-0,$0,$0,$0,$-23,$-23,$0,$-23,$21,$0,$21,$1,$1,$-3,$0,$20,$1,$0,$-3
18,2013-12-31,3.13,$3.41,0.92,$2.15,1.45,$0.76,4.13,$-0.09,0.0,$0.22B,$0.07B,3.06,$0.72B,$0.29B,2.53,$0.18B,$0.07B,41.34%,$0.18B,$0.01B,5.03%,$0.18B,$0.01B,5.03%,$0.18B,$0.06B,32.96%,$0.18B,$-0.00B,-1.68%,$0.18B,$-0.01B,-5.03%,$-0.01B,$0.29B,-3.14%,$-0.01B,$0.29B,-3.14%,$-0.01B,$1.10B,-0.82%,$0.01B,$1.00B,0.90%,$62,$25,$36,$0,$3,$41,$21,$6,$26,$0,$26,$26,$26,$38,$21,$84,84,$0.32,$0.31,$162,$0,$0,$215,$859,$18,$0,$5,$882,$1098,$70,$719,$23,$743,$813,$673,$-389,$0,$285,$1098,$-3,$51,$-8,$43,$-14,$0,$0,$5,$-6,$15,$7,$0,$0,$0,$-13,$-13,$0,$-6,$1,$0,$1,$0,$0,$-10,$-0,$-10,$-1,$0,$-10
19,2013-09-30,2.06,$3.26,0.63,$2.10,0.98,$0.81,2.55,$-4.53,0.0,$0.20B,$0.06B,3.12,$0.72B,$0.27B,2.64,$0.17B,$0.07B,38.37%,$0.17B,$-0.37B,-214.53%,$0.17B,$-0.37B,-214.53%,$0.17B,$-0.32B,-183.14%,$0.17B,$-0.38B,-220.93%,$0.17B,$-0.39B,-226.16%,$-0.39B,$0.27B,-133.79%,$-0.39B,$0.27B,-133.79%,$-0.39B,$1.08B,-35.55%,$-0.37B,$0.99B,-36.84%,$52,$25,$27,$0,$3,$29,$23,$-3,$20,$0,$20,$20,$14,$2,$23,$84,84,$0.16,$0.16,$143,$0,$0,$199,$861,$8,$0,$15,$884,$1083,$64,$721,$26,$747,$810,$673,$-400,$0,$273,$1083,$-22,$36,$9,$45,$0,$0,$0,$-12,$-12,$0,$8,$0,$0,$0,$-8,$-8,$0,$-0,$10,$0,$10,$0,$0,$-8,$0,$3,$3,$0,$-8
20,2013-06-30,2.05,$3.47,0.59,$2.18,0.94,$0.95,2.16,$-4.48,0.0,$0.21B,$0.07B,2.81,$0.71B,$0.29B,2.43,$0.18B,$0.07B,37.99%,$0.18B,$-0.36B,-201.68%,$0.18B,$-0.36B,-201.68%,$0.18B,$-0.30B,-168.16%,$0.18B,$-0.38B,-209.50%,$0.18B,$-0.38B,-214.53%,$-0.38B,$0.29B,-99.10%,$-0.38B,$0.29B,-99.10%,$-0.38B,$1.09B,-32.24%,$-0.36B,$1.00B,-32.98%,$39,$24,$16,$0,$3,$49,$-10,$-5,$-15,$0,$-15,$-15,$-15,$6,$-10,$84,84,$-0.17,$-0.17,$161,$0,$0,$205,$867,$7,$0,$13,$887,$1092,$73,$705,$24,$729,$802,$673,$-383,$0,$290,$1092,$-8,$24,$-1,$22,$0,$0,$0,$7,$7,$18,$8,$0,$0,$0,$-4,$-4,$0,$4,$-5,$0,$-5,$0,$0,$-5,$0,$-11,$11,$0,$-5
21,2013-03-31,2.2,$3.56,0.62,$2.30,0.95,$0.72,3.03,$-4.46,0.0,$0.20B,$0.06B,3.31,$0.71B,$0.30B,2.37,$0.19B,$0.08B,43.32%,$0.19B,$-0.35B,-186.10%,$0.19B,$-0.35B,-186.10%,$0.19B,$-0.28B,-150.80%,$0.19B,$-0.37B,-199.47%,$0.19B,$-0.38B,-201.60%,$-0.38B,$0.30B,-77.73%,$-0.38B,$0.30B,-77.73%,$-0.38B,$1.10B,-29.32%,$-0.35B,$1.00B,-29.22%,$43,$29,$14,$0,$3,$49,$-6,$-0,$-6,$0,$-6,$-6,$-6,$13,$-6,$84,84,$-0.07,$-0.07,$145,$0,$0,$203,$877,$0,$0,$17,$893,$1096,$61,$706,$31,$737,$799,$673,$-375,$0,$298,$1096,$-2,$12,$-1,$11,$0,$0,$0,$-8,$-8,$-1,$8,$0,$0,$0,$-0,$-0,$0,$8,$-4,$0,$-4,$0,$0,$-3,$0,$-7,$1,$0,$-3
22,2012-12-31,2.21,$3.61,0.61,$2.53,0.87,$0.79,2.79,$-4.38,0.0,$0.20B,$0.06B,3.28,$0.71B,$0.30B,2.35,$0.20B,$0.09B,47.21%,$0.20B,$-0.34B,-173.10%,$0.20B,$-0.34B,-173.10%,$0.20B,$-0.27B,-136.04%,$0.20B,$-0.37B,-188.32%,$0.20B,$-0.37B,-188.32%,$-0.37B,$0.30B,-67.67%,$-0.37B,$0.30B,-67.67%,$-0.37B,$1.11B,-30.05%,$-0.34B,$1.01B,-29.64%,$45,$28,$17,$0,$4,$43,$2,$-3,$-2,$0,$-2,$-2,$-2,$-336,$2,$84,84,$-0.02,$-0.02,$146,$0,$9,$203,$886,$3,$0,$13,$903,$1106,$62,$710,$31,$742,$803,$673,$-370,$0,$302,$1106,$-370,$72,$352,$425,$-20,$0,$0,$-3,$-21,$28,$-3,$0,$0,$0,$-3,$-3,$0,$-6,$-64,$0,$-64,$66,$66,$-32,$17,$-14,$8,$0,$-32
23,2012-09-30,2.82,$7.90,0.36,$3.17,0.89,$0.80,3.52,$-0.12,0.0,$0.19B,$0.07B,2.8,$0.71B,$0.66B,1.07,$0.23B,$0.10B,46.22%,$0.23B,$-0.05B,-21.33%,$0.23B,$0.02B,8.89%,$0.23B,$0.02B,10.67%,$0.23B,$-0.03B,-12.89%,$0.23B,$-0.01B,-2.22%,$-0.01B,$0.66B,-0.81%,$-0.01B,$0.66B,-0.81%,$-0.01B,$1.47B,-0.37%,$-0.05B,$1.37B,-3.80%,$45,$27,$19,$0,$2,$400,$-355,$-2,$-357,$0,$-357,$-357,$-366,$16,$-355,$80,80,$-4.49,$-4.49,$144,$0,$0,$186,$1267,$0,$0,$17,$1283,$1470,$67,$707,$36,$743,$809,$673,$-12,$0,$660,$1470,$-14,$54,$3,$57,$0,$0,$0,$-14,$-14,$22,$-2,$0,$0,$0,$-3,$-3,$0,$-5,$-68,$0,$-68,$69,$69,$-31,$21,$-9,$8,$0,$-31
24,2012-06-30,3.36,$10.98,0.31,$3.47,0.97,$0.70,4.79,$-0.28,0.0,$0.06B,$0.06B,1.05,$0.70B,$0.68B,1.03,$0.23B,$0.11B,49.14%,$0.23B,$-0.12B,-50.86%,$0.23B,$-0.05B,-21.55%,$0.23B,$-0.05B,-19.40%,$0.23B,$-0.11B,-49.14%,$0.23B,$-0.01B,-5.17%,$-0.01B,$0.68B,-2.08%,$-0.01B,$0.68B,-2.08%,$-0.01B,$1.47B,-0.98%,$-0.12B,$1.38B,-10.42%,$46,$28,$18,$0,$2,$48,$-2,$-8,$-10,$0,$-10,$-10,$-10,$25,$-2,$84,84,$-0.12,$-0.12,$19,$0,$0,$62,$1276,$120,$0,$14,$1410,$1472,$59,$701,$33,$733,$792,$673,$7,$0,$680,$1472,$-4,$36,$1,$37,$0,$0,$0,$-25,$-25,$8,$-1,$0,$0,$0,$-3,$-3,$0,$-4,$-74,$0,$-74,$69,$69,$-21,$22,$-4,$-0,$0,$-21
25,2012-03-31,4.3,$6.96,0.62,$3.76,1.15,$0.59,7.28,$-0.21,0.0,$0.05B,$0.03B,2.18,$0.29B,$0.55B,0.53,$0.24B,$0.12B,51.26%,$0.24B,$-0.07B,-28.57%,$0.24B,$-0.04B,-18.49%,$0.24B,$0.01B,5.88%,$0.24B,$-0.12B,-50.42%,$0.24B,$-0.01B,-5.04%,$-0.01B,$0.55B,-2.23%,$-0.01B,$0.55B,-2.24%,$-0.01B,$0.89B,-1.11%,$-0.07B,$0.84B,-6.75%,$51,$24,$27,$0,$2,$44,$7,$-11,$-4,$0,$-4,$-4,$1,$27,$7,$80,80,$0.01,$0.01,$24,$0,$1,$54,$706,$118,$0,$12,$835,$890,$25,$292,$22,$314,$339,$654,$-104,$0,$551,$890,$0,$18,$-1,$17,$0,$0,$0,$-5,$-5,$12,$-1,$0,$0,$0,$-0,$-0,$0,$-1,$-74,$0,$-74,$69,$69,$-9,$12,$-2,$9,$0,$-9
26,2011-12-31,2.43,$9.34,0.26,$3.54,0.69,$0.74,3.28,$-0.15,0.0,$0.20B,$0.15B,1.36,$0.88B,$0.58B,1.53,$0.22B,$0.12B,53.49%,$0.22B,$-0.05B,-20.93%,$0.22B,$-0.05B,-20.93%,$0.22B,$0.03B,13.95%,$0.22B,$-0.11B,-52.56%,$0.22B,$-0.01B,-4.19%,$-0.01B,$0.58B,-1.68%,$-0.01B,$0.58B,-1.70%,$-0.01B,$1.64B,-0.82%,$-0.05B,$1.46B,-4.42%,$55,$26,$29,$0,$1,$46,$9,$-9,$0,$0,$0,$0,$4,$-44,$9,$71,71,$0.06,$0.06,$19,$0,$0,$200,$1310,$117,$0,$14,$1442,$1641,$147,$882,$34,$916,$1063,$588,$-99,$0,$578,$1641,$-113,$74,$67,$141,$6,$0,$0,$-5,$-1,$24,$-4,$0,$0,$0,$0,$0,$0,$-4,$146,$0,$146,$112,$112,$-51,$-223,$-16,$4,$0,$-51
27,2011-09-30,3.08,$8.06,0.38,$5.42,0.57,$2.35,1.31,$0.03,102.57,$0.04B,$0.02B,1.76,$0.35B,$0.50B,0.7,$0.27B,$0.16B,60.07%,$0.27B,$0.23B,83.15%,$0.27B,$-0.02B,-8.79%,$0.27B,$0.33B,119.78%,$0.27B,$-0.13B,-47.62%,$0.27B,0,0.00%,$0.00B,$0.50B,0.00%,$0.00B,$0.50B,0.00%,$0.00B,$0.89B,0.00%,$0.23B,$0.85B,25.86%,$73,$43,$30,$0,$-2,$135,$-62,$-22,$-15,$0,$-15,$-15,$-0,$-53,$6,$61,61,$-0.01,$-0.01,$14,$0,$0,$36,$727,$117,$0,$12,$855,$891,$20,$348,$24,$371,$392,$588,$-89,$0,$499,$891,$-106,$56,$67,$123,$0,$0,$0,$-4,$-4,$11,$-3,$0,$0,$0,$0,$0,$0,$-3,$150,$0,$150,$112,$112,$-42,$-226,$-6,$2,$0,$-42
28,2011-06-30,6.1,$8.55,0.71,$5.35,1.14,$4.20,1.45,$0.30,20.33,$0.04B,$0.02B,1.78,$0.35B,$0.53B,0.66,$0.25B,$0.16B,62.60%,$0.25B,$0.31B,120.47%,$0.25B,$0.06B,21.65%,$0.25B,$0.40B,156.69%,$0.25B,$-0.04B,-14.17%,$0.25B,$0.02B,6.69%,$0.02B,$0.53B,3.66%,$0.02B,$0.52B,3.76%,$0.02B,$0.92B,1.89%,$0.31B,$0.88B,35.75%,$53,$25,$28,$0,$4,$124,$-72,$-23,$-95,$0,$-95,$-95,$-17,$84,$-72,$62,62,$-0.28,$-0.28,$17,$0,$0,$39,$737,$116,$13,$12,$878,$918,$22,$348,$18,$366,$388,$588,$-59,$0,$529,$918,$-12,$38,$-22,$15,$0,$0,$0,$-3,$-3,$1,$-2,$0,$0,$0,$0,$0,$0,$-2,$-16,$0,$-16,$112,$112,$-29,$-62,$5,$3,$0,$-29
29,2011-03-31,6.61,$8.78,0.75,$5.29,1.25,$5.23,1.26,$0.33,20.02,$0.05B,$0.03B,1.73,$0.35B,$0.54B,0.64,$0.23B,$0.15B,63.68%,$0.23B,$0.26B,111.11%,$0.23B,$0.05B,22.65%,$0.23B,$0.34B,144.02%,$0.23B,$-0.02B,-9.83%,$0.23B,$0.02B,7.69%,$0.02B,$0.54B,4.26%,$0.02B,$0.53B,4.38%,$0.02B,$0.93B,2.12%,$0.26B,$0.89B,32.22%,$57,$22,$35,$0,$4,$0,$57,$-23,$-10,$0,$-10,$-10,$1,$43,$13,$62,62,$0.02,$0.02,$20,$0,$0,$46,$747,$116,$13,$12,$888,$934,$27,$349,$15,$364,$391,$589,$-45,$0,$543,$934,$7,$11,$-2,$9,$0,$0,$0,$2,$2,$18,$-0,$0,$0,$0,$0,$0,$0,$-0,$-103,$0,$-103,$112,$112,$-14,$-5,$-10,$8,$0,$-14
30,2010-12-31,7.64,$8.51,0.9,$5.96,1.28,$5.44,1.4,$0.37,20.64,$0.04B,$0.03B,1.55,$0.45B,$0.44B,1.02,$0.24B,$0.15B,63.49%,$0.24B,$0.24B,99.59%,$0.24B,$0.06B,23.65%,$0.24B,$0.32B,131.54%,$0.24B,$-0.02B,-9.54%,$0.24B,$0.02B,6.64%,$0.02B,$0.44B,4.74%,$0.02B,$0.43B,4.89%,$0.02B,$0.94B,2.13%,$0.24B,$0.90B,33.80%,$32,$10,$22,$0,$3,$0,$32,$-1,$7,$0,$7,$7,$7,$253,$8,$57,57,$0.12,$0.12,$12,$0,$0,$38,$757,$116,$13,$12,$898,$937,$25,$452,$17,$469,$494,$481,$-39,$0,$443,$937,$-23,$77,$15,$93,$-5,$0,$0,$6,$-3,$58,$23,$0,$0,$0,$-116,$-116,$-10,$-102,$12,$0,$12,$212,$212,$-55,$-121,$48,$4,$0,$-55
31,2010-09-30,7.85,$7.94,0.99,$4.99,1.57,$6.53,1.2,$0.45,17.45,$0.03B,$0.03B,0.86,$0.42B,$0.34B,1.21,$0.17B,$0.11B,66.08%,$0.17B,$0.05B,26.32%,$0.17B,$0.05B,26.32%,$0.17B,$0.10B,56.14%,$0.17B,$0.02B,12.28%,$0.17B,$0.02B,8.77%,$0.02B,$0.34B,4.62%,$0.02B,$0.33B,4.77%,$0.02B,$0.81B,1.95%,$0.05B,$0.76B,6.19%,$131,$52,$79,$0,$9,$-79,$210,$-59,$-32,$0,$-32,$-32,$9,$18,$27,$42,42,$0.17,$0.17,$11,$0,$0,$25,$655,$116,$11,$2,$785,$810,$29,$416,$20,$436,$465,$382,$-37,$0,$344,$810,$9,$34,$12,$46,$0,$0,$0,$7,$7,$56,$30,$0,$0,$0,$-116,$-116,$0,$-85,$-76,$0,$-76,$108,$108,$-39,$38,$30,$1,$0,$-39
32,2010-06-30,6.55,$8.28,0.79,$5.05,1.3,$6.52,1.0,$0.41,15.97,$0.03B,$0.02B,1.16,$0.32B,$0.36B,0.9,$0.16B,$0.11B,64.63%,$0.16B,$0.04B,25.61%,$0.16B,$0.04B,25.61%,$0.16B,$0.09B,55.49%,$0.16B,$0.02B,11.59%,$0.16B,$0.01B,7.93%,$0.01B,$0.36B,4.49%,$0.01B,$0.35B,4.64%,$0.01B,$0.72B,1.85%,$0.04B,$0.68B,6.33%,$34,$11,$23,$0,$2,$27,$7,$-8,$-1,$0,$-1,$-1,$-0,$23,$7,$43,43,$-0.01,$-0.01,$9,$0,$0,$28,$680,$0,$11,$2,$694,$723,$24,$322,$17,$339,$363,$382,$-22,$0,$359,$723,$9,$23,$6,$29,$0,$0,$0,$-6,$-6,$28,$14,$0,$0,$0,$0,$0,$0,$14,$-169,$0,$-169,$108,$108,$-24,$42,$-44,$-2,$0,$-24
33,2010-03-31,7.16,$6.34,1.13,$5.66,1.26,$7.46,0.96,$1.00,7.16,$0.04B,$0.02B,2.0,$0.30B,$0.20B,1.48,$0.17B,$0.11B,65.45%,$0.17B,$0.05B,27.88%,$0.17B,$0.05B,27.88%,$0.17B,$0.10B,57.58%,$0.17B,$0.03B,20.00%,$0.17B,$0.03B,16.36%,$0.03B,$0.20B,10.61%,$0.03B,$0.20B,10.99%,$0.03B,$0.54B,4.09%,$0.05B,$0.50B,7.38%,$37,$11,$25,$0,$3,$25,$11,$-9,$3,$0,$3,$3,$2,$23,$11,$42,42,$0.05,$0.05,$12,$0,$17,$44,$484,$0,$7,$2,$493,$537,$22,$301,$12,$312,$334,$247,$-44,$0,$203,$537,$7,$12,$2,$13,$0,$0,$0,$-1,$-1,$18,$-2,$0,$0,$0,$0,$0,$0,$-2,$-10,$0,$-10,$0,$0,$-8,$4,$-15,$2,$0,$-8
34,2009-12-31,4.73,$12.30,0.38,$5.82,0.81,$8.46,0.56,$1.41,3.36,$0.16B,$0.03B,5.72,$0.57B,$0.39B,1.45,$0.16B,$0.11B,66.88%,$0.16B,$0.05B,31.88%,$0.16B,$0.05B,31.88%,$0.16B,$0.10B,60.00%,$0.16B,$0.04B,26.25%,$0.16B,$0.04B,22.50%,$0.04B,$0.39B,15.42%,$0.04B,$0.38B,15.98%,$0.04B,$1.00B,5.59%,$0.05B,$0.96B,8.42%,$39,$13,$26,$0,$3,$27,$12,$-5,$7,$0,$7,$7,$5,$32,$12,$32,32,$0.16,$0.16,$10,$0,$0,$157,$826,$0,$13,$3,$845,$1002,$27,$569,$12,$581,$608,$247,$-40,$0,$394,$1002,$42,$45,$-9,$37,$22,$0,$0,$1,$25,$92,$-5,$0,$0,$0,$0,$0,$0,$-5,$-133,$0,$-133,$69,$69,$-50,$12,$-103,$-16,$0,$-50
35,2009-09-30,4.55,$6.35,0.72,$8.82,0.52,$11.00,0.41,$1.13,4.03,$0.02B,$0.02B,0.85,$0.30B,$0.20B,1.49,$0.23B,$0.16B,72.25%,$0.23B,$0.10B,44.93%,$0.23B,$0.10B,44.93%,$0.23B,$0.15B,67.40%,$0.23B,$0.06B,26.87%,$0.23B,$0.03B,11.89%,$0.03B,$0.20B,15.93%,$0.03B,$0.20B,16.56%,$0.03B,$0.54B,4.97%,$0.10B,$0.51B,20.25%,$61,$22,$39,$0,$5,$45,$15,$-3,$12,$0,$12,$12,$8,$13,$15,$29,29,$0.12,$0.12,$13,$0,$1,$20,$512,$0,$7,$2,$523,$543,$23,$303,$14,$316,$339,$247,$-44,$0,$203,$543,$33,$29,$-5,$24,$0,$0,$0,$19,$19,$68,$-5,$0,$0,$0,$0,$0,$0,$-5,$-104,$0,$-104,$69,$69,$-46,$5,$-76,$-13,$0,$-46
36,2009-06-30,4.86,$6.80,0.71,$9.88,0.49,$10.54,0.46,$1.96,2.48,$0.03B,$0.02B,1.42,$0.30B,$0.22B,1.39,$0.25B,$0.19B,75.30%,$0.25B,$0.13B,50.61%,$0.25B,$0.13B,50.61%,$0.25B,$0.17B,70.45%,$0.25B,$0.09B,34.82%,$0.25B,$0.05B,19.84%,$0.05B,$0.22B,31.36%,$0.05B,$0.21B,32.61%,$0.05B,$0.56B,9.24%,$0.13B,$0.52B,25.32%,$27,$11,$16,$0,$3,$23,$4,$-6,$-3,$0,$-3,$-3,$-2,$27,$4,$32,32,$-0.05,$-0.05,$18,$0,$0,$34,$511,$0,$7,$2,$522,$556,$24,$303,$11,$314,$338,$247,$-29,$0,$218,$556,$36,$19,$-9,$11,$0,$0,$0,$8,$8,$53,$-4,$0,$0,$0,$0,$0,$0,$-4,$-124,$0,$-124,$69,$69,$-33,$30,$-59,$-9,$0,$-33
37,2009-03-31,4.74,$4.74,1.0,$10.11,0.47,$9.69,0.49,$2.20,2.15,$0.04B,$0.02B,1.63,$0.31B,$0.12B,2.65,$0.25B,$0.19B,76.59%,$0.25B,$0.14B,53.57%,$0.25B,$0.14B,53.57%,$0.25B,$0.18B,71.43%,$0.25B,$0.10B,37.70%,$0.25B,$0.06B,21.83%,$0.06B,$0.12B,39.29%,$0.06B,$0.11B,40.89%,$0.06B,$0.47B,10.68%,$0.14B,$0.43B,28.07%,$38,$10,$27,$0,$2,$23,$15,$2,$17,$0,$17,$17,$16,$24,$15,$25,25,$0.64,$0.64,$22,$0,$0,$36,$429,$0,$5,$2,$437,$473,$22,$314,$18,$332,$354,$181,$-63,$0,$119,$473,$16,$7,$-2,$5,$0,$0,$0,$18,$18,$39,$-1,$0,$0,$0,$0,$0,$0,$-1,$-12,$0,$-12,$0,$0,$-18,$-12,$-42,$-4,$0,$-18
38,2008-12-31,5.9,$5.51,1.07,$10.08,0.59,$8.87,0.66,$2.19,2.69,$0.07B,$0.02B,2.8,$0.42B,$0.14B,3.03,$0.25B,$0.20B,77.69%,$0.25B,$0.14B,54.58%,$0.25B,$0.14B,54.58%,$0.25B,$0.18B,72.11%,$0.25B,$0.09B,35.46%,$0.25B,$0.05B,20.32%,$0.05B,$0.14B,34.23%,$0.05B,$0.13B,35.23%,$0.05B,$0.60B,10.66%,$0.14B,$0.56B,30.60%,$34,$9,$25,$0,$2,$18,$17,$-1,$16,$0,$16,$16,$14,$89,$17,$25,25,$0.57,$0.57,$27,$0,$1,$66,$523,$0,$7,$2,$534,$600,$23,$418,$21,$438,$462,$181,$-44,$0,$138,$600,$90,$44,$14,$57,$9,$0,$0,$-3,$10,$146,$-7,$0,$0,$0,$0,$0,$0,$-7,$-50,$0,$-50,$-0,$-0,$-70,$-27,$-147,$-8,$0,$-70
39,2008-09-30,6.94,$6.00,1.16,$7.25,0.96,$7.31,0.95,$2.63,2.64,$0.05B,$0.02B,2.72,$0.32B,$0.15B,2.11,$0.16B,$0.11B,70.89%,$0.16B,$0.11B,67.09%,$0.16B,$0.11B,67.09%,$0.16B,$0.10B,60.13%,$0.16B,$0.09B,58.86%,$0.16B,$0.06B,36.71%,$0.06B,$0.15B,31.39%,$0.06B,$0.15B,32.04%,$0.06B,$0.49B,11.93%,$0.11B,$0.47B,24.49%,$128,$32,$96,$0,$6,$62,$66,$-35,$31,$0,$31,$31,$-1,$34,$66,$25,25,$-0.03,$-0.03,$17,$0,$1,$47,$436,$0,$5,$2,$445,$492,$17,$316,$9,$325,$342,$181,$-31,$0,$150,$492,$58,$21,$-0,$21,$0,$0,$0,$-30,$-30,$44,$-6,$0,$0,$0,$0,$0,$0,$-6,$-12,$0,$-12,$0,$0,$-43,$-0,$-56,$-18,$0,$-43
