,Date,Stock Price,Book Value per Share,Price to Book Ratio,TTM Sales per Share,Price to Sales Ratio,TTM FCF per Share,Price to FCF Ratio,TTM Net EPS,PE Ratio,Current Assets,Current Liabilities,Current Ratio,Long Term Debt,Shareholder's Equity_x,Debt to Equity Ratio,TTM Revenue_x,TTM Gross Profit,Gross Margin,TTM Revenue_y,TTM Operating Income,Operating Margin,TTM Revenue_x,TTM EBIT,EBIT Margin,TTM Revenue_y,TTM EBITDA,EBITDA Margin,TTM Revenue_x,TTM Pre-Tax Income,Pre-Tax Margin,TTM Revenue_y,TTM Net Income_x,Net Margin,TTM Net Income_y,Shareholder's Equity_y,Return on Equity,TTM Net Income_x,Tangible Equity,Return on Tangible Equity,TTM Net Income_y,Total Assets,Return on Assets,TTM Net Income,LT Investments & Debt,Return on Investment,revenue,cost-goods-sold,gross-profit,research-development-expenses,selling-general-administrative-expenses,operating-expenses,operating-income,total-non-operating-income-expense,pre-tax-income,total-provision-income-taxes,income-after-taxes,income-from-continuous-operations,net-income,ebitda,ebit,basic-shares-outstanding,shares-outstanding,eps-basic-net-earnings-per-share,eps-earnings-per-share-diluted,cash-on-hand,inventory,other-current-assets,total-current-assets,net-property-plant-equipment,long-term-investments,goodwill-intangible-assets-total,other-long-term-assets,total-long-term-assets,total-assets,total-current-liabilities,long-term-debt,other-non-current-liabilities,total-long-term-liabilities,total-liabilities,common-stock-net,retained-earnings-accumulated-deficit,comprehensive-income,total-share-holder-equity,total-liabilities-share-holders-equity,net-income-loss,total-depreciation-amortization-cash-flow,other-non-cash-items,total-non-cash-items,change-in-accounts-receivable,change-in-inventories,change-in-accounts-payable,change-in-assets-liabilities,total-change-in-assets-liabilities,cash-flow-from-operating-activities,net-change-in-property-plant-equipment,net-change-in-intangible-assets,net-acquisitions-divestitures,net-change-in-short-term-investments,net-change-in-long-term-investments,net-change-in-investments-total,investing-activities-other,cash-flow-from-investing-activities,net-long-term-debt,net-current-debt,debt-issuance-retirement-net-total,net-common-equity-issued-repurchased,net-total-equity-issued-repurchased,total-common-preferred-stock-dividends-paid,financial-activities-other,cash-flow-from-financial-activities,net-cash-flow,stock-based-compensation,common-stock-dividends-paid
0,2018-07-31,35.26,$30.61,1.15,$42.16,0.84,$0.66,53.75,$3.98,8.86,$9.10B,$1.30B,6.98,$3.64B,$4.54B,0.8,$6.72B,$1.40B,20.82%,$6.72B,$0.73B,10.89%,$6.72B,$0.73B,10.89%,$6.72B,$0.76B,11.27%,$6.72B,$0.84B,12.51%,$6.72B,$0.63B,9.37%,$0.63B,$4.54B,13.96%,$0.63B,$4.54B,13.96%,$0.63B,$9.95B,6.48%,$0.73B,$8.18B,9.13%,$1913,$1510,$404,$0,$174,$1684,$230,$23,$253,$60,$193,$193,$193,$236,$230,$151,153,$1.28,$1.26,$523,$7958,$0,$9103,$196,$420,$0,$136,$846,$9949,$1304,$3637,$470,$4108,$5412,$2,$4867,$-2,$4537,$9949,$437,$19,$29,$48,$-124,$-542,$0,$80,$-557,$-72,$-22,$0,$0,$3,$78,$82,$0,$60,$288,$0,$288,$-417,$-417,$-46,$-4,$-179,$-191,$22,$-46
1,2018-04-30,42.04,$29.54,1.42,$38.43,1.09,$3.52,11.95,$3.59,11.71,$8.95B,$1.27B,7.02,$3.61B,$4.49B,0.81,$6.31B,$1.32B,20.95%,$6.31B,$0.67B,10.67%,$6.31B,$0.67B,10.67%,$6.31B,$0.70B,11.10%,$6.31B,$0.79B,12.55%,$6.31B,$0.59B,9.28%,$0.59B,$4.49B,12.98%,$0.59B,$4.49B,12.98%,$0.59B,$9.84B,5.99%,$0.67B,$8.10B,8.36%,$1599,$1298,$301,$0,$167,$1465,$134,$18,$153,$41,$112,$112,$112,$141,$134,$153,155,$0.73,$0.72,$476,$7872,$0,$8948,$186,$457,$0,$135,$896,$9844,$1274,$3613,$470,$4083,$5357,$2,$4690,$-2,$4487,$9844,$244,$13,$1,$13,$-97,$-541,$0,$61,$-582,$-325,$-7,$0,$0,$3,$44,$46,$0,$40,$362,$0,$362,$-282,$-282,$-29,$-3,$47,$-238,$15,$-29
2,2018-01-31,46.32,$29.07,1.59,$36.08,1.28,$7.00,6.61,$3.60,12.87,$8.79B,$1.20B,7.31,$3.53B,$4.47B,0.79,$6.07B,$1.31B,21.52%,$6.07B,$0.68B,11.17%,$6.07B,$0.68B,11.17%,$6.07B,$0.70B,11.60%,$6.07B,$0.84B,13.79%,$6.07B,$0.60B,9.85%,$0.60B,$4.47B,13.29%,$0.60B,$4.47B,13.29%,$0.60B,$9.62B,6.12%,$0.68B,$8.00B,8.41%,$1175,$934,$241,$0,$157,$1092,$84,$48,$132,$-1,$132,$132,$132,$90,$84,$156,159,$0.85,$0.83,$511,$7714,$0,$8785,$186,$450,$0,$119,$833,$9618,$1202,$3530,$422,$3951,$5153,$2,$4595,$-2,$4465,$9618,$132,$6,$-17,$-11,$-17,$-417,$0,$70,$-451,$-330,$-2,$0,$0,$1,$32,$33,$0,$32,$302,$0,$302,$-193,$-193,$-12,$-3,$94,$-205,$9,$-12
3,2017-10-31,45.71,$28.86,1.58,$34.08,1.34,$9.19,4.97,$3.19,14.33,$8.54B,$1.29B,6.61,$3.22B,$4.54B,0.71,$5.82B,$1.25B,21.54%,$5.82B,$0.65B,11.09%,$5.82B,$0.65B,11.09%,$5.82B,$0.67B,11.54%,$5.82B,$0.82B,14.01%,$5.82B,$0.54B,9.22%,$0.54B,$4.54B,12.01%,$0.54B,$4.54B,12.01%,$0.54B,$9.45B,5.50%,$0.65B,$7.76B,8.01%,$2028,$1576,$452,$0,$169,$1745,$283,$19,$302,$110,$192,$192,$192,$290,$283,$162,169,$1.20,$1.15,$715,$7281,$0,$8539,$190,$482,$0,$102,$906,$9445,$1292,$3220,$396,$3616,$4908,$2,$4474,$-2,$4537,$9445,$535,$25,$238,$264,$32,$130,$0,$164,$161,$960,$-29,$0,$-83,$31,$73,$104,$0,$-8,$-610,$0,$-610,$-225,$-225,$-39,$1,$-873,$79,$28,$-39
4,2017-07-31,38.25,$28.01,1.37,$32.66,1.17,$4.39,8.72,$2.69,14.22,$9.12B,$1.35B,6.76,$3.83B,$4.54B,0.84,$5.64B,$1.09B,19.26%,$5.64B,$0.50B,8.81%,$5.64B,$0.50B,8.81%,$5.64B,$0.52B,9.27%,$5.64B,$0.68B,12.07%,$5.64B,$0.46B,8.12%,$0.46B,$4.54B,10.44%,$0.46B,$4.54B,10.44%,$0.46B,$10.13B,4.67%,$0.50B,$8.37B,6.12%,$1503,$1176,$327,$0,$155,$1331,$172,$31,$204,$55,$149,$149,$149,$179,$172,$163,172,$0.91,$0.87,$947,$7634,$0,$9117,$179,$514,$0,$94,$1012,$10129,$1350,$3826,$414,$4241,$5590,$2,$4295,$-3,$4539,$10129,$344,$18,$71,$90,$47,$-229,$0,$235,$-25,$408,$-22,$0,$-85,$30,$20,$49,$0,$-58,$26,$0,$26,$-33,$-33,$-26,$-4,$-37,$312,$22,$-26
5,2017-04-30,35.6,$27.29,1.3,$31.23,1.14,$0.13,277.02,$2.43,14.65,$8.83B,$1.33B,6.63,$3.69B,$4.45B,0.83,$5.41B,$1.04B,19.21%,$5.41B,$0.47B,8.67%,$5.41B,$0.47B,8.67%,$5.41B,$0.49B,9.11%,$5.41B,$0.64B,11.85%,$5.41B,$0.41B,7.65%,$0.41B,$4.45B,9.63%,$0.41B,$4.45B,9.63%,$0.41B,$9.87B,4.30%,$0.47B,$8.15B,5.83%,$1364,$1077,$286,$0,$147,$1224,$139,$60,$199,$75,$125,$125,$125,$145,$139,$163,171,$0.76,$0.73,$692,$7603,$0,$8831,$173,$540,$0,$74,$1036,$9867,$1332,$3693,$388,$4081,$5413,$2,$4159,$-3,$4454,$9867,$195,$12,$44,$56,$56,$-190,$0,$228,$-8,$243,$-12,$0,$-85,$22,$-15,$6,$0,$-90,$-104,$0,$-104,$25,$25,$-13,$-3,$-95,$58,$16,$-13
6,2017-01-31,30.95,$26.59,1.16,$29.59,1.05,$-1.35,0.0,$2.21,14.0,$8.44B,$1.22B,6.92,$3.63B,$4.32B,0.84,$5.16B,$1.00B,19.33%,$5.16B,$0.45B,8.66%,$5.16B,$0.45B,8.66%,$5.16B,$0.47B,9.10%,$5.16B,$0.58B,11.27%,$5.16B,$0.38B,7.32%,$0.38B,$4.32B,8.95%,$0.38B,$4.32B,8.95%,$0.38B,$9.52B,4.02%,$0.45B,$7.95B,5.64%,$921,$733,$188,$0,$137,$870,$51,$59,$110,$39,$70,$70,$70,$57,$51,$163,170,$0.43,$0.42,$386,$7540,$0,$8439,$172,$602,$0,$58,$1078,$9517,$1219,$3632,$344,$3977,$5196,$2,$4048,$-3,$4321,$9517,$70,$6,$20,$26,$84,$-136,$0,$192,$-73,$24,$-6,$0,$-85,$20,$-67,$-47,$0,$-139,$-156,$0,$-156,$11,$11,$0,$0,$-146,$-260,$9,$0
7,2016-10-31,27.08,$26.18,1.03,$29.28,0.92,$-1.59,0.0,$2.19,12.37,$8.60B,$1.42B,6.07,$3.78B,$4.24B,0.89,$5.17B,$1.03B,19.85%,$5.17B,$0.49B,9.48%,$5.17B,$0.49B,9.48%,$5.17B,$0.51B,9.92%,$5.17B,$0.59B,11.39%,$5.17B,$0.38B,7.37%,$0.38B,$4.24B,9.11%,$0.38B,$4.24B,9.11%,$0.38B,$9.74B,4.13%,$0.49B,$8.01B,6.27%,$1855,$1570,$286,$0,$150,$1720,$135,$33,$168,$54,$114,$114,$114,$142,$135,$168,176,$0.68,$0.66,$665,$7354,$0,$8602,$170,$496,$0,$53,$1135,$9737,$1417,$3775,$309,$4085,$5502,$2,$3977,$-3,$4235,$9737,$382,$23,$23,$46,$-307,$-391,$0,$-112,$-279,$149,$-28,$0,$0,$58,$-22,$37,$0,$8,$-54,$0,$-54,$-386,$-386,$0,$-2,$-442,$-285,$27,$0
8,2016-07-31,27.64,$25.50,1.08,$26.52,1.04,$-2.00,0.0,$2.32,11.92,$8.35B,$1.01B,8.26,$3.88B,$4.18B,0.93,$4.75B,$1.06B,22.33%,$4.75B,$0.55B,11.60%,$4.75B,$0.55B,11.60%,$4.75B,$0.57B,12.06%,$4.75B,$0.64B,13.45%,$4.75B,$0.41B,8.71%,$0.41B,$4.18B,9.90%,$0.41B,$4.18B,9.90%,$0.41B,$9.41B,4.56%,$0.55B,$8.06B,7.05%,$1270,$991,$279,$0,$135,$1126,$144,$20,$164,$58,$105,$105,$105,$149,$144,$166,173,$0.64,$0.61,$395,$7671,$0,$8346,$149,$475,$0,$67,$1060,$9406,$1010,$3877,$338,$4215,$5226,$2,$3863,$-2,$4180,$9406,$268,$17,$12,$28,$-11,$-668,$0,$-29,$-621,$-325,$-23,$0,$0,$44,$-6,$38,$0,$14,$68,$0,$68,$-322,$-322,$0,$-3,$-256,$-567,$21,$0
9,2016-04-30,26.94,$24.85,1.08,$24.75,1.09,$-0.63,0.0,$2.07,13.02,$8.01B,$0.97B,8.28,$3.50B,$4.17B,0.84,$4.51B,$0.99B,21.86%,$4.51B,$0.49B,10.95%,$4.51B,$0.49B,10.95%,$4.51B,$0.52B,11.46%,$4.51B,$0.58B,12.90%,$4.51B,$0.38B,8.34%,$0.38B,$4.17B,9.02%,$0.38B,$4.17B,9.02%,$0.38B,$8.96B,4.23%,$0.49B,$7.67B,6.44%,$1116,$871,$245,$0,$128,$999,$117,$24,$140,$51,$89,$89,$89,$122,$117,$169,176,$0.53,$0.51,$452,$7285,$0,$8009,$137,$439,$0,$68,$956,$8964,$968,$3503,$328,$3832,$4799,$2,$3757,$-3,$4165,$8964,$162,$11,$14,$25,$11,$-290,$0,$19,$-203,$-16,$-7,$0,$0,$43,$7,$50,$0,$42,$-298,$0,$-298,$-225,$-225,$0,$1,$-522,$-496,$15,$0
10,2016-01-31,27.26,$24.37,1.12,$23.04,1.18,$-0.74,0.0,$1.93,14.12,$7.84B,$0.94B,8.37,$3.37B,$4.16B,0.81,$4.25B,$0.92B,21.54%,$4.25B,$0.44B,10.43%,$4.25B,$0.44B,10.43%,$4.25B,$0.47B,11.00%,$4.25B,$0.53B,12.46%,$4.25B,$0.36B,8.36%,$0.36B,$4.16B,8.57%,$0.36B,$4.16B,8.57%,$0.36B,$8.76B,4.04%,$0.44B,$7.53B,5.82%,$929,$712,$216,$0,$122,$834,$94,$22,$117,$44,$73,$73,$73,$100,$94,$174,182,$0.42,$0.40,$366,$7180,$0,$7839,$135,$463,$0,$58,$924,$8763,$936,$3370,$301,$3671,$4607,$2,$3668,$-3,$4156,$8763,$73,$6,$5,$11,$-10,$-173,$0,$52,$-107,$-23,$-2,$0,$0,$15,$3,$18,$0,$16,$-431,$0,$-431,$-145,$-145,$0,$1,$-576,$-583,$9,$0
11,2015-10-31,35.5,$24.18,1.47,$22.58,1.57,$-0.80,0.0,$1.97,18.02,$8.28B,$0.90B,9.16,$3.79B,$4.23B,0.9,$4.17B,$0.90B,21.63%,$4.17B,$0.45B,10.69%,$4.17B,$0.45B,10.69%,$4.17B,$0.47B,11.27%,$4.17B,$0.54B,12.85%,$4.17B,$0.36B,8.70%,$0.36B,$4.23B,8.87%,$0.36B,$4.23B,8.87%,$0.36B,$9.21B,4.17%,$0.45B,$8.02B,5.90%,$1437,$1116,$321,$0,$125,$1241,$196,$22,$218,$70,$147,$147,$147,$202,$196,$176,185,$0.84,$0.80,$946,$6998,$0,$8279,$137,$413,$0,$56,$927,$9207,$904,$3790,$284,$4075,$4978,$2,$3595,$-3,$4228,$9207,$363,$24,$91,$115,$-56,$-352,$0,$27,$-418,$60,$-9,$0,$0,$41,$-84,$-43,$0,$-53,$345,$0,$345,$-17,$-17,$0,$-2,$325,$333,$23,$0
12,2015-07-31,38.41,$23.42,1.64,$22.07,1.74,$0.53,72.27,$1.88,20.43,$7.69B,$0.88B,8.72,$3.32B,$4.13B,0.81,$4.09B,$0.87B,21.27%,$4.09B,$0.42B,10.23%,$4.09B,$0.42B,10.23%,$4.09B,$0.44B,10.82%,$4.09B,$0.51B,12.41%,$4.09B,$0.35B,8.52%,$0.35B,$4.13B,8.70%,$0.35B,$4.13B,8.70%,$0.35B,$8.63B,4.09%,$0.42B,$7.45B,5.67%,$1028,$824,$204,$0,$116,$941,$87,$20,$107,$41,$67,$67,$67,$93,$87,$177,185,$0.38,$0.36,$423,$6991,$0,$7689,$139,$394,$0,$48,$942,$8631,$882,$3323,$300,$3623,$4505,$2,$3448,$-3,$4126,$8631,$216,$18,$46,$64,$-32,$-350,$0,$44,$-391,$-111,$-7,$0,$0,$27,$-4,$23,$0,$15,$-127,$0,$-127,$29,$29,$0,$3,$-96,$-192,$18,$0
13,2015-04-30,35.08,$23.02,1.52,$22.18,1.58,$1.33,26.42,$2.05,17.11,$7.54B,$0.86B,8.8,$3.40B,$4.05B,0.84,$4.11B,$0.91B,22.00%,$4.11B,$0.46B,11.21%,$4.11B,$0.46B,11.21%,$4.11B,$0.48B,11.76%,$4.11B,$0.55B,13.39%,$4.11B,$0.38B,9.21%,$0.38B,$4.05B,9.67%,$0.38B,$4.05B,9.67%,$0.38B,$8.59B,4.49%,$0.46B,$7.46B,6.31%,$853,$679,$174,$0,$108,$786,$66,$20,$87,$19,$68,$68,$68,$72,$66,$176,185,$0.38,$0.37,$560,$6724,$0,$7543,$141,$533,$0,$44,$1044,$8588,$858,$3401,$275,$3676,$4534,$2,$3381,$-3,$4054,$8588,$149,$12,$24,$36,$-14,$-202,$0,$70,$-223,$-38,$-6,$0,$0,$19,$-17,$2,$0,$-4,$-44,$0,$-44,$27,$27,$0,$4,$-12,$-54,$13,$0
14,2015-01-31,34.17,$22.58,1.51,$22.18,1.54,$1.18,28.98,$2.03,16.83,$7.41B,$0.87B,8.56,$3.37B,$3.96B,0.85,$4.12B,$0.90B,21.91%,$4.12B,$0.46B,11.24%,$4.12B,$0.46B,11.24%,$4.12B,$0.49B,11.79%,$4.12B,$0.56B,13.52%,$4.12B,$0.38B,9.12%,$0.38B,$3.96B,9.81%,$0.38B,$3.96B,9.81%,$0.38B,$8.42B,4.50%,$0.46B,$7.33B,6.40%,$853,$650,$203,$0,$106,$756,$97,$27,$124,$43,$81,$81,$81,$103,$97,$176,184,$0.46,$0.44,$528,$6627,$0,$7406,$142,$535,$0,$31,$1015,$8422,$865,$3368,$226,$3594,$4459,$2,$3313,$-3,$3963,$8422,$81,$6,$3,$9,$-0,$-114,$0,$60,$-123,$-33,$-3,$0,$0,$7,$-12,$-5,$0,$-8,$-58,$0,$-58,$12,$12,$0,$2,$-44,$-85,$7,$0
15,2014-10-31,31.53,$22.06,1.43,$21.03,1.5,$0.00,0.0,$1.84,17.14,$7.34B,$0.93B,7.87,$3.38B,$3.86B,0.88,$3.91B,$0.83B,21.22%,$3.91B,$0.40B,10.17%,$3.91B,$0.40B,10.17%,$3.91B,$0.42B,10.74%,$3.91B,$0.50B,12.88%,$3.91B,$0.34B,8.72%,$0.34B,$3.86B,9.09%,$0.34B,$3.86B,9.09%,$0.34B,$8.40B,4.17%,$0.40B,$7.24B,5.62%,$1351,$1063,$288,$0,$120,$1183,$168,$21,$189,$57,$132,$132,$132,$174,$168,$178,186,$0.73,$0.71,$617,$6490,$0,$7340,$143,$521,$0,$42,$1058,$8398,$933,$3381,$224,$3605,$4538,$2,$3232,$-3,$3861,$8398,$340,$23,$57,$80,$-5,$-272,$0,$36,$-107,$313,$-15,$0,$-1489,$91,$-39,$52,$0,$-1452,$794,$0,$794,$158,$158,$0,$-0,$952,$-187,$22,$0
16,2014-07-31,32.26,$21.40,1.51,$19.63,1.64,$-4.95,0.0,$1.67,19.32,$7.26B,$0.89B,8.13,$3.38B,$3.81B,0.89,$3.61B,$0.76B,21.19%,$3.61B,$0.36B,9.96%,$3.61B,$0.36B,9.96%,$3.61B,$0.38B,10.57%,$3.61B,$0.47B,12.90%,$3.61B,$0.30B,8.43%,$0.30B,$3.81B,8.40%,$0.30B,$3.81B,8.40%,$0.30B,$8.33B,3.90%,$0.36B,$7.19B,5.33%,$1057,$817,$240,$0,$110,$927,$130,$22,$151,$54,$98,$98,$98,$135,$130,$178,187,$0.55,$0.53,$409,$6594,$0,$7255,$132,$527,$0,$56,$1077,$8332,$892,$3379,$254,$3633,$4525,$2,$3101,$-2,$3807,$8332,$209,$17,$38,$55,$-7,$-353,$0,$51,$-225,$39,$-10,$0,$-1489,$80,$-42,$37,$0,$-1461,$785,$0,$785,$247,$247,$0,$-7,$1024,$-398,$17,$0
17,2014-04-30,33.79,$20.83,1.62,$17.84,1.89,$-7.80,0.0,$1.40,24.14,$7.19B,$0.83B,8.67,$3.46B,$3.70B,0.93,$3.24B,$0.67B,20.63%,$3.24B,$0.28B,8.77%,$3.24B,$0.28B,8.77%,$3.24B,$0.31B,9.51%,$3.24B,$0.38B,11.80%,$3.24B,$0.25B,7.81%,$0.25B,$3.70B,7.29%,$0.25B,$3.70B,7.29%,$0.25B,$8.25B,3.42%,$0.28B,$7.16B,4.44%,$860,$688,$172,$0,$104,$792,$68,$25,$93,$28,$65,$65,$65,$74,$68,$178,186,$0.37,$0.35,$387,$6548,$0,$7185,$131,$537,$0,$54,$1060,$8245,$829,$3458,$255,$3713,$4542,$2,$3003,$-2,$3703,$8245,$111,$11,$27,$38,$-5,$-320,$0,$82,$-215,$-66,$-6,$0,$-1489,$61,$-42,$19,$0,$-1476,$883,$0,$883,$244,$244,$0,$-6,$1121,$-421,$12,$0
18,2014-01-31,36.27,$20.43,1.78,$16.12,2.25,$-10.03,0.0,$1.19,30.48,$6.71B,$0.78B,8.58,$3.13B,$3.63B,0.86,$2.89B,$0.59B,20.46%,$2.89B,$0.23B,8.02%,$2.89B,$0.23B,8.02%,$2.89B,$0.26B,8.88%,$2.89B,$0.33B,11.40%,$2.89B,$0.21B,7.36%,$0.21B,$3.63B,6.38%,$0.21B,$3.63B,6.38%,$0.21B,$7.76B,3.05%,$0.23B,$6.76B,3.86%,$644,$514,$130,$0,$98,$612,$32,$39,$71,$26,$46,$46,$46,$37,$32,$176,185,$0.26,$0.25,$1236,$5236,$0,$6711,$131,$529,$0,$46,$1049,$7760,$782,$3132,$219,$3351,$4133,$2,$2938,$-2,$3627,$7760,$46,$5,$3,$9,$-7,$-364,$0,$61,$-305,$-250,$-3,$0,$-161,$57,$-28,$29,$0,$-135,$568,$0,$568,$239,$239,$0,$-4,$803,$418,$8,$0
19,2013-10-31,32.45,$19.72,1.65,$15.11,2.15,$-10.47,0.0,$0.96,33.8,$5.74B,$0.77B,7.43,$2.50B,$3.34B,0.75,$2.68B,$0.54B,20.22%,$2.68B,$0.20B,7.51%,$2.68B,$0.20B,7.51%,$2.68B,$0.23B,8.49%,$2.68B,$0.27B,9.98%,$2.68B,$0.17B,6.39%,$0.17B,$3.34B,5.32%,$0.17B,$3.34B,5.32%,$0.17B,$6.83B,2.60%,$0.20B,$5.84B,3.56%,$1045,$822,$222,$0,$93,$916,$129,$21,$150,$55,$95,$95,$95,$135,$129,$169,178,$0.55,$0.54,$858,$4650,$0,$5737,$131,$512,$0,$47,$1090,$6827,$772,$2504,$213,$2716,$3488,$2,$2892,$-2,$3339,$6827,$171,$25,$66,$91,$-52,$-941,$0,$41,$-831,$-569,$-27,$0,$0,$383,$-24,$359,$0,$333,$206,$0,$206,$0,$0,$0,$24,$230,$-6,$19,$0
20,2013-07-31,32.44,$19.05,1.7,$12.96,2.5,$-8.20,0.0,$2.77,11.71,$5.75B,$0.75B,7.66,$2.59B,$3.22B,0.81,$2.26B,$0.45B,19.71%,$2.26B,$0.13B,5.52%,$2.26B,$0.13B,5.52%,$2.26B,$0.15B,6.67%,$2.26B,$0.18B,7.87%,$2.26B,$0.49B,21.52%,$0.49B,$3.22B,15.39%,$0.49B,$3.22B,15.39%,$0.49B,$6.79B,7.60%,$0.13B,$5.81B,2.26%,$689,$545,$144,$0,$89,$634,$55,$13,$68,$22,$47,$47,$47,$62,$55,$169,178,$0.28,$0.26,$1055,$4517,$0,$5747,$126,$472,$0,$49,$1040,$6788,$751,$2589,$231,$2821,$3571,$2,$2797,$-5,$3216,$6788,$76,$19,$53,$72,$-19,$-751,$0,$95,$-605,$-457,$-24,$0,$0,$302,$1,$303,$0,$279,$303,$0,$303,$-5,$-5,$0,$0,$298,$121,$14,$0
21,2013-04-30,33.86,$18.74,1.81,$12.34,2.74,$-6.92,0.0,$2.87,11.8,$5.50B,$0.70B,7.83,$2.48B,$3.17B,0.78,$2.13B,$0.41B,19.17%,$2.13B,$0.10B,4.75%,$2.13B,$0.10B,4.75%,$2.13B,$0.13B,5.92%,$2.13B,$0.15B,7.19%,$2.13B,$0.50B,23.59%,$0.50B,$3.17B,16.54%,$0.50B,$3.17B,16.54%,$0.50B,$6.56B,8.26%,$0.10B,$5.65B,1.92%,$516,$420,$96,$0,$80,$500,$16,$25,$41,$16,$25,$25,$25,$23,$16,$169,178,$0.15,$0.14,$970,$4367,$0,$5503,$125,$478,$0,$45,$1056,$6559,$703,$2477,$206,$2683,$3386,$2,$2751,$-5,$3172,$6559,$29,$13,$25,$38,$-15,$-617,$0,$81,$-512,$-445,$-20,$0,$0,$183,$3,$186,$0,$166,$196,$0,$196,$8,$8,$0,$0,$204,$-76,$10,$0
22,2013-01-31,36.96,$18.57,1.99,$11.66,3.17,$-5.95,0.0,$2.83,13.06,$5.14B,$0.66B,7.76,$2.16B,$3.14B,0.69,$1.99B,$0.38B,19.08%,$1.99B,$0.08B,4.23%,$1.99B,$0.08B,4.23%,$1.99B,$0.11B,5.39%,$1.99B,$0.13B,6.45%,$1.99B,$0.49B,24.87%,$0.49B,$3.14B,17.03%,$0.49B,$3.14B,17.03%,$0.49B,$6.12B,8.55%,$0.08B,$5.30B,1.69%,$425,$346,$79,$0,$78,$424,$1,$8,$8,$4,$4,$4,$4,$7,$1,$169,172,$0.03,$0.03,$827,$4155,$0,$5135,$113,$433,$0,$31,$983,$6118,$662,$2159,$157,$2315,$2977,$2,$2726,$-5,$3141,$6118,$4,$7,$5,$12,$-8,$-379,$0,$61,$-322,$-306,$-5,$0,$0,$-0,$10,$9,$0,$4,$-114,$0,$-114,$6,$6,$0,$0,$-108,$-410,$6,$0
23,2012-10-31,32.58,$18.55,1.76,$11.13,2.93,$-5.14,0.0,$2.79,11.68,$5.17B,$0.66B,7.87,$2.25B,$3.13B,0.72,$1.88B,$0.35B,18.59%,$1.88B,$0.06B,3.40%,$1.88B,$0.06B,3.40%,$1.88B,$0.09B,4.57%,$1.88B,$0.11B,6.05%,$1.88B,$0.49B,25.86%,$0.49B,$3.13B,17.60%,$0.49B,$3.13B,17.60%,$0.49B,$6.18B,8.86%,$0.06B,$5.38B,1.36%,$633,$506,$127,$0,$74,$580,$53,$8,$61,$-351,$411,$411,$411,$59,$53,$167,170,$2.46,$2.42,$1265,$3733,$0,$5171,$110,$426,$0,$30,$1010,$6181,$657,$2253,$143,$2396,$3053,$2,$2721,$-5,$3128,$6181,$487,$23,$-360,$-337,$8,$-196,$0,$-50,$-321,$-172,$-12,$0,$-145,$-225,$-179,$-404,$0,$-561,$566,$0,$566,$33,$33,$0,$6,$605,$-128,$16,$0
24,2012-07-31,28.79,$16.08,1.79,$9.95,2.89,$-3.80,0.0,$0.53,54.32,$4.84B,$0.65B,7.44,$1.96B,$2.70B,0.73,$1.68B,$0.29B,17.16%,$1.68B,$0.01B,0.54%,$1.68B,$0.01B,0.48%,$1.68B,$0.03B,1.85%,$1.68B,$0.07B,4.05%,$1.68B,$0.09B,5.42%,$0.09B,$2.70B,3.46%,$0.09B,$2.70B,3.46%,$0.09B,$5.46B,1.75%,$0.01B,$4.66B,0.20%,$554,$448,$106,$0,$75,$523,$31,$11,$43,$-19,$62,$62,$62,$37,$31,$168,170,$0.37,$0.36,$924,$3785,$0,$4842,$101,$410,$0,$31,$614,$5456,$651,$1962,$142,$2104,$2754,$2,$2310,$-3,$2702,$5456,$76,$17,$-3,$14,$-20,$-222,$0,$6,$-321,$-232,$-9,$0,$-145,$-63,$-163,$-225,$0,$-380,$282,$0,$282,$24,$24,$0,$0,$307,$-305,$12,$0
25,2012-04-30,25.07,$15.73,1.59,$9.02,2.78,$-2.15,0.0,$0.42,59.69,$4.89B,$0.66B,7.37,$1.94B,$2.63B,0.74,$1.52B,$0.24B,15.55%,$1.52B,$-0.03B,-2.11%,$1.52B,$-0.03B,-2.17%,$1.52B,$-0.01B,-0.59%,$1.52B,$0.03B,1.91%,$1.52B,$0.07B,4.68%,$0.07B,$2.63B,2.72%,$0.07B,$2.63B,2.72%,$0.07B,$5.37B,1.39%,$-0.03B,$4.57B,-0.74%,$374,$307,$67,$0,$68,$375,$-1,$17,$16,$-1,$17,$17,$17,$4,$-1,$167,169,$0.10,$0.10,$975,$3768,$0,$4887,$101,$296,$0,$31,$478,$5365,$663,$1941,$129,$2070,$2733,$2,$2248,$-3,$2632,$5365,$14,$11,$-3,$8,$-30,$-202,$0,$14,$-293,$-271,$-7,$0,$-145,$-4,$-54,$-58,$0,$-210,$267,$0,$267,$17,$17,$0,$0,$284,$-197,$9,$0
26,2012-01-31,21.52,$15.62,1.38,$8.72,2.47,$0.05,434.84,$0.20,107.62,$4.52B,$0.66B,6.88,$1.62B,$2.60B,0.62,$1.46B,$0.21B,14.48%,$1.46B,$-0.06B,-3.76%,$1.46B,$-0.06B,-3.83%,$1.46B,$-0.03B,-2.12%,$1.46B,$-0.02B,-1.23%,$1.46B,$0.03B,2.25%,$0.03B,$2.60B,1.27%,$0.03B,$2.60B,1.27%,$0.03B,$4.98B,0.65%,$-0.06B,$4.22B,-1.30%,$322,$272,$50,$0,$70,$341,$-19,$13,$-6,$-4,$-3,$-3,$-3,$-14,$-19,$166,166,$-0.02,$-0.02,$768,$3655,$0,$4521,$101,$290,$0,$25,$454,$4975,$657,$1617,$97,$1714,$2371,$2,$2231,$-4,$2604,$4975,$-3,$5,$4,$9,$12,$-108,$0,$1,$-169,$-162,$-3,$0,$-145,$66,$-56,$9,$0,$-139,$-39,$0,$-39,$9,$9,$0,$0,$-29,$-331,$6,$0
27,2011-10-31,17.21,$15.64,1.1,$8.77,1.96,$0.56,30.75,$0.24,71.72,$4.68B,$0.72B,6.47,$1.66B,$2.59B,0.64,$1.48B,$0.21B,14.50%,$1.48B,$-0.05B,-3.12%,$1.48B,$-0.05B,-3.12%,$1.48B,$-0.02B,-1.49%,$1.48B,$-0.03B,-1.96%,$1.48B,$0.04B,2.64%,$0.04B,$2.59B,1.51%,$0.04B,$2.59B,1.51%,$0.04B,$5.06B,0.77%,$-0.05B,$4.25B,-1.08%,$428,$363,$65,$0,$68,$429,$-2,$17,$15,$0,$15,$15,$15,$4,$-3,$167,168,$0.09,$0.09,$1160,$3417,$0,$4682,$100,$196,$0,$15,$373,$5055,$724,$1655,$84,$1739,$2463,$2,$2234,$-3,$2593,$5055,$40,$23,$77,$100,$-6,$-216,$0,$84,$-81,$59,$-15,$0,$0,$-108,$43,$-65,$0,$-80,$-90,$0,$-90,$-24,$-24,$0,$3,$-111,$-133,$12,$0
28,2011-07-31,19.7,$15.52,1.27,$8.66,2.27,$-0.61,0.0,$0.45,43.78,$4.73B,$0.72B,6.53,$1.65B,$2.62B,0.63,$1.45B,$0.19B,12.96%,$1.45B,$-0.06B,-3.86%,$1.45B,$-0.07B,-5.10%,$1.45B,$-0.03B,-2.21%,$1.45B,$-0.05B,-3.65%,$1.45B,$0.07B,5.10%,$0.07B,$2.62B,2.87%,$0.07B,$2.62B,2.87%,$0.07B,$5.08B,1.45%,$-0.06B,$4.26B,-1.32%,$394,$340,$54,$0,$65,$405,$-10,$14,$4,$-38,$42,$42,$42,$-3,$-10,$168,169,$0.25,$0.25,$1209,$3424,$0,$4729,$99,$187,$0,$16,$347,$5077,$724,$1645,$90,$1735,$2459,$2,$2219,$-0,$2618,$5077,$25,$17,$66,$83,$-3,$-208,$0,$102,$-62,$46,$-7,$0,$0,$-144,$26,$-117,$0,$-124,$-97,$0,$-97,$23,$23,$0,$3,$-71,$-149,$10,$0
29,2011-04-30,20.74,$15.31,1.35,$9.04,2.29,$-1.22,0.0,$0.36,57.6,$4.75B,$0.76B,6.23,$1.68B,$2.56B,0.66,$1.51B,$0.20B,13.17%,$1.51B,$-0.05B,-3.57%,$1.51B,$-0.07B,-4.37%,$1.51B,$-0.03B,-1.79%,$1.51B,$-0.06B,-3.71%,$1.51B,$0.06B,3.90%,$0.06B,$2.56B,2.32%,$0.06B,$2.56B,2.32%,$0.06B,$5.08B,1.14%,$-0.05B,$4.23B,-1.25%,$320,$276,$43,$0,$67,$344,$-24,$-7,$-31,$-11,$-21,$-21,$-21,$-18,$-24,$167,167,$-0.12,$-0.12,$1280,$3385,$0,$4752,$99,$185,$0,$18,$332,$5084,$762,$1675,$91,$1766,$2529,$2,$2177,$-0,$2555,$5084,$-17,$10,$55,$66,$7,$-154,$0,$110,$49,$98,$-5,$0,$0,$-144,$16,$-128,$0,$-134,$-60,$0,$-60,$4,$4,$0,$3,$-53,$-89,$8,$0
30,2011-01-31,19.98,$15.41,1.3,$9.01,2.22,$-3.14,0.0,$0.24,83.23,$4.75B,$0.75B,6.34,$1.67B,$2.57B,0.65,$1.50B,$0.16B,10.79%,$1.50B,$-0.09B,-5.99%,$1.50B,$-0.10B,-6.39%,$1.50B,$-0.06B,-3.86%,$1.50B,$-0.08B,-5.13%,$1.50B,$0.04B,2.66%,$0.04B,$2.57B,1.59%,$0.04B,$2.57B,1.59%,$0.04B,$5.06B,0.76%,$-0.09B,$4.24B,-2.05%,$334,$282,$52,$0,$61,$344,$-10,$-7,$-17,$-20,$3,$3,$3,$-5,$-9,$167,168,$0.02,$0.02,$1153,$3360,$0,$4745,$101,$158,$0,$17,$317,$5061,$748,$1668,$75,$1743,$2491,$2,$2198,$-0,$2570,$5061,$3,$4,$25,$29,$8,$-121,$0,$62,$-110,$-77,$-4,$0,$0,$-17,$6,$-10,$0,$-15,$-64,$0,$-64,$3,$3,$0,$0,$-61,$-152,$5,$0
31,2010-10-31,17.71,$15.38,1.15,$9.00,1.97,$-3.09,0.0,$-0.03,0.0,$4.78B,$0.82B,5.8,$1.71B,$2.56B,0.67,$1.50B,$0.12B,7.96%,$1.50B,$-0.15B,-9.70%,$1.50B,$-0.15B,-9.70%,$1.50B,$-0.11B,-7.16%,$1.50B,$-0.12B,-7.83%,$1.50B,$-0.00B,-0.27%,$-0.00B,$2.56B,-0.16%,$-0.00B,$2.56B,-0.16%,$-0.00B,$5.17B,-0.07%,$-0.15B,$4.27B,-3.25%,$403,$364,$39,$0,$69,$415,$-12,$3,$-9,$-60,$50,$50,$50,$-6,$-31,$166,166,$0.31,$0.31,$1298,$3242,$0,$4778,$80,$198,$0,$21,$393,$5172,$824,$1711,$77,$1788,$2613,$2,$2194,$-1,$2559,$5172,$-3,$20,$109,$129,$-3,$-140,$0,$-125,$-272,$-146,$-5,$0,$0,$-98,$-49,$-147,$0,$-151,$-483,$0,$-483,$7,$7,$0,$5,$-471,$-769,$12,$0
32,2010-07-31,17.13,$15.08,1.14,$9.58,1.79,$-0.44,0.0,$-1.01,0.0,$5.03B,$0.80B,6.3,$2.01B,$2.50B,0.8,$1.58B,$0.06B,3.86%,$1.58B,$-0.24B,-15.07%,$1.58B,$-0.21B,-13.49%,$1.58B,$-0.19B,-12.29%,$1.58B,$-0.22B,-13.62%,$1.58B,$-0.17B,-10.45%,$-0.17B,$2.50B,-6.63%,$-0.17B,$2.50B,-6.63%,$-0.17B,$5.40B,-2.99%,$-0.24B,$4.51B,-5.22%,$454,$390,$65,$0,$67,$462,$-8,$8,$1,$-26,$27,$27,$27,$2,$-2,$166,168,$0.16,$0.16,$1640,$3257,$0,$5033,$80,$193,$0,$25,$365,$5398,$799,$2011,$86,$2097,$2896,$2,$2144,$-3,$2502,$5398,$-54,$14,$97,$110,$8,$-142,$0,$-33,$-119,$-63,$-1,$0,$0,$-105,$-48,$-154,$0,$-155,$-166,$0,$-166,$7,$7,$0,$4,$-155,$-373,$9,$0
33,2010-04-30,22.27,$14.80,1.51,$9.73,2.29,$0.28,80.79,$-4.10,0.0,$5.16B,$0.90B,5.76,$2.05B,$2.45B,0.84,$1.59B,$-0.05B,-3.40%,$1.59B,$-0.35B,-22.01%,$1.59B,$-0.33B,-21.00%,$1.59B,$-0.31B,-19.67%,$1.59B,$-0.33B,-20.62%,$1.59B,$-0.66B,-41.87%,$-0.66B,$2.45B,-26.39%,$-0.66B,$2.45B,-26.39%,$-0.66B,$5.49B,-11.88%,$-0.35B,$4.50B,-7.56%,$311,$306,$6,$0,$60,$371,$-60,$8,$-52,$-11,$-40,$-40,$-40,$-49,$-54,$165,165,$-0.24,$-0.24,$1548,$3321,$0,$5161,$82,$170,$0,$29,$329,$5489,$896,$2052,$93,$2145,$3041,$2,$2117,$-3,$2448,$5489,$-81,$9,$79,$88,$3,$-193,$0,$-10,$-230,$-224,$-1,$0,$0,$-85,$-21,$-107,$0,$-108,$-121,$0,$-121,$4,$4,$0,$3,$-114,$-446,$7,$0
34,2010-01-31,18.23,$15.04,1.21,$10.32,1.77,$1.81,10.04,$-4.38,0.0,$5.25B,$0.88B,5.97,$2.07B,$2.49B,0.83,$1.67B,$-0.11B,-6.52%,$1.67B,$-0.42B,-25.10%,$1.67B,$-0.41B,-24.21%,$1.67B,$-0.38B,-22.89%,$1.67B,$-0.40B,-23.73%,$1.67B,$-0.71B,-42.26%,$-0.71B,$2.49B,-26.44%,$-0.71B,$2.49B,-26.44%,$-0.71B,$5.52B,-12.10%,$-0.42B,$4.56B,-8.62%,$327,$317,$9,$0,$67,$392,$-65,$9,$-57,$-16,$-41,$-41,$-41,$-54,$-58,$165,165,$-0.25,$-0.25,$1754,$3224,$0,$5252,$67,$154,$0,$15,$268,$5520,$880,$2072,$82,$2154,$3034,$2,$2157,$-3,$2486,$5520,$-41,$4,$35,$40,$3,$-52,$0,$8,$-71,$-72,$-0,$0,$0,$-85,$-4,$-90,$0,$-90,$-83,$0,$-83,$3,$3,$0,$3,$-77,$-240,$5,$0
35,2009-10-31,17.09,$15.28,1.12,$10.89,1.57,$1.88,9.11,$-4.68,0.0,$5.35B,$0.89B,5.99,$2.14B,$2.52B,0.85,$1.76B,$-0.20B,-11.11%,$1.76B,$-0.52B,-29.52%,$1.76B,$-0.51B,-29.00%,$1.76B,$-0.49B,-27.64%,$1.76B,$-0.50B,-28.32%,$1.76B,$-0.76B,-43.02%,$-0.76B,$2.52B,-26.56%,$-0.76B,$2.52B,-26.56%,$-0.76B,$5.63B,-12.50%,$-0.52B,$4.65B,-10.25%,$487,$506,$-19,$0,$79,$591,$-105,$-2,$-107,$5,$-111,$-111,$-111,$-93,$-99,$162,162,$-0.68,$-0.68,$1909,$3184,$0,$5350,$70,$153,$0,$18,$284,$5634,$894,$2135,$89,$2224,$3118,$2,$2198,$-3,$2516,$5634,$-756,$24,$879,$903,$20,$489,$0,$-40,$136,$283,$-3,$0,$0,$-101,$-28,$-129,$0,$-132,$-20,$0,$-20,$21,$21,$0,$23,$23,$174,$11,$0
36,2009-07-31,19.3,$16.20,1.19,$12.23,1.58,$5.30,3.64,$-4.49,0.0,$5.28B,$0.87B,6.07,$2.13B,$2.61B,0.82,$1.96B,$-0.16B,-7.91%,$1.96B,$-0.49B,-25.11%,$1.96B,$-0.49B,-24.96%,$1.96B,$-0.46B,-23.53%,$1.96B,$-0.50B,-25.32%,$1.96B,$-0.72B,-36.91%,$-0.72B,$2.61B,-23.91%,$-0.72B,$2.61B,-23.91%,$-0.72B,$5.72B,-11.51%,$-0.49B,$4.75B,-9.40%,$461,$512,$-50,$0,$72,$580,$-119,$8,$-111,$361,$-472,$-472,$-472,$-116,$-122,$161,161,$-2.93,$-2.93,$1658,$3475,$0,$5278,$74,$145,$0,$19,$441,$5719,$870,$2133,$98,$2236,$3106,$2,$2309,$0,$2613,$5719,$-644,$18,$650,$668,$30,$264,$0,$-40,$33,$57,$-2,$0,$0,$0,$-19,$-19,$0,$-21,$-20,$0,$-20,$5,$5,$0,$4,$-12,$24,$10,$0
37,2009-04-30,19.99,$19.13,1.05,$14.39,1.39,$9.10,2.2,$-1.74,0.0,$5.77B,$0.84B,6.85,$2.46B,$3.08B,0.8,$2.30B,$-0.05B,-2.05%,$2.30B,$-0.42B,-18.21%,$2.30B,$-0.41B,-17.95%,$2.30B,$-0.38B,-16.69%,$2.30B,$-0.44B,-19.17%,$2.30B,$-0.28B,-12.20%,$-0.28B,$3.08B,-8.76%,$-0.28B,$3.08B,-8.76%,$-0.28B,$6.49B,-4.27%,$-0.42B,$5.54B,-7.69%,$398,$448,$-49,$0,$77,$529,$-131,$9,$-122,$-39,$-83,$-83,$-83,$-120,$-126,$161,161,$-0.52,$-0.52,$1963,$3712,$0,$5771,$79,$148,$0,$17,$721,$6492,$843,$2461,$103,$2569,$3411,$2,$2782,$0,$3081,$6492,$-172,$12,$256,$268,$18,$154,$0,$-29,$-64,$31,$-2,$0,$0,$0,$-15,$-15,$0,$-17,$308,$0,$308,$4,$4,$0,$3,$315,$330,$7,$0
38,2009-01-31,16.8,$19.64,0.86,$17.07,0.98,$11.31,1.48,$-1.81,0.0,$5.57B,$0.94B,5.96,$2.11B,$3.16B,0.67,$2.72B,$-0.02B,-0.81%,$2.72B,$-0.42B,-15.47%,$2.72B,$-0.42B,-15.43%,$2.72B,$-0.39B,-14.33%,$2.72B,$-0.47B,-17.38%,$2.72B,$-0.29B,-10.72%,$-0.29B,$3.16B,-8.93%,$-0.29B,$3.16B,-8.93%,$-0.29B,$6.32B,-4.36%,$-0.42B,$5.27B,-7.70%,$409,$486,$-77,$0,$85,$572,$-163,$6,$-157,$-68,$-89,$-89,$-89,$-156,$-162,$161,161,$-0.55,$-0.55,$1534,$3933,$0,$5573,$84,$145,$0,$16,$749,$6322,$935,$2110,$112,$2225,$3160,$2,$2865,$0,$3162,$6322,$-89,$6,$115,$121,$6,$50,$0,$-24,$-91,$-59,$-2,$0,$0,$0,$-6,$-6,$0,$-8,$-40,$0,$-40,$4,$4,$0,$3,$-33,$-100,$6,$0
39,2008-10-31,22.82,$20.19,1.13,$19.87,1.15,$12.05,1.89,$-1.87,0.0,$5.88B,$1.08B,5.46,$2.14B,$3.24B,0.66,$3.15B,$0.03B,0.92%,$3.15B,$-0.40B,-12.83%,$3.15B,$-0.40B,-12.83%,$3.15B,$-0.37B,-11.85%,$3.15B,$-0.47B,-14.83%,$3.15B,$-0.30B,-9.47%,$-0.30B,$3.24B,-8.98%,$-0.30B,$3.24B,-8.98%,$-0.30B,$6.59B,-4.35%,$-0.40B,$5.38B,-7.27%,$691,$670,$21,$0,$97,$770,$-79,$-27,$-106,$-27,$-79,$-79,$-79,$-69,$-79,$159,159,$-0.50,$-0.50,$1633,$4127,$0,$5875,$86,$152,$0,$19,$712,$6587,$1076,$2138,$136,$2273,$3349,$2,$2954,$0,$3238,$6587,$-298,$32,$635,$667,$65,$663,$0,$-65,$458,$827,$-8,$0,$0,$-5,$-52,$-56,$0,$-65,$-71,$0,$-71,$16,$16,$0,$26,$-29,$733,$23,$0
40,2008-07-31,19.83,$20.79,0.95,$22.56,0.88,$8.82,2.25,$-1.90,0.0,$6.17B,$1.09B,5.66,$2.26B,$3.30B,0.69,$3.61B,$0.03B,0.83%,$3.61B,$-0.42B,-11.70%,$3.61B,$-0.42B,-11.70%,$3.61B,$-0.40B,-10.93%,$3.61B,$-0.48B,-13.34%,$3.61B,$-0.30B,-8.33%,$-0.30B,$3.30B,-8.87%,$-0.30B,$3.30B,-8.87%,$-0.30B,$6.84B,-4.29%,$-0.42B,$5.57B,-7.47%,$797,$739,$58,$0,$103,$842,$-45,$-9,$-55,$-26,$-29,$-29,$-29,$-38,$-45,$159,159,$-0.18,$-0.18,$1502,$4547,$0,$6173,$87,$142,$0,$21,$663,$6836,$1091,$2264,$171,$2443,$3534,$2,$3032,$-1,$3302,$6836,$-219,$21,$522,$543,$23,$500,$0,$9,$337,$661,$-4,$0,$0,$-10,$-44,$-54,$0,$-57,$-22,$0,$-22,$12,$12,$0,$9,$-1,$602,$20,$0
41,2008-04-30,22.34,$20.96,1.07,$24.92,0.9,$5.21,4.29,$-1.56,0.0,$6.20B,$1.15B,5.37,$2.27B,$3.33B,0.68,$4.03B,$0.11B,2.63%,$4.03B,$-0.38B,-9.33%,$4.03B,$-0.38B,-9.33%,$4.03B,$-0.35B,-8.61%,$4.03B,$-0.38B,-9.48%,$4.03B,$-0.25B,-6.11%,$-0.25B,$3.33B,-7.10%,$-0.25B,$3.33B,-7.10%,$-0.25B,$6.96B,-3.44%,$-0.38B,$5.60B,-6.54%,$818,$842,$-24,$0,$109,$951,$-133,$-21,$-154,$-60,$-94,$-94,$-94,$-126,$-133,$159,159,$-0.59,$-0.59,$1236,$4836,$0,$6200,$93,$197,$0,$27,$758,$6958,$1154,$2268,$202,$2478,$3632,$2,$3062,$-2,$3326,$6958,$-190,$14,$343,$357,$24,$315,$0,$16,$216,$384,$-4,$0,$0,$-14,$-35,$-49,$0,$-53,$-15,$0,$-15,$11,$11,$0,$8,$4,$336,$16,$0
42,2008-01-31,22.98,$21.54,1.07,$26.91,0.85,$2.23,10.28,$-0.75,0.0,$6.39B,$1.10B,5.8,$2.27B,$3.41B,0.67,$4.39B,$0.30B,6.77%,$4.39B,$-0.21B,-4.70%,$4.39B,$-0.21B,-4.70%,$4.39B,$-0.18B,-4.01%,$4.39B,$-0.17B,-3.85%,$4.39B,$-0.12B,-2.62%,$-0.12B,$3.41B,-3.27%,$-0.12B,$3.41B,-3.27%,$-0.12B,$7.02B,-1.58%,$-0.21B,$5.69B,-3.54%,$842,$868,$-26,$0,$121,$989,$-147,$-5,$-152,$-56,$-96,$-96,$-96,$-140,$-147,$158,158,$-0.61,$-0.61,$957,$5274,$0,$6385,$98,$157,$0,$32,$635,$7021,$1100,$2272,$227,$2507,$3607,$2,$3156,$-2,$3413,$7021,$-96,$7,$152,$159,$5,$80,$0,$6,$-3,$60,$-4,$0,$0,$0,$-6,$-6,$0,$-10,$-11,$0,$-11,$10,$10,$0,$7,$6,$56,$12,$0
43,2007-10-31,22.61,$22.47,1.01,$28.22,0.8,$1.14,19.81,$0.19,119.0,$6.66B,$1.16B,5.74,$2.27B,$3.53B,0.64,$4.64B,$0.52B,11.18%,$4.64B,$-0.01B,-0.17%,$4.64B,$-0.01B,-0.17%,$4.64B,$0.03B,0.71%,$4.64B,$0.07B,1.51%,$4.64B,$0.04B,0.76%,$0.04B,$3.53B,0.99%,$0.04B,$3.53B,0.99%,$0.04B,$7.22B,0.47%,$-0.01B,$5.79B,-0.14%,$1157,$1135,$22,$0,$120,$1256,$-98,$-23,$-121,$-39,$-82,$-82,$-82,$-91,$-98,$155,164,$-0.53,$-0.49,$900,$5573,$0,$6655,$84,$183,$0,$34,$565,$7220,$1159,$2266,$260,$2534,$3693,$2,$3299,$-0,$3527,$7220,$36,$40,$381,$421,$10,$-18,$0,$76,$-127,$330,$-15,$0,$32,$0,$8,$8,$0,$26,$-125,$0,$-125,$19,$19,$0,$18,$-88,$268,$27,$0
44,2007-07-31,21.64,$22.91,0.94,$32.15,0.67,$-1.79,0.0,$1.78,12.16,$6.90B,$1.19B,5.77,$2.34B,$3.59B,0.65,$5.29B,$0.90B,17.00%,$5.29B,$0.35B,6.60%,$5.29B,$0.35B,6.60%,$5.29B,$0.39B,7.41%,$5.29B,$0.48B,9.12%,$5.29B,$0.29B,5.50%,$0.29B,$3.59B,8.29%,$0.29B,$3.59B,8.29%,$0.29B,$7.43B,3.90%,$0.35B,$5.93B,5.98%,$1212,$1078,$134,$0,$132,$1210,$2,$43,$45,$19,$26,$26,$26,$10,$2,$156,164,$0.17,$0.16,$772,$5957,$0,$6897,$89,$240,$0,$43,$531,$7428,$1194,$2335,$301,$2644,$3838,$2,$3381,$0,$3589,$7428,$117,$33,$211,$244,$26,$-184,$0,$59,$-260,$102,$-14,$0,$32,$0,$15,$15,$0,$33,$-29,$0,$-29,$17,$17,$0,$17,$4,$139,$23,$0
45,2007-04-30,29.39,$22.91,1.28,$34.13,0.86,$-5.02,0.0,$2.69,10.93,$6.90B,$1.20B,5.73,$2.34B,$3.55B,0.66,$5.61B,$1.18B,21.07%,$5.61B,$0.62B,10.97%,$5.61B,$0.62B,10.97%,$5.61B,$0.66B,11.74%,$5.61B,$0.72B,12.88%,$5.61B,$0.44B,7.85%,$0.44B,$3.55B,12.85%,$0.44B,$3.55B,12.85%,$0.44B,$7.42B,5.91%,$0.62B,$5.89B,10.72%,$1175,$1007,$167,$0,$130,$1138,$37,$23,$59,$23,$37,$37,$37,$45,$37,$155,164,$0.24,$0.22,$553,$6137,$0,$6901,$93,$234,$0,$50,$523,$7424,$1204,$2340,$326,$2674,$3878,$2,$3354,$0,$3546,$7424,$91,$26,$152,$177,$14,$-238,$0,$46,$-352,$-83,$-12,$0,$16,$0,$3,$3,$0,$7,$-8,$0,$-8,$3,$3,$0,$2,$-3,$-79,$18,$0
46,2007-01-31,33.39,$22.62,1.48,$35.69,0.94,$-6.87,0.0,$3.53,9.46,$6.94B,$1.30B,5.35,$2.27B,$3.50B,0.65,$5.87B,$1.42B,24.12%,$5.87B,$0.84B,14.28%,$5.87B,$0.84B,14.28%,$5.87B,$0.88B,15.02%,$5.87B,$0.95B,16.14%,$5.87B,$0.58B,9.84%,$0.58B,$3.50B,17.46%,$0.58B,$3.50B,17.46%,$0.58B,$7.42B,7.86%,$0.84B,$5.77B,15.00%,$1091,$896,$195,$0,$134,$1039,$51,$36,$87,$33,$54,$54,$54,$69,$51,$154,164,$0.35,$0.33,$449,$6182,$0,$6942,$94,$251,$0,$51,$475,$7417,$1299,$2268,$345,$2621,$3919,$2,$3318,$0,$3498,$7417,$54,$17,$59,$76,$6,$-187,$0,$38,$-245,$-114,$-7,$0,$16,$0,$-8,$-8,$0,$1,$-78,$0,$-78,$3,$3,$0,$5,$-71,$-183,$13,$0
47,2006-10-31,28.53,$22.20,1.29,$37.07,0.77,$-7.09,0.0,$4.18,6.83,$7.06B,$1.45B,4.86,$2.35B,$3.42B,0.69,$6.12B,$1.60B,26.11%,$6.12B,$1.03B,16.75%,$6.12B,$1.03B,16.75%,$6.12B,$1.06B,17.28%,$6.12B,$1.13B,18.40%,$6.12B,$0.69B,11.23%,$0.69B,$3.42B,21.69%,$0.69B,$3.42B,21.69%,$0.69B,$7.58B,9.64%,$1.03B,$5.76B,19.11%,$1809,$1406,$403,$0,$144,$1550,$259,$32,$291,$117,$174,$174,$174,$268,$259,$154,165,$1.12,$1.06,$633,$6096,$0,$7059,$99,$246,$0,$50,$525,$7584,$1452,$2348,$360,$2716,$4168,$2,$3263,$0,$3416,$7584,$687,$32,$134,$166,$-148,$-878,$0,$-67,$-978,$-124,$-42,$0,$-45,$0,$-68,$-68,$0,$-155,$297,$0,$297,$-95,$-95,$0,$20,$222,$-57,$27,$0
