,Date,Stock Price,Book Value per Share,Price to Book Ratio,TTM Sales per Share,Price to Sales Ratio,TTM FCF per Share,Price to FCF Ratio,TTM Net EPS,PE Ratio,Current Assets,Current Liabilities,Current Ratio,Long Term Debt,Shareholder's Equity_x,Debt to Equity Ratio,TTM Revenue_x,TTM Gross Profit,Gross Margin,TTM Revenue_y,TTM Operating Income,Operating Margin,TTM Revenue_x,TTM EBIT,EBIT Margin,TTM Revenue_y,TTM EBITDA,EBITDA Margin,TTM Revenue_x,TTM Pre-Tax Income,Pre-Tax Margin,TTM Revenue_y,TTM Net Income_x,Net Margin,TTM Net Income_y,Shareholder's Equity_y,Return on Equity,TTM Net Income_x,Tangible Equity,Return on Tangible Equity,TTM Net Income_y,Total Assets,Return on Assets,TTM Net Income,LT Investments & Debt,Return on Investment,revenue,cost-goods-sold,gross-profit,research-development-expenses,selling-general-administrative-expenses,operating-expenses,operating-income,total-non-operating-income-expense,pre-tax-income,total-provision-income-taxes,income-after-taxes,income-from-continuous-operations,net-income,ebitda,ebit,basic-shares-outstanding,shares-outstanding,eps-basic-net-earnings-per-share,eps-earnings-per-share-diluted,cash-on-hand,inventory,other-current-assets,total-current-assets,net-property-plant-equipment,long-term-investments,goodwill-intangible-assets-total,other-long-term-assets,total-long-term-assets,total-assets,total-current-liabilities,long-term-debt,other-non-current-liabilities,total-long-term-liabilities,total-liabilities,common-stock-net,retained-earnings-accumulated-deficit,comprehensive-income,total-share-holder-equity,total-liabilities-share-holders-equity,net-income-loss,total-depreciation-amortization-cash-flow,other-non-cash-items,total-non-cash-items,change-in-accounts-receivable,change-in-inventories,change-in-accounts-payable,change-in-assets-liabilities,total-change-in-assets-liabilities,cash-flow-from-operating-activities,net-change-in-property-plant-equipment,net-change-in-intangible-assets,net-acquisitions-divestitures,net-change-in-short-term-investments,net-change-in-long-term-investments,net-change-in-investments-total,investing-activities-other,cash-flow-from-investing-activities,net-long-term-debt,net-current-debt,debt-issuance-retirement-net-total,net-common-equity-issued-repurchased,net-total-equity-issued-repurchased,total-common-preferred-stock-dividends-paid,financial-activities-other,cash-flow-from-financial-activities,net-cash-flow,stock-based-compensation,common-stock-dividends-paid
0,2018-09-30,2.34,$3.43,0.68,$3.55,0.66,$-1.95,0.0,$-0.49,0.0,$0.47B,$0.89B,0.52,$2.63B,$1.03B,2.57,$1.27B,$0.70B,55.17%,$1.27B,$-0.00B,0.00%,$1.27B,$-0.00B,0.00%,$1.27B,$0.35B,27.55%,$1.27B,$-0.16B,-12.71%,$1.27B,$-0.18B,-13.97%,$-0.18B,$1.41B,-11.82%,$-0.18B,$1.28B,-12.94%,$-0.18B,$5.37B,-3.20%,$-0.00B,$4.04B,0.00%,$328,$144,$183,$0,$15,$266,$62,$-89,$-27,$12,$-39,$-39,$-46,$145,$62,$410,410,$-0.11,$-0.11,$210,$0,$70,$467,$4312,$207,$129,$176,$4901,$5368,$894,$2633,$432,$3065,$3959,$829,$0,$6,$1409,$5368,$-192,$267,$84,$352,$0,$0,$0,$-85,$-85,$75,$-193,$0,$25,$5,$-2,$3,$0,$-165,$-13,$0,$-13,$0,$120,$0,$-57,$50,$-41,$0,$0
1,2018-06-30,2.63,$3.57,0.74,$4.25,0.62,$-2.00,0.0,$-2.15,0.0,$0.50B,$0.81B,0.61,$2.49B,$0.20B,12.48,$1.21B,$0.68B,55.89%,$1.21B,$-0.34B,-27.70%,$1.21B,$-0.34B,-27.70%,$1.21B,$0.00B,0.16%,$1.21B,$-0.45B,-37.26%,$1.21B,$-0.45B,-37.43%,$-0.45B,$1.46B,-30.02%,$-0.45B,$1.33B,-32.82%,$-0.45B,$5.43B,-8.12%,$-0.34B,$3.96B,-8.51%,$320,$147,$174,$0,$18,$452,$-132,$-36,$-168,$1,$-168,$-168,$-175,$-40,$-132,$410,410,$-0.43,$-0.43,$254,$0,$70,$495,$4388,$195,$129,$177,$4930,$5426,$814,$2493,$656,$3148,$3962,$0,$0,$6,$1463,$5426,$-152,$184,$116,$300,$0,$0,$0,$-70,$-70,$77,$-150,$0,$25,$3,$-2,$1,$0,$-123,$-159,$0,$-159,$0,$120,$0,$89,$49,$3,$0,$0
2,2018-03-31,2.25,$4.00,0.56,$5.22,0.43,$-1.35,0.0,$-1.93,0.0,$0.47B,$1.09B,0.43,$2.43B,$1.26B,1.93,$1.16B,$0.66B,56.91%,$1.16B,$-0.16B,-13.64%,$1.16B,$-0.16B,-13.64%,$1.16B,$0.16B,13.73%,$1.16B,$-0.30B,-25.91%,$1.16B,$-0.31B,-26.86%,$-0.31B,$1.64B,-20.82%,$-0.31B,$1.51B,-22.80%,$-0.31B,$5.67B,-5.51%,$-0.16B,$4.07B,-4.08%,$323,$150,$173,$0,$18,$304,$19,$2,$22,$6,$16,$24,$16,$111,$19,$410,475,$0.04,$0.04,$242,$0,$50,$466,$4457,$187,$129,$186,$5209,$5674,$1087,$2425,$520,$2945,$4032,$1059,$0,$3,$1642,$5674,$16,$91,$-34,$57,$0,$0,$0,$-44,$-44,$29,$-146,$0,$25,$1,$0,$1,$0,$-119,$-18,$0,$-18,$0,$120,$0,$-20,$81,$-9,$0,$0
3,2017-12-31,2.33,$3.59,0.65,$6.38,0.37,$-0.82,0.0,$-1.92,0.0,$0.51B,$1.05B,0.49,$2.53B,$1.21B,2.1,$1.11B,$0.66B,59.23%,$1.11B,$-0.12B,-10.53%,$1.11B,$-0.12B,-10.53%,$1.11B,$0.18B,16.20%,$1.11B,$-0.30B,-26.91%,$1.11B,$-0.32B,-28.89%,$-0.32B,$1.47B,-22.33%,$-0.32B,$1.34B,-24.55%,$-0.32B,$5.64B,-5.71%,$-0.12B,$4.01B,-3.05%,$296,$127,$169,$0,$14,$245,$51,$-39,$12,$-4,$16,$18,$28,$133,$51,$221,230,$0.49,$0.50,$250,$0,$67,$510,$4399,$170,$129,$113,$5128,$5638,$1050,$2534,$580,$3114,$4164,$1004,$0,$-1,$1474,$5638,$-299,$297,$207,$504,$-55,$0,$0,$45,$30,$235,$-520,$0,$0,$6,$-26,$-20,$0,$-540,$-83,$0,$-83,$641,$391,$0,$-8,$300,$-5,$0,$0
4,2017-09-30,2.34,$3.59,0.65,$7.30,0.32,$1.46,1.61,$-1.50,0.0,$0.69B,$1.29B,0.54,$2.29B,$1.20B,1.9,$1.09B,$0.66B,60.18%,$1.09B,$-0.11B,-10.18%,$1.09B,$-0.11B,-10.18%,$1.09B,$0.18B,16.24%,$1.09B,$-0.20B,-18.62%,$1.09B,$-0.29B,-26.51%,$-0.29B,$1.47B,-20.33%,$-0.29B,$1.34B,-22.37%,$-0.29B,$5.62B,-5.12%,$-0.11B,$3.76B,-2.90%,$274,$112,$162,$0,$20,$547,$-274,$-44,$-318,$2,$-320,$-320,$-323,$-202,$-274,$171,182,$-1.77,$-1.79,$450,$0,$74,$689,$3826,$182,$129,$86,$4935,$5624,$1285,$2289,$537,$2869,$4154,$1000,$0,$-3,$1471,$5624,$-315,$215,$229,$444,$0,$0,$0,$68,$68,$196,$-258,$0,$0,$4,$-24,$-20,$0,$-278,$-137,$0,$-137,$641,$391,$0,$-71,$183,$102,$0,$0
5,2017-06-30,2.81,$9.02,0.31,$7.61,0.37,$2.37,1.19,$0.49,5.74,$0.51B,$1.26B,0.41,$2.25B,$0.85B,2.66,$1.10B,$0.67B,60.34%,$1.10B,$0.23B,20.42%,$1.10B,$0.23B,20.42%,$1.10B,$0.51B,46.46%,$1.10B,$0.17B,15.15%,$1.10B,$0.07B,6.26%,$0.07B,$1.39B,5.00%,$0.07B,$1.26B,5.52%,$0.07B,$5.62B,1.22%,$0.23B,$3.64B,5.81%,$265,$110,$155,$0,$13,$219,$46,$-62,$-16,$0,$-16,$-16,$-32,$117,$46,$151,151,$-0.21,$-0.21,$315,$0,$51,$512,$3997,$167,$129,$95,$5110,$5622,$1261,$2253,$675,$2973,$4235,$757,$0,$-3,$1388,$5622,$5,$143,$28,$171,$0,$0,$0,$15,$15,$191,$-119,$0,$0,$3,$-12,$-9,$0,$-128,$-56,$0,$-56,$1,$1,$0,$-38,$-93,$-30,$0,$0
6,2017-03-31,4.86,$9.46,0.51,$8.50,0.57,$3.02,1.61,$-0.25,0.0,$0.50B,$0.98B,0.52,$2.50B,$0.88B,2.85,$1.12B,$0.69B,61.20%,$1.12B,$0.20B,18.11%,$1.12B,$0.20B,18.11%,$1.12B,$0.49B,43.71%,$1.12B,$0.08B,7.23%,$1.12B,$-0.01B,-0.89%,$-0.01B,$1.42B,-0.74%,$-0.01B,$1.29B,-0.82%,$-0.01B,$5.62B,-0.18%,$0.20B,$3.92B,5.15%,$276,$104,$172,$0,$15,$216,$60,$-38,$23,$1,$21,$19,$6,$132,$60,$149,150,$0.04,$0.04,$293,$0,$48,$504,$4012,$168,$129,$100,$5113,$5617,$977,$2500,$676,$3224,$4201,$787,$0,$-1,$1416,$5617,$21,$72,$-5,$67,$0,$0,$0,$10,$10,$98,$-55,$0,$0,$2,$-7,$-6,$0,$-61,$-67,$0,$-67,$0,$0,$0,$-19,$-86,$-49,$0,$0
7,2016-12-31,4.76,$9.56,0.5,$9.52,0.5,$4.19,1.14,$-0.31,0.0,$0.57B,$0.97B,0.59,$2.60B,$0.87B,2.98,$1.15B,$0.71B,61.37%,$1.15B,$0.23B,20.05%,$1.15B,$0.23B,20.05%,$1.15B,$0.52B,44.97%,$1.15B,$0.05B,4.60%,$1.15B,$-0.03B,-2.69%,$-0.03B,$1.41B,-2.41%,$-0.03B,$1.28B,-2.67%,$-0.03B,$5.72B,-0.54%,$0.23B,$4.01B,5.88%,$275,$108,$167,$0,$13,$218,$57,$51,$108,$11,$96,$99,$60,$130,$57,$125,125,$0.67,$0.70,$324,$0,$106,$570,$4085,$155,$129,$123,$5149,$5719,$968,$2596,$694,$3341,$4309,$784,$0,$-1,$1410,$5719,$44,$287,$-52,$235,$35,$0,$0,$1,$74,$354,$-225,$0,$0,$-0,$-55,$-55,$0,$-280,$-175,$0,$-175,$135,$235,$0,$-165,$-105,$-31,$0,$0
8,2016-09-30,5.83,$9.14,0.64,$10.49,0.56,$0.49,11.79,$-0.31,0.0,$0.55B,$0.94B,0.59,$2.62B,$0.77B,3.4,$1.22B,$0.74B,61.18%,$1.22B,$0.22B,18.09%,$1.22B,$0.22B,18.09%,$1.22B,$0.50B,41.37%,$1.22B,$-0.02B,-1.97%,$1.22B,$-0.06B,-4.85%,$-0.06B,$1.31B,-4.76%,$-0.06B,$1.18B,-5.31%,$-0.06B,$5.71B,-1.03%,$0.22B,$3.93B,5.57%,$286,$116,$171,$0,$15,$225,$62,$-9,$52,$2,$51,$48,$35,$133,$62,$139,158,$0.25,$0.22,$260,$0,$118,$554,$4169,$141,$129,$108,$5157,$5711,$940,$2620,$786,$3464,$4404,$697,$0,$-17,$1307,$5711,$-52,$214,$44,$258,$0,$0,$0,$68,$68,$274,$-183,$0,$0,$-1,$-53,$-54,$0,$-237,$-229,$0,$-229,$125,$225,$0,$-69,$-73,$-36,$0,$0
9,2016-06-30,5.38,$9.11,0.59,$11.75,0.46,$-2.74,0.0,$-1.22,0.0,$0.68B,$0.97B,0.7,$2.67B,$0.72B,3.72,$1.24B,$0.76B,61.41%,$1.24B,$0.23B,18.49%,$1.24B,$0.23B,18.49%,$1.24B,$0.51B,41.08%,$1.24B,$-0.13B,-10.69%,$1.24B,$-0.17B,-13.26%,$-0.17B,$1.25B,-13.47%,$-0.17B,$1.12B,-15.07%,$-0.17B,$5.78B,-2.87%,$0.23B,$3.92B,5.74%,$284,$108,$176,$0,$14,$260,$24,$-126,$-102,$-1,$-100,$-100,$-111,$95,$24,$108,108,$-1.03,$-1.03,$395,$0,$96,$675,$4179,$133,$129,$117,$5108,$5782,$970,$2667,$834,$3560,$4530,$645,$0,$-19,$1252,$5782,$-103,$143,$100,$242,$0,$0,$0,$32,$32,$172,$-51,$0,$0,$-2,$-53,$-54,$0,$-105,$-122,$0,$-122,$103,$203,$0,$-25,$56,$122,$0,$0
10,2016-03-31,5.05,$11.05,0.46,$12.48,0.4,$-5.94,0.0,$0.86,5.87,$0.60B,$1.14B,0.53,$2.68B,$0.66B,4.03,$1.27B,$0.78B,61.68%,$1.27B,$0.30B,23.76%,$1.27B,$0.30B,23.76%,$1.27B,$0.58B,45.71%,$1.27B,$0.09B,7.24%,$1.27B,$0.04B,3.07%,$0.04B,$1.18B,3.43%,$0.04B,$1.05B,3.87%,$0.04B,$5.65B,0.72%,$0.30B,$3.86B,7.94%,$307,$114,$193,$0,$14,$218,$88,$-94,$-5,$-3,$-3,$-3,$-15,$160,$88,$107,107,$-0.14,$-0.14,$349,$0,$79,$598,$4250,$80,$129,$92,$5053,$5652,$1139,$2675,$592,$3330,$4469,$604,$0,$-13,$1183,$5652,$-3,$72,$3,$75,$0,$0,$0,$53,$53,$125,$30,$0,$0,$1,$2,$3,$0,$34,$-96,$0,$-96,$0,$0,$0,$15,$-82,$77,$0,$0
11,2015-12-31,5.62,$11.41,0.49,$12.48,0.45,$-9.47,0.0,$0.69,8.14,$0.66B,$1.17B,0.57,$2.88B,$0.70B,4.11,$1.23B,$0.75B,61.35%,$1.23B,$0.28B,23.03%,$1.23B,$0.28B,23.03%,$1.23B,$0.55B,44.34%,$1.23B,$0.08B,6.35%,$1.23B,$0.03B,2.44%,$0.03B,$1.22B,2.93%,$0.03B,$1.09B,3.36%,$0.03B,$5.74B,0.59%,$0.28B,$4.10B,7.86%,$339,$136,$204,$0,$14,$293,$46,$-15,$31,$-16,$47,$47,$32,$115,$46,$107,107,$0.30,$0.30,$316,$0,$157,$661,$4349,$89,$129,$91,$5083,$5744,$1165,$2879,$414,$3359,$4524,$629,$0,$1,$1220,$5744,$100,$262,$-17,$245,$-24,$0,$0,$74,$26,$371,$-656,$0,$30,$5,$-18,$-13,$0,$-638,$320,$0,$320,$10,$385,$0,$-432,$273,$6,$0,$0
12,2015-09-30,12.08,$11.64,1.04,$12.33,0.98,$-6.79,0.0,$0.05,241.52,$0.57B,$1.09B,0.52,$2.91B,$0.72B,4.02,$1.15B,$0.70B,61.04%,$1.15B,$0.31B,27.13%,$1.15B,$0.31B,27.13%,$1.15B,$0.55B,48.17%,$1.15B,$0.03B,2.52%,$1.15B,$-0.03B,-2.78%,$-0.03B,$1.25B,-3.47%,$-0.03B,$1.11B,-4.06%,$-0.03B,$5.86B,-0.70%,$0.31B,$4.16B,9.42%,$314,$123,$191,$0,$27,$243,$72,$-128,$-57,$-5,$-51,$-55,$-71,$141,$72,$102,102,$-0.69,$-0.69,$297,$0,$70,$565,$4580,$83,$134,$153,$5292,$5857,$1090,$2911,$539,$3521,$4612,$641,$0,$-1,$1245,$5857,$53,$193,$-14,$179,$0,$0,$0,$51,$51,$283,$-554,$0,$0,$4,$-4,$0,$0,$-554,$212,$0,$212,$9,$384,$0,$-327,$270,$-1,$0,$0
13,2015-06-30,16.52,$0.00,0.0,$12.27,1.35,$-4.80,0.0,$0.99,16.69,$0.53B,$0.89B,0.6,$2.20B,$0.64B,3.44,$1.09B,$0.65B,59.32%,$1.09B,$0.30B,27.70%,$1.09B,$0.30B,27.70%,$1.09B,$0.52B,47.71%,$1.09B,$0.12B,10.79%,$1.09B,$0.06B,5.48%,$0.06B,$0.91B,7.62%,$0.06B,$0.77B,9.18%,$0.06B,$4.37B,1.46%,$0.30B,$3.10B,10.09%,$311,$116,$196,$0,$16,$215,$96,$27,$123,$-0,$123,$120,$93,$165,$96,$92,92,$1.01,$1.01,$322,$0,$58,$531,$3275,$89,$135,$80,$3836,$4367,$889,$2195,$296,$2571,$3460,$561,$0,$0,$906,$4367,$105,$123,$-60,$63,$0,$0,$0,$49,$49,$217,$-409,$0,$0,$2,$-0,$2,$-42,$-449,$211,$0,$211,$0,$125,$0,$-98,$238,$6,$0,$0
14,2015-03-31,16.83,$7.91,2.13,$11.73,1.44,$-3.37,0.0,$-0.28,0.0,$0.51B,$0.79B,0.64,$2.31B,$0.59B,3.94,$1.02B,$0.58B,56.64%,$1.02B,$0.26B,25.68%,$1.02B,$0.26B,25.68%,$1.02B,$0.46B,44.82%,$1.02B,$-0.01B,-0.88%,$1.02B,$-0.05B,-4.39%,$-0.05B,$0.73B,-6.03%,$-0.05B,$0.60B,-7.36%,$-0.05B,$4.26B,-1.13%,$0.26B,$3.04B,8.87%,$265,$102,$163,$0,$15,$196,$69,$-88,$-19,$-0,$-19,$-19,$-24,$124,$69,$92,92,$-0.26,$-0.26,$353,$0,$43,$510,$3077,$80,$135,$55,$3747,$4258,$792,$2312,$338,$2735,$3527,$517,$0,$0,$731,$4258,$-19,$55,$61,$116,$0,$0,$0,$23,$23,$121,$-312,$0,$0,$1,$0,$1,$-34,$-345,$300,$0,$300,$0,$0,$0,$-40,$261,$37,$0,$0
15,2014-12-31,20.84,$8.69,2.4,$11.89,1.75,$-1.85,0.0,$-0.00,0.0,$0.45B,$0.57B,0.79,$2.15B,$0.66B,3.27,$1.02B,$0.56B,54.52%,$1.02B,$0.26B,25.15%,$1.02B,$0.26B,25.15%,$1.02B,$0.44B,43.52%,$1.02B,$0.02B,1.96%,$1.02B,$-0.02B,-1.96%,$-0.02B,$0.80B,-2.63%,$-0.02B,$0.67B,-3.21%,$-0.02B,$3.92B,-0.51%,$0.26B,$2.95B,9.03%,$260,$108,$152,$0,$21,$185,$75,$-93,$-18,$-1,$-18,$-14,$-30,$124,$75,$86,86,$-0.34,$-0.34,$262,$0,$54,$450,$3011,$72,$129,$77,$3468,$3918,$573,$2151,$302,$2542,$3115,$589,$0,$0,$803,$3918,$18,$186,$68,$254,$73,$0,$0,$-97,$-111,$160,$-159,$0,$2,$5,$-18,$-13,$0,$-170,$127,$0,$127,$186,$186,$0,$-271,$42,$33,$0,$0
16,2014-09-30,25.64,$8.26,3.1,$12.02,2.13,$-3.95,0.0,$0.62,41.36,$0.48B,$0.68B,0.7,$2.21B,$0.56B,3.93,$1.02B,$0.54B,53.29%,$1.02B,$0.23B,22.08%,$1.02B,$0.23B,22.08%,$1.02B,$0.41B,40.43%,$1.02B,$0.08B,7.46%,$1.02B,$0.04B,4.32%,$0.04B,$0.71B,5.76%,$0.04B,$0.57B,7.02%,$0.04B,$3.91B,1.14%,$0.23B,$2.92B,8.36%,$258,$120,$138,$0,$14,$196,$63,$-31,$32,$1,$30,$29,$21,$109,$63,$86,86,$0.25,$0.25,$230,$0,$65,$476,$2942,$132,$137,$60,$3431,$3907,$682,$2212,$209,$2517,$3199,$499,$0,$0,$708,$3907,$35,$137,$17,$154,$0,$0,$0,$-105,$-105,$84,$-141,$0,$2,$4,$0,$4,$-6,$-141,$216,$0,$216,$8,$8,$0,$-161,$63,$5,$0,$0
17,2014-06-30,27.13,$0.00,0.0,$11.82,2.29,$-4.87,0.0,$0.06,452.08,$0.51B,$0.65B,0.77,$2.20B,$0.60B,3.69,$1.00B,$0.52B,52.46%,$1.00B,$0.14B,14.44%,$1.00B,$0.14B,14.44%,$1.00B,$0.33B,33.40%,$1.00B,$0.00B,0.00%,$1.00B,$-0.01B,-0.80%,$-0.01B,$0.74B,-1.03%,$-0.01B,$0.61B,-1.25%,$-0.01B,$3.88B,-0.21%,$0.14B,$2.95B,5.45%,$241,$114,$127,$0,$18,$185,$56,$-60,$-4,$0,$-4,$-4,$-12,$102,$56,$86,86,$-0.14,$-0.14,$257,$0,$61,$505,$2931,$132,$138,$51,$3375,$3879,$653,$2204,$182,$2484,$3136,$524,$0,$0,$743,$3879,$5,$91,$38,$128,$0,$0,$0,$-97,$-97,$37,$-92,$0,$-2,$3,$0,$3,$0,$-92,$177,$0,$177,$8,$8,$0,$-97,$87,$32,$0,$0
18,2014-03-31,24.2,$9.18,2.64,$11.69,2.07,$-5.09,0.0,$0.90,26.89,$0.46B,$1.07B,0.43,$1.73B,$0.64B,2.71,$0.98B,$0.51B,52.04%,$0.98B,$0.12B,12.68%,$0.98B,$0.12B,12.68%,$0.98B,$0.32B,32.21%,$0.98B,$0.07B,6.65%,$0.98B,$0.06B,5.73%,$0.06B,$0.79B,6.94%,$0.06B,$0.65B,8.39%,$0.06B,$3.85B,1.48%,$0.12B,$2.52B,4.79%,$259,$122,$138,$0,$15,$197,$62,$-52,$10,$1,$9,$7,$1,$108,$62,$85,85,$0.01,$0.01,$228,$0,$25,$458,$3068,$77,$139,$49,$3387,$3845,$1074,$1731,$155,$1987,$3061,$580,$0,$0,$785,$3845,$9,$45,$14,$60,$0,$0,$0,$-49,$-49,$20,$-67,$0,$-2,$1,$0,$1,$0,$-68,$101,$0,$101,$0,$0,$0,$-49,$52,$4,$0,$0
19,2013-12-31,24.06,$9.61,2.5,$11.30,2.13,$-4.09,0.0,$1.06,22.7,$0.45B,$1.17B,0.39,$1.56B,$0.68B,2.31,$0.93B,$0.48B,51.88%,$0.93B,$0.10B,11.17%,$0.93B,$0.10B,11.17%,$0.93B,$0.29B,31.26%,$0.93B,$0.08B,8.49%,$0.93B,$0.07B,7.73%,$0.07B,$0.82B,9.22%,$0.07B,$0.68B,11.22%,$0.07B,$3.81B,1.99%,$0.10B,$2.38B,4.10%,$261,$120,$140,$0,$11,$217,$44,$-6,$38,$2,$36,$36,$34,$93,$44,$83,83,$0.41,$0.41,$224,$0,$19,$451,$3060,$75,$138,$46,$3355,$3806,$1172,$1563,$145,$1813,$2985,$621,$0,$0,$821,$3806,$72,$187,$-56,$131,$-59,$0,$0,$65,$52,$255,$-428,$0,$0,$6,$-53,$-47,$0,$-474,$407,$0,$407,$120,$270,$0,$-444,$232,$13,$0,$0
20,2013-09-30,23.87,$9.19,2.6,$11.21,2.13,$0.92,26.08,$1.46,16.35,$0.48B,$0.82B,0.58,$1.95B,$0.62B,3.12,$0.90B,$0.46B,51.23%,$0.90B,$0.09B,10.38%,$0.90B,$0.09B,10.38%,$0.90B,$0.27B,29.58%,$0.90B,$0.10B,10.83%,$0.90B,$0.10B,11.61%,$0.10B,$0.77B,13.83%,$0.10B,$0.63B,17.01%,$0.10B,$3.82B,3.04%,$0.09B,$2.72B,3.72%,$236,$117,$118,$0,$13,$254,$-18,$-25,$-44,$0,$-44,$-44,$-31,$30,$-18,$84,84,$-0.37,$-0.37,$264,$0,$14,$478,$3008,$88,$139,$45,$3338,$3816,$821,$1950,$159,$2226,$3047,$573,$0,$0,$769,$3816,$36,$138,$-47,$91,$0,$0,$0,$66,$66,$194,$-326,$0,$0,$4,$-53,$-48,$0,$-375,$415,$0,$415,$65,$215,$0,$-397,$233,$53,$0,$0
21,2013-06-30,22.88,$10.17,2.25,$11.36,2.01,$4.85,4.72,$1.96,11.67,$0.41B,$0.67B,0.62,$1.90B,$0.71B,2.68,$0.88B,$0.46B,52.39%,$0.88B,$0.15B,17.08%,$0.88B,$0.15B,17.08%,$0.88B,$0.32B,36.56%,$0.88B,$0.15B,17.54%,$0.88B,$0.15B,16.63%,$0.15B,$0.85B,19.99%,$0.15B,$0.71B,24.81%,$0.15B,$3.71B,4.52%,$0.15B,$2.75B,6.26%,$222,$110,$113,$0,$10,$186,$36,$25,$61,$0,$61,$61,$52,$84,$36,$83,83,$0.63,$0.63,$169,$0,$33,$409,$2935,$88,$140,$45,$3302,$3711,$666,$1896,$175,$2194,$2860,$635,$0,$0,$851,$3711,$81,$90,$-53,$37,$0,$0,$0,$7,$7,$124,$-196,$0,$0,$3,$-53,$-50,$0,$-245,$215,$0,$215,$65,$215,$0,$-352,$79,$-43,$0,$0
22,2013-03-31,20.91,$8.53,2.45,$11.84,1.77,$7.27,2.88,$1.09,19.18,$0.48B,$0.44B,1.09,$1.62B,$0.68B,2.38,$0.88B,$0.46B,52.39%,$0.88B,$0.16B,17.84%,$0.88B,$0.16B,17.84%,$0.88B,$0.33B,37.50%,$0.88B,$0.06B,7.27%,$0.88B,$0.08B,9.09%,$0.08B,$0.68B,12.70%,$0.08B,$0.54B,16.45%,$0.08B,$3.11B,2.60%,$0.16B,$2.31B,6.96%,$212,$100,$112,$0,$10,$171,$42,$-18,$24,$-0,$24,$24,$17,$84,$42,$80,80,$0.21,$0.21,$178,$0,$167,$477,$2287,$26,$141,$31,$2635,$3112,$439,$1623,$239,$1989,$2428,$637,$0,$0,$684,$3112,$22,$42,$-0,$42,$0,$0,$0,$-17,$-17,$46,$-11,$0,$0,$2,$0,$2,$-150,$-159,$122,$0,$122,$0,$0,$0,$-43,$79,$-34,$0,$0
23,2012-12-31,17.37,$8.80,1.97,$12.50,1.39,$7.80,2.23,$1.59,10.93,$0.39B,$0.46B,0.85,$1.52B,$0.71B,2.16,$0.90B,$0.47B,52.50%,$0.90B,$0.17B,18.53%,$0.90B,$0.17B,18.53%,$0.90B,$0.35B,38.62%,$0.90B,$0.10B,10.54%,$0.90B,$0.11B,12.32%,$0.11B,$0.71B,19.00%,$0.11B,$0.56B,25.27%,$0.11B,$3.05B,3.59%,$0.17B,$2.23B,7.37%,$226,$110,$116,$0,$7,$193,$33,$24,$56,$-11,$67,$67,$66,$67,$33,$74,74,$0.87,$0.87,$212,$0,$55,$389,$2327,$28,$143,$31,$2665,$3053,$456,$1521,$241,$1892,$2348,$641,$0,$-0,$705,$3053,$123,$182,$-20,$162,$-9,$0,$0,$-9,$-17,$267,$-52,$0,$0,$17,$0,$17,$0,$-35,$-273,$0,$-273,$257,$257,$0,$-190,$-206,$26,$0,$0
24,2012-09-30,18.03,$8.51,2.12,$11.57,1.56,$6.79,2.66,$0.19,94.88,$0.37B,$0.32B,1.14,$1.62B,$0.68B,2.38,$0.81B,$0.40B,49.01%,$0.81B,$0.14B,16.83%,$0.81B,$0.14B,16.83%,$0.81B,$0.33B,40.97%,$0.81B,$0.00B,0.37%,$0.81B,$0.00B,0.37%,$0.00B,$0.68B,0.57%,$0.00B,$0.54B,0.78%,$0.00B,$3.06B,0.10%,$0.14B,$2.30B,5.97%,$218,$99,$119,$0,$9,$179,$39,$-26,$13,$1,$12,$12,$11,$86,$39,$74,74,$0.15,$0.15,$214,$0,$19,$367,$2400,$29,$144,$35,$2690,$3057,$322,$1622,$290,$2053,$2375,$620,$0,$-0,$682,$3057,$57,$147,$15,$162,$0,$0,$0,$-19,$-19,$201,$-28,$0,$0,$13,$0,$13,$0,$-14,$-293,$0,$-293,$258,$258,$0,$-125,$-160,$26,$0,$0
25,2012-06-30,17.99,$6.35,2.84,$12.40,1.45,$5.55,3.24,$-1.18,0.0,$0.35B,$0.46B,0.77,$1.73B,$0.45B,3.87,$0.83B,$0.41B,49.88%,$0.83B,$0.13B,15.30%,$0.83B,$0.13B,15.30%,$0.83B,$0.32B,38.80%,$0.83B,$-0.09B,-10.72%,$0.83B,$-0.08B,-10.00%,$-0.08B,$0.45B,-17.89%,$-0.08B,$0.30B,-26.29%,$-0.08B,$3.08B,-2.72%,$0.13B,$2.18B,5.63%,$224,$110,$114,$0,$9,$181,$43,$-72,$-29,$-2,$-27,$-27,$-14,$93,$43,$71,71,$-0.20,$-0.20,$190,$0,$26,$352,$2446,$30,$146,$32,$2723,$3075,$455,$1734,$293,$2171,$2626,$394,$0,$-0,$448,$3075,$43,$100,$7,$106,$0,$0,$0,$-23,$-23,$126,$-17,$0,$0,$9,$0,$9,$0,$-8,$-33,$0,$-33,$0,$0,$0,$-86,$-119,$-0,$0,$0
26,2012-03-31,18.29,$7.10,2.57,$12.95,1.41,$4.19,4.36,$-1.19,0.0,$0.42B,$0.43B,0.98,$1.85B,$0.50B,3.68,$0.84B,$0.43B,50.71%,$0.84B,$0.12B,14.29%,$0.84B,$0.12B,14.29%,$0.84B,$0.31B,37.02%,$0.84B,$-0.07B,-8.33%,$0.84B,$-0.08B,-9.76%,$-0.08B,$0.50B,-16.96%,$-0.08B,$0.35B,-24.57%,$-0.08B,$3.18B,-2.73%,$0.12B,$2.35B,5.29%,$233,$109,$124,$0,$9,$181,$52,$2,$55,$1,$53,$53,$48,$102,$52,$71,71,$0.70,$0.70,$249,$0,$35,$416,$2494,$32,$147,$40,$2759,$3175,$426,$1848,$251,$2248,$2674,$0,$0,$0,$502,$3175,$55,$50,$-31,$18,$0,$0,$0,$-2,$-2,$71,$-2,$0,$0,$5,$0,$5,$0,$3,$24,$0,$24,$0,$0,$0,$-43,$-19,$55,$0,$0
27,2011-12-31,16.54,$6.86,2.41,$13.73,1.2,$4.22,3.92,$-1.53,0.0,$0.35B,$0.43B,0.81,$1.80B,$0.49B,3.71,$0.84B,$0.44B,51.72%,$0.84B,$0.11B,13.32%,$0.84B,$0.11B,13.32%,$0.84B,$0.30B,35.43%,$0.84B,$-0.08B,-9.27%,$0.84B,$-0.11B,-12.96%,$-0.11B,$0.49B,-21.77%,$-0.11B,$0.34B,-31.19%,$-0.11B,$3.15B,-3.75%,$0.11B,$2.28B,5.00%,$133,$94,$39,$0,$-17,$131,$2,$-38,$-36,$5,$-41,$-41,$-42,$50,$2,$62,62,$-0.73,$-0.73,$197,$0,$31,$348,$2540,$33,$149,$29,$2797,$3145,$428,$1800,$281,$2232,$2660,$445,$0,$-1,$485,$3145,$-97,$187,$176,$362,$-14,$0,$0,$11,$-11,$254,$-135,$0,$-162,$21,$0,$21,$0,$-276,$221,$0,$221,$420,$420,$0,$-606,$35,$13,$0,$0
28,2011-09-30,15.0,$6.63,2.26,$15.42,0.97,$7.86,1.91,$0.04,374.99,$0.30B,$0.33B,0.92,$1.78B,$0.42B,4.23,$0.88B,$0.49B,55.53%,$0.88B,$0.12B,14.14%,$0.88B,$0.12B,14.14%,$0.88B,$0.31B,35.58%,$0.88B,$0.03B,3.42%,$0.88B,$-0.02B,-2.17%,$-0.02B,$0.42B,-3.38%,$-0.02B,$0.27B,-4.65%,$-0.02B,$2.79B,-0.67%,$0.12B,$2.20B,5.53%,$240,$103,$137,$0,$18,$210,$30,$-109,$-79,$-4,$-75,$-75,$-75,$77,$30,$63,63,$-1.18,$-1.18,$179,$0,$15,$301,$2242,$37,$151,$18,$2492,$2793,$326,$1780,$226,$2046,$2372,$382,$0,$0,$421,$2793,$-45,$139,$104,$243,$0,$0,$0,$5,$5,$203,$-132,$0,$0,$16,$0,$16,$0,$-116,$209,$0,$209,$20,$20,$0,$-322,$-92,$-6,$0,$0
29,2011-06-30,17.59,$8.37,2.1,$16.28,1.08,$11.76,1.5,$1.14,15.43,$0.33B,$0.48B,0.69,$1.71B,$0.53B,3.26,$0.85B,$0.47B,54.83%,$0.85B,$0.12B,14.62%,$0.85B,$0.12B,14.62%,$0.85B,$0.31B,36.91%,$0.85B,$0.09B,10.85%,$0.85B,$0.05B,6.01%,$0.05B,$0.53B,8.65%,$0.05B,$0.37B,11.72%,$0.05B,$2.90B,1.87%,$0.12B,$2.24B,5.74%,$234,$108,$126,$0,$18,$198,$36,$-46,$-10,$3,$-13,$-13,$-13,$82,$36,$63,63,$-0.20,$-0.20,$178,$0,$47,$330,$2303,$41,$152,$30,$2571,$2901,$477,$1714,$142,$1899,$2375,$476,$0,$3,$526,$2901,$31,$92,$4,$96,$0,$0,$0,$26,$26,$153,$-141,$0,$0,$11,$0,$11,$0,$-130,$192,$0,$192,$0,$0,$0,$-222,$-31,$-8,$0,$0
30,2011-03-31,17.98,$9.10,1.98,$17.86,1.01,$14.89,1.21,$1.25,14.38,$0.28B,$0.38B,0.73,$1.67B,$0.57B,2.92,$0.84B,$0.47B,55.89%,$0.84B,$0.13B,15.58%,$0.84B,$0.13B,15.58%,$0.84B,$0.32B,38.29%,$0.84B,$0.08B,9.75%,$0.84B,$0.06B,7.25%,$0.06B,$0.57B,10.72%,$0.06B,$0.42B,14.80%,$0.06B,$2.78B,2.35%,$0.13B,$2.24B,6.30%,$234,$101,$133,$0,$19,$190,$44,$3,$47,$3,$44,$44,$21,$89,$44,$57,57,$0.37,$0.37,$144,$0,$22,$280,$2218,$45,$154,$30,$2501,$2782,$384,$1668,$117,$1826,$2210,$520,$0,$3,$571,$2782,$44,$46,$-29,$16,$0,$0,$0,$1,$1,$61,$-4,$0,$0,$6,$0,$6,$0,$2,$83,$0,$83,$0,$0,$0,$-189,$-106,$-43,$0,$0
31,2010-12-31,16.08,$13.19,1.22,$19.88,0.81,$15.82,1.02,$1.23,13.07,$0.31B,$0.37B,0.84,$1.57B,$0.73B,2.15,$0.84B,$0.47B,56.12%,$0.84B,$0.14B,16.05%,$0.84B,$0.14B,16.05%,$0.84B,$0.33B,38.76%,$0.84B,$0.05B,6.30%,$0.84B,$0.05B,6.42%,$0.05B,$0.73B,9.76%,$0.05B,$0.57B,13.67%,$0.05B,$2.84B,2.15%,$0.14B,$2.29B,6.63%,$169,$79,$91,$0,$11,$155,$14,$57,$72,$-1,$73,$73,$48,$64,$14,$44,44,$1.04,$1.04,$188,$0,$27,$309,$2247,$50,$156,$28,$2534,$2843,$367,$1565,$139,$1748,$2114,$557,$0,$1,$728,$2843,$79,$190,$-17,$173,$13,$0,$0,$-2,$34,$287,$-41,$0,$0,$23,$0,$23,$0,$-18,$-345,$0,$-345,$420,$420,$0,$-286,$-212,$57,$0,$0
32,2010-09-30,13.17,$10.94,1.2,$23.95,0.55,$14.73,0.89,$0.95,13.87,$0.27B,$0.30B,0.89,$1.34B,$0.53B,2.51,$0.94B,$0.52B,55.94%,$0.94B,$0.15B,16.15%,$0.94B,$0.15B,16.15%,$0.94B,$0.35B,37.65%,$0.94B,$0.01B,0.75%,$0.94B,$0.03B,3.42%,$0.03B,$0.53B,6.89%,$0.03B,$0.38B,10.54%,$0.03B,$2.36B,1.30%,$0.15B,$1.87B,7.42%,$211,$96,$115,$0,$17,$180,$30,$-48,$-17,$9,$-26,$-26,$-5,$78,$30,$45,45,$-0.10,$-0.10,$180,$0,$11,$270,$1851,$57,$158,$20,$2086,$2356,$302,$1340,$133,$1520,$1822,$377,$0,$1,$534,$2356,$-10,$140,$59,$199,$0,$0,$0,$39,$39,$228,$0,$0,$0,$16,$0,$16,$-6,$10,$-285,$0,$-285,$237,$237,$0,$-124,$-172,$67,$0,$0
33,2010-06-30,12.24,$10.36,1.18,$25.18,0.49,$13.76,0.89,$0.59,20.75,$0.25B,$0.32B,0.78,$1.46B,$0.44B,3.3,$0.93B,$0.53B,56.73%,$0.93B,$0.16B,17.01%,$0.93B,$0.16B,17.01%,$0.93B,$0.35B,37.89%,$0.93B,$0.01B,1.40%,$0.93B,$0.02B,2.58%,$0.02B,$0.44B,5.52%,$0.02B,$0.28B,8.82%,$0.02B,$2.38B,0.97%,$0.16B,$1.91B,7.54%,$227,$96,$131,$0,$16,$184,$43,$-63,$-20,$-10,$-10,$-10,$-3,$91,$43,$43,43,$-0.08,$-0.08,$124,$0,$15,$248,$1885,$62,$160,$18,$2133,$2381,$320,$1462,$111,$1619,$1938,$272,$0,$-4,$443,$2381,$16,$93,$30,$122,$0,$0,$0,$9,$9,$147,$-5,$0,$0,$11,$0,$11,$0,$6,$-152,$0,$-152,$101,$101,$0,$-93,$-144,$9,$0,$0
34,2010-03-31,10.84,$11.91,0.91,$26.40,0.41,$13.73,0.79,$1.77,6.13,$0.28B,$0.27B,1.05,$1.56B,$0.51B,3.06,$0.90B,$0.51B,57.06%,$0.90B,$0.15B,16.35%,$0.90B,$0.15B,16.35%,$0.90B,$0.33B,37.04%,$0.90B,$0.11B,12.01%,$0.90B,$0.06B,6.67%,$0.06B,$0.51B,14.48%,$0.06B,$0.35B,24.05%,$0.06B,$2.45B,2.49%,$0.15B,$2.07B,7.13%,$234,$98,$135,$0,$17,$185,$48,$-30,$18,$-7,$25,$25,$14,$93,$48,$38,38,$0.36,$0.36,$157,$0,$29,$283,$1914,$31,$162,$63,$2170,$2453,$269,$1558,$65,$1674,$1943,$303,$0,$0,$509,$2453,$25,$45,$4,$49,$0,$0,$0,$-0,$-0,$74,$-0,$0,$0,$5,$0,$5,$0,$5,$-60,$0,$-60,$101,$101,$0,$-81,$-41,$38,$0,$0
35,2009-12-31,10.62,$13.29,0.8,$27.13,0.39,$13.73,0.77,$1.94,5.47,$0.27B,$0.27B,0.99,$1.93B,$0.37B,5.19,$0.87B,$0.50B,57.22%,$0.87B,$0.13B,15.25%,$0.87B,$0.13B,15.25%,$0.87B,$0.31B,36.01%,$0.87B,$0.13B,15.37%,$0.87B,$0.06B,7.11%,$0.06B,$0.37B,16.97%,$0.06B,$0.21B,31.27%,$0.06B,$2.65B,2.66%,$0.13B,$2.30B,6.71%,$263,$121,$142,$0,$23,$233,$30,$-4,$26,$-13,$40,$40,$26,$90,$30,$33,33,$0.61,$0.61,$132,$0,$25,$271,$2121,$72,$164,$24,$2380,$2651,$273,$1925,$66,$2007,$2280,$213,$0,$-1,$371,$2651,$121,$181,$-149,$33,$-29,$0,$0,$17,$9,$162,$-14,$0,$0,$22,$0,$22,$0,$9,$-194,$0,$-194,$109,$109,$0,$-116,$-200,$-29,$0,$0
36,2009-09-30,8.55,$14.91,0.57,$31.98,0.27,$14.20,0.6,$-0.45,0.0,$0.27B,$0.22B,1.21,$1.69B,$0.42B,4.07,$0.93B,$0.52B,55.96%,$0.93B,$0.00B,0.11%,$0.93B,$0.00B,0.11%,$0.93B,$0.33B,35.34%,$0.93B,$-0.18B,-19.12%,$0.93B,$-0.01B,-1.50%,$-0.01B,$0.42B,-4.00%,$-0.01B,$0.25B,-7.73%,$-0.01B,$2.45B,-0.61%,$0.00B,$2.11B,0.05%,$205,$85,$119,$0,$13,$167,$37,$-49,$-11,$20,$-31,$-31,$-13,$78,$37,$35,35,$-0.39,$-0.39,$165,$0,$19,$268,$1953,$40,$166,$19,$2178,$2447,$222,$1694,$84,$1809,$2031,$204,$0,$0,$416,$2447,$81,$121,$-86,$35,$0,$0,$0,$24,$24,$141,$0,$0,$0,$17,$0,$17,$-12,$5,$-146,$0,$-146,$109,$109,$0,$-98,$-134,$11,$0,$0
37,2009-06-30,7.13,$17.66,0.4,$34.47,0.21,$14.42,0.49,$1.00,7.13,$0.20B,$0.23B,0.86,$1.41B,$0.36B,3.9,$0.98B,$0.53B,54.60%,$0.98B,$0.01B,1.12%,$0.98B,$0.01B,1.12%,$0.98B,$0.34B,34.66%,$0.98B,$-0.16B,-16.26%,$0.98B,$0.02B,1.74%,$0.02B,$0.36B,5.87%,$0.02B,$0.19B,14.41%,$0.02B,$2.08B,0.75%,$0.01B,$1.77B,0.61%,$197,$81,$117,$0,$13,$165,$32,$43,$75,$-1,$77,$77,$33,$72,$32,$30,30,$1.08,$1.08,$120,$0,$12,$196,$1658,$45,$168,$11,$1882,$2078,$228,$1407,$67,$1489,$1717,$140,$0,$-7,$361,$2078,$113,$80,$-110,$-29,$0,$0,$0,$21,$21,$105,$-5,$0,$0,$11,$0,$11,$0,$6,$-205,$0,$-205,$0,$0,$0,$60,$-144,$-33,$0,$0
38,2009-03-31,5.58,$15.35,0.36,$38.66,0.14,$13.66,0.41,$1.05,5.32,$0.24B,$0.26B,0.93,$1.44B,$0.31B,4.58,$1.01B,$0.54B,53.33%,$1.01B,$0.01B,1.29%,$1.01B,$0.01B,1.29%,$1.01B,$0.34B,33.63%,$1.01B,$-0.17B,-17.21%,$1.01B,$0.00B,0.10%,$0.00B,$0.31B,0.41%,$0.00B,$0.14B,1.49%,$0.00B,$2.15B,0.04%,$0.01B,$1.75B,0.73%,$207,$85,$121,$0,$13,$173,$34,$10,$44,$8,$36,$36,$16,$74,$34,$30,30,$0.54,$0.54,$171,$0,$13,$241,$1680,$50,$170,$11,$1912,$2152,$259,$1436,$126,$1579,$1839,$120,$0,$-13,$313,$2152,$36,$40,$-32,$8,$0,$0,$0,$17,$17,$61,$-2,$0,$0,$6,$0,$6,$0,$3,$-38,$0,$-38,$0,$0,$0,$-10,$-48,$16,$0,$0
39,2008-12-31,5.16,$15.24,0.34,$42.28,0.12,$11.83,0.44,$0.54,9.55,$0.25B,$0.29B,0.86,$1.71B,$0.31B,5.5,$1.00B,$0.53B,52.54%,$1.00B,$0.01B,0.80%,$1.00B,$0.01B,0.80%,$1.00B,$0.33B,32.50%,$1.00B,$-0.25B,-25.12%,$1.00B,$-0.03B,-2.79%,$-0.03B,$0.31B,-15.71%,$-0.03B,$0.14B,-1600.00%,$-0.03B,$2.52B,-1.22%,$0.01B,$2.02B,0.46%,$322,$158,$164,$0,$22,$424,$-102,$-184,$-286,$-22,$-264,$-264,$-50,$105,$-102,$25,25,$-1.90,$-1.90,$155,$0,$13,$246,$2028,$56,$173,$19,$2276,$2522,$287,$1712,$200,$1924,$2211,$118,$0,$-22,$311,$2522,$-191,$318,$64,$382,$-6,$0,$0,$18,$7,$198,$-74,$0,$-260,$22,$0,$22,$0,$-312,$42,$0,$42,$217,$217,$0,$-135,$123,$10,$0,$0
40,2008-09-30,5.28,$8.46,0.62,$44.79,0.12,$13.59,0.39,$2.22,2.38,$0.28B,$0.20B,1.4,$1.54B,$0.17B,8.89,$0.98B,$0.54B,54.59%,$0.98B,$0.17B,17.24%,$0.98B,$0.17B,17.24%,$0.98B,$0.33B,33.78%,$0.98B,$0.01B,1.12%,$0.98B,$0.02B,1.63%,$0.02B,$0.17B,13.36%,$0.02B,$-0.00B,-27.12%,$0.02B,$2.26B,0.72%,$0.17B,$1.71B,10.45%,$252,$120,$132,$0,$15,$206,$47,$-39,$8,$-34,$42,$42,$18,$88,$47,$30,30,$0.66,$0.66,$182,$0,$15,$278,$1732,$62,$175,$12,$1980,$2258,$198,$1535,$57,$1887,$2085,$179,$0,$-7,$173,$2258,$74,$111,$-7,$104,$0,$0,$0,$38,$4,$181,$-53,$0,$-246,$16,$0,$16,$0,$-283,$96,$0,$96,$217,$217,$0,$-181,$133,$31,$0,$0
41,2008-06-30,8.82,$8.32,1.06,$46.41,0.19,$11.31,0.78,$1.43,6.17,$0.23B,$0.18B,1.25,$1.52B,$0.17B,9.12,$0.92B,$0.53B,56.82%,$0.92B,$0.16B,17.10%,$0.92B,$0.16B,17.10%,$0.92B,$0.31B,33.66%,$0.92B,$-0.02B,-2.27%,$0.92B,$-0.01B,-1.19%,$-0.01B,$0.17B,-10.68%,$-0.01B,$-0.01B,14.06%,$-0.01B,$2.24B,-0.50%,$0.16B,$1.69B,10.04%,$224,$106,$119,$0,$16,$190,$34,$26,$61,$-7,$68,$68,$17,$71,$34,$21,21,$1.14,$1.14,$135,$0,$9,$225,$1751,$67,$177,$13,$2009,$2235,$180,$1522,$35,$1887,$2068,$165,$0,$2,$167,$2235,$31,$69,$-9,$61,$0,$0,$0,$16,$10,$102,$-49,$0,$-112,$12,$0,$12,$0,$-149,$56,$0,$56,$209,$209,$0,$-227,$39,$-8,$0,$0
42,2008-03-31,10.15,$6.33,1.6,$45.55,0.22,$8.89,1.14,$0.65,15.61,$0.25B,$0.16B,1.56,$1.48B,$0.06B,23.79,$0.89B,$0.53B,58.90%,$0.89B,$0.16B,18.03%,$0.89B,$0.16B,18.03%,$0.89B,$0.31B,34.38%,$0.89B,$-0.04B,-3.92%,$0.89B,$-0.02B,-2.02%,$-0.02B,$0.06B,-18.27%,$-0.02B,$-0.12B,21.11%,$-0.02B,$2.20B,-0.84%,$0.16B,$1.54B,10.70%,$205,$93,$112,$0,$16,$176,$29,$-65,$-35,$1,$-36,$-36,$-13,$62,$29,$20,20,$-0.66,$-0.66,$160,$0,$9,$247,$1683,$73,$180,$16,$1952,$2198,$158,$1477,$76,$1978,$2136,$79,$0,$-17,$62,$2198,$-36,$33,$43,$76,$0,$0,$0,$7,$8,$48,$-46,$0,$0,$6,$0,$6,$0,$-40,$86,$0,$86,$0,$0,$0,$-78,$9,$17,$0,$0
43,2007-12-31,10.83,$7.90,1.37,$44.83,0.24,$9.60,1.13,$1.30,8.33,$0.25B,$0.14B,1.75,$1.45B,$0.08B,18.78,$0.88B,$0.54B,61.43%,$0.88B,$0.18B,20.02%,$0.88B,$0.18B,20.02%,$0.88B,$0.32B,36.18%,$0.88B,$0.03B,2.84%,$0.88B,$0.00B,0.23%,$0.00B,$0.08B,1.68%,$0.00B,$-0.11B,-2.97%,$0.00B,$2.18B,0.10%,$0.18B,$1.53B,11.95%,$299,$127,$172,$0,$23,$240,$59,$-82,$-23,$-1,$-22,$15,$-6,$110,$59,$20,20,$-0.29,$-0.29,$143,$0,$26,$246,$1663,$78,$182,$14,$1938,$2184,$141,$1453,$42,$1966,$2107,$77,$0,$0,$77,$2184,$24,$142,$8,$150,$-9,$0,$0,$-11,$-25,$149,$-18,$0,$-10,$13,$0,$13,$0,$-15,$152,$0,$152,$0,$0,$0,$-282,$-130,$5,$0,$0
44,2007-09-30,12.03,$10.85,1.11,$3.30,3.64,$12.41,0.97,$1.30,9.25,$0.20B,$0.08B,2.61,$1.43B,$0.11B,13.45,$0.07B,$-0.00B,-6.15%,$0.07B,$0.07B,104.62%,$0.07B,$0.07B,104.62%,$0.07B,$0.19B,284.62%,$0.07B,$0.03B,46.15%,$0.07B,$-0.01B,-9.23%,$-0.01B,$0.11B,-4.45%,$-0.01B,$-0.08B,10.96%,$-0.01B,$2.16B,-0.29%,$0.07B,$1.54B,4.70%,$196,$74,$122,$0,$16,$159,$36,$-60,$-24,$6,$-30,$-9,$-9,$68,$36,$20,20,$-0.45,$-0.45,$119,$0,$8,$204,$1659,$84,$185,$30,$1958,$2162,$78,$1430,$30,$1978,$2055,$102,$0,$4,$106,$2162,$10,$91,$-26,$65,$0,$0,$0,$-28,$-26,$49,$-10,$0,$-10,$8,$0,$8,$0,$-13,$61,$0,$61,$0,$0,$0,$-114,$-53,$-17,$0,$0
