,Date,Stock Price,Book Value per Share,Price to Book Ratio,TTM Sales per Share,Price to Sales Ratio,TTM FCF per Share,Price to FCF Ratio,TTM Net EPS,PE Ratio,Current Assets,Current Liabilities,Current Ratio,Long Term Debt,Shareholder's Equity_x,Debt to Equity Ratio,TTM Revenue_x,TTM Gross Profit,Gross Margin,TTM Revenue_y,TTM Operating Income,Operating Margin,TTM Revenue_x,TTM EBIT,EBIT Margin,TTM Revenue_y,TTM EBITDA,EBITDA Margin,TTM Revenue_x,TTM Pre-Tax Income,Pre-Tax Margin,TTM Revenue_y,TTM Net Income_x,Net Margin,TTM Net Income_y,Shareholder's Equity_y,Return on Equity,TTM Net Income_x,Tangible Equity,Return on Tangible Equity,TTM Net Income_y,Total Assets,Return on Assets,TTM Net Income,LT Investments & Debt,Return on Investment,revenue,cost-goods-sold,gross-profit,research-development-expenses,selling-general-administrative-expenses,operating-expenses,operating-income,total-non-operating-income-expense,pre-tax-income,total-provision-income-taxes,income-after-taxes,income-from-continuous-operations,net-income,ebitda,ebit,basic-shares-outstanding,shares-outstanding,eps-basic-net-earnings-per-share,eps-earnings-per-share-diluted,cash-on-hand,inventory,other-current-assets,total-current-assets,net-property-plant-equipment,long-term-investments,goodwill-intangible-assets-total,other-long-term-assets,total-long-term-assets,total-assets,total-current-liabilities,long-term-debt,other-non-current-liabilities,total-long-term-liabilities,total-liabilities,common-stock-net,retained-earnings-accumulated-deficit,comprehensive-income,total-share-holder-equity,total-liabilities-share-holders-equity,net-income-loss,total-depreciation-amortization-cash-flow,other-non-cash-items,total-non-cash-items,change-in-accounts-receivable,change-in-inventories,change-in-accounts-payable,change-in-assets-liabilities,total-change-in-assets-liabilities,cash-flow-from-operating-activities,net-change-in-property-plant-equipment,net-change-in-intangible-assets,net-acquisitions-divestitures,net-change-in-short-term-investments,net-change-in-long-term-investments,net-change-in-investments-total,investing-activities-other,cash-flow-from-investing-activities,net-long-term-debt,net-current-debt,debt-issuance-retirement-net-total,net-common-equity-issued-repurchased,net-total-equity-issued-repurchased,total-common-preferred-stock-dividends-paid,financial-activities-other,cash-flow-from-financial-activities,net-cash-flow,stock-based-compensation,common-stock-dividends-paid
0,2018-09-30,30.25,$15.43,1.96,$104.16,0.29,$-1.12,0.0,$2.78,10.88,$0.50B,$0.46B,1.09,$0.29B,$0.32B,0.93,$2.18B,$0.26B,11.68%,$2.18B,$0.13B,5.77%,$2.18B,$0.13B,5.77%,$2.18B,$0.21B,9.67%,$2.18B,$0.10B,4.76%,$2.18B,$0.06B,2.66%,$0.06B,$0.32B,19.69%,$0.06B,$0.26B,25.11%,$0.06B,$1.21B,4.60%,$0.13B,$0.61B,20.13%,$525,$463,$62,$0,$30,$493,$31,$-5,$26,$4,$22,$22,$23,$51,$31,$21,21,$1.10,$1.07,$48,$94,$29,$499,$547,$0,$62,$28,$712,$1211,$460,$294,$94,$433,$893,$0,$81,$-73,$318,$1211,$62,$62,$1,$64,$0,$0,$0,$-50,$-50,$76,$-79,$0,$0,$0,$4,$4,$0,$-75,$-69,$0,$-69,$-0,$-0,$-7,$0,$-76,$-76,$3,$-7
1,2018-06-30,31.68,$14.45,2.19,$101.47,0.31,$-2.92,0.0,$2.43,13.04,$0.54B,$0.47B,1.16,$0.34B,$0.30B,1.16,$2.12B,$0.25B,11.84%,$2.12B,$0.12B,5.75%,$2.12B,$0.12B,5.75%,$2.12B,$0.21B,9.67%,$2.12B,$0.10B,4.72%,$2.12B,$0.05B,2.36%,$0.05B,$0.30B,17.64%,$0.05B,$0.24B,22.78%,$0.05B,$1.25B,3.92%,$0.12B,$0.64B,19.30%,$556,$492,$64,$0,$31,$523,$33,$-6,$27,$6,$22,$22,$22,$54,$33,$21,21,$1.09,$1.07,$72,$86,$32,$544,$550,$0,$62,$14,$703,$1247,$467,$344,$90,$482,$949,$0,$61,$-72,$298,$1247,$40,$42,$3,$45,$0,$0,$0,$-52,$-52,$33,$-69,$0,$0,$0,$4,$4,$0,$-64,$-14,$0,$-14,$-0,$-0,$-5,$0,$-19,$-52,$2,$-5
2,2018-03-31,27.53,$14.16,1.94,$98.52,0.28,$-3.82,0.0,$2.28,12.07,$0.61B,$0.54B,1.13,$0.34B,$0.29B,1.18,$2.05B,$0.25B,12.07%,$2.05B,$0.12B,5.74%,$2.05B,$0.12B,5.74%,$2.05B,$0.20B,9.64%,$2.05B,$0.10B,4.87%,$2.05B,$0.05B,2.29%,$0.05B,$0.29B,17.23%,$0.05B,$0.23B,22.49%,$0.05B,$1.33B,3.69%,$0.12B,$0.64B,18.75%,$564,$504,$60,$0,$32,$538,$26,$-4,$22,$5,$16,$16,$17,$47,$26,$21,21,$0.84,$0.83,$66,$87,$44,$610,$555,$0,$66,$15,$717,$1327,$542,$344,$99,$493,$1036,$0,$41,$-57,$292,$1327,$17,$21,$1,$22,$0,$0,$0,$-56,$-56,$-16,$-29,$0,$0,$0,$0,$0,$0,$-29,$-12,$0,$-12,$-0,$-0,$-2,$0,$-15,$-58,$1,$-2
3,2017-12-31,30.18,$13.14,2.3,$95.53,0.32,$-5.14,0.0,$2.28,13.24,$0.56B,$0.50B,1.14,$0.35B,$0.27B,1.28,$1.99B,$0.24B,12.27%,$1.99B,$0.12B,5.78%,$1.99B,$0.12B,5.78%,$1.99B,$0.19B,9.66%,$1.99B,$0.10B,5.08%,$1.99B,$0.05B,2.36%,$0.05B,$0.27B,18.15%,$0.05B,$0.21B,23.83%,$0.05B,$1.26B,3.75%,$0.12B,$0.62B,18.33%,$538,$469,$69,$0,$30,$502,$36,$-7,$29,$33,$-4,$-4,$-4,$59,$36,$20,21,$-0.20,$-0.18,$124,$79,$44,$564,$535,$0,$64,$14,$696,$1260,$497,$345,$96,$494,$990,$0,$30,$-68,$270,$1260,$48,$77,$35,$112,$0,$0,$0,$5,$5,$165,$-104,$0,$0,$0,$16,$16,$0,$-88,$-5,$0,$-5,$1,$1,$-9,$-7,$-20,$61,$2,$-9
4,2017-09-30,26.77,$13.34,2.01,$91.47,0.29,$-7.04,0.0,$3.28,8.16,$0.56B,$0.48B,1.18,$0.36B,$0.27B,1.32,$1.91B,$0.23B,12.24%,$1.91B,$0.10B,5.23%,$1.91B,$0.10B,5.23%,$1.91B,$0.17B,9.05%,$1.91B,$0.09B,4.71%,$1.91B,$0.07B,3.56%,$0.07B,$0.27B,27.76%,$0.07B,$0.21B,36.71%,$0.07B,$1.27B,5.53%,$0.10B,$0.64B,16.23%,$462,$404,$58,$0,$30,$435,$27,$-5,$22,$8,$14,$14,$15,$45,$27,$21,21,$0.73,$0.72,$44,$81,$45,$563,$514,$0,$63,$12,$704,$1267,$477,$362,$97,$516,$993,$0,$36,$-69,$274,$1267,$52,$55,$6,$60,$0,$0,$0,$-76,$-76,$36,$-77,$0,$0,$0,$16,$16,$0,$-61,$14,$0,$14,$0,$0,$-7,$-7,$1,$-19,$2,$-7
5,2017-06-30,21.99,$12.44,1.77,$90.81,0.24,$-7.02,0.0,$3.42,6.43,$0.56B,$0.47B,1.2,$0.38B,$0.26B,1.47,$1.91B,$0.24B,12.38%,$1.91B,$0.10B,5.30%,$1.91B,$0.10B,5.30%,$1.91B,$0.17B,9.12%,$1.91B,$0.09B,4.72%,$1.91B,$0.07B,3.72%,$0.07B,$0.26B,31.00%,$0.07B,$0.19B,41.76%,$0.07B,$1.25B,5.79%,$0.10B,$0.63B,16.54%,$490,$429,$61,$0,$29,$461,$29,$-1,$27,$8,$20,$20,$19,$47,$29,$21,21,$0.94,$0.92,$55,$75,$43,$562,$496,$0,$62,$10,$685,$1247,$467,$376,$86,$524,$991,$0,$23,$-75,$255,$1247,$37,$37,$5,$42,$0,$0,$0,$-89,$-89,$-10,$-44,$0,$0,$0,$16,$16,$0,$-28,$38,$0,$38,$0,$0,$-4,$-7,$27,$-8,$1,$-4
6,2017-03-31,26.43,$11.56,2.29,$90.77,0.29,$-6.20,0.0,$2.27,11.64,$0.59B,$0.49B,1.2,$0.39B,$0.24B,1.65,$1.92B,$0.24B,12.33%,$1.92B,$0.10B,5.25%,$1.92B,$0.10B,5.25%,$1.92B,$0.17B,9.05%,$1.92B,$0.08B,4.37%,$1.92B,$0.05B,2.45%,$0.05B,$0.24B,21.56%,$0.05B,$0.18B,29.51%,$0.05B,$1.25B,3.85%,$0.10B,$0.63B,16.76%,$498,$441,$56,$0,$29,$475,$23,$-1,$23,$6,$16,$16,$17,$41,$23,$20,21,$0.85,$0.83,$28,$75,$100,$588,$472,$0,$58,$11,$658,$1246,$490,$390,$65,$519,$1009,$0,$6,$-82,$237,$1246,$17,$18,$1,$19,$0,$0,$0,$-84,$-84,$-48,$-24,$0,$0,$0,$0,$0,$0,$-24,$44,$0,$44,$0,$0,$-2,$-6,$36,$-35,$0,$-2
7,2016-12-31,27.53,$10.51,2.62,$89.68,0.31,$-3.45,0.0,$1.83,15.04,$0.52B,$0.46B,1.13,$0.36B,$0.21B,1.66,$1.91B,$0.24B,12.44%,$1.91B,$0.10B,5.28%,$1.91B,$0.10B,5.28%,$1.91B,$0.17B,9.10%,$1.91B,$0.07B,3.82%,$1.91B,$0.04B,1.99%,$0.04B,$0.21B,17.80%,$0.04B,$0.16B,24.72%,$0.04B,$1.16B,3.13%,$0.10B,$0.57B,17.04%,$462,$403,$59,$0,$35,$441,$21,$-3,$18,$3,$14,$14,$17,$40,$21,$21,21,$0.81,$0.80,$63,$72,$102,$518,$466,$0,$56,$10,$644,$1163,$460,$356,$66,$489,$949,$0,$-14,$-83,$214,$1163,$39,$72,$27,$99,$0,$0,$0,$-1,$-1,$138,$-116,$0,$0,$0,$5,$5,$0,$-112,$-55,$0,$-55,$-19,$-19,$-9,$0,$-83,$-59,$2,$-9
8,2016-09-30,23.29,$10.28,2.27,$86.94,0.27,$-5.31,0.0,$7.78,2.99,$0.61B,$0.49B,1.24,$0.40B,$0.21B,1.93,$1.86B,$0.23B,12.16%,$1.86B,$0.10B,5.11%,$1.86B,$0.10B,5.11%,$1.86B,$0.17B,8.98%,$1.86B,$0.06B,3.44%,$1.86B,$0.17B,8.93%,$0.17B,$0.21B,78.39%,$0.17B,$0.15B,109.93%,$0.17B,$1.25B,13.53%,$0.10B,$0.61B,15.68%,$457,$397,$60,$0,$31,$429,$28,$-6,$22,$4,$18,$18,$18,$46,$28,$21,21,$0.87,$0.86,$47,$77,$104,$606,$453,$0,$60,$9,$641,$1247,$490,$404,$78,$547,$1037,$0,$-29,$-74,$210,$1247,$22,$53,$24,$77,$0,$0,$0,$-67,$-67,$32,$-74,$0,$0,$0,$0,$0,$0,$-74,$-9,$0,$-9,$-18,$-18,$-6,$0,$-34,$-74,$2,$-6
9,2016-06-30,19.8,$9.96,1.99,$86.01,0.23,$-4.21,0.0,$7.68,2.58,$0.58B,$0.48B,1.19,$0.39B,$0.21B,1.84,$1.84B,$0.22B,11.88%,$1.84B,$0.09B,4.77%,$1.84B,$0.09B,4.77%,$1.84B,$0.16B,8.73%,$1.84B,$0.06B,3.09%,$1.84B,$0.16B,8.89%,$0.16B,$0.21B,86.32%,$0.16B,$0.15B,126.89%,$0.16B,$1.22B,13.48%,$0.09B,$0.60B,14.96%,$505,$443,$62,$0,$32,$476,$29,$-8,$21,$6,$15,$15,$-5,$47,$29,$21,21,$-0.23,$-0.23,$52,$71,$102,$575,$461,$0,$60,$8,$649,$1223,$481,$388,$75,$531,$1012,$0,$-45,$-74,$211,$1223,$4,$35,$25,$61,$0,$0,$0,$-42,$-42,$22,$-61,$0,$0,$0,$0,$0,$0,$-61,$-27,$0,$-27,$-1,$-1,$-4,$0,$-31,$-70,$1,$-4
10,2016-03-31,26.05,$10.35,2.52,$83.50,0.31,$-3.18,0.0,$8.78,2.97,$0.52B,$0.48B,1.07,$0.37B,$0.22B,1.68,$1.79B,$0.22B,12.19%,$1.79B,$0.08B,4.70%,$1.79B,$0.08B,4.70%,$1.79B,$0.16B,8.66%,$1.79B,$0.06B,3.19%,$1.79B,$0.19B,10.51%,$0.19B,$0.22B,112.57%,$0.19B,$0.16B,173.67%,$0.19B,$1.22B,15.58%,$0.08B,$0.59B,14.63%,$489,$432,$57,$0,$33,$466,$23,$-11,$12,$4,$9,$9,$8,$41,$23,$21,21,$0.40,$0.39,$75,$76,$0,$518,$495,$8,$62,$12,$706,$1224,$483,$368,$83,$521,$1004,$0,$-38,$-72,$219,$1224,$8,$17,$2,$19,$0,$0,$0,$-17,$-17,$10,$-26,$0,$0,$0,$0,$0,$0,$-26,$-42,$0,$-42,$-1,$-1,$-2,$0,$-45,$-59,$1,$-2
11,2015-12-31,27.24,$9.79,2.78,$83.94,0.32,$-3.22,0.0,$9.05,3.01,$0.59B,$0.44B,1.34,$0.42B,$0.21B,2.01,$1.80B,$0.22B,12.08%,$1.80B,$0.09B,4.73%,$1.80B,$0.09B,4.73%,$1.80B,$0.16B,8.79%,$1.80B,$0.06B,3.39%,$1.80B,$0.19B,10.80%,$0.19B,$0.21B,141.86%,$0.19B,$0.15B,239.51%,$0.19B,$1.22B,16.27%,$0.09B,$0.62B,15.17%,$408,$361,$47,$0,$32,$393,$15,$-6,$9,$-129,$138,$138,$145,$33,$15,$21,21,$6.88,$6.77,$122,$67,$114,$594,$428,$0,$59,$7,$622,$1215,$442,$415,$80,$567,$1009,$0,$-44,$-80,$207,$1215,$196,$73,$-153,$-81,$0,$0,$0,$-14,$-14,$101,$-120,$0,$-22,$0,$0,$0,$0,$-141,$-33,$0,$-33,$-6,$-6,$-5,$32,$-12,$-11,$2,$-5
12,2015-09-30,22.57,$5.84,3.87,$77.64,0.29,$-2.80,0.0,$1.30,17.36,$0.68B,$0.50B,1.37,$0.42B,$0.12B,3.42,$1.66B,$0.21B,12.64%,$1.66B,$0.08B,4.99%,$1.66B,$0.08B,4.99%,$1.66B,$0.15B,9.03%,$1.66B,$0.06B,3.31%,$1.66B,$0.03B,1.68%,$0.03B,$0.12B,25.45%,$0.03B,$0.06B,50.91%,$0.03B,$1.20B,2.37%,$0.08B,$0.54B,15.29%,$442,$389,$53,$0,$31,$421,$21,$-6,$15,$1,$14,$14,$16,$40,$21,$21,21,$0.77,$0.76,$115,$79,$113,$684,$436,$8,$61,$11,$519,$1203,$500,$421,$87,$580,$1080,$0,$-187,$-68,$123,$1203,$50,$54,$-10,$44,$0,$0,$0,$-56,$-56,$38,$-56,$10,$-22,$0,$0,$0,$0,$-68,$-27,$0,$-27,$-6,$-6,$0,$32,$-1,$-31,$2,$0
13,2015-06-30,24.74,$5.63,4.4,$80.19,0.31,$-3.27,0.0,$1.06,23.34,$0.68B,$0.48B,1.43,$0.42B,$0.12B,3.57,$1.72B,$0.21B,12.22%,$1.72B,$0.08B,4.60%,$1.72B,$0.08B,4.60%,$1.72B,$0.15B,8.61%,$1.72B,$0.05B,2.91%,$1.72B,$0.02B,1.34%,$0.02B,$0.12B,19.37%,$0.02B,$0.07B,36.08%,$0.02B,$1.19B,1.93%,$0.08B,$0.54B,13.99%,$450,$389,$61,$0,$30,$424,$25,$-4,$21,$2,$20,$20,$19,$41,$25,$21,21,$0.88,$0.87,$136,$71,$129,$684,$426,$8,$52,$11,$501,$1185,$479,$423,$90,$588,$1066,$0,$-203,$-56,$119,$1185,$33,$36,$-3,$33,$0,$0,$0,$-54,$-54,$12,$-28,$0,$0,$0,$0,$0,$0,$-28,$-24,$0,$-24,$-6,$-6,$0,$32,$2,$-15,$1,$0
14,2015-03-31,25.27,$4.65,5.44,$84.85,0.3,$-2.92,0.0,$0.94,26.88,$0.67B,$0.48B,1.41,$0.44B,$0.10B,4.44,$1.82B,$0.21B,11.62%,$1.82B,$0.08B,4.35%,$1.82B,$0.08B,4.35%,$1.82B,$0.16B,8.54%,$1.82B,$0.05B,2.59%,$1.82B,$0.02B,1.10%,$0.02B,$0.10B,15.30%,$0.02B,$0.05B,27.78%,$0.02B,$1.17B,1.63%,$0.08B,$0.53B,13.37%,$497,$440,$56,$0,$32,$473,$24,$-8,$16,$2,$14,$14,$14,$44,$24,$21,21,$0.67,$0.66,$131,$72,$132,$673,$412,$8,$50,$20,$494,$1167,$479,$435,$78,$590,$1069,$0,$-222,$-57,$98,$1167,$14,$20,$-3,$17,$0,$0,$0,$-38,$-38,$-7,$-10,$0,$0,$0,$0,$0,$0,$-10,$-26,$0,$-26,$-6,$-6,$0,$32,$-0,$-18,$1,$0
15,2014-12-31,24.27,$4.81,5.05,$86.02,0.28,$-1.85,0.0,$0.98,24.76,$0.63B,$0.46B,1.37,$0.45B,$0.10B,4.54,$1.84B,$0.22B,11.75%,$1.84B,$0.08B,4.35%,$1.84B,$0.08B,4.35%,$1.84B,$0.16B,8.60%,$1.84B,$0.05B,2.67%,$1.84B,$0.02B,1.14%,$0.02B,$0.10B,14.66%,$0.02B,$0.04B,26.17%,$0.02B,$1.17B,1.67%,$0.08B,$0.55B,12.96%,$273,$233,$40,$0,$24,$260,$13,$-10,$3,$0,$3,$3,$-21,$25,$13,$21,21,$-1.00,$-0.96,$149,$70,$141,$632,$451,$8,$57,$13,$533,$1165,$461,$453,$75,$605,$1065,$0,$-236,$-47,$100,$1165,$27,$79,$12,$91,$0,$0,$0,$-38,$-38,$81,$-90,$0,$0,$0,$-1,$-1,$0,$-91,$28,$0,$28,$2,$2,$-10,$-4,$16,$9,$5,$-10
16,2014-09-30,23.93,$7.63,3.14,$91.98,0.26,$1.61,14.85,$2.87,8.34,$0.61B,$0.48B,1.27,$0.47B,$0.16B,2.98,$1.95B,$0.22B,11.46%,$1.95B,$0.08B,3.91%,$1.95B,$0.08B,3.91%,$1.95B,$0.16B,8.22%,$1.95B,$0.05B,2.47%,$1.95B,$0.06B,3.13%,$0.06B,$0.16B,40.00%,$0.06B,$0.10B,70.11%,$0.06B,$1.24B,4.82%,$0.08B,$0.63B,12.07%,$498,$445,$53,$0,$34,$481,$17,$-7,$10,$2,$8,$8,$11,$38,$17,$21,21,$0.54,$0.52,$126,$92,$0,$609,$536,$8,$62,$26,$635,$1244,$479,$472,$79,$607,$1086,$0,$-215,$-13,$158,$1244,$45,$67,$-16,$50,$0,$0,$0,$-61,$-61,$34,$-62,$0,$0,$0,$-1,$-1,$0,$-63,$15,$0,$15,$2,$2,$-3,$-3,$11,$-8,$4,$-3
17,2014-06-30,34.99,$8.08,4.33,$92.25,0.38,$3.61,9.69,$2.51,13.94,$0.66B,$0.53B,1.23,$0.48B,$0.17B,2.87,$1.94B,$0.23B,11.63%,$1.94B,$0.08B,4.17%,$1.94B,$0.08B,4.17%,$1.94B,$0.17B,8.59%,$1.94B,$0.04B,2.26%,$1.94B,$0.05B,2.73%,$0.05B,$0.17B,38.69%,$0.05B,$0.10B,75.44%,$0.05B,$1.32B,4.19%,$0.08B,$0.65B,13.25%,$548,$486,$62,$0,$32,$523,$25,$-7,$18,$3,$15,$15,$16,$48,$25,$21,21,$0.78,$0.75,$169,$92,$0,$656,$559,$8,$67,$27,$664,$1320,$532,$480,$80,$621,$1153,$0,$-227,$11,$167,$1320,$32,$46,$-7,$38,$0,$0,$0,$-51,$-51,$19,$-28,$0,$0,$0,$-1,$-1,$0,$-29,$38,$0,$38,$1,$1,$-3,$-1,$36,$34,$2,$-3
18,2014-03-31,25.85,$7.20,3.59,$93.88,0.28,$3.57,7.24,$-0.46,0.0,$0.66B,$0.53B,1.25,$0.49B,$0.15B,3.31,$1.95B,$0.23B,11.94%,$1.95B,$0.08B,3.95%,$1.95B,$0.08B,3.95%,$1.95B,$0.16B,8.35%,$1.95B,$-0.02B,-0.82%,$1.95B,$-0.01B,-0.41%,$-0.01B,$0.15B,-6.94%,$-0.01B,$0.08B,-16.24%,$-0.01B,$1.32B,-0.64%,$0.08B,$0.64B,12.80%,$519,$458,$61,$0,$34,$495,$25,$-7,$18,$3,$15,$15,$15,$47,$25,$21,21,$0.72,$0.70,$185,$89,$0,$661,$548,$8,$67,$28,$654,$1316,$529,$491,$81,$638,$1167,$0,$-243,$11,$148,$1316,$15,$23,$-3,$20,$0,$0,$0,$-20,$-20,$15,$-9,$0,$0,$0,$-1,$-1,$0,$-9,$41,$0,$41,$-0,$-0,$-2,$-1,$37,$50,$1,$-2
19,2013-12-31,20.33,$6.69,3.04,$95.40,0.21,$2.62,7.76,$-1.04,0.0,$0.53B,$0.43B,1.22,$0.46B,$0.14B,3.39,$1.97B,$0.23B,11.70%,$1.97B,$0.07B,3.71%,$1.97B,$0.07B,3.71%,$1.97B,$0.16B,8.24%,$1.97B,$-0.03B,-1.32%,$1.97B,$-0.02B,-1.02%,$-0.02B,$0.14B,-17.70%,$-0.02B,$0.07B,-41.67%,$-0.02B,$1.18B,-1.60%,$0.07B,$0.60B,12.55%,$381,$334,$47,$0,$35,$372,$9,$-7,$2,$-8,$10,$10,$19,$27,$9,$20,20,$0.94,$0.95,$135,$81,$0,$525,$550,$9,$67,$29,$658,$1183,$431,$464,$81,$615,$1046,$0,$-257,$12,$137,$1183,$-16,$89,$27,$116,$0,$0,$0,$28,$28,$128,$-66,$0,$0,$0,$-6,$-6,$0,$-72,$5,$0,$5,$2,$2,$-9,$-59,$-61,$21,$5,$-9
20,2013-09-30,18.99,$4.70,4.04,$94.08,0.2,$-0.19,0.0,$-1.27,0.0,$0.61B,$0.50B,1.21,$0.46B,$0.10B,4.8,$1.93B,$0.20B,10.29%,$1.93B,$0.04B,2.28%,$1.93B,$0.04B,2.28%,$1.93B,$0.14B,7.08%,$1.93B,$-0.06B,-3.21%,$1.93B,$-0.03B,-1.29%,$-0.03B,$0.10B,-21.93%,$-0.03B,$0.03B,-50.51%,$-0.03B,$1.24B,-1.98%,$0.04B,$0.56B,7.69%,$495,$439,$56,$0,$31,$473,$22,$-17,$6,$1,$4,$4,$3,$45,$22,$20,21,$0.16,$0.16,$106,$82,$0,$605,$529,$8,$66,$28,$634,$1239,$500,$462,$83,$643,$1143,$0,$-276,$-8,$96,$1239,$-37,$71,$50,$121,$0,$0,$0,$-35,$-35,$50,$-35,$0,$0,$0,$-6,$-6,$0,$-41,$28,$0,$28,$2,$2,$-7,$-57,$-33,$-8,$4,$-7
21,2013-06-30,18.8,$3.93,4.79,$94.92,0.2,$-3.20,0.0,$-1.67,0.0,$0.67B,$0.50B,1.33,$0.53B,$0.08B,6.59,$1.93B,$0.20B,10.15%,$1.93B,$0.04B,2.02%,$1.93B,$0.04B,2.02%,$1.93B,$0.13B,6.84%,$1.93B,$-0.06B,-3.31%,$1.93B,$-0.03B,-1.66%,$-0.03B,$0.08B,-26.67%,$-0.03B,$0.02B,-56.89%,$-0.03B,$1.30B,-2.43%,$0.04B,$0.61B,6.66%,$556,$486,$69,$0,$34,$535,$21,$-62,$-42,$4,$-45,$-45,$-45,$44,$21,$20,20,$-2.22,$-2.22,$163,$81,$0,$669,$523,$0,$64,$40,$630,$1299,$503,$528,$84,$716,$1219,$0,$-280,$-20,$80,$1299,$-41,$49,$47,$96,$0,$0,$0,$-43,$-43,$12,$-21,$0,$0,$0,$-6,$-6,$0,$-27,$102,$0,$102,$1,$1,$-4,$-95,$4,$4,$2,$-4
22,2013-03-31,13.3,$6.84,1.95,$94.92,0.14,$-4.25,0.0,$0.89,14.94,$0.61B,$0.51B,1.2,$0.42B,$0.14B,3.04,$1.93B,$0.20B,10.21%,$1.93B,$0.05B,2.69%,$1.93B,$0.05B,2.69%,$1.93B,$0.14B,7.46%,$1.93B,$-0.00B,-0.10%,$1.93B,$0.02B,1.09%,$0.02B,$0.14B,16.67%,$0.02B,$0.08B,33.47%,$0.02B,$1.27B,1.55%,$0.05B,$0.56B,8.84%,$534,$476,$58,$0,$33,$513,$21,$-13,$8,$3,$5,$5,$3,$46,$21,$20,21,$0.13,$0.12,$111,$87,$0,$614,$559,$0,$63,$27,$651,$1266,$512,$421,$86,$615,$1127,$0,$-235,$-20,$139,$1266,$5,$25,$-1,$24,$0,$0,$0,$-27,$-27,$1,$-15,$0,$0,$0,$0,$0,$0,$-15,$-4,$0,$-4,$-0,$-0,$0,$0,$-5,$-3,$1,$0
23,2012-12-31,7.65,$6.96,1.1,$94.62,0.08,$-4.31,0.0,$0.76,10.06,$0.57B,$0.47B,1.2,$0.42B,$0.14B,3.0,$1.93B,$0.20B,10.12%,$1.93B,$0.05B,2.49%,$1.93B,$0.05B,2.49%,$1.93B,$0.14B,7.11%,$1.93B,$-0.01B,-0.36%,$1.93B,$0.02B,0.99%,$0.02B,$0.14B,15.87%,$0.02B,$0.08B,34.08%,$0.02B,$1.24B,1.35%,$0.05B,$0.56B,8.00%,$349,$333,$16,$0,$32,$369,$-20,$-14,$-34,$-4,$-30,$-30,$14,$2,$-20,$20,20,$0.69,$0.69,$114,$81,$0,$568,$573,$0,$65,$29,$670,$1238,$474,$422,$87,$623,$1097,$0,$-237,$-12,$141,$1238,$25,$90,$-23,$67,$0,$0,$0,$5,$5,$97,$-92,$0,$0,$0,$0,$0,$0,$-92,$-4,$0,$-4,$-3,$-3,$0,$0,$-7,$-21,$10,$0
24,2012-09-30,7.32,$5.95,1.23,$90.79,0.08,$-5.26,0.0,$0.42,17.44,$0.66B,$0.66B,0.99,$0.49B,$0.12B,4.09,$1.84B,$0.19B,10.49%,$1.84B,$0.05B,2.61%,$1.84B,$0.05B,2.61%,$1.84B,$0.13B,6.96%,$1.84B,$-0.00B,-0.11%,$1.84B,$-0.02B,-1.09%,$-0.02B,$0.12B,-18.39%,$-0.02B,$0.06B,-44.44%,$-0.02B,$1.46B,-1.38%,$0.05B,$0.61B,7.97%,$492,$439,$53,$0,$32,$475,$17,$-13,$4,$3,$1,$1,$-4,$40,$17,$20,20,$-0.20,$-0.20,$119,$105,$4,$658,$699,$0,$63,$29,$803,$1461,$662,$493,$90,$678,$1340,$0,$-183,$-83,$120,$1461,$9,$68,$6,$74,$0,$0,$0,$-45,$-45,$38,$-85,$0,$0,$0,$0,$0,$0,$-85,$54,$0,$54,$-3,$-3,$0,$0,$51,$-16,$8,$0
25,2012-06-30,9.97,$5.14,1.94,$96.59,0.1,$-7.13,0.0,$0.41,24.33,$0.67B,$0.64B,1.05,$0.51B,$0.10B,4.93,$1.94B,$0.20B,10.33%,$1.94B,$0.05B,2.43%,$1.94B,$0.05B,2.43%,$1.94B,$0.13B,6.82%,$1.94B,$-0.01B,-0.36%,$1.94B,$-0.02B,-1.08%,$-0.02B,$0.10B,-19.18%,$-0.02B,$0.04B,-46.67%,$-0.02B,$1.46B,-1.47%,$0.05B,$0.62B,7.79%,$555,$484,$70,$0,$33,$521,$34,$-14,$20,$13,$8,$8,$8,$56,$34,$20,20,$0.38,$0.38,$123,$100,$4,$673,$681,$0,$62,$27,$782,$1455,$640,$513,$95,$711,$1351,$0,$-178,$-89,$104,$1455,$11,$45,$8,$53,$0,$0,$0,$-34,$-34,$30,$-61,$0,$0,$0,$0,$0,$0,$-61,$37,$0,$37,$-3,$-3,$0,$0,$33,$-12,$7,$0
26,2012-03-31,11.57,$5.78,2.0,$100.85,0.11,$-8.01,0.0,$-0.07,0.0,$0.68B,$0.67B,1.02,$0.49B,$0.11B,4.34,$1.98B,$0.19B,9.53%,$1.98B,$0.03B,1.51%,$1.98B,$0.03B,1.51%,$1.98B,$0.12B,6.25%,$1.98B,$-0.03B,-1.31%,$1.98B,$-0.03B,-1.61%,$-0.03B,$0.11B,-26.02%,$-0.03B,$0.05B,-57.14%,$-0.03B,$1.48B,-2.23%,$0.03B,$0.61B,5.01%,$530,$473,$56,$0,$36,$513,$17,$-13,$3,$2,$1,$1,$1,$39,$17,$20,21,$0.03,$0.03,$134,$102,$4,$684,$687,$0,$66,$29,$796,$1480,$671,$494,$95,$695,$1366,$0,$-185,$-71,$114,$1480,$2,$22,$0,$23,$0,$0,$0,$-11,$-11,$14,$-29,$0,$0,$0,$0,$0,$0,$-29,$12,$0,$12,$-0,$-0,$0,$0,$12,$-1,$4,$0
27,2011-12-31,10.2,$4.95,2.06,$105.36,0.1,$-9.35,0.0,$0.39,26.16,$0.62B,$0.63B,0.98,$0.47B,$0.10B,4.86,$2.05B,$0.20B,9.88%,$2.05B,$0.04B,2.09%,$2.05B,$0.04B,2.09%,$2.05B,$0.15B,7.11%,$2.05B,$-0.01B,-0.58%,$2.05B,$-0.02B,-1.17%,$-0.02B,$0.10B,-18.36%,$-0.02B,$0.03B,-38.25%,$-0.02B,$1.40B,-1.68%,$0.04B,$0.57B,7.17%,$262,$248,$14,$0,$32,$283,$-20,$-9,$-29,$2,$-31,$-31,$-25,$-7,$-20,$19,19,$-1.27,$-1.25,$135,$85,$4,$621,$668,$0,$64,$30,$776,$1397,$631,$474,$87,$669,$1300,$0,$-255,$-11,$97,$1397,$-18,$103,$24,$127,$0,$0,$0,$-22,$-22,$87,$-101,$0,$-22,$0,$0,$0,$0,$-123,$32,$0,$32,$-5,$-5,$0,$0,$27,$-15,$15,$0
28,2011-09-30,9.79,$6.25,1.57,$110.98,0.09,$-8.52,0.0,$-1.12,0.0,$0.64B,$0.61B,1.05,$0.49B,$0.12B,4.01,$2.06B,$0.22B,10.79%,$2.06B,$0.05B,2.48%,$2.06B,$0.05B,2.48%,$2.06B,$0.16B,7.82%,$2.06B,$-0.01B,-0.34%,$2.06B,$-0.02B,-0.92%,$-0.02B,$0.12B,-14.13%,$-0.02B,$0.06B,-28.90%,$-0.02B,$1.39B,-1.35%,$0.05B,$0.62B,8.55%,$589,$529,$60,$0,$42,$573,$16,$-17,$-1,$3,$-4,$-4,$-5,$44,$16,$20,20,$-0.25,$-0.25,$97,$91,$8,$642,$633,$0,$66,$29,$744,$1385,$611,$493,$84,$651,$1262,$0,$-191,$-38,$123,$1385,$5,$90,$-0,$89,$0,$0,$0,$-94,$-94,$1,$-83,$0,$-22,$0,$0,$0,$0,$-105,$55,$0,$55,$-5,$-5,$0,$0,$50,$-54,$11,$0
