,Date,Stock Price,Book Value per Share,Price to Book Ratio,TTM Sales per Share,Price to Sales Ratio,TTM FCF per Share,Price to FCF Ratio,TTM Net EPS,PE Ratio,Current Assets,Current Liabilities,Current Ratio,Long Term Debt,Shareholder's Equity_x,Debt to Equity Ratio,TTM Revenue_x,TTM Gross Profit,Gross Margin,TTM Revenue_y,TTM Operating Income,Operating Margin,TTM Revenue_x,TTM EBIT,EBIT Margin,TTM Revenue_y,TTM EBITDA,EBITDA Margin,TTM Revenue_x,TTM Pre-Tax Income,Pre-Tax Margin,TTM Revenue_y,TTM Net Income_x,Net Margin,TTM Net Income_y,Shareholder's Equity_y,Return on Equity,TTM Net Income_x,Tangible Equity,Return on Tangible Equity,TTM Net Income_y,Total Assets,Return on Assets,TTM Net Income,LT Investments & Debt,Return on Investment,revenue,cost-goods-sold,gross-profit,research-development-expenses,selling-general-administrative-expenses,operating-expenses,operating-income,total-non-operating-income-expense,pre-tax-income,total-provision-income-taxes,income-after-taxes,income-from-continuous-operations,net-income,ebitda,ebit,basic-shares-outstanding,shares-outstanding,eps-basic-net-earnings-per-share,eps-earnings-per-share-diluted,cash-on-hand,inventory,other-current-assets,total-current-assets,net-property-plant-equipment,long-term-investments,goodwill-intangible-assets-total,other-long-term-assets,total-long-term-assets,total-assets,total-current-liabilities,long-term-debt,other-non-current-liabilities,total-long-term-liabilities,total-liabilities,common-stock-net,retained-earnings-accumulated-deficit,comprehensive-income,total-share-holder-equity,total-liabilities-share-holders-equity,net-income-loss,total-depreciation-amortization-cash-flow,other-non-cash-items,total-non-cash-items,change-in-accounts-receivable,change-in-inventories,change-in-accounts-payable,change-in-assets-liabilities,total-change-in-assets-liabilities,cash-flow-from-operating-activities,net-change-in-property-plant-equipment,net-change-in-intangible-assets,net-acquisitions-divestitures,net-change-in-short-term-investments,net-change-in-long-term-investments,net-change-in-investments-total,investing-activities-other,cash-flow-from-investing-activities,net-long-term-debt,net-current-debt,debt-issuance-retirement-net-total,net-common-equity-issued-repurchased,net-total-equity-issued-repurchased,total-common-preferred-stock-dividends-paid,financial-activities-other,cash-flow-from-financial-activities,net-cash-flow,stock-based-compensation,common-stock-dividends-paid
0,2018-09-30,18.8,$34.65,0.54,$88.65,0.21,$-3.10,0.0,$2.27,8.28,$3.21B,$1.66B,1.94,$0.78B,$1.73B,0.45,$4.46B,$0.43B,9.59%,$4.46B,$0.16B,3.58%,$4.46B,$0.16B,3.58%,$4.46B,$0.21B,4.61%,$4.46B,$0.10B,2.31%,$4.46B,$0.12B,2.58%,$0.12B,$1.73B,6.73%,$0.12B,$1.06B,11.10%,$0.12B,$4.43B,2.65%,$0.16B,$2.51B,6.46%,$1123,$1012,$111,$0,$64,$1076,$47,$-15,$33,$7,$25,$25,$21,$60,$47,$50,50,$0.43,$0.42,$175,$0,$1216,$3209,$494,$0,$672,$50,$1216,$4425,$1656,$781,$149,$1036,$2692,$50,$652,$-44,$1733,$4425,$42,$34,$28,$61,$0,$0,$0,$-139,$-139,$-35,$-59,$0,$0,$0,$0,$0,$0,$-58,$57,$0,$57,$-3,$-3,$0,$-37,$17,$-76,$18,$0
1,2018-06-30,18.45,$34.24,0.54,$90.06,0.2,$-1.37,0.0,$2.32,7.95,$3.14B,$1.60B,1.97,$0.80B,$1.71B,0.46,$4.54B,$0.44B,9.58%,$4.54B,$0.16B,3.57%,$4.54B,$0.16B,3.57%,$4.54B,$0.21B,4.51%,$4.54B,$0.10B,2.29%,$4.54B,$0.12B,2.60%,$0.12B,$1.71B,7.01%,$0.12B,$1.04B,11.69%,$0.12B,$4.36B,2.74%,$0.16B,$2.51B,6.56%,$1120,$1001,$119,$0,$64,$1065,$55,$-15,$40,$12,$28,$28,$25,$66,$55,$50,50,$0.50,$0.49,$195,$0,$1186,$3144,$491,$0,$673,$50,$1213,$4358,$1599,$795,$146,$1047,$2645,$50,$631,$-45,$1712,$4358,$17,$21,$20,$41,$0,$0,$0,$-120,$-120,$-62,$-44,$0,$0,$-9,$8,$-1,$0,$-45,$81,$0,$81,$-2,$-2,$0,$-27,$51,$-56,$12,$0
2,2018-03-31,22.05,$33.77,0.65,$92.43,0.24,$-0.07,0.0,$2.42,9.11,$3.11B,$1.56B,2.0,$0.79B,$1.69B,0.47,$4.67B,$0.42B,8.98%,$4.67B,$0.14B,3.02%,$4.67B,$0.14B,3.02%,$4.67B,$0.18B,3.92%,$4.67B,$0.12B,2.51%,$4.67B,$0.12B,2.63%,$0.12B,$1.69B,7.43%,$0.12B,$1.01B,12.54%,$0.12B,$4.31B,2.89%,$0.14B,$2.48B,5.75%,$1028,$961,$67,$0,$68,$1029,$-1,$-14,$-15,$-4,$-11,$-11,$-12,$9,$-1,$50,50,$-0.24,$-0.24,$232,$0,$1113,$3113,$473,$0,$674,$49,$1196,$4308,$1559,$790,$166,$1063,$2623,$50,$606,$-44,$1686,$4308,$-11,$10,$11,$21,$0,$0,$0,$-83,$-83,$-73,$-17,$0,$0,$0,$-0,$-0,$0,$-17,$78,$0,$78,$-2,$-2,$0,$-5,$71,$-19,$6,$0
3,2017-12-31,25.35,$34.25,0.74,$93.72,0.27,$0.99,25.72,$2.93,8.65,$3.07B,$1.58B,1.94,$0.71B,$1.71B,0.41,$4.76B,$0.46B,9.56%,$4.76B,$0.18B,3.76%,$4.76B,$0.18B,3.76%,$4.76B,$0.23B,4.88%,$4.76B,$0.15B,3.24%,$4.76B,$0.15B,3.13%,$0.15B,$1.71B,9.17%,$0.15B,$1.03B,15.71%,$0.15B,$4.26B,3.57%,$0.18B,$2.41B,7.43%,$1193,$1062,$131,$0,$71,$1134,$59,$-14,$45,$-38,$83,$83,$81,$71,$59,$50,51,$1.63,$1.59,$251,$0,$1022,$3074,$467,$0,$674,$48,$1190,$4264,$1582,$706,$163,$977,$2559,$50,$622,$-43,$1705,$4264,$155,$52,$14,$66,$0,$0,$0,$-57,$-57,$164,$-28,$0,$0,$-61,$1,$-60,$46,$-41,$-34,$0,$-34,$-12,$-12,$0,$-30,$-75,$47,$21,$0
4,2017-09-30,28.4,$32.76,0.87,$95.22,0.3,$0.30,94.2,$1.93,14.72,$3.12B,$1.51B,2.07,$0.86B,$1.63B,0.52,$4.81B,$0.44B,9.19%,$4.81B,$0.17B,3.58%,$4.81B,$0.17B,3.58%,$4.81B,$0.23B,4.84%,$4.81B,$0.15B,3.08%,$4.81B,$0.10B,2.04%,$0.10B,$1.63B,6.18%,$0.10B,$0.96B,10.78%,$0.10B,$4.28B,2.38%,$0.17B,$2.49B,7.27%,$1200,$1081,$118,$0,$69,$1150,$49,$-15,$34,$9,$25,$25,$24,$59,$49,$50,51,$0.47,$0.47,$288,$0,$973,$3119,$448,$0,$675,$41,$1164,$4283,$1509,$855,$156,$1143,$2652,$50,$541,$-43,$1631,$4283,$72,$40,$31,$72,$0,$0,$0,$-141,$-141,$2,$-8,$0,$0,$0,$-49,$-49,$0,$-57,$125,$0,$125,$-11,$-11,$0,$-17,$98,$43,$16,$0
5,2017-06-30,28.75,$32.15,0.89,$98.11,0.29,$2.12,13.53,$2.03,14.16,$2.99B,$1.45B,2.07,$0.83B,$1.60B,0.52,$4.94B,$0.45B,9.08%,$4.94B,$0.18B,3.72%,$4.94B,$0.18B,3.72%,$4.94B,$0.25B,5.10%,$4.94B,$0.16B,3.28%,$4.94B,$0.10B,2.08%,$0.10B,$1.60B,6.61%,$0.10B,$0.92B,11.68%,$0.10B,$4.17B,2.51%,$0.18B,$2.43B,8.02%,$1247,$1144,$103,$0,$69,$1213,$34,$18,$53,$20,$33,$33,$30,$44,$34,$50,51,$0.61,$0.59,$225,$0,$928,$2992,$456,$0,$676,$41,$1173,$4165,$1446,$832,$156,$1119,$2565,$50,$517,$-44,$1600,$4165,$46,$31,$22,$53,$0,$0,$0,$-134,$-134,$-35,$-7,$0,$0,$-9,$0,$-9,$0,$-16,$105,$0,$105,$-11,$-11,$0,$-15,$79,$28,$10,$0
6,2017-03-31,31.8,$31.39,1.01,$99.93,0.32,$2.88,11.04,$1.87,17.01,$2.81B,$1.40B,2.02,$0.75B,$1.56B,0.48,$5.01B,$0.46B,9.11%,$5.01B,$0.20B,3.98%,$5.01B,$0.20B,3.98%,$5.01B,$0.27B,5.47%,$5.01B,$0.15B,2.90%,$5.01B,$0.09B,1.88%,$0.09B,$1.56B,6.13%,$0.09B,$0.88B,11.01%,$0.09B,$4.00B,2.29%,$0.20B,$2.31B,8.92%,$1117,$1015,$103,$0,$66,$1080,$37,$-15,$22,$8,$14,$14,$14,$58,$37,$49,51,$0.28,$0.27,$165,$0,$899,$2814,$463,$0,$677,$45,$1185,$3998,$1395,$753,$160,$1044,$2438,$50,$487,$-45,$1560,$3998,$14,$21,$7,$28,$0,$0,$0,$-75,$-75,$-33,$-5,$0,$0,$0,$0,$0,$0,$-5,$17,$0,$17,$-11,$-11,$0,$-0,$7,$-32,$4,$0
7,2016-12-31,28.0,$31.56,0.89,$100.02,0.28,$3.88,7.22,$1.91,14.66,$2.84B,$1.52B,1.87,$0.67B,$1.55B,0.43,$4.97B,$0.46B,9.21%,$4.97B,$0.20B,4.06%,$4.97B,$0.20B,4.06%,$4.97B,$0.27B,5.41%,$4.97B,$0.15B,3.02%,$4.97B,$0.10B,1.91%,$0.10B,$1.55B,6.32%,$0.10B,$0.88B,11.54%,$0.10B,$4.04B,2.29%,$0.20B,$2.23B,9.21%,$1247,$1129,$118,$0,$66,$1195,$52,$-13,$39,$8,$30,$30,$30,$72,$52,$49,50,$0.62,$0.61,$197,$0,$898,$2838,$478,$0,$678,$45,$1201,$4039,$1519,$674,$162,$967,$2486,$49,$474,$-45,$1553,$4039,$96,$67,$13,$80,$0,$0,$0,$-62,$-62,$113,$-14,$0,$0,$0,$0,$0,$-5,$-18,$-9,$0,$-9,$-1,$-1,$0,$-15,$-24,$71,$13,$0
8,2016-09-30,21.47,$30.98,0.69,$99.20,0.22,$1.54,13.93,$1.49,14.41,$2.85B,$1.60B,1.78,$0.68B,$1.52B,0.45,$4.93B,$0.41B,8.26%,$4.93B,$0.17B,3.35%,$4.93B,$0.17B,3.35%,$4.93B,$0.22B,4.53%,$4.93B,$0.12B,2.50%,$4.93B,$0.07B,1.50%,$0.07B,$1.52B,5.04%,$0.07B,$0.85B,9.38%,$0.07B,$4.22B,1.80%,$0.17B,$2.21B,7.59%,$1333,$1208,$125,$0,$64,$1272,$61,$-13,$48,$19,$29,$29,$29,$78,$61,$49,50,$0.59,$0.57,$219,$0,$886,$2850,$492,$0,$679,$200,$1371,$4221,$1602,$684,$127,$1095,$2697,$49,$443,$-41,$1524,$4221,$66,$47,$9,$56,$0,$0,$0,$-28,$-28,$94,$-9,$0,$0,$0,$0,$0,$-3,$-12,$28,$0,$28,$-0,$-0,$0,$-15,$13,$95,$10,$0
9,2016-06-30,23.55,$30.36,0.78,$99.53,0.24,$-0.37,0.0,$1.32,17.84,$2.79B,$1.59B,1.76,$0.68B,$1.49B,0.46,$4.94B,$0.38B,7.74%,$4.94B,$0.14B,2.90%,$4.94B,$0.14B,2.90%,$4.94B,$0.20B,3.95%,$4.94B,$0.11B,2.21%,$4.94B,$0.07B,1.32%,$0.07B,$1.49B,4.51%,$0.07B,$0.81B,8.54%,$0.07B,$4.20B,1.61%,$0.14B,$2.17B,6.61%,$1308,$1198,$110,$0,$61,$1259,$49,$-13,$36,$14,$21,$21,$21,$66,$49,$49,50,$0.43,$0.43,$143,$0,$888,$2790,$507,$0,$680,$219,$1406,$4196,$1585,$680,$141,$1118,$2703,$49,$415,$-41,$1493,$4196,$37,$30,$11,$41,$0,$0,$0,$-73,$-73,$5,$-8,$0,$0,$0,$0,$0,$-4,$-11,$39,$0,$39,$0,$0,$0,$-15,$25,$18,$7,$0
10,2016-03-31,15.54,$29.35,0.53,$99.48,0.16,$-1.51,0.0,$1.13,13.75,$2.73B,$1.55B,1.76,$0.73B,$1.44B,0.5,$4.94B,$0.37B,7.51%,$4.94B,$0.13B,2.53%,$4.94B,$0.13B,2.53%,$4.94B,$0.17B,3.44%,$4.94B,$0.09B,1.88%,$4.94B,$0.06B,1.13%,$0.06B,$1.44B,3.95%,$0.06B,$0.76B,7.61%,$0.06B,$4.13B,1.41%,$0.13B,$2.17B,5.76%,$1085,$980,$105,$0,$65,$1045,$40,$-13,$27,$11,$15,$15,$15,$53,$40,$49,49,$0.31,$0.31,$140,$0,$950,$2732,$520,$0,$681,$199,$1399,$4131,$1552,$726,$139,$1139,$2691,$49,$393,$-41,$1440,$4131,$15,$13,$7,$20,$0,$0,$0,$-19,$-19,$16,$-4,$0,$0,$0,$0,$0,$-3,$-7,$12,$0,$12,$0,$0,$0,$-6,$6,$15,$4,$0
11,2015-12-31,16.74,$28.94,0.58,$98.98,0.17,$-1.90,0.0,$0.92,18.2,$2.61B,$1.45B,1.8,$0.73B,$1.42B,0.51,$4.92B,$0.36B,7.26%,$4.92B,$0.11B,2.13%,$4.92B,$0.11B,2.13%,$4.92B,$0.15B,3.01%,$4.92B,$0.07B,1.50%,$4.92B,$0.05B,0.93%,$0.05B,$1.42B,3.28%,$0.05B,$0.74B,6.39%,$0.05B,$3.86B,1.18%,$0.11B,$2.15B,4.83%,$1201,$1134,$67,$0,$51,$1185,$15,$-4,$12,$3,$9,$9,$9,$26,$15,$49,50,$0.17,$0.17,$121,$0,$1014,$2609,$524,$0,$682,$47,$1252,$3861,$1449,$729,$141,$992,$2441,$49,$378,$-42,$1420,$3861,$45,$42,$27,$69,$0,$0,$0,$-100,$-100,$14,$-31,$0,$0,$0,$0,$0,$-1,$-32,$-41,$0,$-41,$-1,$-1,$0,$0,$-42,$-60,$9,$0
12,2015-09-30,16.46,$28.87,0.57,$99.27,0.17,$-4.14,0.0,$1.30,12.66,$2.68B,$1.54B,1.73,$0.75B,$1.42B,0.53,$4.92B,$0.42B,8.53%,$4.92B,$0.15B,3.13%,$4.92B,$0.15B,3.13%,$4.92B,$0.20B,4.02%,$4.92B,$0.12B,2.36%,$4.92B,$0.07B,1.32%,$0.07B,$1.42B,4.68%,$0.07B,$0.73B,9.22%,$0.07B,$3.97B,1.68%,$0.15B,$2.16B,7.09%,$1341,$1241,$100,$0,$61,$1302,$39,$-5,$34,$14,$20,$20,$20,$50,$39,$49,50,$0.40,$0.40,$135,$0,$971,$2676,$531,$0,$682,$81,$1295,$3970,$1543,$746,$115,$1010,$2554,$49,$369,$-45,$1417,$3970,$37,$31,$18,$49,$0,$0,$0,$-65,$-65,$21,$-31,$0,$0,$0,$0,$0,$6,$-25,$-33,$0,$-33,$-1,$-1,$0,$0,$-34,$-39,$17,$0
13,2015-06-30,21.58,$28.42,0.76,$97.82,0.22,$-7.51,0.0,$1.63,13.24,$2.64B,$1.48B,1.78,$0.81B,$1.40B,0.58,$4.83B,$0.46B,9.54%,$4.83B,$0.19B,3.83%,$4.83B,$0.19B,3.83%,$4.83B,$0.23B,4.76%,$4.83B,$0.14B,2.92%,$4.83B,$0.08B,1.68%,$0.08B,$1.40B,5.91%,$0.08B,$0.71B,11.83%,$0.08B,$3.94B,2.12%,$0.19B,$2.20B,8.46%,$1312,$1214,$99,$0,$68,$1282,$31,$-11,$20,$8,$12,$12,$12,$41,$31,$49,50,$0.24,$0.24,$146,$0,$920,$2638,$538,$0,$683,$85,$1306,$3944,$1479,$807,$113,$1070,$2549,$49,$349,$-43,$1395,$3944,$17,$20,$10,$31,$0,$0,$0,$-80,$-80,$-32,$-28,$0,$0,$0,$0,$0,$5,$-24,$27,$0,$27,$-1,$-1,$0,$0,$27,$-29,$13,$0
14,2015-03-31,23.35,$28.13,0.83,$93.59,0.25,$-8.06,0.0,$1.97,11.85,$2.47B,$1.33B,1.86,$0.80B,$1.38B,0.58,$4.60B,$0.49B,10.69%,$4.60B,$0.22B,4.76%,$4.60B,$0.22B,4.76%,$4.60B,$0.27B,5.86%,$4.60B,$0.17B,3.67%,$4.60B,$0.10B,2.13%,$0.10B,$1.38B,7.28%,$0.10B,$0.69B,14.87%,$0.10B,$3.77B,2.61%,$0.22B,$2.17B,10.18%,$1066,$976,$91,$0,$71,$1046,$20,$-12,$8,$3,$5,$5,$5,$31,$20,$49,50,$0.11,$0.10,$190,$0,$870,$2472,$524,$0,$684,$87,$1294,$3766,$1329,$796,$114,$1059,$2388,$49,$338,$-42,$1378,$3766,$5,$11,$7,$17,$0,$0,$0,$-25,$-25,$-2,$-5,$0,$0,$0,$0,$0,$0,$-5,$18,$0,$18,$-1,$-1,$0,$0,$17,$10,$9,$0
15,2014-12-31,24.07,$28.06,0.86,$91.59,0.26,$-8.90,0.0,$2.20,10.94,$2.47B,$1.36B,1.82,$0.78B,$1.37B,0.57,$4.49B,$0.51B,11.26%,$4.49B,$0.24B,5.34%,$4.49B,$0.24B,5.34%,$4.49B,$0.30B,6.57%,$4.49B,$0.19B,4.18%,$4.49B,$0.11B,2.43%,$0.11B,$1.37B,8.27%,$0.11B,$0.68B,17.29%,$0.11B,$3.77B,2.95%,$0.24B,$2.15B,11.43%,$1202,$1072,$130,$0,$65,$1137,$64,$-10,$54,$26,$28,$28,$28,$76,$64,$49,49,$0.56,$0.56,$180,$0,$795,$2473,$528,$0,$685,$88,$1301,$3773,$1359,$784,$115,$1049,$2408,$49,$333,$-42,$1366,$3773,$108,$54,$47,$101,$0,$0,$0,$-266,$-266,$-57,$-70,$0,$0,$0,$44,$44,$-2,$-27,$130,$0,$130,$-2,$-2,$0,$-29,$99,$16,$19,$0
16,2014-09-30,26.4,$27.57,0.96,$89.74,0.29,$-6.10,0.0,$2.32,11.38,$2.56B,$1.40B,1.83,$0.88B,$1.34B,0.66,$4.39B,$0.52B,11.75%,$4.39B,$0.25B,5.60%,$4.39B,$0.25B,5.60%,$4.39B,$0.31B,6.99%,$4.39B,$0.19B,4.28%,$4.39B,$0.11B,2.60%,$0.11B,$1.34B,8.84%,$0.11B,$0.65B,19.02%,$0.11B,$3.84B,3.16%,$0.25B,$2.22B,12.12%,$1251,$1110,$141,$0,$70,$1180,$70,$-12,$59,$23,$36,$36,$36,$82,$70,$49,49,$0.74,$0.73,$184,$0,$789,$2562,$527,$0,$688,$58,$1273,$3836,$1402,$880,$97,$1093,$2495,$49,$305,$-33,$1341,$3836,$80,$42,$34,$76,$0,$0,$0,$-300,$-300,$-143,$-33,$0,$0,$44,$0,$44,$-4,$7,$184,$0,$184,$-2,$-2,$0,$-29,$153,$17,$14,$0
17,2014-06-30,31.74,$26.79,1.18,$85.45,0.37,$-3.51,0.0,$2.08,15.26,$2.36B,$1.35B,1.74,$0.76B,$1.30B,0.59,$4.17B,$0.50B,11.90%,$4.17B,$0.23B,5.61%,$4.17B,$0.23B,5.61%,$4.17B,$0.30B,7.12%,$4.17B,$0.17B,3.98%,$4.17B,$0.10B,2.45%,$0.10B,$1.30B,8.13%,$0.10B,$0.61B,18.05%,$0.10B,$3.66B,2.90%,$0.23B,$2.06B,12.05%,$1085,$955,$130,$0,$64,$1019,$65,$-18,$48,$19,$29,$29,$29,$81,$65,$49,49,$0.59,$0.58,$182,$0,$713,$2358,$530,$0,$691,$76,$1297,$3655,$1354,$761,$122,$999,$2353,$49,$269,$-33,$1301,$3655,$44,$30,$14,$44,$0,$0,$0,$-150,$-150,$-61,$-25,$0,$0,$44,$0,$44,$-0,$20,$68,$0,$68,$-2,$-2,$0,$-5,$62,$20,$10,$0
18,2014-03-31,28.67,$26.11,1.1,$85.01,0.34,$-3.07,0.0,$1.82,15.75,$2.20B,$1.33B,1.66,$0.70B,$1.27B,0.55,$4.14B,$0.47B,11.41%,$4.14B,$0.21B,5.03%,$4.14B,$0.21B,5.03%,$4.14B,$0.27B,6.50%,$4.14B,$0.14B,3.46%,$4.14B,$0.09B,2.13%,$0.09B,$1.27B,7.18%,$0.09B,$0.58B,16.45%,$0.09B,$3.53B,2.54%,$0.21B,$1.97B,11.00%,$955,$850,$105,$0,$64,$914,$41,$-14,$27,$11,$16,$16,$16,$56,$41,$48,49,$0.33,$0.33,$176,$0,$753,$2201,$517,$46,$688,$73,$1324,$3525,$1328,$698,$119,$931,$2258,$49,$241,$-33,$1267,$3525,$16,$15,$5,$20,$0,$0,$0,$-77,$-77,$-41,$-7,$0,$0,$0,$0,$0,$-1,$-8,$64,$0,$64,$-2,$-2,$0,$-1,$62,$13,$5,$0
19,2013-12-31,26.3,$25.76,1.02,$85.95,0.31,$-4.08,0.0,$1.80,14.61,$2.09B,$1.30B,1.61,$0.62B,$1.25B,0.5,$4.18B,$0.47B,11.19%,$4.18B,$0.20B,4.86%,$4.18B,$0.20B,4.86%,$4.18B,$0.26B,6.30%,$4.18B,$0.14B,3.35%,$4.18B,$0.09B,2.08%,$0.09B,$1.25B,7.26%,$0.09B,$0.56B,17.15%,$0.09B,$3.40B,2.54%,$0.20B,$1.87B,10.83%,$1099,$960,$140,$0,$70,$1029,$70,$-17,$54,$20,$33,$33,$33,$88,$70,$48,49,$0.69,$0.68,$163,$0,$624,$2086,$498,$46,$691,$76,$1312,$3397,$1298,$619,$118,$851,$2150,$48,$225,$-33,$1248,$3397,$87,$59,$11,$70,$0,$0,$0,$-107,$-107,$51,$-40,$0,$0,$0,$0,$0,$-4,$-44,$-24,$0,$-24,$-2,$-2,$0,$-30,$-55,$-48,$7,$0
20,2013-09-30,21.32,$25.02,0.85,$86.80,0.25,$-6.36,0.0,$1.98,10.77,$2.17B,$1.35B,1.61,$0.67B,$1.20B,0.56,$4.19B,$0.45B,10.81%,$4.19B,$0.19B,4.63%,$4.19B,$0.19B,4.63%,$4.19B,$0.25B,5.99%,$4.19B,$0.13B,3.20%,$4.19B,$0.10B,2.29%,$0.10B,$1.20B,8.19%,$0.10B,$0.52B,20.01%,$0.10B,$3.48B,2.82%,$0.19B,$1.87B,10.43%,$1030,$910,$121,$0,$63,$972,$58,$-21,$37,$13,$24,$24,$24,$72,$58,$48,49,$0.50,$0.49,$175,$0,$587,$2170,$493,$46,$689,$81,$1309,$3479,$1349,$670,$146,$926,$2275,$48,$191,$-44,$1204,$3479,$54,$42,$6,$48,$0,$0,$0,$-113,$-113,$-11,$-37,$0,$0,$0,$0,$0,$-9,$-46,$35,$0,$35,$-1,$-1,$0,$-17,$17,$-40,$7,$0
21,2013-06-30,18.09,$24.65,0.73,$88.41,0.2,$-6.40,0.0,$2.37,7.63,$2.15B,$1.36B,1.58,$0.68B,$1.18B,0.57,$4.26B,$0.45B,10.50%,$4.26B,$0.19B,4.48%,$4.26B,$0.19B,4.48%,$4.26B,$0.25B,5.82%,$4.26B,$0.14B,3.31%,$4.26B,$0.12B,2.70%,$0.12B,$1.18B,10.03%,$0.12B,$0.49B,25.50%,$0.12B,$3.46B,3.44%,$0.19B,$1.86B,10.46%,$1053,$947,$106,$0,$66,$1014,$39,$-14,$25,$10,$15,$15,$15,$53,$39,$48,49,$0.32,$0.32,$190,$0,$559,$2147,$491,$46,$691,$81,$1310,$3457,$1356,$676,$136,$921,$2277,$48,$168,$-44,$1181,$3457,$30,$28,$4,$32,$0,$0,$0,$-101,$-101,$-39,$-26,$0,$0,$0,$0,$0,$-8,$-34,$47,$0,$47,$0,$0,$0,$0,$47,$-25,$5,$0
22,2013-03-31,19.3,$24.42,0.79,$87.51,0.22,$-6.00,0.0,$-5.30,0.0,$2.07B,$1.25B,1.67,$0.74B,$1.16B,0.63,$4.19B,$0.43B,10.21%,$4.19B,$-0.20B,-4.82%,$4.19B,$-0.20B,-4.82%,$4.19B,$0.23B,5.58%,$4.19B,$-0.25B,-5.92%,$4.19B,$-0.25B,-5.92%,$-0.25B,$1.16B,-22.23%,$-0.25B,$0.47B,-59.54%,$-0.25B,$3.39B,-7.58%,$-0.20B,$1.90B,-11.33%,$993,$893,$100,$0,$64,$957,$36,$-12,$24,$9,$15,$15,$15,$50,$36,$48,49,$0.31,$0.31,$178,$0,$554,$2073,$487,$46,$694,$87,$1315,$3387,$1245,$737,$134,$981,$2226,$48,$152,$-43,$1162,$3387,$15,$14,$3,$17,$0,$0,$0,$-116,$-116,$-84,$-12,$0,$0,$0,$0,$0,$-7,$-18,$67,$0,$67,$-0,$-0,$0,$0,$67,$-36,$3,$0
23,2012-12-31,13.7,$24.05,0.57,$86.33,0.16,$-4.69,0.0,$-5.64,0.0,$1.98B,$1.23B,1.61,$0.67B,$1.14B,0.59,$4.11B,$0.41B,10.07%,$4.11B,$-0.22B,-5.38%,$4.11B,$-0.22B,-5.38%,$4.11B,$0.22B,5.28%,$4.11B,$-0.27B,-6.52%,$4.11B,$-0.26B,-6.42%,$-0.26B,$1.14B,-22.45%,$-0.26B,$0.45B,-69.70%,$-0.26B,$3.30B,-7.98%,$-0.22B,$1.81B,-12.19%,$1114,$988,$126,$0,$66,$1053,$61,$-13,$48,$6,$42,$42,$42,$76,$61,$47,47,$0.89,$0.91,$207,$0,$540,$1982,$485,$46,$697,$86,$1315,$3296,$1234,$669,$139,$918,$2153,$48,$137,$-44,$1144,$3296,$-265,$438,$-13,$425,$51,$0,$-89,$-192,$-228,$-68,$-30,$0,$0,$16,$0,$16,$-3,$-17,$62,$0,$62,$-0,$-0,$0,$-13,$49,$-36,$9,$0
24,2012-09-30,11.44,$23.15,0.49,$86.13,0.13,$-4.48,0.0,$-6.00,0.0,$1.96B,$1.32B,1.48,$0.64B,$1.10B,0.58,$4.11B,$0.41B,10.04%,$4.11B,$-0.23B,-5.62%,$4.11B,$-0.23B,-5.62%,$4.11B,$0.21B,5.11%,$4.11B,$-0.28B,-6.74%,$4.11B,$-0.28B,-6.86%,$-0.28B,$1.10B,-22.74%,$-0.28B,$0.40B,-81.86%,$-0.28B,$3.24B,-8.33%,$-0.23B,$1.74B,-12.40%,$1099,$984,$115,$0,$61,$1045,$55,$-10,$44,$2,$43,$43,$43,$69,$55,$48,48,$0.90,$0.88,$219,$0,$488,$1960,$488,$46,$701,$40,$1275,$3235,$1321,$637,$117,$813,$2135,$48,$96,$-43,$1101,$3235,$-307,$423,$-32,$392,$0,$0,$0,$-113,$-113,$-28,$-22,$0,$0,$16,$0,$16,$-3,$-9,$26,$0,$26,$-0,$-0,$0,$-12,$14,$-23,$7,$0
25,2012-06-30,12.67,$22.21,0.57,$87.75,0.14,$-6.75,0.0,$-6.14,0.0,$1.90B,$1.31B,1.45,$0.63B,$1.06B,0.59,$4.18B,$0.42B,10.00%,$4.18B,$-0.22B,-5.36%,$4.18B,$-0.22B,-5.36%,$4.18B,$0.22B,5.17%,$4.18B,$-0.27B,-6.34%,$4.18B,$-0.29B,-6.94%,$-0.29B,$1.06B,-22.14%,$-0.29B,$0.35B,-90.98%,$-0.29B,$3.18B,-8.25%,$-0.22B,$1.68B,-11.41%,$985,$898,$87,$0,$65,$1340,$-354,$-10,$-364,$-15,$-348,$-348,$-348,$39,$-354,$47,47,$-7.35,$-7.35,$224,$0,$477,$1902,$488,$46,$704,$35,$1274,$3177,$1311,$625,$125,$809,$2120,$48,$53,$-42,$1056,$3177,$-350,$409,$-34,$375,$0,$0,$0,$-57,$-57,$-32,$-12,$0,$0,$16,$0,$16,$-3,$1,$16,$0,$16,$-0,$-0,$0,$-3,$12,$-19,$5,$0
26,2012-03-31,15.58,$29.63,0.53,$84.07,0.19,$-8.06,0.0,$1.62,9.62,$1.88B,$1.28B,1.47,$0.62B,$1.40B,0.44,$4.01B,$0.42B,10.41%,$4.01B,$0.17B,4.16%,$4.01B,$0.17B,4.16%,$4.01B,$0.22B,5.56%,$4.01B,$0.13B,3.24%,$4.01B,$0.08B,1.94%,$0.08B,$1.40B,5.64%,$0.08B,$0.32B,21.99%,$0.08B,$3.52B,2.22%,$0.17B,$2.02B,8.22%,$913,$826,$86,$0,$69,$896,$17,$-13,$4,$5,$-1,$-1,$-1,$33,$17,$47,47,$-0.03,$-0.03,$226,$0,$465,$1877,$490,$46,$1087,$18,$1641,$3519,$1281,$617,$111,$834,$2115,$47,$401,$-42,$1403,$3519,$-1,$16,$13,$29,$0,$0,$0,$-52,$-52,$-25,$-7,$0,$0,$16,$0,$16,$-0,$9,$3,$0,$3,$-0,$-0,$0,$-1,$2,$-14,$3,$0
27,2011-12-31,12.34,$29.58,0.42,$77.65,0.16,$-8.56,0.0,$1.79,6.89,$1.95B,$1.39B,1.4,$0.61B,$1.40B,0.44,$3.72B,$0.39B,10.60%,$3.72B,$0.17B,4.55%,$3.72B,$0.17B,4.55%,$3.72B,$0.22B,5.84%,$3.72B,$0.14B,3.69%,$3.72B,$0.09B,2.31%,$0.09B,$1.40B,6.31%,$0.09B,$0.31B,21.20%,$0.09B,$3.61B,2.59%,$0.17B,$2.01B,8.63%,$1115,$989,$125,$0,$75,$1064,$51,$-12,$39,$15,$24,$24,$24,$69,$51,$47,48,$0.50,$0.51,$240,$0,$435,$1950,$491,$62,$1091,$19,$1663,$3613,$1393,$613,$110,$820,$2213,$47,$403,$-44,$1400,$3613,$86,$48,$23,$71,$-74,$0,$-45,$-32,$-188,$-32,$-57,$0,$-342,$30,$0,$30,$-7,$-375,$147,$0,$147,$-0,$-0,$0,$-7,$140,$-267,$9,$0
28,2011-09-30,11.49,$29.19,0.39,$68.51,0.17,$-6.67,0.0,$1.69,6.8,$2.11B,$1.43B,1.48,$0.76B,$1.38B,0.55,$3.29B,$0.34B,10.37%,$3.29B,$0.15B,4.56%,$3.29B,$0.15B,4.56%,$3.29B,$0.19B,5.72%,$3.29B,$0.12B,3.77%,$3.29B,$0.08B,2.46%,$0.08B,$1.38B,6.04%,$0.08B,$0.30B,17.30%,$0.08B,$3.75B,2.60%,$0.15B,$2.14B,7.99%,$1166,$1046,$120,$0,$58,$1104,$62,$-6,$56,$21,$35,$35,$35,$75,$62,$47,48,$0.75,$0.74,$309,$0,$468,$2108,$473,$67,$1085,$21,$1646,$3754,$1426,$759,$93,$946,$2373,$47,$379,$-37,$1381,$3754,$62,$30,$-1,$29,$0,$0,$0,$-216,$-216,$-125,$-33,$0,$-338,$7,$0,$7,$-7,$-371,$305,$0,$305,$-0,$-0,$0,$-7,$298,$-198,$7,$0
29,2011-06-30,19.18,$28.49,0.67,$59.37,0.32,$-4.40,0.0,$1.60,11.99,$1.75B,$1.06B,1.66,$0.61B,$1.35B,0.45,$2.86B,$0.31B,10.93%,$2.86B,$0.14B,4.83%,$2.86B,$0.14B,4.83%,$2.86B,$0.17B,5.95%,$2.86B,$0.12B,4.10%,$2.86B,$0.08B,2.70%,$0.08B,$1.35B,5.78%,$0.08B,$0.50B,14.08%,$0.08B,$3.14B,2.69%,$0.14B,$1.95B,8.13%,$820,$733,$87,$0,$50,$783,$37,$-6,$31,$11,$20,$20,$20,$46,$37,$47,48,$0.42,$0.41,$453,$0,$268,$1754,$425,$88,$851,$21,$1385,$3139,$1055,$606,$48,$738,$1792,$47,$343,$-36,$1347,$3139,$27,$17,$5,$22,$0,$0,$0,$-137,$-137,$-88,$-19,$0,$-162,$7,$0,$7,$-7,$-180,$222,$0,$222,$0,$0,$0,$-4,$218,$-50,$7,$0
30,2011-03-31,24.36,$28.09,0.87,$60.73,0.4,$-2.07,0.0,$1.85,13.17,$1.52B,$0.94B,1.61,$0.41B,$1.32B,0.31,$2.95B,$0.32B,10.99%,$2.95B,$0.16B,5.32%,$2.95B,$0.16B,5.32%,$2.95B,$0.19B,6.38%,$2.95B,$0.14B,4.68%,$2.95B,$0.09B,3.05%,$0.09B,$1.32B,6.77%,$0.09B,$0.52B,15.69%,$0.09B,$2.80B,3.22%,$0.16B,$1.73B,10.03%,$615,$553,$62,$0,$44,$597,$19,$-8,$11,$4,$7,$7,$7,$27,$19,$47,48,$0.15,$0.14,$395,$0,$208,$1518,$373,$88,$803,$16,$1280,$2798,$942,$408,$46,$533,$1474,$47,$323,$-36,$1324,$2798,$7,$8,$4,$12,$0,$0,$0,$-66,$-66,$-48,$-8,$0,$-74,$0,$0,$0,$-0,$-82,$25,$0,$25,$0,$0,$0,$-0,$25,$-104,$4,$0
31,2010-12-31,21.41,$27.88,0.77,$65.40,0.33,$-2.20,0.0,$2.13,10.05,$1.56B,$0.97B,1.61,$0.37B,$1.31B,0.29,$3.20B,$0.34B,10.57%,$3.20B,$0.17B,5.38%,$3.20B,$0.17B,5.38%,$3.20B,$0.20B,6.35%,$3.20B,$0.16B,5.00%,$3.20B,$0.10B,3.25%,$0.10B,$1.31B,7.84%,$0.10B,$0.56B,17.69%,$0.10B,$2.78B,3.73%,$0.17B,$1.69B,11.61%,$688,$616,$72,$0,$40,$656,$32,$-6,$26,$7,$19,$19,$19,$40,$32,$48,49,$0.40,$0.40,$495,$0,$182,$1561,$362,$88,$754,$13,$1218,$2779,$968,$374,$45,$498,$1466,$47,$317,$-36,$1313,$2779,$104,$31,$16,$47,$-15,$0,$-101,$2,$-125,$26,$-23,$0,$-31,$7,$0,$7,$-24,$-71,$269,$0,$269,$-40,$-40,$-47,$-14,$168,$123,$13,$-47
32,2010-09-30,19.25,$28.49,0.68,$73.31,0.26,$-3.49,0.0,$2.39,8.05,$1.53B,$1.18B,1.3,$0.08B,$1.34B,0.06,$3.59B,$0.35B,9.85%,$3.59B,$0.18B,5.09%,$3.59B,$0.18B,5.09%,$3.59B,$0.21B,5.96%,$3.59B,$0.17B,4.84%,$3.59B,$0.12B,3.26%,$0.12B,$1.34B,8.87%,$0.12B,$0.61B,19.96%,$0.12B,$2.73B,4.18%,$0.18B,$1.42B,13.04%,$732,$641,$91,$0,$41,$682,$50,$-1,$49,$18,$31,$31,$31,$57,$50,$47,48,$0.65,$0.65,$237,$0,$168,$1528,$355,$94,$731,$18,$1198,$2726,$1177,$79,$50,$207,$1384,$47,$345,$-33,$1342,$2726,$85,$23,$7,$31,$0,$0,$0,$-151,$-151,$-36,$-14,$0,$-7,$7,$0,$7,$-23,$-38,$-20,$0,$-20,$-40,$-40,$0,$-2,$-62,$-135,$10,$0
33,2010-06-30,15.79,$27.50,0.57,$81.84,0.19,$-3.98,0.0,$2.28,6.93,$1.68B,$1.33B,1.26,$0.08B,$1.34B,0.06,$4.03B,$0.35B,8.64%,$4.03B,$0.18B,4.34%,$4.03B,$0.18B,4.34%,$4.03B,$0.21B,5.19%,$4.03B,$0.17B,4.12%,$4.03B,$0.11B,2.80%,$0.11B,$1.34B,8.71%,$0.11B,$0.60B,20.13%,$0.11B,$2.88B,3.95%,$0.18B,$1.42B,12.66%,$914,$815,$99,$0,$43,$859,$56,$-4,$52,$19,$33,$33,$33,$64,$56,$49,50,$0.67,$0.66,$327,$0,$158,$1679,$354,$100,$733,$17,$1204,$2883,$1334,$83,$51,$212,$1546,$49,$314,$-33,$1336,$2883,$54,$16,$6,$22,$0,$0,$0,$-63,$-63,$13,$-8,$0,$-7,$1,$0,$1,$-24,$-38,$-7,$0,$-7,$-11,$-11,$0,$-2,$-20,$-45,$7,$0
34,2010-03-31,20.84,$26.76,0.78,$91.61,0.23,$-5.30,0.0,$2.41,8.65,$1.57B,$1.24B,1.26,$0.09B,$1.31B,0.07,$4.50B,$0.36B,7.94%,$4.50B,$0.18B,4.07%,$4.50B,$0.18B,4.07%,$4.50B,$0.22B,4.87%,$4.50B,$0.18B,3.91%,$4.50B,$0.12B,2.65%,$0.12B,$1.31B,9.38%,$0.12B,$0.58B,22.48%,$0.12B,$2.77B,4.06%,$0.18B,$1.40B,13.27%,$865,$789,$76,$0,$42,$831,$34,$-1,$33,$12,$21,$21,$21,$42,$34,$49,49,$0.43,$0.42,$280,$0,$168,$1566,$351,$101,$735,$20,$1207,$2773,$1242,$88,$53,$218,$1460,$49,$281,$-33,$1313,$2773,$21,$8,$3,$11,$0,$0,$0,$-92,$-92,$-60,$-4,$0,$0,$0,$0,$0,$-23,$-26,$-3,$0,$-3,$-0,$-0,$0,$-1,$-5,$-91,$4,$0
35,2009-12-31,17.32,$26.54,0.65,$105.05,0.16,$-5.07,0.0,$2.79,6.21,$1.62B,$1.31B,1.23,$0.09B,$1.29B,0.07,$5.15B,$0.39B,7.53%,$5.15B,$0.21B,4.11%,$5.15B,$0.21B,4.11%,$5.15B,$0.25B,4.85%,$5.15B,$0.21B,4.00%,$5.15B,$0.14B,2.66%,$0.14B,$1.29B,11.10%,$0.14B,$0.55B,27.82%,$0.14B,$2.82B,4.48%,$0.21B,$1.37B,15.46%,$1082,$995,$88,$0,$45,$1039,$43,$-3,$40,$8,$32,$32,$32,$51,$43,$49,49,$0.67,$0.66,$348,$0,$176,$1615,$349,$101,$737,$19,$1206,$2821,$1311,$85,$57,$221,$1532,$49,$260,$-33,$1288,$2821,$137,$39,$3,$41,$333,$0,$-449,$-56,$-204,$-26,$-35,$0,$-7,$4,$0,$4,$-3,$-41,$30,$0,$30,$0,$0,$0,$-1,$29,$-38,$12,$0
36,2009-09-30,20.41,$25.77,0.79,$129.78,0.16,$-1.92,0.0,$-1.16,0.0,$1.78B,$1.49B,1.19,$0.09B,$1.25B,0.07,$5.67B,$0.41B,7.23%,$5.67B,$0.01B,0.18%,$5.67B,$0.01B,0.18%,$5.67B,$0.28B,4.95%,$5.67B,$0.01B,0.12%,$5.67B,$-0.06B,-1.02%,$-0.06B,$1.25B,-4.85%,$-0.06B,$0.51B,-12.59%,$-0.06B,$2.97B,-1.86%,$0.01B,$1.34B,0.75%,$1169,$1083,$85,$0,$43,$1126,$42,$-2,$41,$14,$27,$27,$27,$52,$42,$49,49,$0.55,$0.54,$336,$0,$28,$1775,$342,$101,$740,$16,$1199,$2974,$1491,$86,$57,$232,$1723,$49,$228,$-35,$1251,$2974,$105,$30,$3,$33,$0,$0,$0,$-190,$-190,$-52,$-24,$0,$-7,$0,$0,$0,$0,$-30,$32,$0,$32,$0,$0,$0,$-1,$32,$-50,$8,$0
37,2009-06-30,16.63,$25.13,0.66,$148.00,0.11,$-0.90,0.0,$-0.69,0.0,$1.96B,$1.61B,1.22,$0.19B,$1.22B,0.15,$5.92B,$0.41B,6.95%,$5.92B,$0.02B,0.34%,$5.92B,$0.02B,0.34%,$5.92B,$0.29B,4.85%,$5.92B,$0.02B,0.34%,$5.92B,$-0.05B,-0.86%,$-0.05B,$1.22B,-4.18%,$-0.05B,$0.48B,-12.11%,$-0.05B,$3.16B,-1.58%,$0.02B,$1.41B,1.49%,$1383,$1275,$108,$0,$44,$1319,$64,$-2,$62,$23,$39,$39,$39,$74,$64,$49,49,$0.80,$0.79,$451,$0,$16,$1964,$338,$101,$743,$17,$1200,$3163,$1606,$186,$61,$338,$1944,$49,$201,$-35,$1220,$3163,$78,$21,$0,$21,$0,$0,$0,$-139,$-139,$-41,$-19,$0,$-7,$4,$0,$4,$1,$-22,$128,$0,$128,$0,$0,$0,$-1,$127,$65,$4,$0
38,2009-03-31,11.79,$24.30,0.49,$169.78,0.07,$2.56,4.61,$-0.45,0.0,$2.07B,$1.72B,1.21,$0.19B,$1.18B,0.16,$5.92B,$0.37B,6.32%,$5.92B,$-0.00B,-0.02%,$5.92B,$-0.00B,-0.02%,$5.92B,$0.26B,4.36%,$5.92B,$0.00B,0.05%,$5.92B,$-0.06B,-1.03%,$-0.06B,$1.18B,-5.96%,$-0.06B,$0.43B,-15.16%,$-0.06B,$3.27B,-2.11%,$-0.00B,$1.37B,-0.09%,$1518,$1411,$107,$0,$44,$1456,$63,$0,$63,$24,$39,$39,$39,$73,$63,$49,49,$0.80,$0.80,$459,$0,$19,$2070,$333,$103,$748,$17,$1202,$3272,$1715,$191,$90,$378,$2093,$49,$162,$-35,$1179,$3272,$39,$10,$2,$13,$0,$0,$0,$-95,$-95,$-44,$-9,$0,$-5,$1,$0,$1,$0,$-12,$129,$0,$129,$-0,$-0,$0,$-0,$128,$72,$3,$0
39,2008-12-31,22.4,$23.56,0.95,$184.24,0.12,$4.32,5.18,$-0.34,0.0,$1.91B,$1.69B,1.13,$0.06B,$1.14B,0.05,$5.66B,$0.33B,5.90%,$5.66B,$-0.03B,-0.44%,$5.66B,$-0.03B,-0.44%,$5.66B,$0.23B,4.01%,$5.66B,$-0.02B,-0.35%,$5.66B,$-0.08B,-1.33%,$-0.08B,$1.14B,-9.07%,$-0.08B,$0.43B,-19.38%,$-0.08B,$3.07B,-2.99%,$-0.03B,$1.20B,-2.90%,$1603,$1493,$110,$0,$45,$1762,$-159,$0,$-159,$4,$-163,$-163,$-163,$82,$-159,$34,34,$-5.20,$-5.14,$386,$0,$134,$1910,$328,$105,$713,$16,$1163,$3073,$1685,$62,$89,$250,$1935,$48,$123,$-35,$1138,$3073,$-75,$252,$5,$257,$-137,$0,$126,$-33,$-56,$126,$-61,$0,$92,$-102,$0,$-102,$-1,$-72,$-36,$-58,$-95,$-32,$-32,$0,$0,$-127,$-73,$12,$0
40,2008-09-30,24.71,$26.75,0.92,$182.94,0.14,$12.04,2.05,$3.78,6.54,$2.00B,$1.75B,1.15,$0.05B,$1.35B,0.04,$5.30B,$0.29B,5.39%,$5.30B,$0.17B,3.17%,$5.30B,$0.17B,3.17%,$5.30B,$0.18B,3.43%,$5.30B,$0.18B,3.36%,$5.30B,$0.11B,2.09%,$0.11B,$1.35B,17.49%,$0.11B,$0.35B,30.39%,$0.11B,$3.38B,5.15%,$0.17B,$1.40B,25.52%,$1413,$1327,$86,$0,$33,$1360,$52,$2,$54,$20,$34,$34,$34,$58,$52,$33,34,$1.03,$1.01,$409,$0,$22,$2002,$271,$100,$994,$16,$1382,$3384,$1747,$49,$121,$290,$2038,$50,$286,$-18,$1346,$3384,$88,$11,$12,$23,$0,$0,$0,$-80,$-80,$31,$-48,$0,$92,$-103,$0,$-103,$-1,$-60,$-29,$0,$-29,$-0,$-0,$0,$0,$-30,$-58,$9,$0
41,2008-06-30,31.67,$15.66,2.02,$186.00,0.17,$18.50,1.71,$3.64,8.7,$1.60B,$1.36B,1.18,$0.02B,$0.43B,0.04,$5.13B,$0.26B,5.14%,$5.13B,$0.15B,2.90%,$5.13B,$0.15B,2.90%,$5.13B,$0.16B,3.12%,$5.13B,$0.16B,3.16%,$5.13B,$0.10B,1.97%,$0.10B,$0.43B,26.47%,$0.10B,$0.40B,28.53%,$0.10B,$1.85B,5.94%,$0.15B,$0.45B,37.56%,$1388,$1317,$71,$0,$28,$1346,$43,$2,$45,$16,$29,$29,$29,$45,$43,$27,28,$1.05,$1.03,$425,$0,$8,$1604,$102,$102,$27,$11,$242,$1847,$1360,$18,$41,$59,$1418,$27,$252,$-18,$428,$1847,$54,$5,$9,$14,$0,$0,$0,$5,$5,$73,$-11,$0,$0,$-105,$0,$-105,$-6,$-121,$6,$0,$6,$-0,$-0,$0,$0,$6,$-43,$6,$0
42,2008-03-31,34.71,$14.59,2.38,$178.05,0.19,$21.27,1.63,$3.62,9.59,$1.58B,$1.28B,1.23,$0.01B,$0.40B,0.03,$4.90B,$0.26B,5.27%,$4.90B,$0.15B,3.00%,$4.90B,$0.15B,3.00%,$4.90B,$0.16B,3.23%,$4.90B,$0.16B,3.27%,$4.90B,$0.10B,2.04%,$0.10B,$0.40B,28.49%,$0.10B,$0.37B,30.89%,$0.10B,$1.73B,6.29%,$0.15B,$0.41B,40.19%,$1256,$1190,$67,$0,$28,$1217,$39,$1,$40,$15,$25,$25,$25,$42,$39,$27,28,$0.93,$0.91,$460,$0,$4,$1577,$99,$0,$27,$27,$153,$1730,$1280,$14,$40,$54,$1334,$27,$223,$-18,$396,$1730,$25,$3,$6,$9,$0,$0,$0,$-9,$-9,$25,$-6,$0,$0,$-126,$0,$-126,$-1,$-133,$-1,$0,$-1,$-1,$-1,$0,$0,$-2,$-109,$0,$0
43,2007-12-31,39.69,$13.65,2.91,$169.03,0.23,$22.11,1.79,$3.55,11.18,$1.53B,$1.23B,1.24,$0.01B,$0.37B,0.04,$4.63B,$0.25B,5.38%,$4.63B,$0.14B,3.05%,$4.63B,$0.14B,3.05%,$4.63B,$0.15B,3.28%,$4.63B,$0.15B,3.33%,$4.63B,$0.10B,2.12%,$0.10B,$0.37B,30.65%,$0.10B,$0.34B,33.48%,$0.10B,$1.65B,6.64%,$0.14B,$0.38B,42.06%,$1247,$1185,$62,$0,$28,$1213,$34,$5,$39,$17,$23,$23,$23,$37,$34,$27,27,$0.85,$0.82,$468,$0,$4,$1526,$95,$0,$30,$2,$128,$1654,$1233,$13,$38,$53,$1286,$27,$198,$-18,$368,$1654,$97,$11,$-4,$6,$-202,$0,$298,$46,$178,$282,$-18,$0,$0,$-8,$0,$-8,$0,$-26,$-28,$0,$-28,$1,$1,$0,$5,$-22,$234,$14,$0
44,2007-09-30,53.59,$12.39,4.32,$158.85,0.34,$16.18,3.31,$3.44,15.58,$1.45B,$1.18B,1.22,$0.02B,$0.33B,0.05,$4.33B,$0.24B,5.64%,$4.33B,$0.14B,3.19%,$4.33B,$0.14B,3.19%,$4.33B,$0.15B,3.44%,$4.33B,$0.15B,3.37%,$4.33B,$0.09B,2.17%,$0.09B,$0.33B,32.55%,$0.09B,$0.31B,35.78%,$0.09B,$1.58B,6.91%,$0.14B,$0.35B,44.62%,$1243,$1179,$64,$0,$30,$1209,$33,$4,$38,$14,$24,$24,$24,$36,$33,$27,28,$0.89,$0.87,$370,$0,$5,$1447,$95,$0,$26,$7,$128,$1575,$1184,$15,$41,$56,$1240,$27,$175,$-24,$334,$1575,$74,$8,$-1,$8,$0,$0,$0,$100,$100,$182,$-18,$0,$0,$-8,$0,$-8,$1,$-25,$-26,$0,$-26,$1,$1,$0,$4,$-21,$136,$0,$0
45,2007-06-30,58.96,$11.37,5.18,$142.63,0.41,$10.06,5.86,$2.93,20.12,$1.28B,$1.04B,1.23,$0.02B,$0.31B,0.05,$3.86B,$0.22B,5.78%,$3.86B,$0.12B,3.16%,$3.86B,$0.12B,3.16%,$3.86B,$0.13B,3.42%,$3.86B,$0.13B,3.24%,$3.86B,$0.08B,2.07%,$0.08B,$0.31B,30.92%,$0.08B,$0.28B,34.37%,$0.08B,$1.40B,6.52%,$0.12B,$0.32B,42.84%,$1152,$1087,$65,$0,$24,$1111,$41,$2,$43,$16,$28,$28,$28,$43,$41,$27,27,$1.03,$1.01,$343,$0,$7,$1277,$93,$0,$26,$7,$126,$1403,$1041,$16,$39,$56,$1097,$27,$151,$-24,$306,$1403,$50,$6,$3,$8,$0,$0,$0,$92,$92,$150,$-14,$0,$0,$0,$0,$0,$-0,$-14,$-23,$0,$-23,$1,$1,$0,$3,$-19,$117,$7,$0
46,2007-03-31,35.32,$10.16,3.47,$127.27,0.28,$3.63,9.73,$2.08,16.98,$1.15B,$0.94B,1.22,$0.02B,$0.27B,0.06,$3.42B,$0.20B,5.71%,$3.42B,$0.09B,2.61%,$3.42B,$0.09B,2.61%,$3.42B,$0.10B,2.93%,$3.42B,$0.09B,2.63%,$3.42B,$0.06B,1.64%,$0.06B,$0.27B,24.11%,$0.06B,$0.25B,27.15%,$0.06B,$1.27B,5.03%,$0.09B,$0.29B,33.81%,$987,$929,$58,$0,$25,$955,$33,$2,$34,$12,$23,$23,$23,$36,$33,$27,27,$0.85,$0.84,$242,$0,$8,$1147,$88,$0,$26,$7,$122,$1269,$944,$16,$37,$54,$997,$27,$124,$-24,$271,$1269,$23,$3,$2,$5,$0,$0,$0,$21,$21,$49,$-7,$0,$0,$0,$0,$0,$0,$-7,$-26,$0,$-26,$0,$0,$0,$0,$-26,$17,$4,$0
47,2006-12-31,29.49,$9.18,3.21,$113.87,0.26,$1.04,28.43,$1.54,19.15,$1.08B,$0.88B,1.22,$0.03B,$0.24B,0.14,$3.04B,$0.17B,5.56%,$3.04B,$0.07B,2.30%,$3.04B,$0.07B,2.30%,$3.04B,$0.08B,2.66%,$3.04B,$0.07B,2.30%,$3.04B,$0.04B,1.35%,$0.04B,$0.24B,19.32%,$0.04B,$0.22B,22.01%,$0.04B,$1.20B,4.04%,$0.07B,$0.28B,28.20%,$944,$887,$57,$0,$26,$913,$31,$0,$31,$12,$19,$19,$19,$34,$31,$26,27,$0.73,$0.72,$226,$0,$8,$1078,$84,$0,$26,$8,$118,$1196,$884,$34,$34,$68,$952,$27,$101,$-24,$244,$1196,$42,$10,$30,$40,$-211,$0,$175,$83,$36,$117,$-18,$0,$0,$1,$0,$1,$-0,$-18,$-8,$0,$-8,$1,$-8,$0,$2,$-13,$86,$17,$0
