,Date,Stock Price,Book Value per Share,Price to Book Ratio,TTM Sales per Share,Price to Sales Ratio,TTM FCF per Share,Price to FCF Ratio,TTM Net EPS,PE Ratio,Current Assets,Current Liabilities,Current Ratio,Long Term Debt,Shareholder's Equity_x,Debt to Equity Ratio,TTM Revenue_x,TTM Gross Profit,Gross Margin,TTM Revenue_y,TTM Operating Income,Operating Margin,TTM Revenue_x,TTM EBIT,EBIT Margin,TTM Revenue_y,TTM EBITDA,EBITDA Margin,TTM Revenue_x,TTM Pre-Tax Income,Pre-Tax Margin,TTM Revenue_y,TTM Net Income_x,Net Margin,TTM Net Income_y,Shareholder's Equity_y,Return on Equity,TTM Net Income_x,Tangible Equity,Return on Tangible Equity,TTM Net Income_y,Total Assets,Return on Assets,TTM Net Income,LT Investments & Debt,Return on Investment,revenue,cost-goods-sold,gross-profit,research-development-expenses,selling-general-administrative-expenses,operating-expenses,operating-income,total-non-operating-income-expense,pre-tax-income,total-provision-income-taxes,income-after-taxes,income-from-continuous-operations,net-income,ebitda,ebit,basic-shares-outstanding,shares-outstanding,eps-basic-net-earnings-per-share,eps-earnings-per-share-diluted,cash-on-hand,inventory,other-current-assets,total-current-assets,net-property-plant-equipment,long-term-investments,goodwill-intangible-assets-total,other-long-term-assets,total-long-term-assets,total-assets,total-current-liabilities,long-term-debt,other-non-current-liabilities,total-long-term-liabilities,total-liabilities,common-stock-net,retained-earnings-accumulated-deficit,comprehensive-income,total-share-holder-equity,total-liabilities-share-holders-equity,net-income-loss,total-depreciation-amortization-cash-flow,other-non-cash-items,total-non-cash-items,change-in-accounts-receivable,change-in-inventories,change-in-accounts-payable,change-in-assets-liabilities,total-change-in-assets-liabilities,cash-flow-from-operating-activities,net-change-in-property-plant-equipment,net-change-in-intangible-assets,net-acquisitions-divestitures,net-change-in-short-term-investments,net-change-in-long-term-investments,net-change-in-investments-total,investing-activities-other,cash-flow-from-investing-activities,net-long-term-debt,net-current-debt,debt-issuance-retirement-net-total,net-common-equity-issued-repurchased,net-total-equity-issued-repurchased,total-common-preferred-stock-dividends-paid,financial-activities-other,cash-flow-from-financial-activities,net-cash-flow,stock-based-compensation,common-stock-dividends-paid
0,2018-09-30,862.56,$25.06,34.42,$28.78,29.97,$31.78,27.14,$14.68,58.76,$0.15B,$0.01B,16.91,$0.00B,$0.20B,0.0,$0.23B,$0.23B,100.00%,$0.23B,$0.19B,86.22%,$0.23B,$0.19B,86.22%,$0.23B,$0.20B,87.11%,$0.23B,$0.20B,86.67%,$0.23B,$0.15B,67.56%,$0.15B,$0.20B,107.80%,$0.15B,$0.20B,107.80%,$0.15B,$0.22B,93.25%,$0.19B,$0.20B,137.59%,$73,$0,$73,$0,$5,$10,$63,$0,$63,$12,$51,$51,$51,$64,$63,$8,8,$6.52,$6.52,$111,$0,$0,$150,$62,$0,$0,$8,$69,$220,$9,$0,$16,$16,$25,$0,$0,$-1,$195,$220,$147,$2,$-0,$2,$-29,$0,$0,$1,$-18,$131,$-43,$0,$0,$0,$0,$0,$0,$-43,$0,$0,$0,$-26,$-26,$-32,$0,$-57,$31,$0,$-32
1,2018-06-30,695.35,$19.60,35.48,$26.01,26.74,$27.83,24.98,$18.04,38.54,$0.12B,$0.01B,12.68,$0.00B,$0.15B,0.0,$0.20B,$0.20B,100.00%,$0.20B,$0.18B,88.24%,$0.20B,$0.18B,88.24%,$0.20B,$0.18B,89.22%,$0.20B,$0.18B,88.73%,$0.20B,$0.13B,65.69%,$0.13B,$0.15B,122.65%,$0.13B,$0.15B,122.65%,$0.13B,$0.18B,97.81%,$0.18B,$0.15B,164.76%,$74,$0,$74,$0,$5,$8,$66,$0,$66,$13,$53,$53,$53,$66,$66,$8,8,$6.73,$6.73,$86,$0,$0,$122,$54,$0,$0,$1,$55,$177,$10,$0,$14,$14,$24,$0,$0,$-1,$153,$177,$96,$1,$0,$1,$-18,$0,$0,$3,$-8,$89,$-34,$0,$0,$0,$0,$0,$0,$-34,$0,$0,$0,$-17,$-17,$-32,$0,$-49,$6,$0,$-32
2,2018-03-31,505.42,$14.16,35.7,$20.64,24.49,$24.77,20.41,$13.43,37.63,$0.10B,$0.01B,20.38,$0.00B,$0.11B,0.0,$0.16B,$0.16B,100.00%,$0.16B,$0.14B,88.89%,$0.16B,$0.14B,88.89%,$0.16B,$0.15B,90.12%,$0.16B,$0.15B,89.51%,$0.16B,$0.10B,62.35%,$0.10B,$0.11B,121.32%,$0.10B,$0.11B,121.32%,$0.10B,$0.14B,90.18%,$0.14B,$0.11B,172.97%,$60,$0,$60,$0,$3,$6,$54,$0,$55,$11,$44,$44,$44,$55,$54,$8,8,$5.60,$5.60,$71,$0,$0,$99,$33,$0,$0,$3,$36,$135,$5,$0,$19,$20,$24,$0,$0,$-1,$111,$135,$44,$0,$0,$0,$-12,$0,$0,$1,$-1,$43,$-13,$0,$0,$0,$0,$0,$0,$-13,$0,$0,$0,$-7,$-7,$-32,$0,$-38,$-8,$0,$-32
3,2017-12-31,443.2,$13.44,32.99,$16.80,26.38,$23.76,18.65,$9.71,45.64,$0.10B,$0.01B,17.36,$0.00B,$0.11B,0.0,$0.13B,$0.13B,100.00%,$0.13B,$0.12B,90.15%,$0.13B,$0.12B,90.15%,$0.13B,$0.12B,90.91%,$0.13B,$0.12B,90.15%,$0.13B,$0.08B,57.58%,$0.08B,$0.11B,114.72%,$0.08B,$0.11B,114.72%,$0.08B,$0.12B,79.17%,$0.12B,$0.11B,179.62%,$18,$0,$18,$0,$2,$6,$11,$0,$11,$8,$4,$4,$4,$11,$11,$8,8,$0.51,$0.51,$80,$0,$0,$97,$21,$0,$0,$2,$23,$120,$6,$0,$9,$9,$15,$0,$0,$-1,$105,$120,$76,$0,$-3,$-3,$-12,$0,$0,$28,$20,$94,$-19,$0,$0,$0,$0,$0,$0,$-19,$0,$0,$0,$-34,$-34,$-11,$0,$-45,$30,$0,$-11
4,2017-09-30,401.0,$8.65,46.34,$16.75,23.93,$19.21,20.88,$8.73,45.93,$0.09B,$0.00B,33.85,$0.00B,$0.07B,0.0,$0.13B,$0.13B,100.00%,$0.13B,$0.12B,93.94%,$0.13B,$0.12B,93.94%,$0.13B,$0.13B,94.70%,$0.13B,$0.12B,93.94%,$0.13B,$0.08B,62.88%,$0.08B,$0.07B,159.62%,$0.08B,$0.07B,159.62%,$0.08B,$0.12B,101.84%,$0.12B,$0.07B,238.46%,$52,$0,$52,$0,$1,$3,$49,$0,$49,$16,$33,$33,$33,$50,$49,$8,8,$4.20,$4.20,$69,$0,$0,$93,$10,$0,$0,$1,$23,$116,$3,$0,$45,$45,$48,$0,$0,$-1,$68,$116,$73,$0,$-0,$-0,$-17,$0,$0,$0,$-7,$66,$-8,$0,$0,$0,$0,$0,$0,$-8,$0,$0,$0,$-27,$-27,$-11,$0,$-38,$20,$0,$-11
5,2017-06-30,291.53,$6.18,47.18,$11.92,24.45,$15.56,18.74,$6.49,44.92,$0.06B,$0.00B,58.65,$0.00B,$0.05B,0.0,$0.09B,$0.09B,100.00%,$0.09B,$0.09B,93.62%,$0.09B,$0.09B,93.62%,$0.09B,$0.09B,93.62%,$0.09B,$0.09B,93.62%,$0.09B,$0.06B,62.77%,$0.06B,$0.05B,128.96%,$0.06B,$0.05B,128.96%,$0.06B,$0.08B,89.06%,$0.09B,$0.05B,192.35%,$32,$0,$32,$0,$1,$2,$30,$0,$30,$10,$20,$20,$20,$30,$30,$8,8,$2.58,$2.58,$50,$0,$0,$63,$6,$0,$0,$0,$15,$77,$1,$0,$28,$28,$29,$0,$0,$-1,$49,$77,$40,$0,$-0,$-0,$-6,$0,$0,$-1,$-4,$35,$-4,$0,$0,$0,$0,$0,$0,$-4,$0,$0,$0,$-20,$-20,$-11,$0,$-31,$1,$0,$-11
6,2017-03-31,277.6,$5.47,50.78,$9.84,28.22,$13.86,20.03,$5.63,49.31,$0.06B,$0.00B,69.99,$0.00B,$0.04B,0.0,$0.08B,$0.08B,100.00%,$0.08B,$0.07B,93.59%,$0.08B,$0.07B,93.59%,$0.08B,$0.07B,93.59%,$0.08B,$0.07B,93.59%,$0.08B,$0.05B,62.82%,$0.05B,$0.04B,109.50%,$0.05B,$0.04B,109.50%,$0.05B,$0.07B,80.99%,$0.07B,$0.04B,163.13%,$30,$0,$30,$0,$1,$2,$29,$0,$29,$10,$19,$19,$19,$29,$29,$8,8,$2.43,$2.43,$53,$0,$0,$63,$4,$0,$0,$0,$8,$71,$1,$0,$27,$27,$28,$0,$0,$-1,$43,$71,$19,$0,$2,$2,$-4,$0,$0,$0,$3,$24,$-2,$0,$0,$0,$0,$0,$0,$-2,$0,$0,$0,$-9,$-9,$-11,$0,$-19,$3,$0,$-11
7,2016-12-31,293.16,$6.01,48.8,$7.46,39.27,$12.40,23.65,$4.65,63.05,$0.06B,$0.00B,67.68,$0.00B,$0.05B,0.0,$0.06B,$0.06B,100.00%,$0.06B,$0.06B,91.67%,$0.06B,$0.06B,91.67%,$0.06B,$0.06B,91.67%,$0.06B,$0.06B,91.67%,$0.06B,$0.04B,61.67%,$0.04B,$0.05B,82.22%,$0.04B,$0.05B,82.22%,$0.04B,$0.06B,66.07%,$0.06B,$0.05B,122.22%,$18,$0,$18,$0,$0,$1,$16,$0,$16,$5,$11,$11,$11,$16,$16,$8,8,$1.38,$1.38,$49,$0,$0,$56,$2,$0,$0,$0,$6,$62,$1,$0,$14,$14,$15,$0,$0,$-1,$48,$62,$37,$0,$-4,$-4,$-3,$0,$0,$9,$8,$41,$-1,$0,$0,$0,$0,$0,$0,$-1,$0,$0,$0,$-33,$-33,$-3,$0,$-36,$4,$0,$-3
8,2016-09-30,236.42,$5.38,43.94,$7.06,33.48,$13.41,17.63,$4.38,53.98,$0.05B,$0.00B,39.19,$0.00B,$0.04B,0.0,$0.06B,$0.06B,100.00%,$0.06B,$0.05B,91.23%,$0.06B,$0.05B,91.23%,$0.06B,$0.05B,91.23%,$0.06B,$0.05B,91.23%,$0.06B,$0.04B,61.40%,$0.04B,$0.04B,78.65%,$0.04B,$0.04B,78.65%,$0.04B,$0.06B,66.04%,$0.05B,$0.04B,116.85%,$14,$0,$14,$0,$1,$1,$13,$0,$13,$4,$9,$9,$9,$13,$13,$8,8,$1.12,$1.12,$45,$0,$0,$53,$2,$0,$0,$0,$2,$55,$1,$0,$10,$10,$12,$0,$0,$-1,$43,$55,$26,$0,$0,$0,$-3,$0,$0,$-0,$4,$30,$-0,$0,$0,$0,$0,$0,$0,$-0,$0,$0,$0,$-27,$-27,$-3,$0,$-29,$0,$0,$-3
9,2016-06-30,166.6,$5.66,29.43,$7.49,22.23,$14.88,11.2,$4.66,35.75,$0.05B,$0.00B,57.39,$0.00B,$0.05B,0.0,$0.06B,$0.06B,100.00%,$0.06B,$0.06B,91.80%,$0.06B,$0.06B,91.80%,$0.06B,$0.06B,91.80%,$0.06B,$0.06B,91.80%,$0.06B,$0.04B,60.66%,$0.04B,$0.05B,82.22%,$0.04B,$0.05B,82.22%,$0.04B,$0.05B,70.81%,$0.06B,$0.05B,124.44%,$16,$0,$16,$0,$1,$1,$15,$0,$15,$5,$10,$10,$10,$15,$15,$8,8,$1.26,$1.26,$46,$0,$0,$52,$2,$0,$0,$0,$2,$54,$1,$0,$7,$7,$8,$0,$0,$-1,$45,$54,$17,$0,$0,$0,$-2,$0,$0,$0,$1,$19,$-0,$0,$0,$0,$0,$0,$0,$-0,$0,$0,$0,$-15,$-15,$-3,$0,$-18,$1,$0,$-3
10,2016-03-31,143.74,$5.40,26.62,$6.91,20.79,$16.23,8.86,$4.30,33.43,$0.05B,$0.00B,42.94,$0.00B,$0.04B,0.0,$0.06B,$0.06B,100.00%,$0.06B,$0.05B,91.23%,$0.06B,$0.05B,91.23%,$0.06B,$0.05B,91.23%,$0.06B,$0.05B,91.23%,$0.06B,$0.03B,59.65%,$0.03B,$0.04B,78.61%,$0.03B,$0.04B,78.61%,$0.03B,$0.05B,68.00%,$0.05B,$0.04B,120.23%,$12,$0,$12,$0,$1,$1,$11,$0,$11,$4,$7,$7,$7,$11,$11,$8,8,$0.90,$0.90,$47,$0,$0,$51,$1,$0,$0,$0,$2,$53,$1,$0,$8,$8,$9,$0,$0,$-1,$44,$53,$7,$0,$0,$0,$-0,$0,$0,$0,$4,$11,$-0,$0,$0,$0,$0,$0,$0,$-0,$0,$0,$0,$-7,$-7,$-3,$0,$-9,$2,$0,$-3
11,2015-12-31,129.06,$5.63,22.93,$9.63,13.4,$18.69,6.91,$6.07,21.26,$0.05B,$0.00B,56.33,$0.00B,$0.05B,0.0,$0.08B,$0.08B,100.00%,$0.08B,$0.08B,93.75%,$0.08B,$0.08B,93.75%,$0.08B,$0.08B,93.75%,$0.08B,$0.08B,93.75%,$0.08B,$0.05B,61.25%,$0.05B,$0.05B,115.98%,$0.05B,$0.05B,115.98%,$0.05B,$0.05B,97.03%,$0.08B,$0.05B,177.51%,$15,$0,$15,$0,$0,$1,$13,$0,$13,$4,$9,$9,$9,$13,$13,$8,8,$1.13,$1.13,$45,$0,$0,$49,$1,$0,$0,$0,$1,$50,$1,$0,$4,$4,$5,$0,$0,$-1,$46,$50,$50,$0,$-0,$-0,$-1,$0,$0,$0,$-0,$50,$-0,$0,$0,$0,$0,$0,$0,$-0,$0,$0,$0,$-29,$-29,$-2,$0,$-31,$18,$0,$-2
12,2015-09-30,138.26,$5.46,25.33,$9.42,14.68,$17.29,8.0,$5.96,23.2,$0.05B,$0.00B,60.18,$0.00B,$0.05B,0.0,$0.08B,$0.08B,100.00%,$0.08B,$0.07B,94.87%,$0.08B,$0.07B,94.87%,$0.08B,$0.07B,94.87%,$0.08B,$0.07B,94.87%,$0.08B,$0.05B,61.54%,$0.05B,$0.05B,128.00%,$0.05B,$0.05B,128.00%,$0.05B,$0.05B,103.78%,$0.07B,$0.05B,197.33%,$18,$0,$18,$0,$1,$1,$17,$0,$17,$6,$11,$11,$11,$17,$17,$8,8,$1.40,$1.40,$46,$0,$0,$50,$1,$0,$0,$0,$1,$52,$1,$0,$6,$6,$7,$0,$0,$-1,$45,$52,$41,$0,$-0,$-0,$-1,$0,$0,$2,$2,$43,$-0,$0,$0,$0,$0,$0,$0,$-0,$0,$0,$0,$-21,$-21,$-2,$0,$-23,$19,$0,$-2
13,2015-06-30,148.35,$4.68,31.71,$8.95,16.57,$15.56,9.54,$5.67,26.16,$0.04B,$0.00B,52.03,$0.00B,$0.04B,0.0,$0.08B,$0.08B,100.00%,$0.08B,$0.07B,94.67%,$0.08B,$0.07B,94.67%,$0.08B,$0.07B,94.67%,$0.08B,$0.07B,94.67%,$0.08B,$0.05B,61.33%,$0.05B,$0.04B,138.35%,$0.05B,$0.04B,138.35%,$0.05B,$0.05B,110.84%,$0.07B,$0.04B,213.53%,$12,$0,$12,$0,$1,$1,$11,$0,$11,$4,$7,$7,$7,$11,$11,$8,8,$0.90,$0.90,$39,$0,$0,$44,$1,$0,$0,$0,$1,$45,$1,$0,$6,$6,$7,$0,$0,$-1,$38,$45,$30,$0,$0,$0,$-1,$0,$0,$1,$0,$30,$-0,$0,$0,$0,$0,$0,$0,$-0,$0,$0,$0,$-16,$-16,$-2,$0,$-18,$12,$0,$-2
14,2015-03-31,142.8,$4.82,29.64,$9.37,15.24,$14.28,10.0,$5.94,24.04,$0.05B,$0.00B,65.85,$0.00B,$0.04B,0.0,$0.08B,$0.08B,100.00%,$0.08B,$0.08B,94.94%,$0.08B,$0.08B,94.94%,$0.08B,$0.08B,94.94%,$0.08B,$0.08B,94.94%,$0.08B,$0.05B,62.03%,$0.05B,$0.04B,161.98%,$0.05B,$0.04B,161.98%,$0.05B,$0.06B,128.95%,$0.08B,$0.04B,247.93%,$35,$0,$35,$0,$1,$1,$34,$0,$34,$12,$22,$22,$22,$34,$34,$8,8,$2.67,$2.67,$50,$0,$0,$54,$1,$0,$0,$0,$1,$55,$1,$0,$14,$14,$15,$0,$0,$-1,$40,$55,$22,$0,$0,$0,$-0,$0,$0,$1,$10,$32,$-0,$0,$0,$0,$0,$0,$0,$-0,$0,$0,$0,$-7,$-7,$-2,$0,$-9,$23,$0,$-2
15,2014-12-31,116.09,$3.21,36.16,$6.55,17.71,$11.64,9.97,$4.13,28.11,$0.03B,$0.00B,37.36,$0.00B,$0.03B,0.0,$0.06B,$0.06B,100.00%,$0.06B,$0.05B,92.86%,$0.06B,$0.05B,92.86%,$0.06B,$0.05B,92.86%,$0.06B,$0.05B,92.86%,$0.06B,$0.03B,60.71%,$0.03B,$0.03B,134.65%,$0.03B,$0.03B,134.65%,$0.03B,$0.03B,108.80%,$0.05B,$0.03B,205.94%,$13,$0,$13,$0,$0,$1,$12,$0,$12,$4,$8,$8,$8,$12,$12,$8,8,$1.00,$1.00,$27,$0,$0,$31,$1,$0,$0,$1,$2,$33,$1,$0,$5,$6,$6,$0,$0,$-1,$27,$33,$35,$0,$-1,$-1,$1,$0,$0,$2,$5,$39,$-0,$0,$0,$0,$0,$0,$0,$-0,$0,$0,$0,$-23,$-23,$-2,$0,$-25,$14,$0,$-2
16,2014-09-30,189.33,$3.37,56.18,$6.42,29.47,$10.51,18.02,$4.02,47.1,$0.03B,$0.00B,30.75,$0.00B,$0.03B,0.0,$0.06B,$0.06B,100.00%,$0.06B,$0.05B,91.07%,$0.06B,$0.05B,91.07%,$0.06B,$0.05B,91.07%,$0.06B,$0.05B,91.07%,$0.06B,$0.03B,60.71%,$0.03B,$0.03B,147.83%,$0.03B,$0.03B,147.83%,$0.03B,$0.03B,119.30%,$0.05B,$0.03B,221.74%,$15,$0,$15,$0,$0,$1,$14,$0,$14,$5,$9,$9,$9,$14,$14,$8,8,$1.11,$1.11,$26,$0,$0,$32,$1,$0,$0,$0,$1,$33,$1,$0,$3,$4,$5,$0,$0,$-1,$28,$33,$27,$0,$-1,$-1,$-1,$0,$0,$3,$4,$29,$-0,$0,$0,$0,$0,$0,$0,$-0,$0,$0,$0,$-14,$-14,$-2,$0,$-16,$13,$0,$-2
17,2014-06-30,157.52,$3.10,50.8,$6.41,24.59,$9.98,15.79,$4.01,39.28,$0.03B,$0.00B,37.58,$0.00B,$0.03B,0.0,$0.06B,$0.06B,100.00%,$0.06B,$0.05B,91.07%,$0.06B,$0.05B,91.07%,$0.06B,$0.05B,91.07%,$0.06B,$0.05B,91.07%,$0.06B,$0.03B,60.71%,$0.03B,$0.03B,167.90%,$0.03B,$0.03B,167.90%,$0.03B,$0.03B,129.52%,$0.05B,$0.03B,251.85%,$16,$0,$16,$0,$0,$1,$15,$0,$15,$5,$10,$10,$10,$15,$15,$8,8,$1.17,$1.17,$24,$0,$0,$30,$1,$0,$0,$0,$2,$31,$1,$0,$4,$4,$5,$0,$0,$-1,$26,$31,$17,$0,$-1,$-1,$-1,$0,$0,$3,$4,$20,$-0,$0,$0,$0,$0,$0,$0,$-0,$0,$0,$0,$-7,$-7,$-2,$0,$-9,$11,$0,$-2
18,2014-03-31,127.41,$2.38,53.46,$5.70,22.33,$8.86,14.37,$3.55,35.89,$0.03B,$0.00B,37.61,$0.00B,$0.02B,0.0,$0.05B,$0.05B,100.00%,$0.05B,$0.05B,90.00%,$0.05B,$0.05B,90.00%,$0.05B,$0.05B,90.00%,$0.05B,$0.05B,90.00%,$0.05B,$0.03B,60.00%,$0.03B,$0.02B,169.01%,$0.03B,$0.02B,169.01%,$0.03B,$0.03B,126.32%,$0.05B,$0.02B,253.52%,$12,$0,$12,$0,$1,$1,$11,$0,$11,$3,$7,$7,$7,$11,$11,$8,8,$0.86,$0.86,$18,$0,$0,$26,$1,$0,$0,$0,$2,$28,$1,$0,$6,$7,$8,$0,$0,$-1,$20,$28,$7,$0,$-0,$-0,$-1,$0,$0,$0,$3,$10,$-0,$0,$0,$0,$0,$0,$0,$-0,$0,$0,$0,$-3,$-3,$-2,$0,$-5,$5,$0,$-2
19,2013-12-31,98.18,$2.12,46.4,$5.10,19.24,$8.29,11.85,$3.16,31.07,$0.02B,$0.00B,24.18,$0.00B,$0.02B,0.0,$0.05B,$0.05B,100.00%,$0.05B,$0.04B,88.89%,$0.05B,$0.04B,88.89%,$0.05B,$0.04B,88.89%,$0.05B,$0.04B,88.89%,$0.05B,$0.03B,60.00%,$0.03B,$0.02B,161.19%,$0.03B,$0.02B,161.19%,$0.03B,$0.02B,121.35%,$0.04B,$0.02B,238.81%,$13,$0,$13,$0,$0,$1,$11,$0,$11,$4,$8,$8,$8,$11,$11,$9,9,$0.88,$0.88,$13,$0,$0,$21,$1,$0,$0,$0,$2,$22,$1,$0,$2,$4,$4,$0,$0,$-1,$18,$22,$27,$0,$-1,$-1,$-1,$0,$0,$5,$3,$30,$-0,$0,$0,$0,$0,$0,$0,$-0,$0,$0,$0,$-25,$-25,$0,$0,$-25,$5,$0,$0
20,2013-09-30,83.0,$2.02,41.04,$4.46,18.6,$7.02,11.83,$2.75,30.18,$0.02B,$0.00B,27.76,$0.00B,$0.02B,0.0,$0.04B,$0.04B,100.00%,$0.04B,$0.04B,89.74%,$0.04B,$0.04B,89.74%,$0.04B,$0.04B,89.74%,$0.04B,$0.04B,89.74%,$0.04B,$0.02B,58.97%,$0.02B,$0.02B,141.54%,$0.02B,$0.02B,141.54%,$0.02B,$0.02B,104.55%,$0.04B,$0.02B,215.38%,$15,$0,$15,$0,$0,$1,$14,$0,$14,$5,$9,$9,$9,$14,$14,$9,9,$1.10,$1.10,$16,$0,$0,$23,$1,$0,$0,$0,$1,$24,$1,$0,$5,$6,$7,$0,$0,$-1,$17,$24,$20,$0,$-1,$-1,$-1,$0,$0,$5,$7,$25,$-0,$0,$0,$0,$0,$0,$0,$-0,$0,$0,$0,$-18,$-18,$0,$0,$-18,$7,$0,$0
21,2013-06-30,82.86,$1.85,44.87,$3.51,23.58,$5.74,14.43,$2.13,38.9,$0.02B,$0.00B,21.41,$0.00B,$0.02B,0.0,$0.03B,$0.03B,100.00%,$0.03B,$0.03B,87.10%,$0.03B,$0.03B,87.10%,$0.03B,$0.03B,87.10%,$0.03B,$0.03B,87.10%,$0.03B,$0.02B,58.06%,$0.02B,$0.02B,105.88%,$0.02B,$0.02B,105.88%,$0.02B,$0.02B,80.90%,$0.03B,$0.02B,158.82%,$10,$0,$10,$0,$1,$1,$9,$0,$9,$3,$6,$6,$6,$9,$9,$9,9,$0.71,$0.71,$9,$0,$0,$20,$1,$0,$0,$0,$1,$21,$1,$0,$3,$4,$5,$0,$0,$-1,$16,$21,$10,$0,$-0,$-0,$-1,$0,$0,$1,$1,$11,$-0,$0,$0,$0,$0,$0,$0,$-0,$0,$0,$0,$-10,$-10,$0,$0,$-10,$1,$0,$0
22,2013-03-31,69.2,$1.82,38.03,$3.33,20.76,$5.68,12.19,$2.01,34.43,$0.02B,$0.00B,21.36,$0.00B,$0.02B,0.0,$0.03B,$0.03B,100.00%,$0.03B,$0.03B,86.67%,$0.03B,$0.03B,86.67%,$0.03B,$0.03B,86.67%,$0.03B,$0.03B,86.67%,$0.03B,$0.02B,56.67%,$0.02B,$0.02B,94.44%,$0.02B,$0.02B,94.44%,$0.02B,$0.02B,73.12%,$0.03B,$0.02B,144.44%,$7,$0,$7,$0,$1,$1,$6,$0,$6,$2,$4,$4,$4,$6,$6,$9,9,$0.47,$0.47,$10,$0,$0,$21,$1,$0,$0,$0,$1,$22,$1,$0,$3,$6,$7,$0,$0,$-1,$16,$22,$4,$0,$-0,$-0,$-0,$0,$0,$1,$1,$5,$0,$0,$0,$0,$0,$0,$0,$0,$0,$0,$0,$-4,$-4,$0,$0,$-4,$2,$0,$0
23,2012-12-31,52.21,$1.77,29.44,$3.61,14.45,$6.00,8.71,$2.19,23.84,$0.02B,$0.00B,18.13,$0.00B,$0.02B,0.0,$0.03B,$0.03B,100.00%,$0.03B,$0.03B,87.88%,$0.03B,$0.03B,87.88%,$0.03B,$0.03B,87.88%,$0.03B,$0.03B,87.88%,$0.03B,$0.02B,57.58%,$0.02B,$0.02B,100.00%,$0.02B,$0.02B,100.00%,$0.02B,$0.02B,76.77%,$0.03B,$0.02B,152.63%,$7,$0,$7,$0,$0,$1,$6,$0,$6,$2,$4,$4,$4,$6,$6,$9,9,$0.48,$0.48,$8,$0,$0,$19,$1,$0,$0,$0,$2,$21,$1,$0,$2,$5,$6,$0,$0,$-1,$16,$21,$20,$0,$-1,$-1,$0,$0,$0,$2,$1,$20,$-0,$0,$0,$0,$0,$0,$0,$-0,$0,$0,$0,$-20,$-20,$-4,$0,$-24,$-5,$0,$-4
24,2012-09-30,53.41,$2.20,24.29,$4.00,13.34,$6.33,8.43,$2.43,21.98,$0.02B,$0.00B,25.5,$0.00B,$0.02B,0.0,$0.04B,$0.04B,100.00%,$0.04B,$0.03B,89.19%,$0.04B,$0.03B,89.19%,$0.04B,$0.03B,89.19%,$0.04B,$0.03B,89.19%,$0.04B,$0.02B,59.46%,$0.02B,$0.02B,108.64%,$0.02B,$0.02B,108.64%,$0.02B,$0.03B,83.81%,$0.03B,$0.02B,162.96%,$7,$0,$7,$0,$0,$1,$6,$0,$6,$2,$4,$4,$4,$6,$6,$9,9,$0.48,$0.48,$11,$0,$0,$24,$1,$0,$0,$0,$2,$25,$1,$0,$2,$5,$6,$0,$0,$-1,$20,$25,$16,$0,$-0,$-0,$0,$0,$0,$0,$-0,$15,$-0,$0,$0,$0,$0,$0,$0,$-0,$0,$0,$0,$-14,$-14,$-2,$0,$-17,$-2,$0,$-2
25,2012-06-30,55.53,$2.20,25.28,$4.13,13.44,$6.46,8.6,$2.51,22.13,$0.02B,$0.00B,27.39,$0.00B,$0.02B,0.0,$0.04B,$0.04B,100.00%,$0.04B,$0.04B,89.74%,$0.04B,$0.04B,89.74%,$0.04B,$0.04B,89.74%,$0.04B,$0.04B,89.74%,$0.04B,$0.02B,58.97%,$0.02B,$0.02B,115.00%,$0.02B,$0.02B,115.00%,$0.02B,$0.03B,87.62%,$0.04B,$0.02B,175.00%,$9,$0,$9,$0,$1,$1,$8,$0,$8,$3,$5,$5,$5,$8,$8,$9,9,$0.59,$0.59,$12,$0,$0,$24,$1,$0,$0,$0,$1,$25,$1,$0,$2,$5,$6,$0,$0,$-1,$20,$25,$11,$0,$-0,$-0,$1,$0,$0,$0,$-1,$11,$-0,$0,$0,$0,$0,$0,$0,$-0,$0,$0,$0,$-10,$-10,$-2,$0,$-12,$-1,$0,$-2
26,2012-03-31,45.86,$2.16,21.23,$4.10,11.18,$6.38,7.19,$2.50,18.35,$0.03B,$0.00B,29.38,$0.00B,$0.02B,0.0,$0.04B,$0.04B,100.00%,$0.04B,$0.04B,89.74%,$0.04B,$0.04B,89.74%,$0.04B,$0.04B,89.74%,$0.04B,$0.04B,89.74%,$0.04B,$0.02B,58.97%,$0.02B,$0.02B,117.95%,$0.02B,$0.02B,117.95%,$0.02B,$0.03B,88.46%,$0.04B,$0.02B,179.49%,$10,$0,$10,$0,$1,$1,$9,$0,$9,$3,$6,$6,$6,$9,$9,$9,9,$0.65,$0.65,$15,$0,$0,$27,$1,$0,$0,$0,$1,$28,$1,$0,$5,$8,$9,$0,$0,$-1,$20,$28,$6,$0,$-0,$-0,$1,$0,$0,$0,$3,$9,$-0,$0,$0,$0,$0,$0,$0,$-0,$0,$0,$0,$-5,$-5,$-2,$0,$-7,$2,$0,$-2
27,2011-12-31,39.38,$2.24,17.59,$3.65,10.78,$6.11,6.45,$2.20,17.9,$0.03B,$0.00B,24.25,$0.00B,$0.02B,0.0,$0.04B,$0.04B,100.00%,$0.04B,$0.03B,88.57%,$0.04B,$0.03B,88.57%,$0.04B,$0.03B,88.57%,$0.04B,$0.03B,88.57%,$0.04B,$0.02B,57.14%,$0.02B,$0.02B,108.11%,$0.02B,$0.02B,108.11%,$0.02B,$0.03B,79.21%,$0.03B,$0.02B,167.57%,$11,$0,$11,$0,$-0,$1,$10,$0,$10,$3,$7,$7,$7,$10,$10,$9,9,$0.72,$0.72,$13,$0,$0,$26,$1,$0,$0,$0,$1,$27,$1,$0,$3,$6,$7,$0,$0,$-1,$21,$27,$21,$0,$-1,$-1,$-1,$0,$0,$4,$5,$24,$-0,$0,$0,$0,$0,$0,$0,$-0,$0,$0,$0,$-16,$-16,$-2,$0,$-18,$6,$0,$-2
28,2011-09-30,35.17,$2.03,17.29,$3.01,11.67,$4.76,7.4,$1.79,19.65,$0.02B,$0.00B,30.79,$0.00B,$0.02B,0.0,$0.03B,$0.03B,100.00%,$0.03B,$0.03B,86.21%,$0.03B,$0.03B,86.21%,$0.03B,$0.03B,86.21%,$0.03B,$0.03B,86.21%,$0.03B,$0.02B,55.17%,$0.02B,$0.02B,90.14%,$0.02B,$0.02B,90.14%,$0.02B,$0.03B,64.65%,$0.03B,$0.02B,140.85%,$9,$0,$9,$0,$0,$1,$8,$0,$8,$3,$5,$5,$5,$8,$8,$9,9,$0.56,$0.56,$10,$0,$0,$24,$1,$0,$0,$0,$1,$25,$1,$0,$2,$5,$6,$0,$0,$-0,$19,$25,$14,$0,$-1,$-1,$-0,$0,$0,$4,$4,$17,$-0,$0,$0,$0,$0,$0,$0,$-0,$0,$0,$0,$-11,$-11,$-2,$0,$-13,$3,$0,$-2
29,2011-06-30,43.76,$1.88,23.25,$2.50,17.51,$3.86,11.33,$1.46,29.97,$0.02B,$0.00B,23.34,$0.00B,$0.02B,0.0,$0.02B,$0.02B,100.00%,$0.02B,$0.02B,83.33%,$0.02B,$0.02B,83.33%,$0.02B,$0.02B,83.33%,$0.02B,$0.02B,83.33%,$0.02B,$0.01B,54.17%,$0.01B,$0.02B,73.24%,$0.01B,$0.02B,73.24%,$0.01B,$0.02B,52.53%,$0.02B,$0.02B,112.68%,$9,$0,$9,$0,$1,$1,$8,$0,$8,$3,$5,$5,$5,$8,$8,$9,9,$0.58,$0.58,$8,$0,$0,$23,$1,$0,$0,$0,$1,$24,$1,$0,$2,$6,$7,$0,$0,$-0,$18,$24,$9,$0,$-1,$-1,$-0,$0,$0,$2,$2,$10,$-0,$0,$0,$0,$0,$0,$0,$-0,$0,$0,$0,$-7,$-7,$-2,$0,$-9,$1,$0,$-2
30,2011-03-31,43.23,$1.72,25.13,$2.23,19.39,$3.47,12.45,$1.27,34.04,$0.02B,$0.00B,20.8,$0.00B,$0.02B,0.0,$0.02B,$0.02B,100.00%,$0.02B,$0.02B,85.71%,$0.02B,$0.02B,85.71%,$0.02B,$0.02B,85.71%,$0.02B,$0.02B,85.71%,$0.02B,$0.01B,57.14%,$0.01B,$0.02B,66.67%,$0.01B,$0.02B,66.67%,$0.01B,$0.03B,47.52%,$0.02B,$0.02B,100.00%,$6,$0,$6,$0,$1,$1,$5,$0,$5,$2,$3,$3,$3,$5,$5,$10,10,$0.35,$0.35,$8,$0,$0,$23,$1,$0,$0,$0,$1,$25,$1,$0,$3,$7,$8,$0,$0,$-1,$16,$25,$3,$0,$-0,$-0,$-0,$0,$0,$1,$3,$6,$0,$0,$0,$0,$0,$0,$0,$0,$0,$0,$0,$-3,$-3,$-2,$0,$-5,$1,$0,$-2
31,2010-12-31,34.93,$1.92,18.22,$2.06,16.96,$3.16,11.05,$1.17,29.85,$0.02B,$0.00B,24.23,$0.00B,$0.02B,0.0,$0.02B,$0.02B,100.00%,$0.02B,$0.02B,84.21%,$0.02B,$0.02B,84.21%,$0.02B,$0.02B,84.21%,$0.02B,$0.02B,84.21%,$0.02B,$0.01B,57.89%,$0.01B,$0.02B,59.46%,$0.01B,$0.02B,59.46%,$0.01B,$0.03B,43.14%,$0.02B,$0.02B,86.49%,$5,$0,$5,$0,$-0,$1,$4,$0,$4,$1,$3,$3,$3,$4,$4,$10,10,$0.30,$0.30,$7,$0,$0,$24,$1,$0,$0,$0,$1,$25,$1,$0,$1,$6,$7,$0,$0,$-1,$18,$25,$11,$0,$-0,$-0,$-1,$0,$0,$1,$1,$12,$-0,$0,$0,$0,$0,$0,$0,$-0,$0,$0,$0,$-11,$-11,$-2,$0,$-13,$-1,$0,$-2
32,2010-09-30,38.32,$1.95,19.68,$1.86,20.63,$2.89,13.26,$1.05,36.5,$0.02B,$0.00B,42.17,$0.00B,$0.02B,0.0,$0.02B,$0.02B,100.00%,$0.02B,$0.02B,83.33%,$0.02B,$0.02B,83.33%,$0.02B,$0.02B,83.33%,$0.02B,$0.02B,83.33%,$0.02B,$0.01B,55.56%,$0.01B,$0.02B,52.63%,$0.01B,$0.02B,52.63%,$0.01B,$0.03B,38.46%,$0.02B,$0.02B,78.95%,$4,$0,$4,$0,$0,$1,$3,$0,$3,$1,$2,$2,$2,$3,$3,$10,10,$0.23,$0.23,$7,$0,$0,$24,$1,$0,$0,$0,$1,$25,$1,$0,$2,$6,$7,$0,$0,$-0,$19,$25,$8,$0,$-0,$-0,$-0,$0,$0,$1,$0,$9,$-0,$0,$0,$0,$0,$0,$0,$-0,$0,$0,$0,$-7,$-7,$-2,$0,$-9,$-1,$0,$-2
33,2010-06-30,25.19,$1.97,12.79,$1.79,14.06,$2.63,9.57,$1.01,24.94,$0.03B,$0.00B,40.59,$0.00B,$0.02B,0.0,$0.02B,$0.02B,100.00%,$0.02B,$0.02B,88.24%,$0.02B,$0.02B,88.24%,$0.02B,$0.02B,88.24%,$0.02B,$0.02B,88.24%,$0.02B,$0.01B,58.82%,$0.01B,$0.02B,51.95%,$0.01B,$0.02B,51.95%,$0.01B,$0.03B,37.74%,$0.02B,$0.02B,77.92%,$6,$0,$6,$0,$1,$1,$6,$0,$6,$2,$4,$4,$4,$6,$6,$10,10,$0.39,$0.39,$8,$0,$0,$25,$1,$0,$0,$0,$1,$26,$1,$0,$2,$7,$7,$0,$0,$-0,$19,$26,$6,$0,$-0,$-0,$-0,$0,$0,$1,$1,$7,$-0,$0,$0,$0,$0,$0,$0,$-0,$0,$0,$0,$-5,$-5,$-2,$0,$-7,$0,$0,$-2
34,2010-03-31,26.81,$1.81,14.82,$1.55,17.31,$2.39,11.21,$0.86,31.17,$0.03B,$0.00B,31.57,$0.00B,$0.02B,0.0,$0.02B,$0.02B,100.00%,$0.02B,$0.01B,80.00%,$0.02B,$0.01B,80.00%,$0.02B,$0.01B,80.00%,$0.02B,$0.01B,86.67%,$0.02B,$0.01B,53.33%,$0.01B,$0.02B,40.51%,$0.01B,$0.02B,40.51%,$0.01B,$0.03B,29.63%,$0.01B,$0.02B,60.76%,$4,$0,$4,$0,$1,$1,$3,$0,$3,$1,$2,$2,$2,$3,$3,$10,10,$0.25,$0.25,$7,$0,$0,$25,$1,$0,$0,$0,$1,$26,$1,$0,$3,$7,$8,$0,$0,$-0,$18,$26,$2,$0,$-0,$-0,$-0,$0,$0,$0,$1,$4,$-0,$0,$0,$0,$0,$0,$0,$-0,$0,$0,$0,$-2,$-2,$-2,$0,$-4,$-1,$0,$-2
35,2009-12-31,28.57,$1.99,14.35,$1.30,21.97,$2.19,13.03,$0.68,42.01,$0.03B,$0.00B,33.87,$0.00B,$0.02B,0.0,$0.01B,$0.01B,100.00%,$0.01B,$0.01B,76.92%,$0.01B,$0.01B,76.92%,$0.01B,$0.01B,76.92%,$0.01B,$0.01B,84.62%,$0.01B,$0.01B,53.85%,$0.01B,$0.02B,34.57%,$0.01B,$0.02B,34.57%,$0.01B,$0.03B,25.45%,$0.01B,$0.02B,49.38%,$4,$0,$4,$0,$-0,$1,$3,$0,$3,$1,$2,$2,$2,$3,$3,$10,10,$0.19,$0.19,$8,$0,$0,$26,$1,$0,$0,$0,$1,$27,$1,$0,$2,$6,$7,$0,$0,$-0,$20,$27,$7,$0,$-0,$-0,$-0,$0,$0,$3,$3,$9,$-0,$0,$0,$0,$0,$0,$0,$-0,$0,$0,$0,$-9,$-9,$-2,$0,$-11,$-2,$0,$-2
36,2009-09-30,29.95,$2.03,14.72,$1.23,24.42,$2.36,12.68,$0.62,48.3,$0.03B,$0.00B,52.28,$0.00B,$0.02B,0.0,$0.01B,$0.01B,100.00%,$0.01B,$0.01B,75.00%,$0.01B,$0.01B,75.00%,$0.01B,$0.01B,75.00%,$0.01B,$0.01B,83.33%,$0.01B,$0.01B,50.00%,$0.01B,$0.02B,28.24%,$0.01B,$0.02B,28.24%,$0.01B,$0.03B,21.05%,$0.01B,$0.02B,42.35%,$3,$0,$3,$0,$0,$1,$3,$0,$3,$1,$2,$2,$2,$3,$3,$10,10,$0.19,$0.19,$8,$0,$0,$26,$1,$0,$0,$0,$1,$27,$0,$0,$1,$6,$7,$0,$0,$-1,$20,$27,$5,$0,$-0,$-0,$-0,$0,$0,$2,$1,$6,$-0,$0,$0,$0,$0,$0,$0,$-0,$0,$0,$0,$-6,$-6,$-2,$0,$-8,$-2,$0,$-2
37,2009-06-30,31.37,$2.07,15.17,$1.47,21.35,$2.67,11.75,$0.78,40.22,$0.03B,$0.00B,50.32,$0.00B,$0.02B,0.0,$0.02B,$0.02B,100.00%,$0.02B,$0.01B,73.33%,$0.02B,$0.01B,73.33%,$0.02B,$0.01B,73.33%,$0.02B,$0.01B,80.00%,$0.02B,$0.01B,53.33%,$0.01B,$0.02B,35.16%,$0.01B,$0.02B,35.16%,$0.01B,$0.03B,26.67%,$0.01B,$0.02B,48.35%,$4,$0,$4,$0,$1,$1,$3,$0,$4,$1,$2,$2,$2,$3,$3,$10,10,$0.24,$0.24,$8,$0,$0,$27,$1,$0,$0,$0,$1,$28,$1,$0,$2,$7,$8,$0,$0,$-1,$21,$28,$3,$0,$-0,$-0,$-0,$0,$0,$2,$2,$5,$-0,$0,$0,$0,$0,$0,$0,$-0,$0,$0,$0,$-4,$-4,$-2,$0,$-6,$-1,$0,$-2
38,2009-03-31,24.71,$2.02,12.21,$1.56,15.82,$2.70,9.14,$0.85,29.07,$0.03B,$0.00B,36.91,$0.00B,$0.02B,0.0,$0.02B,$0.02B,100.00%,$0.02B,$0.01B,81.25%,$0.02B,$0.01B,81.25%,$0.02B,$0.01B,81.25%,$0.02B,$0.01B,81.25%,$0.02B,$0.01B,56.25%,$0.01B,$0.02B,37.89%,$0.01B,$0.02B,37.89%,$0.01B,$0.03B,29.03%,$0.01B,$0.02B,54.74%,$2,$0,$2,$0,$1,$1,$1,$0,$1,$0,$1,$1,$1,$1,$1,$10,10,$0.07,$0.07,$7,$0,$0,$26,$1,$0,$0,$1,$2,$28,$1,$0,$1,$7,$7,$0,$0,$-1,$20,$28,$1,$0,$0,$0,$0,$0,$0,$1,$1,$2,$-0,$0,$0,$0,$0,$0,$0,$-0,$0,$0,$0,$-2,$-2,$-2,$0,$-4,$-2,$0,$-2
39,2008-12-31,21.73,$2.31,9.43,$1.85,11.73,$2.89,7.51,$1.06,20.5,$0.03B,$0.00B,36.2,$0.00B,$0.02B,0.0,$0.02B,$0.02B,100.00%,$0.02B,$0.02B,84.21%,$0.02B,$0.02B,84.21%,$0.02B,$0.02B,84.21%,$0.02B,$0.02B,84.21%,$0.02B,$0.01B,57.89%,$0.01B,$0.02B,44.00%,$0.01B,$0.02B,44.00%,$0.01B,$0.03B,33.85%,$0.02B,$0.02B,64.00%,$3,$0,$3,$0,$-0,$1,$2,$0,$2,$1,$1,$1,$1,$2,$2,$10,10,$0.12,$0.12,$10,$0,$0,$28,$1,$0,$0,$1,$2,$31,$1,$0,$1,$6,$7,$0,$0,$-1,$24,$31,$11,$0,$-1,$-1,$0,$0,$0,$1,$1,$11,$-0,$0,$0,$0,$0,$0,$0,$-0,$0,$0,$0,$-10,$-10,$-2,$0,$-12,$-0,$0,$-2
40,2008-09-30,35.1,$2.50,14.07,$1.95,17.96,$2.69,13.05,$1.15,30.52,$0.03B,$0.00B,67.83,$0.00B,$0.03B,0.0,$0.02B,$0.02B,100.00%,$0.02B,$0.02B,85.00%,$0.02B,$0.02B,85.00%,$0.02B,$0.02B,85.00%,$0.02B,$0.02B,85.00%,$0.02B,$0.01B,60.00%,$0.01B,$0.03B,47.52%,$0.01B,$0.03B,47.52%,$0.01B,$0.03B,36.36%,$0.02B,$0.03B,67.33%,$6,$0,$6,$0,$1,$1,$5,$0,$5,$2,$4,$4,$4,$5,$5,$10,10,$0.35,$0.35,$11,$0,$0,$32,$1,$0,$0,$0,$1,$33,$0,$0,$1,$7,$7,$0,$0,$-0,$26,$33,$10,$0,$-1,$-0,$-1,$0,$0,$2,$0,$10,$-0,$0,$0,$0,$0,$0,$0,$-0,$0,$0,$0,$-7,$-7,$-2,$0,$-9,$1,$0,$-2
41,2008-06-30,50.1,$2.41,20.8,$1.85,27.04,$2.40,20.86,$1.04,48.17,$0.03B,$0.00B,71.9,$0.00B,$0.03B,0.0,$0.02B,$0.02B,100.00%,$0.02B,$0.02B,84.21%,$0.02B,$0.02B,84.21%,$0.02B,$0.02B,84.21%,$0.02B,$0.02B,84.21%,$0.02B,$0.01B,57.89%,$0.01B,$0.03B,44.44%,$0.01B,$0.03B,44.44%,$0.01B,$0.03B,33.59%,$0.02B,$0.03B,64.65%,$5,$0,$5,$0,$0,$1,$5,$0,$5,$2,$3,$3,$3,$5,$5,$10,10,$0.31,$0.31,$9,$0,$0,$31,$1,$0,$0,$0,$1,$32,$0,$0,$1,$7,$7,$0,$0,$-0,$25,$32,$6,$0,$-0,$-0,$-1,$0,$0,$1,$-1,$5,$-0,$0,$0,$0,$0,$0,$0,$-0,$0,$0,$0,$-4,$-4,$-2,$0,$-6,$-1,$0,$-2
42,2008-03-31,38.81,$2.37,16.34,$1.67,23.26,$2.25,17.25,$0.92,42.19,$0.03B,$0.00B,27.85,$0.00B,$0.03B,0.0,$0.02B,$0.02B,100.00%,$0.02B,$0.01B,82.35%,$0.02B,$0.01B,82.35%,$0.02B,$0.01B,82.35%,$0.02B,$0.01B,82.35%,$0.02B,$0.01B,58.82%,$0.01B,$0.03B,40.82%,$0.01B,$0.03B,40.82%,$0.01B,$0.03B,30.53%,$0.01B,$0.03B,57.14%,$5,$0,$5,$0,$1,$1,$4,$0,$4,$1,$3,$3,$3,$4,$4,$10,10,$0.28,$0.28,$11,$0,$0,$33,$1,$0,$0,$0,$1,$34,$1,$0,$2,$8,$9,$0,$0,$-0,$25,$34,$3,$0,$0,$0,$-0,$0,$0,$1,$1,$4,$-0,$0,$0,$0,$0,$0,$0,$-0,$0,$0,$0,$-1,$-1,$-2,$0,$-3,$1,$0,$-2
43,2007-12-31,41.89,$2.37,17.65,$1.46,28.59,$2.09,20.0,$1.38,30.35,$0.03B,$0.00B,27.42,$0.00B,$0.03B,0.0,$0.02B,$0.02B,100.00%,$0.02B,$0.01B,80.00%,$0.02B,$0.01B,80.00%,$0.02B,$0.01B,80.00%,$0.02B,$0.01B,80.00%,$0.02B,$0.01B,60.00%,$0.01B,$0.03B,37.50%,$0.01B,$0.03B,37.50%,$0.01B,$0.03B,27.91%,$0.01B,$0.03B,50.00%,$4,$0,$4,$0,$-0,$1,$3,$0,$3,$1,$2,$2,$2,$3,$3,$11,11,$0.20,$0.20,$10,$0,$0,$31,$1,$0,$0,$0,$1,$33,$1,$0,$1,$7,$8,$0,$0,$-0,$25,$33,$8,$0,$-0,$-0,$-0,$0,$0,$2,$2,$10,$-0,$0,$0,$0,$0,$0,$0,$-0,$0,$0,$0,$-6,$-6,$-2,$0,$-8,$2,$0,$-2
44,2007-09-30,49.52,$2.26,21.87,$1.97,25.17,$2.16,22.97,$1.53,32.41,$0.03B,$0.00B,34.78,$0.00B,$0.02B,0.0,$0.02B,$0.02B,100.00%,$0.02B,$0.01B,66.67%,$0.02B,$0.01B,66.67%,$0.02B,$0.01B,66.67%,$0.02B,$0.02B,71.43%,$0.02B,$0.01B,52.38%,$0.01B,$0.02B,46.32%,$0.01B,$0.02B,46.32%,$0.01B,$0.03B,34.38%,$0.01B,$0.02B,58.95%,$5,$0,$5,$0,$1,$1,$4,$0,$4,$1,$3,$3,$3,$4,$4,$11,11,$0.24,$0.24,$9,$0,$0,$30,$1,$0,$0,$0,$1,$32,$1,$0,$1,$7,$8,$0,$0,$-0,$24,$32,$6,$0,$-0,$-0,$-0,$0,$0,$1,$1,$7,$-0,$0,$0,$0,$0,$0,$0,$-0,$0,$0,$0,$-5,$-5,$-2,$0,$-7,$0,$0,$-2
45,2007-06-30,57.57,$2.25,25.64,$1.92,29.91,$2.42,23.78,$1.56,37.0,$0.03B,$0.00B,33.16,$0.00B,$0.02B,0.0,$0.02B,$0.02B,100.00%,$0.02B,$0.01B,66.67%,$0.02B,$0.01B,66.67%,$0.02B,$0.01B,66.67%,$0.02B,$0.02B,71.43%,$0.02B,$0.01B,52.38%,$0.01B,$0.02B,44.90%,$0.01B,$0.02B,44.90%,$0.01B,$0.03B,33.59%,$0.01B,$0.02B,57.14%,$3,$0,$3,$0,$1,$1,$3,$0,$3,$1,$2,$2,$2,$3,$3,$11,11,$0.19,$0.19,$8,$0,$0,$30,$2,$0,$0,$0,$2,$32,$1,$0,$1,$7,$8,$0,$0,$-0,$24,$32,$4,$0,$-0,$-0,$-0,$0,$0,$0,$0,$4,$-0,$0,$0,$0,$0,$0,$0,$-0,$0,$0,$0,$-3,$-3,$-2,$0,$-4,$-1,$0,$-2
46,2007-03-31,45.4,$2.21,20.53,$2.05,22.15,$2.64,17.21,$1.64,27.65,$0.03B,$0.00B,41.1,$0.00B,$0.02B,0.0,$0.02B,$0.02B,100.00%,$0.02B,$0.02B,65.22%,$0.02B,$0.02B,65.22%,$0.02B,$0.02B,65.22%,$0.02B,$0.02B,69.57%,$0.02B,$0.01B,52.17%,$0.01B,$0.02B,48.00%,$0.01B,$0.02B,48.00%,$0.01B,$0.03B,36.09%,$0.02B,$0.02B,60.00%,$3,$0,$3,$0,$1,$1,$2,$0,$2,$1,$2,$2,$2,$2,$2,$11,11,$0.15,$0.15,$8,$0,$0,$30,$2,$0,$0,$0,$2,$32,$1,$0,$2,$8,$9,$0,$0,$-0,$23,$32,$2,$0,$-0,$-0,$-0,$0,$0,$0,$1,$2,$-0,$0,$0,$0,$0,$0,$0,$-0,$0,$0,$0,$-1,$-1,$-2,$0,$-3,$-1,$0,$-2
47,2006-12-31,40.49,$2.30,17.58,$2.09,19.33,$2.75,14.73,$1.08,37.35,$0.03B,$0.00B,46.63,$0.00B,$0.02B,0.0,$0.02B,$0.02B,100.00%,$0.02B,$0.02B,69.57%,$0.02B,$0.02B,69.57%,$0.02B,$0.02B,69.57%,$0.02B,$0.02B,73.91%,$0.02B,$0.01B,52.17%,$0.01B,$0.02B,47.52%,$0.01B,$0.02B,47.52%,$0.01B,$0.03B,35.82%,$0.02B,$0.02B,63.37%,$10,$0,$10,$0,$0,$4,$5,$0,$6,$2,$4,$4,$4,$5,$5,$11,11,$0.35,$0.35,$9,$0,$0,$30,$2,$0,$0,$0,$2,$32,$1,$0,$1,$7,$8,$0,$0,$-0,$24,$32,$12,$0,$-0,$-0,$0,$0,$0,$-1,$-1,$10,$-0,$0,$0,$0,$0,$0,$0,$-0,$0,$0,$0,$-6,$-6,$-6,$0,$-11,$-1,$0,$-6
