,Date,Stock Price,Book Value per Share,Price to Book Ratio,TTM Sales per Share,Price to Sales Ratio,TTM FCF per Share,Price to FCF Ratio,TTM Net EPS,PE Ratio,Current Assets,Current Liabilities,Current Ratio,Long Term Debt,Shareholder's Equity_x,Debt to Equity Ratio,TTM Revenue_x,TTM Gross Profit,Gross Margin,TTM Revenue_y,TTM Operating Income,Operating Margin,TTM Revenue_x,TTM EBIT,EBIT Margin,TTM Revenue_y,TTM EBITDA,EBITDA Margin,TTM Revenue_x,TTM Pre-Tax Income,Pre-Tax Margin,TTM Revenue_y,TTM Net Income_x,Net Margin,TTM Net Income_y,Shareholder's Equity_y,Return on Equity,TTM Net Income_x,Tangible Equity,Return on Tangible Equity,TTM Net Income_y,Total Assets,Return on Assets,TTM Net Income,LT Investments & Debt,Return on Investment,revenue,cost-goods-sold,gross-profit,research-development-expenses,selling-general-administrative-expenses,operating-expenses,operating-income,total-non-operating-income-expense,pre-tax-income,total-provision-income-taxes,income-after-taxes,income-from-continuous-operations,net-income,ebitda,ebit,basic-shares-outstanding,shares-outstanding,eps-basic-net-earnings-per-share,eps-earnings-per-share-diluted,cash-on-hand,inventory,other-current-assets,total-current-assets,net-property-plant-equipment,long-term-investments,goodwill-intangible-assets-total,other-long-term-assets,total-long-term-assets,total-assets,total-current-liabilities,long-term-debt,other-non-current-liabilities,total-long-term-liabilities,total-liabilities,common-stock-net,retained-earnings-accumulated-deficit,comprehensive-income,total-share-holder-equity,total-liabilities-share-holders-equity,net-income-loss,total-depreciation-amortization-cash-flow,other-non-cash-items,total-non-cash-items,change-in-accounts-receivable,change-in-inventories,change-in-accounts-payable,change-in-assets-liabilities,total-change-in-assets-liabilities,cash-flow-from-operating-activities,net-change-in-property-plant-equipment,net-change-in-intangible-assets,net-acquisitions-divestitures,net-change-in-short-term-investments,net-change-in-long-term-investments,net-change-in-investments-total,investing-activities-other,cash-flow-from-investing-activities,net-long-term-debt,net-current-debt,debt-issuance-retirement-net-total,net-common-equity-issued-repurchased,net-total-equity-issued-repurchased,total-common-preferred-stock-dividends-paid,financial-activities-other,cash-flow-from-financial-activities,net-cash-flow,stock-based-compensation,common-stock-dividends-paid
0,2018-09-30,17.34,$13.27,1.31,$5.56,3.12,$3.61,4.8,$0.98,17.69,$0.94B,$0.93B,1.02,$0.03B,$0.11B,0.3,$0.05B,$0.04B,83.33%,$0.05B,$0.01B,29.17%,$0.05B,0,0.00%,$0.05B,0,0.00%,$0.05B,$0.01B,29.17%,$0.05B,$0.01B,18.75%,$0.01B,$0.11B,8.16%,$0.01B,$0.10B,9.78%,$0.01B,$1.09B,0.85%,$0.01B,$0.15B,9.67%,$13,$2,$10,$0,$7,$9,$4,$0,$4,$1,$3,$3,$3,$0,$0,$9,9,$0.33,$0.33,$48,$0,$0,$942,$6,$91,$18,$29,$145,$1086,$928,$34,$10,$44,$972,$80,$37,$-1,$114,$1086,$8,$1,$1,$2,$0,$0,$0,$0,$1,$11,$-0,$0,$0,$-1,$3,$2,$-50,$-48,$-6,$0,$-6,$0,$0,$-1,$44,$37,$-1,$0,$-1
1,2018-06-30,19.07,$13.02,1.47,$5.41,3.53,$3.67,5.2,$0.91,20.96,$0.91B,$0.90B,1.01,$0.03B,$0.11B,0.31,$0.05B,$0.04B,86.96%,$0.05B,$0.01B,28.26%,$0.05B,0,0.00%,$0.05B,0,0.00%,$0.05B,$0.01B,28.26%,$0.05B,$0.01B,17.39%,$0.01B,$0.11B,7.37%,$0.01B,$0.09B,8.89%,$0.01B,$1.06B,0.77%,$0.01B,$0.15B,9.00%,$12,$2,$10,$0,$7,$9,$4,$0,$4,$1,$3,$3,$3,$0,$0,$8,9,$0.31,$0.30,$24,$0,$0,$909,$6,$94,$18,$28,$147,$1056,$901,$34,$9,$43,$944,$80,$34,$-1,$111,$1056,$5,$1,$1,$1,$-0,$0,$0,$-0,$-1,$6,$-0,$0,$0,$-0,$-0,$-1,$-39,$-40,$-9,$0,$-9,$0,$0,$-1,$19,$10,$-24,$0,$-1
2,2018-03-31,17.95,$12.78,1.4,$5.24,3.43,$3.19,5.63,$0.86,20.87,$0.89B,$0.89B,1.01,$0.03B,$0.11B,0.32,$0.05B,$0.04B,86.67%,$0.05B,$0.01B,26.67%,$0.05B,0,0.00%,$0.05B,0,0.00%,$0.05B,$0.01B,26.67%,$0.05B,$0.01B,15.56%,$0.01B,$0.11B,6.54%,$0.01B,$0.09B,7.93%,$0.01B,$1.04B,0.69%,$0.01B,$0.14B,8.41%,$12,$2,$10,$0,$7,$8,$3,$0,$3,$1,$3,$3,$3,$0,$0,$8,9,$0.32,$0.31,$29,$0,$0,$894,$6,$96,$18,$27,$148,$1042,$889,$34,$9,$44,$933,$80,$32,$-0,$109,$1042,$3,$0,$0,$1,$1,$0,$-0,$1,$1,$5,$-0,$0,$0,$-0,$-2,$-2,$-21,$-24,$-10,$0,$-10,$0,$0,$-0,$9,$-1,$-20,$0,$-0
3,2017-12-31,17.98,$12.58,1.43,$5.05,3.56,$3.08,5.83,$0.76,23.66,$0.89B,$0.89B,1.01,$0.04B,$0.11B,0.34,$0.04B,$0.04B,88.37%,$0.04B,$0.01B,27.91%,$0.04B,0,0.00%,$0.04B,0,0.00%,$0.04B,$0.01B,27.91%,$0.04B,$0.01B,13.95%,$0.01B,$0.11B,5.70%,$0.01B,$0.09B,6.94%,$0.01B,$1.04B,0.60%,$0.01B,$0.14B,8.50%,$11,$2,$10,$0,$7,$8,$3,$0,$3,$3,$0,$0,$0,$0,$0,$8,9,$0.04,$0.03,$48,$0,$0,$894,$6,$95,$18,$27,$146,$1040,$889,$36,$9,$44,$933,$80,$30,$-0,$107,$1040,$7,$2,$2,$4,$1,$0,$-0,$1,$2,$13,$-2,$0,$0,$-1,$2,$2,$-98,$-98,$8,$0,$8,$0,$0,$-1,$85,$92,$6,$0,$-1
4,2017-09-30,19.61,$12.61,1.56,$4.96,3.96,$2.87,6.83,$1.01,19.5,$0.86B,$0.85B,1.01,$0.04B,$0.11B,0.38,$0.04B,$0.04B,88.10%,$0.04B,$0.01B,30.95%,$0.04B,0,0.00%,$0.04B,0,0.00%,$0.04B,$0.01B,30.95%,$0.04B,$0.01B,21.43%,$0.01B,$0.11B,8.67%,$0.01B,$0.09B,10.56%,$0.01B,$1.00B,0.93%,$0.01B,$0.15B,9.30%,$11,$1,$10,$0,$6,$8,$3,$0,$3,$1,$2,$2,$2,$0,$0,$8,9,$0.27,$0.26,$46,$0,$0,$856,$5,$93,$18,$29,$145,$1000,$845,$40,$9,$49,$894,$80,$30,$-0,$107,$1000,$6,$1,$0,$2,$3,$0,$0,$1,$4,$12,$-1,$0,$0,$-1,$5,$4,$-63,$-60,$8,$0,$8,$0,$0,$-1,$45,$52,$4,$0,$-1
5,2017-06-30,18.34,$12.40,1.48,$4.91,3.73,$2.58,7.12,$1.06,17.31,$0.84B,$0.84B,1.0,$0.03B,$0.11B,0.33,$0.04B,$0.04B,85.71%,$0.04B,$0.01B,33.33%,$0.04B,0,0.00%,$0.04B,0,0.00%,$0.04B,$0.01B,33.33%,$0.04B,$0.01B,23.81%,$0.01B,$0.11B,9.83%,$0.01B,$0.09B,12.01%,$0.01B,$0.98B,1.05%,$0.01B,$0.14B,10.07%,$11,$1,$9,$0,$6,$8,$3,$0,$3,$1,$2,$2,$2,$0,$0,$8,9,$0.25,$0.25,$45,$0,$0,$839,$5,$93,$18,$28,$144,$983,$837,$34,$8,$42,$879,$79,$28,$-0,$105,$983,$4,$1,$0,$1,$-3,$0,$-0,$-0,$-3,$2,$-1,$0,$0,$-0,$5,$4,$-42,$-38,$5,$0,$5,$0,$0,$-1,$34,$39,$3,$0,$-1
6,2017-03-31,17.4,$12.21,1.43,$4.80,3.63,$2.94,5.92,$1.01,17.23,$0.82B,$0.82B,1.0,$0.03B,$0.10B,0.33,$0.04B,$0.04B,85.37%,$0.04B,$0.01B,34.15%,$0.04B,0,0.00%,$0.04B,0,0.00%,$0.04B,$0.01B,34.15%,$0.04B,$0.01B,24.39%,$0.01B,$0.10B,10.05%,$0.01B,$0.08B,12.31%,$0.01B,$0.97B,1.08%,$0.01B,$0.14B,10.24%,$10,$1,$9,$0,$6,$7,$3,$0,$3,$1,$2,$2,$2,$0,$0,$8,9,$0.22,$0.21,$62,$0,$0,$821,$5,$95,$18,$28,$146,$967,$821,$34,$9,$43,$865,$79,$26,$-0,$102,$967,$2,$0,$0,$1,$1,$0,$-0,$1,$2,$5,$-1,$0,$0,$-0,$2,$2,$-10,$-8,$1,$0,$1,$0,$0,$-0,$23,$23,$20,$0,$-0
7,2016-12-31,13.96,$12.04,1.16,$4.71,2.96,$3.10,4.5,$1.00,13.96,$0.79B,$0.80B,1.0,$0.04B,$0.10B,0.35,$0.04B,$0.03B,85.00%,$0.04B,$0.01B,35.00%,$0.04B,0,0.00%,$0.04B,0,0.00%,$0.04B,$0.01B,35.00%,$0.04B,$0.01B,25.00%,$0.01B,$0.10B,10.23%,$0.01B,$0.08B,12.58%,$0.01B,$0.94B,1.11%,$0.01B,$0.14B,10.41%,$10,$1,$9,$0,$5,$6,$4,$0,$4,$1,$3,$3,$3,$0,$0,$8,9,$0.31,$0.30,$42,$0,$0,$792,$5,$97,$18,$28,$148,$940,$797,$35,$8,$43,$839,$79,$24,$-0,$101,$940,$9,$2,$-1,$0,$-2,$0,$-0,$2,$-0,$9,$-0,$0,$0,$-1,$-16,$-17,$-62,$-80,$-1,$0,$-1,$0,$0,$-1,$68,$66,$-5,$0,$-1
8,2016-09-30,10.74,$11.80,0.91,$4.58,2.35,$3.04,3.53,$0.91,11.75,$0.78B,$0.76B,1.02,$0.05B,$0.10B,0.46,$0.04B,$0.03B,84.62%,$0.04B,$0.01B,33.33%,$0.04B,0,0.00%,$0.04B,0,0.00%,$0.04B,$0.01B,33.33%,$0.04B,$0.01B,23.08%,$0.01B,$0.10B,9.40%,$0.01B,$0.08B,11.61%,$0.01B,$0.91B,1.02%,$0.01B,$0.14B,9.79%,$11,$1,$9,$0,$6,$7,$4,$0,$4,$1,$3,$3,$3,$0,$0,$8,9,$0.32,$0.31,$27,$0,$0,$776,$5,$83,$18,$28,$133,$909,$758,$45,$7,$53,$811,$73,$28,$-0,$99,$909,$6,$1,$-0,$1,$0,$0,$-0,$1,$1,$8,$-0,$0,$0,$-1,$-1,$-2,$-63,$-66,$8,$0,$8,$-0,$-0,$-1,$31,$38,$-20,$0,$-1
9,2016-06-30,10.09,$11.51,0.88,$4.38,2.3,$3.00,3.36,$0.80,12.61,$0.75B,$0.75B,1.01,$0.03B,$0.10B,0.35,$0.04B,$0.03B,86.49%,$0.04B,$0.01B,32.43%,$0.04B,0,0.00%,$0.04B,0,0.00%,$0.04B,$0.01B,32.43%,$0.04B,$0.01B,21.62%,$0.01B,$0.10B,8.38%,$0.01B,$0.08B,10.32%,$0.01B,$0.89B,0.92%,$0.01B,$0.13B,9.39%,$10,$1,$8,$0,$6,$7,$3,$0,$3,$1,$2,$2,$2,$0,$0,$8,9,$0.21,$0.20,$31,$0,$0,$753,$5,$84,$18,$24,$131,$885,$748,$34,$7,$40,$788,$73,$26,$-0,$96,$885,$3,$1,$0,$1,$0,$0,$-0,$0,$0,$5,$-0,$0,$0,$-0,$-3,$-4,$-33,$-37,$-1,$0,$-1,$0,$0,$-1,$18,$17,$-15,$0,$-1
10,2016-03-31,8.79,$11.34,0.78,$4.27,2.06,$3.30,2.67,$0.77,11.4,$0.75B,$0.75B,1.01,$0.03B,$0.10B,0.36,$0.04B,$0.03B,88.89%,$0.04B,$0.01B,30.56%,$0.04B,0,0.00%,$0.04B,0,0.00%,$0.04B,$0.01B,30.56%,$0.04B,$0.01B,19.44%,$0.01B,$0.10B,7.33%,$0.01B,$0.08B,9.03%,$0.01B,$0.88B,0.82%,$0.01B,$0.13B,8.71%,$9,$1,$8,$0,$5,$7,$3,$0,$3,$1,$2,$2,$2,$0,$0,$8,8,$0.20,$0.20,$54,$0,$0,$751,$5,$83,$18,$24,$130,$882,$747,$34,$6,$40,$787,$73,$24,$-0,$95,$882,$2,$0,$-0,$0,$3,$0,$-0,$-0,$3,$5,$0,$0,$0,$-0,$-3,$-3,$-11,$-14,$-2,$0,$-2,$0,$0,$-0,$19,$16,$7,$0,$-0
11,2015-12-31,9.18,$11.73,0.78,$4.18,2.2,$2.99,3.07,$0.74,12.35,$0.74B,$0.73B,1.01,$0.04B,$0.09B,0.39,$0.04B,$0.03B,91.43%,$0.04B,$0.01B,28.57%,$0.04B,0,0.00%,$0.04B,0,0.00%,$0.04B,$0.01B,28.57%,$0.04B,$0.01B,17.14%,$0.01B,$0.09B,6.28%,$0.01B,$0.08B,7.74%,$0.01B,$0.86B,0.72%,$0.01B,$0.13B,8.00%,$9,$1,$8,$0,$6,$7,$3,$0,$3,$1,$2,$2,$2,$0,$0,$8,9,$0.22,$0.20,$47,$0,$0,$736,$5,$80,$18,$24,$128,$864,$728,$36,$6,$43,$771,$73,$23,$-0,$93,$864,$6,$1,$-1,$1,$-2,$0,$0,$1,$-1,$7,$1,$0,$0,$-1,$-7,$-7,$-66,$-71,$17,$0,$17,$-0,$-6,$-1,$66,$75,$11,$0,$-1
12,2015-09-30,8.27,$11.74,0.7,$4.07,2.03,$3.28,2.52,$0.71,11.58,$0.71B,$0.71B,1.0,$0.03B,$0.09B,0.29,$0.03B,$0.03B,94.12%,$0.03B,$0.01B,26.47%,$0.03B,0,0.00%,$0.03B,0,0.00%,$0.03B,$0.01B,26.47%,$0.03B,$0.01B,14.71%,$0.01B,$0.10B,5.22%,$0.01B,$0.08B,6.43%,$0.01B,$0.84B,0.61%,$0.01B,$0.12B,7.48%,$9,$1,$8,$0,$5,$6,$3,$0,$3,$1,$2,$2,$2,$0,$0,$8,9,$0.20,$0.20,$43,$0,$0,$714,$5,$82,$18,$23,$129,$842,$712,$27,$6,$33,$745,$73,$21,$-0,$98,$842,$5,$1,$-0,$1,$-0,$0,$0,$1,$1,$6,$1,$0,$0,$0,$-9,$-9,$-48,$-55,$9,$0,$9,$-0,$-0,$-1,$48,$56,$7,$0,$-1
13,2015-06-30,8.37,$11.55,0.72,$4.00,2.09,$3.06,2.73,$0.70,11.87,$0.72B,$0.71B,1.01,$0.03B,$0.09B,0.31,$0.03B,$0.03B,96.97%,$0.03B,$0.01B,27.27%,$0.03B,0,0.00%,$0.03B,0,0.00%,$0.03B,$0.01B,27.27%,$0.03B,$0.01B,15.15%,$0.01B,$0.10B,5.21%,$0.01B,$0.08B,6.43%,$0.01B,$0.84B,0.62%,$0.01B,$0.12B,7.63%,$9,$1,$8,$0,$6,$7,$2,$0,$2,$1,$1,$1,$1,$0,$0,$8,9,$0.17,$0.17,$49,$0,$0,$719,$5,$78,$18,$24,$126,$844,$714,$28,$6,$34,$748,$73,$20,$-0,$96,$844,$3,$1,$-0,$1,$3,$0,$0,$1,$3,$7,$0,$0,$0,$-1,$-4,$-4,$-49,$-53,$17,$0,$17,$-0,$-0,$-1,$44,$60,$13,$0,$-0
14,2015-03-31,7.95,$11.44,0.69,$3.93,2.02,$2.77,2.86,$0.70,11.43,$0.68B,$0.68B,1.01,$0.03B,$0.09B,0.31,$0.03B,$0.03B,96.88%,$0.03B,$0.01B,28.13%,$0.03B,0,0.00%,$0.03B,0,0.00%,$0.03B,$0.01B,28.13%,$0.03B,$0.01B,15.63%,$0.01B,$0.10B,5.19%,$0.01B,$0.08B,6.41%,$0.01B,$0.80B,0.64%,$0.01B,$0.12B,7.78%,$8,$1,$8,$0,$5,$6,$2,$0,$2,$1,$1,$1,$1,$0,$0,$8,9,$0.17,$0.17,$47,$0,$0,$684,$6,$73,$18,$24,$121,$804,$676,$28,$5,$33,$709,$73,$19,$-0,$95,$804,$1,$0,$0,$0,$1,$0,$0,$0,$1,$3,$-0,$0,$0,$-1,$1,$1,$-14,$-14,$9,$0,$9,$-0,$-0,$-0,$13,$22,$11,$0,$-0
15,2014-12-31,7.66,$11.27,0.68,$3.91,1.96,$2.70,2.84,$0.69,11.18,$0.66B,$0.67B,0.99,$0.02B,$0.09B,0.18,$0.03B,$0.03B,93.75%,$0.03B,$0.01B,28.13%,$0.03B,0,0.00%,$0.03B,0,0.00%,$0.03B,$0.01B,28.13%,$0.03B,$0.01B,15.63%,$0.01B,$0.09B,5.18%,$0.01B,$0.08B,6.39%,$0.01B,$0.78B,0.65%,$0.01B,$0.11B,7.93%,$8,$1,$8,$0,$5,$6,$2,$0,$2,$1,$1,$1,$1,$0,$0,$8,9,$0.16,$0.18,$36,$0,$0,$659,$6,$74,$18,$25,$122,$781,$666,$16,$6,$22,$687,$73,$18,$-0,$94,$781,$6,$1,$1,$1,$3,$0,$-0,$0,$3,$10,$0,$0,$0,$0,$3,$4,$-30,$-26,$3,$0,$3,$-1,$-7,$-1,$9,$4,$-12,$0,$-1
16,2014-09-30,7.2,$11.84,0.61,$3.88,1.85,$2.40,3.0,$0.68,10.65,$0.65B,$0.66B,1.0,$0.02B,$0.09B,0.19,$0.03B,$0.03B,90.63%,$0.03B,$0.01B,28.13%,$0.03B,0,0.00%,$0.03B,0,0.00%,$0.03B,$0.01B,28.13%,$0.03B,$0.01B,15.63%,$0.01B,$0.10B,5.17%,$0.01B,$0.08B,6.37%,$0.01B,$0.78B,0.65%,$0.01B,$0.12B,7.88%,$8,$1,$8,$0,$5,$6,$3,$0,$3,$1,$2,$2,$2,$0,$0,$8,9,$0.20,$0.19,$44,$0,$0,$654,$5,$75,$18,$24,$122,$775,$655,$16,$5,$21,$677,$72,$16,$-0,$99,$775,$5,$1,$0,$1,$-1,$0,$-0,$1,$-0,$5,$1,$0,$0,$0,$3,$3,$-13,$-9,$8,$0,$8,$-1,$-1,$-1,$-6,$0,$-4,$0,$-1
17,2014-06-30,7.64,$11.68,0.65,$3.84,1.99,$2.40,3.19,$0.64,11.97,$0.65B,$0.65B,1.0,$0.02B,$0.09B,0.21,$0.03B,$0.03B,87.50%,$0.03B,$0.01B,25.00%,$0.03B,0,0.00%,$0.03B,0,0.00%,$0.03B,$0.01B,25.00%,$0.03B,$0.00B,12.50%,$0.00B,$0.10B,4.18%,$0.00B,$0.08B,5.16%,$0.00B,$0.77B,0.52%,$0.01B,$0.12B,7.11%,$8,$1,$7,$0,$5,$6,$2,$0,$2,$1,$1,$1,$1,$0,$0,$8,9,$0.17,$0.16,$39,$0,$0,$645,$5,$73,$18,$24,$121,$766,$646,$18,$5,$23,$668,$72,$15,$-0,$97,$766,$3,$0,$0,$1,$-0,$0,$-0,$0,$0,$4,$1,$0,$0,$-0,$4,$4,$-10,$-5,$1,$0,$1,$-1,$-1,$-0,$-7,$-7,$-9,$0,$-0
18,2014-03-31,7.19,$11.52,0.62,$3.82,1.88,$2.28,3.16,$0.61,11.79,$0.64B,$0.65B,0.99,$0.02B,$0.08B,0.21,$0.03B,$0.03B,87.50%,$0.03B,$0.01B,25.00%,$0.03B,0,0.00%,$0.03B,0,0.00%,$0.03B,$0.01B,25.00%,$0.03B,$0.00B,12.50%,$0.00B,$0.10B,4.21%,$0.00B,$0.08B,5.23%,$0.00B,$0.77B,0.53%,$0.01B,$0.11B,7.24%,$8,$1,$7,$0,$5,$6,$2,$0,$2,$1,$1,$1,$1,$0,$0,$8,9,$0.17,$0.16,$55,$0,$0,$642,$4,$76,$18,$25,$123,$765,$647,$18,$5,$22,$669,$72,$14,$-1,$96,$765,$1,$0,$0,$0,$-0,$0,$-0,$0,$-0,$2,$0,$0,$0,$0,$1,$1,$10,$12,$0,$0,$0,$-1,$-1,$-0,$-6,$-6,$7,$0,$-0
19,2013-12-31,6.47,$11.31,0.57,$3.83,1.69,$2.26,2.86,$0.57,11.32,$0.65B,$0.65B,0.99,$0.02B,$0.08B,0.21,$0.03B,$0.03B,87.50%,$0.03B,$0.01B,25.00%,$0.03B,0,0.00%,$0.03B,0,0.00%,$0.03B,$0.01B,25.00%,$0.03B,$0.00B,12.50%,$0.00B,$0.10B,4.24%,$0.00B,$0.08B,5.28%,$0.00B,$0.77B,0.53%,$0.01B,$0.11B,7.36%,$8,$1,$7,$0,$5,$6,$2,$0,$2,$1,$1,$1,$1,$0,$0,$8,9,$0.17,$0.16,$48,$0,$0,$645,$4,$77,$18,$26,$125,$770,$652,$18,$5,$22,$674,$72,$12,$-1,$95,$770,$5,$1,$1,$2,$0,$0,$-0,$2,$2,$9,$-1,$0,$0,$-0,$-3,$-3,$-37,$-41,$6,$0,$6,$-0,$-0,$-1,$27,$32,$-1,$0,$-0
20,2013-09-30,6.48,$11.16,0.58,$3.86,1.68,$2.77,2.34,$0.54,11.95,$0.63B,$0.64B,0.97,$0.01B,$0.08B,0.16,$0.03B,$0.03B,87.50%,$0.03B,$0.01B,25.00%,$0.03B,0,0.00%,$0.03B,0,0.00%,$0.03B,$0.01B,25.00%,$0.03B,$0.00B,12.50%,$0.00B,$0.10B,4.28%,$0.00B,$0.08B,5.33%,$0.00B,$0.76B,0.54%,$0.01B,$0.11B,7.49%,$8,$1,$7,$0,$5,$6,$2,$0,$2,$1,$1,$1,$1,$0,$0,$8,9,$0.15,$0.15,$46,$0,$0,$628,$4,$83,$18,$24,$130,$757,$644,$14,$5,$18,$663,$72,$11,$-1,$95,$757,$4,$1,$1,$2,$0,$0,$0,$1,$1,$6,$-0,$0,$0,$-0,$-9,$-9,$-19,$-29,$2,$0,$2,$0,$0,$-1,$19,$21,$-2,$0,$-0
21,2013-06-30,5.66,$11.06,0.51,$3.89,1.45,$3.14,1.8,$0.53,10.6,$0.61B,$0.62B,0.98,$0.01B,$0.08B,0.17,$0.03B,$0.03B,87.50%,$0.03B,$0.01B,25.00%,$0.03B,0,0.00%,$0.03B,0,0.00%,$0.03B,$0.01B,25.00%,$0.03B,$0.00B,12.50%,$0.00B,$0.09B,4.32%,$0.00B,$0.08B,5.39%,$0.00B,$0.74B,0.55%,$0.01B,$0.11B,7.57%,$8,$1,$7,$0,$5,$6,$2,$0,$2,$1,$1,$1,$1,$0,$0,$8,9,$0.13,$0.13,$41,$0,$0,$614,$4,$78,$18,$22,$122,$736,$624,$14,$4,$18,$642,$72,$10,$-0,$94,$736,$2,$1,$1,$1,$-0,$0,$-0,$0,$0,$4,$-0,$0,$0,$-0,$-4,$-4,$-8,$-12,$3,$0,$3,$0,$0,$-0,$-2,$1,$-8,$0,$-0
22,2013-03-31,5.98,$11.03,0.54,$3.92,1.53,$3.59,1.67,$0.52,11.43,$0.62B,$0.62B,0.99,$0.01B,$0.08B,0.17,$0.03B,$0.03B,87.50%,$0.03B,$0.01B,25.00%,$0.03B,0,0.00%,$0.03B,0,0.00%,$0.03B,$0.01B,25.00%,$0.03B,$0.00B,12.50%,$0.00B,$0.09B,4.38%,$0.00B,$0.08B,5.46%,$0.00B,$0.74B,0.56%,$0.01B,$0.11B,7.64%,$8,$1,$7,$0,$5,$7,$2,$0,$2,$1,$1,$1,$1,$0,$0,$8,9,$0.12,$0.12,$46,$0,$0,$619,$3,$73,$18,$23,$117,$736,$624,$14,$5,$18,$643,$72,$9,$0,$93,$736,$1,$0,$0,$1,$0,$0,$-0,$-0,$-0,$2,$-0,$0,$0,$0,$2,$2,$-7,$-5,$4,$0,$4,$0,$0,$-0,$-3,$1,$-3,$0,$0
23,2012-12-31,4.97,$10.97,0.45,$3.92,1.27,$3.72,1.33,$0.52,9.49,$0.61B,$0.62B,0.99,$0.01B,$0.08B,0.17,$0.03B,$0.03B,87.50%,$0.03B,$0.01B,25.00%,$0.03B,0,0.00%,$0.03B,0,0.00%,$0.03B,$0.01B,25.00%,$0.03B,$0.00B,12.50%,$0.00B,$0.09B,4.44%,$0.00B,$0.07B,5.56%,$0.00B,$0.73B,0.57%,$0.01B,$0.11B,7.73%,$8,$1,$7,$0,$5,$7,$2,$0,$2,$1,$1,$1,$1,$0,$0,$8,9,$0.13,$0.12,$49,$0,$0,$614,$3,$75,$18,$23,$120,$734,$624,$14,$5,$18,$642,$72,$8,$0,$92,$734,$5,$1,$1,$2,$-0,$0,$-0,$1,$1,$8,$5,$0,$0,$-1,$-12,$-13,$-42,$-50,$0,$0,$0,$0,$0,$-0,$53,$53,$11,$0,$0
24,2012-09-30,5.16,$10.85,0.48,$3.91,1.32,$3.32,1.55,$0.51,10.03,$0.59B,$0.60B,0.99,$0.01B,$0.08B,0.17,$0.03B,$0.03B,87.50%,$0.03B,$0.01B,25.00%,$0.03B,0,0.00%,$0.03B,0,0.00%,$0.03B,$0.01B,25.00%,$0.03B,$0.00B,12.50%,$0.00B,$0.09B,4.51%,$0.00B,$0.07B,5.65%,$0.00B,$0.71B,0.58%,$0.01B,$0.10B,7.80%,$8,$1,$7,$0,$5,$6,$2,$0,$2,$1,$1,$1,$1,$0,$0,$8,9,$0.14,$0.14,$43,$0,$0,$593,$2,$67,$18,$25,$112,$705,$597,$14,$4,$18,$614,$71,$7,$1,$91,$705,$4,$1,$1,$2,$-0,$0,$-0,$-0,$-1,$5,$4,$0,$0,$-1,$-3,$-4,$-26,$-26,$3,$0,$3,$0,$0,$-0,$24,$26,$5,$0,$0
25,2012-06-30,5.07,$10.70,0.47,$3.95,1.28,$3.12,1.62,$0.45,11.15,$0.58B,$0.59B,0.99,$0.01B,$0.08B,0.17,$0.03B,$0.03B,84.85%,$0.03B,$0.01B,24.24%,$0.03B,0,0.00%,$0.03B,0,0.00%,$0.03B,$0.01B,24.24%,$0.03B,$0.00B,12.12%,$0.00B,$0.09B,4.57%,$0.00B,$0.07B,5.76%,$0.00B,$0.70B,0.59%,$0.01B,$0.10B,7.88%,$8,$1,$7,$0,$5,$6,$2,$0,$2,$1,$1,$1,$1,$0,$0,$8,9,$0.12,$0.12,$41,$0,$0,$584,$3,$68,$18,$24,$113,$698,$591,$14,$4,$17,$608,$71,$6,$0,$89,$698,$2,$1,$1,$2,$-0,$0,$-0,$-0,$-0,$3,$4,$0,$0,$-1,$-5,$-6,$-20,$-21,$3,$0,$3,$0,$0,$-0,$18,$21,$3,$0,$0
26,2012-03-31,5.02,$10.57,0.48,$3.97,1.27,$2.71,1.85,$0.44,11.37,$0.58B,$0.58B,1.0,$0.01B,$0.08B,0.18,$0.03B,$0.03B,84.85%,$0.03B,$0.01B,24.24%,$0.03B,0,0.00%,$0.03B,0,0.00%,$0.03B,$0.01B,24.24%,$0.03B,$0.00B,12.12%,$0.00B,$0.09B,4.66%,$0.00B,$0.07B,5.90%,$0.00B,$0.69B,0.59%,$0.01B,$0.10B,8.02%,$8,$1,$7,$0,$5,$6,$2,$0,$2,$1,$1,$1,$1,$0,$0,$8,9,$0.12,$0.12,$46,$0,$0,$577,$3,$60,$18,$27,$108,$685,$580,$14,$4,$17,$597,$71,$5,$0,$88,$685,$1,$0,$0,$1,$0,$0,$-0,$0,$0,$2,$1,$0,$0,$0,$3,$3,$-7,$-4,$2,$0,$2,$0,$0,$-0,$7,$9,$8,$0,$-0
27,2011-12-31,4.22,$10.45,0.4,$3.95,1.07,$2.64,1.6,$0.41,10.29,$0.56B,$0.57B,0.99,$0.01B,$0.08B,0.18,$0.03B,$0.03B,84.85%,$0.03B,$0.01B,21.21%,$0.03B,0,0.00%,$0.03B,0,0.00%,$0.03B,$0.01B,21.21%,$0.03B,$0.00B,12.12%,$0.00B,$0.09B,4.76%,$0.00B,$0.07B,6.08%,$0.00B,$0.68B,0.60%,$0.01B,$0.10B,7.14%,$8,$1,$7,$0,$5,$6,$2,$0,$2,$1,$1,$1,$1,$0,$0,$8,8,$0.12,$0.12,$38,$0,$0,$563,$3,$63,$19,$28,$112,$675,$570,$14,$4,$17,$587,$71,$4,$0,$87,$675,$4,$1,$1,$2,$-0,$0,$0,$1,$0,$7,$2,$0,$0,$-1,$-14,$-15,$-23,$-37,$1,$0,$1,$0,$3,$-0,$29,$33,$4,$0,$0
28,2011-09-30,4.01,$10.38,0.39,$3.99,1.0,$3.05,1.31,$0.40,10.07,$0.56B,$0.56B,1.0,$0.01B,$0.07B,0.18,$0.03B,$0.03B,84.85%,$0.03B,$0.01B,21.21%,$0.03B,0,0.00%,$0.03B,0,0.00%,$0.03B,$0.01B,21.21%,$0.03B,$0.00B,12.12%,$0.00B,$0.09B,4.86%,$0.00B,$0.07B,6.27%,$0.00B,$0.67B,0.61%,$0.01B,$0.10B,7.27%,$9,$1,$7,$0,$6,$7,$2,$0,$2,$1,$1,$1,$1,$0,$0,$8,8,$0.09,$0.09,$51,$0,$0,$563,$3,$58,$19,$23,$103,$665,$562,$14,$4,$17,$579,$70,$4,$0,$86,$665,$3,$1,$1,$2,$0,$0,$-0,$0,$0,$5,$2,$0,$0,$-0,$-10,$-10,$-5,$-14,$3,$0,$3,$0,$3,$-0,$20,$25,$17,$0,$0
29,2011-06-30,4.14,$9.95,0.42,$3.96,1.05,$3.33,1.24,$0.43,9.74,$0.58B,$0.58B,1.0,$0.01B,$0.07B,0.18,$0.03B,$0.03B,87.50%,$0.03B,$0.01B,21.88%,$0.03B,0,0.00%,$0.03B,0,0.00%,$0.03B,$0.01B,21.88%,$0.03B,$0.00B,12.50%,$0.00B,$0.08B,4.97%,$0.00B,$0.06B,6.45%,$0.00B,$0.68B,0.61%,$0.01B,$0.10B,7.41%,$8,$1,$7,$0,$5,$7,$2,$0,$2,$1,$1,$1,$1,$0,$0,$8,8,$0.11,$0.11,$64,$0,$0,$580,$3,$51,$19,$24,$97,$677,$577,$14,$3,$17,$594,$70,$3,$0,$82,$677,$2,$1,$1,$1,$-0,$0,$0,$-1,$-1,$3,$1,$0,$0,$-0,$-3,$-3,$-9,$-11,$2,$0,$2,$0,$0,$-0,$36,$38,$30,$0,$0
30,2011-03-31,4.29,$9.83,0.44,$3.96,1.08,$3.74,1.15,$0.39,10.9,$0.56B,$0.55B,1.01,$0.01B,$0.07B,0.19,$0.03B,$0.03B,87.50%,$0.03B,$0.01B,18.75%,$0.03B,0,0.00%,$0.03B,0,0.00%,$0.03B,$0.01B,18.75%,$0.03B,$0.00B,12.50%,$0.00B,$0.08B,5.03%,$0.00B,$0.06B,6.58%,$0.00B,$0.65B,0.62%,$0.01B,$0.10B,6.52%,$8,$1,$7,$0,$5,$7,$1,$0,$1,$1,$1,$1,$1,$0,$0,$8,8,$0.10,$0.10,$41,$0,$0,$558,$3,$49,$19,$24,$95,$653,$554,$14,$4,$17,$572,$70,$2,$0,$81,$653,$1,$0,$0,$1,$-0,$0,$-0,$0,$0,$2,$0,$0,$0,$0,$-1,$-1,$-9,$-10,$3,$0,$3,$0,$0,$-0,$12,$15,$6,$0,$0
31,2010-12-31,4.06,$10.02,0.4,$4.00,1.01,$3.77,1.08,$0.36,11.18,$0.54B,$0.54B,1.01,$0.01B,$0.07B,0.19,$0.03B,$0.03B,84.38%,$0.03B,$0.01B,18.75%,$0.03B,0,0.00%,$0.03B,0,0.00%,$0.03B,$0.01B,18.75%,$0.03B,$0.00B,9.38%,$0.00B,$0.08B,3.82%,$0.00B,$0.06B,5.00%,$0.00B,$0.64B,0.46%,$0.01B,$0.09B,6.70%,$8,$1,$7,$0,$5,$7,$2,$0,$2,$0,$1,$1,$1,$0,$0,$8,8,$0.11,$0.11,$34,$0,$0,$543,$3,$47,$19,$25,$94,$637,$539,$14,$4,$17,$557,$70,$1,$0,$80,$637,$4,$1,$2,$3,$-0,$0,$-0,$3,$3,$9,$3,$0,$0,$-0,$2,$2,$-15,$-10,$4,$0,$4,$0,$0,$-0,$-11,$-7,$-8,$0,$0
32,2010-09-30,4.2,$9.66,0.44,$4.02,1.04,$2.55,1.65,$0.28,15.11,$0.56B,$0.54B,1.02,$0.01B,$0.07B,0.19,$0.03B,$0.03B,84.38%,$0.03B,$0.01B,15.63%,$0.03B,0,0.00%,$0.03B,0,0.00%,$0.03B,$0.01B,15.63%,$0.03B,$0.00B,6.25%,$0.00B,$0.08B,2.57%,$0.00B,$0.06B,3.38%,$0.00B,$0.64B,0.31%,$0.01B,$0.09B,5.75%,$8,$1,$7,$0,$5,$7,$2,$0,$2,$1,$1,$1,$1,$0,$0,$8,9,$0.11,$0.11,$39,$0,$0,$557,$3,$43,$19,$19,$83,$641,$544,$14,$3,$17,$561,$70,$0,$0,$79,$641,$3,$1,$2,$3,$-0,$0,$-0,$1,$1,$7,$3,$0,$0,$0,$7,$7,$-18,$-8,$3,$0,$3,$0,$0,$-0,$-6,$-2,$-4,$0,$0
33,2010-06-30,3.63,$9.59,0.38,$4.03,0.9,$1.78,2.04,$-0.61,0.0,$0.58B,$0.57B,1.01,$0.01B,$0.07B,0.11,$0.03B,$0.03B,81.25%,$0.03B,$-0.00B,-9.38%,$0.03B,0,0.00%,$0.03B,0,0.00%,$0.03B,$-0.00B,-9.38%,$0.03B,$-0.01B,-15.63%,$-0.01B,$0.08B,-6.47%,$-0.01B,$0.06B,-8.55%,$-0.01B,$0.66B,-0.77%,$-0.00B,$0.09B,-3.54%,$8,$2,$7,$0,$5,$7,$1,$0,$1,$0,$1,$1,$1,$0,$0,$8,8,$0.08,$0.08,$69,$0,$0,$575,$3,$44,$19,$16,$82,$657,$568,$8,$3,$11,$579,$70,$-1,$0,$78,$657,$1,$1,$1,$2,$0,$0,$-0,$1,$1,$4,$3,$0,$0,$-0,$6,$6,$-2,$7,$-1,$0,$-1,$0,$0,$-0,$16,$15,$26,$0,$0
34,2010-03-31,2.94,$9.49,0.31,$3.98,0.74,$0.99,2.96,$-0.68,0.0,$0.58B,$0.58B,1.01,$0.01B,$0.07B,0.11,$0.03B,$0.02B,75.00%,$0.03B,$-0.00B,-12.50%,$0.03B,0,0.00%,$0.03B,0,0.00%,$0.03B,$-0.00B,-12.50%,$0.03B,$-0.01B,-18.75%,$-0.01B,$0.08B,-7.64%,$-0.01B,$0.06B,-10.34%,$-0.01B,$0.67B,-0.94%,$-0.00B,$0.09B,-4.66%,$8,$2,$6,$0,$5,$7,$1,$0,$1,$0,$1,$1,$0,$0,$0,$8,8,$0.07,$0.07,$81,$0,$0,$584,$4,$46,$19,$16,$85,$668,$580,$8,$3,$11,$591,$70,$-1,$0,$77,$668,$1,$0,$1,$1,$-0,$0,$-0,$1,$1,$2,$-0,$0,$0,$0,$3,$3,$5,$8,$-2,$0,$-2,$0,$0,$-0,$29,$27,$38,$0,$0
35,2009-12-31,2.56,$9.89,0.26,$3.97,0.64,$0.70,3.63,$-0.69,0.0,$0.55B,$0.55B,1.0,$0.01B,$0.07B,0.11,$0.03B,$0.02B,71.88%,$0.03B,$-0.00B,-12.50%,$0.03B,0,0.00%,$0.03B,0,0.00%,$0.03B,$-0.00B,-12.50%,$0.03B,$-0.01B,-18.75%,$-0.01B,$0.08B,-7.52%,$-0.01B,$0.06B,-10.43%,$-0.01B,$0.64B,-0.96%,$-0.00B,$0.08B,-4.60%,$8,$2,$7,$0,$6,$8,$1,$0,$1,$1,$0,$0,$0,$0,$0,$8,8,$0.03,$0.02,$43,$0,$0,$552,$4,$49,$19,$16,$88,$640,$553,$8,$3,$11,$563,$70,$-2,$0,$77,$640,$-5,$8,$1,$10,$0,$0,$-0,$-4,$-4,$1,$2,$0,$0,$-0,$16,$15,$-73,$-56,$6,$0,$6,$0,$9,$-0,$61,$75,$20,$0,$0
36,2009-09-30,3.44,$9.42,0.36,$3.89,0.88,$0.68,5.02,$-0.79,0.0,$0.53B,$0.53B,1.0,$0.01B,$0.07B,0.11,$0.03B,$0.02B,65.63%,$0.03B,$-0.01B,-18.75%,$0.03B,0,0.00%,$0.03B,0,0.00%,$0.03B,$-0.01B,-18.75%,$0.03B,$-0.01B,-21.88%,$-0.01B,$0.08B,-8.89%,$-0.01B,$0.06B,-12.79%,$-0.01B,$0.62B,-1.15%,$-0.01B,$0.08B,-6.96%,$8,$2,$6,$0,$5,$14,$-6,$0,$-6,$0,$-6,$-6,$-6,$0,$0,$8,8,$-0.79,$-0.78,$32,$0,$0,$533,$5,$54,$19,$9,$87,$620,$533,$8,$4,$11,$544,$70,$-2,$0,$77,$620,$-6,$8,$1,$9,$-0,$0,$-0,$-1,$-1,$2,$1,$0,$0,$0,$11,$11,$-60,$-48,$6,$0,$6,$0,$9,$-0,$41,$55,$9,$0,$0
37,2009-06-30,3.35,$10.16,0.33,$3.89,0.86,$0.50,6.77,$-0.01,0.0,$0.53B,$0.54B,0.98,$0.01B,$0.07B,0.1,$0.03B,$0.02B,62.50%,$0.03B,0,0.00%,$0.03B,0,0.00%,$0.03B,0,0.00%,$0.03B,0,0.00%,$0.03B,$-0.00B,-3.13%,$-0.00B,$0.08B,-1.29%,$-0.00B,$0.06B,-1.92%,$-0.00B,$0.63B,-0.17%,$0.00B,$0.09B,0.00%,$8,$2,$5,$0,$5,$7,$0,$0,$0,$0,$0,$0,$0,$0,$0,$8,8,$0.01,$0.01,$40,$0,$0,$527,$5,$63,$26,$10,$104,$631,$537,$8,$4,$11,$548,$69,$5,$0,$83,$631,$1,$1,$0,$1,$0,$0,$-0,$-1,$-1,$1,$-0,$0,$0,$0,$-7,$-7,$-37,$-44,$4,$0,$4,$0,$9,$-0,$46,$59,$17,$0,$0
38,2009-03-31,2.67,$10.13,0.26,$3.90,0.69,$0.47,5.75,$-0.02,0.0,$0.52B,$0.53B,0.99,$0.01B,$0.07B,0.1,$0.03B,$0.02B,62.50%,$0.03B,0,0.00%,$0.03B,0,0.00%,$0.03B,0,0.00%,$0.03B,0,0.00%,$0.03B,$-0.00B,-3.13%,$-0.00B,$0.08B,-1.33%,$-0.00B,$0.06B,-2.02%,$-0.00B,$0.62B,-0.17%,$0.00B,$0.09B,0.00%,$8,$3,$5,$0,$5,$7,$1,$0,$1,$0,$1,$1,$0,$0,$0,$8,8,$0.05,$0.05,$66,$0,$0,$524,$5,$57,$26,$9,$97,$621,$528,$8,$3,$11,$538,$69,$5,$-0,$82,$621,$1,$0,$-0,$0,$-0,$0,$-0,$-1,$-1,$-0,$-0,$0,$0,$0,$8,$8,$-15,$-7,$2,$0,$2,$0,$9,$0,$39,$50,$43,$0,$0
39,2008-12-31,3.51,$9.28,0.38,$3.93,0.89,$0.57,6.17,$-0.07,0.0,$0.47B,$0.49B,0.96,$0.01B,$0.07B,0.1,$0.03B,$0.02B,62.50%,$0.03B,0,0.00%,$0.03B,0,0.00%,$0.03B,0,0.00%,$0.03B,0,0.00%,$0.03B,0,0.00%,$0.00B,$0.07B,0.00%,$0.00B,$0.05B,0.00%,$0.00B,$0.57B,0.00%,$0.00B,$0.08B,0.00%,$8,$3,$5,$0,$6,$9,$-1,$0,$-1,$-0,$-1,$-1,$-1,$0,$0,$8,8,$-0.07,$-0.07,$23,$0,$0,$467,$6,$65,$26,$7,$103,$570,$486,$8,$3,$10,$497,$68,$5,$0,$73,$570,$1,$1,$1,$3,$0,$0,$-0,$-0,$0,$4,$-2,$0,$0,$-0,$-1,$-1,$-32,$-35,$-4,$0,$-4,$0,$0,$0,$48,$44,$13,$0,$0
40,2008-09-30,5.03,$9.03,0.56,$4.05,1.24,$0.93,5.38,0,0.0,$0.46B,$0.48B,0.97,$0.01B,$0.07B,0.1,$0.03B,$0.02B,60.61%,$0.03B,$0.00B,6.06%,$0.03B,0,0.00%,$0.03B,0,0.00%,$0.03B,$0.00B,6.06%,$0.03B,$0.00B,6.06%,$0.00B,$0.07B,2.75%,$0.00B,$0.05B,4.28%,$0.00B,$0.56B,0.37%,$0.00B,$0.08B,2.48%,$8,$3,$5,$0,$5,$8,$0,$0,$0,$0,$0,$0,$0,$0,$0,$8,8,$0.04,$0.04,$24,$0,$0,$464,$6,$62,$26,$7,$100,$564,$480,$8,$3,$11,$491,$68,$5,$-0,$73,$564,$1,$1,$1,$2,$0,$0,$-0,$-0,$-0,$3,$-2,$0,$0,$0,$1,$1,$-27,$-27,$1,$0,$1,$0,$0,$0,$37,$38,$14,$0,$0
41,2008-06-30,5.74,$9.24,0.62,$4.21,1.36,$1.21,4.73,0,0.0,$0.44B,$0.46B,0.96,$0.01B,$0.07B,0.1,$0.04B,$0.02B,57.14%,$0.04B,$0.00B,11.43%,$0.04B,0,0.00%,$0.04B,0,0.00%,$0.04B,$0.00B,11.43%,$0.04B,$0.00B,8.57%,$0.00B,$0.07B,4.15%,$0.00B,$0.05B,6.49%,$0.00B,$0.54B,0.56%,$0.00B,$0.08B,5.13%,$8,$3,$5,$0,$5,$8,$0,$0,$0,$0,$0,$0,$0,$0,$0,$8,8,$0.03,$0.03,$12,$0,$0,$443,$6,$63,$26,$6,$102,$544,$461,$8,$2,$10,$471,$67,$6,$-0,$73,$544,$1,$1,$1,$1,$0,$0,$-0,$-1,$-1,$2,$-1,$0,$0,$0,$-1,$-1,$-17,$-19,$4,$5,$10,$0,$0,$0,$9,$19,$2,$0,$0
42,2008-03-31,5.74,$9.30,0.62,$4.44,1.29,$1.48,3.86,0,0.0,$0.44B,$0.46B,0.97,$0.01B,$0.07B,0.1,$0.04B,$0.02B,54.05%,$0.04B,$0.01B,16.22%,$0.04B,0,0.00%,$0.04B,0,0.00%,$0.04B,$0.01B,16.22%,$0.04B,$0.00B,10.81%,$0.00B,$0.07B,5.59%,$0.00B,$0.05B,8.79%,$0.00B,$0.54B,0.75%,$0.01B,$0.08B,7.95%,$8,$3,$5,$0,$4,$7,$1,$0,$1,$0,$1,$1,$1,$0,$0,$8,8,$0.09,$0.09,$22,$0,$0,$442,$5,$60,$26,$5,$97,$539,$456,$8,$3,$10,$466,$67,$6,$1,$73,$539,$1,$0,$0,$0,$0,$0,$-0,$0,$0,$1,$-1,$0,$0,$0,$3,$3,$-6,$-3,$3,$0,$3,$0,$0,$0,$11,$14,$12,$0,$0
43,2007-12-31,7.75,$9.21,0.84,$4.59,1.69,$1.59,4.87,0,0.0,$0.43B,$0.44B,0.96,$0.01B,$0.07B,0.1,$0.04B,$0.02B,52.63%,$0.04B,$0.01B,15.79%,$0.04B,0,0.00%,$0.04B,0,0.00%,$0.04B,$0.01B,15.79%,$0.04B,$0.00B,10.53%,$0.00B,$0.07B,5.67%,$0.00B,$0.05B,8.99%,$0.00B,$0.53B,0.74%,$0.01B,$0.08B,8.28%,$9,$4,$5,$0,$4,$8,$1,$0,$1,$0,$1,$1,$1,$0,$0,$8,8,$0.09,$0.07,$10,$0,$0,$425,$5,$63,$26,$6,$101,$525,$443,$8,$2,$10,$453,$67,$6,$0,$72,$525,$4,$1,$0,$1,$0,$0,$-0,$1,$1,$6,$-1,$0,$0,$0,$-10,$-10,$-0,$-11,$15,$0,$15,$0,$0,$0,$-15,$0,$-5,$0,$0
44,2007-09-30,6.94,$9.09,0.76,$4.77,1.46,$1.24,5.58,0,0.0,$0.42B,$0.45B,0.93,$0.00B,$0.07B,0.0,$0.04B,$0.02B,52.63%,$0.04B,$0.01B,18.42%,$0.04B,0,0.00%,$0.04B,0,0.00%,$0.04B,$0.01B,18.42%,$0.04B,$0.00B,10.53%,$0.00B,$0.07B,5.76%,$0.00B,$0.05B,9.20%,$0.00B,$0.53B,0.75%,$0.01B,$0.07B,10.07%,$10,$4,$5,$0,$4,$8,$2,$0,$2,$1,$1,$1,$1,$0,$0,$8,8,$0.13,$0.13,$16,$0,$0,$422,$5,$68,$26,$7,$105,$528,$454,$0,$3,$3,$456,$67,$5,$-0,$71,$528,$3,$1,$-0,$1,$0,$0,$-0,$0,$0,$4,$-0,$0,$0,$0,$-15,$-15,$8,$-7,$6,$0,$6,$0,$0,$0,$-3,$4,$1,$0,$0
45,2007-06-30,7.3,$9.17,0.8,$4.72,1.55,$0.41,17.61,0,0.0,$0.45B,$0.47B,0.95,$0.00B,$0.07B,0.0,$0.04B,$0.02B,54.05%,$0.04B,$0.01B,18.92%,$0.04B,0,0.00%,$0.04B,0,0.00%,$0.04B,$0.01B,18.92%,$0.04B,$0.00B,10.81%,$0.00B,$0.07B,5.84%,$0.00B,$0.04B,9.41%,$0.00B,$0.55B,0.75%,$0.01B,$0.07B,10.22%,$10,$4,$5,$0,$4,$8,$2,$0,$2,$1,$1,$1,$1,$0,$0,$8,8,$0.13,$0.13,$41,$0,$0,$452,$5,$56,$26,$7,$94,$545,$473,$0,$2,$2,$475,$65,$6,$-1,$70,$545,$2,$1,$-0,$1,$0,$0,$-0,$0,$0,$3,$-0,$0,$0,$0,$-4,$-4,$4,$-0,$7,$0,$7,$0,$0,$0,$16,$23,$26,$0,$0
46,2007-03-31,7.14,$9.10,0.79,$4.58,1.56,$-0.37,0.0,0,0.0,$0.46B,$0.48B,0.95,$0.00B,$0.07B,0.0,$0.04B,$0.02B,57.14%,$0.04B,$0.01B,20.00%,$0.04B,0,0.00%,$0.04B,0,0.00%,$0.04B,$0.01B,20.00%,$0.04B,$0.00B,11.43%,$0.00B,$0.07B,5.95%,$0.00B,$0.04B,9.70%,$0.00B,$0.55B,0.77%,$0.01B,$0.07B,10.41%,$9,$4,$5,$0,$4,$8,$1,$0,$1,$1,$1,$1,$1,$0,$0,$8,8,$0.11,$0.11,$41,$0,$0,$456,$5,$58,$26,$7,$96,$552,$481,$0,$2,$2,$483,$65,$5,$-0,$69,$552,$1,$0,$0,$0,$0,$0,$-0,$0,$0,$2,$-0,$0,$0,$0,$-6,$-6,$-1,$-7,$6,$0,$7,$0,$0,$0,$24,$30,$25,$0,$0
