,Date,Stock Price,Book Value per Share,Price to Book Ratio,TTM Sales per Share,Price to Sales Ratio,TTM FCF per Share,Price to FCF Ratio,TTM Net EPS,PE Ratio,Current Assets,Current Liabilities,Current Ratio,Long Term Debt,Shareholder's Equity_x,Debt to Equity Ratio,TTM Revenue_x,TTM Gross Profit,Gross Margin,TTM Revenue_y,TTM Operating Income,Operating Margin,TTM Revenue_x,TTM EBIT,EBIT Margin,TTM Revenue_y,TTM EBITDA,EBITDA Margin,TTM Revenue_x,TTM Pre-Tax Income,Pre-Tax Margin,TTM Revenue_y,TTM Net Income_x,Net Margin,TTM Net Income_y,Shareholder's Equity_y,Return on Equity,TTM Net Income_x,Tangible Equity,Return on Tangible Equity,TTM Net Income_y,Total Assets,Return on Assets,TTM Net Income,LT Investments & Debt,Return on Investment,revenue,cost-goods-sold,gross-profit,research-development-expenses,selling-general-administrative-expenses,operating-expenses,operating-income,total-non-operating-income-expense,pre-tax-income,total-provision-income-taxes,income-after-taxes,income-from-continuous-operations,net-income,ebitda,ebit,basic-shares-outstanding,shares-outstanding,eps-basic-net-earnings-per-share,eps-earnings-per-share-diluted,cash-on-hand,inventory,other-current-assets,total-current-assets,net-property-plant-equipment,long-term-investments,goodwill-intangible-assets-total,other-long-term-assets,total-long-term-assets,total-assets,total-current-liabilities,long-term-debt,other-non-current-liabilities,total-long-term-liabilities,total-liabilities,common-stock-net,retained-earnings-accumulated-deficit,comprehensive-income,total-share-holder-equity,total-liabilities-share-holders-equity,net-income-loss,total-depreciation-amortization-cash-flow,other-non-cash-items,total-non-cash-items,change-in-accounts-receivable,change-in-inventories,change-in-accounts-payable,change-in-assets-liabilities,total-change-in-assets-liabilities,cash-flow-from-operating-activities,net-change-in-property-plant-equipment,net-change-in-intangible-assets,net-acquisitions-divestitures,net-change-in-short-term-investments,net-change-in-long-term-investments,net-change-in-investments-total,investing-activities-other,cash-flow-from-investing-activities,net-long-term-debt,net-current-debt,debt-issuance-retirement-net-total,net-common-equity-issued-repurchased,net-total-equity-issued-repurchased,total-common-preferred-stock-dividends-paid,financial-activities-other,cash-flow-from-financial-activities,net-cash-flow,stock-based-compensation,common-stock-dividends-paid
0,2018-09-30,38.43,$39.46,0.97,$21.77,1.77,$10.20,3.77,$6.89,5.58,$1.50B,$0.45B,3.35,$2.92B,$3.46B,0.85,$1.92B,$1.52B,79.17%,$1.92B,$0.47B,24.38%,$1.92B,$0.47B,24.38%,$1.92B,$0.70B,36.41%,$1.92B,$0.46B,23.96%,$1.92B,$0.61B,31.67%,$0.61B,$3.46B,18.11%,$0.61B,$-1.37B,-39.63%,$0.61B,$8.16B,7.50%,$0.47B,$6.38B,7.45%,$498,$102,$396,$0,$143,$461,$37,$-5,$32,$-22,$54,$54,$54,$94,$37,$88,88,$0.62,$0.61,$904,$0,$117,$1500,$408,$1232,$4829,$193,$6661,$8161,$447,$2924,$415,$4256,$4703,$0,$99,$-37,$3459,$8161,$280,$172,$-247,$-76,$25,$0,$0,$17,$-47,$307,$-47,$0,$0,$0,$15,$15,$8,$-24,$0,$0,$0,$1,$1,$-66,$-5,$-70,$213,$16,$-66
1,2018-06-30,38.0,$38.93,0.98,$21.29,1.78,$9.45,4.02,$6.07,6.26,$1.40B,$0.43B,3.24,$2.92B,$3.41B,0.86,$1.87B,$1.48B,78.80%,$1.87B,$0.40B,21.46%,$1.87B,$0.40B,21.46%,$1.87B,$0.63B,33.85%,$1.87B,$0.39B,20.77%,$1.87B,$0.54B,28.56%,$0.54B,$3.41B,16.64%,$0.54B,$-1.45B,-31.00%,$0.54B,$8.06B,6.59%,$0.40B,$6.33B,6.55%,$489,$99,$391,$0,$126,$391,$98,$19,$117,$33,$84,$84,$84,$155,$98,$88,88,$0.96,$0.96,$845,$0,$104,$1402,$404,$1213,$4857,$184,$6657,$8059,$433,$2923,$392,$4215,$4648,$0,$67,$-41,$3411,$8059,$226,$115,$-239,$-124,$13,$0,$0,$-44,$-39,$221,$-25,$0,$0,$0,$4,$4,$3,$-18,$0,$0,$0,$1,$1,$-44,$-6,$-49,$154,$11,$-44
2,2018-03-31,39.96,$38.18,1.05,$21.13,1.89,$9.00,4.44,$4.76,8.39,$1.35B,$0.44B,3.07,$2.92B,$3.35B,0.87,$1.85B,$1.46B,78.64%,$1.85B,$0.32B,17.10%,$1.85B,$0.32B,17.10%,$1.85B,$0.55B,29.61%,$1.85B,$0.23B,12.51%,$1.85B,$0.42B,22.71%,$0.42B,$3.35B,13.61%,$0.42B,$-1.56B,-22.03%,$0.42B,$8.05B,5.19%,$0.32B,$6.27B,5.25%,$444,$101,$342,$0,$132,$256,$187,$11,$198,$57,$141,$141,$141,$245,$187,$87,88,$1.61,$1.60,$812,$0,$115,$1350,$434,$1206,$4906,$152,$6698,$8048,$440,$2921,$415,$4262,$4703,$0,$5,$-40,$3345,$8048,$141,$58,$-161,$-104,$36,$0,$0,$-27,$5,$157,$-14,$0,$0,$0,$4,$4,$0,$-10,$0,$0,$0,$1,$1,$-22,$-5,$-27,$121,$5,$-22
3,2017-12-31,41.64,$36.84,1.13,$21.19,1.96,$8.59,4.85,$2.17,19.19,$1.29B,$0.65B,1.98,$2.92B,$3.22B,0.91,$1.85B,$1.46B,78.76%,$1.85B,$0.11B,5.89%,$1.85B,$0.11B,5.89%,$1.85B,$0.34B,18.43%,$1.85B,$-0.12B,-6.43%,$1.85B,$0.19B,10.49%,$0.19B,$3.22B,6.47%,$0.19B,$-1.76B,-9.37%,$0.19B,$8.17B,2.38%,$0.11B,$6.14B,1.83%,$489,$98,$391,$0,$111,$343,$146,$-33,$113,$-220,$333,$333,$329,$205,$146,$87,88,$3.78,$3.75,$691,$0,$143,$1293,$440,$1282,$4976,$178,$6876,$8169,$654,$2919,$464,$4298,$4952,$0,$-114,$-48,$3217,$8169,$197,$232,$0,$232,$11,$0,$0,$-389,$-405,$223,$78,$0,$558,$0,$143,$143,$178,$956,$-501,$0,$-501,$11,$11,$-586,$-20,$-1096,$83,$33,$-586
4,2017-09-30,39.82,$33.09,1.2,$21.48,1.85,$12.81,3.11,$-1.33,0.0,$1.21B,$0.69B,1.76,$2.92B,$2.89B,1.01,$1.89B,$1.50B,79.22%,$1.89B,$0.08B,4.02%,$1.89B,$0.08B,4.02%,$1.89B,$0.32B,16.92%,$1.89B,$-0.12B,-6.24%,$1.89B,$-0.12B,-6.13%,$-0.12B,$2.89B,-3.77%,$-0.12B,$-2.14B,5.67%,$-0.12B,$8.17B,-1.37%,$0.08B,$5.81B,1.23%,$451,$98,$352,$0,$127,$480,$-29,$-9,$-39,$-20,$-19,$-19,$-19,$29,$-29,$87,87,$-0.21,$-0.21,$620,$0,$158,$1206,$431,$1274,$5029,$235,$6968,$8174,$687,$2917,$483,$4598,$5285,$0,$-443,$-71,$2889,$8174,$-135,$173,$-171,$2,$39,$0,$0,$73,$102,$171,$20,$0,$554,$0,$148,$148,$177,$900,$-501,$0,$-501,$11,$11,$-564,$-8,$-1063,$9,$27,$-564
5,2017-06-30,39.49,$33.53,1.18,$21.51,1.84,$17.61,2.24,$0.49,80.58,$0.95B,$0.48B,1.99,$3.01B,$2.92B,1.03,$1.91B,$1.52B,79.42%,$1.91B,$0.34B,17.75%,$1.91B,$0.34B,17.75%,$1.91B,$0.59B,31.05%,$1.91B,$0.15B,7.80%,$1.91B,$0.05B,2.57%,$0.05B,$2.92B,1.50%,$0.05B,$-2.19B,-2.38%,$0.05B,$8.05B,0.56%,$0.34B,$5.93B,5.24%,$470,$97,$373,$0,$147,$457,$13,$-52,$-40,$-10,$-30,$-30,$-30,$70,$13,$87,87,$-0.35,$-0.35,$398,$0,$113,$946,$434,$1423,$5110,$133,$7099,$8045,$475,$3011,$355,$4647,$5122,$0,$-424,$-72,$2923,$8045,$-116,$115,$-68,$48,$32,$0,$0,$10,$41,$123,$32,$0,$554,$0,$5,$5,$1,$592,$-387,$0,$-387,$10,$10,$-543,$-8,$-928,$-213,$22,$-543
6,2017-03-31,35.87,$34.04,1.05,$21.35,1.68,$18.45,1.94,$-0.92,0.0,$0.94B,$0.50B,1.88,$3.01B,$2.96B,1.02,$1.92B,$1.53B,79.53%,$1.92B,$0.38B,19.90%,$1.92B,$0.38B,19.90%,$1.92B,$0.65B,33.59%,$1.92B,$0.25B,13.07%,$1.92B,$-0.08B,-4.32%,$-0.08B,$2.96B,-2.42%,$-0.08B,$-2.20B,3.98%,$-0.08B,$8.15B,-0.91%,$0.38B,$5.97B,5.68%,$440,$99,$341,$0,$166,$461,$-21,$-132,$-153,$-52,$-101,$-101,$-86,$37,$-21,$87,87,$-0.99,$-0.99,$364,$0,$149,$937,$488,$1474,$5154,$99,$7215,$8152,$497,$3014,$371,$4697,$5194,$0,$-394,$-74,$2958,$8152,$-86,$58,$-61,$-4,$45,$0,$0,$-13,$53,$75,$30,$0,$551,$0,$5,$5,$0,$586,$-382,$0,$-382,$2,$2,$-521,$-9,$-909,$-247,$15,$-521
7,2016-12-31,28.04,$41.08,0.68,$21.33,1.31,$18.38,1.53,$0.19,147.56,$1.30B,$0.55B,2.35,$3.39B,$3.55B,0.96,$1.95B,$1.56B,79.93%,$1.95B,$0.43B,22.23%,$1.95B,$0.43B,22.23%,$1.95B,$0.70B,36.09%,$1.95B,$0.43B,22.28%,$1.95B,$0.01B,0.72%,$0.01B,$3.55B,0.38%,$0.01B,$-1.66B,-0.68%,$0.01B,$9.40B,0.15%,$0.43B,$6.94B,6.15%,$530,$97,$432,$0,$139,$416,$113,$1,$114,$43,$71,$71,$19,$184,$113,$90,91,$0.18,$0.19,$595,$0,$164,$1296,$524,$1675,$5201,$97,$8105,$9401,$551,$3392,$378,$5305,$5855,$0,$-308,$-82,$3546,$9401,$14,$270,$-330,$-60,$-1,$0,$0,$115,$165,$284,$408,$0,$0,$0,$-6,$-6,$0,$402,$-28,$0,$-28,$-232,$-232,$-90,$-9,$-359,$328,$37,$-90
8,2016-09-30,29.07,$40.90,0.71,$19.07,1.52,$10.13,2.87,$-4.10,0.0,$1.34B,$0.58B,2.31,$3.40B,$3.63B,0.94,$1.76B,$1.41B,80.48%,$1.76B,$-0.07B,-3.93%,$1.76B,$-0.07B,-3.93%,$1.76B,$0.20B,11.27%,$1.76B,$-0.06B,-3.59%,$1.76B,$-0.39B,-21.97%,$-0.39B,$3.63B,-10.39%,$-0.39B,$-2.20B,18.82%,$-0.39B,$9.50B,-4.04%,$-0.07B,$7.03B,-0.97%,$470,$99,$371,$0,$144,$236,$234,$-6,$228,$74,$154,$154,$146,$302,$234,$90,90,$1.62,$1.61,$661,$0,$196,$1339,$550,$1667,$5831,$110,$8159,$9498,$579,$3396,$418,$5288,$5867,$0,$-327,$-64,$3631,$9498,$-5,$199,$-262,$-63,$42,$0,$0,$4,$111,$187,$445,$0,$0,$0,$-3,$-3,$0,$442,$-21,$0,$-21,$-149,$-149,$-69,$-9,$-248,$381,$28,$-69
9,2016-06-30,30.99,$39.40,0.79,$19.04,1.63,$2.78,11.13,$-5.42,0.0,$1.04B,$0.59B,1.75,$3.40B,$3.58B,0.95,$1.78B,$1.42B,80.01%,$1.78B,$-0.26B,-14.86%,$1.78B,$-0.26B,-14.86%,$1.78B,$0.00B,0.17%,$1.78B,$-0.25B,-14.19%,$1.78B,$-0.50B,-28.38%,$-0.50B,$3.58B,-12.98%,$-0.50B,$-2.28B,24.44%,$-0.50B,$9.47B,-5.15%,$-0.26B,$6.98B,-3.62%,$480,$97,$383,$0,$148,$424,$56,$6,$62,$215,$-153,$-153,$-162,$122,$56,$92,92,$-1.76,$-1.76,$384,$0,$150,$1039,$515,$1653,$5868,$392,$8427,$9467,$593,$3400,$392,$5290,$5883,$0,$-473,$-67,$3584,$9467,$-150,$131,$-4,$127,$18,$0,$0,$-4,$140,$241,$-2,$0,$0,$0,$-3,$-3,$0,$-5,$-14,$0,$-14,$-67,$-67,$-46,$-6,$-132,$104,$18,$-46
10,2016-03-31,30.13,$41.27,0.73,$19.07,1.58,$-0.89,0.0,$-3.70,0.0,$1.03B,$0.47B,2.2,$3.41B,$3.82B,0.89,$1.80B,$1.43B,79.37%,$1.80B,$-0.30B,-16.69%,$1.80B,$-0.30B,-16.69%,$1.80B,$-0.03B,-1.84%,$1.80B,$-0.32B,-17.69%,$1.80B,$-0.35B,-19.19%,$-0.35B,$3.82B,-8.45%,$-0.35B,$-2.13B,17.19%,$-0.35B,$9.57B,-3.45%,$-0.30B,$7.22B,-3.99%,$468,$98,$371,$0,$161,$438,$30,$0,$30,$15,$15,$15,$11,$95,$30,$92,93,$0.12,$0.12,$342,$0,$185,$1033,$536,$1641,$5943,$421,$8541,$9574,$470,$3405,$432,$5289,$5759,$0,$-311,$-67,$3815,$9574,$11,$65,$-26,$39,$33,$0,$0,$-48,$-36,$122,$-16,$0,$0,$0,$-0,$-0,$0,$-16,$-7,$0,$-7,$-9,$-9,$-23,$-5,$-44,$62,$8,$-23
11,2015-12-31,26.39,$41.49,0.64,$18.96,1.39,$-3.19,0.0,$-3.45,0.0,$1.02B,$0.54B,1.89,$3.41B,$3.83B,0.89,$1.80B,$1.43B,79.09%,$1.80B,$-0.27B,-14.92%,$1.80B,$-0.27B,-14.92%,$1.80B,$-0.00B,-0.11%,$1.80B,$-0.29B,-16.03%,$1.80B,$-0.32B,-17.75%,$-0.32B,$3.83B,-7.56%,$-0.32B,$-1.59B,16.18%,$-0.32B,$9.71B,-3.10%,$-0.27B,$7.24B,-3.50%,$339,$50,$289,$0,$74,$728,$-389,$6,$-383,$-7,$-376,$-376,$-381,$-321,$-389,$95,95,$-4.00,$-4.00,$265,$0,$240,$1022,$616,$1693,$5422,$957,$8687,$9709,$541,$3409,$567,$5336,$5877,$0,$-322,$-71,$3832,$9709,$-320,$267,$264,$531,$-23,$0,$0,$-76,$-349,$26,$-84,$0,$-75,$0,$22,$22,$11,$-126,$-14,$0,$-14,$-340,$-340,$-720,$-19,$-1093,$-1193,$32,$-720
12,2015-09-30,27.6,$45.69,0.6,$19.35,1.43,$0.92,30.06,$3.76,7.34,$1.16B,$0.62B,1.88,$3.46B,$4.30B,0.8,$1.85B,$1.47B,79.45%,$1.85B,$0.29B,15.52%,$1.85B,$0.29B,15.52%,$1.85B,$0.55B,29.85%,$1.85B,$0.64B,34.83%,$1.85B,$0.38B,20.34%,$0.38B,$4.30B,8.22%,$0.38B,$-2.25B,-19.79%,$0.38B,$10.41B,3.50%,$0.29B,$7.76B,3.57%,$489,$111,$378,$0,$154,$450,$39,$0,$39,$11,$28,$28,$28,$107,$39,$94,95,$0.29,$0.29,$368,$0,$252,$1158,$820,$1665,$6550,$220,$9255,$10413,$615,$3459,$508,$5495,$6111,$0,$82,$-60,$4302,$10413,$61,$199,$-102,$97,$16,$0,$0,$-147,$-297,$8,$-42,$0,$-75,$0,$-3,$-3,$6,$-114,$-7,$0,$-7,$-273,$-273,$-696,$-23,$-999,$-1105,$24,$-696
13,2015-06-30,41.17,$45.61,0.9,$19.04,2.16,$3.71,11.1,$3.85,10.69,$1.11B,$0.42B,2.68,$3.47B,$4.38B,0.79,$1.84B,$1.46B,79.46%,$1.84B,$0.30B,16.51%,$1.84B,$0.30B,16.51%,$1.84B,$0.56B,30.52%,$1.84B,$0.66B,36.02%,$1.84B,$0.39B,21.04%,$0.39B,$4.38B,11.04%,$0.39B,$-2.06B,-28.86%,$0.39B,$10.25B,4.74%,$0.30B,$7.84B,4.96%,$502,$113,$389,$0,$165,$482,$20,$-24,$-4,$-1,$-3,$-3,$-3,$86,$20,$95,95,$-0.04,$-0.04,$421,$0,$139,$1113,$854,$1670,$6438,$173,$9134,$10247,$415,$3466,$354,$5457,$5872,$0,$78,$-56,$4375,$10247,$33,$131,$-67,$64,$17,$0,$0,$-23,$-304,$-76,$-25,$0,$-70,$0,$-3,$-3,$0,$-98,$-0,$0,$-0,$-181,$-181,$-673,$-23,$-877,$-1052,$17,$-673
14,2015-03-31,46.67,$46.59,1.0,$18.70,2.5,$7.17,6.51,$4.72,9.89,$1.84B,$1.05B,1.75,$3.49B,$4.42B,0.79,$1.81B,$1.44B,79.70%,$1.81B,$0.32B,17.42%,$1.81B,$0.32B,17.42%,$1.81B,$0.58B,32.30%,$1.81B,$0.77B,42.81%,$1.81B,$0.47B,26.11%,$0.47B,$4.42B,19.64%,$0.47B,$-2.01B,-57.44%,$0.47B,$10.96B,8.44%,$0.32B,$7.91B,7.59%,$473,$103,$370,$0,$150,$412,$61,$-2,$59,$22,$36,$36,$36,$126,$61,$95,96,$0.37,$0.37,$1189,$0,$128,$1844,$849,$1655,$6424,$188,$9117,$10961,$1052,$3490,$367,$5493,$6545,$0,$106,$-53,$4416,$10961,$36,$65,$-36,$28,$26,$-12,$0,$-15,$-254,$-94,$-16,$0,$-0,$0,$5,$5,$0,$-11,$-1,$0,$-1,$-173,$-173,$0,$-4,$-178,$-283,$8,$0
15,2014-12-31,41.34,$53.47,0.77,$18.42,2.24,$10.61,3.9,$4.76,8.68,$2.16B,$0.68B,3.16,$3.49B,$5.20B,0.67,$1.78B,$1.42B,79.56%,$1.78B,$0.30B,17.07%,$1.78B,$0.30B,17.07%,$1.78B,$0.59B,33.35%,$1.78B,$0.76B,42.73%,$1.78B,$0.48B,26.78%,$0.48B,$5.20B,36.73%,$0.48B,$-1.28B,-149.30%,$0.48B,$11.40B,16.74%,$0.30B,$8.69B,14.00%,$385,$53,$332,$0,$64,$218,$167,$383,$550,$222,$328,$328,$315,$233,$167,$97,97,$3.14,$3.13,$1473,$0,$186,$2161,$851,$1717,$6473,$195,$9236,$11396,$684,$3491,$379,$5517,$6201,$0,$718,$-47,$5195,$11396,$477,$289,$-821,$-532,$39,$0,$0,$-2,$277,$378,$-40,$0,$-280,$0,$657,$657,$381,$719,$-125,$0,$-125,$-59,$-59,$0,$-99,$-283,$814,$28,$0
16,2014-09-30,45.51,$0.00,0.0,$14.45,3.15,$7.11,6.4,$2.29,19.87,$0.00B,$0.00B,0.0,$0.00B,$0.00B,0.0,$0.41B,$0.10B,24.70%,$0.41B,$-0.85B,-204.84%,$0.41B,$-0.53B,-127.85%,$0.41B,$-0.57B,-137.77%,$0.41B,$-0.43B,-104.60%,$0.41B,$0.24B,57.38%,$0.24B,$0.00B,19.24%,$0.24B,$0.00B,-64.62%,$0.24B,$0.00B,8.26%,$-0.85B,$0.00B,-38.96%,$475,$108,$367,$0,$152,$420,$55,$0,$56,$3,$53,$53,$38,$115,$55,$97,98,$0.38,$0.38,$0,$0,$0,$0,$0,$0,$0,$0,$0,$0,$0,$0,$0,$0,$0,$0,$0,$0,$0,$0,$162,$223,$-211,$12,$74,$0,$0,$-95,$-51,$297,$-60,$0,$-262,$0,$1,$1,$360,$40,$-124,$0,$-124,$1,$1,$0,$-99,$-221,$116,$22,$0
17,2014-06-30,58.82,$0.00,0.0,$9.58,6.14,$4.68,12.58,$2.41,24.41,$0.00B,$0.00B,0.0,$0.00B,$0.00B,0.0,$0.63B,$0.06B,10.11%,$0.63B,$-0.83B,-131.44%,$0.63B,$-0.51B,-81.20%,$0.63B,$-0.58B,-91.15%,$0.63B,$-0.40B,-63.35%,$0.63B,$0.25B,39.34%,$0.25B,$0.00B,10.33%,$0.25B,$0.00B,-150.23%,$0.25B,$0.00B,5.00%,$-0.83B,$0.00B,-22.99%,$475,$103,$372,$0,$166,$443,$32,$77,$109,$42,$67,$67,$83,$110,$32,$96,96,$0.83,$0.83,$0,$0,$0,$0,$0,$0,$0,$0,$0,$0,$0,$0,$0,$0,$0,$0,$0,$0,$0,$0,$124,$163,$-219,$-56,$55,$-7,$0,$1,$46,$271,$-40,$0,$-192,$0,$-2,$-2,$360,$128,$-184,$0,$-184,$1,$1,$0,$-5,$-188,$211,$16,$0
18,2014-03-31,55.09,$0.00,0.0,$11.96,4.6,$4.24,12.98,$2.24,24.59,$0.00B,$0.00B,0.0,$0.00B,$0.00B,0.0,$0.89B,$0.04B,4.84%,$0.89B,$-0.77B,-87.16%,$0.89B,$-0.46B,-51.35%,$0.89B,$-0.60B,-67.23%,$0.89B,$-0.40B,-45.05%,$0.89B,$0.22B,25.23%,$0.22B,$0.00B,6.26%,$0.22B,$0.00B,1054.12%,$0.22B,$0.00B,3.17%,$-0.77B,$0.00B,-15.31%,$446,$100,$346,$0,$138,$396,$50,$-4,$46,$18,$28,$28,$41,$136,$50,$96,96,$0.41,$0.41,$0,$0,$0,$0,$0,$0,$0,$0,$0,$0,$0,$0,$0,$0,$0,$0,$0,$0,$0,$0,$41,$86,$-44,$42,$67,$0,$0,$-3,$39,$236,$-18,$0,$-159,$0,$-2,$-2,$201,$23,$-173,$0,$-173,$0,$0,$0,$-2,$-175,$83,$9,$0
19,2013-12-31,53.53,$52.90,1.01,$14.31,3.74,$1.96,27.25,$2.41,22.21,$1.74B,$0.80B,2.17,$3.76B,$4.93B,0.76,$1.15B,$0.40B,35.05%,$1.15B,$-0.12B,-10.37%,$1.15B,$0.20B,17.35%,$1.15B,$-0.03B,-2.44%,$1.15B,$0.26B,22.58%,$1.15B,$0.24B,21.01%,$0.24B,$4.93B,6.74%,$0.24B,$-1.47B,1134.12%,$0.24B,$11.48B,3.41%,$-0.12B,$8.69B,-2.35%,$-983,$0,$-983,$0,$0,$0,$-983,$0,$-643,$0,$-658,$-11,$75,$-930,$-665,$0,0,$0.00,$0.00,$863,$14,$105,$1735,$1041,$2163,$6393,$144,$9741,$11476,$799,$3760,$335,$5752,$6550,$0,$242,$141,$4926,$11476,$242,$171,$3,$174,$-20,$27,$0,$-137,$-212,$360,$-60,$0,$-2550,$0,$-1,$-1,$-148,$-2759,$2688,$0,$2688,$0,$0,$0,$-78,$2610,$210,$7,$0
