,Date,Stock Price,Book Value per Share,Price to Book Ratio,TTM Sales per Share,Price to Sales Ratio,TTM FCF per Share,Price to FCF Ratio,TTM Net EPS,PE Ratio,Current Assets,Current Liabilities,Current Ratio,Long Term Debt,Shareholder's Equity_x,Debt to Equity Ratio,TTM Revenue_x,TTM Gross Profit,Gross Margin,TTM Revenue_y,TTM Operating Income,Operating Margin,TTM Revenue_x,TTM EBIT,EBIT Margin,TTM Revenue_y,TTM EBITDA,EBITDA Margin,TTM Revenue_x,TTM Pre-Tax Income,Pre-Tax Margin,TTM Revenue_y,TTM Net Income_x,Net Margin,TTM Net Income_y,Shareholder's Equity_y,Return on Equity,TTM Net Income_x,Tangible Equity,Return on Tangible Equity,TTM Net Income_y,Total Assets,Return on Assets,TTM Net Income,LT Investments & Debt,Return on Investment,revenue,cost-goods-sold,gross-profit,research-development-expenses,selling-general-administrative-expenses,operating-expenses,operating-income,total-non-operating-income-expense,pre-tax-income,total-provision-income-taxes,income-after-taxes,income-from-continuous-operations,net-income,ebitda,ebit,basic-shares-outstanding,shares-outstanding,eps-basic-net-earnings-per-share,eps-earnings-per-share-diluted,cash-on-hand,inventory,other-current-assets,total-current-assets,net-property-plant-equipment,long-term-investments,goodwill-intangible-assets-total,other-long-term-assets,total-long-term-assets,total-assets,total-current-liabilities,long-term-debt,other-non-current-liabilities,total-long-term-liabilities,total-liabilities,common-stock-net,retained-earnings-accumulated-deficit,comprehensive-income,total-share-holder-equity,total-liabilities-share-holders-equity,net-income-loss,total-depreciation-amortization-cash-flow,other-non-cash-items,total-non-cash-items,change-in-accounts-receivable,change-in-inventories,change-in-accounts-payable,change-in-assets-liabilities,total-change-in-assets-liabilities,cash-flow-from-operating-activities,net-change-in-property-plant-equipment,net-change-in-intangible-assets,net-acquisitions-divestitures,net-change-in-short-term-investments,net-change-in-long-term-investments,net-change-in-investments-total,investing-activities-other,cash-flow-from-investing-activities,net-long-term-debt,net-current-debt,debt-issuance-retirement-net-total,net-common-equity-issued-repurchased,net-total-equity-issued-repurchased,total-common-preferred-stock-dividends-paid,financial-activities-other,cash-flow-from-financial-activities,net-cash-flow,stock-based-compensation,common-stock-dividends-paid
0,2018-09-30,14.0,$7.79,1.8,$11.11,1.26,$-1.70,0.0,$0.74,18.92,$0.06B,$0.02B,2.31,$0.10B,$0.19B,0.54,$0.28B,$0.04B,12.54%,$0.28B,$0.01B,4.30%,$0.28B,$0.01B,4.30%,$0.28B,$0.03B,9.32%,$0.28B,$0.01B,3.23%,$0.28B,$0.02B,5.73%,$0.02B,$0.19B,8.51%,$0.02B,$0.15B,10.96%,$0.02B,$0.34B,4.81%,$0.01B,$0.29B,4.21%,$73,$67,$7,$0,$6,$73,$0,$-2,$-2,$-0,$-2,$-2,$-2,$5,$0,$24,25,$-0.07,$-0.06,$1,$18,$0,$56,$192,$44,$41,$1,$278,$335,$24,$101,$1,$121,$145,$2,$129,$0,$189,$335,$3,$10,$2,$13,$-5,$1,$0,$-1,$-4,$11,$-19,$0,$0,$0,$0,$0,$-0,$-19,$6,$0,$6,$0,$0,$0,$0,$6,$-2,$1,$0
1,2018-06-30,14.85,$7.82,1.9,$10.64,1.4,$-1.77,0.0,$0.81,18.33,$0.05B,$0.03B,2.03,$0.10B,$0.19B,0.51,$0.27B,$0.04B,14.18%,$0.27B,$0.02B,5.97%,$0.27B,$0.02B,5.97%,$0.27B,$0.03B,10.45%,$0.27B,$0.01B,4.85%,$0.27B,$0.02B,7.46%,$0.02B,$0.19B,10.91%,$0.02B,$0.15B,14.21%,$0.02B,$0.33B,6.14%,$0.02B,$0.29B,5.81%,$68,$60,$8,$0,$5,$65,$3,$-1,$3,$1,$2,$2,$2,$6,$3,$24,25,$0.09,$0.09,$3,$17,$0,$54,$192,$45,$42,$1,$280,$334,$27,$97,$1,$117,$144,$2,$131,$0,$190,$334,$5,$6,$0,$6,$-1,$1,$0,$-1,$-1,$10,$-15,$0,$0,$0,$0,$0,$-0,$-16,$6,$0,$6,$0,$0,$0,$0,$6,$0,$0,$0
2,2018-03-31,13.6,$7.73,1.76,$10.40,1.31,$-2.03,0.0,$0.75,18.13,$0.06B,$0.03B,2.01,$0.10B,$0.19B,0.53,$0.26B,$0.04B,15.65%,$0.26B,$0.02B,6.87%,$0.26B,$0.02B,6.87%,$0.26B,$0.03B,11.45%,$0.26B,$0.01B,4.20%,$0.26B,$0.02B,7.25%,$0.02B,$0.19B,10.69%,$0.02B,$0.15B,14.10%,$0.02B,$0.34B,5.98%,$0.02B,$0.29B,6.77%,$72,$62,$10,$0,$6,$68,$4,$-1,$3,$1,$2,$2,$2,$7,$4,$24,25,$0.10,$0.09,$3,$16,$0,$57,$190,$45,$42,$1,$278,$335,$28,$99,$1,$119,$147,$2,$129,$0,$188,$335,$2,$3,$1,$4,$-3,$3,$0,$-1,$-4,$3,$-11,$0,$0,$0,$0,$0,$-0,$-11,$8,$0,$8,$0,$0,$0,$-0,$8,$-0,$1,$0
3,2017-12-31,13.5,$7.61,1.77,$9.77,1.38,$-1.91,0.0,$0.72,18.75,$0.06B,$0.03B,1.82,$0.09B,$0.19B,0.49,$0.25B,$0.04B,17.07%,$0.25B,$0.02B,7.32%,$0.25B,$0.02B,7.32%,$0.25B,$0.03B,12.20%,$0.25B,$0.01B,4.47%,$0.25B,$0.02B,7.32%,$0.02B,$0.19B,10.45%,$0.02B,$0.14B,13.98%,$0.02B,$0.33B,5.85%,$0.02B,$0.28B,7.07%,$66,$56,$10,$0,$5,$61,$5,$0,$5,$-9,$14,$14,$14,$8,$5,$24,25,$0.58,$0.56,$3,$18,$0,$57,$182,$45,$43,$1,$270,$327,$32,$91,$2,$111,$142,$2,$126,$0,$185,$327,$18,$11,$1,$12,$-4,$-1,$0,$-1,$1,$31,$-52,$0,$0,$0,$0,$0,$-0,$-52,$16,$0,$16,$0,$0,$0,$-0,$16,$-5,$3,$0
4,2017-09-30,13.3,$7.01,1.9,$9.31,1.43,$-1.56,0.0,$0.13,102.31,$0.05B,$0.03B,1.66,$0.08B,$0.17B,0.48,$0.23B,$0.04B,17.09%,$0.23B,$0.02B,6.84%,$0.23B,$0.02B,6.84%,$0.23B,$0.03B,11.54%,$0.23B,$0.01B,2.14%,$0.23B,$0.00B,1.28%,$0.00B,$0.17B,1.80%,$0.00B,$0.13B,2.43%,$0.00B,$0.31B,1.01%,$0.02B,$0.25B,6.53%,$62,$52,$10,$0,$6,$58,$4,$-2,$2,$1,$2,$2,$2,$7,$4,$24,25,$0.07,$0.07,$4,$13,$0,$47,$172,$44,$43,$1,$260,$307,$28,$81,$2,$108,$136,$2,$112,$0,$170,$307,$4,$8,$9,$17,$-1,$5,$0,$1,$9,$30,$-39,$0,$0,$0,$0,$0,$-0,$-39,$6,$0,$6,$0,$0,$0,$-0,$6,$-4,$2,$0
5,2017-06-30,11.25,$6.91,1.63,$9.16,1.23,$-1.41,0.0,$0.09,125.0,$0.05B,$0.03B,1.88,$0.08B,$0.17B,0.48,$0.23B,$0.04B,17.03%,$0.23B,$0.02B,6.99%,$0.23B,$0.02B,6.99%,$0.23B,$0.03B,11.79%,$0.23B,$0.01B,3.49%,$0.23B,$0.00B,1.75%,$0.00B,$0.17B,2.41%,$0.00B,$0.12B,3.29%,$0.00B,$0.30B,1.37%,$0.02B,$0.25B,6.64%,$62,$51,$11,$0,$6,$57,$5,$-4,$1,$0,$1,$1,$1,$8,$5,$24,25,$0.03,$0.03,$2,$15,$0,$49,$163,$45,$44,$1,$252,$301,$26,$81,$2,$107,$133,$2,$111,$0,$168,$301,$2,$5,$6,$11,$-3,$3,$0,$1,$2,$16,$-28,$0,$0,$0,$0,$0,$-0,$-28,$6,$0,$6,$0,$0,$0,$-0,$6,$-7,$1,$0
6,2017-03-31,11.1,$6.85,1.62,$8.64,1.28,$-1.04,0.0,$0.54,20.56,$0.05B,$0.03B,1.97,$0.08B,$0.17B,0.46,$0.22B,$0.04B,18.52%,$0.22B,$0.02B,7.87%,$0.22B,$0.02B,7.87%,$0.22B,$0.03B,12.50%,$0.22B,$0.02B,10.65%,$0.22B,$0.01B,6.02%,$0.01B,$0.17B,7.93%,$0.01B,$0.12B,10.88%,$0.01B,$0.30B,4.53%,$0.02B,$0.24B,7.20%,$56,$45,$11,$0,$6,$51,$4,$-2,$3,$1,$1,$1,$1,$7,$4,$24,25,$0.06,$0.06,$4,$15,$0,$51,$152,$48,$44,$1,$245,$296,$26,$76,$2,$103,$129,$2,$110,$0,$166,$296,$1,$3,$3,$5,$-2,$3,$0,$0,$2,$9,$-14,$0,$0,$0,$0,$0,$-0,$-14,$1,$0,$1,$0,$0,$0,$0,$1,$-4,$1,$0
7,2016-12-31,13.85,$6.79,2.04,$8.51,1.63,$-0.93,0.0,$0.77,17.99,$0.06B,$0.03B,2.09,$0.07B,$0.16B,0.45,$0.21B,$0.04B,19.34%,$0.21B,$0.02B,8.96%,$0.21B,$0.02B,8.96%,$0.21B,$0.03B,13.68%,$0.21B,$0.03B,14.62%,$0.21B,$0.02B,8.96%,$0.02B,$0.16B,11.88%,$0.02B,$0.12B,16.52%,$0.02B,$0.29B,6.82%,$0.02B,$0.24B,8.23%,$54,$47,$8,$0,$5,$52,$3,$-4,$-1,$-1,$-1,$-1,$-1,$5,$3,$24,25,$-0.04,$-0.03,$8,$18,$0,$56,$140,$49,$44,$1,$235,$290,$27,$73,$2,$99,$126,$2,$108,$0,$164,$290,$19,$10,$-2,$8,$-3,$-2,$0,$-1,$1,$29,$-40,$0,$0,$0,$0,$0,$-0,$-41,$2,$0,$2,$0,$0,$0,$0,$2,$-10,$3,$0
8,2016-09-30,11.42,$6.89,1.66,$8.74,1.31,$-0.12,0.0,$0.85,13.44,$0.06B,$0.02B,2.41,$0.07B,$0.17B,0.43,$0.22B,$0.04B,20.09%,$0.22B,$0.02B,10.05%,$0.22B,$0.02B,10.05%,$0.22B,$0.03B,15.07%,$0.22B,$0.03B,15.53%,$0.22B,$0.02B,9.59%,$0.02B,$0.17B,13.59%,$0.02B,$0.12B,19.27%,$0.02B,$0.28B,7.76%,$0.02B,$0.24B,9.76%,$57,$48,$9,$0,$5,$53,$4,$0,$5,$2,$3,$3,$3,$7,$4,$24,25,$0.12,$0.11,$8,$18,$0,$55,$130,$53,$45,$1,$228,$284,$23,$70,$2,$96,$119,$2,$109,$0,$165,$284,$20,$7,$-8,$-1,$-0,$-3,$0,$-2,$1,$20,$-26,$0,$-2,$0,$0,$0,$0,$-28,$-3,$0,$-3,$0,$0,$0,$0,$-3,$-11,$2,$0
9,2016-06-30,10.43,$6.74,1.55,$9.10,1.15,$0.57,18.29,$1.03,10.13,$0.06B,$0.02B,2.74,$0.07B,$0.16B,0.43,$0.23B,$0.05B,22.27%,$0.23B,$0.03B,12.66%,$0.23B,$0.03B,12.66%,$0.23B,$0.04B,17.03%,$0.23B,$0.04B,16.16%,$0.23B,$0.02B,10.04%,$0.02B,$0.16B,15.49%,$0.02B,$0.12B,22.44%,$0.02B,$0.28B,8.80%,$0.03B,$0.23B,13.26%,$49,$37,$12,$0,$5,$43,$6,$10,$16,$6,$10,$10,$10,$8,$6,$24,25,$0.42,$0.41,$9,$20,$0,$56,$123,$52,$45,$1,$221,$277,$20,$69,$3,$95,$116,$2,$106,$0,$161,$277,$17,$5,$-8,$-3,$2,$-4,$0,$-0,$-1,$13,$-16,$0,$-2,$0,$0,$0,$0,$-18,$-4,$0,$-4,$0,$0,$0,$0,$-4,$-9,$1,$0
10,2016-03-31,9.62,$6.21,1.55,$9.50,1.01,$0.84,11.45,$0.80,12.03,$0.06B,$0.02B,3.04,$0.07B,$0.15B,0.47,$0.24B,$0.05B,22.59%,$0.24B,$0.03B,13.39%,$0.24B,$0.03B,13.39%,$0.24B,$0.04B,17.99%,$0.24B,$0.03B,12.55%,$0.24B,$0.02B,7.95%,$0.02B,$0.15B,13.38%,$0.02B,$0.10B,19.90%,$0.02B,$0.26B,7.55%,$0.03B,$0.22B,15.06%,$52,$40,$12,$0,$5,$46,$6,$5,$11,$4,$7,$7,$7,$9,$6,$24,25,$0.30,$0.29,$14,$17,$0,$61,$102,$53,$46,$1,$202,$263,$20,$71,$2,$93,$112,$2,$96,$0,$150,$263,$7,$2,$-3,$-1,$1,$-2,$0,$-1,$-1,$5,$-8,$0,$0,$0,$0,$0,$0,$-8,$-2,$0,$-2,$0,$0,$0,$0,$-2,$-4,$1,$0
11,2015-12-31,12.39,$5.88,2.11,$9.61,1.29,$1.02,12.15,$0.74,16.74,$0.07B,$0.02B,2.91,$0.07B,$0.14B,0.51,$0.24B,$0.06B,23.55%,$0.24B,$0.04B,14.88%,$0.24B,$0.04B,14.88%,$0.24B,$0.05B,19.01%,$0.24B,$0.03B,11.57%,$0.24B,$0.02B,7.44%,$0.02B,$0.14B,13.19%,$0.02B,$0.10B,20.11%,$0.02B,$0.26B,7.35%,$0.04B,$0.22B,17.37%,$61,$49,$11,$0,$5,$55,$6,$-4,$2,$1,$1,$1,$1,$9,$6,$24,25,$0.04,$0.05,$19,$16,$0,$66,$97,$48,$46,$1,$192,$258,$23,$73,$2,$93,$115,$2,$89,$0,$142,$258,$19,$9,$13,$22,$9,$-3,$0,$3,$-1,$40,$-31,$0,$-0,$0,$0,$0,$0,$-31,$2,$0,$2,$0,$0,$0,$0,$2,$10,$2,$0
12,2015-09-30,12.42,$5.84,2.13,$10.18,1.22,$1.03,12.07,$0.78,15.92,$0.06B,$0.03B,2.28,$0.07B,$0.14B,0.48,$0.26B,$0.06B,21.96%,$0.26B,$0.04B,13.73%,$0.26B,$0.04B,13.73%,$0.26B,$0.04B,17.25%,$0.26B,$0.03B,11.37%,$0.26B,$0.02B,7.45%,$0.02B,$0.14B,14.48%,$0.02B,$0.09B,22.69%,$0.02B,$0.25B,7.97%,$0.04B,$0.21B,17.33%,$67,$51,$16,$0,$5,$56,$11,$-3,$8,$3,$5,$5,$5,$13,$11,$24,25,$0.22,$0.21,$15,$13,$0,$56,$91,$51,$47,$2,$190,$247,$25,$67,$3,$81,$106,$2,$88,$0,$141,$247,$17,$6,$4,$10,$5,$0,$0,$2,$8,$35,$-24,$-0,$0,$0,$0,$0,$0,$-24,$-5,$0,$-5,$0,$0,$0,$0,$-5,$6,$2,$0
13,2015-06-30,15.1,$5.60,2.7,$10.62,1.42,$0.96,15.72,$0.80,18.88,$0.05B,$0.02B,2.26,$0.07B,$0.14B,0.52,$0.27B,$0.05B,20.00%,$0.27B,$0.03B,12.45%,$0.27B,$0.03B,12.45%,$0.27B,$0.04B,15.47%,$0.27B,$0.03B,10.94%,$0.27B,$0.02B,7.55%,$0.02B,$0.14B,15.94%,$0.02B,$0.09B,22.28%,$0.02B,$0.24B,9.25%,$0.03B,$0.21B,18.18%,$59,$45,$15,$0,$5,$50,$9,$-1,$9,$2,$6,$6,$6,$12,$9,$24,25,$0.26,$0.25,$9,$15,$0,$51,$87,$53,$47,$2,$188,$239,$22,$70,$1,$82,$104,$2,$83,$0,$135,$239,$12,$4,$1,$6,$6,$-2,$0,$1,$3,$20,$-17,$-0,$0,$0,$0,$0,$0,$-17,$-4,$0,$-4,$0,$0,$0,$0,$-3,$0,$1,$0
14,2015-03-31,12.2,$5.33,2.29,$11.26,1.08,$0.89,13.71,$0.75,16.27,$0.06B,$0.02B,2.32,$0.07B,$0.13B,0.56,$0.28B,$0.05B,17.79%,$0.28B,$0.03B,11.03%,$0.28B,$0.03B,11.03%,$0.28B,$0.04B,13.52%,$0.28B,$0.03B,9.61%,$0.28B,$0.02B,6.76%,$0.02B,$0.13B,15.87%,$0.02B,$0.08B,19.84%,$0.02B,$0.24B,9.82%,$0.03B,$0.20B,19.34%,$55,$40,$15,$0,$5,$45,$10,$-1,$9,$3,$6,$6,$6,$12,$10,$24,25,$0.24,$0.23,$9,$14,$0,$55,$79,$53,$48,$1,$181,$236,$24,$72,$1,$84,$108,$2,$76,$0,$128,$236,$6,$2,$0,$3,$3,$-2,$0,$0,$2,$10,$-8,$0,$0,$0,$0,$0,$0,$-8,$-2,$0,$-2,$0,$0,$0,$0,$-2,$0,$1,$0
15,2014-12-31,14.7,$5.06,2.91,$11.64,1.26,$0.82,17.94,$0.62,23.71,$0.06B,$0.03B,2.21,$0.07B,$0.12B,0.61,$0.29B,$0.04B,15.17%,$0.29B,$0.03B,8.62%,$0.29B,$0.03B,8.62%,$0.29B,$0.03B,10.69%,$0.29B,$0.02B,7.59%,$0.29B,$0.02B,5.52%,$0.02B,$0.12B,14.00%,$0.02B,$0.07B,15.65%,$0.02B,$0.23B,9.40%,$0.03B,$0.20B,17.95%,$74,$64,$10,$0,$5,$69,$5,$-2,$3,$1,$2,$2,$2,$7,$5,$24,25,$0.08,$0.10,$9,$13,$0,$55,$74,$53,$48,$2,$177,$232,$25,$73,$1,$86,$111,$2,$70,$0,$121,$232,$16,$6,$2,$7,$-3,$3,$0,$-1,$0,$23,$-15,$0,$-75,$0,$0,$0,$1,$-89,$67,$0,$67,$0,$0,$0,$0,$67,$1,$2,$0
16,2014-09-30,12.38,$4.95,2.5,$11.36,1.09,$0.74,16.74,$0.66,18.76,$0.06B,$0.02B,2.89,$0.01B,$0.12B,0.07,$0.28B,$0.04B,15.55%,$0.28B,$0.03B,8.83%,$0.28B,$0.03B,8.83%,$0.28B,$0.03B,10.60%,$0.28B,$0.02B,8.48%,$0.28B,$0.02B,6.01%,$0.02B,$0.12B,15.49%,$0.02B,$0.12B,15.49%,$0.02B,$0.16B,11.47%,$0.03B,$0.13B,20.96%,$77,$64,$13,$0,$4,$68,$9,$-0,$8,$3,$6,$6,$6,$10,$9,$24,25,$0.24,$0.23,$14,$12,$0,$57,$46,$53,$0,$1,$101,$158,$20,$8,$1,$20,$40,$2,$68,$-0,$118,$158,$13,$3,$1,$4,$-6,$0,$0,$-1,$1,$18,$-9,$0,$0,$0,$0,$0,$1,$-8,$-4,$0,$-4,$0,$0,$0,$0,$-4,$6,$2,$0
17,2014-06-30,11.84,$4.68,2.53,$10.73,1.1,$0.44,26.62,$0.64,18.5,$0.05B,$0.02B,3.34,$0.01B,$0.11B,0.07,$0.27B,$0.04B,15.36%,$0.27B,$0.02B,8.61%,$0.27B,$0.02B,8.61%,$0.27B,$0.03B,10.49%,$0.27B,$0.02B,8.99%,$0.27B,$0.02B,5.99%,$0.02B,$0.11B,15.20%,$0.02B,$0.11B,15.20%,$0.02B,$0.15B,11.09%,$0.02B,$0.12B,19.74%,$75,$63,$12,$0,$4,$67,$7,$-0,$7,$2,$5,$5,$5,$9,$7,$24,25,$0.21,$0.20,$6,$12,$0,$50,$43,$54,$0,$1,$98,$148,$15,$8,$1,$21,$36,$2,$62,$-0,$112,$148,$8,$2,$1,$3,$-6,$0,$0,$-0,$-4,$6,$-4,$0,$0,$0,$0,$0,$1,$-4,$-4,$0,$-4,$0,$0,$0,$0,$-4,$-1,$1,$0
18,2014-03-31,10.85,$4.45,2.44,$9.99,1.09,$0.28,39.4,$0.18,60.28,$0.05B,$0.01B,3.35,$0.01B,$0.11B,0.09,$0.25B,$0.04B,15.32%,$0.25B,$0.02B,8.47%,$0.25B,$0.02B,8.47%,$0.25B,$0.03B,10.08%,$0.25B,$0.03B,10.48%,$0.25B,$0.02B,6.85%,$0.02B,$0.11B,16.87%,$0.02B,$0.11B,16.87%,$0.02B,$0.14B,12.01%,$0.02B,$0.12B,18.34%,$64,$55,$9,$0,$4,$60,$4,$-1,$4,$1,$3,$3,$3,$5,$4,$24,25,$0.11,$0.10,$6,$12,$1,$46,$42,$54,$0,$1,$97,$143,$14,$9,$1,$23,$37,$2,$57,$-0,$106,$143,$3,$1,$0,$1,$-2,$0,$0,$1,$-2,$2,$-2,$0,$0,$0,$0,$0,$0,$-2,$-2,$0,$-2,$0,$0,$0,$0,$-2,$-2,$0,$0
19,2013-12-31,12.55,$4.34,2.89,$9.56,1.31,$0.10,126.38,$0.17,73.82,$0.05B,$0.01B,3.24,$0.01B,$0.10B,0.12,$0.24B,$0.04B,15.19%,$0.24B,$0.02B,8.44%,$0.24B,$0.02B,8.44%,$0.24B,$0.02B,10.13%,$0.24B,$0.03B,11.81%,$0.24B,$0.02B,8.02%,$0.02B,$0.10B,19.79%,$0.02B,$0.10B,19.79%,$0.02B,$0.14B,13.72%,$0.02B,$0.12B,17.82%,$67,$57,$10,$0,$4,$61,$5,$-1,$5,$2,$3,$3,$3,$6,$5,$24,25,$0.13,$0.13,$8,$12,$1,$46,$42,$54,$0,$1,$97,$144,$14,$12,$2,$26,$40,$2,$55,$-0,$103,$144,$19,$4,$-6,$-2,$-6,$-2,$0,$2,$-4,$13,$-7,$0,$0,$0,$-8,$-8,$2,$-13,$-3,$0,$-3,$0,$0,$0,$0,$-2,$-2,$1,$0
20,2013-09-30,9.1,$4.19,2.17,$8.88,1.02,$0.37,24.28,$0.16,56.88,$0.05B,$0.01B,3.35,$0.02B,$0.10B,0.15,$0.22B,$0.03B,15.00%,$0.22B,$0.02B,8.18%,$0.22B,$0.02B,8.18%,$0.22B,$0.02B,10.00%,$0.22B,$0.03B,11.82%,$0.22B,$0.02B,8.18%,$0.02B,$0.10B,19.83%,$0.02B,$0.10B,19.83%,$0.02B,$0.14B,13.58%,$0.02B,$0.12B,16.74%,$61,$51,$10,$0,$3,$54,$7,$1,$8,$2,$5,$5,$5,$8,$7,$24,25,$0.22,$0.21,$7,$13,$1,$45,$42,$54,$0,$1,$97,$142,$13,$15,$2,$29,$43,$2,$52,$-0,$100,$142,$16,$3,$-7,$-4,$-5,$-3,$0,$1,$-5,$8,$-5,$0,$0,$0,$-8,$-8,$2,$-11,$1,$0,$1,$0,$0,$0,$0,$1,$-2,$1,$0
21,2013-06-30,8.7,$3.95,2.2,$8.62,1.01,$0.51,17.04,$0.09,96.67,$0.04B,$0.01B,3.39,$0.02B,$0.09B,0.19,$0.21B,$0.03B,15.02%,$0.21B,$0.02B,7.98%,$0.21B,$0.02B,7.98%,$0.21B,$0.02B,9.39%,$0.21B,$0.02B,10.80%,$0.21B,$0.02B,7.51%,$0.02B,$0.09B,18.88%,$0.02B,$0.09B,18.88%,$0.02B,$0.14B,12.83%,$0.02B,$0.11B,16.75%,$56,$47,$9,$0,$3,$51,$5,$4,$9,$3,$6,$6,$6,$6,$5,$24,25,$0.26,$0.26,$5,$12,$1,$42,$41,$53,$0,$1,$95,$137,$12,$18,$1,$30,$43,$2,$46,$-0,$94,$137,$11,$2,$-6,$-4,$-5,$-2,$0,$-0,$-6,$1,$-3,$0,$0,$0,$-8,$-8,$2,$-9,$3,$0,$3,$0,$0,$0,$0,$3,$-5,$1,$0
22,2013-03-31,8.43,$3.67,2.3,$8.85,0.95,$0.72,11.64,$0.50,16.86,$0.04B,$0.01B,3.51,$0.02B,$0.09B,0.23,$0.22B,$0.03B,14.16%,$0.22B,$0.02B,8.22%,$0.22B,$0.02B,8.22%,$0.22B,$0.02B,9.59%,$0.22B,$0.02B,8.68%,$0.22B,$0.01B,5.94%,$0.01B,$0.09B,16.40%,$0.01B,$0.09B,16.40%,$0.01B,$0.13B,10.88%,$0.02B,$0.11B,18.65%,$53,$46,$7,$0,$4,$50,$3,$3,$6,$1,$5,$5,$5,$4,$3,$24,25,$0.20,$0.19,$4,$12,$2,$41,$41,$48,$0,$1,$90,$131,$12,$20,$1,$32,$43,$2,$40,$-1,$87,$131,$5,$1,$-3,$-2,$-4,$-2,$0,$0,$-5,$-3,$-1,$0,$0,$0,$-8,$-8,$0,$-9,$6,$0,$6,$0,$0,$0,$0,$6,$-6,$0,$0
23,2012-12-31,8.31,$3.46,2.41,$8.98,0.93,$0.93,8.89,$0.50,16.62,$0.04B,$0.01B,3.39,$0.01B,$0.08B,0.17,$0.22B,$0.03B,13.90%,$0.22B,$0.02B,8.52%,$0.22B,$0.02B,8.52%,$0.22B,$0.02B,9.87%,$0.22B,$0.02B,7.17%,$0.22B,$0.01B,4.48%,$0.01B,$0.08B,13.38%,$0.01B,$0.08B,13.38%,$0.01B,$0.12B,8.71%,$0.02B,$0.10B,20.65%,$50,$43,$7,$0,$4,$47,$3,$1,$3,$1,$2,$2,$2,$4,$3,$24,25,$0.08,$0.08,$10,$10,$2,$41,$40,$38,$0,$1,$79,$120,$12,$14,$1,$26,$38,$2,$35,$-1,$82,$120,$10,$4,$2,$5,$7,$-0,$0,$-0,$6,$21,$-8,$0,$0,$0,$0,$0,$-2,$-10,$-9,$0,$-9,$0,$0,$0,$0,$-8,$3,$1,$0
24,2012-09-30,9.79,$3.21,3.05,$9.50,1.03,$0.30,32.78,$0.55,17.8,$0.04B,$0.01B,3.56,$0.02B,$0.08B,0.19,$0.23B,$0.03B,14.53%,$0.23B,$0.02B,9.40%,$0.23B,$0.02B,9.40%,$0.23B,$0.03B,10.68%,$0.23B,$0.03B,11.54%,$0.23B,$0.02B,7.69%,$0.02B,$0.08B,25.00%,$0.02B,$0.08B,25.00%,$0.02B,$0.11B,15.75%,$0.02B,$0.09B,24.04%,$54,$46,$9,$0,$3,$49,$6,$-1,$5,$2,$3,$3,$3,$6,$6,$24,25,$0.13,$0.12,$3,$10,$2,$41,$39,$31,$0,$1,$71,$111,$11,$15,$1,$23,$35,$2,$30,$-1,$76,$111,$8,$3,$2,$5,$1,$-1,$0,$-1,$-2,$11,$-5,$0,$0,$0,$0,$0,$-2,$-7,$-8,$0,$-8,$0,$0,$0,$0,$-8,$-4,$0,$0
25,2012-06-30,9.69,$3.04,3.18,$9.81,0.99,$-0.11,0.0,$0.57,17.0,$0.05B,$0.01B,3.18,$0.02B,$0.07B,0.28,$0.24B,$0.03B,14.05%,$0.24B,$0.02B,9.09%,$0.24B,$0.02B,9.09%,$0.24B,$0.03B,10.74%,$0.24B,$0.03B,11.57%,$0.24B,$0.02B,7.85%,$0.02B,$0.07B,27.74%,$0.02B,$0.07B,27.84%,$0.02B,$0.12B,16.89%,$0.02B,$0.09B,24.51%,$62,$53,$8,$0,$3,$56,$6,$-1,$5,$2,$3,$3,$3,$7,$6,$24,25,$0.14,$0.14,$6,$9,$2,$46,$38,$31,$0,$1,$70,$116,$14,$20,$2,$29,$43,$2,$26,$-1,$72,$116,$5,$2,$2,$3,$-2,$1,$0,$-2,$-3,$6,$-3,$0,$0,$0,$0,$0,$-2,$-5,$-3,$0,$-3,$0,$0,$0,$0,$-3,$-1,$0,$0
26,2012-03-31,9.28,$2.89,3.21,$9.05,1.02,$-0.31,0.0,$0.43,21.58,$0.04B,$0.01B,3.25,$0.02B,$0.07B,0.3,$0.22B,$0.03B,13.00%,$0.22B,$0.02B,7.62%,$0.22B,$0.02B,7.62%,$0.22B,$0.02B,8.97%,$0.22B,$0.02B,10.31%,$0.22B,$0.02B,7.17%,$0.02B,$0.07B,24.62%,$0.02B,$0.07B,24.81%,$0.02B,$0.11B,14.81%,$0.02B,$0.09B,19.54%,$57,$50,$7,$0,$3,$53,$4,$-1,$3,$1,$2,$2,$2,$5,$4,$24,25,$0.08,$0.08,$6,$11,$1,$42,$38,$31,$0,$1,$69,$112,$13,$20,$2,$30,$43,$2,$22,$-1,$69,$112,$2,$1,$0,$1,$0,$-1,$0,$0,$0,$3,$-2,$0,$0,$0,$0,$0,$-0,$-2,$-2,$0,$-2,$0,$0,$0,$0,$-2,$-1,$0,$0
27,2011-12-31,8.48,$3.00,2.83,$8.15,1.04,$-0.41,0.0,$0.35,24.23,$0.04B,$0.01B,3.45,$0.02B,$0.07B,0.32,$0.20B,$0.03B,12.50%,$0.20B,$0.01B,7.00%,$0.20B,$0.01B,7.00%,$0.20B,$0.02B,8.50%,$0.20B,$0.02B,10.00%,$0.20B,$0.01B,7.00%,$0.01B,$0.07B,22.58%,$0.01B,$0.07B,22.76%,$0.01B,$0.12B,13.49%,$0.01B,$0.09B,16.62%,$61,$51,$10,$0,$4,$55,$6,$8,$14,$4,$10,$10,$10,$7,$6,$24,24,$0.40,$0.39,$7,$9,$0,$42,$37,$38,$0,$1,$76,$118,$12,$23,$2,$35,$47,$2,$25,$-1,$71,$118,$14,$3,$-4,$-0,$-12,$-4,$0,$2,$-9,$4,$-7,$0,$0,$0,$0,$0,$-0,$-7,$2,$0,$2,$0,$0,$0,$0,$2,$-1,$1,$0
28,2011-09-30,3.33,$2.61,1.28,$7.02,0.47,$0.04,77.8,$0.20,16.65,$0.04B,$0.01B,3.19,$0.02B,$0.06B,0.37,$0.17B,$0.02B,10.98%,$0.17B,$0.01B,5.78%,$0.17B,$0.01B,5.78%,$0.17B,$0.01B,6.94%,$0.17B,$0.01B,4.05%,$0.17B,$0.00B,2.31%,$0.00B,$0.06B,6.84%,$0.00B,$0.06B,6.93%,$0.00B,$0.10B,4.10%,$0.01B,$0.08B,12.46%,$62,$52,$9,$0,$3,$55,$6,$-0,$6,$2,$4,$4,$4,$7,$6,$24,25,$0.16,$0.16,$5,$8,$0,$37,$35,$31,$0,$1,$67,$104,$12,$23,$2,$30,$42,$2,$16,$-1,$62,$104,$4,$3,$1,$4,$-11,$-2,$0,$1,$-9,$-1,$-4,$0,$0,$0,$0,$0,$-0,$-4,$2,$0,$2,$0,$0,$0,$0,$2,$-3,$1,$0
29,2011-06-30,4.05,$2.44,1.66,$6.07,0.67,$0.42,9.54,$0.11,36.82,$0.03B,$0.01B,3.13,$0.02B,$0.06B,0.4,$0.15B,$0.02B,10.14%,$0.15B,$0.01B,4.73%,$0.15B,$0.01B,4.73%,$0.15B,$0.01B,5.41%,$0.15B,$0.00B,2.70%,$0.15B,$0.00B,1.35%,$0.00B,$0.06B,3.52%,$0.00B,$0.06B,3.56%,$0.00B,$0.10B,2.12%,$0.01B,$0.08B,8.95%,$43,$39,$3,$0,$3,$42,$1,$-0,$0,$0,$0,$0,$0,$1,$1,$24,25,$0.01,$0.01,$7,$6,$1,$32,$34,$31,$0,$1,$66,$98,$10,$23,$1,$30,$40,$2,$12,$-1,$58,$98,$0,$2,$1,$2,$-6,$-0,$0,$0,$-3,$-0,$-2,$0,$0,$0,$0,$0,$-1,$-3,$2,$0,$2,$0,$0,$0,$0,$2,$-1,$0,$0
30,2011-03-31,4.09,$2.43,1.69,$5.87,0.7,$0.51,8.06,$0.10,40.9,$0.03B,$0.01B,2.86,$0.02B,$0.06B,0.36,$0.14B,$0.02B,11.27%,$0.14B,$0.01B,4.93%,$0.14B,$0.01B,4.93%,$0.14B,$0.01B,5.63%,$0.14B,$0.00B,2.82%,$0.14B,$0.00B,1.41%,$0.00B,$0.06B,3.60%,$0.00B,$0.06B,3.62%,$0.00B,$0.10B,2.12%,$0.01B,$0.08B,9.06%,$34,$30,$3,$0,$3,$33,$1,$-0,$0,$0,$0,$0,$0,$2,$1,$24,25,$0.01,$0.01,$6,$6,$0,$29,$34,$31,$1,$1,$66,$95,$10,$20,$1,$27,$38,$2,$12,$-1,$57,$95,$0,$1,$0,$1,$-4,$-0,$0,$0,$-2,$-0,$-1,$0,$0,$0,$0,$0,$0,$-1,$-0,$0,$-0,$0,$0,$0,$0,$-0,$-2,$0,$0
31,2010-12-31,4.42,$2.40,1.84,$5.86,0.75,$0.55,8.09,$0.11,40.18,$0.03B,$0.01B,3.51,$0.02B,$0.06B,0.37,$0.14B,$0.02B,12.14%,$0.14B,$0.01B,5.00%,$0.14B,$0.01B,5.00%,$0.14B,$0.01B,5.71%,$0.14B,$0.01B,3.57%,$0.14B,$0.00B,1.43%,$0.00B,$0.06B,3.67%,$0.00B,$0.06B,3.69%,$0.00B,$0.09B,2.14%,$0.01B,$0.08B,9.09%,$34,$29,$4,$0,$3,$32,$2,$-1,$1,$1,$-0,$-0,$-0,$2,$2,$24,24,$0.00,$0.00,$8,$6,$0,$27,$34,$31,$1,$1,$66,$93,$8,$21,$1,$28,$36,$2,$12,$-1,$57,$93,$2,$3,$2,$5,$1,$-1,$0,$0,$4,$11,$-3,$0,$0,$0,$0,$0,$-0,$-3,$-3,$0,$-3,$0,$0,$0,$0,$-3,$5,$1,$0
32,2010-09-30,2.44,$2.35,1.04,$5.75,0.42,$0.33,7.35,$0.06,40.67,$0.03B,$0.01B,3.17,$0.02B,$0.06B,0.37,$0.14B,$0.02B,10.95%,$0.14B,$0.01B,3.65%,$0.14B,$0.01B,3.65%,$0.14B,$0.01B,4.38%,$0.14B,$0.00B,2.19%,$0.14B,$0.00B,0.73%,$0.00B,$0.06B,1.88%,$0.00B,$0.06B,1.88%,$0.00B,$0.09B,1.08%,$0.01B,$0.08B,6.54%,$37,$32,$5,$0,$3,$34,$3,$-0,$3,$1,$2,$2,$2,$3,$3,$24,24,$0.07,$0.07,$4,$5,$0,$28,$32,$31,$0,$1,$63,$91,$9,$20,$1,$27,$36,$2,$11,$-1,$55,$91,$2,$2,$1,$3,$-3,$-0,$0,$-0,$2,$7,$-2,$0,$0,$0,$0,$0,$0,$-2,$-3,$0,$-3,$0,$0,$0,$0,$-3,$2,$1,$0
33,2010-06-30,2.22,$2.28,0.98,$5.48,0.41,$0.23,9.59,$0.01,222.0,$0.03B,$0.01B,2.44,$0.02B,$0.05B,0.45,$0.13B,$0.01B,10.69%,$0.13B,$0.00B,3.05%,$0.13B,$0.00B,3.05%,$0.13B,$0.01B,3.82%,$0.13B,$0.00B,0.76%,$0.13B,0,0.00%,$0.00B,$0.05B,0.00%,$0.00B,$0.05B,0.00%,$0.00B,$0.10B,0.00%,$0.00B,$0.08B,5.18%,$37,$33,$4,$0,$3,$36,$1,$-1,$0,$0,$0,$0,$0,$1,$1,$24,24,$0.00,$0.00,$6,$6,$0,$34,$32,$31,$0,$1,$64,$98,$14,$24,$1,$30,$44,$2,$9,$-1,$53,$98,$0,$1,$1,$3,$-4,$-1,$0,$0,$-2,$1,$-1,$0,$0,$0,$0,$0,$0,$-1,$0,$0,$0,$0,$0,$0,$0,$0,$0,$0,$0
34,2010-03-31,2.68,$2.27,1.18,$5.13,0.52,$0.41,6.61,$0.12,22.33,$0.03B,$0.01B,3.37,$0.02B,$0.05B,0.45,$0.12B,$0.02B,13.01%,$0.12B,$0.01B,5.69%,$0.12B,$0.01B,5.69%,$0.12B,$0.01B,7.32%,$0.12B,$0.01B,4.07%,$0.12B,$0.00B,2.44%,$0.00B,$0.05B,5.61%,$0.00B,$0.05B,5.61%,$0.00B,$0.09B,3.26%,$0.01B,$0.08B,9.06%,$32,$28,$4,$0,$3,$31,$1,$-0,$1,$0,$0,$0,$0,$2,$1,$24,24,$0.02,$0.02,$3,$5,$1,$28,$32,$31,$0,$1,$64,$92,$8,$24,$1,$30,$39,$2,$9,$-1,$53,$92,$0,$1,$-1,$0,$-1,$0,$0,$-0,$-0,$0,$-1,$0,$0,$0,$0,$0,$0,$-1,$1,$0,$1,$0,$0,$0,$0,$1,$0,$0,$0
35,2009-12-31,2.4,$2.24,1.07,$4.94,0.49,$0.55,4.35,$0.28,8.57,$0.03B,$0.01B,3.27,$0.02B,$0.05B,0.45,$0.12B,$0.02B,17.80%,$0.12B,$0.01B,11.02%,$0.12B,$0.01B,11.02%,$0.12B,$0.01B,11.86%,$0.12B,$0.01B,8.47%,$0.12B,$0.01B,5.93%,$0.01B,$0.05B,13.21%,$0.01B,$0.05B,13.21%,$0.01B,$0.09B,7.57%,$0.01B,$0.08B,16.94%,$31,$29,$2,$0,$3,$31,$-0,$-0,$-1,$-0,$-1,$-1,$-1,$0,$-0,$24,24,$-0.03,$-0.03,$2,$5,$0,$26,$32,$31,$0,$1,$64,$90,$8,$23,$1,$30,$38,$2,$9,$-1,$52,$90,$7,$3,$2,$5,$0,$-3,$0,$5,$-5,$7,$-3,$0,$0,$0,$0,$0,$0,$-3,$-4,$0,$-4,$0,$0,$0,$0,$-4,$-0,$0,$0
36,2009-09-30,3.15,$2.34,1.34,$5.05,0.62,$-0.50,0.0,$0.03,105.0,$0.03B,$0.01B,3.01,$0.02B,$0.06B,0.44,$0.12B,$0.01B,10.00%,$0.12B,$0.00B,2.50%,$0.12B,$0.00B,2.50%,$0.12B,$0.01B,4.17%,$0.12B,$-0.00B,-0.83%,$0.12B,0,0.00%,$0.00B,$0.06B,0.00%,$0.00B,$0.06B,0.00%,$0.00B,$0.09B,0.00%,$0.00B,$0.08B,4.00%,$31,$26,$4,$0,$2,$29,$2,$-0,$1,$1,$1,$1,$1,$2,$2,$24,24,$0.02,$0.02,$2,$4,$0,$27,$33,$33,$0,$1,$67,$93,$9,$24,$1,$30,$38,$2,$12,$-1,$55,$93,$7,$2,$1,$3,$-2,$-1,$0,$5,$-4,$6,$-3,$0,$0,$0,$0,$0,$0,$-3,$-3,$0,$-3,$0,$0,$0,$0,$-3,$-0,$0,$0
37,2009-06-30,3.35,$2.32,1.44,$5.79,0.58,$-1.41,0.0,$-0.29,0.0,$0.03B,$0.01B,2.37,$0.02B,$0.05B,0.42,$0.14B,$-0.00B,-0.73%,$0.14B,$-0.01B,-7.30%,$0.14B,$-0.01B,-7.30%,$0.14B,$-0.01B,-5.84%,$0.14B,$-0.01B,-9.49%,$0.14B,$-0.01B,-5.84%,$-0.01B,$0.05B,-15.69%,$-0.01B,$0.05B,-19.28%,$-0.01B,$0.09B,-7.92%,$-0.01B,$0.08B,-13.33%,$29,$22,$6,$0,$2,$24,$4,$-0,$4,$1,$3,$3,$3,$5,$4,$24,24,$0.11,$0.11,$2,$5,$0,$26,$33,$33,$0,$1,$66,$93,$11,$23,$1,$27,$38,$2,$11,$-1,$54,$93,$7,$1,$-2,$-0,$-0,$-3,$0,$5,$-1,$6,$-2,$0,$0,$0,$0,$0,$0,$-2,$-5,$0,$-5,$0,$0,$0,$0,$-5,$-1,$0,$0
38,2009-03-31,1.5,$2.20,0.68,$6.39,0.23,$-2.10,0.0,$-0.27,0.0,$0.03B,$0.01B,1.98,$0.02B,$0.05B,0.47,$0.15B,0,0.00%,$0.15B,$-0.01B,-5.96%,$0.15B,$-0.01B,-5.96%,$0.15B,$-0.01B,-5.30%,$0.15B,$-0.01B,-7.95%,$0.15B,$-0.01B,-5.30%,$-0.01B,$0.05B,-15.17%,$-0.01B,$0.05B,-23.70%,$-0.01B,$0.09B,-7.67%,$-0.01B,$0.08B,-11.84%,$27,$18,$9,$0,$2,$21,$7,$-0,$6,$2,$4,$4,$4,$7,$7,$24,24,$0.18,$0.18,$4,$4,$0,$28,$32,$33,$0,$1,$66,$94,$14,$24,$0,$28,$43,$2,$8,$-1,$51,$94,$4,$1,$-3,$-2,$-1,$-1,$0,$4,$1,$3,$-0,$0,$0,$0,$0,$0,$0,$-0,$-2,$0,$-2,$0,$0,$0,$0,$-2,$1,$0,$0
39,2008-12-31,1.6,$1.93,0.83,$6.56,0.24,$-2.47,0.0,$-0.39,0.0,$0.03B,$0.02B,1.47,$0.02B,$0.05B,0.52,$0.16B,$-0.00B,-2.58%,$0.16B,$-0.01B,-9.03%,$0.16B,$-0.01B,-9.03%,$0.16B,$-0.01B,-8.39%,$0.16B,$-0.02B,-10.32%,$0.16B,$-0.01B,-7.10%,$-0.01B,$0.05B,-20.18%,$-0.01B,$0.05B,-42.31%,$-0.01B,$0.10B,-10.53%,$-0.01B,$0.07B,-18.67%,$33,$40,$-7,$0,$3,$43,$-10,$-2,$-12,$-3,$-9,$-9,$-8,$-9,$-10,$23,23,$-0.36,$-0.35,$7,$2,$0,$32,$33,$31,$0,$1,$65,$96,$21,$24,$2,$30,$51,$2,$2,$-1,$45,$96,$-11,$2,$3,$4,$1,$0,$0,$-4,$0,$-6,$-15,$0,$0,$0,$0,$0,$0,$-15,$19,$0,$19,$0,$0,$0,$0,$19,$-2,$0,$0
40,2008-09-30,4.5,$2.32,1.94,$6.43,0.7,$-1.61,0.0,$-0.08,0.0,$0.04B,$0.04B,1.01,$0.03B,$0.05B,0.47,$0.15B,$0.01B,3.95%,$0.15B,$-0.00B,-2.63%,$0.15B,$-0.00B,-2.63%,$0.15B,$-0.00B,-1.97%,$0.15B,$-0.00B,-2.63%,$0.15B,$-0.00B,-1.32%,$-0.00B,$0.05B,-3.54%,$-0.00B,$0.02B,-10.81%,$-0.00B,$0.12B,-1.97%,$-0.00B,$0.08B,-5.46%,$48,$57,$-9,$0,$2,$59,$-11,$-0,$-11,$-4,$-7,$-7,$-7,$-11,$-11,$23,23,$-0.30,$-0.30,$2,$11,$6,$39,$33,$4,$38,$4,$81,$121,$39,$25,$1,$28,$67,$2,$11,$-1,$54,$121,$-2,$1,$6,$7,$-4,$-8,$0,$-6,$-9,$-4,$-15,$0,$0,$0,$-0,$-0,$0,$-15,$17,$0,$17,$0,$0,$0,$0,$17,$-2,$0,$0
41,2008-06-30,5.74,$2.64,2.17,$5.59,1.03,$-0.73,0.0,$0.22,26.09,$0.03B,$0.02B,1.64,$0.02B,$0.06B,0.32,$0.13B,$0.02B,12.88%,$0.13B,$0.01B,6.06%,$0.13B,$0.01B,6.06%,$0.13B,$0.01B,6.82%,$0.13B,$0.01B,6.06%,$0.13B,$0.01B,3.79%,$0.01B,$0.06B,8.93%,$0.01B,$0.02B,27.40%,$0.01B,$0.11B,5.51%,$0.01B,$0.08B,11.90%,$43,$36,$7,$0,$2,$38,$5,$0,$5,$2,$3,$3,$3,$5,$5,$23,24,$0.14,$0.13,$3,$6,$5,$34,$27,$4,$38,$4,$73,$106,$21,$20,$1,$24,$45,$2,$18,$0,$61,$106,$5,$1,$-2,$-2,$-5,$-3,$0,$-0,$-7,$-4,$-8,$0,$0,$0,$-0,$-0,$0,$-9,$11,$0,$11,$0,$0,$0,$0,$11,$-2,$0,$0
42,2008-03-31,6.84,$2.51,2.73,$4.97,1.37,$-0.15,0.0,$0.09,76.0,$0.03B,$0.02B,1.35,$0.01B,$0.06B,0.23,$0.12B,$0.02B,12.93%,$0.12B,$0.01B,5.17%,$0.12B,$0.01B,5.17%,$0.12B,$0.01B,6.03%,$0.12B,$0.01B,5.17%,$0.12B,$0.00B,3.45%,$0.00B,$0.06B,7.44%,$0.00B,$0.02B,25.00%,$0.00B,$0.10B,4.80%,$0.01B,$0.07B,9.88%,$31,$26,$5,$0,$3,$29,$2,$0,$2,$1,$1,$1,$1,$2,$2,$23,24,$0.06,$0.06,$3,$6,$2,$27,$22,$4,$38,$4,$68,$95,$20,$13,$1,$17,$37,$2,$15,$0,$58,$95,$1,$0,$-1,$-1,$-1,$-3,$0,$0,$-3,$-3,$-3,$0,$0,$0,$-0,$-0,$0,$-3,$4,$0,$4,$0,$0,$0,$0,$4,$-2,$0,$0
43,2007-12-31,7.65,$2.33,3.29,$4.67,1.64,$0.16,47.08,$0.03,255.0,$0.02B,$0.02B,1.15,$0.01B,$0.05B,0.17,$0.11B,$0.02B,17.43%,$0.11B,$0.01B,10.09%,$0.11B,$0.01B,10.09%,$0.11B,$0.01B,11.01%,$0.11B,$0.01B,10.09%,$0.11B,$0.01B,7.34%,$0.01B,$0.05B,15.53%,$0.01B,$0.02B,57.14%,$0.01B,$0.08B,10.19%,$0.01B,$0.06B,19.56%,$30,$27,$3,$0,$2,$29,$0,$0,$0,$-0,$1,$1,$1,$1,$0,$23,23,$0.02,$0.02,$5,$3,$0,$23,$20,$0,$37,$4,$62,$84,$20,$9,$1,$12,$32,$2,$13,$0,$53,$84,$8,$1,$-0,$1,$-3,$1,$0,$1,$1,$9,$-11,$0,$0,$0,$-0,$-0,$0,$-11,$4,$-0,$4,$0,$0,$0,$0,$4,$2,$0,$0
44,2007-09-30,6.15,$2.30,2.67,$4.37,1.41,$0.53,11.54,0,0.0,$0.02B,$0.02B,0.95,$0.00B,$0.05B,0.06,$0.10B,$0.02B,18.63%,$0.10B,$0.01B,12.75%,$0.10B,$0.01B,12.75%,$0.10B,$0.01B,12.75%,$0.10B,$0.01B,13.73%,$0.10B,$0.01B,8.82%,$0.01B,$0.05B,18.18%,$0.01B,$0.02B,73.47%,$0.01B,$0.08B,11.92%,$0.01B,$0.06B,24.41%,$28,$26,$2,$0,$2,$27,$1,$0,$1,$0,$0,$0,$0,$1,$1,$23,23,$0.02,$0.02,$2,$3,$0,$19,$17,$0,$37,$4,$59,$78,$20,$3,$2,$6,$26,$2,$13,$0,$52,$78,$7,$1,$-0,$0,$-3,$1,$0,$2,$2,$9,$-8,$0,$0,$0,$-0,$-0,$0,$-8,$-2,$-0,$-2,$0,$0,$0,$0,$-2,$-1,$0,$0
45,2007-06-30,6.45,$2.29,2.82,$4.36,1.48,$0.74,8.67,0,0.0,$0.02B,$0.02B,1.2,$0.00B,$0.05B,0.06,$0.10B,$0.02B,19.61%,$0.10B,$0.01B,12.75%,$0.10B,$0.01B,12.75%,$0.10B,$0.01B,12.75%,$0.10B,$0.01B,13.73%,$0.10B,$0.01B,9.80%,$0.01B,$0.05B,21.16%,$0.01B,$0.01B,100.00%,$0.01B,$0.08B,13.61%,$0.01B,$0.06B,25.37%,$27,$22,$5,$0,$2,$24,$3,$0,$3,$1,$2,$2,$2,$3,$3,$23,23,$0.10,$0.09,$2,$3,$3,$21,$13,$0,$37,$4,$55,$76,$18,$3,$1,$7,$25,$2,$12,$0,$52,$76,$7,$1,$-2,$-2,$-2,$0,$0,$2,$-0,$5,$-3,$0,$0,$0,$-0,$-0,$0,$-3,$-2,$-0,$-2,$0,$0,$0,$0,$-2,$-1,$0,$0
