,Date,Stock Price,Book Value per Share,Price to Book Ratio,TTM Sales per Share,Price to Sales Ratio,TTM FCF per Share,Price to FCF Ratio,TTM Net EPS,PE Ratio,Current Assets,Current Liabilities,Current Ratio,Long Term Debt,Shareholder's Equity_x,Debt to Equity Ratio,TTM Revenue_x,TTM Gross Profit,Gross Margin,TTM Revenue_y,TTM Operating Income,Operating Margin,TTM Revenue_x,TTM EBIT,EBIT Margin,TTM Revenue_y,TTM EBITDA,EBITDA Margin,TTM Revenue_x,TTM Pre-Tax Income,Pre-Tax Margin,TTM Revenue_y,TTM Net Income_x,Net Margin,TTM Net Income_y,Shareholder's Equity_y,Return on Equity,TTM Net Income_x,Tangible Equity,Return on Tangible Equity,TTM Net Income_y,Total Assets,Return on Assets,TTM Net Income,LT Investments & Debt,Return on Investment,revenue,cost-goods-sold,gross-profit,research-development-expenses,selling-general-administrative-expenses,operating-expenses,operating-income,total-non-operating-income-expense,pre-tax-income,total-provision-income-taxes,income-after-taxes,income-from-continuous-operations,net-income,ebitda,ebit,basic-shares-outstanding,shares-outstanding,eps-basic-net-earnings-per-share,eps-earnings-per-share-diluted,cash-on-hand,inventory,other-current-assets,total-current-assets,net-property-plant-equipment,long-term-investments,goodwill-intangible-assets-total,other-long-term-assets,total-long-term-assets,total-assets,total-current-liabilities,long-term-debt,other-non-current-liabilities,total-long-term-liabilities,total-liabilities,common-stock-net,retained-earnings-accumulated-deficit,comprehensive-income,total-share-holder-equity,total-liabilities-share-holders-equity,net-income-loss,total-depreciation-amortization-cash-flow,other-non-cash-items,total-non-cash-items,change-in-accounts-receivable,change-in-inventories,change-in-accounts-payable,change-in-assets-liabilities,total-change-in-assets-liabilities,cash-flow-from-operating-activities,net-change-in-property-plant-equipment,net-change-in-intangible-assets,net-acquisitions-divestitures,net-change-in-short-term-investments,net-change-in-long-term-investments,net-change-in-investments-total,investing-activities-other,cash-flow-from-investing-activities,net-long-term-debt,net-current-debt,debt-issuance-retirement-net-total,net-common-equity-issued-repurchased,net-total-equity-issued-repurchased,total-common-preferred-stock-dividends-paid,financial-activities-other,cash-flow-from-financial-activities,net-cash-flow,stock-based-compensation,common-stock-dividends-paid
0,2018-09-30,230.1,$29.08,7.91,$51.20,4.49,$12.12,18.99,$6.35,36.24,$0.36B,$0.11B,3.33,$0.25B,$0.38B,0.66,$0.72B,$0.70B,96.13%,$0.72B,$0.05B,7.33%,$0.72B,$0.05B,7.33%,$0.72B,$0.09B,12.59%,$0.72B,$0.04B,5.81%,$0.72B,$0.09B,12.86%,$0.09B,$0.38B,27.60%,$0.09B,$0.11B,75.15%,$0.09B,$0.74B,13.04%,$0.05B,$0.62B,9.14%,$197,$11,$186,$7,$150,$177,$20,$-2,$18,$-11,$28,$28,$26,$31,$20,$13,14,$2.01,$1.86,$265,$0,$0,$361,$40,$0,$262,$2,$382,$744,$108,$248,$11,$259,$367,$0,$-607,$0,$376,$744,$100,$29,$-17,$13,$-23,$0,$0,$-25,$-52,$60,$-11,$0,$-69,$0,$0,$0,$-0,$-80,$0,$0,$0,$-54,$-54,$0,$-27,$-80,$-107,$34,$0
1,2018-06-30,213.8,$27.26,7.84,$49.42,4.33,$12.83,16.66,$5.15,41.51,$0.39B,$0.11B,3.59,$0.24B,$0.35B,0.7,$0.70B,$0.68B,96.99%,$0.70B,$0.05B,7.17%,$0.70B,$0.05B,7.17%,$0.70B,$0.09B,12.48%,$0.70B,$0.04B,5.45%,$0.70B,$0.08B,10.90%,$0.08B,$0.35B,23.84%,$0.08B,$0.14B,62.68%,$0.08B,$0.71B,10.90%,$0.05B,$0.59B,8.95%,$184,$6,$178,$6,$149,$166,$18,$-3,$15,$-30,$45,$45,$43,$27,$18,$12,14,$3.43,$3.01,$293,$0,$0,$388,$38,$0,$207,$2,$322,$709,$108,$244,$10,$254,$362,$0,$-633,$0,$347,$709,$74,$18,$-26,$-8,$-27,$0,$0,$-23,$-51,$15,$-7,$0,$-12,$0,$0,$0,$-0,$-18,$0,$0,$0,$-46,$-46,$0,$-26,$-72,$-79,$22,$0
2,2018-03-31,328.15,$26.56,12.36,$47.64,6.89,$15.51,21.15,$2.68,122.44,$0.43B,$0.13B,3.33,$0.24B,$0.33B,0.73,$0.67B,$0.65B,97.15%,$0.67B,$0.04B,6.16%,$0.67B,$0.04B,6.16%,$0.67B,$0.08B,11.26%,$0.67B,$0.03B,4.65%,$0.67B,$0.04B,6.01%,$0.04B,$0.33B,13.07%,$0.04B,$0.14B,35.16%,$0.04B,$0.71B,5.84%,$0.04B,$0.57B,7.56%,$181,$6,$175,$6,$149,$166,$15,$-3,$12,$-23,$36,$36,$32,$24,$15,$12,15,$2.61,$2.12,$351,$0,$0,$429,$38,$0,$190,$2,$278,$707,$129,$241,$2,$248,$377,$0,$-675,$0,$330,$707,$32,$9,$-11,$-2,$-11,$0,$0,$-1,$-12,$18,$-3,$0,$-0,$0,$0,$0,$-0,$-4,$0,$0,$0,$-10,$-10,$0,$-24,$-34,$-22,$11,$0
3,2017-12-31,340.45,$24.62,13.83,$45.28,7.52,$15.69,21.7,$1.07,318.18,$0.44B,$0.15B,2.97,$0.24B,$0.30B,0.81,$0.62B,$0.60B,97.25%,$0.62B,$0.03B,5.34%,$0.62B,$0.03B,5.34%,$0.62B,$0.06B,10.19%,$0.62B,$0.03B,4.21%,$0.62B,$0.02B,2.43%,$0.02B,$0.30B,5.29%,$0.02B,$0.10B,13.92%,$0.02B,$0.69B,2.52%,$0.03B,$0.53B,7.17%,$161,$5,$156,$5,$141,$161,$-0,$-3,$-3,$3,$-7,$-7,$-8,$9,$-0,$12,14,$-0.65,$-0.57,$373,$0,$0,$438,$36,$0,$194,$2,$255,$693,$148,$238,$13,$251,$399,$0,$-708,$0,$295,$693,$16,$29,$46,$75,$-11,$0,$0,$-5,$13,$104,$-8,$-0,$-41,$0,$0,$0,$-25,$-74,$300,$0,$300,$-20,$-20,$0,$-27,$253,$277,$23,$0
4,2017-09-30,244.45,$25.30,9.66,$41.41,5.9,$11.23,21.76,$2.28,107.21,$0.42B,$0.11B,3.86,$0.24B,$0.30B,0.78,$0.56B,$0.54B,97.13%,$0.56B,$0.05B,8.24%,$0.56B,$0.05B,8.24%,$0.56B,$0.07B,12.54%,$0.56B,$0.04B,7.53%,$0.56B,$0.03B,5.38%,$0.03B,$0.30B,11.20%,$0.03B,$0.10B,27.65%,$0.03B,$0.68B,5.96%,$0.05B,$0.54B,11.96%,$171,$4,$167,$5,$136,$154,$17,$-3,$14,$4,$10,$10,$9,$27,$17,$12,14,$0.76,$0.66,$349,$0,$0,$423,$35,$0,$199,$1,$257,$680,$110,$235,$32,$267,$377,$0,$-701,$0,$303,$680,$23,$20,$32,$51,$-22,$0,$0,$-5,$-10,$65,$-6,$0,$-66,$0,$0,$0,$0,$-72,$300,$0,$300,$-9,$-9,$0,$-27,$264,$254,$13,$0
5,2017-06-30,172.2,$24.66,6.98,$36.38,4.73,$9.36,18.39,$2.14,80.47,$0.42B,$0.11B,3.87,$0.23B,$0.30B,0.78,$0.48B,$0.47B,96.68%,$0.48B,$0.04B,8.92%,$0.48B,$0.04B,8.92%,$0.48B,$0.06B,12.24%,$0.48B,$0.04B,8.71%,$0.48B,$0.03B,5.81%,$0.03B,$0.30B,11.30%,$0.03B,$0.11B,20.97%,$0.03B,$0.66B,6.96%,$0.04B,$0.53B,14.06%,$153,$4,$149,$4,$121,$144,$9,$-1,$8,$-0,$8,$8,$7,$15,$9,$12,14,$0.61,$0.54,$360,$0,$0,$416,$35,$0,$185,$1,$244,$660,$108,$232,$24,$256,$364,$0,$-710,$0,$296,$660,$14,$10,$19,$29,$-10,$0,$0,$-0,$5,$48,$-4,$0,$-53,$0,$0,$0,$0,$-57,$300,$0,$300,$1,$1,$0,$-27,$275,$265,$5,$0
6,2017-03-31,125.35,$20.28,6.18,$32.56,3.85,$6.75,18.58,$2.22,56.46,$0.17B,$0.09B,1.76,$0.00B,$0.24B,0.0,$0.42B,$0.41B,96.45%,$0.42B,$0.05B,11.11%,$0.42B,$0.05B,11.11%,$0.42B,$0.06B,13.71%,$0.42B,$0.05B,11.11%,$0.42B,$0.03B,6.86%,$0.03B,$0.24B,12.78%,$0.03B,$0.12B,18.83%,$0.03B,$0.35B,9.53%,$0.05B,$0.24B,20.70%,$133,$4,$129,$4,$105,$126,$7,$-0,$7,$-1,$8,$8,$7,$12,$7,$12,13,$0.58,$0.51,$110,$0,$0,$166,$35,$0,$125,$1,$184,$350,$94,$0,$15,$15,$109,$0,$-717,$0,$241,$350,$7,$5,$9,$14,$-11,$0,$0,$-0,$-3,$17,$-2,$0,$0,$0,$0,$0,$0,$-2,$0,$0,$0,$-0,$-0,$0,$0,$-0,$14,$2,$0
7,2016-12-31,101.35,$19.63,5.16,$30.08,3.37,$6.25,16.21,$2.15,47.14,$0.14B,$0.07B,2.11,$0.00B,$0.23B,0.0,$0.39B,$0.37B,96.10%,$0.39B,$0.05B,13.51%,$0.39B,$0.05B,13.51%,$0.39B,$0.06B,15.32%,$0.39B,$0.05B,13.51%,$0.39B,$0.03B,7.27%,$0.03B,$0.23B,12.79%,$0.03B,$0.10B,16.14%,$0.03B,$0.32B,9.87%,$0.05B,$0.23B,23.74%,$101,$3,$97,$2,$79,$87,$13,$-0,$13,$5,$8,$8,$7,$16,$13,$12,13,$0.62,$0.57,$95,$0,$0,$141,$35,$0,$128,$1,$183,$323,$67,$0,$25,$25,$92,$0,$-723,$0,$231,$323,$27,$6,$21,$27,$-8,$0,$0,$-2,$8,$64,$-32,$-2,$-86,$0,$0,$0,$2,$-117,$0,$0,$0,$-49,$-49,$0,$-4,$-53,$-116,$10,$0
8,2016-09-30,96.91,$18.90,5.13,$28.43,3.41,$6.11,15.85,$4.05,23.93,$0.22B,$0.05B,4.25,$0.00B,$0.22B,0.0,$0.36B,$0.35B,96.13%,$0.36B,$0.05B,12.98%,$0.36B,$0.05B,12.98%,$0.36B,$0.05B,14.36%,$0.36B,$0.05B,12.98%,$0.36B,$0.05B,14.64%,$0.05B,$0.22B,23.93%,$0.05B,$0.20B,25.92%,$0.05B,$0.28B,19.13%,$0.05B,$0.22B,21.22%,$95,$3,$91,$4,$72,$80,$14,$-0,$14,$7,$7,$7,$7,$16,$14,$12,13,$0.56,$0.52,$181,$0,$0,$223,$13,$0,$19,$1,$54,$277,$53,$0,$2,$2,$54,$0,$-730,$0,$223,$277,$20,$4,$12,$15,$-9,$0,$0,$-2,$3,$39,$-8,$0,$-5,$0,$0,$0,$2,$-10,$0,$0,$0,$-52,$-52,$0,$-0,$-52,$-30,$7,$0
9,2016-06-30,88.33,$18.06,4.89,$26.60,3.32,$5.84,15.13,$4.02,21.97,$0.21B,$0.05B,4.0,$0.00B,$0.21B,0.0,$0.34B,$0.32B,96.14%,$0.34B,$0.04B,12.17%,$0.34B,$0.04B,12.17%,$0.34B,$0.05B,13.35%,$0.34B,$0.04B,12.17%,$0.34B,$0.05B,15.43%,$0.05B,$0.21B,26.80%,$0.05B,$0.19B,29.21%,$0.05B,$0.27B,20.68%,$0.04B,$0.21B,21.13%,$94,$3,$91,$4,$73,$82,$13,$-0,$13,$4,$9,$9,$8,$14,$13,$12,13,$0.67,$0.62,$164,$0,$0,$211,$13,$0,$19,$1,$56,$267,$53,$0,$2,$2,$54,$0,$-737,$0,$213,$267,$14,$2,$7,$10,$-12,$0,$0,$-2,$-9,$15,$-6,$0,$-5,$0,$0,$0,$2,$-8,$0,$0,$0,$-51,$-51,$0,$-0,$-51,$-47,$5,$0
10,2016-03-31,97.78,$17.56,5.57,$23.66,4.13,$6.19,15.8,$3.78,25.87,$0.22B,$0.06B,3.71,$0.00B,$0.21B,0.0,$0.30B,$0.29B,95.97%,$0.30B,$0.04B,11.74%,$0.30B,$0.04B,11.74%,$0.30B,$0.04B,13.09%,$0.30B,$0.04B,11.74%,$0.30B,$0.05B,16.44%,$0.05B,$0.21B,29.34%,$0.05B,$0.19B,32.13%,$0.05B,$0.27B,21.92%,$0.04B,$0.21B,20.96%,$95,$3,$91,$4,$74,$83,$12,$-0,$12,$5,$7,$7,$6,$13,$12,$12,13,$0.48,$0.44,$178,$0,$0,$218,$10,$0,$15,$1,$50,$268,$59,$0,$1,$1,$60,$0,$-744,$0,$209,$268,$6,$1,$4,$5,$-7,$0,$0,$-1,$-1,$10,$-2,$0,$0,$0,$0,$0,$2,$0,$0,$0,$0,$-40,$-40,$0,$-3,$-43,$-33,$3,$0
11,2015-12-31,89.28,$19.46,4.59,$20.49,4.36,$5.89,15.15,$3.77,23.68,$0.25B,$0.05B,4.55,$0.00B,$0.24B,0.0,$0.25B,$0.24B,96.06%,$0.25B,$0.03B,11.42%,$0.25B,$0.03B,11.42%,$0.25B,$0.03B,12.60%,$0.25B,$0.03B,11.42%,$0.25B,$0.05B,18.90%,$0.05B,$0.24B,34.22%,$0.05B,$0.23B,38.17%,$0.05B,$0.30B,24.77%,$0.03B,$0.24B,20.68%,$78,$3,$75,$3,$63,$70,$8,$-0,$8,$-24,$32,$32,$32,$9,$8,$12,13,$2.77,$2.53,$214,$0,$0,$246,$9,$0,$15,$1,$50,$296,$54,$0,$1,$1,$55,$0,$-750,$0,$241,$296,$48,$3,$-17,$-14,$-17,$0,$0,$-1,$2,$37,$-7,$0,$-0,$0,$0,$0,$12,$5,$0,$0,$0,$91,$91,$-0,$-9,$82,$121,$9,$-0
12,2015-09-30,93.03,$9.77,9.52,$18.17,5.12,$3.97,23.42,$2.60,35.78,$0.15B,$0.06B,2.67,$0.00B,$0.11B,0.0,$0.22B,$0.21B,95.91%,$0.22B,$0.02B,10.45%,$0.22B,$0.02B,10.45%,$0.22B,$0.03B,11.36%,$0.22B,$0.02B,10.45%,$0.22B,$0.03B,14.55%,$0.03B,$0.11B,30.77%,$0.03B,$0.10B,35.75%,$0.03B,$0.18B,20.68%,$0.02B,$0.11B,22.12%,$70,$2,$67,$3,$56,$62,$8,$-0,$8,$0,$7,$7,$6,$9,$8,$11,12,$0.53,$0.49,$125,$0,$0,$152,$8,$0,$15,$0,$23,$175,$57,$0,$0,$5,$62,$0,$-782,$0,$113,$175,$16,$2,$9,$12,$-12,$0,$0,$-1,$3,$31,$-4,$0,$-0,$0,$0,$0,$0,$-4,$0,$0,$0,$-0,$-0,$-0,$-6,$-6,$20,$6,$-0
13,2015-06-30,78.61,$9.14,8.6,$16.07,4.89,$1.65,47.57,$2.14,36.73,$0.13B,$0.05B,2.99,$0.00B,$0.11B,0.0,$0.19B,$0.18B,95.81%,$0.19B,$0.02B,8.38%,$0.19B,$0.02B,8.38%,$0.19B,$0.02B,8.90%,$0.19B,$0.02B,8.38%,$0.19B,$0.03B,13.61%,$0.03B,$0.11B,27.23%,$0.03B,$0.09B,32.10%,$0.03B,$0.16B,17.75%,$0.02B,$0.11B,16.75%,$55,$2,$53,$2,$44,$48,$7,$-0,$7,$0,$6,$6,$5,$8,$7,$11,12,$0.41,$0.38,$112,$0,$0,$133,$7,$0,$15,$0,$21,$155,$45,$0,$0,$5,$50,$0,$-788,$0,$105,$155,$10,$1,$6,$8,$-7,$0,$0,$-0,$-3,$15,$-3,$0,$-0,$0,$0,$0,$0,$-3,$0,$0,$0,$-0,$-0,$-0,$-5,$-5,$7,$4,$-0
14,2015-03-31,56.01,$8.92,6.28,$15.15,3.7,$0.65,85.96,$1.74,32.19,$0.13B,$0.04B,3.07,$0.00B,$0.10B,0.0,$0.18B,$0.17B,95.51%,$0.18B,$0.01B,6.74%,$0.18B,$0.01B,6.74%,$0.18B,$0.01B,7.30%,$0.18B,$0.01B,6.74%,$0.18B,$0.02B,11.80%,$0.02B,$0.10B,23.60%,$0.02B,$0.09B,28.28%,$0.02B,$0.15B,14.56%,$0.01B,$0.10B,13.48%,$51,$2,$49,$2,$40,$45,$6,$0,$6,$0,$5,$5,$5,$6,$6,$11,12,$0.46,$0.43,$107,$0,$0,$128,$6,$0,$15,$0,$21,$149,$42,$0,$0,$5,$46,$0,$-793,$0,$102,$149,$5,$1,$3,$3,$-6,$0,$0,$-0,$-3,$5,$-1,$0,$-0,$0,$0,$0,$0,$-1,$0,$0,$0,$-0,$-0,$-0,$-1,$-2,$2,$2,$-0
15,2014-12-31,48.34,$8.46,5.71,$14.56,3.32,$0.23,207.02,$0.73,66.22,$0.12B,$0.04B,3.1,$0.00B,$0.10B,0.0,$0.17B,$0.16B,95.21%,$0.17B,0,0.00%,$0.17B,0,0.00%,$0.17B,$0.00B,1.20%,$0.17B,0,0.00%,$0.17B,$0.01B,5.99%,$0.01B,$0.10B,12.01%,$0.01B,$0.08B,14.55%,$0.01B,$0.14B,6.93%,$0.00B,$0.10B,0.00%,$44,$2,$42,$2,$37,$42,$2,$-0,$2,$-0,$2,$2,$16,$2,$2,$11,11,$1.41,$1.41,$105,$0,$0,$120,$5,$0,$15,$0,$20,$140,$39,$0,$0,$5,$44,$0,$-798,$0,$96,$140,$9,$3,$-1,$2,$-1,$0,$0,$-0,$-3,$9,$-4,$0,$-1,$0,$0,$0,$7,$3,$0,$0,$0,$-3,$-3,$-0,$-5,$-8,$-5,$7,$-0
16,2014-09-30,35.89,$7.00,5.12,$13.94,2.57,$0.45,80.54,$-0.57,0.0,$0.12B,$0.06B,2.1,$0.00B,$0.08B,0.0,$0.16B,$0.15B,95.60%,$0.16B,$-0.00B,-0.63%,$0.16B,$-0.00B,-0.63%,$0.16B,$0.00B,1.26%,$0.16B,$-0.00B,-0.63%,$0.16B,$-0.01B,-3.77%,$-0.01B,$0.08B,-7.41%,$-0.01B,$0.06B,-9.02%,$-0.01B,$0.14B,-4.07%,$-0.00B,$0.08B,-1.23%,$41,$2,$39,$2,$34,$41,$1,$-0,$1,$-0,$1,$1,$0,$1,$1,$11,12,$0.03,$0.03,$106,$0,$0,$121,$6,$0,$15,$0,$21,$142,$58,$0,$0,$5,$63,$0,$-814,$0,$79,$142,$-6,$3,$9,$12,$-1,$0,$0,$-1,$-4,$1,$-3,$0,$-1,$0,$0,$0,$4,$1,$0,$0,$0,$-3,$-3,$-0,$-4,$-6,$-8,$5,$-0
17,2014-06-30,29.14,$6.93,4.21,$13.64,2.14,$0.73,39.86,$-0.62,0.0,$0.13B,$0.06B,2.02,$0.00B,$0.08B,0.0,$0.16B,$0.15B,96.13%,$0.16B,$-0.00B,-1.29%,$0.16B,$-0.00B,-1.29%,$0.16B,$0.00B,1.29%,$0.16B,$-0.00B,-1.29%,$0.16B,$-0.01B,-3.87%,$-0.01B,$0.08B,-7.23%,$-0.01B,$0.06B,-8.76%,$-0.01B,$0.15B,-4.01%,$-0.00B,$0.08B,-2.41%,$42,$2,$40,$2,$34,$40,$3,$0,$3,$-0,$3,$3,$-0,$4,$3,$11,12,$-0.02,$-0.02,$110,$0,$0,$125,$6,$0,$15,$0,$21,$146,$62,$0,$0,$5,$67,$0,$-814,$0,$79,$146,$-7,$2,$7,$9,$-1,$0,$0,$-1,$0,$2,$-2,$0,$-1,$0,$0,$0,$4,$1,$0,$0,$0,$-1,$-1,$-0,$-3,$-5,$-4,$3,$-0
18,2014-03-31,31.04,$7.02,4.42,$13.44,2.31,$0.71,43.98,$0.04,776.0,$0.13B,$0.07B,2.0,$0.00B,$0.08B,0.0,$0.15B,$0.14B,96.00%,$0.15B,$-0.01B,-4.67%,$0.15B,$-0.01B,-4.67%,$0.15B,$-0.00B,-2.00%,$0.15B,$-0.01B,-4.67%,$0.15B,$0.00B,0.67%,$0.00B,$0.08B,1.17%,$0.00B,$0.07B,1.41%,$0.00B,$0.15B,0.66%,$-0.01B,$0.08B,-8.21%,$40,$2,$38,$2,$34,$46,$-6,$0,$-6,$-0,$-6,$-6,$-6,$-5,$-6,$11,11,$-0.58,$-0.58,$114,$0,$0,$129,$6,$0,$14,$0,$20,$149,$65,$0,$0,$5,$70,$0,$-814,$0,$79,$149,$-6,$1,$2,$3,$-1,$0,$0,$-1,$3,$0,$-1,$0,$0,$0,$0,$0,$2,$1,$0,$0,$0,$0,$0,$-0,$-3,$-3,$-2,$2,$-0
19,2013-12-31,32.84,$7.73,4.25,$12.41,2.65,$0.23,141.31,$0.37,88.76,$0.13B,$0.06B,2.21,$0.00B,$0.09B,0.0,$0.14B,$0.13B,96.38%,$0.14B,$-0.00B,-0.72%,$0.14B,$-0.00B,-0.72%,$0.14B,$0.00B,2.17%,$0.14B,$-0.00B,-0.72%,$0.14B,$0.00B,2.90%,$0.00B,$0.09B,4.65%,$0.00B,$0.07B,5.61%,$0.00B,$0.15B,2.67%,$-0.00B,$0.09B,-1.16%,$36,$2,$35,$1,$29,$35,$1,$-0,$1,$-0,$1,$1,$-0,$2,$1,$11,11,$-0.01,$-0.01,$118,$0,$0,$133,$5,$0,$14,$0,$20,$153,$60,$0,$0,$5,$66,$0,$-808,$0,$87,$153,$4,$4,$1,$5,$-4,$0,$0,$-1,$1,$10,$-3,$0,$0,$0,$0,$0,$3,$1,$0,$0,$0,$-3,$-3,$0,$-3,$-6,$11,$6,$0
20,2013-09-30,26.26,$7.78,3.38,$11.35,2.31,$-1.13,0.0,$0.54,48.63,$0.13B,$0.06B,2.21,$0.00B,$0.09B,0.0,$0.13B,$0.12B,95.24%,$0.13B,$0.00B,1.59%,$0.13B,$0.00B,1.59%,$0.13B,$0.01B,4.76%,$0.13B,$0.00B,1.59%,$0.13B,$0.01B,4.76%,$0.01B,$0.09B,7.06%,$0.01B,$0.07B,8.57%,$0.01B,$0.15B,4.07%,$0.00B,$0.09B,2.35%,$37,$2,$36,$1,$30,$37,$0,$-0,$0,$-0,$0,$0,$-0,$1,$0,$11,12,$-0.02,$-0.02,$114,$0,$0,$131,$6,$0,$14,$0,$20,$151,$60,$0,$0,$5,$65,$0,$-807,$0,$87,$151,$4,$3,$-2,$1,$-5,$0,$0,$-1,$-2,$3,$-2,$0,$0,$0,$0,$0,$3,$1,$0,$0,$0,$-3,$-3,$0,$-2,$-5,$8,$4,$0
21,2013-06-30,17.14,$7.81,2.19,$10.21,1.68,$-1.81,0.0,$0.93,18.43,$0.14B,$0.06B,2.18,$0.00B,$0.09B,0.0,$0.11B,$0.11B,94.64%,$0.11B,$0.00B,2.68%,$0.11B,$0.00B,2.68%,$0.11B,$0.01B,6.25%,$0.11B,$0.00B,1.79%,$0.11B,$0.01B,8.93%,$0.01B,$0.09B,11.56%,$0.01B,$0.07B,13.99%,$0.01B,$0.16B,6.76%,$0.00B,$0.09B,3.47%,$37,$2,$35,$1,$32,$39,$-2,$-0,$-2,$-0,$-2,$-2,$7,$-1,$-2,$11,11,$0.64,$0.64,$115,$0,$0,$135,$6,$0,$14,$0,$20,$155,$62,$0,$1,$5,$67,$0,$-807,$0,$88,$155,$4,$2,$-4,$-2,$-7,$0,$0,$-0,$-1,$1,$-1,$0,$0,$0,$0,$0,$-1,$-2,$0,$0,$0,$-3,$-3,$0,$0,$-3,$5,$3,$0
22,2013-03-31,18.49,$7.26,2.55,$8.43,2.19,$-2.55,0.0,$2.71,6.82,$0.12B,$0.05B,2.25,$0.00B,$0.08B,0.0,$0.09B,$0.09B,94.57%,$0.09B,$0.00B,2.17%,$0.09B,$0.00B,2.17%,$0.09B,$0.01B,6.52%,$0.09B,$0.00B,1.09%,$0.09B,$0.03B,31.52%,$0.03B,$0.08B,33.62%,$0.03B,$0.07B,40.56%,$0.03B,$0.14B,19.37%,$0.00B,$0.08B,2.32%,$28,$1,$27,$1,$24,$28,$-0,$-0,$-0,$0,$-0,$-0,$-3,$1,$-0,$11,11,$-0.25,$-0.25,$102,$0,$0,$120,$6,$0,$14,$0,$21,$141,$54,$0,$1,$6,$59,$0,$-814,$0,$82,$141,$-3,$1,$4,$5,$-2,$0,$0,$-3,$-8,$-5,$-1,$0,$0,$0,$0,$0,$0,$-0,$0,$0,$0,$0,$0,$0,$-1,$-1,$-7,$1,$0
23,2012-12-31,18.03,$7.53,2.39,$7.13,2.53,$-2.51,0.0,$4.11,4.39,$0.12B,$0.05B,2.25,$0.00B,$0.08B,0.0,$0.08B,$0.07B,93.51%,$0.08B,$-0.00B,-3.90%,$0.08B,$-0.00B,-3.90%,$0.08B,$0.00B,1.30%,$0.08B,$-0.00B,-5.19%,$0.08B,$0.05B,59.74%,$0.05B,$0.08B,56.97%,$0.05B,$0.07B,69.70%,$0.05B,$0.14B,24.60%,$-0.00B,$0.08B,-3.72%,$24,$1,$22,$1,$20,$20,$4,$-0,$4,$2,$3,$3,$2,$5,$4,$11,11,$0.20,$0.23,$110,$0,$0,$122,$6,$0,$14,$0,$21,$143,$54,$0,$1,$6,$60,$0,$-811,$0,$83,$143,$47,$4,$-44,$-39,$-6,$0,$0,$0,$-12,$-5,$-3,$0,$0,$0,$0,$0,$-1,$-4,$0,$0,$0,$-1,$-1,$-11,$0,$-12,$35,$5,$-11
24,2012-09-30,14.76,$8.15,1.81,$5.86,2.52,$-4.93,0.0,$3.84,3.84,$0.13B,$0.06B,2.25,$0.00B,$0.09B,0.0,$0.06B,$0.06B,93.75%,$0.06B,$-0.01B,-18.75%,$0.06B,$-0.01B,-18.75%,$0.06B,$-0.01B,-10.94%,$0.06B,$-0.01B,-20.31%,$0.06B,$0.05B,70.31%,$0.05B,$0.09B,63.16%,$0.05B,$0.08B,79.30%,$0.05B,$0.15B,19.23%,$-0.01B,$0.09B,-16.84%,$23,$1,$22,$1,$19,$22,$1,$-0,$0,$0,$0,$0,$4,$2,$1,$11,11,$0.41,$0.38,$119,$0,$0,$132,$7,$0,$15,$0,$22,$153,$59,$0,$1,$2,$61,$0,$-814,$0,$93,$153,$44,$4,$-45,$-42,$-5,$0,$0,$1,$-7,$-4,$-2,$0,$0,$0,$0,$0,$-4,$-6,$0,$0,$0,$-1,$-1,$0,$4,$3,$44,$4,$0
25,2012-06-30,10.77,$7.69,1.4,$5.00,2.16,$-6.76,0.0,$4.60,2.34,$0.14B,$0.07B,2.02,$0.00B,$0.09B,0.0,$0.05B,$0.05B,92.59%,$0.05B,$-0.02B,-31.48%,$0.05B,$-0.02B,-31.48%,$0.05B,$-0.01B,-20.37%,$0.05B,$-0.02B,-31.48%,$0.05B,$0.05B,100.00%,$0.05B,$0.09B,86.06%,$0.05B,$0.07B,131.71%,$0.05B,$0.16B,20.00%,$-0.02B,$0.09B,-27.09%,$17,$1,$16,$1,$17,$20,$-3,$-0,$-3,$-1,$-2,$-2,$26,$-2,$-3,$11,11,$2.41,$2.41,$125,$0,$0,$139,$8,$0,$15,$0,$23,$162,$69,$0,$5,$6,$75,$0,$-818,$0,$87,$162,$40,$2,$-43,$-40,$-2,$0,$0,$2,$-6,$-7,$-1,$0,$0,$0,$0,$0,$-5,$-6,$0,$0,$0,$-0,$-0,$0,$4,$4,$49,$2,$0
26,2012-03-31,7.19,$5.33,1.35,$4.95,1.45,$-7.74,0.0,$0.56,12.83,$0.26B,$0.22B,1.14,$0.00B,$0.06B,0.0,$0.05B,$0.05B,92.59%,$0.05B,$-0.05B,-94.44%,$0.05B,$-0.05B,-94.44%,$0.05B,$-0.04B,-81.48%,$0.05B,$-0.05B,-94.44%,$0.05B,$-0.01B,-12.96%,$-0.01B,$0.06B,-13.33%,$-0.01B,$0.05B,-30.11%,$-0.01B,$0.29B,-2.38%,$-0.05B,$0.06B,-97.14%,$13,$1,$12,$1,$15,$19,$-5,$-0,$-5,$-2,$-3,$-3,$14,$-4,$-5,$11,11,$1.34,$1.34,$74,$0,$0,$256,$8,$0,$15,$0,$34,$290,$224,$0,$4,$5,$230,$0,$-844,$0,$60,$290,$14,$1,$-16,$-15,$-0,$0,$0,$-0,$-4,$-5,$-1,$0,$0,$0,$0,$0,$-2,$-3,$0,$0,$0,$-1,$-1,$0,$0,$-1,$13,$1,$0
27,2011-12-31,5.26,$4.12,1.28,$4.97,1.06,$-8.40,0.0,$-4.22,0.0,$0.30B,$0.28B,1.06,$0.00B,$0.05B,0.0,$0.06B,$0.05B,92.73%,$0.06B,$-0.06B,-112.73%,$0.06B,$-0.06B,-112.73%,$0.06B,$-0.05B,-98.18%,$0.06B,$-0.06B,-112.73%,$0.06B,$-0.06B,-109.09%,$-0.06B,$0.05B,-112.15%,$-0.06B,$0.03B,-400.00%,$-0.06B,$0.33B,-21.72%,$-0.06B,$0.05B,-115.89%,$11,$1,$10,$1,$12,$15,$-5,$-0,$-5,$0,$-5,$-5,$1,$-3,$-5,$11,11,$0.14,$0.14,$58,$0,$0,$297,$8,$0,$15,$0,$34,$331,$280,$0,$4,$6,$286,$0,$-858,$0,$45,$331,$-60,$6,$31,$37,$-2,$0,$0,$1,$-5,$-28,$-6,$0,$0,$0,$0,$0,$-2,$-8,$0,$0,$0,$-1,$-1,$0,$-2,$-3,$-23,$4,$0
28,2011-09-30,4.71,$5.36,0.88,$5.08,0.93,$-8.61,0.0,$-5.25,0.0,$0.23B,$0.20B,1.15,$0.00B,$0.06B,0.0,$0.06B,$0.05B,92.86%,$0.06B,$-0.07B,-119.64%,$0.06B,$-0.07B,-119.64%,$0.06B,$-0.06B,-107.14%,$0.06B,$-0.07B,-119.64%,$0.06B,$-0.07B,-130.36%,$-0.07B,$0.06B,-107.75%,$-0.07B,$0.02B,-339.53%,$-0.07B,$0.30B,-27.63%,$-0.07B,$0.06B,-98.89%,$13,$1,$12,$1,$13,$17,$-4,$-0,$-4,$-0,$-3,$-3,$13,$-2,$-4,$11,11,$1.21,$1.21,$23,$0,$0,$234,$9,$0,$44,$0,$63,$297,$203,$0,$4,$35,$238,$0,$-843,$0,$59,$297,$-61,$4,$36,$41,$-2,$0,$0,$1,$-1,$-21,$-5,$0,$0,$0,$0,$0,$-1,$-7,$0,$0,$0,$-1,$-1,$0,$-3,$-4,$-58,$3,$0
29,2011-06-30,4.82,$4.14,1.16,$5.25,0.92,$-9.25,0.0,$-6.22,0.0,$0.19B,$0.18B,1.1,$0.00B,$0.05B,0.0,$0.06B,$0.05B,93.10%,$0.06B,$-0.07B,-120.69%,$0.06B,$-0.07B,-120.69%,$0.06B,$-0.07B,-113.79%,$0.06B,$-0.07B,-120.69%,$0.06B,$-0.08B,-144.83%,$-0.08B,$0.05B,-102.13%,$-0.08B,$0.00B,-280.00%,$-0.08B,$0.26B,-30.63%,$-0.07B,$0.05B,-85.11%,$17,$1,$16,$1,$20,$54,$-37,$-0,$-37,$-12,$-25,$-25,$-35,$-35,$-37,$11,11,$-3.13,$-3.13,$45,$0,$0,$193,$9,$0,$44,$0,$64,$257,$176,$0,$3,$36,$211,$0,$-856,$0,$46,$257,$-74,$3,$52,$55,$-4,$0,$0,$0,$4,$-15,$-4,$0,$0,$0,$0,$0,$-1,$-6,$0,$0,$0,$-1,$-1,$0,$-1,$-2,$-35,$2,$0
30,2011-03-31,5.55,$5.79,0.96,$5.06,1.1,$-9.77,0.0,$-4.67,0.0,$0.16B,$0.13B,1.24,$0.00B,$0.06B,0.0,$0.06B,$0.05B,92.86%,$0.06B,$-0.04B,-69.64%,$0.06B,$-0.04B,-69.64%,$0.06B,$-0.04B,-64.29%,$0.06B,$-0.04B,-71.43%,$0.06B,$-0.05B,-89.29%,$-0.05B,$0.06B,-50.63%,$-0.05B,$0.01B,-123.46%,$-0.05B,$0.22B,-17.75%,$-0.04B,$0.06B,-39.49%,$14,$1,$13,$1,$21,$30,$-16,$-0,$-16,$0,$-16,$-16,$-39,$-14,$-16,$11,11,$-3.63,$-3.63,$63,$0,$73,$155,$13,$0,$52,$1,$65,$220,$125,$0,$17,$32,$157,$0,$-838,$0,$64,$220,$-39,$1,$25,$26,$-3,$0,$0,$-1,$3,$-10,$-2,$0,$0,$0,$0,$0,$-0,$-2,$0,$0,$0,$0,$0,$0,$0,$0,$-15,$1,$0
31,2010-12-31,8.9,$9.45,0.94,$7.86,1.13,$-10.02,0.0,$-1.60,0.0,$0.21B,$0.15B,1.4,$0.00B,$0.10B,0.0,$0.09B,$0.07B,82.76%,$0.09B,$-0.03B,-31.03%,$0.09B,$-0.03B,-31.03%,$0.09B,$-0.02B,-27.59%,$0.09B,$-0.03B,-32.18%,$0.09B,$-0.02B,-19.54%,$-0.02B,$0.10B,-15.25%,$-0.02B,$0.06B,-34.69%,$-0.02B,$0.28B,-5.70%,$-0.03B,$0.10B,-24.22%,$12,$1,$11,$1,$17,$22,$-10,$-0,$-10,$-2,$-8,$-8,$-12,$-9,$-10,$11,11,$-1.12,$-1.12,$77,$0,$0,$212,$8,$0,$45,$0,$71,$283,$151,$0,$3,$30,$181,$0,$-799,$0,$102,$283,$-18,$4,$-12,$-8,$2,$0,$0,$3,$-5,$-32,$-5,$0,$-0,$0,$0,$0,$2,$-3,$0,$0,$0,$-9,$-9,$0,$-0,$-9,$-17,$3,$0
32,2010-09-30,6.16,$10.46,0.59,$11.33,0.54,$-5.81,0.0,$-2.39,0.0,$0.26B,$0.19B,1.35,$0.00B,$0.12B,0.0,$0.12B,$0.09B,74.80%,$0.12B,$-0.04B,-30.89%,$0.12B,$-0.04B,-30.89%,$0.12B,$-0.03B,-26.83%,$0.12B,$-0.04B,-31.71%,$0.12B,$-0.03B,-21.14%,$-0.03B,$0.12B,-22.37%,$-0.03B,$0.05B,-54.74%,$-0.03B,$0.34B,-8.66%,$-0.04B,$0.12B,-32.69%,$15,$1,$14,$1,$19,$23,$-7,$-0,$-7,$0,$-8,$-8,$2,$-8,$-7,$11,11,$0.16,$0.16,$68,$0,$164,$255,$13,$0,$68,$1,$81,$337,$190,$0,$13,$30,$219,$0,$-786,$0,$117,$337,$-5,$3,$-14,$-11,$0,$0,$0,$2,$-14,$-30,$-4,$0,$-0,$0,$0,$0,$2,$-2,$0,$0,$0,$-5,$-5,$0,$0,$-5,$-29,$2,$0
33,2010-06-30,5.95,$10.36,0.57,$14.64,0.41,$-0.73,0.0,$-3.23,0.0,$0.21B,$0.14B,1.45,$0.00B,$0.11B,0.0,$0.16B,$0.11B,69.18%,$0.16B,$-0.04B,-23.90%,$0.16B,$-0.04B,-23.90%,$0.16B,$-0.03B,-18.87%,$0.16B,$-0.04B,-25.16%,$0.16B,$-0.04B,-22.01%,$-0.04B,$0.11B,-28.63%,$-0.04B,$0.04B,-66.99%,$-0.04B,$0.29B,-12.16%,$-0.04B,$0.11B,-31.08%,$15,$1,$14,$1,$18,$22,$-6,$-0,$-7,$0,$-7,$-7,$-1,$-5,$-6,$11,11,$-0.07,$-0.07,$73,$0,$112,$206,$13,$0,$68,$1,$81,$287,$142,$0,$17,$33,$175,$0,$-788,$0,$112,$287,$-7,$4,$-7,$-4,$1,$0,$0,$3,$-12,$-22,$-3,$0,$0,$0,$0,$0,$2,$-1,$0,$0,$0,$-4,$-4,$0,$0,$-4,$-23,$2,$0
34,2010-03-31,8.62,$10.28,0.84,$18.82,0.46,$0.67,12.85,$-3.09,0.0,$0.20B,$0.14B,1.46,$0.00B,$0.12B,0.0,$0.21B,$0.14B,66.34%,$0.21B,$-0.03B,-15.12%,$0.21B,$-0.03B,-15.12%,$0.21B,$-0.02B,-10.24%,$0.21B,$-0.03B,-15.61%,$0.21B,$-0.03B,-16.10%,$-0.03B,$0.12B,-25.14%,$-0.03B,$0.05B,-54.10%,$-0.03B,$0.29B,-11.23%,$-0.03B,$0.12B,-23.62%,$45,$12,$33,$1,$31,$49,$-4,$-0,$-4,$1,$-5,$-5,$-6,$-2,$-4,$11,11,$-0.56,$-0.56,$85,$0,$101,$203,$12,$0,$69,$1,$82,$285,$139,$0,$15,$31,$170,$0,$-787,$0,$115,$285,$-6,$2,$-20,$-18,$-0,$0,$0,$18,$10,$-14,$-1,$0,$0,$0,$0,$0,$0,$-1,$5,$0,$5,$-1,$-1,$0,$-1,$3,$-13,$1,$0
35,2009-12-31,8.62,$11.09,0.78,$20.62,0.42,$3.18,2.71,$-2.21,0.0,$0.21B,$0.14B,1.46,$0.00B,$0.12B,0.0,$0.22B,$0.14B,65.44%,$0.22B,$-0.02B,-11.06%,$0.22B,$-0.02B,-11.06%,$0.22B,$-0.01B,-5.99%,$0.22B,$-0.03B,-11.52%,$0.22B,$-0.02B,-11.06%,$-0.02B,$0.12B,-17.33%,$-0.02B,$0.05B,-35.69%,$-0.02B,$0.29B,-8.14%,$-0.02B,$0.12B,-17.33%,$48,$17,$31,$1,$31,$69,$-21,$-0,$-21,$-0,$-21,$-21,$-21,$-18,$-21,$11,11,$-2.04,$-2.03,$98,$0,$94,$209,$12,$0,$70,$0,$83,$292,$143,$0,$13,$28,$171,$0,$-781,$0,$121,$292,$-24,$12,$-97,$-86,$-0,$0,$0,$109,$123,$13,$-4,$0,$-6,$0,$0,$0,$4,$-6,$2,$0,$2,$3,$3,$0,$-1,$5,$12,$4,$0
36,2009-09-30,7.11,$12.95,0.55,$21.22,0.34,$-2.62,0.0,$-1.04,0.0,$0.20B,$0.12B,1.7,$0.00B,$0.14B,0.0,$0.22B,$0.14B,65.90%,$0.22B,$-0.01B,-4.15%,$0.22B,$-0.01B,-4.15%,$0.22B,$0.00B,0.92%,$0.22B,$-0.01B,-4.61%,$0.22B,$-0.01B,-4.61%,$-0.01B,$0.14B,-7.01%,$-0.01B,$0.07B,-14.18%,$-0.01B,$0.29B,-3.42%,$-0.01B,$0.14B,-6.30%,$51,$19,$32,$2,$35,$58,$-7,$-0,$-8,$-0,$-7,$-7,$-7,$-5,$-7,$11,11,$-0.68,$-0.68,$100,$0,$82,$200,$13,$0,$73,$0,$87,$287,$117,$0,$12,$29,$146,$0,$-760,$0,$141,$287,$-3,$9,$-80,$-72,$-1,$0,$0,$98,$100,$24,$-2,$0,$-6,$0,$0,$0,$3,$-5,$-9,$0,$-9,$3,$3,$0,$-1,$-7,$13,$3,$0
37,2009-06-30,9.04,$13.68,0.66,$21.91,0.41,$-6.29,0.0,$-2.77,0.0,$0.23B,$0.14B,1.67,$0.00B,$0.15B,0.0,$0.22B,$0.14B,66.20%,$0.22B,$-0.02B,-11.11%,$0.22B,$-0.02B,-11.11%,$0.22B,$-0.01B,-5.09%,$0.22B,$-0.03B,-11.57%,$0.22B,$-0.03B,-12.04%,$-0.03B,$0.15B,-18.18%,$-0.03B,$0.08B,-37.01%,$-0.03B,$0.31B,-8.93%,$-0.02B,$0.15B,-16.78%,$61,$21,$40,$2,$31,$60,$1,$-0,$1,$0,$1,$1,$1,$4,$1,$11,11,$0.07,$0.07,$99,$0,$112,$228,$14,$0,$68,$0,$83,$311,$137,$0,$11,$26,$163,$0,$-753,$0,$148,$311,$4,$6,$-60,$-54,$1,$0,$0,$43,$42,$-8,$-1,$0,$-1,$0,$0,$0,$1,$-2,$17,$0,$17,$4,$4,$0,$-1,$20,$10,$2,$0
