,Date,Stock Price,Book Value per Share,Price to Book Ratio,TTM Sales per Share,Price to Sales Ratio,TTM FCF per Share,Price to FCF Ratio,TTM Net EPS,PE Ratio,Current Assets,Current Liabilities,Current Ratio,Long Term Debt,Shareholder's Equity_x,Debt to Equity Ratio,TTM Revenue_x,TTM Gross Profit,Gross Margin,TTM Revenue_y,TTM Operating Income,Operating Margin,TTM Revenue_x,TTM EBIT,EBIT Margin,TTM Revenue_y,TTM EBITDA,EBITDA Margin,TTM Revenue_x,TTM Pre-Tax Income,Pre-Tax Margin,TTM Revenue_y,TTM Net Income_x,Net Margin,TTM Net Income_y,Shareholder's Equity_y,Return on Equity,TTM Net Income_x,Tangible Equity,Return on Tangible Equity,TTM Net Income_y,Total Assets,Return on Assets,TTM Net Income,LT Investments & Debt,Return on Investment,revenue,cost-goods-sold,gross-profit,research-development-expenses,selling-general-administrative-expenses,operating-expenses,operating-income,total-non-operating-income-expense,pre-tax-income,total-provision-income-taxes,income-after-taxes,income-from-continuous-operations,net-income,ebitda,ebit,basic-shares-outstanding,shares-outstanding,eps-basic-net-earnings-per-share,eps-earnings-per-share-diluted,cash-on-hand,inventory,other-current-assets,total-current-assets,net-property-plant-equipment,long-term-investments,goodwill-intangible-assets-total,other-long-term-assets,total-long-term-assets,total-assets,total-current-liabilities,long-term-debt,other-non-current-liabilities,total-long-term-liabilities,total-liabilities,common-stock-net,retained-earnings-accumulated-deficit,comprehensive-income,total-share-holder-equity,total-liabilities-share-holders-equity,net-income-loss,total-depreciation-amortization-cash-flow,other-non-cash-items,total-non-cash-items,change-in-accounts-receivable,change-in-inventories,change-in-accounts-payable,change-in-assets-liabilities,total-change-in-assets-liabilities,cash-flow-from-operating-activities,net-change-in-property-plant-equipment,net-change-in-intangible-assets,net-acquisitions-divestitures,net-change-in-short-term-investments,net-change-in-long-term-investments,net-change-in-investments-total,investing-activities-other,cash-flow-from-investing-activities,net-long-term-debt,net-current-debt,debt-issuance-retirement-net-total,net-common-equity-issued-repurchased,net-total-equity-issued-repurchased,total-common-preferred-stock-dividends-paid,financial-activities-other,cash-flow-from-financial-activities,net-cash-flow,stock-based-compensation,common-stock-dividends-paid
0,2018-09-30,76.98,$5.59,13.76,$11.27,6.83,$0.98,78.4,$2.17,35.56,$0.25B,$0.08B,3.28,$0.00B,$0.33B,0.0,$0.67B,$0.29B,42.94%,$0.67B,$0.17B,25.53%,$0.67B,$0.17B,25.53%,$0.67B,$0.19B,28.23%,$0.67B,$0.17B,25.38%,$0.67B,$0.13B,19.07%,$0.13B,$0.33B,45.36%,$0.13B,$0.25B,61.28%,$0.13B,$0.44B,31.36%,$0.17B,$0.33B,60.71%,$166,$99,$67,$0,$28,$127,$39,$0,$39,$10,$29,$29,$29,$43,$39,$59,59,$0.50,$0.50,$107,$35,$0,$249,$108,$0,$75,$3,$186,$435,$76,$0,$29,$30,$106,$1,$392,$0,$329,$435,$109,$13,$5,$18,$-21,$-1,$8,$-3,$-12,$115,$-22,$0,$0,$0,$0,$0,$0,$-22,$0,$0,$0,$-17,$-17,$0,$0,$-17,$77,$5,$0
1,2018-06-30,62.59,$5.07,12.33,$10.83,5.78,$0.78,80.74,$2.01,31.22,$0.23B,$0.09B,2.66,$0.00B,$0.30B,0.0,$0.64B,$0.27B,42.81%,$0.64B,$0.16B,25.16%,$0.64B,$0.16B,25.16%,$0.64B,$0.18B,28.13%,$0.64B,$0.16B,25.00%,$0.64B,$0.12B,18.44%,$0.12B,$0.30B,47.06%,$0.12B,$0.22B,66.11%,$0.12B,$0.41B,31.55%,$0.16B,$0.30B,64.21%,$207,$116,$91,$0,$34,$149,$58,$-0,$57,$14,$43,$43,$43,$62,$58,$59,59,$0.73,$0.73,$3,$36,$0,$228,$108,$0,$75,$3,$186,$414,$86,$0,$29,$31,$116,$1,$362,$0,$298,$414,$80,$9,$3,$13,$-104,$-2,$15,$-3,$-94,$-2,$-18,$0,$0,$0,$0,$0,$0,$-18,$0,$9,$9,$-17,$-17,$0,$0,$-8,$-28,$4,$0
2,2018-03-31,54.39,$4.45,12.22,$10.00,5.44,$0.98,55.31,$1.76,30.9,$0.27B,$0.15B,1.76,$0.00B,$0.26B,0.0,$0.59B,$0.26B,43.15%,$0.59B,$0.15B,25.04%,$0.59B,$0.15B,25.04%,$0.59B,$0.17B,28.26%,$0.59B,$0.15B,25.04%,$0.59B,$0.10B,17.60%,$0.10B,$0.26B,46.43%,$0.10B,$0.19B,62.00%,$0.10B,$0.45B,30.48%,$0.15B,$0.26B,66.07%,$171,$94,$77,$0,$29,$123,$48,$-0,$48,$10,$37,$37,$37,$53,$48,$59,59,$0.63,$0.63,$3,$42,$0,$267,$105,$0,$70,$3,$178,$445,$152,$0,$31,$32,$184,$0,$319,$0,$262,$445,$37,$5,$2,$7,$-140,$-8,$14,$0,$-142,$-98,$-5,$0,$0,$0,$0,$0,$0,$-5,$0,$85,$85,$-9,$-9,$0,$0,$76,$-28,$2,$0
3,2017-12-31,54.2,$3.93,13.79,$9.56,5.67,$1.20,45.28,$1.61,33.66,$0.15B,$0.06B,2.38,$0.00B,$0.23B,0.0,$0.57B,$0.24B,43.01%,$0.57B,$0.14B,25.13%,$0.57B,$0.14B,25.13%,$0.57B,$0.16B,28.32%,$0.57B,$0.14B,25.13%,$0.57B,$0.10B,16.81%,$0.10B,$0.23B,47.80%,$0.10B,$0.16B,60.41%,$0.10B,$0.33B,30.57%,$0.14B,$0.23B,71.45%,$122,$71,$51,$0,$26,$97,$25,$0,$25,$7,$18,$18,$18,$30,$25,$59,59,$0.32,$0.31,$31,$35,$0,$149,$103,$0,$71,$3,$177,$326,$63,$0,$31,$32,$95,$0,$282,$0,$231,$326,$95,$17,$7,$24,$-10,$-4,$-5,$-2,$-17,$102,$-15,$0,$-72,$0,$0,$0,$0,$-87,$0,$0,$0,$-3,$-3,$0,$0,$-3,$12,$5,$0
4,2017-09-30,45.04,$3.60,12.53,$9.10,4.95,$1.00,45.22,$1.52,29.73,$0.13B,$0.07B,2.0,$0.00B,$0.21B,0.0,$0.54B,$0.23B,42.75%,$0.54B,$0.14B,25.46%,$0.54B,$0.14B,25.46%,$0.54B,$0.15B,28.44%,$0.54B,$0.14B,25.46%,$0.54B,$0.09B,16.73%,$0.09B,$0.21B,51.58%,$0.09B,$0.14B,60.71%,$0.09B,$0.31B,31.63%,$0.14B,$0.21B,78.51%,$140,$85,$55,$0,$25,$110,$30,$-0,$30,$10,$20,$20,$20,$35,$30,$59,59,$0.34,$0.34,$26,$26,$7,$133,$103,$0,$73,$3,$178,$311,$66,$0,$32,$33,$100,$0,$264,$0,$212,$311,$77,$12,$5,$17,$-14,$5,$1,$2,$-1,$93,$-11,$0,$-72,$0,$0,$0,$0,$-83,$0,$0,$0,$-3,$-3,$0,$0,$-3,$7,$4,$0
5,2017-06-30,33.83,$3.24,10.43,$8.53,3.97,$0.96,35.27,$1.29,26.22,$0.17B,$0.06B,2.93,$0.00B,$0.19B,0.0,$0.50B,$0.21B,40.67%,$0.50B,$0.12B,23.41%,$0.50B,$0.12B,23.41%,$0.50B,$0.13B,26.19%,$0.50B,$0.12B,23.21%,$0.50B,$0.08B,15.48%,$0.08B,$0.19B,51.40%,$0.08B,$0.18B,55.32%,$0.08B,$0.28B,30.06%,$0.12B,$0.19B,77.76%,$158,$86,$72,$0,$27,$113,$45,$-0,$45,$16,$29,$29,$29,$49,$45,$59,59,$0.49,$0.49,$9,$27,$0,$168,$102,$0,$11,$2,$114,$283,$57,$0,$34,$35,$92,$0,$244,$0,$191,$283,$57,$8,$4,$11,$-82,$2,$4,$4,$-68,$0,$-7,$0,$0,$0,$0,$0,$0,$-7,$0,$0,$0,$-3,$-3,$0,$0,$-3,$-10,$3,$0
6,2017-03-31,34.7,$2.74,12.68,$8.34,4.16,$1.34,25.84,$1.20,28.91,$0.21B,$0.13B,1.62,$0.00B,$0.16B,0.0,$0.49B,$0.19B,39.43%,$0.49B,$0.11B,22.36%,$0.49B,$0.11B,22.36%,$0.49B,$0.12B,25.00%,$0.49B,$0.11B,21.95%,$0.49B,$0.07B,14.84%,$0.07B,$0.16B,55.30%,$0.07B,$0.15B,60.08%,$0.07B,$0.32B,29.29%,$0.11B,$0.16B,83.33%,$145,$80,$65,$0,$23,$103,$42,$-0,$42,$14,$28,$28,$28,$46,$42,$59,59,$0.48,$0.48,$2,$30,$0,$207,$104,$0,$11,$2,$116,$323,$128,$0,$34,$35,$162,$0,$215,$0,$161,$323,$28,$4,$2,$6,$-123,$-2,$3,$2,$-120,$-86,$-4,$0,$0,$0,$0,$0,$0,$-4,$0,$77,$77,$-3,$-3,$0,$0,$74,$-17,$2,$0
7,2016-12-31,32.2,$2.28,14.11,$8.09,3.98,$1.50,21.44,$1.12,28.88,$0.11B,$0.05B,2.06,$0.00B,$0.13B,0.0,$0.48B,$0.19B,39.04%,$0.48B,$0.11B,21.92%,$0.48B,$0.11B,21.92%,$0.48B,$0.12B,24.63%,$0.48B,$0.10B,21.29%,$0.48B,$0.07B,14.41%,$0.07B,$0.13B,60.66%,$0.07B,$0.12B,66.83%,$0.07B,$0.22B,27.96%,$0.11B,$0.13B,92.31%,$95,$57,$38,$0,$18,$76,$20,$-0,$20,$7,$13,$13,$13,$23,$20,$59,59,$0.22,$0.22,$19,$29,$0,$106,$103,$0,$11,$2,$116,$221,$51,$0,$35,$36,$87,$0,$187,$0,$134,$221,$68,$14,$10,$24,$-1,$-5,$-7,$-4,$-7,$85,$-10,$0,$0,$0,$0,$0,$0,$-10,$0,$-7,$-7,$-55,$-55,$0,$-0,$-62,$13,$5,$0
8,2016-09-30,29.36,$2.05,14.32,$7.89,3.72,$0.85,34.36,$1.03,28.5,$0.10B,$0.05B,2.03,$0.00B,$0.12B,0.0,$0.47B,$0.18B,38.27%,$0.47B,$0.10B,20.72%,$0.47B,$0.10B,20.72%,$0.47B,$0.11B,23.68%,$0.47B,$0.10B,20.08%,$0.47B,$0.06B,13.53%,$0.06B,$0.12B,58.58%,$0.06B,$0.11B,64.81%,$0.06B,$0.21B,26.18%,$0.10B,$0.12B,89.70%,$106,$76,$30,$0,$19,$96,$11,$-0,$10,$3,$8,$8,$8,$14,$11,$59,59,$0.14,$0.13,$23,$17,$0,$99,$99,$0,$11,$2,$111,$211,$49,$0,$37,$41,$90,$0,$173,$0,$121,$211,$55,$11,$3,$14,$2,$7,$-7,$-1,$14,$84,$-4,$0,$0,$0,$0,$0,$0,$-4,$0,$-7,$-7,$-55,$-55,$0,$-0,$-62,$17,$4,$0
9,2016-06-30,22.46,$1.91,11.74,$7.58,2.96,$-0.59,0.0,$0.98,23.04,$0.13B,$0.10B,1.35,$0.00B,$0.11B,0.0,$0.46B,$0.17B,37.53%,$0.46B,$0.09B,20.17%,$0.46B,$0.09B,20.17%,$0.46B,$0.11B,23.43%,$0.46B,$0.09B,19.74%,$0.46B,$0.06B,13.02%,$0.06B,$0.11B,56.60%,$0.06B,$0.10B,62.83%,$0.06B,$0.24B,24.00%,$0.09B,$0.11B,87.74%,$146,$85,$61,$0,$25,$110,$37,$-0,$36,$12,$24,$24,$24,$40,$37,$59,59,$0.41,$0.40,$3,$19,$0,$130,$99,$0,$11,$2,$112,$242,$97,$0,$28,$33,$130,$0,$166,$0,$112,$242,$47,$7,$2,$10,$-48,$4,$-0,$-0,$-41,$16,$-1,$0,$0,$0,$0,$0,$0,$-1,$0,$36,$36,$-55,$-55,$0,$-0,$-19,$-3,$3,$0
10,2016-03-31,23.97,$1.49,16.06,$7.23,3.32,$-1.50,0.0,$0.87,27.55,$0.20B,$0.19B,1.05,$0.00B,$0.09B,0.0,$0.45B,$0.17B,36.50%,$0.45B,$0.09B,19.03%,$0.45B,$0.09B,19.03%,$0.45B,$0.10B,22.57%,$0.45B,$0.09B,18.81%,$0.45B,$0.06B,12.17%,$0.06B,$0.09B,47.52%,$0.06B,$0.08B,52.26%,$0.06B,$0.31B,21.26%,$0.09B,$0.09B,74.30%,$132,$74,$58,$0,$21,$95,$37,$-1,$36,$13,$24,$24,$24,$41,$37,$59,60,$0.40,$0.40,$4,$26,$0,$201,$100,$0,$11,$2,$112,$313,$191,$0,$29,$34,$225,$0,$143,$0,$88,$313,$24,$4,$1,$5,$-109,$-3,$-1,$-2,$-113,$-84,$2,$0,$0,$0,$0,$0,$0,$2,$0,$135,$135,$-54,$-54,$0,$-0,$80,$-2,$1,$0
11,2015-12-31,19.02,$1.88,10.09,$6.91,2.75,$-1.53,0.0,$0.76,25.19,$0.10B,$0.06B,1.64,$0.00B,$0.12B,0.0,$0.44B,$0.16B,35.15%,$0.44B,$0.08B,17.46%,$0.44B,$0.08B,17.46%,$0.44B,$0.09B,20.86%,$0.44B,$0.08B,17.46%,$0.44B,$0.05B,11.11%,$0.05B,$0.12B,38.66%,$0.05B,$0.11B,42.15%,$0.05B,$0.21B,19.37%,$0.08B,$0.12B,60.75%,$89,$57,$32,$0,$19,$76,$13,$-0,$13,$5,$8,$8,$8,$17,$13,$63,63,$0.14,$0.14,$6,$23,$0,$99,$101,$0,$11,$2,$113,$212,$60,$0,$30,$35,$96,$0,$119,$0,$116,$212,$48,$14,$3,$18,$-11,$1,$-2,$1,$-3,$63,$-23,$0,$-0,$0,$0,$0,$0,$-23,$0,$7,$7,$-53,$-53,$0,$3,$-43,$-4,$5,$0
12,2015-09-30,16.67,$1.75,9.53,$6.63,2.51,$-1.46,0.0,$0.71,23.64,$0.12B,$0.09B,1.29,$0.00B,$0.11B,0.0,$0.43B,$0.15B,35.21%,$0.43B,$0.07B,17.14%,$0.43B,$0.07B,17.14%,$0.43B,$0.09B,20.42%,$0.43B,$0.07B,17.14%,$0.43B,$0.05B,10.80%,$0.05B,$0.11B,36.51%,$0.05B,$0.10B,39.83%,$0.05B,$0.23B,18.47%,$0.07B,$0.11B,57.94%,$94,$72,$22,$0,$16,$88,$6,$-0,$6,$3,$4,$4,$4,$10,$6,$62,63,$0.06,$0.06,$3,$17,$0,$115,$106,$0,$11,$2,$118,$233,$89,$0,$32,$36,$125,$0,$111,$0,$108,$233,$40,$11,$1,$12,$-44,$7,$-10,$-0,$-40,$12,$-18,$0,$-0,$0,$0,$0,$0,$-18,$0,$49,$49,$-52,$-52,$0,$2,$-1,$-7,$4,$0
13,2015-06-30,24.72,$2.36,10.46,$6.63,3.73,$-0.79,0.0,$0.79,31.48,$0.16B,$0.09B,1.69,$0.00B,$0.15B,0.0,$0.43B,$0.16B,36.92%,$0.43B,$0.08B,18.93%,$0.43B,$0.08B,18.93%,$0.43B,$0.10B,22.20%,$0.43B,$0.08B,18.93%,$0.43B,$0.05B,11.92%,$0.05B,$0.15B,40.56%,$0.05B,$0.14B,44.16%,$0.05B,$0.28B,21.50%,$0.08B,$0.15B,64.41%,$137,$84,$53,$0,$22,$107,$30,$-0,$30,$11,$19,$19,$19,$34,$30,$63,64,$0.30,$0.29,$4,$19,$0,$159,$106,$0,$11,$2,$118,$277,$94,$0,$27,$31,$125,$0,$108,$0,$151,$277,$36,$7,$0,$7,$-88,$5,$-0,$1,$-72,$-28,$-14,$0,$-0,$0,$0,$0,$0,$-14,$0,$38,$38,$-3,$-3,$0,$2,$37,$-5,$3,$0
14,2015-03-31,27.27,$2.05,13.3,$6.33,4.31,$-0.04,0.0,$0.73,37.61,$0.17B,$0.13B,1.38,$0.00B,$0.13B,0.0,$0.41B,$0.15B,36.41%,$0.41B,$0.08B,18.45%,$0.41B,$0.08B,18.45%,$0.41B,$0.09B,21.84%,$0.41B,$0.08B,18.20%,$0.41B,$0.05B,11.41%,$0.05B,$0.13B,41.87%,$0.05B,$0.12B,46.19%,$0.05B,$0.29B,21.27%,$0.08B,$0.13B,67.71%,$121,$73,$48,$0,$21,$93,$28,$-0,$28,$10,$18,$18,$18,$31,$28,$63,64,$0.28,$0.28,$3,$23,$0,$174,$104,$0,$11,$1,$116,$290,$126,$0,$28,$32,$158,$0,$89,$0,$132,$290,$18,$4,$0,$4,$-101,$1,$-7,$1,$-103,$-81,$-9,$0,$-0,$0,$0,$0,$0,$-9,$0,$84,$84,$-2,$-2,$0,$1,$83,$-7,$1,$0
15,2014-12-31,21.29,$1.77,12.02,$5.94,3.58,$0.10,211.0,$0.63,33.66,$0.09B,$0.05B,1.72,$0.00B,$0.11B,0.0,$0.39B,$0.14B,35.71%,$0.39B,$0.07B,17.35%,$0.39B,$0.07B,17.35%,$0.39B,$0.08B,21.17%,$0.39B,$0.07B,17.09%,$0.39B,$0.04B,10.46%,$0.04B,$0.11B,37.10%,$0.04B,$0.10B,40.90%,$0.04B,$0.20B,18.89%,$0.07B,$0.11B,61.54%,$74,$48,$27,$0,$18,$65,$9,$-0,$9,$3,$5,$5,$5,$12,$9,$65,66,$0.09,$0.08,$10,$24,$0,$85,$99,$0,$11,$1,$111,$196,$49,$0,$29,$33,$82,$0,$71,$0,$113,$196,$42,$15,$-5,$11,$1,$-1,$5,$-1,$7,$59,$-13,$0,$-0,$0,$0,$0,$0,$-13,$0,$0,$0,$-52,$-52,$0,$12,$-40,$6,$5,$0
16,2014-09-30,17.29,$1.67,10.33,$5.74,3.01,$-0.13,0.0,$0.78,22.23,$0.08B,$0.05B,1.57,$0.00B,$0.11B,0.0,$0.38B,$0.13B,34.82%,$0.38B,$0.06B,16.49%,$0.38B,$0.06B,16.49%,$0.38B,$0.08B,20.68%,$0.38B,$0.06B,16.23%,$0.38B,$0.05B,13.35%,$0.05B,$0.11B,46.79%,$0.05B,$0.10B,51.78%,$0.05B,$0.19B,23.72%,$0.06B,$0.11B,57.80%,$96,$65,$30,$0,$16,$81,$14,$-0,$14,$5,$9,$9,$9,$18,$14,$63,64,$0.14,$0.14,$4,$15,$0,$76,$98,$0,$11,$1,$110,$186,$49,$0,$30,$30,$79,$0,$66,$0,$107,$186,$36,$11,$-9,$2,$-8,$8,$-2,$-0,$7,$45,$-9,$0,$-0,$0,$0,$0,$0,$-9,$0,$3,$3,$-52,$-52,$0,$13,$-37,$0,$4,$0
17,2014-06-30,14.41,$1.51,9.53,$5.32,2.71,$-0.03,0.0,$0.41,35.15,$0.10B,$0.08B,1.22,$0.00B,$0.10B,0.0,$0.36B,$0.10B,28.77%,$0.36B,$0.03B,9.50%,$0.36B,$0.03B,9.50%,$0.36B,$0.05B,13.97%,$0.36B,$0.03B,9.22%,$0.36B,$0.03B,7.54%,$0.03B,$0.10B,25.53%,$0.03B,$0.09B,28.42%,$0.03B,$0.21B,12.75%,$0.03B,$0.10B,32.15%,$121,$76,$45,$0,$20,$97,$25,$-0,$24,$9,$15,$15,$15,$29,$25,$66,67,$0.23,$0.23,$6,$21,$0,$102,$98,$0,$11,$1,$110,$212,$84,$0,$31,$31,$115,$0,$57,$0,$97,$212,$27,$8,$-10,$-3,$-23,$1,$5,$-0,$-13,$11,$-5,$0,$-0,$0,$0,$0,$0,$-5,$0,$35,$35,$-52,$-52,$0,$13,$-5,$2,$2,$0
18,2014-03-31,18.29,$1.87,9.8,$4.92,3.72,$0.13,138.25,$0.37,49.43,$0.16B,$0.12B,1.4,$0.00B,$0.13B,0.0,$0.34B,$0.10B,28.27%,$0.34B,$0.02B,6.85%,$0.34B,$0.02B,6.85%,$0.34B,$0.04B,11.61%,$0.34B,$0.02B,6.55%,$0.34B,$0.03B,7.44%,$0.03B,$0.13B,21.88%,$0.03B,$0.12B,24.15%,$0.03B,$0.27B,11.96%,$0.02B,$0.13B,20.13%,$101,$62,$38,$0,$18,$81,$20,$-0,$20,$7,$12,$12,$12,$24,$20,$66,67,$0.19,$0.19,$4,$30,$0,$163,$100,$0,$11,$1,$111,$274,$116,$0,$32,$32,$149,$0,$42,$0,$125,$274,$12,$4,$-5,$-1,$-79,$-8,$-4,$-0,$-93,$-82,$-3,$0,$-0,$0,$0,$0,$0,$-3,$0,$80,$80,$-1,$-1,$0,$7,$85,$-0,$1,$0
19,2013-12-31,19.88,$1.59,12.49,$4.98,3.99,$0.42,47.45,$0.50,39.77,$0.08B,$0.05B,1.61,$0.00B,$0.11B,0.0,$0.34B,$0.10B,28.86%,$0.34B,$0.03B,7.29%,$0.34B,$0.03B,7.29%,$0.34B,$0.04B,11.95%,$0.34B,$0.02B,7.00%,$0.34B,$0.04B,10.20%,$0.04B,$0.11B,31.18%,$0.04B,$0.10B,34.57%,$0.04B,$0.19B,17.16%,$0.03B,$0.11B,22.27%,$64,$44,$20,$0,$15,$60,$4,$-0,$4,$-11,$15,$15,$15,$8,$4,$67,69,$0.23,$0.23,$4,$22,$0,$76,$101,$0,$11,$1,$112,$188,$47,$0,$34,$34,$82,$0,$30,$0,$107,$188,$35,$16,$-10,$6,$-11,$-5,$4,$-0,$4,$45,$-13,$0,$0,$0,$0,$0,$0,$-13,$0,$-5,$-5,$-27,$-27,$0,$1,$-31,$2,$4,$0
20,2013-09-30,12.38,$1.41,8.81,$4.73,2.62,$0.72,17.16,$0.22,56.28,$0.06B,$0.04B,1.59,$0.00B,$0.09B,0.0,$0.33B,$0.09B,28.31%,$0.33B,$0.02B,5.54%,$0.33B,$0.02B,5.54%,$0.33B,$0.03B,10.46%,$0.33B,$0.02B,5.23%,$0.33B,$0.02B,4.92%,$0.02B,$0.09B,14.68%,$0.02B,$0.08B,16.33%,$0.02B,$0.17B,8.03%,$0.02B,$0.09B,16.51%,$72,$72,$0,$0,$15,$87,$-15,$-0,$-15,$0,$-15,$-15,$-15,$-11,$-15,$67,67,$-0.23,$-0.23,$20,$11,$0,$61,$100,$0,$11,$1,$112,$173,$39,$0,$36,$41,$80,$0,$15,$0,$94,$173,$19,$12,$-3,$10,$3,$6,$-4,$0,$24,$54,$-9,$0,$0,$0,$0,$0,$0,$-9,$0,$-5,$-5,$-25,$-25,$0,$2,$-28,$17,$3,$0
21,2013-06-30,11.87,$1.90,6.25,$4.72,2.52,$0.88,13.56,$0.23,51.06,$0.09B,$0.04B,2.07,$0.00B,$0.13B,0.0,$0.32B,$0.09B,29.01%,$0.32B,$0.02B,5.86%,$0.32B,$0.02B,5.86%,$0.32B,$0.04B,11.11%,$0.32B,$0.02B,5.56%,$0.32B,$0.02B,5.25%,$0.02B,$0.13B,15.45%,$0.02B,$0.12B,17.13%,$0.02B,$0.20B,8.63%,$0.02B,$0.13B,17.27%,$99,$62,$37,$0,$23,$85,$14,$-0,$13,$0,$13,$13,$13,$18,$14,$68,70,$0.20,$0.19,$16,$15,$0,$88,$101,$0,$11,$1,$113,$201,$43,$0,$20,$27,$70,$0,$30,$0,$131,$201,$35,$8,$1,$10,$-24,$3,$4,$0,$-21,$23,$-5,$0,$0,$0,$0,$0,$0,$-5,$0,$-5,$-5,$0,$0,$0,$-0,$-5,$13,$2,$0
22,2013-03-31,12.3,$1.70,7.22,$4.67,2.63,$1.09,11.24,$0.16,75.66,$0.14B,$0.11B,1.32,$0.00B,$0.12B,0.0,$0.32B,$0.09B,28.53%,$0.32B,$0.02B,5.64%,$0.32B,$0.02B,5.64%,$0.32B,$0.04B,11.91%,$0.32B,$0.01B,4.08%,$0.32B,$0.01B,3.76%,$0.01B,$0.12B,11.37%,$0.01B,$0.11B,12.66%,$0.01B,$0.25B,5.52%,$0.02B,$0.12B,17.06%,$108,$66,$42,$0,$20,$86,$22,$-0,$22,$0,$22,$22,$22,$26,$22,$68,69,$0.32,$0.31,$2,$15,$0,$140,$102,$0,$11,$1,$114,$254,$106,$0,$24,$31,$137,$0,$17,$0,$117,$254,$22,$4,$1,$5,$-91,$2,$2,$1,$-92,$-66,$-2,$0,$0,$0,$0,$0,$0,$-2,$0,$67,$67,$1,$1,$0,$-0,$68,$-0,$1,$0
23,2012-12-31,9.31,$1.38,6.74,$4.54,2.05,$1.38,6.75,$0.04,265.93,$0.05B,$0.04B,1.24,$0.00B,$0.09B,0.0,$0.31B,$0.08B,27.36%,$0.31B,$0.01B,4.23%,$0.31B,$0.01B,4.23%,$0.31B,$0.04B,11.73%,$0.31B,$0.00B,0.98%,$0.31B,$0.00B,0.65%,$0.00B,$0.09B,1.96%,$0.00B,$0.08B,2.18%,$0.00B,$0.17B,0.89%,$0.01B,$0.09B,12.71%,$46,$33,$13,$0,$17,$49,$-3,$-0,$-3,$0,$-4,$-4,$-4,$1,$-3,$64,68,$-0.08,$-0.05,$2,$18,$0,$53,$104,$0,$11,$1,$116,$169,$42,$0,$25,$32,$75,$0,$-5,$0,$94,$169,$3,$22,$6,$28,$3,$11,$-1,$-0,$30,$60,$-8,$0,$-0,$0,$0,$0,$0,$-7,$-92,$5,$-87,$-5,$-5,$0,$36,$-55,$-2,$3,$0
24,2012-09-30,8.53,$1.45,5.88,$4.70,1.81,$1.03,8.25,$-0.21,0.0,$0.05B,$0.04B,1.19,$0.00B,$0.10B,0.0,$0.31B,$0.07B,22.44%,$0.31B,$0.00B,0.32%,$0.31B,$0.00B,0.32%,$0.31B,$0.03B,8.65%,$0.31B,$-0.01B,-3.85%,$0.31B,$-0.01B,-3.85%,$-0.01B,$0.10B,-11.79%,$-0.01B,$0.09B,-13.11%,$-0.01B,$0.16B,-5.04%,$0.00B,$0.10B,0.98%,$71,$69,$2,$0,$16,$85,$-14,$-0,$-14,$0,$-14,$-14,$-14,$-9,$-14,$67,67,$-0.22,$-0.22,$3,$9,$0,$46,$107,$0,$11,$1,$118,$164,$39,$0,$24,$27,$66,$0,$-1,$0,$98,$164,$6,$18,$4,$23,$-4,$20,$-2,$0,$32,$60,$-6,$0,$-0,$0,$0,$0,$0,$-6,$-92,$2,$-90,$-3,$-3,$0,$36,$-57,$-2,$3,$0
25,2012-06-30,7.52,$1.79,4.21,$4.74,1.59,$0.78,9.64,$0.00,0.0,$0.16B,$0.16B,1.02,$0.00B,$0.11B,0.0,$0.31B,$0.09B,27.51%,$0.31B,$0.02B,6.15%,$0.31B,$0.02B,6.15%,$0.31B,$0.05B,15.53%,$0.31B,$0.00B,0.32%,$0.31B,$0.00B,0.65%,$0.00B,$0.11B,1.91%,$0.00B,$0.10B,2.12%,$0.00B,$0.28B,0.78%,$0.02B,$0.11B,18.14%,$94,$61,$34,$0,$21,$82,$13,$-4,$8,$0,$8,$8,$8,$20,$13,$62,69,$0.14,$0.12,$97,$13,$0,$161,$110,$0,$11,$1,$122,$283,$157,$0,$10,$13,$170,$0,$13,$0,$113,$283,$21,$14,$1,$16,$-20,$15,$2,$0,$-0,$36,$-3,$0,$-0,$0,$0,$0,$0,$-3,$0,$25,$25,$-2,$-2,$0,$-10,$13,$46,$2,$0
26,2012-03-31,8.02,$1.66,4.82,$4.52,1.78,$0.28,28.86,$-0.09,0.0,$0.15B,$0.16B,0.97,$0.00B,$0.10B,0.0,$0.29B,$0.08B,25.60%,$0.29B,$0.01B,4.10%,$0.29B,$0.01B,4.10%,$0.29B,$0.04B,13.99%,$0.29B,$-0.00B,-1.71%,$0.29B,$-0.00B,-1.37%,$-0.00B,$0.10B,-3.85%,$-0.00B,$0.09B,-4.26%,$-0.00B,$0.28B,-1.63%,$0.01B,$0.10B,11.54%,$96,$61,$35,$0,$19,$79,$17,$-4,$12,$0,$12,$12,$12,$24,$17,$62,67,$0.20,$0.19,$30,$19,$0,$154,$112,$0,$11,$1,$124,$278,$159,$0,$11,$14,$173,$0,$5,$0,$104,$278,$12,$7,$1,$8,$-74,$10,$0,$0,$-66,$-45,$-1,$0,$-0,$0,$0,$0,$0,$-1,$0,$37,$37,$-1,$-1,$0,$11,$47,$0,$1,$0
27,2011-12-31,5.73,$1.48,3.86,$4.10,1.4,$0.80,7.15,$-0.20,0.0,$0.10B,$0.12B,0.85,$0.00B,$0.09B,0.0,$0.27B,$0.06B,23.68%,$0.27B,$0.00B,0.38%,$0.27B,$0.00B,0.38%,$0.27B,$0.03B,11.65%,$0.27B,$-0.02B,-5.64%,$0.27B,$-0.01B,-4.14%,$-0.01B,$0.09B,-10.48%,$-0.01B,$0.08B,-11.49%,$-0.01B,$0.23B,-4.67%,$0.00B,$0.09B,0.95%,$51,$53,$-1,$0,$14,$66,$-15,$-4,$-18,$-0,$-18,$-18,$-18,$-8,$-15,$62,62,$-0.30,$-0.29,$42,$29,$0,$102,$115,$0,$11,$0,$126,$228,$121,$0,$12,$15,$136,$0,$-8,$0,$92,$228,$-12,$29,$5,$33,$24,$0,$-3,$-0,$12,$34,$-7,$0,$-2,$0,$0,$0,$0,$-9,$-8,$0,$-8,$-2,$-2,$0,$-37,$-47,$-23,$3,$0
28,2011-09-30,4.01,$1.77,2.27,$4.51,0.89,$0.52,7.69,$0.09,44.53,$0.10B,$0.11B,0.9,$0.00B,$0.11B,0.0,$0.29B,$0.08B,28.62%,$0.29B,$0.02B,6.55%,$0.29B,$0.02B,6.55%,$0.29B,$0.05B,16.90%,$0.29B,$0.00B,0.69%,$0.29B,$0.01B,2.07%,$0.01B,$0.11B,5.57%,$0.01B,$0.10B,6.05%,$0.01B,$0.23B,2.49%,$0.02B,$0.11B,14.76%,$68,$51,$17,$0,$13,$64,$4,$-5,$-1,$-0,$-0,$-0,$-0,$12,$4,$62,62,$-0.01,$-0.01,$50,$33,$0,$101,$119,$0,$11,$1,$131,$231,$112,$0,$6,$10,$121,$0,$11,$0,$110,$231,$7,$22,$3,$25,$39,$-4,$-5,$-0,$10,$41,$-6,$0,$-2,$0,$0,$0,$0,$-8,$-8,$0,$-8,$-2,$-2,$0,$0,$-10,$23,$2,$0
29,2011-06-30,6.12,$1.77,3.46,$4.40,1.39,$0.36,16.85,$-0.05,0.0,$0.11B,$0.12B,0.89,$0.00B,$0.11B,0.0,$0.28B,$0.08B,26.50%,$0.28B,$0.01B,3.53%,$0.28B,$0.01B,3.53%,$0.28B,$0.04B,13.78%,$0.28B,$-0.01B,-2.12%,$0.28B,$-0.00B,-1.06%,$-0.00B,$0.11B,-2.72%,$-0.00B,$0.10B,-2.93%,$-0.00B,$0.24B,-1.22%,$0.01B,$0.11B,6.59%,$78,$55,$24,$0,$17,$72,$6,$-4,$2,$0,$2,$2,$2,$13,$6,$62,69,$0.04,$0.03,$19,$39,$0,$109,$123,$0,$11,$1,$134,$244,$122,$0,$7,$11,$134,$0,$11,$0,$110,$244,$7,$14,$2,$16,$6,$-10,$-0,$-1,$-20,$3,$-5,$0,$-2,$0,$0,$0,$0,$-7,$-3,$0,$-3,$-2,$-2,$0,$0,$-4,$-8,$2,$0
30,2011-03-31,8.16,$1.73,4.7,$5.08,1.61,$0.45,18.16,$0.01,652.4,$0.11B,$0.12B,0.88,$0.00B,$0.11B,0.0,$0.32B,$0.08B,25.31%,$0.32B,$0.01B,4.06%,$0.32B,$0.01B,4.06%,$0.32B,$0.04B,13.13%,$0.32B,$-0.00B,-0.94%,$0.32B,$0.00B,0.00%,$0.00B,$0.11B,0.00%,$0.00B,$0.10B,0.00%,$0.00B,$0.24B,0.00%,$0.01B,$0.11B,7.38%,$69,$46,$23,$0,$17,$63,$6,$-4,$2,$-3,$5,$5,$5,$14,$6,$61,67,$0.08,$0.08,$12,$40,$0,$107,$124,$0,$7,$2,$133,$240,$121,$0,$7,$11,$132,$0,$9,$0,$108,$240,$5,$7,$1,$8,$0,$-11,$2,$-0,$-23,$-9,$-2,$0,$0,$0,$0,$0,$0,$-2,$-3,$0,$-3,$-1,$-1,$0,$0,$-4,$-15,$1,$0
31,2010-12-31,5.99,$1.66,3.6,$5.15,1.16,$-0.06,0.0,$-0.14,0.0,$0.11B,$0.05B,2.43,$0.09B,$0.10B,0.82,$0.32B,$0.07B,23.03%,$0.32B,$0.01B,1.58%,$0.32B,$0.01B,1.58%,$0.32B,$0.03B,10.73%,$0.32B,$-0.01B,-3.47%,$0.32B,$-0.01B,-3.47%,$-0.01B,$0.10B,-9.34%,$-0.01B,$0.10B,-9.93%,$-0.01B,$0.25B,-4.20%,$0.01B,$0.19B,2.51%,$75,$57,$19,$0,$15,$72,$3,$-4,$-1,$-0,$-1,$-1,$-1,$10,$3,$61,61,$-0.01,$-0.01,$27,$29,$0,$112,$127,$0,$7,$2,$136,$248,$46,$85,$11,$99,$145,$0,$4,$-0,$103,$248,$-10,$29,$5,$34,$-22,$1,$-1,$2,$-5,$19,$-10,$0,$0,$0,$0,$0,$0,$-10,$-1,$0,$-1,$-1,$-1,$0,$0,$-1,$8,$4,$0
32,2010-09-30,4.77,$1.94,2.46,$4.76,1.0,$0.26,18.27,$-0.11,0.0,$0.12B,$0.04B,2.94,$0.08B,$0.12B,0.69,$0.29B,$0.07B,24.23%,$0.29B,$0.00B,0.34%,$0.29B,$0.00B,0.34%,$0.29B,$0.03B,10.58%,$0.29B,$-0.01B,-4.78%,$0.29B,$-0.01B,-3.07%,$-0.01B,$0.12B,-7.53%,$-0.01B,$0.11B,-8.00%,$-0.01B,$0.25B,-3.44%,$0.00B,$0.20B,0.50%,$61,$51,$9,$0,$14,$65,$-5,$-4,$-9,$0,$-9,$-9,$-9,$2,$-5,$61,61,$-0.15,$-0.15,$43,$57,$0,$115,$128,$0,$7,$2,$137,$252,$39,$83,$9,$93,$133,$0,$22,$-0,$120,$252,$-10,$22,$4,$26,$18,$-10,$-5,$2,$14,$31,$-6,$0,$0,$0,$0,$0,$0,$-6,$-0,$0,$-0,$-1,$-1,$0,$0,$-1,$24,$3,$0
33,2010-06-30,5.02,$2.06,2.44,$4.79,1.05,$0.56,8.96,$-0.34,0.0,$0.13B,$0.05B,2.73,$0.08B,$0.13B,0.63,$0.29B,$0.08B,27.21%,$0.29B,$-0.01B,-4.42%,$0.29B,$-0.01B,-4.42%,$0.29B,$0.02B,6.46%,$0.29B,$-0.03B,-9.52%,$0.29B,$-0.02B,-7.48%,$-0.02B,$0.13B,-18.33%,$-0.02B,$0.12B,-19.47%,$-0.02B,$0.27B,-8.44%,$-0.01B,$0.21B,-6.52%,$115,$86,$30,$0,$21,$107,$9,$-4,$5,$0,$5,$5,$5,$16,$9,$61,64,$0.08,$0.08,$22,$51,$0,$129,$131,$0,$7,$3,$140,$269,$47,$81,$12,$95,$142,$0,$30,$-0,$127,$269,$-1,$15,$3,$18,$-22,$-4,$1,$10,$-9,$8,$-4,$0,$0,$0,$0,$0,$0,$-4,$-0,$0,$-0,$-1,$-1,$0,$0,$-1,$3,$2,$0
34,2010-03-31,5.32,$1.96,2.72,$4.49,1.19,$0.90,5.93,$-0.30,0.0,$0.13B,$0.07B,1.85,$0.08B,$0.12B,0.65,$0.27B,$0.08B,29.26%,$0.27B,$-0.01B,-4.07%,$0.27B,$-0.01B,-4.07%,$0.27B,$0.02B,8.15%,$0.27B,$-0.03B,-9.63%,$0.27B,$-0.02B,-7.41%,$-0.02B,$0.12B,-16.10%,$-0.02B,$0.11B,-17.06%,$-0.02B,$0.28B,-7.36%,$-0.01B,$0.20B,-5.26%,$66,$51,$15,$0,$17,$68,$-2,$-4,$-6,$-0,$-6,$-6,$-6,$6,$-2,$61,61,$-0.09,$-0.09,$6,$52,$0,$132,$134,$0,$7,$5,$147,$279,$71,$79,$5,$86,$157,$0,$25,$-0,$121,$279,$-6,$8,$1,$9,$-41,$-6,$5,$0,$-42,$-38,$-3,$0,$0,$0,$0,$0,$0,$-3,$-0,$28,$28,$-1,$-1,$0,$0,$27,$-14,$1,$0
35,2009-12-31,4.9,$1.79,2.74,$4.52,1.08,$1.53,3.21,$-0.28,0.0,$0.10B,$0.05B,2.08,$0.08B,$0.11B,0.7,$0.27B,$0.08B,29.78%,$0.27B,$-0.01B,-3.31%,$0.27B,$-0.01B,-3.31%,$0.27B,$0.02B,8.82%,$0.27B,$-0.02B,-8.46%,$0.27B,$-0.02B,-6.25%,$-0.02B,$0.11B,-13.26%,$-0.02B,$0.10B,-14.02%,$-0.02B,$0.25B,-6.17%,$-0.01B,$0.19B,-4.10%,$51,$35,$17,$0,$17,$52,$-1,$-4,$-4,$-6,$1,$1,$1,$7,$-1,$60,60,$0.02,$0.02,$20,$30,$0,$95,$137,$0,$7,$6,$150,$245,$45,$77,$6,$89,$134,$0,$14,$-0,$110,$245,$-17,$31,$27,$59,$-17,$24,$1,$3,$-7,$35,$-7,$0,$0,$0,$0,$0,$0,$-7,$-31,$0,$-31,$-0,$-0,$0,$-1,$-32,$-4,$4,$0
36,2009-09-30,4.55,$1.99,2.29,$4.15,1.1,$1.48,3.08,$-0.47,0.0,$0.10B,$0.04B,2.42,$0.08B,$0.12B,0.66,$0.25B,$0.07B,27.20%,$0.25B,$-0.02B,-7.20%,$0.25B,$-0.02B,-7.20%,$0.25B,$0.02B,6.00%,$0.25B,$-0.03B,-13.20%,$0.25B,$-0.03B,-12.80%,$-0.03B,$0.12B,-23.66%,$-0.03B,$0.12B,-24.95%,$-0.03B,$0.25B,-11.00%,$-0.02B,$0.20B,-7.73%,$62,$43,$18,$0,$14,$81,$-19,$-4,$-23,$-0,$-22,$-22,$-22,$-10,$-19,$60,60,$-0.37,$-0.37,$40,$38,$0,$97,$140,$0,$7,$6,$153,$250,$40,$80,$4,$88,$128,$0,$28,$-1,$122,$250,$-18,$24,$25,$49,$-1,$32,$-5,$6,$17,$48,$-5,$0,$0,$0,$0,$0,$0,$-5,$-26,$0,$-26,$-0,$-0,$0,$-0,$-26,$17,$3,$0
37,2009-06-30,3.34,$2.34,1.43,$4.52,0.74,$1.50,2.23,$0.01,267.4,$0.13B,$0.06B,2.37,$0.10B,$0.14B,0.73,$0.27B,$0.07B,26.74%,$0.27B,$0.01B,3.30%,$0.27B,$0.01B,3.30%,$0.27B,$0.04B,15.02%,$0.27B,$-0.01B,-1.83%,$0.27B,$-0.01B,-1.83%,$-0.01B,$0.14B,-3.72%,$-0.01B,$0.14B,-3.92%,$-0.01B,$0.31B,-1.61%,$0.01B,$0.25B,3.67%,$91,$63,$29,$0,$17,$80,$11,$-4,$7,$0,$7,$7,$7,$19,$11,$60,60,$0.12,$0.12,$46,$40,$0,$131,$169,$0,$7,$7,$182,$313,$55,$104,$6,$114,$169,$0,$50,$-1,$144,$313,$4,$15,$2,$17,$-24,$29,$6,$2,$7,$28,$-4,$0,$0,$0,$0,$0,$0,$-4,$-1,$0,$-1,$-0,$-0,$0,$0,$-1,$23,$2,$0
38,2009-03-31,1.91,$2.23,0.86,$4.59,0.42,$1.41,1.35,$0.02,95.38,$0.11B,$0.04B,2.85,$0.10B,$0.14B,0.75,$0.28B,$0.07B,25.99%,$0.28B,$0.01B,2.89%,$0.28B,$0.01B,2.89%,$0.28B,$0.04B,14.44%,$0.28B,$-0.01B,-1.81%,$0.28B,$-0.01B,-2.17%,$-0.01B,$0.14B,-4.74%,$-0.01B,$0.13B,-5.02%,$-0.01B,$0.29B,-1.90%,$0.01B,$0.24B,3.28%,$68,$51,$17,$0,$17,$67,$0,$-3,$-3,$-0,$-3,$-3,$-3,$8,$0,$60,60,$-0.05,$-0.05,$20,$61,$0,$107,$173,$0,$7,$7,$186,$294,$38,$103,$13,$119,$157,$0,$45,$-1,$137,$294,$-3,$8,$1,$9,$-6,$8,$-2,$2,$-7,$-1,$-2,$0,$0,$0,$0,$0,$0,$-2,$-0,$0,$-0,$-0,$-0,$0,$0,$-1,$-4,$1,$0
39,2008-12-31,4.12,$2.25,1.83,$5.46,0.75,$1.12,3.67,$0.22,18.49,$0.12B,$0.05B,2.27,$0.10B,$0.14B,0.74,$0.33B,$0.09B,26.44%,$0.33B,$0.02B,6.08%,$0.33B,$0.02B,6.08%,$0.33B,$0.05B,15.81%,$0.33B,$0.01B,1.82%,$0.33B,$0.01B,1.52%,$0.01B,$0.14B,4.24%,$0.01B,$0.13B,4.50%,$0.01B,$0.31B,1.51%,$0.02B,$0.24B,8.24%,$29,$25,$4,$0,$14,$40,$-10,$-4,$-14,$-1,$-14,$-14,$-14,$-2,$-10,$60,60,$-0.23,$-0.23,$23,$69,$0,$116,$176,$0,$7,$8,$191,$307,$51,$102,$12,$118,$169,$0,$46,$-1,$138,$307,$5,$32,$3,$35,$-7,$25,$-4,$-3,$-7,$33,$-8,$0,$0,$0,$0,$0,$-1,$-9,$-1,$0,$-1,$0,$0,$0,$-0,$-1,$23,$2,$0
40,2008-09-30,4.53,$1.95,2.32,$5.48,0.83,$0.28,16.23,$-0.30,0.0,$0.13B,$0.05B,2.97,$0.13B,$0.12B,1.11,$0.33B,$0.08B,23.64%,$0.33B,$-0.00B,-0.61%,$0.33B,$-0.00B,-0.61%,$0.33B,$0.03B,9.09%,$0.33B,$-0.02B,-5.15%,$0.33B,$-0.01B,-3.64%,$-0.01B,$0.12B,-11.21%,$-0.01B,$0.11B,-12.00%,$-0.01B,$0.33B,-3.57%,$-0.00B,$0.25B,-0.84%,$85,$62,$23,$0,$15,$77,$8,$-4,$5,$-0,$5,$5,$5,$16,$8,$60,61,$0.09,$0.09,$43,$49,$0,$133,$181,$0,$7,$8,$196,$329,$45,$132,$17,$165,$209,$0,$51,$-0,$119,$329,$19,$24,$2,$26,$-13,$44,$-9,$-1,$6,$51,$-6,$0,$0,$0,$0,$0,$-1,$-7,$-1,$0,$-1,$0,$0,$0,$-0,$-1,$43,$2,$0
41,2008-06-30,2.93,$1.82,1.61,$5.16,0.57,$-0.55,0.0,$-1.10,0.0,$0.13B,$0.05B,2.45,$0.13B,$0.11B,1.18,$0.31B,$0.05B,14.56%,$0.31B,$-0.07B,-23.30%,$0.31B,$-0.07B,-23.30%,$0.31B,$-0.04B,-13.59%,$0.31B,$-0.09B,-27.83%,$0.31B,$-0.06B,-18.77%,$-0.06B,$0.11B,-52.25%,$-0.06B,$0.11B,-55.77%,$-0.06B,$0.33B,-16.86%,$-0.07B,$0.24B,-30.64%,$95,$67,$28,$0,$18,$85,$10,$-3,$7,$0,$6,$6,$6,$18,$10,$60,60,$0.11,$0.11,$18,$56,$0,$131,$186,$0,$7,$8,$201,$332,$53,$132,$19,$167,$220,$0,$45,$-1,$112,$332,$14,$16,$1,$17,$-29,$36,$-5,$-1,$-7,$24,$-5,$0,$0,$0,$0,$0,$-1,$-6,$-1,$0,$-1,$0,$0,$0,$-0,$-1,$18,$1,$0
42,2008-03-31,1.97,$1.71,1.15,$5.57,0.35,$-0.99,0.0,$-1.19,0.0,$0.15B,$0.09B,1.68,$0.13B,$0.10B,1.29,$0.33B,$0.05B,13.81%,$0.33B,$-0.08B,-22.82%,$0.33B,$-0.08B,-22.82%,$0.33B,$-0.05B,-14.41%,$0.33B,$-0.09B,-26.73%,$0.33B,$-0.06B,-18.32%,$-0.06B,$0.10B,-48.22%,$-0.06B,$0.10B,-50.94%,$-0.06B,$0.36B,-17.40%,$-0.08B,$0.24B,-30.68%,$120,$87,$32,$0,$20,$108,$12,$-4,$8,$0,$8,$8,$8,$20,$12,$60,60,$0.13,$0.13,$0,$66,$0,$150,$191,$0,$7,$9,$206,$356,$89,$133,$15,$164,$253,$0,$37,$-1,$103,$356,$8,$8,$1,$9,$-57,$26,$2,$-0,$-34,$-17,$-3,$0,$0,$0,$0,$0,$-1,$-4,$-0,$22,$21,$-0,$-0,$0,$-0,$21,$0,$0,$0
43,2007-12-31,2.13,$1.56,1.36,$5.52,0.39,$-1.21,0.0,$-1.28,0.0,$0.12B,$0.06B,1.89,$0.13B,$0.09B,1.41,$0.33B,$0.04B,11.85%,$0.33B,$-0.08B,-24.32%,$0.33B,$-0.08B,-24.32%,$0.33B,$-0.06B,-16.72%,$0.33B,$-0.09B,-27.66%,$0.33B,$-0.07B,-19.76%,$-0.07B,$0.09B,-45.30%,$-0.07B,$0.09B,-47.53%,$-0.07B,$0.33B,-18.13%,$-0.08B,$0.23B,-32.72%,$30,$35,$-5,$0,$27,$62,$-32,$-5,$-37,$-7,$-31,$-31,$-31,$-24,$-32,$60,60,$-0.51,$-0.51,$0,$93,$0,$120,$194,$0,$7,$8,$209,$329,$64,$133,$23,$171,$235,$0,$28,$-1,$94,$329,$-65,$25,$-15,$10,$12,$19,$-20,$4,$54,$-1,$-24,$0,$0,$0,$0,$0,$0,$-24,$72,$-44,$28,$-0,$-0,$0,$-4,$25,$-1,$4,$0
44,2007-09-30,2.78,$2.23,1.25,$5.55,0.5,$-1.32,0.0,$-0.82,0.0,$0.14B,$0.09B,1.58,$0.10B,$0.14B,0.73,$0.33B,$0.04B,11.78%,$0.33B,$-0.07B,-20.85%,$0.33B,$-0.07B,-20.85%,$0.33B,$-0.05B,-14.20%,$0.33B,$-0.08B,-22.96%,$0.33B,$-0.05B,-14.50%,$-0.05B,$0.14B,-29.58%,$-0.05B,$0.13B,-30.82%,$-0.05B,$0.36B,-13.18%,$-0.07B,$0.23B,-28.37%,$64,$74,$-10,$0,$52,$126,$-62,$-2,$-64,$-23,$-41,$-41,$-41,$-56,$-62,$60,60,$-0.69,$-0.69,$20,$74,$0,$142,$203,$0,$7,$7,$217,$359,$90,$98,$31,$134,$224,$0,$69,$-0,$135,$359,$-35,$17,$-16,$1,$-9,$38,$-24,$1,$50,$15,$-21,$0,$0,$0,$0,$0,$0,$-21,$73,$-44,$29,$-0,$-0,$0,$-4,$25,$19,$3,$0
45,2007-06-30,4.91,$2.89,1.7,$5.78,0.85,$-1.04,0.0,$-0.05,0.0,$0.14B,$0.05B,3.1,$0.12B,$0.17B,0.69,$0.35B,$0.07B,20.87%,$0.35B,$0.00B,0.29%,$0.35B,$0.00B,0.29%,$0.35B,$0.02B,6.38%,$0.35B,$-0.01B,-1.45%,$0.35B,$-0.00B,-0.58%,$-0.00B,$0.17B,-1.15%,$-0.00B,$0.17B,-1.19%,$-0.00B,$0.36B,-0.57%,$0.00B,$0.30B,0.41%,$119,$90,$29,$0,$23,$112,$6,$-3,$4,$1,$3,$3,$3,$12,$6,$60,60,$0.04,$0.04,$6,$80,$0,$138,$205,$0,$7,$7,$220,$358,$45,$120,$3,$139,$184,$0,$110,$-0,$174,$358,$6,$11,$1,$12,$-24,$32,$-16,$-1,$-8,$10,$-17,$0,$0,$0,$0,$0,$0,$-17,$60,$-44,$16,$-0,$-0,$0,$-3,$13,$5,$2,$0
46,2007-03-31,5.38,$2.83,1.9,$5.83,0.92,$-0.61,0.0,$0.03,215.3,$0.17B,$0.15B,1.18,$0.05B,$0.17B,0.3,$0.35B,$0.08B,22.77%,$0.35B,$0.01B,2.02%,$0.35B,$0.01B,2.02%,$0.35B,$0.03B,7.78%,$0.35B,$0.00B,0.58%,$0.35B,$0.00B,0.58%,$0.00B,$0.17B,1.14%,$0.00B,$0.16B,1.19%,$0.00B,$0.39B,0.59%,$0.01B,$0.22B,3.08%,$116,$91,$25,$0,$17,$108,$8,$-2,$6,$2,$4,$4,$4,$13,$8,$59,60,$0.06,$0.06,$1,$91,$0,$173,$204,$0,$7,$4,$215,$388,$146,$52,$3,$71,$217,$0,$108,$-0,$171,$388,$4,$5,$1,$6,$-53,$21,$-3,$1,$-32,$-23,$-11,$0,$0,$0,$0,$0,$0,$-11,$-0,$34,$34,$-0,$-0,$0,$-0,$34,$0,$1,$0
47,2006-12-31,5.72,$2.84,2.01,$5.66,1.01,$-0.15,0.0,$0.04,163.5,$0.14B,$0.11B,1.26,$0.05B,$0.17B,0.31,$0.34B,$0.08B,23.51%,$0.34B,$0.01B,1.79%,$0.34B,$0.01B,1.79%,$0.34B,$0.03B,7.74%,$0.34B,$0.00B,0.60%,$0.34B,$0.00B,0.60%,$0.00B,$0.17B,1.14%,$0.00B,$0.16B,1.19%,$0.00B,$0.35B,0.63%,$0.01B,$0.22B,2.61%,$32,$37,$-5,$0,$16,$53,$-21,$-1,$-22,$-8,$-14,$-14,$-14,$-16,$-21,$59,60,$-0.23,$-0.23,$1,$111,$0,$143,$199,$0,$7,$3,$209,$352,$114,$52,$0,$69,$183,$0,$107,$-0,$169,$352,$2,$20,$2,$23,$-6,$-55,$25,$2,$-29,$-4,$-28,$0,$0,$0,$-0,$-0,$0,$-28,$-9,$40,$31,$-0,$-0,$0,$0,$31,$-1,$2,$0
