,Date,Stock Price,Book Value per Share,Price to Book Ratio,TTM Sales per Share,Price to Sales Ratio,TTM FCF per Share,Price to FCF Ratio,TTM Net EPS,PE Ratio,Current Assets,Current Liabilities,Current Ratio,Long Term Debt,Shareholder's Equity_x,Debt to Equity Ratio,TTM Revenue_x,TTM Gross Profit,Gross Margin,TTM Revenue_y,TTM Operating Income,Operating Margin,TTM Revenue_x,TTM EBIT,EBIT Margin,TTM Revenue_y,TTM EBITDA,EBITDA Margin,TTM Revenue_x,TTM Pre-Tax Income,Pre-Tax Margin,TTM Revenue_y,TTM Net Income_x,Net Margin,TTM Net Income_y,Shareholder's Equity_y,Return on Equity,TTM Net Income_x,Tangible Equity,Return on Tangible Equity,TTM Net Income_y,Total Assets,Return on Assets,TTM Net Income,LT Investments & Debt,Return on Investment,revenue,cost-goods-sold,gross-profit,research-development-expenses,selling-general-administrative-expenses,operating-expenses,operating-income,total-non-operating-income-expense,pre-tax-income,total-provision-income-taxes,income-after-taxes,income-from-continuous-operations,net-income,ebitda,ebit,basic-shares-outstanding,shares-outstanding,eps-basic-net-earnings-per-share,eps-earnings-per-share-diluted,cash-on-hand,inventory,other-current-assets,total-current-assets,net-property-plant-equipment,long-term-investments,goodwill-intangible-assets-total,other-long-term-assets,total-long-term-assets,total-assets,total-current-liabilities,long-term-debt,other-non-current-liabilities,total-long-term-liabilities,total-liabilities,common-stock-net,retained-earnings-accumulated-deficit,comprehensive-income,total-share-holder-equity,total-liabilities-share-holders-equity,net-income-loss,total-depreciation-amortization-cash-flow,other-non-cash-items,total-non-cash-items,change-in-accounts-receivable,change-in-inventories,change-in-accounts-payable,change-in-assets-liabilities,total-change-in-assets-liabilities,cash-flow-from-operating-activities,net-change-in-property-plant-equipment,net-change-in-intangible-assets,net-acquisitions-divestitures,net-change-in-short-term-investments,net-change-in-long-term-investments,net-change-in-investments-total,investing-activities-other,cash-flow-from-investing-activities,net-long-term-debt,net-current-debt,debt-issuance-retirement-net-total,net-common-equity-issued-repurchased,net-total-equity-issued-repurchased,total-common-preferred-stock-dividends-paid,financial-activities-other,cash-flow-from-financial-activities,net-cash-flow,stock-based-compensation,common-stock-dividends-paid
0,2018-09-30,56.31,$32.75,1.72,$48.45,1.16,$-10.55,0.0,$1.13,49.83,$1.73B,$2.56B,0.68,$5.68B,$7.27B,0.78,$10.59B,$2.19B,20.70%,$10.59B,$0.43B,4.07%,$10.59B,$0.43B,4.07%,$10.59B,$1.26B,11.87%,$10.59B,$0.22B,2.09%,$10.59B,$0.27B,2.57%,$0.27B,$7.51B,3.73%,$0.27B,$5.22B,5.51%,$0.27B,$16.57B,1.77%,$0.43B,$13.19B,3.45%,$2986,$2384,$603,$0,$258,$2910,$77,$-92,$-15,$-4,$-11,$-11,$-54,$286,$77,$227,227,$-0.24,$-0.24,$203,$178,$308,$1726,$12081,$442,$2286,$34,$14843,$16569,$2556,$5679,$338,$6505,$9061,$0,$-24,$-126,$7508,$16569,$149,$615,$63,$678,$-225,$-17,$330,$0,$88,$915,$-2034,$0,$0,$0,$-222,$-222,$62,$-2193,$920,$0,$920,$573,$573,$-677,$528,$1344,$66,$41,$-677
1,2018-06-30,48.62,$33.18,1.47,$45.15,1.08,$-7.16,0.0,$0.46,105.7,$1.43B,$1.95B,0.73,$5.39B,$7.25B,0.74,$9.74B,$2.06B,21.14%,$9.74B,$0.03B,0.31%,$9.74B,$0.03B,0.31%,$9.74B,$0.86B,8.81%,$9.74B,$-0.02B,-0.17%,$9.74B,$0.13B,1.33%,$0.13B,$7.48B,1.82%,$0.13B,$5.15B,2.75%,$0.13B,$15.60B,0.88%,$0.03B,$12.87B,0.25%,$2444,$1905,$539,$0,$228,$2289,$155,$-2,$154,$33,$121,$121,$79,$361,$155,$221,223,$0.36,$0.35,$282,$181,$101,$1432,$11421,$364,$2331,$49,$14165,$15596,$1953,$5393,$250,$6162,$8115,$0,$60,$-38,$7481,$15596,$160,$406,$-38,$369,$-9,$9,$15,$0,$15,$544,$-1163,$0,$0,$0,$-141,$-141,$66,$-1237,$525,$0,$525,$372,$372,$-445,$386,$838,$144,$27,$-445
2,2018-03-31,42.41,$32.85,1.29,$43.29,0.98,$-4.69,0.0,$0.25,169.63,$1.16B,$1.38B,0.84,$5.06B,$6.96B,0.73,$9.16B,$1.97B,21.47%,$9.16B,$-0.09B,-0.96%,$9.16B,$-0.09B,-0.96%,$9.16B,$0.74B,8.08%,$9.16B,$-0.21B,-2.25%,$9.16B,$0.08B,0.85%,$0.08B,$7.19B,1.11%,$0.08B,$4.81B,1.71%,$0.08B,$14.75B,0.55%,$-0.09B,$12.25B,-0.76%,$2456,$1941,$515,$0,$230,$2369,$86,$-39,$48,$9,$39,$39,$-7,$287,$86,$219,219,$-0.03,$-0.03,$220,$97,$98,$1160,$10842,$313,$2377,$61,$13593,$14753,$1384,$5064,$607,$6181,$7565,$0,$-49,$34,$7188,$14753,$39,$201,$39,$240,$105,$110,$-139,$0,$75,$354,$-596,$0,$0,$0,$-87,$-87,$5,$-677,$310,$0,$310,$58,$58,$-223,$260,$406,$83,$13,$-223
3,2017-12-31,45.8,$32.05,1.43,$43.08,1.06,$-2.68,0.0,$-0.49,0.0,$1.27B,$1.62B,0.79,$4.70B,$6.76B,0.7,$8.82B,$1.91B,21.65%,$8.82B,$-0.12B,-1.40%,$8.82B,$-0.12B,-1.40%,$8.82B,$0.70B,7.92%,$8.82B,$-0.29B,-3.32%,$8.82B,$-0.06B,-0.71%,$-0.06B,$6.97B,-0.93%,$-0.06B,$4.55B,-1.46%,$-0.06B,$14.39B,-0.45%,$-0.12B,$11.68B,-1.11%,$2703,$2168,$535,$0,$214,$2589,$114,$-79,$34,$-265,$299,$299,$254,$323,$114,$207,207,$1.23,$1.23,$137,$205,$101,$1270,$10430,$222,$2422,$45,$13119,$14389,$1617,$4703,$618,$5800,$7416,$0,$-77,$-30,$6973,$14389,$104,$821,$44,$865,$-57,$-73,$100,$0,$-30,$940,$-1298,$0,$-571,$0,$-9,$-9,$-15,$-1893,$157,$0,$157,$1657,$1657,$-843,$46,$1017,$64,$42,$-843
4,2017-09-30,43.78,$31.33,1.4,$43.05,1.02,$0.83,52.58,$-2.66,0.0,$1.20B,$1.63B,0.74,$4.37B,$6.55B,0.67,$8.13B,$1.84B,22.68%,$8.13B,$-0.33B,-4.11%,$8.13B,$-0.33B,-4.11%,$8.13B,$0.68B,8.38%,$8.13B,$-0.56B,-6.94%,$8.13B,$-0.50B,-6.12%,$-0.50B,$6.76B,-7.59%,$-0.50B,$4.28B,-11.90%,$-0.50B,$14.00B,-3.65%,$-0.33B,$11.12B,-3.09%,$2132,$1663,$469,$0,$205,$2455,$-324,$71,$-253,$-97,$-155,$-155,$-197,$-113,$-324,$216,216,$-0.91,$-0.91,$114,$267,$104,$1201,$10069,$222,$2471,$35,$12798,$13998,$1633,$4369,$513,$5610,$7243,$0,$-361,$-44,$6755,$13998,$-195,$612,$228,$840,$68,$-136,$-44,$0,$-113,$532,$-867,$0,$-571,$0,$-5,$-5,$-15,$-1458,$-5,$0,$-5,$1570,$1570,$-624,$24,$966,$41,$32,$-624
5,2017-06-30,41.04,$33.11,1.24,$43.00,0.95,$3.19,12.85,$-1.98,0.0,$0.92B,$1.40B,0.66,$3.94B,$6.94B,0.57,$7.65B,$1.80B,23.59%,$7.65B,$0.04B,0.55%,$7.65B,$0.04B,0.55%,$7.65B,$1.01B,13.21%,$7.65B,$-0.32B,-4.22%,$7.65B,$-0.34B,-4.43%,$-0.34B,$7.14B,-5.32%,$-0.34B,$4.62B,-8.27%,$-0.34B,$13.92B,-2.53%,$0.04B,$11.08B,0.39%,$1868,$1421,$447,$0,$206,$1831,$37,$-73,$-35,$-106,$71,$71,$28,$244,$37,$204,205,$0.14,$0.14,$99,$198,$66,$915,$10227,$218,$2521,$37,$13004,$13918,$1396,$3938,$594,$5384,$6780,$0,$-193,$22,$7139,$13918,$-40,$401,$56,$457,$304,$-69,$-187,$0,$48,$465,$-528,$0,$-571,$0,$3,$3,$-13,$-1109,$-463,$0,$-463,$1573,$1573,$-403,$-38,$669,$25,$22,$-403
6,2017-03-31,53.5,$32.38,1.65,$43.68,1.22,$4.43,12.08,$-2.45,0.0,$0.81B,$1.42B,0.57,$4.21B,$6.17B,0.68,$7.36B,$1.80B,24.38%,$7.36B,$0.07B,0.96%,$7.36B,$0.07B,0.96%,$7.36B,$1.02B,13.90%,$7.36B,$-0.30B,-4.09%,$7.36B,$-0.42B,-5.70%,$-0.42B,$6.37B,-6.90%,$-0.42B,$3.76B,-10.71%,$-0.42B,$13.65B,-3.20%,$0.07B,$10.58B,0.67%,$2113,$1654,$458,$0,$201,$2062,$51,$-90,$-39,$71,$-111,$-111,$-148,$245,$51,$192,192,$-0.77,$-0.77,$80,$76,$48,$812,$9963,$227,$2608,$44,$12842,$13654,$1424,$4213,$697,$5862,$7286,$0,$-251,$7,$6368,$13654,$-111,$194,$137,$331,$241,$54,$-197,$0,$98,$319,$-144,$0,$-481,$0,$-1,$-1,$0,$-626,$-140,$0,$-140,$664,$664,$-200,$-11,$313,$7,$11,$-200
7,2016-12-31,49.3,$32.02,1.54,$46.20,1.07,$4.00,12.33,$-1.74,0.0,$1.01B,$1.17B,0.86,$4.61B,$5.72B,0.81,$6.69B,$1.77B,26.42%,$6.69B,$0.06B,0.84%,$6.69B,$0.06B,0.84%,$6.69B,$1.04B,15.47%,$6.69B,$-0.26B,-3.89%,$6.69B,$-0.28B,-4.17%,$-0.28B,$5.92B,-4.64%,$-0.28B,$4.05B,-7.05%,$-0.28B,$12.87B,-2.15%,$0.06B,$10.52B,0.52%,$2013,$1544,$469,$0,$189,$2110,$-98,$-140,$-237,$-97,$-141,$-141,$-180,$306,$-98,$154,154,$-1.18,$-1.18,$74,$138,$53,$1007,$9691,$241,$1864,$69,$11864,$12871,$1168,$4606,$241,$5788,$6956,$0,$-187,$-38,$5915,$12871,$-159,$980,$92,$1072,$-236,$-16,$176,$0,$-76,$837,$-562,$0,$0,$0,$-0,$-0,$4,$-559,$-1105,$0,$-1105,$574,$1568,$-566,$-243,$-346,$-67,$30,$-566
8,2016-09-30,42.3,$35.00,1.21,$63.90,0.66,$6.27,6.74,$-0.14,0.0,$0.98B,$0.95B,1.03,$4.73B,$5.88B,0.8,$6.33B,$1.76B,27.81%,$6.33B,$-0.05B,-0.84%,$6.33B,$-0.05B,-0.84%,$6.33B,$1.01B,16.02%,$6.33B,$-0.27B,-4.25%,$6.33B,$-0.07B,-1.14%,$-0.07B,$6.06B,-1.18%,$-0.07B,$3.98B,-1.82%,$-0.07B,$13.06B,-0.55%,$-0.05B,$10.79B,-0.48%,$1652,$1223,$430,$0,$189,$1601,$52,$-64,$-12,$-9,$-3,$-3,$-39,$216,$52,$168,168,$-0.23,$-0.23,$141,$150,$59,$977,$9680,$247,$2086,$66,$12079,$13056,$949,$4726,$177,$6044,$6993,$0,$-37,$-3,$6063,$13056,$-18,$576,$36,$612,$-94,$-28,$89,$0,$-33,$561,$-425,$0,$0,$0,$-1,$-1,$4,$-422,$-974,$0,$-974,$398,$1392,$-378,$-178,$-138,$1,$22,$-378
9,2016-06-30,35.43,$36.29,0.98,$83.16,0.43,$6.72,5.28,$0.32,110.72,$0.86B,$0.94B,0.91,$4.78B,$5.84B,0.82,$6.31B,$1.80B,28.52%,$6.31B,$0.01B,0.16%,$6.31B,$0.01B,0.16%,$6.31B,$1.08B,17.16%,$6.31B,$-0.21B,-3.36%,$6.31B,$-0.02B,-0.32%,$-0.02B,$6.02B,-0.32%,$-0.02B,$3.90B,-0.50%,$-0.02B,$13.00B,-0.15%,$0.01B,$10.80B,0.09%,$1584,$1145,$438,$0,$186,$1517,$66,$-79,$-13,$2,$-15,$-15,$-53,$256,$66,$162,162,$-0.33,$-0.33,$171,$111,$85,$857,$9703,$250,$2119,$72,$12143,$13000,$938,$4778,$184,$6046,$6983,$0,$-26,$-6,$6017,$13000,$-15,$412,$-0,$411,$20,$12,$29,$0,$61,$458,$-308,$0,$0,$0,$4,$4,$-1,$-305,$-919,$0,$-919,$181,$1175,$-201,$-177,$-122,$31,$15,$-201
10,2016-03-31,24.55,$37.70,0.65,$103.65,0.24,$6.65,3.7,$0.92,26.69,$0.72B,$0.69B,1.03,$4.92B,$5.88B,0.84,$6.42B,$1.83B,28.52%,$6.42B,$0.06B,0.87%,$6.42B,$0.06B,0.87%,$6.42B,$1.11B,17.23%,$6.42B,$-0.16B,-2.49%,$6.42B,$0.05B,0.75%,$0.05B,$6.05B,0.76%,$0.05B,$3.90B,1.18%,$0.05B,$12.95B,0.36%,$0.06B,$10.98B,0.47%,$1442,$1011,$431,$0,$177,$1407,$36,$-33,$2,$3,$-1,$-1,$-7,$257,$36,$107,107,$-0.06,$-0.06,$115,$62,$111,$716,$9735,$255,$2158,$86,$12233,$12949,$693,$4921,$164,$6202,$6895,$0,$-3,$43,$6054,$12949,$-1,$222,$-21,$201,$95,$62,$-116,$0,$41,$241,$-190,$0,$0,$0,$3,$3,$-1,$-188,$-845,$0,$-845,$-0,$994,$-51,$-177,$-79,$-26,$8,$-51
11,2015-12-31,21.39,$111.57,0.19,$126.71,0.17,$7.99,2.68,$1.05,20.37,$0.92B,$0.88B,1.05,$5.72B,$6.25B,0.92,$6.66B,$1.82B,27.35%,$6.66B,$0.16B,2.37%,$6.66B,$0.16B,2.37%,$6.66B,$1.11B,16.66%,$6.66B,$-0.11B,-1.67%,$6.66B,$0.06B,0.87%,$0.06B,$6.25B,0.90%,$0.06B,$4.02B,1.39%,$0.06B,$13.21B,0.43%,$0.16B,$11.97B,1.29%,$1647,$1188,$460,$0,$155,$1854,$-207,$-40,$-246,$-14,$-232,$-232,$27,$284,$-207,$54,54,$0.52,$0.52,$140,$141,$110,$920,$9703,$259,$2227,$102,$12291,$13211,$875,$5719,$189,$6086,$6961,$0,$27,$6,$6250,$13211,$-151,$950,$145,$1095,$236,$41,$-186,$0,$91,$1035,$-817,$0,$-1574,$0,$-11,$-11,$3,$-2400,$1324,$0,$1324,$772,$772,$-179,$-492,$1424,$59,$25,$-179
12,2015-09-30,40.05,$113.89,0.35,$144.27,0.28,$3.92,10.22,$1.18,33.94,$1.00B,$0.86B,1.16,$5.94B,$6.38B,0.93,$7.04B,$1.81B,25.74%,$7.04B,$0.53B,7.50%,$7.04B,$0.53B,7.50%,$7.04B,$1.09B,15.46%,$7.04B,$0.24B,3.44%,$7.04B,$0.06B,0.81%,$0.06B,$6.38B,1.04%,$0.06B,$4.13B,1.56%,$0.06B,$13.42B,0.49%,$0.53B,$12.32B,4.97%,$1632,$1163,$469,$0,$188,$1517,$115,$-71,$45,$24,$21,$21,$13,$285,$115,$56,56,$0.23,$0.23,$103,$151,$126,$1001,$9750,$264,$2247,$156,$12417,$13418,$862,$5939,$81,$6176,$7038,$0,$13,$5,$6380,$13418,$81,$460,$143,$602,$122,$31,$-140,$0,$13,$696,$-625,$0,$-1574,$0,$-6,$-6,$-3,$-2208,$1414,$0,$1414,$646,$646,$-128,$-398,$1535,$22,$19,$-128
13,2015-06-30,68.69,$115.87,0.59,$169.53,0.41,$1.42,48.37,$1.68,40.89,$0.96B,$0.85B,1.14,$5.80B,$6.49B,0.89,$7.70B,$1.75B,22.75%,$7.70B,$0.58B,7.56%,$7.70B,$0.58B,7.56%,$7.70B,$1.06B,13.81%,$7.70B,$0.33B,4.32%,$7.70B,$0.08B,0.97%,$0.08B,$6.49B,1.67%,$0.08B,$4.20B,2.45%,$0.08B,$13.35B,0.75%,$0.58B,$12.29B,6.53%,$1699,$1228,$471,$0,$195,$1587,$112,$-74,$39,$15,$24,$24,$15,$280,$112,$56,56,$0.27,$0.27,$106,$125,$131,$964,$9684,$258,$2294,$154,$12389,$13353,$847,$5796,$84,$6014,$6861,$0,$15,$4,$6492,$13353,$60,$290,$84,$374,$132,$58,$-139,$0,$51,$484,$-436,$0,$-1574,$0,$0,$0,$-1,$-2012,$1261,$0,$1261,$628,$628,$-300,$-37,$1552,$25,$12,$-79
14,2015-03-31,73.17,$117.71,0.62,$186.76,0.39,$0.68,107.44,$2.04,35.87,$1.07B,$0.98B,1.09,$5.84B,$6.59B,0.89,$8.00B,$1.67B,20.81%,$8.00B,$0.62B,7.75%,$8.00B,$0.62B,7.75%,$8.00B,$1.02B,12.77%,$8.00B,$0.41B,5.16%,$8.00B,$0.09B,1.07%,$0.09B,$6.59B,2.51%,$0.09B,$4.36B,3.56%,$0.09B,$13.63B,1.05%,$0.62B,$12.43B,8.66%,$1680,$1259,$421,$0,$164,$1542,$138,$-87,$51,$15,$36,$36,$3,$260,$138,$46,46,$0.07,$0.07,$171,$78,$143,$1068,$9833,$323,$2231,$171,$12558,$13625,$983,$5838,$82,$6048,$7031,$0,$3,$5,$6594,$13625,$36,$122,$30,$152,$91,$102,$-109,$0,$84,$271,$-188,$0,$-1574,$0,$1,$1,$-8,$-1769,$1386,$0,$1386,$362,$362,$-32,$-127,$1589,$91,$6,$-32
15,2014-12-31,80.28,$60.26,1.33,$204.67,0.39,$1.73,46.36,$2.44,32.9,$0.88B,$0.83B,1.07,$2.89B,$2.54B,1.14,$8.62B,$1.62B,18.85%,$8.62B,$0.64B,7.43%,$8.62B,$0.64B,7.43%,$8.62B,$1.00B,11.65%,$8.62B,$0.49B,5.70%,$8.62B,$0.10B,1.20%,$0.10B,$2.54B,4.41%,$0.10B,$1.95B,6.00%,$0.10B,$6.45B,1.63%,$0.64B,$5.43B,12.02%,$2033,$1581,$452,$0,$189,$1870,$163,$-56,$107,$15,$93,$93,$26,$264,$163,$42,42,$0.61,$0.60,$81,$169,$65,$883,$4825,$50,$592,$104,$5571,$6453,$827,$2885,$63,$3087,$3914,$0,$26,$5,$2540,$6453,$423,$363,$27,$390,$90,$-36,$-105,$0,$-51,$762,$-762,$0,$0,$0,$6,$6,$5,$-751,$66,$0,$66,$405,$405,$-113,$-355,$4,$14,$14,$0
16,2014-09-30,102.48,$55.76,1.84,$204.11,0.5,$-13.24,0.0,$2.31,44.36,$1.05B,$0.80B,1.31,$3.14B,$2.35B,1.34,$8.59B,$1.53B,17.77%,$8.59B,$0.62B,7.24%,$8.59B,$0.62B,7.24%,$8.59B,$0.96B,11.20%,$8.59B,$0.50B,5.78%,$8.59B,$0.10B,1.13%,$0.10B,$2.35B,4.37%,$0.10B,$1.74B,6.10%,$0.10B,$6.49B,1.56%,$0.62B,$5.49B,11.88%,$2288,$1881,$408,$0,$156,$2120,$169,$-33,$136,$16,$120,$120,$31,$259,$169,$42,42,$0.73,$0.73,$79,$251,$25,$1053,$4694,$52,$607,$86,$5439,$6492,$803,$3137,$67,$3339,$4142,$0,$31,$0,$2350,$6492,$331,$262,$5,$268,$-41,$-118,$80,$0,$-79,$519,$-572,$0,$0,$0,$4,$4,$6,$-561,$146,$0,$146,$253,$253,$-82,$-262,$54,$12,$11,$-82
17,2014-06-30,104.51,$53.20,1.96,$184.57,0.57,$-22.69,0.0,$1.97,53.05,$0.94B,$0.82B,1.15,$3.05B,$2.24B,1.36,$7.77B,$1.42B,18.22%,$7.77B,$0.54B,6.97%,$7.77B,$0.54B,6.97%,$7.77B,$0.87B,11.13%,$7.77B,$0.42B,5.44%,$7.77B,$0.08B,1.06%,$0.08B,$2.24B,3.86%,$0.08B,$1.62B,5.53%,$0.08B,$6.33B,1.36%,$0.54B,$5.29B,10.68%,$2001,$1617,$384,$0,$148,$1850,$150,$-32,$119,$16,$103,$103,$26,$239,$150,$42,42,$0.63,$0.63,$76,$152,$25,$939,$4624,$52,$623,$90,$5389,$6328,$819,$3048,$76,$3267,$4085,$0,$27,$-1,$2243,$6328,$210,$172,$5,$178,$-32,$-18,$86,$0,$37,$425,$-420,$0,$0,$0,$4,$4,$2,$-414,$58,$0,$58,$164,$164,$-53,$-170,$-2,$9,$8,$-53
18,2014-03-31,73.88,$52.16,1.42,$171.30,0.43,$-29.50,0.0,$1.70,43.46,$0.81B,$0.76B,1.07,$2.89B,$2.20B,1.32,$7.21B,$1.30B,17.98%,$7.21B,$0.45B,6.28%,$7.21B,$0.45B,6.28%,$7.21B,$0.76B,10.50%,$7.21B,$0.34B,4.65%,$7.21B,$0.07B,0.98%,$0.07B,$2.20B,3.49%,$0.07B,$1.56B,5.14%,$0.07B,$6.06B,1.22%,$0.45B,$5.09B,9.23%,$2295,$1915,$380,$0,$142,$2136,$158,$-29,$129,$23,$107,$107,$20,$242,$158,$42,42,$0.47,$0.47,$95,$89,$12,$810,$4464,$54,$638,$89,$5245,$6055,$758,$2892,$67,$3098,$3856,$0,$20,$-1,$2199,$6055,$107,$83,$3,$86,$57,$61,$8,$0,$126,$319,$-198,$0,$0,$0,$2,$2,$2,$-194,$-98,$0,$-98,$110,$110,$-26,$-83,$-97,$28,$4,$-26
19,2013-12-31,65.18,$49.60,1.31,$150.07,0.43,$-33.06,0.0,$1.55,42.05,$0.90B,$0.77B,1.17,$2.99B,$2.09B,1.43,$6.32B,$1.18B,18.64%,$6.32B,$0.37B,5.84%,$6.32B,$0.37B,5.84%,$6.32B,$0.66B,10.40%,$6.32B,$0.25B,3.94%,$6.32B,$0.06B,1.01%,$0.06B,$2.09B,3.30%,$0.06B,$1.44B,5.02%,$0.06B,$6.05B,1.15%,$0.37B,$5.08B,7.83%,$2009,$1654,$355,$0,$136,$1864,$145,$-32,$113,$18,$96,$96,$20,$222,$145,$42,42,$0.49,$0.48,$67,$151,$21,$897,$4350,$56,$653,$92,$5151,$6049,$770,$2989,$62,$3187,$3957,$0,$21,$-1,$2091,$6049,$201,$288,$38,$326,$-144,$-85,$84,$0,$-145,$383,$-1014,$0,$0,$0,$0,$0,$-13,$-1026,$499,$0,$499,$511,$511,$-88,$-288,$634,$-10,$13,$0
20,2013-09-30,53.55,$46.65,1.15,$133.94,0.4,$-21.77,0.0,$1.34,39.96,$0.81B,$0.69B,1.18,$2.87B,$1.98B,1.45,$5.63B,$1.08B,19.23%,$5.63B,$0.31B,5.51%,$5.63B,$0.31B,5.51%,$5.63B,$0.58B,10.27%,$5.63B,$0.18B,3.13%,$5.63B,$0.06B,0.98%,$0.06B,$1.98B,2.97%,$0.06B,$1.31B,4.65%,$0.06B,$5.73B,1.03%,$0.31B,$4.84B,6.89%,$1466,$1169,$297,$0,$135,$1378,$89,$-26,$62,$13,$49,$49,$16,$162,$89,$42,42,$0.39,$0.39,$84,$202,$25,$809,$4109,$51,$660,$95,$4916,$5725,$687,$2868,$60,$3064,$3751,$0,$13,$0,$1975,$5725,$106,$211,$38,$249,$20,$-110,$13,$0,$-77,$277,$-727,$0,$0,$0,$2,$2,$-31,$-757,$378,$0,$378,$380,$380,$-62,$-209,$487,$7,$10,$-62
21,2013-06-30,46.85,$44.44,1.05,$132.37,0.35,$-12.87,0.0,$1.16,40.39,$0.70B,$0.61B,1.15,$2.73B,$1.88B,1.45,$5.56B,$1.03B,18.47%,$5.56B,$0.28B,5.04%,$5.56B,$0.28B,5.04%,$5.56B,$0.53B,9.52%,$5.56B,$0.14B,2.50%,$5.56B,$0.05B,0.86%,$0.05B,$1.88B,2.80%,$0.05B,$1.21B,3.96%,$0.05B,$5.41B,0.98%,$0.28B,$4.61B,6.85%,$1442,$1176,$265,$0,$135,$1381,$61,$-30,$31,$8,$23,$23,$15,$131,$61,$42,42,$0.36,$0.36,$83,$138,$41,$698,$3883,$58,$667,$101,$4709,$5407,$609,$2728,$64,$2917,$3526,$0,$-4,$2,$1881,$5407,$56,$138,$16,$154,$78,$-50,$-57,$0,$-29,$182,$-463,$0,$0,$0,$0,$0,$-11,$-474,$245,$0,$245,$231,$231,$-40,$-138,$299,$7,$7,$-40
22,2013-03-31,49.12,$42.60,1.15,$129.61,0.38,$-7.00,0.0,$1.00,49.12,$0.63B,$0.63B,1.0,$2.52B,$1.80B,1.4,$5.43B,$1.01B,18.52%,$5.43B,$0.30B,5.56%,$5.43B,$0.30B,5.56%,$5.43B,$0.53B,9.83%,$5.43B,$0.16B,2.95%,$5.43B,$0.04B,0.77%,$0.04B,$1.80B,2.59%,$0.04B,$1.13B,3.27%,$0.04B,$5.15B,0.94%,$0.30B,$4.33B,8.13%,$1398,$1138,$260,$0,$122,$1324,$74,$-31,$43,$9,$34,$34,$13,$142,$74,$42,42,$0.32,$0.32,$113,$66,$25,$631,$3692,$55,$674,$96,$4517,$5149,$633,$2522,$63,$2712,$3345,$0,$-19,$0,$1803,$5149,$34,$68,$3,$71,$95,$34,$-41,$0,$88,$193,$-222,$0,$0,$0,$0,$0,$-5,$-226,$46,$0,$46,$107,$107,$-19,$-65,$70,$36,$4,$-19
23,2012-12-31,37.9,$41.46,0.91,$135.71,0.28,$-5.46,0.0,$0.91,41.65,$0.73B,$0.69B,1.07,$2.48B,$1.75B,1.41,$5.68B,$1.01B,17.75%,$5.68B,$0.34B,5.92%,$5.68B,$0.34B,5.92%,$5.68B,$0.55B,9.72%,$5.68B,$0.20B,3.45%,$5.68B,$0.04B,0.69%,$0.04B,$1.75B,2.54%,$0.04B,$1.07B,2.85%,$0.04B,$5.11B,0.95%,$0.34B,$4.23B,9.98%,$1321,$1061,$260,$0,$119,$1234,$86,$-47,$40,$12,$28,$28,$11,$143,$86,$41,42,$0.28,$0.26,$76,$99,$43,$733,$3538,$53,$681,$100,$4372,$5105,$687,$2475,$59,$2665,$3352,$0,$-32,$1,$1753,$5105,$159,$216,$63,$278,$98,$6,$-113,$0,$-9,$428,$-583,$0,$-996,$0,$-16,$-16,$5,$-1591,$898,$0,$898,$505,$505,$-62,$-247,$1093,$-70,$18,$-62
24,2012-09-30,35.81,$33.59,1.07,$150.83,0.24,$-0.61,0.0,$0.84,42.63,$0.67B,$0.53B,1.27,$1.75B,$1.43B,1.23,$6.29B,$1.01B,16.00%,$6.29B,$0.36B,5.69%,$6.29B,$0.36B,5.69%,$6.29B,$0.57B,9.06%,$6.29B,$0.24B,3.80%,$6.29B,$0.04B,0.59%,$0.04B,$1.43B,2.58%,$0.04B,$1.43B,2.58%,$0.04B,$3.88B,0.97%,$0.36B,$3.18B,11.81%,$1394,$1153,$241,$0,$114,$1335,$59,$-34,$25,$6,$19,$19,$9,$113,$59,$41,42,$0.21,$0.21,$121,$84,$45,$666,$3061,$51,$0,$103,$3215,$3882,$526,$1751,$61,$1928,$2454,$0,$-43,$2,$1427,$3882,$132,$159,$38,$197,$163,$5,$-206,$0,$-38,$290,$-365,$0,$-26,$0,$-15,$-15,$2,$-404,$182,$0,$182,$121,$121,$-45,$-169,$89,$-25,$13,$-45
25,2012-06-30,30.11,$35.54,0.85,$158.86,0.19,$-0.02,0.0,$0.75,40.15,$0.65B,$0.49B,1.33,$1.61B,$1.51B,1.07,$6.61B,$0.99B,15.03%,$6.61B,$0.37B,5.60%,$6.61B,$0.37B,5.60%,$6.61B,$0.58B,8.69%,$6.61B,$0.26B,3.90%,$6.61B,$0.03B,0.50%,$0.03B,$1.51B,2.34%,$0.03B,$1.51B,2.34%,$0.03B,$3.78B,0.87%,$0.37B,$3.12B,12.45%,$1319,$1075,$245,$0,$113,$1236,$83,$-31,$52,$9,$44,$44,$9,$136,$83,$41,42,$0.21,$0.21,$118,$90,$74,$650,$2965,$50,$0,$116,$3131,$3781,$488,$1610,$67,$1784,$2272,$0,$-52,$6,$1508,$3781,$113,$105,$15,$120,$204,$-0,$-232,$0,$-28,$204,$-239,$0,$0,$0,$-13,$-13,$1,$-251,$42,$0,$42,$115,$115,$-29,$-110,$19,$-28,$9,$-29
26,2012-03-31,31.8,$34.53,0.92,$169.13,0.19,$2.82,11.29,$0.80,39.75,$0.68B,$0.57B,1.19,$1.47B,$1.47B,1.0,$7.02B,$1.00B,14.24%,$7.02B,$0.39B,5.50%,$7.02B,$0.39B,5.50%,$7.02B,$0.59B,8.36%,$7.02B,$0.28B,3.92%,$7.02B,$0.04B,0.50%,$0.04B,$1.47B,2.58%,$0.04B,$1.47B,2.58%,$0.04B,$3.70B,0.94%,$0.39B,$2.94B,13.62%,$1646,$1384,$262,$0,$107,$1538,$108,$-28,$79,$10,$69,$69,$10,$160,$108,$41,42,$0.23,$0.23,$121,$46,$47,$676,$2872,$43,$0,$108,$3022,$3698,$569,$1470,$76,$1664,$2233,$0,$-61,$0,$1465,$3698,$69,$52,$8,$60,$120,$44,$-154,$0,$10,$139,$-103,$0,$0,$0,$-6,$-6,$1,$-108,$-98,$0,$-98,$115,$115,$-14,$-59,$-55,$-25,$5,$-14
27,2011-12-31,28.24,$31.39,0.9,$168.94,0.17,$2.28,12.4,$0.94,30.04,$0.87B,$0.74B,1.17,$1.57B,$1.33B,1.18,$7.00B,$0.96B,13.65%,$7.00B,$0.35B,5.03%,$7.00B,$0.35B,5.03%,$7.00B,$0.55B,7.81%,$7.00B,$0.24B,3.47%,$7.00B,$0.03B,0.46%,$0.03B,$1.33B,2.44%,$0.03B,$1.33B,2.44%,$0.03B,$3.83B,0.89%,$0.35B,$2.90B,12.85%,$1934,$1675,$260,$0,$104,$1826,$108,$-25,$83,$8,$75,$75,$9,$161,$108,$41,41,$0.20,$0.21,$146,$92,$53,$867,$2820,$37,$1,$107,$2965,$3831,$741,$1567,$72,$1759,$2500,$0,$-70,$-1,$1331,$3831,$215,$194,$10,$204,$-101,$-41,$103,$0,$-40,$379,$-332,$0,$-157,$0,$-21,$-21,$0,$-509,$58,$0,$58,$310,$310,$-38,$-242,$87,$-43,$15,$-38
28,2011-09-30,20.45,$31.43,0.65,$237.93,0.09,$6.37,3.21,$0.06,340.89,$0.89B,$0.67B,1.32,$1.60B,$1.33B,1.2,$6.59B,$0.85B,12.87%,$6.59B,$0.29B,4.37%,$6.59B,$0.29B,4.37%,$6.59B,$0.47B,7.13%,$6.59B,$0.19B,2.85%,$6.59B,$0.01B,0.21%,$0.01B,$1.33B,1.13%,$0.01B,$1.33B,1.13%,$0.01B,$3.79B,0.40%,$0.29B,$2.94B,10.84%,$1714,$1486,$228,$0,$112,$1643,$71,$-27,$44,$7,$37,$37,$5,$118,$71,$41,42,$0.12,$0.12,$154,$139,$53,$891,$2617,$0,$0,$283,$2900,$3790,$674,$1603,$63,$1784,$2458,$0,$-79,$0,$1333,$3790,$141,$142,$4,$146,$-75,$-87,$40,$0,$-122,$165,$-214,$0,$-164,$0,$-12,$-12,$0,$-390,$95,$0,$95,$0,$0,$-26,$122,$191,$-34,$11,$-26
