,Date,Stock Price,Book Value per Share,Price to Book Ratio,TTM Sales per Share,Price to Sales Ratio,TTM FCF per Share,Price to FCF Ratio,TTM Net EPS,PE Ratio,Current Assets,Current Liabilities,Current Ratio,Long Term Debt,Shareholder's Equity_x,Debt to Equity Ratio,TTM Revenue_x,TTM Gross Profit,Gross Margin,TTM Revenue_y,TTM Operating Income,Operating Margin,TTM Revenue_x,TTM EBIT,EBIT Margin,TTM Revenue_y,TTM EBITDA,EBITDA Margin,TTM Revenue_x,TTM Pre-Tax Income,Pre-Tax Margin,TTM Revenue_y,TTM Net Income_x,Net Margin,TTM Net Income_y,Shareholder's Equity_y,Return on Equity,TTM Net Income_x,Tangible Equity,Return on Tangible Equity,TTM Net Income_y,Total Assets,Return on Assets,TTM Net Income,LT Investments & Debt,Return on Investment,revenue,cost-goods-sold,gross-profit,research-development-expenses,selling-general-administrative-expenses,operating-expenses,operating-income,total-non-operating-income-expense,pre-tax-income,total-provision-income-taxes,income-after-taxes,income-from-continuous-operations,net-income,ebitda,ebit,basic-shares-outstanding,shares-outstanding,eps-basic-net-earnings-per-share,eps-earnings-per-share-diluted,cash-on-hand,inventory,other-current-assets,total-current-assets,net-property-plant-equipment,long-term-investments,goodwill-intangible-assets-total,other-long-term-assets,total-long-term-assets,total-assets,total-current-liabilities,long-term-debt,other-non-current-liabilities,total-long-term-liabilities,total-liabilities,common-stock-net,retained-earnings-accumulated-deficit,comprehensive-income,total-share-holder-equity,total-liabilities-share-holders-equity,net-income-loss,total-depreciation-amortization-cash-flow,other-non-cash-items,total-non-cash-items,change-in-accounts-receivable,change-in-inventories,change-in-accounts-payable,change-in-assets-liabilities,total-change-in-assets-liabilities,cash-flow-from-operating-activities,net-change-in-property-plant-equipment,net-change-in-intangible-assets,net-acquisitions-divestitures,net-change-in-short-term-investments,net-change-in-long-term-investments,net-change-in-investments-total,investing-activities-other,cash-flow-from-investing-activities,net-long-term-debt,net-current-debt,debt-issuance-retirement-net-total,net-common-equity-issued-repurchased,net-total-equity-issued-repurchased,total-common-preferred-stock-dividends-paid,financial-activities-other,cash-flow-from-financial-activities,net-cash-flow,stock-based-compensation,common-stock-dividends-paid
0,2018-09-30,45.68,$0.00,0.0,$15.97,2.86,$5.55,8.23,$1.21,37.75,$16.44B,$6.71B,2.45,$4.96B,$12.55B,0.4,$11.43B,$3.15B,27.55%,$11.43B,$1.61B,14.07%,$11.43B,$1.61B,14.07%,$11.43B,$3.08B,26.93%,$11.43B,$1.23B,10.74%,$11.43B,$1.12B,9.82%,$1.12B,$12.55B,8.69%,$1.12B,$3.38B,204.00%,$1.12B,$26.75B,4.19%,$1.61B,$17.51B,8.90%,$1292,$985,$307,$0,$0,$1130,$162,$-93,$69,$128,$-59,$-58,$261,$308,$162,$701,701,$0.37,$0.37,$507,$0,$14647,$16444,$459,$0,$9175,$609,$10305,$26749,$6706,$4955,$1114,$7493,$14199,$9311,$6618,$-3906,$12550,$26749,$256,$460,$1419,$1879,$0,$0,$0,$-63,$-63,$2072,$-393,$0,$-410,$0,$0,$0,$19,$-784,$0,$78,$78,$-488,$-488,$-709,$-50,$-1169,$98,$0,$-707
1,2018-06-30,39.99,$17.23,2.32,$15.90,2.51,$4.39,9.11,$1.67,23.95,$16.61B,$7.18B,2.31,$4.94B,$12.16B,0.41,$11.41B,$3.23B,28.28%,$11.41B,$1.74B,15.20%,$11.41B,$1.74B,15.20%,$11.41B,$3.19B,27.96%,$11.41B,$1.30B,11.40%,$11.41B,$1.19B,10.45%,$1.19B,$12.16B,9.11%,$1.19B,$2.97B,-48.68%,$1.19B,$26.98B,4.45%,$1.74B,$17.10B,9.45%,$1311,$964,$347,$0,$0,$1107,$204,$-67,$137,$-3,$140,$142,$625,$361,$204,$709,710,$0.88,$0.88,$879,$0,$14493,$16608,$502,$0,$9192,$626,$10367,$26975,$7176,$4936,$1415,$7636,$14812,$9132,$6375,$-3864,$12163,$26975,$314,$314,$694,$1008,$61,$0,$0,$37,$-100,$1222,$-283,$0,$-274,$0,$0,$0,$18,$-539,$500,$61,$561,$-359,$-359,$-476,$-34,$-308,$363,$0,$-475
2,2018-03-31,38.0,$18.81,2.02,$15.83,2.4,$3.39,11.21,$1.06,35.85,$16.48B,$5.36B,3.08,$5.34B,$13.38B,0.4,$11.38B,$3.26B,28.65%,$11.38B,$1.75B,15.37%,$11.38B,$1.75B,15.37%,$11.38B,$3.21B,28.20%,$11.38B,$1.23B,10.83%,$11.38B,$0.76B,6.67%,$0.76B,$13.38B,5.69%,$0.76B,$4.10B,-14.17%,$0.76B,$26.96B,2.84%,$1.75B,$18.73B,9.23%,$1379,$952,$427,$0,$0,$1111,$268,$-71,$197,$27,$170,$172,$-339,$425,$268,$711,711,$-0.48,$-0.48,$502,$0,$14740,$16478,$528,$0,$9288,$614,$10480,$26958,$5356,$5343,$1541,$8218,$13574,$9541,$6829,$-3502,$13384,$26958,$172,$157,$262,$419,$0,$0,$0,$-172,$-172,$419,$-179,$0,$-135,$0,$0,$0,$0,$-314,$1370,$-1252,$118,$0,$0,$-237,$-11,$-130,$-24,$0,$-236
3,2017-12-31,42.49,$0.00,0.0,$15.72,2.7,$2.40,17.71,$1.95,21.79,$2.98B,$4.80B,0.62,$5.38B,$13.58B,0.4,$11.33B,$3.25B,28.71%,$11.33B,$1.76B,15.49%,$11.33B,$1.76B,15.49%,$11.33B,$3.22B,28.39%,$11.33B,$1.19B,10.50%,$11.33B,$1.40B,12.31%,$1.40B,$13.58B,10.49%,$1.40B,$-8.24B,-16.42%,$1.40B,$26.48B,5.25%,$1.76B,$18.96B,9.17%,$7450,$5381,$2069,$0,$0,$6475,$975,$-150,$825,$-300,$1125,$1127,$576,$1985,$975,$719,720,$0.80,$0.80,$874,$0,$98,$2977,$921,$0,$21815,$688,$23503,$26480,$4796,$5382,$2019,$8109,$12905,$9549,$7201,$-3673,$13575,$26480,$1462,$1463,$-330,$1133,$-2,$0,$0,$-260,$-566,$2029,$-950,$0,$-135,$0,$0,$0,$38,$-1047,$-2112,$1641,$-471,$-1000,$-1000,$-1024,$5,$-2490,$-1499,$0,$-1022
4,2017-09-30,44.37,$18.60,2.39,$9.19,4.83,$3.68,12.07,$4.17,10.64,$3.26B,$5.19B,0.63,$5.38B,$13.24B,0.41,$6.74B,$1.88B,27.84%,$6.74B,$1.07B,15.93%,$6.74B,$1.07B,15.93%,$6.74B,$1.93B,28.68%,$6.74B,$0.64B,9.46%,$6.74B,$3.05B,45.16%,$3.05B,$13.24B,23.04%,$3.05B,$-8.62B,-35.80%,$3.05B,$26.77B,11.30%,$1.07B,$18.62B,5.57%,$1272,$888,$384,$0,$0,$984,$288,$-146,$142,$0,$142,$143,$330,$420,$288,$716,717,$0.46,$0.46,$898,$0,$106,$3258,$903,$0,$21859,$689,$23507,$26765,$5192,$5383,$1965,$8335,$13527,$9536,$6920,$-3712,$13238,$26765,$335,$453,$514,$967,$0,$0,$0,$-28,$-28,$1274,$-392,$0,$-437,$0,$0,$0,$16,$-813,$-1100,$705,$-395,$-808,$-808,$-722,$-20,$-1945,$-1475,$0,$-720
5,2017-06-30,44.44,$18.38,2.42,$11.09,4.01,$4.23,10.51,$4.07,10.92,$3.14B,$3.96B,0.79,$6.33B,$13.13B,0.48,$8.22B,$2.27B,27.67%,$8.22B,$1.17B,14.25%,$8.22B,$1.17B,14.25%,$8.22B,$2.28B,27.78%,$8.22B,$0.77B,9.37%,$8.22B,$2.99B,36.37%,$2.99B,$13.13B,23.23%,$2.99B,$-8.67B,-33.55%,$2.99B,$26.52B,10.93%,$1.17B,$19.46B,6.11%,$1280,$899,$381,$0,$0,$1062,$218,$-149,$69,$15,$54,$47,$192,$380,$218,$720,723,$0.27,$0.27,$771,$0,$86,$3137,$877,$0,$21799,$649,$23380,$26517,$3963,$6326,$2002,$9421,$13384,$9571,$6990,$-3922,$13133,$26517,$192,$321,$172,$493,$3,$0,$0,$9,$-219,$466,$-232,$0,$-378,$0,$0,$0,$15,$-595,$-550,$150,$-400,$-578,$-578,$-484,$-15,$-1477,$-1601,$0,$-483
6,2017-03-31,41.18,$18.33,2.25,$13.00,3.17,$4.94,8.33,$4.25,9.69,$3.26B,$3.96B,0.82,$6.29B,$13.24B,0.48,$9.70B,$2.67B,27.51%,$9.70B,$1.35B,13.95%,$9.70B,$1.35B,13.95%,$9.70B,$2.69B,27.69%,$9.70B,$1.01B,10.39%,$9.70B,$3.13B,32.29%,$3.13B,$13.24B,24.75%,$3.13B,$-8.46B,-33.97%,$3.13B,$26.61B,11.24%,$1.35B,$19.52B,7.09%,$1331,$911,$420,$0,$0,$1057,$274,$-120,$154,$11,$143,$145,$297,$433,$274,$727,729,$0.41,$0.41,$812,$0,$131,$3256,$937,$0,$21691,$667,$23350,$26606,$3961,$6288,$1992,$9410,$13371,$9617,$7284,$-4158,$13235,$26606,$145,$159,$-407,$-248,$0,$0,$0,$-265,$-265,$-368,$-108,$0,$-273,$0,$0,$0,$6,$-375,$-550,$255,$-295,$-284,$-284,$-243,$-4,$-826,$-1567,$0,$-242
7,2016-12-31,41.38,$18.22,2.27,$14.84,2.79,$5.89,7.02,$4.18,9.9,$4.63B,$4.56B,1.02,$6.28B,$13.26B,0.47,$11.17B,$2.93B,26.28%,$11.17B,$1.39B,12.45%,$11.17B,$1.39B,12.45%,$11.17B,$2.94B,26.35%,$11.17B,$1.04B,9.29%,$11.17B,$3.10B,27.74%,$3.10B,$13.26B,24.67%,$3.10B,$-8.28B,-32.53%,$3.10B,$27.85B,10.88%,$1.39B,$19.53B,7.31%,$2860,$2168,$692,$0,$0,$2566,$294,$-21,$273,$1,$272,$274,$2226,$701,$294,$747,749,$2.98,$2.98,$2368,$0,$188,$4634,$961,$0,$21534,$672,$23218,$27852,$4562,$6278,$2598,$10034,$14596,$9589,$7477,$-4293,$13256,$27852,$1056,$1552,$358,$1910,$30,$0,$0,$-169,$18,$2984,$-905,$0,$-107,$0,$0,$0,$3198,$2186,$-5,$-1038,$-1043,$-1673,$-1673,$-1039,$43,$-3712,$1445,$0,$-1037
8,2016-09-30,38.79,$16.10,2.41,$14.70,2.64,$5.52,7.03,$1.68,23.09,$4.70B,$6.55B,0.72,$6.31B,$11.83B,0.53,$11.19B,$3.05B,27.25%,$11.19B,$1.53B,13.66%,$11.19B,$1.53B,13.66%,$11.19B,$3.05B,27.24%,$11.19B,$1.11B,9.93%,$11.19B,$1.28B,11.42%,$1.28B,$11.83B,10.21%,$1.28B,$-10.23B,-12.62%,$1.28B,$28.41B,4.44%,$1.53B,$18.14B,8.00%,$2744,$1964,$780,$0,$0,$2359,$385,$-111,$274,$8,$266,$268,$273,$768,$385,$744,746,$0.37,$0.36,$831,$0,$1799,$4701,$943,$0,$22056,$664,$23712,$28413,$6546,$6307,$2748,$10037,$16583,$9627,$5599,$-3878,$11830,$28413,$782,$1145,$403,$1548,$0,$0,$0,$-344,$-344,$1986,$-658,$0,$-107,$0,$0,$0,$-15,$-780,$-5,$702,$697,$-1232,$-1232,$-786,$22,$-1299,$-96,$0,$-46
9,2016-06-30,37.58,$16.51,2.28,$14.54,2.59,$5.24,7.17,$1.68,22.37,$4.68B,$5.70B,0.82,$6.87B,$12.31B,0.56,$11.20B,$3.06B,27.32%,$11.20B,$1.53B,13.67%,$11.20B,$1.53B,13.67%,$11.20B,$3.06B,27.33%,$11.20B,$1.11B,9.89%,$11.20B,$1.29B,11.48%,$1.29B,$12.31B,9.98%,$1.29B,$-9.94B,-12.52%,$1.29B,$28.61B,4.44%,$1.53B,$19.18B,7.80%,$2769,$1991,$778,$0,$0,$2368,$401,$-94,$307,$2,$305,$304,$337,$785,$401,$752,753,$0.45,$0.45,$686,$0,$1815,$4678,$968,$0,$22248,$669,$23931,$28609,$5702,$6870,$2685,$10594,$16296,$9721,$5938,$-3828,$12313,$28609,$514,$762,$108,$870,$0,$0,$0,$-381,$-381,$1228,$-445,$0,$-110,$0,$0,$0,$-5,$-560,$-5,$304,$299,$-690,$-690,$-527,$13,$-905,$-238,$0,$-526
10,2016-03-31,37.33,$17.06,2.19,$14.41,2.59,$5.08,7.34,$1.56,23.93,$4.84B,$6.22B,0.78,$6.38B,$12.84B,0.5,$11.23B,$2.99B,26.65%,$11.23B,$1.47B,13.13%,$11.23B,$1.47B,13.13%,$11.23B,$3.02B,26.90%,$11.23B,$1.03B,9.20%,$11.23B,$1.21B,10.78%,$1.21B,$12.84B,9.08%,$1.21B,$-9.65B,-11.66%,$1.21B,$29.05B,4.13%,$1.47B,$19.22B,7.34%,$2793,$2109,$684,$0,$0,$2483,$310,$-127,$183,$-26,$209,$210,$262,$688,$310,$761,762,$0.34,$0.34,$869,$0,$1833,$4841,$1019,$0,$22488,$653,$24207,$29048,$6221,$6379,$2514,$9991,$16212,$9772,$6168,$-3594,$12836,$29048,$210,$378,$63,$441,$0,$0,$0,$-371,$-371,$458,$-233,$0,$-44,$0,$0,$0,$8,$-269,$-3,$442,$439,$-432,$-432,$-259,$4,$-248,$-55,$0,$-258
11,2015-12-31,34.57,$17.13,2.02,$14.29,2.42,$4.73,7.31,$1.60,21.61,$3.56B,$5.41B,0.66,$6.83B,$13.10B,0.52,$11.26B,$3.10B,27.49%,$11.26B,$1.53B,13.56%,$11.26B,$1.53B,13.56%,$11.26B,$3.11B,27.61%,$11.26B,$1.15B,10.22%,$11.26B,$1.25B,11.13%,$1.25B,$13.10B,9.22%,$1.25B,$-10.68B,-11.82%,$1.25B,$29.11B,4.25%,$1.53B,$19.93B,7.40%,$2887,$2079,$808,$0,$0,$2454,$433,$-85,$348,$-8,$356,$358,$406,$808,$433,$781,784,$0.53,$0.53,$966,$0,$176,$3557,$1067,$0,$23781,$660,$25555,$29112,$5407,$6829,$2511,$10605,$16012,$9852,$6458,$-3697,$13100,$29112,$1127,$1582,$315,$1897,$0,$0,$0,$-186,$-186,$2838,$-951,$0,$46,$0,$0,$0,$-31,$-936,$-590,$1037,$447,$-1417,$-1417,$-1068,$67,$-1971,$-93,$0,$-1066
12,2015-09-30,36.47,$17.29,2.11,$14.57,2.5,$4.11,8.88,$2.50,14.59,$3.23B,$5.00B,0.65,$6.87B,$13.27B,0.52,$11.58B,$3.12B,26.90%,$11.58B,$2.43B,21.00%,$11.58B,$2.43B,21.00%,$11.58B,$4.09B,35.34%,$11.58B,$1.97B,17.00%,$11.58B,$1.99B,17.22%,$1.99B,$13.27B,14.27%,$1.99B,$-10.80B,-18.94%,$1.99B,$29.05B,6.68%,$2.43B,$20.15B,11.47%,$2747,$1958,$789,$0,$0,$2361,$386,$-117,$269,$7,$262,$263,$280,$779,$386,$778,781,$0.36,$0.36,$710,$0,$159,$3228,$1047,$0,$24066,$660,$25820,$29048,$4995,$6874,$2614,$10782,$15777,$9918,$6421,$-3557,$13271,$29048,$769,$1207,$300,$1507,$0,$0,$0,$-401,$-401,$1875,$-703,$0,$58,$0,$0,$0,$-35,$-680,$-589,$1099,$510,$-1250,$-1250,$-809,$63,$-1486,$-310,$0,$-807
13,2015-06-30,34.2,$18.05,1.89,$14.90,2.3,$3.68,9.28,$2.43,14.07,$3.73B,$5.23B,0.71,$6.97B,$14.09B,0.5,$11.94B,$3.24B,27.09%,$11.94B,$2.51B,21.04%,$11.94B,$2.51B,21.04%,$11.94B,$4.23B,35.44%,$11.94B,$1.97B,16.53%,$11.94B,$1.95B,16.29%,$1.95B,$14.09B,13.38%,$1.95B,$-10.39B,-18.82%,$1.95B,$30.02B,6.37%,$2.51B,$21.06B,11.43%,$2802,$2091,$711,$0,$0,$2457,$345,$-112,$233,$10,$223,$226,$262,$746,$345,$785,789,$0.33,$0.33,$1127,$0,$172,$3733,$1095,$0,$24477,$663,$26284,$30017,$5229,$6971,$2342,$10703,$15932,$10057,$6816,$-3277,$14085,$30017,$506,$814,$241,$1055,$0,$0,$0,$-366,$-366,$1195,$-500,$0,$60,$0,$0,$0,$-23,$-463,$0,$570,$570,$-696,$-696,$-540,$52,$-614,$109,$0,$-539
14,2015-03-31,36.14,$17.70,2.04,$15.23,2.37,$3.44,10.51,$2.41,15.0,$3.52B,$4.59B,0.77,$7.45B,$13.89B,0.54,$12.30B,$3.37B,27.39%,$12.30B,$2.55B,20.72%,$12.30B,$2.55B,20.72%,$12.30B,$4.33B,35.19%,$12.30B,$2.04B,16.59%,$12.30B,$1.93B,15.71%,$1.93B,$13.89B,12.84%,$1.93B,$-10.52B,-18.80%,$1.93B,$29.79B,6.25%,$2.55B,$21.34B,11.27%,$2821,$2034,$787,$0,$0,$2459,$362,$-61,$301,$25,$276,$280,$305,$775,$362,$794,798,$0.38,$0.38,$769,$0,$263,$3516,$1113,$0,$24415,$698,$26273,$29789,$4594,$7446,$2488,$11301,$15895,$10091,$6867,$-3554,$13894,$29789,$280,$413,$95,$508,$0,$0,$0,$-525,$-525,$244,$-290,$0,$-8,$0,$0,$0,$-11,$-309,$0,$400,$400,$-348,$-348,$-266,$41,$-173,$-250,$0,$-265
15,2014-12-31,35.64,$18.42,1.94,$15.50,2.3,$3.33,10.7,$2.37,15.04,$3.65B,$4.60B,0.79,$7.58B,$14.66B,0.52,$12.61B,$3.40B,26.95%,$12.61B,$2.55B,20.19%,$12.61B,$2.55B,20.19%,$12.61B,$4.37B,34.64%,$12.61B,$2.02B,16.01%,$12.61B,$1.91B,15.14%,$1.91B,$14.66B,12.23%,$1.91B,$-10.40B,-18.79%,$1.91B,$30.60B,6.09%,$2.55B,$22.24B,10.98%,$3211,$2383,$828,$0,$0,$1872,$1339,$-173,$1166,$9,$1157,$1157,$1147,$1793,$1339,$808,811,$1.42,$1.42,$1018,$0,$161,$3646,$1182,$0,$25056,$663,$26951,$30597,$4597,$7576,$2332,$11341,$15938,$10157,$7168,$-3147,$14659,$30597,$1959,$1822,$-983,$839,$0,$0,$0,$-384,$-384,$2414,$-968,$0,$-153,$0,$0,$0,$50,$-1071,$360,$0,$360,$-1023,$-1023,$-1084,$129,$-1618,$-297,$0,$-1081
16,2014-09-30,31.89,$19.38,1.65,$15.49,2.06,$2.87,11.11,$0.51,62.53,$4.12B,$4.75B,0.87,$7.81B,$15.50B,0.5,$12.67B,$3.18B,25.06%,$12.67B,$1.42B,11.20%,$12.67B,$1.42B,11.20%,$12.67B,$3.25B,25.67%,$12.67B,$0.93B,7.37%,$12.67B,$0.41B,3.25%,$0.41B,$15.50B,2.57%,$0.41B,$-10.04B,-4.10%,$0.41B,$31.66B,1.29%,$1.42B,$23.31B,6.02%,$3107,$2198,$909,$0,$0,$2641,$466,$-192,$274,$26,$248,$250,$231,$918,$466,$804,808,$0.29,$0.28,$1686,$0,$151,$4115,$1161,$0,$25536,$779,$27545,$31660,$4754,$7810,$1951,$11407,$16161,$10187,$6727,$-1897,$15499,$31660,$802,$1368,$-40,$1328,$0,$0,$0,$-556,$-556,$1574,$-704,$0,$-151,$0,$0,$0,$7,$-848,$997,$0,$997,$-726,$-726,$-780,$148,$-361,$351,$0,$-778
17,2014-06-30,31.57,$20.05,1.57,$15.35,2.06,$2.93,10.78,$0.55,57.4,$3.24B,$4.24B,0.76,$7.47B,$16.12B,0.46,$12.65B,$3.05B,24.11%,$12.65B,$1.27B,10.03%,$12.65B,$1.27B,10.03%,$12.65B,$3.11B,24.61%,$12.65B,$0.91B,7.15%,$12.65B,$0.45B,3.57%,$0.45B,$16.12B,2.74%,$0.45B,$-10.15B,-4.62%,$0.45B,$31.58B,1.42%,$1.27B,$23.58B,5.33%,$3159,$2315,$844,$0,$0,$2778,$381,$-82,$299,$40,$259,$260,$249,$842,$381,$810,813,$0.31,$0.31,$704,$0,$143,$3235,$1224,$0,$26265,$784,$28343,$31578,$4237,$7467,$1956,$11224,$15461,$10208,$6914,$-1477,$16117,$31578,$552,$916,$37,$953,$0,$0,$0,$-516,$-516,$989,$-473,$0,$-125,$0,$0,$0,$2,$-596,$0,$0,$0,$-617,$-617,$-521,$129,$-1009,$-613,$0,$-520
18,2014-03-31,29.41,$19.93,1.48,$15.27,1.93,$2.87,10.24,$0.54,54.47,$3.31B,$4.24B,0.78,$7.38B,$16.17B,0.46,$12.66B,$3.11B,24.60%,$12.66B,$1.49B,11.73%,$12.66B,$1.49B,11.73%,$12.66B,$3.32B,26.19%,$12.66B,$1.06B,8.39%,$12.66B,$0.45B,3.56%,$0.45B,$16.17B,2.70%,$0.45B,$-10.05B,-4.73%,$0.45B,$31.62B,1.41%,$1.49B,$23.55B,6.21%,$3130,$2313,$817,$0,$0,$2771,$359,$-80,$279,$-13,$292,$292,$282,$814,$359,$818,821,$0.34,$0.34,$667,$0,$133,$3309,$1241,$0,$26215,$762,$28308,$31617,$4243,$7379,$1967,$11207,$15450,$10266,$7086,$-1586,$16167,$31617,$292,$455,$-39,$416,$0,$0,$0,$-629,$-629,$113,$-248,$0,$0,$0,$0,$0,$1,$-247,$0,$0,$0,$-264,$-264,$-263,$4,$-523,$-657,$0,$-262
19,2013-12-31,32.22,$20.03,1.61,$15.29,2.11,$2.75,11.7,$0.16,201.36,$3.90B,$4.76B,0.82,$7.47B,$16.43B,0.46,$12.70B,$3.15B,24.78%,$12.70B,$1.52B,11.94%,$12.70B,$1.52B,11.94%,$12.70B,$3.35B,26.34%,$12.70B,$1.00B,7.90%,$12.70B,$0.14B,1.08%,$0.14B,$16.43B,0.81%,$0.14B,$-9.95B,-1.47%,$0.14B,$32.44B,0.43%,$1.52B,$23.90B,6.36%,$3278,$2672,$606,$0,$0,$3065,$213,$-131,$82,$425,$-343,$-347,$-350,$680,$213,$828,831,$-0.43,$-0.43,$1316,$0,$183,$3900,$1291,$0,$26383,$775,$28539,$32439,$4761,$7470,$1861,$11248,$16009,$10347,$7303,$-1614,$16430,$32439,$185,$1830,$28,$1858,$0,$0,$0,$60,$60,$2103,$-1004,$0,$-691,$0,$0,$0,$73,$-1622,$1028,$0,$1028,$-400,$-400,$-1041,$-19,$-432,$36,$0,$-1038
20,2013-09-30,29.57,$20.88,1.42,$15.40,1.92,$3.47,8.51,$1.04,28.43,$3.27B,$3.42B,0.96,$6.98B,$17.28B,0.4,$12.79B,$3.45B,26.94%,$12.79B,$1.84B,14.39%,$12.79B,$1.84B,14.39%,$12.79B,$3.65B,28.54%,$12.79B,$1.34B,10.50%,$12.79B,$0.84B,6.55%,$0.84B,$17.28B,4.86%,$0.84B,$-9.02B,-9.33%,$0.84B,$31.77B,2.60%,$1.84B,$24.25B,7.73%,$3086,$2302,$784,$0,$0,$2770,$316,$-71,$245,$-33,$278,$283,$271,$778,$316,$829,832,$0.33,$0.33,$607,$0,$292,$3269,$1257,$0,$26293,$891,$28496,$31765,$3415,$6976,$2365,$11073,$14488,$10428,$8098,$-1613,$17277,$31765,$528,$1363,$139,$1502,$0,$0,$0,$-546,$-546,$1696,$-751,$0,$-632,$0,$0,$0,$43,$-1340,$-146,$0,$-146,$-100,$-100,$-780,$4,$-1022,$-678,$0,$-778
21,2013-06-30,27.24,$20.55,1.33,$15.53,1.75,$3.54,7.69,$1.27,21.45,$4.09B,$4.42B,0.93,$6.91B,$17.05B,0.41,$12.88B,$3.48B,27.04%,$12.88B,$1.90B,14.72%,$12.88B,$1.90B,14.72%,$12.88B,$3.68B,28.54%,$12.88B,$1.39B,10.82%,$12.88B,$1.01B,7.82%,$1.01B,$17.05B,5.84%,$1.01B,$-9.08B,-11.20%,$1.01B,$32.42B,3.12%,$1.90B,$23.95B,8.02%,$3163,$2256,$907,$0,$0,$2566,$597,$-141,$456,$209,$247,$256,$248,$1043,$597,$830,833,$0.30,$0.30,$1613,$0,$151,$4091,$1254,$0,$26130,$894,$28333,$32424,$4424,$6907,$2394,$10953,$15377,$10431,$8141,$-1886,$17047,$32424,$245,$901,$86,$987,$0,$0,$0,$-337,$-337,$1020,$-538,$0,$-496,$0,$0,$0,$21,$-1013,$854,$0,$854,$0,$0,$-521,$7,$340,$330,$0,$-519
22,2013-03-31,26.91,$20.60,1.31,$15.67,1.72,$3.73,7.22,$2.08,12.94,$3.41B,$4.84B,0.71,$6.17B,$17.08B,0.36,$12.99B,$3.50B,26.92%,$12.99B,$2.60B,19.98%,$12.99B,$2.60B,19.98%,$12.99B,$4.35B,33.51%,$12.99B,$2.11B,16.26%,$12.99B,$1.66B,12.78%,$1.66B,$17.08B,9.63%,$1.66B,$-9.22B,-18.86%,$1.66B,$32.05B,5.16%,$2.60B,$23.25B,10.95%,$3175,$2324,$851,$0,$0,$2785,$390,$-170,$220,$247,$-27,$-17,$-32,$845,$390,$828,828,$-0.04,$-0.04,$423,$0,$453,$3413,$1325,$0,$26302,$956,$28632,$32045,$4842,$6170,$2432,$10125,$14967,$10402,$8089,$-1776,$17078,$32045,$-17,$455,$158,$613,$0,$0,$0,$-545,$-545,$116,$-350,$0,$-700,$0,$0,$0,$4,$-1046,$0,$327,$327,$0,$0,$-260,$9,$76,$-865,$0,$-259
23,2012-12-31,23.82,$21.16,1.13,$15.83,1.5,$4.73,5.03,$2.50,9.53,$4.11B,$4.97B,0.83,$6.22B,$17.50B,0.36,$13.13B,$3.42B,26.06%,$13.13B,$2.57B,19.57%,$13.13B,$2.57B,19.57%,$13.13B,$4.31B,32.78%,$13.13B,$2.16B,16.43%,$13.13B,$1.99B,15.12%,$1.99B,$17.50B,11.56%,$1.99B,$-8.55B,-22.86%,$1.99B,$32.54B,6.18%,$2.57B,$23.72B,10.75%,$3364,$2461,$903,$0,$0,$2827,$537,$-115,$422,$43,$379,$365,$350,$984,$537,$828,830,$0.43,$0.43,$1283,$0,$374,$4113,$1416,$0,$26044,$914,$28424,$32537,$4972,$6223,$2539,$10067,$15039,$10371,$8311,$-1537,$17498,$32537,$2042,$1735,$-978,$757,$0,$0,$0,$-159,$-159,$2658,$-964,$0,$690,$0,$0,$0,$46,$-228,$-2,$-422,$-424,$-168,$-168,$-1024,$65,$-1551,$879,$0,$-1021
24,2012-09-30,23.38,$21.01,1.11,$16.06,1.46,$5.06,4.62,$-1.06,0.0,$3.37B,$4.70B,0.72,$6.26B,$17.36B,0.36,$13.35B,$3.49B,26.17%,$13.35B,$-0.56B,-4.20%,$13.35B,$-0.56B,-4.20%,$13.35B,$4.20B,31.44%,$13.35B,$-0.95B,-7.11%,$13.35B,$-0.95B,-7.08%,$-0.95B,$17.36B,-5.56%,$-0.95B,$-9.12B,10.65%,$-0.95B,$32.19B,-2.94%,$-0.56B,$23.62B,-2.34%,$3181,$2358,$823,$0,$0,$2809,$372,$-76,$296,$-147,$443,$451,$441,$805,$372,$826,828,$0.53,$0.53,$769,$0,$222,$3367,$1364,$0,$26477,$942,$28825,$32192,$4702,$6255,$2697,$10128,$14830,$10331,$8197,$-1508,$17362,$32192,$1674,$1288,$-1054,$234,$0,$0,$0,$-213,$-213,$1713,$-715,$0,$532,$0,$0,$0,$124,$-59,$-2,$-423,$-425,$-168,$-168,$-768,$52,$-1309,$347,$0,$-766
25,2012-06-30,22.8,$20.66,1.1,$16.35,1.39,$5.53,4.12,$-1.18,0.0,$4.28B,$3.78B,1.13,$7.16B,$17.05B,0.42,$13.62B,$3.76B,27.61%,$13.62B,$-0.27B,-2.00%,$13.62B,$-0.27B,-2.00%,$13.62B,$4.46B,32.78%,$13.62B,$-0.72B,-5.31%,$13.62B,$-1.02B,-7.47%,$-1.02B,$17.05B,-5.78%,$-1.02B,$-8.34B,11.45%,$-1.02B,$31.92B,-3.09%,$-0.27B,$24.21B,-1.11%,$3272,$2351,$921,$0,$0,$1975,$1297,$-123,$1174,$270,$904,$916,$902,$1719,$1297,$828,831,$1.09,$1.08,$1801,$0,$231,$4278,$1355,$0,$25391,$857,$27646,$31924,$3784,$7158,$2713,$11089,$14873,$10292,$8041,$-1629,$17051,$31924,$1221,$855,$-961,$-106,$0,$0,$0,$-54,$-54,$1122,$-487,$0,$1723,$0,$0,$0,$110,$1346,$-2,$-423,$-425,$-168,$-168,$-514,$20,$-1087,$1378,$0,$-512
26,2012-03-31,22.89,$20.29,1.13,$16.52,1.39,$5.40,4.24,$-1.62,0.0,$3.85B,$4.00B,0.96,$7.21B,$16.83B,0.43,$13.79B,$3.81B,27.60%,$13.79B,$-0.74B,-5.34%,$13.79B,$-0.74B,-5.34%,$13.79B,$4.00B,29.00%,$13.79B,$-1.15B,-8.36%,$13.79B,$-1.35B,-9.77%,$-1.35B,$16.83B,-7.30%,$-1.35B,$-8.75B,15.06%,$-1.35B,$31.88B,-3.97%,$-0.74B,$24.04B,-2.89%,$3315,$2540,$775,$0,$0,$2951,$364,$-99,$265,$-40,$305,$308,$293,$797,$364,$829,830,$0.35,$0.35,$467,$0,$964,$3846,$1428,$0,$25577,$981,$28032,$31878,$3996,$7210,$2581,$11054,$15050,$10320,$7623,$-1464,$16828,$31878,$306,$433,$-216,$217,$0,$0,$0,$-365,$-365,$267,$334,$0,$-159,$0,$0,$0,$10,$185,$0,$-136,$-136,$-24,$-24,$-257,$8,$-409,$47,$0,$-256
27,2011-12-31,20.88,$20.23,1.03,$16.49,1.27,$4.59,4.55,$-1.70,0.0,$3.91B,$4.60B,0.85,$7.16B,$16.75B,0.43,$13.81B,$3.81B,27.59%,$13.81B,$-0.71B,-5.11%,$13.81B,$-0.71B,-5.11%,$13.81B,$4.01B,29.07%,$13.81B,$-1.12B,-8.08%,$13.81B,$-1.39B,-10.07%,$-1.39B,$16.75B,-7.23%,$-1.39B,$-9.29B,15.34%,$-1.39B,$32.48B,-3.99%,$-0.71B,$23.91B,-2.69%,$3577,$2604,$973,$0,$0,$6170,$-2593,$-91,$-2684,$-78,$-2606,$-2604,$-2581,$875,$-2593,$833,833,$-3.08,$-3.08,$422,$0,$867,$3914,$1509,$0,$26043,$960,$28562,$32476,$4604,$7160,$2540,$11122,$15726,$10288,$7633,$-1516,$16750,$32476,$-1392,$4719,$-590,$4129,$0,$0,$0,$-279,$-279,$2597,$-626,$0,$-1286,$0,$0,$0,$105,$-1807,$-299,$400,$101,$-326,$-326,$-963,$-39,$-1227,$-442,$0,$-960
28,2011-09-30,20.94,$23.82,0.88,$16.32,1.28,$4.11,5.09,$1.68,12.47,$4.14B,$4.92B,0.84,$6.75B,$19.72B,0.34,$13.69B,$3.56B,25.97%,$13.69B,$2.20B,16.04%,$13.69B,$2.20B,16.04%,$13.69B,$3.86B,28.18%,$13.69B,$1.79B,13.06%,$13.69B,$1.42B,10.34%,$1.42B,$19.72B,7.09%,$1.42B,$-9.15B,-15.51%,$1.42B,$35.39B,3.97%,$2.20B,$26.47B,8.18%,$3453,$2363,$1090,$0,$0,$2794,$659,$-137,$522,$145,$377,$381,$369,$1073,$659,$835,837,$0.44,$0.44,$589,$0,$1245,$4141,$1413,$0,$28860,$936,$31253,$35394,$4919,$6754,$2551,$10760,$15679,$10276,$10562,$-1472,$19715,$35394,$1210,$1251,$-618,$633,$0,$0,$0,$-349,$-349,$1655,$-254,$0,$-1114,$0,$0,$0,$90,$-1278,$-646,$1063,$417,$-319,$-319,$-714,$-31,$-647,$-275,$0,$-712
29,2011-06-30,28.81,$0.00,0.0,$16.09,1.79,$3.49,8.25,$1.56,18.47,$4.27B,$4.70B,0.91,$6.96B,$20.50B,0.34,$13.49B,$3.19B,23.63%,$13.49B,$1.89B,14.02%,$13.49B,$1.89B,14.02%,$13.49B,$3.53B,26.13%,$13.49B,$1.57B,11.61%,$13.49B,$1.31B,9.74%,$1.31B,$20.50B,6.62%,$1.31B,$-8.60B,-14.32%,$1.31B,$35.98B,3.70%,$1.89B,$27.46B,7.08%,$3447,$2478,$969,$0,$0,$2614,$833,$-89,$744,$174,$570,$572,$572,$1255,$833,$837,840,$0.67,$0.67,$713,$0,$1903,$4269,$0,$0,$29099,$1091,$30251,$35984,$4695,$6955,$2231,$10786,$15481,$10407,$10808,$0,$20503,$35984,$829,$837,$-560,$277,$0,$0,$0,$-191,$-191,$1079,$-541,$0,$-216,$0,$0,$0,$76,$-681,$-53,$-20,$-73,$0,$0,$-467,$-14,$-554,$-151,$0,$-465
30,2011-03-31,29.86,$0.00,0.0,$15.83,1.89,$3.61,8.27,$1.24,24.08,$3.69B,$4.73B,0.78,$6.93B,$19.98B,0.35,$13.26B,$3.06B,23.06%,$13.26B,$1.49B,11.27%,$13.26B,$1.49B,11.27%,$13.26B,$3.08B,23.19%,$13.26B,$1.20B,9.06%,$13.26B,$1.03B,7.78%,$1.03B,$19.98B,5.34%,$1.03B,$-9.21B,-10.98%,$1.03B,$35.54B,2.96%,$1.49B,$26.91B,5.72%,$3330,$2552,$778,$0,$0,$2934,$396,$-94,$302,$52,$250,$255,$250,$811,$396,$835,840,$0.30,$0.30,$611,$0,$1187,$3693,$0,$0,$29194,$1072,$30324,$35541,$4731,$6931,$2234,$10830,$15561,$10366,$10527,$0,$19980,$35541,$257,$415,$-36,$379,$0,$0,$0,$-471,$-471,$200,$-279,$0,$-54,$0,$0,$0,$56,$-277,$-5,$43,$38,$0,$0,$-218,$0,$-180,$-253,$0,$-217
31,2010-12-31,28.14,$23.61,1.19,$15.63,1.8,$3.70,7.61,$1.09,25.82,$3.66B,$5.01B,0.73,$6.87B,$19.68B,0.35,$13.07B,$3.01B,23.02%,$13.07B,$1.42B,10.86%,$13.07B,$1.42B,10.86%,$13.07B,$2.99B,22.90%,$13.07B,$1.06B,8.14%,$13.07B,$0.92B,7.01%,$0.92B,$19.68B,4.81%,$0.92B,$-9.54B,-9.81%,$0.92B,$35.53B,2.66%,$1.42B,$26.55B,5.50%,$3458,$2740,$718,$0,$0,$3151,$307,$-88,$219,$-4,$223,$224,$224,$718,$307,$834,838,$0.27,$0.27,$864,$0,$74,$3659,$1567,$0,$29219,$1018,$31872,$35531,$5011,$6873,$2288,$10845,$15856,$10284,$10518,$-1480,$19675,$35531,$933,$1574,$-237,$1568,$0,$0,$0,$-38,$-55,$2655,$-1071,$0,$-612,$0,$0,$0,$8,$-1675,$-316,$5,$-316,$0,$0,$-901,$-7,$-1219,$-247,$0,$-898
32,2010-09-30,28.11,$0.00,0.0,$15.52,1.81,$3.76,7.49,$1.03,27.3,$3.74B,$4.96B,0.75,$6.79B,$19.21B,0.35,$12.97B,$2.76B,21.26%,$12.97B,$1.31B,10.08%,$12.97B,$1.31B,10.08%,$12.97B,$2.89B,22.25%,$12.97B,$0.85B,6.55%,$12.97B,$0.87B,6.70%,$0.87B,$19.21B,4.58%,$0.87B,$-9.35B,-9.45%,$0.87B,$34.84B,2.54%,$1.31B,$26.01B,5.09%,$3256,$2533,$723,$0,$0,$2900,$356,$-55,$301,$33,$268,$271,$268,$741,$356,$833,837,$0.32,$0.32,$1158,$0,$896,$3739,$0,$0,$28560,$1045,$29619,$34843,$4960,$6792,$2205,$10669,$15629,$10317,$10403,$0,$19214,$34843,$708,$1163,$-100,$1063,$0,$0,$0,$-433,$-433,$1669,$-787,$0,$-578,$0,$0,$0,$2,$-1363,$449,$-1,$448,$0,$0,$-697,$-5,$-254,$47,$0,$-695
33,2010-06-30,26.63,$0.00,0.0,$15.47,1.72,$3.96,6.73,$0.90,29.58,$3.03B,$4.42B,0.69,$6.57B,$18.41B,0.36,$12.93B,$2.80B,21.65%,$12.93B,$1.33B,10.28%,$12.93B,$1.33B,10.28%,$12.93B,$2.91B,22.50%,$12.93B,$0.47B,3.65%,$12.93B,$0.77B,5.94%,$0.77B,$18.41B,4.05%,$0.77B,$-9.49B,-8.67%,$0.77B,$33.35B,2.24%,$1.33B,$24.99B,5.14%,$3216,$2377,$839,$0,$34,$2781,$435,$-56,$379,$79,$300,$296,$290,$805,$435,$832,836,$0.35,$0.35,$508,$0,$905,$3033,$0,$0,$27905,$931,$28882,$33349,$4417,$6573,$2343,$10519,$14936,$10276,$10221,$0,$18413,$33349,$431,$778,$-6,$772,$0,$0,$0,$0,$-264,$1097,$-462,$0,$-478,$0,$0,$0,$21,$-919,$0,$-14,$-275,$0,$0,$-464,$-6,$-759,$-603,$0,$0
34,2010-03-31,26.77,$0.00,0.0,$15.56,1.72,$4.14,6.46,$0.93,28.78,$3.43B,$4.64B,0.74,$6.69B,$18.90B,0.35,$13.01B,$3.10B,23.82%,$13.01B,$1.52B,11.65%,$13.01B,$1.52B,11.65%,$13.01B,$3.11B,23.89%,$13.01B,$0.43B,3.31%,$13.01B,$0.79B,6.10%,$0.79B,$18.90B,4.15%,$0.79B,$-8.96B,-9.23%,$0.79B,$33.85B,2.27%,$1.52B,$25.59B,5.78%,$3140,$2411,$729,$0,$0,$2819,$321,$-156,$165,$31,$134,$134,$134,$729,$321,$831,835,$0.15,$0.15,$828,$0,$881,$3425,$0,$0,$27867,$1093,$28973,$33845,$4639,$6690,$1893,$10302,$14941,$10218,$10443,$0,$18904,$33845,$134,$408,$-6,$402,$0,$0,$0,$0,$-431,$209,$-214,$0,$-63,$0,$0,$0,$13,$-264,$0,$0,$20,$0,$0,$-232,$-6,$-218,$-283,$0,$0
35,2009-12-31,23.59,$23.30,1.01,$15.54,1.52,$4.22,5.59,$1.05,22.46,$3.66B,$4.71B,0.78,$6.82B,$19.34B,0.35,$12.99B,$3.12B,23.98%,$12.99B,$1.57B,12.07%,$12.99B,$1.57B,12.07%,$12.99B,$3.12B,24.05%,$12.99B,$0.54B,4.14%,$12.99B,$0.89B,6.82%,$0.89B,$19.34B,4.59%,$0.89B,$-8.98B,-10.66%,$0.89B,$34.57B,2.51%,$1.57B,$26.16B,5.91%,$3357,$2891,$466,$0,$-160,$3162,$195,$-197,$5,$-130,$135,$171,$177,$610,$195,$831,834,$0.21,$0.21,$1111,$0,$810,$3663,$1546,$0,$28319,$1032,$29364,$34573,$4712,$6821,$1920,$10526,$15238,$10177,$10561,$-1471,$19335,$34573,$867,$1556,$172,$1558,$0,$0,$0,$-219,$-219,$2666,$-1041,$0,$-349,$0,$0,$0,$25,$-1365,$-142,$4,$-142,$0,$0,$-907,$-6,$-1051,$270,$0,$-905
36,2009-09-30,24.34,$0.00,0.0,$15.62,1.56,$4.79,5.08,$1.63,14.93,$4.45B,$4.61B,0.97,$7.54B,$19.18B,0.39,$13.05B,$3.69B,28.32%,$13.05B,$1.97B,15.06%,$13.05B,$1.97B,15.06%,$13.05B,$3.53B,27.09%,$13.05B,$1.27B,9.77%,$13.05B,$1.37B,10.47%,$1.37B,$19.18B,7.16%,$1.37B,$-8.00B,-15.60%,$1.37B,$35.62B,3.86%,$1.97B,$26.72B,7.47%,$3216,$2451,$765,$0,$0,$2838,$378,$-455,$-77,$-232,$155,$156,$167,$765,$378,$830,837,$0.19,$0.19,$1860,$0,$858,$4447,$0,$0,$27182,$2413,$29685,$35615,$4607,$7535,$2044,$11825,$16432,$10140,$10557,$0,$19183,$35615,$685,$1141,$7,$1148,$0,$0,$0,$0,$-331,$1770,$-720,$0,$-61,$0,$0,$0,$1,$-780,$0,$-7,$709,$0,$0,$-684,$-6,$12,$1019,$0,$0
37,2009-06-30,21.06,$0.00,0.0,$15.80,1.33,$4.95,4.26,$1.90,11.09,$4.09B,$4.40B,0.93,$7.26B,$19.05B,0.38,$13.16B,$3.79B,28.81%,$13.16B,$2.08B,15.80%,$13.16B,$2.08B,15.80%,$13.16B,$3.63B,27.59%,$13.16B,$1.85B,14.08%,$13.16B,$1.58B,12.00%,$1.58B,$19.05B,8.18%,$1.58B,$-8.42B,-18.53%,$1.58B,$35.52B,4.45%,$2.08B,$26.30B,7.84%,$3293,$2155,$1138,$0,$151,$2672,$621,$-284,$337,$14,$323,$313,$315,$1003,$621,$837,837,$0.38,$0.38,$1572,$0,$772,$4090,$0,$0,$27470,$2354,$29919,$35517,$4402,$7255,$2055,$12066,$16468,$3101,$10678,$0,$19049,$35517,$518,$754,$0,$754,$0,$0,$0,$0,$-66,$1257,$-466,$0,$-23,$0,$0,$0,$2,$-487,$0,$409,$0,$0,$0,$-455,$-5,$-51,$731,$0,$0
38,2009-03-31,18.07,$0.00,0.0,$15.60,1.16,$4.99,3.62,$1.73,10.44,$4.04B,$4.16B,0.97,$7.37B,$19.60B,0.38,$13.00B,$3.35B,25.81%,$13.00B,$1.83B,14.05%,$13.00B,$1.83B,14.05%,$13.00B,$3.33B,25.61%,$13.00B,$1.72B,13.23%,$13.00B,$1.44B,11.06%,$1.44B,$19.60B,7.20%,$1.44B,$-7.85B,-17.63%,$1.44B,$35.74B,3.99%,$1.83B,$26.97B,6.69%,$3124,$2378,$746,$0,$0,$2750,$374,$-101,$273,$49,$224,$231,$227,$746,$374,$835,835,$0.27,$0.27,$1251,$0,$1026,$4037,$0,$0,$27450,$2776,$30226,$35743,$4162,$7370,$1760,$11977,$16139,$3087,$10966,$0,$19604,$35743,$228,$372,$0,$372,$0,$0,$0,$0,$-388,$251,$-193,$0,$2,$0,$0,$0,$-6,$-197,$0,$596,$0,$0,$0,$-229,$-2,$365,$410,$0,$0
39,2008-12-31,20.51,$28.62,0.72,$14.72,1.39,$5.19,3.95,$1.76,11.65,$3.69B,$4.65B,0.79,$6.78B,$19.81B,0.34,$11.71B,$3.01B,25.69%,$11.71B,$1.67B,14.25%,$11.71B,$1.67B,14.25%,$11.71B,$2.98B,25.47%,$11.71B,$1.68B,14.31%,$11.71B,$1.41B,12.00%,$1.41B,$18.49B,7.60%,$1.41B,$-10.75B,-26.18%,$1.41B,$34.59B,4.23%,$1.67B,$25.27B,6.55%,$3412,$2367,$1045,$0,$-68,$2820,$592,$149,$741,$186,$555,$641,$657,$1020,$592,$826,832,$0.79,$0.79,$841,$0,$1052,$3686,$1556,$0,$29242,$1550,$30792,$34589,$4645,$6783,$1795,$11252,$16101,$11135,$10650,$-2268,$18488,$36020,$1405,$1314,$-372,$1292,$0,$0,$0,$299,$192,$2761,$-662,$0,$-8567,$0,$0,$0,$-33,$-9262,$2113,$-1065,$2113,$-522,$-522,$-601,$-39,$-114,$-6656,$0,$-842
40,2008-09-30,18.74,$0.00,0.0,$13.77,1.36,$4.39,4.27,$1.64,11.43,$3.81B,$4.47B,0.85,$7.44B,$20.08B,0.37,$10.33B,$2.57B,24.88%,$10.33B,$1.50B,14.49%,$10.33B,$1.50B,14.49%,$10.33B,$2.57B,24.88%,$10.33B,$1.35B,13.07%,$10.33B,$1.18B,11.44%,$1.18B,$20.08B,6.85%,$1.18B,$-7.08B,-62.90%,$1.18B,$36.09B,3.90%,$1.50B,$27.52B,6.34%,$3333,$2470,$863,$0,$0,$2840,$493,$9,$502,$110,$392,$392,$381,$863,$493,$824,829,$0.46,$0.46,$983,$0,$1114,$3807,$0,$0,$27156,$3603,$30759,$36090,$4474,$7440,$1400,$11539,$16013,$2992,$10539,$0,$20077,$36090,$748,$886,$16,$902,$0,$0,$0,$0,$46,$1756,$-589,$0,$-8370,$0,$0,$0,$238,$-8721,$0,$1456,$0,$0,$-511,$-666,$205,$484,$-6514,$0,$0
41,2008-06-30,21.82,$0.00,0.0,$12.54,1.74,$4.18,5.22,$5.79,3.77,$3.60B,$4.47B,0.81,$7.73B,$21.67B,0.36,$8.80B,$2.20B,25.02%,$8.80B,$1.32B,14.96%,$8.80B,$1.32B,14.96%,$8.80B,$2.20B,25.02%,$8.80B,$1.19B,13.57%,$8.80B,$3.77B,42.86%,$3.77B,$21.67B,24.10%,$3.77B,$-6.95B,527.64%,$3.77B,$37.83B,13.95%,$1.32B,$29.40B,6.28%,$3128,$2428,$700,$0,$0,$2761,$367,$-164,$203,$20,$183,$179,$173,$700,$367,$831,837,$0.21,$0.21,$789,$0,$998,$3598,$0,$0,$28612,$3897,$32509,$37830,$4466,$7733,$1270,$11698,$16164,$2947,$10341,$0,$21666,$37830,$367,$516,$-15,$501,$0,$0,$0,$0,$170,$1164,$-340,$0,$-8176,$0,$0,$0,$-23,$-8539,$0,$1449,$0,$0,$-458,$-519,$194,$666,$-6708,$0,$0
42,2008-03-31,22.53,$0.00,0.0,$11.61,1.94,$3.81,5.91,$6.16,3.66,$11.29B,$3.02B,3.74,$5.90B,$13.74B,0.43,$7.48B,$2.04B,27.21%,$7.48B,$1.30B,17.44%,$7.48B,$1.30B,17.44%,$7.48B,$2.04B,27.21%,$7.48B,$1.30B,17.40%,$7.48B,$3.97B,53.14%,$3.97B,$13.74B,30.77%,$3.97B,$3.31B,153.36%,$3.97B,$24.50B,17.61%,$1.30B,$19.64B,7.60%,$1834,$1435,$399,$0,$0,$1618,$216,$13,$229,$34,$195,$193,$194,$399,$216,$640,642,$0.30,$0.30,$9222,$0,$610,$11286,$0,$0,$10430,$2088,$12518,$24502,$3022,$5899,$852,$7740,$10762,$2785,$10374,$0,$13740,$24502,$194,$183,$-15,$168,$0,$0,$0,$0,$-113,$284,$-108,$0,$-29,$0,$0,$0,$-12,$-149,$0,$1633,$0,$0,$0,$-128,$2,$1507,$1725,$0,$0
43,2007-12-31,27.17,$21.25,1.28,$11.35,2.39,$3.83,7.09,$6.21,4.37,$9.68B,$3.24B,2.99,$4.26B,$13.57B,0.31,$7.31B,$2.04B,27.87%,$7.31B,$1.31B,17.97%,$7.31B,$1.31B,17.97%,$7.31B,$2.04B,27.87%,$7.31B,$1.25B,17.11%,$7.31B,$4.00B,54.75%,$4.00B,$13.57B,33.07%,$4.00B,$3.20B,215.73%,$4.00B,$22.83B,18.66%,$1.31B,$17.84B,8.37%,$2033,$1425,$608,$0,$0,$1612,$421,$12,$416,$109,$307,$311,$434,$608,$421,$641,645,$0.67,$0.67,$7497,$0,$616,$9678,$731,$0,$10373,$2049,$12422,$22831,$3239,$4264,$783,$6021,$9260,$2727,$10355,$1,$13571,$22831,$4004,$724,$-3034,$-2178,$0,$0,$0,$-136,$-133,$1816,$-705,$0,$6625,$0,$0,$0,$-37,$5883,$545,$365,$0,$-168,$-244,$-618,$33,$-464,$7163,$0,$-612
44,2007-09-30,27.78,$0.00,0.0,$11.09,2.5,$4.42,6.29,$6.15,4.52,$9.56B,$4.00B,2.39,$3.42B,$13.58B,0.25,$7.15B,$3.36B,46.98%,$7.15B,$2.84B,39.75%,$7.15B,$2.84B,39.75%,$7.15B,$3.36B,47.00%,$7.15B,$1.01B,14.14%,$7.15B,$3.96B,55.44%,$3.96B,$13.58B,34.94%,$3.96B,$3.30B,337.54%,$3.96B,$22.92B,19.06%,$2.84B,$17.00B,19.22%,$1801,$1307,$494,$0,$0,$1489,$312,$34,$346,$31,$315,$315,$2969,$494,$312,$641,644,$4.63,$4.61,$7455,$85,$696,$9563,$0,$0,$10288,$2424,$12712,$22918,$3996,$3418,$889,$5338,$9334,$2708,$10163,$0,$13584,$22918,$3570,$537,$-2781,$-2244,$0,$0,$0,$0,$-288,$1157,$-383,$0,$7582,$0,$0,$0,$-22,$7177,$0,$-619,$0,$0,$-151,$-463,$19,$-1214,$7121,$0,$0
45,2007-06-30,27.01,$0.00,0.0,$12.07,2.24,$4.66,5.8,$2.19,12.34,$3.08B,$3.67B,0.84,$3.38B,$10.77B,0.31,$7.77B,$3.66B,47.09%,$7.77B,$3.08B,39.58%,$7.77B,$3.08B,39.58%,$7.77B,$3.66B,47.11%,$7.77B,$1.15B,14.77%,$7.77B,$1.41B,18.15%,$1.41B,$10.77B,13.45%,$1.41B,$0.56B,-274.51%,$1.41B,$20.03B,7.06%,$3.08B,$14.14B,21.95%,$1810,$1276,$534,$0,$0,$1455,$355,$-45,$310,$46,$264,$264,$377,$534,$355,$641,644,$0.59,$0.58,$422,$82,$1308,$3081,$0,$0,$10208,$6122,$16330,$20025,$3665,$3375,$1250,$5591,$9256,$2691,$7352,$0,$10769,$20025,$601,$355,$-193,$162,$0,$0,$0,$0,$-96,$730,$-335,$0,$236,$0,$0,$0,$-18,$-117,$0,$-156,$0,$0,$-75,$-309,$15,$-525,$88,$0,$0
46,2007-03-31,27.21,$0.00,0.0,$12.51,2.17,$4.85,5.62,$1.87,14.55,$3.04B,$4.03B,0.76,$3.28B,$10.51B,0.31,$8.07B,$3.66B,45.38%,$8.07B,$3.03B,37.53%,$8.07B,$3.03B,37.53%,$8.07B,$3.66B,45.38%,$8.07B,$1.09B,13.50%,$8.07B,$1.21B,14.97%,$1.21B,$10.51B,11.75%,$1.21B,$0.37B,-69.57%,$1.21B,$20.04B,6.10%,$3.03B,$13.79B,21.70%,$1669,$1267,$402,$0,$0,$1443,$226,$-47,$179,$-31,$210,$210,$224,$402,$226,$641,644,$0.35,$0.35,$350,$80,$1324,$3039,$0,$0,$10141,$6258,$16399,$20038,$4025,$3275,$1241,$5503,$9528,$2659,$7152,$0,$10510,$20038,$224,$176,$-25,$151,$0,$0,$0,$0,$-103,$287,$-98,$0,$-214,$0,$0,$0,$-4,$-316,$0,$244,$0,$0,$-55,$-154,$10,$45,$16,$0,$0
47,2006-12-31,26.82,$0.00,0.0,$12.90,2.08,$4.83,5.55,$1.73,15.5,$3.27B,$3.74B,0.87,$3.68B,$10.48B,0.35,$8.33B,$3.63B,43.53%,$8.33B,$2.94B,35.35%,$8.33B,$2.94B,35.35%,$8.33B,$3.63B,43.53%,$8.33B,$1.04B,12.47%,$8.33B,$1.12B,13.45%,$1.12B,$10.48B,11.08%,$1.12B,$0.47B,-38.81%,$1.12B,$20.13B,5.73%,$2.94B,$14.16B,21.08%,$1865,$-62,$1927,$0,$0,$-82,$1947,$-86,$175,$-3,$178,$306,$391,$1928,$1947,$642,644,$0.61,$0.61,$334,$73,$1489,$3265,$624,$0,$10013,$6229,$16242,$20132,$3739,$3681,$1233,$5912,$9651,$2799,$7169,$513,$10481,$20132,$1120,$681,$188,$1037,$0,$0,$0,$-73,$-45,$2125,$-637,$0,$-691,$0,$0,$0,$38,$-1290,$-88,$20,$0,$-412,$-412,$-558,$38,$-912,$-73,$0,$-553
