,Date,Stock Price,Book Value per Share,Price to Book Ratio,TTM Sales per Share,Price to Sales Ratio,TTM FCF per Share,Price to FCF Ratio,TTM Net EPS,PE Ratio,Current Assets,Current Liabilities,Current Ratio,Long Term Debt,Shareholder's Equity_x,Debt to Equity Ratio,TTM Revenue_x,TTM Gross Profit,Gross Margin,TTM Revenue_y,TTM Operating Income,Operating Margin,TTM Revenue_x,TTM EBIT,EBIT Margin,TTM Revenue_y,TTM EBITDA,EBITDA Margin,TTM Revenue_x,TTM Pre-Tax Income,Pre-Tax Margin,TTM Revenue_y,TTM Net Income_x,Net Margin,TTM Net Income_y,Shareholder's Equity_y,Return on Equity,TTM Net Income_x,Tangible Equity,Return on Tangible Equity,TTM Net Income_y,Total Assets,Return on Assets,TTM Net Income,LT Investments & Debt,Return on Investment,revenue,cost-goods-sold,gross-profit,research-development-expenses,selling-general-administrative-expenses,operating-expenses,operating-income,total-non-operating-income-expense,pre-tax-income,total-provision-income-taxes,income-after-taxes,income-from-continuous-operations,net-income,ebitda,ebit,basic-shares-outstanding,shares-outstanding,eps-basic-net-earnings-per-share,eps-earnings-per-share-diluted,cash-on-hand,inventory,other-current-assets,total-current-assets,net-property-plant-equipment,long-term-investments,goodwill-intangible-assets-total,other-long-term-assets,total-long-term-assets,total-assets,total-current-liabilities,long-term-debt,other-non-current-liabilities,total-long-term-liabilities,total-liabilities,common-stock-net,retained-earnings-accumulated-deficit,comprehensive-income,total-share-holder-equity,total-liabilities-share-holders-equity,net-income-loss,total-depreciation-amortization-cash-flow,other-non-cash-items,total-non-cash-items,change-in-accounts-receivable,change-in-inventories,change-in-accounts-payable,change-in-assets-liabilities,total-change-in-assets-liabilities,cash-flow-from-operating-activities,net-change-in-property-plant-equipment,net-change-in-intangible-assets,net-acquisitions-divestitures,net-change-in-short-term-investments,net-change-in-long-term-investments,net-change-in-investments-total,investing-activities-other,cash-flow-from-investing-activities,net-long-term-debt,net-current-debt,debt-issuance-retirement-net-total,net-common-equity-issued-repurchased,net-total-equity-issued-repurchased,total-common-preferred-stock-dividends-paid,financial-activities-other,cash-flow-from-financial-activities,net-cash-flow,stock-based-compensation,common-stock-dividends-paid
0,2018-09-30,4.0,$0.00,0.0,$3.69,1.09,$-0.44,0.0,$-1.55,0.0,$0.09B,$0.02B,4.48,$0.08B,$0.07B,1.21,$0.10B,$0.04B,41.84%,$0.10B,$-0.04B,-37.76%,$0.10B,$-0.04B,-37.76%,$0.10B,$-0.04B,-37.76%,$0.10B,$-0.04B,-40.82%,$0.10B,$-0.04B,-41.84%,$-0.04B,$0.07B,-61.65%,$-0.04B,$-0.00B,3280.00%,$-0.04B,$0.18B,-21.44%,$-0.04B,$0.15B,-23.38%,$24,$14,$10,$1,$7,$22,$1,$-0,$1,$0,$1,$1,$1,$1,$1,$21,26,$0.04,$0.05,$36,$33,$2,$93,$10,$0,$70,$1,$90,$183,$21,$82,$0,$94,$115,$1,$48,$0,$68,$183,$10,$0,$0,$0,$-5,$0,$0,$0,$-5,$5,$-12,$0,$0,$0,$0,$0,$0,$-12,$0,$-12,$-12,$-0,$-0,$0,$-3,$-15,$-22,$0,$0
1,2018-06-30,5.0,$0.00,0.0,$3.74,1.34,$-0.28,0.0,$-1.53,0.0,$0.11B,$0.02B,5.23,$0.10B,$0.07B,1.43,$0.10B,$0.04B,42.00%,$0.10B,$-0.04B,-36.00%,$0.10B,$-0.04B,-36.00%,$0.10B,$-0.04B,-36.00%,$0.10B,$-0.04B,-40.00%,$0.10B,$-0.04B,-42.00%,$-0.04B,$0.07B,-55.26%,$-0.04B,$-0.00B,-1527.27%,$-0.04B,$0.19B,-20.31%,$-0.04B,$0.16B,-21.02%,$25,$14,$11,$1,$8,$23,$2,$-1,$1,$0,$1,$1,$1,$2,$2,$21,26,$0.03,$0.07,$49,$35,$1,$109,$8,$0,$68,$1,$86,$194,$21,$95,$0,$107,$128,$1,$47,$0,$67,$194,$6,$0,$0,$0,$-4,$0,$0,$0,$-4,$2,$-8,$0,$0,$0,$0,$0,$0,$-8,$0,$0,$0,$-0,$-0,$0,$-2,$-3,$-8,$0,$0
2,2018-03-31,5.15,$0.00,0.0,$3.72,1.38,$-0.19,0.0,$-1.52,0.0,$0.11B,$0.02B,5.03,$0.10B,$0.07B,1.45,$0.10B,$0.04B,42.00%,$0.10B,$-0.04B,-36.00%,$0.10B,$-0.04B,-36.00%,$0.10B,$-0.04B,-36.00%,$0.10B,$-0.04B,-40.00%,$0.10B,$-0.04B,-42.00%,$-0.04B,$0.07B,-48.84%,$-0.04B,$-0.00B,-579.31%,$-0.04B,$0.20B,-19.13%,$-0.04B,$0.16B,-19.86%,$24,$13,$10,$1,$7,$22,$2,$-1,$1,$0,$0,$0,$0,$2,$2,$21,26,$0.02,$0.07,$54,$34,$1,$111,$7,$0,$66,$1,$83,$195,$22,$95,$0,$107,$129,$1,$47,$0,$66,$195,$3,$0,$0,$0,$0,$0,$-3,$0,$-3,$1,$-4,$0,$0,$0,$0,$0,$0,$-4,$0,$0,$0,$-0,$-0,$0,$0,$-0,$-4,$0,$0
3,2017-12-31,5.1,$0.00,0.0,$3.67,1.39,$-0.19,0.0,$-1.49,0.0,$0.11B,$0.02B,5.3,$0.10B,$0.07B,1.45,$0.10B,$0.04B,42.00%,$0.10B,$-0.04B,-37.00%,$0.10B,$-0.04B,-37.00%,$0.10B,$-0.04B,-37.00%,$0.10B,$-0.04B,-40.00%,$0.10B,$-0.04B,-41.00%,$-0.04B,$0.07B,-42.38%,$-0.04B,$0.00B,-328.00%,$-0.04B,$0.19B,-17.67%,$-0.04B,$0.16B,-19.25%,$25,$14,$10,$2,$51,$67,$-42,$-0,$-43,$-2,$-41,$-41,$-43,$-42,$-42,$22,27,$-1.98,$-2.04,$58,$33,$1,$113,$6,$0,$65,$1,$80,$193,$21,$95,$1,$106,$127,$1,$46,$0,$65,$193,$-40,$5,$45,$50,$0,$-2,$2,$0,$-0,$9,$-5,$-10,$0,$0,$0,$0,$-1,$-16,$0,$0,$0,$-8,$-8,$0,$-5,$-13,$-20,$1,$0
4,2017-09-30,5.61,$0.00,0.0,$3.60,1.56,$-0.14,0.0,$-3.62,0.0,$0.12B,$0.02B,5.16,$0.10B,$0.11B,0.9,$0.10B,$0.04B,42.42%,$0.10B,$-0.04B,-42.42%,$0.10B,$-0.04B,-42.42%,$0.10B,$-0.04B,-42.42%,$0.10B,$-0.04B,-40.40%,$0.10B,$-0.10B,-100.00%,$-0.10B,$0.11B,-91.88%,$-0.10B,$0.01B,-557.75%,$-0.10B,$0.25B,-40.20%,$-0.04B,$0.20B,-20.72%,$26,$15,$11,$1,$8,$24,$2,$-1,$1,$0,$0,$0,$0,$2,$2,$21,27,$0.02,$0.06,$63,$33,$1,$121,$15,$0,$92,$1,$123,$245,$24,$95,$1,$115,$138,$1,$90,$0,$106,$245,$10,$0,$0,$0,$-2,$0,$0,$0,$-2,$8,$-11,$0,$0,$0,$0,$0,$0,$-11,$0,$0,$0,$-6,$-6,$0,$-5,$-12,$-15,$0,$0
5,2017-06-30,6.0,$0.00,0.0,$3.56,1.69,$-0.31,0.0,$-3.66,0.0,$0.12B,$0.02B,5.32,$0.10B,$0.11B,0.89,$0.10B,$0.04B,43.43%,$0.10B,$-0.04B,-41.41%,$0.10B,$-0.04B,-41.41%,$0.10B,$-0.04B,-41.41%,$0.10B,$-0.04B,-41.41%,$0.10B,$-0.10B,-101.01%,$-0.10B,$0.11B,-74.77%,$-0.10B,$0.02B,-425.53%,$-0.10B,$0.25B,-36.36%,$-0.04B,$0.20B,-17.81%,$25,$15,$11,$1,$8,$24,$2,$-1,$1,$0,$1,$1,$1,$2,$2,$22,27,$0.04,$0.07,$64,$34,$1,$124,$14,$0,$90,$1,$121,$245,$23,$95,$1,$115,$138,$1,$91,$0,$107,$245,$6,$0,$0,$0,$-3,$0,$0,$0,$-3,$4,$-7,$0,$0,$0,$0,$0,$0,$-7,$0,$0,$0,$-5,$-5,$0,$-5,$-10,$-13,$0,$0
6,2017-03-31,5.96,$0.00,0.0,$3.54,1.68,$-0.46,0.0,$-3.61,0.0,$0.13B,$0.02B,5.98,$0.10B,$0.11B,0.87,$0.10B,$0.04B,44.00%,$0.10B,$-0.04B,-41.00%,$0.10B,$-0.04B,-41.00%,$0.10B,$-0.04B,-41.00%,$0.10B,$-0.04B,-40.00%,$0.10B,$-0.10B,-99.00%,$-0.10B,$0.11B,-61.97%,$-0.10B,$0.02B,-330.00%,$-0.10B,$0.25B,-32.65%,$-0.04B,$0.21B,-15.94%,$24,$14,$10,$1,$7,$22,$1,$0,$1,$0,$1,$1,$1,$1,$1,$22,27,$0.06,$0.05,$70,$33,$1,$126,$14,$0,$89,$1,$119,$245,$21,$95,$1,$115,$136,$1,$93,$0,$109,$245,$2,$0,$0,$0,$0,$0,$-2,$0,$-2,$0,$-4,$0,$0,$0,$0,$0,$0,$-3,$0,$0,$0,$-2,$-2,$0,$-2,$-4,$-7,$0,$0
7,2016-12-31,6.92,$4.52,1.53,$5.97,1.16,$-0.82,0.0,$-3.72,0.0,$0.13B,$0.03B,5.28,$0.09B,$0.11B,0.86,$0.10B,$0.04B,44.00%,$0.10B,$-0.04B,-40.00%,$0.10B,$-0.04B,-40.00%,$0.10B,$-0.04B,-40.00%,$0.10B,$-0.04B,-42.00%,$0.10B,$-0.10B,-101.00%,$-0.10B,$0.11B,-54.45%,$-0.10B,$0.02B,-274.83%,$-0.10B,$0.25B,-30.42%,$-0.04B,$0.20B,-14.07%,$24,$14,$10,$1,$55,$70,$-47,$4,$-43,$-4,$-39,$-39,$-101,$-47,$-47,$23,28,$-4.22,$-4.33,$77,$33,$1,$133,$13,$0,$87,$1,$116,$250,$25,$93,$4,$116,$141,$1,$110,$0,$109,$250,$-101,$6,$107,$113,$1,$-4,$1,$0,$-2,$10,$-4,$-17,$0,$0,$0,$0,$-1,$-22,$0,$0,$0,$-8,$-8,$0,$-5,$-13,$-25,$1,$0
8,2016-09-30,13.22,$0.00,0.0,$6.00,2.2,$-0.83,0.0,$0.11,120.18,$0.15B,$0.02B,7.27,$0.10B,$0.21B,0.48,$0.10B,$0.05B,44.55%,$0.10B,$0.01B,9.90%,$0.10B,$0.01B,9.90%,$0.10B,$0.01B,9.90%,$0.10B,$0.00B,3.96%,$0.10B,$0.00B,2.97%,$0.00B,$0.21B,1.42%,$0.00B,$0.04B,6.70%,$0.00B,$0.36B,0.83%,$0.01B,$0.31B,3.22%,$26,$14,$12,$1,$8,$23,$3,$-3,$-0,$0,$-1,$-1,$-1,$3,$3,$23,28,$-0.02,$0.10,$85,$40,$1,$151,$21,$0,$173,$1,$209,$360,$21,$101,$2,$129,$150,$1,$197,$0,$210,$360,$13,$0,$0,$0,$0,$0,$-3,$0,$-3,$9,$-17,$0,$0,$0,$0,$0,$0,$-17,$0,$0,$0,$-6,$-6,$0,$-3,$-9,$-17,$0,$0
9,2016-06-30,11.34,$0.00,0.0,$5.97,1.9,$-0.91,0.0,$0.66,17.18,$0.15B,$0.02B,7.59,$0.10B,$0.21B,0.47,$0.10B,$0.05B,44.55%,$0.10B,$0.01B,9.90%,$0.10B,$0.01B,9.90%,$0.10B,$0.01B,9.90%,$0.10B,$0.02B,16.83%,$0.10B,$0.02B,15.84%,$0.02B,$0.21B,7.55%,$0.02B,$0.04B,32.49%,$0.02B,$0.36B,4.45%,$0.01B,$0.31B,3.23%,$26,$14,$12,$1,$8,$24,$2,$-0,$2,$0,$2,$2,$2,$2,$2,$23,28,$0.09,$0.09,$85,$39,$1,$153,$22,$0,$169,$1,$205,$358,$20,$99,$2,$127,$147,$1,$198,$0,$211,$358,$8,$0,$0,$0,$0,$0,$-4,$0,$-4,$4,$-11,$0,$0,$0,$0,$0,$0,$-11,$0,$0,$0,$-6,$-6,$0,$-3,$-9,$-17,$0,$0
10,2016-03-31,11.66,$0.00,0.0,$5.89,1.98,$-0.94,0.0,$0.67,17.4,$0.16B,$0.02B,7.86,$0.10B,$0.21B,0.47,$0.10B,$0.04B,44.44%,$0.10B,$0.01B,11.11%,$0.10B,$0.01B,11.11%,$0.10B,$0.01B,11.11%,$0.10B,$0.02B,18.18%,$0.10B,$0.02B,17.17%,$0.02B,$0.21B,8.08%,$0.02B,$0.05B,32.69%,$0.02B,$0.36B,4.73%,$0.01B,$0.31B,3.88%,$24,$13,$10,$1,$7,$22,$2,$-3,$-1,$0,$-1,$-1,$-1,$2,$2,$5,7,$-0.23,$-0.23,$97,$36,$1,$159,$21,$0,$165,$1,$201,$360,$20,$100,$2,$127,$148,$1,$199,$0,$212,$360,$3,$0,$0,$0,$-1,$0,$0,$0,$-1,$2,$-5,$0,$0,$0,$0,$0,$-0,$-6,$0,$0,$0,$-1,$-1,$0,$0,$-1,$-5,$0,$0
11,2015-12-31,11.76,$8.93,1.32,$3.68,3.2,$-0.44,0.0,$0.90,13.07,$0.16B,$0.02B,8.1,$0.09B,$0.21B,0.43,$0.10B,$0.05B,46.00%,$0.10B,$0.01B,13.00%,$0.10B,$0.01B,13.00%,$0.10B,$0.01B,13.00%,$0.10B,$0.02B,23.00%,$0.10B,$0.02B,22.00%,$0.02B,$0.21B,10.59%,$0.02B,$0.05B,40.93%,$0.02B,$0.36B,6.64%,$0.01B,$0.31B,5.09%,$25,$14,$11,$2,$6,$22,$3,$-0,$3,$-0,$3,$3,$3,$3,$3,$23,29,$0.12,$0.10,$102,$35,$1,$163,$21,$5,$161,$1,$200,$364,$20,$93,$12,$130,$150,$1,$209,$0,$214,$364,$22,$6,$-7,$6,$-1,$-2,$-3,$0,$-6,$13,$-7,$-19,$0,$0,$0,$0,$-21,$-28,$0,$115,$0,$3,$3,$-5,$-5,$108,$93,$2,$-5
12,2015-09-30,11.44,$0.00,0.0,$3.94,2.9,$-0.32,0.0,$0.98,11.67,$0.17B,$0.02B,8.54,$0.10B,$0.21B,0.47,$0.10B,$0.05B,46.08%,$0.10B,$0.01B,10.78%,$0.10B,$0.01B,10.78%,$0.10B,$0.01B,10.78%,$0.10B,$0.02B,21.57%,$0.10B,$0.02B,22.55%,$0.02B,$0.21B,11.30%,$0.02B,$0.06B,42.99%,$0.02B,$0.36B,7.63%,$0.01B,$0.31B,4.82%,$26,$14,$12,$1,$8,$23,$3,$10,$13,$0,$12,$12,$12,$3,$3,$23,29,$0.53,$0.10,$104,$37,$0,$168,$0,$0,$156,$1,$168,$355,$20,$99,$4,$125,$144,$1,$199,$0,$211,$355,$14,$0,$0,$0,$0,$0,$-9,$0,$-9,$5,$-16,$0,$0,$0,$0,$0,$0,$-16,$111,$0,$111,$0,$0,$-5,$0,$105,$95,$0,$-5
13,2015-06-30,18.06,$0.00,0.0,$4.19,4.31,$0.00,0.0,$0.63,28.67,$0.18B,$0.02B,8.71,$0.00B,$0.21B,0.0,$0.10B,$0.05B,46.60%,$0.10B,$0.01B,12.62%,$0.10B,$0.01B,12.62%,$0.10B,$0.01B,12.62%,$0.10B,$0.01B,13.59%,$0.10B,$0.02B,14.56%,$0.02B,$0.21B,7.52%,$0.02B,$0.05B,28.30%,$0.02B,$0.36B,5.52%,$0.01B,$0.21B,6.52%,$24,$13,$11,$1,$7,$21,$3,$-0,$3,$0,$3,$3,$3,$3,$3,$23,29,$0.12,$0.10,$110,$38,$0,$177,$0,$0,$152,$1,$164,$360,$20,$0,$112,$134,$155,$1,$191,$0,$205,$360,$10,$0,$0,$0,$0,$0,$-7,$0,$-7,$3,$-11,$0,$0,$0,$0,$0,$0,$-11,$0,$111,$111,$0,$0,$0,$-1,$110,$101,$0,$0
14,2015-03-31,19.02,$0.00,0.0,$4.45,4.27,$-0.03,0.0,$0.71,26.78,$0.07B,$0.02B,3.42,$0.00B,$0.20B,0.0,$0.11B,$0.05B,47.62%,$0.11B,$0.02B,14.29%,$0.11B,$0.02B,14.29%,$0.11B,$0.02B,14.29%,$0.11B,$0.02B,15.24%,$0.11B,$0.02B,15.24%,$0.02B,$0.20B,8.11%,$0.02B,$0.05B,29.49%,$0.02B,$0.25B,6.63%,$0.02B,$0.20B,7.60%,$25,$13,$12,$1,$7,$21,$4,$-0,$4,$0,$4,$4,$4,$4,$4,$23,24,$0.17,$0.17,$6,$37,$0,$71,$0,$0,$148,$1,$158,$247,$21,$0,$3,$25,$46,$1,$188,$0,$201,$247,$0,$0,$0,$0,$0,$0,$0,$0,$0,$0,$0,$0,$0,$0,$0,$0,$0,$0,$0,$0,$0,$0,$0,$0,$0,$0,$0,$0,$0
15,2014-12-31,17.3,$8.35,2.07,$4.42,3.92,$-0.21,0.0,$0.72,24.02,$0.07B,$0.02B,3.13,$0.00B,$0.20B,0.0,$0.11B,$0.05B,47.62%,$0.11B,$0.02B,15.24%,$0.11B,$0.02B,15.24%,$0.11B,$0.02B,15.24%,$0.11B,$0.02B,16.19%,$0.11B,$0.02B,15.24%,$0.02B,$0.20B,8.24%,$0.02B,$0.05B,29.36%,$0.02B,$0.24B,6.76%,$0.02B,$0.20B,8.24%,$27,$15,$12,$1,$9,$25,$1,$0,$2,$-0,$2,$4,$4,$1,$1,$23,23,$0.18,$0.18,$9,$34,$0,$69,$38,$0,$145,$1,$194,$243,$22,$0,$2,$24,$46,$1,$191,$0,$197,$243,$17,$4,$-1,$4,$-1,$-4,$1,$0,$5,$16,$-8,$-19,$0,$0,$0,$0,$-19,$-28,$0,$0,$0,$4,$4,$0,$-5,$-1,$-13,$1,$-5
16,2014-09-30,18.05,$0.00,0.0,$4.33,4.17,$-0.34,0.0,$0.73,24.72,$0.07B,$0.02B,4.31,$0.00B,$0.20B,0.0,$0.10B,$0.05B,48.54%,$0.10B,$0.01B,10.68%,$0.10B,$0.01B,10.68%,$0.10B,$0.02B,14.56%,$0.10B,$0.01B,10.68%,$0.10B,$0.02B,16.50%,$0.02B,$0.20B,8.91%,$0.02B,$0.05B,30.91%,$0.02B,$0.24B,7.31%,$0.01B,$0.20B,5.77%,$27,$14,$13,$1,$7,$23,$5,$0,$5,$0,$4,$4,$4,$5,$5,$23,24,$0.19,$0.18,$9,$34,$0,$68,$0,$0,$142,$1,$153,$237,$16,$0,$5,$26,$42,$1,$179,$0,$195,$237,$6,$0,$0,$0,$0,$0,$0,$0,$-1,$6,$-6,$0,$0,$0,$0,$0,$0,$-6,$0,$0,$0,$0,$0,$-5,$0,$-5,$-6,$0,$0
17,2014-06-30,22.75,$0.00,0.0,$4.21,5.4,$-0.57,0.0,$0.42,54.17,$0.08B,$0.02B,4.39,$0.00B,$0.20B,0.0,$0.10B,$0.05B,49.00%,$0.10B,$0.01B,11.00%,$0.10B,$0.01B,11.00%,$0.10B,$0.02B,15.00%,$0.10B,$0.01B,11.00%,$0.10B,$0.01B,10.00%,$0.01B,$0.20B,5.38%,$0.01B,$0.06B,18.52%,$0.01B,$0.24B,4.37%,$0.01B,$0.20B,5.92%,$26,$13,$13,$1,$6,$21,$5,$-0,$5,$0,$4,$4,$4,$5,$5,$23,24,$0.19,$0.18,$15,$33,$0,$76,$0,$0,$138,$1,$148,$238,$17,$0,$5,$25,$42,$1,$179,$0,$196,$238,$0,$0,$0,$0,$0,$0,$0,$0,$-10,$1,$-9,$0,$0,$0,$0,$0,$1,$-9,$0,$0,$0,$0,$0,$0,$0,$0,$-7,$0,$0
18,2014-03-31,23.72,$0.00,0.0,$4.06,5.85,$-0.44,0.0,$0.41,57.85,$0.07B,$0.02B,4.33,$0.00B,$0.19B,0.0,$0.10B,$0.05B,49.47%,$0.10B,$0.01B,10.53%,$0.10B,$0.01B,10.53%,$0.10B,$0.01B,14.74%,$0.10B,$0.01B,10.53%,$0.10B,$0.01B,10.53%,$0.01B,$0.19B,5.54%,$0.01B,$0.06B,15.87%,$0.01B,$0.23B,4.54%,$0.01B,$0.19B,5.54%,$25,$13,$12,$1,$7,$21,$5,$0,$5,$0,$4,$4,$4,$5,$5,$22,24,$0.20,$0.18,$17,$31,$0,$72,$0,$0,$134,$1,$143,$229,$17,$0,$5,$23,$40,$1,$174,$0,$189,$229,$0,$0,$0,$0,$0,$0,$0,$0,$0,$1,$-5,$0,$0,$0,$0,$0,$0,$-5,$0,$0,$0,$0,$0,$0,$0,$0,$-5,$0,$0
19,2013-12-31,24.61,$0.00,0.0,$3.91,6.29,$-0.34,0.0,$0.41,60.02,$0.08B,$0.02B,3.66,$0.00B,$0.18B,0.0,$0.09B,$0.05B,50.00%,$0.09B,$0.01B,10.00%,$0.09B,$0.01B,10.00%,$0.09B,$0.01B,14.44%,$0.09B,$0.01B,11.11%,$0.09B,$0.01B,11.11%,$0.01B,$0.18B,5.65%,$0.01B,$0.05B,13.56%,$0.01B,$0.23B,4.68%,$0.01B,$0.18B,5.08%,$25,$13,$12,$1,$15,$29,$-4,$0,$-4,$-0,$-3,$5,$5,$-0,$-4,$22,24,$0.21,$0.19,$22,$30,$0,$77,$0,$0,$129,$1,$137,$226,$21,$0,$5,$22,$43,$1,$176,$0,$183,$226,$10,$4,$7,$4,$-7,$-7,$3,$0,$-11,$9,$-4,$-19,$-38,$0,$0,$0,$-19,$-61,$0,$0,$0,$4,$4,$-4,$-0,$-1,$-53,$2,$-4
20,2013-09-30,21.3,$0.00,0.0,$3.78,5.63,$0.22,96.38,$0.42,50.71,$0.08B,$0.02B,3.37,$0.00B,$0.18B,0.0,$0.09B,$0.04B,51.16%,$0.09B,$0.02B,19.77%,$0.09B,$0.02B,19.77%,$0.09B,$0.02B,23.26%,$0.09B,$0.02B,22.09%,$0.09B,$0.01B,10.47%,$0.01B,$0.18B,5.19%,$0.01B,$0.05B,10.68%,$0.01B,$0.22B,4.36%,$0.02B,$0.18B,9.80%,$24,$12,$12,$1,$6,$19,$5,$0,$5,$1,$5,$-3,$-3,$5,$5,$22,23,$-0.14,$-0.13,$27,$27,$0,$78,$0,$0,$126,$1,$133,$223,$23,$0,$6,$25,$48,$1,$163,$0,$175,$223,$0,$0,$0,$0,$0,$0,$0,$0,$-8,$8,$-15,$0,$0,$0,$0,$0,$1,$-14,$0,$0,$0,$0,$0,$-4,$-38,$-42,$-48,$0,$0
21,2013-06-30,16.49,$0.00,0.0,$3.68,4.48,$0.73,22.56,$0.75,21.99,$0.11B,$0.02B,7.31,$0.00B,$0.18B,0.0,$0.08B,$0.04B,51.81%,$0.08B,$0.02B,19.28%,$0.08B,$0.02B,19.28%,$0.08B,$0.02B,22.89%,$0.08B,$0.02B,22.89%,$0.08B,$0.02B,19.28%,$0.02B,$0.18B,9.36%,$0.02B,$0.09B,16.54%,$0.02B,$0.20B,8.07%,$0.02B,$0.18B,9.36%,$21,$11,$11,$1,$6,$17,$4,$0,$4,$0,$4,$4,$4,$4,$4,$22,23,$0.18,$0.17,$66,$23,$0,$107,$0,$0,$80,$1,$86,$203,$15,$0,$2,$14,$29,$1,$163,$0,$175,$203,$0,$0,$0,$0,$0,$0,$0,$0,$-5,$6,$-10,$0,$0,$0,$0,$0,$0,$-10,$0,$0,$0,$0,$0,$-4,$0,$-4,$-9,$0,$0
22,2013-03-31,16.33,$0.00,0.0,$3.67,4.45,$1.58,10.33,$0.77,21.21,$0.11B,$0.01B,7.84,$0.00B,$0.18B,0.0,$0.08B,$0.04B,51.81%,$0.08B,$0.02B,19.28%,$0.08B,$0.02B,19.28%,$0.08B,$0.02B,22.89%,$0.08B,$0.02B,24.10%,$0.08B,$0.02B,19.28%,$0.02B,$0.18B,9.57%,$0.02B,$0.10B,16.41%,$0.02B,$0.20B,8.27%,$0.02B,$0.18B,9.57%,$20,$10,$10,$1,$5,$16,$4,$0,$5,$0,$4,$4,$4,$4,$4,$22,23,$0.19,$0.18,$73,$23,$0,$112,$0,$0,$77,$1,$82,$203,$14,$0,$3,$15,$29,$1,$164,$0,$175,$203,$0,$0,$0,$0,$0,$0,$0,$0,$0,$3,$-5,$0,$0,$0,$0,$0,$0,$-5,$0,$0,$0,$0,$0,$0,$0,$0,$-2,$0,$0
23,2012-12-31,13.95,$0.00,0.0,$3.68,3.79,$1.73,8.09,$0.78,17.89,$0.11B,$0.01B,8.53,$0.00B,$0.17B,0.0,$0.08B,$0.04B,51.81%,$0.08B,$0.02B,19.28%,$0.08B,$0.02B,19.28%,$0.08B,$0.02B,22.89%,$0.08B,$0.02B,24.10%,$0.08B,$0.02B,19.28%,$0.02B,$0.17B,9.80%,$0.02B,$0.10B,16.37%,$0.02B,$0.20B,8.50%,$0.02B,$0.17B,9.80%,$21,$10,$11,$1,$5,$16,$4,$1,$5,$0,$4,$4,$4,$7,$4,$21,23,$0.21,$0.20,$75,$21,$0,$110,$0,$0,$73,$1,$78,$197,$13,$0,$4,$15,$28,$1,$166,$0,$169,$197,$17,$3,$0,$3,$0,$0,$0,$0,$-3,$20,$-3,$0,$5,$0,$0,$0,$-13,$-10,$0,$-0,$0,$0,$-3,$-3,$-0,$-6,$4,$0,$0
24,2012-09-30,12.16,$0.00,0.0,$3.71,3.28,$1.81,6.72,$0.76,16.0,$0.11B,$0.01B,8.04,$0.00B,$0.17B,0.0,$0.08B,$0.04B,51.22%,$0.08B,$0.02B,20.73%,$0.08B,$0.02B,20.73%,$0.08B,$0.02B,23.17%,$0.08B,$0.02B,24.39%,$0.08B,$0.02B,19.51%,$0.02B,$0.17B,10.08%,$0.02B,$0.10B,15.96%,$0.02B,$0.19B,8.80%,$0.02B,$0.17B,10.71%,$21,$10,$11,$1,$6,$16,$4,$1,$5,$0,$4,$4,$4,$4,$4,$22,22,$0.21,$0.20,$74,$21,$0,$112,$0,$0,$66,$1,$70,$190,$14,$0,$3,$11,$25,$1,$155,$0,$165,$190,$0,$0,$0,$0,$0,$0,$0,$0,$-3,$14,$-9,$0,$-6,$0,$0,$0,$0,$-15,$0,$0,$0,$0,$-4,$-3,$10,$3,$3,$0,$0
25,2012-06-30,11.61,$0.00,0.0,$3.71,3.13,$2.04,5.7,$0.74,15.69,$0.11B,$0.01B,8.09,$0.00B,$0.16B,0.0,$0.08B,$0.04B,50.62%,$0.08B,$0.02B,20.99%,$0.08B,$0.02B,20.99%,$0.08B,$0.02B,23.46%,$0.08B,$0.02B,24.69%,$0.08B,$0.02B,19.75%,$0.02B,$0.16B,10.34%,$0.02B,$0.10B,15.72%,$0.02B,$0.18B,9.05%,$0.02B,$0.16B,10.99%,$21,$10,$11,$1,$6,$17,$4,$1,$5,$1,$4,$4,$4,$4,$4,$21,22,$0.20,$0.19,$74,$21,$0,$110,$0,$0,$62,$1,$66,$184,$14,$0,$3,$11,$24,$1,$151,$0,$160,$184,$0,$0,$0,$0,$0,$0,$0,$0,$-3,$20,$-5,$0,$-6,$0,$0,$0,$0,$-11,$0,$0,$0,$0,$-3,$-3,$0,$-6,$3,$0,$0
26,2012-03-31,10.19,$0.00,0.0,$3.69,2.76,$1.70,5.98,$0.72,14.15,$0.11B,$0.01B,9.15,$0.00B,$0.16B,0.0,$0.08B,$0.04B,50.63%,$0.08B,$0.02B,21.52%,$0.08B,$0.02B,21.52%,$0.08B,$0.02B,24.05%,$0.08B,$0.02B,25.32%,$0.08B,$0.02B,20.25%,$0.02B,$0.16B,10.56%,$0.02B,$0.10B,15.42%,$0.02B,$0.18B,9.26%,$0.02B,$0.16B,11.22%,$20,$10,$10,$1,$5,$16,$4,$1,$5,$1,$4,$4,$4,$4,$4,$21,22,$0.19,$0.19,$65,$19,$0,$111,$0,$0,$60,$1,$63,$182,$12,$0,$3,$11,$23,$1,$151,$0,$159,$182,$0,$0,$0,$0,$0,$0,$0,$0,$-2,$4,$-2,$0,$-6,$0,$0,$0,$0,$-8,$0,$0,$0,$0,$-0,$0,$0,$-0,$-6,$0,$0
27,2011-12-31,9.72,$0.00,0.0,$3.63,2.68,$1.82,5.35,$0.70,13.89,$0.12B,$0.01B,8.63,$0.00B,$0.15B,0.0,$0.08B,$0.04B,51.28%,$0.08B,$0.02B,20.51%,$0.08B,$0.02B,20.51%,$0.08B,$0.02B,23.08%,$0.08B,$0.02B,24.36%,$0.08B,$0.02B,20.51%,$0.02B,$0.15B,10.81%,$0.02B,$0.11B,15.24%,$0.02B,$0.17B,9.48%,$0.02B,$0.15B,10.81%,$20,$10,$10,$1,$5,$15,$5,$-0,$5,$1,$4,$4,$4,$7,$5,$21,21,$0.19,$0.18,$71,$20,$13,$115,$0,$0,$45,$0,$49,$171,$13,$0,$0,$7,$20,$1,$150,$0,$151,$171,$16,$3,$0,$3,$0,$0,$0,$0,$-1,$20,$-2,$0,$-2,$0,$0,$0,$4,$-0,$0,$0,$0,$0,$-5,$-2,$-0,$-7,$13,$0,$0
28,2011-09-30,8.75,$0.00,0.0,$3.58,2.44,$1.92,4.57,$0.69,12.68,$0.11B,$0.01B,9.17,$0.00B,$0.15B,0.0,$0.08B,$0.04B,51.95%,$0.08B,$0.01B,18.18%,$0.08B,$0.01B,18.18%,$0.08B,$0.01B,18.18%,$0.08B,$0.02B,23.38%,$0.08B,$0.02B,20.78%,$0.02B,$0.15B,11.00%,$0.02B,$0.11B,15.31%,$0.02B,$0.17B,9.62%,$0.01B,$0.15B,9.62%,$20,$10,$10,$1,$5,$16,$4,$1,$5,$1,$4,$4,$4,$4,$4,$21,21,$0.19,$0.18,$71,$19,$0,$114,$0,$0,$44,$1,$48,$170,$12,$0,$0,$8,$21,$1,$145,$0,$149,$170,$0,$0,$0,$0,$0,$0,$0,$0,$-0,$16,$-6,$0,$-2,$0,$0,$0,$11,$3,$0,$0,$0,$0,$-4,$-2,$0,$-6,$13,$0,$0
29,2011-06-30,9.49,$0.00,0.0,$3.54,2.68,$1.45,6.55,$0.65,14.6,$0.11B,$0.01B,8.7,$0.00B,$0.15B,0.0,$0.08B,$0.04B,51.32%,$0.08B,$0.01B,17.11%,$0.08B,$0.01B,17.11%,$0.08B,$0.01B,17.11%,$0.08B,$0.02B,21.05%,$0.08B,$0.02B,19.74%,$0.02B,$0.15B,10.53%,$0.02B,$0.11B,14.49%,$0.02B,$0.17B,9.19%,$0.01B,$0.15B,9.12%,$19,$9,$10,$1,$6,$16,$4,$1,$5,$1,$4,$4,$4,$4,$4,$21,21,$0.18,$0.17,$71,$19,$0,$114,$0,$0,$42,$1,$46,$168,$13,$0,$0,$8,$21,$1,$144,$0,$147,$168,$0,$0,$0,$0,$0,$0,$0,$0,$0,$11,$-4,$0,$11,$0,$0,$0,$0,$7,$0,$0,$0,$0,$0,$-2,$0,$-2,$12,$0,$0
30,2011-03-31,8.87,$0.00,0.0,$3.70,2.4,$1.46,6.08,$2.88,3.08,$0.10B,$0.01B,7.44,$0.00B,$0.15B,0.0,$0.08B,$0.04B,50.00%,$0.08B,$0.01B,16.25%,$0.08B,$0.01B,16.25%,$0.08B,$0.01B,16.25%,$0.08B,$0.06B,77.50%,$0.08B,$0.06B,77.50%,$0.06B,$0.15B,44.60%,$0.06B,$0.10B,60.93%,$0.06B,$0.17B,38.87%,$0.01B,$0.15B,9.35%,$19,$9,$10,$1,$5,$15,$3,$1,$4,$1,$4,$4,$4,$3,$3,$21,22,$0.17,$0.17,$60,$19,$0,$103,$0,$0,$40,$12,$56,$166,$14,$0,$0,$7,$21,$1,$142,$0,$145,$166,$0,$0,$0,$0,$0,$0,$0,$0,$1,$6,$-2,$0,$-1,$0,$0,$0,$0,$-3,$0,$0,$0,$0,$-1,$0,$0,$-1,$2,$0,$0
31,2010-12-31,8.33,$0.00,0.0,$4.23,1.97,$1.42,5.88,$2.86,2.91,$0.10B,$0.01B,8.27,$0.00B,$0.14B,0.0,$0.09B,$0.04B,48.89%,$0.09B,$0.01B,15.56%,$0.09B,$0.01B,15.56%,$0.09B,$0.01B,15.56%,$0.09B,$0.06B,67.78%,$0.09B,$0.06B,67.78%,$0.06B,$0.14B,49.49%,$0.06B,$0.10B,71.98%,$0.06B,$0.16B,40.40%,$0.01B,$0.14B,11.00%,$19,$9,$10,$1,$6,$17,$3,$1,$4,$0,$4,$4,$4,$3,$3,$21,21,$0.17,$0.17,$58,$18,$0,$101,$0,$0,$37,$12,$54,$161,$12,$0,$0,$7,$20,$1,$-21,$0,$141,$161,$60,$3,$0,$3,$0,$0,$0,$0,$2,$23,$-3,$0,$60,$0,$0,$0,$0,$57,$0,$-30,$0,$0,$1,$0,$1,$-28,$52,$0,$0
32,2010-09-30,5.98,$0.00,0.0,$4.79,1.25,$1.06,5.66,$2.84,2.11,$0.10B,$0.01B,7.36,$0.00B,$0.14B,0.0,$0.10B,$0.05B,47.06%,$0.10B,$0.01B,13.73%,$0.10B,$0.01B,13.73%,$0.10B,$0.01B,13.73%,$0.10B,$0.06B,58.82%,$0.10B,$0.06B,58.82%,$0.06B,$0.14B,55.68%,$0.06B,$0.10B,88.89%,$0.06B,$0.16B,41.74%,$0.01B,$0.14B,11.99%,$19,$9,$9,$1,$6,$16,$3,$1,$3,$0,$3,$3,$3,$3,$3,$21,21,$0.14,$0.14,$54,$19,$0,$100,$0,$0,$36,$12,$52,$158,$14,$0,$1,$8,$21,$1,$-29,$0,$137,$158,$0,$0,$0,$0,$0,$0,$0,$0,$0,$0,$0,$0,$0,$0,$0,$0,$0,$0,$0,$0,$0,$0,$0,$0,$0,$0,$0,$0,$0
33,2010-06-30,5.75,$0.00,0.0,$5.42,1.06,$1.06,5.43,$2.84,2.02,$0.10B,$0.01B,7.41,$0.00B,$0.13B,0.0,$0.12B,$0.05B,46.09%,$0.12B,$0.02B,13.04%,$0.12B,$0.02B,13.04%,$0.12B,$0.02B,13.04%,$0.12B,$0.06B,52.17%,$0.12B,$0.06B,52.17%,$0.06B,$0.13B,64.86%,$0.06B,$0.10B,118.81%,$0.06B,$0.15B,43.88%,$0.02B,$0.13B,14.15%,$23,$11,$11,$1,$6,$19,$4,$47,$51,$0,$51,$51,$51,$4,$4,$21,21,$2.40,$2.40,$50,$18,$0,$97,$0,$0,$35,$12,$51,$153,$13,$0,$1,$7,$21,$1,$-33,$0,$133,$153,$0,$0,$0,$0,$0,$0,$0,$0,$2,$10,$-3,$0,$0,$0,$0,$0,$0,$-3,$0,$0,$-30,$0,$0,$0,$67,$37,$44,$0,$0
34,2010-03-31,5.15,$0.00,0.0,$5.90,0.87,$0.83,6.21,$0.58,8.88,$0.07B,$0.03B,2.61,$0.02B,$0.08B,0.2,$0.12B,$0.06B,45.97%,$0.12B,$0.02B,12.10%,$0.12B,$0.02B,12.10%,$0.12B,$0.02B,12.10%,$0.12B,$0.01B,9.68%,$0.12B,$0.01B,9.68%,$0.01B,$0.08B,15.53%,$0.01B,$0.04B,35.56%,$0.01B,$0.13B,9.14%,$0.02B,$0.10B,15.63%,$29,$15,$14,$2,$8,$25,$4,$-0,$3,$0,$3,$3,$3,$4,$4,$21,21,$0.15,$0.15,$6,$40,$0,$67,$0,$0,$46,$1,$53,$132,$26,$16,$0,$25,$50,$1,$-84,$0,$82,$132,$5,$0,$0,$0,$0,$0,$0,$0,$0,$5,$-2,$0,$0,$0,$0,$0,$-0,$-3,$0,$0,$-2,$0,$0,$0,$0,$-2,$0,$0,$0
35,2009-12-31,3.82,$0.00,0.0,$6.01,0.64,$0.70,5.49,$0.55,6.94,$0.07B,$0.03B,2.67,$0.02B,$0.08B,0.24,$0.13B,$0.06B,45.24%,$0.13B,$0.01B,11.11%,$0.13B,$0.01B,11.11%,$0.13B,$0.01B,11.11%,$0.13B,$0.01B,9.52%,$0.13B,$0.01B,9.52%,$0.01B,$0.08B,16.33%,$0.01B,$0.04B,37.80%,$0.01B,$0.13B,9.27%,$0.01B,$0.10B,14.97%,$31,$17,$14,$2,$8,$27,$3,$-0,$3,$-0,$3,$3,$3,$3,$3,$21,21,$0.16,$0.15,$6,$39,$0,$68,$0,$0,$45,$1,$52,$132,$26,$19,$0,$27,$53,$1,$-87,$0,$79,$132,$12,$4,$0,$4,$0,$0,$0,$0,$-4,$15,$-2,$0,$0,$0,$0,$0,$-8,$-10,$0,$0,$-5,$0,$1,$0,$1,$-4,$1,$0,$0
36,2009-09-30,3.73,$0.00,0.0,$6.18,0.6,$0.48,7.81,$-3.52,0.0,$0.07B,$0.03B,2.3,$0.02B,$0.08B,0.23,$0.13B,$0.06B,44.96%,$0.13B,$-0.08B,-58.91%,$0.13B,$-0.08B,-58.91%,$0.13B,$-0.08B,-58.91%,$0.13B,$-0.08B,-59.69%,$0.13B,$-0.07B,-56.59%,$-0.07B,$0.08B,-103.91%,$-0.07B,$0.03B,-245.38%,$-0.07B,$0.13B,-56.59%,$-0.08B,$0.09B,-83.52%,$32,$17,$14,$2,$9,$28,$4,$-0,$3,$0,$3,$3,$3,$4,$4,$21,21,$0.15,$0.14,$4,$41,$1,$72,$0,$0,$43,$1,$46,$130,$31,$18,$0,$23,$54,$1,$-91,$0,$76,$130,$0,$0,$0,$0,$0,$0,$0,$0,$0,$0,$0,$0,$0,$0,$0,$0,$0,$0,$0,$0,$0,$0,$0,$0,$0,$0,$0,$0,$0
37,2009-06-30,4.18,$0.00,0.0,$6.38,0.66,$0.48,8.74,$-3.60,0.0,$0.08B,$0.03B,2.24,$0.02B,$0.07B,0.29,$0.13B,$0.06B,45.11%,$0.13B,$-0.08B,-58.65%,$0.13B,$-0.08B,-58.65%,$0.13B,$-0.08B,-58.65%,$0.13B,$-0.08B,-58.65%,$0.13B,$-0.08B,-56.39%,$-0.08B,$0.07B,-84.99%,$-0.08B,$0.03B,-240.00%,$-0.08B,$0.13B,-49.83%,$-0.08B,$0.09B,-70.75%,$32,$18,$15,$2,$9,$28,$4,$-0,$3,$0,$3,$3,$3,$4,$4,$21,21,$0.14,$0.14,$5,$42,$1,$75,$0,$0,$41,$1,$45,$131,$33,$21,$0,$26,$59,$1,$-94,$0,$72,$131,$0,$0,$0,$0,$0,$0,$0,$0,$-2,$7,$-4,$0,$0,$0,$0,$0,$-0,$-5,$0,$-2,$0,$0,$0,$0,$0,$-2,$-0,$0,$0
38,2009-03-31,1.65,$0.00,0.0,$6.59,0.25,$0.38,4.39,$-3.67,0.0,$0.07B,$0.03B,2.14,$0.02B,$0.00B,0.0,$0.14B,$0.06B,44.53%,$0.14B,$-0.08B,-58.39%,$0.14B,$-0.08B,-58.39%,$0.14B,$-0.08B,-58.39%,$0.14B,$-0.08B,-57.66%,$0.14B,$-0.08B,-55.47%,$-0.08B,$0.07B,-71.03%,$-0.08B,$0.03B,-226.87%,$-0.08B,$0.13B,-44.19%,$-0.08B,$0.09B,-61.30%,$31,$17,$14,$2,$10,$28,$3,$-0,$3,$0,$3,$3,$3,$3,$3,$21,21,$0.12,$0.12,$3,$41,$0,$70,$0,$0,$40,$1,$43,$125,$33,$20,$0,$25,$57,$0,$0,$0,$67,$125,$0,$0,$0,$0,$0,$0,$0,$0,$0,$0,$0,$0,$0,$0,$0,$0,$0,$0,$0,$0,$0,$0,$0,$0,$0,$0,$0,$0,$0
39,2008-12-31,1.51,$0.00,0.0,$6.90,0.22,$0.38,4.03,$-3.73,0.0,$0.08B,$0.04B,2.11,$0.02B,$0.07B,0.36,$0.14B,$0.06B,45.00%,$0.14B,$-0.08B,-57.86%,$0.14B,$-0.08B,-57.86%,$0.14B,$-0.08B,-57.86%,$0.14B,$-0.08B,-57.86%,$0.14B,$-0.08B,-55.71%,$-0.08B,$0.07B,-62.40%,$-0.08B,$0.03B,-224.46%,$-0.08B,$0.13B,-40.21%,$-0.08B,$0.09B,-56.54%,$34,$19,$15,$2,$100,$121,$-87,$0,$-86,$-4,$-82,$-82,$-82,$-87,$-87,$21,21,$-3.92,$-3.92,$5,$42,$0,$75,$0,$0,$39,$1,$42,$130,$36,$23,$0,$28,$64,$1,$-95,$0,$66,$130,$-78,$8,$0,$8,$0,$0,$0,$0,$-3,$11,$-3,$0,$-3,$0,$0,$0,$-9,$-15,$0,$0,$-5,$0,$6,$0,$-1,$0,$-4,$0,$0
40,2008-09-30,2.67,$0.00,0.0,$7.14,0.37,$0.38,7.08,$-1.96,0.0,$0.08B,$0.04B,2.22,$0.02B,$0.15B,0.16,$0.14B,$0.08B,59.15%,$0.14B,$0.04B,29.58%,$0.14B,$0.04B,29.58%,$0.14B,$0.04B,29.58%,$0.14B,$0.04B,28.87%,$0.14B,$-0.04B,-26.06%,$-0.04B,$0.15B,-25.92%,$-0.04B,$0.04B,-102.78%,$-0.04B,$0.22B,-17.17%,$0.04B,$0.17B,25.97%,$36,$20,$16,$2,$12,$34,$2,$-0,$2,$0,$1,$1,$1,$2,$2,$21,21,$0.06,$0.06,$4,$43,$1,$77,$0,$0,$109,$1,$114,$216,$35,$24,$0,$33,$68,$1,$-13,$0,$148,$216,$0,$0,$0,$0,$0,$0,$0,$0,$0,$0,$0,$0,$0,$0,$0,$0,$0,$0,$0,$0,$0,$0,$0,$0,$0,$0,$0,$0,$0
41,2008-06-30,3.65,$0.00,0.0,$7.21,0.51,$0.38,9.69,$-2.02,0.0,$0.08B,$0.03B,2.39,$0.03B,$0.15B,0.18,$0.14B,$0.08B,59.29%,$0.14B,$0.04B,30.00%,$0.14B,$0.04B,30.00%,$0.14B,$0.04B,30.00%,$0.14B,$0.04B,28.57%,$0.14B,$-0.04B,-27.14%,$-0.04B,$0.15B,-25.33%,$-0.04B,$0.04B,-98.70%,$-0.04B,$0.22B,-17.04%,$0.04B,$0.17B,24.78%,$36,$20,$16,$2,$12,$34,$2,$-0,$2,$0,$2,$2,$2,$2,$2,$21,21,$0.07,$0.07,$7,$42,$1,$78,$0,$0,$108,$1,$113,$217,$33,$27,$0,$37,$69,$1,$-20,$0,$147,$217,$0,$0,$0,$0,$0,$0,$0,$0,$0,$0,$0,$0,$0,$0,$0,$0,$0,$0,$0,$0,$0,$0,$0,$0,$0,$0,$0,$0,$0
42,2008-03-31,4.34,$0.00,0.0,$7.43,0.58,$0.38,11.52,$-1.95,0.0,$0.08B,$0.04B,1.78,$0.00B,$0.14B,0.0,$0.14B,$0.09B,60.28%,$0.14B,$0.04B,31.21%,$0.14B,$0.04B,31.21%,$0.14B,$0.04B,31.21%,$0.14B,$0.04B,29.08%,$0.14B,$-0.04B,-26.24%,$-0.04B,$0.14B,-23.53%,$-0.04B,$0.03B,-89.16%,$-0.04B,$0.21B,-16.03%,$0.04B,$0.14B,24.82%,$34,$18,$16,$2,$12,$33,$2,$-1,$1,$0,$1,$1,$1,$2,$2,$19,19,$0.06,$0.06,$3,$43,$1,$76,$0,$0,$106,$1,$111,$213,$43,$0,$22,$32,$74,$1,$-17,$0,$139,$213,$0,$0,$0,$0,$0,$0,$0,$0,$0,$0,$0,$0,$0,$0,$0,$0,$0,$0,$0,$0,$0,$0,$0,$0,$0,$0,$0,$0,$0
43,2007-12-31,6.44,$0.00,0.0,$7.52,0.86,$0.38,17.1,$-1.86,0.0,$0.08B,$0.04B,1.83,$0.03B,$0.14B,0.19,$0.14B,$0.11B,73.61%,$0.14B,$0.08B,54.86%,$0.14B,$0.08B,54.86%,$0.14B,$0.08B,54.86%,$0.14B,$0.08B,53.47%,$0.14B,$-0.04B,-24.31%,$-0.04B,$0.14B,-28.57%,$-0.04B,$0.03B,-105.26%,$-0.04B,$0.22B,-19.72%,$0.08B,$0.16B,55.44%,$36,$0,$36,$0,$0,$0,$36,$0,$36,$0,$36,$-41,$-41,$36,$36,$19,19,$-2.15,$-2.15,$9,$44,$1,$80,$0,$0,$105,$1,$110,$216,$44,$26,$0,$36,$79,$1,$-19,$0,$137,$216,$-35,$8,$0,$8,$0,$0,$0,$0,$0,$15,$-8,$0,$-8,$0,$0,$0,$8,$-8,$0,$5,$-8,$0,$0,$0,$2,$-1,$6,$0,$0
44,2007-09-30,9.93,$0.00,0.0,$7.52,1.32,$0.16,62.48,$0.38,26.12,$0.09B,$0.03B,2.57,$0.03B,$0.18B,0.14,$0.14B,$0.10B,73.05%,$0.14B,$0.08B,53.90%,$0.14B,$0.08B,53.90%,$0.14B,$0.08B,53.90%,$0.14B,$0.07B,52.48%,$0.14B,$0.01B,5.67%,$0.01B,$0.18B,6.15%,$0.01B,$0.05B,21.77%,$0.01B,$0.25B,4.31%,$0.08B,$0.20B,50.08%,$34,$18,$15,$2,$12,$32,$2,$-1,$1,$1,$0,$0,$0,$2,$2,$19,19,$0.00,$0.00,$4,$56,$0,$86,$0,$0,$127,$0,$135,$246,$34,$25,$0,$36,$70,$1,$22,$0,$177,$246,$0,$0,$0,$0,$0,$0,$0,$0,$0,$0,$0,$0,$0,$0,$0,$0,$0,$0,$0,$0,$0,$0,$0,$0,$0,$0,$0,$0,$0
45,2007-06-30,10.97,$0.00,0.0,$7.51,1.46,$0.16,69.02,$0.52,21.09,$0.09B,$0.03B,2.8,$0.03B,$0.18B,0.17,$0.14B,$0.10B,73.57%,$0.14B,$0.08B,54.29%,$0.14B,$0.08B,54.29%,$0.14B,$0.08B,54.29%,$0.14B,$0.08B,53.57%,$0.14B,$0.01B,7.86%,$0.01B,$0.18B,8.70%,$0.01B,$0.05B,31.21%,$0.01B,$0.25B,5.92%,$0.08B,$0.21B,50.58%,$37,$19,$18,$2,$13,$34,$4,$-1,$3,$0,$3,$3,$3,$4,$4,$19,19,$0.14,$0.14,$9,$52,$0,$94,$0,$0,$124,$0,$132,$248,$33,$29,$0,$39,$73,$1,$21,$0,$176,$248,$0,$0,$0,$0,$0,$0,$0,$0,$0,$0,$0,$0,$0,$0,$0,$0,$0,$0,$0,$0,$0,$0,$0,$0,$0,$0,$0,$0,$0
46,2007-03-31,8.58,$0.00,0.0,$7.05,1.22,$0.16,54.03,$0.26,33.02,$0.00B,$0.00B,0.0,$0.00B,$0.00B,0.0,$0.13B,$0.11B,86.15%,$0.13B,$0.10B,76.15%,$0.13B,$0.10B,76.15%,$0.13B,$0.10B,76.15%,$0.13B,$0.10B,76.15%,$0.13B,$0.01B,4.62%,$0.01B,$0.00B,7.27%,$0.01B,$0.00B,26.97%,$0.01B,$0.00B,4.85%,$0.10B,$0.00B,100.00%,$37,$0,$37,$0,$0,$0,$37,$0,$37,$0,$37,$3,$3,$37,$37,$19,19,$0.15,$0.15,$0,$0,$0,$0,$0,$0,$0,$0,$0,$0,$0,$0,$0,$0,$0,$0,$0,$0,$0,$0,$0,$0,$0,$0,$0,$0,$0,$0,$0,$0,$0,$0,$0,$0,$0,$0,$0,$0,$0,$0,$0,$0,$0,$0,$0,$0,$0,$0,$0
47,2006-12-31,8.1,$0.00,0.0,$6.75,1.2,$0.16,50.99,$0.19,42.65,$0.10B,$0.04B,2.71,$0.03B,$0.17B,0.2,$0.12B,$0.10B,84.75%,$0.12B,$0.09B,73.73%,$0.12B,$0.09B,73.73%,$0.12B,$0.09B,73.73%,$0.12B,$0.09B,73.73%,$0.12B,$0.00B,3.39%,$0.00B,$0.17B,4.85%,$0.00B,$0.05B,17.98%,$0.00B,$0.25B,3.23%,$0.09B,$0.20B,87.88%,$33,$0,$33,$0,$0,$0,$33,$0,$33,$0,$33,$2,$2,$33,$33,$18,18,$0.09,$0.09,$3,$46,$16,$97,$0,$0,$122,$0,$129,$249,$36,$33,$3,$46,$82,$1,$15,$0,$167,$249,$3,$6,$0,$6,$0,$0,$0,$0,$-7,$7,$-5,$0,$-46,$0,$0,$0,$-13,$-63,$0,$6,$19,$0,$24,$0,$0,$49,$-7,$0,$0
