,Date,Stock Price,Book Value per Share,Price to Book Ratio,TTM Sales per Share,Price to Sales Ratio,TTM FCF per Share,Price to FCF Ratio,TTM Net EPS,PE Ratio,Current Assets,Current Liabilities,Current Ratio,Long Term Debt,Shareholder's Equity_x,Debt to Equity Ratio,TTM Revenue_x,TTM Gross Profit,Gross Margin,TTM Revenue_y,TTM Operating Income,Operating Margin,TTM Revenue_x,TTM EBIT,EBIT Margin,TTM Revenue_y,TTM EBITDA,EBITDA Margin,TTM Revenue_x,TTM Pre-Tax Income,Pre-Tax Margin,TTM Revenue_y,TTM Net Income_x,Net Margin,TTM Net Income_y,Shareholder's Equity_y,Return on Equity,TTM Net Income_x,Tangible Equity,Return on Tangible Equity,TTM Net Income_y,Total Assets,Return on Assets,TTM Net Income,LT Investments & Debt,Return on Investment,revenue,cost-goods-sold,gross-profit,research-development-expenses,selling-general-administrative-expenses,operating-expenses,operating-income,total-non-operating-income-expense,pre-tax-income,total-provision-income-taxes,income-after-taxes,income-from-continuous-operations,net-income,ebitda,ebit,basic-shares-outstanding,shares-outstanding,eps-basic-net-earnings-per-share,eps-earnings-per-share-diluted,cash-on-hand,inventory,other-current-assets,total-current-assets,net-property-plant-equipment,long-term-investments,goodwill-intangible-assets-total,other-long-term-assets,total-long-term-assets,total-assets,total-current-liabilities,long-term-debt,other-non-current-liabilities,total-long-term-liabilities,total-liabilities,common-stock-net,retained-earnings-accumulated-deficit,comprehensive-income,total-share-holder-equity,total-liabilities-share-holders-equity,net-income-loss,total-depreciation-amortization-cash-flow,other-non-cash-items,total-non-cash-items,change-in-accounts-receivable,change-in-inventories,change-in-accounts-payable,change-in-assets-liabilities,total-change-in-assets-liabilities,cash-flow-from-operating-activities,net-change-in-property-plant-equipment,net-change-in-intangible-assets,net-acquisitions-divestitures,net-change-in-short-term-investments,net-change-in-long-term-investments,net-change-in-investments-total,investing-activities-other,cash-flow-from-investing-activities,net-long-term-debt,net-current-debt,debt-issuance-retirement-net-total,net-common-equity-issued-repurchased,net-total-equity-issued-repurchased,total-common-preferred-stock-dividends-paid,financial-activities-other,cash-flow-from-financial-activities,net-cash-flow,stock-based-compensation,common-stock-dividends-paid
0,2018-09-30,51.07,$10.48,4.87,$11.33,4.51,$7.06,7.24,$0.16,319.19,$0.93B,$0.45B,2.04,$0.00B,$1.44B,0.0,$1.59B,$1.51B,94.84%,$1.59B,$0.17B,10.69%,$1.59B,$0.17B,10.69%,$1.59B,$0.28B,17.86%,$1.59B,$0.15B,9.62%,$1.59B,$0.02B,1.38%,$0.02B,$1.44B,1.59%,$0.02B,$0.55B,4.51%,$0.02B,$2.19B,0.98%,$0.17B,$1.44B,11.78%,$458,$23,$435,$72,$246,$369,$89,$-2,$87,$18,$69,$69,$69,$117,$89,$138,141,$0.50,$0.49,$663,$0,$0,$926,$256,$0,$889,$93,$1266,$2192,$453,$0,$277,$297,$750,$0,$1035,$-56,$1442,$2192,$105,$85,$93,$178,$-16,$0,$24,$68,$91,$374,$-45,$0,$-24,$0,$63,$63,$-12,$-18,$-230,$-8,$-238,$-97,$-97,$0,$-19,$-354,$-10,$90,$0
1,2018-06-30,55.71,$9.79,5.69,$11.24,4.96,$5.95,9.37,$-0.15,0.0,$1.04B,$0.63B,1.65,$0.00B,$1.35B,0.0,$1.57B,$1.49B,94.97%,$1.57B,$0.12B,7.83%,$1.57B,$0.12B,7.83%,$1.57B,$0.24B,15.09%,$1.57B,$0.10B,6.62%,$1.57B,$-0.02B,-1.40%,$-0.02B,$1.35B,-1.60%,$-0.02B,$0.45B,-4.60%,$-0.02B,$2.30B,-0.96%,$0.12B,$1.35B,8.18%,$433,$24,$409,$68,$263,$384,$49,$-7,$42,$10,$32,$32,$32,$78,$49,$138,140,$0.23,$0.23,$678,$0,$0,$1040,$258,$2,$901,$82,$1264,$2304,$631,$0,$307,$326,$957,$0,$966,$-51,$1347,$2304,$36,$57,$69,$126,$-82,$0,$29,$246,$198,$360,$-31,$0,$-23,$0,$49,$49,$0,$-5,$-230,$-8,$-238,$-97,$-97,$0,$-18,$-353,$-7,$61,$0
2,2018-03-31,40.89,$9.97,4.1,$11.15,3.67,$5.87,6.97,$-0.19,0.0,$0.98B,$0.53B,1.84,$0.00B,$1.39B,0.0,$1.56B,$1.49B,95.20%,$1.56B,$0.12B,7.68%,$1.56B,$0.12B,7.68%,$1.56B,$0.23B,14.85%,$1.56B,$0.11B,6.79%,$1.56B,$-0.03B,-1.73%,$-0.03B,$1.39B,-1.96%,$-0.03B,$0.49B,-5.65%,$-0.03B,$2.24B,-1.16%,$0.12B,$1.39B,7.64%,$378,$20,$358,$67,$240,$355,$23,$-2,$21,$16,$5,$5,$5,$51,$23,$139,140,$0.04,$0.04,$650,$0,$0,$983,$261,$5,$899,$74,$1257,$2240,$534,$0,$300,$316,$850,$0,$935,$-34,$1390,$2240,$5,$28,$29,$57,$-55,$0,$0,$152,$112,$174,$-15,$0,$0,$0,$43,$43,$0,$28,$-230,$0,$-230,$-4,$-4,$0,$-12,$-246,$-38,$29,$0
3,2017-12-31,34.46,$9.81,3.51,$11.02,3.13,$5.53,6.23,$-0.14,0.0,$0.99B,$0.37B,2.67,$0.23B,$1.36B,0.17,$1.56B,$1.48B,95.37%,$1.56B,$0.12B,7.97%,$1.56B,$0.12B,7.97%,$1.56B,$0.24B,15.10%,$1.56B,$0.11B,7.07%,$1.56B,$-0.02B,-1.22%,$-0.02B,$1.36B,-1.38%,$-0.02B,$0.46B,-3.99%,$-0.02B,$2.27B,-0.81%,$0.12B,$1.59B,7.65%,$321,$15,$306,$59,$208,$312,$9,$-6,$3,$87,$-84,$-84,$-84,$38,$9,$140,140,$-0.60,$-0.60,$708,$0,$0,$993,$263,$0,$900,$100,$1279,$2272,$372,$230,$293,$537,$909,$0,$926,$-42,$1363,$2272,$-19,$111,$135,$246,$-36,$0,$0,$9,$11,$238,$-64,$0,$0,$0,$70,$70,$0,$6,$64,$0,$64,$-247,$-247,$0,$-17,$-200,$61,$96,$0
4,2017-09-30,40.53,$10.21,3.97,$10.88,3.72,$5.99,6.77,$0.47,86.23,$1.04B,$0.42B,2.47,$0.27B,$1.42B,0.19,$1.55B,$1.48B,95.29%,$1.55B,$0.13B,8.12%,$1.55B,$0.13B,8.12%,$1.55B,$0.24B,15.15%,$1.55B,$0.11B,7.29%,$1.55B,$0.07B,4.32%,$0.07B,$1.42B,4.74%,$0.07B,$0.51B,13.14%,$0.07B,$2.35B,2.87%,$0.13B,$1.68B,7.77%,$439,$20,$419,$61,$289,$397,$42,$-4,$38,$13,$25,$25,$25,$70,$42,$139,139,$0.18,$0.18,$763,$0,$0,$1042,$266,$6,$906,$70,$1306,$2348,$422,$265,$228,$509,$931,$0,$1010,$-47,$1417,$2348,$65,$82,$66,$148,$-58,$0,$-2,$62,$7,$220,$-50,$0,$0,$0,$114,$114,$0,$64,$99,$0,$99,$-247,$-247,$0,$-15,$-163,$138,$72,$0
5,2017-06-30,38.2,$9.76,3.91,$10.59,3.61,$6.25,6.11,$0.66,57.88,$1.18B,$0.62B,1.9,$0.26B,$1.35B,0.19,$1.53B,$1.46B,95.30%,$1.53B,$0.15B,9.78%,$1.53B,$0.15B,9.78%,$1.53B,$0.26B,16.76%,$1.53B,$0.14B,9.00%,$1.53B,$0.10B,6.33%,$0.10B,$1.35B,6.67%,$0.10B,$0.45B,17.74%,$0.10B,$2.47B,4.19%,$0.15B,$1.61B,9.37%,$424,$20,$404,$64,$267,$378,$46,$-2,$44,$17,$27,$27,$27,$73,$46,$140,141,$0.19,$0.19,$904,$0,$0,$1180,$266,$4,$906,$69,$1292,$2472,$621,$260,$222,$497,$1118,$0,$985,$-57,$1354,$2472,$40,$54,$45,$99,$-51,$0,$29,$233,$216,$355,$-35,$0,$0,$0,$113,$113,$0,$78,$94,$0,$94,$-247,$-247,$0,$-14,$-167,$275,$47,$0
6,2017-03-31,43.16,$9.80,4.4,$10.24,4.21,$6.21,6.95,$0.70,61.66,$1.00B,$0.45B,2.22,$0.21B,$1.38B,0.15,$1.50B,$1.43B,95.20%,$1.50B,$0.15B,10.07%,$1.50B,$0.15B,10.07%,$1.50B,$0.26B,17.00%,$1.50B,$0.14B,9.20%,$1.50B,$0.10B,6.93%,$0.10B,$1.38B,6.97%,$0.10B,$0.48B,17.76%,$0.10B,$2.27B,4.53%,$0.15B,$1.59B,9.46%,$372,$17,$355,$59,$242,$345,$27,$-2,$25,$12,$13,$13,$13,$54,$27,$144,145,$0.09,$0.09,$746,$0,$0,$1003,$262,$3,$902,$67,$1271,$2274,$452,$210,$215,$438,$890,$0,$958,$-70,$1384,$2274,$13,$27,$25,$52,$-35,$0,$-8,$112,$69,$134,$-18,$0,$0,$0,$116,$116,$0,$98,$46,$0,$46,$-147,$-147,$0,$-13,$-114,$119,$19,$0
7,2016-12-31,46.37,$10.42,4.45,$10.07,4.6,$6.14,7.56,$0.79,58.7,$0.95B,$0.42B,2.25,$0.09B,$1.50B,0.06,$1.48B,$1.41B,95.20%,$1.48B,$0.17B,11.22%,$1.48B,$0.17B,11.22%,$1.48B,$0.27B,18.04%,$1.48B,$0.15B,10.20%,$1.48B,$0.12B,8.11%,$0.12B,$1.50B,7.93%,$0.12B,$0.60B,19.88%,$0.12B,$2.24B,5.27%,$0.17B,$1.59B,10.44%,$316,$16,$300,$57,$206,$305,$11,$-5,$6,$4,$2,$2,$2,$38,$11,$145,147,$0.02,$0.02,$730,$0,$0,$950,$260,$16,$903,$67,$1288,$2238,$423,$91,$210,$313,$736,$0,$945,$-77,$1502,$2238,$120,$101,$75,$176,$-24,$0,$7,$22,$25,$321,$-72,$0,$-43,$0,$-50,$-50,$2,$-163,$-36,$6,$-30,$-98,$-98,$0,$-15,$-143,$-2,$85,$0
8,2016-09-30,63.18,$10.85,5.82,$10.04,6.3,$6.56,9.63,$0.80,78.98,$0.97B,$0.45B,2.15,$0.02B,$1.58B,0.01,$1.47B,$1.41B,95.38%,$1.47B,$0.13B,8.83%,$1.47B,$0.13B,8.83%,$1.47B,$0.23B,15.55%,$1.47B,$0.12B,8.01%,$1.47B,$0.12B,8.21%,$0.12B,$1.58B,8.12%,$0.12B,$0.66B,20.86%,$0.12B,$2.28B,5.38%,$0.13B,$1.60B,8.15%,$421,$19,$402,$62,$248,$355,$66,$-3,$63,$8,$55,$55,$55,$92,$66,$146,147,$0.38,$0.37,$727,$0,$0,$966,$262,$29,$922,$54,$1311,$2277,$450,$20,$207,$247,$697,$0,$944,$-59,$1580,$2277,$119,$74,$54,$128,$-40,$0,$2,$48,$29,$276,$-57,$0,$-23,$0,$-61,$-61,$1,$-140,$-180,$75,$-105,$-15,$-15,$0,$-13,$-133,$-3,$64,$0
9,2016-06-30,64.3,$10.33,6.22,$10.01,6.42,$6.75,9.52,$0.94,68.4,$1.11B,$0.58B,1.93,$0.09B,$1.51B,0.06,$1.47B,$1.40B,95.57%,$1.47B,$0.15B,10.36%,$1.47B,$0.15B,10.36%,$1.47B,$0.25B,16.97%,$1.47B,$0.15B,10.43%,$1.47B,$0.14B,9.54%,$0.14B,$1.51B,9.81%,$0.14B,$0.60B,27.09%,$0.14B,$2.39B,6.27%,$0.15B,$1.60B,9.51%,$391,$20,$371,$63,$236,$344,$47,$-3,$44,$10,$34,$34,$34,$71,$47,$146,147,$0.23,$0.23,$853,$0,$0,$1107,$256,$38,$902,$82,$1278,$2385,$575,$91,$196,$305,$880,$0,$888,$-62,$1505,$2385,$64,$48,$38,$86,$-51,$0,$43,$213,$213,$363,$-36,$0,$0,$0,$-41,$-41,$1,$-76,$-109,$0,$-109,$-9,$-9,$0,$-11,$-129,$152,$43,$0
10,2016-03-31,66.5,$10.05,6.62,$10.13,6.57,$6.21,10.71,$1.11,59.91,$0.96B,$0.43B,2.23,$0.11B,$1.46B,0.08,$1.48B,$1.42B,95.88%,$1.48B,$0.18B,12.42%,$1.48B,$0.18B,12.42%,$1.48B,$0.28B,18.91%,$1.48B,$0.19B,12.90%,$1.48B,$0.16B,11.07%,$0.16B,$1.46B,12.05%,$0.16B,$0.56B,37.21%,$0.16B,$2.21B,7.44%,$0.18B,$1.57B,11.63%,$352,$16,$336,$61,$209,$310,$42,$-4,$38,$9,$29,$29,$29,$66,$42,$145,147,$0.20,$0.20,$692,$0,$0,$964,$252,$17,$909,$72,$1250,$2214,$432,$110,$192,$318,$750,$0,$853,$-54,$1464,$2214,$29,$24,$21,$45,$-65,$0,$14,$102,$50,$124,$-17,$0,$0,$0,$28,$28,$0,$11,$-90,$0,$-90,$1,$1,$0,$-9,$-98,$39,$19,$0
11,2015-12-31,85.25,$9.72,8.77,$10.22,8.34,$5.95,14.34,$1.36,62.68,$0.87B,$0.31B,2.77,$0.20B,$1.41B,0.14,$1.49B,$1.43B,96.11%,$1.49B,$0.23B,15.55%,$1.49B,$0.23B,15.55%,$1.49B,$0.33B,21.78%,$1.49B,$0.24B,16.02%,$1.49B,$0.20B,13.27%,$0.20B,$1.41B,15.35%,$0.20B,$0.50B,53.84%,$0.20B,$2.13B,9.11%,$0.23B,$1.61B,15.01%,$309,$13,$296,$54,$242,$334,$-25,$-2,$-27,$-30,$3,$3,$3,$0,$-25,$144,146,$0.03,$0.02,$661,$0,$0,$865,$247,$37,$908,$46,$1263,$2128,$312,$200,$189,$404,$716,$0,$826,$-63,$1412,$2128,$198,$93,$91,$184,$-31,$0,$13,$22,$36,$418,$-109,$0,$-4,$0,$53,$53,$2,$-58,$-103,$-37,$-140,$12,$12,$0,$-61,$-189,$159,$72,$0
12,2015-09-30,63.02,$9.20,6.85,$10.08,6.25,$6.06,10.4,$1.59,39.64,$0.94B,$0.36B,2.65,$0.29B,$1.33B,0.22,$1.47B,$1.41B,96.13%,$1.47B,$0.32B,21.55%,$1.47B,$0.32B,21.55%,$1.47B,$0.41B,27.60%,$1.47B,$0.32B,21.82%,$1.47B,$0.23B,15.70%,$0.23B,$1.33B,18.97%,$0.23B,$0.41B,80.77%,$0.23B,$2.20B,10.85%,$0.32B,$1.61B,21.30%,$415,$16,$399,$54,$234,$327,$88,$10,$98,$24,$74,$74,$74,$112,$88,$144,146,$0.51,$0.51,$686,$0,$0,$943,$247,$44,$921,$43,$1255,$2198,$356,$287,$187,$516,$872,$0,$823,$-59,$1326,$2198,$195,$68,$45,$113,$-75,$0,$24,$62,$31,$339,$-93,$0,$-7,$0,$-26,$-26,$0,$-126,$-300,$250,$-50,$10,$10,$0,$-53,$-93,$112,$52,$0
13,2015-06-30,87.14,$8.61,10.12,$9.66,9.02,$6.23,13.98,$1.45,60.1,$1.01B,$0.52B,1.94,$0.29B,$1.24B,0.23,$1.41B,$1.36B,96.31%,$1.41B,$0.31B,22.20%,$1.41B,$0.31B,22.20%,$1.41B,$0.40B,28.09%,$1.41B,$0.30B,21.13%,$1.41B,$0.21B,14.96%,$0.21B,$1.24B,18.23%,$0.21B,$0.30B,94.09%,$0.21B,$2.28B,10.20%,$0.31B,$1.53B,21.98%,$405,$16,$389,$50,$236,$326,$79,$3,$82,$24,$58,$58,$58,$102,$79,$144,146,$0.40,$0.40,$711,$0,$0,$1012,$247,$35,$942,$41,$1265,$2277,$522,$287,$178,$514,$1036,$0,$749,$-50,$1241,$2277,$121,$44,$13,$57,$-92,$0,$33,$180,$121,$299,$-54,$0,$-29,$0,$-24,$-24,$0,$-107,$-13,$-37,$-50,$9,$9,$0,$-20,$-61,$128,$34,$0
14,2015-03-31,83.17,$8.22,10.12,$9.10,9.14,$6.10,13.64,$1.52,54.72,$0.89B,$0.45B,1.98,$0.25B,$1.18B,0.21,$1.33B,$1.28B,96.61%,$1.33B,$0.33B,25.15%,$1.33B,$0.33B,25.15%,$1.33B,$0.41B,30.72%,$1.33B,$0.31B,23.64%,$1.33B,$0.22B,16.64%,$0.22B,$1.18B,20.02%,$0.22B,$0.26B,97.79%,$0.22B,$2.09B,11.29%,$0.33B,$1.43B,24.40%,$363,$13,$350,$49,$190,$273,$90,$-4,$86,$23,$63,$63,$63,$111,$90,$143,146,$0.44,$0.43,$623,$0,$0,$894,$226,$19,$916,$39,$1200,$2094,$452,$250,$174,$463,$915,$0,$691,$-59,$1179,$2094,$63,$21,$14,$35,$-71,$0,$4,$81,$1,$99,$-31,$0,$-5,$0,$2,$2,$0,$-34,$-10,$2,$-8,$8,$8,$0,$-3,$-3,$50,$16,$0
15,2014-12-31,74.66,$7.87,9.48,$8.53,8.75,$6.24,11.97,$1.56,47.86,$0.74B,$0.38B,1.93,$0.26B,$1.13B,0.23,$1.25B,$1.21B,96.79%,$1.25B,$0.34B,27.29%,$1.25B,$0.34B,27.29%,$1.25B,$0.41B,32.50%,$1.25B,$0.32B,25.84%,$1.25B,$0.23B,18.14%,$0.23B,$1.13B,21.62%,$0.23B,$0.18B,87.51%,$0.23B,$1.95B,12.30%,$0.34B,$1.38B,25.76%,$288,$12,$276,$46,$149,$228,$60,$-5,$55,$19,$36,$36,$36,$81,$60,$143,146,$0.24,$0.24,$563,$0,$0,$737,$195,$31,$948,$37,$1211,$1948,$381,$259,$154,$442,$823,$0,$628,$-31,$1125,$1948,$226,$65,$64,$129,$-26,$0,$18,$0,$52,$407,$-81,$0,$-331,$0,$178,$178,$1,$-233,$-40,$10,$-30,$3,$3,$0,$-34,$-61,$104,$63,$0
16,2014-09-30,91.42,$7.60,12.03,$8.03,11.38,$6.03,15.15,$1.45,63.05,$0.79B,$0.42B,1.9,$0.27B,$1.09B,0.25,$1.17B,$1.14B,97.27%,$1.17B,$0.31B,26.30%,$1.17B,$0.31B,26.30%,$1.17B,$0.36B,30.57%,$1.17B,$0.29B,25.02%,$1.17B,$0.21B,17.93%,$0.21B,$1.09B,21.42%,$0.21B,$0.16B,71.98%,$0.21B,$1.96B,12.22%,$0.31B,$1.36B,24.34%,$354,$11,$343,$46,$195,$270,$84,$-9,$75,$21,$54,$54,$54,$102,$84,$143,146,$0.38,$0.37,$576,$0,$0,$792,$161,$38,$928,$37,$1164,$1956,$417,$270,$134,$453,$870,$0,$592,$-14,$1086,$1956,$190,$44,$31,$75,$-45,$0,$47,$25,$61,$326,$-55,$0,$-284,$0,$194,$194,$0,$-145,$-30,$8,$-22,$2,$2,$0,$-15,$-35,$140,$46,$0
17,2014-06-30,108.66,$7.19,15.12,$7.36,14.77,$5.82,18.67,$1.46,74.42,$0.86B,$0.39B,2.22,$0.28B,$1.03B,0.27,$1.07B,$1.05B,97.48%,$1.07B,$0.31B,28.73%,$1.07B,$0.31B,28.73%,$1.07B,$0.35B,32.74%,$1.07B,$0.30B,28.17%,$1.07B,$0.21B,19.78%,$0.21B,$1.03B,23.14%,$0.21B,$0.31B,65.94%,$0.21B,$1.83B,13.32%,$0.31B,$1.31B,25.43%,$323,$9,$314,$41,$159,$223,$100,$-2,$98,$30,$68,$68,$68,$114,$100,$143,146,$0.48,$0.47,$638,$0,$0,$855,$141,$83,$720,$32,$976,$1831,$386,$280,$111,$419,$805,$0,$538,$0,$1026,$1831,$136,$26,$15,$41,$-65,$0,$35,$95,$90,$267,$-42,$0,$-152,$0,$184,$184,$0,$-10,$-23,$8,$-15,$2,$2,$0,$-11,$-24,$236,$29,$0
18,2014-03-31,90.59,$6.62,13.69,$6.84,13.24,$5.03,18.01,$1.45,62.48,$0.65B,$0.29B,2.2,$0.29B,$0.94B,0.31,$1.00B,$0.97B,97.79%,$1.00B,$0.30B,30.32%,$1.00B,$0.30B,30.32%,$1.00B,$0.34B,34.34%,$1.00B,$0.29B,29.52%,$1.00B,$0.21B,21.18%,$0.21B,$0.94B,24.18%,$0.21B,$0.39B,66.04%,$0.21B,$1.62B,14.09%,$0.30B,$1.23B,25.65%,$281,$8,$273,$38,$127,$185,$96,$-2,$94,$26,$68,$68,$68,$108,$96,$142,146,$0.48,$0.47,$461,$0,$0,$645,$114,$284,$552,$19,$970,$1615,$293,$290,$73,$378,$671,$0,$470,$1,$944,$1615,$68,$12,$6,$18,$-38,$0,$-5,$48,$23,$109,$-20,$0,$0,$0,$-107,$-107,$0,$-127,$-13,$5,$-8,$2,$2,$0,$-8,$-14,$-32,$14,$0
19,2013-12-31,82.83,$6.08,13.62,$6.51,12.73,$4.66,17.77,$1.41,58.74,$0.63B,$0.24B,2.59,$0.30B,$0.87B,0.35,$0.95B,$0.93B,98.10%,$0.95B,$0.29B,31.11%,$0.95B,$0.29B,31.11%,$0.95B,$0.33B,34.92%,$0.95B,$0.28B,30.05%,$0.95B,$0.21B,21.69%,$0.21B,$0.87B,24.51%,$0.21B,$0.31B,69.49%,$0.21B,$1.47B,14.34%,$0.29B,$1.17B,25.53%,$213,$4,$209,$36,$134,$185,$28,$-2,$26,$6,$20,$20,$20,$34,$28,$143,145,$0.14,$0.14,$482,$0,$0,$630,$82,$188,$554,$19,$843,$1473,$243,$300,$52,$365,$608,$0,$402,$0,$865,$1473,$205,$36,$50,$86,$-12,$0,$17,$26,$58,$349,$-55,$0,$-35,$0,$-106,$-106,$0,$-196,$-40,$-5,$-45,$-121,$-121,$0,$-4,$-170,$-16,$49,$0
20,2013-09-30,75.84,$5.83,13.0,$6.24,12.15,$4.12,18.4,$1.50,50.56,$0.65B,$0.26B,2.52,$0.31B,$0.83B,0.37,$0.90B,$0.88B,98.11%,$0.90B,$0.31B,34.74%,$0.90B,$0.31B,34.74%,$0.90B,$0.35B,38.96%,$0.90B,$0.30B,33.41%,$0.90B,$0.22B,24.31%,$0.22B,$0.83B,27.31%,$0.22B,$0.28B,80.66%,$0.22B,$1.45B,15.80%,$0.31B,$1.14B,27.77%,$255,$6,$249,$34,$122,$171,$84,$0,$84,$28,$56,$56,$56,$95,$84,$143,145,$0.39,$0.38,$432,$0,$0,$648,$65,$164,$552,$16,$800,$1448,$257,$310,$42,$363,$619,$0,$382,$-1,$829,$1448,$185,$30,$29,$59,$-42,$0,$19,$22,$34,$278,$-39,$0,$-32,$0,$-145,$-145,$0,$-216,$-45,$8,$-37,$-117,$-117,$0,$-1,$-155,$-92,$35,$0
21,2013-06-30,60.87,$5.95,10.24,$5.97,10.2,$3.51,17.36,$1.53,39.78,$0.61B,$0.24B,2.53,$0.32B,$0.85B,0.38,$0.86B,$0.85B,98.37%,$0.86B,$0.32B,37.37%,$0.86B,$0.32B,37.37%,$0.86B,$0.36B,41.33%,$0.86B,$0.31B,35.86%,$0.86B,$0.22B,25.84%,$0.22B,$0.85B,28.94%,$0.22B,$0.30B,89.70%,$0.22B,$1.46B,16.58%,$0.32B,$1.17B,29.13%,$247,$4,$243,$32,$108,$153,$94,$-4,$90,$23,$67,$67,$67,$105,$94,$144,146,$0.47,$0.46,$396,$0,$0,$611,$55,$220,$554,$14,$844,$1456,$241,$320,$34,$362,$604,$0,$326,$-5,$852,$1456,$129,$19,$18,$37,$-74,$0,$-1,$24,$-33,$133,$-24,$0,$-31,$0,$-201,$-201,$0,$-256,$-35,$7,$-28,$-14,$-14,$0,$-1,$-43,$-168,$24,$0
22,2013-03-31,52.52,$5.58,9.41,$5.66,9.27,$3.31,15.87,$1.44,36.47,$0.58B,$0.17B,3.35,$0.33B,$0.80B,0.41,$0.81B,$0.80B,98.39%,$0.81B,$0.31B,38.44%,$0.81B,$0.31B,38.44%,$0.81B,$0.34B,42.03%,$0.81B,$0.30B,36.46%,$0.81B,$0.21B,25.71%,$0.21B,$0.80B,29.26%,$0.21B,$0.29B,102.59%,$0.21B,$1.34B,16.36%,$0.31B,$1.13B,29.46%,$230,$4,$226,$29,$102,$142,$88,$-4,$84,$22,$62,$62,$62,$96,$88,$143,145,$0.44,$0.43,$406,$0,$0,$584,$47,$191,$506,$13,$758,$1342,$174,$330,$30,$367,$541,$0,$259,$-4,$800,$1342,$62,$8,$12,$20,$-47,$0,$-17,$7,$-38,$44,$-9,$0,$-1,$0,$-169,$-169,$0,$-179,$-25,$4,$-21,$6,$6,$0,$-4,$-19,$-156,$14,$0
23,2012-12-31,41.92,$5.09,8.24,$5.42,7.73,$3.23,12.97,$1.36,30.82,$0.63B,$0.20B,3.23,$0.34B,$0.73B,0.47,$0.76B,$0.75B,98.43%,$0.76B,$0.30B,38.79%,$0.76B,$0.30B,38.79%,$0.76B,$0.32B,42.46%,$0.76B,$0.28B,36.96%,$0.76B,$0.19B,25.43%,$0.19B,$0.73B,32.36%,$0.19B,$0.22B,214.96%,$0.19B,$1.30B,16.66%,$0.30B,$1.07B,31.01%,$169,$3,$166,$24,$88,$123,$47,$-3,$43,$9,$34,$34,$34,$55,$47,$139,141,$0.23,$0.24,$486,$0,$0,$632,$44,$99,$510,$13,$667,$1299,$196,$340,$26,$377,$572,$0,$196,$-1,$727,$1299,$195,$28,$22,$50,$-32,$0,$32,$11,$-6,$239,$-29,$0,$-3,$0,$-219,$-219,$7,$-244,$-30,$15,$-15,$209,$209,$0,$-4,$190,$184,$30,$0
24,2012-09-30,32.93,$4.84,6.81,$5.24,6.28,$3.20,10.29,$1.29,25.53,$0.70B,$0.18B,3.94,$0.35B,$0.69B,0.51,$0.73B,$0.72B,98.36%,$0.73B,$0.28B,38.66%,$0.73B,$0.28B,38.66%,$0.73B,$0.31B,42.35%,$0.73B,$0.27B,37.30%,$0.73B,$0.18B,24.86%,$0.18B,$0.69B,37.05%,$0.18B,$0.18B,-997.26%,$0.18B,$1.26B,17.35%,$0.28B,$1.04B,33.05%,$213,$3,$210,$24,$88,$120,$92,$-1,$91,$31,$60,$60,$59,$99,$92,$142,144,$0.42,$0.41,$548,$0,$0,$700,$41,$0,$508,$10,$560,$1259,$178,$350,$15,$393,$571,$0,$163,$-1,$689,$1259,$161,$20,$18,$38,$-32,$0,$4,$-18,$-31,$168,$-21,$0,$0,$0,$0,$0,$7,$-14,$-25,$13,$-12,$226,$226,$0,$-2,$213,$365,$20,$0
