,Date,Stock Price,Book Value per Share,Price to Book Ratio,TTM Sales per Share,Price to Sales Ratio,TTM FCF per Share,Price to FCF Ratio,TTM Net EPS,PE Ratio,Current Assets,Current Liabilities,Current Ratio,Long Term Debt,Shareholder's Equity_x,Debt to Equity Ratio,TTM Revenue_x,TTM Gross Profit,Gross Margin,TTM Revenue_y,TTM Operating Income,Operating Margin,TTM Revenue_x,TTM EBIT,EBIT Margin,TTM Revenue_y,TTM EBITDA,EBITDA Margin,TTM Revenue_x,TTM Pre-Tax Income,Pre-Tax Margin,TTM Revenue_y,TTM Net Income_x,Net Margin,TTM Net Income_y,Shareholder's Equity_y,Return on Equity,TTM Net Income_x,Tangible Equity,Return on Tangible Equity,TTM Net Income_y,Total Assets,Return on Assets,TTM Net Income,LT Investments & Debt,Return on Investment,revenue,cost-goods-sold,gross-profit,research-development-expenses,selling-general-administrative-expenses,operating-expenses,operating-income,total-non-operating-income-expense,pre-tax-income,total-provision-income-taxes,income-after-taxes,income-from-continuous-operations,net-income,ebitda,ebit,basic-shares-outstanding,shares-outstanding,eps-basic-net-earnings-per-share,eps-earnings-per-share-diluted,cash-on-hand,inventory,other-current-assets,total-current-assets,net-property-plant-equipment,long-term-investments,goodwill-intangible-assets-total,other-long-term-assets,total-long-term-assets,total-assets,total-current-liabilities,long-term-debt,other-non-current-liabilities,total-long-term-liabilities,total-liabilities,common-stock-net,retained-earnings-accumulated-deficit,comprehensive-income,total-share-holder-equity,total-liabilities-share-holders-equity,net-income-loss,total-depreciation-amortization-cash-flow,other-non-cash-items,total-non-cash-items,change-in-accounts-receivable,change-in-inventories,change-in-accounts-payable,change-in-assets-liabilities,total-change-in-assets-liabilities,cash-flow-from-operating-activities,net-change-in-property-plant-equipment,net-change-in-intangible-assets,net-acquisitions-divestitures,net-change-in-short-term-investments,net-change-in-long-term-investments,net-change-in-investments-total,investing-activities-other,cash-flow-from-investing-activities,net-long-term-debt,net-current-debt,debt-issuance-retirement-net-total,net-common-equity-issued-repurchased,net-total-equity-issued-repurchased,total-common-preferred-stock-dividends-paid,financial-activities-other,cash-flow-from-financial-activities,net-cash-flow,stock-based-compensation,common-stock-dividends-paid
0,2018-09-30,43.46,$10.55,4.12,$11.94,3.64,$3.92,11.1,$0.63,68.98,$1.06B,$0.98B,1.08,$1.79B,$2.65B,0.68,$3.03B,$1.62B,53.45%,$3.03B,$0.30B,9.80%,$3.03B,$0.30B,9.80%,$3.03B,$0.50B,16.63%,$3.03B,$0.27B,8.91%,$3.03B,$0.16B,5.41%,$0.16B,$2.65B,6.51%,$0.16B,$-1.68B,-20.52%,$0.16B,$5.78B,3.34%,$0.30B,$4.44B,8.12%,$795,$368,$427,$114,$211,$718,$77,$-13,$64,$-10,$74,$74,$74,$136,$77,$251,254,$0.29,$0.29,$205,$286,$66,$1061,$206,$0,$4329,$149,$4721,$5782,$979,$1787,$241,$2154,$3134,$0,$1227,$-154,$2649,$5782,$197,$159,$60,$219,$-16,$-29,$9,$19,$-31,$385,$-53,$0,$-1741,$179,$0,$179,$3,$-1613,$1093,$0,$1093,$-1,$-1,$0,$-9,$1083,$-153,$53,$0
1,2018-06-30,32.84,$10.07,3.26,$11.42,2.87,$3.76,8.74,$0.56,58.64,$1.39B,$0.72B,1.93,$1.29B,$2.52B,0.51,$2.91B,$1.54B,53.02%,$2.91B,$0.29B,9.82%,$2.91B,$0.29B,9.82%,$2.91B,$0.48B,16.59%,$2.91B,$0.28B,9.55%,$2.91B,$0.15B,5.05%,$0.15B,$2.52B,5.89%,$0.15B,$-0.59B,-35.53%,$0.15B,$4.86B,3.26%,$0.29B,$3.80B,8.59%,$786,$363,$423,$110,$202,$696,$90,$-10,$79,$15,$64,$64,$64,$141,$90,$250,252,$0.26,$0.25,$571,$282,$58,$1387,$193,$0,$3104,$139,$3471,$4858,$717,$1286,$260,$1624,$2341,$0,$1154,$-161,$2518,$4858,$123,$100,$42,$142,$-6,$-22,$10,$28,$3,$268,$-36,$0,$-533,$179,$0,$179,$5,$-385,$371,$0,$371,$-31,$-31,$0,$-2,$338,$213,$34,$0
2,2018-03-31,35.88,$10.05,3.57,$10.88,3.3,$3.76,9.53,$0.50,71.76,$1.13B,$1.15B,0.98,$0.69B,$2.50B,0.28,$2.79B,$1.46B,52.55%,$2.79B,$0.26B,9.15%,$2.79B,$0.26B,9.15%,$2.79B,$0.45B,16.01%,$2.79B,$0.26B,9.44%,$2.79B,$0.13B,4.67%,$0.13B,$2.50B,5.21%,$0.13B,$-0.69B,-47.40%,$0.13B,$4.67B,3.02%,$0.26B,$3.19B,8.16%,$742,$346,$396,$109,$204,$678,$64,$3,$67,$8,$59,$59,$59,$113,$64,$249,253,$0.24,$0.23,$275,$289,$52,$1125,$184,$0,$3193,$137,$3549,$4674,$1147,$692,$249,$1027,$2174,$0,$1104,$-101,$2500,$4674,$59,$49,$10,$59,$-29,$-22,$11,$47,$-35,$83,$-18,$0,$-519,$179,$0,$179,$4,$-354,$208,$0,$208,$-28,$-28,$0,$0,$180,$-84,$17,$0
3,2017-12-31,40.64,$9.70,4.19,$10.33,3.93,$3.89,10.44,$0.47,86.47,$1.31B,$0.77B,1.7,$0.79B,$2.42B,0.33,$2.66B,$1.39B,52.43%,$2.66B,$0.25B,9.27%,$2.66B,$0.25B,9.27%,$2.66B,$0.43B,16.20%,$2.66B,$0.26B,9.79%,$2.66B,$0.12B,4.56%,$0.12B,$2.42B,4.88%,$0.12B,$-0.24B,-102.33%,$0.12B,$4.32B,2.95%,$0.25B,$3.20B,8.04%,$708,$333,$375,$98,$194,$642,$66,$-7,$60,$93,$-33,$-33,$-33,$114,$66,$252,257,$-0.14,$-0.12,$537,$265,$39,$1312,$174,$0,$2652,$144,$3005,$4316,$773,$786,$256,$1128,$1902,$0,$1085,$-131,$2415,$4316,$121,$183,$42,$226,$-38,$-39,$26,$-3,$65,$412,$-44,$0,$-273,$-68,$0,$-68,$19,$-366,$291,$0,$291,$-212,$-212,$0,$0,$79,$142,$65,$0
4,2017-09-30,39.25,$10.15,3.87,$9.88,3.97,$3.98,9.85,$0.76,51.64,$1.16B,$0.81B,1.44,$0.56B,$2.56B,0.22,$2.53B,$1.33B,52.55%,$2.53B,$0.24B,9.28%,$2.53B,$0.24B,9.28%,$2.53B,$0.41B,16.34%,$2.53B,$0.26B,10.15%,$2.53B,$0.19B,7.58%,$0.19B,$2.56B,7.84%,$0.19B,$-0.14B,-225.22%,$0.19B,$4.18B,4.86%,$0.24B,$3.12B,7.95%,$676,$325,$351,$93,$174,$610,$66,$6,$72,$15,$57,$57,$57,$115,$66,$253,258,$0.23,$0.22,$409,$255,$55,$1162,$161,$0,$2695,$163,$3019,$4181,$808,$560,$168,$815,$1623,$0,$1236,$-131,$2557,$4181,$154,$136,$29,$164,$-34,$-18,$28,$21,$4,$323,$-26,$0,$-279,$-43,$0,$-43,$21,$-328,$73,$0,$73,$-39,$-39,$0,$-7,$27,$39,$45,$0
5,2017-06-30,35.67,$9.95,3.59,$9.57,3.73,$3.89,9.17,$0.69,51.7,$1.18B,$0.83B,1.43,$0.47B,$2.52B,0.19,$2.44B,$1.29B,52.81%,$2.44B,$0.22B,9.18%,$2.44B,$0.22B,9.18%,$2.44B,$0.40B,16.43%,$2.44B,$0.24B,9.71%,$2.44B,$0.17B,7.13%,$0.17B,$2.52B,7.28%,$0.17B,$-0.03B,-190.16%,$0.17B,$4.04B,4.54%,$0.22B,$2.98B,7.76%,$660,$317,$343,$91,$175,$601,$59,$5,$64,$17,$47,$47,$47,$104,$59,$253,257,$0.19,$0.18,$486,$223,$52,$1183,$146,$0,$2547,$162,$2855,$4038,$827,$465,$148,$694,$1521,$0,$1252,$-160,$2518,$4038,$97,$87,$10,$97,$-30,$-2,$22,$55,$59,$253,$-16,$0,$-125,$10,$0,$10,$20,$-110,$-10,$0,$-10,$29,$29,$0,$-5,$15,$169,$29,$0
6,2017-03-31,32.01,$9.58,3.34,$9.40,3.4,$3.69,8.68,$0.64,50.02,$1.12B,$0.76B,1.47,$0.51B,$2.42B,0.21,$2.39B,$1.26B,52.78%,$2.39B,$0.21B,8.62%,$2.39B,$0.21B,8.62%,$2.39B,$0.39B,16.19%,$2.39B,$0.21B,8.82%,$2.39B,$0.16B,6.82%,$0.16B,$2.42B,7.02%,$0.16B,$-0.07B,-107.06%,$0.16B,$3.90B,4.33%,$0.21B,$2.93B,7.22%,$611,$286,$324,$89,$164,$556,$55,$9,$64,$14,$50,$50,$50,$97,$55,$252,256,$0.20,$0.19,$423,$221,$47,$1116,$143,$0,$2490,$149,$2782,$3897,$759,$510,$131,$717,$1477,$0,$1216,$-195,$2421,$3897,$50,$42,$1,$44,$-34,$-2,$4,$58,$11,$104,$-6,$0,$-79,$-31,$0,$-31,$20,$-95,$26,$0,$26,$25,$25,$0,$-0,$51,$65,$14,$0
7,2016-12-31,30.15,$9.18,3.29,$9.31,3.24,$3.74,8.07,$0.52,57.98,$0.98B,$0.69B,1.42,$0.49B,$2.31B,0.21,$2.36B,$1.24B,52.43%,$2.36B,$0.18B,7.66%,$2.36B,$0.18B,7.66%,$2.36B,$0.37B,15.62%,$2.36B,$0.18B,7.45%,$2.36B,$0.13B,5.63%,$0.13B,$2.31B,5.81%,$0.13B,$-0.11B,-63.79%,$0.13B,$3.67B,3.57%,$0.18B,$2.80B,6.40%,$586,$273,$313,$83,$158,$530,$55,$2,$57,$19,$38,$38,$38,$98,$55,$251,254,$0.15,$0.15,$327,$219,$43,$979,$144,$0,$2411,$140,$2695,$3674,$688,$490,$114,$680,$1368,$0,$1177,$-220,$2306,$3674,$132,$188,$54,$242,$3,$24,$11,$25,$40,$414,$-26,$0,$-24,$-111,$-2,$-112,$18,$-144,$-110,$0,$-110,$-52,$-52,$0,$0,$-162,$100,$53,$0
8,2016-09-30,28.56,$9.27,3.08,$9.17,3.11,$3.42,8.35,$0.46,62.09,$0.96B,$0.69B,1.38,$0.53B,$2.32B,0.23,$2.34B,$1.22B,52.16%,$2.34B,$0.16B,6.80%,$2.34B,$0.16B,6.80%,$2.34B,$0.35B,15.15%,$2.34B,$0.15B,6.29%,$2.34B,$0.12B,5.09%,$0.12B,$2.32B,5.25%,$0.12B,$-0.16B,-43.19%,$0.12B,$3.73B,3.19%,$0.16B,$2.84B,5.61%,$584,$275,$309,$87,$148,$529,$55,$-3,$52,$13,$39,$39,$39,$102,$55,$250,253,$0.16,$0.15,$276,$224,$53,$958,$149,$0,$2482,$142,$2774,$3731,$694,$525,$113,$718,$1412,$1316,$1159,$-155,$2320,$3731,$95,$145,$46,$191,$-13,$26,$3,$-1,$2,$287,$-20,$-0,$-12,$-62,$15,$-47,$0,$-79,$-60,$0,$-60,$-52,$-52,$0,$0,$-113,$98,$40,$0
9,2016-06-30,24.36,$9.01,2.7,$9.05,2.69,$3.30,7.38,$0.45,54.13,$0.94B,$0.72B,1.3,$0.60B,$2.25B,0.27,$2.32B,$1.21B,52.18%,$2.32B,$0.15B,6.48%,$2.32B,$0.15B,6.48%,$2.32B,$0.35B,15.03%,$2.32B,$0.14B,6.00%,$2.32B,$0.12B,5.05%,$0.12B,$2.25B,5.23%,$0.12B,$-0.27B,-35.40%,$0.12B,$3.75B,3.14%,$0.15B,$2.84B,5.31%,$610,$294,$316,$92,$163,$569,$41,$-2,$38,$3,$36,$36,$36,$90,$41,$251,254,$0.14,$0.14,$232,$242,$50,$937,$152,$0,$2517,$146,$2815,$3752,$721,$595,$108,$786,$1507,$1276,$1128,$-160,$2245,$3752,$55,$99,$30,$129,$-20,$11,$6,$12,$12,$196,$-12,$0,$-9,$0,$9,$9,$-0,$-13,$-5,$0,$-5,$-63,$-63,$0,$0,$-68,$116,$27,$0
10,2016-03-31,24.8,$9.10,2.73,$8.89,2.79,$3.26,7.61,$0.41,60.49,$0.87B,$0.73B,1.2,$0.54B,$2.29B,0.24,$2.29B,$1.20B,52.20%,$2.29B,$0.15B,6.33%,$2.29B,$0.15B,6.33%,$2.29B,$0.34B,15.02%,$2.29B,$0.14B,5.98%,$2.29B,$0.11B,4.67%,$0.11B,$2.29B,4.73%,$0.11B,$-0.29B,-32.33%,$0.11B,$3.75B,2.87%,$0.15B,$2.83B,5.12%,$583,$282,$301,$88,$165,$553,$30,$-1,$29,$10,$20,$20,$20,$79,$30,$251,254,$0.08,$0.08,$175,$256,$49,$873,$155,$0,$2581,$141,$2877,$3750,$727,$540,$111,$736,$1463,$1267,$1157,$-139,$2287,$3750,$20,$49,$13,$62,$-16,$3,$12,$48,$32,$114,$-5,$0,$-8,$0,$5,$5,$-0,$-8,$-55,$0,$-55,$4,$4,$0,$0,$-51,$59,$14,$0
11,2015-12-31,21.45,$8.86,2.42,$8.81,2.43,$3.19,6.72,$0.46,46.63,$0.80B,$0.66B,1.21,$0.61B,$2.22B,0.28,$2.29B,$1.20B,52.47%,$2.29B,$0.16B,6.77%,$2.29B,$0.16B,6.77%,$2.29B,$0.35B,15.45%,$2.29B,$0.15B,6.63%,$2.29B,$0.12B,5.28%,$0.12B,$2.22B,5.32%,$0.12B,$-0.37B,-37.37%,$0.12B,$3.68B,3.23%,$0.16B,$2.83B,5.45%,$560,$267,$293,$85,$156,$527,$33,$-5,$28,$4,$24,$24,$24,$83,$33,$256,259,$0.09,$0.10,$116,$261,$45,$798,$159,$0,$2594,$130,$2882,$3681,$661,$611,$107,$799,$1460,$0,$1148,$-167,$2221,$3681,$121,$199,$53,$253,$9,$-3,$-6,$21,$-16,$357,$-44,$0,$-144,$0,$-6,$-6,$21,$-172,$-0,$0,$-0,$-205,$-205,$0,$0,$-205,$-32,$50,$0
12,2015-09-30,16.42,$8.81,1.86,$8.78,1.87,$3.34,4.91,$0.58,28.31,$0.85B,$0.69B,1.24,$0.61B,$2.20B,0.28,$2.30B,$1.20B,52.37%,$2.30B,$0.20B,8.67%,$2.30B,$0.20B,8.67%,$2.30B,$0.40B,17.34%,$2.30B,$0.20B,8.54%,$2.30B,$0.15B,6.67%,$0.15B,$2.20B,6.63%,$0.15B,$-0.38B,-49.00%,$0.15B,$3.72B,4.04%,$0.20B,$2.81B,6.88%,$562,$264,$298,$80,$152,$516,$46,$-3,$44,$7,$37,$37,$37,$96,$46,$255,257,$0.15,$0.14,$124,$271,$46,$853,$162,$0,$2586,$119,$2867,$3720,$688,$609,$94,$829,$1517,$1216,$1133,$-147,$2203,$3720,$97,$149,$31,$181,$19,$-6,$-7,$10,$-1,$276,$-36,$-0,$-90,$0,$12,$12,$0,$-113,$27,$0,$27,$-205,$-205,$0,$1,$-177,$-24,$37,$0
13,2015-06-30,23.46,$9.09,2.58,$8.80,2.66,$3.45,6.8,$0.48,48.88,$0.89B,$0.70B,1.27,$0.52B,$2.34B,0.22,$2.32B,$1.22B,52.67%,$2.32B,$0.16B,7.08%,$2.32B,$0.16B,7.08%,$2.32B,$0.36B,15.57%,$2.32B,$0.16B,6.86%,$2.32B,$0.13B,5.52%,$0.13B,$2.34B,5.45%,$0.13B,$-0.27B,-45.47%,$0.13B,$3.78B,3.36%,$0.16B,$2.86B,5.61%,$586,$282,$304,$85,$160,$550,$36,$-0,$36,$10,$26,$26,$26,$86,$36,$258,261,$0.10,$0.10,$129,$281,$46,$885,$162,$0,$2613,$121,$2895,$3780,$697,$515,$96,$744,$1441,$1236,$1211,$-109,$2339,$3780,$60,$99,$21,$120,$5,$-12,$6,$27,$24,$204,$-27,$0,$-47,$0,$5,$5,$0,$-68,$-92,$0,$-92,$-57,$-57,$0,$1,$-148,$-19,$25,$0
14,2015-03-31,25.2,$9.02,2.79,$8.98,2.81,$3.47,7.26,$0.67,37.61,$0.92B,$0.70B,1.31,$0.53B,$2.34B,0.23,$2.37B,$1.27B,53.58%,$2.37B,$0.23B,9.48%,$2.37B,$0.23B,9.48%,$2.37B,$0.42B,17.61%,$2.37B,$0.22B,9.35%,$2.37B,$0.18B,7.58%,$0.18B,$2.34B,7.57%,$0.18B,$-0.27B,-75.63%,$0.18B,$3.80B,4.69%,$0.23B,$2.87B,7.57%,$583,$275,$307,$87,$161,$543,$40,$5,$44,$10,$34,$34,$34,$89,$40,$259,262,$0.13,$0.13,$146,$276,$45,$917,$155,$0,$2606,$120,$2881,$3798,$698,$530,$91,$759,$1457,$1233,$1235,$-128,$2341,$3798,$34,$49,$15,$64,$-24,$-6,$11,$45,$9,$107,$-11,$0,$-24,$0,$-1,$-1,$1,$-35,$-68,$0,$-68,$2,$2,$0,$1,$-65,$-2,$13,$0
15,2014-12-31,26.54,$9.08,2.92,$9.04,2.94,$3.37,7.88,$0.80,33.18,$0.90B,$0.59B,1.53,$0.67B,$2.35B,0.29,$2.40B,$1.29B,53.92%,$2.40B,$0.26B,10.89%,$2.40B,$0.26B,10.89%,$2.40B,$0.45B,18.91%,$2.40B,$0.27B,11.14%,$2.40B,$0.22B,8.97%,$0.22B,$2.35B,9.03%,$0.22B,$-0.33B,-94.82%,$0.22B,$3.86B,5.61%,$0.26B,$3.02B,8.72%,$564,$271,$293,$81,$116,$487,$77,$-5,$72,$16,$56,$56,$56,$127,$77,$260,265,$0.21,$0.22,$148,$278,$39,$902,$157,$0,$2680,$116,$2954,$3856,$588,$671,$96,$914,$1503,$1207,$1211,$-77,$2353,$3856,$214,$192,$16,$208,$-13,$-32,$-7,$39,$-15,$407,$-47,$-8,$-308,$0,$-11,$-11,$30,$-344,$-24,$0,$-24,$-42,$-42,$0,$14,$-52,$1,$43,$0
16,2014-09-30,30.5,$9.09,3.35,$9.20,3.31,$3.32,9.18,$0.82,37.2,$0.92B,$0.62B,1.47,$0.58B,$2.36B,0.24,$2.43B,$1.32B,54.22%,$2.43B,$0.25B,10.32%,$2.43B,$0.25B,10.32%,$2.43B,$0.44B,18.18%,$2.43B,$0.26B,10.74%,$2.43B,$0.22B,9.01%,$0.22B,$2.36B,9.32%,$0.22B,$-0.26B,-91.73%,$0.22B,$3.82B,5.78%,$0.25B,$2.94B,8.48%,$585,$268,$317,$79,$207,$574,$11,$-4,$7,$-5,$12,$12,$12,$59,$11,$260,264,$0.05,$0.04,$139,$278,$46,$916,$154,$0,$2623,$126,$2903,$3819,$624,$578,$94,$831,$1456,$1197,$1184,$-30,$2364,$3819,$158,$142,$2,$144,$-17,$-27,$-7,$67,$9,$311,$-35,$-7,$-171,$0,$-11,$-11,$21,$-202,$-111,$0,$-111,$-11,$-11,$0,$14,$-109,$-8,$32,$0
17,2014-06-30,36.95,$9.38,3.94,$9.12,4.05,$3.12,11.82,$0.99,37.32,$1.04B,$0.57B,1.82,$0.60B,$2.45B,0.24,$2.40B,$1.30B,53.93%,$2.40B,$0.30B,12.61%,$2.40B,$0.30B,12.61%,$2.40B,$0.49B,20.56%,$2.40B,$0.32B,13.23%,$2.40B,$0.26B,10.86%,$0.26B,$2.45B,11.37%,$0.26B,$-0.10B,-93.63%,$0.26B,$3.87B,6.97%,$0.30B,$3.05B,10.32%,$642,$288,$355,$82,$157,$545,$97,$2,$99,$21,$78,$78,$78,$143,$97,$261,266,$0.30,$0.29,$279,$274,$42,$1042,$156,$0,$2551,$119,$2826,$3867,$572,$595,$90,$845,$1416,$1180,$1228,$31,$2451,$3867,$146,$94,$-17,$77,$-46,$-21,$1,$52,$-8,$215,$-28,$0,$-25,$0,$-3,$-3,$22,$-34,$-103,$0,$-103,$39,$39,$0,$14,$-50,$132,$21,$0
18,2014-03-31,38.87,$9.02,4.31,$8.92,4.36,$2.93,13.25,$0.91,42.71,$0.93B,$0.56B,1.65,$0.61B,$2.35B,0.26,$2.34B,$1.24B,53.19%,$2.34B,$0.27B,11.60%,$2.34B,$0.27B,11.60%,$2.34B,$0.46B,19.77%,$2.34B,$0.29B,12.32%,$2.34B,$0.24B,10.18%,$0.24B,$2.35B,10.86%,$0.24B,$-0.22B,-62.06%,$0.24B,$3.78B,6.46%,$0.27B,$2.97B,9.40%,$605,$278,$327,$76,$155,$529,$76,$13,$89,$20,$68,$68,$69,$124,$76,$260,265,$0.26,$0.26,$165,$267,$40,$931,$150,$0,$2574,$124,$2847,$3778,$563,$613,$86,$861,$1424,$1160,$1150,$32,$2354,$3778,$68,$48,$-19,$29,$-64,$-13,$11,$64,$-14,$83,$-14,$0,$-11,$0,$0,$0,$10,$-14,$-94,$0,$-94,$33,$33,$0,$10,$-51,$18,$10,$0
19,2013-12-31,34.7,$8.64,4.02,$8.77,3.96,$2.76,12.59,$0.84,41.31,$0.84B,$0.58B,1.45,$0.65B,$2.23B,0.29,$2.29B,$1.20B,52.58%,$2.29B,$0.25B,10.97%,$2.29B,$0.25B,10.97%,$2.29B,$0.44B,19.23%,$2.29B,$0.25B,11.06%,$2.29B,$0.22B,9.57%,$0.22B,$2.23B,10.45%,$0.22B,$-0.38B,-48.05%,$0.22B,$3.70B,6.03%,$0.25B,$2.89B,8.84%,$599,$280,$319,$78,$152,$532,$67,$-1,$66,$7,$60,$60,$60,$116,$67,$257,261,$0.23,$0.23,$147,$254,$36,$837,$143,$0,$2609,$112,$2864,$3701,$577,$652,$81,$890,$1467,$1106,$1082,$33,$2234,$3701,$218,$190,$-7,$183,$-2,$-11,$-16,$18,$14,$415,$-71,$-0,$-259,$0,$2,$2,$3,$-325,$-160,$0,$-160,$48,$48,$0,$14,$-98,$-11,$37,$0
20,2013-09-30,29.71,$8.31,3.57,$8.49,3.5,$2.56,11.62,$0.74,40.15,$0.83B,$0.57B,1.46,$0.70B,$2.14B,0.33,$2.21B,$1.14B,51.70%,$2.21B,$0.21B,9.71%,$2.21B,$0.21B,9.71%,$2.21B,$0.40B,18.05%,$2.21B,$0.23B,10.25%,$2.21B,$0.19B,8.71%,$0.19B,$2.14B,9.53%,$0.19B,$-0.42B,-38.50%,$0.19B,$3.64B,5.37%,$0.21B,$2.84B,7.60%,$557,$261,$295,$72,$139,$493,$63,$0,$64,$9,$55,$55,$54,$111,$63,$257,261,$0.21,$0.21,$122,$242,$45,$828,$136,$0,$2561,$110,$2807,$3635,$569,$704,$70,$926,$1495,$1078,$1025,$24,$2140,$3635,$159,$140,$-9,$132,$-24,$3,$-22,$35,$-12,$278,$-58,$-0,$-200,$0,$2,$2,$-1,$-256,$-109,$0,$-109,$38,$38,$0,$9,$-62,$-43,$26,$0
21,2013-06-30,25.99,$7.96,3.27,$8.32,3.12,$2.53,10.28,$0.74,35.12,$0.85B,$0.58B,1.46,$0.79B,$2.04B,0.39,$2.15B,$1.11B,51.46%,$2.15B,$0.21B,9.94%,$2.15B,$0.21B,9.94%,$2.15B,$0.39B,18.02%,$2.15B,$0.23B,10.64%,$2.15B,$0.19B,8.87%,$0.19B,$2.04B,9.86%,$0.19B,$-0.52B,-42.14%,$0.19B,$3.63B,5.58%,$0.21B,$2.83B,7.93%,$576,$274,$302,$77,$138,$511,$65,$4,$69,$14,$55,$55,$55,$111,$65,$256,261,$0.21,$0.21,$129,$259,$41,$847,$124,$0,$2560,$103,$2787,$3634,$582,$790,$67,$1011,$1592,$1058,$971,$-5,$2041,$3634,$104,$92,$-15,$77,$-26,$-15,$-19,$58,$-9,$172,$-39,$0,$-179,$0,$0,$0,$3,$-215,$-13,$0,$-13,$24,$24,$0,$8,$18,$-29,$17,$0
22,2013-03-31,29.98,$7.69,3.9,$8.13,3.69,$2.54,11.8,$0.74,40.51,$0.89B,$0.56B,1.6,$0.83B,$1.97B,0.42,$2.10B,$1.07B,51.26%,$2.10B,$0.21B,9.93%,$2.10B,$0.21B,9.93%,$2.10B,$0.37B,17.71%,$2.10B,$0.22B,10.64%,$2.10B,$0.19B,9.07%,$0.19B,$1.97B,10.23%,$0.19B,$-0.51B,-46.88%,$0.19B,$3.57B,5.83%,$0.21B,$2.80B,8.08%,$556,$269,$287,$74,$136,$500,$56,$-2,$54,$5,$49,$49,$50,$102,$56,$255,260,$0.20,$0.19,$144,$261,$40,$890,$106,$0,$2475,$96,$2676,$3566,$556,$829,$67,$1043,$1600,$1037,$916,$-3,$1966,$3566,$49,$46,$-11,$34,$-57,$-20,$-6,$49,$-46,$37,$-15,$0,$-65,$0,$0,$0,$4,$-76,$9,$0,$9,$14,$14,$0,$5,$28,$-14,$9,$0
23,2012-12-31,29.89,$7.52,3.98,$7.96,3.76,$2.69,11.11,$0.75,39.85,$0.82B,$0.47B,1.74,$0.87B,$1.91B,0.46,$2.04B,$1.05B,51.25%,$2.04B,$0.21B,10.39%,$2.04B,$0.21B,10.39%,$2.04B,$0.36B,17.79%,$2.04B,$0.23B,11.22%,$2.04B,$0.19B,9.36%,$0.19B,$1.91B,10.66%,$0.19B,$-0.55B,-59.22%,$0.19B,$3.47B,6.19%,$0.21B,$2.79B,8.70%,$516,$259,$256,$71,$137,$485,$30,$9,$39,$6,$33,$33,$33,$74,$30,$251,257,$0.14,$0.12,$158,$241,$33,$816,$97,$0,$2460,$96,$2653,$3469,$469,$873,$58,$1087,$1556,$1007,$868,$23,$1914,$3469,$190,$149,$-22,$127,$-29,$-8,$26,$9,$24,$341,$-54,$-1,$-728,$0,$13,$13,$6,$-764,$342,$0,$342,$59,$59,$0,$25,$426,$3,$33,$0
24,2012-09-30,23.83,$7.24,3.29,$7.67,3.11,$2.44,9.77,$0.74,32.42,$0.78B,$0.49B,1.6,$0.55B,$1.83B,0.3,$1.96B,$1.01B,51.43%,$1.96B,$0.21B,10.77%,$1.96B,$0.21B,10.77%,$1.96B,$0.35B,18.01%,$1.96B,$0.22B,11.28%,$1.96B,$0.19B,9.54%,$0.19B,$1.83B,10.93%,$0.19B,$-0.24B,-80.52%,$0.19B,$3.02B,6.49%,$0.21B,$2.38B,9.33%,$505,$242,$263,$61,$122,$441,$63,$3,$67,$13,$54,$54,$53,$101,$63,$252,257,$0.21,$0.21,$142,$234,$25,$778,$82,$0,$2063,$99,$2243,$3021,$485,$553,$52,$711,$1196,$965,$837,$7,$1825,$3021,$157,$106,$-7,$99,$-47,$-5,$8,$28,$-12,$244,$-34,$0,$-355,$0,$0,$0,$2,$-388,$77,$0,$77,$37,$37,$0,$17,$131,$-13,$24,$0
25,2012-06-30,23.01,$6.85,3.36,$7.37,3.12,$2.20,10.45,$0.64,36.23,$0.75B,$0.46B,1.64,$0.62B,$1.72B,0.36,$1.87B,$0.96B,51.12%,$1.87B,$0.18B,9.62%,$1.87B,$0.18B,9.62%,$1.87B,$0.31B,16.77%,$1.87B,$0.18B,9.83%,$1.87B,$0.16B,8.65%,$0.16B,$1.72B,9.85%,$0.16B,$-0.33B,-67.85%,$0.16B,$2.97B,5.78%,$0.18B,$2.34B,8.18%,$518,$250,$268,$64,$128,$459,$59,$4,$63,$10,$53,$53,$54,$94,$59,$251,257,$0.21,$0.21,$122,$228,$25,$751,$74,$0,$2049,$99,$2222,$2973,$460,$617,$48,$791,$1250,$945,$784,$-22,$1723,$2973,$103,$69,$-8,$62,$-45,$1,$4,$30,$-10,$155,$-21,$0,$-338,$0,$0,$0,$-0,$-359,$132,$0,$132,$27,$27,$0,$15,$175,$-33,$16,$0
26,2012-03-31,27.21,$6.81,3.99,$6.96,3.91,$2.08,13.07,$0.64,42.52,$0.83B,$0.47B,1.79,$0.54B,$1.70B,0.31,$1.76B,$0.90B,50.99%,$1.76B,$0.17B,9.82%,$1.76B,$0.17B,9.82%,$1.76B,$0.29B,16.64%,$1.76B,$0.18B,10.28%,$1.76B,$0.16B,9.20%,$0.16B,$1.70B,10.10%,$0.16B,$-0.18B,-335.75%,$0.16B,$2.87B,6.29%,$0.17B,$2.24B,8.49%,$502,$243,$259,$60,$123,$442,$60,$0,$60,$10,$50,$50,$51,$94,$60,$249,256,$0.20,$0.20,$209,$225,$27,$834,$66,$0,$1881,$91,$2038,$2872,$466,$535,$48,$703,$1169,$922,$736,$29,$1704,$2872,$50,$34,$-3,$31,$-44,$6,$4,$23,$-14,$68,$-8,$-1,$-101,$0,$0,$0,$0,$-110,$59,$0,$59,$27,$27,$0,$8,$93,$55,$8,$0
27,2011-12-31,21.7,$6.42,3.38,$6.52,3.33,$1.94,11.18,$0.60,36.17,$0.73B,$0.41B,1.78,$0.50B,$1.59B,0.31,$1.64B,$0.83B,50.58%,$1.64B,$0.16B,9.56%,$1.64B,$0.16B,9.56%,$1.64B,$0.26B,16.01%,$1.64B,$0.17B,10.16%,$1.64B,$0.15B,9.19%,$0.15B,$1.59B,9.74%,$0.15B,$-0.19B,152.91%,$0.15B,$2.65B,6.40%,$0.16B,$2.09B,8.49%,$435,$217,$218,$58,$115,$406,$29,$2,$31,$2,$29,$29,$29,$64,$29,$245,252,$0.11,$0.12,$155,$232,$19,$733,$63,$0,$1774,$82,$1919,$2652,$411,$499,$45,$652,$1064,$879,$686,$5,$1589,$2652,$149,$106,$-15,$91,$-2,$-30,$-4,$29,$2,$242,$-23,$0,$-760,$0,$12,$12,$-3,$-774,$404,$0,$404,$46,$46,$0,$15,$464,$-66,$28,$0
28,2011-09-30,16.78,$6.35,2.64,$6.10,2.75,$1.48,11.31,$0.63,26.63,$0.74B,$0.40B,1.88,$0.57B,$1.56B,0.37,$1.53B,$0.78B,50.69%,$1.53B,$0.15B,9.60%,$1.53B,$0.15B,9.60%,$1.53B,$0.24B,15.61%,$1.53B,$0.16B,10.32%,$1.53B,$0.16B,10.39%,$0.16B,$1.56B,10.60%,$0.16B,$-0.26B,68.17%,$0.16B,$2.71B,7.35%,$0.15B,$2.14B,8.59%,$417,$206,$212,$50,$115,$385,$32,$-3,$30,$3,$27,$27,$28,$62,$32,$246,252,$0.12,$0.11,$138,$216,$26,$741,$62,$0,$1829,$83,$1973,$2713,$395,$570,$47,$754,$1149,$861,$657,$26,$1564,$2713,$120,$71,$-1,$70,$-30,$-11,$2,$12,$-29,$162,$-16,$-2,$-758,$0,$-3,$-3,$7,$-772,$476,$0,$476,$40,$40,$0,$12,$528,$-83,$21,$0
29,2011-06-30,19.82,$6.35,3.12,$5.74,3.45,$1.19,16.68,$0.66,30.26,$0.81B,$0.29B,2.78,$0.13B,$1.56B,0.08,$1.43B,$0.72B,50.56%,$1.43B,$0.15B,10.27%,$1.43B,$0.15B,10.27%,$1.43B,$0.23B,15.92%,$1.43B,$0.17B,11.59%,$1.43B,$0.16B,11.45%,$0.16B,$1.56B,11.40%,$0.16B,$0.44B,43.70%,$0.16B,$2.07B,8.46%,$0.15B,$1.69B,9.51%,$407,$198,$209,$46,$101,$356,$52,$9,$60,$6,$54,$54,$54,$73,$52,$245,252,$0.22,$0.22,$250,$216,$26,$813,$53,$0,$1125,$78,$1257,$2070,$293,$125,$46,$217,$510,$840,$630,$72,$1560,$2070,$93,$42,$0,$42,$-25,$-16,$9,$13,$-24,$111,$-9,$-1,$-91,$0,$0,$0,$7,$-94,$-34,$0,$-34,$31,$31,$0,$11,$8,$29,$14,$0
30,2011-03-31,25.27,$6.07,4.16,$5.47,4.62,$1.13,22.44,$0.47,54.34,$0.80B,$0.42B,1.89,$0.00B,$1.49B,0.0,$1.36B,$0.68B,49.93%,$1.36B,$0.14B,10.01%,$1.36B,$0.14B,10.01%,$1.36B,$0.21B,15.76%,$1.36B,$0.15B,10.82%,$1.36B,$0.12B,8.54%,$0.12B,$1.49B,8.54%,$0.12B,$0.41B,34.42%,$0.12B,$2.00B,6.22%,$0.14B,$1.49B,9.24%,$384,$193,$192,$43,$95,$341,$44,$3,$46,$7,$39,$39,$40,$64,$44,$244,252,$0.17,$0.16,$244,$203,$20,$796,$52,$0,$1079,$73,$1204,$2000,$422,$0,$50,$89,$511,$826,$576,$68,$1489,$2000,$39,$21,$-2,$18,$-35,$-9,$16,$8,$-29,$28,$-4,$-0,$-39,$0,$0,$0,$0,$-43,$-1,$0,$-1,$28,$28,$0,$8,$35,$24,$7,$0
31,2010-12-31,19.97,$5.73,3.48,$5.23,3.82,$1.23,16.18,$0.42,47.54,$0.71B,$0.25B,2.84,$0.15B,$1.39B,0.11,$1.29B,$0.65B,49.88%,$1.29B,$0.13B,9.90%,$1.29B,$0.13B,9.90%,$1.29B,$0.20B,15.78%,$1.29B,$0.14B,10.90%,$1.29B,$0.10B,8.04%,$0.10B,$1.39B,7.92%,$0.10B,$0.35B,32.73%,$0.10B,$1.87B,5.70%,$0.13B,$1.54B,8.74%,$323,$160,$163,$41,$94,$304,$19,$3,$22,$-14,$36,$36,$37,$40,$19,$241,248,$0.16,$0.15,$221,$193,$20,$714,$51,$0,$1034,$68,$1153,$1867,$252,$151,$43,$229,$481,$782,$536,$48,$1386,$1867,$104,$76,$-11,$65,$-5,$-46,$14,$1,$-45,$124,$-23,$-2,$-136,$0,$-8,$-8,$13,$-156,$-0,$0,$-0,$-29,$-29,$0,$10,$-20,$-53,$23,$0
32,2010-09-30,17.52,$5.50,3.19,$5.06,3.46,$1.57,11.15,$0.32,55.62,$0.69B,$0.26B,2.62,$0.15B,$1.32B,0.12,$1.25B,$0.61B,49.12%,$1.25B,$0.12B,9.78%,$1.25B,$0.12B,9.78%,$1.25B,$0.20B,15.63%,$1.25B,$0.13B,10.58%,$1.25B,$0.08B,6.17%,$0.08B,$1.32B,6.00%,$0.08B,$0.30B,25.31%,$0.08B,$1.82B,4.29%,$0.12B,$1.47B,8.51%,$318,$158,$160,$37,$83,$287,$32,$7,$38,$5,$33,$33,$33,$51,$32,$239,246,$0.14,$0.14,$211,$177,$21,$686,$50,$0,$1016,$65,$1130,$1816,$262,$151,$41,$234,$497,$755,$500,$51,$1319,$1816,$68,$55,$4,$60,$-17,$-33,$16,$2,$-41,$87,$-17,$-1,$-91,$0,$-6,$-6,$5,$-109,$-0,$0,$-0,$-42,$-42,$0,$2,$-40,$-63,$16,$0
33,2010-06-30,14.0,$5.21,2.69,$4.86,2.88,$1.81,7.72,$0.25,57.14,$0.72B,$0.29B,2.45,$0.15B,$1.24B,0.12,$1.20B,$0.59B,48.75%,$1.20B,$0.11B,9.17%,$1.20B,$0.11B,9.17%,$1.20B,$0.18B,15.25%,$1.20B,$0.12B,9.67%,$1.20B,$0.06B,5.00%,$0.06B,$1.24B,4.74%,$0.06B,$0.28B,20.29%,$0.06B,$1.78B,3.38%,$0.11B,$1.39B,7.76%,$333,$170,$163,$37,$78,$293,$41,$0,$41,$34,$7,$7,$6,$59,$41,$241,248,$0.03,$0.03,$279,$159,$20,$720,$46,$0,$960,$54,$1061,$1781,$294,$151,$43,$244,$538,$736,$472,$21,$1242,$1781,$35,$36,$2,$38,$-8,$-20,$17,$2,$22,$95,$-11,$-0,$-51,$0,$-4,$-4,$5,$-61,$-0,$0,$-0,$-43,$-43,$0,$1,$-41,$-12,$11,$0
34,2010-03-31,14.36,$5.39,2.66,$4.71,3.05,$1.89,7.6,$0.31,47.08,$0.76B,$0.25B,2.98,$0.15B,$1.31B,0.12,$1.16B,$0.57B,48.83%,$1.16B,$0.10B,8.47%,$1.16B,$0.10B,8.47%,$1.16B,$0.17B,14.69%,$1.16B,$0.11B,9.08%,$1.16B,$0.08B,6.48%,$0.08B,$1.31B,5.97%,$0.08B,$0.33B,26.34%,$0.08B,$1.83B,4.28%,$0.10B,$1.46B,6.96%,$319,$160,$159,$36,$78,$283,$36,$4,$40,$11,$28,$28,$28,$54,$36,$242,248,$0.12,$0.12,$307,$151,$21,$759,$45,$0,$972,$57,$1075,$1834,$254,$151,$65,$274,$529,$735,$519,$41,$1305,$1834,$28,$18,$4,$22,$-23,$-9,$27,$3,$5,$56,$-5,$-0,$-22,$0,$-3,$-3,$0,$-30,$-0,$0,$-0,$9,$9,$0,$0,$9,$33,$6,$0
35,2009-12-31,12.6,$5.25,2.4,$4.62,2.73,$1.85,6.8,$0.26,48.46,$0.69B,$0.22B,3.09,$0.15B,$1.27B,0.12,$1.13B,$0.55B,48.80%,$1.13B,$0.09B,7.63%,$1.13B,$0.09B,7.63%,$1.13B,$0.16B,13.93%,$1.13B,$0.09B,7.90%,$1.13B,$0.06B,5.68%,$0.06B,$1.27B,5.25%,$0.06B,$0.30B,25.20%,$0.06B,$1.75B,3.75%,$0.09B,$1.42B,6.27%,$278,$147,$131,$36,$74,$265,$13,$0,$13,$3,$9,$9,$10,$31,$13,$240,244,$0.04,$0.04,$274,$144,$18,$690,$45,$0,$967,$52,$1063,$1753,$223,$151,$60,$265,$489,$720,$491,$48,$1265,$1753,$64,$71,$14,$86,$-0,$13,$3,$25,$45,$195,$-13,$-27,$-52,$5,$-1,$4,$3,$-84,$-0,$0,$-0,$15,$15,$0,$1,$16,$131,$19,$0
36,2009-09-30,11.96,$5.20,2.3,$4.56,2.62,$1.75,6.83,$0.28,43.47,$0.66B,$0.22B,3.04,$0.15B,$1.25B,0.12,$1.12B,$0.54B,48.43%,$1.12B,$0.08B,7.43%,$1.12B,$0.08B,7.43%,$1.12B,$0.15B,13.70%,$1.12B,$0.09B,7.61%,$1.12B,$0.07B,6.09%,$0.07B,$1.25B,5.72%,$0.07B,$0.27B,29.63%,$0.07B,$1.73B,4.06%,$0.08B,$1.40B,6.19%,$270,$137,$132,$33,$70,$250,$20,$1,$22,$6,$16,$16,$16,$39,$20,$240,246,$0.07,$0.07,$222,$160,$20,$657,$47,$0,$982,$46,$1075,$1732,$216,$151,$65,$264,$480,$714,$482,$51,$1252,$1732,$55,$53,$5,$58,$9,$1,$-1,$13,$26,$139,$-10,$-27,$-51,$-2,$0,$-2,$3,$-87,$-0,$0,$-0,$14,$14,$0,$1,$15,$73,$13,$0
37,2009-06-30,9.82,$5.05,1.94,$4.78,2.05,$1.75,5.61,$0.37,26.89,$0.62B,$0.22B,2.8,$0.15B,$1.21B,0.13,$1.18B,$0.58B,48.94%,$1.18B,$0.12B,9.96%,$1.18B,$0.12B,9.96%,$1.18B,$0.18B,15.66%,$1.18B,$0.12B,10.13%,$1.18B,$0.09B,7.74%,$0.09B,$1.21B,7.80%,$0.09B,$0.24B,39.96%,$0.09B,$1.69B,5.56%,$0.12B,$1.36B,9.04%,$290,$147,$143,$33,$72,$261,$29,$1,$30,$9,$21,$21,$21,$46,$29,$239,244,$0.09,$0.09,$190,$168,$18,$623,$49,$0,$970,$49,$1068,$1691,$223,$151,$64,$261,$484,$700,$466,$37,$1207,$1691,$39,$34,$8,$42,$9,$-8,$5,$10,$28,$109,$-7,$-27,$-39,$0,$-7,$-7,$-1,$-81,$-0,$0,$-0,$6,$6,$0,$0,$6,$36,$9,$0
38,2009-03-31,7.64,$4.84,1.58,$5.09,1.5,$1.70,4.49,$0.48,16.08,$0.60B,$0.23B,2.63,$0.15B,$1.16B,0.13,$1.26B,$0.62B,49.01%,$1.26B,$0.15B,11.96%,$1.26B,$0.15B,11.96%,$1.26B,$0.22B,17.18%,$1.26B,$0.16B,12.35%,$1.26B,$0.12B,9.42%,$0.12B,$1.16B,10.19%,$0.12B,$0.21B,48.47%,$0.12B,$1.64B,7.40%,$0.15B,$1.31B,12.02%,$289,$145,$144,$34,$75,$265,$24,$-1,$24,$6,$18,$18,$17,$41,$24,$239,242,$0.08,$0.07,$147,$165,$18,$598,$48,$0,$946,$50,$1044,$1642,$227,$151,$59,$259,$486,$694,$445,$13,$1156,$1642,$18,$17,$4,$20,$-13,$-7,$13,$5,$5,$43,$-3,$-26,$-17,$-2,$0,$-2,$0,$-49,$0,$0,$0,$5,$5,$0,$0,$5,$-3,$4,$0
39,2008-12-31,10.81,$4.80,2.25,$5.32,2.03,$1.60,6.74,$0.57,19.12,$0.59B,$0.22B,2.64,$0.15B,$1.14B,0.13,$1.33B,$0.65B,48.83%,$1.33B,$0.19B,13.92%,$1.33B,$0.19B,13.92%,$1.33B,$0.25B,18.81%,$1.33B,$0.19B,14.45%,$1.33B,$0.14B,10.68%,$0.14B,$1.14B,12.16%,$0.14B,$0.20B,55.47%,$0.14B,$1.64B,8.90%,$0.19B,$1.30B,14.99%,$268,$146,$122,$36,$69,$258,$10,$-1,$9,$-4,$13,$13,$14,$27,$10,$241,248,$0.06,$0.06,$148,$161,$16,$588,$50,$0,$944,$52,$1047,$1635,$223,$151,$62,$268,$491,$685,$428,$28,$1144,$1635,$141,$64,$-8,$56,$26,$-16,$-21,$-1,$-21,$176,$-16,$0,$-115,$-5,$0,$-5,$10,$-127,$91,$0,$91,$-103,$-103,$0,$6,$-6,$39,$16,$0
40,2008-09-30,12.93,$4.85,2.66,$5.50,2.35,$1.66,7.79,$0.62,21.02,$0.57B,$0.24B,2.37,$0.05B,$1.16B,0.04,$1.37B,$0.68B,49.71%,$1.37B,$0.21B,15.57%,$1.37B,$0.21B,15.57%,$1.37B,$0.28B,20.16%,$1.37B,$0.22B,16.30%,$1.37B,$0.15B,11.21%,$0.15B,$1.16B,13.28%,$0.15B,$0.26B,58.17%,$0.15B,$1.57B,9.80%,$0.21B,$1.21B,17.80%,$328,$162,$166,$35,$71,$274,$54,$2,$56,$17,$39,$39,$39,$70,$54,$241,249,$0.16,$0.16,$70,$162,$17,$565,$51,$0,$897,$60,$1009,$1574,$238,$51,$55,$175,$414,$681,$421,$58,$1160,$1574,$128,$47,$-12,$36,$-15,$-16,$-2,$3,$-21,$142,$-11,$-0,$-69,$0,$0,$0,$3,$-78,$-9,$0,$-9,$-94,$-94,$0,$6,$-97,$-33,$12,$0
41,2008-06-30,17.85,$4.97,3.59,$5.36,3.33,$1.61,11.08,$0.57,31.32,$0.57B,$0.25B,2.27,$0.00B,$1.21B,0.0,$1.34B,$0.66B,49.48%,$1.34B,$0.20B,15.20%,$1.34B,$0.20B,15.20%,$1.34B,$0.27B,19.75%,$1.34B,$0.21B,15.87%,$1.34B,$0.14B,10.58%,$0.14B,$1.21B,12.48%,$0.14B,$0.31B,56.57%,$0.14B,$1.58B,9.14%,$0.20B,$1.21B,17.17%,$378,$191,$187,$39,$77,$315,$63,$4,$67,$18,$49,$49,$49,$79,$63,$243,251,$0.20,$0.20,$80,$153,$17,$570,$52,$0,$900,$63,$1014,$1584,$251,$0,$53,$124,$375,$683,$448,$78,$1209,$1584,$89,$31,$-1,$30,$-26,$-9,$5,$4,$-18,$100,$-8,$-0,$-45,$0,$0,$0,$0,$-53,$-60,$0,$-60,$-21,$-21,$0,$5,$-76,$-23,$8,$0
42,2008-03-31,14.3,$4.78,2.99,$5.17,2.77,$1.57,9.13,$0.52,27.76,$0.57B,$0.24B,2.42,$0.06B,$1.16B,0.05,$1.29B,$0.64B,49.85%,$1.29B,$0.20B,15.25%,$1.29B,$0.20B,15.25%,$1.29B,$0.26B,19.89%,$1.29B,$0.20B,15.63%,$1.29B,$0.13B,9.91%,$0.13B,$1.16B,11.76%,$0.13B,$0.25B,60.59%,$0.13B,$1.59B,8.39%,$0.20B,$1.22B,16.89%,$355,$181,$174,$37,$74,$297,$58,$2,$60,$20,$40,$40,$40,$74,$58,$243,250,$0.17,$0.16,$71,$149,$18,$571,$52,$0,$907,$58,$1017,$1588,$236,$60,$60,$193,$429,$670,$408,$80,$1159,$1588,$40,$15,$1,$17,$-39,$-3,$4,$2,$-36,$21,$-4,$-0,$-40,$0,$0,$0,$0,$-43,$-0,$0,$-0,$-17,$-17,$0,$2,$-16,$-32,$4,$0
43,2007-12-31,15.12,$4.56,3.32,$4.93,3.07,$1.61,9.38,$0.48,31.83,$0.56B,$0.25B,2.23,$0.06B,$1.11B,0.06,$1.22B,$0.61B,50.12%,$1.22B,$0.18B,14.55%,$1.22B,$0.18B,14.55%,$1.22B,$0.23B,19.13%,$1.22B,$0.18B,15.04%,$1.22B,$0.12B,9.57%,$0.12B,$1.11B,11.28%,$0.12B,$0.24B,68.32%,$0.12B,$1.54B,7.87%,$0.18B,$1.17B,15.60%,$313,$157,$156,$35,$77,$274,$39,$1,$41,$14,$26,$26,$26,$54,$39,$239,249,$0.11,$0.10,$103,$143,$16,$556,$51,$0,$874,$58,$983,$1539,$250,$61,$56,$180,$430,$661,$389,$60,$1109,$1539,$117,$56,$10,$66,$-31,$-19,$-4,$40,$3,$187,$-13,$0,$-296,$-6,$0,$-6,$3,$-311,$60,$0,$60,$32,$32,$0,$12,$104,$-26,$15,$0
44,2007-09-30,19.61,$4.43,4.43,$4.68,4.19,$1.43,13.73,$0.47,41.49,$0.54B,$0.24B,2.2,$0.08B,$1.07B,0.08,$1.14B,$0.57B,50.09%,$1.14B,$0.17B,14.51%,$1.14B,$0.17B,14.51%,$1.14B,$0.22B,18.79%,$1.14B,$0.18B,15.30%,$1.14B,$0.12B,10.05%,$0.12B,$1.07B,12.14%,$0.12B,$0.21B,60.85%,$0.12B,$1.51B,8.54%,$0.17B,$1.15B,16.03%,$296,$149,$147,$32,$67,$252,$44,$1,$45,$18,$27,$27,$27,$58,$44,$241,251,$0.12,$0.11,$84,$142,$57,$537,$52,$0,$865,$51,$968,$1505,$244,$81,$55,$188,$432,$650,$362,$60,$1073,$1505,$91,$42,$-7,$34,$-38,$-16,$-8,$32,$4,$129,$-9,$0,$-286,$0,$0,$0,$3,$-291,$80,$0,$80,$28,$28,$0,$13,$121,$-46,$11,$0
45,2007-06-30,16.1,$4.21,3.82,$4.51,3.57,$1.25,12.9,$0.47,34.26,$0.51B,$0.24B,2.13,$0.11B,$1.01B,0.11,$1.08B,$0.54B,50.05%,$1.08B,$0.16B,14.59%,$1.08B,$0.16B,14.59%,$1.08B,$0.20B,18.47%,$1.08B,$0.17B,15.60%,$1.08B,$0.11B,10.43%,$0.11B,$1.01B,13.20%,$0.11B,$0.15B,51.13%,$0.11B,$1.47B,9.42%,$0.16B,$1.12B,17.09%,$328,$161,$167,$34,$72,$272,$56,$0,$56,$21,$35,$35,$35,$71,$56,$239,249,$0.15,$0.14,$74,$138,$55,$514,$52,$0,$860,$48,$961,$1474,$241,$112,$55,$222,$464,$629,$335,$47,$1011,$1474,$64,$27,$-6,$21,$-39,$-12,$-6,$22,$1,$86,$-6,$0,$-278,$0,$0,$0,$1,$-283,$122,$0,$122,$16,$16,$0,$6,$144,$-56,$7,$0
46,2007-03-31,13.42,$4.03,3.33,$4.25,3.16,$1.13,11.82,$0.45,29.66,$0.46B,$0.21B,2.18,$0.16B,$0.96B,0.17,$1.00B,$0.50B,49.70%,$1.00B,$0.14B,14.10%,$1.00B,$0.14B,14.10%,$1.00B,$0.18B,17.50%,$1.00B,$0.15B,15.40%,$1.00B,$0.11B,10.70%,$0.11B,$0.96B,13.90%,$0.11B,$0.09B,41.63%,$0.11B,$1.43B,10.18%,$0.14B,$1.12B,17.41%,$286,$143,$143,$31,$64,$246,$39,$3,$42,$13,$29,$29,$29,$51,$39,$231,242,$0.13,$0.12,$64,$128,$13,$462,$54,$0,$866,$44,$964,$1427,$213,$160,$59,$257,$469,$617,$300,$41,$957,$1427,$29,$12,$-3,$9,$-26,$-1,$3,$14,$-6,$32,$-4,$0,$-272,$0,$0,$0,$0,$-276,$170,$0,$170,$10,$10,$0,$2,$183,$-66,$3,$0
47,2006-12-31,12.68,$3.35,3.79,$4.04,3.14,$1.07,11.84,$0.45,28.5,$0.46B,$0.19B,2.49,$0.00B,$0.75B,0.0,$0.94B,$0.46B,49.04%,$0.94B,$0.14B,14.36%,$0.94B,$0.14B,14.36%,$0.94B,$0.16B,17.34%,$0.94B,$0.15B,15.74%,$0.94B,$0.10B,11.06%,$0.10B,$0.75B,15.22%,$0.10B,$0.31B,33.79%,$0.10B,$0.98B,11.65%,$0.14B,$0.75B,19.75%,$234,$118,$116,$27,$59,$207,$27,$5,$32,$8,$24,$24,$24,$35,$27,$220,232,$0.11,$0.10,$130,$113,$13,$464,$48,$0,$442,$30,$519,$983,$186,$0,$28,$50,$236,$435,$271,$41,$748,$983,$104,$27,$17,$44,$-12,$-8,$-4,$-16,$-12,$136,$-17,$0,$-100,$0,$0,$0,$2,$-114,$0,$0,$0,$27,$27,$0,$8,$34,$56,$13,$0
