,Date,Stock Price,Book Value per Share,Price to Book Ratio,TTM Sales per Share,Price to Sales Ratio,TTM FCF per Share,Price to FCF Ratio,TTM Net EPS,PE Ratio,Current Assets,Current Liabilities,Current Ratio,Long Term Debt,Shareholder's Equity_x,Debt to Equity Ratio,TTM Revenue_x,TTM Gross Profit,Gross Margin,TTM Revenue_y,TTM Operating Income,Operating Margin,TTM Revenue_x,TTM EBIT,EBIT Margin,TTM Revenue_y,TTM EBITDA,EBITDA Margin,TTM Revenue_x,TTM Pre-Tax Income,Pre-Tax Margin,TTM Revenue_y,TTM Net Income_x,Net Margin,TTM Net Income_y,Shareholder's Equity_y,Return on Equity,TTM Net Income_x,Tangible Equity,Return on Tangible Equity,TTM Net Income_y,Total Assets,Return on Assets,TTM Net Income,LT Investments & Debt,Return on Investment,revenue,cost-goods-sold,gross-profit,research-development-expenses,selling-general-administrative-expenses,operating-expenses,operating-income,total-non-operating-income-expense,pre-tax-income,total-provision-income-taxes,income-after-taxes,income-from-continuous-operations,net-income,ebitda,ebit,basic-shares-outstanding,shares-outstanding,eps-basic-net-earnings-per-share,eps-earnings-per-share-diluted,cash-on-hand,inventory,other-current-assets,total-current-assets,net-property-plant-equipment,long-term-investments,goodwill-intangible-assets-total,other-long-term-assets,total-long-term-assets,total-assets,total-current-liabilities,long-term-debt,other-non-current-liabilities,total-long-term-liabilities,total-liabilities,common-stock-net,retained-earnings-accumulated-deficit,comprehensive-income,total-share-holder-equity,total-liabilities-share-holders-equity,net-income-loss,total-depreciation-amortization-cash-flow,other-non-cash-items,total-non-cash-items,change-in-accounts-receivable,change-in-inventories,change-in-accounts-payable,change-in-assets-liabilities,total-change-in-assets-liabilities,cash-flow-from-operating-activities,net-change-in-property-plant-equipment,net-change-in-intangible-assets,net-acquisitions-divestitures,net-change-in-short-term-investments,net-change-in-long-term-investments,net-change-in-investments-total,investing-activities-other,cash-flow-from-investing-activities,net-long-term-debt,net-current-debt,debt-issuance-retirement-net-total,net-common-equity-issued-repurchased,net-total-equity-issued-repurchased,total-common-preferred-stock-dividends-paid,financial-activities-other,cash-flow-from-financial-activities,net-cash-flow,stock-based-compensation,common-stock-dividends-paid
0,2018-09-30,33.65,$23.66,1.42,$9.76,3.45,$6.78,4.96,$1.90,17.71,$9.41B,$11.63B,0.81,$0.06B,$1.60B,0.04,$0.66B,$0.60B,91.10%,$0.66B,$0.17B,25.64%,$0.66B,0,0.00%,$0.66B,0,0.00%,$0.66B,$0.17B,25.64%,$0.66B,$0.13B,19.46%,$0.13B,$1.60B,8.16%,$0.13B,$1.11B,11.81%,$0.13B,$13.44B,0.95%,$0.17B,$1.66B,10.34%,$172,$18,$154,$0,$113,$131,$41,$0,$41,$4,$36,$36,$36,$0,$0,$68,68,$0.54,$0.54,$433,$0,$0,$9405,$179,$2809,$493,$554,$4035,$13440,$11634,$63,$144,$206,$11840,$14,$1303,$-80,$1600,$13440,$113,$37,$21,$57,$-3,$0,$0,$-16,$-18,$142,$-10,$-11,$0,$-0,$437,$437,$-20,$396,$-0,$-764,$-764,$-8,$-8,$-47,$378,$-441,$97,$0,$-47
1,2018-06-30,32.63,$23.43,1.39,$9.59,3.4,$6.79,4.81,$1.87,17.45,$9.35B,$11.74B,0.8,$0.06B,$1.58B,0.04,$0.65B,$0.60B,91.72%,$0.65B,$0.17B,26.38%,$0.65B,0,0.00%,$0.65B,0,0.00%,$0.65B,$0.17B,26.38%,$0.65B,$0.13B,19.63%,$0.13B,$1.58B,8.12%,$0.13B,$1.09B,11.72%,$0.13B,$13.53B,0.94%,$0.17B,$1.65B,10.49%,$168,$15,$153,$0,$107,$122,$46,$0,$46,$6,$40,$40,$40,$0,$0,$68,68,$0.59,$0.59,$387,$0,$0,$9349,$178,$2961,$491,$548,$4176,$13525,$11737,$63,$141,$204,$11941,$14,$1282,$-74,$1584,$13525,$77,$25,$11,$35,$-19,$0,$0,$-6,$-25,$77,$-6,$-7,$0,$1,$296,$296,$9,$292,$-0,$-773,$-773,$-8,$-8,$-31,$494,$-319,$51,$0,$-31
2,2018-03-31,30.94,$23.17,1.34,$9.51,3.25,$6.64,4.66,$1.63,18.98,$9.12B,$11.69B,0.78,$0.06B,$1.57B,0.04,$0.65B,$0.60B,92.41%,$0.65B,$0.16B,24.15%,$0.65B,0,0.00%,$0.65B,0,0.00%,$0.65B,$0.16B,24.15%,$0.65B,$0.11B,17.34%,$0.11B,$1.57B,7.13%,$0.11B,$1.08B,10.28%,$0.11B,$13.46B,0.81%,$0.16B,$1.63B,9.54%,$162,$14,$149,$0,$107,$120,$42,$0,$42,$5,$37,$37,$37,$0,$0,$68,68,$0.54,$0.54,$315,$0,$0,$9123,$179,$3121,$489,$551,$4340,$13463,$11693,$63,$137,$200,$11893,$14,$1258,$-68,$1570,$13463,$37,$12,$7,$19,$10,$0,$0,$0,$10,$58,$-3,$-1,$0,$1,$144,$144,$122,$263,$-0,$-720,$-720,$-18,$-18,$0,$397,$-341,$-20,$0,$0
3,2017-12-31,31.4,$23.20,1.35,$9.35,3.36,$6.40,4.91,$1.55,20.26,$9.27B,$12.02B,0.77,$0.06B,$1.57B,0.04,$0.64B,$0.59B,93.23%,$0.64B,$0.15B,24.25%,$0.64B,0,0.00%,$0.64B,0,0.00%,$0.64B,$0.15B,24.25%,$0.64B,$0.11B,16.69%,$0.11B,$1.57B,6.78%,$0.11B,$1.09B,9.76%,$0.11B,$13.80B,0.77%,$0.15B,$1.64B,9.12%,$161,$13,$148,$0,$107,$120,$41,$0,$41,$25,$16,$16,$16,$0,$0,$68,68,$0.24,$0.24,$336,$0,$0,$9268,$179,$3295,$480,$576,$4530,$13798,$12018,$63,$145,$208,$12226,$14,$1228,$-40,$1572,$13798,$106,$49,$34,$83,$-0,$0,$0,$12,$11,$207,$-5,$-5,$-20,$7,$257,$264,$-583,$-349,$-3,$-137,$-141,$0,$0,$-63,$354,$150,$8,$0,$-63
4,2017-09-30,32.42,$23.36,1.39,$9.14,3.55,$5.56,5.83,$1.75,18.53,$9.16B,$12.10B,0.76,$0.06B,$1.58B,0.04,$0.62B,$0.59B,94.20%,$0.62B,$0.15B,24.15%,$0.62B,0,0.00%,$0.62B,0,0.00%,$0.62B,$0.15B,24.15%,$0.62B,$0.12B,19.16%,$0.12B,$1.58B,7.67%,$0.12B,$1.10B,11.05%,$0.12B,$13.89B,0.87%,$0.15B,$1.65B,8.63%,$161,$12,$148,$0,$105,$117,$43,$0,$43,$9,$35,$35,$35,$0,$0,$68,68,$0.51,$0.51,$353,$0,$0,$9162,$181,$3471,$479,$590,$4722,$13885,$12100,$63,$140,$203,$12302,$14,$1228,$-28,$1583,$13885,$90,$37,$8,$45,$-24,$0,$0,$18,$-6,$136,$-3,$-3,$-20,$4,$103,$107,$-441,$-361,$-3,$290,$287,$0,$0,$-47,$8,$247,$22,$0,$-47
5,2017-06-30,31.24,$23.06,1.36,$8.97,3.48,$4.13,7.56,$1.70,18.38,$9.06B,$12.15B,0.75,$0.06B,$1.56B,0.04,$0.61B,$0.58B,95.07%,$0.61B,$0.15B,23.97%,$0.61B,0,0.00%,$0.61B,0,0.00%,$0.61B,$0.15B,23.97%,$0.61B,$0.12B,18.88%,$0.12B,$1.56B,7.47%,$0.12B,$1.08B,10.74%,$0.12B,$13.91B,0.85%,$0.15B,$1.63B,7.58%,$162,$10,$152,$0,$122,$132,$30,$0,$30,$6,$24,$24,$24,$0,$0,$68,68,$0.35,$0.35,$325,$0,$0,$9056,$182,$3587,$482,$601,$4853,$13909,$12154,$63,$130,$193,$12347,$14,$1209,$-29,$1562,$13909,$55,$24,$6,$30,$-32,$0,$0,$6,$-26,$62,$-0,$-2,$-20,$1,$-14,$-14,$-361,$-398,$-3,$161,$158,$0,$0,$-31,$200,$326,$-9,$0,$-31
6,2017-03-31,30.65,$22.71,1.35,$8.75,3.5,$3.41,9.0,$1.67,18.36,$8.70B,$11.49B,0.76,$0.31B,$1.54B,0.2,$0.59B,$0.57B,95.62%,$0.59B,$0.14B,24.07%,$0.59B,0,0.00%,$0.59B,0,0.00%,$0.59B,$0.14B,24.07%,$0.59B,$0.11B,19.02%,$0.11B,$1.54B,7.39%,$0.11B,$1.07B,10.58%,$0.11B,$13.49B,0.85%,$0.14B,$1.85B,6.75%,$151,$7,$144,$0,$103,$111,$40,$0,$40,$9,$31,$31,$31,$0,$0,$68,68,$0.46,$0.46,$380,$0,$0,$8695,$183,$3522,$468,$623,$4796,$13490,$11494,$313,$146,$459,$11952,$14,$1201,$-43,$1538,$13490,$31,$12,$5,$17,$-7,$0,$0,$-2,$-8,$40,$-1,$-1,$0,$0,$-5,$-5,$-96,$-104,$-0,$84,$84,$-16,$-16,$0,$47,$116,$52,$0,$0
7,2016-12-31,34.14,$22.48,1.52,$8.65,3.95,$2.83,12.05,$1.61,21.21,$8.55B,$11.37B,0.75,$0.31B,$1.52B,0.21,$0.59B,$0.56B,95.74%,$0.59B,$0.14B,23.68%,$0.59B,0,0.00%,$0.59B,0,0.00%,$0.59B,$0.14B,23.68%,$0.59B,$0.11B,18.57%,$0.11B,$1.52B,7.16%,$0.11B,$1.05B,10.25%,$0.11B,$13.35B,0.83%,$0.14B,$1.83B,6.36%,$147,$7,$141,$0,$103,$110,$37,$0,$37,$8,$29,$29,$29,$0,$0,$68,68,$0.42,$0.42,$328,$0,$0,$8545,$185,$3515,$467,$640,$4807,$13352,$11366,$313,$154,$467,$11832,$14,$1185,$-46,$1520,$13352,$108,$46,$33,$79,$-8,$0,$0,$-34,$-42,$148,$-3,$-8,$0,$-0,$5,$5,$-643,$-650,$200,$-52,$148,$-1,$-1,$-63,$467,$551,$50,$0,$-63
8,2016-09-30,26.22,$22.69,1.16,$8.61,3.05,$3.10,8.45,$1.59,16.49,$8.34B,$10.61B,0.79,$0.86B,$1.54B,0.56,$0.58B,$0.56B,95.89%,$0.58B,$0.14B,23.63%,$0.58B,0,0.00%,$0.58B,0,0.00%,$0.58B,$0.14B,23.63%,$0.58B,$0.11B,18.49%,$0.11B,$1.54B,7.15%,$0.11B,$1.08B,10.28%,$0.11B,$13.16B,0.84%,$0.14B,$2.40B,6.14%,$149,$6,$142,$0,$103,$109,$39,$0,$39,$8,$31,$31,$31,$0,$0,$68,68,$0.46,$0.46,$384,$0,$0,$8339,$191,$3554,$454,$623,$4822,$13162,$10613,$863,$150,$1013,$11627,$14,$1172,$-17,$1535,$13162,$79,$34,$25,$59,$-81,$0,$0,$-31,$-112,$42,$-6,$-5,$0,$-0,$13,$13,$-309,$-307,$250,$73,$323,$-1,$-1,$-47,$96,$371,$106,$0,$-47
9,2016-06-30,23.45,$22.53,1.04,$8.62,2.72,$3.85,6.09,$1.55,15.13,$8.20B,$10.50B,0.78,$0.86B,$1.52B,0.57,$0.58B,$0.56B,96.23%,$0.58B,$0.14B,23.12%,$0.58B,0,0.00%,$0.58B,0,0.00%,$0.58B,$0.14B,23.12%,$0.58B,$0.11B,17.98%,$0.11B,$1.52B,7.02%,$0.11B,$1.07B,10.16%,$0.11B,$13.03B,0.83%,$0.14B,$2.39B,6.60%,$147,$6,$141,$0,$113,$119,$27,$0,$27,$6,$22,$22,$22,$0,$0,$68,68,$0.32,$0.32,$325,$0,$0,$8199,$193,$3562,$453,$624,$4832,$13030,$10498,$863,$146,$1009,$11507,$14,$1157,$-12,$1523,$13030,$49,$22,$5,$27,$-56,$0,$0,$-19,$-75,$17,$-5,$-4,$0,$-3,$18,$16,$-256,$-249,$250,$116,$366,$-1,$-1,$-31,$-58,$276,$44,$0,$-31
10,2016-03-31,21.53,$22.30,0.97,$8.63,2.49,$4.45,4.84,$1.68,12.82,$7.97B,$10.51B,0.76,$0.61B,$1.51B,0.41,$0.58B,$0.56B,96.40%,$0.58B,$0.15B,25.34%,$0.58B,0,0.00%,$0.58B,0,0.00%,$0.58B,$0.15B,25.34%,$0.58B,$0.11B,19.52%,$0.11B,$1.51B,7.72%,$0.11B,$1.05B,11.27%,$0.11B,$12.78B,0.91%,$0.15B,$2.12B,8.04%,$144,$6,$138,$0,$102,$108,$36,$0,$36,$9,$27,$27,$27,$0,$0,$68,68,$0.40,$0.40,$228,$0,$0,$7969,$194,$3536,$460,$615,$4806,$12775,$10511,$613,$143,$755,$11267,$14,$1152,$-22,$1508,$12775,$27,$11,$4,$15,$-35,$0,$0,$-12,$-47,$3,$-3,$-2,$0,$0,$34,$34,$-135,$-106,$-0,$25,$25,$0,$0,$-16,$45,$54,$-49,$0,$-16
11,2015-12-31,21.32,$21.80,0.98,$8.65,2.47,$4.39,4.86,$1.71,12.47,$7.84B,$10.44B,0.75,$0.61B,$1.47B,0.42,$0.59B,$0.57B,96.58%,$0.59B,$0.15B,25.64%,$0.59B,0,0.00%,$0.59B,0,0.00%,$0.59B,$0.15B,25.64%,$0.59B,$0.12B,19.83%,$0.12B,$1.47B,7.94%,$0.12B,$1.01B,11.65%,$0.12B,$12.68B,0.94%,$0.15B,$2.09B,8.83%,$144,$5,$139,$0,$103,$108,$36,$0,$36,$9,$28,$28,$28,$0,$0,$68,68,$0.42,$0.41,$278,$0,$0,$7840,$196,$3533,$468,$642,$4839,$12679,$10442,$613,$151,$764,$11206,$14,$1143,$-45,$1473,$12679,$116,$45,$27,$71,$-33,$0,$0,$13,$-20,$173,$-10,$-9,$0,$2,$-5,$-4,$-505,$-527,$500,$-10,$490,$0,$0,$-63,$-111,$317,$-38,$0,$-63
12,2015-09-30,21.25,$21.86,0.97,$8.68,2.45,$5.00,4.25,$1.72,12.35,$7.53B,$10.66B,0.71,$0.11B,$1.48B,0.08,$0.59B,$0.57B,96.59%,$0.59B,$0.15B,25.72%,$0.59B,0,0.00%,$0.59B,0,0.00%,$0.59B,$0.15B,25.72%,$0.59B,$0.12B,19.76%,$0.12B,$1.48B,8.01%,$0.12B,$1.01B,11.79%,$0.12B,$12.39B,0.95%,$0.15B,$1.59B,9.67%,$149,$5,$144,$0,$107,$112,$36,$0,$36,$8,$28,$28,$28,$0,$0,$68,68,$0.42,$0.42,$220,$0,$0,$7527,$197,$3561,$465,$640,$4864,$12390,$10656,$113,$144,$257,$10914,$14,$1131,$-29,$1477,$12390,$88,$34,$19,$54,$-55,$0,$0,$0,$-55,$93,$-7,$-7,$0,$2,$-3,$-1,$-230,$-245,$-0,$390,$389,$-1,$-1,$-47,$-286,$56,$-96,$0,$-47
13,2015-06-30,22.68,$21.47,1.06,$8.76,2.59,$6.02,3.76,$1.80,12.6,$7.23B,$10.47B,0.69,$0.11B,$1.45B,0.08,$0.59B,$0.57B,96.62%,$0.59B,$0.16B,27.03%,$0.59B,0,0.00%,$0.59B,0,0.00%,$0.59B,$0.16B,27.03%,$0.59B,$0.12B,20.61%,$0.12B,$1.45B,8.52%,$0.12B,$0.98B,12.61%,$0.12B,$12.18B,1.00%,$0.16B,$1.56B,10.34%,$147,$5,$142,$0,$102,$107,$40,$0,$40,$10,$31,$31,$31,$0,$0,$68,68,$0.45,$0.45,$255,$0,$0,$7232,$196,$3637,$469,$648,$4950,$12182,$10471,$113,$148,$261,$10732,$14,$1118,$-41,$1450,$12182,$60,$23,$14,$37,$-37,$0,$0,$-2,$-40,$56,$-3,$-4,$0,$2,$-96,$-94,$91,$-11,$-0,$-168,$-168,$-1,$-1,$-31,$94,$-106,$-61,$0,$-31
14,2015-03-31,21.84,$21.41,1.02,$8.88,2.46,$6.58,3.32,$1.84,11.87,$7.32B,$10.48B,0.7,$0.11B,$1.45B,0.08,$0.60B,$0.58B,96.50%,$0.60B,$0.16B,27.17%,$0.60B,0,0.00%,$0.60B,0,0.00%,$0.60B,$0.16B,27.17%,$0.60B,$0.12B,20.67%,$0.12B,$1.45B,8.73%,$0.12B,$0.99B,12.98%,$0.12B,$12.18B,1.02%,$0.16B,$1.56B,10.61%,$145,$5,$140,$0,$101,$106,$38,$0,$38,$9,$29,$29,$29,$0,$0,$68,68,$0.43,$0.43,$335,$0,$0,$7315,$198,$3566,$460,$641,$4864,$12179,$10481,$113,$139,$252,$10733,$14,$1103,$-30,$1446,$12179,$29,$11,$7,$18,$-43,$0,$0,$-12,$-54,$-3,$-1,$0,$0,$2,$-3,$-1,$103,$101,$-0,$-270,$-270,$-1,$-1,$-16,$208,$-78,$19,$0,$-16
15,2014-12-31,21.85,$21.04,1.04,$8.88,2.46,$7.49,2.92,$1.84,11.88,$7.37B,$10.57B,0.7,$0.11B,$1.42B,0.08,$0.60B,$0.58B,96.33%,$0.60B,$0.16B,27.17%,$0.60B,0,0.00%,$0.60B,0,0.00%,$0.60B,$0.16B,27.17%,$0.60B,$0.12B,20.67%,$0.12B,$1.42B,8.84%,$0.12B,$0.96B,13.27%,$0.12B,$12.25B,1.02%,$0.16B,$1.53B,10.72%,$146,$5,$141,$0,$104,$109,$37,$0,$37,$9,$28,$28,$28,$0,$0,$67,68,$0.41,$0.41,$318,$0,$0,$7367,$201,$3545,$463,$674,$4883,$12251,$10567,$113,$151,$264,$10831,$14,$1092,$-42,$1420,$12251,$124,$44,$26,$70,$20,$0,$0,$-18,$2,$211,$-8,$0,$0,$5,$-166,$-161,$-388,$-556,$-0,$541,$541,$-1,$-1,$-62,$-162,$315,$-30,$0,$-62
16,2014-09-30,20.32,$20.98,0.97,$8.91,2.28,$8.79,2.31,$1.84,11.04,$7.22B,$10.44B,0.69,$0.12B,$1.42B,0.09,$0.60B,$0.58B,96.17%,$0.60B,$0.16B,26.46%,$0.60B,0,0.00%,$0.60B,0,0.00%,$0.60B,$0.16B,26.46%,$0.60B,$0.12B,20.63%,$0.12B,$1.42B,8.95%,$0.12B,$0.95B,13.58%,$0.12B,$12.10B,1.03%,$0.16B,$1.54B,10.56%,$154,$5,$149,$0,$104,$110,$45,$0,$45,$11,$34,$34,$34,$0,$0,$67,68,$0.50,$0.50,$242,$0,$0,$7221,$200,$3534,$468,$674,$4876,$12096,$10438,$120,$124,$243,$10681,$14,$1081,$-34,$1415,$12096,$95,$33,$25,$58,$15,$0,$0,$-18,$-3,$160,$-4,$0,$0,$3,$-163,$-159,$-315,$-478,$356,$249,$605,$-1,$-1,$-47,$-347,$210,$-108,$0,$-47
17,2014-06-30,21.57,$20.76,1.04,$8.88,2.43,$10.27,2.1,$1.83,11.79,$7.23B,$10.48B,0.69,$0.12B,$1.40B,0.09,$0.60B,$0.58B,95.99%,$0.60B,$0.16B,26.38%,$0.60B,0,0.00%,$0.60B,0,0.00%,$0.60B,$0.16B,26.38%,$0.60B,$0.12B,20.53%,$0.12B,$1.40B,9.01%,$0.12B,$0.93B,13.84%,$0.12B,$12.12B,1.03%,$0.16B,$1.52B,10.64%,$155,$5,$149,$0,$107,$112,$43,$0,$43,$10,$33,$33,$33,$0,$0,$67,68,$0.49,$0.49,$328,$0,$0,$7226,$202,$3533,$468,$691,$4894,$12120,$10481,$120,$119,$239,$10720,$14,$1063,$-31,$1400,$12120,$62,$22,$17,$39,$4,$0,$0,$-23,$-20,$91,$-2,$0,$0,$2,$-154,$-151,$-235,$-388,$-0,$306,$306,$-1,$-1,$-31,$0,$274,$-23,$0,$-31
18,2014-03-31,21.93,$20.37,1.08,$8.81,2.49,$10.40,2.11,$1.80,12.18,$7.14B,$10.44B,0.68,$0.12B,$1.37B,0.09,$0.59B,$0.57B,95.79%,$0.59B,$0.16B,26.43%,$0.59B,0,0.00%,$0.59B,0,0.00%,$0.59B,$0.16B,26.43%,$0.59B,$0.12B,20.37%,$0.12B,$1.37B,8.99%,$0.12B,$0.90B,13.94%,$0.12B,$12.06B,1.02%,$0.16B,$1.49B,10.71%,$145,$6,$139,$0,$101,$107,$38,$0,$38,$9,$29,$29,$29,$0,$0,$67,68,$0.43,$0.43,$424,$0,$0,$7136,$204,$3538,$473,$706,$4921,$12057,$10441,$120,$122,$242,$10683,$14,$1046,$-38,$1374,$12057,$29,$11,$1,$12,$22,$0,$0,$-10,$12,$57,$-0,$0,$0,$7,$-169,$-162,$-71,$-233,$-0,$8,$8,$-1,$-1,$-16,$262,$253,$78,$0,$-16
19,2013-12-31,22.99,$20.11,1.14,$8.78,2.62,$9.36,2.46,$1.75,13.14,$7.03B,$10.18B,0.69,$0.12B,$1.36B,0.09,$0.59B,$0.56B,95.59%,$0.59B,$0.15B,25.98%,$0.59B,0,0.00%,$0.59B,0,0.00%,$0.59B,$0.15B,25.98%,$0.59B,$0.12B,19.86%,$0.12B,$1.36B,8.72%,$0.12B,$0.87B,13.53%,$0.12B,$11.79B,0.99%,$0.15B,$1.48B,10.41%,$147,$6,$141,$0,$107,$113,$33,$0,$33,$5,$28,$28,$28,$0,$0,$67,67,$0.42,$0.42,$353,$0,$0,$7029,$207,$3363,$483,$708,$4761,$11790,$10178,$120,$137,$258,$10435,$14,$1035,$-44,$1355,$11790,$117,$44,$13,$57,$87,$0,$0,$33,$120,$301,$-12,$0,$89,$-0,$-355,$-355,$19,$-259,$-34,$-58,$-92,$4,$4,$-62,$222,$72,$114,$0,$-62
20,2013-09-30,21.75,$19.79,1.1,$8.62,2.52,$6.51,3.34,$1.76,12.36,$6.96B,$10.19B,0.68,$0.12B,$1.33B,0.09,$0.57B,$0.55B,95.30%,$0.57B,$0.16B,27.18%,$0.57B,0,0.00%,$0.57B,0,0.00%,$0.57B,$0.16B,27.18%,$0.57B,$0.12B,20.38%,$0.12B,$1.33B,8.84%,$0.12B,$0.85B,13.30%,$0.12B,$11.81B,1.03%,$0.16B,$1.45B,10.75%,$152,$6,$146,$0,$101,$108,$44,$0,$44,$11,$33,$33,$33,$0,$0,$67,67,$0.49,$0.49,$344,$0,$0,$6961,$209,$3442,$480,$713,$4844,$11805,$10190,$120,$165,$285,$10476,$14,$1024,$-52,$1330,$11805,$89,$33,$4,$37,$111,$0,$0,$19,$130,$264,$-9,$0,$89,$-1,$-418,$-418,$77,$-262,$-33,$32,$-1,$-0,$-0,$-47,$150,$102,$104,$0,$-47
21,2013-06-30,20.7,$19.76,1.05,$8.48,2.44,$2.55,8.1,$1.73,11.96,$6.98B,$10.25B,0.68,$0.12B,$1.33B,0.09,$0.56B,$0.53B,94.99%,$0.56B,$0.15B,27.37%,$0.56B,0,0.00%,$0.56B,0,0.00%,$0.56B,$0.15B,27.37%,$0.56B,$0.11B,20.39%,$0.11B,$1.33B,8.69%,$0.11B,$0.85B,12.69%,$0.11B,$11.86B,1.05%,$0.15B,$1.45B,10.65%,$150,$7,$143,$0,$101,$107,$42,$0,$42,$11,$31,$31,$31,$0,$0,$67,67,$0.46,$0.46,$309,$0,$0,$6977,$211,$3582,$476,$618,$4886,$11863,$10248,$120,$168,$288,$10536,$14,$1007,$-36,$1327,$11863,$56,$22,$7,$29,$22,$0,$0,$-5,$17,$105,$-8,$0,$89,$-1,$-428,$-428,$131,$-216,$-33,$66,$32,$-1,$-1,$-31,$180,$181,$70,$0,$-31
22,2013-03-31,20.87,$20.15,1.04,$8.38,2.49,$1.03,20.2,$1.72,12.14,$6.90B,$10.18B,0.68,$0.16B,$1.35B,0.12,$0.55B,$0.52B,94.70%,$0.55B,$0.15B,27.61%,$0.55B,0,0.00%,$0.55B,0,0.00%,$0.55B,$0.15B,27.61%,$0.55B,$0.11B,20.48%,$0.11B,$1.35B,8.66%,$0.11B,$0.89B,12.29%,$0.11B,$11.85B,1.08%,$0.15B,$1.51B,10.66%,$140,$6,$133,$0,$99,$106,$34,$0,$34,$9,$25,$25,$25,$0,$0,$66,66,$0.38,$0.38,$249,$0,$0,$6898,$211,$3620,$467,$654,$4952,$11851,$10176,$156,$166,$322,$10498,$14,$991,$6,$1353,$11851,$25,$10,$-1,$9,$10,$0,$0,$-56,$-47,$-11,$-2,$0,$89,$1,$-387,$-386,$154,$-145,$-0,$-89,$-89,$-1,$-1,$-16,$273,$167,$11,$0,$-16
23,2012-12-31,18.56,$19.86,0.93,$8.44,2.2,$1.68,11.02,$1.81,10.25,$6.14B,$8.27B,0.74,$0.11B,$1.29B,0.09,$0.55B,$0.52B,94.33%,$0.55B,$0.16B,29.07%,$0.55B,0,0.00%,$0.55B,0,0.00%,$0.55B,$0.16B,29.07%,$0.55B,$0.12B,21.39%,$0.12B,$1.29B,9.24%,$0.12B,$0.93B,12.84%,$0.12B,$9.83B,1.18%,$0.16B,$1.40B,11.54%,$132,$7,$125,$0,$89,$95,$36,$0,$36,$9,$28,$28,$28,$0,$0,$65,65,$0.43,$0.43,$239,$0,$0,$6138,$155,$2700,$356,$480,$3691,$9829,$8272,$112,$157,$269,$8541,$14,$985,$3,$1287,$9829,$117,$36,$-1,$35,$-40,$0,$0,$-22,$-63,$112,$-17,$0,$78,$2,$-155,$-153,$265,$174,$0,$-317,$-317,$-1,$-1,$-60,$121,$-257,$29,$0,$-60
24,2012-09-30,19.91,$19.73,1.01,$8.45,2.36,$2.74,7.27,$1.76,11.31,$6.13B,$8.30B,0.74,$0.11B,$1.28B,0.09,$0.55B,$0.51B,93.96%,$0.55B,$0.16B,28.39%,$0.55B,0,0.00%,$0.55B,0,0.00%,$0.55B,$0.16B,28.39%,$0.55B,$0.11B,20.70%,$0.11B,$1.28B,9.05%,$0.11B,$0.92B,12.62%,$0.11B,$9.87B,1.15%,$0.16B,$1.39B,11.40%,$137,$7,$130,$0,$89,$96,$41,$0,$41,$11,$30,$30,$30,$0,$0,$65,65,$0.46,$0.46,$214,$0,$0,$6127,$155,$2770,$354,$466,$3745,$9872,$8296,$112,$186,$298,$8594,$13,$973,$7,$1278,$9872,$90,$27,$-7,$20,$-111,$0,$0,$-15,$-126,$1,$-12,$0,$78,$4,$-188,$-184,$338,$220,$0,$-197,$-197,$-1,$-1,$-45,$29,$-214,$7,$0,$-45
25,2012-06-30,19.83,$19.43,1.02,$8.52,2.33,$4.86,4.08,$1.72,11.53,$6.30B,$8.37B,0.75,$0.11B,$1.26B,0.09,$0.55B,$0.51B,93.44%,$0.55B,$0.15B,27.32%,$0.55B,0,0.00%,$0.55B,0,0.00%,$0.55B,$0.15B,27.32%,$0.55B,$0.11B,20.04%,$0.11B,$1.26B,8.91%,$0.11B,$0.90B,12.47%,$0.11B,$9.89B,1.12%,$0.15B,$1.37B,11.14%,$138,$8,$130,$0,$90,$98,$40,$0,$40,$11,$29,$29,$29,$0,$0,$65,65,$0.45,$0.45,$291,$0,$0,$6302,$156,$2641,$354,$438,$3589,$9891,$8372,$112,$149,$260,$8632,$13,$958,$4,$1258,$9891,$60,$17,$3,$20,$-79,$0,$0,$-8,$-86,$6,$-10,$0,$78,$3,$-93,$-91,$216,$193,$0,$-307,$-307,$-1,$-1,$-30,$221,$-117,$82,$0,$-30
26,2012-03-31,20.05,$19.17,1.05,$8.66,2.31,$6.98,2.87,$1.76,11.39,$6.13B,$8.43B,0.73,$0.11B,$1.24B,0.09,$0.56B,$0.52B,92.82%,$0.56B,$0.16B,27.83%,$0.56B,0,0.00%,$0.56B,0,0.00%,$0.56B,$0.16B,27.83%,$0.56B,$0.11B,20.29%,$0.11B,$1.24B,9.28%,$0.11B,$0.89B,13.06%,$0.11B,$9.93B,1.16%,$0.16B,$1.35B,11.65%,$140,$9,$131,$0,$89,$98,$42,$0,$42,$12,$30,$30,$30,$0,$0,$64,64,$0.47,$0.47,$220,$0,$0,$6131,$156,$2648,$356,$467,$3626,$9932,$8428,$112,$151,$262,$8690,$13,$944,$2,$1242,$9932,$30,$8,$1,$9,$-17,$0,$0,$10,$-6,$36,$-7,$0,$78,$3,$-135,$-132,$85,$24,$0,$-350,$-350,$-1,$-1,$-15,$316,$-49,$11,$0,$-15
27,2011-12-31,19.31,$18.94,1.02,$8.59,2.25,$8.05,2.4,$1.66,11.63,$6.27B,$8.26B,0.76,$0.11B,$1.22B,0.09,$0.55B,$0.51B,92.38%,$0.55B,$0.15B,26.86%,$0.55B,0,0.00%,$0.55B,0,0.00%,$0.55B,$0.15B,26.86%,$0.55B,$0.11B,19.42%,$0.11B,$1.22B,8.94%,$0.11B,$0.87B,12.68%,$0.11B,$9.73B,1.11%,$0.15B,$1.33B,11.30%,$131,$9,$122,$0,$90,$99,$32,$0,$32,$8,$24,$24,$24,$0,$0,$64,64,$0.38,$0.38,$212,$0,$0,$6273,$143,$2527,$348,$437,$3454,$9727,$8258,$112,$142,$253,$8512,$13,$933,$3,$1215,$9727,$107,$34,$13,$48,$-34,$0,$0,$23,$-12,$174,$-12,$0,$79,$4,$-172,$-168,$196,$95,$-0,$-485,$-486,$-1,$-1,$-59,$318,$-228,$41,$0,$-59
28,2011-09-30,14.27,$19.05,0.75,$8.72,1.64,$8.66,1.65,$1.67,8.54,$0.46B,$8.25B,0.06,$0.11B,$1.22B,0.09,$0.56B,$0.51B,91.95%,$0.56B,$0.15B,27.01%,$0.56B,0,0.00%,$0.56B,0,0.00%,$0.56B,$0.15B,27.01%,$0.56B,$0.11B,19.32%,$0.11B,$1.22B,9.14%,$0.11B,$0.87B,13.09%,$0.11B,$9.71B,1.12%,$0.15B,$1.33B,11.67%,$140,$11,$130,$0,$93,$104,$36,$0,$36,$10,$27,$27,$27,$0,$0,$64,64,$0.42,$0.42,$254,$0,$0,$464,$142,$2548,$350,$429,$3468,$9706,$8245,$112,$127,$239,$8484,$13,$924,$20,$1222,$9706,$83,$25,$9,$34,$-36,$0,$0,$27,$-9,$133,$-8,$0,$79,$4,$-172,$-168,$264,$167,$-0,$-493,$-493,$-0,$-0,$-45,$321,$-217,$84,$0,$-45
29,2011-06-30,18.2,$18.60,0.98,$8.80,2.07,$8.62,2.11,$1.65,11.03,$0.35B,$8.26B,0.04,$0.11B,$1.19B,0.1,$0.56B,$0.52B,91.49%,$0.56B,$0.15B,26.60%,$0.56B,0,0.00%,$0.56B,0,0.00%,$0.56B,$0.15B,26.60%,$0.56B,$0.11B,18.97%,$0.11B,$1.19B,9.18%,$0.11B,$0.84B,13.23%,$0.11B,$9.70B,1.12%,$0.15B,$1.31B,11.72%,$146,$12,$134,$0,$89,$101,$45,$0,$45,$13,$32,$32,$32,$0,$0,$64,64,$0.49,$0.49,$226,$0,$0,$350,$141,$2487,$357,$456,$3441,$9698,$8262,$114,$129,$243,$8506,$13,$912,$4,$1193,$9698,$56,$15,$12,$28,$39,$0,$0,$2,$41,$136,$-4,$0,$79,$7,$-128,$-120,$141,$96,$0,$-526,$-526,$-0,$-0,$-30,$384,$-172,$60,$0,$-30
30,2011-03-31,18.03,$18.13,0.99,$8.85,2.04,$8.56,2.11,$1.57,11.49,$6.18B,$8.13B,0.76,$0.11B,$1.16B,0.1,$0.57B,$0.52B,90.99%,$0.57B,$0.14B,25.44%,$0.57B,0,0.00%,$0.57B,0,0.00%,$0.57B,$0.14B,25.44%,$0.57B,$0.10B,17.84%,$0.10B,$1.16B,8.76%,$0.10B,$0.80B,12.66%,$0.10B,$9.51B,1.07%,$0.14B,$1.27B,11.35%,$134,$12,$123,$0,$88,$99,$35,$0,$35,$11,$24,$24,$24,$0,$0,$64,64,$0.38,$0.37,$195,$0,$0,$6178,$142,$2420,$360,$414,$3336,$9514,$8132,$112,$111,$222,$8354,$13,$898,$-12,$1160,$9514,$24,$7,$7,$15,$44,$0,$0,$16,$60,$100,$-2,$0,$0,$10,$-105,$-95,$84,$-12,$0,$-424,$-424,$-0,$-0,$-15,$383,$-56,$32,$0,$-15
31,2010-12-31,18.94,$17.98,1.05,$8.97,2.11,$8.62,2.2,$1.57,12.06,$6.29B,$8.17B,0.77,$0.11B,$1.15B,0.1,$0.57B,$0.52B,90.24%,$0.57B,$0.14B,24.91%,$0.57B,0,0.00%,$0.57B,0,0.00%,$0.57B,$0.14B,24.91%,$0.57B,$0.10B,17.42%,$0.10B,$1.15B,8.74%,$0.10B,$0.79B,12.67%,$0.10B,$9.55B,1.07%,$0.14B,$1.26B,11.16%,$139,$12,$127,$0,$92,$105,$35,$0,$35,$10,$25,$25,$25,$0,$0,$64,64,$0.40,$0.39,$173,$0,$0,$6293,$142,$2318,$359,$442,$3261,$9554,$8170,$112,$123,$234,$8404,$13,$891,$-11,$1149,$9554,$101,$29,$41,$70,$22,$0,$0,$-15,$7,$207,$-7,$0,$0,$-5,$-419,$-425,$186,$-245,$-8,$195,$187,$1,$1,$-59,$-142,$-14,$-52,$0,$-59
32,2010-09-30,16.4,$18.14,0.9,$9.33,1.76,$8.37,1.96,$1.41,11.63,$6.38B,$7.98B,0.8,$0.12B,$1.16B,0.1,$0.58B,$0.52B,89.35%,$0.58B,$0.17B,29.55%,$0.58B,0,0.00%,$0.58B,0,0.00%,$0.58B,$0.14B,24.57%,$0.58B,$0.09B,15.29%,$0.09B,$1.16B,7.84%,$0.09B,$0.81B,11.42%,$0.09B,$9.42B,0.95%,$0.17B,$1.28B,13.31%,$145,$14,$132,$0,$97,$110,$35,$0,$35,$9,$26,$26,$26,$0,$0,$64,64,$0.40,$0.40,$203,$0,$0,$6375,$143,$2137,$350,$411,$3042,$9417,$7977,$120,$161,$281,$8258,$13,$882,$10,$1159,$9417,$75,$21,$24,$45,$-28,$0,$0,$1,$-26,$127,$-5,$0,$0,$-0,$-154,$-154,$264,$105,$0,$-45,$-45,$1,$1,$-44,$-162,$-250,$-17,$0,$-44
33,2010-06-30,15.52,$17.88,0.87,$9.73,1.6,$8.86,1.75,$1.40,11.09,$6.37B,$7.84B,0.81,$0.12B,$1.14B,0.11,$0.59B,$0.52B,88.31%,$0.59B,$0.18B,29.66%,$0.59B,0,0.00%,$0.59B,0,0.00%,$0.59B,$0.15B,24.75%,$0.59B,$0.09B,14.41%,$0.09B,$1.14B,7.39%,$0.09B,$0.79B,10.76%,$0.09B,$9.25B,0.91%,$0.18B,$1.26B,13.19%,$148,$15,$133,$0,$95,$109,$39,$0,$39,$12,$26,$26,$26,$0,$0,$64,64,$0.41,$0.41,$192,$0,$0,$6365,$144,$1980,$352,$404,$2880,$9245,$7840,$120,$142,$262,$8102,$13,$871,$5,$1142,$9245,$50,$13,$15,$28,$12,$0,$0,$20,$31,$130,$-2,$0,$0,$1,$-21,$-21,$227,$204,$0,$-285,$-285,$1,$1,$-30,$-48,$-361,$-27,$0,$-30
34,2010-03-31,18.03,$17.68,1.02,$10.08,1.79,$7.17,2.51,$1.22,14.78,$6.45B,$7.85B,0.82,$0.20B,$1.13B,0.17,$0.60B,$0.52B,86.89%,$0.60B,$0.16B,26.89%,$0.60B,0,0.00%,$0.60B,0,0.00%,$0.60B,$0.13B,22.02%,$0.60B,$0.07B,12.10%,$0.07B,$1.13B,6.18%,$0.07B,$0.77B,9.01%,$0.07B,$9.29B,0.76%,$0.16B,$1.32B,11.76%,$142,$16,$126,$0,$91,$107,$34,$0,$34,$11,$23,$23,$23,$0,$0,$64,64,$0.37,$0.37,$204,$0,$0,$6449,$145,$1922,$360,$416,$2844,$9293,$7852,$195,$118,$313,$8165,$13,$860,$4,$1129,$9293,$23,$6,$15,$21,$49,$0,$0,$5,$54,$102,$-1,$0,$0,$-5,$8,$3,$130,$132,$0,$-202,$-202,$2,$2,$-15,$-41,$-256,$-22,$0,$-15
35,2009-12-31,16.47,$17.43,0.94,$10.59,1.55,$5.35,3.08,$1.26,13.07,$6.66B,$8.10B,0.82,$0.20B,$1.11B,0.18,$0.61B,$0.52B,85.74%,$0.61B,$0.17B,27.21%,$0.61B,0,0.00%,$0.61B,0,0.00%,$0.61B,$0.14B,22.46%,$0.61B,$0.07B,11.80%,$0.07B,$1.11B,6.08%,$0.07B,$0.75B,8.81%,$0.07B,$9.53B,0.75%,$0.17B,$1.31B,12.04%,$147,$18,$129,$0,$65,$83,$64,$0,$35,$11,$24,$24,$14,$0,$0,$58,58,$0.23,$0.23,$220,$0,$0,$6662,$147,$1917,$361,$437,$2864,$9526,$8095,$195,$126,$321,$8416,$13,$854,$-2,$1110,$9526,$93,$26,$67,$94,$53,$0,$0,$-73,$-20,$172,$-6,$0,$0,$17,$-87,$-70,$275,$199,$75,$-677,$-602,$100,$-115,$-65,$365,$-416,$-44,$0,$-53
36,2009-09-30,13.75,$21.26,0.65,$10.80,1.27,$4.14,3.32,$1.45,9.49,$6.72B,$7.83B,0.86,$0.20B,$1.02B,0.19,$0.62B,$0.52B,83.87%,$0.62B,$0.15B,23.39%,$0.62B,0,0.00%,$0.62B,0,0.00%,$0.62B,$0.14B,22.42%,$0.62B,$0.08B,13.23%,$0.08B,$1.22B,6.83%,$0.08B,$0.85B,9.82%,$0.08B,$9.37B,0.85%,$0.15B,$1.42B,10.53%,$153,$20,$133,$0,$95,$115,$38,$0,$38,$13,$26,$26,$22,$0,$0,$57,58,$0.39,$0.39,$200,$0,$0,$6717,$152,$1771,$368,$361,$2652,$9368,$7831,$195,$122,$317,$8147,$12,$855,$3,$1221,$9368,$69,$20,$48,$68,$26,$0,$0,$-27,$-1,$142,$-4,$0,$0,$15,$64,$79,$250,$325,$75,$-608,$-533,$0,$0,$-48,$47,$-533,$-66,$0,$-40
37,2009-06-30,13.78,$20.93,0.66,$10.92,1.26,$3.95,3.49,$1.47,9.38,$6.99B,$8.09B,0.86,$0.20B,$1.00B,0.2,$0.63B,$0.51B,81.02%,$0.63B,$0.14B,22.49%,$0.63B,0,0.00%,$0.63B,0,0.00%,$0.63B,$0.14B,21.53%,$0.63B,$0.08B,13.24%,$0.08B,$1.20B,7.33%,$0.08B,$0.83B,10.91%,$0.08B,$9.63B,0.87%,$0.14B,$1.40B,10.93%,$153,$24,$129,$0,$106,$129,$24,$0,$24,$7,$17,$17,$13,$0,$0,$57,58,$0.23,$0.23,$237,$0,$0,$6987,$157,$1743,$376,$364,$2640,$9627,$8090,$195,$140,$335,$8425,$12,$846,$-5,$1202,$9627,$43,$14,$41,$55,$-31,$0,$0,$-34,$-65,$24,$-5,$0,$0,$7,$85,$92,$97,$184,$75,$-613,$-538,$1,$1,$-32,$324,$-245,$-37,$0,$-27
38,2009-03-31,12.96,$20.92,0.62,$11.21,1.16,$4.39,2.95,$1.55,8.36,$7.08B,$8.21B,0.86,$0.20B,$1.00B,0.2,$0.64B,$0.51B,78.54%,$0.64B,$0.14B,22.08%,$0.64B,0,0.00%,$0.64B,0,0.00%,$0.64B,$0.14B,21.15%,$0.64B,$0.09B,13.69%,$0.09B,$1.20B,8.26%,$0.09B,$0.84B,12.76%,$0.09B,$9.78B,0.93%,$0.14B,$1.40B,11.79%,$157,$25,$132,$0,$91,$117,$40,$0,$40,$14,$26,$26,$23,$0,$0,$57,57,$0.41,$0.41,$239,$0,$0,$7081,$157,$1870,$359,$309,$2695,$9776,$8212,$195,$168,$363,$8575,$12,$846,$-5,$1200,$9776,$26,$7,$12,$19,$-82,$0,$0,$25,$-58,$-11,$-3,$0,$0,$15,$-20,$-4,$67,$60,$75,$-468,$-393,$-0,$-0,$-16,$333,$-76,$-27,$0,$-13
39,2008-12-31,15.03,$20.56,0.73,$11.52,1.3,$4.95,3.04,$1.60,9.4,$7.15B,$8.37B,0.85,$0.12B,$0.97B,0.12,$0.66B,$0.50B,75.04%,$0.66B,$0.14B,21.33%,$0.66B,0,0.00%,$0.66B,0,0.00%,$0.66B,$0.14B,20.42%,$0.66B,$0.09B,13.77%,$0.09B,$1.18B,9.10%,$0.09B,$0.82B,14.69%,$0.09B,$9.79B,0.98%,$0.14B,$1.30B,12.59%,$157,$31,$126,$0,$82,$114,$43,$0,$37,$12,$25,$25,$24,$0,$0,$57,57,$0.41,$0.41,$281,$0,$0,$7147,$157,$1802,$358,$327,$2644,$9791,$8366,$120,$127,$246,$8612,$12,$837,$-15,$1178,$9791,$92,$28,$58,$86,$-69,$0,$0,$-36,$-105,$113,$-17,$0,$0,$-5,$-1055,$-1060,$226,$-850,$0,$585,$585,$1,$216,$-53,$-45,$703,$-35,$0,$-53
40,2008-09-30,14.28,$16.55,0.86,$11.94,1.2,$4.24,3.37,$1.60,8.92,$7.05B,$7.90B,0.89,$0.12B,$0.95B,0.13,$0.69B,$0.49B,71.62%,$0.69B,$0.13B,19.36%,$0.69B,0,0.00%,$0.69B,0,0.00%,$0.69B,$0.13B,19.36%,$0.69B,$0.09B,13.25%,$0.09B,$0.95B,9.73%,$0.09B,$0.55B,16.62%,$0.09B,$9.09B,1.00%,$0.13B,$1.07B,12.60%,$160,$39,$121,$0,$87,$126,$34,$0,$34,$11,$23,$23,$23,$0,$0,$57,57,$0.41,$0.41,$250,$0,$0,$7054,$156,$1164,$395,$318,$2032,$9086,$7900,$120,$118,$238,$8137,$12,$825,$-16,$949,$9086,$67,$21,$51,$72,$-3,$0,$0,$2,$-1,$139,$-13,$0,$0,$3,$-450,$-447,$227,$-234,$0,$7,$7,$1,$1,$-40,$69,$36,$-58,$0,$-40
41,2008-06-30,12.0,$16.33,0.73,$12.27,0.98,$2.96,4.06,$1.70,7.06,$7.28B,$8.13B,0.9,$0.12B,$0.94B,0.13,$0.71B,$0.49B,69.12%,$0.71B,$0.14B,20.11%,$0.71B,0,0.00%,$0.71B,0,0.00%,$0.71B,$0.14B,20.11%,$0.71B,$0.10B,13.74%,$0.10B,$0.94B,10.48%,$0.10B,$0.54B,18.05%,$0.10B,$9.32B,1.07%,$0.14B,$1.06B,13.59%,$169,$43,$126,$0,$101,$143,$25,$0,$25,$8,$18,$18,$18,$0,$0,$57,57,$0.31,$0.31,$321,$0,$0,$7278,$154,$1170,$393,$320,$2037,$9315,$8133,$120,$127,$247,$8379,$12,$815,$-18,$936,$9315,$44,$14,$41,$55,$-27,$0,$0,$-19,$-46,$52,$-8,$0,$0,$-6,$-454,$-459,$128,$-339,$0,$63,$63,$-0,$-0,$-26,$255,$291,$4,$0,$-26
42,2008-03-31,14.97,$16.36,0.92,$12.34,1.21,$2.52,5.94,$1.90,7.88,$7.44B,$7.87B,0.95,$0.12B,$0.94B,0.13,$0.71B,$0.48B,66.85%,$0.71B,$0.16B,22.75%,$0.71B,0,0.00%,$0.71B,0,0.00%,$0.71B,$0.16B,22.75%,$0.71B,$0.11B,15.31%,$0.11B,$0.94B,11.94%,$0.11B,$0.56B,20.81%,$0.11B,$9.10B,1.22%,$0.16B,$1.06B,15.69%,$175,$51,$123,$0,$84,$135,$39,$0,$39,$13,$26,$26,$26,$0,$0,$57,57,$0.46,$0.46,$306,$0,$0,$7435,$151,$853,$377,$281,$1662,$9097,$7871,$120,$169,$289,$8160,$12,$810,$-11,$937,$9097,$26,$7,$9,$16,$-48,$0,$0,$15,$-33,$20,$-3,$0,$0,$2,$-88,$-86,$15,$-74,$0,$-411,$-411,$0,$0,$-13,$475,$51,$-3,$0,$-13
43,2007-12-31,16.86,$16.06,1.05,$12.16,1.39,$2.15,7.84,$1.88,8.97,$7.42B,$7.80B,0.95,$0.12B,$0.92B,0.13,$0.71B,$0.46B,65.58%,$0.71B,$0.16B,22.95%,$0.71B,0,0.00%,$0.71B,0,0.00%,$0.71B,$0.16B,22.95%,$0.71B,$0.11B,15.44%,$0.11B,$0.92B,12.08%,$0.11B,$0.53B,21.41%,$0.11B,$8.97B,1.22%,$0.16B,$1.04B,15.86%,$183,$60,$122,$0,$87,$147,$35,$0,$35,$12,$24,$24,$24,$0,$0,$58,58,$0.41,$0.42,$311,$0,$0,$7419,$152,$717,$386,$292,$1547,$8967,$7804,$120,$123,$243,$8047,$12,$798,$-14,$920,$8967,$109,$29,$18,$47,$-49,$0,$0,$-35,$-83,$84,$-28,$0,$0,$9,$342,$351,$-498,$-176,$0,$189,$189,$-38,$-38,$-51,$-107,$-8,$-99,$0,$-51
44,2007-09-30,18.48,$15.85,1.17,$11.97,1.54,$3.54,5.22,$1.96,9.43,$7.31B,$7.77B,0.94,$0.12B,$0.91B,0.13,$0.69B,$0.45B,65.22%,$0.69B,$0.17B,24.82%,$0.69B,0,0.00%,$0.69B,0,0.00%,$0.69B,$0.17B,24.82%,$0.69B,$0.11B,16.45%,$0.11B,$0.91B,12.74%,$0.11B,$0.51B,22.78%,$0.11B,$8.91B,1.29%,$0.17B,$1.03B,16.95%,$179,$63,$117,$0,$73,$136,$43,$0,$43,$14,$29,$29,$29,$0,$0,$57,58,$0.51,$0.51,$335,$0,$0,$7314,$147,$798,$394,$259,$1597,$8911,$7768,$120,$115,$235,$8003,$12,$787,$-15,$908,$8911,$85,$22,$7,$30,$-32,$0,$0,$-12,$-44,$74,$-21,$0,$0,$-1,$259,$258,$-363,$-126,$0,$117,$117,$-38,$-38,$-38,$-74,$-33,$-86,$0,$-38
45,2007-06-30,16.91,$15.48,1.09,$11.77,1.44,$4.00,4.22,$1.97,8.58,$7.14B,$7.71B,0.93,$0.12B,$0.89B,0.14,$0.68B,$0.45B,65.68%,$0.68B,$0.17B,25.63%,$0.68B,0,0.00%,$0.68B,0,0.00%,$0.68B,$0.17B,25.63%,$0.68B,$0.12B,16.94%,$0.12B,$0.89B,12.92%,$0.12B,$0.49B,23.29%,$0.12B,$8.83B,1.30%,$0.17B,$1.01B,17.44%,$175,$61,$114,$0,$69,$130,$45,$0,$45,$15,$30,$30,$30,$0,$0,$58,58,$0.52,$0.51,$312,$0,$0,$7144,$144,$890,$398,$252,$1685,$8829,$7711,$120,$112,$231,$7943,$12,$771,$-19,$886,$8829,$56,$14,$5,$19,$-31,$0,$0,$-6,$-37,$34,$-15,$0,$0,$7,$162,$169,$-211,$-57,$0,$-106,$-106,$-39,$-39,$-26,$93,$-77,$-100,$0,$-26
46,2007-03-31,18.18,$15.36,1.18,$11.54,1.58,$4.62,3.94,$2.01,9.05,$7.12B,$7.77B,0.92,$0.12B,$0.89B,0.13,$0.66B,$0.44B,66.82%,$0.66B,$0.18B,26.67%,$0.66B,0,0.00%,$0.66B,0,0.00%,$0.66B,$0.18B,26.67%,$0.66B,$0.12B,17.58%,$0.12B,$0.89B,13.50%,$0.12B,$0.50B,23.03%,$0.12B,$8.89B,1.33%,$0.18B,$1.01B,18.79%,$169,$59,$110,$0,$71,$130,$39,$0,$39,$13,$26,$26,$26,$0,$0,$59,59,$0.44,$0.44,$441,$0,$0,$7122,$139,$989,$393,$251,$1772,$8893,$7772,$120,$108,$227,$7999,$12,$754,$-19,$894,$8893,$26,$7,$2,$9,$-29,$0,$0,$-4,$-33,$4,$-7,$0,$0,$-78,$63,$-14,$-64,$-86,$0,$-286,$-286,$-13,$-13,$-13,$338,$26,$-56,$0,$-13
47,2006-12-31,21.05,$15.19,1.39,$11.30,1.86,$4.79,4.39,$2.10,10.02,$7.01B,$7.72B,0.91,$0.12B,$0.89B,0.13,$0.64B,$0.44B,68.34%,$0.64B,$0.18B,28.37%,$0.64B,0,0.00%,$0.64B,0,0.00%,$0.64B,$0.18B,28.37%,$0.64B,$0.12B,18.65%,$0.12B,$0.89B,14.43%,$0.12B,$0.50B,23.33%,$0.12B,$8.84B,1.39%,$0.18B,$1.01B,20.73%,$170,$59,$111,$0,$66,$125,$45,$0,$45,$15,$29,$29,$29,$0,$0,$57,57,$0.50,$0.50,$419,$0,$0,$7006,$134,$1051,$393,$258,$1835,$8841,$7718,$120,$112,$232,$7950,$12,$741,$-21,$891,$8841,$119,$31,$0,$31,$16,$0,$0,$-14,$2,$153,$-19,$0,$-79,$103,$324,$426,$-191,$138,$112,$-436,$-325,$-13,$-13,$-49,$100,$-287,$4,$0,$-49
