,Date,Stock Price,Book Value per Share,Price to Book Ratio,TTM Sales per Share,Price to Sales Ratio,TTM FCF per Share,Price to FCF Ratio,TTM Net EPS,PE Ratio,Current Assets,Current Liabilities,Current Ratio,Long Term Debt,Shareholder's Equity_x,Debt to Equity Ratio,TTM Revenue_x,TTM Gross Profit,Gross Margin,TTM Revenue_y,TTM Operating Income,Operating Margin,TTM Revenue_x,TTM EBIT,EBIT Margin,TTM Revenue_y,TTM EBITDA,EBITDA Margin,TTM Revenue_x,TTM Pre-Tax Income,Pre-Tax Margin,TTM Revenue_y,TTM Net Income_x,Net Margin,TTM Net Income_y,Shareholder's Equity_y,Return on Equity,TTM Net Income_x,Tangible Equity,Return on Tangible Equity,TTM Net Income_y,Total Assets,Return on Assets,TTM Net Income,LT Investments & Debt,Return on Investment,revenue,cost-goods-sold,gross-profit,research-development-expenses,selling-general-administrative-expenses,operating-expenses,operating-income,total-non-operating-income-expense,pre-tax-income,total-provision-income-taxes,income-after-taxes,income-from-continuous-operations,net-income,ebitda,ebit,basic-shares-outstanding,shares-outstanding,eps-basic-net-earnings-per-share,eps-earnings-per-share-diluted,cash-on-hand,inventory,other-current-assets,total-current-assets,net-property-plant-equipment,long-term-investments,goodwill-intangible-assets-total,other-long-term-assets,total-long-term-assets,total-assets,total-current-liabilities,long-term-debt,other-non-current-liabilities,total-long-term-liabilities,total-liabilities,common-stock-net,retained-earnings-accumulated-deficit,comprehensive-income,total-share-holder-equity,total-liabilities-share-holders-equity,net-income-loss,total-depreciation-amortization-cash-flow,other-non-cash-items,total-non-cash-items,change-in-accounts-receivable,change-in-inventories,change-in-accounts-payable,change-in-assets-liabilities,total-change-in-assets-liabilities,cash-flow-from-operating-activities,net-change-in-property-plant-equipment,net-change-in-intangible-assets,net-acquisitions-divestitures,net-change-in-short-term-investments,net-change-in-long-term-investments,net-change-in-investments-total,investing-activities-other,cash-flow-from-investing-activities,net-long-term-debt,net-current-debt,debt-issuance-retirement-net-total,net-common-equity-issued-repurchased,net-total-equity-issued-repurchased,total-common-preferred-stock-dividends-paid,financial-activities-other,cash-flow-from-financial-activities,net-cash-flow,stock-based-compensation,common-stock-dividends-paid
0,2018-09-30,36.64,$31.73,1.15,$24.17,1.52,$-4.67,0.0,$4.30,8.52,$1.58B,$0.63B,2.5,$3.28B,$4.64B,0.71,$3.61B,$0.83B,22.99%,$3.61B,$0.45B,12.47%,$3.61B,$0.45B,12.47%,$3.61B,$0.76B,21.00%,$3.61B,$0.28B,7.81%,$3.61B,$0.67B,18.59%,$0.67B,$4.64B,14.13%,$0.67B,$3.85B,16.93%,$0.67B,$9.41B,7.10%,$0.45B,$7.92B,5.63%,$931,$752,$179,$0,$111,$852,$79,$-40,$39,$11,$28,$28,$28,$160,$79,$145,146,$0.19,$0.19,$427,$707,$0,$1577,$6538,$0,$788,$502,$7828,$9405,$631,$3276,$85,$4135,$4766,$2,$4212,$-121,$4639,$9405,$135,$234,$102,$336,$-24,$-110,$46,$-54,$-156,$320,$-727,$0,$-25,$320,$123,$443,$-2,$-311,$-178,$0,$-178,$-168,$-168,$-58,$-13,$-417,$-408,$29,$-58
1,2018-06-30,34.13,$31.62,1.08,$24.22,1.41,$-1.39,0.0,$4.54,7.52,$1.62B,$0.64B,2.52,$3.23B,$4.67B,0.69,$3.65B,$0.90B,24.69%,$3.65B,$0.52B,14.32%,$3.65B,$0.52B,14.32%,$3.65B,$0.83B,22.58%,$3.65B,$0.35B,9.61%,$3.65B,$0.71B,19.44%,$0.71B,$4.67B,15.18%,$0.71B,$3.88B,18.23%,$0.71B,$9.36B,7.49%,$0.52B,$7.90B,6.60%,$942,$718,$224,$0,$110,$817,$126,$-39,$86,$21,$66,$66,$64,$203,$126,$146,147,$0.43,$0.43,$638,$586,$0,$1615,$6488,$0,$789,$462,$7740,$9355,$640,$3227,$66,$4047,$4687,$2,$4203,$-123,$4668,$9355,$107,$153,$54,$206,$32,$26,$30,$-25,$36,$348,$-532,$0,$-25,$295,$56,$351,$1,$-204,$-197,$0,$-197,$-114,$-114,$-39,$-13,$-363,$-219,$19,$-39
2,2018-03-31,32.38,$32.38,1.0,$23.80,1.36,$0.04,852.02,$4.44,7.29,$1.82B,$0.58B,3.14,$3.22B,$4.83B,0.67,$3.62B,$0.90B,24.91%,$3.62B,$0.53B,14.71%,$3.62B,$0.53B,14.71%,$3.62B,$0.83B,22.95%,$3.62B,$0.36B,9.84%,$3.62B,$0.70B,19.27%,$0.70B,$4.83B,15.19%,$0.70B,$4.04B,18.27%,$0.70B,$9.48B,7.33%,$0.53B,$8.05B,6.78%,$831,$630,$201,$0,$105,$733,$99,$-42,$56,$15,$42,$42,$40,$174,$99,$147,154,$0.27,$0.26,$846,$599,$0,$1819,$6394,$0,$790,$475,$7658,$9477,$580,$3223,$66,$4067,$4646,$2,$4159,$-122,$4831,$9477,$42,$75,$28,$103,$49,$13,$8,$1,$29,$174,$-332,$0,$-25,$99,$0,$99,$16,$-242,$-26,$0,$-26,$-49,$-49,$-20,$-9,$-103,$-171,$8,$-20
3,2017-12-31,37.04,$32.21,1.15,$24.22,1.53,$1.31,28.34,$4.48,8.27,$2.14B,$0.62B,3.47,$3.24B,$4.86B,0.67,$3.66B,$0.92B,25.03%,$3.66B,$0.55B,14.99%,$3.66B,$0.55B,14.99%,$3.66B,$0.85B,23.07%,$3.66B,$0.37B,10.18%,$3.66B,$0.70B,19.19%,$0.70B,$4.86B,15.73%,$0.70B,$4.08B,18.98%,$0.70B,$9.54B,7.46%,$0.55B,$8.10B,7.15%,$906,$680,$226,$0,$125,$760,$146,$-46,$101,$-439,$540,$540,$539,$221,$146,$149,152,$3.54,$3.46,$1098,$641,$0,$2137,$6135,$0,$780,$491,$7406,$9543,$615,$3242,$64,$4070,$4685,$2,$4123,$-105,$4858,$9543,$714,$295,$-361,$-66,$88,$33,$19,$-39,$115,$762,$-701,$0,$-48,$-85,$361,$276,$0,$-473,$159,$0,$159,$-94,$-94,$-73,$-66,$-74,$215,$31,$-73
4,2017-09-30,31.42,$28.75,1.09,$25.68,1.22,$2.07,15.15,$1.50,20.95,$2.27B,$0.61B,3.7,$3.28B,$4.35B,0.75,$3.86B,$0.95B,24.71%,$3.86B,$0.57B,14.69%,$3.86B,$0.57B,14.69%,$3.86B,$0.86B,22.27%,$3.86B,$0.39B,10.05%,$3.86B,$0.23B,6.01%,$0.23B,$4.35B,5.36%,$0.23B,$3.58B,6.49%,$0.23B,$9.57B,2.49%,$0.57B,$7.63B,7.57%,$974,$723,$251,$0,$115,$821,$152,$-45,$108,$40,$68,$68,$67,$227,$152,$148,151,$0.44,$0.43,$1025,$662,$0,$2267,$6070,$0,$770,$458,$7298,$9565,$613,$3276,$57,$4602,$5215,$2,$3605,$-109,$4350,$9565,$174,$221,$156,$377,$-94,$11,$38,$-29,$-62,$488,$-414,$0,$-48,$85,$160,$245,$-0,$-217,$199,$0,$199,$-67,$-67,$-53,$-42,$38,$309,$22,$-53
5,2017-06-30,27.48,$28.54,0.96,$26.73,1.03,$2.56,10.74,$1.62,16.96,$2.15B,$0.58B,3.71,$3.27B,$4.32B,0.76,$4.00B,$0.99B,24.68%,$4.00B,$0.60B,14.98%,$4.00B,$0.60B,14.98%,$4.00B,$0.89B,22.18%,$4.00B,$0.42B,10.50%,$4.00B,$0.25B,6.23%,$0.25B,$4.32B,5.78%,$0.25B,$3.56B,7.01%,$0.25B,$9.45B,2.70%,$0.60B,$7.59B,8.07%,$906,$682,$223,$0,$113,$771,$135,$-43,$91,$37,$54,$54,$51,$208,$135,$149,151,$0.34,$0.33,$988,$627,$0,$2150,$6073,$0,$755,$475,$7302,$9452,$580,$3270,$54,$4557,$5137,$2,$3557,$-111,$4316,$9452,$106,$147,$119,$266,$-53,$40,$11,$-28,$-35,$336,$-309,$0,$-5,$55,$92,$148,$-2,$-169,$201,$0,$201,$-56,$-56,$-34,$-17,$95,$262,$14,$-34
6,2017-03-31,25.92,$28.59,0.91,$28.75,0.9,$2.82,9.21,$1.91,13.57,$1.87B,$0.56B,3.37,$3.04B,$4.35B,0.7,$4.28B,$1.05B,24.57%,$4.28B,$0.66B,15.33%,$4.28B,$0.66B,15.33%,$4.28B,$0.94B,22.00%,$4.28B,$0.48B,11.24%,$4.28B,$0.29B,6.85%,$0.29B,$4.35B,6.86%,$0.29B,$3.60B,8.33%,$0.29B,$9.14B,3.22%,$0.66B,$7.39B,8.92%,$877,$660,$217,$0,$103,$761,$116,$-43,$73,$21,$52,$52,$46,$189,$116,$149,151,$0.30,$0.30,$779,$632,$0,$1868,$6080,$0,$754,$441,$7276,$9143,$555,$3036,$52,$4240,$4795,$2,$3526,$-112,$4349,$9143,$52,$73,$69,$142,$24,$34,$0,$-5,$27,$220,$-184,$0,$0,$43,$0,$43,$1,$-141,$-27,$0,$-27,$0,$0,$-17,$-7,$-51,$29,$8,$-17
7,2016-12-31,27.0,$28.33,0.95,$30.93,0.87,$2.83,9.54,$2.25,12.0,$1.95B,$0.58B,3.34,$3.06B,$4.31B,0.71,$4.59B,$1.13B,24.67%,$4.59B,$0.74B,16.19%,$4.59B,$0.74B,16.19%,$4.59B,$1.03B,22.34%,$4.59B,$0.57B,12.38%,$4.59B,$0.34B,7.50%,$0.34B,$4.31B,8.17%,$0.34B,$3.56B,9.95%,$0.34B,$9.13B,3.80%,$0.74B,$7.37B,10.14%,$1104,$841,$263,$0,$102,$940,$164,$-48,$116,$41,$74,$74,$68,$236,$164,$148,149,$0.44,$0.44,$798,$666,$0,$1945,$5967,$0,$754,$460,$7181,$9125,$582,$3057,$79,$4232,$4814,$2,$3497,$-114,$4311,$9125,$365,$283,$373,$656,$-16,$273,$-61,$-19,$73,$1090,$-917,$0,$0,$-150,$38,$-112,$7,$-1023,$-163,$0,$-163,$-51,$-51,$-67,$-10,$-290,$-223,$41,$-67
8,2016-09-30,23.41,$27.92,0.84,$33.67,0.7,$1.13,20.72,$3.11,7.53,$2.14B,$0.69B,3.11,$3.11B,$4.25B,0.73,$5.03B,$1.30B,25.83%,$5.03B,$0.94B,18.62%,$5.03B,$0.94B,18.62%,$5.03B,$1.22B,24.17%,$5.03B,$0.77B,15.22%,$5.03B,$0.48B,9.46%,$0.48B,$4.25B,11.48%,$0.48B,$3.50B,14.03%,$0.48B,$9.14B,5.29%,$0.94B,$7.36B,12.84%,$1112,$827,$284,$0,$102,$928,$184,$-44,$140,$50,$90,$90,$84,$254,$184,$149,149,$0.55,$0.55,$843,$870,$0,$2139,$5763,$0,$755,$479,$6996,$9136,$689,$3107,$125,$4193,$4881,$2,$3446,$-111,$4254,$9136,$291,$211,$197,$408,$38,$74,$-6,$18,$97,$792,$-647,$0,$0,$-200,$38,$-162,$4,$-806,$-106,$0,$-106,$-51,$-51,$-50,$-8,$-215,$-228,$33,$-50
9,2016-06-30,17.88,$27.41,0.65,$36.41,0.49,$-0.84,0.0,$3.87,4.62,$2.21B,$0.68B,3.24,$3.13B,$4.18B,0.75,$5.46B,$1.45B,26.53%,$5.46B,$1.12B,20.47%,$5.46B,$1.12B,20.47%,$5.46B,$1.39B,25.52%,$5.46B,$0.95B,17.32%,$5.46B,$0.60B,10.91%,$0.60B,$4.18B,14.72%,$0.60B,$3.42B,18.09%,$0.60B,$9.04B,6.69%,$1.12B,$7.31B,15.44%,$1185,$898,$287,$0,$107,$993,$192,$-39,$152,$53,$99,$99,$95,$262,$192,$148,148,$0.62,$0.62,$814,$883,$0,$2205,$5607,$0,$755,$469,$6831,$9035,$681,$3130,$120,$4178,$4858,$2,$3379,$-112,$4177,$9035,$201,$140,$150,$290,$-43,$61,$4,$24,$-2,$486,$-422,$0,$0,$-115,$38,$-77,$2,$-497,$-78,$0,$-78,$-51,$-51,$-33,$0,$-162,$-172,$23,$-33
10,2016-03-31,17.53,$26.85,0.65,$39.27,0.45,$-2.79,0.0,$4.58,3.83,$2.17B,$0.68B,3.21,$3.17B,$4.11B,0.77,$5.95B,$1.62B,27.19%,$5.95B,$1.31B,21.99%,$5.95B,$1.31B,21.99%,$5.95B,$1.58B,26.55%,$5.95B,$1.13B,18.95%,$5.95B,$0.71B,11.98%,$0.71B,$4.11B,18.15%,$0.71B,$3.35B,22.46%,$0.71B,$8.91B,8.09%,$1.31B,$7.28B,18.24%,$1188,$890,$298,$0,$97,$985,$203,$-44,$160,$57,$102,$102,$97,$273,$203,$148,148,$0.64,$0.64,$836,$936,$0,$2169,$5524,$0,$755,$463,$6741,$8910,$676,$3171,$117,$4128,$4804,$2,$3301,$-113,$4106,$8910,$102,$69,$76,$145,$68,$7,$7,$31,$40,$286,$-248,$0,$0,$-115,$0,$-115,$7,$-356,$-30,$0,$-30,$-35,$-35,$-17,$2,$-80,$-150,$10,$-17
11,2015-12-31,22.88,$26.50,0.86,$41.80,0.55,$-4.52,0.0,$5.07,4.51,$2.28B,$0.75B,3.05,$3.20B,$4.05B,0.79,$6.39B,$1.74B,27.17%,$6.39B,$1.44B,22.51%,$6.39B,$1.44B,22.51%,$6.39B,$1.71B,26.67%,$6.39B,$1.25B,19.58%,$6.39B,$0.80B,12.45%,$0.80B,$4.05B,21.00%,$0.80B,$3.30B,26.25%,$0.80B,$8.89B,9.09%,$1.44B,$7.24B,20.22%,$1547,$1116,$431,$0,$137,$1189,$358,$-44,$314,$110,$204,$204,$200,$427,$358,$150,152,$1.31,$1.31,$871,$943,$0,$2279,$5348,$0,$754,$505,$6607,$8886,$746,$3195,$116,$4091,$4837,$2,$3220,$-115,$4049,$8886,$826,$266,$16,$282,$-1,$129,$-79,$-45,$-166,$940,$-1022,$0,$5,$-10,$515,$505,$1,$-511,$-345,$0,$-345,$-142,$-142,$-65,$22,$-530,$-102,$61,$-65
12,2015-09-30,21.5,$25.26,0.85,$42.24,0.51,$-1.57,0.0,$4.63,4.64,$2.21B,$0.85B,2.59,$3.29B,$3.86B,0.85,$6.51B,$1.69B,26.00%,$6.51B,$1.36B,20.85%,$6.51B,$1.36B,20.85%,$6.51B,$1.63B,25.02%,$6.51B,$1.17B,17.90%,$6.51B,$0.73B,11.28%,$0.73B,$3.86B,20.24%,$0.73B,$3.11B,25.63%,$0.73B,$8.81B,8.42%,$1.36B,$7.15B,19.29%,$1542,$1109,$433,$0,$127,$1177,$365,$-45,$320,$108,$212,$212,$204,$432,$365,$150,151,$1.32,$1.31,$678,$1021,$0,$2207,$5308,$0,$754,$536,$6599,$8805,$852,$3285,$115,$4093,$4945,$2,$3037,$-110,$3860,$8805,$622,$198,$-45,$153,$-44,$51,$-1,$-21,$-144,$630,$-781,$0,$5,$75,$0,$75,$318,$-383,$-288,$0,$-288,$-135,$-135,$-48,$14,$-458,$-210,$46,$-48
13,2015-06-30,24.96,$23.97,1.04,$41.81,0.6,$-0.48,0.0,$4.22,5.92,$2.17B,$0.80B,2.7,$3.34B,$3.70B,0.9,$6.53B,$1.65B,25.28%,$6.53B,$1.27B,19.50%,$6.53B,$1.27B,19.50%,$6.53B,$1.54B,23.56%,$6.53B,$1.08B,16.54%,$6.53B,$0.68B,10.40%,$0.68B,$3.70B,19.47%,$0.68B,$2.95B,24.89%,$0.68B,$8.63B,7.85%,$1.27B,$7.04B,18.26%,$1677,$1220,$457,$0,$114,$1294,$383,$-49,$334,$113,$221,$221,$212,$449,$383,$151,154,$1.36,$1.33,$584,$990,$0,$2167,$5194,$0,$754,$518,$6466,$8632,$803,$3340,$114,$4128,$4931,$2,$2850,$-108,$3701,$8632,$410,$130,$-26,$104,$-129,$82,$-22,$-13,$-233,$282,$-515,$0,$5,$75,$167,$242,$5,$-263,$-229,$0,$-229,$-102,$-102,$-31,$38,$-324,$-304,$31,$-31
14,2015-03-31,33.45,$22.93,1.46,$40.37,0.83,$1.17,28.59,$3.90,8.58,$2.28B,$0.91B,2.5,$3.49B,$3.55B,0.98,$6.34B,$1.58B,24.94%,$6.34B,$1.19B,18.81%,$6.34B,$1.19B,18.81%,$6.34B,$1.45B,22.84%,$6.34B,$1.00B,15.83%,$6.34B,$0.63B,9.96%,$0.63B,$3.55B,18.81%,$0.63B,$2.78B,23.44%,$0.63B,$8.72B,7.43%,$1.19B,$7.04B,17.49%,$1627,$1211,$416,$0,$98,$1294,$333,$-49,$284,$95,$189,$189,$180,$397,$333,$151,154,$1.15,$1.13,$691,$1045,$0,$2281,$5149,$0,$772,$521,$6442,$8722,$912,$3486,$114,$4259,$5171,$156,$2655,$-112,$3551,$8722,$189,$64,$5,$69,$-77,$32,$4,$-5,$-149,$109,$-335,$0,$-46,$-25,$0,$-25,$83,$-323,$-71,$0,$-71,$-18,$-18,$-16,$21,$-84,$-297,$16,$-16
15,2014-12-31,26.28,$21.82,1.2,$39.31,0.67,$3.76,6.98,$4.20,6.26,$2.50B,$1.01B,2.48,$3.52B,$3.40B,1.03,$6.17B,$1.55B,25.14%,$6.17B,$1.25B,20.26%,$6.17B,$1.25B,20.26%,$6.17B,$1.50B,24.26%,$6.17B,$1.07B,17.26%,$6.17B,$0.68B,10.97%,$0.68B,$3.40B,21.09%,$0.68B,$2.62B,25.55%,$0.68B,$8.70B,8.25%,$1.25B,$6.91B,19.13%,$1661,$1275,$386,$0,$111,$1385,$277,$-50,$227,$80,$146,$146,$138,$350,$276,$151,157,$0.88,$0.85,$963,$1068,$0,$2495,$4903,$0,$773,$524,$6200,$8695,$1005,$3515,$109,$4293,$5298,$156,$2490,$-112,$3397,$8695,$709,$245,$-50,$195,$-56,$-186,$61,$19,$-81,$819,$-442,$0,$-714,$75,$266,$341,$1,$-815,$541,$0,$541,$-74,$-74,$-54,$43,$455,$459,$53,$-54
16,2014-09-30,43.71,$21.24,2.06,$36.93,1.18,$0.93,47.14,$4.06,10.78,$2.34B,$0.89B,2.61,$3.60B,$3.30B,1.09,$5.77B,$1.46B,25.29%,$5.77B,$1.20B,20.78%,$5.77B,$1.20B,20.78%,$5.77B,$1.43B,24.75%,$5.77B,$1.02B,17.66%,$5.77B,$0.65B,11.31%,$0.65B,$3.30B,21.39%,$0.65B,$2.56B,24.97%,$0.65B,$8.55B,8.29%,$1.20B,$6.90B,19.20%,$1563,$1172,$391,$0,$113,$1282,$281,$-46,$235,$78,$157,$157,$149,$342,$281,$152,160,$0.96,$0.91,$664,$1110,$0,$2335,$4855,$0,$742,$613,$6210,$8545,$894,$3596,$109,$4348,$5242,$156,$2367,$-69,$3303,$8545,$563,$172,$-128,$43,$-156,$-226,$89,$-6,$-270,$333,$-319,$0,$-712,$150,$0,$150,$259,$-621,$587,$0,$587,$-74,$-74,$-39,$50,$524,$235,$38,$-39
17,2014-06-30,40.81,$20.31,2.01,$34.42,1.19,$-0.28,0.0,$3.79,10.78,$2.47B,$0.81B,3.05,$3.24B,$3.17B,1.02,$5.31B,$1.34B,25.24%,$5.31B,$1.12B,21.14%,$5.31B,$1.12B,21.14%,$5.31B,$1.34B,25.30%,$5.31B,$0.94B,17.77%,$5.31B,$0.60B,11.35%,$0.60B,$3.17B,20.98%,$0.60B,$2.80B,23.55%,$0.60B,$8.01B,8.00%,$1.12B,$6.41B,18.96%,$1485,$1098,$387,$0,$96,$1183,$302,$-45,$257,$84,$173,$173,$164,$358,$302,$151,157,$1.05,$1.01,$934,$1023,$0,$2471,$4671,$0,$365,$507,$5543,$8014,$811,$3243,$107,$4035,$4846,$156,$2233,$-72,$3169,$8014,$406,$111,$-105,$7,$-137,$-176,$74,$7,$-253,$157,$-136,$0,$-119,$-69,$242,$173,$0,$-81,$242,$0,$242,$-55,$-55,$-23,$47,$211,$287,$24,$-23
18,2014-03-31,33.56,$19.19,1.75,$31.91,1.05,$-1.02,0.0,$3.31,10.15,$2.11B,$0.87B,2.42,$2.94B,$2.97B,0.99,$4.89B,$1.21B,24.69%,$4.89B,$1.00B,20.52%,$4.89B,$1.00B,20.52%,$4.89B,$1.22B,24.97%,$4.89B,$0.82B,16.82%,$4.89B,$0.52B,10.69%,$0.52B,$2.97B,19.36%,$0.52B,$2.61B,21.65%,$0.52B,$7.58B,7.20%,$1.00B,$5.91B,17.74%,$1461,$1074,$387,$0,$84,$1069,$391,$-46,$346,$113,$233,$233,$226,$447,$391,$150,154,$1.46,$1.42,$789,$904,$0,$2114,$4621,$0,$360,$485,$5466,$7580,$873,$2940,$103,$3738,$4610,$82,$2085,$-76,$2970,$7580,$233,$55,$-69,$-14,$-43,$-58,$38,$18,$-14,$205,$-32,$0,$-113,$-107,$0,$-107,$227,$-24,$-53,$0,$-53,$-12,$-12,$-12,$-1,$-78,$104,$11,$-12
19,2013-12-31,25.32,$35.52,0.71,$28.48,0.89,$-2.73,0.0,$2.38,10.66,$1.77B,$0.78B,2.25,$2.99B,$2.75B,1.09,$4.37B,$1.04B,23.89%,$4.37B,$0.77B,17.71%,$4.37B,$0.77B,17.71%,$4.37B,$0.99B,22.57%,$4.37B,$0.59B,13.52%,$4.37B,$0.38B,8.61%,$0.38B,$2.75B,15.00%,$0.38B,$2.47B,16.71%,$0.38B,$7.31B,5.33%,$0.77B,$5.74B,14.12%,$1256,$963,$293,$0,$80,$1032,$224,$-45,$180,$61,$119,$119,$113,$280,$224,$153,153,$0.74,$0.74,$578,$815,$0,$1766,$4771,$0,$278,$499,$5548,$7313,$784,$2990,$99,$3781,$4564,$82,$1870,$-78,$2749,$7313,$392,$212,$88,$299,$17,$-96,$29,$-46,$-23,$662,$-727,$0,$-73,$-150,$132,$-18,$1,$-818,$126,$0,$126,$-110,$-110,$-39,$35,$11,$-145,$45,$-39
20,2013-09-30,20.99,$16.71,1.26,$26.80,0.78,$-1.82,0.0,$2.11,9.97,$1.77B,$0.89B,1.98,$3.02B,$2.61B,1.16,$4.12B,$0.96B,23.34%,$4.12B,$0.71B,17.18%,$4.12B,$0.71B,17.18%,$4.12B,$0.91B,22.15%,$4.12B,$0.52B,12.57%,$4.12B,$0.34B,8.20%,$0.34B,$2.61B,14.36%,$0.34B,$2.36B,16.04%,$0.34B,$7.26B,4.91%,$0.71B,$5.63B,13.26%,$1110,$836,$274,$0,$71,$905,$206,$-45,$161,$55,$106,$106,$100,$259,$206,$152,152,$0.63,$0.63,$499,$770,$0,$1770,$4701,$0,$251,$537,$5489,$7258,$893,$3021,$97,$3755,$4648,$82,$1769,$-136,$2611,$7258,$273,$156,$-5,$151,$-112,$-72,$20,$-3,$-44,$375,$-546,$0,$-37,$-96,$0,$-96,$50,$-629,$161,$0,$161,$-78,$-78,$-28,$28,$83,$-170,$31,$-28
21,2013-06-30,17.73,$15.74,1.13,$25.42,0.7,$-1.11,0.0,$1.88,9.46,$1.57B,$0.78B,2.02,$2.88B,$2.47B,1.17,$3.92B,$0.87B,22.12%,$3.92B,$0.64B,16.41%,$3.92B,$0.64B,16.41%,$3.92B,$0.84B,21.51%,$3.92B,$0.45B,11.53%,$3.92B,$0.30B,7.68%,$0.30B,$2.47B,13.54%,$0.30B,$2.22B,15.19%,$0.30B,$6.90B,4.51%,$0.64B,$5.36B,12.38%,$1066,$812,$254,$0,$72,$883,$183,$-47,$136,$47,$89,$89,$84,$236,$183,$154,154,$0.52,$0.52,$448,$739,$0,$1573,$4585,$0,$251,$492,$5328,$6901,$778,$2884,$94,$3649,$4426,$82,$1681,$-134,$2474,$6901,$167,$102,$52,$154,$3,$-37,$0,$-24,$-42,$274,$-366,$0,$-37,$-60,$39,$-21,$-1,$-425,$34,$0,$34,$-48,$-48,$-17,$-2,$-34,$-185,$19,$-17
22,2013-03-31,20.85,$13.83,1.51,$24.89,0.84,$-0.48,0.0,$1.77,11.81,$1.55B,$0.81B,1.93,$2.98B,$2.19B,1.36,$3.85B,$0.82B,21.20%,$3.85B,$0.61B,15.93%,$3.85B,$0.61B,15.93%,$3.85B,$0.81B,20.99%,$3.85B,$0.42B,10.94%,$3.85B,$0.28B,7.30%,$0.28B,$2.19B,13.31%,$0.28B,$1.95B,14.98%,$0.28B,$6.72B,4.32%,$0.61B,$5.17B,12.04%,$933,$711,$222,$0,$69,$773,$160,$-46,$113,$41,$72,$72,$79,$210,$160,$154,154,$0.50,$0.50,$420,$719,$0,$1554,$4462,$0,$245,$464,$5170,$6724,$807,$2975,$90,$3726,$4533,$82,$1607,$-149,$2191,$6724,$79,$50,$36,$86,$-23,$-26,$11,$-14,$-61,$102,$-192,$0,$-9,$-60,$0,$-60,$29,$-232,$-84,$0,$-84,$1,$1,$-9,$8,$-83,$-213,$9,$-9
23,2012-12-31,16.43,$13.51,1.22,$24.57,0.67,$-0.09,0.0,$1.60,10.27,$1.67B,$0.77B,2.16,$3.06B,$2.14B,1.43,$3.81B,$0.76B,19.94%,$3.81B,$0.58B,15.11%,$3.81B,$0.58B,15.11%,$3.81B,$0.77B,20.15%,$3.81B,$0.39B,10.13%,$3.81B,$0.26B,6.69%,$0.26B,$2.14B,12.35%,$0.26B,$1.90B,13.91%,$0.26B,$6.67B,4.01%,$0.58B,$5.19B,11.45%,$1013,$801,$212,$0,$65,$854,$159,$-51,$108,$37,$71,$71,$75,$208,$159,$155,155,$0.45,$0.44,$573,$702,$0,$1665,$4299,$0,$240,$438,$5005,$6670,$771,$3055,$89,$3761,$4532,$82,$1537,$-150,$2138,$6670,$254,$194,$145,$339,$3,$-128,$-17,$-45,$-62,$527,$-452,$0,$-45,$0,$126,$126,$60,$-311,$65,$0,$65,$-46,$-46,$-32,$18,$6,$222,$28,$-32
24,2012-09-30,13.7,$13.23,1.04,$23.21,0.59,$-1.81,0.0,$1.50,9.13,$1.43B,$0.69B,2.07,$2.98B,$2.09B,1.43,$3.60B,$0.70B,19.40%,$3.60B,$0.56B,15.48%,$3.60B,$0.56B,15.48%,$3.60B,$0.74B,20.64%,$3.60B,$0.37B,10.27%,$3.60B,$0.24B,6.60%,$0.24B,$2.09B,11.80%,$0.24B,$1.86B,13.28%,$0.24B,$6.42B,3.83%,$0.56B,$5.07B,11.24%,$907,$728,$179,$0,$56,$767,$141,$-46,$95,$32,$62,$62,$63,$189,$141,$153,153,$0.40,$0.40,$312,$692,$0,$1433,$4284,$0,$230,$473,$4987,$6419,$691,$2978,$83,$3641,$4332,$82,$1474,$-126,$2087,$6419,$183,$145,$110,$255,$-39,$-141,$4,$-63,$-176,$252,$-315,$0,$-5,$0,$95,$95,$7,$-218,$-7,$0,$-7,$-43,$-43,$-23,$0,$-73,$-39,$20,$-23
25,2012-06-30,11.36,$12.84,0.88,$22.38,0.51,$-2.70,0.0,$1.30,8.74,$1.28B,$0.63B,2.04,$2.91B,$2.03B,1.44,$3.49B,$0.68B,19.41%,$3.49B,$0.52B,14.97%,$3.49B,$0.52B,14.97%,$3.49B,$0.71B,20.33%,$3.49B,$0.33B,9.40%,$3.49B,$0.21B,5.91%,$0.21B,$2.03B,10.43%,$0.21B,$1.80B,11.77%,$0.21B,$6.20B,3.37%,$0.52B,$4.94B,10.61%,$996,$792,$203,$0,$53,$843,$153,$-47,$105,$39,$66,$66,$64,$201,$153,$155,156,$0.42,$0.42,$294,$650,$0,$1284,$4251,$0,$227,$436,$4913,$6198,$629,$2911,$88,$3541,$4169,$82,$1419,$-128,$2028,$6198,$120,$96,$83,$179,$50,$-100,$25,$-40,$-94,$199,$-194,$0,$0,$0,$34,$34,$5,$-155,$-72,$0,$-72,$-34,$-34,$-15,$20,$-101,$-57,$12,$-15
26,2012-03-31,14.94,$12.48,1.2,$20.54,0.73,$-3.78,0.0,$1.07,14.03,$1.27B,$0.61B,2.1,$2.93B,$2.00B,1.46,$3.20B,$0.61B,19.16%,$3.20B,$0.46B,14.50%,$3.20B,$0.46B,14.50%,$3.20B,$0.65B,20.34%,$3.20B,$0.28B,8.63%,$3.20B,$0.17B,5.34%,$0.17B,$2.00B,8.81%,$0.17B,$1.78B,9.93%,$0.17B,$6.13B,2.83%,$0.46B,$4.93B,9.51%,$896,$730,$166,$0,$51,$774,$123,$-45,$78,$26,$52,$52,$53,$170,$123,$156,156,$0.33,$0.33,$305,$596,$0,$1269,$4217,$0,$226,$418,$4861,$6130,$605,$2928,$91,$3521,$4126,$82,$1360,$-131,$2004,$6130,$52,$48,$32,$79,$19,$-46,$14,$-11,$-58,$71,$-101,$0,$0,$0,$27,$27,$-2,$-77,$-52,$0,$-52,$1,$1,$-7,$19,$-40,$-46,$7,$-7
27,2011-12-31,13.59,$12.15,1.12,$18.90,0.72,$-4.18,0.0,$0.89,15.36,$1.28B,$0.63B,2.04,$2.97B,$1.95B,1.53,$2.94B,$0.58B,19.78%,$2.94B,$0.43B,14.53%,$2.94B,$0.43B,14.53%,$2.94B,$0.61B,20.90%,$2.94B,$0.24B,8.17%,$2.94B,$0.14B,4.83%,$0.14B,$1.95B,7.43%,$0.14B,$1.73B,8.36%,$0.14B,$6.12B,2.38%,$0.43B,$4.92B,8.83%,$805,$654,$151,$0,$43,$664,$141,$-49,$92,$34,$58,$58,$58,$184,$141,$155,156,$0.35,$0.35,$351,$545,$0,$1282,$4159,$0,$220,$428,$4839,$6121,$629,$2972,$98,$3544,$4173,$82,$1315,$-134,$1948,$6121,$146,$188,$69,$257,$-150,$-234,$75,$28,$-293,$111,$-304,$0,$-43,$158,$0,$158,$103,$-85,$31,$0,$31,$2,$2,$-27,$-35,$-29,$-3,$23,$-27
28,2011-09-30,9.65,$11.96,0.81,$16.29,0.59,$-3.43,0.0,$0.65,14.95,$1.14B,$0.58B,1.97,$2.97B,$1.92B,1.55,$2.53B,$0.51B,20.34%,$2.53B,$0.36B,14.13%,$2.53B,$0.36B,14.13%,$2.53B,$0.54B,21.33%,$2.53B,$0.17B,6.65%,$2.53B,$0.10B,4.00%,$0.10B,$1.92B,5.36%,$0.10B,$1.69B,6.02%,$0.10B,$6.02B,1.72%,$0.36B,$4.89B,7.45%,$791,$634,$157,$0,$54,$686,$105,$-53,$53,$21,$32,$32,$31,$154,$105,$155,156,$0.20,$0.20,$273,$547,$0,$1137,$4231,$0,$226,$422,$4879,$6015,$576,$2972,$94,$3521,$4097,$82,$1266,$-114,$1918,$6015,$89,$144,$41,$185,$-79,$-209,$79,$6,$-226,$56,$-259,$0,$-43,$158,$18,$176,$0,$-126,$56,$0,$56,$2,$2,$-20,$-50,$-12,$-81,$16,$-20
29,2011-06-30,15.67,$11.83,1.33,$14.71,1.07,$-2.91,0.0,$0.63,24.88,$1.11B,$0.56B,1.98,$2.89B,$1.90B,1.52,$2.28B,$0.49B,21.40%,$2.28B,$0.34B,15.11%,$2.28B,$0.34B,15.11%,$2.28B,$0.52B,23.02%,$2.28B,$0.16B,7.12%,$2.28B,$0.10B,4.39%,$0.10B,$1.90B,5.39%,$0.10B,$1.69B,6.04%,$0.10B,$5.88B,1.73%,$0.34B,$4.78B,7.28%,$708,$569,$139,$0,$48,$613,$95,$-43,$53,$21,$32,$32,$29,$143,$95,$155,155,$0.19,$0.19,$299,$474,$0,$1111,$4186,$0,$204,$376,$4766,$5877,$561,$2887,$93,$3421,$3982,$82,$1241,$-109,$1895,$5877,$57,$95,$20,$116,$-99,$-138,$57,$12,$-171,$9,$-171,$0,$-15,$116,$12,$128,$0,$-58,$-26,$0,$-26,$2,$2,$-13,$-10,$-47,$-97,$9,$-13
30,2011-03-31,16.44,$11.76,1.4,$13.69,1.2,$-2.57,0.0,$0.56,29.36,$1.11B,$0.55B,2.0,$2.87B,$1.88B,1.53,$2.11B,$0.47B,22.36%,$2.11B,$0.33B,15.54%,$2.11B,$0.33B,15.54%,$2.11B,$0.51B,24.06%,$2.11B,$0.14B,6.82%,$2.11B,$0.09B,4.22%,$0.09B,$1.88B,4.84%,$0.09B,$1.68B,5.44%,$0.09B,$5.82B,1.55%,$0.33B,$4.75B,6.98%,$634,$500,$134,$0,$50,$549,$86,$-44,$42,$16,$26,$26,$24,$133,$86,$154,155,$0.15,$0.15,$377,$414,$0,$1106,$4144,$0,$198,$373,$4715,$5821,$553,$2868,$81,$3389,$3942,$82,$1218,$-88,$1879,$5821,$26,$48,$15,$63,$-76,$-82,$47,$3,$-96,$-6,$-87,$0,$0,$41,$10,$51,$0,$-36,$-43,$0,$-43,$1,$1,$-6,$-5,$-53,$-94,$5,$-6
31,2010-12-31,11.9,$11.56,1.03,$12.55,0.95,$-2.35,0.0,$0.42,28.32,$1.08B,$0.51B,2.13,$2.91B,$1.85B,1.58,$1.93B,$0.44B,22.68%,$1.93B,$0.29B,15.23%,$1.93B,$0.29B,15.23%,$1.93B,$0.48B,24.60%,$1.93B,$0.11B,5.54%,$1.93B,$0.07B,3.47%,$0.07B,$1.85B,3.67%,$0.07B,$1.65B,4.13%,$0.07B,$5.76B,1.18%,$0.29B,$4.75B,6.27%,$394,$309,$84,$0,$23,$322,$71,$-51,$20,$8,$13,$13,$17,$109,$71,$154,154,$0.12,$0.12,$512,$331,$0,$1083,$4112,$0,$198,$368,$4677,$5760,$508,$2908,$74,$3406,$3914,$82,$1201,$-96,$1846,$5760,$75,$181,$74,$254,$-56,$-88,$51,$2,$-153,$171,$-246,$0,$-48,$-88,$0,$-88,$74,$-308,$-41,$0,$-41,$-27,$-27,$-25,$-27,$-120,$-258,$14,$-25
32,2010-09-30,9.92,$11.31,0.88,$12.31,0.81,$0.31,31.89,$0.41,24.5,$1.00B,$0.58B,1.73,$2.82B,$1.80B,1.57,$1.89B,$0.44B,23.06%,$1.89B,$0.28B,14.91%,$1.89B,$0.28B,14.91%,$1.89B,$0.47B,24.59%,$1.89B,$0.11B,5.98%,$1.89B,$0.07B,3.44%,$0.07B,$1.80B,3.58%,$0.07B,$1.61B,4.02%,$0.07B,$5.67B,1.20%,$0.28B,$4.62B,6.39%,$540,$410,$130,$0,$49,$448,$92,$-45,$47,$15,$32,$32,$30,$139,$92,$154,154,$0.19,$0.19,$371,$357,$0,$1002,$4120,$0,$195,$358,$4672,$5674,$580,$2822,$71,$3292,$3872,$82,$1190,$-120,$1802,$5674,$57,$143,$37,$181,$-82,$-115,$58,$-4,$-194,$47,$-167,$0,$-47,$-150,$20,$-130,$12,$-333,$-117,$0,$-117,$1,$1,$-19,$-40,$-175,$-461,$11,$-19
33,2010-06-30,7.86,$11.41,0.69,$12.45,0.63,$2.29,3.44,$0.37,21.54,$0.99B,$0.54B,1.86,$2.85B,$1.82B,1.57,$1.91B,$0.41B,21.70%,$1.91B,$0.26B,13.36%,$1.91B,$0.26B,13.36%,$1.91B,$0.43B,22.59%,$1.91B,$0.10B,5.45%,$1.91B,$0.06B,3.04%,$0.06B,$1.82B,3.21%,$0.06B,$1.61B,3.59%,$0.06B,$5.66B,1.13%,$0.26B,$4.67B,6.15%,$543,$419,$124,$0,$46,$464,$79,$-44,$35,$14,$21,$21,$18,$127,$79,$153,154,$0.12,$0.12,$435,$299,$0,$992,$4093,$0,$211,$358,$4662,$5655,$535,$2852,$79,$3299,$3833,$82,$1166,$-113,$1821,$5655,$25,$96,$17,$113,$-76,$-54,$40,$5,$-134,$6,$-114,$0,$-47,$-155,$13,$-143,$0,$-304,$-84,$0,$-84,$1,$1,$-13,$-8,$-104,$-402,$7,$-13
34,2010-03-31,8.83,$11.53,0.77,$13.62,0.65,$3.53,2.5,$-1.13,0.0,$1.01B,$0.50B,2.02,$2.87B,$1.83B,1.57,$2.08B,$0.42B,20.28%,$2.08B,$-0.06B,-3.08%,$2.08B,$-0.06B,-3.08%,$2.08B,$0.43B,20.62%,$2.08B,$-0.20B,-9.47%,$2.08B,$-0.17B,-8.12%,$-0.17B,$1.83B,-9.42%,$-0.17B,$1.62B,-10.51%,$-0.17B,$5.64B,-3.48%,$-0.06B,$4.70B,-1.66%,$454,$354,$100,$0,$48,$402,$52,$-47,$5,$1,$4,$4,$2,$100,$52,$153,153,$0.01,$0.01,$523,$283,$0,$1013,$4070,$0,$203,$358,$4631,$5644,$501,$2871,$80,$3316,$3818,$82,$1154,$-101,$1826,$5644,$4,$48,$1,$49,$-26,$-37,$13,$0,$-71,$-17,$-41,$0,$-40,$-195,$8,$-187,$0,$-268,$-63,$0,$-63,$0,$0,$-6,$-1,$-70,$-354,$4,$-6
35,2009-12-31,7.68,$11.40,0.67,$15.83,0.48,$3.41,2.25,$-0.92,0.0,$1.08B,$0.45B,2.4,$1.85B,$1.81B,1.02,$2.42B,$0.46B,18.88%,$2.42B,$-0.03B,-1.24%,$2.42B,$-0.03B,-1.24%,$2.42B,$0.46B,18.79%,$2.42B,$-0.15B,-6.07%,$2.42B,$-0.14B,-5.66%,$-0.14B,$1.81B,-7.49%,$-0.14B,$1.63B,-8.74%,$-0.14B,$4.66B,-2.95%,$-0.03B,$3.65B,-0.83%,$354,$272,$82,$0,$47,$295,$59,$-33,$26,$12,$15,$15,$15,$99,$59,$153,153,$0.11,$0.11,$682,$232,$0,$1084,$3038,$0,$181,$353,$3572,$4656,$451,$1845,$78,$2399,$2850,$82,$1264,$-98,$1806,$4656,$-138,$486,$-35,$451,$92,$380,$-141,$-13,$385,$707,$-375,$0,$0,$-70,$0,$-70,$258,$-187,$-13,$0,$-13,$-5,$-5,$-25,$-27,$-70,$450,$14,$-25
36,2009-09-30,7.53,$11.22,0.67,$19.12,0.39,$-3.73,0.0,$-0.73,0.0,$1.08B,$0.50B,2.18,$1.79B,$1.78B,1.01,$2.95B,$0.55B,18.77%,$2.95B,$0.03B,1.05%,$2.95B,$0.03B,1.05%,$2.95B,$0.51B,17.38%,$2.95B,$-0.10B,-3.35%,$2.95B,$-0.11B,-3.69%,$-0.11B,$1.78B,-5.87%,$-0.11B,$1.60B,-7.20%,$-0.11B,$4.60B,-2.32%,$0.03B,$3.57B,0.86%,$557,$450,$108,$0,$43,$493,$65,$-27,$38,$15,$23,$23,$23,$105,$65,$153,153,$0.15,$0.15,$545,$301,$0,$1083,$3018,$0,$181,$320,$3518,$4602,$497,$1789,$66,$2325,$2822,$82,$1256,$-116,$1780,$4602,$-152,$446,$-37,$408,$48,$310,$0,$-17,$269,$530,$-347,$0,$0,$0,$192,$192,$104,$-51,$-50,$0,$-50,$-6,$-6,$-19,$-21,$-95,$384,$11,$-19
37,2009-06-30,5.93,$11.14,0.53,$22.75,0.26,$-9.03,0.0,$-0.31,0.0,$1.04B,$0.47B,2.24,$1.78B,$1.77B,1.01,$3.55B,$0.67B,18.93%,$3.55B,$0.13B,3.63%,$3.55B,$0.13B,3.63%,$3.55B,$0.61B,17.16%,$3.55B,$0.00B,0.03%,$3.55B,$-0.04B,-1.18%,$-0.04B,$1.77B,-2.22%,$-0.04B,$1.59B,-2.86%,$-0.04B,$4.53B,-0.89%,$0.13B,$3.55B,3.53%,$716,$584,$132,$0,$47,$956,$-240,$-26,$-266,$-57,$-209,$-209,$-209,$125,$-240,$152,152,$-1.38,$-1.38,$441,$369,$0,$1044,$2999,$0,$181,$307,$3487,$4530,$465,$1784,$66,$2298,$2763,$82,$1239,$-111,$1767,$4530,$-176,$406,$-65,$341,$36,$242,$0,$-20,$176,$347,$-265,$0,$0,$0,$190,$190,$61,$-14,$-35,$0,$-35,$-6,$-6,$-13,$0,$-54,$279,$8,$-13
38,2009-03-31,3.96,$12.51,0.32,$24.01,0.16,$-12.29,0.0,$1.60,2.48,$1.03B,$0.53B,1.94,$1.72B,$1.97B,0.87,$3.78B,$0.76B,19.98%,$3.78B,$0.52B,13.73%,$3.78B,$0.52B,13.73%,$3.78B,$0.67B,17.68%,$3.78B,$0.40B,10.66%,$3.78B,$0.25B,6.64%,$0.25B,$1.97B,13.11%,$0.25B,$1.46B,17.79%,$0.25B,$4.77B,5.30%,$0.52B,$3.68B,14.22%,$794,$659,$135,$0,$49,$708,$86,$-31,$55,$21,$34,$34,$34,$126,$86,$153,153,$0.22,$0.22,$170,$559,$0,$1027,$2948,$0,$504,$291,$3743,$4770,$529,$1716,$66,$2275,$2804,$82,$1455,$-130,$1966,$4770,$34,$40,$-7,$33,$46,$53,$0,$-3,$-18,$52,$-128,$0,$0,$0,$137,$137,$35,$44,$-74,$0,$-74,$-6,$-6,$-6,$0,$-87,$9,$4,$-6
39,2008-12-31,6.78,$12.04,0.56,$24.50,0.28,$-12.92,0.0,$1.79,3.8,$1.12B,$0.70B,1.61,$1.78B,$1.91B,0.93,$3.88B,$0.80B,20.65%,$3.88B,$0.56B,14.39%,$3.88B,$0.56B,14.39%,$3.88B,$0.70B,18.02%,$3.88B,$0.45B,11.69%,$3.88B,$0.28B,7.23%,$0.28B,$1.91B,15.08%,$0.28B,$1.41B,20.66%,$0.28B,$4.91B,6.13%,$0.56B,$3.69B,15.85%,$884,$705,$179,$0,$59,$764,$120,$-46,$74,$31,$43,$43,$43,$157,$120,$157,158,$0.28,$0.28,$162,$612,$0,$1124,$2991,$0,$504,$293,$3788,$4912,$699,$1775,$65,$2300,$2999,$82,$1427,$-161,$1912,$4912,$281,$140,$221,$362,$43,$-26,$-14,$-10,$-220,$440,$-1222,$0,$0,$0,$0,$0,$222,$-1000,$532,$0,$532,$-55,$-55,$-24,$-20,$433,$-128,$19,$-24
40,2008-09-30,11.03,$11.83,0.93,$25.84,0.43,$-11.09,0.0,$1.98,5.57,$1.22B,$0.63B,1.93,$1.76B,$1.93B,0.91,$4.10B,$0.85B,20.64%,$4.10B,$0.60B,14.67%,$4.10B,$0.60B,14.67%,$4.10B,$0.74B,18.01%,$4.10B,$0.50B,12.21%,$4.10B,$0.31B,7.60%,$0.31B,$1.93B,17.17%,$0.31B,$1.42B,23.75%,$0.31B,$4.73B,7.14%,$0.60B,$3.69B,17.80%,$1155,$929,$226,$0,$63,$991,$163,$-26,$138,$47,$91,$91,$90,$201,$163,$158,159,$0.55,$0.55,$183,$682,$0,$1219,$2672,$0,$504,$331,$3509,$4728,$631,$1761,$67,$2168,$2800,$82,$1400,$-68,$1928,$4728,$238,$103,$139,$242,$-59,$-96,$0,$-52,$-279,$183,$-834,$0,$0,$0,$185,$185,$0,$-649,$387,$0,$387,$-9,$-9,$-18,$0,$360,$-106,$15,$-18
41,2008-06-30,14.83,$11.34,1.31,$24.83,0.6,$-10.02,0.0,$1.96,7.57,$1.26B,$0.65B,1.94,$1.69B,$1.85B,0.91,$3.96B,$0.83B,20.85%,$3.96B,$0.59B,14.81%,$3.96B,$0.59B,14.81%,$3.96B,$0.72B,18.07%,$3.96B,$0.50B,12.56%,$3.96B,$0.31B,7.81%,$0.31B,$1.85B,17.67%,$0.31B,$1.35B,24.81%,$0.31B,$4.55B,7.37%,$0.59B,$3.54B,18.18%,$946,$731,$215,$0,$65,$796,$150,$-14,$136,$52,$84,$84,$84,$184,$150,$158,159,$0.52,$0.52,$210,$718,$0,$1261,$2438,$0,$504,$342,$3286,$4547,$651,$1690,$66,$2043,$2695,$82,$1317,$-62,$1853,$4547,$148,$66,$80,$146,$-39,$-132,$0,$-54,$-266,$26,$-459,$0,$0,$0,$59,$59,$0,$-400,$316,$0,$316,$-10,$-10,$-11,$0,$295,$-80,$10,$-11
42,2008-03-31,11.36,$10.89,1.04,$24.42,0.47,$-9.12,0.0,$1.86,6.12,$1.13B,$0.66B,1.71,$1.43B,$1.76B,0.81,$3.90B,$0.78B,19.96%,$3.90B,$0.55B,14.01%,$3.90B,$0.55B,14.01%,$3.90B,$0.67B,17.22%,$3.90B,$0.47B,11.94%,$3.90B,$0.29B,7.53%,$0.29B,$1.76B,17.55%,$0.29B,$1.26B,24.93%,$0.29B,$4.15B,7.35%,$0.55B,$3.19B,17.87%,$899,$717,$182,$0,$56,$773,$126,$-20,$106,$42,$64,$64,$64,$158,$126,$158,159,$0.40,$0.39,$200,$651,$0,$1134,$2222,$0,$504,$289,$3017,$4151,$663,$1430,$231,$1726,$2389,$82,$1237,$-75,$1762,$4151,$64,$32,$38,$69,$13,$-64,$0,$-15,$-88,$39,$-217,$0,$0,$0,$50,$50,$0,$-167,$56,$0,$56,$-12,$-12,$-6,$0,$38,$-90,$5,$-6
43,2007-12-31,11.8,$10.61,1.11,$23.94,0.49,$-8.94,0.0,$1.82,6.48,$1.17B,$0.68B,1.71,$1.37B,$1.73B,0.8,$3.83B,$0.76B,19.83%,$3.83B,$0.53B,13.83%,$3.83B,$0.53B,13.83%,$3.83B,$0.65B,16.93%,$3.83B,$0.46B,11.90%,$3.83B,$0.29B,7.54%,$0.29B,$1.73B,18.05%,$0.29B,$1.22B,25.94%,$0.29B,$4.04B,7.52%,$0.53B,$3.10B,18.02%,$1103,$880,$224,$0,$61,$940,$163,$-42,$121,$46,$75,$75,$74,$196,$163,$157,159,$0.42,$0.44,$290,$587,$0,$1173,$2070,$0,$504,$294,$2870,$4043,$684,$1374,$58,$1632,$2317,$82,$1178,$-62,$1727,$4043,$289,$119,$53,$172,$-46,$-51,$-5,$-69,$-78,$345,$-843,$0,$-51,$0,$0,$0,$359,$-535,$175,$0,$175,$9,$9,$-20,$4,$168,$-22,$19,$-20
44,2007-09-30,15.93,$10.14,1.57,$22.26,0.72,$-9.02,0.0,$1.69,9.42,$1.18B,$0.73B,1.62,$1.41B,$1.65B,0.85,$3.57B,$0.69B,19.41%,$3.57B,$0.47B,13.04%,$3.57B,$0.47B,13.04%,$3.57B,$0.58B,16.13%,$3.57B,$0.42B,11.84%,$3.57B,$0.27B,7.63%,$0.27B,$1.65B,17.89%,$0.27B,$1.15B,26.07%,$0.27B,$4.03B,7.38%,$0.47B,$3.06B,16.51%,$1008,$805,$204,$0,$57,$862,$147,$-13,$134,$46,$87,$87,$87,$177,$147,$158,161,$0.55,$0.54,$222,$614,$0,$1179,$2035,$0,$500,$308,$2846,$4025,$729,$1405,$188,$1645,$2374,$82,$1105,$-69,$1651,$4025,$215,$86,$42,$128,$-91,$-79,$0,$-58,$-123,$188,$-677,$0,$-47,$0,$238,$238,$0,$-486,$206,$0,$206,$12,$12,$-14,$5,$209,$-89,$14,$-14
45,2007-06-30,18.45,$9.63,1.92,$21.11,0.87,$-8.52,0.0,$1.47,12.55,$1.09B,$0.68B,1.6,$1.33B,$1.56B,0.85,$3.37B,$0.64B,18.95%,$3.37B,$0.42B,12.44%,$3.37B,$0.42B,12.44%,$3.37B,$0.52B,15.50%,$3.37B,$0.38B,11.23%,$3.37B,$0.24B,7.01%,$0.24B,$1.56B,16.27%,$0.24B,$1.08B,23.82%,$0.24B,$3.79B,6.71%,$0.42B,$2.89B,15.54%,$893,$724,$169,$0,$58,$782,$111,$-6,$105,$36,$69,$69,$69,$141,$111,$157,161,$0.44,$0.43,$228,$563,$0,$1091,$1928,$0,$478,$289,$2698,$3789,$683,$1329,$170,$1544,$2227,$81,$1024,$-63,$1562,$3789,$128,$56,$21,$77,$-50,$-33,$0,$-26,$-44,$145,$-439,$0,$-31,$0,$103,$103,$0,$-366,$130,$0,$130,$12,$12,$-10,$5,$137,$-83,$8,$-10
46,2007-03-31,17.74,$9.11,1.95,$20.92,0.85,$-8.55,0.0,$1.59,11.19,$1.05B,$0.59B,1.79,$1.25B,$1.46B,0.86,$3.32B,$0.63B,18.87%,$3.32B,$0.42B,12.52%,$3.32B,$0.42B,12.52%,$3.32B,$0.51B,15.35%,$3.32B,$0.38B,11.47%,$3.32B,$0.25B,7.61%,$0.25B,$1.46B,18.16%,$0.25B,$1.00B,26.79%,$0.25B,$3.51B,7.44%,$0.42B,$2.71B,15.94%,$829,$666,$163,$0,$54,$720,$109,$-13,$96,$37,$59,$59,$59,$135,$109,$156,160,$0.38,$0.37,$224,$549,$0,$1052,$1747,$0,$464,$239,$2454,$3506,$589,$1251,$161,$1454,$2043,$80,$960,$-69,$1463,$3506,$59,$27,$27,$54,$-27,$-20,$0,$-3,$-74,$40,$-191,$0,$0,$0,$8,$8,$0,$-182,$53,$0,$53,$5,$5,$-5,$2,$55,$-87,$4,$-5
47,2006-12-31,14.87,$8.77,1.69,$20.33,0.73,$-8.49,0.0,$1.45,10.27,$1.09B,$0.66B,1.67,$1.20B,$1.40B,0.85,$3.22B,$0.59B,18.33%,$3.22B,$0.38B,11.90%,$3.22B,$0.38B,11.90%,$3.22B,$0.47B,14.60%,$3.22B,$0.35B,10.84%,$3.22B,$0.23B,7.18%,$0.23B,$1.40B,17.32%,$0.23B,$0.94B,25.90%,$0.23B,$3.43B,7.18%,$0.38B,$2.60B,15.77%,$835,$679,$156,$0,$58,$737,$98,$-11,$87,$30,$57,$57,$57,$122,$98,$154,159,$0.37,$0.36,$312,$529,$0,$1093,$1590,$0,$464,$268,$2333,$3426,$656,$1199,$125,$1366,$2022,$80,$909,$-69,$1404,$3426,$230,$88,$71,$159,$-34,$-124,$0,$-79,$-232,$131,$-641,$0,$-4,$0,$0,$0,$172,$-473,$510,$0,$510,$18,$18,$-18,$8,$518,$176,$14,$-16
