,Date,Stock Price,Book Value per Share,Price to Book Ratio,TTM Sales per Share,Price to Sales Ratio,TTM FCF per Share,Price to FCF Ratio,TTM Net EPS,PE Ratio,Current Assets,Current Liabilities,Current Ratio,Long Term Debt,Shareholder's Equity_x,Debt to Equity Ratio,TTM Revenue_x,TTM Gross Profit,Gross Margin,TTM Revenue_y,TTM Operating Income,Operating Margin,TTM Revenue_x,TTM EBIT,EBIT Margin,TTM Revenue_y,TTM EBITDA,EBITDA Margin,TTM Revenue_x,TTM Pre-Tax Income,Pre-Tax Margin,TTM Revenue_y,TTM Net Income_x,Net Margin,TTM Net Income_y,Shareholder's Equity_y,Return on Equity,TTM Net Income_x,Tangible Equity,Return on Tangible Equity,TTM Net Income_y,Total Assets,Return on Assets,TTM Net Income,LT Investments & Debt,Return on Investment,revenue,cost-goods-sold,gross-profit,research-development-expenses,selling-general-administrative-expenses,operating-expenses,operating-income,total-non-operating-income-expense,pre-tax-income,total-provision-income-taxes,income-after-taxes,income-from-continuous-operations,net-income,ebitda,ebit,basic-shares-outstanding,shares-outstanding,eps-basic-net-earnings-per-share,eps-earnings-per-share-diluted,cash-on-hand,inventory,other-current-assets,total-current-assets,net-property-plant-equipment,long-term-investments,goodwill-intangible-assets-total,other-long-term-assets,total-long-term-assets,total-assets,total-current-liabilities,long-term-debt,other-non-current-liabilities,total-long-term-liabilities,total-liabilities,common-stock-net,retained-earnings-accumulated-deficit,comprehensive-income,total-share-holder-equity,total-liabilities-share-holders-equity,net-income-loss,total-depreciation-amortization-cash-flow,other-non-cash-items,total-non-cash-items,change-in-accounts-receivable,change-in-inventories,change-in-accounts-payable,change-in-assets-liabilities,total-change-in-assets-liabilities,cash-flow-from-operating-activities,net-change-in-property-plant-equipment,net-change-in-intangible-assets,net-acquisitions-divestitures,net-change-in-short-term-investments,net-change-in-long-term-investments,net-change-in-investments-total,investing-activities-other,cash-flow-from-investing-activities,net-long-term-debt,net-current-debt,debt-issuance-retirement-net-total,net-common-equity-issued-repurchased,net-total-equity-issued-repurchased,total-common-preferred-stock-dividends-paid,financial-activities-other,cash-flow-from-financial-activities,net-cash-flow,stock-based-compensation,common-stock-dividends-paid
0,2018-09-30,109.18,$26.63,4.1,$21.43,5.09,$11.07,9.86,$7.21,15.14,$2.67B,$0.84B,3.18,$0.00B,$6.46B,0.0,$5.30B,$5.30B,100.00%,$5.30B,$2.35B,44.33%,$5.30B,$2.35B,44.33%,$5.30B,$2.50B,47.19%,$5.30B,$2.63B,49.55%,$5.30B,$1.79B,33.79%,$1.79B,$6.46B,29.50%,$1.79B,$5.80B,33.13%,$1.79B,$8.53B,22.88%,$2.35B,$6.46B,38.70%,$1395,$0,$1395,$0,$716,$754,$641,$125,$766,$184,$582,$582,$569,$681,$641,$243,248,$2.34,$2.30,$2091,$0,$0,$2674,$657,$4332,$666,$202,$5857,$8531,$842,$0,$368,$1228,$2070,$49,$5789,$-31,$6461,$8531,$1497,$115,$15,$130,$0,$-578,$0,$438,$-140,$1486,$-122,$0,$0,$0,$-798,$-798,$89,$-830,$0,$0,$0,$-427,$-427,$-522,$486,$-463,$191,$135,$-522
1,2018-06-30,116.09,$25.14,4.62,$20.86,5.56,$6.47,17.94,$6.47,17.94,$2.05B,$0.63B,3.27,$0.00B,$6.12B,0.0,$5.15B,$5.15B,100.00%,$5.15B,$2.26B,43.86%,$5.15B,$2.26B,43.86%,$5.15B,$2.41B,46.72%,$5.15B,$2.48B,48.14%,$5.15B,$1.61B,31.18%,$1.61B,$6.12B,27.47%,$1.61B,$5.45B,31.01%,$1.61B,$7.88B,21.28%,$2.26B,$6.12B,38.65%,$1345,$0,$1345,$0,$713,$750,$595,$34,$629,$169,$460,$460,$438,$633,$595,$242,247,$1.81,$1.77,$1484,$0,$0,$2049,$655,$4317,$666,$196,$5833,$7882,$626,$0,$402,$1142,$1768,$49,$5435,$-24,$6115,$7882,$915,$75,$72,$146,$0,$-407,$0,$275,$-132,$929,$-79,$0,$0,$0,$-873,$-873,$7,$-944,$0,$0,$0,$-358,$-358,$-349,$318,$-388,$-410,$91,$-349
2,2018-03-31,107.36,$24.26,4.43,$20.31,5.29,$3.26,32.89,$6.20,17.32,$2.28B,$0.59B,3.87,$0.00B,$5.90B,0.0,$4.99B,$4.99B,100.00%,$4.99B,$2.17B,43.52%,$4.99B,$2.17B,43.52%,$4.99B,$2.32B,46.42%,$4.99B,$2.47B,49.49%,$4.99B,$1.53B,30.71%,$1.53B,$5.90B,27.33%,$1.53B,$5.24B,31.01%,$1.53B,$7.37B,21.26%,$2.17B,$5.90B,38.73%,$1328,$0,$1328,$0,$702,$744,$584,$16,$600,$144,$456,$456,$454,$621,$584,$244,250,$1.81,$1.77,$1681,$0,$0,$2275,$650,$3606,$666,$178,$5099,$7374,$588,$0,$338,$884,$1472,$49,$5205,$-6,$5902,$7374,$456,$37,$-159,$-122,$0,$0,$0,$188,$188,$521,$-37,$0,$0,$0,$-483,$-483,$0,$-520,$0,$0,$0,$-245,$-245,$-175,$178,$-242,$-240,$46,$-175
3,2017-12-31,103.71,$23.76,4.36,$19.60,5.29,$1.90,54.52,$5.97,17.37,$2.47B,$0.39B,6.28,$0.00B,$5.82B,0.0,$4.79B,$4.79B,100.00%,$4.79B,$2.11B,43.99%,$4.79B,$2.11B,43.99%,$4.79B,$2.25B,46.98%,$4.79B,$2.51B,52.27%,$4.79B,$1.46B,30.54%,$1.46B,$5.82B,27.21%,$1.46B,$5.16B,31.05%,$1.46B,$7.54B,21.12%,$2.11B,$5.82B,39.20%,$1236,$0,$1236,$0,$180,$705,$531,$102,$633,$246,$387,$387,$331,$568,$531,$241,245,$1.40,$1.37,$1903,$0,$0,$2468,$652,$3526,$666,$224,$5067,$7535,$393,$0,$325,$1318,$1711,$49,$4933,$-4,$5824,$7535,$1581,$144,$-223,$-79,$-101,$-1493,$323,$-2,$-1272,$230,$-186,$0,$0,$0,$254,$254,$-29,$39,$0,$0,$0,$-257,$-257,$-563,$1282,$462,$735,$152,$-563
4,2017-09-30,89.1,$22.82,3.9,$18.92,4.71,$1.81,49.13,$6.10,14.61,$2.38B,$0.66B,3.58,$0.00B,$5.53B,0.0,$4.65B,$4.65B,100.00%,$4.65B,$2.14B,46.05%,$4.65B,$2.14B,46.05%,$4.65B,$2.28B,49.06%,$4.65B,$2.45B,52.68%,$4.65B,$1.50B,32.24%,$1.50B,$5.53B,28.96%,$1.50B,$4.86B,33.23%,$1.50B,$7.38B,22.70%,$2.14B,$5.53B,41.36%,$1239,$0,$1239,$0,$652,$690,$549,$67,$616,$212,$404,$404,$382,$584,$549,$240,244,$1.59,$1.56,$1869,$0,$0,$2377,$635,$3441,$666,$260,$5002,$7380,$664,$0,$234,$1188,$1852,$48,$4728,$-1,$5528,$7380,$1195,$107,$-160,$-54,$0,$-1211,$0,$422,$-788,$353,$-129,$0,$0,$0,$211,$211,$-6,$75,$0,$0,$0,$-314,$-314,$-421,$1005,$271,$706,$111,$-421
5,2017-06-30,72.45,$21.51,3.37,$18.22,3.98,$1.52,47.63,$5.82,12.45,$2.03B,$0.51B,4.0,$0.00B,$5.17B,0.0,$4.50B,$4.50B,100.00%,$4.50B,$2.07B,45.95%,$4.50B,$2.07B,45.95%,$4.50B,$2.21B,49.03%,$4.50B,$2.40B,53.23%,$4.50B,$1.44B,31.93%,$1.44B,$5.17B,28.74%,$1.44B,$4.50B,33.15%,$1.44B,$6.53B,22.33%,$2.07B,$5.17B,41.36%,$1186,$0,$1186,$0,$644,$678,$508,$112,$620,$230,$390,$390,$365,$544,$508,$240,243,$1.52,$1.50,$1542,$0,$0,$2031,$624,$2938,$666,$274,$4502,$6533,$508,$0,$228,$856,$1364,$48,$4478,$-12,$5169,$6533,$790,$72,$-180,$-108,$0,$-802,$0,$259,$-543,$139,$-83,$0,$0,$0,$225,$225,$-5,$138,$0,$0,$0,$-373,$-373,$-280,$718,$65,$345,$74,$-280
6,2017-03-31,66.02,$20.73,3.19,$17.48,3.78,$0.92,71.89,$5.08,13.0,$2.06B,$0.61B,3.37,$0.00B,$5.00B,0.0,$4.36B,$4.36B,100.00%,$4.36B,$1.85B,42.30%,$4.36B,$1.85B,42.30%,$4.36B,$1.98B,45.41%,$4.36B,$2.10B,48.19%,$4.36B,$1.27B,29.16%,$1.27B,$5.00B,25.82%,$1.27B,$4.34B,29.86%,$1.27B,$6.28B,19.72%,$1.85B,$5.00B,37.45%,$1133,$0,$1133,$0,$622,$611,$522,$115,$637,$236,$400,$400,$386,$557,$522,$242,246,$1.56,$1.54,$1581,$0,$0,$2063,$625,$2647,$666,$274,$4212,$6276,$612,$0,$204,$663,$1275,$48,$4303,$-5,$5000,$6276,$400,$36,$-592,$-556,$0,$0,$0,$344,$344,$189,$-47,$0,$0,$0,$76,$76,$0,$29,$0,$0,$0,$-264,$-264,$-141,$551,$146,$361,$37,$-141
7,2016-12-31,72.33,$20.46,3.53,$16.82,4.3,$0.49,147.67,$4.69,15.42,$1.66B,$0.31B,5.31,$0.00B,$5.01B,0.0,$4.22B,$4.22B,100.00%,$4.22B,$1.73B,41.06%,$4.22B,$1.73B,41.06%,$4.22B,$1.87B,44.21%,$4.22B,$1.96B,46.44%,$4.22B,$1.19B,28.18%,$1.19B,$5.01B,24.45%,$1.19B,$4.34B,28.33%,$1.19B,$6.23B,18.50%,$1.73B,$5.01B,35.63%,$1091,$0,$1091,$0,$490,$528,$563,$12,$576,$209,$367,$367,$366,$597,$563,$246,250,$1.53,$1.50,$1205,$0,$0,$1660,$615,$2938,$666,$346,$4565,$6225,$313,$0,$217,$904,$1216,$49,$4294,$12,$5009,$6225,$1254,$133,$78,$211,$-9,$-1298,$139,$-126,$-1295,$171,$-148,$0,$0,$0,$175,$175,$80,$106,$0,$0,$0,$-551,$-551,$-541,$915,$-176,$98,$162,$-541
8,2016-09-30,63.46,$19.74,3.21,$16.49,3.85,$5.69,11.16,$4.36,14.56,$1.85B,$0.72B,2.55,$0.00B,$4.83B,0.0,$4.18B,$4.18B,100.00%,$4.18B,$1.63B,38.86%,$4.18B,$1.63B,38.86%,$4.18B,$1.76B,41.99%,$4.18B,$1.88B,45.00%,$4.18B,$1.13B,26.96%,$1.13B,$4.83B,23.47%,$1.13B,$4.17B,27.25%,$1.13B,$6.72B,18.33%,$1.63B,$4.83B,33.84%,$1093,$0,$1093,$0,$483,$617,$476,$88,$564,$201,$363,$363,$321,$510,$476,$246,250,$1.30,$1.28,$1401,$0,$0,$1848,$616,$3349,$666,$245,$4876,$6724,$723,$0,$53,$1166,$1890,$49,$4097,$33,$4834,$6724,$887,$100,$38,$138,$0,$-1084,$0,$328,$-757,$268,$-113,$0,$0,$0,$143,$143,$79,$110,$0,$0,$0,$-437,$-437,$-407,$798,$-45,$315,$118,$-407
9,2016-06-30,69.08,$19.56,3.53,$16.18,4.27,$10.01,6.9,$4.14,16.69,$1.70B,$0.53B,3.2,$0.00B,$4.86B,0.0,$4.14B,$4.14B,100.00%,$4.14B,$1.61B,38.84%,$4.14B,$1.61B,38.84%,$4.14B,$1.74B,41.98%,$4.14B,$1.78B,42.95%,$4.14B,$1.08B,26.09%,$1.08B,$4.86B,22.66%,$1.08B,$4.20B,26.35%,$1.08B,$6.58B,18.65%,$1.61B,$4.86B,33.74%,$1045,$0,$1045,$0,$462,$761,$284,$42,$325,$114,$211,$211,$199,$317,$284,$247,253,$0.81,$0.79,$1275,$0,$0,$1703,$621,$3265,$666,$327,$4879,$6582,$533,$0,$78,$1188,$1721,$50,$4081,$26,$4861,$6582,$525,$66,$6,$72,$0,$-717,$0,$106,$-611,$-14,$-79,$0,$0,$0,$158,$158,$84,$162,$0,$0,$0,$-185,$-185,$-272,$540,$84,$210,$76,$-272
10,2016-03-31,69.03,$19.20,3.6,$16.10,4.29,$13.43,5.14,$4.62,14.94,$1.75B,$0.56B,3.15,$0.00B,$4.76B,0.0,$4.17B,$4.17B,100.00%,$4.17B,$1.83B,43.96%,$4.17B,$1.83B,43.96%,$4.17B,$1.96B,47.06%,$4.17B,$1.99B,47.85%,$4.17B,$1.21B,29.04%,$1.21B,$4.76B,25.25%,$1.21B,$4.10B,29.33%,$1.21B,$6.20B,22.01%,$1.83B,$4.76B,38.23%,$994,$0,$994,$0,$454,$583,$411,$85,$496,$183,$313,$313,$304,$443,$411,$247,252,$1.21,$1.18,$1323,$0,$0,$1751,$613,$2935,$666,$240,$4453,$6204,$557,$0,$59,$884,$1440,$50,$4022,$29,$4764,$6204,$313,$32,$-474,$-442,$0,$-7,$0,$208,$201,$73,$-35,$0,$0,$0,$243,$243,$0,$208,$0,$0,$0,$-186,$-186,$-136,$271,$-51,$228,$37,$-136
11,2015-12-31,66.67,$19.01,3.51,$16.01,4.17,$15.17,4.39,$4.60,14.49,$1.62B,$0.28B,5.86,$0.00B,$4.76B,0.0,$4.20B,$4.20B,100.00%,$4.20B,$1.90B,45.21%,$4.20B,$1.90B,45.21%,$4.20B,$2.03B,48.21%,$4.20B,$2.00B,47.69%,$4.20B,$1.21B,28.74%,$1.21B,$4.76B,24.88%,$1.21B,$4.10B,28.84%,$1.21B,$5.11B,22.20%,$1.90B,$4.76B,39.14%,$1052,$0,$1052,$0,$462,$597,$455,$43,$498,$195,$303,$303,$304,$487,$455,$255,261,$1.22,$1.20,$1172,$0,$0,$1618,$607,$2019,$666,$197,$3489,$5107,$276,$0,$69,$69,$345,$50,$3971,$87,$4762,$5107,$1223,$126,$87,$213,$-3,$-8,$98,$7,$95,$1531,$-151,$0,$0,$0,$270,$270,$-9,$109,$0,$0,$0,$-914,$-914,$-1059,$0,$-1973,$-334,$149,$-1059
12,2015-09-30,64.29,$18.57,3.46,$15.80,4.07,$14.44,4.45,$4.61,13.95,$1.60B,$0.59B,2.69,$0.00B,$4.67B,0.0,$4.17B,$4.17B,100.00%,$4.17B,$1.92B,46.14%,$4.17B,$1.92B,46.14%,$4.17B,$2.05B,49.06%,$4.17B,$2.02B,48.54%,$4.17B,$1.22B,29.14%,$1.22B,$4.67B,24.25%,$1.22B,$4.01B,27.97%,$1.22B,$5.27B,21.80%,$1.92B,$4.67B,38.41%,$1049,$0,$1049,$0,$471,$591,$458,$0,$459,$182,$277,$277,$273,$491,$458,$253,259,$1.08,$1.06,$1164,$0,$0,$1596,$603,$2201,$666,$202,$3671,$5267,$593,$0,$0,$0,$593,$50,$3881,$89,$4674,$5267,$920,$94,$55,$150,$0,$-3,$0,$327,$324,$1394,$-115,$0,$0,$0,$72,$72,$-6,$-49,$0,$0,$0,$-760,$-760,$-927,$0,$-1687,$-342,$107,$-927
13,2015-06-30,71.44,$19.30,3.7,$15.56,4.59,$13.73,5.2,$4.67,15.3,$1.72B,$0.45B,3.83,$0.00B,$4.97B,0.0,$4.14B,$4.14B,100.00%,$4.14B,$1.96B,47.20%,$4.14B,$1.96B,47.20%,$4.14B,$2.07B,50.02%,$4.14B,$2.06B,49.71%,$4.14B,$1.24B,29.99%,$1.24B,$4.97B,24.13%,$1.24B,$4.30B,27.71%,$1.24B,$5.42B,21.80%,$1.96B,$4.97B,37.98%,$1072,$0,$1072,$0,$454,$565,$508,$33,$541,$208,$333,$333,$329,$540,$508,$258,265,$1.28,$1.24,$1269,$0,$0,$1719,$607,$2271,$666,$153,$3697,$5416,$448,$0,$0,$0,$448,$52,$4142,$126,$4967,$5416,$643,$61,$22,$83,$0,$-5,$0,$167,$161,$887,$-80,$0,$0,$0,$49,$49,$-3,$-34,$0,$0,$0,$-312,$-312,$-795,$17,$-1090,$-237,$67,$-795
14,2015-03-31,72.11,$19.20,3.76,$15.17,4.75,$13.16,5.48,$4.56,15.81,$2.26B,$0.96B,2.35,$0.00B,$5.00B,0.0,$4.05B,$4.05B,100.00%,$4.05B,$1.92B,47.36%,$4.05B,$1.92B,47.36%,$4.05B,$2.03B,50.15%,$4.05B,$2.02B,49.75%,$4.05B,$1.22B,29.97%,$1.22B,$5.00B,23.25%,$1.22B,$4.34B,26.65%,$1.22B,$5.96B,21.09%,$1.92B,$5.00B,36.75%,$1027,$0,$1027,$0,$448,$549,$478,$27,$505,$195,$310,$310,$301,$507,$478,$259,266,$1.16,$1.13,$1810,$0,$0,$2258,$599,$2309,$666,$131,$3704,$5962,$960,$0,$0,$0,$960,$52,$4100,$138,$5002,$5962,$310,$29,$8,$37,$0,$-5,$0,$203,$198,$544,$-41,$0,$0,$0,$7,$7,$0,$-34,$0,$0,$0,$-81,$-81,$-135,$11,$-205,$304,$31,$-135
15,2014-12-31,75.98,$20.66,3.68,$14.86,5.11,$12.99,5.85,$4.55,16.7,$1.95B,$0.25B,7.82,$0.00B,$5.40B,0.0,$3.98B,$3.98B,100.00%,$3.98B,$1.89B,47.49%,$3.98B,$1.89B,47.49%,$3.98B,$2.00B,50.28%,$3.98B,$2.00B,50.30%,$3.98B,$1.22B,30.51%,$1.22B,$5.40B,23.22%,$1.22B,$4.73B,26.60%,$1.22B,$5.64B,21.56%,$1.89B,$5.40B,36.13%,$1022,$0,$1022,$0,$438,$542,$480,$39,$519,$203,$316,$316,$312,$508,$480,$260,267,$1.21,$1.18,$1506,$0,$0,$1949,$586,$2292,$666,$151,$3696,$5644,$249,$0,$0,$0,$249,$52,$4450,$136,$5395,$5644,$1230,$112,$73,$185,$-32,$-86,$37,$11,$-70,$1344,$-126,$0,$0,$0,$-305,$-305,$-12,$-443,$0,$0,$0,$-330,$-330,$-462,$0,$-792,$108,$133,$-462
16,2014-09-30,69.01,$20.06,3.44,$14.53,4.75,$12.67,5.45,$4.43,15.58,$2.07B,$0.54B,3.83,$0.00B,$5.23B,0.0,$3.89B,$3.89B,100.00%,$3.89B,$1.85B,47.58%,$3.89B,$1.85B,47.58%,$3.89B,$1.96B,50.36%,$3.89B,$1.96B,50.28%,$3.89B,$1.19B,30.54%,$1.19B,$5.23B,23.34%,$1.19B,$4.56B,26.86%,$1.19B,$5.77B,21.67%,$1.85B,$5.23B,36.37%,$1021,$0,$1021,$0,$432,$532,$489,$5,$494,$190,$304,$304,$300,$517,$489,$260,267,$1.15,$1.12,$1645,$0,$0,$2068,$572,$2355,$666,$107,$3700,$5768,$541,$0,$0,$0,$541,$52,$4249,$166,$5228,$5768,$914,$83,$42,$126,$0,$-90,$0,$267,$177,$1216,$-83,$0,$0,$0,$-322,$-322,$-11,$-416,$0,$0,$0,$-231,$-231,$-347,$24,$-554,$247,$96,$-347
17,2014-06-30,73.89,$20.05,3.69,$14.03,5.27,$12.50,5.91,$4.31,17.14,$2.13B,$0.40B,5.39,$0.00B,$5.27B,0.0,$3.75B,$3.75B,100.00%,$3.75B,$1.79B,47.64%,$3.75B,$1.79B,47.64%,$3.75B,$1.89B,50.36%,$3.75B,$1.90B,50.63%,$3.75B,$1.16B,30.80%,$1.16B,$5.27B,23.51%,$1.16B,$4.61B,27.19%,$1.16B,$5.67B,21.72%,$1.79B,$5.27B,36.36%,$984,$0,$984,$0,$412,$511,$473,$26,$499,$193,$306,$306,$302,$501,$473,$261,269,$1.16,$1.13,$1704,$0,$0,$2130,$576,$2203,$666,$94,$3539,$5669,$395,$0,$0,$0,$395,$53,$4061,$203,$5274,$5669,$610,$55,$7,$62,$0,$-77,$0,$131,$54,$726,$-60,$0,$0,$0,$-120,$-120,$-8,$-188,$0,$0,$0,$-17,$-17,$-232,$18,$-232,$306,$62,$-232
18,2014-03-31,71.7,$19.16,3.74,$13.57,5.28,$12.60,5.69,$4.10,17.49,$2.16B,$0.43B,5.07,$0.00B,$5.04B,0.0,$3.62B,$3.62B,100.00%,$3.62B,$1.71B,47.31%,$3.62B,$1.71B,47.31%,$3.62B,$1.81B,49.96%,$3.62B,$1.80B,49.71%,$3.62B,$1.10B,30.36%,$1.10B,$5.04B,23.52%,$1.10B,$4.37B,27.42%,$1.10B,$5.46B,21.55%,$1.71B,$5.04B,36.65%,$955,$0,$955,$0,$411,$506,$449,$42,$491,$187,$304,$304,$301,$476,$449,$260,269,$1.16,$1.12,$1739,$0,$0,$2159,$572,$1984,$666,$82,$3304,$5463,$426,$0,$0,$0,$426,$53,$3871,$184,$5037,$5463,$304,$27,$-9,$18,$0,$-25,$0,$190,$165,$487,$-25,$0,$0,$0,$-1,$-1,$-3,$-30,$0,$0,$0,$-9,$-9,$-116,$9,$-116,$341,$29,$-116
19,2013-12-31,72.55,$18.38,3.95,$13.10,5.54,$12.53,5.79,$3.89,18.65,$1.80B,$0.22B,8.36,$0.00B,$4.82B,0.0,$3.48B,$3.48B,100.00%,$3.48B,$1.64B,47.01%,$3.48B,$1.64B,47.01%,$3.48B,$1.73B,49.60%,$3.48B,$1.70B,48.82%,$3.48B,$1.04B,29.82%,$1.04B,$4.82B,23.38%,$1.04B,$4.15B,27.50%,$1.04B,$5.03B,21.24%,$1.64B,$4.82B,36.86%,$930,$0,$930,$0,$394,$490,$440,$32,$472,$184,$288,$288,$285,$465,$440,$258,266,$1.11,$1.07,$1398,$0,$0,$1797,$573,$1926,$666,$72,$3236,$5033,$215,$0,$0,$0,$215,$52,$3683,$188,$4818,$5033,$1048,$91,$88,$179,$-45,$-26,$-5,$82,$7,$1233,$-106,$0,$0,$0,$-332,$-332,$0,$-438,$0,$0,$0,$104,$104,$-397,$16,$-277,$519,$115,$-397
20,2013-09-30,61.99,$17.41,3.56,$12.62,4.91,$11.46,5.41,$3.71,16.71,$2.06B,$0.59B,3.51,$0.00B,$4.54B,0.0,$3.34B,$3.34B,100.00%,$3.34B,$1.56B,46.66%,$3.34B,$1.56B,46.66%,$3.34B,$1.65B,49.24%,$3.34B,$1.61B,48.10%,$3.34B,$0.98B,29.45%,$0.98B,$4.54B,23.42%,$0.98B,$3.88B,27.83%,$0.98B,$5.13B,21.00%,$1.56B,$4.54B,37.11%,$884,$0,$884,$0,$369,$459,$426,$12,$438,$167,$270,$270,$268,$448,$426,$259,267,$1.03,$1.00,$1693,$0,$0,$2059,$568,$1747,$666,$88,$3068,$5127,$586,$0,$0,$0,$586,$52,$3495,$169,$4541,$5127,$760,$66,$63,$128,$0,$-26,$0,$296,$270,$1158,$-75,$0,$0,$0,$-66,$-66,$2,$-139,$0,$0,$0,$87,$87,$-297,$5,$-206,$814,$81,$-297
21,2013-06-30,62.76,$16.58,3.79,$12.26,5.12,$10.48,5.99,$3.65,17.19,$1.82B,$0.49B,3.73,$0.00B,$4.31B,0.0,$3.23B,$3.23B,100.00%,$3.23B,$1.49B,46.23%,$3.23B,$1.49B,46.23%,$3.23B,$1.58B,48.87%,$3.23B,$1.57B,48.62%,$3.23B,$0.96B,29.81%,$0.96B,$4.31B,23.87%,$0.96B,$3.65B,28.59%,$0.96B,$4.80B,21.36%,$1.49B,$4.31B,37.02%,$854,$0,$854,$0,$371,$456,$399,$1,$400,$152,$248,$248,$246,$421,$399,$258,266,$0.95,$0.92,$1456,$0,$0,$1822,$559,$1642,$666,$110,$2977,$4799,$488,$0,$0,$0,$488,$52,$3324,$138,$4311,$4799,$490,$43,$39,$83,$0,$-26,$0,$181,$156,$728,$-42,$0,$0,$0,$-18,$-18,$3,$-57,$0,$0,$0,$91,$91,$-198,$13,$-94,$577,$52,$-198
22,2013-03-31,63.86,$15.84,4.03,$11.88,5.38,$9.66,6.61,$3.52,18.14,$1.65B,$0.50B,3.28,$0.00B,$4.11B,0.0,$3.11B,$3.11B,100.00%,$3.11B,$1.42B,45.69%,$3.11B,$1.42B,45.69%,$3.11B,$1.50B,48.36%,$3.11B,$1.50B,48.36%,$3.11B,$0.92B,29.65%,$0.92B,$4.11B,23.84%,$0.92B,$3.44B,28.80%,$0.92B,$4.61B,21.27%,$1.42B,$4.11B,36.74%,$816,$0,$816,$0,$363,$443,$373,$18,$391,$149,$242,$242,$240,$394,$373,$257,265,$0.93,$0.91,$1286,$0,$0,$1651,$563,$1621,$666,$110,$2960,$4611,$504,$0,$0,$0,$504,$52,$3175,$142,$4107,$4611,$242,$22,$8,$29,$0,$0,$0,$188,$188,$459,$-23,$0,$0,$0,$-9,$-9,$-0,$-32,$0,$0,$0,$70,$70,$-99,$8,$-21,$407,$24,$-99
23,2012-12-31,55.26,$14.96,3.69,$11.59,4.77,$8.96,6.17,$3.36,16.45,$1.23B,$0.36B,3.46,$0.00B,$3.85B,0.0,$3.02B,$3.02B,100.00%,$3.02B,$1.36B,45.12%,$3.02B,$1.36B,45.12%,$3.02B,$1.45B,47.80%,$3.02B,$1.43B,47.44%,$3.02B,$0.88B,29.08%,$0.88B,$3.85B,23.45%,$0.88B,$3.18B,28.52%,$0.88B,$4.20B,20.92%,$1.36B,$3.85B,36.39%,$787,$0,$787,$0,$345,$426,$361,$17,$378,$146,$232,$232,$230,$382,$361,$253,261,$0.91,$0.88,$879,$0,$0,$1233,$561,$1581,$666,$162,$2970,$4203,$357,$0,$0,$0,$357,$51,$3032,$132,$3846,$4203,$884,$81,$58,$139,$-50,$-89,$35,$-16,$-119,$903,$-77,$0,$0,$0,$-220,$-220,$-13,$-310,$0,$0,$0,$-49,$-49,$-603,$41,$-612,$-19,$104,$-603
24,2012-09-30,52.62,$15.14,3.47,$11.13,4.73,$9.09,5.79,$3.21,16.39,$1.57B,$0.55B,2.87,$0.00B,$3.86B,0.0,$2.91B,$2.91B,100.00%,$2.91B,$1.30B,44.60%,$2.91B,$1.30B,44.60%,$2.91B,$1.38B,47.32%,$2.91B,$1.36B,46.87%,$2.91B,$0.84B,28.78%,$0.84B,$3.86B,22.98%,$0.84B,$3.19B,28.13%,$0.84B,$4.41B,20.45%,$1.30B,$3.86B,35.61%,$770,$0,$770,$0,$337,$411,$359,$41,$400,$153,$247,$247,$246,$380,$359,$253,260,$0.97,$0.94,$1235,$0,$0,$1567,$561,$1473,$666,$139,$2838,$4406,$547,$0,$0,$0,$547,$51,$3144,$120,$3859,$4406,$652,$60,$42,$102,$0,$-89,$0,$197,$108,$861,$-56,$0,$0,$0,$-138,$-138,$-9,$-202,$0,$0,$0,$-83,$-83,$-260,$21,$-322,$337,$77,$-260
25,2012-06-30,52.06,$14.42,3.61,$10.78,4.83,$9.42,5.53,$2.98,17.47,$1.30B,$0.46B,2.82,$0.00B,$3.66B,0.0,$2.82B,$2.82B,100.00%,$2.82B,$1.23B,43.77%,$2.82B,$1.23B,43.77%,$2.82B,$1.31B,46.50%,$2.82B,$1.26B,44.73%,$2.82B,$0.78B,27.55%,$0.78B,$3.66B,22.20%,$0.78B,$2.99B,27.43%,$0.78B,$4.12B,19.64%,$1.23B,$3.66B,35.28%,$737,$0,$737,$0,$336,$409,$328,$7,$335,$129,$207,$207,$206,$348,$328,$253,261,$0.81,$0.79,$972,$0,$0,$1297,$564,$1434,$666,$157,$2820,$4117,$459,$0,$0,$0,$459,$51,$2983,$122,$3658,$4117,$404,$39,$49,$88,$0,$-89,$0,$91,$2,$495,$-37,$0,$0,$0,$-130,$-130,$-8,$-175,$0,$0,$0,$-90,$-90,$-173,$18,$-245,$74,$50,$-173
26,2012-03-31,53.68,$14.24,3.77,$10.63,5.05,$9.83,5.46,$2.95,18.2,$1.43B,$0.45B,3.19,$0.00B,$3.63B,0.0,$2.79B,$2.79B,100.00%,$2.79B,$1.23B,44.09%,$2.79B,$1.23B,44.09%,$2.79B,$1.31B,46.78%,$2.79B,$1.26B,44.99%,$2.79B,$0.77B,27.70%,$0.77B,$3.63B,22.54%,$0.77B,$2.96B,27.97%,$0.77B,$4.08B,19.89%,$1.23B,$3.63B,35.88%,$729,$0,$729,$0,$339,$413,$316,$5,$321,$124,$198,$198,$197,$335,$316,$253,261,$0.78,$0.75,$1104,$0,$0,$1426,$565,$1300,$666,$120,$2651,$4077,$447,$0,$0,$0,$447,$51,$2876,$139,$3630,$4077,$198,$19,$24,$43,$0,$-79,$0,$104,$25,$266,$-19,$0,$0,$0,$14,$14,$-4,$-9,$0,$0,$0,$24,$24,$-87,$12,$-51,$206,$24,$-87
27,2011-12-31,46.57,$13.51,3.45,$10.38,4.49,$10.09,4.62,$2.92,15.95,$1.20B,$0.35B,3.44,$0.00B,$3.42B,0.0,$2.75B,$2.75B,100.00%,$2.75B,$1.23B,44.70%,$2.75B,$1.23B,44.70%,$2.75B,$1.30B,47.32%,$2.75B,$1.25B,45.54%,$2.75B,$0.77B,28.07%,$0.77B,$3.42B,22.74%,$0.77B,$2.76B,28.30%,$0.77B,$3.77B,20.05%,$1.23B,$3.42B,36.22%,$672,$0,$672,$0,$302,$378,$294,$13,$307,$118,$188,$188,$188,$313,$294,$256,263,$0.74,$0.73,$898,$0,$0,$1202,$567,$1169,$666,$166,$2568,$3770,$350,$0,$0,$0,$350,$51,$2765,$103,$3421,$3770,$773,$72,$95,$167,$3,$0,$-5,$10,$8,$948,$-82,$0,$0,$0,$-75,$-75,$-8,$-165,$0,$0,$0,$-429,$-429,$-318,$48,$-699,$85,$99,$-318
28,2011-09-30,38.85,$12.93,3.0,$10.26,3.79,$9.12,4.26,$2.91,13.35,$1.30B,$0.57B,2.28,$0.00B,$3.27B,0.0,$2.72B,$2.72B,100.00%,$2.72B,$1.22B,44.74%,$2.72B,$1.21B,44.63%,$2.72B,$1.29B,47.28%,$2.72B,$1.24B,45.66%,$2.72B,$0.77B,28.46%,$0.77B,$3.27B,23.04%,$0.77B,$2.60B,28.74%,$0.77B,$3.84B,20.30%,$1.22B,$3.27B,36.23%,$679,$0,$679,$0,$320,$384,$295,$1,$297,$111,$186,$186,$185,$314,$295,$254,260,$0.73,$0.71,$1001,$0,$0,$1297,$555,$1153,$666,$168,$2542,$3840,$570,$0,$0,$0,$570,$51,$2655,$95,$3270,$3840,$585,$53,$74,$127,$0,$0,$0,$229,$229,$941,$-50,$0,$0,$0,$-82,$-82,$0,$-132,$0,$0,$0,$-421,$-421,$-239,$40,$-620,$188,$74,$-239
29,2011-06-30,48.77,$13.30,3.67,$9.89,4.93,$8.02,6.08,$2.85,17.11,$1.35B,$0.47B,2.87,$0.00B,$3.41B,0.0,$2.63B,$2.63B,100.00%,$2.63B,$1.18B,45.05%,$2.63B,$1.18B,44.98%,$2.63B,$1.25B,47.60%,$2.63B,$1.22B,46.27%,$2.63B,$0.76B,28.81%,$0.76B,$3.41B,22.89%,$0.76B,$2.75B,28.66%,$0.76B,$3.88B,20.22%,$1.18B,$3.41B,35.80%,$714,$0,$714,$0,$320,$387,$327,$6,$332,$128,$205,$205,$204,$345,$327,$258,267,$0.79,$0.76,$1023,$0,$0,$1347,$556,$1208,$666,$106,$2536,$3882,$470,$0,$0,$0,$470,$51,$2744,$157,$3413,$3882,$399,$35,$46,$81,$0,$0,$0,$130,$130,$611,$-33,$0,$0,$0,$-30,$-30,$-3,$-66,$0,$0,$0,$-199,$-199,$-161,$25,$-335,$210,$46,$-161
30,2011-03-31,53.39,$13.31,4.01,$9.39,5.68,$7.30,7.31,$2.68,19.92,$1.39B,$0.43B,3.22,$0.00B,$3.46B,0.0,$2.49B,$2.49B,100.00%,$2.49B,$1.11B,44.54%,$2.49B,$1.11B,44.50%,$2.49B,$1.18B,47.19%,$2.49B,$1.14B,45.79%,$2.49B,$0.71B,28.53%,$0.71B,$3.46B,22.26%,$0.71B,$2.79B,28.12%,$0.71B,$3.89B,19.62%,$1.11B,$3.46B,34.75%,$682,$0,$682,$0,$309,$371,$312,$4,$315,$121,$195,$195,$194,$328,$312,$259,269,$0.75,$0.72,$1065,$0,$0,$1386,$552,$1174,$666,$109,$2500,$3886,$430,$0,$0,$0,$430,$52,$2713,$154,$3456,$3886,$195,$17,$21,$38,$0,$0,$0,$103,$103,$336,$-12,$0,$0,$0,$-5,$-5,$-1,$-17,$0,$0,$0,$-5,$-5,$-81,$18,$-67,$252,$21,$-81
31,2010-12-31,51.63,$12.74,4.05,$8.94,5.77,$6.97,7.41,$2.53,20.41,$1.12B,$0.35B,3.25,$0.00B,$3.30B,0.0,$2.37B,$2.37B,100.00%,$2.37B,$1.04B,43.81%,$2.37B,$1.04B,43.81%,$2.37B,$1.10B,46.60%,$2.37B,$1.07B,45.20%,$2.37B,$0.67B,28.26%,$0.67B,$3.30B,21.71%,$0.67B,$2.63B,27.69%,$0.67B,$3.64B,19.11%,$1.04B,$3.30B,33.65%,$645,$0,$645,$0,$277,$362,$283,$15,$298,$107,$192,$192,$191,$299,$280,$257,265,$0.74,$0.73,$813,$0,$0,$1121,$560,$1142,$666,$153,$2521,$3642,$346,$0,$0,$0,$346,$52,$2599,$139,$3297,$3642,$672,$63,$82,$145,$-63,$0,$27,$-49,$-84,$733,$-118,$0,$0,$0,$-159,$-159,$0,$-277,$0,$0,$0,$-157,$-157,$-279,$50,$-386,$70,$90,$-279
32,2010-09-30,39.88,$11.95,3.34,$8.57,4.66,$6.18,6.45,$2.38,16.76,$1.09B,$0.50B,2.18,$0.00B,$3.06B,0.0,$2.26B,$2.26B,100.00%,$2.26B,$0.98B,43.52%,$2.26B,$0.98B,43.48%,$2.26B,$1.05B,46.44%,$2.26B,$1.01B,44.76%,$2.26B,$0.63B,27.86%,$0.63B,$3.06B,21.16%,$0.63B,$2.40B,27.24%,$0.63B,$3.56B,18.57%,$0.98B,$3.06B,33.04%,$587,$0,$587,$0,$261,$325,$262,$9,$271,$102,$169,$169,$168,$279,$263,$256,262,$0.66,$0.64,$810,$0,$0,$1086,$557,$1105,$666,$150,$2478,$3563,$499,$0,$0,$0,$499,$51,$2478,$117,$3064,$3563,$481,$47,$66,$113,$0,$0,$0,$118,$118,$712,$-101,$0,$0,$0,$-158,$-158,$-6,$-265,$0,$0,$0,$-198,$-198,$-209,$28,$-379,$67,$66,$-209
33,2010-06-30,35.16,$11.51,3.06,$8.22,4.28,$5.23,6.73,$2.23,15.77,$0.99B,$0.44B,2.24,$0.00B,$2.96B,0.0,$2.17B,$2.17B,100.00%,$2.17B,$0.93B,42.75%,$2.17B,$0.93B,42.71%,$2.17B,$1.00B,45.84%,$2.17B,$0.95B,43.90%,$2.17B,$0.59B,27.34%,$0.59B,$2.96B,20.50%,$0.59B,$2.29B,26.62%,$0.59B,$3.40B,18.05%,$0.93B,$2.96B,32.07%,$578,$0,$578,$0,$261,$325,$253,$4,$257,$99,$159,$159,$158,$270,$254,$258,266,$0.61,$0.59,$735,$0,$0,$992,$544,$1035,$666,$167,$2411,$3403,$444,$0,$0,$0,$444,$51,$2411,$83,$2959,$3403,$312,$31,$43,$74,$0,$0,$0,$67,$67,$452,$-68,$0,$0,$0,$-150,$-150,$-5,$-223,$0,$0,$0,$-120,$-120,$-140,$22,$-237,$-8,$43,$-140
34,2010-03-31,43.31,$11.59,3.74,$7.74,5.6,$4.56,9.49,$2.02,21.44,$1.02B,$0.39B,2.65,$0.00B,$3.01B,0.0,$2.04B,$2.04B,100.00%,$2.04B,$0.83B,40.71%,$2.04B,$0.83B,40.66%,$2.04B,$0.90B,44.04%,$2.04B,$0.86B,42.13%,$2.04B,$0.54B,26.29%,$0.54B,$3.01B,19.13%,$0.54B,$2.34B,25.09%,$0.54B,$3.39B,16.86%,$0.83B,$3.01B,29.62%,$557,$0,$557,$0,$257,$318,$239,$5,$244,$91,$153,$153,$152,$255,$240,$258,266,$0.59,$0.57,$764,$0,$0,$1023,$519,$1076,$666,$109,$2369,$3392,$386,$0,$0,$0,$386,$52,$2323,$114,$3007,$3392,$153,$16,$20,$36,$0,$0,$0,$68,$68,$257,$-25,$0,$0,$0,$-148,$-148,$-1,$-174,$0,$0,$0,$-2,$-2,$-70,$11,$-62,$21,$20,$-70
35,2009-12-31,41.74,$11.15,3.74,$7.13,5.85,$4.11,10.15,$1.64,25.45,$0.99B,$0.33B,3.02,$0.00B,$2.88B,0.0,$1.87B,$1.87B,100.00%,$1.87B,$0.70B,37.58%,$1.87B,$0.70B,37.53%,$1.87B,$0.77B,41.33%,$1.87B,$0.69B,36.94%,$1.87B,$0.43B,23.13%,$0.43B,$2.88B,16.21%,$0.43B,$2.22B,21.60%,$0.43B,$3.21B,14.26%,$0.70B,$2.88B,26.33%,$539,$0,$539,$0,$252,$309,$230,$10,$240,$88,$153,$153,$152,$246,$226,$256,262,$0.59,$0.58,$743,$0,$0,$990,$513,$906,$666,$137,$2221,$3210,$328,$0,$0,$0,$328,$52,$2240,$102,$2882,$3210,$434,$66,$125,$191,$-69,$0,$-16,$-4,$-89,$536,$-134,$0,$0,$0,$-33,$-33,$0,$-167,$0,$0,$0,$-23,$-23,$-257,$36,$-245,$124,$89,$-257
36,2009-09-30,35.64,$10.65,3.35,$6.62,5.38,$4.79,7.43,$1.16,30.73,$0.96B,$0.42B,2.28,$0.00B,$2.74B,0.0,$1.75B,$1.75B,100.00%,$1.75B,$0.59B,33.96%,$1.75B,$0.60B,34.19%,$1.75B,$0.66B,38.03%,$1.75B,$0.49B,28.12%,$1.75B,$0.30B,17.41%,$0.30B,$2.74B,11.84%,$0.30B,$2.07B,15.99%,$0.30B,$3.16B,10.37%,$0.59B,$2.74B,23.10%,$499,$0,$499,$0,$235,$292,$207,$5,$213,$80,$133,$133,$132,$225,$208,$256,264,$0.52,$0.50,$739,$0,$0,$962,$502,$896,$666,$135,$2199,$3161,$421,$0,$0,$0,$421,$52,$2152,$96,$2740,$3161,$281,$50,$104,$154,$0,$0,$0,$31,$31,$467,$-103,$0,$0,$0,$-39,$-39,$0,$-142,$0,$0,$0,$-39,$-39,$-192,$27,$-204,$120,$68,$-192
37,2009-06-30,32.32,$10.08,3.21,$6.78,4.76,$5.78,5.59,$1.22,26.49,$0.87B,$0.38B,2.3,$0.00B,$2.58B,0.0,$1.80B,$1.80B,100.00%,$1.80B,$0.63B,34.66%,$1.80B,$0.63B,34.89%,$1.80B,$0.69B,38.49%,$1.80B,$0.52B,29.01%,$1.80B,$0.32B,17.97%,$0.32B,$2.58B,12.72%,$0.32B,$1.91B,17.23%,$0.32B,$2.96B,11.09%,$0.63B,$2.58B,24.54%,$444,$0,$444,$0,$238,$290,$154,$8,$162,$62,$100,$100,$100,$172,$155,$255,262,$0.39,$0.38,$667,$0,$0,$865,$474,$783,$666,$168,$2091,$2956,$376,$0,$0,$0,$376,$51,$2084,$50,$2580,$2956,$148,$34,$80,$114,$0,$0,$0,$8,$8,$270,$-65,$0,$0,$0,$3,$3,$-2,$-65,$0,$0,$0,$-49,$-49,$-128,$20,$-157,$48,$44,$-128
38,2009-03-31,22.26,$9.63,2.31,$7.25,3.07,$6.47,3.44,$1.44,15.46,$0.79B,$0.33B,2.38,$0.00B,$2.46B,0.0,$1.95B,$1.95B,100.00%,$1.95B,$0.73B,37.49%,$1.95B,$0.73B,37.70%,$1.95B,$0.80B,40.99%,$1.95B,$0.63B,32.20%,$1.95B,$0.39B,19.83%,$0.39B,$2.46B,15.05%,$0.39B,$1.80B,20.34%,$0.39B,$2.79B,13.10%,$0.73B,$2.46B,28.46%,$386,$0,$386,$0,$224,$275,$111,$-36,$75,$26,$48,$48,$48,$129,$112,$255,259,$0.19,$0.19,$622,$0,$0,$789,$455,$716,$666,$167,$2003,$2793,$332,$0,$0,$0,$332,$51,$2048,$-3,$2461,$2793,$48,$17,$56,$73,$0,$0,$0,$18,$18,$139,$-31,$0,$0,$0,$-15,$-15,$-2,$-47,$0,$0,$0,$-45,$-45,$-64,$19,$-89,$3,$21,$-64
39,2008-12-31,27.08,$9.69,2.79,$7.81,3.47,$6.88,3.93,$1.80,15.04,$0.80B,$0.33B,2.41,$0.00B,$2.49B,0.0,$2.12B,$2.12B,100.00%,$2.12B,$0.85B,40.03%,$2.12B,$0.85B,40.22%,$2.12B,$0.92B,43.19%,$2.12B,$0.80B,37.53%,$2.12B,$0.49B,23.10%,$0.49B,$2.49B,18.89%,$0.49B,$1.82B,25.44%,$0.49B,$2.82B,16.41%,$0.85B,$2.49B,32.73%,$417,$0,$417,$0,$236,$296,$121,$-80,$41,$17,$24,$24,$24,$138,$122,$259,270,$0.10,$0.11,$619,$0,$0,$796,$440,$721,$666,$196,$2023,$2819,$331,$0,$0,$0,$331,$51,$2087,$-13,$2489,$2819,$491,$62,$177,$239,$89,$0,$-46,$-32,$12,$742,$-144,$0,$0,$0,$19,$19,$0,$-125,$0,$0,$0,$-514,$-514,$-313,$44,$-783,$-166,$86,$-313
40,2008-09-30,40.74,$10.21,3.99,$8.41,4.85,$6.86,5.94,$2.39,17.05,$1.09B,$0.47B,2.33,$0.00B,$2.66B,0.0,$2.30B,$2.30B,100.00%,$2.30B,$0.99B,43.03%,$2.30B,$1.00B,43.20%,$2.30B,$1.06B,45.85%,$2.30B,$1.06B,45.90%,$2.30B,$0.66B,28.48%,$0.66B,$2.66B,24.61%,$0.66B,$1.99B,32.83%,$0.66B,$3.12B,21.34%,$0.99B,$2.66B,37.17%,$556,$0,$556,$0,$253,$317,$239,$6,$245,$92,$153,$153,$152,$255,$240,$259,271,$0.59,$0.56,$853,$0,$0,$1087,$415,$818,$668,$134,$2035,$3123,$466,$0,$0,$0,$466,$52,$2246,$-1,$2657,$3123,$467,$46,$66,$112,$0,$0,$0,$158,$158,$736,$-97,$0,$0,$0,$40,$40,$0,$-56,$0,$0,$0,$-439,$-439,$-251,$77,$-612,$68,$63,$-251
41,2008-06-30,42.66,$10.21,4.18,$8.41,5.07,$6.60,6.46,$2.46,17.34,$0.94B,$0.40B,2.37,$0.00B,$2.65B,0.0,$2.32B,$2.32B,100.00%,$2.32B,$1.02B,43.81%,$2.32B,$1.02B,43.98%,$2.32B,$1.08B,46.49%,$2.32B,$1.09B,47.18%,$2.32B,$0.68B,29.28%,$0.68B,$2.65B,25.43%,$0.68B,$1.98B,33.90%,$0.68B,$3.05B,22.04%,$1.02B,$2.65B,38.05%,$588,$0,$588,$0,$263,$329,$259,$8,$266,$104,$162,$162,$162,$276,$260,$260,272,$0.62,$0.59,$681,$0,$0,$943,$383,$946,$669,$109,$2107,$3050,$398,$0,$0,$0,$398,$52,$2204,$65,$2652,$3050,$314,$31,$40,$71,$0,$0,$0,$69,$69,$453,$-54,$0,$0,$0,$-19,$-19,$29,$-43,$0,$0,$0,$-324,$-324,$-188,$-1,$-514,$-104,$39,$-188
42,2008-03-31,37.62,$9.74,3.86,$8.22,4.57,$6.43,5.85,$2.44,15.42,$0.87B,$0.37B,2.34,$0.00B,$2.58B,0.0,$2.28B,$2.28B,100.00%,$2.28B,$1.01B,44.15%,$2.28B,$1.01B,44.33%,$2.28B,$1.07B,46.82%,$2.28B,$1.09B,47.79%,$2.28B,$0.68B,29.74%,$0.68B,$2.58B,25.46%,$0.68B,$1.91B,33.97%,$0.68B,$2.95B,21.99%,$1.01B,$2.58B,37.80%,$560,$0,$560,$0,$269,$330,$230,$14,$244,$93,$152,$152,$152,$247,$231,$262,274,$0.58,$0.55,$610,$0,$0,$869,$371,$959,$669,$81,$2080,$2949,$371,$0,$0,$0,$371,$52,$2158,$64,$2578,$2949,$152,$15,$18,$34,$0,$0,$0,$74,$74,$259,$-30,$0,$0,$-3,$0,$-3,$-2,$-34,$0,$0,$0,$-277,$-277,$-126,$3,$-399,$-175,$18,$-126
43,2007-12-31,45.58,$10.50,4.34,$8.00,5.7,$6.36,7.17,$2.40,18.99,$1.05B,$0.40B,2.63,$0.00B,$2.78B,0.0,$2.23B,$2.23B,100.00%,$2.23B,$1.00B,44.65%,$2.23B,$1.00B,44.83%,$2.23B,$1.06B,47.29%,$2.23B,$1.08B,48.28%,$2.23B,$0.67B,30.00%,$0.67B,$2.78B,25.19%,$0.67B,$2.11B,33.64%,$0.67B,$3.18B,21.68%,$1.00B,$2.78B,37.48%,$599,$0,$599,$0,$266,$336,$263,$39,$302,$111,$191,$191,$190,$278,$264,$265,279,$0.72,$0.68,$785,$0,$0,$1050,$358,$1002,$666,$101,$2127,$3177,$400,$0,$0,$0,$400,$53,$2333,$95,$2777,$3177,$671,$54,$80,$134,$-43,$0,$24,$-28,$-47,$758,$-146,$0,$0,$0,$-176,$-176,$-23,$-345,$0,$0,$0,$-221,$-221,$-180,$-0,$-401,$12,$80,$-180
44,2007-09-30,41.54,$10.13,4.1,$7.61,5.46,$5.95,6.98,$2.25,18.46,$1.10B,$0.47B,2.32,$0.00B,$2.68B,0.0,$2.12B,$2.12B,100.00%,$2.12B,$0.95B,44.68%,$2.12B,$0.95B,44.87%,$2.12B,$1.01B,47.46%,$2.12B,$1.01B,47.74%,$2.12B,$0.63B,29.61%,$0.63B,$2.68B,24.45%,$0.63B,$2.01B,33.05%,$0.63B,$3.15B,21.06%,$0.95B,$2.68B,36.89%,$572,$0,$572,$0,$252,$308,$264,$18,$282,$107,$175,$175,$175,$277,$265,$264,278,$0.66,$0.63,$848,$0,$0,$1101,$331,$1001,$669,$47,$2048,$3148,$474,$0,$0,$0,$474,$53,$2248,$111,$2675,$3148,$480,$40,$57,$97,$0,$0,$0,$110,$110,$687,$-103,$0,$0,$0,$-162,$-162,$-10,$-275,$0,$0,$0,$-197,$-197,$-135,$-6,$-338,$75,$57,$-135
45,2007-06-30,38.58,$9.95,3.88,$7.18,5.37,$5.49,7.02,$2.08,18.55,$1.14B,$0.44B,2.61,$0.00B,$2.64B,0.0,$2.00B,$2.00B,100.00%,$2.00B,$0.89B,44.21%,$2.00B,$0.89B,44.41%,$2.00B,$0.94B,47.11%,$2.00B,$0.95B,47.41%,$2.00B,$0.58B,29.04%,$0.58B,$2.64B,23.56%,$0.58B,$1.97B,32.31%,$0.58B,$3.08B,20.32%,$0.89B,$2.64B,35.87%,$552,$0,$552,$0,$242,$301,$251,$12,$263,$101,$162,$162,$162,$267,$252,$265,280,$0.61,$0.58,$895,$0,$0,$1144,$299,$898,$669,$67,$1933,$3077,$438,$0,$0,$0,$438,$53,$2251,$97,$2638,$3077,$305,$28,$36,$64,$0,$0,$0,$53,$53,$422,$-59,$0,$0,$0,$-82,$-82,$-2,$-142,$0,$0,$0,$-61,$-61,$-90,$-7,$-158,$122,$36,$-90
46,2007-03-31,34.98,$9.59,3.65,$6.81,5.14,$5.31,6.59,$1.99,17.58,$1.13B,$0.41B,2.78,$0.00B,$2.55B,0.0,$1.90B,$1.90B,100.00%,$1.90B,$0.83B,43.60%,$1.90B,$0.83B,43.81%,$1.90B,$0.88B,46.45%,$1.90B,$0.90B,47.55%,$1.90B,$0.56B,29.28%,$0.56B,$2.55B,23.69%,$0.56B,$1.88B,33.13%,$0.56B,$2.96B,20.45%,$0.83B,$2.55B,35.28%,$510,$0,$510,$0,$237,$291,$219,$12,$231,$88,$143,$143,$143,$234,$220,$265,280,$0.54,$0.51,$911,$0,$0,$1134,$279,$805,$669,$70,$1823,$2957,$409,$0,$0,$0,$409,$53,$2155,$76,$2549,$2957,$143,$14,$17,$31,$0,$0,$0,$68,$68,$242,$-27,$0,$0,$0,$-30,$-30,$-4,$-61,$0,$0,$0,$4,$4,$-45,$-1,$-43,$138,$17,$-45
47,2006-12-31,32.33,$9.16,3.53,$6.53,4.95,$5.12,6.32,$1.90,17.02,$1.00B,$0.34B,2.95,$0.00B,$2.43B,0.0,$1.82B,$1.82B,100.00%,$1.82B,$0.79B,43.32%,$1.82B,$0.79B,43.54%,$1.82B,$0.84B,46.12%,$1.82B,$0.86B,47.17%,$1.82B,$0.53B,29.14%,$0.53B,$2.43B,23.53%,$0.53B,$1.76B,33.44%,$0.53B,$2.77B,20.36%,$0.79B,$2.43B,34.98%,$490,$0,$490,$0,$217,$275,$215,$23,$238,$89,$149,$149,$149,$230,$216,$264,279,$0.57,$0.53,$773,$0,$0,$997,$265,$762,$669,$72,$1769,$2765,$338,$0,$0,$0,$338,$53,$2057,$69,$2427,$2765,$530,$47,$62,$108,$-48,$0,$31,$-28,$-45,$593,$-94,$0,$0,$0,$-323,$-323,$-4,$-421,$0,$0,$0,$-66,$-66,$-148,$11,$-203,$-31,$61,$-148
