,Date,Stock Price,Book Value per Share,Price to Book Ratio,TTM Sales per Share,Price to Sales Ratio,TTM FCF per Share,Price to FCF Ratio,TTM Net EPS,PE Ratio,Current Assets,Current Liabilities,Current Ratio,Long Term Debt,Shareholder's Equity_x,Debt to Equity Ratio,TTM Revenue_x,TTM Gross Profit,Gross Margin,TTM Revenue_y,TTM Operating Income,Operating Margin,TTM Revenue_x,TTM EBIT,EBIT Margin,TTM Revenue_y,TTM EBITDA,EBITDA Margin,TTM Revenue_x,TTM Pre-Tax Income,Pre-Tax Margin,TTM Revenue_y,TTM Net Income_x,Net Margin,TTM Net Income_y,Shareholder's Equity_y,Return on Equity,TTM Net Income_x,Tangible Equity,Return on Tangible Equity,TTM Net Income_y,Total Assets,Return on Assets,TTM Net Income,LT Investments & Debt,Return on Investment,revenue,cost-goods-sold,gross-profit,research-development-expenses,selling-general-administrative-expenses,operating-expenses,operating-income,total-non-operating-income-expense,pre-tax-income,total-provision-income-taxes,income-after-taxes,income-from-continuous-operations,net-income,ebitda,ebit,basic-shares-outstanding,shares-outstanding,eps-basic-net-earnings-per-share,eps-earnings-per-share-diluted,cash-on-hand,inventory,other-current-assets,total-current-assets,net-property-plant-equipment,long-term-investments,goodwill-intangible-assets-total,other-long-term-assets,total-long-term-assets,total-assets,total-current-liabilities,long-term-debt,other-non-current-liabilities,total-long-term-liabilities,total-liabilities,common-stock-net,retained-earnings-accumulated-deficit,comprehensive-income,total-share-holder-equity,total-liabilities-share-holders-equity,net-income-loss,total-depreciation-amortization-cash-flow,other-non-cash-items,total-non-cash-items,change-in-accounts-receivable,change-in-inventories,change-in-accounts-payable,change-in-assets-liabilities,total-change-in-assets-liabilities,cash-flow-from-operating-activities,net-change-in-property-plant-equipment,net-change-in-intangible-assets,net-acquisitions-divestitures,net-change-in-short-term-investments,net-change-in-long-term-investments,net-change-in-investments-total,investing-activities-other,cash-flow-from-investing-activities,net-long-term-debt,net-current-debt,debt-issuance-retirement-net-total,net-common-equity-issued-repurchased,net-total-equity-issued-repurchased,total-common-preferred-stock-dividends-paid,financial-activities-other,cash-flow-from-financial-activities,net-cash-flow,stock-based-compensation,common-stock-dividends-paid
0,2018-09-30,11.95,$7.15,1.67,$14.99,0.8,$0.65,18.34,$-0.02,0.0,$2.60B,$0.35B,7.53,$3.14B,$0.88B,3.58,$1.85B,$0.50B,27.18%,$1.85B,$0.19B,10.46%,$1.85B,$0.19B,10.46%,$1.85B,$0.40B,21.57%,$1.85B,$0.01B,0.59%,$1.85B,$-0.00B,-0.11%,$-0.00B,$0.88B,-0.21%,$-0.00B,$0.70B,-0.26%,$-0.00B,$4.71B,-0.04%,$0.19B,$4.02B,4.74%,$456,$335,$121,$0,$62,$403,$53,$-32,$21,$6,$15,$15,$6,$103,$53,$123,126,$0.05,$0.05,$1736,$475,$0,$2604,$1014,$0,$182,$62,$2110,$4714,$346,$3143,$93,$3489,$3835,$1,$-346,$-522,$879,$4714,$24,$154,$35,$189,$-20,$-38,$0,$-9,$-70,$143,$-83,$0,$1,$0,$-39,$-39,$0,$-121,$15,$0,$15,$6,$6,$-17,$-38,$-34,$-33,$16,$-17
1,2018-06-30,19.68,$7.30,2.7,$15.02,1.31,$0.44,45.12,$-2.14,0.0,$2.61B,$0.34B,7.78,$3.15B,$0.90B,3.51,$1.83B,$0.49B,26.68%,$1.83B,$0.19B,10.26%,$1.83B,$0.19B,10.26%,$1.83B,$0.39B,21.39%,$1.83B,$-0.03B,-1.47%,$1.83B,$-0.26B,-13.91%,$-0.26B,$0.90B,-26.49%,$-0.26B,$0.71B,-33.22%,$-0.26B,$4.73B,-5.33%,$0.19B,$4.04B,4.59%,$492,$348,$144,$0,$79,$427,$65,$-42,$23,$-27,$50,$50,$36,$116,$65,$123,127,$0.30,$0.29,$1692,$451,$32,$2605,$1033,$0,$188,$36,$2128,$4733,$335,$3147,$95,$3501,$3836,$1,$-347,$-496,$897,$4733,$9,$104,$27,$131,$-33,$-14,$0,$-31,$-109,$31,$-55,$0,$0,$0,$0,$0,$-14,$-69,$20,$0,$20,$6,$6,$-12,$-38,$-24,$-77,$9,$-12
2,2018-03-31,18.4,$8.43,2.18,$14.53,1.27,$0.67,27.63,$-2.41,0.0,$2.62B,$0.32B,8.2,$3.12B,$1.03B,3.02,$1.76B,$0.44B,24.97%,$1.76B,$0.16B,8.80%,$1.76B,$0.16B,8.80%,$1.76B,$0.36B,20.26%,$1.76B,$-0.07B,-3.80%,$1.76B,$-0.29B,-16.35%,$-0.29B,$1.03B,-27.90%,$-0.29B,$0.84B,-34.64%,$-0.29B,$4.86B,-5.94%,$0.16B,$4.16B,3.78%,$442,$327,$115,$0,$76,$428,$14,$-50,$-36,$5,$-41,$-41,$-44,$67,$14,$122,122,$-0.36,$-0.36,$1729,$470,$31,$2623,$1120,$0,$192,$27,$2235,$4858,$320,$3124,$98,$3505,$3825,$1,$-377,$-358,$1033,$4858,$-41,$53,$41,$94,$1,$-9,$0,$-1,$-57,$-4,$-28,$0,$0,$0,$0,$0,$0,$-28,$-6,$0,$-6,$2,$2,$-6,$-5,$-15,$-40,$7,$-6
3,2017-12-31,20.41,$8.37,2.44,$14.15,1.44,$0.77,26.4,$-2.40,0.0,$2.64B,$0.35B,7.48,$3.13B,$1.02B,3.08,$1.70B,$0.39B,22.85%,$1.70B,$0.14B,8.13%,$1.70B,$0.14B,8.13%,$1.70B,$0.34B,19.73%,$1.70B,$-0.09B,-5.12%,$1.70B,$-0.29B,-16.78%,$-0.29B,$1.02B,-26.89%,$-0.29B,$0.82B,-33.41%,$-0.29B,$4.86B,-5.85%,$0.14B,$4.14B,3.39%,$464,$340,$124,$0,$62,$402,$62,$-59,$3,$-2,$5,$5,$0,$114,$62,$120,120,$0.01,$0.01,$1769,$473,$0,$2639,$1115,$0,$198,$23,$2225,$4864,$353,$3125,$97,$3496,$3849,$1,$-327,$-403,$1015,$4864,$-272,$197,$257,$454,$-50,$60,$0,$-28,$-16,$166,$-91,$0,$674,$0,$0,$0,$0,$583,$247,$-150,$97,$13,$13,$-23,$-63,$24,$868,$31,$-23
4,2017-09-30,20.97,$7.57,2.77,$9.89,2.12,$0.15,143.9,$-1.40,0.0,$2.52B,$0.30B,8.44,$3.13B,$0.91B,3.45,$1.19B,$0.27B,22.69%,$1.19B,$0.04B,3.53%,$1.19B,$0.04B,3.53%,$1.19B,$0.24B,19.83%,$1.19B,$-0.18B,-14.79%,$1.19B,$-0.16B,-13.78%,$-0.16B,$0.91B,-14.98%,$-0.16B,$0.70B,-18.61%,$-0.16B,$4.69B,-3.35%,$0.04B,$4.04B,1.04%,$435,$329,$106,$0,$59,$388,$47,$-64,$-17,$11,$-28,$-28,$-247,$95,$47,$119,119,$-2.07,$-2.07,$1711,$459,$0,$2524,$1069,$0,$203,$22,$2167,$4691,$299,$3129,$96,$3486,$3785,$1,$-321,$-474,$906,$4691,$-274,$145,$244,$389,$-29,$46,$0,$-11,$-21,$94,$-63,$0,$1325,$0,$0,$0,$0,$1262,$247,$-150,$97,$1,$1,$-17,$-61,$20,$1460,$26,$-17
5,2017-06-30,14.99,$9.88,1.52,$9.16,1.64,$-0.51,0.0,$0.32,46.83,$1.32B,$0.55B,2.4,$2.89B,$1.18B,2.46,$1.09B,$0.21B,19.38%,$1.09B,$-0.01B,-0.46%,$1.09B,$-0.01B,-0.46%,$1.09B,$0.16B,14.63%,$1.09B,$-0.22B,-19.65%,$1.09B,$0.05B,4.20%,$0.05B,$1.18B,4.11%,$0.05B,$0.97B,5.11%,$0.05B,$4.99B,0.93%,$-0.01B,$4.06B,-0.12%,$421,$326,$95,$0,$63,$389,$32,$-49,$-17,$0,$-17,$-17,$3,$81,$32,$119,124,$0.02,$0.02,$305,$506,$0,$1322,$1816,$0,$210,$23,$3672,$4994,$550,$2886,$106,$3269,$3819,$1,$-69,$-454,$1175,$4994,$-33,$97,$-16,$81,$-35,$36,$0,$-8,$-3,$45,$-40,$0,$0,$0,$0,$0,$0,$-40,$-8,$0,$-8,$0,$0,$-12,$-11,$-31,$54,$21,$-12
6,2017-03-31,18.24,$9.74,1.87,$10.40,1.75,$-0.43,0.0,$-0.12,0.0,$1.25B,$0.51B,2.44,$2.89B,$1.14B,2.52,$1.21B,$0.18B,14.53%,$1.21B,$-0.03B,-2.31%,$1.21B,$-0.03B,-2.31%,$1.21B,$0.15B,12.39%,$1.21B,$-0.24B,-19.65%,$1.21B,$-0.01B,-0.74%,$-0.01B,$1.14B,-0.84%,$-0.01B,$0.93B,-1.06%,$-0.01B,$4.92B,-0.18%,$-0.03B,$4.03B,-0.71%,$378,$315,$63,$0,$67,$381,$-3,$-53,$-56,$-3,$-53,$-53,$-41,$45,$-3,$117,117,$-0.35,$-0.35,$267,$510,$0,$1245,$1816,$0,$217,$24,$3677,$4922,$510,$2887,$106,$3268,$3778,$1,$-66,$-480,$1144,$4922,$-38,$48,$-2,$46,$-10,$26,$0,$4,$-6,$2,$-20,$0,$0,$0,$0,$0,$0,$-20,$-4,$0,$-4,$0,$0,$-6,$-2,$-12,$16,$13,$-6
7,2016-12-31,10.17,$9.91,1.03,$11.27,0.9,$-0.55,0.0,$-0.55,0.0,$2.74B,$0.56B,4.86,$2.89B,$1.15B,2.51,$1.31B,$0.13B,10.24%,$1.31B,$-0.06B,-4.28%,$1.31B,$-0.06B,-4.28%,$1.31B,$0.13B,10.08%,$1.31B,$-0.26B,-20.17%,$1.31B,$-0.06B,-4.66%,$-0.06B,$1.15B,-5.80%,$-0.06B,$0.93B,-7.42%,$-0.06B,$4.96B,-1.24%,$-0.06B,$4.04B,-1.42%,$-44,$-50,$6,$0,$41,$-10,$-34,$-52,$-86,$-153,$67,$67,$121,$15,$-34,$116,116,$1.05,$1.05,$251,$499,$0,$2738,$1092,$0,$223,$20,$2226,$4964,$564,$2888,$93,$3247,$3811,$1,$-19,$-497,$1153,$4964,$-60,$188,$-142,$46,$-21,$107,$0,$-5,$100,$86,$-86,$0,$0,$0,$0,$0,$2,$-84,$-31,$0,$-31,$0,$0,$-46,$-1,$-78,$19,$24,$-46
8,2016-09-30,9.2,$8.66,1.06,$11.07,0.83,$-1.40,0.0,$-2.33,0.0,$1.20B,$0.53B,2.26,$2.89B,$1.01B,2.87,$1.29B,$0.05B,3.81%,$1.29B,$-0.14B,-11.12%,$1.29B,$-0.14B,-11.12%,$1.29B,$0.03B,2.33%,$1.29B,$-0.34B,-26.28%,$1.29B,$-0.28B,-22.01%,$-0.28B,$1.01B,-27.19%,$-0.28B,$0.78B,-35.12%,$-0.28B,$4.93B,-5.73%,$-0.14B,$3.90B,-3.63%,$339,$291,$48,$0,$47,$339,$0,$-56,$-56,$6,$-62,$-62,$-37,$19,$0,$116,116,$-0.33,$-0.33,$205,$558,$0,$1202,$1850,$0,$226,$24,$3723,$4925,$533,$2889,$189,$3385,$3918,$1,$-129,$-525,$1007,$4925,$-183,$139,$-26,$113,$-3,$94,$0,$-3,$83,$13,$-59,$0,$0,$0,$0,$0,$1,$-58,$-27,$0,$-27,$0,$0,$-40,$-1,$-68,$-27,$18,$-40
9,2016-06-30,4.31,$8.61,0.5,$13.13,0.33,$-1.83,0.0,$-2.50,0.0,$1.20B,$0.54B,2.25,$2.89B,$1.00B,2.89,$1.52B,$0.04B,2.63%,$1.52B,$-0.16B,-10.78%,$1.52B,$-0.16B,-10.78%,$1.52B,$0.08B,4.93%,$1.52B,$-0.33B,-21.35%,$1.52B,$-0.31B,-20.11%,$-0.31B,$1.00B,-27.37%,$-0.31B,$0.77B,-34.91%,$-0.31B,$4.89B,-6.08%,$-0.16B,$3.89B,-4.07%,$538,$479,$59,$0,$51,$529,$9,$-49,$-40,$10,$-50,$-50,$-52,$71,$9,$116,116,$-0.44,$-0.44,$191,$566,$0,$1204,$1832,$0,$232,$23,$3689,$4893,$535,$2889,$184,$3358,$3893,$1,$-84,$-553,$1000,$4893,$-144,$120,$17,$137,$-13,$87,$20,$-2,$76,$69,$-55,$0,$0,$0,$0,$0,$1,$-54,$-23,$0,$-23,$0,$0,$-35,$0,$-58,$-41,$10,$-35
10,2016-03-31,6.18,$9.01,0.69,$13.84,0.45,$-2.65,0.0,$-3.11,0.0,$1.17B,$0.50B,2.36,$2.89B,$1.05B,2.76,$1.60B,$0.01B,0.31%,$1.60B,$-0.22B,-13.93%,$1.60B,$-0.22B,-13.93%,$1.60B,$0.03B,2.00%,$1.60B,$-0.39B,-24.48%,$1.60B,$-0.37B,-23.30%,$-0.37B,$1.05B,-29.83%,$-0.37B,$0.81B,-37.23%,$-0.37B,$4.91B,-7.17%,$-0.22B,$3.94B,-5.33%,$476,$455,$21,$0,$50,$507,$-31,$-51,$-82,$12,$-94,$-94,$-93,$27,$-31,$116,116,$-0.80,$-0.80,$155,$616,$0,$1174,$1859,$0,$238,$24,$3733,$4907,$497,$2891,$182,$3364,$3861,$1,$-28,$-555,$1046,$4907,$-94,$58,$13,$71,$26,$36,$0,$3,$24,$1,$-33,$0,$0,$0,$0,$0,$1,$-32,$-19,$0,$-19,$0,$0,$-30,$0,$-49,$-77,$5,$-30
11,2015-12-31,3.62,$9.60,0.38,$13.07,0.28,$-3.21,0.0,$-2.75,0.0,$1.30B,$0.55B,2.37,$2.91B,$1.11B,2.62,$1.51B,$0.02B,1.26%,$1.51B,$-0.20B,-13.31%,$1.51B,$-0.20B,-13.31%,$1.51B,$0.06B,4.17%,$1.51B,$-0.35B,-23.11%,$1.51B,$-0.33B,-21.79%,$-0.33B,$1.11B,-23.45%,$-0.33B,$0.87B,-28.66%,$-0.33B,$5.03B,-6.16%,$-0.20B,$4.02B,-4.62%,$-67,$12,$-79,$0,$28,$54,$-121,$-39,$-160,$-6,$-154,$-154,$-101,$-87,$-121,$116,116,$-0.87,$-0.87,$234,$630,$0,$1301,$1843,$0,$244,$23,$3726,$5027,$548,$2910,$175,$3369,$3917,$1,$93,$-596,$1110,$5027,$-317,$264,$-51,$213,$10,$154,$0,$3,$171,$67,$-165,$0,$-1650,$0,$0,$0,$1,$-1814,$732,$0,$732,$3,$3,$-117,$-16,$602,$-1047,$22,$-117
12,2015-09-30,3.85,$11.38,0.34,$17.15,0.22,$-2.77,0.0,$-4.37,0.0,$1.39B,$0.52B,2.66,$2.96B,$1.32B,2.25,$1.98B,$0.15B,7.69%,$1.98B,$-0.09B,-4.30%,$1.98B,$-0.08B,-4.05%,$1.98B,$0.22B,11.03%,$1.98B,$-0.21B,-10.67%,$1.98B,$-0.50B,-25.49%,$-0.50B,$1.32B,-32.05%,$-0.50B,$1.06B,-38.46%,$-0.50B,$5.30B,-9.43%,$-0.09B,$4.28B,-1.94%,$575,$536,$39,$0,$55,$596,$-21,$-22,$-43,$11,$-54,$-54,$-60,$64,$-21,$116,116,$-0.52,$-0.52,$149,$715,$0,$1385,$1903,$0,$252,$72,$3911,$5296,$521,$2961,$176,$3459,$3980,$1,$212,$-531,$1316,$5296,$-218,$230,$-3,$227,$-36,$90,$-35,$5,$36,$45,$-141,$0,$-1653,$0,$0,$0,$0,$-1794,$737,$0,$737,$3,$3,$-88,$-15,$637,$-1131,$17,$-88
13,2015-06-30,12.52,$13.22,0.95,$15.92,0.79,$-2.08,0.0,$-4.67,0.0,$1.53B,$0.56B,2.74,$2.97B,$1.53B,1.94,$1.83B,$0.18B,9.89%,$1.83B,$-0.05B,-2.89%,$1.83B,$-0.05B,-2.62%,$1.83B,$0.24B,12.83%,$1.83B,$-0.22B,-11.85%,$1.83B,$-0.54B,-29.33%,$-0.54B,$1.53B,-30.08%,$-0.54B,$1.27B,-35.42%,$-0.54B,$5.59B,-10.02%,$-0.05B,$4.50B,-1.19%,$617,$593,$24,$0,$72,$667,$-50,$-57,$-107,$11,$-118,$-118,$-119,$28,$-50,$116,116,$-1.03,$-1.03,$210,$780,$0,$1532,$1967,$0,$260,$75,$4060,$5592,$560,$2967,$178,$3503,$4063,$1,$302,$-432,$1529,$5592,$-164,$145,$18,$163,$-52,$53,$0,$8,$14,$13,$-93,$0,$-1653,$0,$0,$0,$0,$-1746,$741,$0,$741,$3,$3,$-59,$-15,$670,$-1071,$13,$-59
14,2015-03-31,17.17,$14.35,1.2,$14.88,1.15,$-1.67,0.0,$-3.64,0.0,$2.84B,$0.28B,10.0,$2.97B,$1.66B,1.79,$1.70B,$0.22B,12.73%,$1.70B,$0.01B,0.70%,$1.70B,$0.02B,1.00%,$1.70B,$0.31B,18.13%,$1.70B,$-0.13B,-7.81%,$1.70B,$-0.42B,-24.53%,$-0.42B,$1.66B,-21.07%,$-0.42B,$1.39B,-24.47%,$-0.42B,$5.44B,-7.81%,$0.01B,$4.63B,0.27%,$385,$350,$35,$0,$44,$394,$-9,$-30,$-39,$7,$-46,$-46,$-49,$58,$-9,$115,115,$-0.42,$-0.42,$1747,$754,$0,$2840,$1185,$0,$265,$61,$2596,$5436,$284,$2970,$166,$3494,$3778,$1,$451,$-443,$1658,$5436,$-46,$67,$-3,$64,$-25,$-4,$0,$8,$-83,$-65,$-32,$0,$0,$0,$0,$0,$-600,$-632,$595,$0,$595,$3,$3,$-29,$0,$569,$-137,$6,$-29
15,2014-12-31,19.92,$15.53,1.28,$15.23,1.31,$-1.21,0.0,$-3.73,0.0,$2.38B,$0.37B,6.51,$2.38B,$1.79B,1.33,$1.74B,$0.21B,11.92%,$1.74B,$-0.00B,0.00%,$1.74B,$0.00B,0.29%,$1.74B,$0.31B,17.56%,$1.74B,$-0.15B,-8.58%,$1.74B,$-0.43B,-24.58%,$-0.43B,$1.79B,-19.79%,$-0.43B,$1.52B,-22.77%,$-0.43B,$5.07B,-7.91%,$-0.00B,$4.16B,0.00%,$400,$346,$54,$0,$54,$405,$-5,$-17,$-22,$253,$-275,$-275,$-276,$68,$0,$114,114,$-2.41,$-2.41,$1279,$770,$0,$2381,$1227,$0,$272,$61,$2684,$5065,$366,$2375,$160,$2911,$3277,$1,$529,$-396,$1788,$5065,$-417,$305,$280,$585,$23,$-101,$0,$9,$-27,$141,$-187,$0,$0,$0,$0,$0,$0,$-187,$-20,$0,$-20,$6,$6,$-116,$-2,$-132,$-199,$20,$-116
16,2014-09-30,21.49,$18.89,1.14,$15.57,1.38,$0.65,33.22,$-1.39,0.0,$2.51B,$0.33B,7.6,$2.38B,$2.17B,1.1,$1.77B,$0.21B,11.68%,$1.77B,$0.01B,0.51%,$1.77B,$0.01B,0.51%,$1.77B,$0.31B,17.26%,$1.77B,$-0.11B,-6.26%,$1.77B,$-0.16B,-8.91%,$-0.16B,$2.17B,-6.81%,$-0.16B,$1.89B,-7.78%,$-0.16B,$5.35B,-2.84%,$0.01B,$4.55B,0.19%,$429,$361,$68,$0,$47,$418,$11,$-60,$-49,$41,$-90,$-90,$-93,$81,$11,$115,115,$-0.82,$-0.82,$1345,$778,$0,$2508,$1201,$0,$279,$64,$2839,$5347,$330,$2380,$162,$2851,$3181,$1,$835,$-325,$2166,$5347,$-142,$232,$37,$269,$-4,$-42,$0,$2,$-38,$89,$-106,$0,$0,$0,$0,$0,$0,$-106,$-16,$0,$-16,$5,$5,$-87,$-2,$-100,$-133,$17,$-87
17,2014-06-30,22.0,$20.34,1.08,$16.15,1.36,$1.73,12.72,$-1.00,0.0,$2.58B,$0.35B,7.33,$2.39B,$2.32B,1.03,$1.84B,$0.19B,10.52%,$1.84B,$0.01B,0.38%,$1.84B,$0.01B,0.38%,$1.84B,$0.33B,17.82%,$1.84B,$-0.10B,-5.18%,$1.84B,$-0.11B,-6.21%,$-0.11B,$2.32B,-4.73%,$-0.11B,$2.04B,-5.40%,$-0.11B,$5.57B,-2.01%,$0.01B,$4.71B,0.15%,$490,$430,$60,$0,$45,$475,$15,$-38,$-23,$-25,$2,$2,$0,$102,$15,$114,114,$0.00,$0.00,$1375,$754,$0,$2580,$1228,$0,$286,$70,$2986,$5566,$352,$2386,$164,$2891,$3243,$1,$957,$-296,$2323,$5566,$-52,$162,$-19,$143,$-64,$2,$0,$7,$-56,$35,$-67,$0,$0,$0,$0,$0,$0,$-67,$-11,$0,$-11,$2,$2,$-58,$-2,$-69,$-103,$11,$-58
18,2014-03-31,19.24,$20.71,0.93,$16.48,1.17,$2.01,9.57,$-1.11,0.0,$2.57B,$0.33B,7.78,$2.39B,$2.36B,1.02,$1.87B,$0.18B,9.79%,$1.87B,$0.00B,0.05%,$1.87B,$0.00B,0.05%,$1.87B,$0.31B,16.63%,$1.87B,$-0.07B,-3.85%,$1.87B,$-0.13B,-6.79%,$-0.13B,$2.36B,-5.13%,$-0.13B,$2.06B,-5.85%,$-0.13B,$5.61B,-2.21%,$0.00B,$4.75B,0.02%,$418,$393,$25,$0,$46,$439,$-21,$-34,$-55,$-1,$-54,$-54,$-58,$54,$-21,$114,114,$-0.51,$-0.51,$1403,$754,$0,$2567,$1245,$0,$293,$78,$3039,$5606,$330,$2390,$160,$2921,$3251,$1,$986,$-286,$2355,$5606,$-54,$75,$10,$85,$-21,$4,$0,$10,$-50,$-19,$-24,$0,$0,$0,$0,$0,$0,$-24,$-5,$0,$-5,$1,$1,$-29,$0,$-33,$-75,$5,$-29
19,2013-12-31,18.48,$21.47,0.86,$16.95,1.09,$1.98,9.32,$-1.10,0.0,$2.65B,$0.36B,7.31,$2.40B,$2.44B,0.98,$1.92B,$0.19B,9.89%,$1.92B,$0.00B,0.16%,$1.92B,$0.00B,0.16%,$1.92B,$0.31B,16.29%,$1.92B,$-0.06B,-3.17%,$1.92B,$-0.13B,-6.56%,$-0.13B,$2.44B,-4.92%,$-0.13B,$2.14B,-5.60%,$-0.13B,$5.70B,-2.16%,$0.00B,$4.83B,0.06%,$436,$382,$54,$0,$50,$432,$4,$12,$16,$19,$-3,$-3,$-7,$69,$4,$113,113,$-0.07,$-0.07,$1478,$759,$0,$2653,$1258,$0,$300,$80,$3046,$5699,$363,$2395,$152,$2899,$3262,$1,$1073,$-284,$2437,$5699,$-90,$310,$19,$329,$58,$75,$0,$-1,$91,$330,$-165,$0,$0,$0,$0,$0,$1,$-164,$756,$0,$756,$2,$2,$-115,$-29,$614,$762,$18,$-115
20,2013-09-30,19.38,$22.16,0.87,$17.86,1.09,$0.11,169.72,$-1.86,0.0,$2.70B,$0.32B,8.37,$2.39B,$2.52B,0.95,$1.97B,$0.08B,3.81%,$1.97B,$-0.09B,-4.78%,$1.97B,$-0.09B,-4.78%,$1.97B,$0.39B,19.97%,$1.97B,$-0.20B,-10.06%,$1.97B,$-0.21B,-10.77%,$-0.21B,$2.52B,-7.93%,$-0.21B,$2.22B,-9.00%,$-0.21B,$5.79B,-3.66%,$-0.09B,$4.91B,-1.93%,$491,$437,$54,$0,$45,$482,$9,$-42,$-33,$8,$-41,$-41,$-49,$102,$9,$113,113,$-0.43,$-0.43,$1457,$734,$0,$2704,$1276,$0,$306,$82,$3081,$5785,$323,$2386,$157,$2941,$3264,$1,$1109,$-243,$2521,$5785,$-87,$245,$33,$278,$0,$106,$0,$-22,$19,$210,$-104,$0,$0,$0,$0,$0,$0,$-104,$760,$0,$760,$1,$1,$-86,$-29,$646,$741,$16,$-86
21,2013-06-30,15.78,$22.83,0.69,$17.51,0.9,$-0.95,0.0,$-1.57,0.0,$2.65B,$0.34B,7.9,$2.39B,$2.59B,0.92,$1.96B,$0.06B,3.26%,$1.96B,$-0.12B,-6.11%,$1.96B,$-0.12B,-6.11%,$1.96B,$0.35B,17.62%,$1.96B,$-0.20B,-10.18%,$1.96B,$-0.17B,-8.45%,$-0.17B,$2.59B,-5.87%,$-0.17B,$2.28B,-6.61%,$-0.17B,$5.85B,-2.88%,$-0.12B,$4.98B,-2.49%,$525,$475,$50,$0,$41,$516,$9,$-9,$0,$1,$-1,$-1,$-13,$86,$9,$113,113,$-0.11,$-0.11,$1389,$749,$0,$2654,$1309,$0,$313,$80,$3193,$5847,$336,$2390,$145,$2921,$3257,$1,$1187,$-245,$2590,$5847,$-46,$152,$7,$159,$-49,$90,$0,$-7,$-34,$79,$-79,$0,$0,$0,$0,$0,$0,$-79,$765,$0,$765,$1,$1,$-57,$-28,$681,$673,$11,$-57
22,2013-03-31,15.34,$23.78,0.65,$17.78,0.86,$-2.04,0.0,$12.21,1.26,$2.71B,$0.38B,7.13,$2.40B,$2.70B,0.89,$1.87B,$0.14B,7.44%,$1.87B,$-0.11B,-5.73%,$1.87B,$-0.11B,-5.73%,$1.87B,$0.32B,17.02%,$1.87B,$0.86B,46.04%,$1.87B,$0.99B,53.05%,$0.99B,$2.70B,32.44%,$0.99B,$2.38B,36.21%,$0.99B,$6.02B,17.72%,$-0.11B,$5.09B,-2.31%,$470,$438,$32,$0,$51,$489,$-19,$-25,$-44,$1,$-45,$-45,$-57,$56,$-19,$113,113,$-0.50,$-0.50,$1375,$850,$0,$2710,$1360,$0,$318,$81,$3305,$6015,$380,$2396,$154,$2939,$3319,$1,$1228,$-185,$2696,$6015,$-45,$75,$23,$98,$-36,$24,$0,$6,$-54,$-1,$-45,$0,$0,$0,$0,$0,$0,$-45,$766,$0,$766,$1,$1,$-29,$-28,$710,$659,$5,$-29
23,2012-12-31,13.97,$25.45,0.55,$19.15,0.73,$-2.23,0.0,$13.81,1.01,$2.17B,$0.47B,4.65,$1.61B,$2.88B,0.56,$1.83B,$0.26B,14.41%,$1.83B,$0.03B,1.36%,$1.83B,$0.03B,1.36%,$1.83B,$0.40B,21.72%,$1.83B,$1.01B,55.02%,$1.83B,$1.13B,61.90%,$1.13B,$2.88B,43.73%,$1.13B,$2.56B,49.80%,$1.13B,$5.51B,24.84%,$0.03B,$4.49B,0.67%,$482,$543,$-61,$0,$32,$575,$-93,$-28,$-121,$-25,$-96,$-96,$-93,$149,$-93,$99,101,$-3.20,$-2.97,$716,$914,$0,$2173,$1423,$0,$326,$59,$3338,$5511,$467,$1605,$159,$2162,$2629,$1,$1314,$-95,$2882,$5511,$1133,$373,$-1162,$-789,$88,$-220,$0,$16,$-220,$124,$-166,$0,$114,$0,$0,$0,$0,$-52,$1122,$0,$1122,$-340,$-340,$-61,$-231,$490,$562,$32,$-61
24,2012-09-30,17.06,$27.76,0.61,$17.60,0.97,$-3.14,0.0,$15.48,1.1,$2.22B,$0.44B,5.11,$1.61B,$3.14B,0.51,$1.73B,$0.47B,26.83%,$1.73B,$0.22B,12.58%,$1.73B,$0.22B,12.58%,$1.73B,$0.37B,21.41%,$1.73B,$1.21B,69.94%,$1.73B,$1.29B,74.61%,$1.29B,$3.14B,62.75%,$1.29B,$2.83B,74.10%,$1.29B,$5.67B,35.90%,$0.22B,$4.75B,7.56%,$487,$444,$43,$0,$60,$504,$-17,$-18,$-35,$-34,$-1,$-1,$-3,$55,$-17,$122,122,$-0.03,$-0.03,$774,$1033,$0,$2222,$1556,$0,$312,$63,$3444,$5666,$435,$1608,$128,$2088,$2523,$1,$1435,$-22,$3143,$5666,$1229,$131,$-1028,$-897,$117,$-217,$0,$7,$-257,$75,$-91,$0,$0,$0,$0,$0,$114,$23,$1107,$0,$1107,$-340,$-340,$-32,$-213,$522,$620,$29,$-32
25,2012-06-30,17.97,$27.70,0.65,$19.50,0.92,$-5.43,0.0,$16.87,1.07,$1.84B,$0.51B,3.57,$0.71B,$3.50B,0.2,$1.71B,$0.57B,33.02%,$1.71B,$0.33B,19.52%,$1.71B,$0.33B,19.52%,$1.71B,$0.44B,25.60%,$1.71B,$1.34B,78.14%,$1.71B,$1.40B,81.53%,$1.40B,$3.50B,95.63%,$1.40B,$3.18B,123.29%,$1.40B,$5.18B,54.02%,$0.33B,$4.21B,16.82%,$429,$304,$125,$0,$103,$407,$22,$1038,$1060,$-84,$1144,$1144,$1144,$58,$22,$85,88,$13.46,$13.00,$186,$1124,$0,$1836,$1545,$0,$318,$46,$3347,$5182,$514,$712,$111,$1169,$1683,$1,$1467,$-34,$3499,$5182,$1230,$59,$-1072,$-1013,$50,$-215,$0,$-1,$-264,$-47,$-48,$0,$-1,$0,$0,$0,$115,$66,$223,$0,$223,$-2,$-2,$0,$-213,$8,$32,$27,$0
26,2012-03-31,25.94,$11.24,2.31,$20.09,1.29,$-7.83,0.0,$4.03,6.43,$1.00B,$0.30B,3.38,$0.55B,$0.85B,0.65,$1.71B,$0.56B,32.63%,$1.71B,$0.40B,23.22%,$1.71B,$0.40B,23.22%,$1.71B,$0.49B,28.42%,$1.71B,$0.35B,20.58%,$1.71B,$0.32B,18.54%,$0.32B,$0.85B,42.59%,$0.32B,$0.54B,78.27%,$0.32B,$1.90B,18.92%,$0.40B,$1.40B,33.11%,$434,$277,$157,$0,$44,$321,$113,$-9,$104,$18,$86,$86,$86,$136,$113,$75,79,$1.14,$1.10,$223,$404,$0,$1000,$559,$0,$307,$37,$904,$1903,$295,$552,$47,$760,$1055,$0,$328,$-50,$848,$1903,$86,$23,$10,$33,$-73,$-93,$0,$0,$-145,$-26,$-21,$0,$0,$0,$0,$0,$0,$-21,$129,$0,$129,$1,$1,$0,$-19,$111,$69,$7,$0
27,2011-12-31,17.86,$6.64,2.69,$15.88,1.12,$-8.29,0.0,$2.94,6.08,$0.77B,$0.28B,2.74,$0.42B,$0.75B,0.56,$1.65B,$0.46B,28.10%,$1.65B,$0.32B,19.50%,$1.65B,$0.32B,19.50%,$1.65B,$0.41B,24.53%,$1.65B,$0.89B,54.15%,$1.65B,$0.87B,52.88%,$0.87B,$0.75B,129.29%,$0.87B,$0.43B,273.24%,$0.87B,$1.66B,55.91%,$0.32B,$1.17B,29.31%,$383,$243,$140,$0,$40,$282,$100,$-17,$83,$17,$66,$66,$66,$123,$100,$116,119,$2.11,$2.03,$154,$311,$0,$769,$504,$0,$325,$12,$888,$1657,$281,$421,$42,$624,$905,$0,$242,$-57,$752,$1657,$873,$84,$-916,$-832,$-68,$-79,$0,$64,$-61,$-20,$-139,$0,$0,$0,$0,$0,$1,$-138,$179,$0,$179,$1,$1,$0,$-7,$173,$12,$14,$0
28,2011-09-30,11.61,$9.77,1.19,$20.56,0.56,$-6.19,0.0,$2.09,5.57,$0.68B,$0.28B,2.44,$0.42B,$0.74B,0.57,$1.59B,$0.39B,24.15%,$1.59B,$0.28B,17.25%,$1.59B,$0.28B,17.25%,$1.59B,$0.35B,21.96%,$1.59B,$0.77B,48.24%,$1.59B,$0.77B,48.18%,$0.77B,$0.74B,232.90%,$0.77B,$0.38B,1390.05%,$0.77B,$1.59B,54.02%,$0.28B,$1.16B,36.52%,$465,$322,$143,$0,$54,$366,$99,$-9,$90,$-9,$99,$99,$99,$122,$99,$75,79,$1.32,$1.25,$131,$218,$0,$684,$519,$0,$359,$26,$904,$1588,$280,$423,$39,$572,$852,$0,$175,$-3,$736,$1588,$807,$62,$-927,$-865,$-80,$14,$0,$56,$-7,$-66,$-126,$0,$0,$0,$0,$0,$1,$-126,$188,$0,$188,$1,$1,$0,$-8,$182,$-11,$8,$0
