,Date,Stock Price,Book Value per Share,Price to Book Ratio,TTM Sales per Share,Price to Sales Ratio,TTM FCF per Share,Price to FCF Ratio,TTM Net EPS,PE Ratio,Current Assets,Current Liabilities,Current Ratio,Long Term Debt,Shareholder's Equity_x,Debt to Equity Ratio,TTM Revenue_x,TTM Gross Profit,Gross Margin,TTM Revenue_y,TTM Operating Income,Operating Margin,TTM Revenue_x,TTM EBIT,EBIT Margin,TTM Revenue_y,TTM EBITDA,EBITDA Margin,TTM Revenue_x,TTM Pre-Tax Income,Pre-Tax Margin,TTM Revenue_y,TTM Net Income_x,Net Margin,TTM Net Income_y,Shareholder's Equity_y,Return on Equity,TTM Net Income_x,Tangible Equity,Return on Tangible Equity,TTM Net Income_y,Total Assets,Return on Assets,TTM Net Income,LT Investments & Debt,Return on Investment,revenue,cost-goods-sold,gross-profit,research-development-expenses,selling-general-administrative-expenses,operating-expenses,operating-income,total-non-operating-income-expense,pre-tax-income,total-provision-income-taxes,income-after-taxes,income-from-continuous-operations,net-income,ebitda,ebit,basic-shares-outstanding,shares-outstanding,eps-basic-net-earnings-per-share,eps-earnings-per-share-diluted,cash-on-hand,inventory,other-current-assets,total-current-assets,net-property-plant-equipment,long-term-investments,goodwill-intangible-assets-total,other-long-term-assets,total-long-term-assets,total-assets,total-current-liabilities,long-term-debt,other-non-current-liabilities,total-long-term-liabilities,total-liabilities,common-stock-net,retained-earnings-accumulated-deficit,comprehensive-income,total-share-holder-equity,total-liabilities-share-holders-equity,net-income-loss,total-depreciation-amortization-cash-flow,other-non-cash-items,total-non-cash-items,change-in-accounts-receivable,change-in-inventories,change-in-accounts-payable,change-in-assets-liabilities,total-change-in-assets-liabilities,cash-flow-from-operating-activities,net-change-in-property-plant-equipment,net-change-in-intangible-assets,net-acquisitions-divestitures,net-change-in-short-term-investments,net-change-in-long-term-investments,net-change-in-investments-total,investing-activities-other,cash-flow-from-investing-activities,net-long-term-debt,net-current-debt,debt-issuance-retirement-net-total,net-common-equity-issued-repurchased,net-total-equity-issued-repurchased,total-common-preferred-stock-dividends-paid,financial-activities-other,cash-flow-from-financial-activities,net-cash-flow,stock-based-compensation,common-stock-dividends-paid
0,2018-09-30,40.46,$25.07,1.61,$11.73,3.45,$0.17,237.58,$2.90,13.95,$3.91B,$8.39B,0.47,$32.31B,$19.87B,1.63,$10.43B,$7.70B,73.77%,$10.43B,$3.67B,35.19%,$10.43B,$3.67B,35.19%,$10.43B,$5.31B,50.85%,$10.43B,$2.57B,24.64%,$10.43B,$2.58B,24.75%,$2.58B,$22.91B,11.65%,$2.58B,$11.10B,24.83%,$2.58B,$72.08B,3.68%,$3.67B,$55.23B,6.88%,$2416,$677,$1739,$0,$97,$1336,$1079,$-201,$879,$92,$787,$787,$710,$1500,$1079,$906,907,$0.78,$0.78,$843,$292,$768,$3913,$48382,$5958,$11812,$1065,$68170,$72083,$8390,$32311,$4011,$40780,$49169,$17567,$1774,$-1033,$22914,$72083,$2142,$1277,$137,$1414,$0,$0,$0,$-100,$-100,$3457,$-4955,$0,$0,$0,$-595,$-595,$-31,$-5581,$837,$1459,$2295,$872,$872,$-974,$-96,$2098,$9,$0,$-883
1,2018-06-30,43.2,$25.13,1.72,$12.02,3.59,$4.20,10.29,$2.67,16.18,$4.21B,$8.08B,0.52,$32.45B,$19.64B,1.65,$10.61B,$7.77B,73.23%,$10.61B,$3.53B,33.24%,$10.61B,$3.53B,33.24%,$10.61B,$5.20B,49.01%,$10.61B,$2.40B,22.60%,$10.61B,$2.36B,22.25%,$2.36B,$22.72B,10.88%,$2.36B,$10.72B,24.54%,$2.36B,$71.75B,3.40%,$3.53B,$55.17B,6.74%,$2476,$637,$1839,$0,$118,$1242,$1234,$-416,$818,$119,$699,$699,$608,$1667,$1234,$896,896,$0.68,$0.68,$1217,$312,$688,$4208,$47621,$5960,$11999,$1055,$67544,$71752,$8084,$32447,$4083,$40948,$49032,$17348,$1566,$-879,$22720,$71752,$1372,$856,$146,$1002,$0,$0,$0,$119,$119,$2493,$-3130,$0,$0,$0,$-420,$-420,$80,$-3470,$1007,$376,$1383,$608,$608,$-632,$-53,$1306,$373,$0,$-572
2,2018-03-31,40.65,$25.02,1.62,$12.00,3.39,$7.85,5.18,$2.74,14.84,$3.62B,$9.45B,0.38,$30.20B,$19.15B,1.58,$10.52B,$7.57B,71.90%,$10.52B,$3.17B,30.15%,$10.52B,$3.17B,30.15%,$10.52B,$4.79B,45.52%,$10.52B,$2.60B,24.67%,$10.52B,$2.41B,22.88%,$2.41B,$22.30B,11.51%,$2.41B,$10.26B,27.78%,$2.41B,$70.43B,3.57%,$3.17B,$52.50B,6.27%,$2709,$692,$2018,$0,$119,$1643,$1067,$-284,$782,$96,$687,$687,$581,$1490,$1067,$885,886,$0.66,$0.55,$1002,$304,$568,$3621,$46928,$5829,$12033,$1055,$66803,$70425,$9450,$30202,$4102,$38679,$48129,$17171,$1471,$-1070,$22296,$70425,$687,$423,$171,$594,$0,$0,$0,$-164,$-164,$1117,$-1347,$0,$0,$0,$-283,$-283,$154,$-1476,$-896,$1434,$537,$269,$269,$-314,$-16,$476,$141,$0,$-283
3,2017-12-31,47.23,$23.55,2.01,$11.89,3.97,$7.89,5.99,$2.64,17.89,$3.61B,$7.62B,0.47,$29.99B,$17.67B,1.7,$10.37B,$7.36B,70.96%,$10.37B,$3.13B,30.14%,$10.37B,$3.13B,30.14%,$10.37B,$4.71B,45.42%,$10.37B,$2.55B,24.58%,$10.37B,$2.31B,22.29%,$2.31B,$20.74B,11.39%,$2.31B,$9.51B,29.41%,$2.31B,$66.42B,3.47%,$3.13B,$50.74B,6.21%,$2833,$732,$2101,$0,$101,$2541,$292,$-200,$92,$-662,$754,$754,$683,$649,$292,$872,874,$0.79,$0.78,$840,$292,$533,$3610,$44183,$5617,$11238,$1061,$62808,$66418,$7619,$29994,$3894,$38055,$45675,$16328,$1252,$-1335,$20744,$66418,$2619,$1585,$41,$1626,$-444,$-29,$116,$147,$-211,$4034,$-1594,$0,$0,$0,$-1297,$-1297,$37,$-2853,$-2655,$3476,$821,$-718,$-718,$-1152,$-45,$-1095,$56,$0,$-1033
4,2017-09-30,47.52,$24.00,1.98,$12.16,3.91,$5.16,9.21,$1.55,30.66,$4.63B,$9.08B,0.51,$29.86B,$17.80B,1.68,$10.21B,$7.05B,69.07%,$10.21B,$3.81B,37.35%,$10.21B,$3.81B,37.35%,$10.21B,$5.41B,53.03%,$10.21B,$2.47B,24.20%,$10.21B,$1.36B,13.31%,$1.36B,$20.97B,6.71%,$1.36B,$7.97B,18.35%,$1.36B,$68.95B,2.04%,$3.81B,$50.83B,7.51%,$2587,$779,$1808,$0,$101,$1655,$932,$-227,$705,$150,$555,$555,$488,$1392,$932,$873,875,$0.56,$0.56,$1136,$311,$593,$4634,$44556,$5712,$12999,$1044,$64312,$68946,$9081,$29856,$2599,$38893,$47974,$16552,$1056,$-1261,$20972,$68946,$1951,$1228,$64,$1292,$0,$0,$0,$-179,$-179,$3064,$-986,$0,$0,$0,$-910,$-910,$112,$-1784,$-63,$983,$920,$-928,$-928,$-876,$-42,$-926,$326,$0,$-784
5,2017-06-30,45.36,$22.51,2.02,$12.70,3.57,$2.81,16.17,$0.86,52.75,$3.64B,$7.48B,0.49,$28.63B,$16.64B,1.72,$10.41B,$7.13B,68.47%,$10.41B,$2.94B,28.26%,$10.41B,$2.94B,28.26%,$10.41B,$4.48B,43.02%,$10.41B,$1.52B,14.59%,$10.41B,$0.77B,7.37%,$0.77B,$19.60B,3.94%,$0.77B,$6.92B,11.65%,$0.77B,$64.19B,1.16%,$2.94B,$48.23B,5.70%,$2392,$754,$1638,$0,$114,$1512,$881,$137,$1017,$292,$725,$725,$655,$1258,$881,$870,872,$0.75,$0.75,$1108,$292,$669,$3643,$41611,$5280,$12687,$971,$60548,$64192,$7476,$28628,$2496,$37114,$44589,$15279,$930,$-959,$19602,$64192,$1301,$768,$8,$776,$0,$0,$0,$-103,$-103,$1975,$591,$0,$0,$0,$-495,$-495,$9,$106,$-3460,$3162,$-297,$-869,$-869,$-524,$-22,$-1713,$353,$0,$-467
6,2017-03-31,43.48,$22.94,1.9,$12.99,3.35,$0.17,249.2,$0.51,85.26,$6.05B,$6.90B,0.88,$31.77B,$16.88B,1.88,$10.15B,$7.04B,69.34%,$10.15B,$2.93B,28.83%,$10.15B,$2.93B,28.83%,$10.15B,$4.45B,43.85%,$10.15B,$1.06B,10.43%,$10.15B,$0.40B,3.89%,$0.40B,$19.89B,2.18%,$0.40B,$7.05B,5.66%,$0.40B,$66.98B,0.61%,$2.93B,$51.66B,5.72%,$2562,$748,$1814,$0,$122,$1540,$1022,$-286,$736,$151,$585,$585,$486,$1413,$1022,$866,868,$0.56,$0.56,$676,$290,$694,$6047,$41825,$5260,$12843,$1001,$60929,$66976,$6902,$31767,$2564,$40186,$47087,$15345,$842,$-750,$19888,$66976,$585,$391,$125,$516,$0,$0,$0,$-117,$-117,$984,$-1179,$0,$0,$0,$-145,$-145,$178,$-1145,$-794,$2004,$1210,$-897,$-897,$-256,$9,$66,$-92,$0,$-227
7,2016-12-31,42.12,$23.74,1.77,$12.68,3.32,$0.62,67.71,$0.21,200.56,$6.11B,$5.80B,1.05,$31.90B,$17.51B,1.82,$9.45B,$6.56B,69.45%,$9.45B,$2.38B,25.16%,$9.45B,$2.38B,25.16%,$9.45B,$3.84B,40.67%,$9.45B,$0.63B,6.69%,$9.45B,$0.09B,0.98%,$0.09B,$20.51B,0.57%,$0.09B,$7.69B,1.31%,$0.09B,$66.50B,0.15%,$2.38B,$52.42B,5.04%,$2667,$875,$1791,$0,$113,$1688,$978,$-966,$12,$206,$-194,$-194,$-270,$1350,$978,$759,760,$-0.42,$-0.42,$767,$278,$686,$6105,$41140,$5427,$12826,$998,$60391,$66496,$5800,$31902,$2495,$40183,$45983,$15179,$859,$-725,$20513,$66496,$366,$1464,$1810,$3275,$-364,$-66,$320,$297,$187,$3828,$-3777,$0,$-10277,$0,$-578,$-578,$446,$-14185,$5082,$-248,$4833,$5840,$6953,$-1160,$-48,$10578,$125,$0,$-1084
8,2016-09-30,43.96,$22.36,1.97,$12.19,3.61,$0.77,56.91,$-2.07,0.0,$4.14B,$4.69B,0.88,$36.14B,$15.59B,2.32,$8.91B,$7.60B,85.21%,$8.91B,$-0.55B,-6.18%,$8.91B,$-0.55B,-6.18%,$8.91B,$0.92B,10.32%,$8.91B,$-1.93B,-21.64%,$8.91B,$-1.46B,-16.40%,$-1.46B,$17.89B,-9.84%,$-1.46B,$4.69B,-20.42%,$-1.46B,$66.93B,-2.61%,$-0.55B,$54.03B,-1.26%,$2786,$903,$1883,$0,$104,$2726,$60,$-307,$-247,$-204,$-43,$-43,$-104,$456,$60,$797,798,$-0.13,$-0.13,$1749,$325,$711,$4139,$43108,$5452,$13196,$1032,$62788,$66927,$4694,$36137,$2573,$44344,$49038,$12640,$1528,$-718,$17889,$66927,$570,$1093,$829,$1922,$0,$0,$0,$21,$21,$2513,$-2497,$0,$-10437,$0,$-437,$-437,$568,$-12804,$8852,$-77,$8775,$3316,$3693,$-946,$-38,$11484,$1097,$0,$-889
9,2016-06-30,41.42,$20.33,2.04,$11.87,3.49,$0.50,83.41,$-1.50,0.0,$3.58B,$7.64B,0.47,$32.14B,$11.97B,2.68,$8.38B,$6.86B,81.84%,$8.38B,$0.10B,1.16%,$8.38B,$0.10B,1.16%,$8.38B,$1.47B,17.49%,$8.38B,$-1.15B,-13.73%,$8.38B,$-1.03B,-12.33%,$-1.03B,$14.30B,-7.15%,$-1.03B,$8.47B,-12.15%,$-1.03B,$60.23B,-1.99%,$0.10B,$46.43B,0.24%,$2135,$585,$1550,$0,$99,$1269,$866,$-308,$558,$213,$345,$345,$283,$1232,$866,$703,703,$0.40,$0.40,$1340,$306,$753,$3576,$35017,$4770,$5828,$11043,$56658,$60234,$7644,$32139,$2113,$38295,$45939,$9409,$1999,$-760,$14295,$60234,$620,$697,$201,$898,$0,$0,$0,$107,$107,$1625,$-1406,$0,$-775,$0,$-220,$-220,$-9605,$-12007,$7789,$251,$8039,$3383,$3765,$-627,$-14,$11164,$681,$0,$-591
10,2016-03-31,35.66,$18.52,1.93,$11.85,3.01,$0.14,262.19,$-1.41,0.0,$3.02B,$5.20B,0.58,$22.77B,$11.18B,2.04,$8.39B,$6.48B,77.25%,$8.39B,$-0.06B,-0.69%,$8.39B,$-0.06B,-0.69%,$8.39B,$1.31B,15.56%,$8.39B,$-1.10B,-13.16%,$8.39B,$-0.95B,-11.29%,$-0.95B,$13.00B,-6.26%,$-0.95B,$7.52B,-10.37%,$-0.95B,$46.63B,-1.91%,$-0.06B,$35.77B,-0.15%,$1857,$521,$1336,$0,$103,$1385,$472,$-163,$309,$51,$258,$258,$184,$803,$472,$702,703,$0.26,$0.26,$902,$260,$847,$3016,$32412,$4868,$5483,$846,$43609,$46625,$5203,$22772,$1981,$28420,$33623,$8820,$1891,$-728,$13002,$46625,$258,$331,$231,$562,$0,$0,$0,$-58,$-58,$762,$-605,$0,$-725,$0,$-124,$-124,$15,$-1439,$463,$857,$1320,$-8,$-8,$-283,$-28,$1002,$283,$0,$-266
11,2015-12-31,29.23,$0.00,0.0,$12.56,2.33,$-0.14,0.0,$-1.22,0.0,$3.07B,$5.73B,0.54,$24.65B,$12.27B,2.01,$8.91B,$6.37B,71.44%,$8.91B,$0.24B,2.66%,$8.91B,$0.24B,2.66%,$8.91B,$1.62B,18.16%,$8.91B,$-0.87B,-9.73%,$8.91B,$-0.79B,-8.87%,$-0.79B,$14.23B,-4.89%,$-0.79B,$7.96B,-7.89%,$-0.79B,$50.53B,-1.56%,$0.24B,$38.88B,0.62%,$2136,$-691,$2827,$0,$4438,$4085,$-1949,$-603,$-2549,$-515,$-2035,$-1825,$-1825,$-1571,$-1949,$708,708,$-2.60,$-2.60,$666,$253,$1060,$3067,$0,$5144,$6271,$928,$12343,$50528,$5725,$24651,$1896,$30577,$36302,$9483,$2170,$0,$14226,$50528,$-893,$1383,$0,$1383,$0,$0,$0,$0,$-312,$3224,$-3070,$0,$-185,$0,$0,$-386,$29,$-3612,$0,$-1083,$3022,$0,$-19,$-1205,$-132,$583,$283,$0,$0
12,2015-09-30,28.01,$0.00,0.0,$12.48,2.24,$-0.46,0.0,$1.90,14.74,$2.91B,$5.27B,0.55,$22.45B,$14.34B,1.57,$8.86B,$3.24B,36.60%,$8.86B,$1.42B,15.98%,$8.86B,$1.42B,15.98%,$8.86B,$2.78B,31.39%,$8.86B,$2.33B,26.27%,$8.86B,$1.40B,15.78%,$1.40B,$16.25B,8.09%,$1.40B,$10.07B,12.50%,$1.40B,$50.32B,2.71%,$1.42B,$38.70B,3.67%,$2253,$1108,$1146,$0,$102,$1546,$708,$-177,$531,$171,$361,$325,$325,$1002,$708,$709,710,$0.44,$0.44,$578,$237,$988,$2909,$0,$4427,$6180,$952,$11558,$50321,$5267,$22450,$1736,$28804,$34071,$9351,$4281,$0,$16250,$50321,$1098,$1005,$0,$1005,$0,$0,$0,$0,$-289,$2278,$-2460,$0,$0,$0,$0,$-232,$353,$-2339,$0,$-634,$1664,$0,$0,$-1007,$219,$243,$204,$0,$0
13,2015-06-30,35.58,$0.00,0.0,$12.35,2.88,$0.75,47.51,$2.03,17.53,$3.05B,$5.88B,0.52,$20.00B,$15.02B,1.33,$8.78B,$3.65B,41.54%,$8.78B,$1.78B,20.32%,$8.78B,$1.78B,20.32%,$8.78B,$3.23B,36.77%,$8.78B,$2.48B,28.27%,$8.78B,$1.50B,17.08%,$1.50B,$17.05B,8.31%,$1.50B,$11.00B,12.45%,$1.50B,$50.92B,2.88%,$1.78B,$37.05B,4.59%,$2140,$970,$1169,$0,$100,$1428,$711,$-107,$605,$203,$402,$369,$369,$1071,$711,$709,710,$0.49,$0.49,$480,$233,$1189,$3046,$0,$4665,$6055,$1022,$11741,$50916,$5875,$20002,$3334,$27990,$33865,$9935,$4522,$0,$17051,$50916,$783,$711,$0,$711,$0,$0,$0,$0,$0,$1406,$-1441,$0,$0,$0,$0,$-161,$-17,$-1619,$0,$0,$-1532,$0,$0,$-702,$2516,$282,$82,$0,$0
14,2015-03-31,37.05,$0.00,0.0,$12.23,3.03,$1.50,24.74,$2.08,17.81,$4.13B,$6.63B,0.62,$20.80B,$15.12B,1.38,$8.69B,$3.90B,44.92%,$8.69B,$2.02B,23.29%,$8.69B,$2.02B,23.29%,$8.69B,$3.48B,40.03%,$8.69B,$2.46B,28.31%,$8.69B,$1.51B,17.41%,$1.51B,$17.14B,8.19%,$1.51B,$11.07B,11.97%,$1.51B,$51.57B,2.91%,$2.02B,$37.93B,5.12%,$2385,$1160,$1226,$0,$108,$1619,$767,$-158,$546,$167,$379,$340,$340,$1117,$767,$709,710,$0.45,$0.45,$1472,$226,$1284,$4129,$0,$4634,$6072,$1008,$11714,$51570,$6632,$20795,$2510,$27799,$34431,$9869,$4442,$0,$17139,$51570,$379,$351,$0,$351,$0,$0,$0,$0,$-318,$614,$-651,$0,$0,$0,$0,$-75,$50,$-676,$0,$-821,$1840,$0,$-276,$-18,$390,$1115,$1076,$0,$0
15,2014-12-31,42.18,$0.00,0.0,$12.59,3.35,$1.81,23.33,$2.16,19.53,$3.21B,$6.87B,0.47,$21.86B,$16.67B,1.31,$8.94B,$4.58B,51.23%,$8.94B,$2.69B,30.10%,$8.94B,$2.69B,30.10%,$8.94B,$4.15B,46.44%,$8.94B,$2.56B,28.63%,$8.94B,$1.55B,17.33%,$1.55B,$18.71B,8.21%,$1.55B,$12.61B,11.74%,$1.55B,$53.41B,3.00%,$2.69B,$40.57B,6.70%,$2081,$2380,$-299,$0,$104,$2851,$-770,$1187,$645,$181,$464,$364,$364,$-409,$-770,$709,709,$0.52,$0.52,$443,$265,$1310,$3208,$0,$5072,$6105,$1175,$12353,$53412,$6872,$21855,$1192,$27826,$34698,$11056,$4964,$0,$18714,$53412,$1806,$1460,$0,$1460,$0,$0,$0,$0,$-171,$3696,$-3770,$0,$-218,$0,$0,$-232,$466,$-3755,$0,$0,$303,$0,$332,$-1304,$332,$-338,$-397,$0,$0
16,2014-09-30,43.9,$0.00,0.0,$12.63,3.48,$0.83,52.82,$2.17,20.23,$3.09B,$6.05B,0.51,$20.59B,$17.17B,1.2,$8.96B,$5.93B,66.26%,$8.96B,$4.05B,45.23%,$8.96B,$4.05B,45.23%,$8.96B,$5.55B,61.91%,$8.96B,$2.57B,28.68%,$8.96B,$1.56B,17.45%,$1.56B,$19.25B,8.20%,$1.56B,$13.50B,11.52%,$1.56B,$52.55B,3.04%,$4.05B,$39.83B,10.00%,$2169,$620,$1549,$0,$104,$1094,$1075,$-474,$685,$220,$465,$426,$426,$1448,$1075,$714,714,$0.57,$0.57,$642,$245,$1013,$3085,$0,$5322,$5750,$1443,$12515,$52549,$6047,$20586,$1943,$27256,$33303,$11214,$4928,$0,$19247,$52549,$1349,$1099,$0,$1099,$0,$0,$0,$0,$230,$3071,$-2389,$0,$0,$0,$0,$-179,$-131,$-2698,$0,$0,$1269,$0,$-987,$-123,$-738,$-580,$-211,$0,$0
17,2014-06-30,40.31,$0.00,0.0,$12.58,3.2,$-0.62,0.0,$2.25,17.92,$2.74B,$5.13B,0.54,$20.94B,$16.74B,1.25,$8.90B,$5.59B,62.75%,$8.90B,$3.69B,41.48%,$8.90B,$3.69B,41.48%,$8.90B,$5.16B,57.91%,$8.90B,$2.58B,28.99%,$8.90B,$1.62B,18.17%,$1.62B,$18.81B,8.51%,$1.62B,$13.37B,11.79%,$1.62B,$50.16B,3.21%,$3.69B,$39.76B,9.15%,$2054,$627,$1427,$0,$109,$1102,$952,$-362,$584,$151,$433,$383,$383,$1322,$952,$708,708,$0.54,$0.54,$520,$231,$963,$2744,$0,$5244,$5439,$1476,$12159,$50164,$5132,$20943,$793,$26220,$31352,$11155,$4808,$0,$18812,$50164,$881,$726,$0,$726,$0,$0,$0,$0,$72,$1924,$-1429,$0,$0,$0,$0,$-118,$-107,$-1654,$0,$-479,$365,$0,$0,$-735,$235,$-614,$-330,$0,$0
18,2014-03-31,38.09,$0.00,0.0,$12.44,3.06,$-2.00,0.0,$2.22,17.16,$3.14B,$4.59B,0.69,$21.88B,$16.62B,1.32,$8.80B,$5.20B,59.12%,$8.80B,$3.33B,37.86%,$8.80B,$3.33B,37.86%,$8.80B,$4.77B,54.16%,$8.80B,$2.49B,28.31%,$8.80B,$1.59B,18.06%,$1.59B,$18.66B,8.32%,$1.59B,$13.31B,11.41%,$1.59B,$50.37B,3.16%,$3.33B,$40.54B,8.34%,$2632,$731,$1901,$0,$112,$1199,$1433,$-774,$644,$201,$444,$376,$376,$1789,$1433,$708,708,$0.53,$0.53,$680,$214,$873,$3144,$0,$5265,$5355,$1548,$12168,$50372,$4589,$21877,$878,$27119,$31709,$11039,$4690,$0,$18663,$50372,$444,$357,$0,$357,$0,$0,$0,$0,$-112,$889,$-706,$0,$0,$0,$0,$-81,$-21,$-808,$0,$-678,$533,$0,$227,$-354,$0,$-272,$-162,$0,$0
19,2013-12-31,37.85,$0.00,0.0,$11.84,3.2,$-2.57,0.0,$2.31,16.38,$3.06B,$5.21B,0.59,$22.30B,$17.80B,1.25,$8.37B,$4.50B,53.70%,$8.37B,$2.62B,31.29%,$8.37B,$2.62B,31.29%,$8.37B,$4.06B,48.53%,$8.37B,$2.45B,29.27%,$8.37B,$1.67B,19.89%,$1.67B,$19.56B,8.67%,$1.67B,$14.07B,11.77%,$1.67B,$52.36B,3.34%,$2.62B,$41.86B,6.66%,$2101,$1044,$1057,$0,$88,$1509,$591,$-59,$656,$201,$455,$378,$378,$986,$591,$707,707,$0.53,$0.53,$900,$244,$823,$3057,$0,$5594,$5489,$1685,$12769,$52357,$5205,$22298,$860,$27592,$32796,$11802,$4950,$0,$19560,$52357,$1856,$1443,$0,$1443,$0,$0,$0,$0,$-317,$3569,$-4333,$0,$-210,$0,$0,$-158,$-272,$-4974,$0,$-1478,$2882,$0,$638,$0,$-299,$1743,$365,$0,$0
20,2013-09-30,36.08,$0.00,0.0,$11.82,3.05,$-0.10,0.0,$2.21,16.32,$2.34B,$4.58B,0.51,$20.30B,$17.28B,1.18,$8.35B,$4.08B,48.83%,$8.35B,$2.57B,30.77%,$8.35B,$2.57B,30.77%,$8.35B,$3.96B,47.38%,$8.35B,$2.26B,27.11%,$8.35B,$1.59B,19.05%,$1.59B,$19.02B,8.42%,$1.59B,$14.12B,11.36%,$1.59B,$48.92B,3.25%,$2.57B,$39.33B,6.72%,$2116,$913,$1202,$0,$133,$1399,$717,$-26,$697,$183,$514,$481,$481,$1059,$717,$707,708,$0.65,$0.65,$621,$229,$612,$2341,$0,$5193,$4902,$1852,$11947,$48923,$4582,$20303,$1010,$25320,$29901,$11681,$4813,$0,$19022,$48923,$1380,$1048,$0,$1048,$0,$0,$0,$0,$-243,$2565,$-2916,$0,$-148,$0,$0,$-97,$-257,$-3419,$0,$-595,$1624,$0,$57,$-974,$823,$935,$90,$0,$0
21,2013-06-30,35.04,$0.00,0.0,$11.84,2.96,$1.80,19.43,$2.08,16.85,$2.70B,$6.57B,0.41,$18.84B,$17.43B,1.08,$8.36B,$4.24B,50.71%,$8.36B,$2.53B,30.31%,$8.36B,$2.53B,30.31%,$8.36B,$3.93B,47.03%,$8.36B,$2.11B,25.29%,$8.36B,$1.48B,17.69%,$1.48B,$19.21B,7.88%,$1.48B,$14.23B,10.65%,$1.48B,$49.74B,3.05%,$2.53B,$38.05B,6.71%,$1954,$910,$1044,$0,$104,$1362,$592,$-108,$495,$96,$399,$355,$355,$934,$592,$707,708,$0.51,$0.51,$659,$219,$798,$2703,$0,$5291,$4972,$1878,$12141,$49743,$6574,$18840,$1126,$23963,$30537,$11859,$4737,$0,$19206,$49743,$880,$707,$0,$707,$0,$0,$0,$0,$-317,$1512,$-1992,$0,$-54,$0,$0,$-69,$-160,$-2276,$0,$546,$34,$0,$626,$-720,$375,$862,$120,$0,$0
22,2013-03-31,38.53,$0.00,0.0,$11.61,3.32,$3.30,11.67,$1.95,19.76,$2.43B,$5.42B,0.45,$19.14B,$17.22B,1.11,$8.19B,$4.26B,52.00%,$8.19B,$2.50B,30.49%,$8.19B,$2.50B,30.49%,$8.19B,$3.89B,47.54%,$8.19B,$2.01B,24.57%,$8.19B,$1.41B,17.17%,$1.41B,$19.02B,7.60%,$1.41B,$14.14B,10.33%,$1.41B,$48.67B,2.94%,$2.50B,$38.16B,6.67%,$2202,$1009,$1193,$0,$108,$1482,$720,$-151,$603,$114,$488,$451,$451,$1084,$720,$707,706,$0.62,$0.62,$440,$229,$740,$2433,$0,$5356,$4880,$1901,$12137,$48671,$5417,$19138,$1126,$24235,$29652,$12016,$4773,$0,$19019,$48671,$488,$364,$0,$364,$0,$0,$0,$0,$-208,$701,$-922,$0,$-32,$0,$0,$0,$-20,$-974,$0,$-823,$715,$0,$613,$-313,$-35,$158,$-107,$0,$0
23,2012-12-31,37.72,$0.00,0.0,$11.25,3.35,$3.91,9.65,$1.84,20.5,$2.83B,$5.88B,0.48,$19.02B,$17.12B,1.11,$7.93B,$4.31B,54.29%,$7.93B,$2.50B,31.47%,$7.93B,$2.50B,31.47%,$7.93B,$3.87B,48.80%,$7.93B,$1.94B,24.43%,$7.93B,$1.31B,16.56%,$1.31B,$18.35B,7.18%,$1.31B,$13.54B,9.82%,$1.31B,$48.36B,2.77%,$2.50B,$37.37B,6.71%,$2078,$1441,$638,$0,$-248,$1539,$540,$-172,$469,$119,$351,$304,$304,$879,$540,$705,705,$0.43,$0.43,$551,$224,$998,$2826,$0,$5369,$4804,$1630,$11803,$48362,$5884,$19024,$1151,$24130,$30015,$12076,$4690,$0,$18347,$48362,$1473,$1376,$0,$1376,$0,$0,$0,$0,$287,$3573,$-2597,$0,$0,$0,$0,$-867,$205,$-3258,$0,$0,$961,$0,$53,$-1417,$0,$-403,$-103,$0,$0
24,2012-09-30,35.93,$0.00,0.0,$11.66,3.08,$3.53,10.18,$1.94,18.52,$2.57B,$4.78B,0.54,$18.97B,$17.26B,1.1,$8.22B,$5.06B,61.53%,$8.22B,$2.76B,33.58%,$8.22B,$2.76B,33.58%,$8.22B,$4.18B,50.83%,$8.22B,$2.00B,24.35%,$8.22B,$1.40B,17.03%,$1.40B,$18.49B,7.58%,$1.40B,$13.61B,10.52%,$1.40B,$47.15B,2.94%,$2.76B,$37.46B,7.36%,$2126,$761,$1364,$0,$339,$1443,$682,$-145,$547,$135,$413,$369,$369,$1035,$682,$705,706,$0.52,$0.52,$496,$215,$977,$2565,$0,$5545,$4881,$1636,$12062,$47152,$4784,$18967,$322,$23874,$28658,$12103,$4712,$0,$18494,$47152,$1129,$1037,$0,$1037,$0,$0,$0,$0,$80,$2557,$-1562,$0,$0,$0,$0,$-560,$82,$-2039,$0,$-343,$709,$0,$35,$-960,$-101,$-660,$-161,$0,$0
25,2012-06-30,32.76,$0.00,0.0,$12.07,2.71,$3.34,9.81,$1.99,16.46,$2.77B,$5.35B,0.52,$18.67B,$16.95B,1.1,$8.50B,$5.21B,61.23%,$8.50B,$2.92B,34.29%,$8.50B,$2.92B,34.29%,$8.50B,$4.37B,51.41%,$8.50B,$2.03B,23.88%,$8.50B,$1.43B,16.82%,$1.43B,$18.16B,7.66%,$1.43B,$13.17B,10.75%,$1.43B,$47.08B,2.97%,$2.92B,$36.83B,7.71%,$1783,$720,$1063,$0,$165,$1228,$555,$-167,$393,$84,$309,$282,$282,$895,$555,$704,705,$0.38,$0.38,$485,$233,$1058,$2767,$0,$5412,$4991,$1636,$12039,$47084,$5345,$18669,$295,$23581,$28927,$11917,$4588,$0,$18158,$47084,$706,$684,$0,$684,$0,$0,$0,$0,$-154,$1431,$-853,$0,$0,$0,$0,$-409,$42,$-1220,$0,$583,$-274,$0,$18,$-628,$-67,$-369,$-162,$0,$0
26,2012-03-31,33.28,$0.00,0.0,$12.77,2.61,$3.21,10.37,$2.14,15.55,$2.73B,$4.71B,0.58,$18.94B,$17.01B,1.11,$8.99B,$5.57B,61.90%,$8.99B,$3.20B,35.60%,$8.99B,$3.20B,35.60%,$8.99B,$4.71B,52.44%,$8.99B,$2.19B,24.35%,$8.99B,$1.54B,17.10%,$1.54B,$18.23B,8.13%,$1.54B,$13.21B,11.49%,$1.54B,$46.81B,3.19%,$3.20B,$37.16B,8.39%,$1947,$706,$1242,$0,$179,$1228,$720,$-151,$529,$129,$400,$359,$359,$1063,$720,$704,705,$0.51,$0.51,$196,$239,$1233,$2732,$0,$5288,$5021,$1652,$11961,$46811,$4709,$18937,$308,$23875,$28583,$12004,$4662,$0,$18227,$46811,$400,$343,$0,$343,$0,$0,$0,$0,$-169,$671,$-463,$0,$0,$0,$0,$-216,$-7,$-686,$0,$-46,$-56,$0,$14,$-309,$-33,$-430,$-457,$0,$0
27,2011-12-31,33.45,$0.00,0.0,$13.39,2.5,$3.24,10.32,$2.26,14.8,$3.68B,$5.95B,0.62,$19.66B,$17.78B,1.11,$9.41B,$5.92B,62.90%,$9.41B,$3.42B,36.33%,$9.41B,$3.42B,36.33%,$9.41B,$4.96B,52.76%,$9.41B,$2.31B,24.58%,$9.41B,$1.63B,17.33%,$1.63B,$19.01B,8.61%,$1.63B,$13.26B,12.31%,$1.63B,$49.58B,3.39%,$3.42B,$38.68B,8.97%,$2366,$976,$1390,$0,$204,$1562,$804,$-217,$533,$120,$413,$390,$390,$1186,$804,$703,704,$0.53,$0.53,$774,$421,$1208,$3684,$0,$0,$5756,$1422,$7178,$49583,$5951,$19663,$4140,$24618,$30568,$12155,$4707,$0,$19014,$49583,$1732,$1546,$0,$1546,$0,$0,$0,$0,$314,$4021,$-3313,$0,$0,$0,$0,$0,$-14,$-3327,$0,$0,$300,$0,$59,$-1028,$-28,$-698,$1,$0,$0
28,2011-09-30,30.72,$0.00,0.0,$13.02,2.36,$-0.49,0.0,$2.12,14.49,$3.08B,$5.76B,0.53,$19.24B,$18.00B,1.07,$9.12B,$5.83B,63.94%,$9.12B,$3.20B,35.04%,$9.12B,$3.20B,35.04%,$9.12B,$4.70B,51.56%,$9.12B,$2.19B,23.95%,$9.12B,$1.53B,16.74%,$1.53B,$19.26B,8.25%,$1.53B,$13.56B,11.83%,$1.53B,$48.84B,3.25%,$3.20B,$38.49B,8.56%,$2405,$895,$1510,$0,$276,$1569,$836,$-304,$575,$136,$439,$399,$399,$1226,$836,$703,704,$0.57,$0.57,$610,$438,$811,$3077,$0,$0,$5699,$1451,$7150,$48837,$5762,$19237,$3786,$23819,$29581,$12262,$4677,$0,$19256,$48837,$1319,$1164,$0,$1164,$0,$0,$0,$0,$196,$3042,$-2184,$0,$0,$0,$0,$0,$78,$-2106,$0,$-261,$-398,$0,$40,$-722,$219,$-1122,$-172,$0,$0
29,2011-06-30,32.94,$0.00,0.0,$12.64,2.61,$-3.54,0.0,$2.09,15.76,$2.85B,$4.71B,0.61,$19.06B,$17.84B,1.07,$8.82B,$5.64B,63.95%,$8.82B,$3.08B,34.86%,$8.82B,$3.08B,34.86%,$8.82B,$4.50B,50.99%,$8.82B,$2.13B,24.14%,$8.82B,$1.52B,17.17%,$1.52B,$19.11B,8.42%,$1.52B,$13.47B,12.28%,$1.52B,$47.42B,3.29%,$3.08B,$38.16B,8.36%,$2272,$850,$1423,$0,$191,$1432,$840,$-230,$552,$144,$408,$389,$389,$1239,$840,$702,703,$0.53,$0.53,$484,$441,$715,$2846,$0,$0,$5633,$1498,$7130,$47424,$4708,$19056,$3821,$23610,$28318,$12374,$4633,$0,$19106,$47424,$889,$774,$0,$774,$0,$0,$0,$0,$101,$1973,$-1487,$0,$0,$0,$0,$0,$10,$-1477,$0,$-429,$-247,$0,$26,$-411,$276,$-785,$-306,$0,$0
30,2011-03-31,30.15,$0.00,0.0,$12.10,2.49,$-5.37,0.0,$1.96,15.38,$2.87B,$5.20B,0.55,$18.76B,$17.07B,1.1,$8.41B,$5.33B,63.42%,$8.41B,$2.81B,33.40%,$8.41B,$2.81B,33.40%,$8.41B,$4.17B,49.57%,$8.41B,$1.95B,23.19%,$8.41B,$1.41B,16.78%,$1.41B,$18.31B,8.04%,$1.41B,$12.67B,11.91%,$1.41B,$46.64B,3.11%,$2.81B,$37.07B,7.76%,$2363,$770,$1593,$0,$281,$1426,$937,$-197,$652,$181,$472,$452,$452,$1312,$937,$698,699,$0.63,$0.63,$584,$408,$611,$2874,$0,$0,$5637,$1507,$7144,$46644,$5199,$18763,$3675,$23137,$28336,$12027,$4488,$0,$18308,$46644,$472,$375,$0,$375,$0,$0,$0,$0,$91,$1023,$-795,$0,$0,$0,$0,$0,$5,$-790,$0,$135,$-338,$0,$21,$-203,$-26,$-411,$-191,$0,$0
31,2010-12-31,28.0,$0.00,0.0,$11.55,2.42,$-6.32,0.0,$1.76,15.91,$3.14B,$5.50B,0.57,$18.27B,$16.18B,1.13,$7.99B,$4.97B,62.17%,$7.99B,$2.52B,31.56%,$7.99B,$2.52B,31.56%,$7.99B,$3.84B,48.02%,$7.99B,$1.72B,21.48%,$7.99B,$1.26B,15.77%,$1.26B,$17.37B,7.37%,$1.26B,$11.93B,11.07%,$1.26B,$45.24B,2.84%,$2.52B,$35.63B,7.16%,$2083,$776,$1307,$0,$383,$1499,$584,$-126,$406,$93,$313,$287,$287,$927,$584,$695,696,$0.39,$0.39,$742,$413,$754,$3143,$0,$0,$5434,$1468,$6902,$45238,$5497,$18268,$3433,$22376,$27873,$11404,$4179,$0,$17365,$45238,$1235,$1315,$0,$1315,$0,$0,$0,$0,$-242,$2993,$-4890,$0,$0,$0,$0,$0,$-373,$-5263,$0,$460,$1748,$0,$685,$-841,$0,$2052,$-226,$0,$0
32,2010-09-30,27.04,$0.00,0.0,$11.62,2.33,$-7.88,0.0,$1.90,14.23,$3.31B,$4.41B,0.75,$19.06B,$16.00B,1.19,$8.00B,$5.75B,71.90%,$8.00B,$4.03B,50.37%,$8.00B,$4.03B,50.37%,$8.00B,$5.27B,65.91%,$8.00B,$3.40B,42.52%,$8.00B,$1.34B,16.76%,$1.34B,$17.18B,8.13%,$1.34B,$11.28B,12.47%,$1.34B,$44.86B,3.14%,$4.03B,$36.24B,11.84%,$2105,$786,$1319,$0,$290,$1389,$715,$-140,$520,$115,$404,$387,$387,$1021,$715,$692,693,$0.54,$0.54,$1053,$435,$743,$3311,$0,$0,$5899,$1435,$7334,$44856,$4410,$19060,$3344,$23266,$27676,$11189,$4152,$0,$17180,$44856,$952,$972,$0,$972,$0,$0,$0,$0,$-261,$2163,$-3430,$0,$0,$0,$0,$0,$-414,$-3844,$0,$0,$1719,$0,$19,$-546,$573,$1767,$93,$0,$0
33,2010-06-30,24.09,$0.00,0.0,$11.65,2.07,$-9.06,0.0,$1.82,13.24,$3.38B,$4.75B,0.71,$18.60B,$16.12B,1.15,$7.99B,$5.72B,71.68%,$7.99B,$3.96B,49.54%,$7.99B,$3.96B,49.54%,$7.99B,$4.89B,61.28%,$7.99B,$3.31B,41.48%,$7.99B,$1.27B,15.95%,$1.27B,$17.31B,7.97%,$1.27B,$11.50B,11.75%,$1.27B,$44.81B,3.06%,$3.96B,$35.91B,11.99%,$1859,$744,$1115,$0,$210,$1286,$573,$-214,$372,$63,$309,$285,$285,$909,$573,$689,690,$0.40,$0.40,$1179,$442,$685,$3378,$0,$0,$5816,$1444,$7259,$44808,$4746,$18597,$3233,$22752,$27497,$11217,$4103,$0,$17311,$44808,$582,$666,$0,$666,$0,$0,$0,$0,$-196,$1418,$-2208,$0,$0,$0,$0,$0,$-203,$-2411,$0,$0,$937,$0,$14,$-373,$607,$1186,$208,$0,$0
34,2010-03-31,26.19,$0.00,0.0,$12.28,2.13,$-7.91,0.0,$1.92,13.64,$2.80B,$5.63B,0.5,$16.63B,$15.68B,1.06,$8.21B,$6.69B,81.51%,$8.21B,$5.46B,66.57%,$8.21B,$5.46B,66.57%,$8.21B,$6.06B,73.89%,$8.21B,$5.02B,61.17%,$8.21B,$1.30B,15.80%,$1.30B,$16.53B,11.13%,$1.30B,$10.82B,16.27%,$1.30B,$42.69B,4.27%,$5.46B,$33.16B,22.75%,$1943,$718,$1226,$0,$246,$1293,$650,$-167,$418,$97,$321,$301,$301,$980,$650,$686,687,$0.43,$0.43,$707,$445,$768,$2797,$0,$0,$5709,$1402,$7111,$42689,$5625,$16632,$3024,$20533,$26157,$10979,$4043,$0,$16531,$42689,$291,$330,$0,$330,$0,$0,$0,$0,$105,$800,$-1226,$0,$0,$0,$0,$0,$-208,$-1434,$0,$415,$-143,$0,$9,$-181,$300,$400,$-251,$0,$0
35,2009-12-31,24.23,$0.00,0.0,$12.66,1.91,$-7.65,0.0,$1.94,12.49,$2.80B,$4.36B,0.64,$15.82B,$14.43B,1.1,$8.25B,$6.43B,77.95%,$8.25B,$5.50B,66.69%,$8.25B,$5.50B,66.69%,$8.25B,$6.05B,73.36%,$8.25B,$4.99B,60.47%,$8.25B,$1.27B,15.44%,$1.27B,$14.91B,12.56%,$1.27B,$9.39B,18.25%,$1.27B,$38.59B,4.48%,$5.50B,$30.73B,24.43%,$2090,$0,$2090,$0,$0,$0,$2090,$0,$2090,$0,$2090,$367,$367,$2361,$2090,$683,684,$0.53,$0.53,$878,$450,$617,$2795,$0,$0,$5513,$1342,$6855,$38593,$4357,$15823,$2853,$19331,$23687,$9981,$3685,$0,$14906,$38593,$1215,$1212,$0,$1212,$0,$0,$0,$0,$-79,$2632,$-5563,$0,$0,$0,$0,$0,$-523,$-6086,$0,$-215,$1974,$0,$2247,$-729,$0,$3276,$-274,$0,$0
36,2009-09-30,21.64,$0.00,0.0,$12.83,1.69,$-3.83,0.0,$1.79,12.09,$3.86B,$4.49B,0.86,$16.98B,$14.66B,1.16,$8.10B,$4.43B,54.69%,$8.10B,$3.26B,40.28%,$8.10B,$3.26B,40.28%,$8.10B,$3.80B,46.89%,$8.10B,$3.21B,39.65%,$8.10B,$1.14B,14.04%,$1.14B,$15.15B,12.02%,$1.14B,$11.64B,17.13%,$1.14B,$40.20B,4.05%,$3.26B,$32.13B,14.82%,$2093,$800,$1293,$0,$338,$1450,$643,$-168,$432,$97,$335,$321,$321,$643,$643,$681,682,$0.46,$0.46,$2190,$447,$460,$3856,$0,$0,$3510,$3438,$6947,$40200,$4487,$16975,$2926,$20560,$25047,$10243,$3702,$0,$15153,$40200,$904,$941,$0,$941,$0,$0,$0,$0,$330,$2360,$-4411,$0,$0,$0,$0,$0,$-482,$-4892,$0,$-553,$2596,$0,$2134,$-556,$0,$3621,$1000,$0,$0
37,2009-06-30,18.54,$0.00,0.0,$13.30,1.39,$-0.12,0.0,$1.97,9.41,$0.00B,$0.00B,0.0,$0.00B,$0.00B,0.0,$8.06B,$4.14B,51.41%,$8.06B,$3.34B,41.38%,$8.06B,$3.34B,41.38%,$8.06B,$4.14B,51.42%,$8.06B,$3.30B,40.89%,$8.06B,$1.19B,14.78%,$1.19B,$0.00B,13.98%,$1.19B,$0.00B,21.13%,$1.19B,$0.00B,4.49%,$3.34B,$0.00B,16.09%,$2079,$0,$2079,$0,$0,$0,$2079,$0,$2079,$0,$2079,$307,$307,$2079,$2079,$624,625,$0.50,$0.50,$0,$0,$0,$0,$0,$0,$0,$0,$0,$0,$0,$0,$0,$0,$0,$0,$0,$0,$0,$0,$0,$0,$0,$0,$0,$0,$0,$0,$0,$0,$0,$0,$0,$0,$0,$0,$0,$0,$0,$0,$0,$0,$0,$0,$0,$0,$0,$0,$0
38,2009-03-31,16.1,$0.00,0.0,$13.52,1.19,$0.60,27.01,$2.04,7.89,$3.70B,$3.18B,1.16,$16.73B,$10.52B,1.59,$7.98B,$3.34B,41.81%,$7.98B,$2.23B,27.94%,$7.98B,$2.23B,27.94%,$7.98B,$3.33B,41.80%,$7.98B,$1.68B,21.04%,$7.98B,$1.21B,15.11%,$1.21B,$10.52B,10.59%,$1.21B,$6.88B,15.45%,$1.21B,$34.90B,3.48%,$2.23B,$27.25B,8.25%,$1991,$1020,$971,$0,$0,$1298,$692,$-227,$390,$93,$297,$279,$279,$971,$692,$621,621,$0.45,$0.45,$1797,$387,$651,$3697,$0,$0,$3639,$3081,$6719,$34898,$3181,$16728,$2583,$21198,$24379,$7520,$3350,$0,$10519,$34898,$269,$279,$0,$279,$0,$0,$0,$0,$63,$679,$-904,$0,$-108,$0,$0,$0,$-160,$-1172,$0,$-738,$2092,$0,$9,$-126,$-22,$1216,$744,$0,$0
39,2008-12-31,18.25,$0.00,0.0,$14.23,1.28,$1.84,9.93,$2.41,7.57,$3.40B,$4.65B,0.73,$16.47B,$12.18B,1.35,$8.11B,$3.79B,46.77%,$8.11B,$2.67B,32.93%,$8.11B,$2.67B,32.93%,$8.11B,$3.79B,46.76%,$8.11B,$2.05B,25.29%,$8.11B,$1.37B,16.93%,$1.37B,$12.18B,12.12%,$1.37B,$8.03B,17.27%,$1.37B,$37.21B,4.05%,$2.67B,$28.65B,10.18%,$1933,$1848,$85,$0,$0,$2087,$-153,$436,$309,$70,$238,$230,$230,$103,$-153,$597,599,$0.39,$0.38,$1235,$462,$494,$3398,$0,$0,$4151,$2103,$6254,$37207,$4654,$16473,$1155,$20377,$25031,$8745,$3613,$0,$12176,$37207,$1359,$1122,$0,$1122,$0,$0,$0,$0,$-171,$2681,$-2958,$0,$-3048,$0,$0,$0,$-132,$-6139,$0,$1221,$1331,$0,$1706,$-133,$0,$4124,$759,$0,$0
40,2008-09-30,24.3,$0.00,0.0,$14.98,1.62,$4.42,5.5,$2.72,8.94,$2.63B,$3.42B,0.77,$15.64B,$11.38B,1.38,$8.32B,$5.04B,60.59%,$8.32B,$2.03B,24.36%,$8.32B,$2.03B,24.36%,$8.32B,$3.15B,37.82%,$8.32B,$2.26B,27.19%,$8.32B,$1.51B,18.18%,$1.51B,$11.38B,14.31%,$1.51B,$7.64B,19.87%,$1.51B,$33.93B,4.77%,$2.03B,$27.02B,8.35%,$2056,$1048,$1008,$0,$0,$1339,$717,$-200,$517,$124,$393,$375,$375,$991,$717,$579,581,$0.64,$0.64,$723,$494,$295,$2625,$0,$0,$3738,$2173,$5911,$33931,$3422,$15639,$1138,$19132,$22554,$7784,$3628,$0,$11377,$33931,$1119,$866,$0,$866,$0,$0,$0,$0,$15,$2237,$-1827,$0,$-2942,$0,$0,$0,$156,$-4613,$0,$448,$1425,$0,$1204,$-394,$-106,$2577,$239,$0,$0
41,2008-06-30,26.06,$0.00,0.0,$15.35,1.7,$5.63,4.63,$2.65,9.84,$4.01B,$3.90B,1.03,$13.69B,$11.43B,1.2,$8.38B,$5.44B,64.92%,$8.38B,$2.43B,29.01%,$8.38B,$2.43B,29.01%,$8.38B,$3.59B,42.83%,$8.38B,$2.20B,26.29%,$8.38B,$1.45B,17.28%,$1.45B,$11.43B,14.49%,$1.45B,$8.65B,19.64%,$1.45B,$32.53B,4.77%,$2.43B,$25.12B,10.59%,$1997,$726,$1271,$0,$0,$1024,$973,$-511,$462,$125,$338,$321,$321,$1269,$973,$561,563,$0.57,$0.57,$1939,$544,$397,$4013,$0,$0,$2785,$1821,$4605,$32526,$3902,$13688,$1183,$17195,$21097,$7940,$3554,$0,$11430,$32526,$765,$591,$0,$591,$0,$0,$0,$0,$-97,$1485,$-1082,$0,$-4,$0,$0,$0,$98,$-988,$0,$717,$-677,$0,$1234,$-264,$-85,$924,$1440,$0,$0
42,2008-03-31,25.66,$0.00,0.0,$15.55,1.65,$5.96,4.31,$2.52,10.18,$3.57B,$3.30B,1.08,$13.90B,$9.93B,1.4,$8.40B,$5.49B,65.38%,$8.40B,$2.51B,29.84%,$8.40B,$2.51B,29.84%,$8.40B,$3.66B,43.56%,$8.40B,$2.10B,24.96%,$8.40B,$1.36B,16.21%,$1.36B,$10.32B,14.70%,$1.36B,$7.49B,20.24%,$1.36B,$31.95B,4.68%,$2.51B,$24.21B,11.43%,$2124,$695,$1429,$0,$0,$990,$1134,$-372,$763,$249,$514,$447,$447,$1429,$1134,$541,543,$0.83,$0.82,$626,$501,$1477,$3565,$0,$0,$2828,$1775,$4603,$31949,$3304,$13896,$2482,$18329,$21633,$6584,$3438,$0,$10316,$31949,$449,$295,$0,$295,$0,$0,$0,$0,$25,$938,$-460,$0,$0,$0,$0,$0,$112,$-349,$0,$335,$-293,$0,$56,$-189,$-396,$-488,$125,$0,$0
43,2007-12-31,27.02,$0.00,0.0,$15.39,1.76,$5.60,4.82,$2.14,12.62,$2.16B,$2.84B,0.76,$11.58B,$9.16B,1.27,$8.19B,$5.36B,65.38%,$8.19B,$2.42B,29.53%,$8.19B,$2.42B,29.53%,$8.19B,$3.52B,43.02%,$8.19B,$1.69B,20.68%,$8.19B,$1.14B,13.92%,$1.14B,$9.16B,13.14%,$1.14B,$6.69B,18.28%,$1.14B,$28.38B,4.11%,$2.42B,$20.74B,11.73%,$2145,$811,$1334,$0,$1833,$2942,$-797,$1248,$521,$117,$404,$370,$370,$-542,$-797,$539,539,$0.69,$0.69,$472,$465,$176,$2157,$0,$59,$2464,$1756,$4279,$28380,$2840,$11581,$2832,$16384,$19224,$6234,$3013,$0,$9156,$28380,$1144,$1103,$0,$1103,$0,$0,$0,$0,$201,$2654,$-1512,$0,$-3951,$0,$0,$0,$-344,$-5808,$0,$993,$1444,$0,$1601,$-511,$-227,$3299,$98,$0,$0
44,2007-09-30,23.96,$0.00,0.0,$15.16,1.58,$4.39,5.46,$1.93,12.42,$1.84B,$3.59B,0.51,$12.66B,$9.07B,1.4,$7.89B,$3.37B,42.79%,$7.89B,$2.36B,29.97%,$7.89B,$2.36B,29.97%,$7.89B,$3.45B,43.69%,$7.89B,$1.48B,18.77%,$7.89B,$1.01B,12.76%,$1.01B,$9.07B,12.44%,$1.01B,$6.66B,16.23%,$1.01B,$28.52B,3.81%,$2.36B,$21.72B,11.94%,$2113,$706,$1406,$0,$0,$991,$1121,$-664,$457,$128,$329,$310,$310,$1433,$1121,$537,540,$0.58,$0.57,$244,$407,$228,$1842,$0,$65,$2406,$1933,$4404,$28517,$3588,$12655,$1195,$15861,$19449,$6305,$2893,$0,$9069,$28517,$809,$849,$0,$849,$0,$0,$0,$0,$250,$2047,$-1010,$0,$-4036,$0,$0,$0,$-262,$-5308,$0,$1588,$554,$0,$2054,$-498,$-532,$3167,$-138,$0,$0
45,2007-06-30,22.31,$0.00,0.0,$14.61,1.53,$3.52,6.34,$1.89,11.81,$1.80B,$3.09B,0.58,$12.49B,$8.50B,1.47,$7.42B,$3.28B,44.15%,$7.42B,$2.32B,31.20%,$7.42B,$2.32B,31.20%,$7.42B,$3.32B,44.76%,$7.42B,$1.40B,18.85%,$7.42B,$0.96B,12.89%,$0.96B,$8.50B,12.75%,$0.96B,$6.06B,15.38%,$0.96B,$27.59B,3.86%,$2.32B,$20.99B,12.45%,$2013,$693,$1320,$0,$0,$966,$1047,$-693,$354,$102,$252,$234,$234,$1337,$1047,$536,538,$0.44,$0.44,$309,$424,$170,$1798,$0,$63,$2441,$1724,$4228,$27593,$3094,$12493,$1524,$16000,$19094,$5953,$2632,$0,$8499,$27593,$475,$537,$0,$537,$0,$0,$0,$0,$117,$1189,$-630,$0,$-3844,$0,$0,$0,$-101,$-4575,$0,$1245,$555,$0,$1907,$-308,$-41,$3359,$-54,$0,$0
46,2007-03-31,21.38,$0.00,0.0,$14.31,1.49,$3.09,6.93,$1.95,10.96,$1.78B,$3.43B,0.52,$11.06B,$7.99B,1.38,$7.09B,$3.34B,47.11%,$7.09B,$2.42B,34.07%,$7.09B,$2.42B,34.07%,$7.09B,$3.34B,47.11%,$7.09B,$1.34B,18.86%,$7.09B,$0.97B,13.63%,$0.97B,$7.99B,13.75%,$0.97B,$5.53B,15.21%,$0.97B,$26.56B,4.14%,$2.42B,$19.04B,13.75%,$1921,$625,$1296,$0,$0,$873,$1048,$-686,$362,$112,$250,$226,$226,$1296,$1048,$508,511,$0.45,$0.44,$299,$408,$99,$1775,$0,$65,$2458,$1612,$4135,$26561,$3425,$11055,$2214,$15150,$18575,$5537,$2401,$0,$7986,$26561,$226,$248,$0,$248,$0,$0,$0,$0,$31,$528,$-261,$0,$-3642,$0,$0,$0,$-52,$-3956,$0,$910,$886,$0,$1740,$-133,$-14,$3389,$-42,$0,$0
47,2006-12-31,22.26,$0.00,0.0,$14.41,1.54,$3.00,7.43,$2.07,10.75,$1.85B,$2.64B,0.7,$10.60B,$6.79B,1.56,$7.07B,$3.44B,48.61%,$7.07B,$2.50B,35.39%,$7.07B,$2.50B,35.39%,$7.07B,$3.44B,48.61%,$7.07B,$1.42B,20.02%,$7.07B,$1.01B,14.35%,$1.01B,$6.79B,14.76%,$1.01B,$6.54B,14.89%,$1.01B,$22.85B,4.46%,$2.50B,$17.40B,14.33%,$1838,$2486,$-648,$0,$0,$2691,$-853,$1411,$307,$90,$217,$236,$236,$-621,$-853,$489,491,$0.48,$0.48,$352,$346,$262,$1845,$0,$63,$248,$1745,$2055,$22852,$2636,$10604,$1245,$13423,$16059,$4228,$2403,$0,$6792,$22852,$952,$934,$0,$934,$0,$0,$0,$0,$-267,$1830,$-1387,$0,$-415,$0,$0,$0,$-65,$-1866,$0,$-437,$1203,$0,$34,$-544,$-64,$193,$165,$0,$0
