,Date,Stock Price,Book Value per Share,Price to Book Ratio,TTM Sales per Share,Price to Sales Ratio,TTM FCF per Share,Price to FCF Ratio,TTM Net EPS,PE Ratio,Current Assets,Current Liabilities,Current Ratio,Long Term Debt,Shareholder's Equity_x,Debt to Equity Ratio,TTM Revenue_x,TTM Gross Profit,Gross Margin,TTM Revenue_y,TTM Operating Income,Operating Margin,TTM Revenue_x,TTM EBIT,EBIT Margin,TTM Revenue_y,TTM EBITDA,EBITDA Margin,TTM Revenue_x,TTM Pre-Tax Income,Pre-Tax Margin,TTM Revenue_y,TTM Net Income_x,Net Margin,TTM Net Income_y,Shareholder's Equity_y,Return on Equity,TTM Net Income_x,Tangible Equity,Return on Tangible Equity,TTM Net Income_y,Total Assets,Return on Assets,TTM Net Income,LT Investments & Debt,Return on Investment,revenue,cost-goods-sold,gross-profit,research-development-expenses,selling-general-administrative-expenses,operating-expenses,operating-income,total-non-operating-income-expense,pre-tax-income,total-provision-income-taxes,income-after-taxes,income-from-continuous-operations,net-income,ebitda,ebit,basic-shares-outstanding,shares-outstanding,eps-basic-net-earnings-per-share,eps-earnings-per-share-diluted,cash-on-hand,inventory,other-current-assets,total-current-assets,net-property-plant-equipment,long-term-investments,goodwill-intangible-assets-total,other-long-term-assets,total-long-term-assets,total-assets,total-current-liabilities,long-term-debt,other-non-current-liabilities,total-long-term-liabilities,total-liabilities,common-stock-net,retained-earnings-accumulated-deficit,comprehensive-income,total-share-holder-equity,total-liabilities-share-holders-equity,net-income-loss,total-depreciation-amortization-cash-flow,other-non-cash-items,total-non-cash-items,change-in-accounts-receivable,change-in-inventories,change-in-accounts-payable,change-in-assets-liabilities,total-change-in-assets-liabilities,cash-flow-from-operating-activities,net-change-in-property-plant-equipment,net-change-in-intangible-assets,net-acquisitions-divestitures,net-change-in-short-term-investments,net-change-in-long-term-investments,net-change-in-investments-total,investing-activities-other,cash-flow-from-investing-activities,net-long-term-debt,net-current-debt,debt-issuance-retirement-net-total,net-common-equity-issued-repurchased,net-total-equity-issued-repurchased,total-common-preferred-stock-dividends-paid,financial-activities-other,cash-flow-from-financial-activities,net-cash-flow,stock-based-compensation,common-stock-dividends-paid
0,2018-09-30,30.4,$13.25,2.29,$18.66,1.63,$4.43,6.86,$1.35,22.52,$0.39B,$0.13B,3.02,$0.29B,$0.61B,0.48,$0.86B,$0.24B,27.41%,$0.86B,$0.12B,13.36%,$0.86B,$0.12B,13.36%,$0.86B,$0.16B,18.82%,$0.86B,$0.10B,11.38%,$0.86B,$0.06B,7.32%,$0.06B,$0.61B,10.94%,$0.06B,$0.11B,89.68%,$0.06B,$1.08B,5.99%,$0.12B,$0.90B,13.17%,$224,$162,$62,$0,$32,$194,$30,$-3,$27,$4,$23,$23,$23,$41,$30,$46,46,$0.49,$0.49,$80,$165,$0,$386,$185,$0,$496,$9,$690,$1077,$128,$293,$42,$341,$469,$0,$-196,$-19,$607,$1077,$67,$34,$14,$48,$-20,$-11,$0,$6,$-32,$83,$-16,$0,$0,$0,$0,$0,$0,$-16,$-9,$0,$-9,$-4,$-4,$0,$-2,$-15,$52,$4,$0
1,2018-06-30,29.4,$12.77,2.3,$18.36,1.6,$4.03,7.29,$1.15,25.57,$0.35B,$0.13B,2.81,$0.29B,$0.59B,0.5,$0.85B,$0.23B,27.54%,$0.85B,$0.11B,13.36%,$0.85B,$0.11B,13.36%,$0.85B,$0.16B,18.91%,$0.85B,$0.09B,10.52%,$0.85B,$0.05B,6.26%,$0.05B,$0.59B,9.45%,$0.05B,$0.08B,106.53%,$0.05B,$1.05B,5.07%,$0.11B,$0.88B,13.00%,$225,$160,$65,$0,$33,$193,$32,$-6,$26,$6,$20,$20,$20,$43,$32,$46,46,$0.43,$0.42,$53,$161,$0,$354,$187,$0,$502,$9,$700,$1054,$126,$293,$44,$342,$468,$0,$-219,$-17,$586,$1054,$44,$23,$9,$32,$-20,$-6,$0,$9,$-25,$52,$-11,$0,$0,$0,$0,$0,$0,$-11,$-9,$0,$-9,$-3,$-3,$0,$-2,$-15,$26,$3,$0
2,2018-03-31,26.25,$12.32,2.13,$18.13,1.45,$3.90,6.73,$1.05,25.0,$0.33B,$0.12B,2.83,$0.30B,$0.57B,0.53,$0.83B,$0.23B,27.22%,$0.83B,$0.11B,12.83%,$0.83B,$0.11B,12.83%,$0.83B,$0.16B,18.71%,$0.83B,$0.09B,10.31%,$0.83B,$0.05B,5.76%,$0.05B,$0.57B,8.79%,$0.05B,$0.06B,157.38%,$0.05B,$1.05B,4.59%,$0.11B,$0.87B,12.37%,$217,$157,$60,$0,$25,$182,$35,$-4,$31,$7,$24,$24,$24,$47,$35,$46,46,$0.53,$0.53,$37,$157,$0,$333,$188,$0,$509,$9,$712,$1045,$118,$302,$54,$362,$479,$0,$-239,$-19,$566,$1045,$24,$12,$6,$18,$-16,$-1,$0,$6,$-26,$16,$-3,$0,$0,$0,$0,$0,$0,$-3,$-2,$0,$-2,$0,$0,$0,$-2,$-4,$9,$1,$0
3,2017-12-31,26.75,$11.90,2.25,$17.79,1.5,$3.86,6.93,$0.67,39.93,$0.31B,$0.12B,2.55,$0.30B,$0.54B,0.56,$0.82B,$0.22B,26.81%,$0.82B,$0.09B,10.77%,$0.82B,$0.09B,10.77%,$0.82B,$0.14B,16.65%,$0.82B,$0.07B,8.20%,$0.82B,$0.03B,3.79%,$0.03B,$0.54B,5.82%,$0.03B,$0.03B,243.14%,$0.03B,$1.03B,2.96%,$0.09B,$0.85B,10.19%,$195,$146,$49,$0,$30,$177,$18,$-4,$14,$18,$-4,$-4,$-4,$31,$18,$46,46,$-0.08,$-0.09,$28,$155,$0,$311,$190,$0,$514,$9,$722,$1033,$122,$303,$59,$367,$489,$0,$-263,$-17,$544,$1033,$31,$48,$30,$78,$1,$4,$0,$2,$11,$120,$-37,$0,$4,$0,$0,$0,$0,$-32,$-74,$0,$-74,$0,$0,$0,$-7,$-81,$7,$7,$0
4,2017-09-30,27.0,$11.96,2.26,$17.63,1.53,$3.13,8.62,$-0.72,0.0,$0.32B,$0.12B,2.68,$0.34B,$0.55B,0.62,$0.81B,$0.21B,25.87%,$0.81B,$-0.03B,-3.34%,$0.81B,$-0.03B,-3.34%,$0.81B,$0.12B,14.73%,$0.81B,$-0.05B,-5.94%,$0.81B,$-0.03B,-3.96%,$-0.03B,$0.55B,-6.14%,$-0.03B,$0.03B,1600.00%,$-0.03B,$1.05B,-3.04%,$-0.03B,$0.88B,-3.11%,$209,$150,$59,$0,$31,$181,$28,$-10,$18,$5,$13,$13,$13,$39,$28,$46,46,$0.29,$0.29,$25,$160,$0,$319,$186,$0,$518,$31,$734,$1053,$119,$337,$45,$387,$506,$0,$-259,$-17,$547,$1053,$35,$35,$17,$52,$-13,$-1,$0,$7,$-15,$73,$-24,$0,$2,$0,$0,$0,$0,$-22,$-39,$0,$-39,$0,$0,$0,$-7,$-46,$4,$5,$0
5,2017-06-30,20.85,$11.56,1.8,$17.51,1.19,$2.60,8.01,$-0.82,0.0,$0.31B,$0.13B,2.35,$0.33B,$0.53B,0.63,$0.80B,$0.21B,25.97%,$0.80B,$-0.04B,-4.62%,$0.80B,$-0.04B,-4.62%,$0.80B,$0.11B,13.61%,$0.80B,$-0.05B,-6.49%,$0.80B,$-0.04B,-4.49%,$-0.04B,$0.53B,-6.84%,$-0.04B,$0.01B,135.85%,$-0.04B,$1.05B,-3.34%,$-0.04B,$0.86B,-4.18%,$213,$154,$59,$0,$33,$187,$26,$-4,$23,$8,$15,$15,$15,$39,$26,$46,46,$0.32,$0.32,$23,$156,$0,$313,$184,$0,$522,$35,$741,$1053,$133,$333,$51,$392,$525,$0,$-272,$-20,$528,$1053,$22,$24,$8,$32,$-11,$3,$0,$6,$-4,$50,$-15,$0,$0,$0,$0,$0,$0,$-15,$-32,$0,$-32,$0,$0,$0,$-1,$-32,$2,$3,$0
6,2017-03-31,20.75,$11.16,1.86,$17.31,1.2,$2.29,9.05,$-0.91,0.0,$0.31B,$0.13B,2.35,$0.35B,$0.51B,0.69,$0.79B,$0.21B,26.04%,$0.79B,$-0.04B,-5.56%,$0.79B,$-0.04B,-5.56%,$0.79B,$0.10B,12.64%,$0.79B,$-0.06B,-7.59%,$0.79B,$-0.04B,-5.18%,$-0.04B,$0.51B,-7.68%,$-0.04B,$-0.02B,83.67%,$-0.04B,$1.05B,-3.72%,$-0.04B,$0.86B,-4.85%,$200,$148,$52,$0,$36,$184,$16,$-4,$12,$5,$7,$7,$7,$27,$16,$46,46,$0.15,$0.15,$23,$159,$0,$309,$184,$0,$525,$35,$744,$1053,$132,$353,$50,$411,$543,$0,$-287,$-22,$510,$1053,$7,$11,$8,$19,$-8,$-0,$0,$8,$-4,$22,$-11,$0,$0,$0,$0,$0,$0,$-11,$-9,$0,$-9,$0,$0,$0,$-1,$-9,$2,$1,$0
7,2016-12-31,23.5,$10.98,2.14,$17.40,1.35,$1.85,12.74,$-0.88,0.0,$0.31B,$0.13B,2.32,$0.36B,$0.50B,0.72,$0.79B,$0.21B,26.45%,$0.79B,$-0.04B,-5.54%,$0.79B,$-0.04B,-5.54%,$0.79B,$0.10B,12.72%,$0.79B,$-0.06B,-7.43%,$0.79B,$-0.04B,-5.04%,$-0.04B,$0.50B,-7.35%,$-0.04B,$-0.03B,57.55%,$-0.04B,$1.05B,-3.53%,$-0.04B,$0.86B,-4.70%,$186,$146,$39,$0,$36,$282,$-97,$-4,$-101,$-33,$-67,$-67,$-67,$14,$-97,$45,45,$-1.48,$-1.48,$21,$160,$0,$309,$179,$0,$529,$8,$743,$1052,$133,$361,$52,$419,$552,$0,$-294,$-24,$500,$1052,$-40,$145,$-24,$121,$8,$5,$0,$4,$-1,$80,$-31,$0,$0,$0,$0,$0,$0,$-31,$-45,$0,$-45,$0,$0,$0,$-3,$-48,$1,$7,$0
8,2016-09-30,18.61,$12.46,1.49,$17.58,1.06,$1.51,12.29,$-0.75,0.0,$0.33B,$0.14B,2.44,$0.39B,$0.57B,0.69,$0.80B,$0.22B,27.47%,$0.80B,$-0.02B,-1.87%,$0.80B,$-0.02B,-1.87%,$0.80B,$0.11B,13.23%,$0.80B,$-0.03B,-3.62%,$0.80B,$-0.03B,-4.24%,$-0.03B,$0.57B,-6.12%,$-0.03B,$-0.07B,38.31%,$-0.03B,$1.16B,-2.92%,$-0.02B,$0.96B,-1.56%,$202,$144,$58,$0,$40,$185,$18,$-4,$14,$5,$9,$9,$9,$29,$18,$45,46,$0.19,$0.19,$23,$171,$0,$332,$182,$0,$636,$9,$827,$1158,$136,$389,$57,$455,$591,$0,$-227,$-23,$567,$1158,$28,$34,$6,$40,$-10,$-5,$0,$10,$-22,$46,$-22,$0,$0,$0,$0,$0,$0,$-22,$-20,$0,$-20,$0,$0,$0,$-1,$-21,$3,$5,$0
9,2016-06-30,18.0,$12.28,1.47,$18.05,1.0,$0.90,19.96,$-0.68,0.0,$0.32B,$0.13B,2.41,$0.39B,$0.56B,0.7,$0.82B,$0.22B,27.28%,$0.82B,$-0.01B,-1.34%,$0.82B,$-0.01B,-1.34%,$0.82B,$0.11B,13.40%,$0.82B,$-0.03B,-3.17%,$0.82B,$-0.03B,-3.78%,$-0.03B,$0.56B,-5.48%,$-0.03B,$-0.08B,29.88%,$-0.03B,$1.15B,-2.58%,$-0.01B,$0.95B,-1.12%,$203,$146,$57,$0,$38,$185,$19,$-3,$15,$5,$10,$10,$10,$30,$19,$45,46,$0.23,$0.23,$24,$166,$0,$322,$179,$0,$641,$9,$829,$1150,$133,$392,$58,$459,$592,$0,$-235,$-22,$558,$1150,$19,$23,$5,$28,$-4,$1,$0,$10,$-14,$33,$-13,$0,$0,$0,$0,$0,$0,$-13,$-15,$0,$-15,$0,$0,$0,$-0,$-16,$4,$4,$0
10,2016-03-31,17.52,$12.12,1.45,$18.55,0.94,$0.32,54.72,$-0.87,0.0,$0.33B,$0.13B,2.56,$0.42B,$0.55B,0.77,$0.84B,$0.23B,27.16%,$0.84B,$-0.01B,-1.30%,$0.84B,$-0.01B,-1.30%,$0.84B,$0.11B,13.17%,$0.84B,$-0.03B,-3.32%,$0.84B,$-0.04B,-4.63%,$-0.04B,$0.55B,-6.76%,$-0.04B,$-0.10B,32.91%,$-0.04B,$1.17B,-3.13%,$-0.01B,$0.98B,-1.09%,$203,$147,$56,$0,$39,$186,$16,$-4,$13,$5,$8,$8,$8,$28,$16,$45,46,$0.18,$0.18,$25,$167,$0,$334,$180,$0,$648,$10,$837,$1172,$131,$424,$57,$490,$621,$0,$-246,$-17,$551,$1172,$8,$11,$3,$15,$-11,$0,$0,$8,$-26,$-3,$-6,$0,$0,$0,$0,$0,$0,$-6,$16,$0,$16,$0,$0,$0,$-1,$15,$6,$2,$0
11,2015-12-31,18.65,$12.07,1.54,$19.04,0.98,$-0.10,0.0,$-0.74,0.0,$0.33B,$0.15B,2.14,$0.41B,$0.55B,0.74,$0.86B,$0.24B,27.31%,$0.86B,$-0.00B,-0.46%,$0.86B,$-0.00B,-0.46%,$0.86B,$0.12B,13.54%,$0.86B,$-0.02B,-2.66%,$0.86B,$-0.03B,-3.82%,$-0.03B,$0.55B,-5.60%,$-0.03B,$-0.11B,22.18%,$-0.03B,$1.17B,-2.40%,$-0.00B,$0.95B,-0.37%,$193,$144,$49,$0,$39,$261,$-68,$-3,$-71,$-10,$-61,$-61,$-61,$19,$-68,$45,45,$-1.35,$-1.35,$19,$167,$0,$327,$181,$0,$653,$10,$844,$1170,$153,$406,$53,$470,$623,$0,$-254,$-11,$547,$1170,$-33,$121,$-8,$113,$5,$3,$0,$4,$-17,$63,$-29,$0,$-8,$0,$0,$0,$-3,$-39,$-209,$0,$-209,$0,$0,$0,$181,$-28,$-5,$6,$0
12,2015-09-30,16.35,$13.42,1.22,$22.50,0.73,$-7.08,0.0,$0.64,25.55,$0.38B,$0.16B,2.38,$0.45B,$0.61B,0.73,$1.02B,$0.27B,26.32%,$1.02B,$0.08B,7.83%,$1.02B,$0.08B,7.83%,$1.02B,$0.13B,12.23%,$1.02B,$0.05B,5.28%,$1.02B,$0.03B,2.84%,$0.03B,$0.61B,4.83%,$0.03B,$-0.13B,-17.68%,$0.03B,$1.31B,1.95%,$0.08B,$1.05B,7.03%,$222,$160,$62,$0,$41,$201,$22,$-4,$17,$6,$12,$12,$12,$33,$22,$45,45,$0.26,$0.26,$22,$176,$0,$380,$174,$0,$737,$22,$933,$1313,$160,$446,$57,$545,$705,$0,$-193,$-9,$608,$1313,$27,$34,$-7,$27,$-16,$-7,$0,$-1,$-40,$15,$-19,$0,$0,$0,$0,$0,$-3,$-21,$-177,$0,$-177,$0,$0,$0,$181,$5,$-2,$5,$0
13,2015-06-30,23.72,$13.30,1.78,$22.52,1.05,$-5.96,0.0,$0.87,27.26,$0.39B,$0.18B,2.2,$0.45B,$0.60B,0.75,$1.02B,$0.27B,26.13%,$1.02B,$0.08B,7.73%,$1.02B,$0.08B,7.73%,$1.02B,$0.12B,11.94%,$1.02B,$0.05B,5.28%,$1.02B,$0.04B,3.82%,$0.04B,$0.60B,6.52%,$0.04B,$-0.14B,-34.29%,$0.04B,$1.34B,2.61%,$0.08B,$1.06B,7.13%,$225,$163,$62,$0,$43,$206,$19,$-6,$13,$5,$8,$8,$2,$31,$19,$45,45,$0.04,$0.04,$26,$180,$0,$389,$177,$0,$744,$25,$946,$1335,$177,$453,$57,$556,$733,$0,$-205,$-2,$602,$1335,$16,$22,$-5,$18,$-9,$-9,$0,$-0,$-27,$6,$-13,$0,$1,$0,$0,$0,$-3,$-15,$-172,$0,$-172,$0,$0,$0,$181,$10,$2,$3,$0
14,2015-03-31,24.67,$13.22,1.87,$22.54,1.09,$-5.60,0.0,$1.41,17.5,$0.59B,$0.29B,2.05,$0.65B,$0.60B,1.08,$1.02B,$0.27B,26.22%,$1.02B,$0.09B,8.32%,$1.02B,$0.09B,8.32%,$1.02B,$0.12B,11.84%,$1.02B,$0.06B,6.16%,$1.02B,$0.06B,6.16%,$0.06B,$0.60B,10.60%,$0.06B,$-0.22B,-101.20%,$0.06B,$1.67B,4.20%,$0.09B,$1.25B,7.88%,$224,$161,$63,$0,$40,$201,$23,$-5,$18,$6,$12,$12,$14,$34,$23,$45,45,$0.31,$0.31,$24,$301,$0,$592,$228,$0,$817,$37,$1082,$1674,$289,$648,$84,$786,$1075,$0,$-213,$4,$599,$1674,$14,$11,$-27,$-16,$-7,$-2,$0,$-4,$-21,$-23,$-5,$0,$0,$0,$0,$0,$-2,$-7,$38,$0,$38,$0,$0,$0,$-8,$30,$-1,$2,$0
15,2014-12-31,25.07,$13.04,1.92,$25.69,0.98,$-5.72,0.0,$1.51,16.6,$0.53B,$0.31B,1.73,$0.61B,$0.59B,1.03,$1.16B,$0.30B,25.88%,$1.16B,$0.09B,8.08%,$1.16B,$0.09B,8.08%,$1.16B,$0.13B,11.44%,$1.16B,$0.07B,6.28%,$1.16B,$0.07B,5.85%,$0.07B,$0.59B,11.66%,$0.07B,$-0.17B,-13600.00%,$0.07B,$1.63B,4.79%,$0.09B,$1.20B,9.38%,$351,$269,$82,$0,$62,$335,$16,$-9,$6,$3,$3,$3,$1,$27,$16,$45,45,$0.03,$0.03,$24,$171,$0,$530,$177,$0,$758,$20,$1096,$1625,$307,$607,$67,$728,$1035,$0,$-227,$10,$591,$1625,$69,$39,$15,$54,$-10,$-6,$0,$4,$-0,$123,$-406,$0,$0,$0,$0,$0,$-4,$-410,$337,$0,$337,$1,$1,$0,$-54,$284,$-3,$7,$0
16,2014-09-30,19.49,$13.27,1.47,$25.06,0.78,$1.91,10.21,$1.63,11.96,$0.55B,$0.26B,2.1,$0.33B,$0.60B,0.55,$1.13B,$0.29B,25.62%,$1.13B,$0.09B,7.77%,$1.13B,$0.09B,7.77%,$1.13B,$0.11B,9.81%,$1.13B,$0.07B,6.27%,$1.13B,$0.07B,6.54%,$0.07B,$0.60B,12.92%,$0.07B,$0.07B,160.00%,$0.07B,$1.34B,5.53%,$0.09B,$0.93B,9.63%,$222,$162,$60,$0,$39,$202,$21,$-4,$17,$6,$11,$11,$22,$30,$21,$45,45,$0.49,$0.49,$30,$263,$0,$552,$215,$0,$529,$45,$789,$1341,$264,$330,$94,$477,$741,$0,$-228,$23,$601,$1341,$68,$28,$-18,$10,$-25,$-2,$0,$2,$-13,$65,$-18,$0,$-27,$0,$0,$0,$-3,$-48,$38,$0,$38,$0,$0,$0,$-52,$-14,$3,$6,$0
17,2014-06-30,30.55,$12.95,2.36,$28.85,1.06,$1.03,29.63,$1.84,16.6,$0.58B,$0.27B,2.16,$0.35B,$0.59B,0.6,$1.27B,$0.32B,25.61%,$1.27B,$0.11B,8.77%,$1.27B,$0.11B,8.77%,$1.27B,$0.14B,10.83%,$1.27B,$0.09B,7.43%,$1.27B,$0.08B,6.40%,$0.08B,$0.59B,14.50%,$0.08B,$0.06B,194.01%,$0.08B,$1.37B,5.95%,$0.11B,$0.94B,11.91%,$225,$162,$63,$0,$37,$199,$25,$-4,$22,$7,$14,$14,$26,$30,$25,$45,45,$0.58,$0.58,$38,$261,$0,$583,$212,$0,$522,$48,$782,$1365,$269,$354,$101,$509,$778,$0,$-251,$33,$586,$1365,$46,$19,$-33,$-15,$-22,$2,$0,$2,$-8,$23,$-13,$0,$0,$0,$0,$0,$-7,$-20,$58,$0,$58,$0,$0,$0,$-50,$9,$11,$4,$0
18,2014-03-31,26.6,$12.27,2.17,$33.36,0.8,$0.50,53.45,$1.93,13.78,$0.57B,$0.25B,2.23,$0.38B,$0.56B,0.69,$1.42B,$0.36B,25.67%,$1.42B,$0.13B,9.03%,$1.42B,$0.13B,9.03%,$1.42B,$0.16B,11.42%,$1.42B,$0.11B,7.62%,$1.42B,$0.08B,5.78%,$0.08B,$0.56B,16.48%,$0.08B,$0.03B,-656.00%,$0.08B,$1.35B,6.16%,$0.13B,$0.94B,14.27%,$365,$269,$96,$0,$64,$333,$32,$-4,$28,$9,$19,$19,$19,$46,$32,$45,45,$0.41,$0.41,$32,$270,$0,$566,$208,$0,$525,$49,$783,$1349,$254,$384,$102,$540,$794,$0,$-277,$30,$555,$1349,$19,$14,$-1,$13,$-45,$2,$0,$0,$-57,$-25,$-9,$0,$0,$0,$0,$0,$0,$-9,$92,$0,$92,$0,$0,$0,$-53,$38,$5,$2,$0
19,2013-12-31,31.96,$12.21,2.62,$33.77,0.95,$-0.05,0.0,$1.85,17.28,$0.52B,$0.26B,1.97,$0.30B,$0.55B,0.54,$1.39B,$0.35B,25.23%,$1.39B,$0.12B,8.63%,$1.39B,$0.12B,8.63%,$1.39B,$0.15B,10.93%,$1.39B,$0.10B,6.90%,$1.39B,$0.08B,5.46%,$0.08B,$0.55B,17.36%,$0.08B,$0.02B,-117.37%,$0.08B,$1.30B,5.85%,$0.12B,$0.85B,13.92%,$320,$249,$71,$0,$62,$310,$10,$-7,$4,$-4,$7,$7,$7,$5,$10,$45,45,$0.15,$0.15,$27,$271,$0,$515,$206,$0,$529,$50,$786,$1301,$262,$295,$129,$490,$751,$0,$-295,$28,$549,$1301,$80,$33,$-6,$27,$-11,$-6,$0,$-5,$-19,$88,$-24,$0,$-74,$0,$0,$0,$-32,$-130,$-120,$0,$-120,$176,$176,$0,$-7,$49,$6,$9,$0
20,2013-09-30,29.89,$12.11,2.47,$34.47,0.87,$-0.74,0.0,$1.35,22.14,$0.70B,$0.26B,2.71,$0.46B,$0.55B,0.84,$1.37B,$0.36B,26.12%,$1.37B,$0.13B,9.51%,$1.37B,$0.13B,9.51%,$1.37B,$0.18B,13.02%,$1.37B,$0.07B,4.75%,$1.37B,$0.06B,4.02%,$0.06B,$0.55B,14.61%,$0.06B,$0.05B,-48.57%,$0.06B,$1.43B,4.38%,$0.13B,$1.00B,15.69%,$355,$261,$94,$0,$61,$311,$44,$-3,$40,$10,$30,$30,$29,$56,$44,$40,41,$0.71,$0.70,$209,$250,$0,$696,$207,$0,$491,$39,$737,$1432,$257,$458,$109,$630,$888,$0,$-302,$31,$545,$1432,$72,$38,$-11,$27,$-49,$2,$0,$-7,$-58,$41,$-35,$0,$-45,$0,$0,$0,$0,$-80,$55,$0,$55,$176,$176,$0,$-4,$228,$189,$7,$0
21,2013-06-30,29.87,$8.58,3.48,$34.26,0.87,$-1.42,0.0,$1.12,26.67,$0.50B,$0.26B,1.95,$0.46B,$0.34B,1.35,$1.35B,$0.35B,26.19%,$1.35B,$0.12B,9.12%,$1.35B,$0.12B,9.12%,$1.35B,$0.17B,12.69%,$1.35B,$0.05B,3.86%,$1.35B,$0.05B,3.34%,$0.05B,$0.34B,14.11%,$0.05B,$-0.15B,-26.87%,$0.05B,$1.24B,3.80%,$0.12B,$0.80B,16.19%,$378,$275,$103,$0,$62,$336,$42,$-5,$36,$9,$27,$27,$27,$55,$42,$39,40,$0.68,$0.67,$19,$246,$0,$504,$200,$0,$494,$41,$736,$1239,$259,$460,$114,$639,$898,$0,$-331,$34,$341,$1239,$42,$26,$0,$26,$-54,$1,$0,$-3,$-54,$14,$-26,$0,$-46,$0,$0,$0,$0,$-72,$59,$0,$59,$1,$1,$0,$-3,$57,$-2,$5,$0
22,2013-03-31,26.02,$7.95,3.27,$33.76,0.77,$-1.87,0.0,$0.89,29.23,$0.49B,$0.24B,2.06,$0.48B,$0.32B,1.53,$1.31B,$0.35B,26.45%,$1.31B,$0.12B,9.48%,$1.31B,$0.12B,9.48%,$1.31B,$0.17B,13.07%,$1.31B,$0.04B,3.13%,$1.31B,$0.04B,2.68%,$0.04B,$0.32B,11.42%,$0.04B,$-0.18B,-20.83%,$0.04B,$1.22B,3.04%,$0.12B,$0.80B,16.86%,$338,$254,$83,$0,$60,$314,$24,$-7,$16,$2,$14,$14,$13,$36,$24,$39,40,$0.34,$0.33,$21,$248,$0,$494,$195,$0,$495,$36,$726,$1221,$240,$484,$118,$665,$905,$0,$-358,$38,$316,$1221,$14,$13,$0,$13,$-38,$-4,$0,$-4,$-65,$-38,$-13,$0,$-28,$0,$0,$0,$0,$-42,$83,$0,$83,$0,$0,$0,$-3,$80,$1,$3,$0
23,2012-12-31,22.44,$7.71,2.91,$33.77,0.66,$-2.02,0.0,$0.92,24.39,$0.44B,$0.25B,1.77,$0.41B,$0.30B,1.34,$1.27B,$0.34B,26.97%,$1.27B,$0.13B,10.17%,$1.27B,$0.13B,10.17%,$1.27B,$0.18B,13.80%,$1.27B,$0.04B,3.23%,$1.27B,$0.03B,2.68%,$0.03B,$0.30B,12.27%,$0.03B,$-0.17B,-18.21%,$0.03B,$1.13B,3.06%,$0.13B,$0.71B,18.25%,$296,$218,$77,$0,$58,$276,$20,$-46,$-27,$-14,$-13,$-13,$-14,$31,$20,$38,38,$-0.39,$-0.38,$21,$238,$0,$438,$185,$0,$477,$31,$693,$1131,$247,$408,$112,$580,$827,$0,$-371,$39,$304,$1131,$36,$47,$45,$92,$-4,$-48,$0,$0,$-55,$73,$-46,$0,$-87,$0,$0,$0,$0,$-133,$-94,$0,$-94,$85,$85,$0,$0,$-9,$-68,$9,$0
24,2012-09-30,19.32,$8.03,2.41,$33.44,0.58,$-0.92,0.0,$1.65,11.71,$0.46B,$0.25B,1.87,$0.41B,$0.32B,1.31,$1.23B,$0.34B,27.68%,$1.23B,$0.14B,10.96%,$1.23B,$0.14B,10.96%,$1.23B,$0.18B,14.77%,$1.23B,$0.08B,6.66%,$1.23B,$0.06B,4.95%,$0.06B,$0.32B,24.95%,$0.06B,$-0.16B,-31.69%,$0.06B,$1.15B,5.67%,$0.14B,$0.73B,19.63%,$336,$246,$90,$0,$54,$299,$37,$-9,$27,$7,$20,$20,$19,$49,$37,$39,40,$0.48,$0.47,$26,$220,$0,$460,$180,$0,$478,$27,$685,$1145,$246,$412,$105,$584,$830,$0,$-357,$41,$315,$1145,$49,$36,$7,$43,$-39,$-31,$0,$-0,$-77,$15,$-36,$0,$-82,$0,$0,$0,$0,$-118,$-45,$0,$-45,$85,$85,$0,$1,$40,$-63,$7,$0
25,2012-06-30,16.1,$7.41,2.17,$32.89,0.49,$-0.04,0.0,$1.70,9.47,$0.46B,$0.25B,1.87,$0.41B,$0.29B,1.42,$1.17B,$0.33B,28.36%,$1.17B,$0.13B,11.41%,$1.17B,$0.13B,11.41%,$1.17B,$0.18B,15.33%,$1.17B,$0.08B,6.90%,$1.17B,$0.06B,5.11%,$0.06B,$0.29B,29.09%,$0.06B,$-0.16B,-29.30%,$0.06B,$1.10B,5.83%,$0.13B,$0.70B,20.16%,$338,$243,$96,$0,$53,$295,$43,$-18,$25,$8,$17,$17,$17,$55,$43,$37,38,$0.45,$0.44,$29,$214,$0,$460,$173,$0,$446,$22,$641,$1102,$246,$412,$88,$565,$810,$0,$-376,$39,$291,$1102,$29,$23,$8,$31,$-42,$-31,$0,$-1,$-66,$-5,$-24,$0,$-62,$0,$0,$0,$0,$-86,$-55,$0,$-55,$85,$85,$0,$1,$31,$-60,$4,$0
26,2012-03-31,17.94,$5.63,3.19,$32.20,0.56,$0.23,77.42,$1.75,10.25,$0.43B,$0.23B,1.85,$0.49B,$0.20B,2.45,$1.12B,$0.33B,28.91%,$1.12B,$0.13B,11.74%,$1.12B,$0.13B,11.74%,$1.12B,$0.18B,15.66%,$1.12B,$0.08B,7.21%,$1.12B,$0.06B,5.34%,$0.06B,$0.20B,34.88%,$0.06B,$-0.26B,-27.52%,$0.06B,$1.07B,6.05%,$0.13B,$0.68B,20.44%,$298,$219,$79,$0,$50,$269,$29,$-12,$16,$4,$12,$12,$12,$40,$29,$35,35,$0.36,$0.36,$15,$199,$0,$425,$166,$0,$453,$23,$642,$1067,$229,$486,$88,$640,$869,$0,$-392,$44,$198,$1067,$12,$12,$0,$12,$-33,$-15,$0,$1,$-63,$-39,$-11,$0,$-59,$0,$0,$0,$0,$-70,$29,$0,$29,$5,$5,$0,$1,$36,$-74,$1,$0
27,2011-12-31,14.38,$5.02,2.86,$31.18,0.46,$0.71,20.28,$1.73,8.31,$0.43B,$0.23B,1.92,$0.46B,$0.17B,2.66,$1.09B,$0.32B,29.31%,$1.09B,$0.13B,12.07%,$1.09B,$0.13B,12.07%,$1.09B,$0.18B,16.13%,$1.09B,$0.08B,7.37%,$1.09B,$0.06B,5.53%,$0.06B,$0.17B,38.65%,$0.06B,$-0.20B,-28.20%,$0.06B,$0.99B,6.26%,$0.13B,$0.64B,20.91%,$260,$184,$76,$0,$49,$233,$26,$-12,$14,$7,$7,$7,$13,$38,$26,$34,35,$0.38,$0.38,$89,$178,$0,$434,$159,$0,$371,$28,$558,$992,$226,$463,$64,$592,$818,$0,$-405,$40,$174,$992,$60,$43,$6,$49,$-21,$-17,$0,$-1,$-14,$96,$-33,$0,$7,$0,$0,$0,$0,$-25,$-32,$0,$-32,$1,$1,$0,$3,$-28,$43,$4,$0
28,2011-09-30,11.9,$4.69,2.53,$29.31,0.41,$1.01,11.73,$1.51,7.88,$0.40B,$0.20B,1.99,$0.47B,$0.16B,2.91,$1.02B,$0.30B,29.47%,$1.02B,$0.12B,11.89%,$1.02B,$0.12B,11.89%,$1.02B,$0.16B,16.01%,$1.02B,$0.07B,6.88%,$1.02B,$0.05B,5.21%,$0.05B,$0.16B,37.92%,$0.05B,$-0.21B,-23.37%,$0.05B,$0.96B,5.62%,$0.12B,$0.64B,19.68%,$278,$196,$82,$0,$46,$242,$36,$-10,$26,$9,$17,$17,$18,$47,$36,$34,35,$0.53,$0.52,$11,$174,$0,$399,$157,$0,$375,$26,$558,$958,$200,$473,$54,$595,$795,$0,$-418,$42,$162,$958,$47,$32,$17,$49,$-39,$-14,$0,$-4,$-61,$36,$-24,$0,$-26,$0,$0,$0,$0,$-50,$-25,$0,$-25,$1,$1,$0,$3,$-21,$-36,$3,$0
29,2011-06-30,19.83,$4.46,4.44,$28.24,0.7,$2.56,7.75,$1.36,14.58,$0.39B,$0.20B,1.91,$0.47B,$0.15B,3.07,$0.98B,$0.29B,29.65%,$0.98B,$0.12B,11.96%,$0.98B,$0.12B,11.96%,$0.98B,$0.16B,16.16%,$0.98B,$0.06B,6.44%,$0.98B,$0.05B,4.91%,$0.05B,$0.15B,38.25%,$0.05B,$-0.21B,-20.40%,$0.05B,$0.95B,5.17%,$0.12B,$0.63B,19.33%,$288,$200,$88,$0,$47,$247,$41,$-16,$25,$9,$16,$16,$17,$51,$41,$34,35,$0.50,$0.49,$10,$176,$0,$391,$169,$0,$363,$27,$559,$950,$204,$474,$56,$591,$796,$0,$-436,$54,$154,$950,$29,$21,$13,$34,$-52,$-13,$0,$-2,$-67,$-5,$-12,$0,$0,$0,$0,$0,$0,$-12,$-23,$0,$-23,$1,$1,$0,$3,$-19,$-36,$2,$0
30,2011-03-31,17.23,$3.82,4.51,$27.27,0.63,$4.24,4.07,$1.49,11.56,$0.38B,$0.21B,1.82,$0.48B,$0.13B,3.64,$0.94B,$0.28B,29.72%,$0.94B,$0.11B,12.00%,$0.94B,$0.11B,12.00%,$0.94B,$0.15B,16.35%,$0.94B,$0.06B,6.48%,$0.94B,$0.05B,5.52%,$0.05B,$0.13B,48.48%,$0.05B,$-0.23B,-20.78%,$0.05B,$0.94B,5.74%,$0.11B,$0.61B,19.10%,$259,$187,$72,$0,$44,$230,$28,$-13,$15,$4,$11,$11,$12,$39,$28,$34,35,$0.35,$0.34,$15,$165,$0,$377,$169,$0,$364,$25,$558,$935,$207,$476,$55,$597,$804,$0,$-453,$51,$131,$935,$12,$10,$9,$19,$-42,$-3,$0,$-2,$-58,$-27,$-6,$0,$0,$0,$0,$0,$0,$-6,$1,$0,$1,$0,$0,$0,$1,$2,$-31,$1,$0
31,2010-12-31,16.39,$3.30,4.97,$26.21,0.63,$5.01,3.28,$1.31,12.51,$0.39B,$0.21B,1.8,$0.48B,$0.11B,4.25,$0.90B,$0.27B,30.01%,$0.90B,$0.11B,12.18%,$0.90B,$0.11B,12.18%,$0.90B,$0.15B,16.61%,$0.90B,$0.06B,6.20%,$0.90B,$0.05B,4.98%,$0.05B,$0.11B,49.45%,$0.05B,$-0.25B,-17.03%,$0.05B,$0.93B,5.09%,$0.11B,$0.59B,18.88%,$193,$135,$58,$0,$41,$177,$16,$-12,$4,$-2,$6,$6,$6,$26,$16,$34,34,$0.17,$0.16,$46,$156,$0,$385,$149,$0,$366,$25,$540,$926,$214,$477,$57,$599,$813,$0,$-465,$46,$112,$926,$45,$41,$6,$46,$-17,$-13,$0,$2,$3,$95,$-22,$0,$-16,$0,$0,$0,$0,$-38,$-21,$0,$-21,$0,$0,$0,$0,$-20,$37,$2,$0
32,2010-09-30,11.9,$3.08,3.87,$25.47,0.47,$4.93,2.41,$0.81,14.69,$0.37B,$0.19B,1.92,$0.49B,$0.11B,4.7,$0.87B,$0.26B,30.09%,$0.87B,$0.10B,11.56%,$0.87B,$0.10B,11.56%,$0.87B,$0.14B,16.36%,$0.87B,$0.04B,4.35%,$0.87B,$0.03B,3.20%,$0.03B,$0.11B,35.67%,$0.03B,$-0.25B,-10.16%,$0.03B,$0.90B,3.26%,$0.10B,$0.60B,17.55%,$238,$166,$72,$0,$40,$206,$32,$-13,$19,$7,$12,$12,$13,$42,$32,$34,35,$0.38,$0.37,$47,$149,$0,$365,$162,$0,$350,$23,$535,$900,$190,$492,$45,$605,$795,$0,$-471,$46,$105,$900,$40,$30,$6,$37,$-31,$-3,$0,$1,$-14,$62,$4,$0,$-13,$0,$0,$0,$0,$-9,$-16,$0,$-16,$0,$0,$0,$0,$-15,$37,$1,$0
33,2010-06-30,9.06,$2.38,3.8,$24.55,0.37,$4.71,1.92,$0.61,14.86,$0.34B,$0.19B,1.78,$0.49B,$0.08B,6.08,$0.84B,$0.25B,29.68%,$0.84B,$0.09B,10.73%,$0.84B,$0.09B,10.73%,$0.84B,$0.13B,15.85%,$0.84B,$0.03B,3.58%,$0.84B,$0.02B,2.50%,$0.02B,$0.08B,29.68%,$0.02B,$-0.27B,-7.32%,$0.02B,$0.87B,2.49%,$0.09B,$0.57B,15.67%,$252,$174,$78,$0,$41,$216,$37,$-13,$23,$8,$15,$15,$21,$47,$37,$34,34,$0.63,$0.62,$25,$138,$0,$335,$159,$0,$349,$22,$530,$865,$189,$493,$45,$595,$784,$0,$-484,$35,$81,$865,$27,$21,$1,$21,$-43,$5,$0,$1,$-17,$31,$9,$0,$-12,$0,$0,$0,$0,$-2,$-14,$0,$-14,$0,$0,$0,$0,$-14,$15,$1,$0
34,2010-03-31,5.2,$1.93,2.7,$23.41,0.22,$4.29,1.21,$0.26,20.0,$0.31B,$0.18B,1.69,$0.51B,$0.07B,7.71,$0.80B,$0.22B,27.80%,$0.80B,$0.07B,8.68%,$0.80B,$0.07B,8.68%,$0.80B,$0.11B,14.34%,$0.80B,$0.02B,2.89%,$0.80B,$0.01B,1.13%,$0.01B,$0.07B,13.48%,$0.01B,$-0.29B,-3.05%,$0.01B,$0.84B,1.07%,$0.07B,$0.57B,11.92%,$220,$157,$63,$0,$38,$195,$25,$-15,$10,$5,$6,$6,$5,$35,$25,$34,34,$0.16,$0.16,$7,$136,$0,$306,$157,$0,$356,$23,$536,$842,$181,$506,$46,$596,$776,$0,$-505,$41,$66,$842,$5,$10,$4,$15,$-39,$6,$0,$1,$-24,$-4,$-3,$0,$0,$0,$0,$0,$0,$-3,$4,$0,$4,$0,$0,$0,$0,$4,$-3,$0,$0
35,2009-12-31,5.42,$1.83,2.97,$23.02,0.24,$4.44,1.22,$-0.01,0.0,$0.28B,$0.18B,1.59,$0.50B,$0.06B,8.04,$0.78B,$0.20B,26.25%,$0.78B,$0.05B,6.31%,$0.78B,$0.05B,6.31%,$0.78B,$0.10B,12.48%,$0.78B,$0.02B,2.57%,$0.78B,0,0.00%,$0.00B,$0.06B,0.00%,$0.00B,$-0.30B,0.00%,$0.00B,$0.83B,0.00%,$0.05B,$0.56B,8.31%,$164,$115,$50,$0,$34,$158,$7,$-21,$-14,$-5,$-9,$-9,$-11,$19,$7,$33,34,$-0.34,$-0.34,$9,$142,$0,$280,$162,$0,$360,$23,$546,$826,$176,$498,$47,$588,$764,$0,$-510,$44,$62,$826,$-0,$47,$-27,$20,$15,$52,$0,$8,$64,$84,$-14,$0,$23,$0,$0,$0,$0,$9,$-70,$0,$-70,$0,$0,$0,$-17,$-87,$6,$1,$0
36,2009-09-30,4.09,$2.20,1.86,$24.32,0.17,$2.45,1.67,$-4.51,0.0,$0.29B,$0.16B,1.81,$0.52B,$0.07B,7.04,$0.82B,$0.20B,24.79%,$0.82B,$-0.11B,-13.80%,$0.82B,$-0.11B,-13.80%,$0.82B,$0.12B,14.65%,$0.82B,$-0.13B,-15.87%,$0.82B,$-0.15B,-18.44%,$-0.15B,$0.07B,-251.67%,$-0.15B,$-0.29B,48.36%,$-0.15B,$0.84B,-17.22%,$-0.11B,$0.59B,-18.43%,$203,$145,$58,$0,$37,$182,$21,$-10,$11,$4,$7,$7,$6,$32,$21,$33,34,$0.17,$0.17,$25,$142,$0,$292,$171,$0,$365,$16,$552,$844,$161,$519,$45,$609,$770,$0,$-499,$45,$74,$844,$11,$35,$-40,$-5,$25,$52,$0,$4,$61,$68,$-11,$0,$23,$0,$0,$0,$0,$12,$-59,$0,$-59,$0,$0,$0,$0,$-59,$21,$0,$0
37,2009-06-30,2.7,$1.93,1.4,$26.14,0.1,$0.86,3.14,$-4.43,0.0,$0.29B,$0.17B,1.75,$0.53B,$0.07B,8.14,$0.88B,$0.21B,24.40%,$0.88B,$-0.11B,-12.09%,$0.88B,$-0.11B,-12.09%,$0.88B,$0.13B,14.48%,$0.88B,$-0.13B,-14.60%,$0.88B,$-0.15B,-16.99%,$-0.15B,$0.07B,-150.13%,$-0.15B,$-0.30B,45.50%,$-0.15B,$0.85B,-15.56%,$-0.11B,$0.59B,-15.74%,$208,$158,$50,$0,$34,$191,$16,$-0,$16,$6,$10,$10,$9,$28,$16,$33,34,$0.27,$0.27,$5,$151,$0,$293,$172,$0,$368,$16,$555,$849,$167,$528,$45,$617,$784,$0,$-505,$42,$65,$849,$5,$24,$-32,$-8,$1,$41,$0,$5,$35,$32,$-6,$0,$22,$0,$0,$0,$0,$16,$-47,$0,$-47,$0,$0,$0,$0,$-47,$1,$0,$0
38,2009-03-31,1.4,$1.38,1.01,$28.42,0.05,$0.39,3.62,$-4.42,0.0,$0.32B,$0.18B,1.76,$0.57B,$0.05B,12.19,$0.95B,$0.24B,25.21%,$0.95B,$-0.09B,-9.66%,$0.95B,$-0.09B,-9.66%,$0.95B,$0.14B,14.81%,$0.95B,$-0.13B,-13.55%,$0.95B,$-0.15B,-15.65%,$-0.15B,$0.05B,-105.30%,$-0.15B,$-0.33B,43.60%,$-0.15B,$0.89B,-14.38%,$-0.09B,$0.61B,-12.51%,$202,$155,$46,$0,$41,$197,$5,$2,$7,$3,$5,$5,$-4,$18,$5,$33,33,$-0.11,$-0.11,$5,$172,$0,$316,$175,$0,$376,$18,$570,$885,$180,$566,$45,$659,$839,$0,$-514,$33,$46,$885,$-4,$12,$-24,$-12,$-3,$18,$0,$1,$17,$2,$-3,$0,$21,$0,$0,$0,$0,$17,$-19,$0,$-19,$0,$0,$0,$0,$-19,$1,$0,$0
39,2008-12-31,1.11,$1.63,0.68,$30.32,0.04,$0.54,2.06,$-4.08,0.0,$0.35B,$0.19B,1.87,$0.60B,$0.06B,10.92,$1.02B,$0.26B,26.01%,$1.02B,$-0.07B,-6.80%,$1.02B,$-0.07B,-6.80%,$1.02B,$0.16B,15.96%,$1.02B,$-0.12B,-12.22%,$1.02B,$-0.14B,-13.50%,$-0.14B,$0.06B,-73.85%,$-0.14B,$-0.33B,38.92%,$-0.14B,$0.93B,-12.43%,$-0.07B,$0.65B,-8.74%,$206,$157,$49,$0,$37,$361,$-155,$-9,$-164,$-15,$-149,$-149,$-162,$42,$-155,$33,33,$-4.83,$-4.83,$4,$189,$0,$354,$177,$0,$380,$19,$576,$930,$190,$600,$34,$685,$875,$0,$-510,$38,$55,$930,$-136,$231,$-40,$191,$-0,$-9,$0,$-0,$-24,$31,$-29,$0,$-4,$0,$0,$0,$0,$-33,$1,$0,$1,$0,$0,$0,$0,$1,$-1,$1,$0
40,2008-09-30,5.26,$6.90,0.76,$30.07,0.17,$0.49,10.82,$-4.29,0.0,$0.37B,$0.21B,1.74,$0.60B,$0.23B,2.62,$0.98B,$0.26B,26.61%,$0.98B,$-0.09B,-8.90%,$0.98B,$-0.09B,-8.90%,$0.98B,$0.13B,13.00%,$0.98B,$-0.15B,-15.25%,$0.98B,$-0.14B,-14.74%,$-0.14B,$0.23B,-64.36%,$-0.14B,$-0.35B,39.86%,$-0.14B,$1.17B,-12.50%,$-0.09B,$0.83B,-10.49%,$261,$192,$69,$0,$41,$233,$28,$-14,$13,$5,$8,$8,$8,$39,$28,$33,33,$0.25,$0.25,$5,$199,$0,$370,$192,$0,$583,$21,$796,$1166,$213,$603,$35,$722,$935,$0,$-348,$52,$231,$1166,$26,$34,$-16,$18,$-19,$-8,$0,$1,$-21,$23,$-20,$0,$-4,$0,$0,$0,$0,$-24,$1,$0,$1,$0,$0,$0,$0,$1,$-0,$1,$0
41,2008-06-30,4.8,$6.99,0.69,$30.03,0.16,$0.24,20.17,$-4.34,0.0,$0.35B,$0.22B,1.62,$0.61B,$0.23B,2.6,$0.98B,$0.26B,26.77%,$0.98B,$-0.09B,-9.23%,$0.98B,$-0.09B,-9.23%,$0.98B,$0.13B,12.82%,$0.98B,$-0.15B,-15.69%,$0.98B,$-0.15B,-14.87%,$-0.15B,$0.23B,-55.88%,$-0.15B,$-0.36B,39.03%,$-0.15B,$1.17B,-12.19%,$-0.09B,$0.84B,-10.36%,$283,$207,$76,$0,$46,$253,$30,$-15,$15,$5,$10,$10,$9,$42,$30,$33,33,$0.28,$0.28,$7,$186,$0,$348,$198,$0,$594,$25,$817,$1165,$215,$607,$36,$716,$932,$0,$-357,$63,$234,$1165,$17,$23,$-3,$20,$-33,$5,$0,$4,$-14,$23,$-14,$0,$-6,$0,$0,$0,$0,$-19,$-2,$0,$-2,$0,$0,$0,$0,$-2,$2,$1,$0
42,2008-03-31,4.22,$6.63,0.64,$32.54,0.13,$-0.77,0.0,$-4.74,0.0,$0.33B,$0.21B,1.58,$0.61B,$0.22B,2.74,$0.98B,$0.27B,27.04%,$0.98B,$-0.10B,-10.20%,$0.98B,$-0.10B,-10.20%,$0.98B,$0.12B,11.84%,$0.98B,$-0.17B,-17.76%,$0.98B,$-0.16B,-16.02%,$-0.16B,$0.22B,-53.91%,$-0.16B,$-0.37B,41.23%,$-0.16B,$1.15B,-12.83%,$-0.10B,$0.83B,-11.09%,$265,$195,$70,$0,$42,$237,$28,$-16,$12,$4,$8,$8,$8,$39,$28,$33,33,$0.23,$0.23,$6,$193,$0,$334,$197,$0,$593,$26,$816,$1149,$212,$607,$35,$716,$928,$0,$-366,$61,$222,$1149,$8,$11,$19,$31,$-35,$-2,$0,$2,$-29,$10,$-6,$0,$-2,$0,$0,$0,$0,$-9,$-0,$0,$-0,$0,$0,$0,$0,$-0,$1,$0,$0
