,Date,Stock Price,Book Value per Share,Price to Book Ratio,TTM Sales per Share,Price to Sales Ratio,TTM FCF per Share,Price to FCF Ratio,TTM Net EPS,PE Ratio,Current Assets,Current Liabilities,Current Ratio,Long Term Debt,Shareholder's Equity_x,Debt to Equity Ratio,TTM Revenue_x,TTM Gross Profit,Gross Margin,TTM Revenue_y,TTM Operating Income,Operating Margin,TTM Revenue_x,TTM EBIT,EBIT Margin,TTM Revenue_y,TTM EBITDA,EBITDA Margin,TTM Revenue_x,TTM Pre-Tax Income,Pre-Tax Margin,TTM Revenue_y,TTM Net Income_x,Net Margin,TTM Net Income_y,Shareholder's Equity_y,Return on Equity,TTM Net Income_x,Tangible Equity,Return on Tangible Equity,TTM Net Income_y,Total Assets,Return on Assets,TTM Net Income,LT Investments & Debt,Return on Investment,revenue,cost-goods-sold,gross-profit,research-development-expenses,selling-general-administrative-expenses,operating-expenses,operating-income,total-non-operating-income-expense,pre-tax-income,total-provision-income-taxes,income-after-taxes,income-from-continuous-operations,net-income,ebitda,ebit,basic-shares-outstanding,shares-outstanding,eps-basic-net-earnings-per-share,eps-earnings-per-share-diluted,cash-on-hand,inventory,other-current-assets,total-current-assets,net-property-plant-equipment,long-term-investments,goodwill-intangible-assets-total,other-long-term-assets,total-long-term-assets,total-assets,total-current-liabilities,long-term-debt,other-non-current-liabilities,total-long-term-liabilities,total-liabilities,common-stock-net,retained-earnings-accumulated-deficit,comprehensive-income,total-share-holder-equity,total-liabilities-share-holders-equity,net-income-loss,total-depreciation-amortization-cash-flow,other-non-cash-items,total-non-cash-items,change-in-accounts-receivable,change-in-inventories,change-in-accounts-payable,change-in-assets-liabilities,total-change-in-assets-liabilities,cash-flow-from-operating-activities,net-change-in-property-plant-equipment,net-change-in-intangible-assets,net-acquisitions-divestitures,net-change-in-short-term-investments,net-change-in-long-term-investments,net-change-in-investments-total,investing-activities-other,cash-flow-from-investing-activities,net-long-term-debt,net-current-debt,debt-issuance-retirement-net-total,net-common-equity-issued-repurchased,net-total-equity-issued-repurchased,total-common-preferred-stock-dividends-paid,financial-activities-other,cash-flow-from-financial-activities,net-cash-flow,stock-based-compensation,common-stock-dividends-paid
0,2018-09-30,33.27,$29.50,1.13,$17.25,1.93,$-17.51,0.0,$4.87,6.83,$0.68B,$0.49B,1.38,$7.47B,$2.38B,3.13,$1.37B,$1.28B,93.15%,$1.37B,$0.72B,52.26%,$1.37B,$0.72B,52.26%,$1.37B,$1.34B,97.89%,$1.37B,$0.41B,29.74%,$1.37B,$0.49B,35.50%,$0.49B,$2.38B,21.19%,$0.49B,$2.04B,25.22%,$0.49B,$10.35B,4.90%,$0.72B,$9.86B,7.59%,$375,$31,$344,$0,$20,$186,$189,$-84,$105,$10,$96,$96,$94,$351,$189,$80,81,$1.18,$1.17,$458,$0,$0,$679,$9260,$0,$343,$67,$9670,$10349,$492,$7473,$0,$7473,$7964,$1,$1322,$41,$2384,$10349,$285,$471,$-5,$465,$-21,$0,$0,$-7,$-32,$719,$-1197,$0,$0,$0,$0,$0,$45,$-1152,$555,$0,$555,$-1,$-1,$-119,$-25,$410,$-24,$7,$-119
1,2018-06-30,30.66,$28.84,1.06,$16.75,1.83,$-17.84,0.0,$5.62,5.46,$0.68B,$0.50B,1.37,$7.28B,$2.33B,3.12,$1.31B,$1.22B,93.36%,$1.31B,$0.68B,51.64%,$1.31B,$0.68B,51.64%,$1.31B,$1.30B,98.93%,$1.31B,$0.37B,28.53%,$1.31B,$0.45B,34.32%,$0.45B,$2.33B,20.36%,$0.45B,$1.97B,24.64%,$0.45B,$10.11B,4.65%,$0.68B,$9.61B,7.36%,$348,$24,$324,$0,$21,$147,$201,$-78,$123,$16,$107,$107,$105,$358,$201,$80,81,$1.31,$1.30,$451,$0,$0,$681,$9006,$0,$358,$65,$9429,$10110,$496,$7282,$0,$7282,$7778,$1,$1269,$38,$2332,$10110,$190,$309,$-12,$296,$-31,$0,$0,$-13,$-60,$426,$-773,$0,$0,$0,$0,$0,$30,$-743,$368,$0,$368,$-1,$-1,$-78,$-17,$272,$-46,$6,$-78
2,2018-03-31,30.15,$28.02,1.08,$16.41,1.84,$-16.47,0.0,$4.94,6.1,$0.73B,$0.46B,1.58,$6.95B,$2.27B,3.07,$1.26B,$1.17B,92.85%,$1.26B,$0.61B,48.17%,$1.26B,$0.61B,48.17%,$1.26B,$1.22B,97.06%,$1.26B,$0.31B,24.64%,$1.26B,$0.39B,31.08%,$0.39B,$2.27B,18.77%,$0.39B,$1.89B,23.28%,$0.39B,$9.68B,4.14%,$0.61B,$9.22B,6.78%,$328,$21,$307,$0,$20,$162,$166,$-73,$93,$11,$83,$83,$81,$318,$166,$80,81,$1.01,$1.00,$533,$0,$0,$733,$8483,$0,$373,$92,$8948,$9681,$463,$6953,$0,$6953,$7416,$1,$1207,$35,$2265,$9681,$83,$152,$1,$153,$-1,$0,$0,$-4,$-5,$231,$-220,$0,$0,$0,$0,$0,$15,$-205,$40,$0,$40,$-1,$-1,$-36,$-9,$-6,$21,$3,$-36
3,2017-12-31,36.36,$27.39,1.33,$16.00,2.27,$-17.53,0.0,$4.41,8.24,$0.72B,$0.46B,1.58,$6.91B,$2.21B,3.13,$1.20B,$1.11B,92.01%,$1.20B,$0.55B,45.38%,$1.20B,$0.55B,45.38%,$1.20B,$1.15B,96.00%,$1.20B,$0.26B,21.65%,$1.20B,$0.35B,28.73%,$0.35B,$2.21B,17.51%,$0.35B,$1.82B,22.33%,$0.35B,$9.58B,3.72%,$0.55B,$9.12B,6.26%,$321,$18,$303,$0,$21,$160,$161,$-75,$87,$-123,$210,$210,$207,$316,$161,$76,76,$2.70,$2.68,$522,$0,$0,$722,$8408,$0,$391,$57,$8856,$9578,$456,$6912,$0,$6912,$7368,$1,$1159,$27,$2210,$9578,$354,$606,$-119,$487,$-6,$0,$0,$15,$-34,$807,$-1372,$0,$0,$0,$0,$0,$61,$-1311,$563,$0,$563,$193,$193,$-136,$-97,$523,$19,$6,$-136
4,2017-09-30,31.95,$25.23,1.27,$16.53,1.93,$-10.11,0.0,$2.15,14.86,$0.74B,$0.56B,1.33,$6.79B,$2.04B,3.34,$1.15B,$1.03B,90.05%,$1.15B,$0.47B,40.84%,$1.15B,$0.47B,40.84%,$1.15B,$1.07B,93.63%,$1.15B,$0.20B,17.80%,$1.15B,$0.16B,14.05%,$0.16B,$2.04B,8.61%,$0.16B,$1.62B,11.32%,$0.16B,$9.38B,1.78%,$0.47B,$8.83B,5.53%,$314,$24,$290,$0,$21,$165,$149,$-79,$71,$11,$60,$60,$57,$305,$149,$75,76,$0.76,$0.75,$540,$0,$0,$737,$8177,$0,$414,$53,$8645,$9382,$556,$6790,$0,$6790,$7347,$1,$989,$23,$2036,$9382,$144,$451,$14,$465,$-4,$0,$0,$6,$-34,$575,$-1049,$0,$0,$0,$0,$0,$45,$-1004,$448,$0,$448,$193,$193,$-100,$-46,$496,$67,$4,$-100
5,2017-06-30,31.72,$24.44,1.3,$16.10,1.97,$-3.05,0.0,$0.71,44.67,$0.79B,$0.61B,1.31,$6.75B,$1.82B,3.7,$1.09B,$0.96B,88.26%,$1.09B,$0.32B,28.90%,$1.09B,$0.32B,28.90%,$1.09B,$0.90B,82.84%,$1.09B,$0.08B,6.97%,$1.09B,$0.05B,4.86%,$0.05B,$1.82B,2.93%,$0.05B,$1.39B,3.99%,$0.05B,$9.17B,0.60%,$0.32B,$8.57B,3.81%,$295,$27,$268,$0,$22,$164,$130,$-71,$59,$11,$48,$48,$46,$282,$130,$74,74,$0.62,$0.62,$607,$0,$0,$794,$7886,$0,$436,$58,$8380,$9174,$606,$6747,$0,$6747,$7353,$1,$965,$24,$1821,$9174,$84,$296,$5,$301,$-2,$0,$0,$-0,$-28,$357,$-575,$0,$0,$0,$0,$0,$30,$-545,$402,$0,$402,$0,$0,$-66,$-30,$306,$118,$3,$-66
6,2017-03-31,24.07,$24.34,0.99,$16.05,1.5,$4.50,5.35,$0.09,267.44,$0.70B,$0.67B,1.04,$6.48B,$1.81B,3.57,$0.95B,$0.84B,88.14%,$0.95B,$0.23B,24.34%,$0.95B,$0.23B,24.34%,$0.95B,$0.75B,78.70%,$0.95B,$0.03B,2.73%,$0.95B,$0.01B,1.36%,$0.01B,$1.81B,0.96%,$0.01B,$1.35B,1.32%,$0.01B,$8.96B,0.20%,$0.23B,$8.29B,3.78%,$271,$27,$244,$0,$23,$166,$105,$-62,$43,$7,$36,$36,$35,$250,$105,$74,74,$0.47,$0.47,$528,$0,$0,$696,$7606,$0,$459,$167,$8264,$8960,$668,$6479,$0,$6479,$7147,$1,$953,$28,$1813,$8960,$36,$145,$1,$145,$-6,$0,$0,$-9,$-19,$163,$-231,$0,$0,$0,$0,$0,$15,$-216,$128,$0,$128,$0,$0,$-33,$-12,$82,$30,$1,$-33
7,2016-12-31,14.49,$24.29,0.6,$16.42,0.88,$7.79,1.86,$-0.19,0.0,$0.68B,$0.55B,1.24,$6.35B,$1.81B,3.52,$0.85B,$0.75B,88.17%,$0.85B,$0.18B,20.95%,$0.85B,$0.18B,20.95%,$0.85B,$0.63B,74.56%,$0.85B,$-0.01B,-0.71%,$0.85B,$-0.01B,-1.54%,$-0.01B,$1.81B,-1.45%,$-0.01B,$1.33B,-2.02%,$-0.01B,$8.71B,-0.30%,$0.18B,$8.16B,4.36%,$266,$36,$230,$0,$20,$182,$84,$-53,$31,$5,$26,$26,$23,$236,$84,$56,56,$0.13,$0.13,$510,$0,$0,$684,$7371,$0,$480,$162,$8030,$8714,$553,$6353,$0,$6353,$6907,$1,$945,$27,$1807,$8714,$-6,$454,$21,$475,$-2,$0,$0,$6,$15,$484,$-484,$0,$50,$0,$0,$0,$38,$-395,$60,$0,$60,$-7,$-7,$-85,$0,$-32,$57,$5,$-85
8,2016-09-30,11.82,$24.05,0.49,$16.53,0.72,$13.21,0.89,$-0.10,0.0,$0.73B,$0.61B,1.2,$6.29B,$1.79B,3.52,$0.78B,$0.72B,92.80%,$0.78B,$0.17B,21.34%,$0.78B,$0.17B,21.34%,$0.78B,$0.55B,70.18%,$0.78B,$-0.01B,-1.54%,$0.78B,$0.00B,0.26%,$0.00B,$1.79B,0.25%,$0.00B,$1.25B,0.30%,$0.00B,$8.69B,0.06%,$0.17B,$8.08B,5.26%,$258,$37,$220,$0,$17,$261,$-4,$-53,$-57,$-8,$-49,$-49,$-51,$135,$-4,$69,69,$-0.74,$-0.74,$551,$0,$0,$727,$7262,$0,$538,$161,$7960,$8688,$607,$6292,$0,$6292,$6899,$1,$956,$-3,$1789,$8688,$-31,$302,$19,$321,$16,$0,$0,$6,$48,$337,$-282,$0,$50,$0,$0,$0,$22,$-210,$2,$0,$2,$-4,$-4,$-52,$-2,$-55,$72,$4,$-52
9,2016-06-30,11.66,$0.00,0.0,$17.11,0.68,$15.24,0.76,$1.27,9.18,$0.00B,$0.00B,0.0,$0.00B,$0.00B,0.0,$0.70B,$0.67B,95.55%,$0.70B,$0.24B,34.20%,$0.70B,$0.24B,34.20%,$0.70B,$0.58B,83.48%,$0.70B,$0.07B,10.20%,$0.70B,$0.07B,10.63%,$0.07B,$0.00B,14.55%,$0.07B,$0.00B,15.10%,$0.07B,$0.00B,3.26%,$0.24B,$0.00B,11.30%,$158,$12,$146,$0,$13,$112,$47,$-38,$9,$1,$8,$8,$6,$129,$47,$40,40,$0.15,$0.15,$0,$0,$0,$0,$0,$0,$0,$0,$0,$0,$0,$0,$0,$0,$0,$0,$-0,$0,$0,$0,$18,$163,$15,$178,$-2,$0,$0,$1,$-7,$189,$-3,$0,$0,$0,$0,$0,$7,$4,$-144,$0,$-144,$-0,$-0,$0,$-16,$-160,$33,$2,$0
10,2016-03-31,13.43,$0.00,0.0,$18.25,0.74,$5.79,2.32,$2.08,6.45,$0.00B,$0.00B,0.0,$0.00B,$0.00B,0.0,$0.71B,$0.66B,93.76%,$0.71B,$0.26B,37.02%,$0.71B,$0.26B,37.02%,$0.71B,$0.59B,83.12%,$0.71B,$0.10B,14.61%,$0.71B,$0.10B,13.48%,$0.10B,$0.00B,14.02%,$0.10B,$0.00B,14.84%,$0.10B,$0.00B,2.81%,$0.26B,$0.00B,8.47%,$163,$14,$149,$0,$15,$113,$50,$-39,$11,$1,$10,$10,$9,$130,$50,$40,40,$0.22,$0.22,$0,$0,$0,$0,$0,$0,$0,$0,$0,$0,$0,$0,$0,$0,$0,$0,$-0,$0,$0,$0,$10,$80,$8,$88,$0,$0,$2,$3,$8,$107,$-11,$0,$0,$0,$0,$0,$4,$-7,$-99,$0,$-99,$0,$0,$0,$-6,$-106,$-6,$1,$0
11,2015-12-31,13.83,$34.08,0.41,$19.24,0.72,$-0.51,0.0,$2.67,5.18,$0.26B,$0.11B,2.25,$3.17B,$1.38B,2.3,$0.71B,$0.65B,92.37%,$0.71B,$0.28B,39.69%,$0.71B,$0.28B,39.69%,$0.71B,$0.59B,82.91%,$0.71B,$0.13B,18.64%,$0.71B,$0.11B,15.82%,$0.11B,$1.38B,13.31%,$0.11B,$1.38B,14.26%,$0.11B,$4.66B,2.50%,$0.28B,$4.55B,6.96%,$199,$-8,$207,$0,$18,$126,$73,$-49,$25,$-25,$49,$49,$38,$152,$73,$40,41,$0.63,$0.60,$146,$0,$0,$257,$4362,$0,$0,$40,$4402,$4659,$114,$3167,$0,$3167,$3281,$1,$1044,$-4,$1378,$4659,$128,$306,$17,$323,$5,$0,$0,$-4,$-1,$449,$-227,$0,$0,$0,$0,$0,$11,$-216,$-201,$0,$-201,$0,$0,$0,$-41,$-243,$-9,$12,$0
12,2015-09-30,11.89,$19.75,0.6,$19.61,0.61,$-10.22,0.0,$3.23,3.68,$0.39B,$0.55B,0.71,$3.22B,$0.66B,4.91,$0.73B,$0.68B,92.48%,$0.73B,$0.32B,43.23%,$0.73B,$0.32B,43.23%,$0.73B,$0.63B,85.91%,$0.73B,$0.14B,19.70%,$0.73B,$0.13B,17.92%,$0.13B,$0.66B,19.74%,$0.13B,$0.58B,22.25%,$0.13B,$4.42B,2.99%,$0.32B,$3.88B,8.27%,$176,$13,$163,$0,$12,$108,$68,$-42,$26,$0,$26,$26,$21,$170,$68,$40,41,$0.53,$0.52,$300,$0,$0,$385,$3924,$0,$75,$13,$4039,$4424,$545,$3222,$0,$3222,$3767,$0,$250,$-28,$657,$4424,$110,$227,$9,$236,$7,$0,$0,$-3,$11,$357,$-241,$0,$0,$0,$0,$0,$8,$-233,$-98,$0,$-98,$0,$0,$0,$-29,$-128,$-4,$10,$0
13,2015-06-30,27.48,$20.95,1.31,$20.19,1.36,$-16.85,0.0,$3.52,7.81,$0.40B,$0.53B,0.75,$3.22B,$0.68B,4.77,$0.72B,$0.66B,91.38%,$0.72B,$0.32B,45.06%,$0.72B,$0.32B,45.06%,$0.72B,$0.59B,82.61%,$0.72B,$0.17B,23.37%,$0.72B,$0.14B,19.89%,$0.14B,$0.68B,21.22%,$0.14B,$0.60B,23.86%,$0.14B,$4.43B,3.30%,$0.32B,$3.90B,8.58%,$167,$25,$142,$0,$11,$97,$70,$-29,$41,$15,$27,$27,$27,$134,$70,$33,33,$0.81,$0.81,$312,$0,$0,$397,$3915,$0,$75,$16,$4036,$4433,$534,$3224,$0,$3224,$3757,$0,$251,$-9,$676,$4433,$52,$125,$35,$159,$0,$0,$0,$-9,$-9,$203,$-363,$0,$0,$0,$0,$0,$21,$-342,$182,$0,$182,$-4,$-4,$-47,$1,$131,$-7,$3,$-47
14,2015-03-31,35.42,$19.68,1.8,$19.96,1.77,$-12.84,0.0,$3.58,9.89,$0.40B,$0.57B,0.71,$3.18B,$0.66B,4.86,$0.72B,$0.65B,91.34%,$0.72B,$0.33B,46.09%,$0.72B,$0.33B,46.09%,$0.72B,$0.59B,82.82%,$0.72B,$0.17B,24.02%,$0.72B,$0.15B,20.25%,$0.15B,$0.66B,21.36%,$0.15B,$0.58B,24.00%,$0.15B,$4.40B,3.42%,$0.33B,$3.84B,8.93%,$166,$24,$142,$0,$12,$96,$70,$-30,$40,$14,$26,$26,$26,$131,$70,$33,33,$0.78,$0.78,$317,$0,$0,$401,$3881,$0,$75,$14,$4001,$4402,$567,$3181,$0,$3181,$3748,$0,$249,$-26,$655,$4402,$26,$61,$18,$79,$0,$0,$0,$-14,$-14,$91,$-221,$0,$0,$0,$0,$0,$10,$-210,$139,$0,$139,$-4,$-4,$-24,$1,$112,$-7,$2,$-24
15,2014-12-31,37.89,$20.09,1.89,$19.59,1.93,$-9.94,0.0,$3.69,10.27,$0.42B,$0.57B,0.74,$3.01B,$0.67B,4.51,$0.71B,$0.65B,91.94%,$0.71B,$0.34B,47.38%,$0.71B,$0.34B,47.38%,$0.71B,$0.59B,84.02%,$0.71B,$0.18B,25.18%,$0.71B,$0.15B,21.07%,$0.15B,$0.67B,21.63%,$0.15B,$0.59B,24.26%,$0.15B,$4.24B,3.59%,$0.34B,$3.67B,9.24%,$222,$-7,$229,$0,$21,$115,$108,$-71,$37,$-42,$79,$79,$57,$193,$108,$40,42,$1.00,$0.79,$335,$0,$0,$420,$3734,$0,$75,$13,$3822,$4242,$568,$3008,$0,$3008,$3576,$0,$247,$-13,$667,$4242,$171,$258,$9,$267,$0,$0,$0,$-4,$-6,$432,$-614,$0,$0,$0,$0,$0,$11,$-603,$413,$0,$413,$0,$0,$-215,$-26,$172,$2,$19,$-215
16,2014-09-30,35.87,$20.65,1.74,$19.00,1.89,$-10.21,0.0,$3.71,9.67,$0.41B,$0.53B,0.78,$3.01B,$0.70B,4.3,$0.64B,$0.56B,87.68%,$0.64B,$0.31B,47.74%,$0.64B,$0.31B,47.74%,$0.64B,$0.54B,83.62%,$0.64B,$0.19B,29.95%,$0.64B,$0.13B,19.50%,$0.13B,$0.70B,17.99%,$0.13B,$0.62B,20.15%,$0.13B,$4.23B,3.04%,$0.31B,$3.70B,8.53%,$164,$20,$144,$0,$11,$88,$76,$-26,$50,$17,$33,$33,$33,$136,$76,$34,34,$0.97,$0.97,$331,$0,$0,$412,$3700,$0,$75,$16,$3818,$4231,$528,$3005,$0,$3005,$3532,$0,$239,$1,$698,$4231,$92,$173,$60,$232,$0,$0,$0,$-23,$-23,$302,$-430,$0,$0,$0,$0,$0,$36,$-394,$178,$0,$178,$-8,$-8,$-73,$-0,$97,$5,$5,$-73
17,2014-06-30,38.57,$20.45,1.89,$18.84,2.05,$-11.45,0.0,$3.77,10.23,$0.41B,$0.50B,0.82,$2.87B,$0.70B,4.13,$0.64B,$0.56B,87.87%,$0.64B,$0.31B,48.98%,$0.64B,$0.31B,48.98%,$0.64B,$0.54B,84.41%,$0.64B,$0.20B,30.71%,$0.64B,$0.13B,20.00%,$0.13B,$0.70B,18.43%,$0.13B,$0.62B,20.67%,$0.13B,$4.06B,3.15%,$0.31B,$3.56B,8.81%,$164,$25,$139,$0,$11,$88,$76,$-31,$45,$15,$29,$29,$29,$133,$76,$34,34,$0.87,$0.87,$327,$0,$0,$411,$3525,$0,$75,$24,$3651,$4063,$499,$2868,$0,$2868,$3367,$0,$231,$-0,$695,$4063,$59,$113,$33,$147,$0,$0,$0,$-28,$-28,$178,$-206,$0,$0,$0,$0,$0,$24,$-182,$42,$0,$42,$-0,$-0,$-48,$-0,$-7,$-11,$3,$-48
18,2014-03-31,37.28,$20.43,1.82,$19.10,1.95,$-15.33,0.0,$4.02,9.27,$0.43B,$0.52B,0.83,$2.87B,$0.70B,4.14,$0.64B,$0.56B,86.63%,$0.64B,$0.32B,49.61%,$0.64B,$0.32B,49.61%,$0.64B,$0.54B,83.98%,$0.64B,$0.21B,32.50%,$0.64B,$0.14B,21.15%,$0.14B,$0.70B,19.96%,$0.14B,$0.62B,22.40%,$0.14B,$4.09B,3.42%,$0.32B,$3.57B,9.11%,$157,$20,$138,$0,$12,$82,$75,$-29,$46,$16,$30,$30,$30,$132,$75,$34,34,$0.89,$0.89,$352,$0,$0,$431,$3515,$0,$75,$37,$3655,$4086,$520,$2872,$0,$2872,$3392,$0,$226,$5,$695,$4086,$30,$56,$15,$71,$0,$0,$0,$-27,$-27,$74,$-109,$0,$0,$0,$0,$0,$12,$-97,$51,$0,$51,$-0,$-0,$-24,$-2,$24,$1,$2,$-24
19,2013-12-31,49.87,$20.44,2.44,$19.09,2.61,$-17.01,0.0,$4.25,11.73,$0.43B,$0.54B,0.8,$2.82B,$0.69B,4.07,$0.64B,$0.55B,86.29%,$0.64B,$0.33B,51.09%,$0.64B,$0.33B,51.09%,$0.64B,$0.54B,84.58%,$0.64B,$0.22B,34.42%,$0.64B,$0.14B,22.43%,$0.14B,$0.69B,21.64%,$0.14B,$0.62B,24.31%,$0.14B,$4.05B,3.69%,$0.33B,$3.51B,9.52%,$156,$16,$141,$0,$11,$77,$79,$-28,$51,$18,$33,$33,$33,$135,$79,$33,34,$0.99,$0.98,$355,$0,$0,$429,$3473,$0,$75,$39,$3616,$4045,$535,$2818,$0,$2818,$3353,$0,$220,$10,$692,$4045,$143,$215,$27,$242,$-3,$0,$-4,$-12,$-19,$367,$-520,$0,$0,$0,$0,$0,$40,$-480,$200,$0,$200,$-0,$-0,$-90,$7,$117,$3,$5,$-90
20,2013-09-30,40.12,$18.29,2.19,$18.96,2.12,$-24.02,0.0,$4.36,9.2,$0.37B,$0.43B,0.84,$2.80B,$0.67B,4.16,$0.64B,$0.55B,85.74%,$0.64B,$0.33B,52.04%,$0.64B,$0.33B,52.04%,$0.64B,$0.54B,85.11%,$0.64B,$0.23B,35.42%,$0.64B,$0.15B,23.20%,$0.15B,$0.67B,22.89%,$0.15B,$0.60B,25.78%,$0.15B,$3.91B,3.87%,$0.33B,$3.48B,9.84%,$158,$19,$140,$0,$10,$78,$81,$-27,$53,$19,$35,$35,$35,$136,$81,$33,34,$1.04,$1.03,$287,$0,$0,$365,$3413,$0,$75,$29,$3546,$3910,$434,$2802,$0,$2802,$3236,$0,$211,$3,$674,$3910,$110,$159,$12,$171,$0,$0,$0,$-22,$-22,$258,$-429,$0,$0,$0,$0,$0,$29,$-400,$188,$0,$188,$-0,$-0,$-66,$7,$128,$-13,$4,$-66
21,2013-06-30,36.82,$19.61,1.88,$18.69,1.97,$-32.08,0.0,$4.26,8.64,$0.33B,$0.41B,0.8,$2.79B,$0.66B,4.2,$0.63B,$0.54B,85.69%,$0.63B,$0.33B,52.62%,$0.63B,$0.33B,52.62%,$0.63B,$0.54B,86.17%,$0.63B,$0.22B,35.14%,$0.63B,$0.14B,22.89%,$0.14B,$0.66B,22.91%,$0.14B,$0.59B,25.88%,$0.14B,$3.87B,3.84%,$0.33B,$3.45B,9.99%,$172,$34,$138,$0,$11,$88,$84,$-26,$59,$21,$38,$38,$38,$137,$84,$33,34,$1.13,$1.12,$240,$0,$0,$327,$3409,$0,$72,$29,$3538,$3866,$412,$2790,$0,$2790,$3202,$0,$199,$5,$664,$3866,$75,$104,$-4,$100,$0,$0,$0,$-33,$-33,$142,$-301,$0,$0,$0,$0,$0,$19,$-281,$178,$0,$178,$-0,$-0,$-44,$7,$142,$2,$3,$-44
22,2013-03-31,37.71,$18.67,2.02,$18.05,2.09,$-32.76,0.0,$4.01,9.4,$0.29B,$0.46B,0.64,$2.71B,$0.63B,4.29,$0.61B,$0.53B,86.66%,$0.61B,$0.33B,53.87%,$0.61B,$0.33B,53.87%,$0.61B,$0.53B,87.97%,$0.61B,$0.21B,34.10%,$0.61B,$0.14B,22.24%,$0.14B,$0.63B,22.13%,$0.14B,$0.56B,25.09%,$0.14B,$3.80B,3.71%,$0.33B,$3.34B,10.26%,$156,$22,$135,$0,$12,$72,$84,$-26,$58,$20,$38,$38,$38,$135,$84,$33,34,$1.12,$1.12,$215,$0,$0,$292,$3393,$0,$72,$13,$3510,$3802,$459,$2712,$0,$2712,$3170,$0,$184,$-10,$632,$3802,$38,$52,$9,$61,$0,$0,$0,$-32,$-32,$66,$-158,$0,$0,$0,$0,$0,$9,$-149,$100,$0,$100,$-0,$-0,$-21,$-3,$76,$-7,$2,$-21
23,2012-12-31,29.84,$18.29,1.63,$17.53,1.7,$-30.99,0.0,$3.87,7.71,$0.30B,$0.48B,0.61,$2.60B,$0.62B,4.23,$0.59B,$0.51B,86.76%,$0.59B,$0.32B,53.99%,$0.59B,$0.32B,53.99%,$0.59B,$0.52B,88.46%,$0.59B,$0.20B,33.96%,$0.59B,$0.13B,22.07%,$0.13B,$0.62B,21.78%,$0.13B,$0.54B,24.77%,$0.13B,$3.70B,3.73%,$0.32B,$3.22B,10.43%,$152,$18,$134,$0,$11,$69,$83,$-27,$56,$20,$37,$37,$37,$135,$83,$33,34,$1.11,$1.09,$224,$0,$0,$295,$3297,$0,$72,$11,$3406,$3701,$481,$2604,$0,$2604,$3085,$0,$168,$-8,$616,$3701,$130,$203,$-17,$186,$-15,$0,$3,$6,$-5,$310,$-698,$0,$0,$0,$0,$0,$36,$-663,$360,$0,$360,$-3,$-3,$-78,$-1,$278,$-75,$4,$-78
24,2012-09-30,27.36,$17.91,1.53,$17.10,1.6,$-32.31,0.0,$3.85,7.11,$0.29B,$0.41B,0.72,$2.63B,$0.60B,4.38,$0.57B,$0.50B,87.39%,$0.57B,$0.32B,56.57%,$0.57B,$0.32B,56.57%,$0.57B,$0.52B,90.89%,$0.57B,$0.20B,34.85%,$0.57B,$0.13B,22.59%,$0.13B,$0.60B,22.11%,$0.13B,$0.53B,25.22%,$0.13B,$3.64B,3.84%,$0.32B,$3.23B,10.98%,$149,$17,$132,$0,$11,$69,$80,$-32,$48,$17,$31,$31,$31,$135,$80,$33,34,$0.94,$0.93,$217,$0,$0,$292,$3236,$0,$72,$15,$3350,$3641,$408,$2632,$0,$2632,$3040,$0,$155,$-9,$602,$3641,$93,$151,$4,$155,$0,$0,$0,$-15,$-15,$234,$-675,$0,$0,$0,$0,$0,$26,$-649,$389,$0,$389,$-0,$-0,$-57,$-4,$327,$-88,$3,$-57
25,2012-06-30,26.5,$17.58,1.51,$16.78,1.58,$-33.64,0.0,$3.46,7.66,$0.29B,$0.48B,0.61,$2.36B,$0.59B,4.0,$0.56B,$0.49B,86.79%,$0.56B,$0.32B,57.86%,$0.56B,$0.32B,57.86%,$0.56B,$0.51B,90.89%,$0.56B,$0.18B,31.96%,$0.56B,$0.12B,20.71%,$0.12B,$0.59B,20.40%,$0.12B,$0.52B,23.35%,$0.12B,$3.43B,3.60%,$0.32B,$2.95B,11.48%,$150,$25,$125,$0,$11,$70,$80,$-35,$45,$16,$29,$29,$29,$129,$80,$33,34,$0.88,$0.87,$227,$0,$0,$291,$3025,$0,$72,$15,$3138,$3429,$480,$2359,$0,$2359,$2839,$0,$145,$-10,$590,$3429,$62,$97,$2,$99,$0,$0,$0,$-11,$-11,$150,$-331,$0,$0,$0,$0,$0,$17,$-314,$119,$0,$119,$0,$0,$-38,$-2,$79,$-85,$2,$-38
26,2012-03-31,28.55,$17.26,1.65,$15.93,1.79,$-40.84,0.0,$3.29,8.68,$0.31B,$0.38B,0.81,$2.21B,$0.58B,3.81,$0.53B,$0.47B,88.11%,$0.53B,$0.32B,60.57%,$0.53B,$0.32B,60.57%,$0.53B,$0.49B,93.21%,$0.53B,$0.17B,32.08%,$0.53B,$0.11B,20.75%,$0.11B,$0.58B,19.77%,$0.11B,$0.51B,22.70%,$0.11B,$3.17B,3.53%,$0.32B,$2.79B,11.65%,$138,$18,$120,$0,$11,$64,$75,$-24,$51,$18,$33,$33,$33,$122,$75,$33,34,$0.99,$0.98,$249,$0,$0,$305,$2750,$0,$72,$15,$2860,$3165,$377,$2209,$0,$2209,$2586,$0,$135,$-9,$579,$3165,$33,$47,$0,$47,$0,$0,$0,$-19,$-19,$62,$-94,$0,$0,$0,$0,$0,$9,$-85,$-27,$0,$-27,$0,$0,$-18,$2,$-44,$-67,$1,$-18
27,2011-12-31,22.04,$16.85,1.31,$15.83,1.39,$-41.38,0.0,$3.36,6.56,$0.38B,$0.40B,0.95,$2.24B,$0.56B,3.97,$0.52B,$0.45B,86.65%,$0.52B,$0.30B,58.80%,$0.52B,$0.30B,58.80%,$0.52B,$0.46B,89.56%,$0.52B,$0.17B,32.69%,$0.52B,$0.11B,21.28%,$0.11B,$0.56B,21.00%,$0.11B,$0.49B,24.34%,$0.11B,$3.20B,3.68%,$0.30B,$2.80B,11.57%,$134,$13,$122,$0,$11,$46,$88,$-32,$55,$20,$36,$36,$36,$133,$88,$32,33,$1.07,$1.05,$322,$0,$0,$379,$2710,$0,$72,$12,$2819,$3197,$399,$2236,$0,$2236,$2635,$0,$120,$-10,$563,$3197,$110,$161,$26,$186,$-10,$0,$2,$-18,$-26,$270,$-692,$0,$0,$0,$0,$0,$36,$-656,$453,$0,$453,$87,$87,$-65,$-11,$465,$78,$2,$-65
28,2011-09-30,18.71,$16.25,1.15,$15.13,1.24,$-47.46,0.0,$3.44,5.44,$0.32B,$0.34B,0.92,$2.21B,$0.54B,4.08,$0.49B,$0.42B,86.04%,$0.49B,$0.30B,60.78%,$0.49B,$0.30B,60.78%,$0.49B,$0.44B,90.35%,$0.49B,$0.17B,34.70%,$0.49B,$0.11B,22.38%,$0.11B,$0.54B,22.24%,$0.11B,$0.47B,26.05%,$0.11B,$3.10B,3.86%,$0.30B,$2.76B,11.95%,$138,$19,$119,$0,$11,$57,$81,$-53,$28,$10,$18,$18,$18,$125,$81,$33,33,$0.55,$0.54,$254,$0,$0,$315,$2687,$0,$72,$3,$2785,$3100,$343,$2214,$0,$2214,$2557,$0,$102,$-10,$543,$3100,$74,$115,$21,$136,$0,$0,$0,$-31,$-31,$179,$-663,$0,$0,$0,$0,$0,$23,$-639,$434,$0,$434,$87,$87,$-47,$-13,$461,$1,$2,$-47
29,2011-06-30,25.45,$16.20,1.57,$14.13,1.8,$-41.62,0.0,$3.28,7.76,$0.31B,$0.33B,0.94,$2.14B,$0.54B,3.95,$0.45B,$0.38B,86.07%,$0.45B,$0.26B,57.75%,$0.45B,$0.26B,57.75%,$0.45B,$0.39B,87.42%,$0.45B,$0.16B,35.73%,$0.45B,$0.10B,23.15%,$0.10B,$0.54B,22.60%,$0.10B,$0.47B,26.81%,$0.10B,$3.01B,3.94%,$0.26B,$2.68B,11.43%,$120,$14,$106,$0,$11,$43,$77,$-41,$36,$13,$23,$23,$23,$114,$77,$33,33,$0.70,$0.70,$260,$0,$0,$310,$2595,$0,$72,$6,$2696,$3006,$329,$2136,$0,$2136,$2465,$0,$101,$-11,$541,$3006,$56,$71,$2,$72,$0,$0,$0,$-27,$-27,$101,$-520,$0,$0,$0,$0,$0,$15,$-505,$358,$0,$358,$87,$87,$-30,$-13,$402,$-2,$1,$-30
30,2011-03-31,26.35,$14.53,1.81,$13.37,1.97,$-34.58,0.0,$2.73,9.65,$0.31B,$0.39B,0.79,$1.83B,$0.45B,4.07,$0.41B,$0.35B,84.47%,$0.41B,$0.21B,51.46%,$0.41B,$0.21B,51.46%,$0.41B,$0.34B,81.55%,$0.41B,$0.13B,31.55%,$0.41B,$0.09B,20.63%,$0.09B,$0.45B,20.11%,$0.09B,$0.38B,24.20%,$0.09B,$2.66B,3.57%,$0.21B,$2.28B,10.49%,$125,$23,$101,$0,$11,$66,$58,$-8,$50,$18,$33,$33,$33,$91,$58,$31,31,$1.07,$1.05,$256,$0,$0,$306,$2259,$0,$72,$8,$2358,$2664,$389,$1827,$0,$1827,$2216,$0,$95,$-10,$448,$2664,$33,$33,$3,$36,$0,$0,$0,$-14,$-14,$55,$-101,$0,$0,$0,$0,$0,$7,$-94,$53,$0,$53,$1,$1,$-14,$-7,$34,$-5,$1,$-14
31,2010-12-31,22.12,$13.95,1.59,$11.95,1.85,$-33.76,0.0,$1.87,11.83,$0.30B,$0.32B,0.95,$1.77B,$0.43B,4.13,$0.37B,$0.31B,85.29%,$0.37B,$0.18B,49.86%,$0.37B,$0.18B,49.86%,$0.37B,$0.30B,82.02%,$0.37B,$0.09B,24.25%,$0.37B,$0.06B,15.80%,$0.06B,$0.43B,13.98%,$0.06B,$0.36B,16.90%,$0.06B,$2.52B,2.66%,$0.18B,$2.20B,9.91%,$104,$11,$93,$0,$11,$24,$80,$-25,$55,$19,$35,$35,$35,$110,$80,$30,31,$1.17,$1.16,$257,$0,$0,$303,$2115,$0,$72,$9,$2214,$2518,$319,$1770,$0,$1770,$2089,$0,$76,$-10,$428,$2518,$58,$119,$-6,$113,$-16,$0,$-3,$9,$-10,$160,$-742,$0,$0,$0,$0,$0,$35,$-707,$598,$0,$598,$0,$0,$-40,$-9,$549,$3,$2,$-40
32,2010-09-30,17.11,$13.23,1.29,$11.12,1.54,$-8.07,0.0,$1.25,13.69,$0.29B,$0.43B,0.67,$1.44B,$0.41B,3.54,$0.34B,$0.29B,83.33%,$0.34B,$0.13B,38.01%,$0.34B,$0.13B,38.01%,$0.34B,$0.25B,71.93%,$0.34B,$0.06B,17.25%,$0.34B,$0.04B,11.40%,$0.04B,$0.41B,9.45%,$0.04B,$0.33B,11.45%,$0.04B,$2.28B,1.95%,$0.13B,$1.84B,7.68%,$96,$13,$83,$0,$10,$54,$42,$-23,$18,$6,$12,$12,$12,$74,$42,$30,31,$0.39,$0.38,$249,$0,$0,$291,$1887,$0,$72,$10,$1984,$2276,$433,$1437,$0,$1437,$1870,$0,$53,$-9,$406,$2276,$22,$88,$26,$114,$0,$0,$0,$-19,$-19,$117,$-382,$0,$0,$0,$0,$0,$24,$-357,$267,$0,$267,$0,$0,$-27,$-7,$232,$-8,$1,$-27
33,2010-06-30,15.62,$13.31,1.17,$10.71,1.46,$6.03,2.59,$0.97,16.1,$0.31B,$0.29B,1.06,$1.35B,$0.41B,3.31,$0.33B,$0.27B,81.46%,$0.33B,$0.12B,35.26%,$0.33B,$0.12B,35.26%,$0.33B,$0.23B,69.60%,$0.33B,$0.05B,13.98%,$0.33B,$0.03B,9.12%,$0.03B,$0.41B,7.28%,$0.03B,$0.34B,8.82%,$0.03B,$2.05B,1.59%,$0.12B,$1.76B,7.11%,$87,$16,$71,$0,$11,$55,$32,$-25,$7,$3,$5,$5,$5,$61,$32,$30,31,$0.15,$0.15,$270,$0,$0,$309,$1648,$0,$72,$8,$1744,$2054,$291,$1354,$0,$1354,$1645,$0,$52,$-4,$409,$2054,$11,$56,$15,$71,$0,$0,$0,$-19,$-19,$63,$-233,$0,$0,$0,$0,$0,$16,$-218,$186,$0,$186,$0,$0,$-17,$-8,$161,$7,$1,$-17
34,2010-03-31,13.71,$13.58,1.01,$10.76,1.27,$14.93,0.92,$1.97,6.96,$0.29B,$0.29B,0.99,$1.16B,$0.42B,2.79,$0.33B,$0.27B,80.72%,$0.33B,$0.12B,34.94%,$0.33B,$0.12B,34.94%,$0.33B,$0.23B,68.98%,$0.33B,$0.10B,28.61%,$0.33B,$0.06B,18.37%,$0.06B,$0.42B,14.82%,$0.06B,$0.35B,17.97%,$0.06B,$1.87B,3.31%,$0.12B,$1.58B,7.22%,$80,$13,$66,$0,$11,$51,$29,$-19,$9,$4,$6,$6,$6,$56,$29,$30,31,$0.19,$0.19,$249,$0,$0,$288,$1496,$0,$72,$7,$1584,$1873,$291,$1164,$0,$1164,$1456,$0,$56,$-0,$417,$1873,$6,$27,$6,$33,$0,$0,$0,$-16,$-16,$24,$-45,$0,$0,$0,$0,$0,$8,$-37,$3,$0,$3,$-0,$-0,$-8,$-0,$-5,$-18,$0,$-8
35,2009-12-31,8.96,$13.69,0.65,$11.28,0.79,$17.10,0.52,$2.30,3.89,$0.31B,$0.22B,1.39,$1.16B,$0.42B,2.77,$0.35B,$0.28B,78.98%,$0.35B,$0.12B,34.66%,$0.35B,$0.12B,34.66%,$0.35B,$0.24B,67.33%,$0.35B,$0.11B,31.82%,$0.35B,$0.07B,20.45%,$0.07B,$0.42B,17.98%,$0.07B,$0.35B,21.92%,$0.07B,$1.80B,3.89%,$0.12B,$1.58B,7.47%,$79,$14,$65,$0,$10,$52,$27,$-3,$25,$9,$16,$16,$16,$55,$27,$31,31,$0.54,$0.53,$274,$0,$0,$307,$1404,$0,$72,$10,$1494,$1801,$221,$1161,$0,$1161,$1382,$0,$58,$0,$419,$1801,$72,$117,$-18,$99,$3,$0,$-1,$-1,$-8,$163,$47,$0,$0,$0,$0,$0,$4,$51,$-179,$0,$-179,$-17,$-17,$-1,$2,$-195,$19,$2,$-1
36,2009-09-30,9.62,$13.17,0.73,$12.03,0.8,$6.52,1.48,$1.30,7.4,$0.30B,$0.22B,1.36,$1.20B,$0.40B,2.96,$0.38B,$0.29B,76.90%,$0.38B,$0.14B,35.43%,$0.38B,$0.14B,35.43%,$0.38B,$0.25B,65.88%,$0.38B,$0.06B,16.54%,$0.38B,$0.04B,10.76%,$0.04B,$0.40B,10.60%,$0.04B,$0.33B,13.02%,$0.04B,$1.82B,2.17%,$0.14B,$1.60B,8.10%,$83,$17,$66,$0,$9,$55,$28,$-23,$5,$2,$3,$3,$3,$57,$28,$31,31,$0.10,$0.10,$264,$0,$0,$297,$1432,$0,$72,$9,$1520,$1818,$218,$1196,$0,$1196,$1413,$0,$43,$0,$404,$1818,$56,$89,$-12,$77,$0,$0,$0,$2,$2,$135,$34,$0,$0,$0,$0,$0,$-4,$30,$-141,$0,$-141,$-16,$-16,$-1,$0,$-158,$6,$1,$-1
37,2009-06-30,7.37,$13.03,0.57,$12.62,0.58,$-1.19,0.0,$1.64,4.49,$0.30B,$0.21B,1.41,$1.26B,$0.41B,3.1,$0.41B,$0.31B,75.37%,$0.41B,$0.15B,35.71%,$0.41B,$0.15B,35.71%,$0.41B,$0.26B,64.04%,$0.41B,$0.08B,19.95%,$0.41B,$0.05B,13.05%,$0.05B,$0.41B,13.77%,$0.05B,$0.33B,16.92%,$0.05B,$1.88B,2.77%,$0.15B,$1.66B,8.56%,$90,$19,$71,$0,$10,$58,$32,$24,$56,$20,$36,$36,$36,$61,$32,$31,31,$1.15,$1.15,$268,$0,$0,$300,$1490,$0,$72,$7,$1576,$1876,$213,$1257,$0,$1257,$1470,$0,$40,$0,$406,$1876,$52,$59,$-20,$39,$0,$0,$0,$7,$7,$98,$6,$0,$0,$0,$0,$0,$-12,$-6,$-81,$0,$-81,$-11,$-11,$-1,$2,$-91,$1,$1,$-1
38,2009-03-31,4.94,$11.86,0.42,$12.87,0.38,$-5.09,0.0,$1.72,2.87,$0.29B,$0.22B,1.31,$1.31B,$0.37B,3.52,$0.42B,$0.31B,74.22%,$0.42B,$0.15B,35.56%,$0.42B,$0.15B,35.56%,$0.42B,$0.26B,62.77%,$0.42B,$0.09B,20.76%,$0.42B,$0.06B,13.60%,$0.06B,$0.37B,14.89%,$0.06B,$0.30B,18.33%,$0.06B,$1.91B,2.98%,$0.15B,$1.69B,8.82%,$100,$25,$76,$0,$12,$65,$35,$-9,$26,$9,$17,$17,$17,$64,$35,$32,32,$0.52,$0.52,$257,$0,$0,$291,$1530,$0,$72,$7,$1618,$1909,$223,$1313,$0,$1313,$1536,$0,$4,$-0,$373,$1909,$17,$29,$1,$30,$0,$0,$0,$9,$9,$56,$-8,$0,$0,$0,$0,$0,$-11,$-19,$-37,$0,$-37,$-8,$-8,$-0,$1,$-45,$-7,$0,$-0
39,2008-12-31,9.51,$11.24,0.85,$12.84,0.74,$-7.00,0.0,$1.08,8.8,$0.30B,$0.24B,1.23,$1.35B,$0.36B,3.71,$0.42B,$0.31B,73.33%,$0.42B,$0.15B,35.71%,$0.42B,$0.15B,35.71%,$0.42B,$0.26B,62.38%,$0.42B,$0.06B,13.10%,$0.42B,$0.04B,8.57%,$0.04B,$0.36B,9.42%,$0.04B,$0.29B,11.60%,$0.04B,$1.96B,1.90%,$0.15B,$1.72B,8.99%,$108,$28,$80,$0,$12,$68,$40,$-65,$-24,$-9,$-15,$-15,$-15,$69,$40,$33,33,$-0.47,$-0.46,$253,$0,$0,$296,$1570,$0,$72,$9,$1660,$1955,$240,$1351,$0,$1351,$1591,$0,$-12,$0,$364,$1955,$36,$111,$45,$157,$-0,$0,$2,$6,$9,$201,$-326,$0,$0,$0,$0,$0,$-13,$-340,$188,$0,$188,$-11,$-11,$-53,$2,$127,$-12,$1,$-53
40,2008-09-30,13.58,$12.14,1.12,$12.27,1.11,$-6.31,0.0,$1.65,8.23,$0.33B,$0.21B,1.56,$1.31B,$0.40B,3.31,$0.40B,$0.30B,74.69%,$0.40B,$0.15B,36.23%,$0.40B,$0.15B,36.23%,$0.40B,$0.26B,63.52%,$0.40B,$0.08B,20.84%,$0.40B,$0.05B,13.40%,$0.05B,$0.40B,13.87%,$0.05B,$0.33B,17.01%,$0.05B,$1.92B,2.95%,$0.15B,$1.71B,8.95%,$108,$29,$79,$0,$12,$70,$38,$-15,$23,$8,$15,$15,$15,$66,$38,$33,33,$0.45,$0.44,$276,$0,$0,$326,$1502,$0,$72,$9,$1592,$1918,$209,$1312,$0,$1312,$1521,$0,$17,$1,$397,$1918,$51,$83,$11,$94,$0,$0,$0,$-6,$-6,$139,$-212,$0,$0,$0,$0,$0,$-18,$-230,$129,$0,$129,$-8,$-8,$-39,$-3,$79,$-11,$1,$-39
41,2008-06-30,14.6,$11.84,1.23,$11.60,1.26,$-6.05,0.0,$1.32,11.06,$0.33B,$0.22B,1.51,$1.25B,$0.40B,3.16,$0.38B,$0.29B,75.72%,$0.38B,$0.14B,36.81%,$0.38B,$0.14B,36.81%,$0.38B,$0.25B,65.01%,$0.38B,$0.07B,17.49%,$0.38B,$0.04B,11.23%,$0.04B,$0.40B,10.96%,$0.04B,$0.33B,13.42%,$0.04B,$1.87B,2.44%,$0.14B,$1.65B,8.97%,$103,$28,$76,$0,$12,$67,$36,$26,$62,$22,$40,$40,$40,$64,$36,$33,33,$1.24,$1.23,$280,$0,$0,$325,$1448,$0,$72,$12,$1541,$1866,$216,$1253,$0,$1253,$1469,$0,$16,$2,$397,$1866,$37,$55,$6,$61,$0,$0,$0,$-7,$-7,$90,$-108,$0,$0,$0,$0,$0,$-15,$-123,$68,$0,$68,$-8,$-8,$-26,$-2,$33,$-1,$1,$-26
42,2008-03-31,14.9,$11.30,1.32,$10.99,1.35,$-5.67,0.0,$0.71,20.98,$0.34B,$0.24B,1.43,$1.23B,$0.37B,3.33,$0.37B,$0.28B,76.44%,$0.37B,$0.14B,36.99%,$0.37B,$0.14B,36.99%,$0.37B,$0.24B,65.75%,$0.37B,$0.04B,10.14%,$0.37B,$0.02B,6.58%,$0.02B,$0.37B,6.04%,$0.02B,$0.30B,7.37%,$0.02B,$1.84B,1.42%,$0.14B,$1.60B,8.92%,$101,$28,$73,$0,$10,$65,$36,$-42,$-6,$-2,$-4,$-4,$-4,$63,$36,$33,33,$-0.12,$-0.12,$289,$0,$0,$340,$1410,$0,$72,$9,$1498,$1838,$238,$1230,$0,$1230,$1468,$0,$-11,$2,$370,$1838,$-4,$27,$25,$52,$0,$0,$0,$-15,$-15,$34,$-47,$0,$0,$0,$0,$0,$1,$-47,$44,$0,$44,$-8,$-8,$0,$0,$36,$23,$0,$0
43,2007-12-31,14.16,$11.90,1.19,$10.28,1.38,$-4.48,0.0,$1.16,12.21,$0.31B,$0.14B,2.22,$1.18B,$0.39B,2.99,$0.34B,$0.27B,78.78%,$0.34B,$0.13B,37.50%,$0.34B,$0.13B,37.50%,$0.34B,$0.23B,67.44%,$0.34B,$0.06B,17.44%,$0.34B,$0.04B,11.34%,$0.04B,$0.39B,9.57%,$0.04B,$0.32B,11.62%,$0.04B,$1.71B,2.43%,$0.13B,$1.57B,8.90%,$91,$19,$73,$0,$10,$56,$36,$-30,$5,$2,$3,$3,$3,$63,$36,$33,33,$0.10,$0.10,$265,$0,$0,$306,$1309,$0,$72,$12,$1400,$1706,$138,$1175,$0,$1175,$1312,$0,$5,$3,$393,$1706,$39,$103,$37,$140,$-2,$0,$-0,$-6,$-12,$166,$-271,$0,$0,$0,$0,$0,$-34,$-305,$204,$0,$204,$-6,$-6,$-47,$-4,$148,$9,$1,$-47
44,2007-09-30,15.33,$12.24,1.25,$9.91,1.55,$-0.03,0.0,$1.51,10.15,$0.28B,$0.15B,1.86,$1.07B,$0.41B,2.61,$0.33B,$0.27B,79.82%,$0.33B,$0.13B,37.65%,$0.33B,$0.13B,37.65%,$0.33B,$0.23B,68.37%,$0.33B,$0.08B,23.49%,$0.33B,$0.05B,15.36%,$0.05B,$0.41B,12.47%,$0.05B,$0.34B,15.13%,$0.05B,$1.63B,3.30%,$0.13B,$1.47B,8.95%,$88,$19,$68,$0,$9,$54,$33,$-28,$6,$2,$4,$4,$4,$59,$33,$33,33,$0.11,$0.11,$235,$0,$0,$284,$1253,$0,$72,$11,$1343,$1628,$153,$1065,$0,$1065,$1219,$0,$14,$3,$409,$1628,$35,$76,$19,$95,$0,$0,$0,$-10,$-10,$120,$-185,$0,$0,$0,$0,$0,$-19,$-204,$105,$0,$105,$0,$0,$-35,$-4,$67,$-17,$0,$-35
45,2007-06-30,17.92,$12.56,1.43,$9.59,1.87,$2.14,8.38,$1.53,11.72,$0.26B,$0.19B,1.38,$0.99B,$0.42B,2.38,$0.32B,$0.26B,81.62%,$0.32B,$0.12B,37.69%,$0.32B,$0.12B,37.69%,$0.32B,$0.22B,69.78%,$0.32B,$0.08B,24.61%,$0.32B,$0.05B,15.89%,$0.05B,$0.42B,12.52%,$0.05B,$0.35B,15.20%,$0.05B,$1.60B,3.41%,$0.12B,$1.41B,8.89%,$85,$20,$65,$0,$10,$54,$30,$2,$32,$12,$21,$21,$21,$55,$30,$33,33,$0.63,$0.62,$222,$0,$0,$264,$1226,$0,$72,$35,$1339,$1603,$192,$993,$0,$993,$1185,$0,$23,$3,$418,$1603,$32,$50,$4,$54,$0,$0,$0,$-12,$-12,$74,$-79,$0,$0,$0,$0,$0,$-19,$-98,$34,$0,$34,$0,$0,$-22,$-1,$11,$-14,$0,$-22
46,2007-03-31,14.27,$12.32,1.16,$9.29,1.54,$3.52,4.05,$1.32,10.81,$0.25B,$0.14B,1.72,$0.94B,$0.41B,2.29,$0.31B,$0.26B,83.60%,$0.31B,$0.12B,38.26%,$0.31B,$0.12B,38.26%,$0.31B,$0.22B,71.70%,$0.31B,$0.07B,21.86%,$0.31B,$0.04B,13.83%,$0.04B,$0.41B,10.62%,$0.04B,$0.34B,12.91%,$0.04B,$1.49B,2.98%,$0.12B,$1.35B,8.94%,$80,$15,$65,$0,$10,$50,$30,$-13,$17,$6,$11,$11,$11,$55,$30,$33,33,$0.33,$0.33,$208,$0,$0,$245,$1146,$0,$72,$20,$1244,$1490,$143,$937,$0,$937,$1080,$0,$15,$3,$410,$1490,$11,$25,$7,$31,$0,$0,$0,$-7,$-7,$36,$-10,$0,$0,$0,$0,$0,$-4,$-14,$-21,$0,$-21,$0,$0,$-10,$0,$-31,$-9,$0,$-10
47,2006-12-31,15.69,$12.02,1.31,$9.14,1.72,$4.02,3.9,$1.27,12.35,$0.25B,$0.10B,2.54,$0.96B,$0.40B,2.4,$0.31B,$0.26B,84.64%,$0.31B,$0.12B,38.56%,$0.31B,$0.12B,38.56%,$0.31B,$0.22B,72.55%,$0.31B,$0.07B,21.57%,$0.31B,$0.04B,13.73%,$0.04B,$0.40B,10.47%,$0.04B,$0.33B,12.76%,$0.04B,$1.46B,3.02%,$0.12B,$1.36B,9.07%,$79,$12,$67,$0,$9,$47,$32,$-9,$23,$8,$15,$15,$15,$58,$32,$33,33,$0.46,$0.45,$211,$0,$0,$250,$1104,$0,$72,$23,$1206,$1456,$99,$958,$0,$958,$1057,$0,$3,$4,$399,$1456,$42,$105,$30,$134,$-3,$0,$0,$-2,$-3,$174,$-130,$0,$0,$0,$0,$0,$-49,$-179,$54,$0,$54,$-3,$-3,$-15,$-15,$22,$16,$0,$-15
