,Date,Stock Price,Book Value per Share,Price to Book Ratio,TTM Sales per Share,Price to Sales Ratio,TTM FCF per Share,Price to FCF Ratio,TTM Net EPS,PE Ratio,Current Assets,Current Liabilities,Current Ratio,Long Term Debt,Shareholder's Equity_x,Debt to Equity Ratio,TTM Revenue_x,TTM Gross Profit,Gross Margin,TTM Revenue_y,TTM Operating Income,Operating Margin,TTM Revenue_x,TTM EBIT,EBIT Margin,TTM Revenue_y,TTM EBITDA,EBITDA Margin,TTM Revenue_x,TTM Pre-Tax Income,Pre-Tax Margin,TTM Revenue_y,TTM Net Income_x,Net Margin,TTM Net Income_y,Shareholder's Equity_y,Return on Equity,TTM Net Income_x,Tangible Equity,Return on Tangible Equity,TTM Net Income_y,Total Assets,Return on Assets,TTM Net Income,LT Investments & Debt,Return on Investment,revenue,cost-goods-sold,gross-profit,research-development-expenses,selling-general-administrative-expenses,operating-expenses,operating-income,total-non-operating-income-expense,pre-tax-income,total-provision-income-taxes,income-after-taxes,income-from-continuous-operations,net-income,ebitda,ebit,basic-shares-outstanding,shares-outstanding,eps-basic-net-earnings-per-share,eps-earnings-per-share-diluted,cash-on-hand,inventory,other-current-assets,total-current-assets,net-property-plant-equipment,long-term-investments,goodwill-intangible-assets-total,other-long-term-assets,total-long-term-assets,total-assets,total-current-liabilities,long-term-debt,other-non-current-liabilities,total-long-term-liabilities,total-liabilities,common-stock-net,retained-earnings-accumulated-deficit,comprehensive-income,total-share-holder-equity,total-liabilities-share-holders-equity,net-income-loss,total-depreciation-amortization-cash-flow,other-non-cash-items,total-non-cash-items,change-in-accounts-receivable,change-in-inventories,change-in-accounts-payable,change-in-assets-liabilities,total-change-in-assets-liabilities,cash-flow-from-operating-activities,net-change-in-property-plant-equipment,net-change-in-intangible-assets,net-acquisitions-divestitures,net-change-in-short-term-investments,net-change-in-long-term-investments,net-change-in-investments-total,investing-activities-other,cash-flow-from-investing-activities,net-long-term-debt,net-current-debt,debt-issuance-retirement-net-total,net-common-equity-issued-repurchased,net-total-equity-issued-repurchased,total-common-preferred-stock-dividends-paid,financial-activities-other,cash-flow-from-financial-activities,net-cash-flow,stock-based-compensation,common-stock-dividends-paid
0,2018-06-30,37.21,$16.35,2.28,$7.08,5.25,$5.31,7.0,$2.12,17.55,$0.94B,$0.88B,1.07,$0.00B,$0.12B,0.0,$0.05B,$0.05B,96.23%,$0.05B,$0.02B,39.62%,$0.05B,0,0.00%,$0.05B,0,0.00%,$0.05B,$0.02B,39.62%,$0.05B,$0.02B,30.19%,$0.02B,$0.12B,13.79%,$0.02B,$0.11B,14.75%,$0.02B,$1.01B,1.62%,$0.02B,$0.12B,18.10%,$14,$1,$13,$0,$7,$8,$6,$0,$6,$1,$4,$4,$4,$0,$0,$7,8,$0.60,$0.59,$220,$0,$0,$942,$19,$13,$8,$25,$64,$1006,$881,$0,$5,$5,$885,$14,$107,$-0,$121,$1006,$12,$1,$-1,$0,$3,$0,$0,$1,$4,$17,$-1,$0,$0,$-20,$-1,$-21,$-26,$-48,$0,$0,$0,$0,$0,$-3,$43,$40,$9,$0,$-3
1,2018-03-31,30.08,$15.95,1.89,$7.07,4.26,$4.25,7.08,$2.11,14.26,$0.94B,$0.88B,1.07,$0.00B,$0.12B,0.0,$0.05B,$0.05B,96.15%,$0.05B,$0.02B,40.38%,$0.05B,0,0.00%,$0.05B,0,0.00%,$0.05B,$0.02B,40.38%,$0.05B,$0.02B,30.77%,$0.02B,$0.12B,14.16%,$0.02B,$0.11B,15.17%,$0.02B,$1.00B,1.65%,$0.02B,$0.12B,18.58%,$13,$1,$13,$0,$7,$8,$5,$0,$5,$1,$4,$4,$4,$0,$0,$7,8,$0.58,$0.57,$222,$0,$0,$938,$18,$13,$8,$25,$64,$1001,$880,$0,$3,$3,$883,$14,$104,$-0,$118,$1001,$8,$1,$-1,$0,$1,$0,$0,$-0,$0,$8,$-0,$0,$0,$-10,$-1,$-11,$-17,$-28,$0,$0,$0,$0,$0,$-2,$43,$41,$21,$0,$-2
2,2017-12-31,26.15,$15.49,1.69,$6.94,3.77,$3.40,7.69,$1.96,13.34,$0.93B,$0.88B,1.06,$0.00B,$0.11B,0.0,$0.05B,$0.05B,94.12%,$0.05B,$0.02B,41.18%,$0.05B,0,0.00%,$0.05B,0,0.00%,$0.05B,$0.02B,41.18%,$0.05B,$0.02B,29.41%,$0.02B,$0.11B,13.67%,$0.02B,$0.11B,14.67%,$0.02B,$0.99B,1.57%,$0.02B,$0.11B,17.91%,$13,$1,$13,$0,$7,$8,$5,$0,$5,$2,$4,$4,$4,$0,$0,$7,8,$0.49,$0.48,$220,$0,$0,$931,$18,$12,$8,$25,$63,$994,$876,$0,$4,$4,$880,$14,$101,$-0,$114,$994,$4,$0,$-0,$0,$1,$0,$0,$1,$2,$6,$-0,$0,$0,$-10,$0,$-10,$-15,$-25,$0,$0,$0,$0,$0,$-1,$38,$37,$18,$0,$-1
3,2017-09-30,30.74,$15.08,2.04,$6.89,4.46,$3.22,9.56,$1.91,16.1,$0.89B,$0.84B,1.06,$0.00B,$0.11B,0.0,$0.05B,$0.05B,94.00%,$0.05B,$0.02B,42.00%,$0.05B,0,0.00%,$0.05B,0,0.00%,$0.05B,$0.02B,42.00%,$0.05B,$0.01B,28.00%,$0.01B,$0.11B,13.18%,$0.01B,$0.10B,14.21%,$0.01B,$0.95B,1.49%,$0.02B,$0.11B,17.32%,$13,$1,$12,$0,$7,$7,$5,$0,$5,$2,$4,$4,$4,$0,$0,$7,7,$0.50,$0.49,$191,$0,$0,$888,$18,$12,$7,$26,$64,$952,$838,$0,$3,$3,$841,$13,$98,$-0,$111,$952,$14,$2,$-2,$-1,$2,$0,$0,$-2,$0,$14,$-4,$0,$0,$10,$-1,$9,$-25,$-20,$-30,$0,$-30,$3,$3,$-4,$76,$46,$39,$0,$-4
4,2017-06-30,24.62,$14.77,1.67,$6.85,3.6,$3.39,7.26,$1.81,13.6,$0.87B,$0.82B,1.06,$0.00B,$0.11B,0.0,$0.05B,$0.05B,93.88%,$0.05B,$0.02B,40.82%,$0.05B,0,0.00%,$0.05B,0,0.00%,$0.05B,$0.02B,40.82%,$0.05B,$0.01B,26.53%,$0.01B,$0.11B,12.65%,$0.01B,$0.10B,13.68%,$0.01B,$0.93B,1.41%,$0.02B,$0.11B,15.97%,$13,$1,$12,$0,$6,$7,$6,$0,$6,$2,$4,$4,$4,$0,$0,$7,7,$0.59,$0.58,$174,$0,$0,$867,$18,$13,$7,$26,$64,$931,$819,$0,$4,$4,$822,$13,$96,$-0,$109,$931,$11,$1,$-2,$-1,$2,$0,$0,$-1,$1,$11,$-3,$0,$0,$12,$-1,$10,$-22,$-15,$-30,$0,$-30,$3,$3,$-2,$57,$28,$23,$0,$-2
5,2017-03-31,21.71,$14.27,1.52,$6.65,3.27,$3.35,6.49,$1.59,13.65,$0.89B,$0.81B,1.1,$0.03B,$0.11B,0.29,$0.05B,$0.04B,93.62%,$0.05B,$0.02B,38.30%,$0.05B,0,0.00%,$0.05B,0,0.00%,$0.05B,$0.02B,38.30%,$0.05B,$0.01B,25.53%,$0.01B,$0.11B,12.12%,$0.01B,$0.10B,13.11%,$0.01B,$0.95B,1.33%,$0.02B,$0.14B,13.56%,$12,$1,$11,$0,$7,$7,$5,$0,$5,$2,$3,$3,$3,$0,$0,$7,7,$0.44,$0.42,$201,$0,$0,$885,$18,$11,$7,$25,$61,$947,$809,$30,$3,$33,$842,$13,$93,$-0,$105,$947,$6,$1,$-1,$0,$-1,$0,$0,$-1,$-2,$4,$-2,$0,$0,$0,$0,$0,$-12,$-14,$0,$0,$0,$3,$3,$-1,$47,$49,$39,$0,$-1
6,2016-12-31,19.92,$14.32,1.39,$6.58,3.03,$4.05,4.93,$1.51,13.2,$0.86B,$0.79B,1.09,$0.03B,$0.10B,0.3,$0.05B,$0.04B,93.48%,$0.05B,$0.02B,36.96%,$0.05B,0,0.00%,$0.05B,0,0.00%,$0.05B,$0.02B,36.96%,$0.05B,$0.01B,23.91%,$0.01B,$0.10B,11.49%,$0.01B,$0.09B,12.43%,$0.01B,$0.92B,1.25%,$0.02B,$0.13B,12.76%,$12,$1,$12,$0,$7,$8,$5,$0,$5,$2,$3,$3,$3,$0,$0,$7,7,$0.46,$0.43,$189,$0,$0,$862,$18,$11,$7,$25,$61,$924,$790,$30,$4,$34,$824,$10,$90,$-0,$100,$924,$3,$0,$-0,$-0,$2,$0,$0,$1,$3,$6,$-2,$0,$0,$-0,$0,$-0,$-5,$-7,$0,$0,$0,$0,$0,$-1,$28,$28,$27,$0,$-1
7,2016-09-30,15.11,$13.95,1.08,$6.45,2.34,$4.28,3.53,$1.44,10.49,$0.83B,$0.76B,1.09,$0.03B,$0.10B,0.31,$0.05B,$0.04B,91.11%,$0.05B,$0.02B,35.56%,$0.05B,0,0.00%,$0.05B,0,0.00%,$0.05B,$0.02B,35.56%,$0.05B,$0.01B,24.44%,$0.01B,$0.10B,11.76%,$0.01B,$0.09B,12.72%,$0.01B,$0.89B,1.28%,$0.02B,$0.13B,11.87%,$12,$1,$11,$0,$7,$8,$4,$0,$4,$1,$3,$3,$3,$0,$0,$7,7,$0.39,$0.37,$162,$0,$0,$831,$16,$11,$7,$26,$60,$891,$762,$30,$3,$33,$795,$10,$88,$-0,$97,$891,$10,$2,$-0,$2,$1,$0,$0,$-1,$0,$12,$-1,$0,$0,$-4,$1,$-3,$-56,$-60,$-15,$0,$-15,$-1,$-1,$-3,$83,$64,$17,$0,$-3
8,2016-06-30,14.31,$13.61,1.05,$6.26,2.28,$3.75,3.82,$1.48,9.67,$0.80B,$0.72B,1.11,$0.05B,$0.09B,0.48,$0.04B,$0.04B,90.91%,$0.04B,$0.02B,34.09%,$0.04B,0,0.00%,$0.04B,0,0.00%,$0.04B,$0.02B,38.64%,$0.04B,$0.01B,25.00%,$0.01B,$0.09B,12.02%,$0.01B,$0.09B,13.02%,$0.01B,$0.86B,1.31%,$0.02B,$0.14B,10.99%,$11,$1,$10,$0,$7,$8,$4,$0,$4,$1,$3,$3,$3,$0,$0,$7,7,$0.37,$0.36,$142,$0,$0,$796,$16,$12,$7,$27,$62,$858,$715,$45,$3,$48,$764,$10,$86,$-0,$94,$858,$7,$1,$-1,$1,$-1,$0,$0,$-1,$-1,$7,$-0,$0,$0,$-4,$0,$-4,$-40,$-44,$0,$0,$0,$-1,$-1,$-2,$37,$34,$-3,$0,$-2
9,2016-03-31,11.99,$13.31,0.9,$6.15,1.95,$3.40,3.52,$1.43,8.38,$0.79B,$0.71B,1.11,$0.05B,$0.09B,0.49,$0.04B,$0.04B,93.02%,$0.04B,$0.01B,32.56%,$0.04B,0,0.00%,$0.04B,0,0.00%,$0.04B,$0.02B,37.21%,$0.04B,$0.01B,23.26%,$0.01B,$0.09B,11.14%,$0.01B,$0.09B,12.08%,$0.01B,$0.85B,1.21%,$0.01B,$0.14B,10.39%,$11,$1,$10,$0,$7,$8,$4,$0,$4,$1,$2,$2,$2,$0,$0,$7,7,$0.35,$0.34,$163,$0,$0,$789,$16,$12,$7,$27,$63,$852,$712,$45,$3,$48,$760,$10,$84,$-0,$92,$852,$5,$1,$-0,$1,$2,$0,$0,$-1,$1,$7,$-0,$0,$0,$-4,$0,$-4,$-16,$-20,$0,$0,$0,$-1,$-1,$-1,$33,$31,$18,$0,$-1
10,2015-12-31,11.7,$13.02,0.9,$5.95,1.97,$2.87,4.08,$1.30,9.0,$0.77B,$0.70B,1.11,$0.05B,$0.09B,0.49,$0.04B,$0.04B,92.86%,$0.04B,$0.01B,28.57%,$0.04B,0,0.00%,$0.04B,0,0.00%,$0.04B,$0.01B,33.33%,$0.04B,$0.01B,21.43%,$0.01B,$0.09B,10.23%,$0.01B,$0.08B,11.11%,$0.01B,$0.84B,1.12%,$0.01B,$0.14B,9.02%,$11,$1,$10,$0,$6,$7,$4,$0,$4,$1,$3,$3,$3,$0,$0,$7,7,$0.37,$0.36,$144,$0,$0,$773,$17,$12,$7,$29,$65,$837,$698,$45,$4,$49,$746,$10,$82,$-0,$91,$837,$3,$0,$-0,$0,$2,$0,$0,$1,$3,$6,$-0,$0,$0,$-2,$0,$-2,$-20,$-22,$0,$0,$0,$0,$0,$-1,$19,$18,$1,$0,$-1
11,2015-09-30,10.17,$12.76,0.8,$5.76,1.77,$2.48,4.1,$1.18,8.62,$0.75B,$0.68B,1.11,$0.05B,$0.09B,0.51,$0.04B,$0.04B,92.68%,$0.04B,$0.01B,26.83%,$0.04B,0,0.00%,$0.04B,0,0.00%,$0.04B,$0.01B,31.71%,$0.04B,$0.01B,19.51%,$0.01B,$0.09B,9.28%,$0.01B,$0.08B,10.09%,$0.01B,$0.82B,1.02%,$0.01B,$0.13B,8.38%,$11,$1,$10,$0,$7,$8,$3,$0,$5,$2,$3,$3,$3,$0,$0,$7,7,$0.43,$0.41,$141,$0,$0,$750,$17,$12,$7,$29,$65,$816,$679,$45,$3,$48,$727,$10,$80,$-0,$89,$816,$8,$2,$-2,$-0,$-0,$0,$0,$-1,$-1,$8,$-0,$0,$0,$-13,$2,$-11,$-38,$-49,$0,$0,$0,$-1,$-1,$-2,$64,$61,$20,$0,$-2
12,2015-06-30,9.3,$12.37,0.75,$5.64,1.65,$2.50,3.72,$0.99,9.39,$0.72B,$0.66B,1.11,$0.05B,$0.09B,0.52,$0.04B,$0.04B,92.50%,$0.04B,$0.01B,25.00%,$0.04B,0,0.00%,$0.04B,0,0.00%,$0.04B,$0.01B,25.00%,$0.04B,$0.01B,17.50%,$0.01B,$0.09B,8.26%,$0.01B,$0.08B,9.03%,$0.01B,$0.79B,0.91%,$0.01B,$0.13B,7.71%,$10,$1,$10,$0,$6,$7,$3,$0,$3,$1,$2,$2,$2,$0,$0,$7,7,$0.31,$0.31,$123,$0,$0,$724,$17,$12,$7,$30,$66,$790,$655,$45,$3,$48,$702,$11,$78,$-0,$87,$790,$5,$1,$-1,$1,$-2,$0,$0,$-0,$-2,$4,$-0,$0,$0,$-11,$1,$-10,$-29,$-39,$0,$0,$0,$0,$0,$-1,$40,$38,$4,$0,$-1
13,2015-03-31,9.81,$12.11,0.81,$5.51,1.78,$2.63,3.73,$0.88,11.15,$0.71B,$0.64B,1.1,$0.05B,$0.09B,0.53,$0.04B,$0.04B,90.00%,$0.04B,$0.01B,22.50%,$0.04B,0,0.00%,$0.04B,0,0.00%,$0.04B,$0.01B,22.50%,$0.04B,$0.01B,15.00%,$0.01B,$0.09B,7.21%,$0.01B,$0.08B,7.89%,$0.01B,$0.78B,0.80%,$0.01B,$0.13B,7.02%,$10,$1,$9,$0,$7,$8,$2,$0,$2,$1,$1,$1,$1,$0,$0,$7,7,$0.21,$0.21,$124,$0,$0,$710,$17,$12,$7,$30,$66,$776,$643,$45,$3,$48,$691,$11,$76,$-0,$85,$776,$3,$1,$-0,$1,$-1,$0,$0,$0,$-0,$3,$-0,$0,$0,$-6,$2,$-4,$-16,$-21,$0,$0,$0,$0,$0,$-1,$28,$27,$10,$0,$-1
14,2014-12-31,9.72,$11.95,0.81,$5.47,1.78,$2.78,3.49,$0.83,11.71,$0.68B,$0.62B,1.11,$0.05B,$0.08B,0.53,$0.04B,$0.04B,89.74%,$0.04B,$0.01B,23.08%,$0.04B,0,0.00%,$0.04B,0,0.00%,$0.04B,$0.01B,23.08%,$0.04B,$0.01B,15.38%,$0.01B,$0.08B,7.32%,$0.01B,$0.08B,8.05%,$0.01B,$0.75B,0.81%,$0.01B,$0.13B,7.09%,$10,$1,$9,$0,$6,$7,$3,$0,$3,$1,$2,$2,$2,$0,$0,$7,7,$0.25,$0.24,$108,$0,$0,$684,$18,$12,$7,$29,$66,$750,$618,$45,$3,$48,$666,$11,$75,$-0,$84,$750,$2,$1,$-0,$0,$0,$0,$0,$1,$1,$3,$-0,$0,$0,$-2,$2,$-1,$-7,$-8,$0,$0,$0,$0,$0,$-0,$3,$3,$-2,$0,$-0
15,2014-09-30,9.62,$11.75,0.82,$5.47,1.76,$2.73,3.53,$0.79,12.18,$0.68B,$0.62B,1.1,$0.05B,$0.08B,0.54,$0.04B,$0.04B,89.74%,$0.04B,$0.01B,20.51%,$0.04B,0,0.00%,$0.04B,0,0.00%,$0.04B,$0.01B,20.51%,$0.04B,$0.01B,12.82%,$0.01B,$0.08B,6.19%,$0.01B,$0.08B,6.85%,$0.01B,$0.75B,0.68%,$0.01B,$0.13B,6.36%,$10,$1,$9,$0,$6,$7,$2,$0,$2,$1,$2,$2,$2,$0,$0,$7,7,$0.24,$0.24,$108,$0,$0,$676,$18,$13,$7,$31,$70,$746,$615,$45,$3,$48,$663,$11,$74,$-0,$83,$746,$6,$2,$0,$3,$2,$0,$0,$-2,$0,$9,$-1,$0,$0,$-6,$-1,$-7,$-17,$-24,$0,$0,$0,$0,$-12,$-1,$7,$-6,$-22,$0,$-1
16,2014-06-30,9.58,$11.54,0.83,$5.52,1.74,$3.27,2.93,$0.66,14.51,$0.66B,$0.60B,1.1,$0.05B,$0.08B,0.55,$0.04B,$0.04B,89.74%,$0.04B,$0.01B,20.51%,$0.04B,0,0.00%,$0.04B,0,0.00%,$0.04B,$0.01B,20.51%,$0.04B,$0.00B,10.26%,$0.00B,$0.08B,4.85%,$0.00B,$0.07B,5.35%,$0.00B,$0.73B,0.55%,$0.01B,$0.13B,6.27%,$10,$1,$9,$0,$6,$7,$2,$0,$2,$1,$1,$1,$1,$0,$0,$7,7,$0.21,$0.20,$96,$0,$0,$656,$18,$14,$7,$33,$72,$728,$599,$45,$3,$48,$646,$11,$72,$-0,$81,$728,$4,$1,$-0,$1,$1,$0,$0,$0,$1,$6,$-1,$0,$0,$-2,$-1,$-4,$-10,$-14,$0,$0,$0,$0,$-12,$-1,$-10,$-22,$-31,$0,$-1
17,2014-03-31,9.69,$11.36,0.85,$5.61,1.73,$3.48,2.78,$0.56,17.3,$0.66B,$0.60B,1.09,$0.05B,$0.08B,0.56,$0.04B,$0.04B,89.74%,$0.04B,$0.01B,17.95%,$0.04B,0,0.00%,$0.04B,0,0.00%,$0.04B,$0.01B,17.95%,$0.04B,$0.00B,10.26%,$0.00B,$0.08B,4.73%,$0.00B,$0.07B,5.23%,$0.00B,$0.73B,0.54%,$0.01B,$0.13B,5.41%,$9,$1,$8,$0,$7,$8,$2,$0,$2,$1,$1,$1,$1,$0,$0,$7,7,$0.17,$0.16,$102,$0,$0,$658,$18,$14,$8,$35,$74,$732,$604,$45,$3,$48,$652,$11,$71,$-0,$80,$732,$3,$1,$-0,$1,$1,$0,$0,$0,$1,$5,$-1,$0,$0,$-1,$-2,$-3,$-9,$-12,$0,$0,$0,$0,$-12,$-1,$-4,$-16,$-24,$0,$-1
18,2013-12-31,8.68,$11.22,0.77,$5.77,1.5,$3.15,2.75,$0.57,15.22,$0.66B,$0.60B,1.09,$0.05B,$0.08B,0.57,$0.04B,$0.04B,90.00%,$0.04B,$0.01B,17.50%,$0.04B,0,0.00%,$0.04B,0,0.00%,$0.04B,$0.01B,17.50%,$0.04B,$0.00B,10.00%,$0.00B,$0.08B,4.61%,$0.00B,$0.07B,5.10%,$0.00B,$0.73B,0.54%,$0.01B,$0.12B,5.31%,$10,$1,$9,$0,$6,$7,$2,$0,$2,$1,$2,$2,$1,$0,$0,$7,7,$0.20,$0.20,$99,$0,$0,$657,$18,$12,$8,$34,$71,$728,$601,$45,$2,$47,$649,$11,$70,$-0,$79,$728,$2,$0,$-0,$0,$1,$0,$0,$-0,$1,$3,$-0,$0,$0,$-2,$0,$-2,$-10,$-12,$0,$0,$0,$0,$-12,$-0,$-7,$-19,$-28,$0,$-0
19,2013-09-30,8.09,$12.73,0.64,$5.89,1.37,$3.07,2.64,$0.58,13.95,$0.68B,$0.61B,1.11,$0.05B,$0.08B,0.58,$0.04B,$0.04B,90.00%,$0.04B,$0.01B,20.00%,$0.04B,0,0.00%,$0.04B,0,0.00%,$0.04B,$0.01B,20.00%,$0.04B,$0.00B,10.00%,$0.00B,$0.09B,4.44%,$0.00B,$0.08B,4.89%,$0.00B,$0.75B,0.54%,$0.01B,$0.14B,5.93%,$10,$1,$9,$0,$7,$8,$2,$0,$2,$1,$1,$1,$1,$0,$0,$7,7,$0.10,$0.10,$125,$0,$0,$675,$18,$12,$8,$33,$71,$746,$608,$45,$3,$48,$656,$11,$69,$-0,$90,$746,$5,$2,$2,$5,$2,$0,$0,$0,$2,$12,$-1,$0,$0,$-7,$2,$-5,$-12,$-18,$0,$-1,$-1,$0,$-4,$-1,$10,$4,$-2,$0,$-1
20,2013-06-30,7.54,$12.67,0.6,$5.96,1.26,$3.52,2.14,$0.61,12.36,$0.66B,$0.60B,1.1,$0.05B,$0.08B,0.58,$0.04B,$0.04B,90.00%,$0.04B,$0.01B,17.50%,$0.04B,0,0.00%,$0.04B,0,0.00%,$0.04B,$0.01B,17.50%,$0.04B,$0.00B,10.00%,$0.00B,$0.09B,4.44%,$0.00B,$0.08B,4.89%,$0.00B,$0.73B,0.54%,$0.01B,$0.13B,5.19%,$10,$1,$9,$0,$8,$9,$1,$0,$1,$0,$1,$1,$1,$0,$0,$7,7,$0.10,$0.10,$109,$0,$0,$657,$18,$13,$8,$37,$76,$733,$596,$45,$2,$47,$644,$11,$69,$-0,$89,$733,$4,$1,$2,$2,$1,$0,$0,$1,$1,$8,$-1,$0,$0,$-3,$1,$-2,$-11,$-14,$0,$-1,$-1,$0,$-4,$-1,$-2,$-8,$-14,$0,$-1
21,2013-03-31,7.33,$12.57,0.58,$6.05,1.21,$3.71,1.98,$0.67,10.94,$0.66B,$0.60B,1.1,$0.05B,$0.08B,0.59,$0.04B,$0.04B,90.00%,$0.04B,$0.01B,20.00%,$0.04B,0,0.00%,$0.04B,0,0.00%,$0.04B,$0.01B,20.00%,$0.04B,$0.00B,10.00%,$0.00B,$0.09B,4.44%,$0.00B,$0.08B,4.89%,$0.00B,$0.74B,0.54%,$0.01B,$0.13B,5.93%,$10,$1,$9,$0,$7,$8,$2,$0,$2,$1,$1,$1,$1,$0,$0,$7,7,$0.18,$0.17,$112,$0,$0,$661,$18,$13,$8,$38,$77,$738,$602,$45,$2,$47,$650,$11,$68,$-0,$89,$738,$3,$1,$0,$1,$-1,$0,$0,$-0,$-1,$2,$-1,$0,$0,$-3,$1,$-2,$-9,$-12,$0,$-0,$-0,$0,$-4,$-1,$4,$-2,$-11,$0,$-1
22,2012-12-31,6.17,$13.05,0.47,$6.07,1.02,$4.42,1.4,$0.58,10.64,$0.66B,$0.60B,1.11,$0.05B,$0.08B,0.6,$0.04B,$0.04B,90.00%,$0.04B,$0.01B,17.50%,$0.04B,0,0.00%,$0.04B,0,0.00%,$0.04B,$0.01B,17.50%,$0.04B,$0.00B,10.00%,$0.00B,$0.09B,4.46%,$0.00B,$0.08B,4.89%,$0.00B,$0.74B,0.54%,$0.01B,$0.14B,5.19%,$10,$1,$9,$0,$7,$8,$3,$0,$3,$1,$2,$2,$1,$0,$0,$7,7,$0.21,$0.21,$113,$0,$0,$660,$18,$13,$8,$35,$75,$735,$595,$45,$3,$48,$643,$11,$67,$-0,$92,$735,$2,$0,$-1,$-0,$-0,$0,$0,$1,$1,$2,$-0,$0,$0,$-3,$0,$-3,$-6,$-9,$0,$-0,$-0,$0,$0,$-0,$-4,$-4,$-11,$0,$-0
23,2012-09-30,5.34,$12.82,0.42,$6.10,0.87,$4.69,1.14,$0.52,10.26,$0.66B,$0.60B,1.1,$0.05B,$0.07B,0.61,$0.04B,$0.04B,90.00%,$0.04B,$0.01B,15.00%,$0.04B,0,0.00%,$0.04B,0,0.00%,$0.04B,$0.01B,15.00%,$0.04B,$0.00B,10.00%,$0.00B,$0.09B,4.52%,$0.00B,$0.08B,4.97%,$0.00B,$0.74B,0.54%,$0.01B,$0.14B,4.41%,$10,$1,$9,$0,$8,$9,$1,$0,$1,$0,$1,$1,$1,$0,$0,$7,7,$0.13,$0.13,$120,$0,$0,$661,$18,$14,$8,$36,$76,$737,$599,$45,$3,$48,$647,$10,$66,$-0,$90,$737,$5,$2,$3,$5,$4,$0,$0,$2,$6,$15,$-1,$0,$0,$-5,$3,$-2,$-20,$-24,$-10,$0,$-10,$0,$0,$-2,$5,$-7,$-15,$0,$-2
24,2012-06-30,4.49,$12.67,0.35,$6.09,0.74,$4.06,1.11,$0.34,13.21,$0.66B,$0.59B,1.11,$0.05B,$0.07B,0.62,$0.04B,$0.04B,87.50%,$0.04B,$0.01B,12.50%,$0.04B,0,0.00%,$0.04B,0,0.00%,$0.04B,$0.01B,12.50%,$0.04B,$0.00B,7.50%,$0.00B,$0.09B,3.43%,$0.00B,$0.08B,3.77%,$0.00B,$0.73B,0.41%,$0.01B,$0.13B,3.64%,$10,$1,$9,$0,$7,$8,$2,$0,$2,$1,$1,$1,$1,$0,$0,$7,7,$0.16,$0.16,$116,$0,$0,$655,$18,$14,$8,$34,$74,$729,$591,$45,$4,$49,$640,$11,$65,$-1,$89,$729,$3,$1,$2,$3,$2,$0,$0,$1,$2,$9,$-1,$0,$0,$-4,$2,$-2,$-12,$-15,$-10,$0,$-10,$0,$0,$-1,$-2,$-13,$-19,$0,$-1
25,2012-03-31,4.14,$12.49,0.33,$6.07,0.68,$4.16,1.0,$-0.05,0.0,$0.67B,$0.61B,1.11,$0.05B,$0.07B,0.63,$0.04B,$0.03B,85.00%,$0.04B,$0.00B,2.50%,$0.04B,0,0.00%,$0.04B,0,0.00%,$0.04B,$0.00B,2.50%,$0.04B,0,0.00%,$0.00B,$0.09B,0.00%,$0.00B,$0.08B,0.00%,$0.00B,$0.74B,0.00%,$0.00B,$0.13B,0.72%,$10,$2,$9,$0,$8,$9,$1,$0,$1,$0,$1,$1,$1,$0,$0,$7,7,$0.08,$0.08,$132,$0,$0,$669,$18,$15,$8,$33,$74,$743,$606,$45,$4,$49,$655,$10,$64,$-1,$88,$743,$2,$1,$2,$2,$4,$0,$0,$-1,$3,$7,$-1,$0,$0,$-2,$2,$0,$-9,$-10,$-10,$0,$-10,$0,$0,$0,$12,$2,$-0,$0,$0
26,2011-12-31,3.51,$12.40,0.28,$6.12,0.57,$4.13,0.85,$-0.01,0.0,$0.66B,$0.59B,1.12,$0.06B,$0.07B,0.77,$0.04B,$0.03B,80.49%,$0.04B,$0.00B,4.88%,$0.04B,0,0.00%,$0.04B,0,0.00%,$0.04B,$0.00B,4.88%,$0.04B,0,0.00%,$0.00B,$0.09B,0.00%,$0.00B,$0.08B,0.00%,$0.00B,$0.74B,0.00%,$0.00B,$0.14B,1.41%,$10,$2,$9,$0,$7,$9,$2,$0,$2,$1,$1,$1,$1,$0,$0,$7,7,$0.15,$0.15,$131,$0,$0,$663,$17,$16,$8,$32,$73,$736,$590,$55,$4,$59,$649,$10,$63,$-1,$87,$736,$1,$0,$0,$1,$1,$0,$0,$0,$2,$4,$-0,$0,$0,$-1,$1,$-1,$0,$-1,$0,$-0,$-0,$0,$0,$0,$-4,$-4,$-1,$0,$0
27,2011-09-30,3.59,$12.24,0.29,$6.32,0.57,$4.18,0.86,$0.00,0.0,$0.66B,$0.59B,1.11,$0.06B,$0.07B,0.78,$0.04B,$0.03B,76.74%,$0.04B,$0.00B,4.65%,$0.04B,0,0.00%,$0.04B,0,0.00%,$0.04B,$0.00B,4.65%,$0.04B,0,0.00%,$0.00B,$0.09B,0.00%,$0.00B,$0.08B,0.00%,$0.00B,$0.74B,0.00%,$0.00B,$0.14B,1.41%,$10,$2,$8,$0,$8,$10,$-0,$0,$-0,$-0,$-0,$-0,$-0,$0,$0,$7,7,$-0.05,$-0.05,$131,$0,$0,$661,$17,$17,$8,$35,$77,$738,$593,$55,$4,$59,$652,$10,$62,$-1,$86,$738,$1,$2,$7,$8,$-0,$0,$0,$2,$1,$11,$-1,$0,$0,$-1,$5,$5,$-8,$-4,$-20,$0,$-20,$0,$0,$0,$14,$-6,$0,$0,$0
28,2011-06-30,5.26,$12.25,0.43,$6.37,0.83,$3.57,1.47,$-0.01,0.0,$0.66B,$0.59B,1.11,$0.06B,$0.07B,0.78,$0.04B,$0.03B,76.74%,$0.04B,$0.00B,4.65%,$0.04B,0,0.00%,$0.04B,0,0.00%,$0.04B,$0.00B,4.65%,$0.04B,0,0.00%,$0.00B,$0.09B,0.00%,$0.00B,$0.08B,0.00%,$0.00B,$0.74B,0.00%,$0.00B,$0.14B,1.37%,$10,$2,$8,$0,$10,$12,$-2,$0,$-2,$-1,$-1,$-1,$-2,$0,$0,$7,7,$-0.23,$-0.23,$132,$0,$0,$656,$17,$18,$9,$36,$79,$735,$590,$55,$4,$59,$649,$10,$63,$-1,$86,$735,$1,$1,$4,$5,$3,$0,$0,$-0,$3,$9,$-0,$0,$0,$-0,$4,$4,$-1,$3,$-20,$-0,$-20,$0,$0,$0,$11,$-9,$3,$0,$0
29,2011-03-31,4.99,$12.43,0.4,$6.50,0.77,$2.97,1.68,$0.30,16.63,$0.67B,$0.60B,1.12,$0.06B,$0.07B,0.77,$0.04B,$0.03B,75.00%,$0.04B,$0.01B,11.36%,$0.04B,0,0.00%,$0.04B,0,0.00%,$0.04B,$0.01B,11.36%,$0.04B,$0.00B,6.82%,$0.00B,$0.09B,3.47%,$0.00B,$0.08B,3.86%,$0.00B,$0.74B,0.41%,$0.01B,$0.14B,3.30%,$11,$2,$8,$0,$7,$9,$2,$0,$2,$0,$1,$1,$1,$0,$0,$7,7,$0.12,$0.12,$136,$0,$0,$666,$17,$18,$9,$33,$78,$744,$598,$55,$4,$59,$656,$10,$64,$-1,$88,$744,$2,$1,$0,$1,$3,$0,$0,$0,$3,$6,$-0,$0,$0,$1,$4,$4,$-2,$3,$-20,$-0,$-20,$0,$0,$0,$18,$-2,$7,$0,$0
30,2010-12-31,3.21,$12.29,0.26,$6.36,0.5,$2.24,1.43,$-0.33,0.0,$0.64B,$0.58B,1.11,$0.06B,$0.07B,0.78,$0.04B,$0.03B,74.42%,$0.04B,$-0.00B,-4.65%,$0.04B,0,0.00%,$0.04B,0,0.00%,$0.04B,$-0.00B,-4.65%,$0.04B,$-0.00B,-2.33%,$-0.00B,$0.09B,-1.17%,$-0.00B,$0.08B,-1.30%,$-0.00B,$0.72B,-0.14%,$-0.00B,$0.14B,-1.26%,$12,$2,$9,$0,$7,$10,$2,$0,$2,$1,$1,$1,$1,$0,$0,$7,7,$0.16,$0.16,$116,$0,$0,$642,$17,$19,$9,$35,$80,$722,$578,$55,$3,$58,$636,$10,$63,$-1,$87,$722,$1,$0,$-0,$0,$2,$0,$0,$1,$2,$4,$-0,$0,$0,$-0,$3,$3,$1,$3,$-20,$0,$-20,$0,$0,$0,$-2,$-21,$-14,$0,$0
31,2010-09-30,3.59,$12.12,0.3,$6.30,0.57,$1.27,2.82,$-0.50,0.0,$0.66B,$0.58B,1.14,$0.08B,$0.07B,1.08,$0.04B,$0.03B,73.81%,$0.04B,$-0.00B,-9.52%,$0.04B,0,0.00%,$0.04B,0,0.00%,$0.04B,$-0.00B,-9.52%,$0.04B,$-0.00B,-4.76%,$-0.00B,$0.09B,-2.33%,$-0.00B,$0.08B,-2.60%,$-0.00B,$0.74B,-0.27%,$-0.00B,$0.16B,-2.41%,$10,$3,$8,$0,$8,$11,$-0,$0,$-0,$-0,$-0,$-0,$-0,$0,$0,$7,7,$-0.06,$-0.06,$130,$0,$0,$660,$17,$22,$8,$35,$83,$743,$579,$75,$3,$78,$657,$10,$62,$-1,$85,$743,$-2,$2,$13,$15,$-2,$0,$0,$-5,$-7,$6,$-0,$0,$0,$-15,$4,$-11,$8,$-3,$-20,$-10,$-30,$0,$0,$-1,$73,$42,$45,$0,$-1
32,2010-06-30,2.93,$12.16,0.24,$6.39,0.46,$1.87,1.57,$-0.52,0.0,$0.65B,$0.57B,1.14,$0.08B,$0.07B,1.07,$0.04B,$0.03B,72.09%,$0.04B,$-0.01B,-11.63%,$0.04B,0,0.00%,$0.04B,0,0.00%,$0.04B,$-0.01B,-11.63%,$0.04B,$-0.00B,-6.98%,$-0.00B,$0.09B,-3.48%,$-0.00B,$0.08B,-3.88%,$-0.00B,$0.73B,-0.42%,$-0.01B,$0.16B,-2.88%,$11,$3,$8,$0,$7,$10,$1,$0,$1,$0,$1,$1,$1,$0,$0,$7,7,$0.08,$0.08,$110,$0,$0,$646,$18,$23,$9,$37,$86,$732,$569,$75,$3,$78,$647,$10,$63,$-1,$86,$732,$-2,$1,$12,$13,$-0,$0,$0,$-6,$-6,$5,$-0,$0,$0,$-12,$3,$-9,$2,$-7,$-20,$-10,$-30,$0,$0,$-1,$62,$31,$29,$0,$-1
33,2010-03-31,3.56,$12.05,0.3,$6.60,0.54,$2.07,1.72,$-0.48,0.0,$0.64B,$0.55B,1.15,$0.09B,$0.07B,1.23,$0.04B,$0.03B,72.73%,$0.04B,$-0.01B,-11.36%,$0.04B,0,0.00%,$0.04B,0,0.00%,$0.04B,$-0.01B,-11.36%,$0.04B,$-0.00B,-6.82%,$-0.00B,$0.09B,-3.45%,$-0.00B,$0.08B,-3.85%,$-0.00B,$0.73B,-0.43%,$-0.01B,$0.17B,-2.79%,$10,$3,$7,$0,$12,$15,$-5,$0,$-5,$-2,$-3,$-3,$-3,$0,$0,$7,7,$-0.51,$-0.51,$94,$0,$0,$635,$18,$24,$9,$39,$90,$725,$552,$85,$3,$88,$640,$10,$62,$-1,$85,$725,$-3,$1,$9,$10,$1,$0,$0,$-6,$-5,$2,$-0,$0,$0,$-15,$2,$-13,$-5,$-18,$-20,$-0,$-20,$0,$0,$-1,$46,$25,$9,$0,$-1
34,2009-12-31,3.94,$12.38,0.32,$6.94,0.57,$1.55,2.55,$-0.21,0.0,$0.63B,$0.54B,1.17,$0.09B,$0.07B,1.19,$0.05B,$0.03B,71.74%,$0.05B,$-0.00B,-4.35%,$0.05B,0,0.00%,$0.05B,0,0.00%,$0.05B,$-0.00B,-4.35%,$0.05B,$-0.00B,-4.35%,$-0.00B,$0.09B,-2.28%,$-0.00B,$0.08B,-2.53%,$-0.00B,$0.72B,-0.29%,$-0.00B,$0.17B,-1.09%,$11,$3,$8,$0,$8,$11,$0,$0,$0,$0,$0,$0,$-0,$0,$0,$7,7,$-0.01,$-0.01,$83,$0,$0,$634,$18,$25,$9,$31,$83,$716,$542,$85,$3,$88,$629,$10,$66,$-2,$87,$716,$0,$0,$3,$3,$-2,$0,$0,$-4,$-5,$-2,$-0,$0,$0,$-11,$1,$-10,$0,$-10,$-20,$-0,$-20,$0,$0,$-0,$35,$15,$2,$0,$-0
35,2009-09-30,4.09,$12.38,0.33,$6.92,0.59,$2.15,1.9,$-0.15,0.0,$0.62B,$0.51B,1.22,$0.11B,$0.07B,1.47,$0.05B,$0.03B,69.57%,$0.05B,$-0.00B,-2.17%,$0.05B,0,0.00%,$0.05B,0,0.00%,$0.05B,$-0.00B,-2.17%,$0.05B,$-0.00B,-4.35%,$-0.00B,$0.09B,-2.25%,$-0.00B,$0.08B,-2.49%,$-0.00B,$0.70B,-0.29%,$-0.00B,$0.19B,-0.53%,$11,$3,$8,$0,$9,$12,$-1,$0,$-1,$-1,$-0,$-0,$-1,$0,$0,$7,7,$-0.08,$-0.08,$70,$0,$0,$620,$18,$26,$9,$29,$82,$702,$506,$105,$3,$108,$614,$10,$66,$-2,$87,$702,$-0,$1,$10,$12,$4,$0,$0,$-4,$0,$11,$-2,$0,$0,$-3,$5,$2,$-9,$-9,$-10,$10,$0,$2,$17,$-3,$7,$21,$24,$0,$-3
36,2009-06-30,3.56,$12.60,0.28,$7.20,0.49,$2.08,1.71,$0.14,25.42,$0.59B,$0.49B,1.21,$0.10B,$0.07B,1.3,$0.05B,$0.03B,68.75%,$0.05B,$0.00B,4.17%,$0.05B,0,0.00%,$0.05B,0,0.00%,$0.05B,$0.00B,4.17%,$0.05B,0,0.00%,$0.00B,$0.09B,0.00%,$0.00B,$0.08B,0.00%,$0.00B,$0.68B,0.00%,$0.00B,$0.18B,1.09%,$12,$3,$9,$0,$7,$11,$1,$0,$1,$0,$1,$1,$1,$0,$0,$7,7,$0.12,$0.12,$44,$0,$0,$593,$18,$30,$9,$26,$83,$675,$488,$95,$4,$99,$587,$10,$67,$-1,$89,$675,$0,$1,$6,$7,$2,$0,$0,$-1,$0,$8,$-2,$0,$0,$0,$4,$4,$-2,$0,$-10,$-0,$-10,$2,$17,$-3,$-11,$-7,$1,$0,$-3
37,2009-03-31,4.38,$12.54,0.35,$6.80,0.64,$2.33,1.88,$-0.06,0.0,$0.61B,$0.51B,1.21,$0.10B,$0.07B,1.3,$0.05B,$0.03B,66.67%,$0.05B,$0.00B,2.22%,$0.05B,0,0.00%,$0.05B,0,0.00%,$0.05B,$0.00B,2.22%,$0.05B,$-0.00B,-4.44%,$-0.00B,$0.09B,-2.43%,$-0.00B,$0.08B,-2.69%,$-0.00B,$0.69B,-0.30%,$0.00B,$0.18B,0.55%,$12,$3,$8,$0,$11,$14,$-2,$0,$-2,$-1,$-1,$-1,$-2,$0,$0,$7,7,$-0.24,$-0.24,$57,$0,$0,$614,$18,$31,$8,$22,$79,$693,$507,$95,$3,$98,$605,$10,$67,$-2,$88,$693,$-1,$1,$6,$7,$-5,$0,$0,$-2,$-7,$-1,$-1,$0,$0,$0,$3,$3,$1,$2,$-10,$-0,$-10,$2,$17,$-2,$7,$13,$14,$0,$-2
38,2008-12-31,6.21,$12.94,0.48,$6.93,0.9,$2.74,2.27,$0.42,14.79,$0.60B,$0.48B,1.24,$0.10B,$0.09B,1.1,$0.05B,$0.03B,66.67%,$0.05B,$0.01B,11.11%,$0.05B,0,0.00%,$0.05B,0,0.00%,$0.05B,$0.01B,11.11%,$0.05B,$0.00B,4.44%,$0.00B,$0.09B,2.53%,$0.00B,$0.08B,2.82%,$0.00B,$0.67B,0.30%,$0.01B,$0.19B,2.74%,$11,$4,$7,$0,$7,$10,$1,$0,$1,$0,$0,$0,$0,$0,$0,$7,7,$0.05,$0.05,$34,$0,$0,$595,$17,$34,$8,$18,$77,$672,$478,$100,$3,$103,$581,$0,$69,$-1,$91,$672,$0,$0,$2,$3,$-0,$0,$0,$-0,$-1,$2,$-1,$0,$0,$0,$1,$1,$-1,$-1,$-5,$-0,$-5,$1,$17,$-1,$-21,$-10,$-9,$0,$-1
39,2008-09-30,6.19,$10.74,0.58,$7.21,0.86,$3.20,1.93,$0.61,10.15,$0.60B,$0.50B,1.21,$0.11B,$0.08B,1.4,$0.05B,$0.03B,65.96%,$0.05B,$0.01B,12.77%,$0.05B,0,0.00%,$0.05B,0,0.00%,$0.05B,$0.01B,12.77%,$0.05B,$0.00B,8.51%,$0.00B,$0.08B,5.33%,$0.00B,$0.07B,5.97%,$0.00B,$0.68B,0.60%,$0.01B,$0.18B,3.33%,$13,$4,$9,$0,$7,$11,$2,$0,$2,$1,$1,$1,$1,$0,$0,$6,7,$0.20,$0.21,$43,$0,$0,$603,$17,$37,$8,$17,$78,$682,$499,$105,$3,$108,$607,$9,$69,$-0,$75,$682,$4,$1,$5,$7,$-1,$0,$0,$0,$-1,$10,$-1,$0,$0,$0,$30,$30,$-45,$-16,$35,$-30,$5,$-1,$-1,$-3,$31,$32,$26,$0,$-3
40,2008-06-30,6.54,$10.84,0.6,$7.12,0.92,$3.37,1.94,$0.72,9.08,$0.58B,$0.48B,1.21,$0.11B,$0.08B,1.4,$0.05B,$0.03B,63.83%,$0.05B,$0.01B,14.89%,$0.05B,0,0.00%,$0.05B,0,0.00%,$0.05B,$0.01B,14.89%,$0.05B,$0.01B,10.64%,$0.01B,$0.08B,6.67%,$0.01B,$0.07B,7.46%,$0.01B,$0.66B,0.77%,$0.01B,$0.18B,3.92%,$9,$4,$6,$0,$5,$9,$0,$0,$0,$1,$-1,$-1,$-1,$0,$0,$6,7,$-0.08,$-0.08,$24,$0,$0,$583,$16,$39,$8,$17,$81,$664,$481,$105,$3,$108,$589,$0,$69,$0,$75,$664,$3,$1,$3,$4,$0,$0,$0,$-0,$0,$7,$-0,$0,$0,$0,$29,$29,$-44,$-16,$35,$-30,$5,$-1,$-1,$-2,$13,$15,$7,$0,$-2
41,2008-03-31,9.32,$10.88,0.86,$7.45,1.25,$3.45,2.7,$1.11,8.4,$0.57B,$0.47B,1.2,$0.11B,$0.08B,1.41,$0.05B,$0.03B,64.00%,$0.05B,$0.01B,20.00%,$0.05B,0,0.00%,$0.05B,0,0.00%,$0.05B,$0.01B,20.00%,$0.05B,$0.01B,16.00%,$0.01B,$0.08B,10.70%,$0.01B,$0.07B,11.99%,$0.01B,$0.66B,1.24%,$0.01B,$0.18B,5.54%,$12,$4,$8,$0,$6,$10,$2,$0,$2,$1,$2,$2,$2,$0,$0,$6,7,$0.25,$0.24,$14,$0,$0,$565,$16,$49,$8,$16,$89,$655,$471,$106,$3,$109,$580,$0,$70,$-1,$75,$655,$3,$1,$1,$2,$-4,$0,$0,$-0,$-4,$1,$-0,$0,$0,$0,$21,$21,$-30,$-10,$35,$-29,$6,$-2,$-2,$-1,$3,$6,$-2,$0,$-1
42,2007-12-31,9.66,$10.84,0.89,$7.19,1.34,$3.98,2.42,$1.14,8.47,$0.56B,$0.46B,1.21,$0.11B,$0.08B,1.42,$0.05B,$0.03B,64.00%,$0.05B,$0.01B,22.00%,$0.05B,0,0.00%,$0.05B,0,0.00%,$0.05B,$0.01B,22.00%,$0.05B,$0.01B,16.00%,$0.01B,$0.08B,10.60%,$0.01B,$0.07B,11.85%,$0.01B,$0.65B,1.26%,$0.01B,$0.18B,6.19%,$13,$5,$8,$0,$6,$11,$2,$0,$2,$1,$2,$2,$2,$0,$0,$7,7,$0.25,$0.24,$17,$0,$0,$557,$17,$51,$8,$15,$90,$647,$462,$106,$3,$110,$572,$0,$69,$-1,$75,$647,$2,$0,$1,$1,$1,$0,$0,$1,$2,$5,$-0,$0,$0,$0,$19,$19,$-23,$-4,$10,$-3,$7,$-1,$-1,$-1,$-5,$-0,$0,$0,$-1
43,2007-09-30,12.33,$10.72,1.15,$6.80,1.81,$3.87,3.19,$1.17,10.54,$0.54B,$0.47B,1.15,$0.10B,$0.08B,1.34,$0.05B,$0.03B,66.67%,$0.05B,$0.01B,25.00%,$0.05B,0,0.00%,$0.05B,0,0.00%,$0.05B,$0.01B,25.00%,$0.05B,$0.01B,16.67%,$0.01B,$0.08B,10.53%,$0.01B,$0.07B,11.76%,$0.01B,$0.65B,1.29%,$0.01B,$0.17B,7.00%,$13,$4,$8,$0,$5,$10,$3,$0,$3,$1,$2,$2,$2,$0,$0,$7,7,$0.32,$0.32,$17,$0,$0,$535,$17,$70,$8,$15,$109,$645,$467,$100,$3,$103,$570,$0,$68,$-1,$75,$645,$8,$1,$1,$2,$2,$0,$0,$-1,$1,$11,$-1,$0,$0,$0,$18,$18,$-93,$-76,$36,$1,$37,$-12,$-12,$-3,$36,$59,$-6,$0,$-3
44,2007-06-30,12.29,$10.53,1.17,$6.47,1.9,$3.17,3.88,$1.15,10.73,$0.51B,$0.43B,1.18,$0.11B,$0.07B,1.52,$0.05B,$0.03B,69.57%,$0.05B,$0.01B,26.09%,$0.05B,0,0.00%,$0.05B,0,0.00%,$0.05B,$0.01B,26.09%,$0.05B,$0.01B,17.39%,$0.01B,$0.07B,10.39%,$0.01B,$0.07B,11.59%,$0.01B,$0.62B,1.33%,$0.01B,$0.19B,7.34%,$12,$4,$8,$0,$5,$9,$3,$0,$3,$1,$2,$2,$2,$0,$0,$7,7,$0.32,$0.31,$13,$0,$0,$514,$17,$71,$8,$15,$110,$624,$434,$112,$3,$116,$550,$0,$67,$-1,$74,$624,$6,$1,$0,$1,$2,$0,$0,$-0,$1,$9,$-1,$0,$0,$0,$17,$17,$-75,$-58,$6,$44,$50,$-10,$-10,$-2,$3,$40,$-10,$0,$-2
45,2007-03-31,13.73,$10.66,1.29,$6.13,2.24,$2.91,4.71,$1.12,12.31,$0.51B,$0.45B,1.14,$0.09B,$0.08B,1.19,$0.05B,$0.03B,71.11%,$0.05B,$0.01B,26.67%,$0.05B,0,0.00%,$0.05B,0,0.00%,$0.05B,$0.01B,26.67%,$0.05B,$0.01B,17.78%,$0.01B,$0.08B,10.22%,$0.01B,$0.07B,11.39%,$0.01B,$0.62B,1.36%,$0.01B,$0.17B,7.99%,$12,$4,$8,$0,$5,$9,$3,$0,$3,$1,$2,$2,$2,$0,$0,$7,7,$0.28,$0.27,$22,$0,$0,$505,$17,$73,$8,$15,$113,$618,$445,$92,$3,$95,$540,$0,$65,$-1,$78,$618,$4,$1,$0,$1,$1,$0,$0,$-1,$0,$5,$-1,$0,$0,$0,$15,$15,$-56,$-42,$25,$4,$29,$-5,$-5,$-1,$14,$36,$-1,$0,$-1
46,2006-12-31,14.38,$10.53,1.37,$5.88,2.44,$3.09,4.65,$1.11,12.95,$0.48B,$0.44B,1.1,$0.08B,$0.08B,1.02,$0.04B,$0.03B,74.42%,$0.04B,$0.01B,27.91%,$0.04B,0,0.00%,$0.04B,0,0.00%,$0.04B,$0.01B,27.91%,$0.04B,$0.01B,18.60%,$0.01B,$0.08B,10.22%,$0.01B,$0.07B,11.43%,$0.01B,$0.59B,1.40%,$0.01B,$0.16B,8.41%,$11,$3,$8,$0,$5,$8,$3,$0,$3,$1,$2,$2,$2,$0,$0,$7,7,$0.28,$0.27,$25,$0,$0,$480,$17,$76,$8,$14,$114,$594,$436,$78,$3,$81,$517,$0,$64,$-1,$77,$594,$2,$0,$0,$0,$1,$0,$0,$1,$2,$4,$-0,$0,$0,$0,$12,$12,$-28,$-17,$30,$-14,$16,$-4,$-4,$-1,$3,$15,$2,$0,$-1
