,Date,Stock Price,Book Value per Share,Price to Book Ratio,TTM Sales per Share,Price to Sales Ratio,TTM FCF per Share,Price to FCF Ratio,TTM Net EPS,PE Ratio,Current Assets,Current Liabilities,Current Ratio,Long Term Debt,Shareholder's Equity_x,Debt to Equity Ratio,TTM Revenue_x,TTM Gross Profit,Gross Margin,TTM Revenue_y,TTM Operating Income,Operating Margin,TTM Revenue_x,TTM EBIT,EBIT Margin,TTM Revenue_y,TTM EBITDA,EBITDA Margin,TTM Revenue_x,TTM Pre-Tax Income,Pre-Tax Margin,TTM Revenue_y,TTM Net Income_x,Net Margin,TTM Net Income_y,Shareholder's Equity_y,Return on Equity,TTM Net Income_x,Tangible Equity,Return on Tangible Equity,TTM Net Income_y,Total Assets,Return on Assets,TTM Net Income,LT Investments & Debt,Return on Investment,revenue,cost-goods-sold,gross-profit,research-development-expenses,selling-general-administrative-expenses,operating-expenses,operating-income,total-non-operating-income-expense,pre-tax-income,total-provision-income-taxes,income-after-taxes,income-from-continuous-operations,net-income,ebitda,ebit,basic-shares-outstanding,shares-outstanding,eps-basic-net-earnings-per-share,eps-earnings-per-share-diluted,cash-on-hand,inventory,other-current-assets,total-current-assets,net-property-plant-equipment,long-term-investments,goodwill-intangible-assets-total,other-long-term-assets,total-long-term-assets,total-assets,total-current-liabilities,long-term-debt,other-non-current-liabilities,total-long-term-liabilities,total-liabilities,common-stock-net,retained-earnings-accumulated-deficit,comprehensive-income,total-share-holder-equity,total-liabilities-share-holders-equity,net-income-loss,total-depreciation-amortization-cash-flow,other-non-cash-items,total-non-cash-items,change-in-accounts-receivable,change-in-inventories,change-in-accounts-payable,change-in-assets-liabilities,total-change-in-assets-liabilities,cash-flow-from-operating-activities,net-change-in-property-plant-equipment,net-change-in-intangible-assets,net-acquisitions-divestitures,net-change-in-short-term-investments,net-change-in-long-term-investments,net-change-in-investments-total,investing-activities-other,cash-flow-from-investing-activities,net-long-term-debt,net-current-debt,debt-issuance-retirement-net-total,net-common-equity-issued-repurchased,net-total-equity-issued-repurchased,total-common-preferred-stock-dividends-paid,financial-activities-other,cash-flow-from-financial-activities,net-cash-flow,stock-based-compensation,common-stock-dividends-paid
0,2018-09-30,27.6,$16.17,1.71,$7.91,3.49,$4.78,5.77,$1.26,21.9,$4.95B,$4.84B,1.02,$0.26B,$0.43B,0.61,$0.23B,$0.16B,68.86%,$0.23B,$0.06B,25.44%,$0.23B,0,0.00%,$0.23B,0,0.00%,$0.23B,$0.06B,25.44%,$0.23B,$0.05B,21.93%,$0.05B,$0.47B,11.42%,$0.05B,$0.40B,13.49%,$0.05B,$5.57B,0.98%,$0.06B,$0.73B,7.95%,$65,$24,$42,$0,$25,$49,$16,$0,$16,$2,$14,$14,$14,$0,$0,$28,29,$0.49,$0.47,$187,$0,$0,$4950,$5,$401,$68,$149,$624,$5573,$4839,$262,$0,$267,$5106,$293,$150,$1,$468,$5573,$39,$3,$6,$9,$-5,$0,$2,$-0,$7,$56,$-1,$0,$-1,$0,$-757,$-757,$7,$-752,$-74,$0,$-74,$-3,$35,$-1,$767,$727,$30,$6,$0
1,2018-06-30,26.1,$15.68,1.66,$7.31,3.57,$3.69,7.08,$1.61,16.21,$4.72B,$4.51B,1.05,$0.27B,$0.42B,0.64,$0.21B,$0.15B,71.43%,$0.21B,$0.05B,25.71%,$0.21B,0,0.00%,$0.21B,0,0.00%,$0.21B,$0.05B,25.71%,$0.21B,$0.05B,21.90%,$0.05B,$0.45B,11.08%,$0.05B,$0.39B,13.18%,$0.05B,$5.23B,0.95%,$0.05B,$0.72B,7.59%,$60,$19,$41,$0,$25,$45,$16,$0,$16,$1,$15,$15,$14,$0,$0,$28,29,$0.50,$0.48,$164,$0,$0,$4718,$5,$297,$69,$146,$516,$5234,$4511,$265,$0,$270,$4780,$292,$136,$1,$454,$5234,$25,$2,$4,$7,$-3,$0,$-0,$-0,$1,$32,$-1,$0,$-1,$0,$-444,$-444,$3,$-443,$-71,$0,$-71,$-2,$37,$-1,$454,$419,$8,$4,$0
2,2018-03-31,23.25,$15.19,1.53,$6.74,3.45,$2.88,8.08,$1.42,16.37,$4.45B,$4.16B,1.07,$0.31B,$0.40B,0.76,$0.19B,$0.14B,73.71%,$0.19B,$0.05B,25.26%,$0.19B,0,0.00%,$0.19B,0,0.00%,$0.19B,$0.05B,25.26%,$0.19B,$0.04B,20.62%,$0.04B,$0.44B,10.17%,$0.04B,$0.38B,12.20%,$0.04B,$4.91B,0.87%,$0.05B,$0.75B,6.86%,$53,$15,$37,$0,$24,$39,$13,$0,$13,$3,$10,$10,$10,$0,$0,$28,29,$0.38,$0.36,$145,$0,$0,$4448,$5,$253,$65,$136,$459,$4907,$4157,$305,$0,$309,$4467,$291,$122,$2,$440,$4907,$10,$1,$2,$3,$-1,$0,$-0,$0,$0,$15,$-0,$0,$0,$0,$-148,$-148,$3,$-145,$-31,$0,$-31,$-0,$38,$0,$111,$119,$-11,$2,$0
3,2017-12-31,23.0,$13.61,1.69,$6.31,3.64,$2.40,9.56,$1.32,17.42,$4.34B,$4.05B,1.07,$0.34B,$0.39B,0.86,$0.18B,$0.14B,76.24%,$0.18B,$0.05B,25.97%,$0.18B,0,0.00%,$0.18B,0,0.00%,$0.18B,$0.05B,25.97%,$0.18B,$0.04B,20.44%,$0.04B,$0.39B,9.91%,$0.04B,$0.32B,12.03%,$0.04B,$4.78B,0.84%,$0.05B,$0.73B,6.66%,$50,$13,$37,$0,$24,$37,$13,$0,$13,$1,$12,$12,$12,$0,$0,$28,29,$0.44,$0.42,$156,$0,$0,$4339,$5,$228,$65,$140,$438,$4778,$4049,$336,$0,$340,$4389,$290,$112,$1,$389,$4778,$38,$4,$14,$19,$-4,$0,$1,$0,$-15,$38,$-1,$0,$0,$0,$-783,$-783,$7,$-776,$96,$0,$96,$-7,$-7,$0,$701,$790,$52,$6,$0
4,2017-09-30,22.9,$13.17,1.74,$5.98,3.83,$2.06,11.09,$1.17,19.57,$4.06B,$3.84B,1.06,$0.28B,$0.38B,0.74,$0.17B,$0.13B,78.36%,$0.17B,$0.05B,26.32%,$0.17B,0,0.00%,$0.17B,0,0.00%,$0.17B,$0.05B,26.32%,$0.17B,$0.03B,19.30%,$0.03B,$0.38B,9.06%,$0.03B,$0.31B,11.08%,$0.03B,$4.50B,0.79%,$0.05B,$0.66B,6.70%,$47,$12,$35,$0,$23,$35,$12,$0,$12,$2,$10,$10,$10,$0,$0,$28,29,$0.36,$0.35,$137,$0,$0,$4063,$5,$228,$66,$128,$433,$4496,$3840,$279,$0,$279,$4119,$289,$100,$1,$377,$4496,$26,$3,$4,$8,$-2,$0,$-0,$0,$-8,$23,$-1,$0,$0,$0,$-515,$-515,$7,$-508,$40,$0,$40,$-5,$-5,$0,$483,$517,$33,$4,$0
5,2017-06-30,25.2,$12.82,1.96,$5.65,4.46,$1.76,14.31,$1.12,22.5,$3.89B,$3.58B,1.09,$0.36B,$0.37B,0.99,$0.16B,$0.13B,80.75%,$0.16B,$0.04B,27.33%,$0.16B,0,0.00%,$0.16B,0,0.00%,$0.16B,$0.04B,27.33%,$0.16B,$0.03B,19.25%,$0.03B,$0.37B,8.71%,$0.03B,$0.30B,10.75%,$0.03B,$4.31B,0.77%,$0.04B,$0.73B,6.73%,$44,$10,$34,$0,$22,$32,$11,$0,$11,$3,$8,$8,$8,$0,$0,$28,29,$0.31,$0.29,$120,$0,$0,$3886,$5,$229,$66,$115,$422,$4308,$3577,$364,$0,$364,$3940,$288,$90,$1,$368,$4308,$16,$2,$3,$5,$-1,$0,$0,$0,$-9,$9,$-1,$0,$0,$0,$-364,$-364,$7,$-357,$124,$0,$124,$-3,$-3,$0,$243,$364,$16,$3,$0
6,2017-03-31,23.35,$12.52,1.87,$5.37,4.34,$1.64,14.23,$1.07,21.82,$3.64B,$3.37B,1.08,$0.35B,$0.36B,0.97,$0.15B,$0.13B,82.89%,$0.15B,$0.04B,28.29%,$0.15B,0,0.00%,$0.15B,0,0.00%,$0.15B,$0.04B,28.29%,$0.15B,$0.03B,19.74%,$0.03B,$0.36B,8.61%,$0.03B,$0.29B,10.69%,$0.03B,$4.08B,0.79%,$0.04B,$0.71B,6.94%,$40,$8,$32,$0,$21,$29,$11,$0,$11,$3,$7,$7,$7,$0,$0,$28,29,$0.27,$0.26,$113,$0,$0,$3644,$5,$243,$67,$110,$431,$4075,$3366,$350,$0,$350,$3715,$286,$81,$1,$360,$4075,$7,$1,$1,$2,$-1,$0,$-0,$0,$-8,$1,$-0,$0,$0,$0,$-140,$-140,$7,$-133,$110,$0,$110,$-1,$-1,$0,$31,$140,$9,$1,$0
7,2016-12-31,22.1,$12.38,1.79,$5.12,4.32,$1.40,15.79,$1.02,21.67,$3.50B,$3.34B,1.05,$0.24B,$0.35B,0.68,$0.14B,$0.12B,84.03%,$0.14B,$0.04B,28.47%,$0.14B,0,0.00%,$0.14B,0,0.00%,$0.14B,$0.04B,28.47%,$0.14B,$0.03B,20.14%,$0.03B,$0.35B,8.51%,$0.03B,$0.29B,10.45%,$0.03B,$3.93B,0.80%,$0.04B,$0.59B,6.87%,$40,$7,$33,$0,$22,$29,$11,$0,$11,$4,$8,$8,$8,$0,$0,$28,28,$0.27,$0.26,$104,$0,$0,$3496,$5,$246,$67,$108,$435,$3930,$3339,$240,$0,$240,$3579,$285,$74,$1,$352,$3930,$29,$4,$7,$11,$-3,$0,$0,$-4,$-9,$30,$-3,$0,$-14,$0,$-578,$-578,$-1,$-596,$-15,$0,$-15,$-2,$-2,$0,$591,$573,$7,$4,$0
8,2016-09-30,16.15,$12.12,1.33,$4.81,3.36,$1.53,10.57,$0.95,17.0,$3.28B,$3.13B,1.05,$0.24B,$0.34B,0.7,$0.14B,$0.12B,85.19%,$0.14B,$0.04B,28.15%,$0.14B,0,0.00%,$0.14B,0,0.00%,$0.14B,$0.04B,28.15%,$0.14B,$0.03B,20.00%,$0.03B,$0.34B,8.08%,$0.03B,$0.28B,9.82%,$0.03B,$3.72B,0.77%,$0.04B,$0.58B,6.40%,$37,$6,$31,$0,$20,$26,$11,$0,$11,$3,$8,$8,$8,$0,$0,$28,28,$0.31,$0.30,$121,$0,$0,$3284,$4,$252,$68,$98,$432,$3716,$3133,$239,$0,$239,$3372,$284,$66,$0,$343,$3716,$21,$3,$2,$5,$-2,$0,$-0,$-2,$-8,$14,$-1,$0,$-14,$0,$-349,$-349,$-1,$-364,$-15,$0,$-15,$-3,$-3,$0,$392,$374,$24,$3,$0
9,2016-06-30,13.73,$11.97,1.15,$4.51,3.04,$1.79,7.67,$0.87,15.78,$3.10B,$2.93B,1.06,$0.26B,$0.34B,0.77,$0.13B,$0.11B,85.83%,$0.13B,$0.04B,28.35%,$0.13B,0,0.00%,$0.13B,0,0.00%,$0.13B,$0.04B,28.35%,$0.13B,$0.03B,19.69%,$0.03B,$0.34B,7.60%,$0.03B,$0.27B,9.14%,$0.03B,$3.53B,0.75%,$0.04B,$0.60B,6.29%,$35,$6,$30,$0,$19,$25,$10,$0,$10,$3,$7,$7,$7,$0,$0,$28,28,$0.25,$0.24,$114,$0,$0,$3102,$4,$250,$68,$93,$426,$3529,$2931,$259,$0,$259,$3191,$282,$58,$-1,$338,$3529,$13,$2,$1,$3,$-1,$0,$0,$-1,$-11,$5,$-0,$0,$-14,$0,$-175,$-175,$1,$-188,$5,$0,$5,$-3,$-3,$0,$198,$200,$18,$2,$0
10,2016-03-31,12.6,$11.67,1.08,$4.33,2.91,$2.03,6.21,$0.83,15.18,$3.00B,$2.79B,1.08,$0.28B,$0.33B,0.86,$0.12B,$0.11B,86.07%,$0.12B,$0.03B,27.87%,$0.12B,0,0.00%,$0.12B,0,0.00%,$0.12B,$0.03B,27.87%,$0.12B,$0.02B,19.67%,$0.02B,$0.33B,7.44%,$0.02B,$0.28B,8.83%,$0.02B,$3.40B,0.75%,$0.03B,$0.62B,6.38%,$32,$5,$27,$0,$18,$23,$9,$0,$9,$3,$6,$6,$6,$0,$0,$28,28,$0.21,$0.21,$110,$0,$0,$2996,$4,$250,$50,$87,$403,$3400,$2785,$284,$0,$284,$3070,$281,$51,$-2,$330,$3400,$6,$1,$1,$2,$-1,$0,$-1,$0,$-12,$-6,$-0,$0,$0,$0,$-76,$-76,$1,$-75,$30,$0,$30,$-2,$-2,$0,$66,$95,$14,$1,$0
11,2015-12-31,13.99,$11.62,1.2,$4.23,3.31,$2.43,5.75,$0.80,17.49,$2.93B,$2.72B,1.08,$0.25B,$0.33B,0.78,$0.12B,$0.10B,87.39%,$0.12B,$0.03B,26.89%,$0.12B,0,0.00%,$0.12B,0,0.00%,$0.12B,$0.03B,26.89%,$0.12B,$0.02B,19.33%,$0.02B,$0.33B,7.25%,$0.02B,$0.28B,8.65%,$0.02B,$3.30B,0.74%,$0.03B,$0.58B,6.57%,$31,$4,$27,$0,$18,$23,$8,$0,$8,$3,$6,$6,$6,$0,$0,$28,28,$0.20,$0.20,$97,$0,$0,$2927,$4,$232,$51,$77,$375,$3302,$2722,$254,$0,$254,$2976,$281,$45,$-1,$326,$3302,$22,$4,$-1,$2,$-1,$0,$0,$1,$9,$32,$-1,$0,$0,$0,$-464,$-464,$-0,$-465,$90,$0,$90,$-3,$-3,$0,$337,$424,$-9,$2,$0
12,2015-09-30,12.47,$11.44,1.09,$4.16,3.0,$2.29,5.44,$0.78,15.99,$2.75B,$2.64B,1.04,$0.18B,$0.32B,0.55,$0.12B,$0.10B,87.29%,$0.12B,$0.03B,26.27%,$0.12B,0,0.00%,$0.12B,0,0.00%,$0.12B,$0.03B,26.27%,$0.12B,$0.02B,18.64%,$0.02B,$0.32B,7.05%,$0.02B,$0.27B,8.45%,$0.02B,$3.13B,0.74%,$0.03B,$0.50B,6.75%,$29,$4,$25,$0,$16,$20,$9,$0,$9,$3,$6,$6,$6,$0,$0,$28,28,$0.22,$0.22,$100,$0,$0,$2749,$4,$234,$51,$80,$381,$3130,$2635,$175,$0,$175,$2810,$281,$40,$-1,$321,$3130,$17,$3,$-2,$1,$-0,$0,$-1,$1,$5,$22,$-1,$0,$0,$0,$-281,$-281,$-0,$-282,$10,$0,$10,$-3,$-3,$0,$248,$255,$-5,$1,$0
13,2015-06-30,12.93,$11.23,1.15,$4.13,3.13,$2.30,5.63,$0.76,17.01,$2.64B,$2.58B,1.03,$0.13B,$0.31B,0.4,$0.12B,$0.10B,88.14%,$0.12B,$0.03B,25.42%,$0.12B,0,0.00%,$0.12B,0,0.00%,$0.12B,$0.03B,25.42%,$0.12B,$0.02B,18.64%,$0.02B,$0.31B,7.13%,$0.02B,$0.26B,8.57%,$0.02B,$3.02B,0.76%,$0.03B,$0.44B,6.62%,$30,$4,$26,$0,$17,$22,$8,$0,$8,$3,$6,$6,$6,$0,$0,$28,28,$0.21,$0.20,$100,$0,$0,$2644,$4,$231,$52,$76,$373,$3017,$2578,$125,$0,$125,$2703,$281,$33,$-0,$314,$3017,$11,$2,$-1,$1,$-0,$0,$-0,$0,$2,$12,$-1,$0,$0,$0,$-167,$-167,$-5,$-173,$-40,$0,$-40,$-3,$-3,$0,$198,$155,$-5,$1,$0
14,2015-03-31,10.47,$11.00,0.95,$4.03,2.6,$2.24,4.68,$0.58,18.05,$2.58B,$2.48B,1.04,$0.13B,$0.31B,0.41,$0.12B,$0.10B,88.79%,$0.12B,$0.02B,19.83%,$0.12B,0,0.00%,$0.12B,0,0.00%,$0.12B,$0.02B,19.83%,$0.12B,$0.02B,14.66%,$0.02B,$0.31B,5.57%,$0.02B,$0.26B,6.72%,$0.02B,$2.92B,0.60%,$0.02B,$0.43B,5.02%,$29,$4,$26,$0,$18,$22,$7,$0,$7,$2,$5,$5,$5,$0,$0,$28,28,$0.18,$0.18,$115,$0,$0,$2577,$4,$200,$52,$71,$339,$2916,$2483,$125,$0,$125,$2608,$281,$28,$-0,$308,$2916,$5,$1,$1,$2,$0,$0,$-1,$0,$0,$6,$-1,$0,$0,$0,$-59,$-59,$0,$-59,$-40,$0,$-40,$-3,$-3,$0,$105,$62,$9,$0,$0
15,2014-12-31,10.24,$10.88,0.94,$3.77,2.72,$2.01,5.1,$0.56,18.29,$2.49B,$2.38B,1.05,$0.17B,$0.31B,0.54,$0.11B,$0.10B,88.18%,$0.11B,$0.02B,20.91%,$0.11B,0,0.00%,$0.11B,0,0.00%,$0.11B,$0.02B,20.91%,$0.11B,$0.02B,15.45%,$0.02B,$0.31B,5.61%,$0.02B,$0.25B,6.79%,$0.02B,$2.85B,0.63%,$0.02B,$0.47B,5.36%,$30,$3,$26,$0,$19,$23,$7,$0,$7,$2,$5,$5,$5,$0,$0,$29,29,$0.18,$0.17,$106,$0,$0,$2492,$4,$219,$52,$68,$355,$2847,$2376,$165,$0,$165,$2541,$281,$23,$-1,$305,$2847,$16,$4,$7,$11,$-0,$0,$1,$0,$1,$28,$-1,$0,$-43,$0,$-547,$-547,$9,$-582,$144,$0,$144,$-6,$-6,$0,$375,$513,$-41,$1,$0
16,2014-09-30,9.07,$10.70,0.85,$3.51,2.59,$2.24,4.04,$0.55,16.49,$2.38B,$2.28B,1.04,$0.17B,$0.31B,0.54,$0.10B,$0.09B,89.00%,$0.10B,$0.02B,22.00%,$0.10B,0,0.00%,$0.10B,0,0.00%,$0.10B,$0.02B,22.00%,$0.10B,$0.02B,18.00%,$0.02B,$0.31B,6.00%,$0.02B,$0.26B,6.91%,$0.02B,$2.75B,0.70%,$0.02B,$0.47B,5.64%,$29,$3,$26,$0,$17,$21,$8,$0,$8,$3,$6,$6,$6,$0,$0,$29,29,$0.20,$0.20,$99,$0,$0,$2379,$4,$240,$53,$68,$375,$2754,$2282,$165,$0,$165,$2447,$281,$18,$-0,$307,$2754,$11,$3,$9,$12,$0,$0,$0,$-1,$-4,$22,$-1,$0,$-43,$0,$-459,$-459,$6,$-497,$144,$0,$144,$0,$0,$0,$283,$427,$-47,$1,$0
17,2014-06-30,14.13,$10.48,1.35,$3.18,4.45,$2.35,6.02,$0.40,35.33,$2.38B,$2.28B,1.05,$0.16B,$0.30B,0.52,$0.09B,$0.08B,87.91%,$0.09B,$0.02B,17.58%,$0.09B,0,0.00%,$0.09B,0,0.00%,$0.09B,$0.02B,17.58%,$0.09B,$0.01B,14.29%,$0.01B,$0.30B,4.40%,$0.01B,$0.25B,4.83%,$0.01B,$2.73B,0.53%,$0.02B,$0.46B,4.58%,$28,$3,$25,$0,$24,$28,$1,$0,$1,$0,$1,$1,$1,$0,$0,$29,29,$0.02,$0.02,$193,$0,$0,$2380,$4,$217,$53,$68,$353,$2733,$2277,$155,$0,$155,$2432,$281,$12,$-1,$301,$2733,$5,$2,$8,$10,$1,$0,$0,$-2,$-4,$11,$-0,$0,$-43,$0,$-313,$-313,$-7,$-363,$134,$0,$134,$0,$0,$0,$264,$398,$46,$0,$0
18,2014-03-31,14.21,$10.44,1.36,$2.96,4.79,$2.15,6.62,$0.53,26.81,$2.21B,$2.22B,0.99,$0.02B,$0.30B,0.07,$0.08B,$0.07B,87.80%,$0.08B,$0.02B,25.61%,$0.08B,0,0.00%,$0.08B,0,0.00%,$0.08B,$0.02B,25.61%,$0.08B,$0.02B,19.51%,$0.02B,$0.30B,5.47%,$0.02B,$0.25B,5.73%,$0.02B,$2.54B,0.69%,$0.02B,$0.32B,6.72%,$23,$2,$20,$0,$13,$16,$7,$0,$7,$2,$5,$5,$5,$0,$0,$29,29,$0.16,$0.16,$291,$0,$0,$2209,$4,$210,$54,$53,$332,$2542,$2222,$20,$0,$20,$2242,$281,$11,$-1,$299,$2542,$5,$1,$-1,$0,$0,$0,$0,$-1,$-3,$-1,$-0,$0,$-43,$0,$-44,$-44,$1,$-86,$0,$0,$0,$0,$0,$0,$231,$231,$145,$0,$0
