,Date,Stock Price,Book Value per Share,Price to Book Ratio,TTM Sales per Share,Price to Sales Ratio,TTM FCF per Share,Price to FCF Ratio,TTM Net EPS,PE Ratio,Current Assets,Current Liabilities,Current Ratio,Long Term Debt,Shareholder's Equity_x,Debt to Equity Ratio,TTM Revenue_x,TTM Gross Profit,Gross Margin,TTM Revenue_y,TTM Operating Income,Operating Margin,TTM Revenue_x,TTM EBIT,EBIT Margin,TTM Revenue_y,TTM EBITDA,EBITDA Margin,TTM Revenue_x,TTM Pre-Tax Income,Pre-Tax Margin,TTM Revenue_y,TTM Net Income_x,Net Margin,TTM Net Income_y,Shareholder's Equity_y,Return on Equity,TTM Net Income_x,Tangible Equity,Return on Tangible Equity,TTM Net Income_y,Total Assets,Return on Assets,TTM Net Income,LT Investments & Debt,Return on Investment,revenue,cost-goods-sold,gross-profit,research-development-expenses,selling-general-administrative-expenses,operating-expenses,operating-income,total-non-operating-income-expense,pre-tax-income,total-provision-income-taxes,income-after-taxes,income-from-continuous-operations,net-income,ebitda,ebit,basic-shares-outstanding,shares-outstanding,eps-basic-net-earnings-per-share,eps-earnings-per-share-diluted,cash-on-hand,inventory,other-current-assets,total-current-assets,net-property-plant-equipment,long-term-investments,goodwill-intangible-assets-total,other-long-term-assets,total-long-term-assets,total-assets,total-current-liabilities,long-term-debt,other-non-current-liabilities,total-long-term-liabilities,total-liabilities,common-stock-net,retained-earnings-accumulated-deficit,comprehensive-income,total-share-holder-equity,total-liabilities-share-holders-equity,net-income-loss,total-depreciation-amortization-cash-flow,other-non-cash-items,total-non-cash-items,change-in-accounts-receivable,change-in-inventories,change-in-accounts-payable,change-in-assets-liabilities,total-change-in-assets-liabilities,cash-flow-from-operating-activities,net-change-in-property-plant-equipment,net-change-in-intangible-assets,net-acquisitions-divestitures,net-change-in-short-term-investments,net-change-in-long-term-investments,net-change-in-investments-total,investing-activities-other,cash-flow-from-investing-activities,net-long-term-debt,net-current-debt,debt-issuance-retirement-net-total,net-common-equity-issued-repurchased,net-total-equity-issued-repurchased,total-common-preferred-stock-dividends-paid,financial-activities-other,cash-flow-from-financial-activities,net-cash-flow,stock-based-compensation,common-stock-dividends-paid
0,2018-09-30,264.77,$30.90,8.57,$101.83,2.6,$-42.87,0.0,$-10.67,0.0,$7.92B,$9.78B,0.81,$9.67B,$5.30B,1.82,$17.52B,$3.04B,17.34%,$17.52B,$-1.40B,-7.98%,$17.52B,$-1.40B,-7.98%,$17.52B,$0.63B,3.57%,$17.52B,$-2.02B,-11.51%,$17.52B,$-1.79B,-10.22%,$-1.79B,$5.30B,-34.81%,$-1.79B,$4.95B,-37.65%,$-1.79B,$29.26B,-6.33%,$-1.40B,$14.98B,-9.66%,$6824,$5301,$1524,$351,$730,$6408,$417,$-145,$271,$17,$255,$255,$312,$966,$417,$171,178,$1.82,$1.75,$3126,$3314,$0,$7920,$11246,$0,$357,$7130,$21342,$29263,$9775,$9673,$3011,$14185,$23960,$0,$-5457,$8,$5302,$29263,$-1273,$1525,$752,$2277,$-686,$-1111,$0,$28,$-141,$863,$-1776,$0,$-7,$0,$0,$0,$-190,$-1972,$286,$0,$286,$220,$220,$0,$180,$686,$-442,$544,$0
1,2018-06-30,342.95,$27.73,12.37,$81.37,4.21,$-56.87,0.0,$-16.12,0.0,$6.70B,$9.14B,0.73,$9.51B,$4.73B,2.01,$13.68B,$1.96B,14.35%,$13.68B,$-2.35B,-17.18%,$13.68B,$-2.35B,-17.18%,$13.68B,$-0.48B,-3.52%,$13.68B,$-2.96B,-21.62%,$13.68B,$-2.72B,-19.89%,$-2.72B,$4.73B,-51.72%,$-2.72B,$4.36B,-56.01%,$-2.72B,$27.91B,-9.73%,$-2.35B,$14.24B,-16.12%,$4002,$3383,$619,$386,$751,$4624,$-621,$-108,$-729,$14,$-743,$-743,$-718,$-101,$-621,$170,170,$-4.22,$-4.22,$2383,$3325,$0,$6700,$10969,$0,$365,$7159,$21210,$27910,$9141,$9513,$3192,$14041,$23182,$0,$-5769,$19,$4728,$27910,$-1527,$976,$516,$1492,$-99,$-1056,$0,$-248,$-492,$-528,$-1265,$0,$-6,$0,$0,$0,$-140,$-1411,$508,$0,$508,$125,$125,$0,$137,$770,$-1182,$339,$0
2,2018-03-31,266.13,$31.31,8.5,$74.72,3.56,$-57.10,0.0,$-13.94,0.0,$6.38B,$8.65B,0.74,$8.76B,$5.32B,1.65,$12.47B,$2.01B,16.13%,$12.47B,$-1.97B,-15.80%,$12.47B,$-1.97B,-15.80%,$12.47B,$-0.20B,-1.58%,$12.47B,$-2.62B,-20.97%,$12.47B,$-2.34B,-18.76%,$-2.34B,$5.32B,-41.53%,$-2.34B,$4.91B,-44.86%,$-2.34B,$27.27B,-8.50%,$-1.97B,$14.08B,-13.73%,$3409,$2952,$457,$367,$686,$4006,$-597,$-182,$-779,$6,$-785,$-785,$-710,$-141,$-597,$169,169,$-4.19,$-4.19,$2786,$2566,$0,$6384,$10519,$0,$408,$7196,$20888,$27271,$8650,$8764,$3319,$13307,$21957,$0,$-5051,$83,$5315,$27271,$-785,$456,$256,$712,$-169,$-322,$0,$-152,$-325,$-398,$-656,$0,$0,$0,$0,$0,$-73,$-729,$263,$0,$263,$94,$94,$0,$15,$372,$-745,$142,$0
3,2017-12-31,311.35,$31.01,10.04,$71.19,4.37,$-54.71,0.0,$-11.79,0.0,$6.57B,$7.68B,0.86,$9.42B,$5.24B,1.8,$11.76B,$2.22B,18.90%,$11.76B,$-1.63B,-13.88%,$11.76B,$-1.63B,-13.88%,$11.76B,$0.10B,0.81%,$11.76B,$-2.21B,-18.79%,$11.76B,$-1.96B,-16.67%,$-1.96B,$5.24B,-34.05%,$-1.96B,$4.81B,-36.76%,$-1.96B,$28.66B,-7.27%,$-1.63B,$14.65B,-11.59%,$3288,$2849,$439,$355,$682,$3886,$-598,$-182,$-780,$-9,$-771,$-771,$-675,$-98,$-598,$166,166,$-4.05,$-4.05,$3523,$2264,$0,$6571,$10028,$0,$422,$7062,$22085,$28655,$7675,$9418,$4752,$15746,$23421,$0,$-4974,$33,$5235,$28655,$-2241,$1727,$949,$2677,$-25,$-179,$0,$-681,$-497,$-61,$-3415,$0,$-115,$0,$0,$0,$-890,$-4419,$3673,$0,$3673,$482,$482,$0,$260,$4415,$-25,$467,$0
4,2017-09-30,341.1,$34.37,9.92,$67.20,5.08,$-43.48,0.0,$-8.56,0.0,$7.07B,$6.47B,1.09,$9.58B,$5.78B,1.66,$10.76B,$2.22B,20.63%,$10.76B,$-1.30B,-12.10%,$10.76B,$-1.30B,-12.10%,$10.76B,$0.28B,2.58%,$10.76B,$-1.64B,-15.22%,$10.76B,$-1.41B,-13.07%,$-1.41B,$5.78B,-24.11%,$-1.41B,$5.36B,-25.95%,$-1.41B,$28.11B,-5.52%,$-1.30B,$15.36B,-9.80%,$2985,$2536,$449,$332,$653,$3520,$-535,$-136,$-671,$-0,$-671,$-671,$-619,$-142,$-535,$167,167,$-3.70,$-3.70,$3668,$2471,$0,$7069,$9394,$0,$417,$6928,$21038,$28107,$6469,$9584,$4793,$15863,$22332,$0,$-4299,$21,$5775,$28107,$-1470,$1227,$666,$1893,$-106,$-419,$0,$-639,$-994,$-571,$-2628,$0,$-109,$0,$0,$0,$-547,$-3284,$3410,$0,$3410,$473,$473,$0,$247,$4129,$310,$332,$0
5,2017-06-30,361.61,$37.24,9.71,$64.00,5.65,$-27.13,0.0,$-4.72,0.0,$6.36B,$6.55B,0.97,$7.13B,$6.22B,1.15,$10.07B,$2.41B,23.91%,$10.07B,$-0.68B,-6.75%,$10.07B,$-0.68B,-6.75%,$10.07B,$0.81B,8.08%,$10.07B,$-0.94B,-9.30%,$10.07B,$-0.77B,-7.60%,$-0.77B,$6.22B,-15.13%,$-0.77B,$5.79B,-16.11%,$-0.77B,$26.04B,-3.54%,$-0.68B,$13.34B,-6.35%,$2790,$2123,$667,$370,$538,$3030,$-241,$-145,$-386,$16,$-401,$-401,$-336,$184,$-241,$165,165,$-2.04,$-2.04,$3154,$2438,$0,$6359,$8399,$0,$425,$6787,$19684,$26044,$6546,$7127,$4753,$13283,$19829,$0,$-3680,$11,$6215,$26044,$-799,$833,$439,$1272,$77,$-394,$0,$-440,$-744,$-270,$-1512,$0,$-109,$0,$0,$0,$-419,$-2040,$1178,$0,$1178,$404,$404,$0,$446,$2028,$-254,$220,$0
6,2017-03-31,278.3,$35.31,7.88,$56.19,4.95,$-20.71,0.0,$-4.77,0.0,$7.03B,$6.25B,1.13,$7.17B,$5.80B,1.24,$8.55B,$2.02B,23.57%,$8.55B,$-0.68B,-7.92%,$8.55B,$-0.68B,-7.92%,$8.55B,$0.60B,6.97%,$8.55B,$-0.84B,-9.83%,$8.55B,$-0.72B,-8.45%,$-0.72B,$5.80B,-17.47%,$-0.72B,$5.37B,-18.36%,$-0.72B,$25.05B,-4.00%,$-0.68B,$12.96B,-7.81%,$2696,$2028,$668,$322,$603,$2954,$-258,$-114,$-372,$25,$-397,$-397,$-330,$151,$-258,$162,162,$-2.04,$-2.04,$4096,$2220,$0,$7028,$7017,$0,$430,$6641,$18026,$25054,$6245,$7166,$4526,$13011,$19257,$0,$-3343,$-21,$5797,$25054,$-397,$408,$182,$590,$92,$-125,$0,$-232,$-263,$-70,$-553,$0,$-109,$0,$0,$0,$-220,$-882,$1021,$0,$1021,$510,$510,$0,$67,$1599,$659,$104,$0
7,2016-12-31,213.69,$34.28,6.23,$48.21,4.43,$-20.39,0.0,$-4.86,0.0,$6.26B,$5.83B,1.07,$5.88B,$5.54B,1.06,$7.00B,$1.60B,22.84%,$7.00B,$-0.67B,-9.53%,$7.00B,$-0.67B,-9.53%,$7.00B,$0.37B,5.34%,$7.00B,$-0.75B,-10.66%,$7.00B,$-0.67B,-9.63%,$-0.67B,$5.54B,-23.03%,$-0.67B,$5.16B,-23.79%,$-0.67B,$22.66B,-4.79%,$-0.67B,$11.42B,-10.58%,$2285,$1849,$435,$246,$456,$2551,$-267,$58,$-208,$11,$-219,$-219,$-121,$85,$-267,$144,144,$-0.61,$-0.60,$3499,$2067,$0,$6260,$5983,$0,$376,$6405,$16404,$22664,$5827,$5879,$4201,$11299,$17126,$0,$-2997,$-24,$5538,$22664,$-773,$1042,$301,$1343,$-217,$-633,$0,$-595,$-694,$-124,$-1281,$0,$214,$17,$0,$17,$-366,$-1416,$1718,$0,$1718,$1866,$1866,$0,$160,$3744,$2196,$334,$0
8,2016-09-30,204.03,$17.89,11.4,$41.84,4.88,$-27.49,0.0,$-6.52,0.0,$5.17B,$4.08B,1.27,$2.46B,$2.68B,0.92,$5.93B,$1.38B,23.33%,$5.93B,$-0.66B,-11.13%,$5.93B,$-0.66B,-11.13%,$5.93B,$0.20B,3.36%,$5.93B,$-0.85B,-14.39%,$5.93B,$-0.87B,-14.72%,$-0.87B,$2.68B,-48.14%,$-0.87B,$2.68B,-48.23%,$-0.87B,$12.59B,-8.37%,$-0.66B,$5.14B,-15.57%,$2298,$1662,$637,$214,$337,$2213,$86,$-56,$30,$8,$22,$22,$22,$394,$86,$149,157,$0.15,$0.14,$3108,$1605,$0,$5172,$4309,$0,$0,$162,$7420,$12592,$4082,$2455,$2794,$5830,$9912,$0,$-2876,$25,$2680,$12592,$-554,$690,$335,$1025,$-111,$-345,$0,$-389,$-147,$324,$-759,$0,$0,$17,$0,$17,$-79,$-822,$534,$0,$534,$1855,$1855,$0,$-18,$2371,$1887,$247,$0
9,2016-06-30,212.28,$17.03,12.47,$34.45,6.16,$-38.04,0.0,$-8.44,0.0,$5.20B,$3.77B,1.38,$2.66B,$2.52B,1.05,$4.57B,$0.98B,21.39%,$4.57B,$-0.93B,-20.36%,$4.57B,$-0.93B,-20.36%,$4.57B,$-0.25B,-5.49%,$4.57B,$-1.11B,-24.32%,$4.57B,$-1.13B,-24.63%,$-1.13B,$2.52B,-76.41%,$-1.13B,$2.52B,-76.58%,$-1.13B,$11.87B,-12.27%,$-0.93B,$5.18B,-24.53%,$1270,$995,$275,$192,$321,$1508,$-238,$-51,$-290,$4,$-293,$-293,$-293,$-34,$-238,$140,140,$-2.09,$-2.09,$3271,$1610,$0,$5204,$3993,$0,$0,$138,$6665,$11869,$3766,$2657,$2392,$5582,$9349,$0,$-2898,$34,$2520,$11869,$-575,$381,$206,$588,$-1,$-1218,$0,$895,$-112,$-99,$-512,$0,$0,$17,$0,$17,$-59,$-554,$896,$0,$896,$1812,$1812,$0,$-16,$2692,$2049,$157,$0
10,2016-03-31,229.77,$7.25,31.7,$32.92,6.98,$-42.54,0.0,$-7.80,0.0,$3.24B,$3.19B,1.02,$2.53B,$0.97B,2.6,$4.25B,$0.92B,21.51%,$4.25B,$-0.86B,-20.27%,$4.25B,$-0.86B,-20.27%,$4.25B,$-0.28B,-6.58%,$4.25B,$-1.00B,-23.56%,$4.25B,$-1.02B,-23.89%,$-1.02B,$0.97B,-99.49%,$-1.02B,$0.97B,-99.80%,$-1.02B,$9.19B,-12.99%,$-0.86B,$3.50B,-27.03%,$1147,$895,$252,$182,$318,$1395,$-248,$-30,$-278,$4,$-282,$-282,$-282,$-71,$-248,$133,133,$-2.13,$-2.13,$1466,$1302,$0,$3240,$3593,$0,$0,$115,$5952,$9192,$3188,$2527,$2010,$5034,$8221,$0,$-2605,$14,$970,$9192,$-282,$177,$127,$304,$-159,$-513,$0,$340,$-271,$-250,$-217,$0,$0,$0,$0,$0,$-17,$-234,$664,$0,$664,$53,$53,$0,$-1,$715,$245,$90,$0
11,2015-12-31,240.01,$8.25,29.11,$31.73,7.56,$-43.45,0.0,$-6.89,0.0,$2.78B,$2.81B,0.99,$2.07B,$1.08B,1.91,$4.05B,$0.92B,22.81%,$4.05B,$-0.72B,-17.70%,$4.05B,$-0.72B,-17.70%,$4.05B,$-0.22B,-5.34%,$4.05B,$-0.88B,-21.63%,$4.05B,$-0.89B,-21.95%,$-0.89B,$1.08B,-90.13%,$-0.89B,$1.07B,-90.43%,$-0.89B,$8.07B,-12.59%,$-0.72B,$3.15B,-23.79%,$1214,$996,$219,$190,$289,$1475,$-260,$-55,$-315,$5,$-320,$-320,$-320,$-90,$-260,$128,128,$-2.48,$-2.48,$1220,$1278,$0,$2782,$3403,$0,$13,$78,$5286,$8068,$2811,$2068,$1659,$4173,$6984,$0,$-2322,$-4,$1084,$8068,$-889,$501,$357,$857,$46,$-369,$0,$-434,$-493,$-524,$-1635,$0,$-12,$0,$0,$0,$-26,$-1674,$684,$0,$684,$857,$857,$0,$-17,$1524,$-709,$198,$0
12,2015-09-30,248.4,$10.04,24.73,$29.94,8.3,$-34.86,0.0,$-5.31,0.0,$3.00B,$2.55B,1.17,$2.03B,$1.32B,1.54,$3.79B,$0.97B,25.49%,$3.79B,$-0.53B,-14.01%,$3.79B,$-0.53B,-14.01%,$3.79B,$-0.12B,-3.14%,$3.79B,$-0.66B,-17.52%,$3.79B,$-0.68B,-17.84%,$-0.68B,$1.32B,-71.74%,$-0.68B,$1.32B,-71.74%,$-0.68B,$7.55B,-10.41%,$-0.53B,$3.34B,-18.19%,$937,$705,$231,$179,$236,$1120,$-184,$-44,$-228,$2,$-230,$-230,$-230,$-56,$-184,$129,129,$-1.78,$-1.78,$1451,$1294,$0,$2999,$3104,$0,$0,$84,$4549,$7547,$2554,$2028,$1289,$3679,$6233,$0,$-2002,$-24,$1315,$7547,$-568,$330,$221,$551,$78,$-1091,$0,$446,$-478,$-495,$-1224,$0,$-12,$0,$0,$0,$-23,$-1259,$471,$0,$471,$844,$844,$0,$-17,$1298,$-480,$142,$0
13,2015-06-30,268.26,$5.63,47.62,$29.50,9.09,$-26.12,0.0,$-4.13,0.0,$2.63B,$2.38B,1.1,$2.05B,$0.72B,2.86,$3.70B,$0.99B,26.65%,$3.70B,$-0.39B,-10.42%,$3.70B,$-0.39B,-10.42%,$3.70B,$-0.01B,-0.38%,$3.70B,$-0.51B,-13.69%,$3.70B,$-0.52B,-14.07%,$-0.52B,$0.72B,-61.08%,$-0.52B,$0.72B,-61.08%,$-0.52B,$6.47B,-8.74%,$-0.39B,$2.77B,-13.84%,$955,$742,$213,$182,$202,$1125,$-170,$-11,$-181,$3,$-184,$-184,$-184,$-63,$-170,$127,127,$-1.45,$-1.45,$1171,$1212,$0,$2629,$2646,$0,$0,$73,$3840,$6468,$2384,$2050,$984,$3368,$5752,$0,$-1772,$-15,$716,$6468,$-338,$202,$130,$332,$63,$-706,$0,$297,$-285,$-291,$-831,$0,$-12,$0,$0,$0,$-12,$-855,$351,$0,$351,$59,$59,$0,$-5,$405,$-755,$86,$0
14,2015-03-31,188.77,$6.54,28.88,$28.16,6.7,$-19.35,0.0,$-3.18,0.0,$2.92B,$2.19B,1.33,$1.95B,$0.83B,2.37,$3.52B,$0.99B,28.06%,$3.52B,$-0.25B,-6.96%,$3.52B,$-0.25B,-6.96%,$3.52B,$0.10B,2.81%,$3.52B,$-0.39B,-11.00%,$3.52B,$-0.40B,-11.34%,$-0.40B,$0.83B,-43.75%,$-0.40B,$0.83B,-43.75%,$-0.40B,$6.12B,-7.11%,$-0.25B,$2.78B,-8.76%,$940,$680,$260,$167,$195,$1042,$-102,$-49,$-151,$3,$-154,$-154,$-154,$-7,$-102,$126,126,$-1.22,$-1.22,$1531,$1055,$0,$2921,$2224,$0,$0,$62,$3199,$6120,$2192,$1954,$835,$3102,$5294,$0,$-1588,$-16,$826,$6120,$-154,$95,$83,$178,$2,$-307,$0,$102,$-155,$-132,$-426,$0,$0,$0,$0,$0,$-6,$-432,$152,$0,$152,$35,$35,$0,$-1,$186,$-396,$43,$0
15,2014-12-31,222.41,$7.25,30.66,$25.72,8.65,$-15.59,0.0,$-2.36,0.0,$3.18B,$2.11B,1.51,$1.88B,$0.91B,2.06,$3.20B,$0.88B,27.57%,$3.20B,$-0.19B,-5.85%,$3.20B,$-0.19B,-5.85%,$3.20B,$0.12B,3.59%,$3.20B,$-0.29B,-8.91%,$3.20B,$-0.30B,-9.22%,$-0.30B,$0.91B,-31.60%,$-0.30B,$0.91B,-31.60%,$-0.30B,$5.83B,-5.67%,$-0.19B,$2.79B,-6.85%,$957,$695,$262,$140,$197,$1032,$-75,$-29,$-104,$4,$-108,$-108,$-108,$7,$-75,$125,125,$-0.86,$-0.86,$1924,$954,$0,$3180,$1829,$0,$0,$55,$2651,$5831,$2107,$1877,$643,$2812,$4919,$0,$-1434,$-0,$912,$5831,$-294,$302,$192,$494,$-184,$-1050,$0,$562,$-257,$-57,$-970,$0,$0,$-17,$0,$-17,$-4,$-990,$1689,$0,$1689,$490,$490,$0,$-35,$2143,$1060,$156,$0
16,2014-09-30,242.68,$7.64,31.75,$23.19,10.47,$-7.34,0.0,$-1.63,0.0,$3.36B,$1.84B,1.83,$1.86B,$0.96B,1.94,$2.86B,$0.78B,27.20%,$2.86B,$-0.13B,-4.38%,$2.86B,$-0.13B,-4.38%,$2.86B,$0.14B,4.76%,$2.86B,$-0.20B,-6.86%,$2.86B,$-0.20B,-7.11%,$-0.20B,$0.96B,-23.27%,$-0.20B,$0.96B,-23.27%,$-0.20B,$5.44B,-4.66%,$-0.13B,$2.82B,-5.32%,$852,$600,$252,$136,$155,$891,$-39,$-32,$-71,$4,$-75,$-75,$-75,$49,$-39,$125,125,$-0.60,$-0.60,$2388,$752,$0,$3363,$1404,$0,$0,$53,$2075,$5438,$1840,$1862,$524,$2640,$4479,$0,$-1326,$0,$958,$5438,$-186,$220,$139,$359,$-109,$-673,$254,$385,$-143,$29,$-601,$0,$0,$-17,$0,$-17,$-0,$-618,$2077,$0,$2077,$90,$90,$0,$-35,$2132,$1543,$112,$0
17,2014-06-30,240.06,$7.64,31.41,$19.91,12.06,$-3.12,0.0,$-1.35,0.0,$3.44B,$1.58B,2.18,$1.85B,$0.95B,1.94,$2.44B,$0.63B,25.78%,$2.44B,$-0.12B,-4.80%,$2.44B,$-0.12B,-4.80%,$2.44B,$0.09B,3.65%,$2.44B,$-0.16B,-6.69%,$2.44B,$-0.17B,-6.81%,$-0.17B,$0.95B,-21.45%,$-0.17B,$0.95B,-21.45%,$-0.17B,$5.05B,-4.70%,$-0.12B,$2.80B,-6.47%,$769,$556,$213,$108,$134,$798,$-29,$-32,$-61,$1,$-62,$-62,$-62,$50,$-29,$124,124,$-0.50,$-0.50,$2687,$597,$0,$3442,$1036,$0,$0,$46,$1613,$5054,$1576,$1847,$444,$2526,$4102,$0,$-1251,$0,$952,$5054,$-112,$131,$86,$218,$-48,$-458,$186,$272,$-49,$57,$-317,$0,$0,$-11,$0,$-11,$2,$-327,$2294,$0,$2294,$442,$442,$0,$-639,$2098,$1829,$73,$0
18,2014-03-31,208.45,$7.35,28.35,$17.14,12.16,$-1.61,0.0,$-1.11,0.0,$3.16B,$1.41B,2.23,$1.60B,$0.91B,1.76,$2.07B,$0.52B,24.86%,$2.07B,$-0.10B,-4.83%,$2.07B,$-0.10B,-4.83%,$2.07B,$0.06B,2.75%,$2.07B,$-0.13B,-6.37%,$2.07B,$-0.14B,-6.52%,$-0.14B,$0.91B,-19.48%,$-0.14B,$0.91B,-19.48%,$-0.14B,$4.50B,-4.92%,$-0.10B,$2.52B,-7.08%,$621,$465,$155,$82,$118,$665,$-44,$-5,$-49,$1,$-50,$-50,$-50,$9,$-44,$123,123,$-0.40,$-0.40,$2584,$451,$0,$3156,$849,$0,$0,$43,$1344,$4500,$1413,$1602,$362,$2175,$3588,$0,$-1189,$0,$912,$4500,$-50,$53,$39,$92,$-24,$-199,$78,$141,$16,$59,$-141,$0,$0,$-189,$0,$-189,$1,$-329,$1997,$0,$1997,$374,$374,$0,$-555,$1817,$1548,$37,$0
19,2013-12-31,150.43,$5.42,27.76,$16.64,9.04,$-0.89,0.0,$-0.62,0.0,$1.27B,$0.68B,1.88,$0.60B,$0.67B,0.9,$2.01B,$0.46B,22.65%,$2.01B,$-0.06B,-3.08%,$2.01B,$-0.06B,-3.08%,$2.01B,$0.06B,2.98%,$2.01B,$-0.07B,-3.58%,$2.01B,$-0.07B,-3.68%,$-0.07B,$0.67B,-14.59%,$-0.07B,$0.67B,-14.59%,$-0.07B,$2.42B,-3.89%,$-0.06B,$1.27B,-6.70%,$615,$459,$157,$68,$101,$629,$-13,$-2,$-15,$1,$-16,$-16,$-16,$28,$-13,$119,119,$-0.14,$-0.04,$849,$340,$0,$1266,$738,$0,$0,$30,$1151,$2417,$675,$599,$294,$1075,$1750,$0,$-1140,$0,$667,$2417,$-74,$121,$69,$190,$-22,$-461,$0,$544,$149,$265,$-264,$0,$0,$0,$0,$0,$15,$-249,$22,$0,$22,$631,$631,$0,$-17,$635,$644,$81,$0
20,2013-09-30,193.37,$4.60,42.01,$14.34,13.48,$-5.58,0.0,$-1.28,0.0,$1.22B,$1.17B,1.04,$0.09B,$0.56B,0.16,$1.70B,$0.32B,18.96%,$1.70B,$-0.14B,-8.22%,$1.70B,$-0.14B,-8.22%,$1.70B,$-0.05B,-2.70%,$1.70B,$-0.15B,-8.63%,$1.70B,$-0.15B,-8.69%,$-0.15B,$0.56B,-39.81%,$-0.15B,$0.56B,-39.81%,$-0.15B,$2.17B,-9.38%,$-0.14B,$0.65B,-18.83%,$431,$328,$103,$56,$77,$462,$-31,$-7,$-38,$1,$-38,$-38,$-38,$2,$-31,$122,122,$-0.32,$-0.32,$796,$348,$0,$1219,$654,$0,$0,$24,$947,$2166,$1169,$88,$213,$433,$1602,$0,$-1123,$0,$564,$2166,$-58,$79,$58,$137,$-21,$-358,$25,$371,$52,$131,$-175,$0,$0,$0,$0,$0,$15,$-160,$24,$0,$24,$618,$618,$0,$-16,$625,$593,$56,$0
21,2013-06-30,107.36,$5.18,20.71,$11.28,9.52,$-9.05,0.0,$-2.01,0.0,$1.13B,$0.49B,2.32,$0.59B,$0.63B,0.93,$1.32B,$0.21B,15.95%,$1.32B,$-0.22B,-16.40%,$1.32B,$-0.22B,-16.40%,$1.32B,$-0.15B,-11.26%,$1.32B,$-0.22B,-16.63%,$1.32B,$-0.22B,-16.70%,$-0.22B,$0.63B,-98.77%,$-0.22B,$0.63B,-98.77%,$-0.22B,$1.89B,-17.84%,$-0.22B,$1.22B,-31.98%,$405,$305,$100,$52,$60,$417,$-12,$-18,$-30,$0,$-31,$-31,$-31,$18,$-12,$118,118,$-0.26,$-0.26,$747,$255,$0,$1130,$596,$0,$0,$31,$758,$1888,$487,$588,$116,$772,$1258,$0,$-1085,$0,$629,$1888,$-19,$47,$34,$82,$-87,$-129,$-8,$176,$-34,$29,$-98,$0,$0,$0,$0,$0,$16,$-82,$147,$0,$147,$470,$470,$0,$-16,$601,$544,$35,$0
22,2013-03-31,37.89,$1.46,25.88,$8.10,4.68,$-10.74,0.0,$-2.75,0.0,$0.53B,$0.54B,0.98,$0.40B,$0.17B,2.37,$0.95B,$0.12B,12.28%,$0.95B,$-0.31B,-32.91%,$0.95B,$-0.31B,-32.91%,$0.95B,$-0.27B,-28.47%,$0.95B,$-0.30B,-31.22%,$0.95B,$-0.30B,-31.32%,$-0.30B,$0.17B,-360.98%,$-0.30B,$0.17B,-360.98%,$-0.30B,$1.14B,-30.80%,$-0.31B,$0.57B,-63.47%,$562,$465,$96,$55,$47,$567,$-6,$17,$11,$0,$11,$11,$11,$12,$-6,$115,124,$0.10,$0.00,$231,$238,$0,$526,$582,$0,$0,$27,$618,$1144,$536,$399,$35,$440,$975,$0,$-1054,$0,$169,$1144,$11,$18,$6,$24,$-19,$18,$26,$3,$29,$64,$-58,$0,$0,$0,$0,$0,$2,$-55,$-14,$0,$-14,$18,$18,$0,$0,$4,$13,$15,$0
23,2012-12-31,33.87,$1.09,31.02,$3.87,8.75,$-11.92,0.0,$-3.70,0.0,$0.53B,$0.54B,0.97,$0.41B,$0.13B,3.3,$0.41B,$0.03B,7.26%,$0.41B,$-0.39B,-95.40%,$0.41B,$-0.39B,-95.40%,$0.41B,$-0.37B,-88.62%,$0.41B,$-0.40B,-95.88%,$0.41B,$-0.40B,-96.13%,$-0.40B,$0.13B,-507.35%,$-0.40B,$0.13B,-507.35%,$-0.40B,$1.11B,-45.88%,$-0.39B,$0.54B,-83.39%,$306,$282,$24,$69,$46,$397,$-91,$1,$-90,$-0,$-90,$-90,$-90,$-78,$-91,$107,107,$-0.78,$-0.78,$221,$269,$0,$525,$552,$0,$0,$27,$589,$1114,$539,$411,$36,$450,$989,$0,$-1066,$0,$125,$1114,$-396,$29,$59,$87,$-17,$-195,$190,$57,$45,$-264,$-239,$0,$0,$25,$0,$25,$7,$-207,$173,$0,$173,$246,$246,$0,$0,$420,$-53,$50,$0
24,2012-09-30,29.28,$-0.26,-111.12,$1.41,20.79,$-10.35,0.0,$-3.69,0.0,$0.29B,$0.39B,0.74,$0.42B,$-0.03B,-15.09,$0.15B,$0.01B,9.59%,$0.15B,$-0.38B,-263.01%,$0.15B,$-0.38B,-263.01%,$0.15B,$-0.36B,-249.32%,$0.15B,$-0.39B,-265.07%,$0.15B,$-0.39B,-265.75%,$-0.39B,$-0.03B,-376.70%,$-0.39B,$-0.03B,-376.70%,$-0.39B,$0.81B,-50.72%,$-0.38B,$0.39B,-83.07%,$50,$59,$-9,$62,$38,$159,$-108,$-2,$-111,$0,$-111,$-111,$-111,$-101,$-108,$106,106,$-1.05,$-1.05,$109,$159,$0,$285,$486,$0,$0,$27,$525,$809,$386,$420,$28,$451,$837,$0,$-976,$0,$-28,$809,$-306,$16,$42,$58,$0,$-104,$73,$52,$20,$-229,$-175,$0,$0,$25,$0,$25,$4,$-146,$187,$0,$187,$18,$18,$0,$0,$205,$-170,$36,$0
25,2012-06-30,31.29,$0.59,52.97,$1.49,21.04,$-8.74,0.0,$-3.27,0.0,$0.32B,$0.29B,1.11,$0.40B,$0.06B,6.44,$0.15B,$0.04B,25.97%,$0.15B,$-0.34B,-220.78%,$0.15B,$-0.34B,-220.78%,$0.15B,$-0.32B,-209.74%,$0.15B,$-0.34B,-221.43%,$0.15B,$-0.34B,-222.08%,$-0.34B,$0.06B,-186.38%,$-0.34B,$0.06B,-186.38%,$-0.34B,$0.78B,-46.36%,$-0.34B,$0.46B,-68.83%,$27,$22,$5,$75,$36,$133,$-106,$1,$-105,$0,$-106,$-106,$-106,$-102,$-106,$105,105,$-1.00,$-1.00,$233,$67,$0,$317,$422,$0,$0,$26,$460,$777,$287,$401,$25,$428,$715,$0,$-865,$0,$62,$777,$-195,$9,$28,$36,$-1,$-18,$3,$45,$32,$-128,$-113,$0,$0,$25,$0,$25,$6,$-82,$155,$0,$155,$10,$10,$0,$0,$165,$-45,$23,$0
26,2012-03-31,37.24,$1.46,25.45,$1.83,20.36,$-7.89,0.0,$-2.87,0.0,$0.36B,$0.24B,1.52,$0.34B,$0.15B,2.24,$0.19B,$0.05B,29.19%,$0.19B,$-0.29B,-158.38%,$0.19B,$-0.29B,-158.38%,$0.19B,$-0.28B,-148.65%,$0.19B,$-0.30B,-159.46%,$0.19B,$-0.30B,-159.46%,$-0.30B,$0.15B,-115.69%,$-0.30B,$0.15B,-115.69%,$-0.30B,$0.76B,-41.84%,$-0.29B,$0.50B,-58.72%,$30,$20,$10,$68,$31,$119,$-89,$-1,$-90,$0,$-90,$-90,$-90,$-85,$-89,$105,105,$-0.86,$-0.86,$283,$55,$0,$359,$364,$0,$0,$26,$402,$761,$236,$344,$24,$372,$607,$0,$-759,$-0,$154,$761,$-90,$4,$13,$18,$-4,$-6,$-7,$25,$9,$-63,$-55,$0,$0,$0,$0,$0,$-11,$-66,$84,$0,$84,$9,$9,$0,$0,$93,$-37,$11,$0
27,2011-12-31,28.56,$2.14,13.32,$2.06,13.89,$-7.44,0.0,$-2.52,0.0,$0.37B,$0.19B,1.95,$0.27B,$0.22B,1.21,$0.20B,$0.06B,30.39%,$0.20B,$-0.25B,-123.04%,$0.20B,$-0.25B,-123.04%,$0.20B,$-0.23B,-114.71%,$0.20B,$-0.25B,-124.51%,$0.20B,$-0.25B,-124.51%,$-0.25B,$0.22B,-98.26%,$-0.25B,$0.22B,-98.26%,$-0.25B,$0.71B,-41.20%,$-0.25B,$0.50B,-56.76%,$39,$32,$8,$61,$28,$120,$-81,$-0,$-81,$0,$-81,$-81,$-81,$-76,$-81,$100,100,$-0.79,$-0.79,$304,$50,$0,$373,$298,$0,$0,$30,$341,$713,$191,$271,$24,$298,$489,$0,$-669,$-0,$224,$713,$-254,$17,$34,$51,$-3,$-14,$20,$61,$75,$-128,$-184,$0,$0,$-25,$0,$-25,$47,$-162,$204,$0,$204,$242,$242,$0,$0,$446,$156,$29,$0
28,2011-09-30,24.39,$2.82,8.64,$2.38,10.25,$-7.64,0.0,$-2.28,0.0,$0.41B,$0.15B,2.67,$0.23B,$0.29B,0.77,$0.20B,$0.07B,32.34%,$0.20B,$-0.22B,-110.45%,$0.20B,$-0.22B,-110.45%,$0.20B,$-0.21B,-102.99%,$0.20B,$-0.22B,-111.44%,$0.20B,$-0.22B,-111.44%,$-0.22B,$0.29B,-88.10%,$-0.22B,$0.29B,-88.10%,$-0.22B,$0.70B,-41.89%,$-0.22B,$0.52B,-57.18%,$58,$40,$17,$54,$28,$122,$-64,$-1,$-65,$0,$-65,$-65,$-65,$-60,$-64,$104,104,$-0.63,$-0.63,$334,$49,$0,$412,$248,$0,$0,$28,$288,$700,$154,$226,$23,$252,$406,$0,$-588,$-0,$294,$700,$-173,$12,$24,$36,$-12,$-11,$40,$34,$49,$-87,$-144,$0,$0,$-65,$0,$-65,$17,$-191,$153,$0,$153,$239,$239,$0,$0,$392,$114,$21,$0
29,2011-06-30,29.13,$3.35,8.69,$2.16,13.46,$-6.68,0.0,$-2.03,0.0,$0.42B,$0.14B,3.01,$0.14B,$0.35B,0.39,$0.17B,$0.06B,32.76%,$0.17B,$-0.20B,-112.64%,$0.17B,$-0.20B,-112.64%,$0.17B,$-0.18B,-104.60%,$0.17B,$-0.19B,-111.49%,$0.17B,$-0.19B,-111.49%,$-0.19B,$0.35B,-82.29%,$-0.19B,$0.35B,-82.29%,$-0.19B,$0.65B,-43.09%,$-0.20B,$0.48B,-59.85%,$58,$40,$19,$53,$25,$117,$-59,$-0,$-59,$0,$-59,$-59,$-59,$-54,$-59,$98,98,$-0.60,$-0.60,$331,$54,$0,$418,$190,$0,$0,$28,$228,$646,$139,$135,$21,$159,$298,$0,$-523,$0,$348,$646,$-108,$8,$15,$23,$-17,$-13,$28,$22,$19,$-66,$-75,$0,$0,$0,$0,$0,$62,$-13,$62,$0,$62,$236,$236,$0,$0,$299,$220,$13,$0
30,2011-03-31,27.75,$1.76,15.81,$5.29,5.25,$-13.47,0.0,$-6.47,0.0,$0.23B,$0.11B,2.01,$0.10B,$0.17B,0.61,$0.14B,$0.04B,30.56%,$0.14B,$-0.17B,-116.67%,$0.14B,$-0.17B,-116.67%,$0.14B,$-0.16B,-109.03%,$0.14B,$-0.17B,-120.83%,$0.14B,$-0.17B,-120.83%,$-0.17B,$0.17B,-244.21%,$-0.17B,$0.17B,-244.21%,$-0.17B,$0.41B,-53.42%,$-0.17B,$0.27B,-119.36%,$49,$31,$18,$41,$24,$96,$-47,$-1,$-49,$0,$-49,$-49,$-49,$-44,$-47,$95,95,$-0.51,$-0.51,$144,$51,$0,$227,$143,$0,$0,$28,$180,$407,$113,$103,$21,$127,$240,$0,$-464,$0,$168,$407,$-49,$4,$8,$11,$-14,$-7,$8,$7,$-6,$-43,$-20,$0,$0,$0,$0,$0,$31,$10,$31,$0,$31,$4,$4,$0,$0,$34,$1,$6,$0
