,Date,Stock Price,Book Value per Share,Price to Book Ratio,TTM Sales per Share,Price to Sales Ratio,TTM FCF per Share,Price to FCF Ratio,TTM Net EPS,PE Ratio,Current Assets,Current Liabilities,Current Ratio,Long Term Debt,Shareholder's Equity_x,Debt to Equity Ratio,TTM Revenue_x,TTM Gross Profit,Gross Margin,TTM Revenue_y,TTM Operating Income,Operating Margin,TTM Revenue_x,TTM EBIT,EBIT Margin,TTM Revenue_y,TTM EBITDA,EBITDA Margin,TTM Revenue_x,TTM Pre-Tax Income,Pre-Tax Margin,TTM Revenue_y,TTM Net Income_x,Net Margin,TTM Net Income_y,Shareholder's Equity_y,Return on Equity,TTM Net Income_x,Tangible Equity,Return on Tangible Equity,TTM Net Income_y,Total Assets,Return on Assets,TTM Net Income,LT Investments & Debt,Return on Investment,revenue,cost-goods-sold,gross-profit,research-development-expenses,selling-general-administrative-expenses,operating-expenses,operating-income,total-non-operating-income-expense,pre-tax-income,total-provision-income-taxes,income-after-taxes,income-from-continuous-operations,net-income,ebitda,ebit,basic-shares-outstanding,shares-outstanding,eps-basic-net-earnings-per-share,eps-earnings-per-share-diluted,cash-on-hand,inventory,other-current-assets,total-current-assets,net-property-plant-equipment,long-term-investments,goodwill-intangible-assets-total,other-long-term-assets,total-long-term-assets,total-assets,total-current-liabilities,long-term-debt,other-non-current-liabilities,total-long-term-liabilities,total-liabilities,common-stock-net,retained-earnings-accumulated-deficit,comprehensive-income,total-share-holder-equity,total-liabilities-share-holders-equity,net-income-loss,total-depreciation-amortization-cash-flow,other-non-cash-items,total-non-cash-items,change-in-accounts-receivable,change-in-inventories,change-in-accounts-payable,change-in-assets-liabilities,total-change-in-assets-liabilities,cash-flow-from-operating-activities,net-change-in-property-plant-equipment,net-change-in-intangible-assets,net-acquisitions-divestitures,net-change-in-short-term-investments,net-change-in-long-term-investments,net-change-in-investments-total,investing-activities-other,cash-flow-from-investing-activities,net-long-term-debt,net-current-debt,debt-issuance-retirement-net-total,net-common-equity-issued-repurchased,net-total-equity-issued-repurchased,total-common-preferred-stock-dividends-paid,financial-activities-other,cash-flow-from-financial-activities,net-cash-flow,stock-based-compensation,common-stock-dividends-paid
0,2018-09-30,44.16,$9.91,4.46,$6.72,6.57,$4.43,9.97,$2.26,19.54,$28.01B,$10.49B,2.67,$1.86B,$51.37B,0.04,$34.85B,$17.07B,48.98%,$34.85B,$13.20B,37.88%,$34.85B,$13.20B,37.88%,$34.85B,$22.77B,65.33%,$34.85B,$13.63B,39.12%,$34.85B,$12.06B,34.61%,$12.06B,$51.37B,23.33%,$12.06B,$50.92B,23.54%,$12.06B,$64.22B,17.84%,$13.20B,$53.23B,24.28%,$8487,$4465,$4022,$713,$203,$5382,$3105,$119,$3224,$319,$2905,$2905,$2904,$5362,$3105,$5186,5186,$0.56,$0.56,$20186,$3434,$166,$28011,$34182,$972,$456,$119,$36208,$64218,$10485,$1855,$498,$2361,$12846,$8453,$41654,$0,$51372,$64218,$9338,$7058,$-200,$6859,$-19,$-1026,$8,$-521,$-2613,$12537,$-6564,$-96,$0,$0,$-206,$-206,$443,$-6422,$-1892,$314,$-1578,$0,$0,$-6763,$-116,$-8457,$-2108,$0,$-6763
1,2018-06-30,36.56,$9.66,3.79,$6.69,5.46,$3.99,9.16,$2.27,16.11,$32.22B,$15.56B,2.07,$2.80B,$50.09B,0.06,$34.71B,$17.22B,49.60%,$34.71B,$13.34B,38.44%,$34.71B,$13.34B,38.44%,$34.71B,$23.01B,66.29%,$34.71B,$13.74B,39.58%,$34.71B,$12.13B,34.96%,$12.13B,$50.09B,23.93%,$12.13B,$49.62B,24.16%,$12.13B,$69.00B,18.16%,$13.34B,$52.89B,24.86%,$7836,$4089,$3747,$668,$220,$4999,$2837,$106,$2943,$514,$2429,$2429,$2429,$5193,$2837,$5186,5186,$0.47,$0.47,$25614,$3327,$212,$32224,$34751,$969,$463,$129,$36771,$68995,$15557,$2802,$542,$3353,$18909,$8713,$39966,$0,$50085,$68995,$6301,$4802,$-77,$4725,$3,$-846,$13,$881,$-200,$9761,$-4415,$-47,$0,$5,$-244,$-238,$214,$-4487,$-1698,$-1134,$-2831,$0,$0,$0,$-91,$-2922,$2649,$0,$0
2,2018-03-31,42.2,$10.59,3.98,$18.85,2.24,$6.60,6.4,$2.22,19.01,$31.78B,$11.70B,2.72,$2.85B,$54.95B,0.05,$33.95B,$17.07B,50.27%,$33.95B,$13.26B,39.06%,$33.95B,$13.26B,39.06%,$33.95B,$22.55B,66.42%,$33.95B,$13.64B,40.19%,$33.95B,$11.90B,35.05%,$11.90B,$54.95B,24.14%,$11.90B,$54.48B,24.37%,$11.90B,$70.08B,18.03%,$13.26B,$57.80B,25.32%,$8480,$4210,$4270,$699,$215,$5169,$3311,$107,$3418,$347,$3071,$3071,$3071,$5757,$3311,$5186,5186,$0.59,$0.59,$23805,$2914,$1366,$31776,$36094,$1176,$468,$124,$38305,$70081,$11704,$2852,$569,$3431,$15135,$8868,$45304,$0,$54946,$70081,$3418,$2445,$-111,$2334,$1,$-388,$-48,$320,$-242,$5497,$-2456,$-8,$0,$6,$-133,$-127,$78,$-2512,$-1737,$-197,$-1935,$0,$0,$0,$-36,$-1971,$834,$0,$0
3,2017-12-31,38.24,$9.72,3.93,$18.66,2.05,$6.37,6.0,$2.17,17.62,$28.92B,$13.05B,2.22,$3.10B,$50.42B,0.06,$32.98B,$16.70B,50.63%,$32.98B,$13.01B,39.45%,$32.98B,$13.01B,39.45%,$32.98B,$21.79B,66.06%,$32.98B,$13.37B,40.53%,$32.98B,$11.64B,35.30%,$11.64B,$50.42B,24.48%,$11.64B,$49.94B,24.79%,$11.64B,$67.20B,18.07%,$13.01B,$53.52B,25.50%,$10048,$5017,$5031,$773,$276,$6101,$3947,$102,$4049,$391,$3658,$3658,$3657,$6457,$3947,$5186,5186,$-3.12,$-3.12,$22153,$2493,$143,$28921,$35848,$1398,$478,$144,$38277,$67197,$13053,$3097,$617,$3725,$16778,$8748,$40656,$0,$50420,$67197,$13366,$8777,$-585,$8192,$-7,$-851,$100,$31,$337,$19748,$-11142,$-179,$-0,$1,$-550,$-549,$529,$-11342,$-1287,$351,$-936,$0,$0,$-6124,$-218,$-7277,$410,$0,$-6124
4,2017-09-30,36.22,$9.14,3.96,$18.27,1.98,$5.98,6.06,$2.14,16.92,$23.33B,$9.88B,2.36,$3.04B,$47.38B,0.06,$30.94B,$15.85B,51.22%,$30.94B,$12.41B,40.12%,$30.94B,$12.41B,40.12%,$30.94B,$20.30B,65.61%,$30.94B,$12.73B,41.15%,$30.94B,$10.96B,35.43%,$10.96B,$47.38B,24.12%,$10.96B,$46.89B,24.43%,$10.96B,$60.95B,17.63%,$12.41B,$50.42B,25.18%,$8345,$4178,$4167,$697,$215,$5099,$3246,$81,$3327,$350,$2977,$2977,$2977,$5601,$3246,$5183,5183,$0.57,$0.57,$16781,$2446,$168,$23331,$35277,$1354,$491,$127,$37620,$60951,$9881,$3039,$647,$3690,$13571,$8583,$37546,$0,$47380,$60951,$9416,$6267,$-429,$5838,$-1,$-835,$54,$177,$-539,$12617,$-8909,$-122,$0,$-1,$-365,$-366,$357,$-9040,$-1261,$-10,$-1271,$0,$0,$-6008,$-180,$-7459,$-4408,$0,$-6008
5,2017-06-30,33.72,$8.57,3.94,$18.25,1.85,$6.11,5.52,$2.16,15.61,$27.74B,$17.33B,1.6,$3.29B,$44.43B,0.07,$30.82B,$15.85B,51.43%,$30.82B,$12.53B,40.64%,$30.82B,$12.53B,40.64%,$30.82B,$19.91B,64.60%,$30.82B,$12.83B,41.61%,$30.82B,$11.04B,35.82%,$11.04B,$44.43B,25.25%,$11.04B,$43.97B,25.58%,$11.04B,$65.75B,18.25%,$12.53B,$47.72B,26.07%,$7077,$3479,$3598,$631,$209,$4321,$2756,$95,$2850,$657,$2194,$2194,$2194,$4736,$2756,$518,518,$4.24,$4.24,$21892,$2019,$125,$27739,$35669,$1450,$467,$93,$38012,$65751,$17328,$3287,$698,$3991,$21319,$8583,$34569,$0,$44432,$65751,$6088,$3911,$-352,$3560,$18,$-408,$-52,$447,$391,$8752,$-6869,$-65,$0,$0,$-92,$-92,$160,$-6867,$-331,$-10,$-341,$0,$0,$0,$-75,$-415,$967,$0,$0
6,2017-03-31,30.69,$0.00,0.0,$5.90,5.2,$3.17,9.69,$2.17,14.15,$27.19B,$10.59B,2.57,$4.42B,$47.95B,0.09,$30.60B,$15.79B,51.59%,$30.60B,$12.59B,41.15%,$30.60B,$12.59B,41.15%,$30.60B,$19.74B,64.50%,$30.60B,$12.86B,42.03%,$30.60B,$11.09B,36.23%,$11.09B,$47.95B,26.48%,$11.09B,$47.06B,26.84%,$11.09B,$63.70B,19.12%,$12.59B,$52.37B,26.93%,$7507,$3608,$3899,$623,$217,$4447,$3060,$79,$3139,$327,$2812,$2812,$2812,$4991,$3060,$5186,5186,$0.55,$0.55,$21710,$1659,$228,$27187,$34157,$1466,$893,$0,$36516,$63703,$10589,$4419,$743,$5162,$15751,$8538,$0,$0,$47952,$63703,$3139,$1931,$-21,$1910,$0,$0,$0,$122,$122,$5167,$-3285,$0,$0,$0,$-248,$-248,$27,$-3506,$-329,$0,$-329,$0,$0,$0,$-53,$-382,$753,$-21,$0
7,2016-12-31,26.87,$8.09,3.32,$5.64,4.76,$3.29,8.17,$2.01,13.37,$25.24B,$10.75B,2.35,$4.73B,$41.97B,0.11,$29.26B,$14.66B,50.09%,$29.26B,$11.67B,39.87%,$29.26B,$11.67B,39.87%,$29.26B,$18.57B,63.48%,$29.26B,$11.91B,40.71%,$29.26B,$10.24B,34.99%,$10.24B,$41.97B,25.86%,$10.24B,$41.52B,26.15%,$10.24B,$58.22B,18.56%,$11.67B,$46.70B,26.07%,$8009,$3827,$4182,$611,$220,$4658,$3351,$64,$3415,$437,$2978,$2978,$2977,$4969,$3351,$5186,5186,$0.57,$0.57,$19636,$1503,$105,$25239,$30796,$1420,$451,$59,$32981,$58219,$10750,$4726,$769,$5499,$16249,$8003,$32155,$0,$41971,$58219,$11911,$6908,$-275,$6633,$-14,$567,$230,$-1482,$-465,$16662,$-10122,$-156,$0,$0,$-2369,$-2369,$442,$-12205,$-725,$586,$-139,$0,$0,$-4802,$71,$-4870,$-662,$0,$-4802
8,2016-09-30,28.59,$7.82,3.65,$5.29,5.4,$3.69,7.75,$1.83,15.62,$22.42B,$8.14B,2.76,$4.81B,$40.57B,0.12,$27.45B,$13.49B,49.14%,$27.45B,$10.69B,38.95%,$27.45B,$10.69B,38.95%,$27.45B,$17.79B,64.79%,$27.45B,$10.94B,39.84%,$27.45B,$9.48B,34.51%,$9.48B,$40.57B,24.47%,$9.48B,$40.11B,24.75%,$9.48B,$54.31B,17.66%,$10.69B,$45.38B,24.18%,$8229,$4056,$4173,$592,$225,$4871,$3358,$63,$3421,$362,$3059,$3059,$3058,$5214,$3358,$5186,5186,$0.59,$0.59,$16521,$1703,$109,$22423,$29544,$1577,$462,$67,$31887,$54311,$8139,$4808,$791,$5601,$13739,$8194,$30739,$0,$40571,$54311,$8656,$5290,$-225,$5065,$11,$416,$181,$-1581,$-1065,$11206,$-6807,$-120,$0,$-0,$-1540,$-1540,$348,$-8119,$-742,$-5,$-747,$0,$0,$-4916,$-91,$-5754,$-3119,$0,$-4916
9,2016-06-30,24.52,$7.13,3.44,$4.99,4.91,$4.12,5.95,$1.70,14.42,$26.34B,$12.32B,2.14,$5.60B,$37.00B,0.15,$25.88B,$12.52B,48.38%,$25.88B,$9.79B,37.83%,$25.88B,$9.79B,37.83%,$25.88B,$16.65B,64.35%,$25.88B,$10.13B,39.13%,$25.88B,$8.78B,33.91%,$8.78B,$37.00B,23.35%,$8.78B,$36.56B,23.61%,$8.78B,$55.76B,16.74%,$9.79B,$42.60B,22.57%,$6854,$3321,$3533,$522,$189,$4032,$2822,$64,$2886,$645,$2241,$2241,$2240,$4563,$2822,$5186,5186,$0.43,$0.43,$20866,$1876,$101,$26343,$27064,$1650,$435,$61,$29416,$55759,$12321,$5602,$838,$6440,$18761,$8012,$27068,$0,$36998,$55759,$5119,$3434,$-81,$3352,$3,$196,$104,$-1059,$-479,$7052,$-3452,$-80,$0,$-0,$-1234,$-1234,$129,$-4637,$-355,$-5,$-359,$0,$0,$0,$-39,$-399,$1844,$0,$0
10,2016-03-31,23.6,$7.48,3.15,$4.96,4.76,$4.46,5.29,$1.77,13.33,$24.62B,$7.15B,3.44,$5.49B,$38.81B,0.14,$25.70B,$12.23B,47.58%,$25.70B,$9.47B,36.86%,$25.70B,$9.47B,36.86%,$25.70B,$16.41B,63.86%,$25.70B,$10.43B,40.58%,$25.70B,$9.12B,35.47%,$9.12B,$38.81B,24.64%,$9.12B,$38.39B,24.92%,$9.12B,$52.31B,17.69%,$9.47B,$44.30B,22.01%,$6165,$3397,$2768,$473,$159,$4030,$2135,$54,$2189,$226,$1963,$1963,$1963,$3827,$2135,$5186,5186,$0.38,$0.38,$19860,$1734,$82,$24618,$25582,$1404,$424,$56,$27695,$52314,$7148,$5490,$863,$6353,$13501,$7857,$29060,$0,$38813,$52314,$2189,$1692,$-79,$1614,$-5,$297,$-0,$-471,$-116,$3682,$-1155,$-30,$0,$0,$-541,$-541,$49,$-1677,$0,$-125,$-125,$0,$0,$0,$-21,$-146,$1675,$0,$0
11,2015-12-31,20.49,$7.43,2.76,$5.12,4.0,$4.63,4.43,$1.87,10.96,$23.52B,$6.69B,3.52,$6.05B,$38.51B,0.16,$26.57B,$12.93B,48.65%,$26.57B,$10.08B,37.94%,$26.57B,$10.08B,37.94%,$26.57B,$17.09B,64.32%,$26.57B,$11.04B,41.54%,$26.57B,$9.66B,36.34%,$9.66B,$38.51B,26.67%,$9.66B,$38.07B,26.99%,$9.66B,$52.21B,19.01%,$10.08B,$44.56B,23.69%,$6204,$3189,$3015,$477,$169,$3827,$2377,$64,$2441,$227,$2214,$2214,$2214,$4182,$2377,$5186,5186,$0.43,$0.43,$18600,$2112,$111,$23522,$26884,$1102,$443,$59,$28689,$52212,$6685,$6048,$965,$7014,$13699,$8168,$28170,$0,$38513,$52212,$11039,$7009,$-798,$6211,$-6,$-21,$-96,$854,$732,$16691,$-8086,$-135,$17,$0,$1124,$1124,$237,$-6843,$0,$98,$98,$1,$1,$-3676,$-101,$-3677,$6434,$0,$-3676
12,2015-09-30,18.69,$6.95,2.69,$5.12,3.65,$3.78,4.95,$1.94,9.63,$21.71B,$6.31B,3.44,$6.01B,$36.03B,0.17,$26.58B,$13.00B,48.91%,$26.58B,$10.18B,38.28%,$26.58B,$10.18B,38.28%,$26.58B,$16.93B,63.68%,$26.58B,$11.09B,41.74%,$26.58B,$9.39B,35.32%,$9.39B,$36.03B,27.08%,$9.39B,$35.61B,27.41%,$9.39B,$49.34B,18.94%,$10.18B,$42.04B,24.69%,$6652,$3449,$3203,$516,$178,$4198,$2454,$157,$2610,$253,$2357,$2357,$2358,$4079,$2454,$5186,5186,$0.46,$0.46,$16542,$2037,$89,$21712,$26005,$971,$413,$56,$27624,$49336,$6313,$6010,$982,$6997,$13310,$8116,$25735,$0,$36026,$49336,$8444,$5204,$-714,$4490,$-6,$40,$-109,$535,$401,$12057,$-5412,$-83,$19,$0,$1653,$1653,$191,$-3633,$0,$-83,$-83,$1,$1,$-3652,$-86,$-3820,$4923,$0,$-3652
13,2015-06-30,20.45,$6.68,3.06,$5.18,3.95,$2.70,7.57,$1.97,10.38,$23.77B,$10.06B,2.36,$6.59B,$34.67B,0.19,$26.89B,$13.31B,49.51%,$26.89B,$10.53B,39.18%,$26.89B,$10.53B,39.18%,$26.89B,$17.54B,65.24%,$26.89B,$11.33B,42.13%,$26.89B,$9.57B,35.60%,$9.57B,$34.67B,28.46%,$9.57B,$34.25B,28.82%,$9.57B,$52.29B,19.74%,$10.53B,$41.25B,26.05%,$6677,$3436,$3240,$540,$193,$4172,$2505,$685,$3189,$608,$2581,$2581,$2581,$4324,$2505,$5186,5186,$0.50,$0.50,$18160,$2154,$98,$23769,$26965,$903,$421,$56,$28518,$52288,$10055,$6586,$973,$7567,$17622,$8427,$24274,$0,$34665,$52288,$6058,$3578,$-790,$2789,$-14,$2,$-57,$469,$695,$8680,$-3336,$-52,$20,$0,$1318,$1318,$59,$-1992,$0,$-987,$-987,$1,$1,$0,$-40,$-1026,$5539,$0,$0
14,2015-03-31,20.49,$6.87,2.98,$5.07,4.04,$1.60,12.81,$1.85,11.07,$21.89B,$5.95B,3.68,$6.79B,$35.63B,0.19,$26.29B,$13.10B,49.84%,$26.29B,$10.38B,39.47%,$26.29B,$10.38B,39.47%,$26.29B,$17.10B,65.05%,$26.29B,$10.60B,40.32%,$26.29B,$8.97B,34.13%,$8.97B,$35.63B,27.83%,$8.97B,$35.21B,28.19%,$8.97B,$49.35B,19.27%,$10.38B,$42.41B,26.50%,$7038,$3569,$3469,$532,$182,$4292,$2746,$52,$2798,$294,$2504,$2504,$2504,$4505,$2746,$5186,5186,$0.48,$0.48,$16577,$2048,$117,$21889,$25779,$1020,$417,$51,$27465,$49354,$5946,$6785,$989,$7780,$13725,$8220,$24858,$0,$35628,$49354,$2798,$1759,$-73,$1686,$-9,$55,$-78,$409,$465,$4945,$-1548,$-36,$19,$0,$-271,$-271,$25,$-1812,$0,$-550,$-550,$1,$1,$0,$-27,$-576,$2503,$0,$0
15,2014-12-31,19.53,$6.24,3.13,$4.65,4.2,$0.82,23.92,$1.68,11.62,$19.83B,$7.11B,2.79,$6.79B,$32.35B,0.21,$24.14B,$11.95B,49.52%,$24.14B,$9.36B,38.79%,$24.14B,$9.36B,38.79%,$24.14B,$15.70B,65.04%,$24.14B,$9.56B,39.60%,$24.14B,$8.05B,33.34%,$8.05B,$32.35B,26.18%,$8.05B,$31.93B,26.53%,$8.05B,$47.31B,17.91%,$9.36B,$39.14B,24.82%,$6211,$3124,$3087,$442,$150,$3741,$2470,$27,$2497,$554,$1943,$1943,$1944,$4018,$2470,$5186,5186,$0.37,$0.37,$13937,$2099,$116,$19828,$25892,$945,$428,$49,$27478,$47306,$7114,$6789,$836,$7839,$14952,$8206,$21558,$0,$32353,$47306,$9559,$6337,$-39,$6298,$-1,$-914,$204,$-1370,$-1571,$13339,$-9125,$-122,$0,$0,$46,$46,$264,$-8937,$588,$-1,$587,$2,$2,$-2462,$851,$-1023,$3666,$0,$-2462
16,2014-09-30,17.61,$6.14,2.87,$4.39,4.01,$0.39,45.02,$1.47,11.98,$15.86B,$5.74B,2.77,$7.08B,$31.85B,0.22,$22.75B,$11.02B,48.46%,$22.75B,$8.49B,37.33%,$22.75B,$8.49B,37.33%,$22.75B,$14.67B,64.47%,$22.75B,$8.74B,38.43%,$22.75B,$7.45B,32.73%,$7.45B,$31.85B,25.12%,$7.45B,$31.46B,25.46%,$7.45B,$44.96B,17.04%,$8.49B,$38.93B,23.14%,$6961,$3445,$3516,$506,$198,$4150,$2812,$32,$2843,$302,$2541,$2541,$2542,$4693,$2812,$5193,5193,$0.49,$0.49,$9768,$2176,$95,$15858,$27450,$961,$398,$121,$29096,$44955,$5736,$7080,$32,$7366,$13101,$8634,$20790,$0,$31853,$44955,$7086,$4790,$-118,$4672,$-8,$-927,$177,$-1455,$-1844,$8920,$-7857,$-76,$0,$0,$197,$197,$177,$-7558,$0,$685,$685,$1,$1,$-2590,$-93,$-1997,$-560,$0,$-2590
17,2014-06-30,18.26,$5.61,3.25,$4.09,4.46,$0.39,47.21,$1.32,13.83,$15.25B,$8.19B,1.86,$7.03B,$29.12B,0.24,$21.23B,$10.15B,47.81%,$21.23B,$7.68B,36.16%,$21.23B,$7.68B,36.16%,$21.23B,$13.32B,62.75%,$21.23B,$7.89B,37.15%,$21.23B,$6.64B,31.29%,$6.64B,$29.12B,23.38%,$6.64B,$28.74B,23.71%,$6.64B,$44.66B,15.70%,$7.68B,$36.14B,21.65%,$6076,$3049,$3028,$452,$221,$3728,$2348,$112,$2460,$479,$1981,$1981,$1982,$3883,$2348,$5192,5192,$0.38,$0.38,$10476,$1692,$97,$15245,$27794,$942,$380,$128,$29410,$44655,$8188,$7027,$73,$7352,$15540,$8609,$18193,$0,$29115,$44655,$4230,$2908,$-73,$2836,$-6,$-447,$177,$-500,$-452,$5863,$-6246,$-40,$0,$0,$180,$180,$52,$-6054,$0,$637,$637,$1,$1,$0,$-31,$607,$410,$0,$0
18,2014-03-31,17.09,$5.71,2.99,$3.93,4.35,$0.40,43.12,$1.27,13.46,$11.74B,$5.76B,2.04,$7.02B,$29.63B,0.24,$20.38B,$9.68B,47.52%,$20.38B,$7.26B,35.63%,$20.38B,$7.26B,35.63%,$20.38B,$12.63B,61.96%,$20.38B,$7.44B,36.51%,$20.38B,$6.40B,31.40%,$6.40B,$29.63B,23.36%,$6.40B,$29.23B,23.70%,$6.40B,$42.86B,15.62%,$7.26B,$36.65B,21.29%,$4892,$2569,$2323,$398,$192,$3159,$1733,$26,$1759,$180,$1579,$1579,$1580,$3107,$1733,$5175,5175,$0.31,$0.31,$7773,$1435,$79,$11744,$27324,$2998,$400,$131,$31114,$42858,$5755,$7017,$203,$7469,$13224,$8557,$18680,$0,$29634,$42858,$1759,$1374,$60,$1434,$-9,$-198,$12,$35,$-57,$3130,$-3790,$-39,$0,$0,$-17,$-17,$23,$-3823,$0,$291,$291,$1,$1,$0,$-29,$262,$-363,$0,$0
19,2013-12-31,14.89,$5.39,2.76,$3.86,3.86,$0.48,31.1,$1.22,12.2,$12.02B,$6.84B,1.76,$7.09B,$27.96B,0.25,$20.01B,$9.43B,47.13%,$20.01B,$7.04B,35.19%,$20.01B,$7.04B,35.19%,$20.01B,$12.28B,61.36%,$20.01B,$7.24B,36.18%,$20.01B,$6.17B,30.82%,$6.17B,$27.96B,23.25%,$6.17B,$27.58B,23.59%,$6.17B,$42.33B,15.70%,$7.04B,$35.06B,21.61%,$4819,$2663,$2157,$397,$162,$3220,$1599,$81,$1681,$340,$1341,$1341,$1342,$2982,$1599,$5186,5186,$0.26,$0.26,$8242,$1257,$100,$12018,$26573,$2984,$385,$134,$30316,$42333,$6838,$7093,$212,$7533,$14371,$8692,$16914,$0,$27962,$42333,$7240,$5236,$-132,$5104,$-7,$4,$40,$-430,$-213,$11646,$-9635,$-92,$-33,$0,$194,$194,$145,$-9422,$4407,$-659,$3748,$4,$4,$-2607,$-69,$1076,$3328,$0,$-2607
20,2013-09-30,14.48,$5.20,2.79,$3.86,3.75,$0.38,38.38,$1.21,11.97,$11.33B,$4.97B,2.28,$7.08B,$26.94B,0.26,$20.03B,$9.60B,47.94%,$20.03B,$7.15B,35.69%,$20.03B,$7.15B,35.69%,$20.03B,$12.51B,62.44%,$20.03B,$7.25B,36.19%,$20.03B,$6.35B,31.70%,$6.35B,$26.94B,24.63%,$6.35B,$26.56B,25.00%,$6.35B,$39.45B,17.20%,$7.15B,$34.02B,23.23%,$5445,$2802,$2643,$447,$198,$3447,$1997,$-9,$1988,$248,$1740,$1740,$1740,$3352,$1997,$5195,5195,$0.34,$0.34,$7326,$1237,$92,$11330,$24378,$2987,$382,$130,$28118,$39448,$4968,$7076,$232,$7540,$12508,$8686,$15878,$0,$26940,$39448,$5531,$3854,$-70,$3784,$-25,$23,$-7,$-694,$-639,$8194,$-7154,$-67,$-33,$0,$229,$229,$124,$-6901,$4404,$-581,$3823,$4,$4,$-2605,$-65,$1157,$2452,$0,$-2605
21,2013-06-30,15.3,$4.82,3.17,$3.73,4.1,$0.25,60.15,$1.19,12.86,$11.81B,$8.16B,1.45,$5.71B,$25.00B,0.23,$19.32B,$9.27B,47.99%,$19.32B,$6.92B,35.79%,$19.32B,$6.92B,35.79%,$19.32B,$12.00B,62.10%,$19.32B,$7.06B,36.55%,$19.32B,$6.26B,32.41%,$6.26B,$25.00B,25.35%,$6.26B,$24.63B,25.71%,$6.26B,$39.19B,18.23%,$6.92B,$30.71B,24.22%,$5222,$2662,$2560,$400,$229,$3292,$1931,$80,$2011,$277,$1734,$1734,$1736,$3185,$1931,$5181,5181,$0.34,$0.34,$7649,$1294,$92,$11807,$23972,$2622,$373,$126,$27384,$39191,$8162,$5714,$85,$6031,$14192,$8686,$14138,$0,$24999,$39191,$3543,$2499,$-84,$2415,$-17,$-33,$9,$-736,$-493,$4985,$-5317,$-49,$-33,$0,$217,$217,$35,$-5148,$3023,$-138,$2885,$4,$4,$0,$-7,$2882,$2761,$0,$0
22,2013-03-31,14.36,$5.05,2.84,$3.55,4.04,$0.43,33.59,$1.13,12.71,$10.15B,$5.40B,1.88,$4.33B,$26.21B,0.17,$18.43B,$8.82B,47.84%,$18.43B,$6.56B,35.62%,$18.43B,$6.56B,35.62%,$18.43B,$11.44B,62.07%,$18.43B,$6.60B,35.83%,$18.43B,$5.94B,32.22%,$5.94B,$26.21B,24.99%,$5.94B,$25.82B,25.30%,$5.94B,$36.20B,18.58%,$6.56B,$30.55B,24.78%,$4527,$2455,$2072,$363,$195,$3012,$1515,$45,$1560,$212,$1348,$1348,$1350,$2760,$1515,$5173,5173,$0.26,$0.26,$6496,$1290,$114,$10153,$22726,$2411,$391,$124,$26048,$36202,$5395,$4334,$26,$4596,$9991,$8842,$15276,$0,$26211,$36202,$1560,$1245,$3,$1248,$-3,$-0,$-68,$-290,$-298,$2509,$-2742,$-32,$0,$0,$136,$136,$11,$-2627,$1533,$8,$1541,$4,$4,$0,$-13,$1532,$1453,$0,$0
23,2012-12-31,14.33,$4.82,2.97,$3.40,4.21,$0.53,27.1,$1.09,13.15,$8.69B,$4.90B,1.77,$2.83B,$24.98B,0.11,$17.43B,$8.39B,48.12%,$17.43B,$6.23B,35.76%,$17.43B,$6.23B,35.76%,$17.43B,$10.76B,61.72%,$17.43B,$6.25B,35.87%,$17.43B,$5.72B,32.82%,$5.72B,$24.98B,25.09%,$5.72B,$24.61B,25.37%,$5.72B,$32.88B,19.16%,$6.23B,$27.81B,25.20%,$4839,$2510,$2329,$403,$220,$3133,$1706,$-15,$1691,$174,$1518,$1518,$1524,$3212,$1706,$5184,5186,$0.28,$0.28,$5212,$1302,$96,$8685,$21258,$2265,$377,$127,$24191,$32876,$4903,$2826,$26,$2990,$7893,$8924,$14134,$0,$24983,$32876,$5720,$4522,$158,$4680,$-6,$-447,$27,$-397,$-620,$9951,$-8468,$0,$0,$0,$-948,$-948,$12,$-9404,$1974,$299,$2273,$8,$8,$-2676,$-80,$-475,$-2,$0,$-2676
24,2012-09-30,13.21,$4.36,3.03,$3.13,4.22,$0.47,28.29,$1.01,13.08,$5.74B,$3.88B,1.48,$2.53B,$22.60B,0.11,$16.05B,$7.60B,47.37%,$16.05B,$5.61B,34.97%,$16.05B,$5.61B,34.97%,$16.05B,$9.55B,59.50%,$16.05B,$5.67B,35.33%,$16.05B,$5.24B,32.64%,$5.24B,$22.60B,24.06%,$5.24B,$22.39B,24.46%,$5.24B,$29.15B,18.70%,$5.61B,$25.13B,24.25%,$4735,$2423,$2312,$357,$191,$2971,$1764,$36,$1800,$147,$1653,$1653,$1652,$2842,$1764,$5163,5163,$0.32,$0.32,$2630,$1032,$67,$5744,$18350,$4462,$212,$108,$23403,$29146,$3876,$2533,$9,$2673,$6549,$8684,$12363,$0,$22597,$29146,$4174,$3016,$-7,$3009,$-648,$-266,$69,$25,$-661,$6528,$-6128,$0,$0,$0,$-64,$-64,$53,$-6139,$1779,$128,$1907,$6,$6,$-2605,$-7,$-699,$-310,$0,$-2605
25,2012-06-30,11.33,$4.10,2.76,$2.92,3.88,$0.33,34.33,$0.89,12.73,$7.00B,$7.01B,1.0,$1.19B,$21.27B,0.06,$14.97B,$6.83B,45.61%,$14.97B,$4.93B,32.95%,$14.97B,$4.93B,32.95%,$14.97B,$8.75B,58.46%,$14.97B,$4.97B,33.22%,$14.97B,$4.63B,30.93%,$4.63B,$21.27B,22.01%,$4.63B,$21.07B,22.58%,$4.63B,$29.61B,17.31%,$4.93B,$22.46B,22.50%,$4326,$2223,$2103,$340,$185,$2748,$1578,$-27,$1551,$140,$1411,$1411,$1412,$2624,$1578,$5230,5230,$0.27,$0.27,$4055,$964,$61,$6996,$17431,$4524,$206,$177,$22611,$29607,$7007,$1187,$10,$1328,$8336,$8787,$10839,$0,$21271,$29607,$2552,$1938,$54,$1992,$-464,$-189,$115,$-16,$-260,$4153,$-3583,$0,$0,$0,$-74,$-74,$-8,$-3664,$424,$164,$588,$5,$5,$0,$-6,$586,$1076,$0,$0
26,2012-03-31,12.4,$4.31,2.88,$2.83,4.38,$0.05,256.72,$0.86,14.42,$6.69B,$4.09B,1.64,$1.18B,$22.34B,0.05,$14.47B,$6.49B,44.82%,$14.47B,$4.67B,32.25%,$14.47B,$4.67B,32.25%,$14.47B,$8.38B,57.90%,$14.47B,$4.78B,32.99%,$14.47B,$4.46B,30.85%,$4.46B,$22.34B,21.61%,$4.46B,$22.13B,22.40%,$4.46B,$27.75B,17.07%,$4.67B,$23.52B,21.96%,$3526,$1884,$1642,$291,$166,$2342,$1184,$23,$1208,$76,$1131,$1131,$1131,$2077,$1184,$4851,4851,$0.23,$0.23,$3908,$864,$82,$6685,$16073,$4363,$209,$187,$21070,$27754,$4089,$1183,$13,$1326,$5415,$8761,$12021,$0,$22340,$27754,$1131,$892,$-38,$854,$-275,$-92,$51,$17,$-213,$1866,$-1593,$0,$0,$0,$-73,$-73,$-13,$-1679,$423,$296,$719,$5,$5,$0,$-2,$721,$909,$0,$0
27,2011-12-31,10.48,$0.00,0.0,$2.80,3.74,$-0.17,0.0,$0.88,11.9,$7.44B,$3.86B,1.93,$0.59B,$20.87B,0.03,$14.55B,$6.62B,45.46%,$14.55B,$4.83B,33.18%,$14.55B,$4.83B,33.18%,$14.55B,$8.49B,58.38%,$14.55B,$4.94B,33.97%,$14.55B,$4.57B,31.44%,$4.57B,$20.87B,22.57%,$4.57B,$20.07B,23.59%,$4.57B,$25.56B,17.88%,$4.83B,$21.46B,23.47%,$3460,$1915,$1545,$290,$169,$2374,$1086,$24,$1110,$68,$1042,$1043,$1043,$2005,$1086,$5215,5215,$0.20,$0.20,$4973,$820,$292,$7437,$0,$1138,$798,$0,$1936,$25563,$3863,$594,$238,$832,$4696,$8557,$7044,$0,$20867,$25563,$4578,$3667,$0,$3667,$0,$0,$0,$0,$234,$8431,$-7262,$0,$0,$0,$0,$968,$79,$-6215,$0,$-180,$613,$0,$-2,$-2647,$-95,$-2311,$-151,$0,$0
28,2011-09-30,9.28,$0.00,0.0,$2.84,3.26,$-0.13,0.0,$0.94,9.87,$6.45B,$3.55B,1.82,$0.59B,$19.67B,0.03,$14.71B,$6.87B,46.72%,$14.71B,$5.11B,34.72%,$14.71B,$5.11B,34.72%,$14.71B,$8.62B,58.60%,$14.71B,$5.25B,35.66%,$14.71B,$4.87B,33.10%,$4.87B,$19.67B,24.63%,$4.87B,$18.75B,25.57%,$4.87B,$24.04B,19.40%,$5.11B,$20.26B,25.59%,$3657,$2120,$1537,$296,$156,$2572,$1085,$19,$1104,$59,$1045,$1044,$1044,$2045,$1085,$5185,5185,$0.20,$0.20,$3936,$841,$181,$6446,$0,$1194,$925,$0,$2119,$24044,$3547,$589,$234,$823,$4370,$8482,$5951,$0,$19674,$24044,$3528,$2748,$0,$2748,$0,$0,$0,$0,$-263,$6007,$-6316,$0,$0,$0,$0,$977,$100,$-5239,$0,$165,$619,$0,$3,$-2672,$-5,$-1890,$-1136,$0,$0
29,2011-06-30,10.23,$0.00,0.0,$2.81,3.65,$0.04,274.34,$1.02,10.03,$8.43B,$7.14B,1.18,$0.00B,$19.76B,0.0,$14.57B,$7.09B,48.68%,$14.57B,$5.37B,36.87%,$14.57B,$5.37B,36.87%,$14.57B,$8.63B,59.20%,$14.57B,$5.70B,39.10%,$14.57B,$5.30B,36.35%,$5.30B,$19.76B,27.62%,$5.30B,$18.76B,28.76%,$5.30B,$27.25B,21.69%,$5.37B,$19.76B,27.91%,$3829,$2067,$1762,$294,$156,$2517,$1312,$41,$1353,$105,$1248,$1246,$1246,$2253,$1312,$5192,5192,$0.24,$0.24,$5531,$1096,$199,$8431,$45096,$1211,$992,$0,$47299,$27245,$7143,$0,$346,$346,$7489,$10948,$9047,$0,$19756,$27245,$2484,$1788,$0,$1788,$0,$0,$0,$0,$-157,$4112,$-5008,$0,$0,$0,$0,$910,$107,$-3991,$0,$66,$0,$0,$5,$0,$-6,$65,$107,$0,$0
30,2011-03-31,9.57,$0.00,0.0,$2.69,3.55,$0.19,51.02,$1.02,9.38,$8.50B,$4.32B,1.97,$0.00B,$20.78B,0.0,$14.04B,$6.96B,49.59%,$14.04B,$5.33B,37.97%,$14.04B,$5.33B,37.97%,$14.04B,$8.31B,59.18%,$14.04B,$5.68B,40.44%,$14.04B,$5.32B,37.86%,$5.32B,$20.78B,29.40%,$5.32B,$19.97B,30.58%,$5.32B,$25.46B,23.24%,$5.33B,$20.78B,29.31%,$3604,$1833,$1771,$272,$155,$2260,$1344,$39,$1376,$133,$1243,$1241,$1241,$2191,$1344,$5180,5180,$0.24,$0.24,$5546,$1079,$289,$8503,$0,$1321,$817,$0,$2138,$25456,$4318,$0,$356,$356,$4674,$8794,$7279,$0,$20782,$25456,$1238,$847,$0,$847,$0,$0,$0,$0,$-179,$1928,$-2761,$0,$0,$0,$0,$-14,$127,$-2648,$0,$101,$0,$0,$0,$0,$28,$129,$-629,$0,$0
31,2010-12-31,9.85,$0.00,0.0,$2.55,3.87,$0.35,28.33,$0.98,10.05,$8.61B,$4.06B,2.12,$0.15B,$18.91B,0.01,$13.32B,$6.58B,49.36%,$13.32B,$5.06B,37.95%,$13.32B,$5.06B,37.95%,$13.32B,$7.84B,58.88%,$13.32B,$5.41B,40.58%,$13.32B,$5.13B,38.50%,$5.13B,$18.91B,30.10%,$5.13B,$18.71B,31.00%,$5.13B,$23.67B,23.92%,$5.06B,$19.05B,29.42%,$3624,$1820,$1804,$264,$172,$2256,$1368,$47,$1414,$67,$1347,$1340,$1340,$2134,$1368,$5154,5154,$0.26,$0.26,$5979,$935,$283,$8612,$38255,$1310,$196,$306,$40526,$23674,$4057,$148,$413,$711,$4768,$8532,$5869,$0,$18906,$23674,$5132,$2788,$0,$2788,$0,$0,$0,$0,$-569,$7287,$-5932,$0,$0,$0,$0,$-156,$-329,$-6417,$0,$991,$0,$0,$8,$-2468,$-76,$-1545,$-743,$0,$0
32,2010-09-30,7.96,$0.00,0.0,$2.38,3.35,$0.51,15.72,$0.91,8.75,$7.87B,$3.49B,2.26,$0.14B,$17.27B,0.01,$12.57B,$6.02B,47.88%,$12.57B,$4.56B,36.26%,$12.57B,$4.56B,36.26%,$12.57B,$7.28B,57.94%,$12.57B,$5.16B,41.03%,$12.57B,$4.81B,38.24%,$4.81B,$17.27B,29.69%,$4.81B,$16.25B,30.63%,$4.81B,$21.31B,23.82%,$4.56B,$17.41B,27.90%,$3515,$1758,$1757,$252,$157,$2167,$1348,$207,$1555,$79,$1476,$1470,$1470,$2048,$1348,$5250,5250,$0.28,$0.28,$5337,$851,$172,$7872,$0,$1270,$1020,$0,$2290,$21307,$3486,$144,$412,$556,$4042,$8269,$4389,$0,$17265,$21307,$3789,$2022,$0,$2022,$0,$0,$0,$0,$-788,$4982,$-4416,$0,$0,$0,$0,$-168,$-292,$-4876,$0,$1188,$0,$0,$5,$-2436,$-53,$-1296,$-1223,$0,$0
33,2010-06-30,7.39,$0.00,0.0,$2.24,3.3,$0.71,10.45,$0.81,9.12,$8.88B,$5.15B,1.72,$0.14B,$15.39B,0.01,$11.80B,$5.57B,47.20%,$11.80B,$4.19B,35.48%,$11.80B,$4.19B,35.48%,$11.80B,$6.82B,57.84%,$11.80B,$4.61B,39.06%,$11.80B,$4.27B,36.19%,$4.27B,$15.39B,27.55%,$4.27B,$14.63B,27.98%,$4.27B,$21.09B,22.40%,$4.19B,$15.53B,26.75%,$3299,$1667,$1632,$226,$134,$2027,$1272,$61,$1333,$61,$1272,$1266,$1266,$1937,$1272,$5275,5275,$0.24,$0.24,$6399,$768,$224,$8880,$0,$1269,$766,$0,$2035,$21091,$5151,$139,$407,$546,$5697,$8026,$2806,$0,$15394,$21091,$2320,$1322,$0,$1322,$0,$0,$0,$0,$-625,$2979,$-3097,$0,$0,$0,$0,$-305,$-64,$-3466,$0,$567,$0,$0,$3,$0,$-44,$526,$38,$0,$0
34,2010-03-31,7.94,$0.00,0.0,$2.04,3.9,$0.95,8.38,$0.71,11.18,$8.35B,$2.46B,3.4,$0.14B,$16.60B,0.01,$10.74B,$4.97B,46.30%,$10.74B,$3.67B,34.19%,$10.74B,$3.67B,34.19%,$10.74B,$6.26B,58.25%,$10.74B,$4.07B,37.91%,$10.74B,$3.74B,34.84%,$3.74B,$16.60B,24.98%,$3.74B,$16.60B,25.05%,$3.74B,$19.70B,20.49%,$3.67B,$16.74B,24.27%,$2885,$1502,$1383,$201,$114,$1817,$1068,$37,$1105,$47,$1058,$1053,$1053,$1725,$1068,$5265,5265,$0.20,$0.20,$6034,$713,$350,$8347,$0,$1250,$0,$686,$1936,$19700,$2458,$141,$372,$644,$3102,$8141,$4344,$0,$16598,$19700,$1053,$657,$0,$657,$0,$0,$0,$0,$-247,$1440,$-1443,$0,$0,$0,$0,$-309,$-9,$-1761,$0,$0,$0,$0,$1,$0,$-27,$-26,$-359,$0,$0
35,2009-12-31,8.66,$0.00,0.0,$1.74,4.97,$1.08,8.0,$0.52,16.65,$8.13B,$2.48B,3.28,$0.18B,$15.50B,0.01,$9.02B,$3.81B,42.25%,$9.02B,$2.64B,29.27%,$9.02B,$2.64B,29.27%,$9.02B,$5.17B,57.33%,$9.02B,$2.99B,33.13%,$9.02B,$2.73B,30.32%,$2.73B,$15.50B,18.98%,$2.73B,$15.31B,19.04%,$2.73B,$18.61B,15.70%,$2.64B,$15.68B,18.14%,$2870,$1625,$1246,$223,$153,$2000,$870,$56,$1164,$81,$1083,$1018,$1018,$1572,$870,$5360,5360,$0.19,$0.19,$6123,$655,$283,$8132,$0,$1185,$186,$94,$1916,$18613,$2477,$181,$330,$641,$3118,$8107,$5693,$0,$15496,$18613,$2792,$2530,$0,$2530,$0,$0,$0,$0,$-333,$5007,$-2747,$0,$0,$0,$0,$-228,$-45,$-3019,$0,$0,$-253,$0,$8,$-2406,$-24,$-2675,$-730,$0,$0
36,2009-09-30,8.3,$0.00,0.0,$1.57,5.29,$1.61,5.14,$0.40,20.76,$7.59B,$1.71B,4.44,$0.14B,$14.49B,0.01,$8.11B,$3.16B,39.00%,$8.11B,$2.12B,26.14%,$8.11B,$2.12B,26.14%,$8.11B,$4.59B,56.65%,$8.11B,$2.21B,27.19%,$8.11B,$2.09B,25.82%,$2.09B,$14.49B,14.76%,$2.09B,$14.49B,14.76%,$2.09B,$16.83B,12.31%,$2.12B,$14.63B,14.80%,$2742,$1435,$1307,$189,$143,$1767,$975,$30,$1005,$70,$935,$932,$932,$1589,$975,$5178,5178,$0.18,$0.18,$5600,$596,$275,$7585,$0,$1197,$0,$692,$1889,$16829,$1708,$140,$489,$629,$2337,$8044,$2233,$0,$14492,$16829,$1707,$1828,$0,$1828,$0,$0,$0,$0,$-553,$2958,$-1361,$0,$0,$0,$0,$-105,$-25,$-1491,$0,$0,$-242,$0,$6,$-2321,$-15,$-2572,$-1138,$0,$0
37,2009-06-30,6.87,$0.00,0.0,$1.61,4.27,$1.99,3.46,$0.41,16.81,$9.43B,$3.95B,2.39,$0.14B,$13.33B,0.01,$8.35B,$3.24B,38.78%,$8.35B,$2.20B,26.35%,$8.35B,$2.20B,26.35%,$8.35B,$4.73B,56.57%,$8.35B,$2.31B,27.60%,$8.35B,$2.15B,25.73%,$2.15B,$13.33B,15.15%,$2.15B,$13.33B,15.15%,$2.15B,$17.90B,12.58%,$2.20B,$13.46B,15.36%,$2242,$1206,$1036,$154,$123,$1483,$759,$38,$797,$59,$738,$738,$738,$1369,$759,$5271,5271,$0.14,$0.14,$7519,$578,$314,$9428,$0,$990,$0,$627,$1617,$17903,$3950,$137,$489,$626,$4576,$7891,$1260,$0,$13327,$17903,$779,$1214,$0,$1214,$0,$0,$0,$0,$-454,$1537,$-390,$0,$0,$0,$0,$464,$-10,$64,$0,$0,$-240,$0,$1,$0,$-7,$-246,$1345,$0,$0
38,2009-03-31,6.53,$0.00,0.0,$1.73,3.77,$2.16,3.02,$0.45,14.59,$7.92B,$1.34B,5.92,$0.13B,$14.31B,0.01,$9.01B,$3.53B,39.14%,$9.01B,$2.44B,27.09%,$9.01B,$2.44B,27.09%,$9.01B,$5.01B,55.65%,$9.01B,$2.57B,28.56%,$9.01B,$2.36B,26.20%,$2.36B,$14.31B,16.24%,$2.36B,$14.31B,16.24%,$2.36B,$16.30B,13.35%,$2.44B,$14.44B,16.63%,$1164,$943,$221,$110,$75,$1128,$36,$-14,$22,$-22,$44,$46,$46,$640,$36,$4623,4623,$0.01,$0.01,$6775,$436,$299,$7918,$0,$1052,$0,$633,$1685,$16298,$1338,$133,$518,$651,$1989,$7556,$3063,$0,$14309,$16298,$44,$604,$0,$604,$0,$0,$0,$0,$159,$790,$-166,$0,$0,$0,$0,$407,$-1,$240,$0,$0,$-236,$0,$0,$0,$4,$-232,$845,$0,$0
39,2008-12-31,5.77,$0.00,0.0,$2.00,2.88,$2.28,2.53,$0.61,9.51,$7.69B,$1.73B,4.45,$0.14B,$14.62B,0.01,$10.61B,$4.51B,42.55%,$10.61B,$3.33B,31.35%,$10.61B,$3.33B,31.35%,$10.61B,$5.92B,55.81%,$10.61B,$3.55B,33.45%,$10.61B,$3.21B,30.23%,$3.21B,$14.62B,21.13%,$3.21B,$14.62B,21.13%,$3.21B,$17.01B,17.33%,$3.33B,$14.76B,21.71%,$1962,$1363,$599,$147,$102,$1612,$350,$32,$381,$9,$372,$378,$378,$996,$350,$5427,5427,$0.07,$0.07,$6434,$453,$237,$7687,$0,$1217,$0,$690,$1907,$17009,$1729,$137,$524,$661,$2390,$7798,$3114,$0,$14619,$17009,$3182,$2595,$0,$2595,$0,$0,$0,$0,$1206,$7053,$-1880,$0,$0,$0,$0,$1671,$-48,$-257,$0,$0,$0,$0,$-1066,$-2445,$-163,$-3674,$3173,$0,$0
40,2008-09-30,6.84,$0.00,0.0,$2.18,3.13,$1.90,3.61,$0.74,9.29,$7.23B,$1.93B,3.74,$0.14B,$14.50B,0.01,$11.54B,$5.30B,45.93%,$11.54B,$4.11B,35.64%,$11.54B,$4.11B,35.64%,$11.54B,$6.69B,57.94%,$11.54B,$4.38B,37.92%,$11.54B,$3.89B,33.72%,$3.89B,$14.50B,25.43%,$3.89B,$14.50B,25.43%,$3.89B,$17.12B,20.86%,$4.11B,$14.64B,26.52%,$2984,$1601,$1383,$192,$135,$1928,$1056,$49,$1105,$118,$987,$987,$987,$1720,$1056,$5221,5221,$0.19,$0.19,$4923,$679,$219,$7232,$0,$1303,$0,$731,$2034,$17118,$1934,$140,$546,$686,$2620,$8062,$5315,$0,$14498,$17118,$2829,$1949,$0,$1949,$0,$0,$0,$0,$282,$5094,$-1538,$0,$0,$0,$0,$699,$0,$-839,$0,$0,$0,$0,$-1078,$-2472,$-155,$-3705,$562,$0,$0
41,2008-06-30,7.66,$0.00,0.0,$2.11,3.64,$1.55,4.95,$0.72,10.71,$9.88B,$4.84B,2.04,$0.15B,$14.72B,0.01,$11.26B,$5.15B,45.78%,$11.26B,$4.04B,35.88%,$11.26B,$4.04B,35.88%,$11.26B,$6.55B,58.19%,$11.26B,$4.31B,38.29%,$11.26B,$3.83B,34.00%,$3.83B,$14.72B,24.63%,$3.83B,$14.72B,24.63%,$3.83B,$20.27B,20.29%,$4.04B,$14.86B,25.55%,$2896,$1574,$1322,$178,$146,$1898,$998,$66,$1064,$115,$949,$949,$949,$1656,$998,$5299,5299,$0.18,$0.18,$7379,$770,$348,$9876,$0,$1052,$0,$702,$1754,$20268,$4842,$148,$562,$710,$5552,$8616,$5006,$0,$14716,$20268,$1841,$1285,$0,$1285,$0,$0,$0,$0,$147,$3300,$-1211,$0,$0,$0,$0,$1294,$-68,$15,$0,$0,$0,$0,$-312,$0,$-14,$-326,$2914,$0,$0
42,2008-03-31,7.21,$0.00,0.0,$2.00,3.61,$1.35,5.34,$0.69,10.53,$9.26B,$2.04B,4.54,$0.15B,$16.87B,0.01,$10.62B,$4.80B,45.22%,$10.62B,$3.79B,35.65%,$10.62B,$3.79B,35.65%,$10.62B,$6.23B,58.68%,$10.62B,$4.09B,38.52%,$10.62B,$3.65B,34.33%,$3.65B,$16.87B,23.56%,$3.65B,$16.87B,23.56%,$3.65B,$19.64B,19.54%,$3.79B,$17.02B,23.96%,$2767,$1557,$1210,$167,$121,$1845,$922,$77,$999,$106,$893,$893,$893,$1549,$922,$5306,5306,$0.17,$0.17,$6917,$720,$372,$9257,$26886,$1108,$0,$667,$28661,$19636,$2040,$148,$577,$725,$2765,$8429,$6862,$0,$16871,$19636,$893,$627,$0,$627,$0,$0,$0,$0,$296,$1812,$-484,$0,$0,$0,$0,$408,$-23,$-99,$0,$0,$0,$0,$-94,$0,$-10,$-104,$1559,$0,$0
43,2007-12-31,7.0,$0.00,0.0,$1.84,3.79,$1.24,5.65,$0.63,11.19,$7.70B,$1.50B,5.13,$0.39B,$15.13B,0.03,$9.83B,$4.34B,44.17%,$9.83B,$3.41B,34.69%,$9.83B,$3.41B,34.69%,$9.83B,$5.84B,59.46%,$9.83B,$3.70B,37.68%,$9.83B,$3.33B,33.89%,$3.33B,$15.13B,21.80%,$3.33B,$15.13B,21.80%,$3.33B,$17.60B,18.15%,$3.41B,$15.51B,21.77%,$2894,$1508,$1386,$154,$95,$1757,$1137,$79,$1208,$142,$1066,$1063,$1063,$1762,$1137,$5315,5315,$0.20,$0.20,$5389,$735,$268,$7700,$0,$1124,$0,$750,$1874,$17596,$1501,$385,$585,$970,$2471,$8146,$6746,$0,$15125,$17596,$3323,$2435,$0,$2435,$0,$0,$0,$0,$-140,$5594,$-2555,$0,$0,$0,$0,$-2842,$3245,$-2152,$0,$0,$-213,$0,$-1382,$-2356,$-171,$-4122,$-696,$0,$0
44,2007-09-30,7.11,$0.00,0.0,$1.73,4.11,$1.40,5.08,$0.59,12.15,$7.66B,$1.56B,4.91,$0.38B,$15.45B,0.03,$9.22B,$4.01B,43.54%,$9.22B,$3.12B,33.82%,$9.22B,$3.12B,33.82%,$9.22B,$5.52B,59.91%,$9.22B,$3.38B,36.70%,$9.22B,$3.12B,33.83%,$3.12B,$15.45B,20.25%,$3.12B,$15.45B,20.31%,$3.12B,$17.95B,16.89%,$3.12B,$15.83B,19.75%,$2700,$1464,$1236,$142,$112,$1718,$982,$57,$1039,$109,$930,$922,$922,$1584,$982,$5478,5478,$0.17,$0.17,$5400,$751,$207,$7655,$0,$1408,$0,$769,$2177,$17951,$1558,$383,$563,$946,$2504,$8090,$5644,$0,$15447,$17951,$2280,$1810,$0,$1810,$0,$0,$0,$0,$-284,$3759,$-1945,$0,$0,$0,$0,$324,$-138,$-1759,$0,$0,$-76,$0,$0,$-2345,$-165,$-2586,$-592,$0,$0
45,2007-06-30,7.82,$0.00,0.0,$1.71,4.57,$1.60,4.89,$0.60,12.94,$9.31B,$4.05B,2.3,$0.38B,$14.48B,0.03,$9.04B,$4.03B,44.64%,$9.04B,$3.16B,35.00%,$9.04B,$3.16B,35.00%,$9.04B,$5.53B,61.18%,$9.04B,$3.40B,37.66%,$9.04B,$3.19B,35.30%,$3.19B,$14.48B,21.03%,$3.19B,$14.48B,21.09%,$3.19B,$19.47B,17.49%,$3.16B,$14.86B,20.28%,$2261,$1290,$971,$130,$95,$1515,$746,$100,$846,$73,$773,$769,$769,$1338,$746,$5178,5178,$0.15,$0.15,$7120,$735,$319,$9306,$23434,$1379,$0,$705,$25518,$19473,$4045,$382,$570,$952,$4997,$8072,$4705,$0,$14476,$19473,$1342,$1208,$0,$1208,$0,$0,$0,$0,$-306,$2208,$-1190,$0,$0,$0,$0,$0,$476,$-714,$0,$0,$-76,$0,$9,$0,$-34,$-101,$1380,$0,$0
46,2007-03-31,7.25,$0.00,0.0,$1.75,4.14,$1.79,4.06,$0.65,11.11,$8.65B,$1.36B,6.34,$0.38B,$16.07B,0.02,$9.33B,$4.38B,47.00%,$9.33B,$3.51B,37.68%,$9.33B,$3.51B,37.68%,$9.33B,$5.84B,62.66%,$9.33B,$3.68B,39.50%,$9.33B,$3.48B,37.27%,$3.48B,$16.07B,23.18%,$3.48B,$16.07B,23.25%,$3.48B,$18.40B,19.37%,$3.51B,$16.45B,22.74%,$1973,$1225,$748,$120,$84,$1429,$544,$66,$610,$33,$577,$577,$577,$1160,$544,$5325,5325,$0.11,$0.11,$6569,$673,$404,$8646,$22025,$1577,$0,$609,$24211,$18398,$1364,$378,$586,$964,$2328,$7807,$6527,$0,$16070,$18398,$577,$616,$0,$616,$0,$0,$0,$0,$8,$1160,$-424,$0,$0,$0,$0,$106,$-90,$-408,$0,$0,$-76,$0,$0,$0,$-9,$-85,$682,$0,$0
47,2006-12-31,7.37,$0.00,0.0,$1.83,4.02,$1.87,3.94,$0.74,10.02,$7.99B,$1.44B,5.56,$0.42B,$15.59B,0.03,$9.74B,$4.79B,49.11%,$9.74B,$3.91B,40.12%,$9.74B,$3.91B,40.12%,$9.74B,$6.17B,63.34%,$9.74B,$4.09B,42.00%,$9.74B,$3.91B,40.10%,$3.91B,$15.59B,26.65%,$3.91B,$15.40B,26.74%,$3.91B,$18.03B,22.17%,$3.91B,$16.01B,25.79%,$2283,$1226,$1058,$124,$89,$1438,$845,$64,$888,$45,$844,$850,$850,$1440,$845,$5313,5313,$0.16,$0.16,$3616,$658,$2753,$7988,$0,$1654,$184,$45,$2242,$18027,$1438,$422,$508,$1002,$2440,$7926,$6049,$0,$15587,$18027,$3903,$2262,$0,$2262,$0,$0,$0,$0,$174,$6290,$-2400,$0,$0,$0,$0,$-80,$-1193,$-3674,$0,$-10,$0,$0,$-88,$-1895,$35,$-1957,$655,$0,$0
