,Date,Stock Price,Book Value per Share,Price to Book Ratio,TTM Sales per Share,Price to Sales Ratio,TTM FCF per Share,Price to FCF Ratio,TTM Net EPS,PE Ratio,Current Assets,Current Liabilities,Current Ratio,Long Term Debt,Shareholder's Equity_x,Debt to Equity Ratio,TTM Revenue_x,TTM Gross Profit,Gross Margin,TTM Revenue_y,TTM Operating Income,Operating Margin,TTM Revenue_x,TTM EBIT,EBIT Margin,TTM Revenue_y,TTM EBITDA,EBITDA Margin,TTM Revenue_x,TTM Pre-Tax Income,Pre-Tax Margin,TTM Revenue_y,TTM Net Income_x,Net Margin,TTM Net Income_y,Shareholder's Equity_y,Return on Equity,TTM Net Income_x,Tangible Equity,Return on Tangible Equity,TTM Net Income_y,Total Assets,Return on Assets,TTM Net Income,LT Investments & Debt,Return on Investment,revenue,cost-goods-sold,gross-profit,research-development-expenses,selling-general-administrative-expenses,operating-expenses,operating-income,total-non-operating-income-expense,pre-tax-income,total-provision-income-taxes,income-after-taxes,income-from-continuous-operations,net-income,ebitda,ebit,basic-shares-outstanding,shares-outstanding,eps-basic-net-earnings-per-share,eps-earnings-per-share-diluted,cash-on-hand,inventory,other-current-assets,total-current-assets,net-property-plant-equipment,long-term-investments,goodwill-intangible-assets-total,other-long-term-assets,total-long-term-assets,total-assets,total-current-liabilities,long-term-debt,other-non-current-liabilities,total-long-term-liabilities,total-liabilities,common-stock-net,retained-earnings-accumulated-deficit,comprehensive-income,total-share-holder-equity,total-liabilities-share-holders-equity,net-income-loss,total-depreciation-amortization-cash-flow,other-non-cash-items,total-non-cash-items,change-in-accounts-receivable,change-in-inventories,change-in-accounts-payable,change-in-assets-liabilities,total-change-in-assets-liabilities,cash-flow-from-operating-activities,net-change-in-property-plant-equipment,net-change-in-intangible-assets,net-acquisitions-divestitures,net-change-in-short-term-investments,net-change-in-long-term-investments,net-change-in-investments-total,investing-activities-other,cash-flow-from-investing-activities,net-long-term-debt,net-current-debt,debt-issuance-retirement-net-total,net-common-equity-issued-repurchased,net-total-equity-issued-repurchased,total-common-preferred-stock-dividends-paid,financial-activities-other,cash-flow-from-financial-activities,net-cash-flow,stock-based-compensation,common-stock-dividends-paid
0,2018-08-31,7.5,$4.22,1.78,$32.89,0.23,$0.47,15.87,$0.20,37.5,$0.01B,$0.01B,2.54,$0.00B,$0.01B,0.0,$0.07B,$0.01B,16.92%,$0.07B,0,0.00%,$0.07B,0,0.00%,$0.07B,0,0.00%,$0.07B,0,0.00%,$0.07B,0,0.00%,$0.00B,$0.01B,0.00%,$0.00B,$0.01B,0.00%,$0.00B,$0.01B,0.00%,$0.00B,$0.01B,0.00%,$17,$14,$3,$0,$3,$17,$0,$-0,$0,$0,$0,$0,$0,$0,$0,$2,2,$0.02,$0.02,$5,$0,$0,$13,$0,$0,$0,$0,$0,$14,$5,$0,$0,$0,$5,$0,$17,$0,$8,$14,$0,$0,$0,$0,$-1,$0,$0,$-0,$-0,$-0,$0,$0,$0,$0,$0,$0,$0,$0,$0,$0,$0,$0,$0,$-0,$0,$-0,$-0,$0,$-0
1,2018-05-31,5.15,$4.21,1.22,$33.12,0.16,$0.92,5.58,$0.25,20.6,$0.01B,$0.01B,2.59,$0.00B,$0.01B,0.0,$0.07B,$0.01B,16.92%,$0.07B,0,0.00%,$0.07B,0,0.00%,$0.07B,0,0.00%,$0.07B,0,0.00%,$0.07B,0,0.00%,$0.00B,$0.01B,0.00%,$0.00B,$0.01B,0.00%,$0.00B,$0.01B,0.00%,$0.00B,$0.01B,0.00%,$16,$14,$3,$0,$2,$16,$0,$0,$0,$0,$0,$0,$0,$0,$0,$2,2,$0.07,$0.07,$6,$0,$0,$13,$0,$0,$0,$0,$0,$13,$5,$0,$0,$0,$5,$0,$17,$0,$8,$13,$1,$0,$0,$0,$0,$0,$0,$-0,$1,$1,$-0,$0,$0,$0,$0,$0,$0,$0,$0,$0,$0,$0,$0,$-2,$0,$-2,$-0,$0,$-2
2,2018-02-28,6.0,$4.14,1.45,$33.39,0.18,$0.73,8.19,$0.21,28.57,$0.01B,$0.00B,2.91,$0.00B,$0.01B,0.0,$0.07B,$0.01B,16.67%,$0.07B,0,0.00%,$0.07B,0,0.00%,$0.07B,0,0.00%,$0.07B,0,0.00%,$0.07B,0,0.00%,$0.00B,$0.01B,0.00%,$0.00B,$0.01B,0.00%,$0.00B,$0.01B,0.00%,$0.00B,$0.01B,0.00%,$15,$13,$2,$0,$2,$15,$-0,$0,$-0,$-0,$-0,$-0,$-0,$-0,$-0,$2,2,$-0.01,$-0.01,$5,$0,$0,$12,$0,$0,$0,$0,$0,$12,$4,$0,$0,$0,$4,$0,$16,$0,$8,$12,$0,$0,$0,$0,$0,$0,$0,$-0,$-0,$0,$-0,$0,$0,$0,$0,$0,$0,$0,$0,$0,$0,$0,$0,$-2,$0,$-2,$-1,$0,$-2
3,2017-11-30,5.1,$4.16,1.23,$33.56,0.15,$0.77,6.66,$0.19,26.84,$0.01B,$0.01B,2.73,$0.00B,$0.01B,0.0,$0.07B,$0.01B,16.67%,$0.07B,0,0.00%,$0.07B,0,0.00%,$0.07B,0,0.00%,$0.07B,0,0.00%,$0.07B,0,0.00%,$0.00B,$0.01B,0.00%,$0.00B,$0.01B,0.00%,$0.00B,$0.01B,0.00%,$0.00B,$0.01B,0.00%,$17,$14,$3,$0,$2,$16,$0,$0,$0,$0,$0,$0,$0,$0,$0,$2,2,$0.12,$0.12,$5,$0,$0,$13,$0,$0,$0,$0,$0,$13,$5,$0,$0,$0,$5,$0,$16,$0,$8,$13,$0,$0,$-0,$-0,$-0,$0,$0,$-0,$-0,$0,$-0,$0,$0,$0,$0,$0,$0,$0,$0,$0,$0,$0,$0,$-2,$0,$-2,$-1,$0,$-2
4,2017-08-31,4.25,$4.03,1.05,$32.81,0.13,$0.86,4.93,$0.13,32.69,$0.01B,$0.01B,2.49,$0.00B,$0.01B,0.0,$0.06B,$0.01B,17.19%,$0.06B,0,0.00%,$0.06B,0,0.00%,$0.06B,0,0.00%,$0.06B,0,0.00%,$0.06B,0,0.00%,$0.00B,$0.01B,0.00%,$0.00B,$0.01B,0.00%,$0.00B,$0.01B,0.00%,$0.00B,$0.01B,0.00%,$17,$14,$3,$0,$3,$17,$0,$0,$0,$0,$0,$0,$0,$0,$0,$2,2,$0.07,$0.07,$5,$0,$0,$13,$0,$0,$0,$0,$0,$13,$5,$0,$0,$0,$5,$0,$16,$0,$8,$13,$0,$0,$-0,$-0,$-0,$0,$0,$-0,$0,$1,$0,$0,$0,$0,$0,$0,$0,$0,$0,$0,$0,$0,$0,$-2,$0,$-2,$-1,$0,$-2
5,2017-05-31,6.35,$3.95,1.61,$31.89,0.2,$0.60,10.68,$0.14,45.38,$0.01B,$0.01B,2.14,$0.00B,$0.01B,0.0,$0.06B,$0.01B,17.74%,$0.06B,0,0.00%,$0.06B,0,0.00%,$0.06B,0,0.00%,$0.06B,0,0.00%,$0.06B,0,0.00%,$0.00B,$0.01B,0.00%,$0.00B,$0.01B,0.00%,$0.00B,$0.02B,0.00%,$0.00B,$0.01B,0.00%,$17,$14,$3,$0,$3,$17,$0,$0,$0,$0,$0,$0,$0,$0,$0,$2,2,$0.03,$0.03,$7,$0,$0,$14,$0,$0,$0,$0,$0,$15,$7,$0,$0,$0,$7,$0,$16,$0,$8,$15,$0,$0,$0,$0,$0,$0,$0,$0,$0,$1,$-0,$0,$0,$1,$0,$1,$0,$1,$0,$0,$0,$0,$0,$-0,$0,$-0,$1,$0,$-0
6,2017-02-28,4.75,$4.92,0.97,$31.18,0.15,$0.84,5.67,$0.20,23.77,$0.01B,$0.00B,3.46,$0.00B,$0.01B,0.0,$0.06B,$0.01B,18.03%,$0.06B,0,0.00%,$0.06B,0,0.00%,$0.06B,0,0.00%,$0.06B,0,0.00%,$0.06B,0,0.00%,$0.00B,$0.01B,0.00%,$0.00B,$0.01B,0.00%,$0.00B,$0.01B,0.00%,$0.00B,$0.01B,0.00%,$15,$13,$2,$0,$3,$16,$-0,$0,$-0,$-0,$-0,$-0,$-0,$-0,$-0,$2,2,$-0.03,$-0.03,$6,$0,$0,$13,$0,$0,$0,$0,$0,$14,$4,$0,$0,$0,$4,$0,$18,$0,$10,$14,$0,$0,$0,$0,$1,$0,$0,$-0,$-0,$0,$-0,$0,$0,$0,$0,$0,$0,$0,$0,$0,$0,$0,$0,$-0,$0,$-0,$0,$0,$-0
7,2016-11-30,4.88,$4.95,0.99,$31.02,0.16,$0.91,5.38,$0.22,22.2,$0.01B,$0.00B,3.33,$0.00B,$0.01B,0.0,$0.06B,$0.01B,18.03%,$0.06B,0,0.00%,$0.06B,0,0.00%,$0.06B,0,0.00%,$0.06B,0,0.00%,$0.06B,0,0.00%,$0.00B,$0.01B,0.00%,$0.00B,$0.01B,0.00%,$0.00B,$0.01B,0.00%,$0.00B,$0.01B,0.00%,$15,$12,$3,$0,$2,$15,$0,$0,$0,$0,$0,$0,$0,$0,$0,$2,2,$0.06,$0.06,$6,$0,$0,$14,$0,$0,$0,$0,$0,$14,$4,$0,$0,$0,$4,$0,$18,$0,$10,$14,$0,$0,$0,$0,$1,$0,$0,$-0,$-0,$0,$-0,$0,$0,$0,$0,$0,$0,$0,$0,$0,$0,$0,$0,$-0,$0,$-0,$0,$0,$-0
8,2016-08-31,5.65,$4.90,1.15,$31.09,0.18,$1.46,3.87,$0.22,25.69,$0.01B,$0.01B,3.04,$0.00B,$0.01B,0.0,$0.06B,$0.01B,18.03%,$0.06B,0,0.00%,$0.06B,0,0.00%,$0.06B,0,0.00%,$0.06B,0,0.00%,$0.06B,0,0.00%,$0.00B,$0.01B,0.00%,$0.00B,$0.01B,0.00%,$0.00B,$0.01B,0.00%,$0.00B,$0.01B,0.00%,$15,$13,$3,$0,$2,$15,$0,$0,$0,$0,$0,$0,$0,$0,$0,$2,2,$0.08,$0.08,$6,$0,$0,$14,$0,$0,$0,$0,$0,$14,$5,$0,$0,$0,$5,$0,$18,$0,$10,$14,$0,$0,$0,$0,$-0,$0,$0,$-0,$-0,$0,$0,$0,$0,$-0,$0,$-0,$0,$-0,$0,$0,$0,$0,$0,$-0,$0,$-0,$0,$0,$-0
9,2016-05-31,3.28,$4.83,0.68,$31.09,0.11,$1.40,2.34,$0.21,15.64,$0.01B,$0.01B,3.03,$0.00B,$0.01B,0.0,$0.06B,$0.01B,18.03%,$0.06B,0,0.00%,$0.06B,0,0.00%,$0.06B,0,0.00%,$0.06B,0,0.00%,$0.06B,0,0.00%,$0.00B,$0.01B,0.00%,$0.00B,$0.01B,0.00%,$0.00B,$0.01B,0.00%,$0.00B,$0.01B,0.00%,$16,$13,$3,$0,$2,$15,$0,$0,$0,$0,$0,$0,$0,$0,$0,$2,2,$0.08,$0.08,$6,$0,$0,$14,$0,$0,$0,$0,$0,$14,$5,$0,$0,$0,$5,$0,$18,$0,$9,$14,$0,$0,$0,$0,$1,$0,$0,$-0,$1,$1,$-0,$0,$0,$-0,$0,$-0,$0,$-0,$0,$0,$0,$0,$0,$-0,$0,$-0,$1,$0,$-0
10,2016-02-29,3.09,$4.73,0.65,$30.82,0.1,$1.13,2.72,$0.18,17.16,$0.01B,$0.01B,2.92,$0.00B,$0.01B,0.0,$0.06B,$0.01B,16.67%,$0.06B,0,0.00%,$0.06B,0,0.00%,$0.06B,0,0.00%,$0.06B,0,0.00%,$0.06B,0,0.00%,$0.00B,$0.01B,0.00%,$0.00B,$0.01B,0.00%,$0.00B,$0.01B,0.00%,$0.00B,$0.01B,0.00%,$15,$13,$2,$0,$2,$15,$-0,$-0,$-0,$-0,$-0,$-0,$-0,$-0,$-0,$2,2,$-0.01,$-0.01,$5,$0,$0,$14,$0,$0,$0,$0,$0,$14,$5,$0,$0,$0,$5,$0,$18,$0,$9,$14,$0,$0,$0,$0,$0,$0,$0,$-0,$0,$0,$-0,$0,$0,$-0,$0,$-0,$0,$-0,$0,$0,$0,$0,$0,$-0,$0,$-0,$-0,$0,$-0
11,2015-11-30,4.17,$4.78,0.87,$30.38,0.14,$0.82,5.1,$0.15,27.83,$0.01B,$0.01B,2.92,$0.00B,$0.01B,0.0,$0.06B,$0.01B,16.95%,$0.06B,0,0.00%,$0.06B,0,0.00%,$0.06B,0,0.00%,$0.06B,0,0.00%,$0.06B,0,0.00%,$0.00B,$0.01B,0.00%,$0.00B,$0.01B,0.00%,$0.00B,$0.01B,0.00%,$0.00B,$0.01B,0.00%,$15,$13,$3,$0,$2,$15,$0,$0,$0,$0,$0,$0,$0,$0,$0,$2,2,$0.06,$0.06,$6,$0,$0,$14,$0,$0,$0,$0,$0,$14,$5,$0,$0,$0,$5,$0,$18,$0,$9,$14,$0,$0,$0,$0,$1,$0,$0,$-0,$1,$1,$-0,$0,$0,$-0,$0,$-0,$0,$-0,$0,$0,$0,$0,$0,$-0,$0,$-0,$1,$0,$-0
12,2015-08-31,3.8,$4.71,0.81,$30.05,0.13,$0.50,7.65,$0.16,23.77,$0.01B,$0.01B,2.77,$0.00B,$0.01B,0.0,$0.06B,$0.01B,15.25%,$0.06B,0,0.00%,$0.06B,0,0.00%,$0.06B,0,0.00%,$0.06B,0,0.00%,$0.06B,0,0.00%,$0.00B,$0.01B,0.00%,$0.00B,$0.01B,0.00%,$0.00B,$0.01B,0.00%,$0.00B,$0.01B,0.00%,$15,$13,$3,$0,$2,$15,$0,$-0,$0,$0,$0,$0,$0,$0,$0,$2,2,$0.07,$0.07,$5,$0,$0,$14,$0,$0,$0,$0,$0,$14,$5,$0,$0,$0,$5,$0,$18,$0,$9,$14,$0,$0,$0,$0,$-0,$0,$0,$-0,$-0,$-0,$-0,$0,$0,$0,$0,$0,$0,$-0,$0,$0,$0,$0,$0,$0,$0,$0,$-0,$0,$0
13,2015-05-31,3.46,$4.64,0.75,$29.26,0.12,$1.24,2.79,$0.10,34.57,$0.01B,$0.01B,2.82,$0.00B,$0.01B,0.0,$0.06B,$0.01B,13.79%,$0.06B,0,0.00%,$0.06B,0,0.00%,$0.06B,0,0.00%,$0.06B,0,0.00%,$0.06B,0,0.00%,$0.00B,$0.01B,0.00%,$0.00B,$0.01B,0.00%,$0.00B,$0.01B,0.00%,$0.00B,$0.01B,0.00%,$15,$13,$2,$0,$2,$15,$0,$0,$0,$0,$0,$0,$0,$0,$0,$2,2,$0.06,$0.06,$5,$0,$0,$14,$0,$0,$0,$0,$0,$14,$5,$0,$0,$0,$5,$0,$17,$0,$9,$14,$0,$0,$0,$0,$0,$0,$0,$-0,$0,$1,$-0,$0,$0,$0,$0,$0,$0,$0,$0,$0,$0,$0,$0,$-0,$0,$-0,$1,$0,$-0
14,2015-02-28,3.63,$4.57,0.79,$28.33,0.13,$1.14,3.19,$0.02,181.51,$0.01B,$0.01B,2.86,$0.00B,$0.01B,0.0,$0.06B,$0.01B,14.29%,$0.06B,0,0.00%,$0.06B,0,0.00%,$0.06B,0,0.00%,$0.06B,0,0.00%,$0.06B,0,0.00%,$0.00B,$0.01B,0.00%,$0.00B,$0.01B,0.00%,$0.00B,$0.01B,0.00%,$0.00B,$0.01B,0.00%,$14,$12,$2,$0,$2,$14,$-0,$-0,$-0,$-0,$-0,$-0,$-0,$-0,$-0,$2,2,$-0.04,$-0.04,$4,$0,$0,$14,$0,$0,$0,$0,$0,$14,$5,$0,$0,$0,$5,$0,$17,$0,$9,$14,$0,$0,$0,$0,$-1,$0,$0,$-0,$-1,$-0,$-0,$0,$0,$0,$0,$0,$0,$-0,$0,$0,$0,$0,$0,$-0,$0,$-0,$-0,$0,$-0
15,2014-11-30,2.9,$4.65,0.62,$27.27,0.11,$1.45,2.0,$0.01,289.76,$0.01B,$0.01B,2.9,$0.00B,$0.01B,0.0,$0.05B,$0.01B,14.81%,$0.05B,0,0.00%,$0.05B,0,0.00%,$0.05B,0,0.00%,$0.05B,0,0.00%,$0.05B,0,0.00%,$0.00B,$0.01B,0.00%,$0.00B,$0.01B,0.00%,$0.00B,$0.01B,0.00%,$0.00B,$0.01B,0.00%,$15,$12,$2,$0,$2,$14,$0,$0,$0,$0,$0,$0,$0,$0,$0,$2,2,$0.07,$0.07,$5,$0,$0,$14,$0,$0,$0,$0,$0,$14,$5,$0,$0,$0,$5,$0,$17,$0,$9,$14,$0,$0,$0,$0,$0,$0,$0,$-0,$0,$1,$-0,$0,$0,$0,$0,$0,$0,$0,$0,$0,$0,$0,$0,$-0,$0,$-0,$1,$0,$-0
16,2014-08-31,2.77,$4.57,0.61,$26.06,0.11,$0.94,2.94,$-0.04,0.0,$0.01B,$0.01B,2.77,$0.00B,$0.01B,0.0,$0.05B,$0.01B,15.69%,$0.05B,0,0.00%,$0.05B,0,0.00%,$0.05B,0,0.00%,$0.05B,0,0.00%,$0.05B,0,0.00%,$0.00B,$0.01B,0.00%,$0.00B,$0.01B,0.00%,$0.00B,$0.01B,0.00%,$0.00B,$0.01B,0.00%,$14,$11,$2,$0,$2,$14,$0,$0,$0,$0,$0,$0,$0,$0,$0,$2,2,$0.01,$0.01,$6,$0,$0,$14,$0,$0,$0,$0,$0,$14,$5,$0,$0,$0,$5,$0,$17,$0,$9,$14,$0,$0,$0,$0,$1,$0,$0,$0,$1,$1,$-0,$0,$0,$0,$0,$0,$0,$-0,$0,$0,$0,$0,$0,$-0,$0,$-0,$1,$0,$-0
17,2014-05-31,2.65,$4.55,0.58,$25.24,0.11,$0.13,20.07,$-0.04,0.0,$0.01B,$0.01B,2.88,$0.00B,$0.01B,0.0,$0.05B,$0.01B,16.33%,$0.05B,0,0.00%,$0.05B,0,0.00%,$0.05B,0,0.00%,$0.05B,0,0.00%,$0.05B,0,0.00%,$0.00B,$0.01B,0.00%,$0.00B,$0.01B,0.00%,$0.00B,$0.01B,0.00%,$0.00B,$0.01B,0.00%,$13,$11,$2,$0,$2,$13,$0,$0,$0,$0,$-0,$-0,$-0,$0,$0,$2,2,$-0.02,$-0.02,$4,$0,$0,$13,$0,$0,$0,$0,$0,$14,$5,$0,$0,$0,$5,$0,$17,$0,$9,$14,$0,$0,$0,$0,$0,$0,$0,$0,$0,$1,$-0,$0,$0,$0,$0,$0,$0,$0,$0,$0,$0,$0,$0,$-0,$0,$-0,$1,$0,$-0
18,2014-02-28,2.83,$4.55,0.62,$24.91,0.11,$-0.65,0.0,$-0.01,0.0,$0.01B,$0.01B,2.92,$0.00B,$0.01B,0.0,$0.05B,$0.01B,16.33%,$0.05B,0,0.00%,$0.05B,0,0.00%,$0.05B,0,0.00%,$0.05B,0,0.00%,$0.05B,0,0.00%,$0.00B,$0.01B,0.00%,$0.00B,$0.01B,0.00%,$0.00B,$0.01B,0.00%,$0.00B,$0.01B,0.00%,$12,$10,$2,$0,$2,$12,$-0,$0,$-0,$-0,$-0,$-0,$-0,$-0,$-0,$2,2,$-0.05,$-0.05,$4,$0,$0,$13,$0,$0,$0,$0,$0,$13,$5,$0,$0,$0,$5,$0,$17,$0,$9,$13,$0,$0,$0,$0,$0,$0,$0,$-0,$0,$0,$-0,$0,$0,$0,$0,$0,$0,$0,$0,$0,$0,$0,$0,$-0,$0,$-0,$1,$0,$-0
19,2013-11-30,2.97,$4.59,0.65,$24.09,0.12,$-1.03,0.0,$-0.09,0.0,$0.01B,$0.00B,3.12,$0.00B,$0.01B,0.0,$0.05B,$0.01B,16.67%,$0.05B,0,0.00%,$0.05B,0,0.00%,$0.05B,0,0.00%,$0.05B,0,0.00%,$0.05B,0,0.00%,$0.00B,$0.01B,0.00%,$0.00B,$0.01B,0.00%,$0.00B,$0.01B,0.00%,$0.00B,$0.01B,0.00%,$12,$10,$2,$0,$2,$12,$0,$0,$0,$0,$0,$0,$0,$0,$0,$2,2,$0.02,$0.02,$4,$0,$0,$13,$0,$0,$0,$0,$0,$13,$4,$0,$0,$0,$4,$0,$17,$0,$9,$13,$0,$0,$0,$0,$0,$0,$0,$0,$-0,$-0,$-0,$0,$0,$0,$0,$0,$0,$0,$0,$0,$0,$0,$0,$-0,$0,$-0,$-0,$0,$-0
20,2013-08-31,2.77,$4.57,0.61,$23.22,0.12,$-1.11,0.0,$-0.20,0.0,$0.01B,$0.01B,2.88,$0.00B,$0.01B,0.0,$0.05B,$0.01B,17.02%,$0.05B,0,0.00%,$0.05B,0,0.00%,$0.05B,0,0.00%,$0.05B,0,0.00%,$0.05B,0,0.00%,$0.00B,$0.01B,0.00%,$0.00B,$0.01B,0.00%,$0.00B,$0.01B,0.00%,$0.00B,$0.01B,0.00%,$12,$10,$2,$0,$2,$12,$0,$0,$0,$0,$0,$0,$0,$0,$0,$2,2,$0.01,$0.01,$3,$0,$0,$13,$0,$0,$0,$0,$0,$13,$5,$0,$0,$0,$5,$0,$17,$0,$9,$13,$0,$0,$0,$0,$-0,$0,$0,$-0,$-0,$-0,$-0,$0,$0,$-0,$0,$-0,$0,$-0,$0,$0,$0,$0,$0,$-0,$0,$-0,$-0,$0,$-0
21,2013-05-31,2.77,$4.55,0.61,$22.76,0.12,$-0.91,0.0,$-0.26,0.0,$0.01B,$0.01B,2.86,$0.00B,$0.01B,0.0,$0.05B,$0.01B,17.39%,$0.05B,0,0.00%,$0.05B,0,0.00%,$0.05B,0,0.00%,$0.05B,0,0.00%,$0.05B,0,0.00%,$0.00B,$0.01B,0.00%,$0.00B,$0.01B,0.00%,$0.00B,$0.01B,0.00%,$0.00B,$0.01B,0.00%,$13,$10,$2,$0,$2,$13,$0,$0,$0,$0,$0,$0,$0,$0,$0,$2,2,$0.01,$0.01,$4,$0,$0,$13,$0,$0,$0,$0,$0,$14,$5,$0,$0,$0,$5,$0,$17,$0,$9,$14,$-0,$0,$-0,$-0,$-0,$0,$0,$-0,$-0,$-1,$-0,$0,$0,$-1,$0,$-1,$0,$-1,$0,$0,$0,$-0,$-0,$-3,$0,$-3,$-6,$0,$-3
22,2013-02-28,2.86,$4.54,0.63,$22.21,0.13,$-0.21,0.0,$-0.29,0.0,$0.01B,$0.00B,3.07,$0.00B,$0.01B,0.0,$0.05B,$0.01B,17.78%,$0.05B,0,0.00%,$0.05B,0,0.00%,$0.05B,0,0.00%,$0.05B,0,0.00%,$0.05B,0,0.00%,$0.00B,$0.01B,0.00%,$0.00B,$0.01B,0.00%,$0.00B,$0.01B,0.00%,$0.00B,$0.01B,0.00%,$11,$9,$2,$0,$2,$11,$-0,$0,$-0,$-0,$-0,$-0,$-0,$-0,$-0,$2,2,$-0.13,$-0.13,$4,$0,$0,$13,$0,$0,$0,$0,$0,$13,$4,$0,$0,$0,$4,$0,$17,$0,$9,$13,$-1,$0,$0,$0,$1,$0,$0,$-0,$0,$-0,$-0,$0,$0,$-1,$0,$-1,$0,$-1,$0,$0,$0,$-0,$-0,$-3,$0,$-3,$-5,$0,$-3
23,2012-11-30,3.18,$4.68,0.68,$22.43,0.14,$0.01,0.0,$-0.21,0.0,$0.01B,$0.01B,3.02,$0.00B,$0.01B,0.0,$0.05B,$0.01B,17.78%,$0.05B,0,0.00%,$0.05B,0,0.00%,$0.05B,0,0.00%,$0.05B,0,0.00%,$0.05B,0,0.00%,$0.00B,$0.01B,0.00%,$0.00B,$0.01B,0.00%,$0.00B,$0.01B,0.00%,$0.00B,$0.01B,0.00%,$11,$9,$2,$0,$2,$11,$-0,$-0,$-0,$-0,$-0,$-0,$-0,$-0,$-0,$2,2,$-0.09,$-0.09,$5,$0,$0,$14,$0,$0,$0,$0,$0,$14,$5,$0,$0,$0,$5,$0,$18,$0,$9,$14,$-0,$0,$0,$0,$-0,$0,$0,$0,$-0,$-0,$0,$0,$0,$-3,$0,$-3,$0,$-3,$0,$0,$0,$-0,$-0,$-3,$0,$-3,$-6,$0,$-3
24,2012-08-31,2.39,$6.28,0.38,$22.64,0.11,$0.27,8.81,$-0.10,0.0,$0.02B,$0.01B,3.56,$0.00B,$0.01B,0.0,$0.05B,$0.01B,17.78%,$0.05B,0,0.00%,$0.05B,0,0.00%,$0.05B,0,0.00%,$0.05B,0,0.00%,$0.05B,0,0.00%,$0.00B,$0.01B,0.00%,$0.00B,$0.01B,0.00%,$0.00B,$0.02B,0.00%,$0.00B,$0.01B,0.00%,$11,$9,$2,$0,$2,$11,$-0,$0,$-0,$-0,$-0,$-0,$-0,$-0,$-0,$2,2,$-0.05,$-0.05,$8,$0,$0,$17,$0,$0,$0,$0,$0,$17,$5,$0,$0,$0,$5,$0,$21,$0,$12,$17,$-0,$0,$0,$0,$0,$0,$0,$-0,$0,$0,$0,$0,$0,$-3,$0,$-3,$0,$-3,$0,$0,$0,$-0,$-0,$-0,$0,$-0,$-3,$0,$-0
25,2012-05-31,2.61,$6.31,0.41,$22.57,0.12,$0.42,6.17,$-0.03,0.0,$0.02B,$0.01B,3.67,$0.00B,$0.01B,0.0,$0.05B,$0.01B,17.78%,$0.05B,0,0.00%,$0.05B,0,0.00%,$0.05B,0,0.00%,$0.05B,0,0.00%,$0.05B,0,0.00%,$0.00B,$0.01B,0.00%,$0.00B,$0.01B,0.00%,$0.00B,$0.02B,0.00%,$0.00B,$0.01B,0.00%,$12,$10,$2,$0,$2,$12,$-0,$0,$-0,$-0,$-0,$-0,$-0,$-0,$-0,$2,2,$-0.02,$-0.02,$8,$0,$0,$17,$0,$0,$0,$0,$0,$17,$5,$0,$0,$0,$5,$0,$21,$0,$13,$17,$-0,$0,$0,$0,$0,$0,$0,$-0,$0,$0,$-0,$0,$0,$3,$0,$3,$0,$3,$0,$0,$0,$-0,$-0,$-0,$0,$-0,$3,$0,$-0
26,2012-02-29,2.71,$6.33,0.43,$22.12,0.12,$-0.17,0.0,$0.03,90.4,$0.02B,$0.00B,3.8,$0.00B,$0.01B,0.0,$0.04B,$0.01B,18.18%,$0.04B,0,0.00%,$0.04B,0,0.00%,$0.04B,0,0.00%,$0.04B,0,0.00%,$0.04B,0,0.00%,$0.00B,$0.01B,0.00%,$0.00B,$0.01B,0.00%,$0.00B,$0.02B,0.00%,$0.00B,$0.01B,0.00%,$11,$9,$2,$0,$2,$11,$-0,$0,$-0,$-0,$-0,$-0,$-0,$-0,$-0,$2,2,$-0.05,$-0.05,$8,$0,$0,$17,$0,$0,$0,$0,$0,$17,$4,$0,$0,$0,$4,$0,$21,$0,$13,$17,$0,$0,$-0,$0,$0,$0,$0,$-0,$-0,$-0,$-0,$0,$0,$1,$0,$1,$0,$1,$0,$0,$0,$-0,$-0,$-0,$0,$-0,$1,$0,$-0
27,2011-11-30,2.63,$6.39,0.41,$21.19,0.12,$-0.85,0.0,$0.05,52.64,$0.02B,$0.01B,3.78,$0.00B,$0.01B,0.0,$0.04B,$0.01B,19.05%,$0.04B,0,0.00%,$0.04B,0,0.00%,$0.04B,0,0.00%,$0.04B,0,0.00%,$0.04B,0,0.00%,$0.00B,$0.01B,0.00%,$0.00B,$0.01B,0.00%,$0.00B,$0.02B,0.00%,$0.00B,$0.01B,0.00%,$11,$9,$2,$0,$2,$11,$0,$0,$0,$0,$0,$0,$0,$0,$0,$2,2,$0.02,$0.02,$8,$0,$0,$17,$0,$0,$0,$0,$0,$17,$5,$0,$0,$0,$5,$0,$21,$0,$13,$17,$0,$0,$0,$0,$-0,$0,$0,$-0,$-0,$0,$-0,$0,$0,$1,$0,$1,$0,$1,$0,$0,$0,$-0,$-0,$-0,$0,$-0,$1,$0,$-0
28,2011-08-31,2.65,$6.35,0.42,$20.48,0.13,$-1.51,0.0,$0.10,26.51,$0.02B,$0.01B,3.77,$0.00B,$0.01B,0.0,$0.04B,$0.01B,19.51%,$0.04B,0,0.00%,$0.04B,0,0.00%,$0.04B,0,0.00%,$0.04B,0,0.00%,$0.04B,0,0.00%,$0.00B,$0.01B,0.00%,$0.00B,$0.01B,0.00%,$0.00B,$0.02B,0.00%,$0.00B,$0.01B,0.00%,$11,$9,$2,$0,$2,$11,$0,$0,$0,$0,$0,$0,$0,$0,$0,$2,2,$0.02,$0.02,$8,$0,$0,$17,$0,$0,$0,$0,$0,$17,$5,$0,$0,$0,$5,$0,$21,$0,$13,$17,$0,$0,$0,$0,$0,$0,$0,$-0,$0,$1,$-0,$0,$0,$1,$0,$1,$0,$1,$0,$0,$0,$-0,$-0,$-0,$0,$-0,$1,$0,$-0
29,2011-05-31,2.98,$6.32,0.47,$19.48,0.15,$-1.74,0.0,$0.10,29.83,$0.02B,$0.00B,3.83,$0.00B,$0.01B,0.0,$0.04B,$0.01B,20.51%,$0.04B,0,0.00%,$0.04B,0,0.00%,$0.04B,0,0.00%,$0.04B,0,0.00%,$0.04B,0,0.00%,$0.00B,$0.01B,0.00%,$0.00B,$0.01B,0.00%,$0.00B,$0.02B,0.00%,$0.00B,$0.01B,0.00%,$11,$9,$2,$0,$2,$11,$0,$0,$0,$0,$0,$0,$0,$0,$0,$2,2,$0.05,$0.05,$8,$0,$0,$17,$0,$0,$0,$0,$0,$17,$4,$0,$0,$0,$4,$0,$21,$0,$13,$17,$0,$0,$0,$0,$-2,$0,$0,$0,$-1,$-1,$-0,$0,$0,$-0,$0,$-0,$0,$-0,$0,$0,$0,$-0,$-0,$-0,$0,$-0,$-1,$0,$-0
30,2011-02-28,3.04,$6.27,0.49,$18.83,0.16,$-1.18,0.0,$0.06,50.74,$0.02B,$0.00B,4.65,$0.00B,$0.01B,0.0,$0.04B,$0.01B,21.05%,$0.04B,0,0.00%,$0.04B,0,0.00%,$0.04B,0,0.00%,$0.04B,0,0.00%,$0.04B,0,0.00%,$0.00B,$0.01B,0.00%,$0.00B,$0.01B,0.00%,$0.00B,$0.02B,0.00%,$0.00B,$0.01B,0.00%,$9,$8,$2,$0,$2,$9,$-0,$0,$-0,$-0,$-0,$-0,$-0,$-0,$-0,$2,2,$-0.03,$-0.03,$7,$0,$0,$16,$0,$0,$0,$0,$0,$16,$3,$0,$0,$0,$3,$0,$21,$0,$13,$16,$0,$0,$0,$0,$-2,$0,$0,$0,$-2,$-1,$-0,$0,$0,$-1,$0,$-1,$0,$-1,$0,$0,$0,$-0,$-0,$-0,$0,$-0,$-3,$0,$-0
31,2010-11-30,4.06,$6.32,0.64,$18.61,0.22,$-0.69,0.0,$0.09,45.1,$0.02B,$0.00B,4.86,$0.00B,$0.01B,0.0,$0.04B,$0.01B,21.05%,$0.04B,0,0.00%,$0.04B,0,0.00%,$0.04B,0,0.00%,$0.04B,0,0.00%,$0.04B,0,0.00%,$0.00B,$0.01B,0.00%,$0.00B,$0.01B,0.00%,$0.00B,$0.02B,0.00%,$0.00B,$0.01B,0.00%,$10,$8,$2,$0,$2,$9,$0,$0,$0,$0,$0,$0,$0,$0,$0,$2,2,$0.07,$0.07,$7,$0,$0,$16,$0,$0,$0,$0,$0,$16,$3,$0,$0,$0,$3,$0,$21,$0,$13,$16,$0,$0,$0,$0,$-2,$0,$0,$-0,$-2,$-1,$-0,$0,$0,$-1,$0,$-1,$0,$-1,$0,$0,$0,$-0,$-0,$-0,$0,$-0,$-2,$0,$-0
32,2010-08-31,2.62,$6.23,0.42,$18.39,0.14,$-0.42,0.0,$0.06,43.67,$0.02B,$0.00B,4.66,$0.00B,$0.01B,0.0,$0.04B,$0.01B,21.62%,$0.04B,0,0.00%,$0.04B,0,0.00%,$0.04B,0,0.00%,$0.04B,0,0.00%,$0.04B,0,0.00%,$0.00B,$0.01B,0.00%,$0.00B,$0.01B,0.00%,$0.00B,$0.02B,0.00%,$0.00B,$0.01B,0.00%,$9,$8,$2,$0,$2,$9,$0,$0,$0,$0,$0,$0,$0,$0,$0,$2,2,$0.01,$0.01,$9,$0,$0,$16,$0,$0,$0,$0,$0,$16,$3,$0,$0,$0,$3,$0,$21,$0,$13,$16,$0,$0,$0,$0,$-0,$0,$0,$0,$-0,$0,$-0,$0,$0,$-2,$0,$-2,$0,$-2,$0,$0,$0,$-0,$-0,$-0,$0,$-0,$-2,$0,$-0
33,2010-05-31,3.01,$6.21,0.49,$18.25,0.17,$-0.54,0.0,$0.08,37.67,$0.02B,$0.00B,4.91,$0.00B,$0.01B,0.0,$0.04B,$0.01B,21.62%,$0.04B,0,0.00%,$0.04B,0,0.00%,$0.04B,0,0.00%,$0.04B,0,0.00%,$0.04B,0,0.00%,$0.00B,$0.01B,0.00%,$0.00B,$0.01B,0.00%,$0.00B,$0.02B,0.00%,$0.00B,$0.01B,0.00%,$10,$8,$2,$0,$2,$10,$0,$0,$0,$0,$0,$0,$0,$0,$0,$2,2,$-0.01,$-0.01,$9,$0,$0,$16,$0,$0,$0,$0,$0,$16,$3,$0,$0,$0,$3,$0,$21,$0,$13,$16,$0,$0,$0,$0,$-0,$0,$0,$0,$0,$0,$-0,$0,$0,$1,$0,$1,$0,$1,$0,$0,$0,$-0,$-0,$-0,$0,$-0,$2,$0,$-0
34,2010-02-28,2.82,$6.20,0.45,$17.95,0.16,$0.08,36.25,$0.12,23.47,$0.02B,$0.00B,5.26,$0.00B,$0.01B,0.0,$0.04B,$0.01B,22.22%,$0.04B,0,0.00%,$0.04B,0,0.00%,$0.04B,0,0.00%,$0.04B,0,0.00%,$0.04B,0,0.00%,$0.00B,$0.01B,0.00%,$0.00B,$0.01B,0.00%,$0.00B,$0.02B,0.00%,$0.00B,$0.01B,0.00%,$9,$7,$2,$0,$2,$9,$-0,$0,$0,$0,$-0,$-0,$-0,$-0,$-0,$2,2,$0.00,$0.00,$8,$0,$0,$15,$0,$0,$0,$0,$0,$15,$3,$0,$0,$0,$3,$0,$21,$0,$13,$15,$0,$0,$0,$0,$-1,$0,$0,$0,$-1,$-0,$-0,$0,$0,$1,$0,$1,$0,$1,$0,$0,$0,$0,$0,$-0,$0,$-0,$1,$0,$-0
35,2009-11-30,2.83,$6.22,0.45,$18.34,0.15,$0.94,3.0,$0.16,17.68,$0.02B,$0.00B,5.38,$0.00B,$0.01B,0.0,$0.04B,$0.01B,21.62%,$0.04B,0,0.00%,$0.04B,0,0.00%,$0.04B,0,0.00%,$0.04B,0,0.00%,$0.04B,0,0.00%,$0.00B,$0.01B,0.00%,$0.00B,$0.01B,0.00%,$0.00B,$0.02B,0.00%,$0.00B,$0.01B,0.00%,$9,$8,$2,$0,$2,$9,$0,$0,$0,$0,$0,$0,$0,$0,$0,$2,2,$0.04,$0.04,$8,$0,$0,$15,$0,$0,$0,$0,$0,$15,$3,$0,$0,$0,$3,$0,$21,$0,$13,$15,$0,$0,$0,$0,$-1,$0,$0,$-0,$-1,$-1,$-0,$0,$0,$1,$0,$1,$0,$1,$0,$0,$0,$0,$0,$-0,$0,$-0,$0,$0,$-0
36,2009-08-31,2.77,$6.17,0.45,$19.12,0.14,$1.35,2.05,$0.22,12.58,$0.02B,$0.00B,5.03,$0.00B,$0.01B,0.0,$0.04B,$0.01B,20.00%,$0.04B,0,0.00%,$0.04B,0,0.00%,$0.04B,0,0.00%,$0.04B,0,0.00%,$0.04B,0,0.00%,$0.00B,$0.01B,0.00%,$0.00B,$0.01B,0.00%,$0.00B,$0.02B,0.00%,$0.00B,$0.01B,0.00%,$9,$7,$2,$0,$2,$9,$0,$0,$0,$0,$0,$0,$0,$0,$0,$2,2,$0.04,$0.04,$8,$0,$0,$15,$0,$0,$0,$0,$0,$16,$3,$0,$0,$0,$3,$0,$21,$0,$12,$16,$0,$0,$-0,$0,$-0,$0,$0,$-0,$-0,$-0,$-0,$0,$0,$0,$0,$0,$0,$-0,$0,$0,$0,$0,$0,$-0,$0,$-0,$-0,$0,$-0
37,2009-05-31,2.15,$6.13,0.35,$19.95,0.11,$1.14,1.89,$0.28,7.69,$0.02B,$0.00B,5.14,$0.00B,$0.01B,0.0,$0.04B,$0.01B,18.60%,$0.04B,0,0.00%,$0.04B,0,0.00%,$0.04B,0,0.00%,$0.04B,0,0.00%,$0.04B,0,0.00%,$0.00B,$0.01B,0.00%,$0.00B,$0.01B,0.00%,$0.00B,$0.02B,0.00%,$0.00B,$0.01B,0.00%,$9,$8,$2,$0,$2,$9,$0,$0,$0,$0,$0,$0,$0,$0,$0,$2,2,$0.06,$0.06,$9,$0,$0,$15,$0,$0,$0,$0,$0,$15,$3,$0,$0,$0,$3,$0,$21,$0,$12,$15,$1,$0,$0,$0,$2,$0,$0,$-0,$1,$2,$-0,$0,$0,$3,$0,$3,$0,$3,$0,$0,$0,$-1,$-1,$-1,$0,$-2,$2,$0,$-1
38,2009-02-28,2.19,$6.08,0.36,$21.02,0.1,$0.93,2.36,$0.34,6.44,$0.02B,$0.00B,4.96,$0.00B,$0.01B,0.0,$0.05B,$0.01B,17.02%,$0.05B,0,0.00%,$0.05B,0,0.00%,$0.05B,0,0.00%,$0.05B,0,0.00%,$0.05B,0,0.00%,$0.00B,$0.01B,0.00%,$0.00B,$0.01B,0.00%,$0.00B,$0.02B,0.00%,$0.00B,$0.01B,0.00%,$10,$8,$2,$0,$2,$10,$0,$0,$0,$0,$0,$0,$0,$0,$0,$2,2,$0.04,$0.04,$8,$0,$0,$15,$0,$0,$0,$0,$0,$15,$3,$0,$0,$0,$3,$0,$20,$0,$12,$15,$1,$0,$0,$0,$2,$0,$0,$-0,$1,$1,$-0,$0,$0,$4,$0,$4,$0,$4,$0,$0,$0,$-1,$-1,$-1,$0,$-2,$3,$0,$-1
39,2008-11-30,2.26,$6.13,0.37,$21.64,0.1,$-0.06,0.0,$0.40,5.64,$0.02B,$0.00B,4.7,$0.00B,$0.01B,0.0,$0.05B,$0.01B,16.33%,$0.05B,0,0.00%,$0.05B,0,0.00%,$0.05B,0,0.00%,$0.05B,0,0.00%,$0.05B,0,0.00%,$0.00B,$0.01B,0.00%,$0.00B,$0.01B,0.00%,$0.00B,$0.02B,0.00%,$0.00B,$0.01B,0.00%,$12,$9,$2,$0,$2,$11,$0,$0,$0,$0,$0,$0,$0,$0,$0,$2,2,$0.10,$0.10,$7,$0,$0,$15,$0,$1,$0,$0,$1,$16,$3,$0,$0,$0,$3,$0,$21,$0,$12,$16,$0,$0,$0,$0,$0,$0,$0,$-0,$-0,$0,$-0,$0,$0,$2,$0,$2,$0,$2,$0,$0,$0,$-1,$-1,$-1,$0,$-2,$0,$0,$-1
40,2008-08-31,3.16,$6.00,0.53,$22.05,0.14,$-0.19,0.0,$0.46,6.88,$0.02B,$0.00B,4.14,$0.00B,$0.01B,0.0,$0.05B,$0.01B,16.00%,$0.05B,$0.00B,2.00%,$0.05B,$0.00B,2.00%,$0.05B,$0.00B,2.00%,$0.05B,$0.00B,2.00%,$0.05B,0,0.00%,$0.00B,$0.01B,0.00%,$0.00B,$0.01B,0.00%,$0.00B,$0.02B,0.00%,$0.00B,$0.01B,9.52%,$12,$10,$2,$0,$2,$12,$0,$0,$0,$0,$0,$0,$0,$0,$0,$2,2,$0.10,$0.10,$7,$0,$0,$16,$0,$1,$0,$0,$1,$18,$4,$0,$0,$0,$4,$0,$21,$0,$14,$18,$0,$0,$0,$0,$-1,$0,$0,$-0,$-1,$-1,$-0,$0,$0,$-0,$0,$-0,$0,$-0,$0,$0,$0,$-0,$-0,$-0,$0,$-0,$-1,$0,$-0
41,2008-05-31,4.05,$6.03,0.67,$22.65,0.18,$-0.05,0.0,$0.56,7.24,$0.02B,$0.00B,4.32,$0.00B,$0.01B,0.0,$0.05B,$0.01B,17.31%,$0.05B,$0.00B,3.85%,$0.05B,$0.00B,3.85%,$0.05B,$0.00B,3.85%,$0.05B,$0.00B,3.85%,$0.05B,0,0.00%,$0.00B,$0.01B,0.00%,$0.00B,$0.01B,0.00%,$0.00B,$0.02B,0.00%,$0.00B,$0.01B,28.57%,$13,$10,$2,$0,$2,$12,$0,$0,$0,$0,$0,$0,$0,$0,$0,$2,2,$0.10,$0.10,$8,$0,$0,$17,$0,$1,$0,$0,$1,$18,$4,$0,$0,$0,$4,$0,$21,$0,$14,$18,$1,$0,$0,$0,$0,$0,$0,$-0,$-0,$1,$-0,$0,$0,$-0,$0,$-0,$0,$-0,$0,$0,$0,$0,$0,$-2,$0,$-2,$-0,$0,$-2
42,2008-02-29,4.73,$6.10,0.77,$17.15,0.28,$-0.60,0.0,$0.46,10.28,$0.02B,$0.00B,4.46,$0.00B,$0.01B,0.0,$0.04B,$0.01B,17.95%,$0.04B,$0.00B,5.13%,$0.04B,$0.00B,5.13%,$0.04B,$0.00B,5.13%,$0.04B,$0.00B,5.13%,$0.04B,0,0.00%,$0.00B,$0.01B,0.00%,$0.00B,$0.01B,0.00%,$0.00B,$0.02B,0.00%,$0.00B,$0.01B,57.14%,$12,$10,$2,$0,$2,$12,$0,$0,$0,$0,$0,$0,$0,$0,$0,$2,2,$0.10,$0.10,$6,$0,$0,$17,$0,$1,$0,$0,$1,$18,$4,$0,$0,$0,$4,$0,$21,$0,$14,$18,$1,$0,$0,$0,$-2,$0,$0,$-0,$-2,$-1,$-0,$0,$0,$0,$0,$0,$0,$0,$0,$0,$0,$0,$0,$-1,$0,$-1,$-1,$0,$-1
43,2007-11-30,4.45,$0.00,0.0,$16.87,0.26,$-0.27,0.0,$0.44,10.11,$0.00B,$0.00B,0.0,$0.00B,$0.00B,0.0,$0.04B,$0.01B,17.95%,$0.04B,$0.00B,5.13%,$0.04B,$0.00B,5.13%,$0.04B,$0.00B,5.13%,$0.04B,$0.00B,5.13%,$0.04B,0,0.00%,$0.00B,$0.00B,nan%,$0.00B,$0.00B,nan%,$0.00B,$0.00B,nan%,$0.00B,$0.00B,inf%,$13,$11,$2,$0,$2,$13,$1,$0,$1,$0,$0,$0,$0,$1,$1,$2,2,$0.16,$0.16,$0,$0,$0,$0,$0,$0,$0,$0,$0,$0,$0,$0,$0,$0,$0,$0,$0,$0,$0,$0,$1,$0,$0,$0,$-1,$0,$0,$-0,$-1,$-0,$-0,$0,$0,$-0,$0,$-0,$0,$-0,$0,$0,$0,$0,$0,$-1,$0,$-1,$-1,$0,$-1
44,2007-08-31,4.36,$0.00,0.0,$16.50,0.26,$-0.17,0.0,$0.48,9.08,$0.00B,$0.00B,0.0,$0.00B,$0.00B,0.0,$0.04B,$0.01B,18.42%,$0.04B,$0.00B,5.26%,$0.04B,$0.00B,5.26%,$0.04B,$0.00B,5.26%,$0.04B,$0.00B,5.26%,$0.04B,0,0.00%,$0.00B,$0.00B,nan%,$0.00B,$0.00B,nan%,$0.00B,$0.00B,nan%,$0.00B,$0.00B,inf%,$14,$11,$3,$0,$2,$13,$1,$0,$1,$0,$0,$0,$0,$1,$1,$2,2,$0.20,$0.20,$0,$0,$0,$0,$0,$0,$0,$0,$0,$0,$0,$0,$0,$0,$0,$0,$0,$0,$0,$0,$0,$0,$0,$0,$-1,$0,$0,$-0,$-1,$-0,$-0,$0,$0,$-0,$0,$-0,$0,$-0,$0,$0,$0,$0,$0,$-0,$0,$-0,$-0,$0,$-0
45,2007-05-31,4.11,$0.00,0.0,$15.92,0.26,$0.41,9.98,$0.26,15.8,$0.00B,$0.00B,0.0,$0.00B,$0.00B,0.0,$0.04B,$0.01B,16.67%,$0.04B,$0.00B,2.78%,$0.04B,$0.00B,2.78%,$0.04B,$0.00B,2.78%,$0.04B,$0.00B,2.78%,$0.04B,0,0.00%,$0.00B,$0.00B,0.00%,$0.00B,$0.00B,0.00%,$0.00B,$0.00B,0.00%,$0.00B,$0.00B,28.57%,$0,$0,$0,$0,$0,$0,$0,$0,$0,$0,$0,$0,$0,$0,$0,$0,0,$0.00,$0.00,$0,$0,$0,$0,$0,$0,$0,$0,$0,$0,$0,$0,$0,$0,$0,$0,$0,$0,$0,$0,$0,$0,$0,$0,$0,$0,$0,$0,$0,$0,$0,$0,$0,$0,$0,$0,$0,$0,$0,$0,$0,$0,$0,$0,$0,$0,$0,$0,$0
46,2007-02-28,4.39,$0.00,0.0,$21.00,0.21,$0.54,8.15,$0.38,11.55,$0.00B,$0.00B,0.0,$0.00B,$0.00B,0.0,$0.05B,$0.01B,16.67%,$0.05B,$0.00B,2.08%,$0.05B,$0.00B,2.08%,$0.05B,$0.00B,2.08%,$0.05B,$0.00B,4.17%,$0.05B,0,0.00%,$0.00B,$0.00B,0.00%,$0.00B,$0.00B,0.00%,$0.00B,$0.00B,0.00%,$0.00B,$0.00B,14.29%,$12,$10,$2,$0,$2,$12,$0,$0,$0,$0,$0,$0,$0,$0,$0,$2,2,$0.08,$0.08,$0,$0,$0,$0,$0,$0,$0,$0,$0,$0,$0,$0,$0,$0,$0,$0,$0,$0,$0,$0,$0,$0,$0,$0,$0,$0,$0,$0,$0,$0,$0,$0,$0,$0,$0,$0,$0,$0,$0,$0,$0,$0,$0,$0,$0,$0,$0,$0,$0
