,Date,Stock Price,Book Value per Share,Price to Book Ratio,TTM Sales per Share,Price to Sales Ratio,TTM FCF per Share,Price to FCF Ratio,TTM Net EPS,PE Ratio,Current Assets,Current Liabilities,Current Ratio,Long Term Debt,Shareholder's Equity_x,Debt to Equity Ratio,TTM Revenue_x,TTM Gross Profit,Gross Margin,TTM Revenue_y,TTM Operating Income,Operating Margin,TTM Revenue_x,TTM EBIT,EBIT Margin,TTM Revenue_y,TTM EBITDA,EBITDA Margin,TTM Revenue_x,TTM Pre-Tax Income,Pre-Tax Margin,TTM Revenue_y,TTM Net Income_x,Net Margin,TTM Net Income_y,Shareholder's Equity_y,Return on Equity,TTM Net Income_x,Tangible Equity,Return on Tangible Equity,TTM Net Income_y,Total Assets,Return on Assets,TTM Net Income,LT Investments & Debt,Return on Investment,revenue,cost-goods-sold,gross-profit,research-development-expenses,selling-general-administrative-expenses,operating-expenses,operating-income,total-non-operating-income-expense,pre-tax-income,total-provision-income-taxes,income-after-taxes,income-from-continuous-operations,net-income,ebitda,ebit,basic-shares-outstanding,shares-outstanding,eps-basic-net-earnings-per-share,eps-earnings-per-share-diluted,cash-on-hand,inventory,other-current-assets,total-current-assets,net-property-plant-equipment,long-term-investments,goodwill-intangible-assets-total,other-long-term-assets,total-long-term-assets,total-assets,total-current-liabilities,long-term-debt,other-non-current-liabilities,total-long-term-liabilities,total-liabilities,common-stock-net,retained-earnings-accumulated-deficit,comprehensive-income,total-share-holder-equity,total-liabilities-share-holders-equity,net-income-loss,total-depreciation-amortization-cash-flow,other-non-cash-items,total-non-cash-items,change-in-accounts-receivable,change-in-inventories,change-in-accounts-payable,change-in-assets-liabilities,total-change-in-assets-liabilities,cash-flow-from-operating-activities,net-change-in-property-plant-equipment,net-change-in-intangible-assets,net-acquisitions-divestitures,net-change-in-short-term-investments,net-change-in-long-term-investments,net-change-in-investments-total,investing-activities-other,cash-flow-from-investing-activities,net-long-term-debt,net-current-debt,debt-issuance-retirement-net-total,net-common-equity-issued-repurchased,net-total-equity-issued-repurchased,total-common-preferred-stock-dividends-paid,financial-activities-other,cash-flow-from-financial-activities,net-cash-flow,stock-based-compensation,common-stock-dividends-paid
0,2018-09-30,39.01,$-2.38,-16.41,$4.01,9.72,$-22.35,0.0,$-11.86,0.0,$0.65B,$0.19B,3.41,$0.64B,$-0.13B,-4.92,$0.22B,$0.15B,66.21%,$0.22B,$-0.62B,-283.56%,$0.22B,$-0.62B,-283.56%,$0.22B,$-0.61B,-279.45%,$0.22B,$-0.65B,-295.43%,$0.22B,$-0.65B,-296.35%,$-0.65B,$-0.13B,-1213.08%,$-0.65B,$-0.17B,-8374.19%,$-0.65B,$0.71B,-83.39%,$-0.62B,$0.51B,-104.59%,$64,$15,$49,$94,$93,$203,$-138,$1,$-137,$0,$-137,$-137,$-137,$-136,$-138,$55,55,$-2.49,$-2.49,$477,$109,$31,$648,$10,$0,$36,$17,$62,$711,$190,$644,$7,$651,$842,$0,$-1936,$-8,$-131,$711,$-467,$7,$72,$79,$6,$-55,$24,$6,$-7,$-394,$-4,$0,$35,$0,$0,$0,$0,$31,$196,$0,$196,$9,$9,$0,$0,$205,$-160,$79,$0
1,2018-06-30,44.47,$-0.39,-113.3,$5.47,8.12,$-19.69,0.0,$-9.84,0.0,$0.76B,$0.18B,4.11,$0.64B,$-0.02B,-29.7,$0.30B,$0.23B,77.52%,$0.30B,$-0.51B,-169.46%,$0.30B,$-0.51B,-169.46%,$0.30B,$-0.50B,-166.44%,$0.30B,$-0.54B,-179.53%,$0.30B,$-0.54B,-180.20%,$-0.54B,$-0.02B,-285.64%,$-0.54B,$-0.06B,-382.21%,$-0.54B,$0.81B,-69.56%,$-0.51B,$0.62B,-83.82%,$57,$15,$42,$98,$100,$213,$-155,$-11,$-167,$-0,$-167,$-167,$-167,$-153,$-155,$55,55,$-3.04,$-3.04,$575,$87,$59,$757,$11,$0,$37,$6,$53,$810,$184,$640,$8,$648,$832,$0,$-1799,$-8,$-22,$810,$-329,$5,$61,$66,$17,$-34,$9,$6,$-1,$-264,$-3,$0,$0,$0,$0,$0,$0,$-3,$196,$0,$196,$5,$5,$0,$0,$201,$-68,$55,$0
2,2018-03-31,57.14,$2.15,26.6,$4.98,11.48,$-19.52,0.0,$-9.62,0.0,$0.66B,$0.16B,4.02,$0.44B,$0.12B,3.74,$0.27B,$0.21B,78.52%,$0.27B,$-0.50B,-184.81%,$0.27B,$-0.50B,-184.81%,$0.27B,$-0.49B,-180.74%,$0.27B,$-0.52B,-192.59%,$0.27B,$-0.52B,-193.33%,$-0.52B,$0.12B,-177.85%,$-0.52B,$0.06B,-213.93%,$-0.52B,$0.73B,-71.43%,$-0.50B,$0.56B,-85.70%,$50,$11,$38,$97,$94,$202,$-152,$-10,$-162,$0,$-163,$-163,$-163,$-150,$-152,$55,55,$-2.98,$-2.98,$499,$74,$38,$656,$10,$0,$55,$9,$74,$730,$163,$440,$8,$449,$612,$0,$-1633,$-5,$118,$730,$-163,$2,$29,$32,$9,$-16,$1,$-6,$-17,$-148,$-2,$0,$0,$0,$0,$0,$0,$-2,$0,$0,$0,$4,$4,$0,$0,$4,$-144,$26,$0
3,2017-12-31,82.87,$4.57,18.12,$4.12,20.1,$-18.95,0.0,$-9.19,0.0,$0.79B,$0.17B,4.74,$0.44B,$0.25B,1.76,$0.22B,$0.18B,78.92%,$0.22B,$-0.48B,-215.25%,$0.22B,$-0.48B,-215.25%,$0.22B,$-0.47B,-210.76%,$0.22B,$-0.50B,-221.97%,$0.22B,$-0.50B,-222.42%,$-0.50B,$0.25B,-126.45%,$-0.50B,$0.19B,-142.84%,$-0.50B,$0.86B,-67.16%,$-0.48B,$0.69B,-79.37%,$48,$32,$16,$98,$91,$224,$-176,$-5,$-181,$1,$-182,$-182,$-182,$-173,$-176,$54,54,$-3.33,$-3.33,$643,$58,$34,$788,$10,$0,$56,$8,$74,$862,$166,$437,$10,$447,$613,$0,$-1470,$-6,$249,$862,$-496,$10,$129,$138,$-47,$-60,$-1,$-15,$-42,$-400,$-6,$0,$-60,$0,$0,$0,$-1,$-67,$294,$0,$294,$30,$30,$0,$0,$323,$-143,$90,$0
4,2017-09-30,129.1,$7.49,17.23,$3.34,38.67,$-17.54,0.0,$-8.44,0.0,$0.62B,$0.13B,4.73,$0.14B,$0.41B,0.35,$0.18B,$0.16B,91.11%,$0.18B,$-0.44B,-241.67%,$0.18B,$-0.44B,-241.67%,$0.18B,$-0.43B,-237.22%,$0.18B,$-0.45B,-249.44%,$0.18B,$-0.45B,-250.00%,$-0.45B,$0.41B,-92.40%,$-0.45B,$0.36B,-99.39%,$-0.45B,$0.69B,-61.35%,$-0.44B,$0.55B,-69.80%,$143,$7,$135,$73,$84,$165,$-22,$-3,$-25,$0,$-25,$-25,$-25,$-20,$-22,$54,54,$-0.47,$-0.47,$521,$51,$22,$622,$10,$0,$43,$11,$64,$686,$131,$140,$6,$147,$278,$0,$-1288,$-2,$407,$686,$-314,$7,$83,$90,$-21,$-36,$1,$-11,$-19,$-243,$-5,$0,$-42,$0,$0,$0,$0,$-47,$0,$0,$0,$26,$26,$0,$0,$26,$-264,$67,$0
5,2017-06-30,139.86,$7.38,18.94,$1.04,134.69,$-17.00,0.0,$-9.95,0.0,$0.58B,$0.10B,5.69,$0.14B,$0.40B,0.34,$0.05B,$0.05B,83.33%,$0.05B,$-0.50B,-920.37%,$0.05B,$-0.50B,-920.37%,$0.05B,$-0.49B,-907.41%,$0.05B,$-0.51B,-948.15%,$0.05B,$-0.51B,-950.00%,$-0.51B,$0.40B,-100.44%,$-0.51B,$0.36B,-105.99%,$-0.51B,$0.65B,-69.84%,$-0.50B,$0.54B,-77.17%,$29,$7,$23,$71,$93,$178,$-149,$-3,$-152,$0,$-152,$-152,$-152,$-145,$-149,$54,54,$-2.82,$-2.82,$508,$28,$23,$582,$10,$0,$44,$9,$63,$645,$102,$137,$5,$143,$245,$0,$-1263,$-3,$400,$645,$-289,$5,$55,$60,$-17,$-7,$-5,$-11,$-20,$-249,$-4,$0,$-42,$0,$0,$0,$0,$-46,$0,$0,$0,$18,$18,$0,$0,$18,$-277,$42,$0
6,2017-03-31,153.87,$9.54,16.14,$1.27,120.74,$-14.71,0.0,$-8.41,0.0,$0.71B,$0.11B,6.58,$0.14B,$0.51B,0.26,$0.06B,$0.06B,93.44%,$0.06B,$-0.40B,-660.66%,$0.06B,$-0.40B,-660.66%,$0.06B,$-0.40B,-654.10%,$0.06B,$-0.42B,-686.89%,$0.06B,$-0.42B,-688.52%,$-0.42B,$0.51B,-92.72%,$-0.42B,$0.48B,-96.77%,$-0.42B,$0.76B,-63.42%,$-0.40B,$0.65B,-69.04%,$3,$1,$2,$66,$69,$136,$-133,$-3,$-137,$0,$-137,$-137,$-137,$-132,$-133,$54,54,$-2.55,$-2.55,$672,$16,$14,$708,$9,$0,$37,$7,$53,$761,$107,$135,$6,$140,$248,$0,$-1110,$-3,$513,$761,$-137,$1,$21,$22,$0,$-0,$5,$-3,$0,$-115,$-2,$0,$0,$0,$0,$0,$0,$-2,$0,$0,$0,$3,$3,$0,$0,$3,$-113,$18,$0
7,2016-12-31,134.48,$11.71,11.48,$1.22,109.83,$-14.20,0.0,$-8.08,0.0,$0.82B,$0.08B,10.61,$0.13B,$0.63B,0.21,$0.06B,$0.06B,94.83%,$0.06B,$-0.36B,-615.52%,$0.06B,$-0.36B,-615.52%,$0.06B,$-0.35B,-608.62%,$0.06B,$-0.37B,-643.10%,$0.06B,$-0.37B,-644.83%,$-0.37B,$0.63B,-102.47%,$-0.37B,$0.62B,-106.33%,$-0.37B,$0.84B,-67.03%,$-0.36B,$0.76B,-72.41%,$5,$1,$4,$72,$55,$136,$-131,$-4,$-135,$0,$-136,$-136,$-136,$-130,$-131,$48,48,$-2.62,$-2.62,$786,$15,$11,$817,$7,$0,$13,$5,$25,$842,$77,$132,$5,$137,$214,$0,$-974,$-3,$628,$842,$-374,$3,$78,$81,$-4,$-14,$-3,$-6,$6,$-288,$-3,$0,$-19,$0,$0,$0,$-1,$-23,$0,$0,$0,$867,$867,$0,$0,$867,$556,$48,$0
8,2016-09-30,100.24,$9.72,10.31,$1.22,82.06,$-13.10,0.0,$-7.37,0.0,$0.67B,$0.06B,11.59,$0.13B,$0.50B,0.26,$0.06B,$0.06B,96.49%,$0.06B,$-0.29B,-515.79%,$0.06B,$-0.29B,-515.79%,$0.06B,$-0.29B,-510.53%,$0.06B,$-0.31B,-543.86%,$0.06B,$-0.31B,-543.86%,$-0.31B,$0.50B,-134.93%,$-0.31B,$0.49B,-143.52%,$-0.31B,$0.69B,-75.38%,$-0.29B,$0.63B,-82.82%,$17,$1,$16,$61,$38,$101,$-84,$-4,$-88,$0,$-88,$-88,$-88,$-83,$-84,$51,51,$-1.72,$-1.72,$647,$12,$7,$670,$4,$0,$13,$2,$19,$690,$58,$129,$1,$130,$187,$0,$-854,$-0,$502,$690,$-238,$2,$52,$54,$-16,$-11,$-5,$-5,$-20,$-204,$-2,$0,$-9,$0,$0,$0,$-0,$-11,$0,$0,$0,$633,$633,$0,$0,$633,$417,$34,$0
9,2016-06-30,84.05,$3.68,22.84,$0.89,94.27,$-12.50,0.0,$-7.05,0.0,$0.34B,$0.06B,5.63,$0.13B,$0.17B,0.75,$0.04B,$0.04B,97.50%,$0.04B,$-0.27B,-682.50%,$0.04B,$-0.27B,-682.50%,$0.04B,$-0.27B,-677.50%,$0.04B,$-0.29B,-722.50%,$0.04B,$-0.29B,-722.50%,$-0.29B,$0.17B,-203.88%,$-0.29B,$0.16B,-220.19%,$-0.29B,$0.36B,-91.02%,$-0.27B,$0.30B,-102.92%,$36,$1,$35,$50,$36,$91,$-55,$-4,$-59,$0,$-59,$-59,$-59,$-54,$-55,$46,46,$-1.29,$-1.29,$320,$8,$9,$338,$3,$0,$14,$2,$18,$356,$60,$126,$0,$127,$187,$0,$-753,$-0,$169,$356,$-150,$1,$34,$36,$1,$-7,$6,$-2,$4,$-110,$-1,$0,$-8,$0,$0,$0,$0,$-9,$0,$0,$0,$209,$209,$0,$0,$209,$90,$21,$0
10,2016-03-31,44.03,$3.60,12.23,$0.11,400.97,$-12.23,0.0,$-6.80,0.0,$0.33B,$0.06B,5.53,$0.12B,$0.16B,0.77,$0.00B,$0.00B,100.00%,$0.00B,$-0.28B,-6875.00%,$0.00B,$-0.28B,-6875.00%,$0.00B,$-0.27B,-6850.00%,$0.00B,$-0.29B,-7275.00%,$0.00B,$-0.29B,-7275.00%,$-0.29B,$0.16B,-192.08%,$-0.29B,$0.15B,-201.73%,$-0.29B,$0.34B,-91.15%,$-0.28B,$0.29B,-100.73%,$0,$1,$-0,$53,$30,$87,$-87,$-4,$-91,$0,$-91,$-91,$-91,$-86,$-87,$41,41,$-2.22,$-2.22,$314,$6,$4,$326,$3,$0,$14,$1,$18,$344,$59,$124,$0,$124,$183,$0,$-693,$-0,$161,$344,$-91,$1,$16,$17,$3,$-5,$4,$1,$7,$-68,$-0,$0,$-4,$0,$0,$0,$0,$-4,$0,$0,$0,$156,$156,$0,$0,$156,$84,$9,$0
11,2015-12-31,52.32,$2.16,24.26,$0.10,510.51,$-11.66,0.0,$-5.88,0.0,$0.24B,$0.05B,5.07,$0.12B,$0.09B,1.4,$0.00B,$0.00B,100.00%,$0.00B,$-0.23B,-5825.00%,$0.00B,$-0.23B,-5825.00%,$0.00B,$-0.23B,-5825.00%,$0.00B,$-0.25B,-6225.00%,$0.00B,$-0.25B,-6225.00%,$-0.25B,$0.09B,-140.88%,$-0.25B,$0.07B,-143.93%,$-0.25B,$0.26B,-74.33%,$-0.23B,$0.21B,-78.52%,$4,$0,$4,$43,$28,$72,$-68,$-4,$-72,$0,$-72,$-72,$-72,$-68,$-68,$39,39,$-1.82,$-1.82,$230,$1,$5,$236,$3,$0,$15,$1,$19,$255,$47,$121,$0,$122,$168,$0,$-602,$0,$87,$255,$-248,$1,$37,$38,$-3,$-1,$2,$-3,$15,$-195,$-2,$0,$-17,$0,$0,$0,$-1,$-20,$0,$0,$0,$188,$188,$0,$0,$188,$-27,$26,$0
12,2015-09-30,40.11,$3.74,10.72,$0.00,0.0,$-9.98,0.0,$-5.32,0.0,$0.31B,$0.04B,7.23,$0.12B,$0.15B,0.81,$0.00B,0,nan%,$0.00B,$-0.21B,inf%,$0.00B,$-0.21B,inf%,$0.00B,$-0.21B,inf%,$0.00B,$-0.23B,inf%,$0.00B,$-0.23B,inf%,$-0.23B,$0.15B,-120.97%,$-0.23B,$0.15B,-120.97%,$-0.23B,$0.32B,-66.91%,$-0.21B,$0.27B,-68.81%,$0,$0,$0,$40,$23,$63,$-63,$-4,$-67,$0,$-67,$-67,$-67,$-63,$-63,$40,40,$-1.66,$-1.66,$303,$0,$4,$309,$3,$0,$0,$4,$6,$315,$43,$122,$0,$122,$165,$0,$-526,$0,$150,$315,$-176,$0,$25,$26,$-1,$-0,$-1,$-0,$14,$-135,$-2,$0,$-1,$0,$0,$0,$0,$-3,$0,$0,$0,$184,$184,$0,$-0,$184,$46,$18,$0
13,2015-06-30,58.79,$5.19,11.33,0,0.0,$-8.94,0.0,$-4.67,0.0,$0.36B,$0.04B,9.93,$0.12B,$0.21B,0.58,$0.00B,0,nan%,$0.00B,$-0.18B,inf%,$0.00B,$-0.18B,inf%,$0.00B,$-0.18B,inf%,$0.00B,$-0.19B,inf%,$0.00B,$-0.19B,inf%,$-0.19B,$0.21B,-101.84%,$-0.19B,$0.21B,-101.84%,$-0.19B,$0.36B,-58.21%,$-0.18B,$0.33B,-59.43%,$0,$0,$0,$39,$17,$57,$-57,$-4,$-61,$0,$-61,$-61,$-61,$-57,$-57,$40,40,$-1.51,$-1.51,$354,$0,$3,$357,$2,$0,$0,$4,$6,$363,$36,$120,$0,$120,$156,$0,$-460,$0,$208,$363,$-109,$0,$15,$15,$0,$0,$2,$-1,$9,$-85,$-1,$0,$0,$0,$0,$0,$0,$-1,$0,$0,$0,$183,$183,$0,$0,$183,$98,$9,$0
14,2015-03-31,57.4,$6.55,8.76,0,0.0,$-8.36,0.0,$-4.67,0.0,$0.40B,$0.03B,14.91,$0.12B,$0.26B,0.45,$0.00B,0,nan%,$0.00B,$-0.16B,inf%,$0.00B,$-0.16B,inf%,$0.00B,$-0.16B,inf%,$0.00B,$-0.17B,inf%,$0.00B,$-0.17B,inf%,$-0.17B,$0.26B,-98.41%,$-0.17B,$0.26B,-98.41%,$-0.17B,$0.41B,-60.39%,$-0.16B,$0.38B,-62.61%,$0,$0,$0,$34,$11,$45,$-45,$-4,$-49,$0,$-49,$-49,$-49,$-45,$-45,$37,37,$-1.30,$-1.30,$399,$0,$2,$401,$1,$0,$0,$4,$5,$407,$27,$118,$0,$118,$144,$0,$-399,$0,$262,$407,$-49,$0,$6,$6,$0,$0,$-0,$1,$2,$-40,$-0,$0,$0,$0,$0,$0,$0,$-0,$0,$0,$0,$183,$183,$0,$0,$183,$142,$4,$0
15,2014-12-31,37.19,$3.44,10.83,0,0.0,$-8.07,0.0,$-4.80,0.0,$0.26B,$0.02B,10.61,$0.11B,$0.12B,0.9,$0.00B,0,nan%,$0.00B,$-0.17B,inf%,$0.00B,$-0.17B,inf%,$0.00B,$-0.17B,inf%,$0.00B,$-0.17B,inf%,$0.00B,$-0.17B,inf%,$-0.17B,$0.12B,-114.00%,$-0.17B,$0.12B,-114.00%,$-0.17B,$0.26B,-75.58%,$-0.17B,$0.24B,-80.87%,$0,$0,$0,$30,$7,$44,$-44,$-4,$-48,$0,$-48,$-48,$-48,$-44,$-44,$36,36,$-1.32,$-1.32,$257,$0,$2,$259,$1,$0,$0,$1,$2,$260,$24,$112,$0,$112,$136,$0,$-351,$0,$124,$260,$-171,$0,$39,$39,$0,$0,$4,$4,$14,$-117,$-1,$0,$-25,$0,$0,$0,$0,$-26,$195,$0,$195,$96,$96,$0,$-21,$270,$127,$12,$0
16,2014-09-30,26.92,$4.66,5.77,0,0.0,$-7.46,0.0,$-4.19,0.0,$0.30B,$0.02B,13.66,$0.11B,$0.17B,0.68,$0.00B,0,nan%,$0.00B,$-0.15B,inf%,$0.00B,$-0.15B,inf%,$0.00B,$-0.15B,inf%,$0.00B,$-0.15B,inf%,$0.00B,$-0.15B,inf%,$-0.15B,$0.17B,-97.50%,$-0.15B,$0.17B,-97.50%,$-0.15B,$0.30B,-74.78%,$-0.15B,$0.28B,-81.91%,$0,$0,$0,$30,$6,$36,$-36,$-0,$-36,$0,$-36,$-36,$-36,$-36,$-36,$36,36,$-1.01,$-1.01,$296,$0,$2,$298,$1,$0,$0,$5,$6,$303,$22,$113,$0,$113,$135,$0,$-303,$0,$168,$303,$-123,$0,$27,$27,$0,$0,$2,$2,$11,$-85,$-1,$0,$-18,$0,$0,$0,$0,$-19,$195,$0,$195,$95,$95,$0,$-21,$270,$166,$9,$0
17,2014-06-30,31.11,$3.81,8.18,0,0.0,$-6.89,0.0,$-4.06,0.0,$0.15B,$0.02B,8.11,$0.00B,$0.14B,0.0,$0.00B,0,nan%,$0.00B,$-0.14B,inf%,$0.00B,$-0.14B,inf%,$0.00B,$-0.14B,inf%,$0.00B,$-0.14B,inf%,$0.00B,$-0.14B,inf%,$-0.14B,$0.14B,-96.70%,$-0.14B,$0.14B,-96.70%,$-0.14B,$0.16B,-87.28%,$-0.14B,$0.14B,-96.70%,$0,$0,$0,$31,$6,$37,$-37,$0,$-37,$0,$-37,$-37,$-37,$-37,$-37,$36,36,$-1.03,$-1.03,$151,$0,$3,$154,$1,$0,$0,$1,$2,$156,$19,$0,$0,$0,$19,$0,$-266,$0,$137,$156,$-87,$0,$24,$24,$0,$0,$1,$1,$8,$-56,$-1,$0,$-18,$0,$0,$0,$0,$-19,$0,$0,$0,$95,$95,$0,$0,$95,$21,$6,$0
18,2014-03-31,29.48,$4.74,6.22,0,0.0,$-6.52,0.0,$-3.70,0.0,$0.18B,$0.02B,11.81,$0.00B,$0.17B,0.0,$0.00B,0,nan%,$0.00B,$-0.12B,inf%,$0.00B,$-0.12B,inf%,$0.00B,$-0.12B,inf%,$0.00B,$-0.12B,inf%,$0.00B,$-0.12B,inf%,$-0.12B,$0.17B,-81.71%,$-0.12B,$0.17B,-81.71%,$-0.12B,$0.19B,-74.92%,$-0.12B,$0.17B,-81.71%,$0,$0,$0,$28,$5,$50,$-50,$0,$-50,$0,$-50,$-50,$-50,$-50,$-50,$35,35,$-1.43,$-1.43,$180,$0,$3,$184,$1,$0,$0,$1,$3,$186,$16,$0,$0,$0,$16,$0,$-229,$0,$171,$186,$-50,$0,$20,$20,$0,$0,$0,$0,$3,$-27,$-1,$0,$-17,$0,$0,$0,$0,$-18,$0,$0,$0,$95,$95,$0,$0,$95,$50,$3,$0
19,2013-12-31,28.24,$3.76,7.51,0,0.0,$-6.35,0.0,$-2.93,0.0,$0.13B,$0.01B,10.81,$0.00B,$0.12B,0.0,$0.00B,0,nan%,$0.00B,$-0.09B,inf%,$0.00B,$-0.09B,inf%,$0.00B,$-0.09B,inf%,$0.00B,$-0.09B,inf%,$0.00B,$-0.09B,inf%,$-0.09B,$0.12B,-59.52%,$-0.09B,$0.12B,-59.52%,$-0.09B,$0.14B,-54.95%,$-0.09B,$0.12B,-59.52%,$0,$0,$0,$19,$4,$23,$-23,$0,$-23,$0,$-23,$-23,$-23,$-23,$-23,$32,32,$-0.72,$-0.72,$130,$0,$4,$134,$0,$0,$0,$1,$1,$136,$12,$0,$0,$0,$12,$0,$-179,$0,$123,$136,$-92,$0,$10,$10,$0,$0,$-1,$-3,$-2,$-85,$-0,$0,$-2,$0,$0,$0,$0,$-2,$0,$0,$0,$92,$92,$0,$0,$92,$5,$8,$0
20,2013-09-30,38.74,$4.39,8.82,0,0.0,$-6.79,0.0,$-2.91,0.0,$0.16B,$0.02B,10.18,$0.00B,$0.14B,0.0,$0.00B,0,nan%,$0.00B,$-0.09B,inf%,$0.00B,$-0.09B,inf%,$0.00B,$-0.09B,inf%,$0.00B,$-0.09B,inf%,$0.00B,$-0.09B,inf%,$-0.09B,$0.14B,-57.61%,$-0.09B,$0.14B,-57.61%,$-0.09B,$0.16B,-53.29%,$-0.09B,$0.14B,-57.61%,$0,$0,$0,$22,$5,$29,$-29,$0,$-29,$0,$-29,$-29,$-29,$-29,$-29,$32,32,$-0.88,$-0.88,$156,$0,$1,$158,$0,$0,$0,$1,$1,$159,$16,$0,$0,$0,$16,$0,$-156,$0,$144,$159,$-69,$0,$7,$7,$0,$0,$-1,$-1,$3,$-59,$-0,$0,$-2,$0,$0,$0,$0,$-2,$0,$0,$0,$92,$92,$0,$0,$92,$31,$5,$0
21,2013-06-30,32.74,$5.18,6.32,0,0.0,$-6.14,0.0,$-2.55,0.0,$0.18B,$0.01B,15.03,$0.00B,$0.17B,0.0,$0.00B,0,nan%,$0.00B,$-0.07B,inf%,$0.00B,$-0.07B,inf%,$0.00B,$-0.07B,inf%,$0.00B,$-0.07B,inf%,$0.00B,$-0.07B,inf%,$-0.07B,$0.17B,-48.68%,$-0.07B,$0.17B,-48.68%,$-0.07B,$0.18B,-45.54%,$-0.07B,$0.17B,-48.68%,$0,$0,$0,$18,$3,$22,$-22,$0,$-22,$0,$-22,$-22,$-22,$-22,$-22,$32,32,$-0.67,$-0.67,$178,$0,$2,$180,$1,$0,$0,$1,$1,$181,$12,$0,$0,$0,$12,$0,$-128,$0,$169,$181,$-40,$0,$2,$2,$0,$0,$-1,$-1,$-0,$-38,$-0,$0,$0,$0,$0,$0,$0,$-0,$0,$0,$0,$91,$91,$0,$0,$91,$53,$2,$0
22,2013-03-31,21.96,$5.80,3.79,0,0.0,$-26.76,0.0,$-23.19,0.0,$0.20B,$0.01B,17.17,$0.00B,$0.19B,0.0,$0.00B,0,nan%,$0.00B,$-0.07B,inf%,$0.00B,$-0.07B,inf%,$0.00B,$-0.07B,inf%,$0.00B,$-0.07B,inf%,$0.00B,$-0.07B,inf%,$-0.07B,$0.19B,-49.66%,$-0.07B,$0.19B,-49.66%,$-0.07B,$0.20B,-46.83%,$-0.07B,$0.19B,-49.66%,$0,$0,$0,$17,$2,$19,$-19,$0,$-19,$0,$-19,$-19,$-19,$-19,$-19,$29,29,$-0.66,$-0.66,$199,$0,$1,$200,$0,$0,$0,$1,$1,$201,$12,$0,$0,$0,$12,$0,$-106,$0,$189,$201,$-19,$0,$1,$1,$0,$0,$-1,$0,$0,$-18,$-0,$0,$0,$0,$0,$0,$0,$-0,$0,$0,$0,$91,$91,$0,$0,$91,$73,$1,$0
