,Date,Stock Price,Book Value per Share,Price to Book Ratio,TTM Sales per Share,Price to Sales Ratio,TTM FCF per Share,Price to FCF Ratio,TTM Net EPS,PE Ratio,Current Assets,Current Liabilities,Current Ratio,Long Term Debt,Shareholder's Equity_x,Debt to Equity Ratio,TTM Revenue_x,TTM Gross Profit,Gross Margin,TTM Revenue_y,TTM Operating Income,Operating Margin,TTM Revenue_x,TTM EBIT,EBIT Margin,TTM Revenue_y,TTM EBITDA,EBITDA Margin,TTM Revenue_x,TTM Pre-Tax Income,Pre-Tax Margin,TTM Revenue_y,TTM Net Income_x,Net Margin,TTM Net Income_y,Shareholder's Equity_y,Return on Equity,TTM Net Income_x,Tangible Equity,Return on Tangible Equity,TTM Net Income_y,Total Assets,Return on Assets,TTM Net Income,LT Investments & Debt,Return on Investment,revenue,cost-goods-sold,gross-profit,research-development-expenses,selling-general-administrative-expenses,operating-expenses,operating-income,total-non-operating-income-expense,pre-tax-income,total-provision-income-taxes,income-after-taxes,income-from-continuous-operations,net-income,ebitda,ebit,basic-shares-outstanding,shares-outstanding,eps-basic-net-earnings-per-share,eps-earnings-per-share-diluted,cash-on-hand,inventory,other-current-assets,total-current-assets,net-property-plant-equipment,long-term-investments,goodwill-intangible-assets-total,other-long-term-assets,total-long-term-assets,total-assets,total-current-liabilities,long-term-debt,other-non-current-liabilities,total-long-term-liabilities,total-liabilities,common-stock-net,retained-earnings-accumulated-deficit,comprehensive-income,total-share-holder-equity,total-liabilities-share-holders-equity,net-income-loss,total-depreciation-amortization-cash-flow,other-non-cash-items,total-non-cash-items,change-in-accounts-receivable,change-in-inventories,change-in-accounts-payable,change-in-assets-liabilities,total-change-in-assets-liabilities,cash-flow-from-operating-activities,net-change-in-property-plant-equipment,net-change-in-intangible-assets,net-acquisitions-divestitures,net-change-in-short-term-investments,net-change-in-long-term-investments,net-change-in-investments-total,investing-activities-other,cash-flow-from-investing-activities,net-long-term-debt,net-current-debt,debt-issuance-retirement-net-total,net-common-equity-issued-repurchased,net-total-equity-issued-repurchased,total-common-preferred-stock-dividends-paid,financial-activities-other,cash-flow-from-financial-activities,net-cash-flow,stock-based-compensation,common-stock-dividends-paid
0,2018-09-30,98.74,$14.47,6.82,$23.26,4.24,$10.76,9.18,$3.71,26.61,$1.20B,$0.47B,2.57,$3.88B,$2.64B,1.47,$4.28B,$1.49B,34.77%,$4.28B,$0.79B,18.37%,$4.28B,$0.79B,18.37%,$4.28B,$1.21B,28.13%,$4.28B,$0.64B,14.94%,$4.28B,$0.68B,15.95%,$0.68B,$2.64B,27.94%,$0.68B,$-2.77B,-24.95%,$0.68B,$7.47B,9.49%,$0.79B,$6.52B,13.31%,$1015,$624,$391,$0,$175,$799,$216,$-41,$175,$31,$144,$156,$156,$319,$216,$182,184,$0.85,$0.85,$485,$0,$33,$1200,$373,$170,$5410,$313,$6273,$7473,$467,$3875,$97,$4366,$4833,$20,$3366,$-50,$2640,$7473,$441,$314,$106,$421,$-63,$0,$-4,$-17,$-110,$753,$-108,$-32,$-1052,$0,$0,$0,$-6,$-1197,$670,$0,$670,$31,$31,$-71,$-146,$484,$35,$33,$-71
1,2018-06-30,84.52,$13.72,6.16,$24.46,3.46,$10.45,8.09,$3.52,24.01,$1.14B,$0.45B,2.55,$4.05B,$2.50B,1.62,$4.52B,$1.45B,32.04%,$4.52B,$0.77B,17.07%,$4.52B,$0.77B,17.07%,$4.52B,$1.19B,26.28%,$4.52B,$0.64B,14.08%,$4.52B,$0.65B,14.39%,$0.65B,$2.50B,27.38%,$0.65B,$-2.94B,-26.36%,$0.65B,$7.47B,9.44%,$0.77B,$6.56B,14.08%,$1008,$618,$390,$0,$181,$799,$209,$-41,$168,$37,$130,$142,$142,$315,$209,$182,184,$0.78,$0.78,$460,$0,$34,$1137,$363,$188,$5446,$325,$6329,$7466,$446,$4053,$95,$4519,$4965,$20,$3236,$-45,$2502,$7466,$286,$212,$60,$271,$-17,$0,$-3,$-27,$-86,$471,$-69,$-19,$-1052,$0,$0,$0,$-4,$-1144,$850,$0,$850,$29,$29,$-47,$-146,$687,$10,$21,$-47
2,2018-03-31,86.13,$13.14,6.56,$25.56,3.37,$10.21,8.44,$3.36,25.63,$1.18B,$1.22B,0.97,$3.33B,$2.40B,1.39,$4.73B,$1.40B,29.62%,$4.73B,$0.76B,15.96%,$4.73B,$0.76B,15.96%,$4.73B,$1.17B,24.65%,$4.73B,$0.63B,13.34%,$4.73B,$0.62B,13.17%,$0.62B,$2.40B,26.92%,$0.62B,$-3.10B,-28.50%,$0.62B,$7.53B,9.45%,$0.76B,$5.72B,14.97%,$987,$613,$374,$0,$186,$799,$188,$-38,$151,$18,$132,$143,$142,$294,$188,$181,183,$0.78,$0.77,$493,$0,$40,$1178,$360,$181,$5495,$310,$6353,$7532,$1218,$3327,$96,$3919,$5137,$20,$3118,$-21,$2395,$7532,$143,$106,$30,$136,$9,$0,$2,$-28,$-67,$212,$-32,$-14,$-1037,$0,$0,$0,$-2,$-1085,$911,$0,$911,$26,$26,$-23,$-0,$914,$43,$6,$-23
3,2017-12-31,78.86,$12.39,6.37,$26.58,2.97,$10.68,7.38,$3.16,24.96,$1.08B,$0.99B,1.09,$2.63B,$2.24B,1.17,$4.93B,$1.35B,27.39%,$4.93B,$0.73B,14.89%,$4.93B,$0.73B,14.89%,$4.93B,$1.15B,23.23%,$4.93B,$0.62B,12.52%,$4.93B,$0.59B,11.89%,$0.59B,$2.24B,26.02%,$0.59B,$-2.13B,-30.72%,$0.59B,$6.33B,9.31%,$0.73B,$4.87B,14.81%,$1273,$939,$334,$0,$160,$1099,$174,$-28,$146,$-88,$234,$244,$243,$277,$174,$183,185,$1.32,$1.31,$450,$0,$0,$1079,$325,$164,$4375,$383,$5252,$6332,$989,$2628,$120,$3102,$4091,$20,$3004,$-36,$2241,$6332,$592,$411,$-72,$339,$-30,$0,$18,$-76,$-74,$856,$-100,$-26,$0,$0,$0,$0,$-73,$-199,$-221,$0,$-221,$-262,$-262,$-79,$-76,$-639,$25,$42,$-79
4,2017-09-30,65.2,$12.80,5.09,$25.86,2.52,$10.04,6.5,$2.25,28.98,$1.00B,$0.97B,1.03,$2.39B,$2.36B,1.02,$4.79B,$1.32B,27.62%,$4.79B,$0.69B,14.43%,$4.79B,$0.69B,14.43%,$4.79B,$1.10B,23.02%,$4.79B,$0.57B,11.93%,$4.79B,$0.42B,8.71%,$0.42B,$2.36B,18.81%,$0.42B,$-1.69B,-22.03%,$0.42B,$6.22B,6.62%,$0.69B,$4.75B,13.57%,$1248,$898,$349,$0,$149,$1048,$200,$-29,$171,$55,$116,$125,$123,$301,$200,$184,186,$0.67,$0.66,$414,$0,$0,$999,$282,$151,$4044,$340,$5220,$6219,$972,$2394,$108,$2890,$3862,$20,$2785,$-39,$2357,$6219,$348,$308,$27,$335,$-25,$0,$14,$-3,$-23,$659,$-65,$-23,$0,$0,$0,$0,$-23,$-111,$-416,$0,$-416,$-12,$-12,$-55,$-75,$-559,$-4,$28,$-55
5,2017-06-30,57.87,$12.29,4.71,$25.38,2.28,$9.52,6.08,$2.05,28.23,$1.03B,$0.94B,1.09,$2.56B,$2.27B,1.13,$4.69B,$1.28B,27.32%,$4.69B,$0.65B,13.79%,$4.69B,$0.65B,13.79%,$4.69B,$1.06B,22.56%,$4.69B,$0.53B,11.20%,$4.69B,$0.38B,8.09%,$0.38B,$2.27B,17.68%,$0.38B,$-1.82B,-18.88%,$0.38B,$6.28B,5.98%,$0.65B,$4.83B,12.24%,$1222,$878,$344,$0,$151,$1029,$193,$-30,$163,$56,$107,$117,$115,$294,$193,$184,185,$0.62,$0.62,$428,$0,$0,$1027,$281,$159,$4087,$316,$5250,$6277,$943,$2564,$90,$3069,$4012,$20,$2686,$-45,$2265,$6277,$224,$206,$18,$224,$-12,$0,$13,$-21,$-47,$401,$-40,$-11,$0,$0,$0,$0,$-15,$-66,$-234,$0,$-234,$9,$9,$-37,$-74,$-336,$2,$20,$-37
6,2017-03-31,53.02,$11.65,4.55,$25.02,2.12,$9.20,5.77,$1.81,29.3,$1.05B,$0.45B,2.32,$3.23B,$2.15B,1.51,$4.62B,$1.25B,26.99%,$4.62B,$0.59B,12.76%,$4.62B,$0.59B,12.76%,$4.62B,$1.01B,21.77%,$4.62B,$0.47B,10.14%,$4.62B,$0.33B,7.24%,$0.33B,$2.15B,16.10%,$0.33B,$-1.99B,-15.76%,$0.33B,$6.35B,5.23%,$0.59B,$5.37B,10.78%,$1185,$862,$323,$0,$156,$1018,$167,$-30,$137,$43,$94,$107,$105,$273,$167,$183,185,$0.58,$0.57,$465,$0,$0,$1051,$281,$148,$4131,$323,$5300,$6351,$452,$3229,$90,$3754,$4206,$20,$2590,$-52,$2145,$6351,$107,$105,$14,$119,$26,$0,$7,$62,$63,$289,$-20,$-5,$0,$0,$0,$0,$-8,$-33,$-105,$0,$-105,$4,$4,$-18,$-71,$-190,$68,$9,$-18
7,2016-12-31,48.54,$11.45,4.24,$22.68,2.14,$8.44,5.75,$1.73,28.06,$1.02B,$0.42B,2.43,$3.31B,$2.10B,1.58,$4.17B,$1.18B,28.25%,$4.17B,$0.57B,13.76%,$4.17B,$0.57B,13.76%,$4.17B,$0.96B,23.07%,$4.17B,$0.46B,11.06%,$4.17B,$0.32B,7.67%,$0.32B,$2.10B,15.86%,$0.32B,$-2.08B,-19.93%,$0.32B,$6.37B,5.19%,$0.57B,$5.41B,10.78%,$1132,$826,$306,$0,$175,$1002,$131,$-30,$100,$33,$67,$74,$74,$234,$131,$183,184,$0.41,$0.40,$425,$0,$0,$1023,$282,$134,$4178,$320,$5343,$6366,$420,$3313,$89,$3846,$4266,$20,$2502,$-56,$2100,$6366,$326,$388,$92,$480,$-73,$0,$-13,$1,$-88,$718,$-85,$-12,$-2345,$0,$0,$0,$-51,$-2493,$1942,$0,$1942,$-19,$-19,$-73,$-28,$1822,$36,$44,$-73
8,2016-09-30,46.58,$11.24,4.15,$20.44,2.28,$7.78,5.99,$1.78,26.17,$0.99B,$0.37B,2.67,$3.43B,$2.07B,1.66,$3.76B,$1.10B,29.29%,$3.76B,$0.56B,14.94%,$3.76B,$0.56B,14.94%,$3.76B,$0.91B,24.34%,$3.76B,$0.47B,12.41%,$3.76B,$0.33B,8.76%,$0.33B,$2.07B,16.82%,$0.33B,$-2.14B,-30.11%,$0.33B,$6.38B,5.94%,$0.56B,$5.49B,11.74%,$1147,$840,$307,$0,$151,$992,$155,$-30,$125,$44,$81,$87,$85,$256,$155,$183,184,$0.46,$0.46,$447,$0,$0,$985,$282,$108,$4209,$343,$5390,$6375,$369,$3425,$92,$3940,$4310,$20,$2447,$-48,$2066,$6375,$252,$284,$69,$354,$-48,$0,$-15,$19,$-54,$551,$-58,$-11,$-2345,$0,$0,$0,$-43,$-2457,$2048,$0,$2048,$5,$5,$-55,$-28,$1970,$58,$34,$-55
9,2016-06-30,52.36,$10.80,4.85,$18.05,2.9,$7.23,7.25,$1.97,26.58,$1.01B,$0.36B,2.78,$3.60B,$1.99B,1.81,$3.32B,$1.04B,31.48%,$3.32B,$0.57B,17.16%,$3.32B,$0.57B,17.16%,$3.32B,$0.89B,26.72%,$3.32B,$0.50B,14.96%,$3.32B,$0.37B,11.01%,$0.37B,$1.99B,19.12%,$0.37B,$-2.27B,-65.18%,$0.37B,$6.48B,7.42%,$0.57B,$5.59B,13.48%,$1152,$842,$310,$0,$174,$1016,$136,$-30,$106,$40,$66,$72,$70,$242,$136,$184,185,$0.38,$0.38,$465,$0,$0,$1009,$287,$117,$4255,$344,$5468,$6477,$363,$3600,$93,$4128,$4492,$20,$2380,$-47,$1985,$6477,$164,$184,$49,$233,$-28,$0,$-17,$15,$-58,$339,$-39,$-11,$-2345,$0,$0,$0,$-33,$-2429,$2230,$0,$2230,$5,$5,$-37,$-28,$2170,$76,$21,$-37
10,2016-03-31,46.82,$10.48,4.47,$15.59,3.0,$6.92,6.76,$2.04,22.95,$2.43B,$0.28B,8.55,$2.89B,$1.92B,1.5,$2.86B,$0.97B,33.85%,$2.86B,$0.56B,19.74%,$2.86B,$0.56B,19.74%,$2.86B,$0.84B,29.37%,$2.86B,$0.51B,17.85%,$2.86B,$0.38B,13.23%,$0.38B,$1.92B,20.34%,$0.38B,$0.07B,-1453.85%,$0.38B,$5.42B,8.89%,$0.56B,$4.81B,15.60%,$739,$485,$255,$0,$103,$588,$152,$-22,$130,$43,$86,$92,$91,$230,$152,$182,182,$0.49,$0.49,$1932,$0,$0,$2426,$284,$112,$1855,$344,$2997,$5424,$284,$2887,$95,$3219,$3502,$20,$2329,$-36,$1922,$5424,$92,$78,$31,$109,$-37,$0,$-4,$27,$-55,$146,$-18,$-5,$0,$0,$0,$0,$-21,$-44,$1492,$0,$1492,$-4,$-4,$-18,$-27,$1442,$1543,$8,$-18
11,2015-12-31,48.9,$10.11,4.83,$15.13,3.23,$6.98,7.01,$1.97,24.82,$0.86B,$0.34B,2.53,$1.38B,$1.85B,0.75,$2.78B,$0.92B,33.24%,$2.78B,$0.53B,19.21%,$2.78B,$0.53B,19.21%,$2.78B,$0.80B,28.60%,$2.78B,$0.49B,17.73%,$2.78B,$0.37B,13.13%,$0.37B,$1.85B,20.21%,$0.37B,$-0.03B,-376.29%,$0.37B,$3.88B,9.51%,$0.53B,$3.23B,16.74%,$717,$489,$228,$0,$110,$599,$118,$-13,$105,$32,$73,$83,$83,$186,$118,$182,184,$0.45,$0.45,$389,$0,$0,$858,$290,$106,$1874,$339,$3020,$3878,$339,$1378,$97,$1690,$2029,$20,$2256,$-34,$1849,$3878,$369,$261,$49,$309,$-39,$0,$-4,$-62,$-76,$602,$-94,$-51,$-1,$0,$0,$0,$-59,$-204,$-53,$0,$-53,$-184,$-184,$-74,$19,$-291,$100,$42,$-74
12,2015-09-30,44.52,$10.23,4.35,$14.65,3.04,$6.59,6.75,$1.95,22.83,$0.90B,$0.33B,2.76,$1.38B,$1.88B,0.73,$2.70B,$0.91B,33.69%,$2.70B,$0.54B,19.98%,$2.70B,$0.54B,19.98%,$2.70B,$0.80B,29.50%,$2.70B,$0.50B,18.61%,$2.70B,$0.36B,13.42%,$0.36B,$1.88B,20.47%,$0.36B,$-0.01B,-235.45%,$0.36B,$3.89B,9.52%,$0.54B,$3.26B,17.05%,$708,$456,$251,$0,$88,$545,$163,$-9,$155,$38,$117,$122,$121,$228,$163,$182,184,$0.66,$0.65,$448,$0,$0,$896,$287,$101,$1894,$351,$2993,$3890,$325,$1378,$92,$1683,$2008,$20,$2192,$-27,$1881,$3890,$284,$193,$31,$224,$-56,$0,$-1,$4,$-48,$461,$-68,$-17,$-1,$0,$-2,$-2,$-51,$-139,$-40,$0,$-40,$-64,$-64,$-55,$1,$-158,$159,$31,$-55
13,2015-06-30,40.85,$9.68,4.22,$14.12,2.89,$6.09,6.7,$1.75,23.34,$0.79B,$0.33B,2.38,$1.39B,$1.78B,0.78,$2.61B,$0.87B,33.29%,$2.61B,$0.51B,19.37%,$2.61B,$0.51B,19.37%,$2.61B,$0.76B,29.15%,$2.61B,$0.47B,17.87%,$2.61B,$0.33B,12.47%,$0.33B,$1.78B,18.89%,$0.33B,$-0.13B,-146.89%,$0.33B,$3.81B,8.64%,$0.51B,$3.17B,16.17%,$693,$460,$233,$0,$102,$562,$131,$-10,$120,$42,$79,$83,$83,$195,$131,$182,183,$0.45,$0.45,$349,$0,$0,$788,$287,$109,$1913,$348,$3025,$3813,$331,$1388,$90,$1701,$2032,$20,$2090,$-14,$1780,$3813,$162,$128,$19,$147,$-34,$0,$1,$11,$-24,$285,$-43,$-13,$0,$0,$-1,$-1,$-40,$-98,$-26,$0,$-26,$-64,$-64,$-37,$1,$-126,$60,$20,$-37
14,2015-03-31,37.22,$9.30,4.0,$13.57,2.74,$5.74,6.48,$1.88,19.8,$0.76B,$0.34B,2.21,$1.40B,$1.71B,0.81,$2.52B,$0.82B,32.63%,$2.52B,$0.47B,18.80%,$2.52B,$0.47B,18.80%,$2.52B,$0.73B,28.82%,$2.52B,$0.43B,17.25%,$2.52B,$0.35B,13.99%,$0.35B,$1.71B,20.93%,$0.35B,$-0.22B,-125.71%,$0.35B,$3.78B,9.44%,$0.47B,$3.11B,15.30%,$662,$450,$212,$0,$90,$540,$122,$-9,$113,$40,$74,$79,$78,$186,$122,$183,184,$0.42,$0.42,$328,$0,$0,$761,$285,$106,$1931,$322,$3017,$3777,$344,$1396,$90,$1719,$2063,$20,$2025,$-24,$1714,$3777,$79,$63,$11,$74,$-37,$0,$2,$51,$5,$158,$-20,$-12,$0,$0,$2,$2,$-12,$-42,$-15,$0,$-15,$-44,$-44,$-18,$3,$-74,$39,$8,$-18
15,2014-12-31,33.05,$9.19,3.6,$13.12,2.52,$5.65,5.84,$1.72,19.21,$0.69B,$0.30B,2.33,$1.41B,$1.70B,0.83,$2.45B,$0.78B,31.83%,$2.45B,$0.43B,17.65%,$2.45B,$0.43B,17.65%,$2.45B,$0.68B,27.87%,$2.45B,$0.39B,16.02%,$2.45B,$0.32B,13.20%,$0.32B,$1.70B,19.45%,$0.32B,$-0.25B,-101.33%,$0.32B,$3.73B,8.70%,$0.43B,$3.11B,14.04%,$635,$422,$213,$0,$90,$512,$123,$-9,$114,$35,$79,$85,$80,$187,$123,$184,186,$0.43,$0.43,$289,$0,$0,$691,$291,$100,$1952,$327,$3043,$3734,$297,$1405,$98,$1737,$2034,$20,$1966,$-12,$1700,$3734,$329,$250,$-30,$220,$-33,$0,$9,$35,$11,$560,$-117,$-30,$6,$0,$-3,$-3,$-83,$-227,$-69,$0,$-69,$-136,$-136,$-75,$-37,$-316,$11,$31,$-75
16,2014-09-30,30.04,$9.08,3.31,$12.79,2.35,$5.27,5.7,$1.63,18.43,$0.69B,$0.30B,2.29,$1.42B,$1.69B,0.84,$2.40B,$0.76B,31.86%,$2.40B,$0.42B,17.45%,$2.40B,$0.42B,17.45%,$2.40B,$0.67B,27.85%,$2.40B,$0.38B,15.70%,$2.40B,$0.31B,12.90%,$0.31B,$1.69B,18.88%,$0.31B,$-0.28B,-85.60%,$0.31B,$3.72B,8.35%,$0.42B,$3.11B,13.66%,$617,$407,$210,$0,$80,$487,$129,$-10,$119,$39,$80,$84,$84,$192,$129,$184,186,$0.45,$0.45,$266,$0,$0,$689,$275,$96,$1973,$320,$3032,$3721,$301,$1416,$99,$1730,$2031,$20,$1905,$1,$1689,$3721,$248,$186,$-51,$136,$-50,$0,$11,$54,$6,$390,$-87,$-14,$6,$0,$-3,$-3,$-67,$-165,$-49,$0,$-49,$-94,$-94,$-56,$-37,$-236,$-12,$23,$-56
17,2014-06-30,30.38,$8.74,3.47,$12.47,2.44,$5.01,6.06,$1.52,19.98,$0.65B,$0.32B,2.02,$1.42B,$1.63B,0.87,$2.35B,$0.75B,31.76%,$2.35B,$0.39B,16.73%,$2.35B,$0.39B,16.73%,$2.35B,$0.64B,27.20%,$2.35B,$0.35B,14.94%,$2.35B,$0.29B,12.30%,$0.29B,$1.63B,17.83%,$0.29B,$-0.37B,-73.03%,$0.29B,$3.68B,7.79%,$0.39B,$3.04B,12.81%,$602,$416,$186,$0,$87,$503,$99,$-10,$88,$31,$58,$61,$110,$160,$99,$184,186,$0.59,$0.58,$251,$0,$0,$652,$275,$100,$1993,$304,$3026,$3678,$323,$1418,$95,$1730,$2052,$20,$1840,$13,$1625,$3678,$163,$123,$-62,$61,$-25,$0,$3,$48,$15,$239,$-58,$-8,$45,$0,$-1,$-1,$-40,$-62,$-34,$0,$-34,$-99,$-99,$-38,$-37,$-208,$-27,$18,$-38
18,2014-03-31,29.31,$8.63,3.4,$11.70,2.51,$4.74,6.19,$1.25,23.45,$0.69B,$0.33B,2.1,$1.43B,$1.63B,0.88,$2.21B,$0.72B,32.59%,$2.21B,$0.39B,17.61%,$2.21B,$0.39B,17.61%,$2.21B,$0.62B,27.98%,$2.21B,$0.35B,15.84%,$2.21B,$0.24B,10.73%,$0.24B,$1.63B,14.83%,$0.24B,$-0.37B,-300.00%,$0.24B,$3.72B,6.61%,$0.39B,$3.06B,12.93%,$593,$423,$170,$0,$89,$512,$81,$-10,$71,$24,$47,$51,$49,$143,$81,$186,188,$0.26,$0.26,$274,$0,$0,$689,$263,$97,$2002,$293,$3032,$3721,$328,$1426,$83,$1764,$2092,$20,$1749,$5,$1630,$3721,$52,$62,$16,$78,$-11,$0,$16,$25,$19,$149,$-23,$-6,$0,$0,$-1,$-1,$-18,$-48,$-22,$0,$-22,$4,$4,$-19,$-36,$-72,$29,$8,$-19
19,2013-12-31,31.98,$8.54,3.75,$10.95,2.92,$4.29,7.45,$1.29,24.79,$0.65B,$0.30B,2.2,$1.44B,$1.60B,0.9,$2.07B,$0.69B,33.61%,$2.07B,$0.38B,18.55%,$2.07B,$0.38B,18.55%,$2.07B,$0.60B,28.81%,$2.07B,$0.35B,17.05%,$2.07B,$0.25B,11.86%,$0.25B,$1.60B,15.72%,$0.25B,$-0.42B,110.48%,$0.25B,$3.69B,7.74%,$0.38B,$3.04B,14.40%,$583,$386,$197,$0,$100,$474,$109,$-10,$98,$33,$65,$69,$66,$172,$109,$187,189,$0.34,$0.34,$248,$0,$0,$654,$260,$94,$2023,$272,$3033,$3687,$297,$1436,$82,$1787,$2084,$20,$1718,$4,$1602,$3687,$257,$213,$69,$282,$-9,$0,$-52,$-25,$-86,$452,$-74,$-64,$-1315,$0,$-1,$-1,$-56,$-1510,$1229,$0,$1229,$-63,$-63,$-57,$-17,$1092,$31,$29,$-57
20,2013-09-30,28.18,$8.54,3.3,$9.99,2.82,$4.43,6.36,$1.27,22.19,$0.76B,$0.30B,2.56,$1.51B,$1.63B,0.93,$1.88B,$0.66B,34.82%,$1.88B,$0.36B,19.16%,$1.88B,$0.36B,19.16%,$1.88B,$0.55B,29.41%,$1.88B,$0.34B,18.15%,$1.88B,$0.24B,12.74%,$0.24B,$1.63B,15.79%,$0.24B,$-0.42B,45.61%,$0.24B,$3.76B,8.72%,$0.36B,$3.13B,15.64%,$571,$377,$193,$0,$82,$466,$104,$-10,$94,$30,$64,$67,$64,$164,$104,$188,189,$0.34,$0.34,$397,$0,$0,$761,$260,$90,$2047,$271,$2994,$3755,$298,$1505,$67,$1832,$2130,$20,$1672,$-0,$1625,$3755,$187,$149,$58,$208,$-7,$0,$-41,$-30,$-88,$307,$-47,$-34,$-1315,$0,$-1,$-1,$-37,$-1434,$1313,$0,$1313,$21,$21,$-38,$-17,$1280,$149,$20,$-38
21,2013-06-30,23.37,$8.14,2.87,$9.46,2.47,$4.62,5.05,$1.25,18.69,$1.72B,$0.21B,8.24,$1.27B,$1.54B,0.83,$1.78B,$0.62B,34.53%,$1.78B,$0.35B,19.54%,$1.78B,$0.35B,19.54%,$1.78B,$0.52B,29.42%,$1.78B,$0.34B,18.98%,$1.78B,$0.24B,13.25%,$0.24B,$1.54B,16.10%,$0.24B,$0.90B,27.65%,$0.24B,$3.19B,10.24%,$0.35B,$2.81B,18.05%,$462,$302,$160,$0,$64,$367,$95,$-8,$87,$30,$57,$60,$58,$139,$95,$187,188,$0.31,$0.31,$1375,$0,$0,$1717,$249,$94,$636,$243,$1472,$3188,$208,$1274,$65,$1445,$1653,$20,$1626,$-10,$1535,$3188,$120,$89,$30,$119,$-8,$0,$-35,$-31,$-82,$157,$-26,$-28,$0,$0,$-1,$-1,$-25,$-79,$1076,$0,$1076,$13,$13,$-19,$-15,$1055,$1127,$10,$-19
22,2013-03-31,23.55,$7.85,3.0,$9.45,2.49,$4.87,4.83,$1.29,18.26,$0.57B,$0.22B,2.57,$0.19B,$1.47B,0.13,$1.78B,$0.61B,33.95%,$1.78B,$0.35B,19.36%,$1.78B,$0.35B,19.36%,$1.78B,$0.52B,29.18%,$1.78B,$0.34B,19.14%,$1.78B,$0.25B,13.75%,$0.25B,$1.47B,17.06%,$0.25B,$0.83B,28.02%,$0.25B,$2.04B,12.30%,$0.35B,$1.66B,21.63%,$449,$304,$144,$0,$66,$374,$75,$-2,$73,$17,$55,$59,$57,$120,$75,$186,187,$0.31,$0.30,$232,$0,$0,$567,$253,$92,$641,$227,$1472,$2039,$220,$186,$66,$346,$566,$20,$1588,$-9,$1473,$2039,$59,$45,$13,$58,$6,$0,$-30,$-31,$-65,$52,$-12,$-30,$0,$0,$-0,$-0,$-14,$-56,$-10,$0,$-10,$-3,$-3,$0,$-4,$-17,$-25,$5,$0
23,2012-12-31,20.27,$7.73,2.62,$9.50,2.13,$5.13,3.95,$1.29,15.72,$0.58B,$0.23B,2.49,$0.19B,$1.45B,0.13,$1.79B,$0.60B,33.67%,$1.79B,$0.36B,19.79%,$1.79B,$0.36B,19.79%,$1.79B,$0.53B,29.32%,$1.79B,$0.35B,19.62%,$1.79B,$0.24B,13.60%,$0.24B,$1.45B,17.31%,$0.24B,$0.80B,27.11%,$0.24B,$2.02B,12.45%,$0.36B,$1.64B,23.10%,$402,$243,$159,$0,$71,$315,$87,$1,$88,$30,$58,$61,$61,$131,$87,$187,189,$0.33,$0.32,$248,$0,$0,$575,$260,$88,$648,$220,$1449,$2024,$231,$192,$69,$348,$579,$20,$1549,$1,$1445,$2024,$250,$171,$20,$191,$3,$0,$37,$-18,$15,$456,$-51,$-33,$-189,$0,$-3,$-3,$-34,$-310,$-50,$0,$-50,$-65,$-65,$-94,$-4,$-213,$-69,$19,$-94
24,2012-09-30,22.33,$7.56,2.96,$9.84,2.27,$5.02,4.45,$1.28,17.45,$0.69B,$0.22B,3.12,$0.20B,$1.41B,0.14,$1.86B,$0.59B,31.87%,$1.86B,$0.36B,19.21%,$1.86B,$0.36B,19.21%,$1.86B,$0.53B,28.38%,$1.86B,$0.35B,18.94%,$1.86B,$0.24B,13.04%,$0.24B,$1.41B,17.62%,$0.24B,$0.89B,26.36%,$0.24B,$1.97B,12.67%,$0.36B,$1.61B,24.30%,$468,$316,$152,$0,$61,$377,$91,$-1,$90,$30,$60,$62,$60,$134,$91,$187,188,$0.32,$0.32,$357,$0,$0,$691,$265,$83,$525,$201,$1279,$1970,$221,$197,$68,$337,$558,$20,$1508,$2,$1412,$1970,$188,$128,$14,$141,$2,$0,$7,$10,$5,$334,$-39,$-19,$-66,$0,$-2,$-2,$-26,$-153,$-30,$0,$-30,$-52,$-52,$-57,$-4,$-142,$40,$12,$-57
25,2012-06-30,22.45,$7.48,3.0,$9.76,2.3,$4.85,4.63,$1.26,17.82,$0.75B,$0.37B,2.03,$0.06B,$1.41B,0.04,$1.86B,$0.58B,31.25%,$1.86B,$0.35B,18.75%,$1.86B,$0.35B,18.75%,$1.86B,$0.52B,27.96%,$1.86B,$0.34B,18.32%,$1.86B,$0.24B,12.98%,$0.24B,$1.41B,17.78%,$0.24B,$0.98B,26.20%,$0.24B,$1.94B,12.77%,$0.35B,$1.47B,23.94%,$463,$313,$150,$0,$58,$371,$92,$-2,$90,$25,$66,$68,$67,$135,$92,$188,190,$0.35,$0.35,$419,$0,$0,$754,$259,$86,$431,$196,$1183,$1937,$372,$60,$59,$151,$523,$20,$1466,$-7,$1414,$1937,$126,$84,$9,$93,$-0,$0,$3,$1,$-15,$203,$-24,$-17,$-2,$0,$-1,$-1,$-17,$-60,$-4,$0,$-4,$4,$4,$-38,$-0,$-38,$102,$9,$-38
26,2012-03-31,21.56,$7.21,2.99,$9.65,2.23,$4.83,4.46,$1.19,18.11,$0.71B,$0.38B,1.86,$0.06B,$1.37B,0.04,$1.84B,$0.57B,30.74%,$1.84B,$0.34B,18.20%,$1.84B,$0.34B,18.20%,$1.84B,$0.51B,27.43%,$1.84B,$0.33B,17.82%,$1.84B,$0.23B,12.38%,$0.23B,$1.37B,17.09%,$0.23B,$0.93B,25.45%,$0.23B,$1.91B,12.25%,$0.34B,$1.43B,22.78%,$461,$318,$143,$0,$58,$376,$85,$-0,$84,$30,$55,$58,$56,$126,$85,$188,188,$0.30,$0.30,$371,$0,$0,$713,$261,$86,$436,$201,$1193,$1906,$383,$58,$61,$155,$538,$20,$1418,$3,$1368,$1906,$58,$41,$8,$49,$-5,$0,$10,$6,$-9,$98,$-9,$-3,$-2,$0,$-0,$-0,$-5,$-19,$-7,$0,$-7,$3,$3,$-19,$-1,$-23,$55,$4,$-19
27,2011-12-31,18.2,$6.99,2.6,$9.42,1.93,$4.83,3.76,$1.14,15.96,$0.65B,$0.38B,1.71,$0.06B,$1.32B,0.05,$1.81B,$0.55B,30.46%,$1.81B,$0.32B,17.86%,$1.81B,$0.32B,17.86%,$1.81B,$0.49B,27.25%,$1.81B,$0.32B,17.47%,$1.81B,$0.22B,12.22%,$0.22B,$1.32B,16.96%,$0.22B,$0.88B,25.29%,$0.22B,$1.86B,12.07%,$0.32B,$1.39B,21.82%,$472,$323,$149,$0,$58,$383,$90,$-1,$89,$29,$60,$61,$60,$134,$90,$191,192,$0.32,$0.32,$316,$0,$0,$650,$267,$83,$437,$203,$1208,$1858,$381,$64,$60,$157,$537,$20,$1381,$-0,$1321,$1858,$223,$169,$26,$195,$-7,$0,$-16,$37,$19,$436,$-45,$-15,$-48,$0,$-2,$-2,$-32,$-141,$-29,$0,$-29,$-113,$-113,$-54,$-175,$-371,$-78,$16,$-54
28,2011-09-30,15.67,$6.91,2.27,$9.21,1.7,$4.41,3.55,$1.07,14.64,$0.63B,$0.22B,2.92,$0.21B,$1.32B,0.16,$1.78B,$0.53B,29.83%,$1.78B,$0.30B,17.11%,$1.78B,$0.30B,17.11%,$1.78B,$0.47B,26.67%,$1.78B,$0.30B,16.77%,$1.78B,$0.21B,11.76%,$0.21B,$1.32B,16.23%,$0.21B,$0.88B,24.12%,$0.21B,$1.85B,11.27%,$0.30B,$1.53B,20.20%,$460,$321,$138,$0,$57,$379,$81,$-4,$77,$24,$53,$58,$58,$124,$81,$191,191,$0.30,$0.30,$281,$0,$0,$632,$286,$81,$438,$187,$1217,$1849,$216,$211,$63,$315,$531,$20,$1340,$0,$1318,$1849,$162,$126,$34,$160,$-4,$0,$-16,$-1,$-24,$298,$-31,$-6,$-45,$0,$-2,$-2,$-23,$-106,$-21,$0,$-21,$-72,$-72,$-41,$-174,$-308,$-114,$13,$-41
29,2011-06-30,17.13,$6.89,2.49,$9.01,1.9,$4.24,4.04,$1.00,17.13,$0.59B,$0.23B,2.56,$0.21B,$1.33B,0.16,$1.75B,$0.52B,29.89%,$1.75B,$0.30B,17.26%,$1.75B,$0.30B,17.26%,$1.75B,$0.47B,26.80%,$1.75B,$0.30B,17.14%,$1.75B,$0.20B,11.26%,$0.20B,$1.33B,15.48%,$0.20B,$0.89B,22.93%,$0.20B,$1.83B,10.52%,$0.30B,$1.54B,20.22%,$448,$312,$136,$0,$57,$369,$79,$-1,$78,$24,$54,$55,$54,$121,$79,$192,192,$0.28,$0.28,$263,$0,$0,$588,$294,$82,$443,$198,$1245,$1832,$229,$214,$60,$274,$504,$20,$1295,$8,$1329,$1832,$104,$83,$-0,$83,$19,$0,$-13,$18,$12,$199,$-22,$-1,$-45,$0,$0,$0,$-16,$-84,$-14,$0,$-14,$-34,$-34,$-27,$-174,$-250,$-131,$9,$-27
30,2011-03-31,16.55,$6.46,2.56,$8.88,1.86,$4.18,3.96,$0.97,17.06,$0.57B,$0.22B,2.62,$0.22B,$1.25B,0.18,$1.73B,$0.52B,30.12%,$1.73B,$0.30B,17.48%,$1.73B,$0.30B,17.48%,$1.73B,$0.47B,27.01%,$1.73B,$0.30B,17.37%,$1.73B,$0.19B,11.08%,$0.19B,$1.25B,15.31%,$0.19B,$0.85B,22.63%,$0.19B,$1.79B,10.17%,$0.30B,$1.47B,20.51%,$429,$301,$128,$0,$55,$356,$73,$-1,$72,$25,$47,$49,$49,$114,$73,$193,193,$0.25,$0.25,$253,$0,$0,$572,$297,$80,$399,$199,$1213,$1785,$218,$219,$57,$321,$540,$20,$1255,$7,$1245,$1785,$49,$41,$7,$48,$3,$0,$-5,$20,$5,$102,$-10,$3,$0,$0,$0,$0,$-7,$-14,$-9,$0,$-9,$-35,$-35,$-14,$-174,$-231,$-142,$4,$-14
31,2010-12-31,14.07,$6.47,2.18,$8.76,1.61,$4.31,3.27,$0.98,14.35,$0.72B,$0.23B,3.18,$0.23B,$1.26B,0.18,$1.72B,$0.52B,30.11%,$1.72B,$0.31B,18.05%,$1.72B,$0.31B,18.05%,$1.72B,$0.47B,27.49%,$1.72B,$0.31B,17.94%,$1.72B,$0.19B,11.30%,$0.19B,$1.26B,15.57%,$0.19B,$0.85B,21.65%,$0.19B,$1.95B,10.30%,$0.31B,$1.48B,21.07%,$440,$312,$128,$0,$57,$369,$71,$-0,$71,$22,$49,$52,$48,$115,$71,$195,196,$0.25,$0.25,$395,$0,$0,$722,$300,$77,$404,$201,$1230,$1952,$227,$225,$53,$467,$694,$20,$1219,$-3,$1258,$1952,$206,$163,$16,$179,$-7,$0,$14,$20,$5,$389,$-72,$-70,$-144,$0,$0,$0,$-76,$-362,$28,$0,$28,$-46,$-46,$-55,$-9,$-82,$-55,$16,$-55
32,2010-09-30,13.88,$6.47,2.14,$8.70,1.6,$4.52,3.07,$1.05,13.21,$0.75B,$0.22B,3.41,$0.23B,$1.26B,0.18,$1.71B,$0.53B,30.85%,$1.71B,$0.33B,19.59%,$1.71B,$0.33B,19.59%,$1.71B,$0.49B,28.80%,$1.71B,$0.33B,19.47%,$1.71B,$0.21B,12.14%,$0.21B,$1.26B,16.84%,$0.21B,$0.85B,22.14%,$0.21B,$1.92B,11.35%,$0.33B,$1.48B,23.04%,$433,$303,$131,$0,$52,$354,$79,$0,$79,$28,$51,$52,$46,$119,$79,$196,196,$0.23,$0.23,$373,$0,$0,$747,$299,$74,$408,$180,$1174,$1921,$219,$225,$46,$443,$662,$20,$1186,$2,$1259,$1921,$154,$119,$31,$151,$-34,$0,$34,$3,$-25,$280,$-41,$-27,$-149,$0,$0,$0,$-43,$-259,$-12,$0,$-12,$-46,$-46,$-41,$-0,$-99,$-77,$12,$-41
33,2010-06-30,12.32,$6.35,1.94,$8.68,1.42,$4.81,2.56,$1.10,11.2,$0.74B,$0.21B,3.54,$0.23B,$1.25B,0.18,$1.70B,$0.53B,31.10%,$1.70B,$0.34B,20.16%,$1.70B,$0.34B,20.16%,$1.70B,$0.50B,29.39%,$1.70B,$0.34B,20.11%,$1.70B,$0.22B,12.70%,$0.22B,$1.25B,18.01%,$0.22B,$0.84B,22.47%,$0.22B,$1.90B,12.26%,$0.34B,$1.48B,24.22%,$431,$296,$135,$0,$55,$351,$80,$-1,$79,$28,$50,$53,$49,$120,$80,$196,196,$0.25,$0.25,$396,$0,$0,$738,$293,$76,$410,$163,$1157,$1896,$209,$225,$45,$434,$643,$20,$1154,$-11,$1253,$1896,$104,$79,$17,$96,$-3,$0,$27,$-15,$-4,$196,$-27,$-21,$-149,$0,$0,$0,$-20,$-216,$-8,$0,$-8,$-1,$-1,$-28,$-0,$-36,$-62,$8,$-28
34,2010-03-31,14.12,$6.15,2.3,$8.59,1.64,$4.93,2.87,$1.12,12.61,$0.87B,$0.23B,3.81,$0.23B,$1.22B,0.19,$1.68B,$0.53B,31.27%,$1.68B,$0.35B,20.57%,$1.68B,$0.35B,20.57%,$1.68B,$0.50B,29.79%,$1.68B,$0.34B,20.45%,$1.68B,$0.22B,13.08%,$0.22B,$1.22B,18.97%,$0.22B,$1.04B,22.49%,$0.22B,$1.76B,12.97%,$0.35B,$1.44B,25.20%,$413,$291,$123,$0,$43,$334,$80,$-0,$79,$28,$51,$52,$51,$118,$80,$196,196,$0.26,$0.26,$565,$0,$0,$872,$291,$76,$179,$153,$892,$1764,$229,$227,$45,$320,$549,$20,$1118,$-7,$1215,$1764,$52,$39,$6,$44,$10,$0,$8,$52,$38,$134,$-15,$-4,$0,$0,$0,$0,$-10,$-29,$-4,$0,$-4,$-1,$-1,$-14,$0,$-18,$85,$3,$-14
35,2009-12-31,15.5,$6.03,2.57,$8.57,1.81,$4.79,3.24,$1.10,14.09,$0.81B,$0.22B,3.67,$0.21B,$1.19B,0.17,$1.68B,$0.53B,31.41%,$1.68B,$0.34B,20.50%,$1.68B,$0.34B,20.50%,$1.68B,$0.50B,29.86%,$1.68B,$0.34B,20.38%,$1.68B,$0.22B,12.87%,$0.22B,$1.19B,19.39%,$0.22B,$1.01B,23.18%,$0.22B,$1.71B,13.07%,$0.34B,$1.40B,26.00%,$428,$291,$137,$0,$42,$333,$95,$-0,$95,$33,$61,$64,$61,$134,$95,$196,196,$0.30,$0.30,$496,$0,$0,$811,$289,$75,$180,$156,$900,$1711,$221,$205,$48,$301,$522,$20,$1080,$6,$1189,$1711,$219,$157,$32,$188,$11,$0,$-12,$28,$15,$423,$-63,$-20,$-0,$0,$0,$0,$-36,$-119,$-14,$0,$-14,$-0,$-0,$-55,$-0,$-69,$230,$16,$-55
36,2009-09-30,14.4,$5.78,2.49,$8.54,1.69,$4.39,3.28,$1.13,12.75,$0.78B,$0.23B,3.42,$0.21B,$1.14B,0.18,$1.67B,$-0.14B,-8.37%,$1.67B,$0.34B,20.44%,$1.67B,$0.34B,20.44%,$1.67B,$0.50B,29.89%,$1.67B,$0.35B,20.62%,$1.67B,$0.22B,13.09%,$0.22B,$1.14B,20.53%,$0.22B,$0.96B,24.78%,$0.22B,$1.68B,13.58%,$0.34B,$1.35B,26.78%,$429,$295,$134,$0,$46,$341,$88,$1,$89,$32,$57,$59,$55,$128,$88,$196,196,$0.28,$0.28,$446,$0,$0,$778,$287,$73,$184,$157,$898,$1676,$227,$209,$47,$309,$536,$20,$1034,$8,$1140,$1676,$156,$118,$28,$145,$6,$0,$-0,$42,$32,$333,$-39,$-19,$-0,$0,$0,$0,$-24,$-81,$-8,$0,$-8,$-0,$-0,$-41,$-0,$-50,$200,$13,$-41
37,2009-06-30,11.92,$5.55,2.15,$8.59,1.39,$4.05,2.94,$1.18,10.1,$0.72B,$0.23B,3.07,$0.21B,$1.09B,0.19,$1.68B,$0.10B,5.88%,$1.68B,$0.35B,20.74%,$1.68B,$0.35B,20.74%,$1.68B,$0.51B,30.42%,$1.68B,$0.35B,20.86%,$1.68B,$0.23B,13.55%,$0.23B,$1.09B,22.20%,$0.23B,$0.91B,26.78%,$0.23B,$1.64B,14.34%,$0.35B,$1.31B,28.32%,$412,$280,$132,$0,$49,$329,$83,$-2,$81,$29,$51,$53,$53,$121,$83,$196,196,$0.27,$0.27,$371,$0,$0,$715,$280,$72,$184,$176,$919,$1635,$233,$212,$44,$307,$540,$20,$993,$8,$1094,$1635,$101,$78,$13,$91,$22,$0,$-7,$32,$27,$219,$-27,$-13,$-0,$0,$0,$0,$-17,$-57,$-4,$0,$-4,$-0,$-0,$-28,$-0,$-33,$126,$9,$-28
38,2009-03-31,12.23,$5.23,2.34,$8.67,1.41,$3.78,3.23,$1.23,9.94,$0.68B,$0.26B,2.66,$0.21B,$1.03B,0.21,$1.70B,$0.33B,19.40%,$1.70B,$0.36B,21.34%,$1.70B,$0.36B,21.34%,$1.70B,$0.53B,31.04%,$1.70B,$0.37B,21.52%,$1.70B,$0.24B,13.99%,$0.24B,$1.03B,24.12%,$0.24B,$0.85B,29.09%,$0.24B,$1.59B,15.18%,$0.36B,$1.24B,30.57%,$409,$285,$124,$0,$46,$331,$78,$-1,$77,$27,$49,$50,$47,$118,$78,$195,195,$0.24,$0.24,$304,$0,$0,$679,$273,$75,$182,$175,$910,$1589,$255,$211,$40,$302,$558,$20,$953,$-10,$1032,$1589,$47,$40,$4,$44,$1,$0,$-4,$36,$8,$99,$-8,$-6,$-0,$0,$0,$0,$-11,$-25,$-1,$0,$-1,$-0,$-0,$-14,$0,$-15,$58,$5,$-14
39,2008-12-31,12.33,$5.09,2.42,$8.71,1.42,$3.74,3.3,$1.28,9.63,$0.63B,$0.24B,2.65,$0.21B,$1.00B,0.21,$1.71B,$0.56B,32.65%,$1.71B,$0.37B,21.67%,$1.71B,$0.37B,21.67%,$1.71B,$0.54B,31.25%,$1.71B,$0.38B,21.96%,$1.71B,$0.25B,14.49%,$0.25B,$1.00B,26.08%,$0.25B,$0.82B,31.45%,$0.25B,$1.55B,15.99%,$0.37B,$1.21B,32.35%,$423,$953,$-530,$0,$-338,$330,$93,$5,$98,$30,$68,$69,$64,$133,$93,$196,196,$0.33,$0.33,$242,$0,$0,$625,$291,$74,$183,$167,$925,$1550,$236,$210,$41,$313,$549,$20,$920,$-7,$1001,$1550,$252,$165,$13,$178,$-15,$0,$5,$-40,$-76,$353,$-70,$-31,$-50,$0,$0,$0,$-42,$-193,$-49,$0,$-49,$-35,$-35,$-55,$-0,$-140,$10,$25,$-55
40,2008-09-30,14.37,$4.96,2.9,$8.87,1.62,$3.62,3.97,$1.17,12.28,$0.70B,$0.31B,2.27,$0.19B,$0.98B,0.19,$1.75B,$1.45B,82.95%,$1.75B,$0.36B,20.54%,$1.75B,$0.36B,20.54%,$1.75B,$0.53B,30.03%,$1.75B,$0.37B,20.88%,$1.75B,$0.23B,13.16%,$0.23B,$0.98B,25.23%,$0.23B,$0.83B,30.41%,$0.23B,$1.59B,15.00%,$0.36B,$1.17B,32.07%,$439,$67,$373,$0,$225,$344,$95,$-0,$95,$34,$61,$64,$64,$140,$95,$196,196,$0.32,$0.32,$328,$0,$0,$695,$283,$85,$153,$177,$892,$1586,$306,$189,$28,$299,$605,$20,$868,$25,$981,$1586,$185,$125,$10,$135,$-11,$0,$-1,$5,$-41,$279,$-50,$-19,$-1,$0,$0,$0,$-35,$-105,$-9,$0,$-9,$-23,$-23,$-41,$-0,$-74,$98,$21,$-41
41,2008-06-30,19.4,$4.72,4.11,$8.95,2.17,$3.47,5.59,$1.19,16.3,$0.65B,$0.31B,2.14,$0.19B,$0.93B,0.21,$1.77B,$1.44B,81.27%,$1.77B,$0.36B,20.09%,$1.77B,$0.36B,20.09%,$1.77B,$0.51B,29.09%,$1.77B,$0.37B,20.83%,$1.77B,$0.24B,13.30%,$0.24B,$0.93B,23.18%,$0.24B,$0.78B,27.41%,$0.24B,$1.55B,14.75%,$0.36B,$1.13B,29.76%,$430,$67,$363,$74,$144,$333,$97,$-0,$96,$34,$62,$64,$63,$137,$97,$196,197,$0.32,$0.32,$283,$0,$0,$654,$288,$85,$156,$173,$892,$1546,$306,$192,$31,$306,$613,$20,$817,$33,$933,$1546,$121,$80,$7,$87,$-14,$0,$1,$18,$-33,$174,$-35,$-9,$0,$0,$0,$0,$-28,$-72,$-4,$0,$-4,$-23,$-23,$-28,$-0,$-56,$47,$16,$-28
42,2008-03-31,20.59,$4.48,4.6,$9.11,2.26,$3.22,6.4,$1.20,17.16,$0.63B,$0.33B,1.88,$0.19B,$0.89B,0.22,$1.80B,$1.44B,79.97%,$1.80B,$0.35B,19.70%,$1.80B,$0.35B,19.70%,$1.80B,$0.51B,28.44%,$1.80B,$0.37B,20.76%,$1.80B,$0.24B,13.24%,$0.24B,$0.89B,21.39%,$0.24B,$0.73B,24.89%,$0.24B,$1.52B,14.57%,$0.35B,$1.08B,28.40%,$420,$67,$353,$72,$145,$334,$86,$1,$87,$33,$54,$57,$57,$125,$86,$197,197,$0.29,$0.29,$268,$0,$0,$626,$288,$85,$157,$172,$897,$1523,$334,$194,$31,$301,$635,$20,$768,$33,$888,$1523,$57,$39,$-0,$39,$-6,$0,$3,$42,$4,$100,$-17,$-2,$0,$0,$0,$0,$-17,$-36,$-5,$0,$-5,$-11,$-11,$-14,$0,$-30,$32,$8,$-14
43,2007-12-31,24.3,$4.27,5.7,$9.16,2.65,$3.03,8.01,$1.20,20.25,$0.59B,$0.27B,2.14,$0.26B,$0.84B,0.3,$1.81B,$1.43B,79.03%,$1.81B,$0.35B,19.59%,$1.81B,$0.35B,19.59%,$1.81B,$0.51B,28.22%,$1.81B,$0.38B,20.92%,$1.81B,$0.24B,13.17%,$0.24B,$0.84B,19.71%,$0.24B,$0.69B,22.65%,$0.24B,$1.48B,14.27%,$0.35B,$1.10B,27.34%,$459,$97,$361,$68,$146,$378,$81,$6,$87,$42,$45,$46,$46,$123,$81,$197,197,$0.23,$0.23,$240,$0,$0,$587,$283,$81,$156,$167,$892,$1479,$274,$257,$28,$361,$635,$20,$726,$28,$844,$1479,$239,$156,$0,$157,$-11,$0,$10,$-65,$-61,$335,$-73,$-33,$-13,$0,$0,$0,$-23,$-142,$259,$0,$259,$12,$12,$-655,$8,$-377,$-179,$19,$-655
44,2007-09-30,21.49,$7.04,3.05,$9.39,2.29,$3.46,6.22,$1.41,15.24,$0.96B,$0.25B,3.82,$0.07B,$1.39B,0.05,$1.85B,$1.49B,80.29%,$1.85B,$0.40B,21.65%,$1.85B,$0.40B,21.65%,$1.85B,$0.57B,30.78%,$1.85B,$0.43B,22.95%,$1.85B,$0.28B,15.06%,$0.28B,$1.39B,21.45%,$0.28B,$1.23B,24.37%,$0.28B,$1.83B,16.34%,$0.40B,$1.46B,30.27%,$458,$99,$359,$0,$214,$366,$91,$7,$98,$31,$67,$69,$69,$129,$91,$197,197,$0.35,$0.35,$625,$0,$0,$963,$276,$66,$156,$175,$863,$1827,$252,$74,$31,$185,$437,$20,$1294,$26,$1390,$1827,$192,$114,$3,$117,$-6,$0,$6,$-52,$-61,$247,$-48,$-8,$-0,$0,$0,$0,$-21,$-78,$70,$0,$70,$5,$5,$-41,$4,$38,$204,$10,$-41
45,2007-06-30,22.77,$6.73,3.38,$9.32,2.44,$3.44,6.62,$1.34,17.0,$0.83B,$0.25B,3.38,$0.01B,$1.33B,0.01,$1.84B,$1.47B,80.07%,$1.84B,$0.38B,20.81%,$1.84B,$0.38B,20.81%,$1.84B,$0.56B,30.34%,$1.84B,$0.40B,21.95%,$1.84B,$0.26B,14.38%,$0.26B,$1.33B,21.33%,$0.26B,$1.17B,24.48%,$0.26B,$1.70B,16.19%,$0.38B,$1.34B,30.73%,$460,$96,$364,$0,$215,$364,$96,$5,$101,$36,$65,$66,$66,$134,$96,$197,197,$0.33,$0.33,$494,$0,$0,$833,$273,$63,$156,$182,$872,$1704,$247,$10,$37,$129,$375,$20,$1239,$23,$1329,$1704,$123,$77,$3,$80,$-6,$0,$-1,$-45,$-84,$120,$-29,$-5,$-0,$0,$0,$0,$-10,$-44,$5,$0,$5,$5,$5,$-28,$4,$-14,$63,$7,$-28
46,2007-03-31,24.52,$6.42,3.82,$9.16,2.68,$3.53,6.96,$1.30,18.87,$0.78B,$0.27B,2.87,$0.01B,$1.27B,0.01,$1.81B,$1.45B,80.28%,$1.81B,$0.37B,20.55%,$1.81B,$0.37B,20.55%,$1.81B,$0.55B,30.53%,$1.81B,$0.39B,21.61%,$1.81B,$0.26B,14.13%,$0.26B,$1.27B,21.58%,$0.26B,$1.11B,24.72%,$0.26B,$1.66B,16.28%,$0.37B,$1.28B,31.30%,$430,$86,$344,$0,$208,$344,$86,$6,$92,$35,$57,$57,$57,$124,$86,$196,197,$0.29,$0.29,$464,$0,$0,$778,$276,$64,$157,$184,$885,$1663,$271,$7,$35,$124,$395,$20,$1187,$21,$1268,$1663,$57,$39,$-3,$36,$9,$0,$1,$3,$-26,$66,$-20,$-4,$-0,$0,$0,$0,$-7,$-32,$6,$0,$6,$4,$4,$-14,$3,$-2,$33,$3,$-14
47,2006-12-31,20.28,$6.18,3.28,$9.07,2.24,$3.44,5.9,$1.27,15.96,$0.75B,$0.30B,2.52,$0.00B,$1.22B,0.0,$1.79B,$1.44B,80.30%,$1.79B,$0.36B,19.98%,$1.79B,$0.36B,19.98%,$1.79B,$0.54B,30.33%,$1.79B,$0.37B,20.87%,$1.79B,$0.25B,13.88%,$0.25B,$1.22B,21.98%,$0.25B,$1.06B,25.10%,$0.25B,$1.63B,16.49%,$0.36B,$1.22B,31.57%,$504,$84,$420,$0,$240,$376,$128,$6,$134,$48,$86,$87,$87,$183,$128,$197,197,$0.44,$0.43,$421,$0,$0,$745,$271,$62,$155,$185,$890,$1634,$296,$4,$36,$121,$417,$20,$1145,$21,$1217,$1634,$249,$185,$-7,$178,$-47,$0,$1,$10,$-42,$386,$-40,$-12,$-69,$0,$0,$0,$-42,$-164,$-3,$0,$-3,$-19,$-19,$-51,$3,$-70,$152,$9,$-51
