,Date,Stock Price,Book Value per Share,Price to Book Ratio,TTM Sales per Share,Price to Sales Ratio,TTM FCF per Share,Price to FCF Ratio,TTM Net EPS,PE Ratio,Current Assets,Current Liabilities,Current Ratio,Long Term Debt,Shareholder's Equity_x,Debt to Equity Ratio,TTM Revenue_x,TTM Gross Profit,Gross Margin,TTM Revenue_y,TTM Operating Income,Operating Margin,TTM Revenue_x,TTM EBIT,EBIT Margin,TTM Revenue_y,TTM EBITDA,EBITDA Margin,TTM Revenue_x,TTM Pre-Tax Income,Pre-Tax Margin,TTM Revenue_y,TTM Net Income_x,Net Margin,TTM Net Income_y,Shareholder's Equity_y,Return on Equity,TTM Net Income_x,Tangible Equity,Return on Tangible Equity,TTM Net Income_y,Total Assets,Return on Assets,TTM Net Income,LT Investments & Debt,Return on Investment,revenue,cost-goods-sold,gross-profit,research-development-expenses,selling-general-administrative-expenses,operating-expenses,operating-income,total-non-operating-income-expense,pre-tax-income,total-provision-income-taxes,income-after-taxes,income-from-continuous-operations,net-income,ebitda,ebit,basic-shares-outstanding,shares-outstanding,eps-basic-net-earnings-per-share,eps-earnings-per-share-diluted,cash-on-hand,inventory,other-current-assets,total-current-assets,net-property-plant-equipment,long-term-investments,goodwill-intangible-assets-total,other-long-term-assets,total-long-term-assets,total-assets,total-current-liabilities,long-term-debt,other-non-current-liabilities,total-long-term-liabilities,total-liabilities,common-stock-net,retained-earnings-accumulated-deficit,comprehensive-income,total-share-holder-equity,total-liabilities-share-holders-equity,net-income-loss,total-depreciation-amortization-cash-flow,other-non-cash-items,total-non-cash-items,change-in-accounts-receivable,change-in-inventories,change-in-accounts-payable,change-in-assets-liabilities,total-change-in-assets-liabilities,cash-flow-from-operating-activities,net-change-in-property-plant-equipment,net-change-in-intangible-assets,net-acquisitions-divestitures,net-change-in-short-term-investments,net-change-in-long-term-investments,net-change-in-investments-total,investing-activities-other,cash-flow-from-investing-activities,net-long-term-debt,net-current-debt,debt-issuance-retirement-net-total,net-common-equity-issued-repurchased,net-total-equity-issued-repurchased,total-common-preferred-stock-dividends-paid,financial-activities-other,cash-flow-from-financial-activities,net-cash-flow,stock-based-compensation,common-stock-dividends-paid
0,2018-09-30,14.49,$10.25,1.41,$10.16,1.43,$1.26,11.53,$0.73,19.85,$1.35B,$1.45B,0.93,$0.81B,$4.96B,0.16,$4.81B,$2.66B,55.34%,$4.81B,$0.68B,14.04%,$4.81B,$0.68B,14.04%,$4.81B,$1.74B,36.12%,$4.81B,$0.51B,10.49%,$4.81B,$0.70B,14.46%,$0.70B,$4.96B,12.99%,$0.70B,$2.25B,31.61%,$0.70B,$7.82B,7.60%,$0.68B,$5.78B,10.25%,$1077,$484,$593,$0,$425,$931,$146,$-32,$114,$-225,$339,$339,$339,$362,$146,$485,485,$0.70,$0.70,$339,$38,$189,$1353,$2759,$14,$2719,$696,$6465,$7818,$1454,$812,$309,$1400,$2853,$2506,$367,$0,$4964,$7818,$288,$746,$400,$1146,$-181,$-7,$-207,$-223,$-618,$815,$-625,$0,$0,$0,$43,$43,$4,$-577,$-686,$0,$-686,$2,$2,$-91,$-49,$-824,$-586,$0,$-91
1,2018-06-30,16.86,$10.60,1.59,$10.61,1.59,$0.68,24.69,$0.91,18.53,$1.84B,$1.74B,1.06,$1.17B,$5.13B,0.23,$5.03B,$2.76B,54.96%,$5.03B,$0.70B,13.90%,$5.03B,$0.70B,13.90%,$5.03B,$1.87B,37.20%,$5.03B,$0.51B,10.20%,$5.03B,$0.45B,8.85%,$0.45B,$5.13B,8.05%,$0.45B,$2.15B,20.40%,$0.45B,$8.69B,4.57%,$0.70B,$6.31B,9.93%,$1158,$517,$642,$0,$446,$1015,$144,$-51,$93,$0,$93,$93,$93,$396,$144,$484,484,$0.20,$0.20,$620,$48,$268,$1839,$3048,$13,$2988,$769,$6850,$8689,$1743,$1174,$347,$1812,$3555,$2746,$97,$0,$5133,$8689,$191,$530,$251,$782,$-127,$-14,$-170,$-244,$-554,$418,$-444,$0,$0,$0,$-69,$-69,$3,$-509,$-352,$0,$-352,$2,$2,$-28,$-34,$-412,$-504,$0,$-28
2,2018-03-31,21.47,$11.68,1.84,$10.74,2.0,$0.05,473.85,$0.86,24.96,$2.35B,$2.21B,1.06,$1.37B,$5.65B,0.24,$5.10B,$2.75B,54.01%,$5.10B,$0.68B,13.32%,$5.10B,$0.68B,13.32%,$5.10B,$1.90B,37.26%,$5.10B,$0.50B,9.89%,$5.10B,$0.42B,8.24%,$0.42B,$5.65B,7.49%,$0.42B,$2.28B,19.52%,$0.42B,$9.92B,4.18%,$0.68B,$7.03B,9.28%,$1270,$560,$710,$0,$491,$1110,$160,$-52,$108,$32,$76,$76,$76,$438,$160,$484,484,$0.15,$0.15,$893,$46,$334,$2352,$3300,$9,$3378,$845,$7568,$9920,$2214,$1372,$357,$2052,$4266,$3042,$76,$0,$5654,$9920,$108,$278,$136,$414,$-106,$-8,$68,$-273,$-319,$203,$-189,$0,$0,$0,$-40,$-40,$2,$-227,$-268,$0,$-268,$1,$1,$-0,$-19,$-285,$-309,$0,$-0
3,2017-12-31,19.13,$11.74,1.63,$10.72,1.78,$-0.90,0.0,$0.78,24.52,$2.38B,$2.26B,1.05,$1.58B,$5.69B,0.28,$5.09B,$2.66B,52.31%,$5.09B,$0.61B,11.92%,$5.09B,$0.61B,11.92%,$5.09B,$1.86B,36.64%,$5.09B,$0.45B,8.85%,$5.09B,$0.39B,7.59%,$0.39B,$5.69B,6.93%,$0.39B,$2.14B,18.54%,$0.39B,$10.21B,3.77%,$0.61B,$7.27B,7.93%,$1309,$591,$719,$0,$464,$1083,$226,$-37,$190,$1,$188,$188,$188,$543,$226,$484,448,$0.39,$0.39,$1184,$39,$290,$2383,$3395,$8,$3543,$807,$7827,$10210,$2263,$1581,$340,$2263,$4525,$3090,$2071,$0,$5685,$10210,$450,$1257,$504,$1761,$31,$6,$164,$-720,$-518,$1693,$-1295,$0,$0,$0,$0,$0,$-83,$-1378,$-822,$0,$-822,$-4,$-4,$-104,$-63,$-993,$-679,$0,$-104
4,2017-09-30,17.99,$11.64,1.54,$10.26,1.75,$-1.42,0.0,$0.63,28.55,$2.42B,$1.84B,1.31,$1.91B,$5.64B,0.34,$4.97B,$2.60B,52.24%,$4.97B,$0.55B,11.03%,$4.97B,$0.55B,11.03%,$4.97B,$1.71B,34.37%,$4.97B,$0.40B,8.01%,$4.97B,$0.30B,6.08%,$0.30B,$5.64B,5.61%,$0.30B,$2.16B,14.98%,$0.30B,$10.11B,2.97%,$0.55B,$7.55B,7.23%,$1292,$598,$693,$0,$473,$1123,$169,$-47,$122,$34,$88,$88,$88,$494,$169,$484,484,$0.18,$0.18,$1199,$37,$305,$2418,$3316,$10,$3477,$883,$7695,$10113,$1843,$1908,$368,$2632,$4474,$3121,$199,$1,$5638,$10113,$261,$941,$385,$1326,$81,$8,$-307,$-675,$-892,$695,$-782,$0,$0,$0,$20,$20,$0,$-762,$-411,$0,$-411,$1,$1,$-46,$-48,$-505,$-572,$0,$-46
5,2017-06-30,14.56,$11.27,1.29,$10.08,1.44,$-1.48,0.0,$0.57,25.55,$2.44B,$1.83B,1.33,$1.97B,$5.46B,0.36,$4.88B,$2.51B,51.45%,$4.88B,$0.48B,9.88%,$4.88B,$0.48B,9.88%,$4.88B,$1.65B,33.83%,$4.88B,$0.36B,7.30%,$4.88B,$0.27B,5.55%,$0.27B,$5.46B,5.13%,$0.27B,$2.03B,13.74%,$0.27B,$9.98B,2.67%,$0.48B,$7.43B,6.40%,$1226,$595,$631,$0,$467,$1102,$124,$-40,$84,$16,$68,$68,$68,$424,$124,$484,484,$0.14,$0.14,$1085,$50,$281,$2444,$3219,$15,$3428,$853,$7533,$9976,$1834,$1971,$358,$2688,$4522,$3067,$109,$1,$5455,$9976,$137,$616,$254,$869,$42,$-6,$-251,$-671,$-886,$121,$-455,$0,$0,$0,$148,$148,$0,$-308,$-267,$0,$-267,$0,$0,$-45,$-32,$-343,$-530,$0,$-45
6,2017-03-31,15.63,$11.39,1.37,$9.81,1.59,$-1.48,0.0,$0.47,33.26,$2.88B,$2.08B,1.39,$2.82B,$5.51B,0.51,$4.75B,$2.40B,50.54%,$4.75B,$0.44B,9.29%,$4.75B,$0.44B,9.29%,$4.75B,$1.61B,33.87%,$4.75B,$0.31B,6.49%,$4.75B,$0.22B,4.72%,$0.22B,$5.51B,4.38%,$0.22B,$2.00B,11.62%,$0.22B,$10.62B,2.24%,$0.44B,$8.34B,5.98%,$1258,$640,$617,$0,$475,$1171,$87,$-33,$54,$12,$42,$42,$42,$402,$87,$484,484,$0.09,$0.09,$1293,$55,$353,$2883,$3319,$38,$3516,$851,$7738,$10622,$2077,$2822,$175,$3031,$5107,$3140,$42,$1,$5514,$10622,$54,$315,$127,$442,$-16,$-9,$-91,$-610,$-726,$-230,$-213,$0,$0,$0,$151,$151,$0,$-62,$-15,$0,$-15,$0,$0,$-0,$-34,$-49,$-341,$0,$-0
7,2016-12-31,11.54,$10.18,1.13,$9.26,1.25,$-1.37,0.0,$0.46,25.1,$2.90B,$2.09B,1.39,$2.09B,$4.93B,0.42,$4.48B,$2.27B,50.71%,$4.48B,$0.41B,9.11%,$4.48B,$0.41B,9.11%,$4.48B,$1.49B,33.34%,$4.48B,$0.29B,6.50%,$4.48B,$0.22B,4.80%,$0.22B,$4.93B,4.47%,$0.22B,$1.88B,11.63%,$0.22B,$9.94B,2.27%,$0.41B,$7.02B,5.99%,$1193,$538,$655,$0,$451,$1025,$168,$-30,$138,$34,$104,$104,$104,$388,$168,$484,484,$0.22,$0.22,$1631,$41,$327,$2898,$3178,$39,$3048,$754,$7038,$9936,$2088,$2087,$498,$2921,$5008,$2829,$1652,$-0,$4928,$9936,$291,$1085,$433,$1518,$-84,$-1,$-85,$-208,$-377,$1431,$-1253,$0,$0,$0,$0,$0,$34,$-1218,$-396,$0,$-396,$0,$0,$-132,$36,$-492,$-279,$0,$-132
8,2016-09-30,11.98,$10.81,1.11,$9.02,1.33,$-0.46,0.0,$0.49,24.44,$2.84B,$1.93B,1.47,$2.11B,$5.24B,0.4,$4.36B,$2.05B,46.94%,$4.36B,$0.46B,10.65%,$4.36B,$0.46B,10.65%,$4.36B,$1.64B,37.71%,$4.36B,$0.32B,7.30%,$4.36B,$0.24B,5.39%,$0.24B,$5.24B,4.82%,$0.24B,$1.98B,12.30%,$0.24B,$10.13B,2.42%,$0.46B,$7.34B,6.73%,$1203,$595,$608,$0,$463,$1100,$103,$-23,$80,$23,$57,$57,$57,$437,$103,$484,484,$0.12,$0.12,$1304,$54,$492,$2840,$3201,$48,$3251,$760,$7290,$10130,$1928,$2109,$494,$2968,$4896,$3044,$119,$-1,$5235,$10130,$162,$865,$331,$1196,$-57,$-10,$-281,$-300,$-648,$711,$-830,$0,$0,$0,$33,$33,$-2,$-799,$-560,$0,$-560,$0,$0,$-142,$60,$-642,$-730,$0,$-142
9,2016-06-30,10.32,$9.89,1.04,$8.95,1.15,$0.44,23.63,$0.58,17.8,$2.56B,$1.69B,1.52,$2.00B,$4.79B,0.42,$4.32B,$2.03B,46.87%,$4.32B,$0.56B,12.88%,$4.32B,$0.56B,12.88%,$4.32B,$1.58B,36.53%,$4.32B,$0.39B,9.11%,$4.32B,$0.28B,6.45%,$0.28B,$4.79B,5.85%,$0.28B,$1.85B,14.50%,$0.28B,$9.26B,2.91%,$0.56B,$6.79B,8.41%,$1091,$573,$518,$0,$406,$1008,$83,$-47,$36,$14,$21,$21,$21,$380,$83,$485,483,$0.04,$0.04,$1088,$49,$457,$2562,$2960,$45,$2941,$703,$6694,$9256,$1686,$2001,$433,$2779,$4465,$2818,$58,$-1,$4791,$9256,$76,$531,$198,$730,$-5,$-9,$-359,$-318,$-691,$115,$-448,$0,$0,$0,$31,$31,$-2,$-419,$-439,$0,$-439,$0,$0,$-131,$79,$-491,$-795,$0,$-131
10,2016-03-31,10.54,$8.86,1.19,$9.60,1.1,$1.84,5.73,$1.16,9.08,$2.60B,$1.84B,1.41,$1.79B,$4.29B,0.42,$4.65B,$2.20B,47.34%,$4.65B,$0.89B,19.04%,$4.65B,$0.89B,19.04%,$4.65B,$1.86B,40.01%,$4.65B,$0.79B,16.95%,$4.65B,$0.56B,12.05%,$0.56B,$4.29B,11.37%,$0.56B,$1.68B,27.81%,$0.56B,$8.59B,5.60%,$0.89B,$6.08B,13.15%,$991,$501,$490,$0,$394,$936,$54,$-18,$37,$4,$33,$33,$33,$288,$54,$484,484,$0.07,$0.07,$1127,$47,$463,$2600,$2655,$0,$2610,$708,$5985,$8585,$1839,$1785,$367,$2456,$4296,$2536,$33,$-4,$4289,$8585,$37,$234,$89,$322,$-7,$-10,$-320,$-229,$-566,$-207,$-180,$0,$0,$0,$14,$14,$-2,$-169,$-195,$0,$-195,$-0,$-0,$-0,$-10,$-205,$-581,$0,$-0
11,2015-12-31,8.08,$0.00,0.0,$10.65,0.76,$1.45,5.57,$1.30,6.21,$3.67B,$2.64B,1.39,$2.19B,$5.17B,0.42,$5.16B,$2.62B,50.86%,$5.16B,$0.92B,17.77%,$5.16B,$0.92B,17.77%,$5.16B,$1.94B,37.68%,$5.16B,$0.91B,17.64%,$5.16B,$0.63B,12.21%,$0.63B,$5.17B,12.05%,$0.63B,$2.13B,29.47%,$0.63B,$10.81B,5.90%,$0.92B,$7.36B,12.92%,$1072,$643,$429,$0,$545,$848,$224,$-23,$165,$47,$119,$124,$124,$538,$224,$480,480,$0.26,$0.26,$2231,$43,$527,$3674,$8221,$150,$3041,$683,$12099,$10809,$2643,$2192,$431,$2996,$5639,$3012,$0,$0,$5170,$10809,$910,$1026,$0,$1026,$0,$0,$0,$0,$-724,$1306,$-692,$0,$0,$0,$0,$0,$-170,$-862,$0,$0,$-137,$0,$-0,$-110,$68,$-179,$265,$0,$0
12,2015-09-30,9.0,$0.00,0.0,$12.20,0.74,$-0.17,0.0,$1.38,6.52,$2.96B,$2.07B,1.43,$1.43B,$4.84B,0.3,$5.92B,$5.83B,98.60%,$5.92B,$0.79B,13.27%,$5.92B,$0.79B,13.27%,$5.92B,$1.81B,30.56%,$5.92B,$1.01B,16.99%,$5.92B,$0.67B,11.31%,$0.67B,$4.84B,12.01%,$0.67B,$2.04B,29.78%,$0.67B,$9.69B,5.84%,$0.79B,$6.27B,10.50%,$1169,$580,$589,$0,$369,$973,$196,$-48,$156,$54,$102,$101,$101,$373,$196,$484,484,$0.21,$0.21,$1499,$46,$149,$2957,$0,$221,$2800,$595,$3828,$9690,$2069,$1434,$833,$2783,$4852,$2820,$456,$0,$4838,$9690,$662,$713,$0,$713,$0,$0,$0,$0,$-832,$545,$-231,$0,$0,$0,$0,$0,$-124,$-355,$0,$0,$-397,$0,$0,$-103,$74,$-426,$-236,$0,$0
13,2015-06-30,15.59,$0.00,0.0,$13.79,1.13,$-0.97,0.0,$1.46,10.68,$3.55B,$2.38B,1.49,$1.81B,$5.40B,0.33,$6.68B,$6.07B,90.75%,$6.68B,$0.63B,9.47%,$6.68B,$0.63B,9.47%,$6.68B,$1.81B,27.01%,$6.68B,$1.07B,15.98%,$6.68B,$0.71B,10.58%,$0.71B,$5.40B,11.70%,$0.71B,$2.21B,26.10%,$0.71B,$10.95B,5.76%,$0.63B,$7.20B,7.76%,$1417,$724,$693,$0,$252,$1006,$411,$17,$430,$128,$302,$302,$302,$661,$411,$488,488,$0.62,$0.62,$1615,$107,$276,$3551,$0,$154,$3187,$667,$4243,$10946,$2380,$1805,$893,$3170,$5549,$3214,$404,$0,$5396,$10946,$174,$536,$0,$536,$0,$0,$0,$0,$0,$1023,$-675,$0,$0,$0,$0,$0,$605,$-70,$0,$0,$0,$0,$0,$-117,$-114,$-232,$-127,$0,$0
14,2015-03-31,15.57,$0.00,0.0,$15.37,1.01,$-2.60,0.0,$1.18,13.19,$3.58B,$2.66B,1.35,$2.04B,$5.51B,0.37,$7.43B,$6.45B,86.75%,$7.43B,$0.50B,6.73%,$7.43B,$0.50B,6.73%,$7.43B,$1.78B,23.96%,$7.43B,$0.86B,11.61%,$7.43B,$0.57B,7.68%,$0.57B,$5.51B,8.98%,$0.57B,$2.17B,18.38%,$0.57B,$11.25B,4.45%,$0.50B,$7.55B,5.81%,$1501,$589,$913,$0,$541,$1415,$86,$-27,$159,$49,$110,$103,$103,$372,$86,$484,484,$0.21,$0.21,$1289,$136,$413,$3582,$0,$207,$3331,$678,$4523,$11249,$2656,$2042,$847,$3087,$5743,$3474,$1449,$0,$5506,$11249,$159,$286,$0,$286,$0,$0,$0,$0,$-811,$-256,$-320,$0,$0,$0,$0,$0,$-5,$-325,$0,$0,$-114,$0,$0,$-0,$103,$-11,$-593,$0,$0
15,2014-12-31,20.85,$0.00,0.0,$16.62,1.25,$-2.84,0.0,$1.31,15.92,$4.78B,$3.90B,1.23,$2.34B,$6.55B,0.36,$8.04B,$6.61B,82.25%,$8.04B,$0.77B,9.57%,$8.04B,$0.77B,9.57%,$8.04B,$2.07B,25.80%,$8.04B,$0.94B,11.67%,$8.04B,$0.64B,7.90%,$0.64B,$6.55B,9.66%,$0.64B,$2.56B,18.36%,$0.64B,$13.97B,4.92%,$0.77B,$8.89B,8.84%,$1829,$-1809,$3638,$0,$2242,$1737,$92,$-52,$260,$75,$185,$163,$163,$402,$92,$484,484,$0.34,$0.34,$2256,$113,$894,$4775,$0,$215,$3984,$807,$5386,$13971,$3898,$2339,$981,$3525,$7424,$4216,$1758,$0,$6547,$13971,$937,$1304,$0,$1304,$0,$0,$0,$0,$-47,$2752,$-2918,$0,$0,$0,$0,$0,$-14,$-2933,$0,$0,$563,$0,$11,$-357,$-60,$157,$-23,$0,$0
16,2014-09-30,24.6,$0.00,0.0,$17.32,1.42,$-0.85,0.0,$1.40,17.57,$5.03B,$3.14B,1.6,$2.27B,$6.72B,0.34,$8.38B,$2.73B,32.61%,$8.38B,$0.89B,10.67%,$8.38B,$0.89B,10.67%,$8.38B,$2.28B,27.27%,$8.38B,$0.98B,11.69%,$8.38B,$0.68B,8.12%,$0.68B,$6.72B,10.25%,$0.68B,$3.89B,18.05%,$0.68B,$12.95B,5.36%,$0.89B,$8.99B,10.37%,$1936,$1116,$821,$0,$776,$1892,$44,$-33,$219,$65,$154,$139,$139,$370,$44,$483,483,$0.29,$0.29,$2410,$135,$974,$5034,$0,$151,$2835,$806,$4212,$12954,$3140,$2269,$638,$3092,$6231,$4355,$480,$0,$6723,$12954,$683,$994,$0,$994,$0,$0,$0,$0,$-1026,$1078,$-1152,$0,$0,$0,$0,$-6,$-3,$-1160,$0,$0,$556,$0,$8,$-369,$-51,$144,$62,$0,$0
17,2014-06-30,27.25,$0.00,0.0,$18.14,1.5,$-1.16,0.0,$1.41,19.33,$5.27B,$3.31B,1.59,$2.34B,$6.67B,0.35,$8.77B,$3.02B,34.41%,$8.77B,$1.20B,13.67%,$8.77B,$1.20B,13.67%,$8.77B,$2.50B,28.54%,$8.77B,$0.97B,11.00%,$8.77B,$0.69B,7.81%,$0.69B,$6.67B,10.48%,$0.69B,$3.80B,18.65%,$0.69B,$13.14B,5.55%,$1.20B,$9.02B,14.29%,$2166,$1090,$1075,$0,$797,$1887,$278,$-33,$225,$61,$164,$166,$166,$637,$278,$483,483,$0.34,$0.34,$2400,$164,$1078,$5273,$0,$86,$2873,$777,$4171,$13139,$3311,$2343,$660,$3156,$6467,$4421,$1371,$0,$6672,$13139,$473,$668,$0,$668,$0,$0,$0,$0,$-1116,$298,$-740,$0,$0,$0,$0,$-5,$-3,$-748,$0,$0,$690,$0,$0,$-186,$-37,$467,$17,$0,$0
18,2014-03-31,24.03,$0.00,0.0,$18.14,1.32,$-1.95,0.0,$1.42,16.92,$4.27B,$2.92B,1.46,$1.56B,$6.35B,0.25,$8.77B,$3.03B,34.50%,$8.77B,$0.96B,10.94%,$8.77B,$0.96B,10.94%,$8.77B,$2.22B,25.32%,$8.77B,$0.99B,11.32%,$8.77B,$0.69B,7.84%,$0.69B,$6.35B,10.45%,$0.69B,$3.58B,18.69%,$0.69B,$11.57B,5.65%,$0.96B,$7.91B,11.55%,$2108,$1030,$1078,$0,$723,$1753,$355,$-7,$234,$76,$158,$167,$167,$665,$355,$483,484,$0.35,$0.34,$1544,$140,$1094,$4267,$0,$93,$2766,$621,$3915,$11572,$2924,$1560,$593,$2300,$5224,$4173,$158,$0,$6348,$11572,$234,$310,$0,$310,$0,$0,$0,$0,$-1100,$-436,$-257,$0,$0,$0,$0,$-3,$-3,$-263,$0,$0,$-12,$0,$0,$-0,$4,$-8,$-708,$0,$0
19,2013-12-31,24.29,$0.00,0.0,$18.64,1.3,$-2.25,0.0,$1.40,17.35,$5.01B,$3.75B,1.34,$1.76B,$6.80B,0.26,$9.02B,$3.97B,44.04%,$9.02B,$0.87B,9.61%,$9.02B,$0.87B,9.61%,$9.02B,$2.16B,23.93%,$9.02B,$1.00B,11.05%,$9.02B,$0.67B,7.48%,$0.67B,$6.80B,9.96%,$0.67B,$3.80B,17.69%,$0.67B,$13.12B,5.40%,$0.87B,$8.56B,10.13%,$2165,$2408,$-243,$0,$206,$1948,$217,$-48,$301,$78,$223,$208,$208,$612,$217,$483,484,$0.43,$0.43,$2470,$138,$588,$5006,$0,$123,$3000,$664,$4283,$13115,$3751,$1762,$642,$2561,$6313,$4586,$0,$0,$6803,$13115,$996,$1290,$0,$1290,$0,$0,$0,$0,$-350,$2456,$-1658,$0,$0,$0,$0,$-3,$-1,$-1663,$0,$-70,$0,$0,$-0,$-343,$19,$-394,$400,$0,$0
20,2013-09-30,21.82,$0.00,0.0,$20.04,1.09,$-2.50,0.0,$1.51,14.45,$4.25B,$2.77B,1.53,$1.74B,$6.33B,0.28,$9.44B,$6.43B,68.09%,$9.44B,$1.13B,11.93%,$9.44B,$1.13B,11.93%,$9.44B,$2.43B,25.74%,$9.44B,$1.03B,10.95%,$9.44B,$0.70B,7.46%,$0.70B,$6.33B,10.28%,$0.70B,$3.51B,18.20%,$0.70B,$11.53B,5.61%,$1.13B,$8.07B,13.05%,$2331,$1223,$1108,$0,$759,$1982,$349,$-40,$205,$67,$138,$144,$144,$589,$349,$483,483,$0.30,$0.30,$1464,$174,$234,$4250,$0,$87,$2821,$472,$3856,$11534,$2772,$1744,$581,$2435,$5207,$4310,$441,$0,$6327,$11534,$640,$896,$0,$896,$0,$0,$0,$0,$-929,$881,$-1102,$0,$0,$0,$0,$69,$-1,$-1034,$0,$-31,$0,$0,$0,$-322,$27,$-326,$-479,$0,$0
21,2013-06-30,17.22,$0.00,0.0,$20.05,0.86,$-2.56,0.0,$1.54,11.18,$4.49B,$3.02B,1.49,$1.84B,$6.86B,0.27,$9.44B,$7.31B,77.44%,$9.44B,$1.05B,11.08%,$9.44B,$1.05B,11.08%,$9.44B,$2.41B,25.53%,$9.44B,$1.08B,11.47%,$9.44B,$0.72B,7.60%,$0.72B,$6.86B,10.31%,$0.72B,$3.83B,18.07%,$0.72B,$12.52B,5.70%,$1.05B,$8.71B,12.18%,$2168,$1085,$1083,$0,$718,$2129,$39,$-20,$253,$65,$187,$169,$169,$355,$39,$483,483,$0.35,$0.35,$1290,$186,$859,$4492,$0,$98,$3029,$675,$4360,$12521,$3015,$1842,$689,$2645,$5659,$4779,$336,$0,$6862,$12521,$482,$656,$0,$656,$0,$0,$0,$0,$-1387,$-55,$-773,$0,$0,$0,$0,$48,$-0,$-725,$0,$52,$0,$0,$0,$-177,$-15,$-139,$-920,$0,$0
22,2013-03-31,19.88,$0.00,0.0,$20.15,0.99,$-2.11,0.0,$1.54,12.91,$4.71B,$3.07B,1.53,$1.75B,$7.09B,0.25,$9.49B,$8.12B,85.58%,$9.49B,$1.18B,12.38%,$9.49B,$1.18B,12.38%,$9.49B,$2.53B,26.64%,$9.49B,$1.08B,11.37%,$9.49B,$0.72B,7.56%,$0.72B,$7.09B,10.31%,$0.72B,$4.10B,18.06%,$0.72B,$12.74B,5.82%,$1.18B,$8.84B,13.91%,$2351,$329,$2022,$0,$1421,$2090,$261,$-34,$237,$84,$153,$153,$153,$601,$261,$484,484,$0.32,$0.32,$1441,$169,$1132,$4713,$0,$46,$2990,$675,$4330,$12742,$3073,$1753,$720,$2581,$5654,$4932,$0,$0,$7088,$12742,$237,$341,$0,$341,$0,$0,$0,$0,$-1290,$-600,$-236,$0,$0,$0,$0,$0,$27,$-209,$0,$0,$-14,$0,$0,$-0,$-8,$-22,$-831,$0,$0
23,2012-12-31,18.01,$0.00,0.0,$20.19,0.89,$-2.08,0.0,$1.52,11.85,$5.13B,$3.80B,1.35,$1.77B,$7.12B,0.25,$9.51B,$8.17B,85.90%,$9.51B,$1.05B,11.00%,$9.51B,$1.05B,11.00%,$9.51B,$2.43B,25.56%,$9.51B,$1.11B,11.65%,$9.51B,$0.71B,7.48%,$0.71B,$7.12B,10.08%,$0.71B,$4.04B,17.73%,$0.71B,$13.40B,5.76%,$1.05B,$8.89B,12.35%,$2587,$374,$2213,$0,$1389,$2110,$477,$-16,$338,$84,$254,$238,$238,$884,$477,$441,441,$0.54,$0.54,$2335,$139,$779,$5131,$0,$55,$3083,$632,$4377,$13403,$3797,$1770,$651,$2485,$6282,$5066,$0,$0,$7121,$13403,$1109,$1384,$0,$1384,$0,$0,$0,$0,$-283,$2556,$-1938,$0,$0,$0,$0,$81,$18,$-1839,$0,$0,$191,$0,$0,$-269,$-38,$-116,$601,$0,$0
24,2012-09-30,17.47,$0.00,0.0,$20.02,0.87,$-2.07,0.0,$1.47,11.88,$3.86B,$3.03B,1.27,$1.16B,$6.75B,0.17,$9.66B,$8.39B,86.86%,$9.66B,$1.05B,10.90%,$9.66B,$1.05B,10.90%,$9.66B,$2.38B,24.67%,$9.66B,$1.10B,11.35%,$9.66B,$0.71B,7.34%,$0.71B,$6.75B,9.82%,$0.71B,$3.90B,17.38%,$0.71B,$11.62B,5.67%,$1.05B,$7.91B,12.26%,$2333,$341,$1992,$0,$1398,$2064,$269,$-14,$255,$98,$157,$157,$157,$570,$269,$483,483,$0.33,$0.33,$1017,$161,$727,$3859,$0,$49,$2856,$725,$4285,$11620,$3029,$1155,$620,$1836,$4866,$4862,$465,$0,$6754,$11620,$728,$977,$0,$977,$0,$0,$0,$0,$-1045,$921,$-1172,$0,$0,$0,$0,$57,$13,$-1102,$0,$0,$-185,$0,$0,$-257,$-29,$-470,$-651,$0,$0
25,2012-06-30,24.96,$0.00,0.0,$21.27,1.17,$-1.34,0.0,$1.58,15.8,$3.49B,$2.70B,1.29,$1.31B,$6.84B,0.19,$10.02B,$8.72B,87.05%,$10.02B,$1.10B,10.97%,$10.02B,$1.10B,10.97%,$10.02B,$2.51B,25.04%,$10.02B,$1.12B,11.18%,$10.02B,$0.75B,7.46%,$0.75B,$6.84B,10.30%,$0.75B,$3.85B,18.03%,$0.75B,$11.54B,5.88%,$1.10B,$8.16B,12.58%,$2217,$324,$1893,$0,$1385,$2049,$168,$-33,$249,$72,$178,$169,$169,$473,$168,$483,483,$0.35,$0.35,$680,$161,$823,$3488,$0,$100,$2996,$740,$4540,$11541,$2702,$1312,$622,$1995,$4697,$5043,$1604,$0,$6844,$11541,$490,$677,$0,$677,$0,$0,$0,$0,$-1129,$206,$-820,$0,$0,$0,$0,$46,$8,$-766,$0,$0,$-157,$0,$0,$-266,$-22,$-445,$-1006,$0,$0
26,2012-03-31,29.09,$0.00,0.0,$23.18,1.26,$-0.73,0.0,$1.77,16.48,$4.21B,$3.14B,1.34,$1.44B,$7.50B,0.19,$10.51B,$9.16B,87.23%,$10.51B,$1.30B,12.36%,$10.51B,$1.30B,12.36%,$10.51B,$2.80B,26.68%,$10.51B,$1.18B,11.19%,$10.51B,$0.80B,7.62%,$0.80B,$7.50B,11.04%,$0.80B,$4.26B,19.12%,$0.80B,$12.79B,6.25%,$1.30B,$8.94B,14.77%,$2374,$302,$2072,$0,$1567,$2242,$132,$-24,$266,$110,$157,$147,$147,$504,$132,$484,484,$0.30,$0.30,$1043,$214,$1020,$4210,$0,$36,$3244,$764,$4869,$12793,$3136,$1437,$658,$2158,$5294,$5575,$157,$0,$7499,$12793,$266,$372,$0,$372,$0,$0,$0,$0,$-1234,$-511,$-307,$0,$0,$0,$0,$35,$0,$-270,$0,$0,$-51,$0,$0,$-0,$-12,$-63,$-844,$0,$0
27,2011-12-31,23.27,$0.00,0.0,$24.01,0.97,$0.01,0.0,$1.79,12.98,$4.98B,$4.08B,1.22,$1.54B,$7.78B,0.2,$10.52B,$9.28B,88.21%,$10.52B,$1.51B,14.36%,$10.52B,$1.51B,14.36%,$10.52B,$3.05B,29.03%,$10.52B,$1.10B,10.46%,$10.52B,$0.79B,7.50%,$0.79B,$7.78B,11.35%,$0.79B,$4.32B,19.56%,$0.79B,$14.08B,6.35%,$1.51B,$9.33B,17.88%,$2731,$302,$2429,$0,$1593,$2248,$483,$-55,$326,$97,$229,$236,$236,$835,$483,$480,480,$0.49,$0.49,$1995,$164,$846,$4978,$0,$55,$3469,$705,$5122,$14079,$4082,$1544,$624,$2214,$6296,$5911,$1643,$0,$7783,$14079,$1098,$1544,$0,$1544,$0,$0,$0,$0,$-559,$2481,$-1804,$0,$-907,$0,$0,$0,$131,$-2580,$0,$0,$-28,$0,$-2,$-292,$954,$632,$533,$0,$0
28,2011-09-30,21.25,$0.00,0.0,$23.96,0.89,$0.17,125.21,$4.01,5.29,$4.36B,$3.17B,1.38,$1.64B,$6.90B,0.24,$10.14B,$9.19B,90.62%,$10.14B,$1.36B,13.41%,$10.14B,$1.36B,13.41%,$10.14B,$3.11B,30.65%,$10.14B,$1.08B,10.69%,$10.14B,$1.68B,16.59%,$1.68B,$6.90B,25.96%,$1.68B,$4.16B,44.51%,$1.68B,$12.40B,14.41%,$1.36B,$8.54B,17.19%,$2697,$369,$2328,$0,$1617,$2381,$316,$-38,$279,$83,$195,$195,$195,$697,$316,$443,443,$0.44,$0.44,$1319,$218,$881,$4363,$0,$43,$2741,$678,$4418,$12400,$3174,$1640,$641,$2330,$5504,$5038,$1626,$0,$6897,$12400,$774,$1192,$0,$1192,$0,$0,$0,$0,$-993,$1236,$-1143,$0,$0,$0,$0,$87,$-0,$-1056,$0,$0,$467,$0,$-2,$-300,$-497,$-332,$-152,$0,$0
29,2011-06-30,44.38,$0.00,0.0,$22.93,1.94,$-0.03,0.0,$3.75,11.84,$3.87B,$2.81B,1.38,$1.53B,$6.82B,0.22,$9.54B,$8.73B,91.58%,$9.54B,$1.19B,12.49%,$9.54B,$1.19B,12.49%,$9.54B,$2.96B,31.03%,$9.54B,$0.92B,9.62%,$9.54B,$1.56B,16.35%,$1.56B,$6.82B,26.04%,$1.56B,$4.01B,46.32%,$1.56B,$11.90B,14.37%,$1.19B,$8.34B,16.19%,$2703,$369,$2334,$0,$1585,$2336,$367,$-28,$305,$85,$220,$222,$222,$767,$367,$416,416,$0.54,$0.54,$819,$219,$984,$3874,$0,$15,$2805,$643,$4483,$11898,$2809,$1525,$697,$2272,$5081,$5123,$1455,$0,$6817,$11898,$504,$811,$0,$811,$0,$0,$0,$0,$-1118,$361,$-636,$0,$0,$0,$0,$64,$-2,$-573,$0,$0,$191,$0,$0,$-305,$-351,$-465,$-677,$0,$0
30,2011-03-31,38.32,$0.00,0.0,$21.16,1.81,$-0.05,0.0,$3.35,11.44,$3.67B,$3.03B,1.21,$1.28B,$6.32B,0.2,$8.80B,$8.17B,92.81%,$8.80B,$0.93B,10.56%,$8.80B,$0.93B,10.56%,$8.80B,$2.68B,30.42%,$8.80B,$0.70B,7.92%,$8.80B,$1.39B,15.83%,$1.39B,$6.32B,25.48%,$1.39B,$3.66B,47.44%,$1.39B,$11.33B,13.66%,$0.93B,$7.60B,13.63%,$2390,$200,$2190,$0,$1435,$2045,$345,$-20,$191,$62,$128,$136,$136,$755,$345,$416,416,$0.33,$0.33,$958,$182,$891,$3673,$0,$20,$2665,$604,$4307,$11332,$3034,$1275,$654,$1978,$5012,$4898,$1184,$0,$6320,$11332,$191,$410,$0,$410,$0,$0,$0,$0,$-1291,$-636,$239,$0,$37,$0,$0,$0,$0,$276,$0,$0,$0,$0,$0,$-0,$-118,$-118,$-479,$0,$0
31,2010-12-31,29.97,$0.00,0.0,$19.90,1.51,$0.97,30.93,$3.06,9.79,$3.67B,$3.25B,1.13,$1.30B,$5.88B,0.22,$8.28B,$7.69B,92.93%,$8.28B,$0.71B,8.57%,$8.28B,$0.71B,8.57%,$8.28B,$2.42B,29.22%,$8.28B,$0.54B,6.57%,$8.28B,$1.27B,15.39%,$1.27B,$5.88B,25.22%,$1.27B,$3.29B,49.58%,$1.27B,$11.06B,13.18%,$0.71B,$7.18B,10.99%,$2351,$13,$2338,$0,$1429,$2019,$332,$-29,$309,$-808,$1117,$1129,$1129,$889,$332,$416,416,$2.71,$2.71,$1367,$131,$602,$3669,$0,$8,$2590,$456,$4043,$11061,$3250,$1300,$624,$1929,$5179,$4652,$1002,$0,$5880,$11061,$545,$1709,$0,$1709,$0,$0,$0,$0,$-789,$1651,$-996,$0,$0,$0,$0,$158,$0,$-838,$0,$0,$-719,$0,$0,$-115,$0,$-834,$-21,$0,$0
32,2010-09-30,28.97,$0.00,0.0,$14.25,2.03,$-0.61,0.0,$0.35,82.54,$3.19B,$2.30B,1.39,$1.39B,$4.93B,0.28,$7.87B,$7.16B,91.07%,$7.87B,$0.55B,6.94%,$7.87B,$0.55B,6.94%,$7.87B,$1.96B,24.95%,$7.87B,$0.37B,4.72%,$7.87B,$0.30B,3.81%,$0.30B,$4.93B,6.47%,$0.30B,$2.50B,13.43%,$0.30B,$9.09B,3.29%,$0.55B,$6.31B,9.01%,$2093,$221,$1872,$0,$1342,$1946,$147,$-35,$112,$41,$72,$72,$72,$548,$147,$415,415,$0.17,$0.17,$790,$128,$733,$3194,$0,$23,$2425,$405,$2990,$9090,$2295,$1386,$482,$1867,$4163,$4676,$172,$0,$4927,$9090,$147,$1152,$0,$1152,$0,$0,$0,$0,$-767,$831,$-828,$0,$0,$0,$0,$132,$0,$-696,$0,$0,$249,$0,$0,$-115,$-876,$-743,$-608,$0,$0
33,2010-06-30,23.83,$0.00,0.0,$13.92,1.71,$0.62,38.43,$0.26,91.05,$3.43B,$2.66B,1.29,$1.43B,$4.74B,0.3,$7.63B,$6.97B,91.34%,$7.63B,$0.52B,6.77%,$7.63B,$0.52B,6.77%,$7.63B,$1.96B,25.66%,$7.63B,$0.28B,3.63%,$7.63B,$0.26B,3.43%,$0.26B,$4.74B,5.90%,$0.26B,$2.30B,12.75%,$0.26B,$9.30B,2.98%,$0.52B,$6.17B,8.93%,$1964,$199,$1765,$0,$1283,$1859,$105,$-35,$85,$28,$57,$56,$56,$484,$105,$416,416,$0.14,$0.14,$987,$128,$827,$3427,$0,$27,$2442,$371,$2993,$9300,$2664,$1433,$463,$1896,$4561,$4568,$89,$0,$4739,$9300,$74,$751,$0,$751,$0,$0,$0,$0,$-738,$292,$-572,$0,$0,$0,$0,$110,$0,$-461,$0,$0,$-125,$0,$0,$-113,$0,$-237,$-407,$0,$0
34,2010-03-31,23.98,$0.00,0.0,$13.69,1.75,$1.69,14.23,$0.11,223.88,$3.26B,$2.71B,1.2,$1.48B,$4.66B,0.32,$7.44B,$6.75B,90.76%,$7.44B,$0.63B,8.46%,$7.44B,$0.63B,8.46%,$7.44B,$2.04B,27.37%,$7.44B,$0.20B,2.73%,$7.44B,$0.20B,2.66%,$0.20B,$4.66B,4.74%,$0.20B,$2.19B,10.65%,$0.20B,$9.21B,2.41%,$0.63B,$6.13B,11.51%,$1868,$152,$1716,$0,$1219,$1744,$125,$-41,$38,$22,$17,$17,$17,$497,$125,$416,416,$0.04,$0.04,$879,$154,$924,$3259,$0,$26,$2470,$333,$2996,$9208,$2713,$1477,$361,$1838,$4551,$4544,$105,$0,$4657,$9208,$17,$372,$0,$372,$0,$0,$0,$0,$-472,$493,$-468,$0,$0,$0,$0,$91,$0,$-376,$0,$0,$0,$0,$0,$-0,$-151,$-151,$-506,$0,$0
35,2009-12-31,25.66,$0.00,0.0,$12.50,2.05,$1.44,17.81,$-0.10,0.0,$3.44B,$2.92B,1.18,$1.39B,$4.23B,0.33,$6.87B,$6.20B,90.16%,$6.87B,$0.48B,7.04%,$6.87B,$0.48B,7.04%,$6.87B,$1.80B,26.15%,$6.87B,$0.12B,1.76%,$6.87B,$0.12B,1.73%,$0.12B,$4.23B,3.10%,$0.12B,$1.95B,7.25%,$0.12B,$8.87B,1.59%,$0.48B,$5.62B,9.66%,$1940,$129,$1810,$0,$1281,$1771,$169,$-33,$136,$-19,$155,$155,$155,$433,$169,$0,0,$0.00,$0.00,$1326,$207,$646,$3439,$0,$23,$2284,$260,$2724,$8870,$2916,$1394,$329,$1723,$4639,$4142,$80,$0,$4230,$8870,$109,$1313,$0,$1313,$0,$0,$0,$0,$-478,$1270,$-992,$0,$0,$0,$0,$-30,$-261,$-1284,$0,$0,$940,$0,$263,$-85,$-656,$461,$448,$0,$0
36,2009-09-30,21.25,$0.00,0.0,$16.27,1.31,$2.93,7.25,$0.04,509.54,$2.70B,$2.29B,1.18,$1.09B,$4.13B,0.26,$6.44B,$6.93B,107.74%,$6.44B,$1.15B,17.88%,$6.44B,$1.15B,17.88%,$6.44B,$2.20B,34.18%,$6.44B,$0.08B,1.21%,$6.44B,$0.09B,1.41%,$0.09B,$4.13B,2.35%,$0.09B,$1.79B,5.87%,$0.09B,$7.79B,1.21%,$1.15B,$5.22B,23.12%,$1859,$180,$1679,$0,$1205,$1741,$118,$-33,$18,$-15,$33,$34,$34,$544,$118,$395,395,$0.08,$0.08,$549,$213,$634,$2702,$0,$20,$2345,$212,$2702,$7794,$2285,$1085,$290,$1375,$3660,$4099,$26,$0,$4134,$7794,$-53,$1049,$0,$1049,$0,$0,$0,$0,$-746,$1319,$-832,$0,$0,$0,$0,$24,$0,$-808,$0,$0,$10,$0,$0,$-90,$0,$-80,$-315,$0,$0
37,2009-06-30,15.06,$0.00,0.0,$20.44,0.74,$1.70,8.86,$0.02,841.06,$2.33B,$1.85B,1.26,$1.20B,$3.69B,0.32,$6.61B,$7.06B,106.81%,$6.61B,$1.14B,17.21%,$6.61B,$1.14B,17.21%,$6.61B,$1.76B,26.63%,$6.61B,$0.10B,1.48%,$6.61B,$0.07B,1.07%,$0.07B,$3.69B,1.78%,$0.07B,$1.52B,4.62%,$0.07B,$7.02B,0.90%,$1.14B,$4.88B,22.35%,$1772,$226,$1547,$0,$1016,$1555,$217,$-32,$11,$18,$-7,$-8,$-8,$562,$217,$395,395,$-0.02,$-0.02,$386,$212,$534,$2327,$0,$36,$2173,$214,$2540,$7020,$1848,$1195,$287,$1482,$3330,$3690,$-8,$0,$3690,$7020,$-77,$623,$0,$623,$0,$0,$0,$0,$-602,$748,$-593,$0,$0,$0,$0,$19,$0,$-573,$0,$0,$137,$0,$0,$-81,$0,$56,$-372,$0,$0
38,2009-03-31,10.26,$0.00,0.0,$21.51,0.48,$-2.00,0.0,$-0.02,0.0,$1.87B,$1.64B,1.14,$1.00B,$3.32B,0.3,$6.76B,$6.59B,97.47%,$6.76B,$0.18B,2.62%,$6.76B,$0.18B,2.62%,$6.76B,$0.46B,6.73%,$6.76B,$0.08B,1.12%,$6.76B,$0.06B,0.86%,$0.06B,$3.32B,1.37%,$0.06B,$1.32B,3.68%,$0.06B,$6.19B,0.69%,$0.18B,$4.32B,3.35%,$1301,$141,$1160,$0,$902,$1321,$-20,$-30,$-44,$19,$-63,$-62,$-62,$258,$-20,$394,394,$-0.16,$-0.16,$202,$187,$496,$1867,$0,$58,$2002,$174,$2342,$6191,$1638,$1001,$232,$1233,$2871,$3305,$-1,$0,$3319,$6191,$-63,$278,$0,$278,$0,$0,$0,$0,$-480,$313,$-386,$0,$0,$0,$0,$15,$0,$-371,$0,$0,$69,$0,$0,$-0,$0,$69,$-469,$0,$0
39,2008-12-31,10.32,$0.00,0.0,$23.16,0.45,$-1.81,0.0,$-0.04,0.0,$3.25B,$3.28B,0.99,$1.15B,$4.34B,0.27,$7.19B,$6.40B,89.11%,$7.19B,$0.17B,2.39%,$7.19B,$0.17B,2.39%,$7.19B,$0.17B,2.39%,$7.19B,$0.07B,0.90%,$7.19B,$0.06B,0.81%,$0.06B,$4.34B,1.29%,$0.06B,$1.57B,2.75%,$0.06B,$9.05B,0.66%,$0.17B,$5.49B,3.13%,$1504,$-1044,$2548,$0,$1435,$669,$836,$-77,$93,$-77,$170,$127,$127,$836,$836,$399,399,$0.14,$0.14,$866,$306,$611,$3251,$0,$6,$2767,$289,$3123,$9049,$3276,$1151,$280,$1432,$4708,$4242,$0,$0,$4341,$9049,$100,$1342,$0,$1342,$0,$0,$0,$0,$-192,$1772,$-1178,$0,$0,$0,$0,$68,$-738,$-1848,$0,$0,$422,$0,$0,$-116,$0,$306,$231,$0,$0
40,2008-09-30,17.24,$0.00,0.0,$24.42,0.71,$0.13,132.72,$0.12,144.88,$3.13B,$3.23B,0.97,$1.03B,$4.62B,0.22,$7.58B,$5.55B,73.19%,$7.58B,$-0.47B,-6.13%,$7.58B,$-0.47B,-6.13%,$7.58B,$-0.17B,-2.18%,$7.58B,$0.10B,1.36%,$7.58B,$0.04B,0.57%,$0.04B,$4.62B,0.98%,$0.04B,$1.74B,1.72%,$0.04B,$9.18B,0.51%,$-0.47B,$5.65B,-8.79%,$2031,$229,$1803,$0,$1325,$1927,$104,$-67,$38,$24,$14,$14,$14,$104,$104,$229,229,$0.06,$0.06,$824,$202,$495,$3125,$0,$9,$2883,$233,$3221,$9179,$3231,$1026,$299,$1325,$4556,$0,$85,$0,$4623,$9179,$0,$0,$0,$0,$0,$0,$0,$0,$0,$0,$0,$0,$0,$0,$0,$0,$0,$0,$0,$0,$0,$0,$0,$0,$0,$0,$0,$0,$0
41,2008-06-30,23.5,$0.00,0.0,$15.54,1.51,$0.13,180.88,$0.06,394.9,$2.90B,$3.07B,0.95,$1.04B,$4.60B,0.23,$7.20B,$5.18B,71.90%,$7.20B,$-0.58B,-8.08%,$7.20B,$-0.58B,-8.08%,$7.20B,$0.04B,0.50%,$7.20B,$0.01B,0.07%,$7.20B,$-0.04B,-0.49%,$-0.04B,$4.60B,-0.82%,$-0.04B,$1.67B,-1.43%,$-0.04B,$9.01B,-0.47%,$-0.58B,$5.65B,-11.46%,$1928,$845,$1082,$0,$1464,$2671,$-743,$-35,$-11,$10,$-21,$-21,$-21,$-743,$-743,$347,347,$-0.06,$-0.06,$547,$155,$574,$2902,$0,$7,$2931,$218,$3258,$9007,$3069,$1043,$292,$1334,$4404,$0,$83,$0,$4603,$9007,$-86,$707,$0,$707,$0,$0,$0,$0,$-643,$349,$-1494,$0,$0,$0,$0,$16,$0,$-1479,$0,$426,$0,$0,$0,$-126,$669,$970,$-159,$0,$0
42,2008-03-31,25.97,$0.00,0.0,$9.99,2.6,$3.43,7.57,$0.12,218.26,$2.70B,$2.45B,1.1,$0.77B,$4.40B,0.17,$6.82B,$5.45B,79.94%,$6.82B,$0.24B,3.56%,$6.82B,$0.24B,3.56%,$6.82B,$1.17B,17.10%,$6.82B,$0.06B,0.89%,$6.82B,$0.00B,0.04%,$0.00B,$4.40B,0.07%,$0.00B,$3.46B,0.12%,$0.00B,$7.87B,0.05%,$0.24B,$5.17B,4.97%,$1724,$753,$971,$0,$666,$1749,$-25,$-30,$-55,$7,$-62,$-62,$-62,$-25,$-25,$348,348,$-0.18,$-0.18,$380,$145,$617,$2698,$0,$5,$946,$206,$1261,$7870,$2447,$767,$254,$1021,$3468,$0,$56,$0,$4402,$7870,$0,$0,$0,$0,$0,$0,$0,$0,$0,$0,$0,$0,$0,$0,$0,$0,$0,$0,$0,$0,$0,$0,$0,$0,$0,$0,$0,$0,$0
43,2007-12-31,28.11,$0.00,0.0,$5.04,5.58,$3.43,8.19,$0.30,94.53,$2.72B,$2.60B,1.05,$0.69B,$4.00B,0.17,$6.45B,$5.71B,88.51%,$6.45B,$0.31B,4.75%,$6.45B,$0.31B,4.75%,$6.45B,$1.51B,23.34%,$6.45B,$0.12B,1.92%,$6.45B,$0.06B,0.87%,$0.06B,$4.00B,1.42%,$0.06B,$3.12B,2.84%,$0.06B,$7.51B,0.97%,$0.31B,$4.69B,6.45%,$1897,$205,$1692,$0,$1155,$1698,$199,$-45,$131,$36,$95,$112,$112,$499,$199,$377,377,$0.30,$0.30,$605,$144,$408,$2721,$0,$5,$880,$181,$1164,$7510,$2601,$693,$214,$907,$3509,$3898,$53,$0,$4002,$7510,$39,$1200,$0,$1200,$0,$0,$0,$0,$-493,$1292,$0,$0,$0,$0,$0,$292,$-923,$-631,$0,$0,$-157,$0,$0,$-227,$-6,$-391,$271,$0,$0
44,2007-09-30,32.63,$0.00,0.0,0,0.0,0,0.0,0,0.0,$0.66B,$1.92B,0.34,$0.73B,$4.07B,0.18,$5.86B,$5.20B,88.66%,$5.86B,$0.24B,4.11%,$5.86B,$0.24B,4.11%,$5.86B,$1.41B,24.11%,$5.86B,$0.05B,0.77%,$5.86B,$-0.06B,-1.09%,$-0.06B,$4.07B,-1.66%,$-0.06B,$1.54B,-3.46%,$-0.06B,$5.31B,-1.16%,$0.24B,$4.80B,5.13%,$1654,$220,$1434,$0,$1150,$1668,$-13,$-46,$-60,$4,$-64,$-64,$-64,$305,$-13,$0,0,$0.00,$0.00,$145,$128,$387,$660,$0,$3,$908,$186,$1202,$5305,$1921,$733,$204,$937,$2857,$0,$195,$0,$4068,$6926,$-56,$900,$0,$900,$0,$0,$0,$0,$-632,$667,$-750,$0,$0,$0,$0,$341,$0,$-409,$0,$-113,$0,$0,$0,$-230,$0,$-343,$-85,$0,$0
45,2007-06-30,27.73,$0.00,0.0,0,0.0,0,0.0,0,0.0,$0.61B,$1.60B,0.38,$0.89B,$3.99B,0.22,$5.48B,$4.88B,89.05%,$5.48B,$0.29B,5.31%,$5.48B,$0.29B,5.31%,$5.48B,$1.42B,25.84%,$5.48B,$0.11B,2.08%,$5.48B,$0.01B,0.16%,$0.01B,$3.99B,0.24%,$0.01B,$1.64B,0.26%,$0.01B,$5.21B,0.13%,$0.29B,$4.88B,6.21%,$1545,$190,$1355,$0,$986,$1463,$82,$-36,$45,$28,$17,$17,$17,$387,$82,$0,0,$0.00,$0.00,$115,$91,$400,$606,$0,$3,$908,$181,$1202,$5214,$1598,$889,$183,$1072,$2670,$0,$189,$0,$3990,$6660,$7,$582,$0,$582,$0,$0,$0,$0,$-500,$337,$-541,$0,$0,$0,$0,$337,$0,$-204,$0,$-18,$0,$0,$0,$-222,$0,$-240,$-107,$0,$0
46,2007-03-31,25.45,$0.00,0.0,0,0.0,0,0.0,0,0.0,$0.50B,$1.49B,0.34,$0.86B,$3.74B,0.23,$5.00B,$4.37B,87.40%,$5.00B,$0.15B,3.02%,$5.00B,$0.15B,3.02%,$5.00B,$1.22B,24.42%,$5.00B,$0.00B,0.02%,$5.00B,$-0.08B,-1.52%,$-0.08B,$3.74B,-2.02%,$-0.08B,$1.58B,-1.51%,$-0.08B,$4.97B,-0.94%,$0.15B,$4.60B,3.24%,$1351,$125,$1225,$0,$911,$1313,$38,$-29,$8,$17,$-9,$-9,$-9,$314,$38,$0,0,$0.00,$0.00,$164,$55,$283,$502,$0,$3,$884,$174,$1174,$4966,$1486,$864,$151,$1015,$2501,$0,$177,$0,$3737,$6172,$-9,$277,$0,$277,$0,$0,$0,$0,$-231,$153,$-394,$0,$0,$0,$0,$284,$0,$-110,$0,$-89,$0,$0,$0,$0,$-0,$-89,$-46,$0,$0
47,2006-12-31,27.13,$0.00,0.0,0,0.0,0,0.0,0,0.0,$2.05B,$1.91B,1.07,$0.87B,$3.63B,0.24,$4.66B,$4.01B,86.08%,$4.66B,$0.10B,2.04%,$4.66B,$0.10B,2.04%,$4.66B,$1.15B,24.65%,$4.66B,$-0.06B,-1.33%,$4.66B,$-0.14B,-2.98%,$-0.14B,$3.63B,-3.61%,$-0.14B,$2.64B,-2.49%,$-0.14B,$6.55B,-1.65%,$0.10B,$4.50B,2.01%,$1314,$129,$1185,$0,$783,$1180,$134,$-82,$52,$60,$-8,$-8,$-8,$408,$134,$0,0,$0.00,$0.00,$550,$76,$267,$2048,$0,$0,$997,$175,$1185,$6546,$1906,$867,$138,$1004,$2911,$3461,$110,$0,$3633,$6546,$-139,$1053,$0,$1053,$0,$0,$0,$0,$-271,$817,$-1034,$0,$0,$0,$0,$231,$0,$-804,$0,$4,$0,$0,$0,$-53,$0,$-49,$-36,$0,$0
