,Date,Stock Price,Book Value per Share,Price to Book Ratio,TTM Sales per Share,Price to Sales Ratio,TTM FCF per Share,Price to FCF Ratio,TTM Net EPS,PE Ratio,Current Assets,Current Liabilities,Current Ratio,Long Term Debt,Shareholder's Equity_x,Debt to Equity Ratio,TTM Revenue_x,TTM Gross Profit,Gross Margin,TTM Revenue_y,TTM Operating Income,Operating Margin,TTM Revenue_x,TTM EBIT,EBIT Margin,TTM Revenue_y,TTM EBITDA,EBITDA Margin,TTM Revenue_x,TTM Pre-Tax Income,Pre-Tax Margin,TTM Revenue_y,TTM Net Income_x,Net Margin,TTM Net Income_y,Shareholder's Equity_y,Return on Equity,TTM Net Income_x,Tangible Equity,Return on Tangible Equity,TTM Net Income_y,Total Assets,Return on Assets,TTM Net Income,LT Investments & Debt,Return on Investment,revenue,cost-goods-sold,gross-profit,research-development-expenses,selling-general-administrative-expenses,operating-expenses,operating-income,total-non-operating-income-expense,pre-tax-income,total-provision-income-taxes,income-after-taxes,income-from-continuous-operations,net-income,ebitda,ebit,basic-shares-outstanding,shares-outstanding,eps-basic-net-earnings-per-share,eps-earnings-per-share-diluted,cash-on-hand,inventory,other-current-assets,total-current-assets,net-property-plant-equipment,long-term-investments,goodwill-intangible-assets-total,other-long-term-assets,total-long-term-assets,total-assets,total-current-liabilities,long-term-debt,other-non-current-liabilities,total-long-term-liabilities,total-liabilities,common-stock-net,retained-earnings-accumulated-deficit,comprehensive-income,total-share-holder-equity,total-liabilities-share-holders-equity,net-income-loss,total-depreciation-amortization-cash-flow,other-non-cash-items,total-non-cash-items,change-in-accounts-receivable,change-in-inventories,change-in-accounts-payable,change-in-assets-liabilities,total-change-in-assets-liabilities,cash-flow-from-operating-activities,net-change-in-property-plant-equipment,net-change-in-intangible-assets,net-acquisitions-divestitures,net-change-in-short-term-investments,net-change-in-long-term-investments,net-change-in-investments-total,investing-activities-other,cash-flow-from-investing-activities,net-long-term-debt,net-current-debt,debt-issuance-retirement-net-total,net-common-equity-issued-repurchased,net-total-equity-issued-repurchased,total-common-preferred-stock-dividends-paid,financial-activities-other,cash-flow-from-financial-activities,net-cash-flow,stock-based-compensation,common-stock-dividends-paid
0,2018-07-31,60.19,$6.18,9.75,$23.49,2.56,$5.56,10.82,$2.46,24.47,$0.87B,$0.51B,1.71,$0.31B,$0.65B,0.48,$2.57B,$0.95B,36.84%,$2.57B,$0.38B,14.68%,$2.57B,$0.38B,14.68%,$2.57B,$0.44B,17.02%,$2.57B,$0.38B,14.60%,$2.57B,$0.27B,10.40%,$0.27B,$0.65B,43.22%,$0.27B,$0.32B,90.13%,$0.27B,$1.54B,17.28%,$0.38B,$0.96B,40.85%,$656,$422,$234,$0,$141,$563,$93,$0,$93,$14,$79,$79,$79,$105,$93,$106,108,$0.75,$0.73,$251,$364,$0,$873,$250,$0,$333,$36,$662,$1535,$512,$312,$34,$373,$885,$105,$568,$-23,$650,$1535,$233,$42,$27,$68,$-35,$-34,$0,$-6,$-42,$259,$-52,$0,$-31,$0,$-6,$-6,$0,$-90,$-20,$0,$-20,$-141,$-141,$-64,$-4,$-229,$-59,$9,$-64
1,2018-04-30,58.2,$5.91,9.85,$23.06,2.52,$5.80,10.04,$2.34,24.87,$0.98B,$0.65B,1.5,$0.30B,$0.62B,0.48,$2.54B,$0.94B,36.97%,$2.54B,$0.37B,14.65%,$2.54B,$0.37B,14.65%,$2.54B,$0.43B,17.05%,$2.54B,$0.37B,14.57%,$2.54B,$0.26B,10.08%,$0.26B,$0.62B,41.27%,$0.26B,$0.29B,84.00%,$0.26B,$1.64B,16.47%,$0.37B,$0.92B,40.24%,$875,$551,$324,$0,$154,$705,$170,$-1,$169,$38,$131,$131,$131,$185,$170,$106,109,$1.23,$1.21,$206,$395,$0,$978,$245,$0,$335,$34,$658,$1636,$652,$299,$34,$360,$1012,$105,$538,$-21,$623,$1636,$154,$30,$18,$48,$-144,$-63,$0,$-8,$-64,$138,$-35,$0,$-31,$0,$0,$0,$-0,$-67,$-20,$0,$-20,$-111,$-111,$-43,$-3,$-177,$-104,$6,$-43
2,2018-01-31,65.22,$5.46,11.95,$22.87,2.85,$6.16,10.59,$2.21,29.51,$0.90B,$0.57B,1.57,$0.30B,$0.58B,0.52,$2.54B,$0.93B,36.68%,$2.54B,$0.36B,14.22%,$2.54B,$0.36B,14.22%,$2.54B,$0.43B,16.75%,$2.54B,$0.36B,14.14%,$2.54B,$0.25B,9.65%,$0.25B,$0.58B,39.74%,$0.25B,$0.27B,79.74%,$0.25B,$1.52B,15.86%,$0.36B,$0.88B,39.08%,$548,$344,$204,$0,$137,$481,$67,$-1,$66,$44,$23,$23,$23,$82,$67,$107,110,$0.21,$0.21,$220,$439,$0,$901,$234,$0,$308,$28,$616,$1517,$572,$302,$35,$364,$936,$106,$490,$-16,$581,$1517,$23,$15,$20,$36,$-13,$-107,$0,$-3,$-50,$8,$-11,$0,$0,$0,$0,$0,$0,$-11,$-18,$0,$-18,$-46,$-46,$-21,$-3,$-88,$-91,$3,$-21
3,2017-10-31,62.25,$5.77,10.78,$22.54,2.76,$6.22,10.01,$2.41,25.83,$0.86B,$0.52B,1.65,$0.31B,$0.62B,0.5,$2.51B,$0.92B,36.71%,$2.51B,$0.36B,14.17%,$2.51B,$0.36B,14.17%,$2.51B,$0.42B,16.76%,$2.51B,$0.35B,14.09%,$2.51B,$0.27B,10.65%,$0.27B,$0.62B,44.54%,$0.27B,$0.31B,92.23%,$0.27B,$1.49B,17.61%,$0.36B,$0.92B,39.01%,$489,$304,$184,$0,$137,$441,$47,$-1,$47,$13,$34,$34,$34,$65,$47,$108,111,$0.32,$0.31,$310,$329,$0,$860,$235,$0,$309,$26,$634,$1494,$522,$306,$23,$355,$877,$107,$534,$-24,$617,$1494,$268,$65,$5,$70,$-18,$-16,$0,$-3,$23,$361,$-58,$0,$-24,$0,$0,$0,$-2,$-84,$-19,$0,$-19,$-149,$-149,$-76,$-1,$-245,$37,$14,$-76
4,2017-07-31,70.21,$6.12,11.48,$22.33,3.14,$6.48,10.84,$2.37,29.62,$0.95B,$0.54B,1.74,$0.31B,$0.66B,0.47,$2.49B,$0.91B,36.54%,$2.49B,$0.35B,14.16%,$2.49B,$0.35B,14.16%,$2.49B,$0.42B,16.74%,$2.49B,$0.35B,14.00%,$2.49B,$0.26B,10.58%,$0.26B,$0.66B,45.13%,$0.26B,$0.35B,95.90%,$0.26B,$1.57B,17.66%,$0.35B,$0.97B,39.15%,$628,$401,$227,$0,$139,$540,$88,$1,$88,$20,$68,$68,$68,$101,$88,$108,111,$0.63,$0.61,$335,$349,$0,$948,$227,$0,$309,$26,$621,$1570,$544,$309,$32,$366,$910,$108,$579,$-27,$660,$1570,$234,$48,$5,$52,$-55,$-34,$0,$-8,$-10,$277,$-36,$0,$-24,$0,$0,$0,$0,$-61,$-19,$0,$-19,$-83,$-83,$-57,$-4,$-162,$61,$10,$-57
5,2017-04-30,63.96,$5.63,11.35,$22.05,2.9,$6.73,9.51,$2.26,28.3,$0.98B,$0.62B,1.57,$0.31B,$0.61B,0.51,$2.46B,$0.90B,36.53%,$2.46B,$0.35B,14.08%,$2.46B,$0.35B,14.08%,$2.46B,$0.41B,16.76%,$2.46B,$0.34B,13.87%,$2.46B,$0.25B,10.21%,$0.25B,$0.61B,44.64%,$0.25B,$0.30B,98.62%,$0.25B,$1.60B,17.16%,$0.35B,$0.92B,39.14%,$873,$556,$316,$0,$157,$713,$159,$-1,$158,$38,$120,$120,$120,$177,$159,$108,111,$1.11,$1.08,$265,$342,$0,$977,$224,$0,$310,$31,$622,$1599,$622,$312,$32,$369,$991,$108,$536,$-36,$608,$1599,$165,$35,$-1,$34,$-164,$-30,$0,$-10,$-32,$168,$-22,$0,$-24,$0,$0,$0,$0,$-46,$-16,$1,$-15,$-74,$-74,$-38,$-3,$-130,$-8,$7,$-38
6,2017-01-31,57.89,$4.77,12.14,$21.67,2.67,$6.54,8.85,$2.13,27.24,$0.78B,$0.52B,1.51,$0.32B,$0.51B,0.62,$2.42B,$0.89B,36.56%,$2.42B,$0.34B,14.13%,$2.42B,$0.34B,14.13%,$2.42B,$0.41B,16.77%,$2.42B,$0.34B,13.92%,$2.42B,$0.24B,9.79%,$0.24B,$0.51B,43.01%,$0.24B,$0.20B,97.33%,$0.24B,$1.40B,16.37%,$0.34B,$0.83B,38.94%,$516,$322,$193,$0,$133,$455,$61,$-1,$60,$15,$45,$45,$45,$77,$61,$109,111,$0.41,$0.41,$159,$402,$0,$781,$227,$0,$312,$26,$622,$1403,$519,$315,$30,$371,$890,$108,$444,$-38,$513,$1403,$45,$17,$2,$18,$-19,$-91,$0,$-4,$-48,$15,$-12,$0,$-24,$0,$0,$0,$0,$-36,$-13,$0,$-13,$-62,$-62,$-19,$-3,$-96,$-115,$4,$-19
7,2016-10-31,46.89,$5.07,9.24,$21.34,2.2,$6.46,7.26,$2.07,22.71,$0.78B,$0.46B,1.68,$0.33B,$0.55B,0.6,$2.39B,$0.88B,36.60%,$2.39B,$0.34B,14.01%,$2.39B,$0.34B,14.01%,$2.39B,$0.40B,16.69%,$2.39B,$0.33B,13.84%,$2.39B,$0.23B,9.66%,$0.23B,$0.55B,42.96%,$0.23B,$0.25B,100.22%,$0.23B,$1.39B,15.99%,$0.34B,$0.88B,38.47%,$468,$296,$172,$0,$129,$425,$44,$-2,$42,$12,$30,$30,$30,$61,$44,$110,112,$0.27,$0.27,$274,$307,$0,$779,$222,$0,$303,$23,$606,$1385,$464,$328,$30,$371,$835,$108,$480,$-38,$550,$1385,$231,$64,$21,$85,$16,$23,$0,$-1,$69,$384,$-50,$0,$2,$0,$0,$0,$0,$-49,$-24,$-1,$-25,$-90,$-90,$-66,$-2,$-183,$147,$11,$-66
8,2016-07-31,44.88,$5.29,8.49,$21.40,2.1,$5.18,8.66,$2.01,22.38,$0.85B,$0.51B,1.65,$0.33B,$0.58B,0.57,$2.40B,$0.87B,36.27%,$2.40B,$0.33B,13.64%,$2.40B,$0.33B,13.64%,$2.40B,$0.39B,16.31%,$2.40B,$0.32B,13.48%,$2.40B,$0.23B,9.36%,$0.23B,$0.58B,43.63%,$0.23B,$0.27B,109.36%,$0.23B,$1.46B,15.79%,$0.33B,$0.91B,38.35%,$601,$384,$217,$0,$135,$519,$82,$-1,$81,$25,$56,$56,$56,$97,$82,$110,112,$0.51,$0.50,$277,$327,$0,$846,$221,$0,$306,$26,$618,$1464,$513,$332,$30,$373,$887,$109,$505,$-37,$578,$1464,$201,$46,$1,$47,$-24,$3,$0,$-2,$57,$304,$-34,$0,$2,$0,$0,$0,$4,$-29,$-21,$-1,$-22,$-49,$-49,$-49,$0,$-121,$151,$8,$-49
9,2016-04-30,42.05,$5.14,8.19,$21.43,1.96,$3.93,10.7,$1.98,21.29,$0.91B,$0.60B,1.52,$0.34B,$0.56B,0.6,$2.41B,$0.87B,36.10%,$2.41B,$0.33B,13.47%,$2.41B,$0.33B,13.47%,$2.41B,$0.39B,16.16%,$2.41B,$0.32B,13.30%,$2.41B,$0.22B,9.20%,$0.22B,$0.56B,45.54%,$0.22B,$0.25B,126.86%,$0.22B,$1.54B,15.87%,$0.33B,$0.90B,38.98%,$836,$533,$303,$0,$148,$681,$155,$-1,$154,$49,$106,$106,$106,$171,$155,$110,112,$0.96,$0.94,$175,$369,$0,$910,$222,$0,$309,$30,$629,$1540,$601,$335,$30,$376,$977,$110,$485,$-31,$563,$1540,$145,$32,$1,$32,$-150,$-37,$0,$-0,$-28,$148,$-22,$0,$2,$0,$0,$0,$-3,$-24,$-17,$-1,$-18,$-26,$-26,$-33,$0,$-77,$48,$5,$-33
10,2016-01-31,36.12,$4.22,8.56,$21.19,1.7,$3.40,10.62,$1.85,19.53,$0.77B,$0.55B,1.39,$0.34B,$0.46B,0.74,$2.40B,$0.85B,35.37%,$2.40B,$0.31B,12.82%,$2.40B,$0.31B,12.82%,$2.40B,$0.37B,15.52%,$2.40B,$0.30B,12.61%,$2.40B,$0.21B,8.74%,$0.21B,$0.46B,45.41%,$0.21B,$0.15B,142.37%,$0.21B,$1.39B,15.18%,$0.31B,$0.80B,37.77%,$486,$304,$183,$0,$129,$433,$54,$-0,$54,$14,$39,$39,$39,$70,$54,$110,112,$0.36,$0.35,$118,$422,$0,$767,$222,$0,$311,$24,$623,$1391,$550,$338,$31,$380,$931,$109,$387,$-36,$460,$1391,$39,$16,$1,$16,$-13,$-93,$0,$-5,$-51,$5,$-11,$0,$2,$0,$0,$0,$1,$-8,$38,$0,$38,$-25,$-25,$-16,$0,$-3,$-8,$2,$-16
11,2015-10-31,36.34,$4.23,8.59,$21.01,1.73,$3.16,11.49,$1.77,20.53,$0.67B,$0.44B,1.52,$0.36B,$0.46B,0.77,$2.39B,$0.84B,34.96%,$2.39B,$0.30B,12.46%,$2.39B,$0.30B,12.46%,$2.39B,$0.36B,15.14%,$2.39B,$0.29B,12.17%,$2.39B,$0.20B,8.45%,$0.20B,$0.46B,44.79%,$0.20B,$0.15B,152.17%,$0.20B,$1.30B,14.78%,$0.30B,$0.82B,36.76%,$481,$312,$169,$0,$132,$444,$37,$-2,$35,$12,$24,$24,$24,$54,$37,$111,114,$0.22,$0.22,$126,$335,$0,$673,$225,$0,$315,$25,$631,$1304,$444,$355,$32,$398,$841,$109,$383,$-30,$462,$1304,$202,$63,$7,$70,$-26,$-53,$0,$-1,$-22,$250,$-56,$0,$-198,$0,$0,$0,$0,$-255,$-7,$-21,$-29,$-97,$-97,$-56,$-1,$-182,$-189,$11,$-56
12,2015-07-31,32.87,$4.24,7.75,$20.36,1.61,$2.43,13.54,$1.66,19.86,$0.77B,$0.50B,1.55,$0.36B,$0.47B,0.77,$2.32B,$0.81B,34.85%,$2.32B,$0.28B,12.09%,$2.32B,$0.28B,12.09%,$2.32B,$0.34B,14.76%,$2.32B,$0.27B,11.79%,$2.32B,$0.19B,8.13%,$0.19B,$0.47B,43.18%,$0.19B,$0.15B,111.83%,$0.19B,$1.36B,14.12%,$0.28B,$0.82B,35.32%,$610,$393,$216,$0,$137,$530,$79,$-2,$78,$24,$53,$53,$53,$95,$79,$111,113,$0.48,$0.47,$110,$350,$0,$771,$220,$0,$317,$25,$589,$1360,$499,$358,$26,$396,$895,$55,$439,$-29,$465,$1360,$178,$46,$-1,$45,$-75,$-68,$0,$-6,$-55,$168,$-37,$0,$-198,$0,$0,$0,$2,$-234,$-4,$-16,$-20,$-82,$-82,$-42,$8,$-136,$-205,$8,$-42
13,2015-04-30,32.13,$4.19,7.67,$19.92,1.61,$2.24,14.33,$1.62,19.84,$0.88B,$0.62B,1.43,$0.36B,$0.46B,0.78,$2.28B,$0.80B,34.88%,$2.28B,$0.27B,12.01%,$2.28B,$0.27B,12.01%,$2.28B,$0.33B,14.55%,$2.28B,$0.27B,11.70%,$2.28B,$0.19B,8.15%,$0.19B,$0.46B,43.79%,$0.19B,$0.14B,90.40%,$0.19B,$1.48B,14.53%,$0.27B,$0.82B,36.58%,$826,$544,$282,$0,$144,$688,$138,$-2,$136,$42,$94,$94,$94,$154,$138,$112,114,$0.84,$0.82,$109,$341,$0,$884,$220,$0,$319,$30,$595,$1479,$619,$361,$24,$397,$1016,$55,$432,$-24,$463,$1479,$125,$31,$0,$31,$-194,$-56,$0,$-5,$-60,$95,$-27,$0,$-198,$0,$0,$0,$-5,$-230,$-0,$-1,$-2,$-44,$-44,$-28,$5,$-69,$-206,$5,$-28
14,2015-01-31,31.0,$3.72,8.34,$19.13,1.62,$2.04,15.2,$1.56,19.94,$0.73B,$0.51B,1.44,$0.37B,$0.41B,0.88,$2.20B,$0.78B,35.39%,$2.20B,$0.27B,12.13%,$2.20B,$0.27B,12.13%,$2.20B,$0.32B,14.63%,$2.20B,$0.26B,11.81%,$2.20B,$0.18B,8.13%,$0.18B,$0.41B,44.14%,$0.18B,$0.09B,75.69%,$0.18B,$1.32B,14.85%,$0.27B,$0.78B,38.40%,$474,$305,$169,$0,$125,$430,$44,$-2,$42,$11,$31,$31,$31,$59,$44,$112,114,$0.28,$0.27,$83,$364,$0,$734,$215,$0,$324,$24,$588,$1322,$508,$365,$25,$400,$908,$56,$379,$-21,$414,$1322,$31,$15,$1,$16,$-50,$-80,$0,$-5,$-70,$-23,$-10,$0,$-198,$0,$0,$0,$-0,$-208,$-0,$26,$26,$-12,$-12,$-14,$3,$2,$-232,$3,$-14
15,2014-10-31,29.36,$3.67,8.0,$18.82,1.56,$2.07,14.19,$1.51,19.51,$0.82B,$0.40B,2.06,$0.35B,$0.41B,0.85,$2.17B,$0.77B,35.62%,$2.17B,$0.26B,12.15%,$2.17B,$0.26B,12.15%,$2.17B,$0.32B,14.59%,$2.17B,$0.26B,11.83%,$2.17B,$0.17B,8.01%,$0.17B,$0.41B,44.93%,$0.17B,$0.29B,64.62%,$0.17B,$1.19B,15.33%,$0.26B,$0.76B,41.14%,$414,$271,$143,$0,$123,$394,$20,$-2,$18,$7,$11,$11,$11,$35,$20,$113,115,$0.10,$0.10,$315,$275,$0,$824,$205,$0,$116,$21,$368,$1192,$400,$347,$25,$383,$784,$56,$369,$-16,$409,$1192,$174,$53,$-1,$52,$-5,$-37,$0,$-3,$-44,$182,$-71,$0,$-1,$0,$0,$0,$6,$-66,$130,$19,$149,$-96,$-96,$-45,$9,$17,$132,$11,$-45
16,2014-07-31,28.13,$3.70,7.59,$18.46,1.52,$2.56,10.98,$1.45,19.4,$0.76B,$0.46B,1.65,$0.22B,$0.41B,0.54,$2.14B,$0.76B,35.50%,$2.14B,$0.25B,11.77%,$2.14B,$0.25B,11.77%,$2.14B,$0.31B,14.25%,$2.14B,$0.25B,11.58%,$2.14B,$0.17B,7.85%,$0.17B,$0.41B,44.83%,$0.17B,$0.30B,65.69%,$0.17B,$1.13B,15.45%,$0.25B,$0.64B,42.12%,$568,$365,$202,$0,$130,$496,$72,$-1,$71,$21,$50,$50,$50,$84,$72,$112,115,$0.45,$0.44,$178,$294,$0,$760,$203,$0,$117,$22,$368,$1128,$460,$224,$14,$255,$715,$56,$368,$-11,$413,$1128,$163,$38,$3,$41,$-60,$-54,$0,$1,$-40,$164,$-53,$0,$-1,$0,$0,$0,$2,$-51,$0,$0,$0,$-94,$-94,$-34,$9,$-119,$-5,$8,$-34
17,2014-04-30,30.03,$3.45,8.71,$17.83,1.68,$2.65,11.35,$1.36,22.16,$0.81B,$0.54B,1.51,$0.22B,$0.39B,0.58,$2.08B,$0.74B,35.33%,$2.08B,$0.24B,11.47%,$2.08B,$0.24B,11.47%,$2.08B,$0.29B,14.02%,$2.08B,$0.24B,11.28%,$2.08B,$0.16B,7.59%,$0.16B,$0.39B,43.14%,$0.16B,$0.27B,64.10%,$0.16B,$1.18B,14.86%,$0.24B,$0.61B,40.54%,$745,$480,$265,$0,$134,$614,$131,$-2,$129,$42,$87,$87,$87,$144,$131,$113,116,$0.77,$0.76,$130,$302,$0,$814,$193,$0,$119,$28,$365,$1179,$539,$224,$14,$255,$794,$56,$340,$-11,$386,$1179,$113,$27,$2,$28,$-156,$-62,$0,$4,$-63,$78,$-33,$0,$-1,$0,$0,$0,$-5,$-38,$0,$-1,$-1,$-77,$-77,$-23,$7,$-94,$-53,$5,$-23
18,2014-01-31,29.85,$3.03,9.87,$17.33,1.72,$2.40,12.45,$1.26,23.69,$0.68B,$0.44B,1.54,$0.22B,$0.34B,0.66,$2.04B,$0.72B,35.41%,$2.04B,$0.23B,11.02%,$2.04B,$0.23B,11.02%,$2.04B,$0.28B,13.66%,$2.04B,$0.22B,10.87%,$2.04B,$0.15B,7.30%,$0.15B,$0.34B,41.05%,$0.15B,$0.22B,61.38%,$0.15B,$1.04B,14.23%,$0.23B,$0.57B,38.36%,$446,$282,$164,$0,$123,$405,$41,$-2,$39,$13,$26,$26,$26,$54,$41,$114,117,$0.23,$0.22,$104,$305,$0,$683,$189,$0,$120,$22,$357,$1040,$443,$224,$14,$255,$698,$56,$298,$-13,$341,$1040,$26,$13,$5,$18,$-44,$-67,$0,$-5,$-56,$-13,$-18,$0,$-1,$0,$0,$0,$-1,$-20,$0,$-1,$-1,$-39,$-39,$-11,$6,$-46,$-79,$3,$-11
19,2013-10-31,27.68,$3.16,8.76,$17.24,1.61,$2.44,11.36,$1.31,21.21,$0.65B,$0.39B,1.68,$0.22B,$0.36B,0.62,$2.04B,$0.73B,35.52%,$2.04B,$0.23B,11.27%,$2.04B,$0.23B,11.27%,$2.04B,$0.29B,13.96%,$2.04B,$0.23B,11.07%,$2.04B,$0.15B,7.55%,$0.15B,$0.36B,43.26%,$0.15B,$0.24B,65.53%,$0.15B,$1.00B,14.90%,$0.23B,$0.58B,39.71%,$382,$254,$129,$0,$120,$374,$8,$1,$9,$4,$5,$5,$5,$23,$8,$116,118,$0.04,$0.05,$183,$240,$0,$653,$185,$0,$120,$18,$349,$1003,$389,$224,$15,$255,$644,$57,$315,$-13,$359,$1003,$155,$54,$3,$57,$-12,$9,$0,$-7,$10,$222,$-49,$0,$-2,$0,$0,$0,$6,$-45,$-2,$-0,$-2,$-90,$-90,$-32,$6,$-118,$57,$10,$-32
20,2013-07-31,23.08,$3.31,6.97,$16.80,1.37,$2.15,10.71,$1.27,18.25,$0.71B,$0.41B,1.74,$0.22B,$0.38B,0.59,$2.00B,$0.71B,35.49%,$2.00B,$0.23B,11.31%,$2.00B,$0.23B,11.31%,$2.00B,$0.28B,14.11%,$2.00B,$0.22B,10.96%,$2.00B,$0.15B,7.46%,$0.15B,$0.38B,43.28%,$0.15B,$0.26B,67.04%,$0.15B,$1.03B,14.66%,$0.23B,$0.60B,39.81%,$510,$332,$178,$0,$119,$451,$59,$-1,$58,$18,$40,$40,$40,$71,$59,$115,118,$0.35,$0.34,$161,$259,$0,$712,$180,$0,$120,$19,$319,$1031,$409,$224,$7,$244,$653,$57,$336,$-14,$379,$1031,$150,$39,$2,$42,$-57,$-12,$0,$-2,$-33,$158,$-34,$0,$0,$0,$0,$0,$3,$-31,$-2,$-0,$-2,$-68,$-68,$-24,$5,$-89,$35,$8,$-24
21,2013-04-30,21.02,$3.24,6.49,$16.65,1.26,$2.24,9.38,$1.26,16.68,$0.79B,$0.50B,1.59,$0.22B,$0.37B,0.6,$1.99B,$0.71B,35.59%,$1.99B,$0.23B,11.45%,$1.99B,$0.23B,11.45%,$1.99B,$0.28B,14.26%,$1.99B,$0.22B,11.04%,$1.99B,$0.15B,7.53%,$0.15B,$0.37B,44.91%,$0.15B,$0.25B,71.34%,$0.15B,$1.12B,14.92%,$0.23B,$0.60B,40.90%,$704,$452,$252,$0,$135,$587,$117,$-1,$116,$38,$78,$78,$78,$131,$117,$116,119,$0.68,$0.66,$80,$310,$0,$791,$177,$0,$121,$25,$324,$1115,$499,$224,$6,$243,$742,$58,$324,$-9,$373,$1115,$110,$27,$2,$29,$-161,$-59,$0,$-3,$-102,$37,$-19,$0,$0,$0,$0,$0,$-5,$-24,$-2,$-0,$-2,$-44,$-44,$-16,$5,$-58,$-46,$5,$-16
22,2013-01-31,20.5,$2.70,7.58,$16.38,1.25,$2.65,7.74,$1.17,17.59,$0.67B,$0.43B,1.56,$0.22B,$0.31B,0.71,$1.98B,$0.69B,34.97%,$1.98B,$0.22B,11.02%,$1.98B,$0.22B,11.02%,$1.98B,$0.27B,13.74%,$1.98B,$0.21B,10.51%,$1.98B,$0.14B,7.12%,$0.14B,$0.31B,44.27%,$0.14B,$0.19B,73.06%,$0.14B,$0.98B,14.33%,$0.22B,$0.54B,40.24%,$445,$279,$166,$0,$120,$398,$46,$-3,$43,$12,$31,$31,$31,$60,$46,$117,119,$0.27,$0.27,$61,$336,$0,$666,$173,$0,$123,$22,$318,$984,$427,$223,$7,$244,$671,$58,$264,$-9,$313,$984,$31,$14,$1,$15,$-32,$-84,$0,$-0,$-70,$-23,$-3,$0,$0,$0,$0,$0,$-2,$-6,$-2,$-0,$-2,$-30,$-30,$-8,$3,$-36,$-65,$2,$-8
23,2012-10-31,19.59,$2.68,7.31,$16.12,1.22,$2.63,7.46,$1.06,18.44,$0.61B,$0.38B,1.62,$0.22B,$0.31B,0.72,$1.96B,$0.67B,34.37%,$1.96B,$0.21B,10.52%,$1.96B,$0.21B,10.52%,$1.96B,$0.26B,13.23%,$1.96B,$0.20B,9.96%,$1.96B,$0.13B,6.64%,$0.13B,$0.31B,41.60%,$0.13B,$0.19B,69.89%,$0.13B,$0.94B,13.37%,$0.21B,$0.54B,38.45%,$339,$226,$113,$0,$109,$335,$4,$-2,$2,$2,$0,$0,$0,$20,$4,$119,121,$0.01,$0.01,$126,$251,$0,$612,$181,$0,$124,$18,$323,$935,$378,$223,$8,$245,$623,$58,$264,$-10,$312,$935,$130,$54,$3,$57,$-0,$-22,$0,$-7,$-1,$186,$-43,$0,$-10,$0,$0,$0,$5,$-47,$-2,$-1,$-3,$-73,$-73,$-26,$9,$-93,$45,$10,$-26
24,2012-07-31,17.4,$2.87,6.06,$16.22,1.07,$1.90,9.18,$1.10,15.78,$0.66B,$0.41B,1.63,$0.22B,$0.34B,0.66,$1.99B,$0.68B,34.17%,$1.99B,$0.21B,10.62%,$1.99B,$0.21B,10.62%,$1.99B,$0.26B,13.19%,$1.99B,$0.20B,10.12%,$1.99B,$0.14B,6.79%,$0.14B,$0.34B,44.81%,$0.14B,$0.21B,77.70%,$0.14B,$0.99B,14.12%,$0.21B,$0.56B,40.21%,$504,$326,$178,$0,$117,$443,$61,$-2,$59,$19,$41,$41,$41,$73,$61,$118,121,$0.35,$0.34,$143,$235,$0,$662,$178,$0,$126,$21,$325,$987,$405,$223,$8,$244,$649,$59,$290,$-11,$338,$987,$129,$38,$3,$40,$-52,$-6,$0,$-6,$-4,$165,$-28,$0,$-10,$0,$0,$0,$2,$-36,$-2,$-1,$-3,$-50,$-50,$-20,$8,$-64,$62,$7,$-20
25,2012-04-30,16.49,$2.64,6.25,$15.99,1.03,$0.98,16.77,$1.05,15.78,$0.69B,$0.48B,1.45,$0.22B,$0.31B,0.72,$1.98B,$0.67B,33.72%,$1.98B,$0.21B,10.33%,$1.98B,$0.21B,10.33%,$1.98B,$0.26B,12.85%,$1.98B,$0.19B,9.78%,$1.98B,$0.13B,6.50%,$0.13B,$0.31B,43.25%,$0.13B,$0.18B,75.66%,$0.13B,$1.03B,13.56%,$0.21B,$0.53B,39.23%,$691,$456,$235,$0,$129,$585,$107,$-2,$104,$36,$69,$69,$69,$119,$107,$120,122,$0.58,$0.57,$83,$251,$0,$692,$185,$0,$128,$25,$338,$1029,$477,$224,$8,$242,$719,$59,$259,$-8,$311,$1029,$89,$26,$2,$27,$-126,$-21,$0,$-5,$-27,$89,$-22,$0,$-10,$0,$0,$0,$-4,$-35,$-2,$-1,$-3,$-43,$-43,$-13,$7,$-52,$2,$5,$-13
26,2012-01-31,14.58,$2.41,6.04,$15.25,0.96,$0.37,39.81,$0.95,15.35,$0.60B,$0.41B,1.48,$0.22B,$0.29B,0.78,$1.93B,$0.65B,33.66%,$1.93B,$0.19B,9.92%,$1.93B,$0.19B,9.92%,$1.93B,$0.24B,12.52%,$1.93B,$0.18B,9.40%,$1.93B,$0.12B,6.23%,$0.12B,$0.29B,39.97%,$0.12B,$0.16B,69.46%,$0.12B,$0.94B,12.54%,$0.19B,$0.51B,36.40%,$424,$277,$147,$0,$113,$390,$34,$-4,$30,$10,$20,$20,$20,$47,$34,$120,122,$0.17,$0.17,$72,$272,$0,$600,$188,$0,$127,$21,$337,$937,$405,$224,$8,$243,$648,$60,$235,$-6,$289,$937,$20,$13,$1,$14,$-28,$-50,$0,$-2,$-50,$-16,$-14,$0,$-1,$0,$0,$0,$0,$-14,$-1,$25,$24,$0,$0,$-7,$5,$22,$-9,$3,$-7
27,2011-10-31,12.38,$2.25,5.5,$14.72,0.84,$0.30,41.46,$0.92,13.46,$0.53B,$0.36B,1.48,$0.23B,$0.27B,0.84,$1.88B,$0.64B,33.86%,$1.88B,$0.18B,9.77%,$1.88B,$0.18B,9.77%,$1.88B,$0.23B,12.31%,$1.88B,$0.18B,9.29%,$1.88B,$0.12B,6.21%,$0.12B,$0.27B,39.73%,$0.12B,$0.14B,70.06%,$0.12B,$0.87B,12.35%,$0.18B,$0.49B,35.42%,$368,$249,$119,$0,$110,$359,$9,$-2,$8,$3,$5,$5,$5,$23,$9,$125,127,$0.05,$0.05,$81,$223,$0,$533,$191,$0,$128,$19,$338,$871,$359,$225,$8,$245,$604,$59,$214,$-7,$267,$871,$118,$49,$1,$49,$-3,$-26,$0,$-7,$-53,$114,$-57,$0,$-15,$0,$0,$0,$3,$-69,$-2,$-1,$-3,$-115,$-115,$-25,$3,$-140,$-96,$9,$-25
28,2011-07-31,12.28,$2.66,4.61,$14.35,0.86,$0.94,13.11,$0.91,13.57,$0.63B,$0.40B,1.58,$0.23B,$0.33B,0.69,$1.85B,$0.63B,34.00%,$1.85B,$0.18B,9.77%,$1.85B,$0.18B,9.77%,$1.85B,$0.23B,12.25%,$1.85B,$0.17B,9.23%,$1.85B,$0.12B,6.21%,$0.12B,$0.33B,38.75%,$0.12B,$0.20B,66.19%,$0.12B,$0.97B,12.09%,$0.18B,$0.55B,34.72%,$501,$333,$168,$0,$113,$446,$55,$-2,$52,$17,$35,$35,$35,$66,$55,$125,127,$0.28,$0.28,$118,$232,$0,$630,$188,$0,$129,$20,$338,$968,$398,$225,$8,$243,$641,$61,$267,$-2,$326,$968,$113,$34,$1,$35,$-53,$-34,$0,$-9,$-75,$72,$-43,$0,$-14,$0,$0,$0,$1,$-56,$-1,$-1,$-2,$-59,$-59,$-19,$2,$-77,$-59,$6,$-19
29,2011-04-30,15.44,$2.57,6.01,$13.89,1.11,$1.66,9.31,$0.88,17.55,$0.72B,$0.49B,1.47,$0.23B,$0.32B,0.71,$1.81B,$0.62B,34.46%,$1.81B,$0.18B,9.94%,$1.81B,$0.18B,9.94%,$1.81B,$0.23B,12.42%,$1.81B,$0.17B,9.44%,$1.81B,$0.11B,6.24%,$0.11B,$0.32B,39.89%,$0.11B,$0.19B,68.69%,$0.11B,$1.05B,12.16%,$0.18B,$0.54B,35.49%,$632,$418,$214,$0,$120,$538,$93,$-3,$91,$30,$60,$60,$60,$105,$93,$126,128,$0.48,$0.47,$107,$260,$0,$720,$180,$0,$126,$24,$333,$1053,$491,$225,$7,$243,$734,$31,$290,$-2,$319,$1053,$78,$23,$1,$24,$-131,$-61,$0,$-4,$-83,$18,$-26,$0,$-12,$0,$0,$0,$-5,$-42,$-1,$-1,$-2,$-35,$-35,$-13,$2,$-48,$-71,$4,$-13
30,2011-01-31,13.79,$2.14,6.45,$13.08,1.05,$2.16,6.38,$0.75,18.51,$0.58B,$0.39B,1.49,$0.23B,$0.27B,0.85,$1.74B,$0.60B,34.27%,$1.74B,$0.16B,9.13%,$1.74B,$0.16B,9.13%,$1.74B,$0.20B,11.65%,$1.74B,$0.15B,8.55%,$1.74B,$0.10B,5.68%,$0.10B,$0.27B,34.86%,$0.10B,$0.14B,58.49%,$0.10B,$0.90B,10.85%,$0.16B,$0.49B,31.30%,$383,$247,$137,$0,$109,$356,$27,$-3,$24,$7,$17,$17,$17,$38,$27,$127,130,$0.14,$0.13,$94,$240,$0,$579,$173,$0,$127,$16,$318,$897,$387,$225,$7,$243,$631,$31,$244,$-9,$266,$897,$17,$11,$0,$11,$-28,$-45,$0,$-3,$-60,$-31,$-10,$0,$-12,$0,$0,$0,$2,$-20,$-1,$-1,$-2,$-25,$-25,$-6,$2,$-31,$-83,$2,$-6
31,2010-10-31,12.83,$2.20,5.84,$12.54,1.02,$2.33,5.51,$0.69,18.52,$0.59B,$0.37B,1.59,$0.22B,$0.28B,0.81,$1.69B,$0.58B,34.08%,$1.69B,$0.15B,8.99%,$1.69B,$0.15B,8.99%,$1.69B,$0.20B,11.60%,$1.69B,$0.14B,8.34%,$1.69B,$0.09B,5.50%,$0.09B,$0.28B,31.13%,$0.09B,$0.17B,49.34%,$0.09B,$0.89B,10.23%,$0.15B,$0.50B,29.09%,$337,$226,$111,$0,$105,$332,$6,$-1,$4,$1,$3,$3,$3,$18,$6,$132,134,$0.03,$0.03,$177,$194,$0,$585,$173,$0,$109,$18,$301,$886,$368,$224,$7,$242,$610,$31,$253,$-9,$276,$886,$93,$45,$7,$52,$-0,$-10,$0,$3,$49,$194,$-48,$0,$-10,$0,$0,$0,$-3,$-61,$-4,$1,$-3,$-119,$-119,$-24,$3,$-142,$-10,$6,$-24
32,2010-07-31,11.72,$2.17,5.41,$12.01,0.98,$2.71,4.32,$0.66,17.7,$0.58B,$0.37B,1.59,$0.22B,$0.27B,0.83,$1.64B,$0.56B,34.29%,$1.64B,$0.15B,9.07%,$1.64B,$0.15B,9.07%,$1.64B,$0.20B,11.94%,$1.64B,$0.14B,8.22%,$1.64B,$0.09B,5.42%,$0.09B,$0.27B,28.85%,$0.09B,$0.16B,44.89%,$0.09B,$0.88B,9.82%,$0.15B,$0.50B,27.97%,$459,$297,$162,$0,$108,$405,$54,$-2,$52,$19,$33,$33,$33,$64,$54,$130,132,$0.26,$0.25,$163,$177,$0,$580,$168,$0,$110,$18,$300,$880,$366,$224,$8,$242,$608,$31,$252,$-11,$272,$880,$90,$32,$4,$36,$-34,$-0,$0,$1,$31,$157,$-32,$0,$-4,$0,$0,$0,$-5,$-41,$-2,$0,$-2,$-122,$-122,$-18,$3,$-139,$-24,$5,$-18
33,2010-04-30,12.78,$2.45,5.21,$11.24,1.14,$2.42,5.28,$0.55,23.46,$0.69B,$0.42B,1.62,$0.22B,$0.32B,0.7,$1.58B,$0.54B,33.90%,$1.58B,$0.14B,8.56%,$1.58B,$0.14B,8.56%,$1.58B,$0.18B,11.41%,$1.58B,$0.11B,7.22%,$1.58B,$0.08B,4.82%,$0.08B,$0.32B,22.84%,$0.08B,$0.21B,33.89%,$0.08B,$0.99B,8.30%,$0.14B,$0.55B,24.23%,$563,$375,$187,$0,$115,$491,$72,$-3,$69,$23,$46,$46,$46,$83,$72,$135,137,$0.34,$0.34,$180,$174,$0,$685,$166,$0,$111,$21,$301,$986,$423,$224,$8,$242,$664,$33,$299,$-10,$322,$986,$57,$22,$3,$25,$-125,$3,$0,$1,$-1,$81,$-20,$0,$-4,$0,$0,$0,$-9,$-33,$-1,$0,$-1,$-43,$-43,$-12,$3,$-54,$-7,$3,$-12
34,2010-01-31,8.71,$2.42,3.6,$10.52,0.83,$1.37,6.38,$0.46,18.94,$0.59B,$0.32B,1.86,$0.22B,$0.33B,0.69,$1.52B,$0.51B,33.60%,$1.52B,$0.12B,8.05%,$1.52B,$0.12B,8.05%,$1.52B,$0.17B,11.02%,$1.52B,$0.10B,6.67%,$1.52B,$0.07B,4.42%,$0.07B,$0.33B,19.06%,$0.07B,$0.22B,27.40%,$0.07B,$0.89B,7.27%,$0.12B,$0.55B,21.16%,$331,$215,$116,$0,$97,$312,$20,$-3,$16,$6,$11,$11,$11,$31,$20,$136,137,$0.08,$0.08,$158,$191,$0,$593,$166,$0,$109,$13,$291,$885,$320,$224,$8,$239,$559,$34,$301,$-9,$325,$885,$11,$11,$1,$13,$-29,$-13,$0,$-3,$-34,$-11,$-10,$0,$-2,$0,$0,$0,$-3,$-15,$-1,$0,$-1,$1,$1,$-6,$2,$-3,$-30,$2,$-6
35,2009-10-31,8.25,$2.36,3.49,$10.42,0.79,$0.96,8.6,$0.43,19.4,$0.58B,$0.32B,1.84,$0.23B,$0.32B,0.71,$1.52B,$0.51B,33.53%,$1.52B,$0.12B,7.61%,$1.52B,$0.12B,7.61%,$1.52B,$0.16B,10.50%,$1.52B,$0.10B,6.23%,$1.52B,$0.06B,4.13%,$0.06B,$0.32B,17.44%,$0.06B,$0.21B,24.66%,$0.06B,$0.87B,6.74%,$0.12B,$0.54B,19.76%,$289,$191,$98,$0,$95,$286,$3,$-4,$-2,$-1,$-1,$-1,$-1,$18,$3,$143,145,$0.00,$0.00,$188,$176,$0,$582,$167,$0,$110,$11,$291,$873,$317,$225,$7,$241,$557,$33,$291,$-9,$315,$873,$63,$45,$9,$53,$127,$40,$0,$-4,$135,$251,$-38,$0,$-6,$0,$0,$0,$-2,$-46,$-3,$-2,$-6,$-102,$-102,$-21,$7,$-121,$88,$4,$-21
36,2009-07-31,7.69,$2.68,2.87,$10.64,0.72,$0.57,13.45,$0.43,17.88,$0.63B,$0.31B,2.05,$0.23B,$0.37B,0.61,$1.58B,$0.52B,32.68%,$1.58B,$0.11B,7.17%,$1.58B,$0.11B,7.17%,$1.58B,$0.16B,10.03%,$1.58B,$0.10B,6.03%,$1.58B,$0.06B,4.06%,$0.06B,$0.37B,17.12%,$0.06B,$0.27B,23.77%,$0.06B,$0.92B,6.74%,$0.11B,$0.59B,18.83%,$395,$261,$134,$0,$94,$355,$40,$-8,$31,$11,$20,$20,$20,$48,$40,$144,145,$0.14,$0.14,$131,$161,$0,$632,$166,$0,$104,$9,$286,$918,$309,$226,$6,$240,$549,$34,$343,$-9,$369,$918,$63,$30,$4,$34,$-10,$52,$0,$-2,$22,$119,$-24,$0,$0,$0,$0,$0,$0,$-24,$-2,$-3,$-5,$-50,$-50,$-16,$4,$-67,$31,$3,$-16
37,2009-04-30,6.71,$2.76,2.43,$11.10,0.6,$0.51,13.07,$0.54,12.36,$0.73B,$0.37B,1.95,$0.23B,$0.40B,0.57,$1.67B,$0.56B,33.15%,$1.67B,$0.14B,8.12%,$1.67B,$0.14B,8.12%,$1.67B,$0.18B,10.93%,$1.67B,$0.12B,7.29%,$1.67B,$0.08B,4.90%,$0.08B,$0.40B,21.47%,$0.08B,$0.29B,29.50%,$0.08B,$1.01B,8.47%,$0.14B,$0.62B,22.34%,$500,$339,$161,$0,$102,$441,$59,$-3,$56,$19,$37,$37,$37,$70,$59,$146,147,$0.25,$0.25,$30,$216,$0,$727,$166,$0,$104,$7,$284,$1011,$374,$226,$6,$241,$615,$36,$374,$-14,$397,$1011,$44,$22,$2,$24,$-150,$-7,$0,$-3,$-140,$-73,$-17,$0,$0,$0,$0,$0,$-0,$-18,$-1,$30,$29,$-1,$-1,$-11,$3,$20,$-70,$2,$-11
38,2009-01-31,6.5,$2.54,2.55,$11.78,0.55,$0.28,23.44,$0.69,9.39,$0.65B,$0.33B,1.96,$0.23B,$0.36B,0.62,$1.81B,$0.62B,34.31%,$1.81B,$0.18B,9.93%,$1.81B,$0.18B,9.93%,$1.81B,$0.23B,12.52%,$1.81B,$0.16B,8.99%,$1.81B,$0.11B,5.96%,$0.11B,$0.36B,28.00%,$0.11B,$0.26B,38.23%,$0.11B,$0.94B,10.62%,$0.18B,$0.59B,29.36%,$340,$222,$118,$0,$105,$326,$14,$-4,$10,$3,$7,$7,$7,$24,$14,$145,147,$0.05,$0.05,$36,$239,$0,$651,$168,$0,$105,$8,$287,$938,$332,$226,$6,$241,$574,$36,$342,$-13,$364,$938,$7,$10,$1,$12,$-43,$-33,$0,$-5,$-91,$-73,$-9,$0,$0,$0,$0,$0,$-1,$-10,$-1,$23,$22,$0,$0,$-5,$2,$19,$-64,$1,$-5
39,2008-10-31,7.35,$2.57,2.86,$12.05,0.61,$0.32,22.95,$0.77,9.61,$0.64B,$0.32B,1.99,$0.23B,$0.37B,0.62,$1.88B,$0.65B,34.75%,$1.88B,$0.20B,10.54%,$1.88B,$0.20B,10.54%,$1.88B,$0.25B,13.09%,$1.88B,$0.18B,9.69%,$1.88B,$0.12B,6.39%,$0.12B,$0.37B,31.31%,$0.12B,$0.26B,42.82%,$0.12B,$0.93B,11.54%,$0.20B,$0.59B,32.42%,$341,$239,$102,$0,$101,$341,$1,$-3,$-2,$-2,$0,$0,$0,$16,$1,$151,154,$0.01,$0.01,$99,$207,$0,$644,$169,$0,$105,$8,$288,$932,$324,$228,$6,$243,$568,$35,$338,$-9,$365,$932,$120,$48,$1,$49,$15,$30,$0,$1,$47,$216,$-48,$0,$-3,$0,$0,$0,$-0,$-52,$-1,$3,$1,$-106,$-106,$-23,$4,$-124,$37,$6,$-23
40,2008-07-31,7.09,$2.78,2.55,$11.82,0.6,$0.08,90.05,$0.81,8.8,$0.70B,$0.35B,2.02,$0.23B,$0.40B,0.57,$1.87B,$0.67B,35.67%,$1.87B,$0.21B,11.12%,$1.87B,$0.21B,11.12%,$1.87B,$0.25B,13.48%,$1.87B,$0.19B,10.32%,$1.87B,$0.13B,6.79%,$0.13B,$0.40B,33.03%,$0.13B,$0.30B,44.92%,$0.13B,$0.99B,12.16%,$0.21B,$0.63B,33.97%,$493,$319,$174,$0,$111,$430,$63,$-5,$58,$20,$38,$38,$38,$73,$63,$152,155,$0.25,$0.25,$55,$212,$0,$703,$174,$0,$102,$8,$290,$992,$348,$227,$6,$243,$591,$36,$364,$1,$402,$992,$120,$32,$3,$35,$-79,$40,$0,$-4,$-29,$126,$-33,$0,$0,$0,$0,$0,$-1,$-34,$-1,$-0,$-1,$-83,$-83,$-17,$4,$-98,$-7,$4,$-17
41,2008-04-30,9.19,$2.76,3.33,$11.50,0.8,$-0.21,0.0,$0.81,11.31,$0.92B,$0.55B,1.67,$0.23B,$0.41B,0.55,$1.86B,$0.67B,36.10%,$1.86B,$0.21B,11.42%,$1.86B,$0.21B,11.42%,$1.86B,$0.26B,13.79%,$1.86B,$0.20B,10.72%,$1.86B,$0.13B,7.06%,$0.13B,$0.41B,32.53%,$0.13B,$0.31B,42.99%,$0.13B,$1.20B,12.34%,$0.21B,$0.64B,33.66%,$639,$411,$228,$0,$125,$536,$103,$-6,$97,$34,$63,$63,$63,$114,$103,$153,157,$0.41,$0.40,$32,$265,$0,$915,$172,$0,$102,$8,$289,$1204,$547,$228,$7,$245,$792,$37,$374,$0,$412,$1204,$81,$22,$2,$24,$-261,$-14,$0,$-3,$-216,$-111,$-22,$0,$0,$0,$0,$0,$-1,$-22,$-1,$151,$150,$-35,$-35,$-11,$0,$104,$-30,$3,$-11
42,2008-01-31,10.66,$2.36,4.51,$11.49,0.93,$-0.20,0.0,$0.86,12.47,$0.74B,$0.43B,1.72,$0.23B,$0.35B,0.64,$1.90B,$0.69B,36.08%,$1.90B,$0.23B,11.97%,$1.90B,$0.23B,11.97%,$1.90B,$0.27B,14.23%,$1.90B,$0.22B,11.40%,$1.90B,$0.14B,7.51%,$0.14B,$0.35B,34.65%,$0.14B,$0.25B,44.90%,$0.14B,$1.03B,13.47%,$0.23B,$0.58B,35.71%,$406,$257,$149,$0,$117,$374,$32,$-3,$29,$10,$19,$19,$19,$43,$32,$154,158,$0.12,$0.12,$30,$296,$0,$742,$171,$0,$103,$9,$289,$1031,$432,$228,$7,$245,$677,$37,$320,$-3,$354,$1031,$19,$11,$0,$11,$-62,$-47,$0,$-4,$-100,$-70,$-11,$0,$0,$0,$0,$0,$-0,$-11,$-0,$85,$85,$-31,$-31,$-6,$0,$49,$-32,$2,$-6
43,2007-10-31,11.99,$2.44,4.91,$11.15,1.08,$-0.42,0.0,$0.85,14.15,$0.67B,$0.34B,1.95,$0.23B,$0.37B,0.61,$1.88B,$0.68B,36.12%,$1.88B,$0.22B,11.93%,$1.88B,$0.22B,11.93%,$1.88B,$0.27B,14.17%,$1.88B,$0.21B,11.40%,$1.88B,$0.14B,7.57%,$0.14B,$0.37B,33.75%,$0.14B,$0.27B,43.00%,$0.14B,$0.95B,13.36%,$0.22B,$0.60B,36.45%,$332,$216,$116,$0,$106,$322,$10,$-1,$9,$3,$7,$7,$7,$22,$10,$163,167,$0.05,$0.04,$62,$251,$0,$665,$171,$0,$101,$9,$286,$951,$341,$228,$1,$239,$580,$38,$335,$-3,$370,$951,$142,$42,$7,$49,$9,$-2,$0,$-1,$-8,$184,$-42,$0,$-10,$0,$0,$0,$1,$-50,$46,$-0,$46,$-170,$-170,$-19,$14,$-129,$7,$7,$-19
44,2007-07-31,12.09,$2.99,4.05,$11.03,1.1,$-0.41,0.0,$0.83,14.52,$0.79B,$0.35B,2.25,$0.22B,$0.48B,0.47,$1.87B,$0.67B,35.91%,$1.87B,$0.23B,12.01%,$1.87B,$0.23B,12.01%,$1.87B,$0.27B,14.19%,$1.87B,$0.21B,11.37%,$1.87B,$0.14B,7.42%,$0.14B,$0.48B,32.61%,$0.14B,$0.39B,41.00%,$0.14B,$1.06B,13.18%,$0.23B,$0.70B,37.08%,$479,$301,$177,$0,$111,$412,$67,$-3,$64,$21,$42,$42,$42,$77,$67,$162,167,$0.26,$0.26,$94,$243,$0,$789,$171,$0,$87,$11,$271,$1060,$351,$223,$0,$234,$585,$40,$440,$-4,$475,$1060,$136,$30,$3,$33,$-87,$0,$0,$-4,$-86,$84,$-33,$0,$-1,$0,$0,$0,$1,$-33,$46,$1,$47,$-59,$-59,$-15,$13,$-13,$39,$5,$-15
45,2007-04-30,10.78,$2.82,3.83,$10.86,0.99,$-0.50,0.0,$0.81,13.4,$0.94B,$0.52B,1.8,$0.22B,$0.45B,0.49,$1.87B,$0.67B,35.56%,$1.87B,$0.22B,11.75%,$1.87B,$0.22B,11.75%,$1.87B,$0.26B,13.93%,$1.87B,$0.21B,11.16%,$1.87B,$0.14B,7.31%,$0.14B,$0.45B,32.87%,$0.14B,$0.37B,41.55%,$0.14B,$1.21B,13.17%,$0.22B,$0.68B,37.61%,$687,$442,$245,$0,$126,$568,$119,$-4,$115,$40,$75,$75,$75,$129,$119,$164,169,$0.46,$0.44,$41,$248,$0,$937,$169,$0,$87,$11,$269,$1206,$522,$223,$0,$233,$754,$40,$417,$-5,$452,$1206,$93,$20,$2,$22,$-283,$-6,$0,$-2,$-236,$-120,$-22,$0,$-1,$0,$0,$0,$-0,$-23,$121,$45,$167,$-35,$-35,$-10,$5,$128,$-15,$4,$-10
46,2007-01-31,10.98,$2.40,4.58,$10.46,1.05,$-0.26,0.0,$0.75,14.59,$0.77B,$0.54B,1.42,$0.10B,$0.39B,0.26,$1.85B,$0.65B,35.28%,$1.85B,$0.21B,11.22%,$1.85B,$0.21B,11.22%,$1.85B,$0.25B,13.44%,$1.85B,$0.20B,10.68%,$1.85B,$0.13B,7.15%,$0.13B,$0.39B,31.81%,$0.13B,$0.30B,40.24%,$0.13B,$1.03B,12.84%,$0.21B,$0.49B,36.24%,$379,$239,$140,$0,$112,$351,$28,$-2,$26,$7,$18,$18,$18,$38,$28,$165,169,$0.11,$0.11,$30,$307,$0,$765,$169,$0,$87,$10,$269,$1034,$539,$100,$0,$109,$649,$40,$352,$-6,$386,$1034,$18,$10,$2,$12,$-63,$-67,$0,$-6,$-142,$-111,$-12,$0,$-1,$0,$0,$0,$-1,$-14,$0,$127,$127,$-25,$-25,$-5,$3,$100,$-25,$2,$-5
47,2006-10-31,9.22,$2.43,3.8,$10.27,0.9,$0.13,69.61,$0.72,12.76,$0.65B,$0.34B,1.91,$0.18B,$0.39B,0.45,$1.84B,$0.64B,35.02%,$1.84B,$0.20B,11.11%,$1.84B,$0.20B,11.11%,$1.84B,$0.25B,13.34%,$1.84B,$0.19B,10.46%,$1.84B,$0.13B,6.97%,$0.13B,$0.39B,30.75%,$0.13B,$0.31B,38.82%,$0.13B,$0.92B,12.66%,$0.20B,$0.57B,34.50%,$329,$219,$111,$0,$100,$319,$11,$-2,$8,$4,$4,$4,$4,$22,$11,$172,177,$0.03,$0.03,$56,$239,$0,$654,$166,$0,$87,$10,$265,$919,$343,$175,$0,$184,$527,$40,$359,$-7,$392,$919,$129,$43,$6,$49,$0,$-1,$0,$9,$12,$190,$-39,$0,$0,$0,$0,$0,$1,$-38,$-0,$-0,$-0,$-136,$-136,$-15,$13,$-138,$14,$7,$-15
