,Date,Stock Price,Book Value per Share,Price to Book Ratio,TTM Sales per Share,Price to Sales Ratio,TTM FCF per Share,Price to FCF Ratio,TTM Net EPS,PE Ratio,Current Assets,Current Liabilities,Current Ratio,Long Term Debt,Shareholder's Equity_x,Debt to Equity Ratio,TTM Revenue_x,TTM Gross Profit,Gross Margin,TTM Revenue_y,TTM Operating Income,Operating Margin,TTM Revenue_x,TTM EBIT,EBIT Margin,TTM Revenue_y,TTM EBITDA,EBITDA Margin,TTM Revenue_x,TTM Pre-Tax Income,Pre-Tax Margin,TTM Revenue_y,TTM Net Income_x,Net Margin,TTM Net Income_y,Shareholder's Equity_y,Return on Equity,TTM Net Income_x,Tangible Equity,Return on Tangible Equity,TTM Net Income_y,Total Assets,Return on Assets,TTM Net Income,LT Investments & Debt,Return on Investment,revenue,cost-goods-sold,gross-profit,research-development-expenses,selling-general-administrative-expenses,operating-expenses,operating-income,total-non-operating-income-expense,pre-tax-income,total-provision-income-taxes,income-after-taxes,income-from-continuous-operations,net-income,ebitda,ebit,basic-shares-outstanding,shares-outstanding,eps-basic-net-earnings-per-share,eps-earnings-per-share-diluted,cash-on-hand,inventory,other-current-assets,total-current-assets,net-property-plant-equipment,long-term-investments,goodwill-intangible-assets-total,other-long-term-assets,total-long-term-assets,total-assets,total-current-liabilities,long-term-debt,other-non-current-liabilities,total-long-term-liabilities,total-liabilities,common-stock-net,retained-earnings-accumulated-deficit,comprehensive-income,total-share-holder-equity,total-liabilities-share-holders-equity,net-income-loss,total-depreciation-amortization-cash-flow,other-non-cash-items,total-non-cash-items,change-in-accounts-receivable,change-in-inventories,change-in-accounts-payable,change-in-assets-liabilities,total-change-in-assets-liabilities,cash-flow-from-operating-activities,net-change-in-property-plant-equipment,net-change-in-intangible-assets,net-acquisitions-divestitures,net-change-in-short-term-investments,net-change-in-long-term-investments,net-change-in-investments-total,investing-activities-other,cash-flow-from-investing-activities,net-long-term-debt,net-current-debt,debt-issuance-retirement-net-total,net-common-equity-issued-repurchased,net-total-equity-issued-repurchased,total-common-preferred-stock-dividends-paid,financial-activities-other,cash-flow-from-financial-activities,net-cash-flow,stock-based-compensation,common-stock-dividends-paid
0,2018-09-30,25.9,$7.12,3.64,$32.70,0.79,$7.40,3.5,$-0.55,0.0,$0.50B,$0.24B,2.07,$0.27B,$0.33B,0.83,$1.52B,$0.36B,23.73%,$1.52B,$0.09B,6.00%,$1.52B,$0.09B,6.00%,$1.52B,$0.16B,10.61%,$1.52B,$0.05B,3.43%,$1.52B,$-0.03B,-1.65%,$-0.03B,$0.33B,-7.30%,$-0.03B,$0.04B,-50.00%,$-0.03B,$1.04B,-2.41%,$0.09B,$0.60B,14.12%,$365,$287,$78,$0,$43,$350,$15,$-6,$9,$2,$7,$7,$5,$33,$15,$46,46,$0.12,$0.12,$94,$0,$8,$503,$161,$0,$285,$67,$536,$1039,$243,$273,$169,$467,$710,$0,$705,$-126,$329,$1039,$19,$54,$31,$85,$77,$0,$0,$-30,$62,$166,$-32,$0,$-2,$0,$-2,$-2,$0,$-36,$-76,$0,$-76,$0,$0,$-12,$-7,$-96,$19,$9,$-12
1,2018-06-30,34.55,$7.20,4.8,$32.56,1.06,$6.78,5.09,$-0.35,0.0,$0.48B,$0.20B,2.38,$0.29B,$0.33B,0.87,$1.51B,$0.37B,24.16%,$1.51B,$0.09B,6.09%,$1.51B,$0.09B,6.09%,$1.51B,$0.16B,10.66%,$1.51B,$0.06B,4.04%,$1.51B,$-0.02B,-0.99%,$-0.02B,$0.33B,-4.17%,$-0.02B,$0.04B,-18.35%,$-0.02B,$0.99B,-1.48%,$0.09B,$0.62B,13.99%,$350,$274,$76,$0,$44,$336,$14,$-7,$7,$1,$6,$6,$6,$31,$14,$46,46,$0.12,$0.12,$71,$0,$9,$481,$156,$0,$291,$43,$508,$989,$202,$289,$139,$455,$657,$0,$713,$-129,$332,$989,$12,$36,$27,$63,$66,$0,$0,$-26,$29,$105,$-17,$0,$-2,$0,$-2,$-2,$0,$-21,$-55,$-3,$-58,$0,$0,$-12,$-4,$-74,$-3,$6,$-12
2,2018-03-31,30.7,$7.51,4.09,$32.68,0.94,$6.97,4.41,$-0.15,0.0,$0.52B,$0.23B,2.3,$0.30B,$0.35B,0.88,$1.51B,$0.37B,24.70%,$1.51B,$0.10B,6.61%,$1.51B,$0.10B,6.61%,$1.51B,$0.17B,11.10%,$1.51B,$0.07B,4.69%,$1.51B,$-0.01B,-0.40%,$-0.01B,$0.35B,-1.60%,$-0.01B,$0.05B,-5.29%,$-0.01B,$1.04B,-0.60%,$0.10B,$0.65B,15.03%,$375,$283,$92,$0,$47,$350,$25,$-17,$8,$2,$6,$6,$5,$43,$25,$46,46,$0.10,$0.10,$82,$0,$7,$518,$157,$0,$294,$49,$517,$1035,$225,$303,$136,$465,$690,$0,$707,$-108,$345,$1035,$6,$19,$21,$40,$41,$0,$0,$-22,$22,$67,$-8,$0,$-0,$0,$-2,$-2,$0,$-10,$-42,$-2,$-43,$0,$0,$-1,$-2,$-46,$7,$4,$-1
3,2017-12-31,39.9,$7.91,5.04,$31.90,1.25,$7.04,5.67,$0.17,234.7,$0.54B,$0.20B,2.69,$0.34B,$0.36B,0.95,$1.48B,$0.37B,24.78%,$1.48B,$0.10B,6.84%,$1.48B,$0.10B,6.84%,$1.48B,$0.17B,11.31%,$1.48B,$0.09B,6.03%,$1.48B,$0.01B,0.54%,$0.01B,$0.36B,2.09%,$0.01B,$0.06B,5.17%,$0.01B,$1.08B,0.84%,$0.10B,$0.71B,15.71%,$427,$313,$114,$0,$50,$390,$37,$-8,$28,$69,$-41,$-41,$-41,$54,$37,$46,46,$-0.90,$-0.90,$74,$0,$8,$543,$163,$0,$299,$62,$536,$1079,$202,$344,$143,$514,$716,$0,$722,$-102,$363,$1079,$11,$67,$34,$101,$-59,$0,$0,$41,$1,$113,$-52,$0,$-116,$0,$-1,$-1,$0,$-169,$127,$-6,$121,$-16,$-16,$-22,$-11,$72,$19,$12,$-22
4,2017-09-30,41.14,$8.72,4.72,$29.93,1.37,$7.00,5.88,$1.05,39.19,$0.47B,$0.22B,2.13,$0.26B,$0.40B,0.64,$1.40B,$0.35B,24.87%,$1.40B,$0.07B,5.02%,$1.40B,$0.07B,5.02%,$1.40B,$0.14B,9.75%,$1.40B,$0.07B,4.87%,$1.40B,$0.05B,3.44%,$0.05B,$0.40B,12.53%,$0.05B,$0.17B,25.40%,$0.05B,$0.95B,5.38%,$0.07B,$0.66B,11.46%,$359,$276,$83,$0,$45,$343,$16,$2,$18,$2,$16,$16,$15,$33,$16,$46,46,$0.32,$0.32,$79,$0,$9,$468,$162,$0,$228,$60,$481,$950,$220,$255,$59,$330,$550,$0,$763,$-104,$400,$950,$52,$49,$16,$65,$13,$0,$0,$-13,$33,$150,$-44,$0,$-81,$0,$-1,$-1,$0,$-126,$33,$0,$33,$-16,$-16,$-10,$-8,$-1,$24,$8,$-10
5,2017-06-30,40.21,$8.65,4.65,$28.80,1.4,$6.24,6.44,$0.97,41.45,$0.45B,$0.20B,2.26,$0.26B,$0.40B,0.65,$1.35B,$0.34B,25.43%,$1.35B,$0.07B,4.97%,$1.35B,$0.07B,4.97%,$1.35B,$0.13B,9.86%,$1.35B,$0.06B,4.60%,$1.35B,$0.04B,3.26%,$0.04B,$0.40B,11.53%,$0.04B,$0.17B,21.08%,$0.04B,$0.93B,5.14%,$0.07B,$0.65B,11.59%,$353,$268,$85,$0,$44,$332,$22,$-4,$17,$2,$16,$16,$15,$38,$22,$46,46,$0.32,$0.32,$78,$0,$9,$450,$160,$0,$228,$59,$480,$930,$199,$257,$63,$336,$535,$0,$760,$-105,$395,$930,$36,$32,$14,$46,$27,$0,$0,$-10,$43,$125,$-30,$0,$-79,$0,$-1,$-1,$0,$-110,$40,$-3,$37,$-16,$-16,$-10,$-4,$6,$23,$5,$-10
6,2017-03-31,29.17,$8.20,3.56,$27.47,1.06,$4.73,6.17,$0.89,32.78,$0.42B,$0.20B,2.09,$0.18B,$0.38B,0.49,$1.30B,$0.34B,25.83%,$1.30B,$0.06B,4.69%,$1.30B,$0.06B,4.69%,$1.30B,$0.13B,9.92%,$1.30B,$0.06B,4.61%,$1.30B,$0.04B,3.15%,$0.04B,$0.38B,10.54%,$0.04B,$0.22B,17.63%,$0.04B,$0.84B,4.95%,$0.06B,$0.56B,11.00%,$338,$254,$84,$0,$43,$312,$26,$-1,$26,$5,$20,$20,$19,$42,$26,$46,46,$0.42,$0.42,$66,$0,$13,$424,$152,$0,$159,$58,$416,$840,$203,$182,$64,$262,$465,$0,$745,$-113,$375,$840,$20,$15,$-0,$15,$29,$0,$0,$1,$40,$75,$-12,$0,$0,$0,$-1,$-1,$-1,$-14,$-35,$-1,$-37,$-12,$-12,$-1,$-1,$-50,$11,$2,$-1
7,2016-12-31,29.83,$7.85,3.8,$26.57,1.12,$3.33,8.97,$0.70,42.62,$0.43B,$0.18B,2.41,$0.22B,$0.36B,0.6,$1.28B,$0.33B,26.12%,$1.28B,$0.05B,4.16%,$1.28B,$0.05B,4.16%,$1.28B,$0.12B,9.65%,$1.28B,$0.05B,3.92%,$1.28B,$0.03B,2.59%,$0.03B,$0.36B,8.08%,$0.03B,$0.20B,13.19%,$0.03B,$0.85B,3.95%,$0.05B,$0.58B,9.43%,$345,$250,$95,$0,$45,$339,$6,$0,$7,$6,$0,$0,$-1,$23,$6,$47,48,$0.00,$0.00,$55,$0,$11,$434,$151,$0,$160,$48,$413,$846,$180,$217,$72,$304,$484,$0,$736,$-127,$362,$846,$37,$70,$43,$113,$-8,$0,$0,$-12,$-39,$112,$-51,$0,$-46,$0,$-3,$-3,$0,$-100,$117,$-3,$114,$-74,$-74,$-18,$-23,$-2,$-5,$10,$-18
8,2016-09-30,28.36,$8.46,3.35,$26.32,1.08,$3.51,8.08,$1.06,26.75,$0.40B,$0.20B,2.01,$0.13B,$0.40B,0.33,$1.27B,$0.33B,26.26%,$1.27B,$0.07B,5.66%,$1.27B,$0.07B,5.66%,$1.27B,$0.14B,11.24%,$1.27B,$0.07B,5.27%,$1.27B,$0.05B,4.01%,$0.05B,$0.40B,11.92%,$0.05B,$0.25B,18.98%,$0.05B,$0.81B,6.11%,$0.07B,$0.52B,13.04%,$313,$234,$79,$0,$41,$300,$13,$-1,$12,$-1,$13,$13,$11,$30,$13,$47,47,$0.24,$0.24,$61,$0,$10,$397,$164,$0,$145,$45,$410,$807,$198,$129,$70,$214,$412,$0,$737,$-110,$395,$807,$37,$53,$24,$77,$24,$0,$0,$-17,$-3,$111,$-39,$0,$-0,$0,$0,$0,$0,$-39,$29,$-2,$27,$-57,$-57,$-12,$-19,$-61,$1,$7,$-12
9,2016-06-30,26.35,$8.96,2.94,$26.03,1.01,$3.36,7.85,$1.05,25.1,$0.40B,$0.18B,2.23,$0.14B,$0.42B,0.32,$1.27B,$0.34B,26.66%,$1.27B,$0.08B,5.91%,$1.27B,$0.08B,5.91%,$1.27B,$0.15B,11.44%,$1.27B,$0.07B,5.44%,$1.27B,$0.05B,4.02%,$0.05B,$0.42B,11.73%,$0.05B,$0.26B,18.98%,$0.05B,$0.82B,6.02%,$0.08B,$0.56B,13.50%,$305,$227,$78,$0,$45,$289,$16,$-1,$15,$3,$13,$13,$12,$34,$16,$48,48,$0.24,$0.24,$55,$0,$0,$398,$170,$0,$161,$46,$425,$822,$178,$135,$70,$220,$398,$0,$734,$-99,$424,$822,$24,$36,$10,$46,$24,$0,$0,$-20,$-15,$55,$-28,$0,$-0,$0,$0,$0,$0,$-28,$35,$-1,$34,$-36,$-36,$-9,$-19,$-30,$-5,$5,$-9
10,2016-03-31,26.97,$9.36,2.88,$26.02,1.04,$3.93,6.86,$1.11,24.29,$0.44B,$0.20B,2.25,$0.13B,$0.45B,0.3,$1.27B,$0.35B,27.26%,$1.27B,$0.08B,6.44%,$1.27B,$0.08B,6.44%,$1.27B,$0.15B,11.78%,$1.27B,$0.08B,6.05%,$1.27B,$0.05B,4.24%,$0.05B,$0.45B,12.20%,$0.05B,$0.29B,19.85%,$0.05B,$0.87B,6.30%,$0.08B,$0.59B,14.68%,$312,$231,$81,$0,$46,$295,$18,$-1,$16,$5,$12,$12,$11,$36,$18,$48,49,$0.23,$0.23,$75,$0,$0,$441,$170,$0,$164,$45,$425,$866,$196,$133,$66,$218,$414,$0,$723,$-86,$452,$866,$12,$18,$4,$22,$0,$0,$0,$-11,$-21,$13,$-15,$0,$-0,$0,$0,$0,$0,$-15,$33,$-1,$32,$-9,$-9,$0,$-11,$12,$15,$3,$0
11,2015-12-31,26.93,$9.09,2.96,$26.24,1.03,$3.79,7.11,$1.26,21.38,$0.42B,$0.21B,2.01,$0.10B,$0.44B,0.23,$1.29B,$0.36B,27.89%,$1.29B,$0.09B,6.99%,$1.29B,$0.09B,6.99%,$1.29B,$0.16B,12.12%,$1.29B,$0.09B,6.60%,$1.29B,$0.06B,4.82%,$0.06B,$0.44B,13.98%,$0.06B,$0.28B,23.13%,$0.06B,$0.84B,7.23%,$0.09B,$0.54B,16.14%,$342,$246,$96,$0,$49,$317,$25,$-1,$24,$7,$18,$18,$17,$43,$25,$48,49,$0.35,$0.35,$60,$0,$0,$415,$168,$0,$165,$42,$428,$843,$207,$100,$76,$196,$403,$0,$721,$-101,$441,$843,$66,$65,$29,$94,$-20,$0,$0,$-18,$-22,$138,$-66,$0,$-2,$0,$-9,$-9,$0,$-77,$0,$-3,$-3,$-16,$-16,$-17,$-20,$-57,$-17,$11,$-17
12,2015-09-30,25.85,$8.72,2.97,$26.01,0.99,$2.86,9.05,$1.35,19.15,$0.45B,$0.22B,2.01,$0.12B,$0.42B,0.27,$1.28B,$0.36B,28.14%,$1.28B,$0.10B,7.40%,$1.28B,$0.10B,7.40%,$1.28B,$0.16B,12.39%,$1.28B,$0.09B,7.25%,$1.28B,$0.07B,5.22%,$0.07B,$0.42B,14.92%,$0.07B,$0.25B,25.00%,$0.07B,$0.86B,7.80%,$0.10B,$0.54B,16.87%,$309,$226,$83,$0,$48,$294,$16,$-2,$14,$1,$12,$12,$11,$32,$16,$48,49,$0.23,$0.23,$86,$0,$0,$450,$166,$0,$172,$46,$408,$858,$224,$115,$81,$212,$436,$0,$704,$-103,$422,$858,$48,$48,$22,$70,$5,$0,$0,$-18,$-2,$116,$-49,$0,$-2,$0,$-9,$-9,$0,$-60,$15,$-3,$12,$-16,$-16,$-12,$-11,$-27,$9,$9,$-12
13,2015-06-30,25.96,$9.45,2.75,$25.82,1.01,$1.68,15.42,$1.39,18.67,$0.45B,$0.20B,2.2,$0.12B,$0.46B,0.25,$1.28B,$0.36B,28.44%,$1.28B,$0.10B,7.81%,$1.28B,$0.10B,7.81%,$1.28B,$0.16B,12.66%,$1.28B,$0.10B,7.73%,$1.28B,$0.07B,5.39%,$0.07B,$0.46B,14.98%,$0.07B,$0.28B,25.11%,$0.07B,$0.86B,8.02%,$0.10B,$0.57B,17.41%,$310,$224,$87,$0,$47,$287,$23,$-0,$23,$8,$15,$15,$15,$39,$23,$48,49,$0.30,$0.30,$94,$0,$0,$445,$160,$0,$180,$47,$419,$863,$202,$115,$74,$205,$408,$0,$702,$-75,$456,$863,$36,$32,$7,$39,$9,$0,$0,$-12,$11,$86,$-29,$0,$-2,$0,$-9,$-9,$0,$-40,$15,$-2,$13,$-12,$-12,$-11,$-12,$-21,$17,$5,$-11
14,2015-03-31,24.4,$9.40,2.59,$25.39,0.96,$0.49,50.27,$1.43,17.06,$0.46B,$0.19B,2.39,$0.13B,$0.46B,0.28,$1.27B,$0.36B,28.46%,$1.27B,$0.10B,7.75%,$1.27B,$0.10B,7.75%,$1.27B,$0.16B,12.49%,$1.27B,$0.10B,7.91%,$1.27B,$0.07B,5.61%,$0.07B,$0.46B,15.15%,$0.07B,$0.27B,24.76%,$0.07B,$0.86B,8.37%,$0.10B,$0.58B,16.93%,$326,$233,$93,$0,$50,$299,$26,$-2,$24,$4,$20,$20,$19,$42,$26,$48,49,$0.39,$0.38,$66,$0,$0,$455,$150,$0,$184,$45,$409,$864,$191,$126,$77,$219,$410,$0,$687,$-66,$455,$864,$20,$16,$1,$17,$-25,$0,$0,$-1,$-33,$4,$-13,$0,$-0,$0,$-9,$-9,$0,$-22,$26,$-1,$25,$-6,$-6,$-10,$-1,$9,$-12,$3,$-10
15,2014-12-31,22.53,$9.56,2.36,$24.70,0.91,$0.64,34.93,$1.45,15.54,$0.45B,$0.20B,2.24,$0.10B,$0.46B,0.22,$1.24B,$0.36B,28.61%,$1.24B,$0.10B,7.74%,$1.24B,$0.10B,7.74%,$1.24B,$0.15B,12.41%,$1.24B,$0.10B,8.06%,$1.24B,$0.07B,5.80%,$0.07B,$0.46B,15.25%,$0.07B,$0.28B,24.45%,$0.07B,$0.85B,8.57%,$0.10B,$0.56B,16.67%,$338,$240,$98,$0,$51,$308,$30,$2,$32,$9,$23,$23,$22,$46,$30,$49,50,$0.46,$0.43,$77,$0,$0,$445,$150,$0,$189,$37,$407,$852,$199,$100,$74,$191,$389,$0,$678,$-52,$463,$852,$77,$58,$13,$71,$-41,$0,$0,$-5,$-54,$94,$-68,$0,$-24,$0,$0,$0,$0,$-92,$0,$-5,$-5,$-57,$-57,$0,$-13,$-74,$-81,$11,$0
16,2014-09-30,23.39,$9.58,2.44,$24.04,0.97,$1.79,13.06,$1.39,16.82,$0.44B,$0.19B,2.33,$0.12B,$0.47B,0.25,$1.22B,$0.35B,28.99%,$1.22B,$0.10B,8.11%,$1.22B,$0.10B,8.11%,$1.22B,$0.15B,12.61%,$1.22B,$0.10B,7.94%,$1.22B,$0.07B,5.65%,$0.07B,$0.47B,14.53%,$0.07B,$0.28B,22.64%,$0.07B,$0.86B,8.23%,$0.10B,$0.58B,17.11%,$306,$220,$86,$0,$50,$285,$21,$-1,$20,$6,$15,$15,$13,$35,$21,$49,50,$0.27,$0.27,$88,$0,$0,$439,$148,$0,$191,$40,$422,$861,$189,$115,$75,$205,$394,$0,$656,$-34,$468,$861,$54,$42,$20,$62,$-24,$0,$0,$-12,$-54,$62,$-52,$0,$-24,$0,$0,$0,$0,$-76,$15,$-4,$11,$-47,$-47,$0,$-12,$-48,$-70,$9,$0
17,2014-06-30,27.58,$9.93,2.78,$23.66,1.17,$2.46,11.21,$1.46,18.89,$0.43B,$0.16B,2.66,$0.10B,$0.49B,0.21,$1.21B,$0.36B,29.37%,$1.21B,$0.10B,8.58%,$1.21B,$0.10B,8.58%,$1.21B,$0.16B,12.95%,$1.21B,$0.10B,8.50%,$1.21B,$0.07B,6.11%,$0.07B,$0.49B,15.56%,$0.07B,$0.32B,22.51%,$0.07B,$0.82B,8.89%,$0.10B,$0.59B,17.93%,$295,$212,$83,$0,$48,$275,$21,$3,$24,$5,$18,$18,$17,$35,$21,$49,50,$0.34,$0.34,$98,$0,$0,$431,$141,$0,$165,$45,$385,$817,$162,$100,$51,$166,$328,$0,$642,$-6,$489,$817,$39,$28,$3,$32,$-9,$0,$0,$-7,$-39,$32,$-34,$0,$-9,$0,$0,$0,$0,$-43,$0,$-3,$-3,$-37,$-37,$-4,$-7,$-51,$-60,$6,$-4
18,2014-03-31,23.32,$9.44,2.47,$23.27,1.0,$3.02,7.72,$1.35,17.27,$0.45B,$0.19B,2.39,$0.10B,$0.47B,0.21,$1.21B,$0.35B,29.33%,$1.21B,$0.10B,8.53%,$1.21B,$0.10B,8.53%,$1.21B,$0.15B,12.68%,$1.21B,$0.10B,7.95%,$1.21B,$0.07B,5.72%,$0.07B,$0.47B,14.63%,$0.07B,$0.30B,20.13%,$0.07B,$0.83B,8.31%,$0.10B,$0.57B,17.80%,$302,$214,$88,$0,$50,$278,$24,$-0,$24,$3,$21,$21,$20,$38,$24,$50,51,$0.40,$0.40,$120,$0,$0,$449,$133,$0,$167,$43,$383,$832,$188,$100,$61,$174,$363,$0,$627,$-25,$469,$832,$21,$14,$3,$17,$-8,$0,$0,$-6,$-25,$14,$-15,$0,$-8,$0,$0,$0,$0,$-23,$0,$-2,$-2,$-20,$-20,$0,$-2,$-24,$-38,$3,$0
19,2013-12-31,22.78,$9.40,2.42,$22.76,1.0,$3.09,7.36,$1.29,17.66,$0.47B,$0.19B,2.46,$0.10B,$0.47B,0.21,$1.19B,$0.35B,29.00%,$1.19B,$0.10B,8.55%,$1.19B,$0.10B,8.55%,$1.19B,$0.15B,12.49%,$1.19B,$0.09B,7.80%,$1.19B,$0.07B,5.62%,$0.07B,$0.47B,13.87%,$0.07B,$0.32B,18.02%,$0.07B,$0.84B,8.03%,$0.10B,$0.57B,17.18%,$318,$221,$97,$0,$51,$285,$33,$-4,$29,$8,$21,$21,$19,$46,$33,$51,52,$0.38,$0.38,$158,$0,$0,$470,$127,$0,$158,$46,$373,$842,$191,$100,$64,$178,$369,$1,$607,$-21,$473,$842,$71,$48,$27,$75,$7,$0,$0,$-13,$-8,$138,$-50,$0,$-9,$0,$0,$0,$0,$-60,$-8,$-2,$-10,$-56,$-56,$0,$-5,$-71,$-6,$13,$0
20,2013-09-30,23.87,$9.33,2.56,$21.99,1.09,$2.62,9.11,$1.29,18.5,$0.47B,$0.18B,2.61,$0.12B,$0.47B,0.25,$1.17B,$0.33B,28.38%,$1.17B,$0.10B,8.12%,$1.17B,$0.10B,8.12%,$1.17B,$0.14B,11.97%,$1.17B,$0.09B,7.52%,$1.17B,$0.07B,5.81%,$0.07B,$0.47B,13.89%,$0.07B,$0.37B,17.30%,$0.07B,$0.84B,8.12%,$0.10B,$0.59B,15.77%,$297,$209,$88,$0,$50,$271,$26,$-0,$26,$6,$19,$19,$18,$38,$26,$51,52,$0.35,$0.34,$145,$0,$0,$467,$120,$0,$99,$106,$371,$838,$179,$118,$58,$188,$367,$1,$589,$-8,$471,$838,$50,$35,$19,$54,$1,$0,$0,$-14,$-28,$77,$-32,$0,$-9,$0,$0,$0,$0,$-41,$8,$-1,$8,$-51,$-51,$0,$-2,$-46,$-20,$10,$0
21,2013-06-30,22.29,$9.23,2.42,$21.45,1.04,$2.31,9.64,$1.47,15.16,$0.47B,$0.16B,2.93,$0.11B,$0.47B,0.23,$1.16B,$0.33B,28.39%,$1.16B,$0.10B,8.28%,$1.16B,$0.10B,8.28%,$1.16B,$0.14B,12.08%,$1.16B,$0.09B,7.59%,$1.16B,$0.08B,6.73%,$0.08B,$0.47B,15.71%,$0.08B,$0.38B,19.19%,$0.08B,$0.81B,9.41%,$0.10B,$0.58B,15.95%,$290,$209,$81,$0,$46,$270,$20,$-3,$17,$4,$13,$13,$12,$31,$20,$52,53,$0.24,$0.23,$151,$0,$0,$469,$109,$0,$94,$93,$341,$811,$160,$110,$55,$177,$337,$1,$571,$-5,$474,$811,$31,$23,$10,$33,$-3,$0,$0,$-7,$-24,$40,$-14,$0,$-2,$0,$0,$0,$0,$-15,$-1,$4,$3,$-30,$-30,$-2,$-1,$-30,$-14,$7,$-2
22,2013-03-31,20.18,$9.84,2.05,$21.13,0.95,$2.37,8.5,$1.34,15.06,$0.50B,$0.16B,3.17,$0.12B,$0.51B,0.22,$1.16B,$0.33B,28.32%,$1.16B,$0.08B,7.08%,$1.16B,$0.08B,7.08%,$1.16B,$0.13B,10.88%,$1.16B,$0.08B,6.56%,$1.16B,$0.07B,6.13%,$0.07B,$0.51B,14.34%,$0.07B,$0.42B,17.29%,$0.07B,$0.85B,8.63%,$0.08B,$0.63B,13.84%,$288,$208,$80,$0,$46,$265,$23,$-2,$21,$2,$19,$19,$18,$34,$23,$52,53,$0.34,$0.34,$171,$0,$0,$500,$108,$0,$95,$101,$347,$847,$158,$115,$50,$176,$334,$1,$559,$29,$514,$847,$19,$11,$6,$17,$5,$0,$0,$-15,$-29,$6,$-4,$0,$0,$0,$0,$0,$0,$-4,$9,$0,$9,$-9,$-9,$-1,$1,$-0,$6,$3,$-1
23,2012-12-31,16.94,$9.55,1.77,$20.81,0.81,$2.47,6.85,$1.28,13.23,$0.50B,$0.17B,2.91,$0.11B,$0.50B,0.22,$1.16B,$0.33B,28.29%,$1.16B,$0.08B,6.71%,$1.16B,$0.08B,6.71%,$1.16B,$0.12B,10.40%,$1.16B,$0.07B,6.36%,$1.16B,$0.07B,5.93%,$0.07B,$0.50B,14.18%,$0.07B,$0.40B,16.92%,$0.07B,$0.85B,8.59%,$0.08B,$0.61B,13.53%,$295,$212,$83,$0,$45,$269,$26,$-2,$24,$3,$21,$21,$20,$37,$26,$55,56,$0.37,$0.36,$164,$0,$0,$504,$112,$0,$98,$101,$348,$852,$173,$108,$59,$179,$352,$1,$541,$23,$499,$852,$74,$43,$20,$63,$0,$0,$0,$-14,$-30,$107,$-40,$0,$-41,$0,$0,$0,$0,$-81,$44,$3,$47,$-80,$-80,$0,$-2,$-35,$8,$13,$0
24,2012-09-30,16.22,$9.29,1.75,$20.68,0.78,$2.61,6.22,$1.18,13.75,$0.51B,$0.16B,3.16,$0.09B,$0.50B,0.18,$1.17B,$0.33B,28.06%,$1.17B,$0.07B,6.24%,$1.17B,$0.07B,6.24%,$1.17B,$0.12B,9.84%,$1.17B,$0.07B,6.07%,$1.17B,$0.07B,5.56%,$0.07B,$0.50B,13.56%,$0.07B,$0.43B,15.96%,$0.07B,$0.81B,8.36%,$0.07B,$0.59B,13.08%,$286,$202,$85,$0,$44,$259,$27,$-1,$26,$-4,$30,$30,$28,$38,$27,$54,55,$0.53,$0.52,$170,$0,$0,$510,$111,$0,$72,$77,$295,$806,$162,$88,$45,$145,$307,$1,$520,$19,$499,$806,$53,$32,$15,$47,$1,$0,$0,$-22,$-37,$63,$-33,$0,$-5,$0,$0,$0,$0,$-38,$24,$5,$29,$-54,$-54,$-1,$1,$-26,$14,$10,$-1
25,2012-06-30,15.22,$8.59,1.77,$20.73,0.73,$2.40,6.33,$1.10,13.84,$0.50B,$0.18B,2.73,$0.08B,$0.47B,0.17,$1.19B,$0.33B,27.46%,$1.19B,$0.07B,6.15%,$1.19B,$0.07B,6.15%,$1.19B,$0.12B,9.77%,$1.19B,$0.07B,5.98%,$1.19B,$0.06B,5.22%,$0.06B,$0.47B,13.23%,$0.06B,$0.40B,15.67%,$0.06B,$0.79B,8.04%,$0.07B,$0.55B,13.09%,$289,$209,$80,$0,$46,$282,$6,$-1,$5,$-1,$6,$6,$5,$17,$6,$55,56,$0.10,$0.10,$171,$0,$0,$502,$105,$0,$72,$75,$283,$785,$184,$78,$44,$132,$316,$1,$492,$7,$469,$785,$23,$21,$0,$21,$1,$0,$0,$-10,$4,$49,$-17,$0,$-5,$0,$0,$0,$0,$-22,$13,$7,$19,$-40,$-40,$-1,$1,$-21,$14,$7,$-1
26,2012-03-31,15.32,$8.63,1.78,$20.62,0.74,$2.49,6.15,$1.38,11.1,$0.49B,$0.15B,3.27,$0.09B,$0.48B,0.18,$1.19B,$0.33B,27.60%,$1.19B,$0.09B,7.72%,$1.19B,$0.09B,7.72%,$1.19B,$0.14B,11.33%,$1.19B,$0.09B,7.47%,$1.19B,$0.08B,6.63%,$0.08B,$0.48B,17.01%,$0.08B,$0.41B,20.23%,$0.08B,$0.77B,10.24%,$0.09B,$0.57B,16.32%,$293,$212,$81,$0,$48,$274,$19,$-0,$19,$2,$17,$17,$16,$29,$19,$56,57,$0.28,$0.28,$173,$0,$0,$489,$99,$0,$74,$77,$282,$771,$150,$85,$45,$141,$291,$1,$487,$11,$480,$771,$17,$11,$3,$14,$3,$0,$0,$-4,$-16,$15,$-6,$0,$-5,$0,$0,$0,$0,$-11,$27,$0,$27,$-22,$-22,$0,$-1,$4,$16,$3,$0
27,2011-12-31,15.41,$8.30,1.86,$20.30,0.76,$2.70,5.71,$1.28,12.04,$0.48B,$0.17B,2.81,$0.06B,$0.47B,0.14,$1.18B,$0.33B,27.97%,$1.18B,$0.09B,7.97%,$1.18B,$0.09B,7.97%,$1.18B,$0.14B,11.86%,$1.18B,$0.09B,7.71%,$1.18B,$0.07B,6.19%,$0.07B,$0.47B,16.09%,$0.07B,$0.40B,18.95%,$0.07B,$0.75B,9.66%,$0.09B,$0.53B,17.04%,$301,$218,$82,$0,$50,$280,$21,$0,$21,$4,$17,$17,$16,$31,$21,$57,58,$0.29,$0.28,$156,$0,$0,$478,$100,$0,$71,$65,$269,$747,$170,$64,$33,$107,$277,$1,$471,$-5,$470,$747,$78,$47,$13,$60,$-6,$0,$0,$-2,$-24,$114,$-36,$0,$-46,$0,$0,$0,$-5,$-87,$62,$0,$62,$-49,$-49,$0,$3,$16,$37,$16,$0
28,2011-09-30,14.5,$8.07,1.8,$19.65,0.74,$3.11,4.67,$1.07,13.55,$0.52B,$0.16B,3.33,$0.13B,$0.46B,0.29,$1.16B,$0.33B,28.13%,$1.16B,$0.09B,7.59%,$1.16B,$0.09B,7.59%,$1.16B,$0.14B,11.82%,$1.16B,$0.09B,7.42%,$1.16B,$0.06B,5.35%,$0.06B,$0.46B,13.78%,$0.06B,$0.38B,16.06%,$0.06B,$0.78B,8.44%,$0.09B,$0.59B,16.54%,$304,$221,$83,$0,$43,$278,$27,$-1,$26,$-0,$26,$26,$25,$39,$27,$56,58,$0.45,$0.44,$170,$0,$0,$524,$92,$0,$74,$59,$259,$783,$158,$130,$30,$171,$328,$1,$455,$1,$455,$783,$61,$37,$14,$50,$-26,$0,$0,$-17,$-72,$40,$-19,$0,$-46,$0,$0,$0,$-1,$-65,$129,$0,$129,$-50,$-50,$-3,$5,$81,$50,$12,$-3
29,2011-06-30,20.06,$8.01,2.51,$18.82,1.07,$4.43,4.53,$0.94,21.34,$0.52B,$0.17B,2.98,$0.12B,$0.45B,0.26,$1.13B,$0.32B,28.42%,$1.13B,$0.08B,7.19%,$1.13B,$0.08B,7.19%,$1.13B,$0.13B,11.81%,$1.13B,$0.09B,7.73%,$1.13B,$0.06B,4.97%,$0.06B,$0.45B,12.34%,$0.06B,$0.38B,14.11%,$0.06B,$0.78B,8.05%,$0.08B,$0.57B,16.10%,$294,$210,$83,$0,$47,$269,$25,$-1,$23,$0,$23,$23,$22,$36,$25,$57,58,$0.39,$0.38,$194,$0,$0,$518,$96,$0,$77,$60,$266,$784,$174,$118,$28,$157,$331,$1,$429,$21,$453,$784,$35,$24,$13,$38,$6,$0,$0,$-12,$-24,$48,$-10,$0,$-44,$0,$0,$0,$0,$-54,$117,$0,$117,$-40,$-40,$0,$1,$78,$75,$8,$0
30,2011-03-31,18.44,$7.69,2.4,$18.12,1.02,$4.78,3.86,$0.78,23.64,$0.48B,$0.16B,3.0,$0.08B,$0.44B,0.18,$1.10B,$0.31B,28.17%,$1.10B,$0.08B,6.79%,$1.10B,$0.08B,6.79%,$1.10B,$0.13B,11.87%,$1.10B,$0.08B,7.52%,$1.10B,$0.05B,4.26%,$0.05B,$0.44B,10.42%,$0.05B,$0.39B,11.68%,$0.05B,$0.71B,7.18%,$0.08B,$0.52B,15.92%,$281,$199,$82,$0,$48,$259,$21,$-0,$21,$10,$11,$11,$10,$34,$21,$57,59,$0.18,$0.18,$190,$0,$0,$480,$99,$0,$53,$44,$230,$710,$160,$80,$21,$113,$273,$1,$407,$24,$437,$710,$11,$12,$7,$20,$12,$0,$0,$6,$-6,$25,$-4,$0,$0,$0,$0,$0,$0,$-4,$79,$0,$79,$-32,$-32,$0,$1,$48,$70,$4,$0
31,2010-12-31,19.59,$7.86,2.49,$17.62,1.11,$5.13,3.82,$0.81,24.18,$0.42B,$0.17B,2.46,$0.00B,$0.46B,0.0,$1.10B,$0.31B,27.95%,$1.10B,$0.07B,6.67%,$1.10B,$0.07B,6.67%,$1.10B,$0.13B,11.87%,$1.10B,$0.08B,7.40%,$1.10B,$0.05B,4.57%,$0.05B,$0.46B,10.97%,$0.05B,$0.40B,12.23%,$0.05B,$0.66B,7.85%,$0.07B,$0.46B,16.02%,$280,$203,$78,$0,$42,$265,$15,$1,$16,$11,$5,$5,$5,$28,$15,$60,62,$0.09,$0.07,$119,$0,$0,$424,$106,$0,$53,$40,$236,$661,$172,$0,$20,$34,$206,$1,$397,$20,$455,$661,$54,$56,$7,$63,$-0,$0,$0,$-2,$18,$134,$-27,$0,$-13,$0,$-4,$-4,$0,$-43,$-4,$0,$-4,$-78,$-78,$0,$-5,$-86,$10,$13,$0
32,2010-09-30,14.12,$7.92,1.78,$17.45,0.81,$5.50,2.57,$1.05,13.45,$0.42B,$0.13B,3.22,$0.00B,$0.47B,0.0,$1.10B,$0.32B,28.74%,$1.10B,$0.09B,7.94%,$1.10B,$0.09B,7.94%,$1.10B,$0.15B,13.32%,$1.10B,$0.10B,8.67%,$1.10B,$0.07B,5.93%,$0.07B,$0.47B,14.25%,$0.07B,$0.43B,15.82%,$0.07B,$0.63B,10.29%,$0.09B,$0.47B,19.08%,$271,$194,$77,$0,$41,$251,$20,$7,$27,$8,$20,$20,$19,$35,$20,$60,61,$0.31,$0.31,$159,$0,$0,$417,$108,$0,$45,$22,$209,$626,$130,$0,$13,$27,$156,$1,$392,$19,$470,$626,$48,$43,$9,$53,$24,$0,$0,$6,$19,$120,$-17,$0,$0,$0,$-4,$-4,$0,$-21,$-3,$0,$-3,$-47,$-47,$0,$-3,$-53,$50,$10,$0
33,2010-06-30,12.26,$7.36,1.67,$17.42,0.7,$5.91,2.07,$1.06,11.57,$0.41B,$0.14B,2.81,$0.00B,$0.44B,0.0,$1.11B,$0.33B,29.36%,$1.11B,$0.10B,8.58%,$1.11B,$0.10B,8.58%,$1.11B,$0.16B,14.09%,$1.11B,$0.10B,8.67%,$1.11B,$0.07B,6.05%,$0.07B,$0.44B,15.01%,$0.07B,$0.40B,16.70%,$0.07B,$0.62B,10.59%,$0.10B,$0.44B,21.29%,$272,$198,$74,$0,$40,$253,$19,$0,$19,$5,$14,$14,$13,$34,$19,$61,62,$0.22,$0.22,$131,$0,$0,$405,$113,$0,$45,$23,$217,$622,$144,$0,$21,$35,$179,$1,$373,$3,$443,$622,$28,$28,$6,$35,$14,$0,$0,$-10,$11,$75,$-12,$0,$0,$0,$0,$0,$0,$-12,$-2,$0,$-2,$-36,$-36,$0,$-2,$-40,$22,$7,$0
34,2010-03-31,16.25,$7.40,2.2,$17.76,0.92,$6.15,2.64,$1.09,14.91,$0.41B,$0.15B,2.75,$0.00B,$0.46B,0.0,$1.14B,$0.34B,29.82%,$1.14B,$0.10B,8.71%,$1.14B,$0.10B,8.71%,$1.14B,$0.16B,14.07%,$1.14B,$0.10B,8.80%,$1.14B,$0.07B,6.16%,$0.07B,$0.46B,16.11%,$0.07B,$0.41B,17.97%,$0.07B,$0.64B,11.02%,$0.10B,$0.46B,22.46%,$272,$195,$77,$0,$43,$252,$19,$-0,$19,$5,$14,$14,$13,$33,$19,$62,63,$0.21,$0.21,$134,$0,$0,$407,$122,$0,$45,$28,$233,$639,$148,$0,$22,$36,$184,$1,$360,$15,$455,$639,$14,$14,$5,$19,$15,$0,$0,$-6,$19,$51,$-7,$0,$0,$0,$0,$0,$0,$-7,$-1,$0,$-1,$-19,$-19,$0,$-1,$-21,$24,$3,$0
35,2009-12-31,19.06,$7.33,2.6,$18.21,1.05,$6.15,3.1,$1.11,17.17,$0.40B,$0.15B,2.76,$0.00B,$0.46B,0.0,$1.17B,$0.35B,29.68%,$1.17B,$0.10B,8.55%,$1.17B,$0.10B,8.55%,$1.17B,$0.16B,13.86%,$1.17B,$0.10B,8.73%,$1.17B,$0.07B,6.16%,$0.07B,$0.46B,17.41%,$0.07B,$0.41B,19.53%,$0.07B,$0.64B,11.32%,$0.10B,$0.46B,23.17%,$281,$194,$87,$0,$44,$252,$29,$1,$30,$9,$21,$21,$20,$44,$29,$63,64,$0.31,$0.32,$109,$0,$0,$402,$127,$0,$45,$29,$238,$640,$146,$0,$24,$38,$184,$1,$347,$11,$456,$640,$76,$61,$25,$86,$27,$0,$0,$-9,$-1,$161,$-25,$0,$0,$0,$0,$0,$-5,$-30,$-83,$0,$-83,$-29,$-29,$0,$-3,$-115,$21,$12,$0
36,2009-09-30,16.23,$6.91,2.35,$18.52,0.88,$5.40,3.01,$1.02,15.91,$0.40B,$0.16B,2.44,$0.00B,$0.43B,0.0,$1.21B,$0.35B,28.83%,$1.21B,$0.09B,7.74%,$1.21B,$0.09B,7.74%,$1.21B,$0.16B,12.77%,$1.21B,$0.09B,7.66%,$1.21B,$0.07B,5.44%,$0.07B,$0.43B,16.93%,$0.07B,$0.39B,19.12%,$0.07B,$0.63B,10.26%,$0.09B,$0.43B,21.96%,$282,$195,$87,$0,$43,$254,$28,$0,$28,$7,$21,$21,$21,$45,$28,$62,64,$0.33,$0.32,$115,$0,$0,$395,$132,$0,$45,$28,$234,$629,$162,$0,$36,$36,$198,$1,$327,$2,$431,$629,$54,$46,$19,$65,$40,$0,$0,$-2,$33,$153,$-19,$0,$0,$0,$0,$0,$-6,$-25,$-82,$0,$-82,$-23,$-23,$0,$-3,$-107,$27,$9,$0
37,2009-06-30,14.41,$6.38,2.26,$19.13,0.75,$4.37,3.3,$0.99,14.56,$0.39B,$0.17B,2.25,$0.03B,$0.40B,0.06,$1.28B,$0.36B,28.02%,$1.28B,$0.09B,7.26%,$1.28B,$0.09B,7.26%,$1.28B,$0.15B,11.94%,$1.28B,$0.09B,7.10%,$1.28B,$0.07B,5.07%,$0.07B,$0.40B,17.06%,$0.07B,$0.35B,19.32%,$0.07B,$0.63B,9.62%,$0.09B,$0.42B,20.83%,$302,$213,$88,$0,$45,$278,$23,$0,$23,$6,$17,$17,$16,$38,$23,$63,64,$0.26,$0.25,$84,$0,$0,$390,$142,$0,$45,$26,$243,$633,$173,$25,$39,$64,$237,$1,$306,$-10,$396,$633,$33,$29,$9,$38,$16,$0,$0,$8,$23,$94,$-14,$0,$0,$0,$0,$0,$-2,$-16,$-56,$0,$-56,$-25,$-25,$0,$-2,$-83,$-4,$6,$0
38,2009-03-31,10.36,$5.81,1.78,$19.42,0.53,$3.45,3.01,$1.02,10.16,$0.39B,$0.18B,2.16,$0.05B,$0.37B,0.13,$1.34B,$0.36B,27.17%,$1.34B,$0.10B,7.49%,$1.34B,$0.10B,7.49%,$1.34B,$0.16B,12.05%,$1.34B,$0.10B,7.26%,$1.34B,$0.07B,5.16%,$0.07B,$0.37B,17.20%,$0.07B,$0.33B,19.34%,$0.07B,$0.64B,9.60%,$0.10B,$0.42B,20.82%,$304,$219,$85,$0,$49,$284,$20,$1,$21,$5,$16,$16,$15,$35,$20,$64,64,$0.24,$0.23,$91,$0,$0,$394,$148,$0,$44,$27,$248,$642,$182,$47,$42,$89,$271,$1,$290,$-37,$371,$642,$16,$15,$4,$18,$10,$0,$0,$7,$20,$54,$-8,$0,$0,$0,$0,$0,$0,$-8,$-34,$0,$-34,$-2,$-2,$0,$-1,$-36,$3,$4,$0
39,2008-12-31,7.94,$5.66,1.4,$19.83,0.4,$2.89,2.75,$0.79,10.06,$0.41B,$0.18B,2.25,$0.08B,$0.36B,0.22,$1.40B,$0.38B,26.86%,$1.40B,$0.11B,7.79%,$1.40B,$0.11B,7.79%,$1.40B,$0.17B,12.14%,$1.40B,$0.10B,7.43%,$1.40B,$0.07B,5.21%,$0.07B,$0.36B,17.16%,$0.07B,$0.32B,19.17%,$0.07B,$0.67B,9.74%,$0.11B,$0.44B,21.45%,$326,$236,$90,$0,$51,$303,$23,$-2,$21,$7,$15,$15,$14,$37,$23,$68,70,$0.22,$0.22,$88,$0,$0,$405,$158,$0,$44,$31,$264,$669,$180,$81,$32,$128,$308,$1,$275,$-33,$361,$669,$77,$62,$15,$77,$18,$0,$0,$3,$6,$161,$-66,$0,$0,$0,$-0,$-0,$4,$-62,$13,$0,$13,$-87,$-87,$0,$-2,$-76,$-3,$10,$0
40,2008-09-30,11.84,$6.04,1.96,$20.26,0.58,$2.28,5.19,$0.57,20.76,$0.47B,$0.20B,2.36,$0.11B,$0.40B,0.28,$1.45B,$0.38B,26.07%,$1.45B,$0.10B,6.85%,$1.45B,$0.10B,6.85%,$1.45B,$0.16B,11.13%,$1.45B,$0.10B,6.92%,$1.45B,$0.07B,4.91%,$0.07B,$0.40B,15.85%,$0.07B,$0.35B,17.62%,$0.07B,$0.76B,9.19%,$0.10B,$0.51B,18.79%,$349,$253,$96,$0,$51,$322,$27,$-1,$26,$5,$21,$21,$20,$43,$27,$68,70,$0.30,$0.29,$123,$0,$0,$468,$172,$0,$45,$32,$291,$759,$199,$109,$51,$164,$363,$1,$261,$8,$396,$759,$63,$47,$9,$57,$15,$0,$0,$-25,$6,$125,$-52,$0,$0,$0,$0,$0,$-1,$-52,$41,$0,$41,$-71,$-71,$0,$-1,$-31,$32,$8,$0
41,2008-06-30,18.99,$6.82,2.78,$19.88,0.96,$2.00,9.48,$0.28,67.82,$0.50B,$0.19B,2.7,$0.08B,$0.48B,0.16,$1.43B,$0.37B,25.82%,$1.43B,$0.10B,6.63%,$1.43B,$0.10B,6.63%,$1.43B,$0.16B,10.89%,$1.43B,$0.09B,6.28%,$1.43B,$0.07B,4.54%,$0.07B,$0.48B,14.29%,$0.07B,$0.43B,15.85%,$0.07B,$0.81B,8.56%,$0.10B,$0.56B,18.40%,$357,$266,$92,$0,$46,$328,$30,$-1,$29,$8,$22,$22,$20,$46,$30,$70,72,$0.29,$0.28,$127,$0,$0,$504,$181,$0,$46,$34,$302,$806,$187,$78,$59,$142,$329,$1,$241,$41,$477,$806,$42,$32,$5,$36,$1,$0,$0,$-15,$-19,$59,$-36,$0,$0,$0,$0,$0,$0,$-36,$12,$0,$12,$0,$0,$0,$-1,$11,$36,$5,$0
42,2008-03-31,21.37,$6.69,3.2,$19.41,1.1,$1.96,10.9,$0.13,164.37,$0.47B,$0.18B,2.63,$0.06B,$0.47B,0.13,$1.41B,$0.37B,26.32%,$1.41B,$0.08B,5.76%,$1.41B,$0.08B,5.76%,$1.41B,$0.14B,10.03%,$1.41B,$0.08B,5.33%,$1.41B,$0.05B,3.84%,$0.05B,$0.47B,12.31%,$0.05B,$0.42B,13.71%,$0.05B,$0.76B,7.46%,$0.08B,$0.53B,16.48%,$368,$270,$98,$0,$51,$339,$29,$-1,$28,$8,$20,$20,$19,$44,$29,$70,72,$0.27,$0.27,$98,$0,$0,$467,$176,$0,$45,$36,$297,$764,$177,$62,$53,$119,$296,$1,$220,$54,$468,$764,$20,$16,$1,$17,$3,$0,$0,$-7,$-11,$26,$-15,$0,$0,$0,$0,$0,$0,$-15,$-4,$0,$-4,$0,$0,$0,$-1,$-5,$7,$3,$0
43,2007-12-31,20.24,$6.46,3.13,$18.83,1.07,$2.04,9.9,$0.37,54.69,$0.46B,$0.19B,2.46,$0.07B,$0.45B,0.15,$1.37B,$0.37B,26.77%,$1.37B,$0.08B,5.98%,$1.37B,$0.08B,5.98%,$1.37B,$0.14B,10.28%,$1.37B,$0.08B,5.54%,$1.37B,$0.05B,3.87%,$0.05B,$0.45B,12.57%,$0.05B,$0.41B,14.20%,$0.05B,$0.76B,7.58%,$0.08B,$0.52B,17.50%,$372,$280,$91,$0,$60,$359,$13,$4,$17,$3,$13,$15,$12,$28,$13,$70,73,$0.19,$0.17,$91,$0,$0,$460,$175,$0,$45,$41,$300,$760,$187,$65,$53,$122,$309,$1,$201,$58,$451,$760,$56,$58,$28,$87,$-33,$0,$0,$-1,$-39,$104,$-49,$0,$0,$0,$0,$0,$0,$-49,$-1,$0,$-1,$-31,$-31,$0,$2,$-30,$33,$13,$0
44,2007-09-30,22.75,$6.07,3.75,$18.52,1.23,$1.11,20.45,$0.67,33.95,$0.41B,$0.19B,2.11,$0.04B,$0.42B,0.09,$1.34B,$0.38B,28.09%,$1.34B,$0.10B,7.34%,$1.34B,$0.10B,7.34%,$1.34B,$0.16B,11.76%,$1.34B,$0.09B,6.52%,$1.34B,$0.06B,4.57%,$0.06B,$0.42B,15.27%,$0.06B,$0.38B,17.53%,$0.06B,$0.71B,9.04%,$0.10B,$0.46B,21.96%,$336,$247,$89,$0,$47,$313,$23,$-7,$16,$1,$15,$14,$14,$38,$23,$70,72,$0.20,$0.20,$71,$0,$0,$405,$169,$0,$45,$42,$303,$708,$192,$39,$49,$92,$284,$1,$189,$46,$424,$708,$41,$44,$34,$78,$-1,$0,$0,$-20,$-19,$100,$-44,$0,$3,$0,$0,$0,$0,$-41,$-27,$0,$-27,$-31,$-31,$0,$5,$-54,$12,$9,$0
45,2007-06-30,30.89,$5.86,5.28,$18.21,1.7,$0.63,49.14,$0.85,36.34,$0.38B,$0.18B,2.14,$0.05B,$0.41B,0.11,$1.30B,$0.37B,28.47%,$1.30B,$0.10B,7.44%,$1.30B,$0.10B,7.44%,$1.30B,$0.16B,11.97%,$1.30B,$0.09B,7.06%,$1.30B,$0.06B,4.60%,$0.06B,$0.41B,15.95%,$0.06B,$0.37B,18.66%,$0.06B,$0.67B,9.17%,$0.10B,$0.46B,22.40%,$330,$237,$92,$0,$49,$313,$16,$-2,$14,$5,$9,$9,$9,$31,$16,$71,73,$0.12,$0.12,$60,$0,$0,$376,$166,$0,$45,$38,$290,$665,$175,$45,$27,$78,$253,$1,$220,$26,$412,$665,$26,$29,$15,$44,$1,$0,$0,$-7,$-21,$49,$-29,$0,$0,$0,$0,$0,$0,$-29,$-21,$0,$-21,$-11,$-11,$0,$5,$-27,$-1,$6,$0
46,2007-03-31,34.91,$5.65,6.18,$17.80,1.96,$0.29,121.58,$0.89,39.22,$0.37B,$0.18B,2.01,$0.04B,$0.40B,0.1,$1.26B,$0.35B,28.02%,$1.26B,$0.09B,7.46%,$1.26B,$0.09B,7.46%,$1.26B,$0.15B,11.90%,$1.26B,$0.09B,7.06%,$1.26B,$0.06B,5.00%,$0.06B,$0.40B,17.95%,$0.06B,$0.34B,21.50%,$0.06B,$0.66B,9.92%,$0.09B,$0.44B,23.71%,$333,$237,$95,$0,$52,$303,$30,$-1,$29,$10,$18,$18,$18,$44,$30,$70,73,$0.25,$0.24,$65,$0,$0,$368,$158,$0,$58,$35,$295,$662,$183,$39,$30,$80,$263,$1,$211,$9,$399,$662,$18,$14,$4,$18,$1,$0,$0,$-6,$-5,$31,$-14,$0,$0,$0,$0,$0,$0,$-14,$-26,$0,$-26,$7,$7,$0,$4,$-15,$4,$3,$0
47,2006-12-31,22.72,$5.17,4.39,$17.27,1.32,$0.08,283.99,$0.73,31.12,$0.36B,$0.18B,1.95,$0.07B,$0.36B,0.18,$1.21B,$0.33B,27.11%,$1.21B,$0.07B,6.12%,$1.21B,$0.07B,6.12%,$1.21B,$0.13B,10.66%,$1.21B,$0.07B,5.70%,$1.21B,$0.05B,4.13%,$0.05B,$0.36B,15.38%,$0.05B,$0.31B,18.28%,$0.05B,$0.66B,8.33%,$0.07B,$0.43B,20.04%,$336,$237,$99,$0,$55,$307,$29,$-1,$28,$8,$21,$20,$20,$44,$29,$69,70,$0.29,$0.29,$58,$0,$0,$359,$161,$0,$58,$40,$305,$664,$184,$65,$47,$118,$302,$1,$149,$11,$363,$664,$51,$55,$4,$59,$-13,$0,$0,$-10,$-11,$99,$-112,$0,$0,$0,$-2,$-2,$0,$-114,$36,$0,$36,$3,$3,$0,$-0,$38,$26,$7,$0
