,Date,Stock Price,Book Value per Share,Price to Book Ratio,TTM Sales per Share,Price to Sales Ratio,TTM FCF per Share,Price to FCF Ratio,TTM Net EPS,PE Ratio,Current Assets,Current Liabilities,Current Ratio,Long Term Debt,Shareholder's Equity_x,Debt to Equity Ratio,TTM Revenue_x,TTM Gross Profit,Gross Margin,TTM Revenue_y,TTM Operating Income,Operating Margin,TTM Revenue_x,TTM EBIT,EBIT Margin,TTM Revenue_y,TTM EBITDA,EBITDA Margin,TTM Revenue_x,TTM Pre-Tax Income,Pre-Tax Margin,TTM Revenue_y,TTM Net Income_x,Net Margin,TTM Net Income_y,Shareholder's Equity_y,Return on Equity,TTM Net Income_x,Tangible Equity,Return on Tangible Equity,TTM Net Income_y,Total Assets,Return on Assets,TTM Net Income,LT Investments & Debt,Return on Investment,revenue,cost-goods-sold,gross-profit,research-development-expenses,selling-general-administrative-expenses,operating-expenses,operating-income,total-non-operating-income-expense,pre-tax-income,total-provision-income-taxes,income-after-taxes,income-from-continuous-operations,net-income,ebitda,ebit,basic-shares-outstanding,shares-outstanding,eps-basic-net-earnings-per-share,eps-earnings-per-share-diluted,cash-on-hand,inventory,other-current-assets,total-current-assets,net-property-plant-equipment,long-term-investments,goodwill-intangible-assets-total,other-long-term-assets,total-long-term-assets,total-assets,total-current-liabilities,long-term-debt,other-non-current-liabilities,total-long-term-liabilities,total-liabilities,common-stock-net,retained-earnings-accumulated-deficit,comprehensive-income,total-share-holder-equity,total-liabilities-share-holders-equity,net-income-loss,total-depreciation-amortization-cash-flow,other-non-cash-items,total-non-cash-items,change-in-accounts-receivable,change-in-inventories,change-in-accounts-payable,change-in-assets-liabilities,total-change-in-assets-liabilities,cash-flow-from-operating-activities,net-change-in-property-plant-equipment,net-change-in-intangible-assets,net-acquisitions-divestitures,net-change-in-short-term-investments,net-change-in-long-term-investments,net-change-in-investments-total,investing-activities-other,cash-flow-from-investing-activities,net-long-term-debt,net-current-debt,debt-issuance-retirement-net-total,net-common-equity-issued-repurchased,net-total-equity-issued-repurchased,total-common-preferred-stock-dividends-paid,financial-activities-other,cash-flow-from-financial-activities,net-cash-flow,stock-based-compensation,common-stock-dividends-paid
0,2018-09-30,68.3,$17.47,3.91,$52.34,1.3,$3.73,18.3,$2.42,28.22,$1.05B,$0.62B,1.7,$0.27B,$0.97B,0.27,$2.96B,$0.38B,12.96%,$2.96B,$0.19B,6.41%,$2.96B,$0.19B,6.41%,$2.96B,$0.23B,7.73%,$2.96B,$0.17B,5.87%,$2.96B,$0.14B,4.62%,$0.14B,$0.97B,14.46%,$0.14B,$0.15B,100.37%,$0.14B,$1.96B,6.81%,$0.19B,$1.23B,14.15%,$739,$650,$89,$0,$44,$696,$43,$-4,$39,$11,$29,$29,$29,$51,$43,$56,57,$0.53,$0.51,$146,$0,$0,$1050,$43,$3,$815,$39,$909,$1959,$618,$265,$79,$374,$992,$1,$945,$-127,$967,$1959,$137,$39,$2,$41,$-46,$0,$-16,$16,$-1,$177,$26,$0,$-68,$0,$0,$0,$0,$-43,$-84,$0,$-84,$-61,$-61,$-24,$-3,$-173,$-44,$20,$-24
1,2018-06-30,58.4,$16.92,3.45,$51.97,1.12,$2.38,24.49,$2.51,23.27,$1.13B,$0.56B,2.01,$0.42B,$0.94B,0.45,$2.96B,$0.40B,13.38%,$2.96B,$0.20B,6.82%,$2.96B,$0.20B,6.82%,$2.96B,$0.24B,8.24%,$2.96B,$0.19B,6.32%,$2.96B,$0.14B,4.80%,$0.14B,$0.94B,15.14%,$0.14B,$0.13B,102.34%,$0.14B,$2.03B,7.11%,$0.20B,$1.36B,14.94%,$765,$655,$110,$0,$54,$709,$55,$-4,$51,$18,$33,$33,$33,$66,$55,$56,56,$0.60,$0.59,$214,$0,$0,$1134,$45,$3,$811,$35,$900,$2034,$563,$419,$74,$534,$1098,$1,$923,$-132,$936,$2034,$108,$31,$17,$48,$-59,$0,$-44,$23,$-89,$67,$-3,$0,$-30,$0,$0,$0,$0,$-33,$-217,$294,$76,$-62,$-62,$-18,$-1,$-4,$24,$16,$-18
2,2018-03-31,48.75,$16.87,2.89,$50.20,0.97,$2.36,20.62,$2.44,19.98,$1.15B,$0.56B,2.05,$0.46B,$0.94B,0.49,$2.88B,$0.38B,13.05%,$2.88B,$0.19B,6.70%,$2.88B,$0.19B,6.70%,$2.88B,$0.24B,8.16%,$2.88B,$0.18B,6.21%,$2.88B,$0.14B,4.82%,$0.14B,$0.94B,14.90%,$0.14B,$0.11B,95.21%,$0.14B,$2.08B,7.15%,$0.19B,$1.40B,14.62%,$700,$609,$91,$0,$47,$658,$43,$-4,$39,$10,$29,$29,$29,$53,$43,$56,57,$0.51,$0.51,$203,$0,$0,$1150,$55,$3,$831,$35,$933,$2083,$560,$464,$73,$583,$1143,$1,$896,$-118,$940,$2083,$75,$20,$1,$21,$-43,$0,$-26,$1,$-81,$15,$-3,$0,$-64,$0,$0,$0,$0,$-67,$118,$0,$118,$-38,$-38,$-11,$-1,$68,$13,$9,$-11
3,2017-12-31,47.85,$16.92,2.83,$49.23,0.97,$2.96,16.18,$2.39,20.02,$1.09B,$0.48B,2.25,$0.43B,$0.95B,0.46,$2.85B,$0.37B,12.86%,$2.85B,$0.19B,6.78%,$2.85B,$0.19B,6.78%,$2.85B,$0.24B,8.33%,$2.85B,$0.18B,6.33%,$2.85B,$0.14B,4.82%,$0.14B,$0.95B,14.83%,$0.14B,$0.16B,88.67%,$0.14B,$1.97B,7.31%,$0.19B,$1.38B,15.12%,$760,$666,$94,$0,$46,$711,$49,$-3,$45,$-1,$46,$46,$46,$59,$49,$56,57,$0.82,$0.81,$173,$0,$0,$1091,$57,$2,$788,$33,$880,$1971,$484,$432,$68,$540,$1024,$1,$873,$-102,$947,$1971,$46,$10,$-4,$6,$-36,$0,$-35,$-13,$-119,$-66,$-1,$0,$-18,$0,$0,$0,$0,$-20,$95,$0,$95,$-19,$-19,$-6,$0,$70,$-17,$4,$-6
4,2017-09-30,46.17,$16.62,2.78,$47.38,0.97,$3.11,14.85,$2.04,22.63,$1.04B,$0.54B,1.94,$0.34B,$0.93B,0.37,$2.75B,$0.35B,12.82%,$2.75B,$0.18B,6.68%,$2.75B,$0.18B,6.68%,$2.75B,$0.23B,8.32%,$2.75B,$0.17B,6.25%,$2.75B,$0.12B,4.28%,$0.12B,$0.93B,13.04%,$0.12B,$0.16B,81.38%,$0.12B,$1.90B,6.45%,$0.18B,$1.27B,14.81%,$735,$634,$101,$0,$46,$681,$55,$-3,$52,$17,$34,$34,$34,$66,$55,$57,58,$0.61,$0.60,$190,$0,$0,$1042,$57,$3,$768,$32,$861,$1903,$538,$341,$51,$436,$974,$1,$833,$-99,$929,$1903,$118,$46,$-1,$44,$-65,$0,$19,$22,$-24,$138,$-9,$0,$-8,$-0,$0,$-0,$0,$-17,$10,$0,$10,$-81,$-81,$-22,$-1,$-95,$30,$13,$-22
5,2017-06-30,45.27,$16.12,2.81,$47.04,0.96,$3.14,14.43,$1.97,22.98,$0.96B,$0.49B,1.97,$0.31B,$0.92B,0.34,$2.75B,$0.35B,12.70%,$2.75B,$0.18B,6.40%,$2.75B,$0.18B,6.40%,$2.75B,$0.22B,8.08%,$2.75B,$0.16B,5.97%,$2.75B,$0.12B,4.18%,$0.12B,$0.92B,12.92%,$0.12B,$0.15B,88.29%,$0.12B,$1.82B,6.37%,$0.18B,$1.23B,14.36%,$686,$595,$90,$0,$44,$640,$46,$-3,$43,$13,$30,$30,$30,$57,$46,$57,58,$0.52,$0.52,$139,$0,$0,$962,$59,$3,$761,$32,$857,$1820,$489,$310,$52,$416,$905,$1,$804,$-119,$915,$1820,$83,$34,$28,$62,$-9,$0,$-2,$16,$-74,$72,$-7,$0,$-8,$0,$0,$0,$0,$-15,$-221,$200,$-21,$-42,$-42,$-16,$0,$-79,$-22,$10,$-16
6,2017-03-31,40.33,$15.78,2.56,$46.63,0.86,$3.44,11.74,$1.89,21.34,$0.94B,$0.47B,2.03,$0.33B,$0.90B,0.36,$2.73B,$0.34B,12.61%,$2.73B,$0.17B,6.19%,$2.73B,$0.17B,6.19%,$2.73B,$0.22B,7.95%,$2.73B,$0.16B,5.75%,$2.73B,$0.11B,4.07%,$0.11B,$0.90B,12.65%,$0.11B,$0.14B,98.45%,$0.11B,$1.80B,6.16%,$0.17B,$1.23B,13.83%,$664,$583,$81,$0,$45,$621,$43,$-3,$40,$13,$27,$27,$27,$55,$43,$57,58,$0.47,$0.46,$171,$0,$0,$943,$61,$2,$759,$32,$855,$1798,$465,$327,$57,$430,$896,$1,$779,$-133,$903,$1798,$53,$23,$17,$40,$3,$0,$-16,$13,$-43,$50,$-4,$0,$-8,$0,$0,$0,$0,$-12,$-4,$0,$-4,$-12,$-12,$-10,$0,$-27,$11,$7,$-10
7,2016-12-31,42.51,$15.25,2.79,$45.84,0.93,$3.06,13.9,$1.49,28.53,$0.95B,$0.43B,2.23,$0.37B,$0.87B,0.43,$2.69B,$0.34B,12.56%,$2.69B,$0.14B,5.31%,$2.69B,$0.14B,5.31%,$2.69B,$0.19B,7.06%,$2.69B,$0.13B,4.79%,$2.69B,$0.09B,3.27%,$0.09B,$0.87B,10.19%,$0.09B,$0.12B,91.91%,$0.09B,$1.80B,4.91%,$0.14B,$1.25B,11.79%,$669,$587,$81,$0,$42,$629,$40,$-3,$37,$10,$27,$27,$27,$51,$40,$57,58,$0.47,$0.46,$127,$0,$0,$954,$63,$2,$752,$28,$846,$1800,$429,$373,$63,$499,$928,$1,$758,$-143,$873,$1800,$27,$11,$4,$15,$-42,$0,$-23,$7,$-101,$-59,$-2,$0,$0,$0,$0,$0,$0,$-2,$42,$0,$42,$-8,$-8,$-5,$0,$29,$-33,$3,$-5
8,2016-09-30,34.87,$15.24,2.29,$43.72,0.8,$4.45,7.83,$1.42,24.56,$0.94B,$0.48B,1.94,$0.33B,$0.87B,0.38,$2.58B,$0.33B,12.77%,$2.58B,$0.14B,5.26%,$2.58B,$0.14B,5.26%,$2.58B,$0.18B,7.04%,$2.58B,$0.12B,4.76%,$2.58B,$0.08B,3.25%,$0.08B,$0.87B,9.80%,$0.08B,$0.10B,70.59%,$0.08B,$1.80B,4.87%,$0.14B,$1.20B,11.75%,$729,$631,$97,$0,$47,$681,$47,$-3,$44,$13,$31,$31,$31,$59,$47,$58,59,$0.55,$0.53,$160,$0,$0,$935,$68,$2,$767,$28,$865,$1801,$481,$332,$58,$450,$931,$1,$736,$-128,$869,$1801,$84,$46,$33,$78,$9,$0,$-3,$-29,$-20,$142,$-9,$0,$-81,$-1,$0,$-1,$-3,$-94,$80,$0,$80,$-82,$-82,$-20,$-4,$-25,$25,$13,$-20
9,2016-06-30,30.15,$15.01,2.01,$40.76,0.74,$4.62,6.53,$0.36,83.74,$0.93B,$0.51B,1.82,$0.35B,$0.86B,0.4,$2.43B,$0.32B,13.07%,$2.43B,$0.07B,2.84%,$2.43B,$0.07B,2.84%,$2.43B,$0.17B,7.15%,$2.43B,$0.06B,2.34%,$2.43B,$0.02B,0.86%,$0.02B,$0.86B,2.46%,$0.02B,$0.08B,14.26%,$0.02B,$1.81B,1.26%,$0.07B,$1.21B,6.18%,$667,$582,$85,$0,$45,$628,$39,$-3,$36,$11,$26,$26,$26,$52,$39,$58,59,$0.44,$0.44,$154,$0,$0,$933,$72,$2,$780,$29,$882,$1814,$514,$349,$52,$437,$950,$1,$710,$-124,$864,$1814,$53,$34,$31,$65,$19,$0,$-3,$-28,$-28,$90,$-7,$0,$-81,$-1,$0,$-1,$-3,$-92,$98,$0,$98,$-62,$-62,$-15,$-2,$19,$19,$9,$-15
10,2016-03-31,29.15,$14.64,1.99,$38.85,0.75,$5.24,5.57,$0.35,83.28,$0.88B,$0.48B,1.84,$0.34B,$0.85B,0.4,$2.34B,$0.32B,13.46%,$2.34B,$0.07B,3.03%,$2.34B,$0.07B,3.03%,$2.34B,$0.17B,7.39%,$2.34B,$0.06B,2.56%,$2.34B,$0.02B,0.90%,$0.02B,$0.85B,2.40%,$0.02B,$0.08B,11.59%,$0.02B,$1.75B,1.28%,$0.07B,$1.19B,6.41%,$627,$553,$75,$0,$40,$611,$17,$-4,$12,$9,$4,$4,$4,$28,$17,$58,59,$0.06,$0.06,$114,$0,$0,$875,$74,$2,$774,$28,$878,$1753,$476,$343,$52,$427,$903,$1,$690,$-133,$850,$1753,$27,$21,$27,$48,$36,$0,$-27,$-15,$-45,$30,$-5,$0,$-81,$-1,$0,$-1,$-3,$-90,$93,$0,$93,$-44,$-44,$-9,$-3,$37,$-22,$6,$-9
11,2015-12-31,25.36,$14.33,1.77,$37.39,0.68,$5.18,4.9,$0.60,42.26,$0.79B,$0.40B,1.96,$0.18B,$0.84B,0.21,$2.28B,$0.31B,13.60%,$2.28B,$0.08B,3.69%,$2.28B,$0.08B,3.69%,$2.28B,$0.19B,8.16%,$2.28B,$0.08B,3.38%,$2.28B,$0.04B,1.58%,$0.04B,$0.84B,4.02%,$0.04B,$0.21B,16.92%,$0.04B,$1.53B,2.24%,$0.08B,$1.02B,7.65%,$561,$488,$73,$0,$39,$528,$33,$-2,$31,$8,$23,$23,$23,$43,$33,$59,60,$0.39,$0.39,$125,$0,$0,$790,$61,$2,$630,$45,$738,$1527,$404,$177,$64,$280,$684,$1,$691,$-159,$844,$1527,$23,$10,$11,$21,$30,$0,$-30,$-8,$-21,$24,$-3,$0,$0,$0,$0,$0,$0,$-3,$-3,$0,$-3,$-21,$-21,$-5,$-1,$-29,$-10,$3,$-5
12,2015-09-30,23.62,$14.43,1.64,$37.22,0.63,$4.88,4.84,$0.62,38.1,$0.82B,$0.45B,1.83,$0.18B,$0.86B,0.21,$2.30B,$0.32B,13.75%,$2.30B,$0.09B,3.83%,$2.30B,$0.09B,3.83%,$2.30B,$0.19B,8.39%,$2.30B,$0.08B,3.52%,$2.30B,$0.04B,1.70%,$0.04B,$0.86B,4.18%,$0.04B,$0.22B,17.75%,$0.04B,$1.56B,2.36%,$0.09B,$1.04B,7.73%,$578,$493,$85,$0,$45,$598,$-20,$-2,$-22,$10,$-32,$-32,$-32,$51,$-20,$61,62,$-0.52,$-0.51,$135,$0,$0,$824,$65,$2,$642,$27,$735,$1559,$450,$181,$36,$252,$702,$1,$672,$-143,$857,$1559,$39,$105,$9,$114,$40,$0,$-27,$-4,$9,$163,$-14,$0,$-12,$0,$0,$0,$5,$-21,$-11,$0,$-11,$-90,$-90,$-19,$-4,$-124,$13,$11,$-19
13,2015-06-30,24.84,$15.86,1.57,$37.37,0.66,$4.19,5.93,$1.50,16.56,$0.87B,$0.46B,1.91,$0.23B,$0.95B,0.24,$2.34B,$0.28B,11.95%,$2.34B,$0.13B,5.68%,$2.34B,$0.13B,5.68%,$2.34B,$0.18B,7.64%,$2.34B,$0.13B,5.38%,$2.34B,$0.09B,4.01%,$0.09B,$0.95B,9.67%,$0.09B,$0.22B,41.78%,$0.09B,$1.70B,5.51%,$0.13B,$1.18B,11.26%,$575,$493,$82,$0,$41,$534,$41,$-2,$39,$12,$26,$26,$26,$51,$41,$60,61,$0.44,$0.43,$175,$0,$0,$870,$69,$2,$734,$28,$833,$1704,$455,$226,$37,$294,$749,$1,$709,$-100,$954,$1704,$71,$34,$-12,$22,$78,$0,$-37,$-27,$41,$134,$-10,$0,$-12,$0,$0,$0,$0,$-22,$32,$0,$32,$-70,$-70,$-13,$-4,$-56,$53,$8,$-13
14,2015-03-31,23.2,$15.30,1.52,$37.55,0.62,$3.73,6.22,$1.48,15.68,$0.83B,$0.43B,1.95,$0.23B,$0.92B,0.25,$2.40B,$0.28B,11.47%,$2.40B,$0.13B,5.46%,$2.40B,$0.13B,5.46%,$2.40B,$0.18B,7.51%,$2.40B,$0.12B,5.17%,$2.40B,$0.10B,3.96%,$0.10B,$0.92B,9.50%,$0.10B,$0.20B,39.71%,$0.10B,$1.64B,5.48%,$0.13B,$1.15B,10.90%,$565,$495,$70,$0,$43,$534,$30,$-2,$29,$10,$19,$19,$19,$41,$30,$61,62,$0.31,$0.31,$99,$0,$0,$832,$65,$2,$720,$25,$812,$1644,$427,$228,$39,$294,$721,$1,$687,$-113,$923,$1644,$45,$24,$-4,$20,$37,$0,$-40,$-22,$-40,$25,$-2,$0,$0,$0,$0,$0,$0,$-2,$-24,$59,$35,$-64,$-64,$-9,$-3,$-41,$-24,$5,$-9
15,2014-12-31,25.72,$16.04,1.6,$37.32,0.69,$4.09,6.29,$1.65,15.59,$0.85B,$0.44B,1.94,$0.19B,$1.00B,0.19,$2.42B,$0.27B,11.33%,$2.42B,$0.15B,6.08%,$2.42B,$0.15B,6.08%,$2.42B,$0.20B,8.23%,$2.42B,$0.14B,5.75%,$2.42B,$0.11B,4.46%,$0.11B,$1.00B,10.49%,$0.11B,$0.24B,42.52%,$0.11B,$1.70B,6.11%,$0.15B,$1.19B,12.01%,$581,$502,$79,$0,$42,$544,$37,$-2,$35,$9,$26,$26,$26,$50,$37,$62,63,$0.41,$0.41,$99,$0,$0,$845,$71,$2,$755,$24,$851,$1696,$436,$190,$39,$263,$699,$1,$673,$-68,$997,$1696,$26,$13,$7,$19,$36,$0,$-59,$-2,$-40,$5,$-2,$0,$0,$0,$0,$0,$0,$-2,$-2,$0,$-2,$-19,$-19,$-4,$0,$-25,$-23,$3,$-4
16,2014-09-30,24.0,$16.19,1.48,$38.04,0.63,$4.60,5.22,$1.66,14.46,$0.90B,$0.50B,1.78,$0.19B,$1.01B,0.19,$2.48B,$0.28B,11.31%,$2.48B,$0.15B,6.20%,$2.48B,$0.15B,6.20%,$2.48B,$0.21B,8.41%,$2.48B,$0.15B,5.84%,$2.48B,$0.11B,4.39%,$0.11B,$1.01B,10.53%,$0.11B,$0.24B,43.86%,$0.11B,$1.78B,6.08%,$0.15B,$1.21B,12.50%,$622,$573,$49,$0,$49,$597,$25,$-2,$23,$-0,$23,$23,$23,$37,$25,$64,65,$0.35,$0.35,$122,$0,$0,$899,$74,$2,$777,$25,$878,$1776,$504,$193,$38,$259,$763,$1,$651,$-43,$1013,$1776,$109,$55,$-46,$9,$-32,$0,$32,$10,$10,$127,$-15,$0,$-30,$0,$0,$0,$4,$-41,$-4,$0,$-4,$-56,$-56,$-9,$-18,$-88,$-7,$10,$-9
17,2014-06-30,26.35,$16.57,1.59,$39.31,0.67,$4.61,5.71,$1.70,15.5,$0.93B,$0.48B,1.95,$0.20B,$1.07B,0.18,$2.56B,$0.32B,12.50%,$2.56B,$0.17B,6.64%,$2.56B,$0.17B,6.64%,$2.56B,$0.23B,8.91%,$2.56B,$0.16B,6.25%,$2.56B,$0.11B,4.34%,$0.11B,$1.07B,10.76%,$0.11B,$0.28B,46.88%,$0.11B,$1.82B,6.18%,$0.17B,$1.26B,13.81%,$630,$552,$77,$0,$47,$590,$39,$-2,$37,$10,$27,$27,$27,$52,$39,$65,65,$0.41,$0.41,$189,$0,$0,$931,$78,$2,$789,$25,$893,$1824,$478,$196,$58,$280,$758,$1,$633,$-17,$1066,$1824,$86,$42,$-25,$17,$-9,$0,$29,$-21,$11,$114,$-11,$0,$-11,$0,$0,$0,$4,$-18,$-4,$-1,$-5,$-8,$-8,$-5,$-18,$-35,$60,$8,$-5
18,2014-03-31,28.27,$16.01,1.77,$39.15,0.72,$4.52,6.26,$0.08,353.41,$0.89B,$0.46B,1.93,$0.20B,$1.04B,0.19,$2.55B,$0.25B,9.78%,$2.55B,$0.03B,1.22%,$2.55B,$0.03B,1.22%,$2.55B,$0.15B,5.93%,$2.55B,$0.02B,0.83%,$2.55B,$0.01B,0.24%,$0.01B,$1.04B,0.59%,$0.01B,$0.26B,2.85%,$0.01B,$1.78B,0.34%,$0.03B,$1.24B,2.56%,$586,$517,$69,$0,$44,$540,$46,$-2,$44,$12,$32,$32,$32,$60,$46,$65,66,$0.49,$0.48,$167,$0,$0,$890,$80,$2,$780,$24,$887,$1777,$460,$198,$50,$275,$735,$1,$611,$-35,$1042,$1777,$59,$29,$-20,$9,$6,$0,$10,$-13,$-12,$56,$-9,$0,$-10,$0,$0,$0,$4,$-15,$-0,$-1,$-1,$11,$11,$0,$-9,$1,$38,$6,$0
19,2013-12-31,26.73,$15.73,1.7,$40.04,0.67,$4.55,5.87,$-0.02,0.0,$0.88B,$0.46B,1.93,$0.20B,$1.02B,0.2,$2.60B,$0.27B,10.19%,$2.60B,$0.02B,0.88%,$2.60B,$0.02B,0.88%,$2.60B,$0.15B,5.57%,$2.60B,$0.01B,0.50%,$2.60B,$-0.00B,-0.04%,$-0.00B,$1.02B,-0.10%,$-0.00B,$0.22B,-0.52%,$-0.00B,$1.79B,-0.05%,$0.02B,$1.22B,1.86%,$646,$559,$86,$0,$47,$602,$44,$-2,$41,$14,$27,$27,$27,$60,$44,$64,65,$0.43,$0.42,$161,$0,$0,$880,$84,$2,$798,$24,$908,$1789,$455,$201,$85,$315,$770,$1,$579,$-19,$1018,$1789,$27,$16,$2,$18,$19,$0,$-6,$1,$-3,$42,$-5,$0,$-11,$0,$0,$0,$4,$-11,$-0,$-1,$-1,$6,$6,$0,$-1,$4,$31,$2,$0
20,2013-09-30,24.74,$15.57,1.59,$40.30,0.61,$4.20,5.9,$-0.03,0.0,$0.87B,$0.48B,1.8,$0.20B,$1.00B,0.2,$2.61B,$0.27B,10.21%,$2.61B,$0.02B,0.80%,$2.61B,$0.02B,0.80%,$2.61B,$0.14B,5.32%,$2.61B,$0.01B,0.50%,$2.61B,$-0.00B,-0.08%,$-0.00B,$1.00B,-0.19%,$-0.00B,$0.19B,-0.91%,$-0.00B,$1.80B,-0.11%,$0.02B,$1.20B,1.70%,$698,$610,$88,$0,$48,$658,$41,$-2,$38,$13,$25,$25,$25,$56,$41,$65,65,$0.39,$0.39,$129,$0,$0,$872,$88,$2,$810,$28,$927,$1799,$483,$203,$83,$317,$800,$1,$552,$2,$999,$1799,$-2,$119,$10,$129,$87,$0,$-34,$-7,$10,$138,$-25,$0,$-171,$0,$0,$0,$0,$-197,$125,$0,$125,$-4,$-4,$-0,$-35,$86,$24,$9,$-0
21,2013-06-30,22.46,$15.08,1.49,$40.73,0.55,$4.55,4.94,$0.05,449.27,$0.85B,$0.46B,1.84,$0.21B,$0.98B,0.21,$2.64B,$0.27B,10.17%,$2.64B,$0.03B,1.06%,$2.64B,$0.03B,1.06%,$2.64B,$0.15B,5.58%,$2.64B,$0.02B,0.83%,$2.64B,$0.00B,0.11%,$0.00B,$0.98B,0.29%,$0.00B,$0.17B,1.20%,$0.00B,$1.77B,0.17%,$0.03B,$1.19B,2.32%,$615,$609,$6,$0,$57,$715,$-100,$-2,$-102,$-24,$-78,$-78,$-78,$-25,$-100,$65,65,$-1.21,$-1.21,$146,$0,$0,$851,$87,$3,$805,$26,$921,$1772,$462,$208,$97,$332,$795,$1,$527,$-9,$977,$1772,$-27,$104,$-10,$94,$118,$0,$-44,$2,$48,$115,$-19,$0,$-169,$0,$0,$0,$0,$-187,$129,$0,$129,$12,$12,$0,$-25,$116,$41,$8,$0
22,2013-03-31,29.13,$16.60,1.76,$41.92,0.69,$4.84,6.02,$1.71,17.04,$0.92B,$0.45B,2.07,$0.26B,$1.08B,0.25,$2.71B,$0.36B,13.31%,$2.71B,$0.17B,6.43%,$2.71B,$0.17B,6.43%,$2.71B,$0.23B,8.54%,$2.71B,$0.17B,6.25%,$2.71B,$0.11B,4.07%,$0.11B,$1.08B,10.69%,$0.11B,$0.19B,40.33%,$0.11B,$1.93B,6.26%,$0.17B,$1.34B,14.65%,$642,$557,$85,$0,$48,$604,$38,$-2,$36,$11,$25,$25,$25,$54,$38,$65,65,$0.38,$0.38,$160,$0,$0,$921,$93,$4,$885,$25,$1007,$1928,$446,$264,$102,$404,$850,$1,$605,$13,$1078,$1928,$51,$29,$10,$39,$75,$0,$-31,$-26,$-28,$62,$-13,$0,$-168,$0,$0,$0,$0,$-181,$182,$0,$182,$15,$15,$0,$-23,$174,$55,$5,$0
23,2012-12-31,25.29,$16.33,1.55,$41.90,0.6,$5.09,4.97,$1.68,15.05,$0.89B,$0.44B,2.04,$0.15B,$1.05B,0.14,$2.69B,$0.36B,13.51%,$2.69B,$0.17B,6.40%,$2.69B,$0.17B,6.40%,$2.69B,$0.23B,8.41%,$2.69B,$0.17B,6.22%,$2.69B,$0.11B,3.98%,$0.11B,$1.05B,10.76%,$0.11B,$0.33B,36.15%,$0.11B,$1.72B,6.41%,$0.17B,$1.20B,15.44%,$659,$570,$88,$0,$46,$617,$42,$-1,$41,$14,$26,$26,$26,$54,$42,$64,65,$0.41,$0.41,$152,$0,$0,$894,$72,$3,$723,$24,$821,$1715,$438,$148,$44,$226,$664,$1,$581,$26,$1051,$1715,$26,$13,$11,$23,$26,$0,$-24,$3,$-32,$18,$-4,$0,$-15,$0,$0,$0,$0,$-18,$67,$0,$67,$3,$3,$0,$-22,$48,$47,$3,$0
24,2012-09-30,25.09,$15.98,1.57,$42.53,0.59,$5.41,4.64,$1.63,15.39,$0.86B,$0.50B,1.71,$0.08B,$1.02B,0.08,$2.71B,$0.36B,13.28%,$2.71B,$0.17B,6.12%,$2.71B,$0.17B,6.12%,$2.71B,$0.22B,8.23%,$2.71B,$0.16B,5.94%,$2.71B,$0.10B,3.84%,$0.10B,$1.02B,10.88%,$0.10B,$0.31B,37.89%,$0.10B,$1.67B,6.34%,$0.17B,$1.10B,15.49%,$719,$631,$89,$0,$57,$671,$48,$-1,$47,$17,$31,$31,$30,$64,$48,$63,64,$0.48,$0.47,$105,$0,$0,$859,$74,$3,$710,$24,$812,$1671,$504,$81,$42,$147,$651,$1,$554,$31,$1020,$1671,$105,$58,$-4,$53,$-40,$0,$-15,$36,$-0,$158,$-24,$0,$-55,$-0,$0,$-0,$-0,$-80,$-68,$0,$-68,$18,$18,$-0,$-17,$-67,$14,$11,$-0
25,2012-06-30,24.92,$15.23,1.64,$42.04,0.59,$5.13,4.86,$1.58,15.77,$0.90B,$0.53B,1.69,$0.14B,$0.97B,0.15,$2.67B,$0.37B,14.02%,$2.67B,$0.16B,6.03%,$2.67B,$0.16B,6.03%,$2.67B,$0.22B,8.13%,$2.67B,$0.16B,5.85%,$2.67B,$0.10B,3.75%,$0.10B,$0.97B,10.94%,$0.10B,$0.26B,40.28%,$0.10B,$1.71B,6.17%,$0.16B,$1.11B,15.39%,$685,$587,$98,$0,$53,$638,$46,$-1,$45,$16,$29,$29,$29,$59,$46,$63,64,$0.46,$0.45,$141,$0,$0,$899,$77,$3,$708,$23,$811,$1710,$530,$141,$46,$211,$741,$1,$524,$18,$968,$1710,$74,$42,$5,$47,$-34,$0,$-3,$37,$7,$128,$-14,$0,$-52,$-1,$0,$-1,$-0,$-67,$-7,$0,$-7,$13,$13,$0,$-18,$-12,$50,$8,$0
26,2012-03-31,25.19,$14.83,1.7,$42.08,0.6,$4.71,5.35,$1.51,16.68,$0.82B,$0.47B,1.77,$0.11B,$0.94B,0.12,$2.66B,$0.36B,13.59%,$2.66B,$0.15B,5.80%,$2.66B,$0.15B,5.80%,$2.66B,$0.21B,7.98%,$2.66B,$0.15B,5.61%,$2.66B,$0.10B,3.58%,$0.10B,$0.94B,10.68%,$0.10B,$0.29B,39.38%,$0.10B,$1.58B,5.99%,$0.15B,$1.05B,15.18%,$624,$536,$88,$0,$52,$589,$36,$-1,$34,$12,$22,$22,$22,$49,$36,$63,64,$0.35,$0.35,$106,$0,$0,$823,$72,$4,$653,$24,$753,$1576,$465,$108,$36,$172,$637,$1,$495,$25,$940,$1576,$45,$29,$7,$36,$11,$0,$-23,$21,$-9,$71,$-7,$0,$-3,$0,$0,$0,$-0,$-11,$-39,$0,$-39,$9,$9,$0,$-18,$-48,$16,$6,$0
27,2011-12-31,20.63,$14.25,1.45,$42.02,0.49,$4.24,4.86,$1.44,14.33,$0.85B,$0.50B,1.68,$0.14B,$0.89B,0.15,$2.65B,$0.35B,13.15%,$2.65B,$0.15B,5.56%,$2.65B,$0.15B,5.56%,$2.65B,$0.21B,7.79%,$2.65B,$0.14B,5.40%,$2.65B,$0.09B,3.44%,$0.09B,$0.89B,10.54%,$0.09B,$0.24B,41.51%,$0.09B,$1.60B,5.81%,$0.15B,$1.03B,14.74%,$683,$598,$85,$0,$49,$647,$36,$-1,$35,$12,$23,$23,$23,$51,$36,$62,63,$0.36,$0.36,$106,$0,$0,$846,$75,$3,$652,$24,$754,$1601,$504,$135,$37,$202,$707,$1,$473,$15,$894,$1601,$23,$15,$6,$21,$-11,$0,$-19,$30,$-6,$38,$-4,$0,$-3,$0,$0,$0,$0,$-7,$-10,$-1,$-11,$3,$3,$0,$-9,$-18,$15,$3,$0
28,2011-09-30,17.91,$13.69,1.31,$40.99,0.44,$3.78,4.74,$1.44,12.43,$0.84B,$0.53B,1.58,$0.15B,$0.86B,0.17,$2.57B,$0.34B,13.17%,$2.57B,$0.15B,5.63%,$2.57B,$0.15B,5.63%,$2.57B,$0.20B,7.89%,$2.57B,$0.14B,5.48%,$2.57B,$0.09B,3.50%,$0.09B,$0.86B,10.73%,$0.09B,$0.21B,43.85%,$0.09B,$1.59B,5.86%,$0.15B,$1.00B,14.88%,$676,$573,$103,$0,$61,$632,$43,$-1,$42,$15,$27,$27,$26,$58,$43,$62,63,$0.43,$0.41,$90,$0,$0,$839,$78,$3,$650,$23,$755,$1594,$532,$145,$37,$207,$739,$1,$450,$5,$855,$1594,$93,$56,$17,$72,$2,$0,$-34,$-24,$-34,$132,$-18,$0,$-270,$-1,$0,$-1,$-5,$-294,$25,$0,$25,$8,$8,$-2,$0,$31,$-130,$11,$-2
29,2011-06-30,21.5,$13.90,1.55,$40.33,0.53,$3.39,6.34,$1.39,15.47,$0.83B,$0.51B,1.62,$0.11B,$0.87B,0.13,$2.53B,$0.32B,12.59%,$2.53B,$0.14B,5.50%,$2.53B,$0.14B,5.50%,$2.53B,$0.19B,7.60%,$2.53B,$0.14B,5.39%,$2.53B,$0.09B,3.45%,$0.09B,$0.87B,10.71%,$0.09B,$0.23B,37.66%,$0.09B,$1.57B,5.87%,$0.14B,$0.98B,14.75%,$674,$589,$85,$0,$45,$634,$39,$-2,$38,$13,$25,$25,$24,$54,$39,$62,63,$0.38,$0.38,$98,$0,$0,$830,$81,$3,$636,$22,$742,$1572,$511,$113,$52,$192,$704,$1,$424,$40,$868,$1572,$66,$42,$5,$46,$-28,$0,$-13,$-6,$-13,$98,$-13,$0,$-206,$-1,$0,$-1,$-0,$-220,$-9,$0,$-9,$8,$8,$-2,$0,$-2,$-123,$8,$-2
30,2011-03-31,23.59,$13.44,1.76,$38.67,0.61,$2.85,8.27,$1.34,17.61,$0.75B,$0.44B,1.72,$0.14B,$0.84B,0.17,$2.41B,$0.31B,12.64%,$2.41B,$0.13B,5.51%,$2.41B,$0.13B,5.51%,$2.41B,$0.18B,7.42%,$2.41B,$0.13B,5.39%,$2.41B,$0.08B,3.48%,$0.08B,$0.84B,10.83%,$0.08B,$0.20B,32.31%,$0.08B,$1.50B,6.09%,$0.13B,$0.98B,15.14%,$613,$538,$75,$0,$46,$583,$29,$-1,$28,$10,$18,$18,$18,$43,$29,$62,63,$0.28,$0.28,$91,$0,$0,$751,$84,$3,$640,$22,$749,$1500,$437,$142,$51,$226,$663,$1,$400,$38,$837,$1500,$41,$27,$2,$29,$43,$0,$-61,$-18,$-28,$43,$-9,$0,$-188,$0,$0,$0,$-0,$-197,$19,$0,$19,$5,$5,$-1,$0,$24,$-130,$5,$-1
31,2010-12-31,23.94,$12.85,1.86,$36.49,0.66,$2.84,8.44,$1.29,18.56,$0.76B,$0.46B,1.66,$0.14B,$0.80B,0.18,$2.27B,$0.29B,12.95%,$2.27B,$0.13B,5.64%,$2.27B,$0.13B,5.64%,$2.27B,$0.17B,7.40%,$2.27B,$0.13B,5.51%,$2.27B,$0.08B,3.52%,$0.08B,$0.80B,10.80%,$0.08B,$0.19B,27.28%,$0.08B,$1.48B,6.27%,$0.13B,$0.94B,15.82%,$611,$535,$76,$0,$41,$577,$34,$-1,$33,$10,$23,$23,$22,$48,$34,$62,62,$0.36,$0.36,$82,$0,$0,$758,$84,$3,$611,$19,$717,$1475,$456,$142,$51,$223,$679,$1,$382,$26,$796,$1475,$23,$14,$6,$19,$38,$0,$-44,$-21,$-33,$9,$-4,$0,$-167,$0,$0,$0,$0,$-171,$20,$0,$20,$3,$3,$-1,$0,$23,$-139,$3,$-1
32,2010-09-30,20.04,$12.11,1.65,$35.43,0.57,$2.62,7.66,$1.23,16.29,$0.85B,$0.47B,1.81,$0.12B,$0.75B,0.16,$2.20B,$0.29B,13.08%,$2.20B,$0.13B,5.68%,$2.20B,$0.13B,5.68%,$2.20B,$0.16B,7.22%,$2.20B,$0.12B,5.59%,$2.20B,$0.08B,3.50%,$0.08B,$0.75B,10.85%,$0.08B,$0.31B,23.66%,$0.08B,$1.38B,6.54%,$0.13B,$0.87B,16.78%,$627,$545,$82,$0,$45,$590,$37,$-0,$37,$14,$23,$23,$23,$47,$37,$61,62,$0.37,$0.38,$221,$0,$0,$845,$79,$0,$440,$17,$537,$1382,$467,$123,$31,$166,$634,$1,$360,$19,$748,$1382,$77,$33,$27,$60,$-23,$0,$-10,$-4,$-30,$107,$-18,$0,$-79,$0,$0,$0,$-0,$-97,$117,$0,$117,$3,$3,$0,$1,$121,$132,$10,$0
33,2010-06-30,18.74,$11.67,1.61,$34.75,0.54,$4.14,4.53,$1.19,15.75,$0.70B,$0.41B,1.7,$0.00B,$0.72B,0.01,$2.15B,$0.28B,12.94%,$2.15B,$0.12B,5.63%,$2.15B,$0.12B,5.63%,$2.15B,$0.15B,7.12%,$2.15B,$0.12B,5.49%,$2.15B,$0.07B,3.44%,$0.07B,$0.72B,10.81%,$0.07B,$0.35B,23.00%,$0.07B,$1.16B,6.68%,$0.12B,$0.73B,17.53%,$562,$490,$72,$0,$40,$530,$33,$-0,$32,$12,$21,$21,$21,$41,$33,$62,62,$0.34,$0.33,$120,$0,$0,$696,$71,$0,$372,$16,$459,$1156,$409,$4,$13,$26,$435,$1,$337,$17,$721,$1156,$54,$24,$24,$48,$-15,$0,$3,$-9,$-37,$65,$-14,$0,$-23,$0,$0,$0,$-0,$-37,$-1,$0,$-1,$3,$3,$0,$1,$3,$31,$8,$0
34,2010-03-31,22.01,$11.31,1.95,$34.73,0.63,$4.86,4.53,$1.37,16.07,$0.63B,$0.37B,1.74,$0.01B,$0.70B,0.01,$2.14B,$0.28B,13.14%,$2.14B,$0.12B,5.66%,$2.14B,$0.12B,5.66%,$2.14B,$0.15B,7.11%,$2.14B,$0.12B,5.52%,$2.14B,$0.08B,3.93%,$0.08B,$0.70B,12.83%,$0.08B,$0.33B,27.98%,$0.08B,$1.09B,7.70%,$0.12B,$0.70B,18.01%,$470,$406,$64,$0,$40,$446,$24,$-0,$23,$9,$14,$14,$14,$32,$24,$62,62,$0.23,$0.23,$113,$0,$0,$634,$70,$0,$367,$16,$454,$1088,$365,$6,$11,$24,$390,$1,$316,$18,$698,$1088,$33,$16,$22,$38,$52,$0,$-31,$-21,$-31,$40,$-8,$0,$-12,$0,$0,$0,$-0,$-20,$-1,$0,$-1,$3,$3,$0,$1,$3,$23,$5,$0
35,2009-12-31,25.96,$10.96,2.37,$35.78,0.73,$4.95,5.24,$1.46,17.78,$0.64B,$0.39B,1.65,$0.01B,$0.67B,0.01,$2.19B,$0.28B,12.92%,$2.19B,$0.13B,5.71%,$2.19B,$0.13B,5.71%,$2.19B,$0.16B,7.08%,$2.19B,$0.12B,5.57%,$2.19B,$0.09B,4.06%,$0.09B,$0.67B,14.37%,$0.09B,$0.32B,32.36%,$0.09B,$1.09B,8.11%,$0.13B,$0.68B,18.93%,$542,$472,$70,$0,$39,$511,$31,$-0,$31,$12,$19,$19,$19,$39,$31,$61,62,$0.31,$0.30,$81,$0,$0,$640,$70,$0,$358,$18,$446,$1086,$388,$6,$11,$25,$413,$1,$302,$16,$673,$1086,$19,$8,$11,$18,$15,$0,$-9,$-9,$-42,$-5,$-4,$0,$-1,$0,$0,$0,$0,$-5,$-0,$0,$-0,$1,$1,$0,$1,$2,$-8,$3,$0
36,2009-09-30,25.35,$10.55,2.4,$37.64,0.67,$4.58,5.53,$1.43,17.73,$0.66B,$0.43B,1.52,$0.01B,$0.65B,0.01,$2.29B,$0.28B,12.11%,$2.29B,$0.12B,5.38%,$2.29B,$0.12B,5.38%,$2.29B,$0.15B,6.56%,$2.29B,$0.12B,5.20%,$2.29B,$0.09B,3.76%,$0.09B,$0.65B,14.73%,$0.09B,$0.29B,32.00%,$0.09B,$1.10B,7.91%,$0.12B,$0.65B,19.22%,$575,$503,$72,$0,$40,$542,$33,$-0,$32,$12,$20,$20,$20,$41,$33,$60,61,$0.34,$0.33,$89,$0,$0,$656,$71,$0,$353,$18,$442,$1098,$432,$7,$8,$19,$451,$1,$283,$12,$646,$1098,$87,$27,$27,$54,$156,$0,$-104,$-19,$57,$198,$-19,$0,$-115,$0,$0,$0,$0,$-133,$-50,$0,$-50,$20,$20,$0,$2,$-28,$38,$9,$0
37,2009-06-30,27.37,$9.96,2.75,$39.10,0.7,$2.53,10.84,$1.40,19.55,$0.67B,$0.43B,1.54,$0.05B,$0.60B,0.08,$2.36B,$0.28B,11.82%,$2.36B,$0.12B,5.12%,$2.36B,$0.12B,5.12%,$2.36B,$0.15B,6.14%,$2.36B,$0.12B,4.96%,$2.36B,$0.08B,3.56%,$0.08B,$0.60B,15.27%,$0.08B,$0.26B,31.79%,$0.08B,$1.09B,7.80%,$0.12B,$0.65B,19.58%,$551,$477,$75,$0,$42,$519,$33,$-0,$32,$1,$31,$31,$31,$40,$33,$60,61,$0.52,$0.51,$48,$0,$0,$665,$69,$0,$340,$18,$428,$1094,$433,$49,$6,$58,$492,$1,$263,$7,$602,$1094,$67,$19,$26,$45,$93,$0,$-77,$-24,$-4,$107,$-13,$0,$-103,$0,$0,$0,$0,$-116,$-2,$0,$-2,$6,$6,$0,$0,$5,$-3,$7,$0
38,2009-03-31,19.47,$9.25,2.11,$39.51,0.49,$1.50,12.95,$1.16,16.79,$0.70B,$0.44B,1.57,$0.10B,$0.56B,0.18,$2.37B,$0.27B,11.37%,$2.37B,$0.12B,4.89%,$2.37B,$0.12B,4.89%,$2.37B,$0.14B,5.81%,$2.37B,$0.11B,4.76%,$2.37B,$0.07B,2.91%,$0.07B,$0.56B,13.27%,$0.07B,$0.23B,26.14%,$0.07B,$1.11B,6.62%,$0.12B,$0.66B,19.61%,$522,$456,$66,$0,$38,$494,$28,$-1,$27,$8,$19,$19,$19,$35,$28,$60,61,$0.32,$0.32,$42,$0,$0,$699,$68,$0,$327,$14,$410,$1109,$444,$100,$8,$109,$552,$1,$232,$0,$557,$1109,$36,$12,$19,$31,$87,$0,$-57,$-16,$-20,$47,$-10,$0,$-94,$0,$0,$0,$0,$-104,$-69,$116,$47,$2,$2,$0,$0,$49,$-9,$5,$0
39,2008-12-31,23.07,$8.84,2.61,$38.72,0.6,$1.20,19.29,$1.07,21.57,$0.71B,$0.45B,1.6,$0.07B,$0.53B,0.13,$2.31B,$0.26B,11.33%,$2.31B,$0.11B,4.89%,$2.31B,$0.11B,4.89%,$2.31B,$0.13B,5.71%,$2.31B,$0.11B,4.71%,$2.31B,$0.06B,2.77%,$0.06B,$0.53B,12.96%,$0.06B,$0.29B,24.17%,$0.06B,$1.05B,6.53%,$0.11B,$0.60B,20.31%,$639,$574,$64,$0,$36,$610,$29,$-1,$28,$11,$16,$16,$16,$34,$29,$60,60,$0.27,$0.27,$29,$0,$0,$713,$61,$0,$240,$14,$335,$1049,$445,$69,$5,$74,$519,$1,$212,$-0,$530,$1049,$16,$6,$12,$17,$-20,$0,$-14,$13,$-61,$-28,$-3,$0,$-7,$0,$0,$0,$0,$-11,$16,$0,$16,$1,$1,$0,$0,$16,$-22,$2,$0
40,2008-09-30,22.99,$8.54,2.69,$36.08,0.64,$1.35,17.0,$1.02,22.54,$0.72B,$0.49B,1.48,$0.05B,$0.51B,0.1,$2.14B,$0.25B,11.85%,$2.14B,$0.11B,4.99%,$2.14B,$0.11B,4.99%,$2.14B,$0.13B,5.83%,$2.14B,$0.10B,4.80%,$2.14B,$0.06B,2.85%,$0.06B,$0.51B,13.00%,$0.06B,$0.28B,24.67%,$0.06B,$1.06B,6.56%,$0.11B,$0.57B,20.07%,$649,$575,$74,$0,$43,$618,$31,$-0,$30,$12,$18,$18,$18,$36,$31,$59,60,$0.32,$0.30,$51,$0,$0,$720,$61,$0,$236,$17,$336,$1057,$488,$53,$4,$57,$545,$1,$196,$0,$512,$1057,$61,$19,$22,$41,$-156,$0,$58,$52,$-34,$68,$-16,$0,$-74,$0,$0,$0,$0,$-90,$-27,$0,$-27,$21,$21,$0,$2,$-4,$-26,$8,$0
41,2008-06-30,21.61,$8.10,2.67,$32.62,0.66,$1.06,20.46,$0.96,22.51,$0.63B,$0.41B,1.56,$0.06B,$0.48B,0.13,$1.93B,$0.24B,12.28%,$1.93B,$0.10B,5.18%,$1.93B,$0.10B,5.18%,$1.93B,$0.12B,6.06%,$1.93B,$0.10B,5.03%,$1.93B,$0.06B,2.95%,$0.06B,$0.48B,12.80%,$0.06B,$0.26B,24.15%,$0.06B,$0.96B,6.50%,$0.10B,$0.55B,19.37%,$564,$498,$66,$0,$38,$536,$28,$-0,$28,$11,$16,$16,$16,$33,$28,$59,60,$0.27,$0.27,$49,$0,$0,$634,$60,$0,$220,$13,$321,$955,$406,$63,$4,$67,$473,$1,$178,$-0,$481,$955,$43,$13,$20,$34,$-70,$0,$14,$38,$-33,$43,$-12,$0,$-56,$0,$0,$0,$0,$-68,$-16,$0,$-16,$12,$12,$0,$1,$-3,$-27,$6,$0
42,2008-03-31,18.64,$7.68,2.43,$30.06,0.62,$0.60,30.95,$0.90,20.71,$0.54B,$0.34B,1.58,$0.07B,$0.45B,0.14,$1.77B,$0.23B,12.71%,$1.77B,$0.09B,5.31%,$1.77B,$0.09B,5.31%,$1.77B,$0.11B,6.21%,$1.77B,$0.09B,5.08%,$1.77B,$0.05B,2.99%,$0.05B,$0.45B,12.48%,$0.05B,$0.23B,23.77%,$0.05B,$0.86B,6.35%,$0.09B,$0.52B,18.86%,$461,$404,$58,$0,$33,$437,$25,$-1,$23,$10,$14,$14,$14,$29,$25,$59,59,$0.23,$0.23,$28,$0,$0,$541,$59,$0,$219,$15,$322,$862,$343,$65,$4,$68,$411,$1,$162,$-0,$452,$862,$27,$8,$15,$24,$-1,$0,$-19,$21,$-24,$26,$-9,$0,$-53,$0,$0,$0,$0,$-61,$-16,$0,$-16,$2,$2,$0,$0,$-14,$-49,$4,$0
43,2007-12-31,20.54,$7.39,2.78,$28.18,0.73,$0.29,70.11,$0.85,24.17,$0.53B,$0.33B,1.61,$0.08B,$0.43B,0.17,$1.66B,$0.21B,12.81%,$1.66B,$0.09B,5.26%,$1.66B,$0.09B,5.26%,$1.66B,$0.10B,6.16%,$1.66B,$0.09B,5.14%,$1.66B,$0.05B,2.96%,$0.05B,$0.43B,12.05%,$0.05B,$0.22B,22.45%,$0.05B,$0.84B,6.23%,$0.09B,$0.51B,18.40%,$470,$414,$56,$0,$34,$448,$23,$-1,$22,$9,$13,$13,$13,$27,$23,$58,59,$0.22,$0.22,$18,$0,$0,$534,$56,$0,$212,$13,$310,$844,$333,$75,$4,$79,$412,$1,$148,$-0,$432,$844,$13,$4,$8,$12,$-2,$0,$-9,$10,$-43,$-18,$-3,$0,$-33,$0,$0,$0,$0,$-36,$-6,$0,$-6,$2,$2,$0,$0,$-4,$-59,$2,$0
44,2007-09-30,20.18,$7.12,2.83,$26.57,0.76,$0.30,66.71,$0.79,25.54,$0.54B,$0.35B,1.56,$0.08B,$0.42B,0.2,$1.55B,$0.20B,12.87%,$1.55B,$0.09B,5.47%,$1.55B,$0.09B,5.47%,$1.55B,$0.10B,6.44%,$1.55B,$0.08B,5.08%,$1.55B,$0.05B,2.90%,$0.05B,$0.42B,11.53%,$0.05B,$0.23B,21.00%,$0.05B,$0.85B,6.06%,$0.09B,$0.50B,18.79%,$435,$378,$57,$0,$33,$410,$24,$-0,$24,$10,$14,$14,$14,$28,$24,$58,59,$0.25,$0.24,$77,$0,$0,$543,$54,$0,$186,$16,$305,$847,$348,$81,$2,$83,$432,$1,$135,$-0,$416,$847,$46,$14,$7,$21,$-86,$0,$45,$2,$-20,$47,$-12,$0,$-27,$0,$0,$0,$0,$-40,$-3,$0,$-3,$8,$8,$0,$-1,$4,$11,$6,$0
45,2007-06-30,20.59,$6.86,3.0,$25.98,0.79,$0.51,40.28,$0.75,27.45,$0.49B,$0.31B,1.56,$0.08B,$0.40B,0.19,$1.52B,$0.19B,12.61%,$1.52B,$0.08B,5.35%,$1.52B,$0.08B,5.35%,$1.52B,$0.10B,6.27%,$1.52B,$0.08B,4.95%,$1.52B,$0.04B,2.84%,$0.04B,$0.40B,11.47%,$0.04B,$0.21B,21.00%,$0.04B,$0.79B,6.09%,$0.08B,$0.47B,18.79%,$404,$350,$54,$0,$32,$382,$22,$-1,$21,$9,$12,$12,$12,$26,$22,$58,59,$0.21,$0.21,$38,$0,$0,$489,$45,$0,$190,$16,$298,$787,$313,$75,$0,$75,$388,$1,$121,$-0,$399,$787,$32,$10,$10,$20,$-66,$0,$29,$2,$-40,$12,$-8,$0,$-27,$0,$0,$0,$0,$-35,$-10,$0,$-10,$6,$6,$0,$-1,$-5,$-28,$4,$0
46,2007-03-31,18.21,$6.56,2.78,$25.29,0.72,$0.80,22.78,$0.71,25.65,$0.41B,$0.25B,1.6,$0.03B,$0.38B,0.09,$1.47B,$0.18B,12.24%,$1.47B,$0.08B,5.10%,$1.47B,$0.08B,5.10%,$1.47B,$0.09B,5.99%,$1.47B,$0.07B,4.69%,$1.47B,$0.04B,2.65%,$0.04B,$0.38B,10.82%,$0.04B,$0.21B,19.85%,$0.04B,$0.67B,5.78%,$0.08B,$0.41B,18.19%,$346,$301,$45,$0,$27,$328,$18,$-0,$18,$8,$10,$10,$10,$21,$18,$58,58,$0.18,$0.18,$23,$0,$0,$406,$33,$0,$165,$16,$261,$667,$253,$34,$0,$34,$287,$1,$109,$-0,$380,$667,$20,$6,$9,$15,$-3,$0,$-7,$-7,$-31,$4,$-4,$0,$-2,$0,$0,$0,$0,$-7,$-41,$0,$-41,$2,$2,$0,$-1,$-40,$-43,$3,$0
47,2006-12-31,17.28,$6.33,2.73,$24.88,0.69,$0.97,17.84,$0.69,25.05,$0.42B,$0.25B,1.7,$0.06B,$0.37B,0.16,$1.44B,$0.18B,12.61%,$1.44B,$0.07B,5.06%,$1.44B,$0.07B,5.06%,$1.44B,$0.09B,5.96%,$1.44B,$0.07B,4.50%,$1.44B,$0.04B,2.63%,$0.04B,$0.37B,10.94%,$0.04B,$0.20B,20.74%,$0.04B,$0.67B,5.69%,$0.07B,$0.43B,17.84%,$369,$325,$44,$0,$23,$348,$21,$-5,$16,$7,$9,$9,$9,$25,$21,$58,58,$0.16,$0.16,$31,$0,$0,$415,$32,$0,$163,$14,$254,$670,$245,$59,$0,$59,$304,$1,$98,$0,$366,$670,$9,$3,$8,$11,$-5,$0,$1,$-4,$-39,$-18,$-2,$0,$1,$0,$0,$0,$0,$-1,$-16,$0,$-16,$1,$1,$0,$0,$-15,$-34,$1,$0
