,Date,Stock Price,Book Value per Share,Price to Book Ratio,TTM Sales per Share,Price to Sales Ratio,TTM FCF per Share,Price to FCF Ratio,TTM Net EPS,PE Ratio,Current Assets,Current Liabilities,Current Ratio,Long Term Debt,Shareholder's Equity_x,Debt to Equity Ratio,TTM Revenue_x,TTM Gross Profit,Gross Margin,TTM Revenue_y,TTM Operating Income,Operating Margin,TTM Revenue_x,TTM EBIT,EBIT Margin,TTM Revenue_y,TTM EBITDA,EBITDA Margin,TTM Revenue_x,TTM Pre-Tax Income,Pre-Tax Margin,TTM Revenue_y,TTM Net Income_x,Net Margin,TTM Net Income_y,Shareholder's Equity_y,Return on Equity,TTM Net Income_x,Tangible Equity,Return on Tangible Equity,TTM Net Income_y,Total Assets,Return on Assets,TTM Net Income,LT Investments & Debt,Return on Investment,revenue,cost-goods-sold,gross-profit,research-development-expenses,selling-general-administrative-expenses,operating-expenses,operating-income,total-non-operating-income-expense,pre-tax-income,total-provision-income-taxes,income-after-taxes,income-from-continuous-operations,net-income,ebitda,ebit,basic-shares-outstanding,shares-outstanding,eps-basic-net-earnings-per-share,eps-earnings-per-share-diluted,cash-on-hand,inventory,other-current-assets,total-current-assets,net-property-plant-equipment,long-term-investments,goodwill-intangible-assets-total,other-long-term-assets,total-long-term-assets,total-assets,total-current-liabilities,long-term-debt,other-non-current-liabilities,total-long-term-liabilities,total-liabilities,common-stock-net,retained-earnings-accumulated-deficit,comprehensive-income,total-share-holder-equity,total-liabilities-share-holders-equity,net-income-loss,total-depreciation-amortization-cash-flow,other-non-cash-items,total-non-cash-items,change-in-accounts-receivable,change-in-inventories,change-in-accounts-payable,change-in-assets-liabilities,total-change-in-assets-liabilities,cash-flow-from-operating-activities,net-change-in-property-plant-equipment,net-change-in-intangible-assets,net-acquisitions-divestitures,net-change-in-short-term-investments,net-change-in-long-term-investments,net-change-in-investments-total,investing-activities-other,cash-flow-from-investing-activities,net-long-term-debt,net-current-debt,debt-issuance-retirement-net-total,net-common-equity-issued-repurchased,net-total-equity-issued-repurchased,total-common-preferred-stock-dividends-paid,financial-activities-other,cash-flow-from-financial-activities,net-cash-flow,stock-based-compensation,common-stock-dividends-paid
0,2018-09-30,15.91,$11.33,1.4,$22.61,0.7,$0.79,20.03,$1.36,11.7,$1.23B,$0.70B,1.77,$1.52B,$1.18B,1.29,$2.88B,$0.47B,16.24%,$2.88B,$0.19B,6.54%,$2.88B,$0.19B,6.54%,$2.88B,$0.41B,14.36%,$2.88B,$0.12B,4.21%,$2.88B,$0.17B,5.91%,$0.17B,$1.18B,15.52%,$0.17B,$0.01B,61.65%,$0.17B,$3.49B,5.42%,$0.19B,$2.69B,7.99%,$756,$626,$130,$0,$58,$701,$55,$-20,$35,$8,$27,$27,$27,$118,$55,$104,136,$0.26,$0.22,$208,$122,$297,$1233,$1059,$0,$1161,$36,$2256,$3489,$695,$1518,$101,$1619,$2314,$0,$343,$2,$1175,$3489,$121,$176,$-50,$126,$-45,$5,$-26,$-18,$-126,$121,$-116,$0,$-596,$0,$0,$0,$0,$-713,$400,$0,$400,$0,$0,$0,$-9,$391,$-201,$15,$0
1,2018-06-30,17.63,$11.01,1.6,$22.14,0.8,$1.43,12.36,$1.33,13.26,$1.20B,$0.69B,1.75,$1.56B,$1.14B,1.36,$2.79B,$0.43B,15.57%,$2.79B,$0.18B,6.35%,$2.79B,$0.18B,6.35%,$2.79B,$0.39B,13.81%,$2.79B,$0.11B,3.91%,$2.79B,$0.16B,5.88%,$0.16B,$1.14B,15.77%,$0.16B,$-0.03B,42.05%,$0.16B,$3.48B,5.60%,$0.18B,$2.70B,8.19%,$717,$601,$116,$0,$65,$685,$32,$-14,$17,$-67,$84,$84,$84,$95,$32,$104,135,$0.81,$0.65,$204,$121,$301,$1203,$1073,$0,$1173,$30,$2276,$3479,$689,$1555,$93,$1648,$2338,$0,$316,$1,$1141,$3479,$94,$112,$-55,$57,$-17,$6,$-34,$-16,$-109,$41,$-81,$0,$-596,$0,$0,$0,$0,$-677,$441,$0,$441,$0,$0,$0,$-9,$432,$-205,$9,$0
2,2018-03-31,15.29,$10.19,1.5,$21.53,0.71,$2.02,7.57,$0.86,17.78,$1.25B,$0.68B,1.84,$0.98B,$1.05B,0.93,$2.70B,$0.41B,15.35%,$2.70B,$0.19B,7.04%,$2.70B,$0.19B,7.04%,$2.70B,$0.38B,14.09%,$2.70B,$0.12B,4.38%,$2.70B,$0.10B,3.74%,$0.10B,$1.05B,10.28%,$0.10B,$0.59B,20.05%,$0.10B,$2.79B,3.74%,$0.19B,$2.03B,9.84%,$664,$575,$89,$0,$53,$634,$30,$-15,$15,$5,$10,$10,$10,$79,$30,$103,108,$0.10,$0.09,$353,$82,$275,$1248,$1040,$0,$470,$29,$1539,$2786,$678,$977,$77,$1054,$1732,$0,$232,$4,$1054,$2786,$10,$49,$4,$52,$-13,$-11,$9,$-13,$-76,$-14,$-42,$0,$0,$0,$0,$0,$0,$-42,$-1,$0,$-1,$0,$0,$0,$0,$-1,$-57,$4,$0
3,2017-12-31,15.67,$9.93,1.58,$20.13,0.78,$2.74,5.71,$1.10,14.25,$1.22B,$0.72B,1.7,$0.98B,$1.01B,0.97,$2.66B,$0.43B,16.18%,$2.66B,$0.21B,8.01%,$2.66B,$0.21B,8.01%,$2.66B,$0.40B,14.97%,$2.66B,$0.14B,5.27%,$2.66B,$0.12B,4.67%,$0.12B,$1.01B,13.23%,$0.12B,$0.54B,27.42%,$0.12B,$2.78B,4.70%,$0.21B,$1.99B,11.48%,$739,$607,$132,$0,$54,$668,$71,$-17,$54,$4,$49,$49,$49,$121,$71,$102,132,$0.48,$0.39,$409,$295,$0,$1221,$1057,$0,$476,$28,$1561,$2782,$720,$975,$75,$1050,$1771,$0,$193,$3,$1011,$2782,$125,$185,$10,$195,$-51,$-25,$55,$-2,$3,$333,$-124,$0,$0,$0,$0,$0,$0,$-124,$-39,$0,$-39,$0,$0,$0,$-20,$-59,$153,$18,$0
4,2017-09-30,15.37,$9.36,1.64,$21.51,0.71,$3.30,4.65,$0.68,22.6,$1.11B,$0.67B,1.65,$0.97B,$0.95B,1.02,$2.63B,$0.43B,16.41%,$2.63B,$0.21B,8.07%,$2.63B,$0.21B,8.07%,$2.63B,$0.39B,15.00%,$2.63B,$0.10B,3.88%,$2.63B,$0.07B,2.78%,$0.07B,$0.95B,8.19%,$0.07B,$0.47B,18.22%,$0.07B,$2.67B,2.84%,$0.21B,$1.93B,11.82%,$667,$570,$97,$0,$47,$623,$44,$-21,$23,$1,$22,$22,$21,$90,$44,$102,132,$0.21,$0.19,$302,$295,$0,$1111,$1053,$0,$481,$29,$1563,$2674,$673,$974,$74,$1049,$1721,$0,$150,$-10,$953,$2674,$75,$135,$9,$145,$-42,$-26,$38,$-7,$-47,$180,$-92,$0,$0,$0,$0,$0,$0,$-92,$-38,$0,$-38,$0,$0,$0,$-7,$-45,$46,$13,$0
5,2017-06-30,17.36,$8.94,1.94,$21.47,0.81,$3.73,4.66,$0.72,24.11,$1.03B,$0.72B,1.42,$0.86B,$0.91B,0.95,$2.60B,$0.44B,17.07%,$2.60B,$0.22B,8.38%,$2.60B,$0.22B,8.38%,$2.60B,$0.40B,15.46%,$2.60B,$0.11B,4.38%,$2.60B,$0.08B,3.00%,$0.08B,$0.91B,9.00%,$0.08B,$0.42B,21.10%,$0.08B,$2.57B,3.06%,$0.22B,$1.77B,12.40%,$627,$531,$96,$0,$45,$582,$45,$-19,$26,$6,$21,$21,$21,$90,$45,$102,133,$0.20,$0.18,$247,$282,$0,$1025,$1034,$0,$487,$25,$1547,$2572,$723,$864,$75,$939,$1661,$0,$128,$-25,$911,$2572,$54,$89,$9,$98,$-20,$-13,$11,$-4,$-47,$109,$-69,$0,$0,$0,$0,$0,$0,$-69,$-50,$0,$-50,$0,$0,$0,$0,$-50,$-9,$9,$0
6,2017-03-31,16.13,$8.58,1.88,$21.51,0.75,$3.92,4.11,$0.71,22.72,$1.03B,$0.72B,1.42,$0.86B,$0.87B,0.99,$2.58B,$0.45B,17.31%,$2.58B,$0.21B,8.07%,$2.58B,$0.21B,8.07%,$2.58B,$0.40B,15.49%,$2.58B,$0.11B,4.11%,$2.58B,$0.08B,2.95%,$0.08B,$0.87B,8.98%,$0.08B,$0.38B,22.13%,$0.08B,$2.53B,2.99%,$0.21B,$1.73B,11.74%,$625,$520,$105,$0,$47,$573,$53,$-15,$37,$4,$33,$33,$33,$97,$53,$101,131,$0.33,$0.28,$283,$275,$0,$1027,$976,$0,$493,$33,$1503,$2530,$722,$861,$75,$936,$1658,$0,$108,$-38,$873,$2530,$33,$45,$4,$48,$13,$-6,$-9,$-4,$-32,$50,$-23,$0,$0,$0,$0,$0,$0,$-23,$0,$0,$0,$0,$0,$0,$0,$0,$27,$4,$0
7,2016-12-31,13.63,$8.26,1.65,$22.59,0.6,$3.70,3.68,$0.31,43.97,$1.01B,$0.69B,1.47,$0.91B,$0.83B,1.1,$2.53B,$0.43B,16.77%,$2.53B,$0.17B,6.87%,$2.53B,$0.17B,6.87%,$2.53B,$0.37B,14.72%,$2.53B,$0.07B,2.64%,$2.53B,$0.04B,1.42%,$0.04B,$0.83B,4.32%,$0.04B,$0.33B,10.90%,$0.04B,$2.50B,1.42%,$0.17B,$1.74B,9.68%,$707,$574,$133,$0,$56,$637,$70,$-54,$16,$17,$-2,$-2,$-2,$117,$70,$100,101,$-0.03,$0.01,$256,$269,$0,$1013,$967,$0,$499,$21,$1487,$2500,$689,$909,$73,$982,$1671,$0,$75,$-44,$829,$2500,$36,$200,$63,$263,$23,$-0,$-8,$4,$5,$298,$-81,$0,$0,$0,$0,$0,$4,$-78,$-218,$0,$-218,$2,$2,$0,$-1,$-217,$-3,$11,$0
8,2016-09-30,11.45,$8.51,1.35,$22.84,0.5,$3.28,3.49,$0.42,27.26,$1.06B,$0.75B,1.41,$0.94B,$0.85B,1.1,$2.50B,$0.40B,16.03%,$2.50B,$0.14B,5.65%,$2.50B,$0.14B,5.65%,$2.50B,$0.34B,13.74%,$2.50B,$0.07B,2.84%,$2.50B,$0.05B,1.92%,$0.05B,$0.85B,5.77%,$0.05B,$0.35B,14.55%,$0.05B,$2.61B,1.87%,$0.14B,$1.79B,7.73%,$642,$532,$110,$0,$51,$591,$50,$-15,$35,$10,$26,$26,$26,$98,$50,$100,128,$0.26,$0.23,$292,$281,$0,$1056,$1026,$0,$506,$19,$1551,$2607,$747,$935,$72,$1007,$1754,$0,$82,$-17,$853,$2607,$37,$152,$9,$160,$6,$-12,$13,$3,$4,$201,$-61,$0,$0,$0,$0,$0,$4,$-57,$-106,$0,$-106,$0,$0,$0,$0,$-106,$33,$8,$0
9,2016-06-30,7.53,$8.28,0.91,$24.39,0.31,$2.61,2.88,$0.17,44.29,$0.94B,$0.62B,1.51,$1.00B,$0.83B,1.2,$2.51B,$0.38B,15.12%,$2.51B,$0.12B,4.59%,$2.51B,$0.12B,4.59%,$2.51B,$0.32B,12.77%,$2.51B,$0.04B,1.72%,$2.51B,$0.02B,0.80%,$0.02B,$0.83B,2.42%,$0.02B,$0.32B,6.26%,$0.02B,$2.52B,0.77%,$0.12B,$1.83B,6.18%,$602,$504,$98,$0,$53,$567,$35,$-17,$18,$-1,$19,$19,$19,$87,$35,$100,127,$0.19,$0.17,$216,$271,$0,$942,$1047,$0,$512,$21,$1580,$2522,$622,$997,$72,$1070,$1692,$0,$57,$-12,$830,$2522,$12,$104,$5,$109,$31,$-2,$-22,$4,$-22,$98,$-35,$0,$0,$0,$0,$0,$4,$-32,$-106,$0,$-106,$0,$0,$0,$0,$-106,$-43,$5,$0
10,2016-03-31,6.65,$8.17,0.81,$24.67,0.27,$2.77,2.4,$-0.41,0.0,$0.91B,$0.60B,1.52,$1.02B,$0.82B,1.25,$2.35B,$0.34B,14.56%,$2.35B,$0.07B,3.11%,$2.35B,$0.07B,3.11%,$2.35B,$0.26B,11.20%,$2.35B,$0.01B,0.21%,$2.35B,$-0.04B,-1.53%,$-0.04B,$0.82B,-4.35%,$-0.04B,$0.33B,-10.83%,$-0.04B,$2.50B,-1.37%,$0.07B,$1.84B,3.86%,$583,$500,$84,$0,$54,$564,$19,$-21,$-2,$5,$-7,$-7,$-7,$71,$19,$100,100,$-0.07,$-0.07,$184,$265,$0,$908,$1076,$0,$492,$20,$1588,$2496,$598,$1022,$58,$1079,$1678,$0,$39,$-2,$818,$2496,$-7,$52,$6,$58,$24,$4,$-49,$7,$-33,$18,$-20,$0,$0,$0,$0,$0,$4,$-17,$-76,$0,$-76,$0,$0,$0,$0,$-76,$-75,$2,$0
11,2015-12-31,6.51,$8.34,0.78,$22.71,0.29,$3.40,1.91,$-0.30,0.0,$1.02B,$0.75B,1.37,$1.01B,$0.83B,1.23,$2.10B,$0.31B,14.80%,$2.10B,$0.06B,2.96%,$2.10B,$0.06B,2.96%,$2.10B,$0.23B,10.93%,$2.10B,$0.01B,0.43%,$2.10B,$-0.03B,-1.24%,$-0.03B,$0.83B,-3.24%,$-0.03B,$0.33B,-6.14%,$-0.03B,$2.64B,-1.09%,$0.06B,$1.84B,3.66%,$669,$561,$108,$0,$60,$632,$37,$-16,$20,$11,$10,$10,$10,$87,$37,$93,93,$0.11,$0.11,$263,$269,$0,$1023,$1103,$0,$498,$17,$1618,$2640,$745,$1013,$55,$1068,$1813,$0,$46,$2,$827,$2640,$-26,$168,$23,$191,$66,$8,$-32,$16,$77,$237,$-78,$0,$-169,$0,$0,$0,$-0,$-248,$61,$0,$61,$0,$0,$0,$-67,$-6,$-20,$10,$0
12,2015-09-30,6.23,$8.33,0.75,$20.15,0.31,$1.94,3.21,$-0.22,0.0,$0.98B,$0.66B,1.49,$1.11B,$0.83B,1.35,$1.82B,$0.27B,14.86%,$1.82B,$0.05B,2.86%,$1.82B,$0.05B,2.86%,$1.82B,$0.20B,10.84%,$1.82B,$0.01B,0.66%,$1.82B,$-0.02B,-1.21%,$-0.02B,$0.83B,-2.84%,$-0.02B,$0.31B,-4.29%,$-0.02B,$2.67B,-1.04%,$0.05B,$1.94B,3.45%,$652,$563,$89,$0,$57,$628,$24,$-17,$7,$9,$-2,$-2,$-2,$75,$24,$99,99,$-0.02,$-0.02,$150,$293,$0,$981,$1128,$0,$521,$42,$1690,$2671,$660,$1112,$73,$1185,$1845,$0,$41,$13,$826,$2671,$-35,$117,$8,$125,$33,$-15,$-30,$12,$13,$98,$-56,$0,$-169,$0,$0,$0,$-2,$-227,$64,$0,$64,$0,$0,$0,$-67,$-3,$-134,$7,$0
13,2015-06-30,9.99,$8.48,1.18,$17.68,0.57,$1.46,6.85,$-0.11,0.0,$0.98B,$0.67B,1.46,$1.11B,$0.84B,1.32,$1.51B,$0.23B,15.23%,$1.51B,$0.04B,2.65%,$1.51B,$0.04B,2.65%,$1.51B,$0.16B,10.79%,$1.51B,$0.01B,0.86%,$1.51B,$-0.01B,-0.79%,$-0.01B,$0.84B,-1.61%,$-0.01B,$0.37B,-1.98%,$-0.01B,$2.68B,-0.65%,$0.04B,$1.95B,3.09%,$445,$384,$61,$0,$64,$453,$-7,$-13,$-20,$17,$-37,$-37,$-37,$30,$-7,$89,89,$-0.41,$-0.41,$171,$295,$0,$983,$1181,$0,$470,$46,$1697,$2680,$672,$1111,$57,$1168,$1840,$0,$43,$31,$840,$2680,$-33,$66,$6,$72,$57,$-12,$-8,$11,$46,$83,$-25,$0,$-167,$0,$0,$0,$-18,$-210,$64,$0,$64,$0,$0,$0,$-67,$-3,$-130,$4,$0
14,2015-03-31,9.01,$8.57,1.05,$16.23,0.56,$0.58,15.63,$0.26,34.65,$0.73B,$0.46B,1.6,$0.33B,$0.72B,0.46,$1.36B,$0.21B,15.26%,$1.36B,$0.05B,3.67%,$1.36B,$0.05B,3.67%,$1.36B,$0.16B,12.03%,$1.36B,$0.03B,2.20%,$1.36B,$0.02B,1.61%,$0.02B,$0.72B,3.10%,$0.02B,$0.69B,3.25%,$0.02B,$1.52B,1.41%,$0.05B,$1.05B,4.61%,$329,$278,$52,$0,$44,$321,$8,$-6,$2,$-1,$3,$3,$3,$37,$8,$84,84,$0.04,$0.04,$283,$154,$0,$730,$747,$0,$30,$15,$791,$1522,$457,$328,$17,$345,$802,$0,$80,$30,$720,$1522,$3,$29,$2,$31,$69,$-9,$-24,$4,$34,$67,$-16,$0,$0,$0,$0,$0,$0,$-16,$-48,$0,$-48,$0,$0,$0,$0,$-48,$4,$2,$0
15,2014-12-31,7.53,$8.58,0.88,$15.86,0.47,$0.16,46.11,$0.17,44.29,$0.80B,$0.50B,1.61,$0.38B,$0.72B,0.52,$1.33B,$0.20B,14.71%,$1.33B,$0.05B,3.47%,$1.33B,$0.05B,3.47%,$1.33B,$0.16B,12.07%,$1.33B,$0.02B,1.66%,$1.33B,$0.02B,1.13%,$0.02B,$0.72B,2.13%,$0.02B,$0.68B,2.24%,$0.02B,$1.60B,0.96%,$0.05B,$1.09B,4.16%,$391,$322,$68,$0,$40,$364,$27,$-4,$23,$9,$14,$14,$14,$55,$27,$83,84,$0.18,$0.18,$279,$145,$0,$798,$755,$0,$31,$17,$803,$1601,$496,$375,$15,$390,$886,$0,$76,$31,$715,$1601,$15,$114,$11,$125,$-22,$-7,$24,$2,$-12,$130,$-109,$0,$0,$0,$0,$0,$0,$-109,$-80,$0,$-80,$4,$4,$0,$-2,$-77,$-52,$8,$0
16,2014-09-30,6.81,$8.52,0.8,$15.60,0.44,$0.34,20.05,$0.14,48.64,$0.72B,$0.47B,1.54,$0.37B,$0.71B,0.53,$1.30B,$0.20B,15.14%,$1.30B,$0.05B,3.69%,$1.30B,$0.05B,3.69%,$1.30B,$0.16B,12.45%,$1.30B,$0.01B,1.00%,$1.30B,$0.01B,0.92%,$0.01B,$0.71B,1.71%,$0.01B,$0.68B,1.81%,$0.01B,$1.56B,0.76%,$0.05B,$1.08B,4.25%,$345,$296,$49,$0,$35,$333,$12,$-4,$8,$0,$8,$8,$8,$41,$12,$83,84,$0.09,$0.09,$249,$152,$0,$718,$794,$0,$33,$16,$843,$1561,$467,$373,$12,$385,$851,$0,$65,$41,$710,$1561,$1,$85,$6,$91,$11,$-13,$-9,$3,$-17,$77,$-82,$0,$0,$0,$0,$0,$0,$-82,$-80,$0,$-80,$4,$4,$0,$-2,$-77,$-82,$6,$0
17,2014-06-30,8.2,$8.31,0.99,$15.59,0.53,$0.96,8.52,$-0.04,0.0,$0.71B,$0.40B,1.75,$0.42B,$0.69B,0.61,$1.30B,$0.20B,15.14%,$1.30B,$0.04B,2.70%,$1.30B,$0.04B,2.70%,$1.30B,$0.15B,11.35%,$1.30B,$0.00B,0.08%,$1.30B,$-0.00B,-0.31%,$-0.00B,$0.69B,-0.58%,$-0.00B,$0.66B,-0.61%,$-0.00B,$1.54B,-0.25%,$0.04B,$1.11B,3.08%,$298,$259,$39,$0,$31,$294,$3,$-6,$-3,$1,$-3,$-3,$-3,$31,$3,$83,83,$-0.04,$-0.04,$282,$146,$0,$707,$780,$0,$35,$17,$833,$1540,$403,$419,$25,$444,$847,$0,$57,$33,$692,$1540,$-7,$57,$4,$61,$46,$-8,$-42,$7,$-23,$34,$-53,$0,$0,$0,$0,$0,$0,$-53,$-31,$0,$-31,$4,$4,$0,$-2,$-29,$-49,$4,$0
18,2014-03-31,8.45,$8.44,1.0,$16.10,0.52,$1.47,5.77,$0.16,52.81,$0.72B,$0.39B,1.83,$0.45B,$0.69B,0.65,$1.34B,$0.21B,15.36%,$1.34B,$0.06B,4.49%,$1.34B,$0.06B,4.49%,$1.34B,$0.17B,12.88%,$1.34B,$0.03B,2.02%,$1.34B,$0.01B,0.90%,$0.01B,$0.69B,1.76%,$0.01B,$0.66B,1.87%,$0.01B,$1.56B,0.75%,$0.06B,$1.14B,5.24%,$292,$253,$39,$0,$32,$287,$4,$-10,$-6,$-2,$-4,$-4,$-4,$33,$4,$83,83,$-0.05,$-0.05,$318,$139,$0,$719,$788,$0,$38,$17,$843,$1562,$392,$448,$27,$475,$868,$0,$60,$34,$694,$1562,$-4,$28,$3,$31,$71,$-1,$-37,$2,$14,$45,$-29,$0,$0,$0,$0,$0,$0,$-29,$-31,$0,$-31,$4,$4,$0,$-2,$-29,$-13,$2,$0
19,2013-12-31,8.58,$8.53,1.01,$16.50,0.52,$1.25,6.86,$0.27,31.78,$0.81B,$0.46B,1.76,$0.48B,$0.71B,0.68,$1.37B,$0.22B,15.86%,$1.37B,$0.07B,5.04%,$1.37B,$0.07B,5.04%,$1.37B,$0.18B,13.08%,$1.37B,$0.04B,2.92%,$1.37B,$0.02B,1.54%,$0.02B,$0.71B,3.00%,$0.02B,$0.67B,3.20%,$0.02B,$1.67B,1.29%,$0.07B,$1.18B,5.90%,$366,$296,$70,$0,$38,$337,$29,$-16,$14,$2,$11,$11,$11,$57,$29,$83,83,$0.14,$0.13,$331,$138,$3,$805,$811,$0,$40,$18,$869,$1674,$458,$478,$33,$510,$968,$0,$64,$46,$705,$1674,$24,$110,$-7,$103,$-96,$-9,$35,$-10,$-56,$71,$-36,$0,$0,$0,$0,$0,$0,$-36,$19,$0,$19,$30,$30,$0,$-36,$13,$45,$9,$0
20,2013-09-30,9.74,$8.04,1.21,$16.77,0.58,$1.39,7.03,$0.32,30.44,$0.72B,$0.45B,1.59,$0.44B,$0.67B,0.66,$1.38B,$0.21B,15.10%,$1.38B,$0.06B,4.41%,$1.38B,$0.06B,4.41%,$1.38B,$0.17B,12.36%,$1.38B,$0.04B,3.11%,$1.38B,$0.02B,1.73%,$0.02B,$0.67B,3.37%,$0.02B,$0.62B,3.60%,$0.02B,$1.59B,1.47%,$0.06B,$1.10B,5.11%,$339,$290,$48,$0,$33,$340,$-1,$-3,$-4,$3,$-8,$-8,$-8,$26,$-1,$83,83,$-0.09,$-0.09,$271,$145,$0,$719,$807,$0,$42,$25,$875,$1593,$452,$436,$40,$476,$929,$0,$57,$41,$665,$1593,$13,$82,$2,$84,$-73,$-16,$39,$-3,$-35,$59,$-13,$0,$0,$0,$0,$0,$0,$-13,$-30,$0,$-30,$0,$0,$0,$-29,$-59,$-15,$7,$0
21,2013-06-30,8.4,$8.06,1.04,$16.81,0.5,$1.18,7.15,$-2.13,0.0,$0.73B,$0.41B,1.8,$0.48B,$0.67B,0.73,$1.38B,$0.21B,15.39%,$1.38B,$-0.14B,-10.19%,$1.38B,$-0.14B,-10.19%,$1.38B,$0.17B,12.28%,$1.38B,$-0.17B,-12.07%,$1.38B,$-0.18B,-12.72%,$-0.18B,$0.67B,-24.17%,$-0.18B,$0.62B,-25.87%,$-0.18B,$1.58B,-10.67%,$-0.14B,$1.15B,-11.44%,$338,$290,$48,$0,$36,$310,$28,$-5,$23,$9,$14,$14,$13,$56,$28,$83,83,$0.16,$0.16,$231,$136,$0,$730,$776,$0,$44,$30,$850,$1579,$405,$483,$26,$508,$914,$0,$64,$36,$666,$1579,$20,$55,$-11,$44,$-27,$-6,$24,$1,$5,$69,$-46,$0,$0,$0,$0,$0,$-47,$-94,$-30,$0,$-30,$0,$0,$0,$0,$-30,$-55,$5,$0
22,2013-03-31,7.6,$9.25,0.82,$16.71,0.45,$1.06,7.18,$-2.20,0.0,$0.76B,$0.40B,1.9,$0.48B,$0.76B,0.63,$1.37B,$0.22B,16.02%,$1.37B,$-0.15B,-11.00%,$1.37B,$-0.15B,-11.00%,$1.37B,$0.16B,11.58%,$1.37B,$-0.18B,-12.96%,$1.37B,$-0.18B,-13.26%,$-0.18B,$0.76B,-22.89%,$-0.18B,$0.72B,-26.21%,$-0.18B,$1.67B,-10.65%,$-0.15B,$1.24B,-11.77%,$325,$275,$51,$0,$36,$313,$13,$-5,$7,$1,$7,$7,$5,$40,$13,$82,83,$0.06,$0.06,$284,$151,$0,$760,$834,$0,$47,$30,$910,$1670,$399,$481,$27,$508,$908,$0,$51,$49,$763,$1670,$7,$28,$4,$31,$1,$-5,$-25,$2,$-27,$10,$-12,$0,$0,$0,$0,$0,$0,$-12,$0,$0,$0,$0,$0,$0,$0,$0,$-1,$2,$0
23,2012-12-31,9.19,$9.19,1.0,$16.44,0.56,$1.16,7.94,$-2.11,0.0,$0.77B,$0.37B,2.07,$0.53B,$0.75B,0.7,$1.35B,$0.23B,16.69%,$1.35B,$-0.14B,-10.53%,$1.35B,$-0.14B,-10.53%,$1.35B,$0.17B,12.31%,$1.35B,$-0.17B,-12.46%,$1.35B,$-0.17B,-12.91%,$-0.17B,$0.75B,-20.73%,$-0.17B,$0.70B,-25.39%,$-0.17B,$1.68B,-10.03%,$-0.14B,$1.28B,-10.89%,$382,$320,$62,$0,$38,$361,$21,$-4,$17,$5,$12,$12,$14,$49,$21,$82,82,$0.17,$0.17,$285,$146,$0,$766,$834,$0,$49,$29,$911,$1677,$370,$528,$27,$554,$924,$0,$46,$47,$753,$1677,$-181,$307,$33,$341,$-21,$-17,$66,$-6,$22,$183,$-136,$0,$0,$0,$0,$0,$0,$-136,$62,$0,$62,$0,$0,$-10,$-7,$45,$89,$10,$-10
24,2012-09-30,9.42,$8.92,1.06,$16.18,0.58,$1.07,8.84,$-2.20,0.0,$0.78B,$0.40B,1.98,$0.53B,$0.73B,0.72,$1.33B,$0.23B,17.63%,$1.33B,$-0.15B,-10.93%,$1.33B,$-0.15B,-10.93%,$1.33B,$0.18B,13.26%,$1.33B,$-0.17B,-12.89%,$1.33B,$-0.18B,-13.34%,$-0.18B,$0.73B,-20.07%,$-0.18B,$0.68B,-26.26%,$-0.18B,$1.67B,-10.10%,$-0.15B,$1.26B,-11.10%,$339,$287,$52,$0,$32,$542,$-203,$-11,$-214,$-1,$-213,$-213,$-208,$25,$-203,$82,82,$-2.54,$-2.54,$281,$142,$0,$780,$817,$0,$52,$11,$888,$1669,$395,$526,$13,$543,$938,$0,$35,$41,$731,$1669,$-193,$279,$34,$312,$3,$-12,$27,$-18,$-5,$116,$-87,$0,$0,$0,$0,$0,$0,$-87,$73,$0,$73,$0,$0,$-10,$-7,$56,$85,$7,$-10
25,2012-06-30,9.39,$11.40,0.82,$16.42,0.57,$1.30,7.19,$0.64,14.66,$0.72B,$0.44B,1.64,$0.42B,$0.93B,0.45,$1.35B,$0.25B,18.80%,$1.35B,$0.09B,6.98%,$1.35B,$0.09B,6.98%,$1.35B,$0.21B,15.68%,$1.35B,$0.07B,5.50%,$1.35B,$0.06B,4.09%,$0.06B,$0.93B,5.95%,$0.06B,$0.68B,8.35%,$0.06B,$1.82B,3.09%,$0.09B,$1.35B,7.18%,$327,$273,$55,$0,$32,$309,$18,$-7,$12,$4,$8,$8,$7,$45,$18,$82,82,$0.09,$0.09,$249,$132,$0,$724,$809,$0,$256,$13,$1097,$1821,$442,$416,$16,$445,$887,$0,$243,$34,$934,$1821,$20,$51,$9,$60,$6,$-3,$2,$-7,$-7,$72,$-60,$0,$0,$3,$0,$3,$0,$-57,$35,$0,$35,$0,$0,$0,$1,$36,$52,$5,$0
26,2012-03-31,11.51,$11.49,1.0,$16.94,0.68,$1.57,7.33,$0.29,39.69,$0.68B,$0.42B,1.63,$0.39B,$0.94B,0.41,$1.39B,$0.28B,19.86%,$1.39B,$0.07B,4.84%,$1.39B,$0.07B,4.84%,$1.39B,$0.18B,13.07%,$1.39B,$0.05B,3.61%,$1.39B,$0.03B,1.95%,$0.03B,$0.94B,2.98%,$0.03B,$0.68B,4.26%,$0.03B,$1.77B,1.52%,$0.07B,$1.33B,5.20%,$300,$244,$56,$0,$31,$279,$22,$-5,$17,$5,$12,$12,$13,$47,$22,$81,82,$0.15,$0.15,$224,$133,$0,$681,$790,$0,$260,$20,$1090,$1771,$417,$387,$13,$415,$832,$0,$241,$39,$939,$1771,$12,$25,$4,$29,$23,$-4,$-15,$-4,$-8,$34,$-27,$0,$0,$3,$0,$3,$0,$-24,$17,$0,$17,$0,$0,$0,$1,$18,$28,$2,$0
27,2011-12-31,10.96,$11.34,0.97,$17.45,0.63,$1.62,6.78,$0.47,23.32,$0.67B,$0.44B,1.54,$0.37B,$0.92B,0.4,$1.43B,$0.30B,21.08%,$1.43B,$0.09B,6.37%,$1.43B,$0.09B,6.37%,$1.43B,$0.20B,14.08%,$1.43B,$0.07B,5.11%,$1.43B,$0.04B,2.87%,$0.04B,$0.92B,4.60%,$0.04B,$0.66B,6.71%,$0.04B,$1.75B,2.31%,$0.09B,$1.29B,7.12%,$361,$290,$71,$0,$34,$344,$18,$-4,$14,$1,$12,$12,$11,$59,$18,$81,82,$0.14,$0.14,$200,$129,$0,$672,$767,$0,$264,$25,$1078,$1749,$437,$369,$6,$389,$826,$0,$229,$38,$923,$1749,$47,$110,$59,$169,$-28,$6,$-18,$5,$-40,$179,$-141,$0,$0,$0,$0,$0,$0,$-141,$-43,$0,$-43,$6,$6,$0,$-19,$-55,$-20,$8,$0
28,2011-09-30,9.51,$11.08,0.86,$18.31,0.52,$2.07,4.58,$0.78,12.19,$0.70B,$0.49B,1.43,$0.37B,$0.90B,0.41,$1.44B,$0.32B,22.22%,$1.44B,$0.13B,8.75%,$1.44B,$0.13B,8.75%,$1.44B,$0.22B,15.14%,$1.44B,$0.11B,7.50%,$1.44B,$0.06B,4.38%,$0.06B,$0.90B,7.25%,$0.06B,$0.62B,10.86%,$0.06B,$1.78B,3.54%,$0.13B,$1.27B,9.86%,$358,$288,$71,$0,$30,$322,$36,$-5,$31,$5,$26,$26,$24,$60,$36,$81,82,$0.30,$0.30,$212,$148,$0,$697,$755,$0,$282,$26,$1082,$1778,$486,$367,$8,$391,$877,$0,$225,$32,$901,$1778,$35,$68,$66,$135,$-13,$-12,$11,$-6,$-20,$147,$-99,$0,$0,$0,$0,$0,$0,$-99,$-43,$0,$-43,$6,$6,$0,$-19,$-55,$-8,$6,$0
29,2011-06-30,16.02,$10.67,1.5,$18.38,0.87,$1.68,9.55,$0.84,19.07,$0.72B,$0.49B,1.47,$0.40B,$0.87B,0.47,$1.44B,$0.33B,22.85%,$1.44B,$0.14B,9.44%,$1.44B,$0.14B,9.44%,$1.44B,$0.22B,15.56%,$1.44B,$0.12B,8.26%,$1.44B,$0.07B,4.72%,$0.07B,$0.87B,8.10%,$0.07B,$0.58B,12.40%,$0.07B,$1.79B,3.87%,$0.14B,$1.27B,10.70%,$366,$289,$77,$0,$33,$375,$-9,$-3,$-12,$8,$-20,$-20,$-21,$15,$-9,$81,81,$-0.26,$-0.26,$236,$141,$4,$716,$737,$0,$287,$28,$1071,$1787,$487,$404,$12,$432,$919,$0,$200,$27,$867,$1787,$9,$45,$63,$108,$-6,$-6,$11,$-2,$-10,$105,$-71,$0,$0,$0,$0,$0,$0,$-71,$-1,$0,$-1,$6,$6,$0,$-19,$-14,$20,$4,$0
30,2011-03-31,18.16,$10.78,1.68,$17.94,1.01,$1.32,13.75,$1.16,15.66,$0.68B,$0.45B,1.51,$0.41B,$0.88B,0.47,$1.38B,$0.31B,22.33%,$1.38B,$0.16B,11.71%,$1.38B,$0.16B,11.71%,$1.38B,$0.25B,17.77%,$1.38B,$0.14B,10.26%,$1.38B,$0.09B,6.79%,$0.09B,$0.88B,11.57%,$0.09B,$0.58B,18.22%,$0.09B,$1.79B,5.44%,$0.16B,$1.28B,12.80%,$343,$261,$82,$0,$32,$297,$46,$-5,$40,$11,$29,$29,$27,$67,$46,$81,82,$0.34,$0.33,$202,$145,$0,$680,$760,$0,$291,$37,$1109,$1789,$450,$407,$42,$464,$914,$0,$221,$18,$875,$1789,$29,$22,$10,$31,$-4,$-9,$1,$-4,$-21,$37,$-26,$0,$0,$0,$0,$0,$0,$-26,$-32,$0,$-32,$6,$6,$0,$2,$-24,$-14,$2,$0
31,2010-12-31,14.92,$10.38,1.44,$16.92,0.88,$1.34,11.09,$0.93,16.04,$0.68B,$0.42B,1.62,$0.46B,$0.83B,0.55,$1.18B,$0.25B,21.54%,$1.18B,$0.13B,10.69%,$1.18B,$0.13B,10.69%,$1.18B,$0.20B,16.54%,$1.18B,$0.11B,9.25%,$1.18B,$0.07B,6.02%,$0.07B,$0.83B,10.43%,$0.07B,$0.54B,15.79%,$0.07B,$1.76B,5.00%,$0.13B,$1.29B,11.81%,$373,$283,$90,$0,$33,$321,$53,$-4,$49,$12,$37,$37,$33,$76,$53,$70,71,$0.50,$0.49,$216,$135,$0,$676,$741,$0,$296,$25,$1085,$1762,$418,$458,$40,$511,$929,$0,$194,$15,$833,$1762,$80,$69,$25,$94,$-80,$-9,$23,$-10,$-48,$126,$-60,$0,$-29,$1,$0,$1,$120,$33,$-38,$0,$-38,$2,$2,$0,$1,$-35,$122,$7,$0
32,2010-09-30,9.79,$9.81,1.0,$15.08,0.65,$1.86,5.25,$0.58,16.88,$0.63B,$0.41B,1.56,$0.46B,$0.79B,0.58,$0.96B,$0.19B,20.08%,$0.96B,$0.08B,8.37%,$0.96B,$0.08B,8.37%,$0.96B,$0.13B,13.91%,$0.96B,$0.06B,6.69%,$0.96B,$0.04B,4.18%,$0.04B,$0.79B,7.17%,$0.04B,$0.49B,10.17%,$0.04B,$1.70B,3.59%,$0.08B,$1.24B,9.25%,$358,$277,$80,$0,$31,$312,$46,$-4,$42,$9,$32,$32,$29,$66,$46,$80,81,$0.36,$0.36,$164,$133,$4,$634,$702,$0,$294,$38,$1062,$1696,$405,$457,$36,$505,$911,$0,$161,$8,$785,$1696,$43,$46,$14,$60,$-78,$-7,$4,$-9,$-66,$37,$-21,$0,$-29,$1,$0,$1,$120,$72,$-38,$0,$-38,$0,$0,$0,$0,$-37,$70,$5,$0
33,2010-06-30,9.5,$9.45,1.01,$13.86,0.69,$2.80,3.4,$0.11,86.36,$0.63B,$0.36B,1.77,$0.49B,$0.76B,0.65,$0.74B,$0.14B,18.45%,$0.74B,$0.03B,3.93%,$0.74B,$0.03B,3.93%,$0.74B,$0.07B,9.36%,$0.74B,$0.01B,1.90%,$0.74B,$0.01B,0.81%,$0.01B,$0.76B,1.35%,$0.01B,$0.45B,1.73%,$0.01B,$1.67B,0.73%,$0.03B,$1.25B,4.31%,$310,$253,$57,$0,$34,$293,$17,$-6,$11,$4,$7,$7,$5,$37,$17,$76,76,$0.06,$0.06,$213,$128,$4,$629,$671,$0,$305,$28,$1038,$1666,$356,$490,$53,$554,$910,$0,$132,$3,$757,$1666,$11,$26,$8,$34,$-35,$-1,$14,$-6,$-25,$20,$-15,$0,$-29,$1,$0,$1,$120,$78,$20,$0,$20,$0,$0,$0,$0,$21,$119,$3,$0
34,2010-03-31,8.88,$7.94,1.12,$13.13,0.68,$3.60,2.47,$0.19,46.74,$0.40B,$0.06B,6.35,$0.14B,$0.35B,0.41,$0.57B,$0.11B,18.56%,$0.57B,$0.02B,4.20%,$0.57B,$0.02B,4.20%,$0.57B,$0.05B,8.93%,$0.57B,$0.01B,2.28%,$0.57B,$0.01B,1.23%,$0.01B,$0.35B,2.05%,$0.01B,$0.32B,2.25%,$0.01B,$0.55B,1.28%,$0.02B,$0.49B,5.00%,$138,$111,$27,$0,$16,$128,$10,$-3,$7,$3,$4,$4,$4,$16,$10,$43,44,$0.10,$0.10,$223,$62,$4,$397,$88,$0,$28,$5,$157,$553,$62,$141,$3,$144,$206,$0,$127,$3,$347,$553,$4,$6,$4,$10,$-9,$-2,$2,$0,$-8,$6,$0,$0,$0,$1,$0,$1,$0,$2,$0,$0,$0,$0,$0,$0,$0,$0,$9,$1,$0
35,2009-12-31,11.53,$7.90,1.46,$13.44,0.86,$3.72,3.1,$0.06,192.17,$0.38B,$0.06B,6.44,$0.14B,$0.34B,0.41,$0.58B,$0.10B,17.70%,$0.58B,$0.02B,3.26%,$0.58B,$0.02B,3.26%,$0.58B,$0.05B,8.08%,$0.58B,$0.01B,1.37%,$0.58B,$0.00B,0.69%,$0.00B,$0.34B,1.19%,$0.00B,$0.31B,1.30%,$0.00B,$0.54B,0.74%,$0.02B,$0.48B,4.00%,$150,$122,$28,$0,$18,$143,$7,$-2,$4,$2,$2,$2,$2,$14,$7,$43,44,$0.05,$0.05,$216,$60,$0,$383,$89,$0,$29,$5,$160,$543,$59,$140,$3,$143,$202,$0,$122,$3,$341,$543,$5,$28,$14,$42,$26,$11,$-10,$-0,$27,$74,$-11,$-0,$0,$3,$0,$3,$-120,$-128,$0,$0,$0,$0,$0,$0,$0,$0,$-54,$6,$0
36,2009-09-30,11.47,$7.80,1.47,$13.86,0.83,$3.63,3.16,$-1.60,0.0,$0.38B,$0.06B,6.07,$0.14B,$0.34B,0.41,$0.60B,$0.11B,17.76%,$0.60B,$-0.10B,-16.25%,$0.60B,$-0.10B,-16.25%,$0.60B,$-0.07B,-11.39%,$0.60B,$-0.11B,-18.09%,$0.60B,$-0.07B,-11.22%,$-0.07B,$0.34B,-20.01%,$-0.07B,$0.31B,-22.06%,$-0.07B,$0.54B,-12.36%,$-0.10B,$0.48B,-20.57%,$139,$115,$24,$0,$16,$144,$-5,$-3,$-8,$-3,$-5,$-5,$-5,$2,$-5,$43,43,$-0.11,$-0.11,$201,$62,$10,$382,$89,$0,$30,$7,$161,$543,$63,$139,$4,$143,$206,$0,$120,$3,$337,$543,$2,$21,$14,$36,$19,$9,$-12,$0,$19,$57,$-9,$-0,$0,$2,$0,$2,$0,$-7,$0,$0,$0,$0,$0,$0,$0,$0,$51,$5,$0
37,2009-06-30,7.96,$7.88,1.01,$14.55,0.55,$3.45,2.31,$-1.27,0.0,$0.38B,$0.07B,5.71,$0.14B,$0.34B,0.4,$0.63B,$0.11B,18.18%,$0.63B,$-0.08B,-12.12%,$0.63B,$-0.08B,-12.12%,$0.63B,$-0.05B,-7.50%,$0.63B,$-0.09B,-13.88%,$0.63B,$-0.05B,-8.45%,$-0.05B,$0.34B,-15.42%,$-0.05B,$0.31B,-18.74%,$-0.05B,$0.55B,-9.41%,$-0.08B,$0.48B,-15.52%,$144,$117,$27,$0,$14,$132,$12,$-3,$10,$4,$6,$6,$6,$19,$12,$43,43,$0.14,$0.14,$189,$63,$12,$378,$100,$0,$31,$5,$168,$546,$66,$137,$3,$140,$206,$0,$125,$3,$340,$546,$7,$14,$6,$21,$13,$8,$-6,$-1,$15,$43,$-5,$-0,$0,$2,$0,$2,$0,$-3,$0,$0,$0,$0,$0,$0,$0,$0,$39,$3,$0
38,2009-03-31,5.8,$7.71,0.75,$15.24,0.38,$3.16,1.84,$-1.19,0.0,$0.36B,$0.07B,5.26,$0.14B,$0.33B,0.41,$0.66B,$0.12B,18.90%,$0.66B,$-0.07B,-10.52%,$0.66B,$-0.07B,-10.52%,$0.66B,$-0.04B,-5.79%,$0.66B,$-0.08B,-12.65%,$0.66B,$-0.05B,-7.62%,$-0.05B,$0.33B,-14.32%,$-0.05B,$0.30B,-19.36%,$-0.05B,$0.54B,-8.59%,$-0.07B,$0.47B,-13.67%,$149,$125,$24,$0,$16,$144,$5,$-3,$2,$1,$1,$1,$1,$12,$5,$43,43,$0.03,$0.03,$164,$69,$3,$356,$112,$0,$32,$6,$183,$539,$68,$136,$3,$139,$206,$0,$119,$3,$332,$539,$1,$7,$3,$11,$7,$2,$-3,$0,$4,$16,$-4,$0,$0,$1,$0,$1,$0,$-2,$0,$0,$0,$0,$0,$0,$0,$0,$13,$2,$0
39,2008-12-31,5.21,$7.71,0.68,$15.87,0.33,$3.42,1.52,$-0.82,0.0,$0.35B,$0.07B,4.85,$0.14B,$0.33B,0.41,$0.68B,$0.14B,20.26%,$0.68B,$-0.05B,-7.34%,$0.68B,$-0.05B,-7.34%,$0.68B,$-0.02B,-2.79%,$0.68B,$-0.06B,-9.10%,$0.68B,$-0.04B,-5.43%,$-0.04B,$0.33B,-10.50%,$-0.04B,$0.30B,-16.00%,$-0.04B,$0.54B,-6.42%,$-0.05B,$0.47B,-10.38%,$165,$134,$31,$0,$15,$274,$-109,$-3,$-112,$-43,$-69,$-69,$-69,$-101,$-109,$43,43,$-1.62,$-1.61,$152,$71,$3,$353,$115,$0,$32,$5,$187,$540,$73,$135,$3,$137,$210,$0,$117,$3,$330,$540,$-37,$31,$91,$121,$5,$-5,$-6,$1,$-9,$76,$-18,$0,$0,$16,$0,$16,$-20,$-21,$52,$0,$52,$2,$2,$0,$21,$75,$130,$5,$0
40,2008-09-30,9.92,$8.72,1.14,$15.94,0.62,$3.50,2.83,$1.06,9.36,$0.34B,$0.08B,4.48,$0.18B,$0.37B,0.47,$0.68B,$0.14B,20.79%,$0.68B,$0.08B,11.27%,$0.68B,$0.08B,11.27%,$0.68B,$0.11B,16.11%,$0.68B,$0.07B,9.52%,$0.68B,$0.04B,6.44%,$0.04B,$0.37B,12.49%,$0.04B,$0.22B,21.92%,$0.04B,$0.63B,7.77%,$0.08B,$0.55B,16.78%,$169,$137,$32,$0,$16,$154,$16,$-2,$13,$4,$9,$9,$9,$23,$16,$43,43,$0.21,$0.20,$135,$77,$5,$342,$121,$0,$151,$7,$285,$627,$76,$175,$2,$177,$254,$0,$188,$3,$373,$627,$32,$23,$9,$32,$4,$-11,$-8,$-0,$-11,$53,$-12,$0,$0,$0,$0,$0,$-20,$-32,$52,$0,$52,$29,$29,$0,$-6,$75,$97,$4,$0
41,2008-06-30,13.21,$8.47,1.56,$15.85,0.83,$3.66,3.61,$1.03,12.83,$0.33B,$0.08B,4.07,$0.18B,$0.36B,0.48,$0.68B,$0.14B,20.83%,$0.68B,$0.08B,11.23%,$0.68B,$0.08B,11.23%,$0.68B,$0.11B,16.10%,$0.68B,$0.07B,9.60%,$0.68B,$0.04B,6.35%,$0.04B,$0.36B,12.73%,$0.04B,$0.21B,23.15%,$0.04B,$0.62B,8.03%,$0.08B,$0.54B,18.29%,$173,$136,$37,$0,$17,$154,$19,$-5,$14,$5,$9,$9,$9,$28,$19,$43,43,$0.21,$0.21,$119,$78,$5,$331,$123,$0,$151,$7,$290,$621,$81,$175,$2,$177,$259,$0,$178,$3,$362,$621,$23,$15,$5,$21,$1,$-12,$-4,$-1,$-10,$34,$-9,$0,$0,$0,$0,$0,$0,$-9,$52,$0,$52,$29,$29,$0,$-6,$75,$100,$2,$0
42,2008-03-31,11.32,$8.10,1.4,$15.65,0.72,$3.91,2.9,$0.95,11.92,$0.24B,$0.13B,1.78,$0.03B,$0.35B,0.09,$0.67B,$0.13B,20.12%,$0.67B,$0.07B,10.51%,$0.67B,$0.07B,10.51%,$0.67B,$0.10B,15.32%,$0.67B,$0.06B,9.16%,$0.67B,$0.04B,6.01%,$0.04B,$0.35B,12.36%,$0.04B,$0.19B,23.53%,$0.04B,$0.52B,7.92%,$0.07B,$0.38B,18.67%,$174,$136,$38,$0,$16,$150,$24,$-2,$23,$9,$14,$14,$14,$31,$24,$42,43,$0.34,$0.34,$33,$74,$5,$240,$122,$0,$152,$4,$278,$517,$134,$32,$2,$38,$173,$0,$169,$1,$345,$517,$14,$7,$3,$10,$1,$-8,$6,$-0,$3,$27,$-3,$0,$0,$0,$0,$0,$0,$-3,$-10,$0,$-10,$0,$0,$0,$0,$-10,$14,$1,$0
43,2007-12-31,11.66,$7.75,1.5,$15.74,0.74,$3.94,2.96,$0.81,14.4,$0.22B,$0.12B,1.82,$0.05B,$0.33B,0.14,$0.67B,$0.13B,19.58%,$0.67B,$0.06B,9.57%,$0.67B,$0.06B,9.57%,$0.67B,$0.10B,14.50%,$0.67B,$0.05B,7.62%,$0.67B,$0.03B,5.08%,$0.03B,$0.33B,10.91%,$0.03B,$0.18B,21.73%,$0.03B,$0.50B,6.66%,$0.06B,$0.37B,16.90%,$167,$133,$35,$0,$16,$150,$18,$-3,$15,$3,$12,$12,$12,$28,$18,$42,43,$0.28,$0.27,$19,$66,$5,$220,$124,$0,$152,$3,$279,$499,$121,$45,$2,$49,$170,$0,$154,$1,$329,$499,$35,$34,$2,$36,$7,$2,$2,$0,$4,$74,$-13,$0,$0,$11,$0,$11,$0,$-2,$-116,$0,$-116,$2,$2,$0,$0,$-114,$-41,$0,$0
44,2007-09-30,11.57,$7.44,1.55,$15.22,0.76,$2.95,3.92,$0.65,17.8,$0.22B,$0.13B,1.74,$0.06B,$0.32B,0.19,$0.65B,$0.12B,19.04%,$0.65B,$0.06B,8.82%,$0.65B,$0.06B,8.82%,$0.65B,$0.09B,13.62%,$0.65B,$0.05B,6.97%,$0.65B,$0.03B,4.18%,$0.03B,$0.32B,8.97%,$0.03B,$0.16B,18.15%,$0.03B,$0.50B,5.10%,$0.06B,$0.37B,14.54%,$163,$132,$31,$0,$15,$148,$15,$-2,$13,$5,$8,$8,$8,$22,$15,$42,43,$0.19,$0.19,$27,$66,$5,$223,$124,$0,$152,$5,$281,$504,$128,$59,$2,$61,$189,$0,$143,$0,$315,$504,$23,$23,$4,$28,$10,$1,$1,$1,$6,$57,$-10,$0,$0,$11,$0,$11,$0,$1,$-92,$0,$-92,$1,$1,$0,$0,$-90,$-32,$2,$0
45,2007-06-30,13.0,$7.23,1.8,$13.18,0.99,$2.42,5.38,$0.71,18.31,$0.21B,$0.12B,1.7,$0.07B,$0.31B,0.23,$0.56B,$0.11B,20.39%,$0.56B,$0.06B,10.20%,$0.56B,$0.06B,10.20%,$0.56B,$0.08B,15.03%,$0.56B,$0.05B,8.59%,$0.56B,$0.03B,5.37%,$0.03B,$0.31B,10.26%,$0.03B,$0.15B,18.75%,$0.03B,$0.50B,6.25%,$0.06B,$0.38B,15.46%,$162,$132,$30,$0,$15,$149,$13,$-3,$10,$4,$6,$6,$6,$21,$13,$42,42,$0.15,$0.15,$26,$65,$2,$210,$128,$0,$157,$4,$291,$501,$123,$70,$2,$72,$195,$0,$134,$1,$305,$501,$15,$16,$2,$18,$14,$2,$-4,$1,$9,$42,$-7,$0,$0,$11,$0,$11,$0,$4,$-81,$0,$-81,$1,$1,$0,$-0,$-80,$-34,$2,$0
46,2007-03-31,9.54,$7.05,1.35,$11.18,0.85,$1.96,4.88,$0.82,11.63,$0.24B,$0.14B,1.67,$0.10B,$0.30B,0.32,$0.47B,$0.11B,22.57%,$0.47B,$0.06B,12.66%,$0.47B,$0.06B,12.66%,$0.47B,$0.08B,17.09%,$0.47B,$0.06B,11.60%,$0.47B,$0.04B,7.38%,$0.04B,$0.30B,12.35%,$0.04B,$0.14B,20.35%,$0.04B,$0.54B,8.15%,$0.06B,$0.39B,17.53%,$177,$142,$35,$0,$16,$159,$18,$-4,$13,$5,$8,$8,$8,$26,$18,$42,42,$0.20,$0.20,$45,$67,$0,$239,$132,$0,$158,$5,$298,$537,$144,$95,$1,$96,$240,$0,$128,$0,$297,$537,$8,$8,$1,$9,$4,$0,$5,$1,$10,$28,$-4,$0,$0,$11,$0,$11,$0,$7,$-51,$0,$-51,$1,$1,$0,$-0,$-50,$-14,$1,$0
47,2006-12-31,11.33,$6.83,1.66,$8.73,1.3,$1.53,7.4,$0.83,13.65,$0.27B,$0.14B,1.88,$0.14B,$0.29B,0.49,$0.37B,$0.09B,24.86%,$0.37B,$0.06B,14.86%,$0.37B,$0.06B,14.86%,$0.37B,$0.07B,19.19%,$0.37B,$0.06B,15.14%,$0.37B,$0.04B,9.73%,$0.04B,$0.29B,13.19%,$0.04B,$0.15B,19.73%,$0.04B,$0.57B,9.85%,$0.06B,$0.43B,17.86%,$144,$117,$27,$0,$15,$133,$11,$-2,$9,$4,$5,$5,$5,$19,$11,$42,42,$0.13,$0.12,$71,$67,$0,$272,$151,$0,$142,$7,$302,$574,$144,$140,$2,$142,$286,$0,$119,$0,$287,$574,$35,$16,$4,$20,$-9,$-1,$-8,$-0,$-22,$33,$-14,$-0,$-231,$10,$0,$10,$0,$-235,$200,$0,$200,$5,$5,$0,$-5,$200,$-2,$0,$0
