,Date,Stock Price,Book Value per Share,Price to Book Ratio,TTM Sales per Share,Price to Sales Ratio,TTM FCF per Share,Price to FCF Ratio,TTM Net EPS,PE Ratio,Current Assets,Current Liabilities,Current Ratio,Long Term Debt,Shareholder's Equity_x,Debt to Equity Ratio,TTM Revenue_x,TTM Gross Profit,Gross Margin,TTM Revenue_y,TTM Operating Income,Operating Margin,TTM Revenue_x,TTM EBIT,EBIT Margin,TTM Revenue_y,TTM EBITDA,EBITDA Margin,TTM Revenue_x,TTM Pre-Tax Income,Pre-Tax Margin,TTM Revenue_y,TTM Net Income_x,Net Margin,TTM Net Income_y,Shareholder's Equity_y,Return on Equity,TTM Net Income_x,Tangible Equity,Return on Tangible Equity,TTM Net Income_y,Total Assets,Return on Assets,TTM Net Income,LT Investments & Debt,Return on Investment,revenue,cost-goods-sold,gross-profit,research-development-expenses,selling-general-administrative-expenses,operating-expenses,operating-income,total-non-operating-income-expense,pre-tax-income,total-provision-income-taxes,income-after-taxes,income-from-continuous-operations,net-income,ebitda,ebit,basic-shares-outstanding,shares-outstanding,eps-basic-net-earnings-per-share,eps-earnings-per-share-diluted,cash-on-hand,inventory,other-current-assets,total-current-assets,net-property-plant-equipment,long-term-investments,goodwill-intangible-assets-total,other-long-term-assets,total-long-term-assets,total-assets,total-current-liabilities,long-term-debt,other-non-current-liabilities,total-long-term-liabilities,total-liabilities,common-stock-net,retained-earnings-accumulated-deficit,comprehensive-income,total-share-holder-equity,total-liabilities-share-holders-equity,net-income-loss,total-depreciation-amortization-cash-flow,other-non-cash-items,total-non-cash-items,change-in-accounts-receivable,change-in-inventories,change-in-accounts-payable,change-in-assets-liabilities,total-change-in-assets-liabilities,cash-flow-from-operating-activities,net-change-in-property-plant-equipment,net-change-in-intangible-assets,net-acquisitions-divestitures,net-change-in-short-term-investments,net-change-in-long-term-investments,net-change-in-investments-total,investing-activities-other,cash-flow-from-investing-activities,net-long-term-debt,net-current-debt,debt-issuance-retirement-net-total,net-common-equity-issued-repurchased,net-total-equity-issued-repurchased,total-common-preferred-stock-dividends-paid,financial-activities-other,cash-flow-from-financial-activities,net-cash-flow,stock-based-compensation,common-stock-dividends-paid
0,2018-09-30,0.21,$0.14,1.49,$0.25,0.82,$-1.05,0.0,$-0.33,0.0,$0.01B,$0.00B,5.23,$0.00B,$0.01B,0.76,$0.01B,$0.01B,83.33%,$0.01B,$-0.01B,-133.33%,$0.01B,$-0.01B,-133.33%,$0.01B,$-0.01B,-133.33%,$0.01B,$-0.01B,-166.67%,$0.01B,$-0.01B,-166.67%,$-0.01B,$0.01B,-1000.00%,$-0.01B,$0.01B,-1000.00%,$-0.01B,$0.01B,-129.03%,$-0.01B,$0.01B,-168.42%,$2,$0,$1,$2,$2,$4,$-2,$-0,$-2,$0,$-2,$-2,$-2,$-2,$-2,$22,22,$-0.11,$-0.11,$9,$1,$0,$12,$0,$0,$0,$0,$0,$12,$2,$4,$0,$4,$6,$0,$-329,$0,$5,$12,$-6,$0,$0,$0,$-1,$0,$0,$0,$-0,$-5,$-0,$0,$0,$0,$0,$0,$0,$-0,$-2,$0,$-2,$8,$8,$0,$0,$6,$1,$1,$0
1,2018-06-30,1.09,$-0.06,-17.61,$0.18,6.03,$-1.25,0.0,$-0.53,0.0,$0.00B,$0.00B,1.76,$0.00B,$-0.00B,-2.7,$0.00B,$0.00B,100.00%,$0.00B,$-0.01B,-250.00%,$0.00B,$-0.01B,-250.00%,$0.00B,$-0.01B,-250.00%,$0.00B,$-0.01B,-300.00%,$0.00B,$-0.01B,-300.00%,$-0.01B,$-0.00B,-1600.00%,$-0.01B,$-0.00B,-1600.00%,$-0.01B,$0.01B,-150.00%,$-0.01B,$0.00B,-200.00%,$3,$0,$3,$2,$1,$3,$-1,$-0,$-1,$0,$-1,$-1,$-1,$-1,$-1,$21,21,$-0.04,$-0.04,$2,$1,$0,$4,$0,$0,$0,$0,$0,$5,$2,$4,$0,$4,$6,$298,$-327,$0,$-1,$5,$-3,$0,$1,$1,$-0,$-1,$0,$1,$-1,$-3,$-0,$0,$0,$0,$0,$0,$0,$-0,$-3,$0,$-3,$0,$0,$0,$0,$-3,$-6,$1,$0
2,2018-03-31,1.05,$-0.04,-26.32,$0.06,17.97,$-1.38,0.0,$-0.66,0.0,$0.01B,$0.00B,1.75,$0.00B,$-0.00B,-4.04,$0.00B,$0.00B,100.00%,$0.00B,$-0.01B,-1300.00%,$0.00B,$-0.01B,-1300.00%,$0.00B,$-0.01B,-1300.00%,$0.00B,$-0.01B,-1400.00%,$0.00B,$-0.01B,-1400.00%,$-0.01B,$-0.00B,-466.67%,$-0.01B,$-0.00B,-466.67%,$-0.01B,$0.01B,-155.56%,$-0.01B,$0.00B,-200.00%,$1,$0,$1,$2,$2,$3,$-2,$-0,$-3,$0,$-3,$-3,$-3,$-2,$-2,$21,21,$-0.12,$-0.12,$4,$0,$0,$5,$1,$0,$0,$0,$1,$5,$3,$3,$0,$3,$6,$298,$-326,$0,$-1,$5,$-3,$0,$1,$1,$0,$0,$0,$1,$1,$-1,$-0,$0,$0,$0,$0,$0,$0,$-0,$-3,$0,$-3,$0,$0,$0,$0,$-3,$-4,$0,$0
3,2017-12-31,1.33,$0.04,32.8,$0.01,130.91,$-1.48,0.0,$-0.70,0.0,$0.01B,$0.00B,1.86,$0.00B,$0.00B,4.18,$0.00B,0,nan%,$0.00B,$-0.01B,inf%,$0.00B,$-0.01B,inf%,$0.00B,$-0.01B,inf%,$0.00B,$-0.01B,inf%,$0.00B,$-0.01B,inf%,$-0.01B,$0.00B,-233.33%,$-0.01B,$0.00B,-233.33%,$-0.01B,$0.01B,-127.27%,$-0.01B,$0.00B,-164.71%,$0,$0,$0,$2,$1,$3,$-3,$-0,$-4,$0,$-4,$-4,$-4,$-3,$-3,$21,21,$-0.17,$-0.17,$8,$0,$0,$8,$1,$0,$0,$0,$1,$9,$4,$4,$0,$4,$8,$0,$-323,$0,$1,$9,$-14,$0,$1,$2,$4,$0,$-2,$-0,$-0,$-13,$-0,$0,$0,$0,$0,$0,$0,$-0,$7,$0,$7,$0,$0,$0,$0,$7,$-6,$2,$0
4,2017-09-30,1.75,$0.19,9.19,$0.01,0.0,$-0.57,0.0,$-0.68,0.0,$0.01B,$0.00B,6.11,$0.01B,$0.00B,1.67,$0.00B,0,nan%,$0.00B,$-0.01B,inf%,$0.00B,$-0.01B,inf%,$0.00B,$-0.01B,inf%,$0.00B,$-0.01B,inf%,$0.00B,$-0.01B,inf%,$-0.01B,$0.00B,-133.33%,$-0.01B,$0.00B,-133.33%,$-0.01B,$0.01B,-88.89%,$-0.01B,$0.01B,-130.23%,$0,$0,$0,$3,$1,$4,$-4,$-0,$-4,$0,$-4,$-4,$-4,$-4,$-4,$21,21,$-0.20,$-0.20,$12,$0,$0,$12,$1,$0,$0,$0,$1,$13,$2,$7,$0,$7,$9,$298,$-320,$0,$4,$13,$-11,$0,$1,$1,$3,$0,$0,$-0,$1,$-9,$-0,$0,$0,$0,$0,$0,$0,$-0,$7,$0,$7,$0,$0,$0,$0,$7,$-2,$1,$0
5,2017-06-30,1.9,$0.36,5.34,$0.01,0.0,$0.28,6.84,$-0.60,0.0,$0.01B,$0.00B,4.68,$0.00B,$0.01B,0.0,$0.00B,0,nan%,$0.00B,$-0.01B,inf%,$0.00B,$-0.01B,inf%,$0.00B,$-0.01B,inf%,$0.00B,$-0.01B,inf%,$0.00B,$-0.01B,inf%,$-0.01B,$0.01B,-93.62%,$-0.01B,$0.01B,-93.62%,$-0.01B,$0.01B,-67.69%,$-0.01B,$0.01B,-110.64%,$0,$0,$0,$3,$1,$4,$-4,$0,$-3,$0,$-3,$-3,$-3,$-4,$-4,$21,21,$-0.16,$-0.17,$8,$0,$0,$9,$1,$0,$0,$0,$1,$9,$2,$0,$0,$0,$2,$298,$-315,$0,$8,$9,$-6,$0,$0,$0,$4,$0,$0,$-0,$0,$-6,$-0,$0,$0,$0,$0,$0,$0,$-0,$0,$0,$0,$0,$0,$0,$0,$0,$-6,$1,$0
6,2017-03-31,3.3,$0.50,6.6,$0.69,4.78,$1.07,3.09,$0.12,27.5,$0.01B,$0.00B,5.42,$0.00B,$0.01B,0.0,$0.02B,$0.02B,100.00%,$0.02B,$0.00B,20.00%,$0.02B,$0.00B,20.00%,$0.02B,$0.00B,20.00%,$0.02B,$0.00B,26.67%,$0.02B,$0.00B,26.67%,$0.00B,$0.01B,28.07%,$0.00B,$0.01B,28.07%,$0.00B,$0.01B,19.75%,$0.00B,$0.01B,21.05%,$0,$0,$0,$2,$1,$3,$-3,$0,$-3,$0,$-3,$-3,$-3,$-3,$-3,$21,21,$-0.14,$-0.16,$11,$0,$0,$12,$1,$0,$0,$0,$1,$13,$2,$0,$0,$0,$2,$298,$-312,$0,$11,$13,$-3,$0,$-0,$0,$3,$0,$0,$-0,$-0,$-3,$-0,$0,$0,$0,$0,$0,$0,$-0,$0,$0,$0,$0,$0,$0,$0,$0,$-3,$0,$0
7,2016-12-31,4.0,$0.62,6.43,$0.69,5.81,$1.11,3.6,$0.19,21.05,$0.02B,$0.01B,3.67,$0.00B,$0.01B,0.0,$0.02B,$0.02B,100.00%,$0.02B,$0.00B,26.67%,$0.02B,$0.00B,26.67%,$0.02B,$0.00B,26.67%,$0.02B,$0.01B,33.33%,$0.02B,$0.01B,33.33%,$0.01B,$0.01B,39.22%,$0.01B,$0.01B,39.22%,$0.01B,$0.02B,25.00%,$0.00B,$0.01B,31.37%,$0,$0,$0,$2,$1,$3,$-3,$1,$-2,$0,$-2,$-2,$-2,$-3,$-3,$21,21,$-0.12,$-0.14,$14,$0,$0,$18,$1,$0,$0,$0,$1,$19,$5,$0,$1,$1,$5,$298,$-309,$0,$13,$19,$5,$0,$0,$1,$1,$0,$-1,$-0,$1,$6,$-0,$0,$0,$0,$0,$0,$0,$-0,$0,$0,$0,$0,$0,$0,$0,$0,$6,$1,$0
8,2016-09-30,5.88,$0.72,8.17,$0.69,8.56,$0.45,13.17,$0.23,25.57,$0.02B,$0.01B,3.38,$0.00B,$0.02B,0.0,$0.02B,$0.02B,100.00%,$0.02B,$0.01B,33.33%,$0.02B,$0.01B,33.33%,$0.02B,$0.01B,33.33%,$0.02B,$0.01B,33.33%,$0.02B,$0.01B,33.33%,$0.01B,$0.02B,44.44%,$0.01B,$0.02B,44.44%,$0.01B,$0.02B,27.03%,$0.01B,$0.02B,44.44%,$0,$0,$0,$2,$1,$3,$-3,$-0,$-3,$0,$-3,$-3,$-3,$-3,$-3,$21,21,$-0.12,$-0.12,$16,$0,$0,$23,$1,$0,$0,$0,$1,$24,$7,$0,$2,$2,$8,$298,$-307,$0,$15,$24,$7,$0,$1,$1,$-2,$0,$2,$-0,$0,$9,$-0,$0,$0,$0,$0,$0,$0,$-0,$0,$0,$0,$0,$0,$0,$0,$0,$9,$1,$0
