,Date,Stock Price,Book Value per Share,Price to Book Ratio,TTM Sales per Share,Price to Sales Ratio,TTM FCF per Share,Price to FCF Ratio,TTM Net EPS,PE Ratio,Current Assets,Current Liabilities,Current Ratio,Long Term Debt,Shareholder's Equity_x,Debt to Equity Ratio,TTM Revenue_x,TTM Gross Profit,Gross Margin,TTM Revenue_y,TTM Operating Income,Operating Margin,TTM Revenue_x,TTM EBIT,EBIT Margin,TTM Revenue_y,TTM EBITDA,EBITDA Margin,TTM Revenue_x,TTM Pre-Tax Income,Pre-Tax Margin,TTM Revenue_y,TTM Net Income_x,Net Margin,TTM Net Income_y,Shareholder's Equity_y,Return on Equity,TTM Net Income_x,Tangible Equity,Return on Tangible Equity,TTM Net Income_y,Total Assets,Return on Assets,TTM Net Income,LT Investments & Debt,Return on Investment,revenue,cost-goods-sold,gross-profit,research-development-expenses,selling-general-administrative-expenses,operating-expenses,operating-income,total-non-operating-income-expense,pre-tax-income,total-provision-income-taxes,income-after-taxes,income-from-continuous-operations,net-income,ebitda,ebit,basic-shares-outstanding,shares-outstanding,eps-basic-net-earnings-per-share,eps-earnings-per-share-diluted,cash-on-hand,inventory,other-current-assets,total-current-assets,net-property-plant-equipment,long-term-investments,goodwill-intangible-assets-total,other-long-term-assets,total-long-term-assets,total-assets,total-current-liabilities,long-term-debt,other-non-current-liabilities,total-long-term-liabilities,total-liabilities,common-stock-net,retained-earnings-accumulated-deficit,comprehensive-income,total-share-holder-equity,total-liabilities-share-holders-equity,net-income-loss,total-depreciation-amortization-cash-flow,other-non-cash-items,total-non-cash-items,change-in-accounts-receivable,change-in-inventories,change-in-accounts-payable,change-in-assets-liabilities,total-change-in-assets-liabilities,cash-flow-from-operating-activities,net-change-in-property-plant-equipment,net-change-in-intangible-assets,net-acquisitions-divestitures,net-change-in-short-term-investments,net-change-in-long-term-investments,net-change-in-investments-total,investing-activities-other,cash-flow-from-investing-activities,net-long-term-debt,net-current-debt,debt-issuance-retirement-net-total,net-common-equity-issued-repurchased,net-total-equity-issued-repurchased,total-common-preferred-stock-dividends-paid,financial-activities-other,cash-flow-from-financial-activities,net-cash-flow,stock-based-compensation,common-stock-dividends-paid
0,2018-09-30,137.99,$17.09,8.08,$15.67,8.81,$1.58,87.19,$1.60,86.24,$2.19B,$1.49B,1.47,$0.00B,$1.94B,0.0,$1.81B,$0.99B,54.58%,$1.81B,$0.19B,10.71%,$1.81B,$0.19B,10.71%,$1.81B,$0.32B,17.66%,$1.81B,$0.21B,11.64%,$1.81B,$0.21B,11.75%,$0.21B,$1.94B,12.74%,$0.21B,$1.47B,18.02%,$0.21B,$3.66B,5.86%,$0.19B,$1.94B,11.56%,$493,$235,$258,$61,$161,$467,$26,$5,$31,$6,$25,$25,$25,$54,$26,$114,116,$0.22,$0.22,$1396,$41,$37,$2192,$111,$0,$477,$81,$1463,$3655,$1490,$0,$206,$221,$1711,$1,$641,$-37,$1944,$3655,$97,$51,$55,$106,$-233,$-26,$0,$-120,$-408,$-206,$-29,$0,$-3,$18,$34,$52,$0,$20,$0,$0,$0,$-154,$-154,$0,$-64,$-217,$-413,$55,$0
1,2018-06-30,118.36,$16.32,7.25,$15.48,7.65,$4.28,27.64,$1.57,75.39,$2.07B,$1.39B,1.49,$0.01B,$1.85B,0.0,$1.76B,$0.93B,52.64%,$1.76B,$0.16B,8.91%,$1.76B,$0.16B,8.91%,$1.76B,$0.30B,17.07%,$1.76B,$0.17B,9.42%,$1.76B,$0.19B,10.49%,$0.19B,$1.85B,11.91%,$0.19B,$1.37B,17.47%,$0.19B,$3.46B,5.08%,$0.16B,$1.86B,9.98%,$388,$131,$257,$51,$126,$317,$71,$7,$77,$6,$72,$72,$72,$94,$71,$113,116,$0.63,$0.62,$1612,$11,$13,$2074,$106,$0,$479,$76,$1382,$3456,$1391,$5,$191,$213,$1604,$1,$615,$-41,$1852,$3456,$72,$23,$25,$48,$61,$4,$-30,$-163,$-127,$-11,$-14,$0,$-3,$7,$-30,$-23,$0,$-40,$0,$0,$0,$-154,$-154,$0,$-58,$-212,$-272,$25,$0
2,2018-03-31,97.78,$13.06,7.49,$15.69,6.23,$4.57,21.38,$1.46,66.97,$2.41B,$1.73B,1.4,$0.01B,$1.49B,0.01,$1.79B,$0.90B,49.92%,$1.79B,$0.14B,7.59%,$1.79B,$0.14B,7.59%,$1.79B,$0.30B,16.56%,$1.79B,$0.14B,7.59%,$1.79B,$0.17B,9.65%,$0.17B,$1.49B,12.67%,$0.17B,$0.99B,19.99%,$0.17B,$3.74B,4.83%,$0.14B,$1.50B,9.46%,$450,$189,$261,$54,$108,$362,$88,$3,$91,$0,$91,$91,$91,$121,$88,$110,113,$0.81,$0.80,$1862,$15,$33,$2409,$102,$0,$503,$57,$1329,$3738,$1727,$8,$158,$522,$2249,$1,$74,$-16,$1489,$3738,$174,$161,$90,$251,$-27,$4,$0,$-213,$-37,$394,$-88,$0,$-9,$-129,$-46,$-175,$0,$-272,$0,$0,$0,$-155,$-155,$0,$-127,$-281,$-134,$116,$0
3,2017-12-31,109.78,$12.25,8.96,$17.88,6.14,$5.22,21.05,$1.58,69.48,$2.45B,$2.07B,1.18,$0.01B,$1.40B,0.01,$1.92B,$0.89B,46.53%,$1.92B,$0.16B,8.36%,$1.92B,$0.16B,8.36%,$1.92B,$0.40B,20.73%,$1.92B,$0.16B,8.15%,$1.92B,$0.18B,9.45%,$0.18B,$1.40B,14.55%,$0.18B,$0.90B,24.06%,$0.18B,$3.68B,5.27%,$0.16B,$1.42B,11.62%,$481,$268,$213,$50,$145,$472,$9,$3,$12,$-13,$25,$25,$25,$51,$9,$114,118,$0.22,$0.21,$1697,$31,$39,$2448,$97,$0,$498,$54,$1235,$3683,$2072,$14,$151,$210,$2282,$1,$-17,$-31,$1401,$3683,$83,$128,$103,$230,$-206,$-13,$164,$-57,$-112,$204,$-73,$0,$-9,$-110,$10,$-100,$0,$-183,$0,$0,$0,$-110,$-110,$0,$-95,$-205,$-169,$96,$0
4,2017-09-30,102.23,$12.97,7.88,$19.06,5.36,$6.60,15.5,$1.04,98.3,$2.46B,$1.85B,1.33,$0.05B,$1.47B,0.04,$1.91B,$0.84B,44.14%,$1.91B,$0.12B,6.44%,$1.91B,$0.12B,6.44%,$1.91B,$0.40B,20.84%,$1.91B,$0.11B,5.86%,$1.91B,$0.13B,6.60%,$0.13B,$1.47B,11.46%,$0.13B,$0.98B,18.60%,$0.13B,$3.70B,3.83%,$0.12B,$1.53B,9.51%,$444,$247,$197,$50,$138,$455,$-11,$-3,$-14,$-12,$-3,$-3,$-3,$35,$-11,$109,109,$-0.03,$-0.03,$1732,$36,$42,$2456,$87,$0,$498,$50,$1241,$3696,$1851,$52,$154,$373,$2224,$1,$-42,$-28,$1472,$3696,$58,$86,$90,$176,$-209,$-19,$0,$-121,$-102,$132,$-59,$0,$0,$-23,$-40,$-63,$0,$-121,$0,$0,$0,$0,$0,$0,$-86,$-86,$-62,$83,$0
5,2017-06-30,73.38,$10.39,7.06,$18.72,3.92,$5.40,13.59,$1.46,50.26,$2.11B,$1.47B,1.44,$0.21B,$1.10B,0.19,$1.89B,$0.86B,45.65%,$1.89B,$0.18B,9.60%,$1.89B,$0.18B,9.60%,$1.89B,$0.45B,23.70%,$1.89B,$0.17B,8.80%,$1.89B,$0.17B,8.75%,$0.17B,$1.10B,18.81%,$0.17B,$0.60B,31.47%,$0.17B,$3.22B,5.31%,$0.18B,$1.31B,15.26%,$418,$195,$224,$42,$113,$368,$50,$-3,$47,$-13,$60,$60,$60,$90,$50,$105,118,$0.57,$0.56,$1687,$12,$20,$2113,$77,$0,$503,$47,$1106,$3220,$1466,$213,$209,$654,$2120,$1,$-40,$-38,$1100,$3220,$60,$40,$23,$63,$-9,$5,$71,$-131,$-63,$50,$-41,$0,$0,$21,$-25,$-4,$0,$-45,$0,$0,$0,$0,$0,$0,$-58,$-58,$-47,$24,$0
6,2017-03-31,59.27,$9.78,6.06,$18.85,3.14,$4.72,12.55,$0.49,120.96,$2.20B,$1.69B,1.3,$0.25B,$1.00B,0.25,$1.78B,$0.76B,42.53%,$1.78B,$0.09B,5.17%,$1.78B,$0.09B,5.17%,$1.78B,$0.37B,20.96%,$1.78B,$0.08B,4.33%,$1.78B,$0.07B,3.71%,$0.07B,$1.00B,8.97%,$0.07B,$0.53B,14.56%,$0.07B,$3.15B,2.25%,$0.09B,$1.26B,8.24%,$572,$315,$257,$36,$100,$460,$112,$-0,$111,$12,$99,$99,$99,$221,$112,$90,92,$1.10,$1.12,$1730,$16,$42,$2195,$67,$0,$469,$35,$954,$3149,$1686,$252,$197,$460,$2145,$1,$-100,$-47,$1004,$3149,$67,$282,$84,$365,$-42,$-5,$0,$-240,$-98,$331,$-21,$0,$-131,$-66,$89,$23,$0,$-129,$0,$0,$0,$0,$0,$0,$-50,$-50,$145,$82,$0
7,2016-12-31,49.29,$8.14,6.05,$16.03,3.07,$3.36,14.65,$0.08,616.13,$2.45B,$1.86B,1.32,$0.26B,$0.82B,0.32,$1.59B,$0.67B,42.15%,$1.59B,$0.03B,1.58%,$1.59B,$0.03B,1.58%,$1.59B,$0.26B,16.53%,$1.59B,$0.01B,0.44%,$1.59B,$0.01B,0.82%,$0.01B,$0.82B,2.06%,$0.01B,$0.60B,3.17%,$0.01B,$3.09B,0.46%,$0.03B,$1.08B,2.33%,$476,$311,$165,$38,$149,$505,$-28,$-4,$-32,$-2,$-30,$-30,$-30,$52,$-28,$90,90,$-0.33,$-0.33,$1722,$27,$126,$2451,$66,$0,$217,$28,$638,$3089,$1864,$259,$134,$404,$2268,$1,$-199,$-48,$821,$3089,$-32,$173,$55,$228,$-160,$-16,$230,$-7,$47,$240,$-14,$0,$-1,$-3,$66,$63,$0,$48,$0,$0,$0,$0,$0,$0,$-35,$-35,$241,$55,$0
8,2016-09-30,45.08,$6.67,6.76,$15.73,2.87,$2.80,16.13,$-0.10,0.0,$2.37B,$1.72B,1.38,$0.51B,$0.58B,0.88,$1.52B,$0.66B,43.27%,$1.52B,$-0.01B,-0.39%,$1.52B,$-0.01B,-0.39%,$1.52B,$0.21B,13.59%,$1.52B,$-0.03B,-1.84%,$1.52B,$0.00B,0.07%,$0.00B,$0.58B,0.18%,$0.00B,$0.36B,0.30%,$0.00B,$2.98B,0.04%,$-0.01B,$1.09B,-0.57%,$420,$206,$215,$30,$130,$373,$47,$-7,$40,$4,$36,$36,$36,$84,$47,$85,113,$0.42,$0.39,$1543,$78,$179,$2371,$69,$0,$220,$16,$608,$2979,$1719,$512,$111,$677,$2396,$1,$-169,$-43,$583,$2979,$-2,$92,$33,$125,$-212,$-63,$0,$-200,$-171,$-51,$-8,$0,$0,$-2,$66,$64,$0,$56,$0,$0,$0,$0,$0,$0,$-29,$-29,$-29,$33,$0
9,2016-06-30,37.92,$6.10,6.21,$15.17,2.5,$3.26,11.62,$0.06,632.0,$1.98B,$1.26B,1.57,$0.50B,$0.53B,0.95,$1.45B,$0.65B,44.62%,$1.45B,$0.01B,0.90%,$1.45B,$0.01B,0.90%,$1.45B,$0.22B,15.17%,$1.45B,$-0.01B,-0.69%,$1.45B,$0.02B,1.38%,$0.02B,$0.53B,3.63%,$0.02B,$0.31B,6.06%,$0.02B,$2.54B,0.79%,$0.01B,$1.04B,1.24%,$312,$191,$120,$34,$118,$351,$-39,$-3,$-42,$-4,$-39,$-39,$-39,$16,$-39,$85,85,$-0.46,$-0.46,$1507,$13,$167,$1978,$72,$0,$220,$16,$561,$2539,$1262,$504,$85,$744,$2005,$1,$-206,$-41,$534,$2539,$-39,$55,$15,$70,$28,$3,$36,$-143,$-76,$-47,$-4,$0,$0,$-1,$78,$77,$0,$73,$0,$0,$0,$0,$0,$0,$-24,$-24,$-2,$15,$0
10,2016-03-31,37.67,$6.72,5.61,$14.81,2.54,$4.92,7.66,$-0.29,0.0,$2.05B,$1.22B,1.68,$0.50B,$0.58B,0.86,$1.41B,$0.60B,42.46%,$1.41B,$-0.01B,-0.78%,$1.41B,$-0.01B,-0.78%,$1.41B,$0.18B,12.60%,$1.41B,$-0.04B,-2.69%,$1.41B,$-0.01B,-0.57%,$-0.01B,$0.58B,-1.46%,$-0.01B,$0.36B,-2.44%,$-0.01B,$2.59B,-0.32%,$-0.01B,$1.08B,-1.06%,$377,$209,$168,$33,$82,$333,$45,$-4,$41,$-5,$46,$46,$46,$110,$45,$84,112,$0.54,$0.48,$1531,$16,$178,$2045,$77,$0,$222,$13,$545,$2590,$1220,$498,$74,$788,$2009,$1,$-167,$-38,$581,$2590,$-8,$188,$67,$255,$49,$4,$0,$-212,$12,$261,$-37,$0,$0,$-107,$-180,$-287,$-0,$-325,$0,$0,$0,$-27,$-27,$0,$-21,$-48,$-112,$70,$0
11,2015-12-31,34.84,$6.04,5.76,$15.17,2.3,$4.95,7.04,$-3.76,0.0,$2.11B,$1.46B,1.45,$0.49B,$0.53B,0.93,$1.34B,$0.32B,24.03%,$1.34B,$-0.30B,-22.31%,$1.34B,$-0.30B,-22.31%,$1.34B,$-0.12B,-8.91%,$1.34B,$-0.33B,-24.63%,$1.34B,$-0.29B,-22.01%,$-0.29B,$0.53B,-53.92%,$-0.29B,$0.31B,-91.02%,$-0.29B,$2.59B,-12.27%,$-0.30B,$1.02B,-28.96%,$414,$258,$156,$28,$109,$473,$-59,$-8,$-67,$-25,$-42,$-42,$-42,$-3,$-59,$83,83,$-0.51,$-0.51,$1419,$20,$215,$2106,$77,$0,$221,$12,$479,$2585,$1455,$492,$72,$603,$2058,$1,$-213,$-35,$527,$2585,$-55,$123,$54,$177,$-46,$-0,$191,$-80,$63,$189,$-29,$0,$0,$-7,$-190,$-196,$0,$-225,$0,$0,$0,$-27,$-27,$0,$-13,$-40,$-76,$54,$0
12,2015-09-30,28.73,$6.49,4.43,$15.16,1.89,$3.25,8.84,$-2.83,0.0,$1.97B,$1.21B,1.62,$0.49B,$0.56B,0.86,$1.45B,$0.42B,28.77%,$1.45B,$-0.17B,-11.91%,$1.45B,$-0.17B,-11.91%,$1.45B,$0.04B,2.82%,$1.45B,$-0.21B,-14.25%,$1.45B,$-0.22B,-14.80%,$-0.22B,$0.56B,-34.83%,$-0.22B,$0.34B,-54.57%,$-0.22B,$2.42B,-9.30%,$-0.17B,$1.05B,-15.79%,$347,$144,$203,$24,$105,$281,$66,$-8,$58,$3,$55,$55,$55,$97,$66,$84,110,$0.63,$0.55,$1280,$24,$240,$1965,$82,$0,$222,$13,$452,$2416,$1214,$488,$66,$639,$1852,$1,$-171,$-29,$564,$2416,$-12,$67,$35,$103,$-23,$-4,$57,$-102,$-71,$20,$-26,$0,$0,$-5,$-162,$-167,$0,$-193,$0,$0,$0,$-27,$-27,$0,$-1,$-27,$-199,$35,$0
13,2015-06-30,27.57,$5.96,4.62,$13.59,2.03,$1.38,20.05,$-3.89,0.0,$1.91B,$1.11B,1.73,$0.48B,$0.53B,0.91,$1.23B,$0.29B,23.46%,$1.23B,$-0.29B,-23.38%,$1.23B,$-0.29B,-23.38%,$1.23B,$-0.09B,-7.31%,$1.23B,$-0.30B,-24.51%,$1.23B,$-0.31B,-25.24%,$-0.31B,$0.53B,-46.77%,$-0.31B,$0.30B,-70.68%,$-0.31B,$2.35B,-14.64%,$-0.29B,$1.01B,-25.31%,$275,$203,$73,$34,$95,$338,$-63,$-8,$-70,$-3,$-67,$-67,$-67,$-26,$-63,$83,83,$-0.81,$-0.81,$1421,$12,$201,$1908,$83,$0,$224,$13,$445,$2353,$1106,$482,$65,$719,$1826,$1,$-226,$-22,$527,$2353,$-67,$36,$19,$55,$87,$8,$0,$-31,$117,$105,$-19,$0,$0,$-0,$-187,$-187,$0,$-206,$0,$0,$0,$0,$0,$0,$2,$2,$-95,$19,$0
14,2015-03-31,25.46,$6.37,3.99,$11.84,2.15,$-0.88,0.0,$-3.53,0.0,$1.78B,$0.97B,1.84,$0.47B,$0.56B,0.84,$1.08B,$0.29B,26.52%,$1.08B,$-0.26B,-23.84%,$1.08B,$-0.26B,-23.84%,$1.08B,$-0.08B,-7.39%,$1.08B,$-0.27B,-25.23%,$1.08B,$-0.28B,-25.79%,$-0.28B,$0.56B,-38.27%,$-0.28B,$0.34B,-55.58%,$-0.28B,$2.23B,-14.39%,$-0.26B,$1.04B,-21.57%,$300,$411,$-111,$35,$91,$542,$-242,$-7,$-250,$-7,$-243,$-243,$-240,$-187,$-242,$80,80,$-2.98,$-2.94,$1268,$20,$163,$1780,$70,$0,$222,$12,$448,$2228,$966,$473,$61,$699,$1665,$1,$-159,$-31,$563,$2228,$-279,$179,$50,$229,$-165,$10,$0,$338,$262,$213,$-50,$0,$0,$-100,$-71,$-171,$0,$-220,$0,$0,$0,$0,$0,$0,$1,$1,$-24,$65,$0
15,2014-12-31,28.03,$9.23,3.04,$9.82,2.85,$2.98,9.42,$-0.94,0.0,$1.81B,$0.71B,2.55,$0.47B,$0.82B,0.58,$0.98B,$0.49B,49.64%,$0.98B,$-0.04B,-4.09%,$0.98B,$-0.04B,-4.09%,$0.98B,$0.11B,10.85%,$0.98B,$-0.05B,-5.53%,$0.98B,$-0.03B,-3.38%,$-0.03B,$0.82B,-4.18%,$-0.03B,$0.59B,-5.90%,$-0.03B,$2.25B,-1.80%,$-0.04B,$1.29B,-3.20%,$531,$278,$253,$31,$150,$466,$66,$-11,$55,$15,$40,$40,$37,$157,$66,$81,107,$0.46,$0.42,$1008,$25,$179,$1806,$63,$0,$226,$16,$448,$2254,$707,$470,$63,$731,$1438,$1,$84,$-18,$815,$2254,$-37,$123,$36,$158,$-383,$5,$0,$348,$-64,$61,$-37,$0,$0,$-80,$17,$-63,$0,$-99,$0,$0,$0,$0,$0,$0,$10,$10,$-38,$52,$0
16,2014-09-30,23.07,$8.54,2.7,$21.54,1.07,$9.08,2.54,$3.33,6.93,$1.27B,$0.38B,3.34,$0.47B,$0.76B,0.62,$2.31B,$0.98B,42.25%,$2.31B,$0.50B,21.65%,$2.31B,$0.50B,21.65%,$2.31B,$0.73B,31.73%,$2.31B,$0.49B,21.26%,$2.31B,$0.43B,18.66%,$0.43B,$0.76B,54.52%,$0.43B,$0.53B,77.07%,$0.43B,$1.67B,24.43%,$0.50B,$1.22B,40.09%,$126,$52,$74,$25,$93,$175,$-49,$11,$-37,$4,$-41,$-41,$-41,$-34,$-49,$80,80,$-0.51,$-0.51,$881,$56,$225,$1267,$56,$0,$229,$12,$398,$1665,$379,$465,$66,$531,$910,$1,$44,$-5,$755,$1665,$-77,$31,$5,$37,$28,$-26,$0,$51,$-92,$-132,$-23,$0,$0,$-50,$22,$-28,$0,$-51,$0,$0,$0,$0,$0,$0,$5,$5,$-181,$24,$0
17,2014-06-30,22.24,$8.85,2.51,$21.64,1.03,$12.35,1.8,$2.44,9.11,$1.23B,$0.29B,4.33,$0.46B,$0.78B,0.59,$2.33B,$0.96B,41.06%,$2.33B,$0.43B,18.47%,$2.33B,$0.43B,18.47%,$2.33B,$0.70B,30.18%,$2.33B,$0.40B,16.97%,$2.33B,$0.35B,14.92%,$0.35B,$0.78B,47.90%,$0.35B,$0.55B,70.45%,$0.35B,$1.61B,17.20%,$0.43B,$1.24B,36.60%,$125,$54,$71,$24,$76,$159,$-33,$-8,$-41,$-6,$-35,$-35,$-35,$-16,$-33,$79,79,$-0.45,$-0.45,$903,$23,$187,$1234,$47,$0,$232,$15,$373,$1608,$285,$459,$80,$539,$825,$1,$85,$6,$783,$1608,$-35,$17,$10,$27,$10,$7,$0,$113,$-80,$-88,$-8,$0,$0,$-19,$0,$-19,$0,$-28,$0,$0,$0,$0,$0,$0,$0,$0,$-113,$10,$0
18,2014-03-31,21.93,$9.02,2.43,$21.70,1.01,$13.55,1.62,$2.18,10.06,$1.40B,$0.48B,2.95,$0.45B,$0.80B,0.57,$2.35B,$0.94B,39.81%,$2.35B,$0.41B,17.61%,$2.35B,$0.41B,17.61%,$2.35B,$0.72B,30.75%,$2.35B,$0.38B,15.99%,$2.35B,$0.32B,13.65%,$0.32B,$0.80B,47.03%,$0.32B,$0.57B,71.45%,$0.32B,$1.80B,16.18%,$0.41B,$1.26B,36.92%,$195,$108,$87,$29,$78,$219,$-24,$-8,$-31,$-0,$-31,$-31,$6,$-1,$-24,$85,114,$0.02,$0.62,$1129,$30,$116,$1399,$43,$0,$232,$15,$400,$1800,$475,$454,$51,$523,$998,$1,$121,$2,$802,$1800,$362,$307,$63,$371,$136,$0,$0,$-363,$-32,$700,$-30,$0,$0,$0,$0,$0,$-1,$-31,$146,$0,$146,$-277,$-277,$0,$-3,$-134,$533,$78,$0
19,2013-12-31,17.37,$9.28,1.87,$23.48,0.74,$7.41,2.34,$2.82,6.16,$1.55B,$0.69B,2.23,$0.45B,$0.82B,0.55,$2.46B,$0.99B,40.49%,$2.46B,$0.47B,19.02%,$2.46B,$0.47B,19.02%,$2.46B,$0.80B,32.71%,$2.46B,$0.43B,17.43%,$2.46B,$0.34B,13.97%,$0.34B,$0.82B,54.53%,$0.34B,$0.59B,86.84%,$0.34B,$1.99B,18.51%,$0.47B,$1.27B,44.99%,$1864,$1120,$744,$29,$105,$1258,$606,$-6,$600,$22,$578,$578,$501,$784,$606,$85,112,$5.88,$4.69,$972,$45,$93,$1546,$39,$0,$232,$68,$440,$1985,$693,$449,$21,$470,$1163,$1,$152,$2,$822,$1985,$392,$284,$58,$342,$0,$-15,$345,$-334,$-3,$731,$-23,$0,$0,$0,$0,$0,$-1,$-24,$146,$0,$146,$-277,$-277,$0,$-3,$-134,$570,$58,$0
20,2013-09-30,18.17,$4.77,3.81,$10.54,1.72,$1.35,13.47,$-1.21,0.0,$2.25B,$1.74B,1.3,$0.44B,$0.50B,0.89,$1.01B,$0.45B,44.59%,$1.01B,$-0.06B,-5.76%,$1.01B,$-0.06B,-5.76%,$1.01B,$0.16B,15.59%,$1.01B,$-0.10B,-9.83%,$1.01B,$-0.09B,-9.14%,$-0.09B,$0.50B,-16.29%,$-0.09B,$0.27B,-27.94%,$-0.09B,$2.70B,-5.56%,$-0.06B,$0.94B,-6.14%,$149,$92,$56,$27,$144,$267,$-118,$-14,$-132,$-8,$-124,$-124,$-124,$-63,$-118,$89,89,$-1.40,$-1.40,$662,$84,$120,$2251,$34,$0,$234,$69,$450,$2701,$1738,$444,$21,$464,$2202,$1,$-427,$3,$499,$2701,$-186,$107,$21,$128,$-822,$-54,$283,$785,$192,$135,$-15,$0,$0,$0,$0,$0,$0,$-15,$146,$0,$146,$0,$0,$0,$-3,$143,$259,$21,$0
21,2013-06-30,14.97,$6.41,2.34,$12.06,1.24,$-1.06,0.0,$0.04,374.25,$1.02B,$0.42B,2.45,$0.41B,$0.61B,0.67,$1.13B,$0.51B,44.92%,$1.13B,$0.06B,4.95%,$1.13B,$0.06B,4.95%,$1.13B,$0.27B,23.96%,$1.13B,$0.02B,1.95%,$1.13B,$0.02B,1.77%,$0.02B,$0.61B,3.56%,$0.02B,$0.37B,6.17%,$0.02B,$1.45B,1.57%,$0.06B,$1.02B,6.15%,$143,$94,$49,$21,$74,$192,$-50,$-11,$-61,$1,$-62,$-62,$-62,$3,$-50,$87,87,$-0.71,$-0.71,$646,$28,$191,$1020,$30,$0,$235,$61,$428,$1448,$416,$409,$16,$425,$841,$1,$-303,$-6,$607,$1448,$-62,$52,$8,$60,$154,$2,$-93,$-56,$8,$7,$-8,$0,$0,$0,$0,$0,$0,$-8,$246,$0,$246,$0,$0,$0,$-2,$244,$244,$6,$0
22,2013-03-31,16.15,$6.27,2.57,$13.08,1.23,$-1.70,0.0,$-0.55,0.0,$0.87B,$0.34B,2.57,$0.34B,$0.59B,0.57,$1.21B,$0.50B,41.02%,$1.21B,$0.00B,0.41%,$1.21B,$0.00B,0.41%,$1.21B,$0.28B,22.65%,$1.21B,$-0.03B,-2.14%,$1.21B,$-0.03B,-2.39%,$-0.03B,$0.59B,-5.48%,$-0.03B,$0.35B,-9.96%,$-0.03B,$1.28B,-2.46%,$0.00B,$0.92B,0.58%,$299,$154,$145,$21,$92,$270,$29,$-8,$21,$0,$21,$21,$28,$79,$29,$86,86,$0.35,$0.45,$410,$30,$199,$866,$25,$0,$235,$56,$412,$1278,$337,$335,$17,$353,$690,$1,$-241,$-5,$588,$1278,$-29,$269,$33,$302,$-145,$-8,$84,$-210,$-278,$-5,$-17,$0,$0,$0,$0,$0,$0,$-17,$0,$0,$0,$0,$0,$0,$0,$0,$-18,$36,$0
23,2012-12-31,11.01,$6.03,1.83,$11.35,0.97,$-2.60,0.0,$-1.58,0.0,$0.82B,$0.28B,2.91,$0.33B,$0.57B,0.59,$1.06B,$0.39B,36.22%,$1.06B,$-0.09B,-8.00%,$1.06B,$-0.09B,-8.00%,$1.06B,$0.18B,16.56%,$1.06B,$-0.11B,-10.72%,$1.06B,$-0.12B,-11.57%,$-0.12B,$0.57B,-23.17%,$-0.12B,$0.33B,-42.30%,$-0.12B,$1.19B,-10.75%,$-0.09B,$0.90B,-9.96%,$416,$216,$199,$22,$94,$335,$81,$-8,$73,$2,$71,$71,$66,$138,$81,$86,112,$0.76,$0.66,$449,$30,$200,$818,$24,$0,$238,$36,$372,$1190,$281,$330,$12,$344,$625,$1,$-263,$7,$565,$1190,$-52,$219,$22,$242,$-49,$-7,$47,$-140,$-149,$41,$-12,$0,$0,$0,$0,$0,$0,$-12,$0,$0,$0,$0,$0,$0,$0,$0,$28,$23,$0
24,2012-09-30,10.44,$5.26,1.98,$10.46,1.0,$-3.61,0.0,$-2.08,0.0,$0.80B,$0.34B,2.37,$0.33B,$0.49B,0.67,$0.88B,$0.30B,33.52%,$0.88B,$-0.15B,-16.53%,$0.88B,$-0.15B,-16.53%,$0.88B,$0.10B,11.10%,$0.88B,$-0.17B,-19.59%,$0.88B,$-0.18B,-19.93%,$-0.18B,$0.49B,-32.01%,$-0.18B,$0.25B,-56.91%,$-0.18B,$1.17B,-15.55%,$-0.15B,$0.81B,-16.82%,$273,$158,$115,$19,$97,$277,$-4,$-7,$-11,$1,$-12,$-12,$-12,$51,$-4,$85,85,$-0.15,$-0.15,$328,$61,$213,$798,$22,$0,$240,$36,$367,$1165,$337,$326,$16,$343,$680,$1,$-335,$7,$485,$1165,$-123,$163,$14,$177,$-110,$-38,$0,$-84,$-136,$-82,$-8,$0,$0,$0,$0,$0,$0,$-8,$0,$0,$0,$0,$0,$0,$0,$0,$-92,$14,$0
25,2012-06-30,9.46,$5.24,1.81,$8.56,1.11,$-2.74,0.0,$-2.50,0.0,$0.72B,$0.26B,2.8,$0.32B,$0.48B,0.67,$0.72B,$0.21B,29.71%,$0.72B,$-0.18B,-25.66%,$0.72B,$-0.18B,-25.66%,$0.72B,$0.02B,3.21%,$0.72B,$-0.21B,-29.01%,$0.72B,$-0.21B,-29.43%,$-0.21B,$0.48B,-37.02%,$-0.21B,$0.24B,-64.18%,$-0.21B,$1.07B,-19.65%,$-0.18B,$0.80B,-22.04%,$226,$187,$39,$15,$122,$327,$-101,$-8,$-109,$2,$-111,$-111,$-111,$7,$-101,$85,85,$-1.30,$-1.30,$367,$28,$210,$719,$19,$0,$237,$37,$354,$1073,$257,$321,$16,$339,$596,$1,$-322,$-5,$477,$1073,$-111,$108,$7,$115,$-27,$-6,$29,$-54,$-57,$-53,$-3,$0,$0,$0,$0,$0,$0,$-3,$0,$0,$0,$0,$0,$0,$0,$0,$-53,$7,$0
26,2012-03-31,15.39,$6.60,2.33,$9.95,1.55,$-2.45,0.0,$-1.31,0.0,$0.74B,$0.22B,3.4,$0.32B,$0.60B,0.53,$0.83B,$0.30B,36.00%,$0.83B,$-0.09B,-10.30%,$0.83B,$-0.09B,-10.30%,$0.83B,$0.09B,11.15%,$0.83B,$-0.11B,-12.73%,$0.83B,$-0.11B,-13.21%,$-0.11B,$0.60B,-18.03%,$-0.11B,$0.35B,-30.15%,$-0.11B,$1.15B,-10.32%,$-0.09B,$0.91B,-10.41%,$148,$116,$32,$15,$75,$209,$-61,$-5,$-67,$-1,$-66,$-66,$-66,$-20,$-61,$83,83,$-0.79,$-0.79,$420,$22,$211,$744,$19,$0,$244,$38,$406,$1149,$219,$316,$16,$335,$554,$1,$-211,$7,$596,$1149,$-109,$177,$34,$211,$39,$2,$0,$-190,$-189,$-85,$-11,$2,$-1,$0,$0,$0,$-4,$-14,$250,$0,$250,$0,$0,$0,$-7,$243,$140,$33,$0
27,2011-12-31,13.55,$7.12,1.9,$9.08,1.49,$0.25,54.05,$-0.79,0.0,$0.75B,$0.17B,4.45,$0.31B,$0.64B,0.49,$0.75B,$0.23B,31.20%,$0.75B,$-0.15B,-20.00%,$0.75B,$-0.05B,-6.93%,$0.75B,$0.01B,1.73%,$0.75B,$-0.06B,-8.13%,$0.75B,$-0.07B,-9.47%,$-0.07B,$0.64B,-11.65%,$-0.07B,$0.40B,-19.36%,$-0.07B,$1.14B,-7.01%,$-0.15B,$0.95B,-19.49%,$236,$126,$110,$17,$70,$216,$20,$-6,$14,$-0,$14,$14,$13,$60,$20,$84,84,$0.16,$0.16,$453,$23,$181,$752,$19,$0,$240,$7,$388,$1141,$169,$312,$16,$330,$499,$1,$-145,$-2,$641,$1141,$-42,$136,$24,$160,$31,$2,$-60,$-151,$-173,$-55,$-8,$0,$-1,$0,$0,$0,$0,$-9,$250,$0,$250,$0,$0,$0,$-7,$243,$173,$23,$0
28,2011-09-30,12.72,$6.55,1.94,$9.82,1.3,$2.57,4.95,$-0.50,0.0,$0.55B,$0.24B,2.32,$0.11B,$0.57B,0.2,$0.85B,$0.27B,31.84%,$0.85B,$-0.12B,-14.27%,$0.85B,$-0.02B,-2.71%,$0.85B,$0.04B,4.60%,$0.85B,$-0.03B,-3.54%,$0.85B,$-0.04B,-5.07%,$-0.04B,$0.57B,-7.12%,$-0.04B,$0.32B,-11.89%,$-0.04B,$0.93B,-4.43%,$-0.12B,$0.68B,-16.99%,$107,$75,$32,$16,$55,$149,$-42,$-4,$-46,$1,$-47,$-47,$-47,$-24,$-42,$83,83,$-0.57,$-0.57,$270,$45,$150,$546,$18,$0,$242,$3,$386,$932,$236,$111,$17,$131,$366,$1,$-159,$1,$566,$932,$-56,$96,$13,$109,$65,$-20,$-8,$-100,$-63,$-10,$-5,$0,$-1,$0,$0,$0,$0,$-6,$0,$0,$0,$0,$0,$0,$0,$0,$-11,$13,$0
29,2011-06-30,15.28,$7.12,2.14,$11.60,1.32,$3.50,4.37,$0.65,23.51,$0.65B,$0.26B,2.48,$0.11B,$0.62B,0.18,$0.99B,$0.35B,35.09%,$0.99B,$-0.07B,-6.69%,$0.99B,$0.03B,3.25%,$0.99B,$0.12B,12.07%,$0.99B,$0.03B,2.74%,$0.99B,$0.01B,0.71%,$0.01B,$0.62B,1.51%,$0.01B,$0.37B,2.49%,$0.01B,$1.00B,0.95%,$-0.07B,$0.73B,-12.15%,$334,$211,$123,$17,$105,$336,$-2,$-4,$-6,$3,$-9,$-9,$-9,$76,$-2,$83,83,$-0.11,$-0.11,$249,$26,$151,$645,$19,$0,$244,$3,$359,$1004,$260,$109,$16,$128,$388,$1,$-111,$11,$615,$1004,$-9,$78,$8,$86,$-62,$-1,$28,$-70,$-106,$-28,$-2,$0,$-1,$0,$0,$0,$0,$-4,$0,$0,$0,$0,$0,$0,$0,$0,$-32,$8,$0
30,2011-03-31,15.37,$7.14,2.15,$12.01,1.28,$4.99,3.08,$0.76,20.22,$0.57B,$0.23B,2.45,$0.11B,$0.62B,0.17,$1.01B,$0.34B,33.50%,$1.01B,$-0.04B,-4.27%,$1.01B,$0.06B,5.47%,$1.01B,$0.11B,10.64%,$1.01B,$0.05B,4.87%,$1.01B,$0.02B,2.19%,$0.02B,$0.62B,4.94%,$0.02B,$0.37B,8.28%,$0.02B,$0.97B,3.04%,$-0.04B,$0.72B,-8.20%,$73,$104,$-31,$18,$61,$199,$-126,$-3,$-23,$-1,$-16,$-22,$-28,$-99,$-28,$81,81,$-0.29,$-0.26,$280,$25,$132,$567,$20,$0,$243,$4,$405,$972,$231,$107,$15,$125,$356,$1,$-103,$10,$615,$972,$48,$171,$33,$204,$-10,$-0,$41,$-148,$-117,$135,$-10,$0,$3,$0,$0,$0,$-1,$-8,$0,$0,$0,$1,$1,$0,$0,$1,$135,$29,$0
31,2010-12-31,12.27,$7.32,1.68,$15.17,0.81,$3.82,3.21,$1.10,11.15,$0.62B,$0.23B,2.68,$0.11B,$0.62B,0.17,$1.31B,$0.50B,38.15%,$1.31B,$0.12B,9.02%,$1.31B,$0.12B,9.02%,$1.31B,$0.30B,23.24%,$1.31B,$0.10B,7.87%,$1.31B,$0.08B,5.81%,$0.08B,$0.62B,26.05%,$0.08B,$0.38B,43.99%,$0.08B,$0.98B,15.83%,$0.12B,$0.72B,34.35%,$334,$189,$146,$18,$75,$286,$49,$-4,$45,$4,$41,$41,$41,$86,$49,$81,94,$0.47,$0.45,$297,$29,$155,$618,$21,$0,$238,$5,$358,$977,$231,$105,$9,$127,$358,$1,$-80,$0,$619,$977,$71,$144,$31,$175,$-10,$-4,$42,$-118,$-89,$155,$-8,$0,$3,$0,$0,$0,$-1,$-6,$0,$0,$0,$0,$0,$0,$0,$0,$151,$24,$0
32,2010-09-30,10.14,$0.00,0.0,$15.00,0.68,$2.72,3.72,$0.65,15.6,$0.00B,$0.00B,0.0,$0.00B,$0.00B,0.0,$1.24B,$0.46B,37.36%,$1.24B,$0.10B,7.73%,$1.24B,$0.10B,7.73%,$1.24B,$0.31B,24.80%,$1.24B,$0.08B,6.20%,$1.24B,$0.05B,4.19%,$0.05B,$0.00B,19.17%,$0.05B,$0.00B,34.21%,$0.05B,$0.00B,11.49%,$0.10B,$0.00B,29.84%,$245,$137,$108,$18,$73,$232,$13,$-2,$11,$3,$8,$8,$3,$56,$13,$80,80,$0.04,$0.04,$0,$0,$0,$0,$0,$0,$0,$0,$0,$0,$0,$0,$0,$0,$0,$0,$0,$0,$0,$0,$30,$106,$23,$130,$-31,$-21,$78,$-119,$-93,$65,$-6,$0,$3,$0,$0,$0,$-1,$-4,$0,$0,$0,$0,$0,$0,$0,$0,$59,$18,$0
33,2010-07-31,10.25,$6.51,1.57,$13.79,0.74,$0.11,96.79,$0.27,37.96,$0.56B,$0.28B,1.98,$0.10B,$0.55B,0.19,$1.14B,$0.39B,33.92%,$1.14B,$0.04B,3.51%,$1.14B,$0.04B,3.68%,$1.14B,$0.26B,22.79%,$1.14B,$0.00B,0.26%,$1.14B,$-0.05B,-3.94%,$-0.05B,$0.55B,-11.21%,$-0.05B,$0.31B,-20.22%,$-0.05B,$0.94B,-6.80%,$0.04B,$0.65B,8.39%,$354,$240,$114,$18,$71,$333,$21,$-4,$16,$4,$12,$12,$6,$64,$21,$79,79,$0.07,$0.07,$232,$21,$157,$558,$22,$0,$238,$27,$386,$944,$282,$102,$9,$114,$396,$1,$-133,$-4,$548,$944,$-11,$125,$34,$159,$85,$5,$-28,$-116,$-54,$96,$-7,$0,$43,$0,$0,$0,$-1,$36,$0,$0,$0,$0,$0,$0,$0,$0,$130,$24,$0
34,2010-06-30,9.0,$0.00,0.0,$11.41,0.79,$-0.99,0.0,$0.27,33.33,$0.00B,$0.00B,0.0,$0.00B,$0.00B,0.0,$0.95B,$0.34B,35.37%,$0.95B,$-0.01B,-0.84%,$0.95B,$-0.01B,-0.63%,$0.95B,$0.20B,20.53%,$0.95B,$-0.04B,-4.63%,$0.95B,$-0.09B,-8.95%,$-0.09B,$0.00B,-21.67%,$-0.09B,$0.00B,-40.05%,$-0.09B,$0.00B,-13.09%,$-0.01B,$0.00B,-1.71%,$375,$244,$131,$16,$76,$340,$35,$-5,$31,$3,$27,$27,$26,$98,$35,$79,92,$0.31,$0.30,$0,$0,$0,$0,$0,$0,$0,$0,$0,$0,$0,$0,$0,$0,$0,$0,$0,$0,$0,$0,$26,$60,$12,$72,$-103,$0,$83,$-42,$-62,$37,$-2,$0,$1,$0,$0,$0,$-1,$-2,$0,$0,$0,$0,$0,$0,$0,$0,$37,$11,$0
35,2010-04-30,10.85,$6.40,1.7,$11.30,0.96,$-3.26,0.0,$-0.23,0.0,$0.52B,$0.22B,2.34,$0.10B,$0.54B,0.19,$0.94B,$0.36B,38.72%,$0.94B,$0.00B,0.11%,$0.94B,$0.00B,0.32%,$0.94B,$0.15B,16.04%,$0.94B,$-0.03B,-3.64%,$0.94B,$-0.07B,-7.81%,$-0.07B,$0.54B,-18.61%,$-0.07B,$0.30B,-34.39%,$-0.07B,$0.87B,-11.24%,$0.00B,$0.64B,0.21%,$268,$157,$111,$13,$68,$241,$27,$-8,$19,$2,$17,$17,$17,$90,$27,$79,79,$0.20,$0.20,$181,$25,$209,$517,$23,$0,$239,$29,$349,$866,$221,$100,$8,$108,$329,$1,$-139,$-2,$537,$866,$-17,$63,$16,$79,$142,$2,$-92,$-77,$-26,$41,$-4,$0,$40,$0,$0,$0,$0,$36,$0,$0,$0,$0,$0,$0,$0,$0,$78,$14,$0
36,2010-03-31,9.87,$6.20,1.59,$7.90,1.25,$-3.73,0.0,$-0.23,0.0,$0.43B,$0.21B,2.03,$0.10B,$0.52B,0.19,$0.67B,$0.25B,37.63%,$0.67B,$-0.03B,-3.90%,$0.67B,$-0.02B,-3.60%,$0.67B,$0.06B,9.00%,$0.67B,$-0.05B,-7.95%,$0.67B,$-0.09B,-13.49%,$-0.09B,$0.52B,-34.88%,$-0.09B,$0.28B,-65.34%,$-0.09B,$0.84B,-20.79%,$-0.03B,$0.62B,-8.46%,$144,$114,$31,$14,$66,$187,$-43,$-9,$-63,$16,$-79,$-79,$-94,$8,$-41,$78,78,$-1.17,$-1.15,$146,$24,$115,$427,$24,$0,$239,$11,$413,$839,$210,$100,$8,$109,$319,$1,$-151,$-4,$521,$839,$-123,$136,$50,$186,$-3,$6,$-5,$-196,$-199,$-136,$-10,$0,$40,$0,$0,$0,$-7,$23,$94,$-70,$24,$26,$26,$0,$-5,$46,$-58,$27,$0
37,2010-01-31,9.28,$6.10,1.52,$7.28,1.28,$-3.87,0.0,$-0.43,0.0,$0.52B,$0.27B,1.91,$0.10B,$0.51B,0.19,$0.62B,$0.24B,38.51%,$0.62B,$-0.04B,-5.83%,$0.62B,$-0.04B,-5.83%,$0.62B,$0.05B,8.25%,$0.62B,$-0.05B,-7.61%,$0.62B,$-0.05B,-8.41%,$-0.05B,$0.51B,-20.37%,$-0.05B,$0.27B,-39.85%,$-0.05B,$0.89B,-11.69%,$-0.04B,$0.61B,-11.45%,$163,$100,$63,$15,$70,$190,$-27,$-5,$-31,$2,$-34,$-34,$-34,$-1,$-27,$78,78,$-0.43,$-0.43,$106,$51,$261,$521,$25,$0,$242,$33,$372,$893,$274,$99,$10,$109,$383,$1,$-156,$0,$511,$893,$-34,$25,$6,$31,$136,$-24,$-63,$-45,$4,$4,$-2,$0,$0,$0,$0,$0,$0,$-2,$0,$0,$0,$0,$0,$0,$0,$0,$4,$6,$0
38,2009-12-31,10.05,$0.00,0.0,$7.46,1.35,$-5.18,0.0,$-0.43,0.0,$0.00B,$0.00B,0.0,$0.00B,$0.00B,0.0,$0.63B,$0.24B,38.00%,$0.63B,$-0.02B,-3.66%,$0.63B,$-0.02B,-3.66%,$0.63B,$0.06B,10.02%,$0.63B,$-0.03B,-5.09%,$0.63B,$-0.03B,-4.45%,$-0.03B,$0.00B,-10.53%,$-0.03B,$0.00B,-20.18%,$-0.03B,$0.00B,-6.43%,$-0.02B,$0.00B,-7.23%,$360,$204,$157,$16,$92,$316,$44,$-4,$41,$1,$39,$39,$38,$53,$44,$78,91,$0.45,$0.43,$0,$0,$0,$0,$0,$0,$0,$0,$0,$0,$0,$0,$0,$0,$0,$0,$0,$0,$0,$0,$-113,$86,$44,$130,$-27,$5,$26,$-184,$-180,$-163,$-10,$0,$0,$0,$0,$0,$-6,$-15,$94,$-70,$24,$26,$26,$0,$-5,$46,$-126,$21,$0
39,2009-10-31,10.97,$0.00,0.0,$5.47,2.01,$-4.07,0.0,0,0.0,$0.00B,$0.00B,0.0,$0.00B,$0.00B,0.0,$0.42B,$0.13B,30.86%,$0.42B,$-0.12B,-29.43%,$0.42B,$-0.12B,-29.43%,$0.42B,$-0.02B,-5.02%,$0.42B,$-0.13B,-30.38%,$0.42B,$-0.12B,-27.75%,$-0.12B,$0.00B,-28.71%,$-0.12B,$0.00B,-54.14%,$-0.12B,$0.00B,-17.56%,$-0.12B,$0.00B,-25.98%,$0,$0,$0,$0,$0,$0,$0,$0,$0,$0,$0,$0,$0,$0,$0,$0,0,$0.00,$0.00,$0,$0,$0,$0,$0,$0,$0,$0,$0,$0,$0,$0,$0,$0,$0,$0,$0,$0,$0,$0,$0,$0,$0,$0,$0,$0,$0,$0,$0,$0,$0,$0,$0,$0,$0,$0,$0,$0,$0,$0,$0,$0,$0,$0,$0,$0,$0,$0,$0
40,2009-07-31,9.52,$6.40,1.49,$5.47,1.74,$-4.07,0.0,0,0.0,$0.50B,$0.23B,2.2,$0.14B,$0.51B,0.27,$0.42B,$0.13B,30.86%,$0.42B,$-0.12B,-29.43%,$0.42B,$-0.12B,-29.43%,$0.42B,$-0.02B,-5.02%,$0.42B,$-0.13B,-30.38%,$0.42B,$-0.12B,-27.75%,$-0.12B,$0.51B,-28.71%,$-0.12B,$0.25B,-54.14%,$-0.12B,$0.89B,-17.56%,$-0.12B,$0.65B,-25.98%,$95,$77,$18,$14,$52,$148,$-53,$-4,$-57,$2,$-58,$-58,$-56,$-1,$-53,$77,77,$-0.73,$-0.73,$175,$64,$142,$498,$28,$0,$258,$16,$388,$886,$226,$138,$12,$150,$376,$1,$-98,$3,$510,$886,$-117,$77,$10,$87,$55,$23,$-100,$-92,$-113,$-147,$-8,$0,$0,$0,$0,$0,$-1,$-8,$94,$-70,$24,$26,$26,$0,$-5,$46,$-105,$16,$0
41,2009-04-30,9.08,$7.04,1.29,$9.87,0.92,$1.30,6.97,0,0.0,$0.52B,$0.21B,2.43,$0.07B,$0.55B,0.13,$0.76B,$0.29B,37.65%,$0.76B,$-0.01B,-1.32%,$0.76B,$-0.01B,-1.32%,$0.76B,$0.14B,18.63%,$0.76B,$-0.01B,-1.32%,$0.76B,$-0.01B,-1.06%,$-0.01B,$0.55B,-1.81%,$-0.01B,$0.30B,-3.20%,$-0.01B,$0.86B,-1.12%,$-0.01B,$0.62B,-2.09%,$174,$110,$64,$15,$59,$189,$-14,$-2,$-16,$-5,$-10,$-10,$-10,$11,$-14,$77,77,$-0.13,$-0.13,$180,$74,$149,$518,$29,$0,$252,$11,$337,$855,$213,$70,$18,$88,$301,$1,$-42,$-19,$554,$855,$-60,$56,$8,$64,$73,$14,$-99,$-81,$-93,$-93,$-6,$0,$-1,$0,$0,$0,$0,$-6,$0,$0,$0,$0,$0,$0,$0,$0,$-101,$12,$0
42,2009-01-31,7.02,$7.01,1.0,$14.71,0.48,$2.34,3.0,0,0.0,$0.55B,$0.24B,2.23,$0.07B,$0.55B,0.13,$1.12B,$0.44B,39.45%,$1.12B,$0.11B,9.62%,$1.12B,$0.11B,9.62%,$1.12B,$0.26B,23.06%,$1.12B,$0.11B,9.62%,$1.12B,$0.10B,8.90%,$0.10B,$0.55B,22.06%,$0.10B,$0.30B,38.91%,$0.10B,$0.90B,12.94%,$0.11B,$0.62B,22.75%,$149,$103,$47,$21,$77,$206,$-56,$2,$-54,$0,$-54,$-54,$-50,$-31,$-56,$76,76,$-0.66,$-0.66,$218,$76,$117,$545,$29,$0,$250,$10,$356,$901,$244,$70,$34,$104,$348,$1,$-32,$-27,$552,$901,$-50,$25,$3,$28,$79,$14,$-79,$-44,$-30,$-57,$-2,$0,$0,$0,$0,$0,$0,$-2,$0,$0,$0,$0,$0,$0,$0,$0,$-62,$6,$0
43,2008-10-31,11.86,$0.00,0.0,$16.03,0.74,$2.56,4.63,0,0.0,$0.00B,$0.00B,0.0,$0.00B,$0.00B,0.0,$1.21B,$0.45B,37.07%,$1.21B,$0.13B,10.63%,$1.21B,$0.13B,10.63%,$1.21B,$0.32B,26.19%,$1.21B,$0.13B,10.63%,$1.21B,$0.11B,9.23%,$0.11B,$0.00B,26.00%,$0.11B,$0.00B,48.43%,$0.11B,$0.00B,15.12%,$0.13B,$0.00B,29.07%,$0,$0,$0,$0,$0,$0,$0,$0,$0,$0,$0,$0,$0,$0,$0,$0,0,$0.00,$0.00,$0,$0,$0,$0,$0,$0,$0,$0,$0,$0,$0,$0,$0,$0,$0,$0,$0,$0,$0,$0,$0,$0,$0,$0,$0,$0,$0,$0,$0,$0,$0,$0,$0,$0,$0,$0,$0,$0,$0,$0,$0,$0,$0,$0,$0,$0,$0,$0,$0
44,2008-07-31,22.8,$8.58,2.66,$16.03,1.42,$2.56,8.91,0,0.0,$0.72B,$0.39B,1.82,$0.00B,$0.67B,0.0,$1.21B,$0.45B,37.07%,$1.21B,$0.13B,10.63%,$1.21B,$0.13B,10.63%,$1.21B,$0.32B,26.19%,$1.21B,$0.13B,10.63%,$1.21B,$0.11B,9.23%,$0.11B,$0.67B,26.00%,$0.11B,$0.40B,48.43%,$0.11B,$1.09B,15.12%,$0.13B,$0.67B,29.07%,$434,$260,$174,$17,$89,$373,$60,$-1,$60,$8,$52,$52,$52,$161,$60,$76,77,$0.68,$0.67,$339,$72,$128,$715,$38,$0,$268,$13,$377,$1093,$392,$0,$35,$35,$427,$1,$33,$37,$666,$1093,$112,$126,$32,$159,$-1,$28,$80,$-110,$-3,$268,$-9,$0,$-4,$0,$0,$0,$0,$-13,$0,$-18,$-18,$25,$25,$0,$-1,$6,$261,$31,$0
45,2008-04-30,26.24,$7.72,3.4,$13.26,1.98,$-2.04,0.0,0,0.0,$0.72B,$0.43B,1.69,$0.02B,$0.60B,0.03,$0.99B,$0.31B,31.85%,$0.99B,$0.01B,1.22%,$0.99B,$0.01B,1.22%,$0.99B,$0.15B,14.71%,$0.99B,$0.01B,1.32%,$0.99B,$0.00B,0.10%,$0.00B,$0.60B,0.26%,$0.00B,$0.33B,0.53%,$0.00B,$1.10B,0.15%,$0.01B,$0.61B,3.05%,$540,$318,$222,$15,$94,$436,$104,$-2,$102,$4,$98,$98,$98,$129,$104,$75,76,$1.31,$1.29,$73,$92,$137,$723,$40,$0,$267,$18,$374,$1097,$427,$16,$34,$75,$502,$1,$-19,$34,$595,$1097,$60,$79,$18,$97,$-258,$8,$134,$-55,$-171,$-14,$-5,$0,$-4,$0,$0,$0,$0,$-9,$0,$-2,$-2,$20,$20,$0,$-1,$18,$-5,$19,$0
46,2008-01-31,16.44,$6.07,2.71,$9.01,1.82,$-2.18,0.0,0,0.0,$0.42B,$0.22B,1.92,$0.04B,$0.46B,0.08,$0.65B,$0.14B,21.20%,$0.65B,$-0.14B,-21.97%,$0.65B,$-0.14B,-21.97%,$0.65B,$0.03B,4.30%,$0.65B,$-0.14B,-21.35%,$0.65B,$-0.15B,-22.73%,$-0.15B,$0.46B,-41.93%,$-0.15B,$0.20B,-84.94%,$-0.15B,$0.77B,-25.66%,$-0.14B,$0.50B,-39.20%,$240,$186,$54,$16,$67,$275,$-35,$1,$-33,$5,$-38,$-38,$-38,$28,$-35,$73,73,$-0.52,$-0.52,$54,$82,$157,$416,$42,$0,$263,$18,$357,$773,$216,$36,$34,$95,$311,$1,$-117,$29,$462,$773,$-38,$25,$5,$30,$42,$17,$-74,$-16,$-31,$-39,$-1,$-0,$0,$0,$0,$0,$0,$-2,$0,$18,$18,$1,$1,$0,$-1,$18,$-23,$6,$0
47,2007-10-31,18.78,$0.00,0.0,$9.61,1.95,$-1.56,0.0,0,0.0,$0.00B,$0.00B,0.0,$0.00B,$0.00B,0.0,$0.69B,$0.16B,22.82%,$0.69B,$-0.13B,-18.75%,$0.69B,$-0.13B,-18.75%,$0.69B,$0.01B,0.73%,$0.69B,$-0.13B,-18.31%,$0.69B,$-0.13B,-19.19%,$-0.13B,$0.00B,-35.56%,$-0.13B,$0.00B,-65.67%,$-0.13B,$0.00B,-22.69%,$-0.13B,$0.00B,-34.49%,$0,$0,$0,$0,$0,$0,$0,$0,$0,$0,$0,$0,$0,$0,$0,$0,0,$0.00,$0.00,$0,$0,$0,$0,$0,$0,$0,$0,$0,$0,$0,$0,$0,$0,$0,$0,$0,$0,$0,$0,$0,$0,$0,$0,$0,$0,$0,$0,$0,$0,$0,$0,$0,$0,$0,$0,$0,$0,$0,$0,$0,$0,$0,$0,$0,$0,$0,$0,$0
48,2007-07-31,17.63,$6.12,2.88,$9.61,1.83,$-1.56,0.0,0,0.0,$0.44B,$0.24B,1.81,$0.01B,$0.45B,0.02,$0.69B,$0.16B,22.82%,$0.69B,$-0.13B,-18.75%,$0.69B,$-0.13B,-18.75%,$0.69B,$0.01B,0.73%,$0.69B,$-0.13B,-18.31%,$0.69B,$-0.13B,-19.19%,$-0.13B,$0.45B,-35.56%,$-0.13B,$0.23B,-65.67%,$-0.13B,$0.76B,-22.69%,$-0.13B,$0.46B,-34.49%,$206,$168,$38,$11,$70,$264,$-57,$1,$-56,$2,$-59,$-59,$-59,$-12,$-57,$72,72,$-0.81,$-0.81,$62,$76,$127,$436,$46,$0,$227,$17,$322,$758,$240,$11,$4,$65,$306,$1,$-71,$17,$453,$758,$-131,$107,$12,$119,$48,$20,$-28,$-101,$-60,$-73,$-17,$0,$-1,$0,$0,$0,$0,$-18,$0,$11,$11,$6,$6,$0,$-2,$15,$-71,$13,$0
49,2007-04-30,19.17,$6.81,2.81,$10.14,1.89,$0.61,31.52,0,0.0,$0.45B,$0.25B,1.83,$0.00B,$0.50B,0.0,$0.72B,$0.18B,24.34%,$0.72B,$-0.11B,-15.21%,$0.72B,$-0.11B,-15.21%,$0.72B,$0.10B,13.97%,$0.72B,$-0.12B,-16.04%,$0.72B,$-0.16B,-22.68%,$-0.16B,$0.50B,-41.34%,$-0.16B,$0.27B,-72.97%,$-0.16B,$0.78B,-27.06%,$-0.11B,$0.50B,-27.73%,$205,$160,$46,$12,$69,$256,$-51,$1,$-50,$2,$-51,$-51,$-51,$12,$-51,$72,72,$-0.71,$-0.71,$109,$80,$118,$451,$49,$0,$226,$12,$324,$776,$247,$0,$6,$31,$278,$1,$-12,$14,$497,$776,$-73,$62,$9,$71,$76,$15,$0,$-61,$-12,$-14,$-13,$0,$-1,$0,$0,$0,$0,$-14,$0,$0,$0,$1,$1,$0,$0,$1,$-24,$10,$0
50,2007-01-31,17.38,$7.35,2.36,$11.01,1.58,$1.40,12.38,0,0.0,$0.46B,$0.20B,2.28,$0.00B,$0.54B,0.0,$0.78B,$0.15B,18.90%,$0.78B,$-0.13B,-16.60%,$0.78B,$-0.13B,-16.60%,$0.78B,$0.05B,5.75%,$0.78B,$-0.14B,-18.26%,$0.78B,$-0.16B,-20.82%,$-0.16B,$0.54B,-37.51%,$-0.16B,$0.31B,-63.30%,$-0.16B,$0.79B,-25.53%,$-0.13B,$0.54B,-29.92%,$277,$204,$73,$14,$74,$299,$-21,$1,$-20,$1,$-22,$-22,$-22,$5,$-21,$71,71,$-0.30,$-0.30,$138,$82,$98,$460,$50,$0,$230,$15,$333,$793,$202,$0,$6,$56,$258,$1,$39,$8,$535,$793,$-22,$26,$3,$30,$64,$13,$-60,$-13,$4,$12,$-8,$0,$0,$0,$0,$0,$0,$-8,$0,$0,$0,$-0,$-0,$0,$0,$-0,$6,$4,$0
51,2006-10-31,13.99,$0.00,0.0,$10.87,1.29,$1.81,7.74,0,0.0,$0.00B,$0.00B,0.0,$0.00B,$0.00B,0.0,$0.77B,$0.13B,16.99%,$0.77B,$-0.16B,-20.49%,$0.77B,$-0.16B,-20.49%,$0.77B,$0.03B,3.50%,$0.77B,$-0.17B,-22.31%,$0.77B,$-0.17B,-22.05%,$-0.17B,$0.00B,-35.98%,$-0.17B,$0.00B,-58.82%,$-0.17B,$0.00B,-25.86%,$-0.16B,$0.00B,-33.44%,$0,$0,$0,$0,$0,$0,$0,$0,$0,$0,$0,$0,$0,$0,$0,$0,0,$0.00,$0.00,$0,$0,$0,$0,$0,$0,$0,$0,$0,$0,$0,$0,$0,$0,$0,$0,$0,$0,$0,$0,$0,$0,$0,$0,$0,$0,$0,$0,$0,$0,$0,$0,$0,$0,$0,$0,$0,$0,$0,$0,$0,$0,$0,$0,$0,$0,$0,$0,$0
