,Date,Stock Price,Book Value per Share,Price to Book Ratio,TTM Sales per Share,Price to Sales Ratio,TTM FCF per Share,Price to FCF Ratio,TTM Net EPS,PE Ratio,Current Assets,Current Liabilities,Current Ratio,Long Term Debt,Shareholder's Equity_x,Debt to Equity Ratio,TTM Revenue_x,TTM Gross Profit,Gross Margin,TTM Revenue_y,TTM Operating Income,Operating Margin,TTM Revenue_x,TTM EBIT,EBIT Margin,TTM Revenue_y,TTM EBITDA,EBITDA Margin,TTM Revenue_x,TTM Pre-Tax Income,Pre-Tax Margin,TTM Revenue_y,TTM Net Income_x,Net Margin,TTM Net Income_y,Shareholder's Equity_y,Return on Equity,TTM Net Income_x,Tangible Equity,Return on Tangible Equity,TTM Net Income_y,Total Assets,Return on Assets,TTM Net Income,LT Investments & Debt,Return on Investment,revenue,cost-goods-sold,gross-profit,research-development-expenses,selling-general-administrative-expenses,operating-expenses,operating-income,total-non-operating-income-expense,pre-tax-income,total-provision-income-taxes,income-after-taxes,income-from-continuous-operations,net-income,ebitda,ebit,basic-shares-outstanding,shares-outstanding,eps-basic-net-earnings-per-share,eps-earnings-per-share-diluted,cash-on-hand,inventory,other-current-assets,total-current-assets,net-property-plant-equipment,long-term-investments,goodwill-intangible-assets-total,other-long-term-assets,total-long-term-assets,total-assets,total-current-liabilities,long-term-debt,other-non-current-liabilities,total-long-term-liabilities,total-liabilities,common-stock-net,retained-earnings-accumulated-deficit,comprehensive-income,total-share-holder-equity,total-liabilities-share-holders-equity,net-income-loss,total-depreciation-amortization-cash-flow,other-non-cash-items,total-non-cash-items,change-in-accounts-receivable,change-in-inventories,change-in-accounts-payable,change-in-assets-liabilities,total-change-in-assets-liabilities,cash-flow-from-operating-activities,net-change-in-property-plant-equipment,net-change-in-intangible-assets,net-acquisitions-divestitures,net-change-in-short-term-investments,net-change-in-long-term-investments,net-change-in-investments-total,investing-activities-other,cash-flow-from-investing-activities,net-long-term-debt,net-current-debt,debt-issuance-retirement-net-total,net-common-equity-issued-repurchased,net-total-equity-issued-repurchased,total-common-preferred-stock-dividends-paid,financial-activities-other,cash-flow-from-financial-activities,net-cash-flow,stock-based-compensation,common-stock-dividends-paid
0,2018-09-30,36.84,$12.80,2.88,$18.04,2.04,$3.22,11.44,$1.43,25.76,$2.95B,$3.56B,0.83,$10.02B,$7.66B,1.31,$10.74B,$5.88B,54.77%,$10.74B,$2.14B,19.96%,$10.74B,$2.14B,19.96%,$10.74B,$3.82B,35.60%,$10.74B,$1.64B,15.28%,$10.74B,$1.19B,11.07%,$1.19B,$7.66B,16.31%,$1.19B,$-4.28B,-25.99%,$1.19B,$24.79B,4.89%,$2.14B,$17.68B,12.39%,$2749,$1290,$1459,$0,$566,$2154,$595,$-150,$445,$103,$342,$342,$339,$1022,$595,$597,598,$0.57,$0.57,$347,$259,$601,$2949,$9135,$0,$11939,$763,$21838,$24787,$3559,$10024,$1266,$13571,$17130,$4109,$3186,$0,$7657,$24787,$961,$1287,$107,$1394,$19,$32,$0,$90,$113,$2380,$-1697,$-1,$-218,$0,$126,$126,$-7,$-1797,$120,$-42,$78,$-58,$-58,$-651,$-11,$-641,$-58,$67,$-651
1,2018-06-30,35.51,$12.68,2.8,$17.95,1.98,$2.93,12.11,$1.92,18.49,$3.05B,$3.57B,0.85,$10.18B,$7.56B,1.35,$10.67B,$5.88B,55.10%,$10.67B,$2.07B,19.37%,$10.67B,$2.07B,19.37%,$10.67B,$3.81B,35.74%,$10.67B,$1.60B,14.95%,$10.67B,$1.14B,10.71%,$1.14B,$7.56B,16.16%,$1.14B,$-4.38B,-23.94%,$1.14B,$24.83B,4.76%,$2.07B,$17.74B,12.14%,$2666,$1156,$1510,$0,$551,$2130,$536,$-116,$420,$112,$308,$308,$302,$961,$536,$596,596,$0.51,$0.51,$552,$256,$589,$3048,$9077,$0,$11932,$773,$21782,$24830,$3574,$10180,$1216,$13699,$17273,$4067,$3133,$0,$7557,$24830,$627,$859,$92,$952,$131,$39,$0,$8,$50,$1584,$-1130,$0,$-195,$0,$-9,$-9,$-5,$-1338,$308,$5,$314,$19,$19,$-432,$-12,$-111,$135,$41,$-432
2,2018-03-31,34.76,$12.74,2.73,$17.56,1.98,$2.54,13.71,$1.89,18.39,$2.87B,$3.20B,0.9,$10.40B,$7.58B,1.37,$10.43B,$5.73B,54.92%,$10.43B,$2.03B,19.45%,$10.43B,$2.03B,19.45%,$10.43B,$3.74B,35.81%,$10.43B,$1.57B,15.02%,$10.43B,$1.12B,10.77%,$1.12B,$7.58B,16.64%,$1.12B,$-4.54B,-23.12%,$1.12B,$24.75B,4.85%,$2.03B,$17.97B,12.34%,$2651,$1114,$1537,$0,$554,$2082,$569,$-123,$445,$119,$326,$326,$324,$1004,$569,$595,595,$0.55,$0.55,$349,$275,$599,$2867,$9085,$0,$12124,$678,$21886,$24753,$3198,$10395,$1265,$13975,$17173,$4135,$3056,$0,$7580,$24753,$326,$435,$38,$473,$161,$26,$0,$-43,$-139,$663,$-572,$0,$-161,$0,$-4,$-4,$0,$-737,$210,$-5,$206,$19,$19,$-221,$-4,$0,$-74,$14,$-221
3,2017-12-31,37.04,$10.71,3.46,$17.18,2.16,$2.27,16.28,$1.89,19.6,$2.23B,$4.00B,0.56,$9.45B,$6.37B,1.48,$10.19B,$5.61B,55.03%,$10.19B,$2.01B,19.73%,$10.19B,$2.01B,19.73%,$10.19B,$3.68B,36.17%,$10.19B,$1.57B,15.40%,$10.19B,$1.13B,11.06%,$1.13B,$6.37B,17.62%,$1.13B,$-5.10B,-23.17%,$1.13B,$22.79B,5.03%,$2.01B,$15.83B,12.72%,$2677,$1299,$1378,$0,$540,$2233,$444,$-113,$331,$105,$225,$225,$224,$837,$444,$593,593,$0.38,$0.38,$407,$292,$0,$2225,$8769,$0,$11475,$325,$20569,$22793,$4004,$9454,$1033,$12416,$16419,$4015,$2002,$0,$6374,$22793,$1141,$1673,$356,$2030,$-54,$-46,$0,$-106,$-110,$3045,$-2355,$0,$-435,$0,$-6,$-6,$-14,$-2810,$667,$0,$667,$-1,$-1,$-835,$-7,$-175,$59,$13,$-835
4,2017-09-30,34.81,$11.41,3.05,$16.82,2.07,$1.71,20.35,$1.62,21.49,$2.24B,$4.07B,0.55,$9.78B,$6.78B,1.44,$9.97B,$5.51B,55.27%,$9.97B,$1.74B,17.44%,$9.97B,$1.74B,17.44%,$9.97B,$3.41B,34.16%,$9.97B,$1.31B,13.14%,$9.97B,$0.96B,9.63%,$0.96B,$6.78B,15.25%,$0.96B,$-5.08B,-20.17%,$0.96B,$23.59B,4.38%,$1.74B,$16.56B,11.20%,$2677,$1222,$1455,$0,$510,$2159,$518,$-119,$399,$104,$295,$295,$293,$1012,$518,$594,594,$0.50,$0.50,$393,$284,$0,$2235,$8924,$0,$11862,$570,$21356,$23591,$4072,$9783,$1037,$12738,$16811,$4134,$2273,$0,$6780,$23591,$955,$1281,$250,$1530,$12,$-30,$0,$-163,$-129,$2368,$-1861,$0,$-447,$0,$-1,$-1,$-13,$-2321,$653,$0,$653,$0,$0,$-649,$-7,$-2,$45,$49,$-649
5,2017-06-30,33.05,$10.55,3.13,$16.49,2.0,$1.52,21.67,$1.58,20.91,$1.94B,$3.60B,0.54,$9.11B,$6.26B,1.46,$9.77B,$5.44B,55.65%,$9.77B,$1.69B,17.35%,$9.77B,$1.69B,17.35%,$9.77B,$3.25B,33.30%,$9.77B,$1.29B,13.16%,$9.77B,$0.93B,9.56%,$0.93B,$6.26B,15.08%,$0.93B,$-4.70B,-20.32%,$0.93B,$21.58B,4.38%,$1.69B,$15.36B,11.14%,$2424,$1066,$1358,$0,$480,$1927,$497,$-106,$391,$104,$287,$287,$282,$882,$497,$592,593,$0.48,$0.48,$277,$239,$0,$1943,$8108,$0,$10957,$570,$19634,$21577,$3599,$9108,$870,$11724,$15322,$3835,$2079,$0,$6255,$21577,$615,$787,$172,$959,$0,$0,$0,$-213,$-213,$1365,$-1148,$0,$-355,$0,$-7,$-7,$-9,$-1519,$521,$0,$521,$0,$0,$-405,$-7,$109,$-45,$29,$-405
6,2017-03-31,30.75,$10.42,2.95,$16.47,1.87,$1.41,21.74,$1.64,18.75,$2.27B,$3.59B,0.63,$9.29B,$6.16B,1.51,$9.76B,$5.46B,55.96%,$9.76B,$1.73B,17.75%,$9.76B,$1.73B,17.75%,$9.76B,$3.32B,33.98%,$9.76B,$1.33B,13.58%,$9.76B,$0.98B,9.99%,$0.98B,$6.16B,15.73%,$0.98B,$-4.56B,-21.33%,$0.98B,$21.58B,4.59%,$1.73B,$15.45B,11.52%,$2407,$992,$1414,$0,$471,$1856,$551,$-104,$447,$113,$333,$333,$327,$953,$551,$591,591,$0.55,$0.55,$608,$247,$0,$2265,$8037,$0,$10717,$561,$19315,$21581,$3591,$9287,$864,$11830,$15421,$3801,$2034,$0,$6160,$21581,$333,$402,$82,$484,$0,$0,$0,$-267,$-267,$536,$-599,$0,$-9,$0,$-2,$-2,$-11,$-621,$581,$0,$581,$0,$0,$-215,$-8,$359,$274,$12,$-215
7,2016-12-31,29.82,$10.16,2.94,$16.20,1.84,$1.42,21.0,$1.56,19.11,$1.87B,$3.74B,0.5,$8.76B,$5.99B,1.46,$9.61B,$5.36B,55.74%,$9.61B,$1.65B,17.15%,$9.61B,$1.65B,17.15%,$9.61B,$3.19B,33.24%,$9.61B,$1.26B,13.06%,$9.61B,$0.92B,9.61%,$0.92B,$5.99B,15.27%,$0.92B,$-4.69B,-20.30%,$0.92B,$20.94B,4.46%,$1.65B,$14.76B,11.38%,$2461,$1178,$1283,$0,$723,$2288,$173,$-100,$73,$10,$63,$63,$58,$558,$173,$592,593,$0.10,$0.10,$335,$240,$0,$1868,$7902,$0,$10687,$483,$19073,$20941,$3739,$8763,$854,$11209,$14948,$3798,$1868,$0,$5993,$20941,$933,$1546,$-17,$1529,$-34,$32,$0,$-147,$-54,$2431,$-2076,$-110,$-68,$0,$53,$53,$-7,$-2207,$667,$0,$667,$87,$87,$-808,$-11,$-66,$158,$-2,$-808
8,2016-09-30,30.55,$10.76,2.84,$16.07,1.9,$2.22,13.74,$1.79,17.06,$1.92B,$3.35B,0.57,$8.90B,$6.36B,1.4,$9.56B,$5.63B,58.86%,$9.56B,$2.23B,23.30%,$9.56B,$2.23B,23.30%,$9.56B,$3.82B,39.95%,$9.56B,$1.34B,14.00%,$9.56B,$1.06B,11.11%,$1.06B,$6.36B,17.53%,$1.06B,$-4.43B,-23.24%,$1.06B,$21.24B,5.15%,$2.23B,$15.26B,15.37%,$2474,$1094,$1380,$0,$522,$2001,$473,$-99,$374,$101,$272,$272,$267,$859,$473,$592,592,$0.45,$0.45,$323,$201,$0,$1915,$7899,$0,$10792,$637,$19327,$21243,$3351,$8901,$892,$11530,$14881,$3857,$2175,$0,$6362,$21243,$881,$1161,$97,$1259,$5,$75,$0,$-259,$-229,$1908,$-1512,$-111,$-12,$0,$48,$48,$-5,$-1592,$335,$0,$335,$116,$116,$-612,$-12,$-173,$143,$50,$-612
9,2016-06-30,29.49,$10.59,2.78,$15.90,1.86,$7.37,4.0,$1.80,16.38,$1.96B,$3.89B,0.5,$8.41B,$6.27B,1.34,$9.50B,$5.59B,58.88%,$9.50B,$2.21B,23.26%,$9.50B,$2.21B,23.26%,$9.50B,$3.56B,37.47%,$9.50B,$1.34B,14.11%,$9.50B,$1.07B,11.31%,$1.07B,$6.27B,18.24%,$1.07B,$-4.60B,-23.09%,$1.07B,$21.12B,5.29%,$2.21B,$14.68B,15.73%,$2418,$1033,$1385,$0,$487,$1883,$535,$-104,$431,$109,$323,$323,$323,$946,$535,$593,594,$0.54,$0.54,$341,$272,$32,$1962,$7793,$0,$10873,$489,$19155,$21117,$3892,$8407,$875,$10954,$14846,$3903,$2036,$0,$6271,$21117,$616,$775,$34,$809,$86,$7,$0,$-255,$-286,$1129,$-978,$-113,$0,$0,$14,$14,$-6,$-1083,$391,$2,$393,$133,$133,$-407,$-7,$113,$159,$29,$-407
10,2016-03-31,29.46,$9.41,3.13,$15.99,1.84,$7.74,3.81,$1.72,17.13,$1.89B,$3.90B,0.49,$7.65B,$5.58B,1.37,$9.60B,$5.36B,55.80%,$9.60B,$1.82B,18.90%,$9.60B,$1.82B,18.90%,$9.60B,$3.31B,34.42%,$9.60B,$1.42B,14.75%,$9.60B,$1.03B,10.70%,$1.03B,$5.58B,16.57%,$1.03B,$-4.48B,-20.49%,$1.03B,$19.48B,4.80%,$1.82B,$13.23B,12.18%,$2257,$948,$1309,$0,$487,$1790,$467,$-90,$377,$101,$276,$276,$276,$831,$467,$593,594,$0.47,$0.47,$354,$249,$54,$1891,$7144,$0,$10066,$375,$17586,$19477,$3899,$7645,$824,$9995,$13894,$3676,$1776,$0,$5583,$19477,$276,$365,$-13,$351,$49,$14,$0,$-176,$-219,$410,$-471,$0,$0,$0,$-9,$-9,$-1,$-481,$492,$0,$492,$-44,$-44,$-192,$0,$257,$186,$12,$-192
11,2015-12-31,24.78,$0.00,0.0,$16.31,1.52,$7.98,3.1,$1.81,13.69,$1.83B,$3.35B,0.55,$8.76B,$6.01B,1.46,$9.85B,$5.52B,56.02%,$9.85B,$1.96B,19.87%,$9.85B,$1.96B,19.87%,$9.85B,$3.45B,35.03%,$9.85B,$1.49B,15.15%,$9.85B,$1.10B,11.12%,$1.10B,$6.01B,17.24%,$1.10B,$-4.76B,-23.40%,$1.10B,$20.69B,5.06%,$1.96B,$14.77B,12.77%,$2410,$858,$1552,$0,$394,$1658,$752,$28,$156,$29,$127,$196,$196,$1183,$752,$598,599,$0.33,$0.33,$206,$282,$219,$1827,$24782,$0,$10771,$465,$36018,$20692,$3351,$8762,$878,$11329,$14680,$3957,$1903,$0,$6012,$20692,$1083,$1496,$0,$1496,$0,$0,$0,$0,$168,$2776,$-1935,$0,$-8,$0,$0,$38,$-1602,$-3508,$0,$0,$2142,$0,$-492,$-777,$-12,$860,$128,$0,$0
12,2015-09-30,27.95,$0.00,0.0,$16.34,1.71,$8.11,3.45,$1.88,14.87,$1.86B,$3.72B,0.5,$7.81B,$5.68B,1.38,$9.93B,$5.14B,51.83%,$9.93B,$1.37B,13.75%,$9.93B,$1.37B,13.75%,$9.93B,$2.83B,28.55%,$9.93B,$1.70B,17.16%,$9.93B,$1.15B,11.56%,$1.15B,$5.68B,17.53%,$1.15B,$-4.76B,-25.94%,$1.15B,$19.86B,5.27%,$1.37B,$13.49B,8.88%,$2413,$1067,$1346,$0,$531,$1958,$455,$-81,$376,$96,$279,$279,$279,$599,$455,$601,603,$0.46,$0.46,$139,$312,$297,$1855,$0,$19,$10438,$201,$10658,$19857,$3723,$7809,$1122,$10453,$14176,$3906,$1630,$0,$5681,$19857,$858,$1065,$0,$1065,$0,$0,$0,$0,$6,$2051,$1457,$0,$-8,$0,$0,$0,$-4398,$-2949,$0,$1,$1841,$0,$-308,$-567,$-7,$960,$62,$0,$0
13,2015-06-30,30.22,$0.00,0.0,$16.61,1.82,$3.44,8.77,$1.93,15.66,$2.35B,$4.34B,0.54,$10.60B,$7.53B,1.41,$10.14B,$5.20B,51.28%,$10.14B,$1.31B,12.93%,$10.14B,$1.31B,12.93%,$10.14B,$3.06B,30.18%,$10.14B,$1.77B,17.46%,$10.14B,$1.18B,11.63%,$1.18B,$7.53B,16.85%,$1.18B,$-6.07B,-29.42%,$1.18B,$25.70B,5.31%,$1.31B,$18.13B,8.20%,$2523,$1372,$1151,$0,$649,$2382,$141,$-203,$507,$166,$341,$277,$277,$692,$141,$605,606,$0.46,$0.46,$77,$365,$542,$2350,$0,$24,$13600,$269,$13893,$25698,$4336,$10598,$1218,$13828,$18164,$5118,$2240,$0,$7534,$25698,$756,$920,$0,$920,$0,$0,$0,$0,$-83,$1661,$-1287,$0,$-22,$0,$0,$-5,$-1989,$-3303,$0,$400,$2017,$0,$-262,$-487,$-9,$1659,$17,$0,$0
14,2015-03-31,28.88,$0.00,0.0,$16.81,1.72,$3.30,8.74,$2.04,14.16,$3.06B,$3.08B,0.99,$8.72B,$6.21B,1.41,$10.31B,$5.58B,54.12%,$10.31B,$1.75B,16.94%,$10.31B,$1.75B,16.94%,$10.31B,$3.36B,32.55%,$10.31B,$1.73B,16.82%,$10.31B,$1.25B,12.12%,$1.25B,$6.21B,17.90%,$1.25B,$-3.15B,-38.46%,$1.25B,$20.43B,5.93%,$1.75B,$14.93B,11.53%,$2508,$1038,$1471,$0,$492,$1898,$610,$-95,$454,$119,$335,$344,$344,$978,$610,$608,608,$0.56,$0.56,$1276,$255,$390,$3058,$0,$18,$9357,$496,$9871,$20430,$3076,$8723,$855,$11149,$14225,$4152,$1906,$0,$6205,$20430,$335,$368,$0,$368,$0,$0,$0,$0,$-44,$580,$-491,$0,$-6,$0,$0,$-3,$-248,$-748,$0,$0,$1726,$0,$-126,$-197,$-7,$1396,$1228,$0,$0
15,2014-12-31,31.02,$0.00,0.0,$16.95,1.83,$3.23,9.6,$2.03,15.28,$1.98B,$3.17B,0.63,$8.21B,$6.75B,1.22,$10.46B,$5.66B,54.09%,$10.46B,$1.74B,16.67%,$10.46B,$1.74B,16.67%,$10.46B,$3.41B,32.55%,$10.46B,$1.75B,16.68%,$10.46B,$1.25B,11.97%,$1.25B,$6.75B,17.18%,$1.25B,$-3.72B,-42.54%,$1.25B,$21.04B,5.98%,$1.74B,$14.96B,11.64%,$2481,$1304,$1176,$0,$605,$2321,$159,$-101,$366,$93,$273,$247,$247,$565,$159,$611,613,$0.40,$0.40,$79,$290,$180,$1981,$0,$19,$10469,$302,$10790,$21037,$3170,$8205,$1153,$11112,$14283,$4689,$1903,$0,$6754,$21037,$1291,$1662,$0,$1662,$0,$0,$0,$0,$-58,$3087,$-2150,$0,$-42,$0,$0,$0,$-1132,$-3324,$0,$-272,$1652,$0,$-1382,$0,$-12,$-14,$-250,$0,$0
16,2014-09-30,29.14,$0.00,0.0,$17.18,1.7,$3.58,8.13,$2.05,14.21,$2.10B,$3.03B,0.69,$8.44B,$7.49B,1.13,$10.66B,$5.87B,55.09%,$10.66B,$1.88B,17.66%,$10.66B,$1.88B,17.66%,$10.66B,$3.60B,33.75%,$10.66B,$1.74B,16.31%,$10.66B,$1.27B,11.90%,$1.27B,$7.49B,16.82%,$1.27B,$-3.10B,-49.54%,$1.27B,$21.61B,6.07%,$1.88B,$15.93B,12.55%,$2628,$1226,$1402,$0,$579,$2227,$401,$-114,$443,$117,$326,$311,$311,$825,$401,$613,615,$0.51,$0.51,$218,$281,$238,$2098,$0,$17,$10584,$773,$11374,$21605,$3031,$8440,$757,$11087,$14118,$4777,$2553,$0,$7487,$21605,$1023,$1256,$0,$1256,$0,$0,$0,$0,$-63,$2289,$-1580,$0,$-34,$0,$0,$-42,$-1060,$-2717,$0,$-276,$1699,$0,$-460,$-625,$-12,$326,$-101,$0,$0
17,2014-06-30,31.44,$0.00,0.0,$17.24,1.82,$3.99,7.88,$2.08,15.11,$1.92B,$3.76B,0.51,$7.32B,$7.48B,0.98,$10.79B,$6.04B,55.96%,$10.79B,$2.06B,19.08%,$10.79B,$2.06B,19.08%,$10.79B,$3.76B,34.89%,$10.79B,$1.76B,16.31%,$10.79B,$1.30B,12.04%,$1.30B,$7.48B,17.50%,$1.30B,$-3.04B,-53.16%,$1.30B,$21.18B,6.35%,$2.06B,$14.81B,14.31%,$2694,$1163,$1531,$0,$547,$2117,$577,$-105,$471,$122,$349,$348,$348,$988,$577,$617,617,$0.57,$0.57,$63,$263,$286,$1915,$0,$12,$10519,$782,$11313,$21180,$3757,$7324,$759,$9941,$13698,$4790,$2536,$0,$7482,$21180,$695,$832,$0,$832,$0,$0,$0,$0,$-231,$1332,$-1038,$0,$-22,$0,$0,$-37,$-1053,$-2149,$0,$-270,$1554,$0,$-308,$-409,$-6,$561,$-256,$0,$0
18,2014-03-31,30.07,$0.00,0.0,$17.02,1.77,$4.15,7.24,$1.93,15.58,$1.91B,$3.10B,0.62,$6.80B,$7.42B,0.92,$10.81B,$6.03B,55.75%,$10.81B,$1.99B,18.41%,$10.81B,$1.99B,18.41%,$10.81B,$3.71B,34.36%,$10.81B,$1.70B,15.72%,$10.81B,$1.23B,11.34%,$1.23B,$7.42B,16.62%,$1.23B,$-1.92B,-53.76%,$1.23B,$19.88B,6.06%,$1.99B,$14.22B,14.07%,$2658,$1109,$1549,$0,$522,$2051,$607,$-93,$465,$123,$342,$346,$346,$1027,$607,$622,624,$0.56,$0.55,$62,$272,$244,$1910,$0,$11,$9346,$900,$10257,$19879,$3103,$6802,$762,$9355,$12457,$4782,$2476,$0,$7421,$19879,$342,$420,$0,$420,$0,$0,$0,$0,$-225,$543,$-497,$0,$-13,$0,$0,$-34,$-207,$-751,$0,$-272,$568,$0,$-144,$-202,$0,$-50,$-258,$0,$0
19,2013-12-31,28.54,$0.00,0.0,$16.94,1.68,$4.42,6.45,$1.93,14.79,$2.26B,$3.21B,0.71,$7.28B,$7.79B,0.94,$10.90B,$6.08B,55.76%,$10.90B,$1.97B,18.08%,$10.90B,$1.97B,18.08%,$10.90B,$3.72B,34.16%,$10.90B,$1.72B,15.76%,$10.90B,$1.24B,11.38%,$1.24B,$7.79B,16.52%,$1.24B,$-2.19B,-54.57%,$1.24B,$20.95B,6.10%,$1.97B,$15.06B,14.08%,$2680,$1289,$1391,$0,$653,$2382,$298,$-52,$360,$85,$275,$264,$264,$758,$298,$623,626,$0.43,$0.42,$332,$317,$163,$2262,$0,$11,$9974,$515,$10500,$20949,$3205,$7279,$843,$9959,$13163,$5145,$2466,$0,$7786,$20949,$1257,$1751,$0,$1751,$0,$0,$0,$0,$182,$3153,$-1977,$0,$-22,$0,$0,$-254,$-68,$-2321,$0,$-2,$1219,$0,$-971,$-828,$-28,$-610,$222,$0,$0
20,2013-09-30,27.18,$0.00,0.0,$17.02,1.6,$4.49,6.05,$1.96,13.9,$1.94B,$3.31B,0.59,$6.45B,$6.99B,0.92,$11.06B,$6.19B,55.97%,$11.06B,$2.12B,19.14%,$11.06B,$2.12B,19.14%,$11.06B,$3.88B,35.10%,$11.06B,$1.74B,15.76%,$11.06B,$1.27B,11.45%,$1.27B,$6.99B,16.94%,$1.27B,$-2.63B,-55.70%,$1.27B,$19.82B,6.27%,$2.12B,$13.44B,15.60%,$2756,$1191,$1566,$0,$561,$2180,$576,$-105,$463,$120,$343,$341,$341,$991,$576,$636,636,$0.54,$0.54,$43,$306,$232,$1942,$0,$11,$9619,$207,$9837,$19821,$3306,$6448,$1513,$9520,$12826,$5113,$1707,$0,$6994,$19821,$966,$1292,$0,$1292,$0,$0,$0,$0,$284,$2426,$-1434,$0,$7,$0,$0,$-45,$-69,$-1542,$0,$7,$635,$0,$-963,$-615,$-20,$-956,$-72,$0,$0
21,2013-06-30,23.71,$0.00,0.0,$16.92,1.4,$4.54,5.22,$1.95,12.16,$2.34B,$3.34B,0.7,$6.55B,$7.30B,0.9,$11.08B,$6.17B,55.71%,$11.08B,$2.09B,18.85%,$11.08B,$2.09B,18.85%,$11.08B,$3.92B,35.33%,$11.08B,$1.75B,15.83%,$11.08B,$1.28B,11.52%,$1.28B,$7.30B,16.47%,$1.28B,$-2.38B,-61.87%,$1.28B,$20.30B,6.28%,$2.09B,$13.85B,15.42%,$2716,$1195,$1521,$0,$577,$2207,$509,$-129,$411,$131,$280,$275,$275,$938,$509,$652,656,$0.42,$0.42,$266,$315,$316,$2342,$0,$11,$9688,$180,$9879,$20299,$3341,$6548,$1689,$9654,$12995,$5326,$1799,$0,$7304,$20299,$633,$877,$0,$877,$0,$0,$0,$0,$166,$1404,$-984,$0,$0,$0,$0,$-38,$-4,$-1026,$0,$-1,$445,$0,$-233,$-408,$-20,$-216,$161,$0,$0
22,2013-03-31,27.8,$0.00,0.0,$16.80,1.65,$4.78,5.82,$2.03,13.73,$2.12B,$3.64B,0.58,$5.67B,$7.94B,0.72,$11.01B,$6.15B,55.89%,$11.01B,$2.12B,19.24%,$11.01B,$2.12B,19.24%,$11.01B,$3.96B,36.00%,$11.01B,$1.80B,16.32%,$11.01B,$1.33B,12.06%,$1.33B,$7.94B,16.89%,$1.33B,$-1.89B,-67.69%,$1.33B,$20.28B,6.56%,$2.12B,$13.61B,15.91%,$2744,$1145,$1598,$0,$564,$2157,$587,$-82,$483,$124,$359,$360,$360,$1035,$587,$653,656,$0.56,$0.55,$22,$299,$297,$2116,$0,$67,$9828,$132,$10027,$20282,$3635,$5671,$1684,$8711,$12346,$5533,$2209,$0,$7936,$20282,$359,$448,$0,$448,$0,$0,$0,$0,$228,$724,$-498,$0,$0,$0,$0,$-30,$-4,$-532,$0,$3,$-70,$0,$0,$-206,$-2,$-276,$-84,$0,$0
23,2012-12-31,25.97,$0.00,0.0,$16.68,1.56,$4.93,5.27,$2.02,12.89,$2.21B,$3.52B,0.63,$5.71B,$7.69B,0.74,$10.90B,$6.08B,55.78%,$10.90B,$2.08B,19.11%,$10.90B,$2.08B,19.11%,$10.90B,$3.95B,36.23%,$10.90B,$1.78B,16.29%,$10.90B,$1.32B,12.08%,$1.32B,$7.69B,16.93%,$1.32B,$-2.20B,-64.93%,$1.32B,$20.46B,6.54%,$2.08B,$13.41B,15.81%,$2847,$1340,$1507,$0,$579,$2401,$446,$-58,$387,$93,$294,$291,$291,$919,$446,$652,652,$0.45,$0.45,$116,$350,$178,$2211,$0,$69,$9889,$118,$10076,$20457,$3522,$5714,$1905,$9244,$12767,$5582,$1905,$0,$7691,$20457,$1319,$1866,$0,$1866,$0,$0,$0,$0,$52,$3221,$-1951,$0,$0,$0,$0,$-53,$-55,$-2059,$0,$-2,$-321,$0,$1,$-774,$-4,$-1101,$61,$0,$0
24,2012-09-30,24.68,$0.00,0.0,$16.45,1.5,$4.08,6.05,$1.95,12.66,$2.08B,$4.04B,0.52,$5.24B,$8.08B,0.65,$10.76B,$5.99B,55.64%,$10.76B,$2.09B,19.41%,$10.76B,$2.09B,19.41%,$10.76B,$3.96B,36.75%,$10.76B,$1.68B,15.65%,$10.76B,$1.27B,11.83%,$1.27B,$8.08B,16.41%,$1.27B,$-1.78B,-61.77%,$1.27B,$20.28B,6.35%,$2.09B,$13.32B,15.92%,$2774,$1227,$1547,$0,$536,$2227,$547,$-67,$473,$121,$353,$351,$351,$1023,$547,$652,656,$0.54,$0.54,$45,$281,$253,$2081,$0,$32,$9865,$154,$10051,$20278,$4040,$5236,$1292,$8155,$12195,$5599,$2313,$0,$8083,$20278,$1032,$1393,$0,$1393,$0,$0,$0,$0,$237,$2527,$-1470,$0,$0,$0,$0,$-48,$-33,$-1551,$0,$-1,$-399,$0,$0,$-578,$0,$-977,$-1,$0,$0
25,2012-06-30,22.86,$0.00,0.0,$16.32,1.4,$3.19,7.17,$1.93,11.88,$2.03B,$4.21B,0.48,$5.16B,$7.72B,0.67,$10.67B,$5.92B,55.46%,$10.67B,$2.08B,19.49%,$10.67B,$2.08B,19.49%,$10.67B,$3.91B,36.68%,$10.67B,$1.65B,15.50%,$10.67B,$1.26B,11.76%,$1.26B,$7.72B,16.19%,$1.26B,$-1.97B,-59.40%,$1.26B,$19.88B,6.24%,$2.08B,$12.89B,15.73%,$2640,$1141,$1499,$0,$510,$2103,$537,$-63,$453,$128,$325,$325,$325,$985,$537,$652,656,$0.50,$0.50,$71,$287,$468,$2028,$0,$21,$9693,$128,$9842,$19884,$4211,$5162,$1364,$7951,$12162,$2198,$2038,$0,$7723,$19884,$670,$917,$0,$917,$0,$0,$0,$0,$216,$1536,$-961,$0,$0,$0,$0,$-60,$-23,$-1044,$0,$-4,$-89,$0,$0,$-373,$0,$-467,$26,$0,$0
26,2012-03-31,21.98,$0.00,0.0,$16.31,1.35,$2.41,9.13,$1.94,11.36,$1.99B,$4.28B,0.47,$5.50B,$7.62B,0.72,$10.65B,$5.86B,55.08%,$10.65B,$2.05B,19.21%,$10.65B,$2.05B,19.21%,$10.65B,$3.90B,36.59%,$10.65B,$1.63B,15.30%,$10.65B,$1.26B,11.83%,$1.26B,$7.62B,15.93%,$1.26B,$-2.16B,-60.90%,$1.26B,$19.90B,6.20%,$2.05B,$13.11B,15.14%,$2643,$1114,$1529,$0,$505,$2088,$554,$-75,$463,$116,$347,$350,$350,$1024,$554,$650,650,$0.54,$0.54,$80,$270,$228,$1990,$0,$35,$9778,$127,$9940,$19901,$4277,$5499,$1160,$8009,$12286,$2215,$1894,$0,$7615,$19901,$347,$469,$0,$469,$0,$0,$0,$0,$357,$762,$-440,$0,$-32,$0,$0,$0,$-41,$-513,$0,$3,$-42,$0,$0,$-188,$0,$-227,$22,$0,$0
27,2011-12-31,20.5,$0.00,0.0,$15.97,1.28,$1.89,10.85,$1.88,10.93,$2.08B,$3.89B,0.53,$5.57B,$7.60B,0.73,$10.43B,$5.65B,54.14%,$10.43B,$1.90B,18.20%,$10.43B,$1.90B,18.20%,$10.43B,$3.73B,35.77%,$10.43B,$1.61B,15.44%,$10.43B,$1.22B,11.73%,$1.22B,$7.60B,15.17%,$1.22B,$-2.33B,-62.27%,$1.22B,$20.17B,5.98%,$1.90B,$13.18B,14.03%,$2704,$1292,$1412,$0,$490,$2253,$451,$-12,$295,$66,$229,$247,$247,$923,$451,$650,654,$0.38,$0.38,$47,$357,$227,$2076,$0,$21,$9932,$82,$10035,$20170,$3891,$5574,$1483,$8676,$12567,$5623,$1801,$0,$7603,$20170,$1230,$1832,$0,$1832,$0,$0,$0,$0,$-258,$2581,$-1865,$0,$0,$0,$0,$0,$-127,$-1992,$0,$4,$123,$0,$24,$-650,$-62,$-560,$29,$0,$0
28,2011-09-30,17.51,$0.00,0.0,$15.81,1.11,$2.06,8.52,$1.85,9.46,$2.22B,$3.91B,0.57,$5.63B,$8.06B,0.7,$10.29B,$5.86B,56.98%,$10.29B,$1.92B,18.70%,$10.29B,$1.92B,18.70%,$10.29B,$3.73B,36.21%,$10.29B,$1.60B,15.58%,$10.29B,$1.20B,11.71%,$1.20B,$8.06B,14.77%,$1.20B,$-1.99B,-80.04%,$1.20B,$20.44B,5.97%,$1.92B,$13.69B,14.23%,$2682,$1205,$1477,$0,$487,$2145,$537,$-94,$443,$109,$333,$333,$333,$981,$537,$650,654,$0.52,$0.51,$79,$372,$205,$2215,$0,$23,$10047,$85,$10154,$20439,$3905,$5632,$1009,$8475,$12380,$5672,$2179,$0,$8058,$20439,$1000,$1359,$0,$1359,$0,$0,$0,$0,$-439,$1839,$-1366,$0,$-81,$0,$0,$0,$4,$-1442,$0,$40,$120,$0,$19,$-474,$-62,$-357,$40,$0,$0
29,2011-06-30,19.7,$0.00,0.0,$15.52,1.27,$2.37,8.3,$1.73,11.42,$2.20B,$4.11B,0.54,$5.69B,$8.36B,0.68,$10.05B,$6.02B,59.92%,$10.05B,$1.97B,19.59%,$10.05B,$1.97B,19.59%,$10.05B,$3.73B,37.15%,$10.05B,$1.46B,14.57%,$10.05B,$1.12B,11.12%,$1.12B,$8.36B,13.82%,$1.12B,$-1.80B,-97.38%,$1.12B,$20.83B,5.66%,$1.97B,$14.04B,14.76%,$2618,$1172,$1446,$0,$486,$2115,$503,$-97,$428,$93,$335,$330,$330,$968,$503,$648,652,$0.51,$0.51,$30,$331,$255,$2204,$0,$22,$10151,$353,$10526,$20827,$4114,$5687,$777,$8357,$12471,$5728,$2734,$0,$8356,$20827,$674,$916,$0,$916,$0,$0,$0,$0,$-488,$957,$-894,$0,$-52,$0,$0,$0,$-23,$-968,$0,$4,$349,$0,$20,$-295,$-63,$16,$4,$0,$0
30,2011-03-31,17.97,$0.00,0.0,$15.15,1.19,$2.63,6.83,$1.67,10.76,$1.96B,$4.58B,0.43,$4.98B,$8.23B,0.61,$9.76B,$6.12B,62.73%,$9.76B,$1.98B,20.30%,$9.76B,$1.98B,20.30%,$9.76B,$3.68B,37.73%,$9.76B,$1.42B,14.53%,$9.76B,$1.08B,11.01%,$1.08B,$8.23B,13.58%,$1.08B,$-1.74B,-121.57%,$1.08B,$20.34B,5.58%,$1.98B,$13.21B,15.36%,$2425,$1114,$1311,$0,$453,$2017,$407,$-105,$444,$112,$333,$313,$313,$858,$407,$648,652,$0.49,$0.48,$32,$343,$211,$1958,$0,$21,$9978,$456,$10455,$20338,$4584,$4980,$769,$7519,$12103,$5610,$2532,$0,$8234,$20338,$333,$450,$0,$450,$0,$0,$0,$0,$-148,$399,$-415,$0,$-51,$0,$0,$0,$4,$-461,$0,$22,$150,$0,$17,$-117,$-4,$69,$6,$0,$0
31,2010-12-31,15.97,$0.00,0.0,$15.08,1.06,$2.82,5.67,$1.60,9.98,$1.35B,$3.83B,0.35,$5.16B,$7.96B,0.65,$9.67B,$6.39B,66.06%,$9.67B,$2.10B,21.68%,$9.67B,$2.10B,21.68%,$9.67B,$3.78B,39.12%,$9.67B,$1.33B,13.73%,$9.67B,$1.03B,10.60%,$1.03B,$7.96B,13.28%,$1.03B,$-0.49B,-152.13%,$1.03B,$19.03B,5.46%,$2.10B,$13.12B,16.23%,$2561,$935,$1627,$0,$713,$2085,$476,$-144,$288,$64,$225,$228,$228,$918,$476,$644,644,$0.36,$0.36,$20,$275,$110,$1350,$0,$36,$8454,$1693,$10183,$19031,$3834,$5159,$2074,$7233,$11067,$5298,$2477,$0,$7963,$19031,$1008,$1685,$0,$1685,$0,$0,$0,$0,$-229,$2472,$-1661,$0,$0,$0,$0,$0,$4,$-1657,$0,$0,$-390,$0,$15,$-459,$-3,$-838,$-23,$0,$0
32,2010-09-30,15.34,$0.00,0.0,$14.74,1.04,$2.67,5.76,$1.48,10.4,$1.41B,$3.87B,0.36,$5.18B,$7.78B,0.67,$9.42B,$6.25B,66.35%,$9.42B,$2.03B,21.54%,$9.42B,$2.03B,21.54%,$9.42B,$3.62B,38.45%,$9.42B,$1.16B,12.30%,$9.42B,$0.95B,10.04%,$0.95B,$7.78B,12.78%,$0.95B,$-0.56B,-117.65%,$0.95B,$18.79B,5.18%,$2.03B,$12.95B,16.05%,$2442,$805,$1636,$0,$639,$1860,$582,$-198,$304,$66,$238,$246,$246,$988,$582,$642,642,$0.39,$0.39,$49,$217,$157,$1411,$0,$39,$8335,$1652,$10026,$18791,$3873,$5176,$1968,$7143,$11016,$5188,$2400,$0,$7775,$18791,$780,$1243,$0,$1243,$0,$0,$0,$0,$-351,$1780,$-1110,$0,$0,$0,$0,$0,$6,$-1105,$0,$0,$-319,$0,$7,$-351,$-3,$-667,$9,$0,$0
33,2010-06-30,12.96,$0.00,0.0,$14.49,0.89,$2.61,4.96,$1.51,8.61,$1.33B,$4.56B,0.29,$4.61B,$7.70B,0.6,$9.24B,$6.14B,66.44%,$9.24B,$1.99B,21.58%,$9.24B,$1.99B,21.58%,$9.24B,$3.60B,39.01%,$9.24B,$1.21B,13.04%,$9.24B,$0.96B,10.41%,$0.96B,$7.70B,13.43%,$0.96B,$-0.74B,-103.30%,$0.96B,$18.87B,5.36%,$1.99B,$12.31B,16.03%,$2333,$785,$1549,$0,$637,$1818,$516,$-135,$382,$93,$288,$288,$288,$919,$516,$638,640,$0.45,$0.45,$46,$168,$211,$1333,$0,$40,$8438,$1641,$10120,$18868,$4561,$4614,$1999,$6613,$11174,$5199,$2344,$0,$7695,$18868,$549,$837,$0,$837,$0,$0,$0,$0,$-524,$912,$-686,$0,$0,$0,$0,$0,$9,$-678,$0,$0,$7,$0,$2,$-242,$-1,$-235,$0,$0,$0
34,2010-03-31,12.65,$0.00,0.0,$14.33,0.88,$2.85,4.45,$1.41,8.97,$1.15B,$2.63B,0.44,$5.84B,$7.43B,0.79,$9.11B,$6.11B,67.06%,$9.11B,$2.08B,22.81%,$9.11B,$2.08B,22.81%,$9.11B,$3.69B,40.50%,$9.11B,$1.11B,12.16%,$9.11B,$0.90B,9.89%,$0.90B,$7.43B,13.20%,$0.90B,$-0.90B,-87.67%,$0.90B,$18.43B,5.20%,$2.08B,$13.26B,16.97%,$2330,$757,$1573,$0,$616,$1809,$522,$-121,$353,$95,$258,$263,$263,$956,$522,$638,638,$0.41,$0.41,$46,$198,$166,$1148,$0,$38,$8330,$1578,$9946,$18434,$2630,$5835,$2540,$8375,$11005,$5100,$2185,$0,$7429,$18434,$258,$434,$0,$434,$0,$0,$0,$0,$-241,$398,$-296,$0,$0,$0,$0,$0,$1,$-295,$0,$0,$27,$0,$0,$-124,$-1,$-98,$5,$0,$0
35,2009-12-31,10.85,$0.00,0.0,$14.41,0.75,$2.86,3.79,$1.51,7.21,$0.99B,$2.61B,0.38,$5.36B,$6.67B,0.8,$9.16B,$6.27B,68.48%,$9.16B,$2.43B,26.51%,$9.16B,$2.43B,26.51%,$9.16B,$3.95B,43.12%,$9.16B,$1.06B,11.57%,$9.16B,$0.96B,10.48%,$0.96B,$6.67B,14.91%,$0.96B,$-1.01B,-88.36%,$0.96B,$16.92B,5.80%,$2.43B,$12.03B,20.72%,$2310,$821,$1489,$0,$664,$1902,$408,$-288,$119,$-39,$159,$148,$148,$757,$408,$636,636,$0.23,$0.23,$37,$238,$92,$992,$0,$36,$7676,$1410,$9123,$16918,$2609,$5361,$2280,$7641,$10250,$4653,$1901,$0,$6668,$16918,$882,$1523,$0,$1523,$0,$0,$0,$0,$298,$2556,$-1851,$0,$-23,$0,$0,$0,$1,$-1873,$0,$0,$-116,$0,$1,$-530,$-5,$-651,$33,$0,$0
36,2009-09-30,10.67,$0.00,0.0,$14.62,0.73,$3.19,3.34,$1.72,6.2,$1.20B,$2.79B,0.43,$5.29B,$6.86B,0.77,$9.30B,$7.24B,77.79%,$9.30B,$2.96B,31.76%,$9.30B,$2.96B,31.76%,$9.30B,$4.47B,48.05%,$9.30B,$1.23B,13.24%,$9.30B,$1.10B,11.79%,$1.10B,$6.86B,16.96%,$1.10B,$-1.07B,-91.44%,$1.10B,$17.56B,6.52%,$2.96B,$12.15B,24.82%,$2265,$737,$1527,$0,$588,$1717,$548,$-127,$351,$97,$255,$263,$263,$972,$548,$636,636,$0.42,$0.42,$31,$175,$182,$1201,$0,$39,$7930,$1417,$9385,$17563,$2788,$5289,$2629,$7918,$10705,$4812,$1961,$0,$6858,$17563,$770,$1174,$0,$1174,$0,$0,$0,$0,$-13,$2076,$-1447,$0,$-24,$0,$0,$0,$0,$-1470,$0,$0,$-163,$0,$1,$-411,$-5,$-578,$27,$0,$0
37,2009-06-30,8.72,$0.00,0.0,$14.89,0.59,$3.54,2.46,$1.75,4.98,$1.08B,$2.48B,0.44,$5.22B,$6.35B,0.82,$9.49B,$8.16B,86.00%,$9.49B,$2.96B,31.15%,$9.49B,$2.96B,31.15%,$9.49B,$4.49B,47.33%,$9.49B,$1.29B,13.62%,$9.49B,$1.12B,11.80%,$1.12B,$6.35B,17.16%,$1.12B,$-1.13B,-100.54%,$1.12B,$16.34B,6.52%,$2.96B,$11.57B,24.34%,$2209,$685,$1523,$0,$559,$1608,$601,$-146,$285,$75,$209,$227,$227,$1006,$601,$634,634,$0.36,$0.36,$22,$172,$214,$1080,$0,$37,$7477,$1310,$8823,$16343,$2478,$5219,$2299,$7519,$9996,$4534,$1738,$0,$6346,$16343,$485,$750,$0,$750,$0,$0,$0,$0,$-43,$1257,$-884,$0,$0,$0,$0,$0,$1,$-883,$0,$0,$-93,$0,$1,$-259,$-3,$-355,$19,$0,$0
38,2009-03-31,8.76,$0.00,0.0,$15.09,0.58,$3.47,2.52,$1.81,4.85,$1.17B,$2.24B,0.52,$5.24B,$5.89B,0.89,$9.65B,$9.01B,93.35%,$9.65B,$2.85B,29.55%,$9.65B,$2.85B,29.55%,$9.65B,$4.39B,45.45%,$9.65B,$1.39B,14.35%,$9.65B,$1.16B,11.98%,$1.16B,$5.89B,17.34%,$1.16B,$-1.14B,-112.37%,$1.16B,$15.34B,6.58%,$2.85B,$11.13B,23.10%,$2375,$642,$1733,$0,$519,$1504,$871,$-103,$305,$46,$259,$322,$322,$1214,$871,$636,636,$0.51,$0.51,$59,$213,$193,$1165,$0,$35,$7027,$1177,$8238,$15344,$2241,$5242,$1969,$7212,$9453,$4257,$1556,$0,$5891,$15344,$259,$344,$0,$344,$0,$0,$0,$0,$-83,$495,$-382,$0,$0,$0,$0,$0,$-3,$-385,$0,$0,$60,$0,$1,$-122,$0,$-60,$49,$0,$0
39,2008-12-31,9.25,$0.00,0.0,$14.99,0.62,$3.77,2.45,$1.75,5.29,$1.47B,$2.89B,0.51,$5.99B,$6.78B,0.88,$9.63B,$9.63B,100.00%,$9.63B,$2.52B,26.19%,$9.63B,$2.52B,26.19%,$9.63B,$4.14B,43.02%,$9.63B,$1.48B,15.37%,$9.63B,$1.13B,11.68%,$1.13B,$6.78B,16.25%,$1.13B,$-1.46B,-117.40%,$1.13B,$18.09B,6.21%,$2.52B,$12.77B,20.04%,$2454,$0,$2454,$0,$1173,$1519,$935,$-138,$291,$65,$226,$285,$285,$1278,$935,$636,638,$0.45,$0.45,$4,$314,$241,$1471,$0,$40,$8241,$0,$9709,$18087,$2886,$5993,$2407,$8421,$11307,$4989,$1755,$0,$6780,$18087,$1065,$1620,$0,$1620,$0,$0,$0,$0,$-1,$2661,$-1743,$0,$-657,$0,$0,$0,$-841,$-3241,$0,$0,$1242,$0,$-264,$-409,$-5,$565,$-15,$0,$0
40,2008-09-30,11.57,$0.00,0.0,$14.66,0.79,$4.36,2.65,$1.91,6.06,$1.58B,$3.08B,0.51,$6.03B,$7.07B,0.85,$9.46B,$9.46B,100.00%,$9.46B,$2.00B,21.19%,$9.46B,$2.00B,21.19%,$9.46B,$3.69B,38.97%,$9.46B,$1.57B,16.60%,$9.46B,$1.23B,13.02%,$1.23B,$7.07B,17.99%,$1.23B,$-0.73B,-193.48%,$1.23B,$18.92B,7.01%,$2.00B,$13.10B,16.58%,$2449,$0,$2449,$0,$1465,$1902,$548,$-137,$411,$125,$286,$285,$285,$992,$548,$641,641,$0.45,$0.45,$36,$276,$317,$1583,$0,$21,$7791,$882,$10167,$18921,$3082,$6033,$2717,$8772,$11854,$5289,$1727,$0,$7066,$18921,$843,$1278,$0,$1278,$0,$0,$0,$0,$-192,$2072,$-1215,$0,$-696,$0,$0,$0,$-879,$-2790,$0,$0,$1302,$0,$-274,$-290,$-5,$734,$16,$0,$0
41,2008-06-30,13.13,$0.00,0.0,$14.15,0.93,$4.55,2.89,$2.06,6.39,$1.68B,$2.73B,0.62,$5.46B,$6.92B,0.79,$9.22B,$9.22B,100.00%,$9.22B,$2.02B,21.90%,$9.22B,$2.02B,21.90%,$9.22B,$3.68B,39.90%,$9.22B,$1.63B,17.67%,$9.22B,$1.34B,14.52%,$1.34B,$6.92B,20.03%,$1.34B,$-0.79B,-261.58%,$1.34B,$17.89B,7.94%,$2.02B,$12.38B,17.57%,$2375,$0,$2375,$0,$1462,$1877,$498,$-120,$378,$112,$265,$264,$264,$903,$498,$642,644,$0.41,$0.41,$45,$260,$377,$1679,$0,$32,$7718,$0,$9154,$17886,$2729,$5457,$2754,$8233,$10961,$5277,$1602,$0,$6924,$17886,$552,$833,$0,$833,$0,$0,$0,$0,$-392,$1075,$-744,$0,$-684,$0,$0,$0,$6,$-1423,$0,$0,$861,$0,$-197,$-287,$-5,$373,$26,$0,$0
42,2008-03-31,13.48,$0.00,0.0,$13.63,0.99,$4.93,2.73,$2.01,6.72,$1.37B,$2.77B,0.49,$5.17B,$6.93B,0.75,$8.96B,$8.96B,100.00%,$8.96B,$2.06B,23.01%,$8.96B,$2.06B,23.01%,$8.96B,$3.69B,41.21%,$8.96B,$1.57B,17.50%,$8.96B,$1.31B,14.67%,$1.31B,$6.93B,20.36%,$1.31B,$-0.85B,-337.57%,$1.31B,$17.62B,8.14%,$2.06B,$12.09B,18.76%,$2351,$0,$2351,$0,$1389,$1809,$541,$-132,$400,$109,$291,$291,$291,$969,$541,$647,647,$0.45,$0.45,$164,$228,$293,$1371,$0,$30,$7781,$0,$9180,$17616,$2773,$5167,$2727,$7916,$10689,$5345,$1529,$0,$6927,$17616,$290,$428,$0,$428,$0,$0,$0,$0,$-36,$631,$-318,$0,$-684,$0,$0,$0,$-2,$-1005,$0,$0,$529,$0,$-122,$0,$-5,$403,$29,$0,$0
43,2007-12-31,15.38,$0.00,0.0,$12.80,1.2,$4.55,3.38,$1.81,8.52,$1.26B,$2.51B,0.5,$4.29B,$6.48B,0.66,$8.49B,$8.49B,100.00%,$8.49B,$1.87B,21.97%,$8.49B,$1.87B,21.97%,$8.49B,$3.38B,39.81%,$8.49B,$1.40B,16.51%,$8.49B,$1.19B,14.02%,$1.19B,$6.48B,19.39%,$1.19B,$-0.18B,-480.32%,$1.19B,$15.90B,7.70%,$1.87B,$10.77B,18.11%,$2284,$0,$2284,$0,$1410,$1867,$417,$-125,$381,$-9,$391,$392,$392,$822,$417,$651,651,$0.61,$0.61,$58,$228,$303,$1255,$0,$36,$6657,$0,$7928,$15900,$2514,$4290,$2589,$6903,$9417,$5073,$1364,$0,$6483,$15900,$1177,$1515,$0,$1515,$0,$0,$0,$0,$23,$2969,$-1650,$0,$0,$0,$0,$0,$-8,$-1658,$0,$0,$-88,$0,$-701,$-487,$-5,$-1281,$29,$0,$0
44,2007-09-30,17.72,$0.00,0.0,$12.19,1.45,$4.09,4.33,$1.51,11.77,$1.24B,$2.54B,0.49,$4.30B,$6.39B,0.67,$8.17B,$8.17B,100.00%,$8.17B,$1.85B,22.62%,$8.17B,$1.85B,22.62%,$8.17B,$3.34B,40.88%,$8.17B,$1.31B,16.00%,$8.17B,$1.00B,12.28%,$1.00B,$6.39B,16.59%,$1.00B,$-0.22B,-666.45%,$1.00B,$15.96B,6.64%,$1.85B,$10.68B,18.65%,$2205,$0,$2205,$0,$1259,$1643,$562,$-96,$469,$75,$393,$391,$391,$983,$562,$660,666,$0.60,$0.59,$43,$163,$215,$1244,$0,$29,$6610,$0,$7689,$15963,$2543,$4299,$2713,$7034,$9577,$5242,$1003,$0,$6386,$15963,$820,$1111,$0,$1111,$0,$0,$0,$0,$-26,$2251,$-1236,$0,$0,$0,$0,$0,$-7,$-1243,$0,$0,$-176,$0,$-575,$-240,$-5,$-996,$12,$0,$0
45,2007-06-30,18.46,$0.00,0.0,$11.78,1.57,$3.70,4.98,$1.33,13.93,$1.12B,$2.25B,0.5,$4.37B,$6.02B,0.73,$7.94B,$7.94B,100.00%,$7.94B,$1.81B,22.76%,$7.94B,$1.81B,22.76%,$7.94B,$3.22B,40.61%,$7.94B,$1.24B,15.60%,$7.94B,$0.90B,11.30%,$0.90B,$6.02B,14.92%,$0.90B,$-0.30B,-3232.43%,$0.90B,$15.08B,6.06%,$1.81B,$10.39B,18.90%,$2116,$0,$2116,$0,$1220,$1575,$541,$-135,$317,$85,$232,$240,$240,$917,$541,$668,668,$0.36,$0.36,$52,$145,$400,$1117,$0,$28,$6323,$0,$7320,$15077,$2245,$4368,$2423,$6812,$9057,$5072,$931,$0,$6019,$15077,$408,$690,$0,$690,$0,$0,$0,$0,$126,$1385,$-785,$0,$0,$0,$0,$0,$-7,$-792,$0,$0,$-12,$0,$-336,$-228,$-5,$-581,$12,$0,$0
46,2007-03-31,15.58,$0.00,0.0,$11.31,1.38,$3.72,4.18,$1.42,11.01,$1.86B,$3.42B,0.54,$3.68B,$5.66B,0.65,$7.69B,$7.69B,100.00%,$7.69B,$1.72B,22.35%,$7.69B,$1.72B,22.35%,$7.69B,$3.11B,40.37%,$7.69B,$1.26B,16.36%,$7.69B,$0.97B,12.60%,$0.97B,$5.66B,16.06%,$0.97B,$-0.29B,1188.96%,$0.97B,$14.86B,6.64%,$1.72B,$9.35B,18.62%,$1885,$0,$1885,$0,$1227,$1541,$345,$-108,$235,$68,$168,$167,$167,$658,$345,$671,671,$0.25,$0.25,$551,$136,$352,$1858,$0,$35,$5951,$0,$6859,$14863,$3418,$3683,$2078,$5782,$9200,$4806,$862,$0,$5662,$14863,$166,$314,$0,$314,$0,$0,$0,$0,$-200,$393,$-326,$0,$0,$0,$0,$0,$-9,$-335,$0,$0,$687,$0,$-171,$-108,$-1,$408,$466,$0,$0
47,2006-12-31,13.72,$0.00,0.0,$11.08,1.24,$4.07,3.37,$1.43,9.63,$1.19B,$3.30B,0.36,$3.08B,$6.11B,0.5,$7.62B,$7.62B,100.00%,$7.62B,$1.79B,23.56%,$7.62B,$1.79B,23.56%,$7.62B,$3.23B,42.42%,$7.62B,$1.31B,17.16%,$7.62B,$0.99B,12.93%,$0.99B,$6.11B,16.16%,$0.99B,$0.21B,554.93%,$0.99B,$14.56B,6.87%,$1.79B,$9.19B,19.18%,$1961,$0,$1961,$0,$1203,$1561,$399,$-133,$286,$80,$207,$205,$205,$781,$399,$676,676,$0.31,$0.31,$97,$173,$292,$1186,$0,$31,$5896,$0,$6789,$14560,$3297,$3081,$2050,$5153,$8450,$5014,$953,$0,$6111,$14560,$990,$1435,$0,$1435,$0,$0,$0,$0,$-218,$2473,$-1414,$0,$-43,$0,$0,$0,$-20,$-1478,$0,$0,$239,$0,$-614,$-363,$-276,$-1013,$-18,$0,$0
