,Date,Stock Price,Book Value per Share,Price to Book Ratio,TTM Sales per Share,Price to Sales Ratio,TTM FCF per Share,Price to FCF Ratio,TTM Net EPS,PE Ratio,Current Assets,Current Liabilities,Current Ratio,Long Term Debt,Shareholder's Equity_x,Debt to Equity Ratio,TTM Revenue_x,TTM Gross Profit,Gross Margin,TTM Revenue_y,TTM Operating Income,Operating Margin,TTM Revenue_x,TTM EBIT,EBIT Margin,TTM Revenue_y,TTM EBITDA,EBITDA Margin,TTM Revenue_x,TTM Pre-Tax Income,Pre-Tax Margin,TTM Revenue_y,TTM Net Income_x,Net Margin,TTM Net Income_y,Shareholder's Equity_y,Return on Equity,TTM Net Income_x,Tangible Equity,Return on Tangible Equity,TTM Net Income_y,Total Assets,Return on Assets,TTM Net Income,LT Investments & Debt,Return on Investment,revenue,cost-goods-sold,gross-profit,research-development-expenses,selling-general-administrative-expenses,operating-expenses,operating-income,total-non-operating-income-expense,pre-tax-income,total-provision-income-taxes,income-after-taxes,income-from-continuous-operations,net-income,ebitda,ebit,basic-shares-outstanding,shares-outstanding,eps-basic-net-earnings-per-share,eps-earnings-per-share-diluted,cash-on-hand,inventory,other-current-assets,total-current-assets,net-property-plant-equipment,long-term-investments,goodwill-intangible-assets-total,other-long-term-assets,total-long-term-assets,total-assets,total-current-liabilities,long-term-debt,other-non-current-liabilities,total-long-term-liabilities,total-liabilities,common-stock-net,retained-earnings-accumulated-deficit,comprehensive-income,total-share-holder-equity,total-liabilities-share-holders-equity,net-income-loss,total-depreciation-amortization-cash-flow,other-non-cash-items,total-non-cash-items,change-in-accounts-receivable,change-in-inventories,change-in-accounts-payable,change-in-assets-liabilities,total-change-in-assets-liabilities,cash-flow-from-operating-activities,net-change-in-property-plant-equipment,net-change-in-intangible-assets,net-acquisitions-divestitures,net-change-in-short-term-investments,net-change-in-long-term-investments,net-change-in-investments-total,investing-activities-other,cash-flow-from-investing-activities,net-long-term-debt,net-current-debt,debt-issuance-retirement-net-total,net-common-equity-issued-repurchased,net-total-equity-issued-repurchased,total-common-preferred-stock-dividends-paid,financial-activities-other,cash-flow-from-financial-activities,net-cash-flow,stock-based-compensation,common-stock-dividends-paid
0,2018-09-30,3.2,$3.70,0.86,$22.89,0.14,$-0.31,0.0,$-0.40,0.0,$0.31B,$0.18B,1.74,$0.06B,$0.17B,0.32,$1.01B,$0.35B,34.02%,$1.01B,$-0.02B,-1.68%,$1.01B,$-0.02B,-1.68%,$1.01B,$0.01B,0.99%,$1.01B,$-0.02B,-1.78%,$1.01B,$-0.02B,-1.68%,$-0.02B,$0.17B,-9.19%,$-0.02B,$0.17B,-9.19%,$-0.02B,$0.44B,-4.34%,$-0.02B,$0.23B,-7.74%,$227,$145,$82,$0,$90,$235,$-8,$-0,$-8,$0,$-8,$-8,$-8,$-1,$-8,$44,44,$-0.18,$-0.18,$13,$292,$2,$313,$119,$0,$0,$3,$123,$436,$180,$56,$4,$83,$263,$0,$-59,$0,$173,$436,$-8,$7,$1,$8,$0,$-58,$34,$-1,$-18,$-18,$-5,$-0,$0,$0,$0,$0,$0,$-5,$17,$9,$26,$0,$0,$0,$0,$26,$3,$1,$0
1,2018-06-30,3.05,$3.93,0.78,$22.74,0.13,$0.00,0.0,$-0.50,0.0,$0.25B,$0.13B,1.92,$0.04B,$0.18B,0.21,$1.01B,$0.34B,33.90%,$1.01B,$-0.02B,-2.09%,$1.01B,$-0.02B,-2.09%,$1.01B,$0.01B,0.50%,$1.01B,$-0.02B,-2.19%,$1.01B,$-0.02B,-2.09%,$-0.02B,$0.18B,-11.14%,$-0.02B,$0.18B,-11.14%,$-0.02B,$0.38B,-5.38%,$-0.02B,$0.22B,-9.55%,$230,$153,$77,$0,$86,$240,$-9,$-1,$-10,$0,$-10,$-10,$-10,$-3,$-9,$44,44,$-0.23,$-0.23,$10,$234,$1,$251,$121,$0,$0,$3,$125,$376,$131,$38,$4,$65,$196,$0,$-51,$0,$180,$376,$-22,$26,$11,$37,$0,$-13,$23,$2,$12,$27,$-31,$-0,$0,$0,$0,$0,$0,$-31,$8,$-1,$7,$0,$0,$0,$0,$7,$3,$3,$0
2,2018-03-31,3.95,$4.13,0.96,$22.63,0.17,$-0.85,0.0,$-0.66,0.0,$0.27B,$0.13B,2.03,$0.04B,$0.19B,0.23,$1.00B,$0.33B,33.40%,$1.00B,$-0.03B,-2.90%,$1.00B,$-0.03B,-2.90%,$1.00B,$-0.00B,-0.30%,$1.00B,$-0.03B,-2.90%,$1.00B,$-0.03B,-2.80%,$-0.03B,$0.19B,-14.49%,$-0.03B,$0.19B,-14.49%,$-0.03B,$0.39B,-7.26%,$-0.03B,$0.23B,-13.03%,$223,$143,$80,$0,$88,$231,$-8,$-0,$-8,$-0,$-8,$-8,$-8,$-1,$-8,$44,44,$-0.18,$-0.18,$12,$245,$1,$265,$122,$0,$0,$3,$126,$390,$131,$44,$4,$70,$201,$0,$-41,$0,$190,$390,$-12,$19,$8,$28,$0,$-23,$19,$3,$2,$18,$-26,$-0,$0,$0,$0,$0,$0,$-26,$14,$-0,$14,$0,$0,$0,$0,$14,$6,$3,$0
3,2017-12-31,2.75,$4.29,0.64,$22.21,0.12,$-2.01,0.0,$-0.82,0.0,$0.24B,$0.14B,1.67,$0.00B,$0.20B,0.0,$0.98B,$0.32B,32.76%,$0.98B,$-0.04B,-3.67%,$0.98B,$-0.04B,-3.67%,$0.98B,$-0.01B,-1.12%,$0.98B,$-0.04B,-3.67%,$0.98B,$-0.04B,-3.57%,$-0.04B,$0.20B,-17.54%,$-0.04B,$0.20B,-17.54%,$-0.04B,$0.36B,-9.07%,$-0.04B,$0.20B,-15.79%,$334,$228,$106,$0,$97,$326,$8,$-0,$8,$-1,$9,$9,$9,$15,$8,$44,44,$0.19,$0.19,$9,$220,$3,$239,$122,$0,$0,$2,$125,$364,$144,$0,$4,$24,$167,$0,$-33,$0,$197,$364,$-4,$13,$5,$18,$0,$2,$14,$2,$26,$40,$-20,$-0,$0,$0,$0,$0,$0,$-19,$-31,$13,$-18,$0,$0,$0,$0,$-18,$3,$2,$0
4,2017-09-30,3.2,$4.09,0.78,$22.13,0.14,$-2.51,0.0,$-0.82,0.0,$0.31B,$0.18B,1.7,$0.04B,$0.19B,0.23,$0.97B,$0.32B,32.96%,$0.97B,$-0.04B,-3.59%,$0.97B,$-0.04B,-3.59%,$0.97B,$-0.01B,-1.23%,$0.97B,$-0.04B,-3.59%,$0.97B,$-0.04B,-3.70%,$-0.04B,$0.19B,-17.35%,$-0.04B,$0.19B,-17.35%,$-0.04B,$0.43B,-9.25%,$-0.04B,$0.23B,-14.83%,$219,$141,$78,$0,$90,$231,$-12,$-0,$-12,$0,$-12,$-12,$-12,$-6,$-12,$44,44,$-0.28,$-0.28,$11,$284,$4,$305,$123,$0,$0,$2,$126,$431,$179,$43,$3,$65,$244,$0,$-42,$0,$187,$431,$-12,$6,$3,$9,$0,$-62,$60,$1,$6,$3,$-12,$-0,$0,$0,$0,$0,$0,$-12,$12,$1,$14,$0,$0,$0,$0,$14,$5,$1,$0
5,2017-06-30,1.9,$4.41,0.43,$22.01,0.09,$-3.45,0.0,$-0.74,0.0,$0.24B,$0.11B,2.12,$0.03B,$0.20B,0.15,$0.97B,$0.32B,33.09%,$0.97B,$-0.03B,-3.31%,$0.97B,$-0.03B,-3.31%,$0.97B,$-0.01B,-1.14%,$0.97B,$-0.03B,-3.31%,$0.97B,$-0.03B,-3.41%,$-0.03B,$0.20B,-15.31%,$-0.03B,$0.20B,-15.31%,$-0.03B,$0.36B,-8.42%,$-0.03B,$0.23B,-13.25%,$224,$153,$70,$0,$87,$241,$-17,$-0,$-17,$0,$-17,$-17,$-17,$-11,$-17,$44,44,$-0.39,$-0.39,$6,$222,$2,$237,$118,$0,$0,$2,$122,$358,$112,$31,$3,$48,$159,$0,$-29,$0,$199,$358,$-33,$22,$6,$28,$0,$20,$-16,$3,$5,$0,$-42,$-0,$0,$0,$0,$0,$0,$-42,$30,$3,$33,$-0,$-0,$0,$0,$33,$-8,$4,$0
6,2017-03-31,3.75,$4.77,0.79,$22.01,0.17,$-3.36,0.0,$-0.44,0.0,$0.28B,$0.12B,2.33,$0.04B,$0.22B,0.19,$0.97B,$0.33B,34.06%,$0.97B,$-0.02B,-2.17%,$0.97B,$-0.02B,-2.17%,$0.97B,$-0.00B,-0.21%,$0.97B,$-0.02B,-1.97%,$0.97B,$-0.02B,-2.07%,$-0.02B,$0.22B,-8.99%,$-0.02B,$0.22B,-8.99%,$-0.02B,$0.39B,-5.09%,$-0.02B,$0.26B,-8.71%,$203,$136,$67,$0,$82,$218,$-15,$-0,$-15,$0,$-15,$-15,$-15,$-9,$-15,$44,44,$-0.34,$-0.34,$4,$268,$0,$280,$107,$0,$0,$2,$110,$390,$120,$41,$3,$54,$175,$0,$-12,$0,$215,$390,$-15,$16,$4,$20,$0,$-26,$-13,$2,$-36,$-31,$-27,$-0,$0,$0,$0,$0,$0,$-27,$41,$7,$48,$-0,$-0,$0,$0,$48,$-10,$3,$0
7,2016-12-31,5.4,$5.07,1.06,$22.23,0.24,$-2.66,0.0,$-0.22,0.0,$0.27B,$0.14B,1.98,$0.00B,$0.23B,0.0,$0.97B,$0.34B,34.80%,$0.97B,$-0.01B,-1.23%,$0.97B,$-0.01B,-1.23%,$0.97B,$0.01B,0.51%,$0.97B,$-0.01B,-1.03%,$0.97B,$-0.01B,-1.03%,$-0.01B,$0.23B,-4.42%,$-0.01B,$0.23B,-4.42%,$-0.01B,$0.38B,-2.57%,$-0.01B,$0.23B,-5.12%,$328,$222,$106,$0,$97,$319,$9,$-0,$9,$0,$8,$8,$8,$14,$9,$44,44,$0.19,$0.19,$13,$251,$1,$271,$104,$0,$0,$2,$107,$378,$137,$0,$3,$12,$149,$0,$3,$0,$229,$378,$-0,$10,$2,$12,$0,$-9,$4,$2,$7,$18,$-20,$0,$0,$0,$0,$0,$0,$-20,$0,$0,$0,$-0,$-0,$0,$0,$-0,$-2,$2,$0
8,2016-09-30,5.98,$4.86,1.23,$22.08,0.27,$-2.82,0.0,$0.02,299.0,$0.34B,$0.18B,1.88,$0.03B,$0.22B,0.15,$0.97B,$0.35B,35.82%,$0.97B,$0.00B,0.00%,$0.97B,$0.00B,0.00%,$0.97B,$0.02B,1.55%,$0.97B,$0.00B,0.10%,$0.97B,$0.00B,0.10%,$0.00B,$0.22B,0.44%,$0.00B,$0.22B,0.44%,$0.00B,$0.44B,0.26%,$0.00B,$0.25B,0.00%,$212,$135,$77,$0,$87,$221,$-9,$0,$-9,$-0,$-9,$-9,$-9,$-5,$-9,$44,44,$-0.20,$-0.20,$6,$324,$1,$338,$101,$0,$0,$2,$104,$442,$180,$33,$3,$43,$223,$0,$-6,$0,$219,$442,$-9,$5,$1,$5,$0,$-81,$44,$-0,$-36,$-39,$-11,$0,$0,$0,$0,$0,$0,$-11,$33,$10,$42,$0,$0,$0,$0,$42,$-8,$1,$0
9,2016-06-30,7.02,$5.10,1.38,$21.89,0.32,$-2.15,0.0,$0.08,87.75,$0.26B,$0.13B,2.12,$0.00B,$0.23B,0.0,$0.96B,$0.34B,35.77%,$0.96B,$0.00B,0.31%,$0.96B,$0.00B,0.31%,$0.96B,$0.02B,1.88%,$0.96B,$0.00B,0.42%,$0.96B,$0.00B,0.42%,$0.00B,$0.23B,1.77%,$0.00B,$0.23B,1.77%,$0.00B,$0.36B,1.09%,$0.00B,$0.23B,1.33%,$223,$144,$79,$0,$85,$229,$-6,$2,$-4,$-0,$-4,$-4,$-4,$-2,$-6,$44,44,$-0.09,$-0.09,$14,$242,$1,$264,$95,$0,$0,$2,$98,$362,$125,$0,$3,$10,$135,$0,$3,$0,$227,$362,$4,$16,$1,$18,$0,$-32,$7,$6,$-13,$8,$-46,$-1,$0,$0,$0,$0,$9,$-38,$0,$0,$0,$-0,$-0,$0,$-1,$-1,$-31,$3,$0
10,2016-03-31,8.18,$5.16,1.59,$21.66,0.38,$-1.44,0.0,$0.07,116.86,$0.28B,$0.13B,2.09,$0.00B,$0.23B,0.0,$0.95B,$0.34B,35.52%,$0.95B,$0.01B,0.53%,$0.95B,$0.01B,0.53%,$0.95B,$0.02B,2.01%,$0.95B,$0.00B,0.42%,$0.95B,$0.00B,0.42%,$0.00B,$0.23B,1.78%,$0.00B,$0.23B,1.78%,$0.00B,$0.37B,1.11%,$0.01B,$0.23B,2.23%,$211,$134,$77,$0,$83,$217,$-6,$0,$-6,$-1,$-5,$-5,$-5,$-2,$-6,$44,44,$-0.12,$-0.12,$15,$255,$0,$278,$91,$0,$0,$2,$94,$372,$133,$0,$4,$9,$142,$0,$7,$0,$230,$372,$8,$12,$2,$14,$0,$-45,$16,$4,$-19,$3,$-30,$-1,$0,$0,$0,$0,$0,$-31,$0,$0,$0,$-0,$-0,$0,$-1,$-1,$-30,$2,$0
11,2015-12-31,6.5,$5.27,1.23,$21.18,0.31,$-0.98,0.0,$0.13,50.0,$0.28B,$0.12B,2.31,$0.00B,$0.23B,0.0,$0.93B,$0.33B,35.78%,$0.93B,$0.01B,0.97%,$0.93B,$0.01B,0.97%,$0.93B,$0.02B,2.38%,$0.93B,$0.01B,0.76%,$0.93B,$0.01B,0.65%,$0.01B,$0.23B,2.69%,$0.01B,$0.23B,2.69%,$0.01B,$0.36B,1.70%,$0.01B,$0.23B,4.04%,$320,$207,$113,$0,$92,$299,$21,$-1,$20,$1,$19,$19,$19,$24,$21,$44,44,$0.43,$0.43,$35,$233,$0,$276,$83,$0,$0,$1,$85,$361,$119,$0,$3,$7,$127,$0,$12,$0,$234,$361,$13,$8,$1,$9,$0,$-23,$-1,$2,$-10,$12,$-21,$0,$0,$0,$0,$0,$0,$-21,$0,$0,$0,$-0,$-0,$0,$-1,$-1,$-9,$1,$0
12,2015-09-30,5.41,$4.83,1.12,$20.74,0.26,$-0.68,0.0,$0.24,22.54,$0.30B,$0.16B,1.88,$0.00B,$0.21B,0.0,$0.91B,$0.33B,36.09%,$0.91B,$0.01B,1.32%,$0.91B,$0.01B,1.32%,$0.91B,$0.03B,2.76%,$0.91B,$0.01B,1.21%,$0.91B,$0.01B,1.21%,$0.01B,$0.21B,4.99%,$0.01B,$0.21B,4.99%,$0.01B,$0.38B,3.17%,$0.01B,$0.21B,5.45%,$202,$130,$73,$0,$79,$208,$-6,$-0,$-6,$-0,$-6,$-6,$-6,$-2,$-6,$44,44,$-0.14,$-0.14,$23,$270,$1,$302,$74,$0,$0,$1,$77,$379,$161,$0,$0,$4,$165,$0,$-7,$0,$214,$379,$-6,$4,$0,$4,$0,$-60,$46,$-0,$-9,$-11,$-10,$0,$0,$0,$0,$0,$0,$-10,$0,$0,$0,$0,$0,$0,$-1,$-1,$-22,$0,$0
13,2015-06-30,11.27,$5.00,2.25,$20.78,0.54,$-1.16,0.0,$0.24,46.94,$0.26B,$0.11B,2.39,$0.00B,$0.22B,0.0,$0.91B,$0.33B,35.98%,$0.91B,$0.01B,1.32%,$0.91B,$0.01B,1.32%,$0.91B,$0.02B,2.65%,$0.91B,$0.01B,1.21%,$0.91B,$0.01B,1.21%,$0.01B,$0.22B,5.08%,$0.01B,$0.22B,5.08%,$0.01B,$0.34B,3.24%,$0.01B,$0.22B,5.54%,$213,$140,$73,$0,$77,$217,$-4,$-0,$-4,$-0,$-4,$-4,$-4,$-1,$-4,$43,44,$-0.10,$-0.10,$45,$210,$1,$263,$70,$0,$0,$1,$72,$335,$110,$0,$2,$5,$115,$0,$-1,$0,$220,$335,$10,$13,$6,$19,$0,$-2,$-12,$-1,$-20,$10,$-16,$0,$0,$0,$0,$0,$0,$-15,$0,$0,$0,$1,$1,$0,$-0,$1,$-5,$5,$0
14,2015-03-31,16.1,$5.06,3.18,$20.86,0.77,$-0.61,0.0,$0.17,94.71,$0.27B,$0.11B,2.41,$0.00B,$0.22B,0.0,$0.91B,$0.32B,35.76%,$0.91B,$0.01B,1.10%,$0.91B,$0.01B,1.10%,$0.91B,$0.02B,2.43%,$0.91B,$0.01B,0.88%,$0.91B,$0.01B,0.88%,$0.01B,$0.22B,3.77%,$0.01B,$0.22B,3.77%,$0.01B,$0.34B,2.36%,$0.01B,$0.22B,4.71%,$190,$117,$72,$0,$75,$192,$-2,$-1,$-3,$-0,$-3,$-3,$-3,$1,$-2,$44,44,$-0.06,$-0.06,$43,$223,$0,$274,$64,$0,$0,$1,$65,$339,$114,$0,$0,$2,$116,$0,$4,$0,$223,$339,$15,$10,$5,$14,$0,$-15,$-10,$-1,$-29,$0,$-8,$0,$0,$0,$0,$0,$0,$-8,$0,$0,$0,$1,$1,$0,$-0,$1,$-7,$4,$0
15,2014-12-31,21.7,$5.11,4.25,$20.75,1.05,$-0.18,0.0,$0.03,723.33,$0.27B,$0.11B,2.47,$0.00B,$0.22B,0.0,$0.90B,$0.32B,35.60%,$0.90B,$0.00B,0.44%,$0.90B,$0.00B,0.44%,$0.90B,$0.02B,1.89%,$0.90B,$0.00B,0.33%,$0.90B,$0.00B,0.33%,$0.00B,$0.22B,1.44%,$0.00B,$0.22B,1.44%,$0.00B,$0.34B,0.89%,$0.00B,$0.22B,1.92%,$301,$192,$109,$0,$85,$277,$24,$-0,$24,$0,$24,$24,$24,$27,$24,$43,44,$0.54,$0.54,$55,$208,$1,$271,$64,$0,$0,$1,$65,$336,$110,$0,$0,$3,$112,$0,$6,$0,$224,$336,$17,$6,$3,$9,$0,$-1,$-19,$-1,$-18,$9,$-4,$0,$0,$0,$0,$0,$0,$-4,$0,$0,$0,$1,$1,$0,$0,$1,$5,$3,$0
16,2014-09-30,19.41,$4.54,4.27,$20.47,0.95,$0.20,98.8,$-0.10,0.0,$0.28B,$0.15B,1.93,$0.00B,$0.20B,0.0,$0.88B,$0.31B,35.07%,$0.88B,$-0.00B,-0.23%,$0.88B,$-0.00B,-0.23%,$0.88B,$0.01B,1.24%,$0.88B,$-0.00B,-0.34%,$0.88B,$-0.00B,-0.34%,$-0.00B,$0.20B,-1.45%,$-0.00B,$0.20B,-1.45%,$-0.00B,$0.35B,-0.89%,$-0.00B,$0.20B,-0.97%,$202,$130,$72,$0,$78,$208,$-6,$-0,$-6,$0,$-6,$-6,$-6,$-3,$-6,$43,43,$-0.14,$-0.14,$9,$264,$1,$281,$64,$0,$0,$1,$66,$347,$146,$0,$1,$3,$149,$0,$-17,$0,$199,$347,$-6,$3,$1,$5,$0,$-56,$22,$-2,$-38,$-39,$-2,$0,$0,$0,$0,$0,$0,$-2,$0,$0,$0,$0,$0,$0,$0,$0,$-41,$1,$0
17,2014-06-30,17.82,$4.66,3.83,$20.12,0.89,$0.77,23.25,$-0.24,0.0,$0.26B,$0.13B,2.08,$0.00B,$0.20B,0.0,$0.87B,$0.30B,34.76%,$0.87B,$-0.01B,-0.92%,$0.87B,$-0.01B,-0.92%,$0.87B,$0.01B,0.58%,$0.87B,$-0.01B,-1.15%,$0.87B,$-0.01B,-1.04%,$-0.01B,$0.20B,-4.37%,$-0.01B,$0.20B,-4.37%,$-0.01B,$0.33B,-2.65%,$-0.01B,$0.20B,-3.88%,$213,$141,$71,$0,$78,$219,$-6,$-1,$-7,$0,$-7,$-7,$-7,$-3,$-6,$43,43,$-0.17,$-0.17,$50,$208,$1,$264,$66,$0,$0,$1,$69,$333,$127,$0,$0,$3,$130,$0,$-11,$0,$203,$333,$-10,$13,$7,$20,$0,$4,$13,$0,$21,$31,$-13,$0,$0,$0,$0,$0,$0,$-13,$0,$0,$0,$3,$3,$0,$0,$3,$21,$3,$0
18,2014-03-31,14.15,$4.79,2.95,$19.95,0.71,$0.05,284.14,$-0.44,0.0,$0.26B,$0.12B,2.18,$0.00B,$0.21B,0.0,$0.86B,$0.30B,34.74%,$0.86B,$-0.01B,-1.52%,$0.86B,$-0.01B,-1.52%,$0.86B,0,0.00%,$0.86B,$-0.02B,-2.22%,$0.86B,$-0.02B,-2.11%,$-0.02B,$0.21B,-8.70%,$-0.02B,$0.21B,-8.70%,$-0.02B,$0.33B,-5.35%,$-0.01B,$0.21B,-6.28%,$183,$115,$68,$0,$76,$190,$-8,$-0,$-8,$0,$-8,$-8,$-8,$-4,$-8,$43,43,$-0.20,$-0.20,$42,$206,$1,$256,$67,$0,$0,$1,$73,$329,$117,$0,$0,$3,$121,$0,$-4,$0,$208,$329,$-3,$10,$5,$15,$0,$6,$0,$1,$10,$22,$-11,$0,$0,$0,$0,$0,$0,$-11,$0,$0,$0,$2,$2,$0,$0,$2,$13,$2,$0
19,2013-12-31,15.96,$4.99,3.2,$19.90,0.8,$-0.37,0.0,$-0.53,0.0,$0.26B,$0.12B,2.23,$0.00B,$0.22B,0.0,$0.85B,$0.30B,34.71%,$0.85B,$-0.02B,-2.00%,$0.85B,$-0.02B,-2.00%,$0.85B,$-0.00B,-0.47%,$0.85B,$-0.02B,-2.71%,$0.85B,$-0.02B,-2.59%,$-0.02B,$0.22B,-10.44%,$-0.02B,$0.22B,-10.44%,$-0.02B,$0.34B,-6.38%,$-0.02B,$0.22B,-8.07%,$286,$186,$99,$0,$81,$267,$18,$-0,$18,$0,$18,$18,$18,$21,$18,$43,43,$0.41,$0.41,$53,$204,$1,$264,$69,$0,$0,$1,$76,$339,$118,$0,$3,$5,$124,$0,$5,$0,$216,$339,$6,$6,$1,$7,$0,$8,$1,$2,$16,$29,$-9,$0,$0,$0,$0,$0,$0,$-9,$0,$2,$2,$2,$2,$0,$0,$4,$24,$1,$0
20,2013-09-30,15.28,$4.56,3.35,$20.04,0.76,$-0.68,0.0,$-1.45,0.0,$0.28B,$0.16B,1.84,$0.00B,$0.20B,0.0,$0.85B,$0.26B,30.39%,$0.85B,$-0.06B,-6.83%,$0.85B,$-0.06B,-6.83%,$0.85B,$-0.04B,-5.18%,$0.85B,$-0.07B,-7.66%,$0.85B,$-0.06B,-7.18%,$-0.06B,$0.20B,-28.34%,$-0.06B,$0.20B,-28.34%,$-0.06B,$0.36B,-17.54%,$-0.06B,$0.20B,-26.95%,$184,$120,$63,$0,$76,$196,$-12,$-0,$-13,$-1,$-12,$-12,$-12,$-9,$-12,$43,43,$-0.28,$-0.28,$13,$260,$3,$284,$66,$0,$0,$1,$73,$357,$155,$0,$3,$6,$160,$0,$-13,$0,$197,$357,$-12,$3,$0,$3,$0,$-48,$43,$-1,$-5,$-13,$-3,$0,$0,$0,$0,$0,$0,$-3,$0,$0,$0,$1,$1,$0,$0,$1,$-16,$0,$0
21,2013-06-30,10.37,$4.85,2.14,$19.86,0.52,$-1.46,0.0,$-1.34,0.0,$0.25B,$0.11B,2.31,$0.00B,$0.21B,0.0,$0.84B,$0.26B,31.03%,$0.84B,$-0.06B,-6.80%,$0.84B,$-0.06B,-6.80%,$0.84B,$-0.04B,-5.01%,$0.84B,$-0.06B,-7.52%,$0.84B,$-0.06B,-6.68%,$-0.06B,$0.21B,-24.37%,$-0.06B,$0.21B,-24.37%,$-0.06B,$0.32B,-15.21%,$-0.06B,$0.21B,-24.49%,$202,$135,$67,$0,$78,$213,$-11,$-4,$-16,$0,$-16,$-16,$-16,$-8,$-11,$42,42,$-0.36,$-0.36,$29,$212,$2,$251,$66,$0,$0,$1,$71,$322,$109,$0,$3,$6,$114,$0,$-1,$0,$207,$322,$-56,$14,$1,$15,$0,$54,$-25,$5,$38,$-3,$-10,$0,$0,$0,$0,$0,$0,$-9,$0,$0,$0,$2,$2,$0,$0,$2,$-11,$2,$0
22,2013-03-31,7.76,$5.22,1.49,$19.69,0.39,$-0.08,0.0,$-1.02,0.0,$0.29B,$0.13B,2.12,$0.00B,$0.22B,0.0,$0.83B,$0.27B,32.09%,$0.83B,$-0.05B,-5.89%,$0.83B,$-0.05B,-5.89%,$0.83B,$-0.03B,-4.09%,$0.83B,$-0.05B,-6.13%,$0.83B,$-0.04B,-5.05%,$-0.04B,$0.22B,-17.28%,$-0.04B,$0.22B,-17.28%,$-0.04B,$0.36B,-10.85%,$-0.05B,$0.22B,-19.92%,$178,$112,$66,$0,$78,$190,$-12,$-1,$-12,$0,$-12,$-12,$-12,$-8,$-12,$42,42,$-0.29,$-0.29,$34,$237,$0,$285,$72,$0,$0,$2,$76,$361,$134,$0,$0,$3,$138,$0,$15,$0,$223,$361,$-41,$11,$-3,$8,$0,$29,$-3,$-0,$34,$1,$-8,$0,$0,$0,$0,$0,$0,$-8,$0,$0,$0,$2,$2,$0,$0,$2,$-5,$2,$0
23,2012-12-31,6.25,$5.49,1.14,$19.65,0.32,$1.05,5.93,$-0.83,0.0,$0.27B,$0.11B,2.49,$0.00B,$0.23B,0.0,$0.83B,$0.27B,32.29%,$0.83B,$-0.04B,-5.20%,$0.83B,$-0.04B,-5.20%,$0.83B,$-0.03B,-3.39%,$0.83B,$-0.05B,-5.56%,$0.83B,$-0.03B,-4.11%,$-0.03B,$0.23B,-13.45%,$-0.03B,$0.23B,-13.45%,$-0.03B,$0.35B,-8.62%,$-0.04B,$0.23B,-16.81%,$285,$224,$62,$0,$84,$308,$-23,$-2,$-24,$-3,$-21,$-21,$-21,$-19,$-23,$42,42,$-0.51,$-0.51,$48,$208,$0,$274,$74,$0,$0,$1,$78,$351,$110,$0,$0,$8,$118,$0,$27,$0,$234,$351,$-28,$7,$-7,$1,$0,$57,$-28,$3,$41,$14,$-6,$0,$0,$0,$0,$0,$0,$-6,$0,$0,$0,$1,$1,$0,$-1,$1,$8,$1,$0
24,2012-09-30,6.57,$5.99,1.1,$19.30,0.34,$2.32,2.83,$0.05,131.39,$0.36B,$0.16B,2.2,$0.01B,$0.26B,0.05,$0.82B,$0.31B,38.04%,$0.82B,$0.01B,0.61%,$0.82B,$0.01B,0.61%,$0.82B,$0.02B,2.45%,$0.82B,$0.00B,0.37%,$0.82B,$0.00B,0.37%,$0.00B,$0.26B,1.15%,$0.00B,$0.26B,1.15%,$0.00B,$0.44B,0.74%,$0.01B,$0.27B,1.89%,$173,$108,$65,$0,$76,$184,$-11,$-0,$-11,$-4,$-7,$-7,$-7,$-7,$-11,$42,42,$-0.17,$-0.17,$10,$332,$0,$360,$76,$0,$0,$2,$80,$439,$164,$13,$1,$21,$185,$0,$49,$-0,$255,$439,$-7,$4,$-0,$3,$0,$-66,$24,$-6,$-42,$-45,$-4,$0,$0,$0,$0,$0,$0,$-4,$13,$5,$18,$1,$1,$0,$-0,$19,$-30,$0,$0
25,2012-06-30,4.29,$6.24,0.69,$19.16,0.22,$3.29,1.3,$0.09,47.67,$0.32B,$0.13B,2.47,$0.00B,$0.26B,0.0,$0.81B,$0.31B,38.13%,$0.81B,$0.01B,0.98%,$0.81B,$0.01B,0.98%,$0.81B,$0.02B,2.83%,$0.81B,$0.01B,0.62%,$0.81B,$0.00B,0.49%,$0.00B,$0.26B,1.53%,$0.00B,$0.26B,1.53%,$0.00B,$0.40B,1.01%,$0.01B,$0.26B,3.03%,$196,$123,$74,$0,$77,$200,$-3,$-0,$-4,$-2,$-2,$-2,$-2,$0,$-3,$42,43,$-0.05,$-0.05,$40,$266,$0,$317,$76,$0,$0,$2,$80,$397,$128,$0,$1,$9,$137,$0,$56,$-0,$260,$397,$4,$15,$2,$17,$0,$-1,$36,$3,$38,$59,$-14,$0,$0,$0,$0,$0,$0,$-14,$0,$-19,$-19,$-6,$-6,$0,$-1,$-25,$20,$2,$0
26,2012-03-31,3.84,$6.25,0.61,$19.06,0.2,$1.74,2.21,$0.11,34.91,$0.31B,$0.12B,2.58,$0.00B,$0.26B,0.0,$0.81B,$0.31B,38.05%,$0.81B,$0.01B,1.11%,$0.81B,$0.01B,1.11%,$0.81B,$0.03B,3.08%,$0.81B,$0.01B,0.86%,$0.81B,$0.00B,0.49%,$0.00B,$0.26B,1.53%,$0.00B,$0.26B,1.53%,$0.00B,$0.39B,1.02%,$0.01B,$0.26B,3.41%,$173,$107,$66,$0,$72,$179,$-6,$-0,$-7,$-2,$-4,$-4,$-4,$-2,$-6,$42,42,$-0.10,$-0.10,$39,$262,$0,$312,$75,$0,$0,$2,$79,$391,$121,$0,$1,$9,$130,$0,$58,$-0,$262,$391,$6,$12,$2,$14,$0,$2,$25,$3,$31,$50,$-10,$0,$0,$0,$0,$0,$0,$-10,$0,$-14,$-14,$-6,$-6,$0,$-1,$-21,$20,$1,$0
27,2011-12-31,3.45,$6.34,0.54,$19.00,0.18,$0.10,35.42,$0.13,26.54,$0.31B,$0.11B,2.81,$0.00B,$0.27B,0.0,$0.81B,$0.31B,38.13%,$0.81B,$0.01B,1.23%,$0.81B,$0.01B,1.23%,$0.81B,$0.03B,3.20%,$0.81B,$0.01B,0.98%,$0.81B,$0.00B,0.49%,$0.00B,$0.27B,1.54%,$0.00B,$0.27B,1.54%,$0.00B,$0.39B,1.03%,$0.01B,$0.27B,3.74%,$273,$168,$105,$0,$79,$248,$25,$-1,$25,$9,$16,$16,$16,$29,$25,$42,43,$0.37,$0.37,$57,$239,$0,$306,$75,$0,$0,$1,$79,$385,$109,$0,$1,$9,$118,$0,$62,$-0,$267,$385,$10,$8,$-0,$8,$0,$25,$9,$6,$49,$67,$-6,$0,$0,$0,$0,$0,$0,$-6,$0,$-19,$-19,$-4,$-4,$0,$-1,$-24,$38,$1,$0
28,2011-09-30,3.52,$5.91,0.6,$19.10,0.18,$-1.43,0.0,$0.16,22.0,$0.33B,$0.13B,2.52,$0.01B,$0.25B,0.05,$0.82B,$0.31B,38.10%,$0.82B,$0.01B,1.59%,$0.82B,$0.01B,1.59%,$0.82B,$0.03B,3.66%,$0.82B,$0.01B,1.34%,$0.82B,$0.01B,0.61%,$0.01B,$0.25B,1.92%,$0.01B,$0.25B,1.92%,$0.01B,$0.41B,1.28%,$0.01B,$0.27B,4.88%,$171,$106,$65,$0,$73,$179,$-8,$-1,$-9,$-4,$-6,$-6,$-6,$-4,$-8,$43,43,$-0.13,$-0.13,$5,$306,$0,$326,$75,$0,$0,$2,$79,$406,$129,$14,$1,$23,$152,$0,$46,$-0,$254,$406,$-6,$4,$0,$5,$0,$-42,$37,$-1,$-5,$-6,$-2,$0,$0,$0,$0,$0,$0,$-2,$14,$-18,$-5,$-1,$-1,$0,$0,$-6,$-14,$0,$0
29,2011-06-30,4.65,$6.02,0.77,$19.20,0.24,$-1.81,0.0,$0.23,20.22,$0.30B,$0.11B,2.71,$0.00B,$0.26B,0.0,$0.82B,$0.31B,38.25%,$0.82B,$0.02B,2.19%,$0.82B,$0.02B,2.19%,$0.82B,$0.04B,4.26%,$0.82B,$0.02B,1.95%,$0.82B,$0.01B,0.97%,$0.01B,$0.26B,3.10%,$0.01B,$0.26B,3.10%,$0.01B,$0.38B,2.06%,$0.02B,$0.26B,6.86%,$195,$122,$73,$0,$74,$196,$-2,$-1,$-2,$-1,$-1,$-1,$-2,$2,$-2,$42,43,$-0.04,$-0.04,$19,$264,$0,$298,$77,$0,$0,$2,$81,$379,$110,$0,$1,$9,$119,$0,$52,$-0,$260,$379,$10,$17,$6,$23,$0,$-26,$3,$-4,$-32,$-0,$-21,$0,$0,$0,$0,$0,$0,$-21,$0,$15,$15,$0,$0,$0,$1,$16,$-4,$2,$0
30,2011-03-31,4.9,$6.05,0.81,$19.40,0.25,$-0.98,0.0,$0.29,16.9,$0.30B,$0.10B,2.92,$0.01B,$0.26B,0.05,$0.83B,$0.32B,38.45%,$0.83B,$0.02B,2.78%,$0.83B,$0.02B,2.78%,$0.83B,$0.04B,4.84%,$0.83B,$0.02B,2.42%,$0.83B,$0.01B,1.33%,$0.01B,$0.26B,4.32%,$0.01B,$0.26B,4.32%,$0.01B,$0.39B,2.88%,$0.02B,$0.28B,8.87%,$174,$108,$67,$0,$72,$180,$-5,$-1,$-6,$-2,$-4,$-4,$-4,$-1,$-5,$43,43,$-0.08,$-0.08,$6,$286,$0,$304,$77,$0,$0,$2,$82,$386,$104,$14,$1,$21,$125,$0,$53,$-0,$261,$386,$11,$13,$2,$15,$0,$-47,$14,$-0,$-37,$-11,$-17,$0,$0,$0,$0,$0,$0,$-17,$14,$-3,$11,$0,$0,$0,$1,$11,$-17,$1,$0
31,2010-12-31,5.28,$6.14,0.86,$19.41,0.27,$0.10,53.55,$0.27,19.56,$0.31B,$0.12B,2.6,$0.00B,$0.26B,0.0,$0.83B,$0.32B,38.30%,$0.83B,$0.02B,2.67%,$0.83B,$0.02B,2.67%,$0.83B,$0.04B,4.73%,$0.83B,$0.02B,2.30%,$0.83B,$0.01B,1.33%,$0.01B,$0.26B,4.38%,$0.01B,$0.26B,4.38%,$0.01B,$0.39B,2.91%,$0.02B,$0.26B,8.73%,$279,$172,$107,$0,$79,$251,$28,$-0,$28,$11,$17,$17,$17,$33,$28,$42,43,$0.40,$0.40,$17,$277,$0,$305,$77,$0,$0,$2,$82,$387,$117,$0,$1,$6,$123,$0,$57,$-0,$264,$387,$15,$9,$-2,$7,$0,$-38,$13,$2,$-13,$9,$-12,$0,$0,$0,$0,$0,$0,$-12,$0,$-3,$-3,$0,$0,$0,$1,$-3,$-6,$1,$0
32,2010-09-30,4.77,$5.72,0.83,$19.77,0.24,$1.28,3.74,$0.30,15.9,$0.32B,$0.15B,2.19,$0.00B,$0.25B,0.02,$0.84B,$0.32B,38.04%,$0.84B,$0.02B,2.87%,$0.84B,$0.02B,2.87%,$0.84B,$0.04B,4.78%,$0.84B,$0.02B,2.51%,$0.84B,$0.01B,1.44%,$0.01B,$0.25B,4.85%,$0.01B,$0.25B,4.85%,$0.01B,$0.40B,3.18%,$0.02B,$0.25B,9.66%,$173,$106,$67,$0,$70,$176,$-3,$-1,$-4,$-2,$-3,$-3,$-3,$1,$-3,$42,42,$-0.06,$-0.06,$5,$306,$0,$324,$74,$0,$0,$2,$79,$403,$148,$4,$1,$8,$157,$0,$39,$-0,$246,$403,$-3,$4,$-1,$3,$0,$-67,$52,$-2,$-20,$-19,$-5,$0,$0,$0,$0,$0,$0,$-5,$4,$1,$5,$0,$0,$0,$0,$6,$-19,$0,$0
33,2010-06-30,3.99,$5.76,0.69,$19.65,0.2,$1.62,2.46,$0.25,15.96,$0.27B,$0.10B,2.79,$0.00B,$0.25B,0.0,$0.83B,$0.31B,37.88%,$0.83B,$0.02B,2.41%,$0.83B,$0.02B,2.41%,$0.83B,$0.04B,4.34%,$0.83B,$0.02B,2.05%,$0.83B,$0.01B,1.21%,$0.01B,$0.25B,4.10%,$0.01B,$0.25B,4.10%,$0.01B,$0.35B,2.70%,$0.02B,$0.25B,8.16%,$201,$124,$77,$0,$73,$198,$3,$-1,$2,$1,$1,$1,$1,$7,$3,$42,42,$0.03,$0.03,$24,$239,$0,$272,$73,$0,$0,$2,$78,$351,$98,$0,$1,$5,$103,$0,$42,$0,$248,$351,$11,$17,$4,$21,$0,$-16,$12,$-1,$1,$32,$-17,$0,$0,$0,$0,$0,$0,$-17,$0,$3,$3,$0,$0,$0,$-0,$3,$18,$2,$0
34,2010-03-31,6.59,$5.72,1.15,$19.47,0.34,$1.76,3.75,$0.18,36.61,$0.29B,$0.12B,2.44,$0.00B,$0.25B,0.0,$0.82B,$0.31B,37.58%,$0.82B,$0.02B,1.84%,$0.82B,$0.02B,1.84%,$0.82B,$0.03B,3.79%,$0.82B,$0.01B,1.47%,$0.82B,$0.01B,0.86%,$0.01B,$0.25B,2.91%,$0.01B,$0.25B,2.91%,$0.01B,$0.37B,1.93%,$0.02B,$0.25B,6.20%,$172,$107,$65,$0,$71,$178,$-6,$-1,$-7,$-3,$-4,$-4,$-4,$-2,$-6,$42,42,$-0.10,$-0.10,$27,$258,$0,$293,$72,$0,$0,$2,$78,$371,$120,$0,$1,$5,$126,$0,$39,$0,$246,$371,$9,$13,$2,$14,$0,$-35,$33,$1,$6,$30,$-13,$0,$0,$0,$0,$0,$0,$-13,$0,$4,$4,$0,$0,$0,$-0,$3,$21,$2,$0
35,2009-12-31,2.58,$5.96,0.43,$19.40,0.13,$1.17,2.2,$0.12,21.5,$0.31B,$0.13B,2.39,$0.00B,$0.25B,0.0,$0.81B,$0.30B,37.32%,$0.81B,$0.01B,1.48%,$0.81B,$0.01B,1.48%,$0.81B,$0.03B,3.45%,$0.81B,$0.01B,1.11%,$0.81B,$0.00B,0.49%,$0.00B,$0.25B,1.68%,$0.00B,$0.25B,1.68%,$0.00B,$0.38B,1.11%,$0.01B,$0.25B,4.90%,$290,$180,$109,$0,$79,$259,$30,$-1,$30,$11,$18,$18,$18,$34,$30,$42,42,$0.43,$0.43,$58,$241,$0,$306,$72,$0,$0,$1,$77,$384,$128,$0,$1,$6,$134,$0,$45,$0,$250,$384,$14,$8,$1,$9,$0,$-18,$31,$4,$32,$55,$-8,$0,$0,$0,$0,$0,$0,$-8,$0,$6,$6,$0,$0,$0,$0,$6,$52,$1,$0
36,2009-09-30,4.16,$5.39,0.77,$19.10,0.22,$0.04,104.52,$-0.00,0.0,$0.30B,$0.14B,2.22,$0.01B,$0.23B,0.02,$0.80B,$0.30B,37.11%,$0.80B,$0.00B,0.38%,$0.80B,$0.00B,0.38%,$0.80B,$0.02B,2.39%,$0.80B,$-0.00B,-0.13%,$0.80B,$-0.00B,-0.13%,$-0.00B,$0.23B,-0.42%,$-0.00B,$0.23B,-0.42%,$-0.00B,$0.38B,-0.28%,$0.00B,$0.24B,1.23%,$166,$102,$63,$0,$70,$173,$-7,$-1,$-8,$-3,$-5,$-5,$-5,$-3,$-7,$42,42,$-0.11,$-0.11,$6,$281,$0,$301,$72,$0,$0,$1,$77,$378,$136,$5,$1,$11,$147,$0,$27,$-0,$231,$378,$-5,$4,$2,$6,$0,$-57,$51,$-4,$-8,$-6,$-4,$0,$0,$0,$0,$0,$0,$-4,$5,$4,$9,$0,$0,$0,$0,$9,$-0,$1,$0
37,2009-06-30,3.37,$5.49,0.61,$19.31,0.17,$-0.41,0.0,$0.01,0.0,$0.24B,$0.08B,3.11,$0.00B,$0.24B,0.0,$0.80B,$0.30B,36.91%,$0.80B,$0.00B,0.37%,$0.80B,$0.00B,0.37%,$0.80B,$0.02B,2.49%,$0.80B,$0.00B,0.00%,$0.80B,$-0.00B,0.00%,$-0.00B,$0.24B,0.00%,$-0.00B,$0.24B,0.00%,$-0.00B,$0.32B,0.00%,$0.00B,$0.24B,1.20%,$189,$119,$70,$0,$72,$191,$-2,$-1,$-3,$-1,$-2,$-2,$-2,$2,$-2,$42,42,$-0.05,$-0.05,$6,$224,$0,$241,$72,$0,$0,$2,$78,$319,$77,$0,$0,$6,$84,$0,$31,$-0,$235,$319,$-0,$18,$0,$18,$0,$17,$-7,$3,$15,$32,$-12,$0,$0,$0,$0,$0,$0,$-12,$-9,$-10,$-18,$0,$0,$0,$-4,$-23,$-3,$3,$0
38,2009-03-31,1.27,$5.68,0.22,$19.50,0.07,$0.26,4.85,$-0.01,0.0,$0.28B,$0.09B,2.96,$0.02B,$0.24B,0.09,$0.81B,$0.29B,36.34%,$0.81B,$0.00B,0.00%,$0.81B,$0.00B,0.00%,$0.81B,$0.02B,2.10%,$0.81B,$-0.00B,-0.25%,$0.81B,$-0.00B,-0.12%,$-0.00B,$0.24B,-0.43%,$-0.00B,$0.24B,-0.43%,$-0.00B,$0.36B,-0.27%,$0.00B,$0.26B,0.00%,$167,$106,$61,$0,$70,$176,$-9,$-1,$-10,$-4,$-7,$-7,$-7,$-5,$-9,$42,42,$-0.16,$-0.16,$6,$261,$0,$277,$74,$0,$0,$2,$81,$358,$94,$22,$0,$29,$122,$0,$33,$-0,$236,$358,$2,$13,$1,$14,$0,$-20,$5,$1,$-13,$3,$-10,$0,$0,$0,$0,$0,$0,$-10,$14,$-5,$8,$0,$0,$0,$-4,$4,$-3,$2,$0
39,2008-12-31,1.63,$5.84,0.28,$19.78,0.08,$1.10,1.49,$0.04,40.75,$0.28B,$0.11B,2.54,$0.00B,$0.24B,0.01,$0.82B,$0.30B,36.22%,$0.82B,$0.00B,0.24%,$0.82B,$0.00B,0.24%,$0.82B,$0.02B,2.32%,$0.82B,0,0.00%,$0.82B,$0.00B,0.12%,$0.00B,$0.24B,0.43%,$0.00B,$0.24B,0.43%,$0.00B,$0.36B,0.27%,$0.00B,$0.24B,0.79%,$273,$172,$101,$0,$80,$252,$21,$-1,$20,$7,$13,$13,$13,$25,$21,$41,42,$0.31,$0.31,$6,$261,$0,$278,$76,$0,$0,$3,$82,$360,$110,$2,$0,$8,$118,$0,$40,$-0,$242,$360,$8,$9,$-3,$6,$0,$-20,$1,$2,$-9,$6,$-7,$0,$0,$0,$0,$0,$0,$-7,$-6,$8,$2,$0,$0,$0,$-3,$-1,$-3,$1,$0
40,2008-09-30,4.13,$5.39,0.77,$20.67,0.2,$2.52,1.64,$0.23,17.96,$0.33B,$0.15B,2.29,$0.03B,$0.23B,0.13,$0.86B,$0.31B,36.33%,$0.86B,$0.02B,1.75%,$0.86B,$0.02B,1.75%,$0.86B,$0.03B,3.86%,$0.86B,$0.01B,1.52%,$0.86B,$0.01B,1.05%,$0.01B,$0.23B,3.85%,$0.01B,$0.23B,3.85%,$0.01B,$0.41B,2.42%,$0.02B,$0.26B,5.93%,$173,$109,$64,$0,$71,$180,$-7,$-0,$-7,$-3,$-4,$-4,$-4,$-2,$-7,$41,41,$-0.10,$-0.10,$5,$307,$0,$333,$77,$0,$0,$3,$80,$412,$145,$30,$0,$38,$183,$0,$27,$-0,$229,$412,$-4,$4,$1,$5,$0,$-66,$46,$-9,$-25,$-24,$-4,$0,$0,$0,$0,$0,$0,$-4,$28,$-4,$24,$0,$0,$0,$0,$24,$-4,$1,$0
41,2008-06-30,4.11,$5.57,0.74,$21.34,0.19,$2.02,2.04,$0.36,11.42,$0.26B,$0.09B,2.81,$0.01B,$0.23B,0.04,$0.89B,$0.32B,36.50%,$0.89B,$0.03B,2.82%,$0.89B,$0.03B,2.82%,$0.89B,$0.04B,4.86%,$0.89B,$0.02B,2.49%,$0.89B,$0.01B,1.58%,$0.01B,$0.23B,6.05%,$0.01B,$0.23B,6.05%,$0.01B,$0.34B,3.66%,$0.03B,$0.24B,10.00%,$196,$128,$68,$0,$73,$202,$-5,$-0,$-5,$-3,$-2,$-2,$-3,$-1,$-5,$41,41,$-0.07,$-0.07,$9,$241,$0,$261,$77,$0,$0,$3,$81,$342,$93,$9,$0,$16,$109,$0,$31,$-0,$233,$342,$14,$18,$5,$23,$0,$48,$-17,$-5,$22,$59,$-12,$0,$0,$0,$0,$0,$0,$-12,$-48,$-1,$-49,$0,$0,$0,$0,$-49,$-2,$3,$0
42,2008-03-31,5.18,$5.62,0.92,$16.60,0.31,$0.87,5.93,$0.42,12.33,$0.29B,$0.10B,2.88,$0.03B,$0.24B,0.13,$0.69B,$0.26B,37.01%,$0.69B,$0.03B,4.35%,$0.69B,$0.03B,4.35%,$0.69B,$0.04B,6.39%,$0.69B,$0.03B,3.92%,$0.69B,$0.02B,2.47%,$0.02B,$0.24B,7.50%,$0.02B,$0.24B,7.50%,$0.02B,$0.37B,4.30%,$0.03B,$0.27B,11.95%,$178,$114,$64,$0,$71,$186,$-7,$-0,$-8,$-3,$-5,$-5,$-5,$-3,$-7,$41,41,$-0.11,$-0.11,$10,$270,$0,$288,$79,$0,$0,$4,$83,$371,$100,$30,$0,$36,$136,$0,$34,$-0,$235,$371,$17,$13,$3,$17,$0,$19,$-12,$-3,$2,$36,$-9,$0,$0,$0,$0,$0,$0,$-8,$-25,$-3,$-28,$0,$0,$0,$0,$-28,$-0,$3,$0
43,2007-12-31,5.07,$5.72,0.89,$16.84,0.3,$0.49,10.3,$0.56,9.05,$0.28B,$0.11B,2.5,$0.01B,$0.24B,0.03,$0.70B,$0.26B,37.43%,$0.70B,$0.04B,5.57%,$0.70B,$0.04B,5.57%,$0.70B,$0.05B,7.57%,$0.70B,$0.04B,5.29%,$0.70B,$0.02B,3.29%,$0.02B,$0.24B,10.40%,$0.02B,$0.24B,10.40%,$0.02B,$0.36B,5.74%,$0.04B,$0.25B,15.65%,$309,$194,$115,$0,$81,$274,$34,$-1,$33,$13,$21,$21,$21,$39,$34,$41,41,$0.50,$0.50,$12,$259,$0,$278,$81,$0,$0,$4,$85,$363,$111,$7,$0,$13,$125,$0,$39,$0,$239,$363,$22,$9,$1,$10,$0,$29,$-17,$-1,$31,$64,$-6,$0,$0,$0,$0,$0,$0,$-6,$-50,$-6,$-56,$-0,$-0,$0,$0,$-56,$2,$2,$0
44,2007-09-30,8.99,$5.26,1.71,$9.39,0.96,$-0.89,0.0,$0.06,149.83,$0.37B,$0.20B,1.85,$0.03B,$0.22B,0.14,$0.39B,$0.15B,37.60%,$0.39B,$0.01B,1.28%,$0.39B,$0.01B,1.28%,$0.39B,$0.01B,3.58%,$0.39B,$0.00B,1.02%,$0.39B,$0.00B,0.51%,$0.00B,$0.22B,1.24%,$0.00B,$0.22B,1.24%,$0.00B,$0.46B,0.65%,$0.01B,$0.25B,2.66%,$202,$126,$76,$0,$73,$198,$3,$-1,$2,$1,$1,$1,$1,$8,$3,$41,42,$0.03,$0.03,$12,$346,$0,$368,$82,$0,$0,$4,$87,$455,$199,$30,$0,$38,$237,$0,$18,$0,$218,$455,$1,$4,$4,$9,$0,$-57,$5,$-4,$-56,$-46,$-3,$0,$0,$0,$0,$0,$0,$-3,$48,$3,$51,$-0,$-0,$0,$0,$51,$2,$1,$0
45,2007-06-30,12.36,$0.00,0.0,$9.22,1.34,$-0.27,0.0,$0.11,112.36,$0.31B,$0.14B,2.17,$0.03B,$0.22B,0.14,$0.38B,$0.14B,37.60%,$0.38B,$0.01B,2.09%,$0.38B,$0.01B,2.09%,$0.38B,$0.02B,4.18%,$0.38B,$0.01B,1.83%,$0.38B,$0.00B,1.04%,$0.00B,$0.22B,2.47%,$0.00B,$0.22B,2.47%,$0.00B,$0.39B,1.33%,$0.01B,$0.25B,4.16%,$0,$0,$0,$0,$0,$0,$0,$0,$0,$0,$0,$0,$0,$0,$0,$0,0,$0.00,$0.00,$10,$289,$0,$306,$84,$0,$0,$4,$88,$394,$141,$30,$0,$38,$179,$0,$17,$-0,$215,$394,$0,$0,$0,$0,$0,$0,$0,$0,$0,$0,$0,$0,$0,$0,$0,$0,$0,$0,$0,$0,$0,$0,$0,$0,$0,$0,$0,$0,$0
46,2007-03-31,14.84,$5.13,2.89,$14.21,1.04,$-0.89,0.0,$0.18,82.44,$0.30B,$0.12B,2.45,$0.05B,$0.21B,0.21,$0.59B,$0.22B,36.89%,$0.59B,$0.22B,36.55%,$0.59B,$0.01B,1.35%,$0.59B,$0.23B,38.58%,$0.59B,$0.01B,2.03%,$0.59B,$0.01B,1.18%,$0.01B,$0.21B,4.33%,$0.01B,$0.21B,4.33%,$0.01B,$0.39B,2.41%,$0.22B,$0.26B,113.83%,$189,$118,$71,$0,$69,$188,$2,$0,$2,$1,$1,$1,$1,$6,$2,$41,42,$0.03,$0.03,$10,$281,$0,$301,$85,$0,$0,$3,$89,$390,$123,$46,$0,$55,$178,$0,$15,$-0,$213,$390,$28,$13,$4,$17,$0,$-40,$17,$2,$-22,$24,$-12,$0,$0,$0,$0,$0,$0,$-12,$25,$0,$25,$1,$1,$-33,$0,$-8,$4,$3,$-33
47,2006-12-31,14.75,$0.00,0.0,$14.17,1.04,$-1.97,0.0,$0.31,47.58,$0.00B,$0.00B,0.0,$0.00B,$0.00B,0.0,$0.59B,$0.22B,37.46%,$0.59B,$0.22B,37.97%,$0.59B,$0.02B,2.71%,$0.59B,$0.23B,39.32%,$0.59B,$0.02B,3.39%,$0.59B,$0.01B,2.20%,$0.01B,$0.00B,8.09%,$0.01B,$0.00B,8.09%,$0.01B,$0.00B,4.59%,$0.22B,$0.00B,121.24%,$0,$0,$0,$0,$0,$0,$0,$0,$0,$0,$0,$0,$0,$0,$0,$0,0,$0.00,$0.00,$0,$0,$0,$0,$0,$0,$0,$0,$0,$0,$0,$0,$0,$0,$0,$0,$0,$0,$0,$0,$0,$0,$0,$0,$0,$0,$0,$0,$0,$0,$0,$0,$0,$0,$0,$0,$0,$0,$0,$0,$0,$0,$0,$0,$0,$0,$0,$0,$0
