,Date,Stock Price,Book Value per Share,Price to Book Ratio,TTM Sales per Share,Price to Sales Ratio,TTM FCF per Share,Price to FCF Ratio,TTM Net EPS,PE Ratio,Current Assets,Current Liabilities,Current Ratio,Long Term Debt,Shareholder's Equity_x,Debt to Equity Ratio,TTM Revenue_x,TTM Gross Profit,Gross Margin,TTM Revenue_y,TTM Operating Income,Operating Margin,TTM Revenue_x,TTM EBIT,EBIT Margin,TTM Revenue_y,TTM EBITDA,EBITDA Margin,TTM Revenue_x,TTM Pre-Tax Income,Pre-Tax Margin,TTM Revenue_y,TTM Net Income_x,Net Margin,TTM Net Income_y,Shareholder's Equity_y,Return on Equity,TTM Net Income_x,Tangible Equity,Return on Tangible Equity,TTM Net Income_y,Total Assets,Return on Assets,TTM Net Income,LT Investments & Debt,Return on Investment,revenue,cost-goods-sold,gross-profit,research-development-expenses,selling-general-administrative-expenses,operating-expenses,operating-income,total-non-operating-income-expense,pre-tax-income,total-provision-income-taxes,income-after-taxes,income-from-continuous-operations,net-income,ebitda,ebit,basic-shares-outstanding,shares-outstanding,eps-basic-net-earnings-per-share,eps-earnings-per-share-diluted,cash-on-hand,inventory,other-current-assets,total-current-assets,net-property-plant-equipment,long-term-investments,goodwill-intangible-assets-total,other-long-term-assets,total-long-term-assets,total-assets,total-current-liabilities,long-term-debt,other-non-current-liabilities,total-long-term-liabilities,total-liabilities,common-stock-net,retained-earnings-accumulated-deficit,comprehensive-income,total-share-holder-equity,total-liabilities-share-holders-equity,net-income-loss,total-depreciation-amortization-cash-flow,other-non-cash-items,total-non-cash-items,change-in-accounts-receivable,change-in-inventories,change-in-accounts-payable,change-in-assets-liabilities,total-change-in-assets-liabilities,cash-flow-from-operating-activities,net-change-in-property-plant-equipment,net-change-in-intangible-assets,net-acquisitions-divestitures,net-change-in-short-term-investments,net-change-in-long-term-investments,net-change-in-investments-total,investing-activities-other,cash-flow-from-investing-activities,net-long-term-debt,net-current-debt,debt-issuance-retirement-net-total,net-common-equity-issued-repurchased,net-total-equity-issued-repurchased,total-common-preferred-stock-dividends-paid,financial-activities-other,cash-flow-from-financial-activities,net-cash-flow,stock-based-compensation,common-stock-dividends-paid
0,2018-09-30,33.45,$-4.83,-6.93,$42.56,0.79,$1.20,27.78,$-3.66,0.0,$0.63B,$0.78B,0.8,$0.60B,$-0.24B,-2.57,$2.15B,$1.44B,66.65%,$2.15B,$0.32B,14.86%,$2.15B,$0.32B,14.86%,$2.15B,$0.32B,14.86%,$2.15B,$0.28B,13.05%,$2.15B,$-0.19B,-8.73%,$-0.19B,$-0.24B,117.87%,$-0.19B,$-0.37B,63.09%,$-0.19B,$1.37B,-13.58%,$0.32B,$0.37B,71.87%,$486,$164,$322,$0,$253,$419,$67,$-10,$57,$18,$39,$39,$39,$67,$67,$49,49,$0.79,$0.79,$118,$280,$0,$629,$274,$0,$133,$43,$736,$1365,$783,$604,$213,$817,$1599,$1,$1079,$-590,$-235,$1365,$0,$0,$0,$0,$0,$0,$0,$0,$0,$14,$-19,$0,$0,$0,$0,$0,$0,$-19,$-2,$201,$199,$-101,$-101,$-104,$0,$-6,$-25,$0,$-104
1,2018-06-30,41.24,$-3.51,-11.75,$43.24,0.95,$2.11,19.56,$-3.84,0.0,$0.63B,$0.70B,0.91,$0.60B,$-0.18B,-3.44,$2.21B,$1.47B,66.61%,$2.21B,$0.32B,14.54%,$2.21B,$0.32B,14.54%,$2.21B,$0.32B,14.54%,$2.21B,$0.28B,12.69%,$2.21B,$-0.20B,-8.88%,$-0.20B,$-0.18B,472.29%,$-0.20B,$-0.31B,106.67%,$-0.20B,$1.34B,-13.33%,$0.32B,$0.43B,56.97%,$535,$174,$362,$0,$273,$436,$99,$-11,$89,$25,$64,$64,$64,$99,$99,$51,51,$1.26,$1.26,$98,$282,$0,$631,$272,$0,$134,$47,$707,$1338,$695,$604,$214,$818,$1514,$1,$1074,$-572,$-176,$1338,$0,$0,$0,$0,$0,$0,$0,$0,$0,$-39,$-5,$0,$0,$0,$0,$0,$0,$-5,$-1,$128,$126,$-51,$-51,$-70,$0,$5,$-45,$0,$-70
2,2018-03-31,47.64,$-2.12,-22.47,$43.96,1.08,$2.72,17.54,$-5.44,0.0,$0.70B,$0.73B,0.96,$0.61B,$-0.11B,-5.58,$2.25B,$1.50B,66.73%,$2.25B,$0.22B,9.84%,$2.25B,$0.22B,9.84%,$2.25B,$0.22B,9.84%,$2.25B,$0.18B,7.93%,$2.25B,$-0.28B,-12.38%,$-0.28B,$-0.11B,-455.74%,$-0.28B,$-0.25B,326.10%,$-0.28B,$1.45B,-17.93%,$0.22B,$0.50B,33.18%,$543,$179,$364,$0,$289,$474,$69,$-11,$58,$23,$36,$36,$36,$69,$69,$51,51,$0.70,$0.70,$158,$287,$0,$702,$284,$0,$145,$49,$743,$1445,$730,$605,$219,$824,$1553,$1,$1045,$-522,$-108,$1445,$0,$0,$0,$0,$0,$0,$0,$0,$0,$-41,$-9,$0,$0,$0,$0,$0,$0,$-9,$-1,$97,$97,$-1,$-1,$-35,$0,$61,$15,$0,$-35
3,2017-12-31,60.88,$-2.34,-26.03,$44.26,1.38,$3.03,20.08,$-5.21,0.0,$0.63B,$0.66B,0.96,$0.61B,$-0.12B,-5.07,$2.26B,$1.51B,66.95%,$2.26B,$0.23B,10.15%,$2.26B,$0.23B,10.15%,$2.26B,$0.23B,10.15%,$2.26B,$0.18B,8.15%,$2.26B,$-0.27B,-11.83%,$-0.27B,$-0.12B,-172.26%,$-0.27B,$-0.26B,3337.50%,$-0.27B,$1.39B,-16.59%,$0.23B,$0.49B,30.12%,$589,$202,$387,$0,$282,$504,$85,$-8,$77,$404,$-327,$-327,$-327,$85,$85,$51,51,$-6.43,$-6.41,$144,$262,$0,$631,$278,$0,$141,$41,$758,$1388,$659,$605,$244,$849,$1507,$1,$1043,$-529,$-119,$1388,$-265,$61,$416,$477,$-34,$-19,$0,$-0,$6,$217,$-58,$0,$0,$0,$0,$0,$0,$-58,$-2,$16,$14,$9,$9,$-140,$0,$-117,$51,$23,$-140
4,2017-09-30,59.38,$4.65,12.78,$44.52,1.33,$4.09,14.51,$2.75,21.59,$0.62B,$0.64B,0.98,$0.61B,$0.24B,2.56,$2.27B,$1.53B,67.34%,$2.27B,$0.25B,10.97%,$2.27B,$0.25B,10.97%,$2.27B,$0.26B,11.55%,$2.27B,$0.20B,8.86%,$2.27B,$0.14B,6.13%,$0.14B,$0.24B,58.40%,$0.14B,$0.09B,229.75%,$0.14B,$1.71B,8.38%,$0.25B,$0.84B,29.52%,$540,$183,$357,$0,$284,$471,$68,$-12,$56,$25,$31,$31,$31,$68,$68,$51,51,$0.62,$0.61,$119,$291,$0,$624,$276,$0,$147,$34,$1085,$1709,$635,$605,$232,$837,$1472,$1,$1408,$-527,$237,$1709,$0,$0,$0,$0,$0,$0,$0,$0,$0,$82,$-41,$0,$0,$0,$0,$0,$0,$-41,$-2,$76,$75,$9,$9,$-104,$0,$-20,$27,$0,$-104
5,2017-06-30,66.69,$4.59,14.52,$44.28,1.51,$4.98,13.38,$3.10,21.51,$0.61B,$0.60B,1.02,$0.61B,$0.23B,2.59,$2.25B,$1.52B,67.70%,$2.25B,$0.27B,12.08%,$2.25B,$0.27B,12.08%,$2.25B,$0.30B,13.28%,$2.25B,$0.22B,9.95%,$2.25B,$0.16B,6.97%,$0.16B,$0.23B,69.39%,$0.16B,$0.08B,483.08%,$0.16B,$1.66B,9.54%,$0.27B,$0.84B,32.68%,$573,$183,$390,$0,$299,$574,$-1,$-12,$-13,$5,$-18,$-18,$-18,$-1,$-1,$51,51,$-0.35,$-0.35,$85,$288,$0,$610,$268,$0,$150,$33,$1051,$1661,$596,$605,$226,$831,$1427,$1,$1412,$-529,$234,$1661,$0,$0,$0,$0,$0,$0,$0,$0,$0,$14,$-27,$0,$0,$0,$0,$0,$0,$-27,$-1,$60,$59,$9,$9,$-69,$0,$-1,$-8,$0,$-69
6,2017-03-31,58.99,$5.28,11.18,$44.14,1.34,$5.40,10.92,$4.47,13.2,$0.60B,$0.59B,1.03,$0.61B,$0.27B,2.26,$2.24B,$1.52B,67.54%,$2.24B,$0.36B,15.83%,$2.24B,$0.36B,15.83%,$2.24B,$0.40B,17.70%,$2.24B,$0.31B,13.69%,$2.24B,$0.23B,10.12%,$0.23B,$0.27B,106.95%,$0.23B,$0.06B,22700.00%,$0.23B,$1.68B,13.86%,$0.36B,$0.87B,43.35%,$555,$178,$377,$0,$298,$478,$77,$-13,$64,$17,$47,$47,$47,$77,$77,$51,51,$0.94,$0.93,$98,$268,$0,$603,$269,$0,$211,$33,$1075,$1678,$585,$606,$219,$825,$1410,$1,$1467,$-535,$268,$1678,$0,$0,$0,$0,$0,$0,$0,$0,$0,$-18,$-16,$0,$0,$0,$0,$0,$0,$-16,$-0,$68,$67,$2,$2,$-35,$0,$34,$5,$0,$-35
7,2016-12-31,48.95,$4.20,11.65,$43.65,1.12,$5.74,8.53,$4.40,11.12,$0.55B,$0.55B,1.0,$0.61B,$0.21B,2.85,$2.21B,$1.50B,67.66%,$2.21B,$0.35B,15.72%,$2.21B,$0.35B,15.72%,$2.21B,$0.41B,18.29%,$2.21B,$0.30B,13.60%,$2.21B,$0.22B,10.07%,$0.22B,$0.21B,118.77%,$0.22B,$0.01B,-810.91%,$0.22B,$1.59B,13.66%,$0.35B,$0.82B,43.77%,$601,$197,$404,$0,$300,$496,$105,$-11,$94,$15,$79,$79,$79,$118,$105,$51,51,$1.56,$1.56,$93,$240,$0,$545,$260,$0,$200,$30,$1043,$1588,$548,$606,$221,$827,$1375,$1,$1455,$-572,$213,$1588,$224,$58,$-17,$41,$1,$-3,$0,$4,$-26,$239,$-26,$0,$0,$0,$0,$0,$0,$-26,$-2,$-52,$-54,$-1,$-1,$-139,$1,$-193,$13,$20,$-139
8,2016-09-30,60.04,$3.75,16.0,$43.55,1.38,$5.16,11.63,$4.00,15.01,$0.61B,$0.63B,0.96,$0.61B,$0.19B,3.2,$2.21B,$1.50B,67.80%,$2.21B,$0.34B,15.24%,$2.21B,$0.34B,15.24%,$2.21B,$0.40B,17.96%,$2.21B,$0.29B,13.11%,$2.21B,$0.20B,9.16%,$0.20B,$0.19B,115.59%,$0.20B,$-0.02B,-423.04%,$0.20B,$1.66B,12.35%,$0.34B,$0.80B,42.94%,$522,$168,$353,$0,$284,$431,$91,$-12,$79,$31,$49,$49,$49,$105,$91,$51,51,$0.97,$0.96,$99,$275,$0,$606,$256,$0,$213,$30,$1049,$1655,$633,$607,$226,$833,$1466,$1,$1412,$-544,$190,$1655,$145,$44,$-11,$33,$-7,$-23,$0,$-15,$-85,$92,$-6,$0,$0,$0,$0,$0,$0,$-6,$-2,$33,$31,$-1,$-1,$-104,$0,$-73,$19,$13,$-104
9,2016-06-30,51.14,$3.52,14.51,$43.63,1.17,$4.41,11.59,$3.76,13.6,$0.59B,$0.62B,0.94,$0.61B,$0.18B,3.41,$2.20B,$1.49B,67.65%,$2.20B,$0.31B,13.93%,$2.20B,$0.31B,13.93%,$2.20B,$0.37B,16.70%,$2.20B,$0.26B,11.84%,$2.20B,$0.19B,8.58%,$0.19B,$0.18B,119.24%,$0.19B,$-0.04B,-270.97%,$0.19B,$1.63B,11.54%,$0.31B,$0.79B,40.04%,$565,$184,$381,$0,$298,$483,$82,$-11,$70,$18,$52,$52,$52,$97,$82,$51,51,$1.04,$1.03,$79,$270,$0,$585,$256,$0,$220,$30,$1045,$1631,$621,$607,$225,$832,$1453,$1,$1397,$-538,$178,$1631,$96,$31,$18,$48,$-19,$-14,$0,$1,$-113,$32,$-23,$0,$0,$0,$0,$0,$0,$-23,$-1,$58,$57,$-0,$-0,$-69,$0,$-13,$-1,$8,$-69
10,2016-03-31,52.04,$3.36,15.5,$44.18,1.18,$4.45,11.7,$3.96,13.14,$0.62B,$0.68B,0.92,$0.61B,$0.17B,3.59,$2.23B,$1.51B,67.77%,$2.23B,$0.32B,14.54%,$2.23B,$0.32B,14.54%,$2.23B,$0.39B,17.32%,$2.23B,$0.28B,12.43%,$2.23B,$0.20B,8.93%,$0.20B,$0.17B,125.55%,$0.20B,$-0.06B,-254.31%,$0.20B,$1.66B,12.04%,$0.32B,$0.78B,42.24%,$526,$166,$360,$0,$289,$456,$70,$-12,$58,$15,$43,$43,$43,$85,$70,$50,51,$0.86,$0.86,$99,$274,$0,$623,$253,$0,$227,$29,$1034,$1657,$677,$608,$203,$811,$1488,$1,$1381,$-524,$170,$1657,$43,$15,$13,$28,$-20,$-17,$0,$-1,$-79,$-8,$-9,$0,$0,$0,$0,$0,$0,$-9,$-0,$67,$66,$-1,$-1,$-35,$0,$31,$19,$4,$-35
11,2015-12-31,49.35,$3.19,15.46,$45.36,1.09,$4.31,11.46,$3.69,13.37,$0.55B,$0.61B,0.9,$0.61B,$0.16B,3.78,$2.28B,$1.54B,67.43%,$2.28B,$0.32B,13.79%,$2.28B,$0.32B,13.79%,$2.28B,$0.38B,16.55%,$2.28B,$0.26B,11.38%,$2.28B,$0.19B,8.14%,$0.19B,$0.16B,118.28%,$0.19B,$-0.07B,-211.36%,$0.19B,$1.60B,11.12%,$0.32B,$0.77B,41.11%,$592,$191,$401,$0,$306,$499,$93,$-12,$82,$24,$58,$58,$58,$109,$93,$50,50,$1.17,$1.15,$80,$255,$0,$551,$254,$0,$229,$27,$1048,$1598,$614,$608,$215,$823,$1437,$1,$1371,$-522,$161,$1598,$186,$63,$4,$67,$-11,$-8,$0,$-17,$-27,$226,$-43,$0,$0,$0,$0,$0,$0,$-43,$-3,$-36,$-39,$15,$15,$-138,$5,$-157,$3,$20,$-138
12,2015-09-30,43.37,$2.49,17.39,$46.94,0.92,$5.03,8.62,$4.17,10.4,$0.73B,$0.71B,1.03,$0.61B,$0.13B,4.88,$2.37B,$1.59B,67.07%,$2.37B,$0.34B,14.38%,$2.37B,$0.34B,14.38%,$2.37B,$0.40B,17.03%,$2.37B,$0.29B,12.14%,$2.37B,$0.21B,8.85%,$0.21B,$0.13B,128.44%,$0.21B,$-0.11B,-227.64%,$0.21B,$1.66B,12.24%,$0.34B,$0.73B,44.09%,$521,$173,$349,$0,$289,$459,$62,$-11,$51,$14,$36,$36,$36,$77,$62,$50,50,$0.72,$0.72,$93,$286,$0,$728,$255,$0,$236,$28,$935,$1663,$709,$609,$221,$830,$1539,$1,$1364,$-515,$125,$1663,$128,$47,$15,$62,$-21,$-35,$0,$-28,$-117,$72,$-25,$0,$0,$0,$0,$0,$0,$-25,$-2,$82,$80,$7,$7,$-104,$2,$-15,$16,$12,$-104
13,2015-06-30,55.83,$3.56,15.69,$48.13,1.16,$5.06,11.04,$4.08,13.68,$0.73B,$0.69B,1.06,$0.61B,$0.18B,3.43,$2.44B,$1.62B,66.48%,$2.44B,$0.33B,13.69%,$2.44B,$0.33B,13.69%,$2.44B,$0.40B,16.31%,$2.44B,$0.29B,11.68%,$2.44B,$0.21B,8.44%,$0.21B,$0.18B,104.97%,$0.21B,$-0.08B,-277.44%,$0.21B,$1.69B,11.66%,$0.33B,$0.79B,41.34%,$589,$189,$400,$0,$310,$490,$99,$-13,$86,$24,$62,$62,$62,$115,$99,$50,50,$1.24,$1.23,$74,$299,$0,$725,$263,$0,$253,$28,$969,$1694,$687,$609,$221,$830,$1517,$1,$1368,$-453,$178,$1694,$92,$32,$20,$51,$-23,$-23,$0,$-11,$-119,$24,$-13,$0,$0,$0,$0,$0,$0,$-13,$-2,$62,$60,$4,$4,$-70,$0,$-5,$-3,$8,$-70
14,2015-03-31,59.09,$3.31,17.83,$49.64,1.19,$5.20,11.35,$3.78,15.63,$0.75B,$0.74B,1.02,$0.61B,$0.17B,3.69,$2.53B,$1.67B,66.18%,$2.53B,$0.33B,13.15%,$2.53B,$0.33B,13.15%,$2.53B,$0.40B,15.68%,$2.53B,$0.27B,10.65%,$2.53B,$0.19B,7.60%,$0.19B,$0.17B,86.10%,$0.19B,$-0.10B,-318.67%,$0.19B,$1.73B,10.56%,$0.33B,$0.78B,39.67%,$582,$192,$390,$0,$313,$521,$61,$-20,$41,$12,$30,$30,$30,$77,$61,$50,50,$0.59,$0.59,$84,$301,$0,$754,$265,$0,$263,$26,$979,$1733,$740,$610,$218,$828,$1568,$1,$1341,$-431,$165,$1733,$30,$16,$19,$34,$-13,$-16,$0,$-6,$-76,$-12,$-12,$0,$0,$0,$0,$0,$0,$-12,$-1,$72,$71,$2,$2,$-36,$1,$38,$7,$4,$-36
15,2014-12-31,53.39,$3.74,14.28,$51.05,1.05,$5.12,10.44,$4.21,12.68,$0.64B,$0.74B,0.86,$0.61B,$0.19B,3.29,$2.61B,$1.72B,66.12%,$2.61B,$0.37B,14.12%,$2.61B,$0.37B,14.12%,$2.61B,$0.43B,16.58%,$2.61B,$0.30B,11.47%,$2.61B,$0.21B,8.21%,$0.21B,$0.19B,85.86%,$0.21B,$-0.09B,-478.21%,$0.21B,$1.77B,11.53%,$0.37B,$0.80B,42.52%,$680,$228,$452,$0,$331,$561,$119,$-9,$110,$27,$82,$82,$82,$135,$119,$50,51,$1.65,$1.62,$77,$306,$0,$635,$290,$0,$270,$32,$1135,$1770,$740,$612,$232,$845,$1584,$1,$1348,$-409,$186,$1770,$214,$64,$12,$77,$-28,$-40,$0,$11,$-7,$284,$-62,$0,$0,$0,$0,$0,$0,$-62,$-3,$-2,$-5,$-77,$-77,$-136,$6,$-211,$-50,$19,$-136
16,2014-09-30,57.85,$5.08,11.38,$51.22,1.13,$5.73,10.1,$4.32,13.39,$0.80B,$0.78B,1.03,$0.62B,$0.26B,2.41,$2.64B,$1.75B,66.10%,$2.64B,$0.38B,14.23%,$2.64B,$0.38B,14.23%,$2.64B,$0.44B,16.65%,$2.64B,$0.31B,11.54%,$2.64B,$0.22B,8.40%,$0.22B,$0.26B,83.46%,$0.22B,$-0.04B,-584.21%,$0.22B,$1.87B,11.85%,$0.38B,$0.87B,42.52%,$589,$209,$380,$0,$322,$534,$55,$-7,$48,$16,$32,$32,$32,$71,$55,$50,51,$0.64,$0.63,$89,$348,$0,$800,$293,$0,$295,$35,$1070,$1870,$778,$616,$219,$835,$1614,$1,$1301,$-334,$256,$1870,$132,$48,$25,$73,$-26,$-59,$0,$-17,$-116,$89,$-40,$0,$0,$0,$0,$0,$0,$-40,$-3,$85,$82,$-28,$-28,$-101,$9,$-38,$-38,$12,$-101
17,2014-06-30,69.49,$5.66,12.27,$51.19,1.36,$6.51,10.68,$4.64,14.98,$0.80B,$0.77B,1.05,$0.62B,$0.29B,2.17,$2.66B,$1.77B,66.65%,$2.66B,$0.40B,14.94%,$2.66B,$0.40B,14.94%,$2.66B,$0.46B,17.28%,$2.66B,$0.32B,12.12%,$2.66B,$0.24B,9.03%,$0.24B,$0.29B,88.89%,$0.24B,$-0.02B,-592.59%,$0.24B,$1.90B,12.79%,$0.40B,$0.90B,44.66%,$674,$226,$449,$0,$349,$577,$97,$-27,$70,$22,$48,$48,$48,$113,$97,$50,51,$0.95,$0.93,$83,$352,$0,$799,$301,$0,$305,$36,$1098,$1897,$765,$618,$230,$847,$1612,$1,$1308,$-310,$285,$1897,$100,$32,$25,$57,$-27,$-47,$0,$-19,$-113,$44,$-26,$0,$0,$0,$0,$0,$0,$-26,$-2,$64,$62,$-21,$-21,$-67,$7,$-19,$-45,$9,$-67
18,2014-03-31,68.97,$5.35,12.89,$50.86,1.36,$7.17,9.62,$5.14,13.42,$0.81B,$0.76B,1.06,$0.62B,$0.27B,2.29,$2.67B,$1.78B,66.79%,$2.67B,$0.41B,15.39%,$2.67B,$0.41B,15.39%,$2.67B,$0.47B,17.60%,$2.67B,$0.35B,13.22%,$2.67B,$0.27B,10.03%,$0.27B,$0.27B,94.78%,$0.27B,$-0.04B,-864.52%,$0.27B,$1.88B,14.43%,$0.41B,$0.89B,45.57%,$663,$222,$442,$0,$345,$567,$97,$-26,$71,$19,$52,$52,$52,$113,$97,$50,51,$1.04,$1.02,$100,$326,$0,$808,$298,$0,$305,$35,$1076,$1884,$762,$619,$233,$852,$1614,$1,$1298,$-316,$270,$1884,$52,$16,$12,$27,$-32,$-19,$0,$-25,$-97,$-18,$-10,$0,$0,$0,$0,$0,$0,$-10,$-1,$59,$58,$-12,$-12,$-33,$6,$19,$-28,$5,$-33
19,2013-12-31,77.19,$5.03,15.36,$50.00,1.54,$7.83,9.86,$5.18,14.9,$0.78B,$0.74B,1.06,$0.62B,$0.25B,2.45,$2.67B,$1.78B,66.72%,$2.67B,$0.40B,15.09%,$2.67B,$0.40B,15.09%,$2.67B,$0.46B,17.18%,$2.67B,$0.36B,13.48%,$2.67B,$0.27B,10.26%,$0.27B,$0.25B,84.37%,$0.27B,$-0.06B,10960.00%,$0.27B,$1.84B,14.69%,$0.40B,$0.87B,42.68%,$717,$241,$476,$0,$347,$591,$127,$-10,$116,$26,$90,$90,$90,$143,$127,$52,53,$1.76,$1.73,$127,$313,$0,$779,$301,$0,$310,$33,$1065,$1844,$738,$620,$234,$854,$1591,$1,$1289,$-317,$253,$1844,$274,$56,$9,$65,$-17,$-33,$0,$11,$-15,$324,$-60,$0,$0,$0,$0,$0,$0,$-60,$198,$28,$225,$-358,$-358,$-117,$12,$-238,$8,$20,$-117
20,2013-09-30,70.05,$5.33,13.15,$49.10,1.43,$7.01,9.99,$4.78,14.66,$0.86B,$0.77B,1.12,$0.62B,$0.27B,2.28,$2.67B,$1.78B,66.79%,$2.67B,$0.39B,14.56%,$2.67B,$0.39B,14.56%,$2.67B,$0.44B,16.55%,$2.67B,$0.35B,13.06%,$2.67B,$0.26B,9.72%,$0.26B,$0.27B,67.93%,$0.26B,$-0.05B,491.00%,$0.26B,$1.88B,13.92%,$0.39B,$0.89B,40.86%,$603,$200,$404,$0,$325,$527,$76,$-11,$65,$15,$50,$50,$50,$90,$76,$51,52,$0.97,$0.95,$126,$353,$0,$856,$291,$0,$321,$30,$1025,$1880,$767,$619,$222,$841,$1608,$1,$1234,$-305,$272,$1880,$185,$39,$9,$48,$-29,$-65,$0,$2,$-107,$126,$-35,$0,$0,$0,$0,$0,$0,$-35,$198,$87,$285,$-285,$-285,$-85,$12,$-73,$6,$12,$-85
21,2013-06-30,62.56,$6.44,9.72,$48.17,1.3,$6.52,9.6,$4.68,13.37,$0.82B,$0.66B,1.25,$0.62B,$0.34B,1.84,$2.66B,$1.77B,66.68%,$2.66B,$0.39B,14.57%,$2.66B,$0.39B,14.57%,$2.66B,$0.44B,16.53%,$2.66B,$0.35B,13.18%,$2.66B,$0.26B,9.68%,$0.26B,$0.34B,58.34%,$0.26B,$0.02B,240.19%,$0.26B,$1.82B,13.92%,$0.39B,$0.96B,40.42%,$688,$226,$462,$0,$349,$577,$111,$-10,$101,$25,$76,$76,$76,$124,$111,$52,54,$1.46,$1.43,$112,$333,$0,$823,$283,$0,$318,$35,$997,$1820,$659,$619,$207,$826,$1484,$1,$1220,$-313,$336,$1820,$135,$25,$1,$26,$-32,$-41,$0,$2,$-89,$71,$-17,$0,$0,$0,$0,$0,$0,$-17,$199,$-18,$181,$-187,$-187,$-53,$9,$-50,$-7,$8,$-53
22,2013-03-31,65.32,$8.21,7.96,$46.61,1.4,$5.95,10.97,$3.47,18.82,$0.87B,$0.63B,1.38,$0.62B,$0.44B,1.42,$2.61B,$1.74B,66.78%,$2.61B,$0.31B,11.85%,$2.61B,$0.31B,11.85%,$2.61B,$0.36B,13.81%,$2.61B,$0.27B,10.51%,$2.61B,$0.19B,7.44%,$0.19B,$0.44B,41.12%,$0.19B,$0.10B,141.86%,$0.19B,$1.92B,10.60%,$0.31B,$1.06B,32.96%,$663,$223,$440,$0,$349,$574,$89,$-11,$78,$20,$58,$58,$58,$102,$89,$54,55,$1.09,$1.06,$147,$330,$0,$870,$287,$0,$339,$35,$1049,$1919,$630,$620,$232,$852,$1481,$1,$1179,$-260,$438,$1919,$58,$12,$6,$19,$-25,$-21,$0,$-6,$-63,$14,$-9,$0,$0,$0,$0,$0,$0,$-9,$200,$-71,$128,$-90,$-90,$-20,$8,$27,$28,$5,$-20
23,2012-12-31,50.81,$8.86,5.73,$45.69,1.11,$5.11,9.95,$3.43,14.81,$0.77B,$0.70B,1.1,$0.41B,$0.48B,0.87,$2.58B,$1.73B,66.83%,$2.58B,$0.31B,11.84%,$2.58B,$0.31B,11.84%,$2.58B,$0.36B,13.82%,$2.58B,$0.27B,10.57%,$2.58B,$0.19B,7.51%,$0.19B,$0.48B,39.05%,$0.19B,$0.14B,137.83%,$0.19B,$1.82B,10.63%,$0.31B,$0.89B,33.57%,$711,$237,$474,$0,$343,$599,$112,$-9,$104,$29,$75,$75,$75,$125,$112,$55,56,$1.36,$1.33,$120,$314,$0,$767,$299,$0,$336,$36,$1055,$1822,$695,$414,$234,$648,$1343,$1,$1172,$-271,$479,$1822,$193,$51,$86,$137,$-21,$-23,$0,$-1,$-31,$299,$-65,$0,$0,$0,$0,$0,$0,$-65,$-2,$6,$4,$-192,$-192,$-78,$14,$-253,$-18,$20,$-78
24,2012-09-30,42.25,$9.18,4.6,$44.10,0.96,$4.31,9.8,$3.59,11.77,$0.81B,$0.68B,1.19,$0.42B,$0.51B,0.82,$2.55B,$1.70B,66.81%,$2.55B,$0.32B,12.40%,$2.55B,$0.32B,12.40%,$2.55B,$0.37B,14.36%,$2.55B,$0.28B,11.10%,$2.55B,$0.21B,8.08%,$0.21B,$0.51B,41.02%,$0.21B,$0.17B,160.00%,$0.21B,$1.82B,11.28%,$0.32B,$0.92B,34.46%,$594,$200,$395,$0,$318,$519,$75,$-8,$67,$20,$48,$48,$48,$88,$75,$55,56,$0.86,$0.85,$114,$341,$0,$810,$288,$0,$341,$36,$1014,$1823,$679,$415,$221,$636,$1315,$1,$1123,$-274,$509,$1823,$119,$37,$85,$122,$-33,$-47,$0,$-10,$-129,$112,$-41,$0,$0,$0,$0,$0,$0,$-41,$-2,$47,$46,$-95,$-95,$-58,$12,$-95,$-24,$11,$-58
25,2012-06-30,42.9,$8.25,5.2,$43.48,0.99,$3.83,11.19,$2.91,14.74,$0.78B,$0.65B,1.2,$0.41B,$0.46B,0.9,$2.56B,$1.71B,66.81%,$2.56B,$0.28B,10.75%,$2.56B,$0.28B,10.75%,$2.56B,$0.33B,12.71%,$2.56B,$0.24B,9.46%,$2.56B,$0.17B,6.61%,$0.17B,$0.46B,33.01%,$0.17B,$0.14B,141.13%,$0.17B,$1.76B,9.13%,$0.28B,$0.88B,29.66%,$639,$207,$432,$0,$329,$606,$33,$-9,$25,$12,$13,$13,$13,$45,$33,$56,57,$0.23,$0.22,$98,$321,$0,$781,$277,$0,$323,$35,$976,$1756,$652,$414,$229,$643,$1295,$1,$1099,$-310,$461,$1756,$71,$25,$80,$104,$-26,$-36,$0,$-16,$-124,$51,$-25,$0,$0,$0,$0,$0,$0,$-25,$-1,$40,$39,$-72,$-72,$-38,$9,$-62,$-40,$7,$-38
26,2012-03-31,49.41,$9.60,5.15,$42.79,1.15,$3.80,13.02,$3.72,13.28,$0.81B,$0.71B,1.14,$0.42B,$0.54B,0.78,$2.59B,$1.73B,66.71%,$2.59B,$0.35B,13.44%,$2.59B,$0.35B,13.44%,$2.59B,$0.40B,15.45%,$2.59B,$0.30B,11.51%,$2.59B,$0.22B,8.54%,$0.22B,$0.54B,36.74%,$0.22B,$0.12B,130.00%,$0.22B,$1.90B,11.56%,$0.35B,$0.95B,34.19%,$640,$213,$426,$0,$340,$553,$86,$-9,$77,$19,$58,$58,$58,$99,$86,$56,57,$1.04,$1.02,$106,$331,$0,$810,$288,$0,$422,$34,$1091,$1901,$714,$416,$234,$650,$1364,$1,$1115,$-256,$538,$1901,$58,$12,$7,$19,$0,$-23,$0,$-36,$-103,$-25,$-18,$0,$0,$0,$0,$0,$0,$-18,$-0,$68,$68,$-50,$-50,$-17,$5,$6,$-33,$4,$-17
27,2011-12-31,43.31,$8.86,4.89,$41.61,1.04,$4.17,10.39,$3.58,12.1,$0.77B,$0.67B,1.14,$0.42B,$0.50B,0.83,$2.59B,$1.72B,66.65%,$2.59B,$0.34B,13.27%,$2.59B,$0.34B,13.27%,$2.59B,$0.40B,15.28%,$2.59B,$0.30B,11.41%,$2.59B,$0.22B,8.47%,$0.22B,$0.50B,32.47%,$0.22B,$0.10B,95.32%,$0.22B,$1.82B,11.29%,$0.34B,$0.92B,31.36%,$676,$226,$450,$0,$328,$554,$122,$-8,$114,$27,$87,$87,$87,$134,$122,$60,61,$1.50,$1.47,$138,$303,$0,$769,$273,$0,$406,$34,$1053,$1823,$673,$415,$233,$648,$1322,$1,$1092,$-296,$501,$1823,$218,$51,$78,$130,$-2,$-50,$0,$-1,$-73,$275,$-69,$0,$0,$0,$0,$0,$0,$-69,$-14,$194,$179,$-413,$-413,$-74,$6,$-301,$-111,$18,$-74
28,2011-09-30,41.35,$9.44,4.38,$40.87,1.01,$4.79,8.64,$3.34,12.38,$0.80B,$0.70B,1.14,$0.42B,$0.55B,0.76,$2.56B,$1.70B,66.46%,$2.56B,$0.34B,13.18%,$2.56B,$0.34B,13.18%,$2.56B,$0.39B,15.25%,$2.56B,$0.29B,11.35%,$2.56B,$0.21B,8.31%,$0.21B,$0.55B,28.52%,$0.21B,$0.13B,74.15%,$0.21B,$1.92B,10.72%,$0.34B,$0.96B,28.91%,$603,$202,$401,$0,$329,$569,$34,$-8,$26,$16,$11,$11,$11,$47,$34,$59,61,$0.18,$0.17,$110,$329,$0,$804,$266,$0,$415,$38,$1118,$1922,$704,$417,$254,$671,$1374,$1,$1025,$-261,$548,$1922,$131,$40,$64,$104,$-17,$-68,$0,$-27,$-143,$93,$-46,$0,$0,$0,$0,$0,$0,$-46,$-14,$214,$200,$-323,$-323,$-56,$5,$-174,$-139,$10,$-56
29,2011-06-30,51.65,$13.36,3.87,$39.11,1.32,$5.25,9.85,$3.79,13.63,$0.79B,$0.50B,1.59,$0.42B,$0.82B,0.51,$2.48B,$1.65B,66.38%,$2.48B,$0.37B,14.73%,$2.48B,$0.37B,14.73%,$2.48B,$0.42B,16.83%,$2.48B,$0.32B,12.80%,$2.48B,$0.24B,9.74%,$0.24B,$0.82B,30.50%,$0.24B,$0.34B,74.92%,$0.24B,$2.00B,12.26%,$0.37B,$1.24B,30.04%,$670,$220,$450,$0,$344,$564,$106,$-25,$81,$16,$65,$65,$65,$120,$106,$62,63,$1.05,$1.03,$116,$326,$0,$792,$268,$0,$481,$40,$1211,$2003,$500,$418,$266,$684,$1184,$1,$1034,$-187,$819,$2003,$121,$27,$14,$41,$-17,$-41,$0,$-11,$-112,$50,$-23,$0,$0,$0,$0,$0,$0,$-23,$-13,$0,$-13,$-117,$-117,$-38,$5,$-163,$-133,$7,$-38
30,2011-03-31,45.5,$13.31,3.42,$37.33,1.22,$5.86,7.77,$3.66,12.43,$0.82B,$0.46B,1.78,$0.43B,$0.83B,0.52,$2.38B,$1.58B,66.54%,$2.38B,$0.34B,14.29%,$2.38B,$0.34B,14.29%,$2.38B,$0.39B,16.44%,$2.38B,$0.31B,13.07%,$2.38B,$0.24B,9.88%,$0.24B,$0.83B,30.93%,$0.24B,$0.35B,79.32%,$0.24B,$2.01B,12.20%,$0.34B,$1.26B,28.67%,$636,$215,$422,$0,$339,$556,$81,$-7,$74,$18,$56,$56,$56,$94,$81,$62,64,$0.90,$0.88,$176,$306,$0,$824,$265,$0,$477,$32,$1184,$2009,$464,$428,$287,$715,$1178,$1,$991,$-212,$830,$2009,$56,$13,$4,$17,$-7,$-20,$0,$-6,$-85,$-13,$-11,$0,$0,$0,$0,$0,$0,$-11,$-1,$0,$-1,$-41,$-41,$-19,$6,$-55,$-73,$4,$-19
31,2010-12-31,36.13,$12.60,2.87,$36.03,1.0,$6.33,5.71,$3.51,10.29,$0.85B,$0.50B,1.7,$0.43B,$0.79B,0.54,$2.30B,$1.53B,66.70%,$2.30B,$0.33B,14.35%,$2.30B,$0.33B,14.35%,$2.30B,$0.38B,16.52%,$2.30B,$0.30B,13.04%,$2.30B,$0.23B,9.83%,$0.23B,$0.79B,31.50%,$0.23B,$0.33B,87.60%,$0.23B,$2.02B,12.06%,$0.33B,$1.22B,28.88%,$655,$224,$431,$0,$306,$538,$117,$-7,$110,$29,$81,$81,$81,$130,$117,$63,64,$1.29,$1.28,$249,$279,$0,$849,$258,$0,$465,$30,$1167,$2016,$500,$427,$299,$726,$1226,$1,$969,$-247,$790,$2016,$226,$50,$53,$103,$-18,$-29,$0,$-5,$-30,$300,$-46,$0,$0,$0,$0,$0,$0,$-46,$-2,$0,$-2,$-46,$-46,$-63,$7,$-104,$136,$15,$-63
32,2010-09-30,34.46,$11.64,2.96,$35.64,0.97,$5.72,6.03,$3.56,9.68,$0.75B,$0.44B,1.7,$0.43B,$0.74B,0.58,$2.27B,$1.52B,66.89%,$2.27B,$0.34B,14.88%,$2.27B,$0.34B,14.88%,$2.27B,$0.39B,17.13%,$2.27B,$0.30B,13.39%,$2.27B,$0.23B,10.08%,$0.23B,$0.74B,33.70%,$0.23B,$0.28B,102.69%,$0.23B,$1.87B,12.55%,$0.34B,$1.16B,30.61%,$523,$177,$346,$0,$285,$462,$62,$-9,$53,$13,$40,$40,$40,$74,$62,$63,64,$0.64,$0.62,$123,$314,$0,$752,$247,$0,$460,$29,$1116,$1868,$442,$427,$263,$690,$1132,$1,$912,$-259,$735,$1868,$145,$38,$18,$55,$-8,$-65,$0,$-16,$-96,$104,$-25,$0,$0,$0,$0,$0,$0,$-25,$-2,$1,$-1,$-18,$-18,$-47,$5,$-61,$10,$8,$-47
33,2010-06-30,29.84,$10.85,2.75,$35.47,0.84,$6.14,4.86,$3.44,8.67,$0.72B,$0.44B,1.62,$0.42B,$0.68B,0.62,$2.26B,$1.52B,66.98%,$2.26B,$0.33B,14.63%,$2.26B,$0.33B,14.63%,$2.26B,$0.38B,16.98%,$2.26B,$0.29B,12.95%,$2.26B,$0.22B,9.77%,$0.22B,$0.68B,34.13%,$0.22B,$0.23B,113.92%,$0.22B,$1.81B,12.12%,$0.33B,$1.11B,30.44%,$565,$182,$384,$0,$301,$485,$80,$-6,$74,$16,$58,$58,$58,$93,$80,$63,64,$0.92,$0.90,$121,$286,$0,$715,$240,$0,$453,$27,$1096,$1811,$442,$422,$262,$685,$1127,$1,$894,$-282,$684,$1811,$105,$25,$6,$31,$-11,$-40,$0,$-7,$-51,$85,$-19,$0,$0,$0,$0,$0,$0,$-19,$-1,$0,$-1,$-18,$-18,$-32,$4,$-46,$9,$5,$-32
34,2010-03-31,35.88,$10.51,3.42,$34.95,1.03,$6.27,5.72,$3.06,11.73,$0.70B,$0.45B,1.54,$0.43B,$0.66B,0.64,$2.22B,$1.48B,66.61%,$2.22B,$0.31B,13.77%,$2.22B,$0.31B,13.77%,$2.22B,$0.36B,16.16%,$2.22B,$0.27B,12.06%,$2.22B,$0.20B,8.82%,$0.20B,$0.66B,31.99%,$0.20B,$0.20B,120.25%,$0.20B,$1.80B,10.74%,$0.31B,$1.09B,28.24%,$557,$184,$373,$0,$301,$487,$71,$-8,$63,$16,$47,$47,$47,$83,$71,$63,64,$0.75,$0.73,$95,$276,$0,$699,$250,$0,$460,$35,$1104,$1803,$454,$425,$264,$688,$1142,$1,$862,$-260,$661,$1803,$47,$13,$7,$20,$-14,$-15,$0,$-12,$-52,$14,$-9,$0,$0,$0,$0,$0,$0,$-9,$-1,$9,$8,$-15,$-15,$-16,$1,$-22,$-17,$3,$-16
35,2009-12-31,34.48,$10.11,3.41,$33.64,1.03,$5.68,6.07,$2.74,12.58,$0.70B,$0.46B,1.51,$0.43B,$0.64B,0.67,$2.13B,$1.41B,66.26%,$2.13B,$0.28B,12.97%,$2.13B,$0.28B,12.97%,$2.13B,$0.33B,15.46%,$2.13B,$0.24B,11.14%,$2.13B,$0.18B,8.22%,$0.18B,$0.64B,31.14%,$0.18B,$0.19B,149.89%,$0.18B,$1.82B,9.68%,$0.28B,$1.06B,25.84%,$626,$210,$416,$0,$302,$502,$125,$-11,$114,$29,$84,$84,$84,$139,$125,$62,63,$1.34,$1.32,$112,$266,$0,$697,$255,$0,$453,$33,$1122,$1819,$461,$426,$294,$721,$1181,$1,$836,$-263,$638,$1819,$175,$53,$19,$71,$-23,$4,$0,$8,$4,$251,$-38,$0,$0,$0,$0,$0,$11,$-27,$-142,$-2,$-144,$-44,$-44,$-55,$15,$-228,$-12,$13,$-55
36,2009-09-30,29.4,$9.59,3.07,$32.05,0.92,$3.63,8.09,$2.49,11.81,$0.72B,$0.44B,1.66,$0.49B,$0.61B,0.8,$2.02B,$1.33B,65.81%,$2.02B,$0.25B,12.20%,$2.02B,$0.25B,12.20%,$2.02B,$0.30B,14.82%,$2.02B,$0.21B,10.23%,$2.02B,$0.16B,7.76%,$0.16B,$0.61B,30.13%,$0.16B,$0.16B,215.81%,$0.16B,$1.86B,8.72%,$0.25B,$1.09B,23.25%,$514,$172,$342,$0,$284,$459,$55,$-13,$42,$10,$32,$32,$32,$69,$55,$63,64,$0.52,$0.50,$120,$283,$0,$724,$253,$0,$448,$36,$1138,$1862,$436,$487,$332,$820,$1255,$1,$782,$-249,$607,$1862,$91,$39,$41,$79,$-23,$-5,$0,$6,$-42,$129,$-23,$0,$0,$0,$0,$0,$3,$-20,$-81,$-2,$-83,$-10,$-10,$-41,$8,$-126,$-5,$7,$-41
37,2009-06-30,19.05,$8.69,2.19,$32.12,0.59,$1.58,12.04,$2.43,7.84,$0.71B,$0.40B,1.79,$0.55B,$0.55B,1.0,$2.02B,$1.32B,65.10%,$2.02B,$0.24B,11.62%,$2.02B,$0.24B,11.62%,$2.02B,$0.29B,14.34%,$2.02B,$0.20B,9.79%,$2.02B,$0.15B,7.56%,$0.15B,$0.55B,29.97%,$0.15B,$0.11B,347.73%,$0.15B,$1.82B,8.36%,$0.24B,$1.09B,21.82%,$525,$176,$349,$0,$274,$470,$55,$-6,$49,$16,$33,$33,$33,$68,$55,$62,63,$0.53,$0.52,$158,$264,$0,$714,$247,$0,$438,$33,$1103,$1817,$399,$547,$327,$873,$1272,$1,$774,$-293,$545,$1817,$59,$25,$33,$57,$-14,$7,$0,$12,$-29,$87,$-14,$0,$0,$0,$0,$0,$0,$-14,$-21,$-2,$-23,$3,$3,$-27,$0,$-47,$33,$5,$-27
38,2009-03-31,12.34,$7.31,1.69,$32.98,0.37,$0.16,79.35,$2.47,5.0,$0.66B,$0.39B,1.69,$0.57B,$0.46B,1.24,$2.08B,$1.35B,64.94%,$2.08B,$0.24B,11.34%,$2.08B,$0.24B,11.34%,$2.08B,$0.29B,14.12%,$2.08B,$0.20B,9.37%,$2.08B,$0.16B,7.49%,$0.16B,$0.46B,29.62%,$0.16B,$0.02B,462.22%,$0.16B,$1.73B,8.35%,$0.24B,$1.02B,21.37%,$463,$160,$303,$0,$259,$422,$41,$-9,$32,$7,$26,$26,$26,$53,$41,$62,63,$0.41,$0.41,$91,$267,$0,$655,$237,$0,$441,$25,$1074,$1730,$388,$565,$319,$884,$1272,$1,$755,$-356,$458,$1730,$26,$12,$-0,$12,$-13,$-3,$0,$-9,$-59,$-22,$-9,$0,$0,$0,$0,$0,$0,$-9,$-0,$12,$11,$1,$1,$-14,$0,$-2,$-33,$3,$-14
39,2008-12-31,16.2,$7.61,2.13,$34.19,0.47,$-0.26,0.0,$2.57,6.3,$0.70B,$0.45B,1.56,$0.57B,$0.47B,1.2,$2.16B,$1.40B,64.66%,$2.16B,$0.24B,11.29%,$2.16B,$0.24B,11.29%,$2.16B,$0.31B,14.15%,$2.16B,$0.20B,9.39%,$2.16B,$0.16B,7.49%,$0.16B,$0.47B,29.33%,$0.16B,$0.01B,510.24%,$0.16B,$1.79B,8.39%,$0.24B,$1.04B,21.45%,$522,$184,$338,$0,$262,$426,$96,$-13,$84,$18,$66,$66,$66,$110,$96,$62,63,$1.07,$1.05,$125,$277,$0,$704,$245,$0,$465,$25,$1086,$1790,$452,$567,$297,$864,$1316,$1,$743,$-325,$474,$1790,$161,$62,$8,$70,$-12,$-51,$0,$-27,$-100,$131,$-48,$0,$0,$0,$0,$0,$9,$-39,$-22,$-3,$-24,$2,$2,$-54,$10,$-67,$22,$9,$-54
40,2008-09-30,19.48,$9.11,2.14,$35.14,0.55,$0.74,26.23,$2.39,8.15,$0.81B,$0.53B,1.52,$0.59B,$0.57B,1.04,$2.22B,$1.43B,64.55%,$2.22B,$0.23B,10.19%,$2.22B,$0.23B,10.19%,$2.22B,$0.29B,13.08%,$2.22B,$0.19B,8.39%,$2.22B,$0.15B,6.81%,$0.15B,$0.57B,26.75%,$0.15B,$0.04B,598.02%,$0.15B,$1.98B,7.74%,$0.23B,$1.15B,19.56%,$513,$186,$327,$0,$285,$470,$43,$-11,$33,$5,$28,$28,$28,$59,$43,$62,63,$0.44,$0.43,$146,$318,$0,$808,$261,$0,$520,$30,$1174,$1982,$531,$588,$299,$887,$1418,$1,$698,$-171,$565,$1982,$96,$48,$8,$56,$-19,$-63,$0,$-26,$-144,$7,$-33,$0,$0,$0,$0,$0,$8,$-25,$-2,$101,$99,$-3,$-3,$-41,$8,$64,$44,$5,$-41
41,2008-06-30,23.98,$9.83,2.44,$34.26,0.7,$1.62,14.76,$2.06,11.64,$0.76B,$0.48B,1.59,$0.59B,$0.61B,0.97,$2.16B,$1.40B,64.75%,$2.16B,$0.21B,9.59%,$2.16B,$0.21B,9.59%,$2.16B,$0.28B,12.88%,$2.16B,$0.16B,7.32%,$2.16B,$0.13B,6.02%,$0.13B,$0.61B,24.05%,$0.13B,$0.07B,-3250.00%,$0.13B,$1.97B,6.82%,$0.21B,$1.20B,18.17%,$584,$199,$384,$0,$317,$528,$56,$-9,$46,$10,$36,$36,$36,$72,$56,$62,64,$0.58,$0.56,$90,$310,$0,$755,$275,$0,$543,$33,$1218,$1973,$475,$592,$297,$889,$1364,$1,$690,$-110,$610,$1973,$68,$32,$24,$56,$-14,$-37,$0,$-40,$-119,$5,$-22,$0,$0,$0,$0,$0,$8,$-15,$-2,$16,$14,$6,$6,$-27,$0,$-7,$-13,$3,$-27
42,2008-03-31,26.94,$9.07,2.97,$32.91,0.82,$2.67,10.1,$2.06,13.08,$0.75B,$0.51B,1.49,$0.60B,$0.56B,1.06,$2.07B,$1.34B,64.75%,$2.07B,$0.21B,9.91%,$2.07B,$0.21B,9.91%,$2.07B,$0.28B,13.39%,$2.07B,$0.16B,7.54%,$2.07B,$0.13B,6.29%,$0.13B,$0.56B,25.59%,$0.13B,$0.01B,-339.87%,$0.13B,$1.98B,7.02%,$0.21B,$1.16B,18.40%,$543,$195,$349,$0,$298,$495,$49,$-9,$40,$8,$32,$32,$32,$65,$49,$61,63,$0.52,$0.51,$87,$292,$0,$754,$276,$0,$552,$34,$1224,$1978,$506,$595,$318,$913,$1418,$1,$672,$-129,$560,$1978,$32,$16,$11,$27,$-18,$-16,$0,$-44,$-107,$-48,$-10,$0,$0,$0,$0,$0,$6,$-3,$-1,$47,$45,$-0,$-0,$-14,$0,$32,$-16,$2,$-14
43,2007-12-31,22.86,$8.50,2.69,$31.68,0.72,$3.56,6.41,$1.87,12.23,$0.70B,$0.45B,1.55,$0.59B,$0.52B,1.13,$1.98B,$1.29B,64.88%,$1.98B,$0.19B,9.79%,$1.98B,$0.19B,9.79%,$1.98B,$0.27B,13.42%,$1.98B,$0.14B,7.16%,$1.98B,$0.12B,5.95%,$0.12B,$0.52B,24.89%,$0.12B,$-0.02B,-166.20%,$0.12B,$1.87B,6.61%,$0.19B,$1.11B,17.71%,$577,$206,$371,$0,$293,$499,$78,$-11,$67,$12,$55,$55,$55,$94,$78,$61,63,$0.88,$0.87,$103,$270,$0,$700,$266,$0,$540,$32,$1169,$1869,$450,$590,$306,$896,$1346,$1,$658,$-146,$523,$1869,$117,$72,$20,$92,$-15,$-37,$0,$6,$-32,$177,$-32,$0,$0,$0,$0,$0,$7,$-25,$-107,$-1,$-108,$4,$4,$-54,$3,$-156,$1,$8,$-54
44,2007-09-30,21.66,$7.65,2.83,$30.40,0.71,$3.56,6.08,$1.64,13.21,$0.64B,$0.44B,1.46,$0.62B,$0.47B,1.32,$1.89B,$1.23B,64.89%,$1.89B,$0.17B,9.10%,$1.89B,$0.17B,9.10%,$1.89B,$0.25B,13.11%,$1.89B,$0.12B,6.24%,$1.89B,$0.10B,5.45%,$0.10B,$0.47B,23.22%,$0.10B,$-0.07B,-98.33%,$0.10B,$1.80B,5.90%,$0.17B,$1.09B,15.82%,$455,$161,$294,$0,$261,$431,$24,$-19,$5,$-2,$7,$7,$7,$47,$24,$61,63,$0.11,$0.11,$65,$289,$0,$642,$262,$0,$543,$31,$1159,$1801,$439,$620,$272,$892,$1331,$1,$621,$-156,$469,$1801,$62,$56,$14,$70,$-24,$-52,$0,$-13,$-81,$50,$-20,$0,$0,$0,$0,$0,$4,$-16,$-669,$28,$-641,$5,$5,$-40,$602,$-76,$-37,$4,$-40
45,2007-06-30,19.63,$7.77,2.53,$29.65,0.66,$3.69,5.33,$1.75,11.22,$0.62B,$0.39B,1.58,$0.62B,$0.48B,1.29,$1.83B,$1.19B,64.88%,$1.83B,$0.17B,9.18%,$1.83B,$0.17B,9.18%,$1.83B,$0.24B,12.94%,$1.83B,$0.12B,6.61%,$1.83B,$0.11B,5.95%,$0.11B,$0.48B,26.09%,$0.11B,$-0.07B,-82.89%,$0.11B,$1.76B,6.40%,$0.17B,$1.10B,15.48%,$493,$168,$325,$0,$272,$439,$54,$-11,$44,$8,$36,$36,$36,$71,$54,$61,63,$0.58,$0.56,$86,$265,$0,$617,$260,$0,$551,$33,$1139,$1756,$391,$620,$264,$884,$1276,$1,$631,$-166,$480,$1756,$55,$33,$3,$36,$-10,$-32,$0,$-5,$-28,$64,$-15,$0,$0,$0,$0,$0,$4,$-11,$-68,$0,$-68,$23,$23,$-27,$2,$-70,$-16,$3,$-27
46,2007-03-31,16.9,$6.93,2.44,$28.98,0.58,$3.35,5.04,$1.60,10.56,$0.59B,$0.39B,1.51,$0.66B,$0.42B,1.55,$1.78B,$1.15B,64.66%,$1.78B,$0.16B,8.89%,$1.78B,$0.16B,8.89%,$1.78B,$0.23B,12.94%,$1.78B,$0.11B,6.13%,$1.78B,$0.10B,5.51%,$0.10B,$0.42B,25.50%,$0.10B,$-0.12B,-60.59%,$0.10B,$1.71B,5.89%,$0.16B,$1.08B,14.67%,$457,$161,$296,$0,$258,$419,$38,$-12,$26,$7,$20,$20,$20,$54,$38,$60,62,$0.33,$0.32,$75,$252,$0,$591,$254,$0,$547,$33,$1122,$1713,$392,$656,$241,$897,$1289,$1,$613,$-185,$424,$1713,$20,$16,$7,$23,$-6,$-20,$0,$-15,$-34,$8,$-10,$0,$0,$0,$0,$0,$0,$-10,$-25,$0,$-25,$10,$10,$-13,$1,$-28,$-28,$1,$-13
47,2006-12-31,15.18,$6.61,2.3,$28.50,0.53,$3.25,4.67,$1.54,9.86,$0.59B,$0.36B,1.63,$0.68B,$0.40B,1.7,$1.74B,$1.13B,64.74%,$1.74B,$0.15B,8.72%,$1.74B,$0.15B,8.72%,$1.74B,$0.23B,13.07%,$1.74B,$0.10B,5.96%,$1.74B,$0.09B,5.39%,$0.09B,$0.40B,25.67%,$0.09B,$-0.15B,-51.58%,$0.09B,$1.71B,5.70%,$0.15B,$1.08B,14.08%,$487,$174,$312,$0,$255,$430,$56,$-13,$43,$3,$40,$40,$40,$76,$56,$60,61,$0.67,$0.65,$102,$233,$0,$587,$257,$0,$552,$32,$1126,$1712,$359,$681,$272,$952,$1312,$1,$614,$-191,$401,$1712,$94,$76,$1,$77,$-21,$5,$0,$3,$2,$173,$-31,$0,$-105,$0,$0,$0,$5,$-132,$-76,$-1,$-77,$7,$7,$-53,$1,$-123,$-79,$7,$-53
