,Date,Stock Price,Book Value per Share,Price to Book Ratio,TTM Sales per Share,Price to Sales Ratio,TTM FCF per Share,Price to FCF Ratio,TTM Net EPS,PE Ratio,Current Assets,Current Liabilities,Current Ratio,Long Term Debt,Shareholder's Equity_x,Debt to Equity Ratio,TTM Revenue_x,TTM Gross Profit,Gross Margin,TTM Revenue_y,TTM Operating Income,Operating Margin,TTM Revenue_x,TTM EBIT,EBIT Margin,TTM Revenue_y,TTM EBITDA,EBITDA Margin,TTM Revenue_x,TTM Pre-Tax Income,Pre-Tax Margin,TTM Revenue_y,TTM Net Income_x,Net Margin,TTM Net Income_y,Shareholder's Equity_y,Return on Equity,TTM Net Income_x,Tangible Equity,Return on Tangible Equity,TTM Net Income_y,Total Assets,Return on Assets,TTM Net Income,LT Investments & Debt,Return on Investment,revenue,cost-goods-sold,gross-profit,research-development-expenses,selling-general-administrative-expenses,operating-expenses,operating-income,total-non-operating-income-expense,pre-tax-income,total-provision-income-taxes,income-after-taxes,income-from-continuous-operations,net-income,ebitda,ebit,basic-shares-outstanding,shares-outstanding,eps-basic-net-earnings-per-share,eps-earnings-per-share-diluted,cash-on-hand,inventory,other-current-assets,total-current-assets,net-property-plant-equipment,long-term-investments,goodwill-intangible-assets-total,other-long-term-assets,total-long-term-assets,total-assets,total-current-liabilities,long-term-debt,other-non-current-liabilities,total-long-term-liabilities,total-liabilities,common-stock-net,retained-earnings-accumulated-deficit,comprehensive-income,total-share-holder-equity,total-liabilities-share-holders-equity,net-income-loss,total-depreciation-amortization-cash-flow,other-non-cash-items,total-non-cash-items,change-in-accounts-receivable,change-in-inventories,change-in-accounts-payable,change-in-assets-liabilities,total-change-in-assets-liabilities,cash-flow-from-operating-activities,net-change-in-property-plant-equipment,net-change-in-intangible-assets,net-acquisitions-divestitures,net-change-in-short-term-investments,net-change-in-long-term-investments,net-change-in-investments-total,investing-activities-other,cash-flow-from-investing-activities,net-long-term-debt,net-current-debt,debt-issuance-retirement-net-total,net-common-equity-issued-repurchased,net-total-equity-issued-repurchased,total-common-preferred-stock-dividends-paid,financial-activities-other,cash-flow-from-financial-activities,net-cash-flow,stock-based-compensation,common-stock-dividends-paid
0,2018-09-30,17.74,$9.58,1.85,$9.40,1.89,$0.95,18.62,$0.49,36.2,$4.04B,$2.29B,1.76,$6.50B,$5.57B,1.17,$5.29B,$2.27B,42.99%,$5.29B,$1.06B,19.98%,$5.29B,$1.06B,19.98%,$5.29B,$1.06B,19.98%,$5.29B,$0.71B,13.46%,$5.29B,$0.34B,6.43%,$0.34B,$5.57B,6.29%,$0.34B,$3.27B,11.03%,$0.34B,$15.21B,2.20%,$1.06B,$12.08B,8.78%,$1322,$750,$572,$0,$319,$1093,$229,$-114,$115,$37,$78,$78,$52,$229,$229,$575,575,$0.09,$0.09,$2242,$55,$637,$4039,$4449,$3155,$2300,$165,$11166,$15205,$2294,$6503,$364,$7337,$9631,$259,$4144,$237,$5574,$15205,$0,$0,$0,$0,$0,$0,$0,$0,$0,$0,$0,$0,$0,$0,$0,$0,$0,$0,$0,$0,$0,$0,$0,$0,$0,$0,$0,$0,$0
1,2018-06-30,18.95,$9.18,2.06,$9.26,2.05,$0.95,19.89,$0.60,31.58,$4.32B,$2.45B,1.77,$6.63B,$5.35B,1.24,$5.25B,$2.27B,43.24%,$5.25B,$1.04B,19.71%,$5.25B,$1.04B,19.71%,$5.25B,$1.04B,19.71%,$5.25B,$0.75B,14.19%,$5.25B,$0.35B,6.72%,$0.35B,$5.35B,6.51%,$0.35B,$3.09B,11.55%,$0.35B,$15.30B,2.26%,$1.04B,$11.98B,8.60%,$1380,$780,$601,$0,$322,$935,$446,$-67,$379,$133,$246,$246,$222,$446,$446,$581,581,$0.38,$0.38,$2306,$59,$749,$4324,$4329,$3159,$2263,$153,$10979,$15304,$2450,$6634,$374,$7505,$9954,$254,$3991,$210,$5349,$15304,$0,$0,$0,$0,$0,$0,$0,$0,$0,$0,$0,$0,$0,$0,$0,$0,$0,$0,$0,$0,$0,$0,$0,$0,$0,$0,$0,$0,$0
2,2018-03-31,15.88,$9.34,1.7,$9.00,1.76,$0.95,16.67,$0.35,45.36,$4.07B,$2.66B,1.53,$6.54B,$5.41B,1.21,$5.12B,$2.22B,43.34%,$5.12B,$0.80B,15.61%,$5.12B,$0.80B,15.61%,$5.12B,$0.80B,15.61%,$5.12B,$0.52B,10.20%,$5.12B,$0.21B,4.08%,$0.21B,$5.41B,3.85%,$0.21B,$3.02B,6.94%,$0.21B,$15.45B,1.34%,$0.80B,$11.95B,6.72%,$1218,$697,$521,$0,$319,$1025,$194,$-112,$82,$29,$53,$53,$36,$194,$194,$589,589,$0.06,$0.06,$2017,$56,$644,$4071,$4495,$3219,$2390,$153,$11383,$15454,$2663,$6542,$365,$7381,$10044,$266,$4089,$208,$5410,$15454,$0,$0,$0,$0,$0,$0,$0,$0,$0,$0,$0,$0,$0,$0,$0,$0,$0,$0,$0,$0,$0,$0,$0,$0,$0,$0,$0,$0,$0
3,2017-12-31,18.57,$10.77,1.72,$8.84,2.1,$0.95,19.5,$0.41,45.3,$4.61B,$2.69B,1.72,$6.87B,$5.28B,1.3,$5.00B,$2.16B,43.19%,$5.00B,$0.76B,15.11%,$5.00B,$0.76B,15.11%,$5.00B,$0.76B,15.11%,$5.00B,$0.58B,11.51%,$5.00B,$0.24B,4.80%,$0.24B,$5.28B,4.55%,$0.24B,$2.95B,8.32%,$0.24B,$15.75B,1.56%,$0.76B,$12.15B,6.48%,$1369,$789,$580,$0,$333,$1181,$188,$-52,$136,$76,$60,$60,$30,$188,$188,$493,515,$0.05,$0.03,$2372,$79,$590,$4613,$4543,$3119,$2334,$11,$11139,$15753,$2691,$6866,$398,$7780,$10471,$264,$3974,$244,$5282,$15753,$575,$1009,$422,$1431,$-54,$19,$0,$-158,$-676,$1330,$-840,$-94,$0,$14,$2,$16,$-1,$-919,$-63,$-99,$-162,$0,$0,$-83,$-628,$-873,$-467,$79,$-83
4,2017-09-30,24.54,$9.60,2.56,$8.87,2.77,$1.07,22.91,$0.41,59.86,$4.29B,$2.91B,1.47,$6.38B,$5.66B,1.13,$5.01B,$2.21B,44.10%,$5.01B,$0.81B,16.11%,$5.01B,$0.81B,16.11%,$5.01B,$0.81B,16.11%,$5.01B,$0.53B,10.57%,$5.01B,$0.24B,4.81%,$0.24B,$5.66B,4.59%,$0.24B,$3.17B,8.53%,$0.24B,$15.92B,1.54%,$0.81B,$12.04B,6.89%,$1283,$715,$568,$0,$334,$1076,$207,$-59,$148,$54,$94,$94,$65,$207,$207,$594,594,$0.11,$0.11,$2497,$89,$642,$4287,$4770,$3078,$2494,$10,$11631,$15918,$2912,$6375,$419,$7345,$10257,$280,$4166,$235,$5661,$15918,$0,$0,$0,$0,$0,$0,$0,$0,$0,$0,$0,$0,$0,$0,$0,$0,$0,$0,$0,$0,$0,$0,$0,$0,$0,$0,$0,$0,$0
5,2017-06-30,24.24,$9.04,2.68,$8.93,2.72,$1.07,22.63,$0.39,62.16,$4.35B,$3.16B,1.38,$6.10B,$5.34B,1.14,$5.00B,$2.23B,44.68%,$5.00B,$0.84B,16.75%,$5.00B,$0.84B,16.75%,$5.00B,$0.84B,16.75%,$5.00B,$0.50B,10.06%,$5.00B,$0.23B,4.66%,$0.23B,$5.34B,4.54%,$0.23B,$2.91B,8.56%,$0.23B,$15.46B,1.50%,$0.84B,$11.44B,7.12%,$1248,$699,$549,$0,$319,$1038,$210,$-54,$156,$53,$103,$103,$78,$210,$210,$591,591,$0.13,$0.13,$2528,$102,$626,$4350,$4612,$2835,$2432,$8,$11106,$15457,$3159,$6104,$363,$6961,$10120,$268,$3914,$185,$5337,$15457,$0,$0,$0,$0,$0,$0,$0,$0,$0,$0,$0,$0,$0,$0,$0,$0,$0,$0,$0,$0,$0,$0,$0,$0,$0,$0,$0,$0,$0
6,2017-03-31,25.71,$8.28,3.11,$9.06,2.84,$1.07,24.0,$0.40,64.27,$4.29B,$2.79B,1.54,$6.18B,$4.82B,1.28,$5.05B,$2.28B,45.18%,$5.05B,$0.86B,16.97%,$5.05B,$0.86B,16.97%,$5.05B,$0.86B,16.97%,$5.05B,$0.49B,9.74%,$5.05B,$0.23B,4.61%,$0.23B,$4.82B,4.53%,$0.23B,$2.52B,8.62%,$0.23B,$14.60B,1.48%,$0.86B,$11.01B,7.18%,$1096,$634,$462,$0,$292,$946,$150,$-15,$135,$43,$92,$92,$67,$150,$150,$575,575,$0.12,$0.12,$2437,$93,$517,$4291,$4287,$2626,$2303,$7,$10308,$14599,$2790,$6183,$333,$6984,$9775,$246,$3554,$157,$4824,$14599,$0,$0,$0,$0,$0,$0,$0,$0,$0,$0,$0,$0,$0,$0,$0,$0,$0,$0,$0,$0,$0,$0,$0,$0,$0,$0,$0,$0,$0
7,2016-12-31,20.7,$10.55,1.96,$9.27,2.23,$1.07,19.33,$0.34,60.89,$5.13B,$3.08B,1.67,$7.27B,$5.16B,1.41,$5.16B,$2.35B,45.60%,$5.16B,$0.89B,17.26%,$5.16B,$0.89B,17.26%,$5.16B,$0.89B,17.26%,$5.16B,$0.44B,8.52%,$5.16B,$0.20B,3.86%,$0.20B,$5.16B,3.78%,$0.20B,$2.71B,7.23%,$0.20B,$16.57B,1.24%,$0.89B,$12.43B,7.33%,$1387,$754,$633,$0,$335,$1146,$241,$-149,$91,$31,$60,$60,$31,$241,$241,$489,515,$0.06,$0.01,$2843,$102,$537,$5133,$4652,$3102,$2450,$10,$11432,$16565,$3078,$7269,$475,$8326,$11404,$267,$3773,$212,$5161,$16565,$440,$929,$1007,$1936,$-298,$-14,$0,$9,$-411,$1965,$-1413,$-133,$0,$14,$-12,$1,$-10,$-1554,$-32,$0,$-32,$0,$0,$-87,$-416,$-536,$-99,$76,$-87
8,2016-09-30,25.46,$8.89,2.86,$9.25,2.75,$0.69,36.85,$0.45,56.58,$4.57B,$2.45B,1.87,$6.95B,$5.19B,1.34,$5.33B,$2.47B,46.33%,$5.33B,$1.03B,19.41%,$5.33B,$1.03B,19.41%,$5.33B,$1.31B,24.63%,$5.33B,$0.58B,10.81%,$5.33B,$0.28B,5.20%,$0.28B,$5.19B,4.99%,$0.28B,$2.75B,9.55%,$0.28B,$15.66B,1.69%,$1.03B,$12.14B,8.34%,$1267,$677,$590,$0,$311,$1031,$236,$-115,$121,$47,$74,$74,$57,$236,$236,$573,573,$0.10,$0.10,$2763,$106,$539,$4572,$4486,$3059,$2437,$10,$11088,$15661,$2450,$6949,$489,$8020,$10471,$266,$3730,$318,$5190,$15661,$0,$0,$0,$0,$0,$0,$0,$0,$0,$0,$0,$0,$0,$0,$0,$0,$0,$0,$0,$0,$0,$0,$0,$0,$0,$0,$0,$0,$0
9,2016-06-30,25.81,$9.26,2.79,$9.22,2.8,$1.05,24.69,$1.05,24.58,$4.85B,$2.56B,1.9,$6.75B,$5.42B,1.25,$5.42B,$2.53B,46.69%,$5.42B,$1.08B,19.93%,$5.42B,$1.08B,19.93%,$5.42B,$1.57B,28.99%,$5.42B,$1.07B,19.69%,$5.42B,$0.62B,11.43%,$0.62B,$5.42B,10.86%,$0.62B,$2.83B,21.05%,$0.62B,$16.05B,3.82%,$1.08B,$12.17B,8.85%,$1301,$703,$598,$0,$329,$1071,$230,$-85,$145,$47,$98,$98,$78,$230,$230,$578,578,$0.14,$0.14,$2943,$121,$539,$4851,$4477,$3035,$2586,$10,$11199,$16050,$2557,$6750,$732,$8074,$10631,$275,$3853,$353,$5419,$16050,$0,$0,$0,$0,$0,$0,$0,$0,$0,$0,$0,$0,$0,$0,$0,$0,$0,$0,$0,$0,$0,$0,$0,$0,$0,$0,$0,$0,$0
10,2016-03-31,27.12,$9.19,2.95,$9.34,2.9,$2.68,10.13,$1.06,25.59,$5.11B,$2.80B,1.82,$6.55B,$5.31B,1.23,$5.48B,$2.57B,46.86%,$5.48B,$1.15B,20.97%,$5.48B,$1.15B,20.97%,$5.48B,$1.87B,34.14%,$5.48B,$1.09B,19.78%,$5.48B,$0.63B,11.45%,$0.63B,$5.31B,10.75%,$0.63B,$2.71B,20.08%,$0.63B,$15.94B,3.90%,$1.15B,$11.86B,9.49%,$1207,$674,$533,$0,$321,$1023,$184,$-101,$83,$28,$54,$54,$33,$184,$184,$572,572,$0.06,$0.06,$3296,$99,$556,$5107,$4351,$2825,$2602,$10,$10828,$15935,$2802,$6551,$709,$7820,$10622,$276,$3848,$297,$5313,$15935,$0,$0,$0,$0,$0,$0,$0,$0,$0,$0,$0,$0,$0,$0,$0,$0,$0,$0,$0,$0,$0,$0,$0,$0,$0,$0,$0,$0,$0
11,2015-12-31,26.87,$12.97,2.07,$9.49,2.83,$4.39,6.12,$1.17,22.97,$5.68B,$3.10B,1.84,$7.12B,$6.29B,1.13,$5.56B,$2.58B,46.35%,$5.56B,$1.19B,21.30%,$5.56B,$1.19B,21.30%,$5.56B,$2.13B,38.28%,$5.56B,$1.18B,21.19%,$5.56B,$0.69B,12.38%,$0.69B,$6.29B,11.46%,$0.69B,$3.30B,20.71%,$0.69B,$17.79B,4.25%,$1.19B,$13.41B,9.85%,$1552,$804,$747,$0,$385,$1168,$384,$-116,$227,$96,$131,$185,$109,$662,$384,$579,579,$0.18,$0.23,$3459,$103,$479,$5684,$4809,$3182,$2986,$12,$12105,$17789,$3095,$7124,$622,$8404,$11499,$315,$4622,$332,$6290,$17789,$1179,$946,$388,$1333,$-189,$108,$0,$37,$-535,$1977,$-1577,$-98,$38,$1,$22,$23,$111,$-1503,$1258,$0,$1258,$0,$0,$-99,$-399,$760,$1243,$76,$-99
12,2015-09-30,25.7,$11.93,2.16,$9.95,2.58,$5.20,4.94,$1.34,19.18,$3.91B,$2.48B,1.58,$5.55B,$5.78B,0.96,$5.82B,$2.72B,46.76%,$5.82B,$0.91B,15.63%,$5.82B,$0.91B,15.63%,$5.82B,$2.46B,42.31%,$5.82B,$1.24B,21.35%,$5.82B,$0.77B,13.21%,$0.77B,$5.78B,12.62%,$0.77B,$2.92B,22.33%,$0.77B,$15.02B,4.75%,$0.91B,$11.34B,7.63%,$1355,$705,$650,$0,$327,$1075,$281,$330,$611,$198,$413,$413,$399,$494,$281,$578,623,$0.69,$0.64,$2127,$174,$549,$3911,$4294,$2820,$2867,$10,$11113,$15024,$2477,$5552,$589,$6764,$9241,$303,$4340,$182,$5783,$15024,$926,$668,$158,$826,$323,$29,$0,$-537,$-540,$1212,$-991,$-52,$32,$25,$4,$29,$109,$-872,$8,$0,$8,$0,$0,$-75,$-269,$-335,$13,$53,$-75
13,2015-06-30,38.34,$0.00,0.0,$10.17,3.77,$5.63,6.81,$0.63,60.86,$4.41B,$2.71B,1.63,$5.87B,$5.98B,0.98,$5.93B,$2.75B,46.30%,$5.93B,$0.97B,16.34%,$5.93B,$0.97B,16.34%,$5.93B,$2.31B,38.94%,$5.93B,$0.65B,10.96%,$5.93B,$0.36B,6.02%,$0.36B,$5.98B,5.70%,$0.36B,$3.58B,9.72%,$0.36B,$15.72B,2.18%,$0.97B,$11.85B,7.90%,$1370,$730,$640,$0,$339,$1069,$301,$-137,$164,$50,$114,$87,$87,$532,$301,$578,578,$0.15,$0.15,$2307,$208,$574,$4414,$0,$2746,$2399,$599,$6874,$15722,$2711,$5871,$589,$7033,$9745,$325,$4205,$0,$5978,$15722,$337,$454,$0,$454,$0,$0,$0,$0,$409,$1594,$-652,$0,$0,$0,$0,$18,$-655,$-1289,$0,$454,$0,$0,$-49,$-71,$-614,$-279,$29,$0,$0
14,2015-03-31,32.51,$0.00,0.0,$10.40,3.13,$5.48,5.93,$0.78,41.68,$4.92B,$3.22B,1.53,$5.51B,$6.00B,0.92,$6.05B,$2.81B,46.52%,$6.05B,$1.05B,17.33%,$6.05B,$1.05B,17.33%,$6.05B,$1.96B,32.37%,$6.05B,$0.78B,12.83%,$6.05B,$0.44B,7.27%,$0.44B,$6.00B,6.90%,$0.44B,$3.51B,10.57%,$0.44B,$16.25B,2.67%,$1.05B,$11.51B,8.51%,$1287,$745,$542,$0,$324,$1069,$219,$-83,$177,$57,$121,$94,$94,$442,$219,$570,570,$0.17,$0.17,$2584,$209,$557,$4920,$0,$2669,$2488,$668,$6949,$16249,$3223,$5508,$971,$7026,$10250,$333,$4311,$0,$6000,$16249,$177,$224,$0,$224,$0,$0,$0,$0,$671,$1280,$-301,$0,$0,$0,$0,$21,$-659,$-939,$0,$0,$67,$0,$-1,$0,$-128,$-63,$278,$0,$0
15,2014-12-31,33.54,$0.00,0.0,$10.38,3.23,$4.17,8.04,$0.72,46.58,$6.00B,$3.34B,1.8,$6.43B,$6.61B,0.97,$6.05B,$2.82B,46.68%,$6.05B,$1.08B,17.79%,$6.05B,$1.08B,17.79%,$6.05B,$1.96B,32.41%,$6.05B,$0.73B,11.98%,$6.05B,$0.41B,6.79%,$0.41B,$6.61B,6.44%,$0.41B,$3.77B,8.97%,$0.41B,$17.71B,2.56%,$1.08B,$13.04B,8.85%,$1809,$919,$890,$0,$781,$1699,$109,$248,$291,$97,$195,$189,$189,$995,$109,$576,576,$0.33,$0.33,$2596,$251,$568,$6001,$8990,$2989,$2841,$11,$16039,$17714,$3337,$6427,$755,$7766,$11102,$374,$4730,$0,$6611,$17714,$725,$886,$0,$886,$0,$0,$0,$0,$-459,$2140,$-1279,$0,$-380,$0,$0,$9,$-60,$-1710,$0,$0,$991,$0,$0,$-35,$-412,$544,$980,$0,$0
16,2014-09-30,33.36,$0.00,0.0,$10.20,3.27,$3.93,8.49,$0.73,45.7,$4.37B,$2.39B,1.83,$6.19B,$6.48B,0.96,$5.92B,$2.73B,46.07%,$5.92B,$1.43B,24.14%,$5.92B,$1.43B,24.14%,$5.92B,$1.64B,27.63%,$5.92B,$0.79B,13.40%,$5.92B,$0.42B,7.01%,$0.42B,$6.48B,6.61%,$0.42B,$3.83B,8.36%,$0.42B,$15.83B,2.69%,$1.43B,$12.67B,12.21%,$1463,$790,$673,$0,$333,$1123,$340,$-371,$18,$5,$13,$-13,$-13,$340,$340,$609,609,$-0.02,$-0.02,$2376,$200,$675,$4370,$0,$2804,$2649,$746,$7050,$15834,$2389,$6192,$779,$6970,$9360,$380,$4592,$0,$6475,$15834,$432,$0,$0,$0,$0,$0,$0,$0,$-892,$1243,$-762,$0,$0,$0,$0,$-415,$-28,$-1206,$0,$159,$0,$0,$0,$0,$566,$725,$762,$0,$0
17,2014-06-30,33.79,$0.00,0.0,$10.15,3.33,$3.61,9.36,$1.05,32.18,$5.13B,$2.83B,1.81,$5.65B,$6.41B,0.88,$5.92B,$2.76B,46.65%,$5.92B,$1.48B,25.08%,$5.92B,$1.48B,25.08%,$5.92B,$1.87B,31.62%,$5.92B,$1.06B,17.98%,$5.92B,$0.61B,10.36%,$0.61B,$6.41B,10.04%,$0.61B,$5.55B,11.71%,$0.61B,$16.03B,4.14%,$1.48B,$12.07B,13.20%,$1490,$782,$709,$0,$329,$1111,$380,$-89,$290,$86,$203,$170,$170,$181,$380,$574,574,$0.30,$0.30,$2852,$156,$686,$5134,$0,$4396,$865,$689,$6770,$16032,$2833,$5654,$1075,$6786,$9620,$383,$4607,$0,$6412,$16032,$418,$0,$0,$0,$0,$0,$0,$0,$0,$849,$0,$0,$0,$0,$0,$0,$-531,$-531,$0,$0,$0,$0,$0,$0,$859,$859,$1176,$0,$0
18,2014-03-31,32.78,$0.00,0.0,$10.08,3.25,$2.43,13.5,$1.01,32.46,$3.99B,$2.94B,1.36,$4.84B,$6.04B,0.8,$5.88B,$2.74B,46.68%,$5.88B,$1.51B,25.65%,$5.88B,$1.51B,25.65%,$5.88B,$2.29B,38.99%,$5.88B,$1.04B,17.71%,$5.88B,$0.59B,10.04%,$0.59B,$6.04B,9.93%,$0.59B,$5.19B,11.66%,$0.59B,$14.64B,4.16%,$1.51B,$10.89B,13.89%,$1288,$736,$552,$0,$306,$1042,$247,$-112,$126,$37,$89,$65,$65,$445,$247,$574,574,$0.11,$0.11,$1677,$132,$687,$3987,$0,$4252,$852,$706,$6630,$14643,$2941,$4844,$749,$5658,$8599,$376,$4378,$0,$6044,$14643,$126,$199,$0,$199,$0,$0,$0,$0,$-46,$424,$-190,$0,$0,$0,$0,$-1,$-1,$-192,$0,$0,$0,$0,$0,$0,$-100,$-100,$130,$0,$0
19,2013-12-31,29.8,$0.00,0.0,$10.08,2.96,$2.21,13.49,$1.06,28.11,$4.20B,$3.15B,1.33,$5.04B,$6.19B,0.81,$5.86B,$2.75B,46.91%,$5.86B,$1.54B,26.33%,$5.86B,$1.54B,26.33%,$5.86B,$2.31B,39.52%,$5.86B,$1.10B,18.72%,$5.86B,$0.61B,10.45%,$0.61B,$6.19B,10.53%,$0.61B,$5.30B,12.43%,$0.61B,$15.27B,4.44%,$1.54B,$11.24B,14.51%,$1683,$888,$795,$0,$332,$1220,$463,$-78,$360,$60,$300,$193,$193,$671,$463,$569,569,$0.34,$0.34,$1603,$157,$515,$4198,$0,$4417,$894,$698,$6873,$15269,$3154,$5043,$841,$5921,$9074,$391,$4446,$0,$6194,$15269,$1096,$773,$0,$773,$0,$0,$0,$0,$-601,$1869,$-1154,$0,$0,$0,$0,$-763,$-65,$-1982,$0,$39,$0,$0,$0,$-170,$59,$-73,$-186,$0,$0
20,2013-09-30,27.4,$0.00,0.0,$9.85,2.78,$2.62,10.45,$1.13,24.24,$3.37B,$2.05B,1.64,$5.00B,$5.77B,0.87,$5.73B,$2.83B,49.37%,$5.73B,$1.55B,27.02%,$5.73B,$1.55B,27.02%,$5.73B,$2.29B,39.91%,$5.73B,$1.11B,19.37%,$5.73B,$0.66B,11.43%,$0.66B,$5.77B,11.76%,$0.66B,$4.90B,14.34%,$0.66B,$13.23B,5.00%,$1.55B,$10.77B,15.17%,$1456,$753,$704,$0,$310,$1062,$394,$-106,$288,$84,$204,$185,$185,$574,$394,$621,621,$0.33,$0.30,$1425,$147,$587,$3374,$0,$4203,$870,$718,$5986,$13227,$2054,$4995,$405,$5400,$7454,$386,$4276,$0,$5773,$13227,$723,$565,$0,$565,$0,$0,$0,$0,$-817,$953,$-663,$0,$0,$0,$0,$39,$-771,$-1395,$0,$0,$514,$0,$0,$-84,$-290,$140,$-300,$0,$0
21,2013-06-30,24.35,$0.00,0.0,$9.83,2.48,$3.01,8.1,$1.21,20.12,$4.42B,$2.42B,1.82,$4.79B,$5.75B,0.83,$5.59B,$2.89B,51.74%,$5.59B,$1.54B,27.59%,$5.59B,$1.54B,27.59%,$5.59B,$2.27B,40.59%,$5.59B,$1.13B,20.19%,$5.59B,$0.69B,12.28%,$0.69B,$5.75B,12.80%,$0.69B,$4.85B,15.64%,$0.69B,$13.65B,5.45%,$1.54B,$10.54B,15.81%,$1451,$757,$693,$0,$290,$1047,$404,$-137,$267,$89,$178,$147,$147,$602,$404,$574,574,$0.26,$0.26,$2255,$136,$600,$4418,$0,$3576,$907,$668,$5346,$13653,$2422,$4788,$628,$5478,$7900,$400,$4218,$0,$5753,$13653,$450,$384,$0,$384,$0,$0,$0,$0,$-589,$556,$-385,$0,$0,$0,$0,$-443,$-22,$-850,$0,$0,$538,$0,$0,$-87,$-198,$253,$-40,$0,$0
22,2013-03-31,25.94,$0.00,0.0,$9.50,2.73,$3.34,7.76,$1.12,23.16,$4.07B,$2.72B,1.49,$4.42B,$5.54B,0.8,$5.39B,$2.90B,53.81%,$5.39B,$1.47B,27.31%,$5.39B,$1.47B,27.31%,$5.39B,$2.15B,39.82%,$5.39B,$1.05B,19.44%,$5.39B,$0.64B,11.92%,$0.64B,$5.54B,12.67%,$0.64B,$4.65B,15.55%,$0.64B,$13.00B,5.37%,$1.47B,$9.95B,15.89%,$1266,$711,$555,$0,$275,$986,$281,$-61,$181,$60,$121,$87,$87,$467,$281,$563,563,$0.16,$0.16,$1887,$124,$555,$4067,$0,$3361,$886,$664,$5112,$12995,$2724,$4418,$257,$4736,$7460,$394,$4298,$0,$5535,$12995,$181,$187,$0,$187,$0,$0,$0,$0,$-409,$280,$-174,$0,$0,$0,$0,$0,$-55,$-229,$0,$-2,$0,$0,$0,$0,$-92,$-93,$-44,$0,$0
23,2012-12-31,25.91,$0.00,0.0,$9.31,2.78,$3.55,7.29,$1.15,22.53,$4.16B,$2.76B,1.51,$4.35B,$5.22B,0.83,$5.29B,$2.96B,55.92%,$5.29B,$1.45B,27.33%,$5.29B,$1.45B,27.33%,$5.29B,$2.09B,39.50%,$5.29B,$1.08B,20.33%,$5.29B,$0.67B,12.69%,$0.67B,$5.22B,13.84%,$0.67B,$3.88B,17.73%,$0.67B,$12.56B,5.77%,$1.45B,$9.56B,16.14%,$1557,$680,$877,$0,$231,$1088,$469,$-65,$374,$135,$238,$236,$236,$644,$469,$571,571,$0.41,$0.41,$1856,$115,$743,$4158,$0,$3271,$1336,$34,$4723,$12562,$2758,$4349,$239,$4588,$7346,$379,$3887,$0,$5215,$12562,$1075,$645,$0,$645,$0,$0,$0,$0,$-428,$1776,$-824,$0,$0,$0,$0,$-103,$-62,$-988,$0,$-59,$-49,$0,$0,$-76,$-390,$-574,$210,$0,$0
24,2012-09-30,22.92,$0.00,0.0,$8.95,2.56,$3.85,5.95,$1.02,22.47,$3.26B,$1.91B,1.71,$4.00B,$4.97B,0.81,$5.07B,$2.82B,55.56%,$5.07B,$1.36B,26.70%,$5.07B,$1.36B,26.70%,$5.07B,$1.98B,39.04%,$5.07B,$1.00B,19.77%,$5.07B,$0.59B,11.71%,$0.59B,$4.97B,12.54%,$0.59B,$4.20B,16.37%,$0.59B,$11.20B,5.11%,$1.36B,$8.97B,15.26%,$1319,$551,$769,$0,$219,$930,$389,$-83,$307,$62,$245,$217,$217,$557,$389,$566,566,$0.38,$0.38,$1640,$124,$740,$3259,$0,$3220,$773,$645,$4742,$11200,$1908,$4004,$266,$4322,$6231,$378,$3657,$0,$4970,$11200,$703,$469,$0,$469,$0,$0,$0,$0,$-516,$1028,$-546,$0,$0,$0,$0,$-4,$-8,$-558,$0,$-61,$0,$0,$0,$-76,$-299,$-436,$30,$0,$0
25,2012-06-30,20.94,$0.00,0.0,$8.93,2.34,$3.92,5.35,$0.94,22.28,$3.41B,$2.23B,1.53,$3.98B,$4.55B,0.88,$5.06B,$2.79B,55.09%,$5.06B,$1.35B,26.58%,$5.06B,$1.35B,26.58%,$5.06B,$1.94B,38.35%,$5.06B,$0.94B,18.65%,$5.06B,$0.54B,10.75%,$0.54B,$4.55B,11.83%,$0.54B,$3.79B,16.46%,$0.54B,$11.07B,4.62%,$1.35B,$8.53B,15.14%,$1245,$547,$698,$0,$214,$913,$332,$-161,$185,$53,$132,$102,$102,$477,$332,$569,569,$0.18,$0.17,$1561,$97,$571,$3411,$0,$3091,$763,$653,$4598,$11066,$2225,$3981,$310,$4291,$6515,$369,$3040,$0,$4550,$11066,$386,$302,$0,$302,$0,$0,$0,$0,$-304,$656,$-296,$0,$0,$0,$0,$19,$-51,$-328,$0,$-59,$0,$0,$0,$-80,$-205,$-345,$-17,$0,$0
26,2012-03-31,20.42,$0.00,0.0,$9.03,2.26,$3.86,5.29,$1.04,19.63,$3.82B,$2.63B,1.45,$4.08B,$4.66B,0.87,$5.11B,$2.81B,55.07%,$5.11B,$1.38B,26.96%,$5.11B,$1.38B,26.96%,$5.11B,$1.99B,38.90%,$5.11B,$1.01B,19.79%,$5.11B,$0.60B,11.67%,$0.60B,$4.66B,12.96%,$0.60B,$3.28B,19.17%,$0.60B,$11.67B,4.93%,$1.38B,$8.74B,15.34%,$1167,$555,$613,$0,$201,$912,$255,$-47,$209,$59,$151,$116,$116,$411,$255,$567,567,$0.20,$0.19,$1797,$84,$697,$3816,$0,$3207,$1387,$37,$4695,$11669,$2632,$4076,$246,$4373,$7004,$389,$3142,$0,$4664,$11669,$209,$157,$0,$157,$0,$0,$0,$0,$-132,$374,$-148,$0,$0,$0,$0,$15,$2,$-130,$0,$15,$0,$0,$0,$0,$-99,$-83,$156,$0,$0
27,2011-12-31,20.4,$0.00,0.0,$8.93,2.28,$3.85,5.3,$0.98,20.81,$4.10B,$2.91B,1.41,$4.52B,$4.76B,0.95,$5.04B,$2.76B,54.74%,$5.04B,$1.33B,26.45%,$5.04B,$1.33B,26.45%,$5.04B,$1.93B,38.39%,$5.04B,$0.94B,18.63%,$5.04B,$0.55B,10.96%,$0.55B,$4.76B,12.31%,$0.55B,$3.25B,18.25%,$0.55B,$12.52B,4.59%,$1.33B,$9.28B,14.92%,$1343,$603,$739,$0,$211,$963,$379,$-110,$302,$109,$193,$159,$159,$536,$379,$566,566,$0.28,$0.28,$1755,$112,$475,$4098,$0,$3512,$1512,$32,$5065,$12520,$2913,$4519,$327,$4846,$7759,$828,$3044,$0,$4761,$12520,$938,$601,$0,$601,$0,$0,$0,$0,$-277,$1849,$-734,$0,$0,$0,$0,$-119,$-1176,$-2030,$0,$0,$785,$0,$-1,$-259,$-730,$-206,$-378,$0,$0
28,2011-09-30,17.81,$0.00,0.0,$9.00,1.98,$2.80,6.35,$1.09,16.34,$3.72B,$2.48B,1.5,$4.56B,$4.42B,1.03,$5.05B,$2.79B,55.18%,$5.05B,$1.36B,26.91%,$5.05B,$1.36B,26.91%,$5.05B,$1.96B,38.82%,$5.05B,$0.90B,17.84%,$5.05B,$0.61B,12.06%,$0.61B,$4.42B,14.10%,$0.61B,$2.90B,20.68%,$0.61B,$11.82B,5.25%,$1.36B,$8.98B,15.87%,$1306,$568,$738,$0,$208,$926,$379,$-131,$248,$64,$184,$167,$167,$517,$379,$566,566,$0.30,$0.30,$1895,$107,$519,$3724,$0,$3321,$1516,$7,$4844,$11818,$2476,$4557,$339,$4922,$7398,$828,$2774,$0,$4420,$11818,$624,$444,$0,$444,$0,$0,$0,$0,$-528,$977,$-460,$0,$0,$0,$0,$-53,$-671,$-1183,$0,$793,$0,$0,$-1,$-262,$-631,$-100,$-311,$0,$0
29,2011-06-30,23.83,$0.00,0.0,$8.84,2.7,$2.24,10.64,$1.11,21.46,$4.16B,$3.08B,1.35,$4.36B,$4.56B,0.96,$4.94B,$2.72B,55.05%,$4.94B,$1.34B,27.16%,$4.94B,$1.34B,27.16%,$4.94B,$1.81B,36.56%,$4.94B,$0.94B,19.08%,$4.94B,$0.62B,12.54%,$0.62B,$4.56B,14.83%,$0.62B,$3.01B,21.73%,$0.62B,$12.31B,5.64%,$1.34B,$8.92B,16.63%,$1292,$569,$723,$0,$205,$928,$364,$-106,$252,$69,$183,$154,$154,$523,$364,$566,566,$0.27,$0.27,$2047,$105,$525,$4161,$0,$3287,$1551,$7,$4845,$12309,$3080,$4359,$285,$4673,$7753,$860,$2648,$0,$4556,$12309,$393,$306,$0,$306,$0,$0,$0,$0,$-320,$609,$-286,$0,$0,$0,$0,$-33,$-575,$-894,$0,$818,$0,$0,$-1,$-252,$-484,$80,$-209,$0,$0
30,2011-03-31,23.6,$0.00,0.0,$8.62,2.74,$1.67,14.15,$1.10,21.46,$5.30B,$2.67B,1.98,$4.34B,$4.19B,1.04,$4.80B,$2.64B,55.00%,$4.80B,$1.31B,27.40%,$4.80B,$1.31B,27.40%,$4.80B,$1.62B,33.76%,$4.80B,$0.92B,19.27%,$4.80B,$0.61B,12.70%,$0.61B,$4.19B,15.34%,$0.61B,$2.94B,21.64%,$0.61B,$11.45B,5.88%,$1.31B,$8.54B,17.28%,$1094,$539,$556,$0,$198,$884,$210,$-76,$136,$34,$101,$72,$72,$357,$210,$556,556,$0.13,$0.13,$3065,$104,$495,$5296,$0,$1677,$1252,$7,$2935,$11446,$2674,$4343,$201,$4578,$7252,$832,$2624,$0,$4194,$11446,$135,$147,$0,$147,$0,$0,$0,$0,$-52,$354,$-135,$0,$0,$0,$0,$0,$16,$-119,$0,$766,$0,$0,$-1,$0,$-532,$233,$462,$0,$0
31,2010-12-31,24.95,$0.00,0.0,$8.40,2.97,$1.27,19.57,$1.12,22.28,$4.74B,$2.64B,1.8,$3.71B,$4.11B,0.9,$4.68B,$2.60B,55.55%,$4.68B,$1.34B,28.52%,$4.68B,$1.34B,28.52%,$4.68B,$1.49B,31.90%,$4.68B,$0.93B,19.94%,$4.68B,$0.62B,13.30%,$0.62B,$4.11B,16.39%,$0.62B,$2.93B,23.59%,$0.62B,$10.81B,6.30%,$1.34B,$7.82B,18.67%,$1359,$589,$770,$0,$208,$953,$406,$-110,$265,$46,$218,$216,$216,$564,$406,$556,556,$0.39,$0.39,$2486,$99,$421,$4740,$0,$1745,$1179,$6,$3008,$10808,$2638,$3710,$299,$4063,$6701,$794,$2645,$0,$4107,$10808,$933,$521,$0,$521,$0,$0,$0,$0,$-397,$1336,$-823,$0,$0,$0,$0,$-31,$-1306,$-2160,$0,$0,$704,$0,$-101,$0,$-489,$114,$-713,$0,$0
32,2010-09-30,18.21,$0.00,0.0,$8.06,2.26,$1.47,12.4,$0.90,20.23,$4.56B,$1.87B,2.45,$3.15B,$3.84B,0.82,$4.50B,$2.62B,58.09%,$4.50B,$1.28B,28.41%,$4.50B,$1.28B,28.41%,$4.50B,$1.25B,27.77%,$4.50B,$0.81B,17.93%,$4.50B,$0.50B,11.08%,$0.50B,$3.84B,13.86%,$0.50B,$2.52B,20.49%,$0.50B,$9.34B,5.23%,$1.28B,$6.99B,18.72%,$1192,$523,$669,$0,$180,$830,$361,$-36,$289,$96,$192,$177,$177,$361,$361,$557,557,$0.32,$0.32,$2870,$138,$442,$4561,$0,$528,$1321,$6,$1855,$9344,$1865,$3153,$360,$3638,$5503,$784,$2383,$0,$3841,$9344,$664,$363,$0,$363,$0,$0,$0,$0,$-451,$778,$-582,$0,$0,$0,$0,$53,$209,$-320,$0,$2,$0,$0,$-79,$0,$-276,$-353,$100,$0,$0
33,2010-06-30,16.75,$0.00,0.0,$7.71,2.17,$1.73,9.69,$0.86,19.48,$4.99B,$2.26B,2.21,$3.34B,$3.73B,0.9,$4.32B,$2.45B,56.81%,$4.32B,$1.24B,28.63%,$4.32B,$1.24B,28.63%,$4.32B,$1.30B,30.07%,$4.32B,$0.77B,17.71%,$4.32B,$0.48B,11.04%,$0.48B,$3.73B,13.42%,$0.48B,$2.87B,19.06%,$0.48B,$9.80B,5.14%,$1.24B,$7.08B,18.51%,$1151,$509,$643,$0,$184,$814,$337,$-104,$234,$69,$165,$144,$144,$337,$337,$559,559,$0.26,$0.26,$3058,$142,$792,$4992,$0,$500,$867,$524,$1891,$9800,$2258,$3344,$343,$3807,$6066,$799,$2243,$0,$3734,$9800,$0,$0,$0,$0,$0,$0,$0,$0,$0,$0,$0,$0,$0,$0,$0,$0,$0,$0,$0,$0,$0,$0,$0,$0,$0,$0,$0,$0,$0
34,2010-03-31,20.23,$0.00,0.0,$7.29,2.77,$2.08,9.73,$0.84,24.08,$5.03B,$2.41B,2.09,$3.22B,$3.52B,0.91,$4.09B,$2.26B,55.15%,$4.09B,$1.18B,28.92%,$4.09B,$1.18B,28.92%,$4.09B,$1.34B,32.71%,$4.09B,$0.75B,18.42%,$4.09B,$0.47B,11.38%,$0.47B,$3.52B,13.86%,$0.47B,$2.25B,20.13%,$0.47B,$9.62B,5.22%,$1.18B,$6.74B,18.76%,$982,$462,$520,$0,$173,$750,$232,$-52,$146,$46,$99,$86,$86,$232,$232,$561,561,$0.15,$0.15,$3032,$143,$499,$5029,$0,$539,$1277,$5,$1820,$9624,$2409,$3218,$338,$3691,$6100,$0,$1962,$0,$3524,$9624,$0,$0,$0,$0,$0,$0,$0,$0,$0,$0,$0,$0,$0,$0,$0,$0,$0,$0,$0,$0,$0,$0,$0,$0,$0,$0,$0,$0,$0
35,2009-12-31,19.98,$0.00,0.0,$7.00,2.85,$2.50,8.01,$0.82,24.36,$5.08B,$2.39B,2.13,$3.21B,$3.30B,0.97,$3.94B,$2.17B,55.17%,$3.94B,$1.17B,29.82%,$3.94B,$1.17B,29.82%,$3.94B,$1.41B,35.92%,$3.94B,$0.72B,18.31%,$3.94B,$0.45B,11.46%,$0.45B,$3.30B,13.60%,$0.45B,$2.11B,19.87%,$0.45B,$9.40B,5.21%,$1.17B,$6.51B,19.14%,$1177,$394,$783,$0,$152,$829,$349,$-185,$138,$66,$72,$92,$92,$320,$349,$559,559,$0.17,$0.17,$2886,$124,$442,$5081,$0,$587,$1198,$6,$1866,$9404,$2391,$3206,$372,$3709,$6100,$744,$1886,$0,$3304,$9404,$670,$239,$0,$239,$0,$0,$0,$0,$-166,$863,$-239,$0,$-147,$0,$0,$466,$3,$84,$0,$0,$395,$0,$-286,$-335,$79,$-147,$810,$0,$0
36,2009-09-30,17.44,$0.00,0.0,$6.98,2.5,$4.70,3.71,$1.01,17.27,$4.02B,$0.76B,5.29,$2.76B,$3.65B,0.76,$3.74B,$1.94B,51.86%,$3.74B,$1.03B,27.55%,$3.74B,$1.03B,27.55%,$3.74B,$1.30B,34.75%,$3.74B,$0.93B,24.98%,$3.74B,$0.53B,14.08%,$0.53B,$3.65B,14.77%,$0.53B,$2.79B,21.63%,$0.53B,$8.31B,5.78%,$1.03B,$6.41B,15.99%,$1010,$502,$508,$0,$189,$691,$319,$-54,$247,$68,$179,$155,$155,$410,$319,$563,563,$0.28,$0.28,$2169,$416,$451,$4020,$0,$457,$862,$612,$1931,$8309,$760,$2757,$475,$3898,$4658,$756,$2349,$0,$3651,$8309,$593,$269,$0,$269,$0,$0,$0,$0,$-515,$625,$-280,$0,$0,$0,$0,$-57,$-40,$-376,$0,$0,$0,$0,$-4,$-391,$-328,$-723,$-481,$0,$0
37,2009-06-30,15.95,$0.00,0.0,$5.21,3.06,$4.08,3.91,$0.74,21.56,$4.36B,$0.77B,5.64,$2.62B,$2.97B,0.88,$3.93B,$2.11B,53.56%,$3.93B,$1.10B,27.86%,$3.93B,$1.10B,27.86%,$3.93B,$1.27B,32.38%,$3.93B,$0.99B,25.27%,$3.93B,$0.57B,14.51%,$0.57B,$2.97B,15.91%,$0.57B,$2.12B,25.35%,$0.57B,$8.40B,6.03%,$1.10B,$5.58B,16.79%,$925,$479,$447,$0,$163,$641,$284,$-88,$223,$62,$161,$133,$133,$377,$284,$563,563,$0.24,$0.24,$2240,$402,$513,$4359,$0,$288,$850,$619,$1758,$8398,$774,$2618,$549,$4659,$5432,$752,$2181,$0,$2965,$8398,$344,$177,$0,$177,$0,$0,$0,$0,$-342,$328,$-131,$0,$0,$0,$0,$-51,$69,$-113,$0,$0,$0,$0,$2,$-389,$-216,$-604,$-397,$0,$0
38,2009-03-31,12.34,$0.00,0.0,$3.60,3.42,$3.73,3.3,$0.51,24.19,$4.70B,$1.98B,2.38,$2.69B,$3.35B,0.8,$4.11B,$2.29B,55.63%,$4.11B,$1.20B,29.10%,$4.11B,$1.20B,29.10%,$4.11B,$1.28B,31.17%,$4.11B,$1.08B,26.14%,$4.11B,$0.62B,14.95%,$0.62B,$3.35B,16.44%,$0.62B,$2.07B,27.89%,$0.62B,$8.53B,6.26%,$1.20B,$6.03B,17.75%,$825,$391,$434,$0,$127,$603,$222,$-78,$113,$36,$77,$71,$71,$307,$222,$564,564,$0.13,$0.13,$2976,$107,$383,$4697,$0,$411,$1281,$5,$1697,$8526,$1977,$2686,$350,$3202,$5179,$702,$2123,$0,$3347,$8526,$113,$84,$0,$84,$0,$0,$0,$0,$0,$294,$-60,$0,$0,$0,$0,$-6,$-217,$-283,$0,$-78,$0,$0,$0,$0,$-57,$-135,$-125,$0,$0
39,2008-12-31,13.51,$0.00,0.0,$2.29,5.91,$3.39,3.99,$0.40,33.79,$6.22B,$2.79B,2.23,$3.43B,$4.29B,0.8,$4.18B,$2.22B,53.17%,$4.18B,$1.20B,28.67%,$4.18B,$1.20B,28.67%,$4.18B,$1.29B,30.87%,$4.18B,$1.12B,26.71%,$4.18B,$0.64B,15.38%,$0.64B,$4.29B,16.99%,$0.64B,$2.76B,27.02%,$0.64B,$11.14B,6.45%,$1.20B,$7.72B,17.88%,$975,$428,$548,$0,$157,$771,$204,$-30,$350,$111,$239,$167,$167,$204,$204,$469,469,$0.36,$0.36,$3801,$146,$418,$6218,$0,$514,$1530,$6,$2131,$11143,$2785,$3433,$433,$4071,$6857,$913,$2679,$0,$4286,$11143,$1115,$391,$0,$391,$0,$0,$0,$0,$-331,$2019,$-463,$0,$-425,$0,$0,$0,$-143,$-1030,$0,$0,$421,$0,$-101,$-202,$-289,$-171,$873,$0,$0
40,2008-09-30,19.78,$0.00,0.0,$0.23,86.62,$0.09,231.11,$0.05,395.66,$4.96B,$1.71B,2.9,$3.02B,$3.76B,0.8,$4.41B,$2.43B,55.07%,$4.41B,$1.44B,32.58%,$4.41B,$1.44B,32.58%,$4.41B,$1.61B,36.62%,$4.41B,$1.15B,26.02%,$4.41B,$0.75B,16.96%,$0.75B,$3.76B,20.53%,$0.75B,$2.07B,32.04%,$0.75B,$9.81B,7.92%,$1.44B,$6.78B,22.85%,$1209,$530,$678,$0,$181,$823,$386,$-78,$308,$87,$221,$200,$200,$386,$386,$40100,40100,$0.01,$0.01,$3231,$155,$459,$4956,$0,$338,$1689,$6,$2033,$9813,$1708,$3016,$701,$4345,$6054,$976,$2582,$0,$3760,$9813,$0,$0,$0,$0,$0,$0,$0,$0,$0,$0,$0,$0,$0,$0,$0,$0,$0,$0,$0,$0,$0,$0,$0,$0,$0,$0,$0,$0,$0
41,2008-06-30,21.37,$0.00,0.0,$0.20,107.77,$0.09,249.6,$0.04,534.15,$4.96B,$2.12B,2.35,$2.88B,$3.57B,0.81,$4.14B,$2.23B,53.89%,$4.14B,$1.40B,33.66%,$4.14B,$1.40B,33.66%,$4.14B,$1.57B,37.96%,$4.14B,$1.17B,28.11%,$4.14B,$0.76B,18.39%,$0.76B,$3.57B,21.92%,$0.76B,$1.93B,31.19%,$0.76B,$9.82B,8.72%,$1.40B,$6.45B,23.70%,$1104,$476,$628,$0,$151,$720,$385,$-81,$304,$81,$223,$177,$177,$385,$385,$35341,35341,$0.01,$0.01,$3171,$136,$419,$4962,$0,$437,$1648,$7,$2092,$9823,$2115,$2882,$657,$4133,$6249,$0,$1867,$0,$3566,$9815,$0,$0,$0,$0,$0,$0,$0,$0,$0,$0,$0,$0,$0,$0,$0,$0,$0,$0,$0,$0,$0,$0,$0,$0,$0,$0,$0,$0,$0
42,2008-03-31,21.63,$0.00,0.0,$0.17,129.49,$0.09,252.66,$0.03,720.91,$4.67B,$0.84B,5.57,$2.33B,$3.50B,0.67,$3.94B,$2.12B,53.81%,$3.94B,$1.33B,33.74%,$3.94B,$1.33B,33.74%,$3.94B,$1.51B,38.25%,$3.94B,$1.15B,29.07%,$3.94B,$0.77B,19.58%,$0.77B,$3.50B,23.26%,$0.77B,$2.75B,31.09%,$0.77B,$9.05B,9.56%,$1.33B,$5.84B,24.14%,$887,$521,$366,$0,$144,$665,$222,$-69,$153,$44,$109,$98,$98,$314,$222,$6124,6124,$0.02,$0.02,$2843,$374,$83,$4665,$0,$783,$753,$519,$2056,$9046,$838,$2333,$332,$4705,$5543,$0,$2867,$0,$3503,$9046,$153,$92,$0,$92,$0,$0,$0,$0,$206,$511,$-73,$0,$0,$0,$0,$-137,$0,$-211,$0,$-23,$0,$0,$-47,$0,$-77,$-147,$153,$0,$0
43,2007-12-31,21.21,$0.00,0.0,$0.02,956.7,$0.01,1493.52,$0.01,2120.8,$4.77B,$2.33B,2.04,$2.33B,$3.72B,0.63,$3.80B,$2.14B,56.37%,$3.80B,$1.32B,34.80%,$3.80B,$1.32B,34.80%,$3.80B,$1.41B,37.06%,$3.80B,$1.13B,29.80%,$3.80B,$0.74B,19.49%,$0.74B,$3.72B,22.79%,$0.74B,$2.58B,30.83%,$0.74B,$9.04B,9.67%,$1.32B,$6.06B,25.13%,$1205,$451,$754,$0,$148,$763,$442,$-65,$381,$89,$292,$272,$272,$528,$442,$54361,54361,$0.01,$0.01,$2501,$76,$367,$4766,$4409,$743,$1147,$4,$6379,$9041,$2334,$2333,$534,$2983,$5318,$941,$3039,$0,$3724,$9041,$826,$295,$0,$295,$0,$0,$0,$0,$-204,$1064,$-294,$0,$0,$0,$0,$574,$-177,$103,$0,$0,$487,$0,$-353,$-413,$98,$-181,$998,$0,$0
44,2007-09-30,21.56,$0.00,0.0,0,0.0,0,0.0,0,0.0,$3.43B,$0.64B,5.36,$2.09B,$3.12B,0.67,$3.66B,$2.15B,58.87%,$3.66B,$1.28B,34.95%,$3.66B,$1.28B,34.95%,$3.66B,$1.35B,36.81%,$3.66B,$1.10B,30.00%,$3.66B,$0.66B,18.02%,$0.66B,$3.12B,20.84%,$0.66B,$2.52B,27.48%,$0.66B,$7.06B,9.02%,$1.28B,$5.21B,25.43%,$948,$463,$485,$0,$139,$602,$346,$-19,$327,$89,$238,$215,$215,$346,$346,$0,0,$0.00,$0.00,$2214,$350,$83,$3432,$3934,$734,$598,$335,$5601,$7058,$641,$2093,$182,$3302,$3943,$920,$2944,$0,$3115,$7058,$536,$209,$0,$209,$0,$0,$0,$0,$-221,$593,$-182,$0,$0,$0,$0,$-234,$973,$557,$0,$1,$410,$0,$0,$-404,$-413,$-406,$744,$0,$0
45,2007-06-30,24.63,$0.00,0.0,0,0.0,0,0.0,0,0.0,$3.81B,$1.73B,2.2,$2.01B,$2.93B,0.68,$3.55B,$2.11B,59.40%,$3.55B,$1.25B,35.28%,$3.55B,$1.25B,35.28%,$3.55B,$1.39B,38.99%,$3.55B,$1.03B,28.86%,$3.55B,$0.71B,19.85%,$0.71B,$2.93B,22.67%,$0.71B,$2.09B,28.92%,$0.71B,$7.16B,9.79%,$1.25B,$4.94B,25.64%,$902,$387,$516,$0,$128,$583,$320,$-35,$285,$78,$207,$187,$187,$320,$320,$0,0,$0.00,$0.00,$2488,$63,$419,$3812,$0,$567,$845,$2,$1414,$7158,$1730,$2007,$197,$2497,$4226,$916,$2496,$0,$2932,$7158,$0,$0,$0,$0,$0,$0,$0,$0,$0,$0,$0,$0,$0,$0,$0,$0,$0,$0,$0,$0,$0,$0,$0,$0,$0,$0,$0,$0,$0
46,2007-03-31,25.99,$0.00,0.0,0,0.0,0,0.0,0,0.0,$4.15B,$2.06B,2.02,$1.62B,$3.24B,0.5,$3.53B,$2.06B,58.36%,$3.53B,$1.27B,36.08%,$3.53B,$1.27B,36.08%,$3.53B,$1.46B,41.38%,$3.53B,$1.05B,29.73%,$3.53B,$0.72B,20.49%,$0.72B,$3.24B,23.24%,$0.72B,$2.43B,29.37%,$0.72B,$7.39B,10.16%,$1.27B,$4.85B,26.31%,$747,$359,$388,$0,$110,$532,$215,$-75,$140,$52,$89,$67,$67,$215,$215,$0,0,$0.00,$0.00,$2802,$63,$406,$4150,$0,$521,$804,$2,$1327,$7389,$2058,$1615,$202,$2094,$4152,$929,$2985,$0,$3237,$7389,$0,$0,$0,$0,$0,$0,$0,$0,$0,$0,$0,$0,$0,$0,$0,$0,$0,$0,$0,$0,$0,$0,$0,$0,$0,$0,$0,$0,$0
47,2006-12-31,23.56,$0.00,0.0,0,0.0,0,0.0,0,0.0,$4.37B,$2.29B,1.9,$1.74B,$3.36B,0.52,$3.49B,$2.00B,57.34%,$3.49B,$1.26B,36.26%,$3.49B,$1.26B,36.26%,$3.49B,$1.51B,43.32%,$3.49B,$1.09B,31.15%,$3.49B,$0.79B,22.63%,$0.79B,$3.36B,25.97%,$0.79B,$2.55B,33.62%,$0.79B,$7.63B,11.17%,$1.26B,$5.10B,26.13%,$1060,$296,$764,$0,$121,$663,$397,$-52,$345,$59,$286,$190,$190,$465,$397,$0,0,$0.00,$0.00,$2539,$71,$368,$4365,$3719,$525,$810,$2,$5057,$7631,$2292,$1738,$99,$1974,$4267,$931,$2924,$0,$3364,$7631,$843,$246,$0,$246,$0,$0,$0,$0,$-16,$1279,$-256,$0,$0,$0,$0,$-884,$359,$-781,$0,$0,$-51,$0,$-234,$0,$-173,$-458,$40,$0,$0
