,Date,Stock Price,Book Value per Share,Price to Book Ratio,TTM Sales per Share,Price to Sales Ratio,TTM FCF per Share,Price to FCF Ratio,TTM Net EPS,PE Ratio,Current Assets,Current Liabilities,Current Ratio,Long Term Debt,Shareholder's Equity_x,Debt to Equity Ratio,TTM Revenue_x,TTM Gross Profit,Gross Margin,TTM Revenue_y,TTM Operating Income,Operating Margin,TTM Revenue_x,TTM EBIT,EBIT Margin,TTM Revenue_y,TTM EBITDA,EBITDA Margin,TTM Revenue_x,TTM Pre-Tax Income,Pre-Tax Margin,TTM Revenue_y,TTM Net Income_x,Net Margin,TTM Net Income_y,Shareholder's Equity_y,Return on Equity,TTM Net Income_x,Tangible Equity,Return on Tangible Equity,TTM Net Income_y,Total Assets,Return on Assets,TTM Net Income,LT Investments & Debt,Return on Investment,revenue,cost-goods-sold,gross-profit,research-development-expenses,selling-general-administrative-expenses,operating-expenses,operating-income,total-non-operating-income-expense,pre-tax-income,total-provision-income-taxes,income-after-taxes,income-from-continuous-operations,net-income,ebitda,ebit,basic-shares-outstanding,shares-outstanding,eps-basic-net-earnings-per-share,eps-earnings-per-share-diluted,cash-on-hand,inventory,other-current-assets,total-current-assets,net-property-plant-equipment,long-term-investments,goodwill-intangible-assets-total,other-long-term-assets,total-long-term-assets,total-assets,total-current-liabilities,long-term-debt,other-non-current-liabilities,total-long-term-liabilities,total-liabilities,common-stock-net,retained-earnings-accumulated-deficit,comprehensive-income,total-share-holder-equity,total-liabilities-share-holders-equity,net-income-loss,total-depreciation-amortization-cash-flow,other-non-cash-items,total-non-cash-items,change-in-accounts-receivable,change-in-inventories,change-in-accounts-payable,change-in-assets-liabilities,total-change-in-assets-liabilities,cash-flow-from-operating-activities,net-change-in-property-plant-equipment,net-change-in-intangible-assets,net-acquisitions-divestitures,net-change-in-short-term-investments,net-change-in-long-term-investments,net-change-in-investments-total,investing-activities-other,cash-flow-from-investing-activities,net-long-term-debt,net-current-debt,debt-issuance-retirement-net-total,net-common-equity-issued-repurchased,net-total-equity-issued-repurchased,total-common-preferred-stock-dividends-paid,financial-activities-other,cash-flow-from-financial-activities,net-cash-flow,stock-based-compensation,common-stock-dividends-paid
0,2018-09-30,32.15,$8.65,3.71,$13.76,2.34,$5.03,6.39,$1.23,26.14,$0.08B,$0.08B,0.98,$0.05B,$0.35B,0.15,$0.59B,$0.17B,28.55%,$0.59B,$0.13B,21.45%,$0.59B,$0.13B,21.45%,$0.59B,$0.14B,23.82%,$0.59B,$0.12B,19.43%,$0.59B,$0.08B,13.18%,$0.08B,$0.35B,25.28%,$0.08B,$-0.02B,-140.54%,$0.08B,$0.48B,12.43%,$0.13B,$0.40B,39.50%,$151,$107,$44,$0,$8,$116,$35,$-1,$34,$9,$25,$25,$25,$37,$35,$40,43,$0.63,$0.59,$2,$0,$5,$78,$15,$0,$364,$25,$405,$483,$79,$52,$5,$57,$136,$0,$21,$0,$347,$483,$69,$9,$28,$37,$-12,$0,$-1,$-8,$-32,$75,$-6,$0,$0,$0,$0,$0,$1,$-5,$-99,$0,$-99,$2,$2,$0,$1,$-96,$-27,$5,$0
1,2018-06-30,35.2,$8.00,4.4,$13.39,2.63,$5.04,6.98,$1.84,19.13,$0.29B,$0.37B,0.77,$0.00B,$0.32B,0.0,$0.58B,$0.17B,29.02%,$0.58B,$0.13B,21.76%,$0.58B,$0.13B,21.76%,$0.58B,$0.14B,24.53%,$0.58B,$0.11B,19.17%,$0.58B,$0.08B,13.64%,$0.08B,$0.32B,27.48%,$0.08B,$-0.04B,-103.27%,$0.08B,$0.70B,11.77%,$0.13B,$0.32B,43.64%,$152,$109,$43,$0,$8,$118,$34,$-3,$30,$8,$23,$23,$24,$38,$34,$40,43,$0.59,$0.54,$67,$0,$146,$287,$13,$0,$364,$26,$412,$699,$372,$0,$8,$8,$379,$0,$-4,$0,$320,$699,$44,$7,$19,$27,$-14,$0,$-2,$-4,$-29,$41,$-4,$0,$0,$0,$0,$0,$1,$-2,$-1,$0,$-1,$1,$1,$0,$-1,$-0,$39,$3,$0
2,2018-03-31,39.65,$7.39,5.36,$13.16,3.01,$5.07,7.82,$1.62,24.48,$0.27B,$0.39B,0.7,$0.00B,$0.30B,0.0,$0.57B,$0.17B,29.15%,$0.57B,$0.12B,21.73%,$0.57B,$0.12B,21.73%,$0.57B,$0.14B,24.38%,$0.57B,$0.11B,19.08%,$0.57B,$0.07B,12.19%,$0.07B,$0.30B,25.94%,$0.07B,$-0.07B,-70.41%,$0.07B,$0.69B,10.44%,$0.12B,$0.30B,44.40%,$150,$108,$42,$0,$9,$118,$32,$-3,$28,$7,$21,$21,$21,$36,$32,$40,44,$0.54,$0.49,$39,$0,$162,$272,$11,$0,$364,$28,$421,$693,$386,$0,$12,$12,$398,$0,$-28,$0,$295,$693,$21,$4,$9,$12,$-13,$0,$-1,$1,$-21,$12,$-2,$0,$0,$0,$0,$0,$0,$-2,$-0,$0,$-0,$1,$1,$0,$-1,$-0,$10,$1,$0
3,2017-12-31,36.55,$6.85,5.34,$13.19,2.77,$4.87,7.5,$1.51,24.21,$0.22B,$0.36B,0.62,$0.00B,$0.27B,0.0,$0.56B,$0.16B,29.08%,$0.56B,$0.12B,21.54%,$0.56B,$0.12B,21.54%,$0.56B,$0.13B,24.06%,$0.56B,$0.11B,18.85%,$0.56B,$0.06B,11.31%,$0.06B,$0.27B,25.64%,$0.06B,$-0.09B,-53.28%,$0.06B,$0.64B,9.91%,$0.12B,$0.27B,44.16%,$139,$100,$40,$0,$10,$113,$26,$-3,$23,$14,$9,$9,$8,$30,$26,$39,43,$0.21,$0.19,$28,$0,$136,$223,$11,$0,$364,$13,$413,$636,$359,$0,$6,$6,$364,$0,$-49,$0,$272,$636,$61,$14,$46,$60,$-4,$0,$-0,$-6,$-16,$105,$-6,$0,$0,$0,$0,$0,$0,$-6,$-76,$0,$-76,$6,$6,$0,$-4,$-74,$27,$7,$0
4,2017-09-30,40.8,$6.64,6.14,$13.20,3.09,$3.35,12.16,$1.48,27.57,$0.23B,$0.38B,0.6,$0.01B,$0.26B,0.02,$0.54B,$0.16B,29.28%,$0.54B,$0.12B,21.92%,$0.54B,$0.12B,21.92%,$0.54B,$0.13B,24.49%,$0.54B,$0.10B,18.97%,$0.54B,$0.06B,11.42%,$0.06B,$0.26B,27.56%,$0.06B,$-0.10B,-44.68%,$0.06B,$0.66B,10.11%,$0.12B,$0.27B,40.72%,$138,$95,$43,$0,$8,$103,$34,$-4,$30,$10,$20,$20,$26,$38,$34,$39,44,$0.67,$0.61,$5,$0,$169,$231,$10,$0,$364,$13,$426,$657,$384,$5,$6,$11,$394,$0,$-58,$0,$263,$657,$53,$11,$33,$44,$-3,$0,$-1,$-8,$-23,$74,$-4,$0,$0,$0,$0,$0,$0,$-4,$-70,$0,$-70,$4,$4,$0,$-2,$-68,$3,$5,$0
5,2017-06-30,39.85,$5.95,6.7,$13.29,3.0,$1.89,21.08,$2.32,17.18,$0.23B,$0.38B,0.61,$0.04B,$0.23B,0.17,$0.53B,$0.15B,28.68%,$0.53B,$0.11B,20.38%,$0.53B,$0.11B,20.38%,$0.53B,$0.13B,23.58%,$0.53B,$0.09B,17.17%,$0.53B,$0.09B,16.98%,$0.09B,$0.23B,45.00%,$0.09B,$-0.13B,-54.96%,$0.09B,$0.66B,15.13%,$0.11B,$0.27B,34.26%,$139,$99,$40,$0,$8,$108,$31,$-4,$27,$10,$17,$17,$14,$34,$31,$39,42,$0.35,$0.32,$8,$0,$163,$230,$9,$0,$364,$8,$428,$658,$379,$39,$6,$46,$424,$0,$-84,$0,$234,$658,$33,$7,$20,$27,$-4,$0,$-1,$-1,$-19,$40,$-2,$0,$0,$0,$0,$0,$0,$-2,$-34,$0,$-34,$3,$3,$0,$-2,$-33,$6,$3,$0
6,2017-03-31,29.1,$5.46,5.33,$13.37,2.18,$1.59,18.35,$-2.72,0.0,$0.16B,$0.31B,0.5,$0.06B,$0.21B,0.28,$0.52B,$0.15B,28.68%,$0.52B,$0.10B,19.57%,$0.52B,$0.10B,19.57%,$0.52B,$0.13B,25.19%,$0.52B,$0.08B,16.28%,$0.52B,$-0.10B,-19.38%,$-0.10B,$0.21B,-60.42%,$-0.10B,$-0.15B,50.44%,$-0.10B,$0.59B,-17.96%,$0.10B,$0.27B,31.89%,$141,$102,$39,$0,$8,$112,$29,$-4,$25,$9,$15,$15,$15,$32,$29,$39,41,$0.39,$0.38,$1,$0,$85,$156,$8,$0,$364,$7,$436,$592,$310,$60,$8,$68,$378,$0,$-98,$-4,$214,$592,$15,$3,$11,$14,$-16,$0,$1,$1,$-26,$3,$-1,$0,$0,$0,$0,$0,$0,$-1,$-5,$1,$-4,$2,$2,$0,$-1,$-3,$-1,$1,$0
7,2016-12-31,22.75,$4.86,4.68,$13.31,1.71,$1.57,14.46,$-3.49,0.0,$0.06B,$0.13B,0.44,$0.16B,$0.19B,0.87,$0.50B,$0.14B,28.74%,$0.50B,$0.10B,18.96%,$0.50B,$0.10B,18.96%,$0.50B,$0.14B,27.15%,$0.50B,$0.08B,15.57%,$0.50B,$-0.13B,-25.75%,$-0.13B,$0.19B,-71.97%,$-0.13B,$-0.17B,66.93%,$-0.13B,$0.55B,-22.25%,$0.10B,$0.35B,25.87%,$125,$88,$37,$0,$10,$100,$25,$-4,$21,$9,$12,$12,$7,$29,$25,$37,38,$0.30,$0.32,$2,$0,$2,$58,$8,$0,$364,$55,$487,$545,$132,$164,$59,$223,$355,$0,$-119,$-5,$189,$545,$56,$41,$-53,$-12,$8,$0,$-3,$-2,$2,$46,$-14,$0,$-27,$0,$-1,$-1,$4,$-39,$-11,$0,$-11,$10,$10,$0,$-5,$-7,$1,$18,$0
8,2016-09-30,26.46,$4.31,6.14,$10.99,2.41,$1.56,16.92,$-4.20,0.0,$0.06B,$0.14B,0.45,$0.20B,$0.16B,1.22,$0.41B,$0.14B,34.55%,$0.41B,$0.11B,27.49%,$0.41B,$0.11B,27.49%,$0.41B,$0.17B,40.39%,$0.41B,$0.10B,23.36%,$0.41B,$-0.16B,-37.71%,$-0.16B,$0.16B,-76.64%,$-0.16B,$-0.20B,90.78%,$-0.16B,$0.59B,-24.93%,$0.11B,$0.36B,28.18%,$125,$89,$36,$0,$10,$102,$23,$-5,$18,$13,$5,$5,$54,$30,$23,$37,38,$1.45,$1.40,$1,$0,$1,$62,$8,$0,$364,$81,$522,$585,$138,$198,$86,$283,$422,$0,$-126,$-3,$163,$585,$44,$38,$-58,$-20,$2,$0,$-4,$1,$-6,$18,$-13,$0,$-27,$0,$-1,$-1,$4,$-37,$11,$0,$11,$9,$9,$0,$-3,$17,$0,$15,$0
9,2016-06-30,11.55,$2.66,4.35,$10.84,1.07,$1.77,6.53,$-5.90,0.0,$0.11B,$0.18B,0.64,$0.18B,$0.10B,1.89,$0.40B,$0.14B,35.25%,$0.40B,$0.12B,29.00%,$0.40B,$0.12B,29.00%,$0.40B,$0.18B,44.25%,$0.40B,$0.10B,24.75%,$0.40B,$-0.22B,-54.50%,$-0.22B,$0.10B,-92.57%,$-0.22B,$-0.27B,148.05%,$-0.22B,$0.51B,-32.98%,$0.12B,$0.28B,26.24%,$125,$89,$36,$0,$10,$101,$24,$-4,$20,$0,$20,$20,$-176,$39,$24,$36,37,$-4.85,$-4.72,$5,$0,$54,$113,$21,$0,$364,$7,$393,$505,$175,$182,$27,$233,$409,$0,$-180,$-3,$96,$505,$39,$30,$-58,$-28,$17,$0,$-4,$3,$21,$32,$-10,$0,$0,$0,$-1,$-1,$5,$-7,$-12,$0,$-12,$0,$0,$0,$-9,$-21,$4,$5,$0
10,2016-03-31,10.09,$7.45,1.35,$10.56,0.96,$1.50,6.74,$-1.17,0.0,$0.12B,$0.16B,0.73,$0.21B,$0.27B,0.77,$0.39B,$0.14B,36.34%,$0.39B,$0.11B,29.38%,$0.39B,$0.11B,29.38%,$0.39B,$0.17B,44.85%,$0.39B,$0.10B,25.00%,$0.39B,$-0.04B,-10.82%,$-0.04B,$0.27B,-14.61%,$-0.04B,$-0.13B,39.81%,$-0.04B,$0.68B,-5.80%,$0.11B,$0.48B,22.54%,$126,$91,$35,$0,$9,$103,$23,$-4,$19,$0,$19,$19,$-14,$38,$23,$36,37,$-0.39,$-0.39,$3,$0,$4,$120,$150,$0,$397,$17,$564,$684,$164,$206,$28,$251,$415,$0,$-5,$-3,$269,$684,$19,$15,$-33,$-18,$7,$0,$-1,$-0,$6,$8,$-6,$0,$0,$0,$-0,$-0,$-0,$-7,$-5,$0,$-5,$0,$0,$0,$4,$-0,$1,$2,$0
11,2015-12-31,12.87,$7.78,1.65,$12.48,1.03,$1.27,10.1,$-0.86,0.0,$0.14B,$0.16B,0.83,$0.21B,$0.28B,0.74,$0.45B,$0.13B,29.65%,$0.45B,$0.09B,20.13%,$0.45B,$0.09B,20.13%,$0.45B,$0.15B,33.41%,$0.45B,$0.07B,16.15%,$0.45B,$-0.03B,-6.86%,$-0.03B,$0.28B,-10.46%,$-0.03B,$-0.09B,31.31%,$-0.03B,$0.71B,-4.11%,$0.09B,$0.49B,17.39%,$35,$0,$35,$0,$1,$-8,$43,$-4,$39,$16,$23,$23,$-19,$59,$43,$36,37,$-0.54,$-0.51,$0,$0,$3,$135,$10,$0,$367,$13,$578,$713,$162,$208,$38,$270,$432,$0,$9,$-4,$281,$713,$44,$60,$-51,$8,$17,$0,$5,$-9,$12,$65,$-35,$0,$0,$0,$-2,$-2,$-1,$-37,$-25,$0,$-25,$2,$2,$0,$-3,$-25,$-0,$10,$0
12,2015-09-30,11.12,$8.22,1.35,$7.62,1.46,$0.72,15.35,$-0.25,0.0,$0.15B,$0.16B,0.93,$0.23B,$0.30B,0.77,$0.28B,$0.13B,47.31%,$0.28B,$0.14B,48.39%,$0.28B,$0.14B,48.39%,$0.28B,$0.19B,69.53%,$0.28B,$0.12B,41.94%,$0.28B,$-0.01B,-3.23%,$-0.01B,$0.30B,-2.98%,$-0.01B,$-0.11B,8.72%,$-0.01B,$0.74B,-1.15%,$0.14B,$0.52B,25.23%,$114,$79,$35,$0,$6,$87,$26,$-5,$21,$8,$13,$13,$-9,$41,$26,$36,37,$-0.25,$-0.25,$2,$0,$6,$151,$161,$0,$404,$26,$591,$742,$162,$228,$37,$284,$446,$0,$29,$-4,$296,$742,$34,$44,$-26,$17,$2,$0,$1,$-10,$-13,$39,$-26,$0,$0,$0,$-6,$-6,$-1,$-33,$-7,$0,$-7,$2,$2,$0,$1,$-4,$0,$8,$0
13,2015-06-30,11.98,$8.50,1.41,$9.60,1.25,$0.39,30.38,$0.05,239.6,$0.15B,$0.16B,0.91,$0.23B,$0.30B,0.75,$0.35B,$0.13B,38.18%,$0.35B,$0.12B,33.33%,$0.35B,$0.12B,33.33%,$0.35B,$0.18B,50.14%,$0.35B,$0.10B,28.21%,$0.35B,$0.00B,0.57%,$0.00B,$0.30B,0.66%,$0.00B,$-0.10B,-1.92%,$0.00B,$0.76B,0.25%,$0.12B,$0.53B,21.74%,$113,$77,$36,$0,$12,$92,$22,$-4,$18,$7,$11,$11,$0,$36,$22,$36,37,$0.01,$0.00,$5,$0,$7,$146,$164,$0,$405,$43,$611,$757,$160,$229,$38,$293,$453,$0,$38,$-3,$304,$757,$21,$29,$-19,$10,$12,$0,$4,$-13,$-2,$29,$-17,$0,$0,$0,$-4,$-4,$-1,$-22,$-4,$0,$-4,$1,$1,$0,$1,$-2,$1,$6,$0
14,2015-03-31,19.7,$8.52,2.31,$11.64,1.69,$0.03,633.44,$0.03,656.67,$0.16B,$0.16B,1.03,$0.24B,$0.30B,0.8,$0.42B,$0.13B,31.50%,$0.42B,$0.10B,23.63%,$0.42B,$0.10B,23.63%,$0.42B,$0.16B,37.95%,$0.42B,$0.08B,19.09%,$0.42B,$0.00B,0.24%,$0.00B,$0.30B,0.33%,$0.00B,$-0.10B,-0.93%,$0.00B,$0.81B,0.13%,$0.10B,$0.55B,18.41%,$190,$161,$28,$0,$16,$190,$-0,$-4,$-5,$-2,$-3,$-3,$-3,$15,$-0,$36,36,$-0.08,$-0.08,$4,$0,$7,$161,$164,$0,$407,$76,$647,$808,$156,$242,$72,$347,$504,$0,$40,$-4,$304,$808,$-3,$15,$9,$24,$5,$0,$5,$-19,$-19,$2,$-9,$0,$0,$0,$-3,$-3,$-0,$-12,$10,$0,$10,$3,$3,$0,$1,$13,$2,$2,$0
15,2014-12-31,19.88,$8.58,2.32,$11.33,1.75,$0.18,110.38,$-0.16,0.0,$0.16B,$0.17B,0.96,$0.23B,$0.31B,0.76,$0.41B,$0.13B,32.76%,$0.41B,$0.09B,21.67%,$0.41B,$0.09B,21.67%,$0.41B,$0.15B,36.70%,$0.41B,$0.07B,17.24%,$0.41B,$-0.01B,-1.48%,$-0.01B,$0.31B,-2.01%,$-0.01B,$-0.10B,5.33%,$-0.01B,$0.81B,-0.76%,$0.09B,$0.54B,16.39%,$-138,$-171,$33,$0,$-17,$-225,$87,$-4,$83,$32,$51,$51,$3,$102,$87,$35,35,$0.06,$0.08,$2,$0,$8,$163,$166,$0,$408,$76,$649,$812,$170,$231,$73,$337,$507,$0,$42,$-2,$305,$812,$43,$62,$-37,$25,$-38,$0,$-9,$29,$-16,$52,$-43,$0,$0,$0,$-7,$-7,$-1,$-51,$-14,$0,$-14,$3,$3,$0,$11,$-0,$-0,$8,$0
16,2014-09-30,16.02,$8.46,1.89,$20.14,0.8,$0.80,20.1,$-0.38,0.0,$0.14B,$0.15B,0.92,$0.24B,$0.30B,0.79,$0.71B,$0.13B,17.95%,$0.71B,$-0.00B,-0.28%,$0.71B,$-0.00B,-0.28%,$0.71B,$0.06B,8.42%,$0.71B,$-0.02B,-2.95%,$0.71B,$-0.01B,-1.96%,$-0.01B,$0.30B,-4.69%,$-0.01B,$-0.11B,12.12%,$-0.01B,$0.78B,-1.81%,$-0.00B,$0.54B,-0.37%,$186,$149,$37,$0,$16,$178,$8,$-5,$3,$1,$2,$2,$2,$23,$8,$35,36,$0.06,$0.05,$2,$0,$7,$142,$164,$0,$410,$61,$635,$777,$154,$237,$60,$324,$478,$0,$40,$-1,$299,$777,$-8,$47,$-1,$46,$-25,$0,$-8,$31,$-5,$32,$-32,$0,$0,$0,$-5,$-5,$-1,$-38,$-7,$0,$-7,$1,$1,$0,$11,$6,$-1,$6,$0
17,2014-06-30,17.54,$8.43,2.08,$19.70,0.89,$1.30,13.45,$-0.38,0.0,$0.14B,$0.16B,0.91,$0.23B,$0.30B,0.79,$0.69B,$0.13B,18.30%,$0.69B,$-0.00B,-0.58%,$0.69B,$-0.00B,-0.58%,$0.69B,$0.06B,8.36%,$0.69B,$-0.02B,-3.31%,$0.69B,$-0.01B,-2.02%,$-0.01B,$0.30B,-4.66%,$-0.01B,$-0.12B,12.04%,$-0.01B,$0.78B,-1.81%,$-0.00B,$0.53B,-0.74%,$181,$146,$34,$0,$17,$177,$4,$-5,$-1,$-0,$-1,$-1,$-1,$19,$4,$35,35,$-0.01,$-0.01,$2,$0,$8,$143,$164,$0,$413,$64,$640,$783,$157,$234,$65,$328,$485,$0,$38,$0,$298,$783,$-10,$31,$7,$39,$-19,$0,$-3,$17,$-9,$19,$-21,$0,$0,$0,$-3,$-3,$-1,$-25,$-9,$12,$3,$1,$1,$0,$0,$5,$-0,$4,$0
18,2014-03-31,17.14,$8.37,2.05,$19.33,0.89,$1.92,8.95,$-0.40,0.0,$0.15B,$0.15B,0.99,$0.25B,$0.30B,0.84,$0.68B,$0.12B,18.07%,$0.68B,$-0.01B,-0.89%,$0.68B,$-0.01B,-0.89%,$0.68B,$0.05B,8.00%,$0.68B,$-0.02B,-3.56%,$0.68B,$-0.01B,-2.07%,$-0.01B,$0.30B,-4.73%,$-0.01B,$-0.12B,11.31%,$-0.01B,$0.79B,-1.85%,$-0.01B,$0.54B,-1.11%,$177,$148,$29,$0,$16,$187,$-11,$-4,$-15,$-5,$-10,$-10,$-10,$5,$-11,$35,35,$-0.27,$-0.27,$2,$0,$7,$149,$161,$0,$415,$61,$638,$787,$151,$247,$65,$341,$492,$0,$38,$-0,$295,$787,$-10,$15,$5,$20,$-23,$0,$7,$21,$-1,$9,$-11,$0,$0,$0,$-2,$-2,$-0,$-12,$4,$0,$4,$0,$0,$0,$-1,$3,$-0,$2,$0
19,2013-12-31,15.35,$8.62,1.78,$19.16,0.8,$2.39,6.42,$-0.25,0.0,$0.12B,$0.12B,0.96,$0.24B,$0.30B,0.79,$0.66B,$0.12B,17.65%,$0.66B,$0.00B,0.30%,$0.66B,$0.00B,0.30%,$0.66B,$0.06B,9.05%,$0.66B,$-0.02B,-2.26%,$0.66B,$-0.01B,-1.21%,$-0.01B,$0.30B,-2.75%,$-0.01B,$-0.12B,6.12%,$-0.01B,$0.75B,-1.08%,$0.00B,$0.54B,0.37%,$169,$142,$28,$0,$17,$172,$-3,$-5,$-8,$-2,$-5,$-5,$-5,$13,$-3,$34,34,$-0.15,$-0.15,$3,$0,$7,$119,$158,$0,$418,$54,$630,$749,$124,$238,$51,$322,$446,$0,$48,$-0,$303,$749,$-9,$58,$2,$59,$19,$0,$9,$-2,$21,$72,$-41,$0,$-1,$0,$-7,$-7,$-1,$-50,$-44,$0,$-44,$28,$28,$0,$-4,$-20,$1,$7,$0
20,2013-09-30,18.51,$8.77,2.11,$19.43,0.95,$1.27,14.53,$-0.08,0.0,$0.12B,$0.11B,1.07,$0.25B,$0.31B,0.8,$0.67B,$0.13B,18.98%,$0.67B,$0.01B,1.49%,$0.67B,$0.01B,1.49%,$0.67B,$0.07B,9.87%,$0.67B,$-0.01B,-0.75%,$0.67B,$-0.00B,-0.30%,$-0.00B,$0.31B,-0.70%,$-0.00B,$-0.11B,1.43%,$-0.00B,$0.77B,-0.27%,$0.01B,$0.55B,1.84%,$167,$131,$36,$0,$16,$161,$6,$-5,$1,$-1,$2,$2,$2,$21,$6,$35,36,$0.05,$0.05,$3,$0,$7,$122,$158,$0,$421,$70,$648,$771,$114,$247,$67,$350,$464,$0,$53,$-0,$307,$771,$-3,$42,$4,$46,$23,$0,$-4,$-0,$9,$51,$-33,$0,$-1,$0,$0,$0,$-6,$-39,$-33,$0,$-33,$28,$28,$0,$-5,$-10,$1,$5,$0
21,2013-06-30,17.38,$8.13,2.14,$19.67,0.88,$0.25,70.31,$0.02,869.0,$0.12B,$0.13B,0.93,$0.25B,$0.28B,0.91,$0.67B,$0.13B,19.58%,$0.67B,$0.02B,2.39%,$0.67B,$0.02B,2.39%,$0.67B,$0.07B,10.46%,$0.67B,$0.00B,0.45%,$0.67B,$0.00B,0.15%,$0.00B,$0.28B,0.36%,$0.00B,$-0.15B,-0.67%,$0.00B,$0.72B,0.14%,$0.02B,$0.53B,2.93%,$162,$133,$29,$0,$14,$161,$2,$-3,$-2,$-1,$-1,$-1,$-1,$15,$2,$34,34,$-0.03,$-0.03,$2,$0,$13,$122,$156,$0,$424,$22,$601,$722,$131,$254,$25,$313,$444,$0,$51,$-1,$279,$722,$-5,$27,$4,$31,$27,$0,$-2,$-4,$13,$39,$-20,$0,$-1,$0,$0,$0,$-4,$-24,$-26,$11,$-14,$2,$2,$0,$-1,$-13,$0,$3,$0
22,2013-03-31,12.25,$8.09,1.51,$20.00,0.61,$-0.81,0.0,$0.20,61.25,$0.13B,$0.13B,0.96,$0.26B,$0.28B,0.93,$0.68B,$0.14B,21.12%,$0.68B,$0.03B,3.99%,$0.68B,$0.03B,3.99%,$0.68B,$0.08B,12.11%,$0.68B,$0.01B,2.07%,$0.68B,$0.01B,1.03%,$0.01B,$0.28B,2.55%,$0.01B,$-0.15B,-4.53%,$0.01B,$0.73B,0.95%,$0.03B,$0.53B,4.91%,$165,$141,$24,$0,$13,$168,$-3,$-3,$-6,$-2,$-4,$-4,$-4,$11,$-3,$34,34,$-0.12,$-0.12,$2,$0,$9,$127,$155,$0,$426,$21,$602,$729,$133,$257,$26,$320,$453,$0,$53,$-1,$276,$729,$-4,$14,$1,$14,$16,$0,$0,$7,$16,$26,$-11,$0,$0,$0,$0,$0,$-2,$-13,$-22,$10,$-12,$0,$0,$0,$-1,$-12,$1,$2,$0
23,2012-12-31,10.7,$8.22,1.3,$20.10,0.53,$-2.05,0.0,$0.24,44.58,$0.14B,$0.13B,1.11,$0.28B,$0.28B,1.0,$0.68B,$0.14B,21.27%,$0.68B,$0.03B,4.28%,$0.68B,$0.03B,4.28%,$0.68B,$0.08B,12.26%,$0.68B,$0.02B,2.36%,$0.68B,$0.01B,1.18%,$0.01B,$0.28B,2.95%,$0.01B,$-0.15B,-5.03%,$0.01B,$0.75B,1.09%,$0.03B,$0.56B,5.23%,$175,$138,$38,$0,$17,$170,$5,$-3,$2,$1,$1,$1,$1,$19,$5,$34,34,$0.02,$0.02,$2,$0,$7,$142,$156,$0,$429,$21,$606,$748,$128,$279,$27,$341,$469,$0,$57,$-1,$279,$748,$8,$54,$-1,$53,$-23,$0,$-1,$17,$-21,$41,$-49,$0,$-5,$0,$0,$0,$-7,$-60,$19,$1,$20,$3,$3,$0,$-2,$21,$1,$6,$0
24,2012-09-30,11.71,$8.15,1.44,$20.27,0.58,$-1.00,0.0,$-5.10,0.0,$0.13B,$0.12B,1.09,$0.28B,$0.28B,1.02,$0.68B,$0.15B,22.43%,$0.68B,$-0.15B,-21.85%,$0.68B,$-0.15B,-21.85%,$0.68B,$-0.10B,-14.08%,$0.68B,$-0.16B,-23.90%,$0.68B,$-0.17B,-24.93%,$-0.17B,$0.28B,-63.55%,$-0.17B,$-0.15B,104.78%,$-0.17B,$0.74B,-23.48%,$-0.15B,$0.56B,-27.19%,$167,$127,$40,$0,$15,$155,$12,$-3,$9,$4,$5,$5,$5,$25,$12,$34,34,$0.15,$0.15,$3,$0,$5,$133,$155,$0,$430,$21,$605,$738,$122,$282,$26,$340,$462,$0,$56,$-2,$276,$738,$7,$40,$-0,$40,$-17,$0,$-6,$14,$-24,$23,$-41,$0,$-5,$0,$0,$0,$-6,$-52,$23,$0,$23,$3,$3,$0,$4,$30,$2,$5,$0
25,2012-06-30,7.98,$7.98,1.0,$20.53,0.39,$0.23,34.1,$-4.97,0.0,$0.13B,$0.12B,1.12,$0.28B,$0.27B,1.06,$0.69B,$0.16B,23.15%,$0.69B,$-0.14B,-20.41%,$0.69B,$-0.14B,-20.41%,$0.69B,$-0.09B,-12.74%,$0.69B,$-0.16B,-22.43%,$0.69B,$-0.17B,-24.02%,$-0.17B,$0.27B,-53.68%,$-0.17B,$-0.17B,99.40%,$-0.17B,$0.73B,-21.78%,$-0.14B,$0.55B,-24.00%,$170,$129,$41,$0,$15,$157,$13,$-4,$9,$4,$5,$5,$5,$27,$13,$33,34,$0.15,$0.15,$1,$0,$2,$132,$151,$0,$432,$12,$594,$726,$118,$283,$26,$341,$460,$0,$51,$-1,$267,$726,$2,$27,$-2,$24,$-8,$0,$-7,$11,$-16,$11,$-28,$0,$-5,$0,$0,$0,$-4,$-37,$24,$0,$24,$0,$0,$0,$2,$26,$0,$3,$0
26,2012-03-31,7.36,$7.81,0.94,$20.33,0.36,$1.51,4.86,$-4.95,0.0,$0.14B,$0.11B,1.21,$0.29B,$0.26B,1.12,$0.69B,$0.16B,23.59%,$0.69B,$-0.14B,-20.41%,$0.69B,$-0.14B,-20.41%,$0.69B,$-0.09B,-12.88%,$0.69B,$-0.15B,-22.29%,$0.69B,$-0.17B,-23.88%,$-0.17B,$0.26B,-46.84%,$-0.17B,$-0.17B,101.38%,$-0.17B,$0.72B,-20.84%,$-0.14B,$0.55B,-22.90%,$165,$140,$25,$0,$14,$166,$-1,$-3,$-4,$-1,$-3,$-3,$-3,$12,$-1,$33,33,$-0.08,$-0.08,$1,$0,$1,$137,$148,$0,$428,$10,$586,$723,$113,$291,$28,$349,$462,$0,$46,$-1,$261,$723,$-3,$13,$-2,$10,$-10,$0,$-5,$10,$-19,$-12,$-15,$0,$0,$0,$0,$0,$-2,$-17,$24,$4,$29,$0,$0,$0,$0,$29,$0,$1,$0
27,2011-12-31,6.86,$7.98,0.86,$20.07,0.34,$2.63,2.61,$-4.75,0.0,$0.13B,$0.12B,1.07,$0.27B,$0.27B,1.0,$0.69B,$0.18B,25.98%,$0.69B,$-0.13B,-18.72%,$0.69B,$-0.13B,-18.72%,$0.69B,$-0.08B,-11.18%,$0.69B,$-0.14B,-20.75%,$0.69B,$-0.16B,-22.93%,$-0.16B,$0.27B,-39.92%,$-0.16B,$-0.16B,99.06%,$-0.16B,$0.71B,-19.18%,$-0.13B,$0.53B,-19.95%,$180,$133,$47,$0,$15,$353,$-173,$-3,$-177,$0,$-177,$-177,$-177,$-160,$-173,$34,34,$-5.25,$-5.25,$1,$0,$1,$128,$142,$0,$428,$11,$581,$709,$119,$266,$31,$324,$443,$0,$49,$-2,$266,$709,$-158,$52,$187,$239,$-7,$0,$1,$10,$-5,$76,$-49,$0,$-24,$0,$0,$0,$-7,$-80,$22,$-1,$21,$-19,$-19,$0,$0,$3,$-0,$9,$0
28,2011-09-30,9.83,$13.34,0.74,$20.32,0.48,$2.65,3.72,$1.02,9.64,$0.13B,$0.12B,1.08,$0.27B,$0.44B,0.62,$0.70B,$0.20B,28.98%,$0.70B,$0.07B,10.37%,$0.70B,$0.07B,10.37%,$0.70B,$0.13B,17.90%,$0.70B,$0.06B,8.52%,$0.70B,$0.04B,4.97%,$0.04B,$0.44B,8.01%,$0.04B,$-0.17B,-22.05%,$0.04B,$0.89B,4.06%,$0.07B,$0.72B,10.70%,$176,$130,$47,$0,$14,$156,$20,$-3,$17,$7,$9,$9,$9,$33,$20,$34,34,$0.28,$0.28,$7,$0,$2,$126,$137,$0,$616,$11,$764,$890,$116,$273,$34,$330,$447,$0,$226,$-3,$443,$890,$19,$39,$3,$42,$-4,$0,$-1,$16,$-3,$58,$-34,$0,$-24,$0,$0,$0,$-5,$-62,$29,$-1,$28,$-19,$-19,$0,$0,$9,$6,$7,$0
29,2011-06-30,15.18,$12.99,1.17,$20.05,0.76,$2.97,5.12,$1.04,14.6,$0.11B,$0.12B,0.9,$0.22B,$0.44B,0.51,$0.70B,$0.21B,29.80%,$0.70B,$0.07B,10.60%,$0.70B,$0.07B,10.60%,$0.70B,$0.13B,18.19%,$0.70B,$0.06B,8.60%,$0.70B,$0.04B,5.30%,$0.04B,$0.44B,8.59%,$0.04B,$-0.15B,-23.23%,$0.04B,$0.85B,4.29%,$0.07B,$0.66B,11.12%,$170,$126,$44,$0,$18,$156,$13,$-3,$10,$4,$6,$6,$6,$26,$13,$34,35,$0.17,$0.17,$1,$0,$3,$112,$133,$0,$588,$13,$733,$845,$124,$223,$34,$282,$406,$0,$216,$-3,$439,$845,$10,$26,$1,$27,$6,$0,$2,$16,$12,$49,$-22,$0,$0,$0,$0,$0,$-3,$-25,$-20,$1,$-19,$-6,$-6,$0,$0,$-25,$-0,$5,$0
30,2011-03-31,15.37,$12.80,1.2,$20.19,0.76,$2.29,6.72,$1.21,12.7,$0.12B,$0.12B,0.99,$0.24B,$0.44B,0.55,$0.70B,$0.22B,30.97%,$0.70B,$0.08B,11.65%,$0.70B,$0.08B,11.65%,$0.70B,$0.14B,19.32%,$0.70B,$0.07B,9.80%,$0.70B,$0.04B,6.11%,$0.04B,$0.44B,10.20%,$0.04B,$-0.15B,-25.33%,$0.04B,$0.85B,4.93%,$0.08B,$0.68B,12.34%,$163,$122,$41,$0,$18,$152,$11,$-3,$7,$3,$4,$4,$4,$24,$11,$34,35,$0.12,$0.12,$4,$0,$3,$119,$129,$0,$589,$14,$732,$851,$120,$240,$34,$296,$416,$0,$210,$-3,$435,$851,$4,$13,$0,$13,$2,$0,$-3,$15,$4,$21,$-10,$0,$0,$0,$0,$0,$-1,$-11,$-4,$-1,$-5,$-2,$-2,$0,$0,$-7,$3,$2,$0
31,2010-12-31,11.16,$12.66,0.88,$20.62,0.54,$1.40,7.99,$1.36,8.21,$0.13B,$0.13B,1.0,$0.24B,$0.43B,0.57,$0.72B,$0.23B,31.53%,$0.72B,$0.09B,12.50%,$0.72B,$0.09B,12.50%,$0.72B,$0.15B,20.14%,$0.72B,$0.08B,10.83%,$0.72B,$0.05B,6.67%,$0.05B,$0.43B,11.69%,$0.05B,$-0.16B,-26.27%,$0.05B,$0.86B,5.43%,$0.09B,$0.67B,13.57%,$195,$123,$72,$0,$19,$166,$29,$-4,$26,$10,$16,$16,$16,$43,$29,$34,35,$0.45,$0.45,$1,$0,$3,$126,$131,$0,$591,$15,$736,$862,$125,$243,$39,$306,$431,$0,$206,$-3,$431,$862,$47,$55,$26,$81,$12,$0,$-2,$-45,$-55,$73,$-44,$0,$0,$0,$1,$1,$-6,$-49,$-16,$-4,$-20,$-3,$-3,$0,$-2,$-25,$-1,$11,$0
32,2010-09-30,11.64,$12.17,0.96,$20.13,0.58,$2.44,4.78,$1.13,10.3,$0.15B,$0.18B,0.85,$0.23B,$0.42B,0.56,$0.70B,$0.20B,28.57%,$0.70B,$0.08B,11.00%,$0.70B,$0.08B,11.00%,$0.70B,$0.13B,18.71%,$0.70B,$0.06B,9.14%,$0.70B,$0.04B,5.71%,$0.04B,$0.42B,10.08%,$0.04B,$-0.18B,-20.23%,$0.04B,$0.89B,4.50%,$0.08B,$0.65B,11.80%,$170,$120,$51,$0,$17,$150,$21,$-3,$17,$7,$11,$11,$11,$34,$21,$34,35,$0.31,$0.30,$2,$0,$4,$153,$129,$0,$592,$15,$736,$890,$180,$232,$45,$292,$472,$0,$191,$-5,$417,$890,$32,$41,$6,$47,$-7,$0,$-3,$19,$-10,$69,$-32,$0,$0,$0,$1,$1,$-4,$-35,$-28,$-5,$-33,$1,$1,$0,$-2,$-34,$-0,$8,$0
33,2010-06-30,11.92,$11.81,1.01,$20.52,0.58,$2.45,4.86,$1.09,10.94,$0.15B,$0.17B,0.92,$0.26B,$0.40B,0.64,$0.71B,$0.20B,27.81%,$0.71B,$0.08B,10.53%,$0.71B,$0.08B,10.53%,$0.71B,$0.13B,18.12%,$0.71B,$0.06B,8.71%,$0.71B,$0.04B,5.34%,$0.04B,$0.40B,9.88%,$0.04B,$-0.19B,-18.34%,$0.04B,$0.89B,4.29%,$0.08B,$0.66B,11.58%,$176,$122,$54,$0,$19,$154,$21,$-2,$19,$7,$12,$12,$12,$35,$21,$34,35,$0.35,$0.34,$1,$0,$4,$153,$123,$0,$594,$15,$733,$886,$167,$256,$44,$316,$482,$0,$180,$-5,$404,$886,$21,$28,$6,$33,$-12,$0,$-6,$19,$-27,$27,$-23,$0,$0,$0,$1,$1,$-3,$-25,$2,$-3,$-1,$1,$1,$0,$-2,$-3,$-1,$6,$0
34,2010-03-31,16.07,$11.44,1.4,$20.70,0.78,$2.57,6.25,$1.01,15.91,$0.16B,$0.17B,0.97,$0.28B,$0.39B,0.72,$0.71B,$0.19B,27.17%,$0.71B,$0.07B,10.36%,$0.71B,$0.07B,10.36%,$0.71B,$0.13B,17.65%,$0.71B,$0.06B,8.26%,$0.71B,$0.04B,4.90%,$0.04B,$0.39B,9.40%,$0.04B,$-0.21B,-16.18%,$0.04B,$0.90B,3.95%,$0.07B,$0.67B,11.46%,$179,$129,$50,$0,$17,$160,$19,$-3,$16,$7,$9,$9,$9,$33,$19,$34,35,$0.28,$0.27,$1,$0,$5,$161,$124,$0,$596,$16,$736,$897,$166,$279,$44,$341,$507,$0,$168,$-4,$390,$897,$9,$14,$6,$20,$-16,$0,$-7,$12,$-36,$-7,$-13,$0,$0,$0,$0,$0,$-1,$-14,$24,$-2,$23,$0,$0,$0,$-3,$20,$-1,$3,$0
35,2009-12-31,18.34,$11.14,1.65,$21.00,0.87,$3.94,4.65,$0.31,59.16,$0.15B,$0.19B,0.77,$0.25B,$0.38B,0.67,$0.72B,$0.19B,27.02%,$0.72B,$0.07B,10.31%,$0.72B,$0.07B,10.31%,$0.72B,$0.12B,17.27%,$0.72B,$0.02B,2.79%,$0.72B,$0.01B,1.53%,$0.01B,$0.38B,3.05%,$0.01B,$-0.22B,-4.89%,$0.01B,$0.88B,1.23%,$0.07B,$0.63B,11.52%,$175,$130,$45,$0,$16,$160,$16,$-4,$12,$5,$8,$8,$8,$29,$16,$34,34,$0.23,$0.22,$2,$0,$5,$149,$124,$0,$597,$11,$733,$882,$194,$254,$43,$312,$505,$0,$159,$-4,$377,$882,$10,$51,$19,$70,$14,$0,$7,$-13,$33,$113,$-49,$0,$-19,$0,$12,$12,$-5,$-62,$-52,$0,$-52,$-0,$-0,$0,$-2,$-53,$-3,$10,$0
36,2009-09-30,15.32,$10.85,1.41,$15.90,0.96,$2.09,7.34,$0.09,170.22,$0.18B,$0.20B,0.87,$0.26B,$0.37B,0.72,$0.54B,$0.15B,27.44%,$0.54B,$0.06B,10.68%,$0.54B,$0.06B,10.68%,$0.54B,$0.10B,17.50%,$0.54B,$0.01B,1.47%,$0.54B,$0.00B,0.55%,$0.00B,$0.37B,0.84%,$0.00B,$-0.21B,-1.32%,$0.00B,$0.88B,0.34%,$0.06B,$0.63B,8.93%,$182,$132,$49,$0,$18,$162,$19,$-4,$15,$7,$9,$9,$9,$32,$19,$34,34,$0.26,$0.26,$2,$0,$6,$176,$118,$0,$580,$7,$705,$881,$202,$264,$38,$313,$515,$0,$151,$-5,$367,$881,$3,$37,$8,$46,$-7,$0,$4,$-6,$24,$72,$-36,$0,$0,$0,$12,$12,$-4,$-28,$-42,$-4,$-46,$-0,$-0,$0,$-1,$-47,$-3,$8,$0
37,2009-06-30,13.45,$10.56,1.27,$16.07,0.84,$1.36,9.85,$-0.17,0.0,$0.18B,$0.19B,0.96,$0.30B,$0.36B,0.84,$0.55B,$0.16B,28.57%,$0.55B,$0.07B,11.90%,$0.55B,$0.07B,11.90%,$0.55B,$0.11B,20.33%,$0.55B,$0.01B,2.56%,$0.55B,$0.01B,1.28%,$0.01B,$0.36B,1.97%,$0.01B,$-0.23B,-3.05%,$0.01B,$0.89B,0.78%,$0.07B,$0.65B,9.85%,$178,$128,$50,$0,$18,$158,$20,$-4,$16,$7,$9,$9,$9,$32,$20,$34,34,$0.26,$0.26,$7,$0,$9,$181,$115,$0,$582,$9,$705,$886,$188,$297,$37,$342,$530,$0,$143,$-5,$356,$886,$-6,$25,$3,$28,$-3,$0,$0,$-4,$8,$30,$-22,$0,$0,$0,$12,$12,$-3,$-13,$-8,$-6,$-14,$-1,$-1,$0,$-1,$-15,$1,$5,$0
38,2009-03-31,8.77,$10.18,0.86,$16.29,0.54,$2.00,4.39,$0.06,146.17,$0.22B,$0.23B,0.96,$0.31B,$0.34B,0.91,$0.56B,$0.17B,30.27%,$0.56B,$0.08B,13.69%,$0.56B,$0.08B,13.69%,$0.56B,$0.11B,20.54%,$0.56B,$0.02B,4.32%,$0.56B,$0.01B,2.52%,$0.01B,$0.34B,5.25%,$0.01B,$-0.24B,-8.10%,$0.01B,$0.92B,2.08%,$0.08B,$0.65B,15.30%,$183,$133,$50,$0,$19,$164,$19,$-41,$-23,$-8,$-15,$-15,$-15,$31,$19,$34,34,$-0.44,$-0.44,$41,$0,$7,$219,$113,$0,$583,$8,$705,$924,$229,$311,$34,$352,$581,$0,$134,$-6,$343,$924,$-15,$13,$1,$14,$-9,$0,$3,$33,$40,$38,$-12,$0,$0,$0,$12,$12,$-1,$-1,$6,$-6,$0,$-1,$-1,$0,$-1,$-1,$36,$3,$0
39,2008-12-31,11.48,$0.00,0.0,$10.86,1.06,$1.20,9.59,$0.49,23.43,$0.17B,$0.17B,0.97,$0.30B,$0.36B,0.85,$0.37B,$0.12B,31.72%,$0.37B,$0.06B,15.32%,$0.37B,$0.06B,15.32%,$0.37B,$0.08B,22.31%,$0.37B,$0.05B,12.63%,$0.37B,$0.03B,7.80%,$0.03B,$0.36B,10.76%,$0.03B,$-0.23B,-16.86%,$0.03B,$0.88B,4.34%,$0.06B,$0.66B,11.21%,$0,$0,$0,$0,$0,$0,$0,$0,$0,$0,$0,$0,$0,$0,$0,$0,0,$0.00,$0.00,$5,$0,$4,$168,$111,$0,$586,$18,$715,$883,$174,$304,$40,$352,$526,$0,$149,$-5,$357,$883,$0,$0,$0,$0,$0,$0,$0,$0,$0,$0,$0,$0,$0,$0,$0,$0,$0,$0,$0,$0,$0,$0,$0,$0,$0,$0,$0,$0,$0
40,2008-11-30,8.09,$10.91,0.74,$16.35,0.49,$1.38,5.85,$0.88,9.19,$0.16B,$0.17B,0.99,$0.31B,$0.37B,0.83,$0.57B,$0.18B,32.39%,$0.57B,$0.09B,15.93%,$0.57B,$0.09B,15.93%,$0.57B,$0.13B,22.83%,$0.57B,$0.08B,13.27%,$0.57B,$0.05B,7.96%,$0.05B,$0.37B,24.97%,$0.05B,$-0.22B,-39.13%,$0.05B,$0.88B,10.06%,$0.09B,$0.67B,26.24%,$185,$129,$56,$0,$18,$159,$26,$-5,$21,$9,$13,$13,$13,$48,$26,$34,34,$0.37,$0.37,$4,$0,$3,$164,$112,$0,$590,$16,$718,$882,$167,$305,$37,$349,$515,$0,$160,$-5,$367,$882,$13,$12,$3,$15,$-8,$0,$-3,$10,$-6,$22,$-10,$0,$-0,$0,$0,$0,$-1,$-12,$-41,$0,$-41,$0,$0,$0,$1,$-41,$-31,$4,$0
41,2008-09-30,16.17,$0.00,0.0,$16.23,1.0,$1.01,16.07,$0.88,18.38,$0.00B,$0.00B,0.0,$0.00B,$0.00B,0.0,$0.57B,$0.19B,33.10%,$0.57B,$0.09B,16.29%,$0.57B,$0.09B,16.29%,$0.57B,$0.12B,21.54%,$0.57B,$0.08B,13.66%,$0.57B,$0.05B,8.06%,$0.05B,$0.00B,26.78%,$0.05B,$0.00B,-36.95%,$0.05B,$0.00B,10.23%,$0.09B,$0.00B,26.88%,$187,$126,$62,$0,$17,$156,$31,$-5,$26,$10,$16,$16,$16,$35,$31,$34,35,$0.46,$0.45,$0,$0,$0,$0,$0,$0,$0,$0,$0,$0,$0,$0,$0,$0,$0,$0,$0,$0,$0,$0,$42,$39,$1,$39,$-19,$0,$3,$11,$10,$92,$-62,$0,$0,$0,$0,$0,$-5,$-67,$44,$0,$44,$-91,$-91,$0,$3,$-43,$-18,$13,$0
42,2008-08-31,19.05,$0.00,0.0,$15.61,1.22,$-0.07,0.0,$0.72,26.46,$0.19B,$0.17B,1.13,$0.35B,$0.35B,0.98,$0.57B,$0.18B,31.86%,$0.57B,$0.08B,14.87%,$0.57B,$0.08B,14.87%,$0.57B,$0.13B,23.36%,$0.57B,$0.07B,12.21%,$0.57B,$0.04B,7.08%,$0.04B,$0.35B,23.29%,$0.04B,$-0.24B,-32.13%,$0.04B,$0.91B,8.90%,$0.08B,$0.70B,24.28%,$0,$0,$0,$0,$0,$0,$0,$0,$0,$0,$0,$0,$0,$0,$0,$0,0,$0.00,$0.00,$35,$0,$5,$188,$111,$0,$591,$17,$719,$907,$166,$345,$31,$386,$552,$0,$148,$-1,$354,$907,$0,$0,$0,$0,$0,$0,$0,$0,$0,$0,$0,$0,$0,$0,$0,$0,$0,$0,$0,$0,$0,$0,$0,$0,$0,$0,$0,$0,$0
43,2008-06-30,29.6,$0.00,0.0,$20.33,1.46,$0.04,768.83,$0.72,41.11,$0.00B,$0.00B,0.0,$0.00B,$0.00B,0.0,$0.74B,$0.23B,31.45%,$0.74B,$0.11B,14.78%,$0.74B,$0.11B,14.78%,$0.74B,$0.18B,24.19%,$0.74B,$0.09B,12.10%,$0.74B,$0.05B,6.99%,$0.05B,$0.00B,28.34%,$0.05B,$0.00B,-45.61%,$0.05B,$0.00B,11.75%,$0.11B,$0.00B,32.33%,$193,$128,$65,$0,$19,$160,$33,$-5,$28,$11,$16,$16,$16,$46,$33,$34,35,$0.48,$0.46,$0,$0,$0,$0,$0,$0,$0,$0,$0,$0,$0,$0,$0,$0,$0,$0,$0,$0,$0,$0,$27,$25,$-5,$21,$-29,$0,$1,$30,$9,$56,$-49,$0,$0,$0,$0,$0,$-3,$-53,$76,$0,$76,$-91,$-91,$0,$3,$-12,$-8,$8,$0
44,2008-05-31,32.3,$9.91,3.26,$19.50,1.66,$0.10,307.91,$0.33,97.88,$0.16B,$0.17B,0.93,$0.35B,$0.33B,1.06,$0.73B,$0.22B,30.40%,$0.73B,$0.10B,13.89%,$0.73B,$0.10B,13.89%,$0.73B,$0.18B,24.21%,$0.73B,$0.08B,11.14%,$0.73B,$0.05B,6.46%,$0.05B,$0.33B,16.80%,$0.05B,$-0.26B,-28.02%,$0.05B,$0.89B,7.13%,$0.10B,$0.68B,19.88%,$191,$129,$62,$0,$20,$162,$29,$-5,$24,$10,$14,$14,$14,$42,$29,$35,36,$0.40,$0.39,$18,$0,$5,$161,$110,$0,$594,$18,$730,$891,$173,$351,$34,$385,$558,$0,$131,$-1,$333,$891,$38,$35,$-10,$25,$-41,$0,$-2,$41,$7,$69,$-71,$0,$-0,$0,$0,$0,$-2,$-73,$53,$0,$53,$-88,$-88,$0,$9,$-26,$-30,$12,$0
45,2008-03-31,35.34,$0.00,0.0,$14.18,2.49,$0.14,245.08,$0.33,107.09,$0.00B,$0.00B,0.0,$0.00B,$0.00B,0.0,$0.54B,$0.16B,29.66%,$0.54B,$0.07B,13.43%,$0.54B,$0.07B,13.43%,$0.54B,$0.13B,25.00%,$0.54B,$0.06B,10.63%,$0.54B,$0.03B,6.16%,$0.03B,$0.00B,11.49%,$0.03B,$0.00B,-20.31%,$0.03B,$0.00B,5.13%,$0.07B,$0.00B,14.34%,$181,$128,$53,$0,$19,$159,$22,$-5,$17,$7,$10,$10,$10,$44,$22,$36,38,$0.28,$0.27,$0,$0,$0,$0,$0,$0,$0,$0,$0,$0,$0,$0,$0,$0,$0,$0,$0,$0,$0,$0,$10,$12,$8,$21,$-20,$0,$-3,$4,$-10,$21,$-29,$0,$-0,$0,$0,$0,$-1,$-31,$62,$0,$62,$-19,$-19,$0,$3,$45,$36,$4,$0
46,2008-02-29,34.35,$11.13,3.09,$13.91,2.47,$1.72,19.98,0,0.0,$0.17B,$0.16B,1.08,$0.28B,$0.40B,0.69,$0.52B,$0.16B,30.21%,$0.52B,$0.07B,13.96%,$0.52B,$0.07B,13.96%,$0.52B,$0.12B,23.71%,$0.52B,$0.06B,10.90%,$0.52B,$0.03B,6.50%,$0.03B,$0.40B,9.13%,$0.03B,$-0.20B,-15.26%,$0.03B,$0.88B,4.00%,$0.07B,$0.68B,10.96%,$179,$125,$54,$0,$17,$153,$26,$-5,$21,$9,$12,$12,$12,$48,$26,$36,38,$0.35,$0.33,$41,$0,$6,$171,$93,$0,$596,$17,$708,$879,$158,$276,$43,$319,$478,$0,$193,$-3,$401,$879,$24,$22,$-6,$16,$-27,$0,$0,$26,$11,$50,$-46,$0,$-0,$0,$0,$0,$0,$-46,$-21,$0,$-21,$1,$1,$0,$9,$-11,$-7,$8,$0
47,2007-11-30,58.37,$10.71,5.45,$13.53,4.31,$2.07,28.18,0,0.0,$0.18B,$0.16B,1.1,$0.29B,$0.39B,0.75,$0.50B,$0.16B,30.75%,$0.50B,$0.07B,14.29%,$0.50B,$0.07B,14.29%,$0.50B,$0.12B,23.41%,$0.50B,$0.05B,10.71%,$0.50B,$0.03B,6.55%,$0.03B,$0.39B,9.39%,$0.03B,$-0.22B,-13.82%,$0.03B,$0.87B,3.98%,$0.07B,$0.67B,10.93%,$176,$124,$52,$0,$17,$151,$24,$-5,$19,$8,$11,$11,$11,$42,$24,$36,38,$0.31,$0.30,$55,$0,$6,$178,$74,$0,$599,$15,$688,$866,$161,$287,$33,$320,$481,$0,$185,$-1,$385,$866,$11,$11,$-1,$10,$-20,$0,$1,$18,$4,$25,$-16,$0,$-0,$0,$0,$0,$0,$-16,$-11,$0,$-11,$3,$3,$0,$5,$-2,$7,$4,$0
48,2007-08-31,49.8,$0.00,0.0,$12.07,4.13,$1.97,25.28,0,0.0,$0.15B,$0.14B,1.08,$0.30B,$0.36B,0.82,$0.45B,$0.14B,32.13%,$0.45B,$0.07B,15.28%,$0.45B,$0.07B,15.28%,$0.45B,$0.11B,24.27%,$0.45B,$0.06B,12.36%,$0.45B,$0.03B,7.64%,$0.03B,$0.36B,10.34%,$0.03B,$-0.24B,-24.55%,$0.03B,$0.83B,4.77%,$0.07B,$0.66B,12.05%,$0,$0,$0,$0,$0,$0,$0,$0,$0,$0,$0,$0,$0,$0,$0,$0,0,$0.00,$0.00,$48,$0,$4,$151,$59,$0,$603,$16,$677,$829,$141,$297,$14,$325,$466,$0,$175,$-0,$363,$829,$0,$0,$0,$0,$0,$0,$0,$0,$0,$0,$0,$0,$0,$0,$0,$0,$0,$0,$0,$0,$0,$0,$0,$0,$0,$0,$0,$0,$0
49,2007-05-31,46.62,$9.62,4.85,$12.07,3.86,$1.97,23.66,0,0.0,$0.17B,$0.14B,1.27,$0.32B,$0.34B,0.94,$0.45B,$0.14B,32.13%,$0.45B,$0.07B,15.28%,$0.45B,$0.07B,15.28%,$0.45B,$0.11B,24.27%,$0.45B,$0.06B,12.36%,$0.45B,$0.03B,7.64%,$0.03B,$0.34B,11.08%,$0.03B,$-0.24B,-92.52%,$0.03B,$0.83B,5.66%,$0.07B,$0.66B,14.53%,$168,$116,$52,$0,$19,$145,$23,$-6,$17,$6,$11,$11,$11,$34,$23,$35,37,$0.31,$0.29,$62,$0,$0,$173,$55,$0,$581,$16,$652,$825,$137,$318,$13,$349,$486,$0,$168,$1,$340,$825,$34,$28,$-4,$24,$-8,$0,$-0,$39,$13,$70,$-20,$0,$-467,$0,$-9,$-9,$-0,$-496,$319,$0,$319,$10,$10,$0,$3,$332,$-93,$13,$0
50,2007-02-28,43.49,$9.07,4.79,$10.46,4.16,$1.79,24.24,0,0.0,$0.17B,$0.12B,1.37,$0.33B,$0.32B,1.03,$0.38B,$0.12B,32.29%,$0.38B,$0.06B,15.89%,$0.38B,$0.06B,15.89%,$0.38B,$0.10B,25.00%,$0.38B,$0.05B,13.80%,$0.38B,$0.03B,8.33%,$0.03B,$0.32B,11.19%,$0.03B,$-0.26B,53.11%,$0.03B,$0.80B,6.64%,$0.06B,$0.65B,16.58%,$160,$109,$51,$0,$16,$136,$25,$-6,$18,$7,$11,$11,$11,$42,$25,$35,37,$0.32,$0.30,$52,$0,$0,$166,$50,$0,$577,$6,$633,$800,$121,$328,$11,$360,$482,$0,$157,$-0,$318,$800,$23,$17,$-3,$15,$-16,$0,$-1,$21,$-13,$25,$-8,$0,$-457,$0,$0,$0,$-0,$-464,$330,$0,$330,$8,$8,$0,$-0,$337,$-102,$8,$0
51,2006-11-30,45.99,$8.46,5.44,$8.88,5.18,$1.93,23.77,0,0.0,$0.24B,$0.09B,2.58,$0.00B,$0.29B,0.0,$0.32B,$0.10B,31.48%,$0.32B,$0.05B,14.81%,$0.32B,$0.05B,14.81%,$0.32B,$0.08B,24.07%,$0.32B,$0.05B,14.51%,$0.32B,$0.03B,8.64%,$0.03B,$0.29B,10.50%,$0.03B,$0.19B,17.75%,$0.03B,$0.40B,7.75%,$0.05B,$0.29B,17.99%,$117,$78,$40,$0,$13,$97,$20,$-0,$20,$8,$12,$12,$12,$32,$20,$35,37,$0.34,$0.32,$162,$0,$0,$237,$45,$0,$107,$3,$160,$397,$92,$0,$11,$11,$103,$0,$146,$0,$294,$397,$12,$7,$0,$7,$-7,$0,$3,$16,$-10,$9,$-4,$0,$-1,$0,$0,$0,$-0,$-5,$-0,$0,$-0,$1,$1,$0,$1,$2,$7,$4,$0
