,Date,Stock Price,Book Value per Share,Price to Book Ratio,TTM Sales per Share,Price to Sales Ratio,TTM FCF per Share,Price to FCF Ratio,TTM Net EPS,PE Ratio,Current Assets,Current Liabilities,Current Ratio,Long Term Debt,Shareholder's Equity_x,Debt to Equity Ratio,TTM Revenue_x,TTM Gross Profit,Gross Margin,TTM Revenue_y,TTM Operating Income,Operating Margin,TTM Revenue_x,TTM EBIT,EBIT Margin,TTM Revenue_y,TTM EBITDA,EBITDA Margin,TTM Revenue_x,TTM Pre-Tax Income,Pre-Tax Margin,TTM Revenue_y,TTM Net Income_x,Net Margin,TTM Net Income_y,Shareholder's Equity_y,Return on Equity,TTM Net Income_x,Tangible Equity,Return on Tangible Equity,TTM Net Income_y,Total Assets,Return on Assets,TTM Net Income,LT Investments & Debt,Return on Investment,revenue,cost-goods-sold,gross-profit,research-development-expenses,selling-general-administrative-expenses,operating-expenses,operating-income,total-non-operating-income-expense,pre-tax-income,total-provision-income-taxes,income-after-taxes,income-from-continuous-operations,net-income,ebitda,ebit,basic-shares-outstanding,shares-outstanding,eps-basic-net-earnings-per-share,eps-earnings-per-share-diluted,cash-on-hand,inventory,other-current-assets,total-current-assets,net-property-plant-equipment,long-term-investments,goodwill-intangible-assets-total,other-long-term-assets,total-long-term-assets,total-assets,total-current-liabilities,long-term-debt,other-non-current-liabilities,total-long-term-liabilities,total-liabilities,common-stock-net,retained-earnings-accumulated-deficit,comprehensive-income,total-share-holder-equity,total-liabilities-share-holders-equity,net-income-loss,total-depreciation-amortization-cash-flow,other-non-cash-items,total-non-cash-items,change-in-accounts-receivable,change-in-inventories,change-in-accounts-payable,change-in-assets-liabilities,total-change-in-assets-liabilities,cash-flow-from-operating-activities,net-change-in-property-plant-equipment,net-change-in-intangible-assets,net-acquisitions-divestitures,net-change-in-short-term-investments,net-change-in-long-term-investments,net-change-in-investments-total,investing-activities-other,cash-flow-from-investing-activities,net-long-term-debt,net-current-debt,debt-issuance-retirement-net-total,net-common-equity-issued-repurchased,net-total-equity-issued-repurchased,total-common-preferred-stock-dividends-paid,financial-activities-other,cash-flow-from-financial-activities,net-cash-flow,stock-based-compensation,common-stock-dividends-paid
0,2018-09-30,7.42,$4.82,1.54,$27.03,0.27,$-3.09,0.0,$-0.33,0.0,$0.81B,$0.38B,2.11,$0.41B,$0.29B,1.42,$1.62B,$0.20B,12.14%,$1.62B,$0.03B,2.04%,$1.62B,$0.03B,2.04%,$1.62B,$0.09B,5.57%,$1.62B,$-0.00B,-0.25%,$1.62B,$-0.02B,-1.24%,$-0.02B,$0.29B,-6.51%,$-0.02B,$0.29B,-6.51%,$-0.02B,$1.27B,-1.53%,$0.03B,$0.70B,4.61%,$385,$341,$44,$3,$34,$380,$5,$1,$6,$3,$3,$3,$-2,$18,$5,$60,60,$-0.03,$-0.03,$97,$382,$0,$805,$385,$0,$0,$82,$469,$1274,$382,$411,$62,$604,$985,$0,$-16,$-200,$289,$1274,$27,$43,$4,$47,$-53,$-63,$25,$-17,$-107,$-33,$-26,$0,$0,$0,$0,$0,$1,$-25,$18,$0,$18,$0,$0,$-1,$0,$17,$-47,$1,$-1
1,2018-06-30,10.73,$4.98,2.16,$26.83,0.4,$-2.76,0.0,$-0.52,0.0,$0.84B,$0.41B,2.05,$0.41B,$0.30B,1.38,$1.60B,$0.19B,11.99%,$1.60B,$0.02B,1.44%,$1.60B,$0.02B,1.44%,$1.60B,$0.08B,5.12%,$1.60B,$-0.02B,-1.19%,$1.60B,$-0.03B,-1.94%,$-0.03B,$0.30B,-9.60%,$-0.03B,$0.30B,-9.60%,$-0.03B,$1.31B,-2.35%,$0.02B,$0.71B,3.14%,$429,$371,$58,$3,$37,$413,$16,$-9,$7,$2,$6,$6,$1,$31,$16,$60,60,$0.02,$0.02,$106,$373,$0,$836,$393,$0,$0,$79,$474,$1310,$407,$410,$66,$605,$1012,$0,$-22,$-189,$298,$1310,$20,$30,$9,$39,$-71,$-48,$40,$-11,$-90,$-30,$-18,$0,$0,$0,$0,$0,$1,$-18,$16,$0,$16,$0,$0,$-1,$0,$15,$-37,$1,$-1
2,2018-03-31,12.6,$5.55,2.27,$25.78,0.49,$-2.72,0.0,$-0.71,0.0,$0.85B,$0.41B,2.06,$0.41B,$0.33B,1.23,$1.54B,$0.18B,11.59%,$1.54B,$0.01B,0.72%,$1.54B,$0.01B,0.72%,$1.54B,$0.07B,4.56%,$1.54B,$-0.03B,-2.08%,$1.54B,$-0.04B,-2.73%,$-0.04B,$0.33B,-12.50%,$-0.04B,$0.33B,-12.50%,$-0.04B,$1.35B,-3.18%,$0.01B,$0.74B,1.48%,$425,$366,$60,$3,$36,$407,$18,$-4,$14,$-1,$15,$15,$14,$33,$18,$60,60,$0.23,$0.23,$112,$368,$0,$851,$417,$0,$0,$83,$502,$1353,$413,$408,$70,$608,$1021,$0,$-28,$-149,$332,$1353,$15,$15,$6,$22,$-66,$-26,$30,$-10,$-72,$-36,$-8,$0,$0,$0,$0,$0,$1,$-7,$11,$0,$11,$0,$0,$-0,$0,$10,$-31,$0,$-0
3,2017-12-31,12.87,$5.19,2.48,$24.78,0.52,$-2.38,0.0,$-1.12,0.0,$0.78B,$0.37B,2.1,$0.41B,$0.31B,1.31,$1.47B,$0.16B,10.76%,$1.47B,$-0.01B,-0.95%,$1.47B,$-0.01B,-0.95%,$1.47B,$0.05B,3.06%,$1.47B,$-0.05B,-3.61%,$1.47B,$-0.07B,-4.56%,$-0.07B,$0.31B,-19.68%,$-0.07B,$0.31B,-19.68%,$-0.07B,$1.29B,-5.10%,$-0.01B,$0.72B,-1.87%,$376,$342,$34,$2,$35,$382,$-6,$-24,$-31,$5,$-36,$-36,$-33,$8,$-6,$59,59,$-0.55,$-0.55,$144,$340,$0,$783,$421,$0,$0,$82,$507,$1290,$373,$407,$73,$607,$980,$0,$-44,$-157,$310,$1290,$-64,$58,$37,$95,$-38,$-56,$38,$24,$-32,$-1,$-33,$0,$0,$0,$0,$0,$51,$18,$-23,$0,$-23,$0,$0,$-1,$0,$-24,$-4,$2,$-1
4,2017-09-30,10.14,$5.88,1.72,$24.14,0.42,$-1.78,0.0,$-0.83,0.0,$0.79B,$0.35B,2.22,$0.41B,$0.35B,1.17,$1.40B,$0.16B,11.14%,$1.40B,$-0.02B,-1.29%,$1.40B,$-0.02B,-1.29%,$1.40B,$0.04B,3.00%,$1.40B,$-0.04B,-2.57%,$1.40B,$-0.05B,-3.50%,$-0.05B,$0.35B,-14.57%,$-0.05B,$0.35B,-14.57%,$-0.05B,$1.33B,-3.74%,$-0.02B,$0.76B,-2.41%,$371,$331,$40,$2,$40,$376,$-5,$-4,$-9,$2,$-11,$-11,$-13,$10,$-5,$60,60,$-0.22,$-0.22,$156,$331,$0,$786,$440,$0,$0,$95,$544,$1330,$354,$411,$85,$625,$979,$0,$-13,$-155,$351,$1330,$-28,$44,$2,$46,$-47,$-46,$26,$33,$-33,$-15,$-24,$0,$0,$0,$0,$0,$51,$28,$-7,$0,$-7,$0,$0,$-1,$0,$-8,$8,$1,$-1
5,2017-06-30,11.99,$5.88,2.04,$23.60,0.51,$-0.70,0.0,$-0.82,0.0,$0.78B,$0.35B,2.23,$0.41B,$0.35B,1.17,$1.34B,$0.15B,11.31%,$1.34B,$-0.02B,-1.42%,$1.34B,$-0.02B,-1.42%,$1.34B,$0.04B,3.00%,$1.34B,$-0.04B,-2.85%,$1.34B,$-0.05B,-3.37%,$-0.05B,$0.35B,-13.70%,$-0.05B,$0.35B,-13.70%,$-0.05B,$1.31B,-3.45%,$-0.02B,$0.76B,-2.57%,$364,$320,$44,$3,$34,$360,$4,$-11,$-6,$0,$-7,$-7,$-10,$19,$4,$60,60,$-0.17,$-0.17,$153,$323,$0,$775,$436,$0,$0,$93,$537,$1312,$348,$409,$78,$614,$961,$0,$-1,$-168,$351,$1312,$-17,$29,$5,$35,$-35,$-44,$33,$-2,$-48,$-31,$-15,$0,$0,$0,$0,$0,$41,$26,$-1,$0,$-1,$0,$0,$-1,$0,$-2,$-5,$1,$-1
6,2017-03-31,10.32,$5.88,1.76,$23.61,0.44,$0.28,36.59,$-0.72,0.0,$0.78B,$0.36B,2.17,$0.41B,$0.35B,1.17,$1.30B,$0.15B,11.61%,$1.30B,$-0.02B,-1.54%,$1.30B,$-0.02B,-1.54%,$1.30B,$0.04B,3.00%,$1.30B,$-0.03B,-2.46%,$1.30B,$-0.04B,-3.07%,$-0.04B,$0.35B,-12.35%,$-0.04B,$0.35B,-12.35%,$-0.04B,$1.33B,-3.07%,$-0.02B,$0.76B,-2.72%,$358,$317,$40,$3,$41,$364,$-7,$-1,$-7,$3,$-11,$-11,$-11,$8,$-7,$59,59,$-0.18,$-0.18,$181,$292,$0,$784,$439,$0,$0,$96,$542,$1326,$362,$410,$81,$614,$976,$0,$5,$-178,$350,$1326,$-11,$14,$-0,$14,$-48,$-15,$34,$10,$-18,$-15,$-8,$0,$0,$0,$0,$0,$1,$-8,$4,$0,$4,$0,$0,$-0,$0,$4,$-17,$0,$-0
7,2016-12-31,11.18,$5.41,2.07,$23.48,0.48,$0.58,19.14,$-0.81,0.0,$0.73B,$0.37B,1.99,$0.41B,$0.29B,1.4,$1.27B,$0.14B,10.99%,$1.27B,$-0.03B,-1.98%,$1.27B,$-0.03B,-1.98%,$1.27B,$0.04B,2.77%,$1.27B,$-0.04B,-2.85%,$1.27B,$-0.05B,-3.72%,$-0.05B,$0.29B,-14.69%,$-0.05B,$0.29B,-14.69%,$-0.05B,$1.27B,-3.62%,$-0.03B,$0.70B,-3.41%,$307,$275,$32,$2,$37,$317,$-10,$-4,$-14,$1,$-15,$-15,$-15,$5,$-10,$54,54,$-0.27,$-0.27,$198,$272,$0,$729,$437,$0,$0,$95,$537,$1266,$366,$409,$80,$607,$973,$0,$17,$-188,$293,$1266,$-40,$60,$12,$71,$4,$8,$21,$-21,$12,$44,$-42,$0,$0,$0,$0,$0,$-48,$-90,$-5,$0,$-5,$0,$0,$-1,$0,$-6,$-52,$2,$-1
8,2016-09-30,10.09,$5.93,1.7,$23.51,0.43,$0.84,11.95,$-1.62,0.0,$0.76B,$0.37B,2.02,$0.41B,$0.32B,1.28,$1.27B,$0.12B,9.64%,$1.27B,$-0.04B,-2.84%,$1.27B,$-0.04B,-2.84%,$1.27B,$0.03B,1.97%,$1.27B,$-0.05B,-3.63%,$1.27B,$-0.09B,-7.03%,$-0.09B,$0.32B,-26.73%,$-0.09B,$0.32B,-26.73%,$-0.09B,$1.31B,-6.85%,$-0.04B,$0.73B,-4.72%,$306,$271,$35,$3,$36,$313,$-6,$-5,$-11,$-2,$-9,$-9,$-9,$8,$-6,$54,54,$-0.17,$-0.17,$216,$278,$0,$755,$447,$0,$0,$99,$553,$1308,$374,$410,$84,$614,$988,$0,$28,$-172,$320,$1308,$-25,$45,$12,$56,$3,$5,$21,$-6,$23,$54,$-31,$0,$0,$0,$0,$0,$2,$-29,$-12,$0,$-12,$0,$0,$-1,$0,$-12,$15,$1,$-1
9,2016-06-30,6.18,$6.17,1.0,$23.59,0.26,$0.33,18.84,$-2.20,0.0,$0.75B,$0.36B,2.1,$0.42B,$0.33B,1.24,$1.27B,$0.11B,8.90%,$1.27B,$-0.04B,-3.47%,$1.27B,$-0.04B,-3.47%,$1.27B,$0.02B,1.50%,$1.27B,$-0.07B,-5.67%,$1.27B,$-0.12B,-9.69%,$-0.12B,$0.33B,-34.53%,$-0.12B,$0.33B,-34.53%,$-0.12B,$1.31B,-9.42%,$-0.04B,$0.75B,-5.45%,$330,$286,$44,$3,$36,$328,$3,$-3,$-0,$4,$-4,$-4,$-5,$18,$3,$54,54,$-0.10,$-0.10,$207,$274,$0,$750,$449,$0,$0,$102,$558,$1308,$357,$415,$86,$618,$975,$0,$38,$-171,$333,$1308,$-16,$31,$9,$39,$-10,$10,$15,$-9,$7,$30,$-18,$0,$0,$0,$0,$0,$1,$-17,$-9,$0,$-9,$0,$0,$-1,$0,$-9,$7,$1,$-1
10,2016-03-31,5.36,$6.20,0.86,$23.78,0.23,$-0.13,0.0,$-2.01,0.0,$0.73B,$0.35B,2.08,$0.42B,$0.33B,1.25,$1.32B,$0.12B,9.13%,$1.32B,$-0.04B,-2.97%,$1.32B,$-0.04B,-2.97%,$1.32B,$0.03B,2.05%,$1.32B,$-0.07B,-5.02%,$1.32B,$-0.11B,-8.29%,$-0.11B,$0.33B,-27.66%,$-0.11B,$0.33B,-27.66%,$-0.11B,$1.31B,-8.17%,$-0.04B,$0.75B,-4.51%,$322,$293,$28,$2,$35,$333,$-12,$0,$-11,$1,$-12,$-12,$-18,$4,$-12,$54,54,$-0.33,$-0.33,$191,$265,$0,$733,$458,$0,$0,$110,$575,$1308,$352,$420,$90,$622,$974,$0,$40,$-175,$334,$1308,$-12,$15,$-4,$11,$-32,$16,$10,$10,$3,$2,$-7,$0,$0,$0,$0,$0,$1,$-6,$-7,$0,$-7,$0,$0,$-0,$0,$-7,$-9,$0,$-0
11,2015-12-31,3.92,$6.39,0.61,$25.30,0.15,$-0.39,0.0,$-1.74,0.0,$0.71B,$0.27B,2.63,$0.48B,$0.35B,1.38,$1.40B,$0.14B,9.68%,$1.40B,$-0.03B,-1.86%,$1.40B,$-0.03B,-1.86%,$1.40B,$0.04B,3.01%,$1.40B,$-0.06B,-3.94%,$1.40B,$-0.09B,-6.74%,$-0.09B,$0.35B,-21.95%,$-0.09B,$0.35B,-21.95%,$-0.09B,$1.27B,-6.88%,$-0.03B,$0.82B,-2.83%,$308,$293,$15,$2,$31,$329,$-21,$-3,$-24,$32,$-55,$-55,$-57,$-5,$-21,$54,54,$-1.06,$-1.06,$200,$270,$0,$710,$450,$0,$0,$104,$560,$1270,$270,$475,$88,$655,$926,$0,$49,$-188,$345,$1270,$-90,$70,$39,$109,$0,$34,$1,$8,$45,$64,$-48,$0,$0,$0,$0,$0,$-2,$-50,$0,$0,$0,$0,$0,$-1,$0,$-1,$-1,$2,$-1
12,2015-09-30,6.57,$7.68,0.85,$26.73,0.25,$0.43,15.14,$-1.66,0.0,$0.75B,$0.27B,2.76,$0.49B,$0.41B,1.19,$1.47B,$0.14B,9.66%,$1.47B,$-0.07B,-4.83%,$1.47B,$-0.07B,-4.83%,$1.47B,$0.00B,0.14%,$1.47B,$-0.12B,-8.23%,$1.47B,$-0.12B,-8.37%,$-0.12B,$0.41B,-26.07%,$-0.12B,$0.41B,-26.07%,$-0.12B,$1.34B,-8.64%,$-0.07B,$0.91B,-7.35%,$309,$283,$26,$3,$36,$323,$-14,$-23,$-37,$0,$-38,$-38,$-43,$2,$-14,$54,54,$-0.79,$-0.79,$194,$287,$0,$751,$459,$0,$0,$107,$586,$1337,$272,$492,$83,$651,$923,$0,$101,$-177,$413,$1337,$-34,$53,$13,$66,$-9,$13,$5,$-11,$-1,$31,$-35,$0,$0,$0,$0,$0,$4,$-31,$3,$0,$3,$0,$0,$-1,$-1,$2,$-8,$2,$-1
13,2015-06-30,10.66,$9.00,1.18,$29.38,0.36,$1.10,9.69,$-1.04,0.0,$0.81B,$0.28B,2.85,$0.50B,$0.48B,1.02,$1.61B,$0.16B,9.93%,$1.61B,$-0.06B,-3.72%,$1.61B,$-0.06B,-3.72%,$1.61B,$0.02B,1.12%,$1.61B,$-0.11B,-6.58%,$1.61B,$-0.11B,-6.52%,$-0.11B,$0.48B,-19.24%,$-0.11B,$0.48B,-19.58%,$-0.11B,$1.42B,-6.96%,$-0.06B,$0.98B,-5.76%,$376,$325,$51,$3,$38,$369,$8,$-2,$6,$2,$4,$4,$9,$26,$8,$54,59,$0.17,$0.17,$187,$306,$0,$807,$483,$0,$0,$112,$613,$1420,$283,$495,$84,$654,$936,$0,$132,$-151,$484,$1420,$3,$37,$6,$43,$-37,$9,$4,$-14,$-38,$8,$-23,$0,$0,$0,$0,$0,$3,$-20,$5,$0,$5,$0,$0,$-1,$-1,$4,$-14,$1,$-1
14,2015-03-31,9.29,$8.76,1.06,$32.85,0.28,$1.57,5.9,$-1.54,0.0,$0.83B,$0.32B,2.63,$0.49B,$0.47B,1.05,$1.76B,$0.13B,7.39%,$1.76B,$-0.10B,-5.51%,$1.76B,$-0.10B,-5.51%,$1.76B,$-0.01B,-0.80%,$1.76B,$-0.14B,-8.19%,$1.76B,$-0.14B,-7.67%,$-0.14B,$0.47B,-21.91%,$-0.14B,$0.47B,-22.65%,$-0.14B,$1.44B,-8.47%,$-0.10B,$0.97B,-8.70%,$402,$359,$43,$3,$36,$401,$1,$-0,$0,$1,$-1,$-1,$-3,$19,$1,$54,54,$-0.05,$-0.05,$191,$307,$0,$834,$483,$0,$0,$112,$609,$1442,$317,$494,$83,$655,$972,$0,$126,$-156,$471,$1442,$-1,$18,$1,$20,$-56,$6,$24,$0,$-26,$-7,$-11,$0,$0,$0,$0,$0,$2,$-9,$10,$0,$10,$0,$0,$-0,$-0,$9,$-11,$0,$-0
15,2014-12-31,10.54,$9.65,1.09,$35.38,0.3,$1.94,5.43,$-1.50,0.0,$0.84B,$0.30B,2.77,$0.50B,$0.52B,0.96,$1.90B,$0.14B,7.49%,$1.90B,$-0.10B,-5.17%,$1.90B,$-0.10B,-5.17%,$1.90B,$-0.01B,-0.47%,$1.90B,$-0.15B,-8.02%,$1.90B,$-0.13B,-6.86%,$-0.13B,$0.52B,-18.73%,$-0.13B,$0.52B,-19.59%,$-0.13B,$1.50B,-7.66%,$-0.10B,$1.02B,-8.21%,$383,$362,$22,$3,$45,$449,$-66,$-24,$-90,$-6,$-83,$-83,$-86,$-45,$-66,$53,53,$-1.58,$-1.58,$201,$331,$0,$836,$527,$0,$0,$117,$660,$1496,$302,$497,$89,$675,$977,$0,$126,$-113,$519,$1496,$-130,$89,$67,$156,$55,$21,$-26,$43,$92,$118,$-58,$0,$-13,$0,$0,$0,$16,$-56,$-45,$0,$-45,$0,$0,$-1,$-1,$-46,$12,$5,$-1
16,2014-09-30,11.72,$13.24,0.89,$36.52,0.32,$1.45,8.09,$-0.80,0.0,$0.94B,$0.34B,2.79,$0.50B,$0.71B,0.71,$2.01B,$0.17B,8.42%,$2.01B,$-0.03B,-1.54%,$2.01B,$-0.03B,-1.54%,$2.01B,$0.06B,3.04%,$2.01B,$-0.10B,-4.78%,$2.01B,$-0.06B,-2.99%,$-0.06B,$0.71B,-7.86%,$-0.06B,$0.67B,-8.30%,$-0.06B,$1.67B,-3.37%,$-0.03B,$1.21B,-2.45%,$450,$406,$44,$3,$39,$452,$-3,$-20,$-22,$-5,$-17,$-17,$-25,$18,$-3,$53,53,$-0.47,$-0.47,$180,$375,$0,$937,$567,$0,$38,$126,$736,$1673,$336,$501,$82,$628,$964,$0,$179,$-83,$709,$1673,$-47,$68,$23,$91,$14,$-6,$-5,$31,$33,$77,$-46,$0,$0,$0,$0,$0,$5,$-41,$-45,$0,$-45,$0,$0,$-1,$-0,$-46,$-9,$3,$-1
17,2014-06-30,16.67,$14.29,1.17,$36.50,0.46,$2.17,7.69,$-0.49,0.0,$0.97B,$0.37B,2.63,$0.50B,$0.77B,0.66,$2.06B,$0.19B,9.15%,$2.06B,$-0.01B,-0.54%,$2.06B,$-0.01B,-0.54%,$2.06B,$0.08B,3.65%,$2.06B,$-0.06B,-2.97%,$2.06B,$-0.03B,-1.31%,$-0.03B,$0.77B,-3.53%,$-0.03B,$0.72B,-3.71%,$-0.03B,$1.76B,-1.46%,$-0.01B,$1.27B,-0.85%,$524,$503,$21,$4,$43,$553,$-29,$-3,$-32,$-7,$-25,$-25,$-21,$-6,$-29,$53,53,$-0.40,$-0.40,$163,$387,$0,$974,$604,$0,$43,$134,$788,$1763,$371,$501,$76,$626,$997,$0,$189,$-52,$766,$1763,$-30,$47,$19,$66,$-29,$-3,$15,$24,$7,$43,$-31,$0,$0,$0,$0,$0,$4,$-27,$-47,$0,$-47,$0,$0,$-1,$-0,$-48,$-26,$2,$-1
18,2014-03-31,18.81,$14.60,1.29,$36.68,0.51,$2.79,6.74,$0.29,64.86,$1.05B,$0.44B,2.38,$0.50B,$0.78B,0.64,$2.12B,$0.25B,11.96%,$2.12B,$0.06B,2.59%,$2.12B,$0.06B,2.59%,$2.12B,$0.14B,6.45%,$2.12B,$0.02B,0.71%,$2.12B,$0.02B,0.80%,$0.02B,$0.78B,2.27%,$0.02B,$0.74B,2.37%,$0.02B,$1.86B,0.90%,$0.06B,$1.28B,4.18%,$539,$484,$55,$4,$47,$539,$0,$-9,$-8,$-3,$-5,$-5,$2,$24,$0,$53,54,$0.02,$0.02,$200,$395,$0,$1053,$629,$0,$41,$134,$806,$1858,$443,$499,$77,$633,$1076,$0,$209,$-57,$782,$1858,$-5,$23,$-4,$19,$-61,$-7,$34,$38,$4,$18,$-17,$0,$0,$0,$0,$0,$5,$-12,$3,$0,$3,$0,$0,$-0,$-0,$2,$11,$1,$-0
19,2013-12-31,17.81,$14.90,1.2,$36.35,0.49,$2.77,6.43,$0.55,32.37,$1.01B,$0.39B,2.61,$0.50B,$0.80B,0.62,$2.16B,$0.30B,13.68%,$2.16B,$0.10B,4.76%,$2.16B,$0.10B,4.76%,$2.16B,$0.18B,8.37%,$2.16B,$0.06B,2.54%,$2.16B,$0.03B,1.57%,$0.03B,$0.80B,4.69%,$0.03B,$0.76B,4.88%,$0.03B,$1.82B,1.75%,$0.10B,$1.30B,7.76%,$494,$445,$49,$3,$43,$494,$1,$-35,$-34,$-14,$-20,$-20,$-16,$25,$1,$53,60,$-0.30,$-0.25,$204,$385,$0,$1008,$639,$0,$42,$130,$813,$1821,$387,$498,$78,$637,$1023,$0,$208,$-62,$798,$1821,$30,$78,$45,$123,$26,$-30,$9,$-42,$-36,$117,$-80,$0,$-96,$0,$-8,$-8,$-9,$-193,$30,$0,$30,$1,$1,$-1,$53,$83,$0,$5,$-1
20,2013-09-30,14.49,$13.28,1.09,$37.08,0.39,$3.33,4.35,$0.77,18.82,$1.24B,$0.45B,2.74,$0.64B,$0.71B,0.9,$2.16B,$0.30B,13.82%,$2.16B,$0.10B,4.67%,$2.16B,$0.10B,4.67%,$2.16B,$0.17B,8.00%,$2.16B,$0.12B,5.46%,$2.16B,$0.06B,2.68%,$0.06B,$0.71B,8.49%,$0.06B,$0.69B,8.79%,$0.06B,$1.95B,3.03%,$0.10B,$1.35B,7.94%,$498,$435,$63,$3,$39,$480,$17,$-4,$13,$6,$8,$8,$8,$32,$17,$53,59,$0.15,$0.15,$447,$376,$0,$1244,$562,$0,$23,$112,$704,$1948,$453,$637,$99,$783,$1237,$0,$223,$-76,$711,$1948,$50,$54,$18,$72,$-1,$-19,$23,$6,$10,$132,$-55,$0,$0,$0,$-8,$-8,$3,$-60,$209,$0,$209,$1,$1,$-1,$-20,$190,$258,$4,$-1
21,2013-06-30,16.69,$13.09,1.27,$36.29,0.46,$2.94,5.67,$1.02,16.36,$1.25B,$0.45B,2.76,$0.64B,$0.70B,0.91,$2.07B,$0.30B,14.64%,$2.07B,$0.12B,5.80%,$2.07B,$0.12B,5.80%,$2.07B,$0.19B,9.13%,$2.07B,$0.14B,6.62%,$2.07B,$0.07B,3.38%,$0.07B,$0.70B,11.01%,$0.07B,$0.68B,11.33%,$0.07B,$1.95B,4.08%,$0.12B,$1.34B,10.50%,$593,$507,$87,$3,$44,$556,$37,$7,$44,$21,$23,$23,$23,$56,$37,$53,60,$0.43,$0.40,$424,$369,$0,$1247,$554,$0,$22,$114,$698,$1945,$451,$639,$104,$793,$1244,$0,$216,$-77,$701,$1945,$42,$39,$33,$72,$-48,$-15,$42,$-7,$-27,$87,$-36,$0,$-2,$0,$-8,$-8,$3,$-43,$215,$0,$215,$1,$1,$-1,$-20,$196,$235,$3,$-1
22,2013-03-31,20.84,$12.87,1.62,$34.90,0.6,$2.65,7.86,$1.46,14.27,$1.32B,$0.57B,2.32,$0.63B,$0.69B,0.92,$1.94B,$0.30B,15.39%,$1.94B,$0.16B,8.47%,$1.94B,$0.16B,8.47%,$1.94B,$0.23B,11.67%,$1.94B,$0.17B,8.68%,$1.94B,$0.09B,4.70%,$0.09B,$0.69B,15.69%,$0.09B,$0.66B,16.04%,$0.09B,$2.05B,6.05%,$0.16B,$1.32B,16.31%,$578,$482,$97,$3,$42,$531,$48,$-16,$32,$12,$19,$19,$19,$68,$48,$52,60,$0.38,$0.34,$508,$378,$0,$1323,$567,$0,$25,$114,$731,$2054,$570,$634,$100,$795,$1365,$0,$181,$-56,$689,$2054,$19,$20,$8,$28,$-35,$-16,$34,$-9,$-26,$21,$-21,$0,$0,$0,$0,$0,$-0,$-21,$338,$0,$338,$1,$1,$-0,$-19,$319,$319,$1,$-0
23,2012-12-31,21.46,$13.02,1.65,$33.87,0.63,$2.88,7.45,$1.84,11.66,$1.00B,$0.47B,2.13,$0.44B,$0.63B,0.7,$1.82B,$0.29B,16.14%,$1.82B,$0.18B,9.61%,$1.82B,$0.18B,9.61%,$1.82B,$0.23B,12.58%,$1.82B,$0.19B,10.49%,$1.82B,$0.11B,5.88%,$0.11B,$0.63B,20.63%,$0.11B,$0.61B,20.88%,$0.11B,$1.71B,8.46%,$0.18B,$1.07B,20.22%,$494,$442,$52,$3,$46,$495,$-1,$30,$29,$22,$7,$7,$8,$17,$-1,$43,55,$0.12,$0.14,$189,$366,$0,$996,$568,$0,$25,$112,$714,$1710,$467,$441,$107,$611,$1078,$0,$173,$-56,$632,$1710,$106,$54,$-43,$11,$36,$24,$-45,$-2,$13,$130,$-66,$0,$1,$0,$0,$0,$1,$-64,$-4,$0,$-4,$1,$1,$-1,$-1,$-5,$60,$4,$-1
24,2012-09-30,17.44,$12.35,1.41,$32.42,0.54,$1.11,15.66,$2.20,7.93,$0.69B,$0.20B,3.53,$0.31B,$0.52B,0.6,$1.73B,$0.30B,17.40%,$1.73B,$0.20B,11.33%,$1.73B,$0.20B,11.33%,$1.73B,$0.24B,14.10%,$1.73B,$0.18B,10.35%,$1.73B,$0.11B,6.53%,$0.11B,$0.52B,24.57%,$0.11B,$0.52B,24.84%,$0.11B,$1.16B,10.36%,$0.20B,$0.84B,25.27%,$405,$338,$67,$2,$25,$369,$36,$-4,$32,$14,$19,$19,$20,$48,$36,$42,53,$0.46,$0.39,$135,$248,$0,$689,$337,$0,$0,$132,$469,$1158,$195,$314,$73,$440,$636,$0,$165,$-37,$522,$1158,$99,$36,$-16,$20,$-24,$-37,$26,$2,$-33,$85,$-36,$0,$-33,$0,$0,$0,$1,$-68,$-10,$0,$-10,$1,$1,$-1,$0,$-10,$6,$3,$-1
25,2012-06-30,24.21,$11.28,2.15,$32.34,0.75,$-0.36,0.0,$2.23,10.86,$0.67B,$0.19B,3.57,$0.31B,$0.48B,0.66,$1.72B,$0.29B,16.65%,$1.72B,$0.20B,11.66%,$1.72B,$0.20B,11.66%,$1.72B,$0.25B,14.44%,$1.72B,$0.18B,10.50%,$1.72B,$0.11B,6.61%,$0.11B,$0.48B,26.67%,$0.11B,$0.48B,26.98%,$0.11B,$1.09B,10.82%,$0.20B,$0.79B,27.01%,$459,$377,$82,$1,$23,$378,$81,$-6,$75,$31,$44,$44,$44,$93,$81,$42,54,$1.05,$0.84,$149,$215,$0,$670,$325,$0,$0,$99,$424,$1094,$188,$313,$73,$429,$617,$0,$146,$-36,$477,$1094,$80,$24,$-23,$0,$-52,$-26,$37,$9,$-31,$49,$-19,$0,$0,$0,$0,$0,$0,$-19,$-10,$0,$-10,$1,$1,$-0,$0,$-9,$20,$2,$-0
26,2012-03-31,23.33,$10.51,2.22,$31.34,0.74,$-1.68,0.0,$1.88,12.41,$0.66B,$0.21B,3.09,$0.32B,$0.44B,0.72,$1.67B,$0.27B,16.12%,$1.67B,$0.16B,9.83%,$1.67B,$0.16B,9.83%,$1.67B,$0.21B,12.70%,$1.67B,$0.15B,8.81%,$1.67B,$0.10B,5.75%,$0.10B,$0.44B,23.53%,$0.10B,$0.44B,23.82%,$0.10B,$1.10B,9.16%,$0.16B,$0.76B,22.59%,$463,$370,$93,$2,$31,$404,$59,$-3,$55,$20,$35,$35,$35,$71,$59,$42,53,$0.84,$0.68,$129,$214,$0,$655,$334,$0,$0,$110,$444,$1099,$212,$318,$87,$443,$656,$0,$102,$-23,$444,$1099,$35,$12,$-7,$5,$-55,$-22,$35,$23,$-19,$21,$-8,$0,$0,$0,$0,$0,$0,$-8,$-12,$0,$-12,$0,$0,$-0,$0,$-12,$0,$1,$-0
27,2011-12-31,19.19,$9.40,2.04,$29.60,0.65,$-2.14,0.0,$1.13,16.98,$0.57B,$0.18B,3.21,$0.32B,$0.40B,0.8,$1.49B,$0.23B,15.60%,$1.49B,$0.13B,8.88%,$1.49B,$0.13B,8.88%,$1.49B,$0.18B,11.90%,$1.49B,$0.10B,6.52%,$1.49B,$0.06B,3.90%,$0.06B,$0.40B,15.07%,$0.06B,$0.38B,15.27%,$0.06B,$1.01B,5.92%,$0.13B,$0.72B,18.82%,$403,$344,$59,$1,$36,$383,$20,$-3,$17,$2,$14,$14,$14,$32,$20,$42,53,$0.36,$0.33,$129,$191,$0,$565,$335,$0,$20,$91,$446,$1010,$176,$318,$81,$438,$613,$0,$67,$-34,$397,$1010,$58,$45,$16,$61,$-106,$-56,$45,$2,$-115,$4,$-36,$0,$-99,$-30,$32,$2,$2,$-131,$16,$0,$16,$1,$1,$-1,$1,$16,$-110,$2,$-1
28,2011-09-30,14.78,$9.30,1.59,$28.69,0.52,$-0.92,0.0,$0.55,26.88,$0.57B,$0.20B,2.9,$0.32B,$0.39B,0.81,$1.32B,$0.19B,14.35%,$1.32B,$0.10B,7.82%,$1.32B,$0.10B,7.82%,$1.32B,$0.15B,11.09%,$1.32B,$0.05B,4.02%,$1.32B,$0.03B,2.05%,$0.03B,$0.39B,7.64%,$0.03B,$0.39B,7.64%,$0.03B,$1.01B,2.93%,$0.10B,$0.71B,15.05%,$399,$346,$53,$1,$9,$357,$41,$-7,$34,$13,$22,$22,$21,$53,$41,$42,53,$0.50,$0.42,$122,$183,$0,$567,$334,$0,$0,$110,$444,$1011,$196,$318,$68,$423,$619,$0,$53,$-23,$392,$1011,$44,$33,$25,$58,$-132,$-47,$70,$-4,$-114,$-12,$-18,$0,$-99,$-30,$0,$-30,$2,$-145,$12,$0,$12,$0,$0,$-1,$0,$12,$-145,$2,$-1
29,2011-06-30,23.89,$9.47,2.52,$25.48,0.94,$-0.60,0.0,$0.24,99.56,$0.58B,$0.23B,2.57,$0.32B,$0.40B,0.8,$1.14B,$0.16B,14.37%,$1.14B,$0.08B,6.57%,$1.14B,$0.08B,6.57%,$1.14B,$0.12B,10.08%,$1.14B,$0.03B,2.28%,$1.14B,$0.01B,0.88%,$0.01B,$0.40B,3.06%,$0.01B,$0.40B,3.06%,$0.01B,$1.07B,1.17%,$0.08B,$0.72B,11.43%,$404,$340,$64,$1,$17,$360,$44,$-4,$41,$15,$26,$26,$26,$56,$44,$42,53,$0.61,$0.50,$114,$184,$0,$584,$354,$0,$0,$134,$488,$1072,$228,$318,$79,$445,$673,$0,$38,$1,$399,$1072,$23,$21,$25,$46,$-152,$-35,$78,$10,$-100,$-31,$-10,$0,$-99,$0,$0,$0,$1,$-108,$13,$0,$13,$0,$0,$-0,$0,$13,$-125,$1,$-0
30,2011-03-31,26.2,$8.35,3.14,$22.37,1.17,$-0.24,0.0,$-0.13,0.0,$0.53B,$0.11B,4.82,$0.31B,$0.35B,0.89,$0.97B,$0.13B,13.86%,$0.97B,$0.05B,4.96%,$0.97B,$0.05B,4.96%,$0.97B,$0.09B,8.89%,$0.97B,$-0.01B,-0.83%,$0.97B,$-0.01B,-1.14%,$-0.01B,$0.35B,-3.72%,$-0.01B,$0.35B,-3.72%,$-0.01B,$0.83B,-1.44%,$0.05B,$0.66B,7.68%,$281,$225,$56,$1,$25,$254,$27,$-22,$5,$8,$-3,$-3,$-3,$36,$27,$41,41,$-0.07,$-0.07,$230,$134,$0,$534,$242,$0,$0,$49,$291,$825,$111,$313,$41,$363,$474,$0,$13,$-17,$351,$825,$-3,$9,$24,$33,$-50,$-6,$10,$10,$-36,$-6,$-3,$0,$0,$0,$0,$0,$1,$-3,$-1,$0,$-1,$0,$0,$-0,$0,$-1,$-9,$0,$-0
31,2010-12-31,19.23,$7.69,2.5,$21.00,0.92,$-0.41,0.0,0,0.0,$0.48B,$0.09B,5.21,$0.37B,$0.27B,1.37,$0.88B,$0.10B,11.79%,$0.88B,$0.03B,3.51%,$0.88B,$0.03B,3.51%,$0.88B,$0.07B,7.82%,$0.88B,$-0.01B,-1.13%,$0.88B,$-0.01B,-0.68%,$-0.01B,$0.27B,-2.19%,$-0.01B,$0.27B,-2.19%,$-0.01B,$0.78B,-0.80%,$0.03B,$0.65B,5.03%,$233,$217,$16,$1,$22,$242,$-9,$-18,$-27,$-10,$-17,$-17,$-17,$1,$-9,$35,35,$-0.48,$-0.46,$240,$118,$0,$481,$248,$0,$0,$51,$300,$781,$92,$374,$41,$416,$509,$0,$10,$-17,$272,$781,$-6,$38,$13,$51,$-21,$-8,$11,$24,$6,$51,$-29,$0,$0,$0,$0,$0,$0,$-29,$-6,$0,$-6,$0,$0,$-1,$-5,$-12,$10,$0,$-1
32,2010-09-30,13.35,$8.09,1.65,$18.55,0.72,$-0.09,0.0,$-0.47,0.0,$0.43B,$0.09B,4.76,$0.31B,$0.29B,1.09,$0.80B,$0.09B,10.93%,$0.80B,$0.01B,1.26%,$0.80B,$0.01B,1.26%,$0.80B,$0.06B,7.41%,$0.80B,$-0.02B,-2.14%,$0.80B,$-0.02B,-1.88%,$-0.02B,$0.29B,-5.53%,$-0.02B,$0.29B,-5.53%,$-0.02B,$0.73B,-2.03%,$0.01B,$0.60B,1.63%,$223,$195,$28,$1,$12,$210,$13,$-6,$7,$3,$4,$4,$4,$22,$13,$35,52,$0.12,$0.11,$159,$136,$0,$433,$249,$0,$0,$44,$294,$728,$91,$312,$38,$351,$442,$0,$27,$-18,$286,$728,$11,$28,$12,$39,$-47,$-26,$23,$7,$-42,$8,$-20,$0,$0,$0,$0,$0,$0,$-20,$-57,$0,$-57,$0,$0,$-1,$-1,$-58,$-70,$0,$-1
33,2010-06-30,9.8,$7.73,1.27,$18.32,0.53,$0.59,16.68,$-0.90,0.0,$0.44B,$0.10B,4.42,$0.32B,$0.27B,1.17,$0.71B,$0.06B,7.84%,$0.71B,$-0.02B,-2.66%,$0.71B,$-0.02B,-2.66%,$0.71B,$0.03B,4.20%,$0.71B,$-0.04B,-6.02%,$0.71B,$-0.03B,-4.20%,$-0.03B,$0.27B,-11.05%,$-0.03B,$0.27B,-11.17%,$-0.03B,$0.73B,-4.25%,$-0.02B,$0.59B,-3.26%,$230,$196,$34,$2,$12,$212,$17,$-10,$7,$3,$5,$5,$5,$27,$17,$35,51,$0.13,$0.12,$158,$138,$0,$444,$249,$0,$0,$33,$287,$731,$100,$319,$39,$358,$458,$0,$23,$-24,$273,$731,$7,$19,$8,$27,$-50,$-28,$24,$12,$-43,$-9,$-12,$0,$0,$0,$0,$0,$0,$-12,$-50,$0,$-50,$0,$0,$-0,$-0,$-50,$-71,$0,$-0
34,2010-03-31,8.57,$7.47,1.15,$19.72,0.43,$0.72,11.91,$-0.85,0.0,$0.48B,$0.10B,4.98,$0.37B,$0.26B,1.39,$0.69B,$0.05B,7.53%,$0.69B,$-0.02B,-3.33%,$0.69B,$-0.02B,-3.33%,$0.69B,$0.02B,3.47%,$0.69B,$-0.04B,-5.79%,$0.69B,$-0.03B,-4.20%,$-0.03B,$0.26B,-10.46%,$-0.03B,$0.26B,-10.69%,$-0.03B,$0.77B,-4.29%,$-0.02B,$0.63B,-4.13%,$196,$170,$26,$2,$12,$186,$10,$-7,$3,$1,$2,$2,$2,$19,$10,$35,35,$0.06,$0.06,$215,$130,$0,$481,$249,$0,$0,$27,$284,$765,$97,$366,$39,$405,$502,$0,$18,$-29,$264,$765,$2,$9,$1,$11,$-35,$-19,$22,$9,$-23,$-10,$-4,$0,$0,$0,$0,$0,$0,$-3,$0,$0,$0,$0,$0,$-0,$-0,$-0,$-14,$0,$-0
35,2009-12-31,7.96,$7.43,1.07,$20.78,0.38,$0.14,56.18,$-0.71,0.0,$0.45B,$0.07B,6.35,$0.37B,$0.26B,1.4,$0.73B,$0.06B,7.69%,$0.73B,$-0.02B,-2.61%,$0.73B,$-0.02B,-2.61%,$0.73B,$0.03B,3.71%,$0.73B,$-0.03B,-4.26%,$0.73B,$-0.02B,-3.30%,$-0.02B,$0.26B,-8.49%,$-0.02B,$0.26B,-8.77%,$-0.02B,$0.74B,-3.72%,$-0.02B,$0.63B,-3.61%,$147,$147,$-1,$4,$12,$177,$-30,$-4,$-34,$-8,$-26,$-26,$-26,$-9,$-30,$35,35,$-0.76,$-0.76,$229,$110,$0,$445,$254,$0,$0,$30,$291,$736,$70,$366,$38,$404,$475,$0,$16,$-28,$262,$736,$-25,$46,$-4,$42,$59,$37,$-41,$0,$55,$72,$-40,$0,$-2,$0,$0,$0,$1,$-41,$168,$-25,$143,$1,$1,$-1,$-7,$136,$168,$0,$-1
36,2009-09-30,8.72,$8.13,1.07,$23.98,0.36,$-1.63,0.0,$0.22,39.63,$0.29B,$0.07B,4.34,$0.19B,$0.29B,0.68,$0.84B,$0.09B,10.12%,$0.84B,$0.02B,2.74%,$0.84B,$0.02B,2.74%,$0.84B,$0.06B,6.67%,$0.84B,$-0.03B,-3.21%,$0.84B,$-0.02B,-1.90%,$-0.02B,$0.29B,-5.57%,$-0.02B,$0.28B,-5.82%,$-0.02B,$0.59B,-2.56%,$0.02B,$0.48B,4.71%,$141,$145,$-3,$1,$10,$157,$-16,$-3,$-19,$-8,$-11,$-11,$-11,$-7,$-16,$35,35,$-0.32,$-0.32,$45,$125,$0,$286,$260,$0,$12,$26,$302,$589,$66,$194,$42,$236,$302,$0,$43,$-30,$287,$589,$2,$25,$-1,$24,$46,$22,$-40,$-3,$26,$52,$-36,$0,$-2,$0,$0,$0,$1,$-38,$-30,$0,$-30,$1,$1,$-1,$-1,$-30,$-16,$0,$-1
37,2009-06-30,7.31,$8.39,0.87,$27.23,0.27,$-2.92,0.0,$0.84,8.7,$0.31B,$0.08B,3.78,$0.19B,$0.30B,0.66,$0.95B,$0.13B,13.10%,$0.95B,$0.06B,6.29%,$0.95B,$0.06B,6.29%,$0.95B,$0.09B,9.54%,$0.95B,$0.01B,0.94%,$0.95B,$0.01B,0.52%,$0.01B,$0.30B,1.73%,$0.01B,$0.28B,1.80%,$0.01B,$0.61B,0.78%,$0.06B,$0.49B,12.18%,$207,$177,$30,$3,$12,$194,$13,$-3,$10,$4,$6,$6,$6,$21,$13,$35,35,$0.17,$0.17,$21,$150,$0,$308,$263,$0,$12,$23,$304,$612,$81,$194,$41,$235,$316,$0,$54,$-32,$296,$612,$13,$16,$-1,$15,$22,$-3,$-34,$9,$-6,$22,$-32,$0,$-2,$0,$0,$0,$1,$-33,$-30,$0,$-30,$1,$1,$-0,$-1,$-30,$-41,$0,$-0
38,2009-03-31,4.92,$8.13,0.6,$29.10,0.17,$-2.53,0.0,$1.05,4.66,$0.35B,$0.10B,3.47,$0.22B,$0.29B,0.77,$1.02B,$0.14B,13.48%,$1.02B,$0.07B,6.99%,$1.02B,$0.07B,6.99%,$1.02B,$0.10B,10.04%,$1.02B,$0.02B,2.07%,$1.02B,$0.01B,1.18%,$0.01B,$0.29B,4.11%,$0.01B,$0.27B,4.28%,$0.01B,$0.64B,1.84%,$0.07B,$0.51B,14.29%,$233,$203,$30,$1,$13,$219,$14,$-3,$12,$5,$7,$7,$7,$22,$14,$35,35,$0.20,$0.20,$20,$168,$0,$346,$261,$0,$12,$18,$299,$644,$100,$219,$40,$259,$358,$0,$49,$-36,$286,$644,$7,$8,$-1,$7,$1,$-20,$-12,$4,$-28,$-14,$-20,$0,$-2,$0,$0,$0,$0,$-22,$-5,$0,$-5,$1,$1,$-0,$-1,$-5,$-41,$0,$-0
39,2008-12-31,8.05,$7.97,1.01,$29.78,0.27,$-1.91,0.0,$1.09,7.41,$0.37B,$0.14B,2.7,$0.20B,$0.28B,0.72,$1.04B,$0.14B,13.40%,$1.04B,$0.07B,7.04%,$1.04B,$0.07B,7.04%,$1.04B,$0.10B,9.93%,$1.04B,$0.02B,2.22%,$1.04B,$0.01B,1.25%,$0.01B,$0.28B,4.47%,$0.01B,$0.27B,4.66%,$0.01B,$0.66B,2.02%,$0.07B,$0.48B,14.87%,$259,$231,$28,$0,$11,$247,$12,$-41,$-30,$-11,$-18,$-18,$-18,$20,$12,$34,35,$-0.54,$-0.53,$62,$147,$0,$369,$248,$0,$12,$18,$286,$655,$137,$200,$39,$239,$376,$0,$42,$-35,$279,$655,$13,$30,$35,$65,$-28,$-19,$22,$-2,$-27,$51,$-80,$0,$0,$0,$0,$0,$0,$-80,$0,$25,$25,$4,$4,$-1,$4,$32,$3,$0,$-1
40,2008-09-30,20.77,$8.63,2.41,$28.75,0.72,$0.09,219.09,$0.66,31.47,$0.37B,$0.13B,2.81,$0.20B,$0.30B,0.67,$0.98B,$0.12B,12.41%,$0.98B,$0.06B,5.70%,$0.98B,$0.06B,5.70%,$0.98B,$0.09B,8.65%,$0.98B,$0.04B,4.48%,$0.98B,$0.02B,2.24%,$0.02B,$0.30B,7.60%,$0.02B,$0.29B,7.92%,$0.02B,$0.65B,3.50%,$0.06B,$0.50B,11.44%,$255,$218,$37,$0,$14,$234,$21,$-4,$17,$7,$10,$10,$10,$28,$21,$34,35,$0.30,$0.30,$36,$144,$0,$367,$237,$12,$12,$18,$278,$645,$131,$200,$11,$217,$348,$0,$60,$-45,$298,$645,$32,$22,$4,$25,$-50,$-16,$41,$-2,$-27,$30,$-60,$0,$0,$0,$0,$0,$0,$-60,$0,$0,$0,$4,$4,$-0,$4,$7,$-23,$0,$-0
41,2008-06-30,27.75,$8.87,3.13,$27.15,1.02,$1.96,14.17,$0.34,82.59,$0.37B,$0.12B,3.02,$0.20B,$0.31B,0.65,$0.92B,$0.10B,11.16%,$0.92B,$0.04B,4.12%,$0.92B,$0.04B,4.12%,$0.92B,$0.07B,7.15%,$0.92B,$0.03B,2.82%,$0.92B,$0.01B,1.19%,$0.01B,$0.31B,3.79%,$0.01B,$0.29B,3.95%,$0.01B,$0.66B,1.76%,$0.04B,$0.51B,7.76%,$269,$227,$42,$0,$15,$245,$24,$-2,$22,$9,$13,$13,$13,$32,$24,$34,35,$0.39,$0.38,$69,$118,$0,$366,$222,$41,$12,$20,$294,$660,$121,$200,$17,$233,$354,$0,$50,$-26,$306,$660,$21,$14,$4,$18,$-41,$10,$27,$8,$3,$43,$-39,$0,$0,$0,$0,$0,$0,$-39,$0,$0,$0,$3,$3,$-0,$4,$7,$11,$0,$-0
42,2008-03-31,23.84,$8.20,2.91,$25.48,0.94,$2.76,8.65,$0.10,248.33,$0.34B,$0.10B,3.28,$0.20B,$0.28B,0.71,$0.86B,$0.09B,10.19%,$0.86B,$0.03B,3.13%,$0.86B,$0.03B,3.13%,$0.86B,$0.05B,6.25%,$0.86B,$0.01B,1.62%,$0.86B,$0.00B,0.35%,$0.00B,$0.28B,1.04%,$0.00B,$0.27B,1.08%,$0.00B,$0.62B,0.49%,$0.03B,$0.48B,5.52%,$254,$221,$32,$0,$14,$237,$16,$-3,$14,$5,$8,$8,$8,$23,$16,$34,35,$0.24,$0.23,$48,$124,$0,$342,$211,$33,$12,$19,$274,$616,$104,$200,$17,$231,$335,$0,$37,$-32,$281,$616,$8,$7,$6,$13,$-35,$4,$19,$1,$-12,$9,$-21,$0,$0,$0,$0,$0,$0,$-21,$0,$0,$0,$1,$1,$-0,$0,$1,$-11,$0,$-0
43,2007-12-31,24.34,$7.96,3.06,$26.87,0.91,$3.55,6.85,$-0.23,0.0,$0.33B,$0.09B,3.73,$0.20B,$0.27B,0.73,$0.84B,$0.08B,9.93%,$0.84B,$0.03B,2.99%,$0.84B,$0.03B,2.99%,$0.84B,$0.05B,6.34%,$0.84B,$-0.01B,-0.60%,$0.84B,$-0.01B,-0.84%,$-0.01B,$0.27B,-2.42%,$-0.01B,$0.26B,-2.52%,$-0.01B,$0.59B,-1.13%,$0.03B,$0.47B,5.11%,$205,$194,$11,$0,$13,$210,$-5,$-3,$-9,$0,$-9,$-9,$-9,$2,$-5,$32,32,$-0.25,$-0.25,$58,$128,$0,$328,$196,$35,$12,$20,$263,$590,$88,$200,$16,$230,$318,$0,$29,$-31,$273,$590,$-7,$29,$16,$44,$-25,$27,$18,$19,$39,$76,$-38,$0,$-9,$0,$0,$0,$1,$-46,$-10,$0,$-10,$7,$7,$-1,$-1,$-5,$25,$0,$-1
44,2007-09-30,24.84,$8.80,2.82,$27.09,0.92,$1.83,13.59,$-0.36,0.0,$0.35B,$0.09B,3.87,$0.20B,$0.30B,0.67,$0.80B,$0.07B,9.28%,$0.80B,$0.02B,2.26%,$0.80B,$0.02B,2.26%,$0.80B,$0.05B,5.90%,$0.80B,$-0.01B,-1.51%,$0.80B,$-0.01B,-1.00%,$-0.01B,$0.30B,-2.99%,$-0.01B,$0.29B,-3.13%,$-0.01B,$0.63B,-1.29%,$0.02B,$0.50B,3.67%,$195,$177,$18,$0,$14,$193,$3,$-3,$-1,$0,$-1,$-1,$-1,$9,$3,$34,34,$-0.03,$-0.03,$55,$133,$0,$354,$185,$63,$12,$17,$277,$631,$92,$200,$13,$239,$330,$0,$38,$-12,$300,$631,$2,$21,$15,$36,$-44,$22,$29,$10,$17,$55,$-21,$0,$-9,$0,$0,$0,$0,$-29,$-10,$0,$-10,$6,$6,$-0,$1,$-4,$22,$0,$-0
45,2007-06-30,24.59,$8.81,2.79,$27.60,0.89,$0.10,235.81,$-0.32,0.0,$0.36B,$0.09B,3.82,$0.20B,$0.30B,0.67,$0.76B,$0.07B,9.63%,$0.76B,$0.02B,2.64%,$0.76B,$0.02B,2.64%,$0.76B,$0.05B,6.60%,$0.76B,$-0.01B,-1.32%,$0.76B,$-0.01B,-0.92%,$-0.01B,$0.30B,-2.93%,$-0.01B,$0.29B,-3.08%,$-0.01B,$0.63B,-1.16%,$0.02B,$0.50B,4.20%,$210,$183,$27,$0,$13,$197,$13,$-3,$10,$6,$5,$5,$5,$20,$13,$34,35,$0.14,$0.14,$62,$135,$0,$360,$183,$63,$12,$17,$274,$634,$94,$200,$12,$239,$333,$0,$39,$-13,$301,$634,$2,$15,$15,$30,$-44,$19,$18,$18,$11,$43,$-12,$0,$0,$0,$0,$0,$0,$-11,$-10,$0,$-10,$6,$6,$-0,$1,$-4,$28,$0,$-0
46,2007-03-31,19.7,$8.45,2.33,$26.91,0.73,$-0.70,0.0,$-0.27,0.0,$0.36B,$0.10B,3.62,$0.20B,$0.28B,0.71,$0.72B,$0.07B,9.41%,$0.72B,$0.02B,2.63%,$0.72B,$0.02B,2.63%,$0.72B,$0.05B,6.64%,$0.72B,$-0.01B,-1.52%,$0.72B,$-0.01B,-0.83%,$-0.01B,$0.28B,-2.84%,$-0.01B,$0.27B,-3.02%,$-0.01B,$0.62B,-1.05%,$0.02B,$0.48B,4.26%,$226,$199,$27,$0,$11,$212,$14,$-19,$-5,$-2,$-2,$-2,$-2,$22,$14,$26,26,$-0.10,$-0.10,$39,$144,$0,$355,$182,$64,$12,$11,$268,$623,$98,$200,$16,$243,$341,$0,$34,$-13,$282,$623,$-2,$7,$10,$17,$-47,$11,$24,$14,$1,$16,$-4,$0,$0,$0,$0,$0,$0,$-4,$-10,$0,$-10,$4,$4,$-0,$1,$-6,$6,$0,$-0
47,2006-12-31,15.67,$7.53,2.08,$23.84,0.66,$-1.03,0.0,$0.11,139.88,$0.31B,$0.06B,4.93,$0.29B,$0.19B,1.56,$0.68B,$0.07B,10.59%,$0.68B,$0.02B,3.24%,$0.68B,$0.02B,3.24%,$0.68B,$0.05B,7.21%,$0.68B,$0.01B,1.18%,$0.68B,$0.01B,0.74%,$0.01B,$0.19B,2.69%,$0.01B,$0.18B,2.87%,$0.01B,$0.59B,0.93%,$0.02B,$0.48B,5.27%,$166,$163,$2,$0,$13,$177,$-12,$-4,$-16,$-6,$-10,$-10,$-10,$-4,$-12,$25,25,$-0.38,$-0.29,$33,$155,$0,$310,$185,$66,$12,$13,$275,$585,$63,$291,$16,$335,$398,$0,$37,$-11,$187,$585,$5,$27,$2,$29,$-27,$-20,$1,$5,$-39,$-5,$-8,$0,$-45,$0,$0,$0,$0,$-53,$188,$-99,$89,$5,$5,$-0,$-3,$91,$33,$0,$-0
