,Date,Stock Price,Book Value per Share,Price to Book Ratio,TTM Sales per Share,Price to Sales Ratio,TTM FCF per Share,Price to FCF Ratio,TTM Net EPS,PE Ratio,Current Assets,Current Liabilities,Current Ratio,Long Term Debt,Shareholder's Equity_x,Debt to Equity Ratio,TTM Revenue_x,TTM Gross Profit,Gross Margin,TTM Revenue_y,TTM Operating Income,Operating Margin,TTM Revenue_x,TTM EBIT,EBIT Margin,TTM Revenue_y,TTM EBITDA,EBITDA Margin,TTM Revenue_x,TTM Pre-Tax Income,Pre-Tax Margin,TTM Revenue_y,TTM Net Income_x,Net Margin,TTM Net Income_y,Shareholder's Equity_y,Return on Equity,TTM Net Income_x,Tangible Equity,Return on Tangible Equity,TTM Net Income_y,Total Assets,Return on Assets,TTM Net Income,LT Investments & Debt,Return on Investment,revenue,cost-goods-sold,gross-profit,research-development-expenses,selling-general-administrative-expenses,operating-expenses,operating-income,total-non-operating-income-expense,pre-tax-income,total-provision-income-taxes,income-after-taxes,income-from-continuous-operations,net-income,ebitda,ebit,basic-shares-outstanding,shares-outstanding,eps-basic-net-earnings-per-share,eps-earnings-per-share-diluted,cash-on-hand,inventory,other-current-assets,total-current-assets,net-property-plant-equipment,long-term-investments,goodwill-intangible-assets-total,other-long-term-assets,total-long-term-assets,total-assets,total-current-liabilities,long-term-debt,other-non-current-liabilities,total-long-term-liabilities,total-liabilities,common-stock-net,retained-earnings-accumulated-deficit,comprehensive-income,total-share-holder-equity,total-liabilities-share-holders-equity,net-income-loss,total-depreciation-amortization-cash-flow,other-non-cash-items,total-non-cash-items,change-in-accounts-receivable,change-in-inventories,change-in-accounts-payable,change-in-assets-liabilities,total-change-in-assets-liabilities,cash-flow-from-operating-activities,net-change-in-property-plant-equipment,net-change-in-intangible-assets,net-acquisitions-divestitures,net-change-in-short-term-investments,net-change-in-long-term-investments,net-change-in-investments-total,investing-activities-other,cash-flow-from-investing-activities,net-long-term-debt,net-current-debt,debt-issuance-retirement-net-total,net-common-equity-issued-repurchased,net-total-equity-issued-repurchased,total-common-preferred-stock-dividends-paid,financial-activities-other,cash-flow-from-financial-activities,net-cash-flow,stock-based-compensation,common-stock-dividends-paid
0,2018-09-30,11.07,$11.80,0.94,$7.96,1.39,$2.80,3.96,$2.23,4.96,$0.28B,$0.13B,2.13,$0.98B,$1.54B,0.64,$0.83B,$0.28B,33.53%,$0.83B,$0.19B,23.20%,$0.83B,$0.19B,23.20%,$0.83B,$0.23B,27.88%,$0.83B,$0.17B,19.95%,$0.83B,$0.23B,27.76%,$0.23B,$1.54B,15.31%,$0.23B,$-0.95B,-23.46%,$0.23B,$2.99B,7.76%,$0.19B,$2.52B,7.75%,$211,$151,$60,$0,$31,$187,$24,$-10,$14,$3,$11,$11,$8,$34,$24,$100,103,$0.08,$0.08,$127,$37,$0,$284,$207,$0,$2483,$19,$2710,$2994,$133,$980,$69,$1325,$1458,$0,$260,$4,$1536,$2994,$65,$31,$-1,$30,$-5,$5,$0,$-5,$15,$110,$-35,$0,$-24,$0,$0,$0,$0,$-59,$-8,$0,$-8,$0,$0,$0,$-51,$-59,$-8,$4,$0
1,2018-06-30,13.6,$11.70,1.16,$7.73,1.76,$2.96,4.6,$2.24,6.07,$0.28B,$0.14B,2.03,$0.98B,$1.52B,0.65,$0.81B,$0.30B,36.53%,$0.81B,$0.21B,25.58%,$0.81B,$0.21B,25.58%,$0.81B,$0.25B,30.26%,$0.81B,$0.18B,21.89%,$0.81B,$0.23B,28.66%,$0.23B,$1.52B,16.12%,$0.23B,$-0.97B,-22.11%,$0.23B,$2.98B,7.87%,$0.21B,$2.51B,8.55%,$216,$149,$67,$0,$28,$181,$35,$-10,$25,$0,$25,$25,$19,$45,$35,$100,105,$0.19,$0.18,$115,$38,$0,$275,$200,$0,$2489,$18,$2707,$2983,$136,$982,$69,$1324,$1460,$0,$252,$4,$1523,$2983,$54,$21,$-6,$15,$-8,$4,$0,$-0,$12,$81,$-21,$0,$-24,$0,$0,$0,$0,$-45,$-5,$0,$-5,$0,$0,$0,$-51,$-56,$-20,$3,$0
2,2018-03-31,14.79,$11.54,1.28,$7.57,1.95,$2.87,5.15,$2.24,6.6,$0.26B,$0.13B,1.94,$0.99B,$1.50B,0.66,$0.80B,$0.32B,39.75%,$0.80B,$0.22B,27.88%,$0.80B,$0.22B,27.88%,$0.80B,$0.26B,32.50%,$0.80B,$0.19B,24.13%,$0.80B,$0.23B,29.13%,$0.23B,$1.50B,16.86%,$0.23B,$-1.00B,-20.73%,$0.23B,$2.97B,7.93%,$0.22B,$2.49B,9.41%,$209,$138,$71,$0,$31,$176,$33,$3,$36,$7,$29,$29,$24,$43,$33,$100,105,$0.24,$0.23,$100,$40,$0,$260,$193,$0,$2497,$16,$2705,$2965,$134,$985,$70,$1329,$1463,$0,$232,$3,$1502,$2965,$29,$10,$-5,$5,$-11,$2,$0,$2,$4,$38,$-9,$0,$-24,$0,$0,$0,$0,$-32,$-3,$0,$-3,$0,$0,$0,$-39,$-41,$-35,$2,$0
3,2017-12-31,14.81,$11.32,1.31,$7.34,2.02,$2.79,5.3,$2.16,6.86,$0.28B,$0.13B,2.18,$0.99B,$1.47B,0.67,$0.78B,$0.33B,42.01%,$0.78B,$0.24B,30.28%,$0.78B,$0.24B,30.28%,$0.78B,$0.27B,34.92%,$0.78B,$0.19B,24.61%,$0.78B,$0.23B,28.99%,$0.23B,$1.47B,17.04%,$0.23B,$-1.03B,-18.86%,$0.23B,$2.97B,7.72%,$0.24B,$2.46B,10.17%,$196,$115,$81,$0,$26,$95,$101,$-10,$91,$-99,$190,$190,$180,$110,$101,$99,105,$1.81,$1.71,$136,$34,$0,$279,$174,$0,$2503,$11,$2687,$2966,$128,$988,$110,$1366,$1494,$0,$208,$1,$1473,$2966,$258,$38,$-123,$-84,$-12,$-4,$0,$1,$-10,$164,$-35,$0,$0,$0,$0,$0,$0,$-35,$-5,$0,$-5,$0,$0,$0,$-14,$-20,$109,$7,$0
4,2017-09-30,13.66,$9.86,1.39,$5.48,2.49,$1.57,8.68,$0.42,32.52,$0.24B,$0.11B,2.19,$0.99B,$1.29B,0.77,$0.76B,$0.31B,40.97%,$0.76B,$0.11B,14.36%,$0.76B,$0.11B,14.36%,$0.76B,$0.14B,18.84%,$0.76B,$0.06B,8.30%,$0.76B,$0.02B,2.64%,$0.02B,$1.29B,1.59%,$0.02B,$-1.22B,-1.59%,$0.02B,$2.93B,0.69%,$0.11B,$2.27B,4.84%,$192,$114,$78,$0,$31,$154,$39,$-12,$26,$10,$16,$16,$10,$48,$39,$100,105,$0.10,$0.09,$101,$34,$0,$243,$167,$0,$2509,$8,$2684,$2927,$111,$988,$175,$1530,$1641,$0,$29,$-0,$1285,$2927,$69,$29,$32,$60,$-11,$-3,$0,$-3,$-11,$118,$-24,$0,$0,$0,$0,$0,$0,$-24,$-5,$0,$-5,$0,$0,$0,$-14,$-19,$74,$8,$0
5,2017-06-30,16.1,$9.73,1.65,$3.66,4.4,$0.69,23.41,$0.33,48.79,$0.21B,$0.10B,2.04,$0.99B,$1.27B,0.78,$0.76B,$0.32B,41.42%,$0.76B,$0.12B,15.99%,$0.76B,$0.12B,15.99%,$0.76B,$0.15B,19.66%,$0.76B,$0.07B,9.17%,$0.76B,$0.04B,5.37%,$0.04B,$1.27B,4.36%,$0.04B,$-1.25B,-4.30%,$0.04B,$2.89B,1.82%,$0.12B,$2.26B,7.25%,$203,$115,$88,$0,$33,$153,$50,$-10,$40,$11,$28,$28,$19,$59,$50,$99,107,$0.19,$0.18,$66,$34,$0,$206,$163,$0,$2515,$8,$2686,$2892,$101,$989,$174,$1522,$1623,$0,$19,$-0,$1269,$2892,$52,$19,$16,$35,$-11,$-3,$0,$1,$-19,$68,$-16,$0,$0,$0,$0,$0,$0,$-16,$-3,$0,$-3,$0,$0,$0,$-10,$-13,$39,$4,$0
6,2017-03-31,15.87,$9.63,1.65,$1.76,9.01,$0.20,77.87,$-0.03,0.0,$0.18B,$0.10B,1.74,$0.99B,$1.26B,0.79,$0.75B,$0.31B,41.76%,$0.75B,$0.12B,16.09%,$0.75B,$0.12B,16.09%,$0.75B,$0.14B,19.02%,$0.75B,$0.06B,7.98%,$0.75B,$0.05B,6.78%,$0.05B,$1.26B,8.17%,$0.05B,$-1.27B,-7.95%,$0.05B,$2.87B,3.15%,$0.12B,$2.25B,10.80%,$185,$105,$79,$0,$29,$140,$45,$-11,$34,$10,$24,$24,$16,$54,$45,$98,105,$0.16,$0.15,$46,$32,$0,$179,$158,$0,$2530,$8,$2695,$2874,$103,$991,$165,$1515,$1618,$0,$0,$0,$1256,$2874,$24,$9,$6,$15,$-7,$-2,$0,$-0,$-13,$26,$-5,$0,$0,$0,$0,$0,$0,$-5,$-3,$0,$-3,$0,$0,$0,$0,$-3,$19,$1,$0
7,2016-12-31,13.0,$9.48,1.37,0,0.0,0,0.0,$-0.18,0.0,$0.15B,$0.10B,1.46,$0.99B,$1.23B,0.81,$0.73B,$0.31B,41.95%,$0.73B,$0.11B,15.68%,$0.73B,$0.11B,15.68%,$0.73B,$0.13B,17.74%,$0.73B,$0.05B,6.19%,$0.73B,$0.05B,7.29%,$0.05B,$1.23B,17.01%,$0.05B,$-1.30B,-16.45%,$0.05B,$2.85B,5.33%,$0.11B,$2.23B,20.36%,$179,$113,$66,$0,$32,$203,$-25,$-13,$-37,$-8,$-30,$-30,$-25,$-18,$-25,$0,0,$0.00,$0.00,$27,$30,$0,$151,$153,$0,$2535,$8,$2697,$2848,$104,$993,$165,$1513,$1616,$0,$-16,$0,$1231,$2848,$52,$16,$31,$47,$-16,$6,$0,$4,$16,$116,$-34,$0,$-471,$0,$0,$0,$0,$-505,$-224,$0,$-224,$0,$0,$0,$-40,$-264,$-653,$31,$0
8,2016-09-30,10.8,$0.43,24.94,0,0.0,0,0.0,$-0.18,0.0,$0.00B,$0.00B,0.04,$0.00B,$0.01B,0.0,$0.55B,$0.24B,43.61%,$0.55B,$0.14B,25.36%,$0.55B,$0.14B,25.36%,$0.55B,$0.15B,26.82%,$0.55B,$0.08B,14.96%,$0.55B,$0.08B,14.23%,$0.08B,$0.01B,2080.00%,$0.08B,$0.01B,2080.00%,$0.08B,$0.38B,27.66%,$0.14B,$0.01B,3706.67%,$196,$114,$83,$0,$29,$145,$52,$-18,$33,$-0,$34,$34,$31,$55,$52,$0,0,$0.00,$0.00,$0,$0,$0,$0,$0,$375,$0,$0,$375,$376,$4,$0,$366,$366,$371,$0,$-5,$0,$5,$376,$82,$9,$11,$20,$-14,$-2,$0,$-13,$-12,$90,$-22,$0,$-50,$0,$0,$0,$0,$-72,$-7,$0,$-7,$0,$0,$0,$-11,$-18,$-0,$1,$0
