,Date,Stock Price,Book Value per Share,Price to Book Ratio,TTM Sales per Share,Price to Sales Ratio,TTM FCF per Share,Price to FCF Ratio,TTM Net EPS,PE Ratio,Current Assets,Current Liabilities,Current Ratio,Long Term Debt,Shareholder's Equity_x,Debt to Equity Ratio,TTM Revenue_x,TTM Gross Profit,Gross Margin,TTM Revenue_y,TTM Operating Income,Operating Margin,TTM Revenue_x,TTM EBIT,EBIT Margin,TTM Revenue_y,TTM EBITDA,EBITDA Margin,TTM Revenue_x,TTM Pre-Tax Income,Pre-Tax Margin,TTM Revenue_y,TTM Net Income_x,Net Margin,TTM Net Income_y,Shareholder's Equity_y,Return on Equity,TTM Net Income_x,Tangible Equity,Return on Tangible Equity,TTM Net Income_y,Total Assets,Return on Assets,TTM Net Income,LT Investments & Debt,Return on Investment,revenue,cost-goods-sold,gross-profit,research-development-expenses,selling-general-administrative-expenses,operating-expenses,operating-income,total-non-operating-income-expense,pre-tax-income,total-provision-income-taxes,income-after-taxes,income-from-continuous-operations,net-income,ebitda,ebit,basic-shares-outstanding,shares-outstanding,eps-basic-net-earnings-per-share,eps-earnings-per-share-diluted,cash-on-hand,inventory,other-current-assets,total-current-assets,net-property-plant-equipment,long-term-investments,goodwill-intangible-assets-total,other-long-term-assets,total-long-term-assets,total-assets,total-current-liabilities,long-term-debt,other-non-current-liabilities,total-long-term-liabilities,total-liabilities,common-stock-net,retained-earnings-accumulated-deficit,comprehensive-income,total-share-holder-equity,total-liabilities-share-holders-equity,net-income-loss,total-depreciation-amortization-cash-flow,other-non-cash-items,total-non-cash-items,change-in-accounts-receivable,change-in-inventories,change-in-accounts-payable,change-in-assets-liabilities,total-change-in-assets-liabilities,cash-flow-from-operating-activities,net-change-in-property-plant-equipment,net-change-in-intangible-assets,net-acquisitions-divestitures,net-change-in-short-term-investments,net-change-in-long-term-investments,net-change-in-investments-total,investing-activities-other,cash-flow-from-investing-activities,net-long-term-debt,net-current-debt,debt-issuance-retirement-net-total,net-common-equity-issued-repurchased,net-total-equity-issued-repurchased,total-common-preferred-stock-dividends-paid,financial-activities-other,cash-flow-from-financial-activities,net-cash-flow,stock-based-compensation,common-stock-dividends-paid
0,2018-09-30,14.93,$18.85,0.79,$4.07,3.67,$8.46,1.76,$3.29,4.54,$28.58B,$23.92B,1.2,$1.46B,$3.70B,0.39,$0.81B,$0.81B,100.00%,$0.81B,$0.58B,71.22%,$0.81B,$0.58B,71.22%,$0.81B,$0.68B,83.27%,$0.81B,$0.72B,88.31%,$0.81B,$0.62B,76.01%,$0.62B,$4.68B,16.27%,$0.62B,$2.25B,27.67%,$0.62B,$31.53B,2.41%,$0.58B,$6.14B,11.21%,$237,$0,$237,$0,$-5,$123,$113,$-40,$73,$37,$36,$36,$17,$142,$113,$224,224,$0.08,$0.08,$1311,$0,$0,$28581,$0,$0,$2423,$526,$2949,$31530,$23924,$1459,$1472,$2930,$26854,$2,$2887,$-155,$4676,$31530,$510,$75,$-109,$-35,$5,$0,$0,$47,$46,$521,$0,$-475,$-14,$-5904,$10993,$5089,$-185,$4416,$-60,$-4388,$-4448,$0,$0,$-233,$0,$-4681,$256,$10,$-193
1,2018-06-30,15.64,$19.83,0.79,$4.05,3.86,$8.36,1.87,$3.73,4.19,$20.40B,$17.29B,1.18,$1.32B,$2.78B,0.48,$0.77B,$0.77B,100.00%,$0.77B,$0.63B,81.61%,$0.77B,$0.63B,81.61%,$0.77B,$0.72B,93.52%,$0.77B,$0.73B,94.95%,$0.77B,$0.69B,89.90%,$0.69B,$3.48B,18.95%,$0.69B,$2.03B,28.09%,$0.69B,$22.28B,2.81%,$0.63B,$4.80B,10.61%,$187,$0,$187,$0,$11,$39,$149,$-15,$133,$-6,$139,$139,$126,$172,$149,$175,193,$0.72,$0.68,$982,$0,$0,$20401,$0,$0,$1450,$425,$1875,$22276,$17290,$1318,$187,$1506,$18796,$2,$2851,$-35,$3480,$22276,$474,$46,$-160,$-114,$5,$0,$0,$0,$-1,$359,$0,$-282,$0,$200,$1460,$1660,$744,$2122,$-200,$-2245,$-2445,$0,$0,$-109,$0,$-2554,$-73,$6,$-83
2,2018-03-31,14.78,$19.77,0.75,$4.14,3.57,$8.08,1.83,$3.07,4.81,$22.34B,$19.23B,1.16,$1.17B,$2.77B,0.42,$0.77B,$0.77B,100.00%,$0.77B,$0.63B,81.43%,$0.77B,$0.63B,81.43%,$0.77B,$0.71B,92.34%,$0.77B,$0.60B,78.31%,$0.77B,$0.57B,74.29%,$0.57B,$3.47B,15.30%,$0.57B,$2.17B,21.31%,$0.57B,$24.08B,2.28%,$0.63B,$4.64B,8.59%,$194,$0,$194,$0,$12,$41,$153,$185,$339,$4,$335,$335,$321,$176,$153,$175,193,$1.83,$1.69,$1101,$0,$0,$22343,$0,$0,$1301,$433,$1734,$24077,$19234,$1168,$207,$1375,$20609,$2,$2711,$-0,$3468,$24077,$335,$22,$-152,$-130,$-4,$0,$0,$8,$-2,$203,$0,$-142,$0,$155,$-212,$-57,$708,$508,$-350,$-303,$-653,$0,$0,$-13,$0,$-665,$46,$2,$-1
3,2017-12-31,15.17,$20.47,0.74,$4.10,3.7,$7.96,1.91,$1.80,8.43,$23.22B,$19.54B,1.19,$1.52B,$2.87B,0.53,$0.75B,$0.75B,100.00%,$0.75B,$0.61B,82.42%,$0.75B,$0.61B,82.42%,$0.75B,$0.68B,91.81%,$0.75B,$0.30B,40.00%,$0.75B,$0.32B,43.36%,$0.32B,$3.57B,8.56%,$0.32B,$2.49B,11.31%,$0.32B,$24.79B,1.28%,$0.61B,$5.09B,7.02%,$195,$0,$195,$0,$11,$31,$164,$8,$173,$11,$162,$162,$154,$187,$164,$174,188,$0.89,$0.86,$1055,$0,$0,$23217,$0,$0,$1087,$486,$1572,$24789,$19539,$1518,$161,$1679,$21218,$2,$2387,$335,$3571,$24789,$308,$69,$205,$275,$-16,$0,$0,$-17,$24,$607,$0,$-484,$-30,$-17,$-7524,$-7541,$-1429,$-9484,$-2882,$10586,$7704,$0,$703,$-436,$1146,$9117,$240,$11,$-423
4,2017-09-30,16.51,$23.68,0.7,$3.76,4.39,$6.11,2.7,$2.92,5.66,$24.26B,$18.30B,1.33,$5.11B,$3.71B,1.38,$0.67B,$0.67B,100.00%,$0.67B,$0.55B,81.67%,$0.67B,$0.55B,81.67%,$0.67B,$0.61B,90.76%,$0.67B,$0.47B,69.90%,$0.67B,$0.51B,76.01%,$0.51B,$4.13B,13.67%,$0.51B,$3.20B,17.51%,$0.51B,$27.80B,2.13%,$0.55B,$9.24B,5.43%,$196,$0,$196,$0,$10,$32,$164,$-76,$88,$-5,$93,$93,$93,$187,$164,$174,189,$0.53,$0.52,$883,$0,$0,$24257,$2171,$0,$931,$445,$3547,$27804,$18297,$5107,$268,$5375,$23672,$3,$2221,$423,$4131,$27804,$146,$47,$231,$278,$-10,$0,$0,$-16,$-5,$419,$0,$-327,$-5,$-13686,$7171,$-6515,$-786,$-7634,$-2031,$7957,$5926,$0,$417,$-266,$1206,$7283,$68,$12,$-261
5,2017-06-30,15.82,$21.69,0.73,$3.69,4.28,$-2.58,0.0,$2.86,5.53,$20.60B,$13.32B,1.55,$6.44B,$3.65B,1.77,$0.64B,$0.64B,100.00%,$0.64B,$0.51B,79.66%,$0.64B,$0.51B,79.66%,$0.64B,$0.56B,87.58%,$0.64B,$0.48B,74.84%,$0.64B,$0.54B,83.07%,$0.54B,$3.78B,15.00%,$0.54B,$2.89B,18.66%,$0.54B,$23.78B,2.38%,$0.51B,$10.23B,4.88%,$185,$0,$185,$0,$10,$39,$146,$-142,$3,$9,$-6,$-6,$4,$161,$146,$174,174,$0.02,$0.02,$901,$0,$0,$20595,$1783,$0,$898,$505,$3186,$23781,$13317,$6441,$239,$6680,$19997,$3,$2119,$355,$3784,$23781,$53,$24,$197,$221,$-6,$0,$0,$-11,$2,$276,$0,$-265,$0,$-18,$-2949,$-2967,$-420,$-3653,$-688,$3812,$3123,$0,$139,$-171,$371,$3462,$86,$8,$-171
6,2017-03-31,14.93,$20.65,0.72,$3.53,4.23,$-5.48,0.0,$2.74,5.45,$21.45B,$13.64B,1.57,$6.81B,$3.46B,1.97,$0.61B,$0.61B,100.00%,$0.61B,$0.48B,78.83%,$0.61B,$0.48B,78.83%,$0.61B,$0.53B,86.48%,$0.61B,$0.45B,72.80%,$0.61B,$0.51B,83.71%,$0.51B,$3.60B,14.79%,$0.51B,$2.86B,17.76%,$0.51B,$24.27B,2.37%,$0.48B,$10.41B,4.57%,$169,$0,$169,$0,$10,$29,$140,$-106,$34,$-25,$59,$59,$72,$149,$140,$174,174,$0.41,$0.41,$787,$0,$0,$21451,$0,$0,$748,$2072,$2820,$24271,$13641,$6811,$217,$7028,$20668,$3,$2110,$273,$3603,$24271,$59,$9,$121,$130,$-1,$0,$0,$-23,$-26,$162,$0,$-68,$0,$36,$-4028,$-3991,$-209,$-4268,$-302,$4239,$3937,$0,$139,$-83,$85,$4078,$-28,$4,$-83
7,2016-12-31,13.23,$19.57,0.68,$3.30,4.0,$-7.64,0.0,$1.82,7.27,$17.31B,$8.87B,1.95,$7.11B,$3.40B,2.09,$0.58B,$0.58B,100.00%,$0.58B,$0.44B,75.69%,$0.58B,$0.44B,75.69%,$0.58B,$0.48B,83.33%,$0.58B,$0.33B,57.29%,$0.58B,$0.35B,61.28%,$0.35B,$3.40B,10.33%,$0.35B,$2.71B,12.13%,$0.35B,$20.11B,1.78%,$0.44B,$10.51B,4.14%,$121,$0,$121,$0,$4,$23,$98,$246,$344,$38,$306,$306,$341,$112,$98,$174,174,$1.95,$1.95,$759,$0,$0,$17306,$0,$0,$694,$617,$2806,$20112,$8865,$7107,$286,$7846,$16711,$2,$2038,$199,$3401,$20112,$318,$44,$-147,$-103,$-11,$0,$0,$25,$25,$240,$0,$-278,$0,$57,$-4727,$-4670,$-723,$-5670,$1330,$3916,$5246,$-61,$-61,$-332,$392,$5245,$-185,$15,$-332
8,2016-09-30,12.59,$20.01,0.63,$3.29,3.82,$-19.62,0.0,$1.04,12.11,$19.70B,$10.64B,1.85,$7.41B,$3.48B,2.13,$0.58B,$0.58B,100.00%,$0.58B,$0.43B,74.66%,$0.58B,$0.43B,74.66%,$0.58B,$0.47B,81.03%,$0.58B,$0.21B,35.34%,$0.58B,$0.22B,38.45%,$0.22B,$3.48B,6.44%,$0.22B,$3.02B,7.42%,$0.22B,$21.80B,1.21%,$0.43B,$10.88B,4.23%,$169,$0,$169,$0,$11,$40,$129,$-28,$101,$-17,$118,$118,$118,$142,$129,$174,174,$0.68,$0.68,$953,$0,$0,$19704,$1115,$0,$456,$525,$2096,$21800,$10637,$7406,$278,$7684,$18322,$3,$1697,$538,$3478,$21800,$12,$30,$-685,$-655,$-11,$0,$0,$-34,$-33,$-676,$-448,$-167,$0,$-11,$-5619,$-5629,$5,$-6239,$1552,$5629,$7181,$-61,$-61,$-252,$0,$6868,$-47,$11,$-252
9,2016-06-30,12.31,$19.67,0.63,$3.15,3.9,$-23.66,0.0,$0.40,30.77,$18.85B,$9.67B,1.95,$7.11B,$3.42B,2.08,$0.56B,$0.56B,100.00%,$0.56B,$0.42B,74.11%,$0.56B,$0.42B,74.11%,$0.56B,$0.45B,80.32%,$0.56B,$0.06B,10.99%,$0.56B,$0.07B,12.41%,$0.07B,$3.42B,1.98%,$0.07B,$2.99B,2.27%,$0.07B,$20.74B,0.40%,$0.42B,$10.53B,4.23%,$155,$0,$155,$0,$12,$38,$117,$-149,$-32,$-15,$-17,$-17,$-17,$128,$117,$174,174,$-0.10,$-0.10,$1055,$0,$0,$18845,$926,$0,$428,$542,$1896,$20740,$9670,$7112,$541,$7653,$17322,$3,$1579,$520,$3418,$20740,$-106,$17,$-125,$-108,$-8,$0,$0,$-27,$-31,$-244,$14,$-108,$0,$29,$-5540,$-5511,$197,$-5407,$1278,$4662,$5940,$-61,$-61,$-172,$0,$5707,$55,$8,$-172
10,2016-03-31,11.11,$19.40,0.57,$3.09,3.59,$-28.06,0.0,$1.70,6.54,$15.00B,$6.19B,2.42,$6.81B,$3.37B,2.02,$0.56B,$0.56B,100.00%,$0.56B,$0.42B,74.02%,$0.56B,$0.42B,74.02%,$0.56B,$0.46B,80.96%,$0.56B,$0.31B,54.98%,$0.56B,$0.31B,54.98%,$0.31B,$3.37B,8.41%,$0.31B,$2.93B,9.61%,$0.31B,$16.69B,1.83%,$0.42B,$10.18B,4.41%,$131,$0,$131,$0,$12,$39,$92,$-175,$-83,$5,$-89,$-89,$-89,$98,$92,$175,175,$-0.50,$-0.50,$1036,$0,$0,$15001,$0,$0,$446,$1237,$1683,$16685,$6190,$6810,$314,$7124,$13314,$3,$1596,$380,$3371,$16685,$-89,$6,$-37,$-31,$-4,$0,$0,$-0,$-12,$-132,$-82,$-51,$0,$29,$-1601,$-1572,$-159,$-1864,$1002,$1182,$2184,$-61,$-61,$-92,$0,$2031,$36,$3,$-92
11,2015-12-31,11.01,$20.21,0.54,$3.23,3.4,$-29.64,0.0,$2.72,4.05,$12.88B,$5.01B,2.57,$5.79B,$3.58B,1.62,$0.59B,$0.59B,100.00%,$0.59B,$0.45B,75.59%,$0.59B,$0.45B,75.59%,$0.59B,$0.49B,82.49%,$0.59B,$0.48B,80.13%,$0.59B,$0.49B,83.00%,$0.49B,$3.58B,12.82%,$0.49B,$3.08B,14.51%,$0.49B,$14.58B,2.72%,$0.45B,$9.36B,5.04%,$125,$0,$125,$0,$11,$29,$95,$124,$219,$9,$211,$211,$211,$102,$95,$183,183,$1.16,$1.16,$1000,$0,$0,$12878,$661,$0,$494,$543,$1698,$14576,$5008,$5785,$206,$5991,$10999,$4,$1685,$359,$3577,$14576,$492,$40,$-2477,$-2437,$30,$0,$0,$-24,$8,$-1937,$0,$-124,$0,$1918,$6851,$8769,$-732,$7914,$2101,$-7984,$-5882,$-115,$-115,$-382,$59,$-6319,$-342,$9,$-382
12,2015-09-30,11.62,$20.61,0.56,$3.41,3.41,$-22.68,0.0,$1.34,8.68,$16.48B,$7.98B,2.06,$5.70B,$3.77B,1.51,$0.63B,$0.63B,100.00%,$0.63B,$0.48B,76.80%,$0.63B,$0.48B,76.80%,$0.63B,$0.52B,83.04%,$0.63B,$0.21B,33.28%,$0.63B,$0.25B,39.20%,$0.25B,$3.77B,6.17%,$0.25B,$3.33B,6.94%,$0.25B,$17.79B,1.24%,$0.48B,$9.47B,5.64%,$153,$0,$153,$0,$13,$39,$114,$-156,$-42,$-8,$-35,$-35,$-35,$125,$114,$184,184,$-0.18,$-0.18,$1196,$0,$0,$16479,$0,$0,$447,$859,$1306,$17785,$7983,$5701,$329,$6030,$14013,$4,$1474,$573,$3773,$17785,$282,$34,$-1942,$-1909,$18,$0,$0,$-23,$-12,$-1639,$-291,$-75,$0,$1915,$3235,$5150,$-105,$4680,$2005,$-4950,$-2945,$-3,$-3,$-286,$0,$-3234,$-194,$7,$-286
13,2015-06-30,12.47,$21.61,0.58,$3.35,3.72,$-13.78,0.0,$2.58,4.83,$17.38B,$9.42B,1.85,$4.72B,$3.97B,1.19,$0.61B,$0.61B,100.00%,$0.61B,$0.47B,76.22%,$0.61B,$0.47B,76.22%,$0.61B,$0.50B,81.76%,$0.61B,$0.44B,71.50%,$0.61B,$0.47B,77.20%,$0.47B,$3.97B,11.69%,$0.47B,$3.53B,13.15%,$0.47B,$18.45B,2.36%,$0.47B,$8.69B,6.02%,$153,$0,$153,$0,$13,$37,$115,$99,$215,$-7,$222,$222,$222,$130,$115,$184,184,$1.20,$1.20,$1344,$0,$0,$17381,$0,$0,$438,$629,$1067,$18448,$9423,$4715,$339,$5053,$14476,$4,$1509,$631,$3972,$18448,$316,$23,$-1379,$-1356,$15,$0,$0,$-15,$-11,$-1051,$0,$-8,$0,$1940,$1743,$3684,$-30,$3645,$1034,$-3510,$-2476,$0,$0,$-191,$0,$-2666,$-72,$6,$-191
14,2015-03-31,13.25,$22.16,0.6,$3.29,4.03,$-6.32,0.0,$1.60,8.28,$20.65B,$13.10B,1.58,$4.03B,$4.06B,0.99,$0.60B,$0.60B,100.00%,$0.60B,$0.46B,76.54%,$0.60B,$0.46B,76.54%,$0.60B,$0.48B,80.03%,$0.60B,$0.24B,39.93%,$0.60B,$0.29B,48.59%,$0.29B,$4.06B,7.16%,$0.29B,$3.65B,8.09%,$0.29B,$21.68B,1.46%,$0.46B,$8.09B,6.45%,$163,$0,$163,$0,$13,$38,$125,$-41,$84,$-11,$95,$95,$95,$133,$125,$183,183,$0.52,$0.52,$3471,$0,$0,$20646,$0,$0,$410,$621,$1032,$21678,$13095,$4026,$496,$4522,$17617,$4,$1287,$850,$4061,$21678,$95,$8,$-599,$-591,$3,$0,$0,$-15,$-17,$-513,$0,$-10,$0,$-11,$207,$195,$-37,$148,$313,$162,$475,$0,$0,$-95,$0,$380,$15,$3,$-95
15,2014-12-31,12.2,$22.21,0.55,$3.15,3.87,$-0.90,0.0,$0.92,13.26,$20.06B,$12.93B,1.55,$3.71B,$4.07B,0.91,$0.58B,$0.58B,100.00%,$0.58B,$0.44B,76.43%,$0.58B,$0.44B,76.43%,$0.58B,$0.46B,78.86%,$0.58B,$0.09B,16.12%,$0.58B,$0.17B,29.12%,$0.17B,$4.07B,4.16%,$0.17B,$3.62B,4.72%,$0.17B,$21.08B,0.89%,$0.44B,$7.78B,6.92%,$156,$0,$156,$0,$12,$30,$126,$-175,$-49,$-12,$-37,$-37,$-37,$131,$126,$183,183,$-0.20,$-0.20,$3340,$0,$0,$20063,$0,$0,$452,$569,$1021,$21084,$12932,$3710,$374,$4084,$17016,$4,$1196,$856,$4068,$21084,$167,$14,$-736,$-722,$-26,$0,$0,$-103,$-113,$-667,$0,$-60,$0,$-1001,$-1595,$-2595,$-140,$-2795,$3046,$682,$3728,$1,$1,$-286,$0,$3443,$-20,$15,$-286
16,2014-09-30,11.48,$22.50,0.51,$3.08,3.72,$0.14,80.45,$2.44,4.71,$18.18B,$12.29B,1.48,$2.44B,$4.12B,0.59,$0.56B,$0.56B,100.00%,$0.56B,$0.43B,76.16%,$0.56B,$0.43B,76.16%,$0.56B,$0.44B,78.32%,$0.56B,$0.39B,69.35%,$0.56B,$0.44B,79.57%,$0.44B,$4.12B,11.13%,$0.44B,$3.62B,12.72%,$0.44B,$19.16B,2.48%,$0.43B,$6.56B,7.65%,$142,$0,$142,$0,$12,$41,$102,$87,$189,$-5,$194,$194,$194,$108,$102,$183,183,$1.06,$1.06,$3529,$0,$0,$18177,$0,$0,$498,$480,$978,$19155,$12290,$2439,$308,$2747,$15037,$4,$1232,$777,$4118,$19155,$204,$9,$-421,$-412,$-13,$0,$0,$-79,$-85,$-293,$0,$-57,$0,$-943,$-69,$-1012,$-58,$-1128,$1786,$24,$1810,$0,$0,$-190,$0,$1620,$200,$12,$-190
17,2014-06-30,12.12,$22.17,0.55,$3.06,3.96,$-1.02,0.0,$0.32,37.89,$16.87B,$11.41B,1.48,$2.06B,$4.06B,0.51,$0.55B,$0.55B,100.00%,$0.55B,$0.44B,78.88%,$0.55B,$0.44B,78.88%,$0.55B,$0.45B,80.69%,$0.55B,$0.03B,5.05%,$0.55B,$0.06B,10.29%,$0.06B,$4.06B,1.46%,$0.06B,$3.56B,1.62%,$0.06B,$17.82B,0.33%,$0.44B,$6.12B,8.71%,$140,$0,$140,$0,$12,$33,$107,$-90,$16,$-23,$40,$40,$40,$109,$107,$183,183,$0.22,$0.22,$2472,$0,$0,$16865,$0,$0,$500,$449,$949,$17815,$11408,$2062,$287,$2348,$13756,$4,$1039,$818,$4059,$17815,$11,$3,$383,$385,$-11,$0,$0,$-70,$-80,$316,$0,$-48,$0,$28,$-521,$-493,$-68,$-610,$1405,$-859,$545,$0,$0,$-95,$0,$451,$157,$10,$-95
18,2014-03-31,11.57,$21.41,0.54,$3.09,3.74,$-6.49,0.0,$2.22,5.21,$16.46B,$12.04B,1.37,$1.12B,$3.92B,0.29,$0.56B,$0.56B,100.00%,$0.56B,$0.45B,80.86%,$0.56B,$0.45B,80.86%,$0.56B,$0.47B,84.08%,$0.56B,$0.45B,80.32%,$0.56B,$0.41B,72.63%,$0.41B,$3.92B,10.56%,$0.41B,$3.44B,11.29%,$0.41B,$17.43B,2.27%,$0.45B,$5.04B,9.96%,$139,$0,$139,$0,$12,$32,$106,$-170,$-63,$-34,$-29,$-29,$-29,$107,$106,$183,183,$-0.16,$-0.16,$2761,$0,$0,$16459,$0,$0,$477,$490,$967,$17426,$12037,$1123,$346,$1470,$13507,$4,$999,$626,$3919,$17426,$0,$0,$6,$7,$0,$0,$0,$0,$0,$478,$0,$5,$0,$14,$-243,$-229,$9,$-216,$482,$-229,$253,$0,$0,$0,$0,$253,$515,$6,$0
19,2013-12-31,10.21,$21.13,0.48,$3.21,3.18,$-9.23,0.0,$3.32,3.08,$16.10B,$12.27B,1.31,$0.64B,$3.86B,0.17,$0.56B,$0.56B,100.00%,$0.56B,$0.47B,84.14%,$0.56B,$0.47B,84.14%,$0.56B,$0.49B,87.75%,$0.56B,$0.66B,118.74%,$0.56B,$0.58B,104.32%,$0.58B,$3.86B,14.92%,$0.58B,$3.34B,15.43%,$0.58B,$17.17B,3.17%,$0.47B,$4.50B,10.63%,$137,$0,$137,$0,$12,$27,$110,$135,$245,$7,$239,$239,$239,$113,$110,$175,175,$1.30,$1.30,$2427,$0,$0,$16096,$0,$0,$514,$563,$1077,$17174,$12271,$640,$408,$1048,$13319,$4,$1028,$445,$3855,$17174,$579,$19,$-1175,$-1155,$22,$0,$0,$78,$120,$-456,$0,$-499,$-6,$114,$1084,$1198,$-178,$514,$265,$-374,$-109,$847,$847,$-591,$0,$146,$204,$1,$-591
20,2013-09-30,10.39,$20.71,0.5,$3.56,2.92,$-5.30,0.0,$3.28,3.17,$16.58B,$12.17B,1.36,$0.65B,$3.77B,0.17,$0.56B,$0.56B,100.00%,$0.56B,$0.50B,90.81%,$0.56B,$0.50B,90.81%,$0.56B,$0.53B,94.95%,$0.56B,$0.59B,105.59%,$0.56B,$0.53B,95.32%,$0.53B,$3.77B,13.99%,$0.53B,$3.77B,13.99%,$0.53B,$17.15B,2.91%,$0.50B,$4.42B,12.19%,$138,$0,$138,$0,$12,$24,$114,$-284,$-170,$24,$-194,$-194,$-193,$118,$114,$183,183,$-1.06,$-1.06,$2402,$0,$0,$16582,$0,$0,$0,$572,$572,$17154,$12168,$649,$564,$1213,$13381,$4,$789,$513,$3773,$17154,$340,$17,$-970,$-953,$23,$0,$0,$73,$109,$-505,$0,$-13,$-6,$60,$657,$717,$-542,$155,$277,$-472,$-196,$842,$842,$-395,$0,$251,$-98,$0,$-395
21,2013-06-30,10.66,$20.97,0.51,$3.74,2.85,$-2.74,0.0,$4.54,2.35,$18.93B,$14.92B,1.27,$0.36B,$3.83B,0.1,$0.54B,$0.54B,100.00%,$0.54B,$0.50B,92.63%,$0.54B,$0.50B,92.63%,$0.54B,$0.53B,96.87%,$0.54B,$0.78B,143.28%,$0.54B,$0.75B,137.94%,$0.75B,$3.83B,20.32%,$0.75B,$3.83B,20.32%,$0.75B,$19.64B,4.09%,$0.50B,$4.20B,12.98%,$145,$0,$145,$0,$13,$24,$122,$315,$437,$49,$388,$388,$389,$132,$122,$183,183,$2.12,$2.12,$2604,$0,$0,$18928,$0,$0,$0,$713,$713,$19641,$14921,$363,$523,$886,$15807,$4,$982,$266,$3834,$19641,$532,$13,$-1301,$-1289,$17,$0,$0,$51,$72,$-684,$0,$0,$-6,$-2,$-1583,$-1584,$-464,$-2055,$-17,$2279,$2262,$854,$854,$-281,$0,$2835,$96,$1,$-281
22,2013-03-31,12.73,$22.45,0.57,$3.93,3.24,$1.79,7.12,$2.64,4.82,$18.07B,$13.47B,1.34,$0.40B,$4.07B,0.1,$0.50B,$0.49B,96.83%,$0.50B,$0.46B,90.28%,$0.50B,$0.46B,90.28%,$0.50B,$0.47B,92.26%,$0.50B,$0.35B,69.25%,$0.50B,$0.38B,76.19%,$0.38B,$4.07B,11.73%,$0.38B,$4.07B,11.73%,$0.38B,$19.00B,2.30%,$0.46B,$4.46B,13.49%,$135,$0,$135,$0,$5,$14,$121,$26,$147,$5,$142,$142,$144,$124,$121,$153,153,$0.94,$0.94,$2421,$0,$0,$18073,$0,$0,$0,$930,$930,$19003,$13473,$397,$1067,$1464,$14938,$4,$593,$801,$4065,$19003,$144,$3,$-193,$-190,$25,$0,$0,$5,$25,$-20,$0,$0,$0,$-108,$-1207,$-1314,$172,$-1142,$-1,$820,$819,$827,$827,$-164,$0,$1482,$320,$0,$-164
23,2012-12-31,10.91,$23.10,0.47,$3.97,2.75,$2.40,4.54,$2.26,4.83,$15.93B,$12.64B,1.26,$0.00B,$3.45B,0.0,$0.46B,$0.43B,93.85%,$0.46B,$0.39B,86.37%,$0.46B,$0.39B,86.37%,$0.46B,$0.40B,86.81%,$0.46B,$0.25B,54.07%,$0.46B,$0.29B,64.18%,$0.29B,$3.45B,10.53%,$0.29B,$3.45B,10.53%,$0.29B,$16.81B,1.98%,$0.39B,$3.45B,14.17%,$137,$0,$137,$0,$10,$-9,$147,$25,$172,$-10,$182,$182,$189,$153,$147,$121,121,$1.44,$1.42,$2125,$0,$0,$15934,$0,$0,$0,$880,$880,$16814,$12644,$0,$720,$720,$13363,$3,$449,$696,$3451,$16814,$292,$2,$-55,$-53,$-51,$0,$0,$-35,$-77,$162,$0,$0,$0,$-538,$-6562,$-7099,$193,$-6906,$0,$5964,$5964,$1576,$1576,$-335,$0,$7205,$461,$0,$-335
24,2012-09-30,11.06,$22.97,0.48,$4.31,2.56,$4.13,2.68,$1.72,6.43,$17.10B,$14.06B,1.22,$0.00B,$3.39B,0.0,$0.39B,$0.36B,92.84%,$0.39B,$0.32B,82.61%,$0.39B,$0.32B,82.61%,$0.39B,$0.32B,81.59%,$0.39B,$0.12B,30.43%,$0.39B,$0.15B,39.39%,$0.15B,$3.39B,6.91%,$0.15B,$3.39B,6.91%,$0.15B,$17.87B,1.23%,$0.32B,$3.39B,14.49%,$126,$0,$126,$0,$9,$13,$113,$-91,$22,$-8,$29,$29,$27,$117,$113,$135,135,$0.20,$0.20,$2042,$0,$0,$17103,$0,$0,$0,$762,$762,$17865,$14064,$0,$409,$409,$14473,$3,$260,$700,$3391,$17865,$103,$-5,$111,$106,$-24,$0,$0,$-28,$-45,$163,$-191,$0,$0,$-280,$-7956,$-8236,$54,$-8373,$0,$7374,$7374,$1538,$1538,$-229,$0,$8683,$474,$0,$-229
25,2012-06-30,9.48,$19.87,0.48,$4.42,2.14,$5.70,1.66,$2.36,4.02,$12.49B,$10.46B,1.19,$0.00B,$2.18B,0.0,$0.33B,$0.30B,89.49%,$0.33B,$0.26B,78.08%,$0.33B,$0.26B,78.08%,$0.33B,$0.25B,74.17%,$0.33B,$0.16B,48.35%,$0.33B,$0.18B,54.65%,$0.18B,$2.18B,10.66%,$0.18B,$2.18B,10.66%,$0.18B,$12.98B,1.77%,$0.26B,$2.18B,15.22%,$106,$16,$90,$0,$8,$32,$74,$-67,$8,$-17,$24,$24,$24,$71,$74,$107,107,$0.22,$0.22,$1634,$0,$0,$12487,$0,$0,$0,$494,$494,$12981,$10461,$0,$337,$337,$10798,$2,$233,$203,$2183,$12981,$76,$-9,$52,$43,$-13,$0,$0,$-20,$-34,$85,$0,$0,$0,$-202,$-4203,$-4405,$72,$-4332,$0,$3778,$3778,$770,$770,$-142,$-22,$4384,$137,$0,$-142
26,2012-03-31,8.95,$19.35,0.46,$4.49,1.99,$6.02,1.49,$2.12,4.22,$10.96B,$8.71B,1.26,$0.00B,$2.07B,0.0,$0.27B,$0.25B,91.42%,$0.27B,$0.22B,81.34%,$0.27B,$0.22B,81.34%,$0.27B,$0.21B,78.36%,$0.27B,$0.15B,54.85%,$0.27B,$0.16B,58.58%,$0.16B,$2.07B,11.32%,$0.16B,$2.07B,11.32%,$0.16B,$11.33B,1.83%,$0.22B,$2.07B,15.72%,$86,$11,$74,$0,$7,$26,$59,$-15,$44,$-8,$52,$52,$52,$54,$59,$93,93,$0.56,$0.56,$1702,$0,$0,$10961,$0,$0,$0,$370,$370,$11331,$8713,$0,$546,$546,$9259,$2,$209,$85,$2072,$11331,$52,$-6,$14,$8,$-7,$0,$0,$1,$-15,$45,$0,$0,$0,$-116,$-2766,$-2882,$353,$-2528,$0,$2034,$2034,$692,$692,$-56,$0,$2669,$186,$0,$-56
27,2011-12-31,7.87,$18.07,0.44,$4.45,1.77,$6.11,1.29,$2.54,3.1,$7.84B,$6.68B,1.18,$0.00B,$1.27B,0.0,$0.20B,$0.19B,93.07%,$0.20B,$0.17B,85.64%,$0.20B,$0.17B,85.64%,$0.20B,$0.17B,85.64%,$0.20B,$0.13B,62.38%,$0.20B,$0.13B,62.87%,$0.13B,$1.27B,12.21%,$0.13B,$1.27B,12.21%,$0.13B,$8.10B,1.91%,$0.17B,$1.27B,16.63%,$73,$0,$73,$0,$5,$-4,$77,$-32,$45,$-6,$52,$52,$51,$77,$77,$49,49,$0.78,$0.78,$1530,$0,$0,$7841,$0,$0,$0,$259,$259,$8100,$6676,$0,$155,$155,$6830,$1,$157,$-59,$1270,$8100,$127,$-0,$32,$32,$-18,$0,$0,$-6,$-8,$152,$0,$0,$0,$-1031,$-4951,$-5982,$-350,$-6333,$0,$5490,$5490,$1007,$1007,$-120,$0,$6377,$196,$0,$-120
28,2011-09-30,7.24,$18.60,0.39,$4.13,1.75,$6.00,1.21,$3.00,2.41,$8.57B,$7.31B,1.17,$0.00B,$1.31B,0.0,$0.14B,$0.13B,88.73%,$0.14B,$0.11B,73.94%,$0.14B,$0.11B,73.94%,$0.14B,$0.11B,74.65%,$0.14B,$0.10B,69.01%,$0.14B,$0.09B,64.79%,$0.09B,$1.31B,11.24%,$0.09B,$1.31B,11.24%,$0.09B,$8.82B,1.81%,$0.11B,$1.31B,12.83%,$68,$7,$61,$0,$5,$18,$50,$14,$64,$9,$55,$55,$55,$45,$50,$65,65,$0.84,$0.84,$2101,$0,$0,$8573,$0,$0,$0,$246,$246,$8819,$7314,$0,$198,$198,$7512,$1,$106,$-26,$1307,$8819,$76,$-0,$17,$17,$-20,$0,$0,$4,$-5,$89,$0,$0,$0,$-1530,$-5082,$-6612,$-304,$-6916,$0,$6131,$6131,$1007,$1007,$-64,$0,$7074,$246,$0,$-64
29,2011-06-30,8.45,$19.45,0.43,$4.00,2.11,$6.40,1.32,$2.92,2.89,$5.81B,$4.84B,1.2,$0.00B,$0.90B,0.0,$0.09B,$0.08B,87.21%,$0.09B,$0.06B,73.26%,$0.09B,$0.06B,73.26%,$0.09B,$0.07B,81.40%,$0.09B,$0.04B,51.16%,$0.09B,$0.05B,54.65%,$0.05B,$0.90B,8.52%,$0.05B,$0.90B,8.52%,$0.05B,$6.01B,1.48%,$0.06B,$0.90B,11.42%,$41,$4,$37,$0,$3,$9,$32,$-38,$-6,$-5,$-1,$-1,$-1,$34,$32,$39,39,$-0.02,$-0.02,$1294,$0,$0,$5812,$0,$0,$0,$196,$196,$6008,$4835,$0,$275,$275,$5110,$1,$51,$46,$898,$6008,$21,$5,$28,$33,$-12,$0,$0,$-4,$-12,$43,$0,$0,$0,$-966,$-3126,$-4092,$-87,$-4179,$0,$3657,$3657,$523,$523,$-27,$0,$4154,$18,$0,$-27
30,2011-03-31,7.95,$19.80,0.4,$3.75,2.12,$6.45,1.23,$3.30,2.41,$3.56B,$2.62B,1.36,$0.00B,$0.69B,0.0,$0.05B,$0.05B,85.19%,$0.05B,$0.04B,68.52%,$0.05B,$0.04B,68.52%,$0.05B,$0.04B,79.63%,$0.05B,$0.05B,98.15%,$0.05B,$0.05B,96.30%,$0.05B,$0.69B,13.54%,$0.05B,$0.69B,13.54%,$0.05B,$3.66B,2.67%,$0.04B,$0.69B,9.64%,$20,$2,$17,$0,$2,$6,$14,$9,$23,$1,$22,$22,$22,$17,$14,$23,23,$0.98,$0.98,$641,$0,$0,$3556,$0,$0,$0,$107,$107,$3663,$2620,$0,$357,$357,$2977,$1,$52,$32,$686,$3663,$22,$2,$-9,$-6,$-6,$0,$0,$1,$-3,$13,$0,$0,$0,$-159,$-1520,$-1679,$81,$-1598,$0,$1446,$1446,$288,$288,$-10,$0,$1724,$138,$0,$-10
31,2010-12-31,6.94,$18.89,0.37,$3.80,1.83,$6.80,1.02,$3.12,2.22,$1.76B,$1.17B,1.5,$0.00B,$0.38B,0.0,$0.04B,$0.04B,87.50%,$0.04B,$0.03B,67.50%,$0.04B,$0.03B,67.50%,$0.04B,$0.03B,80.00%,$0.04B,$0.04B,87.50%,$0.04B,$0.04B,87.50%,$0.04B,$0.38B,14.34%,$0.04B,$0.38B,14.34%,$0.04B,$1.80B,2.96%,$0.03B,$0.38B,11.07%,$13,$2,$11,$0,$1,$4,$9,$8,$17,$1,$16,$16,$16,$10,$9,$11,11,$1.28,$1.28,$386,$0,$0,$1758,$0,$0,$0,$39,$39,$1797,$1173,$0,$242,$242,$1415,$0,$30,$23,$382,$1797,$36,$2,$-4,$-1,$-3,$0,$0,$-1,$-1,$33,$0,$0,$0,$-239,$-833,$-1072,$211,$-861,$0,$758,$758,$235,$235,$-27,$0,$966,$138,$0,$-27
32,2010-09-30,6.16,$18.52,0.33,$2.88,2.13,$2.85,2.16,$1.16,5.31,$1.19B,$0.95B,1.26,$0.00B,$0.24B,0.0,$0.03B,$0.03B,90.00%,$0.03B,$0.01B,36.67%,$0.03B,$0.01B,36.67%,$0.03B,$0.02B,50.00%,$0.03B,$0.01B,40.00%,$0.03B,$0.01B,43.33%,$0.01B,$0.24B,7.26%,$0.01B,$0.24B,7.26%,$0.01B,$1.21B,1.50%,$0.01B,$0.24B,6.15%,$12,$1,$10,$0,$1,$3,$8,$1,$10,$-0,$10,$10,$10,$9,$8,$13,13,$0.76,$0.76,$94,$0,$0,$1190,$0,$0,$0,$21,$22,$1212,$945,$0,$25,$25,$971,$0,$14,$16,$241,$1212,$19,$2,$2,$4,$-2,$0,$0,$-0,$-1,$23,$0,$0,$0,$-12,$-562,$-574,$-30,$-604,$0,$531,$531,$107,$107,$-17,$0,$621,$40,$0,$-17
