,Date,Stock Price,Book Value per Share,Price to Book Ratio,TTM Sales per Share,Price to Sales Ratio,TTM FCF per Share,Price to FCF Ratio,TTM Net EPS,PE Ratio,Current Assets,Current Liabilities,Current Ratio,Long Term Debt,Shareholder's Equity_x,Debt to Equity Ratio,TTM Revenue_x,TTM Gross Profit,Gross Margin,TTM Revenue_y,TTM Operating Income,Operating Margin,TTM Revenue_x,TTM EBIT,EBIT Margin,TTM Revenue_y,TTM EBITDA,EBITDA Margin,TTM Revenue_x,TTM Pre-Tax Income,Pre-Tax Margin,TTM Revenue_y,TTM Net Income_x,Net Margin,TTM Net Income_y,Shareholder's Equity_y,Return on Equity,TTM Net Income_x,Tangible Equity,Return on Tangible Equity,TTM Net Income_y,Total Assets,Return on Assets,TTM Net Income,LT Investments & Debt,Return on Investment,revenue,cost-goods-sold,gross-profit,research-development-expenses,selling-general-administrative-expenses,operating-expenses,operating-income,total-non-operating-income-expense,pre-tax-income,total-provision-income-taxes,income-after-taxes,income-from-continuous-operations,net-income,ebitda,ebit,basic-shares-outstanding,shares-outstanding,eps-basic-net-earnings-per-share,eps-earnings-per-share-diluted,cash-on-hand,inventory,other-current-assets,total-current-assets,net-property-plant-equipment,long-term-investments,goodwill-intangible-assets-total,other-long-term-assets,total-long-term-assets,total-assets,total-current-liabilities,long-term-debt,other-non-current-liabilities,total-long-term-liabilities,total-liabilities,common-stock-net,retained-earnings-accumulated-deficit,comprehensive-income,total-share-holder-equity,total-liabilities-share-holders-equity,net-income-loss,total-depreciation-amortization-cash-flow,other-non-cash-items,total-non-cash-items,change-in-accounts-receivable,change-in-inventories,change-in-accounts-payable,change-in-assets-liabilities,total-change-in-assets-liabilities,cash-flow-from-operating-activities,net-change-in-property-plant-equipment,net-change-in-intangible-assets,net-acquisitions-divestitures,net-change-in-short-term-investments,net-change-in-long-term-investments,net-change-in-investments-total,investing-activities-other,cash-flow-from-investing-activities,net-long-term-debt,net-current-debt,debt-issuance-retirement-net-total,net-common-equity-issued-repurchased,net-total-equity-issued-repurchased,total-common-preferred-stock-dividends-paid,financial-activities-other,cash-flow-from-financial-activities,net-cash-flow,stock-based-compensation,common-stock-dividends-paid
0,2018-09-30,107.29,$10.90,9.84,$15.81,6.78,$12.36,8.68,$4.67,22.97,$9.47B,$2.38B,3.98,$4.32B,$10.52B,0.41,$15.82B,$10.31B,65.18%,$15.82B,$6.76B,42.74%,$15.82B,$6.76B,42.74%,$15.82B,$7.69B,48.61%,$15.82B,$6.73B,42.57%,$15.82B,$4.69B,29.62%,$4.69B,$10.52B,44.48%,$4.69B,$5.45B,87.67%,$4.69B,$18.57B,25.94%,$6.76B,$14.83B,46.09%,$4261,$1457,$2804,$390,$396,$2324,$1937,$-13,$1924,$354,$1570,$1570,$1570,$2180,$1937,$969,989,$1.61,$1.58,$5113,$2116,$0,$9468,$3051,$278,$5069,$150,$9105,$18573,$2382,$4318,$1228,$5675,$8057,$1741,$37378,$-354,$10516,$18573,$4341,$705,$108,$813,$-307,$-181,$6,$594,$11,$5044,$-808,$0,$0,$-763,$0,$-763,$-12,$-1583,$1000,$0,$1000,$-2756,$-2756,$-1819,$-40,$-3615,$-154,$190,$-1819
1,2018-06-30,109.64,$10.91,10.05,$15.59,7.03,$11.06,9.91,$4.35,25.2,$9.59B,$1.47B,6.54,$5.07B,$10.63B,0.48,$15.67B,$10.16B,64.84%,$15.67B,$6.61B,42.18%,$15.67B,$6.61B,42.18%,$15.67B,$7.52B,48.00%,$15.67B,$6.60B,42.10%,$15.67B,$4.40B,28.08%,$4.40B,$10.63B,41.31%,$4.40B,$5.49B,81.75%,$4.40B,$18.53B,24.93%,$6.61B,$15.70B,45.67%,$4017,$1398,$2619,$384,$441,$2305,$1712,$-6,$1706,$301,$1405,$1405,$1405,$1945,$1712,$977,997,$1.43,$1.40,$5130,$2090,$0,$9592,$2855,$271,$5149,$149,$8935,$18527,$1466,$5066,$1229,$6427,$7893,$1741,$36413,$-371,$10634,$18527,$2771,$462,$114,$576,$-273,$-155,$0,$431,$-302,$2938,$-438,$0,$0,$621,$0,$621,$2,$185,$1000,$0,$1000,$-1611,$-1611,$-1217,$-32,$-1860,$1263,$144,$-1217
2,2018-03-31,102.7,$10.84,9.47,$15.20,6.76,$10.01,10.26,$3.98,25.81,$8.59B,$1.86B,4.62,$3.58B,$10.64B,0.34,$15.35B,$9.92B,64.61%,$15.35B,$6.38B,41.56%,$15.35B,$6.38B,41.56%,$15.35B,$7.28B,47.45%,$15.35B,$6.38B,41.56%,$15.35B,$4.05B,26.39%,$4.05B,$10.64B,37.97%,$4.05B,$5.41B,76.13%,$4.05B,$17.51B,23.65%,$6.38B,$14.22B,45.57%,$3789,$1342,$2447,$385,$433,$2241,$1548,$5,$1553,$187,$1366,$1366,$1366,$1777,$1548,$983,1005,$1.38,$1.35,$4079,$2032,$0,$8590,$2736,$271,$5228,$147,$8917,$17507,$1860,$3578,$1282,$5005,$6865,$1741,$35619,$-392,$10642,$17507,$1366,$229,$39,$268,$-176,$-97,$0,$341,$-486,$1112,$-189,$0,$0,$459,$0,$459,$-4,$266,$0,$0,$0,$-695,$-695,$-611,$-11,$-1317,$61,$70,$-611
3,2017-12-31,102.67,$10.51,9.76,$14.77,6.95,$9.79,10.49,$3.60,28.52,$8.73B,$2.26B,3.87,$3.58B,$10.34B,0.35,$14.96B,$9.61B,64.26%,$14.96B,$6.08B,40.66%,$14.96B,$6.08B,40.66%,$14.96B,$6.99B,46.70%,$14.96B,$6.08B,40.64%,$14.96B,$3.68B,24.61%,$3.68B,$10.34B,34.51%,$3.68B,$5.03B,70.25%,$3.68B,$17.64B,21.99%,$6.08B,$13.91B,43.92%,$3750,$1310,$2440,$386,$409,$2187,$1563,$-13,$1550,$1206,$344,$344,$344,$1787,$1563,$991,1012,$0.35,$0.35,$4469,$1957,$0,$8734,$2664,$268,$5308,$86,$8908,$17642,$2258,$3577,$1303,$5047,$7305,$1741,$34662,$-384,$10337,$17642,$3682,$904,$354,$1258,$-7,$-167,$0,$97,$439,$5363,$-655,$0,$0,$-460,$0,$-460,$-12,$-1127,$474,$0,$474,$-2073,$-2073,$-2104,$-31,$-3734,$502,$242,$-2104
4,2017-09-30,87.55,$11.14,7.86,$14.40,6.08,$9.13,9.59,$4.28,20.46,$7.99B,$2.06B,3.89,$3.08B,$10.99B,0.28,$14.63B,$9.31B,63.66%,$14.63B,$5.85B,40.01%,$14.63B,$5.85B,40.01%,$14.63B,$6.76B,46.22%,$14.63B,$6.03B,41.21%,$14.63B,$4.39B,29.98%,$4.39B,$10.99B,40.97%,$4.39B,$5.60B,84.40%,$4.39B,$16.93B,26.67%,$5.85B,$14.07B,42.61%,$4116,$1460,$2656,$375,$412,$2328,$1788,$1,$1789,$504,$1285,$1285,$1285,$2013,$1788,$988,1008,$1.29,$1.26,$3444,$1908,$0,$7991,$2567,$258,$5387,$89,$8938,$16929,$2055,$3084,$0,$3886,$5941,$1741,$34935,$-505,$10988,$16929,$3338,$680,$150,$830,$-306,$-118,$-19,$79,$-675,$3434,$-424,$0,$0,$200,$0,$200,$-5,$-229,$-20,$0,$-20,$-1529,$-1529,$-1493,$-21,$-3063,$142,$197,$-1493
5,2017-06-30,74.68,$10.80,6.92,$13.91,5.37,$8.89,8.4,$3.96,18.86,$7.51B,$1.88B,4.0,$3.08B,$10.71B,0.29,$14.18B,$8.94B,63.02%,$14.18B,$5.47B,38.58%,$14.18B,$5.47B,38.58%,$14.18B,$6.39B,45.06%,$14.18B,$5.62B,39.62%,$14.18B,$4.12B,29.03%,$4.12B,$10.71B,39.12%,$4.12B,$5.24B,83.36%,$4.12B,$16.44B,25.32%,$5.47B,$13.79B,40.44%,$3693,$1319,$2374,$378,$434,$2213,$1480,$6,$1486,$430,$1056,$1056,$1056,$1705,$1480,$994,1015,$1.05,$1.03,$2984,$1947,$0,$7511,$2514,$250,$5467,$71,$8927,$16438,$1877,$3084,$0,$3853,$5730,$1741,$34149,$-520,$10708,$16438,$2053,$455,$98,$553,$-200,$-157,$0,$17,$-867,$1712,$-238,$0,$0,$498,$0,$498,$-1,$259,$-20,$0,$-20,$-955,$-955,$-998,$-12,$-1985,$-14,$143,$-998
6,2017-03-31,77.72,$10.66,7.29,$13.48,5.76,$8.89,8.74,$3.69,21.06,$7.04B,$1.60B,4.4,$2.98B,$10.64B,0.28,$13.76B,$8.57B,62.28%,$13.76B,$5.12B,37.22%,$13.76B,$5.12B,37.22%,$13.76B,$6.06B,44.02%,$13.76B,$5.24B,38.03%,$13.76B,$3.88B,28.20%,$3.88B,$10.64B,37.53%,$3.88B,$5.09B,83.03%,$3.88B,$15.98B,24.14%,$5.12B,$13.62B,38.47%,$3402,$1258,$2144,$369,$439,$2150,$1252,$3,$1255,$258,$997,$997,$997,$1482,$1252,$998,1019,$0.99,$0.97,$3049,$1843,$0,$7040,$2501,$241,$5546,$71,$8938,$15978,$1602,$2980,$0,$3737,$5339,$1741,$33595,$-527,$10639,$15978,$997,$230,$77,$307,$-68,$-53,$0,$-85,$-491,$795,$-87,$0,$0,$363,$0,$363,$-9,$267,$-250,$0,$-250,$-389,$-389,$-500,$-4,$-1143,$-81,$68,$-500
7,2016-12-31,69.95,$10.52,6.65,$13.09,5.34,$8.71,8.03,$3.37,20.76,$7.46B,$2.26B,3.29,$2.98B,$10.47B,0.28,$13.37B,$8.26B,61.76%,$13.37B,$4.86B,36.31%,$13.37B,$4.86B,36.31%,$13.37B,$5.81B,43.46%,$13.37B,$4.93B,36.87%,$13.37B,$3.60B,26.89%,$3.60B,$10.47B,35.50%,$3.60B,$4.85B,82.08%,$3.60B,$16.43B,22.46%,$4.86B,$13.45B,37.13%,$3414,$1277,$2137,$340,$405,$2082,$1332,$165,$1497,$450,$1047,$1047,$1047,$1559,$1332,$1003,1021,$1.03,$1.02,$3490,$1790,$0,$7457,$2512,$235,$5626,$79,$8974,$16431,$2264,$2978,$0,$3694,$5958,$1741,$33107,$-526,$10473,$16431,$3595,$955,$10,$965,$-108,$-99,$0,$-154,$80,$4614,$-531,$0,$0,$-113,$0,$-113,$-6,$-650,$-501,$0,$-501,$-1660,$-1660,$-1646,$-3,$-3810,$154,$252,$-1646
8,2016-09-30,66.78,$10.27,6.5,$12.80,5.22,$8.50,7.85,$3.15,21.2,$7.18B,$2.17B,3.31,$2.98B,$10.29B,0.29,$13.15B,$8.00B,60.87%,$13.15B,$4.71B,35.85%,$13.15B,$4.71B,35.85%,$13.15B,$5.70B,43.38%,$13.15B,$4.57B,34.78%,$13.15B,$3.38B,25.74%,$3.38B,$10.29B,33.86%,$3.38B,$4.58B,81.18%,$3.38B,$16.22B,21.21%,$4.71B,$13.26B,36.31%,$3675,$1391,$2284,$353,$442,$2267,$1408,$-27,$1381,$363,$1018,$1018,$1018,$1645,$1408,$1003,1023,$1.00,$0.98,$3137,$1808,$0,$7181,$2545,$233,$5706,$82,$9035,$16216,$2170,$2977,$0,$3760,$5930,$1741,$32432,$-542,$10286,$16216,$2548,$728,$44,$772,$-274,$-117,$0,$186,$-65,$3227,$-421,$0,$0,$454,$0,$454,$2,$35,$-501,$0,$-501,$-1242,$-1242,$-1147,$-3,$-2893,$369,$204,$-1147
9,2016-06-30,59.3,$9.93,5.97,$12.52,4.74,$8.14,7.29,$2.97,19.97,$6.69B,$1.99B,3.36,$2.98B,$9.96B,0.3,$12.90B,$7.71B,59.80%,$12.90B,$4.47B,34.65%,$12.90B,$4.47B,34.65%,$12.90B,$5.51B,42.69%,$12.90B,$4.34B,33.64%,$12.90B,$3.16B,24.53%,$3.16B,$9.96B,31.91%,$3.16B,$4.18B,78.90%,$3.16B,$15.69B,19.73%,$4.47B,$12.94B,34.54%,$3273,$1266,$2007,$341,$454,$2142,$1131,$-29,$1102,$283,$819,$819,$819,$1373,$1131,$1004,1020,$0.81,$0.79,$2539,$1876,$0,$6689,$2557,$224,$5786,$69,$9004,$15693,$1991,$2975,$0,$3740,$5731,$1741,$31850,$-536,$9962,$15693,$1530,$491,$113,$604,$-176,$-185,$0,$67,$-364,$1762,$-282,$0,$0,$917,$0,$917,$3,$638,$-501,$0,$-501,$-896,$-896,$-765,$-3,$-2165,$235,$148,$-765
10,2016-03-31,54.0,$9.72,5.56,$12.39,4.36,$7.82,6.9,$2.86,18.88,$6.66B,$2.42B,2.75,$2.87B,$9.78B,0.29,$12.86B,$7.59B,59.01%,$12.86B,$4.35B,33.82%,$12.86B,$4.35B,33.82%,$12.86B,$5.43B,42.26%,$12.86B,$4.23B,32.87%,$12.86B,$3.04B,23.65%,$3.04B,$9.78B,30.48%,$3.04B,$3.92B,76.19%,$3.04B,$15.69B,18.43%,$4.35B,$12.65B,33.34%,$3008,$1179,$1829,$322,$441,$2024,$984,$-34,$950,$239,$711,$711,$711,$1233,$984,$1007,1022,$0.70,$0.69,$2800,$1805,$0,$6659,$2554,$220,$5865,$76,$9027,$15686,$2420,$2869,$0,$3484,$5904,$1741,$31457,$-531,$9782,$15686,$711,$249,$96,$345,$-100,$-114,$0,$61,$-385,$653,$-124,$0,$0,$700,$0,$700,$-3,$573,$0,$0,$0,$-562,$-562,$-383,$0,$-945,$281,$72,$-383
11,2015-12-31,51.16,$9.84,5.2,$12.41,4.12,$7.76,6.59,$2.82,18.14,$7.07B,$2.56B,2.77,$3.12B,$9.95B,0.31,$13.00B,$7.58B,58.27%,$13.00B,$4.32B,33.25%,$13.00B,$4.32B,33.25%,$13.00B,$5.46B,41.96%,$13.00B,$4.22B,32.43%,$13.00B,$2.99B,22.97%,$2.99B,$9.95B,29.50%,$2.99B,$4.00B,73.58%,$2.99B,$16.23B,17.66%,$4.32B,$13.07B,32.31%,$3189,$1308,$1881,$293,$385,$1999,$1190,$-51,$1139,$303,$836,$836,$836,$1451,$1190,$1030,1043,$0.81,$0.80,$3218,$1691,$0,$7074,$2596,$221,$5945,$62,$9156,$16230,$2555,$3120,$0,$3729,$6284,$1741,$31176,$-532,$9946,$16230,$2986,$1133,$146,$1279,$77,$93,$0,$71,$117,$4397,$-441,$0,$0,$125,$0,$125,$14,$-302,$-502,$0,$-502,$-2345,$-2345,$-1444,$-3,$-4294,$-199,$286,$-1444
12,2015-09-30,45.93,$9.78,4.7,$12.38,3.71,$7.50,6.13,$2.78,16.52,$7.29B,$2.50B,2.92,$3.13B,$9.97B,0.31,$13.08B,$7.59B,58.02%,$13.08B,$4.23B,32.35%,$13.08B,$4.23B,32.35%,$13.08B,$5.41B,41.35%,$13.08B,$4.16B,31.83%,$13.08B,$2.96B,22.64%,$2.96B,$9.97B,28.93%,$2.96B,$3.95B,72.40%,$2.96B,$16.54B,17.22%,$4.23B,$13.10B,31.08%,$3429,$1432,$1997,$316,$434,$2265,$1164,$-16,$1148,$350,$798,$798,$798,$1449,$1164,$1023,1035,$0.77,$0.76,$2735,$1771,$0,$7289,$2629,$216,$6024,$92,$9251,$16540,$2500,$3132,$0,$4070,$6570,$1741,$30731,$-513,$9970,$16540,$2150,$872,$119,$991,$-241,$13,$0,$154,$-280,$2838,$-377,$0,$0,$742,$0,$742,$8,$373,$-502,$0,$-502,$-1782,$-1782,$-1058,$65,$-3277,$-66,$228,$-1058
13,2015-06-30,47.45,$9.87,4.81,$12.33,3.85,$7.36,6.45,$2.78,17.07,$8.06B,$3.19B,2.52,$3.13B,$10.21B,0.31,$13.15B,$7.64B,58.06%,$13.15B,$4.24B,32.26%,$13.15B,$4.24B,32.26%,$13.15B,$5.44B,41.39%,$13.15B,$4.17B,31.71%,$13.15B,$2.98B,22.63%,$2.98B,$10.21B,28.73%,$2.98B,$4.10B,71.98%,$2.98B,$17.53B,16.97%,$4.24B,$13.34B,30.59%,$3232,$1351,$1881,$320,$470,$2222,$1010,$-21,$989,$293,$696,$696,$696,$1301,$1010,$1038,1051,$0.66,$0.65,$3306,$1885,$0,$8060,$2685,$228,$6104,$96,$9472,$17532,$3193,$3134,$0,$4134,$7327,$1741,$30286,$-514,$10205,$17532,$1352,$587,$103,$690,$-194,$-101,$0,$90,$-594,$1429,$-238,$0,$0,$221,$0,$221,$1,$-16,$248,$0,$248,$-1027,$-1027,$-710,$61,$-1428,$-15,$162,$-710
14,2015-03-31,52.36,$9.93,5.27,$12.29,4.26,$7.26,7.21,$2.75,19.04,$7.69B,$2.29B,3.37,$3.64B,$10.37B,0.35,$13.21B,$7.64B,57.80%,$13.21B,$4.22B,31.90%,$13.21B,$4.22B,31.90%,$13.21B,$5.43B,41.11%,$13.21B,$4.14B,31.36%,$13.21B,$2.95B,22.35%,$2.95B,$10.37B,28.33%,$2.95B,$4.19B,71.67%,$2.95B,$17.35B,16.77%,$4.22B,$14.01B,29.58%,$3150,$1334,$1816,$338,$439,$2192,$958,$-18,$940,$284,$656,$656,$656,$1254,$958,$1046,1061,$0.62,$0.61,$3304,$1844,$0,$7692,$2758,$232,$6184,$105,$9654,$17346,$2286,$3638,$0,$4691,$6977,$1741,$29948,$-531,$10369,$17346,$656,$296,$78,$374,$-154,$-60,$0,$73,$-396,$609,$-122,$0,$0,$280,$0,$280,$0,$158,$0,$0,$0,$-424,$-424,$-356,$56,$-724,$43,$78,$-356
15,2014-12-31,48.64,$9.93,4.9,$12.04,4.04,$7.19,6.77,$2.58,18.85,$7.42B,$2.66B,2.79,$3.63B,$10.39B,0.35,$13.05B,$7.43B,56.93%,$13.05B,$3.95B,30.26%,$13.05B,$3.95B,30.26%,$13.05B,$5.18B,39.69%,$13.05B,$3.87B,29.70%,$13.05B,$2.78B,21.29%,$2.78B,$10.39B,26.48%,$2.78B,$4.13B,67.69%,$2.78B,$17.37B,15.42%,$3.95B,$14.02B,27.10%,$3269,$1374,$1895,$311,$429,$2169,$1100,$-13,$1087,$262,$825,$825,$811,$1405,$1100,$1065,1080,$0.77,$0.75,$3541,$1784,$0,$7421,$2840,$224,$6264,$233,$9951,$17372,$2658,$3630,$0,$4324,$6982,$1741,$29653,$-532,$10390,$17372,$2821,$1230,$143,$1373,$-49,$-53,$0,$7,$-219,$4054,$-243,$0,$0,$-141,$0,$-141,$7,$-377,$-502,$0,$-502,$-2277,$-2277,$-1323,$-3,$-4105,$-428,$277,$-1323
16,2014-09-30,43.09,$9.91,4.35,$11.73,3.67,$6.35,6.79,$2.28,18.9,$7.76B,$2.64B,2.94,$3.64B,$10.47B,0.35,$12.81B,$7.17B,56.02%,$12.81B,$3.53B,27.60%,$12.81B,$3.53B,27.60%,$12.81B,$4.77B,37.27%,$12.81B,$3.47B,27.09%,$12.81B,$2.47B,19.28%,$2.47B,$10.47B,23.31%,$2.47B,$4.13B,59.83%,$2.47B,$17.90B,13.42%,$3.53B,$14.11B,23.87%,$3501,$1457,$2044,$332,$463,$2326,$1175,$-20,$1155,$329,$826,$826,$813,$1483,$1175,$1060,1074,$0.77,$0.76,$3186,$1751,$0,$7756,$2930,$219,$6344,$246,$10144,$17900,$2643,$3643,$0,$4786,$7429,$1741,$29189,$-468,$10471,$17900,$1996,$925,$89,$1014,$-272,$-20,$0,$154,$-401,$2620,$-214,$0,$0,$321,$0,$321,$7,$114,$-502,$0,$-502,$-1657,$-1657,$-967,$71,$-3055,$-321,$217,$-967
17,2014-06-30,42.9,$9.80,4.38,$11.39,3.77,$5.82,7.38,$2.08,20.63,$7.46B,$1.80B,4.14,$4.39B,$10.47B,0.42,$12.55B,$6.91B,55.05%,$12.55B,$3.20B,25.53%,$12.55B,$3.20B,25.53%,$12.55B,$4.45B,35.47%,$12.55B,$3.13B,24.94%,$12.55B,$2.27B,18.12%,$2.27B,$10.47B,21.18%,$2.27B,$4.04B,54.26%,$2.27B,$17.81B,12.14%,$3.20B,$14.86B,21.24%,$3292,$1411,$1881,$349,$472,$2310,$982,$-21,$961,$278,$683,$683,$673,$1289,$982,$1071,1086,$0.63,$0.62,$2804,$1744,$0,$7456,$3044,$219,$6424,$246,$10354,$17810,$1803,$4394,$0,$5541,$7344,$1741,$28686,$-512,$10466,$17810,$1170,$617,$59,$676,$-314,$-13,$0,$26,$-601,$1237,$-117,$0,$0,$613,$0,$613,$1,$497,$-502,$0,$-502,$-1055,$-1055,$-648,$60,$-2145,$-411,$155,$-648
18,2014-03-31,42.06,$9.84,4.27,$11.09,3.79,$5.57,7.56,$2.04,20.62,$8.36B,$2.47B,3.38,$4.65B,$10.62B,0.44,$12.30B,$6.60B,53.62%,$12.30B,$3.13B,25.42%,$12.30B,$3.13B,25.42%,$12.30B,$4.39B,35.67%,$12.30B,$3.05B,24.80%,$12.30B,$2.25B,18.29%,$2.25B,$10.62B,20.67%,$2.25B,$4.12B,52.82%,$2.25B,$18.94B,11.76%,$3.13B,$15.27B,20.61%,$2983,$1376,$1607,$366,$479,$2293,$690,$-19,$671,$184,$487,$487,$480,$1000,$690,$1081,1096,$0.44,$0.44,$4032,$1714,$0,$8360,$3179,$212,$6504,$240,$10575,$18935,$2471,$4652,$0,$5844,$8315,$1741,$28331,$-520,$10620,$18935,$487,$310,$41,$351,$-149,$17,$0,$-7,$-365,$462,$-40,$0,$0,$-266,$0,$-266,$1,$-305,$498,$0,$498,$-437,$-437,$-325,$45,$-219,$-62,$78,$-325
19,2013-12-31,38.88,$9.98,3.9,$10.94,3.55,$5.44,7.15,$1.92,20.25,$8.02B,$2.75B,2.92,$4.16B,$10.81B,0.39,$12.21B,$6.36B,52.14%,$12.21B,$2.83B,23.20%,$12.21B,$2.83B,23.20%,$12.21B,$4.13B,33.83%,$12.21B,$2.75B,22.56%,$12.21B,$2.13B,17.41%,$2.13B,$10.81B,19.37%,$2.13B,$4.22B,49.88%,$2.13B,$18.94B,11.00%,$2.83B,$14.97B,18.71%,$3029,$1388,$1641,$346,$463,$2342,$687,$-5,$682,$171,$511,$511,$503,$1000,$687,$1098,1113,$0.47,$0.45,$3829,$1731,$0,$8019,$3399,$216,$6585,$264,$10919,$18938,$2747,$4158,$0,$5384,$8131,$1741,$28173,$-528,$10807,$18938,$2162,$1297,$331,$1628,$16,$26,$0,$-108,$-254,$3384,$-391,$0,$0,$342,$0,$342,$46,$-3,$-514,$0,$-514,$-1554,$-1554,$-1175,$73,$-3170,$211,$287,$-1175
20,2013-09-30,35.42,$10.10,3.51,$10.82,3.28,$5.30,6.68,$1.69,20.96,$8.10B,$2.72B,2.98,$4.16B,$11.05B,0.38,$12.16B,$6.17B,50.75%,$12.16B,$2.28B,18.78%,$12.16B,$2.28B,18.78%,$12.16B,$3.69B,30.32%,$12.16B,$2.23B,18.31%,$12.16B,$1.88B,15.48%,$1.88B,$11.05B,17.10%,$1.88B,$4.38B,44.65%,$1.88B,$19.24B,9.61%,$2.28B,$15.21B,15.04%,$3244,$1465,$1779,$368,$465,$2400,$844,$-28,$816,$187,$629,$629,$618,$1162,$844,$1096,1111,$0.56,$0.56,$3593,$1726,$0,$8101,$3509,$210,$6667,$272,$11143,$19244,$2723,$4161,$0,$5470,$8193,$1741,$27993,$-572,$11051,$19244,$1651,$984,$213,$1197,$-302,$31,$0,$21,$-539,$2185,$-284,$0,$0,$387,$0,$387,$17,$120,$-514,$0,$-514,$-988,$-988,$-849,$65,$-2286,$19,$221,$-849
21,2013-06-30,30.42,$10.05,3.03,$10.87,2.8,$5.28,5.76,$1.80,16.9,$8.04B,$2.80B,2.87,$4.17B,$11.07B,0.38,$12.30B,$6.13B,49.83%,$12.30B,$2.28B,18.53%,$12.30B,$2.28B,18.53%,$12.30B,$3.69B,30.01%,$12.30B,$2.25B,18.32%,$12.30B,$2.03B,16.53%,$2.03B,$11.07B,18.32%,$2.03B,$4.32B,48.45%,$2.03B,$19.40B,10.21%,$2.28B,$15.23B,14.92%,$3047,$1477,$1570,$389,$471,$2141,$906,$-24,$882,$222,$660,$660,$649,$1227,$906,$1103,1117,$0.59,$0.58,$3244,$1720,$0,$8038,$3611,$203,$6750,$278,$11360,$19398,$2802,$4165,$0,$5528,$8330,$1741,$27677,$-590,$11068,$19398,$1022,$666,$133,$799,$-272,$37,$0,$-256,$-686,$1035,$-164,$0,$0,$481,$0,$481,$14,$331,$-514,$0,$-514,$-603,$-603,$-541,$56,$-1602,$-236,$150,$-541
22,2013-03-31,30.73,$9.87,3.11,$11.03,2.79,$5.26,5.84,$1.61,19.09,$8.21B,$3.11B,2.64,$4.18B,$10.95B,0.38,$12.59B,$6.21B,49.34%,$12.59B,$1.97B,15.66%,$12.59B,$1.97B,15.66%,$12.59B,$3.39B,26.91%,$12.59B,$1.95B,15.47%,$12.59B,$1.82B,14.47%,$1.82B,$10.95B,16.39%,$1.82B,$4.12B,44.32%,$1.82B,$19.70B,9.14%,$1.97B,$15.14B,13.20%,$2885,$1511,$1374,$419,$459,$2490,$395,$-21,$374,$12,$362,$362,$355,$740,$395,$1107,1123,$0.32,$0.32,$3862,$1700,$0,$8205,$3739,$204,$6835,$223,$11496,$19701,$3110,$4183,$0,$5639,$8749,$1741,$27330,$-650,$10952,$19701,$362,$345,$98,$443,$-112,$57,$0,$39,$-385,$360,$-66,$0,$0,$79,$0,$79,$9,$22,$0,$0,$0,$-225,$-225,$-232,$52,$-405,$-23,$75,$-232
23,2012-12-31,26.58,$9.89,2.69,$11.14,2.39,$5.29,5.02,$1.51,17.6,$8.23B,$3.43B,2.4,$4.19B,$10.96B,0.38,$12.83B,$6.37B,49.65%,$12.83B,$1.97B,15.38%,$12.83B,$1.97B,15.38%,$12.83B,$3.37B,26.31%,$12.83B,$1.94B,15.09%,$12.83B,$1.73B,13.47%,$1.73B,$10.96B,15.50%,$1.73B,$4.04B,42.85%,$1.73B,$20.02B,8.63%,$1.97B,$15.15B,13.18%,$2979,$1533,$1446,$425,$433,$2841,$138,$16,$154,$-110,$264,$264,$260,$557,$138,$1132,1146,$0.24,$0.24,$3965,$1757,$0,$8230,$3912,$215,$6920,$254,$11791,$20021,$3430,$4186,$0,$5630,$9060,$1741,$27205,$-699,$10961,$20021,$1759,$1401,$249,$1650,$311,$5,$0,$-36,$68,$3414,$-495,$0,$0,$-604,$0,$-604,$60,$-1039,$117,$0,$117,$-1277,$-1277,$-819,$28,$-1951,$424,$263,$-819
24,2012-09-30,23.54,$10.17,2.31,$11.46,2.05,$4.84,4.86,$1.53,15.38,$8.58B,$3.43B,2.51,$4.19B,$11.40B,0.37,$13.27B,$6.47B,48.77%,$13.27B,$2.20B,16.58%,$13.27B,$2.20B,16.58%,$13.27B,$3.61B,27.19%,$13.27B,$2.13B,16.05%,$13.27B,$1.76B,13.28%,$1.76B,$11.40B,15.80%,$1.76B,$4.31B,44.90%,$1.76B,$20.51B,8.75%,$2.20B,$15.59B,14.69%,$3390,$1650,$1740,$463,$453,$2550,$840,$3,$843,$59,$784,$784,$769,$1167,$840,$1130,1141,$0.68,$0.67,$3661,$1848,$0,$8584,$4055,$225,$7095,$161,$11930,$20514,$3425,$4190,$0,$5686,$9111,$1741,$27179,$-617,$11403,$20514,$1495,$982,$191,$1173,$-70,$-86,$-123,$139,$-358,$2329,$-399,$0,$0,$-502,$51,$-451,$0,$-850,$1492,$-1375,$117,$-810,$-810,$-584,$16,$-1261,$218,$199,$-584
25,2012-06-30,24.36,$9.81,2.48,$11.48,2.12,$4.57,5.33,$1.37,17.78,$7.35B,$3.82B,1.92,$2.70B,$11.16B,0.24,$13.34B,$6.47B,48.52%,$13.34B,$2.17B,16.30%,$13.34B,$2.17B,16.30%,$13.34B,$3.48B,26.09%,$13.34B,$2.07B,15.49%,$13.34B,$1.58B,11.87%,$1.58B,$11.16B,14.32%,$1.58B,$3.98B,42.41%,$1.58B,$19.52B,7.82%,$2.17B,$13.86B,14.60%,$3335,$1684,$1651,$480,$456,$2737,$598,$-22,$576,$130,$446,$446,$438,$924,$598,$1140,1154,$0.38,$0.38,$2333,$1885,$0,$7353,$4174,$218,$7181,$93,$12168,$19521,$3821,$2703,$0,$4542,$8363,$1741,$26592,$-741,$11158,$19521,$711,$655,$150,$805,$-88,$-123,$-114,$108,$-389,$1124,$-249,$0,$0,$809,$31,$840,$0,$591,$0,$-875,$-875,$-273,$-273,$-390,$23,$-1515,$200,$133,$-390
26,2012-03-31,28.38,$9.67,2.93,$11.52,2.46,$4.38,6.47,$1.54,18.43,$7.59B,$2.91B,2.61,$4.21B,$11.07B,0.38,$13.46B,$6.58B,48.83%,$13.46B,$2.48B,18.43%,$13.46B,$2.48B,18.43%,$13.46B,$3.69B,27.38%,$13.46B,$2.40B,17.82%,$13.46B,$1.81B,13.41%,$1.81B,$11.07B,16.44%,$1.81B,$3.80B,34.61%,$1.81B,$20.01B,9.20%,$2.48B,$15.28B,16.52%,$3121,$1590,$1531,$509,$462,$2724,$397,$-35,$362,$97,$265,$265,$261,$726,$397,$1143,1165,$0.23,$0.22,$2765,$1853,$0,$7591,$4278,$239,$7267,$94,$12418,$20009,$2909,$4207,$0,$6029,$8938,$1741,$26345,$-742,$11071,$20009,$265,$329,$65,$394,$63,$-91,$-37,$31,$-178,$449,$-103,$0,$0,$371,$2,$373,$0,$270,$0,$-300,$-300,$-41,$-41,$-195,$18,$-518,$201,$69,$-195
27,2011-12-31,24.45,$9.61,2.54,$11.69,2.09,$4.36,5.61,$1.87,13.08,$7.83B,$3.50B,2.24,$4.21B,$10.95B,0.38,$13.74B,$6.77B,49.30%,$13.74B,$2.99B,21.78%,$13.74B,$2.99B,21.78%,$13.74B,$4.10B,29.85%,$13.74B,$2.96B,21.51%,$13.74B,$2.20B,16.02%,$2.20B,$10.95B,20.26%,$2.20B,$3.60B,33.04%,$2.20B,$20.50B,12.26%,$2.99B,$15.16B,21.61%,$3419,$1872,$1547,$474,$443,$3054,$365,$-17,$348,$51,$297,$297,$293,$790,$365,$1151,1171,$0.26,$0.26,$2935,$1788,$0,$7828,$4428,$265,$7352,$57,$12669,$20497,$3499,$4211,$0,$6046,$9545,$1741,$26278,$-776,$10952,$20497,$2236,$1108,$319,$1427,$112,$-17,$0,$-210,$-275,$3256,$-800,$0,$-5425,$-98,$0,$-98,$151,$-6172,$4497,$0,$4497,$-1283,$-1283,$-644,$19,$2589,$-327,$269,$-644
28,2011-09-30,22.27,$9.65,2.31,$11.67,1.91,$4.54,4.9,$2.40,9.28,$7.72B,$3.67B,2.1,$4.22B,$11.03B,0.38,$13.84B,$7.10B,51.26%,$13.84B,$3.86B,27.87%,$13.84B,$3.86B,27.87%,$13.84B,$4.78B,34.52%,$13.84B,$3.86B,27.85%,$13.84B,$2.83B,20.45%,$2.83B,$11.03B,26.36%,$2.83B,$3.55B,34.85%,$2.83B,$20.91B,17.49%,$3.86B,$15.24B,30.46%,$3466,$1722,$1744,$395,$388,$2652,$814,$-34,$780,$179,$601,$601,$591,$1040,$814,$1144,1157,$0.52,$0.51,$2618,$1965,$0,$7716,$4572,$350,$7475,$70,$13191,$20907,$3668,$4215,$0,$6213,$9881,$1741,$26175,$-690,$11026,$20907,$1938,$683,$189,$872,$-124,$-220,$70,$-20,$-525,$2285,$-647,$0,$-5390,$791,$71,$862,$0,$-5175,$4685,$0,$4685,$-1110,$-1110,$-451,$28,$3152,$262,$203,$-451
29,2011-06-30,27.31,$9.44,2.89,$11.80,2.31,$4.54,6.02,$2.60,10.51,$10.86B,$1.75B,6.2,$3.50B,$10.90B,0.32,$14.12B,$7.39B,52.36%,$14.12B,$4.27B,30.25%,$14.12B,$4.27B,30.25%,$14.12B,$5.19B,36.76%,$14.12B,$4.31B,30.53%,$14.12B,$3.09B,21.86%,$3.09B,$10.90B,29.47%,$3.09B,$9.92B,32.57%,$3.09B,$17.10B,21.86%,$4.27B,$14.40B,37.64%,$3458,$1705,$1753,$424,$411,$2553,$905,$4,$909,$237,$672,$672,$661,$1131,$905,$1156,1180,$0.57,$0.56,$6400,$1762,$0,$10860,$3714,$334,$987,$69,$6238,$17098,$1753,$3498,$0,$4442,$6195,$1741,$25726,$-686,$10903,$17098,$1338,$457,$95,$552,$-146,$-242,$-25,$-12,$-729,$1145,$-468,$0,$0,$-72,$61,$-11,$0,$-479,$3485,$0,$3485,$-693,$-693,$-303,$27,$2516,$3182,$110,$-303
30,2011-03-31,28.65,$9.11,3.15,$11.74,2.44,$4.60,6.23,$2.66,10.77,$7.04B,$1.79B,3.93,$0.00B,$10.57B,0.0,$14.15B,$7.53B,53.21%,$14.15B,$4.47B,31.60%,$14.15B,$4.47B,31.60%,$14.15B,$5.39B,38.10%,$14.15B,$4.51B,31.88%,$14.15B,$3.18B,22.48%,$3.18B,$10.57B,31.25%,$3.18B,$9.58B,34.68%,$3.18B,$13.31B,24.70%,$4.47B,$10.57B,43.92%,$3392,$1664,$1728,$422,$396,$2484,$908,$10,$918,$252,$666,$666,$656,$1139,$908,$1167,1194,$0.56,$0.55,$2857,$1678,$0,$7044,$3657,$449,$993,$47,$6266,$13310,$1793,$0,$0,$943,$2736,$1740,$25206,$-702,$10574,$13310,$666,$231,$88,$319,$-44,$-158,$-83,$-9,$-438,$516,$-194,$0,$0,$239,$18,$257,$0,$63,$0,$0,$0,$-421,$-421,$-153,$19,$-555,$24,$57,$-153
31,2010-12-31,26.84,$8.94,3.0,$11.47,2.34,$4.72,5.68,$2.63,10.21,$7.06B,$1.98B,3.56,$0.00B,$10.44B,0.0,$13.97B,$7.49B,53.64%,$13.97B,$4.51B,32.32%,$13.97B,$4.51B,32.32%,$13.97B,$5.43B,38.86%,$13.97B,$4.55B,32.59%,$13.97B,$3.18B,22.80%,$3.18B,$10.44B,31.87%,$3.18B,$9.44B,35.49%,$3.18B,$13.40B,25.18%,$4.51B,$10.44B,45.19%,$3525,$1655,$1870,$391,$391,$2295,$1230,$18,$1248,$306,$942,$942,$922,$1468,$1230,$1199,1213,$0.79,$0.77,$3072,$1520,$0,$7060,$3680,$453,$1000,$45,$6341,$13401,$1981,$0,$0,$983,$2964,$1740,$24695,$-701,$10437,$13401,$3228,$913,$-142,$771,$-231,$-304,$0,$18,$-233,$3820,$-1051,$0,$-199,$54,$139,$193,$0,$-1057,$0,$0,$0,$-2047,$-2047,$-592,$13,$-2626,$137,$190,$-592
32,2010-09-30,22.31,$8.48,2.63,$10.93,2.04,$3.93,5.68,$2.37,9.42,$6.47B,$1.84B,3.52,$0.00B,$9.96B,0.0,$13.45B,$7.21B,53.63%,$13.45B,$4.16B,30.93%,$13.45B,$4.16B,30.93%,$13.45B,$5.06B,37.61%,$13.45B,$4.18B,31.12%,$13.45B,$2.90B,21.59%,$2.90B,$9.96B,29.59%,$2.90B,$8.95B,33.06%,$2.90B,$12.65B,23.55%,$4.16B,$9.96B,42.39%,$3740,$1701,$2039,$417,$391,$2513,$1227,$8,$1235,$376,$859,$859,$846,$1451,$1227,$1184,1196,$0.71,$0.71,$2510,$1424,$0,$6468,$3456,$523,$1012,$47,$6181,$12649,$1838,$0,$0,$849,$2687,$1740,$23907,$-644,$9962,$12649,$2286,$675,$98,$773,$-468,$-213,$97,$30,$-469,$2590,$-898,$0,$-59,$364,$84,$448,$0,$-509,$0,$0,$0,$-1734,$-1734,$-439,$3,$-2170,$-89,$143,$-439
33,2010-06-30,19.05,$8.16,2.33,$10.07,1.89,$3.56,5.35,$2.08,9.16,$6.13B,$1.54B,3.99,$0.00B,$9.76B,0.0,$12.59B,$6.65B,52.86%,$12.59B,$3.70B,29.36%,$12.59B,$3.70B,29.36%,$12.59B,$4.60B,36.54%,$12.59B,$3.71B,29.51%,$12.59B,$2.60B,20.62%,$2.60B,$9.76B,26.81%,$2.60B,$8.73B,30.05%,$2.60B,$12.16B,21.38%,$3.70B,$9.76B,38.17%,$3496,$1602,$1894,$392,$378,$2389,$1107,$4,$1111,$342,$769,$769,$758,$1334,$1107,$1208,1221,$0.63,$0.62,$2305,$1349,$0,$6130,$3240,$557,$1023,$48,$6034,$12164,$1538,$0,$0,$871,$2409,$1740,$23194,$-654,$9755,$12164,$1427,$451,$78,$529,$-439,$-147,$-18,$7,$-684,$1272,$-502,$0,$0,$589,$66,$655,$0,$153,$0,$0,$0,$-1175,$-1175,$-296,$2,$-1469,$-44,$96,$-296
34,2010-03-31,19.93,$8.02,2.48,$9.14,2.18,$3.49,5.71,$1.66,12.01,$6.32B,$1.72B,3.68,$0.00B,$9.81B,0.0,$11.55B,$5.88B,50.94%,$11.55B,$2.93B,25.39%,$11.55B,$2.93B,25.39%,$11.55B,$3.84B,33.26%,$11.55B,$2.96B,25.63%,$11.55B,$2.10B,18.16%,$2.10B,$9.81B,21.97%,$2.10B,$8.77B,24.71%,$2.10B,$12.37B,17.51%,$2.93B,$9.81B,30.71%,$3205,$1516,$1689,$370,$359,$2255,$950,$7,$957,$299,$658,$658,$658,$1174,$950,$1233,1246,$0.53,$0.52,$2791,$1276,$0,$6323,$3162,$641,$1037,$41,$6047,$12370,$1719,$0,$0,$846,$2565,$1740,$22573,$-627,$9805,$12370,$658,$224,$36,$260,$-251,$-74,$-26,$15,$-208,$710,$-219,$0,$0,$169,$-1,$168,$0,$-51,$0,$0,$0,$-475,$-475,$-149,$0,$-624,$35,$47,$-149
35,2009-12-31,21.12,$7.84,2.69,$8.20,2.57,$3.26,6.48,$1.15,18.36,$6.11B,$1.59B,3.85,$0.00B,$9.72B,0.0,$10.43B,$5.00B,47.94%,$10.43B,$1.99B,19.09%,$10.43B,$1.99B,19.09%,$10.43B,$2.92B,27.97%,$10.43B,$2.02B,19.34%,$10.43B,$1.46B,13.96%,$1.46B,$9.72B,15.50%,$1.46B,$8.67B,17.46%,$1.46B,$12.12B,12.38%,$1.99B,$9.72B,21.19%,$3004,$1416,$1588,$353,$348,$2129,$875,$6,$881,$226,$655,$655,$641,$1098,$875,$1260,1269,$0.53,$0.52,$2925,$1202,$0,$6114,$3158,$637,$1050,$51,$6005,$12119,$1587,$0,$0,$810,$2397,$1740,$22066,$-621,$9722,$12119,$1470,$925,$332,$1257,$-364,$177,$0,$115,$-18,$2643,$-753,$0,$-155,$-243,$55,$-188,$0,$-1096,$0,$0,$0,$-845,$-845,$-567,$1,$-1411,$136,$186,$-567
36,2009-09-30,19.1,$7.53,2.54,$7.72,2.47,$3.71,5.14,$0.71,26.9,$6.14B,$1.66B,3.69,$0.00B,$9.44B,0.0,$9.91B,$4.51B,45.47%,$9.91B,$1.17B,11.77%,$9.91B,$1.17B,11.77%,$9.91B,$2.16B,21.81%,$9.91B,$1.17B,11.81%,$9.91B,$0.92B,9.30%,$0.92B,$9.44B,9.92%,$0.92B,$8.37B,11.15%,$0.92B,$11.90B,7.87%,$1.17B,$9.44B,12.55%,$2880,$1399,$1481,$368,$340,$2117,$763,$2,$765,$227,$538,$538,$538,$992,$763,$1255,1268,$0.42,$0.42,$2827,$1116,$0,$6138,$2945,$627,$1064,$57,$5765,$11903,$1662,$0,$0,$803,$2465,$1740,$21562,$-678,$9438,$11903,$815,$702,$223,$925,$-520,$263,$36,$75,$-98,$1642,$-317,$0,$-155,$-30,$57,$27,$0,$-445,$0,$0,$0,$-531,$-531,$-418,$0,$-949,$248,$143,$-418
37,2009-06-30,17.1,$7.30,2.34,$8.03,2.13,$3.83,4.46,$0.72,23.74,$5.74B,$1.47B,3.91,$0.00B,$9.21B,0.0,$10.42B,$4.67B,44.81%,$10.42B,$1.15B,11.04%,$10.42B,$1.15B,11.04%,$10.42B,$2.18B,20.88%,$10.42B,$1.16B,11.15%,$10.42B,$0.95B,9.09%,$0.95B,$9.21B,10.01%,$0.95B,$8.14B,11.19%,$0.95B,$11.51B,7.99%,$1.15B,$9.21B,12.16%,$2457,$1333,$1124,$369,$327,$2114,$343,$13,$356,$96,$260,$260,$260,$576,$343,$1267,1272,$0.20,$0.20,$2557,$1063,$0,$5740,$2940,$632,$1076,$53,$5770,$11510,$1468,$0,$0,$829,$2297,$1740,$21163,$-674,$9213,$11510,$277,$473,$106,$579,$-334,$316,$-18,$62,$-48,$808,$-91,$0,$-155,$710,$41,$751,$0,$505,$0,$0,$0,$-314,$-314,$-280,$0,$-594,$719,$97,$-280
38,2009-03-31,13.17,$7.23,1.82,$8.60,1.53,$3.78,3.48,$0.96,13.71,$5.53B,$1.29B,4.3,$0.00B,$9.21B,0.0,$11.32B,$5.30B,46.80%,$11.32B,$1.64B,14.49%,$11.32B,$1.64B,14.49%,$11.32B,$2.69B,23.76%,$11.32B,$1.66B,14.64%,$11.32B,$1.28B,11.27%,$1.28B,$9.21B,13.21%,$1.28B,$8.18B,14.67%,$1.28B,$11.52B,10.56%,$1.64B,$9.21B,16.99%,$2086,$1280,$806,$386,$305,$2076,$10,$5,$15,$-2,$17,$17,$17,$250,$10,$1275,1277,$0.01,$0.01,$2426,$1098,$0,$5532,$3115,$645,$1032,$52,$5988,$11520,$1287,$0,$0,$1023,$2310,$1740,$21043,$-741,$9210,$11520,$17,$240,$53,$293,$-218,$279,$-119,$47,$-59,$251,$-43,$0,$-104,$509,$1,$510,$0,$363,$0,$0,$0,$-83,$-83,$-141,$0,$-224,$390,$50,$-141
39,2008-12-31,12.29,$7.30,1.68,$9.40,1.31,$3.94,3.12,$1.44,8.53,$5.79B,$1.53B,3.78,$0.00B,$9.33B,0.0,$12.50B,$6.25B,49.96%,$12.50B,$2.44B,19.49%,$12.50B,$2.44B,19.49%,$12.50B,$3.50B,27.97%,$12.50B,$2.48B,19.85%,$12.50B,$1.92B,15.36%,$1.92B,$9.33B,19.56%,$1.92B,$8.40B,21.63%,$1.92B,$11.92B,15.64%,$2.44B,$9.33B,24.83%,$2491,$1394,$1097,$431,$361,$2440,$51,$-16,$35,$-72,$107,$107,$107,$344,$51,$1308,1321,$0.09,$0.08,$2540,$1375,$0,$5790,$3304,$653,$931,$56,$6133,$11923,$1532,$0,$0,$1065,$2597,$1740,$21168,$-790,$9326,$11923,$1920,$1059,$31,$1090,$865,$43,$0,$-160,$320,$3330,$-763,$0,$-19,$-446,$46,$-400,$0,$-1182,$0,$0,$0,$-1912,$-1912,$-537,$19,$-2430,$-282,$213,$-537
40,2008-09-30,16.92,$7.79,2.17,$9.98,1.7,$4.61,3.67,$1.90,8.91,$6.21B,$1.74B,3.57,$0.00B,$10.09B,0.0,$13.57B,$7.11B,52.42%,$13.57B,$3.38B,24.92%,$13.57B,$3.38B,24.92%,$13.57B,$4.41B,32.50%,$13.57B,$3.49B,25.71%,$13.57B,$2.57B,18.93%,$2.57B,$10.09B,25.74%,$2.57B,$9.16B,28.43%,$2.57B,$12.47B,20.60%,$3.38B,$10.09B,33.89%,$3387,$1744,$1643,$507,$390,$2641,$746,$10,$756,$193,$563,$563,$563,$1006,$746,$1304,1315,$0.43,$0.43,$1993,$1575,$0,$6212,$3517,$717,$939,$54,$6254,$12466,$1738,$0,$0,$634,$2372,$1740,$21204,$-342,$10094,$12466,$1813,$766,$3,$769,$-24,$-157,$-171,$35,$-366,$2216,$-686,$0,$-19,$756,$40,$796,$0,$91,$0,$0,$0,$-1541,$-1541,$-396,$17,$-1920,$387,$162,$-396
41,2008-06-30,22.07,$7.62,2.9,$9.93,2.22,$5.20,4.24,$2.01,10.98,$6.01B,$1.76B,3.42,$0.00B,$9.98B,0.0,$13.84B,$7.45B,53.84%,$13.84B,$3.65B,26.35%,$13.84B,$3.65B,26.35%,$13.84B,$4.69B,33.87%,$13.84B,$3.80B,27.44%,$13.84B,$2.78B,20.09%,$2.78B,$9.98B,27.16%,$2.78B,$9.04B,29.90%,$2.78B,$12.38B,21.76%,$3.65B,$9.98B,35.63%,$3351,$1602,$1749,$488,$428,$2518,$833,$17,$850,$262,$588,$588,$588,$1088,$833,$1320,1338,$0.44,$0.44,$1648,$1651,$0,$6010,$3604,$766,$948,$80,$6372,$12382,$1760,$0,$0,$638,$2398,$1740,$20773,$-331,$9984,$12382,$1251,$506,$33,$539,$-60,$-233,$-147,$-65,$-620,$1170,$-489,$0,$-19,$707,$11,$718,$0,$210,$0,$0,$0,$-1142,$-1142,$-265,$16,$-1391,$-11,$108,$-265
42,2008-03-31,22.08,$7.45,2.96,$9.76,2.26,$5.44,4.06,$1.99,11.1,$5.98B,$1.85B,3.23,$0.00B,$9.86B,0.0,$13.92B,$7.49B,53.81%,$13.92B,$3.62B,26.04%,$13.92B,$3.62B,26.04%,$13.92B,$4.68B,33.62%,$13.92B,$3.81B,27.40%,$13.92B,$2.80B,20.14%,$2.80B,$9.86B,26.40%,$2.80B,$8.91B,28.93%,$2.80B,$12.34B,21.26%,$3.62B,$9.86B,34.14%,$3272,$1516,$1756,$514,$435,$2465,$807,$33,$840,$178,$662,$662,$662,$1058,$807,$1327,1345,$0.50,$0.49,$1876,$1578,$0,$5975,$3585,$791,$943,$79,$6363,$12338,$1848,$0,$0,$633,$2481,$1740,$20318,$-351,$9857,$12338,$662,$251,$-14,$237,$89,$-160,$-179,$-43,$-250,$649,$-219,$0,$0,$596,$14,$610,$0,$391,$0,$0,$0,$-798,$-798,$-133,$13,$-918,$122,$54,$-133
43,2007-12-31,26.01,$7.43,3.5,$9.49,2.74,$5.38,4.84,$1.85,14.06,$6.92B,$2.03B,3.42,$0.00B,$9.98B,0.0,$13.84B,$7.37B,53.26%,$13.84B,$3.50B,25.28%,$13.84B,$3.50B,25.28%,$13.84B,$4.57B,33.01%,$13.84B,$3.69B,26.69%,$13.84B,$2.66B,19.20%,$2.66B,$9.98B,24.22%,$2.66B,$9.02B,26.44%,$2.66B,$12.67B,19.62%,$3.50B,$9.98B,31.87%,$3557,$1593,$1964,$495,$422,$2562,$995,$47,$1042,$289,$753,$753,$755,$1257,$995,$1417,1444,$0.54,$0.52,$2924,$1418,$0,$6918,$3609,$267,$953,$78,$5749,$12667,$2025,$0,$0,$667,$2692,$1740,$19788,$-324,$9975,$12667,$2657,$1070,$259,$1329,$40,$11,$0,$-44,$421,$4407,$-625,$0,$-87,$946,$-19,$927,$0,$215,$-43,$0,$-43,$-4125,$-4125,$-425,$116,$-4477,$145,$280,$-425
44,2007-09-30,28.4,$7.97,3.57,$9.25,3.07,$5.44,5.22,$1.76,16.14,$8.05B,$2.03B,3.97,$0.00B,$11.14B,0.0,$13.74B,$7.15B,52.06%,$13.74B,$3.27B,23.78%,$13.74B,$3.27B,23.78%,$13.74B,$4.25B,30.95%,$13.74B,$3.49B,25.36%,$13.74B,$2.57B,18.70%,$2.57B,$11.14B,22.70%,$2.57B,$10.23B,24.69%,$2.57B,$13.72B,18.54%,$3.27B,$11.14B,28.87%,$3663,$1679,$1984,$542,$429,$2650,$1013,$53,$1066,$308,$758,$758,$776,$1285,$1013,$1417,1448,$0.55,$0.54,$3669,$1450,$0,$8053,$3681,$265,$904,$77,$5671,$13724,$2031,$0,$0,$556,$2587,$1740,$19172,$-284,$11137,$13724,$1902,$808,$189,$997,$-244,$-21,$97,$-80,$84,$2983,$-444,$0,$-31,$-327,$-17,$-344,$0,$-819,$-43,$0,$-43,$-2314,$-2314,$-287,$106,$-2538,$-376,$212,$-287
45,2007-06-30,29.14,$8.04,3.62,$9.17,3.18,$5.99,4.86,$1.68,17.35,$8.22B,$1.96B,4.21,$0.00B,$11.49B,0.0,$13.84B,$7.10B,51.31%,$13.84B,$3.19B,23.01%,$13.84B,$3.19B,23.01%,$13.84B,$4.21B,30.39%,$13.84B,$3.40B,24.59%,$13.84B,$2.50B,18.03%,$2.50B,$11.49B,21.62%,$2.50B,$10.59B,23.48%,$2.50B,$14.02B,17.67%,$3.19B,$11.49B,27.60%,$3424,$1640,$1784,$551,$424,$2615,$809,$56,$865,$251,$614,$614,$610,$1079,$809,$1437,1469,$0.42,$0.42,$3581,$1424,$0,$8220,$3798,$254,$909,$96,$5800,$14020,$1955,$0,$0,$571,$2526,$1739,$18511,$-284,$11494,$14020,$1126,$536,$144,$680,$-127,$13,$-57,$-76,$-354,$1452,$-353,$0,$-27,$215,$-6,$209,$0,$-171,$-43,$0,$-43,$-1071,$-1071,$-173,$90,$-1197,$83,$146,$-173
46,2007-03-31,23.26,$7.87,2.96,$9.17,2.54,$7.38,3.15,$2.76,8.43,$7.83B,$1.81B,4.34,$0.00B,$11.28B,0.0,$14.11B,$7.22B,51.19%,$14.11B,$3.33B,23.59%,$14.11B,$3.33B,23.59%,$14.11B,$4.39B,31.11%,$14.11B,$3.58B,25.35%,$14.11B,$4.27B,30.27%,$4.27B,$11.28B,36.01%,$4.27B,$10.36B,39.02%,$4.27B,$13.75B,29.26%,$3.33B,$11.28B,28.06%,$3191,$1554,$1637,$552,$405,$2511,$680,$39,$719,$203,$516,$516,$516,$946,$680,$1442,1470,$0.36,$0.35,$3336,$1409,$0,$7833,$3880,$250,$923,$94,$5917,$13750,$1807,$0,$0,$660,$2467,$1739,$18017,$-355,$11283,$13750,$516,$266,$75,$341,$17,$28,$-167,$-70,$-269,$554,$-179,$0,$-27,$165,$-3,$162,$0,$-44,$0,$0,$0,$-703,$-703,$-58,$34,$-727,$-218,$78,$-58
47,2006-12-31,22.22,$7.83,2.84,$9.06,2.45,$7.20,3.09,$2.77,8.02,$7.85B,$2.08B,3.78,$0.00B,$11.36B,0.0,$14.26B,$7.26B,50.92%,$14.26B,$3.37B,23.62%,$14.26B,$3.37B,23.62%,$14.26B,$4.48B,31.41%,$14.26B,$3.63B,25.43%,$14.26B,$4.34B,30.45%,$4.34B,$11.36B,36.62%,$4.34B,$10.45B,39.69%,$4.34B,$13.93B,29.59%,$3.37B,$11.36B,28.22%,$3463,$1715,$1748,$556,$426,$2697,$766,$69,$835,$164,$671,$671,$667,$943,$766,$1528,1560,$0.46,$0.46,$3717,$1437,$0,$7854,$3950,$287,$910,$82,$6076,$13930,$2078,$0,$0,$492,$2570,$1739,$17529,$-363,$11360,$13930,$4341,$1111,$-1571,$-460,$-116,$-248,$0,$-369,$-1425,$2456,$1728,$0,$-205,$1597,$-29,$1568,$0,$3091,$-586,$0,$-586,$-4884,$-4884,$-199,$100,$-5569,$-31,$332,$-199
