,Date,Stock Price,Book Value per Share,Price to Book Ratio,TTM Sales per Share,Price to Sales Ratio,TTM FCF per Share,Price to FCF Ratio,TTM Net EPS,PE Ratio,Current Assets,Current Liabilities,Current Ratio,Long Term Debt,Shareholder's Equity_x,Debt to Equity Ratio,TTM Revenue_x,TTM Gross Profit,Gross Margin,TTM Revenue_y,TTM Operating Income,Operating Margin,TTM Revenue_x,TTM EBIT,EBIT Margin,TTM Revenue_y,TTM EBITDA,EBITDA Margin,TTM Revenue_x,TTM Pre-Tax Income,Pre-Tax Margin,TTM Revenue_y,TTM Net Income_x,Net Margin,TTM Net Income_y,Shareholder's Equity_y,Return on Equity,TTM Net Income_x,Tangible Equity,Return on Tangible Equity,TTM Net Income_y,Total Assets,Return on Assets,TTM Net Income,LT Investments & Debt,Return on Investment,revenue,cost-goods-sold,gross-profit,research-development-expenses,selling-general-administrative-expenses,operating-expenses,operating-income,total-non-operating-income-expense,pre-tax-income,total-provision-income-taxes,income-after-taxes,income-from-continuous-operations,net-income,ebitda,ebit,basic-shares-outstanding,shares-outstanding,eps-basic-net-earnings-per-share,eps-earnings-per-share-diluted,cash-on-hand,inventory,other-current-assets,total-current-assets,net-property-plant-equipment,long-term-investments,goodwill-intangible-assets-total,other-long-term-assets,total-long-term-assets,total-assets,total-current-liabilities,long-term-debt,other-non-current-liabilities,total-long-term-liabilities,total-liabilities,common-stock-net,retained-earnings-accumulated-deficit,comprehensive-income,total-share-holder-equity,total-liabilities-share-holders-equity,net-income-loss,total-depreciation-amortization-cash-flow,other-non-cash-items,total-non-cash-items,change-in-accounts-receivable,change-in-inventories,change-in-accounts-payable,change-in-assets-liabilities,total-change-in-assets-liabilities,cash-flow-from-operating-activities,net-change-in-property-plant-equipment,net-change-in-intangible-assets,net-acquisitions-divestitures,net-change-in-short-term-investments,net-change-in-long-term-investments,net-change-in-investments-total,investing-activities-other,cash-flow-from-investing-activities,net-long-term-debt,net-current-debt,debt-issuance-retirement-net-total,net-common-equity-issued-repurchased,net-total-equity-issued-repurchased,total-common-preferred-stock-dividends-paid,financial-activities-other,cash-flow-from-financial-activities,net-cash-flow,stock-based-compensation,common-stock-dividends-paid
0,2018-09-30,71.47,$22.82,3.13,$54.77,1.3,$4.14,17.26,$3.45,20.72,$7.84B,$3.42B,2.29,$3.86B,$5.54B,0.7,$14.24B,$2.43B,17.04%,$14.24B,$1.10B,7.71%,$14.24B,$1.10B,7.71%,$14.24B,$1.54B,10.78%,$14.24B,$1.33B,9.33%,$14.24B,$0.87B,6.11%,$0.87B,$5.54B,15.64%,$0.87B,$3.33B,26.57%,$0.87B,$14.67B,5.85%,$1.10B,$9.40B,11.63%,$3200,$2687,$513,$0,$307,$2975,$225,$403,$628,$65,$563,$563,$563,$331,$225,$246,249,$2.29,$2.26,$1293,$4030,$706,$7841,$2593,$0,$2209,$2026,$6828,$14669,$3423,$3857,$1846,$5703,$9126,$33,$6419,$-1297,$5543,$14669,$976,$322,$-420,$-98,$60,$-190,$-68,$-35,$-269,$696,$-233,$0,$804,$0,$0,$0,$163,$734,$-60,$0,$-60,$-1383,$-1383,$-15,$68,$-1390,$31,$0,$-15
1,2018-06-30,65.91,$21.54,3.06,$54.98,1.2,$2.53,26.09,$1.79,36.82,$7.71B,$3.40B,2.27,$3.88B,$5.36B,0.72,$14.52B,$2.51B,17.31%,$14.52B,$1.15B,7.88%,$14.52B,$1.15B,7.88%,$14.52B,$1.59B,10.95%,$14.52B,$0.90B,6.22%,$14.52B,$0.47B,3.21%,$0.47B,$5.36B,8.28%,$0.47B,$3.16B,14.09%,$0.47B,$14.56B,3.07%,$1.15B,$9.24B,12.02%,$3726,$3073,$653,$0,$370,$3424,$302,$-42,$260,$36,$224,$224,$224,$413,$302,$254,257,$0.88,$0.87,$731,$3925,$1170,$7710,$2608,$0,$2207,$2033,$6848,$14558,$3397,$3879,$1920,$5799,$9196,$33,$5861,$-1343,$5362,$14558,$413,$216,$11,$227,$-16,$-78,$-22,$-43,$-307,$397,$-159,$0,$0,$0,$0,$0,$153,$-6,$-34,$0,$-34,$-915,$-915,$-10,$43,$-916,$-531,$0,$-10
2,2018-03-31,58.95,$22.20,2.66,$53.88,1.09,$1.91,30.87,$1.49,39.57,$7.75B,$3.35B,2.31,$3.90B,$5.69B,0.69,$14.40B,$2.47B,17.14%,$14.40B,$1.11B,7.74%,$14.40B,$1.11B,7.74%,$14.40B,$1.56B,10.83%,$14.40B,$0.86B,5.96%,$14.40B,$0.40B,2.74%,$0.40B,$5.69B,6.92%,$0.40B,$3.32B,11.78%,$0.40B,$14.97B,2.55%,$1.11B,$9.59B,11.66%,$3296,$2729,$567,$0,$327,$3056,$240,$-22,$218,$29,$189,$189,$189,$345,$240,$260,264,$0.73,$0.72,$836,$4090,$933,$7750,$2711,$0,$2368,$2139,$7218,$14968,$3349,$3902,$2025,$5927,$9276,$33,$5642,$-1301,$5692,$14968,$189,$105,$2,$107,$78,$-128,$15,$-121,$-410,$-85,$-77,$0,$0,$0,$0,$0,$83,$6,$-19,$2,$-17,$-344,$-344,$-5,$8,$-358,$-426,$0,$-5
3,2017-12-31,56.55,$21.60,2.62,$52.72,1.07,$1.45,38.91,$1.14,49.61,$8.03B,$3.66B,2.19,$3.90B,$5.65B,0.69,$14.20B,$2.40B,16.92%,$14.20B,$1.07B,7.51%,$14.20B,$1.07B,7.51%,$14.20B,$1.51B,10.66%,$14.20B,$0.76B,5.37%,$14.20B,$0.31B,2.16%,$0.31B,$5.65B,5.40%,$0.31B,$3.28B,9.21%,$0.31B,$15.34B,1.96%,$1.07B,$9.55B,11.27%,$4017,$3323,$694,$0,$350,$3686,$331,$-108,$223,$329,$-106,$-106,$-106,$446,$331,$266,269,$-0.39,$-0.40,$1262,$4150,$435,$8029,$2721,$0,$2364,$2226,$7311,$15340,$3660,$3898,$2135,$6033,$9693,$33,$5368,$-1375,$5647,$15340,$307,$447,$365,$812,$-169,$412,$-156,$-304,$-252,$953,$-423,$0,$-331,$0,$0,$0,$92,$-662,$195,$0,$195,$-530,$-530,$-21,$-4,$-360,$-36,$0,$-21
4,2017-09-30,53.83,$22.09,2.44,$51.81,1.04,$1.56,34.52,$2.32,23.2,$8.39B,$4.04B,2.08,$3.92B,$5.82B,0.67,$14.01B,$2.41B,17.19%,$14.01B,$1.08B,7.70%,$14.01B,$1.08B,7.70%,$14.01B,$1.53B,10.92%,$14.01B,$0.83B,5.95%,$14.01B,$0.63B,4.48%,$0.63B,$5.82B,11.07%,$0.63B,$3.46B,18.55%,$0.63B,$15.88B,4.00%,$1.08B,$9.74B,11.61%,$3484,$2884,$600,$0,$335,$3212,$272,$-69,$203,$44,$159,$159,$159,$386,$272,$265,267,$0.60,$0.60,$1294,$4518,$408,$8388,$2701,$0,$2354,$2432,$7487,$15875,$4041,$3919,$2097,$6016,$10057,$34,$5943,$-1419,$5818,$15875,$413,$332,$140,$472,$-144,$88,$-178,$-293,$-611,$341,$-276,$0,$-330,$0,$0,$0,$95,$-511,$566,$0,$566,$-451,$-451,$-16,$38,$137,$-4,$0,$-16
5,2017-06-30,47.04,$21.43,2.19,$50.71,0.93,$0.72,65.6,$3.27,14.38,$8.22B,$4.01B,2.05,$3.64B,$5.68B,0.64,$13.77B,$2.40B,17.41%,$13.77B,$1.07B,7.80%,$13.77B,$1.07B,7.80%,$13.77B,$1.52B,11.02%,$13.77B,$0.74B,5.35%,$13.77B,$0.89B,6.45%,$0.89B,$5.68B,15.81%,$0.89B,$3.34B,26.18%,$0.89B,$15.78B,5.74%,$1.07B,$9.32B,11.67%,$3604,$2996,$608,$0,$343,$3333,$271,$-56,$215,$62,$153,$153,$153,$383,$271,$267,269,$0.57,$0.57,$1129,$4655,$357,$8217,$2669,$0,$2340,$2549,$7558,$15775,$4005,$3642,$2446,$6088,$10093,$34,$5789,$-1486,$5682,$15775,$254,$218,$18,$236,$-65,$-61,$-140,$-17,$-296,$244,$-161,$0,$-329,$0,$0,$0,$80,$-410,$301,$0,$301,$-329,$-329,$-11,$21,$-18,$-169,$0,$-11
6,2017-03-31,47.5,$20.85,2.28,$50.27,0.94,$-0.47,0.0,$3.35,14.18,$8.17B,$4.02B,2.03,$3.65B,$5.58B,0.65,$13.68B,$2.41B,17.63%,$13.68B,$1.11B,8.09%,$13.68B,$1.11B,8.09%,$13.68B,$1.55B,11.35%,$13.68B,$0.78B,5.72%,$13.68B,$0.91B,6.67%,$0.91B,$5.58B,16.61%,$0.91B,$3.25B,27.44%,$0.91B,$15.70B,5.96%,$1.11B,$9.24B,12.20%,$3093,$2592,$501,$0,$309,$2901,$192,$-71,$121,$21,$100,$100,$101,$298,$192,$270,273,$0.37,$0.37,$997,$4709,$361,$8165,$2637,$0,$2332,$2569,$7538,$15703,$4023,$3653,$2445,$6098,$10121,$34,$5641,$-1555,$5582,$15703,$101,$106,$-2,$104,$-78,$-122,$-102,$-22,$-444,$-216,$-76,$0,$-318,$0,$0,$0,$50,$-344,$324,$100,$424,$-186,$-186,$-6,$19,$251,$-301,$0,$-6
7,2016-12-31,48.45,$20.62,2.35,$50.66,0.96,$-0.27,0.0,$3.53,13.73,$8.15B,$3.89B,2.09,$3.32B,$5.57B,0.6,$13.79B,$2.48B,17.96%,$13.79B,$1.17B,8.51%,$13.79B,$1.17B,8.51%,$13.79B,$1.62B,11.76%,$13.79B,$0.88B,6.35%,$13.79B,$0.96B,6.98%,$0.96B,$5.57B,17.98%,$0.96B,$3.46B,29.75%,$0.96B,$15.36B,6.34%,$1.17B,$8.89B,13.13%,$3825,$3126,$699,$0,$355,$3481,$344,$-50,$294,$79,$215,$215,$214,$462,$344,$271,272,$0.78,$0.78,$1298,$4464,$388,$8149,$2581,$0,$2113,$2515,$7209,$15358,$3893,$3317,$2574,$5891,$9784,$34,$5546,$-1605,$5574,$15358,$962,$449,$-33,$416,$42,$-352,$215,$97,$-468,$1012,$-446,$0,$-186,$0,$0,$0,$109,$-523,$68,$0,$68,$-205,$-205,$-22,$-9,$-168,$293,$0,$-22
8,2016-09-30,39.65,$20.92,1.9,$50.69,0.78,$0.06,709.22,$3.57,11.11,$7.99B,$3.62B,2.21,$3.70B,$5.65B,0.65,$13.89B,$2.45B,17.64%,$13.89B,$1.17B,8.40%,$13.89B,$1.17B,8.40%,$13.89B,$1.63B,11.71%,$13.89B,$0.88B,6.31%,$13.89B,$0.97B,7.01%,$0.97B,$5.65B,18.74%,$0.97B,$3.53B,31.38%,$0.97B,$15.17B,6.49%,$1.17B,$9.35B,13.27%,$3251,$2661,$590,$0,$323,$2984,$267,$-160,$107,$-192,$299,$299,$421,$375,$267,$271,272,$1.56,$1.55,$739,$4791,$348,$7986,$2568,$0,$2121,$2492,$7181,$15167,$3620,$3696,$2200,$5896,$9516,$36,$6030,$-1315,$5651,$15167,$748,$331,$-56,$275,$-38,$-637,$146,$77,$-958,$143,$-306,$0,$-179,$0,$0,$0,$93,$-392,$87,$110,$197,$-215,$-215,$-16,$20,$-14,$-266,$0,$-16
9,2016-06-30,36.45,$19.25,1.89,$50.18,0.73,$1.12,32.57,$2.65,13.75,$7.84B,$3.70B,2.12,$3.63B,$5.19B,0.7,$13.82B,$2.46B,17.78%,$13.82B,$1.19B,8.63%,$13.82B,$1.19B,8.63%,$13.82B,$1.66B,11.99%,$13.82B,$1.02B,7.39%,$13.82B,$0.73B,5.28%,$0.73B,$5.19B,14.70%,$0.73B,$3.07B,25.24%,$0.73B,$15.03B,4.88%,$1.19B,$8.82B,14.08%,$3511,$2889,$622,$0,$318,$3207,$304,$-44,$260,$82,$178,$178,$177,$418,$304,$270,271,$0.66,$0.65,$743,$4595,$370,$7837,$2582,$0,$2118,$2497,$7197,$15034,$3698,$3634,$2516,$6150,$9848,$36,$5614,$-1333,$5186,$15034,$327,$223,$33,$256,$-32,$-454,$147,$42,$-662,$-31,$-207,$0,$-179,$0,$0,$0,$88,$-298,$272,$0,$272,$-215,$-215,$-11,$22,$68,$-262,$0,$-11
10,2016-03-31,36.33,$18.57,1.96,$48.84,0.74,$2.10,17.3,$2.60,13.97,$7.86B,$3.88B,2.03,$3.69B,$4.99B,0.74,$13.55B,$2.45B,18.05%,$13.55B,$1.17B,8.64%,$13.55B,$1.17B,8.64%,$13.55B,$1.63B,12.04%,$13.55B,$1.00B,7.39%,$13.55B,$0.72B,5.31%,$0.72B,$4.99B,14.94%,$0.72B,$2.88B,25.97%,$0.72B,$15.10B,4.82%,$1.17B,$8.68B,14.08%,$3201,$2635,$566,$0,$308,$2943,$258,$-43,$215,$64,$151,$151,$150,$367,$258,$272,273,$0.55,$0.55,$778,$4477,$328,$7858,$2560,$0,$2114,$2567,$7241,$15099,$3877,$3688,$2545,$6233,$10110,$36,$5442,$-1332,$4989,$15099,$150,$109,$20,$129,$-147,$-313,$147,$68,$-458,$-150,$-88,$0,$-164,$0,$0,$0,$27,$-225,$316,$42,$358,$-215,$-215,$-6,$7,$144,$-227,$0,$-6
11,2015-12-31,41.83,$18.10,2.31,$48.08,0.87,$2.61,16.0,$2.51,16.67,$7.62B,$3.79B,2.01,$3.35B,$4.96B,0.67,$13.42B,$2.44B,18.21%,$13.42B,$1.14B,8.49%,$13.42B,$1.14B,8.49%,$13.42B,$1.60B,11.93%,$13.42B,$0.97B,7.23%,$13.42B,$0.70B,5.19%,$0.70B,$4.96B,14.95%,$0.70B,$2.94B,26.36%,$0.70B,$14.71B,4.70%,$1.14B,$8.31B,13.91%,$3923,$3251,$672,$0,$335,$3586,$337,$-43,$294,$69,$225,$225,$226,$466,$337,$277,279,$0.82,$0.81,$1005,$4144,$341,$7624,$2492,$0,$2023,$2569,$7084,$14708,$3792,$3348,$2604,$5952,$9744,$36,$5298,$-1398,$4964,$14708,$697,$461,$8,$469,$76,$-239,$43,$33,$-171,$1090,$-420,$0,$-81,$0,$0,$0,$113,$-388,$-295,$0,$-295,$-187,$-187,$-22,$0,$-504,$183,$0,$-22
12,2015-09-30,37.46,$17.15,2.18,$48.54,0.77,$2.98,12.59,$2.45,15.29,$7.99B,$4.19B,1.91,$3.36B,$4.70B,0.72,$13.60B,$2.52B,18.56%,$13.60B,$1.19B,8.77%,$13.60B,$1.19B,8.77%,$13.60B,$1.66B,12.19%,$13.60B,$0.96B,7.09%,$13.60B,$0.68B,5.02%,$0.68B,$4.70B,15.21%,$0.68B,$2.67B,27.65%,$0.68B,$14.90B,4.62%,$1.19B,$8.05B,14.62%,$3180,$2584,$596,$0,$303,$2887,$293,$-41,$252,$76,$176,$176,$176,$405,$293,$276,278,$0.64,$0.63,$614,$4574,$507,$7992,$2488,$0,$2026,$2392,$6906,$14898,$4189,$3358,$2655,$6013,$10202,$36,$5077,$-1427,$4696,$14898,$471,$332,$-13,$319,$-64,$-654,$156,$67,$-449,$415,$-286,$0,$-81,$0,$0,$0,$97,$-270,$-141,$0,$-141,$-211,$-211,$-17,$25,$-344,$-208,$0,$-17
13,2015-06-30,44.4,$16.65,2.67,$49.31,0.9,$3.62,12.27,$2.39,18.58,$8.07B,$4.06B,1.99,$3.62B,$4.60B,0.79,$13.85B,$2.51B,18.15%,$13.85B,$1.18B,8.50%,$13.85B,$1.18B,8.50%,$13.85B,$1.64B,11.86%,$13.85B,$0.94B,6.81%,$13.85B,$0.67B,4.81%,$0.67B,$4.60B,14.94%,$0.67B,$2.59B,27.29%,$0.67B,$14.95B,4.51%,$1.18B,$8.22B,14.39%,$3247,$2635,$612,$0,$329,$2964,$283,$-42,$241,$72,$169,$169,$167,$393,$283,$278,280,$0.60,$0.60,$792,$4437,$512,$8066,$2462,$0,$2015,$2405,$6882,$14948,$4063,$3621,$2662,$6283,$10346,$36,$4907,$-1449,$4602,$14948,$295,$220,$-16,$204,$-91,$-516,$123,$16,$-348,$202,$-173,$0,$-34,$0,$0,$0,$72,$-135,$-121,$105,$-16,$-87,$-87,$-11,$21,$-93,$-30,$0,$-11
14,2015-03-31,44.08,$15.82,2.79,$50.11,0.88,$4.15,10.63,$2.30,19.17,$7.84B,$3.73B,2.1,$3.81B,$4.39B,0.87,$14.10B,$2.53B,17.95%,$14.10B,$1.15B,8.16%,$14.10B,$1.15B,8.16%,$14.10B,$1.62B,11.50%,$14.10B,$0.91B,6.47%,$14.10B,$0.64B,4.56%,$0.64B,$4.39B,14.44%,$0.64B,$2.38B,26.39%,$0.64B,$14.74B,4.34%,$1.15B,$8.20B,13.96%,$3073,$2509,$564,$0,$337,$2846,$227,$-43,$184,$56,$128,$128,$128,$337,$227,$278,280,$0.46,$0.46,$708,$4236,$563,$7843,$2460,$0,$2013,$2422,$6895,$14738,$3734,$3811,$2803,$6614,$10348,$36,$4745,$-1550,$4390,$14738,$128,$110,$-9,$101,$-84,$-327,$127,$-28,$-280,$-21,$-79,$0,$-32,$0,$0,$0,$54,$-57,$-61,$25,$-36,$0,$0,$-6,$11,$-31,$-114,$0,$-6
15,2014-12-31,41.85,$15.44,2.71,$49.18,0.85,$4.18,10.02,$2.14,19.56,$7.34B,$3.64B,2.02,$3.87B,$4.27B,0.91,$13.88B,$2.46B,17.70%,$13.88B,$1.10B,7.90%,$13.88B,$1.10B,7.90%,$13.88B,$1.56B,11.20%,$13.88B,$0.85B,6.15%,$13.88B,$0.60B,4.32%,$0.60B,$4.27B,13.49%,$0.60B,$2.25B,24.61%,$0.60B,$14.61B,4.04%,$1.10B,$8.14B,13.26%,$4096,$3344,$752,$0,$402,$3707,$389,$-102,$287,$74,$213,$213,$212,$523,$389,$279,282,$0.76,$0.75,$822,$3928,$320,$7343,$2497,$0,$2027,$2738,$7262,$14605,$3638,$3866,$2829,$6695,$10333,$36,$4623,$-1506,$4272,$14605,$600,$459,$-17,$442,$206,$-209,$-228,$13,$71,$1208,$-429,$0,$-1628,$0,$0,$0,$138,$-1919,$663,$0,$663,$-290,$-290,$-28,$-10,$335,$-389,$0,$-28
16,2014-09-30,35.75,$16.55,2.16,$46.98,0.76,$3.32,10.76,$1.97,18.15,$7.59B,$3.89B,1.95,$3.59B,$4.57B,0.78,$13.29B,$2.27B,17.11%,$13.29B,$0.97B,7.29%,$13.29B,$0.97B,7.29%,$13.29B,$1.40B,10.52%,$13.29B,$0.79B,5.94%,$13.29B,$0.56B,4.18%,$0.56B,$4.57B,12.40%,$0.56B,$2.55B,21.86%,$0.56B,$14.74B,3.84%,$0.97B,$8.16B,11.93%,$3430,$2845,$585,$0,$304,$3152,$278,$-47,$231,$71,$160,$160,$159,$389,$278,$279,281,$0.57,$0.57,$511,$4081,$539,$7589,$2442,$0,$2020,$2688,$7150,$14739,$3893,$3585,$2689,$6274,$10167,$36,$4416,$-1010,$4572,$14739,$388,$325,$-40,$285,$52,$-370,$-120,$55,$-185,$566,$-255,$0,$-1580,$0,$0,$0,$110,$-1725,$725,$25,$750,$-302,$-302,$-17,$33,$464,$-700,$0,$-17
17,2014-06-30,38.02,$16.36,2.32,$45.08,0.84,$1.31,29.05,$1.75,21.72,$7.98B,$3.96B,2.02,$3.90B,$4.58B,0.85,$12.76B,$2.12B,16.60%,$12.76B,$0.88B,6.87%,$12.76B,$0.88B,6.87%,$12.76B,$1.29B,10.09%,$12.76B,$0.70B,5.51%,$12.76B,$0.50B,3.88%,$0.50B,$4.58B,11.71%,$0.50B,$2.57B,20.82%,$0.50B,$15.14B,3.57%,$0.88B,$8.48B,11.28%,$3505,$2875,$630,$0,$353,$3248,$257,$-47,$210,$65,$145,$145,$144,$373,$257,$280,283,$0.52,$0.51,$815,$4017,$578,$7977,$2463,$0,$2006,$2689,$7158,$15135,$3957,$3899,$2701,$6600,$10557,$35,$4263,$-979,$4578,$15135,$229,$214,$-13,$201,$-29,$-279,$-98,$33,$-130,$351,$-172,$0,$-1550,$0,$0,$0,$74,$-1648,$1030,$0,$1030,$-150,$-150,$-11,$30,$899,$-396,$0,$-11
18,2014-03-31,38.99,$15.64,2.49,$42.69,0.91,$-1.65,0.0,$1.64,23.78,$7.87B,$3.94B,2.0,$3.93B,$4.36B,0.9,$12.10B,$1.99B,16.45%,$12.10B,$0.83B,6.82%,$12.10B,$0.83B,6.82%,$12.10B,$1.22B,10.04%,$12.10B,$0.66B,5.42%,$12.10B,$0.46B,3.84%,$0.46B,$4.36B,11.82%,$0.46B,$2.38B,21.46%,$0.46B,$14.96B,3.51%,$0.83B,$8.29B,11.28%,$2847,$2357,$490,$0,$302,$2675,$172,$-47,$125,$38,$87,$87,$85,$270,$172,$281,283,$0.30,$0.30,$780,$3909,$603,$7867,$2456,$0,$1980,$2660,$7096,$14963,$3938,$3929,$2733,$6662,$10600,$35,$4124,$-1022,$4363,$14963,$85,$98,$-7,$91,$-15,$-180,$-99,$2,$-236,$-27,$-66,$0,$-1489,$0,$0,$0,$35,$-1520,$1069,$184,$1253,$-150,$-150,$-6,$19,$1116,$-431,$0,$-6
19,2013-12-31,36.46,$15.54,2.35,$42.52,0.86,$-2.97,0.0,$1.75,20.84,$7.11B,$3.00B,2.37,$3.18B,$4.38B,0.73,$12.10B,$1.97B,16.30%,$12.10B,$0.85B,7.00%,$12.10B,$0.85B,7.00%,$12.10B,$1.24B,10.21%,$12.10B,$0.67B,5.57%,$12.10B,$0.50B,4.11%,$0.50B,$4.38B,13.75%,$0.50B,$2.65B,25.65%,$0.50B,$12.94B,3.95%,$0.85B,$7.56B,12.36%,$3506,$2938,$568,$0,$306,$3244,$262,$-39,$223,$52,$171,$171,$167,$366,$262,$279,284,$0.59,$0.59,$1211,$2963,$467,$7113,$2215,$0,$1735,$1881,$5831,$12944,$3003,$3179,$2378,$5557,$8560,$35,$4045,$-1027,$4384,$12944,$498,$389,$83,$472,$119,$-118,$65,$-25,$-225,$810,$-266,$0,$-196,$0,$0,$0,$198,$-264,$-823,$0,$-823,$31,$31,$-22,$72,$-742,$-202,$0,$-22
20,2013-09-30,27.37,$12.74,2.15,$41.60,0.66,$-3.36,0.0,$1.67,16.39,$6.91B,$5.39B,1.28,$3.19B,$3.58B,0.89,$11.96B,$1.97B,16.47%,$11.96B,$0.84B,7.00%,$11.96B,$0.84B,7.00%,$11.96B,$1.23B,10.27%,$11.96B,$0.65B,5.44%,$11.96B,$0.48B,4.01%,$0.48B,$3.58B,14.63%,$0.48B,$1.91B,29.66%,$0.48B,$12.46B,3.80%,$0.84B,$6.77B,12.74%,$2904,$2473,$431,$0,$245,$2718,$186,$-41,$145,$47,$98,$98,$99,$279,$186,$282,282,$0.35,$0.35,$637,$3220,$501,$6909,$2163,$0,$1675,$1710,$5548,$12457,$5387,$3194,$296,$3490,$8877,$37,$4138,$-1651,$3580,$12457,$331,$285,$65,$350,$79,$-443,$-25,$-68,$-829,$-108,$-148,$0,$-53,$0,$0,$0,$170,$-31,$-800,$96,$-704,$0,$0,$-16,$91,$-629,$-776,$0,$-16
21,2013-06-30,25.8,$12.05,2.14,$41.40,0.62,$-1.55,0.0,$1.83,14.1,$6.89B,$2.99B,2.3,$3.24B,$3.38B,0.96,$12.06B,$2.06B,17.12%,$12.06B,$0.91B,7.56%,$12.06B,$0.91B,7.56%,$12.06B,$1.30B,10.82%,$12.06B,$0.72B,5.93%,$12.06B,$0.53B,4.40%,$0.53B,$3.38B,16.56%,$0.53B,$1.71B,34.16%,$0.53B,$12.44B,4.16%,$0.91B,$6.62B,13.83%,$2839,$2338,$501,$0,$296,$2634,$205,$-42,$163,$49,$114,$114,$113,$300,$205,$280,284,$0.40,$0.40,$571,$3203,$489,$6886,$2141,$0,$1670,$1743,$5554,$12440,$2989,$3235,$2836,$6071,$9060,$37,$4044,$-1729,$3380,$12440,$232,$192,$32,$224,$107,$-445,$-61,$-78,$-941,$-469,$-190,$0,$-53,$0,$0,$0,$175,$-68,$-738,$366,$-372,$0,$0,$-11,$88,$-295,$-842,$0,$-11
22,2013-03-31,29.51,$11.40,2.59,$41.61,0.71,$0.32,92.5,$2.01,14.68,$7.00B,$3.20B,2.19,$3.31B,$3.15B,1.05,$12.24B,$2.15B,17.55%,$12.24B,$1.02B,8.30%,$12.24B,$1.02B,8.30%,$12.24B,$1.40B,11.47%,$12.24B,$0.81B,6.60%,$12.24B,$0.59B,4.82%,$0.59B,$3.15B,18.81%,$0.59B,$1.50B,39.46%,$0.59B,$12.56B,4.56%,$1.02B,$6.46B,15.33%,$2855,$2382,$473,$0,$279,$2661,$194,$-51,$143,$28,$115,$115,$119,$291,$194,$273,289,$0.44,$0.41,$791,$2972,$445,$6996,$2134,$0,$1645,$1782,$5561,$12557,$3202,$3307,$2900,$6207,$9409,$35,$3937,$-1755,$3148,$12557,$119,$97,$3,$100,$-46,$-254,$31,$-81,$-625,$-399,$-77,$0,$-18,$0,$0,$0,$111,$16,$-441,$205,$-236,$0,$0,$-5,$11,$-230,$-622,$0,$-5
23,2012-12-31,24.52,$11.02,2.22,$41.42,0.59,$0.86,28.64,$2.00,12.26,$7.41B,$3.51B,2.11,$3.45B,$2.99B,1.15,$12.24B,$2.22B,18.13%,$12.24B,$1.05B,8.61%,$12.24B,$1.05B,8.61%,$12.24B,$1.44B,11.73%,$12.24B,$0.84B,6.87%,$12.24B,$0.59B,4.81%,$0.59B,$2.99B,19.13%,$0.59B,$1.34B,40.95%,$0.59B,$13.03B,4.49%,$1.05B,$6.44B,15.72%,$3362,$2797,$565,$0,$313,$3110,$252,$-52,$200,$54,$146,$146,$148,$358,$252,$280,295,$0.53,$0.51,$1413,$2712,$470,$7414,$2149,$0,$1649,$1821,$5619,$13033,$3512,$3452,$3078,$6530,$10042,$35,$3824,$-1770,$2991,$13033,$589,$383,$155,$538,$128,$-316,$179,$-233,$-286,$927,$-480,$0,$-11,$0,$0,$0,$869,$378,$-511,$0,$-511,$-253,$-253,$-17,$0,$-781,$528,$0,$-17
24,2012-09-30,25.87,$11.74,2.2,$40.60,0.64,$1.42,18.19,$1.42,18.22,$7.59B,$3.22B,2.36,$3.55B,$3.31B,1.07,$12.13B,$2.19B,18.07%,$12.13B,$1.00B,8.20%,$12.13B,$1.00B,8.20%,$12.13B,$1.39B,11.43%,$12.13B,$0.61B,5.04%,$12.13B,$0.42B,3.48%,$0.42B,$3.31B,13.99%,$0.42B,$1.66B,30.57%,$0.42B,$13.07B,3.18%,$1.00B,$6.86B,14.54%,$3000,$2475,$525,$0,$264,$2739,$261,$-52,$209,$67,$142,$142,$151,$355,$261,$282,297,$0.54,$0.51,$1238,$2831,$549,$7585,$2078,$0,$1645,$1757,$5480,$13065,$3215,$3552,$2990,$6542,$9757,$35,$3681,$-1562,$3308,$13065,$441,$277,$100,$377,$92,$-409,$108,$-26,$-476,$397,$-130,$0,$-8,$0,$0,$0,$477,$339,$-388,$0,$-388,$0,$0,$-17,$17,$-388,$353,$0,$-17
25,2012-06-30,24.56,$11.05,2.22,$39.85,0.62,$2.07,11.85,$1.38,17.8,$7.54B,$3.23B,2.34,$3.62B,$3.10B,1.17,$11.94B,$2.17B,18.15%,$11.94B,$0.98B,8.24%,$11.94B,$0.98B,8.24%,$11.94B,$1.38B,11.51%,$11.94B,$0.59B,4.92%,$11.94B,$0.41B,3.46%,$0.41B,$3.10B,13.68%,$0.41B,$1.47B,29.88%,$0.41B,$13.07B,2.99%,$0.98B,$6.72B,13.73%,$3019,$2435,$584,$0,$276,$2711,$308,$-53,$255,$82,$173,$173,$172,$400,$308,$281,296,$0.61,$0.58,$911,$2759,$704,$7541,$2027,$0,$1630,$1870,$5527,$13068,$3230,$3619,$3117,$6736,$9966,$35,$3536,$-1599,$3102,$13068,$290,$183,$85,$268,$50,$-387,$57,$-66,$-573,$25,$-158,$0,$0,$0,$0,$0,$464,$306,$-307,$0,$-307,$0,$0,$-11,$14,$-304,$26,$0,$-11
26,2012-03-31,27.46,$10.40,2.64,$38.29,0.72,$2.90,9.46,$1.09,25.2,$7.70B,$3.17B,2.43,$3.85B,$2.92B,1.32,$11.65B,$2.09B,17.91%,$11.65B,$0.88B,7.59%,$11.65B,$0.88B,7.59%,$11.65B,$1.28B,11.01%,$11.65B,$0.47B,4.02%,$11.65B,$0.33B,2.84%,$0.33B,$2.92B,10.90%,$0.33B,$1.28B,23.73%,$0.33B,$13.28B,2.32%,$0.88B,$6.77B,11.86%,$2856,$2312,$544,$0,$312,$2624,$232,$-55,$177,$57,$120,$120,$118,$323,$232,$280,295,$0.42,$0.40,$646,$2593,$1032,$7700,$2003,$0,$1639,$1938,$5580,$13280,$3171,$3850,$3344,$7194,$10365,$35,$3370,$-1601,$2915,$13280,$118,$91,$83,$174,$-34,$-187,$48,$-46,$-552,$-254,$-73,$0,$0,$0,$0,$0,$196,$123,$-117,$0,$-117,$0,$0,$-5,$10,$-112,$-239,$0,$-5
27,2011-12-31,18.23,$9.84,1.85,$36.37,0.5,$4.03,4.53,$0.78,23.37,$8.02B,$2.93B,2.74,$4.29B,$2.75B,1.56,$11.28B,$1.97B,17.45%,$11.28B,$0.77B,6.85%,$11.28B,$0.77B,6.85%,$11.28B,$1.18B,10.42%,$11.28B,$0.34B,2.99%,$11.28B,$0.24B,2.15%,$0.24B,$2.75B,7.88%,$0.24B,$1.11B,16.95%,$0.24B,$13.62B,1.65%,$0.77B,$7.03B,9.78%,$3254,$2715,$539,$0,$345,$3060,$194,$-224,$-30,$-13,$-17,$-17,$-19,$308,$194,$278,307,$-0.06,$-0.06,$885,$2402,$1134,$8016,$1996,$0,$1635,$1968,$5599,$13615,$2931,$4287,$3652,$7939,$10870,$35,$3257,$-1625,$2745,$13615,$242,$403,$439,$842,$272,$-127,$211,$-376,$-147,$1063,$-423,$0,$-14,$0,$0,$0,$1280,$843,$-1879,$0,$-1879,$3,$3,$-22,$-53,$-1951,$-46,$0,$-22
28,2011-09-30,17.38,$11.91,1.46,$36.11,0.48,$4.73,3.67,$1.04,16.71,$9.44B,$6.16B,1.53,$4.84B,$3.31B,1.46,$11.15B,$1.95B,17.50%,$11.15B,$0.76B,6.77%,$11.15B,$0.76B,6.77%,$11.15B,$1.16B,10.36%,$11.15B,$0.41B,3.70%,$11.15B,$0.32B,2.88%,$0.32B,$3.31B,10.26%,$0.32B,$1.67B,21.61%,$0.32B,$15.28B,2.12%,$0.76B,$8.16B,9.02%,$2814,$2313,$501,$0,$251,$2564,$250,$-64,$186,$50,$136,$136,$142,$344,$250,$278,301,$0.51,$0.47,$1542,$2607,$1094,$9441,$1957,$0,$1642,$2241,$5840,$15281,$6159,$4844,$966,$5810,$11969,$35,$3282,$-1280,$3312,$15281,$261,$289,$81,$370,$120,$-328,$178,$114,$-94,$660,$-194,$0,$0,$0,$0,$0,$842,$648,$-892,$227,$-665,$0,$0,$-17,$-18,$-700,$611,$0,$-17
29,2011-06-30,23.23,$11.45,2.03,$35.78,0.65,$5.79,4.01,$0.40,58.07,$9.01B,$3.01B,2.99,$4.69B,$3.17B,1.48,$10.81B,$1.89B,17.50%,$10.81B,$0.65B,5.97%,$10.81B,$0.65B,5.97%,$10.81B,$1.05B,9.68%,$10.81B,$0.16B,1.45%,$10.81B,$0.13B,1.21%,$0.13B,$3.17B,4.30%,$0.13B,$1.52B,9.31%,$0.13B,$14.84B,0.86%,$0.65B,$7.87B,7.46%,$2728,$2225,$503,$0,$295,$2520,$208,$-73,$135,$43,$92,$92,$90,$308,$208,$277,315,$0.32,$0.29,$651,$2562,$1395,$9007,$1964,$0,$1651,$2217,$5832,$14839,$3008,$4691,$3966,$8657,$11665,$35,$3145,$-1260,$3174,$14839,$119,$195,$127,$322,$142,$-276,$110,$-51,$-305,$217,$-97,$0,$0,$0,$0,$0,$598,$501,$-1186,$189,$-997,$0,$0,$-11,$-1,$-1009,$-280,$0,$-11
30,2011-03-31,26.92,$11.04,2.44,$36.08,0.75,$6.17,4.36,$0.38,70.84,$9.24B,$2.79B,3.31,$5.49B,$3.05B,1.8,$10.79B,$1.91B,17.70%,$10.79B,$0.66B,6.11%,$10.79B,$0.66B,6.11%,$10.79B,$1.06B,9.80%,$10.79B,$0.12B,1.12%,$10.79B,$0.12B,1.14%,$0.12B,$3.05B,4.13%,$0.12B,$1.41B,9.10%,$0.12B,$15.06B,0.78%,$0.66B,$8.54B,7.16%,$2479,$2055,$424,$0,$304,$2359,$120,$-74,$46,$15,$31,$31,$29,$215,$120,$276,319,$0.10,$0.09,$1022,$2453,$1050,$9238,$1950,$0,$1643,$2228,$5821,$15059,$2793,$5485,$3729,$9214,$12007,$35,$3061,$-1280,$3052,$15059,$29,$95,$115,$210,$68,$-166,$119,$2,$-206,$54,$-50,$0,$0,$0,$0,$0,$405,$355,$-523,$203,$-320,$0,$0,$-5,$-2,$-327,$91,$0,$-5
31,2010-12-31,23.22,$10.78,2.15,$36.40,0.64,$5.81,4.0,$0.26,89.3,$9.36B,$2.66B,3.52,$5.94B,$2.97B,2.0,$10.53B,$1.92B,18.24%,$10.53B,$0.69B,6.55%,$10.53B,$0.69B,6.55%,$10.53B,$1.08B,10.28%,$10.53B,$0.09B,0.82%,$10.53B,$0.09B,0.82%,$0.09B,$2.97B,2.94%,$0.09B,$1.34B,6.58%,$0.09B,$15.28B,0.52%,$0.69B,$8.92B,7.00%,$3127,$2604,$523,$0,$346,$2950,$177,$-132,$45,$-18,$63,$63,$60,$288,$177,$274,303,$0.21,$0.21,$931,$2277,$980,$9364,$1932,$0,$1632,$2354,$5918,$15282,$2657,$5943,$3710,$9653,$12310,$35,$3037,$-1316,$2972,$15282,$86,$393,$348,$741,$423,$-10,$54,$-170,$48,$984,$-141,$0,$-57,$0,$0,$0,$1747,$1549,$-3477,$0,$-3477,$0,$0,$-22,$6,$-3493,$-961,$0,$-22
32,2010-09-30,20.17,$10.87,1.86,$36.77,0.55,$6.88,2.93,$-0.16,0.0,$9.97B,$2.66B,3.75,$6.35B,$2.99B,2.13,$10.21B,$1.89B,18.48%,$10.21B,$0.70B,6.84%,$10.21B,$0.70B,6.84%,$10.21B,$1.09B,10.69%,$10.21B,$-0.02B,-0.24%,$10.21B,$-0.04B,-0.36%,$-0.04B,$2.99B,-1.28%,$-0.04B,$1.36B,-2.91%,$-0.04B,$16.01B,-0.21%,$0.70B,$9.34B,6.58%,$2479,$2037,$442,$0,$301,$2338,$141,$-210,$-69,$-21,$-48,$-48,$-48,$236,$141,$275,275,$-0.17,$-0.17,$991,$2647,$798,$9965,$1907,$0,$1627,$2514,$6048,$16013,$2658,$6351,$4018,$10369,$13027,$35,$2983,$-1226,$2986,$16013,$26,$282,$203,$485,$396,$-383,$185,$186,$160,$759,$-42,$0,$-47,$0,$0,$0,$1427,$1338,$-2983,$0,$-2983,$2,$2,$-16,$0,$-2997,$-901,$0,$-16
33,2010-06-30,16.63,$10.63,1.56,$36.90,0.45,$6.24,2.67,$0.02,831.71,$11.03B,$2.65B,4.16,$7.15B,$2.91B,2.45,$10.28B,$1.95B,18.94%,$10.28B,$0.71B,6.92%,$10.28B,$0.71B,6.92%,$10.28B,$1.11B,10.80%,$10.28B,$0.04B,0.39%,$10.28B,$0.02B,0.15%,$0.02B,$2.91B,0.52%,$0.02B,$1.30B,1.20%,$0.02B,$17.12B,0.08%,$0.71B,$10.06B,6.14%,$2709,$2188,$521,$0,$299,$2487,$222,$-123,$99,$18,$81,$81,$82,$319,$222,$274,302,$0.30,$0.27,$1191,$2480,$1125,$11026,$1900,$0,$1616,$2581,$6097,$17123,$2653,$7147,$4259,$11556,$14209,$35,$3036,$-1335,$2914,$17123,$74,$187,$160,$347,$65,$-217,$152,$56,$-229,$247,$-17,$0,$-43,$0,$0,$0,$1099,$1039,$-1965,$0,$-1965,$2,$2,$-11,$0,$-1974,$-701,$0,$-11
34,2010-03-31,20.79,$10.40,2.0,$37.83,0.55,$5.52,3.77,$-0.47,0.0,$12.02B,$2.72B,4.42,$8.23B,$2.84B,2.9,$10.18B,$1.94B,19.04%,$10.18B,$0.66B,6.50%,$10.18B,$0.66B,6.50%,$10.18B,$1.07B,10.46%,$10.18B,$-0.18B,-1.76%,$10.18B,$-0.13B,-1.23%,$-0.13B,$2.84B,-4.33%,$-0.13B,$1.23B,-10.17%,$-0.13B,$18.11B,-0.65%,$0.66B,$11.07B,5.34%,$2210,$1776,$434,$0,$285,$2061,$149,$-138,$11,$15,$-4,$-4,$-8,$239,$149,$273,273,$-0.03,$-0.03,$1509,$2475,$1155,$12019,$1940,$0,$1612,$2539,$6091,$18110,$2719,$8233,$4212,$12550,$15269,$35,$2960,$-1313,$2841,$18110,$-8,$90,$75,$165,$2,$-211,$184,$7,$-277,$-88,$-6,$0,$0,$0,$0,$0,$645,$639,$-916,$0,$-916,$0,$0,$-5,$0,$-921,$-383,$0,$-5
35,2009-12-31,18.4,$10.38,1.77,$40.06,0.46,$5.17,3.56,$-0.09,0.0,$12.73B,$2.74B,4.64,$9.12B,$2.83B,3.23,$10.50B,$2.03B,19.35%,$10.50B,$0.69B,6.61%,$10.50B,$0.69B,6.61%,$10.50B,$1.10B,10.50%,$10.50B,$-0.15B,-1.42%,$10.50B,$-0.03B,-0.30%,$-0.03B,$2.83B,-1.11%,$-0.03B,$1.20B,-2.78%,$-0.03B,$18.94B,-0.16%,$0.69B,$11.94B,5.36%,$2813,$2323,$490,$0,$304,$2627,$186,$-251,$-65,$-5,$-60,$-60,$-63,$298,$186,$263,263,$-0.26,$-0.26,$1892,$2273,$985,$12728,$1968,$0,$1622,$2622,$6212,$18940,$2742,$9117,$4255,$13372,$16114,$35,$2973,$-1321,$2826,$18940,$-31,$409,$234,$643,$194,$803,$-535,$-250,$290,$1015,$-2,$0,$0,$0,$0,$0,$1941,$1939,$-308,$-1637,$-1945,$333,$333,$-21,$0,$-1633,$1345,$0,$-21
36,2009-09-30,18.55,$10.93,1.7,$43.53,0.43,$2.22,8.35,$-0.73,0.0,$13.57B,$3.13B,4.34,$10.29B,$2.96B,3.48,$11.24B,$2.31B,20.58%,$11.24B,$0.89B,7.93%,$11.24B,$0.89B,7.93%,$11.24B,$1.30B,11.53%,$11.24B,$-0.49B,-4.36%,$11.24B,$-0.18B,-1.58%,$-0.18B,$2.96B,-6.61%,$-0.18B,$1.26B,-18.02%,$-0.18B,$19.96B,-0.88%,$0.89B,$13.25B,6.94%,$2549,$2047,$502,$0,$348,$2395,$154,$-159,$-5,$-11,$6,$6,$4,$254,$154,$271,278,$0.01,$0.01,$2576,$2716,$493,$13565,$1988,$0,$1703,$2702,$6393,$19958,$3125,$10292,$3353,$13871,$16996,$35,$3042,$-1232,$2962,$19958,$32,$297,$120,$417,$173,$368,$-444,$-57,$-29,$538,$11,$0,$0,$0,$0,$0,$1230,$1241,$1549,$-1637,$-88,$333,$333,$-16,$0,$229,$2029,$0,$-16
37,2009-06-30,9.43,$10.81,0.87,$48.42,0.19,$1.54,6.13,$0.10,94.3,$13.42B,$3.04B,4.42,$10.41B,$2.92B,3.57,$12.16B,$2.69B,22.09%,$12.16B,$1.19B,9.82%,$12.16B,$1.19B,9.82%,$12.16B,$1.59B,13.09%,$12.16B,$-0.16B,-1.35%,$12.16B,$0.03B,0.21%,$0.03B,$2.92B,0.89%,$0.03B,$1.22B,2.40%,$0.03B,$19.84B,0.12%,$1.19B,$13.33B,9.37%,$2612,$2099,$513,$0,$340,$2439,$173,$-293,$-120,$-58,$-62,$-62,$-58,$274,$173,$264,264,$-0.22,$-0.22,$1885,$3001,$471,$13420,$2005,$0,$1697,$2722,$6424,$19844,$3039,$10411,$3268,$13885,$16924,$35,$3043,$-1258,$2920,$19844,$28,$197,$38,$235,$154,$75,$-382,$-12,$-358,$-4,$14,$0,$0,$0,$0,$0,$1066,$1080,$1555,$-1628,$-73,$333,$333,$-10,$0,$250,$1338,$0,$-10
38,2009-03-31,5.59,$10.09,0.55,$53.00,0.11,$2.20,2.54,$1.34,4.17,$14.31B,$3.61B,3.97,$10.82B,$2.47B,4.39,$13.23B,$3.08B,23.30%,$13.23B,$1.54B,11.62%,$13.23B,$1.54B,11.62%,$13.23B,$1.93B,14.62%,$13.23B,$0.33B,2.50%,$13.23B,$0.34B,2.58%,$0.34B,$2.47B,11.22%,$0.34B,$0.78B,30.58%,$0.34B,$20.52B,1.66%,$1.54B,$13.29B,12.10%,$2526,$1999,$527,$0,$346,$2345,$181,$-140,$41,$-2,$43,$43,$86,$277,$181,$244,245,$0.35,$0.35,$1691,$3323,$453,$14313,$2068,$0,$1688,$2447,$6203,$20516,$3605,$10824,$3407,$14443,$18048,$32,$3106,$-1423,$2468,$20516,$86,$96,$-78,$18,$80,$-248,$-97,$-17,$-293,$-169,$-1,$0,$0,$0,$0,$0,$523,$522,$2408,$-1612,$796,$0,$0,$-5,$0,$791,$1144,$0,$-5
39,2008-12-31,13.46,$9.78,1.38,$55.68,0.24,$3.01,4.47,$1.90,7.08,$13.83B,$4.78B,2.89,$9.08B,$2.36B,3.84,$14.01B,$3.43B,24.46%,$14.01B,$1.84B,13.11%,$14.01B,$1.84B,13.11%,$14.01B,$2.24B,15.97%,$14.01B,$0.63B,4.49%,$14.01B,$0.49B,3.47%,$0.49B,$2.37B,14.63%,$0.49B,$0.67B,39.24%,$0.49B,$20.03B,2.37%,$1.84B,$11.45B,14.45%,$3549,$2779,$770,$0,$387,$3166,$383,$-789,$-406,$-50,$-356,$-356,$-209,$490,$383,$246,250,$-0.84,$-0.81,$547,$3093,$584,$13834,$2088,$0,$1698,$2411,$6197,$20031,$4781,$9081,$3466,$12884,$17665,$32,$3025,$-1422,$2366,$20031,$486,$400,$499,$899,$-276,$-662,$276,$-68,$-763,$750,$-523,$0,$-109,$-100,$0,$-100,$795,$63,$-239,$218,$-21,$-483,$-483,$-284,$-2,$-790,$16,$0,$-284
40,2008-09-30,27.98,$14.69,1.9,$53.61,0.52,$4.83,5.8,$3.77,7.42,$14.17B,$4.77B,2.97,$9.38B,$3.54B,2.65,$13.55B,$3.47B,25.64%,$13.55B,$1.91B,14.09%,$13.55B,$1.91B,14.09%,$13.55B,$2.29B,16.93%,$13.55B,$1.36B,10.03%,$13.55B,$0.95B,7.02%,$0.95B,$3.54B,26.37%,$0.95B,$1.50B,66.64%,$0.95B,$20.69B,4.63%,$1.91B,$12.92B,14.68%,$3471,$2595,$876,$0,$419,$3014,$457,$-136,$321,$116,$205,$205,$206,$551,$457,$244,247,$0.85,$0.83,$357,$3276,$427,$14166,$1979,$0,$2038,$2503,$6520,$20686,$4765,$9384,$2553,$12382,$17147,$32,$3291,$-487,$3539,$20686,$695,$293,$88,$381,$-91,$-787,$220,$78,$-472,$632,$-314,$0,$-109,$-100,$0,$-100,$-113,$-636,$216,$270,$486,$-493,$-493,$-172,$8,$-171,$-174,$39,$-172
41,2008-06-30,45.53,$15.25,2.99,$51.80,0.88,$5.07,8.97,$3.93,11.59,$13.94B,$4.45B,3.13,$9.35B,$3.79B,2.47,$13.19B,$3.43B,26.03%,$13.19B,$1.90B,14.44%,$13.19B,$1.90B,14.44%,$13.19B,$2.27B,17.23%,$13.19B,$1.37B,10.37%,$13.19B,$1.00B,7.58%,$1.00B,$3.79B,28.50%,$1.00B,$1.51B,67.68%,$1.00B,$20.70B,5.01%,$1.90B,$13.14B,15.03%,$3684,$2775,$909,$0,$393,$3168,$516,$-141,$375,$125,$250,$250,$258,$616,$516,$250,255,$1.03,$1.01,$480,$3291,$482,$13936,$2040,$0,$2276,$2444,$6760,$20696,$4447,$9352,$2678,$12461,$16908,$32,$3140,$-403,$3788,$20696,$489,$199,$16,$215,$-67,$-644,$229,$103,$-360,$363,$-184,$0,$-100,$-100,$0,$-100,$-61,$-445,$189,$34,$223,$-96,$-96,$-106,$-2,$19,$-51,$27,$-106
42,2008-03-31,52.43,$14.43,3.63,$50.05,1.05,$4.30,12.2,$3.74,14.02,$13.73B,$4.26B,3.23,$9.74B,$3.59B,2.71,$12.74B,$3.38B,26.57%,$12.74B,$1.82B,14.29%,$12.74B,$1.82B,14.29%,$12.74B,$2.17B,17.01%,$12.74B,$1.29B,10.12%,$12.74B,$0.95B,7.47%,$0.95B,$3.59B,28.89%,$0.95B,$1.27B,64.54%,$0.95B,$20.77B,4.93%,$1.82B,$13.33B,14.82%,$3306,$2434,$872,$0,$391,$2825,$481,$-142,$339,$114,$225,$225,$231,$580,$481,$249,255,$0.93,$0.91,$361,$3074,$483,$13733,$2001,$0,$2321,$2711,$7033,$20766,$4256,$9737,$2705,$12916,$17172,$32,$2940,$-424,$3594,$20766,$231,$99,$-3,$96,$-10,$-331,$155,$87,$-226,$105,$-75,$0,$-100,$0,$0,$0,$-541,$-716,$-135,$718,$583,$-90,$-90,$-57,$-2,$434,$-170,$13,$-57
43,2007-12-31,67.17,$14.02,4.79,$48.69,1.38,$3.67,18.31,$3.60,18.68,$13.74B,$4.28B,3.21,$9.10B,$3.51B,2.6,$12.40B,$3.30B,26.59%,$12.40B,$1.75B,14.13%,$12.40B,$1.75B,14.13%,$12.40B,$2.07B,16.72%,$12.40B,$1.23B,9.96%,$12.40B,$0.92B,7.40%,$0.92B,$3.51B,29.91%,$0.92B,$1.42B,62.39%,$0.92B,$19.99B,4.94%,$1.75B,$12.61B,14.86%,$3086,$2270,$816,$0,$361,$2631,$455,$-131,$324,$96,$228,$228,$256,$547,$455,$250,255,$1.03,$1.00,$531,$2593,$540,$13743,$1918,$0,$2085,$2245,$6248,$19991,$4277,$9102,$2633,$12207,$16484,$32,$2766,$-400,$3507,$19991,$917,$322,$44,$366,$-337,$-453,$35,$-14,$-326,$1049,$-356,$0,$-1106,$0,$0,$0,$56,$-1406,$832,$-412,$420,$-201,$-201,$-154,$22,$87,$-249,$0,$-154
44,2007-09-30,58.41,$12.63,4.63,$46.89,1.25,$3.09,18.92,$3.36,17.39,$13.31B,$3.43B,3.88,$8.45B,$3.14B,2.69,$11.99B,$3.15B,26.30%,$11.99B,$1.67B,13.92%,$11.99B,$1.67B,13.92%,$11.99B,$1.97B,16.41%,$11.99B,$1.16B,9.65%,$11.99B,$0.86B,7.14%,$0.86B,$3.15B,30.02%,$0.86B,$1.70B,60.28%,$0.86B,$18.44B,4.77%,$1.67B,$11.60B,14.59%,$3110,$2275,$835,$0,$383,$2658,$452,$-123,$329,$104,$225,$225,$255,$529,$452,$249,254,$1.02,$1.00,$942,$2634,$567,$13309,$1832,$0,$1442,$1853,$5127,$18436,$3427,$8451,$2918,$11864,$15291,$16,$2584,$-511,$3145,$18436,$661,$230,$55,$285,$-253,$-531,$168,$34,$-382,$604,$-214,$0,$0,$0,$0,$0,$439,$225,$309,$-691,$-382,$-223,$-223,$-97,$15,$-687,$162,$30,$-97
45,2007-06-30,51.48,$11.75,4.38,$45.71,1.13,$2.75,18.72,$3.02,17.05,$13.05B,$3.16B,4.14,$8.65B,$2.92B,2.96,$11.72B,$3.06B,26.08%,$11.72B,$1.59B,13.53%,$11.72B,$1.59B,13.53%,$11.72B,$1.88B,16.04%,$11.72B,$1.07B,9.13%,$11.72B,$0.77B,6.57%,$0.77B,$2.93B,27.25%,$0.77B,$1.50B,52.95%,$0.77B,$18.12B,4.35%,$1.59B,$11.58B,13.91%,$3235,$2374,$861,$0,$429,$2803,$432,$-135,$297,$82,$215,$215,$210,$511,$432,$250,254,$0.84,$0.83,$697,$2518,$510,$13053,$1807,$0,$1431,$1832,$5070,$18123,$3157,$8646,$2895,$12033,$15190,$26,$6509,$-564,$2933,$18123,$406,$153,$48,$201,$-274,$-447,$118,$49,$-518,$120,$-139,$0,$0,$0,$0,$0,$232,$93,$78,$-145,$-67,$-152,$-152,$-97,$12,$-304,$-83,$18,$-97
46,2007-03-31,41.84,$10.75,3.89,$43.72,0.96,$3.18,13.15,$2.46,17.04,$12.64B,$3.08B,4.1,$8.68B,$2.67B,3.25,$11.31B,$2.94B,25.96%,$11.31B,$1.52B,13.42%,$11.31B,$1.52B,13.42%,$11.31B,$1.80B,15.96%,$11.31B,$1.03B,9.09%,$11.31B,$0.63B,5.56%,$0.63B,$2.68B,22.09%,$0.63B,$1.25B,40.93%,$0.63B,$17.70B,3.59%,$1.52B,$11.36B,13.48%,$2964,$2180,$784,$0,$372,$2552,$412,$-128,$284,$86,$198,$198,$196,$486,$412,$250,255,$0.78,$0.77,$585,$2342,$462,$12636,$1776,$0,$1426,$1864,$5066,$17702,$3082,$8677,$2784,$11942,$15024,$26,$6347,$-631,$2678,$17702,$196,$74,$10,$84,$-185,$-288,$81,$33,$-371,$-70,$-60,$0,$0,$0,$0,$0,$76,$16,$772,$-720,$52,$-145,$-145,$-49,$0,$-142,$-195,$8,$-49
47,2006-12-31,43.5,$10.55,4.12,$42.00,1.04,$3.73,11.65,$2.32,18.75,$12.55B,$2.99B,4.19,$8.58B,$2.64B,3.25,$10.97B,$2.83B,25.77%,$10.97B,$1.42B,12.95%,$10.97B,$1.42B,12.95%,$10.97B,$1.70B,15.49%,$10.97B,$0.96B,8.72%,$10.97B,$0.60B,5.48%,$0.60B,$2.65B,19.97%,$0.60B,$1.22B,34.14%,$0.60B,$17.55B,3.46%,$1.42B,$11.23B,12.78%,$2684,$2010,$674,$0,$301,$2311,$373,$-126,$247,$64,$183,$183,$195,$442,$373,$255,260,$0.77,$0.76,$780,$2069,$448,$12551,$1773,$0,$1426,$1800,$4999,$17550,$2994,$8582,$2828,$11907,$14901,$26,$6211,$-644,$2649,$17550,$601,$279,$182,$461,$-340,$-412,$108,$107,$-163,$969,$-412,$0,$-494,$0,$0,$0,$-503,$-1409,$863,$338,$1201,$-588,$-588,$-244,$32,$401,$-16,$30,$-244
