,Date,Stock Price,Book Value per Share,Price to Book Ratio,TTM Sales per Share,Price to Sales Ratio,TTM FCF per Share,Price to FCF Ratio,TTM Net EPS,PE Ratio,Current Assets,Current Liabilities,Current Ratio,Long Term Debt,Shareholder's Equity_x,Debt to Equity Ratio,TTM Revenue_x,TTM Gross Profit,Gross Margin,TTM Revenue_y,TTM Operating Income,Operating Margin,TTM Revenue_x,TTM EBIT,EBIT Margin,TTM Revenue_y,TTM EBITDA,EBITDA Margin,TTM Revenue_x,TTM Pre-Tax Income,Pre-Tax Margin,TTM Revenue_y,TTM Net Income_x,Net Margin,TTM Net Income_y,Shareholder's Equity_y,Return on Equity,TTM Net Income_x,Tangible Equity,Return on Tangible Equity,TTM Net Income_y,Total Assets,Return on Assets,TTM Net Income,LT Investments & Debt,Return on Investment,revenue,cost-goods-sold,gross-profit,research-development-expenses,selling-general-administrative-expenses,operating-expenses,operating-income,total-non-operating-income-expense,pre-tax-income,total-provision-income-taxes,income-after-taxes,income-from-continuous-operations,net-income,ebitda,ebit,basic-shares-outstanding,shares-outstanding,eps-basic-net-earnings-per-share,eps-earnings-per-share-diluted,cash-on-hand,inventory,other-current-assets,total-current-assets,net-property-plant-equipment,long-term-investments,goodwill-intangible-assets-total,other-long-term-assets,total-long-term-assets,total-assets,total-current-liabilities,long-term-debt,other-non-current-liabilities,total-long-term-liabilities,total-liabilities,common-stock-net,retained-earnings-accumulated-deficit,comprehensive-income,total-share-holder-equity,total-liabilities-share-holders-equity,net-income-loss,total-depreciation-amortization-cash-flow,other-non-cash-items,total-non-cash-items,change-in-accounts-receivable,change-in-inventories,change-in-accounts-payable,change-in-assets-liabilities,total-change-in-assets-liabilities,cash-flow-from-operating-activities,net-change-in-property-plant-equipment,net-change-in-intangible-assets,net-acquisitions-divestitures,net-change-in-short-term-investments,net-change-in-long-term-investments,net-change-in-investments-total,investing-activities-other,cash-flow-from-investing-activities,net-long-term-debt,net-current-debt,debt-issuance-retirement-net-total,net-common-equity-issued-repurchased,net-total-equity-issued-repurchased,total-common-preferred-stock-dividends-paid,financial-activities-other,cash-flow-from-financial-activities,net-cash-flow,stock-based-compensation,common-stock-dividends-paid
0,2018-09-30,245.06,$36.49,6.71,$22.79,10.75,$9.93,24.67,$4.44,55.19,$0.60B,$0.40B,1.52,$0.00B,$1.42B,0.0,$0.91B,$0.43B,47.14%,$0.91B,$0.16B,17.25%,$0.91B,$0.16B,17.25%,$0.91B,$0.22B,23.85%,$0.91B,$0.16B,17.47%,$0.91B,$0.18B,19.45%,$0.18B,$1.42B,13.58%,$0.18B,$0.39B,51.19%,$0.18B,$1.87B,10.32%,$0.16B,$1.42B,12.04%,$236,$124,$112,$17,$53,$198,$38,$1,$39,$-0,$39,$39,$39,$54,$38,$39,41,$1.00,$0.96,$272,$0,$2,$602,$156,$61,$1032,$0,$1263,$1865,$397,$0,$0,$45,$442,$0,$740,$-0,$1422,$1865,$116,$46,$33,$79,$-31,$0,$-5,$21,$-15,$179,$-23,$0,$-167,$60,$-93,$-32,$1,$-222,$0,$0,$0,$71,$71,$0,$6,$77,$34,$38,$0
1,2018-06-30,222.1,$34.70,6.4,$22.42,9.91,$8.75,25.39,$4.45,49.91,$0.50B,$0.37B,1.34,$0.00B,$1.34B,0.0,$0.89B,$0.42B,47.36%,$0.89B,$0.16B,18.34%,$0.89B,$0.16B,18.34%,$0.89B,$0.22B,24.86%,$0.89B,$0.16B,18.45%,$0.89B,$0.18B,19.91%,$0.18B,$1.34B,14.54%,$0.18B,$0.31B,60.51%,$0.18B,$1.76B,10.91%,$0.16B,$1.34B,13.39%,$236,$127,$109,$16,$52,$199,$37,$1,$38,$-1,$39,$39,$39,$53,$37,$38,40,$1.02,$0.97,$153,$0,$2,$502,$154,$58,$1033,$0,$1258,$1760,$374,$0,$0,$46,$419,$0,$701,$-0,$1340,$1760,$77,$30,$18,$48,$-49,$0,$-5,$10,$-58,$67,$-15,$0,$-157,$39,$-75,$-36,$-0,$-208,$0,$0,$0,$44,$44,$0,$4,$48,$-93,$23,$0
2,2018-03-31,210.96,$32.97,6.4,$21.88,9.64,$7.94,26.56,$4.29,49.17,$0.53B,$0.32B,1.67,$0.00B,$1.26B,0.0,$0.86B,$0.41B,47.33%,$0.86B,$0.16B,18.91%,$0.86B,$0.16B,18.91%,$0.86B,$0.22B,25.29%,$0.86B,$0.16B,18.91%,$0.86B,$0.17B,19.72%,$0.17B,$1.26B,14.95%,$0.17B,$0.38B,69.67%,$0.17B,$1.63B,11.02%,$0.16B,$1.26B,14.33%,$221,$118,$103,$13,$48,$182,$39,$1,$39,$2,$38,$38,$38,$53,$39,$38,40,$1.00,$0.95,$276,$0,$2,$533,$154,$48,$879,$0,$1093,$1626,$320,$0,$0,$45,$364,$0,$662,$-0,$1261,$1626,$38,$14,$8,$22,$30,$0,$-2,$-30,$-15,$45,$-9,$0,$0,$11,$-44,$-33,$1,$-41,$0,$0,$0,$19,$19,$0,$2,$21,$25,$11,$0
3,2017-12-31,177.05,$31.46,5.63,$21.45,8.25,$7.78,22.77,$4.17,42.46,$0.52B,$0.37B,1.4,$0.00B,$1.19B,0.0,$0.84B,$0.40B,47.56%,$0.84B,$0.16B,19.14%,$0.84B,$0.16B,19.14%,$0.84B,$0.22B,25.56%,$0.84B,$0.16B,19.14%,$0.84B,$0.17B,19.62%,$0.17B,$1.19B,15.51%,$0.17B,$0.30B,101.23%,$0.17B,$1.61B,11.19%,$0.16B,$1.19B,15.14%,$217,$112,$105,$12,$47,$175,$43,$1,$43,$-17,$61,$61,$61,$57,$43,$37,39,$1.61,$1.54,$229,$0,$2,$521,$152,$39,$888,$0,$1091,$1611,$371,$0,$0,$48,$420,$0,$624,$-0,$1192,$1611,$164,$54,$12,$66,$-36,$0,$1,$3,$-34,$196,$-43,$0,$-11,$29,$-60,$-31,$-0,$-85,$-10,$0,$-10,$42,$42,$0,$7,$39,$150,$37,$0
4,2017-09-30,174.32,$28.70,6.07,$20.87,8.35,$7.84,22.23,$3.41,51.12,$0.40B,$0.36B,1.11,$0.00B,$1.08B,0.0,$0.82B,$0.39B,47.49%,$0.82B,$0.15B,18.73%,$0.82B,$0.15B,18.73%,$0.82B,$0.21B,25.21%,$0.82B,$0.15B,18.73%,$0.82B,$0.14B,16.52%,$0.14B,$1.08B,13.57%,$0.14B,$0.18B,156.07%,$0.14B,$1.49B,9.56%,$0.15B,$1.08B,15.34%,$215,$111,$104,$12,$45,$170,$44,$0,$44,$6,$39,$39,$39,$58,$44,$37,39,$1.04,$0.99,$165,$0,$2,$400,$149,$40,$901,$0,$1093,$1493,$359,$0,$0,$56,$415,$0,$538,$-0,$1078,$1493,$103,$40,$14,$53,$-7,$0,$-3,$-6,$-14,$142,$-38,$0,$-10,$21,$-50,$-29,$0,$-76,$-10,$0,$-10,$27,$27,$0,$5,$22,$88,$27,$0
5,2017-06-30,175.67,$27.29,6.44,$20.40,8.61,$8.01,21.93,$3.02,58.17,$0.35B,$0.36B,0.98,$0.00B,$1.02B,0.0,$0.80B,$0.38B,47.36%,$0.80B,$0.15B,18.34%,$0.80B,$0.15B,18.34%,$0.80B,$0.20B,24.87%,$0.80B,$0.15B,18.22%,$0.80B,$0.13B,16.46%,$0.13B,$1.02B,13.85%,$0.13B,$0.11B,412.60%,$0.13B,$1.44B,9.52%,$0.15B,$1.02B,15.26%,$209,$113,$96,$12,$43,$171,$37,$-0,$37,$5,$32,$32,$32,$50,$37,$37,39,$0.86,$0.81,$80,$0,$3,$352,$148,$31,$905,$0,$1086,$1439,$360,$0,$0,$61,$421,$0,$500,$-0,$1018,$1439,$65,$26,$9,$35,$-32,$0,$2,$1,$-50,$50,$-30,$0,$-6,$17,$-21,$-4,$-0,$-40,$-10,$0,$-10,$16,$16,$0,$3,$10,$19,$18,$0
6,2017-03-31,154.56,$26.09,5.92,$19.95,7.75,$8.52,18.15,$2.70,57.24,$0.27B,$0.32B,0.84,$0.00B,$0.97B,0.0,$0.78B,$0.37B,47.42%,$0.78B,$0.14B,18.04%,$0.78B,$0.14B,18.04%,$0.78B,$0.19B,24.74%,$0.78B,$0.14B,17.78%,$0.78B,$0.12B,15.98%,$0.12B,$0.97B,13.80%,$0.12B,$0.06B,-506.12%,$0.12B,$1.36B,9.05%,$0.14B,$0.97B,14.84%,$200,$105,$95,$12,$43,$163,$37,$-0,$37,$4,$33,$33,$33,$50,$37,$37,39,$0.89,$0.84,$84,$0,$3,$272,$142,$31,$909,$0,$1084,$1356,$322,$0,$0,$67,$389,$0,$468,$-0,$967,$1356,$33,$13,$5,$18,$38,$0,$-1,$-30,$-2,$48,$-20,$0,$0,$7,$-7,$-0,$-0,$-20,$-10,$0,$-10,$8,$8,$0,$2,$-1,$28,$9,$0
7,2016-12-31,142.77,$24.90,5.73,$19.41,7.36,$8.42,16.96,$2.31,61.81,$0.28B,$0.36B,0.78,$0.01B,$0.92B,0.01,$0.76B,$0.36B,47.02%,$0.76B,$0.13B,17.35%,$0.76B,$0.13B,17.35%,$0.76B,$0.18B,24.11%,$0.76B,$0.13B,17.09%,$0.76B,$0.11B,14.44%,$0.11B,$0.92B,12.75%,$0.11B,$-0.00B,-142.48%,$0.11B,$1.36B,8.01%,$0.13B,$0.93B,14.02%,$193,$100,$93,$12,$42,$158,$35,$-0,$35,$4,$31,$31,$31,$48,$35,$36,39,$0.85,$0.79,$56,$0,$2,$283,$124,$31,$917,$0,$1075,$1358,$362,$10,$0,$81,$442,$0,$436,$-0,$916,$1358,$110,$50,$5,$56,$-30,$0,$0,$27,$26,$192,$-38,$0,$-9,$17,$-20,$-3,$-0,$-51,$-56,$0,$-56,$-88,$-88,$0,$6,$-138,$3,$30,$0
8,2016-09-30,171.23,$24.10,7.11,$18.79,9.11,$7.80,21.96,$1.74,98.41,$0.28B,$0.35B,0.8,$0.03B,$0.88B,0.04,$0.72B,$0.34B,46.46%,$0.72B,$0.12B,16.09%,$0.72B,$0.12B,16.09%,$0.72B,$0.16B,22.47%,$0.72B,$0.11B,15.81%,$0.72B,$0.09B,12.07%,$0.09B,$0.88B,10.35%,$0.09B,$-0.04B,-88.32%,$0.09B,$1.35B,6.40%,$0.12B,$0.92B,12.42%,$194,$101,$93,$11,$42,$158,$37,$-1,$36,$1,$35,$35,$35,$50,$37,$36,39,$0.97,$0.91,$47,$0,$3,$277,$121,$28,$924,$0,$1075,$1353,$348,$34,$0,$122,$471,$0,$384,$-0,$882,$1353,$79,$38,$10,$48,$-15,$0,$-1,$19,$14,$140,$-30,$0,$-9,$9,$-13,$-4,$-0,$-43,$-32,$0,$-32,$-79,$-79,$0,$4,$-107,$-10,$21,$0
9,2016-06-30,166.71,$22.86,7.29,$17.96,9.28,$6.66,25.05,$1.71,97.49,$0.32B,$0.35B,0.92,$0.14B,$0.83B,0.16,$0.68B,$0.31B,46.31%,$0.68B,$0.11B,16.22%,$0.68B,$0.11B,16.22%,$0.68B,$0.15B,21.83%,$0.68B,$0.11B,16.22%,$0.68B,$0.07B,10.62%,$0.07B,$0.83B,9.89%,$0.07B,$-0.11B,-346.99%,$0.07B,$1.41B,6.04%,$0.11B,$0.96B,13.53%,$189,$102,$87,$10,$42,$158,$31,$-1,$30,$5,$25,$25,$25,$44,$31,$36,39,$0.69,$0.65,$64,$0,$4,$324,$116,$30,$941,$0,$1089,$1413,$353,$135,$0,$231,$584,$0,$362,$-0,$829,$1413,$43,$25,$14,$39,$-36,$0,$-0,$13,$-21,$61,$-22,$0,$-9,$7,$-11,$-4,$-0,$-36,$69,$0,$69,$-89,$-89,$0,$3,$-17,$8,$14,$0
10,2016-03-31,128.61,$21.94,5.86,$17.14,7.5,$5.89,21.83,$1.74,73.91,$0.23B,$0.29B,0.78,$0.14B,$0.79B,0.18,$0.64B,$0.30B,46.46%,$0.64B,$0.11B,17.17%,$0.64B,$0.11B,17.17%,$0.64B,$0.14B,21.57%,$0.64B,$0.11B,17.32%,$0.64B,$0.07B,10.39%,$0.07B,$0.79B,10.63%,$0.07B,$-0.15B,99.25%,$0.07B,$1.32B,6.60%,$0.11B,$0.93B,16.21%,$179,$97,$82,$10,$41,$151,$28,$-0,$28,$9,$18,$18,$18,$40,$28,$37,39,$0.50,$0.47,$54,$0,$2,$226,$114,$33,$942,$0,$1092,$1318,$290,$140,$0,$236,$526,$0,$343,$-0,$792,$1318,$18,$12,$7,$19,$36,$0,$-0,$-28,$4,$41,$-17,$0,$-2,$3,$-6,$-3,$-0,$-22,$74,$0,$74,$-92,$-92,$0,$1,$-17,$2,$6,$0
11,2015-12-31,174.32,$23.36,7.46,$16.31,10.69,$5.15,33.84,$1.78,97.93,$0.27B,$0.34B,0.8,$0.07B,$0.86B,0.08,$0.59B,$0.28B,46.87%,$0.59B,$0.11B,18.27%,$0.59B,$0.11B,18.27%,$0.59B,$0.13B,21.66%,$0.59B,$0.11B,18.44%,$0.59B,$0.07B,11.00%,$0.07B,$0.86B,12.64%,$0.07B,$-0.09B,41.60%,$0.07B,$1.36B,8.00%,$0.11B,$0.93B,20.35%,$159,$86,$73,$9,$43,$139,$20,$-0,$20,$11,$9,$9,$9,$28,$20,$34,37,$0.24,$0.22,$47,$0,$2,$268,$101,$35,$949,$0,$1088,$1357,$338,$66,$0,$160,$498,$0,$326,$-0,$859,$1357,$65,$20,$14,$34,$-28,$0,$1,$39,$36,$134,$-13,$0,$-340,$1,$-47,$-46,$0,$-398,$66,$0,$66,$23,$23,$0,$3,$91,$-173,$20,$0
12,2015-09-30,149.31,$12.71,11.75,$15.56,9.59,$5.59,26.71,$1.98,75.41,$0.41B,$0.24B,1.7,$0.00B,$0.43B,0.0,$0.56B,$0.26B,47.23%,$0.56B,$0.11B,20.21%,$0.56B,$0.11B,20.21%,$0.56B,$0.13B,22.90%,$0.56B,$0.11B,20.39%,$0.56B,$0.07B,12.70%,$0.07B,$0.43B,18.50%,$0.07B,$0.27B,31.80%,$0.07B,$0.68B,11.54%,$0.11B,$0.43B,29.45%,$151,$79,$72,$7,$32,$119,$31,$0,$32,$12,$20,$20,$20,$36,$31,$34,36,$0.59,$0.55,$248,$0,$7,$412,$68,$15,$162,$21,$267,$678,$242,$0,$0,$5,$247,$0,$317,$-0,$431,$678,$56,$12,$4,$16,$-14,$0,$-0,$11,$-2,$70,$-9,$0,$-6,$0,$-44,$-44,$0,$-59,$0,$0,$0,$8,$8,$0,$14,$22,$32,$14,$0
13,2015-06-30,129.38,$11.83,10.93,$15.06,8.59,$6.37,20.32,$1.91,67.74,$0.40B,$0.24B,1.64,$0.00B,$0.40B,0.0,$0.54B,$0.25B,47.30%,$0.54B,$0.11B,20.30%,$0.54B,$0.11B,20.30%,$0.54B,$0.12B,22.72%,$0.54B,$0.11B,20.30%,$0.54B,$0.07B,12.66%,$0.07B,$0.40B,19.43%,$0.07B,$0.24B,35.79%,$0.07B,$0.65B,11.80%,$0.11B,$0.40B,31.14%,$146,$78,$68,$7,$30,$117,$30,$0,$30,$11,$19,$19,$19,$33,$30,$34,36,$0.56,$0.52,$204,$0,$11,$396,$68,$15,$163,$4,$251,$646,$241,$0,$0,$5,$245,$0,$297,$-0,$401,$646,$36,$7,$0,$8,$-37,$0,$-0,$11,$-29,$15,$-6,$0,$-6,$0,$-21,$-21,$-0,$-34,$0,$0,$0,$6,$6,$0,$11,$17,$-2,$9,$0
14,2015-03-31,120.53,$10.89,11.07,$14.54,8.29,$6.76,17.82,$1.81,66.59,$0.33B,$0.20B,1.66,$0.00B,$0.37B,0.0,$0.52B,$0.25B,47.57%,$0.52B,$0.10B,20.00%,$0.52B,$0.10B,20.00%,$0.52B,$0.12B,22.52%,$0.52B,$0.10B,19.81%,$0.52B,$0.06B,12.43%,$0.06B,$0.37B,20.24%,$0.06B,$0.21B,40.44%,$0.06B,$0.57B,11.92%,$0.10B,$0.37B,32.57%,$135,$71,$64,$7,$29,$108,$27,$0,$27,$10,$17,$17,$17,$31,$27,$34,36,$0.51,$0.48,$195,$0,$0,$328,$67,$0,$157,$16,$241,$568,$198,$0,$0,$4,$202,$0,$278,$-0,$366,$568,$17,$4,$1,$4,$8,$0,$-0,$-24,$-24,$-2,$-2,$0,$-0,$0,$-15,$-15,$0,$-17,$0,$0,$0,$3,$3,$0,$4,$8,$-11,$4,$0
15,2014-12-31,109.44,$10.07,10.87,$13.96,7.84,$7.24,15.12,$1.66,65.93,$0.34B,$0.23B,1.45,$0.00B,$0.34B,0.0,$0.49B,$0.23B,47.46%,$0.49B,$0.10B,19.47%,$0.49B,$0.10B,19.47%,$0.49B,$0.11B,22.11%,$0.49B,$0.10B,19.27%,$0.49B,$0.06B,11.97%,$0.06B,$0.34B,20.24%,$0.06B,$0.18B,44.36%,$0.06B,$0.57B,11.72%,$0.10B,$0.34B,32.93%,$127,$67,$60,$7,$28,$103,$25,$0,$25,$9,$15,$15,$15,$28,$25,$33,35,$0.46,$0.43,$206,$0,$0,$337,$66,$0,$159,$1,$233,$570,$233,$0,$0,$0,$233,$0,$261,$-0,$337,$570,$59,$15,$13,$28,$-9,$0,$2,$28,$56,$143,$-9,$0,$-3,$1,$0,$1,$0,$-12,$0,$0,$0,$-8,$-8,$0,$4,$-4,$127,$15,$0
16,2014-09-30,88.4,$8.96,9.86,$13.56,6.52,$4.60,19.21,$1.53,57.78,$0.29B,$0.22B,1.32,$0.00B,$0.30B,0.0,$0.48B,$0.23B,47.59%,$0.48B,$0.09B,18.87%,$0.48B,$0.09B,18.87%,$0.48B,$0.10B,21.80%,$0.48B,$0.09B,18.66%,$0.48B,$0.06B,11.53%,$0.06B,$0.30B,20.47%,$0.06B,$0.14B,50.00%,$0.06B,$0.52B,11.66%,$0.09B,$0.30B,33.49%,$129,$67,$62,$7,$27,$102,$27,$-0,$27,$10,$17,$17,$17,$30,$27,$33,35,$0.52,$0.48,$157,$0,$0,$293,$67,$0,$160,$1,$229,$522,$221,$0,$0,$5,$226,$0,$246,$-0,$296,$522,$44,$11,$4,$15,$-6,$0,$1,$27,$36,$95,$-8,$0,$-3,$1,$0,$1,$0,$-10,$0,$0,$0,$-16,$-16,$0,$10,$-6,$79,$11,$0
17,2014-06-30,91.21,$8.12,11.24,$12.99,7.02,$3.24,28.15,$1.37,66.58,$0.26B,$0.22B,1.21,$0.00B,$0.27B,0.0,$0.46B,$0.22B,47.25%,$0.46B,$0.08B,17.80%,$0.46B,$0.08B,17.80%,$0.46B,$0.10B,20.88%,$0.46B,$0.08B,17.58%,$0.46B,$0.05B,10.77%,$0.05B,$0.27B,19.86%,$0.05B,$0.11B,56.00%,$0.05B,$0.49B,11.15%,$0.08B,$0.27B,32.83%,$124,$66,$59,$6,$27,$101,$24,$-0,$23,$9,$15,$15,$15,$27,$24,$33,35,$0.45,$0.42,$89,$0,$1,$261,$67,$0,$157,$1,$226,$487,$216,$0,$0,$5,$220,$0,$229,$-0,$266,$487,$27,$7,$4,$11,$-38,$0,$0,$26,$-9,$29,$-6,$0,$0,$0,$0,$0,$0,$-6,$0,$0,$0,$-19,$-19,$0,$5,$-13,$9,$7,$0
18,2014-03-31,83.68,$8.08,10.36,$12.46,6.72,$2.68,31.18,$1.21,69.16,$0.21B,$0.16B,1.29,$0.00B,$0.27B,0.0,$0.43B,$0.20B,46.77%,$0.43B,$0.07B,16.59%,$0.43B,$0.07B,16.59%,$0.43B,$0.09B,20.05%,$0.43B,$0.07B,16.59%,$0.43B,$0.04B,9.91%,$0.04B,$0.27B,19.09%,$0.04B,$0.11B,66.93%,$0.04B,$0.43B,10.49%,$0.07B,$0.27B,31.96%,$113,$60,$53,$6,$25,$93,$20,$-0,$20,$8,$12,$12,$12,$24,$20,$33,36,$0.36,$0.33,$97,$0,$1,$208,$66,$1,$158,$0,$227,$434,$161,$0,$0,$6,$168,$0,$214,$-0,$267,$434,$12,$4,$1,$5,$24,$0,$0,$-19,$-0,$17,$-4,$0,$0,$0,$0,$0,$0,$-3,$0,$0,$0,$2,$2,$0,$3,$5,$18,$3,$0
19,2013-12-31,102.13,$7.50,13.62,$12.11,8.43,$2.67,38.2,$1.13,90.38,$0.22B,$0.19B,1.13,$0.00B,$0.25B,0.0,$0.42B,$0.19B,46.52%,$0.42B,$0.07B,15.83%,$0.42B,$0.07B,15.83%,$0.42B,$0.08B,19.42%,$0.42B,$0.07B,15.83%,$0.42B,$0.04B,9.35%,$0.04B,$0.25B,19.65%,$0.04B,$0.09B,108.33%,$0.04B,$0.44B,10.26%,$0.07B,$0.25B,33.25%,$111,$58,$53,$6,$26,$91,$19,$-0,$19,$9,$11,$11,$11,$23,$19,$32,35,$0.33,$0.30,$79,$0,$1,$217,$65,$0,$160,$2,$227,$444,$192,$0,$0,$6,$198,$0,$202,$-0,$246,$444,$39,$14,$-17,$-4,$-7,$0,$-1,$12,$31,$66,$-27,$0,$-0,$1,$0,$1,$0,$-26,$-18,$0,$-18,$18,$18,$0,$32,$32,$72,$12,$0
20,2013-09-30,87.47,$6.44,13.58,$11.80,7.41,$3.04,28.73,$1.11,78.8,$0.17B,$0.18B,0.91,$0.00B,$0.21B,0.0,$0.40B,$0.19B,46.38%,$0.40B,$0.06B,15.46%,$0.40B,$0.06B,15.46%,$0.40B,$0.08B,19.20%,$0.40B,$0.06B,15.46%,$0.40B,$0.04B,9.23%,$0.04B,$0.21B,21.36%,$0.04B,$0.05B,411.11%,$0.04B,$0.39B,10.45%,$0.06B,$0.21B,34.88%,$107,$57,$50,$6,$25,$89,$18,$-0,$18,$7,$11,$11,$11,$21,$18,$32,35,$0.34,$0.32,$52,$0,$5,$165,$63,$2,$162,$1,$229,$393,$182,$0,$0,$4,$186,$0,$192,$-0,$208,$393,$29,$10,$-5,$5,$9,$0,$1,$8,$25,$59,$-20,$0,$-0,$0,$0,$0,$0,$-20,$-18,$0,$-18,$9,$9,$0,$16,$7,$46,$9,$0
21,2013-06-30,68.55,$5.66,12.11,$11.57,5.92,$3.03,22.64,$1.12,61.21,$0.15B,$0.18B,0.8,$0.00B,$0.18B,0.0,$0.39B,$0.18B,46.65%,$0.39B,$0.06B,16.24%,$0.39B,$0.06B,16.24%,$0.39B,$0.08B,20.10%,$0.39B,$0.06B,15.98%,$0.39B,$0.04B,9.54%,$0.04B,$0.18B,24.54%,$0.04B,$0.02B,-314.89%,$0.04B,$0.37B,11.22%,$0.06B,$0.18B,38.83%,$103,$56,$47,$6,$25,$88,$15,$-0,$15,$6,$9,$9,$9,$19,$15,$32,34,$0.29,$0.26,$3,$0,$5,$147,$55,$2,$163,$1,$222,$369,$183,$0,$0,$6,$189,$0,$181,$-0,$180,$369,$18,$7,$-0,$6,$-22,$0,$1,$13,$-7,$17,$-14,$0,$-0,$0,$0,$0,$0,$-14,$-18,$0,$-18,$4,$4,$0,$7,$-6,$-3,$5,$0
22,2013-03-31,61.26,$5.09,12.04,$11.35,5.4,$3.07,19.94,$1.08,56.72,$0.10B,$0.15B,0.65,$0.00B,$0.16B,0.0,$0.38B,$0.18B,46.54%,$0.38B,$0.06B,15.96%,$0.38B,$0.06B,15.96%,$0.38B,$0.08B,19.95%,$0.38B,$0.06B,15.69%,$0.38B,$0.04B,9.31%,$0.04B,$0.16B,26.77%,$0.04B,$-0.01B,-115.70%,$0.04B,$0.32B,11.02%,$0.06B,$0.16B,37.85%,$96,$52,$44,$6,$23,$81,$14,$-0,$14,$6,$8,$8,$8,$18,$14,$31,34,$0.27,$0.25,$4,$0,$1,$98,$48,$2,$165,$1,$218,$315,$150,$0,$0,$5,$155,$0,$172,$-0,$160,$315,$8,$3,$1,$4,$23,$0,$-1,$-16,$4,$17,$-5,$0,$0,$0,$0,$0,$0,$-5,$-18,$0,$-18,$2,$2,$0,$2,$-14,$-2,$3,$0
23,2012-12-31,48.44,$4.64,10.45,$11.07,4.37,$3.24,14.94,$1.00,48.44,$0.12B,$0.17B,0.72,$0.02B,$0.15B,0.12,$0.36B,$0.17B,46.28%,$0.36B,$0.06B,15.43%,$0.36B,$0.06B,15.43%,$0.36B,$0.07B,19.28%,$0.36B,$0.05B,14.88%,$0.36B,$0.03B,9.09%,$0.03B,$0.15B,29.27%,$0.03B,$-0.02B,-74.58%,$0.03B,$0.34B,10.71%,$0.06B,$0.16B,36.25%,$95,$51,$45,$5,$23,$80,$15,$-0,$15,$6,$9,$9,$9,$19,$15,$30,33,$0.30,$0.28,$6,$0,$1,$122,$45,$2,$167,$1,$217,$339,$170,$18,$0,$24,$193,$0,$163,$-0,$145,$339,$33,$13,$-1,$12,$-7,$0,$-0,$14,$14,$59,$-9,$0,$-26,$0,$0,$0,$-0,$-35,$-43,$0,$-43,$12,$12,$0,$11,$-19,$5,$7,$0
24,2012-09-30,44.02,$3.86,11.39,$10.65,4.13,$3.07,14.34,$0.99,44.46,$0.09B,$0.15B,0.65,$0.03B,$0.12B,0.24,$0.35B,$0.16B,46.29%,$0.35B,$0.06B,15.71%,$0.35B,$0.06B,15.71%,$0.35B,$0.07B,19.43%,$0.35B,$0.05B,15.14%,$0.35B,$0.03B,9.43%,$0.03B,$0.12B,34.38%,$0.03B,$-0.04B,-60.27%,$0.03B,$0.30B,11.10%,$0.06B,$0.15B,37.04%,$94,$49,$45,$4,$21,$75,$19,$-1,$18,$7,$11,$11,$11,$22,$19,$30,33,$0.36,$0.33,$0,$0,$3,$94,$43,$2,$155,$1,$202,$296,$145,$28,$0,$33,$178,$0,$154,$-0,$118,$296,$24,$10,$2,$12,$14,$0,$-1,$-7,$7,$42,$-6,$0,$-15,$0,$0,$0,$0,$-21,$-33,$0,$-33,$6,$6,$0,$5,$-22,$-1,$6,$0
25,2012-06-30,40.35,$3.29,12.27,$10.15,3.98,$3.05,13.24,$0.89,45.34,$0.12B,$0.15B,0.78,$0.07B,$0.10B,0.66,$0.33B,$0.15B,45.95%,$0.33B,$0.05B,14.41%,$0.33B,$0.05B,14.41%,$0.33B,$0.06B,18.32%,$0.33B,$0.05B,14.11%,$0.33B,$0.03B,9.01%,$0.03B,$0.10B,36.25%,$0.03B,$-0.06B,-50.21%,$0.03B,$0.32B,10.39%,$0.05B,$0.17B,33.63%,$91,$51,$41,$5,$22,$79,$12,$-1,$12,$5,$7,$7,$7,$16,$12,$30,33,$0.24,$0.22,$0,$0,$3,$117,$43,$2,$157,$1,$203,$320,$150,$66,$0,$71,$221,$0,$143,$-0,$100,$320,$13,$6,$2,$8,$-8,$0,$-2,$-1,$-13,$8,$-4,$0,$-15,$0,$0,$0,$-0,$-20,$5,$0,$5,$2,$2,$0,$3,$10,$-1,$4,$0
26,2012-03-31,38.41,$2.92,13.17,$9.63,3.99,$3.25,11.84,$0.84,45.73,$0.08B,$0.13B,0.65,$0.06B,$0.09B,0.64,$0.32B,$0.15B,45.77%,$0.32B,$0.05B,14.42%,$0.32B,$0.05B,14.42%,$0.32B,$0.06B,17.87%,$0.32B,$0.04B,13.79%,$0.32B,$0.03B,9.09%,$0.03B,$0.09B,34.63%,$0.03B,$-0.06B,-58.00%,$0.03B,$0.28B,10.45%,$0.05B,$0.14B,33.95%,$83,$45,$37,$5,$21,$73,$10,$-1,$9,$4,$6,$6,$6,$13,$10,$30,33,$0.19,$0.17,$10,$0,$1,$84,$41,$2,$149,$1,$194,$278,$129,$56,$0,$61,$190,$0,$136,$-0,$88,$278,$6,$3,$1,$4,$32,$0,$-1,$-16,$8,$18,$-1,$0,$-6,$0,$0,$0,$0,$-7,$-5,$0,$-5,$1,$1,$0,$1,$-3,$9,$2,$0
27,2011-12-31,30.11,$2.61,11.55,$9.26,3.25,$3.01,10.01,$0.84,35.85,$0.11B,$0.15B,0.71,$0.06B,$0.08B,0.78,$0.31B,$0.14B,45.95%,$0.31B,$0.05B,14.89%,$0.31B,$0.05B,14.89%,$0.31B,$0.06B,18.45%,$0.31B,$0.04B,14.24%,$0.31B,$0.03B,9.39%,$0.03B,$0.08B,32.68%,$0.03B,$-0.06B,-74.84%,$0.03B,$0.30B,10.70%,$0.05B,$0.14B,34.78%,$82,$43,$39,$3,$21,$68,$14,$-1,$14,$5,$9,$9,$9,$17,$14,$31,33,$0.28,$0.26,$1,$0,$2,$107,$41,$2,$142,$2,$188,$295,$152,$61,$0,$66,$217,$0,$130,$-0,$78,$295,$28,$11,$1,$11,$-9,$0,$1,$15,$18,$56,$-12,$0,$-17,$0,$0,$0,$1,$-29,$34,$0,$34,$-68,$-68,$0,$6,$-28,$-1,$6,$0
28,2011-09-30,25.28,$2.18,11.62,$8.82,2.86,$2.53,9.98,$0.78,32.41,$0.09B,$0.13B,0.71,$0.06B,$0.07B,0.9,$0.30B,$0.14B,45.48%,$0.30B,$0.04B,14.38%,$0.30B,$0.04B,14.38%,$0.30B,$0.05B,18.06%,$0.30B,$0.04B,13.38%,$0.30B,$0.03B,9.03%,$0.03B,$0.07B,28.13%,$0.03B,$-0.06B,-99.08%,$0.03B,$0.26B,10.26%,$0.04B,$0.12B,32.89%,$77,$41,$36,$4,$19,$65,$12,$-1,$12,$4,$8,$8,$8,$15,$12,$31,33,$0.24,$0.23,$5,$0,$2,$94,$41,$2,$122,$2,$167,$262,$133,$58,$0,$64,$197,$0,$121,$-0,$65,$262,$19,$8,$3,$11,$6,$0,$1,$5,$16,$45,$-10,$0,$0,$0,$0,$0,$0,$-10,$32,$0,$32,$-67,$-67,$0,$3,$-32,$3,$5,$0
29,2011-06-30,26.78,$3.29,8.14,$8.57,3.13,$2.12,12.65,$0.74,36.19,$0.11B,$0.13B,0.81,$0.03B,$0.10B,0.3,$0.30B,$0.13B,44.93%,$0.30B,$0.04B,14.53%,$0.30B,$0.04B,14.53%,$0.30B,$0.05B,18.24%,$0.30B,$0.04B,13.18%,$0.30B,$0.03B,8.78%,$0.03B,$0.10B,24.82%,$0.03B,$-0.02B,-131.65%,$0.03B,$0.28B,9.85%,$0.04B,$0.14B,33.33%,$77,$43,$34,$5,$18,$67,$10,$-1,$9,$4,$6,$6,$6,$12,$10,$32,34,$0.18,$0.17,$1,$0,$4,$107,$41,$2,$123,$2,$168,$275,$133,$32,$0,$37,$171,$0,$114,$-0,$104,$275,$11,$5,$1,$6,$-8,$0,$-0,$7,$1,$19,$-8,$0,$0,$0,$0,$0,$0,$-8,$5,$0,$5,$-19,$-19,$0,$3,$-12,$-1,$3,$0
30,2011-03-31,23.71,$3.38,7.01,$8.30,2.86,$1.69,14.05,$0.74,32.04,$0.08B,$0.12B,0.71,$0.02B,$0.11B,0.21,$0.29B,$0.13B,44.86%,$0.29B,$0.04B,14.73%,$0.29B,$0.04B,14.73%,$0.29B,$0.06B,18.84%,$0.29B,$0.04B,13.70%,$0.29B,$0.03B,8.90%,$0.03B,$0.11B,23.01%,$0.03B,$-0.02B,-203.92%,$0.03B,$0.25B,9.83%,$0.04B,$0.13B,33.27%,$73,$41,$33,$5,$17,$63,$10,$-1,$9,$4,$6,$6,$6,$13,$10,$32,34,$0.18,$0.17,$2,$0,$2,$82,$41,$2,$124,$2,$171,$252,$116,$23,$0,$28,$144,$0,$108,$-0,$108,$252,$6,$3,$1,$4,$15,$0,$-0,$-11,$8,$17,$-8,$0,$0,$0,$0,$0,$0,$-8,$-4,$0,$-4,$-6,$-6,$0,$1,$-10,$0,$1,$0
31,2010-12-31,20.76,$3.31,6.27,$8.03,2.58,$1.53,13.58,$0.70,29.66,$0.10B,$0.13B,0.79,$0.03B,$0.11B,0.25,$0.29B,$0.13B,44.29%,$0.29B,$0.04B,14.19%,$0.29B,$0.04B,14.19%,$0.29B,$0.05B,18.34%,$0.29B,$0.04B,13.49%,$0.29B,$0.03B,8.65%,$0.03B,$0.11B,20.70%,$0.03B,$-0.02B,-400.00%,$0.03B,$0.26B,9.43%,$0.04B,$0.13B,31.24%,$72,$40,$33,$3,$17,$61,$11,$-1,$10,$3,$7,$7,$7,$14,$11,$34,36,$0.22,$0.22,$2,$0,$4,$98,$35,$2,$125,$2,$166,$264,$125,$27,$0,$32,$157,$0,$103,$-0,$107,$264,$25,$11,$4,$15,$-2,$0,$-1,$4,$-5,$35,$-5,$0,$-10,$0,$0,$0,$6,$-9,$27,$0,$27,$-63,$-63,$0,$2,$-34,$-8,$6,$0
32,2010-09-30,20.16,$3.10,6.5,$8.02,2.51,$1.51,13.37,$0.67,30.09,$0.10B,$0.14B,0.69,$0.02B,$0.10B,0.17,$0.29B,$0.13B,43.99%,$0.29B,$0.04B,14.09%,$0.29B,$0.04B,14.09%,$0.29B,$0.05B,17.87%,$0.29B,$0.04B,13.75%,$0.29B,$0.03B,8.59%,$0.03B,$0.10B,19.61%,$0.03B,$-0.03B,2000.00%,$0.03B,$0.27B,9.37%,$0.04B,$0.12B,31.18%,$74,$41,$33,$3,$17,$62,$12,$-1,$11,$5,$7,$7,$7,$15,$12,$34,35,$0.20,$0.19,$6,$0,$2,$97,$35,$2,$126,$2,$167,$265,$141,$17,$0,$24,$165,$0,$95,$-0,$100,$265,$18,$8,$3,$11,$4,$0,$-2,$-0,$-2,$27,$-4,$0,$-10,$0,$0,$0,$6,$-8,$17,$0,$17,$-40,$-40,$0,$1,$-23,$-3,$5,$0
33,2010-06-30,15.52,$3.97,3.91,$7.97,1.95,$1.48,10.51,$0.68,22.82,$0.11B,$0.13B,0.83,$0.00B,$0.14B,0.0,$0.29B,$0.13B,43.99%,$0.29B,$0.04B,14.09%,$0.29B,$0.04B,14.09%,$0.29B,$0.05B,17.87%,$0.29B,$0.04B,14.09%,$0.29B,$0.03B,8.59%,$0.03B,$0.14B,18.73%,$0.03B,$0.01B,303.03%,$0.03B,$0.28B,9.38%,$0.04B,$0.14B,30.71%,$73,$40,$32,$4,$17,$62,$10,$-0,$10,$4,$6,$6,$6,$13,$10,$35,36,$0.18,$0.17,$6,$0,$4,$110,$36,$2,$128,$0,$167,$277,$132,$0,$0,$7,$140,$0,$89,$-0,$137,$277,$11,$5,$2,$7,$-8,$0,$-1,$-0,$-19,$-0,$-3,$0,$-10,$0,$0,$0,$1,$-12,$15,$0,$15,$-13,$-13,$0,$2,$4,$-9,$3,$0
34,2010-03-31,18.74,$3.97,4.73,$7.93,2.36,$1.69,11.11,$0.70,26.77,$0.09B,$0.11B,0.79,$0.00B,$0.14B,0.0,$0.29B,$0.13B,44.14%,$0.29B,$0.04B,14.48%,$0.29B,$0.04B,14.48%,$0.29B,$0.05B,18.28%,$0.29B,$0.04B,14.48%,$0.29B,$0.03B,8.97%,$0.03B,$0.14B,20.00%,$0.03B,$0.01B,472.73%,$0.03B,$0.25B,9.90%,$0.04B,$0.14B,32.31%,$70,$40,$30,$4,$18,$62,$8,$-0,$8,$3,$5,$5,$5,$11,$8,$35,37,$0.14,$0.13,$9,$0,$1,$85,$36,$2,$129,$0,$169,$254,$108,$0,$0,$7,$115,$0,$82,$-0,$139,$254,$5,$3,$1,$4,$18,$0,$-1,$-13,$-2,$7,$-2,$0,$-10,$0,$0,$0,$1,$-11,$0,$0,$0,$-2,$-2,$0,$0,$-2,$-6,$1,$0
35,2009-12-31,19.91,$3.83,5.2,$7.92,2.51,$1.83,10.9,$0.73,27.27,$0.11B,$0.13B,0.85,$0.00B,$0.13B,0.0,$0.29B,$0.13B,44.14%,$0.29B,$0.04B,15.17%,$0.29B,$0.04B,15.17%,$0.29B,$0.05B,18.62%,$0.29B,$0.04B,15.17%,$0.29B,$0.03B,9.31%,$0.03B,$0.13B,21.82%,$0.03B,$0.01B,3600.00%,$0.03B,$0.27B,10.40%,$0.04B,$0.13B,35.56%,$74,$41,$33,$3,$19,$63,$11,$-0,$11,$4,$7,$7,$7,$13,$11,$35,37,$0.20,$0.19,$16,$0,$1,$110,$36,$2,$122,$0,$161,$271,$129,$0,$0,$7,$136,$0,$78,$-0,$134,$271,$27,$9,$4,$13,$-6,$0,$1,$4,$3,$43,$-12,$0,$-3,$3,$0,$3,$-1,$-14,$-8,$0,$-8,$-16,$-16,$0,$3,$-21,$8,$5,$0
36,2009-09-30,17.09,$3.56,4.8,$7.67,2.23,$1.70,10.07,$0.69,24.77,$0.11B,$0.13B,0.81,$0.00B,$0.12B,0.0,$0.29B,$0.12B,43.36%,$0.29B,$0.04B,15.03%,$0.29B,$0.04B,15.03%,$0.29B,$0.05B,18.88%,$0.29B,$0.04B,15.03%,$0.29B,$0.03B,8.74%,$0.03B,$0.12B,21.05%,$0.03B,$0.00B,-526.32%,$0.03B,$0.26B,9.81%,$0.04B,$0.12B,36.21%,$74,$41,$33,$3,$17,$62,$12,$-0,$12,$5,$7,$7,$7,$15,$12,$35,36,$0.21,$0.20,$8,$0,$2,$106,$32,$2,$123,$0,$158,$264,$131,$0,$0,$8,$139,$0,$71,$-0,$124,$264,$20,$7,$3,$10,$-9,$0,$2,$5,$1,$31,$-9,$0,$-3,$3,$0,$3,$-1,$-10,$-6,$0,$-6,$-17,$-17,$0,$2,$-21,$0,$4,$0
37,2009-06-30,15.62,$3.47,4.5,$7.35,2.13,$1.78,8.78,$0.65,24.03,$0.11B,$0.13B,0.81,$0.00B,$0.12B,0.0,$0.28B,$0.12B,43.06%,$0.28B,$0.04B,15.30%,$0.28B,$0.04B,15.30%,$0.28B,$0.05B,19.22%,$0.28B,$0.04B,15.30%,$0.28B,$0.02B,8.54%,$0.02B,$0.12B,19.75%,$0.02B,$-0.00B,-872.73%,$0.02B,$0.26B,9.42%,$0.04B,$0.12B,35.39%,$72,$40,$32,$3,$17,$61,$11,$-0,$11,$4,$7,$7,$7,$14,$11,$35,37,$0.19,$0.19,$9,$0,$2,$106,$28,$3,$124,$0,$156,$262,$131,$0,$0,$8,$139,$0,$63,$-0,$123,$262,$13,$5,$2,$7,$-6,$0,$0,$-3,$-11,$8,$-5,$0,$-2,$2,$0,$2,$-1,$-6,$7,$0,$7,$-9,$-9,$0,$1,$-1,$2,$2,$0
38,2009-03-31,14.63,$3.22,4.54,$7.09,2.06,$2.00,7.3,$0.47,31.13,$0.09B,$0.12B,0.72,$0.00B,$0.11B,0.0,$0.28B,$0.12B,42.60%,$0.28B,$0.03B,12.27%,$0.28B,$0.03B,12.27%,$0.28B,$0.05B,16.25%,$0.28B,$0.03B,12.27%,$0.28B,$0.02B,6.14%,$0.02B,$0.11B,13.47%,$0.02B,$-0.01B,425.00%,$0.02B,$0.24B,6.63%,$0.03B,$0.11B,26.93%,$70,$39,$30,$2,$17,$60,$10,$-0,$10,$4,$6,$6,$6,$12,$10,$35,37,$0.17,$0.16,$7,$0,$2,$86,$28,$4,$123,$0,$155,$241,$119,$0,$0,$8,$127,$0,$57,$-0,$114,$241,$6,$2,$1,$3,$11,$0,$1,$-9,$3,$12,$-2,$0,$-1,$1,$0,$1,$-0,$-2,$-1,$0,$-1,$-10,$-10,$0,$0,$-10,$1,$1,$0
39,2008-12-31,11.98,$3.19,3.76,$6.70,1.79,$2.16,5.54,$0.39,30.72,$0.10B,$0.13B,0.75,$0.00B,$0.11B,0.0,$0.27B,$0.11B,41.35%,$0.27B,$0.03B,10.90%,$0.27B,$0.03B,10.90%,$0.27B,$0.04B,15.41%,$0.27B,$0.03B,10.90%,$0.27B,$0.01B,5.26%,$0.01B,$0.11B,10.69%,$0.01B,$-0.01B,143.59%,$0.01B,$0.25B,5.43%,$0.03B,$0.11B,22.14%,$70,$41,$29,$2,$17,$60,$10,$0,$10,$5,$5,$5,$5,$13,$10,$38,39,$0.13,$0.13,$8,$0,$1,$97,$27,$4,$124,$0,$155,$252,$129,$0,$0,$8,$137,$0,$50,$-0,$114,$252,$15,$13,$12,$24,$-12,$0,$-1,$17,$9,$48,$-20,$-1,$-24,$36,$0,$36,$-1,$-10,$8,$0,$8,$-56,$-56,$0,$2,$-46,$-8,$4,$0
40,2008-09-30,15.17,$3.58,4.24,$6.38,2.38,$2.19,6.93,$0.40,37.93,$0.11B,$0.12B,0.89,$0.00B,$0.14B,0.0,$0.26B,$0.11B,41.02%,$0.26B,$0.03B,11.33%,$0.26B,$0.03B,11.33%,$0.26B,$0.04B,16.02%,$0.26B,$0.03B,11.33%,$0.26B,$0.02B,5.86%,$0.02B,$0.14B,10.97%,$0.02B,$0.01B,69.77%,$0.02B,$0.26B,5.88%,$0.03B,$0.14B,21.21%,$69,$39,$30,$1,$16,$57,$12,$0,$12,$6,$6,$6,$6,$15,$12,$38,40,$0.17,$0.16,$29,$0,$2,$107,$25,$5,$126,$0,$157,$264,$120,$0,$0,$9,$129,$0,$45,$-0,$135,$264,$10,$9,$11,$20,$0,$0,$-1,$13,$15,$45,$-17,$-1,$-24,$36,$0,$36,$-1,$-7,$0,$0,$0,$-25,$-25,$0,$1,$-24,$14,$3,$0
41,2008-06-30,13.57,$3.76,3.61,$5.99,2.26,$2.01,6.74,$0.36,37.69,$0.13B,$0.12B,1.13,$0.00B,$0.14B,0.0,$0.24B,$0.10B,40.08%,$0.24B,$0.03B,10.33%,$0.24B,$0.03B,10.33%,$0.24B,$0.04B,15.29%,$0.24B,$0.03B,10.33%,$0.24B,$0.01B,5.79%,$0.01B,$0.14B,10.26%,$0.01B,$0.03B,51.85%,$0.01B,$0.27B,5.68%,$0.03B,$0.14B,18.32%,$68,$38,$29,$2,$15,$66,$2,$0,$2,$2,$0,$0,$0,$5,$2,$38,40,$0.01,$0.01,$38,$0,$4,$132,$13,$6,$117,$0,$136,$268,$117,$0,$0,$9,$126,$0,$39,$0,$142,$268,$3,$6,$10,$16,$-13,$0,$-1,$15,$-2,$18,$-5,$0,$-14,$36,$0,$36,$-1,$16,$0,$0,$0,$-12,$-12,$0,$1,$-11,$23,$2,$0
42,2008-03-31,13.98,$3.50,4.0,$5.60,2.5,$1.86,7.53,$0.44,31.77,$0.11B,$0.11B,1.06,$0.00B,$0.13B,0.0,$0.23B,$0.09B,38.60%,$0.23B,$0.03B,12.72%,$0.23B,$0.03B,12.72%,$0.23B,$0.04B,17.54%,$0.23B,$0.03B,12.72%,$0.23B,$0.02B,7.89%,$0.02B,$0.13B,13.64%,$0.02B,$0.01B,67.92%,$0.02B,$0.25B,7.69%,$0.03B,$0.13B,21.97%,$59,$38,$22,$2,$15,$55,$5,$0,$5,$2,$3,$3,$3,$8,$5,$38,40,$0.08,$0.08,$40,$0,$2,$112,$10,$6,$119,$1,$136,$247,$105,$0,$0,$9,$115,$0,$39,$0,$133,$247,$3,$3,$1,$4,$6,$0,$1,$6,$11,$18,$-1,$0,$-14,$34,$0,$34,$-1,$18,$0,$0,$0,$-12,$-12,$0,$0,$-12,$23,$1,$0
43,2007-12-31,12.89,$3.55,3.63,$5.29,2.44,$1.57,8.19,$0.42,30.69,$0.13B,$0.10B,1.36,$0.00B,$0.14B,0.0,$0.22B,$0.08B,38.36%,$0.22B,$0.03B,12.33%,$0.22B,$0.03B,12.33%,$0.22B,$0.04B,17.35%,$0.22B,$0.03B,12.79%,$0.22B,$0.02B,7.76%,$0.02B,$0.14B,13.05%,$0.02B,$0.04B,58.62%,$0.02B,$0.24B,7.56%,$0.03B,$0.14B,20.73%,$60,$36,$24,$1,$13,$51,$10,$1,$10,$4,$6,$6,$6,$13,$10,$39,41,$0.16,$0.15,$56,$0,$1,$131,$10,$0,$100,$0,$110,$242,$97,$0,$0,$8,$104,$0,$36,$0,$137,$242,$18,$11,$-0,$11,$-2,$0,$-2,$7,$6,$34,$-4,$0,$-9,$-22,$0,$-22,$1,$-34,$0,$0,$0,$-10,$-10,$0,$3,$-7,$-8,$2,$0
44,2007-09-30,13.35,$3.44,3.88,$5.05,2.64,$1.38,9.68,$0.37,36.08,$0.12B,$0.09B,1.34,$0.00B,$0.13B,0.0,$0.21B,$0.08B,38.10%,$0.21B,$0.02B,10.95%,$0.21B,$0.02B,10.95%,$0.21B,$0.03B,16.19%,$0.21B,$0.03B,11.90%,$0.21B,$0.02B,7.14%,$0.02B,$0.13B,11.76%,$0.02B,$0.03B,56.60%,$0.02B,$0.23B,6.83%,$0.02B,$0.13B,18.04%,$55,$33,$22,$1,$13,$47,$8,$0,$8,$3,$5,$5,$5,$11,$8,$39,41,$0.13,$0.12,$49,$0,$2,$117,$10,$0,$102,$0,$112,$229,$88,$0,$0,$8,$96,$0,$29,$-0,$134,$229,$11,$8,$2,$10,$7,$0,$-1,$1,$4,$25,$-3,$0,$-9,$-9,$0,$-9,$1,$-20,$0,$0,$0,$-8,$-8,$0,$2,$-6,$-1,$2,$0
45,2007-06-30,12.41,$3.23,3.84,$4.92,2.52,$1.31,9.47,$0.36,34.47,$0.11B,$0.09B,1.26,$0.00B,$0.12B,0.0,$0.21B,$0.08B,38.05%,$0.21B,$0.02B,10.73%,$0.21B,$0.02B,10.73%,$0.21B,$0.03B,15.61%,$0.21B,$0.02B,11.71%,$0.21B,$0.01B,6.83%,$0.01B,$0.12B,11.27%,$0.01B,$0.02B,58.95%,$0.01B,$0.22B,6.57%,$0.02B,$0.12B,17.71%,$54,$34,$20,$1,$13,$48,$6,$0,$6,$2,$4,$4,$4,$8,$6,$39,41,$0.10,$0.09,$35,$0,$2,$107,$9,$0,$100,$0,$110,$218,$85,$0,$0,$8,$94,$0,$24,$-0,$124,$218,$6,$5,$1,$6,$-3,$0,$-2,$2,$-4,$9,$-2,$0,$-5,$-2,$0,$-2,$1,$-8,$0,$0,$0,$-10,$-10,$0,$1,$-9,$-8,$1,$0
46,2007-03-31,12.7,$3.25,3.91,$4.79,2.65,$1.34,9.51,$0.36,35.28,$0.10B,$0.08B,1.31,$0.00B,$0.13B,0.0,$0.20B,$0.08B,38.50%,$0.20B,$0.02B,11.00%,$0.20B,$0.02B,11.00%,$0.20B,$0.03B,16.00%,$0.20B,$0.02B,12.00%,$0.20B,$0.01B,7.00%,$0.01B,$0.13B,11.48%,$0.01B,$0.02B,66.67%,$0.01B,$0.21B,6.72%,$0.02B,$0.13B,18.03%,$50,$32,$18,$1,$13,$47,$3,$0,$4,$2,$2,$2,$2,$6,$3,$39,42,$0.06,$0.06,$40,$0,$2,$100,$9,$0,$102,$0,$112,$211,$76,$0,$0,$9,$85,$0,$21,$-0,$126,$211,$2,$3,$0,$3,$12,$0,$-2,$-6,$1,$7,$-1,$0,$-5,$-1,$0,$-1,$1,$-6,$0,$0,$0,$-3,$-3,$0,$0,$-3,$-2,$0,$0
47,2006-12-31,14.06,$3.24,4.34,$4.66,3.02,$1.40,10.01,$0.35,40.17,$0.11B,$0.09B,1.31,$0.00B,$0.13B,0.0,$0.20B,$0.07B,37.95%,$0.20B,$0.02B,11.28%,$0.20B,$0.02B,11.28%,$0.20B,$0.03B,16.41%,$0.20B,$0.02B,11.79%,$0.20B,$0.01B,7.18%,$0.01B,$0.13B,11.69%,$0.01B,$0.03B,76.71%,$0.01B,$0.22B,6.87%,$0.02B,$0.13B,18.37%,$51,$31,$20,$1,$13,$45,$6,$0,$7,$3,$4,$4,$4,$9,$6,$39,42,$0.11,$0.09,$42,$0,$2,$112,$7,$0,$99,$0,$109,$220,$85,$0,$0,$9,$94,$0,$18,$-0,$126,$220,$14,$10,$1,$11,$-10,$0,$2,$8,$1,$27,$-4,$0,$-12,$-8,$0,$-8,$0,$-24,$0,$0,$0,$-8,$-8,$0,$2,$-6,$-4,$2,$0
