,Date,Stock Price,Book Value per Share,Price to Book Ratio,TTM Sales per Share,Price to Sales Ratio,TTM FCF per Share,Price to FCF Ratio,TTM Net EPS,PE Ratio,Current Assets,Current Liabilities,Current Ratio,Long Term Debt,Shareholder's Equity_x,Debt to Equity Ratio,TTM Revenue_x,TTM Gross Profit,Gross Margin,TTM Revenue_y,TTM Operating Income,Operating Margin,TTM Revenue_x,TTM EBIT,EBIT Margin,TTM Revenue_y,TTM EBITDA,EBITDA Margin,TTM Revenue_x,TTM Pre-Tax Income,Pre-Tax Margin,TTM Revenue_y,TTM Net Income_x,Net Margin,TTM Net Income_y,Shareholder's Equity_y,Return on Equity,TTM Net Income_x,Tangible Equity,Return on Tangible Equity,TTM Net Income_y,Total Assets,Return on Assets,TTM Net Income,LT Investments & Debt,Return on Investment,revenue,cost-goods-sold,gross-profit,research-development-expenses,selling-general-administrative-expenses,operating-expenses,operating-income,total-non-operating-income-expense,pre-tax-income,total-provision-income-taxes,income-after-taxes,income-from-continuous-operations,net-income,ebitda,ebit,basic-shares-outstanding,shares-outstanding,eps-basic-net-earnings-per-share,eps-earnings-per-share-diluted,cash-on-hand,inventory,other-current-assets,total-current-assets,net-property-plant-equipment,long-term-investments,goodwill-intangible-assets-total,other-long-term-assets,total-long-term-assets,total-assets,total-current-liabilities,long-term-debt,other-non-current-liabilities,total-long-term-liabilities,total-liabilities,common-stock-net,retained-earnings-accumulated-deficit,comprehensive-income,total-share-holder-equity,total-liabilities-share-holders-equity,net-income-loss,total-depreciation-amortization-cash-flow,other-non-cash-items,total-non-cash-items,change-in-accounts-receivable,change-in-inventories,change-in-accounts-payable,change-in-assets-liabilities,total-change-in-assets-liabilities,cash-flow-from-operating-activities,net-change-in-property-plant-equipment,net-change-in-intangible-assets,net-acquisitions-divestitures,net-change-in-short-term-investments,net-change-in-long-term-investments,net-change-in-investments-total,investing-activities-other,cash-flow-from-investing-activities,net-long-term-debt,net-current-debt,debt-issuance-retirement-net-total,net-common-equity-issued-repurchased,net-total-equity-issued-repurchased,total-common-preferred-stock-dividends-paid,financial-activities-other,cash-flow-from-financial-activities,net-cash-flow,stock-based-compensation,common-stock-dividends-paid
0,2018-09-30,20.2,$7.90,2.56,$5.97,3.38,$1.05,19.33,$0.35,57.71,$0.12B,$0.05B,2.62,$0.08B,$0.33B,0.24,$0.24B,$0.20B,80.91%,$0.24B,$0.01B,5.81%,$0.24B,$0.01B,5.81%,$0.24B,$0.03B,11.20%,$0.24B,$0.01B,4.98%,$0.24B,$0.01B,5.81%,$0.01B,$0.33B,4.20%,$0.01B,$-0.02B,-53.85%,$0.01B,$0.50B,2.72%,$0.01B,$0.41B,3.33%,$58,$10,$48,$8,$29,$48,$10,$-1,$9,$5,$3,$3,$3,$13,$10,$41,41,$0.08,$0.08,$76,$0,$0,$124,$15,$0,$353,$7,$376,$499,$47,$80,$5,$122,$169,$0,$95,$-5,$331,$499,$3,$10,$15,$25,$2,$0,$1,$-6,$-16,$11,$-3,$-0,$0,$0,$0,$0,$0,$-3,$0,$-13,$-13,$-3,$-3,$-14,$-2,$-33,$-25,$12,$-14
1,2018-06-30,20.3,$7.93,2.56,$6.07,3.35,$1.24,16.4,$0.30,67.67,$0.13B,$0.05B,2.69,$0.09B,$0.33B,0.25,$0.24B,$0.20B,80.74%,$0.24B,$0.01B,4.10%,$0.24B,$0.01B,4.10%,$0.24B,$0.02B,9.43%,$0.24B,$0.01B,2.87%,$0.24B,$0.01B,4.92%,$0.01B,$0.33B,3.64%,$0.01B,$-0.02B,-36.92%,$0.01B,$0.51B,2.30%,$0.01B,$0.42B,2.38%,$61,$11,$50,$8,$32,$59,$2,$-0,$2,$1,$1,$1,$1,$5,$2,$40,41,$0.02,$0.02,$79,$0,$0,$125,$16,$0,$355,$12,$383,$508,$46,$85,$10,$127,$174,$0,$96,$-5,$334,$508,$-1,$7,$7,$13,$4,$0,$-0,$-3,$-9,$3,$-2,$-0,$0,$0,$0,$0,$0,$-2,$0,$-8,$-8,$2,$2,$-10,$-2,$-17,$-16,$7,$-10
2,2018-03-31,22.32,$8.05,2.77,$6.03,3.7,$1.43,15.59,$0.27,82.68,$0.14B,$0.06B,2.4,$0.09B,$0.34B,0.27,$0.24B,$0.19B,80.50%,$0.24B,$0.01B,4.15%,$0.24B,$0.01B,4.15%,$0.24B,$0.02B,9.54%,$0.24B,$0.00B,1.24%,$0.24B,$0.01B,4.56%,$0.01B,$0.34B,3.38%,$0.01B,$-0.03B,-27.85%,$0.01B,$0.53B,2.10%,$0.01B,$0.43B,2.38%,$57,$13,$43,$9,$36,$60,$-3,$-1,$-4,$-2,$-1,$-1,$-1,$0,$-3,$40,40,$-0.03,$-0.03,$95,$0,$0,$138,$16,$0,$364,$11,$391,$529,$57,$90,$9,$132,$190,$0,$101,$-1,$339,$529,$-1,$3,$-1,$3,$8,$0,$1,$2,$6,$7,$-1,$-0,$0,$0,$0,$0,$0,$-2,$0,$-3,$-3,$3,$3,$-5,$-1,$-6,$1,$4,$-5
3,2017-12-31,23.84,$7.89,3.02,$5.94,4.01,$1.37,17.37,$0.27,88.3,$0.14B,$0.06B,2.26,$0.09B,$0.33B,0.28,$0.24B,$0.19B,82.20%,$0.24B,$0.01B,5.51%,$0.24B,$0.01B,5.51%,$0.24B,$0.03B,11.02%,$0.24B,$0.01B,2.54%,$0.24B,$0.01B,4.66%,$0.01B,$0.33B,3.45%,$0.01B,$-0.04B,-24.04%,$0.01B,$0.53B,2.11%,$0.01B,$0.42B,3.13%,$65,$11,$54,$10,$38,$60,$5,$-1,$5,$-7,$12,$12,$11,$9,$5,$40,40,$0.28,$0.28,$95,$0,$0,$136,$17,$0,$364,$9,$390,$526,$60,$93,$9,$136,$197,$0,$98,$-3,$329,$526,$12,$13,$12,$24,$-8,$0,$-1,$-3,$-3,$33,$-7,$-0,$0,$0,$0,$0,$0,$-7,$0,$-12,$-12,$-5,$-5,$-19,$0,$-36,$-9,$20,$-19
4,2017-09-30,18.95,$7.56,2.51,$5.63,3.37,$1.69,11.25,0,0.0,$0.12B,$0.05B,2.43,$0.10B,$0.32B,0.3,$0.22B,$0.18B,81.70%,$0.22B,$0.01B,4.02%,$0.22B,$0.01B,4.02%,$0.22B,$0.02B,9.38%,$0.22B,$0.00B,0.89%,$0.22B,0,0.00%,$0.00B,$0.32B,0.00%,$0.00B,$-0.05B,0.00%,$0.00B,$0.52B,0.00%,$0.01B,$0.41B,2.17%,$61,$11,$50,$9,$34,$54,$6,$-2,$4,$3,$1,$1,$1,$9,$6,$40,40,$0.03,$0.03,$85,$0,$0,$124,$17,$0,$365,$16,$398,$521,$51,$96,$14,$154,$205,$0,$91,$-4,$316,$521,$-0,$9,$17,$26,$-4,$0,$-0,$-0,$-5,$22,$-5,$-0,$0,$0,$0,$0,$0,$-5,$0,$-9,$-9,$-5,$-5,$-14,$-1,$-29,$-12,$15,$-14
5,2017-06-30,17.91,$7.54,2.38,$5.41,3.31,$2.03,8.82,$0.03,597.1,$0.12B,$0.05B,2.63,$0.10B,$0.32B,0.31,$0.22B,$0.18B,81.40%,$0.22B,$0.01B,4.19%,$0.22B,$0.01B,4.19%,$0.22B,$0.02B,9.77%,$0.22B,$0.00B,1.40%,$0.22B,$0.00B,0.47%,$0.00B,$0.32B,0.32%,$0.00B,$-0.05B,-2.03%,$0.00B,$0.52B,0.19%,$0.01B,$0.42B,2.14%,$58,$11,$47,$9,$35,$56,$2,$-4,$-2,$-1,$-0,$-0,$-0,$5,$2,$40,40,$-0.01,$-0.01,$84,$0,$0,$117,$16,$0,$365,$21,$401,$519,$45,$99,$18,$158,$203,$0,$94,$-6,$316,$519,$-2,$6,$9,$15,$0,$0,$-0,$0,$-1,$12,$-4,$0,$0,$0,$0,$0,$0,$-4,$0,$-6,$-6,$-2,$-2,$-9,$-1,$-17,$-8,$10,$-9
6,2017-03-31,19.55,$7.49,2.61,$5.18,3.78,$2.51,7.79,$0.20,97.77,$0.12B,$0.04B,2.71,$0.10B,$0.31B,0.33,$0.21B,$0.17B,81.55%,$0.21B,$0.02B,8.25%,$0.21B,$0.02B,8.25%,$0.21B,$0.03B,14.08%,$0.21B,$0.02B,7.77%,$0.21B,$0.01B,3.40%,$0.01B,$0.31B,2.21%,$0.01B,$-0.05B,-35.00%,$0.01B,$0.52B,1.41%,$0.02B,$0.42B,4.29%,$52,$10,$43,$10,$32,$52,$0,$-1,$-1,$-0,$-1,$-1,$-1,$3,$0,$39,39,$-0.03,$-0.03,$87,$0,$0,$117,$15,$0,$363,$21,$399,$516,$43,$102,$16,$160,$203,$0,$99,$-10,$313,$516,$-1,$3,$3,$6,$4,$0,$-0,$1,$0,$6,$-2,$0,$0,$0,$0,$0,$0,$-2,$0,$-3,$-3,$-0,$-0,$-5,$-1,$-8,$-5,$5,$-5
7,2016-12-31,19.2,$7.61,2.52,$5.11,3.76,$2.69,7.15,$0.36,53.33,$0.13B,$0.05B,2.59,$0.11B,$0.31B,0.33,$0.20B,$0.17B,80.88%,$0.20B,$0.03B,12.75%,$0.20B,$0.03B,12.75%,$0.20B,$0.04B,18.63%,$0.20B,$0.03B,12.25%,$0.20B,$0.01B,6.37%,$0.01B,$0.31B,4.09%,$0.01B,$-0.05B,185.71%,$0.01B,$0.53B,2.79%,$0.03B,$0.42B,7.00%,$53,$10,$43,$8,$33,$51,$1,$-0,$1,$1,$0,$0,$0,$4,$1,$39,40,$0.02,$0.01,$91,$0,$0,$126,$14,$0,$364,$21,$399,$525,$48,$105,$14,$163,$211,$0,$106,$-10,$314,$525,$15,$12,$19,$31,$-4,$0,$1,$-11,$-5,$41,$-3,$0,$-118,$0,$0,$0,$0,$-121,$110,$-5,$105,$-3,$-3,$-18,$1,$85,$4,$17,$-18
8,2016-09-30,21.27,$7.77,2.74,$5.07,4.19,$2.86,7.43,$0.47,45.25,$0.13B,$0.04B,3.08,$0.11B,$0.32B,0.34,$0.20B,$0.16B,81.19%,$0.20B,$0.04B,17.33%,$0.20B,$0.04B,17.33%,$0.20B,$0.05B,23.27%,$0.20B,$0.03B,16.34%,$0.20B,$0.02B,8.91%,$0.02B,$0.32B,5.70%,$0.02B,$-0.05B,55.38%,$0.02B,$0.53B,4.16%,$0.04B,$0.43B,10.20%,$52,$10,$42,$8,$28,$46,$6,$-1,$5,$3,$2,$2,$2,$9,$6,$40,40,$0.06,$0.06,$98,$0,$0,$126,$15,$0,$372,$21,$407,$533,$41,$110,$12,$169,$210,$0,$110,$-7,$323,$533,$14,$9,$15,$25,$-0,$0,$-0,$-10,$-7,$32,$-2,$0,$-120,$0,$0,$0,$0,$-122,$110,$0,$110,$2,$2,$-13,$0,$100,$10,$13,$-13
9,2016-06-30,23.57,$7.83,3.01,$5.03,4.69,$2.93,8.03,$0.61,38.64,$0.13B,$0.03B,3.82,$0.00B,$0.32B,0.0,$0.20B,$0.16B,81.91%,$0.20B,$0.04B,20.10%,$0.20B,$0.04B,20.10%,$0.20B,$0.05B,26.13%,$0.20B,$0.04B,19.60%,$0.20B,$0.02B,12.06%,$0.02B,$0.32B,7.73%,$0.02B,$0.07B,43.44%,$0.02B,$0.41B,6.04%,$0.04B,$0.32B,12.88%,$49,$9,$40,$6,$23,$39,$10,$1,$11,$4,$7,$7,$6,$13,$10,$39,40,$0.16,$0.16,$110,$0,$0,$129,$14,$0,$252,$12,$278,$407,$34,$0,$10,$54,$88,$0,$112,$-7,$319,$407,$12,$6,$10,$16,$1,$0,$0,$-1,$1,$29,$-1,$0,$-0,$0,$0,$0,$0,$-1,$0,$0,$0,$2,$2,$-8,$0,$-6,$22,$7,$-8
10,2016-03-31,22.79,$7.72,2.95,$4.98,4.57,$2.68,8.51,$0.60,37.98,$0.12B,$0.03B,3.59,$0.00B,$0.31B,0.0,$0.20B,$0.16B,82.14%,$0.20B,$0.04B,20.41%,$0.20B,$0.04B,20.41%,$0.20B,$0.05B,26.53%,$0.20B,$0.04B,18.88%,$0.20B,$0.02B,12.24%,$0.02B,$0.31B,7.89%,$0.02B,$0.06B,51.61%,$0.02B,$0.40B,6.18%,$0.04B,$0.31B,13.16%,$50,$9,$40,$7,$23,$40,$9,$-1,$8,$3,$5,$5,$5,$12,$9,$39,40,$0.13,$0.13,$95,$0,$0,$118,$15,$0,$255,$12,$283,$400,$33,$0,$10,$54,$87,$0,$110,$-6,$314,$400,$5,$3,$6,$9,$-1,$0,$1,$-0,$-4,$11,$-1,$0,$-0,$0,$0,$0,$0,$-1,$0,$0,$0,$1,$1,$-4,$0,$-3,$8,$4,$-4
11,2015-12-31,22.42,$7.68,2.92,$4.89,4.59,$2.58,8.69,$0.65,34.49,$0.11B,$0.04B,3.09,$0.00B,$0.31B,0.0,$0.19B,$0.16B,82.81%,$0.19B,$0.04B,21.88%,$0.19B,$0.04B,21.88%,$0.19B,$0.05B,28.13%,$0.19B,$0.04B,20.83%,$0.19B,$0.03B,13.54%,$0.03B,$0.31B,8.67%,$0.03B,$0.05B,63.03%,$0.03B,$0.39B,6.80%,$0.04B,$0.31B,14.01%,$51,$9,$42,$5,$26,$41,$10,$-0,$9,$5,$5,$5,$5,$13,$10,$39,39,$0.12,$0.12,$88,$0,$0,$109,$15,$0,$255,$12,$283,$392,$35,$0,$9,$49,$85,$0,$109,$-8,$307,$392,$26,$11,$21,$32,$-6,$0,$0,$-2,$-5,$53,$-9,$0,$-14,$0,$0,$0,$0,$-23,$-6,$0,$-6,$-10,$-10,$-15,$-1,$-33,$-3,$14,$-15
12,2015-09-30,20.6,$7.56,2.72,$4.78,4.31,$2.80,7.36,$0.76,27.11,$0.11B,$0.04B,3.17,$0.00B,$0.30B,0.0,$0.19B,$0.16B,82.89%,$0.19B,$0.05B,24.06%,$0.19B,$0.05B,24.06%,$0.19B,$0.06B,30.48%,$0.19B,$0.04B,22.99%,$0.19B,$0.03B,16.04%,$0.03B,$0.30B,10.11%,$0.03B,$0.04B,76.43%,$0.03B,$0.39B,7.94%,$0.05B,$0.30B,15.16%,$49,$8,$41,$5,$24,$38,$11,$-0,$11,$3,$8,$8,$8,$14,$11,$39,39,$0.20,$0.20,$86,$0,$0,$114,$15,$0,$259,$2,$277,$390,$36,$0,$12,$53,$89,$0,$108,$-7,$302,$390,$21,$8,$11,$20,$-9,$0,$1,$6,$-1,$40,$-8,$0,$-14,$0,$0,$0,$0,$-22,$-0,$0,$-0,$-12,$-12,$-11,$2,$-22,$-4,$10,$-11
13,2015-06-30,22.66,$7.38,3.07,$4.71,4.81,$3.04,7.47,$0.73,31.04,$0.09B,$0.03B,3.44,$0.00B,$0.29B,0.0,$0.19B,$0.15B,82.70%,$0.19B,$0.05B,24.86%,$0.19B,$0.05B,24.86%,$0.19B,$0.06B,31.35%,$0.19B,$0.04B,23.24%,$0.19B,$0.03B,15.68%,$0.03B,$0.29B,9.89%,$0.03B,$0.03B,79.45%,$0.03B,$0.37B,7.81%,$0.05B,$0.29B,15.69%,$46,$9,$38,$5,$22,$36,$10,$-1,$9,$3,$6,$6,$6,$13,$10,$39,39,$0.15,$0.15,$75,$0,$0,$94,$16,$0,$261,$2,$278,$372,$27,$0,$11,$52,$79,$0,$104,$-7,$293,$372,$13,$5,$7,$12,$-1,$0,$-1,$3,$-1,$24,$-7,$0,$-14,$0,$0,$0,$0,$-21,$-0,$0,$-0,$-13,$-13,$-7,$2,$-18,$-16,$6,$-7
14,2015-03-31,30.55,$7.42,4.12,$4.67,6.55,$3.29,9.28,$0.77,39.68,$0.10B,$0.03B,3.41,$0.00B,$0.30B,0.0,$0.18B,$0.15B,82.07%,$0.18B,$0.05B,26.63%,$0.18B,$0.05B,26.63%,$0.18B,$0.06B,33.15%,$0.18B,$0.05B,25.00%,$0.18B,$0.03B,16.85%,$0.03B,$0.30B,10.66%,$0.03B,$0.04B,84.35%,$0.03B,$0.38B,8.44%,$0.05B,$0.30B,16.85%,$46,$9,$38,$6,$20,$35,$11,$-0,$11,$4,$7,$7,$7,$14,$11,$39,40,$0.19,$0.18,$79,$0,$0,$99,$15,$0,$260,$2,$277,$376,$29,$0,$11,$50,$79,$0,$102,$-8,$297,$376,$7,$2,$3,$6,$-1,$0,$1,$3,$-2,$11,$-4,$0,$-14,$0,$0,$0,$0,$-18,$0,$0,$0,$-1,$-1,$-3,$1,$-3,$-12,$3,$-3
15,2014-12-31,26.9,$7.48,3.6,$4.66,5.77,$3.51,7.66,$0.80,33.63,$0.11B,$0.03B,3.27,$0.00B,$0.30B,0.0,$0.18B,$0.15B,82.07%,$0.18B,$0.05B,28.26%,$0.18B,$0.05B,28.26%,$0.18B,$0.06B,34.78%,$0.18B,$0.05B,26.63%,$0.18B,$0.03B,17.39%,$0.03B,$0.30B,11.06%,$0.03B,$0.04B,84.77%,$0.03B,$0.37B,8.79%,$0.05B,$0.30B,17.98%,$46,$9,$38,$5,$19,$33,$13,$-1,$12,$3,$9,$9,$9,$16,$13,$39,39,$0.25,$0.24,$90,$0,$0,$109,$11,$0,$251,$4,$265,$374,$33,$0,$7,$46,$79,$0,$99,$-4,$295,$374,$33,$12,$9,$21,$-1,$0,$0,$-1,$8,$62,$-8,$-0,$-11,$0,$0,$0,$0,$-20,$0,$0,$0,$-21,$-21,$-12,$4,$-29,$12,$11,$-12
16,2014-09-30,26.35,$7.44,3.54,$4.58,5.75,$3.41,7.74,$0.77,34.23,$0.10B,$0.03B,2.91,$0.00B,$0.29B,0.0,$0.18B,$0.15B,82.32%,$0.18B,$0.05B,28.73%,$0.18B,$0.05B,28.73%,$0.18B,$0.06B,35.36%,$0.18B,$0.05B,27.07%,$0.18B,$0.03B,17.13%,$0.03B,$0.29B,10.79%,$0.03B,$0.03B,87.94%,$0.03B,$0.36B,8.62%,$0.05B,$0.29B,18.10%,$47,$8,$39,$5,$20,$35,$12,$-1,$11,$4,$7,$7,$7,$15,$12,$38,39,$0.18,$0.17,$83,$0,$0,$99,$8,$0,$255,$3,$266,$364,$34,$0,$3,$43,$76,$0,$92,$-2,$288,$364,$23,$9,$6,$16,$-0,$0,$1,$1,$7,$46,$-4,$-0,$-11,$0,$0,$0,$0,$-15,$0,$0,$0,$-21,$-21,$-9,$3,$-26,$4,$8,$-9
17,2014-06-30,26.14,$7.43,3.52,$4.41,5.93,$3.22,8.12,$0.78,33.51,$0.10B,$0.03B,3.39,$0.00B,$0.28B,0.0,$0.17B,$0.14B,82.18%,$0.17B,$0.05B,29.89%,$0.17B,$0.05B,29.89%,$0.17B,$0.06B,36.78%,$0.17B,$0.05B,28.16%,$0.17B,$0.03B,17.82%,$0.03B,$0.28B,10.91%,$0.03B,$0.03B,94.66%,$0.03B,$0.36B,8.76%,$0.05B,$0.28B,18.29%,$45,$8,$36,$5,$17,$32,$13,$-1,$12,$5,$8,$8,$8,$16,$13,$39,40,$0.19,$0.19,$81,$0,$0,$98,$6,$0,$248,$3,$257,$355,$29,$0,$3,$43,$72,$0,$89,$1,$283,$355,$16,$6,$4,$10,$-1,$0,$0,$2,$4,$30,$-2,$0,$-1,$0,$0,$0,$0,$-3,$0,$0,$0,$-21,$-21,$-6,$2,$-24,$2,$5,$-6
18,2014-03-31,27.89,$7.43,3.75,$4.33,6.45,$3.13,8.9,$0.77,36.22,$0.11B,$0.03B,3.61,$0.00B,$0.29B,0.0,$0.17B,$0.14B,82.94%,$0.17B,$0.05B,30.00%,$0.17B,$0.05B,30.00%,$0.17B,$0.06B,37.06%,$0.17B,$0.05B,28.82%,$0.17B,$0.03B,17.65%,$0.03B,$0.29B,10.73%,$0.03B,$0.04B,113.21%,$0.03B,$0.36B,8.65%,$0.05B,$0.29B,18.25%,$46,$8,$38,$6,$17,$32,$14,$-0,$14,$5,$8,$8,$8,$17,$14,$39,40,$0.21,$0.21,$88,$0,$0,$105,$5,$0,$250,$3,$258,$363,$29,$0,$3,$42,$71,$0,$84,$1,$291,$363,$8,$3,$2,$5,$0,$0,$-0,$4,$3,$17,$-1,$0,$-0,$0,$0,$0,$0,$-2,$0,$0,$0,$-5,$-5,$-2,$1,$-6,$10,$2,$-2
19,2013-12-31,29.4,$7.30,4.03,$4.26,6.9,$2.91,10.12,$0.78,37.7,$0.10B,$0.03B,3.43,$0.00B,$0.29B,0.0,$0.17B,$0.14B,83.13%,$0.17B,$0.05B,30.72%,$0.17B,$0.05B,30.72%,$0.17B,$0.06B,37.95%,$0.17B,$0.05B,28.92%,$0.17B,$0.03B,18.07%,$0.03B,$0.29B,11.13%,$0.03B,$0.03B,203.39%,$0.03B,$0.36B,8.91%,$0.05B,$0.29B,18.92%,$43,$7,$36,$5,$16,$30,$13,$-1,$12,$4,$8,$8,$8,$16,$13,$38,39,$0.21,$0.20,$78,$0,$0,$97,$4,$0,$253,$3,$259,$356,$28,$0,$3,$41,$69,$0,$79,$1,$287,$356,$31,$13,$6,$19,$-1,$0,$0,$-2,$1,$51,$-2,$0,$-0,$0,$0,$0,$0,$-2,$0,$-22,$-22,$14,$14,$-8,$7,$-10,$39,$8,$-8
20,2013-09-30,26.4,$7.10,3.72,$4.20,6.28,$2.96,8.93,$0.78,33.85,$0.08B,$0.03B,3.08,$0.00B,$0.28B,0.0,$0.16B,$0.13B,82.72%,$0.16B,$0.05B,30.86%,$0.16B,$0.05B,30.86%,$0.16B,$0.06B,38.27%,$0.16B,$0.05B,29.01%,$0.16B,$0.03B,18.52%,$0.03B,$0.28B,11.70%,$0.03B,$0.02B,-12000.00%,$0.03B,$0.34B,9.15%,$0.05B,$0.28B,19.27%,$40,$7,$33,$5,$16,$29,$12,$-1,$11,$4,$7,$7,$7,$15,$12,$38,40,$0.18,$0.18,$64,$0,$0,$81,$3,$0,$255,$3,$260,$341,$26,$0,$2,$39,$65,$0,$73,$0,$276,$341,$23,$9,$5,$15,$-1,$0,$0,$-1,$-2,$36,$-1,$0,$-0,$0,$0,$0,$0,$-1,$-22,$0,$-22,$14,$14,$-6,$5,$-10,$25,$6,$-6
21,2013-06-30,23.36,$6.84,3.42,$4.19,5.57,$3.02,7.73,$0.81,28.84,$0.07B,$0.03B,2.46,$0.00B,$0.26B,0.0,$0.16B,$0.13B,82.50%,$0.16B,$0.05B,31.25%,$0.16B,$0.05B,31.25%,$0.16B,$0.06B,38.75%,$0.16B,$0.05B,30.00%,$0.16B,$0.03B,19.38%,$0.03B,$0.26B,12.70%,$0.03B,$0.01B,-221.43%,$0.03B,$0.33B,9.65%,$0.05B,$0.26B,19.80%,$41,$7,$34,$5,$15,$29,$12,$-1,$12,$4,$7,$7,$7,$15,$12,$38,39,$0.19,$0.18,$52,$0,$0,$68,$2,$0,$255,$3,$260,$328,$28,$0,$2,$37,$64,$0,$68,$-1,$264,$328,$16,$6,$3,$9,$-1,$0,$0,$2,$-0,$25,$-1,$0,$-0,$0,$0,$0,$0,$-1,$-22,$0,$-22,$11,$11,$-4,$4,$-11,$12,$4,$-4
22,2013-03-31,21.78,$6.58,3.31,$4.17,5.22,$3.00,7.26,$0.82,26.56,$0.06B,$0.04B,1.63,$0.00B,$0.25B,0.0,$0.16B,$0.13B,82.17%,$0.16B,$0.05B,31.85%,$0.16B,$0.05B,31.85%,$0.16B,$0.06B,39.49%,$0.16B,$0.05B,30.57%,$0.16B,$0.03B,19.75%,$0.03B,$0.25B,13.36%,$0.03B,$-0.01B,-112.73%,$0.03B,$0.32B,9.76%,$0.05B,$0.25B,20.12%,$42,$7,$35,$5,$15,$28,$14,$-1,$13,$4,$9,$9,$8,$17,$14,$37,38,$0.23,$0.22,$43,$0,$0,$59,$3,$0,$257,$3,$263,$322,$36,$0,$2,$35,$71,$0,$63,$-2,$251,$322,$9,$3,$2,$5,$-2,$0,$-0,$-1,$-7,$7,$-0,$0,$-0,$0,$0,$0,$0,$-0,$-10,$0,$-10,$7,$7,$-1,$2,$-2,$4,$2,$-1
23,2012-12-31,14.62,$6.32,2.31,$3.99,3.66,$3.04,4.81,$0.75,19.49,$0.05B,$0.04B,1.36,$0.01B,$0.24B,0.05,$0.15B,$0.12B,83.22%,$0.15B,$0.05B,30.87%,$0.15B,$0.05B,30.87%,$0.15B,$0.06B,38.93%,$0.15B,$0.04B,29.53%,$0.15B,$0.03B,19.46%,$0.03B,$0.24B,13.12%,$0.03B,$-0.03B,-71.60%,$0.03B,$0.32B,9.15%,$0.05B,$0.25B,18.53%,$39,$7,$32,$4,$14,$27,$12,$-1,$11,$4,$8,$8,$8,$15,$12,$36,38,$0.20,$0.21,$39,$0,$0,$53,$3,$0,$261,$3,$267,$320,$39,$12,$2,$46,$85,$0,$57,$-1,$235,$320,$29,$11,$8,$20,$0,$0,$-0,$2,$2,$50,$-1,$-0,$-52,$0,$0,$0,$0,$-53,$-15,$0,$-15,$3,$3,$-1,$2,$-12,$-15,$7,$-1
24,2012-09-30,14.22,$6.12,2.33,$3.81,3.73,$2.75,5.17,$0.70,20.32,$0.05B,$0.04B,1.46,$0.02B,$0.23B,0.1,$0.14B,$0.12B,84.51%,$0.14B,$0.04B,30.28%,$0.14B,$0.04B,30.28%,$0.14B,$0.06B,38.73%,$0.14B,$0.04B,29.58%,$0.14B,$0.03B,19.01%,$0.03B,$0.23B,12.75%,$0.03B,$-0.03B,-72.00%,$0.03B,$0.32B,8.77%,$0.04B,$0.25B,17.70%,$38,$7,$31,$5,$13,$26,$12,$-1,$12,$4,$8,$8,$8,$15,$12,$36,38,$0.22,$0.21,$38,$0,$0,$51,$3,$0,$259,$3,$265,$315,$35,$22,$1,$54,$89,$0,$51,$-0,$226,$315,$21,$8,$7,$15,$0,$0,$0,$-1,$0,$36,$-1,$-0,$-49,$0,$0,$0,$0,$-50,$-5,$0,$-5,$2,$2,$0,$1,$-2,$-16,$5,$0
25,2012-06-30,15.26,$5.88,2.59,$3.64,4.2,$2.54,6.01,$0.65,23.48,$0.05B,$0.04B,1.33,$0.03B,$0.22B,0.15,$0.14B,$0.12B,85.93%,$0.14B,$0.04B,30.37%,$0.14B,$0.04B,30.37%,$0.14B,$0.05B,38.52%,$0.14B,$0.04B,28.89%,$0.14B,$0.03B,18.52%,$0.03B,$0.22B,12.33%,$0.03B,$-0.05B,-69.93%,$0.03B,$0.31B,8.31%,$0.04B,$0.25B,17.25%,$38,$7,$31,$5,$13,$27,$12,$-0,$12,$4,$7,$7,$7,$15,$12,$36,37,$0.20,$0.19,$33,$0,$0,$46,$3,$0,$260,$3,$268,$314,$35,$32,$2,$63,$98,$0,$44,$-1,$216,$314,$13,$5,$4,$9,$-0,$0,$-1,$1,$1,$23,$-1,$-0,$-49,$0,$0,$0,$0,$-50,$5,$0,$5,$1,$1,$0,$0,$6,$-21,$4,$0
26,2012-03-31,13.56,$5.67,2.39,$3.45,3.93,$2.40,5.65,$0.61,22.23,$0.04B,$0.03B,1.26,$0.04B,$0.21B,0.2,$0.13B,$0.11B,87.50%,$0.13B,$0.04B,30.47%,$0.13B,$0.04B,30.47%,$0.13B,$0.05B,38.28%,$0.13B,$0.04B,28.13%,$0.13B,$0.02B,18.75%,$0.02B,$0.21B,12.32%,$0.02B,$-0.06B,-70.07%,$0.02B,$0.32B,8.14%,$0.04B,$0.25B,16.70%,$34,$4,$30,$4,$14,$24,$10,$-1,$9,$4,$6,$6,$6,$13,$10,$36,38,$0.16,$0.15,$31,$0,$0,$43,$2,$0,$265,$4,$276,$319,$34,$42,$2,$78,$112,$0,$37,$1,$207,$319,$6,$2,$2,$4,$0,$0,$-1,$0,$-2,$8,$-0,$-0,$-47,$0,$0,$0,$-3,$-50,$15,$0,$15,$0,$0,$0,$0,$16,$-26,$2,$0
27,2011-12-31,14.19,$5.47,2.59,$3.36,4.23,$2.38,5.96,$0.61,23.26,$0.07B,$0.03B,2.0,$0.03B,$0.20B,0.14,$0.12B,$0.11B,87.90%,$0.12B,$0.04B,31.45%,$0.12B,$0.04B,31.45%,$0.12B,$0.05B,38.71%,$0.12B,$0.04B,28.23%,$0.12B,$0.02B,18.55%,$0.02B,$0.20B,12.33%,$0.02B,$-0.01B,-71.88%,$0.02B,$0.28B,8.03%,$0.04B,$0.23B,17.09%,$32,$3,$28,$4,$13,$22,$9,$-1,$9,$3,$6,$6,$6,$12,$9,$35,37,$0.15,$0.15,$54,$0,$0,$65,$2,$0,$212,$4,$219,$284,$32,$27,$1,$53,$85,$0,$31,$-0,$198,$284,$23,$10,$8,$18,$-2,$0,$0,$-1,$-1,$39,$-2,$0,$-0,$0,$0,$0,$0,$-2,$-31,$0,$-31,$3,$3,$0,$1,$-26,$11,$7,$0
28,2011-09-30,11.03,$5.28,2.09,$3.31,3.33,$2.55,4.32,$0.63,17.51,$0.06B,$0.03B,1.94,$0.04B,$0.19B,0.2,$0.12B,$0.11B,89.26%,$0.12B,$0.04B,33.06%,$0.12B,$0.04B,33.06%,$0.12B,$0.05B,40.50%,$0.12B,$0.04B,28.93%,$0.12B,$0.02B,19.01%,$0.02B,$0.19B,12.90%,$0.02B,$-0.03B,-53.49%,$0.02B,$0.29B,8.06%,$0.04B,$0.23B,17.60%,$31,$3,$27,$4,$12,$21,$10,$-1,$9,$3,$6,$6,$6,$12,$10,$35,37,$0.17,$0.16,$51,$0,$0,$62,$2,$0,$216,$6,$224,$286,$32,$37,$1,$64,$96,$0,$25,$1,$190,$286,$17,$7,$6,$13,$-2,$0,$-0,$3,$-2,$28,$-1,$0,$-0,$0,$0,$0,$0,$-2,$-21,$0,$-21,$2,$2,$0,$1,$-18,$9,$5,$0
29,2011-06-30,12.86,$5.12,2.51,$3.26,3.94,$2.79,4.6,$0.63,20.41,$0.06B,$0.03B,1.97,$0.05B,$0.18B,0.26,$0.12B,$0.11B,90.68%,$0.12B,$0.04B,33.90%,$0.12B,$0.04B,33.90%,$0.12B,$0.05B,41.53%,$0.12B,$0.03B,28.81%,$0.12B,$0.02B,19.49%,$0.02B,$0.18B,13.53%,$0.02B,$-0.04B,-44.88%,$0.02B,$0.29B,8.06%,$0.04B,$0.23B,17.80%,$31,$4,$27,$4,$12,$21,$10,$-1,$9,$3,$6,$6,$6,$12,$10,$35,37,$0.16,$0.15,$53,$0,$0,$62,$2,$0,$223,$4,$229,$291,$32,$47,$2,$76,$107,$0,$19,$3,$184,$291,$11,$5,$3,$8,$-1,$0,$-0,$3,$-2,$17,$-1,$0,$0,$0,$0,$0,$0,$-1,$-9,$0,$-9,$1,$1,$0,$1,$-6,$10,$3,$0
30,2011-03-31,13.2,$4.88,2.71,$3.09,4.26,$2.94,4.48,$0.56,23.56,$0.06B,$0.03B,1.86,$0.05B,$0.17B,0.31,$0.11B,$0.10B,91.89%,$0.11B,$0.04B,33.33%,$0.11B,$0.04B,33.33%,$0.11B,$0.05B,41.44%,$0.11B,$0.03B,27.03%,$0.11B,$0.02B,18.02%,$0.02B,$0.17B,12.44%,$0.02B,$-0.05B,-34.48%,$0.02B,$0.29B,7.13%,$0.04B,$0.23B,16.74%,$30,$3,$27,$4,$12,$20,$10,$-1,$8,$3,$5,$5,$5,$12,$10,$35,36,$0.15,$0.15,$49,$0,$0,$56,$2,$0,$224,$4,$229,$285,$30,$54,$2,$81,$111,$0,$14,$2,$174,$285,$5,$2,$2,$4,$1,$0,$0,$-0,$-3,$7,$-0,$0,$0,$0,$0,$0,$0,$-0,$-2,$0,$-2,$1,$1,$0,$0,$-1,$6,$2,$0
31,2010-12-31,10.1,$4.66,2.17,$2.96,3.41,$3.07,3.29,$0.50,20.2,$0.05B,$0.03B,1.59,$0.06B,$0.17B,0.35,$0.11B,$0.10B,92.38%,$0.11B,$0.03B,32.38%,$0.11B,$0.03B,32.38%,$0.11B,$0.04B,40.95%,$0.11B,$0.03B,25.71%,$0.11B,$0.02B,17.14%,$0.02B,$0.17B,11.75%,$0.02B,$-0.06B,-27.80%,$0.02B,$0.28B,6.50%,$0.03B,$0.22B,15.60%,$29,$3,$27,$4,$11,$19,$10,$-1,$9,$3,$6,$6,$6,$13,$10,$35,36,$0.17,$0.18,$43,$0,$0,$51,$2,$0,$223,$4,$228,$279,$32,$58,$2,$82,$114,$0,$8,$1,$165,$279,$18,$10,$7,$17,$1,$0,$0,$2,$8,$44,$-1,$-3,$-7,$0,$0,$0,$0,$-11,$-26,$0,$-26,$1,$1,$0,$1,$-25,$8,$5,$0
32,2010-09-30,8.33,$4.50,1.85,$2.86,2.92,$2.65,3.14,$0.44,18.92,$0.06B,$0.04B,1.41,$0.06B,$0.16B,0.38,$0.10B,$0.09B,91.09%,$0.10B,$0.03B,30.69%,$0.10B,$0.03B,30.69%,$0.10B,$0.04B,39.60%,$0.10B,$0.02B,23.76%,$0.10B,$0.02B,15.84%,$0.02B,$0.16B,10.87%,$0.02B,$-0.06B,-22.38%,$0.02B,$0.29B,5.81%,$0.03B,$0.22B,14.32%,$28,$3,$26,$4,$11,$19,$10,$-1,$8,$2,$6,$6,$6,$12,$10,$35,36,$0.17,$0.16,$55,$0,$0,$62,$2,$0,$217,$6,$224,$286,$44,$59,$2,$85,$129,$0,$2,$1,$157,$286,$12,$8,$5,$13,$1,$0,$-0,$6,$11,$36,$-1,$-3,$0,$0,$0,$0,$0,$-4,$-13,$0,$-13,$1,$1,$0,$1,$-12,$20,$4,$0
33,2010-06-30,8.2,$4.21,1.95,$2.72,3.01,$2.29,3.58,$0.37,22.16,$0.05B,$0.03B,1.68,$0.07B,$0.15B,0.47,$0.10B,$0.09B,89.58%,$0.10B,$0.03B,28.13%,$0.10B,$0.03B,28.13%,$0.10B,$0.04B,38.54%,$0.10B,$0.02B,21.88%,$0.10B,$0.01B,13.54%,$0.01B,$0.15B,9.15%,$0.01B,$-0.07B,-16.30%,$0.01B,$0.27B,4.75%,$0.03B,$0.22B,12.39%,$24,$3,$22,$4,$10,$18,$7,$-2,$5,$2,$3,$3,$3,$9,$7,$35,36,$0.09,$0.08,$45,$0,$0,$53,$1,$0,$213,$5,$219,$272,$31,$69,$4,$94,$125,$0,$-4,$-1,$147,$272,$6,$5,$3,$8,$1,$0,$1,$5,$7,$22,$-0,$-2,$0,$0,$0,$0,$0,$-2,$-11,$0,$-11,$0,$0,$0,$0,$-10,$10,$3,$0
34,2010-03-31,8.85,$4.13,2.14,$2.68,3.3,$2.16,4.1,$0.38,23.3,$0.05B,$0.03B,1.61,$0.07B,$0.14B,0.5,$0.09B,$0.08B,89.36%,$0.09B,$0.03B,27.66%,$0.09B,$0.03B,27.66%,$0.09B,$0.04B,39.36%,$0.09B,$0.02B,22.34%,$0.09B,$0.01B,13.83%,$0.01B,$0.14B,9.44%,$0.01B,$-0.08B,-14.86%,$0.01B,$0.27B,4.73%,$0.03B,$0.22B,11.86%,$24,$3,$22,$4,$10,$18,$7,$-1,$5,$2,$3,$3,$3,$9,$7,$35,36,$0.09,$0.09,$38,$0,$0,$46,$2,$0,$220,$3,$225,$271,$29,$72,$4,$98,$126,$0,$-7,$1,$144,$271,$3,$3,$1,$4,$1,$0,$0,$3,$4,$11,$-0,$0,$0,$0,$0,$0,$0,$-0,$-8,$0,$-8,$0,$0,$0,$0,$-7,$4,$1,$0
35,2009-12-31,8.22,$4.06,2.02,$2.67,3.08,$2.31,3.56,$0.38,21.63,$0.04B,$0.03B,1.32,$0.08B,$0.14B,0.53,$0.09B,$0.08B,88.30%,$0.09B,$0.03B,27.66%,$0.09B,$0.03B,27.66%,$0.09B,$0.04B,39.36%,$0.09B,$0.02B,22.34%,$0.09B,$0.01B,13.83%,$0.01B,$0.14B,9.79%,$0.01B,$-0.09B,-13.87%,$0.01B,$0.27B,4.71%,$0.03B,$0.22B,11.85%,$25,$3,$22,$4,$10,$18,$7,$-1,$6,$2,$4,$4,$4,$10,$7,$34,35,$0.11,$0.12,$35,$0,$0,$43,$2,$0,$226,$2,$229,$272,$33,$75,$2,$99,$132,$0,$-10,$2,$141,$272,$13,$10,$7,$17,$0,$0,$-0,$1,$-2,$28,$-1,$0,$-2,$0,$0,$0,$0,$-3,$-22,$0,$-22,$0,$0,$0,$-0,$-23,$3,$5,$0
36,2009-09-30,7.65,$3.93,1.95,$2.74,2.8,$2.37,3.23,$0.39,19.62,$0.05B,$0.03B,1.5,$0.09B,$0.14B,0.64,$0.10B,$0.09B,89.58%,$0.10B,$0.03B,30.21%,$0.10B,$0.03B,30.21%,$0.10B,$0.04B,40.63%,$0.10B,$0.02B,22.92%,$0.10B,$0.01B,13.54%,$0.01B,$0.14B,10.18%,$0.01B,$-0.09B,-13.03%,$0.01B,$0.28B,4.69%,$0.03B,$0.22B,13.20%,$23,$3,$20,$3,$9,$17,$6,$-1,$5,$2,$3,$3,$3,$9,$6,$34,35,$0.09,$0.08,$39,$0,$0,$46,$2,$0,$227,$4,$233,$279,$31,$87,$2,$113,$144,$0,$-14,$3,$136,$279,$9,$7,$5,$12,$2,$0,$1,$2,$0,$22,$-1,$0,$0,$0,$0,$0,$0,$-1,$-15,$0,$-15,$0,$0,$0,$0,$-15,$7,$4,$0
37,2009-06-30,6.2,$3.87,1.6,$2.86,2.17,$2.43,2.55,$0.42,14.76,$0.04B,$0.03B,1.36,$0.09B,$0.13B,0.7,$0.10B,$0.09B,90.00%,$0.10B,$0.03B,31.00%,$0.10B,$0.03B,31.00%,$0.10B,$0.04B,41.00%,$0.10B,$0.02B,23.00%,$0.10B,$0.01B,14.00%,$0.01B,$0.13B,11.41%,$0.01B,$-0.10B,-13.21%,$0.01B,$0.28B,5.07%,$0.03B,$0.22B,14.16%,$22,$2,$20,$3,$9,$16,$6,$-1,$5,$2,$3,$3,$3,$9,$6,$34,35,$0.09,$0.09,$36,$0,$0,$44,$2,$0,$227,$4,$233,$277,$32,$90,$2,$114,$147,$0,$-17,$2,$130,$277,$6,$5,$3,$8,$2,$0,$0,$5,$2,$17,$-1,$0,$0,$0,$0,$0,$0,$-1,$-12,$0,$-12,$0,$0,$0,$0,$-12,$4,$3,$0
38,2009-03-31,3.4,$3.61,0.94,$3.04,1.12,$2.44,1.4,$0.42,8.1,$0.04B,$0.03B,1.28,$0.09B,$0.12B,0.75,$0.11B,$0.10B,89.72%,$0.11B,$0.03B,31.78%,$0.11B,$0.03B,31.78%,$0.11B,$0.04B,41.12%,$0.11B,$0.02B,22.43%,$0.11B,$0.01B,13.08%,$0.01B,$0.12B,11.81%,$0.01B,$-0.10B,-12.23%,$0.01B,$0.28B,5.05%,$0.03B,$0.22B,15.54%,$24,$3,$21,$3,$10,$17,$7,$-1,$5,$2,$3,$3,$3,$9,$7,$34,35,$0.10,$0.09,$37,$0,$0,$44,$2,$0,$226,$4,$232,$276,$34,$94,$4,$117,$152,$0,$-20,$1,$124,$276,$3,$3,$3,$5,$2,$0,$-0,$8,$8,$16,$-0,$0,$0,$0,$0,$0,$0,$-0,$-10,$0,$-10,$0,$0,$0,$0,$-10,$5,$1,$0
39,2008-12-31,5.28,$3.51,1.5,$3.14,1.68,$2.28,2.32,$0.43,12.27,$0.04B,$0.04B,1.08,$0.10B,$0.12B,0.79,$0.11B,$0.10B,90.00%,$0.11B,$0.03B,30.91%,$0.11B,$0.03B,30.91%,$0.11B,$0.05B,40.91%,$0.11B,$0.03B,23.64%,$0.11B,$0.02B,13.64%,$0.02B,$0.12B,13.10%,$0.02B,$-0.11B,-12.12%,$0.02B,$0.28B,5.35%,$0.03B,$0.22B,15.53%,$27,$3,$25,$3,$10,$18,$10,$-3,$7,$3,$4,$4,$4,$12,$10,$34,35,$0.11,$0.12,$32,$0,$0,$41,$2,$0,$230,$4,$236,$277,$38,$96,$2,$118,$157,$0,$-23,$2,$121,$277,$15,$12,$7,$19,$-1,$0,$-1,$2,$-4,$31,$-1,$0,$0,$0,$0,$0,$0,$-1,$-19,$0,$-19,$1,$1,$0,$0,$-18,$12,$4,$0
40,2008-09-30,10.13,$3.37,3.0,$4.06,2.49,$3.05,3.32,$0.42,24.12,$0.04B,$0.03B,1.05,$0.10B,$0.12B,0.9,$0.11B,$0.10B,89.19%,$0.11B,$0.03B,29.73%,$0.11B,$0.03B,29.73%,$0.11B,$0.05B,40.54%,$0.11B,$0.03B,23.42%,$0.11B,$0.02B,13.51%,$0.02B,$0.12B,13.67%,$0.02B,$-0.12B,-11.36%,$0.02B,$0.28B,5.35%,$0.03B,$0.22B,15.10%,$27,$3,$24,$3,$10,$19,$8,$-2,$6,$2,$4,$4,$4,$11,$8,$34,35,$0.13,$0.12,$28,$0,$0,$35,$2,$0,$233,$4,$239,$275,$34,$104,$1,$125,$159,$0,$-28,$2,$116,$275,$11,$10,$4,$14,$-1,$0,$-1,$3,$-0,$25,$-1,$0,$0,$0,$0,$0,$0,$-1,$-16,$0,$-16,$1,$1,$0,$0,$-15,$8,$3,$0
41,2008-06-30,11.08,$3.28,3.38,$4.33,2.56,$3.08,3.6,$0.21,52.78,$0.03B,$0.04B,0.89,$0.11B,$0.11B,0.95,$0.11B,$0.10B,89.09%,$0.11B,$0.03B,29.09%,$0.11B,$0.03B,29.09%,$0.11B,$0.04B,40.00%,$0.11B,$0.02B,19.09%,$0.11B,$0.01B,8.18%,$0.01B,$0.11B,8.61%,$0.01B,$-0.13B,-6.41%,$0.01B,$0.28B,3.22%,$0.03B,$0.22B,14.71%,$29,$3,$26,$4,$12,$20,$9,$-3,$6,$2,$3,$3,$3,$12,$9,$34,35,$0.10,$0.09,$24,$0,$0,$33,$2,$0,$243,$2,$248,$281,$37,$107,$2,$131,$168,$0,$-32,$4,$113,$281,$7,$6,$2,$8,$-1,$0,$-1,$7,$2,$17,$-1,$0,$0,$0,$0,$0,$0,$-1,$-13,$0,$-13,$0,$0,$0,$0,$-13,$4,$2,$0
