,Date,Stock Price,Book Value per Share,Price to Book Ratio,TTM Sales per Share,Price to Sales Ratio,TTM FCF per Share,Price to FCF Ratio,TTM Net EPS,PE Ratio,Current Assets,Current Liabilities,Current Ratio,Long Term Debt,Shareholder's Equity_x,Debt to Equity Ratio,TTM Revenue_x,TTM Gross Profit,Gross Margin,TTM Revenue_y,TTM Operating Income,Operating Margin,TTM Revenue_x,TTM EBIT,EBIT Margin,TTM Revenue_y,TTM EBITDA,EBITDA Margin,TTM Revenue_x,TTM Pre-Tax Income,Pre-Tax Margin,TTM Revenue_y,TTM Net Income_x,Net Margin,TTM Net Income_y,Shareholder's Equity_y,Return on Equity,TTM Net Income_x,Tangible Equity,Return on Tangible Equity,TTM Net Income_y,Total Assets,Return on Assets,TTM Net Income,LT Investments & Debt,Return on Investment,revenue,cost-goods-sold,gross-profit,research-development-expenses,selling-general-administrative-expenses,operating-expenses,operating-income,total-non-operating-income-expense,pre-tax-income,total-provision-income-taxes,income-after-taxes,income-from-continuous-operations,net-income,ebitda,ebit,basic-shares-outstanding,shares-outstanding,eps-basic-net-earnings-per-share,eps-earnings-per-share-diluted,cash-on-hand,inventory,other-current-assets,total-current-assets,net-property-plant-equipment,long-term-investments,goodwill-intangible-assets-total,other-long-term-assets,total-long-term-assets,total-assets,total-current-liabilities,long-term-debt,other-non-current-liabilities,total-long-term-liabilities,total-liabilities,common-stock-net,retained-earnings-accumulated-deficit,comprehensive-income,total-share-holder-equity,total-liabilities-share-holders-equity,net-income-loss,total-depreciation-amortization-cash-flow,other-non-cash-items,total-non-cash-items,change-in-accounts-receivable,change-in-inventories,change-in-accounts-payable,change-in-assets-liabilities,total-change-in-assets-liabilities,cash-flow-from-operating-activities,net-change-in-property-plant-equipment,net-change-in-intangible-assets,net-acquisitions-divestitures,net-change-in-short-term-investments,net-change-in-long-term-investments,net-change-in-investments-total,investing-activities-other,cash-flow-from-investing-activities,net-long-term-debt,net-current-debt,debt-issuance-retirement-net-total,net-common-equity-issued-repurchased,net-total-equity-issued-repurchased,total-common-preferred-stock-dividends-paid,financial-activities-other,cash-flow-from-financial-activities,net-cash-flow,stock-based-compensation,common-stock-dividends-paid
0,2018-09-30,21.22,$4.47,4.74,$11.59,1.83,$-0.03,0.0,$-0.31,0.0,$2.59B,$1.30B,1.99,$0.70B,$2.01B,0.35,$5.16B,$2.30B,44.50%,$5.16B,$-0.05B,-1.01%,$5.16B,$-0.05B,-1.01%,$5.16B,$0.13B,2.50%,$5.16B,$-0.10B,-1.90%,$5.16B,$-0.14B,-2.69%,$-0.14B,$2.01B,-6.98%,$-0.14B,$1.41B,-10.00%,$-0.14B,$4.23B,-3.32%,$-0.05B,$2.71B,-1.90%,$1443,$778,$665,$0,$528,$1324,$119,$-13,$106,$31,$75,$75,$75,$163,$119,$447,451,$0.17,$0.17,$169,$1173,$0,$2587,$821,$0,$595,$138,$1640,$4227,$1300,$703,$218,$922,$2221,$0,$1135,$-44,$2006,$4227,$-51,$135,$-194,$-59,$-24,$-30,$-37,$206,$228,$119,$-110,$0,$0,$0,$-39,$-39,$-5,$-154,$-115,$0,$-115,$11,$11,$0,$-2,$-107,$-142,$32,$0
1,2018-06-30,22.48,$4.32,5.2,$11.54,1.95,$-0.61,0.0,$-0.36,0.0,$2.56B,$1.34B,1.91,$0.75B,$1.92B,0.39,$5.13B,$2.28B,44.48%,$5.13B,$-0.11B,-2.13%,$5.13B,$-0.11B,-2.13%,$5.13B,$0.07B,1.42%,$5.13B,$-0.15B,-2.97%,$5.13B,$-0.16B,-3.12%,$-0.16B,$1.92B,-7.94%,$-0.16B,$1.33B,-11.34%,$-0.16B,$4.24B,-3.85%,$-0.11B,$2.68B,-3.93%,$1175,$648,$527,$0,$553,$1280,$-105,$-17,$-121,$-26,$-95,$-96,$-96,$-60,$-105,$445,445,$-0.21,$-0.21,$197,$1299,$0,$2562,$835,$0,$597,$135,$1680,$4241,$1338,$752,$226,$979,$2317,$0,$1060,$-38,$1924,$4241,$-126,$91,$-228,$-137,$117,$-158,$160,$254,$408,$146,$-84,$0,$0,$0,$-39,$-39,$-3,$-126,$-139,$0,$-139,$9,$9,$0,$-2,$-131,$-114,$21,$0
2,2018-03-31,16.35,$4.54,3.6,$11.37,1.44,$-1.26,0.0,$-0.18,0.0,$2.59B,$1.32B,1.97,$0.76B,$2.02B,0.38,$5.04B,$2.25B,44.70%,$5.04B,$-0.01B,-0.18%,$5.04B,$-0.01B,-0.18%,$5.04B,$0.17B,3.39%,$5.04B,$-0.05B,-0.93%,$5.04B,$-0.08B,-1.51%,$-0.08B,$2.02B,-3.72%,$-0.08B,$1.41B,-5.33%,$-0.08B,$4.26B,-1.87%,$-0.01B,$2.78B,-0.32%,$1185,$662,$523,$0,$515,$1214,$-29,$-6,$-34,$-4,$-30,$-30,$-30,$18,$-29,$443,443,$-0.07,$-0.07,$284,$1148,$0,$2592,$870,$0,$611,$98,$1672,$4264,$1317,$759,$171,$930,$2247,$0,$1156,$-21,$2018,$4264,$-30,$46,$-256,$-210,$54,$17,$-67,$266,$262,$22,$-56,$0,$0,$0,$0,$0,$0,$-56,$3,$0,$3,$2,$2,$0,$-2,$4,$-28,$8,$0
3,2017-12-31,14.43,$4.57,3.16,$11.25,1.28,$-1.47,0.0,$-0.12,0.0,$2.34B,$1.06B,2.21,$0.77B,$2.02B,0.38,$4.98B,$2.24B,44.99%,$4.98B,$0.03B,0.56%,$4.98B,$0.03B,0.56%,$4.98B,$0.20B,4.06%,$4.98B,$-0.01B,-0.22%,$4.98B,$-0.05B,-0.96%,$-0.05B,$2.02B,-2.35%,$-0.05B,$1.42B,-3.38%,$-0.05B,$4.01B,-1.23%,$0.03B,$2.78B,0.99%,$1357,$776,$581,$0,$582,$1394,$-37,$-12,$-49,$39,$-88,$-88,$-88,$8,$-37,$441,441,$-0.19,$-0.19,$312,$1159,$0,$2338,$886,$0,$603,$97,$1669,$4006,$1060,$765,$162,$927,$1988,$0,$1184,$-38,$2019,$4006,$-48,$174,$249,$423,$-79,$-222,$146,$-56,$-141,$234,$-281,$0,$0,$0,$0,$0,$-2,$-283,$98,$0,$98,$12,$12,$0,$-3,$107,$62,$40,$0
4,2017-09-30,16.48,$4.76,3.46,$11.10,1.48,$-1.41,0.0,$0.31,53.16,$2.46B,$1.10B,2.23,$0.77B,$2.10B,0.37,$4.93B,$2.24B,45.52%,$4.93B,$0.23B,4.65%,$4.93B,$0.23B,4.65%,$4.93B,$0.40B,8.06%,$4.93B,$0.19B,3.90%,$4.93B,$0.14B,2.90%,$0.14B,$2.10B,7.00%,$0.14B,$1.49B,10.10%,$0.14B,$4.13B,3.75%,$0.23B,$2.87B,8.11%,$1409,$760,$649,$0,$502,$1347,$62,$-11,$52,$-3,$54,$54,$54,$107,$62,$441,448,$0.12,$0.12,$258,$1181,$0,$2457,$868,$0,$608,$100,$1674,$4130,$1100,$771,$158,$929,$2030,$0,$1273,$-37,$2101,$4130,$40,$129,$147,$276,$-138,$-244,$86,$-36,$-342,$-26,$-226,$0,$0,$0,$0,$0,$-2,$-228,$250,$0,$250,$10,$10,$0,$-3,$257,$11,$34,$0
5,2017-06-30,21.76,$4.59,4.74,$11.26,1.93,$-1.65,0.0,$0.48,45.33,$2.17B,$0.94B,2.31,$0.78B,$2.02B,0.38,$4.99B,$2.29B,45.95%,$4.99B,$0.37B,7.34%,$4.99B,$0.37B,7.34%,$4.99B,$0.53B,10.57%,$4.99B,$0.33B,6.62%,$4.99B,$0.22B,4.35%,$0.22B,$2.02B,10.85%,$0.22B,$1.38B,15.92%,$0.22B,$3.89B,5.86%,$0.37B,$2.80B,13.13%,$1091,$590,$501,$0,$503,$1096,$-5,$-11,$-16,$-3,$-12,$-12,$-12,$38,$-5,$440,440,$-0.03,$-0.03,$166,$1169,$0,$2166,$875,$0,$640,$87,$1728,$3894,$937,$778,$156,$934,$1870,$0,$1218,$-47,$2024,$3894,$-15,$83,$2,$86,$34,$-227,$84,$-10,$-132,$-61,$-167,$0,$0,$0,$0,$0,$0,$-167,$137,$0,$137,$7,$7,$0,$-2,$141,$-83,$25,$0
6,2017-03-31,19.78,$4.59,4.31,$11.04,1.79,$-1.93,0.0,$0.39,50.72,$1.91B,$0.63B,3.04,$0.78B,$2.02B,0.39,$4.90B,$2.27B,46.33%,$4.90B,$0.39B,7.96%,$4.90B,$0.39B,7.96%,$4.90B,$0.54B,11.11%,$4.90B,$0.36B,7.29%,$4.90B,$0.18B,3.59%,$0.18B,$2.02B,9.09%,$0.18B,$1.39B,13.57%,$0.18B,$3.58B,4.91%,$0.39B,$2.80B,14.24%,$1120,$612,$508,$0,$500,$1112,$8,$-5,$2,$5,$-2,$-2,$-2,$49,$8,$439,439,$-0.01,$-0.01,$172,$902,$0,$1906,$831,$0,$633,$86,$1671,$3577,$628,$784,$146,$930,$1557,$0,$1232,$-48,$2020,$3577,$-2,$41,$-2,$39,$21,$19,$-91,$-7,$-69,$-33,$-92,$0,$0,$0,$0,$0,$0,$-92,$43,$0,$43,$3,$3,$0,$-2,$44,$-77,$12,$0
7,2016-12-31,29.05,$4.63,6.27,$10.86,2.68,$-2.17,0.0,$0.44,66.02,$1.97B,$0.69B,2.87,$0.79B,$2.03B,0.39,$4.83B,$2.24B,46.46%,$4.83B,$0.42B,8.64%,$4.83B,$0.42B,8.64%,$4.83B,$0.56B,11.65%,$4.83B,$0.39B,8.04%,$4.83B,$0.20B,4.08%,$0.20B,$2.03B,10.55%,$0.20B,$1.40B,16.15%,$0.20B,$3.64B,5.64%,$0.42B,$2.82B,15.65%,$1305,$722,$584,$0,$420,$1141,$164,$-10,$154,$51,$103,$103,$103,$203,$164,$436,445,$0.24,$0.24,$250,$917,$0,$1965,$804,$0,$628,$110,$1679,$3644,$686,$790,$137,$928,$1613,$0,$1259,$-52,$2031,$3644,$257,$145,$132,$277,$-250,$-148,$202,$-25,$-170,$364,$-387,$0,$0,$6,$0,$6,$-1,$-381,$157,$0,$157,$15,$15,$-3,$-23,$146,$121,$46,$-3
8,2016-09-30,38.68,$4.39,8.81,$10.57,3.66,$-2.77,0.0,$0.46,84.45,$2.03B,$0.86B,2.36,$0.80B,$1.92B,0.41,$4.69B,$2.22B,47.31%,$4.69B,$0.43B,9.19%,$4.69B,$0.43B,9.19%,$4.69B,$0.57B,12.04%,$4.69B,$0.41B,8.63%,$4.69B,$0.20B,4.26%,$0.20B,$1.92B,11.26%,$0.20B,$1.28B,17.84%,$0.20B,$3.69B,6.06%,$0.43B,$2.72B,17.02%,$1472,$773,$699,$0,$499,$1272,$199,$-9,$190,$62,$128,$128,$128,$237,$199,$438,446,$0.29,$0.29,$180,$971,$0,$2027,$751,$0,$645,$107,$1659,$3685,$857,$797,$108,$905,$1762,$0,$1157,$-50,$1923,$3685,$154,$105,$93,$198,$-342,$-186,$68,$-20,$-388,$-36,$-322,$0,$0,$6,$0,$6,$-1,$-316,$414,$0,$414,$13,$13,$-3,$-21,$402,$50,$43,$-3
9,2016-06-30,40.13,$4.05,9.91,$10.00,4.01,$-3.18,0.0,$0.40,100.2,$1.85B,$0.71B,2.61,$0.84B,$1.77B,0.47,$4.42B,$2.11B,47.65%,$4.42B,$0.40B,9.11%,$4.42B,$0.40B,9.11%,$4.42B,$0.53B,11.89%,$4.42B,$0.38B,8.57%,$4.42B,$0.17B,3.89%,$0.17B,$1.77B,10.25%,$0.17B,$1.12B,16.90%,$0.17B,$3.43B,5.49%,$0.40B,$2.61B,16.96%,$1001,$523,$478,$0,$458,$981,$19,$-9,$11,$4,$6,$6,$-53,$55,$19,$436,443,$-0.12,$-0.12,$121,$1087,$0,$1849,$713,$0,$651,$96,$1578,$3427,$709,$838,$108,$946,$1656,$0,$1029,$-45,$1771,$3427,$26,$68,$92,$160,$-75,$-297,$146,$4,$-283,$-98,$-254,$0,$0,$6,$0,$6,$-1,$-249,$355,$0,$355,$8,$8,$-3,$-21,$339,$-9,$29,$-3
10,2016-03-31,42.42,$4.00,10.6,$9.52,4.46,$-3.17,0.0,$0.56,76.19,$1.77B,$0.61B,2.92,$0.77B,$1.74B,0.44,$4.21B,$2.01B,47.75%,$4.21B,$0.42B,9.89%,$4.21B,$0.42B,9.89%,$4.21B,$0.53B,12.55%,$4.21B,$0.40B,9.41%,$4.21B,$0.24B,5.70%,$0.24B,$1.74B,15.09%,$0.24B,$1.08B,26.02%,$0.24B,$3.22B,8.08%,$0.42B,$2.51B,18.53%,$1048,$567,$481,$0,$446,$1013,$35,$-2,$33,$14,$19,$19,$19,$67,$35,$434,443,$0.04,$0.04,$157,$834,$0,$1769,$602,$0,$662,$93,$1449,$3218,$606,$768,$103,$871,$1477,$0,$1082,$-44,$1741,$3218,$19,$32,$46,$78,$-137,$-46,$-1,$-15,$-225,$-128,$-105,$0,$0,$1,$0,$1,$0,$-103,$270,$0,$270,$4,$4,$0,$-15,$259,$27,$14,$0
11,2015-12-31,40.31,$3.86,10.44,$8.99,4.48,$-3.21,0.0,$0.54,74.29,$1.50B,$0.48B,3.13,$0.62B,$1.67B,0.37,$3.96B,$1.91B,48.08%,$3.96B,$0.41B,10.32%,$3.96B,$0.41B,10.32%,$3.96B,$0.51B,12.87%,$3.96B,$0.39B,9.76%,$3.96B,$0.23B,5.88%,$0.23B,$1.67B,15.52%,$0.23B,$1.01B,28.13%,$0.23B,$2.87B,8.32%,$0.41B,$2.29B,19.28%,$1171,$609,$562,$0,$384,$993,$178,$-6,$171,$66,$106,$106,$106,$206,$178,$431,442,$0.25,$0.24,$130,$783,$0,$1499,$539,$0,$661,$76,$1367,$2866,$479,$624,$95,$719,$1198,$0,$1077,$-45,$1668,$2866,$233,$101,$176,$277,$-192,$-279,$-23,$-76,$-495,$15,$-299,$0,$-539,$-7,$0,$-7,$-3,$-847,$385,$0,$385,$10,$10,$0,$-14,$381,$-463,$60,$0
12,2015-09-30,48.39,$3.56,13.6,$8.38,5.78,$-2.39,0.0,$0.50,96.57,$1.77B,$0.85B,2.09,$0.56B,$1.54B,0.36,$3.69B,$1.79B,48.54%,$3.69B,$0.38B,10.22%,$3.69B,$0.38B,10.22%,$3.69B,$0.47B,12.74%,$3.69B,$0.36B,9.71%,$3.69B,$0.22B,5.83%,$0.22B,$1.54B,15.12%,$0.22B,$0.86B,24.52%,$0.22B,$3.03B,8.24%,$0.38B,$2.10B,19.33%,$1204,$617,$587,$0,$416,$1033,$171,$-7,$164,$64,$100,$100,$100,$198,$171,$431,442,$0.23,$0.23,$159,$867,$0,$1773,$478,$0,$672,$66,$1259,$3032,$849,$559,$89,$649,$1497,$0,$971,$-39,$1535,$3032,$127,$72,$74,$146,$-289,$-358,$58,$-53,$-587,$-313,$-227,$0,$-539,$-12,$0,$-12,$-3,$-781,$620,$0,$620,$8,$8,$0,$40,$668,$-434,$45,$0
13,2015-06-30,41.72,$3.28,12.71,$7.88,5.3,$-1.57,0.0,$0.48,86.84,$1.56B,$0.59B,2.64,$0.67B,$1.42B,0.47,$3.42B,$1.67B,48.74%,$3.42B,$0.35B,10.29%,$3.42B,$0.35B,10.29%,$3.42B,$0.44B,12.74%,$3.42B,$0.34B,9.79%,$3.42B,$0.20B,5.96%,$0.20B,$1.42B,15.10%,$0.20B,$0.74B,21.79%,$0.20B,$2.76B,8.70%,$0.35B,$2.09B,19.74%,$784,$405,$379,$0,$347,$752,$32,$-4,$28,$13,$15,$15,$15,$57,$32,$431,440,$0.03,$0.03,$149,$837,$0,$1558,$431,$0,$676,$63,$1201,$2759,$591,$670,$82,$752,$1343,$0,$871,$-27,$1416,$2759,$26,$46,$36,$82,$-85,$-313,$170,$-21,$-288,$-180,$-165,$0,$-539,$-22,$0,$-22,$-2,$-729,$432,$0,$432,$5,$5,$0,$37,$473,$-444,$21,$0
14,2015-03-31,40.38,$3.21,12.57,$7.54,5.35,$-1.05,0.0,$0.49,83.16,$1.43B,$0.45B,3.2,$0.63B,$1.39B,0.46,$3.25B,$1.59B,48.92%,$3.25B,$0.36B,10.93%,$3.25B,$0.36B,10.93%,$3.25B,$0.43B,13.27%,$3.25B,$0.34B,10.50%,$3.25B,$0.21B,6.37%,$0.21B,$1.39B,16.14%,$0.21B,$0.70B,20.74%,$0.21B,$2.55B,9.76%,$0.36B,$2.02B,22.31%,$805,$427,$378,$0,$350,$777,$28,$-4,$24,$12,$12,$12,$12,$49,$28,$429,439,$0.03,$0.03,$225,$578,$0,$1434,$359,$0,$683,$54,$1110,$2545,$448,$630,$82,$712,$1160,$0,$857,$-27,$1385,$2545,$12,$21,$41,$62,$-127,$-50,$40,$-40,$-250,$-177,$-69,$0,$-539,$-7,$0,$-7,$-2,$-617,$393,$0,$393,$3,$3,$0,$34,$429,$-368,$9,$0
15,2014-12-31,33.95,$3.26,10.41,$7.24,4.69,$-0.94,0.0,$0.49,69.19,$1.55B,$0.42B,3.68,$0.26B,$1.35B,0.19,$3.09B,$1.51B,49.01%,$3.09B,$0.35B,11.47%,$3.09B,$0.35B,11.47%,$3.09B,$0.43B,13.81%,$3.09B,$0.34B,11.09%,$3.09B,$0.21B,6.77%,$0.21B,$1.35B,17.22%,$0.21B,$1.20B,19.70%,$0.21B,$2.10B,11.09%,$0.35B,$1.61B,25.72%,$895,$449,$446,$0,$300,$749,$146,$-4,$142,$54,$88,$88,$88,$166,$146,$426,439,$0.20,$0.19,$593,$537,$0,$1549,$306,$0,$149,$57,$546,$2095,$422,$255,$68,$323,$745,$0,$857,$-15,$1350,$2095,$208,$72,$77,$149,$-101,$-85,$49,$-33,$-138,$219,$-141,$0,$-11,$0,$0,$0,$-1,$-152,$131,$0,$131,$16,$16,$0,$35,$182,$246,$51,$0
16,2014-09-30,34.55,$3.03,11.4,$6.83,5.06,$-1.04,0.0,$0.44,79.15,$1.46B,$0.49B,2.99,$0.17B,$1.25B,0.14,$2.87B,$1.42B,49.29%,$2.87B,$0.31B,10.65%,$2.87B,$0.31B,10.65%,$2.87B,$0.37B,12.98%,$2.87B,$0.30B,10.34%,$2.87B,$0.19B,6.44%,$0.19B,$1.25B,16.24%,$0.19B,$1.10B,18.73%,$0.19B,$1.98B,10.54%,$0.31B,$1.43B,24.48%,$938,$473,$465,$0,$319,$792,$146,$-5,$141,$52,$89,$89,$89,$164,$146,$413,422,$0.22,$0.21,$249,$637,$0,$1464,$265,$0,$152,$50,$514,$1978,$490,$172,$61,$233,$724,$0,$770,$-7,$1254,$1978,$120,$52,$35,$87,$-248,$-177,$118,$-20,$-280,$-72,$-97,$0,$-11,$0,$0,$0,$-1,$-108,$39,$0,$39,$14,$14,$0,$31,$84,$-98,$39,$0
17,2014-06-30,29.75,$2.76,10.77,$6.34,4.69,$-1.06,0.0,$0.40,74.31,$1.37B,$0.48B,2.85,$0.18B,$1.14B,0.16,$2.66B,$1.30B,48.95%,$2.66B,$0.28B,10.57%,$2.66B,$0.28B,10.57%,$2.66B,$0.34B,12.87%,$2.66B,$0.28B,10.38%,$2.66B,$0.17B,6.36%,$0.17B,$1.14B,15.84%,$0.17B,$0.99B,17.74%,$0.17B,$1.86B,10.50%,$0.28B,$1.32B,24.49%,$610,$310,$300,$0,$265,$575,$35,$-1,$34,$16,$18,$18,$18,$52,$35,$413,421,$0.04,$0.04,$300,$662,$0,$1368,$255,$0,$154,$49,$496,$1864,$480,$177,$66,$243,$723,$0,$681,$0,$1141,$1864,$31,$34,$16,$51,$-53,$-195,$176,$-17,$-128,$-46,$-69,$0,$-11,$0,$0,$0,$-0,$-80,$44,$0,$44,$10,$10,$0,$25,$78,$-47,$24,$0
18,2014-03-31,28.66,$2.69,10.66,$5.99,4.79,$-1.10,0.0,$0.40,71.6,$1.13B,$0.39B,2.91,$0.05B,$1.11B,0.04,$2.50B,$1.22B,48.78%,$2.50B,$0.28B,11.11%,$2.50B,$0.28B,11.11%,$2.50B,$0.33B,13.34%,$2.50B,$0.27B,10.91%,$2.50B,$0.17B,6.75%,$0.17B,$1.11B,16.88%,$0.17B,$0.95B,18.29%,$0.17B,$1.60B,11.56%,$0.28B,$1.16B,26.48%,$642,$341,$301,$0,$274,$615,$27,$-2,$25,$12,$14,$14,$14,$44,$27,$411,420,$0.03,$0.03,$180,$472,$0,$1125,$241,$0,$155,$43,$474,$1599,$387,$47,$56,$103,$490,$0,$665,$1,$1109,$1599,$14,$17,$9,$27,$-121,$-4,$7,$-15,$-188,$-148,$-40,$0,$-11,$0,$0,$0,$-0,$-51,$-1,$0,$-1,$9,$9,$0,$24,$31,$-168,$13,$0
19,2013-12-31,21.83,$2.57,8.49,$5.60,3.9,$-0.88,0.0,$0.39,56.34,$1.13B,$0.43B,2.65,$0.05B,$1.05B,0.05,$2.33B,$1.14B,48.74%,$2.33B,$0.26B,11.32%,$2.33B,$0.26B,11.32%,$2.33B,$0.32B,13.50%,$2.33B,$0.26B,11.19%,$2.33B,$0.16B,6.99%,$0.16B,$1.05B,17.44%,$0.16B,$0.91B,18.20%,$0.16B,$1.58B,12.10%,$0.26B,$1.10B,26.81%,$683,$332,$350,$0,$252,$584,$98,$-1,$97,$33,$64,$64,$64,$113,$98,$408,418,$0.16,$0.15,$347,$469,$0,$1129,$224,$0,$146,$48,$449,$1578,$427,$48,$50,$98,$524,$0,$654,$2,$1053,$1578,$162,$51,$41,$91,$-36,$-157,$15,$-19,$-133,$120,$-88,$0,$-148,$0,$0,$0,$-2,$-238,$95,$0,$95,$15,$15,$0,$17,$127,$6,$43,$0
20,2013-09-30,19.86,$2.36,8.4,$5.19,3.83,$-0.59,0.0,$0.36,55.73,$1.12B,$0.33B,3.37,$0.05B,$0.97B,0.05,$2.16B,$1.04B,48.28%,$2.16B,$0.25B,11.50%,$2.16B,$0.25B,11.50%,$2.16B,$0.30B,13.68%,$2.16B,$0.24B,11.32%,$2.16B,$0.15B,6.91%,$0.15B,$0.97B,17.01%,$0.15B,$0.96B,17.09%,$0.15B,$1.40B,11.99%,$0.25B,$1.02B,26.75%,$723,$373,$350,$0,$229,$602,$121,$-1,$120,$47,$73,$73,$73,$133,$121,$409,417,$0.18,$0.18,$186,$497,$0,$1123,$202,$0,$4,$42,$274,$1397,$333,$49,$48,$98,$431,$0,$591,$2,$966,$1397,$98,$36,$29,$65,$-181,$-186,$42,$-7,$-275,$-112,$-62,$0,$0,$0,$0,$0,$-2,$-64,$-4,$0,$-4,$13,$13,$0,$14,$22,$-155,$26,$0
21,2013-06-30,14.93,$2.15,6.95,$4.85,3.08,$-0.28,0.0,$0.32,46.6,$1.01B,$0.30B,3.33,$0.05B,$0.88B,0.06,$2.01B,$0.97B,48.36%,$2.01B,$0.22B,10.86%,$2.01B,$0.22B,10.86%,$2.01B,$0.26B,13.15%,$2.01B,$0.21B,10.66%,$2.01B,$0.13B,6.62%,$0.13B,$0.88B,16.15%,$0.13B,$0.87B,16.23%,$0.13B,$1.28B,11.44%,$0.22B,$0.93B,25.05%,$455,$235,$220,$0,$187,$422,$32,$-2,$31,$13,$18,$18,$18,$44,$32,$408,416,$0.04,$0.04,$224,$491,$0,$1012,$191,$0,$4,$42,$263,$1275,$304,$50,$44,$94,$398,$0,$518,$-0,$877,$1275,$25,$24,$9,$32,$-38,$-176,$78,$-4,$-148,$-90,$-40,$0,$0,$0,$0,$0,$-2,$-42,$-3,$0,$-3,$10,$10,$0,$9,$16,$-118,$19,$0
22,2013-03-31,12.8,$2.07,6.18,$4.66,2.75,$-0.09,0.0,$0.29,43.46,$0.89B,$0.21B,4.3,$0.05B,$0.84B,0.06,$1.92B,$0.92B,47.87%,$1.92B,$0.20B,10.30%,$1.92B,$0.20B,10.30%,$1.92B,$0.24B,12.59%,$1.92B,$0.19B,10.09%,$1.92B,$0.12B,6.35%,$0.12B,$0.84B,15.71%,$0.12B,$0.84B,15.80%,$0.12B,$1.14B,11.14%,$0.20B,$0.90B,24.18%,$472,$255,$217,$0,$203,$458,$13,$-0,$13,$5,$8,$8,$8,$25,$13,$406,415,$0.02,$0.02,$256,$324,$0,$887,$181,$0,$4,$42,$253,$1140,$206,$52,$39,$91,$297,$0,$501,$0,$843,$1140,$8,$12,$11,$22,$-76,$-4,$-11,$10,$-105,$-75,$-18,$0,$0,$0,$0,$0,$0,$-18,$-1,$0,$-1,$5,$5,$0,$4,$7,$-86,$12,$0
23,2012-12-31,12.13,$2.01,6.02,$4.46,2.72,$-0.07,0.0,$0.31,38.81,$0.90B,$0.25B,3.58,$0.05B,$0.82B,0.07,$1.83B,$0.88B,47.87%,$1.83B,$0.21B,11.40%,$1.83B,$0.21B,11.40%,$1.83B,$0.25B,13.74%,$1.83B,$0.20B,11.12%,$1.83B,$0.13B,7.03%,$0.13B,$0.82B,17.56%,$0.13B,$0.81B,17.68%,$0.13B,$1.16B,12.40%,$0.21B,$0.87B,27.08%,$506,$252,$254,$0,$173,$424,$82,$-2,$80,$30,$50,$50,$50,$93,$82,$404,412,$0.13,$0.12,$342,$319,$0,$904,$181,$0,$4,$46,$253,$1157,$252,$53,$35,$88,$340,$0,$493,$2,$817,$1157,$129,$43,$19,$62,$-53,$5,$35,$-4,$9,$200,$-51,$0,$0,$0,$0,$0,$4,$-47,$-19,$0,$-19,$15,$15,$0,$17,$12,$166,$20,$0
24,2012-09-30,13.96,$1.87,7.46,$4.22,3.31,$-0.53,0.0,$0.27,51.45,$0.84B,$0.25B,3.32,$0.03B,$0.76B,0.04,$1.73B,$0.83B,48.06%,$1.73B,$0.18B,10.51%,$1.73B,$0.18B,10.51%,$1.73B,$0.23B,13.00%,$1.73B,$0.18B,10.28%,$1.73B,$0.11B,6.41%,$0.11B,$0.76B,16.10%,$0.11B,$0.75B,16.22%,$0.11B,$1.08B,11.32%,$0.18B,$0.79B,24.90%,$575,$295,$280,$0,$189,$484,$91,$-1,$90,$32,$57,$57,$57,$102,$91,$405,413,$0.14,$0.14,$157,$312,$0,$842,$170,$0,$5,$41,$236,$1079,$254,$31,$36,$66,$320,$0,$443,$1,$758,$1079,$79,$32,$10,$41,$-180,$13,$10,$2,$-126,$-6,$-38,$0,$0,$0,$0,$0,$-0,$-38,$-5,$0,$-5,$13,$13,$0,$16,$24,$-18,$15,$0
25,2012-06-30,11.81,$1.71,6.93,$3.98,2.97,$-0.90,0.0,$0.25,48.11,$0.78B,$0.25B,3.09,$0.03B,$0.69B,0.05,$1.62B,$0.78B,47.90%,$1.62B,$0.17B,10.23%,$1.62B,$0.17B,10.23%,$1.62B,$0.21B,12.76%,$1.62B,$0.16B,9.86%,$1.62B,$0.10B,6.17%,$0.10B,$0.69B,15.44%,$0.10B,$0.68B,15.55%,$0.10B,$1.01B,10.68%,$0.17B,$0.72B,23.71%,$369,$200,$169,$0,$158,$358,$12,$-1,$11,$4,$7,$7,$7,$22,$12,$404,410,$0.02,$0.02,$143,$381,$0,$777,$164,$0,$5,$41,$227,$1005,$252,$31,$33,$64,$316,$0,$386,$1,$689,$1005,$21,$21,$6,$27,$-43,$-58,$45,$-2,$-75,$-27,$-24,$0,$0,$0,$0,$0,$-0,$-24,$-4,$0,$-4,$10,$10,$0,$13,$19,$-32,$10,$0
26,2012-03-31,11.75,$1.67,7.03,$3.79,3.1,$-1.06,0.0,$0.25,47.86,$0.69B,$0.18B,3.8,$0.03B,$0.67B,0.05,$1.54B,$0.74B,48.12%,$1.54B,$0.17B,10.69%,$1.54B,$0.17B,10.69%,$1.54B,$0.20B,13.21%,$1.54B,$0.16B,10.36%,$1.54B,$0.10B,6.41%,$0.10B,$0.67B,16.23%,$0.10B,$0.67B,16.34%,$0.10B,$0.92B,11.30%,$0.17B,$0.71B,24.91%,$384,$209,$175,$0,$151,$360,$24,$-1,$23,$8,$15,$15,$15,$35,$24,$402,409,$0.04,$0.04,$107,$324,$0,$694,$158,$0,$5,$48,$226,$920,$183,$32,$31,$63,$246,$0,$380,$2,$674,$920,$15,$11,$1,$12,$-60,$2,$-6,$5,$-100,$-73,$-9,$0,$0,$0,$0,$0,$-0,$-9,$-2,$0,$-2,$7,$7,$0,$10,$14,$-68,$6,$0
27,2011-12-31,8.97,$1.59,5.65,$3.62,2.48,$-1.10,0.0,$0.24,37.55,$0.69B,$0.18B,3.76,$0.07B,$0.64B,0.11,$1.47B,$0.71B,48.40%,$1.47B,$0.16B,11.00%,$1.47B,$0.16B,11.00%,$1.47B,$0.20B,13.51%,$1.47B,$0.16B,10.66%,$1.47B,$0.10B,6.52%,$0.10B,$0.64B,16.76%,$0.10B,$0.63B,16.87%,$0.10B,$0.92B,11.72%,$0.16B,$0.71B,26.17%,$403,$195,$208,$0,$153,$348,$55,$-1,$54,$21,$33,$33,$32,$66,$55,$399,407,$0.08,$0.08,$175,$324,$0,$690,$159,$0,$6,$49,$230,$919,$184,$71,$28,$99,$283,$0,$366,$2,$636,$919,$97,$36,$28,$64,$-34,$-115,$17,$-43,$-146,$15,$-56,$0,$-23,$0,$-4,$-4,$-6,$-89,$23,$0,$23,$15,$15,$0,$8,$46,$-28,$18,$0
28,2011-09-30,8.3,$1.48,5.6,$3.39,2.45,$-0.94,0.0,$0.22,38.49,$0.67B,$0.21B,3.21,$0.07B,$0.59B,0.12,$1.37B,$0.66B,48.21%,$1.37B,$0.14B,10.36%,$1.37B,$0.14B,10.36%,$1.37B,$0.18B,12.84%,$1.37B,$0.14B,9.99%,$1.37B,$0.09B,6.35%,$0.09B,$0.59B,16.17%,$0.09B,$0.59B,16.28%,$0.09B,$0.90B,11.47%,$0.14B,$0.67B,24.97%,$466,$240,$225,$0,$150,$391,$75,$-3,$72,$26,$46,$46,$46,$84,$75,$399,407,$0.12,$0.11,$68,$319,$0,$672,$163,$0,$3,$41,$228,$900,$209,$73,$25,$99,$308,$0,$334,$2,$592,$900,$64,$26,$14,$40,$-135,$-107,$19,$-23,$-230,$-126,$-68,$0,$0,$0,$-4,$-4,$-6,$-78,$55,$0,$55,$10,$10,$0,$5,$70,$-136,$14,$0
29,2011-06-30,9.66,$1.35,7.16,$3.08,3.14,$-0.60,0.0,$0.19,50.92,$0.62B,$0.17B,3.6,$0.03B,$0.54B,0.06,$1.23B,$0.60B,48.87%,$1.23B,$0.12B,10.05%,$1.23B,$0.12B,10.05%,$1.23B,$0.16B,12.72%,$1.23B,$0.12B,9.81%,$1.23B,$0.08B,6.16%,$0.08B,$0.54B,15.04%,$0.08B,$0.54B,15.15%,$0.08B,$0.77B,10.95%,$0.12B,$0.57B,23.83%,$291,$157,$135,$0,$123,$280,$11,$-1,$11,$4,$6,$6,$6,$19,$11,$399,407,$0.02,$0.02,$120,$311,$0,$621,$91,$0,$3,$30,$145,$766,$173,$31,$24,$55,$228,$0,$288,$3,$538,$766,$18,$17,$1,$17,$-31,$-96,$33,$-8,$-119,$-84,$-30,$0,$0,$0,$-4,$-4,$-1,$-35,$21,$0,$21,$9,$9,$0,$5,$35,$-84,$7,$0
30,2011-03-31,8.51,$1.31,6.48,$2.88,2.96,$-0.39,0.0,$0.18,46.41,$0.56B,$0.14B,4.1,$0.01B,$0.53B,0.02,$1.15B,$0.57B,49.48%,$1.15B,$0.12B,10.45%,$1.15B,$0.12B,10.45%,$1.15B,$0.15B,13.33%,$1.15B,$0.12B,10.10%,$1.15B,$0.07B,6.36%,$0.07B,$0.53B,15.32%,$0.07B,$0.52B,15.46%,$0.07B,$0.69B,11.32%,$0.12B,$0.53B,24.72%,$313,$168,$145,$0,$124,$292,$21,$-1,$20,$8,$12,$12,$12,$30,$21,$398,406,$0.03,$0.03,$111,$249,$0,$558,$80,$0,$4,$28,$134,$692,$136,$8,$23,$30,$167,$0,$282,$3,$525,$692,$12,$9,$-1,$7,$-57,$-33,$4,$-2,$-105,$-85,$-11,$0,$0,$0,$-4,$-4,$-1,$-16,$-2,$0,$-2,$7,$7,$0,$4,$8,$-93,$3,$0
31,2010-12-31,6.86,$1.25,5.46,$2.69,2.55,$-0.20,0.0,$0.17,39.92,$0.56B,$0.15B,3.73,$0.01B,$0.50B,0.02,$1.06B,$0.53B,49.91%,$1.06B,$0.11B,10.62%,$1.06B,$0.11B,10.62%,$1.06B,$0.14B,13.53%,$1.06B,$0.11B,10.15%,$1.06B,$0.07B,6.39%,$0.07B,$0.50B,15.16%,$0.07B,$0.49B,15.32%,$0.07B,$0.68B,11.16%,$0.11B,$0.51B,24.69%,$301,$146,$156,$0,$120,$266,$35,$-1,$34,$12,$23,$23,$23,$43,$35,$393,397,$0.06,$0.06,$204,$215,$0,$556,$76,$0,$4,$18,$120,$675,$149,$9,$20,$29,$178,$0,$270,$2,$497,$675,$68,$31,$10,$41,$-32,$-65,$16,$-4,$-59,$50,$-30,$0,$0,$0,$-11,$-11,$-0,$-42,$-4,$0,$-4,$7,$7,$0,$4,$7,$17,$16,$0
32,2010-09-30,5.63,$1.17,4.82,$2.50,2.26,$-0.00,0.0,$0.15,36.65,$0.54B,$0.15B,3.52,$0.01B,$0.46B,0.02,$0.99B,$0.49B,49.64%,$0.99B,$0.11B,10.66%,$0.99B,$0.11B,10.66%,$0.99B,$0.14B,13.71%,$0.99B,$0.10B,10.15%,$0.99B,$0.06B,6.09%,$0.06B,$0.46B,14.14%,$0.06B,$0.46B,14.31%,$0.06B,$0.64B,10.40%,$0.11B,$0.47B,24.19%,$329,$161,$167,$0,$111,$272,$57,$-1,$56,$21,$35,$35,$35,$65,$57,$394,396,$0.09,$0.09,$134,$196,$0,$536,$77,$0,$4,$5,$107,$643,$152,$10,$19,$29,$181,$0,$247,$1,$461,$643,$46,$23,$5,$28,$-100,$-45,$22,$-5,$-106,$-32,$-23,$0,$0,$0,$0,$0,$-0,$-23,$-2,$0,$-2,$4,$4,$0,$3,$5,$-53,$10,$0
33,2010-06-30,4.14,$1.07,3.86,$2.35,1.76,$0.16,25.92,$0.13,31.14,$0.47B,$0.12B,3.81,$0.01B,$0.42B,0.02,$0.93B,$0.46B,49.14%,$0.93B,$0.10B,10.26%,$0.93B,$0.10B,10.26%,$0.93B,$0.12B,13.39%,$0.93B,$0.09B,9.83%,$0.93B,$0.05B,5.51%,$0.05B,$0.42B,12.64%,$0.05B,$0.42B,12.82%,$0.05B,$0.57B,9.35%,$0.10B,$0.43B,23.02%,$205,$105,$100,$0,$93,$198,$7,$-1,$6,$3,$4,$4,$3,$15,$7,$393,395,$0.01,$0.01,$156,$179,$0,$468,$75,$0,$5,$5,$103,$570,$123,$7,$17,$24,$147,$0,$213,$3,$423,$570,$11,$15,$10,$25,$-22,$-32,$14,$-0,$-48,$-12,$-15,$0,$0,$0,$0,$0,$-0,$-16,$-5,$0,$-5,$2,$2,$0,$1,$-1,$-31,$6,$0
34,2010-03-31,3.68,$1.05,3.49,$2.25,1.63,$0.22,16.83,$0.13,28.74,$0.45B,$0.11B,4.01,$0.01B,$0.41B,0.02,$0.89B,$0.43B,48.42%,$0.89B,$0.09B,10.27%,$0.89B,$0.09B,10.27%,$0.89B,$0.12B,13.43%,$0.89B,$0.09B,9.82%,$0.89B,$0.05B,5.53%,$0.05B,$0.41B,12.74%,$0.05B,$0.41B,12.95%,$0.05B,$0.55B,9.36%,$0.09B,$0.42B,23.04%,$229,$122,$108,$0,$94,$216,$14,$-1,$12,$5,$7,$7,$7,$21,$14,$390,394,$0.02,$0.02,$166,$148,$0,$447,$75,$0,$5,$5,$102,$549,$112,$9,$16,$25,$136,$0,$209,$2,$413,$549,$7,$8,$2,$9,$-35,$2,$-0,$4,$-28,$-12,$-7,$0,$0,$0,$0,$0,$-0,$-7,$-2,$0,$-2,$1,$1,$0,$1,$-1,$-21,$3,$0
35,2009-12-31,3.41,$1.03,3.32,$2.19,1.56,$0.24,14.13,$0.12,28.38,$0.45B,$0.12B,3.73,$0.01B,$0.40B,0.03,$0.86B,$0.41B,47.84%,$0.86B,$0.09B,9.92%,$0.86B,$0.09B,9.92%,$0.86B,$0.11B,13.19%,$0.86B,$0.08B,9.57%,$0.86B,$0.05B,5.37%,$0.05B,$0.40B,12.56%,$0.05B,$0.39B,12.78%,$0.05B,$0.55B,9.19%,$0.09B,$0.41B,22.55%,$222,$108,$114,$0,$87,$195,$27,$-1,$26,$11,$15,$15,$15,$34,$27,$386,392,$0.04,$0.04,$187,$148,$0,$448,$73,$0,$6,$5,$98,$546,$120,$11,$14,$25,$146,$0,$202,$0,$400,$546,$47,$28,$4,$32,$4,$33,$-4,$2,$40,$119,$-20,$0,$0,$0,$0,$0,$-0,$-20,$-25,$0,$-25,$5,$5,$0,$4,$-16,$85,$13,$0
36,2009-09-30,3.48,$0.97,3.58,$2.08,1.67,$0.07,51.31,$0.10,33.64,$0.42B,$0.12B,3.64,$0.01B,$0.38B,0.03,$0.81B,$0.39B,47.30%,$0.81B,$0.08B,9.95%,$0.81B,$0.08B,9.95%,$0.81B,$0.11B,13.27%,$0.81B,$0.07B,9.09%,$0.81B,$0.04B,4.79%,$0.04B,$0.38B,11.17%,$0.04B,$0.37B,11.37%,$0.04B,$0.52B,8.02%,$0.08B,$0.39B,22.48%,$270,$136,$133,$0,$86,$222,$47,$-0,$47,$21,$26,$26,$26,$54,$47,$388,393,$0.07,$0.07,$93,$153,$0,$419,$74,$0,$6,$5,$97,$516,$115,$10,$13,$23,$139,$0,$187,$-0,$378,$516,$32,$21,$-2,$19,$-58,$28,$-14,$0,$-25,$26,$-16,$0,$0,$0,$0,$0,$-0,$-16,$-27,$0,$-27,$4,$4,$0,$3,$-20,$-9,$8,$0
37,2009-06-30,2.8,$0.90,3.11,$1.99,1.41,$-0.02,0.0,$0.10,27.4,$0.39B,$0.11B,3.57,$0.01B,$0.35B,0.04,$0.78B,$0.37B,47.68%,$0.78B,$0.08B,10.31%,$0.78B,$0.08B,10.31%,$0.78B,$0.11B,13.66%,$0.78B,$0.07B,9.28%,$0.78B,$0.04B,4.90%,$0.04B,$0.35B,11.36%,$0.04B,$0.34B,11.56%,$0.04B,$0.48B,7.99%,$0.08B,$0.36B,23.04%,$165,$91,$74,$0,$70,$161,$3,$-1,$2,$1,$1,$1,$1,$10,$3,$385,392,$0.00,$0.00,$80,$181,$0,$386,$75,$0,$7,$4,$96,$482,$108,$12,$14,$26,$134,$0,$161,$0,$348,$482,$5,$14,$-2,$11,$-2,$0,$-3,$3,$-9,$7,$-12,$0,$0,$0,$0,$0,$-0,$-12,$-25,$0,$-25,$3,$3,$0,$2,$-20,$-23,$5,$0
38,2009-03-31,2.05,$0.88,2.33,$1.97,1.04,$-0.12,0.0,$0.10,20.12,$0.36B,$0.10B,3.74,$0.01B,$0.34B,0.03,$0.77B,$0.37B,47.79%,$0.77B,$0.08B,10.42%,$0.77B,$0.08B,10.42%,$0.77B,$0.11B,13.67%,$0.77B,$0.07B,9.38%,$0.77B,$0.04B,4.95%,$0.04B,$0.34B,11.87%,$0.04B,$0.33B,12.07%,$0.04B,$0.46B,8.27%,$0.08B,$0.35B,23.93%,$200,$111,$89,$0,$81,$192,$8,$-1,$7,$3,$4,$4,$4,$15,$8,$383,390,$0.01,$0.01,$66,$164,$0,$364,$76,$0,$5,$4,$94,$458,$97,$11,$11,$22,$120,$0,$160,$1,$339,$458,$4,$7,$1,$8,$-23,$17,$-10,$4,$-13,$-2,$-8,$0,$0,$0,$0,$0,$0,$-8,$-27,$0,$-27,$1,$1,$0,$-1,$-27,$-36,$3,$0
39,2008-12-31,2.98,$0.87,3.44,$1.86,1.6,$-0.16,0.0,$0.10,29.95,$0.40B,$0.13B,2.98,$0.01B,$0.33B,0.04,$0.73B,$0.35B,48.69%,$0.73B,$0.08B,10.48%,$0.73B,$0.08B,10.48%,$0.73B,$0.10B,13.66%,$0.73B,$0.07B,9.66%,$0.73B,$0.04B,5.10%,$0.04B,$0.33B,12.05%,$0.04B,$0.33B,12.28%,$0.04B,$0.49B,8.37%,$0.08B,$0.34B,23.64%,$179,$90,$89,$0,$66,$156,$23,$-5,$18,$10,$8,$8,$8,$29,$23,$380,390,$0.02,$0.02,$102,$182,$0,$396,$74,$0,$5,$3,$91,$488,$133,$13,$10,$23,$156,$0,$156,$0,$331,$488,$38,$21,$20,$41,$3,$-19,$17,$-7,$-10,$70,$-39,$-1,$0,$0,$0,$0,$-3,$-42,$31,$0,$31,$2,$2,$0,$2,$35,$61,$8,$0
40,2008-09-30,3.97,$0.84,4.74,$1.85,2.14,$-0.36,0.0,$0.12,32.7,$0.39B,$0.13B,2.99,$0.02B,$0.32B,0.05,$0.72B,$0.36B,49.24%,$0.72B,$0.08B,11.23%,$0.72B,$0.08B,11.23%,$0.72B,$0.10B,14.29%,$0.72B,$0.08B,11.10%,$0.72B,$0.05B,6.38%,$0.05B,$0.32B,15.63%,$0.05B,$0.31B,15.96%,$0.05B,$0.48B,11.00%,$0.08B,$0.34B,26.30%,$232,$114,$118,$0,$72,$185,$46,$-2,$45,$19,$26,$26,$25,$52,$46,$381,391,$0.07,$0.07,$40,$164,$0,$388,$71,$0,$6,$4,$87,$475,$130,$15,$10,$25,$155,$0,$148,$1,$320,$475,$30,$15,$9,$24,$-61,$1,$9,$-9,$-48,$7,$-31,$0,$0,$0,$0,$0,$-3,$-34,$23,$0,$23,$2,$2,$0,$2,$27,$-0,$6,$0
41,2008-06-30,3.21,$0.77,4.19,$1.74,1.84,$-0.49,0.0,$0.11,29.9,$0.33B,$0.10B,3.34,$0.02B,$0.29B,0.06,$0.68B,$0.33B,49.11%,$0.68B,$0.07B,10.21%,$0.68B,$0.07B,10.21%,$0.68B,$0.09B,13.17%,$0.68B,$0.07B,10.21%,$0.68B,$0.04B,6.07%,$0.04B,$0.29B,14.67%,$0.04B,$0.29B,15.00%,$0.04B,$0.42B,10.37%,$0.07B,$0.31B,23.79%,$157,$86,$71,$0,$68,$153,$3,$-1,$2,$1,$1,$1,$1,$9,$3,$379,389,$0.00,$0.00,$13,$184,$0,$333,$66,$0,$6,$4,$84,$417,$100,$17,$10,$27,$127,$0,$122,$1,$291,$417,$4,$10,$2,$12,$-9,$-18,$3,$-5,$-38,$-22,$-20,$0,$0,$0,$0,$0,$-3,$-23,$15,$0,$15,$1,$1,$0,$2,$18,$-27,$4,$0
42,2008-03-31,4.58,$0.75,6.07,$1.65,2.78,$-0.51,0.0,$0.12,38.94,$0.31B,$0.08B,3.82,$0.01B,$0.29B,0.05,$0.64B,$0.32B,50.00%,$0.64B,$0.07B,11.56%,$0.64B,$0.07B,11.56%,$0.64B,$0.09B,14.22%,$0.64B,$0.08B,12.03%,$0.64B,$0.05B,7.19%,$0.05B,$0.29B,17.33%,$0.05B,$0.28B,17.76%,$0.05B,$0.39B,12.42%,$0.07B,$0.30B,27.16%,$157,$83,$75,$0,$71,$153,$4,$1,$5,$2,$3,$3,$3,$9,$4,$378,389,$0.01,$0.01,$18,$168,$0,$311,$57,$0,$6,$4,$77,$389,$81,$13,$8,$21,$103,$0,$121,$1,$286,$389,$3,$4,$1,$5,$-9,$-2,$-7,$-1,$-25,$-17,$-9,$0,$0,$0,$0,$0,$-3,$-11,$4,$0,$4,$1,$1,$0,$0,$5,$-23,$2,$0
43,2007-12-31,5.46,$0.74,7.34,$1.57,3.48,$-0.48,0.0,$0.14,40.26,$0.32B,$0.10B,3.37,$0.01B,$0.28B,0.04,$0.61B,$0.31B,50.41%,$0.61B,$0.09B,14.17%,$0.61B,$0.09B,14.17%,$0.61B,$0.10B,16.64%,$0.61B,$0.09B,14.66%,$0.61B,$0.05B,8.73%,$0.05B,$0.28B,21.14%,$0.05B,$0.27B,21.74%,$0.05B,$0.39B,15.34%,$0.09B,$0.29B,33.69%,$175,$84,$91,$0,$63,$147,$28,$-0,$28,$11,$17,$17,$17,$33,$28,$374,388,$0.04,$0.04,$41,$166,$0,$322,$52,$0,$6,$1,$68,$391,$96,$10,$5,$14,$110,$0,$118,$1,$280,$391,$53,$15,$1,$16,$-24,$-84,$12,$-2,$-83,$-15,$-34,$-0,$0,$0,$0,$0,$0,$-34,$8,$0,$8,$3,$3,$0,$7,$18,$-30,$4,$0
44,2007-09-30,7.48,$0.71,10.57,$1.47,5.09,$-0.37,0.0,$0.12,60.94,$0.32B,$0.12B,2.71,$0.00B,$0.26B,0.01,$0.57B,$0.28B,49.91%,$0.57B,$0.08B,13.40%,$0.57B,$0.08B,13.40%,$0.57B,$0.09B,15.70%,$0.57B,$0.08B,13.93%,$0.57B,$0.05B,8.47%,$0.05B,$0.26B,20.49%,$0.05B,$0.25B,21.15%,$0.05B,$0.38B,15.00%,$0.08B,$0.26B,32.07%,$187,$92,$95,$0,$61,$153,$34,$1,$34,$14,$20,$20,$20,$38,$34,$373,388,$0.05,$0.05,$14,$152,$0,$320,$48,$0,$7,$1,$64,$384,$118,$2,$3,$5,$123,$0,$101,$0,$261,$384,$36,$10,$1,$11,$-60,$-71,$24,$-5,$-93,$-47,$-26,$-0,$0,$0,$0,$0,$0,$-26,$8,$0,$8,$3,$3,$0,$6,$17,$-56,$3,$0
45,2007-06-30,5.71,$0.63,9.09,$1.32,4.33,$-0.25,0.0,$0.11,50.81,$0.26B,$0.08B,3.37,$0.00B,$0.24B,0.01,$0.51B,$0.25B,49.80%,$0.51B,$0.06B,12.60%,$0.51B,$0.06B,12.60%,$0.51B,$0.08B,14.96%,$0.51B,$0.07B,13.19%,$0.51B,$0.04B,8.66%,$0.04B,$0.24B,20.18%,$0.04B,$0.23B,20.90%,$0.04B,$0.32B,15.16%,$0.06B,$0.24B,28.93%,$121,$61,$59,$0,$51,$112,$8,$2,$10,$4,$6,$6,$6,$11,$8,$371,386,$0.02,$0.01,$26,$129,$0,$262,$41,$0,$7,$1,$56,$318,$78,$2,$3,$5,$83,$0,$81,$0,$235,$318,$16,$6,$-4,$2,$-11,$-46,$11,$-1,$-50,$-32,$-16,$-0,$0,$0,$0,$0,$0,$-16,$-1,$0,$-1,$2,$2,$0,$3,$4,$-45,$2,$0
46,2007-03-31,6.41,$0.61,10.55,$1.22,5.27,$-0.19,0.0,$0.10,61.3,$0.24B,$0.06B,4.17,$0.00B,$0.23B,0.01,$0.47B,$0.23B,49.68%,$0.47B,$0.06B,12.63%,$0.47B,$0.06B,12.63%,$0.47B,$0.07B,14.99%,$0.47B,$0.06B,13.06%,$0.47B,$0.04B,8.57%,$0.04B,$0.23B,19.88%,$0.04B,$0.22B,20.46%,$0.04B,$0.29B,14.93%,$0.06B,$0.23B,28.82%,$124,$64,$61,$0,$45,$108,$16,$1,$17,$7,$10,$10,$10,$19,$16,$369,386,$0.03,$0.03,$57,$80,$0,$239,$35,$0,$8,$2,$50,$289,$57,$3,$2,$5,$63,$0,$75,$-0,$227,$289,$10,$3,$-0,$3,$-13,$1,$-7,$1,$-21,$-8,$-8,$0,$0,$0,$0,$0,$0,$-8,$0,$0,$0,$1,$1,$0,$2,$3,$-13,$1,$0
47,2006-12-31,6.31,$0.58,10.89,$1.12,5.62,$-0.17,0.0,$0.10,61.83,$0.25B,$0.07B,3.42,$0.00B,$0.21B,0.01,$0.43B,$0.22B,49.88%,$0.43B,$0.06B,13.23%,$0.43B,$0.06B,13.23%,$0.43B,$0.07B,15.55%,$0.43B,$0.06B,13.69%,$0.43B,$0.04B,9.05%,$0.04B,$0.21B,21.11%,$0.04B,$0.21B,21.55%,$0.04B,$0.29B,15.69%,$0.06B,$0.22B,30.24%,$135,$67,$68,$0,$51,$118,$18,$1,$18,$7,$12,$12,$12,$21,$18,$364,384,$0.03,$0.03,$71,$81,$0,$245,$30,$0,$8,$1,$44,$289,$72,$3,$1,$3,$75,$0,$66,$-0,$214,$289,$39,$10,$-1,$9,$-21,$-27,$8,$-4,$-37,$11,$-15,$0,$0,$0,$0,$0,$0,$-15,$-2,$0,$-2,$4,$4,$0,$11,$13,$8,$2,$0
