,Date,Stock Price,Book Value per Share,Price to Book Ratio,TTM Sales per Share,Price to Sales Ratio,TTM FCF per Share,Price to FCF Ratio,TTM Net EPS,PE Ratio,Current Assets,Current Liabilities,Current Ratio,Long Term Debt,Shareholder's Equity_x,Debt to Equity Ratio,TTM Revenue_x,TTM Gross Profit,Gross Margin,TTM Revenue_y,TTM Operating Income,Operating Margin,TTM Revenue_x,TTM EBIT,EBIT Margin,TTM Revenue_y,TTM EBITDA,EBITDA Margin,TTM Revenue_x,TTM Pre-Tax Income,Pre-Tax Margin,TTM Revenue_y,TTM Net Income_x,Net Margin,TTM Net Income_y,Shareholder's Equity_y,Return on Equity,TTM Net Income_x,Tangible Equity,Return on Tangible Equity,TTM Net Income_y,Total Assets,Return on Assets,TTM Net Income,LT Investments & Debt,Return on Investment,revenue,cost-goods-sold,gross-profit,research-development-expenses,selling-general-administrative-expenses,operating-expenses,operating-income,total-non-operating-income-expense,pre-tax-income,total-provision-income-taxes,income-after-taxes,income-from-continuous-operations,net-income,ebitda,ebit,basic-shares-outstanding,shares-outstanding,eps-basic-net-earnings-per-share,eps-earnings-per-share-diluted,cash-on-hand,inventory,other-current-assets,total-current-assets,net-property-plant-equipment,long-term-investments,goodwill-intangible-assets-total,other-long-term-assets,total-long-term-assets,total-assets,total-current-liabilities,long-term-debt,other-non-current-liabilities,total-long-term-liabilities,total-liabilities,common-stock-net,retained-earnings-accumulated-deficit,comprehensive-income,total-share-holder-equity,total-liabilities-share-holders-equity,net-income-loss,total-depreciation-amortization-cash-flow,other-non-cash-items,total-non-cash-items,change-in-accounts-receivable,change-in-inventories,change-in-accounts-payable,change-in-assets-liabilities,total-change-in-assets-liabilities,cash-flow-from-operating-activities,net-change-in-property-plant-equipment,net-change-in-intangible-assets,net-acquisitions-divestitures,net-change-in-short-term-investments,net-change-in-long-term-investments,net-change-in-investments-total,investing-activities-other,cash-flow-from-investing-activities,net-long-term-debt,net-current-debt,debt-issuance-retirement-net-total,net-common-equity-issued-repurchased,net-total-equity-issued-repurchased,total-common-preferred-stock-dividends-paid,financial-activities-other,cash-flow-from-financial-activities,net-cash-flow,stock-based-compensation,common-stock-dividends-paid
0,2018-09-30,11.1,$6.33,1.75,$2.33,4.76,$1.04,10.7,$0.70,15.86,$0.79B,$0.79B,1.0,$0.01B,$0.11B,0.1,$0.04B,$0.04B,92.50%,$0.04B,$0.02B,45.00%,$0.04B,0,0.00%,$0.04B,0,0.00%,$0.04B,$0.02B,45.00%,$0.04B,$0.01B,30.00%,$0.01B,$0.11B,11.51%,$0.01B,$0.10B,12.00%,$0.01B,$0.90B,1.39%,$0.02B,$0.12B,15.79%,$10,$1,$10,$0,$5,$5,$5,$0,$5,$1,$4,$4,$4,$0,$0,$17,17,$0.21,$0.21,$207,$0,$0,$786,$10,$67,$4,$34,$119,$904,$787,$10,$0,$10,$797,$58,$48,$1,$107,$904,$10,$1,$-0,$1,$-3,$0,$0,$1,$-4,$7,$-1,$0,$0,$0,$-21,$-21,$26,$4,$0,$0,$0,$0,$0,$-3,$91,$88,$99,$1,$-3
1,2018-06-30,11.11,$6.23,1.79,$2.30,4.84,$0.88,12.69,$0.65,17.1,$0.77B,$0.76B,1.0,$0.01B,$0.11B,0.1,$0.04B,$0.04B,90.00%,$0.04B,$0.02B,45.00%,$0.04B,0,0.00%,$0.04B,0,0.00%,$0.04B,$0.02B,45.00%,$0.04B,$0.01B,27.50%,$0.01B,$0.11B,10.71%,$0.01B,$0.10B,11.17%,$0.01B,$0.88B,1.30%,$0.02B,$0.12B,16.00%,$10,$1,$9,$0,$4,$5,$5,$0,$5,$1,$3,$3,$3,$0,$0,$17,17,$0.20,$0.20,$191,$0,$0,$765,$10,$62,$4,$35,$114,$879,$764,$10,$0,$10,$774,$58,$46,$1,$105,$879,$7,$1,$-0,$0,$-2,$0,$-0,$0,$-4,$3,$-1,$0,$0,$0,$-15,$-15,$28,$13,$0,$0,$0,$0,$0,$-2,$69,$68,$83,$0,$-2
2,2018-03-31,10.58,$6.13,1.73,$2.27,4.66,$0.81,13.02,$0.60,17.63,$0.76B,$0.74B,1.03,$0.01B,$0.10B,0.09,$0.04B,$0.04B,92.31%,$0.04B,$0.02B,43.59%,$0.04B,0,0.00%,$0.04B,0,0.00%,$0.04B,$0.02B,43.59%,$0.04B,$0.01B,25.64%,$0.01B,$0.10B,9.85%,$0.01B,$0.10B,10.31%,$0.01B,$0.86B,1.22%,$0.02B,$0.11B,15.32%,$10,$0,$9,$0,$5,$5,$4,$0,$4,$1,$3,$3,$3,$0,$0,$17,17,$0.19,$0.19,$165,$0,$0,$760,$10,$45,$4,$33,$94,$855,$742,$10,$0,$10,$751,$58,$44,$1,$104,$855,$3,$0,$0,$1,$1,$0,$0,$-0,$-1,$3,$-0,$0,$0,$0,$2,$2,$6,$8,$0,$0,$0,$0,$0,$0,$47,$47,$57,$0,$0
3,2017-12-31,10.76,$6.00,1.79,$2.20,4.88,$0.78,13.83,$0.51,21.09,$0.71B,$0.70B,1.02,$0.01B,$0.10B,0.1,$0.04B,$0.04B,92.11%,$0.04B,$0.02B,42.11%,$0.04B,0,0.00%,$0.04B,0,0.00%,$0.04B,$0.02B,42.11%,$0.04B,$0.01B,23.68%,$0.01B,$0.10B,9.00%,$0.01B,$0.10B,9.40%,$0.01B,$0.81B,1.12%,$0.02B,$0.11B,14.58%,$10,$0,$9,$0,$5,$6,$4,$0,$4,$2,$2,$2,$2,$0,$0,$17,17,$0.10,$0.10,$108,$0,$0,$708,$10,$47,$4,$34,$98,$806,$695,$10,$0,$10,$704,$58,$44,$-1,$101,$806,$9,$2,$1,$3,$-3,$0,$-0,$-1,$-4,$8,$-1,$0,$0,$1,$10,$10,$-30,$-21,$0,$0,$0,$0,$0,$-3,$11,$8,$-5,$0,$-3
4,2017-09-30,9.22,$5.99,1.54,$2.13,4.33,$0.89,10.31,$0.50,18.48,$0.74B,$0.73B,1.01,$0.01B,$0.10B,0.09,$0.04B,$0.03B,91.89%,$0.04B,$0.02B,40.54%,$0.04B,0,0.00%,$0.04B,0,0.00%,$0.04B,$0.02B,40.54%,$0.04B,$0.01B,24.32%,$0.01B,$0.10B,9.09%,$0.01B,$0.10B,9.52%,$0.01B,$0.84B,1.13%,$0.02B,$0.11B,13.86%,$10,$0,$9,$0,$5,$5,$5,$0,$5,$2,$3,$3,$3,$0,$0,$17,17,$0.16,$0.16,$161,$0,$0,$741,$10,$50,$4,$34,$103,$844,$733,$10,$0,$10,$742,$58,$44,$-0,$101,$844,$7,$1,$0,$2,$-2,$0,$-0,$-1,$-4,$5,$-1,$0,$0,$-0,$8,$8,$-11,$-5,$0,$0,$0,$0,$0,$-2,$49,$47,$47,$0,$-2
5,2017-06-30,8.93,$5.90,1.51,$2.06,4.34,$1.01,8.89,$0.46,19.56,$0.67B,$0.67B,1.0,$0.01B,$0.10B,0.1,$0.04B,$0.03B,91.67%,$0.04B,$0.01B,36.11%,$0.04B,0,0.00%,$0.04B,0,0.00%,$0.04B,$0.01B,36.11%,$0.04B,$0.01B,22.22%,$0.01B,$0.10B,8.18%,$0.01B,$0.10B,8.60%,$0.01B,$0.78B,1.02%,$0.01B,$0.11B,12.21%,$9,$0,$9,$0,$5,$5,$4,$0,$4,$2,$2,$2,$2,$0,$0,$17,17,$0.15,$0.15,$110,$0,$0,$674,$11,$55,$4,$33,$107,$782,$673,$9,$0,$9,$682,$58,$42,$-0,$100,$782,$4,$1,$0,$1,$-1,$0,$-0,$-0,$-3,$2,$-1,$0,$0,$-0,$3,$3,$4,$5,$0,$0,$0,$0,$0,$-1,$-10,$-11,$-4,$0,$-1
6,2017-03-31,6.94,$5.84,1.19,$2.01,3.44,$1.08,6.4,$0.42,16.4,$0.68B,$0.68B,1.0,$0.01B,$0.10B,0.09,$0.04B,$0.03B,91.43%,$0.04B,$0.01B,34.29%,$0.04B,0,0.00%,$0.04B,0,0.00%,$0.04B,$0.01B,34.29%,$0.04B,$0.01B,22.86%,$0.01B,$0.10B,8.31%,$0.01B,$0.09B,8.74%,$0.01B,$0.78B,1.03%,$0.01B,$0.11B,11.48%,$9,$0,$8,$0,$5,$6,$3,$0,$3,$1,$2,$2,$2,$0,$0,$17,17,$0.10,$0.10,$134,$0,$0,$677,$11,$57,$4,$32,$107,$784,$676,$9,$0,$9,$686,$58,$41,$-1,$98,$784,$2,$0,$0,$1,$1,$0,$-0,$-0,$-0,$2,$-1,$0,$0,$-0,$1,$1,$23,$24,$0,$0,$0,$0,$0,$0,$-6,$-6,$20,$0,$0
7,2016-12-31,7.37,$5.79,1.27,$2.01,3.66,$0.95,7.73,$0.43,17.17,$0.68B,$0.68B,1.0,$0.01B,$0.10B,0.09,$0.04B,$0.03B,91.43%,$0.04B,$0.01B,34.29%,$0.04B,0,0.00%,$0.04B,0,0.00%,$0.04B,$0.01B,34.29%,$0.04B,$0.01B,22.86%,$0.01B,$0.10B,8.47%,$0.01B,$0.09B,8.91%,$0.01B,$0.79B,1.05%,$0.01B,$0.11B,11.74%,$9,$0,$8,$0,$5,$6,$3,$0,$3,$1,$2,$2,$2,$0,$0,$17,17,$0.10,$0.10,$114,$0,$0,$680,$10,$58,$4,$32,$108,$788,$682,$9,$0,$9,$691,$57,$41,$-1,$97,$788,$7,$2,$3,$5,$-2,$0,$0,$-2,$-2,$9,$-1,$0,$0,$1,$-28,$-27,$-49,$-77,$0,$0,$0,$0,$0,$0,$55,$55,$-13,$0,$0
8,2016-09-30,5.89,$5.67,1.04,$1.98,2.98,$0.96,6.11,$0.43,13.54,$0.67B,$0.68B,0.99,$0.01B,$0.10B,0.09,$0.03B,$0.03B,94.12%,$0.03B,$0.01B,35.29%,$0.03B,0,0.00%,$0.03B,0,0.00%,$0.03B,$0.01B,35.29%,$0.03B,$0.01B,23.53%,$0.01B,$0.10B,8.63%,$0.01B,$0.09B,9.09%,$0.01B,$0.78B,1.07%,$0.01B,$0.10B,11.94%,$9,$0,$8,$0,$5,$5,$3,$0,$3,$1,$2,$2,$2,$0,$0,$17,17,$0.12,$0.12,$113,$0,$0,$669,$10,$61,$4,$32,$113,$782,$678,$8,$0,$8,$686,$55,$40,$-0,$96,$782,$6,$1,$0,$1,$-1,$0,$0,$-2,$-1,$6,$-1,$0,$0,$-0,$-30,$-30,$-39,$-70,$0,$0,$0,$0,$0,$0,$49,$49,$-14,$0,$0
9,2016-06-30,5.92,$5.55,1.07,$1.97,3.01,$1.01,5.88,$0.43,13.76,$0.65B,$0.64B,1.01,$0.01B,$0.09B,0.08,$0.03B,$0.03B,96.97%,$0.03B,$0.01B,36.36%,$0.03B,0,0.00%,$0.03B,0,0.00%,$0.03B,$0.01B,36.36%,$0.03B,$0.01B,24.24%,$0.01B,$0.09B,8.82%,$0.01B,$0.09B,9.28%,$0.01B,$0.74B,1.09%,$0.01B,$0.10B,12.18%,$8,$0,$8,$0,$5,$5,$3,$0,$3,$1,$2,$2,$2,$0,$0,$17,17,$0.12,$0.12,$96,$0,$0,$649,$10,$44,$4,$32,$95,$744,$643,$8,$0,$8,$650,$54,$39,$-0,$94,$744,$4,$1,$-0,$1,$-1,$0,$-0,$-2,$-1,$3,$-0,$0,$0,$-0,$-12,$-12,$-37,$-49,$0,$0,$0,$0,$0,$0,$15,$15,$-31,$0,$0
10,2016-03-31,4.57,$5.42,0.84,$1.97,2.32,$1.12,4.07,$0.44,10.49,$0.64B,$0.64B,0.99,$0.01B,$0.09B,0.09,$0.03B,$0.03B,96.97%,$0.03B,$0.01B,36.36%,$0.03B,0,0.00%,$0.03B,0,0.00%,$0.03B,$0.01B,36.36%,$0.03B,$0.01B,24.24%,$0.01B,$0.09B,9.01%,$0.01B,$0.09B,9.47%,$0.01B,$0.74B,1.12%,$0.01B,$0.10B,12.34%,$9,$0,$8,$0,$5,$6,$3,$0,$3,$1,$2,$2,$2,$0,$0,$17,17,$0.10,$0.10,$127,$0,$0,$638,$11,$45,$4,$38,$103,$742,$642,$8,$0,$8,$650,$53,$38,$-0,$91,$742,$2,$0,$-0,$0,$-1,$0,$0,$-2,$-2,$-0,$-0,$0,$0,$-0,$-14,$-14,$-2,$-16,$0,$0,$0,$0,$0,$0,$16,$16,$-0,$0,$0
11,2015-12-31,4.89,$5.53,0.88,$1.90,2.57,$1.26,3.86,$0.40,12.11,$0.64B,$0.63B,1.01,$0.01B,$0.09B,0.09,$0.03B,$0.03B,100.00%,$0.03B,$0.01B,35.48%,$0.03B,0,0.00%,$0.03B,0,0.00%,$0.03B,$0.01B,35.48%,$0.03B,$0.01B,22.58%,$0.01B,$0.09B,8.05%,$0.01B,$0.09B,8.46%,$0.01B,$0.73B,1.00%,$0.01B,$0.10B,11.46%,$8,$0,$8,$0,$5,$5,$3,$0,$3,$1,$2,$2,$2,$0,$0,$17,17,$0.09,$0.09,$127,$0,$0,$635,$11,$32,$4,$38,$90,$726,$628,$8,$0,$8,$636,$53,$37,$-0,$90,$726,$7,$2,$2,$3,$-0,$0,$-0,$-1,$-1,$9,$-1,$0,$0,$-0,$17,$17,$-58,$-42,$-2,$0,$-2,$0,$0,$0,$56,$55,$22,$0,$0
12,2015-09-30,4.75,$5.22,0.91,$1.88,2.52,$1.25,3.81,$0.40,11.87,$0.62B,$0.62B,1.0,$0.01B,$0.09B,0.09,$0.03B,$0.03B,100.00%,$0.03B,$0.01B,36.67%,$0.03B,0,0.00%,$0.03B,0,0.00%,$0.03B,$0.01B,36.67%,$0.03B,$0.01B,23.33%,$0.01B,$0.09B,8.21%,$0.01B,$0.08B,8.64%,$0.01B,$0.72B,1.02%,$0.01B,$0.10B,11.61%,$8,$0,$8,$0,$5,$5,$3,$0,$3,$1,$2,$2,$2,$0,$0,$17,17,$0.11,$0.11,$118,$0,$0,$624,$11,$35,$4,$37,$94,$718,$622,$8,$0,$8,$630,$52,$36,$-0,$88,$718,$5,$1,$0,$2,$-0,$0,$-0,$-1,$-0,$7,$-0,$0,$0,$-0,$13,$13,$-56,$-43,$-2,$0,$-2,$0,$0,$0,$51,$49,$13,$0,$0
13,2015-06-30,4.47,$5.10,0.88,$1.85,2.42,$1.20,3.72,$0.39,11.57,$0.58B,$0.59B,0.99,$0.01B,$0.09B,0.12,$0.03B,$0.03B,96.67%,$0.03B,$0.01B,36.67%,$0.03B,0,0.00%,$0.03B,0,0.00%,$0.03B,$0.01B,36.67%,$0.03B,$0.01B,23.33%,$0.01B,$0.09B,8.38%,$0.01B,$0.08B,8.83%,$0.01B,$0.68B,1.03%,$0.01B,$0.10B,11.76%,$8,$0,$8,$0,$5,$5,$3,$0,$3,$1,$2,$2,$2,$0,$0,$17,17,$0.13,$0.13,$84,$0,$0,$578,$11,$44,$4,$38,$104,$682,$586,$10,$0,$10,$596,$51,$35,$-0,$86,$682,$3,$1,$0,$1,$-0,$0,$-0,$-1,$0,$5,$-0,$0,$0,$-0,$5,$5,$-46,$-41,$0,$0,$0,$0,$0,$0,$15,$15,$-21,$0,$0
14,2015-03-31,4.71,$4.99,0.94,$1.84,2.56,$1.11,4.26,$0.39,12.07,$0.57B,$0.58B,0.98,$0.01B,$0.08B,0.12,$0.03B,$0.03B,96.67%,$0.03B,$0.01B,36.67%,$0.03B,0,0.00%,$0.03B,0,0.00%,$0.03B,$0.01B,36.67%,$0.03B,$0.01B,23.33%,$0.01B,$0.08B,8.54%,$0.01B,$0.08B,9.03%,$0.01B,$0.68B,1.04%,$0.01B,$0.09B,11.96%,$7,$0,$7,$0,$5,$5,$2,$0,$2,$1,$1,$1,$1,$0,$0,$17,17,$0.08,$0.08,$87,$0,$0,$570,$11,$48,$4,$38,$108,$678,$584,$10,$0,$10,$594,$50,$34,$-0,$84,$678,$1,$0,$1,$1,$-0,$0,$0,$-1,$-0,$2,$-0,$0,$0,$-0,$1,$1,$-34,$-33,$0,$0,$0,$0,$0,$0,$13,$13,$-18,$0,$0
15,2014-12-31,4.75,$5.11,0.93,$1.79,2.66,$1.10,4.3,$0.37,12.83,$0.55B,$0.57B,0.97,$0.01B,$0.08B,0.12,$0.03B,$0.03B,93.33%,$0.03B,$0.01B,33.33%,$0.03B,0,0.00%,$0.03B,0,0.00%,$0.03B,$0.01B,33.33%,$0.03B,$0.01B,23.33%,$0.01B,$0.08B,8.72%,$0.01B,$0.08B,9.24%,$0.01B,$0.66B,1.05%,$0.01B,$0.09B,11.02%,$7,$0,$7,$0,$4,$5,$3,$0,$3,$1,$2,$2,$2,$0,$0,$17,17,$0.09,$0.09,$105,$0,$0,$554,$12,$49,$4,$37,$109,$663,$570,$10,$0,$10,$580,$49,$34,$-0,$83,$663,$6,$2,$3,$5,$-0,$0,$-0,$-0,$-2,$9,$-1,$0,$0,$-0,$-4,$-4,$-59,$-64,$0,$0,$0,$0,$0,$0,$23,$23,$-32,$0,$0
16,2014-09-30,4.8,$4.82,1.0,$1.74,2.76,$1.25,3.83,$0.45,10.57,$0.57B,$0.60B,0.96,$0.01B,$0.08B,0.12,$0.03B,$0.03B,90.00%,$0.03B,$0.01B,23.33%,$0.03B,0,0.00%,$0.03B,0,0.00%,$0.03B,$0.01B,23.33%,$0.03B,$0.01B,26.67%,$0.01B,$0.08B,10.16%,$0.01B,$0.08B,10.77%,$0.01B,$0.69B,1.21%,$0.01B,$0.09B,7.82%,$8,$0,$7,$0,$5,$5,$3,$-0,$3,$1,$2,$2,$2,$0,$0,$17,17,$0.10,$0.10,$136,$0,$0,$574,$12,$51,$4,$38,$116,$690,$599,$10,$0,$10,$609,$48,$33,$-0,$81,$690,$5,$1,$-1,$0,$-0,$0,$-0,$-0,$1,$6,$-1,$0,$0,$-0,$-5,$-5,$-49,$-55,$0,$0,$0,$0,$0,$0,$48,$49,$-0,$0,$0
17,2014-06-30,4.74,$4.72,1.0,$1.70,2.78,$1.43,3.32,$0.47,10.13,$0.54B,$0.56B,0.95,$0.01B,$0.08B,0.13,$0.03B,$0.03B,93.10%,$0.03B,$0.01B,24.14%,$0.03B,0,0.00%,$0.03B,0,0.00%,$0.03B,$0.01B,24.14%,$0.03B,$0.01B,27.59%,$0.01B,$0.08B,10.42%,$0.01B,$0.08B,11.07%,$0.01B,$0.65B,1.22%,$0.01B,$0.09B,7.98%,$8,$0,$8,$0,$5,$5,$3,$0,$3,$1,$2,$2,$2,$0,$0,$17,17,$0.12,$0.12,$122,$0,$0,$535,$12,$52,$4,$37,$118,$653,$563,$10,$0,$10,$573,$47,$32,$-0,$80,$653,$3,$1,$-1,$-0,$-0,$0,$-0,$0,$1,$4,$-0,$0,$0,$-0,$-7,$-7,$-24,$-32,$0,$0,$0,$0,$0,$0,$14,$14,$-15,$0,$0
18,2014-03-31,4.67,$4.60,1.02,$1.62,2.89,$1.46,3.2,$0.43,10.89,$0.54B,$0.57B,0.94,$0.01B,$0.08B,0.15,$0.03B,$0.03B,89.29%,$0.03B,$0.01B,21.43%,$0.03B,0,0.00%,$0.03B,0,0.00%,$0.03B,$0.01B,21.43%,$0.03B,$0.01B,25.00%,$0.01B,$0.08B,9.36%,$0.01B,$0.07B,9.96%,$0.01B,$0.66B,1.08%,$0.01B,$0.09B,6.98%,$7,$0,$6,$0,$5,$5,$1,$0,$1,$1,$1,$1,$1,$0,$0,$17,17,$0.06,$0.06,$138,$0,$0,$540,$12,$57,$5,$37,$123,$663,$574,$12,$0,$12,$585,$47,$31,$-0,$77,$663,$1,$0,$0,$1,$0,$0,$0,$-0,$1,$2,$-0,$0,$0,$-0,$-9,$-9,$-17,$-26,$0,$0,$0,$0,$0,$0,$26,$26,$1,$0,$0
19,2013-12-31,4.11,$4.73,0.87,$1.60,2.57,$1.34,3.06,$0.44,9.42,$0.52B,$0.55B,0.95,$0.01B,$0.08B,0.15,$0.03B,$0.03B,92.59%,$0.03B,$0.01B,25.93%,$0.03B,0,0.00%,$0.03B,0,0.00%,$0.03B,$0.01B,25.93%,$0.03B,$0.01B,25.93%,$0.01B,$0.08B,9.59%,$0.01B,$0.07B,10.22%,$0.01B,$0.64B,1.09%,$0.01B,$0.09B,8.33%,$7,$0,$6,$0,$6,$7,$0,$0,$0,$-3,$3,$3,$3,$0,$0,$17,17,$0.20,$0.20,$137,$0,$0,$522,$12,$48,$5,$37,$114,$636,$548,$11,$0,$11,$559,$46,$31,$-0,$77,$636,$7,$1,$-3,$-2,$0,$0,$-0,$1,$7,$12,$-1,$0,$0,$-0,$-13,$-13,$16,$2,$0,$0,$0,$0,$0,$0,$-21,$-21,$-6,$0,$0
20,2013-09-30,3.5,$4.36,0.8,$1.58,2.21,$1.23,2.83,$0.35,10.12,$0.56B,$0.58B,0.97,$0.01B,$0.07B,0.15,$0.03B,$0.03B,96.15%,$0.03B,$0.01B,23.08%,$0.03B,0,0.00%,$0.03B,0,0.00%,$0.03B,$0.01B,26.92%,$0.03B,$0.01B,19.23%,$0.01B,$0.07B,7.04%,$0.01B,$0.07B,7.49%,$0.01B,$0.66B,0.77%,$0.01B,$0.08B,7.32%,$7,$0,$7,$0,$4,$4,$3,$0,$3,$1,$2,$2,$2,$0,$0,$17,17,$0.11,$0.11,$183,$0,$0,$558,$12,$37,$5,$40,$104,$662,$577,$11,$0,$11,$588,$45,$29,$-0,$73,$662,$4,$1,$-2,$-1,$0,$0,$-0,$-1,$6,$9,$-1,$0,$0,$-0,$-1,$-1,$24,$23,$0,$0,$0,$0,$0,$0,$8,$8,$40,$0,$0
21,2013-06-30,3.47,$4.30,0.81,$1.58,2.2,$1.14,3.04,$0.32,10.95,$0.54B,$0.55B,0.97,$0.01B,$0.07B,0.15,$0.03B,$0.03B,96.15%,$0.03B,$0.01B,19.23%,$0.03B,0,0.00%,$0.03B,0,0.00%,$0.03B,$0.01B,23.08%,$0.03B,$0.00B,15.38%,$0.00B,$0.07B,5.73%,$0.00B,$0.07B,6.13%,$0.00B,$0.64B,0.63%,$0.01B,$0.08B,6.23%,$7,$0,$6,$0,$4,$5,$2,$0,$2,$1,$1,$1,$1,$0,$0,$17,17,$0.08,$0.08,$140,$0,$0,$535,$12,$30,$5,$44,$100,$636,$553,$11,$0,$11,$564,$44,$27,$-0,$72,$636,$2,$1,$-1,$-0,$0,$0,$-0,$-0,$2,$4,$-0,$0,$0,$-0,$6,$6,$3,$9,$0,$0,$0,$0,$0,$0,$-16,$-16,$-3,$0,$0
22,2013-03-31,3.61,$4.23,0.85,$1.76,2.05,$1.20,3.0,$0.36,9.92,$0.53B,$0.56B,0.95,$0.01B,$0.07B,0.15,$0.03B,$0.03B,96.55%,$0.03B,$0.01B,24.14%,$0.03B,0,0.00%,$0.03B,0,0.00%,$0.03B,$0.01B,27.59%,$0.03B,$0.01B,17.24%,$0.01B,$0.07B,7.33%,$0.01B,$0.07B,7.84%,$0.01B,$0.64B,0.79%,$0.01B,$0.08B,8.95%,$6,$0,$6,$0,$4,$5,$2,$0,$2,$1,$1,$1,$1,$0,$0,$17,17,$0.06,$0.06,$138,$0,$0,$526,$12,$32,$5,$51,$110,$637,$555,$11,$0,$11,$566,$44,$27,$0,$70,$637,$1,$0,$-0,$0,$0,$0,$0,$-0,$-1,$-0,$0,$0,$0,$-0,$4,$4,$4,$8,$0,$0,$0,$0,$0,$0,$-13,$-13,$-5,$0,$0
23,2012-12-31,2.05,$4.29,0.48,$1.84,1.11,$1.32,1.56,$0.37,5.56,$0.53B,$0.57B,0.94,$0.01B,$0.07B,0.15,$0.03B,$0.03B,93.55%,$0.03B,$0.01B,22.58%,$0.03B,0,0.00%,$0.03B,0,0.00%,$0.03B,$0.01B,22.58%,$0.03B,$0.01B,16.13%,$0.01B,$0.07B,7.49%,$0.01B,$0.07B,8.06%,$0.01B,$0.65B,0.80%,$0.01B,$0.08B,9.18%,$6,$1,$6,$0,$7,$7,$-1,$0,$0,$-1,$1,$1,$1,$0,$0,$17,17,$0.09,$0.09,$143,$0,$0,$533,$12,$36,$5,$53,$116,$649,$569,$10,$0,$10,$579,$43,$26,$0,$69,$649,$6,$2,$2,$4,$0,$0,$-0,$-1,$-0,$10,$-1,$0,$0,$1,$10,$11,$9,$19,$0,$0,$0,$0,$0,$0,$-11,$-11,$17,$0,$0
24,2012-09-30,2.01,$4.10,0.49,$1.97,1.02,$1.09,1.85,$0.08,25.22,$0.51B,$0.56B,0.92,$0.01B,$0.07B,0.14,$0.03B,$0.03B,93.94%,$0.03B,$0.01B,27.27%,$0.03B,0,0.00%,$0.03B,0,0.00%,$0.03B,$0.01B,15.15%,$0.03B,$0.00B,3.03%,$0.00B,$0.07B,1.54%,$0.00B,$0.06B,1.67%,$0.00B,$0.63B,0.16%,$0.01B,$0.08B,12.16%,$7,$1,$7,$0,$4,$5,$2,$0,$2,$1,$1,$1,$1,$0,$0,$17,17,$0.08,$0.08,$143,$0,$0,$509,$12,$46,$5,$51,$124,$634,$556,$10,$0,$10,$566,$42,$25,$0,$68,$634,$5,$1,$-0,$1,$0,$0,$-0,$-1,$2,$7,$-1,$0,$0,$1,$0,$1,$33,$33,$0,$0,$0,$0,$0,$0,$-23,$-23,$17,$0,$0
25,2012-06-30,1.9,$3.99,0.48,$2.16,0.88,$1.09,1.74,$-0.09,0.0,$0.49B,$0.53B,0.92,$0.01B,$0.07B,0.14,$0.04B,$0.03B,94.44%,$0.04B,$0.01B,19.44%,$0.04B,0,0.00%,$0.04B,0,0.00%,$0.04B,$0.00B,5.56%,$0.04B,$-0.00B,-2.78%,$-0.00B,$0.07B,-1.56%,$-0.00B,$0.06B,-1.69%,$-0.00B,$0.61B,-0.16%,$0.01B,$0.08B,8.81%,$10,$1,$9,$0,$5,$6,$4,$0,$4,$1,$2,$2,$2,$0,$0,$17,17,$0.13,$0.13,$101,$0,$0,$486,$13,$39,$5,$52,$119,$606,$531,$9,$0,$9,$540,$42,$24,$-0,$66,$606,$3,$1,$-1,$-0,$0,$0,$-0,$0,$2,$5,$-0,$0,$0,$0,$6,$6,$14,$20,$0,$0,$0,$0,$0,$0,$-49,$-49,$-25,$0,$0
26,2012-03-31,1.92,$3.85,0.5,$2.07,0.93,$1.08,1.78,$-0.41,0.0,$0.50B,$0.55B,0.91,$0.01B,$0.06B,0.15,$0.03B,$0.03B,94.12%,$0.03B,$-0.01B,-20.59%,$0.03B,0,0.00%,$0.03B,0,0.00%,$0.03B,$-0.01B,-35.29%,$0.03B,$-0.01B,-26.47%,$-0.01B,$0.06B,-13.79%,$-0.01B,$0.06B,-14.94%,$-0.01B,$0.62B,-1.38%,$-0.01B,$0.07B,-8.02%,$8,$1,$7,$0,$5,$6,$2,$-0,$1,$0,$1,$1,$1,$0,$0,$17,17,$0.06,$0.06,$113,$0,$0,$498,$13,$39,$5,$58,$126,$624,$551,$10,$0,$10,$560,$42,$22,$-0,$64,$624,$1,$0,$0,$1,$0,$0,$-0,$0,$1,$2,$-0,$0,$0,$0,$2,$2,$11,$13,$0,$0,$0,$0,$0,$0,$-29,$-29,$-14,$0,$0
27,2011-12-31,1.69,$3.92,0.43,$2.11,0.8,$1.11,1.53,$-0.45,0.0,$0.52B,$0.58B,0.9,$0.01B,$0.06B,0.15,$0.03B,$0.03B,94.12%,$0.03B,$-0.01B,-23.53%,$0.03B,0,0.00%,$0.03B,0,0.00%,$0.03B,$-0.01B,-38.24%,$0.03B,$-0.01B,-29.41%,$-0.01B,$0.06B,-14.76%,$-0.01B,$0.06B,-16.06%,$-0.01B,$0.65B,-1.51%,$-0.01B,$0.07B,-8.29%,$8,$1,$8,$0,$7,$8,$1,$-2,$-2,$1,$-3,$-3,$-3,$0,$0,$17,17,$-0.21,$-0.21,$126,$0,$0,$523,$13,$43,$5,$57,$129,$651,$580,$9,$0,$9,$589,$41,$21,$-1,$62,$651,$-11,$3,$15,$18,$0,$0,$-0,$0,$-1,$6,$-1,$0,$0,$2,$13,$15,$21,$35,$-32,$0,$-32,$0,$0,$0,$17,$-15,$26,$0,$0
28,2011-09-30,2.28,$3.96,0.58,$2.10,1.09,$1.35,1.7,$-0.61,0.0,$0.53B,$0.57B,0.93,$0.03B,$0.07B,0.52,$0.03B,$0.03B,91.18%,$0.03B,$-0.02B,-52.94%,$0.03B,0,0.00%,$0.03B,0,0.00%,$0.03B,$-0.02B,-61.76%,$0.03B,$-0.01B,-38.24%,$-0.01B,$0.07B,-18.44%,$-0.01B,$0.06B,-20.16%,$-0.01B,$0.67B,-1.94%,$-0.02B,$0.10B,-16.71%,$10,$1,$10,$0,$9,$10,$0,$-1,$-1,$0,$-1,$-1,$-1,$0,$0,$17,17,$-0.08,$-0.08,$123,$0,$0,$528,$13,$49,$5,$67,$141,$668,$569,$34,$0,$34,$603,$41,$25,$-1,$65,$668,$-7,$3,$14,$16,$0,$0,$-0,$0,$-1,$7,$-1,$0,$0,$2,$4,$6,$11,$17,$-7,$0,$-7,$0,$0,$0,$5,$-2,$22,$0,$0
29,2011-06-30,2.35,$4.25,0.55,$2.05,1.15,$1.40,1.68,$-0.50,0.0,$0.52B,$0.55B,0.93,$0.04B,$0.07B,0.51,$0.03B,$0.03B,87.88%,$0.03B,$-0.02B,-51.52%,$0.03B,0,0.00%,$0.03B,0,0.00%,$0.03B,$-0.02B,-60.61%,$0.03B,$-0.01B,-36.36%,$-0.01B,$0.07B,-16.22%,$-0.01B,$0.07B,-17.84%,$-0.01B,$0.66B,-1.77%,$-0.02B,$0.11B,-15.01%,$8,$1,$7,$0,$15,$18,$-10,$-0,$-10,$-4,$-6,$-6,$-6,$0,$0,$17,17,$-0.39,$-0.39,$99,$0,$0,$516,$13,$51,$5,$66,$143,$659,$553,$36,$0,$36,$589,$41,$30,$-1,$70,$659,$-6,$2,$12,$14,$0,$0,$-0,$-0,$-3,$5,$-1,$0,$0,$2,$2,$4,$7,$10,$-7,$0,$-7,$0,$0,$0,$-10,$-17,$-2,$0,$0
30,2011-03-31,2.73,$4.46,0.61,$2.23,1.22,$1.45,1.89,$-0.28,0.0,$0.52B,$0.56B,0.93,$0.04B,$0.07B,0.49,$0.04B,$0.03B,88.89%,$0.04B,$-0.01B,-13.89%,$0.04B,0,0.00%,$0.04B,0,0.00%,$0.04B,$-0.01B,-25.00%,$0.04B,$-0.01B,-13.89%,$-0.01B,$0.07B,-6.58%,$-0.01B,$0.07B,-7.30%,$-0.01B,$0.67B,-0.72%,$-0.01B,$0.11B,-4.24%,$8,$1,$7,$0,$6,$7,$1,$-1,$0,$0,$0,$0,$0,$0,$0,$17,17,$0.03,$0.03,$105,$0,$0,$522,$13,$53,$7,$66,$148,$670,$560,$36,$0,$36,$597,$40,$34,$-0,$74,$670,$0,$0,$2,$2,$0,$0,$-0,$-0,$-0,$3,$-0,$0,$0,$3,$0,$3,$8,$11,$-7,$0,$-7,$0,$0,$0,$-2,$-9,$5,$0,$0
31,2010-12-31,2.79,$4.62,0.6,$2.33,1.2,$1.55,1.8,$-0.27,0.0,$0.53B,$0.56B,0.94,$0.04B,$0.07B,0.58,$0.04B,$0.03B,86.84%,$0.04B,$-0.00B,-10.53%,$0.04B,0,0.00%,$0.04B,0,0.00%,$0.04B,$-0.01B,-21.05%,$0.04B,$-0.01B,-13.16%,$-0.01B,$0.07B,-6.51%,$-0.01B,$0.07B,-7.27%,$-0.01B,$0.68B,-0.71%,$-0.00B,$0.12B,-3.29%,$8,$1,$7,$0,$15,$17,$-9,$-2,$-10,$-4,$-6,$-6,$-6,$0,$0,$17,17,$-0.35,$-0.35,$103,$0,$0,$530,$13,$53,$7,$66,$149,$678,$562,$43,$0,$43,$605,$40,$34,$-0,$73,$678,$-4,$4,$14,$18,$-0,$0,$-0,$0,$-4,$10,$-1,$0,$0,$-1,$21,$19,$53,$72,$-8,$0,$-8,$0,$0,$0,$-4,$-12,$69,$0,$0
32,2010-09-30,3.33,$4.76,0.7,$2.55,1.31,$1.80,1.85,$0.06,53.56,$0.57B,$0.59B,0.96,$0.04B,$0.08B,0.54,$0.04B,$0.04B,85.71%,$0.04B,$0.01B,11.90%,$0.04B,0,0.00%,$0.04B,0,0.00%,$0.04B,$0.00B,2.38%,$0.04B,$0.00B,2.38%,$0.00B,$0.08B,1.29%,$0.00B,$0.07B,1.45%,$0.00B,$0.71B,0.14%,$0.01B,$0.12B,4.02%,$9,$1,$8,$0,$7,$8,$1,$-1,$0,$0,$0,$0,$0,$0,$0,$17,17,$0.02,$0.02,$106,$0,$0,$566,$13,$59,$7,$59,$144,$710,$589,$42,$0,$42,$632,$39,$40,$-1,$79,$710,$1,$3,$5,$8,$0,$0,$-0,$-0,$-2,$8,$-0,$0,$0,$2,$16,$18,$32,$50,$-8,$0,$-8,$0,$0,$0,$25,$17,$75,$0,$0
33,2010-06-30,2.64,$4.72,0.56,$2.58,1.03,$1.98,1.34,$0.08,31.56,$0.57B,$0.59B,0.97,$0.05B,$0.08B,0.61,$0.04B,$0.04B,83.72%,$0.04B,$0.01B,13.95%,$0.04B,0,0.00%,$0.04B,0,0.00%,$0.04B,$0.00B,4.65%,$0.04B,$0.00B,4.65%,$0.00B,$0.08B,2.60%,$0.00B,$0.07B,2.95%,$0.00B,$0.71B,0.28%,$0.01B,$0.13B,4.76%,$11,$1,$10,$0,$6,$9,$2,$-1,$1,$1,$1,$1,$1,$0,$0,$17,17,$0.03,$0.03,$81,$0,$0,$566,$13,$62,$8,$57,$146,$712,$586,$47,$0,$47,$634,$39,$40,$-1,$78,$712,$1,$3,$3,$6,$0,$0,$-0,$-0,$-2,$5,$-0,$0,$0,$2,$13,$15,$11,$26,$-3,$0,$-3,$0,$0,$0,$22,$19,$50,$0,$0
34,2010-03-31,3.56,$4.65,0.77,$2.51,1.42,$2.05,1.74,$-0.30,0.0,$0.55B,$0.59B,0.93,$0.05B,$0.08B,0.62,$0.04B,$0.03B,80.95%,$0.04B,$-0.00B,-7.14%,$0.04B,0,0.00%,$0.04B,0,0.00%,$0.04B,$-0.01B,-16.67%,$0.04B,$-0.01B,-11.90%,$-0.01B,$0.08B,-6.58%,$-0.01B,$0.07B,-7.55%,$-0.01B,$0.71B,-0.70%,$-0.00B,$0.12B,-2.27%,$10,$1,$8,$0,$7,$8,$2,$-1,$1,$0,$0,$0,$0,$0,$0,$17,17,$0.02,$0.02,$42,$0,$0,$548,$13,$71,$9,$63,$164,$712,$587,$48,$0,$48,$635,$38,$40,$-2,$77,$712,$0,$1,$3,$3,$0,$0,$-0,$1,$0,$4,$-0,$0,$0,$-1,$3,$3,$-16,$-14,$-3,$0,$-3,$0,$0,$0,$21,$18,$9,$0,$0
35,2009-12-31,3.13,$4.78,0.66,$2.55,1.23,$2.01,1.56,$-0.27,0.0,$0.53B,$0.57B,0.93,$0.05B,$0.08B,0.67,$0.04B,$0.03B,80.95%,$0.04B,$-0.00B,-7.14%,$0.04B,0,0.00%,$0.04B,0,0.00%,$0.04B,$-0.01B,-16.67%,$0.04B,$-0.00B,-9.52%,$-0.00B,$0.08B,-5.21%,$-0.00B,$0.07B,-6.06%,$-0.00B,$0.69B,-0.55%,$-0.00B,$0.13B,-2.14%,$12,$2,$10,$0,$10,$12,$-0,$-1,$-1,$-1,$-0,$-0,$-0,$0,$0,$17,17,$-0.02,$-0.02,$33,$0,$0,$528,$13,$74,$9,$62,$166,$693,$567,$51,$0,$51,$617,$38,$40,$-2,$76,$693,$-5,$5,$15,$20,$-0,$0,$-0,$-0,$-2,$13,$-0,$0,$0,$17,$22,$39,$20,$58,$-49,$-67,$-115,$-0,$-0,$-0,$53,$-62,$10,$0,$-0
36,2009-09-30,3.17,$4.65,0.68,$2.61,1.22,$1.96,1.62,$-0.19,0.0,$0.55B,$0.59B,0.92,$0.05B,$0.08B,0.67,$0.04B,$0.03B,79.07%,$0.04B,$-0.00B,-2.33%,$0.04B,0,0.00%,$0.04B,0,0.00%,$0.04B,$-0.01B,-11.63%,$0.04B,$-0.00B,-6.98%,$-0.00B,$0.08B,-3.86%,$-0.00B,$0.07B,-4.55%,$-0.00B,$0.72B,-0.41%,$-0.00B,$0.13B,-0.65%,$10,$2,$8,$0,$6,$8,$2,$-1,$1,$0,$1,$1,$1,$0,$0,$17,17,$0.04,$0.04,$25,$0,$0,$546,$13,$83,$10,$60,$176,$722,$594,$52,$0,$52,$645,$37,$41,$-2,$77,$722,$-4,$5,$11,$16,$-0,$0,$-0,$1,$-1,$11,$-0,$0,$0,$18,$13,$31,$-2,$29,$-49,$-52,$-101,$0,$0,$-0,$64,$-37,$3,$0,$-0
37,2009-06-30,3.52,$4.48,0.79,$2.77,1.27,$1.95,1.8,$-0.25,0.0,$0.56B,$0.59B,0.94,$0.08B,$0.07B,1.03,$0.05B,$0.04B,76.09%,$0.05B,$-0.01B,-13.04%,$0.05B,0,0.00%,$0.05B,0,0.00%,$0.05B,$-0.01B,-19.57%,$0.05B,$-0.01B,-10.87%,$-0.01B,$0.07B,-6.37%,$-0.01B,$0.06B,-7.60%,$-0.01B,$0.74B,-0.66%,$-0.01B,$0.15B,-3.95%,$10,$2,$8,$0,$12,$17,$-7,$-1,$-8,$-2,$-6,$-6,$-6,$0,$0,$16,16,$-0.35,$-0.35,$20,$0,$0,$555,$14,$84,$10,$66,$184,$739,$589,$76,$0,$76,$665,$36,$41,$-4,$74,$739,$-5,$4,$10,$14,$-0,$0,$-0,$-0,$-3,$6,$-0,$0,$0,$17,$9,$26,$-18,$8,$-25,$5,$-20,$0,$0,$-0,$2,$-17,$-3,$0,$-0
38,2009-03-31,5.09,$4.84,1.05,$2.95,1.72,$2.00,2.55,$0.23,22.04,$0.55B,$0.58B,0.96,$0.08B,$0.08B,0.95,$0.05B,$0.04B,73.47%,$0.05B,$0.00B,8.16%,$0.05B,0,0.00%,$0.05B,0,0.00%,$0.05B,$0.00B,4.08%,$0.05B,$0.00B,6.12%,$0.00B,$0.08B,3.73%,$0.00B,$0.07B,4.49%,$0.00B,$0.73B,0.39%,$0.00B,$0.16B,2.76%,$10,$2,$8,$0,$6,$9,$2,$-0,$1,$0,$1,$1,$1,$0,$0,$17,17,$0.05,$0.05,$19,$0,$0,$553,$14,$90,$13,$55,$181,$733,$578,$76,$0,$76,$654,$36,$48,$-4,$80,$733,$1,$1,$2,$3,$-0,$0,$-0,$0,$-0,$3,$-0,$0,$0,$16,$4,$20,$-0,$20,$-25,$-17,$-42,$0,$0,$-0,$14,$-28,$-5,$0,$-0
39,2008-12-31,7.93,$5.02,1.58,$3.23,2.46,$1.94,4.09,$0.32,24.64,$0.57B,$0.58B,0.99,$0.10B,$0.08B,1.26,$0.05B,$0.04B,70.37%,$0.05B,$0.01B,12.96%,$0.05B,0,0.00%,$0.05B,0,0.00%,$0.05B,$0.01B,9.26%,$0.05B,$0.01B,9.26%,$0.01B,$0.08B,6.15%,$0.01B,$0.07B,7.43%,$0.01B,$0.76B,0.65%,$0.01B,$0.18B,5.12%,$13,$3,$10,$0,$7,$11,$2,$-1,$1,$0,$1,$1,$1,$0,$0,$17,17,$0.05,$0.05,$40,$0,$0,$574,$14,$95,$13,$57,$187,$761,$581,$100,$0,$100,$681,$35,$48,$-3,$80,$761,$4,$3,$9,$12,$1,$0,$-1,$-3,$-3,$13,$-0,$0,$0,$-18,$-10,$-27,$18,$-9,$67,$56,$123,$-1,$-1,$-5,$-126,$-9,$-6,$0,$-5
40,2008-09-30,11.09,$4.83,2.3,$3.43,3.23,$2.26,4.91,$0.31,35.35,$0.63B,$0.67B,0.94,$0.04B,$0.08B,0.51,$0.06B,$0.04B,68.42%,$0.06B,$0.01B,10.53%,$0.06B,0,0.00%,$0.06B,0,0.00%,$0.06B,$0.01B,8.77%,$0.06B,$0.01B,8.77%,$0.01B,$0.08B,6.12%,$0.01B,$0.07B,7.41%,$0.01B,$0.79B,0.65%,$0.01B,$0.12B,4.95%,$13,$4,$9,$0,$11,$15,$-3,$0,$-3,$-1,$-1,$-1,$-1,$0,$0,$17,17,$-0.08,$-0.08,$33,$0,$0,$626,$15,$99,$14,$29,$162,$788,$667,$41,$0,$41,$708,$34,$48,$-2,$80,$788,$3,$2,$8,$10,$1,$0,$-1,$-2,$-2,$11,$-0,$0,$0,$-12,$-10,$-22,$-13,$-35,$18,$37,$55,$-1,$-1,$-5,$-32,$17,$-7,$0,$-5
41,2008-06-30,9.77,$4.94,1.98,$3.79,2.57,$2.45,3.99,$0.54,18.03,$0.61B,$0.65B,0.94,$0.04B,$0.08B,0.5,$0.06B,$0.04B,68.25%,$0.06B,$0.02B,23.81%,$0.06B,0,0.00%,$0.06B,0,0.00%,$0.06B,$0.01B,22.22%,$0.06B,$0.01B,15.87%,$0.01B,$0.08B,12.08%,$0.01B,$0.07B,14.60%,$0.01B,$0.77B,1.29%,$0.02B,$0.12B,12.74%,$13,$4,$9,$0,$6,$10,$3,$-0,$3,$1,$2,$2,$2,$0,$0,$17,17,$0.13,$0.13,$30,$0,$0,$609,$15,$101,$14,$28,$163,$773,$650,$41,$0,$41,$691,$32,$51,$-2,$82,$773,$5,$1,$1,$2,$1,$0,$-1,$-1,$0,$7,$-0,$0,$0,$-4,$-11,$-15,$8,$-8,$18,$60,$78,$-1,$-1,$-3,$-76,$-2,$-2,$0,$-3
42,2008-03-31,11.19,$4.99,2.24,$3.94,2.84,$2.46,4.56,$0.61,18.47,$0.59B,$0.64B,0.93,$0.04B,$0.08B,0.49,$0.07B,$0.05B,68.18%,$0.07B,$0.02B,25.76%,$0.07B,0,0.00%,$0.07B,0,0.00%,$0.07B,$0.02B,24.24%,$0.07B,$0.01B,16.67%,$0.01B,$0.08B,13.33%,$0.01B,$0.07B,16.06%,$0.01B,$0.76B,1.42%,$0.02B,$0.12B,14.88%,$15,$5,$10,$0,$5,$11,$5,$-1,$4,$1,$3,$3,$3,$0,$0,$17,17,$0.15,$0.15,$25,$0,$0,$593,$15,$106,$14,$29,$169,$762,$638,$41,$0,$41,$679,$32,$51,$-0,$83,$762,$3,$1,$0,$1,$0,$0,$-1,$-2,$-1,$3,$-0,$0,$0,$0,$-14,$-14,$19,$5,$18,$-7,$11,$-0,$-0,$-1,$-20,$-11,$-3,$0,$-1
43,2007-12-31,10.04,$5.06,1.99,$3.97,2.53,$2.53,3.98,$0.67,14.99,$0.62B,$0.65B,0.94,$0.04B,$0.08B,0.43,$0.07B,$0.05B,68.66%,$0.07B,$0.02B,26.87%,$0.07B,0,0.00%,$0.07B,0,0.00%,$0.07B,$0.02B,26.87%,$0.07B,$0.01B,17.91%,$0.01B,$0.08B,14.41%,$0.01B,$0.07B,17.33%,$0.01B,$0.77B,1.54%,$0.02B,$0.12B,16.18%,$16,$5,$11,$0,$10,$15,$1,$0,$1,$0,$1,$1,$1,$0,$0,$17,17,$0.05,$0.05,$28,$0,$0,$617,$16,$93,$15,$27,$154,$772,$654,$35,$0,$35,$689,$33,$50,$-0,$82,$772,$11,$3,$4,$7,$1,$0,$-0,$0,$1,$19,$-1,$0,$6,$5,$3,$8,$-43,$-30,$9,$22,$31,$-10,$-10,$-6,$-22,$-6,$-18,$0,$-6
44,2007-09-30,12.34,$5.00,2.47,$3.91,3.16,$2.20,5.61,$0.81,15.19,$0.65B,$0.70B,0.94,$0.02B,$0.08B,0.28,$0.07B,$0.05B,69.70%,$0.07B,$0.02B,33.33%,$0.07B,0,0.00%,$0.07B,0,0.00%,$0.07B,$0.02B,33.33%,$0.07B,$0.01B,21.21%,$0.01B,$0.08B,17.67%,$0.01B,$0.07B,20.51%,$0.01B,$0.80B,1.86%,$0.02B,$0.11B,21.52%,$19,$5,$13,$0,$7,$13,$6,$0,$6,$2,$4,$4,$4,$0,$0,$17,17,$0.22,$0.22,$34,$0,$0,$653,$16,$92,$13,$23,$150,$803,$696,$24,$0,$24,$719,$33,$51,$-1,$84,$803,$11,$2,$0,$2,$-0,$0,$-0,$1,$2,$15,$-1,$0,$6,$3,$3,$6,$-64,$-53,$9,$15,$24,$-9,$-9,$-4,$13,$24,$-14,$0,$-4
45,2007-06-30,13.3,$4.86,2.74,$3.72,3.58,$1.96,6.78,$0.81,16.51,$0.62B,$0.66B,0.93,$0.03B,$0.08B,0.33,$0.06B,$0.04B,70.97%,$0.06B,$0.02B,35.48%,$0.06B,0,0.00%,$0.06B,0,0.00%,$0.06B,$0.02B,35.48%,$0.06B,$0.01B,20.97%,$0.01B,$0.08B,17.45%,$0.01B,$0.07B,19.70%,$0.01B,$0.77B,1.80%,$0.02B,$0.11B,23.04%,$16,$5,$11,$0,$5,$11,$5,$0,$5,$2,$3,$3,$3,$0,$0,$17,17,$0.19,$0.19,$34,$0,$0,$618,$16,$95,$14,$22,$154,$772,$664,$27,$0,$27,$691,$34,$49,$-1,$81,$772,$7,$1,$0,$2,$0,$0,$-0,$0,$-0,$8,$-1,$0,$6,$-0,$-1,$-1,$-26,$-21,$10,$13,$23,$-8,$-8,$-3,$-16,$-4,$-17,$0,$-3
46,2007-03-31,12.37,$5.00,2.47,$3.59,3.45,$1.76,7.01,$0.81,15.35,$0.60B,$0.65B,0.92,$0.03B,$0.09B,0.31,$0.06B,$0.04B,72.88%,$0.06B,$0.02B,37.29%,$0.06B,0,0.00%,$0.06B,0,0.00%,$0.06B,$0.02B,37.29%,$0.06B,$0.01B,22.03%,$0.01B,$0.09B,18.57%,$0.01B,$0.07B,20.31%,$0.01B,$0.76B,1.87%,$0.02B,$0.11B,24.93%,$16,$5,$11,$0,$5,$10,$6,$0,$6,$2,$4,$4,$4,$0,$0,$17,17,$0.21,$0.21,$40,$0,$0,$596,$16,$101,$14,$28,$168,$764,$651,$27,$0,$27,$678,$40,$47,$-1,$86,$764,$4,$1,$0,$1,$-0,$0,$-1,$0,$-0,$4,$-1,$0,$6,$-0,$-7,$-7,$-4,$-5,$10,$0,$10,$-2,$-2,$-1,$-16,$-10,$-11,$0,$-1
47,2006-12-31,15.55,$4.17,3.73,$3.50,4.44,$1.71,9.07,$0.83,18.72,$0.55B,$0.60B,0.92,$0.02B,$0.07B,0.23,$0.06B,$0.04B,75.44%,$0.06B,$0.02B,38.60%,$0.06B,0,0.00%,$0.06B,0,0.00%,$0.06B,$0.02B,38.60%,$0.06B,$0.01B,22.81%,$0.01B,$0.07B,20.31%,$0.01B,$0.06B,21.49%,$0.01B,$0.68B,1.95%,$0.02B,$0.08B,27.67%,$15,$4,$11,$0,$5,$10,$5,$0,$5,$2,$3,$3,$3,$0,$0,$16,16,$0.18,$0.18,$51,$0,$0,$546,$15,$87,$3,$21,$132,$678,$597,$15,$0,$15,$612,$20,$47,$-1,$66,$678,$13,$2,$-2,$-1,$-1,$0,$1,$3,$3,$16,$-4,$0,$0,$-0,$13,$13,$-78,$-70,$0,$0,$0,$-2,$-2,$-5,$41,$34,$-20,$0,$-5
