,Date,Stock Price,Book Value per Share,Price to Book Ratio,TTM Sales per Share,Price to Sales Ratio,TTM FCF per Share,Price to FCF Ratio,TTM Net EPS,PE Ratio,Current Assets,Current Liabilities,Current Ratio,Long Term Debt,Shareholder's Equity_x,Debt to Equity Ratio,TTM Revenue_x,TTM Gross Profit,Gross Margin,TTM Revenue_y,TTM Operating Income,Operating Margin,TTM Revenue_x,TTM EBIT,EBIT Margin,TTM Revenue_y,TTM EBITDA,EBITDA Margin,TTM Revenue_x,TTM Pre-Tax Income,Pre-Tax Margin,TTM Revenue_y,TTM Net Income_x,Net Margin,TTM Net Income_y,Shareholder's Equity_y,Return on Equity,TTM Net Income_x,Tangible Equity,Return on Tangible Equity,TTM Net Income_y,Total Assets,Return on Assets,TTM Net Income,LT Investments & Debt,Return on Investment,revenue,cost-goods-sold,gross-profit,research-development-expenses,selling-general-administrative-expenses,operating-expenses,operating-income,total-non-operating-income-expense,pre-tax-income,total-provision-income-taxes,income-after-taxes,income-from-continuous-operations,net-income,ebitda,ebit,basic-shares-outstanding,shares-outstanding,eps-basic-net-earnings-per-share,eps-earnings-per-share-diluted,cash-on-hand,inventory,other-current-assets,total-current-assets,net-property-plant-equipment,long-term-investments,goodwill-intangible-assets-total,other-long-term-assets,total-long-term-assets,total-assets,total-current-liabilities,long-term-debt,other-non-current-liabilities,total-long-term-liabilities,total-liabilities,common-stock-net,retained-earnings-accumulated-deficit,comprehensive-income,total-share-holder-equity,total-liabilities-share-holders-equity,net-income-loss,total-depreciation-amortization-cash-flow,other-non-cash-items,total-non-cash-items,change-in-accounts-receivable,change-in-inventories,change-in-accounts-payable,change-in-assets-liabilities,total-change-in-assets-liabilities,cash-flow-from-operating-activities,net-change-in-property-plant-equipment,net-change-in-intangible-assets,net-acquisitions-divestitures,net-change-in-short-term-investments,net-change-in-long-term-investments,net-change-in-investments-total,investing-activities-other,cash-flow-from-investing-activities,net-long-term-debt,net-current-debt,debt-issuance-retirement-net-total,net-common-equity-issued-repurchased,net-total-equity-issued-repurchased,total-common-preferred-stock-dividends-paid,financial-activities-other,cash-flow-from-financial-activities,net-cash-flow,stock-based-compensation,common-stock-dividends-paid
0,2018-09-30,16.83,$13.88,1.21,$5.81,2.9,$3.79,4.44,$1.13,14.89,$5.69B,$5.56B,1.02,$0.94B,$0.71B,1.32,$0.30B,$0.22B,75.68%,$0.30B,$0.07B,21.96%,$0.30B,0,0.00%,$0.30B,0,0.00%,$0.30B,$0.07B,21.96%,$0.30B,$0.06B,19.59%,$0.06B,$0.71B,8.29%,$0.06B,$0.59B,9.99%,$0.06B,$7.21B,0.81%,$0.07B,$1.65B,3.71%,$80,$22,$58,$0,$41,$63,$17,$0,$17,$1,$16,$16,$16,$0,$0,$51,51,$0.32,$0.32,$79,$0,$0,$5686,$68,$1014,$119,$289,$1521,$7207,$5561,$936,$0,$936,$6498,$540,$200,$-30,$710,$7207,$48,$10,$7,$17,$24,$0,$0,$-24,$12,$77,$-4,$0,$0,$50,$43,$94,$-224,$-134,$-5,$-231,$-236,$0,$0,$-18,$302,$48,$-10,$2,$-18
1,2018-06-30,17.4,$13.73,1.27,$5.61,3.1,$2.47,7.04,$1.11,15.68,$5.66B,$5.45B,1.04,$1.06B,$0.70B,1.51,$0.29B,$0.22B,77.54%,$0.29B,$0.07B,22.81%,$0.29B,0,0.00%,$0.29B,0,0.00%,$0.29B,$0.07B,22.81%,$0.29B,$0.06B,20.00%,$0.06B,$0.70B,8.20%,$0.06B,$0.58B,9.90%,$0.06B,$7.21B,0.80%,$0.07B,$1.76B,3.65%,$75,$19,$57,$0,$40,$60,$16,$0,$16,$0,$16,$16,$16,$0,$0,$51,51,$0.31,$0.31,$109,$0,$0,$5660,$68,$1053,$119,$279,$1549,$7209,$5450,$1056,$0,$1056,$6507,$539,$190,$-27,$702,$7209,$31,$7,$5,$12,$28,$0,$0,$-15,$20,$63,$-2,$0,$0,$34,$29,$63,$-170,$-109,$-2,$-114,$-116,$-0,$-0,$-12,$195,$67,$21,$2,$-12
2,2018-03-31,15.98,$13.59,1.18,$5.47,2.92,$-0.31,0.0,$1.12,14.27,$5.50B,$5.33B,1.03,$1.04B,$0.69B,1.5,$0.28B,$0.22B,79.14%,$0.28B,$0.07B,24.46%,$0.28B,0,0.00%,$0.28B,0,0.00%,$0.28B,$0.07B,24.46%,$0.28B,$0.06B,20.50%,$0.06B,$0.69B,8.27%,$0.06B,$0.57B,10.01%,$0.06B,$7.07B,0.81%,$0.07B,$1.74B,3.78%,$73,$17,$56,$0,$38,$56,$17,$0,$17,$1,$16,$16,$16,$0,$0,$50,51,$0.31,$0.31,$69,$0,$0,$5504,$68,$1081,$119,$268,$1565,$7069,$5334,$1042,$0,$1042,$6376,$537,$181,$-24,$693,$7069,$16,$4,$3,$6,$51,$0,$0,$-4,$48,$70,$-1,$0,$0,$18,$-3,$15,$-49,$-35,$-2,$-128,$-131,$-1,$-1,$-6,$84,$-54,$-19,$1,$-6
3,2017-12-31,17.27,$13.58,1.27,$5.30,3.26,$-1.95,0.0,$1.08,16.0,$5.53B,$5.25B,1.05,$1.17B,$0.69B,1.69,$0.27B,$0.22B,80.67%,$0.27B,$0.07B,24.91%,$0.27B,0,0.00%,$0.27B,0,0.00%,$0.27B,$0.07B,24.91%,$0.27B,$0.06B,20.45%,$0.06B,$0.69B,8.06%,$0.06B,$0.57B,9.78%,$0.06B,$7.11B,0.80%,$0.07B,$1.87B,3.66%,$68,$15,$53,$0,$38,$53,$15,$0,$15,$5,$10,$10,$10,$0,$0,$50,51,$0.20,$0.18,$89,$0,$0,$5533,$68,$1115,$120,$254,$1581,$7114,$5248,$1173,$0,$1173,$6421,$538,$168,$-12,$693,$7114,$55,$11,$24,$35,$-55,$0,$0,$-22,$-77,$13,$-22,$0,$0,$77,$-79,$-2,$-446,$-470,$119,$-128,$-9,$1,$1,$-24,$487,$455,$-2,$3,$-24
4,2017-09-30,17.8,$13.59,1.31,$5.21,3.42,$-1.83,0.0,$1.18,15.08,$5.38B,$5.21B,1.03,$1.08B,$0.69B,1.56,$0.26B,$0.22B,81.82%,$0.26B,$0.07B,25.38%,$0.26B,0,0.00%,$0.26B,0,0.00%,$0.26B,$0.07B,25.38%,$0.26B,$0.06B,22.73%,$0.06B,$0.69B,8.92%,$0.06B,$0.57B,10.86%,$0.06B,$6.98B,0.88%,$0.07B,$1.77B,3.67%,$69,$14,$55,$0,$37,$52,$17,$0,$17,$2,$15,$15,$15,$0,$0,$50,51,$0.30,$0.30,$99,$0,$0,$5384,$61,$1129,$120,$252,$1593,$6976,$5207,$1078,$0,$1078,$6286,$533,$165,$-10,$691,$6976,$45,$9,$12,$21,$-29,$0,$0,$-25,$-49,$18,$-12,$0,$0,$57,$-67,$-10,$-309,$-331,$89,$-193,$-104,$0,$0,$-18,$442,$320,$8,$2,$-18
5,2017-06-30,16.13,$13.38,1.21,$5.07,3.18,$-2.87,0.0,$1.16,13.91,$5.28B,$5.04B,1.05,$1.15B,$0.68B,1.7,$0.26B,$0.21B,82.81%,$0.26B,$0.07B,25.39%,$0.26B,0,0.00%,$0.26B,0,0.00%,$0.26B,$0.07B,25.39%,$0.26B,$0.06B,23.05%,$0.06B,$0.68B,8.88%,$0.06B,$0.56B,10.86%,$0.06B,$6.88B,0.88%,$0.07B,$1.83B,3.56%,$68,$12,$56,$0,$37,$50,$19,$0,$19,$2,$16,$16,$16,$0,$0,$50,51,$0.32,$0.32,$75,$0,$0,$5277,$54,$1142,$120,$256,$1600,$6876,$5043,$1154,$0,$1154,$6197,$532,$156,$-10,$679,$6876,$30,$6,$13,$19,$-96,$0,$0,$-29,$-125,$-76,$-5,$0,$0,$35,$-59,$-23,$-153,$-181,$120,$-148,$-28,$-1,$-1,$-12,$282,$241,$-16,$2,$-12
6,2017-03-31,16.33,$13.13,1.24,$4.89,3.34,$-1.55,0.0,$1.02,16.01,$5.11B,$4.84B,1.06,$1.19B,$0.67B,1.79,$0.25B,$0.20B,82.93%,$0.25B,$0.06B,22.76%,$0.25B,0,0.00%,$0.25B,0,0.00%,$0.25B,$0.06B,22.76%,$0.25B,$0.05B,21.14%,$0.05B,$0.67B,7.93%,$0.05B,$0.55B,9.73%,$0.05B,$6.70B,0.79%,$0.06B,$1.86B,3.05%,$64,$11,$53,$0,$37,$48,$16,$0,$16,$2,$14,$14,$14,$0,$0,$50,51,$0.27,$0.27,$85,$0,$0,$5105,$51,$1142,$121,$240,$1592,$6697,$4840,$1191,$0,$1191,$6031,$531,$145,$-13,$666,$6697,$14,$3,$3,$6,$-25,$0,$0,$-9,$-34,$-14,$-1,$0,$0,$17,$-45,$-28,$-44,$-73,$73,$-64,$8,$-1,$-1,$-6,$79,$81,$-6,$1,$-6
7,2016-12-31,17.32,$12.91,1.34,$4.85,3.57,$-1.39,0.0,$0.99,17.49,$5.04B,$4.76B,1.06,$1.18B,$0.66B,1.8,$0.24B,$0.20B,83.06%,$0.24B,$0.05B,22.31%,$0.24B,0,0.00%,$0.24B,0,0.00%,$0.24B,$0.05B,22.31%,$0.24B,$0.05B,20.66%,$0.05B,$0.66B,7.72%,$0.05B,$0.54B,9.51%,$0.05B,$6.60B,0.77%,$0.05B,$1.84B,3.00%,$63,$10,$52,$0,$36,$47,$15,$0,$15,$1,$15,$15,$15,$0,$0,$50,50,$0.30,$0.29,$91,$0,$0,$5043,$52,$1111,$121,$233,$1557,$6600,$4761,$1183,$0,$1183,$5944,$532,$138,$-15,$656,$6600,$50,$10,$12,$22,$-55,$0,$0,$-12,$-72,$-0,$-3,$0,$0,$95,$-92,$4,$-333,$-332,$29,$42,$71,$6,$6,$-24,$276,$329,$-4,$3,$-24
8,2016-09-30,13.09,$13.00,1.01,$4.78,2.74,$-0.37,0.0,$0.90,14.55,$5.01B,$4.78B,1.05,$1.11B,$0.66B,1.69,$0.24B,$0.20B,83.54%,$0.24B,$0.05B,21.52%,$0.24B,0,0.00%,$0.24B,0,0.00%,$0.24B,$0.05B,20.68%,$0.24B,$0.05B,18.99%,$0.05B,$0.66B,7.03%,$0.05B,$0.54B,8.69%,$0.05B,$6.55B,0.71%,$0.05B,$1.77B,2.87%,$61,$10,$51,$0,$36,$46,$15,$0,$15,$1,$14,$14,$14,$0,$0,$50,50,$0.28,$0.28,$214,$0,$0,$5005,$53,$1119,$122,$214,$1540,$6545,$4777,$1112,$0,$1112,$5889,$526,$129,$-4,$656,$6545,$35,$8,$9,$16,$-75,$0,$0,$-47,$-97,$-46,$-1,$0,$0,$0,$30,$30,$-110,$-80,$32,$-33,$-1,$4,$4,$-18,$260,$245,$119,$2,$-18
9,2016-06-30,12.17,$12.81,0.95,$4.72,2.58,$1.21,10.07,$0.89,13.67,$4.85B,$4.54B,1.07,$1.24B,$0.64B,1.92,$0.23B,$0.20B,84.12%,$0.23B,$0.05B,21.46%,$0.23B,0,0.00%,$0.23B,0,0.00%,$0.23B,$0.05B,20.60%,$0.23B,$0.04B,18.88%,$0.04B,$0.64B,6.97%,$0.04B,$0.52B,8.65%,$0.04B,$6.42B,0.71%,$0.05B,$1.88B,2.92%,$58,$10,$48,$0,$38,$48,$10,$0,$10,$1,$9,$9,$9,$0,$0,$50,50,$0.18,$0.18,$97,$0,$0,$4847,$53,$1144,$122,$218,$1568,$6415,$4535,$1236,$0,$1236,$5771,$524,$121,$-5,$644,$6415,$21,$5,$7,$12,$-21,$0,$0,$-51,$-46,$-14,$0,$0,$0,$39,$-37,$2,$-119,$-117,$38,$86,$123,$3,$3,$-12,$19,$133,$2,$1,$-12
10,2016-03-31,11.69,$12.64,0.93,$4.73,2.47,$1.53,7.63,$0.98,11.93,$4.73B,$4.60B,1.03,$1.08B,$0.63B,1.71,$0.23B,$0.20B,84.98%,$0.23B,$0.06B,23.61%,$0.23B,0,0.00%,$0.23B,0,0.00%,$0.23B,$0.05B,22.75%,$0.23B,$0.05B,20.60%,$0.05B,$0.63B,7.70%,$0.05B,$0.51B,9.60%,$0.05B,$6.32B,0.80%,$0.06B,$1.72B,3.42%,$60,$10,$50,$0,$36,$47,$14,$0,$14,$2,$12,$12,$12,$0,$0,$49,50,$0.24,$0.24,$87,$0,$0,$4734,$54,$1161,$122,$216,$1586,$6319,$4603,$1083,$0,$1083,$5686,$522,$118,$-11,$633,$6319,$12,$1,$5,$7,$1,$0,$0,$-43,$-26,$-7,$0,$0,$0,$15,$-42,$-27,$-36,$-62,$18,$-49,$-31,$1,$1,$-6,$97,$62,$-8,$1,$-6
11,2015-12-31,11.84,$12.53,0.95,$4.64,2.55,$1.72,6.88,$1.00,11.84,$4.71B,$4.49B,1.05,$1.11B,$0.63B,1.78,$0.23B,$0.20B,85.96%,$0.23B,$0.06B,25.00%,$0.23B,0,0.00%,$0.23B,0,0.00%,$0.23B,$0.06B,24.12%,$0.23B,$0.05B,21.49%,$0.05B,$0.63B,7.94%,$0.05B,$0.50B,9.92%,$0.05B,$6.23B,0.84%,$0.06B,$1.74B,3.77%,$58,$9,$49,$0,$37,$47,$12,$0,$10,$0,$10,$10,$10,$0,$0,$49,49,$0.20,$0.20,$95,$0,$0,$4708,$55,$1125,$123,$185,$1520,$6229,$4490,$1113,$0,$1113,$5603,$520,$112,$-11,$626,$6229,$50,$-0,$18,$18,$-3,$0,$0,$-23,$-16,$51,$-3,$0,$0,$86,$-120,$-34,$-711,$-748,$235,$89,$324,$-0,$-0,$-22,$404,$705,$8,$1,$-22
12,2015-09-30,11.89,$12.55,0.95,$4.64,2.56,$0.34,35.03,$0.83,14.32,$4.31B,$4.32B,1.0,$0.90B,$0.62B,1.45,$0.22B,$0.19B,86.88%,$0.22B,$0.05B,22.62%,$0.22B,0,0.00%,$0.22B,0,0.00%,$0.22B,$0.04B,18.10%,$0.22B,$0.04B,18.10%,$0.04B,$0.62B,6.54%,$0.04B,$0.50B,8.21%,$0.04B,$5.84B,0.71%,$0.05B,$1.52B,3.51%,$57,$8,$49,$0,$35,$43,$14,$0,$14,$1,$13,$13,$13,$0,$0,$49,49,$0.27,$0.27,$98,$0,$0,$4312,$56,$1136,$123,$184,$1531,$5843,$4320,$902,$0,$902,$5222,$514,$108,$-8,$621,$5843,$40,$-1,$13,$13,$-7,$0,$0,$-22,$-17,$35,$-3,$0,$0,$67,$-104,$-37,$-307,$-347,$61,$52,$113,$-3,$-3,$-17,$230,$323,$11,$1,$-17
13,2015-06-30,12.14,$12.36,0.98,$4.45,2.73,$-0.70,0.0,$0.75,16.19,$4.18B,$4.23B,0.99,$0.84B,$0.61B,1.37,$0.22B,$0.19B,87.91%,$0.22B,$0.05B,22.79%,$0.22B,0,0.00%,$0.22B,0,0.00%,$0.22B,$0.04B,16.28%,$0.22B,$0.04B,17.21%,$0.04B,$0.61B,5.98%,$0.04B,$0.49B,7.48%,$0.04B,$5.68B,0.67%,$0.05B,$1.45B,3.61%,$58,$8,$50,$0,$34,$43,$15,$0,$15,$2,$13,$13,$13,$0,$0,$49,49,$0.27,$0.27,$85,$0,$0,$4176,$57,$1114,$124,$178,$1505,$5681,$4228,$841,$0,$841,$5069,$513,$100,$-10,$612,$5681,$26,$-1,$5,$4,$-15,$0,$0,$-3,$-19,$4,$-1,$0,$0,$48,$-68,$-20,$-172,$-193,$17,$35,$52,$-3,$-3,$-11,$149,$187,$-2,$1,$-11
14,2015-03-31,11.12,$12.38,0.9,$4.36,2.55,$-1.52,0.0,$0.35,31.77,$4.00B,$4.21B,0.95,$0.72B,$0.61B,1.17,$0.20B,$0.18B,89.22%,$0.20B,$0.05B,24.51%,$0.20B,0,0.00%,$0.20B,0,0.00%,$0.20B,$0.02B,7.35%,$0.20B,$0.02B,8.82%,$0.02B,$0.61B,2.86%,$0.02B,$0.49B,3.57%,$0.02B,$5.53B,0.34%,$0.05B,$1.33B,3.91%,$55,$7,$48,$0,$32,$39,$16,$0,$16,$3,$13,$13,$13,$0,$0,$49,49,$0.27,$0.26,$89,$0,$0,$4001,$58,$1143,$124,$175,$1530,$5531,$4205,$716,$0,$716,$4921,$511,$93,$-3,$610,$5531,$13,$-1,$3,$2,$-6,$0,$0,$-8,$-12,$3,$-1,$0,$0,$19,$-53,$-34,$-6,$-40,$-25,$-49,$-74,$-5,$-5,$-5,$123,$39,$2,$0,$-5
15,2014-12-31,12.74,$12.16,1.05,$4.14,3.08,$-1.78,0.0,$0.13,98.04,$3.99B,$4.08B,0.98,$0.79B,$0.60B,1.31,$0.17B,$0.15B,89.53%,$0.17B,$0.04B,21.51%,$0.17B,0,0.00%,$0.17B,0,0.00%,$0.17B,$-0.00B,0.00%,$0.17B,$0.01B,3.49%,$0.01B,$0.60B,1.09%,$0.01B,$0.48B,1.31%,$0.01B,$5.48B,0.13%,$0.04B,$1.39B,3.41%,$51,$6,$45,$0,$39,$46,$5,$-10,$-5,$-6,$1,$1,$1,$0,$0,$43,43,$0.06,$0.06,$87,$0,$0,$3986,$58,$1100,$125,$174,$1490,$5477,$4084,$790,$0,$790,$4874,$514,$85,$-6,$602,$5477,$7,$-3,$26,$23,$-10,$0,$0,$-38,$-39,$-10,$-9,$0,$25,$61,$-354,$-293,$-319,$-595,$70,$280,$350,$-46,$-46,$-18,$360,$647,$42,$4,$-18
16,2014-09-30,11.18,$12.38,0.9,$3.81,2.93,$-0.56,0.0,$0.17,65.76,$3.88B,$4.06B,0.96,$0.60B,$0.65B,0.92,$0.14B,$0.13B,89.58%,$0.14B,$0.04B,25.00%,$0.14B,0,0.00%,$0.14B,0,0.00%,$0.14B,$0.01B,4.86%,$0.14B,$0.01B,4.86%,$0.01B,$0.65B,1.47%,$0.01B,$0.53B,1.70%,$0.01B,$5.31B,0.18%,$0.04B,$1.25B,4.12%,$51,$5,$46,$0,$33,$39,$13,$-4,$9,$-1,$10,$10,$10,$0,$0,$52,53,$0.19,$0.19,$85,$0,$0,$3879,$58,$1058,$124,$169,$1435,$5314,$4061,$602,$0,$602,$4662,$557,$88,$-3,$651,$5314,$5,$-2,$15,$12,$-6,$0,$0,$-21,$-28,$-11,$-10,$0,$25,$44,$-298,$-254,$-209,$-447,$89,$72,$161,$-3,$-3,$-13,$352,$497,$40,$4,$-13
17,2014-06-30,11.84,$12.36,0.96,$3.79,3.12,$-0.75,0.0,$0.16,74.02,$3.80B,$4.01B,0.95,$0.50B,$0.65B,0.76,$0.12B,$0.11B,88.98%,$0.12B,$0.03B,25.42%,$0.12B,0,0.00%,$0.12B,0,0.00%,$0.12B,$0.01B,4.24%,$0.12B,$0.00B,1.69%,$0.00B,$0.65B,0.52%,$0.00B,$0.52B,0.57%,$0.00B,$5.16B,0.07%,$0.03B,$1.15B,4.38%,$47,$4,$43,$0,$27,$31,$16,$-21,$-5,$1,$-6,$-6,$-6,$0,$0,$43,43,$-0.13,$-0.13,$89,$0,$0,$3798,$52,$998,$130,$159,$1362,$5159,$4011,$495,$0,$495,$4507,$561,$84,$-0,$653,$5159,$-5,$-2,$10,$8,$-19,$0,$0,$-12,$-35,$-31,$-1,$0,$25,$23,$-212,$-189,$-110,$-275,$-4,$63,$59,$-0,$-0,$-8,$299,$351,$44,$4,$-8
18,2014-03-31,11.79,$11.56,1.02,$3.58,3.3,$0.49,23.87,$0.41,28.75,$1.78B,$1.82B,0.98,$0.25B,$0.30B,0.83,$0.09B,$0.08B,88.30%,$0.09B,$0.02B,20.21%,$0.09B,0,0.00%,$0.09B,0,0.00%,$0.09B,$0.02B,15.96%,$0.09B,$0.01B,11.70%,$0.01B,$0.30B,3.69%,$0.01B,$0.30B,3.71%,$0.01B,$2.37B,0.48%,$0.02B,$0.55B,3.51%,$23,$3,$20,$0,$17,$20,$3,$-2,$1,$0,$1,$1,$1,$0,$0,$25,26,$0.04,$0.04,$33,$0,$0,$1782,$25,$472,$1,$82,$591,$2373,$1823,$249,$0,$249,$2072,$244,$94,$-3,$300,$2373,$1,$1,$0,$1,$-3,$0,$0,$-1,$-7,$-5,$-1,$0,$0,$8,$-44,$-36,$-44,$-82,$-5,$8,$3,$0,$0,$-3,$73,$74,$-13,$1,$-3
19,2013-12-31,12.23,$11.53,1.06,$3.55,3.44,$0.68,18.04,$0.54,22.65,$1.75B,$1.76B,1.0,$0.25B,$0.30B,0.82,$0.10B,$0.08B,88.42%,$0.10B,$0.02B,23.16%,$0.10B,0,0.00%,$0.10B,0,0.00%,$0.10B,$0.02B,21.05%,$0.10B,$0.02B,15.79%,$0.02B,$0.30B,4.95%,$0.02B,$0.30B,4.97%,$0.02B,$2.30B,0.68%,$0.02B,$0.55B,4.16%,$23,$3,$20,$0,$16,$19,$4,$0,$2,$0,$2,$2,$2,$0,$0,$26,26,$0.07,$0.07,$45,$0,$0,$1748,$25,$434,$1,$83,$553,$2302,$1756,$247,$0,$247,$2002,$244,$96,$-5,$299,$2302,$14,$5,$8,$13,$4,$0,$0,$-8,$-3,$24,$-3,$0,$0,$27,$-208,$-181,$-118,$-302,$33,$64,$97,$-29,$-29,$-10,$231,$288,$10,$3,$-10
20,2013-09-30,11.11,$11.33,0.98,$3.58,3.1,$0.50,22.41,$0.63,17.63,$1.70B,$1.72B,0.99,$0.20B,$0.30B,0.68,$0.10B,$0.09B,88.66%,$0.10B,$0.02B,24.74%,$0.10B,0,0.00%,$0.10B,0,0.00%,$0.10B,$0.02B,24.74%,$0.10B,$0.02B,17.53%,$0.02B,$0.30B,5.51%,$0.02B,$0.29B,5.53%,$0.02B,$2.22B,0.80%,$0.02B,$0.50B,4.71%,$25,$3,$22,$0,$15,$18,$7,$0,$7,$2,$5,$5,$5,$0,$0,$25,26,$0.18,$0.18,$54,$0,$0,$1701,$23,$399,$1,$81,$518,$2219,$1724,$200,$0,$200,$1924,$244,$97,$-9,$295,$2219,$12,$4,$0,$4,$-37,$0,$0,$-5,$-30,$-14,$-1,$0,$0,$21,$-172,$-150,$-16,$-168,$-251,$301,$50,$-28,$-28,$-8,$187,$201,$19,$2,$-8
21,2013-06-30,11.09,$11.28,0.98,$3.50,3.17,$1.45,7.67,$0.62,17.89,$1.70B,$1.61B,1.06,$0.28B,$0.30B,0.94,$0.10B,$0.09B,89.58%,$0.10B,$0.02B,23.96%,$0.10B,0,0.00%,$0.10B,0,0.00%,$0.10B,$0.02B,23.96%,$0.10B,$0.02B,17.71%,$0.02B,$0.30B,5.37%,$0.02B,$0.30B,5.39%,$0.02B,$2.18B,0.83%,$0.02B,$0.58B,4.61%,$23,$2,$21,$0,$16,$19,$5,$0,$5,$1,$3,$3,$3,$0,$0,$26,27,$0.13,$0.12,$83,$0,$0,$1695,$22,$370,$1,$81,$488,$2183,$1607,$279,$0,$279,$1886,$244,$95,$-8,$297,$2183,$8,$2,$2,$4,$11,$0,$0,$-8,$3,$14,$-1,$0,$0,$15,$-135,$-120,$-27,$-148,$-53,$182,$129,$-25,$-25,$-6,$82,$181,$48,$2,$-6
22,2013-03-31,10.9,$11.47,0.95,$3.42,3.19,$1.16,9.37,$0.61,17.87,$1.63B,$1.57B,1.04,$0.18B,$0.32B,0.55,$0.10B,$0.08B,88.42%,$0.10B,$0.02B,23.16%,$0.10B,0,0.00%,$0.10B,0,0.00%,$0.10B,$0.02B,23.16%,$0.10B,$0.02B,17.89%,$0.02B,$0.32B,5.26%,$0.02B,$0.32B,5.28%,$0.02B,$2.06B,0.86%,$0.02B,$0.50B,4.70%,$24,$3,$21,$0,$15,$18,$6,$0,$6,$2,$5,$5,$5,$0,$0,$27,28,$0.17,$0.17,$58,$0,$0,$1625,$21,$333,$1,$71,$438,$2063,$1565,$177,$0,$177,$1742,$244,$94,$-5,$321,$2063,$5,$1,$3,$4,$-2,$0,$0,$0,$-9,$-0,$-1,$0,$0,$0,$-72,$-72,$31,$-42,$-11,$38,$27,$-2,$-2,$-3,$42,$64,$22,$1,$-3
23,2012-12-31,10.77,$11.39,0.95,$3.30,3.26,$1.34,8.06,$0.57,18.89,$1.63B,$1.53B,1.07,$0.15B,$0.32B,0.47,$0.09B,$0.08B,88.17%,$0.09B,$0.02B,23.66%,$0.09B,0,0.00%,$0.09B,0,0.00%,$0.09B,$0.02B,23.66%,$0.09B,$0.02B,17.20%,$0.02B,$0.32B,4.93%,$0.02B,$0.32B,4.94%,$0.02B,$2.00B,0.83%,$0.02B,$0.47B,4.80%,$25,$3,$22,$0,$16,$19,$6,$0,$6,$2,$4,$4,$4,$0,$0,$28,28,$0.16,$0.15,$35,$0,$0,$1632,$20,$263,$1,$71,$366,$1999,$1528,$150,$0,$150,$1678,$244,$92,$-4,$321,$1999,$16,$3,$4,$8,$-6,$0,$0,$-1,$-3,$21,$-4,$0,$0,$0,$-83,$-83,$-160,$-247,$16,$62,$78,$-21,$-21,$-14,$178,$220,$-6,$3,$-14
24,2012-09-30,10.04,$11.44,0.88,$3.18,3.16,$1.22,8.22,$0.55,18.26,$1.58B,$1.50B,1.06,$0.12B,$0.33B,0.37,$0.09B,$0.08B,87.78%,$0.09B,$0.02B,24.44%,$0.09B,0,0.00%,$0.09B,0,0.00%,$0.09B,$0.02B,24.44%,$0.09B,$0.02B,17.78%,$0.02B,$0.33B,4.88%,$0.02B,$0.33B,4.90%,$0.02B,$1.95B,0.86%,$0.02B,$0.45B,4.98%,$24,$3,$22,$0,$15,$18,$6,$0,$6,$2,$5,$5,$5,$0,$0,$28,28,$0.17,$0.17,$38,$0,$0,$1582,$19,$269,$1,$69,$368,$1949,$1500,$122,$0,$122,$1622,$244,$94,$-4,$327,$1949,$11,$2,$4,$7,$-7,$0,$0,$-4,$-5,$13,$-3,$0,$0,$0,$-88,$-88,$-102,$-193,$-7,$58,$50,$-16,$-16,$-8,$150,$178,$-3,$2,$-8
25,2012-06-30,9.4,$11.28,0.83,$3.04,3.09,$0.93,10.09,$0.52,18.07,$1.59B,$1.47B,1.08,$0.13B,$0.32B,0.41,$0.09B,$0.08B,86.21%,$0.09B,$0.02B,25.29%,$0.09B,0,0.00%,$0.09B,0,0.00%,$0.09B,$0.02B,25.29%,$0.09B,$0.02B,17.24%,$0.02B,$0.32B,4.55%,$0.02B,$0.32B,4.56%,$0.02B,$1.93B,0.82%,$0.02B,$0.46B,5.03%,$22,$3,$19,$0,$15,$18,$4,$0,$4,$1,$3,$3,$3,$0,$0,$28,28,$0.11,$0.11,$34,$0,$0,$1588,$17,$245,$1,$66,$340,$1928,$1473,$132,$0,$132,$1606,$244,$93,$-6,$323,$1928,$7,$2,$3,$5,$-2,$0,$0,$-2,$-5,$7,$-1,$0,$0,$0,$-67,$-67,$-115,$-183,$-0,$61,$61,$-15,$-15,$-5,$129,$169,$-7,$1,$-5
26,2012-03-31,9.39,$11.35,0.83,$3.17,2.96,$0.47,19.85,$0.41,22.9,$1.54B,$1.40B,1.1,$0.13B,$0.33B,0.39,$0.09B,$0.08B,84.78%,$0.09B,$0.02B,19.57%,$0.09B,0,0.00%,$0.09B,0,0.00%,$0.09B,$0.02B,19.57%,$0.09B,$0.01B,13.04%,$0.01B,$0.33B,3.61%,$0.01B,$0.33B,3.63%,$0.01B,$1.86B,0.68%,$0.02B,$0.46B,4.11%,$22,$3,$19,$0,$13,$16,$6,$0,$6,$2,$4,$4,$4,$0,$0,$29,29,$0.13,$0.13,$40,$0,$0,$1541,$16,$220,$1,$66,$314,$1855,$1398,$129,$0,$129,$1528,$244,$92,$-7,$328,$1855,$4,$1,$1,$2,$-1,$0,$0,$1,$-1,$4,$-0,$0,$0,$0,$-43,$-43,$-65,$-108,$-0,$57,$57,$-8,$-8,$-2,$55,$103,$-1,$0,$-2
27,2011-12-31,8.29,$11.30,0.73,$3.12,2.65,$-0.06,0.0,$0.24,34.55,$1.51B,$1.35B,1.12,$0.07B,$0.33B,0.22,$0.09B,$0.07B,82.22%,$0.09B,$0.01B,11.11%,$0.09B,0,0.00%,$0.09B,0,0.00%,$0.09B,$0.01B,11.11%,$0.09B,$0.01B,7.78%,$0.01B,$0.33B,2.10%,$0.01B,$0.33B,2.10%,$0.01B,$1.75B,0.39%,$0.01B,$0.41B,2.12%,$22,$3,$19,$0,$13,$16,$6,$0,$6,$2,$4,$4,$4,$0,$0,$29,29,$0.15,$0.15,$41,$0,$0,$1505,$16,$178,$1,$40,$245,$1750,$1345,$72,$0,$72,$1416,$244,$91,$-7,$333,$1750,$7,$3,$11,$13,$-1,$0,$0,$-0,$-4,$16,$-2,$0,$0,$0,$-28,$-28,$-72,$-102,$-204,$-0,$-205,$161,$161,$-7,$117,$66,$-20,$1,$-7
28,2011-09-30,7.53,$11.36,0.66,$3.13,2.4,$0.62,12.13,$0.19,39.63,$1.53B,$1.32B,1.16,$0.10B,$0.34B,0.29,$0.09B,$0.07B,78.89%,$0.09B,$0.01B,8.89%,$0.09B,0,0.00%,$0.09B,0,0.00%,$0.09B,$0.01B,8.89%,$0.09B,$0.01B,6.67%,$0.01B,$0.34B,2.05%,$0.01B,$0.33B,2.06%,$0.01B,$1.75B,0.34%,$0.01B,$0.43B,1.67%,$21,$4,$18,$0,$11,$15,$6,$0,$6,$2,$4,$4,$4,$0,$0,$29,29,$0.14,$0.14,$73,$0,$0,$1526,$16,$162,$1,$38,$224,$1750,$1317,$98,$0,$98,$1415,$244,$89,$-2,$335,$1750,$3,$2,$10,$12,$-2,$0,$0,$-5,$-12,$3,$-1,$0,$0,$0,$-2,$-2,$-57,$-60,$-175,$-3,$-178,$161,$161,$-5,$88,$65,$8,$1,$-5
29,2011-06-30,7.81,$11.26,0.69,$3.17,2.46,$1.24,6.31,$0.23,33.96,$1.52B,$1.29B,1.18,$0.12B,$0.33B,0.37,$0.09B,$0.07B,75.82%,$0.09B,$0.01B,7.69%,$0.09B,0,0.00%,$0.09B,0,0.00%,$0.09B,$0.01B,7.69%,$0.09B,$0.01B,5.49%,$0.01B,$0.33B,2.00%,$0.01B,$0.33B,2.01%,$0.01B,$1.75B,0.29%,$0.01B,$0.46B,1.45%,$27,$5,$22,$0,$21,$27,$0,$0,$0,$0,$0,$0,$0,$0,$0,$29,29,$0.00,$0.00,$85,$0,$0,$1524,$15,$182,$1,$18,$223,$1747,$1291,$123,$0,$123,$1415,$244,$87,$-3,$332,$1747,$-1,$1,$10,$11,$-0,$0,$0,$-7,$-18,$-8,$1,$0,$0,$0,$-23,$-23,$-22,$-44,$-153,$0,$-153,$161,$161,$-3,$67,$72,$20,$0,$-3
30,2011-03-31,8.17,$11.39,0.72,$2.99,2.73,$1.73,4.74,$0.36,23.0,$1.65B,$1.26B,1.31,$0.26B,$0.34B,0.76,$0.09B,$0.06B,74.12%,$0.09B,$0.01B,14.12%,$0.09B,0,0.00%,$0.09B,0,0.00%,$0.09B,$0.01B,14.12%,$0.09B,$0.01B,9.41%,$0.01B,$0.34B,3.86%,$0.01B,$0.34B,3.88%,$0.01B,$1.90B,0.47%,$0.01B,$0.59B,2.51%,$20,$5,$15,$0,$17,$22,$-2,$0,$-2,$-1,$-1,$-1,$-1,$0,$0,$29,29,$-0.04,$-0.04,$234,$0,$0,$1652,$15,$203,$1,$18,$248,$1900,$1262,$255,$0,$255,$1564,$244,$88,$-0,$336,$1900,$-1,$1,$1,$1,$-0,$0,$0,$0,$-12,$-12,$0,$0,$0,$0,$1,$1,$-8,$-6,$-10,$-3,$-13,$161,$161,$-1,$39,$187,$169,$0,$-1
31,2010-12-31,9.54,$5.82,1.64,$3.03,3.15,$2.25,4.25,$0.49,19.3,$1.48B,$1.24B,1.19,$0.27B,$0.17B,1.61,$0.09B,$0.06B,73.26%,$0.09B,$0.02B,22.09%,$0.09B,0,0.00%,$0.09B,0,0.00%,$0.09B,$0.02B,22.09%,$0.09B,$0.01B,13.95%,$0.01B,$0.17B,7.35%,$0.01B,$0.17B,7.40%,$0.01B,$1.68B,0.74%,$0.02B,$0.43B,4.38%,$22,$6,$16,$0,$12,$18,$4,$0,$4,$1,$3,$3,$3,$0,$0,$28,28,$0.10,$0.10,$65,$0,$0,$1477,$15,$156,$1,$18,$202,$1678,$1244,$268,$0,$268,$1512,$85,$91,$-1,$166,$1678,$12,$2,$5,$7,$-2,$0,$0,$1,$9,$28,$5,$0,$0,$0,$-17,$-17,$-58,$-70,$13,$-15,$-3,$0,$0,$-5,$90,$83,$41,$1,$-5
32,2010-09-30,8.91,$5.78,1.54,$2.99,2.98,$1.47,6.08,$0.56,15.8,$1.43B,$1.20B,1.2,$0.28B,$0.17B,1.69,$0.09B,$0.06B,71.76%,$0.09B,$0.02B,22.35%,$0.09B,0,0.00%,$0.09B,0,0.00%,$0.09B,$0.02B,22.35%,$0.09B,$0.01B,14.12%,$0.01B,$0.17B,7.45%,$0.01B,$0.16B,7.50%,$0.01B,$1.64B,0.75%,$0.02B,$0.45B,4.39%,$22,$6,$16,$0,$11,$17,$5,$0,$5,$2,$3,$3,$3,$0,$0,$28,28,$0.12,$0.12,$37,$0,$0,$1431,$15,$159,$1,$23,$209,$1640,$1195,$280,$0,$280,$1475,$85,$89,$-0,$165,$1640,$10,$2,$3,$5,$-1,$0,$0,$-1,$5,$19,$0,$0,$0,$16,$-35,$-19,$-35,$-53,$28,$-18,$9,$0,$0,$-3,$46,$52,$18,$0,$-3
33,2010-06-30,9.19,$5.68,1.62,$2.94,3.12,$1.11,8.29,$0.47,19.56,$1.41B,$1.16B,1.21,$0.28B,$0.16B,1.71,$0.08B,$0.06B,69.88%,$0.08B,$0.02B,21.69%,$0.08B,0,0.00%,$0.08B,0,0.00%,$0.08B,$0.02B,21.69%,$0.08B,$0.01B,13.25%,$0.01B,$0.16B,6.96%,$0.01B,$0.16B,7.01%,$0.01B,$1.60B,0.70%,$0.02B,$0.44B,4.22%,$21,$5,$16,$0,$10,$16,$5,$0,$5,$2,$3,$3,$3,$0,$0,$28,28,$0.12,$0.12,$20,$0,$0,$1407,$15,$148,$1,$20,$195,$1602,$1162,$278,$0,$278,$1440,$85,$87,$-1,$162,$1602,$6,$1,$2,$3,$-0,$0,$0,$1,$-3,$6,$1,$0,$0,$11,$-20,$-8,$-24,$-32,$16,$-8,$7,$0,$0,$-2,$21,$26,$0,$0,$-2
34,2010-03-31,9.36,$5.60,1.67,$2.97,3.15,$0.91,10.23,$0.44,21.42,$1.38B,$1.14B,1.21,$0.26B,$0.16B,1.61,$0.08B,$0.06B,66.67%,$0.08B,$0.02B,20.24%,$0.08B,0,0.00%,$0.08B,0,0.00%,$0.08B,$0.02B,20.24%,$0.08B,$0.01B,13.10%,$0.01B,$0.16B,7.10%,$0.01B,$0.16B,7.14%,$0.01B,$1.56B,0.71%,$0.02B,$0.42B,4.05%,$21,$6,$15,$0,$11,$16,$5,$0,$5,$2,$3,$3,$3,$0,$0,$28,28,$0.10,$0.10,$19,$0,$0,$1378,$16,$134,$1,$20,$182,$1560,$1143,$257,$0,$257,$1400,$85,$85,$-0,$160,$1560,$3,$1,$1,$1,$-0,$0,$0,$0,$-0,$4,$0,$0,$0,$5,$1,$5,$6,$11,$5,$-18,$-13,$0,$0,$-1,$-1,$-15,$-0,$0,$-1
35,2009-12-31,8.01,$8.35,0.96,$2.96,2.7,$0.79,10.12,$0.40,19.84,$1.39B,$1.14B,1.21,$0.27B,$0.16B,1.72,$0.08B,$0.05B,63.86%,$0.08B,$0.02B,18.07%,$0.08B,0,0.00%,$0.08B,0,0.00%,$0.08B,$0.02B,18.07%,$0.08B,$0.01B,12.05%,$0.01B,$0.16B,6.59%,$0.01B,$0.16B,6.63%,$0.01B,$1.57B,0.64%,$0.02B,$0.43B,3.45%,$21,$7,$14,$0,$10,$16,$4,$0,$4,$2,$3,$3,$3,$0,$0,$28,28,$0.11,$0.11,$19,$0,$0,$1385,$16,$139,$1,$20,$187,$1571,$1144,$270,$0,$270,$1414,$85,$83,$-1,$157,$1571,$10,$2,$1,$3,$0,$0,$0,$-6,$-3,$10,$1,$0,$0,$0,$46,$46,$-77,$-30,$-8,$-51,$-59,$-0,$-0,$-4,$87,$24,$4,$1,$-4
36,2009-09-30,8.17,$5.35,1.53,$3.27,2.49,$1.06,7.72,$0.24,33.48,$1.38B,$1.14B,1.21,$0.27B,$0.15B,1.76,$0.08B,$0.05B,61.73%,$0.08B,$0.01B,14.81%,$0.08B,0,0.00%,$0.08B,0,0.00%,$0.08B,$0.01B,14.81%,$0.08B,$0.01B,9.88%,$0.01B,$0.15B,5.37%,$0.01B,$0.15B,5.41%,$0.01B,$1.56B,0.52%,$0.01B,$0.42B,2.68%,$20,$7,$13,$0,$10,$17,$4,$0,$4,$1,$2,$2,$2,$0,$0,$28,28,$0.09,$0.09,$17,$0,$0,$1377,$16,$145,$1,$14,$187,$1564,$1142,$269,$0,$269,$1411,$85,$81,$-3,$153,$1564,$7,$2,$1,$2,$-0,$0,$0,$-0,$1,$11,$-1,$0,$0,$0,$40,$40,$-68,$-29,$-6,$-54,$-60,$-0,$-0,$-3,$83,$20,$2,$1,$-3
37,2009-06-30,8.29,$5.25,1.58,$2.89,2.87,$1.01,8.19,$-0.03,0.0,$1.36B,$1.13B,1.2,$0.26B,$0.15B,1.76,$0.07B,$0.04B,53.52%,$0.07B,0,0.00%,$0.07B,0,0.00%,$0.07B,0,0.00%,$0.07B,0,0.00%,$0.07B,$0.00B,1.41%,$0.00B,$0.15B,0.68%,$0.00B,$0.15B,0.68%,$0.00B,$1.54B,0.07%,$0.00B,$0.41B,0.00%,$22,$8,$14,$0,$10,$18,$4,$0,$4,$1,$3,$3,$3,$0,$0,$28,28,$0.09,$0.09,$18,$0,$0,$1355,$16,$146,$1,$11,$185,$1540,$1126,$264,$0,$264,$1390,$85,$80,$-4,$150,$1540,$5,$1,$0,$1,$-6,$0,$0,$0,$-4,$2,$-1,$0,$0,$0,$38,$38,$-36,$2,$-2,$-62,$-65,$-0,$-0,$-2,$67,$0,$4,$1,$-2
38,2009-03-31,6.85,$5.16,1.33,$2.80,2.45,$1.09,6.27,$-0.07,0.0,$1.36B,$1.09B,1.24,$0.33B,$0.15B,2.23,$0.07B,$0.04B,51.47%,$0.07B,$-0.00B,-2.94%,$0.07B,0,0.00%,$0.07B,0,0.00%,$0.07B,$-0.00B,-2.94%,$0.07B,$-0.00B,-1.47%,$-0.00B,$0.15B,-0.67%,$-0.00B,$0.15B,-0.68%,$-0.00B,$1.57B,-0.07%,$-0.00B,$0.48B,-0.43%,$20,$8,$12,$0,$9,$17,$3,$0,$3,$1,$2,$2,$2,$0,$0,$28,28,$0.07,$0.07,$16,$0,$0,$1356,$16,$174,$1,$11,$214,$1570,$1093,$329,$0,$329,$1422,$85,$77,$-4,$147,$1570,$2,$0,$1,$1,$-2,$0,$0,$-0,$-2,$1,$-0,$0,$0,$0,$8,$8,$-42,$-34,$-7,$8,$1,$-0,$-0,$-1,$35,$34,$1,$1,$-1
39,2008-12-31,10.47,$5.09,2.06,$2.80,3.74,$1.11,9.46,$-0.10,0.0,$1.31B,$1.06B,1.24,$0.33B,$0.15B,2.26,$0.07B,$0.03B,50.00%,$0.07B,$-0.00B,-4.41%,$0.07B,0,0.00%,$0.07B,0,0.00%,$0.07B,$-0.00B,-4.41%,$0.07B,$-0.00B,-2.94%,$-0.00B,$0.15B,-1.32%,$-0.00B,$0.15B,-1.33%,$-0.00B,$1.53B,-0.14%,$-0.00B,$0.48B,-0.69%,$19,$9,$11,$0,$9,$18,$1,$0,$1,$0,$1,$1,$1,$0,$0,$18,18,$0.01,$0.01,$20,$0,$0,$1311,$16,$182,$1,$10,$222,$1533,$1058,$329,$0,$329,$1387,$85,$76,$-4,$146,$1533,$-2,$2,$13,$15,$-0,$0,$0,$2,$2,$16,$-4,$0,$0,$0,$-49,$-49,$-178,$-230,$83,$39,$122,$-4,$-4,$-4,$91,$205,$-9,$2,$-4
40,2008-09-30,11.74,$5.19,2.26,$2.47,4.75,$0.79,14.94,$-0.10,0.0,$1.28B,$1.01B,1.27,$0.35B,$0.15B,2.33,$0.07B,$0.03B,49.28%,$0.07B,$-0.00B,-1.45%,$0.07B,0,0.00%,$0.07B,0,0.00%,$0.07B,$-0.00B,-1.45%,$0.07B,$-0.00B,-1.45%,$-0.00B,$0.15B,-0.65%,$-0.00B,$0.15B,-0.65%,$-0.00B,$1.50B,-0.07%,$-0.00B,$0.50B,-0.24%,$10,$8,$1,$0,$9,$17,$-8,$0,$-8,$-2,$-5,$-5,$-5,$0,$0,$28,28,$-0.19,$-0.19,$20,$0,$0,$1276,$16,$188,$1,$14,$227,$1503,$1008,$347,$0,$347,$1354,$85,$76,$-1,$149,$1503,$-3,$1,$11,$12,$-1,$0,$0,$2,$1,$11,$-2,$0,$0,$0,$-54,$-54,$-136,$-192,$47,$92,$140,$-4,$-4,$-3,$45,$177,$-4,$2,$-3
41,2008-06-30,9.33,$5.37,1.74,$2.84,3.28,$0.77,12.13,$0.17,54.44,$1.22B,$1.04B,1.18,$0.26B,$0.15B,1.7,$0.08B,$0.04B,55.70%,$0.08B,$0.01B,12.66%,$0.08B,0,0.00%,$0.08B,0,0.00%,$0.08B,$0.01B,12.66%,$0.08B,$0.01B,7.59%,$0.01B,$0.15B,3.85%,$0.01B,$0.15B,3.87%,$0.01B,$1.46B,0.44%,$0.01B,$0.42B,2.65%,$19,$9,$11,$0,$8,$17,$2,$0,$2,$1,$1,$1,$1,$0,$0,$28,28,$0.05,$0.05,$29,$0,$0,$1220,$15,$201,$1,$15,$237,$1458,$1036,$262,$0,$262,$1303,$85,$82,$-2,$154,$1458,$3,$1,$3,$3,$-1,$0,$0,$1,$-1,$5,$-2,$0,$0,$0,$-52,$-52,$-75,$-129,$19,$36,$55,$-3,$-3,$-2,$74,$124,$0,$2,$-2
42,2008-03-31,10.14,$5.41,1.87,$2.84,3.57,$0.84,12.12,$0.20,51.27,$1.17B,$1.01B,1.15,$0.20B,$0.16B,1.3,$0.08B,$0.04B,55.00%,$0.08B,$0.01B,13.75%,$0.08B,0,0.00%,$0.08B,0,0.00%,$0.08B,$0.01B,13.75%,$0.08B,$0.01B,8.75%,$0.01B,$0.16B,4.48%,$0.01B,$0.16B,4.51%,$0.01B,$1.37B,0.53%,$0.01B,$0.36B,3.14%,$20,$9,$11,$0,$9,$19,$2,$0,$2,$1,$1,$1,$1,$0,$0,$28,28,$0.04,$0.04,$26,$0,$0,$1165,$14,$172,$1,$16,$207,$1372,$1011,$204,$0,$204,$1216,$85,$82,$-1,$157,$1372,$1,$0,$2,$2,$-0,$0,$0,$0,$-2,$1,$-0,$0,$0,$0,$-26,$-26,$-18,$-44,$21,$-24,$-3,$-1,$-1,$-1,$50,$45,$2,$1,$-1
43,2007-12-31,8.99,$5.41,1.66,$2.77,3.24,$0.88,10.23,$0.22,40.12,$1.14B,$0.96B,1.19,$0.21B,$0.16B,1.33,$0.08B,$0.04B,54.43%,$0.08B,$0.01B,15.19%,$0.08B,0,0.00%,$0.08B,0,0.00%,$0.08B,$0.01B,15.19%,$0.08B,$0.01B,10.13%,$0.01B,$0.16B,5.13%,$0.01B,$0.16B,5.16%,$0.01B,$1.33B,0.62%,$0.01B,$0.36B,3.55%,$20,$9,$11,$0,$8,$18,$3,$0,$3,$1,$2,$2,$2,$0,$0,$28,28,$0.07,$0.07,$28,$0,$0,$1144,$14,$148,$1,$16,$183,$1327,$963,$207,$0,$207,$1171,$85,$81,$-0,$156,$1327,$8,$1,$3,$4,$0,$0,$0,$-3,$0,$13,$-3,$0,$0,$0,$-4,$-4,$-84,$-91,$61,$-37,$24,$-7,$-7,$-3,$67,$80,$2,$2,$-3
44,2007-09-30,10.48,$5.36,1.95,$2.72,3.86,$0.94,11.14,$0.24,44.16,$1.15B,$0.96B,1.19,$0.21B,$0.16B,1.34,$0.08B,$0.04B,53.85%,$0.08B,$0.01B,12.82%,$0.08B,0,0.00%,$0.08B,0,0.00%,$0.08B,$0.01B,12.82%,$0.08B,$0.01B,8.97%,$0.01B,$0.16B,4.49%,$0.01B,$0.16B,4.52%,$0.01B,$1.34B,0.55%,$0.01B,$0.37B,3.01%,$20,$9,$11,$0,$8,$17,$3,$0,$3,$1,$2,$2,$2,$0,$0,$28,28,$0.08,$0.08,$24,$0,$0,$1147,$14,$157,$1,$11,$188,$1336,$964,$210,$0,$210,$1179,$85,$80,$-1,$157,$1336,$6,$1,$1,$2,$-1,$0,$0,$1,$2,$11,$-3,$0,$0,$0,$-12,$-12,$-82,$-96,$30,$-4,$26,$-4,$-4,$-2,$68,$88,$2,$1,$-2
45,2007-06-30,11.07,$5.30,2.09,$2.63,4.21,$0.90,12.27,$0.24,46.64,$1.10B,$0.96B,1.15,$0.16B,$0.16B,1.0,$0.08B,$0.04B,53.95%,$0.08B,$0.01B,13.16%,$0.08B,0,0.00%,$0.08B,0,0.00%,$0.08B,$0.01B,13.16%,$0.08B,$0.01B,9.21%,$0.01B,$0.16B,4.49%,$0.01B,$0.15B,4.52%,$0.01B,$1.27B,0.56%,$0.01B,$0.31B,3.08%,$20,$9,$11,$0,$8,$16,$3,$0,$3,$1,$2,$2,$2,$0,$0,$29,29,$0.08,$0.08,$24,$0,$0,$1095,$14,$145,$1,$11,$176,$1271,$955,$156,$0,$156,$1116,$85,$79,$-1,$155,$1271,$4,$1,$1,$1,$0,$0,$0,$1,$2,$7,$-2,$0,$0,$0,$2,$2,$-35,$-34,$23,$-51,$-28,$-3,$-3,$-2,$61,$28,$1,$1,$-2
46,2007-03-31,10.99,$5.27,2.09,$2.52,4.36,$0.87,12.57,$0.23,47.62,$1.07B,$0.93B,1.16,$0.16B,$0.16B,1.01,$0.07B,$0.04B,55.56%,$0.07B,$0.01B,13.89%,$0.07B,0,0.00%,$0.07B,0,0.00%,$0.07B,$0.01B,13.89%,$0.07B,$0.01B,9.72%,$0.01B,$0.16B,4.50%,$0.01B,$0.16B,4.53%,$0.01B,$1.24B,0.58%,$0.01B,$0.31B,3.13%,$19,$8,$10,$0,$7,$16,$3,$0,$3,$1,$2,$2,$2,$0,$0,$29,29,$0.07,$0.07,$22,$0,$0,$1073,$13,$137,$1,$11,$167,$1240,$927,$157,$0,$157,$1084,$85,$77,$-1,$156,$1240,$2,$0,$0,$1,$-0,$0,$0,$0,$-0,$3,$-1,$0,$0,$0,$6,$6,$-12,$-7,$-24,$-2,$-27,$-1,$-1,$-1,$33,$4,$-0,$0,$-1
47,2006-12-31,13.01,$5.22,2.49,$2.40,5.42,$0.88,14.87,$0.16,78.96,$1.06B,$0.89B,1.19,$0.18B,$0.16B,1.18,$0.07B,$0.04B,58.82%,$0.07B,$0.01B,14.71%,$0.07B,0,0.00%,$0.07B,0,0.00%,$0.07B,$0.01B,14.71%,$0.07B,$0.01B,10.29%,$0.01B,$0.16B,4.53%,$0.01B,$0.15B,4.56%,$0.01B,$1.23B,0.59%,$0.01B,$0.34B,3.12%,$19,$8,$10,$0,$10,$18,$1,$0,$1,$0,$1,$1,$1,$0,$0,$29,29,$0.02,$0.02,$27,$0,$0,$1060,$13,$142,$1,$11,$173,$1233,$894,$183,$0,$183,$1078,$85,$76,$-2,$155,$1233,$7,$1,$4,$6,$-1,$0,$0,$-1,$-1,$12,$0,$0,$0,$0,$-2,$-2,$-178,$-180,$-1,$49,$48,$-2,$-2,$-2,$123,$168,$-1,$3,$-2
