,Date,Stock Price,Book Value per Share,Price to Book Ratio,TTM Sales per Share,Price to Sales Ratio,TTM FCF per Share,Price to FCF Ratio,TTM Net EPS,PE Ratio,Current Assets,Current Liabilities,Current Ratio,Long Term Debt,Shareholder's Equity_x,Debt to Equity Ratio,TTM Revenue_x,TTM Gross Profit,Gross Margin,TTM Revenue_y,TTM Operating Income,Operating Margin,TTM Revenue_x,TTM EBIT,EBIT Margin,TTM Revenue_y,TTM EBITDA,EBITDA Margin,TTM Revenue_x,TTM Pre-Tax Income,Pre-Tax Margin,TTM Revenue_y,TTM Net Income_x,Net Margin,TTM Net Income_y,Shareholder's Equity_y,Return on Equity,TTM Net Income_x,Tangible Equity,Return on Tangible Equity,TTM Net Income_y,Total Assets,Return on Assets,TTM Net Income,LT Investments & Debt,Return on Investment,revenue,cost-goods-sold,gross-profit,research-development-expenses,selling-general-administrative-expenses,operating-expenses,operating-income,total-non-operating-income-expense,pre-tax-income,total-provision-income-taxes,income-after-taxes,income-from-continuous-operations,net-income,ebitda,ebit,basic-shares-outstanding,shares-outstanding,eps-basic-net-earnings-per-share,eps-earnings-per-share-diluted,cash-on-hand,inventory,other-current-assets,total-current-assets,net-property-plant-equipment,long-term-investments,goodwill-intangible-assets-total,other-long-term-assets,total-long-term-assets,total-assets,total-current-liabilities,long-term-debt,other-non-current-liabilities,total-long-term-liabilities,total-liabilities,common-stock-net,retained-earnings-accumulated-deficit,comprehensive-income,total-share-holder-equity,total-liabilities-share-holders-equity,net-income-loss,total-depreciation-amortization-cash-flow,other-non-cash-items,total-non-cash-items,change-in-accounts-receivable,change-in-inventories,change-in-accounts-payable,change-in-assets-liabilities,total-change-in-assets-liabilities,cash-flow-from-operating-activities,net-change-in-property-plant-equipment,net-change-in-intangible-assets,net-acquisitions-divestitures,net-change-in-short-term-investments,net-change-in-long-term-investments,net-change-in-investments-total,investing-activities-other,cash-flow-from-investing-activities,net-long-term-debt,net-current-debt,debt-issuance-retirement-net-total,net-common-equity-issued-repurchased,net-total-equity-issued-repurchased,total-common-preferred-stock-dividends-paid,financial-activities-other,cash-flow-from-financial-activities,net-cash-flow,stock-based-compensation,common-stock-dividends-paid
0,2018-09-30,38.53,$28.49,1.35,$9.68,3.98,$5.83,6.61,$1.90,20.28,$9.65B,$10.89B,0.89,$0.50B,$1.88B,0.27,$0.58B,$0.50B,85.54%,$0.58B,$0.19B,33.39%,$0.58B,0,0.00%,$0.58B,0,0.00%,$0.58B,$0.15B,26.51%,$0.58B,$0.12B,20.14%,$0.12B,$1.88B,7.07%,$0.12B,$1.10B,11.76%,$0.12B,$13.37B,0.96%,$0.19B,$2.38B,9.09%,$151,$25,$126,$0,$75,$104,$48,$-1,$46,$7,$39,$39,$38,$0,$0,$66,66,$0.58,$0.58,$282,$0,$0,$9653,$155,$2258,$779,$525,$3719,$13372,$10892,$498,$100,$600,$11492,$87,$439,$-25,$1880,$13372,$102,$15,$10,$24,$20,$0,$0,$0,$20,$147,$-4,$0,$160,$0,$-700,$-700,$187,$-357,$15,$28,$43,$2,$2,$-43,$291,$293,$83,$5,$-43
1,2018-06-30,38.67,$28.28,1.37,$9.66,4.0,$5.69,6.8,$1.79,21.6,$9.83B,$10.59B,0.93,$0.51B,$1.87B,0.27,$0.53B,$0.46B,86.23%,$0.53B,$0.18B,33.02%,$0.53B,0,0.00%,$0.53B,0,0.00%,$0.53B,$0.14B,25.66%,$0.53B,$0.10B,18.87%,$0.10B,$1.87B,6.92%,$0.10B,$1.09B,11.10%,$0.10B,$13.07B,0.90%,$0.18B,$2.37B,9.17%,$173,$24,$149,$0,$76,$103,$70,$-8,$61,$12,$50,$50,$47,$0,$0,$66,66,$0.72,$0.72,$578,$0,$0,$9827,$161,$1739,$776,$520,$3239,$13066,$10590,$507,$99,$611,$11201,$87,$415,$-14,$1865,$13066,$64,$8,$6,$15,$-20,$0,$0,$-4,$-25,$54,$-3,$0,$163,$0,$-163,$-163,$311,$309,$25,$-236,$-211,$1,$1,$-28,$253,$16,$379,$3,$-28
2,2018-03-31,36.32,$27.79,1.31,$9.24,3.93,$5.88,6.17,$1.48,24.54,$10.14B,$10.73B,0.94,$0.48B,$1.83B,0.26,$0.45B,$0.39B,86.53%,$0.45B,$0.13B,29.14%,$0.45B,0,0.00%,$0.45B,0,0.00%,$0.45B,$0.10B,21.85%,$0.45B,$0.07B,15.67%,$0.07B,$1.83B,5.74%,$0.07B,$1.06B,8.79%,$0.07B,$13.15B,0.70%,$0.13B,$2.31B,7.85%,$147,$21,$126,$0,$77,$101,$46,$-28,$19,$2,$17,$17,$17,$0,$0,$66,66,$0.25,$0.25,$342,$0,$0,$10135,$163,$1557,$774,$520,$3014,$13149,$10732,$481,$105,$587,$11318,$87,$382,$-12,$1831,$13149,$17,$5,$4,$8,$13,$0,$0,$-2,$11,$36,$-1,$0,$168,$0,$-5,$-5,$-200,$-38,$0,$24,$24,$1,$1,$-14,$134,$145,$143,$1,$-14
3,2017-12-31,35.58,$23.92,1.49,$9.18,3.87,$6.44,5.53,$1.67,21.3,$7.30B,$7.79B,0.94,$0.43B,$1.05B,0.41,$0.40B,$0.35B,87.53%,$0.40B,$0.11B,27.93%,$0.40B,0,0.00%,$0.40B,0,0.00%,$0.40B,$0.11B,26.43%,$0.40B,$0.07B,18.20%,$0.07B,$1.05B,7.06%,$0.07B,$0.73B,10.16%,$0.07B,$9.32B,0.81%,$0.11B,$1.47B,7.67%,$110,$14,$96,$0,$65,$80,$30,$-2,$28,$13,$16,$16,$15,$0,$0,$44,44,$0.35,$0.35,$199,$0,$0,$7303,$120,$1249,$313,$286,$2012,$9315,$7786,$425,$54,$483,$8269,$58,$379,$-1,$1046,$9315,$73,$24,$18,$42,$-4,$0,$0,$-0,$-5,$110,$-7,$0,$5,$0,$-48,$-48,$-836,$-886,$10,$217,$227,$1,$1,$-35,$603,$796,$20,$5,$-35
4,2017-09-30,34.51,$23.81,1.45,$8.82,3.91,$6.06,5.69,$1.80,19.17,$7.07B,$7.50B,0.94,$0.44B,$1.04B,0.42,$0.39B,$0.34B,88.60%,$0.39B,$0.11B,28.76%,$0.39B,0,0.00%,$0.39B,0,0.00%,$0.39B,$0.11B,27.72%,$0.39B,$0.08B,20.47%,$0.08B,$1.04B,7.73%,$0.08B,$0.73B,11.20%,$0.08B,$9.03B,0.90%,$0.11B,$1.48B,7.68%,$100,$14,$86,$0,$56,$71,$29,$-1,$28,$7,$20,$20,$21,$0,$0,$44,44,$0.47,$0.47,$177,$0,$0,$7069,$121,$1242,$314,$283,$1960,$9029,$7499,$435,$54,$489,$7988,$58,$373,$1,$1041,$9029,$58,$19,$8,$26,$6,$0,$0,$6,$11,$95,$-7,$0,$0,$0,$-32,$-32,$-591,$-631,$20,$41,$61,$1,$1,$-26,$498,$533,$-2,$4,$-26
5,2017-06-30,32.93,$23.59,1.4,$8.68,3.79,$5.57,5.91,$1.80,18.29,$6.96B,$7.40B,0.94,$0.43B,$1.03B,0.42,$0.38B,$0.34B,90.24%,$0.38B,$0.11B,28.76%,$0.38B,0,0.00%,$0.38B,0,0.00%,$0.38B,$0.11B,27.97%,$0.38B,$0.08B,20.58%,$0.08B,$1.03B,7.71%,$0.08B,$0.72B,11.24%,$0.08B,$8.92B,0.91%,$0.11B,$1.47B,7.83%,$96,$12,$84,$0,$55,$69,$27,$-3,$24,$7,$17,$17,$18,$0,$0,$44,44,$0.41,$0.41,$182,$0,$0,$6956,$122,$1236,$316,$286,$1959,$8915,$7401,$434,$49,$483,$7884,$58,$362,$4,$1031,$8915,$37,$12,$3,$16,$-5,$0,$0,$-0,$-5,$48,$-5,$0,$0,$0,$-19,$-19,$-464,$-489,$20,$60,$80,$1,$1,$-17,$381,$444,$3,$3,$-17
6,2017-03-31,33.97,$23.25,1.46,$8.55,3.97,$5.55,6.12,$1.83,18.56,$6.72B,$7.18B,0.94,$0.41B,$1.02B,0.41,$0.37B,$0.34B,91.44%,$0.37B,$0.11B,28.88%,$0.37B,0,0.00%,$0.37B,0,0.00%,$0.37B,$0.11B,28.88%,$0.37B,$0.08B,21.12%,$0.08B,$1.02B,7.89%,$0.08B,$0.70B,11.57%,$0.08B,$8.67B,0.94%,$0.11B,$1.43B,8.05%,$95,$10,$85,$0,$58,$70,$26,$0,$26,$7,$19,$19,$19,$0,$0,$44,44,$0.44,$0.44,$184,$0,$0,$6719,$123,$1222,$317,$289,$1950,$8670,$7181,$414,$59,$473,$7654,$58,$352,$-0,$1016,$8670,$19,$6,$1,$7,$17,$0,$0,$8,$24,$50,$-3,$0,$0,$0,$-10,$-10,$-246,$-259,$0,$-10,$-10,$1,$1,$-9,$231,$214,$5,$1,$-9
7,2016-12-31,34.31,$22.95,1.49,$8.33,4.12,$4.94,6.95,$1.77,19.39,$6.49B,$6.96B,0.93,$0.41B,$1.00B,0.41,$0.37B,$0.34B,92.08%,$0.37B,$0.11B,28.69%,$0.37B,0,0.00%,$0.37B,0,0.00%,$0.37B,$0.11B,28.69%,$0.37B,$0.08B,21.04%,$0.08B,$1.00B,7.75%,$0.08B,$0.68B,11.41%,$0.08B,$8.43B,0.94%,$0.11B,$1.41B,8.06%,$95,$8,$87,$0,$56,$66,$29,$0,$29,$8,$21,$21,$21,$0,$0,$44,44,$0.48,$0.48,$179,$0,$0,$6486,$122,$1209,$319,$291,$1941,$8427,$6956,$413,$56,$469,$7426,$58,$342,$-4,$1001,$8427,$77,$25,$8,$34,$-0,$0,$0,$-17,$-17,$94,$-6,$0,$-4,$0,$-74,$-74,$-631,$-715,$121,$188,$308,$-32,$-32,$-34,$415,$658,$37,$4,$-34
8,2016-09-30,25.53,$22.98,1.11,$8.07,3.16,$5.31,4.81,$1.69,15.11,$6.32B,$6.92B,0.91,$0.26B,$1.00B,0.26,$0.36B,$0.33B,92.44%,$0.36B,$0.10B,27.73%,$0.36B,0,0.00%,$0.36B,0,0.00%,$0.36B,$0.10B,27.73%,$0.36B,$0.07B,20.73%,$0.07B,$1.00B,7.46%,$0.07B,$0.68B,10.98%,$0.07B,$8.26B,0.93%,$0.10B,$1.26B,7.79%,$93,$7,$86,$0,$58,$67,$27,$0,$27,$6,$20,$20,$20,$0,$0,$44,44,$0.47,$0.47,$156,$0,$0,$6315,$123,$1219,$321,$280,$1943,$8258,$6924,$260,$73,$333,$7257,$57,$330,$10,$1001,$8258,$57,$19,$6,$26,$-11,$0,$0,$0,$-11,$72,$-5,$0,$-4,$0,$-56,$-56,$-474,$-539,$-33,$277,$244,$-32,$-32,$-25,$294,$481,$14,$3,$-25
9,2016-06-30,23.4,$22.68,1.03,$7.86,2.98,$5.49,4.26,$1.62,14.44,$6.16B,$6.77B,0.91,$0.28B,$0.99B,0.28,$0.35B,$0.32B,92.31%,$0.35B,$0.10B,27.64%,$0.35B,0,0.00%,$0.35B,0,0.00%,$0.35B,$0.10B,27.64%,$0.35B,$0.07B,20.51%,$0.07B,$0.99B,7.27%,$0.07B,$0.67B,10.69%,$0.07B,$8.10B,0.92%,$0.10B,$1.26B,7.59%,$91,$7,$84,$0,$56,$65,$26,$0,$26,$7,$19,$19,$19,$0,$0,$44,44,$0.44,$0.44,$217,$0,$0,$6161,$124,$1215,$317,$283,$1939,$8101,$6774,$275,$63,$337,$7111,$58,$318,$9,$989,$8101,$36,$13,$4,$17,$-2,$0,$0,$-7,$-9,$45,$-3,$0,$-4,$0,$-50,$-50,$-270,$-327,$-18,$289,$272,$-30,$-30,$-17,$131,$356,$74,$2,$-17
10,2016-03-31,23.15,$22.37,1.03,$7.69,3.01,$5.34,4.33,$1.52,15.23,$5.91B,$6.50B,0.91,$0.29B,$0.98B,0.3,$0.35B,$0.32B,92.49%,$0.35B,$0.09B,26.59%,$0.35B,0,0.00%,$0.35B,0,0.00%,$0.35B,$0.09B,26.59%,$0.35B,$0.07B,19.65%,$0.07B,$0.98B,6.87%,$0.07B,$0.67B,10.12%,$0.07B,$7.83B,0.89%,$0.09B,$1.27B,7.17%,$87,$7,$80,$0,$55,$64,$23,$0,$23,$6,$17,$17,$17,$0,$0,$44,44,$0.38,$0.38,$133,$0,$0,$5905,$125,$1202,$315,$286,$1928,$7833,$6504,$292,$56,$348,$6852,$58,$307,$6,$981,$7833,$17,$7,$2,$9,$11,$0,$0,$-14,$-3,$23,$-2,$0,$0,$0,$-40,$-40,$-109,$-151,$0,$169,$169,$-23,$-23,$-8,$-18,$119,$-9,$1,$-8
11,2015-12-31,23.51,$22.23,1.06,$7.57,3.11,$5.27,4.46,$1.49,15.78,$5.82B,$6.35B,0.92,$0.29B,$1.00B,0.29,$0.34B,$0.32B,92.69%,$0.34B,$0.09B,26.32%,$0.34B,0,0.00%,$0.34B,0,0.00%,$0.34B,$0.09B,26.32%,$0.34B,$0.07B,19.59%,$0.07B,$1.00B,6.76%,$0.07B,$0.68B,9.98%,$0.07B,$7.69B,0.89%,$0.09B,$1.29B,6.99%,$86,$7,$80,$0,$54,$63,$23,$0,$23,$5,$18,$18,$18,$0,$0,$45,45,$0.40,$0.40,$143,$0,$0,$5816,$126,$1160,$317,$274,$1877,$7693,$6353,$291,$54,$345,$6698,$59,$298,$6,$995,$7693,$67,$28,$10,$38,$6,$0,$0,$-0,$6,$111,$-4,$0,$0,$0,$-22,$-22,$-349,$-375,$-10,$2,$-8,$-15,$-15,$-29,$327,$274,$9,$2,$-29
12,2015-09-30,22.2,$22.12,1.0,$7.46,2.98,$5.51,4.03,$1.42,15.63,$5.76B,$6.25B,0.92,$0.29B,$1.00B,0.29,$0.34B,$0.32B,92.92%,$0.34B,$0.09B,26.25%,$0.34B,0,0.00%,$0.34B,0,0.00%,$0.34B,$0.09B,25.96%,$0.34B,$0.06B,18.88%,$0.06B,$1.00B,6.49%,$0.06B,$0.68B,9.63%,$0.06B,$7.59B,0.86%,$0.09B,$1.29B,6.93%,$87,$7,$80,$0,$53,$62,$25,$0,$25,$7,$18,$18,$18,$0,$0,$45,45,$0.40,$0.40,$179,$0,$0,$5755,$129,$1141,$319,$250,$1839,$7594,$6250,$291,$58,$349,$6599,$60,$289,$8,$995,$7594,$49,$19,$7,$26,$3,$0,$0,$0,$3,$79,$-3,$0,$0,$0,$3,$3,$-223,$-222,$-8,$44,$36,$-7,$-7,$-21,$182,$189,$46,$1,$-21
13,2015-06-30,21.34,$21.90,0.97,$7.42,2.88,$6.06,3.52,$1.35,15.81,$5.65B,$6.17B,0.92,$0.30B,$0.99B,0.3,$0.34B,$0.32B,93.49%,$0.34B,$0.09B,25.15%,$0.34B,0,0.00%,$0.34B,0,0.00%,$0.34B,$0.08B,24.56%,$0.34B,$0.06B,18.05%,$0.06B,$0.99B,6.21%,$0.06B,$0.67B,9.28%,$0.06B,$7.50B,0.83%,$0.09B,$1.29B,6.63%,$86,$6,$80,$0,$57,$65,$21,$0,$21,$6,$15,$15,$15,$0,$0,$45,45,$0.34,$0.34,$137,$0,$0,$5654,$133,$1140,$321,$250,$1843,$7498,$6165,$300,$44,$344,$6510,$60,$278,$9,$988,$7498,$31,$13,$5,$18,$3,$0,$0,$-12,$-9,$40,$-4,$0,$0,$0,$6,$6,$-163,$-161,$1,$-7,$-6,$-4,$-4,$-14,$147,$124,$4,$1,$-14
14,2015-03-31,20.24,$21.86,0.93,$7.35,2.75,$6.20,3.26,$1.33,15.22,$5.54B,$6.05B,0.92,$0.30B,$0.99B,0.3,$0.34B,$0.32B,93.77%,$0.34B,$0.09B,26.11%,$0.34B,0,0.00%,$0.34B,0,0.00%,$0.34B,$0.08B,24.33%,$0.34B,$0.06B,18.10%,$0.06B,$0.99B,6.23%,$0.06B,$0.66B,9.36%,$0.06B,$7.39B,0.83%,$0.09B,$1.29B,6.88%,$83,$6,$77,$0,$53,$61,$21,$0,$21,$6,$16,$16,$16,$0,$0,$45,45,$0.35,$0.35,$137,$0,$0,$5540,$134,$1143,$323,$248,$1848,$7389,$6045,$300,$57,$357,$6402,$60,$271,$15,$987,$7389,$16,$7,$3,$9,$-4,$0,$0,$-1,$-4,$21,$-2,$0,$0,$0,$16,$16,$-42,$-28,$1,$-13,$-12,$-2,$-2,$-6,$32,$11,$4,$0,$-6
15,2014-12-31,21.79,$21.64,1.01,$7.26,3.0,$6.83,3.19,$1.15,18.95,$5.49B,$6.03B,0.91,$0.30B,$0.98B,0.31,$0.34B,$0.32B,94.35%,$0.34B,$0.09B,26.79%,$0.34B,0,0.00%,$0.34B,0,0.00%,$0.34B,$0.07B,21.13%,$0.34B,$0.05B,15.77%,$0.05B,$0.98B,5.42%,$0.05B,$0.65B,8.19%,$0.05B,$7.36B,0.73%,$0.09B,$1.28B,7.04%,$83,$5,$78,$0,$54,$62,$22,$-1,$21,$6,$15,$15,$15,$0,$0,$46,46,$0.33,$0.33,$133,$0,$0,$5489,$135,$1157,$325,$252,$1869,$7359,$6026,$300,$56,$355,$6381,$60,$262,$12,$977,$7359,$52,$27,$12,$39,$22,$0,$0,$14,$36,$127,$-7,$0,$50,$0,$21,$21,$-58,$6,$0,$74,$74,$-51,$-51,$-25,$-71,$-73,$60,$2,$-25
16,2014-09-30,20.77,$21.48,0.97,$7.52,2.76,$10.31,2.01,$1.14,18.22,$5.32B,$5.86B,0.91,$0.30B,$0.98B,0.31,$0.31B,$0.29B,93.77%,$0.31B,$0.08B,26.23%,$0.31B,0,0.00%,$0.31B,0,0.00%,$0.31B,$0.06B,20.00%,$0.31B,$0.05B,15.08%,$0.05B,$0.98B,5.45%,$0.05B,$0.65B,7.98%,$0.05B,$7.19B,0.71%,$0.08B,$1.28B,7.16%,$86,$5,$81,$0,$57,$65,$21,$-2,$20,$5,$15,$15,$15,$0,$0,$46,46,$0.32,$0.32,$149,$0,$0,$5319,$139,$1144,$331,$262,$1875,$7194,$5863,$299,$55,$354,$6217,$60,$254,$12,$978,$7194,$37,$19,$11,$29,$33,$0,$0,$9,$42,$108,$-6,$0,$50,$0,$34,$34,$111,$189,$2,$-85,$-83,$-42,$-42,$-19,$-77,$-221,$76,$1,$-19
17,2014-06-30,22.92,$21.30,1.08,$7.73,2.97,$13.50,1.7,$1.13,20.29,$5.42B,$5.98B,0.91,$0.30B,$0.98B,0.31,$0.27B,$0.25B,92.99%,$0.27B,$0.07B,26.20%,$0.27B,0,0.00%,$0.27B,0,0.00%,$0.27B,$0.05B,19.19%,$0.27B,$0.04B,14.39%,$0.04B,$0.98B,5.51%,$0.04B,$0.64B,7.73%,$0.04B,$7.31B,0.68%,$0.07B,$1.28B,7.42%,$85,$5,$80,$0,$53,$61,$24,$-5,$20,$5,$15,$15,$15,$0,$0,$46,46,$0.32,$0.32,$159,$0,$0,$5424,$146,$1142,$333,$262,$1883,$7307,$5977,$299,$54,$353,$6330,$61,$246,$11,$977,$7307,$22,$13,$3,$16,$1,$0,$0,$10,$11,$49,$-5,$0,$50,$0,$36,$36,$49,$131,$1,$-71,$-70,$-33,$-33,$-13,$22,$-94,$86,$1,$-13
18,2014-03-31,22.59,$21.05,1.07,$8.07,2.8,$16.15,1.4,$1.19,18.98,$5.43B,$5.96B,0.91,$0.30B,$0.98B,0.3,$0.24B,$0.22B,92.08%,$0.24B,$0.06B,25.00%,$0.24B,0,0.00%,$0.24B,0,0.00%,$0.24B,$0.05B,18.75%,$0.24B,$0.03B,13.75%,$0.03B,$0.98B,5.78%,$0.03B,$0.65B,7.63%,$0.03B,$7.30B,0.67%,$0.06B,$1.28B,7.55%,$82,$4,$78,$0,$52,$59,$23,$-13,$10,$3,$8,$8,$8,$0,$0,$47,47,$0.16,$0.16,$142,$0,$0,$5434,$152,$1121,$336,$252,$1860,$7295,$5960,$298,$53,$352,$6312,$62,$238,$5,$983,$7295,$8,$6,$1,$7,$16,$0,$0,$20,$36,$51,$-2,$0,$50,$0,$50,$50,$7,$105,$0,$-39,$-38,$-13,$-13,$-6,$-29,$-86,$69,$0,$-6
19,2013-12-31,21.92,$17.55,1.25,$8.44,2.6,$17.58,1.25,$1.38,15.89,$3.14B,$3.50B,0.9,$0.20B,$0.44B,0.46,$0.21B,$0.19B,90.52%,$0.21B,$0.05B,23.22%,$0.21B,0,0.00%,$0.21B,0,0.00%,$0.21B,$0.05B,22.27%,$0.21B,$0.03B,16.11%,$0.03B,$0.44B,7.86%,$0.03B,$0.37B,9.44%,$0.03B,$4.18B,0.83%,$0.05B,$0.64B,7.76%,$52,$5,$47,$0,$32,$39,$12,$-2,$11,$3,$8,$8,$8,$0,$0,$25,25,$0.32,$0.31,$73,$0,$0,$3135,$83,$703,$71,$184,$1041,$4177,$3501,$199,$38,$238,$3738,$33,$237,$-2,$438,$4177,$34,$20,$9,$29,$115,$0,$0,$-21,$93,$157,$-5,$0,$0,$0,$-129,$-129,$-85,$-219,$2,$132,$134,$1,$-9,$-13,$-61,$52,$-10,$1,$-13
20,2013-09-30,20.53,$17.41,1.18,$8.58,2.39,$10.56,1.94,$1.43,14.36,$3.10B,$3.38B,0.92,$0.20B,$0.43B,0.46,$0.22B,$0.20B,90.28%,$0.22B,$0.06B,29.17%,$0.22B,0,0.00%,$0.22B,0,0.00%,$0.22B,$0.05B,22.69%,$0.22B,$0.04B,16.20%,$0.04B,$0.43B,8.10%,$0.04B,$0.36B,9.76%,$0.04B,$4.05B,0.86%,$0.06B,$0.63B,10.00%,$52,$5,$47,$0,$35,$40,$12,$-0,$11,$3,$8,$8,$8,$0,$0,$25,25,$0.32,$0.32,$75,$0,$0,$3102,$83,$609,$72,$182,$945,$4047,$3376,$199,$39,$237,$3613,$33,$232,$-1,$434,$4047,$26,$15,$6,$22,$110,$0,$0,$-19,$91,$139,$-3,$0,$0,$0,$-29,$-29,$-44,$-76,$2,$19,$21,$-9,$-9,$-9,$-73,$-71,$-8,$1,$-9
21,2013-06-30,17.98,$17.22,1.04,$8.65,2.08,$4.44,4.05,$1.48,12.15,$3.15B,$3.40B,0.93,$0.20B,$0.43B,0.46,$0.22B,$0.20B,89.55%,$0.22B,$0.07B,29.55%,$0.22B,0,0.00%,$0.22B,0,0.00%,$0.22B,$0.05B,23.64%,$0.22B,$0.04B,16.82%,$0.04B,$0.43B,8.52%,$0.04B,$0.36B,10.28%,$0.04B,$4.06B,0.91%,$0.07B,$0.63B,10.28%,$54,$5,$49,$0,$35,$41,$13,$0,$13,$4,$9,$9,$9,$0,$0,$25,25,$0.38,$0.38,$72,$0,$0,$3147,$83,$600,$73,$153,$909,$4057,$3395,$198,$35,$233,$3628,$33,$228,$-1,$428,$4057,$18,$6,$3,$9,$59,$0,$0,$5,$64,$91,$-2,$0,$0,$0,$-13,$-13,$-39,$-53,$1,$-3,$-2,$-9,$-9,$-6,$-32,$-49,$-11,$0,$-6
22,2013-03-31,16.97,$17.33,0.98,$8.62,1.97,$1.57,10.83,$1.42,11.95,$3.14B,$3.38B,0.93,$0.20B,$0.43B,0.46,$0.22B,$0.20B,88.29%,$0.22B,$0.06B,28.83%,$0.22B,0,0.00%,$0.22B,0,0.00%,$0.22B,$0.05B,22.97%,$0.22B,$0.04B,16.22%,$0.04B,$0.43B,8.26%,$0.04B,$0.36B,9.99%,$0.04B,$4.05B,0.89%,$0.06B,$0.63B,10.04%,$53,$6,$48,$0,$36,$41,$12,$0,$12,$3,$9,$9,$9,$0,$0,$25,25,$0.36,$0.36,$77,$0,$0,$3143,$83,$601,$74,$149,$908,$4051,$3384,$198,$39,$237,$3620,$33,$221,$8,$431,$4051,$9,$3,$2,$5,$41,$0,$0,$8,$48,$63,$-1,$0,$0,$0,$1,$1,$-11,$-10,$1,$-60,$-60,$-9,$-9,$-3,$14,$-58,$-6,$0,$-3
23,2012-12-31,13.58,$17.25,0.79,$8.61,1.58,$-0.04,0.0,$1.37,9.91,$3.18B,$3.43B,0.93,$0.20B,$0.44B,0.45,$0.22B,$0.20B,87.44%,$0.22B,$0.06B,28.25%,$0.22B,0,0.00%,$0.22B,0,0.00%,$0.22B,$0.05B,22.42%,$0.22B,$0.04B,15.70%,$0.04B,$0.44B,8.06%,$0.04B,$0.36B,9.78%,$0.04B,$4.10B,0.87%,$0.06B,$0.63B,9.83%,$57,$6,$51,$0,$25,$31,$26,$0,$13,$4,$9,$9,$9,$0,$0,$26,26,$0.37,$0.37,$83,$0,$0,$3183,$85,$606,$75,$147,$913,$4096,$3430,$197,$33,$230,$3660,$34,$216,$10,$436,$4096,$35,$22,$15,$37,$-93,$0,$0,$-1,$-94,$-22,$-2,$0,$0,$0,$26,$26,$-166,$-142,$-19,$69,$51,$-14,$-14,$-9,$123,$150,$-14,$2,$-9
24,2012-09-30,13.29,$17.06,0.78,$8.23,1.62,$3.42,3.89,$1.28,10.38,$3.07B,$3.35B,0.92,$0.20B,$0.44B,0.44,$0.21B,$0.18B,86.38%,$0.21B,$0.05B,22.54%,$0.21B,0,0.00%,$0.21B,0,0.00%,$0.21B,$0.05B,22.54%,$0.21B,$0.03B,15.49%,$0.03B,$0.44B,7.66%,$0.03B,$0.37B,9.35%,$0.03B,$4.03B,0.83%,$0.05B,$0.64B,7.48%,$56,$7,$49,$0,$36,$42,$14,$0,$14,$4,$10,$10,$10,$0,$0,$26,26,$0.37,$0.37,$62,$0,$0,$3073,$87,$643,$76,$149,$955,$4028,$3354,$197,$35,$231,$3585,$34,$209,$13,$443,$4028,$26,$16,$10,$27,$-67,$0,$0,$-2,$-69,$-16,$-2,$0,$0,$0,$-3,$-3,$-101,$-106,$-19,$91,$72,$-3,$-3,$-6,$25,$88,$-34,$1,$-6
25,2012-06-30,12.26,$16.70,0.73,$8.34,1.47,$6.87,1.78,$1.24,9.89,$3.02B,$3.29B,0.92,$0.22B,$0.43B,0.5,$0.22B,$0.19B,86.11%,$0.22B,$0.05B,21.76%,$0.22B,0,0.00%,$0.22B,0,0.00%,$0.22B,$0.05B,21.76%,$0.22B,$0.03B,14.81%,$0.03B,$0.43B,7.39%,$0.03B,$0.36B,9.05%,$0.03B,$3.98B,0.81%,$0.05B,$0.65B,7.24%,$56,$7,$48,$0,$37,$44,$12,$0,$12,$3,$8,$8,$8,$0,$0,$26,26,$0.32,$0.32,$72,$0,$0,$3019,$91,$647,$78,$147,$963,$3982,$3294,$216,$39,$254,$3549,$34,$202,$11,$433,$3982,$16,$11,$7,$18,$-25,$0,$0,$6,$-19,$15,$3,$0,$0,$0,$-8,$-8,$-85,$-89,$0,$12,$13,$-3,$-3,$-4,$44,$50,$-24,$1,$-4
26,2012-03-31,11.81,$16.42,0.72,$8.41,1.4,$8.27,1.43,$1.16,10.18,$2.99B,$3.27B,0.91,$0.22B,$0.43B,0.51,$0.22B,$0.19B,86.24%,$0.22B,$0.04B,20.18%,$0.22B,0,0.00%,$0.22B,0,0.00%,$0.22B,$0.04B,20.18%,$0.22B,$0.03B,13.76%,$0.03B,$0.43B,6.88%,$0.03B,$0.35B,8.46%,$0.03B,$3.95B,0.77%,$0.04B,$0.64B,6.76%,$54,$8,$47,$0,$36,$43,$11,$0,$11,$3,$8,$8,$8,$0,$0,$26,26,$0.31,$0.31,$111,$0,$0,$2986,$91,$642,$79,$149,$961,$3948,$3269,$216,$37,$253,$3522,$34,$196,$11,$426,$3948,$8,$5,$4,$9,$1,$0,$0,$6,$8,$25,$-2,$0,$0,$0,$-3,$-3,$-31,$-36,$0,$-10,$-10,$-3,$-3,$-2,$41,$26,$15,$0,$-2
27,2011-12-31,11.15,$16.13,0.69,$8.54,1.31,$8.98,1.24,$1.07,10.42,$2.95B,$3.24B,0.91,$0.22B,$0.42B,0.51,$0.22B,$0.19B,85.59%,$0.22B,$0.04B,18.47%,$0.22B,0,0.00%,$0.22B,0,0.00%,$0.22B,$0.04B,18.47%,$0.22B,$0.03B,12.61%,$0.03B,$0.42B,6.39%,$0.03B,$0.34B,7.86%,$0.03B,$3.91B,0.72%,$0.04B,$0.64B,6.27%,$47,$8,$40,$0,$28,$36,$11,$0,$11,$3,$8,$8,$7,$0,$0,$26,26,$0.28,$0.28,$97,$0,$0,$2951,$91,$641,$80,$145,$956,$3907,$3238,$216,$32,$247,$3485,$35,$190,$10,$422,$3907,$30,$27,$20,$47,$-1,$0,$0,$-5,$-6,$71,$-5,$0,$-26,$0,$-62,$-62,$76,$-18,$0,$-30,$-29,$1,$-35,$-9,$56,$-18,$36,$1,$-7
28,2011-09-30,8.95,$17.33,0.52,$8.65,1.03,$8.18,1.09,$0.94,9.52,$2.99B,$3.21B,0.93,$0.22B,$0.42B,0.52,$0.22B,$0.19B,84.38%,$0.22B,$0.04B,16.07%,$0.22B,0,0.00%,$0.22B,0,0.00%,$0.22B,$0.04B,16.07%,$0.22B,$0.03B,11.16%,$0.03B,$0.45B,5.69%,$0.03B,$0.37B,7.01%,$0.03B,$3.91B,0.65%,$0.04B,$0.67B,5.50%,$59,$8,$51,$0,$38,$46,$13,$0,$13,$4,$9,$9,$9,$0,$0,$26,26,$0.33,$0.33,$150,$0,$0,$2989,$91,$606,$82,$147,$926,$3914,$3205,$216,$42,$258,$3463,$35,$185,$11,$452,$3914,$22,$10,$16,$26,$12,$0,$0,$15,$27,$76,$-4,$0,$-26,$0,$-24,$-24,$80,$26,$0,$-23,$-22,$0,$0,$-7,$16,$-13,$89,$0,$-5
29,2011-06-30,10.1,$17.01,0.59,$8.73,1.16,$6.38,1.58,$0.90,11.22,$2.93B,$3.16B,0.93,$0.22B,$0.41B,0.53,$0.23B,$0.19B,83.63%,$0.23B,$0.03B,15.04%,$0.23B,0,0.00%,$0.23B,0,0.00%,$0.23B,$0.03B,15.04%,$0.23B,$0.02B,10.62%,$0.02B,$0.44B,5.53%,$0.02B,$0.36B,6.85%,$0.02B,$3.85B,0.62%,$0.03B,$0.66B,5.23%,$58,$8,$50,$0,$40,$49,$9,$0,$9,$2,$7,$7,$6,$0,$0,$26,26,$0.24,$0.24,$63,$0,$0,$2934,$92,$591,$83,$152,$918,$3852,$3163,$215,$30,$245,$3408,$35,$178,$10,$443,$3852,$13,$6,$12,$19,$24,$0,$0,$3,$26,$58,$-3,$0,$-26,$0,$-12,$-12,$38,$-3,$0,$-13,$-12,$0,$0,$-5,$-36,$-53,$2,$0,$-4
30,2011-03-31,9.28,$16.73,0.55,$8.88,1.05,$4.73,1.96,$0.98,9.47,$2.90B,$3.13B,0.93,$0.22B,$0.40B,0.54,$0.23B,$0.19B,83.41%,$0.23B,$0.04B,16.59%,$0.23B,0,0.00%,$0.23B,0,0.00%,$0.23B,$0.04B,16.59%,$0.23B,$0.03B,11.35%,$0.03B,$0.44B,6.06%,$0.03B,$0.35B,7.56%,$0.03B,$3.81B,0.68%,$0.04B,$0.65B,5.90%,$58,$9,$49,$0,$41,$50,$8,$0,$8,$2,$6,$6,$6,$0,$0,$26,26,$0.22,$0.22,$85,$0,$0,$2902,$91,$582,$83,$155,$911,$3813,$3133,$215,$29,$244,$3377,$35,$174,$7,$435,$3813,$6,$3,$7,$10,$23,$0,$0,$3,$26,$42,$-2,$0,$0,$0,$-8,$-8,$23,$13,$0,$-27,$-27,$0,$0,$-2,$-3,$-32,$24,$0,$-2
31,2010-12-31,12.11,$16.46,0.74,$8.93,1.36,$3.98,3.04,$0.82,14.77,$2.93B,$3.16B,0.93,$0.22B,$0.39B,0.55,$0.22B,$0.19B,83.04%,$0.22B,$0.03B,14.29%,$0.22B,0,0.00%,$0.22B,0,0.00%,$0.22B,$0.03B,14.29%,$0.22B,$0.02B,9.38%,$0.02B,$0.43B,4.95%,$0.02B,$0.34B,6.24%,$0.02B,$3.84B,0.54%,$0.03B,$0.64B,5.00%,$49,$10,$39,$0,$33,$43,$6,$0,$6,$1,$4,$4,$4,$0,$0,$25,25,$0.16,$0.16,$61,$0,$0,$2934,$91,$572,$84,$156,$903,$3837,$3163,$215,$31,$246,$3409,$35,$170,$4,$428,$3837,$23,$20,$24,$44,$-20,$0,$0,$-1,$-21,$46,$-2,$0,$137,$0,$42,$42,$-12,$165,$-1,$-133,$-134,$0,$0,$-8,$-55,$-196,$15,$1,$-6
32,2010-09-30,10.64,$16.59,0.64,$9.71,1.1,$1.92,5.55,$0.69,15.43,$2.97B,$3.19B,0.93,$0.22B,$0.40B,0.54,$0.22B,$0.18B,82.41%,$0.22B,$0.03B,13.43%,$0.22B,0,0.00%,$0.22B,0,0.00%,$0.22B,$0.03B,13.43%,$0.22B,$0.02B,7.87%,$0.02B,$0.43B,4.39%,$0.02B,$0.34B,5.57%,$0.02B,$3.86B,0.48%,$0.03B,$0.65B,4.84%,$61,$10,$51,$0,$40,$50,$11,$0,$11,$3,$8,$8,$8,$0,$0,$26,26,$0.29,$0.29,$80,$0,$0,$2969,$91,$576,$86,$137,$890,$3859,$3185,$215,$28,$244,$3429,$34,$168,$9,$431,$3859,$18,$10,$15,$25,$-30,$0,$0,$5,$-25,$18,$7,$0,$137,$0,$50,$50,$-6,$188,$-1,$-115,$-116,$0,$0,$-6,$-50,$-172,$34,$1,$-5
33,2010-06-30,9.94,$16.28,0.61,$10.03,0.99,$1.65,6.03,$0.53,18.76,$3.00B,$3.21B,0.93,$0.22B,$0.39B,0.56,$0.20B,$0.16B,80.00%,$0.20B,$0.02B,10.77%,$0.20B,0,0.00%,$0.20B,0,0.00%,$0.20B,$0.02B,10.77%,$0.20B,$0.01B,5.64%,$0.01B,$0.42B,3.02%,$0.01B,$0.33B,3.82%,$0.01B,$3.87B,0.34%,$0.02B,$0.64B,3.66%,$61,$10,$52,$0,$39,$49,$13,$0,$13,$4,$9,$9,$8,$0,$0,$26,26,$0.32,$0.32,$136,$0,$0,$2996,$92,$557,$88,$141,$878,$3874,$3208,$215,$28,$244,$3452,$34,$162,$7,$422,$3874,$10,$6,$9,$15,$-20,$0,$0,$4,$-17,$9,$3,$0,$137,$0,$65,$65,$21,$227,$-1,$-113,$-114,$0,$0,$-4,$-29,$-146,$90,$0,$-3
34,2010-03-31,12.21,$16.00,0.76,$10.69,1.14,$-0.25,0.0,$0.22,55.48,$3.00B,$3.19B,0.94,$0.22B,$0.38B,0.57,$0.18B,$0.13B,75.43%,$0.18B,$0.01B,5.14%,$0.18B,0,0.00%,$0.18B,0,0.00%,$0.18B,$0.01B,5.14%,$0.18B,$0.00B,1.71%,$0.00B,$0.42B,0.92%,$0.00B,$0.33B,1.17%,$0.00B,$3.85B,0.10%,$0.01B,$0.63B,1.69%,$53,$9,$44,$0,$42,$51,$2,$0,$2,$0,$2,$2,$1,$0,$0,$23,23,$0.06,$0.06,$131,$0,$0,$2997,$93,$529,$90,$140,$852,$3850,$3190,$216,$29,$245,$3435,$34,$155,$7,$415,$3850,$2,$3,$5,$8,$4,$0,$0,$3,$6,$16,$3,$0,$137,$0,$91,$91,$-1,$231,$-0,$-107,$-108,$0,$0,$-2,$-53,$-162,$85,$0,$-2
35,2009-12-31,9.97,$15.31,0.65,$11.25,0.89,$-1.06,0.0,$0.23,43.35,$1.94B,$2.08B,0.93,$0.20B,$0.28B,0.71,$0.16B,$0.11B,70.19%,$0.16B,$0.01B,5.59%,$0.16B,0,0.00%,$0.16B,0,0.00%,$0.16B,$0.01B,5.59%,$0.16B,$0.00B,1.86%,$0.00B,$0.28B,1.02%,$0.00B,$0.22B,1.32%,$0.00B,$2.59B,0.12%,$0.01B,$0.48B,1.82%,$41,$10,$31,$0,$28,$38,$3,$0,$3,$1,$3,$3,$-0,$0,$0,$15,15,$-0.02,$-0.02,$46,$0,$0,$1944,$79,$401,$64,$100,$643,$2587,$2082,$200,$23,$223,$2305,$24,$155,$4,$282,$2587,$8,$9,$17,$26,$-25,$0,$0,$-8,$-33,$1,$-6,$0,$0,$0,$-83,$-83,$-29,$-118,$-10,$42,$32,$59,$-0,$-7,$-11,$15,$-103,$1,$-4
36,2009-09-30,9.97,$18.56,0.54,$11.44,0.87,$0.24,40.96,$0.38,26.23,$1.97B,$2.03B,0.97,$0.20B,$0.28B,0.71,$0.16B,$0.11B,67.30%,$0.16B,$0.01B,5.03%,$0.16B,0,0.00%,$0.16B,0,0.00%,$0.16B,$0.01B,5.03%,$0.16B,$0.01B,3.14%,$0.01B,$0.34B,1.72%,$0.01B,$0.28B,2.22%,$0.01B,$2.58B,0.19%,$0.01B,$0.54B,1.62%,$40,$12,$29,$0,$26,$37,$3,$0,$3,$0,$3,$3,$2,$0,$0,$15,15,$0.13,$0.13,$71,$0,$0,$1966,$79,$399,$65,$75,$618,$2583,$2025,$200,$18,$218,$2243,$24,$155,$5,$340,$2583,$6,$7,$13,$20,$-13,$0,$0,$0,$-13,$13,$-2,$0,$0,$0,$-80,$-80,$-26,$-109,$-10,$-64,$-74,$59,$59,$-5,$39,$19,$-77,$0,$-3
37,2009-06-30,11.93,$20.17,0.59,$11.97,1.0,$1.07,11.11,$0.56,21.31,$1.99B,$2.12B,0.94,$0.20B,$0.22B,0.92,$0.16B,$0.11B,66.05%,$0.16B,$0.01B,6.79%,$0.16B,0,0.00%,$0.16B,0,0.00%,$0.16B,$0.01B,6.79%,$0.16B,$0.01B,4.32%,$0.01B,$0.27B,2.70%,$0.01B,$0.21B,3.62%,$0.01B,$2.62B,0.27%,$0.01B,$0.48B,2.30%,$41,$13,$28,$0,$27,$40,$1,$0,$1,$-0,$1,$1,$0,$0,$0,$14,14,$0.01,$0.01,$80,$0,$0,$1986,$79,$407,$65,$79,$629,$2615,$2120,$200,$21,$221,$2341,$18,$154,$-1,$274,$2615,$3,$5,$8,$13,$-35,$0,$0,$4,$-31,$-15,$-4,$0,$0,$0,$-96,$-96,$-9,$-109,$-10,$-1,$-11,$0,$0,$-4,$70,$56,$-68,$0,$-2
38,2009-03-31,10.99,$20.22,0.54,$11.97,0.92,$2.91,3.77,$0.87,12.64,$2.04B,$2.11B,0.97,$0.20B,$0.22B,0.92,$0.16B,$0.11B,65.43%,$0.16B,$0.02B,9.88%,$0.16B,0,0.00%,$0.16B,0,0.00%,$0.16B,$0.02B,9.88%,$0.16B,$0.01B,6.79%,$0.01B,$0.28B,4.51%,$0.01B,$0.21B,6.20%,$0.01B,$2.60B,0.44%,$0.02B,$0.48B,3.44%,$39,$14,$25,$0,$23,$37,$2,$0,$2,$0,$2,$2,$1,$0,$0,$14,14,$0.07,$0.07,$164,$0,$0,$2037,$79,$348,$66,$72,$565,$2602,$2108,$200,$19,$219,$2327,$18,$155,$-0,$275,$2602,$2,$2,$3,$5,$-5,$0,$0,$1,$-4,$3,$-3,$0,$0,$0,$-37,$-37,$6,$-34,$-10,$-8,$-18,$0,$0,$-2,$66,$46,$15,$0,$-2
39,2008-12-31,19.53,$20.18,0.97,$12.25,1.59,$2.74,7.12,$1.07,18.25,$2.03B,$2.05B,0.99,$0.21B,$0.28B,0.76,$0.17B,$0.11B,64.85%,$0.17B,$0.02B,11.52%,$0.17B,0,0.00%,$0.17B,0,0.00%,$0.17B,$0.02B,11.52%,$0.17B,$0.01B,8.48%,$0.01B,$0.27B,6.12%,$0.01B,$0.21B,8.64%,$0.01B,$2.55B,0.57%,$0.02B,$0.48B,4.41%,$39,$14,$25,$0,$23,$37,$2,$0,$2,$0,$2,$2,$2,$0,$0,$13,14,$0.17,$0.17,$149,$0,$0,$2027,$77,$310,$66,$72,$525,$2552,$2050,$210,$18,$228,$2278,$18,$155,$-2,$274,$2552,$15,$8,$8,$16,$-4,$0,$0,$-8,$-12,$18,$-5,$0,$0,$0,$-31,$-31,$-130,$-167,$81,$-160,$-79,$61,$61,$-10,$267,$239,$90,$1,$-10
40,2008-09-30,18.73,$15.82,1.18,$12.51,1.5,$1.97,9.52,$1.17,16.01,$1.95B,$1.95B,1.0,$0.27B,$0.21B,1.24,$0.17B,$0.11B,63.69%,$0.17B,$0.02B,12.50%,$0.17B,0,0.00%,$0.17B,0,0.00%,$0.17B,$0.02B,12.50%,$0.17B,$0.02B,9.52%,$0.02B,$0.21B,7.50%,$0.02B,$0.15B,10.96%,$0.02B,$2.45B,0.67%,$0.02B,$0.48B,5.31%,$43,$14,$29,$0,$24,$38,$6,$0,$6,$1,$4,$4,$4,$0,$0,$13,14,$0.32,$0.31,$85,$0,$0,$1949,$77,$290,$67,$65,$499,$2448,$1951,$265,$18,$283,$2234,$18,$155,$-2,$214,$2448,$12,$6,$5,$11,$2,$0,$0,$-2,$1,$24,$-3,$0,$0,$0,$-12,$-12,$-120,$-135,$135,$-146,$-11,$1,$1,$-7,$155,$137,$26,$0,$-7
41,2008-06-30,11.53,$15.81,0.73,$12.49,0.92,$0.77,15.0,$1.26,9.15,$1.90B,$1.95B,0.97,$0.21B,$0.21B,0.98,$0.17B,$0.10B,61.90%,$0.17B,$0.02B,13.10%,$0.17B,0,0.00%,$0.17B,0,0.00%,$0.17B,$0.02B,13.10%,$0.17B,$0.02B,10.12%,$0.02B,$0.21B,8.03%,$0.02B,$0.15B,11.79%,$0.02B,$2.40B,0.73%,$0.02B,$0.42B,6.10%,$41,$13,$27,$0,$22,$35,$6,$0,$6,$1,$4,$4,$4,$0,$0,$13,14,$0.32,$0.32,$67,$0,$0,$1901,$77,$288,$67,$63,$495,$2396,$1954,$210,$19,$229,$2182,$18,$154,$0,$213,$2396,$8,$4,$3,$7,$-7,$0,$0,$1,$-6,$10,$-4,$0,$0,$0,$-7,$-7,$-77,$-88,$80,$-116,$-36,$1,$1,$-5,$127,$87,$9,$0,$-5
42,2008-03-31,14.86,$15.91,0.93,$12.54,1.18,$0.02,853.98,$1.36,10.93,$1.87B,$2.00B,0.94,$0.13B,$0.21B,0.58,$0.17B,$0.10B,60.71%,$0.17B,$0.02B,14.29%,$0.17B,0,0.00%,$0.17B,0,0.00%,$0.17B,$0.02B,14.29%,$0.17B,$0.02B,11.31%,$0.02B,$0.21B,9.07%,$0.02B,$0.15B,13.29%,$0.02B,$2.36B,0.84%,$0.02B,$0.34B,7.03%,$42,$16,$26,$0,$22,$37,$5,$0,$5,$1,$4,$4,$4,$0,$0,$13,13,$0.27,$0.27,$59,$0,$0,$1871,$75,$287,$68,$61,$491,$2362,$2000,$125,$23,$147,$2148,$18,$152,$3,$214,$2362,$4,$2,$2,$3,$-13,$0,$0,$5,$-8,$-1,$-1,$0,$0,$0,$-1,$-1,$-46,$-48,$-5,$-16,$-21,$1,$1,$-2,$73,$51,$1,$0,$-2
43,2007-12-31,16.06,$15.78,1.02,$12.38,1.3,$0.03,494.16,$1.47,10.93,$1.81B,$1.94B,0.93,$0.13B,$0.21B,0.61,$0.17B,$0.10B,60.24%,$0.17B,$0.03B,15.66%,$0.17B,0,0.00%,$0.17B,0,0.00%,$0.17B,$0.03B,15.66%,$0.17B,$0.02B,12.05%,$0.02B,$0.21B,9.67%,$0.02B,$0.14B,14.18%,$0.02B,$2.30B,0.91%,$0.03B,$0.34B,7.56%,$42,$17,$25,$0,$21,$38,$4,$0,$4,$1,$4,$4,$4,$0,$0,$13,13,$0.27,$0.27,$58,$0,$0,$1812,$76,$283,$68,$63,$489,$2301,$1942,$130,$17,$147,$2089,$18,$152,$1,$212,$2301,$20,$7,$2,$9,$-5,$0,$0,$-6,$-12,$17,$-15,$0,$36,$0,$0,$0,$-199,$-178,$-19,$220,$201,$2,$2,$-10,$-50,$143,$-18,$1,$-10
44,2007-09-30,17.1,$15.56,1.1,$12.34,1.39,$0.84,20.4,$1.68,10.18,$1.74B,$1.86B,0.93,$0.13B,$0.21B,0.62,$0.17B,$0.10B,60.84%,$0.17B,$0.03B,18.67%,$0.17B,0,0.00%,$0.17B,0,0.00%,$0.17B,$0.03B,18.67%,$0.17B,$0.02B,13.25%,$0.02B,$0.21B,10.81%,$0.02B,$0.14B,15.80%,$0.02B,$2.22B,1.02%,$0.03B,$0.34B,8.97%,$43,$17,$26,$0,$18,$35,$7,$0,$7,$2,$5,$5,$5,$0,$0,$13,13,$0.40,$0.40,$50,$0,$0,$1736,$75,$277,$68,$62,$483,$2219,$1863,$130,$18,$148,$2011,$18,$151,$-0,$208,$2219,$16,$5,$-1,$5,$-1,$0,$0,$-3,$-4,$17,$-13,$0,$36,$0,$4,$4,$-135,$-108,$-19,$137,$118,$1,$1,$-7,$-47,$65,$-25,$0,$-7
45,2007-06-30,17.32,$15.25,1.14,$12.25,1.41,$0.71,24.54,$2.01,8.62,$1.70B,$1.80B,0.94,$0.14B,$0.20B,0.7,$0.16B,$0.10B,62.20%,$0.16B,$0.03B,20.12%,$0.16B,0,0.00%,$0.16B,0,0.00%,$0.16B,$0.03B,20.12%,$0.16B,$0.02B,14.63%,$0.02B,$0.20B,12.00%,$0.02B,$0.14B,17.52%,$0.02B,$2.17B,1.14%,$0.03B,$0.35B,9.50%,$41,$16,$25,$0,$18,$34,$8,$0,$8,$2,$6,$6,$6,$0,$0,$13,13,$0.42,$0.42,$55,$0,$0,$1699,$74,$270,$63,$61,$468,$2167,$1801,$143,$19,$162,$1963,$18,$148,$-1,$204,$2167,$11,$3,$-1,$3,$-5,$0,$0,$-0,$-5,$8,$-13,$0,$0,$0,$9,$9,$-87,$-91,$-6,$90,$84,$1,$1,$-5,$-18,$62,$-20,$0,$-5
46,2007-03-31,19.21,$15.20,1.26,$12.11,1.59,$0.08,234.04,$2.09,9.19,$1.66B,$1.75B,0.95,$0.15B,$0.20B,0.72,$0.16B,$0.10B,64.20%,$0.16B,$0.03B,20.99%,$0.16B,0,0.00%,$0.16B,0,0.00%,$0.16B,$0.03B,20.99%,$0.16B,$0.03B,15.43%,$0.03B,$0.20B,12.77%,$0.03B,$0.14B,18.83%,$0.03B,$2.12B,1.20%,$0.03B,$0.35B,10.18%,$40,$15,$24,$0,$17,$33,$7,$0,$7,$2,$5,$5,$5,$0,$0,$13,13,$0.39,$0.38,$55,$0,$0,$1660,$69,$268,$64,$59,$459,$2119,$1750,$147,$20,$166,$1916,$18,$145,$1,$203,$2119,$5,$2,$-1,$1,$-3,$0,$0,$1,$-1,$5,$-6,$0,$0,$0,$15,$15,$-51,$-42,$-3,$20,$17,$1,$1,$-2,$1,$17,$-21,$0,$-2
47,2006-12-31,22.51,$14.99,1.5,$11.79,1.91,$0.11,211.4,$2.18,10.31,$1.63B,$1.73B,0.94,$0.15B,$0.20B,0.75,$0.16B,$0.11B,66.88%,$0.16B,$0.04B,22.93%,$0.16B,0,0.00%,$0.16B,0,0.00%,$0.16B,$0.04B,22.93%,$0.16B,$0.03B,16.56%,$0.03B,$0.20B,13.61%,$0.03B,$0.14B,19.40%,$0.03B,$2.09B,1.28%,$0.04B,$0.35B,11.27%,$42,$15,$26,$0,$17,$33,$9,$0,$9,$2,$6,$6,$6,$0,$0,$13,13,$0.49,$0.48,$76,$0,$0,$1626,$63,$283,$62,$58,$467,$2093,$1729,$149,$16,$165,$1893,$18,$142,$1,$199,$2093,$26,$6,$1,$7,$8,$0,$0,$-7,$1,$34,$-21,$0,$-19,$0,$-3,$-3,$-110,$-153,$79,$-45,$34,$2,$2,$-8,$98,$125,$6,$1,$-8
