,Date,Stock Price,Book Value per Share,Price to Book Ratio,TTM Sales per Share,Price to Sales Ratio,TTM FCF per Share,Price to FCF Ratio,TTM Net EPS,PE Ratio,Current Assets,Current Liabilities,Current Ratio,Long Term Debt,Shareholder's Equity_x,Debt to Equity Ratio,TTM Revenue_x,TTM Gross Profit,Gross Margin,TTM Revenue_y,TTM Operating Income,Operating Margin,TTM Revenue_x,TTM EBIT,EBIT Margin,TTM Revenue_y,TTM EBITDA,EBITDA Margin,TTM Revenue_x,TTM Pre-Tax Income,Pre-Tax Margin,TTM Revenue_y,TTM Net Income_x,Net Margin,TTM Net Income_y,Shareholder's Equity_y,Return on Equity,TTM Net Income_x,Tangible Equity,Return on Tangible Equity,TTM Net Income_y,Total Assets,Return on Assets,TTM Net Income,LT Investments & Debt,Return on Investment,revenue,cost-goods-sold,gross-profit,research-development-expenses,selling-general-administrative-expenses,operating-expenses,operating-income,total-non-operating-income-expense,pre-tax-income,total-provision-income-taxes,income-after-taxes,income-from-continuous-operations,net-income,ebitda,ebit,basic-shares-outstanding,shares-outstanding,eps-basic-net-earnings-per-share,eps-earnings-per-share-diluted,cash-on-hand,inventory,other-current-assets,total-current-assets,net-property-plant-equipment,long-term-investments,goodwill-intangible-assets-total,other-long-term-assets,total-long-term-assets,total-assets,total-current-liabilities,long-term-debt,other-non-current-liabilities,total-long-term-liabilities,total-liabilities,common-stock-net,retained-earnings-accumulated-deficit,comprehensive-income,total-share-holder-equity,total-liabilities-share-holders-equity,net-income-loss,total-depreciation-amortization-cash-flow,other-non-cash-items,total-non-cash-items,change-in-accounts-receivable,change-in-inventories,change-in-accounts-payable,change-in-assets-liabilities,total-change-in-assets-liabilities,cash-flow-from-operating-activities,net-change-in-property-plant-equipment,net-change-in-intangible-assets,net-acquisitions-divestitures,net-change-in-short-term-investments,net-change-in-long-term-investments,net-change-in-investments-total,investing-activities-other,cash-flow-from-investing-activities,net-long-term-debt,net-current-debt,debt-issuance-retirement-net-total,net-common-equity-issued-repurchased,net-total-equity-issued-repurchased,total-common-preferred-stock-dividends-paid,financial-activities-other,cash-flow-from-financial-activities,net-cash-flow,stock-based-compensation,common-stock-dividends-paid
0,2018-09-30,36.35,$31.32,1.16,$8.15,4.46,$6.97,5.22,$2.01,18.08,$14.75B,$14.42B,1.02,$1.52B,$3.25B,0.47,$0.84B,$0.73B,86.87%,$0.84B,$0.33B,39.74%,$0.84B,0,0.00%,$0.84B,0,0.00%,$0.84B,$0.33B,39.74%,$0.84B,$0.21B,25.06%,$0.21B,$3.25B,6.47%,$0.21B,$1.77B,11.88%,$0.21B,$19.19B,1.10%,$0.33B,$4.77B,6.97%,$217,$36,$180,$0,$98,$134,$82,$0,$82,$18,$64,$64,$64,$0,$0,$104,104,$0.62,$0.62,$1255,$0,$0,$14749,$100,$2376,$1478,$486,$4439,$19188,$14416,$1519,$1,$1521,$15937,$263,$984,$-77,$3251,$19188,$0,$0,$0,$0,$0,$0,$0,$0,$0,$219,$-2,$0,$0,$0,$-350,$-350,$-240,$-592,$15,$-148,$-133,$-50,$-59,$-107,$262,$-38,$-411,$0,$-107
1,2018-06-30,36.4,$31.12,1.17,$8.06,4.52,$5.97,6.1,$1.93,18.86,$14.88B,$14.17B,1.05,$1.80B,$3.24B,0.55,$0.83B,$0.74B,88.69%,$0.83B,$0.34B,40.43%,$0.83B,0,0.00%,$0.83B,0,0.00%,$0.83B,$0.34B,40.43%,$0.83B,$0.20B,24.43%,$0.20B,$3.24B,6.25%,$0.20B,$1.77B,11.48%,$0.20B,$19.21B,1.07%,$0.34B,$5.04B,7.03%,$214,$29,$185,$0,$100,$128,$86,$0,$86,$19,$66,$66,$66,$0,$0,$105,105,$0.63,$0.63,$1093,$0,$0,$14875,$100,$2266,$1478,$488,$4333,$19208,$14169,$1795,$1,$1796,$15965,$263,$955,$-70,$3243,$19208,$0,$0,$0,$0,$0,$0,$0,$0,$0,$98,$-0,$0,$0,$0,$-229,$-229,$-489,$-719,$490,$-328,$162,$-35,$-45,$-71,$1,$47,$-573,$0,$-71
2,2018-03-31,34.93,$30.92,1.13,$7.98,4.38,$5.37,6.51,$1.67,20.92,$14.30B,$14.07B,1.02,$1.30B,$3.25B,0.4,$0.81B,$0.73B,89.78%,$0.81B,$0.31B,37.68%,$0.81B,0,0.00%,$0.81B,0,0.00%,$0.81B,$0.31B,37.68%,$0.81B,$0.17B,21.43%,$0.17B,$3.25B,5.36%,$0.17B,$1.77B,9.85%,$0.17B,$18.62B,0.92%,$0.31B,$4.55B,6.55%,$198,$23,$175,$0,$96,$119,$80,$0,$80,$18,$62,$62,$62,$0,$0,$105,105,$0.59,$0.59,$1139,$0,$0,$14296,$103,$2269,$1479,$473,$4324,$18620,$14073,$1295,$1,$1296,$15368,$263,$924,$-65,$3251,$18620,$0,$0,$0,$0,$0,$0,$0,$0,$0,$158,$-1,$0,$0,$0,$-222,$-222,$36,$-187,$-10,$-259,$-269,$-0,$-9,$-36,$-184,$-498,$-527,$0,$-36
3,2017-12-31,34.12,$30.85,1.11,$7.83,4.36,$4.64,7.35,$1.56,21.87,$14.92B,$14.30B,1.04,$1.51B,$3.24B,0.47,$0.76B,$0.68B,90.33%,$0.76B,$0.29B,37.75%,$0.76B,0,0.00%,$0.76B,0,0.00%,$0.76B,$0.29B,37.75%,$0.76B,$0.15B,20.00%,$0.15B,$3.24B,5.04%,$0.15B,$1.76B,9.04%,$0.15B,$19.06B,0.84%,$0.29B,$4.76B,6.51%,$209,$22,$188,$0,$103,$124,$85,$0,$85,$67,$18,$18,$18,$0,$0,$98,98,$0.15,$0.15,$1666,$0,$0,$14920,$105,$2072,$1478,$484,$4139,$19059,$14304,$1514,$1,$1515,$15818,$263,$892,$-42,$3241,$19059,$151,$-18,$79,$61,$12,$0,$0,$33,$42,$254,$-14,$0,$45,$0,$-267,$-267,$503,$267,$-30,$172,$142,$5,$5,$-121,$-314,$-289,$232,$4,$-121
4,2017-09-30,36.14,$31.09,1.16,$7.62,4.74,$4.42,8.18,$1.90,19.02,$15.18B,$14.35B,1.06,$1.51B,$3.26B,0.46,$0.69B,$0.62B,90.70%,$0.69B,$0.26B,38.08%,$0.69B,0,0.00%,$0.69B,0,0.00%,$0.69B,$0.26B,38.08%,$0.69B,$0.17B,25.00%,$0.17B,$3.26B,6.26%,$0.17B,$1.78B,10.94%,$0.17B,$19.13B,1.02%,$0.26B,$4.78B,6.51%,$210,$21,$189,$0,$104,$125,$85,$0,$85,$28,$57,$57,$57,$0,$0,$105,105,$0.54,$0.54,$1747,$0,$0,$15179,$104,$1837,$1488,$522,$3951,$19130,$14351,$1514,$1,$1515,$15866,$263,$910,$-34,$3264,$19130,$0,$0,$0,$0,$0,$0,$0,$0,$0,$125,$-11,$0,$45,$0,$-23,$-23,$374,$384,$-30,$186,$156,$3,$3,$-87,$-270,$-197,$313,$0,$-87
5,2017-06-30,37.74,$30.85,1.22,$7.48,5.05,$4.92,7.67,$1.90,19.86,$15.12B,$14.43B,1.05,$1.37B,$3.24B,0.42,$0.62B,$0.57B,91.13%,$0.62B,$0.24B,38.23%,$0.62B,0,0.00%,$0.62B,0,0.00%,$0.62B,$0.24B,38.23%,$0.62B,$0.16B,25.16%,$0.16B,$3.24B,6.40%,$0.16B,$1.75B,11.00%,$0.16B,$19.04B,1.00%,$0.24B,$4.60B,6.49%,$195,$19,$177,$0,$120,$139,$56,$0,$56,$19,$37,$37,$37,$0,$0,$99,100,$0.37,$0.37,$1411,$0,$0,$15118,$96,$1790,$1485,$545,$3917,$19036,$14433,$1365,$1,$1365,$15798,$262,$887,$-37,$3237,$19036,$0,$0,$0,$0,$0,$0,$0,$0,$0,$36,$-3,$0,$45,$0,$22,$22,$116,$179,$20,$-34,$-15,$3,$3,$-52,$-175,$-239,$-24,$0,$-52
6,2017-03-31,40.33,$27.76,1.45,$7.34,5.5,$5.44,7.42,$1.97,20.47,$12.05B,$11.40B,1.06,$1.11B,$2.25B,0.49,$0.56B,$0.51B,91.55%,$0.56B,$0.23B,41.19%,$0.56B,0,0.00%,$0.56B,0,0.00%,$0.56B,$0.23B,41.19%,$0.56B,$0.15B,27.16%,$0.15B,$2.25B,7.08%,$0.15B,$1.39B,11.92%,$0.15B,$14.76B,1.04%,$0.23B,$3.37B,6.77%,$141,$13,$128,$0,$69,$82,$59,$0,$59,$20,$39,$39,$39,$0,$0,$81,81,$0.48,$0.48,$1667,$0,$0,$12046,$76,$1373,$864,$403,$2716,$14762,$11397,$1112,$1,$1113,$12509,$203,$885,$-41,$2253,$14762,$0,$0,$0,$0,$0,$0,$0,$0,$0,$65,$-2,$0,$0,$0,$39,$39,$-69,$-32,$-10,$-31,$-41,$0,$0,$-25,$266,$200,$233,$0,$-25
7,2016-12-31,43.82,$27.59,1.59,$7.40,5.92,$5.45,8.04,$1.99,22.02,$11.75B,$11.15B,1.05,$1.12B,$2.24B,0.5,$0.54B,$0.50B,91.85%,$0.54B,$0.22B,41.30%,$0.54B,0,0.00%,$0.54B,0,0.00%,$0.54B,$0.22B,41.30%,$0.54B,$0.15B,27.22%,$0.15B,$2.24B,7.34%,$0.15B,$1.37B,12.50%,$0.15B,$14.51B,1.05%,$0.22B,$3.36B,6.86%,$142,$12,$130,$0,$68,$81,$62,$0,$62,$22,$39,$39,$39,$0,$0,$74,74,$0.52,$0.51,$1435,$0,$0,$11751,$76,$1404,$864,$415,$2758,$14509,$11150,$1122,$1,$1123,$12273,$203,$873,$-45,$2236,$14509,$147,$-4,$40,$36,$1,$0,$0,$-6,$-12,$171,$-7,$0,$29,$0,$7,$7,$1,$31,$69,$-294,$-225,$213,$213,$-96,$484,$375,$577,$3,$-96
8,2016-09-30,35.44,$26.54,1.34,$7.27,4.87,$5.68,6.24,$1.96,18.08,$11.53B,$11.07B,1.04,$1.25B,$2.03B,0.62,$0.52B,$0.48B,91.97%,$0.52B,$0.21B,40.34%,$0.52B,0,0.00%,$0.52B,0,0.00%,$0.52B,$0.21B,40.34%,$0.52B,$0.14B,26.96%,$0.14B,$2.03B,7.53%,$0.14B,$1.16B,13.01%,$0.14B,$14.35B,1.05%,$0.21B,$3.28B,6.78%,$142,$12,$130,$0,$70,$82,$60,$0,$60,$19,$41,$41,$41,$0,$0,$76,77,$0.54,$0.54,$1119,$0,$0,$11531,$77,$1463,$867,$407,$2813,$14345,$11067,$1248,$1,$1249,$12316,$191,$859,$-28,$2029,$14345,$0,$0,$0,$0,$0,$0,$0,$0,$0,$126,$-4,$0,$29,$0,$-26,$-26,$-96,$-97,$70,$-37,$33,$5,$5,$-71,$265,$232,$261,$0,$-71
9,2016-06-30,35.0,$26.39,1.33,$7.20,4.86,$5.84,6.0,$1.92,18.23,$11.50B,$10.80B,1.06,$1.52B,$2.01B,0.76,$0.51B,$0.47B,92.08%,$0.51B,$0.20B,40.00%,$0.51B,0,0.00%,$0.51B,0,0.00%,$0.51B,$0.20B,40.00%,$0.51B,$0.14B,26.73%,$0.14B,$2.01B,7.53%,$0.14B,$1.15B,12.94%,$0.14B,$14.34B,1.04%,$0.20B,$3.53B,6.87%,$131,$10,$121,$0,$73,$83,$48,$0,$48,$16,$32,$32,$32,$0,$0,$71,72,$0.44,$0.44,$1101,$0,$0,$11496,$77,$1483,$866,$416,$2842,$14338,$10804,$1520,$1,$1521,$12325,$191,$843,$-24,$2013,$14338,$0,$0,$0,$0,$0,$0,$0,$0,$0,$63,$-2,$0,$29,$0,$-39,$-39,$-67,$-79,$70,$231,$301,$2,$2,$-46,$3,$260,$244,$0,$-46
10,2016-03-31,33.95,$24.89,1.36,$7.17,4.74,$6.01,5.65,$1.98,17.15,$10.25B,$9.76B,1.05,$1.11B,$1.74B,0.64,$0.50B,$0.46B,91.98%,$0.50B,$0.21B,41.28%,$0.50B,0,0.00%,$0.50B,0,0.00%,$0.50B,$0.21B,41.28%,$0.50B,$0.14B,27.66%,$0.14B,$1.74B,8.06%,$0.14B,$1.03B,13.78%,$0.14B,$12.61B,1.10%,$0.21B,$2.85B,7.60%,$125,$10,$115,$0,$62,$72,$53,$0,$53,$18,$35,$35,$35,$0,$0,$69,70,$0.50,$0.50,$905,$0,$0,$10249,$72,$1207,$710,$368,$2358,$12607,$9761,$1110,$1,$1111,$10872,$174,$836,$-29,$1735,$12607,$0,$0,$0,$0,$0,$0,$0,$0,$0,$56,$-1,$0,$0,$0,$10,$10,$8,$17,$20,$-6,$14,$1,$1,$-23,$-17,$-25,$48,$0,$-23
11,2015-12-31,33.91,$24.61,1.38,$7.14,4.75,$5.97,5.68,$1.98,17.13,$10.21B,$9.79B,1.04,$1.07B,$1.71B,0.63,$0.50B,$0.46B,91.95%,$0.50B,$0.20B,40.85%,$0.50B,0,0.00%,$0.50B,0,0.00%,$0.50B,$0.20B,40.85%,$0.50B,$0.14B,27.77%,$0.14B,$1.71B,8.13%,$0.14B,$1.00B,13.98%,$0.14B,$12.58B,1.11%,$0.20B,$2.79B,7.66%,$125,$10,$115,$0,$65,$75,$50,$0,$50,$17,$33,$33,$33,$0,$0,$69,70,$0.49,$0.48,$857,$0,$0,$10212,$73,$1204,$710,$378,$2366,$12578,$9790,$1074,$1,$1075,$10865,$174,$825,$-38,$1713,$12578,$138,$5,$24,$29,$-5,$0,$0,$14,$8,$175,$-4,$0,$0,$0,$104,$104,$-285,$-185,$-89,$-13,$-102,$8,$8,$-89,$298,$115,$104,$2,$-89
12,2015-09-30,34.53,$24.58,1.4,$7.28,4.74,$5.82,5.93,$1.98,17.44,$10.15B,$9.96B,1.02,$0.89B,$1.71B,0.52,$0.50B,$0.46B,91.85%,$0.50B,$0.20B,40.36%,$0.50B,0,0.00%,$0.50B,0,0.00%,$0.50B,$0.20B,40.36%,$0.50B,$0.14B,27.44%,$0.14B,$1.71B,8.20%,$0.14B,$1.00B,14.18%,$0.14B,$12.56B,1.12%,$0.20B,$2.60B,7.71%,$124,$10,$114,$0,$63,$73,$51,$0,$51,$16,$35,$35,$35,$0,$0,$69,70,$0.50,$0.50,$1008,$0,$0,$10154,$74,$1237,$710,$383,$2403,$12557,$9958,$888,$1,$889,$10847,$174,$814,$-29,$1710,$12557,$0,$0,$0,$0,$0,$0,$0,$0,$0,$125,$-3,$0,$0,$0,$85,$85,$-75,$7,$-165,$-113,$-278,$7,$7,$-67,$462,$123,$255,$0,$-67
13,2015-06-30,36.25,$24.29,1.49,$7.28,4.98,$5.58,6.5,$1.96,18.5,$9.97B,$9.80B,1.02,$0.93B,$1.69B,0.55,$0.50B,$0.46B,91.63%,$0.50B,$0.20B,40.24%,$0.50B,0,0.00%,$0.50B,0,0.00%,$0.50B,$0.20B,40.24%,$0.50B,$0.14B,27.09%,$0.14B,$1.69B,8.15%,$0.14B,$0.98B,14.19%,$0.14B,$12.42B,1.11%,$0.20B,$2.62B,7.51%,$125,$10,$115,$0,$63,$73,$52,$0,$52,$17,$35,$35,$35,$0,$0,$69,70,$0.50,$0.50,$917,$0,$0,$9972,$74,$1258,$710,$399,$2442,$12415,$9797,$928,$1,$929,$10727,$174,$801,$-35,$1688,$12415,$0,$0,$0,$0,$0,$0,$0,$0,$0,$72,$-1,$0,$0,$0,$55,$55,$16,$70,$-125,$-52,$-177,$5,$5,$-44,$239,$22,$164,$0,$-44
14,2015-03-31,33.59,$24.17,1.39,$7.27,4.62,$5.49,6.11,$1.94,17.31,$9.68B,$9.53B,1.02,$0.93B,$1.68B,0.55,$0.50B,$0.46B,91.42%,$0.50B,$0.20B,39.92%,$0.50B,0,0.00%,$0.50B,0,0.00%,$0.50B,$0.20B,39.92%,$0.50B,$0.13B,26.75%,$0.13B,$1.68B,8.09%,$0.13B,$0.97B,14.16%,$0.13B,$12.14B,1.10%,$0.20B,$2.61B,7.34%,$123,$10,$113,$0,$63,$73,$50,$0,$50,$15,$35,$35,$35,$0,$0,$69,69,$0.50,$0.50,$667,$0,$0,$9678,$77,$1294,$710,$382,$2464,$12142,$9534,$928,$1,$929,$10463,$174,$789,$-30,$1678,$12142,$0,$0,$0,$0,$0,$0,$0,$0,$0,$54,$-2,$0,$0,$0,$30,$30,$58,$87,$-125,$-114,$-239,$3,$3,$-22,$32,$-226,$-86,$0,$-22
15,2014-12-31,33.18,$23.90,1.39,$7.44,4.46,$5.46,6.08,$1.92,17.28,$9.82B,$9.62B,1.02,$1.05B,$1.66B,0.64,$0.50B,$0.46B,91.40%,$0.50B,$0.20B,39.20%,$0.50B,0,0.00%,$0.50B,0,0.00%,$0.50B,$0.20B,39.20%,$0.50B,$0.13B,25.80%,$0.13B,$1.66B,7.86%,$0.13B,$0.95B,13.86%,$0.13B,$12.33B,1.07%,$0.20B,$2.71B,7.18%,$131,$11,$120,$0,$70,$81,$50,$0,$50,$16,$33,$33,$33,$0,$0,$67,68,$0.49,$0.48,$753,$0,$0,$9823,$78,$1316,$710,$402,$2506,$12329,$9618,$1053,$2,$1054,$10673,$173,$776,$-36,$1656,$12329,$130,$2,$31,$33,$-3,$0,$0,$-3,$-10,$153,$3,$0,$97,$0,$82,$82,$-394,$-213,$353,$-259,$94,$10,$-19,$-82,$403,$396,$336,$2,$-82
16,2014-09-30,27.16,$23.90,1.14,$7.26,3.74,$5.99,4.54,$1.83,14.84,$9.57B,$9.25B,1.04,$1.18B,$1.65B,0.71,$0.46B,$0.42B,91.25%,$0.46B,$0.18B,38.29%,$0.46B,0,0.00%,$0.46B,0,0.00%,$0.46B,$0.18B,38.29%,$0.46B,$0.12B,25.38%,$0.12B,$1.65B,7.80%,$0.12B,$0.94B,13.47%,$0.12B,$12.09B,1.04%,$0.18B,$2.83B,6.97%,$123,$11,$112,$0,$62,$73,$50,$0,$50,$16,$33,$33,$33,$0,$0,$69,69,$0.48,$0.48,$591,$0,$0,$9570,$78,$1307,$712,$418,$2515,$12085,$9249,$1181,$1,$1182,$10431,$173,$765,$-24,$1654,$12085,$0,$0,$0,$0,$0,$0,$0,$0,$0,$99,$5,$0,$97,$0,$81,$81,$-299,$-116,$354,$-220,$133,$7,$7,$-60,$111,$191,$175,$0,$-60
17,2014-06-30,28.11,$23.70,1.19,$7.36,3.82,$6.53,4.3,$1.79,15.71,$9.55B,$9.30B,1.03,$1.11B,$1.64B,0.68,$0.43B,$0.39B,91.14%,$0.43B,$0.16B,36.83%,$0.43B,0,0.00%,$0.43B,0,0.00%,$0.43B,$0.16B,36.83%,$0.43B,$0.11B,24.48%,$0.11B,$1.64B,7.90%,$0.11B,$0.93B,13.36%,$0.11B,$12.05B,1.02%,$0.16B,$2.75B,7.14%,$124,$11,$113,$0,$63,$74,$50,$0,$50,$16,$33,$33,$33,$0,$0,$69,69,$0.48,$0.48,$715,$0,$0,$9554,$78,$1282,$710,$427,$2497,$12052,$9299,$1111,$2,$1113,$10412,$173,$754,$-26,$1639,$12052,$0,$0,$0,$0,$0,$0,$0,$0,$0,$58,$7,$0,$97,$0,$108,$108,$-162,$51,$279,$-159,$120,$6,$6,$-38,$102,$190,$299,$0,$-38
18,2014-03-31,26.36,$23.40,1.13,$7.45,3.54,$7.01,3.76,$1.75,15.06,$9.31B,$9.26B,1.01,$1.01B,$1.62B,0.62,$0.40B,$0.36B,90.75%,$0.40B,$0.14B,35.00%,$0.40B,0,0.00%,$0.40B,0,0.00%,$0.40B,$0.14B,35.00%,$0.40B,$0.09B,23.50%,$0.09B,$1.62B,8.03%,$0.09B,$0.91B,13.22%,$0.09B,$11.89B,1.00%,$0.14B,$2.62B,7.23%,$122,$10,$112,$0,$66,$76,$46,$0,$46,$16,$30,$30,$30,$0,$0,$62,63,$0.48,$0.48,$579,$0,$0,$9313,$78,$1367,$709,$420,$2573,$11886,$9262,$1006,$2,$1008,$10270,$173,$743,$-34,$1616,$11886,$0,$0,$0,$0,$0,$0,$0,$0,$0,$35,$10,$0,$97,$0,$12,$12,$-54,$64,$104,$34,$139,$4,$4,$-16,$-63,$63,$163,$0,$-16
19,2013-12-31,26.79,$20.66,1.3,$7.39,3.62,$7.15,3.74,$1.70,15.76,$7.08B,$6.90B,1.03,$0.79B,$1.04B,0.76,$0.37B,$0.34B,90.08%,$0.37B,$0.13B,33.78%,$0.37B,0,0.00%,$0.37B,0,0.00%,$0.37B,$0.13B,33.78%,$0.37B,$0.09B,23.06%,$0.09B,$1.04B,8.46%,$0.09B,$0.67B,13.42%,$0.09B,$8.74B,1.01%,$0.13B,$1.83B,7.81%,$88,$8,$80,$0,$51,$59,$29,$0,$29,$9,$20,$20,$20,$0,$0,$50,50,$0.39,$0.39,$417,$0,$0,$7078,$70,$889,$376,$323,$1657,$8735,$6901,$791,$2,$793,$7694,$127,$735,$-43,$1042,$8735,$86,$16,$24,$40,$13,$0,$0,$10,$16,$142,$0,$0,$0,$0,$-158,$-158,$-216,$-373,$291,$116,$406,$2,$2,$-62,$-131,$215,$-15,$2,$-62
20,2013-09-30,24.44,$20.19,1.21,$7.53,3.25,$6.84,3.57,$1.73,14.13,$6.89B,$6.86B,1.01,$0.63B,$1.02B,0.62,$0.38B,$0.34B,89.74%,$0.38B,$0.13B,33.68%,$0.38B,0,0.00%,$0.38B,0,0.00%,$0.38B,$0.13B,33.68%,$0.38B,$0.09B,22.89%,$0.09B,$1.02B,8.67%,$0.09B,$0.64B,13.84%,$0.09B,$8.51B,1.03%,$0.13B,$1.65B,8.54%,$95,$9,$86,$0,$53,$62,$33,$0,$33,$10,$22,$22,$22,$0,$0,$50,50,$0.44,$0.44,$342,$0,$0,$6892,$69,$859,$376,$317,$1621,$8514,$6860,$634,$2,$636,$7496,$127,$731,$-62,$1018,$8514,$0,$0,$0,$0,$0,$0,$0,$0,$0,$107,$-3,$0,$0,$0,$-130,$-130,$-96,$-229,$249,$-24,$225,$2,$2,$-47,$-147,$32,$-90,$0,$-47
21,2013-06-30,22.07,$19.98,1.1,$7.59,2.91,$6.52,3.39,$1.67,13.21,$6.91B,$6.84B,1.01,$0.64B,$1.01B,0.63,$0.38B,$0.34B,89.30%,$0.38B,$0.12B,32.11%,$0.38B,0,0.00%,$0.38B,0,0.00%,$0.38B,$0.12B,32.11%,$0.38B,$0.08B,21.93%,$0.08B,$1.01B,8.43%,$0.08B,$0.63B,13.52%,$0.08B,$8.48B,1.00%,$0.12B,$1.64B,8.76%,$95,$9,$85,$0,$54,$63,$32,$0,$32,$10,$22,$22,$22,$0,$0,$50,50,$0.44,$0.44,$379,$0,$0,$6906,$70,$814,$376,$315,$1574,$8480,$6835,$637,$2,$639,$7474,$127,$725,$-66,$1006,$8480,$0,$0,$0,$0,$0,$0,$0,$0,$0,$72,$-1,$0,$0,$0,$-89,$-89,$-63,$-153,$-0,$234,$233,$1,$1,$-31,$-175,$28,$-53,$0,$-31
22,2013-03-31,21.93,$19.87,1.1,$7.66,2.86,$6.30,3.48,$1.65,13.29,$6.79B,$6.99B,0.97,$0.33B,$1.00B,0.33,$0.39B,$0.34B,88.86%,$0.39B,$0.12B,31.61%,$0.39B,0,0.00%,$0.39B,0,0.00%,$0.39B,$0.12B,31.61%,$0.39B,$0.08B,21.50%,$0.08B,$1.00B,8.38%,$0.08B,$0.63B,13.47%,$0.08B,$8.31B,0.99%,$0.12B,$1.33B,9.68%,$95,$10,$85,$0,$53,$63,$32,$0,$32,$10,$22,$22,$22,$0,$0,$50,50,$0.43,$0.43,$363,$0,$0,$6789,$71,$750,$376,$328,$1525,$8314,$6987,$325,$2,$327,$7314,$127,$718,$-64,$1000,$8314,$0,$0,$0,$0,$0,$0,$0,$0,$0,$44,$-1,$0,$0,$0,$-21,$-21,$40,$18,$-0,$-46,$-46,$0,$0,$-16,$-70,$-132,$-69,$0,$-16
23,2012-12-31,19.83,$19.74,1.0,$7.73,2.57,$6.07,3.27,$1.64,12.09,$6.91B,$7.04B,0.98,$0.39B,$0.99B,0.39,$0.39B,$0.34B,88.17%,$0.39B,$0.12B,31.11%,$0.39B,0,0.00%,$0.39B,0,0.00%,$0.39B,$0.12B,31.11%,$0.39B,$0.08B,21.08%,$0.08B,$0.99B,8.33%,$0.08B,$0.62B,13.42%,$0.08B,$8.42B,0.97%,$0.12B,$1.38B,9.60%,$95,$10,$85,$0,$54,$64,$31,$0,$31,$10,$21,$21,$21,$0,$0,$50,50,$0.42,$0.42,$432,$0,$0,$6914,$72,$729,$376,$329,$1506,$8420,$7041,$385,$2,$387,$7428,$127,$712,$-66,$992,$8420,$83,$13,$22,$36,$-14,$0,$0,$17,$11,$129,$-3,$0,$0,$0,$93,$93,$-298,$-208,$-55,$60,$5,$0,$-5,$-62,$-63,$-125,$-204,$2,$-62
24,2012-09-30,20.04,$19.66,1.02,$7.92,2.53,$5.92,3.39,$1.62,12.37,$6.83B,$7.11B,0.96,$0.29B,$0.99B,0.29,$0.39B,$0.34B,87.47%,$0.39B,$0.12B,30.69%,$0.39B,0,0.00%,$0.39B,0,0.00%,$0.39B,$0.12B,30.69%,$0.39B,$0.08B,20.72%,$0.08B,$0.99B,8.28%,$0.08B,$0.61B,13.38%,$0.08B,$8.38B,0.96%,$0.12B,$1.27B,10.05%,$98,$11,$87,$0,$58,$70,$28,$0,$28,$9,$19,$19,$19,$0,$0,$50,50,$0.38,$0.38,$436,$0,$0,$6826,$73,$767,$376,$340,$1555,$8381,$7106,$285,$2,$287,$7393,$127,$707,$-63,$988,$8381,$0,$0,$0,$0,$0,$0,$0,$0,$0,$89,$-2,$0,$0,$0,$53,$53,$-204,$-153,$-55,$34,$-22,$0,$-5,$-47,$-62,$-136,$-200,$0,$-47
25,2012-06-30,20.56,$19.52,1.05,$7.90,2.6,$5.67,3.63,$1.64,12.54,$6.95B,$7.39B,0.94,$0.09B,$0.98B,0.09,$0.39B,$0.34B,86.63%,$0.39B,$0.12B,31.11%,$0.39B,0,0.00%,$0.39B,0,0.00%,$0.39B,$0.12B,31.11%,$0.39B,$0.08B,21.08%,$0.08B,$0.98B,8.41%,$0.08B,$0.61B,13.62%,$0.08B,$8.46B,0.96%,$0.12B,$1.07B,10.02%,$98,$12,$86,$0,$55,$67,$31,$0,$31,$10,$21,$21,$21,$0,$0,$50,50,$0.42,$0.42,$673,$0,$0,$6951,$74,$723,$372,$337,$1506,$8457,$7387,$87,$2,$89,$7476,$127,$703,$-66,$981,$8457,$0,$0,$0,$0,$0,$0,$0,$0,$0,$61,$-1,$0,$0,$0,$96,$96,$-86,$8,$-55,$10,$-45,$0,$0,$-31,$44,$-32,$37,$0,$-31
26,2012-03-31,22.64,$19.42,1.17,$7.92,2.86,$5.66,4.0,$1.62,13.98,$6.95B,$7.21B,0.96,$0.35B,$0.98B,0.35,$0.38B,$0.32B,85.68%,$0.38B,$0.12B,30.50%,$0.38B,0,0.00%,$0.38B,0,0.00%,$0.38B,$0.12B,30.50%,$0.38B,$0.08B,20.69%,$0.08B,$0.98B,8.38%,$0.08B,$0.61B,13.62%,$0.08B,$8.53B,0.95%,$0.12B,$1.32B,9.39%,$98,$13,$85,$0,$54,$67,$31,$0,$31,$10,$21,$21,$21,$0,$0,$50,50,$0.42,$0.42,$790,$0,$0,$6949,$76,$791,$372,$342,$1580,$8529,$7206,$345,$2,$347,$7553,$127,$697,$-65,$976,$8529,$0,$0,$0,$0,$0,$0,$0,$0,$0,$33,$-1,$0,$0,$0,$33,$33,$33,$64,$-0,$9,$8,$0,$0,$-16,$64,$57,$154,$0,$-16
27,2011-12-31,21.94,$19.29,1.14,$8.00,2.74,$5.82,3.77,$1.61,13.63,$6.82B,$7.34B,0.93,$0.14B,$0.97B,0.15,$0.37B,$0.31B,84.78%,$0.37B,$0.11B,29.89%,$0.37B,0,0.00%,$0.37B,0,0.00%,$0.37B,$0.11B,29.89%,$0.37B,$0.08B,20.38%,$0.08B,$0.97B,8.46%,$0.08B,$0.59B,13.80%,$0.08B,$8.45B,0.96%,$0.11B,$1.11B,9.33%,$97,$14,$84,$0,$54,$68,$30,$0,$30,$9,$20,$20,$20,$0,$0,$47,47,$0.41,$0.40,$636,$0,$0,$6823,$76,$824,$376,$352,$1628,$8451,$7339,$142,$2,$144,$7483,$127,$692,$-67,$969,$8451,$76,$8,$44,$52,$2,$0,$0,$3,$-9,$119,$-8,$0,$49,$0,$87,$87,$30,$158,$-60,$33,$-27,$1,$1,$-54,$-21,$-102,$175,$1,$-54
28,2011-09-30,15.42,$19.38,0.8,$7.99,1.93,$5.70,2.71,$1.65,9.35,$6.89B,$7.25B,0.95,$0.36B,$0.97B,0.37,$0.36B,$0.30B,82.87%,$0.36B,$0.11B,29.83%,$0.36B,0,0.00%,$0.36B,0,0.00%,$0.36B,$0.11B,29.83%,$0.36B,$0.07B,20.44%,$0.07B,$0.97B,8.79%,$0.07B,$0.60B,14.35%,$0.07B,$8.58B,0.98%,$0.11B,$1.33B,9.03%,$96,$14,$82,$0,$53,$66,$29,$0,$29,$9,$20,$20,$20,$0,$0,$50,50,$0.40,$0.40,$669,$0,$0,$6889,$76,$872,$373,$368,$1689,$8578,$7248,$355,$2,$357,$7605,$127,$687,$-58,$973,$8578,$0,$0,$0,$0,$0,$0,$0,$0,$0,$79,$-5,$0,$49,$0,$40,$40,$12,$95,$-50,$39,$-12,$0,$0,$-39,$83,$33,$207,$0,$-39
29,2011-06-30,18.54,$18.43,1.01,$8.25,2.25,$5.78,3.21,$1.65,11.24,$5.71B,$5.99B,0.95,$0.34B,$0.80B,0.42,$0.36B,$0.29B,80.94%,$0.36B,$0.10B,28.73%,$0.36B,0,0.00%,$0.36B,0,0.00%,$0.36B,$0.10B,28.73%,$0.36B,$0.07B,19.61%,$0.07B,$0.80B,8.93%,$0.07B,$0.49B,14.68%,$0.07B,$7.13B,0.98%,$0.10B,$1.14B,8.43%,$86,$14,$72,$0,$46,$60,$25,$0,$25,$8,$17,$17,$17,$0,$0,$44,44,$0.40,$0.40,$508,$0,$0,$5711,$56,$742,$312,$313,$1423,$7134,$5992,$336,$2,$338,$6330,$111,$682,$-59,$804,$7134,$0,$0,$0,$0,$0,$0,$0,$0,$0,$55,$-3,$0,$0,$0,$49,$49,$-1,$44,$-50,$8,$-42,$0,$0,$-26,$15,$-53,$47,$0,$-26
30,2011-03-31,19.82,$18.32,1.08,$8.58,2.31,$6.02,3.29,$1.66,11.94,$5.71B,$6.05B,0.94,$0.34B,$0.80B,0.42,$0.38B,$0.30B,79.52%,$0.38B,$0.11B,27.93%,$0.38B,0,0.00%,$0.38B,0,0.00%,$0.38B,$0.11B,27.93%,$0.38B,$0.07B,19.15%,$0.07B,$0.80B,9.13%,$0.07B,$0.49B,15.09%,$0.07B,$7.19B,0.98%,$0.11B,$1.14B,7.97%,$89,$14,$74,$0,$48,$62,$26,$0,$26,$8,$18,$18,$18,$0,$0,$44,44,$0.41,$0.41,$531,$0,$0,$5705,$56,$806,$312,$312,$1486,$7191,$6053,$336,$2,$338,$6392,$111,$678,$-59,$799,$7191,$0,$0,$0,$0,$0,$0,$0,$0,$0,$37,$-2,$0,$0,$0,$-12,$-12,$33,$19,$-50,$78,$28,$0,$0,$-13,$-1,$14,$69,$0,$-13
31,2010-12-31,21.59,$18.18,1.19,$8.84,2.44,$6.08,3.55,$1.65,13.09,$5.68B,$5.97B,0.95,$0.39B,$0.79B,0.49,$0.39B,$0.30B,77.78%,$0.39B,$0.10B,26.87%,$0.39B,0,0.00%,$0.39B,0,0.00%,$0.39B,$0.10B,26.87%,$0.39B,$0.07B,18.35%,$0.07B,$0.79B,9.09%,$0.07B,$0.48B,15.13%,$0.07B,$7.16B,0.95%,$0.10B,$1.18B,7.43%,$91,$19,$72,$0,$44,$62,$28,$0,$28,$9,$19,$19,$19,$0,$0,$44,44,$0.44,$0.44,$461,$0,$0,$5679,$55,$795,$312,$315,$1477,$7156,$5974,$386,$2,$388,$6363,$111,$673,$-61,$793,$7156,$72,$8,$17,$26,$2,$0,$0,$5,$3,$101,$-3,$0,$0,$0,$167,$167,$468,$632,$-385,$-30,$-415,$2,$2,$-52,$-257,$-721,$12,$1,$-52
32,2010-09-30,18.21,$18.00,1.01,$9.12,2.0,$4.97,3.66,$1.61,11.31,$5.99B,$6.09B,0.98,$0.70B,$0.79B,0.89,$0.40B,$0.30B,76.38%,$0.40B,$0.10B,25.38%,$0.40B,0,0.00%,$0.40B,0,0.00%,$0.40B,$0.10B,25.38%,$0.40B,$0.07B,17.34%,$0.07B,$0.79B,8.92%,$0.07B,$0.47B,14.96%,$0.07B,$7.57B,0.91%,$0.10B,$1.48B,6.79%,$96,$21,$75,$0,$50,$71,$25,$0,$25,$7,$17,$17,$17,$0,$0,$44,44,$0.40,$0.40,$713,$0,$0,$5992,$56,$891,$312,$322,$1581,$7573,$6090,$696,$2,$698,$6788,$111,$667,$-62,$785,$7573,$0,$0,$0,$0,$0,$0,$0,$0,$0,$71,$-2,$0,$0,$0,$75,$75,$397,$470,$-75,$107,$31,$2,$2,$-39,$-272,$-278,$263,$0,$-39
33,2010-06-30,17.3,$17.84,0.97,$9.16,1.89,$4.47,3.87,$1.61,10.74,$5.87B,$5.99B,0.98,$0.70B,$0.78B,0.9,$0.40B,$0.30B,74.44%,$0.40B,$0.09B,23.06%,$0.40B,0,0.00%,$0.40B,0,0.00%,$0.40B,$0.09B,23.06%,$0.40B,$0.06B,16.04%,$0.06B,$0.78B,8.32%,$0.06B,$0.47B,14.02%,$0.06B,$7.46B,0.83%,$0.09B,$1.47B,6.04%,$100,$22,$78,$0,$52,$74,$26,$0,$26,$8,$18,$18,$18,$0,$0,$44,44,$0.41,$0.41,$450,$0,$0,$5870,$56,$918,$312,$307,$1593,$7463,$5987,$697,$2,$699,$6686,$111,$663,$-65,$778,$7463,$0,$0,$0,$0,$0,$0,$0,$0,$0,$64,$-2,$0,$0,$0,$49,$49,$262,$309,$-75,$83,$8,$2,$2,$-26,$-356,$-372,$1,$0,$-26
34,2010-03-31,18.72,$17.68,1.06,$9.42,1.99,$3.53,5.31,$1.39,13.47,$6.02B,$6.15B,0.98,$0.70B,$0.77B,0.91,$0.41B,$0.30B,73.11%,$0.41B,$0.08B,18.83%,$0.41B,0,0.00%,$0.41B,0,0.00%,$0.41B,$0.08B,18.83%,$0.41B,$0.05B,13.20%,$0.05B,$0.77B,7.07%,$0.05B,$0.46B,11.97%,$0.05B,$7.62B,0.69%,$0.08B,$1.47B,4.95%,$100,$24,$76,$0,$51,$74,$25,$0,$25,$8,$17,$17,$17,$0,$0,$43,44,$0.40,$0.40,$456,$0,$0,$6018,$57,$914,$312,$314,$1597,$7615,$6147,$697,$2,$699,$6846,$111,$658,$-67,$769,$7615,$0,$0,$0,$0,$0,$0,$0,$0,$0,$38,$-1,$0,$0,$0,$53,$53,$129,$181,$-75,$53,$-22,$1,$1,$-13,$-179,$-213,$7,$0,$-13
35,2009-12-31,14.1,$17.53,0.8,$9.66,1.46,$3.19,4.42,$1.67,8.44,$6.15B,$6.27B,0.98,$0.77B,$0.76B,1.01,$0.42B,$0.30B,71.36%,$0.42B,$0.08B,18.62%,$0.42B,0,0.00%,$0.42B,0,0.00%,$0.42B,$0.08B,18.62%,$0.42B,$0.07B,15.99%,$0.07B,$0.76B,8.81%,$0.07B,$0.45B,14.96%,$0.07B,$7.81B,0.84%,$0.08B,$1.53B,4.80%,$102,$27,$75,$0,$51,$78,$25,$0,$25,$7,$17,$17,$17,$0,$0,$43,43,$0.40,$0.40,$450,$0,$0,$6151,$58,$967,$312,$317,$1654,$7805,$6269,$772,$2,$774,$7044,$111,$654,$-68,$762,$7805,$67,$11,$45,$57,$0,$0,$0,$-63,$-70,$54,$-5,$0,$0,$0,$311,$311,$239,$545,$-80,$-555,$-636,$-0,$-0,$-50,$324,$-363,$236,$0,$-50
36,2009-09-30,13.61,$17.66,0.77,$10.12,1.34,$4.64,2.93,$1.65,8.25,$6.33B,$6.46B,0.98,$0.85B,$0.77B,1.11,$0.44B,$0.31B,69.70%,$0.44B,$0.08B,17.54%,$0.44B,0,0.00%,$0.44B,0,0.00%,$0.44B,$0.08B,17.54%,$0.44B,$0.07B,15.26%,$0.07B,$0.77B,8.88%,$0.07B,$0.45B,15.17%,$0.07B,$8.08B,0.84%,$0.08B,$1.62B,4.55%,$97,$29,$68,$0,$52,$81,$16,$0,$16,$4,$12,$12,$12,$0,$0,$43,43,$0.28,$0.28,$578,$0,$0,$6332,$58,$1104,$312,$277,$1751,$8083,$6462,$852,$2,$854,$7316,$111,$649,$-59,$767,$8083,$0,$0,$0,$0,$0,$0,$0,$0,$0,$50,$-4,$0,$0,$0,$199,$199,$193,$388,$-0,$-411,$-411,$-1,$-1,$-38,$375,$-74,$364,$0,$-38
37,2009-06-30,13.37,$17.07,0.78,$10.59,1.26,$5.48,2.44,$1.70,7.86,$6.07B,$6.24B,0.97,$0.85B,$0.76B,1.13,$0.46B,$0.31B,67.97%,$0.46B,$0.09B,18.95%,$0.46B,0,0.00%,$0.46B,0,0.00%,$0.46B,$0.09B,18.95%,$0.46B,$0.08B,16.34%,$0.08B,$0.76B,9.92%,$0.08B,$0.44B,16.91%,$0.08B,$7.85B,0.94%,$0.09B,$1.61B,4.98%,$110,$30,$80,$0,$69,$99,$11,$0,$11,$3,$8,$8,$8,$0,$0,$43,43,$0.19,$0.19,$202,$0,$0,$6068,$58,$1138,$312,$271,$1779,$7848,$6237,$852,$2,$855,$7091,$111,$650,$-69,$756,$7848,$0,$0,$0,$0,$0,$0,$0,$0,$0,$24,$-3,$0,$0,$0,$160,$160,$96,$253,$-0,$-351,$-352,$-0,$-0,$-25,$89,$-289,$-12,$0,$-25
38,2009-03-31,11.64,$17.44,0.67,$10.94,1.06,$6.13,1.9,$2.09,5.57,$6.13B,$6.25B,0.98,$0.98B,$0.76B,1.29,$0.48B,$0.31B,66.11%,$0.48B,$0.11B,23.79%,$0.48B,0,0.00%,$0.48B,0,0.00%,$0.48B,$0.11B,23.79%,$0.48B,$0.09B,19.37%,$0.09B,$0.76B,12.11%,$0.09B,$0.45B,20.56%,$0.09B,$7.99B,1.14%,$0.11B,$1.73B,6.21%,$110,$34,$76,$0,$50,$84,$26,$0,$26,$-3,$30,$30,$30,$0,$0,$43,43,$0.68,$0.68,$183,$0,$0,$6129,$58,$1225,$312,$261,$1856,$7985,$6248,$977,$2,$980,$7228,$111,$654,$-73,$757,$7985,$0,$0,$0,$0,$0,$0,$0,$0,$0,$24,$-1,$0,$0,$0,$71,$71,$30,$100,$75,$-231,$-156,$-0,$-0,$-13,$15,$-154,$-30,$0,$-13
39,2008-12-31,22.02,$16.97,1.3,$11.45,1.92,$6.33,3.48,$2.00,11.01,$6.20B,$6.30B,0.98,$1.07B,$0.74B,1.45,$0.50B,$0.32B,64.19%,$0.50B,$0.12B,24.95%,$0.50B,0,0.00%,$0.50B,0,0.00%,$0.50B,$0.12B,24.95%,$0.50B,$0.09B,17.71%,$0.09B,$0.74B,11.53%,$0.09B,$0.42B,19.51%,$0.09B,$8.10B,1.09%,$0.12B,$1.80B,6.75%,$122,$40,$82,$0,$59,$99,$24,$0,$24,$7,$17,$17,$17,$0,$0,$43,43,$0.39,$0.38,$214,$0,$0,$6199,$59,$1292,$312,$241,$1903,$8102,$6299,$1065,$2,$1067,$7365,$111,$637,$-76,$737,$8102,$87,$5,$35,$40,$7,$0,$0,$-20,$-13,$114,$-2,$0,$0,$0,$32,$32,$-233,$-204,$79,$-258,$-179,$2,$2,$-50,$299,$72,$-17,$1,$-50
40,2008-09-30,22.98,$17.86,1.29,$11.67,1.97,$5.62,4.09,$1.99,11.55,$6.11B,$6.25B,0.98,$1.07B,$0.77B,1.39,$0.50B,$0.31B,61.03%,$0.50B,$0.12B,24.45%,$0.50B,0,0.00%,$0.50B,0,0.00%,$0.50B,$0.12B,24.25%,$0.50B,$0.09B,17.30%,$0.09B,$0.77B,11.31%,$0.09B,$0.46B,19.03%,$0.09B,$8.10B,1.08%,$0.12B,$1.85B,6.55%,$117,$43,$74,$0,$48,$91,$26,$0,$26,$7,$20,$20,$20,$0,$0,$43,43,$0.45,$0.45,$224,$0,$0,$6114,$59,$1378,$312,$232,$1982,$8096,$6248,$1073,$2,$1075,$7322,$111,$633,$-33,$773,$8096,$0,$0,$0,$0,$0,$0,$0,$0,$0,$84,$-1,$0,$0,$0,$-22,$-22,$-123,$-146,$154,$-217,$-63,$0,$0,$-38,$156,$56,$-6,$0,$-38
41,2008-06-30,14.92,$17.44,0.86,$12.10,1.23,$5.25,2.84,$2.14,6.97,$6.05B,$6.15B,0.98,$1.12B,$0.77B,1.45,$0.52B,$0.31B,59.31%,$0.52B,$0.13B,25.53%,$0.52B,0,0.00%,$0.52B,0,0.00%,$0.52B,$0.13B,25.34%,$0.52B,$0.09B,17.85%,$0.09B,$0.77B,12.16%,$0.09B,$0.46B,20.55%,$0.09B,$8.05B,1.17%,$0.13B,$1.89B,7.31%,$126,$43,$82,$0,$46,$89,$37,$0,$37,$11,$25,$25,$25,$0,$0,$43,43,$0.58,$0.58,$227,$0,$0,$6054,$60,$1397,$312,$225,$1994,$8048,$6154,$1119,$2,$1122,$7276,$111,$627,$-26,$773,$8048,$0,$0,$0,$0,$0,$0,$0,$0,$0,$50,$-1,$0,$0,$0,$-23,$-23,$-52,$-75,$130,$-207,$-77,$0,$0,$-25,$124,$22,$-3,$0,$-25
42,2008-03-31,17.13,$17.83,0.96,$12.10,1.42,$5.19,3.3,$2.16,7.93,$6.02B,$6.18B,0.97,$1.04B,$0.77B,1.34,$0.51B,$0.30B,57.70%,$0.51B,$0.13B,25.73%,$0.51B,0,0.00%,$0.51B,0,0.00%,$0.51B,$0.13B,25.54%,$0.51B,$0.09B,18.13%,$0.09B,$0.77B,12.71%,$0.09B,$0.46B,20.42%,$0.09B,$7.99B,1.23%,$0.13B,$1.81B,8.07%,$132,$51,$81,$0,$43,$95,$37,$0,$37,$12,$26,$26,$26,$0,$0,$43,43,$0.59,$0.59,$229,$0,$0,$6016,$61,$1381,$312,$217,$1971,$7987,$6178,$1036,$2,$1038,$7216,$111,$614,$-15,$771,$7987,$0,$0,$0,$0,$0,$0,$0,$0,$0,$32,$-0,$0,$0,$0,$17,$17,$-7,$9,$-10,$-90,$-100,$0,$0,$-13,$70,$-43,$-2,$0,$-13
43,2007-12-31,17.81,$17.61,1.01,$11.85,1.5,$5.37,3.32,$2.16,8.24,$6.01B,$6.02B,1.0,$1.21B,$0.76B,1.59,$0.50B,$0.28B,56.94%,$0.50B,$0.13B,26.36%,$0.50B,0,0.00%,$0.50B,0,0.00%,$0.50B,$0.13B,26.16%,$0.50B,$0.09B,18.31%,$0.09B,$0.76B,13.03%,$0.09B,$0.45B,19.85%,$0.09B,$8.00B,1.26%,$0.13B,$1.97B,8.88%,$128,$58,$70,$0,$47,$105,$23,$0,$22,$6,$16,$16,$16,$0,$0,$42,42,$0.36,$0.36,$231,$0,$0,$6013,$62,$1395,$312,$213,$1982,$7995,$6017,$1208,$8,$1216,$7234,$111,$602,$-12,$761,$7995,$91,$7,$15,$21,$0,$0,$0,$-16,$-30,$81,$-3,$0,$-36,$0,$-84,$-84,$-241,$-363,$182,$334,$515,$-22,$-22,$-46,$-194,$253,$-28,$0,$-46
44,2007-09-30,19.16,$17.49,1.1,$11.61,1.65,$5.57,3.44,$2.39,8.02,$5.78B,$6.07B,0.95,$0.85B,$0.76B,1.13,$0.49B,$0.28B,58.02%,$0.49B,$0.14B,29.63%,$0.49B,0,0.00%,$0.49B,0,0.00%,$0.49B,$0.14B,29.63%,$0.49B,$0.10B,20.58%,$0.10B,$0.76B,15.00%,$0.10B,$0.44B,21.60%,$0.10B,$7.69B,1.45%,$0.14B,$1.61B,11.11%,$135,$58,$76,$0,$41,$99,$36,$0,$36,$10,$26,$26,$26,$0,$0,$43,43,$0.60,$0.60,$204,$0,$0,$5780,$62,$1323,$313,$207,$1905,$7686,$6072,$850,$8,$858,$6930,$111,$599,$-14,$755,$7686,$0,$0,$0,$0,$0,$0,$0,$0,$0,$68,$-2,$0,$-36,$0,$-8,$-8,$-32,$-78,$182,$28,$211,$-22,$-22,$-34,$-198,$-44,$-55,$0,$-34
45,2007-06-30,19.83,$15.57,1.27,$11.08,1.79,$5.28,3.75,$2.13,9.31,$5.02B,$5.46B,0.92,$0.52B,$0.64B,0.82,$0.46B,$0.27B,58.04%,$0.46B,$0.13B,27.83%,$0.46B,0,0.00%,$0.46B,0,0.00%,$0.46B,$0.13B,27.83%,$0.46B,$0.09B,19.13%,$0.09B,$0.64B,13.82%,$0.09B,$0.47B,18.74%,$0.09B,$6.63B,1.33%,$0.13B,$1.16B,10.85%,$118,$49,$69,$0,$33,$82,$36,$0,$36,$11,$25,$25,$25,$0,$0,$41,41,$0.60,$0.60,$219,$0,$0,$5024,$38,$1220,$167,$184,$1609,$6632,$5461,$524,$8,$532,$5993,$111,$585,$-16,$639,$6632,$0,$0,$0,$0,$0,$0,$0,$0,$0,$46,$-1,$0,$0,$0,$52,$52,$-8,$42,$25,$11,$36,$-20,$-20,$-23,$-121,$-128,$-40,$0,$-23
46,2007-03-31,21.66,$15.65,1.38,$10.92,1.98,$5.47,3.96,$2.13,10.17,$4.93B,$5.40B,0.91,$0.52B,$0.64B,0.82,$0.46B,$0.27B,58.64%,$0.46B,$0.13B,28.23%,$0.46B,0,0.00%,$0.46B,0,0.00%,$0.46B,$0.13B,28.23%,$0.46B,$0.09B,19.26%,$0.09B,$0.64B,13.84%,$0.09B,$0.47B,18.78%,$0.09B,$6.57B,1.32%,$0.13B,$1.16B,10.72%,$116,$48,$68,$0,$32,$80,$36,$0,$36,$11,$24,$24,$24,$0,$0,$41,41,$0.60,$0.59,$220,$0,$0,$4928,$38,$1259,$167,$179,$1643,$6572,$5401,$524,$8,$532,$5933,$111,$572,$-14,$639,$6572,$0,$0,$0,$0,$0,$0,$0,$0,$0,$38,$-1,$0,$0,$0,$19,$19,$90,$109,$25,$-103,$-78,$-10,$-10,$-12,$-86,$-186,$-39,$0,$-12
47,2006-12-31,23.71,$15.44,1.54,$10.70,2.22,$5.52,4.29,$2.12,11.19,$5.06B,$5.46B,0.93,$0.62B,$0.63B,0.98,$0.45B,$0.27B,59.78%,$0.45B,$0.13B,28.67%,$0.45B,0,0.00%,$0.45B,0,0.00%,$0.45B,$0.13B,28.67%,$0.45B,$0.09B,19.78%,$0.09B,$0.63B,14.00%,$0.09B,$0.47B,19.00%,$0.09B,$6.72B,1.33%,$0.13B,$1.25B,10.53%,$117,$48,$69,$0,$33,$81,$36,$0,$36,$11,$25,$25,$25,$0,$0,$42,42,$0.61,$0.61,$259,$0,$0,$5059,$38,$1275,$167,$178,$1659,$6718,$5456,$619,$9,$628,$6084,$111,$559,$-16,$634,$6718,$89,$10,$-8,$2,$-1,$0,$0,$-5,$-2,$89,$-3,$0,$0,$0,$228,$228,$-160,$65,$-55,$-174,$-229,$-40,$-40,$-45,$212,$-103,$51,$0,$-45
