,Date,Stock Price,Book Value per Share,Price to Book Ratio,TTM Sales per Share,Price to Sales Ratio,TTM FCF per Share,Price to FCF Ratio,TTM Net EPS,PE Ratio,Current Assets,Current Liabilities,Current Ratio,Long Term Debt,Shareholder's Equity_x,Debt to Equity Ratio,TTM Revenue_x,TTM Gross Profit,Gross Margin,TTM Revenue_y,TTM Operating Income,Operating Margin,TTM Revenue_x,TTM EBIT,EBIT Margin,TTM Revenue_y,TTM EBITDA,EBITDA Margin,TTM Revenue_x,TTM Pre-Tax Income,Pre-Tax Margin,TTM Revenue_y,TTM Net Income_x,Net Margin,TTM Net Income_y,Shareholder's Equity_y,Return on Equity,TTM Net Income_x,Tangible Equity,Return on Tangible Equity,TTM Net Income_y,Total Assets,Return on Assets,TTM Net Income,LT Investments & Debt,Return on Investment,revenue,cost-goods-sold,gross-profit,research-development-expenses,selling-general-administrative-expenses,operating-expenses,operating-income,total-non-operating-income-expense,pre-tax-income,total-provision-income-taxes,income-after-taxes,income-from-continuous-operations,net-income,ebitda,ebit,basic-shares-outstanding,shares-outstanding,eps-basic-net-earnings-per-share,eps-earnings-per-share-diluted,cash-on-hand,inventory,other-current-assets,total-current-assets,net-property-plant-equipment,long-term-investments,goodwill-intangible-assets-total,other-long-term-assets,total-long-term-assets,total-assets,total-current-liabilities,long-term-debt,other-non-current-liabilities,total-long-term-liabilities,total-liabilities,common-stock-net,retained-earnings-accumulated-deficit,comprehensive-income,total-share-holder-equity,total-liabilities-share-holders-equity,net-income-loss,total-depreciation-amortization-cash-flow,other-non-cash-items,total-non-cash-items,change-in-accounts-receivable,change-in-inventories,change-in-accounts-payable,change-in-assets-liabilities,total-change-in-assets-liabilities,cash-flow-from-operating-activities,net-change-in-property-plant-equipment,net-change-in-intangible-assets,net-acquisitions-divestitures,net-change-in-short-term-investments,net-change-in-long-term-investments,net-change-in-investments-total,investing-activities-other,cash-flow-from-investing-activities,net-long-term-debt,net-current-debt,debt-issuance-retirement-net-total,net-common-equity-issued-repurchased,net-total-equity-issued-repurchased,total-common-preferred-stock-dividends-paid,financial-activities-other,cash-flow-from-financial-activities,net-cash-flow,stock-based-compensation,common-stock-dividends-paid
0,2018-09-30,27.89,$17.70,1.58,$7.24,3.85,$7.14,3.91,$1.34,20.81,$8.54B,$10.38B,0.82,$0.59B,$1.40B,0.42,$0.57B,$0.51B,90.64%,$0.57B,$0.21B,37.46%,$0.57B,0,0.00%,$0.57B,0,0.00%,$0.57B,$0.20B,35.34%,$0.57B,$0.11B,18.90%,$0.11B,$1.40B,7.87%,$0.11B,$1.08B,10.15%,$0.11B,$12.41B,0.87%,$0.21B,$1.99B,10.24%,$153,$17,$136,$0,$78,$96,$57,$-0,$57,$13,$44,$44,$43,$0,$0,$80,80,$0.54,$0.54,$312,$0,$0,$8538,$204,$2903,$325,$357,$3867,$12405,$10379,$585,$39,$624,$11003,$89,$-123,$-63,$1402,$12405,$121,$24,$43,$67,$-6,$0,$0,$0,$12,$200,$-10,$0,$-57,$0,$17,$17,$-120,$-170,$-159,$-265,$-424,$1,$1,$-30,$421,$-32,$-2,$4,$-30
1,2018-06-30,30.67,$17.43,1.76,$6.95,4.41,$6.59,4.65,$1.18,25.99,$8.54B,$10.10B,0.85,$0.87B,$1.38B,0.63,$0.53B,$0.49B,91.54%,$0.53B,$0.20B,37.97%,$0.53B,0,0.00%,$0.53B,0,0.00%,$0.53B,$0.19B,35.15%,$0.53B,$0.09B,17.29%,$0.09B,$1.38B,7.00%,$0.09B,$1.05B,8.81%,$0.09B,$12.39B,0.77%,$0.20B,$2.25B,9.92%,$146,$14,$132,$0,$75,$90,$55,$-2,$53,$14,$40,$40,$39,$0,$0,$80,80,$0.49,$0.49,$316,$0,$0,$8543,$202,$2864,$327,$372,$3842,$12386,$10101,$868,$37,$906,$11006,$89,$-154,$-53,$1379,$12386,$77,$17,$28,$45,$-18,$0,$0,$0,$-6,$116,$-9,$0,$-57,$0,$58,$58,$-116,$-124,$124,$-256,$-131,$0,$0,$-18,$158,$9,$2,$2,$-18
2,2018-03-31,31.51,$17.15,1.84,$6.75,4.67,$6.45,4.89,$1.08,29.17,$8.53B,$10.11B,0.84,$0.76B,$1.36B,0.56,$0.50B,$0.46B,92.25%,$0.50B,$0.19B,38.57%,$0.50B,0,0.00%,$0.50B,0,0.00%,$0.50B,$0.18B,35.59%,$0.50B,$0.08B,16.10%,$0.08B,$1.36B,6.46%,$0.08B,$1.03B,7.90%,$0.08B,$12.26B,0.70%,$0.19B,$2.12B,9.86%,$138,$12,$126,$0,$73,$87,$50,$-2,$48,$11,$38,$38,$37,$0,$0,$79,79,$0.47,$0.47,$352,$0,$0,$8533,$208,$2758,$328,$350,$3731,$12264,$10114,$761,$33,$794,$10908,$89,$-182,$-46,$1357,$12264,$38,$10,$15,$25,$8,$0,$0,$0,$10,$72,$-6,$0,$-57,$0,$178,$178,$-78,$37,$16,$-265,$-249,$0,$0,$-8,$185,$-72,$38,$1,$-8
3,2017-12-31,27.91,$16.80,1.66,$6.59,4.23,$6.43,4.34,$0.94,29.69,$8.06B,$9.96B,0.81,$0.63B,$1.30B,0.48,$0.48B,$0.44B,92.89%,$0.48B,$0.19B,39.33%,$0.48B,0,0.00%,$0.48B,0,0.00%,$0.48B,$0.17B,36.19%,$0.48B,$0.07B,14.23%,$0.07B,$1.30B,5.72%,$0.07B,$1.06B,6.76%,$0.07B,$11.92B,0.61%,$0.19B,$1.93B,9.89%,$129,$9,$119,$0,$67,$78,$50,$-7,$42,$54,$-12,$-12,$-12,$0,$0,$73,73,$-0.18,$-0.18,$314,$0,$0,$8056,$209,$2960,$244,$358,$3859,$11915,$9962,$625,$25,$651,$10612,$87,$-210,$-25,$1303,$11915,$68,$27,$101,$129,$-13,$0,$0,$0,$11,$208,$-19,$0,$54,$0,$30,$30,$-110,$-46,$-369,$44,$-325,$0,$0,$-26,$285,$-66,$97,$6,$-26
4,2017-09-30,28.2,$16.63,1.7,$6.41,4.4,$5.63,5.01,$1.48,19.06,$7.45B,$9.26B,0.81,$0.63B,$1.22B,0.52,$0.46B,$0.43B,93.29%,$0.46B,$0.19B,40.04%,$0.46B,0,0.00%,$0.46B,0,0.00%,$0.46B,$0.18B,38.10%,$0.46B,$0.11B,23.16%,$0.11B,$1.22B,9.44%,$0.11B,$1.04B,11.03%,$0.11B,$11.13B,0.99%,$0.19B,$1.85B,9.69%,$119,$9,$110,$0,$62,$73,$47,$-3,$44,$16,$28,$28,$28,$0,$0,$73,73,$0.38,$0.38,$247,$0,$0,$7451,$194,$2868,$183,$304,$3678,$11129,$9255,$630,$23,$653,$9908,$82,$-192,$-11,$1221,$11129,$80,$20,$52,$72,$4,$0,$0,$0,$-5,$147,$-13,$0,$18,$0,$55,$55,$-60,$-0,$-279,$10,$-269,$0,$0,$-19,$170,$-117,$29,$4,$-19
5,2017-06-30,27.37,$15.96,1.71,$6.34,4.32,$4.87,5.61,$1.46,18.74,$7.27B,$8.84B,0.82,$0.84B,$1.13B,0.75,$0.46B,$0.43B,93.63%,$0.46B,$0.18B,40.22%,$0.46B,0,0.00%,$0.46B,0,0.00%,$0.46B,$0.17B,38.24%,$0.46B,$0.11B,23.08%,$0.11B,$1.13B,9.57%,$0.11B,$0.98B,11.15%,$0.11B,$10.84B,0.99%,$0.18B,$1.98B,9.78%,$117,$8,$109,$0,$61,$70,$47,$-2,$45,$17,$28,$28,$28,$0,$0,$72,72,$0.39,$0.39,$233,$0,$0,$7267,$190,$2808,$154,$298,$3570,$10837,$8836,$844,$24,$869,$9705,$79,$-213,$-12,$1133,$10837,$52,$13,$36,$49,$4,$0,$0,$0,$-3,$98,$-12,$0,$0,$0,$9,$9,$-120,$-123,$-40,$-5,$-45,$0,$0,$-12,$98,$41,$16,$3,$-12
6,2017-03-31,27.17,$15.52,1.75,$6.16,4.41,$3.98,6.82,$1.42,19.13,$7.18B,$8.86B,0.81,$0.74B,$1.10B,0.68,$0.44B,$0.42B,93.68%,$0.44B,$0.18B,40.18%,$0.44B,0,0.00%,$0.44B,0,0.00%,$0.44B,$0.17B,38.37%,$0.44B,$0.10B,23.02%,$0.10B,$1.10B,9.45%,$0.10B,$0.95B,11.02%,$0.10B,$10.73B,0.98%,$0.18B,$1.85B,9.53%,$113,$7,$106,$0,$61,$69,$44,$-2,$42,$18,$24,$24,$24,$0,$0,$72,72,$0.33,$0.33,$231,$0,$0,$7179,$189,$2789,$155,$280,$3553,$10732,$8859,$744,$26,$771,$9630,$71,$-234,$-19,$1102,$10732,$24,$6,$20,$26,$18,$0,$0,$0,$13,$63,$-3,$0,$0,$0,$14,$14,$-23,$-12,$-140,$-5,$-145,$0,$0,$-6,$114,$-37,$14,$1,$-6
7,2016-12-31,28.97,$15.17,1.91,$5.96,4.86,$3.13,9.27,$1.40,20.7,$7.13B,$8.72B,0.82,$0.88B,$1.08B,0.82,$0.43B,$0.40B,93.94%,$0.43B,$0.17B,40.33%,$0.43B,0,0.00%,$0.43B,0,0.00%,$0.43B,$0.16B,38.23%,$0.43B,$0.10B,23.31%,$0.10B,$1.08B,9.41%,$0.10B,$0.92B,10.98%,$0.10B,$10.71B,0.98%,$0.17B,$1.96B,9.44%,$113,$7,$106,$0,$58,$66,$47,$-1,$45,$18,$27,$27,$27,$0,$0,$72,72,$0.38,$0.38,$217,$0,$0,$7134,$190,$2786,$156,$288,$3574,$10709,$8721,$884,$28,$912,$9633,$71,$-252,$-26,$1076,$10709,$101,$30,$52,$82,$-45,$0,$0,$0,$-43,$140,$-12,$0,$2,$0,$-56,$-56,$-666,$-732,$266,$-22,$244,$-13,$-23,$-16,$364,$569,$-23,$4,$-16
8,2016-09-30,20.51,$15.23,1.35,$5.92,3.46,$3.01,6.82,$1.27,16.15,$6.95B,$8.56B,0.81,$0.62B,$1.08B,0.58,$0.42B,$0.39B,94.00%,$0.42B,$0.16B,39.33%,$0.42B,0,0.00%,$0.42B,0,0.00%,$0.42B,$0.15B,35.49%,$0.42B,$0.09B,21.82%,$0.09B,$1.08B,8.69%,$0.09B,$0.92B,10.13%,$0.09B,$10.30B,0.92%,$0.16B,$1.70B,9.39%,$112,$6,$105,$0,$59,$67,$45,$-3,$42,$16,$26,$26,$26,$0,$0,$72,72,$0.36,$0.36,$226,$0,$0,$6946,$189,$2585,$157,$264,$3352,$10298,$8561,$624,$33,$657,$9218,$78,$-273,$-0,$1079,$10298,$73,$23,$40,$63,$-49,$0,$0,$0,$-50,$86,$-9,$0,$2,$0,$202,$202,$-444,$-249,$6,$8,$14,$-13,$-23,$-10,$168,$149,$-14,$3,$-10
9,2016-06-30,17.77,$14.90,1.19,$5.71,3.12,$3.40,5.23,$1.18,15.06,$6.49B,$7.94B,0.82,$0.90B,$1.06B,0.85,$0.39B,$0.37B,94.16%,$0.39B,$0.15B,38.83%,$0.39B,0,0.00%,$0.39B,0,0.00%,$0.39B,$0.14B,34.26%,$0.39B,$0.08B,21.07%,$0.08B,$1.06B,8.05%,$0.08B,$0.91B,9.37%,$0.08B,$9.93B,0.86%,$0.15B,$1.96B,9.19%,$105,$6,$98,$0,$56,$63,$42,$-1,$41,$15,$25,$25,$25,$0,$0,$72,72,$0.35,$0.35,$208,$0,$0,$6486,$181,$2704,$146,$253,$3443,$9928,$7935,$899,$35,$934,$8869,$78,$-293,$-4,$1060,$9928,$48,$14,$26,$40,$-60,$0,$0,$0,$-57,$31,$-9,$0,$0,$0,$8,$8,$-311,$-312,$305,$-17,$288,$-4,$-14,$-10,$-16,$248,$-33,$2,$-10
10,2016-03-31,17.88,$14.45,1.24,$5.59,3.2,$3.92,4.56,$1.11,16.11,$6.28B,$8.04B,0.78,$0.67B,$1.03B,0.65,$0.37B,$0.35B,94.35%,$0.37B,$0.14B,38.44%,$0.37B,0,0.00%,$0.37B,0,0.00%,$0.37B,$0.12B,33.06%,$0.37B,$0.08B,20.43%,$0.08B,$1.03B,7.81%,$0.08B,$0.89B,8.84%,$0.08B,$9.78B,0.82%,$0.14B,$1.71B,9.49%,$99,$6,$94,$0,$54,$61,$39,$-3,$36,$14,$22,$22,$22,$0,$0,$72,72,$0.31,$0.31,$183,$0,$0,$6275,$181,$2781,$146,$218,$3506,$9781,$8042,$674,$31,$705,$8748,$78,$-314,$-18,$1034,$9781,$22,$7,$12,$20,$-36,$0,$0,$0,$-39,$3,$-5,$0,$0,$0,$-90,$-90,$-100,$-196,$80,$-17,$63,$0,$-10,$-5,$87,$135,$-58,$1,$-5
11,2015-12-31,18.8,$14.24,1.32,$5.49,3.42,$4.35,4.32,$1.09,17.25,$6.22B,$7.98B,0.78,$0.59B,$1.01B,0.59,$0.35B,$0.33B,94.02%,$0.35B,$0.13B,37.61%,$0.35B,0,0.00%,$0.35B,0,0.00%,$0.35B,$0.12B,32.76%,$0.35B,$0.07B,20.51%,$0.07B,$1.02B,7.95%,$0.07B,$0.87B,8.69%,$0.07B,$9.62B,0.82%,$0.13B,$1.61B,9.66%,$101,$6,$95,$0,$56,$62,$38,$-9,$29,$11,$18,$18,$18,$0,$0,$65,65,$0.25,$0.25,$240,$0,$0,$6217,$178,$2676,$147,$200,$3399,$9616,$7975,$594,$29,$623,$8598,$78,$-331,$-25,$1018,$9616,$72,$23,$44,$66,$-16,$0,$0,$0,$-25,$113,$-5,$0,$35,$0,$-150,$-150,$-281,$-400,$173,$-18,$155,$0,$0,$-15,$194,$335,$48,$4,$-15
12,2015-09-30,19.65,$14.18,1.39,$5.26,3.74,$4.31,4.56,$1.14,17.24,$6.21B,$8.01B,0.78,$0.37B,$1.00B,0.37,$0.33B,$0.31B,93.62%,$0.33B,$0.13B,37.99%,$0.33B,0,0.00%,$0.33B,0,0.00%,$0.33B,$0.12B,34.95%,$0.33B,$0.07B,21.88%,$0.07B,$1.01B,8.61%,$0.07B,$0.87B,9.06%,$0.07B,$9.41B,0.88%,$0.13B,$1.38B,10.01%,$89,$5,$84,$0,$49,$55,$34,$-6,$29,$11,$18,$18,$18,$0,$0,$66,66,$0.27,$0.27,$207,$0,$0,$6209,$193,$2477,$141,$196,$3205,$9414,$8008,$366,$27,$393,$8401,$78,$-345,$-15,$1013,$9414,$53,$17,$30,$46,$-1,$0,$0,$0,$3,$103,$-5,$0,$35,$0,$68,$68,$-323,$-225,$-56,$-16,$-73,$0,$0,$-11,$219,$136,$14,$3,$-11
13,2015-06-30,20.01,$13.19,1.52,$5.18,3.86,$3.86,5.18,$1.16,17.25,$5.35B,$6.89B,0.78,$0.50B,$0.82B,0.61,$0.32B,$0.30B,93.06%,$0.32B,$0.12B,37.54%,$0.32B,0,0.00%,$0.32B,0,0.00%,$0.32B,$0.11B,35.96%,$0.32B,$0.07B,22.71%,$0.07B,$0.83B,9.39%,$0.07B,$0.81B,9.47%,$0.07B,$8.25B,0.93%,$0.12B,$1.33B,9.90%,$83,$5,$78,$0,$46,$51,$32,$-3,$29,$11,$18,$18,$18,$0,$0,$63,63,$0.28,$0.28,$205,$0,$0,$5351,$173,$2344,$20,$162,$2895,$8246,$6888,$499,$32,$531,$7419,$69,$-358,$-17,$827,$8246,$35,$11,$20,$31,$-7,$0,$0,$0,$-10,$56,$-5,$0,$45,$0,$-5,$-5,$-264,$-230,$77,$3,$80,$0,$0,$-6,$112,$186,$12,$2,$-6
14,2015-03-31,18.05,$12.66,1.43,$5.10,3.54,$3.70,4.88,$1.15,15.7,$4.94B,$6.49B,0.76,$0.38B,$0.76B,0.5,$0.31B,$0.29B,92.26%,$0.31B,$0.11B,36.45%,$0.31B,0,0.00%,$0.31B,0,0.00%,$0.31B,$0.11B,35.81%,$0.31B,$0.07B,22.58%,$0.07B,$0.76B,9.45%,$0.07B,$0.76B,9.49%,$0.07B,$7.66B,0.93%,$0.11B,$1.15B,10.02%,$78,$5,$73,$0,$45,$50,$28,$0,$28,$10,$18,$18,$18,$0,$0,$61,61,$0.29,$0.29,$186,$0,$0,$4939,$159,$2221,$0,$142,$2725,$7664,$6487,$384,$29,$413,$6900,$66,$-373,$-11,$764,$7664,$18,$5,$10,$15,$5,$0,$0,$0,$-6,$26,$-2,$0,$0,$0,$3,$3,$-121,$-119,$-16,$-7,$-23,$0,$0,$-3,$111,$86,$-7,$1,$-3
15,2014-12-31,18.06,$12.27,1.47,$5.02,3.6,$3.74,4.82,$1.11,16.27,$4.83B,$6.39B,0.76,$0.40B,$0.74B,0.54,$0.30B,$0.28B,91.78%,$0.30B,$0.11B,35.86%,$0.30B,0,0.00%,$0.30B,0,0.00%,$0.30B,$0.11B,35.20%,$0.30B,$0.07B,22.04%,$0.07B,$0.74B,9.24%,$0.07B,$0.74B,9.27%,$0.07B,$7.57B,0.90%,$0.11B,$1.14B,10.27%,$79,$6,$73,$0,$42,$48,$31,$0,$29,$11,$18,$18,$18,$0,$0,$61,61,$0.30,$0.30,$193,$0,$0,$4827,$159,$2219,$4,$143,$2740,$7567,$6390,$400,$37,$437,$6827,$65,$-388,$-19,$740,$7567,$68,$20,$47,$67,$-20,$0,$0,$0,$-36,$99,$-2,$0,$-31,$0,$105,$105,$-306,$-235,$150,$-52,$98,$1,$-121,$-3,$125,$99,$-36,$4,$-2
16,2014-09-30,15.65,$12.22,1.28,$4.99,3.14,$5.32,2.94,$1.03,15.2,$4.75B,$6.29B,0.76,$0.46B,$0.74B,0.63,$0.30B,$0.28B,91.67%,$0.30B,$0.10B,34.00%,$0.30B,0,0.00%,$0.30B,0,0.00%,$0.30B,$0.10B,34.00%,$0.30B,$0.06B,20.67%,$0.06B,$0.74B,8.38%,$0.06B,$0.73B,8.40%,$0.06B,$7.53B,0.83%,$0.10B,$1.20B,9.82%,$77,$6,$71,$0,$43,$50,$28,$0,$28,$10,$18,$18,$18,$0,$0,$61,61,$0.29,$0.29,$216,$0,$0,$4753,$160,$2244,$4,$140,$2773,$7526,$6293,$460,$36,$496,$6789,$65,$-403,$-18,$736,$7526,$49,$15,$37,$52,$-22,$0,$0,$0,$-39,$63,$-1,$0,$-31,$0,$75,$75,$-205,$-161,$210,$-52,$158,$13,$-109,$-3,$39,$86,$-13,$3,$-2
17,2014-06-30,15.54,$12.01,1.29,$4.99,3.11,$6.97,2.23,$0.95,16.36,$4.61B,$6.28B,0.73,$0.31B,$0.72B,0.42,$0.30B,$0.27B,91.28%,$0.30B,$0.10B,33.22%,$0.30B,0,0.00%,$0.30B,0,0.00%,$0.30B,$0.10B,33.22%,$0.30B,$0.06B,18.79%,$0.06B,$0.72B,7.29%,$0.06B,$0.72B,7.30%,$0.06B,$7.35B,0.76%,$0.10B,$1.03B,10.05%,$76,$7,$69,$0,$43,$50,$26,$0,$26,$10,$16,$16,$16,$0,$0,$61,61,$0.27,$0.27,$240,$0,$0,$4611,$162,$2212,$3,$131,$2741,$7352,$6281,$305,$44,$349,$6630,$65,$-419,$-16,$722,$7352,$32,$10,$25,$35,$-7,$0,$0,$0,$-27,$40,$0,$0,$-31,$0,$121,$121,$-43,$48,$55,$19,$74,$13,$-109,$-3,$-38,$-76,$11,$2,$-2
18,2014-03-31,18.39,$11.71,1.57,$5.08,3.62,$8.07,2.28,$4.58,4.02,$4.52B,$6.41B,0.71,$0.18B,$0.70B,0.26,$0.30B,$0.27B,91.33%,$0.30B,$0.05B,15.33%,$0.30B,0,0.00%,$0.30B,0,0.00%,$0.30B,$0.05B,15.33%,$0.30B,$0.27B,89.00%,$0.27B,$0.70B,33.57%,$0.27B,$0.70B,33.66%,$0.27B,$7.40B,3.65%,$0.05B,$0.88B,4.67%,$72,$6,$66,$0,$42,$48,$24,$0,$24,$9,$15,$15,$15,$0,$0,$60,60,$0.25,$0.25,$213,$0,$0,$4523,$162,$2324,$0,$146,$2875,$7398,$6408,$180,$106,$286,$6695,$64,$-433,$-19,$704,$7398,$15,$5,$13,$18,$6,$0,$0,$0,$-6,$27,$-0,$0,$0,$0,$52,$52,$-30,$22,$-70,$70,$-0,$12,$-109,$-1,$46,$-65,$-16,$1,$0
19,2013-12-31,16.82,$13.39,1.26,$5.16,3.26,$8.52,1.97,$4.48,3.75,$4.51B,$6.30B,0.72,$0.25B,$0.67B,0.37,$0.30B,$0.28B,90.76%,$0.30B,$0.03B,11.22%,$0.30B,0,0.00%,$0.30B,0,0.00%,$0.30B,$0.03B,11.22%,$0.30B,$0.26B,86.14%,$0.26B,$0.80B,34.02%,$0.26B,$0.80B,34.16%,$0.26B,$7.43B,3.64%,$0.03B,$1.05B,3.61%,$75,$6,$69,$0,$44,$50,$24,$0,$24,$8,$16,$16,$13,$0,$0,$59,59,$0.18,$0.18,$229,$0,$0,$4511,$164,$2336,$0,$156,$2914,$7425,$6304,$250,$76,$326,$6630,$63,$-448,$-20,$796,$7425,$273,$26,$-169,$-142,$18,$0,$0,$0,$61,$192,$-4,$0,$0,$0,$-246,$-246,$-233,$-483,$85,$1,$86,$20,$-55,$-11,$249,$269,$-22,$3,$0
20,2013-09-30,14.2,$14.34,0.99,$5.25,2.71,$8.45,1.68,$4.37,3.25,$4.48B,$6.21B,0.72,$0.13B,$0.66B,0.2,$0.31B,$0.28B,90.20%,$0.31B,$0.02B,5.23%,$0.31B,0,0.00%,$0.31B,0,0.00%,$0.31B,$0.02B,5.23%,$0.31B,$0.25B,81.70%,$0.25B,$0.85B,35.04%,$0.25B,$0.85B,35.26%,$0.25B,$7.24B,3.56%,$0.02B,$0.98B,1.84%,$75,$7,$68,$0,$43,$50,$25,$0,$25,$10,$16,$16,$12,$0,$0,$59,59,$0.21,$0.21,$264,$0,$0,$4481,$166,$2177,$4,$145,$2762,$7243,$6212,$130,$49,$179,$6391,$63,$-461,$-24,$852,$7243,$257,$21,$-180,$-160,$33,$0,$0,$0,$65,$162,$-4,$0,$0,$0,$-117,$-117,$-167,$-288,$-35,$1,$-34,$20,$20,$-8,$161,$139,$13,$2,$0
21,2013-06-30,11.77,$14.34,0.82,$5.35,2.2,$8.14,1.45,$4.29,2.74,$4.41B,$6.11B,0.72,$0.20B,$0.63B,0.31,$0.31B,$0.28B,90.00%,$0.31B,$0.00B,0.32%,$0.31B,0,0.00%,$0.31B,0,0.00%,$0.31B,$0.00B,0.32%,$0.31B,$0.25B,79.35%,$0.25B,$0.83B,38.04%,$0.25B,$0.83B,38.33%,$0.25B,$7.16B,3.58%,$0.00B,$1.02B,0.12%,$78,$7,$71,$0,$97,$104,$-27,$0,$-27,$-257,$230,$230,$227,$0,$0,$58,58,$3.90,$3.90,$261,$0,$0,$4407,$167,$2161,$4,$151,$2756,$7163,$6107,$195,$31,$226,$6333,$63,$-474,$-14,$829,$7163,$242,$15,$-193,$-178,$23,$0,$0,$0,$42,$106,$-3,$0,$0,$0,$-93,$-93,$-86,$-182,$30,$2,$32,$0,$0,$-5,$60,$86,$9,$1,$0
22,2013-03-31,10.75,$10.25,1.05,$5.38,2.0,$7.93,1.35,$0.45,23.88,$4.37B,$6.12B,0.72,$0.13B,$0.40B,0.32,$0.31B,$0.28B,89.07%,$0.31B,$0.04B,11.25%,$0.31B,0,0.00%,$0.31B,0,0.00%,$0.31B,$0.04B,11.25%,$0.31B,$0.02B,7.07%,$0.02B,$0.59B,3.77%,$0.02B,$0.59B,3.81%,$0.02B,$6.85B,0.32%,$0.04B,$0.72B,4.61%,$75,$8,$67,$0,$54,$62,$12,$0,$12,$1,$12,$12,$9,$0,$0,$58,58,$0.15,$0.15,$247,$0,$0,$4371,$168,$2141,$5,$164,$2478,$6849,$6118,$125,$15,$140,$6257,$60,$-700,$-23,$592,$6849,$12,$8,$13,$20,$18,$0,$0,$0,$22,$54,$-1,$0,$0,$0,$-59,$-59,$-28,$-88,$-40,$-1,$-41,$0,$0,$-3,$74,$31,$-4,$1,$0
23,2012-12-31,8.95,$10.07,0.89,$5.57,1.61,$7.58,1.18,$0.45,19.88,$4.37B,$6.04B,0.72,$0.17B,$0.39B,0.43,$0.32B,$0.28B,88.47%,$0.32B,$0.04B,10.90%,$0.32B,0,0.00%,$0.32B,0,0.00%,$0.32B,$0.04B,10.90%,$0.32B,$0.02B,6.54%,$0.02B,$0.58B,3.62%,$0.02B,$0.58B,3.66%,$0.02B,$6.80B,0.31%,$0.04B,$0.75B,4.32%,$78,$8,$70,$0,$64,$73,$6,$0,$6,$0,$5,$5,$2,$0,$0,$58,58,$0.04,$0.04,$251,$0,$0,$4367,$169,$2079,$6,$182,$2436,$6802,$6043,$165,$13,$177,$6221,$61,$-709,$-24,$581,$6802,$34,$33,$73,$106,$39,$0,$0,$0,$44,$183,$-3,$0,$0,$0,$15,$15,$-114,$-102,$2,$-54,$-53,$1,$1,$-11,$-146,$-208,$-127,$2,$0
24,2012-09-30,7.95,$10.14,0.78,$6.32,1.26,$8.11,0.98,$0.46,17.28,$4.30B,$5.92B,0.73,$0.17B,$0.39B,0.44,$0.33B,$0.29B,87.16%,$0.33B,$0.04B,10.70%,$0.33B,0,0.00%,$0.33B,0,0.00%,$0.33B,$0.04B,10.70%,$0.33B,$0.03B,7.95%,$0.03B,$0.59B,4.49%,$0.03B,$0.58B,4.55%,$0.03B,$6.70B,0.38%,$0.04B,$0.76B,4.34%,$79,$9,$71,$0,$60,$69,$10,$0,$10,$-0,$11,$11,$8,$0,$0,$58,58,$0.13,$0.13,$222,$0,$0,$4302,$171,$2025,$6,$196,$2398,$6699,$5919,$170,$24,$195,$6114,$58,$-711,$-16,$585,$6699,$29,$24,$55,$80,$34,$0,$0,$0,$31,$139,$-3,$0,$0,$0,$111,$111,$-75,$33,$7,$-54,$-47,$1,$1,$-8,$-275,$-329,$-157,$1,$0
25,2012-06-30,8.12,$9.99,0.81,$6.44,1.26,$7.71,1.05,$0.17,47.77,$4.35B,$5.92B,0.74,$0.25B,$0.38B,0.64,$0.33B,$0.28B,85.03%,$0.33B,$0.01B,3.89%,$0.33B,0,0.00%,$0.33B,0,0.00%,$0.33B,$0.01B,3.89%,$0.33B,$0.00B,1.20%,$0.00B,$0.58B,0.69%,$0.00B,$0.57B,0.70%,$0.00B,$6.74B,0.06%,$0.01B,$0.82B,1.62%,$79,$10,$69,$0,$62,$72,$7,$0,$7,$0,$6,$6,$3,$0,$0,$58,58,$0.06,$0.06,$304,$0,$0,$4350,$172,$1984,$7,$224,$2387,$6737,$5916,$245,$0,$245,$6161,$61,$-719,$-17,$576,$6737,$18,$17,$37,$53,$28,$0,$0,$0,$21,$92,$-2,$0,$0,$0,$126,$126,$-39,$85,$82,$-53,$29,$1,$1,$-5,$-276,$-251,$-74,$1,$0
26,2012-03-31,9.24,$10.06,0.92,$6.64,1.39,$7.69,1.2,$0.19,48.63,$4.49B,$6.14B,0.73,$0.34B,$0.39B,0.87,$0.35B,$0.29B,83.19%,$0.35B,$0.02B,5.51%,$0.35B,0,0.00%,$0.35B,0,0.00%,$0.35B,$0.02B,5.51%,$0.35B,$0.01B,2.90%,$0.01B,$0.58B,1.71%,$0.01B,$0.57B,1.73%,$0.01B,$7.17B,0.14%,$0.02B,$0.92B,2.38%,$85,$11,$74,$0,$61,$73,$12,$0,$12,$0,$12,$12,$8,$0,$0,$58,58,$0.15,$0.15,$428,$0,$0,$4487,$174,$2246,$8,$259,$2687,$7174,$6139,$335,$120,$455,$6594,$61,$-722,$-9,$580,$7174,$12,$7,$18,$25,$-4,$0,$0,$0,$-3,$33,$-2,$0,$0,$0,$-24,$-24,$-32,$-58,$174,$-1,$173,$0,$0,$-3,$-97,$74,$49,$1,$0
27,2011-12-31,6.62,$10.00,0.66,$9.89,0.67,$8.62,0.77,$-7.81,0.0,$4.42B,$6.24B,0.71,$0.16B,$0.38B,0.42,$0.35B,$0.28B,80.98%,$0.35B,$-0.23B,-66.28%,$0.35B,0,0.00%,$0.35B,0,0.00%,$0.35B,$-0.23B,-66.28%,$0.35B,$-0.24B,-68.59%,$-0.24B,$0.58B,-40.56%,$-0.24B,$0.57B,-41.23%,$-0.24B,$6.98B,-3.31%,$-0.23B,$0.74B,-30.03%,$84,$13,$71,$0,$64,$78,$6,$0,$6,$-4,$10,$10,$7,$0,$0,$40,40,$6.93,$7.12,$378,$0,$0,$4418,$175,$2120,$8,$262,$2565,$6983,$6237,$161,$10,$171,$6408,$61,$-731,$-3,$575,$6983,$-227,$21,$321,$343,$39,$0,$0,$0,$36,$152,$-6,$0,$0,$0,$-630,$-630,$273,$-364,$-42,$2,$-41,$363,$363,$-10,$-371,$-59,$-271,$2,$0
28,2011-09-30,8.05,$10.14,0.79,$12.71,0.63,$12.22,0.66,$-8.93,0.0,$4.31B,$6.14B,0.7,$0.16B,$0.39B,0.41,$0.36B,$0.28B,79.21%,$0.36B,$-0.27B,-74.44%,$0.36B,0,0.00%,$0.36B,0,0.00%,$0.36B,$-0.27B,-74.44%,$0.36B,$-0.42B,-118.26%,$-0.42B,$0.58B,-75.15%,$-0.42B,$0.57B,-76.58%,$-0.42B,$6.89B,-5.80%,$-0.27B,$0.74B,-35.31%,$86,$15,$70,$0,$82,$98,$-12,$0,$-12,$-1,$-11,$-11,$-14,$0,$0,$58,58,$-0.25,$-0.25,$299,$0,$0,$4305,$177,$2123,$9,$281,$2589,$6894,$6139,$161,$11,$171,$6311,$61,$-738,$13,$583,$6894,$-237,$15,$300,$315,$44,$0,$0,$0,$41,$119,$-6,$0,$0,$0,$-621,$-621,$307,$-320,$-42,$2,$-40,$363,$363,$-8,$-464,$-149,$-350,$1,$0
29,2011-06-30,10.01,$10.49,0.95,$16.33,0.61,$18.94,0.53,$-21.37,0.0,$4.46B,$6.32B,0.71,$0.19B,$0.41B,0.47,$0.37B,$0.28B,77.38%,$0.37B,$-0.51B,-138.15%,$0.37B,0,0.00%,$0.37B,0,0.00%,$0.37B,$-0.51B,-138.15%,$0.37B,$-0.65B,-176.02%,$-0.65B,$0.60B,-111.38%,$-0.65B,$0.59B,-113.58%,$-0.65B,$7.15B,-8.86%,$-0.51B,$0.79B,-64.88%,$90,$18,$72,$0,$59,$78,$13,$0,$13,$1,$12,$12,$9,$0,$0,$25,58,$0.35,$0.16,$380,$0,$0,$4457,$178,$2188,$10,$319,$2696,$7152,$6323,$191,$36,$226,$6550,$61,$-723,$19,$603,$7152,$-225,$9,$262,$272,$46,$0,$0,$0,$47,$93,$-5,$0,$0,$0,$-656,$-656,$236,$-424,$-12,$3,$-9,$362,$362,$-5,$-286,$62,$-269,$1,$0
30,2011-03-31,11.04,$28.04,0.39,$19.99,0.55,$21.51,0.51,$-24.75,0.0,$5.28B,$6.74B,0.78,$0.21B,$0.05B,4.45,$0.38B,$0.29B,75.80%,$0.38B,$-0.61B,-162.77%,$0.38B,0,0.00%,$0.38B,0,0.00%,$0.38B,$-0.61B,-162.77%,$0.38B,$-0.72B,-190.69%,$-0.72B,$0.59B,-109.42%,$-0.72B,$0.58B,-121.37%,$-0.72B,$7.71B,-9.67%,$-0.61B,$0.79B,-70.10%,$87,$20,$68,$0,$305,$325,$-237,$0,$-237,$-0,$-237,$-237,$-240,$0,$0,$18,18,$-13.00,$-13.00,$1090,$0,$0,$5279,$179,$1884,$11,$357,$2431,$7709,$6741,$205,$178,$383,$7123,$25,$-732,$15,$586,$7709,$-237,$5,$251,$256,$6,$0,$0,$0,$12,$31,$-3,$0,$0,$0,$-219,$-219,$139,$-83,$0,$1,$1,$363,$363,$0,$129,$493,$440,$1,$0
31,2010-12-31,9.24,$24.74,0.37,$20.61,0.45,$22.25,0.42,$-18.80,0.0,$5.14B,$6.60B,0.78,$0.21B,$0.29B,0.7,$0.39B,$0.29B,74.10%,$0.39B,$-0.43B,-110.77%,$0.39B,0,0.00%,$0.39B,0,0.00%,$0.39B,$-0.43B,-110.77%,$0.39B,$-0.51B,-131.54%,$-0.51B,$0.47B,-69.30%,$-0.51B,$0.46B,-82.41%,$-0.51B,$7.28B,-6.89%,$-0.43B,$0.67B,-44.41%,$93,$21,$72,$0,$100,$122,$-29,$0,$-29,$144,$-173,$-173,$-176,$0,$0,$19,19,$-9.28,$-9.28,$649,$0,$0,$5139,$178,$1490,$11,$457,$2137,$7276,$6602,$205,$0,$205,$6808,$23,$-492,$21,$469,$7276,$-502,$227,$387,$614,$20,$0,$0,$0,$12,$123,$14,$0,$3,$0,$30,$30,$327,$373,$-61,$-0,$-62,$2,$2,$-9,$-155,$-224,$273,$2,$0
32,2010-09-30,10.61,$35.08,0.3,$24.90,0.43,$25.40,0.42,$-20.05,0.0,$4.91B,$6.15B,0.8,$0.21B,$0.49B,0.42,$0.41B,$0.30B,72.30%,$0.41B,$-0.48B,-116.42%,$0.41B,0,0.00%,$0.41B,0,0.00%,$0.41B,$-0.48B,-116.42%,$0.41B,$-0.38B,-92.89%,$-0.38B,$0.66B,-43.89%,$-0.38B,$0.65B,-54.73%,$-0.38B,$7.01B,-4.97%,$-0.48B,$0.87B,-42.75%,$97,$24,$72,$0,$115,$350,$-254,$0,$-254,$-17,$-236,$-236,$-239,$0,$0,$19,19,$-12.62,$-12.62,$277,$0,$0,$4907,$179,$1310,$12,$458,$2106,$7013,$6145,$205,$0,$205,$6351,$23,$-317,$40,$662,$7013,$-329,$223,$265,$488,$-8,$0,$0,$0,$-10,$149,$16,$0,$3,$0,$222,$222,$201,$442,$-61,$2,$-59,$1,$1,$-7,$-625,$-690,$-99,$2,$0
33,2010-06-30,18.72,$47.96,0.39,$31.25,0.6,$31.56,0.59,$-14.60,0.0,$5.12B,$6.47B,0.79,$0.25B,$0.73B,0.35,$0.43B,$0.30B,70.35%,$0.43B,$-0.32B,-74.59%,$0.43B,0,0.00%,$0.43B,0,0.00%,$0.43B,$-0.32B,-74.59%,$0.43B,$-0.21B,-49.65%,$-0.21B,$0.90B,-22.22%,$-0.21B,$0.68B,-29.09%,$-0.21B,$7.65B,-2.64%,$-0.32B,$1.16B,-25.12%,$99,$26,$73,$0,$164,$191,$-92,$0,$-92,$-33,$-60,$-60,$-62,$0,$0,$19,19,$-3.29,$-3.29,$368,$0,$0,$5120,$180,$1488,$224,$530,$2533,$7652,$6473,$254,$21,$275,$6748,$19,$-78,$45,$904,$7652,$-93,$8,$200,$208,$-48,$0,$0,$0,$-55,$61,$17,$0,$0,$0,$67,$67,$154,$238,$-10,$3,$-7,$1,$1,$-5,$-296,$-307,$-8,$1,$0
34,2010-03-31,20.89,$49.16,0.43,$38.83,0.54,$35.66,0.59,$-13.19,0.0,$5.26B,$6.63B,0.79,$0.26B,$0.75B,0.35,$0.45B,$0.31B,68.51%,$0.45B,$-0.26B,-56.76%,$0.45B,0,0.00%,$0.45B,0,0.00%,$0.45B,$-0.26B,-56.76%,$0.45B,$-0.17B,-37.25%,$-0.17B,$0.93B,-17.92%,$-0.17B,$0.70B,-23.80%,$-0.17B,$7.84B,-2.05%,$-0.26B,$1.19B,-19.78%,$101,$29,$72,$0,$129,$158,$-57,$0,$-57,$-23,$-34,$-34,$-36,$0,$0,$19,19,$-1.90,$-1.90,$389,$0,$0,$5259,$181,$1527,$224,$553,$2578,$7837,$6629,$264,$18,$282,$6911,$94,$-15,$45,$926,$7837,$-33,$4,$82,$86,$-3,$0,$0,$0,$-8,$44,$-2,$0,$0,$0,$22,$22,$88,$108,$0,$1,$1,$1,$1,$-2,$-139,$-140,$12,$1,$0
35,2009-12-31,16.06,$51.16,0.31,$45.37,0.35,$38.55,0.42,$-22.12,0.0,$5.44B,$6.77B,0.8,$0.27B,$0.79B,0.34,$0.47B,$0.31B,65.81%,$0.47B,$-0.32B,-68.82%,$0.47B,0,0.00%,$0.47B,0,0.00%,$0.47B,$-0.32B,-68.82%,$0.47B,$-0.24B,-51.18%,$-0.24B,$0.96B,-25.64%,$-0.24B,$0.74B,-34.51%,$-0.24B,$8.00B,-2.88%,$-0.32B,$1.23B,-24.21%,$111,$34,$78,$0,$149,$184,$-72,$0,$-72,$-32,$-40,$-40,$-42,$0,$0,$12,12,$0.29,$0.29,$376,$0,$0,$5436,$182,$1530,$225,$626,$2564,$8000,$6773,$265,$0,$265,$7038,$94,$20,$48,$962,$8000,$-228,$110,$294,$403,$-52,$0,$0,$0,$-35,$140,$-14,$0,$64,$0,$137,$137,$217,$404,$-173,$-10,$-183,$213,$213,$-9,$-682,$-661,$-117,$4,$0
36,2009-09-30,23.69,$53.60,0.44,$47.92,0.49,$39.83,0.59,$-24.71,0.0,$5.94B,$6.97B,0.85,$0.47B,$0.83B,0.56,$0.47B,$0.28B,60.73%,$0.47B,$-0.32B,-69.53%,$0.47B,0,0.00%,$0.47B,0,0.00%,$0.47B,$-0.32B,-69.53%,$0.47B,$-0.24B,-52.15%,$-0.24B,$1.01B,-25.99%,$-0.24B,$0.78B,-36.13%,$-0.24B,$8.44B,-2.89%,$-0.32B,$1.47B,-23.84%,$114,$38,$76,$0,$146,$210,$-96,$0,$-96,$-27,$-69,$-69,$-71,$0,$0,$10,10,$-7.15,$-7.15,$672,$0,$0,$5940,$179,$1533,$226,$565,$2503,$8444,$6972,$465,$0,$465,$7437,$94,$63,$52,$1007,$8444,$-188,$106,$219,$325,$-1,$0,$0,$0,$20,$157,$-9,$0,$64,$0,$132,$132,$101,$288,$27,$-9,$18,$212,$212,$-6,$-490,$-266,$178,$3,$0
37,2009-06-30,28.16,$87.39,0.32,$49.65,0.57,$36.31,0.78,$-21.63,0.0,$5.63B,$7.19B,0.78,$0.43B,$0.68B,0.64,$0.48B,$0.28B,58.28%,$0.48B,$-0.29B,-60.80%,$0.48B,0,0.00%,$0.48B,0,0.00%,$0.48B,$-0.29B,-60.80%,$0.48B,$-0.21B,-44.44%,$-0.21B,$0.86B,-23.89%,$-0.21B,$0.60B,-35.29%,$-0.21B,$8.48B,-2.54%,$-0.29B,$1.29B,-22.29%,$125,$42,$83,$0,$113,$156,$-31,$0,$-31,$-15,$-16,$-16,$-19,$0,$0,$10,10,$-1.90,$-1.90,$181,$0,$0,$5632,$179,$1817,$252,$597,$2845,$8477,$7189,$433,$0,$433,$7622,$49,$137,$42,$855,$8477,$-120,$77,$120,$197,$-43,$0,$0,$0,$8,$86,$-6,$0,$64,$0,$-170,$-170,$43,$-68,$-5,$141,$136,$1,$1,$-4,$-463,$-330,$-312,$2,$0
38,2009-03-31,19.41,$91.66,0.21,$50.66,0.38,$34.41,0.56,$-19.02,0.0,$5.71B,$6.87B,0.83,$0.41B,$0.72B,0.58,$0.48B,$0.27B,56.11%,$0.48B,$-0.25B,-51.35%,$0.48B,0,0.00%,$0.48B,0,0.00%,$0.48B,$-0.25B,-51.35%,$0.48B,$-0.19B,-38.51%,$-0.19B,$0.89B,-21.06%,$-0.19B,$0.64B,-32.14%,$-0.19B,$8.17B,-2.24%,$-0.25B,$1.30B,-19.27%,$115,$46,$69,$0,$119,$236,$-121,$0,$-121,$-17,$-104,$-104,$-106,$0,$0,$10,10,$-11.00,$-11.00,$134,$0,$0,$5712,$179,$1719,$251,$311,$2460,$8172,$6872,$411,$0,$411,$7283,$49,$158,$59,$889,$8172,$-104,$74,$67,$141,$6,$0,$0,$0,$15,$52,$-3,$0,$0,$0,$-109,$-109,$13,$-99,$25,$50,$75,$1,$1,$-2,$-386,$-312,$-359,$1,$0
39,2008-12-31,62.88,$101.62,0.62,$53.63,1.17,$32.08,1.96,$-6.55,0.0,$6.14B,$7.22B,0.85,$0.39B,$0.82B,0.47,$0.51B,$0.28B,55.19%,$0.51B,$-0.10B,-19.96%,$0.51B,0,0.00%,$0.51B,0,0.00%,$0.51B,$-0.10B,-19.96%,$0.51B,$-0.06B,-12.52%,$-0.06B,$0.99B,-7.28%,$-0.06B,$0.67B,-11.51%,$-0.06B,$8.59B,-0.77%,$-0.10B,$1.38B,-7.50%,$112,$57,$55,$0,$130,$188,$-76,$0,$-76,$-29,$-47,$-47,$-47,$0,$0,$9,9,$-4.97,$-4.97,$493,$0,$0,$6142,$179,$1617,$322,$331,$2450,$8592,$7216,$386,$0,$386,$7603,$49,$265,$55,$989,$8592,$-63,$15,$188,$203,$8,$0,$0,$0,$-18,$121,$-11,$0,$0,$0,$-193,$-193,$31,$-173,$-286,$-488,$-774,$4,$184,$-13,$928,$326,$274,$4,$-13
40,2008-09-30,60.93,$85.81,0.71,$58.64,1.04,$28.08,2.17,$-1.28,0.0,$5.95B,$6.87B,0.87,$0.42B,$0.82B,0.52,$0.56B,$0.31B,56.22%,$0.56B,$-0.01B,-2.16%,$0.56B,0,0.00%,$0.56B,0,0.00%,$0.56B,$-0.02B,-3.42%,$0.56B,$-0.01B,-2.34%,$-0.01B,$0.82B,-1.55%,$-0.01B,$0.49B,-2.52%,$-0.01B,$8.11B,-0.16%,$-0.01B,$1.24B,-0.87%,$125,$54,$71,$0,$132,$187,$-62,$0,$-62,$-22,$-40,$-40,$-40,$0,$0,$9,9,$-4.20,$-4.20,$167,$0,$0,$5951,$180,$1401,$323,$260,$2163,$8114,$6874,$423,$0,$423,$7297,$49,$318,$17,$817,$8114,$-17,$11,$112,$123,$-29,$0,$0,$0,$10,$116,$-8,$0,$0,$0,$-38,$-38,$-4,$-50,$-204,$-519,$-723,$4,$4,$-13,$613,$-118,$-53,$3,$-13
41,2008-06-30,38.9,$88.28,0.44,$61.30,0.63,$22.71,1.71,$5.00,7.78,$6.11B,$7.03B,0.87,$0.39B,$0.84B,0.47,$0.59B,$0.33B,55.59%,$0.59B,$0.09B,14.41%,$0.59B,0,0.00%,$0.59B,0,0.00%,$0.59B,$0.08B,13.22%,$0.59B,$0.05B,8.47%,$0.05B,$0.84B,5.93%,$0.05B,$0.52B,9.63%,$0.05B,$8.26B,0.61%,$0.09B,$1.23B,5.92%,$131,$55,$76,$0,$65,$120,$11,$0,$11,$4,$7,$7,$7,$0,$0,$10,10,$0.74,$0.74,$189,$0,$0,$6108,$181,$1431,$323,$220,$2156,$8264,$7032,$394,$0,$394,$7426,$49,$362,$0,$838,$8264,$23,$7,$25,$32,$-14,$0,$0,$0,$12,$67,$-7,$0,$0,$0,$-87,$-87,$-34,$-129,$-234,$-350,$-584,$2,$2,$-8,$621,$31,$-31,$2,$-8
42,2008-03-31,76.75,$91.29,0.84,$63.51,1.21,$19.27,3.98,$5.53,13.88,$6.15B,$6.79B,0.91,$0.72B,$0.87B,0.83,$0.61B,$0.34B,54.99%,$0.61B,$0.09B,15.06%,$0.61B,0,0.00%,$0.61B,0,0.00%,$0.61B,$0.09B,13.91%,$0.61B,$0.06B,9.00%,$0.06B,$0.87B,6.54%,$0.06B,$0.55B,10.66%,$0.06B,$8.39B,0.67%,$0.09B,$1.60B,6.18%,$143,$63,$80,$0,$54,$118,$25,$0,$25,$9,$16,$16,$16,$0,$0,$10,10,$1.67,$1.67,$183,$0,$0,$6149,$181,$1508,$324,$224,$2237,$8386,$6791,$723,$0,$723,$7515,$49,$359,$39,$871,$8386,$16,$4,$9,$12,$7,$0,$0,$0,$2,$30,$-3,$0,$0,$0,$-96,$-96,$-53,$-153,$53,$-64,$-11,$1,$1,$-4,$100,$86,$-37,$1,$-4
43,2007-12-31,71.0,$83.41,0.85,$64.31,1.1,$19.19,3.7,$6.01,11.81,$6.15B,$6.75B,0.91,$0.63B,$0.83B,0.76,$0.61B,$0.34B,54.83%,$0.61B,$0.10B,15.88%,$0.61B,0,0.00%,$0.61B,0,0.00%,$0.61B,$0.09B,14.73%,$0.61B,$0.06B,9.49%,$0.06B,$0.83B,7.41%,$0.06B,$0.51B,11.66%,$0.06B,$8.21B,0.73%,$0.10B,$1.46B,6.96%,$156,$71,$85,$0,$70,$142,$14,$0,$7,$2,$4,$4,$4,$0,$0,$9,9,$0.70,$0.60,$220,$0,$0,$6150,$180,$1357,$325,$195,$2057,$8207,$6748,$628,$0,$628,$7375,$49,$347,$14,$832,$8207,$58,$14,$46,$60,$23,$0,$0,$0,$-13,$105,$-34,$0,$-4,$0,$-179,$-179,$-141,$-358,$55,$567,$622,$-40,$-40,$-16,$-265,$301,$48,$4,$-16
44,2007-09-30,109.62,$85.04,1.29,$63.53,1.73,$14.06,7.79,$7.70,14.23,$6.19B,$6.72B,0.92,$0.63B,$0.83B,0.75,$0.59B,$0.33B,54.99%,$0.59B,$0.11B,19.29%,$0.59B,0,0.00%,$0.59B,0,0.00%,$0.59B,$0.11B,18.95%,$0.59B,$0.07B,12.18%,$0.07B,$0.83B,9.87%,$0.07B,$0.51B,14.91%,$0.07B,$8.18B,0.94%,$0.11B,$1.46B,8.54%,$160,$73,$87,$0,$51,$125,$35,$0,$35,$12,$23,$23,$23,$0,$0,$10,10,$2.28,$2.23,$238,$0,$0,$6191,$175,$1297,$326,$191,$1989,$8181,$6719,$627,$0,$627,$7347,$49,$347,$4,$834,$8181,$54,$11,$27,$38,$3,$0,$0,$0,$-6,$86,$-26,$0,$-4,$0,$-129,$-129,$-122,$-281,$14,$473,$487,$-27,$-27,$-12,$-186,$262,$67,$3,$-12
45,2007-06-30,115.31,$85.07,1.36,$62.54,1.84,$11.85,9.73,$7.51,15.36,$6.20B,$6.65B,0.93,$0.61B,$0.83B,0.74,$0.56B,$0.31B,55.64%,$0.56B,$0.11B,18.96%,$0.56B,0,0.00%,$0.56B,0,0.00%,$0.56B,$0.10B,18.60%,$0.56B,$0.07B,11.81%,$0.07B,$0.83B,10.11%,$0.07B,$0.50B,14.43%,$0.07B,$8.09B,0.92%,$0.11B,$1.44B,8.61%,$152,$68,$84,$0,$66,$135,$18,$0,$18,$6,$12,$12,$12,$0,$0,$9,10,$1.25,$1.25,$194,$0,$0,$6196,$171,$1214,$326,$180,$1892,$8088,$6647,$612,$0,$612,$7259,$49,$329,$-13,$829,$8088,$31,$7,$23,$30,$-1,$0,$0,$0,$-14,$47,$-20,$0,$-4,$0,$-69,$-69,$-156,$-249,$-1,$209,$208,$4,$4,$-7,$21,$225,$23,$2,$-7
46,2007-03-31,145.56,$71.38,2.04,$60.42,2.41,$9.73,14.96,$8.23,17.69,$5.61B,$5.97B,0.94,$0.58B,$0.64B,0.91,$0.53B,$0.30B,56.46%,$0.53B,$0.12B,21.86%,$0.53B,0,0.00%,$0.53B,0,0.00%,$0.53B,$0.11B,21.48%,$0.53B,$0.07B,13.50%,$0.07B,$0.64B,12.47%,$0.07B,$0.47B,16.64%,$0.07B,$7.19B,1.05%,$0.12B,$1.22B,10.10%,$143,$64,$79,$0,$48,$112,$30,$0,$30,$11,$19,$19,$19,$0,$0,$9,9,$2.07,$2.12,$182,$0,$0,$5608,$150,$1150,$166,$112,$1579,$7187,$5971,$577,$0,$577,$6548,$43,$322,$-1,$638,$7187,$19,$3,$4,$7,$3,$0,$0,$0,$11,$38,$-13,$0,$0,$0,$-40,$-40,$-28,$-81,$-25,$11,$-14,$2,$2,$-3,$69,$54,$11,$1,$-3
47,2006-12-31,143.09,$69.24,2.07,$57.65,2.48,$8.99,15.91,$7.99,17.91,$5.58B,$5.88B,0.95,$0.60B,$0.62B,0.98,$0.49B,$0.29B,57.81%,$0.49B,$0.11B,22.31%,$0.49B,0,0.00%,$0.49B,0,0.00%,$0.49B,$0.11B,21.91%,$0.49B,$0.07B,13.79%,$0.07B,$0.62B,12.80%,$0.07B,$0.45B,16.98%,$0.07B,$7.10B,1.05%,$0.11B,$1.22B,9.90%,$136,$61,$75,$0,$44,$105,$31,$0,$29,$11,$18,$18,$18,$0,$0,$8,9,$2.29,$2.24,$171,$0,$0,$5575,$140,$1107,$167,$112,$1526,$7101,$5882,$602,$0,$602,$6484,$43,$306,$-4,$617,$7101,$69,$15,$15,$30,$-42,$0,$0,$0,$-48,$51,$-30,$0,$74,$0,$-66,$-66,$-711,$-733,$-150,$-68,$-218,$6,$6,$-13,$935,$710,$29,$3,$-12
