,Date,Stock Price,Book Value per Share,Price to Book Ratio,TTM Sales per Share,Price to Sales Ratio,TTM FCF per Share,Price to FCF Ratio,TTM Net EPS,PE Ratio,Current Assets,Current Liabilities,Current Ratio,Long Term Debt,Shareholder's Equity_x,Debt to Equity Ratio,TTM Revenue_x,TTM Gross Profit,Gross Margin,TTM Revenue_y,TTM Operating Income,Operating Margin,TTM Revenue_x,TTM EBIT,EBIT Margin,TTM Revenue_y,TTM EBITDA,EBITDA Margin,TTM Revenue_x,TTM Pre-Tax Income,Pre-Tax Margin,TTM Revenue_y,TTM Net Income_x,Net Margin,TTM Net Income_y,Shareholder's Equity_y,Return on Equity,TTM Net Income_x,Tangible Equity,Return on Tangible Equity,TTM Net Income_y,Total Assets,Return on Assets,TTM Net Income,LT Investments & Debt,Return on Investment,revenue,cost-goods-sold,gross-profit,research-development-expenses,selling-general-administrative-expenses,operating-expenses,operating-income,total-non-operating-income-expense,pre-tax-income,total-provision-income-taxes,income-after-taxes,income-from-continuous-operations,net-income,ebitda,ebit,basic-shares-outstanding,shares-outstanding,eps-basic-net-earnings-per-share,eps-earnings-per-share-diluted,cash-on-hand,inventory,other-current-assets,total-current-assets,net-property-plant-equipment,long-term-investments,goodwill-intangible-assets-total,other-long-term-assets,total-long-term-assets,total-assets,total-current-liabilities,long-term-debt,other-non-current-liabilities,total-long-term-liabilities,total-liabilities,common-stock-net,retained-earnings-accumulated-deficit,comprehensive-income,total-share-holder-equity,total-liabilities-share-holders-equity,net-income-loss,total-depreciation-amortization-cash-flow,other-non-cash-items,total-non-cash-items,change-in-accounts-receivable,change-in-inventories,change-in-accounts-payable,change-in-assets-liabilities,total-change-in-assets-liabilities,cash-flow-from-operating-activities,net-change-in-property-plant-equipment,net-change-in-intangible-assets,net-acquisitions-divestitures,net-change-in-short-term-investments,net-change-in-long-term-investments,net-change-in-investments-total,investing-activities-other,cash-flow-from-investing-activities,net-long-term-debt,net-current-debt,debt-issuance-retirement-net-total,net-common-equity-issued-repurchased,net-total-equity-issued-repurchased,total-common-preferred-stock-dividends-paid,financial-activities-other,cash-flow-from-financial-activities,net-cash-flow,stock-based-compensation,common-stock-dividends-paid
0,2018-09-30,12.55,$11.45,1.1,$29.05,0.43,$0.38,33.45,$1.74,7.21,$0.49B,$0.18B,2.76,$0.33B,$0.45B,0.74,$1.09B,$0.17B,15.99%,$1.09B,$0.07B,6.71%,$1.09B,$0.07B,6.71%,$1.09B,$0.09B,7.81%,$1.09B,$0.07B,6.34%,$1.09B,$0.06B,5.42%,$0.06B,$0.45B,14.69%,$0.06B,$0.09B,26.11%,$0.06B,$0.99B,8.21%,$0.07B,$0.78B,14.77%,$234,$199,$35,$3,$31,$233,$1,$-3,$-2,$5,$-6,$-6,$-6,$6,$1,$39,39,$-0.15,$-0.15,$160,$199,$0,$485,$134,$0,$355,$8,$502,$987,$176,$331,$23,$364,$540,$0,$151,$-0,$447,$987,$37,$11,$8,$19,$14,$38,$-87,$-7,$-41,$15,$-16,$0,$-290,$0,$0,$0,$0,$-306,$304,$0,$304,$94,$94,$0,$-15,$383,$92,$7,$0
1,2018-06-30,16.6,$11.29,1.47,$30.10,0.55,$1.11,14.95,$2.31,7.19,$0.48B,$0.19B,2.56,$0.00B,$0.44B,0.0,$1.10B,$0.18B,16.59%,$1.10B,$0.10B,8.66%,$1.10B,$0.10B,8.66%,$1.10B,$0.11B,9.57%,$1.10B,$0.09B,8.57%,$1.10B,$0.09B,7.75%,$0.09B,$0.44B,23.68%,$0.09B,$0.33B,35.05%,$0.09B,$0.64B,14.23%,$0.10B,$0.44B,25.05%,$290,$244,$46,$3,$20,$268,$23,$-1,$22,$3,$19,$19,$19,$25,$23,$39,39,$0.49,$0.48,$141,$229,$0,$483,$39,$0,$115,$2,$160,$644,$189,$0,$0,$16,$204,$0,$157,$0,$439,$644,$44,$5,$5,$10,$-9,$8,$-59,$0,$-66,$-12,$-10,$0,$0,$0,$0,$0,$0,$-10,$3,$0,$3,$94,$94,$0,$-3,$95,$73,$5,$0
2,2018-03-31,19.25,$10.83,1.78,$29.42,0.65,$2.09,9.23,$2.42,7.95,$0.52B,$0.25B,2.12,$0.00B,$0.42B,0.0,$1.04B,$0.18B,17.29%,$1.04B,$0.10B,9.28%,$1.04B,$0.10B,9.28%,$1.04B,$0.11B,10.34%,$1.04B,$0.10B,9.18%,$1.04B,$0.09B,8.31%,$0.09B,$0.42B,27.48%,$0.09B,$0.30B,44.10%,$0.09B,$0.68B,15.64%,$0.10B,$0.42B,27.89%,$315,$266,$49,$3,$19,$288,$27,$0,$27,$2,$25,$25,$25,$29,$27,$37,37,$0.67,$0.66,$162,$262,$0,$521,$37,$0,$116,$2,$160,$681,$245,$0,$0,$16,$261,$0,$138,$1,$420,$681,$25,$2,$2,$4,$7,$-25,$-4,$0,$-24,$5,$-6,$0,$0,$0,$0,$0,$0,$-6,$2,$0,$2,$94,$94,$0,$-2,$95,$94,$3,$0
3,2017-12-31,23.09,$8.92,2.59,$27.06,0.85,$2.30,10.06,$2.18,10.59,$0.41B,$0.21B,1.97,$0.04B,$0.30B,0.13,$0.93B,$0.17B,18.05%,$0.93B,$0.09B,9.62%,$0.93B,$0.09B,9.62%,$0.93B,$0.10B,10.81%,$0.93B,$0.09B,9.41%,$0.93B,$0.08B,8.11%,$0.08B,$0.30B,28.20%,$0.08B,$0.18B,51.11%,$0.08B,$0.56B,15.46%,$0.09B,$0.34B,28.78%,$249,$205,$44,$3,$19,$227,$22,$-0,$22,$1,$21,$21,$21,$25,$22,$33,34,$0.63,$0.61,$68,$237,$0,$407,$32,$0,$117,$2,$156,$563,$207,$40,$6,$56,$263,$0,$113,$2,$300,$563,$75,$11,$4,$15,$-15,$-132,$100,$-5,$-41,$49,$-16,$0,$0,$0,$0,$0,$0,$-16,$-16,$0,$-16,$2,$2,$0,$-3,$-17,$16,$8,$0
4,2017-09-30,30.62,$8.23,3.72,$25.07,1.22,$1.65,18.54,$1.88,16.29,$0.35B,$0.17B,2.06,$0.04B,$0.28B,0.15,$0.85B,$0.15B,17.98%,$0.85B,$0.08B,9.40%,$0.85B,$0.08B,9.40%,$0.85B,$0.09B,10.69%,$0.85B,$0.08B,9.05%,$0.85B,$0.06B,7.52%,$0.06B,$0.28B,26.12%,$0.06B,$0.16B,51.41%,$0.06B,$0.50B,14.55%,$0.08B,$0.32B,27.49%,$243,$200,$43,$3,$17,$219,$23,$-0,$23,$4,$20,$20,$20,$26,$23,$34,34,$0.59,$0.57,$66,$165,$0,$350,$29,$0,$119,$2,$150,$501,$170,$42,$0,$54,$224,$0,$92,$2,$277,$501,$54,$8,$5,$12,$-32,$-60,$58,$-3,$-29,$38,$-13,$0,$0,$0,$0,$0,$0,$-13,$-11,$0,$-11,$2,$2,$0,$-2,$-12,$13,$5,$0
5,2017-06-30,18.75,$7.59,2.47,$22.42,0.84,$1.04,18.01,$1.39,13.49,$0.31B,$0.14B,2.16,$0.05B,$0.26B,0.18,$0.75B,$0.13B,17.64%,$0.75B,$0.06B,8.49%,$0.75B,$0.06B,8.49%,$0.75B,$0.08B,9.95%,$0.75B,$0.06B,7.82%,$0.75B,$0.05B,6.23%,$0.05B,$0.26B,20.70%,$0.05B,$0.14B,44.66%,$0.05B,$0.45B,11.68%,$0.06B,$0.30B,23.17%,$228,$185,$43,$3,$16,$204,$24,$-1,$23,$3,$20,$20,$20,$27,$24,$33,34,$0.60,$0.59,$59,$140,$0,$308,$23,$0,$120,$2,$146,$454,$142,$45,$0,$57,$199,$0,$73,$1,$255,$454,$35,$5,$3,$8,$-27,$-35,$31,$1,$-23,$20,$-6,$0,$0,$0,$0,$0,$0,$-6,$-7,$0,$-7,$2,$2,$0,$-2,$-8,$7,$3,$0
6,2017-03-31,16.87,$6.93,2.43,$19.68,0.86,$0.62,27.29,$0.82,20.57,$0.28B,$0.13B,2.13,$0.05B,$0.23B,0.21,$0.66B,$0.11B,16.62%,$0.66B,$0.04B,6.71%,$0.66B,$0.04B,6.71%,$0.66B,$0.06B,8.38%,$0.66B,$0.04B,5.95%,$0.66B,$0.03B,4.27%,$0.03B,$0.23B,13.13%,$0.03B,$0.11B,31.02%,$0.03B,$0.42B,7.40%,$0.04B,$0.28B,16.56%,$205,$167,$37,$3,$15,$185,$20,$-1,$19,$4,$14,$14,$14,$22,$20,$33,34,$0.43,$0.42,$55,$123,$0,$279,$21,$0,$121,$1,$144,$423,$131,$48,$0,$60,$192,$0,$52,$-0,$232,$423,$14,$2,$2,$4,$-20,$-19,$24,$1,$-9,$9,$-3,$0,$0,$0,$0,$0,$0,$-3,$-4,$0,$-4,$1,$1,$0,$-2,$-4,$2,$1,$0
7,2016-12-31,9.7,$6.56,1.48,$17.11,0.57,$0.36,26.83,$0.30,32.33,$0.24B,$0.10B,2.35,$0.05B,$0.22B,0.24,$0.56B,$0.09B,15.45%,$0.56B,$0.02B,4.09%,$0.56B,$0.02B,4.09%,$0.56B,$0.04B,6.22%,$0.56B,$0.02B,3.20%,$0.56B,$0.01B,1.95%,$0.01B,$0.22B,5.37%,$0.01B,$0.09B,13.66%,$0.01B,$0.38B,3.06%,$0.02B,$0.27B,8.84%,$175,$145,$30,$3,$14,$162,$13,$-0,$12,$3,$10,$10,$10,$16,$13,$33,33,$0.31,$0.30,$52,$104,$0,$237,$19,$0,$122,$1,$143,$381,$101,$51,$0,$64,$165,$0,$38,$-0,$216,$381,$10,$12,$12,$23,$-16,$-32,$32,$-2,$-16,$18,$-7,$0,$0,$0,$0,$0,$0,$-7,$-8,$0,$-8,$1,$1,$0,$-1,$-8,$2,$6,$0
8,2016-09-30,7.41,$6.23,1.19,$15.12,0.49,$-0.24,0.0,$-0.49,0.0,$0.21B,$0.09B,2.46,$0.05B,$0.21B,0.26,$0.49B,$0.07B,14.26%,$0.49B,$0.01B,1.43%,$0.49B,$0.01B,1.43%,$0.49B,$0.02B,3.87%,$0.49B,$0.00B,0.61%,$0.49B,$-0.02B,-3.05%,$-0.02B,$0.21B,-7.46%,$-0.02B,$0.08B,-19.93%,$-0.02B,$0.35B,-4.31%,$0.01B,$0.26B,2.70%,$146,$123,$23,$2,$14,$139,$7,$-1,$5,$3,$3,$3,$3,$10,$7,$33,33,$0.08,$0.08,$47,$89,$0,$209,$19,$0,$124,$1,$143,$352,$85,$54,$0,$62,$147,$0,$28,$0,$205,$352,$0,$9,$7,$16,$-7,$-16,$12,$3,$-7,$9,$-5,$0,$0,$0,$0,$0,$0,$-5,$-6,$0,$-6,$1,$1,$0,$-1,$-7,$-3,$4,$0
9,2016-06-30,5.69,$6.13,0.93,$14.53,0.39,$-0.38,0.0,$-0.52,0.0,$0.21B,$0.09B,2.31,$0.06B,$0.20B,0.28,$0.47B,$0.07B,14.10%,$0.47B,$0.00B,0.64%,$0.47B,$0.00B,0.64%,$0.47B,$0.02B,3.21%,$0.47B,0,0.00%,$0.47B,$-0.02B,-3.42%,$-0.02B,$0.20B,-7.86%,$-0.02B,$0.08B,-20.98%,$-0.02B,$0.36B,-4.58%,$0.00B,$0.26B,1.13%,$130,$111,$19,$2,$13,$126,$4,$-1,$3,$2,$1,$1,$1,$7,$4,$33,33,$0.02,$0.02,$44,$90,$0,$214,$18,$0,$125,$1,$144,$358,$93,$57,$0,$65,$158,$0,$25,$-0,$200,$358,$-3,$6,$4,$9,$-14,$-18,$25,$3,$-3,$4,$-4,$0,$0,$0,$0,$0,$0,$-4,$-6,$0,$-6,$0,$0,$0,$-0,$-6,$-6,$2,$0
10,2016-03-31,5.36,$6.22,0.86,$14.27,0.38,$-0.37,0.0,$-0.47,0.0,$0.20B,$0.08B,2.52,$0.06B,$0.20B,0.3,$0.46B,$0.07B,14.47%,$0.46B,$0.00B,0.44%,$0.46B,$0.00B,0.44%,$0.46B,$0.01B,3.07%,$0.46B,0,0.00%,$0.46B,$-0.02B,-3.29%,$-0.02B,$0.20B,-7.29%,$-0.02B,$0.07B,-18.35%,$-0.02B,$0.35B,-4.35%,$0.00B,$0.26B,0.74%,$112,$98,$15,$2,$13,$113,$-1,$-1,$-2,$1,$-3,$-3,$-3,$2,$-1,$32,32,$-0.10,$-0.10,$46,$82,$0,$201,$18,$0,$127,$1,$145,$346,$80,$60,$0,$68,$148,$0,$25,$0,$198,$346,$-3,$3,$2,$5,$-7,$-9,$13,$3,$-2,$-0,$-2,$0,$0,$0,$0,$0,$0,$-2,$-2,$0,$-2,$0,$0,$0,$-0,$-2,$-5,$1,$0
11,2015-12-31,5.12,$6.23,0.82,$14.84,0.34,$-0.57,0.0,$-0.33,0.0,$0.19B,$0.06B,2.96,$0.06B,$0.20B,0.31,$0.47B,$0.07B,15.14%,$0.47B,$0.01B,1.28%,$0.47B,$0.01B,1.28%,$0.47B,$0.02B,3.62%,$0.47B,$0.00B,0.85%,$0.47B,$-0.01B,-2.35%,$-0.01B,$0.20B,-5.29%,$-0.01B,$0.07B,-12.68%,$-0.01B,$0.34B,-3.20%,$0.01B,$0.26B,2.19%,$103,$90,$13,$2,$14,$107,$-3,$-0,$-3,$12,$-16,$-16,$-16,$0,$-3,$32,32,$-0.50,$-0.50,$50,$73,$0,$190,$17,$0,$128,$1,$146,$336,$64,$63,$0,$71,$135,$0,$28,$-0,$201,$336,$-11,$12,$14,$25,$6,$-8,$-13,$1,$-14,$1,$-10,$0,$-45,$0,$0,$0,$0,$-55,$24,$0,$24,$2,$2,$0,$-1,$25,$-29,$4,$0
12,2015-09-30,5.74,$6.66,0.86,$15.57,0.37,$0.56,10.19,$0.28,20.5,$0.21B,$0.07B,2.91,$0.07B,$0.22B,0.31,$0.49B,$0.08B,15.64%,$0.49B,$0.01B,2.88%,$0.49B,$0.01B,2.88%,$0.49B,$0.02B,4.94%,$0.49B,$0.01B,2.47%,$0.49B,$0.01B,1.85%,$0.01B,$0.22B,4.40%,$0.01B,$0.09B,9.23%,$0.01B,$0.36B,2.69%,$0.01B,$0.28B,5.28%,$123,$104,$19,$2,$14,$120,$3,$-1,$2,$1,$2,$2,$2,$6,$3,$32,32,$0.05,$0.05,$60,$76,$0,$205,$17,$0,$129,$1,$151,$356,$71,$66,$0,$71,$141,$0,$44,$-0,$215,$356,$5,$8,$3,$11,$7,$-11,$-8,$0,$-12,$4,$-5,$0,$-44,$0,$0,$0,$0,$-50,$25,$0,$25,$2,$2,$0,$-2,$26,$-19,$3,$0
13,2015-06-30,6.23,$6.58,0.95,$15.73,0.4,$1.34,4.64,$0.05,124.6,$0.21B,$0.06B,3.4,$0.07B,$0.21B,0.33,$0.48B,$0.07B,13.96%,$0.48B,$0.01B,1.46%,$0.48B,$0.01B,1.46%,$0.48B,$0.02B,3.33%,$0.48B,$0.01B,1.25%,$0.48B,$0.00B,0.42%,$0.00B,$0.21B,1.02%,$0.00B,$0.10B,1.93%,$0.00B,$0.34B,0.63%,$0.01B,$0.28B,2.88%,$118,$99,$19,$2,$13,$114,$3,$-0,$3,$1,$2,$2,$2,$6,$3,$32,32,$0.07,$0.07,$77,$65,$0,$211,$15,$0,$112,$1,$130,$342,$62,$68,$0,$71,$133,$0,$42,$0,$209,$342,$3,$5,$3,$8,$4,$-7,$-4,$-2,$-7,$4,$-4,$0,$-30,$0,$0,$0,$0,$-34,$26,$0,$26,$2,$2,$0,$-1,$27,$-2,$2,$0
14,2015-03-31,7.15,$6.53,1.09,$16.47,0.43,$1.54,4.63,$0.18,39.72,$0.21B,$0.06B,3.33,$0.07B,$0.21B,0.34,$0.50B,$0.07B,13.94%,$0.50B,$0.01B,2.42%,$0.50B,$0.01B,2.42%,$0.50B,$0.02B,4.04%,$0.50B,$0.01B,2.22%,$0.50B,$0.01B,1.21%,$0.01B,$0.21B,3.13%,$0.01B,$0.09B,5.57%,$0.01B,$0.34B,1.96%,$0.01B,$0.28B,5.35%,$125,$105,$20,$3,$15,$123,$3,$-1,$2,$1,$1,$1,$1,$5,$3,$30,31,$0.04,$0.04,$70,$60,$0,$211,$14,$0,$113,$1,$132,$343,$63,$71,$0,$74,$137,$0,$40,$0,$206,$343,$1,$3,$1,$4,$-8,$-2,$-0,$-1,$-11,$-6,$-3,$0,$-30,$0,$0,$0,$0,$-32,$27,$0,$27,$2,$2,$0,$-1,$29,$-9,$0,$0
15,2014-12-31,9.28,$6.51,1.43,$17.24,0.54,$1.93,4.81,$0.38,24.42,$0.21B,$0.07B,3.15,$0.04B,$0.19B,0.21,$0.51B,$0.07B,14.01%,$0.51B,$0.02B,3.50%,$0.51B,$0.02B,3.50%,$0.51B,$0.03B,5.06%,$0.51B,$0.02B,3.50%,$0.51B,$0.01B,2.33%,$0.01B,$0.19B,6.46%,$0.01B,$0.12B,10.81%,$0.01B,$0.30B,4.01%,$0.02B,$0.23B,8.80%,$120,$102,$18,$2,$12,$115,$5,$-0,$5,$1,$4,$4,$4,$7,$5,$29,30,$0.13,$0.12,$79,$57,$0,$208,$11,$0,$73,$1,$88,$296,$66,$39,$0,$41,$108,$0,$39,$0,$189,$296,$11,$8,$6,$15,$6,$7,$-5,$-3,$4,$30,$-5,$0,$0,$0,$0,$0,$0,$-5,$-8,$0,$-8,$2,$2,$0,$-1,$-7,$19,$4,$0
16,2014-09-30,8.95,$6.21,1.44,$17.58,0.51,$2.02,4.43,$0.48,18.65,$0.20B,$0.09B,2.24,$0.01B,$0.18B,0.05,$0.52B,$0.08B,14.62%,$0.52B,$0.02B,4.04%,$0.52B,$0.02B,4.04%,$0.52B,$0.03B,5.77%,$0.52B,$0.02B,4.04%,$0.52B,$0.01B,2.69%,$0.01B,$0.18B,7.71%,$0.01B,$0.11B,13.27%,$0.01B,$0.28B,4.69%,$0.02B,$0.19B,10.77%,$117,$107,$10,$2,$12,$121,$-4,$-0,$-4,$1,$-5,$-5,$-5,$-2,$-4,$29,29,$-0.18,$-0.18,$75,$55,$0,$198,$8,$0,$74,$0,$86,$284,$88,$10,$0,$13,$101,$0,$35,$0,$183,$284,$8,$6,$5,$11,$10,$9,$-11,$-1,$5,$24,$-2,$0,$0,$0,$0,$0,$0,$-2,$-8,$0,$-8,$2,$2,$0,$-1,$-8,$15,$3,$0
17,2014-06-30,9.05,$6.41,1.41,$17.31,0.52,$2.35,3.85,$0.73,12.4,$0.22B,$0.10B,2.15,$0.01B,$0.19B,0.06,$0.51B,$0.08B,16.08%,$0.51B,$0.03B,5.49%,$0.51B,$0.03B,5.49%,$0.51B,$0.04B,7.45%,$0.51B,$0.03B,5.29%,$0.51B,$0.02B,4.12%,$0.02B,$0.19B,11.90%,$0.02B,$0.11B,21.16%,$0.02B,$0.30B,7.14%,$0.03B,$0.20B,14.55%,$133,$112,$21,$2,$11,$125,$8,$-0,$8,$2,$6,$6,$6,$10,$8,$29,30,$0.20,$0.20,$69,$67,$0,$215,$8,$0,$75,$0,$89,$304,$100,$12,$0,$15,$115,$0,$40,$0,$189,$304,$13,$4,$0,$5,$-0,$-3,$-8,$-1,$-10,$8,$-1,$0,$0,$0,$0,$0,$0,$-1,$1,$0,$1,$2,$2,$0,$0,$3,$9,$2,$0
18,2014-03-31,13.15,$6.20,2.12,$16.70,0.79,$3.00,4.38,$0.61,21.56,$0.22B,$0.11B,1.97,$0.02B,$0.18B,0.08,$0.49B,$0.08B,15.81%,$0.49B,$0.02B,4.93%,$0.49B,$0.02B,4.93%,$0.49B,$0.03B,6.98%,$0.49B,$0.02B,4.52%,$0.49B,$0.02B,3.49%,$0.02B,$0.18B,10.04%,$0.02B,$0.11B,18.78%,$0.02B,$0.31B,5.95%,$0.02B,$0.20B,12.82%,$144,$121,$23,$2,$12,$135,$9,$-1,$9,$1,$7,$7,$7,$11,$9,$29,30,$0.24,$0.24,$74,$67,$0,$223,$8,$0,$76,$0,$90,$313,$113,$15,$0,$18,$131,$0,$34,$0,$182,$313,$7,$2,$-0,$2,$-5,$-4,$1,$1,$-5,$4,$-0,$0,$0,$0,$0,$0,$0,$-0,$9,$0,$9,$2,$2,$0,$0,$10,$14,$1,$0
19,2013-12-31,10.03,$6.12,1.64,$15.47,0.65,$3.45,2.9,$0.36,27.86,$0.20B,$0.10B,2.0,$0.02B,$0.17B,0.1,$0.44B,$0.07B,15.35%,$0.44B,$0.02B,3.61%,$0.44B,$0.02B,3.61%,$0.44B,$0.03B,5.87%,$0.44B,$0.01B,2.93%,$0.44B,$0.01B,2.26%,$0.01B,$0.17B,6.13%,$0.01B,$0.09B,12.08%,$0.01B,$0.29B,3.64%,$0.02B,$0.19B,8.76%,$126,$105,$22,$1,$12,$118,$8,$-1,$8,$1,$6,$6,$6,$11,$8,$28,29,$0.23,$0.22,$60,$64,$0,$200,$9,$0,$78,$1,$92,$293,$100,$17,$0,$21,$121,$0,$27,$0,$172,$293,$10,$10,$5,$15,$-17,$-9,$31,$-0,$5,$30,$-3,$0,$0,$0,$0,$0,$0,$-3,$-21,$0,$-21,$1,$1,$0,$-1,$-21,$6,$5,$0
20,2013-09-30,6.91,$5.73,1.21,$14.55,0.47,$3.54,1.95,$0.08,86.38,$0.17B,$0.08B,2.14,$0.02B,$0.16B,0.12,$0.41B,$0.06B,14.25%,$0.41B,$0.01B,1.47%,$0.41B,$0.01B,1.47%,$0.41B,$0.02B,3.93%,$0.41B,$0.00B,0.74%,$0.41B,$0.00B,0.74%,$0.00B,$0.16B,1.88%,$0.00B,$0.08B,3.88%,$0.00B,$0.27B,1.12%,$0.01B,$0.18B,3.31%,$107,$91,$16,$1,$11,$104,$3,$-1,$2,$0,$2,$2,$2,$6,$3,$28,29,$0.07,$0.07,$66,$50,$0,$173,$9,$0,$79,$6,$94,$267,$81,$20,$0,$23,$104,$146,$21,$0,$163,$267,$4,$7,$4,$11,$0,$5,$14,$-0,$19,$34,$-2,$0,$0,$0,$0,$0,$0,$-2,$-20,$0,$-20,$0,$0,$0,$-1,$-20,$12,$4,$0
21,2013-06-30,6.05,$5.75,1.05,$14.50,0.42,$3.48,1.74,$-0.05,0.0,$0.17B,$0.09B,2.01,$0.02B,$0.16B,0.12,$0.40B,$0.06B,13.97%,$0.40B,$0.00B,0.50%,$0.40B,$0.00B,0.50%,$0.40B,$0.01B,2.99%,$0.40B,0,0.00%,$0.40B,0,0.00%,$0.00B,$0.16B,0.00%,$0.00B,$0.08B,0.00%,$0.00B,$0.27B,0.00%,$0.00B,$0.18B,1.10%,$110,$94,$16,$1,$11,$106,$4,$-1,$3,$1,$2,$2,$2,$6,$4,$28,29,$0.08,$0.08,$71,$49,$0,$174,$8,$0,$81,$6,$95,$269,$87,$20,$0,$23,$109,$144,$19,$0,$160,$269,$2,$5,$3,$8,$3,$6,$7,$0,$16,$25,$-1,$0,$0,$0,$0,$0,$0,$-1,$-8,$0,$-8,$-0,$-0,$0,$0,$-8,$17,$2,$0
22,2013-03-31,6.5,$5.54,1.17,$14.97,0.43,$3.47,1.87,$0.04,162.5,$0.17B,$0.09B,1.94,$0.02B,$0.16B,0.14,$0.39B,$0.05B,13.74%,$0.39B,$0.00B,0.51%,$0.39B,$0.00B,0.51%,$0.39B,$0.01B,2.80%,$0.39B,$0.00B,0.25%,$0.39B,$0.00B,0.25%,$0.00B,$0.16B,0.67%,$0.00B,$0.07B,1.19%,$0.00B,$0.27B,0.41%,$0.00B,$0.18B,1.18%,$100,$87,$14,$1,$12,$100,$1,$-1,$-0,$-0,$-0,$-0,$-0,$3,$1,$28,28,$-0.01,$-0.01,$65,$51,$0,$172,$9,$0,$83,$6,$98,$270,$89,$22,$0,$25,$114,$143,$17,$0,$157,$270,$-0,$2,$1,$4,$1,$3,$11,$-0,$13,$16,$-0,$0,$0,$0,$0,$0,$0,$-0,$-5,$0,$-5,$-0,$-0,$0,$0,$-5,$11,$1,$0
23,2012-12-31,4.91,$5.62,0.87,$16.04,0.31,$3.05,1.61,$0.25,19.64,$0.17B,$0.08B,2.08,$0.03B,$0.16B,0.17,$0.40B,$0.06B,13.86%,$0.40B,$0.01B,1.73%,$0.40B,$0.01B,1.73%,$0.40B,$0.02B,3.71%,$0.40B,$0.01B,1.73%,$0.40B,$0.01B,1.49%,$0.01B,$0.16B,4.25%,$0.01B,$0.07B,6.38%,$0.01B,$0.27B,2.65%,$0.01B,$0.18B,4.35%,$90,$79,$12,$1,$12,$92,$-2,$-1,$-2,$-1,$-1,$-1,$-1,$1,$-2,$26,26,$-0.08,$-0.08,$54,$54,$0,$165,$9,$0,$84,$1,$101,$266,$79,$27,$0,$30,$109,$0,$17,$0,$157,$266,$5,$7,$2,$9,$8,$24,$-19,$1,$13,$27,$-1,$0,$-75,$0,$0,$0,$0,$-76,$53,$0,$53,$0,$0,$0,$-3,$50,$2,$5,$0
24,2012-09-30,5.71,$5.65,1.01,$16.32,0.35,$2.88,1.98,$0.65,8.78,$0.18B,$0.09B,1.96,$0.03B,$0.16B,0.19,$0.40B,$0.05B,13.47%,$0.40B,$0.01B,2.74%,$0.40B,$0.01B,2.74%,$0.40B,$0.02B,3.99%,$0.40B,$0.01B,2.49%,$0.40B,$0.02B,3.74%,$0.02B,$0.16B,11.43%,$0.02B,$0.07B,14.56%,$0.02B,$0.28B,7.35%,$0.01B,$0.19B,7.35%,$101,$87,$14,$1,$12,$102,$-1,$-1,$-1,$-0,$-1,$-1,$-1,$2,$-1,$28,28,$-0.04,$-0.04,$58,$63,$0,$177,$10,$0,$87,$5,$102,$278,$90,$29,$0,$31,$121,$142,$19,$-0,$157,$278,$6,$4,$4,$8,$11,$15,$-7,$-3,$15,$29,$-0,$0,$-75,$0,$0,$0,$0,$-76,$55,$0,$55,$0,$0,$0,$-2,$53,$6,$4,$0
25,2012-06-30,6.43,$5.50,1.17,$17.20,0.37,$2.05,3.14,$0.85,7.56,$0.14B,$0.04B,4.04,$0.00B,$0.13B,0.01,$0.41B,$0.05B,13.09%,$0.41B,$0.02B,3.95%,$0.41B,$0.02B,3.95%,$0.41B,$0.02B,4.69%,$0.41B,$0.02B,3.70%,$0.41B,$0.02B,4.69%,$0.02B,$0.13B,15.97%,$0.02B,$0.12B,17.27%,$0.02B,$0.17B,10.66%,$0.02B,$0.13B,11.79%,$102,$88,$14,$1,$9,$97,$4,$-0,$4,$2,$3,$3,$3,$5,$4,$23,24,$0.12,$0.12,$51,$44,$0,$144,$9,$0,$9,$5,$23,$167,$36,$1,$0,$3,$39,$111,$20,$-0,$128,$167,$7,$1,$3,$4,$-1,$11,$-4,$1,$9,$20,$-0,$0,$0,$0,$0,$0,$0,$-0,$-21,$0,$-21,$0,$0,$0,$-0,$-21,$-1,$3,$0
26,2012-03-31,7.54,$5.28,1.43,$18.60,0.41,$1.36,5.55,$0.98,7.69,$0.17B,$0.05B,3.61,$0.02B,$0.12B,0.17,$0.44B,$0.06B,13.27%,$0.44B,$0.02B,4.81%,$0.44B,$0.02B,4.81%,$0.44B,$0.02B,5.49%,$0.44B,$0.02B,4.58%,$0.44B,$0.02B,5.26%,$0.02B,$0.12B,20.35%,$0.02B,$0.11B,22.12%,$0.02B,$0.19B,12.43%,$0.02B,$0.14B,15.53%,$111,$95,$16,$1,$8,$104,$6,$-0,$6,$2,$5,$5,$5,$7,$6,$23,24,$0.20,$0.20,$55,$61,$0,$170,$10,$0,$9,$5,$24,$193,$47,$21,$0,$23,$70,$110,$16,$-0,$123,$193,$5,$1,$1,$2,$-8,$-6,$9,$1,$-3,$4,$-0,$0,$0,$0,$0,$0,$0,$-0,$-1,$0,$-1,$0,$0,$0,$-0,$-1,$3,$1,$0
27,2011-12-31,6.11,$5.12,1.19,$19.32,0.32,$1.23,4.95,$1.03,5.93,$0.15B,$0.04B,4.2,$0.02B,$0.12B,0.19,$0.45B,$0.06B,13.25%,$0.45B,$0.02B,5.08%,$0.45B,$0.02B,5.08%,$0.45B,$0.03B,5.74%,$0.45B,$0.02B,4.86%,$0.45B,$0.02B,5.30%,$0.02B,$0.12B,22.59%,$0.02B,$0.11B,24.68%,$0.02B,$0.18B,13.11%,$0.02B,$0.14B,17.83%,$87,$77,$10,$1,$7,$85,$2,$-0,$1,$-6,$8,$8,$8,$2,$2,$23,23,$0.34,$0.32,$52,$55,$0,$154,$10,$0,$9,$0,$24,$178,$37,$22,$0,$24,$61,$109,$12,$0,$117,$178,$24,$3,$-3,$0,$14,$4,$-17,$-1,$-0,$24,$-4,$0,$0,$0,$0,$0,$0,$-4,$-4,$0,$-4,$1,$1,$0,$1,$-2,$18,$4,$0
28,2011-09-30,4.29,$4.74,0.91,$20.85,0.21,$0.02,264.81,$0.86,4.99,$0.16B,$0.04B,3.74,$0.02B,$0.11B,0.21,$0.49B,$0.07B,13.37%,$0.49B,$0.03B,5.56%,$0.49B,$0.03B,5.56%,$0.49B,$0.03B,6.17%,$0.49B,$0.03B,5.56%,$0.49B,$0.02B,4.12%,$0.02B,$0.11B,20.20%,$0.02B,$0.10B,22.22%,$0.02B,$0.18B,11.05%,$0.03B,$0.13B,22.09%,$105,$92,$13,$1,$7,$101,$4,$-0,$4,$1,$3,$3,$3,$5,$4,$23,23,$0.14,$0.14,$38,$59,$0,$155,$10,$0,$9,$1,$20,$175,$42,$22,$0,$25,$67,$108,$4,$0,$108,$175,$16,$2,$2,$5,$7,$0,$-19,$0,$-12,$8,$-3,$0,$0,$0,$0,$0,$0,$-3,$-3,$0,$-3,$1,$1,$0,$1,$-1,$3,$3,$0
29,2011-06-30,9.08,$4.56,1.99,$21.46,0.42,$-0.34,0.0,$1.01,8.99,$0.17B,$0.06B,2.71,$0.02B,$0.10B,0.22,$0.50B,$0.07B,13.83%,$0.50B,$0.03B,6.41%,$0.50B,$0.03B,6.41%,$0.50B,$0.03B,6.81%,$0.50B,$0.03B,6.21%,$0.50B,$0.02B,4.81%,$0.02B,$0.10B,25.95%,$0.02B,$0.10B,28.74%,$0.02B,$0.19B,13.54%,$0.03B,$0.13B,28.07%,$134,$115,$19,$1,$8,$124,$9,$-0,$9,$2,$7,$7,$7,$10,$9,$23,23,$0.31,$0.30,$38,$70,$0,$174,$10,$0,$9,$1,$20,$194,$64,$23,$0,$26,$90,$107,$1,$0,$104,$194,$13,$1,$1,$3,$-3,$-11,$3,$0,$-9,$6,$-3,$0,$0,$0,$0,$0,$0,$-3,$-2,$0,$-2,$1,$1,$0,$1,$-1,$3,$2,$0
30,2011-03-31,10.34,$4.21,2.46,$20.36,0.51,$-0.82,0.0,$0.96,10.77,$0.17B,$0.06B,2.65,$0.02B,$0.10B,0.25,$0.47B,$0.07B,13.80%,$0.47B,$0.03B,6.37%,$0.47B,$0.03B,6.37%,$0.47B,$0.03B,6.58%,$0.47B,$0.03B,5.94%,$0.47B,$0.02B,4.88%,$0.02B,$0.10B,27.14%,$0.02B,$0.09B,30.36%,$0.02B,$0.19B,13.96%,$0.03B,$0.12B,28.71%,$127,$109,$18,$2,$8,$119,$8,$-0,$8,$2,$6,$6,$6,$9,$8,$22,24,$0.26,$0.25,$35,$65,$0,$166,$9,$0,$9,$1,$19,$185,$62,$24,$0,$27,$89,$105,$-6,$0,$96,$185,$6,$1,$0,$1,$-3,$-6,$3,$1,$-5,$2,$-1,$0,$0,$0,$0,$0,$0,$-1,$-1,$0,$-1,$1,$1,$0,$1,$-0,$1,$1,$0
31,2010-12-31,9.31,$3.92,2.37,$19.27,0.48,$-0.97,0.0,$0.88,10.58,$0.15B,$0.06B,2.76,$0.03B,$0.09B,0.28,$0.44B,$0.06B,13.35%,$0.44B,$0.03B,6.11%,$0.44B,$0.03B,6.11%,$0.44B,$0.03B,6.11%,$0.44B,$0.02B,5.43%,$0.44B,$0.02B,4.75%,$0.02B,$0.09B,27.18%,$0.02B,$0.08B,30.77%,$0.02B,$0.17B,13.46%,$0.03B,$0.11B,28.35%,$120,$106,$15,$2,$7,$115,$6,$-0,$6,$2,$4,$4,$4,$6,$6,$22,23,$0.17,$0.16,$35,$59,$0,$152,$9,$0,$9,$0,$19,$170,$55,$25,$0,$28,$83,$103,$-12,$0,$88,$170,$20,$2,$2,$4,$-20,$-12,$-0,$1,$-29,$-5,$-4,$0,$0,$0,$0,$0,$0,$-4,$14,$0,$14,$2,$2,$0,$1,$17,$8,$3,$0
32,2010-09-30,8.62,$3.72,2.32,$17.44,0.49,$-0.58,0.0,$0.82,10.51,$0.14B,$0.06B,2.42,$0.02B,$0.08B,0.19,$0.40B,$0.05B,13.16%,$0.40B,$0.02B,5.82%,$0.40B,$0.02B,5.82%,$0.40B,$0.02B,6.08%,$0.40B,$0.02B,5.06%,$0.40B,$0.02B,4.81%,$0.02B,$0.08B,26.95%,$0.02B,$0.07B,30.89%,$0.02B,$0.16B,12.99%,$0.02B,$0.10B,26.82%,$118,$101,$17,$1,$7,$110,$9,$-0,$8,$2,$7,$7,$7,$9,$9,$22,23,$0.31,$0.29,$28,$64,$0,$142,$8,$0,$9,$0,$18,$160,$59,$16,$0,$19,$78,$101,$-16,$0,$82,$160,$16,$2,$1,$3,$-12,$-17,$5,$3,$-20,$-1,$-3,$0,$0,$0,$0,$0,$0,$-3,$4,$-2,$2,$1,$1,$0,$1,$5,$1,$2,$0
33,2010-06-30,8.52,$3.37,2.53,$14.23,0.6,$-0.24,0.0,$0.46,18.52,$0.13B,$0.05B,2.46,$0.02B,$0.07B,0.22,$0.32B,$0.04B,11.95%,$0.32B,$0.01B,3.77%,$0.32B,$0.01B,3.77%,$0.32B,$0.01B,4.40%,$0.32B,$0.01B,3.14%,$0.32B,$0.01B,3.46%,$0.01B,$0.07B,17.05%,$0.01B,$0.06B,19.82%,$0.01B,$0.14B,8.30%,$0.01B,$0.09B,15.14%,$106,$91,$15,$1,$7,$99,$7,$-0,$6,$1,$6,$6,$6,$7,$7,$22,23,$0.26,$0.25,$23,$55,$0,$127,$8,$0,$9,$0,$18,$144,$51,$16,$0,$20,$71,$99,$-23,$0,$73,$144,$10,$1,$1,$2,$-11,$-8,$-3,$3,$-17,$-6,$-2,$0,$0,$0,$0,$0,$0,$-2,$3,$0,$3,$1,$1,$0,$0,$4,$-4,$2,$0
34,2010-03-31,8.53,$3.05,2.8,$10.71,0.8,$0.22,38.29,$-0.45,0.0,$0.13B,$0.06B,2.09,$0.02B,$0.07B,0.25,$0.24B,$0.02B,9.36%,$0.24B,$-0.00B,-0.43%,$0.24B,$-0.00B,-0.43%,$0.24B,$0.00B,0.43%,$0.24B,$-0.00B,-1.28%,$0.24B,$-0.01B,-3.83%,$-0.01B,$0.07B,-14.75%,$-0.01B,$0.06B,-17.31%,$-0.01B,$0.15B,-7.48%,$-0.00B,$0.08B,-1.33%,$98,$86,$12,$1,$7,$94,$5,$-0,$4,$1,$4,$4,$4,$5,$5,$22,23,$0.18,$0.17,$28,$57,$0,$132,$8,$0,$9,$0,$17,$150,$63,$17,$0,$20,$84,$97,$-28,$0,$66,$150,$4,$1,$1,$1,$-11,$-10,$8,$5,$-7,$-2,$-1,$0,$0,$0,$0,$0,$0,$-1,$4,$-0,$4,$0,$0,$0,$0,$4,$1,$1,$0
35,2009-12-31,6.99,$2.85,2.45,$7.47,0.94,$0.41,17.17,$-0.95,0.0,$0.11B,$0.05B,2.16,$0.01B,$0.06B,0.21,$0.16B,$0.01B,4.40%,$0.16B,$-0.02B,-10.06%,$0.16B,$-0.02B,-10.06%,$0.16B,$-0.01B,-8.18%,$0.16B,$-0.02B,-10.69%,$0.16B,$-0.02B,-12.58%,$-0.02B,$0.06B,-32.00%,$-0.02B,$0.05B,-37.38%,$-0.02B,$0.13B,-18.22%,$-0.02B,$0.07B,-20.92%,$73,$64,$8,$1,$6,$71,$2,$-0,$2,$-1,$2,$2,$2,$3,$2,$21,21,$0.12,$0.12,$27,$47,$0,$114,$7,$0,$9,$0,$17,$131,$53,$13,$0,$17,$70,$97,$-32,$0,$61,$131,$-20,$2,$10,$12,$-21,$-7,$35,$2,$9,$1,$-1,$0,$0,$0,$0,$0,$0,$-1,$-3,$0,$-3,$0,$0,$0,$0,$-3,$-3,$3,$0
36,2009-09-30,5.16,$2.71,1.91,$6.25,0.83,$0.49,10.54,$-3.51,0.0,$0.09B,$0.03B,3.05,$0.01B,$0.06B,0.23,$0.13B,$-0.00B,-0.75%,$0.13B,$-0.08B,-60.90%,$0.13B,$-0.08B,-60.90%,$0.13B,$-0.08B,-57.89%,$0.13B,$-0.08B,-61.65%,$0.13B,$-0.07B,-55.64%,$-0.07B,$0.06B,-110.86%,$-0.07B,$0.05B,-128.14%,$-0.07B,$0.11B,-69.65%,$-0.08B,$0.07B,-100.31%,$41,$38,$3,$1,$4,$43,$-2,$-0,$-2,$-1,$-1,$-1,$-1,$-1,$-2,$21,21,$-0.07,$-0.07,$31,$37,$0,$88,$7,$0,$9,$0,$17,$105,$29,$14,$0,$18,$47,$96,$-35,$0,$58,$105,$-23,$2,$9,$11,$-2,$3,$12,$3,$15,$4,$-0,$0,$0,$0,$0,$0,$0,$-0,$2,$-5,$-3,$0,$0,$0,$0,$-3,$1,$2,$0
37,2009-06-30,2.39,$2.75,0.87,$7.09,0.34,$0.18,13.28,$-3.53,0.0,$0.08B,$0.02B,4.53,$0.01B,$0.06B,0.24,$0.15B,$0.00B,0.66%,$0.15B,$-0.08B,-53.29%,$0.15B,$-0.08B,-53.29%,$0.15B,$-0.08B,-50.66%,$0.15B,$-0.08B,-54.61%,$0.15B,$-0.08B,-49.34%,$-0.08B,$0.06B,-87.98%,$-0.08B,$0.05B,-115.38%,$-0.08B,$0.10B,-58.71%,$-0.08B,$0.07B,-81.00%,$23,$24,$-1,$1,$5,$30,$-6,$-0,$-7,$8,$-14,$-14,$-14,$-6,$-6,$21,21,$-0.66,$-0.66,$30,$32,$0,$78,$8,$0,$9,$0,$17,$95,$17,$14,$0,$19,$36,$95,$-33,$0,$59,$95,$-21,$1,$9,$10,$3,$8,$-0,$4,$14,$3,$-0,$0,$0,$0,$0,$0,$0,$-0,$2,$-5,$-2,$0,$0,$0,$0,$-2,$1,$2,$0
38,2009-03-31,1.07,$3.37,0.32,$9.12,0.12,$0.04,29.89,$-2.88,0.0,$0.09B,$0.02B,5.18,$0.02B,$0.07B,0.2,$0.20B,$0.01B,5.10%,$0.20B,$-0.08B,-38.78%,$0.20B,$-0.08B,-38.78%,$0.20B,$-0.07B,-35.71%,$0.20B,$-0.08B,-39.29%,$0.20B,$-0.06B,-31.12%,$-0.06B,$0.07B,-58.65%,$-0.06B,$0.06B,-84.14%,$-0.06B,$0.11B,-40.46%,$-0.08B,$0.09B,-63.60%,$22,$25,$-3,$1,$6,$33,$-10,$-0,$-10,$-3,$-7,$-7,$-7,$-9,$-10,$21,21,$-0.33,$-0.33,$30,$38,$0,$86,$8,$0,$9,$5,$22,$108,$17,$15,$0,$20,$36,$94,$-19,$0,$72,$108,$-7,$1,$1,$2,$3,$2,$-1,$4,$7,$2,$-0,$0,$0,$0,$0,$0,$0,$-0,$3,$-4,$-1,$0,$0,$0,$-0,$-1,$0,$1,$0
39,2008-12-31,2.01,$3.68,0.55,$12.25,0.16,$-0.40,0.0,$-2.46,0.0,$0.09B,$0.02B,4.44,$0.01B,$0.08B,0.16,$0.27B,$0.03B,9.40%,$0.27B,$-0.06B,-23.68%,$0.27B,$-0.06B,-23.68%,$0.27B,$-0.06B,-21.43%,$0.27B,$-0.06B,-24.06%,$0.27B,$-0.05B,-19.55%,$-0.05B,$0.08B,-43.61%,$-0.05B,$0.07B,-68.20%,$-0.05B,$0.12B,-29.93%,$-0.06B,$0.09B,-46.32%,$47,$47,$0,$1,$7,$110,$-63,$-0,$-63,$-10,$-52,$-52,$-52,$-61,$-63,$22,22,$-2.42,$-2.42,$30,$40,$0,$94,$9,$0,$9,$5,$23,$117,$21,$13,$0,$18,$39,$94,$-12,$0,$78,$117,$-52,$6,$54,$59,$21,$10,$-26,$0,$5,$12,$-9,$0,$0,$0,$0,$0,$0,$-9,$-4,$0,$-4,$-2,$-2,$0,$-0,$-6,$-4,$4,$0
40,2008-09-30,5.04,$6.10,0.83,$14.26,0.35,$0.22,23.32,$0.09,56.0,$0.12B,$0.04B,3.23,$0.02B,$0.13B,0.13,$0.31B,$0.04B,11.86%,$0.31B,$0.00B,0.96%,$0.31B,$0.00B,0.96%,$0.31B,$0.01B,2.56%,$0.31B,$0.00B,0.32%,$0.31B,$0.00B,0.64%,$0.00B,$0.13B,1.52%,$0.00B,$0.08B,2.57%,$0.00B,$0.19B,1.03%,$0.00B,$0.15B,2.00%,$60,$55,$5,$0,$7,$62,$-2,$-0,$-3,$-1,$-2,$-2,$-2,$-1,$-2,$22,22,$-0.09,$-0.09,$28,$49,$0,$116,$20,$0,$54,$1,$75,$191,$36,$17,$0,$23,$58,$93,$40,$0,$132,$191,$-0,$4,$2,$6,$6,$0,$-9,$3,$1,$6,$-9,$0,$0,$0,$0,$0,$0,$-9,$-2,$0,$-2,$0,$0,$0,$0,$-2,$-5,$3,$0
41,2008-06-30,7.96,$6.18,1.29,$15.80,0.5,$0.58,13.82,$0.34,23.41,$0.11B,$0.03B,3.78,$0.02B,$0.13B,0.13,$0.35B,$0.05B,12.93%,$0.35B,$0.01B,3.16%,$0.35B,$0.01B,3.16%,$0.35B,$0.02B,4.60%,$0.35B,$0.01B,2.59%,$0.35B,$0.01B,2.30%,$0.01B,$0.13B,6.13%,$0.01B,$0.08B,10.53%,$0.01B,$0.19B,4.10%,$0.01B,$0.15B,7.30%,$67,$60,$8,$1,$8,$68,$-1,$-0,$-1,$-1,$-0,$-0,$-0,$1,$-1,$22,22,$-0.01,$-0.01,$33,$44,$0,$112,$20,$0,$54,$1,$75,$187,$30,$17,$0,$23,$53,$92,$42,$0,$134,$187,$2,$2,$1,$4,$8,$6,$-14,$4,$3,$8,$-8,$0,$0,$0,$0,$0,$0,$-8,$-2,$0,$-2,$1,$1,$0,$0,$-1,$-1,$2,$0
42,2008-03-31,9.8,$6.15,1.59,$17.44,0.56,$0.49,20.02,$0.58,16.9,$0.13B,$0.05B,2.77,$0.02B,$0.13B,0.15,$0.39B,$0.05B,13.73%,$0.39B,$0.02B,5.18%,$0.39B,$0.02B,5.18%,$0.39B,$0.02B,6.22%,$0.39B,$0.02B,4.40%,$0.39B,$0.01B,3.37%,$0.01B,$0.13B,10.24%,$0.01B,$0.08B,18.06%,$0.01B,$0.20B,6.63%,$0.02B,$0.15B,13.40%,$92,$80,$12,$1,$8,$89,$3,$-0,$3,$1,$2,$2,$2,$4,$3,$22,22,$0.09,$0.09,$25,$48,$0,$128,$17,$0,$55,$1,$72,$200,$46,$20,$0,$21,$67,$91,$42,$0,$133,$200,$2,$1,$0,$2,$-13,$1,$1,$1,$-8,$-5,$-4,$0,$0,$0,$0,$0,$0,$-4,$-1,$0,$-1,$0,$0,$0,$0,$-0,$-8,$1,$0
43,2007-12-31,12.2,$6.01,2.03,$18.30,0.67,$0.95,12.9,$0.73,16.71,$0.13B,$0.05B,2.8,$0.02B,$0.13B,0.14,$0.41B,$0.06B,14.32%,$0.41B,$0.03B,6.17%,$0.41B,$0.03B,6.17%,$0.41B,$0.03B,7.16%,$0.41B,$0.02B,5.19%,$0.41B,$0.02B,3.95%,$0.02B,$0.13B,13.11%,$0.02B,$0.08B,23.88%,$0.02B,$0.20B,8.22%,$0.03B,$0.15B,17.12%,$93,$81,$12,$1,$8,$90,$3,$-0,$2,$0,$2,$2,$2,$4,$3,$21,22,$0.09,$0.09,$33,$49,$0,$125,$14,$0,$55,$1,$70,$195,$45,$19,$0,$21,$66,$89,$40,$0,$129,$195,$16,$4,$1,$5,$10,$-2,$-1,$1,$2,$24,$-8,$0,$-0,$0,$0,$0,$0,$-8,$-9,$0,$-9,$2,$2,$0,$1,$-6,$10,$3,$0
44,2007-09-30,14.66,$5.86,2.5,$19.57,0.75,$0.42,34.92,$0.85,17.25,$0.13B,$0.04B,2.95,$0.03B,$0.13B,0.2,$0.42B,$0.06B,14.80%,$0.42B,$0.03B,7.16%,$0.42B,$0.03B,7.16%,$0.42B,$0.04B,8.35%,$0.42B,$0.03B,6.44%,$0.42B,$0.02B,4.53%,$0.02B,$0.13B,16.31%,$0.02B,$0.07B,31.02%,$0.02B,$0.20B,9.86%,$0.03B,$0.15B,21.02%,$96,$82,$13,$1,$7,$90,$6,$-0,$5,$2,$4,$4,$4,$7,$6,$21,22,$0.17,$0.16,$28,$51,$0,$130,$11,$0,$55,$1,$68,$198,$44,$25,$0,$28,$72,$88,$38,$0,$126,$198,$14,$3,$0,$4,$2,$-4,$-4,$2,$-8,$10,$-4,$0,$-0,$0,$0,$0,$0,$-4,$-4,$0,$-4,$2,$2,$0,$1,$-0,$5,$2,$0
45,2007-06-30,13.98,$5.63,2.49,$20.02,0.7,$0.01,0.0,$0.94,14.87,$0.12B,$0.04B,2.89,$0.03B,$0.12B,0.21,$0.43B,$0.06B,14.99%,$0.43B,$0.03B,7.49%,$0.43B,$0.03B,7.49%,$0.43B,$0.04B,8.67%,$0.43B,$0.03B,6.79%,$0.43B,$0.02B,4.92%,$0.02B,$0.12B,19.09%,$0.02B,$0.06B,38.36%,$0.02B,$0.19B,11.07%,$0.03B,$0.15B,23.32%,$105,$89,$16,$1,$8,$97,$8,$-0,$7,$2,$5,$5,$5,$9,$8,$21,22,$0.24,$0.23,$20,$48,$0,$124,$11,$0,$56,$1,$68,$191,$43,$26,$0,$29,$72,$85,$35,$0,$120,$191,$10,$2,$0,$2,$-5,$-1,$-5,$2,$-11,$1,$-3,$0,$-0,$0,$0,$0,$0,$-3,$-3,$0,$-3,$1,$1,$0,$1,$-1,$-3,$1,$0
46,2007-03-31,17.3,$5.34,3.24,$18.84,0.92,$-0.25,0.0,$0.92,18.8,$0.13B,$0.05B,2.49,$0.03B,$0.11B,0.24,$0.39B,$0.06B,15.13%,$0.39B,$0.03B,7.44%,$0.39B,$0.03B,7.44%,$0.39B,$0.03B,8.72%,$0.39B,$0.03B,6.92%,$0.39B,$0.02B,5.13%,$0.02B,$0.11B,19.32%,$0.02B,$0.06B,41.45%,$0.02B,$0.20B,10.60%,$0.03B,$0.14B,22.01%,$111,$94,$17,$1,$8,$103,$8,$-1,$7,$2,$5,$5,$5,$9,$8,$21,22,$0.25,$0.24,$25,$51,$0,$129,$10,$0,$56,$1,$66,$195,$52,$27,$0,$30,$82,$84,$30,$0,$113,$195,$5,$1,$-0,$1,$-3,$-4,$3,$1,$-3,$3,$-1,$0,$0,$0,$0,$0,$0,$-1,$-1,$0,$-1,$0,$0,$0,$0,$-1,$1,$1,$0
47,2006-12-31,12.35,$5.08,2.43,$17.01,0.73,$-0.44,0.0,$0.80,15.44,$0.12B,$0.05B,2.44,$0.03B,$0.11B,0.26,$0.34B,$0.05B,14.88%,$0.34B,$0.03B,7.44%,$0.34B,$0.03B,7.44%,$0.34B,$0.03B,8.63%,$0.34B,$0.02B,6.85%,$0.34B,$0.02B,5.06%,$0.02B,$0.11B,18.38%,$0.02B,$0.05B,36.17%,$0.02B,$0.19B,10.30%,$0.03B,$0.14B,21.93%,$107,$91,$16,$1,$7,$99,$8,$-1,$8,$3,$5,$5,$5,$10,$8,$19,20,$0.23,$0.25,$23,$48,$0,$121,$9,$0,$56,$1,$66,$187,$50,$28,$0,$30,$80,$82,$25,$0,$107,$187,$16,$4,$-1,$3,$-11,$-14,$9,$0,$-11,$8,$-4,$0,$-32,$0,$0,$0,$0,$-36,$29,$0,$29,$12,$12,$0,$1,$41,$13,$2,$0
