,Date,Stock Price,Book Value per Share,Price to Book Ratio,TTM Sales per Share,Price to Sales Ratio,TTM FCF per Share,Price to FCF Ratio,TTM Net EPS,PE Ratio,Current Assets,Current Liabilities,Current Ratio,Long Term Debt,Shareholder's Equity_x,Debt to Equity Ratio,TTM Revenue_x,TTM Gross Profit,Gross Margin,TTM Revenue_y,TTM Operating Income,Operating Margin,TTM Revenue_x,TTM EBIT,EBIT Margin,TTM Revenue_y,TTM EBITDA,EBITDA Margin,TTM Revenue_x,TTM Pre-Tax Income,Pre-Tax Margin,TTM Revenue_y,TTM Net Income_x,Net Margin,TTM Net Income_y,Shareholder's Equity_y,Return on Equity,TTM Net Income_x,Tangible Equity,Return on Tangible Equity,TTM Net Income_y,Total Assets,Return on Assets,TTM Net Income,LT Investments & Debt,Return on Investment,revenue,cost-goods-sold,gross-profit,research-development-expenses,selling-general-administrative-expenses,operating-expenses,operating-income,total-non-operating-income-expense,pre-tax-income,total-provision-income-taxes,income-after-taxes,income-from-continuous-operations,net-income,ebitda,ebit,basic-shares-outstanding,shares-outstanding,eps-basic-net-earnings-per-share,eps-earnings-per-share-diluted,cash-on-hand,inventory,other-current-assets,total-current-assets,net-property-plant-equipment,long-term-investments,goodwill-intangible-assets-total,other-long-term-assets,total-long-term-assets,total-assets,total-current-liabilities,long-term-debt,other-non-current-liabilities,total-long-term-liabilities,total-liabilities,common-stock-net,retained-earnings-accumulated-deficit,comprehensive-income,total-share-holder-equity,total-liabilities-share-holders-equity,net-income-loss,total-depreciation-amortization-cash-flow,other-non-cash-items,total-non-cash-items,change-in-accounts-receivable,change-in-inventories,change-in-accounts-payable,change-in-assets-liabilities,total-change-in-assets-liabilities,cash-flow-from-operating-activities,net-change-in-property-plant-equipment,net-change-in-intangible-assets,net-acquisitions-divestitures,net-change-in-short-term-investments,net-change-in-long-term-investments,net-change-in-investments-total,investing-activities-other,cash-flow-from-investing-activities,net-long-term-debt,net-current-debt,debt-issuance-retirement-net-total,net-common-equity-issued-repurchased,net-total-equity-issued-repurchased,total-common-preferred-stock-dividends-paid,financial-activities-other,cash-flow-from-financial-activities,net-cash-flow,stock-based-compensation,common-stock-dividends-paid
0,2018-09-30,40.43,$9.72,4.16,$3.84,10.54,$1.82,22.19,$0.69,58.59,$0.84B,$0.14B,5.97,$3.81B,$2.56B,1.49,$1.03B,$0.70B,67.44%,$1.03B,$0.21B,19.86%,$1.03B,$0.21B,19.86%,$1.03B,$0.64B,62.40%,$1.03B,$0.10B,9.21%,$1.03B,$0.19B,18.12%,$0.19B,$2.61B,6.74%,$0.19B,$2.61B,6.74%,$0.19B,$7.68B,2.43%,$0.21B,$6.42B,3.15%,$266,$89,$177,$0,$12,$211,$55,$-35,$20,$0,$20,$20,$18,$165,$55,$268,269,$0.07,$0.07,$795,$0,$0,$836,$6701,$0,$0,$141,$6842,$7679,$140,$3811,$1120,$4931,$5071,$3,$-2075,$0,$2607,$7679,$132,$328,$-50,$278,$0,$0,$0,$-3,$-3,$407,$-216,$0,$0,$0,$4,$4,$8,$-203,$113,$29,$142,$-20,$-20,$-283,$-36,$-197,$6,$11,$-280
1,2018-06-30,37.22,$10.34,3.6,$3.78,9.84,$1.50,24.86,$0.68,54.73,$0.81B,$0.14B,6.03,$3.75B,$2.72B,1.38,$1.02B,$0.69B,67.65%,$1.02B,$0.20B,19.17%,$1.02B,$0.20B,19.17%,$1.02B,$0.63B,62.24%,$1.02B,$0.09B,9.14%,$1.02B,$0.18B,18.09%,$0.18B,$2.77B,6.49%,$0.18B,$2.77B,6.49%,$0.18B,$7.71B,2.38%,$0.20B,$6.52B,2.99%,$260,$83,$177,$0,$12,$205,$55,$-33,$23,$0,$22,$22,$20,$163,$55,$267,269,$0.07,$0.07,$771,$0,$0,$812,$6758,$0,$0,$138,$6896,$7707,$135,$3752,$130,$4804,$4939,$3,$-1929,$-1,$2769,$7707,$112,$218,$-56,$162,$0,$0,$0,$-19,$-19,$255,$-154,$0,$-1,$0,$48,$48,$-4,$-111,$53,$28,$81,$-20,$-20,$-187,$-8,$-135,$9,$7,$-185
2,2018-03-31,35.0,$10.78,3.25,$3.74,9.36,$1.34,26.18,$0.64,54.68,$0.79B,$0.14B,5.83,$3.68B,$2.84B,1.3,$1.01B,$0.68B,67.66%,$1.01B,$0.19B,18.51%,$1.01B,$0.19B,18.51%,$1.01B,$0.63B,62.29%,$1.01B,$0.08B,8.06%,$1.01B,$0.17B,17.21%,$0.17B,$2.89B,6.03%,$0.17B,$2.89B,6.03%,$0.17B,$7.71B,2.23%,$0.19B,$6.57B,2.85%,$253,$83,$171,$0,$12,$205,$48,$-29,$19,$0,$19,$19,$81,$158,$48,$268,269,$0.30,$0.30,$753,$0,$0,$793,$6796,$0,$0,$120,$6916,$7709,$136,$3681,$1007,$4687,$4823,$3,$-1809,$-1,$2886,$7709,$89,$110,$-63,$47,$0,$0,$0,$-4,$-4,$132,$-79,$0,$0,$0,$70,$70,$-15,$-25,$-26,$36,$10,$-20,$-20,$-92,$-6,$-109,$-1,$4,$-91
3,2017-12-31,37.53,$10.59,3.55,$3.70,10.13,$1.27,29.66,$0.43,87.28,$0.76B,$0.16B,4.93,$3.67B,$2.79B,1.32,$1.00B,$0.68B,67.77%,$1.00B,$0.18B,18.47%,$1.00B,$0.18B,18.47%,$1.00B,$0.62B,62.25%,$1.00B,$0.09B,8.94%,$1.00B,$0.12B,11.75%,$0.12B,$2.84B,4.03%,$0.12B,$2.84B,4.03%,$0.12B,$7.73B,1.51%,$0.18B,$6.51B,2.81%,$253,$82,$171,$0,$12,$206,$47,$-14,$33,$-1,$34,$34,$68,$158,$47,$267,269,$0.26,$0.26,$743,$0,$0,$762,$6847,$0,$0,$124,$6971,$7733,$155,$3672,$1072,$4743,$4898,$3,$-1872,$-3,$2835,$7733,$133,$436,$-37,$400,$0,$0,$0,$-13,$-13,$519,$-375,$0,$-97,$0,$-53,$-53,$117,$-407,$272,$0,$272,$0,$0,$-363,$-21,$-112,$-0,$13,$-359
4,2017-09-30,36.76,$10.66,3.45,$3.67,10.01,$1.71,21.5,$1.06,34.68,$0.88B,$0.16B,5.45,$3.68B,$2.81B,1.31,$0.99B,$0.67B,67.85%,$0.99B,$0.19B,18.86%,$0.99B,$0.19B,18.86%,$0.99B,$0.62B,62.37%,$0.99B,$0.11B,11.36%,$0.99B,$0.29B,28.90%,$0.29B,$2.85B,9.59%,$0.29B,$2.85B,9.59%,$0.29B,$7.76B,3.68%,$0.19B,$6.53B,2.85%,$251,$82,$169,$0,$12,$206,$45,$-28,$18,$0,$18,$18,$15,$154,$45,$267,269,$0.06,$0.06,$862,$0,$0,$881,$6753,$0,$0,$127,$6880,$7761,$162,$3679,$124,$4746,$4908,$3,$-1843,$-4,$2853,$7761,$57,$325,$13,$338,$0,$0,$0,$-6,$-6,$389,$-285,$0,$-65,$0,$-99,$-99,$66,$-383,$259,$19,$278,$0,$0,$-271,$-13,$-6,$0,$10,$-268
5,2017-06-30,37.36,$10.83,3.45,$3.65,10.25,$2.00,18.65,$1.10,33.96,$0.88B,$0.14B,6.29,$3.64B,$2.85B,1.27,$0.98B,$0.67B,68.00%,$0.98B,$0.19B,19.12%,$0.98B,$0.19B,19.12%,$0.98B,$0.61B,62.78%,$0.98B,$0.12B,12.68%,$0.98B,$0.30B,30.27%,$0.30B,$2.90B,9.90%,$0.30B,$2.90B,9.90%,$0.30B,$7.77B,3.84%,$0.19B,$6.53B,2.87%,$248,$79,$169,$0,$11,$202,$46,$-35,$11,$0,$11,$11,$9,$156,$46,$267,269,$0.03,$0.03,$864,$0,$0,$881,$6757,$0,$0,$130,$6886,$7768,$140,$3635,$1095,$4729,$4869,$3,$-1793,$-4,$2898,$7768,$39,$217,$8,$224,$0,$0,$0,$-24,$-24,$240,$-182,$0,$-65,$0,$-64,$-64,$29,$-283,$215,$19,$234,$0,$0,$-179,$-13,$42,$-1,$7,$-177
6,2017-03-31,34.47,$11.37,3.03,$3.61,9.54,$2.20,15.7,$1.13,30.5,$0.86B,$0.13B,6.86,$3.54B,$2.99B,1.18,$0.97B,$0.66B,67.91%,$0.97B,$0.18B,18.89%,$0.97B,$0.18B,18.89%,$0.97B,$0.61B,62.64%,$0.97B,$0.13B,12.90%,$0.97B,$0.30B,31.37%,$0.30B,$3.04B,10.12%,$0.30B,$3.04B,10.12%,$0.30B,$7.74B,3.96%,$0.18B,$6.58B,2.82%,$244,$78,$166,$0,$13,$198,$46,$-19,$27,$0,$26,$26,$25,$152,$46,$267,269,$0.09,$0.09,$841,$0,$0,$861,$6761,$0,$0,$114,$6875,$7736,$126,$3537,$1033,$4570,$4696,$3,$-1645,$-4,$3040,$7736,$28,$107,$-4,$102,$0,$0,$0,$-10,$-10,$120,$-86,$0,$-65,$0,$-21,$-21,$10,$-163,$121,$15,$135,$0,$0,$-87,$-5,$43,$0,$3,$-86
7,2016-12-31,34.4,$11.59,2.97,$3.59,9.57,$2.26,15.2,$1.08,31.85,$0.87B,$0.15B,5.77,$3.40B,$3.05B,1.12,$0.96B,$0.65B,67.81%,$0.96B,$0.18B,18.23%,$0.96B,$0.18B,18.23%,$0.96B,$0.60B,62.50%,$0.96B,$0.11B,11.04%,$0.96B,$0.29B,30.00%,$0.29B,$3.10B,9.64%,$0.29B,$3.10B,9.64%,$0.29B,$7.68B,3.77%,$0.18B,$6.50B,2.72%,$243,$78,$165,$0,$13,$194,$49,$7,$56,$-3,$59,$59,$236,$153,$49,$265,267,$0.89,$0.88,$849,$0,$0,$869,$6692,$0,$0,$119,$6811,$7680,$150,$3401,$121,$4432,$4583,$3,$-1586,$-6,$3097,$7680,$320,$426,$-168,$258,$0,$0,$0,$-41,$-41,$537,$-275,$0,$-163,$0,$262,$262,$63,$-112,$-120,$-129,$-249,$173,$173,$-342,$-11,$-429,$-5,$13,$-339
8,2016-09-30,33.64,$10.95,3.07,$3.59,9.38,$2.18,15.41,$0.81,41.53,$0.96B,$0.16B,6.18,$3.54B,$2.88B,1.23,$0.96B,$0.65B,67.64%,$0.96B,$0.16B,16.86%,$0.96B,$0.16B,16.86%,$0.96B,$0.59B,61.68%,$0.96B,$0.05B,5.55%,$0.96B,$0.22B,22.72%,$0.22B,$2.93B,7.39%,$0.22B,$2.93B,7.39%,$0.22B,$7.65B,2.84%,$0.16B,$6.47B,2.50%,$243,$78,$165,$0,$12,$198,$46,$-16,$30,$0,$29,$29,$26,$153,$46,$266,268,$0.10,$0.10,$942,$0,$0,$962,$6480,$0,$0,$209,$6689,$7651,$156,$3544,$1025,$4569,$4725,$3,$-1747,$-11,$2926,$7651,$61,$322,$10,$332,$0,$0,$0,$-9,$-9,$383,$-201,$0,$-23,$0,$-8,$-8,$-40,$-272,$-123,$97,$-26,$173,$173,$-255,$-7,$-115,$-3,$11,$-252
9,2016-06-30,34.23,$11.04,3.1,$3.53,9.7,$2.01,17.06,$0.76,45.04,$0.98B,$0.14B,6.93,$3.47B,$2.90B,1.19,$0.93B,$0.63B,67.52%,$0.93B,$0.16B,16.61%,$0.93B,$0.16B,16.61%,$0.93B,$0.57B,60.88%,$0.93B,$0.04B,3.86%,$0.93B,$0.20B,21.76%,$0.20B,$2.95B,6.94%,$0.20B,$2.95B,6.94%,$0.20B,$7.61B,2.72%,$0.16B,$6.41B,2.42%,$239,$77,$162,$0,$11,$197,$42,$-30,$12,$-0,$12,$12,$17,$149,$42,$266,268,$0.06,$0.06,$959,$0,$0,$979,$6470,$0,$0,$161,$6631,$7610,$141,$3465,$1055,$4520,$4661,$3,$-1712,$-13,$2949,$7610,$31,$214,$2,$217,$0,$0,$0,$-21,$-21,$226,$-117,$0,$-17,$0,$1,$1,$11,$-122,$-216,$109,$-106,$173,$173,$-168,$-5,$-106,$-2,$7,$-166
10,2016-03-31,35.45,$11.13,3.18,$3.46,10.25,$1.99,17.84,$1.03,34.42,$0.04B,$0.12B,0.34,$3.41B,$2.93B,1.17,$0.91B,$0.61B,67.47%,$0.91B,$0.15B,16.70%,$0.91B,$0.15B,16.70%,$0.91B,$0.55B,60.44%,$0.91B,$0.03B,3.63%,$0.91B,$0.27B,29.89%,$0.27B,$2.97B,9.37%,$0.27B,$2.97B,9.37%,$0.27B,$7.60B,3.74%,$0.15B,$6.39B,2.37%,$235,$76,$159,$0,$14,$197,$38,$-30,$8,$-0,$9,$9,$9,$145,$38,$262,264,$0.04,$0.04,$25,$0,$0,$41,$6485,$0,$0,$1075,$7560,$7602,$122,$3412,$1094,$4505,$4628,$3,$-1685,$-12,$2974,$7602,$12,$107,$2,$109,$0,$0,$0,$-8,$-8,$113,$-62,$0,$0,$0,$9,$9,$8,$-45,$-86,$-74,$-159,$173,$173,$-81,$-4,$-71,$-3,$4,$-80
11,2015-12-31,34.3,$11.08,3.1,$3.42,10.03,$1.92,17.91,$1.27,27.01,$0.98B,$0.13B,7.6,$3.57B,$2.85B,1.25,$0.90B,$0.60B,67.49%,$0.90B,$0.16B,17.77%,$0.90B,$0.16B,17.77%,$0.90B,$0.54B,60.45%,$0.90B,$0.10B,11.28%,$0.90B,$0.34B,37.54%,$0.34B,$2.90B,11.74%,$0.34B,$2.90B,11.74%,$0.34B,$7.66B,4.73%,$0.16B,$6.47B,2.48%,$238,$78,$160,$0,$18,$203,$35,$-32,$3,$-1,$5,$5,$165,$142,$35,$259,264,$0.64,$0.63,$966,$0,$0,$983,$6543,$0,$0,$137,$6681,$7664,$129,$3571,$1063,$4634,$4763,$3,$-1584,$-13,$2901,$7664,$357,$381,$-266,$116,$0,$0,$0,$-14,$-14,$459,$-221,$0,$-245,$0,$170,$170,$30,$-265,$-93,$-3,$-95,$210,$210,$-298,$-19,$-202,$-8,$18,$-294
12,2015-09-30,31.24,$10.97,2.85,$3.35,9.34,$1.19,26.35,$0.91,34.33,$0.96B,$0.11B,8.57,$3.51B,$2.83B,1.24,$0.87B,$0.58B,67.36%,$0.87B,$0.16B,18.22%,$0.87B,$0.16B,18.22%,$0.87B,$0.53B,60.78%,$0.87B,$0.10B,11.19%,$0.87B,$0.24B,27.10%,$0.24B,$2.88B,8.33%,$0.24B,$2.88B,8.33%,$0.24B,$6.92B,3.41%,$0.16B,$6.39B,2.48%,$221,$73,$149,$0,$16,$181,$40,$-27,$13,$-1,$14,$14,$12,$132,$40,$259,261,$0.05,$0.05,$947,$0,$0,$962,$5825,$0,$0,$115,$5960,$6923,$112,$3513,$422,$3935,$4048,$3,$-1610,$-14,$2875,$6923,$180,$274,$-123,$152,$0,$0,$0,$-26,$-26,$306,$-174,$0,$0,$0,$-105,$-105,$51,$-228,$-33,$-43,$-75,$210,$210,$-221,$-5,$-92,$-14,$14,$-218
13,2015-06-30,28.78,$11.03,2.61,$3.31,8.69,$0.82,35.15,$1.02,28.21,$0.96B,$0.12B,8.1,$3.56B,$2.81B,1.27,$0.85B,$0.57B,66.82%,$0.85B,$0.15B,17.70%,$0.85B,$0.15B,17.70%,$0.85B,$0.52B,60.84%,$0.85B,$0.09B,10.79%,$0.85B,$0.26B,30.83%,$0.26B,$2.86B,9.41%,$0.26B,$2.86B,9.41%,$0.26B,$6.94B,3.82%,$0.15B,$6.42B,2.37%,$216,$70,$146,$0,$14,$177,$39,$-30,$9,$-1,$11,$11,$86,$131,$39,$258,263,$0.33,$0.33,$941,$0,$0,$956,$5867,$0,$0,$96,$5984,$6940,$118,$3564,$399,$3963,$4081,$3,$-1525,$-9,$2859,$6940,$166,$182,$-124,$58,$0,$0,$0,$-7,$-7,$217,$-115,$0,$0,$0,$-94,$-94,$45,$-164,$-330,$305,$-25,$109,$109,$-146,$-3,$-65,$-12,$9,$-144
14,2015-03-31,30.32,$10.85,2.79,$3.30,9.19,$0.47,64.51,$0.81,37.43,$0.81B,$0.11B,7.41,$3.52B,$2.76B,1.27,$0.84B,$0.56B,66.47%,$0.84B,$0.15B,17.24%,$0.84B,$0.15B,17.24%,$0.84B,$0.51B,60.76%,$0.84B,$0.09B,10.11%,$0.84B,$0.21B,24.49%,$0.21B,$2.81B,7.48%,$0.21B,$2.81B,7.48%,$0.21B,$6.86B,2.99%,$0.15B,$6.33B,2.28%,$220,$71,$149,$0,$12,$174,$45,$31,$76,$-0,$76,$76,$73,$136,$45,$257,259,$0.28,$0.28,$793,$0,$0,$809,$5932,$0,$0,$97,$6050,$6859,$109,$3517,$110,$3938,$4047,$3,$-1558,$-15,$2811,$6859,$76,$90,$-52,$38,$0,$0,$0,$-19,$-19,$96,$-64,$0,$0,$0,$-25,$-25,$40,$-50,$-327,$237,$-91,$109,$109,$-70,$-3,$-55,$-9,$4,$-69
15,2014-12-31,27.23,$10.72,2.54,$3.24,8.42,$0.33,83.0,$0.60,45.39,$0.77B,$0.14B,5.44,$3.57B,$2.69B,1.33,$0.82B,$0.54B,65.81%,$0.82B,$0.13B,15.51%,$0.82B,$0.13B,15.51%,$0.82B,$0.49B,59.95%,$0.82B,$0.00B,0.00%,$0.82B,$0.15B,18.32%,$0.15B,$2.74B,5.48%,$0.15B,$2.74B,5.48%,$0.15B,$6.83B,2.18%,$0.13B,$6.30B,1.99%,$210,$70,$140,$0,$12,$175,$34,$-35,$-1,$-7,$6,$6,$64,$128,$34,$252,253,$0.25,$0.24,$756,$0,$0,$770,$5948,$0,$0,$110,$6059,$6829,$141,$3565,$386,$3951,$4093,$3,$-1529,$-9,$2736,$6829,$160,$364,$-120,$244,$0,$0,$0,$-7,$-7,$397,$-354,$0,$-229,$0,$161,$161,$123,$-299,$-89,$153,$63,$100,$100,$-270,$-7,$-114,$-15,$14,$-266
16,2014-09-30,23.86,$10.89,2.19,$3.18,7.5,$-0.25,0.0,$0.49,48.69,$0.71B,$0.14B,5.1,$3.63B,$2.73B,1.33,$0.80B,$0.53B,65.46%,$0.80B,$0.12B,14.46%,$0.80B,$0.12B,14.46%,$0.80B,$0.48B,59.60%,$0.80B,$-0.00B,-0.25%,$0.80B,$0.12B,15.21%,$0.12B,$2.78B,4.43%,$0.12B,$2.78B,4.43%,$0.12B,$6.90B,1.78%,$0.12B,$6.41B,1.82%,$207,$71,$135,$0,$12,$174,$33,$-25,$8,$-2,$11,$11,$40,$124,$33,$252,254,$0.16,$0.16,$689,$0,$0,$707,$6049,$0,$0,$117,$6191,$6898,$139,$3628,$352,$3980,$4119,$3,$-1494,$-1,$2779,$6898,$92,$270,$-65,$205,$0,$0,$0,$-15,$-15,$282,$-247,$0,$-199,$0,$67,$67,$79,$-301,$-52,$160,$108,$100,$100,$-200,$-4,$3,$-16,$0,$-197
17,2014-06-30,24.84,$10.67,2.33,$3.13,7.94,$-0.74,0.0,$0.34,73.05,$0.71B,$0.14B,5.23,$3.75B,$2.64B,1.42,$0.79B,$0.51B,65.27%,$0.79B,$0.12B,14.89%,$0.79B,$0.12B,14.89%,$0.79B,$0.47B,60.18%,$0.79B,$-0.01B,-1.27%,$0.79B,$0.08B,10.69%,$0.08B,$2.68B,3.04%,$0.08B,$2.68B,3.04%,$0.08B,$6.93B,1.23%,$0.12B,$6.43B,1.84%,$204,$68,$135,$0,$13,$171,$33,$-31,$2,$-2,$4,$4,$29,$123,$33,$250,252,$0.12,$0.12,$663,$0,$0,$707,$5998,$0,$0,$202,$6225,$6932,$135,$3748,$366,$4114,$4249,$3,$-1479,$-2,$2683,$6932,$50,$180,$-39,$141,$0,$0,$0,$-5,$-5,$186,$-176,$0,$-78,$0,$-73,$-73,$47,$-280,$-50,$277,$226,$0,$0,$-131,$-5,$90,$-3,$0,$-129
18,2014-03-31,22.18,$10.91,2.03,$3.07,7.22,$-1.12,0.0,$0.24,92.43,$0.64B,$0.12B,5.18,$3.63B,$2.70B,1.35,$0.77B,$0.50B,65.03%,$0.77B,$0.12B,14.90%,$0.77B,$0.12B,14.90%,$0.77B,$0.47B,60.49%,$0.77B,$-0.01B,-1.30%,$0.77B,$0.06B,7.64%,$0.06B,$2.74B,2.10%,$0.06B,$2.74B,2.10%,$0.06B,$6.83B,0.87%,$0.12B,$6.37B,1.82%,$198,$69,$129,$0,$12,$172,$27,$-35,$-9,$-3,$-5,$-5,$17,$116,$27,$250,252,$0.07,$0.07,$557,$0,$0,$642,$6035,$0,$0,$132,$6193,$6834,$124,$3628,$340,$3968,$4092,$3,$-1415,$-4,$2742,$6834,$19,$90,$-17,$73,$0,$0,$0,$-9,$-9,$83,$-87,$0,$-78,$0,$26,$26,$2,$-137,$-182,$288,$106,$0,$0,$-62,$-3,$40,$-14,$0,$-61
19,2013-12-31,19.85,$11.22,1.77,$3.03,6.56,$-1.28,0.0,$0.17,116.78,$0.14B,$0.17B,0.83,$3.52B,$2.77B,1.27,$0.76B,$0.49B,64.95%,$0.76B,$0.12B,15.55%,$0.76B,$0.12B,15.55%,$0.76B,$0.47B,61.26%,$0.76B,$-0.00B,-0.53%,$0.76B,$0.04B,5.40%,$0.04B,$2.81B,1.43%,$0.04B,$2.81B,1.43%,$0.04B,$6.81B,0.60%,$0.12B,$6.34B,1.86%,$193,$67,$126,$0,$12,$170,$23,$-26,$-3,$0,$-3,$-3,$36,$115,$23,$250,250,$0.13,$0.13,$53,$0,$0,$136,$5999,$0,$0,$646,$6672,$6808,$165,$3524,$307,$3830,$3995,$3,$-1342,$-5,$2813,$6808,$46,$348,$-23,$325,$0,$0,$0,$-32,$-32,$340,$-442,$0,$0,$0,$207,$207,$112,$-123,$131,$-76,$55,$0,$0,$-245,$-9,$-199,$18,$10,$-241
20,2013-09-30,19.95,$11.28,1.77,$2.99,6.67,$-1.18,0.0,$-0.02,0.0,$0.63B,$0.15B,4.1,$3.46B,$2.78B,1.25,$0.74B,$0.48B,65.09%,$0.74B,$0.11B,14.69%,$0.74B,$0.11B,14.69%,$0.74B,$0.45B,60.51%,$0.74B,$-0.04B,-5.66%,$0.74B,$-0.01B,-1.08%,$-0.01B,$2.83B,-0.28%,$-0.01B,$2.83B,-0.28%,$-0.01B,$6.76B,-0.12%,$0.11B,$6.29B,1.72%,$191,$68,$123,$0,$11,$158,$34,$-34,$-0,$-3,$2,$2,$2,$119,$34,$250,251,$0.01,$0.01,$566,$0,$0,$633,$5960,$0,$0,$136,$6123,$6756,$154,$3463,$310,$3773,$3927,$3,$-1321,$-7,$2829,$6756,$8,$256,$18,$274,$0,$0,$0,$-21,$-21,$261,$-349,$0,$0,$0,$116,$116,$104,$-129,$133,$-76,$57,$0,$0,$-183,$-8,$-134,$-1,$0,$-180
21,2013-06-30,21.25,$11.44,1.86,$2.97,7.15,$-0.96,0.0,$-0.07,0.0,$0.63B,$0.16B,4.08,$3.40B,$2.82B,1.2,$0.74B,$0.48B,65.08%,$0.74B,$0.10B,12.91%,$0.74B,$0.10B,12.91%,$0.74B,$0.44B,59.65%,$0.74B,$-0.05B,-7.34%,$0.74B,$-0.02B,-2.72%,$-0.02B,$2.87B,-0.68%,$-0.02B,$2.87B,-0.68%,$-0.02B,$6.74B,-0.29%,$0.10B,$6.26B,1.49%,$190,$66,$124,$0,$10,$159,$31,$-29,$2,$-3,$5,$5,$4,$117,$31,$250,251,$0.02,$0.02,$567,$0,$0,$634,$5945,$0,$0,$138,$6110,$6744,$155,$3395,$326,$3721,$3876,$3,$-1279,$-8,$2867,$6744,$5,$171,$8,$179,$0,$0,$0,$-12,$-12,$172,$-259,$0,$0,$0,$123,$123,$100,$-36,$-165,$153,$-13,$0,$0,$-121,$-6,$-140,$-3,$0,$-119
22,2013-03-31,19.97,$11.69,1.71,$2.99,6.68,$-0.71,0.0,$0.53,37.69,$0.56B,$0.12B,4.53,$3.50B,$2.89B,1.21,$0.73B,$0.47B,65.01%,$0.73B,$0.08B,11.29%,$0.73B,$0.08B,11.29%,$0.73B,$0.43B,58.54%,$0.73B,$-0.08B,-11.29%,$0.73B,$0.12B,16.80%,$0.12B,$2.93B,4.03%,$0.12B,$2.93B,4.03%,$0.12B,$6.89B,1.77%,$0.08B,$6.43B,1.28%,$185,$65,$120,$0,$9,$155,$30,$-33,$-3,$-2,$-1,$-1,$-1,$114,$30,$250,250,$0.00,$0.00,$493,$0,$0,$559,$6175,$0,$0,$133,$6331,$6891,$124,$3499,$336,$3835,$3959,$3,$-1210,$-9,$2932,$6891,$-0,$85,$5,$90,$0,$0,$0,$-23,$-23,$67,$-112,$0,$0,$0,$-1,$-1,$12,$-101,$-3,$94,$91,$0,$0,$-58,$-3,$29,$-5,$0,$-57
23,2012-12-31,19.46,$11.97,1.63,$3.04,6.4,$-0.59,0.0,$0.89,21.86,$0.10B,$0.15B,0.67,$3.41B,$2.95B,1.16,$0.72B,$0.47B,65.08%,$0.72B,$0.07B,9.50%,$0.72B,$0.07B,9.50%,$0.72B,$0.42B,58.94%,$0.72B,$-0.08B,-10.75%,$0.72B,$0.20B,28.49%,$0.20B,$2.99B,6.97%,$0.20B,$2.99B,6.97%,$0.20B,$6.86B,2.95%,$0.07B,$6.40B,1.06%,$176,$60,$116,$0,$11,$162,$14,$-55,$-41,$-25,$-16,$-16,$-13,$99,$14,$239,239,$-0.10,$-0.10,$36,$0,$0,$100,$6131,$0,$0,$603,$6759,$6859,$150,$3409,$306,$3716,$3865,$3,$-1144,$-11,$2994,$6859,$220,$355,$-239,$116,$0,$0,$0,$-9,$-9,$327,$-400,$0,$-108,$0,$310,$310,$-13,$-212,$-195,$-345,$-540,$756,$675,$-223,$-27,$-116,$-0,$0,$-217
24,2012-09-30,19.94,$12.22,1.63,$3.09,6.46,$-0.05,0.0,$1.14,17.49,$0.17B,$0.15B,1.12,$3.34B,$3.01B,1.11,$0.70B,$0.45B,64.47%,$0.70B,$0.09B,13.32%,$0.70B,$0.09B,13.32%,$0.70B,$0.45B,64.90%,$0.70B,$-0.07B,-10.32%,$0.70B,$0.26B,37.39%,$0.26B,$3.06B,9.47%,$0.26B,$3.06B,9.47%,$0.26B,$6.91B,3.79%,$0.09B,$6.40B,1.46%,$185,$66,$119,$0,$10,$165,$20,$-31,$-12,$-3,$-9,$-9,$-10,$109,$20,$250,250,$-0.04,$-0.04,$107,$0,$0,$171,$6009,$0,$0,$704,$6739,$6911,$153,$3343,$359,$3702,$3855,$3,$-1082,$-13,$3056,$6911,$233,$270,$-227,$43,$0,$0,$0,$2,$-26,$250,$-282,$0,$-17,$0,$272,$272,$-35,$-61,$-187,$-421,$-608,$756,$675,$-165,$-20,$-118,$70,$0,$-159
25,2012-06-30,20.59,$12.45,1.65,$3.14,6.56,$0.23,89.75,$1.11,18.55,$0.83B,$0.15B,5.63,$3.35B,$3.07B,1.09,$0.68B,$0.44B,64.66%,$0.68B,$0.05B,6.60%,$0.68B,$0.05B,6.60%,$0.68B,$0.42B,61.14%,$0.68B,$-0.09B,-13.20%,$0.68B,$0.26B,37.39%,$0.26B,$3.12B,9.90%,$0.26B,$3.12B,9.90%,$0.26B,$6.97B,3.72%,$0.05B,$6.46B,0.71%,$180,$63,$117,$0,$14,$163,$18,$-43,$-26,$-3,$-23,$-23,$146,$103,$18,$234,234,$0.62,$0.62,$789,$0,$0,$828,$5992,$0,$0,$124,$6144,$6973,$147,$3345,$366,$3711,$3858,$3,$-1024,$-14,$3115,$6973,$243,$181,$-259,$-78,$0,$0,$0,$-13,$-13,$152,$-175,$0,$-13,$0,$297,$297,$-34,$75,$-186,$-421,$-607,$756,$675,$-108,$-16,$-56,$172,$0,$-102
26,2012-03-31,21.11,$11.13,1.9,$3.17,6.65,$0.49,43.39,$0.55,38.38,$0.59B,$0.12B,4.81,$3.91B,$2.41B,1.62,$0.66B,$0.42B,64.58%,$0.66B,$0.03B,4.89%,$0.66B,$0.03B,4.89%,$0.66B,$0.41B,62.90%,$0.66B,$-0.10B,-14.96%,$0.66B,$0.12B,18.47%,$0.12B,$2.54B,5.37%,$0.12B,$2.54B,5.37%,$0.12B,$6.94B,1.83%,$0.03B,$6.45B,0.52%,$175,$61,$114,$0,$9,$160,$16,$-14,$2,$0,$2,$2,$81,$111,$16,$222,222,$0.37,$0.37,$577,$0,$0,$590,$6189,$0,$0,$132,$6353,$6943,$123,$3913,$117,$4282,$4405,$2,$-1127,$-14,$2538,$6943,$87,$95,$-100,$-4,$0,$0,$0,$-12,$-12,$70,$-84,$0,$0,$0,$-129,$-129,$-12,$-224,$224,$-224,$-0,$201,$201,$-52,$-3,$145,$-9,$0,$-50
27,2011-12-31,19.66,$10.56,1.86,$3.16,6.21,$0.60,32.63,$0.02,982.86,$0.04B,$0.13B,0.28,$3.92B,$2.19B,1.79,$0.62B,$0.40B,64.15%,$0.62B,$0.02B,3.70%,$0.62B,$0.02B,3.70%,$0.62B,$0.40B,63.83%,$0.62B,$-0.13B,-21.38%,$0.62B,$0.01B,1.61%,$0.01B,$2.32B,0.49%,$0.01B,$2.32B,0.49%,$0.01B,$6.72B,0.16%,$0.02B,$6.24B,0.40%,$158,$59,$100,$0,$12,$119,$39,$-75,$-36,$0,$-30,$-30,$44,$130,$39,$201,201,$0.23,$0.23,$37,$0,$0,$37,$6243,$0,$0,$411,$6684,$6721,$132,$3918,$116,$4270,$4403,$2,$-1143,$-14,$2319,$6721,$21,$374,$-103,$272,$0,$0,$0,$-41,$-41,$251,$-203,$0,$-989,$10,$217,$227,$-90,$-1055,$-270,$389,$120,$880,$876,$-171,$-19,$806,$3,$0,$-161
28,2011-09-30,17.19,$10.64,1.62,$2.84,6.04,$0.63,27.38,$-0.35,0.0,$0.04B,$0.16B,0.25,$3.99B,$2.20B,1.81,$0.54B,$0.35B,65.43%,$0.54B,$-0.16B,-29.02%,$0.54B,$-0.16B,-29.02%,$0.54B,$0.21B,39.37%,$0.54B,$-0.13B,-24.03%,$0.54B,$-0.07B,-12.01%,$-0.07B,$2.33B,-3.51%,$-0.07B,$2.33B,-3.51%,$-0.07B,$6.81B,-1.09%,$-0.16B,$6.32B,-2.83%,$169,$59,$110,$0,$12,$197,$-28,$-2,$-30,$0,$-30,$-30,$-16,$73,$-28,$214,214,$-0.07,$-0.07,$33,$0,$0,$41,$6423,$0,$0,$317,$6764,$6805,$162,$3989,$323,$4312,$4474,$2,$-1111,$-15,$2331,$6805,$-28,$283,$-46,$238,$0,$0,$0,$-27,$-27,$183,$-151,$0,$-943,$5,$30,$34,$-27,$-1087,$-160,$330,$170,$868,$865,$-123,$-4,$908,$4,$8,$-116
29,2011-06-30,18.91,$9.31,2.03,$2.97,6.36,$0.61,31.01,$-0.44,0.0,$0.05B,$0.14B,0.35,$3.70B,$1.70B,2.17,$0.52B,$0.34B,64.31%,$0.52B,$-0.12B,-23.09%,$0.52B,$-0.12B,-23.09%,$0.52B,$0.23B,43.32%,$0.52B,$-0.13B,-24.62%,$0.52B,$-0.08B,-14.31%,$-0.08B,$1.83B,-4.44%,$-0.08B,$1.83B,-4.44%,$-0.08B,$5.96B,-1.34%,$-0.12B,$5.53B,-2.30%,$153,$55,$99,$0,$13,$149,$5,$-39,$-34,$0,$-34,$-34,$12,$98,$5,$190,190,$0.06,$0.06,$42,$0,$0,$50,$5573,$0,$0,$315,$5912,$5962,$142,$3700,$289,$3989,$4131,$2,$-1075,$-10,$1831,$5962,$-14,$182,$-35,$148,$0,$0,$0,$-20,$-19,$115,$-85,$0,$-109,$3,$-4,$-0,$-72,$-266,$-57,$-27,$-83,$329,$325,$-76,$-3,$163,$12,$5,$-71
30,2011-03-31,18.62,$8.74,2.13,$3.09,6.02,$0.46,40.83,$-0.68,0.0,$0.18B,$0.13B,1.43,$3.52B,$1.51B,2.34,$0.52B,$0.33B,63.46%,$0.52B,$-0.12B,-22.50%,$0.52B,$-0.12B,-22.50%,$0.52B,$0.22B,41.54%,$0.52B,$-0.12B,-23.85%,$0.52B,$-0.12B,-22.31%,$-0.12B,$1.64B,-7.37%,$-0.12B,$1.64B,-7.37%,$-0.12B,$5.50B,-2.15%,$-0.12B,$5.16B,-2.31%,$142,$53,$90,$0,$11,$135,$7,$-40,$-33,$0,$-33,$-33,$-30,$96,$7,$183,183,$-0.17,$-0.17,$176,$0,$0,$184,$5200,$0,$0,$96,$5318,$5502,$129,$3519,$93,$3735,$3865,$2,$-1045,$-4,$1637,$5502,$-29,$88,$5,$94,$0,$0,$0,$-18,$-17,$48,$-38,$0,$0,$0,$-2,$-2,$-17,$-57,$-203,$154,$-49,$98,$98,$-37,$-0,$11,$2,$3,$-35
31,2010-12-31,17.82,$8.82,2.02,$3.25,5.48,$0.40,44.38,$-0.68,0.0,$0.04B,$0.14B,0.26,$3.57B,$1.48B,2.41,$0.53B,$0.33B,62.86%,$0.53B,$-0.12B,-21.90%,$0.53B,$-0.12B,-21.90%,$0.53B,$0.21B,39.05%,$0.53B,$-0.12B,-22.48%,$0.53B,$-0.11B,-21.33%,$-0.11B,$1.61B,-7.38%,$-0.11B,$1.61B,-7.38%,$-0.11B,$5.53B,-2.11%,$-0.12B,$5.18B,-2.31%,$77,$22,$55,$0,$13,$219,$-141,$108,$-33,$0,$-33,$-33,$-31,$-54,$-141,$166,166,$-0.17,$-0.17,$29,$0,$0,$37,$5243,$0,$0,$223,$5493,$5530,$141,$3568,$92,$3778,$3920,$2,$-974,$-3,$1610,$5530,$-107,$321,$5,$326,$0,$0,$0,$-5,$-5,$214,$-170,$0,$-348,$39,$-90,$-51,$-15,$-584,$201,$-158,$43,$473,$472,$-135,$-8,$373,$4,$11,$-125
32,2010-09-30,15.87,$9.20,1.72,$3.45,4.6,$-0.17,0.0,$-0.67,0.0,$0.09B,$0.11B,0.81,$3.48B,$1.54B,2.25,$0.55B,$0.34B,61.79%,$0.55B,$0.05B,8.59%,$0.55B,$0.05B,8.59%,$0.55B,$0.36B,64.90%,$0.55B,$-0.11B,-20.84%,$0.55B,$-0.11B,-19.38%,$-0.11B,$1.68B,-7.24%,$-0.11B,$1.68B,-7.24%,$-0.11B,$5.48B,-2.04%,$0.05B,$5.16B,0.96%,$152,$59,$93,$0,$12,$145,$8,$-36,$-29,$0,$-29,$-29,$-26,$87,$8,$165,165,$-0.16,$-0.16,$83,$0,$0,$91,$5292,$0,$0,$68,$5386,$5477,$113,$3480,$92,$3689,$3802,$2,$-895,$-4,$1676,$5477,$-77,$234,$11,$245,$0,$0,$0,$-7,$-10,$157,$-136,$0,$-343,$0,$15,$15,$-15,$-479,$33,$-77,$-44,$472,$472,$-97,$-5,$325,$4,$9,$-90
33,2010-06-30,14.24,$8.42,1.69,$3.54,4.02,$-0.45,0.0,$-0.78,0.0,$0.08B,$0.10B,0.85,$3.41B,$1.24B,2.75,$0.55B,$0.34B,62.09%,$0.55B,$0.04B,6.59%,$0.55B,$0.04B,6.59%,$0.55B,$0.34B,62.09%,$0.55B,$-0.13B,-23.08%,$0.55B,$-0.12B,-22.16%,$-0.12B,$1.37B,-8.61%,$-0.12B,$1.37B,-8.61%,$-0.12B,$5.08B,-2.38%,$0.04B,$4.79B,0.75%,$149,$57,$92,$0,$10,$140,$9,$-37,$-29,$0,$-29,$-29,$-29,$87,$9,$161,161,$-0.18,$-0.18,$73,$0,$0,$81,$4916,$0,$0,$57,$4998,$5079,$95,$3412,$86,$3611,$3706,$2,$-822,$-4,$1373,$5079,$-53,$154,$10,$164,$0,$0,$0,$-10,$-10,$102,$-101,$0,$0,$0,$-6,$-6,$-16,$-122,$38,$-55,$-18,$108,$107,$-65,$-2,$23,$2,$6,$-60
34,2010-03-31,13.01,$8.75,1.49,$3.66,3.56,$-0.57,0.0,$-0.70,0.0,$0.09B,$0.09B,0.94,$3.41B,$1.28B,2.67,$0.55B,$0.35B,62.57%,$0.55B,$0.05B,8.32%,$0.55B,$0.05B,8.32%,$0.55B,$0.34B,62.21%,$0.55B,$-0.11B,-20.25%,$0.55B,$-0.11B,-19.35%,$-0.11B,$1.41B,-7.44%,$-0.11B,$1.41B,-7.44%,$-0.11B,$5.12B,-2.12%,$0.05B,$4.83B,0.96%,$147,$57,$90,$0,$10,$138,$9,$-36,$-27,$0,$-27,$-27,$-26,$85,$9,$156,156,$-0.17,$-0.17,$80,$0,$0,$88,$4938,$0,$0,$63,$5028,$5116,$93,$3414,$91,$3610,$3704,$2,$-752,$-1,$1412,$5116,$-25,$76,$4,$81,$0,$0,$0,$-15,$-15,$42,$-41,$0,$0,$0,$-0,$-0,$-16,$-57,$55,$-68,$-13,$77,$77,$-32,$-2,$30,$14,$3,$-29
35,2009-12-31,11.98,$9.00,1.33,$3.80,3.16,$-0.54,0.0,$-0.63,0.0,$0.06B,$0.12B,0.52,$3.43B,$1.27B,2.71,$0.56B,$0.35B,62.99%,$0.56B,$0.05B,9.61%,$0.56B,$0.05B,9.61%,$0.56B,$0.35B,62.10%,$0.56B,$-0.10B,-17.44%,$0.56B,$-0.10B,-17.08%,$-0.10B,$1.40B,-6.53%,$-0.10B,$1.40B,-6.53%,$-0.10B,$5.13B,-1.89%,$0.05B,$4.83B,1.13%,$99,$36,$63,$0,$12,$79,$21,$-50,$-29,$0,$-29,$-29,$-25,$96,$21,$149,149,$-0.16,$-0.16,$53,$0,$0,$60,$4964,$0,$0,$82,$5072,$5133,$117,$3427,$91,$3617,$3734,$2,$-687,$0,$1399,$5133,$-92,$296,$19,$314,$0,$0,$0,$4,$7,$229,$-275,$0,$-29,$-31,$-25,$-56,$201,$-158,$-141,$189,$48,$67,$45,$-163,$-9,$-78,$-7,$8,$-152
36,2009-09-30,11.34,$9.40,1.21,$4.31,2.63,$-1.21,0.0,$-0.57,0.0,$0.13B,$0.11B,1.21,$3.28B,$1.28B,2.56,$0.62B,$0.39B,63.15%,$0.62B,$0.04B,6.98%,$0.62B,$0.04B,6.98%,$0.62B,$0.34B,55.03%,$0.62B,$-0.09B,-14.12%,$0.62B,$-0.09B,-14.45%,$-0.09B,$1.44B,-6.03%,$-0.09B,$1.44B,-6.03%,$-0.09B,$5.01B,-1.75%,$0.04B,$4.71B,0.90%,$151,$57,$94,$0,$9,$154,$-3,$-38,$-41,$0,$-41,$-41,$-41,$71,$-3,$150,150,$-0.27,$-0.27,$124,$0,$0,$131,$4785,$0,$0,$69,$4879,$5010,$108,$3275,$90,$3465,$3573,$2,$-628,$-3,$1437,$5010,$-66,$220,$15,$236,$0,$0,$0,$18,$18,$190,$-212,$0,$-29,$-31,$-24,$-55,$200,$-96,$-1,$25,$24,$31,$31,$-131,$-5,$-82,$12,$6,$-123
37,2009-06-30,7.3,$10.00,0.73,$4.44,1.64,$-1.68,0.0,$-0.36,0.0,$0.12B,$0.10B,1.24,$3.21B,$1.35B,2.38,$0.62B,$0.40B,63.50%,$0.62B,$0.07B,10.77%,$0.62B,$0.07B,10.77%,$0.62B,$0.35B,56.91%,$0.62B,$-0.06B,-10.13%,$0.62B,$-0.06B,-9.32%,$-0.06B,$1.51B,-3.92%,$-0.06B,$1.51B,-3.92%,$-0.06B,$4.97B,-1.14%,$0.07B,$4.72B,1.40%,$156,$57,$99,$0,$9,$137,$19,$-33,$-15,$0,$-15,$-15,$-15,$92,$19,$149,149,$-0.10,$-0.10,$111,$0,$0,$119,$4754,$0,$0,$72,$4852,$4971,$96,$3214,$90,$3369,$3465,$2,$-523,$-5,$1506,$4971,$-26,$147,$-3,$143,$0,$0,$0,$6,$7,$124,$-141,$0,$0,$-31,$-17,$-48,$200,$10,$-97,$61,$-36,$-2,$-2,$-100,$-4,$-142,$-8,$4,$-94
38,2009-03-31,5.86,$10.32,0.57,$4.46,1.31,$-1.96,0.0,$-0.28,0.0,$0.33B,$0.11B,3.09,$3.36B,$1.38B,2.43,$0.61B,$0.39B,63.78%,$0.61B,$0.07B,11.09%,$0.61B,$0.07B,11.09%,$0.61B,$0.36B,58.08%,$0.61B,$-0.06B,-10.11%,$0.61B,$-0.05B,-7.67%,$-0.05B,$1.54B,-3.17%,$-0.05B,$1.54B,-3.17%,$-0.05B,$5.19B,-0.92%,$0.07B,$4.90B,1.42%,$156,$57,$98,$0,$9,$139,$17,$-30,$-13,$0,$-13,$-13,$-15,$90,$17,$144,144,$-0.11,$-0.11,$125,$0,$0,$333,$4756,$0,$0,$67,$4853,$5186,$108,$3360,$110,$3540,$3648,$1,$-471,$-11,$1538,$5186,$-13,$73,$-3,$70,$0,$0,$0,$14,$15,$72,$-67,$0,$0,$-31,$-1,$-32,$0,$-99,$55,$51,$106,$-1,$-1,$-49,$-3,$52,$24,$2,$-47
39,2008-12-31,9.39,$10.33,0.91,$4.30,2.18,$-2.26,0.0,$5.30,1.77,$0.23B,$0.11B,2.15,$3.26B,$1.26B,2.58,$0.59B,$0.38B,64.29%,$0.59B,$0.07B,12.07%,$0.59B,$0.07B,12.07%,$0.59B,$0.34B,58.50%,$0.59B,$-0.06B,-10.71%,$0.59B,$0.69B,117.18%,$0.69B,$1.42B,45.98%,$0.69B,$1.42B,45.98%,$0.69B,$5.14B,13.54%,$0.07B,$4.68B,1.49%,$153,$55,$98,$0,$9,$143,$10,$-29,$-18,$0,$-18,$-18,$-18,$86,$10,$130,130,$0.34,$0.34,$20,$0,$0,$228,$4753,$0,$0,$134,$4916,$5144,$106,$3261,$249,$3618,$3724,$1,$-449,$-12,$1419,$5144,$744,$271,$-800,$-529,$0,$0,$0,$-29,$-29,$180,$-307,$0,$-937,$0,$1485,$1485,$60,$302,$17,$-310,$-293,$45,$25,$-198,$-7,$-473,$10,$7,$-186
40,2008-09-30,16.39,$11.32,1.45,$4.01,4.09,$-1.52,0.0,$6.15,2.67,$0.27B,$0.09B,2.95,$3.35B,$1.29B,2.59,$0.55B,$0.35B,63.65%,$0.55B,$0.06B,10.67%,$0.55B,$0.06B,10.67%,$0.55B,$0.33B,59.49%,$0.55B,$-0.07B,-13.20%,$0.55B,$0.80B,145.03%,$0.80B,$1.45B,57.35%,$0.80B,$1.45B,57.35%,$0.80B,$5.10B,16.03%,$0.06B,$4.80B,1.25%,$157,$57,$100,$0,$10,$136,$21,$-38,$-17,$0,$-17,$-17,$-10,$86,$21,$137,137,$-0.07,$-0.07,$60,$0,$0,$267,$4716,$0,$0,$86,$4833,$5100,$91,$3351,$109,$3560,$3651,$1,$-199,$1,$1449,$5100,$762,$195,$-786,$-591,$0,$0,$0,$-28,$-28,$139,$-224,$0,$-910,$0,$1483,$1483,$60,$410,$-46,$-193,$-239,$-138,$-158,$-147,$-4,$-549,$-0,$5,$-138
41,2008-06-30,13.82,$11.92,1.16,$3.87,3.57,$-1.11,0.0,$6.77,2.04,$0.28B,$0.08B,3.68,$3.22B,$1.35B,2.39,$0.53B,$0.34B,63.96%,$0.53B,$0.07B,12.64%,$0.53B,$0.07B,12.64%,$0.53B,$0.34B,64.15%,$0.53B,$-0.07B,-13.02%,$0.53B,$0.89B,167.55%,$0.89B,$1.53B,69.20%,$0.89B,$1.53B,69.20%,$0.89B,$5.04B,18.14%,$0.07B,$4.75B,1.45%,$147,$51,$95,$0,$10,$126,$20,$-34,$-14,$0,$-14,$-14,$-4,$94,$20,$138,138,$-0.03,$-0.03,$58,$0,$0,$283,$4415,$0,$0,$306,$4753,$5036,$77,$3220,$107,$3430,$3507,$1,$-149,$1,$1529,$5036,$772,$131,$-781,$-650,$0,$0,$0,$-36,$-40,$83,$-137,$0,$-642,$0,$1473,$1473,$-194,$500,$-62,$-290,$-352,$-131,$-131,$-99,$-3,$-585,$-2,$4,$-93
42,2008-03-31,14.94,$12.34,1.21,$3.75,3.99,$-0.95,0.0,$6.80,2.2,$0.34B,$0.08B,4.2,$3.18B,$1.42B,2.25,$0.51B,$0.33B,64.12%,$0.51B,$0.07B,14.12%,$0.51B,$0.07B,14.12%,$0.51B,$0.34B,66.27%,$0.51B,$-0.07B,-13.53%,$0.51B,$0.89B,175.10%,$0.89B,$1.60B,78.04%,$0.89B,$1.60B,78.04%,$0.89B,$5.07B,18.46%,$0.07B,$4.78B,1.57%,$131,$46,$85,$0,$10,$111,$20,$-35,$-14,$0,$-14,$-14,$721,$78,$20,$143,143,$5.05,$5.05,$117,$0,$0,$337,$4288,$0,$0,$411,$4733,$5070,$80,$3179,$106,$3393,$3474,$1,$-104,$-3,$1597,$5070,$772,$58,$-769,$-712,$0,$0,$0,$-37,$-38,$22,$-61,$0,$-513,$0,$1451,$1451,$-300,$577,$-78,$-310,$-387,$-102,$-102,$-50,$-3,$-543,$57,$2,$-47
43,2007-12-31,11.89,$7.06,1.68,$3.77,3.16,$-0.92,0.0,$1.53,7.77,$0.02B,$0.09B,0.23,$3.50B,$0.84B,4.18,$0.51B,$0.32B,63.96%,$0.51B,$0.08B,15.25%,$0.51B,$0.08B,15.25%,$0.51B,$0.35B,69.70%,$0.51B,$-0.07B,-13.66%,$0.51B,$0.20B,39.60%,$0.20B,$1.02B,19.88%,$0.20B,$1.02B,19.88%,$0.20B,$4.80B,4.20%,$0.08B,$4.52B,1.71%,$118,$46,$72,$0,$11,$120,$-2,$-26,$-28,$0,$-28,$83,$95,$71,$-2,$134,134,$0.70,$0.70,$8,$0,$0,$21,$4585,$0,$0,$162,$4780,$4801,$89,$3503,$128,$3693,$3782,$1,$-916,$-1,$1019,$4801,$227,$275,$-227,$48,$0,$0,$0,$-12,$-12,$269,$-300,$0,$-436,$0,$712,$712,$-66,$-90,$-112,$222,$110,$-75,$-76,$-201,$-11,$-178,$1,$6,$-188
44,2007-09-30,14.38,$7.35,1.96,$3.79,3.8,$-1.31,0.0,$0.94,15.3,$0.04B,$0.11B,0.4,$3.44B,$0.81B,4.27,$0.51B,$0.33B,64.10%,$0.51B,$0.06B,10.85%,$0.51B,$0.06B,10.85%,$0.51B,$0.32B,63.12%,$0.51B,$-0.07B,-12.82%,$0.51B,$0.13B,24.85%,$0.13B,$0.99B,12.41%,$0.13B,$0.99B,12.41%,$0.13B,$4.68B,2.67%,$0.06B,$4.43B,1.23%,$134,$48,$87,$0,$9,$105,$29,$-43,$-13,$0,$-13,$-13,$76,$97,$29,$134,134,$0.56,$0.56,$37,$0,$0,$43,$4530,$0,$0,$63,$4631,$4675,$108,$3439,$81,$3579,$3687,$1,$-840,$0,$988,$4675,$117,$201,$-126,$75,$0,$0,$0,$-3,$3,$195,$-224,$0,$-198,$0,$405,$405,$-11,$-28,$-37,$83,$45,$-49,$-50,$-151,$-12,$-167,$0,$5,$-141
45,2007-06-30,15.36,$7.21,2.13,$4.07,3.78,$-1.39,0.0,$0.80,19.2,$0.02B,$0.10B,0.15,$3.59B,$0.79B,4.54,$0.55B,$0.34B,62.94%,$0.55B,$0.07B,11.93%,$0.55B,$0.07B,11.93%,$0.55B,$0.33B,60.55%,$0.55B,$-0.06B,-11.01%,$0.55B,$0.11B,19.45%,$0.11B,$0.97B,10.21%,$0.11B,$0.97B,10.21%,$0.11B,$4.80B,2.24%,$0.07B,$4.57B,1.45%,$127,$44,$83,$0,$10,$103,$25,$-38,$-14,$0,$-14,$-13,$1,$92,$25,$135,135,$0.01,$0.01,$8,$0,$0,$15,$4644,$0,$0,$108,$4789,$4804,$97,$3594,$81,$3733,$3831,$1,$-871,$0,$973,$4804,$39,$134,$-49,$85,$0,$0,$0,$-10,$-6,$118,$-149,$0,$-124,$0,$122,$122,$-25,$-176,$79,$122,$201,$-31,$-32,$-101,$-9,$59,$1,$0,$-93
46,2007-03-31,17.69,$7.70,2.3,$4.36,4.05,$-1.35,0.0,$1.00,17.69,$0.01B,$0.09B,0.17,$3.47B,$0.86B,4.02,$0.58B,$0.36B,61.99%,$0.58B,$0.08B,13.53%,$0.58B,$0.08B,13.53%,$0.58B,$0.34B,58.05%,$0.58B,$-0.05B,-9.08%,$0.58B,$0.13B,22.77%,$0.13B,$1.05B,12.54%,$0.13B,$1.05B,12.54%,$0.13B,$4.75B,2.83%,$0.08B,$4.52B,1.78%,$126,$46,$81,$0,$10,$101,$25,$-40,$-14,$0,$-14,$-13,$28,$92,$25,$135,135,$0.21,$0.21,$8,$0,$0,$14,$4596,$0,$0,$99,$4731,$4745,$85,$3471,$79,$3615,$3700,$1,$-828,$0,$1045,$4745,$32,$67,$-35,$31,$0,$0,$0,$-27,$-27,$36,$-68,$0,$-61,$0,$53,$53,$-23,$-99,$63,$49,$112,$1,$1,$-49,$-2,$62,$-0,$0,$-45
47,2006-12-31,18.19,$7.82,2.33,$4.68,3.89,$-1.33,0.0,$0.85,21.4,$0.02B,$0.10B,0.18,$3.34B,$0.87B,3.82,$0.63B,$0.38B,60.70%,$0.63B,$0.09B,14.54%,$0.63B,$0.09B,14.54%,$0.63B,$0.35B,55.11%,$0.63B,$-0.05B,-7.35%,$0.63B,$0.11B,18.05%,$0.11B,$1.06B,10.57%,$0.11B,$1.06B,10.57%,$0.11B,$4.68B,2.43%,$0.09B,$4.39B,2.07%,$120,$46,$74,$0,$10,$145,$-24,$-33,$-24,$0,$-24,$-23,$21,$39,$-24,$134,134,$0.16,$0.16,$8,$0,$0,$18,$4566,$0,$0,$57,$4658,$4676,$99,$3339,$94,$3521,$3621,$1,$-811,$0,$1055,$4676,$129,$253,$-130,$123,$0,$0,$0,$-8,$-8,$238,$-321,$0,$-366,$0,$485,$485,$43,$-158,$232,$-124,$108,$6,$6,$-195,$-12,$-93,$-13,$0,$-180
