,Date,Stock Price,Book Value per Share,Price to Book Ratio,TTM Sales per Share,Price to Sales Ratio,TTM FCF per Share,Price to FCF Ratio,TTM Net EPS,PE Ratio,Current Assets,Current Liabilities,Current Ratio,Long Term Debt,Shareholder's Equity_x,Debt to Equity Ratio,TTM Revenue_x,TTM Gross Profit,Gross Margin,TTM Revenue_y,TTM Operating Income,Operating Margin,TTM Revenue_x,TTM EBIT,EBIT Margin,TTM Revenue_y,TTM EBITDA,EBITDA Margin,TTM Revenue_x,TTM Pre-Tax Income,Pre-Tax Margin,TTM Revenue_y,TTM Net Income_x,Net Margin,TTM Net Income_y,Shareholder's Equity_y,Return on Equity,TTM Net Income_x,Tangible Equity,Return on Tangible Equity,TTM Net Income_y,Total Assets,Return on Assets,TTM Net Income,LT Investments & Debt,Return on Investment,revenue,cost-goods-sold,gross-profit,research-development-expenses,selling-general-administrative-expenses,operating-expenses,operating-income,total-non-operating-income-expense,pre-tax-income,total-provision-income-taxes,income-after-taxes,income-from-continuous-operations,net-income,ebitda,ebit,basic-shares-outstanding,shares-outstanding,eps-basic-net-earnings-per-share,eps-earnings-per-share-diluted,cash-on-hand,inventory,other-current-assets,total-current-assets,net-property-plant-equipment,long-term-investments,goodwill-intangible-assets-total,other-long-term-assets,total-long-term-assets,total-assets,total-current-liabilities,long-term-debt,other-non-current-liabilities,total-long-term-liabilities,total-liabilities,common-stock-net,retained-earnings-accumulated-deficit,comprehensive-income,total-share-holder-equity,total-liabilities-share-holders-equity,net-income-loss,total-depreciation-amortization-cash-flow,other-non-cash-items,total-non-cash-items,change-in-accounts-receivable,change-in-inventories,change-in-accounts-payable,change-in-assets-liabilities,total-change-in-assets-liabilities,cash-flow-from-operating-activities,net-change-in-property-plant-equipment,net-change-in-intangible-assets,net-acquisitions-divestitures,net-change-in-short-term-investments,net-change-in-long-term-investments,net-change-in-investments-total,investing-activities-other,cash-flow-from-investing-activities,net-long-term-debt,net-current-debt,debt-issuance-retirement-net-total,net-common-equity-issued-repurchased,net-total-equity-issued-repurchased,total-common-preferred-stock-dividends-paid,financial-activities-other,cash-flow-from-financial-activities,net-cash-flow,stock-based-compensation,common-stock-dividends-paid
0,2018-09-30,8.0,$14.64,0.55,$10.48,0.76,$4.24,1.89,$0.34,23.53,$0.43B,$0.31B,1.38,$0.01B,$0.83B,0.01,$0.59B,$0.28B,48.46%,$0.59B,$0.04B,5.97%,$0.59B,$0.04B,5.97%,$0.59B,$0.07B,12.46%,$0.59B,$0.04B,6.83%,$0.59B,$0.02B,2.56%,$0.02B,$0.83B,1.82%,$0.02B,$0.43B,2.96%,$0.02B,$1.20B,1.16%,$0.04B,$0.84B,4.19%,$126,$72,$54,$0,$42,$125,$1,$-1,$0,$6,$-6,$-5,$-5,$12,$1,$56,56,$-0.09,$-0.09,$183,$10,$69,$427,$25,$94,$401,$245,$774,$1201,$310,$12,$3,$59,$369,$108,$832,$-190,$832,$1201,$-5,$11,$-5,$6,$14,$2,$-9,$0,$15,$16,$-3,$0,$0,$0,$0,$0,$76,$73,$-2,$85,$82,$0,$0,$-2,$-76,$4,$93,$1,$-2
1,2018-06-30,9.08,$14.93,0.61,$10.93,0.83,$3.96,2.29,$0.68,13.35,$0.43B,$0.28B,1.51,$0.01B,$0.85B,0.01,$0.61B,$0.31B,50.24%,$0.61B,$0.06B,9.62%,$0.61B,$0.06B,9.62%,$0.61B,$0.10B,15.50%,$0.61B,$0.07B,11.09%,$0.61B,$0.04B,6.36%,$0.04B,$0.85B,4.92%,$0.04B,$0.43B,7.48%,$0.04B,$1.22B,2.93%,$0.06B,$0.85B,7.26%,$149,$78,$71,$0,$52,$139,$10,$1,$11,$10,$1,$5,$7,$19,$10,$56,56,$0.13,$0.13,$90,$13,$149,$427,$27,$88,$414,$256,$792,$1219,$283,$5,$39,$91,$373,$108,$838,$-184,$846,$1219,$38,$36,$18,$54,$31,$-3,$11,$0,$40,$133,$-9,$0,$-6,$-133,$-171,$-304,$500,$180,$36,$-18,$18,$0,$0,$0,$-492,$-473,$-168,$3,$0
2,2018-03-31,9.46,$14.64,0.65,$11.13,0.85,$3.37,2.81,$0.76,12.45,$0.70B,$0.53B,1.32,$0.02B,$0.83B,0.02,$0.62B,$0.32B,51.53%,$0.62B,$0.06B,10.34%,$0.62B,$0.06B,10.34%,$0.62B,$0.10B,16.48%,$0.62B,$0.08B,12.28%,$0.62B,$0.04B,6.95%,$0.04B,$0.83B,5.67%,$0.04B,$0.62B,8.06%,$0.04B,$1.40B,3.09%,$0.06B,$0.85B,8.22%,$163,$78,$85,$0,$48,$155,$8,$3,$10,$11,$-1,$3,$3,$17,$8,$56,56,$0.05,$0.05,$87,$12,$394,$695,$32,$185,$214,$271,$705,$1400,$528,$19,$3,$40,$568,$108,$805,$-73,$832,$1400,$33,$27,$17,$44,$9,$-3,$6,$0,$20,$98,$-7,$0,$0,$-132,$-171,$-303,$280,$-30,$52,$-15,$38,$0,$0,$0,$-281,$-244,$-171,$2,$0
3,2017-12-31,11.89,$13.70,0.87,$10.96,1.08,$3.32,3.58,$1.05,11.32,$0.73B,$0.56B,1.3,$0.02B,$0.78B,0.03,$0.60B,$0.31B,51.49%,$0.60B,$0.08B,13.41%,$0.60B,$0.08B,13.41%,$0.60B,$0.12B,19.87%,$0.60B,$0.10B,15.73%,$0.60B,$0.06B,9.60%,$0.06B,$0.78B,7.98%,$0.06B,$0.54B,11.66%,$0.06B,$1.37B,4.23%,$0.08B,$0.80B,10.85%,$148,$74,$74,$0,$49,$132,$16,$2,$19,$10,$9,$10,$10,$25,$16,$56,56,$0.17,$0.17,$65,$12,$412,$727,$33,$147,$234,$225,$643,$1370,$560,$20,$2,$32,$592,$108,$802,$-123,$778,$1370,$30,$18,$-0,$18,$-33,$-4,$3,$0,$-35,$13,$-3,$0,$0,$-265,$-9,$-274,$237,$-40,$50,$18,$69,$0,$0,$0,$-238,$-169,$-194,$1,$0
4,2017-09-30,9.74,$12.55,0.78,$11.24,0.87,$4.39,2.22,$1.23,7.92,$0.78B,$0.58B,1.35,$0.04B,$0.71B,0.05,$0.61B,$0.32B,51.89%,$0.61B,$0.09B,14.99%,$0.61B,$0.09B,14.99%,$0.61B,$0.13B,21.58%,$0.61B,$0.11B,17.46%,$0.61B,$0.07B,11.04%,$0.07B,$0.71B,9.77%,$0.07B,$0.49B,14.60%,$0.07B,$1.34B,5.20%,$0.09B,$0.75B,12.92%,$153,$75,$78,$0,$44,$128,$25,$3,$28,$10,$18,$20,$19,$34,$25,$57,57,$0.34,$0.34,$138,$9,$411,$784,$34,$98,$222,$201,$559,$1343,$583,$35,$3,$46,$629,$108,$793,$-177,$714,$1343,$20,$9,$-1,$8,$-39,$-2,$3,$0,$-28,$-1,$-1,$0,$0,$-73,$-151,$-224,$213,$-12,$81,$29,$110,$0,$0,$0,$-213,$-103,$-120,$1,$0
5,2017-06-30,9.86,$12.56,0.79,$11.47,0.86,$5.38,1.83,$1.35,7.3,$1.11B,$0.72B,1.53,$0.01B,$0.71B,0.01,$0.61B,$0.32B,52.13%,$0.61B,$0.10B,16.07%,$0.61B,$0.10B,16.07%,$0.61B,$0.14B,22.79%,$0.61B,$0.11B,18.69%,$0.61B,$0.07B,11.97%,$0.07B,$0.71B,11.03%,$0.07B,$0.48B,16.92%,$0.07B,$1.45B,5.68%,$0.10B,$0.72B,14.50%,$155,$73,$82,$0,$57,$140,$15,$5,$19,$10,$9,$11,$11,$26,$15,$54,54,$0.19,$0.18,$258,$8,$640,$1106,$39,$28,$228,$50,$345,$1451,$721,$8,$3,$21,$743,$108,$773,$-163,$708,$1451,$75,$43,$-1,$42,$-16,$3,$-6,$0,$-20,$97,$-10,$0,$-5,$0,$-38,$-38,$-62,$-114,$-37,$16,$-20,$2,$2,$-2,$61,$40,$35,$2,$-2
6,2017-03-31,12.23,$12.25,1.0,$11.79,1.04,$5.49,2.23,$1.63,7.5,$0.97B,$0.59B,1.65,$0.02B,$0.71B,0.02,$0.61B,$0.32B,52.15%,$0.61B,$0.12B,18.98%,$0.61B,$0.12B,18.98%,$0.61B,$0.16B,25.74%,$0.61B,$0.13B,21.62%,$0.61B,$0.09B,14.19%,$0.09B,$0.71B,13.53%,$0.09B,$0.47B,21.22%,$0.09B,$1.32B,6.95%,$0.12B,$0.72B,17.46%,$148,$71,$77,$0,$42,$123,$25,$5,$29,$10,$19,$19,$18,$35,$25,$54,54,$0.34,$0.34,$268,$11,$514,$967,$44,$39,$233,$39,$355,$1322,$586,$16,$3,$30,$616,$108,$762,$-165,$706,$1322,$63,$31,$-3,$28,$-2,$0,$-4,$0,$-0,$91,$-7,$0,$-5,$0,$-27,$-27,$55,$16,$-28,$0,$-28,$14,$14,$-1,$-56,$-71,$44,$-0,$-1
7,2016-12-31,11.48,$11.73,0.98,$11.99,0.96,$5.09,2.26,$1.69,6.79,$0.70B,$0.40B,1.75,$0.02B,$0.62B,0.02,$0.59B,$0.31B,52.28%,$0.59B,$0.12B,19.56%,$0.59B,$0.12B,19.56%,$0.59B,$0.16B,26.48%,$0.59B,$0.13B,22.09%,$0.59B,$0.09B,14.50%,$0.09B,$0.62B,14.85%,$0.09B,$0.39B,24.19%,$0.09B,$1.04B,7.27%,$0.12B,$0.63B,18.99%,$151,$74,$78,$0,$42,$126,$26,$5,$30,$11,$19,$19,$19,$36,$26,$52,52,$0.35,$0.35,$199,$14,$333,$696,$46,$36,$225,$39,$346,$1042,$398,$15,$2,$28,$426,$108,$744,$-189,$616,$1042,$44,$21,$-3,$18,$14,$-4,$-3,$0,$7,$70,$-6,$0,$-5,$0,$-15,$-15,$211,$185,$-28,$0,$-28,$-32,$-32,$-1,$-222,$-283,$-25,$-1,$-1
8,2016-09-30,8.56,$11.75,0.73,$12.27,0.7,$4.11,2.08,$1.69,5.07,$0.97B,$0.68B,1.43,$0.02B,$0.62B,0.03,$0.59B,$0.30B,51.35%,$0.59B,$0.12B,19.43%,$0.59B,$0.12B,19.43%,$0.59B,$0.16B,26.35%,$0.59B,$0.13B,21.62%,$0.59B,$0.08B,14.19%,$0.08B,$0.62B,15.60%,$0.08B,$0.38B,25.97%,$0.08B,$1.33B,7.31%,$0.12B,$0.64B,19.85%,$156,$75,$81,$0,$38,$123,$32,$4,$36,$11,$25,$25,$25,$42,$32,$53,53,$0.46,$0.46,$205,$11,$594,$966,$53,$26,$235,$45,$359,$1325,$676,$18,$3,$32,$708,$108,$725,$-168,$617,$1325,$25,$10,$-3,$7,$8,$-0,$3,$0,$22,$54,$-3,$0,$0,$0,$-15,$-15,$-37,$-56,$-26,$0,$-26,$-32,$-32,$-1,$37,$-22,$-18,$-1,$-1
9,2016-06-30,9.99,$10.91,0.92,$12.65,0.79,$3.54,2.83,$1.72,5.81,$0.92B,$0.60B,1.53,$0.04B,$0.60B,0.07,$0.59B,$0.30B,50.85%,$0.59B,$0.11B,19.32%,$0.59B,$0.11B,19.32%,$0.59B,$0.16B,26.27%,$0.59B,$0.13B,21.53%,$0.59B,$0.08B,13.90%,$0.08B,$0.60B,16.40%,$0.08B,$0.38B,27.80%,$0.08B,$1.26B,7.32%,$0.11B,$0.65B,20.78%,$151,$71,$80,$0,$38,$119,$32,$3,$36,$11,$25,$25,$24,$43,$32,$47,47,$0.48,$0.47,$224,$10,$537,$924,$55,$26,$228,$31,$340,$1264,$602,$43,$2,$58,$660,$108,$700,$-190,$603,$1264,$85,$41,$-1,$39,$-3,$1,$-8,$0,$-8,$117,$-34,$0,$-16,$-9,$0,$-9,$53,$-6,$-7,$0,$-7,$85,$85,$0,$-65,$14,$106,$4,$0
10,2016-03-31,9.2,$10.51,0.88,$13.01,0.71,$3.95,2.33,$1.75,5.26,$0.78B,$0.56B,1.39,$0.05B,$0.48B,0.11,$0.60B,$0.30B,50.41%,$0.60B,$0.12B,19.07%,$0.60B,$0.12B,19.07%,$0.60B,$0.16B,25.70%,$0.60B,$0.13B,21.06%,$0.60B,$0.08B,13.60%,$0.08B,$0.48B,17.48%,$0.08B,$0.27B,30.65%,$0.08B,$1.10B,7.24%,$0.12B,$0.53B,22.14%,$135,$63,$71,$0,$36,$109,$26,$2,$29,$10,$19,$19,$18,$36,$26,$46,46,$0.40,$0.40,$123,$12,$485,$782,$56,$11,$205,$49,$322,$1104,$561,$52,$2,$63,$624,$0,$676,$-184,$480,$1104,$60,$30,$0,$30,$-15,$-0,$2,$0,$-9,$81,$-28,$0,$-2,$-9,$0,$-9,$172,$133,$2,$0,$2,$-20,$-20,$0,$-172,$-190,$6,$3,$0
11,2015-12-31,13.51,$9.74,1.39,$13.33,1.01,$4.50,3.0,$1.87,7.22,$0.63B,$0.39B,1.62,$0.05B,$0.45B,0.11,$0.62B,$0.31B,50.57%,$0.62B,$0.12B,19.55%,$0.62B,$0.12B,19.55%,$0.62B,$0.16B,26.01%,$0.62B,$0.13B,21.49%,$0.62B,$0.09B,14.22%,$0.09B,$0.45B,18.95%,$0.09B,$0.26B,33.94%,$0.09B,$0.90B,7.49%,$0.12B,$0.50B,23.40%,$150,$79,$72,$0,$36,$126,$25,$3,$27,$11,$17,$17,$17,$35,$25,$46,47,$0.35,$0.35,$101,$11,$322,$633,$53,$15,$191,$11,$270,$903,$390,$50,$1,$60,$450,$0,$658,$-199,$454,$903,$41,$21,$3,$24,$-31,$-0,$-2,$0,$-33,$32,$-20,$0,$0,$0,$0,$0,$282,$262,$1,$0,$1,$-7,$-7,$0,$-282,$-288,$-16,$2,$0
12,2015-09-30,16.74,$9.79,1.71,$13.46,1.24,$5.03,3.33,$2.00,8.37,$0.93B,$0.69B,1.36,$0.05B,$0.46B,0.11,$0.62B,$0.32B,51.85%,$0.62B,$0.13B,20.39%,$0.62B,$0.13B,20.39%,$0.62B,$0.17B,26.81%,$0.62B,$0.14B,22.31%,$0.62B,$0.09B,14.93%,$0.09B,$0.46B,20.10%,$0.09B,$0.27B,37.46%,$0.09B,$1.21B,7.63%,$0.13B,$0.51B,24.53%,$154,$77,$77,$0,$36,$123,$31,$3,$35,$11,$24,$24,$23,$41,$31,$46,47,$0.49,$0.49,$126,$12,$600,$934,$52,$14,$195,$14,$276,$1209,$686,$49,$2,$60,$746,$0,$641,$-183,$463,$1209,$24,$10,$1,$11,$-17,$-1,$3,$0,$-7,$28,$-10,$0,$0,$0,$0,$0,$-23,$-34,$1,$0,$1,$4,$4,$0,$23,$28,$8,$1,$0
13,2015-06-30,18.28,$10.26,1.78,$13.49,1.35,$5.30,3.45,$2.02,9.05,$0.99B,$0.78B,1.28,$0.05B,$0.48B,0.11,$0.63B,$0.33B,52.48%,$0.63B,$0.13B,20.64%,$0.63B,$0.13B,20.64%,$0.63B,$0.17B,27.04%,$0.63B,$0.14B,22.40%,$0.63B,$0.09B,15.04%,$0.09B,$0.48B,20.58%,$0.09B,$0.27B,40.74%,$0.09B,$1.32B,7.50%,$0.13B,$0.53B,25.05%,$164,$81,$84,$0,$41,$132,$33,$3,$36,$12,$24,$24,$24,$43,$33,$46,46,$0.52,$0.51,$118,$13,$692,$994,$52,$14,$214,$42,$323,$1317,$775,$51,$2,$64,$838,$0,$618,$-139,$479,$1317,$97,$41,$-1,$40,$1,$-4,$-1,$0,$-1,$135,$-36,$0,$2,$0,$-13,$-13,$-34,$-81,$-10,$0,$-10,$-6,$-6,$-1,$34,$17,$59,$3,$-1
14,2015-03-31,13.68,$9.91,1.38,$13.91,0.98,$3.50,3.91,$2.10,6.51,$0.97B,$0.72B,1.35,$0.06B,$0.46B,0.13,$0.64B,$0.35B,54.97%,$0.64B,$0.14B,21.58%,$0.64B,$0.14B,21.58%,$0.64B,$0.18B,27.80%,$0.64B,$0.15B,23.29%,$0.64B,$0.10B,15.37%,$0.10B,$0.46B,22.12%,$0.10B,$0.24B,46.86%,$0.10B,$1.27B,7.84%,$0.14B,$0.52B,27.34%,$151,$71,$80,$0,$38,$119,$32,$3,$35,$10,$25,$25,$24,$42,$32,$46,46,$0.52,$0.52,$111,$12,$652,$966,$48,$1,$221,$36,$306,$1272,$718,$60,$20,$92,$810,$0,$594,$-131,$462,$1272,$73,$31,$-0,$30,$6,$-3,$-8,$0,$0,$103,$-24,$0,$2,$0,$0,$0,$10,$-12,$-11,$0,$-11,$-6,$-6,$-1,$-10,$-28,$52,$3,$-1
15,2014-12-31,11.4,$9.61,1.19,$13.70,0.83,$1.58,7.23,$1.95,5.85,$0.77B,$0.54B,1.42,$0.06B,$0.45B,0.13,$0.63B,$0.35B,55.31%,$0.63B,$0.13B,20.76%,$0.63B,$0.13B,20.76%,$0.63B,$0.17B,27.10%,$0.63B,$0.14B,22.35%,$0.63B,$0.09B,14.58%,$0.09B,$0.45B,21.47%,$0.09B,$0.22B,49.73%,$0.09B,$1.08B,7.24%,$0.13B,$0.51B,26.79%,$154,$72,$82,$0,$41,$123,$31,$2,$33,$10,$23,$23,$22,$41,$31,$46,46,$0.48,$0.48,$71,$13,$481,$766,$49,$1,$228,$35,$314,$1079,$539,$60,$21,$93,$632,$0,$570,$-121,$447,$1079,$48,$20,$1,$22,$2,$-3,$-12,$0,$-15,$54,$-18,$0,$2,$0,$0,$0,$199,$183,$-12,$0,$-12,$-7,$-7,$0,$-199,$-217,$12,$2,$0
16,2014-09-30,12.05,$9.45,1.27,$13.38,0.9,$-0.08,0.0,$1.75,6.89,$1.02B,$0.81B,1.26,$0.06B,$0.44B,0.14,$0.61B,$0.34B,54.72%,$0.61B,$0.12B,19.38%,$0.61B,$0.12B,19.38%,$0.61B,$0.16B,25.90%,$0.61B,$0.13B,20.85%,$0.61B,$0.08B,13.52%,$0.08B,$0.44B,20.29%,$0.08B,$0.20B,52.28%,$0.08B,$1.35B,6.61%,$0.12B,$0.50B,25.37%,$156,$74,$82,$0,$39,$123,$33,$3,$36,$12,$24,$24,$24,$43,$33,$47,47,$0.51,$0.51,$81,$12,$724,$1020,$49,$1,$241,$37,$327,$1348,$810,$61,$22,$98,$908,$0,$547,$-104,$439,$1348,$24,$10,$1,$11,$9,$-2,$-11,$0,$4,$40,$-9,$0,$2,$0,$0,$0,$-43,$-50,$1,$0,$1,$-7,$-7,$0,$43,$37,$23,$1,$0
17,2014-06-30,11.38,$9.24,1.23,$12.77,0.89,$-0.89,0.0,$1.49,7.64,$1.01B,$0.81B,1.25,$0.06B,$0.44B,0.14,$0.58B,$0.32B,55.25%,$0.58B,$0.10B,17.56%,$0.58B,$0.10B,17.56%,$0.58B,$0.14B,24.44%,$0.58B,$0.11B,18.93%,$0.58B,$0.07B,12.22%,$0.07B,$0.44B,18.24%,$0.07B,$0.19B,52.69%,$0.07B,$1.35B,5.79%,$0.10B,$0.50B,22.60%,$183,$73,$110,$0,$46,$140,$43,$3,$46,$17,$28,$29,$29,$53,$43,$46,46,$0.60,$0.60,$59,$11,$726,$1009,$48,$1,$255,$38,$342,$1351,$808,$62,$23,$101,$909,$0,$523,$-83,$442,$1351,$70,$41,$6,$47,$-101,$1,$13,$0,$-80,$37,$-21,$0,$0,$0,$0,$0,$12,$-9,$-13,$1,$-12,$0,$0,$0,$-14,$-26,$5,$4,$0
18,2014-03-31,9.96,$8.42,1.18,$11.42,0.87,$-0.49,0.0,$1.08,9.22,$0.97B,$0.82B,1.18,$0.06B,$0.39B,0.15,$0.52B,$0.28B,53.49%,$0.52B,$0.07B,14.15%,$0.52B,$0.07B,14.15%,$0.52B,$0.11B,21.71%,$0.52B,$0.08B,15.50%,$0.52B,$0.05B,9.69%,$0.05B,$0.39B,13.75%,$0.05B,$0.14B,45.56%,$0.05B,$1.30B,4.14%,$0.07B,$0.44B,17.10%,$138,$63,$75,$0,$41,$114,$24,$2,$26,$9,$17,$17,$17,$34,$24,$45,45,$0.38,$0.37,$31,$10,$745,$971,$46,$1,$249,$34,$331,$1302,$821,$58,$20,$96,$916,$0,$494,$-98,$386,$1302,$42,$31,$-0,$31,$-68,$1,$-11,$0,$-66,$6,$-15,$0,$0,$0,$0,$0,$-21,$-36,$-14,$1,$-13,$0,$0,$0,$19,$6,$-23,$3,$0
19,2013-12-31,8.73,$8.07,1.08,$10.82,0.81,$0.03,258.28,$0.61,14.31,$0.68B,$0.56B,1.23,$0.06B,$0.37B,0.16,$0.49B,$0.26B,53.37%,$0.49B,$0.04B,9.00%,$0.49B,$0.04B,9.00%,$0.49B,$0.08B,17.18%,$0.49B,$0.05B,10.22%,$0.49B,$0.03B,5.73%,$0.03B,$0.37B,7.93%,$0.03B,$0.11B,29.40%,$0.03B,$1.02B,2.43%,$0.04B,$0.43B,10.46%,$137,$68,$69,$0,$41,$118,$19,$1,$20,$7,$13,$13,$13,$29,$19,$45,45,$0.28,$0.28,$22,$14,$467,$683,$48,$1,$255,$34,$338,$1022,$557,$57,$20,$96,$652,$0,$477,$-96,$369,$1022,$24,$20,$-0,$20,$-61,$-2,$-14,$0,$-73,$-29,$-10,$0,$0,$0,$0,$0,$257,$246,$-15,$25,$9,$0,$0,$0,$-259,$-250,$-31,$2,$0
20,2013-09-30,12.0,$7.86,1.53,$10.27,1.17,$1.06,11.32,$0.39,30.76,$0.89B,$0.76B,1.17,$0.07B,$0.36B,0.2,$0.46B,$0.26B,55.29%,$0.46B,$0.03B,6.48%,$0.46B,$0.03B,6.48%,$0.46B,$0.07B,15.33%,$0.46B,$0.04B,7.78%,$0.46B,$0.02B,3.89%,$0.02B,$0.36B,5.09%,$0.02B,$0.10B,20.45%,$0.02B,$1.23B,1.58%,$0.03B,$0.43B,7.04%,$123,$57,$67,$0,$41,$107,$16,$2,$18,$6,$11,$12,$12,$26,$16,$45,45,$0.25,$0.25,$48,$11,$685,$889,$49,$1,$258,$36,$344,$1233,$762,$70,$21,$111,$873,$0,$464,$-94,$360,$1233,$12,$10,$-0,$10,$-23,$1,$-9,$0,$-23,$-2,$-6,$0,$0,$0,$0,$0,$52,$46,$0,$0,$0,$0,$0,$0,$-52,$-52,$-6,$1,$0
21,2013-06-30,7.36,$7.46,0.99,$10.00,0.74,$1.65,4.47,$0.29,25.38,$0.94B,$0.83B,1.13,$0.07B,$0.34B,0.2,$0.45B,$0.26B,56.64%,$0.45B,$0.02B,5.09%,$0.45B,$0.02B,5.09%,$0.45B,$0.06B,14.16%,$0.45B,$0.03B,6.19%,$0.45B,$0.01B,2.88%,$0.01B,$0.34B,3.68%,$0.01B,$0.09B,15.90%,$0.01B,$1.28B,1.22%,$0.02B,$0.41B,5.36%,$118,$53,$65,$0,$42,$104,$14,$2,$16,$7,$8,$8,$8,$23,$14,$45,45,$0.17,$0.17,$54,$12,$752,$937,$48,$1,$253,$37,$339,$1276,$829,$67,$22,$107,$936,$0,$453,$-101,$340,$1276,$13,$41,$1,$42,$-6,$-3,$8,$0,$1,$56,$-22,$0,$-2,$0,$0,$0,$-423,$-448,$-15,$0,$-15,$0,$0,$0,$424,$410,$15,$4,$0
22,2013-03-31,7.4,$7.51,0.98,$9.78,0.76,$0.50,14.81,$-0.06,0.0,$0.72B,$0.61B,1.18,$0.08B,$0.34B,0.22,$0.44B,$0.26B,58.14%,$0.44B,$0.01B,1.58%,$0.44B,$0.01B,1.58%,$0.44B,$0.05B,10.86%,$0.44B,$0.01B,2.26%,$0.44B,$-0.00B,-0.68%,$-0.00B,$0.34B,-0.85%,$-0.00B,$0.08B,-3.87%,$-0.00B,$1.07B,-0.31%,$0.01B,$0.42B,1.61%,$111,$51,$60,$0,$54,$116,$-5,$0,$-4,$0,$-5,$-5,$-5,$6,$-5,$45,45,$-0.10,$-0.10,$43,$8,$538,$718,$51,$1,$265,$38,$355,$1073,$611,$75,$23,$119,$729,$0,$444,$-88,$344,$1073,$5,$31,$-1,$31,$-4,$-2,$-2,$0,$-4,$31,$-17,$0,$-2,$0,$1,$1,$-168,$-187,$-7,$0,$-7,$0,$0,$0,$168,$161,$3,$3,$0
23,2012-12-31,5.11,$8.12,0.63,$9.32,0.55,$0.62,8.21,$0.21,24.33,$0.60B,$0.49B,1.23,$0.08B,$0.37B,0.21,$0.42B,$0.26B,60.43%,$0.42B,$0.02B,5.69%,$0.42B,$0.02B,5.69%,$0.42B,$0.06B,15.17%,$0.42B,$0.03B,6.16%,$0.42B,$0.01B,2.37%,$0.01B,$0.37B,2.80%,$0.01B,$0.09B,13.61%,$0.01B,$0.98B,1.15%,$0.02B,$0.45B,5.46%,$111,$47,$64,$0,$49,$106,$5,$1,$6,$3,$3,$3,$3,$16,$5,$45,45,$0.06,$0.06,$38,$10,$415,$597,$56,$1,$285,$41,$383,$980,$485,$79,$25,$125,$610,$0,$449,$-65,$370,$980,$9,$21,$-0,$20,$1,$-7,$-6,$0,$-11,$19,$-12,$0,$-2,$0,$1,$1,$-12,$-25,$-7,$0,$-7,$0,$0,$0,$12,$5,$-1,$2,$0
24,2012-09-30,9.05,$7.86,1.15,$8.89,1.02,$0.72,12.5,$0.71,12.75,$0.54B,$0.43B,1.26,$0.08B,$0.36B,0.23,$0.40B,$0.25B,61.79%,$0.40B,$0.04B,9.68%,$0.40B,$0.04B,9.68%,$0.40B,$0.08B,19.11%,$0.40B,$0.04B,9.93%,$0.40B,$0.03B,7.94%,$0.03B,$0.36B,9.21%,$0.03B,$0.08B,50.59%,$0.03B,$0.92B,4.02%,$0.04B,$0.44B,9.03%,$112,$45,$67,$0,$47,$102,$9,$1,$10,$4,$7,$7,$7,$19,$9,$45,46,$0.15,$0.15,$58,$7,$348,$539,$54,$2,$281,$41,$378,$916,$429,$82,$26,$129,$558,$0,$446,$-71,$358,$916,$7,$10,$-1,$9,$6,$-1,$-1,$0,$10,$26,$-6,$0,$-2,$0,$1,$1,$61,$53,$0,$0,$0,$0,$0,$0,$-61,$-61,$18,$1,$0
25,2012-06-30,8.37,$7.61,1.1,$8.65,0.97,$0.81,10.39,$1.00,8.37,$0.58B,$0.48B,1.21,$0.08B,$0.35B,0.23,$0.39B,$0.25B,63.68%,$0.39B,$0.06B,15.60%,$0.39B,$0.06B,15.60%,$0.39B,$0.10B,25.06%,$0.39B,$0.06B,15.35%,$0.39B,$0.05B,11.51%,$0.05B,$0.35B,13.43%,$0.05B,$0.07B,94.24%,$0.05B,$0.96B,5.98%,$0.06B,$0.43B,14.42%,$108,$41,$66,$0,$45,$110,$-2,$0,$-2,$6,$-8,$-8,$-8,$7,$-2,$45,45,$-0.18,$-0.18,$39,$11,$409,$584,$53,$2,$277,$41,$371,$956,$483,$80,$26,$127,$609,$0,$440,$-76,$347,$956,$45,$37,$-7,$30,$-32,$-5,$-18,$0,$-54,$20,$-38,$0,$-6,$-1,$0,$-1,$-247,$-293,$-19,$0,$-19,$-1,$-1,$0,$252,$232,$-56,$3,$0
26,2012-03-31,9.04,$7.76,1.16,$8.42,1.07,$2.34,3.86,$1.32,6.85,$0.25B,$0.14B,1.84,$0.09B,$0.35B,0.25,$0.38B,$0.25B,65.00%,$0.38B,$0.05B,12.63%,$0.38B,$0.05B,12.63%,$0.38B,$0.09B,22.37%,$0.38B,$0.09B,23.16%,$0.38B,$0.06B,15.79%,$0.06B,$0.35B,18.20%,$0.06B,$0.06B,203.39%,$0.06B,$0.63B,8.47%,$0.05B,$0.44B,11.28%,$91,$32,$58,$0,$36,$78,$12,$-0,$12,$5,$8,$8,$8,$22,$12,$45,45,$0.17,$0.17,$88,$6,$39,$251,$44,$2,$291,$42,$379,$630,$137,$89,$27,$140,$277,$0,$448,$-60,$354,$630,$53,$28,$-19,$9,$-15,$-0,$-2,$-0,$-18,$43,$-23,$0,$-6,$0,$-1,$-1,$134,$104,$-12,$0,$-12,$-1,$-1,$0,$-129,$-142,$-7,$2,$0
27,2011-12-31,7.67,$7.35,1.04,$8.46,0.91,$2.87,2.67,$0.68,11.28,$0.32B,$0.22B,1.49,$0.09B,$0.33B,0.26,$0.38B,$0.25B,65.97%,$0.38B,$0.06B,14.66%,$0.38B,$0.06B,14.66%,$0.38B,$0.14B,35.60%,$0.38B,$0.05B,13.87%,$0.38B,$0.03B,7.85%,$0.03B,$0.33B,9.34%,$0.03B,$0.04B,292.68%,$0.03B,$0.69B,4.08%,$0.06B,$0.42B,13.22%,$92,$34,$58,$0,$29,$72,$20,$-1,$20,$-5,$25,$25,$25,$29,$20,$45,45,$0.56,$0.56,$81,$5,$126,$324,$34,$2,$287,$38,$361,$685,$217,$87,$26,$137,$354,$0,$440,$-74,$331,$685,$45,$18,$-17,$1,$-16,$1,$-2,$-0,$-25,$21,$-9,$0,$-6,$0,$0,$0,$39,$23,$-7,$0,$-7,$-1,$-1,$0,$-34,$-42,$-14,$1,$0
28,2011-09-30,6.5,$6.84,0.95,$8.37,0.78,$3.06,2.13,$0.34,19.12,$0.37B,$0.26B,1.44,$0.10B,$0.31B,0.32,$0.38B,$0.25B,67.02%,$0.38B,$0.06B,15.30%,$0.38B,$0.06B,15.30%,$0.38B,$0.14B,36.94%,$0.38B,$0.05B,13.98%,$0.38B,$0.02B,3.96%,$0.02B,$0.31B,4.64%,$0.02B,$0.02B,-146.34%,$0.02B,$0.74B,1.98%,$0.06B,$0.41B,13.46%,$100,$33,$67,$0,$27,$69,$31,$-1,$30,$11,$20,$20,$20,$40,$31,$45,45,$0.44,$0.44,$102,$6,$160,$370,$32,$2,$293,$40,$367,$737,$257,$97,$27,$172,$429,$0,$415,$-71,$308,$737,$20,$9,$-3,$6,$3,$-0,$0,$0,$1,$27,$-4,$0,$-2,$0,$0,$0,$3,$-3,$0,$0,$0,$-1,$-1,$0,$-3,$-5,$7,$0,$0
29,2011-06-30,8.68,$7.22,1.2,$7.56,1.15,$3.20,2.71,$0.06,144.67,$0.40B,$0.29B,1.38,$0.11B,$0.33B,0.34,$0.34B,$0.23B,67.93%,$0.34B,$0.04B,11.08%,$0.34B,$0.04B,11.08%,$0.34B,$0.12B,33.82%,$0.34B,$0.04B,10.79%,$0.34B,$0.00B,0.58%,$0.00B,$0.33B,0.61%,$0.00B,$-0.00B,7.08%,$0.00B,$0.78B,0.28%,$0.04B,$0.44B,9.26%,$97,$33,$64,$0,$28,$113,$-15,$41,$26,$19,$7,$7,$7,$-6,$-15,$45,45,$0.15,$0.15,$95,$7,$187,$400,$36,$2,$329,$14,$382,$782,$291,$111,$1,$165,$456,$0,$395,$-34,$326,$782,$3,$78,$-11,$67,$-4,$0,$-1,$0,$-4,$66,$-15,$0,$-230,$0,$-0,$-0,$-78,$-324,$116,$-7,$109,$-1,$-1,$0,$75,$183,$-58,$2,$0
30,2011-03-31,8.6,$7.02,1.22,$6.89,1.25,$3.49,2.47,$-0.46,0.0,$0.35B,$0.25B,1.42,$0.12B,$0.32B,0.36,$0.32B,$0.22B,69.84%,$0.32B,$0.04B,12.70%,$0.32B,$0.04B,12.70%,$0.32B,$0.15B,48.25%,$0.32B,$0.00B,0.32%,$0.32B,$-0.02B,-6.98%,$-0.02B,$0.32B,-6.93%,$-0.02B,$-0.02B,-33.98%,$-0.02B,$0.74B,-3.47%,$0.04B,$0.44B,10.72%,$93,$29,$63,$0,$33,$73,$20,$-43,$-23,$-2,$-21,$-22,$-22,$73,$20,$45,46,$-0.47,$-0.47,$89,$7,$146,$348,$34,$2,$335,$22,$392,$740,$246,$115,$1,$175,$421,$0,$388,$-37,$320,$740,$-4,$69,$-19,$50,$3,$-0,$-2,$0,$8,$53,$-9,$0,$-230,$0,$-0,$-0,$-39,$-279,$116,$-7,$110,$0,$0,$0,$36,$146,$-65,$5,$0
31,2010-12-31,12.26,$7.43,1.65,$6.44,1.91,$4.28,2.87,$0.42,29.19,$0.34B,$0.26B,1.34,$0.11B,$0.34B,0.32,$0.29B,$0.21B,71.77%,$0.29B,$0.05B,15.99%,$0.29B,$0.05B,15.99%,$0.29B,$0.11B,37.76%,$0.29B,$0.05B,18.03%,$0.29B,$0.02B,6.46%,$0.02B,$0.34B,5.99%,$0.02B,$-0.04B,19.24%,$0.02B,$0.77B,3.34%,$0.05B,$0.45B,13.66%,$89,$29,$60,$0,$29,$67,$22,$-2,$20,$10,$10,$10,$10,$33,$22,$45,45,$0.22,$0.22,$71,$7,$157,$344,$33,$2,$376,$15,$426,$771,$257,$108,$5,$175,$432,$0,$410,$-38,$338,$771,$17,$16,$-9,$6,$-1,$0,$4,$0,$2,$25,$-5,$0,$-230,$0,$-0,$-0,$-47,$-282,$116,$0,$117,$0,$0,$0,$44,$160,$-82,$3,$0
32,2010-09-30,11.56,$7.13,1.62,$6.10,1.9,$4.91,2.35,$0.62,18.65,$0.38B,$0.18B,2.1,$0.00B,$0.32B,0.0,$0.28B,$0.20B,73.12%,$0.28B,$0.05B,19.35%,$0.28B,$0.05B,19.35%,$0.28B,$0.11B,40.14%,$0.28B,$0.06B,22.94%,$0.28B,$0.03B,10.04%,$0.03B,$0.32B,9.08%,$0.03B,$0.17B,20.59%,$0.03B,$0.55B,5.82%,$0.05B,$0.32B,17.52%,$64,$18,$46,$0,$30,$53,$11,$3,$14,$6,$8,$7,$7,$16,$11,$45,45,$0.16,$0.16,$200,$6,$107,$380,$8,$2,$155,$8,$173,$553,$181,$0,$4,$48,$229,$0,$400,$-39,$324,$553,$7,$5,$-2,$3,$11,$-2,$6,$-0,$20,$30,$-1,$0,$0,$0,$-0,$-0,$-15,$-16,$0,$0,$0,$0,$0,$0,$16,$16,$46,$1,$0
33,2010-06-30,13.41,$6.33,2.12,$6.02,2.23,$5.01,2.68,$0.83,16.16,$0.31B,$0.14B,2.19,$0.00B,$0.29B,0.0,$0.28B,$0.21B,73.67%,$0.28B,$0.07B,24.56%,$0.28B,$0.07B,24.56%,$0.28B,$0.13B,45.20%,$0.28B,$0.08B,28.11%,$0.28B,$0.04B,13.88%,$0.04B,$0.29B,13.08%,$0.04B,$0.14B,33.77%,$0.04B,$0.47B,8.68%,$0.07B,$0.29B,23.13%,$69,$17,$51,$0,$22,$82,$-13,$3,$-10,$8,$-18,$-18,$-17,$30,$-13,$46,46,$-0.37,$-0.36,$154,$4,$84,$310,$7,$3,$145,$7,$162,$472,$142,$0,$4,$43,$185,$0,$392,$-66,$287,$472,$38,$57,$-0,$56,$5,$4,$-27,$0,$-26,$69,$-3,$0,$-10,$0,$0,$0,$-77,$-90,$0,$-0,$-0,$-126,$-126,$0,$77,$-48,$-67,$6,$0
34,2010-03-31,18.39,$7.02,2.62,$5.63,3.27,$5.39,3.41,$1.53,12.02,$0.26B,$0.10B,2.55,$0.00B,$0.32B,0.0,$0.27B,$0.20B,72.63%,$0.27B,$0.10B,37.23%,$0.27B,$0.10B,37.23%,$0.27B,$0.12B,44.53%,$0.27B,$0.12B,41.97%,$0.27B,$0.07B,27.01%,$0.07B,$0.32B,23.09%,$0.07B,$0.12B,58.85%,$0.07B,$0.48B,16.23%,$0.10B,$0.32B,31.73%,$72,$18,$54,$0,$22,$45,$27,$2,$29,$10,$19,$19,$19,$32,$27,$45,46,$0.41,$0.41,$184,$5,$3,$261,$8,$2,$198,$7,$215,$477,$102,$0,$5,$55,$158,$0,$409,$-51,$319,$477,$56,$14,$8,$22,$3,$2,$-8,$-0,$4,$82,$-2,$0,$-1,$0,$0,$0,$0,$-3,$1,$-0,$1,$-126,$-126,$0,$-0,$-126,$-36,$4,$0
35,2009-12-31,19.4,$6.68,2.9,$5.05,3.84,$3.89,4.99,$1.38,14.06,$0.22B,$0.07B,3.11,$0.00B,$0.30B,0.0,$0.26B,$0.19B,72.09%,$0.26B,$0.10B,37.60%,$0.26B,$0.10B,37.60%,$0.26B,$0.12B,44.96%,$0.26B,$0.11B,42.25%,$0.26B,$0.07B,26.74%,$0.07B,$0.30B,21.56%,$0.07B,$0.11B,52.37%,$0.07B,$0.42B,15.59%,$0.10B,$0.30B,30.22%,$74,$21,$53,$0,$19,$44,$29,$2,$31,$11,$20,$20,$19,$34,$29,$45,46,$0.43,$0.42,$153,$5,$0,$215,$7,$2,$192,$7,$208,$424,$69,$0,$4,$51,$120,$0,$391,$-47,$303,$424,$37,$9,$5,$14,$6,$3,$-9,$0,$-1,$51,$-1,$0,$0,$0,$0,$0,$0,$-1,$1,$-0,$1,$-126,$-126,$0,$0,$-126,$-68,$3,$0
36,2009-09-30,20.96,$6.26,3.35,$4.50,4.66,$2.97,7.06,$1.45,14.46,$0.21B,$0.09B,2.31,$0.00B,$0.28B,0.0,$0.25B,$0.18B,72.24%,$0.25B,$0.09B,37.96%,$0.25B,$0.09B,37.96%,$0.25B,$0.11B,46.12%,$0.25B,$0.12B,50.61%,$0.25B,$0.08B,31.84%,$0.08B,$0.28B,24.20%,$0.08B,$0.09B,57.56%,$0.08B,$0.42B,17.69%,$0.09B,$0.28B,28.77%,$66,$17,$49,$0,$18,$39,$26,$2,$29,$11,$18,$18,$18,$31,$26,$49,49,$0.37,$0.37,$139,$7,$0,$210,$7,$2,$197,$8,$215,$424,$91,$0,$4,$50,$140,$0,$371,$-45,$284,$424,$18,$5,$2,$7,$6,$1,$0,$-0,$13,$37,$-1,$0,$0,$0,$0,$0,$0,$-1,$0,$-0,$-0,$-126,$-126,$0,$0,$-126,$-81,$1,$0
37,2009-06-30,13.59,$6.89,1.97,$4.32,3.14,$1.61,8.43,$1.53,8.88,$0.29B,$0.08B,3.73,$0.00B,$0.38B,0.01,$0.25B,$0.18B,71.66%,$0.25B,$0.09B,38.06%,$0.25B,$0.09B,38.06%,$0.25B,$0.11B,45.75%,$0.25B,$0.13B,53.44%,$0.25B,$0.09B,34.82%,$0.09B,$0.38B,25.24%,$0.09B,$0.18B,56.77%,$0.09B,$0.50B,17.84%,$0.09B,$0.38B,27.51%,$62,$18,$43,$0,$17,$42,$20,$6,$26,$7,$18,$18,$18,$25,$20,$57,57,$0.33,$0.33,$221,$7,$0,$290,$7,$3,$192,$7,$209,$499,$78,$4,$0,$46,$124,$0,$353,$-58,$376,$499,$87,$20,$-3,$17,$15,$-0,$-9,$0,$3,$107,$-5,$0,$-99,$-3,$-0,$-4,$0,$-108,$0,$-0,$-0,$-39,$-39,$0,$-1,$-40,$-52,$5,$0
38,2009-03-31,15.21,$5.69,2.67,$4.31,3.53,$1.79,8.48,$1.58,9.63,$0.24B,$0.07B,3.57,$0.00B,$0.32B,0.0,$0.25B,$0.18B,73.28%,$0.25B,$0.10B,41.30%,$0.25B,$0.10B,41.30%,$0.25B,$0.12B,47.77%,$0.25B,$0.14B,55.87%,$0.25B,$0.09B,36.03%,$0.09B,$0.32B,26.83%,$0.09B,$0.15B,53.70%,$0.09B,$0.42B,18.91%,$0.10B,$0.32B,30.65%,$56,$15,$41,$0,$15,$34,$22,$1,$23,$9,$14,$14,$14,$26,$22,$56,56,$0.26,$0.26,$121,$7,$0,$235,$6,$3,$172,$0,$188,$423,$66,$0,$4,$40,$106,$0,$335,$-110,$317,$423,$69,$15,$1,$16,$-55,$-1,$-15,$0,$-67,$18,$-4,$0,$-98,$0,$-4,$-4,$0,$-106,$-2,$2,$0,$-25,$-25,$0,$-1,$-25,$-151,$4,$0
39,2008-12-31,13.7,$5.89,2.33,$4.40,3.11,$3.05,4.5,$1.79,7.65,$0.22B,$0.07B,3.4,$0.00B,$0.31B,0.0,$0.25B,$0.19B,73.62%,$0.25B,$0.11B,42.91%,$0.25B,$0.11B,42.91%,$0.25B,$0.12B,48.43%,$0.25B,$0.15B,57.87%,$0.25B,$0.10B,40.16%,$0.10B,$0.31B,30.96%,$0.10B,$0.13B,56.04%,$0.10B,$0.42B,21.86%,$0.11B,$0.31B,32.88%,$61,$17,$44,$0,$15,$37,$25,$21,$46,$17,$29,$28,$28,$31,$25,$57,57,$0.49,$0.49,$125,$6,$0,$222,$7,$3,$186,$0,$196,$418,$65,$0,$4,$41,$106,$0,$321,$-99,$312,$418,$55,$11,$-2,$9,$-38,$0,$-18,$-0,$-51,$13,$-3,$0,$-96,$0,$-1,$-1,$0,$-100,$0,$0,$0,$-25,$-25,$0,$-1,$-26,$-148,$3,$0
40,2008-09-30,22.33,$6.71,3.33,$4.51,4.95,$3.28,6.82,$1.65,13.53,$0.37B,$0.19B,2.0,$0.00B,$0.36B,0.0,$0.26B,$0.19B,72.90%,$0.26B,$0.11B,42.75%,$0.26B,$0.11B,42.75%,$0.26B,$0.12B,46.95%,$0.26B,$0.13B,50.76%,$0.26B,$0.09B,35.88%,$0.09B,$0.36B,28.16%,$0.09B,$0.15B,46.25%,$0.09B,$0.59B,20.09%,$0.11B,$0.36B,33.26%,$68,$19,$49,$0,$18,$41,$27,$9,$37,$10,$27,$26,$26,$31,$27,$58,58,$0.45,$0.45,$246,$7,$0,$370,$8,$3,$207,$0,$218,$588,$185,$0,$5,$45,$230,$0,$293,$-49,$358,$588,$26,$4,$-7,$-3,$-46,$-0,$-14,$-0,$-57,$-33,$-3,$0,$-95,$0,$-1,$-1,$0,$-99,$0,$110,$110,$0,$0,$0,$-1,$109,$-27,$1,$0
41,2008-06-30,24.3,$6.37,3.81,$4.40,5.53,$4.58,5.31,$1.51,16.09,$0.35B,$0.08B,4.52,$0.00B,$0.34B,0.01,$0.25B,$0.19B,73.62%,$0.25B,$0.11B,43.70%,$0.25B,$0.11B,43.70%,$0.25B,$0.12B,47.64%,$0.25B,$0.13B,49.21%,$0.25B,$0.09B,33.86%,$0.09B,$0.34B,26.83%,$0.09B,$0.24B,40.52%,$0.09B,$0.45B,20.22%,$0.11B,$0.34B,34.21%,$62,$16,$47,$0,$16,$35,$28,$5,$32,$11,$21,$21,$21,$30,$28,$58,58,$0.36,$0.36,$272,$6,$0,$346,$6,$3,$99,$0,$108,$454,$77,$4,$0,$37,$114,$0,$267,$-38,$340,$454,$86,$11,$7,$17,$-10,$-1,$24,$0,$15,$119,$-3,$0,$0,$0,$-1,$-1,$0,$-4,$0,$0,$0,$3,$3,$0,$0,$3,$101,$4,$0
42,2008-03-31,22.55,$5.85,3.86,$4.38,5.15,$3.68,6.12,$1.44,15.66,$0.30B,$0.06B,4.69,$0.00B,$0.31B,0.01,$0.25B,$0.18B,73.02%,$0.25B,$0.11B,42.46%,$0.25B,$0.11B,42.46%,$0.25B,$0.12B,46.83%,$0.25B,$0.12B,47.22%,$0.25B,$0.08B,32.94%,$0.08B,$0.31B,27.15%,$0.08B,$0.21B,43.01%,$0.08B,$0.41B,20.46%,$0.11B,$0.31B,34.54%,$63,$17,$47,$0,$15,$34,$29,$4,$32,$5,$27,$27,$27,$31,$29,$57,58,$0.47,$0.47,$236,$5,$0,$299,$6,$3,$98,$0,$107,$406,$64,$4,$0,$34,$98,$0,$245,$-45,$308,$406,$65,$8,$4,$12,$-2,$-0,$13,$0,$13,$90,$-3,$0,$0,$0,$0,$0,$0,$-3,$0,$0,$0,$0,$0,$0,$0,$0,$64,$3,$0
43,2007-12-31,29.36,$6.26,4.69,$4.35,6.75,$2.46,11.92,$1.29,22.76,$0.30B,$0.05B,5.88,$0.00B,$0.33B,0.01,$0.25B,$0.18B,73.60%,$0.25B,$0.11B,42.80%,$0.25B,$0.11B,42.80%,$0.25B,$0.12B,47.60%,$0.25B,$0.12B,46.80%,$0.25B,$0.07B,29.60%,$0.07B,$0.33B,25.26%,$0.07B,$0.21B,42.11%,$0.07B,$0.42B,18.88%,$0.11B,$0.33B,36.06%,$69,$20,$48,$0,$17,$40,$28,$4,$32,$12,$21,$20,$20,$31,$28,$57,58,$0.36,$0.35,$201,$7,$0,$296,$8,$3,$117,$0,$128,$424,$50,$4,$0,$45,$95,$0,$218,$4,$329,$424,$38,$6,$6,$12,$-18,$-2,$0,$0,$-26,$25,$-2,$0,$0,$0,$0,$0,$0,$-2,$0,$0,$0,$0,$0,$0,$0,$0,$29,$2,$0
44,2007-09-30,27.17,$5.80,4.68,$4.02,6.75,$2.30,11.81,$1.17,23.22,$0.29B,$0.07B,4.18,$0.00B,$0.31B,0.01,$0.23B,$0.18B,75.76%,$0.23B,$0.10B,42.86%,$0.23B,$0.10B,42.86%,$0.23B,$0.11B,48.05%,$0.23B,$0.11B,45.89%,$0.23B,$0.07B,29.00%,$0.07B,$0.31B,24.68%,$0.07B,$0.19B,43.65%,$0.07B,$0.42B,18.11%,$0.10B,$0.31B,35.97%,$60,$15,$45,$0,$16,$34,$26,$3,$29,$11,$18,$18,$18,$29,$26,$57,57,$0.31,$0.31,$216,$8,$0,$288,$7,$3,$118,$0,$129,$417,$69,$4,$0,$43,$112,$0,$198,$2,$305,$417,$18,$3,$3,$5,$6,$-2,$12,$0,$17,$40,$-1,$0,$0,$0,$0,$0,$0,$-1,$0,$-0,$-0,$0,$0,$0,$0,$0,$44,$1,$0
45,2007-06-30,24.15,$5.43,4.44,$3.90,6.2,$1.57,15.36,$1.12,21.56,$0.25B,$0.06B,4.53,$0.00B,$0.28B,0.02,$0.22B,$0.17B,75.89%,$0.22B,$0.10B,42.86%,$0.22B,$0.10B,42.86%,$0.22B,$0.11B,48.21%,$0.22B,$0.10B,45.09%,$0.22B,$0.06B,28.57%,$0.06B,$0.28B,25.73%,$0.06B,$0.16B,47.67%,$0.06B,$0.38B,18.95%,$0.10B,$0.29B,38.17%,$60,$16,$44,$0,$17,$36,$24,$2,$26,$9,$17,$18,$18,$27,$24,$57,57,$0.30,$0.31,$172,$6,$0,$248,$8,$3,$117,$0,$128,$376,$55,$4,$0,$40,$95,$0,$181,$-4,$281,$376,$64,$11,$3,$15,$-9,$-2,$-1,$0,$-13,$65,$-3,$0,$-92,$0,$4,$4,$0,$-92,$4,$-0,$3,$-0,$-0,$0,$0,$3,$-18,$1,$0
46,2007-03-31,24.88,$5.04,4.93,$3.69,6.74,$0.64,39.03,$1.08,23.04,$0.22B,$0.06B,3.85,$0.00B,$0.26B,0.02,$0.21B,$0.16B,76.89%,$0.21B,$0.10B,44.81%,$0.21B,$0.10B,44.81%,$0.21B,$0.10B,47.64%,$0.21B,$0.10B,47.17%,$0.21B,$0.06B,29.25%,$0.06B,$0.26B,26.87%,$0.06B,$0.14B,44.13%,$0.06B,$0.35B,19.92%,$0.10B,$0.26B,40.86%,$61,$14,$47,$0,$16,$32,$29,$1,$30,$11,$18,$18,$18,$32,$29,$57,57,$0.32,$0.32,$119,$5,$0,$220,$8,$6,$116,$0,$131,$351,$57,$4,$0,$37,$95,$0,$163,$-9,$257,$351,$46,$9,$-1,$8,$-35,$-3,$0,$0,$-35,$19,$-2,$0,$-92,$0,$-0,$-0,$0,$-95,$4,$-1,$3,$0,$0,$0,$0,$3,$-71,$1,$0
47,2006-12-31,29.56,$4.82,6.13,$3.57,8.27,$1.22,24.29,$1.05,28.15,$0.20B,$0.06B,3.57,$0.00B,$0.24B,0.02,$0.21B,$0.16B,75.73%,$0.21B,$0.09B,44.17%,$0.21B,$0.09B,44.17%,$0.21B,$0.10B,46.12%,$0.21B,$0.10B,47.09%,$0.21B,$0.06B,29.61%,$0.06B,$0.24B,27.48%,$0.06B,$0.12B,39.29%,$0.06B,$0.34B,20.75%,$0.09B,$0.25B,40.81%,$50,$11,$39,$0,$16,$29,$20,$1,$21,$9,$13,$13,$13,$23,$20,$57,57,$0.23,$0.22,$128,$6,$0,$200,$8,$5,$121,$0,$136,$336,$56,$4,$0,$36,$92,$0,$145,$-4,$243,$336,$28,$6,$1,$7,$-3,$-3,$-11,$0,$-19,$15,$-2,$0,$-82,$0,$0,$0,$0,$-84,$4,$-1,$3,$0,$0,$0,$0,$3,$-62,$0,$0
