,Date,Stock Price,Book Value per Share,Price to Book Ratio,TTM Sales per Share,Price to Sales Ratio,TTM FCF per Share,Price to FCF Ratio,TTM Net EPS,PE Ratio,Current Assets,Current Liabilities,Current Ratio,Long Term Debt,Shareholder's Equity_x,Debt to Equity Ratio,TTM Revenue_x,TTM Gross Profit,Gross Margin,TTM Revenue_y,TTM Operating Income,Operating Margin,TTM Revenue_x,TTM EBIT,EBIT Margin,TTM Revenue_y,TTM EBITDA,EBITDA Margin,TTM Revenue_x,TTM Pre-Tax Income,Pre-Tax Margin,TTM Revenue_y,TTM Net Income_x,Net Margin,TTM Net Income_y,Shareholder's Equity_y,Return on Equity,TTM Net Income_x,Tangible Equity,Return on Tangible Equity,TTM Net Income_y,Total Assets,Return on Assets,TTM Net Income,LT Investments & Debt,Return on Investment,revenue,cost-goods-sold,gross-profit,research-development-expenses,selling-general-administrative-expenses,operating-expenses,operating-income,total-non-operating-income-expense,pre-tax-income,total-provision-income-taxes,income-after-taxes,income-from-continuous-operations,net-income,ebitda,ebit,basic-shares-outstanding,shares-outstanding,eps-basic-net-earnings-per-share,eps-earnings-per-share-diluted,cash-on-hand,inventory,other-current-assets,total-current-assets,net-property-plant-equipment,long-term-investments,goodwill-intangible-assets-total,other-long-term-assets,total-long-term-assets,total-assets,total-current-liabilities,long-term-debt,other-non-current-liabilities,total-long-term-liabilities,total-liabilities,common-stock-net,retained-earnings-accumulated-deficit,comprehensive-income,total-share-holder-equity,total-liabilities-share-holders-equity,net-income-loss,total-depreciation-amortization-cash-flow,other-non-cash-items,total-non-cash-items,change-in-accounts-receivable,change-in-inventories,change-in-accounts-payable,change-in-assets-liabilities,total-change-in-assets-liabilities,cash-flow-from-operating-activities,net-change-in-property-plant-equipment,net-change-in-intangible-assets,net-acquisitions-divestitures,net-change-in-short-term-investments,net-change-in-long-term-investments,net-change-in-investments-total,investing-activities-other,cash-flow-from-investing-activities,net-long-term-debt,net-current-debt,debt-issuance-retirement-net-total,net-common-equity-issued-repurchased,net-total-equity-issued-repurchased,total-common-preferred-stock-dividends-paid,financial-activities-other,cash-flow-from-financial-activities,net-cash-flow,stock-based-compensation,common-stock-dividends-paid
0,2018-09-30,50.77,$35.28,1.44,$42.93,1.18,$10.62,4.78,$3.62,14.02,$0.51B,$1.95B,0.26,$0.00B,$0.88B,0.0,$1.09B,$0.27B,24.38%,$1.09B,$0.06B,5.68%,$1.09B,$0.06B,5.68%,$1.09B,$0.07B,6.05%,$1.09B,$0.06B,5.68%,$1.09B,$0.10B,9.44%,$0.10B,$0.88B,10.86%,$0.10B,$0.86B,11.14%,$0.10B,$2.83B,3.23%,$0.06B,$0.88B,6.54%,$292,$228,$64,$0,$52,$279,$13,$0,$13,$2,$11,$11,$11,$14,$13,$25,26,$0.44,$0.43,$52,$0,$0,$508,$89,$2093,$23,$22,$2323,$2831,$1946,$0,$0,$1,$1947,$0,$753,$-70,$884,$2831,$57,$4,$-11,$-7,$-54,$0,$91,$-14,$19,$69,$-24,$0,$0,$5,$-254,$-249,$276,$2,$0,$0,$0,$1,$1,$-98,$-12,$-108,$-43,$4,$-98
1,2018-06-30,51.83,$38.52,1.35,$42.34,1.22,$13.04,3.97,$2.90,17.87,$0.54B,$1.93B,0.28,$0.00B,$0.97B,0.0,$1.07B,$0.22B,20.86%,$1.07B,$0.02B,1.59%,$1.07B,$0.02B,1.59%,$1.07B,$0.02B,1.96%,$1.07B,$0.02B,1.59%,$1.07B,$0.07B,6.92%,$0.07B,$0.97B,7.68%,$0.07B,$0.94B,7.88%,$0.07B,$2.90B,2.10%,$0.02B,$0.97B,1.76%,$275,$226,$49,$0,$51,$277,$-2,$0,$-2,$-2,$0,$0,$0,$-1,$-2,$25,25,$0.01,$0.01,$101,$0,$0,$540,$80,$2138,$24,$21,$2362,$2902,$1932,$0,$0,$6,$1938,$0,$824,$-59,$965,$2902,$46,$2,$-2,$0,$-47,$0,$77,$-21,$20,$66,$-13,$0,$0,$4,$-299,$-295,$281,$-28,$0,$0,$0,$0,$0,$-15,$-12,$-26,$5,$3,$-15
2,2018-03-31,45.24,$38.96,1.16,$41.41,1.09,$15.16,2.98,$3.01,15.03,$0.72B,$1.86B,0.39,$0.00B,$0.97B,0.0,$1.05B,$0.22B,21.01%,$1.05B,$0.02B,1.43%,$1.05B,$0.02B,1.43%,$1.05B,$0.02B,1.81%,$1.05B,$0.02B,1.43%,$1.05B,$0.08B,7.32%,$0.08B,$0.97B,8.00%,$0.08B,$0.95B,8.20%,$0.08B,$2.85B,2.00%,$0.02B,$0.97B,1.56%,$251,$180,$71,$0,$50,$229,$22,$0,$22,$1,$20,$20,$46,$23,$22,$25,25,$1.84,$1.80,$317,$0,$0,$719,$72,$1920,$24,$20,$2126,$2845,$1856,$0,$0,$19,$1875,$0,$832,$-56,$971,$2845,$46,$1,$-21,$-20,$-11,$0,$-1,$-14,$-2,$24,$-4,$0,$0,$2,$-63,$-60,$290,$226,$0,$0,$0,$-3,$-3,$-7,$-12,$-22,$221,$1,$-7
3,2017-12-31,42.83,$39.06,1.1,$41.27,1.04,$15.85,2.7,$1.98,21.63,$0.49B,$1.86B,0.27,$0.00B,$0.97B,0.0,$1.05B,$0.22B,21.20%,$1.05B,$0.02B,1.52%,$1.05B,$0.02B,1.52%,$1.05B,$0.02B,1.90%,$1.05B,$0.02B,1.52%,$1.05B,$0.05B,4.85%,$0.05B,$0.97B,5.31%,$0.05B,$0.95B,5.45%,$0.05B,$4.18B,1.22%,$0.02B,$0.97B,1.67%,$273,$191,$82,$0,$53,$244,$29,$0,$29,$-16,$45,$45,$46,$30,$29,$25,26,$1.85,$1.82,$96,$0,$0,$493,$69,$1903,$24,$1606,$3690,$4183,$1857,$0,$1347,$1353,$3210,$0,$609,$168,$973,$4183,$51,$5,$27,$32,$-23,$0,$121,$-20,$87,$170,$-17,$0,$0,$-0,$-62,$-62,$18,$-62,$0,$0,$0,$-25,$-25,$-27,$-55,$-108,$6,$5,$-27
4,2017-09-30,42.8,$37.99,1.13,$38.18,1.12,$17.90,2.39,$0.63,67.94,$0.54B,$1.86B,0.29,$0.00B,$0.94B,0.0,$0.97B,$0.19B,19.71%,$0.97B,$0.00B,0.10%,$0.97B,$0.00B,0.10%,$0.97B,$0.00B,0.51%,$0.97B,$0.00B,0.10%,$0.97B,$0.02B,1.75%,$0.02B,$0.94B,1.79%,$0.02B,$0.92B,1.83%,$0.02B,$4.19B,0.41%,$0.00B,$0.94B,0.11%,$270,$249,$21,$0,$53,$302,$-32,$0,$-32,$-13,$-19,$-19,$-18,$-31,$-32,$25,25,$-0.72,$-0.72,$99,$0,$0,$539,$65,$1853,$24,$1612,$3651,$4191,$1858,$0,$1364,$1388,$3247,$0,$601,$150,$944,$4191,$5,$4,$21,$24,$-51,$0,$146,$-2,$87,$116,$-12,$0,$0,$-0,$-24,$-24,$32,$-4,$0,$0,$0,$-27,$-27,$-20,$-46,$-93,$9,$3,$-20
5,2017-06-30,40.88,$38.46,1.06,$37.28,1.1,$18.43,2.22,$1.83,22.34,$0.58B,$3.19B,0.18,$0.00B,$0.96B,0.0,$0.96B,$0.24B,24.69%,$0.96B,$0.05B,4.90%,$0.96B,$0.05B,4.90%,$0.96B,$0.05B,5.42%,$0.96B,$0.05B,4.90%,$0.96B,$0.05B,4.90%,$0.05B,$0.96B,4.92%,$0.05B,$0.94B,5.05%,$0.05B,$4.20B,1.14%,$0.05B,$0.96B,4.92%,$258,$211,$47,$0,$51,$263,$-4,$0,$-4,$-4,$0,$0,$3,$-3,$-4,$25,26,$0.12,$0.12,$130,$0,$0,$575,$58,$3354,$24,$19,$3623,$4197,$3186,$0,$0,$48,$3235,$0,$626,$137,$963,$4197,$23,$2,$20,$22,$-60,$0,$129,$-8,$67,$112,$-4,$0,$0,$0,$-35,$-35,$14,$-25,$0,$0,$0,$-19,$-19,$-13,$-35,$-68,$16,$2,$-13
6,2017-03-31,39.43,$37.90,1.04,$38.03,1.04,$17.23,2.29,$1.83,21.55,$0.50B,$3.10B,0.16,$0.00B,$0.96B,0.0,$0.98B,$0.24B,24.75%,$0.98B,$0.05B,5.30%,$0.98B,$0.05B,5.30%,$0.98B,$0.06B,5.80%,$0.98B,$0.05B,5.30%,$0.98B,$0.05B,4.79%,$0.05B,$0.96B,4.92%,$0.05B,$0.94B,5.05%,$0.05B,$4.10B,1.15%,$0.05B,$0.96B,5.44%,$251,$178,$73,$0,$50,$228,$23,$0,$23,$4,$19,$19,$20,$24,$23,$25,26,$0.78,$0.77,$94,$0,$0,$499,$56,$3334,$25,$19,$3598,$4097,$3096,$0,$0,$41,$3137,$0,$630,$117,$960,$4097,$20,$1,$5,$6,$-19,$0,$30,$-2,$14,$39,$-1,$0,$0,$0,$-39,$-39,$12,$-28,$0,$0,$0,$-5,$-5,$-6,$-17,$-28,$-18,$1,$-6
7,2016-12-31,45.06,$37.04,1.22,$38.70,1.16,$17.13,2.63,$1.94,23.23,$0.47B,$1.72B,0.28,$0.00B,$0.94B,0.0,$1.00B,$0.25B,24.97%,$1.00B,$0.06B,5.82%,$1.00B,$0.06B,5.82%,$1.00B,$0.06B,6.32%,$1.00B,$0.06B,5.82%,$1.00B,$0.05B,4.91%,$0.05B,$0.94B,5.17%,$0.05B,$0.92B,5.31%,$0.05B,$4.06B,1.21%,$0.06B,$0.94B,6.12%,$195,$144,$51,$0,$48,$181,$14,$0,$14,$2,$12,$12,$12,$15,$14,$25,26,$0.47,$0.45,$89,$0,$0,$472,$56,$1785,$25,$1623,$3582,$4055,$1715,$0,$1390,$1398,$3113,$0,$616,$109,$942,$4055,$50,$6,$74,$80,$-25,$0,$140,$-10,$85,$214,$-8,$0,$0,$-2,$-118,$-120,$15,$-112,$0,$0,$0,$6,$6,$-25,$-79,$-98,$-0,$4,$-25
8,2016-09-30,38.57,$37.83,1.02,$36.69,1.05,$16.26,2.37,$2.69,14.34,$0.57B,$3.10B,0.18,$0.00B,$0.96B,0.0,$0.94B,$0.26B,27.81%,$0.94B,$0.08B,8.60%,$0.94B,$0.08B,8.60%,$0.94B,$0.08B,8.92%,$0.94B,$0.08B,8.60%,$0.94B,$0.07B,7.22%,$0.07B,$0.96B,7.30%,$0.07B,$0.93B,7.50%,$0.07B,$4.11B,1.69%,$0.08B,$0.96B,8.69%,$256,$189,$66,$0,$52,$242,$14,$0,$14,$2,$12,$12,$12,$16,$14,$25,26,$0.49,$0.48,$141,$0,$0,$571,$55,$3280,$25,$19,$3536,$4107,$3104,$0,$0,$44,$3148,$0,$611,$135,$959,$4107,$38,$5,$44,$49,$-67,$0,$133,$-9,$41,$128,$-6,$0,$0,$-1,$-51,$-52,$38,$-20,$0,$0,$0,$4,$4,$-18,$-60,$-74,$10,$3,$-18
9,2016-06-30,38.45,$37.85,1.02,$37.21,1.03,$16.01,2.4,$2.98,12.9,$0.55B,$3.10B,0.18,$0.00B,$0.96B,0.0,$0.95B,$0.27B,28.60%,$0.95B,$0.09B,9.88%,$0.95B,$0.09B,9.88%,$0.95B,$0.10B,10.41%,$0.95B,$0.09B,9.88%,$0.95B,$0.08B,7.99%,$0.08B,$0.96B,8.41%,$0.08B,$0.94B,8.65%,$0.08B,$4.11B,1.92%,$0.09B,$0.96B,10.40%,$280,$226,$53,$0,$53,$279,$1,$0,$1,$-2,$3,$3,$3,$2,$1,$25,26,$0.12,$0.12,$120,$0,$0,$553,$53,$3296,$25,$19,$3553,$4106,$3100,$0,$0,$45,$3145,$0,$605,$141,$961,$4106,$26,$3,$4,$7,$-71,$0,$147,$-10,$49,$81,$-3,$0,$0,$1,$-24,$-23,$0,$-26,$-36,$0,$-36,$6,$6,$-12,$-0,$-42,$13,$2,$-12
10,2016-03-31,39.47,$36.69,1.08,$36.48,1.08,$16.44,2.4,$3.45,11.44,$0.52B,$3.01B,0.17,$0.00B,$0.93B,0.0,$0.93B,$0.28B,30.53%,$0.93B,$0.11B,12.19%,$0.93B,$0.11B,12.19%,$0.93B,$0.12B,12.73%,$0.93B,$0.11B,12.19%,$0.93B,$0.09B,9.49%,$0.09B,$0.93B,10.10%,$0.09B,$0.90B,10.40%,$0.09B,$3.98B,2.25%,$0.11B,$0.93B,12.97%,$266,$187,$79,$0,$50,$237,$29,$0,$29,$6,$22,$22,$22,$30,$29,$25,26,$0.89,$0.88,$144,$0,$0,$518,$52,$3199,$25,$21,$3458,$3976,$3011,$0,$0,$35,$3047,$0,$608,$109,$929,$3976,$22,$2,$3,$4,$-24,$0,$36,$-4,$9,$35,$-1,$0,$0,$1,$20,$21,$0,$20,$-17,$0,$-17,$5,$5,$-6,$-1,$-18,$38,$1,$-6
11,2015-12-31,34.32,$34.94,0.98,$35.60,0.96,$15.56,2.21,$3.51,9.78,$0.46B,$2.99B,0.15,$0.00B,$0.88B,0.0,$0.90B,$0.28B,30.92%,$0.90B,$0.12B,12.90%,$0.90B,$0.12B,12.90%,$0.90B,$0.12B,13.46%,$0.90B,$0.12B,12.90%,$0.90B,$0.09B,10.01%,$0.09B,$0.88B,10.59%,$0.09B,$0.85B,10.92%,$0.09B,$3.89B,2.32%,$0.12B,$0.88B,13.65%,$140,$77,$64,$0,$45,$103,$37,$0,$37,$10,$27,$27,$31,$36,$37,$25,25,$1.23,$1.23,$106,$0,$0,$456,$53,$3168,$26,$19,$3434,$3890,$2992,$0,$0,$20,$3011,$0,$591,$80,$879,$3890,$89,$6,$45,$51,$-15,$0,$87,$-23,$49,$190,$-10,$0,$0,$-1,$-107,$-109,$82,$-36,$0,$0,$0,$3,$3,$-7,$-134,$-138,$23,$3,$-7
12,2015-09-30,31.23,$33.73,0.93,$39.87,0.78,$14.03,2.23,$3.68,8.49,$0.50B,$3.02B,0.16,$0.00B,$0.85B,0.0,$1.01B,$0.31B,30.43%,$1.01B,$0.13B,12.78%,$1.01B,$0.13B,12.78%,$1.01B,$0.14B,13.58%,$1.01B,$0.13B,12.78%,$1.01B,$0.09B,9.32%,$0.09B,$0.85B,11.26%,$0.09B,$0.82B,11.62%,$0.09B,$3.88B,2.43%,$0.13B,$0.85B,15.46%,$265,$189,$76,$0,$49,$238,$27,$0,$27,$7,$20,$20,$20,$31,$27,$25,25,$0.78,$0.77,$124,$0,$0,$496,$53,$3123,$26,$20,$3380,$3876,$3018,$0,$0,$13,$3031,$0,$566,$75,$845,$3876,$58,$8,$9,$16,$-34,$0,$112,$-20,$50,$124,$-11,$0,$0,$-0,$34,$33,$0,$22,$-97,$0,$-97,$0,$0,$-16,$-0,$-113,$33,$2,$-16
13,2015-06-30,29.0,$33.21,0.87,$38.73,0.75,$12.77,2.27,$2.92,9.93,$0.48B,$3.05B,0.16,$0.00B,$0.83B,0.0,$0.98B,$0.27B,27.86%,$0.98B,$0.10B,10.10%,$0.98B,$0.10B,10.10%,$0.98B,$0.11B,10.71%,$0.98B,$0.10B,10.10%,$0.98B,$0.07B,7.55%,$0.07B,$0.83B,8.97%,$0.07B,$0.81B,9.26%,$0.07B,$3.89B,1.92%,$0.10B,$0.83B,12.00%,$256,$192,$64,$0,$44,$236,$20,$0,$20,$5,$15,$15,$15,$21,$20,$25,25,$0.60,$0.59,$93,$0,$0,$476,$50,$3162,$26,$18,$3415,$3891,$3045,$0,$0,$15,$3060,$0,$552,$77,$832,$3891,$39,$3,$5,$8,$-41,$0,$113,$-17,$45,$91,$-4,$0,$0,$0,$-2,$-1,$0,$-5,$-72,$0,$-72,$-0,$-0,$-11,$-0,$-83,$3,$1,$-11
14,2015-03-31,27.92,$33.76,0.83,$37.71,0.74,$11.30,2.47,$2.75,10.15,$0.46B,$2.98B,0.16,$0.00B,$0.84B,0.0,$0.96B,$0.26B,27.38%,$0.96B,$0.09B,9.61%,$0.96B,$0.09B,9.61%,$0.96B,$0.10B,10.34%,$0.96B,$0.09B,9.61%,$0.96B,$0.07B,7.31%,$0.07B,$0.84B,8.50%,$0.07B,$0.82B,8.77%,$0.07B,$3.86B,1.82%,$0.09B,$0.84B,11.17%,$238,$164,$74,$0,$42,$207,$32,$0,$32,$8,$24,$24,$24,$33,$32,$25,25,$0.95,$0.94,$111,$0,$0,$464,$50,$3167,$26,$19,$3401,$3864,$2983,$0,$0,$37,$3020,$0,$542,$100,$844,$3864,$24,$2,$2,$4,$-16,$0,$6,$-7,$-14,$14,$-2,$0,$0,$2,$44,$46,$0,$44,$-31,$0,$-31,$-1,$-1,$-5,$-0,$-37,$21,$1,$-5
15,2014-12-31,25.95,$32.67,0.79,$36.92,0.7,$11.44,2.27,$2.33,11.14,$0.43B,$3.01B,0.14,$0.00B,$0.82B,0.0,$0.94B,$0.24B,25.80%,$0.94B,$0.08B,8.07%,$0.94B,$0.08B,8.07%,$0.94B,$0.08B,8.92%,$0.94B,$0.08B,8.07%,$0.94B,$0.06B,6.26%,$0.06B,$0.82B,7.24%,$0.06B,$0.79B,7.48%,$0.06B,$3.86B,1.54%,$0.08B,$0.82B,9.33%,$250,$157,$93,$0,$43,$200,$50,$0,$50,$16,$35,$35,$35,$52,$50,$25,25,$1.38,$1.37,$91,$0,$0,$426,$49,$3197,$26,$18,$3430,$3857,$3009,$0,$0,$31,$3039,$0,$524,$91,$817,$3857,$59,$7,$4,$11,$-30,$0,$113,$-9,$81,$151,$-8,$0,$0,$-1,$-49,$-51,$0,$-59,$-64,$0,$-64,$-11,$-11,$-20,$-0,$-94,$-2,$2,$-20
16,2014-09-30,24.07,$32.27,0.75,$36.07,0.67,$11.82,2.04,$1.99,12.09,$0.42B,$2.99B,0.14,$0.00B,$0.81B,0.0,$0.92B,$0.23B,24.65%,$0.92B,$0.06B,6.84%,$0.92B,$0.06B,6.84%,$0.92B,$0.07B,7.71%,$0.92B,$0.06B,6.84%,$0.92B,$0.05B,5.54%,$0.05B,$0.81B,6.33%,$0.05B,$0.78B,6.54%,$0.05B,$3.83B,1.35%,$0.06B,$0.81B,7.81%,$236,$194,$42,$0,$45,$239,$-3,$0,$-3,$-3,$0,$0,$0,$-1,$-3,$25,25,$0.01,$0.01,$72,$0,$0,$420,$48,$3166,$26,$18,$3406,$3825,$2986,$0,$0,$31,$3017,$0,$494,$111,$808,$3825,$24,$5,$-3,$3,$-37,$0,$112,$-12,$60,$87,$-6,$0,$0,$-0,$-38,$-38,$0,$-44,$-39,$0,$-39,$-9,$-9,$-15,$-0,$-64,$-20,$1,$-15
17,2014-06-30,25.24,$32.74,0.77,$35.51,0.71,$13.04,1.94,$2.43,10.39,$0.44B,$2.99B,0.15,$0.00B,$0.83B,0.0,$0.91B,$0.24B,26.21%,$0.91B,$0.08B,8.81%,$0.91B,$0.08B,8.81%,$0.91B,$0.09B,9.69%,$0.91B,$0.08B,8.81%,$0.91B,$0.06B,6.94%,$0.06B,$0.83B,7.97%,$0.06B,$0.80B,8.25%,$0.06B,$3.85B,1.67%,$0.08B,$0.83B,10.12%,$233,$179,$53,$0,$40,$220,$13,$0,$13,$2,$11,$11,$11,$15,$13,$25,26,$0.42,$0.42,$90,$0,$0,$444,$48,$3172,$27,$18,$3408,$3852,$2988,$0,$0,$38,$3026,$0,$498,$119,$826,$3852,$24,$4,$-5,$-1,$-43,$0,$92,$-14,$33,$55,$-4,$0,$0,$-0,$-21,$-21,$0,$-25,$-18,$0,$-18,$-4,$-4,$-10,$-0,$-32,$-2,$1,$-10
18,2014-03-31,25.94,$31.82,0.82,$35.03,0.74,$13.70,1.89,$2.62,9.9,$0.39B,$2.93B,0.13,$0.00B,$0.81B,0.0,$0.90B,$0.24B,27.04%,$0.90B,$0.09B,9.72%,$0.90B,$0.09B,9.72%,$0.90B,$0.09B,10.50%,$0.90B,$0.09B,9.72%,$0.90B,$0.07B,7.49%,$0.07B,$0.81B,8.73%,$0.07B,$0.78B,9.05%,$0.07B,$3.77B,1.80%,$0.09B,$0.81B,11.34%,$223,$167,$55,$0,$40,$207,$16,$0,$16,$3,$13,$13,$13,$18,$16,$25,26,$0.53,$0.52,$69,$0,$0,$390,$48,$3144,$27,$16,$3379,$3769,$2931,$0,$0,$30,$2961,$0,$493,$102,$808,$3769,$13,$2,$-5,$-3,$-16,$0,$21,$-1,$8,$18,$-3,$0,$0,$-0,$-28,$-29,$0,$-32,$-7,$0,$-7,$1,$1,$-5,$0,$-10,$-24,$0,$-5
19,2013-12-31,24.34,$30.87,0.79,$34.42,0.71,$14.33,1.7,$2.98,8.17,$0.40B,$2.92B,0.14,$0.00B,$0.78B,0.0,$0.88B,$0.26B,29.08%,$0.88B,$0.10B,11.52%,$0.88B,$0.10B,11.52%,$0.88B,$0.11B,12.31%,$0.88B,$0.10B,11.52%,$0.88B,$0.08B,8.67%,$0.08B,$0.78B,10.07%,$0.08B,$0.76B,10.44%,$0.08B,$3.72B,2.04%,$0.10B,$0.78B,13.38%,$229,$152,$77,$0,$40,$192,$37,$0,$37,$11,$27,$27,$27,$39,$37,$25,26,$1.05,$1.04,$92,$0,$0,$400,$47,$3078,$27,$18,$3321,$3721,$2916,$0,$0,$22,$2938,$0,$484,$87,$783,$3721,$76,$6,$12,$17,$-3,$0,$61,$-4,$68,$161,$-8,$0,$0,$-7,$-86,$-94,$0,$-102,$-59,$0,$-59,$2,$2,$-17,$-0,$-75,$-15,$2,$-17
20,2013-09-30,25.72,$29.30,0.88,$33.81,0.76,$14.97,1.72,$1.84,13.98,$0.42B,$2.97B,0.14,$0.00B,$0.74B,0.0,$0.86B,$0.21B,24.04%,$0.86B,$0.06B,6.50%,$0.86B,$0.06B,6.50%,$0.86B,$0.06B,7.32%,$0.86B,$0.06B,6.50%,$0.86B,$0.05B,5.46%,$0.05B,$0.74B,6.34%,$0.05B,$0.72B,6.58%,$0.05B,$3.72B,1.27%,$0.06B,$0.74B,7.55%,$223,$170,$53,$0,$39,$209,$14,$0,$14,$3,$12,$12,$12,$16,$14,$25,26,$0.46,$0.45,$87,$0,$0,$424,$45,$3067,$27,$17,$3300,$3724,$2973,$0,$0,$6,$2979,$0,$462,$70,$744,$3724,$50,$4,$5,$10,$-32,$0,$81,$-4,$59,$118,$-5,$0,$0,$-1,$-75,$-76,$0,$-80,$-48,$0,$-48,$3,$3,$-13,$-0,$-58,$-21,$1,$-13
21,2013-06-30,20.84,$29.00,0.72,$33.18,0.63,$15.39,1.35,$1.73,12.04,$0.42B,$2.96B,0.14,$0.00B,$0.73B,0.0,$0.85B,$0.20B,23.67%,$0.85B,$0.05B,6.15%,$0.85B,$0.05B,6.15%,$0.85B,$0.06B,6.98%,$0.85B,$0.05B,6.15%,$0.85B,$0.04B,5.21%,$0.04B,$0.73B,5.92%,$0.04B,$0.71B,6.15%,$0.04B,$3.70B,1.18%,$0.05B,$0.73B,6.99%,$220,$163,$57,$0,$37,$199,$20,$0,$20,$5,$15,$15,$15,$21,$20,$25,25,$0.61,$0.61,$81,$0,$0,$423,$44,$3053,$27,$16,$3278,$3701,$2959,$0,$0,$8,$2966,$0,$455,$69,$734,$3701,$38,$3,$2,$5,$-40,$0,$52,$-3,$28,$70,$-3,$0,$0,$-1,$-51,$-51,$0,$-54,$-36,$0,$-36,$1,$1,$-8,$-0,$-43,$-27,$1,$-8
22,2013-03-31,21.24,$30.01,0.71,$32.37,0.66,$15.63,1.36,$1.70,12.49,$0.43B,$2.94B,0.15,$0.00B,$0.76B,0.0,$0.83B,$0.20B,23.76%,$0.83B,$0.05B,6.18%,$0.83B,$0.05B,6.18%,$0.83B,$0.06B,7.15%,$0.83B,$0.05B,6.18%,$0.83B,$0.04B,5.33%,$0.04B,$0.76B,5.91%,$0.04B,$0.73B,6.15%,$0.04B,$3.73B,1.18%,$0.05B,$0.76B,6.85%,$205,$137,$68,$0,$38,$175,$30,$0,$30,$7,$22,$22,$22,$32,$30,$25,25,$0.89,$0.88,$102,$0,$0,$432,$42,$3093,$28,$16,$3292,$3725,$2940,$0,$0,$27,$2967,$0,$444,$105,$758,$3725,$22,$2,$3,$5,$-25,$0,$16,$-0,$5,$32,$-0,$0,$0,$-0,$-12,$-13,$0,$-13,$-21,$0,$-21,$1,$1,$-4,$-0,$-24,$-6,$0,$-4
23,2012-12-31,18.1,$28.90,0.63,$31.84,0.57,$15.76,1.15,$1.57,11.53,$0.43B,$2.95B,0.15,$0.00B,$0.73B,0.0,$0.81B,$0.19B,22.97%,$0.81B,$0.05B,5.65%,$0.81B,$0.05B,5.65%,$0.81B,$0.05B,6.63%,$0.81B,$0.05B,5.65%,$0.81B,$0.04B,5.04%,$0.04B,$0.73B,5.58%,$0.04B,$0.70B,5.81%,$0.04B,$3.70B,1.10%,$0.05B,$0.73B,6.26%,$213,$184,$29,$0,$37,$221,$-8,$0,$-8,$-6,$-2,$-2,$-2,$-6,$-8,$25,26,$-0.09,$-0.09,$107,$0,$0,$427,$43,$3075,$28,$17,$3268,$3695,$2946,$0,$0,$20,$2965,$0,$425,$95,$729,$3695,$40,$8,$19,$27,$-2,$0,$104,$-8,$105,$172,$-3,$0,$0,$-6,$-103,$-108,$0,$-111,$-16,$-45,$-61,$-6,$-6,$-15,$-16,$-98,$-37,$2,$-15
24,2012-09-30,20.7,$29.66,0.7,$30.86,0.67,$11.46,1.81,$2.33,8.88,$0.45B,$2.95B,0.15,$0.00B,$0.75B,0.0,$0.79B,$0.22B,27.74%,$0.79B,$0.08B,9.58%,$0.79B,$0.08B,9.58%,$0.79B,$0.09B,10.72%,$0.79B,$0.08B,9.58%,$0.79B,$0.06B,7.57%,$0.06B,$0.75B,8.26%,$0.06B,$0.73B,8.62%,$0.06B,$3.74B,1.62%,$0.08B,$0.75B,10.47%,$207,$160,$46,$0,$36,$197,$10,$0,$10,$1,$9,$9,$9,$12,$10,$25,26,$0.34,$0.34,$83,$0,$0,$450,$43,$3100,$29,$16,$3288,$3738,$2952,$0,$0,$32,$2984,$0,$432,$110,$754,$3738,$43,$6,$14,$20,$-50,$0,$105,$-3,$62,$125,$-1,$0,$0,$-5,$-109,$-115,$0,$-116,$3,$-45,$-42,$-2,$-2,$-11,$-16,$-71,$-62,$1,$-11
25,2012-06-30,17.44,$28.91,0.6,$30.06,0.58,$8.46,2.06,$1.80,9.69,$0.48B,$2.94B,0.16,$0.00B,$0.74B,0.0,$0.77B,$0.21B,26.74%,$0.77B,$0.06B,7.24%,$0.77B,$0.06B,7.24%,$0.77B,$0.06B,8.14%,$0.77B,$0.06B,7.24%,$0.77B,$0.05B,5.94%,$0.05B,$0.74B,6.49%,$0.05B,$0.71B,6.78%,$0.05B,$3.74B,1.26%,$0.06B,$0.74B,7.90%,$200,$146,$53,$0,$34,$180,$19,$0,$19,$4,$15,$15,$15,$21,$19,$25,26,$0.58,$0.58,$102,$0,$0,$481,$44,$3063,$30,$17,$3261,$3741,$2936,$0,$0,$25,$3006,$0,$427,$96,$735,$3741,$34,$4,$8,$12,$-63,$0,$80,$0,$29,$75,$-1,$0,$0,$-2,$-99,$-101,$0,$-101,$9,$0,$9,$-2,$-2,$-8,$-16,$-16,$-43,$1,$-8
26,2012-03-31,14.52,$28.20,0.51,$29.21,0.5,$7.25,2.0,$0.53,27.4,$0.43B,$2.90B,0.15,$0.00B,$0.72B,0.0,$0.76B,$0.17B,22.09%,$0.76B,$0.01B,0.79%,$0.76B,$0.01B,0.79%,$0.76B,$0.01B,1.59%,$0.76B,$0.01B,0.79%,$0.76B,$0.01B,1.72%,$0.01B,$0.72B,1.85%,$0.01B,$0.69B,1.94%,$0.01B,$3.69B,0.36%,$0.01B,$0.72B,0.86%,$194,$134,$59,$0,$35,$169,$25,$0,$25,$6,$19,$19,$19,$27,$25,$26,26,$0.75,$0.75,$74,$0,$0,$434,$45,$3055,$30,$18,$3253,$3687,$2896,$0,$8,$27,$2968,$0,$416,$90,$719,$3687,$19,$2,$5,$7,$-38,$0,$41,$2,$10,$36,$-1,$0,$0,$-0,$-100,$-100,$0,$-101,$7,$0,$7,$0,$0,$-4,$-8,$-5,$-71,$0,$-4
27,2011-12-31,16.26,$27.29,0.6,$27.14,0.6,$7.07,2.3,$0.00,0.0,$0.47B,$2.85B,0.17,$0.00B,$0.70B,0.0,$0.71B,$0.14B,19.97%,$0.71B,$-0.01B,-1.70%,$0.71B,$-0.01B,-1.70%,$0.71B,$-0.01B,-0.99%,$0.71B,$-0.01B,-1.70%,$0.71B,$0.00B,0.00%,$0.00B,$0.70B,0.00%,$0.00B,$0.67B,0.00%,$0.00B,$3.62B,0.00%,$-0.01B,$0.70B,-1.71%,$192,$129,$62,$0,$40,$170,$22,$0,$22,$5,$17,$17,$17,$25,$22,$26,26,$0.66,$0.66,$145,$0,$0,$472,$46,$2940,$31,$23,$3147,$3619,$2849,$0,$16,$29,$2923,$0,$400,$83,$696,$3619,$0,$6,$-1,$4,$-36,$0,$88,$24,$70,$74,$-14,$0,$-173,$1,$10,$11,$0,$-175,$51,$42,$93,$-12,$-12,$-16,$0,$65,$-36,$2,$-16
28,2011-09-30,14.15,$26.88,0.53,$25.45,0.56,$7.37,1.92,$-0.31,0.0,$0.49B,$2.84B,0.17,$0.00B,$0.69B,0.0,$0.66B,$0.12B,18.67%,$0.66B,$-0.02B,-2.86%,$0.66B,$-0.02B,-2.86%,$0.66B,$-0.02B,-2.56%,$0.66B,$-0.02B,-2.86%,$0.66B,$-0.00B,-0.75%,$-0.00B,$0.69B,-0.71%,$-0.00B,$0.65B,-0.73%,$-0.00B,$3.61B,-0.15%,$-0.02B,$0.69B,-2.69%,$188,$155,$33,$0,$43,$198,$-10,$0,$-10,$-6,$-5,$-5,$-5,$-10,$-10,$26,26,$-0.19,$-0.19,$154,$0,$0,$494,$45,$2899,$32,$25,$3111,$3605,$2842,$0,$16,$24,$2919,$85,$387,$85,$685,$3605,$-17,$3,$-9,$-7,$-33,$0,$119,$-1,$78,$55,$-7,$0,$-171,$2,$29,$30,$0,$-148,$42,$50,$92,$-12,$-12,$-12,$0,$68,$-26,$1,$-12
29,2011-06-30,13.77,$27.23,0.51,$23.79,0.58,$7.60,1.81,$0.02,688.65,$0.52B,$2.81B,0.18,$0.00B,$0.71B,0.0,$0.62B,$0.12B,19.39%,$0.62B,$-0.01B,-1.28%,$0.62B,$-0.01B,-1.28%,$0.62B,$-0.00B,-0.80%,$0.62B,$-0.01B,-1.28%,$0.62B,$0.00B,0.48%,$0.00B,$0.71B,0.42%,$0.00B,$0.67B,0.43%,$0.00B,$3.62B,0.09%,$-0.01B,$0.71B,-1.12%,$182,$169,$13,$0,$44,$213,$-31,$0,$-31,$-13,$-18,$-18,$-18,$-30,$-31,$26,26,$-0.69,$-0.69,$177,$0,$0,$516,$37,$2900,$32,$26,$3106,$3622,$2805,$0,$16,$29,$2917,$86,$396,$90,$705,$3622,$-12,$2,$-9,$-7,$-35,$0,$108,$-9,$60,$41,$3,$0,$-173,$-0,$46,$45,$0,$-124,$14,$80,$94,$-6,$-6,$-8,$0,$80,$-3,$1,$-8
30,2011-03-31,15.9,$27.42,0.58,$22.44,0.71,$7.51,2.12,$1.29,12.32,$0.46B,$2.72B,0.17,$0.00B,$0.72B,0.0,$0.59B,$0.15B,26.10%,$0.59B,$0.04B,6.95%,$0.59B,$0.04B,6.95%,$0.59B,$0.04B,7.46%,$0.59B,$0.04B,6.95%,$0.59B,$0.04B,5.93%,$0.04B,$0.72B,4.88%,$0.04B,$0.69B,4.94%,$0.04B,$3.55B,1.10%,$0.04B,$0.72B,5.72%,$144,$111,$33,$0,$26,$137,$7,$0,$7,$1,$6,$6,$6,$8,$7,$26,26,$0.22,$0.22,$166,$0,$0,$458,$36,$2875,$32,$27,$3091,$3550,$2717,$0,$16,$31,$2831,$87,$418,$77,$718,$3550,$6,$1,$-1,$0,$-8,$0,$28,$4,$25,$31,$-0,$0,$-173,$1,$48,$49,$0,$-124,$2,$80,$82,$0,$0,$-4,$-0,$78,$-14,$0,$-4
31,2010-12-31,17.43,$27.35,0.64,$22.43,0.78,$7.42,2.35,$1.80,9.68,$0.37B,$2.27B,0.16,$0.00B,$0.72B,0.0,$0.59B,$0.17B,28.93%,$0.59B,$0.06B,9.81%,$0.59B,$0.06B,9.81%,$0.59B,$0.06B,10.32%,$0.59B,$0.06B,9.81%,$0.59B,$0.05B,8.12%,$0.05B,$0.72B,6.74%,$0.05B,$0.72B,6.74%,$0.05B,$3.01B,1.57%,$0.06B,$0.72B,8.15%,$150,$105,$45,$0,$30,$135,$15,$0,$15,$3,$12,$12,$12,$15,$15,$26,26,$0.45,$0.44,$180,$0,$0,$369,$22,$2512,$0,$17,$2638,$3007,$2271,$0,$0,$20,$2291,$0,$416,$77,$716,$3007,$48,$3,$-2,$1,$-3,$0,$12,$3,$22,$71,$-2,$0,$0,$-3,$-89,$-93,$0,$-95,$35,$0,$35,$-6,$-6,$-16,$0,$13,$-11,$2,$-16
32,2010-09-30,16.45,$27.73,0.59,$22.34,0.74,$8.18,2.01,$1.52,10.82,$0.36B,$2.28B,0.16,$0.00B,$0.73B,0.0,$0.59B,$0.15B,25.76%,$0.59B,$0.04B,6.95%,$0.59B,$0.04B,6.95%,$0.59B,$0.05B,7.63%,$0.59B,$0.04B,7.29%,$0.59B,$0.04B,6.44%,$0.04B,$0.73B,5.42%,$0.04B,$0.73B,5.42%,$0.04B,$3.12B,1.26%,$0.04B,$0.73B,5.85%,$148,$118,$30,$0,$28,$146,$1,$0,$1,$-1,$3,$3,$3,$2,$1,$26,26,$0.11,$0.11,$148,$0,$0,$359,$22,$2562,$0,$94,$2758,$3117,$2282,$0,$78,$107,$2389,$87,$411,$93,$727,$3117,$36,$2,$-0,$2,$-22,$0,$35,$-2,$18,$56,$-2,$0,$0,$-0,$-110,$-110,$-78,$-190,$30,$0,$30,$-5,$-5,$-12,$78,$90,$-43,$1,$-12
33,2010-06-30,15.26,$26.82,0.57,$22.38,0.68,$7.74,1.97,$1.00,15.26,$0.37B,$2.26B,0.16,$0.00B,$0.71B,0.0,$0.59B,$0.13B,22.26%,$0.59B,$0.02B,3.54%,$0.59B,$0.02B,3.54%,$0.59B,$0.03B,4.22%,$0.59B,$0.02B,3.88%,$0.59B,$0.03B,4.22%,$0.03B,$0.71B,3.63%,$0.03B,$0.71B,3.63%,$0.03B,$3.06B,0.84%,$0.02B,$0.71B,3.05%,$148,$102,$46,$0,$28,$130,$18,$0,$18,$4,$14,$14,$14,$19,$18,$26,26,$0.53,$0.53,$157,$0,$0,$366,$22,$2487,$0,$93,$2690,$3057,$2258,$0,$75,$93,$2351,$88,$411,$70,$706,$3057,$33,$1,$3,$5,$-24,$0,$24,$-6,$6,$43,$-1,$0,$0,$-0,$-80,$-80,$-75,$-156,$15,$0,$15,$-4,$-4,$-8,$75,$79,$-34,$1,$-8
34,2010-03-31,13.76,$26.49,0.52,$21.81,0.63,$7.34,1.87,$0.22,62.53,$0.33B,$2.22B,0.15,$0.00B,$0.70B,0.0,$0.58B,$0.10B,17.79%,$0.58B,$-0.01B,-1.38%,$0.58B,$-0.01B,-1.38%,$0.58B,$-0.00B,-0.69%,$0.58B,$-0.01B,-1.04%,$0.58B,$0.01B,1.04%,$0.01B,$0.70B,0.89%,$0.01B,$0.70B,0.89%,$0.01B,$3.02B,0.21%,$-0.01B,$0.70B,-1.18%,$145,$95,$50,$0,$27,$121,$24,$0,$24,$5,$19,$19,$19,$25,$24,$26,26,$0.72,$0.72,$144,$0,$0,$326,$22,$2486,$0,$97,$2694,$3020,$2224,$0,$79,$98,$2321,$88,$400,$73,$698,$3020,$19,$1,$2,$2,$-3,$0,$-4,$-3,$8,$30,$-1,$0,$0,$-0,$-77,$-77,$-79,$-156,$8,$0,$8,$-3,$-3,$-4,$79,$80,$-47,$0,$-4
35,2009-12-31,13.82,$25.35,0.55,$21.51,0.64,$6.47,2.14,$-0.39,0.0,$0.39B,$2.22B,0.18,$0.00B,$0.67B,0.0,$0.57B,$0.08B,14.69%,$0.57B,$-0.03B,-5.42%,$0.57B,$-0.03B,-5.42%,$0.57B,$-0.03B,-4.72%,$0.57B,$-0.03B,-5.07%,$0.57B,$-0.01B,-1.75%,$-0.01B,$0.67B,-1.51%,$-0.01B,$0.67B,-1.51%,$-0.01B,$2.90B,-0.35%,$-0.03B,$0.67B,-4.69%,$149,$123,$26,$0,$28,$151,$-2,$0,$-0,$-2,$2,$2,$2,$-1,$-2,$27,27,$0.07,$0.07,$191,$0,$0,$387,$22,$2381,$0,$20,$2515,$2903,$2219,$0,$0,$11,$2230,$88,$384,$61,$673,$2903,$-10,$4,$34,$37,$26,$0,$44,$5,$73,$100,$-11,$0,$0,$15,$-135,$-120,$0,$-130,$128,$0,$128,$-2,$-2,$-16,$0,$111,$81,$2,$-16
36,2009-09-30,13.46,$25.60,0.53,$21.46,0.63,$4.36,3.09,$-1.02,0.0,$0.40B,$2.19B,0.19,$0.00B,$0.68B,0.0,$0.57B,$0.07B,11.69%,$0.57B,$-0.05B,-9.08%,$0.57B,$-0.05B,-9.08%,$0.57B,$-0.05B,-8.38%,$0.57B,$-0.06B,-9.60%,$0.57B,$-0.03B,-4.71%,$-0.03B,$0.68B,-4.14%,$-0.03B,$0.68B,-4.14%,$-0.03B,$2.97B,-0.97%,$-0.05B,$0.68B,-7.97%,$151,$140,$10,$0,$29,$169,$-19,$0,$-19,$-8,$-10,$-10,$-10,$-18,$-19,$27,27,$-0.38,$-0.38,$176,$0,$0,$404,$20,$2339,$0,$112,$2567,$2971,$2186,$0,$89,$104,$2290,$89,$386,$66,$681,$2971,$-12,$3,$7,$10,$-8,$0,$35,$26,$54,$52,$-8,$0,$0,$17,$-89,$-71,$-89,$-168,$107,$0,$107,$-1,$-1,$-12,$89,$183,$67,$2,$-12
37,2009-06-30,12.8,$24.56,0.52,$21.36,0.6,$3.83,3.34,$-1.27,0.0,$0.38B,$2.15B,0.18,$0.00B,$0.65B,0.0,$0.57B,$0.06B,10.86%,$0.57B,$-0.06B,-10.68%,$0.57B,$-0.06B,-10.68%,$0.57B,$-0.06B,-9.98%,$0.57B,$-0.06B,-11.21%,$0.57B,$-0.03B,-5.95%,$-0.03B,$0.65B,-5.20%,$-0.03B,$0.65B,-5.20%,$-0.03B,$2.81B,-1.25%,$-0.06B,$0.65B,-9.33%,$134,$117,$17,$0,$29,$145,$-11,$0,$-11,$-6,$-5,$-5,$-5,$-10,$-11,$27,27,$-0.20,$-0.20,$153,$0,$0,$377,$18,$2232,$0,$51,$2430,$2806,$2153,$0,$0,$0,$2153,$89,$401,$25,$653,$2806,$-2,$2,$7,$9,$-12,$0,$36,$-4,$30,$37,$-5,$0,$0,$10,$-63,$-52,$-70,$-127,$72,$0,$72,$-1,$-1,$-8,$70,$134,$43,$1,$-8
38,2009-03-31,16.25,$23.89,0.68,$21.93,0.74,$3.20,5.08,$-1.13,0.0,$0.32B,$2.08B,0.16,$0.00B,$0.64B,0.0,$0.59B,$0.08B,12.73%,$0.59B,$-0.05B,-8.83%,$0.59B,$-0.05B,-8.83%,$0.59B,$-0.05B,-8.15%,$0.59B,$-0.06B,-9.85%,$0.59B,$-0.03B,-5.26%,$-0.03B,$0.64B,-4.61%,$-0.03B,$0.64B,-4.61%,$-0.03B,$2.71B,-1.14%,$-0.05B,$0.64B,-7.74%,$138,$107,$31,$0,$29,$137,$1,$0,$1,$-2,$3,$3,$3,$2,$1,$27,27,$0.12,$0.12,$106,$0,$0,$324,$17,$2153,$0,$51,$2387,$2711,$2076,$0,$0,$0,$2076,$89,$410,$-2,$635,$2711,$3,$1,$-0,$1,$2,$0,$2,$-1,$5,$9,$-3,$0,$0,$3,$-35,$-32,$-80,$-116,$27,$0,$27,$-1,$-1,$-4,$80,$103,$-3,$1,$-4
39,2008-12-31,22.79,$24.10,0.95,$22.25,1.02,$4.04,5.64,$-0.51,0.0,$0.33B,$2.05B,0.16,$0.00B,$0.64B,0.0,$0.60B,$0.10B,17.14%,$0.60B,$-0.03B,-4.33%,$0.60B,$-0.03B,-4.33%,$0.60B,$-0.02B,-3.66%,$0.60B,$-0.03B,-5.32%,$0.60B,$-0.01B,-2.33%,$-0.01B,$0.64B,-1.99%,$-0.01B,$0.64B,-1.99%,$-0.01B,$2.69B,-0.51%,$-0.03B,$0.64B,-3.70%,$150,$141,$9,$0,$32,$173,$-23,$-3,$-26,$-12,$-15,$-15,$-15,$-22,$-23,$27,27,$-0.53,$-0.53,$110,$0,$0,$331,$15,$2124,$0,$51,$2356,$2687,$2045,$0,$0,$0,$2045,$89,$411,$4,$642,$2687,$-13,$4,$-24,$-20,$-28,$0,$114,$11,$77,$44,$-10,$0,$0,$60,$-157,$-98,$0,$-107,$-49,$0,$-49,$-15,$-15,$-16,$-0,$-80,$-143,$2,$-16
40,2008-09-30,20.83,$25.55,0.82,$22.71,0.92,$6.54,3.18,$1.02,20.42,$0.34B,$2.02B,0.17,$0.00B,$0.68B,0.0,$0.62B,$0.17B,27.39%,$0.62B,$0.04B,5.67%,$0.62B,$0.04B,5.67%,$0.62B,$0.04B,6.32%,$0.62B,$0.03B,5.19%,$0.62B,$0.03B,4.38%,$0.03B,$0.68B,3.70%,$0.03B,$0.68B,3.70%,$0.03B,$2.71B,0.98%,$0.04B,$0.68B,4.79%,$149,$145,$5,$0,$32,$177,$-28,$-0,$-28,$-11,$-17,$-17,$-17,$-27,$-28,$27,27,$-0.63,$-0.63,$119,$0,$0,$335,$8,$2160,$0,$49,$2377,$2712,$2019,$0,$0,$8,$2027,$89,$429,$25,$684,$2712,$2,$3,$4,$7,$-29,$0,$90,$-25,$22,$31,$-1,$0,$0,$31,$-131,$-100,$-43,$-143,$-40,$0,$-40,$-12,$-12,$-12,$43,$-22,$-134,$1,$-12
41,2008-06-30,19.52,$26.88,0.73,$22.86,0.85,$7.46,2.62,$2.34,8.34,$0.36B,$2.02B,0.18,$0.00B,$0.73B,0.0,$0.63B,$0.22B,35.78%,$0.63B,$0.09B,14.22%,$0.63B,$0.09B,14.22%,$0.63B,$0.09B,14.86%,$0.63B,$0.09B,13.74%,$0.63B,$0.06B,10.06%,$0.06B,$0.73B,8.44%,$0.06B,$0.73B,8.44%,$0.06B,$2.77B,2.27%,$0.09B,$0.73B,11.93%,$152,$122,$30,$0,$32,$154,$-2,$-4,$-5,$-4,$-2,$-2,$-2,$-1,$-2,$27,27,$-0.06,$-0.06,$137,$0,$0,$356,$9,$2211,$0,$49,$2413,$2769,$2023,$0,$0,$20,$2043,$90,$450,$40,$726,$2769,$19,$2,$1,$3,$-40,$0,$68,$-29,$-5,$16,$-0,$0,$0,$5,$-108,$-103,$0,$-104,$-14,$0,$-14,$-5,$-5,$-8,$0,$-27,$-115,$1,$-8
42,2008-03-31,27.0,$27.93,0.97,$22.99,1.17,$7.92,3.41,$3.53,7.65,$0.45B,$1.99B,0.23,$0.00B,$0.76B,0.0,$0.63B,$0.27B,43.20%,$0.63B,$0.14B,21.52%,$0.63B,$0.14B,21.52%,$0.63B,$0.14B,22.15%,$0.63B,$0.14B,21.52%,$0.63B,$0.10B,15.19%,$0.10B,$0.76B,12.83%,$0.10B,$0.76B,12.83%,$0.10B,$2.78B,3.47%,$0.14B,$0.76B,18.18%,$150,$91,$59,$0,$33,$123,$27,$0,$27,$7,$20,$20,$20,$28,$27,$27,27,$0.74,$0.74,$268,$0,$0,$451,$10,$2170,$0,$20,$2329,$2779,$1986,$0,$0,$34,$2020,$91,$456,$63,$759,$2779,$20,$1,$-4,$-3,$-16,$0,$20,$-1,$12,$30,$-0,$0,$0,$-11,$6,$-5,$0,$-5,$-4,$0,$-4,$-0,$-0,$-4,$0,$-8,$16,$0,$-4
43,2007-12-31,20.91,$27.63,0.76,$23.11,0.9,$7.77,2.69,$4.04,5.18,$0.43B,$1.97B,0.22,$0.00B,$0.75B,0.0,$0.64B,$0.30B,46.39%,$0.64B,$0.16B,24.92%,$0.64B,$0.16B,24.92%,$0.64B,$0.16B,25.39%,$0.64B,$0.16B,24.92%,$0.64B,$0.11B,17.40%,$0.11B,$0.75B,15.06%,$0.11B,$0.75B,15.06%,$0.11B,$2.76B,4.01%,$0.16B,$0.75B,21.57%,$166,$91,$75,$0,$37,$128,$38,$0,$38,$12,$26,$26,$26,$39,$38,$28,28,$0.97,$0.96,$253,$0,$0,$427,$11,$2175,$0,$19,$2334,$2761,$1970,$0,$0,$40,$2009,$91,$440,$71,$751,$2761,$111,$4,$-5,$-1,$14,$0,$-26,$5,$-4,$106,$-2,$0,$0,$-44,$29,$-15,$0,$-16,$-62,$0,$-62,$-15,$-15,$-15,$0,$-92,$-2,$1,$-15
44,2007-09-30,27.97,$27.27,1.03,$23.47,1.19,$7.80,3.58,$4.13,6.77,$0.38B,$1.98B,0.19,$0.00B,$0.75B,0.0,$0.64B,$0.30B,46.87%,$0.64B,$0.16B,25.71%,$0.64B,$0.16B,25.71%,$0.64B,$0.17B,26.18%,$0.64B,$0.16B,25.71%,$0.64B,$0.11B,17.87%,$0.11B,$0.75B,15.84%,$0.11B,$0.75B,15.84%,$0.11B,$2.77B,4.12%,$0.16B,$0.75B,22.79%,$158,$98,$60,$0,$34,$132,$26,$0,$26,$7,$19,$19,$19,$27,$26,$28,28,$0.69,$0.69,$183,$0,$0,$375,$11,$2222,$0,$21,$2395,$2770,$1977,$0,$0,$43,$2020,$92,$417,$83,$749,$2770,$85,$3,$-2,$0,$-1,$0,$-24,$-2,$-28,$58,$-1,$0,$0,$-10,$-52,$-62,$0,$-63,$-50,$0,$-50,$-6,$-6,$-11,$0,$-67,$-72,$1,$-11
45,2007-06-30,25.23,$26.52,0.95,$23.47,1.07,$8.62,2.93,$4.25,5.94,$0.41B,$1.99B,0.21,$0.00B,$0.73B,0.0,$0.64B,$0.30B,47.65%,$0.64B,$0.17B,26.80%,$0.64B,$0.17B,26.80%,$0.64B,$0.17B,27.27%,$0.64B,$0.17B,26.80%,$0.64B,$0.12B,18.34%,$0.12B,$0.73B,16.76%,$0.12B,$0.73B,16.76%,$0.12B,$2.76B,4.22%,$0.17B,$0.73B,24.50%,$158,$80,$79,$0,$34,$113,$45,$0,$45,$14,$31,$31,$31,$46,$45,$28,28,$1.13,$1.13,$210,$0,$0,$408,$12,$2175,$0,$19,$2352,$2760,$1986,$0,$0,$41,$2027,$92,$402,$77,$734,$2760,$66,$2,$-4,$-3,$-13,$0,$-25,$-1,$-34,$29,$-1,$0,$0,$-22,$-6,$-28,$0,$-29,$-39,$0,$-39,$0,$0,$-7,$0,$-46,$-45,$1,$-7
46,2007-03-31,24.96,$25.87,0.97,$23.87,1.05,$9.40,2.65,$4.01,6.22,$0.43B,$2.00B,0.21,$0.00B,$0.72B,0.0,$0.64B,$0.29B,45.21%,$0.64B,$0.16B,24.96%,$0.64B,$0.16B,24.96%,$0.64B,$0.16B,25.43%,$0.64B,$0.16B,24.96%,$0.64B,$0.11B,17.11%,$0.11B,$0.72B,16.24%,$0.11B,$0.72B,16.24%,$0.11B,$2.77B,3.93%,$0.16B,$0.72B,23.70%,$156,$74,$82,$0,$33,$107,$50,$0,$50,$15,$35,$35,$35,$50,$50,$28,28,$1.25,$1.25,$248,$0,$0,$427,$12,$2178,$0,$19,$2342,$2769,$1997,$0,$0,$56,$2054,$92,$375,$87,$715,$2769,$35,$1,$-1,$-0,$2,$0,$-32,$0,$-8,$26,$-0,$0,$0,$-13,$6,$-6,$0,$-7,$-22,$0,$-22,$0,$0,$-4,$0,$-26,$-7,$0,$-4
47,2006-12-31,24.95,$24.62,1.01,$24.73,1.01,$9.99,2.5,$3.33,7.49,$0.45B,$2.05B,0.22,$0.00B,$0.68B,0.0,$0.64B,$0.25B,39.84%,$0.64B,$0.13B,19.84%,$0.64B,$0.13B,19.84%,$0.64B,$0.13B,20.47%,$0.64B,$0.13B,19.84%,$0.64B,$0.09B,13.70%,$0.09B,$0.68B,14.08%,$0.09B,$0.68B,14.08%,$0.09B,$2.78B,3.17%,$0.13B,$0.68B,20.40%,$166,$89,$78,$0,$34,$123,$43,$0,$43,$14,$29,$29,$29,$44,$43,$26,26,$1.09,$1.09,$255,$0,$0,$446,$13,$2162,$0,$20,$2330,$2776,$2051,$0,$0,$44,$2095,$92,$344,$83,$681,$2776,$88,$3,$-4,$-0,$62,$0,$-73,$-2,$17,$104,$-5,$0,$0,$11,$-36,$-25,$0,$-30,$-76,$0,$-76,$107,$107,$-13,$0,$18,$92,$1,$-13
