,Date,Stock Price,Book Value per Share,Price to Book Ratio,TTM Sales per Share,Price to Sales Ratio,TTM FCF per Share,Price to FCF Ratio,TTM Net EPS,PE Ratio,Current Assets,Current Liabilities,Current Ratio,Long Term Debt,Shareholder's Equity_x,Debt to Equity Ratio,TTM Revenue_x,TTM Gross Profit,Gross Margin,TTM Revenue_y,TTM Operating Income,Operating Margin,TTM Revenue_x,TTM EBIT,EBIT Margin,TTM Revenue_y,TTM EBITDA,EBITDA Margin,TTM Revenue_x,TTM Pre-Tax Income,Pre-Tax Margin,TTM Revenue_y,TTM Net Income_x,Net Margin,TTM Net Income_y,Shareholder's Equity_y,Return on Equity,TTM Net Income_x,Tangible Equity,Return on Tangible Equity,TTM Net Income_y,Total Assets,Return on Assets,TTM Net Income,LT Investments & Debt,Return on Investment,revenue,cost-goods-sold,gross-profit,research-development-expenses,selling-general-administrative-expenses,operating-expenses,operating-income,total-non-operating-income-expense,pre-tax-income,total-provision-income-taxes,income-after-taxes,income-from-continuous-operations,net-income,ebitda,ebit,basic-shares-outstanding,shares-outstanding,eps-basic-net-earnings-per-share,eps-earnings-per-share-diluted,cash-on-hand,inventory,other-current-assets,total-current-assets,net-property-plant-equipment,long-term-investments,goodwill-intangible-assets-total,other-long-term-assets,total-long-term-assets,total-assets,total-current-liabilities,long-term-debt,other-non-current-liabilities,total-long-term-liabilities,total-liabilities,common-stock-net,retained-earnings-accumulated-deficit,comprehensive-income,total-share-holder-equity,total-liabilities-share-holders-equity,net-income-loss,total-depreciation-amortization-cash-flow,other-non-cash-items,total-non-cash-items,change-in-accounts-receivable,change-in-inventories,change-in-accounts-payable,change-in-assets-liabilities,total-change-in-assets-liabilities,cash-flow-from-operating-activities,net-change-in-property-plant-equipment,net-change-in-intangible-assets,net-acquisitions-divestitures,net-change-in-short-term-investments,net-change-in-long-term-investments,net-change-in-investments-total,investing-activities-other,cash-flow-from-investing-activities,net-long-term-debt,net-current-debt,debt-issuance-retirement-net-total,net-common-equity-issued-repurchased,net-total-equity-issued-repurchased,total-common-preferred-stock-dividends-paid,financial-activities-other,cash-flow-from-financial-activities,net-cash-flow,stock-based-compensation,common-stock-dividends-paid
0,2018-09-30,35.33,$17.71,2.0,$73.85,0.48,$-0.57,0.0,$2.41,14.66,$1.05B,$0.36B,2.92,$0.19B,$1.09B,0.17,$4.47B,$0.59B,13.10%,$4.47B,$0.20B,4.54%,$4.47B,$0.20B,4.54%,$4.47B,$0.26B,5.87%,$4.47B,$0.20B,4.41%,$4.47B,$0.15B,3.27%,$0.15B,$1.09B,14.14%,$0.15B,$0.83B,18.86%,$0.15B,$1.68B,8.97%,$0.20B,$1.28B,16.24%,$1213,$1054,$159,$0,$102,$1156,$57,$-2,$55,$13,$42,$42,$40,$73,$57,$61,61,$0.67,$0.66,$43,$510,$30,$1047,$346,$13,$262,$7,$630,$1677,$358,$187,$27,$227,$585,$62,$841,$-4,$1092,$1677,$121,$45,$-5,$40,$-121,$-39,$39,$0,$-101,$60,$-37,$0,$-39,$-12,$3,$-9,$-1,$-86,$70,$-32,$38,$-1,$-1,$-11,$-2,$24,$-1,$0,$-11
1,2018-06-30,36.62,$17.00,2.15,$71.36,0.51,$-0.25,0.0,$2.30,15.94,$1.11B,$0.37B,3.0,$0.28B,$1.05B,0.26,$4.31B,$0.57B,13.25%,$4.31B,$0.20B,4.59%,$4.31B,$0.20B,4.59%,$4.31B,$0.26B,5.92%,$4.31B,$0.19B,4.48%,$4.31B,$0.14B,3.22%,$0.14B,$1.05B,13.94%,$0.14B,$0.79B,18.78%,$0.14B,$1.74B,8.80%,$0.20B,$1.32B,16.44%,$1294,$1129,$166,$0,$105,$1234,$61,$-2,$59,$13,$45,$45,$43,$76,$61,$60,61,$0.71,$0.71,$59,$532,$30,$1113,$341,$11,$263,$7,$624,$1737,$370,$276,$28,$319,$689,$62,$800,$-4,$1048,$1737,$79,$29,$-5,$24,$-156,$-62,$63,$0,$-139,$-36,$-18,$0,$-38,$-9,$3,$-6,$-1,$-63,$71,$57,$128,$-1,$-1,$-11,$-1,$115,$15,$0,$-11
2,2018-03-31,32.29,$16.52,1.95,$67.70,0.48,$0.33,96.8,$2.13,15.14,$1.04B,$0.31B,3.33,$0.26B,$1.02B,0.26,$4.09B,$0.55B,13.52%,$4.09B,$0.19B,4.67%,$4.09B,$0.19B,4.67%,$4.09B,$0.25B,6.02%,$4.09B,$0.19B,4.55%,$4.09B,$0.13B,3.15%,$0.13B,$1.02B,13.38%,$0.13B,$0.76B,18.18%,$0.13B,$1.63B,8.51%,$0.19B,$1.28B,16.56%,$994,$863,$131,$0,$93,$950,$44,$-1,$43,$10,$34,$34,$32,$58,$44,$60,60,$0.53,$0.53,$68,$522,$23,$1044,$314,$10,$255,$7,$588,$1631,$313,$261,$26,$301,$615,$62,$768,$-1,$1017,$1631,$34,$14,$-6,$8,$-100,$-57,$40,$0,$-126,$-84,$12,$0,$-9,$-7,$5,$-2,$-0,$1,$-4,$117,$113,$-1,$-1,$0,$-1,$112,$29,$0,$0
3,2017-12-31,37.44,$15.92,2.35,$65.23,0.57,$0.09,400.82,$1.95,19.23,$0.86B,$0.30B,2.85,$0.15B,$0.97B,0.15,$3.94B,$0.54B,13.78%,$3.94B,$0.18B,4.59%,$3.94B,$0.18B,4.59%,$3.94B,$0.23B,5.94%,$3.94B,$0.18B,4.44%,$3.94B,$0.12B,2.99%,$0.12B,$0.97B,12.63%,$0.12B,$0.72B,17.33%,$0.12B,$1.47B,7.98%,$0.18B,$1.12B,16.14%,$966,$837,$129,$0,$88,$925,$41,$-1,$40,$7,$33,$33,$31,$55,$41,$60,60,$0.51,$0.50,$40,$460,$28,$863,$329,$8,$255,$7,$601,$1465,$303,$145,$29,$187,$491,$61,$736,$0,$974,$1465,$124,$53,$-6,$48,$-31,$-49,$21,$0,$-35,$137,$-68,$0,$-61,$-14,$5,$-8,$-0,$-138,$-5,$36,$31,$-12,$-12,$-20,$-4,$-5,$-6,$0,$-20
4,2017-09-30,32.42,$15.53,2.09,$63.50,0.51,$0.98,32.94,$1.78,18.25,$0.89B,$0.34B,2.62,$0.15B,$0.95B,0.15,$3.84B,$0.54B,13.98%,$3.84B,$0.18B,4.56%,$3.84B,$0.18B,4.56%,$3.84B,$0.23B,5.92%,$3.84B,$0.17B,4.41%,$3.84B,$0.11B,2.79%,$0.11B,$0.95B,11.81%,$0.11B,$0.69B,16.23%,$0.11B,$1.49B,7.46%,$0.18B,$1.10B,16.14%,$1057,$912,$145,$0,$92,$1004,$52,$-1,$51,$16,$35,$35,$33,$66,$52,$60,60,$0.55,$0.55,$34,$412,$22,$889,$325,$8,$256,$8,$598,$1487,$339,$146,$29,$198,$537,$61,$715,$-1,$950,$1487,$91,$40,$2,$41,$-122,$-1,$53,$0,$-35,$97,$-55,$0,$-60,$-12,$4,$-8,$1,$-121,$0,$36,$36,$-13,$-13,$-9,$-3,$11,$-12,$0,$-9
5,2017-06-30,28.84,$14.96,1.93,$59.70,0.48,$1.96,14.7,$1.68,17.13,$0.90B,$0.31B,2.87,$0.21B,$0.92B,0.22,$3.61B,$0.51B,14.12%,$3.61B,$0.17B,4.63%,$3.61B,$0.17B,4.63%,$3.61B,$0.22B,5.96%,$3.61B,$0.16B,4.47%,$3.61B,$0.10B,2.80%,$0.10B,$0.92B,11.48%,$0.10B,$0.66B,15.74%,$0.10B,$1.48B,7.26%,$0.17B,$1.12B,15.91%,$1072,$924,$148,$0,$95,$1018,$54,$-1,$52,$18,$35,$35,$33,$67,$54,$60,61,$0.55,$0.55,$36,$438,$22,$895,$316,$8,$253,$8,$587,$1482,$312,$205,$29,$254,$566,$61,$685,$-3,$916,$1482,$56,$26,$1,$27,$-101,$-27,$38,$0,$-68,$15,$-34,$0,$-60,$-15,$7,$-8,$1,$-100,$0,$95,$95,$-10,$-10,$-9,$-2,$75,$-9,$0,$-9
6,2017-03-31,32.38,$14.58,2.22,$56.46,0.57,$2.53,12.79,$1.68,19.24,$0.90B,$0.28B,3.24,$0.25B,$0.90B,0.28,$3.41B,$0.49B,14.45%,$3.41B,$0.17B,4.90%,$3.41B,$0.17B,4.90%,$3.41B,$0.21B,6.23%,$3.41B,$0.16B,4.76%,$3.41B,$0.10B,2.97%,$0.10B,$0.90B,11.80%,$0.10B,$0.65B,16.00%,$0.10B,$1.48B,7.66%,$0.17B,$1.15B,16.78%,$846,$725,$121,$0,$87,$812,$34,$-1,$32,$11,$22,$22,$21,$46,$34,$60,60,$0.34,$0.34,$38,$472,$21,$899,$310,$4,$250,$13,$578,$1478,$278,$253,$28,$302,$580,$62,$670,$-3,$897,$1478,$22,$13,$1,$13,$-68,$-61,$33,$0,$-106,$-71,$-16,$0,$-55,$-1,$1,$0,$1,$-71,$0,$143,$143,$0,$0,$0,$-2,$142,$1,$0,$0
7,2016-12-31,33.58,$14.10,2.38,$53.82,0.62,$3.26,10.31,$1.66,20.27,$0.76B,$0.27B,2.78,$0.11B,$0.86B,0.13,$3.24B,$0.47B,14.63%,$3.24B,$0.17B,5.09%,$3.24B,$0.17B,5.09%,$3.24B,$0.21B,6.42%,$3.24B,$0.16B,4.97%,$3.24B,$0.10B,3.05%,$0.10B,$0.86B,11.92%,$0.10B,$0.63B,16.00%,$0.10B,$1.29B,8.01%,$0.17B,$0.97B,17.79%,$860,$737,$122,$0,$87,$824,$35,$-1,$34,$12,$22,$22,$20,$48,$35,$60,60,$0.34,$0.33,$45,$397,$21,$756,$298,$0,$228,$9,$536,$1292,$272,$109,$30,$160,$432,$61,$649,$-6,$860,$1292,$105,$44,$5,$48,$-5,$-3,$11,$0,$19,$173,$-51,$0,$-81,$-6,$3,$-3,$-93,$-228,$0,$24,$24,$1,$1,$-18,$-3,$3,$-54,$0,$-18
8,2016-09-30,32.22,$13.89,2.32,$50.47,0.64,$3.37,9.55,$1.63,19.81,$0.79B,$0.31B,2.55,$0.11B,$0.85B,0.13,$3.04B,$0.45B,14.79%,$3.04B,$0.16B,5.30%,$3.04B,$0.16B,5.30%,$3.04B,$0.20B,6.62%,$3.04B,$0.16B,5.17%,$3.04B,$0.10B,3.23%,$0.10B,$0.85B,12.14%,$0.10B,$0.62B,16.27%,$0.10B,$1.31B,8.24%,$0.16B,$0.96B,17.93%,$827,$709,$118,$0,$75,$783,$44,$-1,$43,$14,$29,$29,$27,$54,$44,$60,60,$0.45,$0.45,$48,$370,$22,$791,$284,$0,$224,$9,$520,$1311,$310,$110,$29,$153,$464,$20,$638,$-5,$847,$1311,$83,$31,$1,$32,$-69,$22,$35,$0,$21,$136,$-35,$0,$-67,$-4,$1,$-3,$-95,$-200,$0,$25,$25,$0,$0,$-9,$-3,$14,$-51,$0,$-9
9,2016-06-30,30.33,$13.45,2.25,$49.47,0.61,$3.15,9.62,$1.59,19.03,$0.73B,$0.24B,3.05,$0.09B,$0.82B,0.1,$2.97B,$0.44B,14.88%,$2.97B,$0.16B,5.39%,$2.97B,$0.16B,5.39%,$2.97B,$0.20B,6.73%,$2.97B,$0.16B,5.25%,$2.97B,$0.10B,3.23%,$0.10B,$0.82B,12.24%,$0.10B,$0.62B,16.40%,$0.10B,$1.20B,8.42%,$0.16B,$0.90B,18.42%,$872,$741,$131,$0,$78,$818,$54,$-1,$53,$19,$34,$34,$33,$64,$54,$60,60,$0.55,$0.55,$98,$298,$15,$730,$257,$0,$198,$7,$465,$1195,$239,$85,$26,$136,$375,$20,$610,$-4,$820,$1195,$54,$20,$1,$21,$-95,$8,$31,$0,$-36,$40,$-24,$0,$-2,$-4,$1,$-3,$-1,$-29,$0,$-0,$-0,$0,$0,$-9,$-2,$-10,$0,$0,$-9
10,2016-03-31,27.94,$13.05,2.14,$48.99,0.57,$3.05,9.15,$1.47,18.96,$0.68B,$0.22B,3.17,$0.09B,$0.80B,0.11,$2.94B,$0.42B,14.41%,$2.94B,$0.15B,5.11%,$2.94B,$0.15B,5.11%,$2.94B,$0.19B,6.51%,$2.94B,$0.15B,4.97%,$2.94B,$0.09B,3.03%,$0.09B,$0.80B,11.67%,$0.09B,$0.60B,15.75%,$0.09B,$1.15B,7.90%,$0.15B,$0.88B,17.51%,$682,$579,$103,$0,$71,$650,$32,$-1,$31,$11,$20,$20,$19,$42,$32,$60,60,$0.32,$0.32,$51,$327,$17,$682,$255,$0,$198,$8,$463,$1146,$215,$85,$26,$136,$351,$20,$585,$-4,$795,$1146,$20,$10,$0,$10,$-64,$-22,$21,$0,$-61,$-30,$-13,$0,$0,$0,$0,$0,$-0,$-13,$0,$-0,$-0,$0,$0,$0,$-1,$-1,$-44,$0,$0
11,2015-12-31,22.26,$12.68,1.75,$48.25,0.46,$2.67,8.35,$1.33,16.78,$0.65B,$0.20B,3.18,$0.09B,$0.77B,0.11,$2.89B,$0.40B,13.86%,$2.89B,$0.14B,4.71%,$2.89B,$0.14B,4.71%,$2.89B,$0.18B,6.13%,$2.89B,$0.13B,4.57%,$2.89B,$0.08B,2.77%,$0.08B,$0.77B,10.77%,$0.08B,$0.57B,14.65%,$0.08B,$1.11B,7.07%,$0.14B,$0.85B,15.77%,$654,$556,$97,$0,$66,$623,$31,$-1,$30,$9,$21,$21,$19,$41,$31,$60,60,$0.31,$0.31,$95,$305,$17,$648,$251,$0,$199,$8,$459,$1108,$204,$85,$29,$137,$341,$20,$566,$-5,$766,$1108,$85,$41,$0,$42,$-26,$34,$5,$0,$42,$169,$-41,$0,$-4,$-8,$1,$-7,$5,$-47,$0,$-14,$-14,$0,$0,$-17,$-3,$-33,$88,$0,$-17
12,2015-09-30,18.68,$12.52,1.49,$47.74,0.39,$1.14,16.33,$1.17,15.96,$0.65B,$0.21B,3.02,$0.09B,$0.76B,0.11,$2.85B,$0.38B,13.18%,$2.85B,$0.12B,4.24%,$2.85B,$0.12B,4.24%,$2.85B,$0.16B,5.68%,$2.85B,$0.12B,4.14%,$2.85B,$0.07B,2.45%,$0.07B,$0.76B,9.64%,$0.07B,$0.56B,13.18%,$0.07B,$1.11B,6.30%,$0.12B,$0.84B,14.25%,$762,$652,$111,$0,$68,$720,$43,$-1,$42,$15,$27,$27,$25,$53,$43,$60,60,$0.42,$0.42,$62,$288,$17,$648,$255,$0,$201,$8,$464,$1112,$214,$85,$26,$141,$356,$20,$555,$-2,$756,$1112,$65,$31,$1,$32,$-77,$51,$11,$0,$25,$121,$-34,$0,$-3,$-6,$0,$-6,$3,$-40,$0,$-14,$-14,$0,$0,$-8,$-3,$-25,$55,$0,$-8
13,2015-06-30,16.85,$12.13,1.39,$46.96,0.36,$0.45,37.82,$1.07,15.75,$0.68B,$0.23B,2.9,$0.12B,$0.73B,0.17,$2.80B,$0.36B,12.66%,$2.80B,$0.11B,3.92%,$2.80B,$0.11B,3.92%,$2.80B,$0.15B,5.35%,$2.80B,$0.11B,3.85%,$2.80B,$0.06B,2.28%,$0.06B,$0.73B,9.00%,$0.06B,$0.54B,12.21%,$0.06B,$1.14B,5.89%,$0.11B,$0.86B,13.19%,$838,$726,$112,$0,$68,$794,$44,$-1,$43,$16,$27,$27,$26,$55,$44,$60,60,$0.43,$0.43,$25,$330,$15,$679,$258,$0,$193,$9,$460,$1140,$234,$122,$19,$173,$407,$20,$530,$0,$733,$1140,$38,$20,$1,$21,$-105,$10,$46,$0,$-22,$37,$-27,$0,$-3,$0,$0,$0,$2,$-27,$0,$24,$24,$1,$1,$-8,$-1,$15,$25,$0,$-8
14,2015-03-31,17.84,$11.85,1.51,$45.86,0.39,$0.35,50.9,$1.00,17.78,$0.71B,$0.22B,3.3,$0.19B,$0.72B,0.26,$2.74B,$0.34B,12.41%,$2.74B,$0.10B,3.76%,$2.74B,$0.10B,3.76%,$2.74B,$0.14B,5.11%,$2.74B,$0.10B,3.69%,$2.74B,$0.06B,2.19%,$0.06B,$0.72B,8.60%,$0.06B,$0.52B,11.62%,$0.06B,$1.17B,5.68%,$0.10B,$0.90B,12.66%,$633,$553,$80,$0,$62,$615,$18,$-1,$17,$6,$11,$11,$10,$28,$18,$60,60,$0.17,$0.17,$24,$405,$14,$709,$255,$0,$193,$9,$458,$1167,$215,$187,$20,$237,$452,$20,$512,$0,$715,$1167,$11,$10,$0,$10,$-63,$-64,$45,$0,$-71,$-51,$-15,$0,$-3,$0,$0,$0,$4,$-13,$0,$88,$88,$0,$0,$0,$-1,$87,$23,$0,$0
15,2014-12-31,17.1,$11.67,1.47,$44.52,0.38,$0.58,29.4,$0.95,17.94,$0.57B,$0.18B,3.27,$0.10B,$0.70B,0.14,$2.66B,$0.33B,12.26%,$2.66B,$0.10B,3.68%,$2.66B,$0.10B,3.68%,$2.66B,$0.13B,5.00%,$2.66B,$0.10B,3.61%,$2.66B,$0.06B,2.14%,$0.06B,$0.70B,8.34%,$0.06B,$0.51B,11.21%,$0.06B,$1.02B,5.60%,$0.10B,$0.80B,12.42%,$620,$547,$73,$0,$57,$604,$16,$0,$16,$5,$11,$11,$9,$26,$16,$59,60,$0.16,$0.15,$0,$340,$18,$573,$248,$0,$192,$10,$451,$1024,$175,$99,$19,$149,$324,$20,$502,$1,$700,$1024,$62,$36,$3,$39,$-10,$-50,$15,$0,$-28,$73,$-36,$0,$-35,$0,$0,$0,$4,$-67,$0,$14,$14,$-4,$-4,$-12,$-3,$-5,$0,$0,$-12
16,2014-09-30,13.62,$11.60,1.17,$42.96,0.32,$0.24,57.71,$0.93,14.59,$0.59B,$0.19B,3.03,$0.09B,$0.70B,0.12,$2.57B,$0.32B,12.35%,$2.57B,$0.10B,3.74%,$2.57B,$0.10B,3.74%,$2.57B,$0.13B,5.07%,$2.57B,$0.09B,3.62%,$2.57B,$0.06B,2.18%,$0.06B,$0.70B,8.34%,$0.06B,$0.53B,11.17%,$0.06B,$1.02B,5.66%,$0.10B,$0.78B,12.42%,$713,$624,$90,$0,$60,$681,$32,$-1,$32,$11,$20,$20,$19,$41,$32,$60,60,$0.32,$0.32,$27,$274,$21,$585,$245,$0,$169,$15,$430,$1015,$193,$85,$16,$127,$320,$20,$501,$3,$695,$1015,$51,$26,$-2,$24,$-77,$15,$25,$0,$-4,$71,$-25,$0,$-7,$0,$0,$0,$-1,$-34,$0,$0,$0,$-4,$-4,$-4,$-2,$-10,$26,$0,$-4
17,2014-06-30,15.39,$11.29,1.36,$42.00,0.37,$-0.24,0.0,$0.85,18.11,$0.59B,$0.20B,2.89,$0.10B,$0.68B,0.14,$2.51B,$0.31B,12.18%,$2.51B,$0.09B,3.55%,$2.51B,$0.09B,3.55%,$2.51B,$0.12B,4.87%,$2.51B,$0.09B,3.39%,$2.51B,$0.05B,2.04%,$0.05B,$0.68B,7.75%,$0.05B,$0.51B,10.45%,$0.05B,$1.02B,5.26%,$0.09B,$0.78B,11.71%,$773,$676,$97,$0,$59,$736,$37,$-1,$36,$14,$22,$22,$22,$45,$37,$60,60,$0.36,$0.36,$1,$278,$20,$591,$247,$0,$169,$12,$430,$1022,$204,$95,$16,$138,$342,$20,$487,$3,$680,$1022,$30,$17,$-0,$17,$-106,$11,$47,$0,$-24,$23,$-18,$0,$-7,$0,$0,$0,$-3,$-28,$0,$10,$10,$0,$0,$-4,$-1,$5,$0,$0,$-4
18,2014-03-31,17.57,$10.98,1.6,$41.53,0.42,$-1.10,0.0,$0.75,23.33,$0.58B,$0.16B,3.64,$0.14B,$0.66B,0.22,$2.47B,$0.29B,11.66%,$2.47B,$0.08B,3.20%,$2.47B,$0.08B,3.20%,$2.47B,$0.11B,4.53%,$2.47B,$0.08B,3.04%,$2.47B,$0.05B,1.82%,$0.05B,$0.66B,6.97%,$0.05B,$0.49B,9.47%,$0.05B,$1.01B,4.69%,$0.08B,$0.80B,10.41%,$554,$488,$66,$0,$54,$541,$13,$-1,$12,$4,$8,$8,$7,$21,$13,$60,60,$0.12,$0.12,$1,$312,$20,$582,$241,$0,$170,$12,$424,$1007,$160,$143,$16,$186,$346,$20,$469,$3,$660,$1007,$8,$8,$-0,$8,$-62,$-24,$29,$0,$-59,$-44,$-8,$0,$-4,$0,$0,$0,$-2,$-14,$0,$59,$59,$0,$0,$0,$-1,$58,$0,$0,$0
19,2013-12-31,16.56,$10.86,1.53,$41.62,0.4,$-1.45,0.0,$0.72,23.0,$0.50B,$0.14B,3.57,$0.09B,$0.65B,0.13,$2.47B,$0.28B,11.34%,$2.47B,$0.08B,3.04%,$2.47B,$0.08B,3.04%,$2.47B,$0.11B,4.37%,$2.47B,$0.07B,2.87%,$2.47B,$0.04B,1.74%,$0.04B,$0.65B,6.78%,$0.04B,$0.48B,9.28%,$0.04B,$0.92B,4.53%,$0.08B,$0.73B,9.99%,$526,$462,$64,$0,$50,$512,$14,$-1,$13,$4,$9,$9,$8,$23,$14,$59,59,$0.13,$0.13,$1,$287,$19,$496,$237,$0,$170,$12,$421,$917,$139,$85,$17,$128,$267,$20,$462,$3,$650,$917,$46,$34,$6,$40,$-18,$-42,$8,$0,$-31,$54,$-38,$0,$-11,$0,$0,$0,$6,$-44,$0,$-11,$-11,$2,$2,$-8,$-1,$-18,$-8,$0,$-8
20,2013-09-30,13.28,$10.78,1.23,$40.77,0.33,$-2.03,0.0,$0.55,24.0,$0.51B,$0.16B,3.1,$0.09B,$0.64B,0.13,$2.42B,$0.26B,10.77%,$2.42B,$0.06B,2.48%,$2.42B,$0.06B,2.48%,$2.42B,$0.09B,3.85%,$2.42B,$0.06B,2.32%,$2.42B,$0.03B,1.37%,$0.03B,$0.64B,5.29%,$0.03B,$0.47B,7.28%,$0.03B,$0.93B,3.53%,$0.06B,$0.73B,8.08%,$652,$573,$78,$0,$53,$627,$25,$-1,$24,$9,$15,$15,$14,$33,$25,$59,59,$0.24,$0.24,$6,$232,$20,$510,$239,$0,$170,$13,$424,$934,$164,$85,$16,$126,$290,$20,$458,$4,$643,$934,$37,$24,$1,$25,$-80,$11,$19,$0,$-15,$48,$-31,$0,$-9,$0,$0,$0,$6,$-35,$0,$-11,$-11,$1,$1,$-4,$-1,$-16,$-2,$0,$-4
21,2013-06-30,12.63,$10.52,1.2,$38.84,0.33,$-2.39,0.0,$0.39,32.65,$0.56B,$0.17B,3.37,$0.14B,$0.63B,0.23,$2.30B,$0.24B,10.32%,$2.30B,$0.04B,1.87%,$2.30B,$0.04B,1.87%,$2.30B,$0.08B,3.35%,$2.30B,$0.04B,1.74%,$2.30B,$0.02B,1.00%,$0.02B,$0.63B,3.73%,$0.02B,$0.46B,5.16%,$0.02B,$0.98B,2.53%,$0.04B,$0.77B,5.99%,$738,$658,$80,$0,$53,$711,$27,$-1,$26,$10,$16,$16,$16,$35,$27,$59,59,$0.26,$0.26,$1,$254,$20,$555,$234,$0,$171,$16,$423,$977,$165,$142,$17,$185,$349,$20,$444,$3,$628,$977,$22,$16,$1,$17,$-109,$-10,$33,$0,$-64,$-26,$-21,$0,$-9,$0,$0,$0,$5,$-25,$0,$47,$47,$1,$1,$-4,$-0,$43,$-8,$0,$-4
22,2013-03-31,12.53,$10.33,1.21,$36.47,0.34,$-1.96,0.0,$0.42,30.07,$0.55B,$0.15B,3.58,$0.16B,$0.62B,0.25,$2.15B,$0.23B,10.64%,$2.15B,$0.05B,2.14%,$2.15B,$0.05B,2.14%,$2.15B,$0.08B,3.72%,$2.15B,$0.04B,2.00%,$2.15B,$0.02B,1.12%,$0.02B,$0.62B,3.93%,$0.02B,$0.44B,5.46%,$0.02B,$0.97B,2.73%,$0.05B,$0.77B,6.72%,$554,$497,$58,$0,$48,$545,$9,$-1,$8,$2,$6,$6,$5,$17,$9,$59,59,$0.09,$0.09,$1,$291,$16,$550,$228,$0,$171,$16,$417,$967,$154,$155,$17,$197,$351,$20,$432,$4,$616,$967,$6,$8,$1,$8,$-71,$-47,$27,$0,$-79,$-65,$-8,$0,$-9,$0,$0,$0,$6,$-10,$0,$59,$59,$0,$0,$0,$-0,$59,$-15,$0,$0
23,2012-12-31,11.97,$10.23,1.17,$34.84,0.34,$-1.59,0.0,$0.40,29.93,$0.45B,$0.12B,3.95,$0.10B,$0.61B,0.16,$2.06B,$0.23B,10.95%,$2.06B,$0.05B,2.19%,$2.06B,$0.05B,2.19%,$2.06B,$0.08B,3.84%,$2.06B,$0.04B,2.04%,$2.06B,$0.02B,1.12%,$0.02B,$0.61B,3.81%,$0.02B,$0.44B,5.29%,$0.02B,$0.86B,2.72%,$0.05B,$0.70B,6.92%,$471,$427,$44,$0,$45,$472,$-1,$-1,$-2,$-1,$-1,$-1,$-2,$8,$-1,$59,59,$-0.03,$-0.03,$14,$243,$16,$453,$221,$0,$170,$15,$407,$861,$115,$96,$18,$138,$253,$20,$427,$4,$608,$861,$26,$33,$-1,$32,$-32,$-46,$16,$0,$-64,$-6,$-12,$-0,$-17,$0,$0,$0,$-5,$-34,$32,$11,$43,$2,$2,$-8,$-1,$37,$-3,$0,$-8
24,2012-09-30,13.0,$10.30,1.26,$34.05,0.38,$-1.62,0.0,$0.40,32.24,$0.43B,$0.17B,2.55,$0.02B,$0.61B,0.03,$2.01B,$0.23B,11.37%,$2.01B,$0.05B,2.24%,$2.01B,$0.05B,2.24%,$2.01B,$0.08B,3.99%,$2.01B,$0.04B,2.09%,$2.01B,$0.02B,1.15%,$0.02B,$0.61B,3.85%,$0.02B,$0.44B,5.36%,$0.02B,$0.83B,2.80%,$0.05B,$0.63B,7.22%,$533,$478,$55,$0,$45,$525,$8,$-1,$8,$3,$5,$5,$4,$17,$8,$59,59,$0.07,$0.07,$5,$209,$16,$432,$217,$0,$169,$15,$401,$833,$169,$16,$16,$52,$222,$20,$433,$5,$612,$833,$27,$24,$-7,$18,$-63,$-13,$22,$0,$-42,$2,$-7,$-0,$-2,$0,$0,$0,$-1,$-11,$-3,$6,$3,$2,$2,$-4,$-1,$1,$-7,$0,$-4
25,2012-06-30,12.2,$10.20,1.2,$33.04,0.37,$-1.85,0.0,$0.43,28.37,$0.45B,$0.18B,2.51,$0.03B,$0.60B,0.05,$1.94B,$0.23B,11.69%,$1.94B,$0.05B,2.42%,$1.94B,$0.05B,2.42%,$1.94B,$0.08B,4.22%,$1.94B,$0.04B,2.21%,$1.94B,$0.03B,1.29%,$0.03B,$0.60B,4.23%,$0.03B,$0.43B,5.92%,$0.03B,$0.85B,3.07%,$0.05B,$0.64B,7.51%,$594,$522,$72,$0,$49,$564,$30,$-1,$29,$11,$18,$18,$17,$38,$30,$59,59,$0.29,$0.29,$5,$208,$14,$449,$218,$0,$170,$16,$404,$853,$179,$33,$17,$70,$249,$20,$429,$3,$604,$853,$22,$16,$-7,$9,$-85,$-12,$31,$0,$-51,$-20,$-1,$-0,$-2,$0,$0,$0,$-1,$-4,$-3,$23,$20,$1,$1,$-4,$-0,$17,$-7,$0,$-4
26,2012-03-31,10.73,$9.98,1.08,$32.28,0.33,$-2.68,0.0,$0.21,51.12,$0.44B,$0.17B,2.55,$0.04B,$0.59B,0.07,$1.89B,$0.21B,11.21%,$1.89B,$0.03B,1.32%,$1.89B,$0.03B,1.32%,$1.89B,$0.06B,3.22%,$1.89B,$0.02B,1.11%,$1.89B,$0.01B,0.63%,$0.01B,$0.59B,2.05%,$0.01B,$0.42B,2.88%,$0.01B,$0.84B,1.48%,$0.03B,$0.63B,4.00%,$457,$403,$54,$0,$46,$449,$8,$-1,$7,$3,$4,$4,$4,$16,$8,$59,59,$0.07,$0.07,$1,$219,$12,$435,$222,$0,$167,$16,$405,$840,$171,$44,$16,$79,$250,$20,$415,$4,$590,$840,$4,$8,$0,$8,$-65,$-23,$26,$0,$-57,$-45,$-6,$-0,$0,$0,$0,$0,$0,$-6,$0,$34,$34,$1,$1,$0,$-0,$35,$-16,$0,$0
27,2011-12-31,9.61,$9.90,0.97,$31.23,0.31,$-3.82,0.0,$0.08,125.31,$0.36B,$0.13B,2.7,$0.01B,$0.58B,0.02,$1.82B,$0.20B,10.92%,$1.82B,$0.01B,0.66%,$1.82B,$0.01B,0.66%,$1.82B,$0.05B,2.63%,$1.82B,$0.01B,0.44%,$1.82B,$0.00B,0.22%,$0.00B,$0.58B,0.69%,$0.00B,$0.42B,0.97%,$0.00B,$0.76B,0.49%,$0.01B,$0.60B,1.92%,$422,$375,$47,$0,$46,$423,$-1,$-1,$-2,$-1,$-1,$-1,$-2,$9,$-1,$58,59,$-0.03,$-0.03,$11,$195,$12,$358,$222,$0,$168,$15,$406,$764,$133,$12,$17,$49,$181,$20,$411,$4,$583,$764,$6,$36,$2,$38,$-7,$-4,$-10,$0,$-32,$12,$-31,$-0,$0,$0,$0,$0,$-2,$-33,$-1,$-2,$-3,$3,$3,$-8,$-3,$-10,$-32,$0,$-8
28,2011-09-30,7.43,$9.99,0.74,$30.51,0.24,$-3.43,0.0,$0.11,67.54,$0.40B,$0.12B,3.27,$0.05B,$0.59B,0.09,$1.78B,$0.20B,11.13%,$1.78B,$0.01B,0.62%,$1.78B,$0.01B,0.62%,$1.78B,$0.05B,2.59%,$1.78B,$0.01B,0.39%,$1.78B,$0.01B,0.34%,$0.01B,$0.59B,1.03%,$0.01B,$0.42B,1.46%,$0.01B,$0.80B,0.73%,$0.01B,$0.64B,1.73%,$469,$415,$54,$0,$44,$459,$10,$-1,$9,$3,$6,$6,$6,$19,$10,$58,58,$0.10,$0.10,$19,$181,$29,$400,$218,$0,$169,$11,$398,$798,$122,$52,$17,$90,$212,$20,$416,$4,$586,$798,$7,$26,$1,$27,$-47,$9,$6,$0,$-32,$2,$-20,$-0,$0,$0,$0,$0,$0,$-20,$-1,$-2,$-3,$1,$1,$-4,$-1,$-7,$-25,$0,$-4
29,2011-06-30,7.4,$9.92,0.75,$30.73,0.24,$-3.19,0.0,$0.06,130.78,$0.44B,$0.16B,2.65,$0.05B,$0.58B,0.09,$1.79B,$0.20B,11.06%,$1.79B,$0.01B,0.39%,$1.79B,$0.01B,0.39%,$1.79B,$0.04B,2.35%,$1.79B,$0.00B,0.17%,$1.79B,$0.00B,0.17%,$0.00B,$0.58B,0.52%,$0.00B,$0.41B,0.73%,$0.00B,$0.83B,0.37%,$0.01B,$0.63B,1.10%,$544,$488,$57,$0,$45,$536,$8,$-1,$7,$3,$4,$4,$4,$17,$8,$58,58,$0.07,$0.07,$0,$205,$27,$436,$217,$0,$170,$11,$399,$834,$164,$52,$17,$89,$253,$20,$411,$5,$581,$834,$1,$17,$1,$19,$-77,$-14,$17,$0,$-77,$-58,$-11,$-0,$0,$0,$0,$0,$0,$-11,$-0,$21,$21,$1,$1,$-4,$-1,$17,$-52,$0,$-4
30,2011-03-31,11.24,$9.90,1.14,$32.32,0.35,$-3.15,0.0,$0.22,51.91,$0.46B,$0.19B,2.39,$0.05B,$0.58B,0.09,$1.89B,$0.22B,11.61%,$1.89B,$0.02B,1.22%,$1.89B,$0.02B,1.22%,$1.89B,$0.06B,3.08%,$1.89B,$0.02B,1.01%,$1.89B,$0.01B,0.69%,$0.01B,$0.58B,2.24%,$0.01B,$0.41B,3.19%,$0.01B,$0.86B,1.58%,$0.02B,$0.63B,3.61%,$387,$346,$41,$0,$46,$392,$-5,$-1,$-6,$-2,$-3,$-3,$-4,$3,$-5,$58,58,$-0.06,$-0.06,$0,$244,$32,$456,$217,$0,$172,$12,$400,$856,$191,$52,$13,$85,$276,$20,$410,$5,$580,$856,$-4,$8,$1,$9,$-56,$-53,$7,$0,$-115,$-109,$-6,$0,$0,$0,$0,$0,$0,$-6,$0,$72,$72,$0,$0,$0,$-0,$72,$-43,$0,$0
31,2010-12-31,11.93,$10.02,1.19,$32.34,0.37,$-2.56,0.0,$0.30,40.24,$0.38B,$0.12B,3.21,$0.06B,$0.58B,0.09,$1.89B,$0.23B,12.16%,$1.89B,$0.03B,1.64%,$1.89B,$0.03B,1.64%,$1.89B,$0.07B,3.59%,$1.89B,$0.03B,1.43%,$1.89B,$0.02B,0.95%,$0.02B,$0.58B,3.11%,$0.02B,$0.41B,4.44%,$0.02B,$0.79B,2.21%,$0.03B,$0.64B,4.84%,$379,$333,$46,$0,$48,$381,$-2,$-1,$-3,$-4,$1,$1,$0,$7,$-2,$58,58,$0.01,$0.00,$43,$190,$12,$383,$222,$0,$173,$11,$407,$789,$119,$55,$14,$89,$208,$19,$414,$4,$581,$789,$20,$37,$1,$38,$-18,$-25,$10,$0,$-29,$29,$-26,$-5,$-7,$0,$0,$0,$-5,$-43,$-1,$2,$1,$-3,$-3,$-8,$-2,$-11,$-24,$0,$-8
32,2010-09-30,8.92,$10.06,0.89,$31.66,0.28,$-0.51,0.0,$0.28,31.48,$0.40B,$0.13B,3.02,$0.05B,$0.58B,0.09,$1.85B,$0.23B,12.37%,$1.85B,$0.03B,1.78%,$1.85B,$0.03B,1.78%,$1.85B,$0.07B,3.89%,$1.85B,$0.03B,1.51%,$1.85B,$0.02B,0.92%,$0.02B,$0.58B,2.95%,$0.02B,$0.41B,4.22%,$0.02B,$0.80B,2.10%,$0.03B,$0.64B,5.18%,$481,$426,$54,$0,$47,$475,$6,$-1,$5,$2,$3,$3,$3,$15,$6,$58,58,$0.04,$0.04,$42,$172,$19,$400,$222,$0,$175,$6,$403,$802,$132,$52,$14,$88,$220,$19,$418,$4,$582,$802,$17,$28,$4,$32,$-58,$-7,$13,$0,$-38,$11,$-15,$-5,$-7,$0,$0,$0,$-1,$-27,$-1,$0,$-1,$-4,$-4,$-4,$-2,$-10,$-25,$0,$-4
33,2010-06-30,9.24,$10.00,0.92,$31.20,0.3,$1.48,6.25,$0.41,22.54,$0.44B,$0.16B,2.71,$0.07B,$0.58B,0.12,$1.83B,$0.24B,13.34%,$1.83B,$0.05B,2.46%,$1.83B,$0.05B,2.46%,$1.83B,$0.09B,4.65%,$1.83B,$0.04B,2.19%,$1.83B,$0.02B,1.31%,$0.02B,$0.58B,4.18%,$0.02B,$0.41B,5.99%,$0.02B,$0.84B,2.94%,$0.05B,$0.65B,7.09%,$639,$561,$78,$0,$54,$615,$24,$-1,$23,$8,$14,$14,$14,$33,$24,$58,59,$0.24,$0.23,$1,$192,$18,$440,$226,$0,$172,$5,$404,$843,$162,$68,$12,$101,$264,$19,$417,$4,$580,$843,$15,$19,$2,$21,$-121,$-26,$34,$0,$-92,$-56,$-11,$0,$-6,$0,$0,$0,$-1,$-18,$-0,$15,$15,$-2,$-2,$-4,$-1,$7,$-67,$0,$-4
34,2010-03-31,11.69,$9.85,1.19,$29.12,0.4,$3.75,3.12,$0.45,25.77,$0.42B,$0.15B,2.86,$0.07B,$0.57B,0.12,$1.71B,$0.25B,14.55%,$1.71B,$0.05B,2.76%,$1.71B,$0.05B,2.76%,$1.71B,$0.09B,5.22%,$1.71B,$0.04B,2.52%,$1.71B,$0.03B,1.52%,$0.03B,$0.57B,4.56%,$0.03B,$0.40B,6.58%,$0.03B,$0.82B,3.20%,$0.05B,$0.64B,7.49%,$393,$341,$52,$0,$48,$390,$3,$-1,$2,$0,$2,$2,$1,$13,$3,$58,59,$0.02,$0.02,$0,$208,$22,$417,$227,$0,$172,$4,$404,$821,$146,$69,$12,$103,$249,$19,$410,$4,$572,$821,$1,$9,$1,$11,$-80,$-45,$33,$0,$-89,$-78,$-4,$0,$-1,$0,$0,$0,$0,$-5,$0,$16,$16,$-0,$-0,$0,$-0,$15,$-67,$0,$0
35,2009-12-31,11.17,$9.83,1.14,$28.69,0.39,$4.88,2.29,$0.42,26.8,$0.37B,$0.12B,3.06,$0.05B,$0.57B,0.09,$1.67B,$0.24B,14.52%,$1.67B,$0.04B,2.51%,$1.67B,$0.04B,2.51%,$1.67B,$0.09B,5.08%,$1.67B,$0.04B,2.33%,$1.67B,$0.02B,1.43%,$0.02B,$0.57B,4.26%,$0.02B,$0.40B,6.20%,$0.02B,$0.78B,2.94%,$0.04B,$0.62B,6.69%,$339,$293,$45,$0,$45,$338,$0,$-2,$-2,$-1,$-1,$-1,$-1,$11,$0,$58,58,$-0.01,$-0.01,$67,$162,$14,$369,$230,$0,$174,$4,$408,$777,$120,$53,$13,$88,$208,$19,$409,$4,$569,$777,$24,$41,$6,$47,$31,$32,$-1,$0,$56,$127,$-4,$0,$0,$0,$-1,$-1,$1,$-3,$-18,$-30,$-49,$-1,$-1,$-5,$-1,$-56,$67,$0,$-5
36,2009-09-30,11.9,$9.91,1.2,$30.24,0.39,$4.27,2.78,$0.41,28.79,$0.41B,$0.16B,2.56,$0.05B,$0.58B,0.09,$1.76B,$0.25B,14.10%,$1.76B,$0.04B,2.39%,$1.76B,$0.04B,2.39%,$1.76B,$0.09B,4.83%,$1.76B,$0.04B,2.10%,$1.76B,$0.02B,1.36%,$0.02B,$0.58B,4.30%,$0.02B,$0.40B,6.32%,$0.02B,$0.82B,2.91%,$0.04B,$0.63B,6.65%,$458,$389,$69,$0,$51,$440,$18,$-1,$17,$6,$10,$10,$10,$28,$18,$58,59,$0.17,$0.17,$80,$142,$26,$411,$231,$0,$176,$3,$410,$821,$161,$53,$14,$85,$245,$19,$417,$3,$576,$821,$25,$31,$0,$31,$-24,$51,$8,$0,$56,$112,$1,$0,$0,$0,$0,$0,$1,$2,$-16,$-30,$-46,$2,$2,$-1,$-2,$-47,$67,$0,$-1
37,2009-06-30,9.98,$9.72,1.03,$33.11,0.3,$3.22,3.1,$0.21,47.5,$0.42B,$0.19B,2.27,$0.06B,$0.56B,0.1,$1.91B,$0.24B,12.76%,$1.91B,$0.03B,1.62%,$1.91B,$0.03B,1.62%,$1.91B,$0.08B,3.97%,$1.91B,$0.02B,0.99%,$1.91B,$0.01B,0.63%,$0.01B,$0.56B,2.17%,$0.01B,$0.39B,3.22%,$0.01B,$0.84B,1.40%,$0.03B,$0.62B,4.74%,$515,$432,$82,$0,$56,$488,$26,$-1,$26,$9,$16,$16,$16,$37,$26,$58,58,$0.28,$0.28,$33,$165,$23,$419,$236,$0,$178,$3,$417,$835,$185,$55,$15,$88,$272,$19,$407,$3,$563,$835,$15,$21,$-1,$20,$-60,$28,$36,$0,$28,$63,$3,$0,$0,$0,$0,$0,$1,$4,$-15,$-30,$-46,$1,$1,$-1,$-2,$-47,$19,$0,$-1
38,2009-03-31,8.01,$9.51,0.84,$36.55,0.22,$2.82,2.84,$0.14,58.6,$0.40B,$0.15B,2.63,$0.10B,$0.55B,0.18,$2.11B,$0.25B,11.73%,$2.11B,$0.03B,1.33%,$2.11B,$0.03B,1.33%,$2.11B,$0.07B,3.52%,$2.11B,$0.01B,0.62%,$2.11B,$0.01B,0.38%,$0.01B,$0.55B,1.45%,$0.01B,$0.37B,2.17%,$0.01B,$0.83B,0.89%,$0.03B,$0.64B,4.10%,$362,$315,$47,$0,$49,$364,$-2,$0,$-2,$-1,$-1,$-1,$-1,$9,$-2,$58,58,$-0.02,$-0.02,$9,$191,$23,$404,$240,$0,$180,$4,$423,$827,$154,$96,$12,$126,$280,$19,$392,$2,$547,$827,$-1,$11,$-1,$10,$-42,$2,$11,$0,$-27,$-18,$2,$0,$0,$0,$0,$0,$0,$3,$1,$11,$11,$0,$0,$0,$-0,$12,$-4,$0,$0
39,2008-12-31,8.1,$9.57,0.85,$38.86,0.21,$3.37,2.41,$0.08,105.61,$0.38B,$0.15B,2.53,$0.09B,$0.55B,0.16,$2.23B,$0.26B,11.42%,$2.23B,$0.03B,1.16%,$2.23B,$0.03B,1.16%,$2.23B,$0.07B,3.27%,$2.23B,$0.01B,0.31%,$2.23B,$0.00B,0.18%,$0.00B,$0.55B,0.73%,$0.00B,$0.37B,1.09%,$0.00B,$0.82B,0.43%,$0.03B,$0.63B,3.68%,$424,$374,$50,$0,$50,$424,$-0,$-3,$-4,$-3,$-1,$-1,$-1,$11,$-0,$57,58,$-0.01,$-0.01,$13,$193,$21,$381,$247,$0,$182,$6,$435,$816,$151,$86,$14,$117,$268,$19,$393,$2,$548,$816,$4,$47,$1,$48,$4,$43,$-33,$0,$23,$75,$11,$0,$-23,$0,$0,$0,$1,$-11,$-81,$-24,$-105,$3,$3,$-2,$-3,$-107,$-44,$0,$-2
40,2008-09-30,10.48,$9.70,1.08,$40.34,0.26,$2.77,3.79,$-0.10,0.0,$0.52B,$0.19B,2.66,$0.17B,$0.56B,0.3,$2.32B,$0.26B,11.07%,$2.32B,$0.02B,0.99%,$2.32B,$0.02B,0.99%,$2.32B,$0.07B,3.06%,$2.32B,$-0.00B,-0.17%,$2.32B,$-0.01B,-0.26%,$-0.01B,$0.56B,-1.10%,$-0.01B,$0.37B,-1.64%,$-0.01B,$0.96B,-0.62%,$0.02B,$0.72B,3.14%,$611,$546,$65,$0,$58,$604,$7,$-8,$-1,$1,$-2,$-2,$-2,$19,$7,$57,57,$-0.03,$-0.03,$31,$198,$46,$518,$250,$0,$184,$8,$441,$959,$194,$167,$18,$209,$404,$19,$395,$5,$555,$959,$5,$36,$7,$43,$-86,$41,$16,$0,$-15,$33,$16,$0,$-23,$0,$0,$0,$-1,$-8,$-2,$-37,$-39,$3,$3,$-1,$-0,$-38,$-12,$0,$-1
41,2008-06-30,8.99,$9.74,0.92,$41.35,0.22,$2.89,3.12,$0.13,69.17,$0.53B,$0.21B,2.49,$0.18B,$0.56B,0.32,$2.39B,$0.27B,11.47%,$2.39B,$0.04B,1.63%,$2.39B,$0.04B,1.63%,$2.39B,$0.09B,3.64%,$2.39B,$0.02B,0.71%,$2.39B,$0.01B,0.29%,$0.01B,$0.56B,1.28%,$0.01B,$0.37B,1.91%,$0.01B,$0.99B,0.72%,$0.04B,$0.73B,5.27%,$708,$624,$85,$0,$62,$685,$23,$-4,$20,$7,$12,$12,$12,$35,$23,$57,58,$0.20,$0.20,$32,$223,$45,$529,$264,$0,$187,$8,$458,$987,$212,$177,$18,$219,$432,$19,$397,$5,$555,$987,$7,$24,$2,$26,$-83,$16,$38,$0,$-7,$26,$16,$0,$-23,$0,$0,$0,$-1,$-8,$-0,$-28,$-29,$1,$1,$-1,$0,$-29,$-11,$0,$-1
42,2008-03-31,9.65,$9.57,1.01,$42.32,0.23,$2.15,4.5,$0.21,45.21,$0.50B,$0.18B,2.78,$0.19B,$0.54B,0.36,$2.45B,$0.29B,11.86%,$2.45B,$0.05B,1.96%,$2.45B,$0.05B,1.96%,$2.45B,$0.10B,3.91%,$2.45B,$0.02B,0.98%,$2.45B,$0.01B,0.49%,$0.01B,$0.54B,2.21%,$0.01B,$0.36B,3.31%,$0.01B,$0.96B,1.21%,$0.05B,$0.74B,6.37%,$490,$435,$55,$0,$59,$493,$-4,$-4,$-8,$-3,$-4,$-4,$-5,$8,$-4,$57,57,$-0.08,$-0.08,$34,$260,$41,$504,$267,$0,$182,$8,$457,$961,$181,$194,$17,$236,$418,$19,$387,$4,$544,$961,$-5,$12,$1,$12,$-17,$-22,$19,$0,$-13,$-5,$21,$0,$-14,$0,$0,$0,$-0,$7,$-0,$-11,$-11,$0,$0,$0,$-0,$-11,$-10,$0,$0
43,2007-12-31,8.83,$9.46,0.93,$43.16,0.2,$1.25,7.04,$0.36,24.51,$0.50B,$0.16B,3.08,$0.21B,$0.54B,0.38,$2.51B,$0.31B,12.34%,$2.51B,$0.06B,2.47%,$2.51B,$0.06B,2.47%,$2.51B,$0.11B,4.38%,$2.51B,$0.04B,1.51%,$2.51B,$0.02B,0.84%,$0.02B,$0.54B,3.90%,$0.02B,$0.36B,5.88%,$0.02B,$0.96B,2.07%,$0.06B,$0.74B,8.05%,$513,$461,$52,$0,$55,$516,$-3,$-11,$-15,$-4,$-10,$-9,$-11,$9,$-3,$57,58,$-0.19,$-0.19,$44,$236,$55,$501,$274,$0,$174,$8,$456,$957,$163,$205,$18,$258,$420,$19,$391,$5,$537,$957,$21,$48,$5,$52,$20,$28,$-10,$0,$14,$87,$-35,$0,$-57,$0,$0,$0,$-1,$-92,$-28,$35,$6,$-5,$-5,$-2,$-1,$-3,$-8,$0,$-2
44,2007-09-30,8.94,$9.66,0.93,$42.92,0.21,$2.24,3.98,$0.71,12.59,$0.52B,$0.19B,2.71,$0.20B,$0.55B,0.36,$2.50B,$0.33B,13.05%,$2.50B,$0.08B,3.08%,$2.50B,$0.08B,3.08%,$2.50B,$0.12B,4.92%,$2.50B,$0.06B,2.48%,$2.50B,$0.04B,1.64%,$0.04B,$0.55B,7.70%,$0.04B,$0.37B,11.72%,$0.04B,$1.00B,4.08%,$0.08B,$0.75B,10.20%,$678,$596,$82,$0,$59,$655,$23,$-4,$20,$7,$12,$11,$11,$35,$23,$57,58,$0.20,$0.20,$47,$229,$57,$524,$283,$0,$180,$8,$471,$995,$193,$197,$16,$251,$444,$19,$407,$4,$551,$995,$32,$36,$1,$37,$-30,$35,$13,$0,$12,$80,$-23,$0,$-57,$0,$0,$0,$0,$-80,$-28,$27,$-1,$-2,$-2,$-1,$-1,$-5,$-4,$0,$-1
45,2007-06-30,12.63,$9.48,1.33,$42.81,0.3,$2.31,5.48,$0.82,15.47,$0.57B,$0.23B,2.45,$0.24B,$0.54B,0.45,$2.49B,$0.34B,13.75%,$2.49B,$0.09B,3.49%,$2.49B,$0.09B,3.49%,$2.49B,$0.13B,5.25%,$2.49B,$0.07B,2.93%,$2.49B,$0.05B,1.92%,$0.05B,$0.54B,9.20%,$0.05B,$0.36B,13.95%,$0.05B,$1.07B,4.85%,$0.09B,$0.79B,11.80%,$773,$671,$102,$0,$70,$741,$32,$-4,$27,$10,$17,$17,$17,$44,$32,$57,58,$0.29,$0.29,$43,$274,$22,$572,$304,$0,$185,$8,$497,$1069,$234,$244,$16,$294,$528,$19,$399,$4,$541,$1069,$21,$24,$0,$24,$-73,$-11,$55,$0,$-29,$15,$-16,$0,$-56,$0,$0,$0,$0,$-72,$-25,$74,$49,$1,$1,$-1,$-0,$48,$-8,$0,$-1
46,2007-03-31,14.8,$8.75,1.69,$43.77,0.34,$3.05,4.86,$1.00,14.8,$0.57B,$0.19B,2.93,$0.28B,$0.52B,0.53,$2.55B,$0.36B,14.17%,$2.55B,$0.11B,4.12%,$2.55B,$0.11B,4.12%,$2.55B,$0.15B,5.73%,$2.55B,$0.09B,3.61%,$2.55B,$0.06B,2.28%,$0.06B,$0.52B,11.41%,$0.06B,$0.34B,17.06%,$0.06B,$1.05B,6.06%,$0.11B,$0.80B,14.88%,$549,$476,$74,$0,$63,$539,$10,$-4,$6,$2,$4,$4,$4,$22,$10,$57,58,$0.07,$0.07,$44,$286,$35,$565,$287,$0,$186,$8,$482,$1046,$193,$278,$16,$329,$522,$19,$385,$2,$524,$1046,$4,$12,$0,$12,$-33,$-23,$25,$0,$-43,$-28,$-8,$0,$-55,$0,$0,$0,$0,$-63,$-25,$106,$82,$2,$2,$0,$-0,$83,$-7,$0,$0
47,2006-12-31,13.92,$9.10,1.53,$45.85,0.3,$3.60,3.87,$1.21,11.54,$0.48B,$0.19B,2.47,$0.17B,$0.52B,0.33,$2.67B,$0.38B,14.30%,$2.67B,$0.13B,4.69%,$2.67B,$0.13B,4.69%,$2.67B,$0.16B,6.12%,$2.67B,$0.11B,4.20%,$2.67B,$0.07B,2.63%,$0.07B,$0.52B,14.26%,$0.07B,$0.33B,20.97%,$0.07B,$0.91B,7.57%,$0.13B,$0.68B,18.68%,$499,$431,$68,$0,$57,$488,$12,$-3,$9,$-0,$9,$9,$9,$22,$12,$56,58,$0.16,$0.16,$51,$245,$9,$475,$250,$0,$181,$7,$438,$913,$192,$169,$14,$206,$399,$19,$381,$2,$515,$913,$70,$40,$-1,$39,$42,$22,$-15,$0,$43,$152,$-42,$0,$-72,$0,$0,$0,$2,$-112,$-3,$-38,$-41,$6,$6,$-2,$1,$-36,$5,$0,$-2
