,Date,Stock Price,Book Value per Share,Price to Book Ratio,TTM Sales per Share,Price to Sales Ratio,TTM FCF per Share,Price to FCF Ratio,TTM Net EPS,PE Ratio,Current Assets,Current Liabilities,Current Ratio,Long Term Debt,Shareholder's Equity_x,Debt to Equity Ratio,TTM Revenue_x,TTM Gross Profit,Gross Margin,TTM Revenue_y,TTM Operating Income,Operating Margin,TTM Revenue_x,TTM EBIT,EBIT Margin,TTM Revenue_y,TTM EBITDA,EBITDA Margin,TTM Revenue_x,TTM Pre-Tax Income,Pre-Tax Margin,TTM Revenue_y,TTM Net Income_x,Net Margin,TTM Net Income_y,Shareholder's Equity_y,Return on Equity,TTM Net Income_x,Tangible Equity,Return on Tangible Equity,TTM Net Income_y,Total Assets,Return on Assets,TTM Net Income,LT Investments & Debt,Return on Investment,revenue,cost-goods-sold,gross-profit,research-development-expenses,selling-general-administrative-expenses,operating-expenses,operating-income,total-non-operating-income-expense,pre-tax-income,total-provision-income-taxes,income-after-taxes,income-from-continuous-operations,net-income,ebitda,ebit,basic-shares-outstanding,shares-outstanding,eps-basic-net-earnings-per-share,eps-earnings-per-share-diluted,cash-on-hand,inventory,other-current-assets,total-current-assets,net-property-plant-equipment,long-term-investments,goodwill-intangible-assets-total,other-long-term-assets,total-long-term-assets,total-assets,total-current-liabilities,long-term-debt,other-non-current-liabilities,total-long-term-liabilities,total-liabilities,common-stock-net,retained-earnings-accumulated-deficit,comprehensive-income,total-share-holder-equity,total-liabilities-share-holders-equity,net-income-loss,total-depreciation-amortization-cash-flow,other-non-cash-items,total-non-cash-items,change-in-accounts-receivable,change-in-inventories,change-in-accounts-payable,change-in-assets-liabilities,total-change-in-assets-liabilities,cash-flow-from-operating-activities,net-change-in-property-plant-equipment,net-change-in-intangible-assets,net-acquisitions-divestitures,net-change-in-short-term-investments,net-change-in-long-term-investments,net-change-in-investments-total,investing-activities-other,cash-flow-from-investing-activities,net-long-term-debt,net-current-debt,debt-issuance-retirement-net-total,net-common-equity-issued-repurchased,net-total-equity-issued-repurchased,total-common-preferred-stock-dividends-paid,financial-activities-other,cash-flow-from-financial-activities,net-cash-flow,stock-based-compensation,common-stock-dividends-paid
0,2018-09-30,16.15,$2.80,5.77,$3.07,5.25,$2.64,6.12,$1.04,15.53,$0.01B,$0.00B,10.59,$0.00B,$0.01B,0.0,$0.01B,$0.01B,57.14%,$0.01B,$0.01B,42.86%,$0.01B,$0.01B,42.86%,$0.01B,$0.01B,42.86%,$0.01B,$0.01B,42.86%,$0.01B,$0.00B,28.57%,$0.00B,$0.01B,33.33%,$0.00B,$0.01B,33.33%,$0.00B,$0.01B,29.63%,$0.01B,$0.01B,50.00%,$3,$1,$2,$0,$0,$2,$2,$0,$2,$0,$1,$1,$1,$2,$2,$5,5,$0.29,$0.29,$10,$1,$0,$13,$1,$0,$0,$0,$1,$14,$1,$0,$0,$0,$1,$0,$12,$0,$13,$14,$4,$0,$0,$0,$0,$-0,$-0,$0,$-0,$4,$-0,$0,$0,$-2,$0,$-2,$0,$-2,$0,$0,$0,$0,$0,$-2,$0,$-2,$0,$0,$-2
1,2018-06-30,19.15,$2.51,7.62,$3.02,6.34,$2.50,7.67,$0.99,19.34,$0.01B,$0.00B,6.62,$0.00B,$0.01B,0.0,$0.01B,$0.01B,57.14%,$0.01B,$0.01B,35.71%,$0.01B,$0.01B,35.71%,$0.01B,$0.01B,42.86%,$0.01B,$0.01B,42.86%,$0.01B,$0.00B,28.57%,$0.00B,$0.01B,32.00%,$0.00B,$0.01B,32.00%,$0.00B,$0.01B,28.07%,$0.01B,$0.01B,40.00%,$4,$2,$2,$0,$0,$2,$2,$0,$2,$0,$1,$1,$1,$2,$2,$5,5,$0.30,$0.30,$9,$2,$0,$13,$1,$0,$0,$0,$1,$13,$2,$0,$0,$0,$2,$0,$11,$0,$12,$13,$2,$0,$0,$0,$-0,$-0,$0,$-0,$0,$3,$-0,$0,$0,$3,$0,$3,$0,$3,$0,$0,$0,$0,$0,$-2,$0,$-2,$3,$0,$-2
2,2018-03-31,17.34,$2.71,6.39,$2.98,5.81,$2.36,7.36,$0.93,18.65,$0.01B,$0.00B,7.03,$0.00B,$0.01B,0.0,$0.01B,$0.01B,57.14%,$0.01B,$0.01B,35.71%,$0.01B,$0.01B,35.71%,$0.01B,$0.01B,42.86%,$0.01B,$0.01B,42.86%,$0.01B,$0.00B,28.57%,$0.00B,$0.01B,30.77%,$0.00B,$0.01B,30.77%,$0.00B,$0.01B,27.12%,$0.01B,$0.01B,38.46%,$4,$1,$2,$0,$0,$2,$1,$-0,$1,$0,$1,$1,$1,$1,$1,$5,5,$0.23,$0.23,$10,$1,$0,$13,$1,$0,$0,$0,$1,$14,$2,$0,$0,$0,$2,$0,$12,$0,$12,$14,$1,$0,$0,$0,$0,$-0,$-0,$-0,$0,$2,$-0,$0,$0,$-1,$0,$-1,$0,$-1,$0,$0,$0,$0,$0,$0,$0,$0,$0,$0,$0
3,2017-12-31,18.04,$2.48,7.27,$2.82,6.39,$2.19,8.25,$0.84,21.48,$0.01B,$0.00B,8.33,$0.00B,$0.01B,0.0,$0.01B,$0.01B,61.54%,$0.01B,$0.01B,38.46%,$0.01B,$0.01B,38.46%,$0.01B,$0.01B,46.15%,$0.01B,$0.01B,46.15%,$0.01B,$0.00B,30.77%,$0.00B,$0.01B,29.09%,$0.00B,$0.01B,29.09%,$0.00B,$0.01B,26.23%,$0.01B,$0.01B,36.36%,$3,$1,$2,$0,$0,$2,$1,$0,$1,$0,$1,$1,$1,$1,$1,$5,5,$0.22,$0.22,$8,$1,$0,$12,$1,$0,$0,$0,$1,$13,$1,$0,$0,$0,$1,$0,$10,$0,$11,$13,$4,$0,$-0,$0,$-0,$-0,$0,$-0,$0,$4,$-0,$0,$0,$3,$0,$3,$0,$3,$0,$0,$0,$0,$0,$-7,$0,$-7,$0,$0,$-7
4,2017-09-30,18.09,$3.24,5.57,$2.76,6.56,$1.79,10.11,$0.78,23.19,$0.02B,$0.00B,9.84,$0.00B,$0.02B,0.0,$0.01B,$0.01B,61.54%,$0.01B,$0.01B,38.46%,$0.01B,$0.01B,38.46%,$0.01B,$0.01B,46.15%,$0.01B,$0.01B,46.15%,$0.01B,$0.00B,30.77%,$0.00B,$0.02B,27.59%,$0.00B,$0.02B,27.59%,$0.00B,$0.02B,25.40%,$0.01B,$0.02B,34.48%,$3,$1,$2,$0,$0,$2,$1,$0,$2,$0,$1,$1,$1,$2,$1,$5,5,$0.24,$0.24,$12,$1,$0,$16,$1,$0,$0,$0,$1,$17,$2,$0,$0,$0,$2,$0,$14,$0,$15,$17,$3,$0,$-0,$0,$-0,$0,$0,$-0,$0,$3,$-0,$0,$0,$-1,$0,$-1,$0,$-1,$0,$0,$0,$0,$0,$-2,$0,$-2,$0,$0,$-2
5,2017-06-30,14.33,$3.00,4.78,$2.82,5.09,$1.43,10.03,$0.74,19.37,$0.01B,$0.00B,10.67,$0.00B,$0.01B,0.0,$0.01B,$0.01B,61.54%,$0.01B,$0.01B,38.46%,$0.01B,$0.01B,38.46%,$0.01B,$0.01B,38.46%,$0.01B,$0.01B,38.46%,$0.01B,$0.00B,30.77%,$0.00B,$0.01B,27.59%,$0.00B,$0.01B,27.59%,$0.00B,$0.02B,25.40%,$0.01B,$0.01B,34.48%,$4,$2,$2,$0,$0,$2,$2,$0,$2,$0,$1,$1,$1,$2,$2,$5,5,$0.24,$0.24,$11,$1,$0,$14,$1,$0,$0,$0,$1,$15,$1,$0,$0,$0,$1,$0,$13,$0,$14,$15,$2,$0,$-0,$0,$-1,$0,$0,$-0,$0,$2,$-0,$0,$0,$0,$0,$0,$0,$0,$0,$0,$0,$0,$0,$-2,$0,$-2,$0,$0,$-2
6,2017-03-31,13.44,$3.17,4.25,$2.46,5.46,$1.08,12.48,$0.59,22.78,$0.02B,$0.00B,10.01,$0.00B,$0.02B,0.0,$0.01B,$0.01B,63.64%,$0.01B,$0.00B,36.36%,$0.01B,$0.00B,36.36%,$0.01B,$0.00B,36.36%,$0.01B,$0.00B,36.36%,$0.01B,$0.00B,27.27%,$0.00B,$0.02B,20.69%,$0.00B,$0.02B,20.69%,$0.00B,$0.02B,18.75%,$0.00B,$0.02B,27.59%,$3,$1,$2,$0,$0,$2,$1,$0,$1,$0,$1,$1,$1,$1,$1,$5,5,$0.14,$0.14,$12,$1,$0,$15,$1,$0,$0,$0,$1,$16,$1,$0,$0,$0,$2,$0,$14,$0,$15,$16,$1,$0,$0,$0,$-0,$-0,$0,$-0,$0,$1,$-0,$0,$0,$-0,$0,$-0,$0,$-0,$0,$0,$0,$0,$0,$0,$0,$0,$1,$0,$0
7,2016-12-31,14.03,$3.01,4.66,$2.35,5.98,$1.05,13.4,$0.56,25.05,$0.01B,$0.00B,13.11,$0.00B,$0.01B,0.0,$0.01B,$0.01B,60.00%,$0.01B,$0.00B,40.00%,$0.01B,$0.00B,40.00%,$0.01B,$0.00B,40.00%,$0.01B,$0.00B,40.00%,$0.01B,$0.00B,30.00%,$0.00B,$0.01B,20.69%,$0.00B,$0.01B,20.69%,$0.00B,$0.02B,18.46%,$0.00B,$0.01B,27.59%,$3,$1,$2,$0,$0,$2,$1,$0,$1,$0,$1,$1,$1,$1,$1,$5,5,$0.16,$0.16,$11,$1,$0,$14,$1,$0,$0,$0,$1,$15,$1,$0,$0,$0,$1,$0,$13,$0,$14,$15,$3,$0,$0,$0,$-1,$0,$-0,$0,$-1,$2,$-0,$0,$0,$1,$0,$1,$0,$0,$0,$0,$0,$0,$0,$-3,$0,$-3,$-1,$0,$-3
8,2016-09-30,12.95,$3.27,3.95,$2.12,6.1,$1.70,7.6,$0.49,26.43,$0.02B,$0.00B,10.7,$0.00B,$0.02B,0.0,$0.01B,$0.01B,55.56%,$0.01B,$0.00B,33.33%,$0.01B,$0.00B,33.33%,$0.01B,$0.00B,33.33%,$0.01B,$0.00B,44.44%,$0.01B,$0.00B,22.22%,$0.00B,$0.02B,13.56%,$0.00B,$0.02B,13.56%,$0.00B,$0.02B,12.12%,$0.00B,$0.02B,20.34%,$3,$2,$2,$0,$0,$2,$1,$0,$1,$0,$1,$1,$1,$1,$1,$5,5,$0.20,$0.20,$12,$1,$0,$16,$1,$0,$0,$0,$1,$17,$1,$0,$0,$0,$2,$0,$14,$0,$15,$17,$2,$0,$0,$0,$-1,$0,$0,$0,$-0,$2,$-0,$0,$0,$0,$0,$0,$0,$-0,$0,$0,$0,$0,$0,$-2,$0,$-2,$-0,$0,$-2
9,2016-06-30,14.19,$3.07,4.63,$2.16,6.58,$2.25,6.29,$0.55,25.8,$0.01B,$0.00B,11.55,$0.00B,$0.01B,0.0,$0.01B,$0.01B,50.00%,$0.01B,$0.00B,40.00%,$0.01B,$0.00B,40.00%,$0.01B,$0.00B,40.00%,$0.01B,$0.01B,50.00%,$0.01B,$0.00B,20.00%,$0.00B,$0.01B,13.11%,$0.00B,$0.01B,13.11%,$0.00B,$0.02B,11.94%,$0.00B,$0.01B,26.23%,$2,$1,$1,$0,$0,$2,$1,$0,$1,$0,$0,$0,$0,$1,$1,$5,5,$0.09,$0.09,$11,$2,$0,$14,$1,$0,$0,$0,$1,$16,$1,$0,$0,$0,$1,$0,$13,$0,$14,$16,$1,$0,$0,$0,$-0,$-0,$-0,$-0,$-1,$1,$-0,$0,$0,$0,$0,$0,$0,$0,$0,$0,$0,$0,$0,$-2,$0,$-2,$-1,$0,$-2
10,2016-03-31,17.88,$3.31,5.4,$2.59,6.91,$2.83,6.33,$0.79,22.64,$0.02B,$0.00B,9.39,$0.00B,$0.02B,0.0,$0.01B,$0.01B,58.33%,$0.01B,$0.01B,41.67%,$0.01B,$0.01B,41.67%,$0.01B,$0.01B,41.67%,$0.01B,$0.01B,50.00%,$0.01B,$0.00B,33.33%,$0.00B,$0.02B,25.81%,$0.00B,$0.02B,25.81%,$0.00B,$0.02B,23.53%,$0.01B,$0.02B,32.26%,$2,$1,$1,$0,$0,$2,$1,$0,$1,$0,$1,$1,$1,$1,$1,$5,5,$0.11,$0.11,$13,$2,$0,$16,$1,$0,$0,$0,$1,$17,$2,$0,$0,$0,$2,$0,$15,$0,$15,$17,$1,$0,$0,$0,$-0,$-0,$0,$-0,$0,$1,$-0,$0,$0,$-1,$0,$-1,$0,$-1,$0,$0,$0,$0,$0,$0,$0,$0,$0,$0,$0
11,2015-12-31,16.57,$3.17,5.22,$3.05,5.44,$3.06,5.42,$1.00,16.57,$0.02B,$0.00B,14.69,$0.00B,$0.02B,0.0,$0.01B,$0.01B,64.29%,$0.01B,$0.01B,42.86%,$0.01B,$0.01B,42.86%,$0.01B,$0.01B,42.86%,$0.01B,$0.01B,50.00%,$0.01B,$0.00B,28.57%,$0.00B,$0.02B,25.40%,$0.00B,$0.02B,25.40%,$0.00B,$0.02B,23.19%,$0.01B,$0.02B,38.10%,$2,$1,$1,$0,$0,$1,$0,$0,$1,$0,$0,$0,$0,$0,$0,$5,5,$0.09,$0.09,$12,$1,$0,$15,$1,$0,$0,$0,$1,$16,$1,$0,$0,$0,$1,$0,$14,$0,$15,$16,$5,$0,$-0,$0,$1,$-0,$-0,$-0,$0,$5,$-0,$0,$0,$-2,$0,$-2,$0,$-2,$0,$0,$0,$0,$0,$-5,$0,$-4,$-1,$0,$-5
12,2015-09-30,15.18,$3.59,4.23,$3.51,4.33,$2.90,5.23,$1.22,12.44,$0.02B,$0.00B,11.67,$0.00B,$0.02B,0.0,$0.02B,$0.01B,68.75%,$0.02B,$0.01B,50.00%,$0.02B,$0.01B,50.00%,$0.02B,$0.01B,50.00%,$0.02B,$0.01B,50.00%,$0.02B,$0.01B,31.25%,$0.01B,$0.02B,31.75%,$0.01B,$0.02B,31.75%,$0.01B,$0.02B,28.99%,$0.01B,$0.02B,50.79%,$4,$1,$2,$0,$0,$2,$2,$0,$2,$1,$1,$1,$1,$2,$2,$5,5,$0.26,$0.26,$13,$1,$0,$17,$1,$0,$0,$0,$1,$18,$1,$0,$0,$0,$2,$0,$16,$0,$17,$18,$4,$0,$-0,$0,$-1,$-0,$0,$0,$-0,$4,$-0,$0,$0,$-3,$0,$-3,$0,$-3,$0,$0,$0,$0,$0,$-2,$0,$-2,$-1,$0,$-2
13,2015-06-30,16.09,$3.35,4.81,$3.27,4.93,$2.64,6.1,$1.05,15.32,$0.02B,$0.00B,11.55,$0.00B,$0.02B,0.0,$0.02B,$0.01B,66.67%,$0.02B,$0.01B,46.67%,$0.02B,$0.01B,46.67%,$0.02B,$0.01B,46.67%,$0.02B,$0.01B,46.67%,$0.02B,$0.00B,26.67%,$0.00B,$0.02B,26.23%,$0.00B,$0.02B,26.23%,$0.00B,$0.02B,23.88%,$0.01B,$0.02B,45.90%,$4,$1,$3,$0,$0,$2,$2,$0,$2,$1,$2,$2,$2,$2,$2,$5,5,$0.33,$0.33,$12,$1,$0,$16,$1,$0,$0,$0,$1,$17,$1,$0,$0,$0,$2,$0,$15,$0,$15,$17,$3,$0,$-0,$0,$-0,$0,$0,$-0,$0,$3,$-0,$0,$0,$-1,$0,$-1,$0,$-1,$0,$0,$0,$0,$0,$-2,$0,$-2,$-0,$0,$-2
14,2015-03-31,15.37,$3.54,4.34,$3.02,5.1,$2.51,6.12,$0.92,16.71,$0.02B,$0.00B,9.92,$0.00B,$0.02B,0.0,$0.01B,$0.01B,64.29%,$0.01B,$0.01B,42.86%,$0.01B,$0.01B,42.86%,$0.01B,$0.01B,42.86%,$0.01B,$0.01B,42.86%,$0.01B,$0.00B,21.43%,$0.00B,$0.02B,20.00%,$0.00B,$0.02B,20.00%,$0.00B,$0.02B,18.18%,$0.01B,$0.02B,40.00%,$4,$2,$3,$0,$0,$2,$2,$0,$2,$1,$1,$1,$1,$2,$2,$5,5,$0.32,$0.32,$13,$1,$0,$17,$1,$0,$0,$0,$1,$18,$2,$0,$0,$0,$2,$0,$15,$0,$16,$18,$1,$0,$-0,$0,$-1,$0,$0,$0,$0,$2,$-0,$0,$0,$-3,$0,$-3,$0,$-3,$0,$0,$0,$0,$0,$0,$0,$0,$-1,$0,$0
15,2014-12-31,16.34,$3.21,5.1,$2.93,5.58,$2.31,7.07,$0.89,18.36,$0.02B,$0.00B,15.04,$0.00B,$0.02B,0.0,$0.01B,$0.01B,64.29%,$0.01B,$0.01B,42.86%,$0.01B,$0.01B,42.86%,$0.01B,$0.01B,42.86%,$0.01B,$0.01B,42.86%,$0.01B,$0.00B,21.43%,$0.00B,$0.02B,20.00%,$0.00B,$0.02B,20.00%,$0.00B,$0.02B,18.18%,$0.01B,$0.02B,40.00%,$4,$1,$3,$0,$0,$2,$2,$0,$2,$0,$1,$1,$1,$2,$2,$5,5,$0.30,$0.30,$11,$1,$0,$15,$1,$0,$0,$0,$1,$16,$1,$0,$0,$0,$1,$0,$14,$0,$15,$16,$4,$0,$0,$0,$0,$0,$-0,$-0,$0,$4,$-0,$0,$0,$-0,$0,$-0,$0,$-0,$0,$0,$0,$0,$0,$-4,$0,$-4,$0,$0,$-4
16,2014-09-30,18.12,$3.22,5.63,$3.02,6.0,$2.55,7.1,$0.95,19.07,$0.02B,$0.00B,15.85,$0.00B,$0.02B,0.0,$0.01B,$0.01B,64.29%,$0.01B,$0.01B,42.86%,$0.01B,$0.01B,42.86%,$0.01B,$0.01B,42.86%,$0.01B,$0.01B,42.86%,$0.01B,$0.00B,28.57%,$0.00B,$0.02B,27.12%,$0.00B,$0.02B,27.12%,$0.00B,$0.02B,24.24%,$0.01B,$0.02B,40.68%,$3,$1,$1,$0,$0,$2,$1,$0,$1,$0,$0,$0,$0,$1,$1,$5,5,$0.09,$0.09,$11,$2,$0,$15,$1,$0,$0,$0,$1,$16,$1,$0,$0,$0,$1,$0,$14,$0,$15,$16,$3,$0,$0,$0,$1,$-0,$-0,$0,$0,$3,$-0,$0,$0,$-1,$0,$-1,$0,$-1,$0,$0,$0,$0,$0,$-2,$0,$-2,$-0,$0,$-2
17,2014-06-30,23.21,$3.14,7.4,$3.21,7.22,$2.67,8.7,$1.14,20.36,$0.02B,$0.00B,12.21,$0.00B,$0.01B,0.0,$0.01B,$0.01B,71.43%,$0.01B,$0.01B,50.00%,$0.01B,$0.01B,50.00%,$0.01B,$0.01B,50.00%,$0.01B,$0.01B,50.00%,$0.01B,$0.01B,35.71%,$0.01B,$0.01B,33.90%,$0.01B,$0.01B,33.90%,$0.01B,$0.02B,30.30%,$0.01B,$0.01B,47.46%,$3,$1,$2,$0,$0,$2,$1,$0,$1,$0,$1,$1,$1,$1,$1,$5,5,$0.20,$0.20,$11,$2,$0,$15,$1,$0,$0,$0,$1,$16,$1,$0,$0,$0,$1,$0,$14,$0,$14,$16,$2,$0,$0,$0,$1,$-0,$-0,$-0,$0,$2,$-0,$0,$0,$-0,$0,$-0,$0,$-0,$0,$0,$0,$0,$0,$-2,$0,$-2,$0,$0,$-2
18,2014-03-31,23.39,$3.40,6.88,$3.36,6.97,$2.90,8.06,$1.23,19.02,$0.02B,$0.00B,9.6,$0.00B,$0.02B,0.0,$0.02B,$0.01B,66.67%,$0.02B,$0.01B,53.33%,$0.02B,$0.01B,53.33%,$0.02B,$0.01B,53.33%,$0.02B,$0.01B,53.33%,$0.02B,$0.01B,33.33%,$0.01B,$0.02B,34.48%,$0.01B,$0.02B,34.48%,$0.01B,$0.02B,30.77%,$0.01B,$0.02B,55.17%,$4,$1,$3,$0,$0,$2,$2,$0,$2,$1,$1,$1,$1,$2,$2,$5,5,$0.29,$0.29,$11,$2,$0,$16,$1,$0,$0,$0,$1,$18,$2,$0,$0,$0,$2,$0,$15,$0,$16,$18,$1,$0,$0,$0,$-1,$-0,$-0,$0,$-1,$1,$-0,$0,$0,$-2,$0,$-2,$0,$-2,$0,$0,$0,$0,$0,$0,$0,$0,$-1,$0,$0
19,2013-12-31,22.53,$3.10,7.27,$3.35,6.72,$3.15,7.15,$1.28,17.6,$0.01B,$0.00B,11.49,$0.00B,$0.01B,0.0,$0.02B,$0.01B,66.67%,$0.02B,$0.01B,53.33%,$0.02B,$0.01B,53.33%,$0.02B,$0.01B,53.33%,$0.02B,$0.01B,53.33%,$0.02B,$0.01B,40.00%,$0.01B,$0.01B,42.86%,$0.01B,$0.01B,42.86%,$0.01B,$0.02B,38.10%,$0.01B,$0.01B,57.14%,$4,$2,$3,$0,$0,$2,$2,$0,$2,$1,$2,$2,$2,$2,$2,$5,5,$0.37,$0.37,$10,$2,$0,$14,$1,$0,$0,$0,$1,$16,$1,$0,$0,$0,$1,$0,$14,$0,$14,$16,$6,$0,$-0,$0,$-1,$-0,$0,$0,$-0,$6,$-0,$0,$0,$-1,$0,$-1,$0,$-1,$0,$0,$0,$0,$0,$-4,$0,$-4,$-0,$0,$-4
20,2013-09-30,19.68,$3.22,6.12,$2.97,6.62,$3.07,6.4,$1.19,16.54,$0.02B,$0.00B,15.47,$0.00B,$0.02B,0.0,$0.01B,$0.01B,64.29%,$0.01B,$0.01B,50.00%,$0.01B,$0.01B,50.00%,$0.01B,$0.01B,50.00%,$0.01B,$0.01B,57.14%,$0.01B,$0.01B,35.71%,$0.01B,$0.02B,36.36%,$0.01B,$0.02B,36.36%,$0.01B,$0.02B,32.79%,$0.01B,$0.02B,50.91%,$3,$1,$2,$0,$0,$2,$2,$0,$2,$1,$1,$1,$1,$2,$2,$5,5,$0.28,$0.28,$11,$1,$0,$15,$1,$0,$0,$0,$1,$16,$1,$0,$0,$0,$1,$0,$14,$0,$15,$16,$4,$0,$-0,$0,$-1,$0,$-0,$0,$-1,$4,$-0,$0,$0,$-1,$0,$-1,$0,$-1,$0,$0,$0,$0,$0,$-2,$0,$-2,$0,$0,$-2
21,2013-06-30,19.17,$2.93,6.54,$3.00,6.39,$3.24,5.92,$1.15,16.67,$0.01B,$0.00B,10.53,$0.00B,$0.01B,0.0,$0.02B,$0.01B,60.00%,$0.02B,$0.01B,46.67%,$0.02B,$0.01B,46.67%,$0.02B,$0.01B,46.67%,$0.02B,$0.01B,53.33%,$0.02B,$0.01B,33.33%,$0.01B,$0.01B,35.71%,$0.01B,$0.01B,35.71%,$0.01B,$0.02B,32.26%,$0.01B,$0.01B,50.00%,$4,$1,$2,$0,$0,$2,$2,$0,$2,$1,$1,$1,$1,$2,$2,$5,5,$0.29,$0.29,$11,$1,$0,$14,$1,$0,$0,$0,$1,$15,$1,$0,$0,$0,$1,$0,$13,$0,$13,$15,$3,$0,$-0,$0,$-0,$0,$0,$0,$1,$4,$-0,$0,$0,$-1,$0,$-1,$0,$-1,$0,$0,$0,$0,$0,$-2,$0,$-2,$0,$0,$-2
22,2013-03-31,14.97,$3.14,4.77,$3.02,4.95,$3.06,4.89,$1.12,13.37,$0.02B,$0.00B,8.97,$0.00B,$0.01B,0.0,$0.02B,$0.01B,60.00%,$0.02B,$0.01B,46.67%,$0.02B,$0.01B,46.67%,$0.02B,$0.01B,46.67%,$0.02B,$0.01B,53.33%,$0.02B,$0.01B,33.33%,$0.01B,$0.01B,34.48%,$0.01B,$0.01B,34.48%,$0.01B,$0.02B,31.75%,$0.01B,$0.01B,48.28%,$4,$1,$3,$0,$0,$2,$2,$0,$2,$1,$2,$2,$2,$2,$2,$5,5,$0.34,$0.34,$12,$1,$0,$15,$1,$0,$0,$0,$1,$16,$2,$0,$0,$0,$2,$0,$14,$0,$14,$16,$2,$0,$-0,$0,$-1,$0,$-0,$0,$0,$2,$-0,$0,$0,$-2,$0,$-2,$0,$-2,$0,$0,$0,$0,$0,$0,$0,$0,$0,$0,$0
23,2012-12-31,15.18,$2.79,5.44,$3.01,5.05,$3.05,4.98,$1.05,14.46,$0.01B,$0.00B,15.26,$0.00B,$0.01B,0.0,$0.02B,$0.01B,53.33%,$0.02B,$0.01B,46.67%,$0.02B,$0.01B,46.67%,$0.02B,$0.01B,46.67%,$0.02B,$0.01B,53.33%,$0.02B,$0.00B,26.67%,$0.00B,$0.01B,27.12%,$0.00B,$0.01B,27.12%,$0.00B,$0.01B,25.00%,$0.01B,$0.01B,47.46%,$3,$1,$2,$0,$0,$2,$1,$1,$2,$0,$1,$1,$1,$1,$1,$5,5,$0.28,$0.28,$9,$1,$0,$13,$1,$0,$0,$0,$1,$14,$1,$0,$0,$0,$1,$0,$12,$0,$13,$14,$5,$0,$0,$0,$1,$0,$-0,$-0,$0,$5,$-0,$0,$0,$2,$0,$2,$0,$2,$0,$0,$0,$0,$0,$-6,$0,$-6,$1,$0,$-6
24,2012-09-30,13.92,$3.47,4.02,$3.14,4.43,$2.84,4.9,$0.98,14.2,$0.02B,$0.00B,16.88,$0.00B,$0.02B,0.0,$0.02B,$0.01B,53.33%,$0.02B,$0.01B,46.67%,$0.02B,$0.01B,46.67%,$0.02B,$0.01B,46.67%,$0.02B,$0.01B,46.67%,$0.02B,$0.00B,26.67%,$0.00B,$0.02B,26.67%,$0.00B,$0.02B,26.67%,$0.00B,$0.02B,24.62%,$0.01B,$0.02B,46.67%,$4,$1,$2,$0,$0,$2,$2,$0,$2,$1,$1,$1,$1,$2,$2,$5,5,$0.24,$0.24,$13,$1,$0,$16,$1,$0,$0,$0,$1,$17,$1,$0,$0,$0,$1,$0,$15,$0,$16,$17,$4,$0,$0,$0,$0,$0,$-0,$0,$1,$4,$-0,$0,$0,$-2,$0,$-2,$0,$-2,$0,$0,$0,$0,$0,$-2,$0,$-2,$1,$0,$-2
25,2012-06-30,13.64,$3.20,4.26,$3.10,4.39,$2.71,5.03,$1.04,13.11,$0.02B,$0.00B,11.99,$0.00B,$0.02B,0.0,$0.01B,$0.01B,57.14%,$0.01B,$0.01B,50.00%,$0.01B,$0.01B,50.00%,$0.01B,$0.01B,50.00%,$0.01B,$0.01B,50.00%,$0.01B,$0.00B,28.57%,$0.00B,$0.02B,27.12%,$0.00B,$0.02B,27.12%,$0.00B,$0.02B,25.00%,$0.01B,$0.02B,47.46%,$4,$1,$2,$0,$0,$2,$2,$0,$2,$1,$1,$1,$1,$2,$2,$5,5,$0.26,$0.26,$11,$1,$0,$15,$1,$0,$0,$0,$1,$16,$1,$0,$0,$0,$1,$0,$14,$0,$15,$16,$2,$0,$0,$0,$-0,$0,$-0,$-0,$0,$3,$-0,$0,$0,$-0,$0,$-0,$0,$-0,$0,$0,$0,$0,$0,$-2,$0,$-2,$1,$0,$-2
26,2012-03-31,13.25,$3.35,3.95,$3.17,4.18,$2.73,4.85,$1.05,12.62,$0.02B,$0.00B,10.99,$0.00B,$0.02B,0.0,$0.01B,$0.01B,57.14%,$0.01B,$0.01B,50.00%,$0.01B,$0.01B,50.00%,$0.01B,$0.01B,50.00%,$0.01B,$0.01B,50.00%,$0.01B,$0.00B,28.57%,$0.00B,$0.02B,27.59%,$0.00B,$0.02B,27.59%,$0.00B,$0.02B,25.40%,$0.01B,$0.02B,48.28%,$4,$2,$2,$0,$0,$2,$2,$0,$2,$1,$1,$1,$1,$2,$2,$5,5,$0.27,$0.27,$12,$1,$0,$16,$1,$0,$0,$0,$1,$17,$1,$0,$0,$0,$2,$0,$15,$0,$15,$17,$1,$0,$0,$0,$0,$0,$-0,$-0,$1,$2,$-0,$0,$0,$-1,$0,$-1,$0,$-2,$0,$0,$0,$0,$0,$0,$0,$0,$0,$0,$0
27,2011-12-31,11.02,$3.07,3.59,$3.12,3.53,$2.60,4.23,$1.03,10.69,$0.01B,$0.00B,12.97,$0.00B,$0.01B,0.0,$0.01B,$0.01B,57.14%,$0.01B,$0.01B,50.00%,$0.01B,$0.01B,50.00%,$0.01B,$0.01B,50.00%,$0.01B,$0.01B,50.00%,$0.01B,$0.00B,28.57%,$0.00B,$0.01B,28.07%,$0.00B,$0.01B,28.07%,$0.00B,$0.02B,25.81%,$0.01B,$0.01B,49.12%,$3,$1,$2,$0,$0,$2,$1,$0,$1,$0,$1,$1,$1,$1,$1,$5,5,$0.21,$0.21,$10,$1,$0,$14,$1,$0,$0,$0,$1,$15,$1,$0,$0,$0,$1,$0,$14,$0,$14,$15,$5,$0,$0,$0,$-1,$-0,$0,$0,$-1,$4,$-0,$0,$0,$-1,$0,$-1,$0,$-1,$0,$0,$0,$0,$0,$-4,$0,$-4,$-0,$0,$-4
28,2011-09-30,10.47,$3.30,3.17,$2.94,3.56,$2.46,4.26,$1.00,10.47,$0.02B,$0.00B,11.96,$0.00B,$0.02B,0.0,$0.01B,$0.01B,57.14%,$0.01B,$0.01B,50.00%,$0.01B,$0.01B,50.00%,$0.01B,$0.01B,50.00%,$0.01B,$0.01B,50.00%,$0.01B,$0.00B,28.57%,$0.00B,$0.02B,28.57%,$0.00B,$0.02B,28.57%,$0.00B,$0.02B,26.23%,$0.01B,$0.02B,50.00%,$3,$1,$2,$0,$0,$2,$2,$0,$2,$1,$1,$1,$1,$2,$2,$5,5,$0.30,$0.30,$12,$2,$0,$15,$1,$0,$0,$0,$1,$16,$1,$0,$0,$0,$1,$0,$15,$0,$15,$16,$4,$0,$-0,$0,$-0,$-0,$0,$0,$-0,$4,$-0,$0,$0,$-2,$0,$-2,$0,$-3,$0,$0,$0,$0,$0,$-2,$0,$-2,$-0,$0,$-2
29,2011-06-30,10.24,$3.01,3.4,$3.05,3.35,$2.26,4.53,$0.97,10.56,$0.01B,$0.00B,8.74,$0.00B,$0.01B,0.0,$0.02B,$0.01B,53.33%,$0.02B,$0.01B,46.67%,$0.02B,$0.01B,46.67%,$0.02B,$0.01B,46.67%,$0.02B,$0.01B,46.67%,$0.02B,$0.00B,26.67%,$0.00B,$0.01B,29.09%,$0.00B,$0.01B,29.09%,$0.00B,$0.02B,26.67%,$0.01B,$0.01B,50.91%,$4,$2,$2,$0,$0,$2,$2,$0,$2,$1,$1,$1,$1,$2,$2,$5,5,$0.27,$0.27,$11,$1,$0,$14,$1,$0,$0,$0,$1,$15,$2,$0,$0,$0,$2,$0,$13,$0,$14,$15,$2,$0,$-0,$0,$-1,$0,$0,$-0,$0,$3,$-0,$0,$0,$-1,$0,$-1,$0,$-1,$0,$0,$0,$0,$0,$-2,$0,$-2,$-0,$0,$-2
30,2011-03-31,10.35,$3.09,3.34,$2.95,3.51,$1.94,5.33,$0.83,12.47,$0.02B,$0.00B,9.58,$0.00B,$0.01B,0.0,$0.02B,$0.01B,53.33%,$0.02B,$0.01B,40.00%,$0.02B,$0.01B,40.00%,$0.02B,$0.01B,40.00%,$0.02B,$0.01B,40.00%,$0.02B,$0.00B,26.67%,$0.00B,$0.01B,29.63%,$0.00B,$0.01B,29.63%,$0.00B,$0.02B,27.12%,$0.01B,$0.01B,44.44%,$4,$1,$2,$0,$0,$2,$2,$0,$2,$1,$1,$1,$1,$2,$2,$5,5,$0.25,$0.25,$11,$1,$0,$15,$1,$0,$0,$0,$1,$16,$2,$0,$0,$0,$2,$0,$14,$0,$14,$16,$1,$0,$0,$0,$-1,$0,$0,$0,$0,$1,$-0,$0,$0,$-0,$0,$-0,$0,$-0,$0,$0,$0,$0,$0,$0,$0,$0,$1,$0,$0
31,2010-12-31,9.59,$2.84,3.38,$2.88,3.34,$1.81,5.31,$0.80,11.99,$0.01B,$0.00B,12.49,$0.00B,$0.01B,0.0,$0.02B,$0.01B,53.33%,$0.02B,$0.01B,40.00%,$0.02B,$0.01B,40.00%,$0.02B,$0.01B,40.00%,$0.02B,$0.01B,40.00%,$0.02B,$0.00B,26.67%,$0.00B,$0.01B,28.07%,$0.00B,$0.01B,28.07%,$0.00B,$0.01B,25.81%,$0.01B,$0.01B,42.11%,$3,$1,$2,$0,$0,$2,$1,$0,$1,$0,$1,$1,$1,$1,$1,$5,5,$0.18,$0.18,$10,$1,$0,$13,$1,$0,$0,$0,$1,$14,$1,$0,$0,$0,$1,$0,$13,$0,$13,$14,$4,$0,$0,$1,$0,$-0,$-0,$-0,$-0,$4,$-0,$0,$0,$1,$0,$1,$0,$1,$0,$0,$0,$-4,$-4,$-5,$0,$-8,$-4,$0,$-5
32,2010-09-30,9.55,$3.01,3.17,$2.94,3.25,$1.89,5.06,$0.80,11.94,$0.01B,$0.00B,15.85,$0.00B,$0.01B,0.0,$0.02B,$0.01B,53.33%,$0.02B,$0.01B,40.00%,$0.02B,$0.01B,40.00%,$0.02B,$0.01B,40.00%,$0.02B,$0.01B,40.00%,$0.02B,$0.00B,26.67%,$0.00B,$0.01B,26.67%,$0.00B,$0.01B,26.67%,$0.00B,$0.02B,23.88%,$0.01B,$0.01B,40.00%,$4,$1,$2,$0,$0,$2,$2,$0,$2,$1,$1,$1,$1,$2,$2,$5,5,$0.27,$0.27,$11,$1,$0,$13,$1,$0,$0,$0,$1,$15,$1,$0,$0,$0,$1,$0,$13,$0,$14,$15,$3,$0,$0,$1,$-0,$0,$-0,$-0,$-0,$3,$-0,$0,$0,$1,$0,$1,$0,$0,$0,$0,$0,$-4,$-4,$-3,$0,$-7,$-3,$0,$-3
33,2010-06-30,7.92,$2.72,2.91,$2.79,2.84,$1.96,4.04,$0.75,10.56,$0.01B,$0.00B,7.91,$0.00B,$0.01B,0.0,$0.01B,$0.01B,57.14%,$0.01B,$0.01B,42.86%,$0.01B,$0.01B,42.86%,$0.01B,$0.01B,42.86%,$0.01B,$0.01B,42.86%,$0.01B,$0.00B,28.57%,$0.00B,$0.01B,25.40%,$0.00B,$0.01B,25.40%,$0.00B,$0.01B,22.86%,$0.01B,$0.01B,38.10%,$4,$1,$2,$0,$0,$3,$1,$0,$1,$0,$1,$1,$1,$1,$1,$5,5,$0.13,$0.13,$9,$1,$0,$13,$1,$0,$0,$0,$1,$14,$2,$0,$0,$0,$2,$0,$12,$0,$13,$14,$2,$0,$0,$0,$-1,$-0,$-0,$0,$-1,$2,$-0,$0,$0,$2,$0,$2,$0,$2,$0,$0,$0,$-4,$-4,$-3,$0,$-7,$-4,$0,$-3
34,2010-03-31,8.29,$3.39,2.44,$2.62,3.17,$2.16,3.85,$0.77,10.77,$0.02B,$0.00B,9.47,$0.00B,$0.02B,0.0,$0.01B,$0.01B,61.54%,$0.01B,$0.01B,46.15%,$0.01B,$0.01B,46.15%,$0.01B,$0.01B,46.15%,$0.01B,$0.01B,46.15%,$0.01B,$0.00B,30.77%,$0.00B,$0.02B,24.62%,$0.00B,$0.02B,24.62%,$0.00B,$0.02B,21.92%,$0.01B,$0.02B,36.92%,$4,$1,$2,$0,$0,$2,$2,$0,$2,$1,$1,$1,$1,$2,$2,$5,5,$0.22,$0.22,$14,$2,$0,$18,$1,$0,$0,$0,$1,$19,$2,$0,$0,$0,$2,$1,$13,$-0,$17,$19,$1,$0,$0,$0,$-0,$-0,$0,$-0,$-0,$1,$-0,$0,$0,$-2,$0,$-2,$0,$-2,$0,$0,$0,$0,$0,$-2,$0,$-2,$-3,$0,$-2
35,2009-12-31,7.5,$3.17,2.37,$2.68,2.79,$2.34,3.2,$0.78,9.61,$0.02B,$0.00B,6.05,$0.00B,$0.02B,0.0,$0.01B,$0.01B,61.54%,$0.01B,$0.01B,46.15%,$0.01B,$0.01B,46.15%,$0.01B,$0.01B,46.15%,$0.01B,$0.01B,46.15%,$0.01B,$0.00B,30.77%,$0.00B,$0.02B,25.00%,$0.00B,$0.02B,25.00%,$0.00B,$0.02B,22.22%,$0.01B,$0.02B,37.50%,$3,$1,$2,$0,$0,$2,$1,$0,$1,$0,$1,$1,$1,$1,$1,$5,5,$0.18,$0.18,$14,$1,$0,$18,$1,$0,$0,$0,$1,$19,$3,$0,$0,$0,$3,$1,$12,$-0,$16,$19,$4,$0,$0,$0,$0,$0,$0,$0,$0,$4,$-0,$0,$0,$0,$0,$0,$0,$0,$-0,$0,$-0,$0,$0,$-3,$0,$-3,$2,$0,$-3
36,2009-09-30,5.98,$3.34,1.79,$2.64,2.26,$2.15,2.78,$0.60,9.96,$0.02B,$0.00B,13.16,$0.00B,$0.02B,0.0,$0.01B,$0.01B,61.54%,$0.01B,$0.01B,46.15%,$0.01B,$0.01B,46.15%,$0.01B,$0.01B,46.15%,$0.01B,$0.01B,46.15%,$0.01B,$0.00B,30.77%,$0.00B,$0.02B,25.40%,$0.00B,$0.02B,25.40%,$0.00B,$0.02B,22.86%,$0.01B,$0.02B,38.10%,$3,$1,$2,$0,$0,$2,$2,$0,$2,$1,$1,$1,$1,$2,$2,$5,5,$0.22,$0.22,$13,$1,$0,$17,$1,$0,$0,$0,$1,$18,$1,$0,$0,$0,$1,$1,$13,$-0,$17,$18,$3,$0,$-0,$0,$-0,$0,$0,$-0,$0,$3,$-0,$0,$0,$-2,$0,$-2,$0,$-2,$-0,$0,$-0,$0,$0,$-3,$0,$-3,$-1,$0,$-3
37,2009-06-30,5.88,$3.10,1.9,$2.66,2.21,$1.98,2.96,$0.38,15.48,$0.02B,$0.00B,12.05,$0.00B,$0.02B,0.0,$0.01B,$0.01B,61.54%,$0.01B,$0.01B,38.46%,$0.01B,$0.01B,38.46%,$0.01B,$0.01B,38.46%,$0.01B,$0.01B,38.46%,$0.01B,$0.00B,30.77%,$0.00B,$0.02B,26.23%,$0.00B,$0.02B,26.23%,$0.00B,$0.02B,23.19%,$0.01B,$0.02B,32.79%,$3,$1,$2,$0,$0,$2,$1,$0,$1,$0,$1,$1,$1,$1,$1,$5,5,$0.15,$0.15,$12,$1,$0,$15,$1,$0,$0,$0,$1,$17,$1,$0,$0,$0,$1,$1,$12,$-0,$15,$17,$2,$0,$-0,$0,$0,$0,$-0,$-0,$0,$2,$-0,$0,$0,$-0,$0,$-0,$0,$-0,$-0,$0,$-0,$0,$0,$-3,$0,$-3,$-1,$0,$-3
38,2009-03-31,4.31,$3.21,1.34,$2.66,1.62,$1.75,2.46,$0.23,18.75,$0.02B,$0.00B,9.67,$0.00B,$0.02B,0.0,$0.01B,$0.01B,61.54%,$0.01B,$0.01B,38.46%,$0.01B,$0.01B,38.46%,$0.01B,$0.01B,38.46%,$0.01B,$0.01B,38.46%,$0.01B,$0.00B,30.77%,$0.00B,$0.02B,26.23%,$0.00B,$0.02B,26.23%,$0.00B,$0.02B,23.53%,$0.01B,$0.02B,32.79%,$4,$2,$2,$0,$0,$2,$2,$0,$2,$1,$1,$1,$1,$2,$2,$5,5,$0.23,$0.23,$13,$1,$0,$16,$1,$0,$0,$0,$1,$18,$2,$0,$0,$0,$2,$1,$12,$-0,$16,$18,$1,$0,$-0,$0,$-0,$0,$0,$0,$1,$2,$-0,$0,$0,$0,$0,$0,$0,$0,$-0,$0,$-0,$0,$0,$-1,$0,$-1,$1,$0,$-1
39,2008-12-31,5.67,$2.97,1.91,$2.49,2.28,$1.59,3.56,0,0.0,$0.02B,$0.00B,6.19,$0.00B,$0.02B,0.0,$0.01B,$0.01B,66.67%,$0.01B,$0.00B,33.33%,$0.01B,$0.00B,33.33%,$0.01B,$0.00B,33.33%,$0.01B,$0.00B,33.33%,$0.01B,$0.00B,33.33%,$0.00B,$0.02B,26.67%,$0.00B,$0.02B,26.67%,$0.00B,$0.02B,23.88%,$0.00B,$0.02B,26.67%,$3,$1,$2,$0,$0,$2,$1,$0,$1,$0,$1,$1,$1,$1,$1,$5,5,$0.14,$0.14,$12,$1,$0,$16,$1,$0,$0,$0,$1,$17,$3,$0,$0,$0,$3,$1,$11,$-0,$15,$17,$3,$0,$-0,$0,$-0,$-0,$0,$0,$0,$3,$-0,$0,$0,$-2,$0,$-2,$0,$-2,$-0,$0,$-0,$0,$0,$-3,$0,$-3,$-1,$0,$-3
40,2008-09-30,6.16,$3.13,1.97,$2.42,2.54,$1.72,3.58,0,0.0,$0.02B,$0.00B,13.04,$0.00B,$0.02B,0.0,$0.01B,$0.01B,63.64%,$0.01B,$0.00B,36.36%,$0.01B,$0.00B,36.36%,$0.01B,$0.00B,36.36%,$0.01B,$0.00B,36.36%,$0.01B,$0.00B,36.36%,$0.00B,$0.02B,26.67%,$0.00B,$0.02B,26.67%,$0.00B,$0.02B,23.88%,$0.00B,$0.02B,26.67%,$3,$2,$2,$0,$0,$2,$1,$0,$1,$0,$1,$1,$1,$1,$1,$5,5,$0.18,$0.18,$12,$1,$0,$15,$1,$0,$0,$1,$1,$17,$1,$0,$0,$0,$1,$1,$12,$-0,$15,$17,$2,$0,$0,$0,$-1,$0,$0,$-0,$-0,$2,$-0,$0,$0,$0,$0,$0,$0,$0,$-0,$0,$-0,$0,$0,$-3,$0,$-3,$-0,$0,$-3
41,2008-06-30,6.96,$2.98,2.34,$2.25,3.09,$1.90,3.66,0,0.0,$0.02B,$0.00B,10.96,$0.00B,$0.02B,0.0,$0.01B,$0.01B,63.64%,$0.01B,$0.00B,36.36%,$0.01B,$0.00B,36.36%,$0.01B,$0.00B,36.36%,$0.01B,$0.00B,36.36%,$0.01B,$0.00B,36.36%,$0.00B,$0.02B,26.67%,$0.00B,$0.02B,26.67%,$0.00B,$0.02B,24.24%,$0.00B,$0.02B,26.67%,$3,$1,$2,$0,$0,$2,$1,$0,$1,$0,$1,$1,$1,$1,$1,$5,5,$0.15,$0.15,$11,$1,$0,$15,$1,$0,$0,$1,$1,$16,$1,$0,$0,$0,$1,$1,$11,$-0,$15,$16,$2,$0,$0,$0,$-0,$-0,$0,$-0,$-0,$1,$-0,$0,$0,$0,$0,$0,$0,$0,$-0,$0,$-0,$0,$0,$-3,$0,$-3,$-1,$0,$-3
42,2008-03-31,5.88,$3.11,1.89,$2.21,2.66,$2.21,2.66,0,0.0,$0.02B,$0.00B,9.7,$0.00B,$0.02B,0.0,$0.01B,$0.01B,63.64%,$0.01B,$0.00B,36.36%,$0.01B,$0.00B,36.36%,$0.01B,$0.00B,36.36%,$0.01B,$0.00B,36.36%,$0.01B,$0.00B,36.36%,$0.00B,$0.02B,27.12%,$0.00B,$0.02B,27.12%,$0.00B,$0.02B,24.24%,$0.00B,$0.02B,27.12%,$3,$1,$2,$0,$0,$2,$1,$0,$1,$0,$1,$1,$1,$1,$1,$5,5,$0.17,$0.17,$12,$1,$0,$16,$1,$0,$0,$0,$1,$17,$2,$0,$0,$0,$2,$1,$12,$-0,$15,$17,$1,$0,$0,$0,$-0,$-0,$0,$-0,$0,$1,$-0,$0,$0,$-0,$0,$-0,$0,$-0,$-0,$0,$-0,$0,$0,$-1,$0,$-1,$-1,$0,$-1
43,2007-12-31,6.07,$2.94,2.07,$2.40,2.52,$2.35,2.59,0,0.0,$0.02B,$0.00B,6.68,$0.00B,$0.02B,0.0,$0.01B,$0.01B,58.33%,$0.01B,$0.01B,41.67%,$0.01B,$0.01B,41.67%,$0.01B,$0.01B,41.67%,$0.01B,$0.01B,41.67%,$0.01B,$0.00B,33.33%,$0.00B,$0.02B,27.59%,$0.00B,$0.02B,27.59%,$0.00B,$0.02B,24.24%,$0.01B,$0.02B,34.48%,$2,$1,$1,$0,$0,$2,$1,$0,$1,$0,$1,$1,$1,$1,$1,$5,5,$0.18,$0.18,$13,$1,$0,$16,$1,$0,$0,$0,$1,$17,$2,$0,$0,$0,$3,$1,$11,$-0,$15,$17,$4,$0,$0,$0,$0,$1,$-0,$-0,$0,$4,$-0,$0,$0,$-0,$0,$-0,$0,$-0,$-0,$0,$-0,$0,$0,$-2,$0,$-2,$2,$0,$-2
44,2007-09-30,5.8,$2.96,1.96,$2.41,2.4,$2.00,2.9,0,0.0,$0.02B,$0.00B,14.72,$0.00B,$0.02B,0.0,$0.01B,$0.01B,61.54%,$0.01B,$0.01B,38.46%,$0.01B,$0.01B,38.46%,$0.01B,$0.01B,38.46%,$0.01B,$0.01B,38.46%,$0.01B,$0.00B,30.77%,$0.00B,$0.02B,28.57%,$0.00B,$0.02B,28.57%,$0.00B,$0.02B,24.62%,$0.01B,$0.02B,35.71%,$3,$1,$2,$0,$0,$2,$1,$0,$1,$0,$1,$1,$1,$1,$1,$5,5,$0.16,$0.16,$12,$1,$1,$15,$1,$0,$0,$0,$1,$16,$1,$0,$0,$1,$2,$1,$11,$-1,$15,$16,$3,$0,$-0,$-0,$0,$0,$0,$0,$1,$4,$-0,$0,$0,$-0,$0,$-0,$0,$-1,$-0,$0,$-0,$0,$0,$-2,$0,$-2,$1,$0,$-2
45,2007-06-30,6.82,$2.78,2.45,$2.44,2.8,$1.49,4.57,0,0.0,$0.02B,$0.00B,12.28,$0.00B,$0.01B,0.0,$0.01B,$0.01B,53.85%,$0.01B,$0.01B,38.46%,$0.01B,$0.01B,38.46%,$0.01B,$0.01B,38.46%,$0.01B,$0.01B,38.46%,$0.01B,$0.00B,30.77%,$0.00B,$0.01B,29.09%,$0.00B,$0.01B,29.09%,$0.00B,$0.02B,25.00%,$0.01B,$0.01B,36.36%,$3,$1,$2,$0,$0,$2,$1,$0,$1,$0,$1,$1,$1,$1,$1,$5,5,$0.15,$0.15,$11,$1,$0,$15,$1,$0,$0,$0,$1,$16,$1,$0,$0,$1,$2,$1,$10,$-1,$14,$16,$2,$0,$-0,$0,$0,$1,$-0,$-0,$1,$3,$-0,$0,$0,$-0,$0,$-0,$0,$-0,$-0,$0,$-0,$0,$0,$-2,$0,$-2,$0,$0,$-2
46,2007-03-31,5.19,$2.91,1.78,$2.49,2.08,$1.13,4.58,0,0.0,$0.02B,$0.00B,10.47,$0.00B,$0.01B,0.0,$0.01B,$0.01B,53.85%,$0.01B,$0.01B,38.46%,$0.01B,$0.01B,38.46%,$0.01B,$0.01B,38.46%,$0.01B,$0.01B,38.46%,$0.01B,$0.00B,30.77%,$0.00B,$0.01B,29.63%,$0.00B,$0.01B,29.63%,$0.00B,$0.02B,25.81%,$0.01B,$0.01B,37.04%,$4,$2,$2,$0,$0,$2,$2,$0,$2,$1,$1,$1,$1,$2,$2,$5,5,$0.23,$0.23,$11,$1,$0,$16,$1,$0,$0,$0,$1,$17,$1,$0,$0,$1,$2,$1,$11,$-1,$14,$17,$1,$0,$-0,$0,$-1,$1,$-0,$-0,$1,$2,$-0,$0,$0,$-0,$0,$-0,$0,$-0,$-0,$0,$-0,$0,$0,$-1,$0,$-1,$0,$0,$-1
47,2006-12-31,5.02,$2.68,1.88,$2.27,2.21,$0.83,6.05,0,0.0,$0.02B,$0.00B,7.61,$0.00B,$0.01B,0.0,$0.01B,$0.01B,58.33%,$0.01B,$0.00B,33.33%,$0.01B,$0.00B,33.33%,$0.01B,$0.00B,33.33%,$0.01B,$0.00B,33.33%,$0.01B,$0.00B,33.33%,$0.00B,$0.01B,29.63%,$0.00B,$0.01B,29.63%,$0.00B,$0.02B,26.67%,$0.00B,$0.01B,29.63%,$3,$1,$2,$0,$0,$2,$1,$0,$1,$0,$1,$1,$1,$1,$1,$5,5,$0.15,$0.15,$11,$2,$0,$15,$1,$0,$0,$0,$1,$16,$2,$0,$0,$1,$3,$1,$10,$-1,$13,$16,$3,$0,$0,$0,$-0,$-1,$0,$0,$-1,$2,$-0,$0,$0,$-0,$0,$-0,$0,$-0,$-0,$0,$-0,$0,$0,$-2,$0,$-2,$-0,$0,$-2
