,Date,Stock Price,Book Value per Share,Price to Book Ratio,TTM Sales per Share,Price to Sales Ratio,TTM FCF per Share,Price to FCF Ratio,TTM Net EPS,PE Ratio,Current Assets,Current Liabilities,Current Ratio,Long Term Debt,Shareholder's Equity_x,Debt to Equity Ratio,TTM Revenue_x,TTM Gross Profit,Gross Margin,TTM Revenue_y,TTM Operating Income,Operating Margin,TTM Revenue_x,TTM EBIT,EBIT Margin,TTM Revenue_y,TTM EBITDA,EBITDA Margin,TTM Revenue_x,TTM Pre-Tax Income,Pre-Tax Margin,TTM Revenue_y,TTM Net Income_x,Net Margin,TTM Net Income_y,Shareholder's Equity_y,Return on Equity,TTM Net Income_x,Tangible Equity,Return on Tangible Equity,TTM Net Income_y,Total Assets,Return on Assets,TTM Net Income,LT Investments & Debt,Return on Investment,revenue,cost-goods-sold,gross-profit,research-development-expenses,selling-general-administrative-expenses,operating-expenses,operating-income,total-non-operating-income-expense,pre-tax-income,total-provision-income-taxes,income-after-taxes,income-from-continuous-operations,net-income,ebitda,ebit,basic-shares-outstanding,shares-outstanding,eps-basic-net-earnings-per-share,eps-earnings-per-share-diluted,cash-on-hand,inventory,other-current-assets,total-current-assets,net-property-plant-equipment,long-term-investments,goodwill-intangible-assets-total,other-long-term-assets,total-long-term-assets,total-assets,total-current-liabilities,long-term-debt,other-non-current-liabilities,total-long-term-liabilities,total-liabilities,common-stock-net,retained-earnings-accumulated-deficit,comprehensive-income,total-share-holder-equity,total-liabilities-share-holders-equity,net-income-loss,total-depreciation-amortization-cash-flow,other-non-cash-items,total-non-cash-items,change-in-accounts-receivable,change-in-inventories,change-in-accounts-payable,change-in-assets-liabilities,total-change-in-assets-liabilities,cash-flow-from-operating-activities,net-change-in-property-plant-equipment,net-change-in-intangible-assets,net-acquisitions-divestitures,net-change-in-short-term-investments,net-change-in-long-term-investments,net-change-in-investments-total,investing-activities-other,cash-flow-from-investing-activities,net-long-term-debt,net-current-debt,debt-issuance-retirement-net-total,net-common-equity-issued-repurchased,net-total-equity-issued-repurchased,total-common-preferred-stock-dividends-paid,financial-activities-other,cash-flow-from-financial-activities,net-cash-flow,stock-based-compensation,common-stock-dividends-paid
0,2018-09-30,55.48,$23.60,2.35,$43.30,1.28,$7.02,7.9,$4.08,13.6,$1.89B,$1.73B,1.09,$4.15B,$4.10B,1.01,$7.65B,$3.58B,46.74%,$7.65B,$1.07B,13.92%,$7.65B,$1.07B,13.92%,$7.65B,$1.52B,19.85%,$7.65B,$0.86B,11.18%,$7.65B,$0.72B,9.38%,$0.72B,$4.10B,17.06%,$0.72B,$0.43B,160.81%,$0.72B,$11.98B,5.90%,$1.07B,$8.25B,12.79%,$1273,$645,$628,$0,$471,$1219,$54,$-50,$5,$13,$-8,$-8,$24,$168,$54,$174,177,$0.13,$0.12,$462,$318,$226,$1888,$5808,$0,$3674,$317,$10093,$11981,$1732,$4147,$1010,$6149,$7881,$1201,$2611,$-110,$4100,$11981,$822,$455,$-58,$397,$-148,$-37,$65,$-15,$-134,$1085,$-574,$0,$-187,$0,$0,$0,$14,$-748,$-25,$94,$69,$-25,$-25,$-177,$-305,$-438,$-106,$23,$-177
1,2018-06-30,52.07,$24.32,2.14,$42.39,1.23,$5.97,8.72,$3.97,13.12,$1.81B,$1.57B,1.15,$4.09B,$4.23B,0.97,$7.49B,$3.56B,47.54%,$7.49B,$1.04B,13.87%,$7.49B,$1.04B,13.87%,$7.49B,$1.49B,19.93%,$7.49B,$0.82B,10.89%,$7.49B,$0.70B,9.33%,$0.70B,$4.23B,16.97%,$0.70B,$0.53B,202.32%,$0.70B,$11.88B,5.80%,$1.04B,$8.32B,12.67%,$1441,$733,$708,$0,$496,$1412,$29,$-30,$-1,$11,$-12,$-12,$52,$147,$29,$174,177,$0.30,$0.30,$514,$253,$110,$1808,$5699,$0,$3699,$313,$10069,$11877,$1566,$4089,$1098,$6083,$7649,$1199,$2637,$-112,$4228,$11877,$830,$341,$-128,$214,$-202,$28,$-18,$75,$-117,$927,$-394,$0,$-191,$0,$0,$0,$12,$-573,$-17,$-32,$-49,$17,$17,$-132,$-239,$-402,$-52,$0,$-132
2,2018-03-31,44.19,$25.54,1.73,$40.88,1.08,$5.11,8.65,$3.56,12.41,$2.22B,$1.82B,1.22,$4.19B,$4.42B,0.95,$7.21B,$3.39B,47.04%,$7.21B,$1.01B,13.98%,$7.21B,$1.01B,13.98%,$7.21B,$1.45B,20.08%,$7.21B,$0.74B,10.24%,$7.21B,$0.63B,8.72%,$0.63B,$4.42B,15.62%,$0.63B,$0.58B,230.25%,$0.63B,$12.45B,5.28%,$1.01B,$8.61B,12.45%,$2812,$1560,$1252,$0,$556,$2223,$590,$-68,$521,$113,$408,$408,$276,$702,$590,$174,176,$1.59,$1.57,$485,$228,$102,$2222,$5717,$0,$3845,$303,$10223,$12445,$1818,$4193,$1105,$6207,$8024,$1193,$2657,$-34,$4421,$12445,$842,$223,$-115,$107,$-676,$57,$136,$113,$-370,$579,$-266,$0,$-174,$0,$0,$0,$9,$-432,$60,$-39,$21,$-11,$-11,$-87,$-164,$-240,$-84,$0,$-87
3,2017-12-31,46.44,$23.46,1.98,$37.21,1.25,$4.71,9.87,$3.23,14.38,$2.18B,$2.22B,0.98,$4.06B,$4.08B,0.99,$6.57B,$3.24B,49.34%,$6.57B,$0.93B,14.16%,$6.57B,$0.93B,14.16%,$6.57B,$1.36B,20.68%,$6.57B,$0.65B,9.94%,$6.57B,$0.57B,8.71%,$0.57B,$4.08B,14.67%,$0.57B,$0.26B,240.08%,$0.57B,$12.34B,4.91%,$0.93B,$8.14B,11.74%,$2125,$1137,$988,$0,$490,$1733,$392,$-62,$330,$-104,$434,$434,$366,$502,$392,$174,177,$2.11,$2.07,$466,$307,$170,$2181,$5691,$0,$3827,$283,$10163,$12344,$2216,$4056,$1096,$6046,$8262,$1189,$2429,$-72,$4082,$12344,$434,$110,$-160,$-50,$-531,$-24,$235,$-34,$-353,$31,$-148,$0,$-176,$0,$0,$0,$-4,$-328,$82,$213,$295,$-8,$-8,$-43,$-62,$181,$-112,$0,$-43
4,2017-09-30,46.11,$21.61,2.13,$34.69,1.33,$4.97,9.29,$2.46,18.74,$1.70B,$1.69B,1.0,$4.00B,$3.74B,1.07,$6.12B,$3.28B,53.64%,$6.12B,$1.00B,16.40%,$6.12B,$1.00B,16.40%,$6.12B,$1.42B,23.20%,$6.12B,$0.70B,11.47%,$6.12B,$0.44B,7.14%,$0.44B,$3.74B,11.46%,$0.44B,$0.02B,186.75%,$0.44B,$11.58B,3.84%,$1.00B,$7.74B,12.84%,$1114,$500,$614,$0,$464,$1086,$28,$-62,$-34,$-18,$-17,$-17,$5,$142,$28,$174,177,$0.02,$0.03,$569,$279,$140,$1698,$5537,$0,$3719,$268,$9885,$11582,$1690,$3995,$800,$6151,$7841,$1189,$2107,$-93,$3741,$11582,$524,$416,$193,$609,$-104,$-65,$50,$-50,$-169,$964,$-639,$0,$-102,$0,$0,$0,$-23,$-763,$242,$61,$304,$-32,$-32,$-169,$-249,$-147,$56,$19,$-169
5,2017-06-30,47.39,$22.08,2.15,$33.96,1.4,$5.44,8.71,$2.18,21.74,$1.57B,$1.28B,1.23,$4.02B,$3.84B,1.05,$5.98B,$3.15B,52.69%,$5.98B,$0.89B,14.82%,$5.98B,$0.89B,14.82%,$5.98B,$1.29B,21.57%,$5.98B,$0.58B,9.66%,$5.98B,$0.39B,6.48%,$0.39B,$3.84B,10.27%,$0.39B,$0.24B,165.11%,$0.39B,$11.25B,3.47%,$0.89B,$7.86B,11.48%,$1154,$619,$535,$0,$449,$1156,$-3,$-77,$-79,$-17,$-62,$-62,$-19,$101,$-3,$174,174,$-0.11,$-0.11,$611,$216,$27,$1567,$5422,$0,$3604,$263,$9679,$11246,$1280,$4015,$828,$6126,$7405,$1188,$2152,$-136,$3841,$11246,$541,$302,$135,$436,$-87,$-4,$5,$-45,$-131,$846,$-472,$0,$-53,$0,$0,$0,$-7,$-532,$251,$-133,$118,$-18,$-18,$-126,$-192,$-217,$102,$0,$-126
6,2017-03-31,48.12,$22.64,2.13,$33.75,1.43,$6.08,7.91,$2.63,18.3,$1.94B,$1.37B,1.42,$4.03B,$3.94B,1.02,$5.96B,$3.32B,55.63%,$5.96B,$1.05B,17.55%,$5.96B,$1.05B,17.55%,$5.96B,$1.44B,24.22%,$5.96B,$0.72B,12.06%,$5.96B,$0.47B,7.85%,$0.47B,$3.94B,12.40%,$0.47B,$0.44B,192.99%,$0.47B,$11.39B,4.19%,$1.05B,$7.96B,13.66%,$2174,$1071,$1103,$0,$491,$1661,$513,$-77,$436,$125,$312,$312,$220,$613,$513,$174,177,$1.27,$1.24,$638,$203,$88,$1940,$5299,$0,$3499,$255,$9445,$11386,$1368,$4026,$784,$6080,$7448,$1190,$2214,$-205,$3937,$11386,$603,$197,$62,$260,$-424,$4,$129,$14,$-278,$585,$-342,$0,$-7,$0,$0,$0,$11,$-338,$379,$-216,$162,$-20,$-20,$-82,$-156,$-96,$135,$0,$-82
7,2016-12-31,44.66,$21.47,2.08,$32.75,1.36,$6.79,6.58,$2.72,16.42,$1.91B,$1.58B,1.21,$3.99B,$3.73B,1.07,$5.76B,$3.41B,59.18%,$5.76B,$1.15B,19.93%,$5.76B,$1.15B,19.93%,$5.76B,$1.55B,26.86%,$5.76B,$0.84B,14.60%,$5.76B,$0.48B,8.35%,$0.48B,$3.73B,12.75%,$0.48B,$0.24B,223.72%,$0.48B,$11.30B,4.36%,$1.15B,$7.73B,15.21%,$1680,$647,$1032,$0,$469,$1213,$466,$-88,$379,$88,$291,$291,$231,$564,$466,$174,177,$1.33,$1.30,$523,$228,$144,$1910,$5244,$0,$3495,$260,$9391,$11301,$1575,$3994,$790,$5993,$7567,$1203,$2035,$-217,$3733,$11301,$291,$98,$-55,$43,$-437,$-22,$221,$31,$-207,$127,$-197,$0,$-1,$0,$0,$0,$6,$-192,$259,$-67,$192,$3,$3,$-41,$-56,$99,$12,$0,$-41
8,2016-09-30,43.62,$20.79,2.1,$32.43,1.34,$7.16,6.09,$2.07,21.07,$1.42B,$1.44B,0.99,$3.77B,$3.60B,1.05,$5.69B,$3.25B,57.14%,$5.69B,$0.99B,17.38%,$5.69B,$0.99B,17.38%,$5.69B,$1.39B,24.43%,$5.69B,$0.71B,12.49%,$5.69B,$0.37B,6.42%,$0.37B,$3.60B,9.77%,$0.37B,$0.03B,225.66%,$0.37B,$10.85B,3.35%,$0.99B,$7.36B,13.42%,$976,$494,$483,$0,$491,$1065,$-89,$-69,$-158,$-42,$-116,$-116,$-44,$13,$-89,$173,176,$-0.25,$-0.24,$518,$210,$47,$1424,$5238,$0,$3569,$224,$9423,$10847,$1442,$3766,$829,$5810,$7252,$1202,$1834,$-155,$3595,$10847,$489,$401,$37,$438,$37,$29,$-40,$16,$43,$970,$-564,$0,$-61,$0,$0,$0,$66,$-559,$60,$96,$155,$-34,$-34,$-161,$-236,$-275,$133,$24,$-161
9,2016-06-30,43.4,$22.07,1.97,$33.04,1.31,$8.68,5.0,$2.27,19.12,$1.88B,$1.59B,1.19,$3.74B,$3.84B,0.97,$5.79B,$3.31B,57.12%,$5.79B,$1.07B,18.47%,$5.79B,$1.07B,18.47%,$5.79B,$1.47B,25.41%,$5.79B,$0.80B,13.88%,$5.79B,$0.40B,6.90%,$0.40B,$3.84B,10.72%,$0.40B,$0.27B,253.97%,$0.40B,$11.10B,3.70%,$1.07B,$7.57B,14.73%,$1131,$433,$698,$0,$450,$975,$156,$-94,$62,$34,$29,$29,$61,$254,$156,$173,176,$0.35,$0.34,$919,$184,$53,$1880,$5108,$0,$3569,$205,$9224,$11104,$1587,$3737,$730,$5681,$7267,$1201,$1926,$-157,$3837,$11104,$605,$299,$-24,$275,$-16,$55,$-68,$12,$-17,$863,$-371,$0,$-60,$0,$0,$0,$64,$-367,$406,$-27,$379,$-12,$-12,$-120,$-199,$49,$540,$0,$-120
10,2016-03-31,38.43,$22.58,1.7,$33.15,1.16,$9.52,4.04,$1.98,19.41,$1.71B,$1.47B,1.16,$3.60B,$3.93B,0.92,$5.81B,$3.17B,54.61%,$5.81B,$0.97B,16.70%,$5.81B,$0.97B,16.70%,$5.81B,$1.37B,23.53%,$5.81B,$0.73B,12.58%,$5.81B,$0.35B,6.01%,$0.35B,$3.93B,9.42%,$0.35B,$0.33B,258.04%,$0.35B,$10.93B,3.27%,$0.97B,$7.53B,13.45%,$1972,$777,$1195,$0,$485,$1357,$615,$-57,$558,$150,$408,$408,$233,$716,$615,$173,175,$1.35,$1.33,$506,$177,$48,$1707,$5083,$0,$3597,$194,$9219,$10926,$1467,$3601,$743,$5534,$7001,$1206,$1906,$-130,$3925,$10926,$576,$201,$0,$201,$-269,$64,$-6,$52,$-159,$618,$-255,$0,$-49,$0,$0,$0,$36,$-268,$-78,$53,$-26,$-20,$-20,$-79,$-136,$-260,$97,$0,$-79
11,2015-12-31,32.01,$20.67,1.55,$35.85,0.89,$9.85,3.25,$2.05,15.62,$1.67B,$1.91B,0.88,$3.39B,$3.59B,0.94,$6.29B,$3.23B,51.29%,$6.29B,$1.06B,16.79%,$6.29B,$1.06B,16.79%,$6.29B,$1.44B,22.89%,$6.29B,$0.82B,12.98%,$6.29B,$0.36B,5.77%,$0.36B,$3.59B,9.82%,$0.36B,$0.03B,175.36%,$0.36B,$10.75B,3.46%,$1.06B,$6.98B,15.01%,$1607,$734,$873,$0,$468,$1301,$306,$-58,$248,$80,$168,$168,$115,$406,$306,$173,175,$0.66,$0.65,$459,$247,$64,$1674,$5013,$0,$3568,$197,$9076,$10750,$1912,$3392,$710,$5246,$7157,$1216,$1712,$-143,$3593,$10750,$168,$101,$-10,$91,$-213,$-9,$34,$58,$-131,$128,$-132,$0,$-42,$0,$0,$0,$18,$-155,$-75,$260,$186,$-22,$-22,$-39,$-57,$68,$33,$0,$-39
12,2015-09-30,32.79,$20.72,1.58,$38.09,0.86,$9.24,3.55,$1.59,20.62,$1.46B,$1.68B,0.87,$3.41B,$3.57B,0.95,$6.69B,$2.96B,44.16%,$6.69B,$0.83B,12.46%,$6.69B,$0.83B,12.46%,$6.69B,$1.21B,18.07%,$6.69B,$0.59B,8.85%,$6.69B,$0.28B,4.21%,$0.28B,$3.57B,7.65%,$0.28B,$0.01B,114.29%,$0.28B,$10.51B,2.71%,$0.83B,$6.98B,11.88%,$1083,$540,$543,$0,$455,$1089,$-7,$-57,$-64,$-11,$-53,$-53,$-9,$96,$-7,$173,176,$-0.06,$-0.04,$439,$240,$40,$1460,$4994,$0,$3564,$197,$9054,$10514,$1679,$3410,$716,$5263,$6942,$1215,$1637,$-115,$3572,$10514,$414,$374,$184,$558,$163,$181,$-135,$-18,$192,$1164,$-491,$0,$-448,$0,$0,$0,$-38,$-976,$231,$-32,$199,$-22,$-22,$-154,$-240,$-217,$-50,$29,$-154
13,2015-06-30,32.22,$21.49,1.5,$39.41,0.82,$8.54,3.77,$1.53,21.06,$1.56B,$1.34B,1.16,$3.63B,$3.74B,0.97,$6.92B,$2.91B,41.98%,$6.92B,$0.83B,12.02%,$6.92B,$0.83B,12.02%,$6.92B,$1.20B,17.27%,$6.92B,$0.59B,8.50%,$6.92B,$0.27B,3.92%,$0.27B,$3.74B,7.31%,$0.27B,$0.18B,88.06%,$0.27B,$10.52B,2.63%,$0.83B,$7.36B,11.80%,$1148,$586,$562,$0,$424,$1092,$56,$-68,$-11,$5,$-16,$-16,$10,$149,$56,$173,176,$0.06,$0.05,$431,$209,$38,$1558,$4924,$0,$3556,$231,$8962,$10520,$1339,$3628,$650,$5445,$6784,$1208,$1685,$-112,$3736,$10520,$467,$272,$122,$394,$54,$211,$-171,$14,$108,$968,$-330,$0,$-428,$0,$0,$0,$-16,$-775,$246,$-154,$92,$-7,$-7,$-114,$-178,$-207,$-34,$0,$-114
14,2015-03-31,30.29,$22.35,1.36,$41.34,0.73,$7.94,3.82,$1.60,18.93,$1.96B,$1.85B,1.06,$2.96B,$3.88B,0.76,$7.26B,$2.90B,39.99%,$7.26B,$0.84B,11.56%,$7.26B,$0.84B,11.56%,$7.26B,$1.20B,16.52%,$7.26B,$0.60B,8.29%,$7.26B,$0.28B,3.88%,$0.28B,$3.88B,7.53%,$0.28B,$0.62B,77.42%,$0.28B,$10.18B,2.77%,$0.84B,$6.84B,11.90%,$2456,$1205,$1250,$0,$471,$1754,$702,$-58,$644,$162,$482,$482,$247,$790,$702,$173,176,$1.42,$1.40,$502,$202,$76,$1959,$4486,$0,$3269,$213,$8224,$10183,$1850,$2958,$545,$4449,$6299,$1215,$1715,$-85,$3884,$10183,$482,$179,$119,$298,$-470,$208,$32,$107,$-123,$658,$-234,$0,$-7,$0,$0,$0,$-25,$-266,$-7,$-112,$-119,$-12,$-12,$-75,$-132,$-338,$26,$0,$-75
15,2014-12-31,35.06,$20.46,1.71,$45.42,0.77,$7.00,5.01,$1.43,24.57,$2.04B,$1.97B,1.04,$3.34B,$3.56B,0.94,$7.97B,$2.82B,35.34%,$7.97B,$0.73B,9.11%,$7.97B,$0.73B,9.11%,$7.97B,$1.09B,13.62%,$7.97B,$0.49B,6.11%,$7.97B,$0.25B,3.13%,$0.25B,$3.56B,6.60%,$0.25B,$0.18B,73.78%,$0.25B,$10.43B,2.41%,$0.73B,$6.90B,10.05%,$2005,$1405,$600,$0,$440,$1921,$83,$-60,$23,$23,$0,$0,$34,$174,$83,$173,176,$0.20,$0.19,$465,$391,$89,$2040,$4553,$0,$3371,$213,$8390,$10430,$1969,$3341,$585,$4907,$6875,$1216,$1506,$-40,$3555,$10430,$0,$91,$176,$267,$-342,$28,$119,$-53,$-248,$19,$-132,$0,$-7,$0,$0,$0,$-31,$-170,$-3,$213,$210,$6,$6,$-38,$-29,$150,$-9,$0,$-38
16,2014-09-30,31.29,$21.26,1.47,$47.27,0.66,$7.30,4.29,$1.94,16.15,$1.66B,$1.43B,1.16,$3.43B,$3.66B,0.94,$8.28B,$3.10B,37.47%,$8.28B,$1.01B,12.17%,$8.28B,$1.01B,12.17%,$8.28B,$1.37B,16.54%,$8.28B,$0.77B,9.28%,$8.28B,$0.34B,4.07%,$0.34B,$3.66B,8.83%,$0.34B,$0.25B,96.22%,$0.34B,$10.09B,3.24%,$1.01B,$7.10B,13.76%,$1311,$818,$493,$0,$417,$1321,$-9,$-59,$-68,$-8,$-60,$-60,$-20,$82,$-9,$173,175,$-0.12,$-0.12,$436,$423,$42,$1663,$4544,$0,$3410,$222,$8430,$10093,$1431,$3434,$556,$4999,$6430,$1216,$1509,$-21,$3663,$10093,$533,$363,$116,$479,$18,$-65,$4,$37,$-7,$1005,$-457,$0,$-37,$0,$0,$0,$6,$-488,$-68,$6,$-62,$-29,$-29,$-136,$-248,$-476,$30,$26,$-136
17,2014-06-30,30.71,$22.34,1.37,$47.05,0.65,$5.99,5.13,$1.97,15.62,$1.64B,$1.21B,1.35,$3.48B,$3.88B,0.9,$8.23B,$3.08B,37.47%,$8.23B,$1.00B,12.21%,$8.23B,$1.00B,12.21%,$8.23B,$1.37B,16.64%,$8.23B,$0.76B,9.29%,$8.23B,$0.34B,4.17%,$0.34B,$3.88B,9.06%,$0.34B,$0.41B,113.01%,$0.34B,$10.08B,3.31%,$1.00B,$7.36B,13.72%,$1487,$927,$560,$0,$420,$1424,$63,$-60,$3,$15,$-13,$-13,$21,$153,$63,$173,176,$0.12,$0.12,$444,$332,$30,$1639,$4543,$0,$3475,$420,$8439,$10078,$1214,$3478,$515,$4983,$6197,$1216,$1567,$25,$3881,$10078,$593,$272,$58,$329,$-56,$35,$-41,$-1,$-64,$858,$-326,$0,$-23,$0,$0,$0,$11,$-337,$-62,$-75,$-136,$-14,$-14,$-99,$-226,$-475,$49,$0,$-99
18,2014-03-31,27.57,$23.04,1.2,$46.47,0.59,$5.22,5.28,$1.93,14.26,$2.28B,$1.66B,1.38,$3.55B,$4.00B,0.89,$8.11B,$3.06B,37.72%,$8.11B,$0.98B,12.12%,$8.11B,$0.98B,12.12%,$8.11B,$1.35B,16.63%,$8.11B,$0.74B,9.16%,$8.11B,$0.33B,4.08%,$0.33B,$4.00B,8.89%,$0.33B,$0.51B,133.20%,$0.33B,$10.72B,3.21%,$0.98B,$7.55B,13.64%,$3163,$2001,$1162,$0,$497,$2575,$589,$-60,$529,$141,$388,$388,$214,$676,$589,$173,175,$1.24,$1.22,$498,$324,$76,$2281,$4519,$0,$3494,$426,$8439,$10721,$1655,$3549,$526,$5063,$6718,$1216,$1580,$24,$4002,$10721,$605,$182,$46,$227,$-633,$43,$194,$46,$-350,$483,$-224,$0,$-21,$0,$0,$0,$8,$-237,$-8,$52,$44,$6,$6,$-65,$-130,$-145,$104,$0,$-65
19,2013-12-31,24.9,$21.41,1.16,$43.12,0.58,$5.45,4.57,$1.70,14.65,$2.23B,$1.88B,1.19,$3.55B,$3.72B,0.95,$7.49B,$2.95B,39.43%,$7.49B,$0.90B,12.04%,$7.49B,$0.90B,12.04%,$7.49B,$1.27B,16.95%,$7.49B,$0.66B,8.84%,$7.49B,$0.30B,3.98%,$0.30B,$3.72B,8.16%,$0.30B,$0.24B,156.64%,$0.30B,$10.66B,2.93%,$0.90B,$7.27B,12.73%,$2316,$1430,$886,$0,$436,$1952,$364,$-59,$304,$87,$218,$218,$122,$458,$364,$172,175,$0.71,$0.70,$423,$412,$118,$2228,$4517,$0,$3483,$436,$8436,$10664,$1880,$3549,$532,$5065,$6945,$1210,$1398,$32,$3719,$10664,$218,$94,$-15,$79,$-508,$-45,$246,$84,$-223,$73,$-133,$0,$-21,$0,$0,$0,$5,$-149,$-4,$188,$184,$2,$2,$-32,$-52,$101,$29,$0,$-32
20,2013-09-30,23.34,$20.67,1.13,$41.62,0.56,$5.45,4.28,$1.60,14.59,$1.63B,$1.43B,1.14,$3.54B,$3.55B,1.0,$7.20B,$2.87B,39.90%,$7.20B,$0.83B,11.56%,$7.20B,$0.83B,11.56%,$7.20B,$1.19B,16.59%,$7.20B,$0.59B,8.21%,$7.20B,$0.28B,3.88%,$0.28B,$3.55B,7.79%,$0.28B,$0.07B,231.06%,$0.28B,$10.01B,2.78%,$0.83B,$7.09B,11.94%,$1259,$785,$474,$0,$400,$1271,$-12,$-60,$-72,$-13,$-59,$-59,$-14,$82,$-12,$171,173,$-0.09,$-0.10,$398,$366,$51,$1627,$4480,$0,$3482,$183,$8382,$10009,$1425,$3542,$527,$5036,$6461,$1208,$1308,$8,$3548,$10009,$428,$363,$55,$418,$-111,$5,$39,$23,$-44,$802,$-486,$0,$-79,$0,$0,$0,$12,$-553,$58,$32,$91,$36,$36,$-126,$-187,$-186,$69,$18,$-126
21,2013-06-30,23.16,$20.89,1.11,$40.98,0.57,$5.79,4.0,$1.59,14.53,$1.54B,$1.33B,1.16,$3.30B,$3.63B,0.91,$7.06B,$2.86B,40.54%,$7.06B,$0.83B,11.79%,$7.06B,$0.83B,11.79%,$7.06B,$1.19B,16.82%,$7.06B,$0.59B,8.41%,$7.06B,$0.29B,4.09%,$0.29B,$3.63B,8.20%,$0.29B,$0.19B,451.56%,$0.29B,$9.81B,2.90%,$0.83B,$6.93B,12.14%,$1374,$837,$538,$0,$411,$1333,$42,$-59,$-18,$5,$-23,$-23,$9,$133,$42,$171,174,$0.05,$0.05,$408,$304,$34,$1541,$4324,$0,$3443,$499,$8266,$9807,$1326,$3298,$617,$4853,$6179,$1193,$1355,$-27,$3628,$9807,$487,$269,$52,$321,$-146,$51,$-26,$-1,$-121,$686,$-292,$0,$-24,$0,$0,$0,$-1,$-317,$-29,$-39,$-68,$29,$29,$-93,$-154,$-286,$82,$0,$-93
22,2013-03-31,22.56,$21.43,1.05,$40.65,0.56,$5.48,4.12,$1.47,15.38,$2.00B,$1.62B,1.24,$3.34B,$3.72B,0.9,$6.97B,$2.79B,40.09%,$6.97B,$0.77B,11.08%,$6.97B,$0.77B,11.08%,$6.97B,$1.12B,16.08%,$6.97B,$0.53B,7.62%,$6.97B,$0.27B,3.93%,$0.27B,$3.72B,7.88%,$0.27B,$0.28B,3223.53%,$0.27B,$10.22B,2.76%,$0.77B,$7.06B,11.26%,$2543,$1487,$1056,$0,$466,$2035,$508,$-60,$448,$106,$342,$342,$181,$597,$508,$171,173,$1.06,$1.05,$449,$292,$67,$2002,$4285,$0,$3444,$484,$8213,$10215,$1617,$3341,$616,$4879,$6497,$1186,$1378,$-47,$3719,$10215,$510,$177,$43,$220,$-555,$62,$176,$68,$-249,$481,$-185,$0,$-24,$0,$0,$0,$2,$-206,$-10,$2,$-8,$19,$19,$-61,$-95,$-145,$126,$0,$-61
23,2012-12-31,19.09,$19.82,0.96,$40.23,0.47,$4.84,3.94,$1.26,15.15,$1.89B,$1.78B,1.06,$3.36B,$3.44B,0.98,$6.85B,$2.64B,38.50%,$6.85B,$0.65B,9.41%,$6.85B,$0.65B,9.41%,$6.85B,$0.99B,14.40%,$6.85B,$0.39B,5.62%,$6.85B,$0.23B,3.30%,$0.23B,$3.44B,6.52%,$0.23B,$-0.04B,-877.67%,$0.23B,$10.14B,2.28%,$0.65B,$6.80B,9.35%,$2019,$1216,$803,$0,$431,$1725,$294,$-62,$233,$65,$168,$168,$103,$382,$294,$170,172,$0.61,$0.60,$355,$379,$72,$1890,$4271,$0,$3482,$495,$8248,$10138,$1780,$3358,$634,$4920,$6700,$1170,$1228,$-37,$3439,$10138,$168,$88,$9,$97,$-408,$-19,$165,$29,$-234,$31,$-91,$0,$0,$0,$0,$0,$-2,$-93,$-6,$135,$128,$11,$11,$-31,$-21,$88,$28,$0,$-31
24,2012-09-30,18.38,$19.63,0.94,$38.42,0.48,$4.54,4.04,$1.17,15.66,$1.47B,$1.48B,0.99,$3.35B,$3.32B,1.01,$6.52B,$2.42B,37.14%,$6.52B,$0.54B,8.26%,$6.52B,$0.54B,8.26%,$6.52B,$0.85B,13.09%,$6.52B,$0.30B,4.66%,$6.52B,$0.21B,3.22%,$0.21B,$3.32B,6.66%,$0.21B,$-0.16B,236.62%,$0.21B,$9.68B,2.29%,$0.54B,$6.66B,8.59%,$1128,$661,$467,$0,$404,$1139,$-11,$-58,$-69,$-6,$-63,$-63,$-4,$76,$-11,$169,170,$-0.03,$-0.02,$323,$354,$37,$1470,$4234,$0,$3477,$496,$8207,$9677,$1482,$3348,$621,$4879,$6362,$1158,$1156,$-55,$3315,$9677,$198,$315,$116,$431,$66,$89,$-79,$3,$79,$708,$-339,$0,$-1581,$0,$0,$0,$15,$-1905,$1250,$42,$1292,$300,$300,$-119,$-194,$1279,$81,$15,$-119
25,2012-06-30,16.88,$19.82,0.85,$37.93,0.45,$3.52,4.79,$1.13,14.99,$1.54B,$1.31B,1.17,$3.48B,$3.44B,1.01,$6.43B,$2.33B,36.20%,$6.43B,$0.59B,9.12%,$6.43B,$0.59B,9.12%,$6.43B,$0.87B,13.59%,$6.43B,$0.33B,5.19%,$6.43B,$0.20B,3.17%,$0.20B,$3.44B,7.10%,$0.20B,$-0.04B,81.85%,$0.20B,$9.65B,2.43%,$0.59B,$6.91B,10.33%,$1277,$810,$467,$0,$410,$1296,$-19,$-61,$-81,$-4,$-77,$-77,$-6,$65,$-19,$169,169,$-0.04,$-0.04,$444,$317,$39,$1537,$4189,$0,$3474,$452,$8115,$9652,$1313,$3475,$590,$4902,$6215,$1149,$1211,$-78,$3437,$9652,$261,$228,$35,$263,$71,$128,$-132,$-25,$43,$566,$-236,$0,$-1574,$0,$0,$0,$10,$-1800,$1310,$54,$1365,$289,$289,$-89,$-130,$1435,$198,$0,$-89
26,2012-03-31,15.49,$21.14,0.73,$36.95,0.42,$2.89,5.35,$1.13,13.75,$1.92B,$1.47B,1.31,$3.54B,$3.67B,0.97,$6.26B,$2.24B,35.71%,$6.26B,$0.62B,9.95%,$6.26B,$0.62B,9.95%,$6.26B,$0.88B,14.12%,$6.26B,$0.40B,6.34%,$6.26B,$0.20B,3.24%,$0.20B,$3.67B,7.78%,$0.20B,$0.14B,49.42%,$0.20B,$10.13B,2.65%,$0.62B,$7.21B,12.31%,$2428,$1527,$901,$0,$448,$2047,$381,$-79,$302,$75,$227,$227,$133,$464,$381,$169,170,$0.79,$0.79,$419,$348,$41,$1921,$4227,$0,$3528,$454,$8209,$10129,$1471,$3543,$596,$4993,$6463,$1145,$1248,$-41,$3666,$10129,$337,$143,$24,$167,$-294,$102,$-17,$40,$-170,$335,$-152,$0,$-1562,$0,$0,$0,$0,$-1714,$1332,$39,$1371,$286,$286,$-58,$-58,$1540,$164,$0,$-58
27,2011-12-31,16.56,$12.70,1.3,$35.51,0.47,$2.55,6.48,$1.22,13.57,$1.67B,$1.57B,1.07,$2.12B,$2.20B,0.96,$6.01B,$2.09B,34.79%,$6.01B,$0.60B,9.96%,$6.01B,$0.60B,9.96%,$6.01B,$0.83B,13.85%,$6.01B,$0.40B,6.63%,$6.01B,$0.22B,3.64%,$0.22B,$2.20B,9.51%,$0.22B,$0.42B,39.82%,$0.22B,$7.15B,3.20%,$0.60B,$4.32B,13.69%,$1689,$1102,$587,$0,$347,$1501,$188,$-36,$152,$42,$110,$110,$87,$249,$188,$168,170,$0.52,$0.51,$251,$391,$75,$1668,$3274,$0,$1784,$428,$5486,$7154,$1565,$2116,$575,$3389,$4954,$939,$1144,$-62,$2200,$7154,$110,$60,$-17,$43,$-284,$-25,$64,$70,$-176,$-22,$-87,$0,$-153,$0,$0,$0,$-3,$-243,$23,$265,$288,$3,$3,$-29,$-5,$257,$-10,$0,$-29
28,2011-09-30,14.66,$13.06,1.12,$36.03,0.41,$2.48,5.91,$1.38,10.62,$1.31B,$1.08B,1.21,$2.11B,$2.19B,0.96,$6.09B,$2.11B,34.61%,$6.09B,$0.64B,10.54%,$6.09B,$0.64B,10.54%,$6.09B,$0.87B,14.28%,$6.09B,$0.47B,7.65%,$6.09B,$0.25B,4.02%,$0.25B,$2.19B,10.62%,$0.25B,$0.48B,42.98%,$0.25B,$6.66B,3.62%,$0.64B,$4.30B,15.24%,$1039,$665,$374,$0,$304,$1002,$37,$-76,$-39,$-2,$-37,$-37,$-10,$96,$37,$168,169,$-0.07,$-0.07,$256,$363,$34,$1306,$3205,$0,$1710,$443,$5357,$6663,$1078,$2110,$570,$3394,$4472,$937,$1086,$-18,$2191,$6663,$320,$228,$150,$378,$-66,$-41,$19,$-55,$-143,$555,$-361,$0,$-53,$0,$0,$0,$-2,$-415,$97,$-75,$22,$27,$27,$-114,$-88,$-152,$-22,$16,$-114
29,2011-06-30,17.63,$13.74,1.28,$35.27,0.5,$2.85,6.18,$1.53,11.55,$1.29B,$1.04B,1.25,$2.04B,$2.38B,0.86,$5.94B,$2.05B,34.50%,$5.94B,$0.62B,10.50%,$5.94B,$0.62B,10.50%,$5.94B,$0.85B,14.24%,$5.94B,$0.49B,8.28%,$5.94B,$0.26B,4.33%,$0.26B,$2.38B,11.30%,$0.26B,$0.61B,47.86%,$0.26B,$6.67B,3.84%,$0.62B,$4.42B,15.56%,$1105,$731,$374,$0,$308,$1088,$17,$-35,$-18,$-5,$-14,$-14,$-7,$75,$17,$168,168,$-0.04,$-0.04,$328,$272,$20,$1290,$3217,$0,$1772,$395,$5384,$6674,$1035,$2040,$535,$3258,$4293,$935,$1137,$68,$2381,$6674,$357,$169,$96,$264,$-93,$57,$-51,$-66,$-154,$467,$-245,$0,$-50,$0,$0,$0,$23,$-272,$-6,$5,$-0,$25,$25,$-85,$-78,$-139,$57,$0,$-85
30,2011-03-31,18.04,$14.10,1.28,$34.48,0.52,$3.26,5.53,$1.59,11.37,$1.58B,$1.23B,1.29,$2.03B,$2.44B,0.83,$5.80B,$2.02B,34.87%,$5.80B,$0.64B,11.00%,$5.80B,$0.64B,11.00%,$5.80B,$0.85B,14.73%,$5.80B,$0.51B,8.73%,$5.80B,$0.27B,4.60%,$0.27B,$2.44B,12.26%,$0.27B,$0.70B,55.65%,$0.27B,$6.89B,4.12%,$0.64B,$4.47B,16.93%,$2181,$1424,$757,$0,$355,$1824,$357,$-54,$304,$88,$216,$216,$149,$413,$357,$167,170,$0.89,$0.88,$308,$222,$61,$1579,$3176,$0,$1749,$391,$5315,$6894,$1228,$2028,$524,$3223,$4451,$932,$1174,$64,$2443,$6894,$371,$111,$79,$190,$-449,$104,$63,$13,$-269,$292,$-167,$0,$-45,$0,$0,$0,$27,$-185,$-3,$22,$19,$22,$22,$-56,$-55,$-69,$37,$0,$-56
31,2010-12-31,17.18,$12.76,1.35,$34.48,0.5,$3.49,4.92,$1.66,10.35,$1.64B,$2.02B,0.81,$1.45B,$2.21B,0.66,$5.74B,$2.02B,35.17%,$5.74B,$0.65B,11.28%,$5.74B,$0.65B,11.28%,$5.74B,$0.86B,14.99%,$5.74B,$0.53B,9.31%,$5.74B,$0.28B,4.79%,$0.28B,$2.21B,13.16%,$0.28B,$0.50B,67.24%,$0.28B,$6.81B,4.34%,$0.65B,$3.66B,18.26%,$1766,$1163,$603,$0,$317,$1534,$231,$-12,$219,$64,$155,$155,$113,$287,$231,$166,169,$0.68,$0.67,$159,$387,$109,$1635,$3097,$0,$1715,$361,$5173,$6808,$2024,$1448,$519,$2574,$4598,$916,$1052,$15,$2210,$6808,$155,$55,$-7,$48,$-486,$-67,$280,$33,$-239,$-36,$-86,$0,$-38,$0,$0,$0,$19,$-104,$-3,$75,$72,$12,$12,$-28,$-34,$22,$-121,$0,$-28
32,2010-09-30,15.44,$12.45,1.24,$33.83,0.46,$3.86,4.0,$1.59,9.73,$1.22B,$1.68B,0.73,$1.43B,$2.06B,0.7,$5.59B,$2.01B,35.90%,$5.59B,$0.66B,11.79%,$5.59B,$0.66B,11.79%,$5.59B,$0.87B,15.56%,$5.59B,$0.52B,9.37%,$5.59B,$0.26B,4.65%,$0.26B,$2.06B,12.84%,$0.26B,$0.35B,76.08%,$0.26B,$6.37B,4.16%,$0.66B,$3.49B,18.19%,$890,$575,$316,$0,$290,$872,$19,$-32,$-13,$5,$-18,$-18,$2,$72,$19,$164,166,$0.01,$0.00,$296,$314,$51,$1220,$3040,$0,$1713,$401,$5154,$6374,$1675,$1432,$599,$2638,$4313,$906,$967,$-10,$2062,$6374,$356,$210,$98,$308,$-95,$34,$47,$-52,$-65,$599,$-347,$0,$-16,$0,$0,$0,$-36,$-399,$-95,$38,$-57,$28,$28,$-99,$-86,$-214,$-19,$13,$-99
33,2010-06-30,13.61,$11.52,1.18,$33.69,0.4,$4.56,2.99,$1.51,9.03,$1.11B,$1.33B,0.83,$1.46B,$1.99B,0.73,$5.56B,$2.02B,36.37%,$5.56B,$0.63B,11.28%,$5.56B,$0.63B,11.28%,$5.56B,$0.84B,15.05%,$5.56B,$0.49B,8.87%,$5.56B,$0.25B,4.44%,$0.25B,$1.99B,12.58%,$0.25B,$0.38B,90.89%,$0.25B,$5.83B,4.01%,$0.63B,$3.45B,16.89%,$962,$616,$346,$0,$272,$931,$31,$-36,$-4,$-0,$-4,$-4,$3,$83,$31,$165,166,$0.02,$0.02,$265,$249,$27,$1112,$2876,$0,$1614,$231,$4720,$5832,$1334,$1457,$531,$2504,$3838,$896,$992,$-116,$1994,$5832,$374,$157,$125,$283,$-147,$107,$-10,$-90,$-140,$517,$-229,$0,$-25,$0,$0,$0,$-31,$-285,$-133,$0,$-133,$17,$17,$-71,$-65,$-252,$-38,$0,$-71
34,2010-03-31,14.07,$12.10,1.16,$33.81,0.42,$5.16,2.73,$1.47,9.59,$1.52B,$1.69B,0.9,$1.48B,$2.09B,0.71,$5.56B,$2.05B,36.82%,$5.56B,$0.63B,11.33%,$5.56B,$0.63B,11.33%,$5.56B,$0.84B,15.09%,$5.56B,$0.49B,8.83%,$5.56B,$0.24B,4.32%,$0.24B,$2.09B,12.46%,$0.24B,$0.41B,114.01%,$0.24B,$6.32B,3.88%,$0.63B,$3.57B,16.44%,$2120,$1367,$753,$0,$333,$1754,$366,$-34,$332,$99,$233,$233,$157,$419,$366,$164,165,$0.96,$0.95,$310,$224,$47,$1517,$2903,$0,$1679,$220,$4802,$6319,$1693,$1475,$542,$2535,$4228,$884,$1016,$-71,$2091,$6319,$378,$106,$101,$206,$-505,$136,$119,$-30,$-280,$304,$-146,$0,$-10,$0,$0,$0,$-43,$-199,$-7,$-14,$-22,$2,$2,$-44,$-43,$-107,$-9,$0,$-44
35,2009-12-31,12.72,$11.29,1.13,$34.02,0.37,$6.05,2.1,$1.48,8.59,$1.60B,$1.39B,1.15,$2.03B,$1.95B,1.04,$5.58B,$2.05B,36.79%,$5.58B,$0.64B,11.46%,$5.58B,$0.64B,11.46%,$5.58B,$0.85B,15.15%,$5.58B,$0.50B,8.93%,$5.58B,$0.24B,4.32%,$0.24B,$1.95B,13.02%,$0.24B,$0.23B,173.38%,$0.24B,$6.45B,3.93%,$0.64B,$3.98B,16.37%,$1619,$1027,$592,$0,$301,$1376,$243,$-34,$209,$64,$146,$146,$98,$296,$243,$164,165,$0.60,$0.60,$225,$387,$142,$1596,$2915,$0,$1726,$216,$4857,$6453,$1386,$2025,$569,$3114,$4500,$878,$881,$-28,$1952,$6453,$146,$53,$29,$82,$-437,$-25,$207,$45,$-210,$17,$-75,$0,$-4,$0,$0,$0,$-13,$-93,$55,$0,$55,$2,$2,$-22,$-22,$13,$-65,$0,$-22
36,2009-09-30,13.07,$11.14,1.17,$35.07,0.37,$5.59,2.34,$1.58,8.27,$1.19B,$1.10B,1.08,$2.04B,$1.82B,1.12,$5.74B,$2.07B,36.02%,$5.74B,$0.69B,11.94%,$5.74B,$0.69B,11.94%,$5.74B,$0.89B,15.44%,$5.74B,$0.54B,9.43%,$5.74B,$0.26B,4.50%,$0.26B,$1.82B,14.75%,$0.26B,$0.07B,526.53%,$0.26B,$6.04B,4.21%,$0.69B,$3.86B,17.94%,$859,$528,$332,$0,$294,$872,$-13,$-31,$-44,$-13,$-32,$-155,$-11,$39,$-13,$163,164,$-0.07,$-0.07,$287,$363,$61,$1185,$2904,$0,$1748,$206,$4858,$6043,$1097,$2039,$579,$3129,$4226,$876,$804,$-39,$1817,$6043,$382,$201,$29,$230,$80,$67,$-146,$53,$53,$665,$-302,$0,$-280,$0,$0,$0,$62,$-520,$36,$13,$49,$11,$11,$-85,$-89,$-115,$35,$11,$-85
37,2009-06-30,13.19,$10.65,1.24,$37.14,0.36,$4.80,2.75,$1.61,8.21,$1.16B,$0.95B,1.23,$2.09B,$1.84B,1.13,$6.07B,$2.06B,33.98%,$6.07B,$0.74B,12.24%,$6.07B,$0.74B,12.24%,$6.07B,$0.94B,15.47%,$6.07B,$0.56B,9.28%,$6.07B,$0.26B,4.33%,$0.26B,$1.84B,15.94%,$0.26B,$0.14B,-1052.00%,$0.26B,$5.90B,4.35%,$0.74B,$3.93B,20.05%,$962,$592,$371,$0,$285,$928,$34,$-40,$-6,$6,$-12,$-12,$-4,$85,$34,$163,163,$-0.02,$-0.02,$305,$269,$62,$1161,$2823,$0,$1707,$210,$4740,$5901,$946,$2088,$555,$3113,$4059,$870,$837,$-72,$1842,$5901,$414,$149,$-35,$114,$68,$159,$-239,$78,$66,$593,$-213,$0,$-277,$0,$0,$0,$7,$-484,$32,$-24,$8,$0,$0,$-63,$-58,$-114,$-5,$0,$-63
38,2009-03-31,12.12,$10.38,1.17,$39.41,0.31,$3.69,3.28,$1.72,7.05,$1.50B,$1.28B,1.17,$2.06B,$1.79B,1.15,$6.44B,$2.08B,32.23%,$6.44B,$0.76B,11.79%,$6.44B,$0.76B,11.79%,$6.44B,$0.95B,14.77%,$6.44B,$0.59B,9.18%,$6.44B,$0.28B,4.40%,$0.28B,$1.79B,17.85%,$0.28B,$0.13B,-286.58%,$0.28B,$6.14B,4.67%,$0.76B,$3.85B,20.89%,$2138,$1380,$758,$0,$341,$1763,$375,$-36,$339,$97,$242,$242,$158,$425,$375,$163,164,$0.97,$0.97,$339,$174,$132,$1500,$2755,$0,$1668,$214,$4637,$6137,$1284,$2058,$569,$3059,$4343,$868,$862,$-130,$1794,$6137,$426,$98,$-55,$42,$-291,$253,$-75,$88,$-25,$443,$-139,$0,$-275,$0,$0,$0,$-73,$-487,$33,$46,$79,$0,$0,$-42,$-39,$-2,$-53,$0,$-42
39,2008-12-31,12.43,$8.94,1.39,$40.91,0.3,$2.24,5.55,$1.53,8.11,$1.80B,$1.80B,1.0,$2.09B,$1.55B,1.35,$6.66B,$1.99B,29.84%,$6.66B,$0.69B,10.33%,$6.66B,$0.69B,10.33%,$6.66B,$0.88B,13.13%,$6.66B,$0.53B,8.00%,$6.66B,$0.25B,3.77%,$0.25B,$1.55B,16.47%,$0.25B,$-0.13B,-139.44%,$0.25B,$6.45B,4.14%,$0.69B,$3.64B,19.27%,$1779,$1171,$607,$0,$318,$1489,$289,$-37,$252,$68,$184,$184,$115,$337,$289,$162,164,$0.71,$0.70,$292,$345,$277,$1796,$2708,$0,$1680,$263,$4650,$6446,$1799,$2091,$559,$3102,$4901,$860,$725,$-122,$1545,$6446,$184,$48,$-87,$-39,$-340,$78,$74,$-17,$-205,$-60,$-72,$0,$-258,$0,$0,$0,$-46,$-377,$414,$0,$414,$2,$2,$-21,$-21,$374,$-70,$0,$-21
40,2008-09-30,13.02,$8.76,1.49,$40.89,0.32,$2.25,5.79,$1.33,9.81,$1.34B,$1.18B,1.13,$1.99B,$1.42B,1.4,$6.65B,$1.90B,28.64%,$6.65B,$0.59B,8.81%,$6.65B,$0.59B,8.81%,$6.65B,$0.77B,11.57%,$6.65B,$0.44B,6.62%,$6.65B,$0.22B,3.25%,$0.22B,$1.42B,14.51%,$0.22B,$-0.23B,-99.54%,$0.22B,$5.69B,3.62%,$0.59B,$3.41B,16.62%,$1189,$863,$326,$0,$275,$1144,$45,$-68,$-22,$-4,$-18,$-6,$-6,$92,$45,$161,163,$-0.05,$-0.04,$316,$401,$50,$1339,$2450,$0,$1645,$252,$4346,$5685,$1184,$1987,$440,$3083,$4267,$858,$631,$-15,$1418,$5685,$305,$184,$36,$220,$-22,$-42,$-6,$10,$-61,$464,$-232,$0,$-1,$0,$0,$0,$-56,$-290,$18,$-61,$-43,$21,$21,$-81,$-78,$-180,$-7,$12,$-81
41,2008-06-30,14.39,$9.16,1.57,$39.36,0.37,$2.28,6.31,$1.43,10.04,$1.44B,$1.12B,1.29,$2.06B,$1.58B,1.3,$6.40B,$1.88B,29.34%,$6.40B,$0.63B,9.80%,$6.40B,$0.63B,9.80%,$6.40B,$0.81B,12.60%,$6.40B,$0.49B,7.63%,$6.40B,$0.23B,3.64%,$0.23B,$1.58B,15.91%,$0.23B,$-0.16B,-94.05%,$0.23B,$5.97B,3.94%,$0.63B,$3.64B,17.84%,$1333,$949,$384,$0,$288,$1283,$50,$-28,$22,$11,$11,$16,$16,$97,$50,$161,163,$0.10,$0.09,$277,$318,$127,$1441,$2483,$71,$1743,$138,$4526,$5967,$1119,$2059,$412,$3266,$4385,$853,$658,$130,$1583,$5967,$222,$138,$127,$265,$-240,$46,$51,$8,$-134,$352,$-153,$0,$-2,$0,$0,$0,$15,$-140,$24,$-160,$-136,$43,$43,$-60,$-50,$-203,$20,$0,$-60
42,2008-03-31,12.41,$8.98,1.38,$37.83,0.33,$2.32,5.34,$1.41,8.78,$1.63B,$1.32B,1.24,$2.05B,$1.55B,1.32,$6.14B,$1.84B,30.00%,$6.14B,$0.62B,10.10%,$6.14B,$0.62B,10.10%,$6.14B,$0.79B,12.93%,$6.14B,$0.48B,7.87%,$6.14B,$0.23B,3.73%,$0.23B,$1.55B,16.42%,$0.23B,$-0.20B,-80.70%,$0.23B,$6.13B,4.00%,$0.62B,$3.60B,18.06%,$2362,$1691,$671,$0,$322,$2058,$304,$-23,$281,$79,$202,$126,$126,$349,$304,$161,162,$0.79,$0.78,$242,$229,$117,$1634,$2475,$71,$1750,$106,$4493,$6128,$1322,$2048,$410,$3254,$4576,$842,$663,$109,$1551,$6128,$206,$91,$133,$223,$-595,$136,$160,$34,$-266,$164,$-99,$0,$-1,$0,$0,$0,$14,$-85,$11,$-38,$-27,$5,$5,$-40,$-40,$-101,$-12,$0,$-40
43,2007-12-31,13.47,$8.12,1.66,$35.67,0.38,$2.67,5.04,$1.38,9.76,$1.70B,$1.48B,1.15,$2.05B,$1.40B,1.46,$5.78B,$1.80B,31.15%,$5.78B,$0.61B,10.52%,$5.78B,$0.61B,10.52%,$5.78B,$0.78B,13.48%,$5.78B,$0.47B,8.06%,$5.78B,$0.22B,3.86%,$0.22B,$1.40B,16.74%,$0.22B,$-0.28B,-72.64%,$0.22B,$6.07B,4.01%,$0.61B,$3.46B,18.13%,$1765,$1242,$523,$0,$291,$1578,$187,$-27,$159,$49,$111,$80,$80,$232,$187,$160,162,$0.50,$0.49,$232,$394,$134,$1698,$2419,$66,$1685,$110,$4371,$6068,$1478,$2053,$392,$3187,$4665,$834,$557,$77,$1403,$6068,$80,$45,$53,$98,$-511,$-33,$289,$-5,$-260,$-83,$-48,$0,$1,$0,$0,$0,$-9,$-56,$-1,$68,$67,$69,$69,$-20,$-20,$96,$-40,$0,$-20
44,2007-09-30,12.76,$8.26,1.54,$33.88,0.38,$3.15,4.04,$1.27,10.02,$1.17B,$1.06B,1.11,$2.04B,$1.32B,1.54,$5.48B,$1.75B,31.88%,$5.48B,$0.58B,10.63%,$5.48B,$0.58B,10.63%,$5.48B,$0.75B,13.71%,$5.48B,$0.44B,8.00%,$5.48B,$0.21B,3.74%,$0.21B,$1.32B,16.14%,$0.21B,$-0.35B,-58.74%,$0.21B,$5.50B,3.81%,$0.58B,$3.36B,17.77%,$935,$637,$298,$0,$247,$849,$86,$-60,$26,$4,$21,$11,$11,$129,$86,$160,162,$0.07,$0.05,$265,$360,$53,$1174,$2397,$64,$1672,$107,$4329,$5503,$1058,$2039,$380,$3123,$4181,$832,$498,$58,$1322,$5503,$204,$169,$145,$314,$-81,$-9,$30,$-3,$-62,$456,$-220,$0,$-6,$0,$0,$0,$2,$-224,$-11,$-28,$-38,$16,$16,$-77,$-80,$-179,$66,$9,$-77
45,2007-06-30,13.3,$7.53,1.77,$33.59,0.4,$2.30,5.79,$1.18,11.27,$1.04B,$0.81B,1.29,$2.01B,$1.30B,1.55,$5.42B,$1.73B,31.88%,$5.42B,$0.54B,9.87%,$5.42B,$0.54B,9.87%,$5.42B,$0.70B,12.93%,$5.42B,$0.39B,7.12%,$5.42B,$0.19B,3.51%,$0.19B,$1.30B,15.64%,$0.19B,$-0.30B,-49.74%,$0.19B,$5.22B,3.60%,$0.54B,$3.31B,16.71%,$1077,$727,$350,$0,$265,$1034,$43,$-26,$17,$8,$9,$12,$12,$85,$43,$160,162,$0.07,$0.07,$198,$250,$27,$1043,$2304,$61,$1605,$128,$4180,$5223,$806,$2013,$368,$3116,$3923,$825,$507,$34,$1301,$5223,$194,$126,$167,$292,$-137,$96,$-34,$-54,$-129,$357,$-152,$0,$-4,$-5,$0,$-5,$-6,$-168,$-5,$-109,$-114,$14,$14,$-57,$-52,$-210,$-15,$0,$-57
46,2007-03-31,12.94,$7.53,1.72,$32.68,0.4,$1.45,8.92,$1.23,10.55,$1.32B,$1.05B,1.26,$1.99B,$1.30B,1.53,$5.26B,$1.69B,32.04%,$5.26B,$0.52B,9.96%,$5.26B,$0.52B,9.96%,$5.26B,$0.68B,13.00%,$5.26B,$0.38B,7.18%,$5.26B,$0.20B,3.74%,$0.20B,$1.30B,16.76%,$0.20B,$-0.29B,-52.85%,$0.20B,$5.44B,3.84%,$0.52B,$3.29B,17.07%,$2002,$1373,$629,$0,$296,$1710,$292,$-28,$264,$76,$188,$120,$120,$334,$292,$159,162,$0.75,$0.75,$210,$203,$70,$1320,$2266,$61,$1592,$118,$4120,$5440,$1049,$1986,$367,$3091,$4139,$821,$515,$34,$1301,$5440,$182,$84,$150,$234,$-444,$140,$114,$-2,$-193,$223,$-101,$0,$23,$-5,$0,$-5,$8,$-74,$-6,$-71,$-77,$8,$8,$-37,$-34,$-140,$12,$0,$-37
47,2006-12-31,13.12,$6.70,1.96,$31.85,0.41,$0.61,21.61,$1.13,11.58,$1.27B,$1.21B,1.05,$1.99B,$1.16B,1.72,$5.11B,$1.61B,31.45%,$5.11B,$0.48B,9.34%,$5.11B,$0.48B,9.34%,$5.11B,$0.63B,12.36%,$5.11B,$0.33B,6.40%,$5.11B,$0.18B,3.54%,$0.18B,$1.16B,16.05%,$0.18B,$-0.45B,-49.52%,$0.18B,$5.38B,3.66%,$0.48B,$3.14B,16.25%,$1463,$994,$469,$0,$266,$1302,$161,$-30,$131,$38,$93,$62,$62,$203,$161,$159,161,$0.39,$0.39,$154,$341,$70,$1272,$2249,$61,$1608,$114,$4105,$5377,$1208,$1986,$360,$3011,$4219,$811,$413,$5,$1158,$5377,$62,$42,$49,$91,$-301,$1,$147,$0,$-153,$-0,$-52,$0,$-0,$0,$0,$0,$-15,$-67,$-1,$34,$33,$6,$6,$-19,$-17,$3,$-62,$0,$-19
