,Date,Stock Price,Book Value per Share,Price to Book Ratio,TTM Sales per Share,Price to Sales Ratio,TTM FCF per Share,Price to FCF Ratio,TTM Net EPS,PE Ratio,Current Assets,Current Liabilities,Current Ratio,Long Term Debt,Shareholder's Equity_x,Debt to Equity Ratio,TTM Revenue_x,TTM Gross Profit,Gross Margin,TTM Revenue_y,TTM Operating Income,Operating Margin,TTM Revenue_x,TTM EBIT,EBIT Margin,TTM Revenue_y,TTM EBITDA,EBITDA Margin,TTM Revenue_x,TTM Pre-Tax Income,Pre-Tax Margin,TTM Revenue_y,TTM Net Income_x,Net Margin,TTM Net Income_y,Shareholder's Equity_y,Return on Equity,TTM Net Income_x,Tangible Equity,Return on Tangible Equity,TTM Net Income_y,Total Assets,Return on Assets,TTM Net Income,LT Investments & Debt,Return on Investment,revenue,cost-goods-sold,gross-profit,research-development-expenses,selling-general-administrative-expenses,operating-expenses,operating-income,total-non-operating-income-expense,pre-tax-income,total-provision-income-taxes,income-after-taxes,income-from-continuous-operations,net-income,ebitda,ebit,basic-shares-outstanding,shares-outstanding,eps-basic-net-earnings-per-share,eps-earnings-per-share-diluted,cash-on-hand,inventory,other-current-assets,total-current-assets,net-property-plant-equipment,long-term-investments,goodwill-intangible-assets-total,other-long-term-assets,total-long-term-assets,total-assets,total-current-liabilities,long-term-debt,other-non-current-liabilities,total-long-term-liabilities,total-liabilities,common-stock-net,retained-earnings-accumulated-deficit,comprehensive-income,total-share-holder-equity,total-liabilities-share-holders-equity,net-income-loss,total-depreciation-amortization-cash-flow,other-non-cash-items,total-non-cash-items,change-in-accounts-receivable,change-in-inventories,change-in-accounts-payable,change-in-assets-liabilities,total-change-in-assets-liabilities,cash-flow-from-operating-activities,net-change-in-property-plant-equipment,net-change-in-intangible-assets,net-acquisitions-divestitures,net-change-in-short-term-investments,net-change-in-long-term-investments,net-change-in-investments-total,investing-activities-other,cash-flow-from-investing-activities,net-long-term-debt,net-current-debt,debt-issuance-retirement-net-total,net-common-equity-issued-repurchased,net-total-equity-issued-repurchased,total-common-preferred-stock-dividends-paid,financial-activities-other,cash-flow-from-financial-activities,net-cash-flow,stock-based-compensation,common-stock-dividends-paid
0,2018-09-30,356.65,$185.29,1.92,$190.12,1.88,$38.91,9.17,$42.44,8.4,$1.14B,$0.54B,2.12,$3.69B,$3.79B,0.97,$3.73B,$1.17B,31.29%,$3.73B,$0.76B,20.42%,$3.73B,$0.76B,20.42%,$3.73B,$1.36B,36.55%,$3.73B,$0.63B,16.83%,$3.73B,$0.83B,22.33%,$0.83B,$3.63B,23.85%,$0.83B,$3.63B,23.85%,$0.83B,$11.32B,7.64%,$0.76B,$7.32B,10.78%,$1105,$707,$398,$0,$0,$854,$251,$-35,$216,$52,$164,$164,$164,$403,$251,$20,20,$8.35,$8.35,$652,$93,$0,$1137,$7414,$2423,$0,$211,$10187,$11324,$535,$3687,$2702,$7155,$7691,$10,$3917,$-62,$3633,$11324,$291,$301,$81,$382,$-14,$-4,$0,$34,$29,$702,$-685,$0,$0,$2,$-176,$-174,$-9,$-867,$-18,$0,$-18,$0,$0,$-29,$107,$60,$-107,$0,$-29
1,2018-06-30,356.15,$178.30,2.0,$186.98,1.9,$47.76,7.46,$40.45,8.8,$1.14B,$0.52B,2.19,$3.59B,$3.65B,0.98,$3.66B,$1.15B,31.25%,$3.66B,$0.74B,20.20%,$3.66B,$0.74B,20.20%,$3.66B,$1.33B,36.41%,$3.66B,$0.61B,16.59%,$3.66B,$0.79B,21.64%,$0.79B,$3.50B,24.01%,$0.79B,$3.50B,24.01%,$0.79B,$11.00B,7.49%,$0.74B,$7.08B,10.87%,$1020,$674,$345,$0,$0,$815,$205,$-36,$169,$41,$128,$128,$128,$354,$205,$20,20,$6.53,$6.53,$650,$95,$0,$1137,$7104,$2347,$0,$279,$9865,$11001,$518,$3586,$2672,$6987,$7505,$10,$3763,$-46,$3496,$11001,$128,$150,$33,$183,$-15,$-7,$0,$-9,$59,$369,$-361,$0,$0,$6,$-96,$-90,$5,$-446,$-55,$0,$-55,$0,$0,$-10,$36,$-28,$-109,$0,$-10
2,2018-03-31,344.62,$173.84,1.98,$183.84,1.87,$49.39,6.98,$40.36,8.54,$1.21B,$0.51B,2.37,$3.51B,$3.56B,0.99,$3.60B,$1.17B,32.51%,$3.60B,$0.76B,21.21%,$3.60B,$0.76B,21.21%,$3.60B,$1.35B,37.42%,$3.60B,$0.64B,17.71%,$3.60B,$0.79B,21.96%,$0.79B,$3.41B,25.36%,$0.79B,$3.41B,25.36%,$0.79B,$10.75B,7.69%,$0.76B,$6.92B,11.62%,$758,$597,$161,$0,$0,$755,$2,$-32,$-30,$-41,$11,$11,$11,$154,$2,$20,20,$0.56,$0.56,$759,$90,$0,$1209,$6817,$2319,$0,$278,$9538,$10747,$511,$3513,$2622,$6828,$7339,$10,$3636,$-5,$3409,$10747,$791,$583,$-370,$214,$-15,$-12,$0,$-15,$-68,$936,$-663,$0,$0,$4,$-307,$-303,$69,$-897,$-154,$0,$-154,$0,$0,$-29,$200,$17,$62,$0,$-29
3,2017-12-31,376.83,$174.07,2.16,$181.38,2.08,$40.65,9.27,$40.29,9.35,$1.47B,$0.47B,3.13,$3.49B,$3.57B,0.98,$3.55B,$1.19B,33.58%,$3.55B,$0.81B,22.69%,$3.55B,$0.81B,22.69%,$3.55B,$1.37B,38.64%,$3.55B,$0.68B,19.20%,$3.55B,$0.79B,22.23%,$0.79B,$3.41B,27.04%,$0.79B,$3.41B,27.04%,$0.79B,$10.50B,7.94%,$0.81B,$6.91B,12.77%,$843,$581,$262,$0,$0,$540,$303,$-32,$272,$-257,$529,$529,$529,$451,$303,$20,20,$27.00,$27.00,$1023,$96,$0,$1472,$6488,$2276,$0,$137,$9025,$10497,$470,$3494,$2421,$6614,$7084,$10,$3643,$-10,$3413,$10497,$780,$432,$-367,$65,$-28,$-13,$0,$8,$-6,$839,$-376,$0,$0,$6,$-251,$-245,$43,$-578,$-97,$0,$-97,$0,$0,$-20,$171,$55,$325,$0,$-20
4,2017-09-30,373.35,$147.51,2.53,$178.71,2.09,$34.81,10.72,$16.62,22.46,$1.15B,$0.44B,2.6,$3.42B,$3.04B,1.12,$3.50B,$1.19B,34.09%,$3.50B,$0.64B,18.14%,$3.50B,$0.64B,18.14%,$3.50B,$1.18B,33.74%,$3.50B,$0.51B,14.66%,$3.50B,$0.33B,9.31%,$0.33B,$2.89B,11.92%,$0.33B,$2.89B,11.92%,$0.33B,$10.08B,3.38%,$0.64B,$6.31B,10.49%,$1043,$666,$377,$0,$0,$813,$230,$-32,$197,$73,$125,$125,$125,$375,$230,$20,20,$6.36,$6.36,$768,$101,$0,$1147,$6388,$2239,$0,$183,$8936,$10083,$441,$3422,$2383,$6749,$7190,$10,$3124,$-12,$2892,$10083,$251,$284,$68,$352,$-16,$-21,$0,$35,$80,$683,$-492,$0,$0,$4,$-150,$-146,$-13,$-652,$-79,$0,$-79,$0,$0,$-20,$128,$29,$71,$0,$-20
5,2017-06-30,363.54,$140.92,2.58,$176.47,2.06,$39.75,9.15,$19.27,18.87,$1.16B,$0.43B,2.69,$3.39B,$2.92B,1.16,$3.46B,$1.25B,36.11%,$3.46B,$0.71B,20.60%,$3.46B,$0.71B,20.60%,$3.46B,$1.24B,35.85%,$3.46B,$0.60B,17.22%,$3.46B,$0.38B,10.91%,$0.38B,$2.76B,14.15%,$0.38B,$2.76B,14.15%,$0.38B,$9.80B,4.02%,$0.71B,$6.15B,12.12%,$958,$587,$371,$0,$0,$729,$229,$-31,$199,$72,$126,$126,$126,$368,$229,$20,20,$6.44,$6.44,$804,$93,$0,$1164,$6189,$2139,$0,$180,$8637,$9801,$432,$3387,$2327,$6606,$7038,$10,$3019,$-35,$2763,$9801,$126,$139,$14,$153,$-9,$-12,$0,$57,$97,$376,$-336,$0,$0,$8,$-111,$-103,$29,$-409,$34,$0,$34,$0,$0,$0,$103,$137,$108,$0,$0
6,2017-03-31,378.57,$133.61,2.83,$174.70,2.17,$41.17,9.2,$20.34,18.61,$1.08B,$0.45B,2.4,$3.26B,$2.77B,1.18,$3.42B,$1.25B,36.57%,$3.42B,$0.74B,21.72%,$3.42B,$0.74B,21.72%,$3.42B,$1.25B,36.63%,$3.42B,$0.63B,18.39%,$3.42B,$0.40B,11.63%,$0.40B,$2.62B,15.43%,$0.40B,$2.62B,15.43%,$0.40B,$9.41B,4.39%,$0.74B,$5.88B,13.15%,$709,$526,$183,$0,$0,$666,$44,$-30,$14,$4,$10,$10,$10,$179,$44,$20,20,$0.49,$0.49,$698,$82,$0,$1083,$5977,$2032,$0,$184,$8323,$9406,$451,$3263,$2209,$6336,$6786,$10,$2893,$-51,$2620,$9406,$398,$512,$158,$670,$-3,$-4,$0,$2,$-10,$1058,$-956,$0,$0,$20,$-315,$-295,$69,$-1183,$162,$0,$162,$0,$0,$-59,$120,$224,$97,$0,$-59
7,2016-12-31,366.09,$135.69,2.7,$173.33,2.11,$40.12,9.12,$22.53,16.25,$1.32B,$0.44B,3.03,$3.20B,$2.81B,1.14,$3.40B,$1.28B,37.79%,$3.40B,$0.81B,23.74%,$3.40B,$0.81B,23.74%,$3.40B,$1.29B,38.03%,$3.40B,$0.70B,20.47%,$3.40B,$0.44B,12.99%,$0.44B,$2.66B,17.74%,$0.44B,$2.66B,17.74%,$0.44B,$9.29B,5.05%,$0.81B,$5.86B,14.92%,$790,$528,$262,$0,$0,$658,$132,$-29,$103,$37,$65,$65,$65,$259,$132,$20,20,$3.33,$3.33,$984,$80,$0,$1317,$5605,$2077,$0,$170,$7970,$9287,$435,$3198,$2178,$6192,$6627,$10,$2903,$-21,$2661,$9287,$389,$376,$94,$470,$-24,$-0,$0,$65,$72,$931,$-583,$0,$0,$1,$-271,$-270,$108,$-745,$148,$0,$148,$0,$0,$-39,$104,$213,$384,$0,$-39
8,2016-09-30,320.19,$133.36,2.4,$170.98,1.87,$35.89,8.92,$23.37,13.7,$1.27B,$0.44B,2.9,$2.99B,$2.77B,1.08,$3.35B,$1.28B,38.21%,$3.35B,$0.83B,24.84%,$3.35B,$0.83B,24.84%,$3.35B,$1.29B,38.54%,$3.35B,$0.72B,21.61%,$3.35B,$0.46B,13.67%,$0.46B,$2.62B,19.26%,$0.46B,$2.62B,19.26%,$0.46B,$9.01B,5.48%,$0.83B,$5.61B,16.31%,$999,$566,$432,$0,$0,$692,$307,$-28,$279,$103,$176,$176,$176,$433,$307,$20,20,$9.01,$9.01,$921,$82,$0,$1274,$5434,$2014,$0,$166,$7733,$9007,$439,$2992,$2141,$5953,$6392,$10,$2857,$-20,$2615,$9007,$324,$249,$94,$343,$-8,$-3,$0,$35,$87,$753,$-466,$0,$0,$-23,$-185,$-209,$108,$-566,$90,$0,$90,$0,$0,$-20,$74,$144,$321,$0,$-20
9,2016-06-30,369.88,$123.38,3.0,$169.12,2.19,$41.23,8.97,$23.72,15.59,$1.01B,$0.48B,2.11,$2.83B,$2.57B,1.1,$3.31B,$1.24B,37.45%,$3.31B,$0.84B,25.23%,$3.31B,$0.84B,25.23%,$3.31B,$1.27B,38.35%,$3.31B,$0.73B,22.09%,$3.31B,$0.47B,14.03%,$0.47B,$2.42B,20.58%,$0.47B,$2.42B,20.58%,$0.47B,$8.54B,5.81%,$0.84B,$5.25B,17.22%,$923,$549,$374,$0,$0,$664,$260,$-26,$233,$86,$147,$147,$147,$382,$260,$20,20,$7.51,$7.51,$646,$83,$0,$1013,$5306,$1937,$0,$161,$7531,$8544,$480,$2827,$2098,$5644,$6125,$10,$2681,$-40,$2419,$8544,$147,$123,$8,$131,$-14,$-4,$0,$44,$83,$361,$-293,$0,$0,$2,$-171,$-169,$94,$-368,$18,$0,$18,$0,$0,$-20,$59,$57,$46,$0,$-20
10,2016-03-31,351.88,$114.82,3.06,$167.14,2.11,$43.72,8.05,$24.95,14.1,$0.99B,$0.50B,1.97,$2.65B,$2.40B,1.1,$3.28B,$1.23B,37.58%,$3.28B,$0.87B,26.47%,$3.28B,$0.87B,26.47%,$3.28B,$1.28B,39.16%,$3.28B,$0.77B,23.44%,$3.28B,$0.49B,14.93%,$0.49B,$2.25B,22.56%,$0.49B,$2.25B,22.56%,$0.49B,$8.11B,6.40%,$0.87B,$4.90B,18.83%,$683,$468,$215,$0,$0,$576,$107,$-26,$80,$28,$53,$53,$53,$217,$107,$20,20,$2.68,$2.68,$601,$80,$0,$990,$5018,$1803,$0,$163,$7119,$8109,$503,$2647,$2032,$5355,$5858,$10,$2534,$-61,$2251,$8109,$489,$416,$54,$470,$15,$-9,$0,$43,$86,$1045,$-964,$0,$0,$12,$-331,$-319,$23,$-1260,$241,$0,$241,$0,$0,$-78,$226,$389,$159,$0,$-78
11,2015-12-31,383.58,$113.47,3.38,$165.10,2.32,$45.63,8.41,$22.74,16.87,$1.11B,$0.45B,2.49,$2.43B,$2.38B,1.02,$3.24B,$1.14B,35.35%,$3.24B,$0.80B,24.57%,$3.24B,$0.80B,24.57%,$3.24B,$1.20B,37.21%,$3.24B,$0.70B,21.63%,$3.24B,$0.45B,13.75%,$0.45B,$2.23B,21.44%,$0.45B,$2.23B,21.44%,$0.45B,$7.76B,6.07%,$0.80B,$4.65B,18.07%,$745,$486,$259,$0,$0,$587,$158,$-25,$132,$51,$82,$82,$82,$259,$158,$20,20,$4.17,$4.17,$675,$75,$0,$1112,$4551,$1787,$0,$184,$6651,$7763,$446,$2425,$1973,$5092,$5538,$10,$2501,$-59,$2225,$7763,$436,$305,$72,$377,$9,$-4,$0,$-1,$41,$854,$-588,$0,$0,$9,$-283,$-274,$34,$-828,$118,$0,$118,$0,$0,$-78,$185,$224,$233,$0,$-78
12,2015-09-30,387.49,$109.32,3.54,$163.15,2.37,$37.54,10.32,$21.97,17.64,$1.26B,$0.51B,2.48,$2.48B,$2.30B,1.08,$3.20B,$1.12B,35.13%,$3.20B,$0.77B,24.09%,$3.20B,$0.77B,24.09%,$3.20B,$1.17B,36.60%,$3.20B,$0.68B,21.11%,$3.20B,$0.43B,13.45%,$0.43B,$2.14B,21.55%,$0.43B,$2.14B,21.55%,$0.43B,$7.60B,6.04%,$0.77B,$4.63B,17.89%,$963,$570,$393,$0,$0,$652,$311,$-24,$287,$104,$183,$183,$183,$413,$311,$20,20,$9.36,$9.36,$962,$72,$0,$1262,$4345,$1691,$0,$177,$6339,$7601,$508,$2483,$1895,$4948,$5457,$10,$2419,$-56,$2144,$7601,$355,$205,$-45,$160,$14,$-2,$0,$136,$218,$733,$-341,$0,$0,$-5,$-168,$-173,$30,$-484,$196,$0,$196,$0,$0,$-20,$107,$284,$520,$0,$-20
13,2015-06-30,319.35,$104.50,3.06,$160.31,1.99,$24.16,13.22,$20.59,15.51,$0.82B,$0.47B,1.75,$2.19B,$2.20B,1.0,$3.14B,$1.10B,34.94%,$3.14B,$0.74B,23.41%,$3.14B,$0.74B,23.41%,$3.14B,$1.13B,35.86%,$3.14B,$0.64B,20.22%,$3.14B,$0.40B,12.83%,$0.40B,$2.05B,20.99%,$0.40B,$2.05B,20.99%,$0.40B,$7.09B,5.81%,$0.74B,$4.24B,17.49%,$885,$521,$364,$0,$0,$594,$291,$-22,$269,$98,$171,$171,$171,$394,$291,$20,20,$8.74,$8.74,$476,$70,$0,$822,$4265,$1657,$0,$231,$6268,$7091,$471,$2193,$1799,$4571,$5042,$10,$2294,$-23,$2049,$7091,$171,$102,$-23,$79,$-19,$-0,$0,$91,$125,$376,$-258,$0,$0,$15,$-17,$-2,$-69,$-329,$-29,$0,$-29,$0,$0,$0,$19,$-9,$34,$0,$0
14,2015-03-31,321.76,$96.10,3.35,$156.99,2.05,$21.99,14.63,$18.21,17.67,$0.83B,$0.50B,1.67,$2.19B,$2.04B,1.08,$3.07B,$1.04B,33.83%,$3.07B,$0.66B,21.57%,$3.07B,$0.66B,21.57%,$3.07B,$1.04B,33.80%,$3.07B,$0.56B,18.25%,$3.07B,$0.36B,11.58%,$0.36B,$1.88B,19.49%,$0.36B,$1.88B,19.49%,$0.36B,$6.87B,5.24%,$0.66B,$4.08B,16.14%,$643,$514,$128,$0,$0,$608,$35,$-23,$12,$3,$9,$9,$9,$138,$35,$20,20,$0.47,$0.47,$442,$69,$0,$827,$4108,$1574,$0,$248,$6045,$6872,$496,$2191,$1756,$4491,$4988,$10,$2143,$-34,$1884,$6872,$357,$376,$-12,$364,$10,$-2,$0,$-69,$38,$759,$-640,$0,$0,$-2,$-127,$-129,$14,$-755,$-57,$0,$-57,$0,$0,$-20,$31,$-46,$-53,$0,$-20
15,2014-12-31,275.98,$97.23,2.84,$154.94,1.78,$16.11,17.13,$19.74,13.98,$1.09B,$0.35B,3.08,$2.37B,$2.06B,1.15,$3.03B,$1.09B,35.97%,$3.03B,$0.71B,23.41%,$3.03B,$0.71B,23.41%,$3.03B,$1.07B,35.21%,$3.03B,$0.61B,20.05%,$3.03B,$0.39B,12.73%,$0.39B,$1.91B,22.22%,$0.39B,$1.91B,22.22%,$0.39B,$6.91B,5.87%,$0.71B,$4.27B,17.95%,$706,$468,$238,$0,$0,$573,$133,$-26,$107,$41,$67,$67,$67,$225,$133,$20,20,$3.40,$3.40,$729,$70,$0,$1091,$3861,$1541,$0,$298,$5816,$6907,$354,$2365,$1748,$4647,$5000,$10,$2153,$-27,$1906,$6907,$347,$273,$17,$290,$2,$-2,$0,$-94,$-115,$522,$-415,$0,$0,$18,$-142,$-125,$33,$-506,$178,$0,$178,$0,$0,$0,$46,$224,$234,$0,$0
16,2014-09-30,254.26,$93.95,2.71,$151.87,1.67,$14.95,17.01,$19.01,13.38,$1.15B,$0.39B,2.95,$2.38B,$1.99B,1.2,$2.97B,$1.06B,35.63%,$2.97B,$0.68B,22.98%,$2.97B,$0.68B,22.98%,$2.97B,$1.03B,34.52%,$2.97B,$0.58B,19.62%,$2.97B,$0.37B,12.48%,$0.37B,$1.84B,22.70%,$0.37B,$1.84B,22.70%,$0.37B,$6.87B,5.87%,$0.68B,$4.23B,18.32%,$906,$540,$367,$0,$0,$631,$276,$-29,$247,$91,$156,$156,$156,$369,$276,$20,20,$7.98,$7.98,$849,$69,$0,$1146,$3806,$1522,$0,$282,$5724,$6870,$388,$2382,$1752,$4640,$5028,$10,$2086,$-23,$1842,$6870,$281,$181,$-39,$142,$13,$-1,$0,$12,$56,$479,$-350,$0,$0,$0,$-87,$-87,$20,$-417,$258,$0,$258,$0,$0,$0,$38,$296,$354,$0,$0
17,2014-06-30,282.29,$85.40,3.31,$148.50,1.9,$18.65,15.13,$18.09,15.6,$1.01B,$0.45B,2.24,$2.19B,$1.83B,1.2,$2.91B,$1.03B,35.35%,$2.91B,$0.65B,22.27%,$2.91B,$0.65B,22.27%,$2.91B,$0.98B,33.60%,$2.91B,$0.55B,19.04%,$2.91B,$0.35B,12.15%,$0.35B,$1.67B,22.93%,$0.35B,$1.67B,22.93%,$0.35B,$6.53B,5.84%,$0.65B,$3.86B,18.59%,$819,$512,$307,$0,$0,$600,$219,$-24,$195,$71,$124,$124,$124,$307,$219,$20,20,$6.36,$6.36,$693,$69,$0,$1012,$3675,$1458,$0,$267,$5517,$6529,$451,$2185,$1726,$4403,$4854,$10,$1930,$-33,$1674,$6529,$124,$88,$-20,$68,$-1,$-1,$0,$8,$101,$294,$-219,$0,$0,$0,$-44,$-44,$7,$-256,$137,$0,$137,$0,$0,$0,$24,$161,$197,$0,$0
18,2014-03-31,225.36,$77.90,2.89,$144.98,1.55,$17.77,12.68,$17.51,12.87,$0.82B,$0.36B,2.28,$1.94B,$1.68B,1.16,$2.84B,$1.01B,35.66%,$2.84B,$0.63B,22.22%,$2.84B,$0.63B,22.22%,$2.84B,$0.94B,33.30%,$2.84B,$0.54B,18.94%,$2.84B,$0.34B,12.06%,$0.34B,$1.53B,23.47%,$0.34B,$1.53B,23.47%,$0.34B,$6.00B,5.89%,$0.63B,$3.47B,19.17%,$602,$423,$179,$0,$0,$520,$82,$-23,$59,$20,$39,$39,$39,$167,$82,$20,20,$2.00,$2.00,$495,$67,$0,$817,$3409,$1387,$0,$267,$5182,$5999,$358,$1942,$1707,$4114,$4472,$10,$1805,$-54,$1527,$5999,$342,$313,$30,$343,$63,$-11,$0,$-39,$48,$734,$-730,$0,$0,$-2,$-163,$-164,$48,$-847,$85,$0,$85,$0,$0,$-20,$79,$144,$31,$0,$-20
19,2013-12-31,229.95,$76.21,3.02,$143.13,1.61,$29.15,7.89,$17.44,13.19,$0.94B,$0.35B,2.67,$1.86B,$1.65B,1.13,$2.80B,$1.00B,35.75%,$2.80B,$0.62B,22.17%,$2.80B,$0.62B,22.17%,$2.80B,$0.93B,33.07%,$2.80B,$0.53B,18.84%,$2.80B,$0.34B,12.19%,$0.34B,$1.49B,24.66%,$0.34B,$1.49B,24.66%,$0.34B,$5.87B,6.05%,$0.62B,$3.36B,19.73%,$645,$440,$206,$0,$0,$539,$106,$-24,$82,$30,$52,$52,$52,$183,$106,$20,20,$2.67,$2.67,$602,$65,$0,$940,$3193,$1361,$0,$265,$4934,$5874,$352,$1863,$1699,$4028,$4380,$10,$1766,$-46,$1494,$5874,$303,$228,$19,$248,$33,$-9,$0,$-11,$10,$561,$-477,$0,$0,$8,$-81,$-73,$-3,$-553,$47,$0,$47,$0,$0,$0,$82,$130,$138,$0,$0
20,2013-09-30,178.02,$74.55,2.39,$139.98,1.27,$41.21,4.32,$16.66,10.69,$1.03B,$0.36B,2.85,$1.78B,$1.61B,1.1,$2.73B,$0.97B,35.44%,$2.73B,$0.60B,21.80%,$2.73B,$0.60B,21.80%,$2.73B,$0.89B,32.63%,$2.73B,$0.51B,18.47%,$2.73B,$0.33B,11.92%,$0.33B,$1.46B,24.95%,$0.33B,$1.46B,24.95%,$0.33B,$5.78B,5.96%,$0.60B,$3.24B,19.75%,$839,$504,$335,$0,$0,$599,$240,$-23,$217,$79,$138,$138,$138,$319,$240,$20,20,$7.06,$7.06,$680,$61,$0,$1033,$3033,$1327,$0,$273,$4743,$5776,$362,$1775,$1693,$3952,$4315,$10,$1734,$-44,$1462,$5776,$251,$151,$23,$175,$25,$-6,$0,$14,$58,$483,$-281,$0,$0,$8,$-90,$-82,$42,$-321,$-6,$0,$-6,$0,$0,$0,$59,$53,$216,$0,$0
21,2013-06-30,156.53,$68.66,2.28,$135.20,1.16,$50.92,3.07,$15.21,10.29,$0.94B,$0.37B,2.56,$1.74B,$1.50B,1.16,$2.64B,$0.92B,34.86%,$2.64B,$0.55B,20.84%,$2.64B,$0.55B,20.84%,$2.64B,$0.84B,31.64%,$2.64B,$0.46B,17.43%,$2.64B,$0.30B,11.25%,$0.30B,$1.35B,23.76%,$0.30B,$1.35B,23.76%,$0.30B,$5.58B,5.59%,$0.55B,$3.08B,18.92%,$749,$458,$291,$0,$0,$547,$202,$-23,$179,$66,$113,$113,$113,$275,$202,$20,20,$5.78,$5.78,$553,$58,$0,$939,$2938,$1348,$0,$256,$4640,$5579,$366,$1737,$1662,$3866,$4232,$10,$1596,$-20,$1346,$5579,$113,$73,$18,$91,$-23,$-2,$0,$42,$35,$239,$-182,$0,$0,$0,$-22,$-21,$10,$-194,$16,$0,$16,$0,$0,$0,$28,$44,$89,$0,$0
22,2013-03-31,167.78,$62.69,2.68,$131.12,1.28,$61.19,2.74,$13.56,12.37,$0.84B,$0.36B,2.34,$1.66B,$1.38B,1.2,$2.56B,$0.87B,34.09%,$2.56B,$0.50B,19.51%,$2.56B,$0.50B,19.51%,$2.56B,$0.78B,30.38%,$2.56B,$0.41B,15.95%,$2.56B,$0.27B,10.36%,$0.27B,$1.23B,22.22%,$0.27B,$1.23B,22.22%,$0.27B,$5.31B,5.17%,$0.50B,$2.89B,17.83%,$564,$396,$168,$0,$0,$492,$72,$-23,$49,$11,$38,$38,$38,$148,$72,$20,20,$1.93,$1.93,$464,$56,$0,$839,$2755,$1337,$0,$282,$4467,$5307,$358,$1662,$1633,$3719,$4077,$10,$1483,$-23,$1229,$5307,$265,$278,$-16,$262,$36,$1,$0,$88,$135,$662,$-436,$0,$0,$6,$-297,$-292,$15,$-712,$-14,$0,$-14,$0,$0,$-97,$269,$158,$107,$0,$-97
23,2012-12-31,122.6,$60.72,2.02,$129.56,0.95,$62.03,1.98,$12.92,9.49,$0.92B,$0.33B,2.83,$1.67B,$1.34B,1.24,$2.53B,$0.86B,33.95%,$2.53B,$0.49B,19.19%,$2.53B,$0.49B,19.19%,$2.53B,$0.75B,29.80%,$2.53B,$0.40B,15.63%,$2.53B,$0.25B,9.97%,$0.25B,$1.19B,22.02%,$0.25B,$1.19B,22.02%,$0.25B,$5.22B,5.08%,$0.49B,$2.86B,17.92%,$582,$407,$175,$0,$0,$501,$82,$-22,$60,$23,$37,$37,$37,$150,$82,$20,20,$1.89,$1.89,$586,$56,$0,$924,$2635,$1290,$0,$277,$4296,$5219,$326,$1667,$1609,$3703,$4029,$10,$1445,$-22,$1190,$5219,$227,$202,$4,$205,$72,$1,$0,$103,$144,$576,$-256,$0,$0,$-9,$-229,$-238,$4,$-490,$-1,$0,$-1,$0,$0,$-97,$241,$143,$229,$0,$-97
24,2012-09-30,98.4,$63.03,1.56,$132.22,0.74,$56.45,1.74,$11.07,8.89,$1.01B,$0.37B,2.71,$1.56B,$1.39B,1.12,$2.58B,$0.80B,31.03%,$2.58B,$0.43B,16.60%,$2.58B,$0.43B,16.60%,$2.58B,$0.69B,26.73%,$2.58B,$0.34B,13.07%,$2.58B,$0.22B,8.38%,$0.22B,$1.24B,19.69%,$0.22B,$1.24B,19.69%,$0.22B,$5.14B,4.49%,$0.43B,$2.79B,16.34%,$744,$458,$286,$0,$0,$550,$194,$-22,$172,$63,$109,$109,$109,$262,$194,$20,20,$5.61,$5.61,$646,$59,$0,$1010,$2572,$1198,$0,$277,$4126,$5137,$373,$1557,$1536,$3528,$3901,$10,$1505,$-36,$1236,$5137,$190,$134,$14,$148,$33,$-2,$0,$142,$202,$539,$-149,$0,$0,$4,$-126,$-122,$-39,$-310,$-93,$0,$-93,$0,$0,$0,$152,$60,$289,$0,$0
25,2012-06-30,83.24,$56.85,1.46,$130.20,0.64,$45.48,1.83,$10.66,7.81,$0.95B,$0.38B,2.48,$1.54B,$1.27B,1.22,$2.54B,$0.78B,30.82%,$2.54B,$0.42B,16.48%,$2.54B,$0.42B,16.48%,$2.54B,$0.67B,26.41%,$2.54B,$0.33B,12.85%,$2.54B,$0.21B,8.20%,$0.21B,$1.12B,20.01%,$0.21B,$1.12B,20.01%,$0.21B,$4.84B,4.49%,$0.42B,$2.66B,16.44%,$668,$425,$243,$0,$0,$517,$151,$-23,$127,$47,$81,$81,$81,$217,$151,$20,20,$4.13,$4.13,$566,$63,$0,$946,$2502,$1056,$0,$271,$3893,$4839,$382,$1541,$1389,$3342,$3724,$10,$1396,$-46,$1115,$4839,$81,$66,$-3,$64,$23,$-5,$0,$142,$209,$353,$-95,$0,$0,$-1,$-26,$-27,$-3,$-125,$-39,$0,$-39,$0,$0,$0,$20,$-19,$209,$0,$0
26,2012-03-31,97.62,$52.83,1.85,$129.01,0.76,$31.89,3.06,$10.09,9.67,$0.76B,$0.34B,2.25,$1.49B,$1.19B,1.25,$2.51B,$0.77B,30.65%,$2.51B,$0.42B,16.52%,$2.51B,$0.42B,16.52%,$2.51B,$0.66B,26.27%,$2.51B,$0.33B,12.94%,$2.51B,$0.20B,7.80%,$0.20B,$1.04B,19.78%,$0.20B,$1.04B,19.78%,$0.20B,$4.65B,4.39%,$0.42B,$2.52B,16.86%,$533,$379,$154,$0,$0,$474,$58,$-22,$36,$11,$25,$25,$25,$124,$58,$19,19,$1.29,$1.29,$357,$59,$0,$756,$2372,$1025,$0,$437,$3898,$4654,$335,$1486,$1394,$3283,$3618,$10,$1317,$-45,$1036,$4654,$205,$244,$56,$299,$-77,$-0,$0,$223,$165,$670,$-428,$0,$0,$9,$-93,$-84,$-70,$-582,$28,$0,$28,$0,$-144,$-22,$26,$-113,$-25,$0,$-19
27,2011-12-31,81.79,$51.06,1.6,$127.30,0.64,$33.62,2.43,$9.32,8.78,$0.90B,$0.34B,2.62,$1.51B,$1.15B,1.31,$2.48B,$0.75B,30.12%,$2.48B,$0.40B,16.03%,$2.48B,$0.40B,16.03%,$2.48B,$0.63B,25.56%,$2.48B,$0.31B,12.35%,$2.48B,$0.18B,7.31%,$0.18B,$1.00B,18.47%,$0.18B,$1.00B,18.47%,$0.18B,$4.63B,4.16%,$0.40B,$2.51B,16.34%,$633,$516,$117,$0,$0,$608,$25,$-23,$2,$1,$1,$1,$1,$86,$25,$19,19,$0.04,$0.04,$438,$57,$0,$902,$2281,$967,$0,$422,$3732,$4634,$344,$1508,$1390,$3289,$3633,$10,$1292,$-54,$1001,$4634,$180,$178,$74,$251,$-146,$0,$0,$204,$66,$498,$-287,$0,$0,$18,$-149,$-132,$41,$-378,$62,$0,$62,$0,$-144,$-3,$28,$-57,$63,$0,$0
28,2011-09-30,57.12,$51.32,1.11,$122.07,0.47,$37.02,1.54,$10.08,5.67,$0.78B,$0.33B,2.37,$1.48B,$1.16B,1.28,$2.37B,$0.77B,32.48%,$2.37B,$0.42B,17.82%,$2.37B,$0.42B,17.82%,$2.37B,$0.65B,27.51%,$2.37B,$0.33B,14.03%,$2.37B,$0.20B,8.26%,$0.20B,$1.01B,20.08%,$0.20B,$1.01B,20.08%,$0.20B,$4.40B,4.63%,$0.42B,$2.49B,17.60%,$703,$435,$268,$0,$0,$519,$184,$-23,$161,$60,$101,$101,$101,$243,$184,$19,19,$5.20,$5.20,$448,$58,$0,$783,$2239,$922,$0,$404,$3621,$4403,$331,$1479,$1205,$3066,$3397,$10,$1310,$-66,$1006,$4403,$179,$117,$67,$184,$-22,$2,$0,$29,$56,$419,$-243,$0,$0,$15,$-39,$-24,$-36,$-303,$76,$0,$76,$0,$-144,$-3,$27,$-44,$73,$0,$0
29,2011-06-30,87.94,$46.91,1.87,$118.74,0.74,$38.49,2.28,$9.10,9.66,$0.60B,$0.32B,1.86,$1.41B,$1.07B,1.32,$2.31B,$0.75B,32.28%,$2.31B,$0.40B,17.20%,$2.31B,$0.40B,17.20%,$2.31B,$0.62B,26.99%,$2.31B,$0.31B,13.34%,$2.31B,$0.18B,7.67%,$0.18B,$0.92B,18.42%,$0.18B,$0.92B,18.42%,$0.18B,$4.17B,4.30%,$0.40B,$2.33B,16.98%,$643,$412,$231,$0,$0,$495,$148,$-23,$126,$48,$78,$78,$69,$207,$148,$19,19,$3.56,$3.56,$244,$59,$0,$602,$2214,$871,$0,$434,$3573,$4174,$324,$1413,$1181,$2931,$3255,$10,$1209,$-51,$920,$4174,$78,$58,$21,$79,$-37,$-0,$0,$12,$-4,$153,$-161,$0,$0,$14,$-9,$5,$-18,$-174,$15,$0,$15,$0,$-144,$-3,$21,$-111,$-132,$0,$0
30,2011-03-31,88.72,$50.64,1.75,$115.88,0.77,$43.18,2.05,$8.80,10.08,$0.71B,$0.30B,2.35,$1.40B,$1.00B,1.4,$2.25B,$0.73B,32.34%,$2.25B,$0.38B,16.75%,$2.25B,$0.38B,16.75%,$2.25B,$0.60B,26.61%,$2.25B,$0.29B,12.84%,$2.25B,$0.17B,7.60%,$0.17B,$0.99B,18.05%,$0.17B,$0.99B,18.05%,$0.17B,$4.19B,4.23%,$0.38B,$2.39B,16.35%,$498,$369,$130,$0,$0,$458,$40,$-23,$17,$4,$13,$13,$10,$97,$40,$19,19,$0.52,$0.52,$375,$60,$0,$714,$2095,$862,$0,$469,$3478,$4191,$304,$1398,$1198,$2894,$3198,$10,$1140,$-46,$993,$4191,$184,$222,$56,$278,$-6,$-6,$0,$111,$111,$573,$-298,$0,$0,$56,$-107,$-50,$-25,$-374,$21,$0,$21,$0,$0,$-12,$-70,$-61,$138,$0,$0
31,2010-12-31,87.84,$50.25,1.75,$113.12,0.78,$43.71,2.01,$7.85,11.19,$0.75B,$0.31B,2.4,$1.42B,$0.99B,1.44,$2.20B,$0.70B,32.00%,$2.20B,$0.35B,15.79%,$2.20B,$0.35B,15.79%,$2.20B,$0.57B,25.85%,$2.20B,$0.26B,11.79%,$2.20B,$0.15B,6.96%,$0.15B,$0.99B,16.96%,$0.15B,$0.99B,16.96%,$0.15B,$4.16B,3.89%,$0.35B,$2.40B,15.44%,$530,$388,$142,$0,$0,$479,$51,$-22,$29,$10,$19,$19,$16,$106,$51,$19,19,$0.80,$0.80,$405,$60,$0,$746,$2022,$849,$0,$490,$3410,$4156,$311,$1418,$1163,$2859,$3170,$10,$1130,$-43,$985,$4156,$170,$165,$39,$204,$-35,$-8,$0,$117,$90,$464,$-188,$0,$0,$41,$-101,$-60,$9,$-239,$49,$0,$49,$0,$0,$-9,$-104,$-64,$161,$0,$0
32,2010-09-30,72.7,$48.24,1.51,$109.76,0.66,$41.37,1.76,$7.07,10.28,$0.64B,$0.33B,1.95,$1.28B,$0.95B,1.35,$2.13B,$0.69B,32.24%,$2.13B,$0.33B,15.25%,$2.13B,$0.33B,15.25%,$2.13B,$0.55B,25.76%,$2.13B,$0.24B,11.03%,$2.13B,$0.14B,6.43%,$0.14B,$0.95B,15.91%,$0.14B,$0.95B,15.91%,$0.14B,$3.94B,3.52%,$0.33B,$2.22B,14.53%,$637,$395,$242,$0,$0,$479,$158,$-22,$136,$51,$85,$85,$82,$213,$158,$19,19,$4.22,$4.22,$330,$56,$0,$640,$2019,$803,$0,$440,$3300,$3939,$329,$1279,$1120,$2665,$2993,$10,$1114,$-66,$946,$3939,$152,$110,$38,$149,$-6,$-3,$0,$7,$57,$358,$-153,$0,$0,$69,$-75,$-6,$-12,$-171,$-83,$0,$-83,$0,$0,$-6,$-12,$-101,$86,$0,$0
33,2010-06-30,50.35,$44.12,1.14,$106.59,0.47,$39.43,1.28,$4.99,10.09,$0.61B,$0.34B,1.81,$1.34B,$0.87B,1.55,$2.07B,$0.64B,30.95%,$2.07B,$0.26B,12.72%,$2.07B,$0.26B,12.72%,$2.07B,$0.49B,23.89%,$2.07B,$0.17B,8.27%,$2.07B,$0.10B,4.69%,$0.10B,$0.87B,11.75%,$0.10B,$0.87B,11.75%,$0.10B,$3.88B,2.50%,$0.26B,$2.20B,11.59%,$586,$372,$214,$0,$0,$458,$128,$-21,$107,$40,$67,$67,$63,$183,$128,$19,19,$3.26,$3.26,$288,$56,$0,$614,$1996,$786,$0,$444,$3265,$3880,$339,$1339,$1097,$2676,$3014,$10,$1032,$-67,$865,$3880,$67,$55,$16,$71,$-15,$-3,$0,$5,$36,$174,$-90,$0,$0,$33,$-39,$-6,$-3,$-99,$-21,$0,$-21,$0,$0,$-3,$-6,$-30,$44,$0,$0
34,2010-03-31,49.66,$41.46,1.2,$103.29,0.48,$35.56,1.4,$2.74,18.12,$0.55B,$0.30B,1.85,$1.35B,$0.81B,1.66,$2.00B,$0.59B,29.26%,$2.00B,$0.19B,9.69%,$2.00B,$0.19B,9.69%,$2.00B,$0.43B,21.47%,$2.00B,$0.10B,4.99%,$2.00B,$0.05B,2.70%,$0.05B,$0.81B,6.77%,$0.05B,$0.81B,6.77%,$0.05B,$3.76B,1.39%,$0.19B,$2.16B,8.47%,$444,$339,$105,$0,$0,$434,$10,$-23,$-13,$-8,$-5,$-5,$-8,$66,$10,$19,19,$-0.43,$-0.43,$244,$53,$0,$549,$1948,$777,$0,$449,$3214,$3762,$296,$1348,$1094,$2653,$2950,$10,$969,$-56,$813,$3762,$66,$237,$14,$251,$18,$18,$0,$53,$86,$403,$-118,$0,$0,$-3,$-1,$-4,$5,$-118,$-234,$0,$-234,$0,$0,$-13,$-37,$-284,$4,$0,$0
35,2009-12-31,45.48,$41.88,1.09,$101.87,0.45,$21.16,2.15,$1.18,38.54,$0.73B,$0.28B,2.6,$1.54B,$0.82B,1.87,$1.97B,$0.56B,28.37%,$1.97B,$0.15B,7.70%,$1.97B,$0.15B,7.70%,$1.97B,$0.40B,20.31%,$1.97B,$0.06B,2.89%,$1.97B,$0.02B,1.17%,$0.02B,$0.82B,2.97%,$0.02B,$0.82B,2.97%,$0.02B,$3.97B,0.59%,$0.15B,$2.36B,6.57%,$464,$337,$126,$0,$0,$435,$29,$-24,$5,$2,$4,$4,$0,$87,$29,$19,19,$0.02,$0.02,$412,$58,$0,$729,$1968,$767,$0,$469,$3241,$3970,$281,$1538,$1092,$2868,$3149,$10,$977,$-56,$821,$3970,$71,$181,$38,$218,$10,$13,$0,$-4,$24,$313,$-82,$0,$0,$10,$0,$10,$1,$-71,$-36,$0,$-36,$0,$0,$-10,$-27,$-72,$171,$0,$0
36,2009-09-30,41.95,$41.00,1.02,$100.83,0.42,$11.50,3.65,$-0.30,0.0,$0.71B,$0.31B,2.3,$1.55B,$0.80B,1.93,$1.95B,$0.53B,27.14%,$1.95B,$0.11B,5.58%,$1.95B,$0.11B,5.58%,$1.95B,$0.37B,18.74%,$1.95B,$0.01B,0.61%,$1.95B,$-0.00B,-0.26%,$-0.00B,$0.80B,-0.66%,$-0.00B,$0.80B,-0.66%,$-0.00B,$3.93B,-0.13%,$0.11B,$2.35B,4.73%,$574,$379,$195,$0,$0,$478,$96,$-24,$72,$27,$45,$45,$42,$158,$96,$19,19,$2.14,$2.14,$385,$62,$0,$709,$2025,$732,$0,$423,$3221,$3930,$309,$1549,$1083,$2817,$3126,$10,$977,$-73,$804,$3930,$67,$122,$39,$161,$12,$9,$0,$-1,$26,$254,$-87,$0,$0,$15,$9,$24,$4,$-60,$-22,$0,$-22,$1,$-6,$0,$-23,$-51,$144,$0,$0
37,2009-06-30,33.98,$38.31,0.89,$101.79,0.33,$8.17,4.16,$-0.34,0.0,$0.58B,$0.31B,1.9,$1.53B,$0.75B,2.04,$1.97B,$0.54B,27.31%,$1.97B,$0.11B,5.53%,$1.97B,$0.11B,5.53%,$1.97B,$0.37B,18.68%,$1.97B,$0.01B,0.56%,$1.97B,$-0.01B,-0.30%,$-0.01B,$0.75B,-0.79%,$-0.01B,$0.75B,-0.79%,$-0.01B,$3.84B,-0.15%,$0.11B,$2.29B,4.70%,$521,$361,$160,$0,$0,$461,$59,$-23,$36,$14,$22,$22,$20,$119,$59,$19,19,$1.01,$1.01,$227,$64,$0,$581,$2056,$726,$0,$431,$3259,$3839,$306,$1534,$1089,$2783,$3088,$10,$935,$-83,$751,$3839,$22,$60,$6,$66,$-12,$7,$0,$4,$6,$94,$-86,$0,$0,$10,$7,$17,$-0,$-70,$-25,$0,$-25,$0,$0,$-3,$-11,$-39,$-14,$0,$0
38,2009-03-31,30.67,$36.60,0.84,$102.97,0.3,$10.92,2.81,$0.02,1533.4,$0.58B,$0.33B,1.77,$1.55B,$0.72B,2.16,$1.99B,$0.55B,27.66%,$1.99B,$0.12B,6.12%,$1.99B,$0.12B,6.12%,$1.99B,$0.38B,19.23%,$1.99B,$0.02B,1.15%,$1.99B,$0.00B,0.05%,$0.00B,$0.72B,0.13%,$0.00B,$0.72B,0.13%,$0.00B,$3.83B,0.03%,$0.12B,$2.26B,5.26%,$415,$337,$79,$0,$0,$448,$-32,$-24,$-56,$-21,$-35,$-35,$-39,$37,$-32,$19,19,$-1.99,$-1.99,$241,$71,$0,$582,$2014,$747,$0,$438,$3243,$3825,$329,$1546,$1095,$2778,$3107,$10,$916,$-98,$718,$3825,$13,$261,$25,$286,$-11,$-6,$0,$-6,$-25,$274,$-269,$0,$0,$-22,$91,$69,$-21,$-221,$31,$0,$31,$0,$0,$-13,$-36,$-18,$34,$0,$0
39,2008-12-31,31.58,$38.43,0.82,$103.44,0.31,$6.76,4.67,$1.16,27.23,$0.65B,$0.33B,1.99,$1.56B,$0.75B,2.07,$2.01B,$0.56B,28.01%,$2.01B,$0.15B,7.36%,$2.01B,$0.15B,7.36%,$2.01B,$0.40B,19.95%,$2.01B,$0.05B,2.39%,$2.01B,$0.02B,1.14%,$0.02B,$0.75B,2.93%,$0.02B,$0.75B,2.93%,$0.02B,$3.90B,0.59%,$0.15B,$2.31B,6.38%,$443,$346,$96,$0,$0,$457,$-14,$-26,$-40,$-15,$-25,$-25,$-28,$52,$-14,$19,19,$-1.46,$-1.46,$312,$75,$0,$648,$2022,$738,$0,$440,$3249,$3896,$325,$1561,$1105,$2818,$3143,$10,$954,$-100,$754,$3896,$49,$192,$37,$229,$-6,$-10,$0,$2,$-25,$253,$-210,$0,$0,$-9,$67,$59,$-7,$-159,$49,$0,$49,$-1,$-1,$-10,$-26,$12,$105,$0,$0
40,2008-09-30,38.35,$42.40,0.9,$104.14,0.37,$4.25,9.02,$1.93,19.87,$0.70B,$0.28B,2.48,$1.58B,$0.83B,1.89,$2.03B,$0.57B,28.20%,$2.03B,$0.17B,8.37%,$2.03B,$0.17B,8.37%,$2.03B,$0.42B,20.52%,$2.03B,$0.07B,3.49%,$2.03B,$0.04B,1.82%,$0.04B,$0.83B,4.62%,$0.04B,$0.83B,4.62%,$0.04B,$3.98B,0.96%,$0.17B,$2.41B,7.39%,$591,$389,$203,$0,$0,$496,$96,$-25,$71,$27,$44,$44,$41,$160,$96,$19,19,$2.10,$2.10,$363,$77,$0,$696,$2034,$792,$0,$415,$3281,$3977,$281,$1575,$1108,$2865,$3146,$10,$983,$-50,$832,$3977,$74,$126,$51,$178,$6,$-12,$0,$11,$-6,$245,$-144,$0,$0,$-34,$59,$25,$-8,$-128,$61,$0,$61,$0,$-1,$-6,$-16,$38,$157,$0,$0
41,2008-06-30,43.61,$40.80,1.07,$103.79,0.42,$-0.16,0.0,$2.22,19.64,$0.58B,$0.30B,1.95,$1.49B,$0.80B,1.86,$2.04B,$0.57B,28.08%,$2.04B,$0.18B,8.98%,$2.04B,$0.18B,8.98%,$2.04B,$0.43B,20.96%,$2.04B,$0.08B,4.03%,$2.04B,$0.04B,2.11%,$0.04B,$0.80B,5.44%,$0.04B,$0.80B,5.44%,$0.04B,$3.88B,1.12%,$0.18B,$2.29B,8.03%,$543,$370,$173,$0,$0,$471,$72,$-24,$48,$18,$30,$30,$27,$134,$72,$19,19,$1.37,$1.37,$240,$71,$0,$584,$2019,$816,$0,$428,$3296,$3879,$299,$1493,$1124,$2779,$3079,$10,$942,$-40,$801,$3879,$30,$62,$18,$81,$-6,$-6,$0,$2,$11,$122,$-60,$0,$0,$-60,$71,$11,$-5,$-53,$-22,$0,$-22,$0,$0,$-3,$-11,$-36,$33,$0,$0
42,2008-03-31,52.22,$38.63,1.35,$103.53,0.5,$-6.54,0.0,$2.78,18.78,$0.53B,$0.29B,1.82,$1.51B,$0.76B,1.98,$2.05B,$0.57B,27.93%,$2.05B,$0.20B,9.91%,$2.05B,$0.20B,9.91%,$2.05B,$0.44B,21.68%,$2.05B,$0.10B,4.98%,$2.05B,$0.06B,2.69%,$0.06B,$0.76B,7.09%,$0.06B,$0.76B,7.09%,$0.06B,$3.83B,1.42%,$0.20B,$2.26B,8.81%,$433,$342,$91,$0,$0,$439,$-6,$-25,$-31,$-17,$-14,$-14,$-17,$55,$-6,$20,20,$-0.85,$-0.85,$207,$65,$0,$533,$2011,$819,$0,$433,$3300,$3832,$293,$1505,$1139,$2782,$3074,$10,$915,$-55,$758,$3832,$68,$241,$3,$244,$-17,$-2,$0,$29,$18,$329,$-406,$0,$0,$1,$47,$48,$-0,$-358,$321,$0,$321,$-56,$-56,$-13,$-92,$160,$131,$0,$0
43,2007-12-31,60.07,$40.52,1.48,$102.22,0.59,$-12.31,0.0,$2.74,21.92,$0.49B,$0.27B,1.81,$1.43B,$0.81B,1.76,$2.05B,$0.57B,27.73%,$2.05B,$0.20B,9.78%,$2.05B,$0.20B,9.78%,$2.05B,$0.44B,21.27%,$2.05B,$0.10B,5.04%,$2.05B,$0.05B,2.59%,$0.05B,$0.81B,6.92%,$0.05B,$0.81B,6.92%,$0.05B,$3.79B,1.40%,$0.20B,$2.24B,8.96%,$465,$360,$106,$0,$0,$457,$8,$-25,$-17,$-6,$-10,$-10,$-14,$68,$8,$20,20,$-0.69,$-0.69,$204,$62,$0,$487,$1982,$821,$0,$461,$3302,$3789,$269,$1427,$1126,$2707,$2976,$10,$933,$-41,$813,$3789,$82,$180,$9,$189,$5,$4,$0,$26,$32,$303,$-309,$0,$0,$21,$21,$42,$-1,$-267,$244,$0,$244,$-34,$-34,$-10,$-109,$92,$128,$0,$0
44,2007-09-30,58.04,$39.27,1.48,$100.95,0.57,$-15.05,0.0,$2.82,20.58,$0.51B,$0.27B,1.91,$1.53B,$0.79B,1.94,$2.05B,$0.56B,27.36%,$2.05B,$0.20B,9.77%,$2.05B,$0.20B,9.77%,$2.05B,$0.43B,20.86%,$2.05B,$0.11B,5.18%,$2.05B,$0.05B,2.64%,$0.05B,$0.79B,7.11%,$0.05B,$0.79B,7.11%,$0.05B,$3.88B,1.44%,$0.20B,$2.31B,9.11%,$596,$394,$202,$0,$0,$487,$109,$-27,$82,$31,$50,$50,$47,$170,$109,$20,20,$2.39,$2.39,$203,$63,$0,$506,$2068,$824,$0,$437,$3373,$3879,$265,$1526,$1147,$2826,$3091,$10,$942,$-33,$788,$3879,$92,$120,$21,$141,$-5,$4,$0,$28,$46,$280,$-263,$0,$0,$17,$16,$32,$2,$-229,$269,$0,$269,$-34,$-34,$-6,$-151,$77,$128,$0,$0
45,2007-06-30,69.06,$37.16,1.86,$99.72,0.69,$-18.70,0.0,$3.17,21.78,$0.47B,$0.27B,1.75,$1.66B,$0.75B,2.22,$2.06B,$0.57B,27.71%,$2.06B,$0.21B,10.21%,$2.06B,$0.21B,10.21%,$2.06B,$0.43B,20.76%,$2.06B,$0.12B,5.93%,$2.06B,$0.06B,3.11%,$0.06B,$0.75B,8.39%,$0.06B,$0.75B,8.39%,$0.06B,$3.95B,1.72%,$0.21B,$2.40B,9.84%,$554,$381,$173,$0,$0,$462,$92,$-24,$68,$27,$42,$42,$39,$151,$92,$20,20,$1.93,$1.93,$162,$65,$0,$467,$2035,$845,$0,$566,$3486,$3953,$267,$1657,$1154,$2941,$3208,$10,$895,$-27,$745,$3953,$42,$59,$-5,$54,$-6,$2,$0,$5,$11,$107,$-171,$0,$0,$8,$8,$16,$2,$-152,$400,$0,$400,$-34,$-34,$-3,$-232,$131,$86,$0,$0
46,2007-03-31,64.02,$34.95,1.83,$99.03,0.65,$-14.90,0.0,$3.74,17.12,$0.38B,$0.25B,1.52,$1.26B,$0.72B,1.75,$2.07B,$0.59B,28.50%,$2.07B,$0.23B,11.01%,$2.07B,$0.23B,11.01%,$2.07B,$0.43B,20.87%,$2.07B,$0.15B,7.05%,$2.07B,$0.08B,3.72%,$0.08B,$0.72B,10.06%,$0.08B,$0.72B,10.06%,$0.08B,$3.52B,2.14%,$0.23B,$1.97B,11.38%,$430,$344,$86,$0,$0,$439,$-9,$-21,$-30,$-14,$-16,$-16,$-19,$46,$-9,$21,21,$-0.91,$-0.91,$75,$67,$0,$381,$1897,$861,$0,$340,$3142,$3523,$251,$1256,$1168,$2554,$2805,$10,$849,$-42,$718,$3523,$91,$203,$26,$230,$48,$-5,$0,$-30,$31,$351,$-552,$0,$0,$28,$7,$35,$-1,$-518,$214,$0,$214,$-48,$-48,$-13,$-66,$88,$-80,$0,$0
47,2006-12-31,79.58,$37.05,2.15,$98.88,0.8,$-4.17,0.0,$4.56,17.45,$0.64B,$0.24B,2.63,$1.30B,$0.79B,1.65,$2.07B,$0.60B,28.98%,$2.07B,$0.22B,10.69%,$2.07B,$0.22B,10.69%,$2.07B,$0.41B,19.98%,$2.07B,$0.18B,8.61%,$2.07B,$0.10B,4.60%,$0.10B,$0.79B,12.50%,$0.10B,$0.79B,12.50%,$0.10B,$3.67B,2.67%,$0.22B,$2.09B,11.37%,$467,$368,$99,$0,$0,$458,$8,$-22,$-14,$-4,$-9,$-9,$-13,$60,$8,$21,21,$-0.61,$-0.61,$313,$70,$0,$639,$1786,$870,$0,$335,$3033,$3672,$243,$1299,$1208,$2641,$2884,$10,$870,$-41,$789,$3672,$106,$148,$23,$171,$19,$-3,$0,$18,$33,$311,$-374,$0,$0,$29,$-3,$26,$-3,$-352,$258,$0,$258,$0,$0,$-10,$-49,$199,$158,$0,$0
