,Date,Stock Price,Book Value per Share,Price to Book Ratio,TTM Sales per Share,Price to Sales Ratio,TTM FCF per Share,Price to FCF Ratio,TTM Net EPS,PE Ratio,Current Assets,Current Liabilities,Current Ratio,Long Term Debt,Shareholder's Equity_x,Debt to Equity Ratio,TTM Revenue_x,TTM Gross Profit,Gross Margin,TTM Revenue_y,TTM Operating Income,Operating Margin,TTM Revenue_x,TTM EBIT,EBIT Margin,TTM Revenue_y,TTM EBITDA,EBITDA Margin,TTM Revenue_x,TTM Pre-Tax Income,Pre-Tax Margin,TTM Revenue_y,TTM Net Income_x,Net Margin,TTM Net Income_y,Shareholder's Equity_y,Return on Equity,TTM Net Income_x,Tangible Equity,Return on Tangible Equity,TTM Net Income_y,Total Assets,Return on Assets,TTM Net Income,LT Investments & Debt,Return on Investment,revenue,cost-goods-sold,gross-profit,research-development-expenses,selling-general-administrative-expenses,operating-expenses,operating-income,total-non-operating-income-expense,pre-tax-income,total-provision-income-taxes,income-after-taxes,income-from-continuous-operations,net-income,ebitda,ebit,basic-shares-outstanding,shares-outstanding,eps-basic-net-earnings-per-share,eps-earnings-per-share-diluted,cash-on-hand,inventory,other-current-assets,total-current-assets,net-property-plant-equipment,long-term-investments,goodwill-intangible-assets-total,other-long-term-assets,total-long-term-assets,total-assets,total-current-liabilities,long-term-debt,other-non-current-liabilities,total-long-term-liabilities,total-liabilities,common-stock-net,retained-earnings-accumulated-deficit,comprehensive-income,total-share-holder-equity,total-liabilities-share-holders-equity,net-income-loss,total-depreciation-amortization-cash-flow,other-non-cash-items,total-non-cash-items,change-in-accounts-receivable,change-in-inventories,change-in-accounts-payable,change-in-assets-liabilities,total-change-in-assets-liabilities,cash-flow-from-operating-activities,net-change-in-property-plant-equipment,net-change-in-intangible-assets,net-acquisitions-divestitures,net-change-in-short-term-investments,net-change-in-long-term-investments,net-change-in-investments-total,investing-activities-other,cash-flow-from-investing-activities,net-long-term-debt,net-current-debt,debt-issuance-retirement-net-total,net-common-equity-issued-repurchased,net-total-equity-issued-repurchased,total-common-preferred-stock-dividends-paid,financial-activities-other,cash-flow-from-financial-activities,net-cash-flow,stock-based-compensation,common-stock-dividends-paid
0,2018-09-30,127.84,$59.22,2.16,$112.64,1.13,$15.59,8.2,$8.90,14.36,$1.94B,$1.78B,1.09,$3.68B,$5.44B,0.68,$10.66B,$9.51B,89.19%,$10.66B,$1.25B,11.76%,$10.66B,$1.25B,11.76%,$10.66B,$1.70B,15.96%,$10.66B,$1.13B,10.59%,$10.66B,$0.84B,7.89%,$0.84B,$5.44B,15.89%,$0.84B,$1.59B,57.70%,$0.84B,$11.27B,7.62%,$1.25B,$9.12B,13.93%,$2649,$285,$2364,$0,$1317,$2392,$257,$-28,$229,$54,$175,$175,$172,$369,$257,$93,93,$1.85,$1.84,$84,$144,$170,$1941,$4837,$0,$3853,$633,$9332,$11274,$1778,$3684,$319,$4056,$5834,$0,$0,$0,$5439,$11274,$634,$335,$-58,$277,$-74,$0,$0,$52,$41,$975,$-547,$0,$-95,$0,$-14,$-14,$0,$-655,$-18,$0,$-18,$-254,$-254,$-28,$-9,$-308,$10,$51,$-28
1,2018-06-30,111.44,$57.74,1.93,$110.74,1.01,$15.51,7.18,$8.53,13.06,$1.88B,$1.45B,1.3,$3.86B,$5.39B,0.72,$10.55B,$9.42B,89.25%,$10.55B,$1.25B,11.88%,$10.55B,$1.25B,11.88%,$10.55B,$1.70B,16.12%,$10.55B,$1.12B,10.61%,$10.55B,$0.81B,7.67%,$0.81B,$5.39B,15.68%,$0.81B,$1.58B,60.53%,$0.81B,$11.07B,7.45%,$1.25B,$9.25B,14.04%,$2681,$290,$2392,$0,$1306,$2357,$324,$-23,$302,$71,$231,$231,$226,$434,$324,$94,94,$2.40,$2.39,$77,$141,$106,$1881,$4753,$0,$3815,$610,$9189,$11069,$1448,$3864,$312,$4232,$5679,$0,$0,$0,$5390,$11069,$459,$223,$-49,$174,$-64,$0,$0,$-5,$-23,$629,$-370,$0,$-7,$0,$-14,$-14,$-24,$-416,$-52,$0,$-52,$-130,$-130,$-19,$-9,$-209,$3,$35,$-19
2,2018-03-31,118.31,$55.99,2.11,$109.22,1.08,$15.56,7.6,$8.05,14.7,$1.89B,$1.58B,1.19,$3.80B,$5.29B,0.72,$10.49B,$9.37B,89.32%,$10.49B,$1.26B,12.02%,$10.49B,$1.26B,12.02%,$10.49B,$1.71B,16.31%,$10.49B,$1.11B,10.61%,$10.49B,$0.77B,7.33%,$0.77B,$5.29B,15.27%,$0.77B,$1.44B,63.40%,$0.77B,$11.02B,7.16%,$1.26B,$9.08B,14.26%,$2688,$293,$2395,$0,$1300,$2354,$334,$-38,$296,$68,$229,$229,$224,$447,$334,$94,95,$2.37,$2.36,$73,$137,$105,$1885,$4701,$0,$3843,$583,$9139,$11024,$1580,$3795,$312,$4158,$5737,$0,$0,$0,$5286,$11024,$229,$113,$62,$175,$-73,$0,$0,$54,$-2,$364,$-198,$0,$-20,$0,$-9,$-9,$0,$-226,$-120,$0,$-120,$-7,$-7,$-9,$-4,$-141,$-1,$20,$-9
3,2017-12-31,113.15,$53.61,2.11,$107.67,1.05,$17.19,6.58,$7.81,14.49,$1.80B,$1.85B,0.97,$3.49B,$5.05B,0.69,$10.41B,$9.31B,89.39%,$10.41B,$1.28B,12.30%,$10.41B,$1.28B,12.30%,$10.41B,$1.73B,16.60%,$10.41B,$1.13B,10.89%,$10.41B,$0.75B,7.21%,$0.75B,$5.05B,15.28%,$0.75B,$1.23B,67.92%,$0.75B,$10.76B,7.08%,$1.28B,$8.55B,14.69%,$2643,$285,$2358,$0,$1255,$2304,$339,$-37,$302,$77,$225,$225,$219,$452,$339,$96,96,$2.32,$2.31,$74,$136,$87,$1798,$4572,$0,$3825,$554,$8964,$10762,$1848,$3494,$306,$3862,$5710,$0,$0,$0,$5051,$10762,$771,$448,$-29,$419,$-25,$0,$0,$-44,$35,$1183,$-558,$0,$-23,$0,$-15,$-15,$-29,$-624,$-102,$0,$-102,$-354,$-354,$-38,$-25,$-519,$41,$57,$-38
4,2017-09-30,110.64,$51.95,2.13,$105.40,1.05,$18.97,5.83,$7.28,15.2,$1.76B,$1.40B,1.26,$3.93B,$4.93B,0.8,$10.24B,$9.16B,89.42%,$10.24B,$1.26B,12.25%,$10.24B,$1.26B,12.25%,$10.24B,$1.70B,16.58%,$10.24B,$1.11B,10.87%,$10.24B,$0.71B,6.89%,$0.71B,$4.93B,14.70%,$0.71B,$1.11B,70.42%,$0.71B,$10.64B,6.73%,$1.26B,$8.86B,14.37%,$2542,$268,$2274,$0,$1252,$2285,$257,$-37,$220,$75,$145,$145,$141,$368,$257,$95,96,$1.48,$1.47,$65,$136,$102,$1755,$4516,$0,$3822,$535,$8884,$10639,$1397,$3927,$298,$4312,$5709,$0,$0,$0,$4930,$10639,$546,$334,$-35,$300,$10,$0,$0,$2,$88,$879,$-445,$0,$-20,$0,$-3,$-3,$0,$-468,$-100,$0,$-100,$-235,$-235,$-29,$-16,$-380,$32,$43,$-29
5,2017-06-30,121.64,$50.99,2.39,$103.43,1.18,$21.98,5.53,$7.35,16.55,$1.76B,$1.32B,1.33,$3.99B,$4.88B,0.82,$10.11B,$9.04B,89.38%,$10.11B,$1.28B,12.62%,$10.11B,$1.28B,12.62%,$10.11B,$1.71B,16.92%,$10.11B,$1.14B,11.26%,$10.11B,$0.72B,7.09%,$0.72B,$4.88B,15.30%,$0.72B,$1.07B,76.50%,$0.72B,$10.55B,7.00%,$1.28B,$8.87B,14.98%,$2612,$275,$2338,$0,$1236,$2282,$330,$-36,$294,$104,$190,$190,$185,$443,$330,$96,97,$1.93,$1.91,$66,$131,$109,$1763,$4442,$0,$3803,$531,$8789,$10552,$1322,$3989,$283,$4352,$5675,$0,$0,$0,$4878,$10552,$401,$224,$-14,$210,$1,$0,$0,$-113,$-53,$534,$-262,$0,$-20,$0,$-3,$-3,$-19,$-305,$-24,$0,$-24,$-143,$-143,$-19,$-11,$-197,$33,$29,$-19
6,2017-03-31,123.89,$49.66,2.5,$101.22,1.22,$25.17,4.92,$7.33,16.9,$1.73B,$1.52B,1.14,$3.77B,$4.80B,0.79,$9.93B,$8.88B,89.38%,$9.93B,$1.28B,12.88%,$9.93B,$1.28B,12.88%,$9.93B,$1.70B,17.15%,$9.93B,$1.15B,11.55%,$9.93B,$0.72B,7.22%,$0.72B,$4.80B,15.73%,$0.72B,$1.01B,82.96%,$0.72B,$10.45B,7.17%,$1.28B,$8.57B,15.47%,$2613,$278,$2335,$0,$1238,$2259,$354,$-36,$318,$108,$211,$211,$206,$465,$354,$97,97,$2.13,$2.12,$63,$126,$95,$1732,$4397,$0,$3788,$518,$8716,$10448,$1517,$3773,$273,$4130,$5647,$0,$0,$0,$4801,$10448,$211,$111,$92,$203,$-5,$0,$0,$59,$70,$483,$-154,$0,$-18,$0,$-3,$-3,$0,$-175,$-239,$0,$-239,$-27,$-27,$-10,$-4,$-279,$29,$15,$-10
7,2016-12-31,105.82,$47.58,2.22,$99.15,1.07,$25.30,4.18,$7.14,14.82,$1.68B,$1.32B,1.28,$4.03B,$4.60B,0.88,$9.77B,$8.74B,89.43%,$9.77B,$1.28B,13.12%,$9.77B,$1.28B,13.12%,$9.77B,$1.70B,17.39%,$9.77B,$1.16B,11.84%,$9.77B,$0.70B,7.19%,$0.70B,$4.60B,15.79%,$0.70B,$0.81B,87.78%,$0.70B,$10.32B,7.18%,$1.28B,$8.63B,16.19%,$2476,$264,$2212,$0,$1157,$2161,$314,$-33,$281,$103,$179,$179,$174,$422,$314,$97,98,$1.80,$1.78,$34,$125,$83,$1681,$4331,$0,$3784,$507,$8636,$10318,$1317,$4030,$275,$4403,$5720,$1,$4891,$-25,$4598,$10318,$747,$417,$33,$450,$-88,$0,$0,$49,$55,$1334,$-520,$0,$-614,$0,$-32,$-32,$-21,$-1187,$712,$0,$712,$-344,$-344,$-39,$-500,$-171,$-27,$48,$-39
8,2016-09-30,122.47,$46.04,2.66,$96.98,1.26,$23.87,5.13,$7.10,17.25,$1.59B,$1.28B,1.24,$3.54B,$4.46B,0.79,$9.61B,$8.59B,89.38%,$9.61B,$1.29B,13.42%,$9.61B,$1.29B,13.42%,$9.61B,$1.70B,17.71%,$9.61B,$1.17B,12.16%,$9.61B,$0.70B,7.30%,$0.70B,$4.46B,16.03%,$0.70B,$0.85B,90.48%,$0.70B,$9.67B,7.30%,$1.29B,$8.01B,16.80%,$2410,$258,$2152,$0,$1150,$2132,$278,$-32,$245,$88,$157,$157,$152,$381,$278,$97,98,$1.56,$1.54,$62,$122,$89,$1588,$4028,$0,$3615,$426,$8086,$9674,$1279,$3543,$296,$3931,$5211,$0,$0,$0,$4463,$9674,$568,$309,$25,$334,$-7,$0,$0,$114,$176,$1137,$-396,$0,$-136,$0,$0,$0,$0,$-532,$211,$0,$211,$-291,$-291,$-29,$-491,$-600,$1,$36,$-29
9,2016-06-30,133.18,$44.86,2.97,$94.49,1.41,$21.55,6.18,$7.04,18.92,$1.61B,$1.27B,1.27,$3.50B,$4.37B,0.8,$9.42B,$8.42B,89.34%,$9.42B,$1.29B,13.65%,$9.42B,$1.29B,13.65%,$9.42B,$1.70B,17.99%,$9.42B,$1.17B,12.43%,$9.42B,$0.70B,7.42%,$0.70B,$4.37B,16.24%,$0.70B,$0.78B,91.49%,$0.70B,$9.54B,7.37%,$1.29B,$7.87B,17.21%,$2431,$254,$2176,$0,$1131,$2098,$333,$-30,$303,$107,$195,$195,$185,$435,$333,$97,98,$1.91,$1.89,$56,$118,$85,$1607,$3902,$0,$3586,$430,$7934,$9541,$1268,$3499,$307,$3905,$5173,$0,$0,$0,$4368,$9541,$411,$205,$45,$250,$-46,$0,$0,$115,$123,$836,$-248,$0,$-28,$0,$0,$0,$0,$-275,$179,$0,$179,$-235,$-235,$-19,$-488,$-564,$-5,$25,$-19
10,2016-03-31,123.77,$44.84,2.76,$92.33,1.34,$19.15,6.46,$6.95,17.81,$1.64B,$1.69B,0.97,$2.79B,$4.35B,0.64,$9.27B,$8.28B,89.31%,$9.27B,$1.29B,13.90%,$9.27B,$1.29B,13.90%,$9.27B,$1.69B,18.27%,$9.27B,$1.18B,12.69%,$9.27B,$0.70B,7.51%,$0.70B,$4.35B,16.40%,$0.70B,$0.76B,90.42%,$0.70B,$9.57B,7.43%,$1.29B,$7.14B,17.70%,$2450,$255,$2195,$0,$1148,$2093,$356,$-30,$327,$111,$216,$216,$191,$460,$356,$98,99,$1.95,$1.93,$55,$117,$89,$1635,$3881,$0,$3595,$438,$7930,$9565,$1685,$2792,$296,$3528,$5214,$0,$0,$0,$4351,$9565,$216,$104,$98,$202,$-80,$0,$0,$93,$37,$475,$-127,$0,$-20,$0,$0,$0,$0,$-147,$-152,$0,$-152,$-169,$-169,$-10,$-3,$-334,$-7,$13,$-10
11,2015-12-31,118.48,$43.84,2.7,$89.67,1.32,$17.44,6.79,$6.75,17.55,$1.72B,$1.10B,1.56,$3.37B,$4.31B,0.78,$9.04B,$8.07B,89.23%,$9.04B,$1.26B,13.92%,$9.04B,$1.26B,13.92%,$9.04B,$1.66B,18.35%,$9.04B,$1.15B,12.67%,$9.04B,$0.68B,7.51%,$0.68B,$4.31B,16.37%,$0.68B,$0.71B,90.84%,$0.68B,$9.62B,7.34%,$1.26B,$7.68B,17.38%,$2315,$252,$2063,$0,$1079,$1993,$322,$-29,$293,$102,$191,$191,$173,$425,$322,$99,101,$1.77,$1.75,$61,$116,$103,$1718,$3836,$0,$3596,$448,$7897,$9615,$1100,$3369,$279,$4206,$5306,$1,$4567,$-23,$4309,$9615,$751,$399,$-30,$369,$-46,$0,$0,$-119,$-75,$1068,$-379,$0,$-530,$0,$-3,$-3,$0,$-913,$166,$0,$166,$-201,$-201,$-40,$-50,$-125,$29,$40,$-40
12,2015-09-30,123.65,$42.59,2.9,$88.32,1.4,$17.01,7.27,$6.72,18.4,$1.70B,$1.20B,1.42,$3.01B,$4.19B,0.72,$8.90B,$7.95B,89.27%,$8.90B,$1.26B,14.14%,$8.90B,$1.26B,14.14%,$8.90B,$1.65B,18.58%,$8.90B,$1.14B,12.85%,$8.90B,$0.68B,7.63%,$0.68B,$4.19B,16.90%,$0.68B,$0.81B,97.80%,$0.68B,$9.21B,7.47%,$1.26B,$7.20B,17.79%,$2228,$242,$1985,$0,$1057,$1952,$275,$-27,$248,$84,$164,$164,$150,$375,$275,$99,101,$1.52,$1.48,$40,$113,$81,$1697,$3776,$0,$3388,$311,$7510,$9207,$1196,$3010,$292,$3817,$5013,$0,$0,$0,$4194,$9207,$559,$296,$-39,$257,$-61,$0,$0,$-47,$-33,$796,$-270,$0,$-180,$0,$0,$0,$0,$-450,$-191,$0,$-191,$-124,$-124,$-30,$6,$-339,$7,$30,$-30
13,2015-06-30,140.68,$41.62,3.38,$86.48,1.63,$15.56,9.04,$6.06,23.21,$1.71B,$1.19B,1.43,$2.96B,$4.12B,0.72,$8.72B,$7.78B,89.27%,$8.72B,$1.16B,13.32%,$8.72B,$1.16B,13.32%,$8.72B,$1.55B,17.77%,$8.72B,$1.04B,11.93%,$8.72B,$0.61B,7.02%,$0.61B,$4.12B,15.76%,$0.61B,$0.81B,104.93%,$0.61B,$9.08B,6.78%,$1.16B,$7.08B,16.51%,$2275,$241,$2034,$0,$1044,$1940,$335,$-28,$308,$106,$201,$201,$182,$433,$335,$99,101,$1.84,$1.80,$42,$109,$72,$1709,$3686,$0,$3317,$330,$7370,$9079,$1194,$2962,$279,$3762,$4957,$0,$0,$0,$4122,$9079,$396,$196,$-10,$187,$-95,$0,$0,$-7,$-53,$532,$-171,$0,$-35,$0,$0,$0,$0,$-205,$-250,$0,$-250,$-64,$-64,$-20,$18,$-316,$10,$20,$-20
14,2015-03-31,116.44,$40.01,2.91,$84.40,1.38,$14.69,7.92,$5.77,20.18,$1.72B,$1.26B,1.37,$3.05B,$3.96B,0.77,$8.49B,$7.57B,89.19%,$8.49B,$1.12B,13.18%,$8.49B,$1.12B,13.18%,$8.49B,$1.50B,17.66%,$8.49B,$0.99B,11.66%,$8.49B,$0.58B,6.85%,$0.58B,$3.96B,15.51%,$0.58B,$0.67B,114.23%,$0.58B,$9.08B,6.55%,$1.12B,$7.02B,16.15%,$2225,$239,$1987,$0,$1032,$1898,$327,$-30,$297,$103,$194,$194,$174,$426,$327,$99,101,$1.76,$1.73,$35,$108,$81,$1717,$3691,$0,$3297,$340,$7367,$9084,$1255,$3052,$278,$3865,$5120,$0,$0,$0,$3964,$9084,$194,$99,$63,$162,$-97,$0,$0,$-30,$-103,$271,$-89,$0,$-35,$0,$0,$0,$0,$-124,$-138,$0,$-138,$-27,$-27,$-10,$31,$-144,$3,$11,$-10
15,2014-12-31,109.97,$38.40,2.86,$81.65,1.35,$13.91,7.91,$5.42,20.29,$1.62B,$1.18B,1.37,$3.21B,$3.79B,0.85,$8.21B,$7.31B,89.09%,$8.21B,$1.06B,12.96%,$8.21B,$1.06B,12.96%,$8.21B,$1.44B,17.53%,$8.21B,$0.93B,11.32%,$8.21B,$0.55B,6.65%,$0.55B,$3.79B,15.07%,$0.55B,$0.50B,124.02%,$0.55B,$8.97B,6.26%,$1.06B,$7.00B,15.60%,$2176,$233,$1943,$0,$995,$1854,$322,$-31,$291,$101,$190,$190,$173,$420,$322,$99,101,$1.75,$1.71,$32,$108,$78,$1615,$3680,$0,$3291,$348,$7359,$8974,$1183,$3210,$269,$4001,$5183,$1,$4015,$-25,$3791,$8974,$605,$376,$7,$383,$-106,$0,$0,$88,$46,$1036,$-391,$0,$-416,$0,$-12,$-12,$-13,$-833,$-49,$0,$-49,$-94,$-94,$-30,$-15,$-187,$15,$31,$-30
16,2014-09-30,103.19,$36.95,2.79,$78.97,1.31,$12.79,8.07,$4.95,20.85,$1.62B,$1.17B,1.39,$3.37B,$3.66B,0.92,$7.91B,$7.05B,89.02%,$7.91B,$0.98B,12.43%,$7.91B,$0.98B,12.43%,$7.91B,$1.35B,17.05%,$7.91B,$0.85B,10.68%,$7.91B,$0.50B,6.29%,$0.50B,$3.66B,14.23%,$0.50B,$0.36B,131.75%,$0.50B,$8.96B,5.82%,$0.98B,$7.03B,14.71%,$2039,$223,$1816,$0,$954,$1862,$177,$-32,$144,$48,$96,$96,$83,$270,$177,$99,101,$0.84,$0.82,$40,$104,$143,$1622,$3649,$0,$3296,$352,$7339,$8962,$1165,$3373,$281,$4139,$5304,$0,$0,$0,$3657,$8962,$415,$278,$-37,$240,$-98,$0,$0,$75,$42,$690,$-309,$0,$-387,$0,$0,$0,$-11,$-708,$127,$0,$127,$-58,$-58,$-20,$-8,$41,$22,$23,$-20
17,2014-06-30,94.47,$36.30,2.6,$77.03,1.23,$12.00,7.88,$5.28,17.89,$1.53B,$1.12B,1.37,$3.07B,$3.60B,0.85,$7.69B,$6.84B,88.91%,$7.69B,$1.03B,13.42%,$7.69B,$1.03B,13.42%,$7.69B,$1.39B,18.09%,$7.69B,$0.89B,11.62%,$7.69B,$0.53B,6.89%,$0.53B,$3.60B,15.70%,$0.53B,$0.51B,166.41%,$0.53B,$8.55B,6.30%,$1.03B,$6.67B,15.69%,$2052,$224,$1828,$0,$962,$1758,$293,$-35,$258,$92,$167,$167,$152,$384,$293,$99,100,$1.53,$1.51,$15,$104,$117,$1530,$3515,$0,$3089,$365,$7018,$8548,$1116,$3070,$276,$3833,$4949,$0,$0,$0,$3599,$8548,$318,$184,$-45,$140,$-62,$0,$0,$28,$5,$458,$-187,$0,$-60,$0,$0,$0,$-8,$-255,$-179,$0,$-179,$-32,$-32,$-10,$15,$-206,$-3,$15,$-10
18,2014-03-31,80.92,$34.87,2.32,$75.06,1.08,$11.45,7.07,$5.30,15.27,$1.54B,$1.11B,1.39,$3.11B,$3.44B,0.9,$7.47B,$6.64B,88.88%,$7.47B,$1.04B,13.96%,$7.47B,$1.04B,13.96%,$7.47B,$1.39B,18.64%,$7.47B,$0.90B,12.07%,$7.47B,$0.53B,7.09%,$0.53B,$3.44B,16.37%,$0.53B,$0.39B,276.76%,$0.53B,$8.43B,6.35%,$1.04B,$6.55B,15.95%,$1938,$216,$1723,$0,$935,$1667,$271,$-35,$236,$84,$152,$152,$138,$364,$271,$99,100,$1.40,$1.38,$16,$102,$98,$1543,$3468,$0,$3054,$313,$6888,$8431,$1110,$3109,$282,$3877,$4987,$0,$0,$0,$3444,$8431,$152,$93,$42,$135,$-96,$0,$0,$-25,$-88,$195,$-92,$0,$8,$0,$0,$0,$-7,$-91,$-97,$0,$-97,$-13,$-13,$-5,$10,$-105,$-1,$7,$-5
19,2013-12-31,80.07,$33.57,2.39,$74.29,1.08,$11.27,7.11,$5.13,15.61,$1.43B,$1.06B,1.35,$3.21B,$3.30B,0.97,$7.37B,$6.55B,88.86%,$7.37B,$1.02B,13.79%,$7.37B,$1.02B,13.79%,$7.37B,$1.35B,18.36%,$7.37B,$0.87B,11.81%,$7.37B,$0.51B,6.95%,$0.51B,$3.30B,16.53%,$0.51B,$0.25B,926.70%,$0.51B,$8.31B,6.15%,$1.02B,$6.51B,15.54%,$1885,$207,$1678,$0,$902,$1642,$243,$-36,$207,$74,$133,$133,$125,$331,$243,$98,99,$1.26,$1.25,$17,$102,$76,$1432,$3442,$0,$3049,$330,$6879,$8312,$1060,$3210,$285,$3952,$5011,$1,$3499,$-25,$3300,$8312,$554,$337,$-11,$326,$-50,$0,$0,$35,$-20,$884,$-358,$0,$25,$0,$0,$0,$-50,$-383,$-424,$0,$-424,$-21,$-21,$-20,$-41,$-507,$-6,$28,$-20
20,2013-09-30,73.85,$32.18,2.29,$73.38,1.01,$10.44,7.07,$5.28,13.99,$1.50B,$1.02B,1.47,$3.41B,$3.16B,1.08,$7.25B,$6.43B,88.70%,$7.25B,$1.05B,14.46%,$7.25B,$1.05B,14.46%,$7.25B,$1.38B,19.01%,$7.25B,$0.90B,12.36%,$7.25B,$0.52B,7.20%,$0.52B,$3.16B,17.61%,$0.52B,$0.12B,-693.69%,$0.52B,$8.35B,6.29%,$1.05B,$6.57B,16.04%,$1816,$207,$1609,$0,$903,$1591,$225,$-32,$193,$69,$123,$123,$115,$312,$225,$98,100,$1.17,$1.15,$12,$101,$91,$1503,$3425,$0,$3039,$322,$6848,$8352,$1024,$3412,$320,$4165,$5189,$0,$0,$0,$3162,$8352,$421,$249,$-33,$216,$-99,$0,$0,$24,$-67,$576,$-280,$0,$36,$0,$0,$0,$-42,$-286,$-233,$0,$-233,$-18,$-18,$-15,$-35,$-301,$-11,$20,$-15
21,2013-06-30,65.9,$31.00,2.13,$72.36,0.91,$10.06,6.55,$4.86,13.56,$1.48B,$1.05B,1.41,$3.47B,$3.04B,1.14,$7.11B,$6.31B,88.71%,$7.11B,$0.99B,13.95%,$7.11B,$0.99B,13.95%,$7.11B,$1.31B,18.48%,$7.11B,$0.83B,11.63%,$7.11B,$0.48B,6.74%,$0.48B,$3.04B,16.87%,$0.48B,$0.00B,-539.72%,$0.48B,$8.32B,5.87%,$0.99B,$6.52B,15.46%,$1835,$202,$1633,$0,$897,$1531,$304,$-38,$266,$98,$168,$168,$152,$386,$304,$98,99,$1.55,$1.53,$13,$100,$87,$1484,$3403,$0,$3041,$322,$6833,$8317,$1049,$3473,$311,$4224,$5273,$0,$0,$0,$3044,$8317,$298,$162,$-22,$139,$-82,$0,$0,$41,$-50,$391,$-176,$0,$33,$0,$0,$0,$-33,$-177,$-185,$0,$-185,$-19,$-19,$-10,$-12,$-225,$-11,$14,$-10
22,2013-03-31,62.81,$29.45,2.13,$71.49,0.88,$9.84,6.38,$4.43,14.18,$1.50B,$0.96B,1.56,$3.67B,$2.89B,1.27,$7.00B,$6.20B,88.59%,$7.00B,$0.92B,13.11%,$7.00B,$0.92B,13.11%,$7.00B,$1.23B,17.61%,$7.00B,$0.75B,10.64%,$7.00B,$0.44B,6.21%,$0.44B,$2.89B,15.95%,$0.44B,$-0.16B,-460.32%,$0.44B,$8.32B,5.43%,$0.92B,$6.56B,14.57%,$1832,$205,$1627,$0,$902,$1588,$244,$-40,$204,$74,$130,$130,$120,$324,$244,$98,99,$1.23,$1.21,$17,$99,$115,$1501,$3396,$0,$3041,$307,$6815,$8317,$964,$3669,$380,$4466,$5430,$0,$0,$0,$2887,$8317,$130,$80,$48,$127,$-82,$0,$0,$-33,$-81,$178,$-96,$0,$7,$0,$0,$0,$-16,$-106,$-60,$0,$-60,$-13,$-13,$-5,$-1,$-79,$-6,$7,$-5
23,2012-12-31,47.51,$28.34,1.68,$71.24,0.67,$9.36,5.08,$4.53,10.49,$1.41B,$0.89B,1.57,$3.73B,$2.77B,1.35,$6.96B,$6.16B,88.52%,$6.96B,$0.94B,13.55%,$6.96B,$0.94B,13.55%,$6.96B,$1.25B,17.99%,$6.96B,$0.76B,10.96%,$6.96B,$0.44B,6.38%,$0.44B,$2.77B,16.92%,$0.44B,$-0.27B,-474.87%,$0.44B,$8.20B,5.63%,$0.94B,$6.49B,15.27%,$1765,$205,$1560,$0,$876,$1490,$275,$-41,$233,$86,$148,$148,$135,$356,$275,$97,98,$1.39,$1.39,$23,$99,$113,$1407,$3382,$0,$3037,$298,$6793,$8201,$894,$3727,$395,$4541,$5435,$1,$2962,$-44,$2766,$8201,$489,$309,$-56,$253,$-71,$0,$0,$60,$51,$799,$-363,$0,$-379,$0,$0,$0,$-48,$-790,$64,$0,$64,$-14,$-14,$-58,$-19,$-27,$-18,$23,$-58
24,2012-09-30,44.49,$27.40,1.62,$69.68,0.64,$9.21,4.83,$4.12,10.8,$1.49B,$0.84B,1.78,$3.44B,$2.66B,1.29,$6.82B,$6.03B,88.39%,$6.82B,$0.88B,12.86%,$6.82B,$0.88B,12.86%,$6.82B,$1.18B,17.31%,$6.82B,$0.69B,10.16%,$6.82B,$0.41B,5.94%,$0.41B,$2.66B,16.07%,$0.41B,$0.07B,-422.98%,$0.41B,$7.78B,5.23%,$0.88B,$6.10B,14.49%,$1680,$192,$1489,$0,$838,$1512,$169,$-45,$124,$42,$81,$81,$72,$248,$169,$97,98,$0.74,$0.73,$26,$97,$200,$1488,$3316,$0,$2595,$295,$6293,$7781,$838,$3441,$409,$4279,$5118,$0,$0,$0,$2663,$7781,$341,$228,$-15,$213,$-87,$0,$0,$-17,$-25,$535,$-282,$0,$31,$0,$0,$0,$-35,$-286,$-222,$0,$-222,$-6,$-6,$-15,$-22,$-264,$-16,$16,$-15
25,2012-06-30,41.94,$26.73,1.57,$69.33,0.6,$10.34,4.06,$4.25,9.87,$1.46B,$0.88B,1.65,$3.46B,$2.59B,1.34,$6.81B,$6.01B,88.24%,$6.81B,$0.90B,13.28%,$6.81B,$0.90B,13.28%,$6.81B,$1.20B,17.69%,$6.81B,$0.72B,10.52%,$6.81B,$0.42B,6.14%,$0.42B,$2.59B,17.26%,$0.42B,$-0.02B,-211.91%,$0.42B,$7.76B,5.43%,$0.90B,$6.05B,15.03%,$1723,$198,$1525,$0,$855,$1493,$230,$-46,$184,$67,$117,$117,$108,$305,$230,$97,98,$1.11,$1.10,$33,$97,$184,$1456,$3297,$0,$2611,$289,$6302,$7759,$884,$3459,$394,$4285,$5169,$0,$0,$0,$2590,$7759,$260,$149,$-33,$116,$-64,$0,$0,$1,$-5,$373,$-182,$0,$42,$0,$0,$0,$-22,$-162,$-196,$0,$-196,$-0,$-0,$-10,$-14,$-219,$-8,$11,$-10
26,2012-03-31,40.67,$25.60,1.59,$68.97,0.59,$10.80,3.76,$4.19,9.71,$1.46B,$0.89B,1.64,$3.58B,$2.48B,1.45,$6.80B,$5.99B,88.17%,$6.80B,$0.91B,13.33%,$6.80B,$0.91B,13.33%,$6.80B,$1.21B,17.73%,$6.80B,$0.71B,10.51%,$6.80B,$0.41B,6.09%,$0.41B,$2.48B,17.75%,$0.41B,$-0.15B,-145.01%,$0.41B,$7.78B,5.41%,$0.91B,$6.06B,15.10%,$1793,$205,$1588,$0,$872,$1524,$269,$-47,$222,$80,$143,$143,$129,$343,$269,$97,98,$1.33,$1.31,$42,$97,$92,$1463,$3304,$0,$2630,$280,$6320,$7783,$892,$3582,$403,$4412,$5304,$0,$0,$0,$2479,$7783,$143,$74,$63,$136,$-147,$0,$0,$-41,$-150,$127,$-93,$0,$53,$0,$0,$0,$-8,$-47,$-71,$0,$-71,$-1,$-1,$-5,$-3,$-79,$1,$5,$-5
27,2011-12-31,37.67,$24.30,1.55,$68.41,0.55,$11.73,3.21,$4.03,9.35,$1.37B,$0.84B,1.63,$3.65B,$2.35B,1.56,$6.76B,$5.95B,88.08%,$6.76B,$0.90B,13.27%,$6.76B,$0.90B,13.27%,$6.76B,$1.19B,17.66%,$6.76B,$0.70B,10.30%,$6.76B,$0.40B,5.90%,$0.40B,$2.35B,17.76%,$0.40B,$-0.28B,-110.22%,$0.40B,$7.67B,5.24%,$0.90B,$6.00B,15.00%,$1626,$198,$1428,$0,$815,$1417,$209,$-46,$163,$55,$108,$108,$96,$285,$209,$97,99,$0.99,$0.99,$41,$97,$149,$1365,$3288,$0,$2628,$273,$6300,$7665,$837,$3651,$402,$4481,$5318,$1,$2494,$-51,$2347,$7665,$449,$296,$13,$309,$-135,$0,$0,$9,$-46,$711,$-286,$0,$38,$0,$0,$0,$-38,$-286,$-283,$0,$-283,$-56,$-56,$-19,$-55,$-413,$12,$18,$-19
28,2011-09-30,32.92,$23.50,1.4,$61.01,0.54,$10.09,3.26,$3.43,9.6,$1.37B,$0.83B,1.65,$3.69B,$2.27B,1.62,$6.03B,$5.24B,87.04%,$6.03B,$0.82B,13.59%,$6.03B,$0.82B,13.59%,$6.03B,$1.10B,18.27%,$6.03B,$0.62B,10.32%,$6.03B,$0.34B,5.64%,$0.34B,$2.27B,15.70%,$0.34B,$-0.34B,-78.43%,$0.34B,$7.61B,4.49%,$0.82B,$5.95B,13.73%,$1663,$199,$1464,$0,$829,$1467,$196,$-48,$147,$52,$95,$95,$85,$271,$196,$97,99,$0.87,$0.86,$39,$96,$189,$1372,$3251,$0,$2606,$261,$6234,$7606,$833,$3685,$428,$4504,$5337,$0,$0,$0,$2269,$7606,$341,$220,$71,$291,$-104,$0,$0,$-54,$-73,$563,$-195,$0,$15,$0,$0,$0,$-28,$-208,$-232,$0,$-232,$-41,$-41,$-15,$-58,$-345,$10,$13,$-15
29,2011-06-30,49.83,$22.84,2.18,$57.66,0.86,$8.77,5.68,$3.14,15.87,$1.37B,$0.79B,1.74,$3.75B,$2.23B,1.68,$5.69B,$4.92B,86.60%,$5.69B,$0.73B,12.81%,$5.69B,$0.73B,12.81%,$5.69B,$0.99B,17.41%,$5.69B,$0.57B,9.99%,$5.69B,$0.31B,5.47%,$0.31B,$2.23B,14.84%,$0.31B,$-0.37B,-882.27%,$0.31B,$7.57B,4.61%,$0.73B,$5.98B,14.20%,$1714,$202,$1512,$0,$837,$1482,$232,$-50,$182,$66,$116,$116,$104,$306,$232,$98,99,$1.06,$1.04,$35,$96,$203,$1368,$3218,$0,$2607,$252,$6198,$7566,$785,$3751,$403,$4548,$5333,$0,$0,$0,$2233,$7566,$246,$145,$31,$176,$-78,$0,$0,$-37,$-69,$356,$-116,$0,$2,$0,$0,$0,$-11,$-126,$-165,$0,$-165,$-4,$-4,$-10,$-47,$-225,$5,$9,$-10
30,2011-03-31,47.74,$21.90,2.18,$54.03,0.88,$7.44,6.42,$2.77,17.23,$1.40B,$0.84B,1.67,$3.85B,$2.14B,1.8,$5.31B,$4.57B,86.06%,$5.31B,$0.63B,11.79%,$5.31B,$0.63B,11.79%,$5.31B,$0.87B,16.35%,$5.31B,$0.50B,9.47%,$5.31B,$0.27B,5.14%,$0.27B,$2.14B,13.51%,$0.27B,$-0.46B,76.36%,$0.27B,$7.61B,4.67%,$0.63B,$5.99B,14.44%,$1757,$207,$1550,$0,$846,$1497,$260,$-56,$204,$74,$130,$130,$114,$332,$260,$97,99,$1.17,$1.15,$52,$95,$195,$1401,$3240,$0,$2596,$250,$6212,$7613,$837,$3851,$377,$4637,$5474,$0,$0,$0,$2139,$7613,$130,$72,$58,$130,$-104,$0,$0,$-20,$-88,$183,$-57,$0,$1,$0,$0,$0,$-8,$-64,$-63,$0,$-63,$-2,$-2,$-5,$-27,$-97,$23,$4,$-5
31,2010-12-31,41.9,$20.77,2.02,$50.08,0.84,$6.95,6.03,$2.35,17.83,$1.33B,$0.83B,1.61,$3.91B,$2.02B,1.93,$4.90B,$4.18B,85.36%,$4.90B,$0.51B,10.35%,$4.90B,$0.51B,10.35%,$4.90B,$0.73B,14.90%,$4.90B,$0.43B,8.72%,$4.90B,$0.23B,4.72%,$0.23B,$2.02B,11.54%,$0.23B,$-0.57B,28.70%,$0.23B,$7.53B,4.67%,$0.51B,$5.94B,14.17%,$891,$173,$718,$0,$648,$761,$131,$-41,$89,$38,$51,$51,$37,$192,$131,$97,98,$0.38,$0.37,$29,$94,$249,$1331,$3253,$0,$2590,$245,$6197,$7528,$826,$3912,$381,$4678,$5504,$1,$2126,$-20,$2024,$7528,$276,$224,$-35,$189,$23,$0,$0,$-15,$36,$501,$-239,$0,$-1937,$0,$0,$0,$-18,$-2194,$1874,$0,$1874,$-8,$-8,$-19,$-134,$1713,$20,$17,$-19
32,2010-09-30,37.46,$20.44,1.83,$54.12,0.69,$5.91,6.33,$2.59,14.46,$1.08B,$1.01B,1.07,$0.62B,$1.99B,0.31,$5.30B,$4.58B,86.39%,$5.30B,$0.50B,9.34%,$5.30B,$0.50B,9.34%,$5.30B,$0.71B,13.36%,$5.30B,$0.45B,8.42%,$5.30B,$0.25B,4.79%,$0.25B,$1.99B,13.06%,$0.25B,$1.26B,20.97%,$0.25B,$4.27B,6.26%,$0.50B,$2.60B,17.80%,$1323,$180,$1143,$0,$573,$1219,$105,$-11,$93,$27,$66,$66,$56,$160,$105,$97,98,$0.57,$0.57,$267,$85,$52,$1079,$2317,$0,$732,$125,$3189,$4268,$1013,$615,$353,$1266,$2280,$1,$2086,$-21,$1988,$4268,$225,$163,$-29,$134,$-7,$0,$0,$24,$59,$413,$-178,$0,$21,$0,$0,$0,$-270,$-426,$55,$0,$55,$1,$1,$-15,$-28,$14,$0,$13,$-15
33,2010-06-30,36.71,$19.86,1.85,$53.76,0.68,$5.60,6.56,$2.54,14.48,$0.82B,$0.56B,1.47,$0.88B,$1.93B,0.46,$5.27B,$4.56B,86.47%,$5.27B,$0.49B,9.33%,$5.27B,$0.49B,9.33%,$5.27B,$0.70B,13.30%,$5.27B,$0.44B,8.42%,$5.27B,$0.25B,4.72%,$0.25B,$1.93B,12.84%,$0.25B,$1.20B,20.64%,$0.25B,$3.99B,6.28%,$0.49B,$2.81B,17.36%,$1338,$180,$1158,$0,$564,$1209,$130,$-12,$117,$41,$76,$76,$66,$184,$130,$97,98,$0.68,$0.67,$12,$85,$55,$822,$2308,$0,$733,$118,$3168,$3990,$558,$881,$346,$1502,$2060,$1,$2026,$-21,$1930,$3990,$159,$108,$-17,$90,$-17,$0,$0,$-14,$-17,$228,$-122,$0,$5,$0,$0,$0,$-8,$-125,$-78,$0,$-78,$0,$0,$-10,$-12,$-100,$3,$8,$-10
34,2010-03-31,33.73,$21.28,1.59,$53.40,0.63,$5.72,5.9,$2.69,12.56,$0.84B,$0.61B,1.37,$0.89B,$2.07B,0.43,$5.24B,$4.53B,86.44%,$5.24B,$0.53B,10.02%,$5.24B,$0.53B,10.02%,$5.24B,$0.73B,13.96%,$5.24B,$0.48B,9.13%,$5.24B,$0.26B,5.04%,$0.26B,$2.07B,13.62%,$0.26B,$1.33B,21.90%,$0.26B,$4.00B,6.73%,$0.53B,$2.96B,18.47%,$1347,$184,$1163,$0,$579,$1207,$141,$-12,$128,$45,$83,$83,$72,$194,$141,$97,97,$0.74,$0.73,$7,$84,$58,$838,$2303,$0,$734,$115,$3161,$3999,$610,$892,$368,$1322,$1933,$1,$1955,$-21,$2067,$3999,$83,$54,$29,$83,$-46,$0,$0,$-3,$-22,$139,$-63,$0,$3,$0,$0,$0,$-4,$-63,$-68,$0,$-68,$-1,$-1,$-5,$-5,$-78,$-2,$4,$-5
35,2009-12-31,29.27,$18.49,1.58,$52.91,0.55,$5.68,5.15,$2.64,11.09,$0.80B,$0.58B,1.37,$0.96B,$1.79B,0.53,$5.20B,$4.50B,86.54%,$5.20B,$0.52B,10.02%,$5.20B,$0.52B,10.02%,$5.20B,$0.73B,13.94%,$5.20B,$0.47B,9.11%,$5.20B,$0.26B,5.00%,$0.26B,$1.79B,13.82%,$0.26B,$1.06B,22.64%,$0.26B,$3.96B,6.69%,$0.52B,$2.75B,18.63%,$1291,$177,$1114,$0,$563,$1172,$119,$-11,$108,$39,$69,$69,$60,$170,$119,$98,98,$0.63,$0.62,$9,$84,$49,$796,$2315,$0,$733,$112,$3168,$3964,$583,$956,$376,$1589,$2172,$1,$1880,$-21,$1792,$3964,$304,$205,$-29,$176,$-1,$0,$0,$17,$61,$541,$-380,$0,$-3,$0,$0,$0,$-8,$-390,$-40,$0,$-40,$-60,$-60,$-17,$-30,$-147,$4,$13,$-17
36,2009-09-30,29.66,$20.00,1.48,$51.97,0.57,$5.41,5.48,$2.49,11.94,$0.80B,$0.63B,1.26,$0.85B,$1.97B,0.43,$5.15B,$4.46B,86.54%,$5.15B,$0.49B,9.52%,$5.15B,$0.49B,9.52%,$5.15B,$0.69B,13.48%,$5.15B,$0.44B,8.57%,$5.15B,$0.21B,4.12%,$0.21B,$1.97B,11.30%,$0.21B,$1.24B,18.55%,$0.21B,$3.90B,5.54%,$0.49B,$2.82B,17.50%,$1295,$172,$1123,$0,$558,$1193,$102,$-11,$91,$32,$59,$59,$51,$153,$102,$98,99,$0.52,$0.52,$14,$81,$57,$795,$2258,$0,$733,$106,$3107,$3902,$632,$852,$397,$1301,$1933,$0,$0,$0,$1968,$3902,$235,$153,$-23,$131,$21,$0,$0,$58,$121,$484,$-279,$0,$-8,$0,$0,$0,$0,$-287,$-144,$0,$-144,$-14,$-14,$-12,$-20,$-189,$8,$10,$-12
37,2009-06-30,23.37,$19.64,1.19,$51.10,0.46,$5.05,4.62,$2.34,10.01,$0.79B,$0.59B,1.34,$0.91B,$1.93B,0.47,$5.10B,$4.41B,86.44%,$5.10B,$0.47B,9.22%,$5.10B,$0.47B,9.22%,$5.10B,$0.67B,13.20%,$5.10B,$0.42B,8.22%,$5.10B,$0.21B,4.06%,$0.21B,$1.93B,11.66%,$0.21B,$1.19B,19.94%,$0.21B,$3.84B,5.48%,$0.47B,$2.84B,17.28%,$1304,$176,$1127,$0,$542,$1141,$163,$-12,$151,$57,$94,$94,$81,$214,$163,$98,98,$0.82,$0.82,$11,$79,$53,$787,$2204,$0,$734,$102,$3050,$3837,$586,$913,$390,$1323,$1909,$0,$0,$0,$1928,$3837,$176,$102,$-15,$87,$4,$0,$0,$23,$41,$301,$-183,$0,$-9,$0,$0,$0,$0,$-192,$-77,$0,$-77,$-14,$-14,$-8,$-4,$-103,$5,$7,$-8
38,2009-03-31,18.31,$18.71,0.98,$50.26,0.36,$4.27,4.29,$2.05,8.93,$0.83B,$0.64B,1.29,$0.94B,$1.84B,0.51,$5.06B,$4.37B,86.37%,$5.06B,$0.42B,8.35%,$5.06B,$0.42B,8.35%,$5.06B,$0.62B,12.30%,$5.06B,$0.37B,7.32%,$5.06B,$0.19B,3.80%,$0.19B,$1.84B,11.43%,$0.19B,$1.10B,20.46%,$0.19B,$3.84B,5.12%,$0.42B,$2.78B,15.87%,$1312,$174,$1138,$0,$541,$1176,$137,$-13,$124,$42,$82,$82,$68,$188,$137,$98,98,$0.68,$0.68,$9,$77,$54,$833,$2145,$0,$734,$112,$3003,$3835,$644,$939,$403,$1353,$1998,$0,$0,$0,$1838,$3835,$82,$51,$16,$67,$-45,$0,$0,$22,$8,$152,$-78,$0,$0,$0,$0,$0,$0,$-78,$-52,$0,$-52,$-14,$-14,$-4,$-0,$-70,$4,$3,$-4
39,2008-12-31,17.91,$35.81,0.5,$49.38,0.36,$4.01,4.47,$1.97,9.11,$0.79B,$0.56B,1.41,$0.99B,$1.77B,0.56,$5.02B,$4.33B,86.18%,$5.02B,$0.41B,8.14%,$5.02B,$0.41B,8.14%,$5.02B,$0.61B,12.07%,$5.02B,$0.36B,7.11%,$5.02B,$0.20B,3.96%,$0.20B,$1.77B,12.50%,$0.20B,$1.04B,23.50%,$0.20B,$3.74B,5.36%,$0.41B,$2.76B,15.75%,$1237,$170,$1067,$0,$533,$1149,$88,$-13,$75,$28,$47,$81,$12,$139,$88,$101,101,$0.46,$0.47,$5,$76,$48,$789,$2100,$0,$733,$109,$2953,$3742,$561,$991,$408,$1411,$1972,$0,$1667,$-32,$1771,$3742,$240,$196,$-44,$151,$22,$0,$0,$4,$100,$494,$-355,$0,$59,$0,$-1,$-1,$2,$-296,$-15,$0,$-15,$-147,$-147,$-16,$-31,$-209,$-11,$14,$-16
40,2008-09-30,26.64,$15.46,1.72,$47.87,0.56,$3.02,8.82,$1.88,14.21,$0.78B,$0.57B,1.37,$0.94B,$0.00B,0.0,$4.93B,$4.24B,86.08%,$4.93B,$0.41B,8.32%,$4.93B,$0.41B,8.32%,$4.93B,$0.60B,12.26%,$4.93B,$0.39B,7.91%,$4.93B,$0.23B,4.61%,$0.23B,$1.57B,14.85%,$0.23B,$0.82B,29.14%,$0.23B,$3.70B,6.17%,$0.41B,$2.50B,16.15%,$1244,$171,$1074,$0,$531,$1162,$82,$-13,$69,$23,$47,$37,$46,$132,$82,$101,101,$0.37,$0.37,$8,$73,$36,$778,$2015,$0,$750,$146,$2921,$3698,$566,$935,$362,$1566,$2132,$0,$0,$0,$1566,$3698,$153,$145,$-7,$137,$-8,$0,$0,$51,$112,$415,$-240,$0,$17,$0,$-1,$-1,$2,$-223,$-69,$0,$-69,$-103,$-103,$-12,$-17,$-201,$-9,$0,$-12
41,2008-06-30,30.02,$15.18,1.98,$46.44,0.65,$1.85,16.25,$1.78,16.87,$0.84B,$0.51B,1.66,$1.05B,$0.00B,0.0,$4.85B,$4.17B,86.04%,$4.85B,$0.40B,8.15%,$4.85B,$0.40B,8.15%,$4.85B,$0.59B,12.07%,$4.85B,$0.37B,7.53%,$4.85B,$0.21B,4.33%,$0.21B,$1.54B,13.81%,$0.21B,$0.80B,27.26%,$0.21B,$3.72B,5.75%,$0.40B,$2.60B,15.67%,$1263,$174,$1088,$0,$528,$1148,$115,$-13,$102,$35,$67,$55,$66,$163,$115,$101,101,$0.54,$0.53,$6,$73,$27,$844,$1990,$0,$748,$125,$2875,$3719,$507,$1050,$353,$1667,$2174,$0,$0,$0,$1544,$3719,$116,$95,$-9,$86,$-75,$0,$0,$26,$-9,$198,$-156,$0,$2,$0,$-2,$-2,$2,$-154,$40,$0,$40,$-89,$-89,$-8,$2,$-54,$-10,$0,$-8
42,2008-03-31,25.47,$14.62,1.74,$44.98,0.57,$1.19,21.37,$1.73,14.72,$0.84B,$0.55B,1.53,$1.04B,$0.00B,0.0,$4.76B,$4.09B,85.92%,$4.76B,$0.39B,8.12%,$4.76B,$0.39B,8.12%,$4.76B,$0.57B,12.05%,$4.76B,$0.35B,7.30%,$4.76B,$0.20B,4.11%,$0.20B,$1.49B,12.95%,$0.20B,$0.74B,25.67%,$0.20B,$3.69B,5.43%,$0.39B,$2.53B,15.55%,$1278,$179,$1099,$0,$542,$1154,$124,$-13,$111,$38,$73,$60,$75,$172,$124,$103,103,$0.60,$0.60,$9,$73,$32,$836,$1959,$0,$750,$133,$2850,$3686,$547,$1041,$349,$1652,$2199,$0,$0,$0,$1487,$3686,$62,$47,$30,$78,$-64,$0,$0,$30,$-6,$132,$-82,$0,$2,$0,$0,$0,$0,$-80,$33,$0,$33,$-89,$-89,$-4,$0,$-60,$-7,$0,$-4
43,2007-12-31,24.25,$14.43,1.68,$43.67,0.56,$0.70,34.56,$1.59,15.25,$0.78B,$0.49B,1.59,$1.01B,$1.52B,0.67,$4.68B,$4.02B,85.74%,$4.68B,$0.37B,7.92%,$4.68B,$0.37B,7.92%,$4.68B,$0.55B,11.81%,$4.68B,$0.32B,6.79%,$4.68B,$0.17B,3.65%,$0.17B,$1.52B,11.35%,$0.17B,$0.77B,22.50%,$0.17B,$3.61B,4.81%,$0.37B,$2.53B,15.14%,$1143,$162,$981,$0,$493,$1054,$89,$20,$108,$25,$83,$83,$40,$137,$89,$107,107,$0.37,$0.38,$16,$72,$36,$775,$1934,$0,$750,$141,$2834,$3609,$488,$1009,$345,$1604,$2091,$1,$1599,$-7,$1517,$3609,$214,$183,$-31,$152,$-13,$0,$0,$-30,$23,$381,$-340,$0,$-95,$0,$0,$0,$0,$-435,$174,$0,$174,$-72,$-72,$-17,$-31,$55,$1,$17,$-17
44,2007-09-30,25.73,$14.29,1.8,$41.60,0.62,$-1.17,0.0,$1.53,16.82,$0.81B,$0.56B,1.45,$0.90B,$0.00B,0.0,$4.54B,$3.89B,85.62%,$4.54B,$0.35B,7.75%,$4.54B,$0.35B,7.75%,$4.54B,$0.53B,11.67%,$4.54B,$0.11B,2.31%,$4.54B,$0.17B,3.63%,$0.17B,$1.54B,11.16%,$0.17B,$0.78B,22.34%,$0.17B,$3.60B,4.76%,$0.35B,$2.44B,14.83%,$1164,$160,$1003,$0,$502,$1097,$67,$-23,$44,$15,$29,$29,$29,$113,$67,$107,107,$0.27,$0.27,$14,$71,$30,$807,$1895,$0,$754,$137,$2792,$3599,$558,$901,$353,$1506,$2064,$0,$0,$0,$1535,$3599,$130,$135,$-30,$105,$-17,$0,$0,$48,$85,$323,$-263,$0,$-113,$0,$0,$0,$0,$-376,$66,$0,$66,$-13,$-13,$-13,$12,$52,$-1,$0,$-13
45,2007-06-30,29.04,$14.05,2.07,$39.91,0.73,$-1.58,0.0,$2.26,12.85,$0.80B,$0.49B,1.62,$0.95B,$0.00B,0.0,$4.42B,$3.78B,85.56%,$4.42B,$0.36B,8.03%,$4.42B,$0.36B,8.03%,$4.42B,$0.53B,11.95%,$4.42B,$0.24B,5.45%,$4.42B,$0.25B,5.66%,$0.25B,$1.52B,17.02%,$0.25B,$0.77B,33.61%,$0.25B,$3.53B,7.45%,$0.36B,$2.47B,15.74%,$1179,$169,$1010,$0,$499,$1072,$107,$-22,$85,$33,$52,$52,$52,$152,$107,$107,107,$0.49,$0.49,$13,$69,$28,$802,$1841,$0,$746,$136,$2730,$3532,$494,$951,$343,$1523,$2017,$0,$0,$0,$1515,$3532,$102,$89,$-23,$66,$-36,$0,$0,$-4,$-8,$159,$-185,$0,$-91,$0,$0,$0,$0,$-275,$116,$0,$116,$-2,$-2,$-9,$8,$114,$-2,$0,$-9
46,2007-03-31,27.0,$13.57,1.99,$37.67,0.72,$-1.04,0.0,$2.30,11.76,$0.81B,$0.52B,1.55,$0.91B,$0.00B,0.0,$4.29B,$3.69B,86.15%,$4.29B,$0.34B,8.02%,$4.29B,$0.34B,8.02%,$4.29B,$0.52B,12.01%,$4.29B,$0.25B,5.90%,$4.29B,$0.26B,6.02%,$0.26B,$1.46B,17.52%,$0.26B,$0.72B,33.84%,$0.26B,$3.47B,7.91%,$0.34B,$2.37B,16.09%,$1198,$175,$1022,$0,$511,$1090,$108,$-27,$81,$31,$50,$50,$50,$151,$108,$107,107,$0.47,$0.46,$11,$68,$26,$808,$1775,$0,$738,$139,$2660,$3467,$522,$910,$353,$1484,$2006,$0,$0,$0,$1461,$3467,$50,$43,$24,$67,$-57,$0,$0,$11,$-14,$99,$-99,$0,$-83,$0,$0,$0,$0,$-182,$85,$0,$85,$-3,$-3,$-4,$2,$80,$-4,$0,$-4
47,2006-12-31,26.1,$13.02,2.01,$35.06,0.74,$-0.81,0.0,$2.28,11.47,$0.73B,$0.50B,1.45,$0.82B,$1.40B,0.59,$4.12B,$3.58B,86.76%,$4.12B,$0.32B,7.78%,$4.12B,$0.32B,7.78%,$4.12B,$0.49B,11.93%,$4.12B,$0.25B,6.13%,$4.12B,$0.26B,6.28%,$0.26B,$1.40B,18.23%,$0.26B,$0.68B,35.79%,$0.26B,$3.28B,8.25%,$0.32B,$2.22B,15.97%,$999,$148,$852,$0,$429,$929,$70,$-176,$-105,$-39,$-66,$-66,$34,$114,$70,$109,116,$0.34,$0.32,$15,$65,$19,$729,$1685,$0,$720,$136,$2549,$3277,$502,$821,$341,$1372,$1875,$1,$1484,$-8,$1402,$3277,$259,$170,$-265,$-95,$-87,$0,$0,$-0,$-11,$169,$-341,$0,$-82,$0,$0,$0,$145,$-278,$459,$0,$459,$-345,$-345,$-17,$19,$116,$7,$0,$-17
