,Date,Stock Price,Book Value per Share,Price to Book Ratio,TTM Sales per Share,Price to Sales Ratio,TTM FCF per Share,Price to FCF Ratio,TTM Net EPS,PE Ratio,Current Assets,Current Liabilities,Current Ratio,Long Term Debt,Shareholder's Equity_x,Debt to Equity Ratio,TTM Revenue_x,TTM Gross Profit,Gross Margin,TTM Revenue_y,TTM Operating Income,Operating Margin,TTM Revenue_x,TTM EBIT,EBIT Margin,TTM Revenue_y,TTM EBITDA,EBITDA Margin,TTM Revenue_x,TTM Pre-Tax Income,Pre-Tax Margin,TTM Revenue_y,TTM Net Income_x,Net Margin,TTM Net Income_y,Shareholder's Equity_y,Return on Equity,TTM Net Income_x,Tangible Equity,Return on Tangible Equity,TTM Net Income_y,Total Assets,Return on Assets,TTM Net Income,LT Investments & Debt,Return on Investment,revenue,cost-goods-sold,gross-profit,research-development-expenses,selling-general-administrative-expenses,operating-expenses,operating-income,total-non-operating-income-expense,pre-tax-income,total-provision-income-taxes,income-after-taxes,income-from-continuous-operations,net-income,ebitda,ebit,basic-shares-outstanding,shares-outstanding,eps-basic-net-earnings-per-share,eps-earnings-per-share-diluted,cash-on-hand,inventory,other-current-assets,total-current-assets,net-property-plant-equipment,long-term-investments,goodwill-intangible-assets-total,other-long-term-assets,total-long-term-assets,total-assets,total-current-liabilities,long-term-debt,other-non-current-liabilities,total-long-term-liabilities,total-liabilities,common-stock-net,retained-earnings-accumulated-deficit,comprehensive-income,total-share-holder-equity,total-liabilities-share-holders-equity,net-income-loss,total-depreciation-amortization-cash-flow,other-non-cash-items,total-non-cash-items,change-in-accounts-receivable,change-in-inventories,change-in-accounts-payable,change-in-assets-liabilities,total-change-in-assets-liabilities,cash-flow-from-operating-activities,net-change-in-property-plant-equipment,net-change-in-intangible-assets,net-acquisitions-divestitures,net-change-in-short-term-investments,net-change-in-long-term-investments,net-change-in-investments-total,investing-activities-other,cash-flow-from-investing-activities,net-long-term-debt,net-current-debt,debt-issuance-retirement-net-total,net-common-equity-issued-repurchased,net-total-equity-issued-repurchased,total-common-preferred-stock-dividends-paid,financial-activities-other,cash-flow-from-financial-activities,net-cash-flow,stock-based-compensation,common-stock-dividends-paid
0,2018-06-30,54.84,$0.00,0.0,0,0.0,0,0.0,0,0.0,$23.65B,$30.99B,0.76,$0.00B,$0.00B,0.0,$0.00B,0,nan%,$0.00B,0,nan%,$0.00B,0,nan%,$0.00B,0,nan%,$0.00B,0,nan%,$0.00B,0,nan%,$0.00B,$14.67B,0.00%,$0.00B,$-19.56B,0.00%,$0.00B,$75.35B,0.00%,$0.00B,$14.67B,0.00%,$0,$0,$0,$0,$0,$0,$0,$0,$0,$0,$0,$0,$0,$0,$0,$0,0,$0.00,$0.00,$5792,$5064,$4060,$23653,$0,$766,$34225,$3529,$39712,$75351,$30993,$0,$27343,$29687,$60681,$0,$0,$0,$14670,$75351,$3860,$1172,$0,$1172,$0,$0,$0,$0,$-2024,$2869,$-590,$0,$0,$0,$0,$0,$-1128,$-1719,$0,$0,$0,$0,$-2681,$-2425,$4634,$-471,$766,$0,$0
1,2017-12-31,53.97,$0.00,0.0,0,0.0,0,0.0,0,0.0,$19.20B,$26.20B,0.73,$0.00B,$16.26B,0.0,$0.00B,0,nan%,$0.00B,0,nan%,$0.00B,0,nan%,$0.00B,0,nan%,$0.00B,0,nan%,$0.00B,0,nan%,$0.00B,$16.26B,0.00%,$0.00B,$-15.84B,0.00%,$0.00B,$68.14B,0.00%,$0.00B,$16.26B,0.00%,$0,$0,$0,$0,$0,$0,$0,$0,$0,$0,$0,$0,$0,$0,$0,$0,0,$0.00,$0.00,$4620,$4478,$3644,$19196,$0,$763,$32102,$3086,$37177,$68140,$26197,$0,$23519,$25682,$51879,$547,$14711,$0,$16262,$68140,$7331,$1738,$0,$1738,$0,$0,$0,$0,$-77,$8242,$-1654,$0,$-4974,$0,$0,$0,$-17,$-6645,$0,$0,$0,$0,$-6174,$-4426,$8980,$-1620,$-33,$0,$0
2,2017-06-30,52.0,$0.00,0.0,0,0.0,0,0.0,0,0.0,$18.26B,$21.81B,0.84,$0.00B,$18.50B,0.0,$0.00B,0,nan%,$0.00B,0,nan%,$0.00B,0,nan%,$0.00B,0,nan%,$0.00B,0,nan%,$0.00B,0,nan%,$0.00B,$18.50B,0.00%,$0.00B,$-10.60B,0.00%,$0.00B,$63.82B,0.00%,$0.00B,$18.50B,0.00%,$0,$0,$0,$0,$0,$0,$0,$0,$0,$0,$0,$0,$0,$0,$0,$0,0,$0.00,$0.00,$6426,$4579,$57,$18261,$0,$754,$29106,$2144,$33384,$63817,$21806,$0,$21249,$23508,$45314,$17827,$0,$0,$18503,$63817,$3649,$839,$0,$839,$0,$0,$0,$0,$-1580,$2404,$-739,$0,$0,$0,$0,$0,$233,$-506,$0,$0,$0,$0,$-1178,$-2102,$3433,$152,$1829,$0,$0
3,2016-12-31,38.5,$0.00,0.0,0,0.0,0,0.0,0,0.0,$15.36B,$22.75B,0.68,$0.00B,$18.79B,0.0,$0.00B,0,nan%,$0.00B,0,nan%,$0.00B,0,nan%,$0.00B,0,nan%,$0.00B,0,nan%,$0.00B,0,nan%,$0.00B,$18.79B,0.00%,$0.00B,$-11.57B,0.00%,$0.00B,$62.44B,0.00%,$0.00B,$18.79B,0.00%,$0,$0,$0,$0,$0,$0,$0,$0,$0,$0,$0,$0,$0,$0,$0,$0,0,$0.00,$0.00,$4405,$4734,$228,$15364,$0,$745,$30357,$1563,$34163,$62444,$22747,$0,$18626,$20907,$43654,$536,$17413,$0,$18790,$62444,$6138,$1620,$0,$1620,$0,$0,$0,$0,$56,$7798,$-1821,$0,$-1921,$0,$0,$0,$215,$-3528,$0,$0,$0,$0,$0,$-3994,$593,$-3401,$1184,$0,$0
4,2016-06-30,44.6,$0.00,0.0,0,0.0,0,0.0,0,0.0,$17.23B,$24.07B,0.72,$0.00B,$17.06B,0.0,$0.00B,0,nan%,$0.00B,0,nan%,$0.00B,0,nan%,$0.00B,0,nan%,$0.00B,0,nan%,$0.00B,0,nan%,$0.00B,$17.06B,0.00%,$0.00B,$-10.62B,0.00%,$0.00B,$61.20B,0.00%,$0.00B,$17.06B,0.00%,$0,$0,$0,$0,$0,$0,$0,$0,$0,$0,$0,$0,$0,$0,$0,$0,0,$0.00,$0.00,$4289,$5252,$223,$17230,$0,$680,$27684,$1475,$31486,$61196,$24072,$0,$18319,$20061,$44132,$16361,$0,$0,$17064,$61196,$3061,$769,$0,$769,$0,$0,$0,$0,$-1755,$2055,$-857,$0,$0,$0,$0,$0,$130,$-727,$0,$0,$0,$0,$0,$-1997,$1412,$-585,$914,$0,$0
5,2015-12-31,39.52,$0.00,0.0,0,0.0,0,0.0,0,0.0,$14.09B,$22.23B,0.63,$0.00B,$17.86B,0.0,$0.00B,0,nan%,$0.00B,0,nan%,$0.00B,0,nan%,$0.00B,0,nan%,$0.00B,0,nan%,$0.00B,0,nan%,$0.00B,$17.86B,0.00%,$0.00B,$-9.97B,0.00%,$0.00B,$58.07B,0.00%,$0.00B,$17.86B,0.00%,$0,$0,$0,$0,$0,$0,$0,$0,$0,$0,$0,$0,$0,$0,$0,$0,0,$0.00,$0.00,$0,$0,$8497,$14087,$0,$0,$27827,$14844,$43987,$58074,$22230,$0,$17986,$17986,$40216,$17144,$0,$0,$17858,$58074,$0,$0,$0,$0,$0,$0,$0,$0,$0,$8140,$0,$0,$0,$0,$0,$0,$0,$-3930,$0,$0,$0,$0,$0,$0,$0,$-3367,$242,$0,$0
6,2015-06-30,38.8,$0.00,0.0,0,0.0,0,0.0,0,0.0,$16.45B,$24.16B,0.68,$9.92B,$17.57B,0.56,$0.00B,0,nan%,$0.00B,0,nan%,$0.00B,0,nan%,$0.00B,0,nan%,$0.00B,0,nan%,$0.00B,0,nan%,$0.00B,$17.57B,0.00%,$0.00B,$-8.85B,0.00%,$0.00B,$59.06B,0.00%,$0.00B,$27.49B,0.00%,$0,$0,$0,$0,$0,$0,$0,$0,$0,$0,$0,$0,$0,$0,$0,$0,0,$0.00,$0.00,$3958,$5075,$368,$16446,$0,$683,$26423,$1976,$30367,$59056,$24159,$9919,$5430,$17324,$41484,$535,$24133,$0,$17572,$59056,$2940,$737,$0,$737,$0,$0,$0,$0,$-1012,$2485,$-934,$0,$-448,$0,$0,$-13,$62,$-1333,$0,$0,$0,$0,$-153,$-1866,$1940,$-79,$569,$0,$0
7,2014-12-31,36.03,$0.00,0.0,0,0.0,0,0.0,0,0.0,$16.41B,$26.11B,0.63,$9.55B,$18.96B,0.5,$0.00B,0,nan%,$0.00B,0,nan%,$0.00B,0,nan%,$0.00B,0,nan%,$0.00B,0,nan%,$0.00B,0,nan%,$0.00B,$18.96B,0.00%,$0.00B,$-10.52B,0.00%,$0.00B,$63.84B,0.00%,$0.00B,$28.51B,0.00%,$0,$0,$0,$0,$0,$0,$0,$0,$0,$0,$0,$0,$0,$0,$0,$0,0,$0.00,$0.00,$3751,$5541,$436,$16413,$0,$950,$29476,$1373,$33509,$63842,$26110,$9552,$7181,$18772,$44882,$643,$27330,$0,$18960,$63842,$10608,$1904,$0,$1904,$0,$0,$0,$0,$0,$7368,$-453,$0,$0,$0,$0,$0,$0,$-453,$0,$0,$0,$0,$-621,$-4239,$-2039,$-6899,$-178,$0,$0
8,2014-06-30,39.61,$0.00,0.0,0,0.0,0,0.0,0,0.0,$20.58B,$28.05B,0.73,$10.61B,$0.00B,0.0,$0.00B,0,nan%,$0.00B,0,nan%,$0.00B,0,nan%,$0.00B,0,nan%,$0.00B,0,nan%,$0.00B,0,nan%,$0.00B,$19.85B,0.00%,$0.00B,$-9.08B,0.00%,$0.00B,$66.97B,0.00%,$0.00B,$30.45B,0.00%,$0,$0,$0,$0,$0,$0,$0,$0,$0,$0,$0,$0,$0,$0,$0,$0,0,$0.00,$0.00,$5711,$5937,$460,$20580,$0,$656,$28933,$1962,$33170,$66973,$28045,$10605,$6489,$19079,$47124,$0,$0,$0,$19849,$66973,$0,$0,$0,$0,$0,$0,$0,$0,$0,$0,$0,$0,$0,$0,$0,$0,$0,$0,$0,$0,$0,$0,$0,$0,$0,$0,$0,$0,$0
9,2013-12-31,35.35,$0.00,0.0,0,0.0,0,0.0,0,0.0,$16.10B,$23.09B,0.7,$9.95B,$19.68B,0.51,$0.00B,0,nan%,$0.00B,0,nan%,$0.00B,0,nan%,$0.00B,0,nan%,$0.00B,0,nan%,$0.00B,0,nan%,$0.00B,$19.68B,0.00%,$0.00B,$-8.09B,0.00%,$0.00B,$60.46B,0.00%,$0.00B,$29.63B,0.00%,$0,$0,$0,$0,$0,$0,$0,$0,$0,$0,$0,$0,$0,$0,$0,$0,0,$0.00,$0.00,$4045,$5230,$410,$16102,$0,$671,$27767,$2064,$31942,$60455,$23089,$9950,$5713,$17688,$40776,$643,$27188,$0,$19679,$60455,$6991,$1529,$0,$1529,$0,$0,$0,$0,$266,$8360,$-2692,$0,$0,$0,$0,$0,$1150,$-1542,$0,$0,$1679,$0,$32,$-3976,$-4895,$-7160,$-230,$0,$0
10,2013-06-30,34.1,$0.00,0.0,0,0.0,0,0.0,0,0.0,$20.23B,$30.05B,0.67,$8.89B,$0.00B,0.0,$0.00B,0,nan%,$0.00B,0,nan%,$0.00B,0,nan%,$0.00B,0,nan%,$0.00B,0,nan%,$0.00B,0,nan%,$0.00B,$17.39B,0.00%,$0.00B,$-10.73B,0.00%,$0.00B,$64.11B,0.00%,$0.00B,$26.28B,0.00%,$0,$0,$0,$0,$0,$0,$0,$0,$0,$0,$0,$0,$0,$0,$0,$0,0,$0.00,$0.00,$5577,$5863,$414,$20231,$0,$688,$28116,$1747,$31839,$64112,$30047,$8891,$5811,$16674,$46721,$0,$0,$0,$17391,$64112,$0,$0,$0,$0,$0,$0,$0,$0,$0,$0,$0,$0,$0,$0,$0,$0,$0,$0,$0,$0,$0,$0,$0,$0,$0,$0,$0,$0,$0
11,2012-12-31,32.12,$0.00,0.0,0,0.0,0,0.0,0,0.0,$15.62B,$20.34B,0.77,$9.73B,$20.21B,0.48,$0.00B,0,nan%,$0.00B,0,nan%,$0.00B,0,nan%,$0.00B,0,nan%,$0.00B,0,nan%,$0.00B,0,nan%,$0.00B,$20.21B,0.00%,$0.00B,$-7.72B,0.00%,$0.00B,$59.37B,0.00%,$0.00B,$29.94B,0.00%,$0,$0,$0,$0,$0,$0,$0,$0,$0,$0,$0,$0,$0,$0,$0,$0,0,$0.00,$0.00,$3170,$5705,$1042,$15622,$0,$0,$27932,$2242,$31605,$59374,$20340,$9729,$7301,$18822,$39162,$622,$26662,$0,$20212,$59374,$6364,$1542,$0,$1542,$0,$0,$0,$0,$1057,$8792,$-2602,$0,$0,$0,$0,$0,$1640,$-971,$0,$0,$-3870,$0,$62,$-3471,$-1237,$-8517,$-979,$0,$0
12,2012-06-30,27.51,$0.00,0.0,$5.32,5.17,$1.79,15.36,$0.47,58.54,$20.52B,$26.17B,0.78,$0.00B,$0.00B,0.0,$14.95B,$1.67B,11.18%,$14.95B,$1.67B,11.18%,$14.95B,$1.67B,11.18%,$14.95B,$2.04B,13.61%,$14.95B,$1.93B,12.91%,$14.95B,$1.32B,8.83%,$1.32B,$19.21B,6.37%,$1.32B,$-9.40B,-17.77%,$1.32B,$63.54B,2.13%,$1.67B,$19.21B,5.83%,$0,$0,$0,$0,$0,$0,$0,$0,$0,$0,$0,$0,$0,$0,$0,$0,0,$0.00,$0.00,$5265,$6429,$1811,$20524,$0,$0,$28608,$2230,$31308,$63543,$26174,$0,$17228,$18160,$44333,$0,$0,$0,$19210,$63543,$0,$0,$0,$0,$0,$0,$0,$0,$0,$0,$0,$0,$0,$0,$0,$0,$0,$0,$0,$0,$0,$0,$0,$0,$0,$0,$0,$0,$0
13,2011-12-31,26.84,$0.00,0.0,$10.08,2.66,$2.94,9.14,$1.03,26.05,$19.91B,$24.97B,0.8,$10.97B,$20.78B,0.53,$29.85B,$4.20B,14.08%,$29.85B,$4.20B,14.08%,$29.85B,$4.20B,14.08%,$29.85B,$4.89B,16.37%,$29.85B,$4.19B,14.05%,$29.85B,$3.06B,10.24%,$3.06B,$20.78B,15.02%,$3.06B,$-9.74B,-48.94%,$3.06B,$66.18B,5.16%,$4.20B,$31.75B,13.64%,$0,$0,$0,$0,$0,$0,$0,$0,$0,$0,$0,$0,$0,$0,$0,$0,0,$0.00,$0.00,$6876,$6408,$334,$19905,$0,$666,$30520,$2277,$34050,$66175,$24972,$10972,$7882,$20421,$45393,$674,$27405,$0,$20782,$66175,$6439,$1433,$0,$1433,$0,$0,$0,$0,$-247,$7594,$-2749,$0,$-2396,$0,$0,$0,$-1077,$-6222,$0,$0,$0,$0,$42,$-3461,$3992,$572,$1410,$0,$0
14,2011-06-30,25.43,$0.00,0.0,$14.76,1.72,$3.53,7.21,$1.49,17.07,$19.22B,$21.70B,0.89,$11.30B,$0.84B,13.52,$44.85B,$6.40B,14.27%,$44.85B,$6.40B,14.27%,$44.85B,$6.40B,14.27%,$44.85B,$7.36B,16.42%,$44.85B,$6.22B,13.86%,$44.85B,$4.53B,10.10%,$4.53B,$22.82B,23.44%,$4.53B,$-6.33B,-82.21%,$4.53B,$63.36B,8.08%,$6.40B,$34.11B,21.59%,$0,$0,$0,$0,$0,$0,$0,$0,$0,$0,$0,$0,$0,$0,$0,$0,0,$0.00,$0.00,$4173,$6666,$576,$19215,$0,$0,$29148,$3124,$32610,$63362,$21697,$11298,$5797,$18850,$40547,$0,$0,$0,$22815,$63362,$3461,$727,$0,$727,$0,$0,$0,$0,$-1714,$2692,$-3291,$0,$0,$0,$0,$0,$0,$-3291,$0,$0,$0,$0,$-69,$-1755,$1846,$22,$-345,$0,$0
15,2010-12-31,23.77,$0.00,0.0,$19.37,1.23,$3.64,6.52,$1.94,12.25,$16.58B,$18.07B,0.92,$9.64B,$20.02B,0.48,$58.23B,$7.87B,13.51%,$58.23B,$7.87B,13.51%,$58.23B,$7.87B,13.51%,$58.23B,$9.19B,15.78%,$58.23B,$8.14B,13.99%,$58.23B,$5.81B,9.99%,$5.81B,$20.02B,31.90%,$5.81B,$-4.25B,-107.03%,$5.81B,$54.67B,10.79%,$7.87B,$29.66B,27.62%,$14952,$13280,$1672,$0,$0,$13280,$1672,$386,$1931,$498,$1433,$1320,$1320,$2035,$1672,$2809,2809,$0.47,$0.47,$3806,$5722,$1559,$16578,$0,$0,$24271,$2581,$27659,$54666,$18067,$9638,$5770,$16576,$34644,$643,$25593,$0,$20022,$54666,$6106,$1319,$0,$1319,$0,$0,$0,$0,$224,$7290,$-2259,$0,$-479,$0,$0,$0,$1192,$-1546,$0,$0,$0,$0,$-165,$-3085,$-2871,$-6120,$-572,$0,$0
16,2010-09-30,22.18,$0.00,0.0,$18.77,1.18,$3.94,5.63,$1.90,11.68,$17.53B,$17.15B,1.02,$9.91B,$0.79B,12.55,$57.54B,$6.84B,11.88%,$57.54B,$6.84B,11.88%,$57.54B,$6.84B,11.88%,$57.54B,$8.18B,14.22%,$57.54B,$7.98B,13.86%,$57.54B,$5.83B,10.14%,$5.83B,$17.80B,33.15%,$5.83B,$-4.67B,-98.14%,$5.83B,$52.77B,10.98%,$6.84B,$27.71B,24.31%,$14899,$12369,$2530,$0,$0,$12369,$2530,$-268,$2262,$524,$1738,$1738,$1738,$2851,$2530,$2991,3131,$0.58,$0.56,$5460,$5624,$1066,$17529,$0,$0,$22477,$2186,$25897,$52765,$17145,$9909,$6899,$17818,$34963,$0,$0,$0,$17802,$52765,$4588,$956,$0,$956,$0,$0,$0,$0,$-597,$4988,$-1402,$0,$90,$0,$0,$0,$1186,$-126,$0,$0,$0,$0,$36,$-2242,$-772,$-2978,$1613,$0,$0
17,2010-06-30,20.17,$0.00,0.0,$19.23,1.05,$4.42,4.56,$1.91,10.56,$17.05B,$17.99B,0.95,$10.45B,$0.83B,12.56,$57.71B,$7.24B,12.55%,$57.71B,$7.24B,12.55%,$57.71B,$7.24B,12.55%,$57.71B,$8.64B,14.98%,$57.71B,$7.74B,13.42%,$57.71B,$5.74B,9.95%,$5.74B,$16.69B,32.99%,$5.74B,$-6.79B,-88.52%,$5.74B,$53.54B,10.75%,$7.24B,$27.14B,25.32%,$14997,$12797,$2200,$0,$0,$12797,$2200,$-176,$2024,$551,$1473,$1473,$1473,$2477,$2200,$3119,3206,$0.47,$0.46,$4492,$5612,$667,$17053,$0,$0,$23483,$2095,$26912,$53540,$17990,$10449,$7380,$18858,$36849,$0,$0,$0,$16691,$53540,$2819,$635,$0,$635,$0,$0,$0,$0,$-624,$2855,$-961,$0,$89,$0,$0,$0,$986,$115,$0,$0,$0,$0,$10,$-1465,$-808,$-2263,$450,$0,$0
18,2010-03-31,21.87,$0.00,0.0,$19.44,1.13,$4.50,4.86,$1.84,11.89,$16.82B,$17.41B,0.97,$11.05B,$0.82B,13.4,$57.77B,$7.94B,13.74%,$57.77B,$7.94B,13.74%,$57.77B,$7.94B,13.74%,$57.77B,$9.40B,16.26%,$57.77B,$7.36B,12.73%,$57.77B,$5.47B,9.47%,$5.47B,$18.39B,32.49%,$5.47B,$-6.01B,-78.65%,$5.47B,$54.48B,10.36%,$7.94B,$29.44B,27.92%,$13378,$11912,$1466,$0,$0,$11912,$1466,$-216,$1926,$464,$1462,$1283,$1283,$1825,$1466,$2808,2902,$0.46,$0.45,$4559,$5867,$256,$16820,$0,$0,$24403,$2515,$27997,$54476,$17409,$11047,$6498,$18678,$36087,$0,$0,$0,$18390,$54476,$1462,$359,$0,$359,$0,$0,$0,$0,$-1078,$815,$-479,$0,$24,$0,$0,$0,$636,$180,$0,$0,$0,$0,$-4,$-777,$-330,$-1111,$-18,$0,$0
19,2009-12-31,23.61,$0.00,0.0,$18.92,1.25,$4.26,5.55,$1.74,13.57,$15.08B,$16.18B,0.93,$10.73B,$17.48B,0.61,$57.04B,$8.51B,14.91%,$57.04B,$8.51B,14.91%,$57.04B,$8.51B,14.91%,$57.04B,$9.95B,17.44%,$57.04B,$6.86B,12.02%,$57.04B,$5.26B,9.21%,$5.26B,$17.48B,33.23%,$5.26B,$-6.29B,-71.93%,$5.26B,$51.62B,10.22%,$8.51B,$28.21B,31.22%,$14266,$13626,$640,$0,$0,$13626,$640,$1110,$1765,$443,$1321,$1338,$1338,$1031,$640,$3020,3020,$0.44,$0.43,$5040,$4990,$265,$15077,$0,$0,$23774,$2477,$27280,$51623,$16176,$10727,$6171,$17964,$34140,$675,$24196,$0,$17483,$51623,$5103,$1439,$0,$1439,$0,$0,$0,$0,$2372,$8052,$-1754,$0,$-194,$0,$0,$0,$187,$-1761,$0,$0,$0,$0,$144,$-2937,$-3205,$-5998,$2035,$0,$0
20,2009-09-30,20.95,$0.00,0.0,$19.55,1.07,$3.89,5.39,$1.85,11.32,$16.71B,$16.16B,1.03,$12.57B,$0.67B,18.71,$56.16B,$27.71B,49.34%,$56.16B,$10.04B,17.87%,$56.16B,$10.04B,17.87%,$56.16B,$11.41B,20.32%,$56.16B,$7.03B,12.51%,$56.16B,$5.27B,9.39%,$5.27B,$17.08B,34.55%,$5.27B,$-6.86B,-67.26%,$5.27B,$54.11B,10.17%,$10.04B,$29.65B,38.10%,$15065,$12128,$2937,$0,$0,$12128,$2937,$-423,$2028,$432,$1596,$1650,$1650,$3309,$2937,$2795,2886,$0.59,$0.57,$4761,$5347,$334,$16707,$0,$0,$23939,$2987,$28444,$54112,$16164,$12568,$7147,$20868,$37032,$0,$0,$0,$17080,$54112,$3935,$1049,$0,$1049,$0,$0,$0,$0,$716,$5851,$-1146,$0,$-572,$0,$0,$0,$17,$-1701,$0,$0,$0,$0,$46,$-2019,$-1616,$-3590,$273,$0,$0
21,2009-06-30,17.17,$0.00,0.0,$14.33,1.2,$2.26,7.61,$1.28,13.41,$15.21B,$16.35B,0.93,$12.02B,$0.67B,17.9,$56.81B,$28.58B,50.31%,$56.81B,$10.90B,19.19%,$56.81B,$10.90B,19.19%,$56.81B,$12.33B,21.70%,$56.81B,$8.77B,15.43%,$56.81B,$6.20B,10.91%,$6.20B,$14.41B,39.01%,$6.20B,$-8.66B,-82.90%,$6.20B,$51.01B,11.73%,$10.90B,$26.43B,41.86%,$15064,$12170,$2894,$0,$0,$12170,$2894,$-437,$1637,$503,$1135,$1200,$1200,$3230,$2894,$3085,3085,$0.39,$0.39,$3291,$5120,$245,$15212,$0,$0,$23069,$2730,$27273,$51013,$16351,$12022,$7148,$20254,$36605,$0,$0,$0,$14408,$51013,$2228,$677,$0,$677,$0,$0,$0,$0,$-354,$2750,$-689,$0,$-497,$0,$0,$0,$45,$-1141,$0,$0,$0,$0,$23,$-1773,$-233,$-1983,$-614,$0,$0
22,2009-03-31,13.47,$0.00,0.0,$14.74,0.91,$1.54,8.73,$1.39,9.69,$15.67B,$16.95B,0.92,$10.37B,$0.64B,16.19,$57.92B,$28.12B,48.54%,$57.92B,$10.44B,18.03%,$57.92B,$10.44B,18.03%,$57.92B,$11.91B,20.56%,$57.92B,$9.25B,15.96%,$57.92B,$6.54B,11.29%,$6.54B,$14.29B,38.71%,$6.54B,$-7.42B,-91.56%,$6.54B,$49.03B,11.87%,$10.44B,$24.67B,39.81%,$12646,$10612,$2034,$0,$0,$10612,$2034,$-395,$1426,$375,$1050,$1068,$1068,$2376,$2034,$3088,3088,$0.35,$0.35,$3703,$5516,$292,$15665,$0,$0,$21713,$2388,$25396,$49028,$16948,$10374,$6448,$17787,$34735,$0,$0,$0,$14293,$49028,$1050,$341,$0,$341,$0,$0,$0,$0,$-1448,$-102,$-294,$0,$-4,$0,$0,$0,$41,$-258,$0,$0,$0,$0,$-10,$-21,$500,$468,$-149,$0,$0
23,2008-12-31,16.39,$0.00,0.0,$15.27,1.07,$1.62,10.12,$1.72,9.53,$16.44B,$20.30B,0.81,$9.36B,$15.26B,0.61,$59.62B,$28.22B,47.33%,$59.62B,$10.54B,17.68%,$59.62B,$10.54B,17.68%,$59.62B,$12.02B,20.15%,$59.62B,$10.49B,17.59%,$59.62B,$7.58B,12.71%,$7.58B,$15.26B,42.17%,$7.58B,$-8.41B,-113.46%,$7.58B,$53.18B,13.34%,$10.54B,$24.62B,39.26%,$13389,$-6457,$19846,$0,$17676,$11219,$2170,$-204,$1935,$373,$1562,$1354,$1354,$2498,$2170,$2503,2503,$0.54,$0.54,$4698,$5722,$1920,$16442,$0,$0,$23675,$2723,$27969,$53176,$20304,$9362,$7087,$17611,$37915,$712,$23264,$0,$15260,$53176,$7776,$1476,$0,$1476,$0,$0,$0,$0,$-237,$5695,$-1401,$0,$3332,$0,$0,$-116,$266,$2082,$0,$0,$0,$0,$-2060,$-3069,$524,$-4605,$2147,$0,$0
24,2008-09-30,19.1,$0.00,0.0,$14.47,1.32,$1.21,15.83,$1.54,12.4,$17.50B,$21.91B,0.8,$8.84B,$0.66B,13.3,$60.56B,$29.27B,48.33%,$60.56B,$9.55B,15.77%,$60.56B,$9.55B,15.77%,$60.56B,$11.01B,18.19%,$60.56B,$10.21B,16.86%,$60.56B,$7.37B,12.16%,$7.37B,$19.62B,39.70%,$7.37B,$-5.42B,-124.30%,$7.37B,$58.28B,13.08%,$9.55B,$28.45B,35.43%,$15710,$11906,$3804,$0,$0,$11906,$3804,$-35,$3770,$1192,$2578,$2578,$2578,$4224,$3804,$0,0,$0.00,$0.00,$2479,$6614,$547,$17497,$0,$0,$25037,$4953,$31433,$58279,$21907,$8835,$6134,$16756,$38663,$0,$0,$0,$19616,$58279,$6171,$1148,$0,$1148,$0,$0,$0,$0,$-2180,$3708,$-1086,$0,$2250,$0,$0,$0,$211,$1374,$0,$0,$0,$0,$-2200,$-2063,$-65,$-4327,$110,$0,$0
25,2008-06-30,19.94,$0.00,0.0,$19.09,1.04,$2.09,9.55,$2.02,9.87,$18.42B,$24.47B,0.75,$8.77B,$0.67B,13.1,$58.92B,$27.71B,47.03%,$58.92B,$8.00B,13.57%,$58.92B,$8.00B,13.57%,$58.92B,$9.39B,15.94%,$58.92B,$8.32B,14.12%,$58.92B,$6.26B,10.62%,$6.26B,$18.40B,34.27%,$6.26B,$-7.32B,-109.13%,$6.26B,$59.95B,11.35%,$8.00B,$27.17B,30.58%,$16179,$13746,$2433,$0,$0,$13746,$2433,$-356,$2115,$586,$1529,$1540,$1540,$2812,$2433,$3056,3056,$0.50,$0.50,$2062,$6927,$810,$18419,$0,$0,$25718,$4849,$32077,$59946,$24469,$8765,$6339,$17074,$41543,$0,$0,$0,$18403,$59946,$3728,$728,$0,$728,$0,$0,$0,$0,$-3345,$632,$-768,$0,$630,$0,$0,$0,$163,$25,$0,$0,$0,$0,$-1726,$-1867,$2800,$-793,$-374,$0,$0
26,2008-03-31,23.18,$0.00,0.0,$13.79,1.68,$2.13,10.87,$1.52,15.25,$16.32B,$20.66B,0.79,$8.51B,$0.69B,12.34,$56.73B,$27.13B,47.82%,$56.73B,$7.41B,13.06%,$56.73B,$7.41B,13.06%,$56.73B,$9.05B,15.95%,$56.73B,$8.03B,14.15%,$56.73B,$6.03B,10.64%,$6.03B,$18.63B,34.25%,$6.03B,$-5.57B,-112.14%,$6.03B,$55.89B,11.29%,$7.41B,$27.13B,29.54%,$14337,$12206,$2132,$0,$0,$12206,$2132,$539,$2669,$562,$2107,$2108,$2108,$2481,$2132,$3100,3100,$0.68,$0.68,$2128,$6448,$571,$16322,$0,$0,$24200,$5069,$30669,$55890,$20656,$8505,$6163,$16606,$37262,$0,$0,$0,$18628,$55890,$2107,$349,$0,$349,$0,$0,$0,$0,$-1830,$162,$-325,$0,$744,$0,$0,$0,$163,$583,$0,$0,$0,$0,$-899,$-58,$303,$-655,$49,$0,$0
27,2007-12-31,25.72,$0.00,0.0,$13.23,1.94,$2.19,11.75,$1.30,19.79,$13.61B,$18.59B,0.73,$7.52B,$17.57B,0.43,$54.87B,$26.70B,48.65%,$54.87B,$6.98B,12.72%,$54.87B,$6.98B,12.72%,$54.87B,$8.27B,15.07%,$54.87B,$7.11B,12.95%,$54.87B,$5.33B,9.72%,$5.33B,$17.57B,31.09%,$5.33B,$-5.40B,-98.64%,$5.33B,$51.13B,10.24%,$6.98B,$25.09B,29.17%,$14331,$-6568,$20899,$0,$19716,$13148,$1183,$266,$1653,$260,$1393,$1133,$1140,$1497,$1183,$3148,3148,$0.36,$0.36,$1505,$5338,$1017,$13608,$0,$0,$22966,$4567,$28908,$51130,$18585,$7516,$5795,$14974,$33559,$663,$20783,$0,$17571,$51130,$5669,$1293,$0,$1293,$0,$0,$0,$0,$37,$5313,$-1210,$0,$0,$0,$0,$293,$63,$-854,$0,$0,$1901,$0,$606,$-3747,$-2884,$-4124,$262,$0,$0
28,2007-09-30,21.56,$0.00,0.0,$12.93,1.67,$2.45,8.79,$1.86,11.59,$15.56B,$20.43B,0.76,$6.79B,$0.70B,9.77,$53.12B,$24.98B,47.03%,$53.12B,$7.22B,13.58%,$53.12B,$7.22B,13.58%,$53.12B,$9.43B,17.74%,$53.12B,$6.81B,12.82%,$53.12B,$6.90B,12.99%,$6.90B,$18.40B,42.02%,$6.90B,$-4.65B,-119.08%,$6.90B,$53.49B,13.55%,$7.22B,$25.19B,31.86%,$14074,$11826,$2248,$0,$0,$11826,$2248,$-367,$1883,$414,$1469,$1467,$1467,$2600,$2248,$3051,3051,$0.48,$0.48,$2478,$5662,$559,$15563,$0,$0,$23044,$4961,$29324,$53489,$20430,$6794,$6099,$14660,$35090,$0,$0,$0,$18399,$53489,$4602,$978,$0,$978,$0,$0,$0,$0,$-1149,$3562,$-871,$0,$47,$0,$0,$0,$436,$-389,$0,$0,$0,$0,$-1178,$-2086,$801,$-2463,$749,$0,$0
29,2007-06-30,21.96,$0.00,0.0,$12.30,1.79,$2.53,8.67,$1.70,12.92,$15.78B,$20.86B,0.76,$7.05B,$0.00B,0.0,$51.96B,$24.65B,47.45%,$51.96B,$6.89B,13.26%,$51.96B,$6.89B,13.26%,$51.96B,$8.75B,16.84%,$51.96B,$6.36B,12.25%,$51.96B,$6.47B,12.45%,$6.47B,$15.87B,42.98%,$6.47B,$-5.91B,-92.46%,$6.47B,$53.36B,13.01%,$6.89B,$22.93B,32.53%,$13987,$12141,$1846,$0,$0,$12141,$1846,$-22,$1824,$506,$1319,$1319,$1319,$2471,$1846,$0,0,$0.00,$0.00,$2046,$5616,$787,$15778,$0,$0,$23159,$4942,$29155,$53357,$20856,$7054,$6733,$15254,$36110,$0,$0,$0,$15872,$53357,$3075,$625,$0,$625,$0,$0,$0,$0,$-1770,$1430,$-599,$0,$97,$0,$0,$0,$301,$-201,$0,$0,$0,$0,$-599,$-1903,$1848,$-654,$607,$0,$0
30,2007-03-31,20.05,$0.00,0.0,$16.49,1.22,$2.95,6.79,$2.13,9.41,$14.35B,$19.30B,0.74,$5.70B,$0.00B,0.0,$50.86B,$24.61B,48.38%,$50.86B,$6.84B,13.45%,$50.86B,$6.84B,13.45%,$50.86B,$8.08B,15.88%,$50.86B,$6.24B,12.27%,$50.86B,$6.46B,12.71%,$6.46B,$16.78B,46.25%,$6.46B,$-5.68B,-79.73%,$6.46B,$50.35B,13.32%,$6.84B,$22.48B,30.81%,$12482,$10779,$1702,$0,$0,$10779,$1702,$39,$1745,$367,$1379,$1378,$1407,$1702,$1702,$3069,3069,$0.46,$0.46,$2011,$5423,$580,$14346,$0,$0,$22449,$3955,$27929,$50351,$19304,$5704,$7117,$14272,$33577,$0,$0,$0,$16775,$50351,$0,$0,$0,$0,$0,$0,$0,$0,$0,$265,$-254,$0,$18,$0,$0,$0,$98,$-138,$0,$0,$0,$0,$-103,$-206,$689,$380,$590,$0,$0
31,2006-12-31,18.55,$0.00,0.0,$16.03,1.16,$2.99,6.2,$2.07,8.96,$11.94B,$17.44B,0.68,$5.33B,$14.66B,0.36,$49.85B,$24.60B,49.36%,$49.85B,$6.84B,13.72%,$49.85B,$6.84B,13.72%,$49.85B,$8.07B,16.19%,$49.85B,$6.07B,12.17%,$49.85B,$6.33B,12.70%,$6.33B,$14.66B,49.71%,$6.33B,$-6.95B,-69.45%,$6.33B,$46.57B,13.18%,$6.84B,$19.99B,31.92%,$12574,$-6609,$19183,$0,$17764,$11155,$1419,$-23,$1357,$191,$1167,$1158,$2709,$2652,$1419,$2958,2958,$0.92,$0.92,$1603,$4769,$175,$11935,$0,$0,$21614,$3546,$26751,$46570,$17441,$5325,$7881,$14466,$31907,$608,$15984,$0,$14662,$46570,$6300,$1234,$0,$1234,$0,$0,$0,$0,$109,$5667,$-1031,$0,$2232,$0,$0,$-36,$286,$1451,$0,$-4123,$0,$0,$123,$-4257,$3,$-8254,$-697,$0,$0
