,Date,Stock Price,Book Value per Share,Price to Book Ratio,TTM Sales per Share,Price to Sales Ratio,TTM FCF per Share,Price to FCF Ratio,TTM Net EPS,PE Ratio,Current Assets,Current Liabilities,Current Ratio,Long Term Debt,Shareholder's Equity_x,Debt to Equity Ratio,TTM Revenue_x,TTM Gross Profit,Gross Margin,TTM Revenue_y,TTM Operating Income,Operating Margin,TTM Revenue_x,TTM EBIT,EBIT Margin,TTM Revenue_y,TTM EBITDA,EBITDA Margin,TTM Revenue_x,TTM Pre-Tax Income,Pre-Tax Margin,TTM Revenue_y,TTM Net Income_x,Net Margin,TTM Net Income_y,Shareholder's Equity_y,Return on Equity,TTM Net Income_x,Tangible Equity,Return on Tangible Equity,TTM Net Income_y,Total Assets,Return on Assets,TTM Net Income,LT Investments & Debt,Return on Investment,revenue,cost-goods-sold,gross-profit,research-development-expenses,selling-general-administrative-expenses,operating-expenses,operating-income,total-non-operating-income-expense,pre-tax-income,total-provision-income-taxes,income-after-taxes,income-from-continuous-operations,net-income,ebitda,ebit,basic-shares-outstanding,shares-outstanding,eps-basic-net-earnings-per-share,eps-earnings-per-share-diluted,cash-on-hand,inventory,other-current-assets,total-current-assets,net-property-plant-equipment,long-term-investments,goodwill-intangible-assets-total,other-long-term-assets,total-long-term-assets,total-assets,total-current-liabilities,long-term-debt,other-non-current-liabilities,total-long-term-liabilities,total-liabilities,common-stock-net,retained-earnings-accumulated-deficit,comprehensive-income,total-share-holder-equity,total-liabilities-share-holders-equity,net-income-loss,total-depreciation-amortization-cash-flow,other-non-cash-items,total-non-cash-items,change-in-accounts-receivable,change-in-inventories,change-in-accounts-payable,change-in-assets-liabilities,total-change-in-assets-liabilities,cash-flow-from-operating-activities,net-change-in-property-plant-equipment,net-change-in-intangible-assets,net-acquisitions-divestitures,net-change-in-short-term-investments,net-change-in-long-term-investments,net-change-in-investments-total,investing-activities-other,cash-flow-from-investing-activities,net-long-term-debt,net-current-debt,debt-issuance-retirement-net-total,net-common-equity-issued-repurchased,net-total-equity-issued-repurchased,total-common-preferred-stock-dividends-paid,financial-activities-other,cash-flow-from-financial-activities,net-cash-flow,stock-based-compensation,common-stock-dividends-paid
0,2018-09-30,8.15,$5.36,1.52,$5.46,1.49,$0.69,11.85,$0.56,14.55,$0.07B,$0.01B,5.34,$0.00B,$0.09B,0.0,$0.09B,$0.03B,30.34%,$0.09B,$0.01B,8.99%,$0.09B,$0.01B,8.99%,$0.09B,$0.01B,11.24%,$0.09B,$0.01B,8.99%,$0.09B,$0.01B,10.11%,$0.01B,$0.09B,10.88%,$0.01B,$0.06B,16.14%,$0.01B,$0.10B,9.07%,$0.01B,$0.09B,9.67%,$20,$14,$6,$1,$3,$19,$2,$0,$2,$0,$1,$1,$1,$2,$2,$16,17,$0.09,$0.09,$25,$23,$0,$66,$9,$0,$27,$0,$36,$102,$12,$0,$0,$4,$16,$2,$-78,$-2,$85,$102,$5,$2,$1,$3,$-0,$3,$0,$-0,$-0,$8,$-2,$0,$0,$0,$0,$0,$0,$-2,$0,$0,$0,$1,$1,$0,$0,$2,$7,$1,$0
1,2018-06-30,9.6,$5.27,1.82,$5.55,1.73,$0.52,18.43,$0.54,17.78,$0.06B,$0.01B,5.85,$0.00B,$0.08B,0.0,$0.09B,$0.03B,30.00%,$0.09B,$0.01B,7.78%,$0.09B,$0.01B,7.78%,$0.09B,$0.01B,11.11%,$0.09B,$0.01B,7.78%,$0.09B,$0.01B,10.00%,$0.01B,$0.08B,11.21%,$0.01B,$0.06B,17.06%,$0.01B,$0.10B,9.28%,$0.01B,$0.08B,8.72%,$23,$16,$7,$1,$4,$21,$2,$0,$2,$0,$2,$2,$2,$2,$2,$16,17,$0.10,$0.10,$21,$25,$0,$64,$8,$0,$27,$0,$35,$99,$11,$0,$0,$4,$15,$2,$-79,$-2,$84,$99,$4,$1,$0,$2,$-1,$1,$0,$0,$-4,$2,$-1,$0,$0,$0,$0,$0,$0,$-1,$0,$0,$0,$1,$1,$0,$0,$2,$2,$0,$0
2,2018-03-31,10.0,$5.24,1.91,$5.42,1.85,$0.67,14.86,$0.51,19.61,$0.06B,$0.01B,5.28,$0.00B,$0.08B,0.0,$0.09B,$0.03B,29.89%,$0.09B,$0.01B,6.90%,$0.09B,$0.01B,6.90%,$0.09B,$0.01B,11.49%,$0.09B,$0.01B,6.90%,$0.09B,$0.01B,9.20%,$0.01B,$0.08B,10.32%,$0.01B,$0.06B,16.08%,$0.01B,$0.10B,8.44%,$0.01B,$0.08B,7.74%,$23,$16,$7,$1,$4,$21,$2,$-0,$2,$0,$2,$2,$2,$3,$2,$16,16,$0.14,$0.13,$18,$27,$0,$64,$7,$0,$28,$0,$35,$99,$12,$0,$0,$4,$16,$2,$-81,$-1,$83,$99,$2,$1,$0,$1,$-1,$-1,$0,$-0,$-4,$-1,$-0,$0,$0,$0,$0,$0,$0,$-0,$0,$0,$0,$1,$1,$0,$0,$1,$0,$0,$0
3,2017-12-31,6.55,$5.05,1.3,$5.40,1.21,$0.88,7.46,$0.49,13.37,$0.06B,$0.01B,4.35,$0.00B,$0.08B,0.0,$0.09B,$0.03B,30.23%,$0.09B,$0.01B,6.98%,$0.09B,$0.01B,6.98%,$0.09B,$0.01B,10.47%,$0.09B,$0.01B,6.98%,$0.09B,$0.01B,9.30%,$0.01B,$0.08B,10.74%,$0.01B,$0.05B,17.11%,$0.01B,$0.10B,8.70%,$0.01B,$0.08B,8.05%,$23,$16,$7,$1,$4,$20,$2,$0,$2,$-2,$4,$4,$4,$3,$2,$16,16,$0.24,$0.23,$18,$26,$0,$62,$8,$0,$28,$0,$35,$97,$14,$0,$0,$4,$18,$2,$-83,$-2,$79,$97,$8,$2,$-1,$1,$-1,$-3,$0,$-1,$-2,$7,$-1,$0,$0,$0,$0,$0,$0,$-1,$0,$0,$0,$1,$1,$0,$-0,$1,$8,$1,$0
4,2017-09-30,6.75,$4.78,1.41,$5.39,1.25,$0.93,7.3,$0.36,18.75,$0.06B,$0.01B,4.44,$0.00B,$0.08B,0.0,$0.09B,$0.03B,30.59%,$0.09B,$0.01B,7.06%,$0.09B,$0.01B,7.06%,$0.09B,$0.01B,9.41%,$0.09B,$0.01B,7.06%,$0.09B,$0.01B,7.06%,$0.01B,$0.08B,8.36%,$0.01B,$0.05B,13.64%,$0.01B,$0.09B,6.74%,$0.01B,$0.08B,8.36%,$21,$15,$6,$1,$4,$20,$1,$-0,$1,$0,$1,$1,$1,$2,$1,$16,16,$0.07,$0.07,$15,$25,$0,$58,$8,$0,$28,$0,$35,$93,$13,$0,$0,$6,$19,$2,$-87,$-2,$75,$93,$4,$2,$1,$3,$-2,$-1,$0,$-1,$-3,$4,$-1,$0,$0,$0,$0,$0,$0,$-1,$0,$0,$0,$1,$1,$0,$0,$1,$4,$1,$0
5,2017-06-30,7.2,$4.68,1.54,$5.35,1.35,$0.93,7.78,$0.36,20.0,$0.06B,$0.01B,4.62,$0.00B,$0.07B,0.0,$0.08B,$0.03B,30.95%,$0.08B,$0.01B,7.14%,$0.08B,$0.01B,7.14%,$0.08B,$0.01B,9.52%,$0.08B,$0.01B,7.14%,$0.08B,$0.01B,7.14%,$0.01B,$0.07B,8.60%,$0.01B,$0.05B,14.29%,$0.01B,$0.09B,6.92%,$0.01B,$0.07B,8.60%,$20,$14,$6,$1,$4,$19,$1,$-0,$1,$0,$1,$1,$1,$2,$1,$16,16,$0.07,$0.07,$15,$24,$0,$55,$8,$0,$27,$0,$35,$90,$12,$0,$0,$6,$18,$2,$-88,$-2,$73,$90,$3,$1,$0,$2,$-0,$-1,$0,$0,$-0,$4,$-1,$0,$0,$0,$0,$0,$0,$-1,$0,$0,$0,$1,$1,$0,$0,$1,$4,$0,$0
6,2017-03-31,5.45,$4.56,1.2,$5.42,1.01,$0.61,8.87,$0.32,17.03,$0.05B,$0.01B,4.57,$0.00B,$0.07B,0.0,$0.08B,$0.03B,30.95%,$0.08B,$0.01B,5.95%,$0.08B,$0.01B,5.95%,$0.08B,$0.01B,8.33%,$0.08B,$0.01B,5.95%,$0.08B,$0.01B,5.95%,$0.01B,$0.07B,7.35%,$0.01B,$0.04B,12.50%,$0.01B,$0.09B,5.88%,$0.01B,$0.07B,7.35%,$22,$15,$7,$1,$4,$20,$2,$-0,$2,$0,$2,$2,$2,$2,$2,$15,16,$0.11,$0.11,$14,$23,$0,$52,$8,$0,$27,$0,$35,$88,$11,$0,$0,$6,$17,$2,$-89,$-3,$71,$88,$2,$1,$0,$1,$-1,$1,$0,$0,$0,$3,$-1,$0,$0,$0,$0,$0,$0,$-1,$0,$0,$0,$1,$1,$0,$0,$1,$3,$0,$0
7,2016-12-31,4.95,$4.43,1.12,$5.34,0.93,$0.29,17.15,$0.23,21.52,$0.05B,$0.01B,4.36,$0.00B,$0.07B,0.0,$0.08B,$0.03B,30.12%,$0.08B,$0.00B,3.61%,$0.08B,$0.00B,3.61%,$0.08B,$0.01B,7.23%,$0.08B,$0.00B,3.61%,$0.08B,$0.00B,3.61%,$0.00B,$0.07B,4.49%,$0.00B,$0.04B,7.79%,$0.00B,$0.09B,3.55%,$0.00B,$0.07B,4.49%,$22,$15,$7,$2,$4,$20,$2,$-0,$2,$-0,$2,$2,$2,$2,$2,$15,15,$0.11,$0.11,$11,$23,$0,$49,$8,$0,$27,$0,$35,$85,$11,$0,$0,$6,$17,$2,$-91,$-3,$68,$85,$3,$3,$1,$4,$-1,$2,$0,$1,$1,$8,$-1,$0,$-10,$0,$0,$0,$0,$-11,$0,$0,$0,$-0,$-0,$0,$-0,$-0,$-4,$1,$0
8,2016-09-30,4.11,$4.37,0.94,$5.10,0.81,$0.21,19.22,$0.15,27.4,$0.05B,$0.01B,4.11,$0.00B,$0.07B,0.0,$0.08B,$0.02B,30.00%,$0.08B,$0.00B,2.50%,$0.08B,$0.00B,2.50%,$0.08B,$0.01B,6.25%,$0.08B,$0.00B,1.25%,$0.08B,$0.00B,2.50%,$0.00B,$0.07B,3.02%,$0.00B,$0.04B,5.03%,$0.00B,$0.08B,2.39%,$0.00B,$0.07B,3.02%,$20,$14,$6,$1,$4,$18,$1,$-0,$1,$0,$1,$1,$1,$2,$1,$15,15,$0.07,$0.07,$7,$25,$0,$47,$9,$0,$28,$0,$36,$84,$11,$0,$0,$6,$17,$2,$-92,$-2,$67,$84,$2,$2,$1,$3,$-0,$1,$0,$0,$-1,$4,$-1,$0,$-10,$0,$0,$0,$0,$-11,$0,$0,$0,$-0,$-0,$0,$0,$-0,$-8,$1,$0
9,2016-06-30,5.01,$4.33,1.16,$5.03,1.0,$0.43,11.54,$0.15,33.4,$0.05B,$0.01B,3.87,$0.00B,$0.07B,0.0,$0.08B,$0.02B,30.38%,$0.08B,$0.00B,2.53%,$0.08B,$0.00B,2.53%,$0.08B,$0.01B,6.33%,$0.08B,$0.00B,1.27%,$0.08B,$0.00B,2.53%,$0.00B,$0.07B,3.04%,$0.00B,$0.04B,4.85%,$0.00B,$0.08B,2.41%,$0.00B,$0.07B,3.04%,$20,$14,$6,$1,$4,$20,$0,$-0,$0,$0,$0,$0,$0,$1,$0,$15,15,$0.03,$0.03,$3,$27,$0,$46,$9,$0,$28,$0,$37,$83,$12,$0,$0,$6,$17,$2,$-93,$-2,$66,$83,$1,$1,$0,$2,$-1,$-1,$0,$0,$-3,$-1,$-1,$0,$-10,$0,$0,$0,$0,$-11,$1,$0,$1,$-1,$-1,$0,$0,$0,$-11,$0,$0
10,2016-03-31,5.12,$4.32,1.19,$4.85,1.06,$0.78,6.6,$0.17,30.12,$0.05B,$0.01B,3.43,$0.00B,$0.07B,0.0,$0.08B,$0.02B,30.77%,$0.08B,$0.00B,3.85%,$0.08B,$0.00B,3.85%,$0.08B,$0.01B,6.41%,$0.08B,$0.00B,2.56%,$0.08B,$0.00B,3.85%,$0.00B,$0.07B,4.53%,$0.00B,$0.04B,6.86%,$0.00B,$0.09B,3.61%,$0.00B,$0.07B,4.53%,$21,$14,$6,$2,$4,$20,$0,$-0,$0,$0,$0,$0,$0,$1,$0,$15,16,$0.02,$0.02,$3,$27,$0,$48,$9,$0,$29,$0,$38,$86,$14,$0,$0,$6,$19,$2,$-94,$-1,$66,$86,$0,$1,$0,$1,$-2,$-1,$0,$0,$-4,$-3,$-0,$0,$-10,$0,$0,$0,$0,$-10,$0,$1,$1,$0,$0,$0,$0,$1,$-12,$0,$0
11,2015-12-31,6.46,$4.31,1.5,$4.63,1.4,$1.12,5.77,$0.18,35.89,$0.05B,$0.01B,4.79,$0.00B,$0.07B,0.0,$0.08B,$0.02B,31.58%,$0.08B,$0.00B,5.26%,$0.08B,$0.00B,5.26%,$0.08B,$0.01B,6.58%,$0.08B,$0.00B,3.95%,$0.08B,$0.00B,5.26%,$0.00B,$0.07B,5.90%,$0.00B,$0.05B,8.42%,$0.00B,$0.08B,4.78%,$0.00B,$0.07B,5.90%,$19,$14,$6,$2,$3,$19,$1,$-0,$0,$-0,$0,$0,$1,$1,$1,$16,16,$0.03,$0.02,$15,$24,$0,$52,$9,$0,$20,$0,$30,$82,$11,$0,$0,$5,$16,$2,$-94,$-1,$66,$82,$3,$3,$1,$4,$-0,$2,$0,$-1,$2,$9,$-3,$0,$0,$0,$0,$0,$0,$-3,$0,$0,$0,$-9,$-9,$0,$-0,$-9,$-3,$1,$0
12,2015-09-30,5.89,$4.30,1.37,$4.60,1.28,$0.89,6.61,$0.20,29.45,$0.05B,$0.01B,4.48,$0.00B,$0.07B,0.0,$0.08B,$0.02B,31.17%,$0.08B,$0.00B,5.19%,$0.08B,$0.00B,5.19%,$0.08B,$0.01B,7.79%,$0.08B,$0.00B,5.19%,$0.08B,$0.00B,5.19%,$0.00B,$0.07B,5.78%,$0.00B,$0.05B,8.21%,$0.00B,$0.08B,4.69%,$0.00B,$0.07B,5.78%,$19,$13,$6,$1,$4,$18,$1,$0,$1,$0,$1,$1,$1,$2,$1,$16,16,$0.07,$0.07,$15,$23,$0,$52,$9,$0,$20,$0,$30,$81,$11,$0,$0,$5,$16,$2,$-95,$-1,$65,$81,$2,$2,$1,$3,$-0,$3,$0,$-1,$2,$7,$-1,$0,$0,$0,$0,$0,$0,$-1,$0,$0,$0,$-9,$-9,$0,$0,$-9,$-3,$0,$0
13,2015-06-30,4.19,$4.26,0.98,$3.39,1.24,$0.50,8.33,$0.11,38.09,$0.05B,$0.01B,4.96,$0.00B,$0.07B,0.0,$0.07B,$0.02B,29.73%,$0.07B,$0.00B,4.05%,$0.07B,$0.00B,4.05%,$0.07B,$0.01B,6.76%,$0.07B,$0.00B,4.05%,$0.07B,$0.00B,4.05%,$0.00B,$0.07B,4.24%,$0.00B,$0.05B,6.00%,$0.00B,$0.08B,3.45%,$0.00B,$0.07B,4.24%,$19,$13,$6,$1,$4,$18,$1,$0,$1,$0,$1,$1,$1,$1,$1,$17,17,$0.05,$0.05,$16,$24,$0,$53,$10,$0,$21,$0,$30,$83,$11,$0,$0,$5,$15,$2,$-96,$-0,$68,$83,$1,$1,$0,$2,$0,$2,$0,$0,$2,$5,$-1,$0,$0,$0,$0,$0,$0,$-1,$0,$0,$0,$-6,$-6,$0,$0,$-6,$-2,$0,$0
14,2015-03-31,3.94,$4.18,0.94,$2.25,1.75,$0.27,14.58,$-0.02,0.0,$0.06B,$0.01B,4.8,$0.00B,$0.07B,0.0,$0.07B,$0.02B,28.57%,$0.07B,$0.00B,1.43%,$0.07B,$0.00B,1.43%,$0.07B,$0.00B,5.71%,$0.07B,$0.00B,1.43%,$0.07B,$0.00B,1.43%,$0.00B,$0.07B,1.39%,$0.00B,$0.05B,1.96%,$0.00B,$0.09B,1.14%,$0.00B,$0.07B,1.39%,$19,$13,$6,$1,$4,$18,$1,$-0,$1,$0,$1,$1,$1,$1,$1,$17,17,$0.03,$0.03,$20,$25,$0,$59,$10,$0,$21,$0,$31,$89,$12,$0,$0,$5,$17,$2,$-96,$-0,$72,$89,$1,$1,$0,$1,$-0,$1,$0,$-0,$2,$3,$-0,$0,$0,$0,$0,$0,$0,$-0,$0,$0,$0,$-0,$-0,$0,$0,$-0,$2,$0,$0
15,2014-12-31,3.13,$4.15,0.75,$2.01,1.55,$0.25,12.44,$-0.12,0.0,$0.06B,$0.01B,5.07,$0.00B,$0.07B,0.0,$0.07B,$0.02B,27.27%,$0.07B,$-0.00B,-1.52%,$0.07B,$-0.00B,-1.52%,$0.07B,$0.00B,4.55%,$0.07B,$-0.00B,-1.52%,$0.07B,$-0.00B,-1.52%,$-0.00B,$0.07B,-1.39%,$-0.00B,$0.05B,-1.96%,$-0.00B,$0.09B,-1.14%,$-0.00B,$0.07B,-1.39%,$20,$14,$6,$1,$4,$19,$1,$-0,$1,$0,$1,$1,$1,$2,$1,$17,17,$0.05,$-0.05,$18,$26,$0,$57,$10,$0,$21,$0,$31,$88,$11,$0,$0,$5,$16,$2,$-97,$-0,$72,$88,$-2,$3,$2,$5,$3,$-0,$0,$0,$1,$4,$-2,$0,$0,$0,$0,$0,$0,$-1,$0,$0,$0,$-1,$-1,$0,$0,$-1,$2,$1,$0
16,2014-09-30,3.24,$4.08,0.79,$2.03,1.6,$0.49,6.64,$-0.17,0.0,$0.06B,$0.01B,4.7,$0.00B,$0.07B,0.0,$0.07B,$0.02B,27.27%,$0.07B,$-0.00B,-3.03%,$0.07B,$-0.00B,-3.03%,$0.07B,$0.00B,3.03%,$0.07B,$-0.00B,-3.03%,$0.07B,$-0.00B,-3.03%,$-0.00B,$0.07B,-2.76%,$-0.00B,$0.05B,-3.88%,$-0.00B,$0.09B,-2.27%,$-0.00B,$0.07B,-2.76%,$16,$12,$4,$1,$4,$16,$-0,$-0,$-0,$0,$-0,$-0,$-0,$1,$-0,$17,0,$-0.02,$0.00,$16,$29,$0,$57,$10,$0,$21,$0,$31,$88,$12,$0,$0,$4,$17,$2,$-98,$-0,$71,$88,$-3,$2,$1,$3,$4,$-2,$0,$-0,$0,$1,$-1,$0,$0,$0,$0,$0,$0,$-1,$0,$0,$0,$-1,$-1,$0,$0,$-1,$-1,$1,$0
17,2014-06-30,3.84,$4.08,0.94,$3.19,1.2,$0.53,7.31,$-0.11,0.0,$0.06B,$0.01B,5.15,$0.00B,$0.07B,0.0,$0.07B,$0.02B,28.57%,$0.07B,$-0.00B,-1.43%,$0.07B,$-0.00B,-1.43%,$0.07B,$0.00B,2.86%,$0.07B,$-0.00B,-1.43%,$0.07B,$-0.00B,-1.43%,$-0.00B,$0.07B,-1.37%,$-0.00B,$0.05B,-1.92%,$-0.00B,$0.09B,-1.13%,$-0.00B,$0.07B,-1.37%,$15,$11,$4,$2,$4,$17,$-1,$0,$-1,$0,$-1,$-1,$-1,$-0,$-1,$18,0,$-0.08,$0.00,$17,$27,$0,$56,$10,$0,$21,$0,$31,$87,$11,$0,$0,$4,$15,$2,$-97,$-0,$72,$87,$-3,$2,$1,$2,$4,$-1,$0,$0,$1,$1,$-0,$0,$0,$0,$0,$0,$0,$-0,$0,$0,$0,$-0,$-0,$0,$0,$-0,$1,$0,$0
18,2014-03-31,4.25,$4.15,1.03,$4.18,1.02,$0.62,6.89,$-0.15,0.0,$0.06B,$0.01B,5.07,$0.00B,$0.07B,0.0,$0.07B,$0.02B,29.17%,$0.07B,$-0.00B,-2.78%,$0.07B,$-0.00B,-2.78%,$0.07B,$0.00B,1.39%,$0.07B,$-0.00B,-2.78%,$0.07B,$-0.00B,-2.78%,$-0.00B,$0.07B,-2.74%,$-0.00B,$0.05B,-3.85%,$-0.00B,$0.09B,-2.23%,$-0.00B,$0.07B,-2.74%,$15,$11,$4,$1,$4,$16,$-1,$-0,$-1,$0,$-1,$-1,$-1,$-0,$-1,$18,18,$-0.07,$-0.07,$19,$27,$0,$57,$10,$0,$21,$0,$31,$88,$11,$0,$0,$4,$16,$2,$-96,$-1,$73,$88,$-1,$1,$0,$1,$4,$-1,$0,$0,$3,$3,$-0,$0,$0,$0,$0,$0,$0,$-0,$0,$0,$0,$-0,$-0,$0,$0,$-0,$3,$0,$0
19,2013-12-31,3.55,$4.21,0.84,$4.51,0.79,$0.42,8.42,$-0.06,0.0,$0.06B,$0.01B,4.88,$0.00B,$0.07B,0.0,$0.08B,$0.02B,29.49%,$0.08B,$-0.00B,-1.28%,$0.08B,$-0.00B,-1.28%,$0.08B,$0.00B,2.56%,$0.08B,$-0.00B,-1.28%,$0.08B,$-0.00B,-1.28%,$-0.00B,$0.07B,-1.37%,$-0.00B,$0.05B,-1.91%,$-0.00B,$0.09B,-1.10%,$-0.00B,$0.07B,-1.37%,$20,$15,$6,$1,$4,$20,$0,$-0,$0,$0,$0,$0,$0,$1,$0,$17,17,$0.01,$0.01,$16,$26,$0,$59,$10,$0,$21,$0,$32,$90,$12,$0,$0,$5,$17,$2,$-95,$-1,$74,$90,$-1,$3,$0,$4,$7,$4,$0,$-0,$4,$7,$-1,$0,$0,$0,$0,$0,$0,$-0,$0,$0,$0,$0,$0,$0,$0,$0,$6,$1,$0
20,2013-09-30,4.0,$4.19,0.95,$5.04,0.79,$0.19,21.03,$0.02,200.0,$0.06B,$0.01B,5.07,$0.00B,$0.07B,0.0,$0.09B,$0.03B,29.89%,$0.09B,$0.00B,1.15%,$0.09B,$0.00B,1.15%,$0.09B,$0.00B,4.60%,$0.09B,$0.00B,1.15%,$0.09B,0,0.00%,$0.00B,$0.07B,0.00%,$0.00B,$0.05B,0.00%,$0.00B,$0.09B,0.00%,$0.00B,$0.07B,1.37%,$20,$14,$6,$1,$4,$20,$1,$-0,$1,$-0,$1,$1,$1,$1,$1,$17,18,$0.04,$0.04,$11,$28,$0,$56,$11,$0,$21,$1,$33,$89,$11,$0,$0,$4,$15,$2,$-95,$-1,$73,$89,$-1,$3,$-0,$2,$5,$3,$0,$-0,$-0,$1,$-1,$0,$0,$0,$0,$0,$0,$-1,$0,$0,$0,$0,$0,$0,$0,$0,$1,$1,$0
21,2013-06-30,3.56,$4.14,0.86,$5.38,0.66,$0.02,150.21,$0.08,44.5,$0.06B,$0.01B,3.98,$0.00B,$0.07B,0.0,$0.09B,$0.03B,30.11%,$0.09B,$0.00B,2.15%,$0.09B,$0.00B,2.15%,$0.09B,$0.01B,6.45%,$0.09B,$0.00B,2.15%,$0.09B,$0.00B,1.08%,$0.00B,$0.07B,1.38%,$0.00B,$0.05B,1.94%,$0.00B,$0.09B,1.06%,$0.00B,$0.07B,2.76%,$17,$13,$5,$2,$5,$19,$-2,$-0,$-2,$0,$-2,$-2,$-2,$-1,$-2,$17,17,$-0.12,$-0.12,$12,$31,$0,$57,$11,$0,$21,$1,$34,$91,$14,$0,$0,$4,$19,$2,$-96,$-1,$72,$91,$-2,$2,$-0,$1,$9,$-1,$0,$-1,$2,$2,$-0,$0,$0,$0,$0,$0,$0,$-0,$0,$0,$0,$0,$0,$0,$0,$0,$2,$0,$0
22,2013-03-31,4.47,$4.24,1.05,$5.46,0.82,$-0.17,0.0,$0.02,223.25,$0.06B,$0.01B,4.14,$0.00B,$0.07B,0.0,$0.10B,$0.03B,28.42%,$0.10B,$0.00B,1.05%,$0.10B,$0.00B,1.05%,$0.10B,$0.01B,5.26%,$0.10B,$0.00B,1.05%,$0.10B,0,0.00%,$0.00B,$0.07B,0.00%,$0.00B,$0.05B,0.00%,$0.00B,$0.09B,0.00%,$0.00B,$0.07B,1.39%,$21,$15,$6,$1,$5,$21,$0,$-0,$0,$0,$0,$0,$0,$1,$0,$17,17,$0.02,$0.02,$9,$28,$0,$57,$12,$0,$21,$2,$35,$92,$14,$0,$0,$5,$18,$2,$-93,$-1,$74,$92,$0,$1,$-1,$0,$4,$0,$0,$-2,$-1,$-1,$-0,$0,$0,$0,$0,$0,$0,$-0,$0,$0,$0,$0,$0,$0,$0,$0,$-1,$0,$0
23,2012-12-31,3.24,$4.21,0.77,$5.84,0.55,$-0.20,0.0,$-0.09,0.0,$0.06B,$0.02B,3.21,$0.00B,$0.07B,0.0,$0.10B,$0.03B,27.45%,$0.10B,0,0.00%,$0.10B,0,0.00%,$0.10B,$0.00B,3.92%,$0.10B,0,0.00%,$0.10B,$-0.00B,-1.96%,$-0.00B,$0.07B,-2.81%,$-0.00B,$0.05B,-4.06%,$-0.00B,$0.10B,-2.10%,$0.00B,$0.07B,0.00%,$29,$20,$9,$2,$6,$27,$2,$-0,$2,$0,$2,$2,$1,$3,$2,$17,17,$0.08,$0.08,$10,$30,$0,$64,$12,$0,$21,$0,$34,$98,$20,$0,$0,$4,$24,$2,$-94,$-1,$73,$98,$-2,$4,$2,$6,$1,$4,$0,$1,$1,$5,$-3,$0,$0,$0,$0,$0,$2,$-1,$0,$0,$0,$0,$0,$0,$0,$0,$4,$1,$0
24,2012-09-30,3.11,$4.09,0.76,$5.86,0.53,$0.18,17.15,$-0.07,0.0,$0.06B,$0.02B,3.12,$0.00B,$0.07B,0.0,$0.10B,$0.03B,27.18%,$0.10B,0,0.00%,$0.10B,0,0.00%,$0.10B,$0.00B,3.88%,$0.10B,$-0.00B,-0.97%,$0.10B,$-0.00B,-0.97%,$-0.00B,$0.07B,-1.40%,$-0.00B,$0.05B,-2.06%,$-0.00B,$0.10B,-1.04%,$0.00B,$0.07B,0.00%,$26,$18,$8,$2,$5,$24,$2,$-0,$2,$0,$1,$1,$2,$3,$2,$17,17,$0.10,$0.10,$5,$33,$0,$61,$12,$0,$22,$0,$34,$95,$20,$0,$0,$4,$24,$2,$-95,$-1,$71,$95,$-3,$3,$-1,$2,$3,$2,$0,$1,$1,$-0,$-2,$0,$0,$0,$0,$0,$2,$-0,$0,$0,$0,$0,$0,$0,$0,$0,$-0,$1,$0
25,2012-06-30,3.86,$3.99,0.97,$6.39,0.6,$0.60,6.49,$-0.09,0.0,$0.06B,$0.02B,2.97,$0.00B,$0.07B,0.0,$0.11B,$0.03B,25.89%,$0.11B,0,0.00%,$0.11B,0,0.00%,$0.11B,$0.00B,3.57%,$0.11B,$-0.00B,-1.79%,$0.11B,$-0.00B,-1.79%,$-0.00B,$0.07B,-2.81%,$-0.00B,$0.05B,-4.19%,$-0.00B,$0.09B,-2.05%,$0.00B,$0.07B,0.00%,$19,$14,$4,$2,$5,$22,$-3,$-0,$-3,$0,$-3,$-3,$-3,$-2,$-3,$17,17,$-0.18,$-0.18,$4,$34,$0,$57,$13,$0,$24,$0,$36,$93,$19,$0,$0,$5,$24,$2,$-97,$-1,$69,$93,$-5,$2,$1,$3,$5,$1,$0,$1,$2,$-0,$-2,$0,$0,$0,$0,$0,$0,$-2,$0,$0,$0,$0,$0,$0,$0,$0,$-1,$1,$0
26,2012-03-31,5.18,$4.16,1.25,$7.81,0.66,$0.89,5.8,$0.12,43.17,$0.06B,$0.02B,3.27,$0.00B,$0.07B,0.0,$0.14B,$0.04B,27.21%,$0.14B,$0.01B,4.41%,$0.14B,$0.01B,4.41%,$0.14B,$0.01B,7.35%,$0.14B,$0.00B,2.94%,$0.14B,$0.00B,0.74%,$0.00B,$0.07B,1.40%,$0.00B,$0.05B,2.11%,$0.00B,$0.10B,1.00%,$0.01B,$0.07B,8.42%,$28,$21,$7,$2,$6,$29,$-1,$-0,$-1,$0,$-1,$-1,$-2,$-0,$-1,$17,17,$-0.09,$-0.09,$4,$32,$0,$59,$12,$0,$24,$0,$36,$95,$18,$0,$0,$4,$22,$2,$-94,$-1,$72,$95,$-2,$1,$0,$1,$2,$3,$0,$-0,$-1,$-1,$-0,$0,$0,$0,$0,$0,$0,$-0,$0,$0,$0,$0,$0,$0,$0,$0,$-1,$0,$0
27,2011-12-31,4.02,$4.22,0.95,$7.84,0.51,$1.07,3.77,$-0.12,0.0,$0.06B,$0.02B,2.77,$0.00B,$0.07B,0.0,$0.14B,$0.03B,25.00%,$0.14B,$0.00B,2.21%,$0.14B,$0.00B,2.21%,$0.14B,$0.01B,5.15%,$0.14B,$0.00B,0.74%,$0.14B,$-0.00B,-2.21%,$-0.00B,$0.07B,-4.26%,$-0.00B,$0.05B,-6.49%,$-0.00B,$0.10B,-2.88%,$0.00B,$0.07B,4.26%,$30,$21,$9,$2,$5,$28,$2,$-0,$1,$0,$1,$1,$2,$3,$2,$17,17,$0.10,$0.10,$5,$35,$0,$64,$13,$0,$24,$0,$37,$101,$23,$0,$0,$4,$28,$2,$-92,$-1,$73,$101,$-2,$4,$8,$12,$15,$-6,$0,$-1,$1,$11,$-2,$0,$-0,$0,$0,$0,$0,$-2,$-9,$0,$-9,$0,$0,$0,$-0,$-9,$1,$1,$0
28,2011-09-30,4.96,$4.10,1.21,$8.69,0.57,$1.13,4.4,$-0.86,0.0,$0.06B,$0.03B,2.57,$0.00B,$0.07B,0.0,$0.15B,$0.04B,25.33%,$0.15B,$0.01B,3.33%,$0.15B,$0.01B,3.33%,$0.15B,$0.01B,6.00%,$0.15B,$0.00B,2.67%,$0.15B,$-0.02B,-10.67%,$-0.02B,$0.07B,-22.61%,$-0.02B,$0.05B,-34.59%,$-0.02B,$0.10B,-14.88%,$0.01B,$0.07B,7.07%,$35,$26,$9,$2,$6,$34,$2,$-0,$1,$0,$1,$1,$1,$3,$2,$17,17,$0.08,$0.08,$4,$29,$0,$64,$13,$0,$24,$0,$37,$101,$25,$0,$1,$5,$30,$2,$-94,$-1,$71,$101,$-4,$3,$5,$8,$8,$1,$0,$-2,$2,$7,$-2,$0,$-0,$0,$0,$0,$1,$-1,$-6,$0,$-6,$0,$0,$0,$-0,$-6,$-0,$1,$0
29,2011-06-30,4.7,$4.01,1.17,$9.57,0.49,$1.33,3.54,$-0.68,0.0,$0.06B,$0.03B,2.31,$0.00B,$0.07B,0.0,$0.17B,$0.04B,26.51%,$0.17B,$0.01B,5.42%,$0.17B,$0.01B,5.42%,$0.17B,$0.01B,7.83%,$0.17B,$0.01B,5.42%,$0.17B,$-0.01B,-7.23%,$-0.01B,$0.07B,-16.16%,$-0.01B,$0.05B,-26.09%,$-0.01B,$0.10B,-10.43%,$0.01B,$0.07B,12.12%,$43,$32,$12,$2,$6,$40,$3,$-0,$3,$0,$3,$3,$0,$4,$3,$17,17,$0.03,$0.03,$4,$32,$0,$64,$14,$0,$24,$0,$38,$102,$28,$0,$1,$5,$33,$2,$-95,$-1,$69,$102,$-5,$2,$5,$7,$9,$-1,$0,$-1,$3,$5,$-2,$0,$-0,$0,$0,$0,$0,$-1,$-5,$0,$-5,$0,$0,$0,$-0,$-5,$-1,$1,$0
30,2011-03-31,5.07,$3.97,1.28,$9.04,0.56,$1.32,3.84,$-0.71,0.0,$0.07B,$0.04B,1.88,$0.00B,$0.07B,0.0,$0.16B,$0.04B,26.11%,$0.16B,$0.01B,4.46%,$0.16B,$0.01B,4.46%,$0.16B,$0.01B,7.01%,$0.16B,$0.01B,4.46%,$0.16B,$-0.01B,-7.64%,$-0.01B,$0.07B,-15.64%,$-0.01B,$0.04B,-26.67%,$-0.01B,$0.11B,-9.94%,$0.01B,$0.07B,9.09%,$28,$24,$4,$3,$6,$32,$-4,$0,$-4,$0,$-4,$-4,$-6,$-3,$-4,$17,17,$-0.33,$-0.33,$9,$42,$0,$74,$14,$0,$24,$0,$38,$112,$39,$0,$1,$5,$44,$2,$-96,$-1,$69,$112,$-6,$1,$2,$3,$13,$-9,$0,$0,$5,$2,$-0,$0,$-0,$0,$0,$0,$0,$-1,$2,$0,$2,$0,$0,$0,$-0,$2,$4,$0,$0
31,2010-12-31,6.61,$4.27,1.55,$9.69,0.68,$1.58,4.18,$-0.36,0.0,$0.08B,$0.04B,2.08,$0.00B,$0.07B,0.0,$0.17B,$0.05B,27.98%,$0.17B,$0.01B,7.14%,$0.17B,$0.01B,7.14%,$0.17B,$0.02B,9.52%,$0.17B,$0.01B,6.55%,$0.17B,$-0.01B,-3.57%,$-0.01B,$0.07B,-7.59%,$-0.01B,$0.05B,-13.64%,$-0.01B,$0.12B,-4.88%,$0.01B,$0.07B,15.09%,$44,$31,$13,$3,$6,$40,$4,$-0,$4,$-1,$4,$4,$-11,$5,$4,$17,17,$-0.64,$-0.64,$5,$33,$0,$76,$14,$0,$24,$0,$39,$115,$36,$0,$1,$5,$41,$2,$-90,$-1,$74,$115,$-6,$5,$19,$24,$-3,$2,$0,$-1,$-6,$11,$-1,$0,$-0,$0,$0,$0,$-0,$-2,$-11,$0,$-11,$0,$0,$0,$-0,$-11,$-1,$1,$0
32,2010-09-30,4.35,$4.90,0.89,$9.05,0.48,$1.03,4.21,$0.33,13.18,$0.08B,$0.04B,1.89,$0.00B,$0.09B,0.0,$0.16B,$0.04B,28.03%,$0.16B,$0.01B,8.28%,$0.16B,$0.01B,8.28%,$0.16B,$0.02B,10.83%,$0.16B,$0.01B,7.64%,$0.16B,$0.01B,3.82%,$0.01B,$0.09B,7.50%,$0.01B,$0.05B,14.37%,$0.01B,$0.13B,4.72%,$0.01B,$0.09B,16.15%,$51,$36,$15,$3,$6,$45,$6,$0,$6,$0,$6,$6,$5,$7,$6,$17,17,$0.26,$0.26,$8,$38,$0,$78,$15,$0,$38,$0,$53,$131,$41,$0,$1,$5,$46,$2,$-79,$-1,$85,$131,$5,$3,$4,$7,$-0,$-2,$0,$-1,$-3,$9,$-0,$0,$-0,$0,$0,$0,$-1,$-1,$-7,$0,$-7,$0,$0,$0,$-0,$-7,$1,$1,$0
33,2010-06-30,4.3,$4.62,0.93,$8.64,0.5,$-0.42,0.0,$0.03,143.33,$0.07B,$0.04B,1.75,$0.00B,$0.08B,0.0,$0.15B,$0.04B,26.35%,$0.15B,$0.01B,4.73%,$0.15B,$0.01B,4.73%,$0.15B,$0.01B,7.43%,$0.15B,$0.01B,3.38%,$0.15B,0,0.00%,$0.00B,$0.08B,0.00%,$0.00B,$0.04B,0.00%,$0.00B,$0.13B,0.00%,$0.01B,$0.08B,8.81%,$34,$25,$9,$2,$6,$33,$1,$-0,$1,$0,$1,$1,$0,$2,$1,$17,17,$0.00,$0.00,$3,$39,$0,$71,$15,$0,$38,$0,$54,$125,$41,$0,$1,$5,$46,$2,$-84,$-2,$79,$125,$0,$2,$2,$4,$2,$-4,$0,$-0,$-1,$3,$-0,$0,$-0,$0,$0,$0,$-0,$-1,$-6,$0,$-6,$0,$0,$0,$-0,$-6,$-4,$1,$0
34,2010-03-31,4.01,$4.61,0.87,$9.03,0.44,$-1.46,0.0,$-0.38,0.0,$0.07B,$0.04B,1.78,$0.00B,$0.08B,0.0,$0.15B,$0.04B,24.03%,$0.15B,0,0.00%,$0.15B,0,0.00%,$0.15B,$0.00B,2.60%,$0.15B,$-0.00B,-1.95%,$0.15B,$-0.01B,-4.55%,$-0.01B,$0.08B,-9.00%,$-0.01B,$0.04B,-17.95%,$-0.01B,$0.12B,-5.23%,$0.00B,$0.08B,0.00%,$39,$29,$10,$2,$7,$38,$1,$-0,$0,$0,$0,$0,$0,$2,$1,$17,17,$0.02,$0.02,$4,$34,$0,$67,$16,$0,$38,$0,$54,$121,$37,$0,$1,$5,$42,$2,$-84,$-2,$78,$121,$0,$1,$0,$2,$6,$1,$0,$-1,$4,$6,$-0,$0,$-0,$0,$0,$0,$-0,$-1,$-8,$0,$-8,$0,$0,$0,$0,$-8,$-2,$0,$0
35,2009-12-31,4.32,$4.59,0.94,$9.09,0.48,$-2.22,0.0,$-0.55,0.0,$0.08B,$0.05B,1.58,$0.00B,$0.08B,0.0,$0.16B,$0.04B,22.58%,$0.16B,$-0.00B,-1.94%,$0.16B,$-0.00B,-1.94%,$0.16B,$0.00B,0.65%,$0.16B,$-0.01B,-3.23%,$0.16B,$-0.01B,-6.45%,$-0.01B,$0.08B,-12.66%,$-0.01B,$0.04B,-25.16%,$-0.01B,$0.13B,-7.21%,$-0.00B,$0.08B,-3.66%,$33,$22,$10,$2,$3,$27,$5,$-1,$5,$-0,$5,$5,$1,$6,$5,$17,17,$0.06,$0.06,$6,$36,$0,$76,$17,$0,$39,$0,$55,$131,$48,$0,$1,$5,$53,$2,$-84,$-1,$78,$131,$-9,$5,$7,$11,$-0,$6,$0,$-0,$-0,$2,$-2,$0,$-7,$0,$0,$0,$-0,$-9,$14,$0,$14,$-3,$-3,$0,$-0,$11,$4,$1,$0
36,2009-09-30,6.06,$4.52,1.34,$9.96,0.61,$-1.37,0.0,$-0.59,0.0,$0.08B,$0.05B,1.56,$0.00B,$0.08B,0.06,$0.17B,$0.04B,20.47%,$0.17B,$-0.01B,-4.68%,$0.17B,$-0.01B,-4.68%,$0.17B,$-0.00B,-2.34%,$0.17B,$-0.01B,-5.85%,$0.17B,$-0.01B,-6.43%,$-0.01B,$0.08B,-13.50%,$-0.01B,$0.04B,-25.73%,$-0.01B,$0.14B,-7.94%,$-0.01B,$0.08B,-9.33%,$42,$32,$10,$3,$8,$43,$-0,$-0,$-1,$0,$-1,$-1,$-1,$1,$-0,$17,17,$-0.04,$-0.04,$2,$43,$0,$83,$17,$0,$39,$0,$56,$140,$53,$4,$1,$9,$63,$2,$-85,$-1,$77,$140,$-10,$4,$-0,$4,$-5,$0,$0,$-0,$-9,$-15,$-1,$0,$-7,$0,$0,$0,$0,$-8,$26,$0,$26,$-3,$-3,$0,$0,$23,$-0,$1,$0
37,2009-06-30,7.17,$4.57,1.57,$11.29,0.64,$0.41,17.65,$-0.28,0.0,$0.09B,$0.06B,1.52,$0.01B,$0.08B,0.06,$0.20B,$0.04B,20.81%,$0.20B,$-0.00B,-1.52%,$0.20B,$-0.00B,-1.52%,$0.20B,$0.00B,1.02%,$0.20B,$-0.00B,-2.03%,$0.20B,$-0.01B,-2.54%,$-0.01B,$0.08B,-5.88%,$-0.01B,$0.04B,-10.53%,$-0.01B,$0.14B,-3.64%,$-0.00B,$0.08B,-3.36%,$40,$33,$7,$3,$11,$46,$-6,$-1,$-7,$0,$-7,$-7,$-7,$-5,$-6,$17,17,$-0.41,$-0.41,$1,$51,$0,$85,$18,$0,$39,$0,$58,$143,$56,$5,$1,$9,$65,$2,$-84,$-1,$78,$143,$-9,$3,$1,$4,$0,$-8,$0,$0,$-8,$-13,$-1,$0,$-7,$0,$0,$0,$0,$-8,$23,$0,$23,$-3,$-3,$0,$0,$20,$-1,$1,$0
38,2009-03-31,7.73,$4.91,1.58,$13.91,0.56,$1.37,5.63,$0.49,15.78,$0.08B,$0.05B,1.68,$0.00B,$0.08B,0.05,$0.25B,$0.06B,22.45%,$0.25B,$0.01B,5.31%,$0.25B,$0.01B,5.31%,$0.25B,$0.02B,7.35%,$0.25B,$0.01B,5.31%,$0.25B,$0.01B,3.27%,$0.01B,$0.08B,9.20%,$0.01B,$0.04B,15.69%,$0.01B,$0.14B,5.70%,$0.01B,$0.09B,14.21%,$40,$32,$8,$2,$8,$42,$-2,$-0,$-2,$0,$-3,$-3,$-3,$-1,$-2,$17,17,$-0.15,$-0.15,$1,$48,$0,$83,$18,$0,$40,$0,$58,$141,$49,$4,$1,$9,$58,$2,$-77,$-2,$83,$141,$-3,$1,$1,$2,$-1,$-5,$0,$0,$-6,$-7,$-0,$0,$-7,$0,$0,$0,$0,$-7,$16,$0,$16,$-3,$-3,$0,$0,$13,$-1,$1,$0
39,2008-12-31,13.41,$5.10,2.63,$14.43,0.93,$1.58,8.49,$0.78,17.19,$0.08B,$0.03B,2.33,$0.01B,$0.09B,0.05,$0.26B,$0.06B,22.75%,$0.26B,$0.02B,6.67%,$0.26B,$0.02B,6.67%,$0.26B,$0.02B,9.02%,$0.26B,$0.02B,6.67%,$0.26B,$0.01B,5.10%,$0.01B,$0.09B,15.16%,$0.01B,$0.05B,25.24%,$0.01B,$0.13B,9.35%,$0.02B,$0.09B,18.73%,$49,$39,$10,$2,$8,$50,$-0,$1,$0,$0,$0,$0,$0,$1,$-0,$17,18,$0.01,$0.02,$2,$40,$0,$75,$18,$0,$36,$0,$54,$130,$32,$5,$1,$9,$41,$2,$-75,$-2,$88,$130,$14,$6,$10,$16,$-6,$-9,$0,$3,$-10,$19,$-4,$0,$-3,$0,$0,$0,$0,$-7,$-13,$0,$-13,$1,$1,$0,$0,$-13,$-0,$2,$0
40,2008-09-30,7.75,$5.18,1.49,$14.01,0.55,$0.68,11.35,$1.04,7.45,$0.09B,$0.04B,2.29,$0.00B,$0.09B,0.05,$0.24B,$0.05B,22.22%,$0.24B,$0.01B,5.76%,$0.24B,$0.01B,5.76%,$0.24B,$0.02B,8.64%,$0.24B,$0.02B,9.05%,$0.24B,$0.02B,7.00%,$0.02B,$0.09B,21.38%,$0.02B,$0.06B,37.16%,$0.02B,$0.14B,12.41%,$0.01B,$0.10B,16.05%,$68,$52,$16,$2,$8,$63,$5,$-0,$5,$0,$5,$5,$5,$7,$5,$17,18,$0.27,$0.26,$6,$42,$0,$85,$18,$0,$33,$0,$51,$136,$37,$4,$1,$9,$46,$2,$-75,$-0,$91,$136,$13,$4,$5,$9,$-8,$-7,$0,$3,$-6,$16,$-2,$0,$-0,$0,$0,$0,$0,$-3,$-13,$0,$-13,$2,$2,$0,$0,$-11,$3,$2,$0
41,2008-06-30,10.69,$4.93,2.17,$12.37,0.86,$0.05,237.56,$0.76,14.07,$0.10B,$0.06B,1.71,$0.01B,$0.09B,0.06,$0.21B,$0.05B,21.63%,$0.21B,$0.01B,4.33%,$0.21B,$0.01B,4.33%,$0.21B,$0.02B,7.69%,$0.21B,$0.02B,8.17%,$0.21B,$0.01B,5.77%,$0.01B,$0.09B,17.78%,$0.01B,$0.05B,32.88%,$0.01B,$0.15B,9.39%,$0.01B,$0.09B,11.32%,$88,$67,$21,$2,$9,$78,$10,$-0,$10,$3,$6,$6,$6,$11,$10,$17,18,$0.37,$0.36,$1,$46,$0,$102,$19,$0,$33,$0,$52,$154,$59,$5,$4,$9,$68,$2,$-80,$0,$86,$154,$9,$3,$4,$7,$-26,$-11,$0,$3,$-12,$4,$-2,$0,$0,$0,$0,$0,$0,$-2,$-6,$0,$-6,$2,$2,$0,$0,$-4,$-1,$1,$0
42,2008-03-31,11.81,$4.52,2.61,$9.70,1.22,$-0.07,0.0,$0.48,24.6,$0.08B,$0.05B,1.62,$0.01B,$0.08B,0.07,$0.16B,$0.03B,21.29%,$0.16B,$0.00B,0.65%,$0.16B,$0.00B,0.65%,$0.16B,$0.01B,5.16%,$0.16B,$0.01B,5.16%,$0.16B,$0.01B,4.52%,$0.01B,$0.08B,12.33%,$0.01B,$0.05B,24.56%,$0.01B,$0.14B,6.13%,$0.00B,$0.08B,1.38%,$50,$39,$11,$2,$7,$47,$2,$0,$2,$0,$2,$2,$2,$4,$2,$17,17,$0.14,$0.14,$1,$40,$0,$83,$19,$0,$34,$0,$53,$136,$51,$5,$1,$6,$58,$2,$-86,$0,$78,$136,$2,$2,$0,$2,$-13,$-5,$0,$2,$-7,$-3,$-0,$0,$-0,$0,$0,$0,$0,$-0,$0,$0,$0,$2,$2,$0,$0,$2,$-2,$0,$0
43,2007-12-31,20.15,$3.82,5.27,$9.00,2.24,$-0.03,0.0,$0.34,59.26,$0.07B,$0.04B,1.63,$0.02B,$0.06B,0.26,$0.14B,$0.03B,21.90%,$0.14B,0,0.00%,$0.14B,0,0.00%,$0.14B,$0.01B,4.38%,$0.14B,$0.01B,4.38%,$0.14B,$0.01B,3.65%,$0.01B,$0.06B,10.58%,$0.01B,$0.03B,22.99%,$0.01B,$0.12B,4.73%,$0.00B,$0.08B,0.00%,$37,$31,$6,$2,$6,$39,$-3,$7,$5,$0,$4,$4,$4,$-1,$-3,$15,16,$0.28,$0.29,$2,$35,$0,$68,$19,$0,$34,$0,$54,$122,$42,$16,$1,$17,$59,$2,$-88,$0,$63,$122,$6,$6,$-4,$2,$0,$-7,$0,$-0,$-6,$2,$-2,$0,$-9,$0,$0,$0,$0,$-11,$-4,$0,$-4,$14,$14,$0,$0,$10,$2,$2,$0
44,2007-09-30,12.8,$2.83,4.52,$8.66,1.48,$-0.08,0.0,$-1.66,0.0,$0.06B,$0.04B,1.61,$0.02B,$0.04B,0.47,$0.13B,$0.03B,22.31%,$0.13B,$0.00B,0.77%,$0.13B,$0.00B,0.77%,$0.13B,$0.01B,5.38%,$0.13B,$-0.00B,-0.77%,$0.13B,$-0.03B,-19.23%,$-0.03B,$0.04B,-60.24%,$-0.03B,$0.02B,-133.33%,$-0.03B,$0.10B,-25.06%,$0.00B,$0.06B,1.62%,$33,$26,$7,$2,$5,$33,$0,$-0,$-0,$0,$-0,$-0,$-0,$2,$0,$15,15,$-0.01,$-0.01,$1,$30,$0,$57,$20,$0,$23,$0,$42,$99,$35,$20,$0,$21,$56,$2,$-93,$0,$43,$99,$1,$5,$1,$6,$1,$-2,$0,$1,$-3,$4,$-2,$0,$-2,$0,$0,$0,$0,$-4,$-0,$0,$-0,$0,$0,$0,$0,$-0,$0,$2,$0
45,2007-06-30,10.52,$2.80,3.76,$8.04,1.31,$-0.04,0.0,$-1.76,0.0,$0.06B,$0.04B,1.59,$0.02B,$0.04B,0.48,$0.12B,$0.03B,21.49%,$0.12B,$-0.00B,-0.83%,$0.12B,$-0.00B,-0.83%,$0.12B,$0.00B,3.31%,$0.12B,$-0.00B,-3.31%,$0.12B,$-0.03B,-22.31%,$-0.03B,$0.04B,-57.45%,$-0.03B,$0.02B,-111.34%,$-0.03B,$0.10B,-26.21%,$-0.00B,$0.06B,-1.49%,$35,$27,$9,$2,$5,$33,$2,$-0,$1,$0,$1,$1,$1,$3,$2,$15,15,$0.09,$0.08,$1,$32,$0,$58,$19,$0,$22,$0,$42,$100,$37,$20,$0,$21,$57,$2,$-93,$0,$43,$100,$1,$3,$1,$4,$1,$-4,$0,$1,$-4,$2,$-1,$0,$-2,$0,$0,$0,$0,$-3,$1,$0,$1,$0,$0,$0,$0,$1,$-0,$1,$0
46,2007-03-31,10.8,$2.57,4.2,$7.16,1.51,$0.20,54.49,$-1.83,0.0,$0.06B,$0.04B,1.48,$0.02B,$0.04B,0.5,$0.11B,$0.02B,19.63%,$0.11B,$-0.00B,-1.87%,$0.11B,$-0.00B,-1.87%,$0.11B,$0.00B,1.87%,$0.11B,$-0.01B,-4.67%,$0.11B,$-0.03B,-26.17%,$-0.03B,$0.04B,-53.33%,$-0.03B,$0.02B,-80.00%,$-0.03B,$0.10B,-28.43%,$-0.00B,$0.06B,-2.96%,$32,$25,$8,$2,$5,$32,$1,$-1,$-0,$0,$-0,$-0,$-0,$2,$1,$15,15,$0.00,$0.00,$1,$34,$0,$61,$19,$0,$22,$0,$41,$102,$41,$20,$0,$20,$62,$2,$-94,$-0,$40,$102,$-0,$1,$1,$2,$1,$-7,$0,$0,$-4,$-2,$-1,$0,$-2,$0,$0,$0,$0,$-2,$4,$0,$4,$0,$0,$0,$0,$4,$0,$1,$0
47,2006-12-31,11.01,$2.62,4.21,$6.22,1.77,$0.40,27.46,$-1.82,0.0,$0.06B,$0.04B,1.48,$0.02B,$0.04B,0.51,$0.09B,$0.02B,18.28%,$0.09B,$-0.00B,-3.23%,$0.09B,$-0.00B,-3.23%,$0.09B,$0.00B,1.08%,$0.09B,$-0.01B,-5.38%,$0.09B,$-0.03B,-30.11%,$-0.03B,$0.04B,-48.07%,$-0.03B,$0.02B,-60.54%,$-0.03B,$0.10B,-30.11%,$-0.00B,$0.06B,-4.40%,$30,$25,$5,$2,$5,$32,$-2,$-0,$-2,$24,$-26,$-26,$-26,$0,$-2,$15,15,$-1.75,$-1.75,$1,$27,$0,$56,$19,$0,$22,$0,$42,$98,$38,$20,$0,$20,$58,$2,$-94,$-0,$40,$98,$-27,$5,$26,$30,$-9,$-2,$0,$1,$-3,$0,$-1,$0,$-7,$0,$0,$0,$0,$-8,$4,$0,$4,$1,$1,$0,$0,$6,$-2,$1,$0
