,Date,Stock Price,Book Value per Share,Price to Book Ratio,TTM Sales per Share,Price to Sales Ratio,TTM FCF per Share,Price to FCF Ratio,TTM Net EPS,PE Ratio,Current Assets,Current Liabilities,Current Ratio,Long Term Debt,Shareholder's Equity_x,Debt to Equity Ratio,TTM Revenue_x,TTM Gross Profit,Gross Margin,TTM Revenue_y,TTM Operating Income,Operating Margin,TTM Revenue_x,TTM EBIT,EBIT Margin,TTM Revenue_y,TTM EBITDA,EBITDA Margin,TTM Revenue_x,TTM Pre-Tax Income,Pre-Tax Margin,TTM Revenue_y,TTM Net Income_x,Net Margin,TTM Net Income_y,Shareholder's Equity_y,Return on Equity,TTM Net Income_x,Tangible Equity,Return on Tangible Equity,TTM Net Income_y,Total Assets,Return on Assets,TTM Net Income,LT Investments & Debt,Return on Investment,revenue,cost-goods-sold,gross-profit,research-development-expenses,selling-general-administrative-expenses,operating-expenses,operating-income,total-non-operating-income-expense,pre-tax-income,total-provision-income-taxes,income-after-taxes,income-from-continuous-operations,net-income,ebitda,ebit,basic-shares-outstanding,shares-outstanding,eps-basic-net-earnings-per-share,eps-earnings-per-share-diluted,cash-on-hand,inventory,other-current-assets,total-current-assets,net-property-plant-equipment,long-term-investments,goodwill-intangible-assets-total,other-long-term-assets,total-long-term-assets,total-assets,total-current-liabilities,long-term-debt,other-non-current-liabilities,total-long-term-liabilities,total-liabilities,common-stock-net,retained-earnings-accumulated-deficit,comprehensive-income,total-share-holder-equity,total-liabilities-share-holders-equity,net-income-loss,total-depreciation-amortization-cash-flow,other-non-cash-items,total-non-cash-items,change-in-accounts-receivable,change-in-inventories,change-in-accounts-payable,change-in-assets-liabilities,total-change-in-assets-liabilities,cash-flow-from-operating-activities,net-change-in-property-plant-equipment,net-change-in-intangible-assets,net-acquisitions-divestitures,net-change-in-short-term-investments,net-change-in-long-term-investments,net-change-in-investments-total,investing-activities-other,cash-flow-from-investing-activities,net-long-term-debt,net-current-debt,debt-issuance-retirement-net-total,net-common-equity-issued-repurchased,net-total-equity-issued-repurchased,total-common-preferred-stock-dividends-paid,financial-activities-other,cash-flow-from-financial-activities,net-cash-flow,stock-based-compensation,common-stock-dividends-paid
0,2018-09-30,322.19,$22.50,14.32,$34.83,9.25,$11.54,27.91,$1.58,203.92,$1.00B,$0.96B,1.04,$0.01B,$0.81B,0.01,$1.09B,$0.68B,62.28%,$1.09B,$0.08B,7.18%,$1.09B,$0.08B,7.18%,$1.09B,$0.12B,11.13%,$1.09B,$0.08B,7.36%,$1.09B,$0.05B,4.60%,$0.05B,$0.81B,8.15%,$0.05B,$0.43B,10.45%,$0.05B,$1.81B,2.94%,$0.08B,$0.81B,12.60%,$288,$112,$176,$51,$109,$272,$16,$1,$17,$-0,$17,$17,$17,$31,$16,$31,32,$0.55,$0.54,$141,$0,$567,$1003,$290,$0,$374,$0,$808,$1811,$961,$6,$1,$42,$1002,$0,$194,$-9,$808,$1811,$52,$35,$116,$150,$-19,$0,$-9,$-33,$-30,$172,$-59,$0,$-74,$0,$-73,$-73,$71,$-136,$-5,$5,$-1,$3,$3,$0,$-59,$-57,$-23,$104,$0
1,2018-06-30,257.31,$19.19,13.41,$33.45,7.69,$10.50,24.51,$1.19,216.23,$1.09B,$0.95B,1.14,$0.01B,$0.59B,0.01,$1.04B,$0.65B,62.61%,$1.04B,$0.08B,7.34%,$1.04B,$0.08B,7.34%,$1.04B,$0.11B,10.92%,$1.04B,$0.08B,7.44%,$1.04B,$0.04B,3.57%,$0.04B,$0.59B,6.79%,$0.04B,$0.53B,7.57%,$0.04B,$1.56B,2.36%,$0.08B,$0.59B,13.83%,$271,$103,$169,$50,$98,$251,$20,$1,$21,$7,$14,$14,$14,$30,$20,$31,31,$0.45,$0.44,$188,$0,$624,$1086,$275,$0,$55,$0,$474,$1560,$953,$6,$2,$19,$972,$0,$177,$-7,$588,$1560,$35,$19,$80,$99,$-9,$0,$-2,$-29,$-15,$118,$-41,$0,$0,$0,$-69,$-69,$14,$-96,$-3,$61,$58,$3,$3,$0,$-54,$8,$29,$67,$0
2,2018-03-31,243.7,$17.67,13.79,$32.07,7.6,$9.53,25.58,$0.91,267.8,$1.62B,$1.50B,1.08,$0.00B,$0.54B,0.01,$0.99B,$0.62B,62.59%,$0.99B,$0.06B,6.37%,$0.99B,$0.06B,6.37%,$0.99B,$0.10B,9.91%,$0.99B,$0.06B,6.37%,$0.99B,$0.03B,2.83%,$0.03B,$0.54B,5.38%,$0.03B,$0.49B,6.04%,$0.03B,$2.06B,1.88%,$0.06B,$0.55B,12.01%,$277,$105,$172,$47,$103,$255,$22,$0,$22,$1,$21,$21,$21,$31,$22,$30,31,$0.69,$0.67,$148,$0,$1210,$1615,$260,$0,$56,$105,$442,$2058,$1499,$4,$3,$18,$1517,$0,$163,$-7,$541,$2058,$21,$9,$37,$46,$-4,$0,$-0,$-17,$-10,$57,$-23,$0,$0,$0,$-70,$-70,$-573,$-665,$-2,$648,$646,$3,$3,$0,$-52,$597,$-12,$33,$0
3,2017-12-31,218.23,$14.89,14.66,$30.67,7.12,$9.21,23.68,$0.48,454.65,$0.99B,$0.84B,1.18,$0.00B,$0.52B,0.01,$0.94B,$0.59B,62.34%,$0.94B,$0.04B,4.68%,$0.94B,$0.04B,4.68%,$0.94B,$0.08B,8.30%,$0.94B,$0.04B,4.68%,$0.94B,$0.01B,1.49%,$0.01B,$0.52B,2.83%,$0.01B,$0.46B,3.20%,$0.01B,$1.38B,1.01%,$0.04B,$0.52B,8.80%,$251,$91,$160,$41,$99,$231,$20,$-0,$20,$22,$-2,$-2,$-2,$29,$20,$30,31,$-0.08,$-0.07,$165,$0,$563,$991,$244,$0,$57,$0,$386,$1377,$843,$4,$4,$16,$859,$0,$126,$-6,$518,$1377,$14,$34,$181,$215,$-34,$0,$3,$9,$-15,$214,$-78,$0,$-1,$0,$-46,$-46,$-38,$-163,$-6,$98,$91,$7,$7,$0,$-68,$30,$82,$146,$0
4,2017-09-30,189.6,$17.82,10.64,$29.43,6.44,$7.75,24.47,$0.97,195.46,$0.87B,$0.74B,1.18,$0.00B,$0.53B,0.01,$0.90B,$0.56B,61.89%,$0.90B,$0.04B,4.33%,$0.90B,$0.04B,4.33%,$0.90B,$0.07B,8.00%,$0.90B,$0.04B,4.33%,$0.90B,$0.03B,3.11%,$0.03B,$0.53B,5.96%,$0.03B,$0.48B,6.80%,$0.03B,$1.29B,2.12%,$0.04B,$0.54B,8.24%,$236,$89,$147,$38,$95,$222,$14,$-0,$14,$10,$4,$4,$4,$23,$14,$30,31,$0.15,$0.14,$138,$0,$478,$872,$233,$0,$58,$51,$414,$1286,$738,$4,$3,$16,$754,$0,$147,$-6,$532,$1286,$16,$25,$123,$148,$-26,$0,$-1,$0,$-25,$139,$-62,$0,$0,$0,$-49,$-49,$47,$-63,$-5,$12,$7,$5,$5,$0,$-37,$-25,$52,$111,$0
5,2017-06-30,210.06,$16.42,12.79,$28.22,7.44,$7.39,28.43,$0.98,214.35,$0.84B,$0.73B,1.15,$0.01B,$0.49B,0.01,$0.86B,$0.53B,61.67%,$0.86B,$0.03B,3.95%,$0.86B,$0.03B,3.95%,$0.86B,$0.06B,7.43%,$0.86B,$0.03B,3.95%,$0.86B,$0.03B,3.37%,$0.03B,$0.49B,6.52%,$0.03B,$0.43B,7.51%,$0.03B,$1.24B,2.29%,$0.03B,$0.49B,7.57%,$225,$84,$140,$35,$98,$218,$7,$-0,$7,$2,$5,$5,$5,$15,$7,$30,31,$0.15,$0.15,$111,$0,$490,$842,$221,$0,$58,$51,$400,$1242,$734,$5,$5,$19,$753,$0,$142,$-7,$490,$1242,$12,$17,$74,$91,$-10,$0,$0,$-1,$-13,$89,$-44,$0,$0,$0,$-50,$-50,$36,$-57,$-3,$25,$22,$5,$5,$0,$-35,$-8,$24,$73,$0
6,2017-03-31,195.21,$14.90,13.1,$27.05,7.22,$6.95,28.11,$0.88,221.83,$1.24B,$1.16B,1.07,$0.00B,$0.44B,0.01,$0.82B,$0.51B,61.36%,$0.82B,$0.04B,4.25%,$0.82B,$0.04B,4.25%,$0.82B,$0.06B,7.78%,$0.82B,$0.04B,4.25%,$0.82B,$0.03B,3.65%,$0.03B,$0.44B,7.26%,$0.03B,$0.38B,8.35%,$0.03B,$1.62B,2.25%,$0.04B,$0.45B,8.38%,$228,$90,$139,$36,$100,$225,$3,$-0,$3,$-4,$7,$7,$7,$11,$3,$30,30,$0.25,$0.24,$84,$0,$924,$1236,$203,$4,$58,$49,$381,$1617,$1158,$4,$5,$17,$1175,$0,$137,$-7,$442,$1617,$7,$8,$32,$40,$-1,$0,$5,$-5,$-1,$46,$-23,$0,$0,$0,$-50,$-50,$-399,$-472,$-2,$459,$458,$2,$2,$0,$-34,$426,$-0,$34,$0
7,2016-12-31,182.35,$14.12,12.92,$25.77,7.08,$6.87,26.54,$0.72,253.26,$0.78B,$0.71B,1.1,$0.00B,$0.41B,0.01,$0.78B,$0.48B,61.51%,$0.78B,$0.04B,5.24%,$0.78B,$0.04B,5.24%,$0.78B,$0.07B,8.70%,$0.78B,$0.04B,5.24%,$0.78B,$0.03B,3.84%,$0.03B,$0.41B,7.81%,$0.03B,$0.36B,8.90%,$0.03B,$1.14B,2.15%,$0.04B,$0.42B,10.54%,$211,$79,$131,$32,$84,$195,$15,$-0,$15,$3,$12,$12,$12,$23,$15,$29,30,$0.41,$0.38,$89,$0,$465,$780,$180,$9,$59,$47,$355,$1135,$708,$4,$0,$13,$720,$0,$112,$-7,$414,$1135,$29,$27,$129,$156,$-35,$0,$6,$-4,$-26,$160,$-69,$0,$-26,$0,$-84,$-84,$537,$358,$-6,$-457,$-463,$-25,$-25,$0,$-66,$-554,$-36,$114,$0
8,2016-09-30,204.39,$14.94,13.68,$24.59,8.31,$7.01,29.17,$0.60,340.65,$0.71B,$0.62B,1.14,$0.01B,$0.43B,0.01,$0.74B,$0.46B,61.59%,$0.74B,$0.04B,5.39%,$0.74B,$0.04B,5.39%,$0.74B,$0.07B,8.76%,$0.74B,$0.04B,5.39%,$0.74B,$0.02B,2.56%,$0.02B,$0.43B,5.22%,$0.02B,$0.37B,5.86%,$0.02B,$1.07B,1.29%,$0.04B,$0.44B,10.84%,$197,$76,$121,$32,$80,$188,$9,$-0,$9,$4,$5,$5,$5,$15,$9,$29,30,$0.16,$0.16,$111,$0,$394,$711,$166,$8,$59,$42,$359,$1070,$624,$5,$0,$12,$637,$0,$117,$-6,$433,$1070,$17,$19,$93,$112,$-20,$0,$4,$-2,$-14,$115,$-50,$0,$-26,$0,$-84,$-84,$608,$449,$-5,$-528,$-533,$-26,$-26,$0,$-21,$-580,$-15,$84,$0
9,2016-06-30,210.29,$12.60,16.69,$23.36,9.0,$7.14,29.46,$0.64,328.58,$1.23B,$1.14B,1.08,$0.00B,$0.36B,0.01,$0.70B,$0.43B,61.57%,$0.70B,$0.04B,6.14%,$0.70B,$0.04B,6.14%,$0.70B,$0.07B,9.57%,$0.70B,$0.04B,6.14%,$0.70B,$0.02B,2.86%,$0.02B,$0.36B,5.91%,$0.02B,$0.32B,6.54%,$0.02B,$1.52B,1.40%,$0.04B,$0.37B,12.54%,$187,$72,$114,$29,$77,$178,$8,$-0,$8,$2,$6,$6,$6,$15,$8,$29,30,$0.21,$0.20,$98,$0,$931,$1230,$153,$7,$40,$39,$288,$1518,$1142,$4,$0,$12,$1154,$0,$64,$-6,$364,$1518,$13,$13,$62,$75,$-19,$0,$1,$-1,$-22,$66,$-34,$0,$-9,$0,$-82,$-82,$72,$-53,$-3,$8,$5,$-27,$-27,$0,$-19,$-41,$-27,$55,$0
10,2016-03-31,193.5,$11.29,17.14,$22.16,8.73,$6.84,28.31,$0.70,276.43,$1.60B,$1.52B,1.05,$0.01B,$0.33B,0.02,$0.66B,$0.41B,61.52%,$0.66B,$0.04B,6.52%,$0.66B,$0.04B,6.52%,$0.66B,$0.07B,9.85%,$0.66B,$0.04B,6.52%,$0.66B,$0.02B,2.73%,$0.02B,$0.33B,5.61%,$0.02B,$0.30B,6.19%,$0.02B,$1.86B,1.43%,$0.04B,$0.33B,13.22%,$187,$72,$115,$28,$78,$178,$9,$-0,$9,$3,$7,$7,$7,$15,$9,$29,30,$0.23,$0.22,$96,$0,$1312,$1598,$142,$7,$30,$34,$262,$1860,$1521,$5,$0,$13,$1534,$0,$62,$-6,$326,$1860,$7,$6,$30,$36,$-11,$0,$2,$-1,$-4,$39,$-18,$0,$0,$0,$-80,$-80,$-309,$-407,$-1,$389,$388,$-28,$-28,$0,$-18,$342,$-26,$26,$0
11,2015-12-31,195.51,$11.60,16.85,$20.84,9.38,$6.65,29.41,$0.76,257.25,$1.22B,$1.12B,1.09,$0.00B,$0.33B,0.01,$0.62B,$0.38B,61.33%,$0.62B,$0.04B,7.12%,$0.62B,$0.04B,7.12%,$0.62B,$0.07B,10.52%,$0.62B,$0.04B,7.12%,$0.62B,$0.02B,2.43%,$0.02B,$0.33B,4.83%,$0.02B,$0.30B,5.35%,$0.02B,$1.47B,1.34%,$0.04B,$0.34B,13.97%,$171,$64,$107,$25,$67,$156,$14,$-0,$14,$14,$1,$1,$1,$20,$14,$29,30,$0.02,$0.02,$120,$0,$923,$1221,$125,$9,$30,$31,$244,$1466,$1121,$4,$0,$11,$1132,$0,$60,$-8,$334,$1466,$14,$22,$115,$137,$-35,$0,$-0,$14,$-9,$143,$-51,$0,$0,$0,$-80,$-80,$-94,$-225,$-5,$164,$159,$-38,$-38,$0,$-35,$85,$1,$82,$0
12,2015-09-30,179.01,$11.52,15.54,$19.72,9.08,$5.94,30.16,$0.86,208.15,$0.62B,$0.51B,1.22,$0.00B,$0.33B,0.01,$0.58B,$0.35B,60.82%,$0.58B,$0.05B,8.08%,$0.58B,$0.05B,8.08%,$0.58B,$0.07B,11.51%,$0.58B,$0.05B,8.08%,$0.58B,$0.03B,4.47%,$0.03B,$0.33B,8.81%,$0.03B,$0.30B,9.85%,$0.03B,$0.85B,2.47%,$0.05B,$0.33B,15.69%,$155,$60,$95,$23,$61,$144,$12,$-0,$12,$6,$6,$6,$6,$17,$12,$29,30,$0.20,$0.20,$129,$0,$331,$624,$111,$11,$30,$27,$228,$852,$512,$4,$0,$11,$523,$0,$51,$-7,$330,$852,$14,$16,$78,$94,$-23,$0,$-0,$7,$-6,$101,$-34,$0,$0,$0,$-8,$-8,$428,$386,$-4,$-428,$-432,$-27,$-27,$0,$-12,$-472,$14,$60,$0
13,2015-06-30,164.34,$10.30,15.96,$18.84,8.72,$4.77,34.45,$1.33,123.56,$0.66B,$0.57B,1.17,$0.00B,$0.29B,0.01,$0.55B,$0.33B,60.29%,$0.55B,$0.05B,8.84%,$0.55B,$0.05B,8.84%,$0.55B,$0.07B,12.45%,$0.55B,$0.05B,8.84%,$0.55B,$0.04B,7.22%,$0.04B,$0.29B,14.57%,$0.04B,$0.26B,16.49%,$0.04B,$0.87B,3.86%,$0.05B,$0.30B,17.59%,$147,$58,$89,$24,$58,$140,$8,$-0,$8,$4,$4,$4,$4,$13,$8,$29,30,$0.13,$0.12,$111,$0,$401,$662,$103,$3,$31,$25,$206,$868,$566,$4,$0,$8,$574,$0,$45,$-5,$294,$868,$8,$11,$33,$44,$-10,$0,$-0,$1,$-8,$44,$-21,$0,$0,$0,$0,$0,$358,$337,$-3,$-358,$-361,$-28,$-28,$0,$5,$-384,$-4,$38,$0
14,2015-03-31,169.96,$9.94,17.09,$18.04,9.42,$4.70,36.15,$1.43,118.85,$1.11B,$1.01B,1.1,$0.01B,$0.29B,0.02,$0.53B,$0.32B,60.11%,$0.53B,$0.05B,9.83%,$0.53B,$0.05B,9.83%,$0.53B,$0.07B,13.61%,$0.53B,$0.05B,9.83%,$0.53B,$0.04B,7.94%,$0.04B,$0.29B,16.60%,$0.04B,$0.25B,19.05%,$0.04B,$1.30B,4.10%,$0.05B,$0.29B,20.23%,$145,$57,$88,$21,$57,$135,$10,$-0,$10,$6,$4,$4,$4,$15,$10,$29,30,$0.15,$0.14,$123,$0,$847,$1107,$97,$3,$31,$23,$194,$1301,$1008,$5,$0,$9,$1016,$0,$41,$-6,$285,$1301,$4,$5,$13,$19,$-1,$0,$2,$-2,$3,$26,$-11,$0,$0,$0,$0,$0,$-88,$-99,$-1,$88,$87,$-5,$-5,$0,$-1,$81,$7,$16,$0
15,2014-12-31,146.82,$9.53,15.4,$17.27,8.5,$4.68,31.37,$1.52,96.59,$1.01B,$0.91B,1.11,$0.00B,$0.27B,0.01,$0.51B,$0.30B,59.80%,$0.51B,$0.05B,10.69%,$0.51B,$0.05B,10.69%,$0.51B,$0.07B,14.65%,$0.51B,$0.05B,10.69%,$0.51B,$0.05B,8.91%,$0.05B,$0.27B,19.35%,$0.05B,$0.24B,22.56%,$0.05B,$1.19B,4.66%,$0.05B,$0.28B,22.88%,$135,$53,$82,$22,$44,$118,$17,$0,$17,$5,$12,$12,$12,$22,$17,$28,29,$0.42,$0.40,$116,$0,$759,$1011,$87,$2,$32,$21,$179,$1190,$911,$4,$0,$7,$919,$0,$37,$-4,$272,$1190,$45,$19,$57,$77,$-17,$0,$1,$-2,$-13,$108,$-38,$0,$-0,$0,$0,$0,$-497,$-535,$-7,$497,$490,$-14,$-14,$0,$-20,$456,$29,$46,$0
16,2014-09-30,141.51,$8.72,16.23,$16.51,8.57,$3.80,37.2,$1.46,96.92,$0.61B,$0.53B,1.16,$0.00B,$0.25B,0.01,$0.48B,$0.29B,59.75%,$0.48B,$0.05B,10.58%,$0.48B,$0.05B,10.58%,$0.48B,$0.07B,14.52%,$0.48B,$0.05B,10.58%,$0.48B,$0.04B,8.92%,$0.04B,$0.25B,20.33%,$0.04B,$0.21B,24.16%,$0.04B,$0.78B,5.26%,$0.05B,$0.25B,23.75%,$127,$52,$75,$21,$40,$114,$14,$-0,$14,$-6,$20,$20,$20,$19,$14,$28,29,$0.69,$0.67,$109,$0,$379,$611,$82,$2,$33,$19,$172,$783,$529,$3,$0,$7,$536,$0,$25,$-3,$247,$783,$33,$14,$18,$32,$-4,$0,$2,$-4,$-1,$64,$-31,$0,$0,$0,$-0,$-0,$-117,$-148,$-5,$117,$111,$-15,$-15,$0,$9,$105,$20,$33,$0
17,2014-06-30,138.17,$7.39,18.7,$15.71,8.8,$3.83,36.08,$1.01,136.8,$0.67B,$0.60B,1.11,$0.00B,$0.21B,0.02,$0.46B,$0.27B,59.83%,$0.46B,$0.05B,10.70%,$0.46B,$0.05B,10.70%,$0.46B,$0.07B,14.63%,$0.46B,$0.05B,10.70%,$0.46B,$0.03B,6.33%,$0.03B,$0.21B,15.12%,$0.03B,$0.18B,17.50%,$0.03B,$0.82B,3.71%,$0.05B,$0.21B,25.13%,$122,$49,$73,$20,$41,$111,$11,$-0,$11,$5,$6,$6,$6,$16,$11,$28,29,$0.23,$0.22,$89,$0,$462,$668,$75,$3,$34,$19,$151,$820,$604,$3,$0,$8,$612,$0,$5,$-1,$208,$820,$13,$9,$21,$30,$0,$0,$1,$-4,$-2,$41,$-21,$0,$0,$0,$0,$0,$-200,$-221,$-4,$200,$196,$-17,$-17,$0,$2,$181,$1,$22,$0
18,2014-03-31,137.0,$7.17,19.09,$14.91,9.19,$3.78,36.22,$0.96,142.71,$0.93B,$0.86B,1.08,$0.00B,$0.20B,0.02,$0.43B,$0.26B,59.58%,$0.43B,$0.05B,10.85%,$0.43B,$0.05B,10.85%,$0.43B,$0.06B,14.78%,$0.43B,$0.05B,10.85%,$0.43B,$0.03B,6.47%,$0.03B,$0.20B,15.86%,$0.03B,$0.17B,17.72%,$0.03B,$1.07B,3.70%,$0.05B,$0.21B,26.18%,$121,$49,$72,$20,$40,$109,$12,$0,$12,$5,$7,$7,$7,$17,$12,$28,29,$0.24,$0.23,$99,$0,$711,$925,$67,$2,$34,$18,$141,$1066,$856,$3,$0,$7,$863,$0,$-1,$-2,$203,$1066,$7,$4,$10,$14,$3,$0,$2,$-2,$4,$26,$-11,$0,$0,$0,$-0,$-0,$-449,$-460,$-1,$449,$448,$2,$2,$0,$-4,$446,$11,$11,$0
19,2013-12-31,153.22,$6.70,22.86,$14.19,10.8,$3.71,41.34,$0.89,172.16,$0.47B,$0.40B,1.16,$0.00B,$0.19B,0.02,$0.41B,$0.24B,59.02%,$0.41B,$0.04B,10.49%,$0.41B,$0.04B,10.49%,$0.41B,$0.06B,14.39%,$0.41B,$0.04B,10.49%,$0.41B,$0.03B,6.34%,$0.03B,$0.19B,16.48%,$0.03B,$0.15B,17.72%,$0.03B,$0.60B,3.63%,$0.04B,$0.19B,26.71%,$112,$44,$68,$18,$36,$98,$14,$-0,$14,$4,$10,$10,$10,$18,$14,$28,29,$0.35,$0.33,$88,$0,$262,$467,$58,$2,$35,$17,$131,$598,$403,$3,$0,$7,$410,$0,$-8,$-1,$188,$598,$26,$16,$34,$50,$-17,$0,$-1,$7,$-1,$74,$-30,$0,$-25,$0,$0,$0,$21,$-34,$-6,$-21,$-27,$8,$8,$0,$1,$-17,$21,$33,$0
20,2013-09-30,147.4,$6.03,24.45,$13.58,10.85,$3.05,48.26,$0.77,191.43,$0.55B,$0.46B,1.18,$0.00B,$0.17B,0.02,$0.39B,$0.23B,58.21%,$0.39B,$0.04B,10.51%,$0.39B,$0.04B,10.51%,$0.39B,$0.06B,14.62%,$0.39B,$0.04B,10.51%,$0.39B,$0.02B,5.64%,$0.02B,$0.17B,15.77%,$0.02B,$0.17B,16.12%,$0.02B,$0.64B,3.15%,$0.04B,$0.17B,28.62%,$103,$42,$61,$17,$32,$91,$12,$-0,$12,$6,$6,$6,$6,$16,$12,$28,29,$0.23,$0.22,$110,$0,$332,$546,$51,$2,$3,$17,$93,$639,$462,$3,$2,$8,$471,$0,$-18,$-0,$168,$639,$16,$12,$24,$36,$-5,$0,$-2,$1,$3,$54,$-21,$0,$0,$0,$0,$0,$-51,$-72,$-5,$51,$47,$7,$7,$0,$7,$60,$42,$24,$0
21,2013-06-30,117.29,$5.29,22.18,$12.94,9.07,$2.61,44.88,$0.71,165.2,$0.64B,$0.57B,1.12,$0.00B,$0.15B,0.02,$0.37B,$0.21B,57.57%,$0.37B,$0.04B,10.27%,$0.37B,$0.04B,10.27%,$0.37B,$0.05B,14.59%,$0.37B,$0.04B,10.27%,$0.37B,$0.02B,5.68%,$0.02B,$0.15B,16.50%,$0.02B,$0.14B,16.90%,$0.02B,$0.72B,3.31%,$0.04B,$0.15B,28.90%,$97,$41,$57,$17,$31,$88,$9,$-0,$9,$4,$5,$5,$5,$13,$9,$28,29,$0.18,$0.17,$89,$0,$444,$635,$47,$2,$3,$16,$87,$722,$567,$3,$2,$8,$575,$0,$-24,$-1,$147,$722,$9,$8,$16,$23,$-1,$0,$-1,$-1,$-0,$32,$-14,$0,$0,$0,$1,$1,$-163,$-176,$-4,$163,$159,$6,$6,$0,$2,$167,$22,$15,$0
22,2013-03-31,104.16,$4.63,22.49,$12.36,8.43,$2.52,41.4,$0.63,165.33,$0.82B,$0.77B,1.07,$0.00B,$0.13B,0.03,$0.35B,$0.20B,57.10%,$0.35B,$0.03B,9.66%,$0.35B,$0.03B,9.66%,$0.35B,$0.05B,14.20%,$0.35B,$0.03B,9.66%,$0.35B,$0.02B,5.40%,$0.02B,$0.13B,16.34%,$0.02B,$0.13B,16.78%,$0.02B,$0.91B,3.45%,$0.03B,$0.13B,28.10%,$98,$42,$56,$16,$32,$90,$8,$-0,$8,$4,$5,$5,$5,$12,$8,$27,29,$0.16,$0.16,$79,$0,$642,$822,$42,$2,$3,$17,$84,$906,$769,$4,$2,$9,$778,$0,$-29,$-0,$128,$906,$5,$4,$8,$11,$0,$0,$-1,$-2,$2,$18,$-6,$0,$0,$0,$1,$1,$-361,$-366,$-1,$361,$361,$3,$3,$0,$-2,$362,$13,$8,$0
23,2012-12-31,94.41,$4.19,22.51,$11.74,8.04,$2.54,37.2,$0.51,185.12,$0.45B,$0.40B,1.12,$0.01B,$0.12B,0.04,$0.33B,$0.19B,56.63%,$0.33B,$0.03B,8.43%,$0.33B,$0.03B,8.43%,$0.33B,$0.04B,12.95%,$0.33B,$0.03B,8.43%,$0.33B,$0.02B,4.52%,$0.02B,$0.12B,14.02%,$0.02B,$0.11B,14.42%,$0.02B,$0.53B,3.27%,$0.03B,$0.12B,25.11%,$92,$39,$53,$15,$26,$80,$12,$-0,$12,$6,$6,$6,$6,$16,$12,$27,28,$0.24,$0.23,$68,$0,$281,$447,$38,$1,$3,$17,$78,$525,$400,$5,$2,$11,$411,$0,$-33,$0,$115,$525,$15,$14,$23,$37,$-16,$0,$1,$2,$-10,$42,$-17,$0,$0,$0,$-1,$-1,$-162,$-181,$-4,$162,$159,$1,$1,$0,$-8,$152,$13,$20,$0
24,2012-09-30,102.1,$4.40,23.2,$11.10,9.19,$2.21,46.19,$0.36,283.61,$0.31B,$0.26B,1.21,$0.01B,$0.12B,0.05,$0.31B,$0.18B,56.87%,$0.31B,$0.02B,7.67%,$0.31B,$0.02B,7.67%,$0.31B,$0.04B,12.14%,$0.31B,$0.02B,7.67%,$0.31B,$0.01B,3.51%,$0.01B,$0.12B,11.03%,$0.01B,$0.12B,11.37%,$0.01B,$0.39B,2.70%,$0.02B,$0.12B,23.19%,$83,$36,$47,$14,$23,$73,$9,$-0,$9,$4,$5,$5,$5,$13,$9,$27,28,$0.17,$0.16,$82,$0,$144,$310,$36,$1,$3,$16,$76,$386,$255,$5,$2,$12,$267,$0,$-40,$0,$119,$386,$8,$10,$15,$25,$-2,$0,$-1,$-3,$-1,$32,$-12,$0,$0,$0,$-1,$-1,$-26,$-38,$-3,$26,$23,$8,$8,$0,$2,$33,$27,$0,$0
25,2012-06-30,88.93,$3.84,23.17,$10.65,8.35,$1.97,45.13,$0.24,370.54,$0.31B,$0.27B,1.15,$0.01B,$0.10B,0.05,$0.30B,$0.17B,56.71%,$0.30B,$0.02B,6.71%,$0.30B,$0.02B,6.71%,$0.30B,$0.03B,11.07%,$0.30B,$0.02B,6.71%,$0.30B,$0.01B,2.35%,$0.01B,$0.10B,7.82%,$0.01B,$0.10B,8.09%,$0.01B,$0.38B,1.83%,$0.02B,$0.11B,21.62%,$79,$34,$45,$16,$24,$74,$5,$-0,$5,$3,$3,$3,$3,$9,$5,$27,28,$0.10,$0.09,$72,$0,$158,$310,$33,$1,$3,$16,$74,$384,$269,$6,$2,$12,$281,$0,$-44,$-0,$103,$384,$4,$6,$10,$16,$2,$0,$1,$-4,$3,$23,$-7,$0,$0,$0,$-1,$-1,$-39,$-48,$-2,$39,$37,$5,$5,$0,$-1,$42,$16,$9,$0
26,2012-03-31,73.28,$3.44,21.32,$10.15,7.22,$1.70,43.02,$0.18,407.11,$0.47B,$0.44B,1.08,$0.00B,$0.09B,0.03,$0.28B,$0.16B,56.54%,$0.28B,$0.02B,6.36%,$0.28B,$0.02B,6.36%,$0.28B,$0.03B,10.60%,$0.28B,$0.02B,6.36%,$0.28B,$0.01B,1.77%,$0.01B,$0.09B,5.99%,$0.01B,$0.09B,6.21%,$0.01B,$0.54B,1.34%,$0.02B,$0.09B,20.93%,$78,$36,$43,$16,$25,$76,$2,$-0,$2,$1,$1,$1,$1,$5,$2,$26,28,$0.04,$0.04,$65,$0,$333,$474,$25,$2,$3,$15,$67,$540,$439,$2,$2,$10,$449,$0,$-47,$0,$91,$540,$1,$3,$5,$8,$5,$0,$-1,$-2,$6,$14,$-2,$0,$0,$0,$-1,$-1,$-214,$-217,$-1,$214,$213,$3,$3,$0,$-3,$213,$11,$4,$0
27,2011-12-31,65.12,$3.26,19.97,$9.69,6.72,$1.44,45.24,$0.15,434.13,$0.25B,$0.22B,1.14,$0.00B,$0.09B,0.03,$0.27B,$0.15B,56.67%,$0.27B,$0.02B,6.30%,$0.27B,$0.02B,6.30%,$0.27B,$0.03B,10.74%,$0.27B,$0.02B,6.30%,$0.27B,$0.00B,1.48%,$0.00B,$0.09B,4.95%,$0.00B,$0.08B,5.14%,$0.00B,$0.32B,1.14%,$0.02B,$0.09B,20.48%,$73,$30,$43,$14,$21,$65,$8,$-0,$8,$6,$2,$2,$2,$11,$8,$26,28,$0.09,$0.07,$54,$0,$119,$253,$24,$2,$3,$15,$66,$319,$223,$2,$2,$11,$233,$0,$-48,$-0,$86,$319,$4,$12,$20,$31,$-10,$0,$2,$1,$-7,$28,$-14,$0,$0,$0,$0,$0,$-46,$-59,$-3,$46,$43,$-4,$-4,$0,$-2,$36,$5,$15,$0
28,2011-09-30,46.72,$3.03,15.39,$9.30,5.02,$1.66,28.09,$0.13,359.38,$0.22B,$0.20B,1.12,$0.00B,$0.08B,0.03,$0.26B,$0.14B,56.03%,$0.26B,$0.01B,5.45%,$0.26B,$0.01B,5.45%,$0.26B,$0.03B,10.12%,$0.26B,$0.01B,5.45%,$0.26B,$0.00B,1.17%,$0.00B,$0.08B,3.87%,$0.00B,$0.08B,4.03%,$0.00B,$0.29B,0.90%,$0.01B,$0.08B,17.55%,$68,$30,$38,$13,$20,$63,$5,$-0,$5,$4,$1,$1,$1,$8,$5,$26,28,$0.04,$0.04,$51,$0,$101,$221,$24,$1,$3,$14,$65,$286,$197,$2,$2,$11,$208,$0,$-50,$-0,$78,$286,$2,$9,$14,$23,$-0,$0,$0,$-4,$-2,$24,$-11,$0,$0,$0,$-1,$-1,$-28,$-39,$-2,$28,$26,$-9,$-9,$0,$0,$17,$1,$11,$0
29,2011-06-30,54.43,$3.08,17.7,$8.97,6.07,$1.68,32.32,$0.13,418.69,$0.29B,$0.26B,1.11,$0.00B,$0.08B,0.03,$0.25B,$0.14B,56.50%,$0.25B,$0.01B,4.47%,$0.25B,$0.01B,4.47%,$0.25B,$0.02B,9.35%,$0.25B,$0.01B,4.47%,$0.25B,$0.00B,1.22%,$0.00B,$0.08B,4.07%,$0.00B,$0.08B,4.24%,$0.00B,$0.35B,0.92%,$0.01B,$0.08B,14.43%,$64,$28,$36,$12,$21,$61,$3,$-0,$3,$2,$1,$1,$1,$6,$3,$26,28,$0.03,$0.03,$52,$0,$165,$289,$22,$2,$3,$12,$64,$353,$261,$2,$2,$13,$273,$0,$-51,$0,$79,$353,$1,$6,$9,$15,$-0,$0,$2,$-5,$-1,$15,$-8,$0,$0,$0,$1,$1,$-93,$-100,$-1,$93,$91,$-1,$-1,$0,$-2,$89,$4,$8,$0
30,2011-03-31,58.75,$3.11,18.88,$8.70,6.76,$1.69,34.66,$0.08,734.38,$0.38B,$0.35B,1.09,$0.00B,$0.08B,0.03,$0.24B,$0.13B,56.54%,$0.24B,$0.01B,3.38%,$0.24B,$0.01B,3.38%,$0.24B,$0.02B,8.86%,$0.24B,$0.01B,3.38%,$0.24B,$0.00B,0.42%,$0.00B,$0.08B,1.47%,$0.00B,$0.08B,1.53%,$0.00B,$0.44B,0.35%,$0.01B,$0.08B,11.35%,$65,$29,$36,$12,$23,$63,$1,$-0,$1,$1,$0,$0,$0,$4,$1,$26,28,$0.01,$0.01,$56,$0,$256,$380,$20,$1,$3,$12,$62,$441,$349,$2,$2,$13,$361,$0,$-52,$0,$80,$441,$0,$3,$5,$7,$1,$0,$2,$-3,$1,$9,$-4,$0,$0,$0,$-0,$-0,$-183,$-187,$-1,$183,$182,$5,$5,$0,$-2,$185,$7,$4,$0
31,2010-12-31,48.63,$2.51,19.34,$8.44,5.76,$1.66,29.3,$0.08,607.88,$0.19B,$0.16B,1.17,$0.00B,$0.07B,0.03,$0.23B,$0.13B,56.58%,$0.23B,$0.01B,3.51%,$0.23B,$0.01B,3.51%,$0.23B,$0.02B,9.21%,$0.23B,$0.01B,3.51%,$0.23B,$0.00B,0.44%,$0.00B,$0.07B,1.58%,$0.00B,$0.07B,1.66%,$0.00B,$0.25B,0.43%,$0.01B,$0.08B,12.21%,$60,$26,$34,$11,$19,$56,$5,$-0,$5,$3,$1,$1,$1,$8,$5,$25,27,$0.06,$0.05,$50,$0,$73,$190,$18,$0,$3,$12,$59,$250,$163,$2,$2,$14,$177,$0,$-52,$0,$73,$250,$2,$12,$14,$26,$-11,$0,$0,$7,$-3,$25,$-5,$0,$0,$0,$0,$0,$-49,$-54,$-3,$49,$47,$-5,$-5,$0,$4,$46,$17,$13,$0
32,2010-09-30,38.64,$2.53,15.3,$8.35,4.63,$1.67,23.16,$0.03,1288.0,$0.20B,$0.18B,1.1,$0.00B,$0.06B,0.04,$0.22B,$0.12B,55.91%,$0.22B,$0.00B,1.82%,$0.22B,$0.00B,1.82%,$0.22B,$0.02B,7.73%,$0.22B,$0.00B,1.82%,$0.22B,0,0.00%,$0.00B,$0.06B,0.00%,$0.00B,$0.06B,0.00%,$0.00B,$0.26B,0.00%,$0.00B,$0.07B,6.50%,$57,$24,$33,$11,$19,$55,$2,$-0,$2,$1,$1,$1,$1,$5,$2,$25,27,$0.04,$0.04,$38,$0,$100,$200,$18,$1,$3,$11,$58,$258,$183,$2,$0,$12,$195,$0,$-54,$0,$63,$258,$1,$9,$10,$19,$-6,$0,$1,$-0,$-4,$16,$-3,$0,$0,$0,$0,$0,$-76,$-79,$-2,$76,$74,$-9,$-9,$0,$3,$68,$6,$10,$0
33,2010-06-30,32.86,$2.30,14.26,$8.19,4.01,$1.69,19.46,$-0.03,0.0,$0.14B,$0.13B,1.09,$0.00B,$0.06B,0.03,$0.21B,$0.12B,55.45%,$0.21B,$0.00B,0.47%,$0.21B,$0.00B,0.47%,$0.21B,$0.01B,6.64%,$0.21B,$0.00B,0.47%,$0.21B,$-0.00B,-0.47%,$-0.00B,$0.06B,-1.72%,$-0.00B,$0.05B,-1.82%,$-0.00B,$0.20B,-0.54%,$0.00B,$0.06B,1.67%,$55,$24,$31,$11,$20,$54,$0,$-0,$0,$0,$0,$0,$-1,$4,$0,$25,27,$-0.02,$-0.02,$31,$0,$48,$141,$18,$1,$3,$11,$58,$198,$129,$2,$0,$12,$141,$0,$-55,$0,$57,$198,$-0,$6,$8,$14,$-5,$0,$0,$-2,$-4,$10,$-2,$0,$0,$0,$0,$0,$-25,$-27,$-1,$25,$24,$-8,$-8,$0,$0,$16,$-1,$7,$0
34,2010-03-31,32.95,$2.42,13.63,$8.10,4.07,$1.73,19.08,$-0.02,0.0,$0.16B,$0.15B,1.09,$0.00B,$0.06B,0.03,$0.20B,$0.11B,55.17%,$0.20B,$0.00B,0.49%,$0.20B,$0.00B,0.49%,$0.20B,$0.01B,6.40%,$0.20B,$0.00B,0.49%,$0.20B,0,0.00%,$0.00B,$0.06B,0.00%,$0.00B,$0.06B,0.00%,$0.00B,$0.22B,0.00%,$0.00B,$0.06B,1.66%,$56,$25,$31,$10,$20,$55,$1,$-0,$1,$0,$0,$0,$0,$4,$1,$25,27,$0.01,$0.01,$34,$0,$74,$163,$19,$1,$3,$12,$60,$223,$150,$2,$0,$13,$163,$0,$-54,$-1,$60,$223,$0,$3,$4,$7,$0,$0,$1,$-2,$-2,$5,$-1,$0,$0,$0,$-0,$-0,$-50,$-51,$-1,$50,$50,$-1,$-1,$0,$0,$48,$2,$3,$0
35,2009-12-31,29.37,$2.35,12.52,$8.04,3.66,$1.66,17.71,$-0.05,0.0,$0.11B,$0.10B,1.1,$0.00B,$0.06B,0.03,$0.20B,$0.11B,55.10%,$0.20B,0,0.00%,$0.20B,0,0.00%,$0.20B,$0.01B,5.61%,$0.20B,0,0.00%,$0.20B,0,0.00%,$0.00B,$0.06B,0.00%,$0.00B,$0.06B,0.00%,$0.00B,$0.17B,0.00%,$0.00B,$0.06B,0.00%,$52,$24,$28,$9,$18,$51,$1,$0,$1,$1,$0,$0,$0,$4,$1,$24,24,$0.00,$0.00,$32,$0,$24,$110,$19,$1,$3,$12,$61,$171,$101,$2,$0,$12,$113,$0,$-54,$-1,$58,$171,$-1,$12,$14,$26,$-1,$0,$-3,$5,$-2,$23,$-5,$0,$0,$0,$-4,$-4,$-18,$-26,$-3,$18,$15,$-6,$-6,$0,$0,$9,$6,$13,$0
36,2009-09-30,28.72,$2.34,12.27,$7.90,3.63,$1.36,21.17,$-0.03,0.0,$0.10B,$0.08B,1.13,$0.00B,$0.06B,0.03,$0.19B,$0.11B,54.40%,$0.19B,0,0.00%,$0.19B,0,0.00%,$0.19B,$0.01B,5.70%,$0.19B,0,0.00%,$0.19B,$0.00B,0.52%,$0.00B,$0.06B,1.81%,$0.00B,$0.05B,1.90%,$0.00B,$0.15B,0.67%,$0.00B,$0.06B,0.00%,$48,$22,$27,$10,$17,$49,$-1,$0,$-1,$-0,$-0,$-0,$-0,$2,$-1,$25,25,$-0.02,$-0.02,$30,$0,$11,$95,$20,$1,$3,$12,$59,$154,$84,$1,$0,$12,$97,$0,$-54,$-1,$57,$154,$-1,$9,$10,$19,$2,$0,$-2,$1,$-2,$16,$-4,$0,$0,$0,$-2,$-2,$-5,$-11,$-2,$5,$3,$-3,$-3,$0,$0,$1,$6,$10,$0
37,2009-06-30,24.24,$2.18,11.1,$7.73,3.14,$1.13,21.46,$-0.13,0.0,$0.09B,$0.08B,1.17,$0.00B,$0.06B,0.03,$0.19B,$0.10B,53.44%,$0.19B,$-0.00B,-1.59%,$0.19B,$-0.00B,-1.59%,$0.19B,$0.01B,3.70%,$0.19B,$-0.00B,-1.59%,$0.19B,$-0.00B,-1.06%,$-0.00B,$0.06B,-3.69%,$-0.00B,$0.06B,-3.90%,$-0.00B,$0.15B,-1.38%,$-0.00B,$0.06B,-5.33%,$47,$21,$26,$9,$17,$48,$-0,$0,$-0,$-0,$-0,$-0,$-0,$3,$-0,$24,24,$-0.01,$-0.01,$31,$0,$7,$92,$21,$0,$3,$11,$59,$150,$78,$2,$0,$13,$91,$0,$-54,$-1,$59,$150,$-1,$6,$7,$13,$4,$0,$-4,$-0,$-2,$11,$-3,$0,$0,$0,$4,$4,$-2,$-0,$-1,$2,$0,$2,$2,$0,$0,$2,$13,$7,$0
38,2009-03-31,17.26,$2.02,8.53,$7.47,2.31,$0.99,17.41,$-0.15,0.0,$0.09B,$0.08B,1.1,$0.00B,$0.05B,0.03,$0.18B,$0.10B,53.55%,$0.18B,$-0.00B,-2.19%,$0.18B,$-0.00B,-2.19%,$0.18B,$0.01B,2.73%,$0.18B,$-0.00B,-2.19%,$0.18B,$-0.00B,-1.64%,$-0.00B,$0.05B,-5.63%,$-0.00B,$0.05B,-6.00%,$-0.00B,$0.15B,-2.13%,$-0.00B,$0.06B,-7.24%,$49,$22,$27,$9,$18,$49,$-0,$0,$-0,$-0,$-0,$-0,$-0,$2,$-0,$24,24,$-0.02,$-0.02,$24,$0,$9,$85,$23,$0,$3,$12,$60,$145,$78,$2,$0,$13,$91,$0,$-54,$-1,$54,$145,$-0,$3,$4,$7,$6,$0,$-2,$-2,$-3,$3,$-2,$0,$0,$0,$3,$3,$-3,$-2,$-1,$3,$3,$0,$0,$0,$0,$3,$4,$3,$0
39,2008-12-31,14.6,$2.11,6.94,$7.11,2.05,$1.18,12.41,$-0.12,0.0,$0.09B,$0.08B,1.05,$0.00B,$0.05B,0.03,$0.18B,$0.10B,54.24%,$0.18B,$-0.00B,-2.26%,$0.18B,$-0.00B,-2.26%,$0.18B,$0.01B,2.82%,$0.18B,$-0.00B,-2.26%,$0.18B,$-0.00B,-1.69%,$-0.00B,$0.05B,-5.56%,$-0.00B,$0.05B,-5.97%,$-0.00B,$0.15B,-2.18%,$-0.00B,$0.05B,-7.14%,$49,$24,$25,$8,$16,$48,$1,$0,$1,$0,$1,$1,$1,$4,$1,$25,25,$0.02,$0.02,$23,$0,$6,$87,$23,$0,$3,$12,$61,$147,$83,$2,$0,$13,$96,$0,$-53,$-1,$51,$147,$-3,$10,$16,$26,$-5,$0,$4,$3,$3,$26,$-14,$0,$0,$0,$13,$13,$-6,$-8,$-3,$6,$3,$-22,$-22,$0,$0,$-18,$-0,$15,$0
40,2008-09-30,27.0,$1.97,13.72,$6.69,4.04,$1.47,18.42,$0.72,37.5,$0.08B,$0.07B,1.08,$0.00B,$0.05B,0.04,$0.17B,$0.10B,55.88%,$0.17B,$-0.00B,-1.18%,$0.17B,$-0.00B,-1.18%,$0.17B,$0.01B,3.53%,$0.17B,$-0.00B,-1.18%,$0.17B,$0.02B,11.18%,$0.02B,$0.05B,33.63%,$0.02B,$0.05B,36.19%,$0.02B,$0.14B,14.10%,$-0.00B,$0.06B,-3.42%,$44,$21,$23,$10,$17,$48,$-4,$0,$-4,$-1,$-3,$-3,$-3,$-2,$-4,$25,25,$-0.12,$-0.12,$24,$0,$2,$75,$23,$0,$4,$11,$61,$136,$70,$2,$0,$14,$84,$0,$-54,$-0,$53,$136,$-4,$7,$12,$19,$1,$0,$3,$0,$3,$19,$-12,$0,$0,$0,$10,$10,$-2,$-4,$-2,$2,$-0,$-17,$-17,$0,$0,$-17,$-2,$12,$0
41,2008-06-30,35.63,$2.07,17.2,$6.27,5.68,$1.70,20.96,$0.93,38.31,$0.08B,$0.07B,1.14,$0.00B,$0.06B,0.03,$0.16B,$0.09B,57.32%,$0.16B,$0.00B,2.44%,$0.16B,$0.00B,2.44%,$0.16B,$0.01B,7.32%,$0.16B,$0.00B,2.44%,$0.16B,$0.02B,14.63%,$0.02B,$0.06B,45.93%,$0.02B,$0.05B,49.48%,$0.02B,$0.14B,18.97%,$0.00B,$0.06B,7.37%,$41,$18,$23,$9,$16,$43,$-1,$0,$-1,$-1,$-1,$-1,$-1,$1,$-1,$25,25,$-0.03,$-0.03,$26,$0,$2,$75,$22,$0,$4,$11,$59,$135,$66,$2,$0,$13,$79,$0,$-51,$-0,$55,$135,$-0,$4,$9,$13,$2,$0,$3,$-2,$1,$14,$-9,$0,$0,$0,$13,$13,$-2,$3,$-1,$2,$1,$-13,$-13,$0,$0,$-13,$3,$8,$0
42,2008-03-31,30.06,$2.34,12.85,$5.85,5.14,$1.88,16.01,$1.19,25.26,$0.08B,$0.06B,1.26,$0.00B,$0.06B,0.03,$0.16B,$0.09B,57.59%,$0.16B,$0.01B,4.43%,$0.16B,$0.01B,4.43%,$0.16B,$0.01B,8.86%,$0.16B,$0.01B,6.96%,$0.16B,$0.03B,19.62%,$0.03B,$0.06B,63.92%,$0.03B,$0.05B,68.89%,$0.03B,$0.13B,26.22%,$0.01B,$0.06B,13.86%,$43,$18,$25,$9,$16,$43,$0,$0,$0,$0,$0,$0,$0,$2,$0,$25,26,$0.01,$0.01,$34,$0,$0,$79,$20,$0,$4,$10,$54,$133,$62,$2,$0,$13,$75,$0,$-50,$0,$57,$133,$0,$2,$5,$7,$4,$0,$4,$-3,$3,$11,$-4,$0,$0,$0,$8,$8,$0,$4,$-1,$0,$-1,$-8,$-8,$0,$0,$-9,$5,$5,$0
43,2007-12-31,31.47,$2.46,12.78,$5.55,5.68,$1.66,18.98,$1.23,25.59,$0.08B,$0.06B,1.36,$0.00B,$0.06B,0.04,$0.15B,$0.09B,56.58%,$0.15B,$0.01B,5.26%,$0.15B,$0.01B,5.26%,$0.15B,$0.02B,9.87%,$0.15B,$0.01B,7.89%,$0.15B,$0.03B,21.05%,$0.03B,$0.06B,75.29%,$0.03B,$0.06B,81.53%,$0.03B,$0.14B,29.43%,$0.01B,$0.06B,17.98%,$42,$18,$24,$7,$14,$39,$3,$0,$3,$-20,$23,$23,$23,$5,$3,$25,27,$0.93,$0.87,$35,$0,$0,$83,$18,$1,$4,$9,$53,$135,$61,$2,$0,$13,$74,$0,$-50,$-0,$61,$135,$33,$7,$-8,$-1,$-10,$0,$-0,$5,$-3,$29,$-9,$0,$-0,$0,$-2,$-2,$0,$-11,$-3,$0,$-3,$-14,$-14,$0,$0,$-17,$1,$10,$0
44,2007-09-30,34.9,$1.44,24.23,$5.19,6.72,$1.18,29.67,$0.44,79.32,$0.07B,$0.06B,1.29,$0.00B,$0.04B,0.06,$0.14B,$0.08B,55.94%,$0.14B,$0.01B,4.20%,$0.14B,$0.01B,4.20%,$0.14B,$0.01B,9.09%,$0.14B,$0.01B,7.69%,$0.14B,$0.01B,7.69%,$0.01B,$0.04B,31.43%,$0.01B,$0.03B,34.38%,$0.01B,$0.10B,11.17%,$0.01B,$0.04B,16.22%,$38,$16,$22,$7,$13,$36,$2,$0,$2,$0,$2,$2,$2,$4,$2,$25,28,$0.10,$0.09,$32,$0,$0,$71,$17,$1,$3,$9,$32,$103,$55,$2,$0,$12,$67,$0,$-73,$0,$36,$103,$10,$5,$8,$13,$-4,$0,$1,$0,$-3,$20,$-6,$0,$-0,$0,$-0,$-0,$0,$-6,$-2,$0,$-2,$-13,$-13,$0,$0,$-15,$-1,$7,$0
45,2007-06-30,28.93,$1.61,18.02,$4.89,5.91,$0.82,35.2,$0.40,72.33,$0.07B,$0.05B,1.38,$0.00B,$0.04B,0.05,$0.13B,$0.08B,55.97%,$0.13B,$0.01B,3.73%,$0.13B,$0.01B,3.73%,$0.13B,$0.01B,8.21%,$0.13B,$0.01B,7.46%,$0.13B,$0.01B,7.46%,$0.01B,$0.04B,30.53%,$0.01B,$0.04B,32.79%,$0.01B,$0.10B,10.81%,$0.01B,$0.04B,14.49%,$35,$15,$20,$7,$12,$33,$2,$5,$6,$0,$6,$6,$6,$3,$2,$25,28,$0.26,$0.23,$36,$0,$0,$70,$16,$2,$3,$9,$32,$102,$50,$2,$0,$12,$62,$0,$-76,$-0,$40,$102,$8,$3,$5,$9,$0,$0,$-0,$-1,$-2,$14,$-4,$0,$-0,$0,$-2,$-2,$0,$-6,$-1,$0,$-1,$-4,$-4,$0,$0,$-5,$3,$5,$0
46,2007-03-31,26.19,$1.34,19.58,$4.66,5.62,$0.59,44.72,$0.25,104.76,$0.07B,$0.05B,1.3,$0.00B,$0.03B,0.05,$0.13B,$0.07B,56.69%,$0.13B,$0.01B,3.94%,$0.13B,$0.01B,3.94%,$0.13B,$0.01B,8.66%,$0.13B,$0.01B,4.72%,$0.13B,$0.01B,4.72%,$0.01B,$0.03B,20.00%,$0.01B,$0.03B,21.05%,$0.01B,$0.10B,6.92%,$0.01B,$0.04B,15.87%,$37,$16,$20,$7,$12,$36,$1,$0,$1,$0,$1,$1,$1,$3,$1,$25,27,$0.05,$0.05,$30,$0,$0,$66,$15,$1,$3,$8,$29,$95,$51,$2,$0,$11,$62,$0,$-82,$0,$33,$95,$1,$2,$3,$4,$0,$0,$1,$-1,$-2,$4,$-3,$0,$-0,$0,$-2,$-2,$0,$-5,$-1,$0,$-1,$-2,$-2,$0,$0,$-3,$-4,$3,$0
47,2006-12-31,23.26,$1.27,18.29,$4.37,5.33,$0.59,39.13,$0.15,155.07,$0.07B,$0.05B,1.28,$0.00B,$0.03B,0.05,$0.12B,$0.07B,56.52%,$0.12B,$0.00B,2.61%,$0.12B,$0.00B,2.61%,$0.12B,$0.01B,6.96%,$0.12B,$0.00B,3.48%,$0.12B,$0.00B,3.48%,$0.00B,$0.03B,14.29%,$0.00B,$0.03B,14.68%,$0.00B,$0.09B,4.95%,$0.00B,$0.03B,10.17%,$33,$15,$18,$6,$11,$32,$1,$0,$2,$0,$2,$2,$2,$3,$1,$24,27,$0.08,$0.07,$31,$0,$0,$66,$13,$2,$3,$7,$27,$94,$52,$2,$0,$11,$63,$0,$-84,$0,$31,$94,$4,$5,$7,$12,$-9,$0,$1,$3,$-1,$15,$-8,$0,$-4,$0,$-1,$-1,$0,$-13,$-2,$0,$-2,$-1,$-1,$0,$0,$-3,$-1,$6,$0
