,Date,Stock Price,Book Value per Share,Price to Book Ratio,TTM Sales per Share,Price to Sales Ratio,TTM FCF per Share,Price to FCF Ratio,TTM Net EPS,PE Ratio,Current Assets,Current Liabilities,Current Ratio,Long Term Debt,Shareholder's Equity_x,Debt to Equity Ratio,TTM Revenue_x,TTM Gross Profit,Gross Margin,TTM Revenue_y,TTM Operating Income,Operating Margin,TTM Revenue_x,TTM EBIT,EBIT Margin,TTM Revenue_y,TTM EBITDA,EBITDA Margin,TTM Revenue_x,TTM Pre-Tax Income,Pre-Tax Margin,TTM Revenue_y,TTM Net Income_x,Net Margin,TTM Net Income_y,Shareholder's Equity_y,Return on Equity,TTM Net Income_x,Tangible Equity,Return on Tangible Equity,TTM Net Income_y,Total Assets,Return on Assets,TTM Net Income,LT Investments & Debt,Return on Investment,revenue,cost-goods-sold,gross-profit,research-development-expenses,selling-general-administrative-expenses,operating-expenses,operating-income,total-non-operating-income-expense,pre-tax-income,total-provision-income-taxes,income-after-taxes,income-from-continuous-operations,net-income,ebitda,ebit,basic-shares-outstanding,shares-outstanding,eps-basic-net-earnings-per-share,eps-earnings-per-share-diluted,cash-on-hand,inventory,other-current-assets,total-current-assets,net-property-plant-equipment,long-term-investments,goodwill-intangible-assets-total,other-long-term-assets,total-long-term-assets,total-assets,total-current-liabilities,long-term-debt,other-non-current-liabilities,total-long-term-liabilities,total-liabilities,common-stock-net,retained-earnings-accumulated-deficit,comprehensive-income,total-share-holder-equity,total-liabilities-share-holders-equity,net-income-loss,total-depreciation-amortization-cash-flow,other-non-cash-items,total-non-cash-items,change-in-accounts-receivable,change-in-inventories,change-in-accounts-payable,change-in-assets-liabilities,total-change-in-assets-liabilities,cash-flow-from-operating-activities,net-change-in-property-plant-equipment,net-change-in-intangible-assets,net-acquisitions-divestitures,net-change-in-short-term-investments,net-change-in-long-term-investments,net-change-in-investments-total,investing-activities-other,cash-flow-from-investing-activities,net-long-term-debt,net-current-debt,debt-issuance-retirement-net-total,net-common-equity-issued-repurchased,net-total-equity-issued-repurchased,total-common-preferred-stock-dividends-paid,financial-activities-other,cash-flow-from-financial-activities,net-cash-flow,stock-based-compensation,common-stock-dividends-paid
0,2018-09-30,70.9,$44.20,1.6,$22.14,3.2,$11.40,6.22,$5.66,12.53,$13.28B,$19.10B,0.7,$0.08B,$2.20B,0.04,$1.11B,$1.01B,91.13%,$1.11B,$0.26B,23.80%,$1.11B,0,0.00%,$1.11B,0,0.00%,$1.11B,$0.26B,23.80%,$1.11B,$0.28B,25.52%,$0.28B,$2.20B,12.89%,$0.28B,$2.01B,14.17%,$0.28B,$21.46B,1.33%,$0.26B,$2.28B,11.60%,$286,$35,$251,$0,$185,$221,$65,$0,$65,$7,$58,$58,$58,$0,$0,$49,50,$1.17,$1.16,$1305,$0,$0,$13275,$277,$7197,$197,$516,$8187,$21462,$19101,$79,$79,$158,$19259,$55,$1478,$-156,$2203,$21462,$170,$74,$10,$84,$-6,$-30,$0,$25,$-30,$224,$-36,$0,$2,$-20,$222,$203,$-709,$-540,$-2,$-68,$-69,$-17,$-17,$-44,$-286,$-416,$-732,$9,$-44
1,2018-06-30,76.23,$43.96,1.73,$21.67,3.52,$12.07,6.31,$5.47,13.94,$12.27B,$18.20B,0.67,$0.08B,$2.20B,0.04,$1.08B,$1.00B,92.60%,$1.08B,$0.26B,24.05%,$1.08B,0,0.00%,$1.08B,0,0.00%,$1.08B,$0.26B,24.05%,$1.08B,$0.27B,25.16%,$0.27B,$2.20B,12.57%,$0.27B,$2.00B,13.86%,$0.27B,$20.53B,1.30%,$0.26B,$2.28B,11.60%,$277,$26,$251,$0,$183,$210,$66,$0,$66,$11,$55,$55,$55,$0,$0,$50,50,$1.12,$1.11,$631,$0,$0,$12268,$274,$7283,$198,$508,$8264,$20531,$18200,$79,$51,$130,$18330,$55,$1434,$-129,$2202,$20531,$112,$49,$-10,$39,$-3,$-15,$0,$10,$-52,$99,$-22,$0,$3,$129,$181,$310,$-373,$-83,$-1,$405,$404,$2,$2,$-29,$-1637,$-1260,$-1244,$6,$-29
2,2018-03-31,72.13,$43.31,1.67,$21.38,3.37,$12.71,5.68,$5.22,13.82,$12.60B,$18.70B,0.67,$0.08B,$2.17B,0.04,$1.07B,$1.00B,93.62%,$1.07B,$0.25B,23.45%,$1.07B,0,0.00%,$1.07B,0,0.00%,$1.07B,$0.25B,23.45%,$1.07B,$0.26B,24.39%,$0.26B,$2.17B,12.20%,$0.26B,$1.97B,13.49%,$0.26B,$20.99B,1.25%,$0.25B,$2.25B,11.32%,$273,$20,$253,$0,$184,$206,$68,$0,$68,$10,$58,$58,$57,$0,$0,$49,50,$1.15,$1.14,$1144,$0,$0,$12604,$273,$7453,$200,$458,$8384,$20988,$18703,$79,$39,$118,$18821,$55,$1393,$-117,$2167,$20988,$57,$25,$7,$32,$-2,$-14,$0,$8,$-69,$20,$-9,$0,$3,$71,$43,$114,$-188,$-80,$-1,$94,$93,$-0,$-0,$-15,$-805,$-727,$-787,$3,$-15
3,2017-12-31,71.39,$43.72,1.63,$20.88,3.42,$12.72,5.61,$4.97,14.36,$13.27B,$19.48B,0.68,$0.08B,$2.18B,0.04,$1.04B,$0.98B,94.33%,$1.04B,$0.24B,22.67%,$1.04B,0,0.00%,$1.04B,0,0.00%,$1.04B,$0.24B,22.67%,$1.04B,$0.25B,23.73%,$0.25B,$2.18B,11.81%,$0.25B,$1.98B,13.18%,$0.25B,$21.77B,1.19%,$0.24B,$2.26B,10.88%,$269,$17,$252,$0,$187,$205,$64,$0,$64,$16,$47,$47,$112,$0,$0,$49,50,$2.27,$2.24,$1990,$0,$0,$13270,$276,$7585,$201,$439,$8501,$21772,$19475,$79,$36,$115,$19590,$55,$1338,$-46,$2182,$21772,$247,$103,$8,$111,$-5,$-11,$0,$25,$-32,$327,$-33,$0,$165,$178,$43,$221,$-831,$-479,$1,$-596,$-595,$-1,$-1,$-52,$1452,$804,$652,$13,$-52
4,2017-09-30,73.67,$42.15,1.75,$19.92,3.7,$11.86,6.21,$3.59,20.52,$11.90B,$18.05B,0.66,$0.08B,$2.10B,0.04,$0.99B,$0.94B,94.95%,$0.99B,$0.22B,22.50%,$0.99B,0,0.00%,$0.99B,0,0.00%,$0.99B,$0.22B,22.50%,$0.99B,$0.18B,17.96%,$0.18B,$2.10B,8.74%,$0.18B,$1.90B,9.80%,$0.18B,$20.28B,0.87%,$0.22B,$2.18B,10.55%,$262,$17,$245,$0,$182,$200,$62,$0,$62,$13,$49,$49,$48,$0,$0,$49,50,$0.98,$0.97,$893,$0,$0,$11899,$277,$7189,$204,$656,$8380,$20280,$18050,$76,$51,$128,$18178,$55,$1240,$-23,$2102,$20280,$135,$78,$43,$121,$-3,$-18,$0,$-12,$-12,$244,$-23,$0,$-3,$114,$309,$423,$-544,$-147,$-1,$-0,$-2,$-3,$-3,$-38,$-571,$-614,$-516,$10,$-38
5,2017-06-30,73.74,$41.42,1.78,$19.44,3.79,$10.12,7.28,$3.47,21.25,$11.81B,$18.15B,0.65,$0.08B,$2.07B,0.04,$0.97B,$0.92B,95.75%,$0.97B,$0.21B,21.87%,$0.97B,0,0.00%,$0.97B,0,0.00%,$0.97B,$0.21B,21.87%,$0.97B,$0.17B,17.82%,$0.17B,$2.07B,8.53%,$0.17B,$1.87B,9.65%,$0.17B,$20.35B,0.85%,$0.21B,$2.15B,10.08%,$262,$14,$248,$0,$190,$205,$56,$0,$56,$11,$45,$45,$43,$0,$0,$49,50,$0.87,$0.86,$958,$0,$0,$11811,$276,$7571,$205,$436,$8543,$20354,$18145,$76,$62,$138,$18282,$55,$1204,$-24,$2071,$20354,$87,$53,$28,$81,$2,$-19,$0,$-20,$-49,$119,$-11,$0,$-2,$164,$115,$279,$-323,$-57,$-1,$29,$28,$7,$7,$-25,$-474,$-465,$-402,$7,$-25
6,2017-03-31,73.91,$40.34,1.83,$18.88,3.91,$9.31,7.94,$3.37,21.93,$11.78B,$18.43B,0.64,$0.08B,$2.01B,0.04,$0.93B,$0.90B,96.36%,$0.93B,$0.20B,21.84%,$0.93B,0,0.00%,$0.93B,0,0.00%,$0.93B,$0.20B,21.84%,$0.93B,$0.17B,17.88%,$0.17B,$2.01B,8.35%,$0.17B,$1.75B,9.54%,$0.17B,$20.58B,0.83%,$0.20B,$2.09B,9.81%,$248,$10,$237,$0,$181,$193,$54,$0,$54,$12,$42,$42,$44,$0,$0,$49,50,$0.90,$0.89,$1020,$0,$0,$11783,$282,$7826,$260,$424,$8793,$20576,$18429,$76,$61,$137,$18565,$55,$1175,$-44,$2011,$20576,$44,$26,$11,$38,$5,$-35,$0,$-6,$-65,$17,$-5,$0,$0,$150,$-151,$-1,$-223,$-228,$-1,$533,$532,$0,$0,$-13,$-675,$-156,$-367,$3,$-13
7,2016-12-31,75.44,$39.51,1.91,$18.82,4.01,$9.48,7.96,$3.22,23.43,$12.06B,$18.60B,0.65,$0.08B,$1.96B,0.04,$0.93B,$0.90B,96.87%,$0.93B,$0.20B,21.49%,$0.93B,0,0.00%,$0.93B,0,0.00%,$0.93B,$0.20B,21.49%,$0.93B,$0.16B,17.17%,$0.16B,$1.96B,8.01%,$0.16B,$1.76B,9.19%,$0.16B,$20.68B,0.80%,$0.20B,$2.04B,9.64%,$219,$8,$211,$0,$159,$168,$51,$0,$51,$10,$41,$41,$43,$0,$0,$49,49,$0.87,$0.87,$1502,$0,$0,$12055,$289,$7651,$207,$425,$8628,$20683,$18601,$77,$43,$120,$18720,$55,$1143,$-58,$1962,$20683,$159,$109,$36,$146,$-14,$-12,$0,$4,$-8,$296,$-49,$0,$0,$-63,$-255,$-317,$-1136,$-1502,$-10,$34,$24,$1,$1,$-49,$1476,$1451,$245,$12,$-49
8,2016-09-30,57.96,$40.86,1.42,$17.25,3.36,$7.81,7.43,$2.95,19.65,$11.42B,$17.56B,0.65,$0.08B,$2.03B,0.04,$0.84B,$0.82B,96.92%,$0.84B,$0.16B,18.62%,$0.84B,0,0.00%,$0.84B,0,0.00%,$0.84B,$0.16B,18.62%,$0.84B,$0.15B,17.32%,$0.15B,$2.03B,7.42%,$0.15B,$1.76B,8.60%,$0.15B,$19.73B,0.75%,$0.16B,$2.10B,7.66%,$236,$7,$228,$0,$176,$185,$50,$0,$50,$11,$39,$39,$42,$0,$0,$49,49,$0.86,$0.85,$1110,$0,$0,$11418,$287,$7372,$266,$383,$8308,$19726,$17563,$75,$64,$139,$17702,$55,$1113,$43,$2025,$19726,$116,$84,$24,$108,$-14,$-31,$0,$-14,$-54,$170,$-37,$0,$0,$-6,$219,$213,$-884,$-708,$-11,$198,$187,$-4,$-4,$-36,$283,$430,$-109,$9,$-36
9,2016-06-30,51.67,$40.44,1.28,$17.04,3.03,$7.79,6.63,$2.56,20.18,$11.09B,$17.59B,0.63,$0.09B,$2.00B,0.04,$0.83B,$0.81B,97.23%,$0.83B,$0.14B,16.61%,$0.83B,0,0.00%,$0.83B,0,0.00%,$0.83B,$0.14B,16.61%,$0.83B,$0.13B,15.16%,$0.13B,$2.00B,6.51%,$0.13B,$1.73B,7.58%,$0.13B,$19.73B,0.66%,$0.14B,$2.09B,6.83%,$231,$7,$224,$0,$173,$182,$49,$0,$49,$12,$36,$36,$38,$0,$0,$49,49,$0.77,$0.76,$988,$0,$0,$11090,$277,$7718,$269,$380,$8644,$19734,$17591,$85,$55,$140,$17731,$55,$1083,$55,$2003,$19734,$74,$56,$13,$70,$-12,$-27,$0,$-9,$-61,$82,$-16,$0,$0,$30,$-118,$-89,$-665,$-769,$-1,$-29,$-31,$-5,$-5,$-24,$554,$494,$-193,$5,$-24
10,2016-03-31,49.92,$39.38,1.27,$17.10,2.92,$8.07,6.18,$2.45,20.38,$10.64B,$17.22B,0.62,$0.09B,$1.95B,0.04,$0.82B,$0.80B,97.56%,$0.82B,$0.13B,15.71%,$0.82B,0,0.00%,$0.82B,0,0.00%,$0.82B,$0.13B,15.71%,$0.82B,$0.12B,14.37%,$0.12B,$1.95B,6.21%,$0.12B,$1.68B,7.27%,$0.12B,$19.30B,0.63%,$0.13B,$2.03B,6.50%,$240,$6,$234,$0,$182,$192,$49,$0,$49,$12,$36,$36,$36,$0,$0,$49,49,$0.75,$0.74,$925,$0,$0,$10639,$279,$7753,$272,$360,$8664,$19303,$17222,$85,$48,$133,$17355,$55,$1058,$32,$1948,$19303,$36,$28,$2,$30,$-4,$3,$0,$2,$-39,$28,$-8,$0,$0,$36,$-167,$-131,$-274,$-412,$-1,$-136,$-137,$-9,$-9,$-12,$323,$165,$-220,$2,$-12
11,2015-12-31,44.79,$38.34,1.17,$17.02,2.63,$7.83,5.72,$2.45,18.28,$10.63B,$17.08B,0.62,$0.09B,$1.89B,0.05,$0.80B,$0.78B,97.88%,$0.80B,$0.13B,16.00%,$0.80B,0,0.00%,$0.80B,0,0.00%,$0.80B,$0.13B,16.00%,$0.80B,$0.12B,14.50%,$0.12B,$1.89B,6.33%,$0.12B,$1.62B,7.43%,$0.12B,$19.09B,0.64%,$0.13B,$1.98B,6.74%,$136,$5,$131,$0,$123,$127,$9,$0,$9,$-1,$10,$10,$30,$0,$0,$47,48,$0.60,$0.59,$1184,$0,$0,$10625,$281,$7539,$275,$374,$8470,$19094,$17077,$86,$37,$123,$17201,$55,$1034,$-4,$1894,$19094,$116,$110,$9,$119,$-7,$10,$0,$-22,$-23,$212,$-53,$0,$95,$-11,$-169,$-180,$-1193,$-1330,$-8,$-319,$-328,$3,$3,$-46,$521,$150,$-968,$11,$-46
12,2015-09-30,48.65,$38.56,1.26,$18.76,2.59,$9.02,5.39,$2.44,19.94,$10.37B,$16.58B,0.63,$0.08B,$1.90B,0.04,$0.87B,$0.86B,98.28%,$0.87B,$0.16B,17.87%,$0.87B,0,0.00%,$0.87B,0,0.00%,$0.87B,$0.16B,17.87%,$0.87B,$0.11B,12.94%,$0.11B,$1.90B,6.38%,$0.11B,$1.62B,7.51%,$0.11B,$18.60B,0.63%,$0.16B,$1.98B,8.58%,$224,$5,$219,$0,$184,$193,$31,$0,$31,$9,$22,$22,$22,$0,$0,$49,49,$0.46,$0.46,$1309,$0,$0,$10366,$282,$7329,$278,$344,$8232,$18598,$16578,$84,$36,$119,$16697,$55,$1016,$27,$1901,$18598,$86,$79,$5,$84,$-5,$11,$0,$-3,$3,$173,$-42,$0,$105,$70,$104,$175,$-810,$-572,$-11,$-795,$-805,$-1,$-1,$-34,$482,$-358,$-756,$9,$-34
13,2015-06-30,54.33,$37.68,1.44,$18.96,2.87,$9.67,5.62,$2.76,19.69,$10.24B,$16.43B,0.62,$0.09B,$1.86B,0.05,$0.87B,$0.85B,98.50%,$0.87B,$0.17B,19.98%,$0.87B,0,0.00%,$0.87B,0,0.00%,$0.87B,$0.17B,19.98%,$0.87B,$0.13B,14.67%,$0.13B,$1.86B,7.47%,$0.13B,$1.58B,8.83%,$0.13B,$18.42B,0.74%,$0.17B,$1.95B,10.01%,$221,$5,$217,$0,$174,$181,$40,$0,$40,$10,$30,$30,$30,$0,$0,$46,47,$0.65,$0.65,$1317,$0,$0,$10243,$280,$7450,$282,$164,$8175,$18419,$16426,$88,$47,$135,$16562,$55,$1006,$-2,$1857,$18419,$64,$50,$3,$54,$-4,$-7,$0,$13,$-12,$106,$-29,$0,$105,$56,$-59,$-3,$-474,$-401,$-11,$-363,$-373,$-2,$-2,$-22,$-82,$-480,$-775,$6,$-22
14,2015-03-31,50.19,$36.76,1.37,$19.14,2.62,$9.71,5.17,$2.87,17.49,$8.78B,$15.01B,0.59,$0.01B,$1.68B,0.01,$0.87B,$0.86B,98.50%,$0.87B,$0.18B,20.94%,$0.87B,0,0.00%,$0.87B,0,0.00%,$0.87B,$0.18B,20.94%,$0.87B,$0.13B,15.19%,$0.13B,$1.68B,8.07%,$0.13B,$1.43B,9.56%,$0.13B,$16.73B,0.80%,$0.18B,$1.69B,11.08%,$219,$4,$216,$0,$165,$171,$48,$0,$48,$14,$34,$34,$34,$0,$0,$45,45,$0.75,$0.74,$1272,$0,$0,$8776,$264,$7201,$251,$238,$7954,$16730,$15011,$8,$29,$37,$15048,$55,$987,$27,$1682,$16730,$34,$25,$-3,$23,$-3,$-1,$0,$-4,$-34,$22,$-15,$0,$0,$106,$-32,$75,$-34,$26,$-1,$-306,$-307,$-4,$-4,$-11,$-479,$-801,$-752,$3,$-11
15,2014-12-31,53.74,$36.10,1.49,$18.99,2.83,$9.02,5.96,$2.65,20.28,$9.60B,$15.82B,0.61,$0.01B,$1.64B,0.01,$0.86B,$0.85B,98.38%,$0.86B,$0.17B,19.26%,$0.86B,0,0.00%,$0.86B,0,0.00%,$0.86B,$0.17B,19.26%,$0.86B,$0.12B,14.04%,$0.12B,$1.64B,7.56%,$0.12B,$1.39B,9.01%,$0.12B,$17.50B,0.74%,$0.17B,$1.65B,10.33%,$209,$3,$206,$0,$166,$172,$37,$0,$37,$10,$27,$27,$27,$0,$0,$45,45,$0.61,$0.59,$2129,$0,$0,$9599,$258,$7258,$254,$132,$7902,$17501,$15822,$9,$26,$35,$15857,$55,$964,$11,$1644,$17501,$121,$98,$10,$108,$-0,$-3,$0,$-20,$17,$246,$-40,$0,$-18,$-196,$-209,$-404,$-969,$-1431,$4,$442,$446,$3,$3,$-41,$-17,$390,$-795,$10,$-41
16,2014-09-30,51.31,$35.51,1.44,$19.75,2.6,$10.69,4.8,$2.83,18.13,$8.58B,$14.63B,0.59,$0.01B,$1.62B,0.0,$0.88B,$0.86B,98.41%,$0.88B,$0.18B,20.16%,$0.88B,0,0.00%,$0.88B,0,0.00%,$0.88B,$0.18B,20.16%,$0.88B,$0.13B,14.69%,$0.13B,$1.62B,8.24%,$0.13B,$1.36B,9.88%,$0.13B,$16.28B,0.80%,$0.18B,$1.62B,11.26%,$217,$3,$214,$0,$163,$169,$48,$0,$48,$13,$36,$36,$36,$0,$0,$45,45,$0.79,$0.78,$1479,$0,$0,$8584,$257,$7069,$257,$117,$7700,$16284,$14626,$7,$35,$42,$14669,$55,$948,$2,$1615,$16284,$94,$73,$9,$82,$1,$-12,$0,$-4,$6,$182,$-30,$0,$-18,$-108,$-8,$-116,$-602,$-767,$2,$128,$130,$3,$3,$-31,$-879,$-777,$-1362,$8,$-31
17,2014-06-30,59.39,$35.21,1.69,$20.15,2.95,$11.46,5.18,$2.88,20.62,$7.93B,$13.91B,0.57,$0.01B,$1.60B,0.0,$0.87B,$0.86B,98.28%,$0.87B,$0.18B,20.30%,$0.87B,0,0.00%,$0.87B,0,0.00%,$0.87B,$0.18B,20.30%,$0.87B,$0.13B,14.56%,$0.13B,$1.60B,8.31%,$0.13B,$1.34B,10.04%,$0.13B,$15.56B,0.79%,$0.18B,$1.61B,11.54%,$224,$4,$220,$0,$168,$175,$49,$0,$49,$14,$35,$35,$35,$0,$0,$45,45,$0.77,$0.76,$1004,$0,$0,$7925,$251,$7007,$260,$120,$7637,$15563,$13914,$6,$42,$48,$13961,$55,$922,$17,$1601,$15563,$58,$49,$9,$58,$3,$-4,$0,$-15,$-25,$91,$-15,$0,$-18,$-75,$81,$6,$-410,$-437,$1,$24,$25,$2,$2,$-20,$-1459,$-1453,$-1799,$5,$-20
18,2014-03-31,60.4,$33.94,1.78,$20.22,2.99,$12.42,4.86,$2.87,21.04,$8.28B,$14.36B,0.58,$0.01B,$1.54B,0.0,$0.85B,$0.83B,98.23%,$0.85B,$0.17B,19.93%,$0.85B,0,0.00%,$0.85B,0,0.00%,$0.85B,$0.17B,19.93%,$0.85B,$0.12B,14.39%,$0.12B,$1.54B,8.50%,$0.12B,$1.28B,10.45%,$0.12B,$15.95B,0.76%,$0.17B,$1.55B,11.74%,$212,$4,$208,$0,$174,$180,$32,$0,$32,$8,$23,$23,$23,$0,$0,$45,45,$0.52,$0.52,$1516,$0,$0,$8277,$248,$7009,$262,$150,$7669,$15946,$14358,$6,$39,$45,$14404,$55,$898,$-13,$1542,$15946,$23,$25,$2,$27,$3,$-17,$0,$-26,$-68,$-18,$-6,$0,$0,$-75,$37,$-38,$-242,$-286,$1,$390,$391,$-0,$-0,$-10,$-1380,$-999,$-1304,$3,$-10
19,2013-12-31,59.79,$33.30,1.8,$20.69,2.89,$13.64,4.38,$3.22,18.57,$9.26B,$15.38B,0.6,$0.01B,$1.51B,0.0,$0.84B,$0.83B,98.10%,$0.84B,$0.19B,22.00%,$0.84B,0,0.00%,$0.84B,0,0.00%,$0.84B,$0.19B,22.00%,$0.84B,$0.13B,15.93%,$0.13B,$1.51B,9.78%,$0.13B,$1.24B,12.18%,$0.13B,$16.91B,0.84%,$0.19B,$1.51B,13.45%,$225,$3,$222,$0,$170,$177,$48,$0,$48,$13,$35,$35,$35,$0,$0,$41,42,$0.77,$0.76,$2730,$0,$0,$9255,$250,$7023,$265,$119,$7657,$16912,$15378,$5,$23,$28,$15406,$55,$885,$-33,$1506,$16912,$134,$97,$11,$108,$-6,$8,$0,$-10,$53,$295,$-36,$0,$26,$-7,$-159,$-166,$-845,$-1021,$-0,$-204,$-205,$238,$238,$-36,$1945,$1942,$1216,$8,$-36
20,2013-09-30,50.37,$32.85,1.53,$20.11,2.5,$11.92,4.22,$2.97,16.96,$8.58B,$14.70B,0.58,$0.01B,$1.46B,0.0,$0.81B,$0.79B,97.90%,$0.81B,$0.17B,20.37%,$0.81B,0,0.00%,$0.81B,0,0.00%,$0.81B,$0.17B,20.37%,$0.81B,$0.12B,14.81%,$0.12B,$1.46B,9.13%,$0.12B,$1.20B,11.54%,$0.12B,$16.18B,0.77%,$0.17B,$1.47B,12.51%,$211,$4,$207,$0,$156,$163,$48,$0,$48,$13,$34,$34,$34,$0,$0,$41,41,$0.85,$0.83,$2072,$0,$0,$8579,$248,$6905,$269,$184,$7605,$16184,$14700,$5,$16,$21,$14721,$55,$860,$-16,$1464,$16184,$99,$73,$6,$79,$-1,$1,$0,$-13,$15,$193,$-26,$0,$1,$35,$-90,$-55,$-830,$-911,$-0,$-260,$-260,$205,$205,$-26,$1372,$1291,$574,$7,$-26
21,2013-06-30,51.41,$30.20,1.7,$19.71,2.61,$11.48,4.48,$2.78,18.49,$7.48B,$14.01B,0.53,$0.00B,$1.23B,0.0,$0.79B,$0.77B,97.85%,$0.79B,$0.15B,19.37%,$0.79B,0,0.00%,$0.79B,0,0.00%,$0.79B,$0.15B,19.37%,$0.79B,$0.11B,14.18%,$0.11B,$1.23B,8.81%,$0.11B,$0.96B,11.26%,$0.11B,$15.25B,0.76%,$0.15B,$1.23B,11.99%,$200,$4,$196,$0,$152,$159,$41,$0,$41,$11,$30,$30,$30,$0,$0,$40,40,$0.75,$0.74,$1138,$0,$0,$7484,$246,$7131,$272,$121,$7770,$15253,$14006,$4,$17,$21,$14027,$55,$834,$-22,$1226,$15253,$65,$49,$0,$49,$-5,$8,$0,$-13,$8,$122,$-17,$0,$1,$21,$-251,$-230,$-659,$-904,$-1,$371,$369,$2,$2,$-17,$61,$415,$-367,$5,$-17
22,2013-03-31,45.13,$31.73,1.42,$19.59,2.3,$10.73,4.21,$2.75,16.41,$8.06B,$14.37B,0.56,$0.00B,$1.29B,0.0,$0.79B,$0.77B,97.71%,$0.79B,$0.15B,19.47%,$0.79B,0,0.00%,$0.79B,0,0.00%,$0.79B,$0.15B,19.47%,$0.79B,$0.11B,14.12%,$0.11B,$1.29B,8.69%,$0.11B,$1.01B,11.14%,$0.11B,$15.71B,0.78%,$0.15B,$1.29B,11.93%,$205,$4,$200,$0,$149,$157,$48,$0,$48,$13,$35,$35,$35,$0,$0,$40,40,$0.88,$0.87,$2042,$0,$0,$8060,$245,$6997,$275,$129,$7646,$15705,$14371,$4,$44,$49,$14420,$55,$813,$64,$1286,$15705,$35,$24,$-4,$21,$-3,$-17,$0,$12,$-20,$35,$-7,$0,$-1,$70,$28,$98,$-327,$-237,$-1,$-128,$-129,$-1,$-1,$-9,$902,$763,$561,$2,$-9
23,2012-12-31,40.11,$31.71,1.26,$19.83,2.02,$10.12,3.96,$3.03,13.24,$7.22B,$13.62B,0.53,$0.01B,$1.28B,0.01,$0.80B,$0.78B,97.62%,$0.80B,$0.17B,21.30%,$0.80B,0,0.00%,$0.80B,0,0.00%,$0.80B,$0.17B,21.30%,$0.80B,$0.12B,15.29%,$0.12B,$1.28B,9.69%,$0.12B,$1.00B,12.52%,$0.12B,$14.93B,0.89%,$0.17B,$1.29B,13.44%,$194,$4,$190,$0,$158,$166,$28,$0,$28,$6,$21,$21,$21,$0,$0,$40,40,$0.53,$0.53,$1534,$0,$0,$7223,$245,$7079,$279,$103,$7704,$14927,$13623,$6,$19,$25,$13648,$55,$787,$86,$1279,$14927,$123,$91,$7,$98,$13,$2,$0,$-21,$3,$224,$-43,$0,$18,$105,$-884,$-778,$-738,$-1542,$-1,$-176,$-176,$-13,$-13,$-34,$1447,$1225,$-93,$7,$-34
24,2012-09-30,44.33,$31.88,1.39,$19.61,2.26,$10.08,4.4,$3.09,14.35,$6.06B,$11.97B,0.51,$0.01B,$1.29B,0.0,$0.79B,$0.77B,97.33%,$0.79B,$0.17B,21.86%,$0.79B,0,0.00%,$0.79B,0,0.00%,$0.79B,$0.17B,21.86%,$0.79B,$0.12B,15.76%,$0.12B,$1.29B,10.02%,$0.12B,$1.01B,13.08%,$0.12B,$13.29B,0.92%,$0.17B,$1.30B,13.83%,$191,$5,$187,$0,$147,$155,$36,$0,$36,$10,$26,$26,$26,$0,$0,$40,40,$0.65,$0.64,$652,$0,$0,$6055,$239,$6611,$282,$99,$7231,$13286,$11969,$6,$17,$23,$11992,$55,$775,$101,$1294,$13286,$102,$68,$0,$68,$2,$18,$0,$-18,$7,$177,$-30,$0,$2,$146,$-377,$-231,$-442,$-702,$-1,$-799,$-800,$0,$0,$-25,$431,$-394,$-918,$6,$-25
25,2012-06-30,46.47,$30.89,1.5,$19.50,2.38,$9.08,5.12,$3.09,15.04,$6.11B,$11.91B,0.51,$0.01B,$1.25B,0.0,$0.78B,$0.76B,96.93%,$0.78B,$0.17B,21.97%,$0.78B,0,0.00%,$0.78B,0,0.00%,$0.78B,$0.17B,21.97%,$0.78B,$0.12B,15.84%,$0.12B,$1.25B,10.28%,$0.12B,$0.96B,13.58%,$0.12B,$13.18B,0.94%,$0.17B,$1.26B,14.18%,$196,$5,$191,$0,$145,$154,$41,$0,$41,$12,$29,$29,$29,$0,$0,$40,40,$0.73,$0.72,$786,$0,$0,$6111,$235,$6448,$288,$101,$7071,$13183,$11910,$5,$15,$20,$11931,$55,$757,$81,$1252,$13183,$76,$45,$-7,$39,$4,$1,$0,$-14,$-19,$95,$-20,$0,$1,$129,$-239,$-110,$-365,$-493,$-1,$-552,$-554,$-2,$-2,$-17,$152,$-420,$-818,$4,$-17
26,2012-03-31,40.39,$29.90,1.35,$19.47,2.07,$9.78,4.13,$3.02,13.37,$6.70B,$12.41B,0.54,$0.01B,$1.21B,0.0,$0.78B,$0.76B,96.80%,$0.78B,$0.17B,21.51%,$0.78B,0,0.00%,$0.78B,0,0.00%,$0.78B,$0.17B,21.51%,$0.78B,$0.12B,15.49%,$0.12B,$1.21B,10.28%,$0.12B,$0.92B,13.76%,$0.12B,$13.64B,0.93%,$0.17B,$1.22B,14.19%,$217,$6,$211,$0,$143,$152,$65,$0,$65,$19,$46,$46,$46,$0,$0,$40,40,$1.16,$1.15,$1540,$0,$0,$6696,$228,$6319,$291,$107,$6946,$13641,$12409,$5,$14,$20,$12428,$55,$736,$64,$1213,$13641,$46,$23,$-12,$11,$2,$-11,$0,$-19,$-47,$10,$-6,$0,$1,$73,$-132,$-59,$-188,$-252,$-1,$-450,$-451,$-1,$-1,$-8,$571,$110,$-132,$2,$-8
27,2011-12-31,33.47,$29.46,1.14,$18.89,1.77,$11.28,2.97,$2.63,12.73,$6.71B,$12.32B,0.55,$0.01B,$1.19B,0.01,$0.76B,$0.73B,96.44%,$0.76B,$0.15B,19.39%,$0.76B,0,0.00%,$0.76B,0,0.00%,$0.76B,$0.15B,19.39%,$0.76B,$0.11B,13.98%,$0.11B,$1.19B,9.27%,$0.11B,$0.90B,12.56%,$0.11B,$13.54B,0.82%,$0.15B,$1.20B,12.77%,$183,$6,$177,$0,$143,$153,$30,$0,$30,$7,$23,$23,$23,$0,$0,$40,40,$0.58,$0.59,$1735,$0,$0,$6709,$228,$6219,$295,$89,$6832,$13541,$12319,$7,$25,$31,$12350,$55,$698,$81,$1191,$13541,$106,$88,$13,$101,$5,$-16,$0,$-0,$6,$213,$-35,$0,$-8,$189,$-461,$-272,$-407,$-722,$-4,$-156,$-159,$-7,$-7,$-32,$1133,$935,$426,$7,$-32
28,2011-09-30,28.66,$28.97,0.99,$18.82,1.52,$10.57,2.71,$2.52,11.37,$5.65B,$10.95B,0.52,$0.01B,$1.17B,0.01,$0.76B,$0.73B,96.17%,$0.76B,$0.15B,19.15%,$0.76B,0,0.00%,$0.76B,0,0.00%,$0.76B,$0.15B,19.15%,$0.76B,$0.10B,13.47%,$0.10B,$1.17B,9.18%,$0.10B,$0.87B,12.60%,$0.10B,$12.14B,0.81%,$0.15B,$1.18B,12.96%,$187,$7,$180,$0,$140,$150,$36,$0,$36,$10,$26,$26,$26,$0,$0,$40,40,$0.65,$0.64,$865,$0,$0,$5654,$226,$5869,$299,$91,$6485,$12139,$10948,$8,$13,$21,$10969,$55,$683,$77,$1170,$12139,$83,$65,$3,$68,$4,$-29,$0,$-11,$-18,$133,$-27,$0,$-8,$184,$-107,$77,$-216,$-173,$-2,$-747,$-749,$-7,$-7,$-24,$358,$-422,$-462,$5,$-24
29,2011-06-30,37.22,$27.97,1.33,$18.57,2.0,$10.89,3.42,$2.45,15.19,$6.55B,$11.61B,0.56,$0.01B,$1.13B,0.01,$0.75B,$0.72B,95.85%,$0.75B,$0.14B,18.61%,$0.75B,0,0.00%,$0.75B,0,0.00%,$0.75B,$0.14B,18.61%,$0.75B,$0.10B,13.25%,$0.10B,$1.13B,9.08%,$0.10B,$0.83B,12.28%,$0.10B,$12.77B,0.79%,$0.14B,$1.14B,12.64%,$194,$7,$188,$0,$147,$158,$37,$0,$37,$10,$26,$26,$26,$0,$0,$40,40,$0.66,$0.65,$1807,$0,$0,$6550,$220,$5602,$303,$94,$6220,$12771,$11610,$8,$21,$28,$11638,$55,$665,$55,$1133,$12771,$57,$43,$0,$43,$6,$-1,$0,$7,$18,$119,$-15,$0,$-8,$229,$118,$347,$-166,$158,$-3,$-589,$-591,$-3,$-3,$-16,$885,$276,$552,$4,$-16
30,2011-03-31,33.05,$26.62,1.24,$18.11,1.83,$10.37,3.19,$2.37,13.95,$7.06B,$12.23B,0.58,$0.01B,$1.08B,0.01,$0.73B,$0.70B,95.34%,$0.73B,$0.14B,18.52%,$0.73B,0,0.00%,$0.73B,0,0.00%,$0.73B,$0.14B,18.52%,$0.73B,$0.10B,13.17%,$0.10B,$1.08B,8.93%,$0.10B,$0.78B,11.71%,$0.10B,$13.35B,0.80%,$0.14B,$1.09B,12.46%,$194,$8,$186,$0,$139,$150,$44,$0,$44,$13,$31,$31,$31,$0,$0,$40,40,$0.77,$0.76,$2381,$0,$0,$7056,$219,$5695,$299,$82,$6296,$13352,$12229,$8,$37,$44,$12273,$55,$646,$20,$1079,$13352,$31,$21,$1,$22,$11,$-12,$0,$16,$18,$72,$-7,$0,$0,$260,$-10,$249,$-94,$149,$-2,$-407,$-410,$-1,$-1,$-8,$1344,$926,$1146,$2,$-8
31,2010-12-31,36.48,$26.24,1.39,$17.61,2.07,$9.84,3.71,$2.26,16.14,$6.08B,$11.29B,0.54,$0.01B,$1.06B,0.01,$0.71B,$0.67B,94.77%,$0.71B,$0.13B,18.08%,$0.71B,0,0.00%,$0.71B,0,0.00%,$0.71B,$0.13B,18.08%,$0.71B,$0.09B,12.85%,$0.09B,$1.06B,8.57%,$0.09B,$0.76B,10.87%,$0.09B,$12.41B,0.80%,$0.13B,$1.07B,11.90%,$182,$8,$174,$0,$142,$154,$28,$0,$28,$9,$19,$19,$19,$0,$0,$40,40,$0.48,$0.47,$1482,$0,$0,$6083,$220,$5700,$303,$99,$6322,$12405,$11294,$9,$41,$50,$11344,$55,$623,$25,$1061,$12405,$91,$71,$16,$87,$-9,$-4,$0,$14,$2,$180,$-30,$0,$-159,$209,$-784,$-575,$-215,$-979,$-15,$161,$146,$-7,$-7,$-30,$494,$603,$-196,$6,$-30
32,2010-09-30,31.11,$26.98,1.15,$17.36,1.79,$9.21,3.38,$2.38,13.07,$5.64B,$10.21B,0.55,$0.01B,$1.09B,0.01,$0.70B,$0.66B,94.13%,$0.70B,$0.13B,18.60%,$0.70B,0,0.00%,$0.70B,0,0.00%,$0.70B,$0.13B,18.60%,$0.70B,$0.10B,13.73%,$0.10B,$1.09B,9.14%,$0.10B,$0.86B,11.20%,$0.10B,$11.34B,0.86%,$0.13B,$1.10B,12.17%,$177,$9,$168,$0,$135,$147,$30,$0,$30,$7,$23,$23,$23,$0,$0,$40,40,$0.57,$0.57,$1054,$0,$0,$5640,$216,$5141,$233,$110,$5700,$11340,$10211,$9,$30,$39,$10250,$55,$612,$67,$1090,$11340,$72,$52,$12,$63,$7,$-2,$0,$2,$3,$139,$-19,$0,$-114,$402,$-155,$247,$-206,$-93,$-15,$-498,$-514,$-7,$-7,$-22,$67,$-475,$-429,$5,$-22
33,2010-06-30,30.98,$26.42,1.17,$17.16,1.81,$9.07,3.41,$2.40,12.91,$5.56B,$9.97B,0.56,$0.01B,$1.07B,0.01,$0.69B,$0.65B,93.49%,$0.69B,$0.13B,19.25%,$0.69B,0,0.00%,$0.69B,0,0.00%,$0.69B,$0.13B,19.25%,$0.69B,$0.10B,14.04%,$0.10B,$1.07B,9.40%,$0.10B,$0.88B,11.35%,$0.10B,$11.06B,0.89%,$0.13B,$1.08B,12.61%,$176,$9,$167,$0,$132,$143,$33,$0,$33,$10,$23,$23,$23,$0,$0,$40,40,$0.57,$0.57,$1107,$0,$0,$5558,$214,$5005,$184,$102,$5505,$11062,$9968,$9,$17,$26,$9994,$55,$597,$60,$1068,$11062,$49,$33,$7,$40,$10,$-10,$0,$-1,$4,$93,$-10,$0,$-88,$314,$-38,$276,$-66,$112,$-15,$-529,$-544,$-4,$-4,$-15,$-114,$-677,$-472,$3,$-15
34,2010-03-31,35.19,$25.43,1.38,$16.86,2.09,$8.58,4.1,$2.30,15.3,$5.41B,$9.66B,0.56,$0.02B,$1.03B,0.02,$0.68B,$0.63B,92.65%,$0.68B,$0.13B,18.53%,$0.68B,0,0.00%,$0.68B,0,0.00%,$0.68B,$0.13B,18.53%,$0.68B,$0.09B,13.68%,$0.09B,$1.03B,9.18%,$0.09B,$0.85B,11.06%,$0.09B,$10.72B,0.87%,$0.13B,$1.05B,12.10%,$173,$10,$162,$0,$124,$136,$37,$0,$37,$10,$26,$26,$26,$0,$0,$40,40,$0.65,$0.65,$1100,$0,$0,$5414,$213,$4819,$178,$100,$5310,$10724,$9657,$24,$13,$37,$9695,$55,$581,$37,$1029,$10724,$26,$16,$1,$18,$3,$3,$0,$-5,$2,$46,$-3,$0,$-12,$290,$120,$410,$19,$414,$-1,$-624,$-625,$-3,$-3,$-7,$-314,$-949,$-489,$2,$-7
35,2009-12-31,33.95,$25.11,1.35,$16.47,2.06,$8.34,4.07,$2.20,15.43,$6.22B,$10.60B,0.59,$0.03B,$1.02B,0.03,$0.67B,$0.61B,91.89%,$0.67B,$0.12B,18.02%,$0.67B,0,0.00%,$0.67B,0,0.00%,$0.67B,$0.12B,18.02%,$0.67B,$0.09B,13.51%,$0.09B,$1.02B,8.98%,$0.09B,$0.84B,10.66%,$0.09B,$11.66B,0.86%,$0.12B,$1.04B,11.62%,$173,$12,$161,$0,$129,$143,$30,$0,$30,$6,$24,$24,$24,$0,$0,$40,41,$0.59,$0.59,$1883,$0,$0,$6216,$218,$4966,$179,$85,$5447,$11663,$10600,$25,$23,$48,$10648,$55,$563,$40,$1016,$11663,$89,$64,$22,$86,$4,$0,$0,$-37,$-29,$147,$-21,$0,$-48,$-269,$-91,$-360,$66,$-364,$-10,$-186,$-197,$-25,$-25,$-29,$809,$559,$342,$5,$-29
36,2009-09-30,34.73,$25.08,1.38,$16.36,2.12,$8.05,4.31,$2.10,16.54,$5.32B,$9.18B,0.58,$0.03B,$1.01B,0.03,$0.66B,$0.60B,90.48%,$0.66B,$0.12B,17.82%,$0.66B,0,0.00%,$0.66B,0,0.00%,$0.66B,$0.12B,17.82%,$0.66B,$0.09B,12.99%,$0.09B,$1.01B,8.67%,$0.09B,$0.85B,10.14%,$0.09B,$10.24B,0.83%,$0.12B,$1.05B,11.51%,$169,$13,$156,$0,$122,$137,$33,$0,$33,$9,$24,$24,$24,$0,$0,$40,40,$0.60,$0.59,$978,$0,$0,$5319,$217,$4456,$166,$77,$4917,$10236,$9177,$32,$13,$45,$9222,$55,$546,$56,$1014,$10236,$66,$46,$12,$59,$2,$-8,$0,$0,$3,$127,$-12,$0,$0,$-58,$413,$355,$31,$374,$-4,$-976,$-980,$-25,$-25,$-21,$165,$-861,$-360,$4,$-21
37,2009-06-30,32.5,$24.42,1.33,$16.39,1.98,$7.32,4.44,$2.04,15.93,$5.60B,$8.91B,0.63,$0.03B,$0.99B,0.03,$0.67B,$0.59B,88.42%,$0.67B,$0.12B,17.44%,$0.67B,0,0.00%,$0.67B,0,0.00%,$0.67B,$0.12B,17.44%,$0.67B,$0.08B,12.63%,$0.08B,$0.99B,8.65%,$0.08B,$0.83B,9.98%,$0.08B,$9.96B,0.83%,$0.12B,$1.02B,11.53%,$165,$14,$151,$0,$124,$139,$26,$0,$26,$7,$19,$19,$19,$0,$0,$40,40,$0.47,$0.47,$1226,$0,$0,$5602,$220,$3897,$163,$73,$4353,$9955,$8909,$31,$23,$54,$8963,$55,$529,$44,$992,$9955,$42,$30,$9,$39,$-13,$0,$0,$3,$-9,$71,$-8,$0,$-23,$18,$985,$1003,$34,$1006,$-5,$-1019,$-1024,$-16,$-16,$-14,$-51,$-1105,$-28,$3,$-14
38,2009-03-31,36.17,$24.19,1.5,$16.52,2.19,$4.70,7.7,$2.15,16.82,$5.72B,$9.20B,0.62,$0.04B,$0.99B,0.04,$0.67B,$0.58B,86.74%,$0.67B,$0.12B,18.48%,$0.67B,0,0.00%,$0.67B,0,0.00%,$0.67B,$0.12B,18.48%,$0.67B,$0.09B,13.26%,$0.09B,$0.99B,9.34%,$0.09B,$0.86B,10.64%,$0.09B,$10.25B,0.90%,$0.12B,$1.02B,12.55%,$159,$15,$144,$0,$112,$128,$31,$0,$31,$9,$23,$23,$23,$0,$0,$41,41,$0.56,$0.55,$1369,$0,$0,$5718,$222,$4142,$122,$43,$4529,$10247,$9198,$35,$29,$64,$9262,$55,$517,$46,$985,$10247,$23,$14,$5,$18,$-10,$2,$0,$6,$-4,$37,$-3,$0,$0,$173,$758,$931,$77,$1005,$-1,$-702,$-703,$-12,$-12,$-7,$-48,$-771,$271,$1,$-7
39,2008-12-31,41.62,$23.81,1.75,$17.16,2.43,$5.40,7.71,$2.39,17.41,$5.70B,$9.95B,0.57,$0.04B,$0.98B,0.04,$0.70B,$0.59B,83.86%,$0.70B,$0.14B,20.00%,$0.70B,0,0.00%,$0.70B,0,0.00%,$0.70B,$0.14B,20.00%,$0.70B,$0.10B,14.00%,$0.10B,$0.98B,10.45%,$0.10B,$0.85B,11.89%,$0.10B,$10.98B,1.03%,$0.14B,$1.01B,14.39%,$169,$21,$148,$0,$119,$141,$28,$0,$28,$8,$20,$20,$20,$0,$0,$41,41,$0.50,$0.49,$1272,$0,$0,$5695,$227,$4886,$123,$46,$5282,$10977,$9950,$36,$16,$52,$10002,$55,$502,$41,$975,$10977,$98,$41,$14,$56,$-11,$5,$0,$-10,$-20,$134,$-20,$0,$-47,$406,$-1381,$-975,$-428,$-1470,$-0,$375,$375,$-21,$-21,$-27,$1090,$1417,$81,$4,$-27
40,2008-09-30,44.31,$22.82,1.94,$17.20,2.58,$5.07,8.74,$2.27,19.52,$5.27B,$8.36B,0.63,$0.04B,$0.93B,0.04,$0.71B,$0.57B,80.91%,$0.71B,$0.13B,18.81%,$0.71B,0,0.00%,$0.71B,0,0.00%,$0.71B,$0.13B,18.81%,$0.71B,$0.09B,13.15%,$0.09B,$0.93B,10.15%,$0.09B,$0.82B,11.54%,$0.09B,$9.34B,1.02%,$0.13B,$0.97B,13.97%,$172,$27,$145,$0,$114,$141,$31,$0,$31,$9,$22,$22,$22,$0,$0,$41,41,$0.54,$0.53,$1016,$0,$0,$5271,$222,$3684,$110,$51,$4067,$9337,$8355,$37,$12,$48,$8403,$55,$489,$14,$934,$9337,$78,$30,$6,$36,$-6,$7,$0,$-7,$-16,$99,$-12,$0,$0,$258,$-236,$21,$-317,$-308,$1,$-564,$-563,$-20,$-20,$-20,$531,$-72,$-282,$3,$-20
41,2008-06-30,43.12,$22.40,1.93,$17.29,2.49,$4.70,9.18,$2.25,19.17,$5.37B,$7.84B,0.69,$0.03B,$0.92B,0.04,$0.72B,$0.56B,78.60%,$0.72B,$0.13B,18.60%,$0.72B,0,0.00%,$0.72B,0,0.00%,$0.72B,$0.13B,18.60%,$0.72B,$0.09B,13.01%,$0.09B,$0.92B,10.29%,$0.09B,$0.81B,11.72%,$0.09B,$8.81B,1.06%,$0.13B,$0.95B,14.16%,$171,$26,$145,$0,$110,$138,$34,$0,$34,$10,$24,$24,$24,$0,$0,$41,41,$0.58,$0.58,$1232,$0,$0,$5366,$226,$2974,$111,$129,$3440,$8807,$7840,$34,$15,$50,$7890,$55,$474,$13,$917,$8807,$56,$22,$5,$27,$-2,$-19,$0,$-86,$-119,$-36,$-7,$0,$-32,$201,$467,$668,$-164,$465,$-2,$-349,$-351,$-20,$-20,$-13,$-195,$-578,$-148,$2,$-13
42,2008-03-31,34.54,$22.57,1.53,$17.25,2.0,$6.50,5.31,$2.15,16.07,$5.49B,$7.94B,0.69,$0.04B,$0.92B,0.04,$0.72B,$0.55B,75.94%,$0.72B,$0.13B,17.80%,$0.72B,0,0.00%,$0.72B,0,0.00%,$0.72B,$0.13B,17.80%,$0.72B,$0.09B,12.38%,$0.09B,$0.92B,10.00%,$0.09B,$0.81B,11.43%,$0.09B,$8.94B,1.04%,$0.13B,$0.96B,13.83%,$188,$39,$149,$0,$102,$141,$47,$0,$47,$15,$32,$32,$32,$0,$0,$41,41,$0.79,$0.78,$1339,$0,$0,$5486,$230,$3061,$110,$49,$3450,$8935,$7939,$35,$38,$73,$8012,$55,$457,$36,$924,$8935,$32,$9,$-0,$8,$-6,$17,$0,$18,$25,$66,$-3,$0,$0,$83,$421,$504,$-198,$303,$-1,$-454,$-455,$-18,$-18,$-6,$-14,$-493,$-124,$1,$-6
43,2007-12-31,32.03,$21.55,1.49,$16.79,1.91,$4.55,7.04,$1.77,18.1,$5.51B,$8.40B,0.66,$0.04B,$0.89B,0.04,$0.70B,$0.52B,74.11%,$0.70B,$0.11B,15.08%,$0.70B,0,0.00%,$0.70B,0,0.00%,$0.70B,$0.11B,15.08%,$0.70B,$0.07B,10.53%,$0.07B,$0.89B,8.47%,$0.07B,$0.78B,9.71%,$0.07B,$9.34B,0.89%,$0.11B,$0.93B,11.65%,$176,$43,$133,$0,$112,$155,$21,$0,$21,$5,$15,$15,$15,$0,$0,$42,42,$0.37,$0.37,$1562,$0,$0,$5508,$236,$3443,$111,$46,$3835,$9343,$8396,$36,$21,$57,$8452,$55,$431,$12,$891,$9343,$74,$32,$14,$46,$-3,$21,$0,$-12,$11,$131,$-27,$0,$-1,$137,$-91,$46,$-172,$-154,$-2,$130,$128,$-42,$-42,$-29,$242,$299,$275,$4,$-29
44,2007-09-30,35.64,$21.18,1.68,$16.45,2.17,$4.16,8.58,$1.77,20.14,$4.85B,$7.06B,0.69,$0.04B,$0.88B,0.04,$0.69B,$0.51B,73.70%,$0.69B,$0.11B,15.46%,$0.69B,0,0.00%,$0.69B,0,0.00%,$0.69B,$0.11B,15.46%,$0.69B,$0.08B,10.84%,$0.08B,$0.88B,8.69%,$0.08B,$0.77B,9.99%,$0.08B,$8.02B,0.91%,$0.11B,$0.92B,11.89%,$180,$46,$135,$0,$103,$150,$31,$0,$31,$9,$22,$22,$22,$0,$0,$42,42,$0.52,$0.51,$866,$0,$0,$4847,$237,$2770,$112,$54,$3173,$8020,$7062,$37,$37,$74,$7136,$55,$422,$-1,$884,$8020,$59,$25,$7,$31,$-2,$4,$0,$-2,$3,$93,$-20,$0,$0,$543,$558,$1101,$-213,$868,$-1,$-562,$-563,$-24,$-24,$-17,$-388,$-992,$-32,$2,$-17
45,2007-06-30,30.56,$20.44,1.5,$15.85,1.93,$4.05,7.54,$1.63,18.75,$4.85B,$7.11B,0.68,$0.04B,$0.86B,0.04,$0.67B,$0.49B,73.62%,$0.67B,$0.10B,14.46%,$0.67B,0,0.00%,$0.67B,0,0.00%,$0.67B,$0.10B,14.46%,$0.67B,$0.07B,10.28%,$0.07B,$0.86B,8.06%,$0.07B,$0.75B,9.29%,$0.07B,$8.03B,0.85%,$0.10B,$0.90B,10.87%,$175,$46,$129,$0,$100,$146,$29,$0,$29,$9,$20,$20,$20,$0,$0,$42,42,$0.48,$0.48,$863,$0,$0,$4849,$239,$2770,$113,$63,$3185,$8034,$7113,$36,$25,$60,$7174,$55,$406,$-23,$860,$8034,$37,$16,$4,$19,$-2,$-2,$0,$-6,$-12,$45,$-13,$0,$-1,$483,$523,$1006,$-232,$760,$-2,$-371,$-373,$-10,$-10,$-11,$-510,$-905,$-100,$2,$-11
46,2007-03-31,31.19,$20.42,1.53,$15.29,2.04,$4.15,7.51,$1.50,20.79,$4.89B,$7.08B,0.69,$0.04B,$0.86B,0.04,$0.65B,$0.48B,74.46%,$0.65B,$0.09B,13.69%,$0.65B,0,0.00%,$0.65B,0,0.00%,$0.65B,$0.09B,13.69%,$0.65B,$0.06B,9.85%,$0.06B,$0.86B,7.56%,$0.06B,$0.75B,8.60%,$0.06B,$8.00B,0.79%,$0.09B,$0.90B,10.07%,$172,$48,$124,$0,$99,$147,$25,$0,$25,$7,$17,$17,$17,$0,$0,$42,42,$0.41,$0.41,$969,$0,$0,$4892,$237,$2714,$113,$44,$3108,$8000,$7084,$37,$20,$57,$7141,$55,$392,$-10,$859,$8000,$17,$7,$2,$9,$-2,$-23,$0,$-12,$-42,$-15,$-3,$0,$-1,$419,$599,$1018,$-148,$867,$-1,$-240,$-241,$-9,$-9,$-6,$-676,$-932,$-80,$1,$-6
47,2006-12-31,30.04,$20.08,1.5,$14.61,2.06,$4.96,6.06,$1.40,21.46,$5.23B,$8.00B,0.65,$0.04B,$0.85B,0.05,$0.62B,$0.47B,75.64%,$0.62B,$0.08B,13.14%,$0.62B,0,0.00%,$0.62B,0,0.00%,$0.62B,$0.08B,13.14%,$0.62B,$0.06B,9.62%,$0.06B,$0.85B,7.15%,$0.06B,$0.74B,8.02%,$0.06B,$8.92B,0.75%,$0.08B,$0.89B,9.36%,$165,$43,$122,$0,$99,$143,$22,$0,$22,$6,$16,$16,$16,$0,$0,$43,43,$0.37,$0.37,$1445,$0,$0,$5225,$243,$3299,$113,$38,$3693,$8918,$8000,$38,$31,$69,$8069,$55,$380,$-17,$849,$8918,$60,$34,$9,$43,$1,$-6,$0,$33,$26,$129,$-40,$0,$-43,$-422,$196,$-226,$-205,$-515,$-0,$233,$232,$-28,$-28,$-22,$135,$317,$-68,$2,$-22
