,Date,Stock Price,Book Value per Share,Price to Book Ratio,TTM Sales per Share,Price to Sales Ratio,TTM FCF per Share,Price to FCF Ratio,TTM Net EPS,PE Ratio,Current Assets,Current Liabilities,Current Ratio,Long Term Debt,Shareholder's Equity_x,Debt to Equity Ratio,TTM Revenue_x,TTM Gross Profit,Gross Margin,TTM Revenue_y,TTM Operating Income,Operating Margin,TTM Revenue_x,TTM EBIT,EBIT Margin,TTM Revenue_y,TTM EBITDA,EBITDA Margin,TTM Revenue_x,TTM Pre-Tax Income,Pre-Tax Margin,TTM Revenue_y,TTM Net Income_x,Net Margin,TTM Net Income_y,Shareholder's Equity_y,Return on Equity,TTM Net Income_x,Tangible Equity,Return on Tangible Equity,TTM Net Income_y,Total Assets,Return on Assets,TTM Net Income,LT Investments & Debt,Return on Investment,revenue,cost-goods-sold,gross-profit,research-development-expenses,selling-general-administrative-expenses,operating-expenses,operating-income,total-non-operating-income-expense,pre-tax-income,total-provision-income-taxes,income-after-taxes,income-from-continuous-operations,net-income,ebitda,ebit,basic-shares-outstanding,shares-outstanding,eps-basic-net-earnings-per-share,eps-earnings-per-share-diluted,cash-on-hand,inventory,other-current-assets,total-current-assets,net-property-plant-equipment,long-term-investments,goodwill-intangible-assets-total,other-long-term-assets,total-long-term-assets,total-assets,total-current-liabilities,long-term-debt,other-non-current-liabilities,total-long-term-liabilities,total-liabilities,common-stock-net,retained-earnings-accumulated-deficit,comprehensive-income,total-share-holder-equity,total-liabilities-share-holders-equity,net-income-loss,total-depreciation-amortization-cash-flow,other-non-cash-items,total-non-cash-items,change-in-accounts-receivable,change-in-inventories,change-in-accounts-payable,change-in-assets-liabilities,total-change-in-assets-liabilities,cash-flow-from-operating-activities,net-change-in-property-plant-equipment,net-change-in-intangible-assets,net-acquisitions-divestitures,net-change-in-short-term-investments,net-change-in-long-term-investments,net-change-in-investments-total,investing-activities-other,cash-flow-from-investing-activities,net-long-term-debt,net-current-debt,debt-issuance-retirement-net-total,net-common-equity-issued-repurchased,net-total-equity-issued-repurchased,total-common-preferred-stock-dividends-paid,financial-activities-other,cash-flow-from-financial-activities,net-cash-flow,stock-based-compensation,common-stock-dividends-paid
0,2016-12-31,1.62,$2.63,0.62,$1.73,0.94,$-1.46,0.0,$0.10,16.22,$3.41B,$2.25B,1.52,$1.87B,$6.63B,0.28,$4.56B,$0.94B,20.56%,$4.56B,$0.19B,4.21%,$4.56B,$0.19B,4.21%,$4.56B,$1.79B,39.27%,$4.56B,$0.15B,3.22%,$4.56B,$0.27B,5.83%,$0.27B,$6.63B,3.90%,$0.27B,$6.51B,3.98%,$0.27B,$11.86B,2.34%,$0.19B,$8.51B,2.32%,$1284,$1058,$226,$109,$77,$1205,$79,$-52,$27,$21,$6,$6,$6,$451,$79,$2411,2420,$0.02,$0.02,$1799,$525,$345,$3410,$6944,$997,$126,$227,$8449,$11859,$2247,$1874,$1030,$2978,$5225,$3896,$1623,$0,$6634,$11859,$146,$1601,$53,$1654,$-125,$16,$40,$-228,$-297,$1434,$-2824,$-48,$0,$-26,$115,$89,$311,$-2472,$525,$467,$992,$-74,$-74,$-213,$493,$1197,$132,$0,$-213
1,2016-09-30,1.71,$2.74,0.63,$1.70,1.01,$-0.94,0.0,$0.11,15.59,$3.38B,$2.64B,1.28,$1.25B,$6.92B,0.18,$4.42B,$1.00B,22.59%,$4.42B,$0.88B,19.94%,$4.42B,$0.88B,19.94%,$4.42B,$2.44B,55.08%,$4.42B,$0.19B,4.21%,$4.42B,$0.28B,6.24%,$0.28B,$6.92B,4.02%,$0.28B,$6.79B,4.10%,$0.28B,$11.85B,2.52%,$0.88B,$8.17B,10.72%,$1305,$1081,$224,$102,$73,$1199,$107,$-37,$70,$-11,$81,$81,$123,$472,$107,$12049,13269,$0.05,$0.05,$1770,$542,$22,$3380,$6807,$1194,$134,$212,$8468,$11849,$2637,$1254,$981,$2292,$4928,$3989,$1513,$0,$6920,$11849,$119,$1219,$-5,$1214,$-107,$8,$6,$-206,$-299,$977,$-2199,$-39,$0,$0,$70,$70,$216,$-1952,$-110,$992,$882,$-76,$-76,$-218,$505,$1093,$62,$0,$-218
2,2016-06-30,1.77,$2.69,0.66,$1.68,1.05,$-0.52,0.0,$0.09,19.61,$3.20B,$2.47B,1.29,$1.25B,$6.78B,0.18,$4.29B,$0.92B,21.47%,$4.29B,$0.83B,19.42%,$4.29B,$0.83B,19.42%,$4.29B,$2.30B,53.59%,$4.29B,$0.17B,3.92%,$4.29B,$0.23B,5.45%,$0.23B,$6.78B,3.39%,$0.23B,$6.65B,3.46%,$0.23B,$11.36B,2.21%,$0.83B,$8.03B,10.02%,$1282,$1124,$159,$100,$66,$1256,$26,$37,$63,$40,$23,$23,$116,$486,$26,$2441,2441,$0.05,$0.05,$1548,$544,$51,$3201,$6422,$1179,$131,$323,$8160,$11361,$2474,$1251,$800,$2104,$4578,$3901,$1421,$0,$6783,$11361,$57,$794,$6,$800,$-172,$-1,$78,$-215,$-310,$526,$-1537,$-21,$0,$0,$49,$49,$76,$-1433,$-72,$519,$447,$-74,$-74,$0,$421,$794,$-119,$0,$0
3,2016-03-31,1.84,$0.00,0.0,$1.75,1.05,$-0.12,0.0,$0.12,15.37,$3.09B,$1.26B,2.45,$1.48B,$6.92B,0.21,$4.38B,$0.95B,21.58%,$4.38B,$0.88B,20.07%,$4.38B,$0.88B,20.07%,$4.38B,$2.32B,53.00%,$4.38B,$0.28B,6.39%,$4.38B,$0.30B,6.92%,$0.30B,$6.92B,4.32%,$0.30B,$6.79B,4.40%,$0.30B,$10.45B,2.90%,$0.88B,$8.40B,10.29%,$1248,$1030,$218,$111,$68,$1194,$54,$41,$95,$13,$82,$82,$115,$383,$54,$2442,2688,$0.05,$0.04,$1827,$480,$55,$3088,$5638,$1204,$129,$302,$7363,$10451,$1261,$1476,$741,$2268,$3530,$3866,$1543,$0,$6922,$10451,$1,$383,$-8,$376,$-18,$53,$9,$-63,$-19,$347,$-620,$-14,$0,$0,$28,$28,$21,$-585,$-35,$62,$28,$0,$0,$0,$413,$441,$189,$0,$0
4,2015-12-31,1.67,$0.00,0.0,$1.81,0.92,$0.01,0.0,$0.17,9.81,$2.89B,$1.51B,1.92,$1.45B,$6.86B,0.21,$4.54B,$1.09B,24.05%,$4.54B,$0.45B,9.98%,$4.54B,$0.45B,9.98%,$4.54B,$1.84B,40.51%,$4.54B,$0.42B,9.19%,$4.54B,$0.42B,9.34%,$0.42B,$6.86B,5.97%,$0.42B,$6.72B,6.06%,$0.42B,$10.23B,4.09%,$0.45B,$8.31B,5.31%,$1243,$1019,$223,$107,$69,$1187,$55,$15,$70,$21,$49,$49,$69,$1095,$55,$2442,2677,$0.03,$0.03,$1645,$538,$99,$2892,$24196,$1162,$137,$280,$25846,$10227,$1509,$1449,$339,$1861,$3370,$3891,$1688,$0,$6857,$10227,$417,$1386,$0,$1386,$0,$0,$0,$0,$117,$1831,$-1841,$0,$-13,$0,$0,$-167,$-75,$-2096,$0,$2,$550,$0,$-58,$-212,$177,$459,$216,$0,$0
5,2015-09-30,1.44,$0.00,0.0,$1.88,0.77,$0.61,2.36,$0.19,7.56,$2.98B,$1.39B,2.14,$1.50B,$7.01B,0.21,$4.69B,$1.06B,22.68%,$4.69B,$-0.17B,-3.65%,$4.69B,$-0.17B,-3.65%,$4.69B,$1.22B,26.08%,$4.69B,$0.53B,11.22%,$4.69B,$0.47B,10.07%,$0.47B,$7.01B,6.51%,$0.47B,$6.87B,6.61%,$0.47B,$10.30B,4.54%,$-0.17B,$8.51B,-1.99%,$1235,$990,$245,$132,$73,$1190,$45,$-10,$35,$-14,$49,$49,$75,$335,$45,$2442,2442,$0.03,$0.03,$1658,$518,$157,$2975,$0,$1063,$142,$304,$1574,$10304,$1392,$1496,$352,$1901,$3293,$3993,$1493,$0,$7011,$10304,$342,$1050,$0,$1050,$0,$0,$0,$0,$78,$1396,$-1471,$0,$-13,$0,$0,$-46,$-87,$-1617,$0,$-90,$566,$0,$-39,$-217,$160,$380,$186,$0,$0
6,2015-06-30,1.74,$0.00,0.0,$1.96,0.89,$0.63,2.78,$0.21,8.29,$3.55B,$1.41B,2.51,$1.65B,$7.29B,0.23,$4.77B,$1.12B,23.39%,$4.77B,$-0.13B,-2.66%,$4.77B,$-0.13B,-2.66%,$4.77B,$1.27B,26.62%,$4.77B,$0.58B,12.20%,$4.77B,$0.51B,10.58%,$0.51B,$7.29B,6.92%,$0.51B,$7.15B,7.03%,$0.51B,$10.77B,4.89%,$-0.13B,$8.94B,-1.49%,$1172,$906,$267,$117,$85,$1103,$69,$-42,$28,$6,$22,$22,$86,$508,$69,$2420,2670,$0.03,$0.03,$2108,$521,$199,$3550,$0,$1250,$145,$303,$1757,$10766,$1413,$1649,$351,$2060,$3473,$4144,$1243,$0,$7292,$10766,$310,$713,$0,$713,$0,$0,$0,$0,$0,$921,$-875,$0,$0,$0,$0,$0,$-141,$-1016,$0,$0,$0,$0,$9,$0,$705,$714,$580,$0,$0
7,2015-03-31,2.07,$0.00,0.0,$1.95,1.06,$0.60,3.43,$0.20,10.36,$3.20B,$1.41B,2.27,$1.11B,$7.27B,0.15,$4.74B,$1.12B,23.61%,$4.74B,$-0.14B,-3.00%,$4.74B,$-0.14B,-3.00%,$4.74B,$1.20B,25.36%,$4.74B,$0.54B,11.43%,$4.74B,$0.47B,9.98%,$0.47B,$7.27B,6.51%,$0.47B,$7.27B,6.62%,$0.47B,$10.18B,4.66%,$-0.14B,$8.37B,-1.70%,$1206,$944,$262,$107,$94,$1159,$47,$15,$62,$6,$55,$55,$94,$-99,$47,$2442,2680,$0.04,$0.04,$1729,$496,$307,$3203,$0,$1270,$0,$380,$1714,$10178,$1409,$1106,$337,$1501,$2910,$4042,$1532,$0,$7268,$10178,$138,$327,$0,$327,$0,$0,$0,$0,$0,$535,$-472,$0,$0,$0,$0,$-60,$9,$-523,$0,$27,$27,$0,$7,$0,$197,$259,$246,$0,$0
8,2014-12-31,1.93,$0.00,0.0,$1.89,1.02,$0.58,3.32,$0.17,11.34,$3.20B,$1.59B,2.01,$1.10B,$7.43B,0.15,$4.58B,$1.01B,22.02%,$4.58B,$0.31B,6.71%,$4.58B,$0.31B,6.71%,$4.58B,$1.65B,36.03%,$4.58B,$0.45B,9.77%,$4.58B,$0.39B,8.41%,$0.39B,$7.43B,5.32%,$0.39B,$7.28B,5.43%,$0.39B,$10.34B,3.81%,$0.31B,$8.53B,3.71%,$1143,$887,$256,$100,$81,$1068,$76,$-20,$56,$7,$49,$49,$80,$478,$76,$2467,2692,$0.03,$0.03,$1533,$503,$401,$3196,$0,$963,$150,$454,$1640,$10337,$1588,$1102,$151,$1324,$2912,$4199,$1463,$0,$7425,$10337,$446,$1342,$0,$1342,$0,$0,$0,$0,$172,$1478,$11,$0,$0,$0,$0,$-64,$-1353,$-1406,$0,$326,$0,$0,$12,$-206,$-404,$-273,$-152,$0,$0
9,2014-09-30,1.69,$0.00,0.0,$1.83,0.92,$0.14,12.45,$0.12,14.08,$3.06B,$1.51B,2.02,$1.07B,$7.21B,0.15,$4.43B,$0.88B,19.85%,$4.43B,$0.16B,3.59%,$4.43B,$0.16B,3.59%,$4.43B,$1.49B,33.65%,$4.43B,$0.31B,6.93%,$4.43B,$0.27B,6.01%,$0.27B,$7.21B,3.71%,$0.27B,$7.06B,3.79%,$0.27B,$10.02B,2.66%,$0.16B,$8.27B,1.94%,$1042,$890,$153,$93,$60,$1043,$-0,$1,$1,$-1,$2,$2,$6,$383,$-0,$2482,2498,$0.00,$0.00,$1518,$477,$297,$3057,$0,$1106,$149,$215,$1550,$10017,$1513,$1065,$147,$1298,$2812,$4231,$1325,$0,$7206,$10017,$271,$999,$0,$999,$0,$0,$0,$0,$-103,$864,$-892,$0,$0,$0,$0,$63,$-31,$-860,$0,$79,$-174,$0,$10,$-208,$4,$-289,$-269,$0,$0
10,2014-06-30,2.04,$0.00,0.0,$1.76,1.16,$0.25,8.03,$0.13,15.73,$3.27B,$1.65B,1.98,$1.06B,$7.14B,0.15,$4.40B,$0.90B,20.40%,$4.40B,$0.21B,4.68%,$4.40B,$0.21B,4.68%,$4.40B,$1.51B,34.42%,$4.40B,$0.34B,7.73%,$4.40B,$0.30B,6.78%,$0.30B,$7.14B,4.17%,$0.30B,$6.99B,4.26%,$0.30B,$10.09B,2.97%,$0.21B,$8.20B,2.54%,$1032,$704,$328,$83,$-514,$273,$759,$-543,$67,$-6,$73,$96,$96,$440,$759,$2526,2526,$0.04,$0.04,$1768,$460,$297,$3266,$0,$1174,$154,$196,$1608,$10086,$1649,$1060,$145,$1295,$2944,$4218,$1224,$0,$7142,$10086,$171,$657,$0,$657,$0,$0,$0,$0,$468,$462,$-470,$0,$0,$0,$0,$0,$34,$-436,$0,$-42,$294,$0,$4,$0,$-324,$-67,$-40,$0,$0
11,2014-03-31,1.76,$0.00,0.0,$1.73,1.02,$0.32,5.48,$0.11,16.04,$3.19B,$1.63B,1.97,$0.91B,$7.19B,0.13,$4.26B,$0.82B,19.15%,$4.26B,$0.13B,3.12%,$4.26B,$0.13B,3.12%,$4.26B,$1.43B,33.54%,$4.26B,$0.27B,6.38%,$4.26B,$0.24B,5.66%,$0.24B,$7.19B,3.38%,$0.24B,$7.04B,3.46%,$0.24B,$9.95B,2.40%,$0.13B,$8.10B,1.65%,$1073,$889,$184,$98,$87,$1075,$-2,$13,$44,$3,$41,$52,$52,$348,$-2,$2505,2505,$0.02,$0.02,$1884,$476,$210,$3193,$0,$1144,$150,$162,$1546,$9954,$1625,$913,$144,$1142,$2767,$4190,$936,$0,$7187,$9954,$43,$325,$0,$325,$0,$0,$0,$0,$206,$206,$-205,$0,$0,$0,$0,$8,$-4,$-201,$0,$92,$-18,$0,$3,$0,$1,$79,$102,$0,$0
12,2013-12-31,1.73,$0.00,0.0,$1.68,1.03,$0.36,4.83,$0.18,9.62,$3.00B,$1.63B,1.84,$0.96B,$7.18B,0.13,$4.15B,$0.76B,18.40%,$4.15B,$0.10B,2.50%,$4.15B,$0.10B,2.50%,$4.15B,$1.40B,33.79%,$4.15B,$0.49B,11.71%,$4.15B,$0.42B,10.19%,$0.42B,$7.18B,5.91%,$0.42B,$7.02B,6.04%,$0.42B,$10.00B,4.18%,$0.10B,$8.14B,1.26%,$1232,$952,$280,$98,$60,$1110,$122,$43,$168,$21,$148,$149,$149,$319,$122,$2483,2483,$0.06,$0.06,$1812,$473,$148,$3001,$0,$1086,$160,$175,$1513,$10002,$1629,$960,$146,$1192,$2821,$4290,$1096,$0,$7181,$10002,$485,$1299,$0,$1299,$0,$0,$0,$0,$-488,$1469,$-1093,$0,$86,$0,$0,$50,$-108,$-1065,$0,$-41,$152,$0,$-61,$-171,$-12,$-133,$282,$0,$0
13,2013-09-30,1.75,$0.00,0.0,$1.62,1.08,$0.06,27.78,$0.19,9.2,$2.98B,$1.75B,1.7,$0.97B,$7.08B,0.14,$4.02B,$1.49B,37.12%,$4.02B,$1.02B,25.26%,$4.02B,$1.02B,25.26%,$4.02B,$1.98B,49.30%,$4.02B,$1.35B,33.54%,$4.02B,$0.44B,10.89%,$0.44B,$7.08B,6.15%,$0.44B,$6.92B,6.25%,$0.44B,$10.04B,4.37%,$1.02B,$8.05B,12.34%,$1203,$903,$300,$92,$633,$1629,$-426,$573,$138,$14,$124,$127,$127,$407,$-426,$2505,2505,$0.05,$0.05,$1787,$475,$66,$2978,$0,$1058,$161,$170,$1484,$10042,$1751,$965,$160,$1209,$2960,$4239,$1049,$0,$7082,$10042,$445,$967,$0,$967,$0,$0,$0,$0,$-23,$1091,$-825,$0,$88,$0,$0,$37,$-97,$-797,$0,$-25,$225,$0,$-75,$-170,$7,$-38,$259,$0,$0
14,2013-06-30,1.93,$0.00,0.0,$1.55,1.25,$-0.04,0.0,$0.17,11.38,$3.11B,$1.93B,1.61,$0.96B,$7.03B,0.14,$3.87B,$2.21B,57.18%,$3.87B,$1.90B,49.13%,$3.87B,$1.90B,49.13%,$3.87B,$2.55B,65.92%,$3.87B,$2.19B,56.61%,$3.87B,$0.40B,10.42%,$0.40B,$7.03B,5.67%,$0.40B,$6.87B,5.74%,$0.40B,$10.15B,4.05%,$1.90B,$7.99B,23.05%,$1178,$879,$299,$115,$50,$1043,$135,$8,$176,$30,$146,$144,$144,$355,$135,$2502,2502,$0.06,$0.06,$1886,$480,$69,$3112,$0,$1099,$158,$163,$1520,$10154,$1930,$956,$158,$1192,$3122,$4239,$932,$0,$7032,$10154,$312,$649,$0,$649,$0,$0,$0,$0,$-37,$651,$-497,$0,$88,$0,$0,$18,$-47,$-437,$0,$-43,$236,$0,$0,$0,$-82,$112,$344,$0,$0
15,2013-03-31,1.49,$0.00,0.0,$1.48,1.01,$-0.11,0.0,$0.18,8.3,$3.13B,$1.27B,2.46,$1.42B,$7.31B,0.19,$3.73B,$2.93B,78.70%,$3.73B,$2.79B,74.87%,$3.73B,$2.79B,74.87%,$3.73B,$3.12B,83.66%,$3.73B,$3.05B,81.92%,$3.73B,$0.44B,11.88%,$0.44B,$7.31B,6.22%,$0.44B,$7.21B,6.27%,$0.44B,$10.25B,4.45%,$2.79B,$8.73B,33.63%,$1158,$921,$237,$115,$80,$1116,$42,$43,$100,$14,$86,$85,$85,$322,$42,$2237,2237,$0.04,$0.04,$1954,$485,$73,$3130,$0,$1120,$102,$162,$1490,$10245,$1272,$1417,$159,$1661,$2933,$4417,$1060,$0,$7312,$10245,$257,$328,$0,$328,$0,$0,$0,$0,$-14,$336,$-244,$0,$90,$0,$0,$-12,$-13,$-179,$0,$-44,$265,$0,$-17,$0,$-9,$195,$369,$0,$0
16,2012-12-31,1.65,$0.00,0.0,$1.45,1.14,$-0.15,0.0,$0.11,15.02,$2.79B,$1.38B,2.02,$1.11B,$7.06B,0.16,$3.60B,$2.85B,79.16%,$3.60B,$2.72B,75.60%,$3.60B,$2.72B,75.60%,$3.60B,$3.01B,83.51%,$3.60B,$2.84B,78.88%,$3.60B,$0.27B,7.41%,$0.27B,$7.06B,3.76%,$0.27B,$7.01B,3.78%,$0.27B,$9.67B,2.73%,$2.72B,$8.16B,33.54%,$1201,$918,$283,$110,$65,$1094,$107,$31,$128,$18,$110,$117,$117,$899,$107,$2489,2489,$0.05,$0.05,$1638,$448,$108,$2785,$0,$1204,$47,$86,$1418,$9672,$1378,$1107,$128,$1236,$2614,$4459,$892,$0,$7058,$9672,$202,$1230,$0,$1230,$0,$0,$0,$0,$39,$1395,$-1756,$0,$-8,$0,$0,$124,$-51,$-1692,$0,$-122,$447,$0,$0,$-217,$16,$124,$-223,$0,$0
17,2012-09-30,1.7,$0.00,0.0,$1.40,1.22,$-0.16,0.0,$0.10,17.02,$2.84B,$1.54B,1.84,$1.08B,$7.02B,0.15,$3.51B,$1.82B,51.84%,$3.51B,$1.52B,43.35%,$3.51B,$1.52B,43.35%,$3.51B,$2.14B,60.81%,$3.51B,$1.90B,54.09%,$3.51B,$0.27B,7.58%,$0.27B,$7.02B,3.75%,$0.27B,$6.97B,3.77%,$0.27B,$9.76B,2.75%,$1.52B,$8.09B,19.01%,$1040,$851,$189,$110,$55,$1017,$23,$13,$43,$6,$37,$39,$39,$973,$23,$2496,2496,$0.02,$0.02,$1675,$453,$81,$2842,$0,$1254,$46,$103,$1494,$9755,$1542,$1077,$120,$1198,$2739,$4347,$684,$0,$7016,$9755,$0,$0,$0,$0,$0,$0,$0,$0,$0,$0,$0,$0,$0,$0,$0,$0,$0,$0,$0,$0,$0,$0,$0,$0,$0,$0,$0,$0,$0
18,2012-06-30,1.75,$0.00,0.0,$1.35,1.29,$-0.15,0.0,$0.10,17.5,$3.06B,$1.81B,1.69,$1.10B,$7.11B,0.16,$3.36B,$1.01B,30.05%,$3.36B,$0.60B,17.81%,$3.36B,$0.60B,17.81%,$3.36B,$1.44B,42.69%,$3.36B,$0.99B,29.46%,$3.36B,$0.25B,7.37%,$0.25B,$7.11B,3.51%,$0.25B,$7.05B,3.52%,$0.25B,$10.15B,2.65%,$0.60B,$8.21B,7.66%,$1029,$859,$170,$122,$61,$1042,$-13,$29,$36,$17,$19,$25,$25,$925,$-13,$2495,2495,$0.01,$0.01,$1866,$465,$62,$3056,$0,$1350,$58,$108,$1648,$10149,$1805,$1102,$130,$1233,$3038,$4386,$609,$0,$7111,$10149,$0,$0,$0,$0,$0,$0,$0,$0,$0,$0,$0,$0,$0,$0,$0,$0,$0,$0,$0,$0,$0,$0,$0,$0,$0,$0,$0,$0,$0
19,2012-03-31,1.98,$0.00,0.0,$1.38,1.43,$-0.14,0.0,$0.10,19.76,$2.82B,$1.42B,1.99,$0.77B,$7.25B,0.11,$3.42B,$0.32B,9.36%,$3.42B,$-0.21B,-6.14%,$3.42B,$-0.21B,-6.14%,$3.42B,$0.89B,25.88%,$3.42B,$0.19B,5.53%,$3.42B,$0.26B,7.58%,$0.26B,$7.25B,3.65%,$0.26B,$7.24B,3.65%,$0.26B,$9.57B,2.82%,$-0.21B,$8.02B,-2.72%,$1128,$873,$255,$109,$56,$1039,$89,$52,$133,$20,$113,$117,$117,$212,$89,$2492,2492,$0.05,$0.05,$1807,$424,$58,$2824,$0,$1394,$12,$101,$1657,$9570,$1422,$766,$130,$897,$2318,$4369,$754,$0,$7252,$9570,$37,$285,$0,$285,$0,$0,$0,$0,$56,$313,$-339,$0,$0,$0,$0,$25,$-20,$-334,$0,$-101,$75,$0,$0,$0,$4,$-22,$-67,$0,$0
20,2011-12-31,1.73,$0.00,0.0,$1.42,1.21,$-0.19,0.0,$0.14,12.33,$2.78B,$1.42B,1.96,$0.70B,$7.01B,0.1,$3.57B,$0.42B,11.71%,$3.57B,$-0.12B,-3.22%,$3.57B,$-0.12B,-3.22%,$3.57B,$0.96B,26.95%,$3.57B,$0.31B,8.69%,$3.57B,$0.37B,10.25%,$0.37B,$7.01B,5.08%,$0.37B,$7.00B,5.08%,$0.37B,$9.25B,3.97%,$-0.12B,$7.71B,-1.49%,$1064,$862,$202,$109,$59,$1030,$34,$21,$60,$1,$58,$60,$60,$25,$34,$2400,2400,$0.03,$0.03,$1791,$420,$88,$2777,$0,$1269,$12,$105,$1535,$9245,$1417,$697,$121,$819,$2237,$4323,$809,$0,$7008,$9245,$351,$1076,$0,$1076,$0,$0,$0,$0,$-62,$1376,$-1760,$0,$-3,$0,$0,$-107,$50,$-1821,$0,$175,$565,$0,$34,$-463,$17,$328,$-73,$0,$0
21,2011-09-30,1.54,$0.00,0.0,$1.54,1.0,$-0.15,0.0,$0.22,7.0,$2.19B,$0.92B,2.37,$0.50B,$6.86B,0.07,$3.84B,$0.56B,14.64%,$3.84B,$0.01B,0.26%,$3.84B,$0.01B,0.26%,$3.84B,$1.07B,27.77%,$3.84B,$0.65B,16.85%,$3.84B,$0.55B,14.27%,$0.55B,$6.86B,7.41%,$0.55B,$6.86B,7.42%,$0.55B,$8.40B,5.88%,$0.01B,$7.36B,0.13%,$931,$794,$137,$82,$61,$937,$-6,$247,$257,$38,$219,$221,$221,$274,$-6,$2526,2526,$0.09,$0.09,$1098,$372,$263,$2192,$0,$1916,$0,$207,$2123,$8400,$924,$501,$116,$617,$1541,$0,$1248,$0,$6859,$8400,$316,$748,$0,$748,$0,$0,$0,$0,$-45,$1124,$-1099,$0,$0,$0,$0,$-47,$-7,$-1153,$0,$-38,$51,$0,$447,$-461,$30,$29,$17,$0,$0
22,2011-06-30,1.95,$0.00,0.0,$1.63,1.2,$-0.13,0.0,$0.30,6.5,$2.83B,$1.70B,1.67,$0.50B,$7.26B,0.07,$4.06B,$0.74B,18.21%,$4.06B,$0.19B,4.68%,$4.06B,$0.19B,4.68%,$4.06B,$1.28B,31.42%,$4.06B,$0.87B,21.54%,$4.06B,$0.76B,18.80%,$0.76B,$7.26B,10.30%,$0.76B,$7.26B,10.31%,$0.76B,$9.58B,8.18%,$0.19B,$7.76B,2.48%,$899,$0,$899,$0,$0,$0,$899,$0,$899,$0,$899,$40,$40,$374,$899,$2500,2500,$0.02,$0.02,$1581,$397,$312,$2831,$0,$2211,$0,$219,$2430,$9582,$1697,$501,$123,$624,$2321,$0,$1313,$0,$7261,$9582,$267,$524,$0,$524,$0,$0,$0,$0,$-24,$810,$-801,$0,$0,$0,$0,$-50,$-5,$-856,$0,$459,$-5,$0,$32,$0,$-2,$484,$434,$0,$0
23,2011-03-31,2.08,$0.00,0.0,$1.60,1.3,$-0.07,0.0,$0.33,6.3,$3.15B,$1.60B,1.97,$0.25B,$7.72B,0.03,$4.00B,$0.78B,19.46%,$4.00B,$0.24B,6.07%,$4.00B,$0.24B,6.07%,$4.00B,$1.31B,32.69%,$4.00B,$0.92B,23.08%,$4.00B,$0.82B,20.38%,$0.82B,$7.72B,11.35%,$0.82B,$7.71B,11.36%,$0.82B,$9.68B,9.21%,$0.24B,$7.97B,3.32%,$973,$0,$973,$0,$0,$0,$973,$0,$973,$0,$973,$82,$82,$289,$973,$2563,2563,$0.03,$0.03,$1949,$483,$68,$3150,$0,$1531,$10,$91,$1775,$9683,$1598,$250,$119,$370,$1967,$4442,$1081,$0,$7716,$9683,$151,$266,$0,$266,$0,$0,$0,$0,$-26,$400,$-537,$0,$0,$0,$0,$-44,$-5,$-586,$0,$0,$48,$0,$0,$0,$79,$128,$-56,$0,$0
24,2010-12-31,2.41,$0.00,0.0,$1.55,1.55,$-0.01,0.0,$0.31,7.77,$3.22B,$1.56B,2.06,$0.23B,$7.73B,0.03,$3.89B,$0.82B,21.03%,$3.89B,$0.31B,7.87%,$3.89B,$0.31B,7.87%,$3.89B,$1.36B,34.99%,$3.89B,$0.87B,22.39%,$3.89B,$0.77B,19.90%,$0.77B,$7.73B,11.22%,$0.77B,$7.72B,11.23%,$0.77B,$9.64B,9.23%,$0.31B,$7.96B,4.39%,$925,$0,$925,$0,$0,$0,$925,$0,$925,$0,$925,$100,$100,$129,$925,$2500,2500,$0.04,$0.04,$2041,$447,$58,$3218,$0,$1619,$10,$92,$1865,$9639,$1560,$233,$120,$354,$1913,$4457,$968,$0,$7726,$9639,$818,$1054,$0,$1054,$0,$0,$0,$0,$15,$1838,$-2101,$0,$55,$0,$0,$65,$-3,$-1985,$0,$144,$-212,$0,$-149,$-214,$81,$-349,$-511,$0,$0
25,2010-09-30,2.12,$0.00,0.0,$1.47,1.44,$0.28,7.45,$0.28,7.56,$2.51B,$1.34B,1.87,$0.03B,$6.92B,0.0,$3.68B,$0.91B,24.83%,$3.68B,$0.45B,12.22%,$3.68B,$0.45B,12.22%,$3.68B,$1.48B,40.18%,$3.68B,$0.63B,17.03%,$3.68B,$0.69B,18.74%,$0.69B,$6.92B,10.39%,$0.69B,$6.92B,10.39%,$0.69B,$8.40B,8.67%,$0.45B,$6.94B,6.75%,$806,$751,$55,$78,$50,$879,$-73,$36,$45,$7,$37,$45,$45,$483,$-73,$2383,2383,$0.02,$0.02,$1246,$342,$328,$2510,$0,$2146,$0,$193,$2339,$8395,$1341,$26,$112,$138,$1479,$0,$1539,$0,$6916,$8395,$559,$748,$0,$748,$0,$0,$0,$0,$0,$1282,$-1222,$0,$0,$0,$0,$-57,$54,$-1225,$0,$-156,$9,$0,$-154,$-200,$0,$-501,$-444,$0,$0
26,2010-06-30,2.18,$0.00,0.0,$1.39,1.57,$0.41,5.35,$0.24,9.09,$2.61B,$1.18B,2.21,$0.03B,$6.41B,0.0,$3.49B,$0.81B,23.24%,$3.49B,$0.35B,10.06%,$3.49B,$0.35B,10.06%,$3.49B,$1.39B,39.95%,$3.49B,$0.53B,15.31%,$3.49B,$0.60B,17.23%,$0.60B,$6.41B,9.25%,$0.60B,$6.41B,9.25%,$0.60B,$7.73B,7.84%,$0.35B,$6.43B,5.38%,$807,$941,$-133,$79,$91,$1110,$-303,$83,$-44,$2,$-46,$39,$39,$408,$-303,$2600,2600,$0.01,$0.01,$1417,$321,$296,$2611,$0,$2028,$0,$189,$2217,$7726,$1184,$28,$109,$137,$1321,$0,$1178,$0,$6405,$7726,$273,$495,$0,$495,$0,$0,$0,$0,$-21,$750,$-587,$0,$0,$0,$0,$-54,$16,$-625,$0,$23,$-224,$0,$-151,$0,$0,$-352,$-227,$0,$0
27,2010-03-31,2.82,$0.00,0.0,$1.29,2.19,$0.39,7.15,$0.19,14.83,$3.14B,$1.12B,2.81,$0.03B,$6.54B,0.0,$3.25B,$0.70B,21.55%,$3.25B,$0.26B,8.12%,$3.25B,$0.26B,8.12%,$3.25B,$1.32B,40.64%,$3.25B,$0.42B,12.79%,$3.25B,$0.48B,14.88%,$0.48B,$6.54B,7.62%,$0.48B,$6.54B,7.62%,$0.48B,$7.79B,6.57%,$0.26B,$6.56B,4.14%,$826,$662,$164,$75,$39,$776,$50,$15,$65,$1,$64,$64,$64,$341,$50,$2466,2466,$0.03,$0.03,$2204,$306,$46,$3135,$0,$1605,$0,$61,$1810,$7790,$1118,$25,$109,$134,$1252,$4065,$442,$0,$6538,$7790,$108,$256,$0,$256,$0,$0,$0,$0,$-16,$336,$-314,$0,$14,$0,$0,$5,$-6,$-300,$0,$-1,$3,$0,$-151,$0,$10,$-139,$-106,$0,$0
28,2009-12-31,2.91,$0.00,0.0,$1.07,2.71,$0.40,7.31,$0.06,48.47,$3.20B,$1.10B,2.9,$0.02B,$6.70B,0.0,$2.73B,$0.35B,12.89%,$2.73B,$-0.07B,-2.67%,$2.73B,$-0.07B,-2.67%,$2.73B,$0.99B,36.37%,$2.73B,$0.05B,1.94%,$2.73B,$0.13B,4.91%,$0.13B,$6.70B,2.19%,$0.13B,$6.70B,2.19%,$0.13B,$7.94B,1.92%,$-0.07B,$6.73B,-1.18%,$980,$746,$234,$78,$40,$864,$116,$7,$123,$12,$111,$111,$111,$247,$116,$2467,2467,$0.04,$0.04,$2332,$286,$39,$3204,$0,$1729,$0,$60,$1930,$7939,$1103,$24,$110,$134,$1238,$4065,$333,$0,$6701,$7939,$121,$1066,$0,$1066,$0,$0,$0,$0,$-76,$1015,$-550,$0,$0,$0,$0,$-106,$55,$-601,$0,$-0,$170,$0,$-55,$0,$40,$155,$550,$0,$0
29,2009-09-30,2.85,$0.00,0.0,$0.95,3.01,$0.62,4.62,$-0.28,0.0,$2.29B,$0.72B,3.2,$0.03B,$6.36B,0.0,$2.43B,$0.29B,11.78%,$2.43B,$-0.11B,-4.49%,$2.43B,$-0.11B,-4.49%,$2.43B,$0.98B,40.20%,$2.43B,$-0.72B,-29.57%,$2.43B,$-0.72B,-29.65%,$-0.72B,$6.36B,-12.31%,$-0.72B,$6.36B,-12.31%,$-0.72B,$7.21B,-10.81%,$-0.11B,$6.39B,-1.82%,$956,$803,$153,$79,$52,$934,$22,$34,$166,$15,$151,$152,$152,$398,$22,$2503,2503,$0.06,$0.06,$1389,$262,$131,$2287,$0,$2149,$0,$179,$2328,$7210,$715,$27,$109,$136,$851,$4041,$1018,$0,$6359,$7210,$-16,$785,$0,$785,$0,$0,$0,$0,$-127,$604,$-230,$0,$0,$0,$0,$-47,$12,$-265,$0,$0,$6,$0,$-74,$0,$0,$-68,$265,$0,$0
30,2009-06-30,1.98,$0.00,0.0,$0.91,2.18,$0.74,2.69,$-0.37,0.0,$1.95B,$0.61B,3.2,$0.02B,$5.80B,0.0,$2.34B,$0.18B,7.81%,$2.34B,$-0.21B,-9.01%,$2.34B,$-0.21B,-9.01%,$2.34B,$0.86B,36.53%,$2.34B,$-0.95B,-40.67%,$2.34B,$-0.95B,-40.72%,$-0.95B,$5.80B,-16.45%,$-0.95B,$5.80B,-16.53%,$-0.95B,$6.54B,-14.45%,$-0.21B,$5.82B,-3.52%,$1077,$1066,$11,$99,$90,$1255,$-178,$35,$293,$27,$267,$221,$221,$336,$-178,$2490,2515,$0.09,$0.09,$1156,$260,$112,$1948,$0,$1781,$0,$168,$1949,$6539,$609,$24,$106,$130,$739,$3960,$569,$0,$5800,$6539,$-202,$518,$0,$518,$0,$0,$0,$0,$-109,$218,$-85,$0,$0,$0,$0,$23,$-30,$-92,$0,$0,$3,$0,$-73,$0,$0,$-70,$54,$0,$0
31,2009-03-31,1.9,$0.00,0.0,$0.97,1.96,$0.81,2.33,$-0.36,0.0,$1.91B,$0.35B,5.39,$0.24B,$5.60B,0.04,$2.49B,$0.21B,8.45%,$2.49B,$-0.22B,-8.69%,$2.49B,$-0.22B,-8.69%,$2.49B,$0.91B,36.60%,$2.49B,$-0.93B,-37.29%,$2.49B,$-0.92B,-37.09%,$-0.92B,$5.60B,-15.23%,$-0.92B,$5.60B,-15.38%,$-0.92B,$6.30B,-13.22%,$-0.22B,$5.84B,-3.43%,$1045,$704,$341,$71,$40,$815,$230,$62,$292,$13,$279,$279,$279,$12,$230,$2490,2490,$0.11,$0.11,$1423,$216,$39,$1905,$0,$1194,$0,$63,$1387,$6298,$354,$242,$105,$347,$700,$3831,$-1030,$0,$5598,$6298,$-251,$264,$0,$264,$0,$0,$0,$0,$67,$79,$-46,$0,$0,$0,$0,$-1,$-2,$-49,$0,$-1,$0,$0,$-71,$0,$-0,$-72,$-43,$0,$0
32,2008-12-31,1.47,$0.00,0.0,$1.18,1.25,$0.87,1.7,$-0.27,0.0,$2.10B,$0.39B,5.37,$0.25B,$5.64B,0.04,$2.94B,$0.46B,15.60%,$2.94B,$0.01B,0.20%,$2.94B,$0.01B,0.20%,$2.94B,$1.18B,40.27%,$2.94B,$-0.67B,-22.86%,$2.94B,$-0.68B,-23.00%,$-0.68B,$5.64B,-10.41%,$-0.68B,$5.64B,-10.55%,$-0.68B,$6.61B,-8.95%,$0.01B,$5.89B,0.09%,$926,$652,$274,$67,$38,$757,$169,$4,$173,$11,$162,$164,$164,$230,$169,$2523,2523,$0.07,$0.07,$1546,$248,$35,$2103,$0,$990,$0,$67,$1194,$6606,$392,$248,$115,$577,$968,$3965,$-215,$0,$5637,$6606,$-702,$1176,$0,$1176,$0,$0,$0,$0,$90,$1381,$-343,$0,$0,$0,$0,$9,$-15,$-349,$0,$-9,$-672,$0,$-70,$-0,$-299,$-1049,$27,$0,$0
33,2008-09-30,1.46,$0.00,0.0,$1.44,1.02,$0.84,1.74,$0.04,39.08,$1.70B,$0.45B,3.75,$0.23B,$6.17B,0.04,$3.22B,$-0.22B,-6.80%,$3.22B,$-0.87B,-26.89%,$3.22B,$-0.87B,-26.89%,$3.22B,$0.36B,11.02%,$3.22B,$0.30B,9.25%,$3.22B,$0.08B,2.61%,$0.08B,$6.17B,1.22%,$0.08B,$6.05B,1.24%,$0.08B,$6.97B,1.02%,$-0.87B,$6.40B,-12.14%,$842,$650,$192,$63,$44,$757,$85,$14,$113,$5,$108,$110,$110,$278,$85,$2500,2500,$0.04,$0.04,$782,$365,$118,$1703,$0,$0,$116,$1823,$1939,$6968,$454,$233,$115,$348,$802,$0,$372,$0,$6166,$6968,$37,$876,$0,$876,$0,$0,$0,$0,$-69,$995,$-305,$0,$0,$0,$0,$-39,$34,$-310,$0,$-705,$0,$0,$-65,$-291,$-9,$-1070,$-380,$0,$0
34,2008-06-30,1.53,$0.00,0.0,$1.43,1.07,$0.64,2.4,$0.14,10.64,$1.93B,$0.83B,2.31,$0.25B,$6.82B,0.04,$3.40B,$-0.10B,-3.00%,$3.40B,$-0.77B,-22.47%,$3.40B,$-0.77B,-22.47%,$3.40B,$0.52B,15.19%,$3.40B,$0.64B,18.83%,$3.40B,$0.41B,12.07%,$0.41B,$6.82B,5.70%,$0.41B,$6.69B,5.79%,$0.41B,$8.02B,4.52%,$-0.77B,$7.06B,-10.28%,$868,$761,$107,$72,$68,$902,$-34,$-37,$49,$2,$46,$137,$137,$390,$-34,$2491,2491,$0.06,$0.06,$838,$406,$193,$1925,$0,$2041,$123,$223,$2387,$8019,$832,$247,$124,$371,$1203,$4580,$2028,$0,$6816,$8019,$86,$627,$0,$627,$0,$0,$0,$0,$-102,$601,$-269,$0,$0,$0,$0,$-1,$11,$-259,$0,$-734,$0,$0,$0,$0,$0,$-734,$-397,$0,$0
35,2008-03-31,1.77,$0.00,0.0,$1.41,1.26,$0.46,3.84,$0.17,10.42,$2.32B,$0.92B,2.53,$0.24B,$7.32B,0.03,$3.34B,$0.47B,14.12%,$3.34B,$-0.08B,-2.34%,$3.34B,$-0.08B,-2.34%,$3.34B,$1.17B,35.02%,$3.34B,$0.56B,16.79%,$3.34B,$0.48B,14.42%,$0.48B,$7.32B,6.27%,$0.48B,$7.21B,6.36%,$0.48B,$8.59B,4.93%,$-0.08B,$7.56B,-0.99%,$853,$615,$238,$69,$38,$722,$131,$68,$199,$9,$190,$190,$190,$284,$131,$2533,2533,$0.07,$0.07,$1439,$367,$68,$2318,$0,$1899,$111,$67,$2229,$8591,$917,$238,$116,$354,$1270,$4189,$398,$0,$7321,$8591,$3,$314,$0,$314,$0,$0,$0,$0,$39,$330,$-182,$0,$0,$0,$0,$30,$-11,$-163,$0,$13,$-387,$0,$0,$0,$-0,$-375,$-209,$0,$0
36,2007-12-31,1.81,$0.00,0.0,$1.33,1.36,$0.37,4.96,$0.18,9.87,$2.50B,$1.40B,1.79,$0.23B,$7.29B,0.03,$3.26B,$0.50B,15.17%,$3.26B,$-0.04B,-1.32%,$3.26B,$-0.04B,-1.32%,$3.26B,$1.17B,35.73%,$3.26B,$0.61B,18.57%,$3.26B,$0.52B,15.87%,$0.52B,$7.29B,6.44%,$0.52B,$7.18B,6.53%,$0.52B,$9.24B,5.03%,$-0.04B,$7.52B,-0.51%,$690,$526,$164,$57,$25,$608,$82,$-27,$55,$8,$47,$47,$47,$-597,$82,$2611,2611,$0.02,$0.02,$1618,$366,$28,$2501,$0,$2153,$108,$68,$2505,$9237,$1396,$231,$115,$549,$1945,$4075,$976,$0,$7292,$9237,$520,$1208,$0,$1208,$0,$0,$0,$0,$28,$1483,$-819,$0,$0,$0,$0,$184,$-37,$-672,$0,$0,$-190,$0,$-1603,$-384,$-65,$-2242,$-1424,$0,$0
37,2007-09-30,2.69,$0.00,0.0,$1.16,2.32,$0.16,16.79,$0.22,12.06,$3.40B,$2.82B,1.21,$0.23B,$7.40B,0.03,$3.21B,$1.07B,33.43%,$3.21B,$0.67B,20.76%,$3.21B,$0.67B,20.76%,$3.21B,$1.91B,59.38%,$3.21B,$0.55B,17.15%,$3.21B,$0.65B,20.26%,$0.65B,$7.40B,7.70%,$0.65B,$7.29B,7.80%,$0.65B,$10.56B,6.02%,$0.67B,$7.62B,7.46%,$319,$476,$-157,$54,$42,$571,$-252,$-9,$-250,$1,$-251,$-240,$-240,$440,$-252,$2553,2553,$-0.09,$-0.09,$2304,$327,$514,$3401,$13599,$2821,$112,$57,$16751,$10556,$2821,$225,$110,$335,$3156,$3964,$354,$0,$7399,$10556,$479,$863,$0,$863,$0,$0,$0,$0,$-122,$990,$-772,$0,$0,$0,$0,$14,$88,$-670,$0,$0,$-69,$0,$6,$-383,$-72,$-518,$-202,$0,$0
38,2007-06-30,2.5,$0.00,0.0,$1.20,2.08,$0.25,10.0,$0.23,10.7,$3.41B,$1.65B,2.07,$0.23B,$8.69B,0.03,$3.10B,$1.03B,33.13%,$3.10B,$0.63B,20.27%,$3.10B,$0.63B,20.27%,$3.10B,$1.87B,60.17%,$3.10B,$0.53B,17.11%,$3.10B,$0.63B,20.24%,$0.63B,$8.69B,7.21%,$0.63B,$8.57B,7.30%,$0.63B,$10.67B,5.82%,$0.63B,$8.91B,6.72%,$566,$525,$41,$53,$58,$636,$-70,$-644,$-722,$18,$-740,$-717,$-717,$1041,$-70,$2561,2561,$-0.28,$-0.28,$2552,$327,$302,$3412,$13557,$2719,$112,$58,$16591,$10667,$1648,$225,$108,$333,$1980,$0,$791,$0,$8686,$10667,$191,$553,$0,$553,$0,$0,$0,$0,$-89,$519,$-638,$0,$0,$0,$0,$12,$-18,$-644,$0,$0,$-68,$0,$6,$0,$-0,$-62,$-190,$0,$0
39,2007-03-31,2.32,$0.00,0.0,$1.19,1.95,$0.45,5.22,$0.25,9.4,$3.46B,$1.25B,2.76,$0.54B,$8.82B,0.06,$3.14B,$0.42B,13.52%,$3.14B,$-0.09B,-2.71%,$3.14B,$-0.09B,-2.71%,$3.14B,$1.23B,39.36%,$3.14B,$0.74B,23.54%,$3.14B,$0.67B,21.24%,$0.67B,$8.82B,7.72%,$0.67B,$8.70B,7.82%,$0.67B,$10.72B,6.19%,$-0.09B,$9.36B,-0.90%,$768,$633,$135,$65,$41,$739,$29,$-65,$-36,$8,$-44,$-44,$-44,$282,$29,$2588,2588,$-0.02,$-0.02,$2430,$299,$513,$3463,$13459,$2543,$112,$61,$16335,$10717,$1254,$540,$108,$648,$1902,$5743,$1088,$0,$8815,$10717,$44,$276,$0,$276,$0,$0,$0,$0,$-6,$292,$-375,$0,$0,$0,$0,$23,$-14,$-367,$0,$0,$0,$0,$6,$0,$0,$6,$-72,$0,$0
40,2006-12-31,2.55,$0.00,0.0,$1.20,2.12,$0.55,4.67,$0.37,6.9,$4.06B,$1.11B,3.67,$0.93B,$8.93B,0.1,$3.19B,$0.41B,12.85%,$3.19B,$-0.09B,-2.73%,$3.19B,$-0.09B,-2.73%,$3.19B,$1.33B,41.65%,$3.19B,$1.12B,35.19%,$3.19B,$1.00B,31.37%,$1.00B,$8.93B,11.53%,$1.00B,$8.83B,11.69%,$1.00B,$11.28B,9.21%,$-0.09B,$9.87B,-0.90%,$833,$642,$191,$69,$45,$756,$77,$4,$81,$2,$79,$79,$79,$145,$77,$2580,2580,$0.03,$0.03,$3176,$334,$83,$4061,$0,$2208,$107,$72,$2562,$11281,$1108,$932,$113,$1239,$2347,$5871,$1068,$0,$8934,$11281,$1001,$1417,$0,$1417,$0,$0,$0,$0,$-135,$1445,$-1002,$0,$0,$0,$0,$512,$-17,$-507,$0,$6,$-371,$0,$-784,$-220,$-14,$-1382,$-453,$0,$0
