,Date,Stock Price,Book Value per Share,Price to Book Ratio,TTM Sales per Share,Price to Sales Ratio,TTM FCF per Share,Price to FCF Ratio,TTM Net EPS,PE Ratio,Current Assets,Current Liabilities,Current Ratio,Long Term Debt,Shareholder's Equity_x,Debt to Equity Ratio,TTM Revenue_x,TTM Gross Profit,Gross Margin,TTM Revenue_y,TTM Operating Income,Operating Margin,TTM Revenue_x,TTM EBIT,EBIT Margin,TTM Revenue_y,TTM EBITDA,EBITDA Margin,TTM Revenue_x,TTM Pre-Tax Income,Pre-Tax Margin,TTM Revenue_y,TTM Net Income_x,Net Margin,TTM Net Income_y,Shareholder's Equity_y,Return on Equity,TTM Net Income_x,Tangible Equity,Return on Tangible Equity,TTM Net Income_y,Total Assets,Return on Assets,TTM Net Income,LT Investments & Debt,Return on Investment,revenue,cost-goods-sold,gross-profit,research-development-expenses,selling-general-administrative-expenses,operating-expenses,operating-income,total-non-operating-income-expense,pre-tax-income,total-provision-income-taxes,income-after-taxes,income-from-continuous-operations,net-income,ebitda,ebit,basic-shares-outstanding,shares-outstanding,eps-basic-net-earnings-per-share,eps-earnings-per-share-diluted,cash-on-hand,inventory,other-current-assets,total-current-assets,net-property-plant-equipment,long-term-investments,goodwill-intangible-assets-total,other-long-term-assets,total-long-term-assets,total-assets,total-current-liabilities,long-term-debt,other-non-current-liabilities,total-long-term-liabilities,total-liabilities,common-stock-net,retained-earnings-accumulated-deficit,comprehensive-income,total-share-holder-equity,total-liabilities-share-holders-equity,net-income-loss,total-depreciation-amortization-cash-flow,other-non-cash-items,total-non-cash-items,change-in-accounts-receivable,change-in-inventories,change-in-accounts-payable,change-in-assets-liabilities,total-change-in-assets-liabilities,cash-flow-from-operating-activities,net-change-in-property-plant-equipment,net-change-in-intangible-assets,net-acquisitions-divestitures,net-change-in-short-term-investments,net-change-in-long-term-investments,net-change-in-investments-total,investing-activities-other,cash-flow-from-investing-activities,net-long-term-debt,net-current-debt,debt-issuance-retirement-net-total,net-common-equity-issued-repurchased,net-total-equity-issued-repurchased,total-common-preferred-stock-dividends-paid,financial-activities-other,cash-flow-from-financial-activities,net-cash-flow,stock-based-compensation,common-stock-dividends-paid
0,2018-09-30,15.64,$12.09,1.29,$3.48,4.5,$-4.69,0.0,$-0.69,0.0,$0.04B,$0.01B,4.12,$0.40B,$0.16B,2.44,$0.12B,$0.06B,50.81%,$0.12B,$0.02B,13.71%,$0.12B,$0.02B,13.71%,$0.12B,$0.05B,39.52%,$0.12B,$-0.00B,-3.23%,$0.12B,$-0.02B,-19.35%,$-0.02B,$0.45B,-5.38%,$-0.02B,$0.45B,-5.38%,$-0.02B,$0.87B,-2.85%,$0.02B,$0.85B,2.05%,$33,$17,$17,$0,$4,$28,$5,$-11,$-6,$0,$-6,$-6,$-11,$13,$5,$37,37,$-0.31,$-0.31,$9,$0,$0,$38,$653,$0,$0,$178,$830,$869,$9,$400,$6,$406,$415,$4,$-1,$0,$453,$869,$-8,$24,$20,$44,$0,$-8,$1,$-5,$-11,$25,$-70,$0,$0,$0,$-18,$-18,$0,$-87,$8,$2,$11,$23,$71,$-32,$-0,$50,$-13,$1,$-17
1,2018-06-30,15.18,$12.54,1.21,$3.42,4.44,$-5.25,0.0,$-0.53,0.0,$0.04B,$0.01B,5.21,$0.39B,$0.17B,2.22,$0.12B,$0.06B,50.00%,$0.12B,$0.02B,13.33%,$0.12B,$0.02B,13.33%,$0.12B,$0.05B,39.17%,$0.12B,$0.01B,4.17%,$0.12B,$-0.02B,-15.00%,$-0.02B,$0.46B,-4.12%,$-0.02B,$0.46B,-4.12%,$-0.02B,$0.86B,-2.19%,$0.02B,$0.85B,1.98%,$32,$16,$16,$0,$4,$28,$4,$16,$20,$0,$20,$20,$15,$12,$4,$37,37,$0.41,$0.40,$15,$0,$0,$43,$643,$0,$0,$177,$820,$863,$8,$386,$6,$392,$400,$4,$-1,$0,$463,$863,$-2,$16,$10,$25,$0,$-6,$1,$-3,$-9,$14,$-47,$0,$0,$0,$-14,$-14,$0,$-61,$-3,$-0,$-3,$16,$64,$-21,$-0,$39,$-8,$1,$-12
2,2018-03-31,13.09,$12.30,1.06,$3.46,3.79,$-6.07,0.0,$-0.94,0.0,$0.05B,$0.01B,6.56,$0.35B,$0.16B,2.24,$0.12B,$0.06B,49.57%,$0.12B,$0.02B,13.68%,$0.12B,$0.02B,13.68%,$0.12B,$0.05B,39.32%,$0.12B,$-0.01B,-9.40%,$0.12B,$-0.03B,-28.21%,$-0.03B,$0.45B,-8.03%,$-0.03B,$0.45B,-8.03%,$-0.03B,$0.81B,-4.17%,$0.02B,$0.80B,2.05%,$30,$15,$15,$0,$3,$25,$4,$-27,$-22,$0,$-22,$-22,$-27,$12,$4,$36,36,$-0.76,$-0.76,$26,$0,$0,$52,$617,$0,$0,$144,$762,$813,$8,$354,$5,$359,$367,$4,$-1,$0,$447,$813,$-22,$8,$26,$34,$0,$-1,$0,$0,$-1,$10,$-11,$0,$0,$0,$-6,$-6,$0,$-17,$-2,$-34,$-36,$9,$58,$-10,$-0,$11,$4,$0,$-6
3,2017-12-31,14.33,$11.87,1.21,$3.51,4.08,$-7.28,0.0,$-0.23,0.0,$0.05B,$0.01B,6.13,$0.39B,$0.18B,2.14,$0.11B,$0.06B,49.56%,$0.11B,$0.02B,14.16%,$0.11B,$0.02B,14.16%,$0.11B,$0.05B,39.82%,$0.11B,$0.01B,11.50%,$0.11B,$-0.01B,-7.08%,$-0.01B,$0.42B,-2.10%,$-0.01B,$0.42B,-2.10%,$-0.01B,$0.82B,-1.04%,$0.02B,$0.81B,2.11%,$29,$14,$15,$0,$3,$25,$4,$-1,$4,$0,$4,$4,$-1,$12,$4,$33,33,$-0.03,$-0.03,$23,$0,$0,$49,$615,$0,$0,$160,$775,$824,$8,$390,$5,$395,$403,$4,$-1,$12,$421,$824,$13,$28,$-2,$27,$0,$-0,$-0,$2,$2,$41,$-125,$0,$0,$0,$-28,$-28,$0,$-153,$9,$26,$36,$63,$110,$-37,$22,$131,$19,$1,$-21
4,2017-09-30,14.78,$12.04,1.23,$3.54,4.18,$-5.99,0.0,$-0.22,0.0,$0.04B,$0.01B,4.46,$0.35B,$0.18B,1.98,$0.11B,$0.05B,49.54%,$0.11B,$0.02B,15.60%,$0.11B,$0.02B,15.60%,$0.11B,$0.04B,40.37%,$0.11B,$0.01B,11.01%,$0.11B,$-0.01B,-6.42%,$-0.01B,$0.42B,-1.98%,$-0.01B,$0.42B,-1.98%,$-0.01B,$0.79B,-0.95%,$0.02B,$0.77B,2.36%,$29,$15,$14,$0,$3,$25,$4,$-1,$3,$0,$3,$3,$-5,$11,$4,$34,34,$-0.15,$-0.15,$15,$0,$0,$39,$579,$0,$0,$168,$747,$786,$9,$354,$5,$359,$368,$3,$-1,$13,$418,$786,$9,$21,$-1,$19,$0,$-0,$1,$-0,$1,$29,$-90,$0,$0,$0,$-26,$-26,$0,$-115,$20,$-17,$3,$52,$99,$-27,$22,$97,$11,$1,$-15
5,2017-06-30,16.02,$10.67,1.5,$3.60,4.45,$-5.20,0.0,$-0.09,0.0,$0.03B,$0.01B,3.6,$0.38B,$0.17B,2.2,$0.11B,$0.05B,50.48%,$0.11B,$0.02B,16.19%,$0.11B,$0.02B,16.19%,$0.11B,$0.04B,40.95%,$0.11B,$0.01B,11.43%,$0.11B,$-0.00B,-2.86%,$-0.00B,$0.36B,-0.91%,$-0.00B,$0.36B,-0.91%,$-0.00B,$0.75B,-0.43%,$0.02B,$0.73B,2.46%,$29,$15,$14,$0,$4,$25,$4,$-0,$4,$0,$4,$4,$-0,$11,$4,$32,32,$-0.01,$-0.01,$8,$0,$0,$32,$567,$0,$0,$147,$714,$746,$9,$375,$5,$380,$389,$3,$-1,$11,$357,$746,$6,$14,$0,$14,$0,$-4,$2,$-1,$-3,$17,$-71,$0,$0,$0,$-5,$-5,$0,$-76,$18,$6,$24,$34,$34,$-17,$22,$63,$4,$1,$-10
6,2017-03-31,14.14,$10.59,1.34,$3.62,3.91,$-4.07,0.0,$-0.10,0.0,$0.03B,$0.01B,3.61,$0.39B,$0.14B,2.8,$0.10B,$0.05B,50.50%,$0.10B,$0.02B,16.83%,$0.10B,$0.02B,16.83%,$0.10B,$0.04B,41.58%,$0.10B,$0.01B,10.89%,$0.10B,$-0.00B,-3.96%,$-0.00B,$0.33B,-1.27%,$-0.00B,$0.33B,-1.27%,$-0.00B,$0.73B,-0.59%,$0.02B,$0.71B,2.54%,$26,$13,$13,$0,$3,$22,$4,$-2,$2,$0,$2,$2,$-2,$11,$4,$30,30,$-0.05,$-0.05,$8,$0,$0,$32,$553,$0,$0,$141,$694,$726,$9,$387,$5,$392,$401,$3,$-1,$15,$325,$726,$2,$7,$0,$7,$0,$-1,$1,$2,$2,$12,$-49,$0,$0,$0,$-1,$-1,$0,$-50,$12,$24,$36,$16,$16,$-9,$-0,$43,$5,$0,$-5
7,2016-12-31,13.82,$10.79,1.28,$3.60,3.84,$-2.94,0.0,$-0.08,0.0,$0.03B,$0.01B,3.15,$0.35B,$0.13B,2.69,$0.10B,$0.05B,50.51%,$0.10B,$0.02B,17.17%,$0.10B,$0.02B,17.17%,$0.10B,$0.04B,40.40%,$0.10B,$0.01B,11.11%,$0.10B,$-0.00B,-3.03%,$-0.00B,$0.32B,-1.01%,$-0.00B,$0.32B,-1.01%,$-0.00B,$0.68B,-0.46%,$0.02B,$0.67B,2.64%,$25,$12,$13,$0,$3,$21,$5,$-1,$3,$0,$3,$3,$-0,$11,$5,$28,28,$-0.02,$-0.02,$4,$0,$0,$25,$515,$0,$0,$141,$656,$680,$8,$351,$4,$356,$363,$3,$-1,$17,$317,$680,$12,$24,$-0,$24,$0,$-3,$0,$-1,$-6,$29,$-65,$0,$0,$0,$-13,$-13,$0,$-78,$7,$0,$7,$22,$72,$-32,$-1,$46,$-2,$1,$-18
8,2016-09-30,10.79,$11.09,0.97,$3.54,3.04,$-5.70,0.0,$-0.17,0.0,$0.03B,$0.01B,2.64,$0.34B,$0.13B,2.68,$0.10B,$0.05B,50.00%,$0.10B,$0.02B,15.63%,$0.10B,$0.02B,15.63%,$0.10B,$0.04B,39.58%,$0.10B,$0.01B,8.33%,$0.10B,$-0.01B,-5.21%,$-0.01B,$0.31B,-1.79%,$-0.01B,$0.31B,-1.79%,$-0.01B,$0.67B,-0.79%,$0.02B,$0.66B,2.41%,$25,$13,$13,$0,$3,$22,$4,$-1,$3,$0,$3,$3,$-1,$10,$4,$28,28,$-0.02,$-0.02,$4,$0,$0,$25,$503,$0,$0,$142,$644,$669,$9,$342,$4,$346,$355,$3,$-1,$21,$314,$669,$8,$18,$-0,$17,$0,$-2,$1,$-2,$-4,$21,$-49,$0,$0,$0,$-11,$-11,$0,$-60,$2,$-1,$0,$10,$59,$-24,$-0,$36,$-3,$1,$-13
9,2016-06-30,10.03,$11.13,0.9,$3.46,2.9,$-7.22,0.0,$-0.18,0.0,$0.03B,$0.01B,3.39,$0.33B,$0.12B,2.75,$0.09B,$0.05B,48.39%,$0.09B,$0.01B,15.05%,$0.09B,$0.01B,15.05%,$0.09B,$0.04B,38.71%,$0.09B,$0.01B,6.45%,$0.09B,$-0.01B,-5.38%,$-0.01B,$0.31B,-1.98%,$-0.01B,$0.31B,-1.98%,$-0.01B,$0.65B,-0.82%,$0.01B,$0.64B,2.36%,$25,$13,$12,$0,$3,$21,$4,$-1,$3,$0,$3,$3,$-1,$10,$4,$27,27,$-0.03,$-0.03,$10,$0,$0,$30,$488,$0,$0,$134,$622,$652,$9,$332,$4,$336,$345,$3,$-1,$16,$307,$652,$5,$12,$0,$12,$0,$-4,$1,$-1,$-5,$12,$-27,$0,$0,$0,$-9,$-9,$0,$-37,$4,$-13,$-9,$3,$53,$-15,$-0,$28,$3,$0,$-9
10,2016-03-31,8.69,$9.18,0.95,$3.30,2.64,$-7.45,0.0,$-0.22,0.0,$0.03B,$0.01B,2.71,$0.36B,$0.11B,3.19,$0.09B,$0.04B,47.73%,$0.09B,$0.01B,13.64%,$0.09B,$0.01B,13.64%,$0.09B,$0.03B,37.50%,$0.09B,$0.00B,3.41%,$0.09B,$-0.01B,-6.82%,$-0.01B,$0.25B,-2.65%,$-0.01B,$0.25B,-2.65%,$-0.01B,$0.62B,-1.05%,$0.01B,$0.61B,2.15%,$24,$12,$12,$0,$2,$20,$4,$-2,$2,$0,$2,$2,$-1,$9,$4,$27,27,$-0.03,$-0.03,$8,$0,$0,$27,$478,$0,$0,$119,$597,$624,$10,$361,$4,$364,$374,$3,$-1,$6,$250,$624,$2,$6,$0,$6,$0,$-1,$1,$1,$-0,$8,$-11,$0,$0,$0,$-8,$-8,$0,$-19,$6,$14,$20,$0,$0,$-8,$-0,$12,$1,$0,$-4
11,2015-12-31,8.69,$9.09,0.96,$3.17,2.75,$-7.37,0.0,$-0.24,0.0,$0.03B,$0.01B,2.79,$0.34B,$0.11B,3.11,$0.08B,$0.04B,47.56%,$0.08B,$0.01B,12.20%,$0.08B,$0.01B,12.20%,$0.08B,$0.03B,36.59%,$0.08B,$0.00B,2.44%,$0.08B,$-0.01B,-7.32%,$-0.01B,$0.25B,-2.76%,$-0.01B,$0.25B,-2.76%,$-0.01B,$0.60B,-1.12%,$0.01B,$0.59B,1.90%,$22,$11,$11,$0,$3,$19,$3,$-2,$0,$0,$0,$0,$-2,$9,$3,$26,26,$-0.10,$-0.10,$7,$0,$0,$27,$474,$0,$0,$100,$574,$600,$10,$341,$4,$345,$354,$3,$-1,$-2,$246,$600,$2,$20,$2,$22,$0,$-2,$1,$1,$2,$26,$-130,$0,$0,$0,$-18,$-18,$0,$-149,$102,$-19,$82,$23,$66,$-24,$-2,$121,$-2,$1,$-17
12,2015-09-30,7.84,$7.64,1.03,$3.16,2.48,$-4.80,0.0,$-0.15,0.0,$0.03B,$0.01B,3.5,$0.34B,$0.11B,2.97,$0.08B,$0.04B,46.84%,$0.08B,$0.01B,12.66%,$0.08B,$0.01B,12.66%,$0.08B,$0.03B,35.44%,$0.08B,$0.00B,5.06%,$0.08B,$-0.00B,-5.06%,$-0.00B,$0.21B,-1.92%,$-0.00B,$0.21B,-1.92%,$-0.00B,$0.55B,-0.79%,$0.01B,$0.54B,2.01%,$22,$11,$10,$0,$3,$19,$3,$-2,$1,$0,$1,$1,$-1,$8,$3,$26,26,$-0.03,$-0.03,$8,$0,$0,$28,$429,$0,$0,$94,$523,$551,$8,$335,$3,$339,$347,$3,$-1,$-4,$205,$551,$2,$14,$1,$15,$0,$-1,$1,$-3,$-3,$14,$-80,$0,$0,$0,$-7,$-7,$0,$-87,$81,$-8,$73,$20,$20,$-18,$-2,$73,$-0,$1,$-12
13,2015-06-30,8.11,$7.90,1.03,$3.15,2.57,$-3.58,0.0,$-0.18,0.0,$0.03B,$0.01B,3.59,$0.29B,$0.11B,2.54,$0.08B,$0.04B,46.05%,$0.08B,$0.01B,11.84%,$0.08B,$0.01B,11.84%,$0.08B,$0.03B,34.21%,$0.08B,$0.00B,5.26%,$0.08B,$-0.00B,-5.26%,$-0.00B,$0.21B,-1.93%,$-0.00B,$0.21B,-1.93%,$-0.00B,$0.51B,-0.82%,$0.01B,$0.50B,1.89%,$20,$10,$9,$0,$2,$17,$2,$-2,$0,$0,$0,$0,$-2,$7,$2,$26,26,$-0.06,$-0.06,$9,$0,$0,$29,$385,$0,$0,$92,$477,$506,$8,$289,$3,$292,$300,$3,$-1,$-2,$206,$506,$1,$9,$1,$10,$0,$-2,$1,$-0,$-1,$10,$-31,$0,$0,$0,$-6,$-6,$0,$-37,$39,$-13,$27,$14,$14,$-12,$-1,$28,$1,$0,$-8
14,2015-03-31,8.18,$8.38,0.98,$3.21,2.55,$-3.41,0.0,$-0.14,0.0,$0.03B,$0.01B,4.67,$0.27B,$0.12B,2.24,$0.07B,$0.03B,45.95%,$0.07B,$0.01B,12.16%,$0.07B,$0.01B,12.16%,$0.07B,$0.02B,32.43%,$0.07B,$0.01B,6.76%,$0.07B,$-0.00B,-2.70%,$-0.00B,$0.21B,-0.97%,$-0.00B,$0.21B,-0.97%,$-0.00B,$0.49B,-0.42%,$0.01B,$0.48B,1.95%,$18,$10,$9,$0,$2,$16,$2,$-1,$1,$0,$1,$1,$-1,$6,$2,$25,25,$-0.05,$-0.05,$11,$0,$0,$32,$367,$0,$0,$92,$459,$491,$7,$270,$3,$272,$279,$3,$-1,$5,$212,$491,$1,$4,$0,$5,$0,$2,$0,$-0,$2,$7,$-8,$0,$0,$0,$-4,$-4,$0,$-12,$37,$-30,$7,$8,$8,$-6,$-1,$8,$3,$0,$-4
15,2014-12-31,7.62,$8.57,0.89,$3.21,2.37,$-3.72,0.0,$-0.15,0.0,$0.03B,$0.01B,4.57,$0.26B,$0.12B,2.22,$0.07B,$0.03B,44.44%,$0.07B,$0.01B,11.11%,$0.07B,$0.01B,11.11%,$0.07B,$0.02B,30.56%,$0.07B,$0.01B,6.94%,$0.07B,$-0.00B,-2.78%,$-0.00B,$0.21B,-0.99%,$-0.00B,$0.21B,-0.99%,$-0.00B,$0.48B,-0.44%,$0.01B,$0.47B,1.78%,$19,$10,$9,$0,$2,$16,$3,$-1,$2,$0,$2,$2,$-0,$7,$3,$22,22,$-0.01,$-0.01,$8,$0,$0,$30,$361,$0,$0,$87,$448,$478,$7,$260,$3,$263,$269,$2,$-1,$5,$209,$478,$4,$16,$0,$16,$0,$1,$0,$1,$4,$24,$-57,$0,$0,$0,$1,$1,$0,$-56,$-5,$28,$24,$31,$31,$-22,$-1,$32,$0,$1,$-14
16,2014-09-30,7.44,$8.63,0.86,$3.25,2.29,$-7.35,0.0,$-0.27,0.0,$0.03B,$0.01B,4.4,$0.26B,$0.11B,2.34,$0.07B,$0.03B,42.03%,$0.07B,$0.00B,5.80%,$0.07B,$0.00B,5.80%,$0.07B,$0.02B,26.09%,$0.07B,$0.00B,2.90%,$0.07B,$-0.01B,-7.25%,$-0.01B,$0.20B,-2.53%,$-0.01B,$0.20B,-2.53%,$-0.01B,$0.47B,-1.14%,$0.00B,$0.46B,0.93%,$19,$10,$8,$0,$2,$17,$2,$-1,$1,$0,$1,$1,$-1,$6,$2,$23,23,$-0.06,$-0.06,$3,$0,$0,$27,$352,$0,$0,$87,$439,$466,$6,$256,$3,$259,$265,$2,$-1,$3,$201,$466,$3,$11,$0,$12,$0,$-2,$1,$1,$0,$15,$-44,$0,$0,$0,$-0,$-0,$0,$-44,$-3,$23,$20,$22,$22,$-16,$-0,$25,$-5,$1,$-11
17,2014-06-30,7.72,$8.96,0.86,$3.29,2.34,$-10.84,0.0,$-0.27,0.0,$0.04B,$0.01B,5.47,$0.24B,$0.11B,2.19,$0.07B,$0.03B,42.42%,$0.07B,$0.00B,4.55%,$0.07B,$0.00B,4.55%,$0.07B,$0.02B,24.24%,$0.07B,$0.00B,3.03%,$0.07B,$-0.01B,-7.58%,$-0.01B,$0.20B,-2.58%,$-0.01B,$0.20B,-2.58%,$-0.01B,$0.45B,-1.19%,$0.00B,$0.44B,0.73%,$18,$10,$8,$0,$3,$16,$2,$-0,$1,$0,$1,$1,$-0,$5,$2,$22,22,$-0.02,$-0.02,$11,$0,$0,$36,$325,$0,$0,$89,$413,$450,$7,$239,$3,$242,$249,$2,$-10,$5,$201,$450,$2,$7,$-0,$7,$0,$-3,$1,$1,$-1,$8,$-22,$0,$0,$0,$2,$2,$0,$-20,$-2,$14,$12,$14,$14,$-11,$-0,$15,$3,$1,$-7
18,2014-03-31,7.39,$9.08,0.81,$3.36,2.2,$-14.76,0.0,$-0.27,0.0,$0.03B,$0.01B,6.11,$0.23B,$0.11B,2.2,$0.06B,$0.03B,42.19%,$0.06B,$0.00B,4.69%,$0.06B,$0.00B,4.69%,$0.06B,$0.02B,25.00%,$0.06B,$0.00B,4.69%,$0.06B,$-0.01B,-7.81%,$-0.01B,$0.20B,-2.64%,$-0.01B,$0.20B,-2.64%,$-0.01B,$0.44B,-1.24%,$0.00B,$0.43B,0.76%,$16,$9,$7,$0,$2,$15,$1,$-0,$1,$0,$1,$1,$-1,$4,$1,$21,21,$-0.06,$-0.06,$8,$0,$0,$34,$320,$0,$0,$82,$402,$436,$6,$231,$2,$234,$239,$2,$-6,$4,$197,$436,$1,$4,$-0,$4,$0,$2,$0,$-0,$2,$6,$-13,$0,$0,$0,$2,$2,$0,$-11,$-1,$5,$3,$7,$7,$-5,$-0,$5,$0,$0,$-3
19,2013-12-31,6.98,$9.18,0.76,$3.38,2.07,$-18.49,0.0,$-0.08,0.0,$0.03B,$0.01B,6.14,$0.21B,$0.10B,2.12,$0.06B,$0.03B,42.62%,$0.06B,$0.00B,4.92%,$0.06B,$0.00B,4.92%,$0.06B,$0.02B,26.23%,$0.06B,$0.01B,9.84%,$0.06B,$-0.00B,-3.28%,$-0.00B,$0.19B,-1.07%,$-0.00B,$0.19B,-1.07%,$-0.00B,$0.41B,-0.52%,$0.00B,$0.40B,0.79%,$16,$11,$6,$0,$3,$17,$-1,$-0,$-1,$0,$-1,$-1,$-3,$3,$-1,$19,19,$-0.14,$-0.14,$8,$0,$0,$34,$292,$0,$0,$82,$374,$408,$5,$210,$2,$212,$217,$2,$-1,$1,$191,$408,$6,$12,$-2,$10,$0,$-2,$1,$-3,$-4,$11,$-107,$0,$0,$0,$-3,$-3,$0,$-110,$44,$39,$83,$33,$33,$-19,$-1,$96,$-3,$1,$-12
20,2013-09-30,7.23,$9.52,0.76,$3.28,2.2,$-16.60,0.0,$0.02,361.35,$0.04B,$0.01B,5.69,$0.20B,$0.10B,2.08,$0.06B,$0.03B,43.10%,$0.06B,$0.01B,8.62%,$0.06B,$0.01B,8.62%,$0.06B,$0.02B,27.59%,$0.06B,$0.01B,13.79%,$0.06B,0,0.00%,$0.00B,$0.19B,0.00%,$0.00B,$0.19B,0.00%,$0.00B,$0.39B,0.00%,$0.01B,$0.38B,1.42%,$16,$9,$7,$0,$2,$15,$1,$-1,$1,$0,$1,$1,$-1,$4,$1,$19,19,$-0.06,$-0.06,$8,$0,$0,$35,$275,$0,$0,$82,$357,$392,$6,$197,$2,$199,$205,$2,$-10,$2,$186,$392,$7,$9,$-3,$6,$0,$-3,$1,$-8,$-9,$4,$-95,$0,$0,$0,$2,$2,$0,$-92,$45,$33,$78,$23,$23,$-14,$-1,$85,$-3,$1,$-9
21,2013-06-30,7.35,$9.94,0.74,$3.17,2.32,$-14.67,0.0,$0.09,81.63,$0.04B,$0.00B,9.01,$0.19B,$0.09B,2.06,$0.05B,$0.02B,42.59%,$0.05B,$0.01B,9.26%,$0.05B,$0.01B,9.26%,$0.05B,$0.02B,27.78%,$0.05B,$0.01B,14.81%,$0.05B,$0.00B,1.85%,$0.00B,$0.19B,0.58%,$0.00B,$0.19B,0.58%,$0.00B,$0.38B,0.30%,$0.01B,$0.38B,1.53%,$16,$9,$7,$0,$2,$14,$2,$-0,$2,$0,$2,$2,$-0,$5,$2,$18,18,$-0.02,$-0.02,$14,$0,$0,$39,$270,$0,$0,$74,$344,$383,$4,$192,$2,$194,$198,$2,$-5,$5,$185,$383,$6,$6,$-3,$3,$0,$-2,$0,$-2,$-5,$4,$-87,$0,$0,$0,$9,$9,$0,$-77,$46,$27,$73,$14,$14,$-9,$-1,$77,$3,$0,$-6
22,2013-03-31,7.23,$10.26,0.7,$2.97,2.43,$-10.37,0.0,$0.18,40.16,$0.03B,$0.00B,7.66,$0.17B,$0.09B,1.91,$0.05B,$0.02B,40.82%,$0.05B,$0.00B,6.12%,$0.05B,$0.00B,6.12%,$0.05B,$0.01B,24.49%,$0.05B,$0.01B,16.33%,$0.05B,$0.00B,4.08%,$0.00B,$0.18B,1.24%,$0.00B,$0.18B,1.24%,$0.00B,$0.36B,0.67%,$0.00B,$0.36B,1.02%,$13,$7,$6,$0,$2,$12,$1,$3,$4,$0,$4,$4,$2,$4,$1,$17,18,$0.13,$0.13,$8,$0,$0,$33,$260,$0,$0,$70,$330,$363,$4,$174,$2,$176,$180,$2,$-2,$8,$183,$363,$4,$2,$-3,$-1,$0,$0,$0,$-2,$-2,$2,$-73,$0,$0,$0,$13,$13,$0,$-60,$53,$2,$55,$6,$6,$-5,$-1,$56,$-3,$0,$-3
23,2012-12-31,7.14,$10.23,0.7,$2.91,2.46,$-6.43,0.0,$0.12,59.54,$0.03B,$0.01B,7.21,$0.12B,$0.08B,1.43,$0.05B,$0.02B,38.30%,$0.05B,$0.00B,6.38%,$0.05B,$0.00B,6.38%,$0.05B,$0.01B,21.28%,$0.05B,$0.01B,12.77%,$0.05B,$0.00B,2.13%,$0.00B,$0.18B,0.69%,$0.00B,$0.18B,0.69%,$0.00B,$0.30B,0.38%,$0.00B,$0.29B,1.15%,$13,$7,$5,$0,$2,$12,$1,$1,$1,$0,$1,$1,$-1,$3,$1,$16,16,$-0.04,$-0.04,$11,$0,$0,$34,$190,$0,$0,$77,$267,$300,$5,$119,$1,$121,$125,$2,$-1,$6,$175,$300,$6,$8,$-3,$5,$0,$-2,$0,$-2,$-2,$9,$-61,$0,$0,$0,$-6,$-6,$0,$-67,$2,$0,$2,$17,$74,$-15,$-0,$60,$2,$1,$-10
24,2012-09-30,8.13,$8.64,0.94,$2.89,2.81,$-4.29,0.0,$0.14,58.06,$0.03B,$0.00B,6.62,$0.13B,$0.08B,1.58,$0.05B,$0.02B,37.78%,$0.05B,$0.00B,4.44%,$0.05B,$0.00B,4.44%,$0.05B,$0.01B,20.00%,$0.05B,$0.01B,13.33%,$0.05B,$0.00B,4.44%,$0.00B,$0.14B,1.57%,$0.00B,$0.14B,1.57%,$0.00B,$0.28B,0.81%,$0.00B,$0.28B,0.82%,$12,$7,$5,$0,$2,$12,$1,$1,$1,$0,$1,$1,$0,$3,$1,$16,16,$0.01,$0.01,$4,$0,$0,$27,$179,$0,$0,$74,$253,$280,$4,$131,$1,$133,$137,$2,$-7,$7,$143,$280,$5,$5,$-2,$3,$0,$-2,$1,$-2,$-3,$5,$-51,$0,$0,$0,$-2,$-2,$0,$-53,$17,$0,$17,$12,$38,$-11,$-0,$44,$-4,$0,$-8
25,2012-06-30,7.17,$8.94,0.8,$2.80,2.56,$-2.33,0.0,$0.13,55.16,$0.04B,$0.00B,10.35,$0.11B,$0.09B,1.23,$0.04B,$0.02B,37.21%,$0.04B,$0.00B,4.65%,$0.04B,$0.00B,4.65%,$0.04B,$0.01B,18.60%,$0.04B,$0.01B,13.95%,$0.04B,$0.00B,4.65%,$0.00B,$0.15B,1.71%,$0.00B,$0.15B,1.71%,$0.00B,$0.26B,0.86%,$0.00B,$0.25B,0.88%,$11,$7,$4,$0,$2,$11,$0,$2,$2,$0,$2,$2,$1,$2,$0,$16,16,$0.07,$0.07,$21,$0,$0,$42,$138,$0,$0,$75,$213,$255,$4,$105,$1,$106,$110,$2,$-4,$10,$145,$255,$4,$3,$-2,$2,$0,$-2,$1,$-1,$-1,$4,$-8,$0,$0,$0,$-2,$-2,$0,$-10,$-10,$0,$-10,$9,$35,$-7,$-0,$19,$12,$0,$-5
26,2012-03-31,7.21,$7.18,1.0,$2.78,2.59,$-2.85,0.0,$0.06,120.12,$0.03B,$0.00B,12.42,$0.11B,$0.08B,1.42,$0.04B,$0.02B,38.10%,$0.04B,$0.00B,7.14%,$0.04B,$0.00B,7.14%,$0.04B,$0.01B,19.05%,$0.04B,$0.00B,9.52%,$0.04B,$0.00B,2.38%,$0.00B,$0.11B,0.93%,$0.00B,$0.11B,0.93%,$0.00B,$0.23B,0.45%,$0.00B,$0.23B,1.39%,$11,$7,$4,$0,$2,$10,$1,$1,$2,$0,$2,$2,$1,$2,$1,$15,16,$0.07,$0.07,$9,$0,$0,$29,$137,$0,$0,$65,$201,$231,$2,$114,$1,$115,$117,$2,$-2,$7,$114,$231,$2,$2,$-1,$1,$0,$1,$-0,$0,$0,$3,$-5,$0,$0,$0,$1,$1,$0,$-4,$-0,$0,$-0,$5,$5,$-3,$-0,$1,$0,$0,$-2
27,2011-12-31,6.02,$6.94,0.87,$2.72,2.21,$-2.60,0.0,$0.14,43.0,$0.03B,$0.00B,10.26,$0.11B,$0.07B,1.58,$0.04B,$0.02B,40.00%,$0.04B,$0.00B,7.50%,$0.04B,$0.00B,7.50%,$0.04B,$0.01B,20.00%,$0.04B,$0.00B,10.00%,$0.04B,$0.00B,5.00%,$0.00B,$0.11B,2.04%,$0.00B,$0.11B,2.04%,$0.00B,$0.22B,0.95%,$0.00B,$0.22B,1.45%,$11,$7,$4,$0,$1,$11,$0,$0,$1,$0,$1,$1,$-0,$2,$0,$15,15,$-0.01,$-0.01,$9,$0,$0,$30,$134,$0,$0,$60,$194,$224,$3,$114,$1,$115,$118,$2,$-1,$2,$106,$224,$4,$6,$-2,$4,$0,$0,$-0,$0,$0,$8,$-24,$0,$0,$0,$-16,$-16,$0,$-40,$-1,$2,$1,$12,$44,$-10,$-1,$34,$3,$0,$-9
28,2011-09-30,5.77,$6.85,0.84,$2.71,2.13,$-4.55,0.0,$0.31,18.61,$0.03B,$0.00B,11.32,$0.11B,$0.07B,1.61,$0.04B,$0.02B,41.03%,$0.04B,$0.00B,10.26%,$0.04B,$0.00B,10.26%,$0.04B,$0.01B,20.51%,$0.04B,$0.01B,12.82%,$0.04B,$0.00B,10.26%,$0.00B,$0.10B,4.47%,$0.00B,$0.10B,4.47%,$0.00B,$0.22B,1.98%,$0.00B,$0.21B,2.02%,$10,$6,$4,$0,$2,$9,$1,$0,$1,$0,$1,$1,$0,$2,$1,$15,15,$0.01,$0.01,$7,$0,$0,$29,$130,$0,$0,$57,$186,$215,$3,$110,$1,$111,$113,$1,$-6,$-1,$102,$215,$3,$5,$-1,$3,$0,$0,$-0,$-1,$-1,$6,$-18,$0,$0,$0,$-15,$-15,$0,$-34,$-3,$0,$-3,$9,$41,$-7,$-0,$30,$2,$0,$-7
29,2011-06-30,6.67,$7.47,0.89,$2.71,2.46,$-4.88,0.0,$0.40,16.66,$0.03B,$0.00B,9.48,$0.10B,$0.08B,1.31,$0.04B,$0.02B,40.54%,$0.04B,$0.00B,10.81%,$0.04B,$0.00B,10.81%,$0.04B,$0.01B,21.62%,$0.04B,$0.01B,13.51%,$0.04B,$0.01B,13.51%,$0.01B,$0.11B,6.23%,$0.01B,$0.11B,6.23%,$0.01B,$0.21B,2.62%,$0.00B,$0.21B,2.14%,$10,$6,$4,$0,$2,$9,$1,$-0,$0,$0,$0,$0,$-0,$2,$1,$14,14,$-0.00,$-0.00,$8,$0,$0,$29,$128,$0,$0,$54,$182,$211,$3,$99,$1,$100,$103,$1,$-3,$6,$109,$211,$2,$3,$-1,$2,$0,$-0,$-1,$0,$0,$4,$-16,$0,$0,$0,$-7,$-7,$0,$-23,$-14,$0,$-14,$7,$39,$-4,$-0,$21,$2,$0,$-4
30,2011-03-31,6.09,$5.26,1.16,$2.67,2.28,$-5.09,0.0,$0.52,11.7,$0.03B,$0.00B,10.79,$0.12B,$0.08B,1.56,$0.04B,$0.01B,40.00%,$0.04B,$0.00B,11.43%,$0.04B,$0.00B,11.43%,$0.04B,$0.01B,22.86%,$0.04B,$0.01B,17.14%,$0.04B,$0.01B,17.14%,$0.01B,$0.08B,8.79%,$0.01B,$0.08B,8.79%,$0.01B,$0.20B,3.35%,$0.00B,$0.19B,2.28%,$9,$5,$4,$0,$1,$8,$1,$1,$2,$0,$2,$2,$2,$2,$1,$14,14,$0.15,$0.15,$11,$0,$0,$32,$115,$0,$0,$48,$163,$195,$3,$116,$1,$117,$120,$1,$-1,$5,$75,$195,$2,$1,$-1,$0,$0,$0,$0,$-0,$0,$2,$-1,$0,$0,$0,$-2,$-2,$0,$-3,$3,$0,$3,$4,$4,$-2,$-0,$5,$5,$0,$-2
31,2010-12-31,6.14,$5.25,1.17,$2.69,2.29,$-5.05,0.0,$0.52,11.81,$0.03B,$0.00B,9.03,$0.11B,$0.07B,1.57,$0.03B,$0.01B,38.24%,$0.03B,$0.00B,11.76%,$0.03B,$0.00B,11.76%,$0.03B,$0.01B,23.53%,$0.03B,$0.01B,17.65%,$0.03B,$0.01B,17.65%,$0.01B,$0.07B,9.20%,$0.01B,$0.07B,9.20%,$0.01B,$0.19B,3.55%,$0.00B,$0.19B,2.42%,$10,$6,$4,$0,$1,$9,$1,$1,$2,$0,$2,$2,$2,$2,$1,$13,13,$0.16,$0.16,$6,$0,$0,$27,$116,$0,$0,$46,$162,$189,$3,$113,$1,$114,$117,$1,$-1,$6,$72,$189,$7,$5,$-3,$1,$0,$-3,$0,$0,$-2,$6,$-45,$0,$0,$0,$11,$11,$0,$-34,$20,$4,$24,$13,$13,$-8,$-0,$29,$1,$0,$-8
32,2010-09-30,6.36,$4.98,1.28,$2.63,2.42,$-1.41,0.0,$0.55,11.56,$0.02B,$0.00B,7.05,$0.10B,$0.07B,1.53,$0.03B,$0.01B,40.63%,$0.03B,$0.01B,15.63%,$0.03B,$0.01B,15.63%,$0.03B,$0.01B,28.13%,$0.03B,$0.01B,18.75%,$0.03B,$0.01B,18.75%,$0.01B,$0.07B,9.80%,$0.01B,$0.07B,9.80%,$0.01B,$0.17B,3.78%,$0.01B,$0.17B,3.22%,$8,$5,$3,$0,$1,$8,$1,$0,$1,$0,$1,$1,$1,$2,$1,$13,13,$0.09,$0.09,$2,$0,$0,$24,$91,$0,$0,$55,$145,$169,$3,$100,$1,$101,$104,$1,$-3,$5,$65,$169,$5,$3,$-2,$1,$0,$-3,$1,$-1,$-3,$3,$-18,$0,$0,$0,$1,$1,$0,$-18,$11,$0,$11,$7,$7,$-6,$-0,$12,$-2,$0,$-6
33,2010-06-30,5.86,$4.79,1.22,$2.70,2.17,$0.31,18.95,$0.58,10.1,$0.03B,$0.00B,9.12,$0.10B,$0.06B,1.64,$0.03B,$0.01B,40.63%,$0.03B,$0.01B,15.63%,$0.03B,$0.01B,15.63%,$0.03B,$0.01B,28.13%,$0.03B,$0.01B,18.75%,$0.03B,$0.01B,18.75%,$0.01B,$0.06B,10.34%,$0.01B,$0.06B,10.34%,$0.01B,$0.16B,3.93%,$0.01B,$0.16B,3.35%,$8,$5,$3,$0,$1,$7,$1,$1,$1,$0,$1,$1,$1,$2,$1,$13,13,$0.12,$0.12,$3,$0,$0,$25,$89,$0,$0,$49,$138,$163,$3,$99,$1,$100,$103,$1,$-2,$3,$61,$163,$3,$2,$-1,$1,$0,$-1,$0,$-1,$-1,$3,$-15,$0,$0,$0,$1,$1,$0,$-14,$10,$0,$10,$4,$4,$-4,$-0,$10,$-1,$0,$-4
34,2010-03-31,4.67,$5.05,0.92,$2.80,1.67,$1.73,2.7,$0.57,8.19,$0.03B,$0.00B,9.63,$0.09B,$0.06B,1.39,$0.03B,$0.01B,40.63%,$0.03B,$0.01B,15.63%,$0.03B,$0.01B,15.63%,$0.03B,$0.01B,28.13%,$0.03B,$0.01B,18.75%,$0.03B,$0.01B,18.75%,$0.01B,$0.06B,11.16%,$0.01B,$0.06B,11.16%,$0.01B,$0.16B,4.09%,$0.01B,$0.15B,3.49%,$8,$5,$3,$0,$1,$7,$1,$1,$2,$0,$2,$2,$2,$2,$1,$12,12,$0.15,$0.15,$7,$0,$0,$28,$76,$0,$0,$51,$127,$155,$3,$88,$1,$89,$92,$1,$-1,$6,$63,$155,$2,$1,$-1,$0,$0,$0,$0,$-0,$1,$3,$-1,$0,$0,$0,$-0,$-0,$0,$-1,$-1,$0,$-1,$3,$3,$-2,$-0,$0,$2,$0,$-2
35,2009-12-31,4.74,$4.63,1.02,$2.83,1.67,$1.75,2.72,$0.32,14.82,$0.03B,$0.00B,10.5,$0.09B,$0.06B,1.59,$0.03B,$0.01B,40.63%,$0.03B,$0.01B,15.63%,$0.03B,$0.01B,15.63%,$0.03B,$0.01B,28.13%,$0.03B,$0.00B,9.38%,$0.03B,$0.00B,9.38%,$0.00B,$0.06B,6.15%,$0.00B,$0.06B,6.15%,$0.00B,$0.15B,2.12%,$0.01B,$0.15B,3.61%,$8,$4,$4,$0,$1,$6,$2,$1,$2,$0,$2,$2,$2,$3,$2,$11,11,$0.19,$0.19,$5,$0,$0,$26,$76,$0,$0,$46,$122,$148,$2,$89,$1,$90,$92,$1,$-1,$2,$56,$148,$4,$4,$2,$6,$0,$1,$-0,$1,$1,$11,$-4,$0,$0,$0,$-4,$-4,$0,$-8,$-1,$0,$-1,$7,$7,$-7,$-0,$-1,$2,$0,$-7
36,2009-09-30,4.45,$4.43,1.01,$2.71,1.64,$1.28,3.47,$0.05,89.09,$0.03B,$0.00B,8.33,$0.09B,$0.05B,1.73,$0.03B,$0.01B,33.33%,$0.03B,$0.00B,6.67%,$0.03B,$0.00B,6.67%,$0.03B,$0.01B,20.00%,$0.03B,0,0.00%,$0.03B,0,0.00%,$0.00B,$0.05B,0.00%,$0.00B,$0.05B,0.00%,$0.00B,$0.15B,0.00%,$0.00B,$0.14B,1.47%,$8,$5,$3,$0,$1,$7,$1,$0,$1,$0,$1,$1,$1,$2,$1,$11,12,$0.12,$0.12,$3,$0,$0,$25,$76,$0,$0,$44,$120,$145,$3,$90,$1,$90,$93,$1,$-5,$1,$52,$145,$1,$3,$2,$6,$0,$2,$-0,$0,$2,$9,$-3,$0,$0,$0,$-4,$-4,$0,$-7,$0,$0,$0,$4,$4,$-5,$-0,$-1,$0,$0,$-5
37,2009-06-30,4.27,$3.90,1.09,$2.91,1.47,$0.92,4.66,$0.04,106.68,$0.03B,$0.00B,8.71,$0.09B,$0.04B,2.06,$0.03B,$0.01B,37.50%,$0.03B,$0.00B,9.38%,$0.03B,$0.00B,9.38%,$0.03B,$0.01B,21.88%,$0.03B,0,0.00%,$0.03B,0,0.00%,$0.00B,$0.04B,0.00%,$0.00B,$0.04B,0.00%,$0.00B,$0.14B,0.00%,$0.00B,$0.14B,2.22%,$8,$5,$3,$0,$1,$7,$1,$-0,$1,$0,$1,$1,$1,$2,$1,$11,11,$0.11,$0.11,$5,$0,$0,$27,$76,$0,$0,$37,$112,$139,$3,$91,$1,$92,$95,$1,$-5,$-4,$44,$139,$0,$2,$3,$5,$0,$1,$-0,$1,$2,$7,$-2,$0,$0,$0,$-2,$-2,$0,$-4,$2,$0,$2,$2,$2,$-3,$-0,$-0,$2,$0,$-3
38,2009-03-31,2.83,$3.86,0.73,$3.15,0.9,$0.59,4.78,$0.07,40.41,$0.03B,$0.00B,8.0,$0.09B,$0.04B,2.06,$0.03B,$0.01B,41.18%,$0.03B,$0.00B,11.76%,$0.03B,$0.00B,11.76%,$0.03B,$0.01B,23.53%,$0.03B,$0.00B,2.94%,$0.03B,$0.00B,2.94%,$0.00B,$0.04B,2.15%,$0.00B,$0.04B,2.15%,$0.00B,$0.14B,0.72%,$0.00B,$0.13B,2.97%,$8,$4,$3,$0,$1,$6,$1,$-2,$-1,$0,$-1,$-1,$-1,$2,$1,$11,11,$-0.10,$-0.10,$3,$0,$0,$25,$76,$0,$0,$34,$110,$135,$3,$89,$1,$89,$92,$1,$-4,$-5,$43,$135,$-1,$1,$2,$3,$0,$0,$-0,$0,$1,$3,$-1,$0,$0,$0,$0,$0,$0,$-1,$-1,$0,$-1,$0,$0,$-2,$0,$-2,$0,$0,$-2
39,2008-12-31,3.04,$4.06,0.75,$3.23,0.94,$0.36,8.51,$0.14,21.72,$0.03B,$0.00B,8.13,$0.09B,$0.05B,2.0,$0.03B,$0.02B,44.12%,$0.03B,$0.00B,11.76%,$0.03B,$0.00B,11.76%,$0.03B,$0.01B,23.53%,$0.03B,$0.00B,5.88%,$0.03B,$0.00B,5.88%,$0.00B,$0.05B,4.10%,$0.00B,$0.05B,4.10%,$0.00B,$0.14B,1.44%,$0.00B,$0.13B,2.97%,$6,$5,$1,$0,$1,$7,$-1,$0,$-1,$0,$-1,$-1,$-1,$0,$-1,$11,11,$-0.08,$-0.08,$3,$0,$0,$25,$76,$0,$0,$36,$113,$138,$3,$90,$1,$90,$93,$1,$-1,$-6,$45,$138,$2,$4,$3,$8,$0,$1,$0,$-2,$-1,$8,$-6,$0,$0,$0,$-5,$-5,$-0,$-12,$4,$7,$11,$1,$1,$-7,$-0,$4,$1,$0,$-7
40,2008-09-30,3.45,$4.52,0.76,$3.29,1.05,$-0.75,0.0,$0.20,17.24,$0.02B,$0.00B,7.76,$0.09B,$0.05B,1.78,$0.04B,$0.02B,42.86%,$0.04B,$0.00B,11.43%,$0.04B,$0.00B,11.43%,$0.04B,$0.01B,22.86%,$0.04B,$0.00B,8.57%,$0.04B,$0.00B,8.57%,$0.00B,$0.05B,5.88%,$0.00B,$0.05B,5.88%,$0.00B,$0.14B,2.17%,$0.00B,$0.14B,2.97%,$10,$6,$5,$0,$1,$8,$2,$-1,$1,$0,$1,$1,$1,$3,$2,$11,11,$0.11,$0.11,$2,$0,$0,$24,$74,$0,$0,$43,$117,$141,$3,$88,$1,$89,$92,$1,$0,$-3,$49,$141,$2,$3,$1,$4,$0,$2,$-0,$-2,$0,$7,$-5,$0,$0,$0,$-6,$-6,$-0,$-11,$9,$0,$9,$1,$1,$-6,$-0,$5,$0,$0,$-6
41,2008-06-30,4.24,$4.50,0.94,$3.30,1.29,$-1.68,0.0,$0.10,42.43,$0.02B,$0.00B,6.8,$0.09B,$0.05B,1.74,$0.04B,$0.01B,40.00%,$0.04B,$0.00B,8.57%,$0.04B,$0.00B,8.57%,$0.04B,$0.01B,20.00%,$0.04B,$0.00B,5.71%,$0.04B,$0.00B,5.71%,$0.00B,$0.05B,3.77%,$0.00B,$0.05B,3.77%,$0.00B,$0.14B,1.47%,$0.00B,$0.13B,2.27%,$10,$6,$5,$0,$1,$8,$2,$-1,$2,$0,$2,$2,$2,$3,$2,$11,11,$0.14,$0.14,$2,$0,$0,$24,$75,$0,$0,$40,$115,$138,$4,$85,$1,$86,$89,$1,$0,$-4,$49,$138,$1,$2,$1,$3,$0,$1,$0,$-1,$1,$5,$-4,$0,$0,$0,$-4,$-4,$-0,$-8,$7,$0,$7,$1,$1,$-4,$-0,$3,$0,$0,$-4
42,2008-03-31,4.69,$4.78,0.98,$3.41,1.37,$-2.26,0.0,$0.14,33.52,$0.02B,$0.00B,7.02,$0.08B,$0.05B,1.58,$0.04B,$0.01B,38.89%,$0.04B,$0.00B,11.11%,$0.04B,$0.00B,11.11%,$0.04B,$0.01B,22.22%,$0.04B,$0.00B,5.56%,$0.04B,$0.00B,5.56%,$0.00B,$0.05B,3.60%,$0.00B,$0.05B,3.60%,$0.00B,$0.14B,1.52%,$0.00B,$0.13B,3.13%,$8,$5,$4,$0,$1,$7,$1,$-2,$-0,$0,$-0,$-0,$-0,$2,$1,$11,11,$-0.03,$-0.03,$2,$0,$0,$23,$75,$0,$0,$40,$115,$137,$3,$82,$1,$82,$85,$1,$0,$-1,$52,$137,$-0,$1,$1,$2,$0,$1,$-0,$0,$0,$2,$-3,$0,$0,$0,$-0,$-0,$-0,$-3,$3,$0,$3,$0,$0,$-2,$-0,$1,$-0,$0,$-2
43,2007-12-31,5.47,$5.03,1.09,$3.49,1.57,$-2.40,0.0,$0.25,21.88,$0.02B,$0.00B,7.17,$0.08B,$0.05B,1.46,$0.04B,$0.01B,37.84%,$0.04B,$0.01B,13.51%,$0.04B,$0.01B,13.51%,$0.04B,$0.01B,24.32%,$0.04B,$0.00B,8.11%,$0.04B,$0.00B,8.11%,$0.00B,$0.05B,5.26%,$0.00B,$0.05B,5.26%,$0.00B,$0.14B,2.36%,$0.01B,$0.13B,4.05%,$7,$5,$1,$0,$1,$8,$-1,$1,$-0,$0,$-0,$-0,$-0,$-0,$-1,$11,11,$-0.02,$-0.02,$2,$0,$0,$23,$74,$0,$0,$39,$114,$137,$3,$79,$1,$79,$83,$1,$-1,$-1,$54,$137,$3,$4,$2,$6,$0,$-2,$-0,$-4,$-5,$3,$-13,$0,$0,$0,$-8,$-8,$0,$-21,$15,$9,$24,$4,$4,$-9,$-0,$19,$0,$0,$-9
44,2007-09-30,6.33,$5.36,1.18,$4.14,1.53,$-2.15,0.0,$0.49,12.92,$0.02B,$0.00B,5.91,$0.07B,$0.06B,1.25,$0.04B,$0.02B,41.86%,$0.04B,$0.01B,20.93%,$0.04B,$0.01B,20.93%,$0.04B,$0.01B,30.23%,$0.04B,$0.01B,11.63%,$0.04B,$0.01B,11.63%,$0.01B,$0.06B,8.62%,$0.01B,$0.06B,8.62%,$0.01B,$0.13B,4.10%,$0.01B,$0.13B,7.59%,$10,$6,$4,$0,$1,$9,$1,$-1,$0,$0,$0,$0,$0,$2,$1,$11,11,$0.01,$0.01,$1,$0,$0,$21,$67,$0,$0,$45,$111,$132,$4,$71,$1,$72,$75,$1,$0,$0,$57,$132,$3,$3,$0,$3,$0,$-4,$1,$-3,$-6,$-0,$-8,$0,$0,$0,$-5,$-5,$0,$-14,$16,$0,$16,$3,$3,$-7,$-0,$13,$-1,$0,$-7
45,2007-06-30,6.33,$5.54,1.14,$4.18,1.52,$-1.92,0.0,$0.51,12.42,$0.02B,$0.00B,7.49,$0.06B,$0.06B,1.01,$0.04B,$0.02B,41.86%,$0.04B,$0.01B,20.93%,$0.04B,$0.01B,20.93%,$0.04B,$0.01B,30.23%,$0.04B,$0.01B,11.63%,$0.04B,$0.01B,11.63%,$0.01B,$0.06B,8.62%,$0.01B,$0.06B,8.62%,$0.01B,$0.12B,4.25%,$0.01B,$0.12B,7.88%,$11,$6,$5,$0,$1,$9,$3,$-1,$2,$0,$2,$2,$2,$4,$3,$10,11,$0.18,$0.18,$1,$0,$0,$21,$65,$0,$0,$35,$100,$121,$3,$59,$1,$60,$62,$1,$0,$0,$59,$121,$3,$2,$-0,$2,$0,$-3,$-1,$-2,$-5,$-1,$-4,$0,$0,$0,$2,$2,$0,$-2,$4,$0,$4,$3,$3,$-4,$-0,$2,$-1,$0,$-4
46,2007-03-31,6.67,$5.52,1.21,$4.12,1.62,$-1.87,0.0,$0.45,14.83,$0.02B,$0.00B,6.79,$0.06B,$0.06B,1.0,$0.04B,$0.02B,40.48%,$0.04B,$0.01B,19.05%,$0.04B,$0.01B,19.05%,$0.04B,$0.01B,28.57%,$0.04B,$0.00B,9.52%,$0.04B,$0.00B,9.52%,$0.00B,$0.06B,6.93%,$0.00B,$0.06B,6.93%,$0.00B,$0.12B,3.45%,$0.01B,$0.12B,7.11%,$9,$5,$4,$0,$1,$7,$2,$-1,$1,$0,$1,$1,$1,$3,$2,$10,10,$0.08,$0.08,$2,$0,$0,$20,$65,$0,$0,$34,$99,$119,$3,$58,$0,$58,$61,$1,$0,$0,$58,$119,$1,$1,$0,$1,$0,$-1,$-0,$-1,$-2,$-1,$-2,$0,$0,$0,$0,$0,$0,$-1,$3,$0,$3,$1,$1,$-2,$-0,$2,$-0,$0,$-2
47,2006-12-31,6.67,$5.59,1.19,$4.23,1.58,$-2.10,0.0,$0.59,11.3,$0.02B,$0.00B,6.99,$0.06B,$0.06B,0.95,$0.04B,$0.02B,41.86%,$0.04B,$0.01B,20.93%,$0.04B,$0.01B,20.93%,$0.04B,$0.01B,30.23%,$0.04B,$0.01B,11.63%,$0.04B,$0.01B,11.63%,$0.01B,$0.06B,8.70%,$0.01B,$0.06B,8.70%,$0.01B,$0.12B,4.34%,$0.01B,$0.11B,8.04%,$13,$8,$5,$0,$1,$10,$3,$-1,$2,$0,$2,$2,$2,$4,$3,$10,10,$0.21,$0.21,$2,$0,$0,$19,$66,$0,$0,$31,$97,$116,$3,$55,$0,$55,$58,$1,$0,$0,$58,$116,$6,$4,$0,$4,$0,$-1,$-0,$-4,$-6,$4,$-11,$0,$0,$0,$8,$8,$0,$-3,$-6,$5,$-1,$6,$6,$-8,$-0,$-4,$-3,$0,$-8
