,Date,Stock Price,Book Value per Share,Price to Book Ratio,TTM Sales per Share,Price to Sales Ratio,TTM FCF per Share,Price to FCF Ratio,TTM Net EPS,PE Ratio,Current Assets,Current Liabilities,Current Ratio,Long Term Debt,Shareholder's Equity_x,Debt to Equity Ratio,TTM Revenue_x,TTM Gross Profit,Gross Margin,TTM Revenue_y,TTM Operating Income,Operating Margin,TTM Revenue_x,TTM EBIT,EBIT Margin,TTM Revenue_y,TTM EBITDA,EBITDA Margin,TTM Revenue_x,TTM Pre-Tax Income,Pre-Tax Margin,TTM Revenue_y,TTM Net Income_x,Net Margin,TTM Net Income_y,Shareholder's Equity_y,Return on Equity,TTM Net Income_x,Tangible Equity,Return on Tangible Equity,TTM Net Income_y,Total Assets,Return on Assets,TTM Net Income,LT Investments & Debt,Return on Investment,revenue,cost-goods-sold,gross-profit,research-development-expenses,selling-general-administrative-expenses,operating-expenses,operating-income,total-non-operating-income-expense,pre-tax-income,total-provision-income-taxes,income-after-taxes,income-from-continuous-operations,net-income,ebitda,ebit,basic-shares-outstanding,shares-outstanding,eps-basic-net-earnings-per-share,eps-earnings-per-share-diluted,cash-on-hand,inventory,other-current-assets,total-current-assets,net-property-plant-equipment,long-term-investments,goodwill-intangible-assets-total,other-long-term-assets,total-long-term-assets,total-assets,total-current-liabilities,long-term-debt,other-non-current-liabilities,total-long-term-liabilities,total-liabilities,common-stock-net,retained-earnings-accumulated-deficit,comprehensive-income,total-share-holder-equity,total-liabilities-share-holders-equity,net-income-loss,total-depreciation-amortization-cash-flow,other-non-cash-items,total-non-cash-items,change-in-accounts-receivable,change-in-inventories,change-in-accounts-payable,change-in-assets-liabilities,total-change-in-assets-liabilities,cash-flow-from-operating-activities,net-change-in-property-plant-equipment,net-change-in-intangible-assets,net-acquisitions-divestitures,net-change-in-short-term-investments,net-change-in-long-term-investments,net-change-in-investments-total,investing-activities-other,cash-flow-from-investing-activities,net-long-term-debt,net-current-debt,debt-issuance-retirement-net-total,net-common-equity-issued-repurchased,net-total-equity-issued-repurchased,total-common-preferred-stock-dividends-paid,financial-activities-other,cash-flow-from-financial-activities,net-cash-flow,stock-based-compensation,common-stock-dividends-paid
0,2018-09-30,20.8,$18.18,1.14,$5.93,3.51,$4.22,4.93,$1.45,14.34,$20.94B,$21.18B,0.99,$1.12B,$4.00B,0.28,$1.31B,$1.20B,91.53%,$1.31B,$0.39B,30.08%,$1.31B,0,0.00%,$1.31B,0,0.00%,$1.31B,$0.39B,30.08%,$1.31B,$0.31B,23.97%,$0.31B,$4.00B,7.87%,$0.31B,$2.02B,15.61%,$0.31B,$26.62B,1.20%,$0.39B,$5.13B,7.65%,$349,$35,$314,$0,$189,$226,$123,$0,$123,$32,$91,$91,$91,$0,$0,$220,221,$0.41,$0.41,$942,$0,$0,$20941,$237,$2908,$1988,$540,$5674,$26615,$21180,$1123,$286,$1431,$22611,$3511,$569,$-76,$4004,$26615,$236,$56,$41,$97,$-35,$-0,$0,$21,$-14,$319,$-6,$0,$-35,$0,$61,$61,$-868,$-847,$-61,$-7,$-69,$-12,$-12,$-128,$982,$774,$245,$6,$-128
1,2018-06-30,22.59,$18.08,1.25,$5.80,3.89,$3.87,5.83,$1.32,17.11,$20.80B,$21.02B,0.99,$1.17B,$3.98B,0.29,$1.28B,$1.19B,92.51%,$1.28B,$0.38B,29.43%,$1.28B,0,0.00%,$1.28B,0,0.00%,$1.28B,$0.37B,28.96%,$1.28B,$0.29B,22.40%,$0.29B,$3.98B,7.20%,$0.29B,$2.00B,14.25%,$0.29B,$26.48B,1.11%,$0.38B,$5.15B,7.29%,$327,$30,$297,$0,$207,$239,$88,$0,$88,$22,$66,$66,$66,$0,$0,$220,221,$0.30,$0.30,$867,$0,$0,$20795,$246,$2900,$1981,$559,$5686,$26481,$21018,$1171,$283,$1481,$22500,$3509,$524,$-52,$3981,$26481,$145,$46,$28,$75,$-176,$0,$0,$6,$-170,$49,$-3,$0,$0,$0,$95,$95,$-643,$-550,$-11,$-21,$-32,$-11,$-11,$-84,$797,$670,$169,$3,$-84
2,2018-03-31,21.22,$18.21,1.17,$5.69,3.73,$3.99,5.31,$1.27,16.71,$20.11B,$20.40B,0.99,$1.17B,$4.01B,0.29,$1.26B,$1.17B,93.24%,$1.26B,$0.38B,30.23%,$1.26B,0,0.00%,$1.26B,0,0.00%,$1.26B,$0.37B,29.59%,$1.26B,$0.28B,22.12%,$0.28B,$4.01B,6.98%,$0.28B,$2.03B,13.81%,$0.28B,$25.88B,1.08%,$0.38B,$5.18B,7.34%,$326,$24,$302,$0,$198,$224,$102,$0,$102,$24,$78,$78,$78,$0,$0,$220,221,$0.35,$0.35,$632,$0,$0,$20105,$259,$2995,$1981,$536,$5771,$25876,$20399,$1169,$254,$1463,$21862,$3516,$546,$-48,$4014,$25876,$78,$20,$14,$34,$-41,$-0,$0,$-3,$-44,$67,$-0,$0,$0,$0,$19,$19,$-253,$-234,$-11,$-2,$-13,$-4,$-4,$-40,$159,$102,$-65,$2,$-40
3,2017-12-31,20.43,$18.03,1.13,$5.50,3.71,$3.93,5.2,$1.13,18.08,$19.79B,$20.24B,0.98,$1.18B,$3.97B,0.3,$1.22B,$1.14B,93.58%,$1.22B,$0.35B,28.97%,$1.22B,0,0.00%,$1.22B,0,0.00%,$1.22B,$0.34B,28.23%,$1.22B,$0.25B,20.25%,$0.25B,$3.97B,6.21%,$0.25B,$2.00B,12.32%,$0.25B,$25.68B,0.97%,$0.35B,$5.15B,6.81%,$308,$22,$286,$0,$204,$227,$81,$0,$81,$2,$79,$79,$79,$0,$0,$220,221,$0.36,$0.35,$647,$0,$0,$19785,$269,$3113,$1971,$543,$5896,$25680,$20243,$1180,$266,$1468,$21711,$3517,$477,$-25,$3969,$25680,$246,$87,$121,$209,$111,$-1,$0,$-55,$55,$510,$-4,$0,$0,$0,$-391,$-391,$-1597,$-1992,$-50,$-59,$-109,$-8,$-8,$-145,$928,$667,$-815,$10,$-145
4,2017-09-30,19.0,$18.10,1.05,$5.57,3.41,$3.41,5.56,$1.06,17.92,$19.81B,$20.17B,0.98,$1.22B,$3.99B,0.31,$1.23B,$1.16B,94.07%,$1.23B,$0.38B,31.22%,$1.23B,0,0.00%,$1.23B,0,0.00%,$1.23B,$0.37B,30.24%,$1.23B,$0.24B,19.19%,$0.24B,$3.99B,5.98%,$0.24B,$2.03B,11.90%,$0.24B,$25.70B,0.94%,$0.38B,$5.21B,7.43%,$320,$20,$300,$0,$192,$214,$106,$-7,$100,$36,$64,$64,$64,$0,$0,$220,221,$0.29,$0.29,$857,$0,$0,$19813,$276,$3097,$1961,$549,$5882,$25696,$20173,$1220,$266,$1537,$21710,$3517,$476,$-8,$3985,$25696,$167,$66,$42,$108,$-44,$-1,$0,$21,$-24,$251,$-14,$0,$0,$0,$-346,$-346,$-1183,$-1544,$0,$-31,$-31,$-5,$-5,$-106,$832,$689,$-604,$7,$-106
5,2017-06-30,17.72,$17.98,0.99,$5.52,3.21,$4.00,4.43,$1.06,16.71,$19.26B,$19.79B,0.97,$1.22B,$3.96B,0.31,$1.22B,$1.15B,94.33%,$1.22B,$0.38B,30.90%,$1.22B,0,0.00%,$1.22B,0,0.00%,$1.22B,$0.37B,30.24%,$1.22B,$0.23B,19.23%,$0.23B,$3.96B,5.95%,$0.23B,$2.00B,11.86%,$0.23B,$25.26B,0.94%,$0.38B,$5.18B,7.29%,$303,$19,$284,$0,$191,$212,$91,$-2,$89,$32,$57,$57,$57,$0,$0,$220,221,$0.26,$0.26,$627,$0,$0,$19263,$289,$3182,$1963,$561,$5995,$25258,$19790,$1218,$256,$1509,$21299,$3514,$455,$-10,$3959,$25258,$103,$44,$27,$71,$-69,$0,$0,$-20,$-90,$85,$-11,$0,$0,$0,$-428,$-428,$-820,$-1259,$0,$-23,$-23,$-5,$-5,$-71,$440,$341,$-833,$4,$-71
6,2017-03-31,16.97,$17.84,0.95,$5.50,3.08,$4.92,3.45,$1.05,16.16,$18.76B,$19.47B,0.96,$1.22B,$3.93B,0.31,$1.21B,$1.15B,94.56%,$1.21B,$0.38B,30.97%,$1.21B,0,0.00%,$1.21B,0,0.00%,$1.21B,$0.36B,29.98%,$1.21B,$0.23B,19.03%,$0.23B,$3.93B,5.90%,$0.23B,$1.97B,11.76%,$0.23B,$24.86B,0.94%,$0.38B,$5.15B,7.29%,$284,$17,$267,$0,$192,$211,$74,$-1,$73,$27,$46,$46,$46,$0,$0,$220,221,$0.21,$0.21,$696,$0,$0,$18761,$293,$3293,$1965,$540,$6100,$24861,$19472,$1217,$242,$1459,$20930,$3517,$433,$-19,$3931,$24861,$46,$22,$15,$36,$13,$-0,$0,$-36,$-22,$60,$-7,$0,$0,$0,$-545,$-545,$-334,$-886,$0,$-49,$-49,$-2,$-2,$-35,$147,$61,$-765,$3,$-35
7,2016-12-31,17.8,$17.79,1.0,$5.48,3.25,$4.83,3.69,$1.06,16.79,$19.22B,$19.37B,0.99,$1.22B,$3.92B,0.31,$1.21B,$1.15B,94.63%,$1.21B,$0.38B,31.40%,$1.21B,0,0.00%,$1.21B,0,0.00%,$1.21B,$0.37B,30.25%,$1.21B,$0.23B,19.26%,$0.23B,$3.92B,5.97%,$0.23B,$1.95B,11.92%,$0.23B,$24.81B,0.95%,$0.38B,$5.13B,7.37%,$323,$17,$306,$0,$192,$210,$113,$-3,$110,$41,$69,$69,$69,$0,$0,$220,221,$0.31,$0.30,$1460,$0,$0,$19222,$304,$2751,$1968,$534,$5591,$24813,$19374,$1216,$307,$1522,$20896,$3515,$423,$-21,$3917,$24813,$233,$83,$173,$256,$-37,$-1,$0,$-28,$-67,$422,$-30,$0,$0,$0,$-230,$-230,$-658,$-919,$-35,$48,$13,$-15,$-15,$-141,$1316,$1173,$676,$10,$-141
8,2016-09-30,14.14,$17.80,0.79,$5.39,2.62,$4.45,3.18,$1.04,13.6,$19.30B,$19.23B,1.0,$1.26B,$3.92B,0.32,$1.19B,$1.13B,94.63%,$1.19B,$0.37B,30.96%,$1.19B,0,0.00%,$1.19B,0,0.00%,$1.19B,$0.36B,29.78%,$1.19B,$0.23B,19.04%,$0.23B,$3.92B,5.84%,$0.23B,$1.98B,11.71%,$0.23B,$24.74B,0.94%,$0.37B,$5.18B,7.17%,$307,$17,$291,$0,$190,$209,$98,$-2,$96,$35,$62,$62,$62,$0,$0,$220,221,$0.28,$0.28,$1477,$0,$0,$19301,$306,$2572,$1941,$596,$5443,$24744,$19228,$1264,$332,$1596,$20824,$3515,$389,$17,$3920,$24744,$164,$61,$40,$101,$54,$-1,$0,$69,$122,$387,$-23,$0,$0,$0,$18,$18,$-804,$-809,$15,$5,$20,$-13,$-13,$-106,$1213,$1114,$693,$8,$-106
9,2016-06-30,14.39,$17.70,0.81,$5.34,2.69,$3.52,4.09,$1.02,14.1,$18.69B,$18.62B,1.0,$1.26B,$3.90B,0.32,$1.18B,$1.12B,94.75%,$1.18B,$0.37B,31.02%,$1.18B,0,0.00%,$1.18B,0,0.00%,$1.18B,$0.35B,29.49%,$1.18B,$0.22B,18.90%,$0.22B,$3.90B,5.77%,$0.22B,$1.96B,11.66%,$0.22B,$24.13B,0.94%,$0.37B,$5.17B,7.15%,$300,$16,$284,$0,$190,$209,$91,$-7,$85,$30,$54,$54,$54,$0,$0,$220,221,$0.25,$0.25,$916,$0,$0,$18692,$313,$2534,$1940,$590,$5440,$24133,$18619,$1263,$349,$1612,$20230,$3517,$362,$23,$3902,$24133,$102,$40,$24,$64,$68,$-1,$0,$59,$127,$293,$-16,$0,$0,$0,$72,$72,$-762,$-706,$15,$56,$71,$-9,$-9,$-71,$553,$544,$132,$5,$-71
10,2016-03-31,14.59,$17.62,0.83,$5.40,2.7,$2.44,5.97,$1.02,14.3,$18.41B,$18.49B,1.0,$1.26B,$3.88B,0.33,$1.19B,$1.13B,94.97%,$1.19B,$0.38B,32.02%,$1.19B,0,0.00%,$1.19B,0,0.00%,$1.19B,$0.35B,29.17%,$1.19B,$0.22B,18.78%,$0.22B,$3.88B,5.83%,$0.22B,$1.93B,11.91%,$0.22B,$23.94B,0.96%,$0.38B,$5.14B,7.50%,$280,$16,$264,$0,$183,$202,$78,$-3,$75,$27,$48,$48,$48,$0,$0,$220,221,$0.22,$0.22,$923,$0,$0,$18407,$323,$2595,$1948,$554,$5528,$23936,$18488,$1261,$307,$1569,$20057,$3519,$343,$16,$3879,$23936,$48,$20,$9,$29,$-42,$-0,$0,$9,$-33,$43,$-10,$0,$0,$0,$7,$7,$-352,$-356,$15,$21,$36,$-5,$-5,$-35,$457,$452,$139,$3,$-35
11,2015-12-31,14.48,$17.48,0.83,$5.45,2.66,$2.10,6.9,$1.01,14.34,$17.88B,$18.01B,0.99,$1.25B,$3.85B,0.32,$1.21B,$1.15B,95.19%,$1.21B,$0.39B,32.50%,$1.21B,0,0.00%,$1.21B,0,0.00%,$1.21B,$0.35B,28.77%,$1.21B,$0.22B,18.49%,$0.22B,$3.85B,5.83%,$0.22B,$1.88B,11.99%,$0.22B,$23.41B,0.97%,$0.39B,$5.10B,7.71%,$305,$15,$289,$0,$184,$202,$102,$-4,$99,$36,$63,$63,$63,$0,$0,$220,221,$0.29,$0.29,$783,$0,$0,$17883,$329,$2574,$1965,$518,$5524,$23406,$18012,$1245,$300,$1545,$19557,$3521,$331,$-3,$3849,$23406,$223,$75,$154,$230,$-99,$0,$0,$23,$-75,$377,$-69,$0,$0,$0,$-196,$-196,$-1492,$-1757,$-115,$-9,$-124,$-13,$-13,$-135,$820,$549,$-831,$14,$-135
12,2015-09-30,14.7,$17.42,0.84,$5.64,2.61,$2.30,6.4,$0.96,15.32,$17.62B,$17.79B,0.99,$1.24B,$3.84B,0.32,$1.19B,$1.14B,95.31%,$1.19B,$0.38B,32.02%,$1.19B,0,0.00%,$1.19B,0,0.00%,$1.19B,$0.33B,27.66%,$1.19B,$0.21B,17.77%,$0.21B,$3.84B,5.57%,$0.21B,$1.87B,11.51%,$0.21B,$23.16B,0.93%,$0.38B,$5.08B,7.50%,$295,$15,$281,$0,$183,$200,$95,$-6,$89,$32,$58,$58,$58,$0,$0,$220,221,$0.26,$0.26,$967,$0,$0,$17623,$330,$2534,$1962,$564,$5539,$23162,$17791,$1244,$292,$1536,$19327,$3518,$304,$14,$3836,$23162,$160,$56,$48,$103,$-129,$0,$0,$84,$-45,$218,$-58,$0,$0,$0,$-126,$-126,$-1044,$-1228,$-115,$10,$-105,$-13,$-13,$-99,$579,$362,$-648,$11,$-99
13,2015-06-30,16.07,$17.27,0.93,$5.68,2.83,$2.64,6.1,$0.97,16.57,$17.16B,$17.47B,0.98,$1.24B,$3.80B,0.33,$1.20B,$1.14B,95.33%,$1.20B,$0.39B,32.25%,$1.20B,0,0.00%,$1.20B,0,0.00%,$1.20B,$0.33B,27.67%,$1.20B,$0.21B,17.75%,$0.21B,$3.80B,5.63%,$0.21B,$1.84B,11.70%,$0.21B,$22.79B,0.94%,$0.39B,$5.05B,7.57%,$313,$14,$299,$0,$189,$206,$107,$-22,$85,$31,$55,$55,$55,$0,$0,$220,221,$0.25,$0.25,$890,$0,$0,$17157,$331,$2609,$1967,$548,$5637,$22793,$17471,$1244,$275,$1518,$18989,$3518,$282,$5,$3804,$22793,$102,$36,$37,$73,$-142,$-0,$0,$50,$-92,$83,$-43,$0,$0,$0,$-209,$-209,$-633,$-885,$-115,$12,$-103,$-10,$-10,$-66,$256,$77,$-725,$8,$-66
14,2015-03-31,15.22,$17.24,0.88,$5.63,2.7,$2.46,6.2,$0.81,18.79,$17.23B,$17.54B,0.98,$1.32B,$3.80B,0.35,$1.16B,$1.10B,95.33%,$1.16B,$0.37B,31.63%,$1.16B,0,0.00%,$1.16B,0,0.00%,$1.16B,$0.28B,23.85%,$1.16B,$0.18B,15.13%,$0.18B,$3.80B,4.65%,$0.18B,$1.84B,9.70%,$0.18B,$22.95B,0.78%,$0.37B,$5.12B,7.12%,$293,$14,$279,$0,$188,$205,$88,$-14,$74,$27,$47,$47,$47,$0,$0,$220,221,$0.21,$0.21,$1391,$0,$0,$17227,$323,$2657,$1959,$589,$5726,$22953,$17544,$1318,$291,$1608,$19152,$3521,$260,$20,$3801,$22953,$47,$17,$19,$36,$-126,$-0,$0,$21,$-106,$-23,$-20,$0,$0,$0,$-227,$-227,$-218,$-466,$-40,$8,$-32,$-2,$-2,$-33,$333,$265,$-224,$3,$-33
15,2014-12-31,14.94,$17.16,0.87,$5.54,2.69,$3.21,4.66,$0.77,19.4,$17.11B,$17.21B,1.0,$1.36B,$3.78B,0.36,$1.00B,$0.96B,95.21%,$1.00B,$0.31B,31.21%,$1.00B,0,0.00%,$1.00B,0,0.00%,$1.00B,$0.23B,23.03%,$1.00B,$0.15B,14.66%,$0.15B,$3.78B,4.53%,$0.15B,$1.82B,9.35%,$0.15B,$22.61B,0.74%,$0.31B,$5.14B,7.11%,$292,$14,$278,$0,$183,$200,$92,$-10,$82,$30,$53,$53,$52,$0,$0,$187,188,$0.26,$0.26,$1615,$0,$0,$17114,$318,$2423,$1960,$565,$5496,$22610,$17205,$1357,$270,$1627,$18832,$3519,$246,$12,$3778,$22610,$148,$60,$153,$213,$18,$0,$0,$-21,$-3,$358,$-60,$0,$-11,$0,$882,$882,$-570,$242,$-97,$-496,$-593,$2,$2,$-99,$905,$215,$815,$15,$-99
16,2014-09-30,14.34,$17.27,0.83,$5.29,2.71,$5.04,2.84,$0.75,19.12,$16.86B,$17.07B,0.99,$1.41B,$3.75B,0.38,$0.86B,$0.82B,94.99%,$0.86B,$0.26B,30.65%,$0.86B,0,0.00%,$0.86B,0,0.00%,$0.86B,$0.19B,22.03%,$0.86B,$0.12B,13.99%,$0.12B,$3.75B,4.39%,$0.12B,$1.79B,8.93%,$0.12B,$22.49B,0.71%,$0.26B,$5.16B,7.19%,$302,$14,$288,$0,$185,$202,$100,$-9,$91,$32,$59,$59,$59,$0,$0,$217,219,$0.27,$0.27,$1453,$0,$0,$16863,$314,$2526,$1964,$570,$5625,$22488,$17067,$1406,$262,$1669,$18736,$3516,$230,$7,$3753,$22488,$95,$43,$56,$99,$44,$1,$0,$35,$80,$274,$-42,$0,$-11,$0,$774,$774,$-498,$224,$-47,$-470,$-517,$-2,$-2,$-67,$741,$155,$653,$12,$-67
17,2014-06-30,15.46,$17.17,0.9,$5.18,2.98,$6.96,2.22,$0.69,22.41,$16.21B,$16.64B,0.97,$1.41B,$3.73B,0.38,$0.70B,$0.66B,94.56%,$0.70B,$0.20B,29.23%,$0.70B,0,0.00%,$0.70B,0,0.00%,$0.70B,$0.13B,19.20%,$0.70B,$0.08B,12.03%,$0.08B,$3.73B,3.77%,$0.08B,$1.77B,7.48%,$0.08B,$22.04B,0.59%,$0.20B,$5.14B,7.01%,$270,$13,$258,$0,$168,$184,$86,$-58,$29,$11,$18,$18,$17,$0,$0,$196,198,$0.09,$0.09,$850,$0,$0,$16209,$310,$2717,$1957,$590,$5833,$22042,$16638,$1406,$269,$1675,$18313,$3513,$204,$12,$3729,$22042,$36,$24,$37,$61,$-86,$1,$0,$10,$-74,$23,$-23,$0,$-14,$0,$599,$599,$-297,$266,$-47,$-495,$-542,$-1,$-1,$-34,$338,$-239,$50,$9,$-34
18,2014-03-31,15.95,$15.44,1.03,$5.05,3.16,$8.97,1.78,$0.83,19.21,$8.83B,$9.54B,0.93,$0.44B,$1.73B,0.25,$0.57B,$0.53B,93.47%,$0.57B,$0.16B,28.04%,$0.57B,0,0.00%,$0.57B,0,0.00%,$0.57B,$0.15B,25.75%,$0.57B,$0.09B,16.40%,$0.09B,$1.73B,5.39%,$0.09B,$0.91B,10.02%,$0.09B,$11.84B,0.80%,$0.16B,$2.18B,7.34%,$139,$8,$131,$0,$95,$105,$35,$-6,$29,$10,$19,$19,$19,$0,$0,$112,112,$0.17,$0.16,$1090,$0,$0,$8829,$180,$1737,$825,$256,$3009,$11839,$9536,$441,$128,$568,$10104,$1515,$220,$-0,$1734,$11839,$19,$8,$12,$20,$31,$1,$0,$-0,$32,$71,$-8,$0,$0,$0,$94,$94,$-38,$48,$0,$38,$38,$-2,$-2,$-17,$157,$176,$295,$2,$-17
19,2013-12-31,16.24,$15.43,1.05,$5.04,3.22,$10.47,1.55,$0.87,18.66,$8.53B,$9.34B,0.91,$0.44B,$1.73B,0.26,$0.57B,$0.53B,93.11%,$0.57B,$0.16B,28.45%,$0.57B,0,0.00%,$0.57B,0,0.00%,$0.57B,$0.15B,26.86%,$0.57B,$0.10B,17.14%,$0.10B,$1.73B,5.62%,$0.10B,$0.90B,10.15%,$0.10B,$11.64B,0.84%,$0.16B,$2.17B,7.43%,$147,$8,$138,$0,$95,$105,$42,$-2,$40,$15,$25,$25,$25,$0,$0,$112,112,$0.22,$0.22,$796,$0,$0,$8534,$178,$1827,$824,$256,$3102,$11636,$9343,$441,$125,$566,$9909,$1514,$218,$-5,$1727,$11636,$98,$56,$51,$107,$213,$-2,$0,$2,$212,$418,$-34,$0,$-150,$0,$755,$755,$-295,$276,$-220,$88,$-133,$-3,$-3,$-51,$-261,$-448,$247,$5,$-51
20,2013-09-30,13.65,$15.42,0.89,$5.16,2.65,$7.08,1.93,$0.90,15.17,$8.36B,$9.28B,0.9,$0.44B,$1.73B,0.26,$0.58B,$0.54B,92.92%,$0.58B,$0.16B,28.32%,$0.58B,0,0.00%,$0.58B,0,0.00%,$0.58B,$0.16B,26.77%,$0.58B,$0.10B,17.27%,$0.10B,$1.73B,5.80%,$0.10B,$0.91B,10.18%,$0.10B,$11.57B,0.86%,$0.16B,$2.17B,7.56%,$142,$9,$133,$0,$91,$101,$41,$-5,$36,$13,$23,$23,$23,$0,$0,$112,112,$0.21,$0.21,$701,$0,$0,$8356,$174,$1947,$820,$272,$3213,$11569,$9283,$441,$120,$561,$9843,$1513,$210,$3,$1726,$11569,$73,$41,$33,$74,$203,$-0,$0,$9,$212,$359,$-25,$0,$-150,$0,$653,$653,$-194,$283,$-220,$78,$-142,$-2,$-2,$-34,$-312,$-489,$153,$4,$-34
21,2013-06-30,12.52,$15.33,0.82,$5.21,2.4,$4.34,2.88,$0.91,13.76,$8.10B,$9.13B,0.89,$0.44B,$1.72B,0.26,$0.59B,$0.54B,92.48%,$0.59B,$0.16B,27.69%,$0.59B,0,0.00%,$0.59B,0,0.00%,$0.59B,$0.16B,27.01%,$0.59B,$0.10B,17.44%,$0.10B,$1.72B,5.92%,$0.10B,$0.99B,10.10%,$0.10B,$11.39B,0.88%,$0.16B,$2.16B,7.48%,$139,$10,$128,$0,$86,$97,$41,$-1,$41,$14,$26,$26,$26,$0,$0,$112,112,$0.23,$0.23,$809,$0,$0,$8103,$170,$2120,$721,$278,$3289,$11392,$9133,$441,$103,$544,$9677,$1513,$203,$-0,$1715,$11392,$50,$29,$24,$53,$143,$-0,$0,$-3,$140,$243,$-16,$0,$0,$0,$482,$482,$-36,$429,$-9,$39,$31,$-2,$-2,$-17,$-423,$-411,$261,$2,$-17
22,2013-03-31,10.91,$15.49,0.7,$5.25,2.08,$2.21,4.94,$0.89,12.26,$7.88B,$9.21B,0.86,$0.44B,$1.73B,0.25,$0.59B,$0.54B,92.19%,$0.59B,$0.16B,26.49%,$0.59B,0,0.00%,$0.59B,0,0.00%,$0.59B,$0.15B,25.81%,$0.59B,$0.10B,16.81%,$0.10B,$1.73B,5.77%,$0.10B,$1.02B,9.79%,$0.10B,$11.49B,0.85%,$0.16B,$2.18B,7.22%,$138,$10,$128,$0,$90,$102,$37,$-2,$35,$12,$23,$23,$23,$0,$0,$112,112,$0.21,$0.21,$721,$0,$0,$7883,$162,$2434,$716,$297,$3609,$11491,$9214,$441,$102,$543,$9757,$1513,$199,$22,$1734,$11491,$23,$16,$15,$30,$186,$1,$0,$-6,$181,$235,$-5,$0,$0,$0,$214,$214,$41,$251,$-9,$6,$-3,$-0,$-0,$0,$-307,$-311,$174,$1,$0
23,2012-12-31,9.63,$15.41,0.62,$5.29,1.82,$0.39,24.98,$0.91,10.58,$7.94B,$9.52B,0.83,$0.45B,$1.72B,0.26,$0.59B,$0.55B,91.75%,$0.59B,$0.16B,26.60%,$0.59B,0,0.00%,$0.59B,0,0.00%,$0.59B,$0.16B,26.26%,$0.59B,$0.10B,17.00%,$0.10B,$1.72B,5.92%,$0.10B,$1.01B,10.05%,$0.10B,$11.80B,0.87%,$0.16B,$2.17B,7.35%,$160,$11,$149,$0,$103,$115,$45,$-2,$43,$15,$28,$28,$28,$0,$0,$112,112,$0.24,$0.24,$548,$0,$0,$7940,$163,$2663,$713,$313,$3855,$11795,$9516,$450,$105,$555,$10071,$1512,$187,$24,$1724,$11795,$102,$61,$64,$125,$-218,$-1,$0,$17,$-202,$25,$-21,$0,$39,$0,$489,$489,$-384,$123,$-55,$12,$-43,$-6,$-6,$-46,$-107,$-203,$-55,$4,$-46
24,2012-09-30,10.45,$15.32,0.68,$5.09,2.05,$1.66,6.31,$0.85,12.3,$7.40B,$9.26B,0.8,$0.44B,$1.71B,0.26,$0.57B,$0.52B,90.77%,$0.57B,$0.15B,25.26%,$0.57B,0,0.00%,$0.57B,0,0.00%,$0.57B,$0.15B,25.26%,$0.57B,$0.09B,16.38%,$0.09B,$1.71B,5.55%,$0.09B,$1.02B,9.44%,$0.09B,$11.53B,0.82%,$0.15B,$2.16B,6.80%,$148,$12,$136,$0,$96,$109,$39,$-0,$39,$14,$25,$25,$25,$0,$0,$112,112,$0.22,$0.22,$500,$0,$0,$7404,$154,$2936,$698,$336,$4125,$11529,$9261,$441,$113,$554,$9815,$1513,$169,$32,$1714,$11529,$74,$45,$43,$88,$-127,$-1,$0,$8,$-119,$42,$-15,$0,$0,$0,$235,$235,$-233,$-13,$0,$36,$36,$-5,$-5,$-26,$-136,$-131,$-102,$3,$-26
25,2012-06-30,10.59,$15.17,0.7,$5.09,2.08,$2.46,4.3,$0.82,12.91,$7.45B,$9.28B,0.8,$0.44B,$1.70B,0.26,$0.58B,$0.52B,89.60%,$0.58B,$0.14B,24.09%,$0.58B,0,0.00%,$0.58B,0,0.00%,$0.58B,$0.14B,24.09%,$0.58B,$0.09B,15.77%,$0.09B,$1.70B,5.39%,$0.09B,$1.00B,9.17%,$0.09B,$11.52B,0.79%,$0.14B,$2.14B,6.53%,$143,$13,$130,$0,$94,$107,$35,$-0,$35,$12,$23,$23,$23,$0,$0,$112,112,$0.21,$0.21,$667,$0,$0,$7451,$155,$2870,$697,$348,$4070,$11522,$9282,$441,$103,$544,$9825,$1512,$154,$31,$1697,$11522,$49,$30,$24,$54,$-111,$-1,$0,$7,$-105,$-2,$-11,$0,$0,$0,$310,$310,$-131,$168,$0,$25,$25,$-5,$-5,$-16,$-104,$-100,$65,$2,$-16
26,2012-03-31,10.84,$15.08,0.72,$5.11,2.12,$3.54,3.06,$0.76,14.26,$7.12B,$9.24B,0.77,$0.44B,$1.69B,0.26,$0.58B,$0.52B,88.66%,$0.58B,$0.13B,22.51%,$0.58B,0,0.00%,$0.58B,0,0.00%,$0.58B,$0.13B,22.51%,$0.58B,$0.09B,14.78%,$0.09B,$1.69B,5.11%,$0.09B,$0.99B,8.72%,$0.09B,$11.45B,0.74%,$0.13B,$2.13B,6.17%,$143,$13,$130,$0,$90,$104,$39,$-0,$39,$13,$26,$26,$25,$0,$0,$112,112,$0.23,$0.23,$541,$0,$0,$7116,$154,$3132,$696,$355,$4337,$11453,$9242,$441,$83,$524,$9766,$1511,$141,$35,$1687,$11453,$26,$15,$11,$26,$-28,$-1,$0,$8,$-21,$31,$-5,$0,$0,$0,$65,$65,$-19,$41,$0,$2,$2,$-5,$-5,$-8,$-121,$-132,$-60,$1,$-8
27,2011-12-31,9.85,$14.91,0.66,$5.11,1.93,$3.89,2.53,$0.65,15.15,$7.12B,$9.36B,0.76,$0.44B,$1.67B,0.26,$0.59B,$0.51B,87.52%,$0.59B,$0.11B,19.15%,$0.59B,0,0.00%,$0.59B,0,0.00%,$0.59B,$0.11B,19.15%,$0.59B,$0.07B,12.65%,$0.07B,$1.67B,4.42%,$0.07B,$0.98B,7.57%,$0.07B,$11.56B,0.64%,$0.11B,$2.11B,5.30%,$140,$15,$125,$0,$91,$108,$32,$-0,$32,$11,$21,$21,$21,$0,$0,$114,114,$0.19,$0.19,$601,$0,$0,$7121,$152,$3206,$695,$388,$4442,$11563,$9361,$441,$88,$529,$9890,$1515,$124,$34,$1672,$11563,$74,$49,$86,$135,$-23,$1,$0,$-5,$-27,$182,$-33,$0,$0,$0,$-261,$-261,$-88,$-383,$-5,$51,$46,$-29,$-29,$-25,$-196,$-205,$-405,$4,$-25
28,2011-09-30,6.95,$14.80,0.47,$5.23,1.33,$3.99,1.74,$0.53,13.11,$7.42B,$9.55B,0.78,$0.44B,$1.70B,0.26,$0.59B,$0.51B,86.13%,$0.59B,$0.09B,15.74%,$0.59B,0,0.00%,$0.59B,0,0.00%,$0.59B,$0.09B,15.57%,$0.59B,$0.06B,10.32%,$0.06B,$1.70B,3.66%,$0.06B,$1.00B,6.29%,$0.06B,$11.77B,0.53%,$0.09B,$2.14B,4.41%,$151,$19,$132,$0,$98,$119,$33,$-0,$33,$11,$22,$22,$22,$0,$0,$115,115,$0.19,$0.19,$922,$0,$0,$7424,$147,$3128,$695,$379,$4349,$11773,$9551,$441,$86,$527,$10078,$1542,$110,$43,$1695,$11773,$53,$34,$66,$100,$-19,$1,$0,$7,$-11,$143,$-23,$0,$0,$0,$-156,$-156,$-68,$-247,$-5,$73,$68,$-2,$-2,$-17,$-29,$20,$-84,$3,$-17
29,2011-06-30,9.07,$14.62,0.62,$5.18,1.75,$3.81,2.38,$0.41,22.12,$7.02B,$9.27B,0.76,$0.44B,$1.67B,0.26,$0.59B,$0.50B,84.96%,$0.59B,$0.07B,12.31%,$0.59B,0,0.00%,$0.59B,0,0.00%,$0.59B,$0.07B,11.79%,$0.59B,$0.05B,8.03%,$0.05B,$1.67B,2.84%,$0.05B,$0.98B,4.90%,$0.05B,$11.46B,0.41%,$0.07B,$2.12B,3.43%,$148,$19,$129,$0,$101,$121,$27,$-0,$27,$9,$18,$18,$18,$0,$0,$115,115,$0.15,$0.15,$618,$0,$0,$7015,$145,$3216,$696,$387,$4444,$11460,$9267,$441,$77,$518,$9785,$1541,$96,$37,$1674,$11460,$31,$23,$49,$71,$15,$0,$0,$10,$25,$128,$-17,$0,$0,$0,$-248,$-248,$7,$-258,$-5,$47,$42,$-2,$-2,$-12,$-287,$-258,$-388,$2,$-12
30,2011-03-31,8.93,$14.41,0.62,$5.06,1.76,$3.65,2.45,$0.29,30.78,$6.97B,$9.39B,0.74,$0.44B,$1.65B,0.27,$0.57B,$0.48B,83.89%,$0.57B,$0.05B,9.28%,$0.57B,0,0.00%,$0.57B,0,0.00%,$0.57B,$0.05B,8.41%,$0.57B,$0.03B,5.60%,$0.03B,$1.65B,1.94%,$0.03B,$0.96B,3.36%,$0.03B,$11.55B,0.28%,$0.05B,$2.09B,2.52%,$146,$20,$126,$0,$105,$126,$20,$-0,$20,$7,$13,$13,$13,$0,$0,$115,115,$0.12,$0.12,$643,$0,$0,$6971,$140,$3324,$697,$419,$4579,$11551,$9386,$441,$72,$513,$9899,$1542,$84,$25,$1651,$11551,$13,$12,$24,$36,$23,$0,$0,$0,$24,$73,$-8,$0,$0,$0,$-374,$-374,$76,$-305,$-5,$20,$15,$-0,$-0,$-6,$-141,$-132,$-364,$1,$-6
31,2010-12-31,9.46,$14.34,0.66,$5.29,1.79,$3.68,2.57,$0.14,67.58,$7.43B,$9.51B,0.78,$0.45B,$1.64B,0.27,$0.56B,$0.47B,83.33%,$0.56B,$0.04B,7.09%,$0.56B,0,0.00%,$0.56B,0,0.00%,$0.56B,$0.03B,5.85%,$0.56B,$0.02B,2.66%,$0.02B,$1.64B,0.91%,$0.02B,$0.95B,1.57%,$0.02B,$11.67B,0.13%,$0.04B,$2.09B,1.88%,$146,$24,$122,$0,$108,$133,$13,$-1,$12,$4,$8,$8,$8,$0,$0,$108,108,$0.09,$0.09,$1007,$0,$0,$7426,$137,$2958,$696,$452,$4243,$11669,$9508,$446,$72,$519,$10026,$1541,$77,$25,$1643,$11669,$28,$30,$141,$170,$-43,$-1,$0,$43,$-0,$199,$-46,$0,$179,$0,$-1087,$-1087,$398,$-556,$-166,$29,$-137,$86,$70,$-24,$848,$756,$399,$4,$-21
32,2010-09-30,8.77,$14.42,0.61,$5.66,1.55,$3.44,2.55,$-0.27,0.0,$7.55B,$9.36B,0.81,$0.45B,$1.65B,0.27,$0.54B,$0.45B,82.75%,$0.54B,$-0.02B,-3.15%,$0.54B,0,0.00%,$0.54B,0,0.00%,$0.54B,$-0.02B,-4.27%,$0.54B,$-0.02B,-4.27%,$-0.02B,$1.65B,-1.41%,$-0.02B,$0.96B,-2.43%,$-0.02B,$11.53B,-0.22%,$-0.02B,$2.10B,-0.82%,$145,$25,$120,$0,$107,$133,$12,$-2,$10,$2,$8,$8,$8,$0,$0,$115,115,$0.07,$0.07,$1066,$0,$0,$7554,$134,$2639,$694,$512,$3979,$11533,$9357,$451,$73,$525,$9881,$1540,$76,$36,$1652,$11533,$20,$21,$103,$124,$-24,$0,$0,$18,$-6,$139,$-40,$0,$179,$0,$-741,$-741,$308,$-293,$-162,$10,$-152,$90,$75,$-19,$709,$613,$459,$3,$-15
33,2010-06-30,8.84,$14.44,0.61,$6.08,1.45,$3.88,2.28,$-0.48,0.0,$7.49B,$8.60B,0.87,$0.47B,$1.65B,0.29,$0.52B,$0.43B,82.08%,$0.52B,$-0.05B,-9.63%,$0.52B,0,0.00%,$0.52B,0,0.00%,$0.52B,$-0.05B,-10.40%,$0.52B,$-0.04B,-7.90%,$-0.04B,$1.65B,-2.53%,$-0.04B,$0.96B,-4.34%,$-0.04B,$10.83B,-0.41%,$-0.05B,$2.13B,-2.49%,$134,$23,$111,$0,$101,$126,$8,$-2,$6,$3,$3,$3,$3,$0,$0,$110,115,$0.03,$0.03,$972,$0,$0,$7490,$129,$1974,$699,$535,$3337,$10827,$8603,$474,$96,$570,$9173,$1539,$73,$42,$1654,$10827,$12,$14,$68,$82,$-6,$1,$0,$37,$31,$125,$-33,$0,$179,$0,$-63,$-63,$268,$352,$-139,$-0,$-139,$90,$75,$-13,$-34,$-112,$365,$1,$-9
34,2010-03-31,10.17,$17.24,0.59,$7.10,1.43,$3.40,2.99,$-0.44,0.0,$7.48B,$8.25B,0.91,$0.55B,$1.45B,0.38,$0.52B,$0.42B,81.43%,$0.52B,$-0.16B,-30.95%,$0.52B,0,0.00%,$0.52B,0,0.00%,$0.52B,$-0.16B,-31.33%,$0.52B,$-0.15B,-29.40%,$-0.15B,$1.65B,-9.84%,$-0.15B,$0.95B,-17.25%,$-0.15B,$10.51B,-1.61%,$-0.16B,$2.19B,-8.49%,$139,$22,$117,$0,$109,$132,$7,$-2,$5,$-3,$9,$9,$-4,$0,$0,$92,92,$-0.04,$-0.04,$1024,$0,$0,$7476,$102,$1821,$693,$419,$3035,$10511,$8249,$546,$68,$615,$8864,$1340,$75,$34,$1647,$10511,$9,$7,$38,$45,$-0,$0,$0,$4,$4,$58,$-2,$0,$113,$0,$54,$54,$146,$310,$-66,$-3,$-70,$90,$75,$-7,$51,$49,$417,$1,$-4
35,2009-12-31,10.25,$18.05,0.57,$7.58,1.35,$2.92,3.5,$-0.64,0.0,$6.53B,$7.49B,0.87,$0.27B,$1.36B,0.2,$0.50B,$0.40B,79.32%,$0.50B,$-0.20B,-39.16%,$0.50B,0,0.00%,$0.50B,0,0.00%,$0.50B,$-0.20B,-39.16%,$0.50B,$-0.17B,-33.33%,$-0.17B,$1.57B,-11.07%,$-0.17B,$0.91B,-20.27%,$-0.17B,$9.38B,-1.84%,$-0.20B,$1.83B,-10.80%,$121,$23,$98,$0,$139,$164,$-44,$0,$-44,$-17,$-27,$-27,$-30,$0,$0,$70,70,$-0.12,$-0.12,$608,$0,$0,$6533,$103,$1817,$652,$276,$2848,$9381,$7486,$265,$64,$329,$7815,$1253,$84,$25,$1567,$9381,$-153,$133,$218,$351,$-12,$-0,$0,$-92,$-104,$93,$-11,$0,$179,$0,$-535,$-535,$-83,$-449,$-130,$-2,$-133,$246,$246,$-24,$668,$757,$401,$2,$-13
36,2009-09-30,8.07,$18.51,0.44,$7.98,1.01,$4.01,2.01,$-0.26,0.0,$6.36B,$7.27B,0.88,$0.26B,$1.40B,0.19,$0.51B,$0.39B,77.43%,$0.51B,$-0.15B,-28.71%,$0.51B,0,0.00%,$0.51B,0,0.00%,$0.51B,$-0.15B,-28.71%,$0.51B,$-0.13B,-26.53%,$-0.13B,$1.61B,-9.06%,$-0.13B,$0.95B,-17.39%,$-0.13B,$9.20B,-1.52%,$-0.15B,$1.87B,-7.97%,$125,$25,$100,$0,$119,$146,$-21,$0,$-21,$-14,$-7,$-7,$-10,$0,$0,$74,74,$-0.14,$-0.14,$373,$0,$0,$6364,$102,$1870,$653,$215,$2840,$9204,$7266,$262,$71,$332,$7598,$1253,$118,$31,$1606,$9204,$-127,$126,$157,$283,$-1,$0,$0,$-50,$-52,$104,$-8,$0,$179,$0,$-573,$-573,$-81,$-482,$-130,$2,$-128,$246,$246,$-17,$443,$544,$166,$2,$-9
37,2009-06-30,5.88,$22.52,0.26,$8.71,0.67,$4.56,1.29,$0.11,53.46,$6.18B,$6.94B,0.89,$0.29B,$1.15B,0.25,$0.53B,$0.40B,76.24%,$0.53B,$-0.11B,-20.53%,$0.53B,0,0.00%,$0.53B,0,0.00%,$0.53B,$-0.11B,-20.53%,$0.53B,$-0.11B,-21.29%,$-0.11B,$1.36B,-8.06%,$-0.11B,$0.70B,-17.20%,$-0.11B,$8.66B,-1.30%,$-0.11B,$1.65B,-6.11%,$132,$26,$106,$0,$95,$234,$-102,$-0,$-102,$2,$-104,$-104,$-108,$0,$0,$60,60,$-1.79,$-1.79,$135,$0,$0,$6183,$104,$1488,$654,$228,$2474,$8657,$6937,$293,$70,$363,$7300,$1007,$133,$14,$1356,$8657,$-120,$120,$96,$216,$-31,$-0,$0,$-41,$-72,$24,$-5,$0,$179,$0,$-218,$-218,$-58,$-102,$-100,$75,$-25,$0,$0,$-11,$42,$5,$-72,$1,$-6
38,2009-03-31,6.82,$24.42,0.28,$8.69,0.79,$5.65,1.21,$0.21,32.49,$6.23B,$6.84B,0.91,$0.40B,$1.27B,0.32,$0.53B,$0.39B,74.10%,$0.53B,$0.01B,1.52%,$0.53B,0,0.00%,$0.53B,0,0.00%,$0.53B,$0.01B,1.52%,$0.53B,$0.01B,1.14%,$0.01B,$1.47B,0.44%,$0.01B,$0.71B,1.01%,$0.01B,$8.78B,0.07%,$0.01B,$1.87B,0.45%,$120,$29,$91,$0,$117,$148,$-28,$-0,$-28,$-13,$-15,$-15,$-18,$0,$0,$60,60,$-0.31,$-0.31,$208,$0,$0,$6229,$104,$1466,$765,$219,$2553,$8783,$6843,$402,$68,$470,$7313,$1006,$243,$18,$1470,$8783,$-15,$3,$62,$65,$-12,$1,$0,$-29,$-40,$10,$-2,$0,$179,$0,$-185,$-185,$-16,$-25,$-0,$3,$3,$-0,$-0,$-6,$20,$17,$2,$1,$-3
39,2008-12-31,10.84,$24.72,0.44,$9.10,1.19,$5.90,1.84,$0.85,12.75,$6.27B,$6.64B,0.94,$0.40B,$1.29B,0.31,$0.55B,$0.40B,72.36%,$0.55B,$0.07B,13.27%,$0.55B,0,0.00%,$0.55B,0,0.00%,$0.55B,$0.07B,13.27%,$0.55B,$0.05B,8.91%,$0.05B,$1.49B,3.74%,$0.05B,$0.72B,9.10%,$0.05B,$8.60B,0.58%,$0.07B,$1.89B,4.22%,$128,$34,$94,$0,$86,$122,$6,$0,$6,$2,$4,$4,$2,$0,$0,$60,60,$0.03,$0.04,$207,$0,$0,$6265,$105,$1271,$766,$191,$2333,$8598,$6637,$403,$71,$474,$7111,$1006,$265,$14,$1487,$8598,$51,$10,$128,$138,$-10,$1,$0,$-34,$-43,$147,$-10,$0,$0,$0,$-175,$-175,$-192,$-378,$133,$-58,$75,$13,$215,$-46,$-0,$244,$13,$4,$-46
40,2008-09-30,10.98,$20.74,0.53,$9.32,1.18,$4.90,2.24,$0.97,11.32,$6.25B,$6.59B,0.95,$0.41B,$1.25B,0.33,$0.56B,$0.39B,69.63%,$0.56B,$0.08B,14.21%,$0.56B,0,0.00%,$0.56B,0,0.00%,$0.56B,$0.08B,14.21%,$0.56B,$0.06B,9.95%,$0.06B,$1.25B,4.49%,$0.06B,$0.48B,11.81%,$0.06B,$8.33B,0.67%,$0.08B,$1.66B,4.86%,$146,$36,$110,$0,$93,$130,$16,$0,$16,$4,$12,$12,$12,$0,$0,$60,60,$0.21,$0.20,$168,$0,$0,$6250,$105,$1000,$771,$201,$2078,$8328,$6586,$412,$83,$495,$7081,$992,$264,$-10,$1247,$8328,$47,$7,$83,$90,$-1,$1,$0,$-16,$-16,$120,$-8,$0,$0,$0,$57,$57,$-185,$-136,$133,$-14,$119,$1,$1,$-34,$-96,$-10,$-25,$3,$-34
41,2008-06-30,8.95,$20.71,0.43,$9.29,0.96,$3.92,2.28,$0.96,9.33,$6.25B,$6.55B,0.95,$0.47B,$1.24B,0.38,$0.56B,$0.37B,66.43%,$0.56B,$0.08B,14.74%,$0.56B,0,0.00%,$0.56B,0,0.00%,$0.56B,$0.08B,14.74%,$0.56B,$0.06B,10.12%,$0.06B,$1.24B,4.58%,$0.06B,$0.47B,12.14%,$0.06B,$8.35B,0.69%,$0.08B,$1.71B,5.13%,$131,$37,$94,$0,$78,$117,$14,$0,$14,$4,$10,$10,$10,$0,$0,$60,60,$0.17,$0.17,$198,$0,$0,$6248,$105,$1022,$773,$197,$2098,$8346,$6549,$467,$85,$553,$7102,$991,$263,$-10,$1244,$8346,$35,$8,$41,$49,$-0,$1,$0,$6,$7,$91,$-5,$0,$0,$0,$37,$37,$-113,$-82,$163,$83,$246,$1,$1,$-23,$-229,$-5,$4,$2,$-23
42,2008-03-31,11.27,$20.93,0.54,$9.41,1.2,$3.02,3.73,$1.11,10.15,$6.19B,$6.61B,0.94,$0.41B,$1.26B,0.33,$0.57B,$0.37B,64.56%,$0.57B,$0.10B,17.89%,$0.57B,0,0.00%,$0.57B,0,0.00%,$0.57B,$0.10B,17.54%,$0.57B,$0.07B,11.75%,$0.07B,$1.26B,5.38%,$0.07B,$0.49B,14.22%,$0.07B,$8.36B,0.81%,$0.10B,$1.67B,6.48%,$145,$45,$100,$0,$61,$108,$37,$0,$37,$12,$25,$25,$25,$0,$0,$60,60,$0.41,$0.41,$196,$0,$0,$6194,$105,$1089,$772,$196,$2162,$8356,$6607,$408,$84,$493,$7099,$990,$265,$2,$1257,$8356,$25,$4,$13,$16,$-27,$0,$0,$10,$-17,$24,$-2,$0,$0,$0,$-10,$-10,$-12,$-23,$100,$-12,$87,$0,$0,$-11,$-76,$0,$1,$1,$-11
43,2007-12-31,11.01,$20.67,0.53,$9.20,1.2,$2.82,3.9,$1.05,10.48,$6.18B,$6.70B,0.92,$0.31B,$1.24B,0.25,$0.55B,$0.35B,63.29%,$0.55B,$0.10B,17.72%,$0.55B,0,0.00%,$0.55B,0,0.00%,$0.55B,$0.10B,17.18%,$0.55B,$0.06B,11.39%,$0.06B,$1.24B,5.15%,$0.06B,$0.47B,13.40%,$0.06B,$8.34B,0.79%,$0.10B,$1.55B,6.52%,$141,$53,$88,$0,$73,$128,$13,$-0,$13,$3,$10,$10,$9,$0,$0,$60,60,$0.14,$0.15,$195,$0,$0,$6179,$106,$1072,$775,$208,$2161,$8340,$6695,$310,$95,$405,$7100,$989,$252,$-0,$1240,$8340,$63,$12,$39,$51,$2,$1,$0,$-38,$-35,$80,$-4,$0,$79,$0,$-226,$-226,$-275,$-426,$-11,$58,$47,$-87,$-87,$-43,$287,$203,$-144,$3,$-43
44,2007-09-30,14.18,$20.60,0.69,$9.34,1.52,$3.54,4.01,$1.31,10.83,$6.21B,$6.59B,0.94,$0.31B,$1.23B,0.25,$0.54B,$0.35B,64.27%,$0.54B,$0.12B,22.84%,$0.54B,0,0.00%,$0.54B,0,0.00%,$0.54B,$0.12B,22.10%,$0.54B,$0.08B,14.55%,$0.08B,$1.23B,6.57%,$0.08B,$0.46B,16.78%,$0.08B,$8.23B,1.02%,$0.12B,$1.55B,8.51%,$146,$54,$92,$0,$71,$127,$19,$-0,$19,$6,$13,$13,$13,$0,$0,$60,61,$0.22,$0.22,$199,$0,$0,$6210,$107,$934,$777,$197,$2015,$8226,$6591,$312,$90,$402,$6993,$988,$253,$-8,$1233,$8226,$54,$9,$26,$36,$-5,$0,$0,$-28,$-33,$57,$-3,$0,$79,$0,$-102,$-102,$-282,$-307,$-10,$25,$15,$-88,$-88,$-32,$215,$110,$-140,$3,$-32
45,2007-06-30,16.51,$20.48,0.81,$9.16,1.8,$3.98,4.15,$1.48,11.16,$6.16B,$6.52B,0.94,$0.28B,$1.26B,0.22,$0.53B,$0.34B,65.52%,$0.53B,$0.14B,27.05%,$0.53B,0,0.00%,$0.53B,0,0.00%,$0.53B,$0.14B,25.71%,$0.53B,$0.09B,16.95%,$0.09B,$1.26B,7.54%,$0.09B,$0.48B,18.97%,$0.09B,$8.15B,1.19%,$0.14B,$1.54B,9.98%,$138,$50,$88,$0,$53,$105,$33,$-2,$31,$11,$20,$20,$20,$0,$0,$61,61,$0.33,$0.32,$227,$0,$0,$6157,$109,$918,$778,$183,$1988,$8145,$6522,$280,$86,$367,$6889,$1020,$252,$-15,$1256,$8145,$41,$6,$5,$11,$-1,$1,$0,$-20,$-20,$32,$-1,$0,$79,$0,$-98,$-98,$-174,$-195,$-44,$60,$16,$-56,$-56,$-21,$112,$51,$-112,$2,$-21
46,2007-03-31,18.66,$20.07,0.93,$9.07,2.06,$4.56,4.1,$1.56,11.96,$5.58B,$5.88B,0.95,$0.21B,$1.17B,0.18,$0.50B,$0.33B,66.87%,$0.50B,$0.14B,28.69%,$0.50B,0,0.00%,$0.50B,0,0.00%,$0.50B,$0.14B,27.27%,$0.50B,$0.09B,17.98%,$0.09B,$1.17B,7.77%,$0.09B,$0.48B,19.58%,$0.09B,$7.34B,1.23%,$0.14B,$1.38B,10.28%,$128,$45,$82,$0,$48,$95,$33,$-1,$32,$12,$21,$21,$21,$0,$0,$58,58,$0.36,$0.35,$232,$0,$0,$5580,$100,$811,$687,$160,$1758,$7338,$5879,$213,$77,$290,$6170,$933,$243,$-8,$1168,$7338,$21,$3,$0,$3,$-0,$1,$0,$-12,$-11,$13,$-3,$0,$0,$0,$-68,$-68,$-29,$-100,$-2,$0,$-2,$1,$1,$-10,$-9,$-20,$-107,$1,$-10
47,2006-12-31,20.38,$19.91,1.02,$8.94,2.28,$4.68,4.36,$1.60,12.74,$5.66B,$5.89B,0.96,$0.21B,$1.16B,0.18,$0.46B,$0.32B,68.48%,$0.46B,$0.14B,29.78%,$0.46B,0,0.00%,$0.46B,0,0.00%,$0.46B,$0.13B,28.26%,$0.46B,$0.09B,18.48%,$0.09B,$1.16B,8.17%,$0.09B,$0.47B,20.38%,$0.09B,$7.34B,1.25%,$0.14B,$1.37B,10.82%,$131,$43,$87,$0,$48,$92,$39,$-0,$38,$14,$25,$25,$25,$0,$0,$52,53,$0.42,$0.41,$340,$0,$0,$5658,$102,$739,$689,$156,$1687,$7344,$5888,$213,$87,$300,$6188,$931,$235,$-9,$1156,$7344,$84,$12,$-3,$9,$-7,$-1,$0,$32,$24,$118,$-13,$0,$37,$0,$42,$42,$-413,$-347,$-53,$-66,$-119,$9,$9,$-28,$540,$403,$174,$2,$-28
