,Date,Stock Price,Book Value per Share,Price to Book Ratio,TTM Sales per Share,Price to Sales Ratio,TTM FCF per Share,Price to FCF Ratio,TTM Net EPS,PE Ratio,Current Assets,Current Liabilities,Current Ratio,Long Term Debt,Shareholder's Equity_x,Debt to Equity Ratio,TTM Revenue_x,TTM Gross Profit,Gross Margin,TTM Revenue_y,TTM Operating Income,Operating Margin,TTM Revenue_x,TTM EBIT,EBIT Margin,TTM Revenue_y,TTM EBITDA,EBITDA Margin,TTM Revenue_x,TTM Pre-Tax Income,Pre-Tax Margin,TTM Revenue_y,TTM Net Income_x,Net Margin,TTM Net Income_y,Shareholder's Equity_y,Return on Equity,TTM Net Income_x,Tangible Equity,Return on Tangible Equity,TTM Net Income_y,Total Assets,Return on Assets,TTM Net Income,LT Investments & Debt,Return on Investment,revenue,cost-goods-sold,gross-profit,research-development-expenses,selling-general-administrative-expenses,operating-expenses,operating-income,total-non-operating-income-expense,pre-tax-income,total-provision-income-taxes,income-after-taxes,income-from-continuous-operations,net-income,ebitda,ebit,basic-shares-outstanding,shares-outstanding,eps-basic-net-earnings-per-share,eps-earnings-per-share-diluted,cash-on-hand,inventory,other-current-assets,total-current-assets,net-property-plant-equipment,long-term-investments,goodwill-intangible-assets-total,other-long-term-assets,total-long-term-assets,total-assets,total-current-liabilities,long-term-debt,other-non-current-liabilities,total-long-term-liabilities,total-liabilities,common-stock-net,retained-earnings-accumulated-deficit,comprehensive-income,total-share-holder-equity,total-liabilities-share-holders-equity,net-income-loss,total-depreciation-amortization-cash-flow,other-non-cash-items,total-non-cash-items,change-in-accounts-receivable,change-in-inventories,change-in-accounts-payable,change-in-assets-liabilities,total-change-in-assets-liabilities,cash-flow-from-operating-activities,net-change-in-property-plant-equipment,net-change-in-intangible-assets,net-acquisitions-divestitures,net-change-in-short-term-investments,net-change-in-long-term-investments,net-change-in-investments-total,investing-activities-other,cash-flow-from-investing-activities,net-long-term-debt,net-current-debt,debt-issuance-retirement-net-total,net-common-equity-issued-repurchased,net-total-equity-issued-repurchased,total-common-preferred-stock-dividends-paid,financial-activities-other,cash-flow-from-financial-activities,net-cash-flow,stock-based-compensation,common-stock-dividends-paid
0,2018-08-31,185.2,$76.54,2.42,$84.29,2.2,$14.54,12.74,$8.18,22.64,$0.79B,$0.20B,3.95,$0.00B,$1.47B,0.0,$1.70B,$0.64B,37.74%,$1.70B,$0.18B,10.73%,$1.70B,$0.18B,10.73%,$1.70B,$0.28B,16.45%,$1.70B,$0.19B,11.08%,$1.70B,$0.16B,9.61%,$0.16B,$1.47B,11.01%,$0.16B,$1.00B,15.99%,$0.16B,$1.84B,8.86%,$0.18B,$1.47B,12.29%,$434,$271,$164,$0,$96,$393,$41,$1,$43,$8,$35,$35,$35,$67,$41,$20,20,$1.84,$1.84,$271,$90,$174,$785,$560,$0,$468,$30,$1059,$1843,$198,$0,$106,$180,$378,$2,$1405,$-25,$1465,$1843,$164,$97,$-2,$95,$-12,$-11,$5,$-27,$-29,$230,$-111,$0,$-43,$0,$0,$0,$-0,$-154,$0,$0,$0,$-146,$-146,$-4,$-3,$-153,$-79,$5,$-4
1,2018-05-31,177.49,$74.69,2.38,$82.45,2.15,$14.02,12.66,$6.13,28.95,$0.72B,$0.18B,4.0,$0.00B,$1.43B,0.0,$1.67B,$0.63B,37.82%,$1.67B,$0.13B,7.86%,$1.67B,$0.13B,7.86%,$1.67B,$0.23B,13.51%,$1.67B,$0.14B,8.22%,$1.67B,$0.12B,7.38%,$0.12B,$1.43B,8.32%,$0.12B,$0.96B,12.04%,$0.12B,$1.78B,6.71%,$0.13B,$1.43B,8.86%,$427,$267,$160,$0,$88,$380,$47,$1,$48,$11,$36,$36,$36,$72,$47,$20,20,$1.86,$1.85,$238,$88,$164,$719,$560,$0,$469,$29,$1059,$1778,$180,$0,$107,$169,$349,$2,$1372,$-27,$1429,$1778,$129,$71,$-16,$55,$-8,$-9,$-0,$-20,$-17,$167,$-87,$0,$-39,$0,$0,$0,$-0,$-126,$0,$0,$0,$-146,$-146,$-2,$-3,$-150,$-111,$4,$-2
2,2018-02-28,155.17,$76.05,2.04,$80.95,1.92,$13.71,11.32,$5.47,28.37,$0.86B,$0.18B,4.87,$0.00B,$1.54B,0.0,$1.65B,$0.62B,37.84%,$1.65B,$0.12B,7.46%,$1.65B,$0.12B,7.46%,$1.65B,$0.21B,12.98%,$1.65B,$0.13B,7.76%,$1.65B,$0.11B,6.73%,$0.11B,$1.54B,7.49%,$0.11B,$1.08B,10.77%,$0.11B,$1.89B,6.04%,$0.12B,$1.54B,8.30%,$419,$265,$154,$0,$89,$377,$42,$2,$44,$-15,$58,$58,$58,$65,$42,$20,20,$2.88,$2.85,$388,$85,$153,$855,$543,$0,$462,$31,$1036,$1891,$175,$0,$107,$171,$346,$2,$1478,$-23,$1544,$1891,$93,$46,$-18,$29,$-7,$-5,$-5,$-7,$-2,$119,$-55,$0,$-22,$0,$0,$0,$-0,$-77,$0,$0,$0,$0,$0,$-1,$-2,$-3,$38,$2,$-1
3,2017-11-30,163.32,$73.24,2.23,$79.78,2.05,$14.19,11.51,$3.72,43.9,$0.84B,$0.17B,5.02,$0.00B,$1.49B,0.0,$1.62B,$0.61B,37.75%,$1.62B,$0.12B,7.22%,$1.62B,$0.12B,7.22%,$1.62B,$0.21B,12.71%,$1.62B,$0.12B,7.46%,$1.62B,$0.08B,4.69%,$0.08B,$1.49B,5.24%,$0.08B,$1.04B,7.58%,$0.08B,$1.85B,4.21%,$0.12B,$1.49B,8.06%,$416,$254,$162,$0,$88,$364,$52,$1,$53,$19,$34,$34,$34,$75,$52,$20,20,$1.69,$1.67,$374,$82,$151,$843,$524,$0,$447,$31,$1002,$1845,$168,$0,$107,$191,$359,$2,$1419,$-23,$1486,$1845,$34,$23,$4,$26,$-13,$-3,$-1,$-5,$-13,$48,$-19,$0,$-3,$0,$0,$0,$0,$-21,$0,$0,$0,$0,$0,$-1,$-1,$-1,$24,$1,$-1
4,2017-08-31,143.41,$71.70,2.0,$78.50,1.83,$15.03,9.54,$3.43,41.81,$0.81B,$0.18B,4.58,$0.00B,$1.45B,0.0,$1.59B,$0.60B,37.52%,$1.59B,$0.11B,6.98%,$1.59B,$0.11B,6.98%,$1.59B,$0.20B,12.51%,$1.59B,$0.11B,7.17%,$1.59B,$0.07B,4.40%,$0.07B,$1.45B,4.91%,$0.07B,$1.01B,7.15%,$0.07B,$1.82B,3.95%,$0.11B,$1.45B,7.78%,$404,$250,$154,$0,$85,$414,$-10,$3,$-8,$-3,$-5,$-5,$-5,$13,$-10,$20,20,$-0.25,$-0.23,$350,$79,$151,$814,$525,$0,$448,$32,$1005,$1819,$178,$0,$107,$188,$366,$2,$1386,$-22,$1453,$1819,$70,$89,$70,$159,$-22,$2,$10,$8,$-11,$218,$-108,$0,$-125,$0,$0,$0,$0,$-233,$0,$0,$0,$3,$3,$-3,$-2,$-2,$-14,$12,$-3
5,2017-05-31,141.47,$71.41,1.98,$76.64,1.85,$15.00,9.43,$5.41,26.15,$0.75B,$0.16B,4.67,$0.00B,$1.45B,0.0,$1.55B,$0.58B,37.65%,$1.55B,$0.18B,11.48%,$1.55B,$0.18B,11.48%,$1.55B,$0.26B,17.02%,$1.55B,$0.18B,11.54%,$1.55B,$0.11B,7.09%,$0.11B,$1.45B,7.83%,$0.11B,$1.00B,11.24%,$0.11B,$1.79B,6.30%,$0.18B,$1.45B,12.67%,$410,$256,$154,$0,$93,$371,$39,$1,$39,$15,$24,$24,$24,$61,$39,$20,20,$1.21,$1.19,$313,$72,$147,$745,$568,$0,$449,$29,$1047,$1791,$160,$0,$106,$185,$344,$2,$1392,$-32,$1447,$1791,$75,$66,$10,$76,$-21,$9,$2,$9,$5,$156,$-80,$0,$-124,$0,$0,$0,$-0,$-205,$0,$0,$0,$3,$3,$-2,$-2,$-1,$-51,$12,$-2
6,2017-02-28,132.85,$69.82,1.9,$74.66,1.78,$15.66,8.49,$5.71,23.27,$0.73B,$0.16B,4.58,$0.00B,$1.42B,0.0,$1.51B,$0.57B,37.97%,$1.51B,$0.19B,12.39%,$1.51B,$0.19B,12.39%,$1.51B,$0.27B,17.96%,$1.51B,$0.19B,12.52%,$1.51B,$0.12B,7.69%,$0.12B,$1.42B,8.43%,$0.12B,$0.97B,11.94%,$0.12B,$1.76B,6.80%,$0.19B,$1.42B,13.60%,$391,$249,$142,$0,$85,$355,$36,$1,$37,$15,$23,$23,$23,$57,$36,$20,20,$1.12,$1.10,$314,$71,$145,$733,$551,$0,$448,$29,$1028,$1762,$160,$0,$105,$184,$344,$2,$1368,$-31,$1417,$1762,$51,$43,$3,$47,$-13,$9,$4,$8,$17,$115,$-42,$0,$-121,$0,$0,$0,$0,$-163,$0,$0,$0,$2,$2,$-1,$-2,$-1,$-50,$4,$-1
7,2016-11-30,141.05,$68.53,2.06,$73.37,1.92,$15.13,9.32,$5.77,24.44,$0.70B,$0.15B,4.66,$0.00B,$1.39B,0.0,$1.48B,$0.56B,38.08%,$1.48B,$0.19B,12.76%,$1.48B,$0.19B,12.76%,$1.48B,$0.27B,18.37%,$1.48B,$0.19B,12.90%,$1.48B,$0.12B,7.83%,$0.12B,$1.39B,8.62%,$0.12B,$0.94B,12.00%,$0.12B,$1.73B,6.98%,$0.19B,$1.39B,14.04%,$386,$239,$147,$0,$79,$340,$46,$0,$46,$18,$28,$28,$28,$68,$46,$20,20,$1.40,$1.38,$286,$73,$145,$704,$541,$0,$449,$30,$1021,$1725,$151,$0,$104,$184,$335,$2,$1347,$-34,$1390,$1725,$28,$22,$2,$24,$-13,$8,$-1,$9,$11,$63,$-18,$0,$-120,$0,$0,$0,$0,$-138,$0,$0,$0,$1,$1,$-1,$-1,$-0,$-78,$2,$-1
8,2016-08-31,128.08,$67.35,1.9,$72.85,1.76,$14.71,8.71,$6.17,20.76,$0.78B,$0.15B,5.1,$0.00B,$1.37B,0.0,$1.47B,$0.57B,38.69%,$1.47B,$0.20B,13.69%,$1.47B,$0.20B,13.69%,$1.47B,$0.28B,19.21%,$1.47B,$0.20B,13.83%,$1.47B,$0.12B,8.45%,$0.12B,$1.37B,9.41%,$0.12B,$1.01B,12.87%,$0.12B,$1.70B,7.62%,$0.20B,$1.37B,15.25%,$364,$223,$141,$0,$62,$307,$57,$1,$57,$22,$35,$35,$35,$78,$57,$20,20,$1.77,$1.74,$364,$79,$138,$778,$540,$0,$359,$25,$924,$1702,$153,$0,$105,$185,$337,$2,$1319,$-29,$1365,$1702,$125,$82,$17,$99,$-4,$1,$0,$-34,$-16,$208,$-98,$0,$-17,$0,$0,$0,$0,$-115,$-1,$0,$-1,$5,$5,$-3,$-7,$-6,$87,$6,$-3
9,2016-05-31,115.35,$65.65,1.76,$72.69,1.59,$15.54,7.42,$5.86,19.68,$0.74B,$0.17B,4.34,$0.00B,$1.33B,0.0,$1.46B,$0.57B,38.76%,$1.46B,$0.19B,12.99%,$1.46B,$0.19B,12.99%,$1.46B,$0.27B,18.52%,$1.46B,$0.19B,13.12%,$1.46B,$0.12B,8.07%,$0.12B,$1.33B,9.17%,$0.12B,$0.97B,12.63%,$0.12B,$1.63B,7.44%,$0.19B,$1.33B,14.76%,$368,$225,$143,$0,$75,$320,$48,$1,$49,$19,$30,$30,$30,$68,$48,$20,20,$1.50,$1.49,$348,$76,$140,$736,$533,$0,$359,$3,$895,$1631,$170,$0,$58,$132,$301,$2,$1284,$-25,$1330,$1631,$90,$60,$11,$71,$-6,$4,$-2,$0,$1,$161,$-72,$0,$-11,$0,$0,$0,$-0,$-83,$-1,$0,$-1,$1,$1,$-2,$-5,$-7,$71,$4,$-2
10,2016-02-29,105.08,$64.53,1.63,$72.64,1.45,$14.92,7.04,$5.98,17.57,$0.72B,$0.16B,4.41,$0.00B,$1.30B,0.0,$1.46B,$0.57B,38.88%,$1.46B,$0.19B,13.28%,$1.46B,$0.19B,13.28%,$1.46B,$0.27B,18.75%,$1.46B,$0.20B,13.42%,$1.46B,$0.12B,8.21%,$0.12B,$1.30B,9.53%,$0.12B,$0.95B,13.23%,$0.12B,$1.59B,7.70%,$0.19B,$1.30B,15.41%,$363,$230,$133,$0,$75,$325,$38,$1,$39,$16,$23,$23,$23,$58,$38,$20,20,$1.17,$1.16,$335,$76,$137,$721,$521,$0,$349,$3,$873,$1594,$164,$0,$57,$131,$294,$2,$1255,$-28,$1300,$1594,$59,$40,$9,$49,$-7,$5,$-0,$3,$-3,$105,$-44,$0,$-0,$0,$0,$0,$0,$-44,$-1,$0,$-1,$1,$1,$-1,$0,$-1,$58,$3,$-1
11,2015-11-30,108.2,$63.47,1.7,$72.62,1.49,$14.93,7.25,$6.08,17.8,$0.71B,$0.20B,3.56,$0.00B,$1.28B,0.0,$1.46B,$0.57B,39.27%,$1.46B,$0.20B,13.57%,$1.46B,$0.20B,13.57%,$1.46B,$0.28B,18.92%,$1.46B,$0.20B,13.57%,$1.46B,$0.12B,8.36%,$0.12B,$1.28B,9.92%,$0.12B,$0.93B,13.90%,$0.12B,$1.59B,7.96%,$0.20B,$1.28B,16.09%,$373,$223,$151,$0,$73,$315,$58,$0,$58,$22,$36,$36,$36,$78,$58,$20,20,$1.79,$1.78,$312,$77,$141,$714,$516,$0,$351,$3,$872,$1586,$200,$0,$56,$108,$309,$2,$1232,$-26,$1277,$1586,$36,$20,$2,$21,$-17,$3,$8,$-4,$0,$58,$-21,$0,$-0,$0,$0,$0,$0,$-21,$-1,$0,$-1,$0,$0,$-1,$0,$-1,$35,$1,$-1
12,2015-08-31,108.0,$61.80,1.75,$72.59,1.49,$14.88,7.26,$6.15,17.56,$0.66B,$0.18B,3.6,$0.00B,$1.24B,0.0,$1.46B,$0.57B,39.35%,$1.46B,$0.20B,13.80%,$1.46B,$0.20B,13.80%,$1.46B,$0.28B,19.02%,$1.46B,$0.20B,13.80%,$1.46B,$0.12B,8.45%,$0.12B,$1.24B,10.23%,$0.12B,$0.89B,14.47%,$0.12B,$1.53B,8.19%,$0.20B,$1.24B,16.71%,$359,$219,$140,$0,$73,$313,$46,$0,$46,$17,$29,$29,$29,$67,$46,$20,20,$1.44,$1.43,$277,$80,$140,$662,$514,$0,$353,$3,$871,$1533,$184,$0,$55,$107,$291,$2,$1197,$-24,$1242,$1533,$124,$77,$3,$81,$-3,$-2,$-8,$1,$22,$227,$-101,$0,$-22,$0,$0,$0,$-1,$-124,$-6,$0,$-6,$8,$8,$-3,$-5,$-6,$85,$5,$-3
13,2015-05-31,113.84,$60.53,1.88,$72.35,1.57,$13.77,8.26,$6.15,18.51,$0.64B,$0.19B,3.41,$0.00B,$1.22B,0.0,$1.45B,$0.57B,39.13%,$1.45B,$0.20B,13.94%,$1.45B,$0.20B,13.94%,$1.45B,$0.28B,19.05%,$1.45B,$0.20B,14.01%,$1.45B,$0.12B,8.49%,$0.12B,$1.22B,10.46%,$0.12B,$0.86B,14.91%,$0.12B,$1.52B,8.35%,$0.20B,$1.22B,17.18%,$366,$222,$144,$0,$72,$313,$52,$0,$53,$20,$32,$32,$32,$71,$52,$20,20,$1.63,$1.61,$236,$84,$145,$644,$515,$0,$354,$3,$874,$1518,$189,$0,$57,$112,$301,$2,$1169,$-21,$1217,$1518,$95,$56,$12,$68,$-9,$-6,$-2,$-6,$-5,$158,$-82,$0,$-20,$0,$0,$0,$-1,$-103,$-4,$0,$-4,$8,$8,$-2,$-5,$-3,$44,$4,$-2
14,2015-02-28,118.3,$58.87,2.01,$71.81,1.65,$12.88,9.18,$6.07,19.49,$0.64B,$0.19B,3.3,$0.00B,$1.19B,0.0,$1.44B,$0.56B,38.95%,$1.44B,$0.20B,13.87%,$1.44B,$0.20B,13.87%,$1.44B,$0.27B,19.02%,$1.44B,$0.20B,13.94%,$1.44B,$0.12B,8.50%,$0.12B,$1.19B,10.62%,$0.12B,$0.83B,15.26%,$0.12B,$1.49B,8.50%,$0.20B,$1.19B,17.33%,$361,$224,$138,$0,$77,$320,$42,$-0,$41,$16,$25,$25,$25,$60,$42,$20,20,$1.28,$1.26,$231,$85,$145,$639,$495,$0,$352,$2,$851,$1491,$194,$0,$57,$111,$305,$2,$1137,$-21,$1185,$1491,$63,$37,$11,$48,$-11,$-7,$-1,$-6,$-4,$107,$-46,$0,$-15,$0,$0,$0,$-0,$-61,$-2,$0,$-2,$5,$5,$-1,$0,$2,$40,$3,$-1
15,2014-11-30,111.06,$58.07,1.91,$71.06,1.56,$13.08,8.49,$6.08,18.27,$0.62B,$0.19B,3.2,$0.00B,$1.17B,0.0,$1.42B,$0.55B,38.72%,$1.42B,$0.20B,13.96%,$1.42B,$0.20B,13.96%,$1.42B,$0.27B,19.18%,$1.42B,$0.20B,14.10%,$1.42B,$0.12B,8.67%,$0.12B,$1.17B,10.98%,$0.12B,$0.82B,15.92%,$0.12B,$1.46B,8.80%,$0.20B,$1.17B,17.67%,$370,$219,$151,$0,$72,$310,$61,$0,$61,$23,$37,$37,$37,$79,$61,$20,20,$1.88,$1.85,$213,$78,$148,$620,$486,$0,$352,$2,$841,$1462,$194,$0,$54,$101,$295,$2,$1112,$-10,$1167,$1462,$37,$18,$2,$20,$-16,$1,$1,$-9,$-5,$53,$-17,$0,$-11,$0,$0,$0,$0,$-28,$-2,$0,$-2,$2,$2,$-1,$0,$-0,$21,$2,$-1
16,2014-08-31,96.45,$56.58,1.7,$69.98,1.38,$13.62,7.08,$5.94,16.24,$0.59B,$0.19B,3.09,$0.00B,$1.13B,0.0,$1.40B,$0.54B,38.49%,$1.40B,$0.19B,13.84%,$1.40B,$0.19B,13.84%,$1.40B,$0.27B,19.07%,$1.40B,$0.20B,13.98%,$1.40B,$0.12B,8.60%,$0.12B,$1.13B,11.00%,$0.12B,$0.79B,16.13%,$0.12B,$1.42B,8.79%,$0.19B,$1.14B,17.69%,$352,$218,$134,$0,$68,$305,$47,$0,$48,$19,$29,$29,$29,$66,$47,$20,20,$1.45,$1.44,$192,$79,$146,$589,$486,$0,$345,$2,$835,$1424,$191,$0,$50,$99,$290,$2,$1076,$-3,$1134,$1424,$120,$72,$16,$88,$-12,$-4,$14,$-11,$-13,$195,$-92,$0,$-4,$0,$0,$0,$1,$-94,$-104,$0,$-104,$6,$6,$-3,$-4,$-104,$-6,$6,$-3
17,2014-05-31,98.4,$55.23,1.78,$70.16,1.4,$13.92,7.07,$6.03,16.32,$0.53B,$0.15B,3.41,$0.00B,$1.11B,0.0,$1.40B,$0.54B,38.54%,$1.40B,$0.19B,13.90%,$1.40B,$0.19B,13.90%,$1.40B,$0.27B,19.05%,$1.40B,$0.20B,13.97%,$1.40B,$0.12B,8.74%,$0.12B,$1.11B,11.50%,$0.12B,$0.76B,17.13%,$0.12B,$1.36B,9.02%,$0.19B,$1.11B,18.29%,$352,$217,$136,$0,$68,$303,$49,$1,$50,$19,$31,$31,$31,$68,$49,$20,20,$1.56,$1.53,$151,$70,$141,$526,$486,$0,$345,$2,$835,$1361,$154,$0,$48,$100,$254,$2,$1047,$-1,$1107,$1361,$91,$53,$6,$59,$-12,$5,$-11,$-11,$-18,$132,$-74,$0,$-1,$0,$0,$0,$0,$-75,$-102,$0,$-102,$6,$6,$-2,$-4,$-102,$-46,$5,$-2
18,2014-02-28,109.05,$53.46,2.04,$69.47,1.57,$13.98,7.8,$5.93,18.39,$0.52B,$0.17B,3.02,$0.00B,$1.07B,0.0,$1.38B,$0.53B,38.41%,$1.38B,$0.19B,13.84%,$1.38B,$0.19B,13.84%,$1.38B,$0.26B,18.91%,$1.38B,$0.19B,13.84%,$1.38B,$0.12B,8.70%,$0.12B,$1.07B,11.66%,$0.12B,$0.73B,17.54%,$0.12B,$1.35B,8.91%,$0.19B,$1.07B,18.55%,$344,$216,$128,$0,$70,$303,$41,$1,$41,$16,$26,$26,$26,$59,$41,$20,20,$1.30,$1.27,$157,$69,$137,$524,$471,$0,$347,$2,$822,$1346,$173,$0,$47,$100,$273,$2,$1017,$-3,$1073,$1346,$60,$35,$4,$39,$-10,$5,$4,$-6,$10,$109,$-44,$0,$-1,$0,$0,$0,$0,$-44,$-103,$0,$-103,$2,$2,$-1,$0,$-102,$-40,$3,$-1
19,2013-11-30,101.6,$52.38,1.94,$69.13,1.47,$12.83,7.92,$5.99,16.96,$0.51B,$0.18B,2.79,$0.00B,$1.05B,0.0,$1.37B,$0.53B,38.54%,$1.37B,$0.19B,14.09%,$1.37B,$0.19B,14.09%,$1.37B,$0.26B,19.12%,$1.37B,$0.19B,14.09%,$1.37B,$0.12B,8.83%,$0.12B,$1.05B,12.10%,$0.12B,$0.70B,18.38%,$0.12B,$1.33B,9.05%,$0.19B,$1.05B,19.30%,$347,$208,$139,$0,$66,$291,$56,$1,$56,$22,$34,$34,$34,$73,$56,$20,20,$1.75,$1.71,$142,$66,$139,$512,$466,$0,$350,$2,$819,$1331,$184,$0,$46,$98,$282,$2,$992,$1,$1049,$1331,$34,$17,$2,$19,$-13,$8,$9,$-9,$15,$69,$-23,$0,$-0,$0,$0,$0,$0,$-23,$-101,$0,$-101,$1,$1,$-1,$0,$-101,$-56,$1,$-1
20,2013-08-31,95.24,$50.66,1.88,$68.59,1.39,$12.10,7.87,$5.82,16.36,$0.56B,$0.27B,2.12,$0.00B,$1.01B,0.0,$1.36B,$0.52B,38.35%,$1.36B,$0.19B,13.79%,$1.36B,$0.19B,13.79%,$1.36B,$0.26B,18.88%,$1.36B,$0.19B,13.79%,$1.36B,$0.12B,8.70%,$0.12B,$1.01B,12.16%,$0.12B,$0.66B,18.68%,$0.12B,$1.38B,8.88%,$0.19B,$1.01B,19.27%,$353,$218,$135,$0,$69,$305,$48,$1,$48,$18,$31,$31,$31,$66,$48,$20,20,$1.55,$1.51,$197,$74,$133,$561,$458,$0,$352,$3,$813,$1375,$265,$0,$45,$96,$361,$2,$959,$1,$1013,$1375,$117,$70,$28,$98,$-7,$1,$0,$6,$-3,$212,$-104,$0,$-31,$0,$0,$0,$0,$-134,$5,$0,$5,$5,$5,$-3,$-3,$4,$77,$6,$-3
21,2013-05-31,94.23,$49.11,1.92,$66.68,1.41,$10.97,8.59,$5.43,17.35,$0.55B,$0.25B,2.18,$0.00B,$0.98B,0.0,$1.32B,$0.50B,37.87%,$1.32B,$0.17B,13.23%,$1.32B,$0.17B,13.23%,$1.32B,$0.24B,18.40%,$1.32B,$0.18B,13.31%,$1.32B,$0.11B,8.37%,$0.11B,$0.98B,11.69%,$0.11B,$0.65B,18.16%,$0.11B,$1.34B,8.49%,$0.17B,$0.98B,18.01%,$336,$208,$128,$0,$65,$290,$46,$0,$46,$17,$29,$29,$29,$63,$46,$20,20,$1.46,$1.43,$176,$72,$134,$551,$449,$0,$333,$2,$784,$1335,$253,$0,$45,$100,$353,$2,$929,$4,$982,$1335,$86,$51,$6,$57,$-12,$3,$3,$1,$-4,$140,$-81,$0,$-2,$0,$0,$0,$-0,$-83,$4,$0,$4,$3,$3,$-2,$-3,$1,$55,$5,$-2
22,2013-02-28,82.91,$47.79,1.73,$66.08,1.25,$10.44,7.94,$5.37,15.44,$0.54B,$0.25B,2.14,$0.00B,$0.96B,0.0,$1.30B,$0.49B,37.54%,$1.30B,$0.17B,13.15%,$1.30B,$0.17B,13.15%,$1.30B,$0.24B,18.31%,$1.30B,$0.17B,13.15%,$1.30B,$0.11B,8.31%,$0.11B,$0.96B,11.83%,$0.11B,$0.62B,18.77%,$0.11B,$1.31B,8.55%,$0.17B,$0.96B,17.76%,$334,$208,$126,$0,$66,$291,$43,$0,$43,$17,$27,$27,$27,$60,$43,$20,20,$1.36,$1.33,$163,$74,$130,$535,$433,$0,$335,$2,$770,$1305,$250,$0,$44,$99,$349,$2,$901,$5,$956,$1305,$57,$34,$4,$38,$-11,$1,$-3,$6,$-3,$93,$-51,$0,$-2,$0,$0,$0,$-0,$-52,$4,$0,$4,$2,$2,$-1,$0,$5,$43,$4,$-1
23,2012-11-30,70.0,$46.56,1.5,$64.96,1.08,$9.66,7.25,$5.00,14.0,$0.54B,$0.27B,1.98,$0.00B,$0.93B,0.0,$1.28B,$0.47B,36.91%,$1.28B,$0.16B,12.46%,$1.28B,$0.16B,12.46%,$1.28B,$0.23B,17.63%,$1.28B,$0.16B,12.46%,$1.28B,$0.10B,7.84%,$0.10B,$0.93B,11.30%,$0.10B,$0.59B,18.34%,$0.10B,$1.30B,8.13%,$0.16B,$0.93B,16.56%,$333,$202,$131,$0,$64,$283,$50,$0,$50,$20,$31,$31,$31,$67,$50,$20,20,$1.57,$1.54,$153,$75,$136,$539,$423,$0,$336,$3,$762,$1301,$273,$0,$44,$99,$371,$2,$875,$8,$930,$1301,$31,$17,$2,$19,$-18,$0,$11,$-1,$7,$56,$-25,$0,$0,$0,$0,$0,$-0,$-25,$2,$0,$2,$1,$1,$-1,$0,$2,$33,$2,$-1
24,2012-08-31,62.96,$44.96,1.4,$64.08,0.98,$8.93,7.05,$4.76,13.23,$0.49B,$0.15B,3.35,$0.10B,$0.90B,0.11,$1.26B,$0.46B,36.46%,$1.26B,$0.15B,12.02%,$1.26B,$0.15B,12.02%,$1.26B,$0.22B,17.28%,$1.26B,$0.15B,12.02%,$1.26B,$0.10B,7.56%,$0.10B,$0.90B,11.08%,$0.10B,$0.56B,18.46%,$0.10B,$1.24B,7.95%,$0.15B,$1.00B,15.77%,$312,$199,$113,$0,$61,$277,$35,$0,$36,$13,$23,$23,$23,$52,$35,$20,20,$1.16,$1.13,$120,$75,$138,$488,$412,$0,$339,$2,$753,$1241,$146,$100,$43,$198,$344,$2,$845,$7,$897,$1241,$95,$67,$8,$74,$-8,$1,$-4,$-14,$-10,$159,$-75,$0,$0,$0,$0,$0,$-1,$-75,$-13,$0,$-13,$2,$2,$-3,$0,$-14,$71,$7,$-3
25,2012-05-31,56.68,$43.59,1.3,$63.04,0.9,$5.75,9.86,$4.53,12.51,$0.45B,$0.14B,3.18,$0.10B,$0.87B,0.12,$1.24B,$0.45B,36.28%,$1.24B,$0.14B,11.66%,$1.24B,$0.14B,11.66%,$1.24B,$0.21B,17.00%,$1.24B,$0.14B,11.58%,$1.24B,$0.09B,7.29%,$0.09B,$0.87B,10.81%,$0.09B,$0.53B,18.46%,$0.09B,$1.20B,7.69%,$0.14B,$0.97B,15.44%,$321,$202,$118,$0,$59,$278,$43,$-0,$42,$15,$27,$27,$27,$59,$43,$20,20,$1.40,$1.37,$79,$76,$140,$451,$410,$0,$341,$2,$753,$1204,$142,$100,$43,$193,$335,$2,$823,$4,$869,$1204,$72,$50,$7,$56,$-13,$-0,$3,$-19,$-22,$107,$-59,$0,$0,$0,$0,$0,$-0,$-60,$-15,$0,$-15,$2,$2,$-2,$0,$-16,$30,$5,$-2
26,2012-02-29,59.48,$42.38,1.4,$61.62,0.97,$3.67,16.22,$4.09,14.54,$0.43B,$0.14B,3.15,$0.10B,$0.85B,0.12,$1.21B,$0.44B,36.15%,$1.21B,$0.13B,10.78%,$1.21B,$0.13B,10.78%,$1.21B,$0.20B,16.33%,$1.21B,$0.13B,10.70%,$1.21B,$0.08B,6.72%,$0.08B,$0.85B,10.00%,$0.08B,$0.50B,17.41%,$0.08B,$1.17B,6.97%,$0.13B,$0.95B,14.17%,$310,$201,$109,$0,$61,$279,$31,$0,$31,$12,$19,$19,$19,$47,$31,$20,20,$0.98,$0.96,$59,$78,$137,$427,$401,$0,$344,$2,$747,$1174,$136,$100,$42,$193,$329,$2,$796,$8,$845,$1174,$45,$33,$5,$38,$-12,$-1,$-2,$-13,$-22,$60,$-34,$0,$0,$0,$0,$0,$-0,$-35,$-15,$0,$-15,$2,$2,$-1,$0,$-15,$11,$4,$-1
27,2011-11-30,57.21,$41.12,1.39,$60.08,0.95,$2.41,23.79,$3.95,14.48,$0.42B,$0.15B,2.81,$0.10B,$0.82B,0.12,$1.18B,$0.43B,36.51%,$1.18B,$0.13B,10.81%,$1.18B,$0.13B,10.81%,$1.18B,$0.19B,16.51%,$1.18B,$0.12B,10.55%,$1.18B,$0.08B,6.64%,$0.08B,$0.82B,9.89%,$0.08B,$0.47B,17.54%,$0.08B,$1.16B,6.75%,$0.13B,$0.92B,14.17%,$313,$195,$118,$0,$59,$271,$42,$-1,$42,$16,$26,$26,$26,$59,$42,$19,20,$1.32,$1.30,$54,$74,$133,$419,$392,$0,$346,$2,$741,$1159,$149,$100,$42,$193,$341,$2,$778,$2,$818,$1159,$26,$16,$2,$19,$-16,$2,$4,$-11,$-14,$31,$-14,$0,$0,$0,$0,$0,$-0,$-14,$-8,$0,$-8,$0,$0,$-1,$0,$-9,$5,$2,$-1
28,2011-08-31,51.18,$40.15,1.27,$58.09,0.88,$2.32,22.09,$3.85,13.29,$0.40B,$0.15B,2.59,$0.10B,$0.80B,0.13,$1.14B,$0.42B,37.09%,$1.14B,$0.12B,10.93%,$1.14B,$0.12B,10.93%,$1.14B,$0.19B,16.74%,$1.14B,$0.12B,10.57%,$1.14B,$0.08B,6.70%,$0.08B,$0.80B,9.90%,$0.08B,$0.45B,17.76%,$0.08B,$1.14B,6.61%,$0.12B,$0.90B,14.16%,$291,$188,$103,$0,$58,$263,$28,$0,$28,$10,$18,$18,$18,$45,$28,$19,20,$0.92,$0.90,$49,$76,$127,$395,$395,$0,$349,$2,$746,$1142,$153,$100,$40,$191,$344,$2,$753,$10,$798,$1142,$76,$65,$21,$86,$-21,$-28,$10,$-37,$-77,$86,$-64,$0,$-33,$0,$0,$0,$-0,$-97,$-61,$0,$-61,$1,$1,$-3,$-1,$-64,$-72,$7,$-3
29,2011-05-31,52.96,$39.22,1.35,$56.30,0.94,$5.49,9.65,$3.82,13.86,$0.44B,$0.19B,2.34,$0.13B,$0.78B,0.17,$1.10B,$0.42B,37.94%,$1.10B,$0.13B,11.37%,$1.10B,$0.13B,11.37%,$1.10B,$0.19B,17.20%,$1.10B,$0.12B,10.92%,$1.10B,$0.08B,6.82%,$0.08B,$0.78B,10.06%,$0.08B,$0.44B,18.29%,$0.08B,$1.18B,6.59%,$0.13B,$0.91B,14.65%,$292,$185,$106,$0,$61,$262,$29,$-1,$28,$10,$18,$18,$18,$46,$29,$19,20,$0.95,$0.93,$109,$67,$114,$439,$394,$0,$340,$2,$736,$1175,$187,$130,$32,$209,$396,$2,$735,$10,$779,$1175,$58,$48,$12,$60,$-20,$-19,$4,$-28,$-62,$56,$-49,$0,$-17,$0,$0,$0,$-1,$-67,$-1,$0,$-1,$1,$1,$-2,$-1,$-3,$-12,$5,$-2
30,2011-02-28,55.67,$38.20,1.46,$54.79,1.02,$8.36,6.66,$3.87,14.38,$0.42B,$0.21B,1.98,$0.10B,$0.76B,0.13,$1.07B,$0.41B,38.76%,$1.07B,$0.13B,11.99%,$1.07B,$0.13B,11.99%,$1.07B,$0.19B,17.88%,$1.07B,$0.12B,11.42%,$1.07B,$0.08B,7.12%,$0.08B,$0.76B,10.51%,$0.08B,$0.42B,19.47%,$0.08B,$1.15B,6.83%,$0.13B,$0.86B,15.20%,$279,$176,$102,$0,$59,$251,$28,$-1,$26,$10,$16,$16,$16,$44,$28,$19,20,$0.84,$0.82,$107,$58,$99,$417,$389,$0,$340,$2,$732,$1149,$211,$100,$31,$179,$390,$2,$718,$10,$759,$1149,$40,$32,$10,$41,$-18,$-11,$-2,$-11,$-49,$33,$-31,$0,$-16,$0,$0,$0,$0,$-47,$-1,$0,$-1,$1,$1,$-1,$0,$-2,$-14,$3,$-1
31,2010-11-30,50.57,$37.13,1.36,$53.54,0.94,$10.20,4.96,$3.88,13.03,$0.42B,$0.22B,1.92,$0.10B,$0.74B,0.14,$1.04B,$0.41B,39.21%,$1.04B,$0.13B,12.37%,$1.04B,$0.13B,12.37%,$1.04B,$0.19B,18.31%,$1.04B,$0.12B,11.79%,$1.04B,$0.08B,7.29%,$0.08B,$0.74B,10.84%,$0.08B,$0.41B,20.49%,$0.08B,$1.13B,6.99%,$0.13B,$0.84B,15.38%,$273,$163,$110,$0,$55,$234,$39,$-1,$38,$14,$24,$24,$24,$55,$39,$19,19,$1.22,$1.20,$133,$52,$92,$418,$381,$0,$331,$3,$715,$1133,$218,$100,$31,$179,$397,$2,$702,$5,$736,$1133,$24,$16,$7,$23,$-17,$-5,$3,$-8,$-20,$27,$-12,$0,$-2,$0,$0,$0,$-1,$-15,$-0,$0,$-0,$0,$0,$-1,$0,$-1,$12,$2,$-1
32,2010-08-31,38.68,$35.71,1.08,$52.71,0.73,$11.07,3.5,$3.89,9.94,$0.38B,$0.20B,1.87,$0.10B,$0.71B,0.14,$1.03B,$0.41B,39.57%,$1.03B,$0.13B,12.67%,$1.03B,$0.13B,12.67%,$1.03B,$0.19B,18.71%,$1.03B,$0.12B,12.09%,$1.03B,$0.08B,7.41%,$0.08B,$0.71B,11.17%,$0.08B,$0.38B,21.67%,$0.08B,$1.09B,7.12%,$0.13B,$0.81B,15.54%,$255,$156,$99,$0,$55,$226,$29,$-1,$28,$10,$17,$17,$17,$44,$29,$19,19,$0.88,$0.88,$121,$48,$87,$378,$381,$0,$331,$2,$714,$1092,$202,$100,$39,$182,$384,$2,$679,$2,$708,$1092,$76,$62,$6,$67,$-6,$-4,$5,$-12,$-10,$134,$-50,$0,$-21,$0,$0,$0,$-2,$-73,$-0,$0,$-0,$1,$1,$-3,$0,$-2,$61,$4,$-3
33,2010-05-31,44.29,$34.80,1.27,$52.07,0.85,$11.60,3.82,$3.90,11.36,$0.36B,$0.16B,2.3,$0.18B,$0.69B,0.25,$1.01B,$0.40B,39.82%,$1.01B,$0.13B,12.85%,$1.01B,$0.13B,12.85%,$1.01B,$0.19B,18.97%,$1.01B,$0.12B,12.25%,$1.01B,$0.08B,7.51%,$0.08B,$0.69B,11.52%,$0.08B,$0.36B,22.82%,$0.08B,$1.07B,7.27%,$0.13B,$0.87B,15.56%,$261,$159,$103,$0,$55,$229,$32,$-2,$30,$10,$19,$19,$19,$48,$32,$19,19,$1.00,$0.98,$104,$38,$83,$361,$381,$0,$330,$3,$713,$1074,$156,$175,$0,$228,$384,$2,$662,$2,$690,$1074,$59,$46,$3,$49,$-8,$5,$1,$-9,$-8,$100,$-37,$0,$-18,$0,$0,$0,$-1,$-56,$-0,$0,$-0,$1,$1,$-2,$0,$-1,$44,$2,$-2
34,2010-02-28,51.7,$34.50,1.5,$51.68,1.0,$11.18,4.63,$4.04,12.8,$0.34B,$0.15B,2.18,$0.18B,$0.67B,0.26,$1.00B,$0.40B,40.28%,$1.00B,$0.14B,13.46%,$1.00B,$0.14B,13.46%,$1.00B,$0.20B,19.44%,$1.00B,$0.13B,12.96%,$1.00B,$0.08B,7.88%,$0.08B,$0.67B,12.35%,$0.08B,$0.34B,25.10%,$0.08B,$1.05B,7.71%,$0.14B,$0.85B,16.56%,$254,$157,$97,$0,$52,$224,$29,$-2,$27,$10,$16,$16,$16,$44,$29,$19,19,$0.84,$0.83,$84,$40,$75,$335,$386,$0,$328,$2,$717,$1051,$154,$175,$0,$228,$381,$2,$644,$2,$670,$1051,$40,$30,$1,$31,$-7,$3,$-2,$-1,$-6,$65,$-28,$0,$-13,$0,$0,$0,$-1,$-42,$-0,$0,$-0,$1,$1,$-1,$0,$-1,$24,$1,$-1
35,2009-11-30,43.19,$33.69,1.28,$51.95,0.83,$10.35,4.17,$4.15,10.41,$0.34B,$0.17B,1.93,$0.18B,$0.65B,0.27,$1.01B,$0.41B,40.26%,$1.01B,$0.14B,13.92%,$1.01B,$0.14B,13.92%,$1.01B,$0.20B,19.78%,$1.01B,$0.14B,13.42%,$1.01B,$0.08B,8.05%,$0.08B,$0.65B,13.13%,$0.08B,$0.32B,27.67%,$0.08B,$1.05B,8.04%,$0.14B,$0.83B,17.46%,$256,$149,$107,$0,$51,$216,$40,$-1,$39,$15,$24,$24,$24,$56,$40,$19,19,$1.22,$1.21,$80,$39,$76,$335,$387,$0,$329,$2,$719,$1054,$174,$175,$0,$228,$401,$2,$628,$2,$653,$1054,$24,$15,$1,$16,$-12,$5,$5,$-4,$8,$48,$-16,$0,$-12,$0,$0,$0,$-0,$-28,$-0,$0,$-0,$0,$0,$-1,$0,$-1,$20,$0,$-1
36,2009-08-31,39.16,$32.37,1.21,$52.33,0.75,$9.00,4.35,$3.91,10.02,$0.30B,$0.13B,2.33,$0.18B,$0.63B,0.28,$1.01B,$0.40B,39.78%,$1.01B,$0.13B,13.23%,$1.01B,$0.13B,13.23%,$1.01B,$0.19B,18.85%,$1.01B,$0.13B,12.54%,$1.01B,$0.08B,7.50%,$0.08B,$0.63B,12.79%,$0.08B,$0.31B,28.02%,$0.08B,$1.00B,7.66%,$0.13B,$0.80B,16.91%,$241,$145,$96,$0,$52,$212,$29,$-2,$28,$11,$17,$17,$17,$44,$29,$19,19,$0.87,$0.89,$60,$44,$73,$296,$383,$0,$321,$2,$706,$1002,$127,$176,$27,$248,$375,$2,$605,$-0,$627,$1002,$76,$58,$4,$62,$4,$2,$-13,$18,$22,$159,$-65,$0,$-5,$0,$0,$0,$0,$-70,$-53,$0,$-53,$1,$1,$-3,$0,$-55,$34,$1,$-3
37,2009-05-31,33.49,$31.49,1.06,$52.84,0.63,$6.51,5.14,$3.66,9.15,$0.28B,$0.16B,1.71,$0.18B,$0.61B,0.29,$1.02B,$0.40B,38.61%,$1.02B,$0.13B,12.41%,$1.02B,$0.13B,12.41%,$1.02B,$0.18B,17.89%,$1.02B,$0.12B,11.53%,$1.02B,$0.07B,6.94%,$0.07B,$0.61B,12.32%,$0.07B,$0.29B,28.15%,$0.07B,$0.99B,7.19%,$0.13B,$0.79B,16.11%,$252,$149,$104,$0,$52,$215,$37,$-1,$36,$14,$22,$22,$22,$51,$37,$19,19,$1.12,$1.12,$32,$47,$76,$280,$386,$0,$322,$3,$711,$991,$164,$176,$0,$218,$382,$2,$589,$-1,$609,$991,$59,$43,$1,$44,$-2,$-1,$-18,$14,$6,$109,$-55,$0,$-3,$0,$0,$0,$0,$-59,$-42,$0,$-42,$0,$0,$-2,$0,$-44,$7,$1,$-2
38,2009-02-28,23.46,$29.88,0.79,$52.97,0.44,$5.44,4.31,$3.41,6.88,$0.28B,$0.15B,1.88,$0.21B,$0.58B,0.37,$1.03B,$0.39B,37.82%,$1.03B,$0.12B,11.70%,$1.03B,$0.12B,11.70%,$1.03B,$0.18B,17.06%,$1.03B,$0.11B,10.72%,$1.03B,$0.07B,6.43%,$0.07B,$0.58B,11.75%,$0.07B,$0.25B,27.79%,$0.07B,$0.98B,6.73%,$0.12B,$0.79B,15.21%,$257,$159,$98,$0,$50,$223,$34,$-2,$32,$14,$18,$18,$18,$48,$34,$19,19,$0.95,$0.94,$24,$51,$80,$279,$377,$0,$324,$2,$703,$982,$149,$214,$0,$256,$404,$2,$568,$-11,$578,$982,$37,$28,$1,$29,$-3,$-6,$-13,$9,$-6,$60,$-39,$0,$-3,$0,$0,$0,$0,$-42,$-16,$0,$-16,$0,$0,$-1,$0,$-17,$-2,$0,$-1
39,2008-11-30,27.09,$29.09,0.93,$53.64,0.51,$5.61,4.83,$3.26,8.31,$0.29B,$0.16B,1.83,$0.23B,$0.56B,0.41,$1.04B,$0.39B,37.34%,$1.04B,$0.11B,10.97%,$1.04B,$0.11B,10.97%,$1.04B,$0.17B,16.27%,$1.04B,$0.10B,9.91%,$1.04B,$0.06B,6.06%,$0.06B,$0.56B,11.45%,$0.06B,$0.24B,27.57%,$0.06B,$0.99B,6.47%,$0.11B,$0.79B,14.59%,$263,$157,$105,$0,$57,$228,$34,$-3,$31,$12,$19,$19,$19,$48,$34,$19,19,$0.98,$0.97,$24,$49,$89,$294,$372,$0,$325,$3,$699,$993,$161,$228,$0,$270,$431,$2,$550,$-9,$562,$993,$19,$14,$0,$14,$-11,$-3,$-1,$-1,$-7,$26,$-21,$0,$-2,$0,$0,$0,$0,$-22,$-3,$0,$-3,$0,$0,$-1,$0,$-3,$-2,$0,$-1
40,2008-08-31,42.03,$28.81,1.46,$52.84,0.8,$5.86,7.17,$3.19,13.17,$0.28B,$0.15B,1.88,$0.23B,$0.56B,0.42,$1.02B,$0.38B,37.05%,$1.02B,$0.11B,10.65%,$1.02B,$0.11B,10.65%,$1.02B,$0.16B,15.93%,$1.02B,$0.10B,9.68%,$1.02B,$0.06B,5.87%,$0.06B,$0.56B,11.14%,$0.06B,$0.23B,27.33%,$0.06B,$0.98B,6.25%,$0.11B,$0.79B,14.13%,$251,$163,$88,$0,$52,$229,$22,$-3,$19,$7,$12,$12,$12,$36,$22,$19,19,$0.64,$0.64,$26,$46,$92,$284,$369,$0,$326,$3,$698,$982,$151,$231,$0,$274,$425,$2,$532,$4,$557,$982,$61,$54,$4,$58,$-9,$-2,$10,$-2,$1,$119,$-74,$0,$-61,$0,$0,$0,$1,$-134,$30,$0,$30,$1,$1,$-3,$0,$28,$13,$1,$-3
41,2008-05-31,46.84,$28.47,1.65,$51.64,0.91,$5.10,9.19,$3.12,15.01,$0.29B,$0.14B,2.01,$0.24B,$0.55B,0.43,$1.00B,$0.37B,37.40%,$1.00B,$0.11B,10.70%,$1.00B,$0.11B,10.70%,$1.00B,$0.16B,16.00%,$1.00B,$0.10B,9.80%,$1.00B,$0.06B,5.90%,$0.06B,$0.55B,11.26%,$0.06B,$0.23B,27.47%,$0.06B,$0.97B,6.32%,$0.11B,$0.79B,14.26%,$255,$157,$97,$0,$54,$225,$30,$-2,$28,$11,$17,$17,$17,$43,$30,$19,19,$0.88,$0.87,$24,$45,$92,$286,$356,$0,$322,$5,$682,$968,$142,$236,$0,$276,$418,$2,$521,$9,$550,$968,$49,$40,$1,$42,$-14,$-1,$3,$-3,$-7,$84,$-50,$0,$-51,$0,$0,$0,$1,$-101,$30,$0,$30,$0,$0,$-2,$0,$29,$12,$1,$-2
42,2008-02-29,37.66,$27.53,1.37,$50.35,0.75,$4.33,8.7,$2.96,12.72,$0.28B,$0.15B,1.88,$0.23B,$0.53B,0.43,$0.98B,$0.36B,37.23%,$0.98B,$0.10B,10.46%,$0.98B,$0.10B,10.46%,$0.98B,$0.15B,15.79%,$0.98B,$0.09B,9.44%,$0.98B,$0.06B,5.74%,$0.06B,$0.53B,11.02%,$0.06B,$0.22B,26.92%,$0.06B,$0.95B,6.16%,$0.10B,$0.76B,13.97%,$270,$172,$98,$0,$56,$243,$28,$-3,$25,$10,$15,$15,$15,$42,$28,$19,19,$0.79,$0.79,$23,$46,$91,$283,$352,$0,$313,$4,$668,$951,$150,$230,$0,$269,$420,$2,$504,$8,$531,$951,$32,$27,$1,$28,$-11,$-2,$6,$-4,$0,$60,$-35,$0,$-37,$0,$0,$0,$0,$-72,$24,$0,$24,$0,$0,$-1,$0,$23,$10,$1,$-1
43,2007-11-30,36.39,$26.79,1.36,$47.88,0.76,$3.78,9.64,$2.53,14.38,$0.28B,$0.15B,1.88,$0.23B,$0.52B,0.45,$0.93B,$0.34B,36.79%,$0.93B,$0.09B,9.49%,$0.93B,$0.09B,9.49%,$0.93B,$0.14B,14.89%,$0.93B,$0.08B,8.41%,$0.93B,$0.05B,5.18%,$0.05B,$0.52B,9.73%,$0.05B,$0.20B,23.73%,$0.05B,$0.94B,5.43%,$0.09B,$0.75B,12.39%,$247,$151,$96,$0,$54,$218,$29,$-3,$27,$10,$16,$16,$16,$42,$29,$19,19,$0.85,$0.85,$17,$44,$93,$280,$341,$0,$315,$4,$659,$939,$149,$234,$0,$274,$422,$2,$490,$9,$517,$939,$16,$13,$0,$13,$-15,$0,$7,$-6,$-5,$25,$-15,$0,$-37,$0,$0,$0,$-0,$-52,$28,$0,$28,$0,$0,$-1,$0,$28,$5,$0,$-1
44,2007-08-31,40.26,$25.78,1.56,$46.62,0.86,$3.67,10.97,$2.34,17.2,$0.25B,$0.13B,1.89,$0.21B,$0.50B,0.41,$0.90B,$0.33B,36.59%,$0.90B,$0.08B,9.31%,$0.90B,$0.08B,9.31%,$0.90B,$0.13B,14.75%,$0.90B,$0.07B,8.20%,$0.90B,$0.05B,5.10%,$0.05B,$0.50B,9.58%,$0.05B,$0.21B,23.12%,$0.05B,$0.87B,5.34%,$0.08B,$0.70B,12.17%,$228,$145,$83,$0,$50,$207,$20,$-3,$18,$7,$11,$11,$11,$33,$20,$19,19,$0.57,$0.56,$13,$44,$86,$250,$334,$0,$286,$4,$624,$874,$132,$206,$0,$245,$377,$2,$474,$5,$497,$874,$45,$50,$-1,$49,$-5,$-8,$2,$1,$-9,$85,$-55,$0,$-23,$0,$0,$0,$1,$-76,$-4,$0,$-4,$1,$1,$-3,$-1,$-8,$4,$1,$-3
45,2007-05-31,40.59,$25.32,1.6,$45.61,0.89,$2.65,15.3,$2.33,17.42,$0.25B,$0.13B,1.92,$0.22B,$0.49B,0.45,$0.88B,$0.32B,36.62%,$0.88B,$0.08B,9.52%,$0.88B,$0.08B,9.52%,$0.88B,$0.13B,14.85%,$0.88B,$0.07B,8.28%,$0.88B,$0.05B,5.22%,$0.05B,$0.49B,9.80%,$0.05B,$0.20B,24.15%,$0.05B,$0.87B,5.41%,$0.08B,$0.71B,12.36%,$230,$144,$86,$0,$49,$205,$25,$-3,$22,$8,$14,$14,$14,$37,$25,$19,19,$0.71,$0.71,$11,$39,$84,$245,$333,$0,$287,$7,$628,$873,$128,$218,$0,$258,$385,$2,$464,$6,$488,$873,$34,$37,$1,$38,$-11,$-3,$-2,$3,$-11,$61,$-43,$0,$-23,$0,$0,$0,$1,$-65,$8,$0,$8,$0,$0,$-2,$-1,$5,$3,$1,$-2
46,2007-02-28,40.35,$24.46,1.65,$44.71,0.9,$2.11,19.16,$2.19,18.43,$0.24B,$0.13B,1.86,$0.21B,$0.47B,0.44,$0.86B,$0.32B,36.46%,$0.86B,$0.08B,9.14%,$0.86B,$0.08B,9.14%,$0.86B,$0.13B,14.58%,$0.86B,$0.07B,7.99%,$0.86B,$0.04B,4.98%,$0.04B,$0.47B,9.39%,$0.04B,$0.20B,23.50%,$0.04B,$0.85B,5.16%,$0.08B,$0.68B,11.88%,$222,$146,$76,$0,$50,$208,$14,$-2,$11,$4,$7,$7,$7,$26,$14,$19,19,$0.36,$0.36,$12,$40,$82,$242,$325,$0,$276,$7,$608,$850,$131,$209,$0,$248,$379,$2,$451,$3,$471,$850,$21,$24,$1,$25,$-8,$-3,$-1,$3,$-6,$40,$-26,$0,$-6,$0,$0,$0,$1,$-31,$-1,$0,$-1,$0,$0,$-1,$-1,$-4,$4,$0,$-1
47,2006-11-30,40.25,$24.15,1.67,$43.70,0.92,$1.28,31.53,$2.16,18.64,$0.24B,$0.14B,1.79,$0.21B,$0.47B,0.44,$0.84B,$0.31B,36.37%,$0.84B,$0.08B,9.24%,$0.84B,$0.08B,9.24%,$0.84B,$0.12B,14.69%,$0.84B,$0.07B,8.18%,$0.84B,$0.04B,4.98%,$0.04B,$0.47B,9.38%,$0.04B,$0.19B,23.53%,$0.04B,$0.85B,5.15%,$0.08B,$0.67B,11.99%,$222,$137,$85,$0,$48,$197,$25,$-3,$23,$9,$14,$14,$14,$37,$25,$19,19,$0.71,$0.71,$8,$37,$86,$244,$321,$0,$276,$6,$603,$847,$136,$206,$0,$246,$382,$2,$445,$4,$465,$847,$14,$12,$0,$12,$-12,$-0,$0,$-2,$-6,$20,$-12,$0,$-3,$0,$0,$0,$0,$-14,$-4,$0,$-4,$0,$0,$-1,$-1,$-5,$-0,$0,$-1
