,Date,Stock Price,Book Value per Share,Price to Book Ratio,TTM Sales per Share,Price to Sales Ratio,TTM FCF per Share,Price to FCF Ratio,TTM Net EPS,PE Ratio,Current Assets,Current Liabilities,Current Ratio,Long Term Debt,Shareholder's Equity_x,Debt to Equity Ratio,TTM Revenue_x,TTM Gross Profit,Gross Margin,TTM Revenue_y,TTM Operating Income,Operating Margin,TTM Revenue_x,TTM EBIT,EBIT Margin,TTM Revenue_y,TTM EBITDA,EBITDA Margin,TTM Revenue_x,TTM Pre-Tax Income,Pre-Tax Margin,TTM Revenue_y,TTM Net Income_x,Net Margin,TTM Net Income_y,Shareholder's Equity_y,Return on Equity,TTM Net Income_x,Tangible Equity,Return on Tangible Equity,TTM Net Income_y,Total Assets,Return on Assets,TTM Net Income,LT Investments & Debt,Return on Investment,revenue,cost-goods-sold,gross-profit,research-development-expenses,selling-general-administrative-expenses,operating-expenses,operating-income,total-non-operating-income-expense,pre-tax-income,total-provision-income-taxes,income-after-taxes,income-from-continuous-operations,net-income,ebitda,ebit,basic-shares-outstanding,shares-outstanding,eps-basic-net-earnings-per-share,eps-earnings-per-share-diluted,cash-on-hand,inventory,other-current-assets,total-current-assets,net-property-plant-equipment,long-term-investments,goodwill-intangible-assets-total,other-long-term-assets,total-long-term-assets,total-assets,total-current-liabilities,long-term-debt,other-non-current-liabilities,total-long-term-liabilities,total-liabilities,common-stock-net,retained-earnings-accumulated-deficit,comprehensive-income,total-share-holder-equity,total-liabilities-share-holders-equity,net-income-loss,total-depreciation-amortization-cash-flow,other-non-cash-items,total-non-cash-items,change-in-accounts-receivable,change-in-inventories,change-in-accounts-payable,change-in-assets-liabilities,total-change-in-assets-liabilities,cash-flow-from-operating-activities,net-change-in-property-plant-equipment,net-change-in-intangible-assets,net-acquisitions-divestitures,net-change-in-short-term-investments,net-change-in-long-term-investments,net-change-in-investments-total,investing-activities-other,cash-flow-from-investing-activities,net-long-term-debt,net-current-debt,debt-issuance-retirement-net-total,net-common-equity-issued-repurchased,net-total-equity-issued-repurchased,total-common-preferred-stock-dividends-paid,financial-activities-other,cash-flow-from-financial-activities,net-cash-flow,stock-based-compensation,common-stock-dividends-paid
0,2018-07-31,32.2,$36.62,0.88,$201.23,0.16,$-2.90,0.0,$3.25,9.91,$1.79B,$0.70B,2.56,$0.35B,$1.85B,0.19,$10.23B,$1.52B,14.89%,$10.23B,$0.23B,2.22%,$10.23B,$0.23B,2.22%,$10.23B,$0.32B,3.16%,$10.23B,$0.21B,2.07%,$10.23B,$0.17B,1.62%,$0.17B,$1.85B,9.32%,$0.17B,$1.29B,13.65%,$0.17B,$2.96B,5.47%,$0.23B,$2.19B,10.31%,$2592,$2216,$376,$0,$322,$2542,$50,$-4,$46,$13,$33,$33,$33,$71,$50,$51,51,$0.65,$0.65,$23,$1136,$0,$1789,$571,$0,$556,$49,$1176,$2964,$699,$348,$27,$419,$1119,$1,$1400,$-14,$1846,$2964,$166,$96,$8,$103,$-67,$-109,$4,$4,$-160,$109,$-44,$0,$-0,$1,$-3,$-3,$0,$-47,$-26,$-0,$-26,$-23,$-23,$0,$-5,$-54,$8,$26,$0
1,2018-04-30,45.02,$35.93,1.25,$196.35,0.23,$0.24,184.36,$3.37,13.36,$1.90B,$0.73B,2.59,$0.47B,$1.81B,0.26,$9.98B,$1.52B,15.20%,$9.98B,$0.24B,2.39%,$9.98B,$0.24B,2.39%,$9.98B,$0.34B,3.37%,$9.98B,$0.23B,2.31%,$9.98B,$0.17B,1.72%,$0.17B,$1.81B,9.89%,$0.17B,$1.25B,14.71%,$0.17B,$3.08B,5.70%,$0.24B,$2.28B,10.99%,$2649,$2241,$408,$0,$326,$2567,$82,$-4,$78,$26,$52,$52,$52,$104,$82,$50,51,$1.03,$1.02,$22,$1196,$0,$1895,$574,$0,$560,$50,$1184,$3079,$732,$470,$27,$534,$1267,$1,$1367,$-13,$1812,$3079,$133,$74,$-9,$65,$-119,$-165,$6,$10,$-253,$-55,$-30,$0,$-0,$1,$-3,$-3,$0,$-32,$96,$24,$120,$-22,$-22,$0,$-5,$94,$6,$22,$0
2,2018-01-31,47.6,$34.81,1.37,$190.80,0.25,$4.34,10.97,$3.07,15.5,$1.86B,$0.80B,2.33,$0.43B,$1.76B,0.25,$9.70B,$1.47B,15.20%,$9.70B,$0.22B,2.28%,$9.70B,$0.22B,2.28%,$9.70B,$0.32B,3.28%,$9.70B,$0.21B,2.19%,$9.70B,$0.16B,1.62%,$0.16B,$1.76B,9.27%,$0.16B,$1.19B,14.04%,$0.16B,$3.05B,5.28%,$0.22B,$2.19B,10.44%,$2528,$2156,$372,$0,$320,$2488,$40,$-4,$36,$-14,$50,$50,$50,$70,$40,$50,51,$1.00,$0.99,$25,$1141,$0,$1857,$578,$0,$565,$50,$1193,$3050,$799,$431,$29,$496,$1295,$1,$1316,$-10,$1755,$3050,$81,$52,$0,$53,$-109,$-109,$61,$-14,$-169,$-35,$-15,$0,$-0,$1,$-3,$-2,$0,$-18,$57,$32,$89,$-22,$-22,$0,$-4,$63,$10,$14,$0
3,2017-10-31,38.77,$33.62,1.15,$186.01,0.21,$6.80,5.7,$2.58,15.03,$1.84B,$0.82B,2.26,$0.44B,$1.71B,0.26,$9.46B,$1.45B,15.30%,$9.46B,$0.23B,2.40%,$9.46B,$0.23B,2.40%,$9.46B,$0.32B,3.34%,$9.46B,$0.22B,2.31%,$9.46B,$0.13B,1.40%,$0.13B,$1.71B,7.99%,$0.13B,$1.13B,12.32%,$0.13B,$3.05B,4.50%,$0.23B,$2.14B,10.78%,$2458,$2090,$367,$0,$312,$2402,$55,$-3,$52,$22,$31,$31,$31,$78,$55,$51,51,$0.60,$0.60,$21,$1168,$0,$1839,$589,$0,$575,$44,$1207,$3046,$816,$435,$29,$523,$1338,$1,$1265,$-16,$1708,$3046,$31,$22,$10,$32,$-75,$-137,$72,$-3,$-135,$-72,$-5,$0,$-0,$1,$0,$1,$0,$-4,$61,$32,$93,$-6,$-6,$0,$-4,$83,$6,$7,$0
4,2017-07-31,38.53,$33.23,1.16,$182.81,0.21,$7.99,4.82,$2.56,15.05,$1.66B,$0.70B,2.36,$0.37B,$1.68B,0.22,$9.28B,$1.43B,15.41%,$9.28B,$0.23B,2.43%,$9.28B,$0.23B,2.43%,$9.28B,$0.31B,3.37%,$9.28B,$0.22B,2.32%,$9.28B,$0.13B,1.40%,$0.13B,$1.68B,8.06%,$0.13B,$1.10B,12.65%,$0.13B,$2.89B,4.47%,$0.23B,$2.06B,10.69%,$2341,$1972,$369,$0,$304,$2280,$61,$2,$64,$25,$39,$39,$39,$84,$61,$51,51,$0.77,$0.76,$15,$1032,$0,$1663,$602,$0,$580,$42,$1224,$2887,$704,$373,$28,$501,$1205,$1,$1235,$-14,$1682,$2887,$130,$86,$26,$113,$-39,$-7,$90,$-6,$38,$281,$-56,$0,$-9,$9,$-2,$7,$-2,$-60,$-215,$-7,$-222,$0,$0,$0,$-3,$-225,$-3,$26,$0
5,2017-04-30,41.53,$32.19,1.29,$180.63,0.23,$8.63,4.81,$2.49,16.68,$1.70B,$0.71B,2.38,$0.46B,$1.63B,0.28,$9.15B,$1.41B,15.36%,$9.15B,$0.23B,2.47%,$9.15B,$0.23B,2.47%,$9.15B,$0.31B,3.41%,$9.15B,$0.21B,2.28%,$9.15B,$0.13B,1.38%,$0.13B,$1.63B,8.01%,$0.13B,$1.05B,12.79%,$0.13B,$2.92B,4.35%,$0.23B,$2.09B,10.67%,$2370,$2003,$366,$0,$297,$2305,$65,$-5,$60,$24,$37,$37,$37,$86,$65,$51,51,$0.72,$0.72,$16,$1042,$0,$1695,$603,$0,$581,$41,$1226,$2921,$711,$457,$28,$581,$1291,$1,$1196,$-20,$1629,$2921,$91,$64,$26,$90,$-62,$-20,$79,$-9,$-19,$163,$-40,$0,$-9,$0,$-2,$-2,$0,$-51,$-131,$19,$-111,$0,$0,$0,$-3,$-114,$-2,$19,$0
6,2017-01-31,45.7,$31.43,1.45,$176.31,0.26,$9.71,4.71,$2.53,18.06,$1.64B,$0.61B,2.7,$0.55B,$1.59B,0.35,$8.91B,$1.36B,15.27%,$8.91B,$0.23B,2.55%,$8.91B,$0.23B,2.55%,$8.91B,$0.31B,3.48%,$8.91B,$0.21B,2.38%,$8.91B,$0.13B,1.43%,$0.13B,$1.59B,8.26%,$0.13B,$1.00B,13.02%,$0.13B,$2.87B,4.49%,$0.23B,$2.14B,10.93%,$2286,$1941,$345,$0,$299,$2239,$46,$-4,$42,$17,$25,$25,$25,$68,$46,$51,51,$0.50,$0.50,$31,$993,$0,$1638,$605,$0,$586,$41,$1232,$2870,$606,$549,$29,$674,$1280,$1,$1160,$-18,$1590,$2870,$55,$42,$19,$61,$-26,$31,$9,$-21,$-19,$97,$-23,$0,$-10,$0,$-2,$-2,$0,$-35,$-38,$-9,$-48,$0,$0,$0,$-3,$-50,$12,$14,$0
7,2016-10-31,41.74,$30.69,1.36,$171.91,0.24,$10.32,4.05,$2.48,16.83,$1.71B,$0.68B,2.5,$0.58B,$1.55B,0.38,$8.67B,$1.31B,15.15%,$8.67B,$0.22B,2.57%,$8.67B,$0.22B,2.57%,$8.67B,$0.30B,3.46%,$8.67B,$0.21B,2.40%,$8.67B,$0.13B,1.44%,$0.13B,$1.55B,8.33%,$0.13B,$0.96B,12.65%,$0.13B,$2.94B,4.58%,$0.22B,$2.14B,11.08%,$2278,$1929,$349,$0,$296,$2225,$53,$-5,$49,$19,$29,$29,$29,$75,$53,$50,51,$0.58,$0.58,$14,$1078,$0,$1705,$608,$0,$595,$35,$1238,$2943,$683,$582,$29,$708,$1391,$1,$1134,$-23,$1552,$2943,$29,$21,$9,$30,$-43,$-55,$34,$2,$-67,$-7,$-9,$0,$-10,$0,$0,$0,$0,$-19,$-5,$30,$24,$0,$0,$0,$-3,$22,$-5,$7,$0
8,2016-07-31,49.98,$30.16,1.66,$168.16,0.3,$10.60,4.72,$2.50,19.99,$1.61B,$0.62B,2.6,$0.59B,$1.52B,0.39,$8.47B,$1.28B,15.10%,$8.47B,$0.22B,2.64%,$8.47B,$0.22B,2.64%,$8.47B,$0.30B,3.49%,$8.47B,$0.21B,2.47%,$8.47B,$0.13B,1.49%,$0.13B,$1.52B,8.58%,$0.13B,$0.93B,12.52%,$0.13B,$2.85B,4.74%,$0.22B,$2.11B,11.45%,$2214,$1868,$345,$0,$282,$2151,$62,$-5,$58,$23,$35,$35,$35,$83,$62,$50,50,$0.69,$0.69,$19,$1022,$0,$1611,$617,$0,$588,$36,$1241,$2852,$620,$588,$29,$713,$1333,$1,$1105,$-22,$1520,$2852,$126,$71,$35,$106,$29,$2,$14,$5,$64,$297,$-41,$0,$-307,$0,$0,$0,$-3,$-351,$52,$6,$58,$2,$2,$0,$-4,$56,$1,$15,$0
9,2016-04-30,35.67,$29.58,1.21,$165.24,0.22,$3.96,9.02,$2.53,14.1,$1.56B,$0.60B,2.59,$0.43B,$1.49B,0.29,$8.32B,$1.25B,15.03%,$8.32B,$0.23B,2.73%,$8.32B,$0.23B,2.73%,$8.32B,$0.30B,3.55%,$8.32B,$0.21B,2.54%,$8.32B,$0.13B,1.53%,$0.13B,$1.49B,8.86%,$0.13B,$1.01B,12.44%,$0.13B,$2.65B,4.92%,$0.23B,$1.92B,11.89%,$2132,$1810,$322,$0,$256,$2066,$66,$-3,$63,$24,$38,$38,$38,$84,$66,$50,50,$0.76,$0.76,$19,$985,$0,$1564,$567,$0,$480,$35,$1082,$2646,$603,$433,$29,$552,$1156,$1,$1075,$-19,$1490,$2646,$91,$51,$28,$79,$2,$1,$32,$-2,$35,$206,$-29,$0,$-89,$0,$0,$0,$0,$-118,$-105,$22,$-83,$2,$2,$0,$-4,$-85,$2,$13,$0
10,2016-01-31,35.02,$28.64,1.22,$164.92,0.21,$-1.61,0.0,$2.60,13.47,$1.50B,$0.51B,2.96,$0.45B,$1.44B,0.31,$8.30B,$1.25B,15.11%,$8.30B,$0.23B,2.77%,$8.30B,$0.23B,2.77%,$8.30B,$0.30B,3.59%,$8.30B,$0.22B,2.63%,$8.30B,$0.13B,1.58%,$0.13B,$1.44B,9.37%,$0.13B,$1.05B,13.01%,$0.13B,$2.49B,5.12%,$0.23B,$1.89B,12.10%,$2048,$1750,$298,$0,$254,$2006,$42,$-4,$38,$15,$23,$23,$23,$58,$42,$50,50,$0.45,$0.45,$12,$942,$0,$1503,$563,$0,$387,$34,$984,$2487,$508,$445,$28,$537,$1046,$1,$1037,$-26,$1441,$2487,$53,$33,$15,$47,$13,$39,$-17,$-17,$24,$125,$-20,$0,$-0,$0,$0,$0,$0,$-20,$-92,$-16,$-109,$1,$1,$0,$-1,$-109,$-5,$9,$0
11,2015-10-31,50.45,$28.23,1.79,$164.39,0.31,$-5.83,0.0,$2.70,18.69,$1.66B,$0.65B,2.56,$0.49B,$1.42B,0.34,$8.27B,$1.26B,15.18%,$8.27B,$0.24B,2.88%,$8.27B,$0.24B,2.88%,$8.27B,$0.31B,3.69%,$8.27B,$0.23B,2.73%,$8.27B,$0.14B,1.64%,$0.14B,$1.42B,9.96%,$0.14B,$1.03B,14.01%,$0.14B,$2.65B,5.30%,$0.24B,$1.91B,12.58%,$2077,$1763,$314,$0,$257,$2023,$54,$-4,$50,$20,$30,$30,$30,$71,$54,$50,50,$0.60,$0.60,$12,$1083,$0,$1660,$567,$0,$391,$33,$991,$2650,$647,$488,$29,$582,$1230,$1,$1014,$-20,$1420,$2650,$30,$17,$9,$26,$-20,$-100,$58,$4,$-50,$5,$-8,$0,$-0,$0,$0,$0,$0,$-8,$-50,$47,$-3,$1,$1,$0,$-1,$-3,$-5,$6,$0
12,2015-07-31,45.53,$27.57,1.65,$162.88,0.28,$-8.31,0.0,$2.76,16.5,$1.55B,$0.53B,2.93,$0.54B,$1.38B,0.39,$8.19B,$1.26B,15.39%,$8.19B,$0.24B,2.96%,$8.19B,$0.24B,2.96%,$8.19B,$0.31B,3.75%,$8.19B,$0.23B,2.82%,$8.19B,$0.14B,1.70%,$0.14B,$1.38B,10.45%,$0.14B,$0.99B,14.92%,$0.14B,$2.54B,5.49%,$0.24B,$1.92B,12.95%,$2061,$1745,$316,$0,$251,$1996,$65,$-6,$60,$23,$36,$36,$36,$82,$65,$50,50,$0.72,$0.72,$17,$975,$0,$1546,$572,$0,$392,$30,$995,$2541,$528,$536,$30,$632,$1160,$1,$979,$-19,$1381,$2541,$139,$64,$30,$93,$-42,$-154,$16,$5,$-183,$49,$-128,$0,$-8,$0,$-3,$-3,$-3,$-142,$88,$5,$93,$3,$3,$0,$-2,$94,$1,$14,$0
13,2015-04-30,67.46,$27.01,2.5,$157.24,0.43,$-8.31,0.0,$2.71,24.89,$1.58B,$0.58B,2.73,$0.54B,$1.35B,0.4,$7.89B,$1.23B,15.64%,$7.89B,$0.23B,2.89%,$7.89B,$0.23B,2.89%,$7.89B,$0.29B,3.68%,$7.89B,$0.23B,2.85%,$7.89B,$0.14B,1.72%,$0.14B,$1.35B,10.50%,$0.14B,$0.96B,15.23%,$0.14B,$2.56B,5.51%,$0.23B,$1.89B,12.58%,$2115,$1789,$326,$0,$257,$2046,$69,$1,$70,$28,$42,$42,$42,$87,$69,$50,50,$0.83,$0.83,$24,$948,$0,$1576,$557,$0,$397,$29,$982,$2558,$576,$538,$31,$629,$1205,$1,$948,$-14,$1353,$2558,$103,$47,$13,$61,$-67,$-117,$30,$-4,$-170,$-6,$-98,$0,$-8,$0,$-3,$-3,$0,$-109,$88,$33,$121,$3,$3,$0,$-1,$123,$8,$12,$0
14,2015-01-31,77.28,$26.08,2.96,$150.92,0.51,$-8.70,0.0,$2.61,29.61,$1.56B,$0.58B,2.68,$0.54B,$1.31B,0.42,$7.56B,$1.21B,15.96%,$7.56B,$0.22B,2.94%,$7.56B,$0.22B,2.94%,$7.56B,$0.28B,3.68%,$7.56B,$0.22B,2.86%,$7.56B,$0.13B,1.72%,$0.13B,$1.31B,10.34%,$0.13B,$0.91B,14.64%,$0.13B,$2.51B,5.56%,$0.22B,$1.85B,12.94%,$2017,$1717,$299,$0,$249,$1967,$50,$-3,$46,$18,$28,$28,$28,$65,$50,$50,50,$0.56,$0.55,$27,$922,$0,$1555,$529,$0,$398,$30,$956,$2511,$579,$544,$31,$626,$1205,$1,$906,$-17,$1306,$2511,$61,$30,$3,$33,$-51,$-93,$20,$-22,$-147,$-53,$-55,$0,$-8,$0,$-3,$-3,$0,$-66,$95,$34,$128,$3,$3,$0,$-0,$131,$11,$10,$0
15,2014-10-31,68.02,$25.60,2.66,$143.82,0.47,$-8.80,0.0,$2.62,25.96,$1.57B,$0.61B,2.57,$0.54B,$1.28B,0.42,$7.19B,$1.18B,16.35%,$7.19B,$0.22B,3.08%,$7.19B,$0.22B,3.08%,$7.19B,$0.27B,3.81%,$7.19B,$0.22B,3.02%,$7.19B,$0.13B,1.81%,$0.13B,$1.28B,10.65%,$0.13B,$0.87B,14.70%,$0.13B,$2.51B,5.92%,$0.22B,$1.82B,13.72%,$1992,$1673,$319,$0,$260,$1934,$58,$-4,$55,$22,$33,$33,$33,$73,$58,$50,50,$0.66,$0.66,$18,$984,$0,$1572,$501,$0,$407,$30,$938,$2510,$611,$537,$31,$619,$1230,$1,$878,$-8,$1280,$2510,$33,$14,$0,$14,$-42,$-151,$51,$5,$-146,$-99,$-27,$0,$-8,$0,$-3,$-3,$0,$-38,$98,$41,$139,$1,$1,$0,$-1,$138,$1,$6,$0
16,2014-07-31,58.62,$24.98,2.35,$136.27,0.43,$-7.95,0.0,$2.52,23.26,$1.37B,$0.52B,2.66,$0.45B,$1.24B,0.36,$6.80B,$1.13B,16.59%,$6.80B,$0.21B,3.11%,$6.80B,$0.21B,3.11%,$6.80B,$0.26B,3.83%,$6.80B,$0.21B,3.06%,$6.80B,$0.13B,1.84%,$0.13B,$1.24B,10.56%,$0.13B,$0.83B,14.17%,$0.13B,$2.29B,6.07%,$0.21B,$1.69B,14.02%,$1765,$1474,$290,$0,$239,$1713,$51,$3,$54,$21,$33,$33,$33,$65,$51,$50,50,$0.68,$0.67,$16,$835,$0,$1370,$484,$0,$410,$25,$919,$2289,$515,$448,$31,$530,$1046,$0,$845,$-5,$1243,$2289,$125,$49,$14,$63,$-71,$-98,$29,$2,$-126,$62,$-141,$0,$-212,$0,$0,$0,$0,$-353,$284,$12,$296,$2,$2,$0,$-3,$295,$5,$15,$0
17,2014-04-30,69.03,$24.19,2.85,$134.07,0.51,$-6.77,0.0,$2.50,27.61,$1.34B,$0.46B,2.89,$0.30B,$1.20B,0.25,$6.67B,$1.12B,16.80%,$6.67B,$0.22B,3.24%,$6.67B,$0.22B,3.24%,$6.67B,$0.26B,3.93%,$6.67B,$0.21B,3.10%,$6.67B,$0.12B,1.86%,$0.12B,$1.20B,10.80%,$0.12B,$0.94B,14.00%,$0.12B,$2.04B,6.46%,$0.22B,$1.50B,15.45%,$1782,$1484,$298,$0,$236,$1719,$63,$-2,$61,$24,$36,$36,$36,$75,$63,$50,50,$0.73,$0.73,$17,$832,$0,$1340,$409,$0,$265,$24,$698,$2038,$463,$301,$28,$374,$837,$0,$812,$-6,$1201,$2038,$92,$35,$18,$54,$-81,$-127,$48,$-6,$-167,$-21,$-102,$0,$-23,$0,$0,$0,$0,$-125,$137,$13,$150,$2,$2,$0,$-1,$151,$5,$13,$0
18,2014-01-31,67.57,$23.36,2.89,$129.99,0.52,$-5.69,0.0,$2.41,28.04,$1.27B,$0.45B,2.82,$0.27B,$1.16B,0.24,$6.46B,$1.09B,16.82%,$6.46B,$0.21B,3.21%,$6.46B,$0.21B,3.21%,$6.46B,$0.25B,3.89%,$6.46B,$0.20B,3.07%,$6.46B,$0.12B,1.86%,$0.12B,$1.16B,10.78%,$0.12B,$0.89B,14.06%,$0.12B,$1.95B,6.49%,$0.21B,$1.43B,15.54%,$1646,$1378,$268,$0,$219,$1597,$49,$-2,$47,$19,$28,$28,$28,$61,$49,$50,50,$0.56,$0.56,$15,$765,$0,$1267,$394,$0,$266,$24,$684,$1951,$449,$273,$28,$343,$792,$0,$775,$-7,$1159,$1951,$56,$23,$10,$33,$-67,$-60,$19,$-16,$-124,$-36,$-76,$0,$-23,$0,$0,$0,$0,$-99,$110,$28,$138,$2,$2,$0,$-1,$139,$3,$10,$0
19,2013-10-31,71.45,$22.83,3.13,$126.17,0.57,$-4.78,0.0,$2.31,30.93,$1.31B,$0.50B,2.62,$0.26B,$1.13B,0.23,$6.26B,$1.06B,16.94%,$6.26B,$0.20B,3.15%,$6.26B,$0.20B,3.15%,$6.26B,$0.24B,3.84%,$6.26B,$0.19B,3.02%,$6.26B,$0.12B,1.84%,$0.12B,$1.13B,10.64%,$0.12B,$0.86B,13.97%,$0.12B,$1.96B,6.46%,$0.20B,$1.39B,15.46%,$1602,$1331,$271,$0,$223,$1554,$48,$-2,$46,$19,$28,$28,$28,$59,$48,$49,50,$0.56,$0.56,$9,$838,$0,$1306,$362,$0,$269,$25,$656,$1962,$498,$262,$28,$331,$829,$0,$747,$-1,$1133,$1962,$28,$11,$5,$16,$-56,$-132,$100,$2,$-93,$-50,$-33,$0,$-23,$0,$0,$0,$0,$-56,$97,$6,$104,$2,$2,$0,$-1,$104,$-2,$5,$0
20,2013-07-31,58.61,$22.28,2.63,$122.40,0.48,$-4.33,0.0,$2.18,26.89,$1.12B,$0.40B,2.8,$0.16B,$1.10B,0.15,$6.06B,$1.03B,16.90%,$6.06B,$0.19B,3.07%,$6.06B,$0.19B,3.07%,$6.06B,$0.23B,3.76%,$6.06B,$0.17B,2.87%,$6.06B,$0.11B,1.80%,$0.11B,$1.10B,10.40%,$0.11B,$0.85B,13.73%,$0.11B,$1.73B,6.38%,$0.19B,$1.26B,15.32%,$1642,$1358,$284,$0,$228,$1586,$56,$-3,$53,$21,$32,$32,$32,$67,$56,$49,50,$0.65,$0.65,$11,$702,$0,$1115,$339,$0,$251,$25,$615,$1730,$398,$164,$27,$232,$631,$0,$720,$-1,$1099,$1730,$108,$42,$26,$68,$-35,$-124,$32,$-18,$-132,$44,$-64,$0,$-8,$0,$0,$0,$0,$-72,$16,$6,$22,$2,$2,$0,$-2,$22,$-5,$15,$0
21,2013-04-30,49.94,$21.55,2.32,$116.59,0.43,$-3.21,0.0,$2.04,24.48,$1.16B,$0.44B,2.61,$0.18B,$1.06B,0.17,$5.77B,$0.97B,16.86%,$5.77B,$0.17B,3.00%,$5.77B,$0.17B,3.00%,$5.77B,$0.21B,3.71%,$5.77B,$0.16B,2.83%,$5.77B,$0.10B,1.77%,$0.10B,$1.06B,10.01%,$0.10B,$0.81B,13.33%,$0.10B,$1.75B,6.18%,$0.17B,$1.24B,14.76%,$1566,$1303,$263,$0,$209,$1512,$54,$-2,$52,$21,$32,$32,$32,$64,$54,$49,50,$0.64,$0.64,$14,$723,$0,$1160,$312,$0,$255,$25,$592,$1751,$444,$176,$31,$245,$689,$0,$688,$1,$1063,$1751,$76,$31,$16,$47,$-58,$-144,$52,$-15,$-159,$-36,$-32,$0,$-9,$0,$0,$0,$0,$-42,$60,$17,$77,$2,$2,$0,$-3,$75,$-2,$11,$0
22,2013-01-31,53.98,$20.87,2.59,$113.20,0.48,$-2.94,0.0,$1.99,27.13,$1.10B,$0.41B,2.67,$0.18B,$1.03B,0.17,$5.59B,$0.95B,17.07%,$5.59B,$0.17B,3.01%,$5.59B,$0.17B,3.01%,$5.59B,$0.21B,3.74%,$5.59B,$0.16B,2.85%,$5.59B,$0.10B,1.77%,$0.10B,$1.03B,10.00%,$0.10B,$0.77B,13.41%,$0.10B,$1.68B,6.16%,$0.17B,$1.20B,15.28%,$1446,$1204,$242,$0,$203,$1407,$39,$-1,$38,$15,$23,$23,$23,$50,$39,$49,50,$0.46,$0.46,$8,$674,$0,$1096,$302,$0,$256,$25,$584,$1680,$411,$175,$29,$240,$651,$0,$656,$2,$1029,$1680,$44,$21,$11,$32,$-51,$-95,$32,$-12,$-125,$-49,$-18,$0,$-9,$0,$0,$0,$0,$-27,$59,$11,$69,$1,$1,$0,$-3,$67,$-8,$8,$0
23,2012-10-31,53.14,$20.36,2.61,$110.26,0.48,$-3.04,0.0,$1.98,26.84,$1.11B,$0.45B,2.45,$0.15B,$1.00B,0.15,$5.43B,$0.94B,17.22%,$5.43B,$0.17B,3.08%,$5.43B,$0.17B,3.08%,$5.43B,$0.21B,3.79%,$5.43B,$0.16B,2.89%,$5.43B,$0.10B,1.81%,$0.10B,$1.00B,10.20%,$0.10B,$0.75B,13.79%,$0.10B,$1.67B,6.23%,$0.17B,$1.15B,16.26%,$1410,$1174,$236,$0,$198,$1373,$37,$-6,$31,$9,$22,$22,$22,$47,$37,$49,50,$0.44,$0.43,$9,$720,$0,$1113,$276,$0,$256,$26,$559,$1672,$454,$150,$28,$214,$668,$0,$633,$2,$1003,$1672,$22,$10,$7,$17,$-30,$-140,$76,$-1,$-94,$-55,$-5,$0,$-9,$0,$0,$0,$0,$-14,$34,$30,$64,$1,$1,$0,$-3,$62,$-7,$5,$0
24,2012-07-31,54.3,$19.97,2.72,$106.73,0.51,$-3.90,0.0,$1.86,29.19,$0.95B,$0.33B,2.83,$0.12B,$0.98B,0.12,$5.24B,$0.92B,17.49%,$5.24B,$0.16B,2.98%,$5.24B,$0.16B,2.98%,$5.24B,$0.20B,3.72%,$5.24B,$0.15B,2.88%,$5.24B,$0.09B,1.74%,$0.09B,$0.98B,9.77%,$0.09B,$0.73B,13.31%,$0.09B,$1.49B,5.87%,$0.16B,$1.09B,16.24%,$1344,$1112,$231,$0,$188,$1301,$43,$-1,$42,$16,$25,$25,$25,$53,$43,$49,49,$0.52,$0.51,$16,$579,$0,$947,$278,$0,$246,$22,$547,$1494,$334,$116,$29,$181,$515,$0,$612,$2,$979,$1494,$91,$40,$6,$45,$-51,$-63,$16,$15,$-70,$66,$-31,$0,$-3,$0,$0,$0,$0,$-34,$-47,$9,$-39,$8,$8,$0,$-2,$-33,$-1,$11,$0
25,2012-04-30,49.29,$19.38,2.54,$103.59,0.48,$-4.42,0.0,$1.70,28.99,$1.04B,$0.57B,1.83,$0.00B,$0.95B,0.0,$5.05B,$0.90B,17.82%,$5.05B,$0.14B,2.81%,$5.05B,$0.14B,2.81%,$5.05B,$0.18B,3.56%,$5.05B,$0.14B,2.71%,$5.05B,$0.08B,1.64%,$0.08B,$0.95B,9.18%,$0.08B,$0.70B,12.67%,$0.08B,$1.58B,5.43%,$0.14B,$0.95B,15.69%,$1388,$1143,$245,$0,$196,$1339,$49,$-1,$48,$19,$29,$29,$29,$59,$49,$49,49,$0.59,$0.59,$14,$640,$3,$1038,$276,$0,$248,$20,$544,$1582,$566,$1,$30,$69,$635,$0,$587,$4,$948,$1582,$66,$29,$11,$40,$-81,$-123,$30,$10,$-142,$-35,$-20,$0,$-3,$0,$0,$0,$0,$-23,$46,$5,$52,$5,$5,$0,$-1,$56,$-3,$9,$0
26,2012-01-31,44.05,$18.68,2.36,$100.06,0.44,$-4.48,0.0,$1.59,27.7,$1.00B,$0.57B,1.77,$0.00B,$0.91B,0.0,$4.87B,$0.87B,17.96%,$4.87B,$0.13B,2.71%,$4.87B,$0.13B,2.71%,$4.87B,$0.17B,3.49%,$4.87B,$0.13B,2.63%,$4.87B,$0.08B,1.58%,$0.08B,$0.91B,8.75%,$0.08B,$0.66B,12.22%,$0.08B,$1.55B,5.15%,$0.13B,$0.91B,14.80%,$1287,$1064,$223,$0,$186,$1249,$38,$-1,$36,$14,$22,$22,$22,$47,$38,$49,49,$0.45,$0.45,$27,$595,$3,$999,$278,$0,$249,$21,$548,$1547,$566,$1,$30,$69,$635,$0,$558,$2,$912,$1547,$37,$19,$8,$27,$-68,$-80,$14,$3,$-122,$-58,$-13,$0,$-2,$0,$0,$0,$0,$-15,$72,$9,$81,$3,$3,$0,$-1,$83,$10,$6,$0
27,2011-10-31,36.51,$18.20,2.01,$96.77,0.38,$-4.40,0.0,$1.53,23.86,$1.03B,$0.63B,1.65,$0.00B,$0.89B,0.0,$4.69B,$0.85B,18.11%,$4.69B,$0.13B,2.68%,$4.69B,$0.13B,2.68%,$4.69B,$0.16B,3.49%,$4.69B,$0.12B,2.62%,$4.69B,$0.07B,1.58%,$0.07B,$0.89B,8.65%,$0.07B,$0.64B,12.21%,$0.07B,$1.58B,5.08%,$0.13B,$0.89B,14.33%,$1217,$1000,$217,$0,$186,$1191,$26,$-1,$25,$10,$15,$15,$15,$36,$26,$49,49,$0.31,$0.31,$17,$649,$3,$1031,$282,$0,$248,$19,$550,$1581,$625,$1,$29,$68,$693,$0,$536,$2,$887,$1581,$15,$10,$4,$14,$-54,$-135,$53,$4,$-123,$-93,$-8,$0,$-0,$0,$0,$0,$0,$-8,$-1,$101,$100,$2,$2,$0,$-1,$101,$0,$4,$0
28,2011-07-31,41.75,$17.93,2.33,$95.21,0.44,$-3.24,0.0,$1.61,25.93,$0.84B,$0.46B,1.82,$0.00B,$0.87B,0.0,$4.53B,$0.83B,18.21%,$4.53B,$0.13B,2.87%,$4.53B,$0.13B,2.87%,$4.53B,$0.17B,3.66%,$4.53B,$0.13B,2.80%,$4.53B,$0.08B,1.68%,$0.08B,$0.87B,9.14%,$0.08B,$0.62B,13.08%,$0.08B,$1.40B,5.39%,$0.13B,$0.87B,15.01%,$1159,$943,$215,$0,$180,$1129,$29,$-1,$28,$11,$17,$17,$17,$38,$29,$47,48,$0.36,$0.34,$17,$515,$0,$844,$285,$0,$250,$21,$556,$1401,$463,$1,$28,$68,$531,$0,$521,$5,$870,$1401,$77,$35,$30,$65,$-40,$-66,$10,$-12,$-92,$50,$-41,$0,$-22,$0,$0,$0,$0,$-63,$-133,$2,$-131,$148,$148,$0,$-1,$16,$3,$9,$0
29,2011-04-30,42.69,$17.56,2.43,$93.74,0.46,$-3.17,0.0,$1.66,25.72,$0.90B,$0.51B,1.78,$0.05B,$0.85B,0.05,$4.36B,$0.79B,18.19%,$4.36B,$0.13B,2.91%,$4.36B,$0.13B,2.91%,$4.36B,$0.16B,3.72%,$4.36B,$0.13B,2.91%,$4.36B,$0.08B,1.77%,$0.08B,$0.85B,9.98%,$0.08B,$0.60B,14.67%,$0.08B,$1.45B,5.61%,$0.13B,$0.90B,15.52%,$1204,$985,$219,$0,$180,$1165,$39,$0,$39,$16,$23,$23,$23,$49,$39,$48,49,$0.48,$0.48,$24,$550,$0,$896,$283,$0,$251,$19,$556,$1452,$505,$45,$30,$96,$601,$0,$503,$6,$851,$1452,$59,$27,$7,$34,$-62,$-102,$26,$-0,$-126,$-33,$-24,$0,$-22,$0,$0,$0,$0,$-46,$-4,$-53,$-57,$148,$148,$0,$-1,$90,$11,$7,$0
30,2011-01-31,37.0,$16.88,2.19,$91.71,0.4,$-1.95,0.0,$1.63,22.7,$0.84B,$0.48B,1.75,$0.05B,$0.82B,0.06,$4.14B,$0.76B,18.26%,$4.14B,$0.12B,2.95%,$4.14B,$0.12B,2.95%,$4.14B,$0.15B,3.72%,$4.14B,$0.12B,2.90%,$4.14B,$0.07B,1.76%,$0.07B,$0.82B,10.28%,$0.07B,$0.57B,15.34%,$0.07B,$1.40B,5.61%,$0.12B,$0.86B,16.09%,$1114,$916,$199,$0,$167,$1083,$32,$-1,$31,$12,$19,$19,$19,$41,$32,$48,49,$0.39,$0.39,$17,$524,$0,$843,$280,$0,$250,$19,$551,$1395,$482,$46,$30,$97,$579,$0,$480,$1,$815,$1395,$36,$17,$5,$22,$-43,$-76,$12,$-1,$-110,$-52,$-14,$0,$-22,$0,$0,$0,$0,$-36,$-3,$-48,$-50,$143,$143,$0,$-2,$91,$3,$5,$0
31,2010-10-31,35.76,$16.39,2.18,$89.49,0.4,$-0.35,0.0,$1.60,22.35,$0.84B,$0.51B,1.67,$0.05B,$0.79B,0.06,$3.93B,$0.72B,18.45%,$3.93B,$0.12B,3.01%,$3.93B,$0.12B,3.01%,$3.93B,$0.15B,3.75%,$3.93B,$0.12B,2.93%,$3.93B,$0.07B,1.78%,$0.07B,$0.79B,10.74%,$0.07B,$0.54B,16.33%,$0.07B,$1.39B,5.70%,$0.12B,$0.84B,16.84%,$1053,$861,$192,$0,$163,$1023,$30,$-1,$29,$11,$17,$17,$17,$38,$30,$45,45,$0.39,$0.39,$11,$537,$0,$843,$281,$0,$250,$18,$551,$1394,$506,$47,$29,$97,$604,$0,$461,$-0,$790,$1394,$17,$8,$3,$11,$-37,$-90,$51,$2,$-61,$-33,$-8,$0,$-22,$0,$0,$0,$0,$-29,$-1,$-78,$-79,$140,$140,$0,$-2,$59,$-3,$3,$0
32,2010-07-31,33.73,$14.48,2.33,$86.62,0.39,$0.73,46.29,$1.57,21.48,$0.72B,$0.52B,1.37,$0.05B,$0.63B,0.08,$3.76B,$0.70B,18.55%,$3.76B,$0.12B,3.06%,$3.76B,$0.12B,3.06%,$3.76B,$0.14B,3.81%,$3.76B,$0.11B,2.98%,$3.76B,$0.07B,1.84%,$0.07B,$0.63B,11.61%,$0.07B,$0.39B,17.99%,$0.07B,$1.25B,5.94%,$0.12B,$0.68B,17.83%,$988,$805,$183,$0,$157,$962,$26,$1,$28,$10,$18,$18,$18,$34,$26,$43,43,$0.41,$0.40,$14,$440,$0,$716,$279,$0,$237,$18,$535,$1251,$522,$48,$29,$98,$620,$0,$444,$-1,$630,$1251,$68,$27,$10,$37,$-22,$-56,$32,$-3,$-39,$66,$-55,$0,$-64,$0,$0,$0,$0,$-119,$-5,$53,$47,$8,$8,$0,$0,$56,$4,$8,$0
33,2010-04-30,30.71,$13.99,2.2,$83.71,0.37,$2.24,13.71,$1.53,20.07,$0.69B,$0.48B,1.46,$0.05B,$0.61B,0.08,$3.62B,$0.68B,18.66%,$3.62B,$0.12B,3.26%,$3.62B,$0.12B,3.26%,$3.62B,$0.14B,3.98%,$3.62B,$0.11B,3.06%,$3.62B,$0.07B,1.85%,$0.07B,$0.61B,11.69%,$0.07B,$0.40B,18.07%,$0.07B,$1.17B,6.02%,$0.12B,$0.66B,18.89%,$986,$803,$182,$0,$149,$952,$34,$-1,$32,$13,$19,$19,$19,$41,$34,$43,44,$0.45,$0.45,$10,$439,$0,$693,$255,$0,$201,$18,$475,$1168,$476,$50,$24,$87,$563,$0,$428,$-1,$605,$1168,$51,$20,$7,$27,$-33,$-72,$38,$4,$-45,$33,$-31,$0,$-0,$0,$0,$0,$0,$-31,$-4,$-1,$-5,$4,$4,$0,$-1,$-3,$-1,$7,$0
34,2010-01-31,27.11,$13.44,2.02,$81.78,0.33,$2.54,10.66,$1.47,18.44,$0.64B,$0.43B,1.47,$0.05B,$0.58B,0.09,$3.53B,$0.66B,18.80%,$3.53B,$0.11B,3.23%,$3.53B,$0.11B,3.23%,$3.53B,$0.14B,3.97%,$3.53B,$0.11B,3.06%,$3.53B,$0.07B,1.84%,$0.07B,$0.58B,11.74%,$0.07B,$0.38B,18.57%,$0.07B,$1.10B,5.90%,$0.11B,$0.63B,18.79%,$898,$732,$167,$0,$139,$871,$28,$-2,$26,$10,$16,$16,$16,$34,$28,$43,43,$0.36,$0.36,$8,$394,$0,$635,$246,$0,$202,$18,$467,$1102,$432,$51,$25,$89,$521,$0,$409,$-2,$581,$1102,$31,$13,$4,$17,$-19,$-27,$20,$3,$-23,$26,$-16,$0,$-0,$0,$0,$0,$0,$-16,$-3,$-11,$-13,$2,$2,$0,$-1,$-12,$-2,$4,$0
35,2009-10-31,24.11,$13.04,1.85,$80.80,0.3,$2.29,10.51,$1.43,16.86,$0.66B,$0.48B,1.38,$0.05B,$0.56B,0.09,$3.48B,$0.66B,18.93%,$3.48B,$0.11B,3.22%,$3.48B,$0.11B,3.22%,$3.48B,$0.14B,4.00%,$3.48B,$0.11B,3.02%,$3.48B,$0.06B,1.81%,$0.06B,$0.56B,11.76%,$0.06B,$0.36B,19.02%,$0.06B,$1.13B,5.69%,$0.11B,$0.61B,18.98%,$885,$720,$165,$0,$137,$858,$27,$-1,$26,$10,$16,$16,$16,$34,$27,$43,43,$0.36,$0.36,$15,$413,$0,$657,$246,$0,$202,$19,$469,$1126,$475,$53,$25,$90,$564,$0,$393,$-2,$562,$1126,$16,$7,$3,$9,$-19,$-46,$37,$5,$-7,$17,$-10,$0,$0,$0,$0,$0,$0,$-10,$-1,$-1,$-3,$0,$0,$0,$-1,$-3,$5,$2,$0
36,2009-07-31,27.03,$12.66,2.14,$80.46,0.34,$1.12,24.1,$1.38,19.59,$0.59B,$0.42B,1.4,$0.05B,$0.54B,0.1,$3.46B,$0.66B,19.13%,$3.46B,$0.11B,3.18%,$3.46B,$0.11B,3.18%,$3.46B,$0.14B,3.94%,$3.46B,$0.10B,2.92%,$3.46B,$0.06B,1.74%,$0.06B,$0.54B,11.56%,$0.06B,$0.34B,19.11%,$0.06B,$1.06B,5.37%,$0.11B,$0.60B,19.13%,$853,$691,$162,$0,$133,$825,$29,$-1,$27,$12,$16,$16,$16,$35,$29,$43,43,$0.36,$0.36,$10,$367,$0,$593,$242,$0,$203,$19,$466,$1059,$424,$54,$24,$91,$514,$0,$377,$-2,$544,$1059,$59,$27,$11,$38,$-4,$30,$-14,$-3,$12,$108,$-32,$0,$-4,$0,$0,$0,$0,$-37,$-5,$-83,$-87,$2,$2,$0,$-1,$-87,$-15,$6,$0
37,2009-04-30,22.78,$12.29,1.85,$81.88,0.28,$-1.63,0.0,$1.32,17.26,$0.65B,$0.50B,1.3,$0.06B,$0.53B,0.1,$3.51B,$0.68B,19.27%,$3.51B,$0.11B,2.99%,$3.51B,$0.11B,2.99%,$3.51B,$0.13B,3.76%,$3.51B,$0.09B,2.68%,$3.51B,$0.06B,1.62%,$0.06B,$0.53B,11.33%,$0.06B,$0.32B,19.16%,$0.06B,$1.12B,5.08%,$0.11B,$0.58B,18.74%,$890,$721,$169,$0,$138,$859,$30,$-2,$29,$12,$17,$17,$17,$37,$30,$43,43,$0.39,$0.39,$7,$418,$0,$652,$241,$0,$206,$19,$469,$1121,$503,$55,$24,$90,$593,$0,$362,$-2,$528,$1121,$44,$20,$8,$29,$-21,$-21,$-1,$-1,$-32,$41,$-25,$0,$-4,$0,$0,$0,$0,$-30,$-4,$-25,$-29,$1,$1,$0,$-1,$-29,$-19,$5,$0
38,2009-01-31,15.54,$11.86,1.31,$81.87,0.19,$-3.53,0.0,$1.23,12.63,$0.66B,$0.52B,1.26,$0.06B,$0.51B,0.11,$3.51B,$0.67B,19.20%,$3.51B,$0.10B,2.85%,$3.51B,$0.10B,2.85%,$3.51B,$0.13B,3.56%,$3.51B,$0.09B,2.45%,$3.51B,$0.05B,1.51%,$0.05B,$0.51B,10.87%,$0.05B,$0.30B,18.86%,$0.05B,$1.12B,4.76%,$0.10B,$0.57B,18.32%,$848,$686,$162,$0,$136,$822,$26,$-3,$23,$9,$14,$14,$14,$33,$26,$43,43,$0.32,$0.32,$25,$407,$0,$657,$239,$0,$207,$19,$467,$1124,$523,$56,$25,$91,$614,$0,$345,$-2,$509,$1124,$27,$13,$5,$18,$-15,$-10,$-9,$-3,$-29,$17,$-17,$0,$-4,$0,$0,$0,$0,$-21,$-2,$6,$4,$1,$1,$0,$-0,$4,$-1,$3,$0
39,2008-10-31,22.34,$11.55,1.93,$81.48,0.27,$-4.93,0.0,$1.12,19.95,$0.70B,$0.58B,1.21,$0.06B,$0.50B,0.12,$3.49B,$0.67B,19.09%,$3.49B,$0.09B,2.69%,$3.49B,$0.09B,2.69%,$3.49B,$0.12B,3.35%,$3.49B,$0.08B,2.23%,$3.49B,$0.05B,1.37%,$0.05B,$0.50B,10.15%,$0.05B,$0.29B,18.06%,$0.05B,$1.16B,4.37%,$0.09B,$0.55B,17.64%,$864,$697,$168,$0,$143,$839,$25,$-3,$22,$9,$13,$13,$13,$31,$25,$43,43,$0.31,$0.31,$7,$469,$0,$695,$240,$0,$205,$19,$466,$1162,$577,$58,$21,$89,$666,$0,$332,$-1,$495,$1162,$13,$6,$3,$9,$-13,$-74,$21,$4,$-53,$-31,$-11,$0,$-0,$0,$0,$0,$0,$-12,$-1,$25,$24,$1,$1,$0,$0,$25,$-18,$2,$0
40,2008-07-31,19.22,$11.20,1.72,$78.54,0.24,$-4.67,0.0,$1.13,17.01,$0.63B,$0.52B,1.22,$0.06B,$0.48B,0.12,$3.37B,$0.63B,18.84%,$3.37B,$0.09B,2.76%,$3.37B,$0.09B,2.76%,$3.37B,$0.12B,3.42%,$3.37B,$0.08B,2.29%,$3.37B,$0.05B,1.46%,$0.05B,$0.48B,10.66%,$0.05B,$0.28B,17.42%,$0.05B,$1.08B,4.76%,$0.09B,$0.54B,17.86%,$912,$734,$178,$0,$154,$888,$24,$-3,$20,$8,$13,$13,$13,$31,$24,$43,43,$0.31,$0.30,$25,$394,$0,$628,$234,$0,$204,$16,$457,$1084,$517,$58,$20,$88,$604,$0,$318,$-1,$480,$1084,$48,$23,$9,$32,$-8,$-58,$-8,$-6,$-71,$9,$-51,$0,$-108,$0,$0,$0,$0,$-159,$-8,$167,$158,$1,$1,$0,$-2,$158,$8,$5,$0
41,2008-04-30,19.8,$10.86,1.82,$73.78,0.27,$-3.83,0.0,$1.14,17.37,$0.64B,$0.55B,1.17,$0.06B,$0.47B,0.13,$3.16B,$0.59B,18.60%,$3.16B,$0.09B,2.94%,$3.16B,$0.09B,2.94%,$3.16B,$0.11B,3.54%,$3.16B,$0.08B,2.50%,$3.16B,$0.05B,1.55%,$0.05B,$0.47B,10.98%,$0.05B,$0.26B,16.51%,$0.05B,$1.09B,5.11%,$0.09B,$0.53B,18.27%,$887,$721,$166,$0,$141,$862,$25,$-4,$21,$8,$13,$13,$13,$30,$25,$43,43,$0.30,$0.30,$19,$414,$0,$642,$219,$0,$211,$10,$443,$1085,$547,$60,$10,$72,$619,$0,$305,$-1,$466,$1085,$36,$16,$5,$21,$-15,$-77,$2,$0,$-91,$-34,$-32,$0,$-108,$0,$0,$0,$0,$-140,$-8,$184,$177,$1,$1,$0,$-1,$177,$2,$4,$0
42,2008-01-31,23.98,$10.47,2.29,$70.16,0.34,$-2.34,0.0,$1.16,20.67,$0.63B,$0.54B,1.17,$0.06B,$0.45B,0.14,$3.01B,$0.55B,18.36%,$3.01B,$0.09B,3.09%,$3.01B,$0.09B,3.09%,$3.01B,$0.11B,3.72%,$3.01B,$0.08B,2.66%,$3.01B,$0.05B,1.66%,$0.05B,$0.45B,11.55%,$0.05B,$0.24B,15.89%,$0.05B,$1.07B,5.67%,$0.09B,$0.51B,18.69%,$831,$676,$155,$0,$135,$811,$20,$-5,$15,$6,$9,$9,$9,$25,$20,$43,43,$0.21,$0.21,$25,$394,$0,$631,$211,$0,$209,$10,$434,$1065,$541,$61,$10,$73,$613,$0,$292,$-1,$451,$1065,$23,$10,$4,$14,$-14,$-57,$-3,$-6,$-75,$-39,$-21,$0,$-107,$0,$0,$0,$0,$-129,$-6,$181,$175,$1,$1,$0,$0,$176,$8,$2,$0
43,2007-10-31,28.94,$10.25,2.82,$66.40,0.44,$-1.37,0.0,$1.20,24.12,$0.59B,$0.37B,1.6,$0.06B,$0.44B,0.14,$2.85B,$0.52B,18.31%,$2.85B,$0.09B,3.30%,$2.85B,$0.09B,3.30%,$2.85B,$0.11B,3.97%,$2.85B,$0.08B,2.92%,$2.85B,$0.05B,1.83%,$0.05B,$0.44B,12.40%,$0.05B,$0.35B,15.57%,$0.05B,$0.89B,6.47%,$0.09B,$0.51B,19.37%,$736,$601,$135,$0,$111,$712,$24,$-3,$21,$8,$14,$14,$14,$29,$24,$43,43,$0.32,$0.32,$19,$365,$6,$592,$193,$0,$89,$9,$293,$885,$370,$63,$1,$74,$444,$0,$283,$-0,$441,$885,$14,$5,$1,$6,$-14,$-52,$30,$-2,$-38,$-19,$-13,$0,$-1,$-5,$0,$-5,$0,$-18,$-2,$41,$40,$0,$0,$0,$0,$40,$2,$1,$0
44,2007-07-31,27.23,$9.97,2.73,$64.38,0.42,$-1.15,0.0,$1.17,23.27,$0.52B,$0.30B,1.73,$0.07B,$0.43B,0.15,$2.76B,$0.51B,18.51%,$2.76B,$0.09B,3.38%,$2.76B,$0.09B,3.38%,$2.76B,$0.11B,4.07%,$2.76B,$0.08B,2.98%,$2.76B,$0.05B,1.81%,$0.05B,$0.43B,12.39%,$0.05B,$0.34B,15.58%,$0.05B,$0.80B,6.48%,$0.09B,$0.49B,19.77%,$707,$575,$132,$0,$108,$683,$24,$-2,$22,$8,$13,$13,$13,$28,$24,$42,43,$0.31,$0.31,$17,$312,$6,$515,$185,$0,$88,$10,$286,$801,$299,$65,$1,$75,$374,$0,$270,$0,$427,$801,$50,$18,$10,$28,$-10,$-53,$28,$-6,$-43,$36,$-41,$0,$-9,$0,$0,$0,$-1,$-52,$4,$-0,$3,$7,$7,$0,$3,$13,$-3,$4,$0
45,2007-04-30,31.19,$9.63,3.24,$62.51,0.5,$-0.87,0.0,$1.16,26.89,$0.51B,$0.29B,1.78,$0.07B,$0.41B,0.16,$2.67B,$0.50B,18.63%,$2.67B,$0.09B,3.41%,$2.67B,$0.09B,3.41%,$2.67B,$0.11B,4.16%,$2.67B,$0.08B,3.00%,$2.67B,$0.05B,1.87%,$0.05B,$0.41B,12.90%,$0.05B,$0.33B,16.25%,$0.05B,$0.78B,6.69%,$0.09B,$0.48B,20.08%,$733,$603,$130,$0,$105,$707,$25,$-3,$22,$9,$14,$14,$14,$30,$25,$43,43,$0.32,$0.32,$21,$302,$0,$511,$163,$0,$86,$15,$267,$778,$288,$68,$1,$77,$365,$0,$257,$-0,$412,$778,$37,$14,$7,$21,$-21,$-43,$26,$-5,$-45,$12,$-15,$0,$-6,$0,$0,$0,$-1,$-23,$6,$-5,$1,$7,$7,$0,$3,$11,$0,$3,$0
46,2007-01-31,33.04,$9.28,3.56,$60.44,0.55,$-0.85,0.0,$1.13,29.24,$0.50B,$0.28B,1.79,$0.07B,$0.40B,0.17,$2.57B,$0.49B,18.93%,$2.57B,$0.09B,3.46%,$2.57B,$0.09B,3.46%,$2.57B,$0.11B,4.20%,$2.57B,$0.08B,3.03%,$2.57B,$0.05B,1.87%,$0.05B,$0.40B,12.91%,$0.05B,$0.32B,16.33%,$0.05B,$0.75B,6.60%,$0.09B,$0.46B,20.42%,$669,$544,$124,$0,$102,$647,$21,$-4,$18,$7,$11,$11,$11,$26,$21,$42,43,$0.26,$0.25,$17,$289,$0,$500,$161,$0,$78,$10,$253,$752,$279,$67,$1,$76,$356,$0,$243,$-0,$397,$752,$23,$9,$6,$15,$-16,$-32,$12,$-11,$-48,$-10,$-9,$0,$0,$0,$0,$0,$-1,$-10,$7,$0,$7,$7,$7,$0,$3,$17,$-3,$2,$0
47,2006-10-31,34.9,$8.92,3.91,$59.16,0.59,$-0.62,0.0,$1.13,30.88,$0.50B,$0.30B,1.68,$0.07B,$0.38B,0.18,$2.50B,$0.48B,19.13%,$2.50B,$0.09B,3.51%,$2.50B,$0.09B,3.51%,$2.50B,$0.11B,4.23%,$2.50B,$0.08B,3.08%,$2.50B,$0.05B,1.92%,$0.05B,$0.38B,13.61%,$0.05B,$0.30B,17.41%,$0.05B,$0.75B,6.66%,$0.09B,$0.45B,21.18%,$646,$523,$124,$0,$100,$623,$23,$-3,$20,$8,$12,$12,$12,$28,$23,$42,43,$0.29,$0.29,$8,$300,$0,$500,$164,$0,$78,$10,$254,$754,$299,$68,$1,$77,$376,$0,$232,$-1,$378,$754,$12,$5,$2,$6,$-17,$-43,$31,$-6,$-36,$-17,$-5,$0,$-0,$0,$0,$0,$0,$-5,$9,$-1,$7,$2,$2,$0,$1,$10,$-12,$1,$0
