,Date,Stock Price,Book Value per Share,Price to Book Ratio,TTM Sales per Share,Price to Sales Ratio,TTM FCF per Share,Price to FCF Ratio,TTM Net EPS,PE Ratio,Current Assets,Current Liabilities,Current Ratio,Long Term Debt,Shareholder's Equity_x,Debt to Equity Ratio,TTM Revenue_x,TTM Gross Profit,Gross Margin,TTM Revenue_y,TTM Operating Income,Operating Margin,TTM Revenue_x,TTM EBIT,EBIT Margin,TTM Revenue_y,TTM EBITDA,EBITDA Margin,TTM Revenue_x,TTM Pre-Tax Income,Pre-Tax Margin,TTM Revenue_y,TTM Net Income_x,Net Margin,TTM Net Income_y,Shareholder's Equity_y,Return on Equity,TTM Net Income_x,Tangible Equity,Return on Tangible Equity,TTM Net Income_y,Total Assets,Return on Assets,TTM Net Income,LT Investments & Debt,Return on Investment,revenue,cost-goods-sold,gross-profit,research-development-expenses,selling-general-administrative-expenses,operating-expenses,operating-income,total-non-operating-income-expense,pre-tax-income,total-provision-income-taxes,income-after-taxes,income-from-continuous-operations,net-income,ebitda,ebit,basic-shares-outstanding,shares-outstanding,eps-basic-net-earnings-per-share,eps-earnings-per-share-diluted,cash-on-hand,inventory,other-current-assets,total-current-assets,net-property-plant-equipment,long-term-investments,goodwill-intangible-assets-total,other-long-term-assets,total-long-term-assets,total-assets,total-current-liabilities,long-term-debt,other-non-current-liabilities,total-long-term-liabilities,total-liabilities,common-stock-net,retained-earnings-accumulated-deficit,comprehensive-income,total-share-holder-equity,total-liabilities-share-holders-equity,net-income-loss,total-depreciation-amortization-cash-flow,other-non-cash-items,total-non-cash-items,change-in-accounts-receivable,change-in-inventories,change-in-accounts-payable,change-in-assets-liabilities,total-change-in-assets-liabilities,cash-flow-from-operating-activities,net-change-in-property-plant-equipment,net-change-in-intangible-assets,net-acquisitions-divestitures,net-change-in-short-term-investments,net-change-in-long-term-investments,net-change-in-investments-total,investing-activities-other,cash-flow-from-investing-activities,net-long-term-debt,net-current-debt,debt-issuance-retirement-net-total,net-common-equity-issued-repurchased,net-total-equity-issued-repurchased,total-common-preferred-stock-dividends-paid,financial-activities-other,cash-flow-from-financial-activities,net-cash-flow,stock-based-compensation,common-stock-dividends-paid
0,2018-09-30,162.83,$27.99,5.82,$29.25,5.57,$15.01,10.85,$15.06,10.81,$4.82B,$4.53B,1.06,$20.94B,$20.65B,1.01,$22.53B,$12.58B,55.87%,$22.53B,$8.51B,37.78%,$22.53B,$8.51B,37.78%,$22.53B,$10.68B,47.40%,$22.53B,$7.82B,34.70%,$22.53B,$11.69B,51.90%,$11.69B,$20.65B,52.07%,$11.69B,$20.65B,52.07%,$11.69B,$59.31B,20.02%,$8.51B,$41.59B,20.76%,$5928,$2553,$3375,$0,$0,$3659,$2269,$-193,$2076,$483,$1593,$1593,$1593,$2816,$2269,$737,741,$2.16,$2.15,$1900,$789,$335,$4816,$52210,$1887,$0,$399,$54496,$59312,$4529,$20943,$1925,$34138,$38667,$2779,$44313,$-1392,$20645,$59312,$4412,$1636,$312,$1948,$-299,$-40,$0,$-65,$-354,$6374,$-2428,$0,$0,$0,$0,$0,$-6,$-2434,$5185,$195,$5380,$-7024,$-7024,$-1716,$-45,$-3405,$535,$0,$-1716
1,2018-06-30,141.68,$26.92,5.26,$28.03,5.05,$13.47,10.52,$14.41,9.83,$4.49B,$4.37B,1.03,$21.36B,$19.91B,1.07,$22.01B,$12.32B,55.96%,$22.01B,$8.31B,37.78%,$22.01B,$8.31B,37.78%,$22.01B,$10.46B,47.54%,$22.01B,$7.72B,35.10%,$22.01B,$11.29B,51.31%,$11.29B,$19.91B,51.15%,$11.29B,$19.91B,51.15%,$11.29B,$58.69B,19.49%,$8.31B,$41.27B,21.12%,$5672,$2514,$3158,$0,$0,$3573,$2099,$-161,$1938,$429,$1509,$1509,$1509,$2645,$2099,$761,764,$1.98,$1.98,$1694,$772,$394,$4494,$51947,$1856,$0,$392,$54195,$58689,$4372,$21357,$1942,$34408,$38780,$2779,$43311,$-1428,$19909,$58689,$2819,$1089,$204,$1293,$-141,$-23,$0,$-107,$-382,$4033,$-1583,$0,$0,$0,$0,$0,$-42,$-1625,$5597,$196,$5793,$-6693,$-6693,$-1125,$-54,$-2079,$329,$0,$-1125
2,2018-03-31,133.76,$31.57,4.24,$27.11,4.93,$12.66,10.56,$13.88,9.64,$3.90B,$4.75B,0.82,$15.70B,$24.39B,0.64,$21.58B,$12.17B,56.40%,$21.58B,$8.21B,38.05%,$21.58B,$8.21B,38.05%,$21.58B,$10.34B,47.91%,$21.58B,$7.66B,35.47%,$21.58B,$10.95B,50.73%,$10.95B,$24.39B,49.77%,$10.95B,$24.39B,49.77%,$10.95B,$57.79B,19.09%,$8.21B,$40.09B,21.75%,$5475,$2461,$3014,$0,$0,$3536,$1939,$-228,$1711,$401,$1310,$1310,$1310,$2482,$1939,$776,780,$1.69,$1.68,$1138,$808,$380,$3897,$51696,$1810,$0,$386,$53892,$57789,$4746,$15697,$1907,$28654,$33400,$2779,$42359,$-1422,$24389,$57789,$1310,$543,$112,$655,$-78,$-59,$0,$-112,$-403,$1901,$-898,$0,$0,$0,$0,$0,$-21,$-919,$549,$0,$549,$-1166,$-1166,$-568,$-24,$-1209,$-227,$0,$-568
3,2017-12-31,132.71,$31.83,4.17,$26.38,5.03,$12.71,10.44,$13.52,9.82,$4.01B,$3.94B,1.02,$16.14B,$24.86B,0.65,$21.24B,$12.00B,56.51%,$21.24B,$8.06B,37.95%,$21.24B,$8.06B,37.95%,$21.24B,$10.17B,47.86%,$21.24B,$7.63B,35.93%,$21.24B,$10.71B,50.43%,$10.71B,$24.86B,51.41%,$10.71B,$24.86B,51.41%,$10.71B,$57.81B,18.83%,$8.06B,$41.00B,22.24%,$5450,$2413,$3037,$0,$0,$3248,$2202,$-110,$2092,$-5186,$7278,$7278,$7278,$2734,$2202,$798,802,$9.15,$9.09,$1365,$749,$399,$4006,$51605,$1809,$0,$386,$53800,$57806,$3939,$16144,$1931,$29011,$32950,$2778,$41317,$-1141,$24856,$57806,$10712,$2105,$-5178,$-3073,$-235,$-32,$0,$9,$-127,$7230,$-3070,$0,$0,$-30,$0,$-30,$14,$-3086,$1895,$0,$1895,$-4013,$-4013,$-1982,$-46,$-4146,$-2,$0,$-1982
4,2017-09-30,114.15,$24.25,4.71,$25.77,4.43,$12.49,9.14,$5.66,20.17,$4.45B,$3.83B,1.16,$15.93B,$19.15B,0.83,$20.96B,$11.96B,57.08%,$20.96B,$7.82B,37.33%,$20.96B,$7.82B,37.33%,$20.96B,$9.92B,47.32%,$20.96B,$7.37B,35.17%,$20.96B,$4.58B,21.84%,$4.58B,$19.15B,23.35%,$4.58B,$19.15B,23.35%,$4.58B,$57.40B,8.12%,$7.82B,$35.08B,22.66%,$5408,$2302,$3106,$0,$0,$3335,$2073,$-90,$1983,$789,$1194,$1194,$1194,$2601,$2073,$795,798,$1.50,$1.50,$1937,$742,$342,$4449,$51036,$1566,$0,$346,$52948,$57397,$3831,$15930,$1961,$34415,$38246,$2778,$34561,$-1172,$19151,$57397,$3434,$1573,$514,$2087,$-170,$-25,$0,$-58,$-208,$5398,$-2379,$0,$0,$-30,$0,$-30,$149,$-2260,$1814,$0,$1814,$-2882,$-2882,$-1460,$-40,$-2568,$570,$0,$-1460
5,2017-06-30,106.59,$24.47,4.36,$25.21,4.23,$12.29,8.68,$5.52,19.31,$3.87B,$3.41B,1.14,$15.23B,$19.62B,0.78,$20.72B,$11.88B,57.33%,$20.72B,$7.71B,37.21%,$20.72B,$7.71B,37.21%,$20.72B,$9.79B,47.23%,$20.72B,$7.19B,34.71%,$20.72B,$4.52B,21.79%,$4.52B,$19.62B,22.70%,$4.52B,$19.62B,22.70%,$4.52B,$56.48B,8.05%,$7.71B,$34.84B,22.26%,$5250,$2235,$3015,$0,$0,$3252,$1998,$-129,$1869,$701,$1168,$1168,$1168,$2523,$1998,$804,807,$1.45,$1.45,$1376,$726,$410,$3869,$50814,$1504,$0,$291,$52609,$56478,$3406,$15229,$1899,$33457,$36863,$2778,$33847,$-1221,$19615,$56478,$2240,$1045,$298,$1343,$-99,$-9,$0,$-114,$-243,$3459,$-1519,$0,$0,$-30,$0,$-30,$-15,$-1564,$742,$0,$742,$-1611,$-1611,$-980,$-37,$-1886,$9,$0,$-980
6,2017-03-31,103.1,$24.37,4.23,$24.38,4.23,$12.19,8.46,$5.24,19.67,$3.59B,$3.85B,0.93,$14.31B,$19.72B,0.73,$20.24B,$11.56B,57.11%,$20.24B,$7.37B,36.42%,$20.24B,$7.37B,36.42%,$20.24B,$9.43B,46.58%,$20.24B,$6.89B,34.02%,$20.24B,$4.33B,21.37%,$4.33B,$19.72B,21.53%,$4.33B,$19.72B,21.53%,$4.33B,$55.90B,7.74%,$7.37B,$34.03B,21.23%,$5132,$2288,$2844,$0,$0,$3344,$1788,$-100,$1688,$616,$1072,$1072,$1072,$2308,$1788,$812,815,$1.32,$1.32,$1139,$760,$410,$3588,$50550,$1480,$0,$282,$52312,$55900,$3848,$14310,$1862,$32329,$36177,$2779,$33167,$-1252,$19723,$55900,$1072,$520,$145,$665,$-21,$-43,$0,$-132,$52,$1883,$-794,$0,$0,$-30,$0,$-30,$-19,$-843,$16,$0,$16,$-759,$-759,$-492,$-33,$-1268,$-228,$0,$-492
7,2016-12-31,100.35,$24.43,4.11,$23.78,4.22,$12.60,7.96,$5.08,19.75,$3.60B,$3.64B,0.99,$14.25B,$19.93B,0.72,$19.94B,$11.44B,57.39%,$19.94B,$7.27B,36.47%,$19.94B,$7.27B,36.47%,$19.94B,$9.31B,46.69%,$19.94B,$6.77B,33.93%,$19.94B,$4.23B,21.23%,$4.23B,$19.93B,20.87%,$4.23B,$19.93B,20.87%,$4.23B,$55.72B,7.58%,$7.27B,$34.18B,20.76%,$5168,$2170,$2998,$0,$0,$3203,$1965,$-134,$1831,$687,$1144,$1144,$1144,$2485,$1965,$832,835,$1.40,$1.38,$1337,$717,$284,$3596,$50389,$1457,$0,$276,$52122,$55718,$3640,$14249,$1901,$32146,$35786,$2777,$32587,$-1272,$19932,$55718,$4233,$2038,$737,$2775,$98,$19,$0,$22,$745,$7525,$-3376,$0,$0,$-60,$0,$-60,$43,$-3393,$779,$0,$779,$-3105,$-3105,$-1879,$-41,$-4246,$-114,$0,$-1879
8,2016-09-30,93.84,$24.58,3.82,$23.59,3.98,$11.03,8.51,$5.00,18.77,$4.60B,$3.26B,1.41,$15.21B,$20.28B,0.75,$19.98B,$11.42B,57.16%,$19.98B,$7.23B,36.16%,$19.98B,$7.23B,36.16%,$19.98B,$9.26B,46.34%,$19.98B,$6.72B,33.62%,$19.98B,$4.21B,21.05%,$4.21B,$20.28B,20.55%,$4.21B,$20.28B,20.55%,$4.21B,$56.31B,7.57%,$7.23B,$35.49B,20.60%,$5174,$2149,$3025,$0,$0,$3214,$1960,$-155,$1805,$674,$1131,$1131,$1131,$2472,$1960,$829,832,$1.36,$1.36,$2239,$690,$322,$4602,$49939,$1446,$0,$318,$51703,$56305,$3257,$15205,$1785,$32764,$36021,$2777,$31940,$-1185,$20284,$56305,$3089,$1518,$519,$2037,$5,$46,$0,$-15,$609,$5467,$-2488,$0,$0,$-330,$0,$-330,$-1,$-2819,$1402,$0,$1402,$-2100,$-2100,$-1382,$-50,$-2130,$518,$0,$-1382
9,2016-06-30,83.47,$24.48,3.41,$23.80,3.51,$10.33,8.08,$5.14,16.24,$4.57B,$3.10B,1.48,$14.78B,$20.42B,0.72,$20.37B,$11.62B,57.04%,$20.37B,$7.47B,36.69%,$20.37B,$7.47B,36.69%,$20.37B,$9.50B,46.65%,$20.37B,$6.99B,34.33%,$20.37B,$4.38B,21.48%,$4.38B,$20.42B,21.29%,$4.38B,$20.42B,21.29%,$4.38B,$55.69B,7.96%,$7.47B,$35.20B,21.63%,$4770,$2076,$2694,$0,$0,$3110,$1660,$-96,$1564,$585,$979,$979,$979,$2164,$1660,$837,840,$1.17,$1.17,$2160,$660,$373,$4566,$49461,$1408,$0,$255,$51124,$55690,$3095,$14777,$1803,$32173,$35268,$2778,$31266,$-1198,$20422,$55690,$1958,$1006,$349,$1355,$-17,$76,$0,$-56,$402,$3525,$-1590,$0,$0,$-330,$0,$-330,$82,$-1838,$979,$0,$979,$-1252,$-1252,$-925,$-50,$-1248,$439,$0,$-925
10,2016-03-31,75.6,$24.35,3.1,$24.32,3.11,$10.01,7.55,$5.35,14.13,$5.08B,$3.29B,1.55,$14.79B,$20.48B,0.72,$21.03B,$11.91B,56.62%,$21.03B,$7.76B,36.91%,$21.03B,$7.76B,36.91%,$21.03B,$9.79B,46.53%,$21.03B,$7.37B,35.03%,$21.03B,$4.60B,21.88%,$4.60B,$20.48B,22.23%,$4.60B,$20.48B,22.23%,$4.60B,$55.77B,8.43%,$7.76B,$35.27B,22.68%,$4829,$2102,$2727,$0,$0,$3142,$1687,$-121,$1566,$587,$979,$979,$979,$2189,$1687,$844,847,$1.16,$1.16,$2673,$716,$339,$5083,$49071,$1404,$0,$214,$50689,$55772,$3287,$14791,$1815,$32010,$35297,$2778,$30747,$-1208,$20475,$55772,$979,$502,$169,$671,$1,$20,$0,$-37,$597,$2173,$-687,$0,$0,$0,$0,$0,$15,$-672,$996,$0,$996,$-706,$-706,$-465,$-44,$-219,$1282,$0,$-465
11,2015-12-31,73.8,$24.38,3.03,$24.98,2.95,$9.38,7.87,$5.49,13.44,$4.13B,$3.21B,1.29,$13.61B,$20.70B,0.66,$21.81B,$12.22B,56.01%,$21.81B,$8.05B,36.91%,$21.81B,$8.05B,36.91%,$21.81B,$10.06B,46.14%,$21.81B,$7.66B,35.10%,$21.81B,$4.77B,21.88%,$4.77B,$20.70B,22.90%,$4.77B,$20.70B,22.90%,$4.77B,$54.60B,8.85%,$8.05B,$34.31B,23.94%,$5208,$2233,$2975,$0,$0,$3290,$1918,$-136,$1782,$665,$1117,$1117,$1117,$2435,$1918,$866,869,$1.31,$1.31,$1391,$736,$647,$4130,$48866,$1410,$0,$194,$50470,$54600,$3206,$13607,$1844,$30692,$33898,$2776,$30233,$-1195,$20702,$54600,$4772,$2012,$621,$2633,$255,$-24,$0,$-47,$-177,$7344,$-4399,$0,$0,$0,$0,$0,$-77,$-4476,$2772,$0,$2772,$-3465,$-3465,$-2344,$-26,$-3063,$-195,$0,$-2344
12,2015-09-30,82.9,$24.07,3.44,$25.81,3.21,$9.52,8.71,$5.79,14.32,$3.94B,$3.51B,1.12,$12.80B,$20.60B,0.62,$22.76B,$12.63B,55.49%,$22.76B,$8.51B,37.38%,$22.76B,$8.51B,37.38%,$22.76B,$10.49B,46.10%,$22.76B,$8.17B,35.91%,$22.76B,$5.09B,22.35%,$5.09B,$20.60B,24.27%,$5.09B,$20.60B,24.27%,$5.09B,$53.76B,9.53%,$8.51B,$33.40B,25.71%,$5562,$2340,$3222,$0,$0,$3354,$2208,$-127,$2081,$781,$1300,$1300,$1300,$2715,$2208,$863,866,$1.51,$1.50,$1078,$741,$397,$3942,$48149,$1373,$0,$299,$49821,$53763,$3508,$12798,$1796,$29656,$33164,$2776,$29583,$-1212,$20599,$53763,$3655,$1495,$217,$1712,$103,$-29,$0,$-130,$291,$5625,$-3132,$0,$0,$0,$0,$0,$-118,$-3250,$1807,$0,$1807,$-2795,$-2795,$-1877,$-18,$-2883,$-508,$0,$-1877
13,2015-06-30,88.86,$24.14,3.68,$26.28,3.38,$9.08,9.79,$5.82,15.27,$4.98B,$3.41B,1.46,$12.91B,$20.99B,0.62,$23.38B,$12.77B,54.62%,$23.38B,$8.63B,36.91%,$23.38B,$8.63B,36.91%,$23.38B,$10.59B,45.29%,$23.38B,$8.30B,35.49%,$23.38B,$5.16B,22.05%,$5.16B,$20.99B,24.32%,$5.16B,$20.99B,24.32%,$5.16B,$54.18B,9.72%,$8.63B,$33.90B,26.23%,$5429,$2446,$2983,$0,$0,$3480,$1949,$-11,$1938,$734,$1204,$1204,$1204,$2446,$1949,$872,875,$1.38,$1.38,$2041,$762,$432,$4983,$47512,$1375,$0,$307,$49194,$54177,$3413,$12908,$1959,$29774,$33187,$2776,$28759,$-1208,$20990,$54177,$2355,$988,$109,$1097,$98,$-50,$0,$-145,$226,$3773,$-2036,$0,$0,$0,$0,$0,$-100,$-2136,$1847,$0,$1847,$-1605,$-1605,$-1401,$-23,$-1182,$455,$0,$-1401
14,2015-03-31,100.38,$24.00,4.18,$26.73,3.76,$8.41,11.93,$5.87,17.1,$4.48B,$3.39B,1.32,$11.88B,$21.06B,0.56,$23.96B,$13.00B,54.24%,$23.96B,$8.88B,37.04%,$23.96B,$8.88B,37.04%,$23.96B,$10.81B,45.10%,$23.96B,$8.44B,35.22%,$23.96B,$5.24B,21.88%,$5.24B,$21.06B,24.60%,$5.24B,$21.06B,24.60%,$5.24B,$53.15B,10.00%,$8.88B,$32.94B,27.42%,$5614,$2576,$3038,$0,$0,$3637,$1977,$-122,$1855,$704,$1151,$1151,$1151,$2468,$1977,$879,883,$1.31,$1.30,$1587,$744,$334,$4479,$46928,$1375,$0,$363,$48666,$53145,$3390,$11884,$2040,$28698,$32088,$2776,$28034,$-1218,$21057,$53145,$1151,$491,$101,$592,$47,$-32,$0,$-75,$282,$2064,$-1069,$0,$0,$0,$0,$0,$-73,$-1142,$813,$0,$813,$-792,$-792,$-922,$-20,$-921,$1,$0,$-922
15,2014-12-31,109.91,$23.99,4.58,$26.55,4.14,$8.27,13.28,$5.76,19.08,$4.40B,$3.76B,1.17,$10.95B,$21.19B,0.52,$23.99B,$12.82B,53.42%,$23.99B,$8.75B,36.49%,$23.99B,$8.75B,36.49%,$23.99B,$10.66B,44.43%,$23.99B,$8.34B,34.78%,$23.99B,$5.18B,21.59%,$5.18B,$21.19B,24.25%,$5.18B,$21.19B,24.25%,$5.18B,$52.37B,9.99%,$8.75B,$32.14B,27.49%,$6153,$2767,$3386,$0,$0,$3780,$2373,$-75,$2298,$867,$1431,$1431,$1431,$2862,$2373,$897,901,$1.61,$1.60,$1586,$712,$492,$4401,$46272,$1390,$0,$309,$47971,$52372,$3764,$10952,$2064,$27419,$31183,$2775,$27367,$-1210,$21189,$52372,$5180,$1904,$826,$2730,$-197,$-59,$0,$-35,$-309,$7385,$-4208,$0,$0,$0,$0,$0,$-41,$-4249,$1878,$0,$1878,$-3225,$-3225,$-1632,$-3,$-2982,$154,$0,$-1632
16,2014-09-30,99.6,$24.19,4.12,$25.76,3.87,$8.43,11.82,$5.43,18.36,$4.78B,$3.83B,1.25,$11.05B,$21.55B,0.51,$23.47B,$12.36B,52.67%,$23.47B,$8.35B,35.60%,$23.47B,$8.35B,35.60%,$23.47B,$10.23B,43.58%,$23.47B,$7.93B,33.79%,$23.47B,$4.92B,20.98%,$4.92B,$21.55B,23.03%,$4.92B,$21.55B,23.03%,$4.92B,$52.57B,9.62%,$8.35B,$32.60B,26.66%,$6182,$2819,$3363,$0,$0,$3852,$2330,$-124,$2206,$836,$1370,$1370,$1370,$2811,$2330,$893,897,$1.53,$1.53,$1887,$736,$304,$4780,$45553,$1384,$0,$851,$47788,$52568,$3833,$11045,$1716,$27182,$31015,$2775,$26380,$-708,$21553,$52568,$3749,$1415,$274,$1689,$-221,$-83,$0,$-81,$-98,$5358,$-3167,$0,$0,$0,$0,$0,$-158,$-3325,$1910,$0,$1910,$-2312,$-2312,$-1186,$10,$-1578,$455,$0,$-1186
17,2014-06-30,91.2,$23.85,3.82,$24.87,3.67,$8.40,10.86,$5.14,17.76,$4.50B,$3.78B,1.19,$10.39B,$21.44B,0.48,$22.86B,$11.92B,52.15%,$22.86B,$7.99B,34.94%,$22.86B,$7.99B,34.94%,$22.86B,$9.82B,42.98%,$22.86B,$7.57B,33.14%,$22.86B,$4.70B,20.58%,$4.70B,$21.44B,22.21%,$4.70B,$21.44B,22.21%,$4.70B,$51.56B,9.35%,$7.99B,$31.83B,26.12%,$6015,$2805,$3210,$0,$0,$3819,$2196,$-116,$2080,$789,$1291,$1291,$1291,$2666,$2196,$902,905,$1.43,$1.43,$1537,$739,$322,$4503,$44901,$1369,$0,$789,$47059,$51562,$3777,$10385,$1659,$26345,$30122,$2775,$25456,$-714,$21440,$51562,$2379,$934,$144,$1078,$-252,$-86,$0,$-91,$-204,$3221,$-2028,$0,$0,$0,$0,$0,$-150,$-2178,$1255,$0,$1255,$-1450,$-1450,$-776,$33,$-938,$105,$0,$-776
18,2014-03-31,85.41,$23.48,3.64,$24.07,3.55,$8.72,9.8,$4.89,17.47,$4.68B,$4.19B,1.12,$9.54B,$21.27B,0.45,$22.31B,$11.55B,51.75%,$22.31B,$7.67B,34.36%,$22.31B,$7.67B,34.36%,$22.31B,$9.47B,42.46%,$22.31B,$7.26B,32.55%,$22.31B,$4.52B,20.25%,$4.52B,$21.27B,21.57%,$4.52B,$21.27B,21.57%,$4.52B,$50.90B,9.10%,$7.67B,$30.82B,25.55%,$5638,$2782,$2856,$0,$0,$3784,$1854,$-95,$1759,$671,$1088,$1088,$1088,$2318,$1854,$908,913,$1.20,$1.19,$1857,$705,$316,$4679,$44189,$1344,$0,$686,$46219,$50898,$4188,$9544,$1665,$25438,$29626,$1388,$25962,$-734,$21272,$50898,$1088,$464,$75,$539,$-128,$-52,$0,$-93,$197,$1767,$-866,$0,$0,$0,$0,$0,$-39,$-905,$593,$0,$593,$-644,$-644,$-363,$-23,$-437,$425,$0,$-363
19,2013-12-31,76.07,$23.27,3.27,$23.52,3.23,$8.54,8.91,$4.72,16.13,$3.99B,$3.79B,1.05,$8.87B,$21.23B,0.42,$21.96B,$11.31B,51.48%,$21.96B,$7.45B,33.90%,$21.96B,$7.45B,33.90%,$21.96B,$9.22B,41.99%,$21.96B,$7.05B,32.09%,$21.96B,$4.39B,19.98%,$4.39B,$21.23B,21.23%,$4.39B,$21.23B,21.23%,$4.39B,$49.73B,8.94%,$7.45B,$30.10B,25.09%,$5630,$2700,$2930,$0,$0,$3657,$1973,$-90,$1883,$709,$1174,$1174,$1174,$2431,$1973,$927,932,$1.28,$1.28,$1432,$653,$223,$3990,$43749,$1321,$0,$671,$45741,$49731,$3791,$8872,$1680,$24715,$28506,$2774,$23901,$-750,$21225,$49731,$4388,$1777,$691,$2468,$-83,$7,$0,$1,$161,$6823,$-3398,$0,$0,$0,$0,$0,$-7,$-3405,$514,$0,$514,$-2218,$-2218,$-1333,$-12,$-3049,$369,$0,$-1333
20,2013-09-30,69.99,$22.54,3.11,$22.98,3.05,$7.49,9.35,$4.54,15.43,$4.06B,$3.66B,1.11,$8.76B,$20.77B,0.42,$21.58B,$11.04B,51.15%,$21.58B,$7.20B,33.35%,$21.58B,$7.20B,33.35%,$21.58B,$8.97B,41.56%,$21.58B,$6.81B,31.53%,$21.58B,$4.25B,19.69%,$4.25B,$20.77B,20.91%,$4.25B,$20.77B,20.91%,$4.25B,$48.96B,8.78%,$7.20B,$29.54B,24.55%,$5573,$2650,$2923,$0,$0,$3611,$1962,$-110,$1852,$701,$1151,$1151,$1151,$2409,$1962,$924,928,$1.25,$1.24,$1366,$683,$316,$4064,$43311,$1282,$0,$301,$44894,$48958,$3655,$8764,$2026,$24529,$28184,$1387,$24476,$-1143,$20774,$48958,$3214,$1319,$637,$1956,$-138,$-23,$0,$-19,$-139,$4881,$-2635,$0,$0,$0,$0,$0,$39,$-2596,$439,$0,$439,$-1432,$-1432,$-968,$-21,$-1982,$303,$0,$-968
21,2013-06-30,69.16,$22.10,3.13,$22.60,3.06,$6.47,10.7,$4.39,15.75,$4.54B,$3.83B,1.19,$9.08B,$20.52B,0.44,$21.35B,$10.85B,50.81%,$21.35B,$7.02B,32.89%,$21.35B,$7.02B,32.89%,$21.35B,$8.79B,41.18%,$21.35B,$6.63B,31.05%,$21.35B,$4.14B,19.39%,$4.14B,$20.52B,20.68%,$4.14B,$20.52B,20.68%,$4.14B,$49.03B,8.64%,$7.02B,$29.60B,24.20%,$5470,$2633,$2837,$0,$0,$3592,$1878,$-110,$1768,$662,$1106,$1106,$1106,$2316,$1878,$931,935,$1.19,$1.18,$1845,$654,$334,$4543,$42911,$1272,$0,$300,$44483,$49026,$3825,$9076,$2124,$24677,$28502,$1387,$23690,$-1148,$20524,$49026,$2063,$872,$365,$1237,$-137,$6,$0,$-37,$1,$3218,$-1688,$0,$0,$0,$0,$0,$-51,$-1739,$805,$0,$805,$-833,$-833,$-646,$-23,$-697,$782,$0,$-646
22,2013-03-31,63.56,$21.56,2.95,$22.22,2.86,$5.87,10.83,$4.26,14.94,$4.65B,$3.61B,1.29,$9.31B,$20.14B,0.46,$21.10B,$10.66B,50.50%,$21.10B,$6.87B,32.54%,$21.10B,$6.87B,32.54%,$21.10B,$8.64B,40.92%,$21.10B,$6.47B,30.67%,$21.10B,$4.04B,19.13%,$4.04B,$20.14B,20.53%,$4.04B,$20.14B,20.53%,$4.04B,$48.56B,8.54%,$6.87B,$29.45B,24.06%,$5290,$2673,$2617,$0,$0,$3657,$1633,$-88,$1545,$588,$957,$957,$957,$2067,$1633,$936,941,$1.03,$1.02,$1917,$655,$311,$4646,$42376,$1240,$0,$299,$43915,$48561,$3610,$9309,$2210,$24807,$28417,$1387,$22905,$-1169,$20144,$48561,$957,$434,$184,$618,$-181,$5,$0,$-14,$-55,$1524,$-765,$0,$0,$0,$0,$0,$-35,$-800,$861,$0,$861,$-374,$-374,$-323,$-34,$130,$854,$0,$-323
23,2012-12-31,55.82,$21.17,2.64,$21.91,2.55,$5.70,9.8,$4.14,13.5,$3.61B,$3.12B,1.16,$8.80B,$19.88B,0.44,$20.93B,$10.49B,50.13%,$20.93B,$6.75B,32.23%,$20.93B,$6.75B,32.23%,$20.93B,$8.51B,40.64%,$20.93B,$6.32B,30.19%,$20.93B,$3.94B,18.84%,$3.94B,$19.88B,20.41%,$3.94B,$19.88B,20.41%,$3.94B,$47.15B,8.48%,$6.75B,$28.68B,24.19%,$5250,$2588,$2662,$0,$0,$3525,$1725,$-85,$1640,$604,$1036,$1036,$1036,$2178,$1725,$946,953,$1.11,$1.10,$1063,$660,$297,$3614,$41997,$1259,$0,$283,$43539,$47153,$3119,$8801,$2248,$24157,$27276,$1386,$22271,$-1186,$19877,$47153,$3943,$1760,$887,$2647,$70,$-46,$0,$-108,$-269,$6161,$-3658,$0,$-274,$0,$0,$0,$299,$-3633,$-63,$0,$-63,$-1474,$-1474,$-1146,$1,$-2682,$-154,$0,$-1146
24,2012-09-30,52.41,$20.75,2.53,$21.62,2.42,$5.85,8.96,$4.04,12.99,$3.95B,$3.87B,1.02,$8.77B,$19.55B,0.45,$20.78B,$10.34B,49.74%,$20.78B,$6.64B,31.93%,$20.78B,$6.64B,31.93%,$20.78B,$8.36B,40.21%,$20.78B,$6.21B,29.87%,$20.78B,$3.87B,18.62%,$3.87B,$19.55B,20.38%,$3.87B,$19.55B,20.38%,$3.87B,$47.07B,8.42%,$6.64B,$28.32B,24.10%,$5343,$2610,$2733,$0,$0,$3557,$1786,$-109,$1677,$635,$1042,$1042,$1042,$2233,$1786,$944,950,$1.11,$1.10,$1130,$680,$260,$3946,$41617,$1235,$0,$272,$43124,$47070,$3874,$8773,$2016,$23647,$27521,$1386,$21560,$-1015,$19549,$47070,$2907,$1307,$490,$1797,$-182,$-66,$0,$-71,$-266,$4366,$-3038,$0,$0,$0,$0,$0,$172,$-2866,$445,$0,$445,$-1179,$-1179,$-860,$7,$-1587,$-87,$0,$-860
25,2012-06-30,52.42,$20.15,2.6,$21.22,2.47,$6.58,7.96,$3.87,13.56,$3.96B,$3.92B,1.01,$8.64B,$19.09B,0.45,$20.54B,$10.09B,49.12%,$20.54B,$6.43B,31.30%,$20.54B,$6.43B,31.30%,$20.54B,$8.11B,39.48%,$20.54B,$5.98B,29.13%,$20.54B,$3.73B,18.17%,$3.73B,$19.09B,19.91%,$3.73B,$19.09B,19.91%,$3.73B,$46.37B,8.21%,$6.43B,$27.72B,23.56%,$5221,$2575,$2646,$0,$0,$3497,$1724,$-114,$1610,$608,$1002,$1002,$1002,$2157,$1724,$948,954,$1.06,$1.05,$1201,$646,$288,$3956,$40937,$1211,$0,$270,$42418,$46374,$3917,$8636,$2088,$23370,$27287,$1386,$20802,$-1061,$19087,$46374,$1865,$860,$274,$1134,$-96,$-32,$0,$-99,$-198,$2776,$-1786,$0,$0,$0,$0,$0,$-96,$-1882,$502,$0,$502,$-833,$-833,$-575,$-4,$-910,$-16,$0,$-575
26,2012-03-31,46.98,$19.66,2.39,$20.68,2.27,$6.82,6.88,$3.61,13.01,$3.57B,$3.90B,0.91,$8.07B,$18.76B,0.43,$20.18B,$9.72B,48.15%,$20.18B,$6.10B,30.21%,$20.18B,$6.10B,30.21%,$20.18B,$7.75B,38.39%,$20.18B,$5.64B,27.97%,$20.18B,$3.52B,17.42%,$3.52B,$18.76B,18.95%,$3.52B,$18.76B,18.95%,$3.52B,$45.34B,7.83%,$6.10B,$26.82B,22.48%,$5112,$2663,$2449,$0,$0,$3602,$1510,$-119,$1391,$528,$863,$863,$863,$1937,$1510,$956,963,$0.91,$0.90,$995,$682,$247,$3565,$40309,$1210,$0,$252,$41771,$45336,$3902,$8066,$2108,$22679,$26581,$1387,$20084,$-1046,$18755,$45336,$863,$427,$124,$551,$74,$-68,$0,$-58,$-27,$1404,$-791,$0,$0,$0,$0,$0,$-39,$-830,$-72,$0,$-72,$-433,$-433,$-289,$-2,$-796,$-222,$0,$-289
27,2011-12-31,46.06,$19.35,2.38,$19.92,2.31,$6.86,6.71,$3.36,13.71,$3.73B,$3.32B,1.12,$8.70B,$18.58B,0.47,$19.56B,$9.29B,47.50%,$19.56B,$5.72B,29.27%,$19.56B,$5.72B,29.27%,$19.56B,$7.34B,37.54%,$19.56B,$5.26B,26.92%,$19.56B,$3.29B,16.83%,$3.29B,$18.58B,17.92%,$3.29B,$18.58B,17.92%,$3.29B,$45.10B,7.41%,$5.72B,$27.28B,21.06%,$5108,$2598,$2510,$0,$0,$3491,$1617,$-87,$1530,$566,$964,$964,$964,$2030,$1617,$971,980,$1.00,$1.00,$1217,$614,$189,$3727,$39934,$1175,$0,$260,$41369,$45096,$3317,$8697,$2136,$23201,$26518,$1386,$19508,$-1054,$18578,$45096,$3292,$1617,$986,$2603,$-217,$-80,$0,$178,$276,$5873,$-3153,$0,$0,$0,$0,$0,$34,$-3119,$-476,$0,$-476,$-1418,$-1418,$-837,$108,$-2623,$131,$0,$-837
28,2011-09-30,35.29,$19.20,1.84,$19.09,1.85,$5.77,6.12,$3.15,11.22,$4.21B,$3.72B,1.13,$8.77B,$18.57B,0.47,$18.86B,$8.92B,47.32%,$18.86B,$5.42B,28.74%,$18.86B,$5.42B,28.74%,$18.86B,$7.00B,37.14%,$18.86B,$4.91B,26.06%,$18.86B,$3.10B,16.45%,$3.10B,$18.57B,17.08%,$3.10B,$18.57B,17.08%,$3.10B,$45.07B,7.06%,$5.42B,$27.33B,20.03%,$5101,$2615,$2486,$0,$0,$3523,$1578,$-125,$1453,$549,$904,$904,$904,$1986,$1578,$968,976,$0.94,$0.93,$1647,$607,$231,$4214,$39425,$1171,$0,$256,$40852,$45066,$3724,$8765,$1722,$22777,$26501,$1386,$18833,$-732,$18565,$45066,$2328,$1204,$721,$1925,$-240,$-73,$0,$136,$192,$4334,$-2252,$0,$0,$0,$0,$0,$11,$-2241,$26,$0,$26,$-1036,$-1036,$-607,$85,$-1532,$561,$0,$-607
29,2011-06-30,44.88,$18.76,2.39,$18.29,2.45,$4.72,9.51,$3.00,14.96,$3.70B,$3.15B,1.17,$8.76B,$18.31B,0.48,$18.17B,$8.68B,47.79%,$18.17B,$5.24B,28.86%,$18.17B,$5.24B,28.86%,$18.17B,$6.79B,37.38%,$18.17B,$4.73B,26.06%,$18.17B,$2.98B,16.39%,$2.98B,$18.31B,16.64%,$2.98B,$18.31B,16.64%,$2.98B,$44.03B,6.86%,$5.24B,$27.07B,19.53%,$4858,$2586,$2272,$0,$0,$3466,$1392,$-122,$1270,$485,$785,$785,$785,$1793,$1392,$977,985,$0.81,$0.80,$1055,$630,$272,$3699,$38908,$1176,$0,$246,$40330,$44029,$3153,$8759,$1795,$22570,$25723,$1386,$18159,$-719,$18306,$44029,$1424,$796,$459,$1255,$-243,$-96,$0,$95,$17,$2640,$-1382,$0,$0,$0,$0,$0,$16,$-1366,$-403,$0,$-403,$-608,$-608,$-374,$80,$-1305,$-31,$0,$-374
30,2011-03-31,42.08,$18.39,2.29,$17.48,2.41,$4.10,10.26,$2.91,14.48,$3.68B,$2.95B,1.25,$9.02B,$18.05B,0.5,$17.49B,$8.46B,48.37%,$17.49B,$5.13B,29.33%,$17.49B,$5.13B,29.33%,$17.49B,$6.65B,37.99%,$17.49B,$4.61B,26.36%,$17.49B,$2.90B,16.60%,$2.90B,$18.05B,16.46%,$2.90B,$18.05B,16.46%,$2.90B,$43.59B,6.74%,$5.13B,$27.06B,19.22%,$4490,$2468,$2022,$0,$0,$3353,$1137,$-126,$1011,$372,$639,$639,$639,$1532,$1137,$979,988,$0.66,$0.65,$1248,$582,$265,$3677,$38512,$1157,$0,$241,$39910,$43587,$2947,$9016,$1790,$22594,$25541,$1386,$17607,$-728,$18046,$43587,$639,$395,$172,$567,$-91,$-48,$0,$102,$17,$1294,$-627,$0,$0,$0,$0,$0,$-30,$-657,$-87,$0,$-87,$-248,$-248,$-186,$46,$-475,$162,$0,$-186
31,2010-12-31,39.49,$18.07,2.19,$16.84,2.35,$3.63,10.88,$2.77,14.28,$3.43B,$2.95B,1.16,$9.00B,$17.76B,0.51,$16.97B,$8.33B,49.10%,$16.97B,$4.98B,29.36%,$16.97B,$4.98B,29.36%,$16.97B,$6.47B,38.13%,$16.97B,$4.43B,26.13%,$16.97B,$2.78B,16.39%,$2.78B,$17.76B,15.95%,$2.78B,$17.76B,15.95%,$2.78B,$43.09B,6.49%,$4.98B,$26.77B,18.73%,$4410,$2266,$2144,$0,$0,$3097,$1313,$-133,$1180,$405,$775,$775,$775,$1693,$1313,$996,1006,$0.78,$0.78,$1086,$534,$367,$3432,$38253,$1137,$0,$266,$39656,$43088,$2952,$9003,$1813,$22373,$25325,$1385,$17154,$-734,$17763,$43088,$2780,$1487,$672,$2159,$-518,$-59,$0,$-17,$-351,$4105,$-2415,$0,$0,$0,$0,$0,$-73,$-2488,$-616,$0,$-616,$-1249,$-1249,$-602,$86,$-2381,$-764,$0,$-602
32,2010-09-30,34.72,$17.68,1.96,$16.16,2.15,$2.88,12.07,$2.53,13.75,$3.91B,$3.19B,1.23,$9.06B,$17.44B,0.52,$16.31B,$7.95B,48.76%,$16.31B,$4.67B,28.62%,$16.31B,$4.67B,28.62%,$16.31B,$6.15B,37.69%,$16.31B,$4.12B,25.27%,$16.31B,$2.55B,15.66%,$2.55B,$17.44B,14.85%,$2.55B,$17.44B,14.85%,$2.55B,$43.00B,5.99%,$4.67B,$26.50B,17.60%,$4408,$2165,$2243,$0,$0,$3007,$1401,$-128,$1273,$495,$778,$778,$778,$1773,$1401,$986,995,$0.79,$0.78,$1358,$504,$394,$3910,$37749,$1104,$0,$238,$39091,$43001,$3185,$9060,$1840,$22380,$25565,$1385,$16566,$-649,$17436,$43001,$2005,$1107,$421,$1528,$-631,$-29,$0,$-44,$-648,$2720,$-1641,$0,$0,$0,$0,$0,$-32,$-1673,$-137,$0,$-137,$-1019,$-1019,$-438,$55,$-1539,$-492,$0,$-438
33,2010-06-30,29.37,$17.33,1.69,$15.36,1.91,$2.23,13.17,$2.26,13.02,$3.70B,$3.04B,1.22,$9.12B,$17.32B,0.53,$15.57B,$7.50B,48.18%,$15.57B,$4.23B,27.14%,$15.57B,$4.23B,27.14%,$15.57B,$5.70B,36.59%,$15.57B,$3.67B,23.56%,$15.57B,$2.29B,14.71%,$2.29B,$17.32B,13.52%,$2.29B,$17.32B,13.52%,$2.29B,$42.54B,5.42%,$4.23B,$26.44B,16.01%,$4182,$2131,$2051,$0,$0,$2903,$1279,$-133,$1146,$435,$711,$711,$711,$1647,$1279,$1004,1013,$0.71,$0.70,$1317,$496,$275,$3702,$37527,$1064,$0,$242,$38833,$42535,$3035,$9117,$1871,$22177,$25212,$1385,$15951,$-648,$17323,$42535,$1227,$735,$111,$846,$-584,$-21,$0,$75,$-213,$1695,$-1025,$0,$0,$0,$0,$0,$-43,$-1068,$-485,$0,$-485,$-422,$-422,$-272,$19,$-1160,$-533,$0,$-272
34,2010-03-31,30.82,$17.01,1.81,$14.50,2.13,$1.93,15.95,$2.02,15.3,$4.11B,$2.91B,1.41,$9.48B,$17.21B,0.55,$14.69B,$7.01B,47.70%,$14.69B,$3.70B,25.15%,$14.69B,$3.70B,25.15%,$14.69B,$5.15B,35.04%,$14.69B,$3.26B,22.15%,$14.69B,$2.04B,13.91%,$2.04B,$17.21B,12.30%,$2.04B,$17.21B,12.30%,$2.04B,$42.71B,4.86%,$3.70B,$26.69B,14.08%,$3965,$2074,$1891,$0,$0,$2977,$988,$-154,$834,$318,$516,$516,$516,$1355,$988,$1009,1017,$0.51,$0.51,$1753,$506,$280,$4112,$37301,$1036,$0,$263,$38600,$42712,$2909,$9480,$1994,$22590,$25499,$1385,$15406,$-648,$17213,$42712,$516,$367,$50,$417,$-552,$-31,$0,$70,$-313,$656,$-449,$0,$0,$0,$0,$0,$-46,$-495,$-131,$0,$-131,$0,$0,$-135,$8,$-258,$-97,$0,$-135
35,2009-12-31,26.76,$16.63,1.61,$13.98,1.91,$1.82,14.67,$1.87,14.31,$3.68B,$2.68B,1.37,$9.64B,$16.80B,0.57,$14.14B,$6.67B,47.18%,$14.14B,$3.38B,23.89%,$14.14B,$3.38B,23.89%,$14.14B,$4.81B,33.98%,$14.14B,$2.97B,21.03%,$14.14B,$1.89B,13.36%,$1.89B,$16.80B,11.65%,$1.89B,$16.80B,11.65%,$1.89B,$42.18B,4.56%,$3.38B,$26.44B,13.12%,$3754,$1987,$1767,$0,$0,$2755,$999,$-130,$869,$320,$549,$549,$549,$1372,$999,$1006,1012,$0.55,$0.55,$1850,$475,$350,$3680,$37202,$1036,$0,$266,$38504,$42184,$2682,$9636,$2021,$22701,$25383,$1384,$15027,$-654,$16801,$42184,$1890,$1427,$556,$1983,$-72,$-25,$0,$-106,$-293,$3204,$-2267,$0,$0,$0,$0,$0,$122,$-2145,$-28,$0,$-28,$0,$0,$-544,$114,$-458,$601,$0,$-544
36,2009-09-30,24.34,$16.28,1.49,$14.43,1.69,$1.86,13.06,$1.99,12.26,$3.22B,$2.75B,1.17,$9.62B,$16.43B,0.59,$14.68B,$6.88B,46.85%,$14.68B,$3.52B,23.96%,$14.68B,$3.52B,23.96%,$14.68B,$4.90B,33.40%,$14.68B,$3.14B,21.39%,$14.68B,$2.00B,13.62%,$2.00B,$16.43B,12.58%,$2.00B,$16.43B,12.58%,$2.00B,$41.69B,4.90%,$3.52B,$26.05B,13.97%,$3671,$1878,$1793,$0,$0,$2710,$961,$-142,$819,$305,$514,$514,$514,$1324,$961,$1006,1014,$0.51,$0.51,$1435,$490,$266,$3217,$37122,$1013,$0,$337,$38472,$41689,$2748,$9620,$2297,$22512,$25260,$1384,$14752,$-713,$16429,$41689,$1341,$1054,$172,$1226,$-133,$-40,$0,$-22,$-180,$2199,$-1754,$0,$0,$0,$0,$0,$36,$-1718,$17,$0,$17,$0,$0,$-408,$96,$-295,$186,$0,$-408
37,2009-06-30,21.62,$15.88,1.36,$15.55,1.39,$2.12,10.21,$2.17,9.98,$3.35B,$2.83B,1.18,$9.82B,$16.02B,0.61,$15.85B,$7.19B,45.36%,$15.85B,$3.77B,23.79%,$15.85B,$3.77B,23.79%,$15.85B,$5.14B,32.44%,$15.85B,$3.43B,21.63%,$15.85B,$2.19B,13.80%,$2.19B,$16.02B,13.92%,$2.19B,$16.02B,13.92%,$2.19B,$41.55B,5.44%,$3.77B,$25.84B,15.32%,$3303,$1745,$1558,$0,$0,$2555,$748,$-15,$733,$268,$465,$465,$465,$1098,$748,$1006,1011,$0.46,$0.46,$1656,$507,$271,$3346,$36763,$990,$0,$451,$38204,$41550,$2834,$9816,$2394,$22697,$25531,$1384,$14371,$-714,$16019,$41550,$827,$691,$77,$768,$-35,$-57,$0,$-27,$-19,$1508,$-1140,$0,$0,$0,$0,$0,$1,$-1139,$215,$0,$215,$0,$0,$-272,$95,$38,$407,$0,$-272
38,2009-03-31,16.97,$15.53,1.09,$16.68,1.02,$1.99,8.51,$2.22,7.66,$3.02B,$2.68B,1.13,$9.06B,$15.65B,0.58,$17.12B,$7.45B,43.50%,$17.12B,$3.95B,23.10%,$17.12B,$3.95B,23.10%,$17.12B,$5.32B,31.08%,$17.12B,$3.52B,20.55%,$17.12B,$2.25B,13.17%,$2.25B,$15.65B,14.45%,$2.25B,$15.65B,14.45%,$2.25B,$40.20B,5.69%,$3.95B,$24.71B,16.41%,$3415,$1860,$1555,$0,$0,$2744,$671,$-118,$553,$191,$362,$362,$362,$1012,$671,$1005,1009,$0.36,$0.36,$1466,$446,$267,$3017,$35856,$947,$0,$379,$37182,$40199,$2682,$9058,$2488,$21863,$24545,$1384,$14040,$-730,$15654,$40199,$362,$341,$13,$354,$46,$4,$0,$-23,$12,$718,$-622,$0,$0,$0,$0,$0,$-6,$-628,$262,$0,$262,$0,$0,$-136,$1,$127,$217,$0,$-136
39,2008-12-31,19.59,$15.35,1.28,$17.38,1.13,$2.00,9.79,$2.28,8.59,$2.81B,$2.88B,0.98,$8.61B,$15.45B,0.56,$17.97B,$7.60B,42.30%,$17.97B,$4.07B,22.65%,$17.97B,$4.07B,22.65%,$17.97B,$5.44B,30.25%,$17.97B,$3.65B,20.32%,$17.97B,$2.34B,12.99%,$2.34B,$15.45B,14.99%,$2.34B,$15.45B,14.99%,$2.34B,$39.72B,5.95%,$4.07B,$24.05B,17.12%,$4286,$2317,$1969,$0,$0,$3150,$1136,$-102,$1034,$376,$658,$658,$658,$1468,$1136,$1021,1030,$0.65,$0.64,$1249,$450,$244,$2813,$35701,$974,$0,$234,$36909,$39722,$2880,$8607,$2506,$21395,$24275,$1382,$13813,$-704,$15447,$39722,$2335,$1366,$504,$1870,$38,$3,$0,$51,$-250,$4044,$-3049,$0,$0,$0,$0,$0,$311,$-2738,$1049,$0,$1049,$-1609,$-1609,$-481,$106,$-935,$371,$0,$-481
40,2008-09-30,29.02,$15.54,1.87,$17.13,1.69,$1.30,22.35,$2.09,13.88,$2.89B,$3.44B,0.84,$8.12B,$15.74B,0.52,$17.88B,$7.35B,41.11%,$17.88B,$3.80B,21.24%,$17.88B,$3.80B,21.24%,$17.88B,$5.17B,28.91%,$17.88B,$3.40B,18.99%,$17.88B,$2.17B,12.12%,$2.17B,$15.74B,13.89%,$2.17B,$15.74B,13.89%,$2.17B,$39.55B,5.59%,$3.80B,$23.85B,16.13%,$4846,$2739,$2107,$0,$0,$3631,$1215,$-107,$1108,$405,$703,$703,$703,$1563,$1215,$1013,1023,$0.70,$0.69,$857,$569,$260,$2889,$35302,$1009,$0,$351,$36662,$39551,$3441,$8116,$1866,$20375,$23816,$1382,$13289,$-68,$15735,$39551,$1677,$1034,$295,$1329,$-228,$-116,$0,$35,$-116,$3038,$-2330,$0,$0,$0,$0,$0,$321,$-2009,$605,$0,$605,$-1410,$-1410,$-344,$99,$-1050,$-21,$0,$-344
41,2008-06-30,30.68,$15.21,2.02,$16.34,1.88,$0.61,50.49,$1.90,16.15,$2.68B,$3.35B,0.8,$8.15B,$15.57B,0.52,$17.23B,$7.07B,41.07%,$17.23B,$3.59B,20.83%,$17.23B,$3.59B,20.83%,$17.23B,$4.94B,28.69%,$17.23B,$3.19B,18.54%,$17.23B,$2.00B,11.59%,$2.00B,$15.57B,12.86%,$2.00B,$15.57B,12.86%,$2.00B,$39.11B,5.20%,$3.59B,$23.72B,15.36%,$4568,$2754,$1814,$0,$0,$3637,$931,$-109,$822,$291,$531,$531,$531,$1277,$931,$1029,1038,$0.52,$0.51,$611,$580,$262,$2676,$34960,$979,$0,$497,$36436,$39112,$3354,$8154,$1818,$20192,$23546,$1382,$12721,$-69,$15566,$39112,$974,$686,$141,$827,$-245,$-127,$0,$33,$-32,$1836,$-1586,$0,$0,$0,$0,$0,$104,$-1482,$445,$0,$445,$-910,$-910,$-230,$74,$-621,$-267,$0,$-230
42,2008-03-31,25.41,$15.06,1.69,$15.67,1.62,$0.35,71.77,$1.80,14.1,$2.65B,$3.13B,0.85,$7.93B,$15.56B,0.51,$16.70B,$6.93B,41.49%,$16.70B,$3.44B,20.62%,$16.70B,$3.44B,20.62%,$16.70B,$4.78B,28.62%,$16.70B,$3.08B,18.41%,$16.70B,$1.91B,11.45%,$1.91B,$15.56B,12.34%,$1.91B,$15.56B,12.34%,$1.91B,$38.56B,5.04%,$3.44B,$23.49B,14.94%,$4270,$2558,$1712,$0,$0,$3482,$788,$-101,$687,$244,$443,$443,$443,$1128,$788,$1037,1046,$0.43,$0.43,$827,$514,$247,$2647,$34439,$946,$0,$523,$35908,$38555,$3132,$7930,$1835,$19866,$22998,$691,$12996,$-76,$15557,$38555,$443,$340,$39,$379,$0,$0,$0,$-42,$-42,$835,$-728,$0,$0,$0,$0,$0,$-43,$-771,$426,$0,$426,$-436,$-436,$-115,$10,$-115,$-51,$14,$-115
43,2007-12-31,25.36,$29.87,0.85,$15.12,1.68,$0.34,75.08,$1.73,14.66,$2.59B,$3.04B,0.85,$7.54B,$15.59B,0.48,$16.28B,$6.80B,41.74%,$16.28B,$3.38B,20.73%,$16.28B,$3.38B,20.73%,$16.28B,$4.70B,28.84%,$16.28B,$3.01B,18.48%,$16.28B,$1.86B,11.39%,$1.86B,$15.59B,11.99%,$1.86B,$15.59B,11.99%,$1.86B,$38.03B,4.95%,$3.38B,$23.13B,14.87%,$4197,$2480,$1717,$0,$0,$3333,$864,$-85,$779,$288,$491,$491,$491,$1201,$864,$1064,1074,$0.47,$0.47,$878,$453,$295,$2594,$34158,$923,$0,$358,$35439,$38033,$3041,$7543,$1814,$19407,$22448,$690,$12667,$-74,$15585,$38033,$1855,$1321,$280,$1601,$47,$-58,$0,$-104,$28,$3277,$-2995,$0,$0,$0,$0,$0,$569,$-2426,$789,$0,$789,$-1375,$-1375,$-364,$150,$-800,$51,$0,$-364
44,2007-09-30,22.75,$14.65,1.55,$14.85,1.53,$0.29,78.14,$1.71,13.3,$2.86B,$3.15B,0.91,$7.70B,$15.38B,0.5,$16.05B,$6.99B,43.56%,$16.05B,$3.32B,20.69%,$16.05B,$3.32B,20.69%,$16.05B,$4.62B,28.79%,$16.05B,$2.98B,18.56%,$16.05B,$1.85B,11.52%,$1.85B,$15.38B,12.01%,$1.85B,$15.38B,12.01%,$1.85B,$37.92B,4.98%,$3.32B,$23.08B,14.93%,$4191,$2360,$1831,$0,$0,$3186,$1005,$-99,$906,$374,$532,$532,$532,$1337,$1005,$1053,1063,$0.51,$0.50,$1022,$475,$224,$2863,$33793,$924,$0,$337,$35054,$37917,$3146,$7697,$1318,$19388,$22534,$690,$12292,$-140,$15383,$37917,$1364,$984,$188,$1172,$0,$0,$0,$-11,$-11,$2367,$-2365,$0,$0,$0,$0,$0,$557,$-1808,$957,$0,$957,$-1105,$-1105,$-272,$56,$-364,$195,$33,$-272
45,2007-06-30,23.09,$14.49,1.59,$14.57,1.59,$0.16,146.42,$1.60,14.48,$2.27B,$3.14B,0.73,$7.10B,$15.45B,0.46,$15.84B,$6.68B,42.15%,$15.84B,$3.07B,19.37%,$15.84B,$3.07B,19.37%,$15.84B,$4.35B,27.44%,$15.84B,$2.73B,17.22%,$15.84B,$1.74B,10.97%,$1.74B,$15.45B,11.40%,$1.74B,$15.45B,11.40%,$1.74B,$37.30B,4.73%,$3.07B,$22.54B,14.05%,$4046,$2376,$1670,$0,$0,$3259,$787,$-84,$703,$257,$446,$446,$446,$1114,$787,$1073,1083,$0.42,$0.41,$522,$445,$265,$2272,$33359,$906,$0,$765,$35030,$37302,$3135,$7098,$1333,$18722,$21857,$690,$11851,$-137,$15445,$37302,$832,$652,$104,$756,$0,$0,$0,$73,$73,$1484,$-1498,$0,$0,$0,$0,$0,$-9,$-1507,$410,$0,$410,$-552,$-552,$-178,$38,$-282,$-305,$22,$-178
46,2007-03-31,20.3,$14.34,1.42,$14.44,1.41,$0.06,358.08,$1.54,13.16,$2.26B,$2.96B,0.76,$6.59B,$15.45B,0.43,$15.72B,$6.51B,41.44%,$15.72B,$3.00B,19.07%,$15.72B,$3.00B,19.07%,$15.72B,$4.26B,27.09%,$15.72B,$2.65B,16.87%,$15.72B,$1.68B,10.70%,$1.68B,$15.45B,11.22%,$1.68B,$15.45B,11.22%,$1.68B,$36.69B,4.62%,$3.00B,$22.04B,13.96%,$3849,$2270,$1579,$0,$0,$3130,$719,$-98,$621,$235,$386,$386,$386,$1044,$719,$1082,1091,$0.36,$0.35,$598,$414,$265,$2256,$33066,$894,$0,$470,$34430,$36686,$2963,$6594,$1472,$18276,$21239,$690,$11499,$-141,$15447,$36686,$386,$325,$51,$376,$0,$0,$0,$-7,$-7,$731,$-637,$0,$0,$0,$0,$0,$-40,$-677,$-53,$0,$-53,$-186,$-186,$-83,$39,$-283,$-229,$11,$-83
47,2006-12-31,18.33,$14.17,1.29,$14.33,1.28,$-0.22,0.0,$1.48,12.41,$2.41B,$3.54B,0.68,$6.00B,$15.31B,0.39,$15.58B,$6.32B,40.56%,$15.58B,$2.88B,18.51%,$15.58B,$2.88B,18.51%,$15.58B,$4.12B,26.45%,$15.58B,$2.53B,16.21%,$15.58B,$1.61B,10.31%,$1.61B,$15.31B,10.97%,$1.61B,$15.31B,10.97%,$1.61B,$36.52B,4.45%,$2.88B,$21.31B,13.63%,$3962,$2051,$1911,$0,$0,$3152,$810,$-61,$749,$264,$485,$485,$485,$1125,$810,$1078,1088,$0.45,$0.44,$827,$395,$191,$2411,$32873,$877,$0,$354,$34104,$36515,$3539,$6000,$1464,$17664,$21203,$690,$11215,$-142,$15312,$36515,$1606,$1237,$198,$1435,$0,$0,$0,$14,$14,$2880,$-2645,$0,$0,$0,$0,$0,$603,$-2042,$-657,$0,$-657,$160,$160,$-322,$35,$-784,$54,$35,$-322
