,Date,Stock Price,Book Value per Share,Price to Book Ratio,TTM Sales per Share,Price to Sales Ratio,TTM FCF per Share,Price to FCF Ratio,TTM Net EPS,PE Ratio,Current Assets,Current Liabilities,Current Ratio,Long Term Debt,Shareholder's Equity_x,Debt to Equity Ratio,TTM Revenue_x,TTM Gross Profit,Gross Margin,TTM Revenue_y,TTM Operating Income,Operating Margin,TTM Revenue_x,TTM EBIT,EBIT Margin,TTM Revenue_y,TTM EBITDA,EBITDA Margin,TTM Revenue_x,TTM Pre-Tax Income,Pre-Tax Margin,TTM Revenue_y,TTM Net Income_x,Net Margin,TTM Net Income_y,Shareholder's Equity_y,Return on Equity,TTM Net Income_x,Tangible Equity,Return on Tangible Equity,TTM Net Income_y,Total Assets,Return on Assets,TTM Net Income,LT Investments & Debt,Return on Investment,revenue,cost-goods-sold,gross-profit,research-development-expenses,selling-general-administrative-expenses,operating-expenses,operating-income,total-non-operating-income-expense,pre-tax-income,total-provision-income-taxes,income-after-taxes,income-from-continuous-operations,net-income,ebitda,ebit,basic-shares-outstanding,shares-outstanding,eps-basic-net-earnings-per-share,eps-earnings-per-share-diluted,cash-on-hand,inventory,other-current-assets,total-current-assets,net-property-plant-equipment,long-term-investments,goodwill-intangible-assets-total,other-long-term-assets,total-long-term-assets,total-assets,total-current-liabilities,long-term-debt,other-non-current-liabilities,total-long-term-liabilities,total-liabilities,common-stock-net,retained-earnings-accumulated-deficit,comprehensive-income,total-share-holder-equity,total-liabilities-share-holders-equity,net-income-loss,total-depreciation-amortization-cash-flow,other-non-cash-items,total-non-cash-items,change-in-accounts-receivable,change-in-inventories,change-in-accounts-payable,change-in-assets-liabilities,total-change-in-assets-liabilities,cash-flow-from-operating-activities,net-change-in-property-plant-equipment,net-change-in-intangible-assets,net-acquisitions-divestitures,net-change-in-short-term-investments,net-change-in-long-term-investments,net-change-in-investments-total,investing-activities-other,cash-flow-from-investing-activities,net-long-term-debt,net-current-debt,debt-issuance-retirement-net-total,net-common-equity-issued-repurchased,net-total-equity-issued-repurchased,total-common-preferred-stock-dividends-paid,financial-activities-other,cash-flow-from-financial-activities,net-cash-flow,stock-based-compensation,common-stock-dividends-paid
0,2018-09-30,26.06,$30.88,0.84,$15.88,1.64,$-1.25,0.0,$2.33,11.18,$0.22B,$0.24B,0.93,$0.64B,$1.67B,0.39,$0.83B,$0.40B,48.38%,$0.83B,$0.13B,15.01%,$0.83B,$0.13B,15.01%,$0.83B,$0.36B,43.70%,$0.83B,$0.06B,6.96%,$0.83B,$0.12B,14.65%,$0.12B,$1.67B,8.11%,$0.12B,$1.61B,8.46%,$0.12B,$2.82B,4.54%,$0.13B,$2.31B,5.61%,$220,$107,$113,$0,$9,$180,$40,$-12,$28,$7,$21,$21,$19,$104,$40,$52,53,$0.36,$0.36,$92,$1,$0,$224,$2506,$0,$63,$29,$2597,$2821,$240,$644,$103,$912,$1151,$10,$831,$-0,$1669,$2821,$37,$181,$37,$217,$-16,$0,$-15,$-7,$-21,$237,$-280,$0,$0,$0,$0,$0,$0,$-280,$-3,$-161,$-164,$0,$0,$0,$298,$134,$91,$17,$0
1,2018-06-30,25.56,$30.39,0.84,$15.36,1.66,$-0.79,0.0,$2.04,12.53,$0.23B,$0.20B,1.13,$0.64B,$1.64B,0.39,$0.80B,$0.37B,46.44%,$0.80B,$0.10B,12.86%,$0.80B,$0.10B,12.86%,$0.80B,$0.33B,41.57%,$0.80B,$0.04B,4.37%,$0.80B,$0.11B,13.36%,$0.11B,$1.64B,7.64%,$0.11B,$1.58B,8.00%,$0.11B,$2.75B,4.08%,$0.10B,$2.29B,4.76%,$203,$104,$99,$0,$9,$171,$32,$-22,$10,$2,$8,$8,$6,$91,$32,$52,53,$0.11,$0.11,$104,$1,$0,$227,$2432,$0,$63,$28,$2523,$2750,$201,$643,$104,$905,$1106,$10,$812,$-0,$1644,$2750,$16,$117,$30,$146,$-7,$0,$-0,$-4,$-10,$155,$-167,$0,$0,$0,$0,$0,$0,$-167,$-2,$-180,$-181,$0,$0,$0,$298,$116,$104,$12,$0
2,2018-03-31,19.76,$25.11,0.79,$14.79,1.34,$-1.02,0.0,$2.10,9.41,$0.11B,$0.21B,0.51,$0.79B,$1.36B,0.58,$0.77B,$0.35B,45.25%,$0.77B,$0.09B,11.31%,$0.77B,$0.09B,11.31%,$0.77B,$0.31B,40.18%,$0.77B,$0.04B,5.20%,$0.77B,$0.11B,14.30%,$0.11B,$1.36B,8.46%,$0.11B,$1.29B,8.89%,$0.11B,$2.60B,4.28%,$0.09B,$2.15B,4.13%,$205,$109,$96,$0,$11,$177,$28,$-17,$11,$4,$8,$8,$8,$86,$28,$52,52,$0.15,$0.15,$1,$0,$1,$108,$2401,$0,$63,$27,$2492,$2600,$211,$791,$104,$1032,$1242,$10,$806,$-0,$1357,$2600,$8,$58,$15,$72,$8,$0,$-11,$-0,$4,$84,$-68,$0,$0,$0,$0,$0,$0,$-68,$-1,$-14,$-15,$0,$0,$0,$0,$-15,$0,$7,$0
3,2017-12-31,22.0,$25.45,0.86,$14.32,1.54,$-0.59,0.0,$2.26,9.73,$0.12B,$0.18B,0.66,$0.82B,$1.35B,0.61,$0.74B,$0.33B,44.86%,$0.74B,$0.08B,11.35%,$0.74B,$0.08B,11.35%,$0.74B,$0.30B,39.86%,$0.74B,$0.06B,7.97%,$0.74B,$0.12B,15.95%,$0.12B,$1.35B,9.34%,$0.12B,$1.28B,9.83%,$0.12B,$2.58B,4.66%,$0.08B,$2.17B,4.06%,$205,$110,$95,$0,$11,$180,$25,$-16,$9,$-80,$89,$89,$89,$83,$25,$51,52,$1.74,$1.73,$1,$1,$1,$120,$2383,$0,$63,$16,$2462,$2581,$182,$820,$100,$1054,$1236,$10,$799,$0,$1346,$2581,$118,$211,$-52,$160,$-32,$3,$8,$2,$-12,$266,$-292,$0,$0,$0,$0,$0,$-2,$-293,$-4,$12,$9,$19,$19,$0,$0,$27,$-0,$18,$0
4,2017-09-30,20.58,$23.67,0.87,$13.85,1.49,$2.47,8.33,$0.58,35.48,$0.13B,$0.19B,0.68,$0.80B,$1.25B,0.64,$0.71B,$0.32B,45.70%,$0.71B,$0.09B,12.69%,$0.71B,$0.09B,12.69%,$0.71B,$0.29B,41.33%,$0.71B,$0.05B,7.62%,$0.71B,$0.03B,4.37%,$0.03B,$1.25B,2.53%,$0.03B,$1.19B,2.67%,$0.03B,$2.57B,1.24%,$0.09B,$2.06B,4.44%,$188,$107,$82,$0,$9,$170,$18,$-13,$5,$2,$4,$4,$4,$73,$18,$51,52,$0.07,$0.07,$1,$3,$1,$129,$2358,$0,$63,$16,$2437,$2566,$191,$804,$106,$1123,$1314,$10,$710,$0,$1252,$2566,$29,$153,$12,$165,$-36,$0,$5,$1,$-10,$185,$-203,$0,$0,$0,$0,$0,$-2,$-204,$-3,$4,$1,$19,$19,$0,$0,$19,$-0,$12,$0
5,2017-06-30,18.73,$23.53,0.8,$13.29,1.41,$3.68,5.09,$0.03,624.33,$0.11B,$0.16B,0.68,$0.81B,$1.24B,0.65,$0.67B,$0.32B,46.74%,$0.67B,$0.04B,5.34%,$0.67B,$0.04B,5.34%,$0.67B,$0.24B,34.87%,$0.67B,$0.01B,1.48%,$0.67B,$0.00B,0.45%,$0.00B,$1.24B,0.25%,$0.00B,$1.18B,0.26%,$0.00B,$2.52B,0.12%,$0.04B,$2.05B,1.78%,$171,$96,$75,$0,$9,$155,$16,$-1,$15,$6,$9,$9,$9,$67,$16,$51,52,$0.18,$0.17,$1,$3,$4,$110,$2335,$0,$63,$16,$2414,$2523,$161,$806,$101,$1118,$1279,$10,$707,$0,$1244,$2523,$25,$98,$2,$100,$-15,$0,$4,$2,$-8,$117,$-141,$0,$0,$0,$0,$0,$-2,$-143,$-2,$9,$7,$19,$19,$0,$0,$26,$-0,$8,$0
6,2017-03-31,24.16,$23.32,1.04,$12.76,1.89,$4.32,5.6,$-1.58,0.0,$0.10B,$0.14B,0.71,$0.79B,$1.21B,0.65,$0.64B,$0.29B,45.71%,$0.64B,$-0.06B,-9.67%,$0.64B,$-0.06B,-9.67%,$0.64B,$0.14B,21.84%,$0.64B,$-0.12B,-18.72%,$0.64B,$-0.08B,-12.17%,$-0.08B,$1.21B,-6.49%,$-0.08B,$1.15B,-6.85%,$-0.08B,$2.45B,-3.13%,$-0.06B,$2.00B,-3.05%,$176,$96,$80,$0,$9,$151,$25,$5,$30,$14,$16,$16,$16,$72,$25,$50,51,$0.32,$0.31,$8,$3,$0,$101,$2273,$0,$63,$15,$2352,$2453,$142,$791,$102,$1097,$1240,$10,$697,$0,$1213,$2453,$16,$47,$1,$48,$-2,$0,$-8,$1,$1,$66,$-29,$0,$0,$0,$0,$0,$0,$-29,$-1,$-28,$-29,$0,$0,$0,$0,$-29,$8,$4,$0
7,2016-12-31,26.87,$23.19,1.16,$12.04,2.23,$3.49,7.7,$-2.71,0.0,$0.12B,$0.17B,0.74,$0.80B,$1.19B,0.67,$0.60B,$0.26B,42.76%,$0.60B,$-0.15B,-24.13%,$0.60B,$-0.15B,-24.13%,$0.60B,$0.07B,10.98%,$0.60B,$-0.21B,-34.44%,$0.60B,$-0.14B,-22.46%,$-0.14B,$1.19B,-11.07%,$-0.14B,$1.13B,-11.68%,$-0.14B,$2.48B,-5.30%,$-0.15B,$2.00B,-6.98%,$174,$88,$87,$0,$8,$143,$31,$-27,$4,$2,$2,$2,$2,$81,$31,$50,50,$0.04,$0.04,$1,$3,$0,$121,$2281,$0,$63,$14,$2358,$2479,$165,$801,$103,$1120,$1285,$10,$682,$0,$1194,$2479,$-136,$210,$137,$348,$-12,$0,$27,$-4,$28,$240,$-112,$0,$0,$0,$0,$0,$1,$-111,$-4,$-125,$-129,$0,$0,$0,$-0,$-129,$0,$14,$0
8,2016-09-30,18.6,$23.10,0.81,$12.06,1.54,$-1.17,0.0,$-9.03,0.0,$0.09B,$0.14B,0.69,$0.86B,$1.19B,0.72,$0.60B,$0.24B,39.57%,$0.60B,$-0.68B,-113.19%,$0.60B,$-0.68B,-113.19%,$0.60B,$-0.44B,-73.79%,$0.60B,$-0.71B,-118.20%,$0.60B,$-0.45B,-74.46%,$-0.45B,$1.19B,-35.71%,$-0.45B,$1.13B,-37.61%,$-0.45B,$2.48B,-16.97%,$-0.68B,$2.04B,-31.75%,$153,$81,$73,$0,$9,$189,$-36,$-3,$-39,$-15,$-24,$-24,$-24,$15,$-36,$50,50,$-0.48,$-0.48,$1,$3,$0,$94,$2310,$0,$63,$14,$2388,$2481,$136,$855,$104,$1156,$1292,$10,$680,$0,$1190,$2481,$-137,$160,$114,$275,$1,$0,$27,$1,$64,$198,$-155,$0,$0,$0,$0,$0,$47,$-108,$-3,$-87,$-90,$0,$0,$0,$-0,$-90,$0,$11,$0
9,2016-06-30,15.56,$23.52,0.66,$13.32,1.17,$-3.92,0.0,$-12.73,0.0,$0.09B,$0.15B,0.61,$0.88B,$1.21B,0.72,$0.66B,$0.26B,39.82%,$0.66B,$-0.97B,-147.57%,$0.66B,$-0.97B,-147.57%,$0.66B,$-0.70B,-106.84%,$0.66B,$-1.00B,-151.67%,$0.66B,$-0.63B,-95.29%,$-0.63B,$1.21B,-46.24%,$-0.63B,$1.15B,-48.49%,$-0.63B,$2.55B,-22.16%,$-0.97B,$2.09B,-43.04%,$138,$85,$53,$0,$8,$220,$-82,$-33,$-115,$-43,$-72,$-72,$-72,$-28,$-82,$50,50,$-1.44,$-1.44,$1,$3,$0,$89,$2386,$0,$63,$14,$2463,$2552,$147,$875,$107,$1194,$1341,$10,$704,$0,$1211,$2552,$-113,$110,$84,$194,$5,$0,$24,$3,$55,$133,$-124,$0,$0,$0,$0,$0,$47,$-77,$-2,$-53,$-55,$0,$0,$0,$-0,$-55,$0,$8,$0
10,2016-03-31,8.81,$24.90,0.35,$14.92,0.59,$-6.41,0.0,$-16.87,0.0,$0.12B,$0.14B,0.89,$0.90B,$1.28B,0.7,$0.73B,$0.30B,40.87%,$0.73B,$-1.32B,-179.56%,$0.73B,$-1.32B,-179.56%,$0.73B,$-1.01B,-137.74%,$0.73B,$-1.32B,-180.11%,$0.73B,$-0.83B,-112.94%,$-0.83B,$1.28B,-54.93%,$-0.83B,$1.22B,-57.32%,$-0.83B,$2.68B,-26.75%,$-1.32B,$2.18B,-54.41%,$136,$93,$44,$0,$9,$194,$-58,$1,$-57,$-16,$-41,$-41,$-41,$-2,$-58,$50,50,$-0.83,$-0.83,$1,$3,$14,$124,$2478,$0,$63,$16,$2557,$2681,$139,$899,$107,$1261,$1400,$10,$776,$0,$1281,$2681,$-41,$56,$23,$79,$10,$0,$11,$2,$34,$71,$-76,$0,$0,$0,$0,$0,$39,$-37,$-1,$-32,$-33,$0,$0,$0,$-0,$-33,$-0,$5,$0
11,2015-12-31,12.2,$26.06,0.47,$17.40,0.7,$-7.79,0.0,$-21.12,0.0,$0.14B,$0.15B,0.93,$0.92B,$1.31B,0.7,$0.85B,$0.37B,43.38%,$0.85B,$-1.66B,-194.37%,$0.85B,$-1.66B,-194.37%,$0.85B,$-1.30B,-152.87%,$0.85B,$-1.66B,-195.08%,$0.85B,$-1.04B,-121.45%,$-1.04B,$1.31B,-60.51%,$-1.04B,$1.25B,-62.83%,$-1.04B,$2.80B,-30.10%,$-1.66B,$2.23B,-63.25%,$172,$105,$67,$0,$8,$675,$-502,$5,$-497,$-188,$-309,$-309,$-309,$-427,$-502,$49,49,$-6.29,$-6.29,$1,$4,$11,$140,$2581,$0,$63,$16,$2660,$2800,$151,$919,$141,$1335,$1486,$10,$817,$0,$1314,$2800,$-1037,$355,$1082,$1437,$105,$2,$-20,$5,$48,$447,$-550,$0,$0,$0,$0,$0,$0,$-550,$-4,$109,$106,$0,$0,$0,$-3,$103,$-0,$21,$0
12,2015-09-30,11.26,$32.09,0.35,$21.61,0.52,$-10.01,0.0,$-15.71,0.0,$0.15B,$0.18B,0.83,$0.91B,$1.62B,0.56,$1.06B,$0.48B,45.38%,$1.06B,$-1.26B,-118.68%,$1.06B,$-1.26B,-118.68%,$1.06B,$-0.87B,-81.89%,$1.06B,$-1.23B,-116.42%,$1.06B,$-0.77B,-72.64%,$-0.77B,$1.62B,-39.16%,$-0.77B,$1.56B,-40.45%,$-0.77B,$3.29B,-19.95%,$-1.26B,$2.53B,-44.15%,$212,$114,$98,$0,$8,$542,$-329,$-0,$-329,$-124,$-205,$-205,$-205,$-246,$-329,$49,49,$-4.18,$-4.18,$1,$8,$17,$151,$3047,$0,$63,$24,$3134,$3285,$182,$908,$137,$1484,$1667,$10,$1127,$0,$1618,$3285,$-728,$280,$750,$1030,$84,$-2,$-4,$6,$78,$381,$-474,$0,$0,$0,$0,$0,$0,$-474,$-3,$95,$93,$0,$0,$0,$0,$93,$-0,$13,$0
13,2015-06-30,27.12,$36.17,0.75,$25.44,1.07,$-10.91,0.0,$-10.16,0.0,$0.17B,$0.18B,0.94,$0.93B,$1.82B,0.51,$1.25B,$0.59B,47.24%,$1.25B,$-0.84B,-66.93%,$1.25B,$-0.84B,-66.93%,$1.25B,$-0.43B,-34.03%,$1.25B,$-0.80B,-63.73%,$1.25B,$-0.50B,-39.79%,$-0.50B,$1.82B,-23.07%,$-0.50B,$1.76B,-23.77%,$-0.50B,$3.63B,-11.99%,$-0.84B,$2.75B,-28.06%,$214,$123,$91,$0,$10,$643,$-429,$-10,$-439,$-164,$-274,$-274,$-274,$-336,$-429,$49,49,$-5.58,$-5.58,$1,$8,$27,$167,$3376,$0,$63,$24,$3463,$3630,$178,$927,$141,$1628,$1806,$10,$1332,$0,$1824,$3630,$-523,$197,$531,$728,$78,$-2,$-16,$5,$50,$258,$-372,$0,$0,$0,$0,$0,$5,$-366,$-2,$110,$109,$0,$0,$0,$0,$109,$-0,$12,$0
14,2015-03-31,27.98,$41.51,0.67,$29.33,0.95,$-10.52,0.0,$-3.47,0.0,$0.19B,$0.21B,0.92,$0.88B,$2.09B,0.42,$1.44B,$0.72B,49.65%,$1.44B,$-0.30B,-21.04%,$1.44B,$-0.30B,-21.04%,$1.44B,$0.12B,8.13%,$1.44B,$-0.27B,-18.61%,$1.44B,$-0.17B,-11.74%,$-0.17B,$2.09B,-7.44%,$-0.17B,$2.03B,-7.65%,$-0.17B,$4.05B,-3.92%,$-0.30B,$2.98B,-10.01%,$255,$141,$114,$0,$9,$653,$-398,$-1,$-399,$-151,$-248,$-248,$-248,$-295,$-398,$49,49,$-5.07,$-5.07,$1,$8,$27,$191,$3773,$0,$63,$25,$3860,$4051,$207,$884,$143,$1752,$1959,$10,$1606,$0,$2092,$4051,$-248,$104,$260,$363,$52,$-2,$-3,$4,$44,$160,$-233,$0,$0,$0,$0,$0,$2,$-231,$-1,$71,$71,$0,$0,$0,$0,$71,$-0,$6,$0
15,2014-12-31,34.1,$47.03,0.73,$32.06,1.06,$-10.54,0.0,$2.77,12.31,$0.25B,$0.30B,0.83,$0.81B,$2.33B,0.35,$1.57B,$0.80B,51.11%,$1.57B,$0.21B,13.35%,$1.57B,$0.21B,13.35%,$1.57B,$0.62B,39.10%,$1.57B,$0.22B,14.24%,$1.57B,$0.14B,8.65%,$0.14B,$2.33B,5.89%,$0.14B,$2.27B,6.06%,$0.14B,$4.47B,3.14%,$0.21B,$3.15B,6.99%,$379,$201,$178,$0,$11,$480,$-102,$34,$-67,$-25,$-43,$-43,$-43,$9,$-102,$49,49,$-0.88,$-0.87,$1,$6,$31,$252,$4133,$0,$63,$25,$4221,$4474,$304,$812,$149,$1837,$2141,$10,$1855,$0,$2332,$4474,$136,$405,$223,$628,$-61,$3,$5,$6,$-56,$709,$-921,$0,$0,$0,$0,$0,$0,$-921,$-2,$194,$191,$1,$1,$0,$2,$194,$-18,$24,$0
16,2014-09-30,58.65,$47.76,1.23,$31.74,1.85,$-4.34,0.0,$4.70,12.48,$0.22B,$0.35B,0.63,$0.68B,$2.37B,0.29,$1.55B,$0.81B,52.09%,$1.55B,$0.40B,26.01%,$1.55B,$0.40B,26.01%,$1.55B,$0.79B,50.80%,$1.55B,$0.38B,24.15%,$1.55B,$0.23B,14.81%,$0.23B,$2.37B,10.14%,$0.23B,$2.31B,10.43%,$0.23B,$4.43B,5.46%,$0.40B,$3.04B,13.83%,$401,$194,$207,$0,$10,$308,$93,$15,$109,$41,$68,$68,$68,$197,$93,$49,49,$1.39,$1.37,$1,$9,$4,$220,$4125,$0,$63,$24,$4212,$4432,$351,$677,$147,$1713,$2064,$10,$1897,$0,$2368,$4432,$179,$294,$87,$381,$-48,$2,$2,$-0,$-16,$550,$-686,$0,$0,$0,$0,$0,$50,$-637,$-2,$70,$69,$1,$1,$0,$0,$70,$-18,$18,$0
17,2014-06-30,68.83,$46.28,1.49,$30.45,2.26,$-1.80,0.0,$4.03,17.08,$0.21B,$0.32B,0.67,$0.65B,$2.30B,0.28,$1.49B,$0.76B,51.41%,$1.49B,$0.38B,25.84%,$1.49B,$0.38B,25.84%,$1.49B,$0.75B,50.40%,$1.49B,$0.32B,21.67%,$1.49B,$0.20B,13.19%,$0.20B,$2.30B,8.89%,$0.20B,$2.23B,9.15%,$0.20B,$4.28B,4.80%,$0.38B,$2.94B,13.47%,$405,$190,$216,$0,$11,$302,$104,$-15,$89,$34,$54,$54,$54,$206,$104,$49,49,$1.12,$1.11,$1,$9,$0,$211,$3980,$0,$63,$24,$4066,$4278,$315,$646,$169,$1668,$1983,$10,$1830,$0,$2295,$4278,$111,$191,$65,$256,$-45,$2,$-12,$2,$-45,$326,$-420,$0,$0,$0,$0,$0,$41,$-379,$-1,$36,$35,$1,$1,$0,$0,$36,$-18,$12,$0
18,2014-03-31,65.38,$45.08,1.45,$29.21,2.24,$-0.31,0.0,$4.14,15.79,$0.22B,$0.26B,0.85,$0.65B,$2.24B,0.29,$1.42B,$0.72B,50.67%,$1.42B,$0.37B,25.69%,$1.42B,$0.37B,25.69%,$1.42B,$0.71B,49.96%,$1.42B,$0.33B,23.15%,$1.42B,$0.20B,14.14%,$0.20B,$2.24B,9.34%,$0.20B,$2.17B,9.62%,$0.20B,$4.12B,5.04%,$0.37B,$2.88B,12.97%,$388,$185,$203,$0,$10,$273,$115,$-22,$93,$36,$57,$57,$57,$203,$115,$48,49,$1.17,$1.17,$1,$8,$0,$223,$3806,$0,$63,$25,$3894,$4117,$263,$646,$145,$1619,$1882,$10,$1775,$0,$2235,$4117,$57,$88,$32,$120,$-55,$3,$-11,$0,$-55,$123,$-197,$0,$0,$0,$0,$0,$37,$-161,$0,$19,$19,$1,$1,$0,$0,$20,$-18,$5,$0
19,2013-12-31,51.62,$44.26,1.17,$27.85,1.85,$0.92,55.82,$3.80,13.58,$0.21B,$0.24B,0.87,$0.65B,$2.17B,0.3,$1.35B,$0.68B,50.07%,$1.35B,$0.33B,24.04%,$1.35B,$0.33B,24.04%,$1.35B,$0.66B,48.74%,$1.35B,$0.30B,22.26%,$1.35B,$0.18B,13.61%,$0.18B,$2.17B,8.78%,$0.18B,$2.11B,9.05%,$0.18B,$4.02B,4.70%,$0.33B,$2.82B,11.71%,$359,$176,$183,$0,$10,$267,$92,$-8,$84,$32,$51,$51,$51,$183,$92,$48,49,$1.06,$1.05,$19,$11,$16,$212,$3723,$0,$63,$25,$3810,$4022,$244,$646,$158,$1605,$1849,$10,$1718,$0,$2173,$4022,$185,$334,$117,$451,$3,$-2,$16,$5,$39,$674,$-583,$0,$0,$0,$0,$0,$4,$-579,$0,$-78,$-78,$1,$1,$0,$0,$-78,$18,$21,$0
20,2013-09-30,46.49,$43.12,1.08,$27.34,1.7,$-9.01,0.0,$1.57,29.61,$0.18B,$0.23B,0.79,$0.65B,$2.12B,0.31,$1.33B,$0.66B,50.11%,$1.33B,$0.14B,10.64%,$1.33B,$0.14B,10.64%,$1.33B,$0.47B,35.40%,$1.33B,$0.13B,9.51%,$1.33B,$0.08B,5.74%,$0.08B,$2.12B,3.72%,$0.08B,$2.05B,3.83%,$0.08B,$3.93B,1.97%,$0.14B,$2.76B,5.14%,$334,$172,$162,$0,$10,$260,$73,$-17,$56,$22,$34,$34,$34,$157,$73,$48,49,$0.71,$0.70,$2,$10,$5,$182,$3654,$0,$63,$26,$3743,$3925,$230,$646,$159,$1578,$1808,$10,$1667,$-1,$2117,$3925,$133,$243,$88,$331,$2,$-2,$0,$1,$32,$501,$-513,$0,$0,$0,$0,$0,$90,$-423,$0,$-78,$-78,$1,$1,$0,$0,$-78,$1,$17,$0
21,2013-06-30,42.58,$42.35,1.01,$27.16,1.57,$-22.74,0.0,$1.84,23.14,$0.20B,$0.19B,1.05,$0.72B,$2.08B,0.34,$1.31B,$0.67B,50.88%,$1.31B,$0.16B,11.88%,$1.31B,$0.16B,11.88%,$1.31B,$0.47B,35.87%,$1.31B,$0.15B,11.12%,$1.31B,$0.09B,6.78%,$0.09B,$2.08B,4.40%,$0.09B,$2.02B,4.54%,$0.09B,$3.90B,2.33%,$0.16B,$2.80B,5.73%,$340,$168,$172,$0,$10,$256,$85,$12,$96,$37,$59,$59,$59,$167,$85,$48,49,$1.22,$1.22,$1,$9,$10,$200,$3606,$0,$63,$31,$3700,$3900,$190,$715,$161,$1630,$1820,$10,$1633,$2,$2080,$3900,$99,$159,$56,$215,$-13,$-1,$2,$1,$1,$318,$-339,$0,$0,$0,$0,$0,$17,$-322,$0,$5,$5,$0,$0,$0,$0,$5,$0,$11,$0
22,2013-03-31,45.55,$40.94,1.11,$26.98,1.69,$-23.53,0.0,$0.22,207.05,$0.19B,$0.21B,0.89,$0.72B,$2.01B,0.36,$1.30B,$0.67B,51.73%,$1.30B,$0.04B,3.15%,$1.30B,$0.04B,3.15%,$1.30B,$0.36B,27.52%,$1.30B,$0.02B,1.46%,$1.30B,$0.01B,0.85%,$0.01B,$2.01B,0.55%,$0.01B,$1.95B,0.57%,$0.01B,$3.82B,0.30%,$0.04B,$2.73B,1.57%,$319,$158,$160,$0,$9,$244,$75,$-10,$65,$25,$40,$40,$40,$152,$75,$48,48,$0.84,$0.83,$1,$9,$3,$190,$3538,$0,$63,$25,$3625,$3815,$212,$715,$159,$1592,$1805,$10,$1574,$-4,$2010,$3815,$40,$77,$34,$112,$-8,$-1,$23,$2,$26,$180,$-193,$0,$0,$0,$0,$0,$1,$-191,$0,$12,$12,$0,$0,$0,$0,$12,$0,$5,$0
23,2012-12-31,45.05,$43.31,1.04,$27.34,1.65,$-24.19,0.0,$0.48,93.85,$0.20B,$0.21B,0.95,$0.72B,$1.97B,0.36,$1.32B,$0.69B,52.28%,$1.32B,$0.06B,4.18%,$1.32B,$0.06B,4.18%,$1.32B,$0.37B,28.42%,$1.32B,$0.04B,3.04%,$1.32B,$0.02B,1.75%,$0.02B,$1.97B,1.15%,$0.02B,$1.91B,1.19%,$0.02B,$3.76B,0.65%,$0.06B,$2.69B,2.20%,$332,$162,$170,$0,$9,$423,$-92,$0,$-91,$-35,$-57,$-57,$-57,$-7,$-92,$48,48,$-1.19,$-1.18,$1,$9,$9,$196,$3477,$0,$63,$25,$3565,$3761,$207,$716,$168,$1580,$1787,$10,$1534,$8,$1974,$3761,$23,$319,$322,$641,$14,$-0,$10,$-4,$27,$691,$-1079,$0,$0,$0,$0,$0,$0,$-1079,$386,$2,$388,$0,$0,$0,$0,$388,$0,$17,$0
24,2012-09-30,41.5,$41.78,0.99,$27.65,1.5,$-19.46,0.0,$2.74,15.15,$0.21B,$0.25B,0.85,$0.65B,$2.03B,0.32,$1.33B,$0.69B,51.92%,$1.33B,$0.23B,17.46%,$1.33B,$0.23B,17.46%,$1.33B,$0.55B,41.01%,$1.33B,$0.22B,16.25%,$1.33B,$0.13B,9.93%,$0.13B,$2.03B,6.62%,$0.13B,$1.97B,6.84%,$0.13B,$3.82B,3.84%,$0.23B,$2.67B,9.70%,$322,$155,$166,$0,$8,$234,$88,$-11,$76,$30,$47,$47,$47,$159,$88,$48,48,$0.97,$0.97,$1,$10,$15,$210,$3519,$0,$64,$28,$3611,$3821,$247,$645,$165,$1545,$1792,$10,$1590,$10,$2029,$3821,$80,$234,$182,$417,$5,$-2,$-12,$-1,$13,$512,$-1185,$0,$0,$0,$0,$0,$297,$-889,$386,$-10,$377,$0,$0,$0,$0,$377,$0,$12,$0
25,2012-06-30,36.89,$41.17,0.9,$27.72,1.33,$-9.12,0.0,$2.88,12.81,$0.24B,$0.20B,1.21,$0.33B,$2.00B,0.17,$1.33B,$0.69B,51.99%,$1.33B,$0.23B,17.43%,$1.33B,$0.23B,17.43%,$1.33B,$0.55B,41.10%,$1.33B,$0.23B,17.05%,$1.33B,$0.14B,10.37%,$0.14B,$2.00B,7.03%,$0.14B,$1.94B,7.27%,$0.14B,$3.35B,4.21%,$0.23B,$2.33B,10.19%,$328,$150,$177,$0,$8,$358,$-30,$-1,$-31,$-12,$-19,$-19,$-19,$54,$-30,$48,48,$-0.40,$-0.40,$1,$8,$43,$237,$3026,$0,$64,$22,$3117,$3353,$195,$333,$116,$1158,$1353,$10,$1543,$30,$2000,$3353,$33,$163,$147,$310,$2,$-0,$-29,$-1,$-30,$315,$-374,$0,$0,$0,$0,$0,$6,$-368,$0,$53,$53,$0,$0,$0,$0,$53,$0,$8,$0
26,2012-03-31,42.76,$41.16,1.04,$26.96,1.59,$-9.85,0.0,$4.32,9.9,$0.22B,$0.19B,1.2,$0.32B,$2.00B,0.16,$1.29B,$0.67B,51.93%,$1.29B,$0.34B,26.58%,$1.29B,$0.34B,26.58%,$1.29B,$0.64B,49.69%,$1.29B,$0.34B,26.20%,$1.29B,$0.21B,16.00%,$0.21B,$2.00B,10.80%,$0.21B,$1.94B,11.17%,$0.21B,$3.33B,6.54%,$0.34B,$2.32B,15.56%,$334,$159,$175,$0,$7,$245,$89,$-3,$86,$33,$52,$52,$52,$168,$89,$48,48,$1.10,$1.09,$1,$8,$27,$224,$3023,$0,$64,$11,$3104,$3328,$186,$316,$112,$1143,$1329,$10,$1563,$14,$1999,$3328,$52,$79,$38,$117,$-3,$0,$-22,$-0,$-23,$148,$-193,$0,$0,$0,$0,$0,$3,$-189,$0,$42,$42,$0,$0,$0,$0,$42,$0,$4,$0
27,2011-12-31,46.4,$40.44,1.15,$25.18,1.84,$-9.93,0.0,$4.09,11.34,$0.23B,$0.21B,1.07,$0.30B,$1.95B,0.15,$1.21B,$0.63B,52.36%,$1.21B,$0.32B,26.59%,$1.21B,$0.32B,26.59%,$1.21B,$0.60B,49.96%,$1.21B,$0.32B,26.43%,$1.21B,$0.20B,16.24%,$0.20B,$1.95B,10.57%,$0.20B,$1.88B,10.96%,$0.20B,$3.26B,6.47%,$0.32B,$2.25B,15.18%,$345,$173,$172,$0,$8,$260,$85,$-1,$85,$33,$52,$52,$52,$164,$85,$48,48,$1.08,$1.07,$1,$8,$32,$228,$2942,$0,$65,$21,$3028,$3257,$213,$300,$114,$1097,$1310,$10,$1510,$19,$1947,$3257,$196,$280,$142,$423,$-39,$-2,$-1,$22,$-10,$608,$-768,$0,$0,$0,$0,$0,$0,$-768,$244,$-87,$157,$1,$1,$0,$1,$159,$-1,$14,$0
28,2011-09-30,36.92,$39.68,0.93,$23.08,1.6,$-9.67,0.0,$3.93,9.39,$0.24B,$0.18B,1.33,$0.31B,$1.91B,0.16,$1.10B,$0.59B,53.31%,$1.10B,$0.30B,26.84%,$1.10B,$0.30B,26.84%,$1.10B,$0.56B,50.86%,$1.10B,$0.31B,27.65%,$1.10B,$0.19B,17.04%,$0.19B,$1.91B,10.47%,$0.19B,$1.85B,10.87%,$0.19B,$3.17B,6.52%,$0.30B,$2.22B,14.65%,$324,$156,$168,$0,$8,$236,$88,$-1,$87,$33,$53,$53,$53,$161,$88,$48,48,$1.12,$1.11,$1,$8,$41,$236,$2822,$0,$65,$36,$2929,$3165,$178,$305,$113,$1077,$1255,$10,$1459,$37,$1910,$3165,$144,$202,$102,$304,$-26,$-2,$-30,$12,$-33,$418,$-592,$0,$0,$0,$0,$0,$8,$-584,$244,$-79,$165,$1,$1,$0,$0,$166,$-0,$11,$0
29,2011-06-30,60.93,$37.65,1.62,$20.92,2.91,$-9.10,0.0,$3.55,17.16,$0.19B,$0.15B,1.3,$0.25B,$1.81B,0.14,$1.00B,$0.54B,53.66%,$1.00B,$0.26B,26.48%,$1.00B,$0.26B,26.48%,$1.00B,$0.51B,50.95%,$1.00B,$0.27B,27.48%,$1.00B,$0.17B,16.95%,$0.17B,$1.81B,9.72%,$0.17B,$1.75B,10.11%,$0.17B,$2.92B,6.19%,$0.26B,$2.06B,13.74%,$291,$134,$157,$0,$7,$210,$82,$-1,$81,$31,$50,$50,$50,$150,$82,$48,48,$1.05,$1.04,$1,$7,$5,$190,$2641,$0,$65,$16,$2728,$2918,$146,$250,$95,$958,$1104,$10,$1405,$-3,$1813,$2918,$91,$129,$63,$192,$-11,$-0,$-26,$7,$-25,$260,$-354,$0,$0,$0,$0,$0,$2,$-352,$244,$-152,$92,$1,$1,$0,$0,$92,$-0,$7,$0
30,2011-03-31,61.95,$36.22,1.71,$19.14,3.24,$-9.94,0.0,$3.19,19.42,$0.19B,$0.18B,1.07,$0.19B,$1.75B,0.11,$0.91B,$0.48B,53.02%,$0.91B,$0.23B,25.69%,$0.91B,$0.23B,25.69%,$0.91B,$0.46B,50.16%,$0.91B,$0.25B,26.89%,$0.91B,$0.15B,16.58%,$0.15B,$1.75B,8.89%,$0.15B,$1.68B,9.25%,$0.15B,$2.79B,5.77%,$0.23B,$1.93B,12.63%,$247,$113,$135,$0,$7,$181,$66,$-0,$66,$25,$41,$41,$41,$128,$66,$48,48,$0.86,$0.86,$1,$6,$0,$189,$2519,$0,$66,$13,$2597,$2786,$176,$185,$101,$865,$1041,$10,$1356,$-21,$1745,$2786,$41,$62,$31,$93,$-5,$0,$-16,$7,$-13,$121,$-170,$0,$0,$0,$0,$0,$0,$-169,$0,$47,$47,$1,$1,$0,$0,$48,$-0,$3,$0
31,2010-12-31,46.48,$35.70,1.3,$18.30,2.54,$-9.48,0.0,$3.09,15.04,$0.19B,$0.15B,1.28,$0.16B,$1.71B,0.1,$0.87B,$0.46B,52.35%,$0.87B,$0.23B,26.06%,$0.87B,$0.23B,26.06%,$0.87B,$0.43B,49.48%,$0.87B,$0.24B,27.32%,$0.87B,$0.15B,16.76%,$0.15B,$1.71B,8.75%,$0.15B,$1.65B,9.11%,$0.15B,$2.67B,5.84%,$0.23B,$1.87B,12.72%,$241,$113,$128,$0,$7,$182,$60,$0,$71,$27,$44,$44,$44,$122,$60,$47,47,$0.92,$0.92,$1,$6,$6,$188,$2400,$0,$66,$15,$2481,$2669,$147,$163,$92,$811,$959,$9,$1314,$-7,$1711,$2669,$146,$205,$103,$308,$-59,$1,$-9,$6,$-64,$390,$-536,$0,$0,$0,$0,$0,$0,$-536,$0,$146,$146,$0,$0,$0,$0,$146,$0,$10,$0
32,2010-09-30,37.29,$35.13,1.06,$16.99,2.19,$-1.74,0.0,$2.77,13.46,$0.16B,$0.12B,1.29,$0.14B,$1.68B,0.08,$0.81B,$0.42B,52.29%,$0.81B,$0.21B,26.52%,$0.81B,$0.21B,26.52%,$0.81B,$0.40B,49.07%,$0.81B,$0.21B,26.52%,$0.81B,$0.13B,16.23%,$0.13B,$1.68B,8.02%,$0.13B,$1.62B,8.37%,$0.13B,$2.55B,5.48%,$0.21B,$1.82B,12.48%,$218,$103,$115,$0,$7,$162,$56,$0,$56,$21,$34,$34,$34,$108,$56,$47,47,$0.73,$0.73,$1,$7,$19,$158,$2298,$0,$66,$23,$2387,$2545,$123,$135,$91,$739,$862,$9,$1271,$12,$1683,$2545,$103,$143,$62,$205,$-36,$0,$-8,$12,$-26,$284,$-428,$0,$0,$0,$0,$0,$35,$-394,$0,$110,$110,$0,$0,$0,$0,$110,$-0,$7,$0
33,2010-06-30,40.59,$34.62,1.17,$15.93,2.55,$5.90,6.88,$2.70,15.03,$0.16B,$0.11B,1.43,$0.13B,$1.66B,0.08,$0.76B,$0.40B,53.44%,$0.76B,$0.21B,27.65%,$0.76B,$0.21B,27.65%,$0.76B,$0.38B,50.26%,$0.76B,$0.21B,27.65%,$0.76B,$0.13B,16.93%,$0.13B,$1.66B,8.01%,$0.13B,$1.59B,8.37%,$0.13B,$2.46B,5.58%,$0.21B,$1.79B,12.65%,$205,$99,$105,$0,$6,$152,$52,$0,$52,$20,$32,$32,$32,$99,$52,$47,48,$0.68,$0.68,$2,$7,$26,$156,$2217,$0,$67,$22,$2305,$2462,$109,$130,$82,$696,$806,$9,$1236,$17,$1656,$2462,$68,$90,$32,$122,$-18,$-0,$2,$4,$-14,$178,$-312,$0,$0,$0,$0,$0,$34,$-277,$0,$100,$100,$0,$0,$0,$0,$100,$1,$7,$0
34,2010-03-31,42.28,$34.04,1.24,$15.10,2.8,$11.14,3.79,$2.70,15.66,$0.17B,$0.12B,1.49,$0.03B,$1.63B,0.02,$0.72B,$0.40B,55.52%,$0.72B,$0.21B,29.23%,$0.72B,$0.21B,29.23%,$0.72B,$0.37B,52.31%,$0.72B,$0.21B,29.23%,$0.72B,$0.13B,17.90%,$0.13B,$1.63B,8.17%,$0.13B,$1.56B,8.55%,$0.13B,$2.32B,5.72%,$0.21B,$1.66B,12.93%,$207,$99,$108,$0,$6,$148,$59,$0,$59,$22,$36,$36,$36,$102,$59,$47,48,$0.77,$0.76,$1,$7,$40,$171,$2064,$0,$68,$19,$2150,$2321,$115,$30,$81,$578,$693,$9,$1204,$24,$1628,$2321,$36,$43,$17,$60,$-13,$0,$1,$-1,$-17,$80,$-106,$0,$0,$0,$0,$0,$19,$-87,$0,$7,$7,$0,$0,$0,$0,$7,$-0,$3,$0
35,2009-12-31,42.5,$32.94,1.29,$15.05,2.82,$12.98,3.27,$-1.20,0.0,$0.13B,$0.11B,1.22,$0.03B,$1.57B,0.02,$0.71B,$0.39B,55.57%,$0.71B,$-0.09B,-12.27%,$0.71B,$-0.09B,-12.27%,$0.71B,$0.09B,12.69%,$0.71B,$-0.09B,-12.27%,$0.71B,$-0.06B,-7.76%,$-0.06B,$1.57B,-3.57%,$-0.06B,$1.50B,-3.74%,$-0.06B,$2.23B,-2.46%,$-0.09B,$1.60B,-5.35%,$177,$83,$94,$0,$7,$131,$47,$0,$47,$18,$29,$29,$29,$87,$47,$47,47,$0.61,$0.62,$1,$7,$10,$128,$2014,$0,$68,$18,$2100,$2228,$105,$30,$81,$557,$663,$9,$1168,$4,$1566,$2228,$-56,$177,$259,$436,$116,$3,$-7,$-1,$110,$490,$-272,$0,$0,$0,$0,$0,$0,$-272,$0,$-218,$-218,$0,$0,$0,$-0,$-218,$1,$11,$0
36,2009-09-30,41.25,$32.43,1.27,$17.48,2.36,$5.91,6.98,$-4.36,0.0,$0.11B,$0.10B,1.17,$0.03B,$1.54B,0.02,$0.82B,$0.46B,56.14%,$0.82B,$-0.33B,-39.61%,$0.82B,$-0.33B,-39.61%,$0.82B,$-0.12B,-14.82%,$0.82B,$-0.33B,-39.73%,$0.82B,$-0.20B,-24.79%,$-0.20B,$1.54B,-13.09%,$-0.20B,$1.47B,-13.71%,$-0.20B,$2.16B,-8.79%,$-0.33B,$1.57B,-19.36%,$167,$70,$97,$0,$6,$116,$51,$-0,$51,$20,$31,$31,$31,$92,$51,$47,47,$0.67,$0.66,$1,$10,$23,$112,$1962,$0,$69,$20,$2051,$2163,$95,$30,$81,$527,$622,$9,$1139,$10,$1541,$2163,$-84,$137,$228,$365,$130,$0,$-2,$25,$140,$423,$-205,$0,$0,$0,$0,$0,$0,$-205,$0,$-217,$-217,$0,$0,$0,$0,$-217,$1,$8,$0
37,2009-06-30,27.57,$32.35,0.85,$21.96,1.26,$0.71,38.99,$-3.06,0.0,$0.18B,$0.11B,1.61,$0.11B,$1.53B,0.07,$1.03B,$0.58B,56.30%,$1.03B,$-0.23B,-22.29%,$1.03B,$-0.23B,-22.29%,$1.03B,$-0.01B,-0.48%,$1.03B,$-0.23B,-22.48%,$1.03B,$-0.14B,-13.86%,$-0.14B,$1.53B,-8.92%,$-0.14B,$1.46B,-9.33%,$-0.14B,$2.23B,-5.83%,$-0.23B,$1.64B,-13.08%,$164,$66,$98,$0,$5,$112,$52,$-0,$52,$20,$32,$32,$32,$93,$52,$47,47,$0.68,$0.68,$1,$11,$49,$177,$1962,$0,$70,$25,$2056,$2233,$110,$111,$77,$595,$705,$9,$1108,$31,$1529,$2233,$-115,$96,$217,$312,$97,$-1,$9,$10,$111,$309,$-193,$0,$0,$0,$0,$0,$11,$-182,$0,$-127,$-127,$0,$0,$0,$0,$-127,$0,$6,$0
38,2009-03-31,20.92,$32.16,0.65,$26.37,0.79,$-1.40,0.0,$-1.74,0.0,$0.25B,$0.15B,1.7,$0.16B,$1.53B,0.11,$1.24B,$0.70B,56.46%,$1.24B,$-0.13B,-10.66%,$1.24B,$-0.13B,-10.66%,$1.24B,$0.11B,8.97%,$1.24B,$-0.14B,-10.90%,$1.24B,$-0.08B,-6.54%,$-0.08B,$1.53B,-5.02%,$-0.08B,$1.46B,-5.26%,$-0.08B,$2.31B,-3.23%,$-0.13B,$1.69B,-7.48%,$201,$96,$105,$0,$6,$438,$-237,$-0,$-237,$-90,$-147,$-147,$-147,$-182,$-237,$47,47,$-3.14,$-3.14,$1,$10,$86,$250,$1950,$0,$71,$38,$2059,$2309,$147,$164,$76,$633,$780,$9,$1076,$66,$1529,$2309,$-147,$55,$195,$250,$62,$-1,$1,$9,$70,$173,$-112,$0,$0,$0,$0,$0,$0,$-112,$0,$-60,$-60,$0,$0,$0,$0,$-60,$0,$3,$0
39,2008-12-31,26.72,$34.56,0.77,$28.95,0.92,$-2.71,0.0,$3.05,8.76,$0.29B,$0.20B,1.46,$0.20B,$1.63B,0.12,$1.36B,$0.78B,57.29%,$1.36B,$0.23B,16.79%,$1.36B,$0.23B,16.79%,$1.36B,$0.47B,34.68%,$1.36B,$0.22B,16.49%,$1.36B,$0.14B,10.53%,$0.14B,$1.63B,8.91%,$0.14B,$1.56B,9.34%,$0.14B,$2.58B,5.69%,$0.23B,$1.83B,13.06%,$291,$129,$162,$0,$5,$484,$-192,$-0,$-193,$-73,$-120,$-120,$-120,$-125,$-192,$47,47,$-2.58,$-2.55,$1,$10,$52,$287,$2202,$0,$72,$21,$2295,$2582,$196,$200,$76,$752,$949,$9,$1223,$33,$1633,$2582,$144,$245,$342,$587,$-34,$4,$4,$-14,$-40,$690,$-803,$0,$0,$0,$0,$0,$-3,$-806,$0,$112,$112,$3,$3,$0,$1,$116,$-0,$16,$0
40,2008-09-30,49.82,$36.46,1.37,$29.36,1.7,$1.11,44.95,$7.16,6.96,$0.22B,$0.19B,1.2,$0.15B,$1.72B,0.09,$1.38B,$0.79B,57.34%,$1.38B,$0.53B,38.66%,$1.38B,$0.53B,38.66%,$1.38B,$0.76B,55.45%,$1.38B,$0.53B,38.37%,$1.38B,$0.34B,24.35%,$0.34B,$1.72B,21.55%,$0.34B,$1.65B,22.64%,$0.34B,$2.69B,13.86%,$0.53B,$1.87B,31.73%,$376,$159,$216,$0,$7,$229,$147,$-0,$146,$54,$92,$92,$92,$209,$147,$47,47,$1.98,$1.96,$1,$7,$24,$224,$2374,$0,$73,$20,$2467,$2691,$187,$148,$90,$781,$968,$9,$1343,$8,$1723,$2691,$263,$177,$114,$291,$-33,$6,$-31,$-2,$-43,$525,$-554,$0,$-26,$0,$0,$0,$1,$-578,$0,$50,$50,$3,$3,$0,$1,$53,$-0,$0,$0
41,2008-06-30,82.97,$33.10,2.51,$27.49,3.02,$2.68,30.96,$6.57,12.63,$0.25B,$0.22B,1.12,$0.10B,$1.56B,0.07,$1.29B,$0.73B,56.77%,$1.29B,$0.49B,37.87%,$1.29B,$0.49B,37.87%,$1.29B,$0.71B,54.90%,$1.29B,$0.48B,37.48%,$1.29B,$0.31B,23.87%,$0.31B,$1.56B,20.97%,$0.31B,$1.49B,22.13%,$0.31B,$2.46B,13.51%,$0.49B,$1.67B,30.69%,$370,$154,$216,$0,$7,$220,$150,$-0,$149,$55,$94,$94,$94,$209,$150,$47,47,$2.02,$2.00,$1,$18,$45,$250,$2124,$0,$74,$16,$2214,$2463,$223,$103,$75,$677,$900,$9,$1251,$-55,$1564,$2463,$171,$114,$75,$190,$-23,$-4,$-25,$-6,$-50,$320,$-305,$0,$0,$0,$0,$0,$2,$-302,$0,$-21,$-21,$2,$2,$0,$1,$-18,$-0,$0,$0
42,2008-03-31,56.65,$31.76,1.78,$25.77,2.2,$1.43,39.52,$5.98,9.47,$0.21B,$0.18B,1.2,$0.12B,$1.50B,0.08,$1.20B,$0.67B,55.69%,$1.20B,$0.44B,36.66%,$1.20B,$0.44B,36.66%,$1.20B,$0.65B,53.87%,$1.20B,$0.44B,36.16%,$1.20B,$0.28B,23.19%,$0.28B,$1.50B,19.99%,$0.28B,$1.42B,21.16%,$0.28B,$2.31B,12.81%,$0.44B,$1.61B,28.53%,$321,$137,$184,$0,$7,$198,$123,$-1,$122,$45,$77,$77,$77,$178,$123,$46,47,$1.66,$1.65,$1,$14,$25,$214,$2010,$0,$75,$15,$2100,$2314,$178,$117,$67,$639,$817,$9,$1157,$-22,$1497,$2314,$77,$55,$30,$85,$-16,$-0,$2,$-2,$-7,$159,$-160,$0,$0,$0,$0,$0,$1,$-159,$0,$-1,$-1,$0,$0,$0,$0,$-0,$-0,$0,$0
43,2007-12-31,46.25,$30.51,1.52,$24.86,1.86,$1.80,25.71,$5.72,8.09,$0.20B,$0.16B,1.26,$0.12B,$1.44B,0.08,$1.16B,$0.64B,54.96%,$1.16B,$0.42B,36.24%,$1.16B,$0.42B,36.24%,$1.16B,$0.62B,53.15%,$1.16B,$0.41B,35.63%,$1.16B,$0.27B,22.95%,$0.27B,$1.44B,20.03%,$0.27B,$1.36B,21.26%,$0.27B,$2.20B,12.76%,$0.42B,$1.56B,28.24%,$309,$136,$173,$0,$6,$196,$112,$-1,$111,$39,$72,$72,$72,$167,$112,$46,47,$1.56,$1.54,$1,$14,$2,$197,$1911,$0,$77,$15,$2003,$2200,$156,$121,$59,$609,$765,$9,$1080,$1,$1435,$2200,$266,$196,$93,$289,$39,$5,$-7,$-5,$22,$578,$-512,$0,$0,$0,$0,$0,$-0,$-512,$0,$-66,$-66,$1,$1,$0,$0,$-65,$0,$9,$0
44,2007-09-30,48.4,$29.29,1.65,$24.69,1.96,$-0.31,0.0,$5.92,8.18,$0.20B,$0.15B,1.32,$0.15B,$1.36B,0.11,$1.15B,$0.64B,55.70%,$1.15B,$0.43B,37.51%,$1.15B,$0.43B,37.51%,$1.15B,$0.62B,53.96%,$1.15B,$0.42B,36.81%,$1.15B,$0.28B,23.93%,$0.28B,$1.36B,21.84%,$0.28B,$1.28B,23.26%,$0.28B,$2.11B,13.72%,$0.43B,$1.51B,30.11%,$286,$129,$157,$0,$5,$185,$102,$-2,$100,$36,$64,$64,$64,$152,$102,$46,47,$1.38,$1.37,$1,$17,$16,$200,$1822,$0,$78,$15,$1914,$2113,$151,$154,$52,$603,$755,$9,$1008,$-0,$1359,$2113,$194,$142,$55,$197,$35,$2,$-24,$-3,$-5,$389,$-345,$0,$-39,$0,$0,$0,$3,$-380,$0,$-10,$-10,$1,$1,$0,$0,$-10,$0,$0,$0
45,2007-06-30,62.91,$27.85,2.26,$25.01,2.52,$-0.19,0.0,$6.30,9.99,$0.24B,$0.15B,1.58,$0.21B,$1.29B,0.16,$1.16B,$0.66B,56.84%,$1.16B,$0.46B,39.47%,$1.16B,$0.46B,39.47%,$1.16B,$0.64B,55.12%,$1.16B,$0.45B,38.87%,$1.16B,$0.29B,25.11%,$0.29B,$1.29B,24.58%,$0.29B,$1.21B,26.15%,$0.29B,$2.08B,15.31%,$0.46B,$1.50B,33.79%,$287,$131,$156,$0,$5,$183,$104,$-2,$102,$37,$66,$66,$66,$151,$104,$46,47,$1.41,$1.41,$1,$19,$12,$237,$1751,$0,$79,$14,$1844,$2082,$150,$210,$55,$638,$789,$9,$944,$0,$1293,$2082,$130,$92,$30,$122,$-5,$-0,$-22,$2,$-37,$219,$-262,$0,$0,$0,$0,$0,$3,$-259,$0,$39,$39,$1,$1,$0,$0,$39,$-0,$0,$0
46,2007-03-31,50.59,$26.42,1.92,$24.90,2.03,$0.92,54.96,$6.50,7.78,$0.22B,$0.18B,1.27,$0.15B,$1.23B,0.12,$1.16B,$0.67B,57.87%,$1.16B,$0.48B,41.09%,$1.16B,$0.48B,41.09%,$1.16B,$0.65B,56.14%,$1.16B,$0.47B,40.57%,$1.16B,$0.30B,26.04%,$0.30B,$1.23B,27.05%,$0.30B,$1.15B,28.64%,$0.30B,$1.95B,16.85%,$0.48B,$1.38B,37.61%,$277,$126,$151,$0,$5,$176,$102,$-2,$100,$36,$64,$64,$64,$146,$102,$46,47,$1.39,$1.39,$1,$18,$11,$222,$1636,$0,$74,$14,$1724,$1946,$175,$152,$56,$546,$721,$9,$878,$-0,$1226,$1946,$64,$45,$13,$58,$9,$0,$-16,$1,$4,$129,$-112,$0,$0,$0,$0,$0,$1,$-111,$0,$-18,$-18,$0,$0,$0,$0,$-17,$0,$0,$0
47,2006-12-31,48.45,$25.02,1.94,$25.03,1.94,$1.82,26.58,$6.72,7.21,$0.23B,$0.16B,1.45,$0.17B,$1.16B,0.15,$1.16B,$0.68B,58.43%,$1.16B,$0.49B,42.43%,$1.16B,$0.49B,42.43%,$1.16B,$0.66B,56.88%,$1.16B,$0.49B,42.00%,$1.16B,$0.31B,26.85%,$0.31B,$1.16B,30.16%,$0.31B,$1.08B,31.79%,$0.31B,$1.87B,18.65%,$0.49B,$1.33B,42.15%,$299,$123,$176,$0,$6,$176,$123,$-2,$121,$40,$81,$81,$81,$171,$123,$46,46,$1.75,$1.75,$1,$19,$0,$233,$1553,$0,$75,$14,$1641,$1874,$161,$174,$56,$555,$716,$9,$814,$1,$1158,$1874,$312,$167,$70,$237,$7,$-5,$-33,$-3,$-43,$507,$-540,$0,$0,$0,$0,$0,$-1,$-541,$0,$32,$32,$1,$1,$0,$1,$34,$-0,$7,$0
