,Date,Stock Price,Book Value per Share,Price to Book Ratio,TTM Sales per Share,Price to Sales Ratio,TTM FCF per Share,Price to FCF Ratio,TTM Net EPS,PE Ratio,Current Assets,Current Liabilities,Current Ratio,Long Term Debt,Shareholder's Equity_x,Debt to Equity Ratio,TTM Revenue_x,TTM Gross Profit,Gross Margin,TTM Revenue_y,TTM Operating Income,Operating Margin,TTM Revenue_x,TTM EBIT,EBIT Margin,TTM Revenue_y,TTM EBITDA,EBITDA Margin,TTM Revenue_x,TTM Pre-Tax Income,Pre-Tax Margin,TTM Revenue_y,TTM Net Income_x,Net Margin,TTM Net Income_y,Shareholder's Equity_y,Return on Equity,TTM Net Income_x,Tangible Equity,Return on Tangible Equity,TTM Net Income_y,Total Assets,Return on Assets,TTM Net Income,LT Investments & Debt,Return on Investment,revenue,cost-goods-sold,gross-profit,research-development-expenses,selling-general-administrative-expenses,operating-expenses,operating-income,total-non-operating-income-expense,pre-tax-income,total-provision-income-taxes,income-after-taxes,income-from-continuous-operations,net-income,ebitda,ebit,basic-shares-outstanding,shares-outstanding,eps-basic-net-earnings-per-share,eps-earnings-per-share-diluted,cash-on-hand,inventory,other-current-assets,total-current-assets,net-property-plant-equipment,long-term-investments,goodwill-intangible-assets-total,other-long-term-assets,total-long-term-assets,total-assets,total-current-liabilities,long-term-debt,other-non-current-liabilities,total-long-term-liabilities,total-liabilities,common-stock-net,retained-earnings-accumulated-deficit,comprehensive-income,total-share-holder-equity,total-liabilities-share-holders-equity,net-income-loss,total-depreciation-amortization-cash-flow,other-non-cash-items,total-non-cash-items,change-in-accounts-receivable,change-in-inventories,change-in-accounts-payable,change-in-assets-liabilities,total-change-in-assets-liabilities,cash-flow-from-operating-activities,net-change-in-property-plant-equipment,net-change-in-intangible-assets,net-acquisitions-divestitures,net-change-in-short-term-investments,net-change-in-long-term-investments,net-change-in-investments-total,investing-activities-other,cash-flow-from-investing-activities,net-long-term-debt,net-current-debt,debt-issuance-retirement-net-total,net-common-equity-issued-repurchased,net-total-equity-issued-repurchased,total-common-preferred-stock-dividends-paid,financial-activities-other,cash-flow-from-financial-activities,net-cash-flow,stock-based-compensation,common-stock-dividends-paid
0,2018-09-30,2.0,$1.33,1.5,$9.04,0.22,$2.38,0.84,$2.51,0.8,$0.20B,$0.09B,2.15,$0.93B,$0.06B,14.73,$0.44B,$0.31B,71.26%,$0.44B,$0.09B,19.54%,$0.44B,$0.09B,19.54%,$0.44B,$0.16B,37.47%,$0.44B,$0.02B,3.91%,$0.44B,$0.15B,33.33%,$0.15B,$0.06B,355.83%,$0.15B,$-0.87B,-15.93%,$0.15B,$1.29B,11.15%,$0.09B,$0.99B,8.63%,$111,$31,$80,$0,$39,$79,$32,$-17,$15,$-8,$23,$23,$23,$52,$32,$45,47,$0.51,$0.49,$46,$0,$39,$198,$26,$0,$935,$128,$1090,$1288,$92,$925,$59,$1133,$1225,$0,$-917,$0,$63,$1288,$25,$60,$-2,$58,$5,$0,$-2,$-43,$-39,$44,$-4,$0,$-5,$0,$0,$0,$13,$4,$-32,$0,$-32,$-7,$-7,$-1,$-1,$-40,$8,$4,$-1
1,2018-06-30,2.1,$0.83,2.52,$9.11,0.23,$1.85,1.13,$2.34,0.9,$0.18B,$0.10B,1.9,$0.93B,$0.04B,23.25,$0.44B,$0.31B,70.41%,$0.44B,$0.06B,13.07%,$0.44B,$0.06B,13.07%,$0.44B,$0.14B,31.65%,$0.44B,$-0.01B,-2.75%,$0.44B,$0.11B,26.15%,$0.11B,$0.04B,2280.00%,$0.11B,$-0.90B,-11.91%,$0.11B,$1.29B,8.70%,$0.06B,$0.97B,5.91%,$115,$30,$85,$0,$52,$90,$25,$-16,$8,$-16,$24,$24,$24,$44,$25,$46,48,$0.51,$0.49,$37,$0,$37,$182,$24,$0,$939,$146,$1108,$1290,$96,$930,$67,$1154,$1250,$0,$-940,$0,$40,$1290,$1,$40,$6,$46,$11,$0,$-0,$-24,$-13,$34,$-2,$0,$0,$0,$0,$0,$0,$-2,$-26,$0,$-26,$-6,$-6,$-1,$-1,$-33,$-1,$3,$-1
2,2018-03-31,2.05,$0.36,5.74,$9.17,0.22,$1.37,1.5,$1.87,1.1,$0.19B,$0.09B,2.09,$0.96B,$0.02B,55.19,$0.44B,$0.31B,69.93%,$0.44B,$0.04B,10.02%,$0.44B,$0.04B,10.02%,$0.44B,$0.13B,28.70%,$0.44B,$-0.02B,-4.33%,$0.44B,$0.09B,20.73%,$0.09B,$0.02B,-391.40%,$0.09B,$-0.94B,-9.09%,$0.09B,$1.31B,6.85%,$0.04B,$0.97B,4.60%,$100,$32,$67,$0,$45,$92,$7,$-17,$-10,$13,$-23,$-23,$-23,$28,$7,$47,47,$-0.48,$-0.48,$44,$0,$38,$191,$24,$0,$958,$132,$1115,$1306,$91,$956,$68,$1197,$1288,$0,$-964,$0,$17,$1306,$-23,$20,$21,$41,$13,$0,$-1,$-10,$4,$22,$-1,$0,$0,$0,$0,$0,$0,$-1,$-11,$-1,$-12,$-3,$-3,$0,$-0,$-15,$6,$1,$0
3,2017-12-31,1.75,$0.88,1.99,$9.15,0.19,$0.83,2.1,$2.30,0.76,$0.20B,$0.08B,2.47,$0.97B,$0.04B,22.67,$0.44B,$0.31B,70.23%,$0.44B,$0.05B,12.05%,$0.44B,$0.05B,12.05%,$0.44B,$0.14B,30.68%,$0.44B,$-0.01B,-2.50%,$0.44B,$0.11B,25.45%,$0.11B,$0.04B,-244.81%,$0.11B,$-0.93B,-10.81%,$0.11B,$1.32B,8.36%,$0.05B,$1.01B,5.61%,$109,$31,$78,$0,$49,$88,$21,$-16,$4,$-117,$122,$122,$121,$39,$21,$47,50,$2.57,$2.45,$38,$0,$41,$200,$25,$0,$971,$120,$1117,$1317,$81,$967,$67,$1193,$1274,$0,$-941,$0,$43,$1317,$112,$82,$-100,$-17,$-7,$0,$1,$-52,$-67,$28,$-7,$0,$-7,$0,$0,$0,$27,$13,$-41,$5,$-36,$-5,$-5,$0,$-9,$-50,$-9,$5,$0
4,2017-09-30,1.65,$-1.65,-1.0,$9.32,0.18,$1.31,1.26,$-0.27,0.0,$0.22B,$0.08B,2.62,$0.99B,$-0.08B,-12.31,$0.45B,$0.31B,68.99%,$0.45B,$0.05B,11.01%,$0.45B,$0.05B,11.01%,$0.45B,$0.14B,31.24%,$0.45B,$-0.02B,-3.82%,$0.45B,$-0.01B,-2.70%,$-0.01B,$-0.08B,16.16%,$-0.01B,$-1.06B,1.11%,$-0.01B,$1.33B,-0.89%,$0.05B,$0.91B,5.29%,$112,$35,$77,$0,$48,$109,$4,$-17,$-14,$-6,$-8,$-8,$-8,$27,$4,$47,47,$-0.17,$-0.17,$53,$0,$46,$218,$24,$0,$978,$105,$1107,$1326,$83,$987,$58,$1322,$1406,$0,$-1062,$0,$-80,$1326,$-9,$64,$17,$81,$-6,$0,$-0,$-39,$-52,$20,$-4,$0,$-7,$0,$0,$0,$27,$16,$329,$-345,$-16,$-4,$-4,$0,$-9,$-29,$6,$2,$0
5,2017-06-30,2.25,$-1.55,-1.45,$9.25,0.24,$1.63,1.38,$-0.11,0.0,$0.23B,$0.08B,2.71,$1.01B,$-0.07B,-13.72,$0.44B,$0.31B,69.59%,$0.44B,$0.07B,15.77%,$0.44B,$0.07B,15.77%,$0.44B,$0.16B,35.81%,$0.44B,$0.00B,0.23%,$0.44B,$-0.00B,-0.90%,$-0.00B,$-0.07B,5.65%,$-0.00B,$-1.08B,0.37%,$-0.00B,$1.36B,-0.29%,$0.07B,$0.93B,7.50%,$118,$33,$85,$0,$51,$106,$12,$-11,$1,$0,$1,$1,$1,$32,$12,$48,48,$0.02,$0.02,$65,$0,$46,$225,$25,$0,$1002,$110,$1137,$1362,$83,$1007,$61,$1352,$1435,$0,$-1054,$0,$-73,$1362,$-1,$41,$6,$47,$-2,$0,$-2,$-24,$-34,$12,$-4,$0,$-7,$0,$0,$0,$25,$14,$349,$-345,$4,$-3,$-3,$0,$-9,$-8,$19,$0,$0
6,2017-03-31,3.3,$-1.52,-2.17,$9.31,0.35,$1.66,1.99,$0.02,165.0,$0.20B,$0.09B,2.3,$1.00B,$-0.07B,-13.65,$0.45B,$0.32B,70.38%,$0.45B,$0.09B,19.15%,$0.45B,$0.09B,19.15%,$0.45B,$0.18B,38.98%,$0.45B,$0.01B,2.23%,$0.45B,$0.00B,0.45%,$0.00B,$-0.07B,-2.91%,$0.00B,$-1.08B,-0.18%,$0.00B,$1.35B,0.15%,$0.09B,$0.93B,9.21%,$101,$32,$69,$0,$45,$85,$16,$-19,$-2,$-0,$-2,$-2,$-2,$37,$16,$48,48,$-0.05,$-0.05,$41,$0,$44,$201,$24,$0,$1009,$118,$1152,$1353,$88,$1003,$51,$1339,$1426,$0,$-1055,$0,$-73,$1353,$-2,$21,$-0,$21,$-0,$0,$-0,$-14,$-21,$-3,$-1,$0,$0,$0,$0,$0,$0,$-1,$0,$-1,$-1,$-1,$-1,$0,$0,$-2,$-6,$0,$0
7,2016-12-31,2.9,$-1.46,-1.98,$9.44,0.31,$1.93,1.51,$-0.01,0.0,$0.20B,$0.09B,2.16,$1.00B,$-0.07B,-14.1,$0.46B,$0.32B,70.46%,$0.46B,$0.09B,19.47%,$0.46B,$0.09B,19.47%,$0.46B,$0.18B,39.39%,$0.46B,$0.01B,2.19%,$0.46B,0,0.00%,$0.00B,$-0.07B,0.00%,$0.00B,$-1.09B,0.00%,$0.00B,$1.36B,0.00%,$0.09B,$0.93B,9.50%,$114,$37,$76,$0,$49,$96,$17,$-19,$-2,$1,$-3,$-3,$-3,$43,$17,$48,48,$-0.07,$-0.07,$47,$0,$41,$200,$25,$0,$1018,$116,$1159,$1359,$92,$1003,$50,$1337,$1430,$0,$-1053,$0,$-71,$1359,$1,$92,$11,$103,$1,$0,$-1,$-57,$-56,$48,$-5,$0,$-2,$0,$-35,$-35,$0,$-42,$-17,$-4,$-21,$-4,$-4,$-2,$-0,$-27,$-21,$3,$-2
8,2016-09-30,3.03,$-1.36,-2.23,$9.34,0.32,$1.74,1.74,$-0.44,0.0,$0.22B,$0.09B,2.46,$1.00B,$-0.07B,-15.17,$0.45B,$0.32B,70.80%,$0.45B,$0.06B,13.50%,$0.45B,$0.06B,13.50%,$0.45B,$0.15B,33.41%,$0.45B,$-0.02B,-4.42%,$0.45B,$-0.02B,-4.65%,$-0.02B,$-0.07B,30.11%,$-0.02B,$-1.09B,1.90%,$-0.02B,$1.36B,-1.56%,$0.06B,$0.94B,6.48%,$111,$32,$79,$0,$46,$86,$25,$-20,$4,$4,$-0,$-0,$-0,$47,$25,$47,47,$-0.01,$-0.01,$72,$0,$37,$218,$26,$0,$1026,$90,$1141,$1360,$89,$1002,$51,$1337,$1426,$0,$-1049,$0,$-66,$1360,$4,$66,$7,$73,$4,$0,$-3,$-40,$-43,$35,$-4,$0,$-2,$0,$0,$0,$0,$-6,$-17,$-3,$-20,$-4,$-4,$0,$-0,$-24,$5,$2,$0
9,2016-06-30,3.19,$-1.33,-2.4,$9.41,0.34,$1.60,1.99,$-0.81,0.0,$0.20B,$0.09B,2.35,$1.00B,$-0.07B,-15.32,$0.46B,$0.32B,70.90%,$0.46B,$0.04B,9.41%,$0.46B,$0.04B,9.41%,$0.46B,$0.13B,29.32%,$0.46B,$-0.04B,-8.10%,$0.46B,$-0.04B,-8.53%,$-0.04B,$-0.07B,59.77%,$-0.04B,$-1.10B,3.51%,$-0.04B,$1.35B,-2.89%,$0.04B,$0.94B,4.52%,$123,$31,$92,$0,$56,$95,$28,$-18,$10,$2,$8,$8,$7,$48,$28,$48,49,$0.15,$0.15,$54,$0,$35,$203,$28,$0,$1032,$87,$1147,$1351,$87,$1002,$48,$1329,$1416,$0,$-1049,$0,$-65,$1351,$4,$43,$3,$46,$-2,$0,$-3,$-31,$-38,$12,$-2,$0,$-2,$0,$0,$0,$0,$-4,$-17,$-2,$-19,$-2,$-2,$0,$-0,$-21,$-13,$2,$0
10,2016-03-31,1.42,$-1.53,-0.93,$9.42,0.15,$1.89,0.75,$-1.23,0.0,$0.21B,$0.08B,2.69,$1.02B,$-0.08B,-13.43,$0.45B,$0.32B,70.48%,$0.45B,$0.04B,8.81%,$0.45B,$0.04B,8.81%,$0.45B,$0.13B,29.07%,$0.45B,$-0.05B,-11.01%,$0.45B,$-0.06B,-13.00%,$-0.06B,$-0.08B,103.96%,$-0.06B,$-1.11B,5.27%,$-0.06B,$1.34B,-4.34%,$0.04B,$0.95B,4.15%,$109,$34,$75,$0,$48,$90,$19,$-21,$-2,$2,$-4,$-4,$-4,$42,$19,$49,49,$-0.08,$-0.08,$73,$0,$31,$214,$29,$0,$1038,$62,$1129,$1343,$80,$1021,$37,$1339,$1419,$0,$-1060,$0,$-76,$1343,$-4,$23,$2,$26,$5,$0,$0,$-12,$-12,$10,$-1,$0,$-2,$0,$0,$0,$0,$-3,$0,$-1,$-1,$-1,$-1,$0,$-0,$-2,$5,$1,$0
11,2015-12-31,1.72,$-1.44,-1.2,$9.40,0.18,$1.66,1.04,$-1.54,0.0,$0.21B,$0.08B,2.56,$1.02B,$-0.07B,-14.21,$0.45B,$0.32B,70.07%,$0.45B,$0.04B,8.20%,$0.45B,$0.04B,8.20%,$0.45B,$0.13B,28.60%,$0.45B,$-0.05B,-11.31%,$0.45B,$-0.07B,-16.19%,$-0.07B,$-0.07B,-550.94%,$-0.07B,$-1.12B,6.84%,$-0.07B,$1.35B,-5.33%,$0.04B,$0.95B,4.29%,$109,$36,$74,$0,$49,$121,$-11,$-20,$-32,$-8,$-24,$-24,$-24,$14,$-11,$48,48,$-0.50,$-0.50,$67,$0,$33,$214,$29,$0,$1043,$61,$1133,$1347,$83,$1021,$36,$1335,$1418,$0,$-1056,$0,$-72,$1347,$-66,$94,$68,$162,$-9,$0,$2,$-56,$-54,$42,$-7,$0,$-210,$3,$-5,$-2,$0,$-219,$230,$-20,$210,$-1,$-1,$-8,$-23,$177,$-0,$5,$-8
12,2015-09-30,2.13,$-0.95,-2.23,$9.43,0.23,$1.96,1.09,$-1.32,0.0,$0.20B,$0.07B,2.98,$1.02B,$-0.05B,-21.45,$0.45B,$0.32B,69.91%,$0.45B,$0.07B,14.82%,$0.45B,$0.07B,14.82%,$0.45B,$0.16B,35.40%,$0.45B,$-0.02B,-4.20%,$0.45B,$-0.06B,-13.72%,$-0.06B,$-0.05B,-71.68%,$-0.06B,$-1.12B,6.13%,$-0.06B,$1.36B,-4.49%,$0.07B,$0.97B,7.59%,$116,$33,$83,$0,$53,$109,$7,$-20,$-13,$4,$-18,$-18,$-18,$30,$7,$48,48,$-0.38,$-0.38,$59,$0,$35,$201,$30,$0,$1075,$56,$1162,$1363,$67,$1021,$36,$1343,$1411,$0,$-1037,$0,$-48,$1363,$-42,$68,$48,$116,$-4,$0,$-3,$-44,$-44,$30,$-6,$0,$-210,$0,$-2,$-2,$0,$-218,$230,$-19,$211,$-1,$-1,$-7,$-23,$179,$-9,$4,$-7
13,2015-06-30,3.17,$-0.61,-5.18,$9.38,0.34,$2.00,1.58,$-1.22,0.0,$0.20B,$0.07B,2.81,$1.02B,$-0.03B,-33.46,$0.45B,$0.31B,68.97%,$0.45B,$0.08B,17.86%,$0.45B,$0.08B,17.86%,$0.45B,$0.18B,39.06%,$0.45B,$-0.01B,-1.34%,$0.45B,$-0.06B,-12.72%,$-0.06B,$-0.03B,-36.19%,$-0.06B,$-1.13B,5.99%,$-0.06B,$1.38B,-4.11%,$0.08B,$0.99B,8.86%,$120,$31,$88,$0,$55,$95,$25,$-28,$-3,$10,$-13,$-13,$-13,$46,$25,$48,48,$-0.27,$-0.27,$60,$0,$32,$198,$31,$0,$1096,$59,$1186,$1384,$71,$1021,$41,$1344,$1415,$0,$-1019,$0,$-31,$1384,$-25,$45,$28,$73,$-2,$0,$-1,$-27,$-20,$28,$-5,$0,$-210,$3,$-5,$-2,$0,$-216,$-120,$-19,$-138,$-1,$-1,$-6,$327,$181,$-7,$3,$-6
14,2015-03-31,3.08,$4.07,0.76,$9.17,0.34,$1.97,1.56,$-1.18,0.0,$0.20B,$0.54B,0.37,$0.34B,$0.20B,1.64,$0.44B,$0.30B,67.66%,$0.44B,$0.08B,17.66%,$0.44B,$0.08B,17.66%,$0.44B,$0.17B,39.91%,$0.44B,0,0.00%,$0.44B,$-0.06B,-12.61%,$-0.06B,$0.20B,-24.12%,$-0.06B,$-0.91B,6.18%,$-0.06B,$1.39B,-3.95%,$0.08B,$0.54B,8.35%,$106,$34,$71,$0,$47,$90,$16,$-19,$-3,$9,$-12,$-12,$-18,$39,$16,$48,48,$-0.39,$-0.39,$61,$0,$33,$202,$31,$0,$1109,$43,$1184,$1385,$539,$335,$34,$642,$1181,$0,$-1006,$0,$204,$1385,$-12,$24,$10,$34,$1,$0,$1,$-15,$-21,$0,$-3,$0,$0,$2,$0,$2,$0,$-0,$0,$-1,$-1,$0,$0,$-5,$-0,$-7,$-7,$2,$-5
15,2014-12-31,1.67,$4.40,0.38,$9.29,0.18,$2.01,0.83,$-1.32,0.0,$0.20B,$0.06B,3.23,$0.81B,$0.22B,3.67,$0.44B,$0.30B,68.03%,$0.44B,$0.08B,17.46%,$0.44B,$0.08B,17.46%,$0.44B,$0.18B,39.91%,$0.44B,$-0.01B,-2.04%,$0.44B,$-0.06B,-14.06%,$-0.06B,$0.22B,-25.57%,$-0.06B,$-0.89B,7.03%,$-0.06B,$1.39B,-4.43%,$0.08B,$1.03B,7.28%,$110,$36,$74,$0,$45,$90,$19,$-19,$0,$9,$-8,$-8,$-13,$45,$19,$48,48,$-0.28,$-0.28,$68,$0,$31,$202,$31,$0,$1110,$49,$1190,$1392,$63,$810,$36,$1109,$1171,$0,$-988,$-0,$221,$1392,$-43,$98,$42,$140,$2,$0,$-1,$-45,$-43,$54,$-6,$-0,$-9,$-0,$0,$-0,$0,$-15,$6,$-5,$1,$0,$0,$-25,$-5,$-28,$11,$2,$-25
16,2014-09-30,3.18,$4.95,0.64,$9.29,0.34,$1.57,2.02,$-1.39,0.0,$0.19B,$0.06B,3.31,$0.82B,$0.24B,3.46,$0.44B,$0.30B,67.72%,$0.44B,$0.08B,16.93%,$0.44B,$0.08B,16.93%,$0.44B,$0.18B,39.95%,$0.44B,$-0.01B,-3.16%,$0.44B,$-0.07B,-14.67%,$-0.07B,$0.24B,-25.15%,$-0.07B,$-0.89B,7.45%,$-0.07B,$1.39B,-4.63%,$0.08B,$1.05B,6.98%,$112,$37,$76,$0,$47,$93,$20,$-19,$0,$9,$-9,$-9,$-13,$45,$20,$48,48,$-0.28,$-0.28,$57,$0,$32,$188,$32,$0,$1122,$49,$1203,$1392,$57,$817,$30,$1099,$1155,$0,$-974,$-0,$236,$1392,$-34,$73,$32,$105,$4,$0,$1,$-38,$-40,$30,$-4,$0,$-7,$0,$-1,$-0,$0,$-12,$6,$-4,$2,$0,$0,$-18,$-4,$-20,$-2,$0,$-18
17,2014-06-30,4.93,$5.26,0.94,$9.43,0.52,$1.35,3.66,$-1.39,0.0,$0.19B,$0.06B,3.24,$0.82B,$0.25B,3.26,$0.45B,$0.31B,67.93%,$0.45B,$0.08B,17.15%,$0.45B,$0.08B,17.15%,$0.45B,$0.18B,40.53%,$0.45B,$-0.01B,-3.12%,$0.45B,$-0.07B,-14.48%,$-0.07B,$0.25B,-23.64%,$-0.07B,$-0.88B,7.55%,$-0.07B,$1.41B,-4.61%,$0.08B,$1.07B,7.06%,$108,$34,$74,$0,$43,$86,$22,$-19,$3,$9,$-5,$-5,$-11,$45,$22,$47,47,$-0.23,$-0.23,$63,$0,$32,$193,$33,$0,$1130,$51,$1213,$1406,$60,$818,$33,$1096,$1156,$0,$-961,$-0,$251,$1406,$-26,$48,$23,$70,$4,$0,$-0,$-24,$-19,$25,$-3,$0,$-7,$-1,$0,$-1,$0,$-11,$6,$-3,$3,$0,$0,$-10,$-4,$-11,$3,$0,$-10
18,2014-03-31,4.74,$5.51,0.86,$9.60,0.49,$0.87,5.47,$-1.45,0.0,$0.18B,$0.05B,3.4,$0.82B,$0.26B,3.13,$0.46B,$0.32B,68.98%,$0.46B,$0.07B,15.84%,$0.46B,$0.07B,15.84%,$0.46B,$0.18B,39.05%,$0.46B,$-0.02B,-4.56%,$0.46B,$-0.07B,-14.75%,$-0.07B,$0.26B,-23.31%,$-0.07B,$-0.88B,8.00%,$-0.07B,$1.41B,-4.80%,$0.07B,$1.08B,6.60%,$111,$35,$76,$0,$51,$95,$16,$-28,$-12,$9,$-20,$-20,$-25,$41,$16,$47,47,$-0.53,$-0.53,$46,$0,$35,$181,$33,$0,$1137,$55,$1226,$1406,$53,$819,$35,$1091,$1145,$0,$-950,$-0,$262,$1406,$-20,$25,$14,$39,$2,$0,$-0,$-13,$-18,$1,$-2,$0,$-7,$0,$-1,$-1,$0,$-10,$6,$-1,$5,$0,$0,$-3,$-4,$-2,$-11,$0,$-3
19,2013-12-31,3.79,$5.99,0.63,$9.24,0.41,$0.83,4.56,$-1.28,0.0,$0.19B,$0.06B,3.07,$0.81B,$0.29B,2.85,$0.45B,$0.31B,69.27%,$0.45B,$0.07B,16.04%,$0.45B,$0.07B,16.04%,$0.45B,$0.18B,39.42%,$0.45B,$-0.02B,-3.56%,$0.45B,$-0.06B,-13.59%,$-0.06B,$0.29B,-19.71%,$-0.06B,$-0.85B,7.26%,$-0.06B,$1.41B,-4.28%,$0.07B,$1.10B,6.42%,$112,$37,$74,$0,$48,$94,$17,$-22,$-5,$9,$-14,$-14,$-16,$46,$17,$48,48,$-0.35,$-0.35,$59,$0,$30,$193,$34,$0,$1134,$53,$1222,$1414,$63,$812,$29,$1067,$1129,$0,$-925,$-0,$285,$1414,$-44,$104,$42,$145,$-16,$0,$2,$-54,$-65,$37,$-9,$0,$4,$-1,$0,$-1,$0,$-6,$-1,$-4,$-5,$-5,$-5,$-21,$0,$-32,$-1,$0,$-21
20,2013-09-30,2.69,$6.34,0.42,$9.05,0.3,$0.91,2.94,$-1.27,0.0,$0.18B,$0.06B,3.14,$0.81B,$0.30B,2.69,$0.44B,$0.30B,68.40%,$0.44B,$0.07B,15.58%,$0.44B,$0.07B,15.58%,$0.44B,$0.18B,39.95%,$0.44B,$-0.02B,-4.29%,$0.44B,$-0.06B,-14.00%,$-0.06B,$0.30B,-18.97%,$-0.06B,$-0.84B,7.43%,$-0.06B,$1.42B,-4.31%,$0.07B,$1.11B,6.05%,$118,$37,$81,$0,$46,$97,$22,$-22,$-0,$8,$-9,$-9,$-13,$50,$22,$47,47,$-0.28,$-0.28,$52,$0,$31,$184,$35,$0,$1142,$59,$1236,$1420,$59,$812,$28,$1060,$1118,$0,$-909,$-0,$302,$1420,$-30,$75,$33,$108,$-16,$0,$3,$-42,$-55,$22,$-7,$0,$0,$1,$-2,$-1,$4,$-5,$-1,$-3,$-4,$-5,$-5,$-18,$-0,$-27,$-9,$0,$-18
21,2013-06-30,2.32,$6.62,0.35,$8.76,0.26,$0.98,2.36,$-1.25,0.0,$0.17B,$0.06B,3.04,$0.81B,$0.32B,2.55,$0.44B,$0.30B,68.74%,$0.44B,$0.07B,15.63%,$0.44B,$0.07B,15.63%,$0.44B,$0.17B,39.54%,$0.44B,$-0.02B,-4.60%,$0.44B,$-0.06B,-14.25%,$-0.06B,$0.32B,-18.13%,$-0.06B,$-0.84B,7.46%,$-0.06B,$1.43B,-4.27%,$0.07B,$1.13B,5.88%,$120,$33,$87,$0,$49,$101,$18,$-22,$-4,$5,$-9,$-9,$-14,$43,$18,$49,49,$-0.29,$-0.29,$43,$0,$31,$173,$36,$0,$1153,$65,$1256,$1429,$57,$813,$29,$1053,$1110,$0,$-895,$-0,$318,$1429,$-21,$47,$21,$68,$-13,$0,$3,$-30,$-42,$5,$-6,$0,$4,$-1,$0,$-1,$0,$-3,$-1,$-2,$-3,$-4,$-4,$-12,$-0,$-19,$-17,$0,$-12
22,2013-03-31,1.69,$6.76,0.25,$8.41,0.2,$1.23,1.37,$-0.11,0.0,$0.17B,$0.06B,2.94,$0.81B,$0.33B,2.45,$0.42B,$0.29B,67.70%,$0.42B,$0.07B,16.86%,$0.42B,$0.07B,16.86%,$0.42B,$0.17B,41.09%,$0.42B,$-0.02B,-4.28%,$0.42B,$-0.01B,-1.19%,$-0.01B,$0.33B,-1.40%,$-0.01B,$-0.84B,0.60%,$-0.01B,$1.44B,-0.34%,$0.07B,$1.15B,6.06%,$99,$31,$69,$0,$42,$84,$15,$-22,$-7,$7,$-13,$-13,$-18,$38,$15,$50,50,$-0.36,$-0.36,$50,$0,$32,$173,$35,$0,$1171,$63,$1269,$1442,$59,$814,$29,$1051,$1109,$0,$-881,$-0,$333,$1442,$-12,$22,$7,$29,$-2,$0,$1,$-14,$-17,$-0,$-2,$0,$0,$1,$-2,$-1,$4,$0,$-1,$-1,$-2,$-2,$-2,$-8,$-0,$-11,$-11,$0,$-8
23,2012-12-31,0.76,$7.07,0.11,$8.48,0.09,$1.47,0.52,$-1.33,0.0,$0.18B,$0.06B,2.88,$0.81B,$0.35B,2.3,$0.43B,$0.29B,67.76%,$0.43B,$0.07B,16.47%,$0.43B,$0.07B,16.47%,$0.43B,$0.17B,40.00%,$0.43B,$-0.02B,-4.94%,$0.43B,$-0.07B,-15.53%,$-0.07B,$0.35B,-18.54%,$-0.07B,$-0.83B,7.89%,$-0.07B,$1.46B,-4.48%,$0.07B,$1.17B,5.98%,$106,$39,$66,$0,$42,$91,$14,$-22,$-8,$7,$-15,$-15,$-17,$46,$14,$50,50,$-0.35,$-0.35,$59,$0,$30,$176,$35,$0,$1181,$65,$1284,$1460,$61,$814,$29,$1045,$1106,$0,$-863,$-0,$354,$1460,$-54,$99,$50,$149,$2,$0,$-0,$-49,$-50,$45,$-12,$0,$0,$6,$-2,$4,$-0,$-8,$0,$-6,$-6,$0,$0,$-8,$-3,$-16,$21,$0,$-8
24,2012-09-30,0.87,$7.24,0.12,$8.24,0.11,$1.24,0.7,$-1.37,0.0,$0.18B,$0.07B,2.57,$0.82B,$0.36B,2.25,$0.42B,$0.29B,68.82%,$0.42B,$0.05B,11.27%,$0.42B,$0.05B,11.27%,$0.42B,$0.14B,33.09%,$0.42B,$-0.05B,-10.79%,$0.42B,$-0.07B,-17.03%,$-0.07B,$0.36B,-19.18%,$-0.07B,$-0.83B,8.56%,$-0.07B,$1.48B,-4.80%,$0.05B,$1.18B,3.98%,$110,$32,$77,$0,$46,$88,$21,$-23,$-1,$9,$-10,$-10,$-13,$45,$21,$50,50,$-0.26,$-0.26,$49,$0,$32,$175,$35,$2,$1188,$76,$1304,$1479,$68,$815,$32,$1048,$1116,$0,$-846,$-0,$363,$1479,$-39,$67,$42,$109,$-5,$0,$5,$-39,$-41,$29,$-10,$0,$0,$0,$6,$6,$0,$-4,$0,$-5,$-5,$0,$0,$-8,$-0,$-13,$13,$0,$-8
25,2012-06-30,0.94,$7.55,0.12,$8.12,0.12,$1.06,0.88,$-1.31,0.0,$0.16B,$0.06B,2.79,$0.82B,$0.38B,2.15,$0.41B,$0.28B,68.61%,$0.41B,$0.04B,9.49%,$0.41B,$0.04B,9.49%,$0.41B,$0.13B,31.39%,$0.41B,$-0.05B,-13.14%,$0.41B,$-0.07B,-16.55%,$-0.07B,$0.38B,-17.66%,$-0.07B,$-0.82B,8.21%,$-0.07B,$1.47B,-4.56%,$0.04B,$1.19B,3.27%,$106,$33,$73,$0,$41,$84,$21,$-24,$-2,$-48,$46,$46,$43,$44,$21,$50,50,$0.85,$0.85,$43,$0,$29,$164,$35,$3,$1196,$75,$1311,$1474,$59,$815,$33,$1037,$1096,$0,$-833,$-0,$379,$1474,$-29,$44,$32,$76,$-4,$0,$0,$-24,$-29,$18,$-7,$0,$0,$5,$0,$5,$0,$-2,$0,$-4,$-4,$0,$0,$-6,$-0,$-10,$7,$0,$-6
26,2012-03-31,0.97,$6.55,0.15,$7.84,0.12,$0.76,1.28,$-0.30,0.0,$0.16B,$0.07B,2.44,$0.81B,$0.33B,2.47,$0.40B,$0.28B,68.41%,$0.40B,$0.03B,8.46%,$0.40B,$0.03B,8.46%,$0.40B,$0.12B,30.10%,$0.40B,$0.09B,21.89%,$0.40B,$-0.01B,-2.99%,$-0.01B,$0.33B,-3.01%,$-0.01B,$-0.88B,1.45%,$-0.01B,$1.48B,-0.80%,$0.03B,$1.14B,2.83%,$103,$31,$72,$0,$48,$89,$14,$-24,$-10,$65,$-75,$-75,$-79,$35,$14,$50,50,$-1.58,$-1.58,$44,$0,$29,$159,$34,$4,$1205,$77,$1322,$1481,$65,$811,$34,$1088,$1153,$0,$-875,$-0,$328,$1481,$-75,$21,$73,$94,$4,$0,$3,$-13,$-6,$12,$-3,$0,$0,$4,$0,$4,$0,$1,$0,$-1,$-1,$0,$0,$-4,$-0,$-5,$8,$0,$-4
27,2011-12-31,1.0,$8.19,0.12,$7.03,0.14,$0.68,1.47,$0.05,20.0,$0.16B,$0.06B,2.51,$0.81B,$0.41B,1.96,$0.36B,$0.25B,68.41%,$0.36B,$0.03B,7.14%,$0.36B,$0.03B,7.14%,$0.36B,$0.10B,26.65%,$0.36B,$0.08B,21.98%,$0.36B,$0.00B,0.82%,$0.00B,$0.41B,0.86%,$0.00B,$-0.80B,-0.38%,$0.00B,$1.49B,0.22%,$0.03B,$1.22B,2.33%,$98,$33,$65,$0,$40,$107,$-9,$-23,$-32,$-15,$-17,$-17,$-22,$14,$-9,$51,52,$-0.45,$-0.37,$37,$0,$29,$156,$34,$7,$1209,$75,$1330,$1486,$62,$805,$35,$1014,$1076,$0,$-796,$-0,$411,$1486,$13,$72,$-24,$48,$3,$0,$-3,$-30,$-29,$32,$-9,$0,$65,$0,$0,$0,$0,$56,$-1,$22,$21,$-9,$-9,$-14,$-58,$-61,$27,$5,$-14
28,2011-09-30,1.19,$8.28,0.14,$6.53,0.18,$0.52,2.28,$-0.09,0.0,$0.16B,$0.07B,2.44,$0.80B,$0.42B,1.89,$0.34B,$0.24B,70.33%,$0.34B,$0.02B,4.45%,$0.34B,$0.02B,4.45%,$0.34B,$0.07B,20.18%,$0.34B,$0.09B,25.22%,$0.34B,$-0.00B,-0.59%,$-0.00B,$0.42B,-0.68%,$-0.00B,$-0.82B,0.27%,$-0.00B,$1.52B,-0.16%,$0.02B,$1.22B,1.48%,$104,$33,$72,$0,$47,$91,$13,$-23,$-10,$-2,$-7,$-7,$-10,$36,$13,$50,50,$-0.20,$-0.20,$34,$0,$32,$159,$33,$9,$1243,$75,$1362,$1521,$65,$799,$36,$1034,$1099,$0,$-775,$-0,$422,$1521,$30,$49,$-40,$9,$-28,$0,$4,$-2,$-23,$16,$-5,$0,$65,$0,$0,$0,$0,$60,$0,$23,$23,$-9,$-9,$-8,$-58,$-52,$24,$3,$-8
29,2011-06-30,1.77,$8.40,0.21,$5.83,0.3,$0.55,3.2,$0.13,13.62,$0.14B,$0.06B,2.21,$0.79B,$0.43B,1.83,$0.31B,$0.22B,71.99%,$0.31B,$0.02B,6.19%,$0.31B,$0.02B,6.19%,$0.31B,$0.05B,17.59%,$0.31B,$0.10B,33.22%,$0.31B,$0.01B,2.93%,$0.01B,$0.43B,3.72%,$0.01B,$-0.82B,-1.27%,$0.01B,$1.52B,0.79%,$0.02B,$1.23B,2.49%,$97,$31,$66,$0,$40,$81,$16,$124,$140,$39,$101,$101,$99,$36,$16,$51,53,$1.94,$1.86,$30,$0,$19,$137,$34,$6,$1253,$93,$1387,$1524,$62,$793,$34,$1028,$1091,$0,$-765,$0,$433,$1524,$37,$26,$-43,$-17,$-25,$0,$2,$1,$-20,$-0,$-4,$0,$65,$0,$0,$0,$0,$62,$0,$25,$25,$-8,$-8,$0,$-58,$-41,$21,$2,$0
30,2011-03-31,1.95,$2.43,0.8,$5.38,0.36,$0.72,2.73,$-1.69,0.0,$0.09B,$0.03B,2.69,$0.67B,$0.13B,5.06,$0.29B,$0.21B,74.04%,$0.29B,$0.02B,5.96%,$0.29B,$0.02B,5.96%,$0.29B,$0.04B,12.98%,$0.29B,$-0.04B,-12.28%,$0.29B,$-0.09B,-30.88%,$-0.09B,$0.13B,-47.44%,$-0.09B,$-0.70B,13.15%,$-0.09B,$1.01B,-8.59%,$0.02B,$0.80B,3.34%,$65,$19,$46,$0,$37,$59,$6,$-24,$-18,$46,$-64,$-64,$-64,$11,$6,$52,52,$-1.23,$-1.23,$34,$0,$1,$87,$32,$50,$835,$2,$920,$1007,$32,$668,$10,$843,$875,$0,$-863,$0,$132,$1007,$-64,$6,$57,$63,$11,$0,$-1,$-1,$9,$8,$-2,$0,$0,$0,$0,$0,$0,$-2,$0,$25,$25,$0,$0,$0,$-6,$19,$25,$1,$0
31,2010-12-31,1.12,$3.57,0.31,$5.29,0.21,$0.56,2.01,$-0.55,0.0,$0.08B,$0.05B,1.52,$0.62B,$0.19B,3.21,$0.28B,$0.21B,73.48%,$0.28B,$0.02B,5.38%,$0.28B,$0.02B,5.38%,$0.28B,$0.04B,12.90%,$0.28B,$-0.02B,-7.89%,$0.28B,$-0.03B,-10.39%,$-0.03B,$0.19B,-13.55%,$-0.03B,$-0.65B,4.46%,$-0.03B,$1.00B,-2.82%,$0.02B,$0.82B,3.36%,$71,$18,$53,$0,$33,$90,$-20,$-7,$-27,$-1,$-27,$-27,$-27,$-15,$-20,$52,52,$-0.53,$-0.53,$9,$0,$2,$76,$33,$47,$839,$2,$923,$999,$50,$624,$11,$755,$805,$0,$-799,$-1,$194,$999,$-27,$20,$34,$54,$-11,$0,$-1,$7,$-10,$18,$-4,$-0,$0,$0,$0,$0,$0,$-5,$-4,$3,$-1,$0,$0,$-3,$-20,$-24,$-11,$6,$-3
32,2010-09-30,0.88,$3.85,0.23,$5.04,0.17,$0.98,0.89,$-0.31,0.0,$0.09B,$0.69B,0.13,$0.00B,$0.21B,0.01,$0.28B,$0.20B,72.73%,$0.28B,$0.03B,11.27%,$0.28B,$0.03B,11.27%,$0.28B,$0.05B,18.91%,$0.28B,$-0.01B,-2.91%,$0.28B,$-0.02B,-6.18%,$-0.02B,$0.21B,-7.93%,$-0.02B,$-0.66B,2.59%,$-0.02B,$1.04B,-1.64%,$0.03B,$0.21B,10.66%,$74,$19,$56,$0,$34,$57,$17,$-10,$7,$5,$2,$2,$1,$22,$17,$52,54,$0.02,$0.02,$22,$0,$0,$87,$35,$46,$873,$3,$957,$1044,$689,$1,$10,$146,$835,$0,$-772,$-2,$209,$1044,$-0,$16,$6,$22,$-14,$0,$-2,$7,$-5,$17,$-3,$-0,$0,$0,$0,$0,$0,$-4,$0,$-0,$-0,$0,$0,$0,$-11,$-12,$2,$5,$0
33,2010-06-30,1.28,$3.81,0.34,$4.99,0.26,$1.06,1.21,$-0.08,0.0,$0.09B,$0.70B,0.13,$0.00B,$0.21B,0.01,$0.28B,$0.20B,72.83%,$0.28B,$0.04B,13.04%,$0.28B,$0.04B,13.04%,$0.28B,$0.06B,21.01%,$0.28B,0,0.00%,$0.28B,$-0.00B,-1.45%,$-0.00B,$0.21B,-1.74%,$-0.00B,$-0.66B,0.62%,$-0.00B,$1.05B,-0.38%,$0.04B,$0.21B,7.72%,$75,$19,$56,$0,$37,$61,$14,$-11,$3,$0,$3,$3,$2,$19,$14,$51,54,$0.04,$0.04,$21,$0,$0,$88,$37,$48,$871,$3,$959,$1046,$697,$1,$10,$142,$840,$0,$-773,$-2,$207,$1046,$-2,$11,$4,$15,$-13,$0,$-2,$3,$-6,$7,$-2,$-0,$0,$0,$0,$0,$0,$-2,$0,$4,$4,$0,$0,$0,$-7,$-4,$1,$4,$0
34,2010-03-31,3.05,$4.51,0.68,$4.77,0.64,$1.15,2.66,$-0.00,0.0,$0.06B,$0.38B,0.17,$0.30B,$0.25B,1.23,$0.27B,$0.20B,72.32%,$0.27B,$0.04B,15.13%,$0.27B,$0.04B,15.13%,$0.27B,$0.06B,23.25%,$0.27B,$0.01B,2.58%,$0.27B,$0.00B,0.37%,$0.00B,$0.25B,0.41%,$0.00B,$-0.63B,-0.16%,$0.00B,$1.03B,0.10%,$0.04B,$0.55B,6.38%,$59,$19,$40,$0,$32,$55,$4,$-9,$-5,$-0,$-5,$-5,$-5,$10,$4,$51,51,$-0.09,$-0.09,$10,$0,$0,$63,$39,$48,$872,$3,$962,$1025,$379,$303,$10,$400,$779,$0,$-775,$-2,$246,$1025,$-5,$6,$1,$7,$-0,$0,$-2,$4,$-3,$-1,$-1,$0,$0,$0,$0,$0,$0,$-1,$0,$-5,$-5,$0,$0,$0,$-3,$-8,$-10,$2,$0
35,2009-12-31,2.91,$3.82,0.76,$4.46,0.65,$1.22,2.39,$-0.75,0.0,$0.07B,$0.69B,0.11,$0.00B,$0.20B,0.01,$0.27B,$0.20B,72.06%,$0.27B,$-0.01B,-2.21%,$0.27B,$-0.01B,-2.21%,$0.27B,$0.02B,5.88%,$0.27B,$-0.04B,-14.34%,$0.27B,$-0.05B,-19.49%,$-0.05B,$0.20B,-21.72%,$-0.05B,$-0.68B,8.25%,$-0.05B,$1.04B,-5.02%,$-0.01B,$0.20B,-0.82%,$67,$19,$48,$0,$31,$71,$-4,$-9,$-13,$-0,$-13,$-13,$-15,$1,$-4,$59,59,$-0.42,$-0.42,$20,$0,$2,$72,$41,$48,$871,$3,$963,$1036,$688,$1,$10,$152,$840,$0,$-770,$-2,$196,$1036,$-49,$22,$65,$88,$2,$0,$1,$2,$6,$45,$-5,$-0,$0,$0,$0,$0,$0,$-5,$-1,$-20,$-22,$-20,$-20,$0,$-2,$-43,$-2,$2,$0
36,2009-09-30,0.98,$4.84,0.2,$4.09,0.24,$0.54,1.81,$-0.56,0.0,$0.07B,$0.04B,1.57,$0.64B,$0.27B,2.36,$0.28B,$0.20B,72.83%,$0.28B,$-0.06B,-23.19%,$0.28B,$-0.06B,-23.19%,$0.28B,$-0.04B,-15.22%,$0.28B,$-0.03B,-12.32%,$0.28B,$-0.04B,-15.94%,$-0.04B,$0.27B,-16.07%,$-0.04B,$-0.62B,6.97%,$-0.04B,$1.06B,-4.08%,$-0.06B,$0.91B,-6.97%,$75,$18,$57,$0,$29,$52,$22,$-8,$15,$-2,$16,$16,$14,$28,$22,$56,57,$0.25,$0.25,$15,$0,$0,$70,$43,$52,$889,$4,$987,$1057,$44,$641,$9,$740,$785,$0,$-756,$-3,$272,$1057,$-34,$16,$50,$66,$-1,$0,$0,$-2,$-10,$22,$-3,$-0,$0,$0,$0,$0,$0,$-4,$-1,$-14,$-15,$-11,$-11,$0,$0,$-26,$-8,$1,$0
37,2009-06-30,0.25,$4.42,0.06,$3.69,0.07,$1.62,0.15,$-3.62,0.0,$0.08B,$0.05B,1.47,$0.66B,$0.26B,2.55,$0.29B,$0.21B,72.82%,$0.29B,$-0.40B,-140.07%,$0.29B,$-0.40B,-140.07%,$0.29B,$-0.38B,-132.40%,$0.29B,$-0.37B,-130.31%,$0.29B,$-0.32B,-112.89%,$-0.32B,$0.26B,-112.99%,$-0.32B,$-0.64B,49.56%,$-0.32B,$1.07B,-28.81%,$-0.40B,$0.91B,-42.23%,$70,$19,$51,$0,$27,$51,$19,$-8,$10,$2,$9,$9,$7,$24,$19,$59,60,$0.12,$0.12,$22,$0,$0,$76,$45,$50,$892,$3,$990,$1067,$52,$656,$10,$758,$810,$0,$-770,$-3,$257,$1067,$-50,$11,$53,$63,$0,$0,$-1,$1,$-0,$13,$-2,$-0,$0,$0,$0,$0,$0,$-3,$-1,$1,$-1,$-10,$-10,$0,$0,$-10,$-0,$1,$0
38,2009-03-31,0.45,$3.88,0.12,$3.37,0.13,$1.39,0.32,$-3.62,0.0,$0.07B,$0.06B,1.18,$0.65B,$0.25B,2.6,$0.30B,$0.22B,73.67%,$0.30B,$-0.41B,-136.33%,$0.30B,$-0.41B,-136.33%,$0.30B,$-0.39B,-129.00%,$0.30B,$-0.39B,-128.67%,$0.30B,$-0.34B,-114.33%,$-0.34B,$0.25B,-92.39%,$-0.34B,$-0.64B,49.75%,$-0.34B,$1.06B,-27.43%,$-0.41B,$0.90B,-38.99%,$60,$20,$40,$0,$29,$103,$-43,$-8,$-51,$7,$-58,$-58,$-59,$-37,$-43,$71,71,$-0.84,$-0.84,$20,$0,$0,$66,$46,$49,$893,$5,$994,$1060,$56,$651,$10,$753,$809,$0,$-777,$-3,$251,$1060,$-59,$5,$53,$59,$9,$0,$-0,$-1,$3,$3,$-1,$-0,$0,$0,$0,$0,$0,$-1,$-1,$4,$3,$-7,$-7,$0,$0,$-4,$-2,$0,$0
39,2008-12-31,0.22,$3.99,0.06,$3.25,0.07,$1.27,0.17,$-2.97,0.0,$0.08B,$0.08B,0.96,$0.63B,$0.32B,2.0,$0.31B,$0.23B,75.00%,$0.31B,$-0.35B,-111.22%,$0.31B,$-0.35B,-111.22%,$0.31B,$-0.33B,-105.13%,$0.31B,$-0.34B,-107.69%,$0.31B,$-0.30B,-97.12%,$-0.30B,$0.32B,-65.66%,$-0.30B,$-0.63B,43.10%,$-0.30B,$1.13B,-21.72%,$-0.35B,$0.95B,-29.61%,$71,$18,$53,$0,$26,$134,$-62,$54,$-8,$-4,$-4,$-4,$-6,$-57,$-62,$94,94,$-0.10,$-0.10,$22,$0,$0,$78,$49,$48,$945,$6,$1047,$1125,$81,$632,$11,$729,$810,$0,$-718,$-3,$315,$1125,$-299,$20,$311,$330,$-2,$0,$-0,$3,$-17,$14,$-13,$-1,$-70,$0,$0,$0,$150,$66,$-122,$57,$-65,$-12,$-12,$-6,$2,$-82,$-2,$2,$-6
40,2008-09-30,0.75,$3.56,0.21,$3.22,0.23,$1.60,0.47,$-6.80,0.0,$0.11B,$0.09B,1.27,$0.72B,$0.32B,2.23,$0.31B,$0.24B,75.72%,$0.31B,$-0.47B,-150.16%,$0.31B,$-0.47B,-150.16%,$0.31B,$-0.45B,-144.41%,$0.31B,$-0.54B,-172.52%,$0.31B,$-0.69B,-220.13%,$-0.69B,$0.32B,-127.59%,$-0.69B,$-0.71B,96.20%,$-0.69B,$1.25B,-45.16%,$-0.47B,$1.05B,-36.45%,$86,$22,$65,$0,$37,$402,$-316,$-10,$-325,$-60,$-265,$-265,$-266,$-310,$-316,$95,95,$-2.81,$-2.81,$30,$0,$0,$108,$50,$47,$1032,$9,$1138,$1246,$85,$724,$5,$837,$922,$0,$-711,$-1,$324,$1246,$-297,$15,$299,$314,$-6,$0,$4,$-7,$-27,$-9,$142,$-1,$-70,$0,$0,$0,$0,$71,$-45,$1,$-44,$-7,$-7,$-4,$0,$-55,$6,$1,$-4
41,2008-06-30,1.29,$6.10,0.21,$3.20,0.4,$1.35,0.95,$-3.94,0.0,$0.09B,$0.10B,0.94,$0.71B,$0.60B,1.19,$0.32B,$0.24B,76.83%,$0.32B,$-0.12B,-38.41%,$0.32B,$-0.12B,-38.41%,$0.32B,$-0.11B,-33.65%,$0.32B,$-0.20B,-64.44%,$0.32B,$-0.42B,-132.70%,$-0.42B,$0.60B,-58.56%,$-0.42B,$-0.78B,55.85%,$-0.42B,$1.57B,-24.11%,$-0.12B,$1.30B,-8.14%,$83,$21,$63,$0,$46,$72,$12,$-14,$-2,$10,$-12,$-12,$-12,$17,$12,$98,98,$-0.12,$-0.12,$11,$0,$0,$91,$51,$47,$1373,$8,$1480,$1570,$97,$705,$4,$879,$976,$0,$-445,$-1,$595,$1570,$-31,$9,$23,$32,$-4,$0,$-3,$3,$-4,$-2,$-4,$-1,$-70,$0,$0,$0,$150,$75,$-8,$-72,$-80,$-3,$-3,$-4,$0,$-87,$-14,$1,$-4
42,2008-03-31,1.52,$6.18,0.25,$3.19,0.48,$1.53,1.0,$-4.14,0.0,$0.08B,$0.08B,0.97,$0.78B,$0.61B,1.28,$0.32B,$0.24B,77.46%,$0.32B,$-0.11B,-35.56%,$0.32B,$-0.11B,-35.56%,$0.32B,$-0.10B,-31.11%,$0.32B,$-0.20B,-63.81%,$0.32B,$-0.41B,-130.48%,$-0.41B,$0.61B,-50.21%,$-0.41B,$-0.70B,53.64%,$-0.41B,$1.64B,-21.79%,$-0.11B,$1.39B,-6.81%,$72,$19,$53,$0,$31,$54,$19,$-20,$-1,$9,$-10,$-10,$-19,$22,$19,$99,99,$-0.19,$-0.19,$8,$0,$0,$77,$46,$51,$1309,$9,$1562,$1639,$80,$781,$7,$948,$1027,$0,$-429,$-3,$612,$1639,$-18,$4,$18,$22,$3,$0,$-2,$-1,$-9,$-6,$-3,$-0,$0,$0,$-1,$-1,$-1,$-5,$-0,$-2,$-2,$0,$0,$-4,$0,$-6,$-17,$0,$-4
43,2007-12-31,2.37,$6.35,0.37,$3.21,0.74,$1.67,1.42,$-3.94,0.0,$0.08B,$0.09B,0.98,$0.79B,$0.63B,1.26,$0.32B,$0.25B,77.92%,$0.32B,$-0.11B,-34.38%,$0.32B,$-0.11B,-34.38%,$0.32B,$-0.09B,-29.65%,$0.32B,$-0.20B,-61.83%,$0.32B,$-0.39B,-123.34%,$-0.39B,$0.63B,-42.50%,$-0.39B,$-0.68B,47.02%,$-0.39B,$1.65B,-19.34%,$-0.11B,$1.42B,-6.11%,$72,$16,$56,$0,$31,$256,$-185,$-27,$-212,$48,$-260,$-257,$-392,$-181,$-185,$99,99,$-3.98,$-3.98,$24,$0,$0,$84,$45,$48,$1310,$9,$1564,$1648,$86,$790,$5,$934,$1020,$0,$-415,$1,$629,$1648,$-392,$15,$421,$436,$4,$0,$-4,$-1,$-0,$44,$-10,$0,$0,$0,$-13,$-13,$101,$78,$-125,$0,$-125,$0,$0,$-3,$-3,$-131,$-8,$3,$-3
44,2007-09-30,3.73,$10.29,0.36,$3.06,1.22,$1.97,1.9,$-0.25,0.0,$0.10B,$0.07B,1.46,$0.82B,$1.02B,0.8,$0.30B,$0.24B,78.15%,$0.30B,$0.10B,32.45%,$0.30B,$0.10B,32.45%,$0.30B,$0.11B,37.09%,$0.30B,$0.02B,6.29%,$0.30B,$-0.02B,-7.95%,$-0.02B,$1.02B,-2.36%,$-0.02B,$-0.84B,2.75%,$-0.02B,$2.08B,-1.11%,$0.10B,$1.84B,5.11%,$88,$19,$70,$0,$33,$56,$33,$-21,$12,$6,$6,$5,$5,$36,$33,$99,99,$0.05,$0.05,$22,$0,$0,$96,$44,$56,$1856,$10,$1980,$2077,$66,$818,$6,$992,$1058,$0,$-24,$0,$1019,$2077,$-3,$12,$25,$36,$-3,$0,$-6,$-1,$-16,$16,$98,$-0,$0,$0,$-12,$-12,$-5,$81,$-0,$-103,$-103,$0,$0,$-3,$-3,$-108,$-11,$1,$-3
45,2007-06-30,7.06,$10.26,0.69,$3.09,2.28,$1.15,6.11,$-0.22,0.0,$0.10B,$0.08B,1.31,$0.92B,$1.01B,0.91,$0.31B,$0.24B,78.10%,$0.31B,$0.10B,32.35%,$0.31B,$0.10B,32.35%,$0.31B,$0.11B,37.25%,$0.31B,$0.02B,7.19%,$0.31B,$-0.02B,-6.86%,$-0.02B,$1.01B,-2.05%,$-0.02B,$-0.85B,2.30%,$-0.02B,$2.18B,-0.95%,$0.10B,$1.94B,5.05%,$83,$18,$65,$0,$34,$61,$21,$-21,$-0,$-1,$1,$-0,$-5,$25,$21,$99,99,$-0.05,$-0.05,$26,$0,$0,$101,$48,$58,$1863,$12,$2080,$2181,$77,$923,$7,$1090,$1167,$0,$-29,$1,$1014,$2181,$-8,$8,$23,$31,$-2,$0,$-6,$-2,$-8,$15,$-4,$-0,$0,$0,$-11,$-11,$-4,$-18,$0,$-0,$-0,$0,$0,$-3,$0,$-3,$-6,$2,$-3
46,2007-03-31,6.46,$10.31,0.63,$3.18,2.03,$1.28,5.05,$-0.06,0.0,$0.09B,$0.06B,1.55,$0.93B,$1.02B,0.91,$0.31B,$0.25B,78.34%,$0.31B,$0.11B,35.35%,$0.31B,$0.11B,35.35%,$0.31B,$0.13B,40.45%,$0.31B,$0.04B,11.78%,$0.31B,$-0.01B,-2.55%,$-0.01B,$1.02B,-0.78%,$-0.01B,$-0.96B,0.84%,$-0.01B,$2.18B,-0.36%,$0.11B,$1.94B,5.62%,$74,$18,$56,$0,$30,$52,$22,$-18,$4,$1,$2,$1,$1,$26,$22,$99,99,$0.01,$0.01,$32,$0,$0,$92,$53,$52,$1977,$8,$2089,$2181,$60,$926,$11,$1103,$1163,$0,$-22,$1,$1018,$2181,$1,$4,$2,$5,$11,$0,$-3,$2,$0,$6,$-2,$-0,$0,$0,$-1,$-1,$-2,$-4,$-0,$0,$-0,$0,$0,$-3,$0,$-3,$-1,$1,$-3
47,2006-12-31,6.74,$10.32,0.65,$3.26,2.07,$1.30,5.18,$-0.04,0.0,$0.10B,$0.07B,1.44,$0.93B,$1.02B,0.91,$0.32B,$0.25B,78.26%,$0.32B,$0.11B,34.78%,$0.32B,$0.11B,34.78%,$0.32B,$0.13B,40.06%,$0.32B,$0.04B,11.80%,$0.32B,$-0.01B,-1.86%,$-0.01B,$1.02B,-0.58%,$-0.01B,$-0.84B,0.63%,$-0.01B,$2.20B,-0.27%,$0.11B,$1.95B,5.64%,$57,$11,$45,$0,$20,$34,$22,$-19,$3,$2,$1,$-0,$-25,$25,$22,$99,99,$-0.26,$-0.26,$32,$0,$0,$104,$46,$52,$1861,$6,$2091,$2195,$72,$930,$8,$1105,$1177,$0,$-22,$1,$1018,$2195,$-7,$16,$66,$83,$-5,$0,$3,$5,$2,$77,$-14,$0,$-43,$0,$-17,$-17,$28,$-46,$-48,$33,$-15,$0,$0,$-3,$0,$-18,$13,$6,$-3
