,Date,Stock Price,Book Value per Share,Price to Book Ratio,TTM Sales per Share,Price to Sales Ratio,TTM FCF per Share,Price to FCF Ratio,TTM Net EPS,PE Ratio,Current Assets,Current Liabilities,Current Ratio,Long Term Debt,Shareholder's Equity_x,Debt to Equity Ratio,TTM Revenue_x,TTM Gross Profit,Gross Margin,TTM Revenue_y,TTM Operating Income,Operating Margin,TTM Revenue_x,TTM EBIT,EBIT Margin,TTM Revenue_y,TTM EBITDA,EBITDA Margin,TTM Revenue_x,TTM Pre-Tax Income,Pre-Tax Margin,TTM Revenue_y,TTM Net Income_x,Net Margin,TTM Net Income_y,Shareholder's Equity_y,Return on Equity,TTM Net Income_x,Tangible Equity,Return on Tangible Equity,TTM Net Income_y,Total Assets,Return on Assets,TTM Net Income,LT Investments & Debt,Return on Investment,revenue,cost-goods-sold,gross-profit,research-development-expenses,selling-general-administrative-expenses,operating-expenses,operating-income,total-non-operating-income-expense,pre-tax-income,total-provision-income-taxes,income-after-taxes,income-from-continuous-operations,net-income,ebitda,ebit,basic-shares-outstanding,shares-outstanding,eps-basic-net-earnings-per-share,eps-earnings-per-share-diluted,cash-on-hand,inventory,other-current-assets,total-current-assets,net-property-plant-equipment,long-term-investments,goodwill-intangible-assets-total,other-long-term-assets,total-long-term-assets,total-assets,total-current-liabilities,long-term-debt,other-non-current-liabilities,total-long-term-liabilities,total-liabilities,common-stock-net,retained-earnings-accumulated-deficit,comprehensive-income,total-share-holder-equity,total-liabilities-share-holders-equity,net-income-loss,total-depreciation-amortization-cash-flow,other-non-cash-items,total-non-cash-items,change-in-accounts-receivable,change-in-inventories,change-in-accounts-payable,change-in-assets-liabilities,total-change-in-assets-liabilities,cash-flow-from-operating-activities,net-change-in-property-plant-equipment,net-change-in-intangible-assets,net-acquisitions-divestitures,net-change-in-short-term-investments,net-change-in-long-term-investments,net-change-in-investments-total,investing-activities-other,cash-flow-from-investing-activities,net-long-term-debt,net-current-debt,debt-issuance-retirement-net-total,net-common-equity-issued-repurchased,net-total-equity-issued-repurchased,total-common-preferred-stock-dividends-paid,financial-activities-other,cash-flow-from-financial-activities,net-cash-flow,stock-based-compensation,common-stock-dividends-paid
0,2018-09-30,116.75,$3.64,32.08,$80.77,1.45,$9.47,12.33,$6.26,18.65,$13.99B,$12.22B,1.15,$20.10B,$3.13B,6.43,$70.28B,$52.71B,75.00%,$70.28B,$7.08B,10.08%,$70.28B,$7.08B,10.08%,$70.28B,$9.34B,13.29%,$70.28B,$6.86B,9.76%,$70.28B,$5.44B,7.74%,$5.44B,$3.13B,276.06%,$5.44B,$-2.77B,-139.17%,$5.44B,$46.69B,11.96%,$7.08B,$23.23B,31.91%,$17444,$4520,$12924,$0,$9015,$15717,$1727,$162,$1889,$381,$1508,$1508,$1508,$2251,$1727,$860,865,$1.74,$1.73,$4841,$0,$1336,$13991,$25379,$0,$5895,$1231,$32698,$46689,$12222,$20101,$3159,$31341,$43563,$9,$8377,$-5288,$3126,$46689,$4338,$1662,$1183,$2845,$1096,$0,$-391,$1334,$2239,$9422,$-4445,$0,$-2,$-22,$0,$-22,$-30,$-4499,$-1070,$-77,$-1147,$-594,$-594,$-2260,$-259,$-4260,$606,$380,$-2260
1,2018-06-30,105.44,$2.74,38.49,$79.22,1.33,$4.55,23.15,$5.98,17.63,$13.87B,$11.49B,1.21,$20.12B,$2.36B,8.54,$69.00B,$52.09B,75.49%,$69.00B,$7.17B,10.39%,$69.00B,$7.17B,10.39%,$69.00B,$9.47B,13.73%,$69.00B,$6.91B,10.01%,$69.00B,$5.19B,7.52%,$5.19B,$2.36B,329.84%,$5.19B,$-3.51B,-121.69%,$5.19B,$45.22B,11.75%,$7.17B,$22.48B,35.20%,$17456,$4484,$12972,$0,$9024,$15683,$1773,$153,$1926,$441,$1485,$1485,$1485,$2315,$1773,$866,870,$1.71,$1.71,$4934,$0,$1270,$13874,$23901,$0,$5865,$1373,$31349,$45223,$11488,$20120,$3258,$31379,$42867,$9,$7665,$-5346,$2356,$45223,$2830,$1138,$864,$2002,$1270,$0,$-260,$1367,$2368,$7200,$-2814,$0,$-2,$7,$0,$7,$-11,$-2820,$-1501,$68,$-1433,$-396,$-396,$-1507,$-271,$-3607,$722,$312,$-1507
2,2018-03-31,103.07,$1.60,64.62,$77.33,1.33,$0.23,453.46,$5.85,17.62,$13.62B,$11.15B,1.22,$20.41B,$1.38B,14.84,$67.48B,$51.42B,76.21%,$67.48B,$7.43B,11.01%,$67.48B,$7.43B,11.01%,$67.48B,$9.76B,14.46%,$67.48B,$7.10B,10.52%,$67.48B,$5.09B,7.54%,$5.09B,$1.38B,390.56%,$5.09B,$-4.54B,-113.40%,$5.09B,$44.46B,11.90%,$7.43B,$21.78B,39.90%,$17113,$4329,$12784,$0,$9045,$15593,$1520,$141,$1661,$316,$1345,$1345,$1345,$2116,$1520,$866,870,$1.55,$1.55,$4209,$0,$1517,$13620,$23239,$0,$5918,$1423,$30844,$44464,$11149,$20409,$3641,$31940,$43089,$9,$6973,$-5638,$1375,$44464,$1345,$596,$517,$1113,$1201,$0,$-601,$1076,$1609,$4067,$-1517,$0,$0,$69,$0,$69,$2,$-1446,$-1497,$165,$-1332,$-184,$-184,$-754,$-280,$-2550,$57,$239,$-754
3,2017-12-31,116.35,$1.19,97.6,$75.31,1.54,$-3.49,0.0,$5.62,20.7,$15.72B,$12.89B,1.22,$20.28B,$1.02B,19.8,$65.87B,$50.59B,76.81%,$65.87B,$7.53B,11.43%,$65.87B,$7.53B,11.43%,$65.87B,$9.81B,14.89%,$65.87B,$7.15B,10.85%,$65.87B,$4.91B,7.45%,$4.91B,$1.02B,446.67%,$4.91B,$-4.81B,-106.71%,$4.91B,$45.57B,11.90%,$7.53B,$21.30B,45.48%,$18262,$4234,$14028,$0,$9556,$16199,$2063,$-681,$1382,$281,$1101,$1101,$1101,$2657,$2063,$871,875,$1.27,$1.26,$4069,$0,$1303,$15718,$22118,$0,$5836,$1636,$29856,$45574,$12886,$20278,$3569,$31664,$44550,$9,$5852,$-4867,$1024,$45574,$4910,$2282,$-4253,$-1971,$-1022,$0,$592,$-1223,$-1460,$1479,$-5203,$0,$-134,$356,$0,$356,$6,$-4975,$8077,$-250,$7827,$-1566,$-1566,$-2771,$-203,$3287,$-156,$584,$-2771
4,2017-09-30,116.41,$1.79,65.2,$73.53,1.58,$4.82,24.13,$4.08,28.53,$12.91B,$12.17B,1.06,$14.36B,$1.54B,9.33,$64.54B,$49.65B,76.92%,$64.54B,$5.04B,7.81%,$64.54B,$5.04B,7.81%,$64.54B,$7.29B,11.29%,$64.54B,$5.25B,8.13%,$64.54B,$3.57B,5.53%,$3.57B,$1.54B,375.59%,$3.57B,$-4.20B,-76.45%,$3.57B,$41.36B,8.93%,$5.04B,$15.89B,34.90%,$16173,$3867,$12306,$0,$8437,$14361,$1812,$125,$1937,$678,$1259,$1259,$1259,$2384,$1812,$864,869,$1.45,$1.44,$4461,$0,$1512,$12910,$20988,$0,$5735,$1405,$28446,$41356,$12167,$14355,$3145,$27650,$39817,$9,$5724,$-4224,$1539,$41356,$3809,$1688,$-1202,$486,$818,$0,$-398,$-431,$123,$4418,$-3690,$0,$-61,$117,$0,$117,$19,$-3615,$2878,$-354,$2524,$-1169,$-1169,$-2085,$-184,$-914,$-55,$446,$-2085
5,2017-06-30,106.41,$1.47,72.25,$71.88,1.48,$8.08,13.17,$4.07,26.14,$12.39B,$11.08B,1.12,$14.26B,$1.27B,11.19,$63.30B,$49.13B,77.62%,$63.30B,$5.26B,8.31%,$63.30B,$5.26B,8.31%,$63.30B,$7.49B,11.84%,$63.30B,$5.27B,8.32%,$63.30B,$3.58B,5.66%,$3.58B,$1.27B,284.77%,$3.58B,$-4.40B,-85.83%,$3.58B,$39.72B,9.13%,$5.26B,$15.53B,37.49%,$15927,$3622,$12305,$0,$8284,$13890,$2037,$82,$2119,$735,$1384,$1384,$1384,$2599,$2037,$872,876,$1.59,$1.58,$4604,$0,$1237,$12394,$19841,$0,$5674,$1453,$27330,$39724,$11082,$14257,$3035,$27368,$38450,$9,$5437,$-4202,$1274,$39724,$2550,$1116,$-1602,$-486,$1138,$0,$-530,$-38,$557,$2621,$-1995,$0,$-57,$29,$0,$29,$-2,$-2025,$2595,$-810,$1785,$-766,$-766,$-1389,$-186,$-556,$70,$328,$-1389
6,2017-03-31,102.42,$0.65,158.75,$70.13,1.46,$11.57,8.85,$3.92,26.13,$11.49B,$11.41B,1.01,$12.94B,$0.56B,23.1,$62.00B,$48.50B,78.22%,$62.00B,$5.26B,8.49%,$62.00B,$5.26B,8.49%,$62.00B,$7.49B,12.08%,$62.00B,$5.10B,8.22%,$62.00B,$3.47B,5.59%,$3.47B,$0.56B,216.42%,$3.47B,$-5.00B,-94.85%,$3.47B,$38.38B,8.92%,$5.26B,$13.50B,38.41%,$15510,$3556,$11954,$0,$8311,$13893,$1617,$93,$1710,$544,$1166,$1166,$1166,$2171,$1617,$874,879,$1.33,$1.33,$3718,$0,$1301,$11494,$19225,$0,$5557,$1578,$26886,$38380,$11406,$12938,$2976,$26414,$37820,$9,$4988,$-4462,$560,$38380,$1166,$554,$-2017,$-1463,$1134,$0,$-673,$109,$536,$239,$-927,$0,$-25,$47,$0,$47,$-5,$-910,$569,$562,$1131,$-364,$-364,$-695,$-196,$-124,$-779,$212,$-695
7,2016-12-31,108.59,$0.49,219.73,$68.62,1.58,$14.86,7.31,$3.87,28.06,$13.85B,$11.73B,1.18,$12.39B,$0.43B,28.89,$60.91B,$48.12B,79.01%,$60.91B,$5.47B,8.98%,$60.91B,$5.47B,8.98%,$60.91B,$7.69B,12.63%,$60.91B,$5.14B,8.43%,$60.91B,$3.43B,5.63%,$3.43B,$0.43B,164.83%,$3.43B,$-5.09B,-112.97%,$3.43B,$40.38B,8.78%,$5.47B,$12.82B,39.51%,$16931,$3849,$13082,$0,$11322,$17359,$-428,$-88,$-516,$-277,$-239,$-239,$-239,$135,$-428,$883,887,$-0.25,$-0.27,$4567,$0,$954,$13849,$18800,$0,$5515,$1622,$26528,$40377,$11730,$12394,$3018,$28218,$39948,$9,$4879,$-4483,$429,$40377,$3431,$2224,$1527,$3751,$-704,$0,$461,$-575,$-709,$6473,$-2877,$0,$-547,$908,$0,$908,$-50,$-2566,$2122,$-88,$2034,$-2433,$-2433,$-2643,$-98,$-3140,$746,$591,$-2643
8,2016-09-30,102.88,$3.17,32.46,$67.25,1.53,$16.41,6.27,$5.62,18.31,$12.85B,$10.89B,1.18,$11.51B,$2.77B,4.16,$60.03B,$47.69B,79.45%,$60.03B,$7.95B,13.24%,$60.03B,$7.95B,13.24%,$60.03B,$10.15B,16.91%,$60.03B,$7.62B,12.70%,$60.03B,$5.00B,8.33%,$5.00B,$2.77B,192.57%,$5.00B,$-2.21B,-209.71%,$5.00B,$38.34B,12.98%,$7.95B,$14.27B,56.43%,$14928,$3139,$11789,$0,$7857,$12894,$2034,$-81,$1953,$683,$1270,$1270,$1270,$2588,$2034,$876,880,$1.44,$1.44,$5358,$0,$1223,$12853,$18489,$0,$4973,$1571,$25489,$38342,$10889,$11506,$3056,$24686,$35575,$9,$6385,$-3651,$2767,$38342,$3670,$1661,$-399,$1262,$782,$0,$-276,$-121,$431,$5363,$-1761,$0,$-3,$-212,$0,$-212,$-51,$-2027,$1695,$-689,$1006,$-1811,$-1811,$-1987,$11,$-2781,$569,$471,$-1987
9,2016-06-30,100.62,$3.01,33.38,$66.05,1.52,$17.61,5.71,$5.57,18.06,$13.12B,$9.96B,1.32,$11.55B,$2.65B,4.36,$59.34B,$47.24B,79.61%,$59.34B,$7.90B,13.31%,$59.34B,$7.90B,13.31%,$59.34B,$10.07B,16.97%,$59.34B,$7.57B,12.76%,$59.34B,$4.99B,8.41%,$4.99B,$2.65B,208.51%,$4.99B,$-2.33B,-192.77%,$4.99B,$38.34B,12.89%,$7.90B,$14.20B,58.44%,$14629,$2958,$11671,$0,$7738,$12591,$2038,$-86,$1952,$683,$1269,$1269,$1269,$2593,$2038,$886,890,$1.43,$1.43,$5672,$0,$1340,$13123,$18251,$0,$4977,$1678,$25216,$38339,$9961,$11550,$3077,$25728,$35689,$9,$6223,$-3606,$2650,$38339,$2400,$1107,$641,$1748,$1054,$0,$-310,$-126,$545,$4693,$-952,$0,$-3,$-791,$0,$-791,$-48,$-1794,$1756,$-1781,$-25,$-1182,$-1182,$-1327,$-50,$-2584,$329,$346,$-1327
10,2016-03-31,97.77,$2.81,34.85,$65.14,1.5,$17.03,5.74,$5.49,17.81,$13.91B,$11.10B,1.25,$11.57B,$2.48B,4.67,$58.80B,$46.89B,79.74%,$58.80B,$7.82B,13.30%,$58.80B,$7.82B,13.30%,$58.80B,$9.95B,16.92%,$58.80B,$7.50B,12.75%,$58.80B,$4.95B,8.42%,$4.95B,$2.48B,222.75%,$4.95B,$-2.53B,-216.42%,$4.95B,$39.17B,12.88%,$7.82B,$14.05B,60.47%,$14418,$2839,$11579,$0,$7853,$12595,$1823,$-76,$1747,$616,$1131,$1131,$1131,$2375,$1823,$889,894,$1.27,$1.27,$6267,$0,$1404,$13912,$18285,$0,$5009,$1634,$25256,$39168,$11098,$11569,$3078,$25590,$36688,$9,$6095,$-3647,$2480,$39168,$1131,$552,$313,$865,$1082,$0,$-571,$271,$674,$2670,$-424,$0,$-6,$-625,$0,$-625,$-53,$-1108,$1578,$-759,$819,$-557,$-557,$-666,$-36,$-440,$1157,$215,$-666
11,2015-12-31,88.49,$2.81,31.48,$64.32,1.38,$17.14,5.16,$5.34,16.57,$13.21B,$10.70B,1.24,$11.32B,$2.49B,4.54,$58.36B,$46.44B,79.57%,$58.36B,$7.67B,13.14%,$58.36B,$7.67B,13.14%,$58.36B,$9.75B,16.71%,$58.36B,$7.34B,12.58%,$58.36B,$4.84B,8.30%,$4.84B,$2.49B,234.75%,$4.84B,$-2.48B,-249.85%,$4.84B,$38.31B,12.76%,$7.67B,$13.81B,62.02%,$16054,$3399,$12655,$0,$8504,$14003,$2051,$-82,$1969,$638,$1331,$1331,$1331,$2592,$2051,$901,906,$1.48,$1.49,$4726,$0,$1348,$13208,$18352,$0,$4968,$1528,$25103,$38311,$10696,$11316,$3055,$25124,$35820,$9,$6001,$-3540,$2491,$38311,$4844,$2084,$756,$2840,$-452,$0,$-147,$408,$-254,$7430,$-2353,$0,$-1904,$-1027,$0,$-1027,$-25,$-5309,$1059,$2529,$3588,$-2453,$-2453,$-2525,$-175,$-1565,$439,$574,$-2525
12,2015-09-30,90.12,$2.19,41.22,$63.80,1.41,$15.27,5.9,$4.35,20.72,$13.58B,$11.87B,1.14,$10.04B,$1.95B,5.16,$58.20B,$45.85B,78.77%,$58.20B,$6.37B,10.95%,$58.20B,$6.37B,10.95%,$58.20B,$8.41B,14.45%,$58.20B,$6.04B,10.37%,$58.20B,$3.97B,6.81%,$3.97B,$1.95B,200.28%,$3.97B,$-3.02B,-257.91%,$3.97B,$39.00B,10.65%,$6.37B,$11.99B,53.47%,$14237,$2905,$11332,$0,$7458,$12253,$1984,$-79,$1905,$648,$1257,$1257,$1257,$2511,$1984,$895,903,$1.40,$1.39,$5689,$0,$1283,$13581,$18163,$0,$4965,$1637,$25421,$39002,$11869,$10044,$3072,$25185,$37054,$9,$5771,$-3851,$1948,$39002,$3513,$1543,$636,$2179,$738,$0,$-745,$735,$723,$6415,$-1634,$0,$-1925,$-1253,$0,$-1253,$-147,$-4959,$228,$3546,$3774,$-1834,$-1834,$-1899,$-201,$-160,$1150,$452,$-1899
13,2015-06-30,87.86,$2.20,40.0,$63.53,1.38,$12.98,6.77,$4.28,20.53,$13.77B,$10.30B,1.34,$9.90B,$1.97B,5.03,$58.26B,$45.44B,78.00%,$58.26B,$6.34B,10.88%,$58.26B,$6.34B,10.88%,$58.26B,$8.34B,14.31%,$58.26B,$6.00B,10.30%,$58.26B,$3.92B,6.73%,$3.92B,$1.97B,135.08%,$3.92B,$-1.12B,-3324.58%,$3.92B,$37.25B,10.75%,$6.34B,$11.87B,49.57%,$14095,$2773,$11322,$0,$7502,$12135,$1960,$-82,$1878,$648,$1230,$1230,$1230,$2470,$1960,$901,908,$1.37,$1.35,$6222,$0,$1374,$13768,$17970,$0,$3092,$1600,$23483,$37251,$10303,$9900,$3266,$24980,$35283,$9,$5668,$-3727,$1968,$37251,$2256,$1016,$509,$1525,$880,$0,$-558,$315,$458,$4239,$-950,$0,$-90,$-1713,$0,$-1713,$-23,$-2776,$84,$2319,$2403,$-1208,$-1208,$-1270,$-177,$-252,$1139,$328,$-1270
14,2015-03-31,87.26,$2.05,42.57,$63.40,1.38,$10.47,8.33,$3.42,25.51,$13.92B,$10.61B,1.31,$9.94B,$1.85B,5.38,$58.43B,$45.08B,77.15%,$58.43B,$5.13B,8.78%,$58.43B,$5.13B,8.78%,$58.43B,$7.09B,12.13%,$58.43B,$4.80B,8.22%,$58.43B,$3.15B,5.39%,$3.15B,$1.85B,82.63%,$3.15B,$-1.14B,392.76%,$3.15B,$37.33B,8.77%,$5.13B,$11.79B,37.41%,$13977,$2848,$11129,$0,$7564,$12304,$1673,$-83,$1590,$564,$1026,$1026,$1026,$2179,$1673,$903,913,$1.13,$1.12,$6417,$0,$1363,$13915,$17901,$0,$2984,$1777,$23417,$37332,$10610,$9941,$3269,$24875,$35485,$9,$5508,$-3688,$1847,$37332,$1026,$506,$327,$833,$763,$0,$-571,$884,$892,$2751,$-363,$0,$-10,$-966,$0,$-966,$-18,$-1357,$881,$1463,$2344,$-604,$-604,$-636,$-205,$899,$2191,$194,$-636
15,2014-12-31,99.35,$2.38,41.67,$63.02,1.58,$9.97,9.97,$3.28,30.29,$11.22B,$8.62B,1.3,$9.86B,$2.16B,4.57,$58.23B,$44.52B,76.45%,$58.23B,$4.97B,8.53%,$58.23B,$4.97B,8.53%,$58.23B,$6.89B,11.83%,$58.23B,$4.64B,7.96%,$58.23B,$3.03B,5.21%,$3.03B,$2.16B,61.72%,$3.03B,$-0.87B,159.58%,$3.03B,$35.44B,8.46%,$4.97B,$12.01B,33.59%,$15895,$3828,$12067,$0,$9188,$15141,$754,$-92,$662,$209,$453,$453,$453,$1251,$754,$916,924,$0.50,$0.49,$3283,$0,$1274,$11218,$18281,$0,$3031,$1691,$24222,$35440,$8621,$9856,$3275,$24661,$33282,$9,$5726,$-3594,$2158,$35440,$3032,$1923,$483,$2406,$-523,$0,$276,$429,$288,$5726,$-2275,$0,$-88,$-419,$0,$-419,$-19,$-2801,$-169,$0,$-169,$-2421,$-2421,$-2366,$-205,$-5161,$-2374,$536,$-2366
16,2014-09-30,87.3,$6.22,14.04,$61.62,1.42,$11.87,7.36,$4.04,21.61,$13.32B,$9.10B,1.46,$9.86B,$5.64B,1.75,$57.31B,$43.86B,76.53%,$57.31B,$6.12B,10.68%,$57.31B,$6.12B,10.68%,$57.31B,$8.02B,13.98%,$57.31B,$5.80B,10.12%,$57.31B,$3.75B,6.54%,$3.75B,$5.64B,62.49%,$3.75B,$2.66B,124.91%,$3.75B,$35.91B,10.40%,$6.12B,$15.50B,37.99%,$14290,$3368,$10922,$0,$7217,$12336,$1954,$-85,$1869,$655,$1214,$1214,$1214,$2439,$1954,$913,922,$1.33,$1.32,$5571,$0,$1334,$13318,$17843,$0,$2982,$1763,$22588,$35906,$9096,$9858,$3283,$21166,$30262,$9,$6229,$-611,$5644,$35906,$2579,$1426,$-13,$1413,$448,$0,$-400,$252,$199,$4191,$-1416,$0,$-22,$-695,$0,$-695,$-6,$-2139,$265,$1066,$1331,$-1859,$-1859,$-1780,$-105,$-2413,$-461,$430,$-1780
17,2014-06-30,90.55,$6.11,14.82,$60.44,1.5,$12.61,7.18,$3.88,23.34,$12.34B,$8.34B,1.48,$9.94B,$5.59B,1.78,$56.54B,$43.40B,76.75%,$56.54B,$5.97B,10.56%,$56.54B,$5.97B,10.56%,$56.54B,$7.84B,13.87%,$56.54B,$5.64B,9.98%,$56.54B,$3.63B,6.42%,$3.63B,$5.59B,66.01%,$3.63B,$2.55B,144.61%,$3.63B,$34.86B,9.97%,$5.97B,$15.53B,37.61%,$14268,$3309,$10959,$0,$8375,$13521,$747,$-64,$683,$229,$454,$454,$454,$1220,$747,$918,927,$0.49,$0.49,$4599,$0,$1259,$12341,$17787,$0,$3032,$1701,$22520,$34861,$8337,$9940,$3427,$20939,$29276,$9,$6155,$-596,$5585,$34861,$1365,$941,$-399,$542,$585,$0,$-357,$-62,$-75,$1832,$-803,$0,$-22,$-959,$0,$-959,$-18,$-1802,$-256,$1096,$840,$-1230,$-1230,$-1192,$-50,$-1632,$-1609,$306,$-1192
18,2014-03-31,85.32,$6.81,12.52,$59.24,1.44,$14.09,6.05,$4.52,18.88,$14.62B,$9.19B,1.59,$9.86B,$6.26B,1.58,$55.78B,$42.92B,76.93%,$55.78B,$6.97B,12.49%,$55.78B,$6.97B,12.49%,$55.78B,$8.83B,15.83%,$55.78B,$6.61B,11.85%,$55.78B,$4.25B,7.61%,$4.25B,$6.26B,84.77%,$4.25B,$3.26B,204.92%,$4.25B,$37.09B,11.52%,$6.97B,$16.12B,44.62%,$13779,$3209,$10570,$0,$7265,$12266,$1513,$-90,$1423,$512,$911,$911,$911,$1981,$1513,$921,923,$0.99,$0.98,$7035,$0,$1096,$14620,$17769,$0,$3004,$1692,$22465,$37085,$9193,$9860,$3390,$21630,$30823,$9,$6727,$-489,$6262,$37085,$911,$468,$326,$794,$659,$0,$-358,$236,$562,$2267,$-318,$0,$-22,$-496,$0,$-496,$-9,$-845,$-8,$1183,$1175,$-594,$-594,$-596,$-105,$-120,$1281,$164,$-596
19,2013-12-31,91.43,$7.03,13.01,$58.30,1.57,$13.35,6.85,$4.62,19.79,$13.39B,$7.13B,1.88,$10.82B,$6.49B,1.67,$55.44B,$42.69B,77.00%,$55.44B,$7.03B,12.69%,$55.44B,$7.03B,12.69%,$55.44B,$8.90B,16.06%,$55.44B,$6.67B,12.04%,$55.44B,$4.37B,7.89%,$4.37B,$6.49B,98.16%,$4.37B,$3.52B,279.00%,$4.37B,$36.21B,11.78%,$7.03B,$17.31B,45.81%,$14976,$3566,$11410,$0,$7647,$13068,$1908,$-84,$1824,$657,$1167,$1167,$1167,$2375,$1908,$940,948,$1.25,$1.24,$5245,$0,$956,$13387,$17961,$0,$2965,$1789,$22825,$36212,$7131,$10824,$3474,$22593,$29724,$9,$6925,$-460,$6488,$36212,$4372,$1867,$1099,$2966,$-515,$0,$218,$-153,$-34,$7304,$-1961,$0,$-22,$9,$0,$9,$-140,$-2114,$-1775,$0,$-1775,$-3347,$-3347,$-2260,$-425,$-7807,$-2662,$513,$-2260
20,2013-09-30,79.01,$3.93,20.08,$57.54,1.37,$13.04,6.06,$1.54,51.31,$13.76B,$7.82B,1.76,$10.90B,$3.66B,2.98,$55.03B,$42.29B,76.84%,$55.03B,$2.34B,4.26%,$55.03B,$2.34B,4.26%,$55.03B,$4.22B,7.67%,$55.03B,$1.97B,3.57%,$55.03B,$1.46B,2.65%,$1.46B,$3.66B,36.29%,$1.46B,$0.70B,123.95%,$1.46B,$37.48B,3.86%,$2.34B,$14.55B,15.64%,$13521,$3060,$10461,$0,$6961,$11717,$1804,$-90,$1714,$617,$1097,$1097,$1097,$2264,$1804,$935,944,$1.17,$1.16,$6649,$0,$930,$13758,$17992,$0,$2951,$1802,$23718,$37476,$7821,$10897,$3483,$26000,$33821,$9,$7102,$-3469,$3655,$37476,$3205,$1400,$489,$1889,$417,$0,$-429,$-143,$-34,$5060,$-1515,$0,$-20,$-982,$0,$-982,$54,$-2463,$-1761,$1653,$-108,$-2498,$-2498,$-1702,$-408,$-4716,$-2145,$406,$-1702
21,2013-06-30,74.25,$3.87,19.17,$56.69,1.31,$12.96,5.73,$0.86,86.34,$13.23B,$7.18B,1.84,$10.84B,$3.63B,2.99,$54.58B,$41.88B,76.72%,$54.58B,$1.31B,2.39%,$54.58B,$1.31B,2.39%,$54.58B,$3.19B,5.84%,$54.58B,$0.93B,1.69%,$54.58B,$0.83B,1.52%,$0.83B,$3.63B,16.56%,$0.83B,$0.80B,37.56%,$0.83B,$36.70B,2.17%,$1.31B,$14.47B,8.14%,$13507,$3032,$10475,$0,$6981,$11765,$1742,$-95,$1647,$576,$1071,$1071,$1071,$2208,$1742,$943,952,$1.14,$1.13,$6192,$0,$1032,$13226,$17880,$0,$2827,$1807,$23477,$36703,$7183,$10837,$3627,$25890,$33073,$9,$7185,$-3577,$3630,$36703,$2108,$940,$261,$1201,$542,$0,$-209,$-162,$122,$3431,$-966,$0,$0,$-898,$0,$-898,$11,$-1853,$-1761,$1045,$-716,$-1574,$-1574,$-1140,$-611,$-4041,$-2519,$288,$-1140
22,2013-03-31,73.24,$4.28,17.12,$56.25,1.3,$13.39,5.47,$0.88,83.22,$14.48B,$8.03B,1.8,$11.05B,$4.04B,2.73,$54.43B,$41.70B,76.62%,$54.43B,$1.35B,2.49%,$54.43B,$1.35B,2.49%,$54.43B,$3.23B,5.93%,$54.43B,$0.98B,1.80%,$54.43B,$0.87B,1.61%,$0.87B,$4.04B,14.50%,$0.87B,$1.24B,26.93%,$0.87B,$38.01B,2.28%,$1.35B,$15.09B,7.90%,$13434,$3095,$10339,$0,$6968,$11854,$1580,$-91,$1489,$452,$1037,$1037,$1037,$2054,$1580,$952,960,$1.09,$1.08,$7332,$0,$950,$14481,$17888,$0,$2805,$1957,$23524,$38005,$8034,$11051,$3634,$25928,$33962,$9,$7614,$-3595,$4043,$38005,$1037,$474,$-49,$425,$421,$0,$-281,$160,$296,$1758,$-441,$0,$0,$-400,$0,$-400,$88,$-753,$-1650,$1472,$-178,$-844,$-844,$-572,$-252,$-1846,$-871,$157,$-572
23,2012-12-31,62.39,$4.97,12.56,$55.77,1.12,$13.94,4.48,$0.80,77.99,$15.59B,$8.39B,1.86,$11.09B,$4.73B,2.34,$54.13B,$41.46B,76.59%,$54.13B,$1.34B,2.48%,$54.13B,$1.34B,2.48%,$54.13B,$3.20B,5.91%,$54.13B,$0.97B,1.80%,$54.13B,$0.81B,1.49%,$0.81B,$4.73B,11.71%,$0.81B,$1.96B,19.64%,$0.81B,$38.86B,2.14%,$1.34B,$15.82B,7.46%,$14571,$3560,$11011,$0,$11943,$17353,$-2782,$-103,$-2885,$-1137,$-1748,$-1748,$-1748,$-2306,$-2782,$960,969,$-1.82,$-1.80,$7924,$0,$973,$15591,$17894,$0,$2776,$1918,$23272,$38863,$8390,$11089,$3535,$25740,$34130,$10,$7997,$-3354,$4733,$38863,$807,$1858,$4419,$6277,$-124,$0,$-58,$216,$132,$7216,$-2058,$0,$-100,$628,$0,$628,$195,$-1335,$1729,$0,$1729,$-1320,$-1320,$-2130,$-96,$-1817,$4293,$547,$-2130
24,2012-09-30,60.08,$8.00,7.51,$55.03,1.09,$13.76,4.37,$3.37,17.83,$16.34B,$10.29B,1.59,$11.15B,$7.61B,1.46,$53.72B,$41.19B,76.67%,$53.72B,$5.32B,9.91%,$53.72B,$5.32B,9.91%,$53.72B,$7.16B,13.32%,$53.72B,$4.97B,9.25%,$53.72B,$3.28B,6.11%,$3.28B,$7.61B,43.81%,$3.28B,$4.83B,69.43%,$3.28B,$39.06B,8.93%,$5.32B,$18.76B,28.62%,$13071,$3018,$10053,$0,$7577,$12305,$766,$-92,$674,$205,$469,$469,$469,$1230,$766,$961,970,$0.49,$0.48,$9016,$0,$1214,$16344,$17829,$0,$2784,$2107,$22720,$39064,$10289,$11148,$3468,$21161,$31450,$10,$10448,$-2929,$7614,$39064,$2555,$1382,$815,$2197,$468,$0,$-279,$149,$351,$5103,$-1542,$0,$-100,$645,$0,$645,$90,$-907,$1733,$2075,$3808,$-1149,$-1149,$-1600,$8,$1067,$5396,$421,$-1600
25,2012-06-30,65.62,$8.06,8.14,$54.90,1.2,$13.97,4.7,$3.95,16.61,$14.70B,$8.40B,1.75,$11.11B,$7.73B,1.44,$53.82B,$41.17B,76.49%,$53.82B,$6.22B,11.56%,$53.82B,$6.22B,11.56%,$53.82B,$8.04B,14.94%,$53.82B,$5.89B,10.95%,$53.82B,$3.88B,7.22%,$3.88B,$7.73B,51.43%,$3.88B,$4.96B,80.69%,$3.88B,$37.18B,10.86%,$6.22B,$18.84B,33.37%,$13349,$3050,$10299,$0,$6747,$11559,$1790,$-86,$1704,$588,$1116,$1116,$1116,$2249,$1790,$962,971,$1.16,$1.15,$7322,$0,$1246,$14702,$17597,$0,$2767,$2111,$22475,$37177,$8400,$11112,$2737,$21052,$29452,$10,$10827,$-3192,$7725,$37177,$2086,$918,$299,$1217,$490,$0,$-163,$254,$547,$3850,$-917,$0,$-100,$664,$0,$664,$46,$-307,$-4,$1877,$1873,$-691,$-691,$-1068,$44,$158,$3684,$295,$-1068
26,2012-03-31,66.76,$7.82,8.54,$54.37,1.23,$13.34,5.0,$3.87,17.25,$13.47B,$7.54B,1.79,$11.08B,$7.50B,1.48,$53.66B,$40.92B,76.26%,$53.66B,$6.18B,11.51%,$53.66B,$6.18B,11.51%,$53.66B,$7.98B,14.87%,$53.66B,$5.86B,10.92%,$53.66B,$3.86B,7.19%,$3.86B,$7.50B,50.11%,$3.86B,$4.69B,77.47%,$3.86B,$35.96B,10.94%,$6.18B,$18.58B,33.01%,$13136,$3044,$10092,$0,$6835,$11567,$1569,$-88,$1481,$511,$970,$970,$970,$2028,$1569,$962,972,$1.01,$1.00,$6080,$0,$1121,$13473,$17614,$0,$2811,$2065,$22490,$35963,$7543,$11079,$2507,$20921,$28464,$10,$10433,$-3020,$7499,$35963,$970,$459,$156,$615,$585,$0,$-276,$343,$695,$2280,$-409,$0,$-100,$302,$0,$302,$-52,$-259,$4,$885,$889,$-416,$-416,$-534,$112,$51,$2099,$162,$-534
27,2011-12-31,60.09,$7.38,8.14,$53.41,1.13,$12.30,4.88,$3.75,16.02,$12.28B,$6.51B,1.89,$11.10B,$7.11B,1.56,$53.11B,$40.54B,76.34%,$53.11B,$6.08B,11.45%,$53.11B,$6.08B,11.45%,$53.11B,$7.86B,14.80%,$53.11B,$5.78B,10.88%,$53.11B,$3.80B,7.16%,$3.80B,$7.11B,48.24%,$3.80B,$4.42B,73.27%,$3.80B,$34.70B,10.89%,$6.08B,$18.20B,32.42%,$14166,$3422,$10744,$0,$7730,$12969,$1197,$-88,$1109,$384,$725,$725,$725,$1648,$1197,$981,991,$0.75,$0.75,$4275,$0,$1152,$12284,$17621,$0,$2686,$1992,$22417,$34701,$6514,$11095,$2579,$21079,$27593,$10,$10128,$-3103,$7108,$34701,$3804,$1782,$1263,$3045,$-657,$0,$249,$293,$224,$7073,$-1978,$0,$-73,$-413,$0,$-413,$-73,$-2537,$88,$-183,$-95,$-2375,$-2375,$-1997,$-395,$-4862,$-336,$524,$-1997
28,2011-09-30,51.46,$8.16,6.3,$52.49,0.98,$9.90,5.2,$4.12,12.49,$12.63B,$7.51B,1.68,$11.09B,$7.87B,1.41,$52.36B,$40.20B,76.78%,$52.36B,$6.46B,12.35%,$52.36B,$6.46B,12.35%,$52.36B,$8.24B,15.74%,$52.36B,$6.16B,11.77%,$52.36B,$4.05B,7.73%,$4.05B,$7.87B,49.85%,$4.05B,$5.18B,74.58%,$4.05B,$35.24B,11.68%,$6.46B,$18.96B,34.31%,$13166,$3135,$10031,$0,$6647,$11500,$1666,$-68,$1598,$526,$1072,$1072,$1072,$2113,$1666,$977,987,$1.10,$1.09,$5453,$0,$957,$12628,$17581,$0,$2688,$2110,$22610,$35238,$7511,$11092,$2628,$19858,$27369,$10,$13828,$-6040,$7869,$35238,$3079,$1331,$202,$1533,$177,$0,$-67,$273,$750,$5362,$-1528,$0,$0,$-473,$0,$-473,$-115,$-2116,$97,$1110,$1207,$-1953,$-1953,$-1500,$-238,$-2484,$763,$402,$-1500
29,2011-06-30,58.93,$8.49,6.94,$51.30,1.15,$9.21,6.4,$4.05,14.55,$12.95B,$7.62B,1.7,$10.79B,$8.33B,1.3,$51.39B,$39.70B,77.26%,$51.39B,$6.41B,12.48%,$51.39B,$6.41B,12.48%,$51.39B,$8.19B,15.94%,$51.39B,$6.11B,11.88%,$51.39B,$3.97B,7.72%,$3.97B,$8.33B,47.89%,$3.97B,$5.64B,70.96%,$3.97B,$35.15B,11.65%,$6.41B,$19.12B,34.87%,$13191,$3136,$10055,$0,$6636,$11446,$1745,$-74,$1671,$579,$1092,$1092,$1092,$2188,$1745,$988,998,$1.11,$1.09,$5637,$0,$701,$12950,$17489,$0,$2694,$1771,$22202,$35152,$7618,$10787,$2531,$19205,$26823,$10,$14218,$-5977,$8329,$35152,$2007,$884,$-234,$650,$185,$0,$-23,$326,$657,$3314,$-929,$0,$0,$-98,$0,$-98,$-42,$-1069,$-10,$1172,$1162,$-889,$-889,$-1007,$-237,$-971,$1321,$272,$-1007
30,2011-03-31,59.64,$8.35,7.14,$50.25,1.19,$9.20,6.48,$3.82,15.61,$12.62B,$7.61B,1.66,$10.50B,$8.23B,1.28,$50.40B,$39.24B,77.85%,$50.40B,$6.07B,12.05%,$50.40B,$6.07B,12.05%,$50.40B,$7.85B,15.58%,$50.40B,$5.74B,11.38%,$50.40B,$3.72B,7.38%,$3.72B,$8.23B,45.45%,$3.72B,$5.53B,67.70%,$3.72B,$34.59B,11.07%,$6.07B,$18.74B,34.21%,$12582,$2871,$9711,$0,$6562,$11110,$1472,$-74,$1398,$483,$915,$915,$915,$1913,$1472,$992,1002,$0.92,$0.91,$5444,$0,$698,$12618,$17407,$0,$2706,$1588,$21976,$34594,$7605,$10504,$2579,$18755,$26360,$10,$14206,$-6052,$8234,$34594,$915,$441,$-769,$-328,$312,$0,$-81,$319,$694,$1281,$-391,$0,$0,$99,$0,$99,$10,$-282,$-101,$1297,$1196,$-401,$-401,$-503,$-45,$247,$1287,$120,$-503
31,2010-12-31,57.84,$8.14,7.11,$49.37,1.17,$9.60,6.03,$3.47,16.67,$11.57B,$5.90B,1.96,$10.49B,$8.05B,1.3,$49.55B,$38.80B,78.32%,$49.55B,$5.64B,11.39%,$49.55B,$5.64B,11.39%,$49.55B,$7.43B,15.00%,$49.55B,$5.29B,10.68%,$49.55B,$3.34B,6.74%,$3.34B,$8.05B,41.57%,$3.34B,$5.37B,62.49%,$3.34B,$33.60B,10.09%,$5.64B,$18.54B,32.98%,$13421,$3017,$10404,$0,$7092,$11840,$1581,$-84,$1497,$528,$969,$969,$969,$2025,$1581,$994,1003,$0.97,$0.97,$4081,$0,$1202,$11569,$17387,$0,$2680,$1961,$22028,$33597,$5902,$10491,$2624,$19648,$25550,$10,$10604,$-2635,$8047,$33597,$3338,$1792,$-636,$1156,$-532,$0,$265,$-490,$-659,$3835,$-1085,$0,$63,$30,$0,$30,$338,$-654,$1727,$-481,$1246,$-599,$-599,$-1818,$-175,$-1346,$1828,$519,$-1818
32,2010-09-30,52.78,$8.62,6.12,$48.32,1.09,$10.58,4.99,$3.11,16.97,$10.76B,$6.80B,1.58,$8.65B,$8.53B,1.01,$48.50B,$38.14B,78.63%,$48.50B,$5.03B,10.36%,$48.50B,$5.03B,10.36%,$48.50B,$6.82B,14.07%,$48.50B,$4.68B,9.66%,$48.50B,$2.94B,6.07%,$2.94B,$8.53B,37.05%,$2.94B,$5.83B,56.01%,$2.94B,$32.91B,9.01%,$5.03B,$17.17B,30.35%,$12192,$2662,$9530,$0,$6411,$10576,$1616,$-76,$1540,$549,$991,$991,$991,$2064,$1616,$994,1004,$1.00,$0.99,$3752,$0,$713,$10756,$17471,$0,$2694,$1673,$22151,$32907,$6801,$8648,$2585,$17580,$24381,$10,$13603,$-5153,$8526,$32907,$2369,$1348,$-63,$1285,$-43,$0,$62,$-140,$269,$3923,$-717,$0,$0,$-33,$0,$-33,$257,$-493,$-242,$174,$-68,$-448,$-448,$-1363,$-60,$-1939,$1478,$349,$-1363
33,2010-06-30,44.7,$8.00,5.59,$47.29,0.95,$10.47,4.27,$2.67,16.74,$11.02B,$7.69B,1.43,$8.61B,$7.93B,1.09,$47.46B,$37.56B,79.14%,$47.46B,$4.34B,9.14%,$47.46B,$4.34B,9.14%,$47.46B,$6.13B,12.92%,$47.46B,$3.99B,8.40%,$47.46B,$2.50B,5.27%,$2.50B,$7.93B,33.02%,$2.50B,$5.25B,51.01%,$2.50B,$33.27B,7.70%,$4.34B,$16.54B,26.69%,$12204,$2611,$9593,$0,$6515,$10802,$1402,$-102,$1300,$455,$845,$845,$845,$1851,$1402,$994,1003,$0.85,$0.84,$4007,$0,$805,$11024,$17615,$0,$2678,$1640,$22245,$33269,$7687,$8614,$2662,$17652,$25339,$10,$13067,$-5217,$7930,$33269,$1378,$900,$88,$988,$42,$0,$-1,$93,$646,$3012,$-624,$0,$0,$-126,$0,$-126,$142,$-608,$-165,$826,$661,$-337,$-337,$-911,$-59,$-646,$1710,$238,$-911
34,2010-03-31,50.25,$7.69,6.54,$45.90,1.09,$10.58,4.75,$2.27,22.14,$10.06B,$7.37B,1.37,$8.55B,$7.61B,1.12,$46.09B,$36.80B,79.85%,$46.09B,$3.83B,8.31%,$46.09B,$3.83B,8.31%,$46.09B,$5.60B,12.15%,$46.09B,$3.38B,7.33%,$46.09B,$2.10B,4.56%,$2.10B,$7.61B,28.82%,$2.10B,$4.92B,45.02%,$2.10B,$32.50B,6.50%,$3.83B,$16.16B,23.90%,$11728,$2453,$9275,$0,$6539,$10686,$1042,$-89,$953,$420,$533,$533,$533,$1493,$1042,$995,1004,$0.54,$0.53,$3115,$0,$783,$10060,$17758,$0,$2698,$1651,$22444,$32504,$7366,$8548,$2529,$17525,$24891,$10,$12692,$-5155,$7613,$32504,$533,$451,$-108,$343,$177,$0,$48,$69,$673,$1549,$-263,$0,$0,$24,$0,$24,$-11,$-250,$-154,$628,$474,$-233,$-233,$-456,$-42,$-257,$1002,$100,$-456
35,2009-12-31,44.39,$7.74,5.73,$45.19,0.98,$11.12,3.99,$2.14,20.74,$9.28B,$6.24B,1.49,$8.67B,$7.70B,1.13,$45.30B,$36.48B,80.53%,$45.30B,$3.51B,7.74%,$45.30B,$3.51B,7.74%,$45.30B,$5.26B,11.60%,$45.30B,$3.07B,6.78%,$45.30B,$1.97B,4.34%,$1.97B,$7.70B,27.80%,$1.97B,$5.01B,43.61%,$1.97B,$31.88B,6.04%,$3.51B,$16.36B,22.10%,$12377,$2637,$9740,$0,$6930,$11411,$966,$-76,$890,$317,$573,$573,$573,$1416,$966,$998,1004,$0.57,$0.57,$2100,$0,$668,$9275,$17979,$0,$2685,$1607,$22608,$31883,$6239,$8668,$2530,$17948,$24187,$10,$12745,$-5127,$7696,$31883,$1968,$1747,$1462,$3209,$-30,$0,$-107,$320,$108,$5285,$-1542,$0,$-9,$-11,$0,$-11,$314,$-1248,$1216,$-1738,$-522,$-412,$-412,$-1751,$-360,$-3045,$1035,$430,$-1751
36,2009-09-30,43.35,$7.10,6.11,$45.29,0.96,$13.20,3.28,$1.64,26.44,$9.57B,$6.77B,1.41,$8.91B,$7.05B,1.26,$45.62B,$36.73B,80.51%,$45.62B,$3.35B,7.33%,$45.62B,$3.35B,7.33%,$45.62B,$5.10B,11.17%,$45.62B,$2.90B,6.36%,$45.62B,$1.65B,3.61%,$1.65B,$7.05B,24.07%,$1.65B,$4.43B,38.08%,$1.65B,$32.21B,5.06%,$3.35B,$15.95B,21.68%,$11153,$2198,$8955,$0,$6341,$10224,$929,$-87,$842,$293,$549,$549,$549,$1370,$929,$997,1004,$0.55,$0.55,$2788,$0,$924,$9566,$18092,$0,$2620,$1571,$22645,$32211,$6774,$8908,$2508,$18391,$25165,$10,$12453,$-5531,$7046,$32211,$1395,$1297,$850,$2147,$550,$0,$-319,$194,$691,$4233,$-1145,$0,$0,$-12,$0,$-12,$278,$-879,$1387,$-1161,$226,$-291,$-291,$-1313,$-283,$-1661,$1735,$312,$-1313
37,2009-06-30,38.05,$6.83,5.57,$47.13,0.81,$15.01,2.54,$2.05,18.56,$10.18B,$7.16B,1.42,$8.87B,$6.79B,1.31,$47.58B,$37.71B,79.25%,$47.58B,$4.05B,8.51%,$47.58B,$4.05B,8.51%,$47.58B,$5.81B,12.22%,$47.58B,$3.58B,7.52%,$47.58B,$2.07B,4.35%,$2.07B,$6.79B,26.32%,$2.07B,$4.31B,39.72%,$2.07B,$32.54B,6.07%,$4.05B,$15.66B,24.94%,$10829,$2000,$8829,$0,$6330,$9934,$895,$-203,$692,$247,$445,$445,$445,$1321,$895,$998,1004,$0.45,$0.44,$3347,$0,$1311,$10182,$17974,$0,$2488,$1517,$22358,$32540,$7157,$8866,$2435,$18590,$25747,$10,$12352,$-5628,$6793,$32540,$846,$856,$615,$1471,$852,$0,$-293,$5,$838,$3155,$-654,$0,$0,$2,$0,$2,$237,$-415,$1774,$-871,$903,$-179,$-179,$-876,$-283,$-435,$2311,$219,$-876
38,2009-03-31,37.15,$6.81,5.46,$49.07,0.76,$16.15,2.3,$2.46,15.1,$11.37B,$8.79B,1.29,$8.74B,$6.78B,1.29,$49.75B,$38.73B,77.85%,$49.75B,$4.61B,9.26%,$49.75B,$4.61B,9.26%,$49.75B,$6.40B,12.86%,$49.75B,$4.25B,8.54%,$49.75B,$2.50B,5.02%,$2.50B,$6.78B,28.00%,$2.50B,$4.31B,41.05%,$2.50B,$33.77B,7.04%,$4.61B,$15.52B,27.30%,$10938,$1984,$8954,$0,$6332,$10220,$718,$-69,$649,$248,$401,$401,$401,$1148,$718,$995,997,$0.40,$0.40,$4346,$0,$1431,$11368,$18000,$0,$2473,$1503,$22405,$33773,$8794,$8737,$2430,$18199,$26993,$10,$12363,$-5639,$6780,$33773,$401,$430,$307,$737,$750,$0,$-114,$244,$1058,$2196,$-376,$0,$0,$-102,$0,$-102,$82,$-396,$2670,$-434,$2236,$-85,$-85,$-438,$-256,$1457,$3231,$105,$-438
39,2008-12-31,41.2,$6.81,6.05,$50.32,0.82,$16.93,2.43,$2.93,14.06,$8.85B,$7.82B,1.13,$7.80B,$6.78B,1.15,$51.49B,$39.61B,76.93%,$51.49B,$5.38B,10.45%,$51.49B,$5.38B,10.45%,$51.49B,$7.20B,13.98%,$51.49B,$5.02B,9.74%,$51.49B,$3.00B,5.83%,$3.00B,$6.78B,29.66%,$3.00B,$4.28B,42.28%,$3.00B,$31.88B,8.25%,$5.38B,$14.58B,30.37%,$12697,$2708,$9989,$0,$6616,$11894,$803,$-83,$720,$466,$254,$254,$254,$1257,$803,$1016,1022,$0.27,$0.26,$1049,$0,$1108,$8845,$18265,$0,$2497,$1796,$23034,$31879,$7817,$7797,$2574,$17282,$25099,$10,$12412,$-5642,$6780,$31879,$3003,$1814,$2448,$4262,$197,$0,$87,$-328,$1161,$8426,$-2489,$0,$0,$-278,$0,$-278,$-412,$-3179,$1095,$-2016,$-921,$-3401,$-3401,$-2219,$-161,$-6702,$-1520,$516,$-2219
40,2008-09-30,46.59,$11.12,4.19,$50.50,0.92,$9.60,4.85,$0.22,211.79,$10.07B,$8.97B,1.12,$8.06B,$11.10B,0.73,$52.18B,$40.09B,76.83%,$52.18B,$0.33B,0.62%,$52.18B,$0.33B,0.62%,$52.18B,$2.13B,4.08%,$52.18B,$0.00B,0.00%,$52.18B,$0.11B,0.21%,$0.11B,$11.10B,0.94%,$0.11B,$7.95B,1.31%,$0.11B,$38.17B,0.28%,$0.33B,$19.17B,1.72%,$13113,$3178,$9935,$0,$6425,$11481,$1632,$-117,$1515,$545,$970,$970,$970,$2088,$1632,$1006,1013,$0.96,$0.96,$1762,$0,$1079,$10072,$18361,$0,$3151,$1568,$28093,$38165,$8972,$8064,$2411,$18091,$27063,$10,$12711,$-1619,$11102,$38165,$2749,$1360,$1435,$2795,$51,$0,$106,$892,$1404,$6948,$-2004,$0,$0,$-286,$0,$-286,$-403,$-2693,$1607,$-1602,$5,$-3149,$-3149,$-1781,$-112,$-5037,$-788,$374,$-1781
41,2008-06-30,45.21,$10.94,4.13,$49.09,0.92,$7.86,5.75,$0.28,161.48,$9.92B,$9.97B,1.0,$7.23B,$11.02B,0.66,$51.27B,$39.88B,77.79%,$51.27B,$0.40B,0.78%,$51.27B,$0.40B,0.78%,$51.27B,$2.18B,4.26%,$51.27B,$0.16B,0.30%,$51.27B,$0.21B,0.42%,$0.21B,$11.02B,1.70%,$0.21B,$7.80B,2.28%,$0.21B,$38.06B,0.57%,$0.40B,$18.25B,2.12%,$13001,$3149,$9852,$0,$6522,$11547,$1454,$-90,$1364,$491,$873,$873,$873,$1906,$1454,$1019,1021,$0.86,$0.85,$1689,$0,$989,$9924,$18213,$0,$3220,$1737,$28132,$38056,$9967,$7233,$2594,$17069,$27036,$10,$12841,$-1831,$11020,$38056,$1779,$904,$955,$1859,$121,$0,$187,$-240,$1390,$5028,$-1316,$0,$0,$-275,$0,$-275,$-348,$-1939,$1145,$-1315,$-170,$-2196,$-2196,$-1337,$-283,$-3986,$-849,$251,$-1337
42,2008-03-31,53.37,$11.32,4.71,$47.86,1.12,$6.51,8.2,$0.47,113.56,$9.60B,$8.98B,1.07,$7.29B,$11.59B,0.63,$50.46B,$39.84B,78.95%,$50.46B,$0.71B,1.41%,$50.46B,$0.71B,1.41%,$50.46B,$2.47B,4.90%,$50.46B,$0.52B,1.04%,$50.46B,$0.45B,0.88%,$0.45B,$11.59B,3.26%,$0.45B,$8.37B,4.27%,$0.45B,$37.47B,1.23%,$0.71B,$18.89B,3.76%,$12675,$2843,$9832,$0,$6500,$11182,$1493,$-77,$1416,$510,$906,$906,$906,$1945,$1493,$1034,1037,$0.87,$0.87,$1484,$0,$881,$9602,$17921,$0,$3219,$1816,$27868,$37470,$8977,$7294,$2512,$16900,$25877,$10,$13517,$-1934,$11593,$37470,$906,$452,$309,$761,$162,$0,$5,$-224,$1638,$3305,$-604,$0,$0,$-274,$0,$-274,$-150,$-1028,$-57,$-1190,$-1247,$-1125,$-1125,$-886,$-84,$-3342,$-1018,$117,$-886
43,2007-12-31,51.37,$11.70,4.39,$46.71,1.1,$5.62,9.14,$0.38,135.18,$11.76B,$9.84B,1.2,$7.51B,$12.18B,0.62,$49.69B,$39.66B,79.81%,$49.69B,$0.58B,1.16%,$49.69B,$0.58B,1.16%,$49.69B,$2.32B,4.67%,$49.69B,$0.43B,0.87%,$49.69B,$0.38B,0.77%,$0.38B,$12.18B,2.62%,$0.38B,$8.98B,3.37%,$0.38B,$39.04B,1.09%,$0.58B,$19.69B,3.07%,$13392,$2918,$10474,$0,$12824,$17645,$-4253,$-40,$-4293,$-1652,$-2641,$-2641,$-2641,$-3810,$-4253,$1055,1063,$-2.49,$-2.48,$2604,$0,$742,$11760,$17663,$0,$3205,$1562,$27282,$39042,$9840,$7506,$2455,$17019,$26859,$10,$14186,$-2013,$12183,$39042,$382,$1745,$443,$2188,$-380,$0,$-37,$53,$-1447,$1123,$-2735,$0,$0,$621,$0,$621,$-85,$-2199,$3896,$2613,$6509,$-2465,$-2465,$-1703,$-44,$2297,$1233,$447,$-1703
44,2007-09-30,54.24,$14.88,3.64,$45.71,1.19,$9.51,5.71,$3.88,13.98,$9.54B,$7.85B,1.22,$3.29B,$15.57B,0.21,$48.93B,$39.31B,80.33%,$48.93B,$6.64B,13.57%,$48.93B,$6.64B,13.57%,$48.93B,$8.37B,17.11%,$48.93B,$6.49B,13.27%,$48.93B,$4.15B,8.48%,$4.15B,$15.57B,26.95%,$4.15B,$12.34B,34.11%,$4.15B,$34.50B,12.34%,$6.64B,$18.86B,35.76%,$12205,$2480,$9725,$0,$6253,$10497,$1708,$-39,$1669,$593,$1076,$1076,$1076,$2143,$1708,$1051,1058,$1.02,$1.02,$1999,$0,$796,$9542,$17327,$0,$3230,$1443,$24954,$34496,$7849,$3287,$2364,$11078,$18927,$10,$17733,$-2174,$15569,$34496,$3023,$1302,$90,$1392,$72,$0,$-217,$200,$853,$5268,$-1951,$0,$0,$443,$0,$443,$-185,$-1693,$398,$100,$498,$-1935,$-1935,$-1698,$2,$-3133,$451,$335,$-1698
45,2007-06-30,52.43,$14.46,3.63,$44.92,1.17,$8.05,6.51,$3.82,13.73,$9.46B,$7.21B,1.31,$3.10B,$15.24B,0.2,$48.39B,$38.92B,80.43%,$48.39B,$6.51B,13.45%,$48.39B,$6.51B,13.45%,$48.39B,$8.25B,17.05%,$48.39B,$6.37B,13.17%,$48.39B,$4.11B,8.50%,$4.11B,$15.24B,26.03%,$4.11B,$12.02B,32.69%,$4.11B,$33.51B,12.07%,$6.51B,$18.35B,34.39%,$12189,$2383,$9806,$0,$6327,$10424,$1765,$-33,$1732,$628,$1104,$1104,$1104,$2196,$1765,$1058,1060,$1.04,$1.04,$2121,$0,$841,$9462,$16987,$0,$3225,$1380,$24051,$33513,$7210,$3101,$2550,$11059,$18269,$11,$17431,$-2198,$15244,$33513,$1947,$867,$467,$1334,$193,$0,$-172,$-9,$315,$3596,$-1172,$0,$0,$-76,$0,$-76,$-75,$-1323,$82,$416,$498,$-1447,$-1447,$-1266,$0,$-2215,$62,$213,$-1266
46,2007-03-31,50.05,$14.40,3.48,$44.17,1.13,$8.09,6.19,$3.75,13.35,$9.52B,$7.02B,1.36,$3.14B,$15.31B,0.21,$47.93B,$38.52B,80.36%,$47.93B,$6.44B,13.43%,$47.93B,$6.44B,13.43%,$47.93B,$8.18B,17.07%,$47.93B,$6.30B,13.15%,$47.93B,$4.07B,8.49%,$4.07B,$15.31B,25.05%,$4.07B,$12.06B,31.28%,$4.07B,$33.38B,11.83%,$6.44B,$18.45B,33.25%,$11906,$2252,$9654,$0,$6341,$10548,$1358,$-35,$1323,$480,$843,$843,$843,$1794,$1358,$1070,1075,$0.79,$0.78,$2398,$0,$736,$9522,$16738,$0,$3246,$1439,$23853,$33375,$7017,$3139,$2588,$11050,$18067,$11,$17476,$-2179,$15308,$33375,$843,$436,$255,$691,$270,$0,$-16,$67,$959,$2493,$-648,$0,$0,$-332,$0,$-332,$35,$-945,$1,$-14,$-13,$-631,$-631,$-830,$0,$-1474,$77,$95,$-830
47,2006-12-31,53.23,$14.47,3.68,$43.57,1.22,$8.14,6.54,$3.86,13.79,$9.38B,$6.72B,1.4,$3.13B,$15.48B,0.2,$47.55B,$38.24B,80.43%,$47.55B,$6.64B,13.95%,$47.55B,$6.64B,13.95%,$47.55B,$8.38B,17.63%,$47.55B,$6.51B,13.69%,$47.55B,$4.20B,8.84%,$4.20B,$15.48B,25.32%,$4.20B,$12.26B,31.45%,$4.20B,$33.21B,12.09%,$6.64B,$18.62B,33.70%,$12628,$2507,$10121,$0,$6504,$10819,$1809,$-40,$1769,$641,$1128,$1128,$1128,$2241,$1809,$1082,1089,$1.04,$1.04,$1983,$0,$695,$9377,$16779,$0,$3221,$1415,$23833,$33210,$6719,$3133,$2599,$11009,$17728,$11,$17676,$-2205,$15482,$33210,$4202,$1748,$-299,$1449,$-77,$0,$24,$-38,$-62,$5589,$-3010,$0,$0,$482,$0,$482,$188,$-2340,$559,$-513,$46,$-2296,$-2296,$-1577,$-24,$-3851,$-575,$369,$-1577
