,Date,Stock Price,Book Value per Share,Price to Book Ratio,TTM Sales per Share,Price to Sales Ratio,TTM FCF per Share,Price to FCF Ratio,TTM Net EPS,PE Ratio,Current Assets,Current Liabilities,Current Ratio,Long Term Debt,Shareholder's Equity_x,Debt to Equity Ratio,TTM Revenue_x,TTM Gross Profit,Gross Margin,TTM Revenue_y,TTM Operating Income,Operating Margin,TTM Revenue_x,TTM EBIT,EBIT Margin,TTM Revenue_y,TTM EBITDA,EBITDA Margin,TTM Revenue_x,TTM Pre-Tax Income,Pre-Tax Margin,TTM Revenue_y,TTM Net Income_x,Net Margin,TTM Net Income_y,Shareholder's Equity_y,Return on Equity,TTM Net Income_x,Tangible Equity,Return on Tangible Equity,TTM Net Income_y,Total Assets,Return on Assets,TTM Net Income,LT Investments & Debt,Return on Investment,revenue,cost-goods-sold,gross-profit,research-development-expenses,selling-general-administrative-expenses,operating-expenses,operating-income,total-non-operating-income-expense,pre-tax-income,total-provision-income-taxes,income-after-taxes,income-from-continuous-operations,net-income,ebitda,ebit,basic-shares-outstanding,shares-outstanding,eps-basic-net-earnings-per-share,eps-earnings-per-share-diluted,cash-on-hand,inventory,other-current-assets,total-current-assets,net-property-plant-equipment,long-term-investments,goodwill-intangible-assets-total,other-long-term-assets,total-long-term-assets,total-assets,total-current-liabilities,long-term-debt,other-non-current-liabilities,total-long-term-liabilities,total-liabilities,common-stock-net,retained-earnings-accumulated-deficit,comprehensive-income,total-share-holder-equity,total-liabilities-share-holders-equity,net-income-loss,total-depreciation-amortization-cash-flow,other-non-cash-items,total-non-cash-items,change-in-accounts-receivable,change-in-inventories,change-in-accounts-payable,change-in-assets-liabilities,total-change-in-assets-liabilities,cash-flow-from-operating-activities,net-change-in-property-plant-equipment,net-change-in-intangible-assets,net-acquisitions-divestitures,net-change-in-short-term-investments,net-change-in-long-term-investments,net-change-in-investments-total,investing-activities-other,cash-flow-from-investing-activities,net-long-term-debt,net-current-debt,debt-issuance-retirement-net-total,net-common-equity-issued-repurchased,net-total-equity-issued-repurchased,total-common-preferred-stock-dividends-paid,financial-activities-other,cash-flow-from-financial-activities,net-cash-flow,stock-based-compensation,common-stock-dividends-paid
0,2018-07-31,44.4,$13.25,3.35,$34.59,1.28,$4.66,9.52,$1.64,27.07,$1.20B,$0.43B,2.8,$0.00B,$1.44B,0.0,$3.83B,$1.28B,33.32%,$3.83B,$0.34B,8.75%,$3.83B,$0.34B,8.75%,$3.83B,$0.46B,11.96%,$3.83B,$0.34B,8.77%,$3.83B,$0.18B,4.70%,$0.18B,$1.44B,13.39%,$0.18B,$1.44B,13.39%,$0.18B,$2.16B,8.87%,$0.34B,$1.44B,24.93%,$974,$636,$338,$0,$241,$877,$96,$1,$98,$20,$78,$78,$78,$147,$96,$109,110,$0.71,$0.70,$604,$376,$0,$1202,$807,$46,$0,$0,$957,$2159,$430,$0,$0,$285,$715,$0,$1451,$-27,$1444,$2159,$134,$60,$4,$64,$-14,$-27,$0,$-10,$21,$219,$-56,$0,$0,$-39,$0,$-39,$0,$-94,$0,$0,$0,$7,$7,$0,$0,$7,$124,$11,$0
1,2018-04-30,40.27,$12.39,3.25,$33.27,1.21,$3.89,10.35,$1.24,32.48,$1.10B,$0.42B,2.64,$0.00B,$1.35B,0.0,$3.71B,$1.22B,32.79%,$3.71B,$0.29B,7.90%,$3.71B,$0.29B,7.90%,$3.71B,$0.42B,11.29%,$3.71B,$0.29B,7.92%,$3.71B,$0.14B,3.69%,$0.14B,$1.35B,10.46%,$0.14B,$1.35B,10.46%,$0.14B,$2.05B,6.95%,$0.29B,$1.35B,22.36%,$992,$637,$356,$0,$239,$876,$117,$2,$119,$26,$93,$93,$93,$84,$117,$109,110,$0.85,$0.84,$480,$405,$0,$1097,$820,$35,$0,$0,$954,$2051,$415,$0,$0,$290,$705,$0,$1359,$-19,$1346,$2051,$41,$30,$0,$31,$-12,$-54,$0,$2,$-18,$54,$-25,$0,$0,$5,$0,$5,$0,$-19,$0,$0,$0,$0,$0,$0,$0,$0,$31,$6,$0
2,2018-01-31,34.11,$12.02,2.84,$32.01,1.07,$3.53,9.66,$0.96,35.53,$0.98B,$0.36B,2.72,$0.00B,$1.30B,0.0,$3.62B,$1.18B,32.52%,$3.62B,$0.26B,7.19%,$3.62B,$0.26B,7.19%,$3.62B,$0.39B,10.73%,$3.62B,$0.26B,7.22%,$3.62B,$0.11B,2.99%,$0.11B,$1.30B,8.26%,$0.11B,$1.30B,8.26%,$0.11B,$1.95B,5.57%,$0.26B,$1.30B,19.89%,$856,$575,$281,$0,$227,$802,$54,$0,$54,$13,$41,$41,$41,$122,$54,$108,110,$0.38,$0.38,$447,$351,$0,$979,$814,$59,$0,$0,$974,$1953,$360,$0,$0,$292,$652,$0,$1311,$-11,$1301,$1953,$108,$128,$38,$167,$-22,$-9,$0,$13,$28,$303,$-84,$0,$0,$-38,$0,$-38,$0,$-121,$0,$0,$0,$-159,$-159,$0,$0,$-159,$34,$15,$0
3,2017-10-31,24.52,$11.87,2.07,$31.10,0.79,$3.90,6.29,$1.50,16.35,$0.97B,$0.42B,2.29,$0.00B,$1.29B,0.0,$3.56B,$1.18B,33.03%,$3.56B,$0.27B,7.56%,$3.56B,$0.27B,7.56%,$3.56B,$0.40B,11.25%,$3.56B,$0.27B,7.56%,$3.56B,$0.17B,4.81%,$0.17B,$1.29B,13.05%,$0.17B,$1.29B,13.05%,$0.17B,$1.95B,8.88%,$0.27B,$1.29B,20.53%,$1089,$748,$341,$0,$250,$998,$91,$0,$91,$90,$1,$1,$1,$105,$91,$112,112,$0.02,$0.01,$328,$450,$0,$967,$829,$41,$0,$0,$986,$1953,$423,$0,$0,$246,$669,$0,$1310,$-25,$1285,$1953,$107,$97,$12,$109,$-24,$-109,$0,$3,$-47,$170,$-63,$0,$0,$35,$0,$35,$0,$-28,$0,$0,$0,$-159,$-159,$0,$0,$-159,$-13,$14,$0
4,2017-07-31,19.59,$11.76,1.67,$30.33,0.65,$3.93,4.98,$1.49,13.15,$0.94B,$0.37B,2.53,$0.00B,$1.31B,0.0,$3.53B,$1.18B,33.38%,$3.53B,$0.27B,7.54%,$3.53B,$0.27B,7.54%,$3.53B,$0.40B,11.29%,$3.53B,$0.27B,7.60%,$3.53B,$0.17B,4.91%,$0.17B,$1.31B,13.30%,$0.17B,$1.31B,13.30%,$0.17B,$1.92B,9.06%,$0.27B,$1.31B,20.45%,$893,$595,$298,$0,$225,$820,$73,$-1,$72,$27,$45,$45,$45,$108,$73,$110,110,$0.41,$0.41,$387,$365,$0,$938,$843,$26,$0,$0,$985,$1923,$370,$0,$0,$244,$614,$0,$1332,$-23,$1309,$1923,$62,$65,$12,$76,$-21,$-24,$0,$3,$-15,$123,$-43,$0,$0,$36,$0,$36,$0,$-7,$0,$0,$0,$-92,$-92,$0,$0,$-92,$29,$14,$0
5,2017-04-30,22.88,$11.46,2.0,$30.25,0.76,$3.96,5.78,$1.71,13.38,$0.93B,$0.35B,2.62,$0.00B,$1.33B,0.0,$3.54B,$1.22B,34.51%,$3.54B,$0.31B,8.72%,$3.54B,$0.31B,8.72%,$3.54B,$0.44B,12.47%,$3.54B,$0.31B,8.75%,$3.54B,$0.20B,5.64%,$0.20B,$1.33B,15.57%,$0.20B,$1.33B,15.57%,$0.20B,$1.93B,10.54%,$0.31B,$1.33B,23.82%,$873,$576,$297,$0,$222,$798,$75,$2,$77,$27,$50,$50,$50,$53,$75,$114,114,$0.44,$0.44,$371,$359,$0,$925,$851,$38,$0,$0,$1003,$1928,$353,$0,$0,$242,$595,$0,$1358,$-32,$1333,$1928,$12,$32,$3,$35,$-29,$-20,$0,$2,$-34,$13,$-24,$0,$0,$15,$0,$15,$0,$-9,$0,$0,$0,$-1,$-1,$0,$0,$-1,$4,$6,$0
6,2017-01-31,26.54,$11.30,2.35,$30.20,0.88,$4.38,6.05,$1.86,14.27,$0.88B,$0.35B,2.5,$0.00B,$1.31B,0.0,$3.55B,$1.25B,35.11%,$3.55B,$0.34B,9.53%,$3.55B,$0.34B,9.53%,$3.55B,$0.47B,13.37%,$3.55B,$0.34B,9.53%,$3.55B,$0.22B,6.15%,$0.22B,$1.31B,17.51%,$0.22B,$1.31B,17.51%,$0.22B,$1.90B,11.66%,$0.34B,$1.31B,26.48%,$761,$521,$240,$0,$219,$740,$21,$0,$21,$9,$12,$12,$12,$134,$21,$116,117,$0.10,$0.10,$359,$339,$0,$881,$868,$44,$0,$0,$1021,$1903,$353,$0,$0,$237,$590,$0,$1347,$-34,$1313,$1903,$218,$135,$21,$157,$21,$-10,$0,$-10,$40,$415,$-144,$0,$-15,$-76,$0,$-76,$0,$-235,$-150,$0,$-150,$-44,$-44,$0,$0,$-194,$-17,$18,$0
7,2016-10-31,33.45,$10.73,3.12,$29.46,1.14,$4.33,7.73,$1.92,17.42,$0.89B,$0.41B,2.2,$0.00B,$1.25B,0.0,$3.53B,$1.25B,35.53%,$3.53B,$0.35B,10.03%,$3.53B,$0.35B,10.03%,$3.53B,$0.49B,13.94%,$3.53B,$0.36B,10.06%,$3.53B,$0.23B,6.43%,$0.23B,$1.25B,18.90%,$0.23B,$1.25B,18.90%,$0.23B,$1.89B,12.26%,$0.35B,$1.25B,27.88%,$1030,$690,$340,$0,$241,$931,$100,$-1,$99,$34,$64,$64,$64,$103,$100,$117,117,$0.55,$0.55,$260,$454,$0,$890,$872,$6,$0,$0,$995,$1885,$405,$0,$0,$232,$638,$0,$1285,$-38,$1248,$1885,$154,$101,$12,$113,$6,$-127,$0,$-7,$-37,$229,$-112,$0,$-15,$66,$0,$66,$0,$-61,$-150,$0,$-150,$-44,$-44,$0,$0,$-194,$-30,$20,$0
8,2016-07-31,29.9,$10.63,2.81,$28.78,1.04,$4.29,6.96,$1.94,15.41,$0.86B,$0.36B,2.41,$0.05B,$1.25B,0.04,$3.49B,$1.24B,35.57%,$3.49B,$0.36B,10.42%,$3.49B,$0.36B,10.42%,$3.49B,$0.51B,14.46%,$3.49B,$0.36B,10.42%,$3.49B,$0.23B,6.64%,$0.23B,$1.25B,19.63%,$0.23B,$1.25B,19.63%,$0.23B,$1.87B,12.54%,$0.36B,$1.30B,28.45%,$862,$563,$300,$0,$230,$792,$70,$1,$71,$24,$47,$47,$47,$152,$70,$117,117,$0.41,$0.40,$302,$367,$0,$859,$879,$26,$0,$0,$1015,$1874,$357,$50,$0,$272,$629,$0,$1265,$-27,$1245,$1874,$106,$68,$15,$83,$-20,$-37,$0,$7,$-29,$161,$-74,$0,$-15,$14,$0,$14,$0,$-76,$-100,$0,$-100,$-8,$-8,$0,$0,$-108,$-22,$13,$0
9,2016-04-30,30.32,$10.02,3.02,$27.92,1.09,$4.10,7.4,$1.80,16.84,$0.81B,$0.34B,2.37,$0.08B,$1.17B,0.06,$3.47B,$1.22B,35.09%,$3.47B,$0.35B,10.09%,$3.47B,$0.35B,10.09%,$3.47B,$0.49B,14.22%,$3.47B,$0.35B,10.03%,$3.47B,$0.22B,6.40%,$0.22B,$1.17B,18.84%,$0.22B,$1.17B,18.84%,$0.22B,$1.82B,11.95%,$0.35B,$1.25B,27.08%,$891,$548,$343,$0,$224,$772,$118,$1,$119,$42,$77,$77,$77,$85,$118,$117,117,$0.66,$0.66,$288,$360,$0,$810,$872,$19,$0,$0,$1005,$1815,$342,$75,$0,$298,$641,$0,$1188,$-14,$1174,$1815,$30,$35,$3,$38,$4,$-27,$0,$13,$2,$70,$-31,$0,$-15,$20,$0,$20,$0,$-27,$-75,$0,$-75,$-8,$-8,$0,$0,$-83,$-37,$6,$0
10,2016-01-31,22.88,$9.69,2.36,$27.00,0.85,$3.58,6.38,$1.80,12.71,$0.83B,$0.33B,2.53,$0.15B,$1.14B,0.13,$3.44B,$1.20B,34.87%,$3.44B,$0.35B,10.25%,$3.44B,$0.35B,10.25%,$3.44B,$0.50B,14.40%,$3.44B,$0.35B,10.16%,$3.44B,$0.23B,6.53%,$0.23B,$1.14B,18.26%,$0.23B,$1.14B,18.26%,$0.23B,$1.83B,11.95%,$0.35B,$1.29B,26.60%,$763,$501,$262,$0,$211,$712,$50,$-2,$49,$19,$30,$30,$30,$152,$50,$117,118,$0.25,$0.25,$326,$330,$0,$834,$863,$37,$0,$0,$999,$1833,$329,$150,$0,$367,$696,$0,$1161,$-23,$1137,$1833,$224,$143,$40,$182,$-14,$27,$0,$4,$13,$420,$-135,$0,$0,$108,$0,$108,$0,$-27,$150,$0,$150,$-429,$-429,$0,$0,$-279,$111,$16,$0
11,2015-10-31,28.6,$9.64,2.97,$26.27,1.09,$1.99,14.34,$1.79,15.98,$0.85B,$0.38B,2.24,$0.12B,$1.17B,0.1,$3.44B,$1.20B,34.92%,$3.44B,$0.36B,10.49%,$3.44B,$0.36B,10.49%,$3.44B,$0.50B,14.61%,$3.44B,$0.36B,10.40%,$3.44B,$0.23B,6.74%,$0.23B,$1.17B,18.13%,$0.23B,$1.17B,18.13%,$0.23B,$1.88B,12.23%,$0.36B,$1.29B,27.00%,$1013,$664,$349,$0,$233,$897,$116,$-1,$116,$43,$73,$73,$73,$116,$116,$125,126,$0.60,$0.59,$219,$442,$0,$847,$892,$54,$0,$0,$1029,$1877,$378,$115,$0,$327,$705,$0,$1184,$-13,$1172,$1877,$152,$107,$7,$114,$-6,$-83,$0,$20,$-37,$229,$-109,$0,$0,$83,$0,$83,$0,$-26,$115,$0,$115,$-329,$-329,$0,$6,$-208,$-5,$12,$0
12,2015-07-31,32.62,$9.84,3.32,$25.59,1.27,$0.69,46.98,$1.72,18.97,$0.84B,$0.35B,2.38,$0.12B,$1.23B,0.09,$3.43B,$1.20B,34.92%,$3.43B,$0.36B,10.41%,$3.43B,$0.36B,10.41%,$3.43B,$0.50B,14.51%,$3.43B,$0.35B,10.32%,$3.43B,$0.23B,6.62%,$0.23B,$1.23B,17.05%,$0.23B,$1.23B,17.05%,$0.23B,$1.91B,11.79%,$0.36B,$1.35B,26.25%,$825,$537,$288,$0,$208,$745,$80,$0,$80,$28,$52,$52,$52,$140,$80,$123,124,$0.42,$0.42,$266,$384,$0,$839,$900,$73,$0,$0,$1068,$1907,$353,$115,$0,$323,$676,$0,$1241,$-10,$1231,$1907,$100,$71,$-6,$65,$-8,$-25,$0,$14,$-26,$139,$-69,$0,$0,$63,$0,$63,$0,$-6,$115,$0,$115,$-215,$-215,$0,$6,$-94,$40,$8,$0
13,2015-04-30,40.04,$10.56,3.79,$24.74,1.62,$0.19,214.12,$1.69,23.69,$0.85B,$0.32B,2.64,$0.00B,$1.39B,0.0,$3.38B,$1.18B,35.05%,$3.38B,$0.36B,10.61%,$3.38B,$0.36B,10.61%,$3.38B,$0.50B,14.76%,$3.38B,$0.36B,10.55%,$3.38B,$0.23B,6.76%,$0.23B,$1.39B,16.80%,$0.23B,$1.39B,16.80%,$0.23B,$1.92B,11.85%,$0.36B,$1.39B,26.37%,$867,$549,$318,$0,$214,$764,$104,$-1,$103,$36,$67,$67,$67,$88,$104,$128,129,$0.52,$0.52,$274,$398,$0,$845,$899,$83,$0,$0,$1072,$1917,$321,$0,$0,$208,$529,$0,$1376,$-12,$1388,$1917,$33,$35,$-2,$33,$8,$-39,$0,$14,$-58,$8,$-32,$0,$0,$25,$0,$25,$0,$-7,$0,$0,$0,$15,$15,$0,$5,$20,$22,$4,$0
14,2015-01-31,34.86,$10.18,3.43,$23.88,1.46,$0.27,128.68,$1.70,20.51,$0.81B,$0.35B,2.29,$0.00B,$1.33B,0.0,$3.32B,$1.18B,35.40%,$3.32B,$0.37B,10.99%,$3.32B,$0.37B,10.99%,$3.32B,$0.50B,15.17%,$3.32B,$0.36B,10.96%,$3.32B,$0.23B,6.98%,$0.23B,$1.33B,17.10%,$0.23B,$1.33B,17.10%,$0.23B,$1.89B,12.01%,$0.37B,$1.33B,26.90%,$739,$493,$246,$0,$193,$686,$53,$-2,$51,$18,$33,$33,$33,$159,$53,$131,133,$0.25,$0.25,$259,$358,$0,$809,$889,$104,$0,$0,$1080,$1889,$354,$0,$0,$207,$561,$0,$1343,$-15,$1328,$1889,$232,$138,$14,$152,$-18,$-69,$0,$-23,$-62,$322,$-230,$0,$0,$425,$0,$425,$0,$195,$0,$0,$0,$-605,$-605,$0,$4,$-601,$-88,$17,$0
15,2014-10-31,30.36,$10.26,2.96,$22.64,1.34,$1.19,25.51,$1.69,17.96,$0.90B,$0.41B,2.2,$0.00B,$1.38B,0.0,$3.22B,$1.16B,36.00%,$3.22B,$0.37B,11.50%,$3.22B,$0.37B,11.50%,$3.22B,$0.51B,15.82%,$3.22B,$0.37B,11.50%,$3.22B,$0.24B,7.49%,$0.24B,$1.38B,16.64%,$0.24B,$1.38B,16.64%,$0.24B,$1.99B,11.96%,$0.37B,$1.38B,25.54%,$1011,$661,$350,$0,$226,$887,$124,$-0,$124,$43,$80,$80,$80,$111,$124,$137,138,$0.60,$0.58,$243,$467,$0,$898,$887,$115,$0,$0,$1091,$1989,$409,$0,$0,$202,$611,$0,$1381,$-7,$1378,$1989,$152,$103,$-12,$92,$-16,$-177,$0,$-6,$-113,$130,$-176,$0,$0,$409,$0,$409,$0,$233,$0,$0,$0,$-478,$-478,$0,$2,$-476,$-114,$14,$0
16,2014-07-31,35.73,$9.97,3.59,$21.82,1.64,$2.07,17.23,$1.81,19.74,$0.79B,$0.37B,2.15,$0.00B,$1.34B,0.0,$3.18B,$1.17B,36.70%,$3.18B,$0.40B,12.56%,$3.18B,$0.40B,12.56%,$3.18B,$0.54B,16.90%,$3.18B,$0.40B,12.56%,$3.18B,$0.26B,8.31%,$0.26B,$1.34B,17.56%,$0.26B,$1.34B,17.56%,$0.26B,$1.90B,12.90%,$0.40B,$1.34B,26.55%,$814,$531,$284,$0,$207,$738,$76,$-1,$76,$29,$47,$47,$47,$140,$76,$134,136,$0.35,$0.35,$252,$362,$0,$792,$869,$157,$0,$0,$1112,$1904,$368,$0,$0,$200,$568,$0,$1334,$2,$1336,$1904,$105,$69,$-7,$62,$-17,$-70,$0,$-0,$-57,$111,$-106,$0,$0,$373,$0,$373,$0,$267,$0,$0,$0,$-476,$-476,$0,$1,$-475,$-97,$9,$0
17,2014-04-30,35.66,$10.07,3.54,$21.03,1.7,$2.63,13.54,$1.83,19.48,$0.85B,$0.36B,2.36,$0.00B,$1.39B,0.0,$3.13B,$1.16B,37.15%,$3.13B,$0.41B,13.22%,$3.13B,$0.41B,13.22%,$3.13B,$0.55B,17.57%,$3.13B,$0.41B,13.25%,$3.13B,$0.27B,8.70%,$0.27B,$1.39B,17.56%,$0.27B,$1.39B,17.56%,$0.27B,$1.95B,13.14%,$0.41B,$1.39B,26.67%,$811,$508,$303,$0,$198,$706,$105,$-1,$105,$37,$68,$68,$68,$94,$105,$136,138,$0.49,$0.49,$342,$349,$0,$853,$836,$176,$0,$0,$1092,$1945,$362,$0,$0,$197,$559,$0,$1385,$2,$1386,$1945,$37,$34,$-2,$33,$-4,$-57,$0,$-1,$-46,$24,$-39,$0,$0,$316,$0,$316,$0,$277,$0,$0,$0,$-353,$-353,$0,$0,$-353,$-50,$5,$0
18,2014-01-31,35.82,$11.50,3.11,$20.68,1.73,$2.71,13.2,$1.89,18.95,$1.00B,$0.33B,3.0,$0.00B,$1.69B,0.0,$3.09B,$1.16B,37.61%,$3.09B,$0.43B,13.80%,$3.09B,$0.43B,13.80%,$3.09B,$0.56B,18.14%,$3.09B,$0.43B,13.86%,$3.09B,$0.28B,9.14%,$0.28B,$1.69B,18.09%,$0.28B,$1.69B,18.09%,$0.28B,$2.22B,13.75%,$0.43B,$1.69B,27.33%,$686,$448,$239,$0,$179,$626,$60,$-0,$59,$22,$37,$37,$37,$164,$60,$144,146,$0.26,$0.26,$524,$311,$0,$995,$807,$366,$0,$0,$1226,$2221,$332,$0,$0,$195,$527,$0,$1597,$-1,$1694,$2221,$282,$133,$-20,$113,$-15,$-28,$0,$3,$28,$423,$-186,$0,$0,$-276,$0,$-276,$0,$-462,$0,$0,$0,$24,$24,$0,$10,$34,$-3,$16,$0
19,2013-10-31,37.88,$10.84,3.49,$20.45,1.85,$2.67,14.18,$1.86,20.37,$0.98B,$0.33B,3.0,$0.00B,$1.60B,0.0,$3.04B,$1.14B,37.62%,$3.04B,$0.43B,14.12%,$3.04B,$0.43B,14.12%,$3.04B,$0.56B,18.40%,$3.04B,$0.43B,14.19%,$3.04B,$0.28B,9.08%,$0.28B,$1.60B,18.72%,$0.28B,$1.60B,18.72%,$0.28B,$2.12B,14.19%,$0.43B,$1.60B,29.10%,$906,$574,$332,$0,$203,$777,$129,$1,$130,$41,$89,$89,$89,$139,$129,$147,149,$0.60,$0.59,$422,$407,$0,$977,$784,$303,$0,$0,$1142,$2118,$326,$0,$0,$196,$522,$0,$1509,$-6,$1596,$2118,$194,$98,$-13,$85,$-15,$-123,$0,$0,$-68,$211,$-128,$0,$0,$-165,$0,$-165,$0,$-294,$0,$0,$0,$23,$23,$0,$9,$33,$-50,$12,$0
20,2013-07-31,42.56,$10.31,4.13,$19.99,2.13,$2.53,16.83,$1.79,23.78,$1.00B,$0.28B,3.55,$0.00B,$1.52B,0.0,$2.96B,$1.11B,37.61%,$2.96B,$0.42B,14.14%,$2.96B,$0.42B,14.14%,$2.96B,$0.54B,18.40%,$2.96B,$0.42B,14.20%,$2.96B,$0.27B,9.00%,$0.27B,$1.52B,19.10%,$0.27B,$1.52B,19.10%,$0.27B,$1.99B,14.35%,$0.42B,$1.52B,30.02%,$774,$482,$292,$0,$187,$669,$105,$-0,$105,$35,$70,$70,$70,$152,$105,$147,150,$0.48,$0.47,$524,$347,$0,$998,$731,$217,$0,$0,$996,$1994,$281,$0,$0,$193,$475,$0,$1439,$-13,$1519,$1994,$123,$65,$-3,$62,$-14,$-65,$0,$9,$-30,$155,$-67,$0,$0,$-72,$0,$-72,$0,$-138,$0,$0,$0,$30,$30,$0,$8,$38,$53,$7,$0
21,2013-04-30,41.44,$9.71,4.27,$19.55,2.12,$1.91,21.72,$1.70,24.38,$0.96B,$0.25B,3.82,$0.00B,$1.43B,0.0,$2.87B,$1.07B,37.20%,$2.87B,$0.40B,13.74%,$2.87B,$0.40B,13.74%,$2.87B,$0.52B,17.99%,$2.87B,$0.40B,13.78%,$2.87B,$0.25B,8.73%,$0.25B,$1.43B,19.22%,$0.25B,$1.43B,19.22%,$0.25B,$1.87B,14.31%,$0.40B,$1.43B,30.24%,$759,$460,$298,$0,$179,$639,$119,$0,$120,$43,$76,$76,$76,$105,$119,$147,149,$0.52,$0.51,$488,$325,$0,$955,$722,$150,$0,$0,$915,$1869,$250,$0,$0,$193,$444,$0,$1362,$-11,$1426,$1869,$47,$32,$-0,$32,$-9,$-43,$0,$-11,$-53,$26,$-28,$0,$0,$9,$0,$9,$0,$-19,$0,$0,$0,$18,$18,$0,$5,$23,$28,$4,$0
22,2013-01-31,42.8,$9.28,4.61,$19.11,2.24,$1.85,23.12,$1.61,26.58,$0.87B,$0.25B,3.49,$0.00B,$1.36B,0.0,$2.80B,$1.03B,36.92%,$2.80B,$0.38B,13.42%,$2.80B,$0.38B,13.42%,$2.80B,$0.49B,17.64%,$2.80B,$0.38B,13.45%,$2.80B,$0.24B,8.52%,$0.24B,$1.36B,19.39%,$0.24B,$1.36B,19.39%,$0.24B,$1.80B,14.20%,$0.38B,$1.36B,30.54%,$648,$409,$239,$0,$166,$575,$73,$-0,$73,$26,$47,$47,$47,$163,$73,$146,149,$0.32,$0.32,$474,$282,$0,$872,$733,$150,$0,$0,$925,$1797,$250,$0,$0,$192,$443,$0,$1315,$-9,$1355,$1797,$237,$119,$27,$146,$-3,$-32,$0,$16,$13,$396,$-169,$0,$0,$-165,$0,$-165,$0,$-334,$0,$0,$0,$31,$31,$0,$7,$37,$100,$11,$0
23,2012-10-31,35.75,$8.71,4.11,$17.94,1.99,$0.90,39.81,$1.32,27.08,$0.87B,$0.30B,2.94,$0.00B,$1.27B,0.0,$2.67B,$0.94B,35.14%,$2.67B,$0.31B,11.54%,$2.67B,$0.31B,11.54%,$2.67B,$0.42B,15.81%,$2.67B,$0.31B,11.50%,$2.67B,$0.19B,7.27%,$0.19B,$1.27B,16.79%,$0.19B,$1.27B,16.79%,$0.19B,$1.76B,12.14%,$0.31B,$1.27B,26.66%,$857,$543,$314,$0,$182,$725,$132,$1,$133,$50,$83,$83,$83,$124,$132,$145,147,$0.56,$0.57,$363,$395,$0,$866,$735,$94,$0,$0,$889,$1756,$295,$0,$0,$191,$486,$0,$1233,$-7,$1270,$1756,$155,$87,$-1,$86,$-7,$-145,$0,$37,$-50,$190,$-130,$0,$0,$-23,$0,$-23,$0,$-153,$0,$0,$0,$28,$28,$0,$5,$34,$71,$11,$0
24,2012-07-31,30.55,$8.11,3.77,$17.21,1.78,$0.42,72.36,$1.25,24.44,$0.70B,$0.23B,3.04,$0.00B,$1.17B,0.0,$2.59B,$0.89B,34.53%,$2.59B,$0.29B,11.10%,$2.59B,$0.29B,11.10%,$2.59B,$0.40B,15.43%,$2.59B,$0.29B,11.14%,$2.59B,$0.19B,7.15%,$0.19B,$1.17B,16.87%,$0.19B,$1.17B,16.87%,$0.19B,$1.60B,12.11%,$0.29B,$1.17B,26.17%,$693,$432,$261,$0,$167,$599,$94,$0,$94,$34,$60,$60,$60,$125,$94,$146,147,$0.41,$0.40,$271,$323,$0,$704,$722,$92,$0,$0,$891,$1595,$232,$0,$0,$189,$420,$0,$1173,$-9,$1174,$1595,$95,$57,$-5,$53,$-12,$-73,$0,$23,$-59,$89,$-93,$0,$0,$-10,$0,$-10,$0,$-103,$0,$0,$0,$3,$3,$0,$1,$4,$-10,$7,$0
25,2012-04-30,28.96,$7.68,3.77,$16.35,1.77,$0.54,53.79,$1.18,24.54,$0.68B,$0.26B,2.65,$0.00B,$1.11B,0.0,$2.52B,$0.87B,34.50%,$2.52B,$0.28B,11.08%,$2.52B,$0.28B,11.08%,$2.52B,$0.39B,15.44%,$2.52B,$0.28B,11.16%,$2.52B,$0.18B,7.19%,$0.18B,$1.11B,16.03%,$0.18B,$1.11B,16.03%,$0.18B,$1.56B,11.64%,$0.28B,$1.11B,24.71%,$676,$422,$255,$0,$159,$580,$96,$0,$96,$35,$61,$61,$61,$81,$96,$145,146,$0.42,$0.42,$248,$300,$0,$676,$712,$91,$0,$0,$879,$1555,$255,$0,$0,$188,$443,$0,$1112,$-5,$1112,$1555,$34,$28,$-4,$24,$-7,$-49,$0,$14,$-16,$42,$-53,$0,$0,$-8,$0,$-8,$0,$-61,$0,$0,$0,$2,$2,$0,$1,$3,$-15,$3,$0
26,2012-01-31,26.5,$7.37,3.59,$15.61,1.7,$0.52,51.24,$1.18,22.46,$0.60B,$0.23B,2.56,$0.00B,$1.07B,0.0,$2.47B,$0.86B,34.76%,$2.47B,$0.29B,11.52%,$2.47B,$0.29B,11.52%,$2.47B,$0.39B,15.89%,$2.47B,$0.29B,11.64%,$2.47B,$0.19B,7.52%,$0.19B,$1.07B,15.78%,$0.19B,$1.07B,15.78%,$0.19B,$1.48B,11.70%,$0.29B,$1.07B,24.17%,$569,$366,$202,$0,$150,$516,$53,$0,$53,$19,$34,$34,$34,$92,$53,$145,146,$0.24,$0.23,$235,$250,$0,$597,$685,$127,$0,$0,$887,$1484,$233,$0,$0,$184,$417,$0,$1078,$-12,$1066,$1484,$185,$108,$-17,$91,$-0,$-21,$0,$6,$7,$283,$-190,$0,$0,$245,$0,$245,$0,$55,$0,$0,$0,$-541,$-541,$0,$9,$-532,$-195,$3,$0
27,2011-10-31,27.25,$7.17,3.8,$14.86,1.83,$1.34,20.32,$1.36,20.04,$0.61B,$0.27B,2.3,$0.00B,$1.03B,0.0,$2.41B,$0.91B,37.54%,$2.41B,$0.34B,14.10%,$2.41B,$0.34B,14.10%,$2.41B,$0.45B,18.58%,$2.41B,$0.35B,14.31%,$2.41B,$0.22B,9.21%,$0.22B,$1.03B,17.54%,$0.22B,$1.03B,17.54%,$0.22B,$1.48B,13.31%,$0.34B,$1.03B,26.87%,$731,$511,$220,$0,$155,$666,$65,$-0,$64,$25,$39,$39,$39,$101,$65,$154,156,$0.26,$0.28,$130,$367,$0,$608,$671,$129,$0,$0,$870,$1478,$265,$0,$0,$179,$444,$0,$1042,$-8,$1034,$1478,$146,$81,$6,$87,$-10,$-138,$0,$2,$-104,$129,$-140,$0,$0,$287,$0,$287,$0,$148,$0,$0,$0,$-535,$-535,$0,$1,$-534,$-257,$8,$0
28,2011-07-31,32.54,$8.28,3.93,$14.29,2.28,$2.21,14.75,$1.46,22.29,$0.70B,$0.23B,3.06,$0.00B,$1.30B,0.0,$2.38B,$0.93B,38.95%,$2.38B,$0.37B,15.66%,$2.38B,$0.37B,15.66%,$2.38B,$0.48B,20.13%,$2.38B,$0.38B,15.83%,$2.38B,$0.24B,10.27%,$0.24B,$1.30B,18.25%,$0.24B,$1.30B,18.25%,$0.24B,$1.71B,14.11%,$0.37B,$1.30B,27.82%,$610,$394,$216,$0,$143,$537,$73,$2,$75,$25,$51,$51,$51,$115,$73,$151,153,$0.34,$0.33,$286,$303,$0,$699,$626,$323,$0,$0,$1007,$1705,$229,$0,$0,$173,$401,$0,$1310,$-6,$1304,$1705,$95,$53,$3,$56,$-16,$-73,$0,$21,$-60,$92,$-78,$0,$0,$84,$0,$84,$0,$6,$0,$0,$0,$-213,$-213,$0,$0,$-212,$-114,$5,$0
29,2011-04-30,31.47,$8.22,3.83,$13.70,2.3,$2.47,12.76,$1.53,20.57,$0.70B,$0.21B,3.31,$0.00B,$1.31B,0.0,$2.32B,$0.93B,40.08%,$2.32B,$0.39B,16.87%,$2.32B,$0.39B,16.87%,$2.32B,$0.50B,21.35%,$2.32B,$0.39B,17.00%,$2.32B,$0.26B,11.17%,$0.26B,$1.31B,19.12%,$0.26B,$1.31B,19.12%,$0.26B,$1.69B,14.93%,$0.39B,$1.31B,28.87%,$609,$378,$231,$0,$143,$521,$88,$1,$89,$32,$57,$57,$57,$85,$88,$159,161,$0.36,$0.35,$313,$264,$0,$701,$601,$334,$0,$0,$993,$1694,$212,$0,$0,$170,$382,$0,$1317,$-5,$1312,$1694,$39,$27,$-1,$25,$-10,$-34,$0,$2,$-44,$20,$-36,$0,$0,$64,$0,$64,$0,$29,$0,$0,$0,$-146,$-146,$0,$0,$-146,$-96,$3,$0
30,2011-01-31,33.82,$8.59,3.94,$13.31,2.54,$2.67,12.64,$1.61,21.01,$0.80B,$0.21B,3.81,$0.00B,$1.41B,0.0,$2.27B,$0.94B,41.20%,$2.27B,$0.41B,18.21%,$2.27B,$0.41B,18.21%,$2.27B,$0.52B,22.74%,$2.27B,$0.42B,18.34%,$2.27B,$0.27B,12.01%,$0.27B,$1.41B,19.98%,$0.27B,$1.41B,19.98%,$0.27B,$1.79B,15.71%,$0.41B,$1.41B,30.30%,$524,$331,$193,$0,$135,$465,$59,$1,$60,$22,$39,$39,$39,$147,$59,$162,165,$0.24,$0.23,$457,$230,$0,$804,$586,$352,$0,$0,$990,$1794,$211,$0,$0,$172,$383,$0,$1394,$-10,$1412,$1794,$273,$101,$-11,$90,$2,$-43,$0,$15,$22,$385,$-144,$0,$0,$108,$0,$108,$0,$-36,$0,$0,$0,$-181,$-181,$0,$13,$-168,$181,$11,$0
31,2010-10-31,30.79,$8.05,3.82,$12.82,2.4,$2.52,12.22,$1.61,19.12,$0.90B,$0.24B,3.78,$0.00B,$1.32B,0.0,$2.19B,$0.92B,41.84%,$2.19B,$0.41B,18.82%,$2.19B,$0.41B,18.82%,$2.19B,$0.51B,23.34%,$2.19B,$0.42B,18.92%,$2.19B,$0.28B,12.58%,$0.28B,$1.32B,20.64%,$0.28B,$1.32B,20.64%,$0.28B,$1.72B,16.25%,$0.41B,$1.32B,30.88%,$668,$403,$265,$0,$145,$548,$120,$1,$121,$46,$75,$75,$75,$131,$120,$167,170,$0.47,$0.44,$504,$289,$0,$900,$583,$186,$0,$0,$822,$1722,$238,$0,$0,$164,$402,$0,$1319,$-9,$1320,$1722,$198,$75,$-17,$58,$-9,$-103,$0,$38,$-15,$241,$-107,$0,$0,$143,$0,$143,$0,$36,$0,$0,$0,$-193,$-193,$0,$11,$-182,$95,$7,$0
32,2010-07-31,32.16,$8.17,3.94,$12.37,2.6,$2.46,13.1,$1.54,20.88,$0.96B,$0.20B,4.85,$0.00B,$1.37B,0.0,$2.13B,$0.89B,41.96%,$2.13B,$0.40B,19.00%,$2.13B,$0.40B,19.00%,$2.13B,$0.50B,23.52%,$2.13B,$0.41B,19.14%,$2.13B,$0.27B,12.46%,$0.27B,$1.37B,20.21%,$0.27B,$1.37B,20.21%,$0.27B,$1.73B,16.03%,$0.40B,$1.37B,30.81%,$574,$338,$236,$0,$131,$469,$105,$1,$106,$33,$73,$73,$73,$132,$105,$166,169,$0.44,$0.43,$591,$243,$0,$963,$560,$158,$0,$0,$764,$1727,$198,$0,$0,$155,$354,$0,$1246,$-11,$1373,$1727,$125,$49,$-8,$41,$-4,$-57,$0,$6,$-41,$124,$-65,$0,$0,$78,$0,$78,$0,$14,$0,$0,$0,$-61,$-61,$0,$10,$-51,$86,$5,$0
33,2010-04-30,37.56,$8.03,4.68,$11.85,3.17,$2.45,15.33,$1.41,26.64,$0.92B,$0.20B,4.67,$0.00B,$1.36B,0.0,$2.03B,$0.84B,41.52%,$2.03B,$0.38B,18.45%,$2.03B,$0.38B,18.45%,$2.03B,$0.47B,23.07%,$2.03B,$0.38B,18.64%,$2.03B,$0.24B,11.90%,$0.24B,$1.36B,19.28%,$0.24B,$1.36B,19.28%,$0.24B,$1.71B,15.29%,$0.38B,$1.36B,29.88%,$552,$317,$235,$0,$128,$445,$107,$1,$107,$36,$72,$72,$72,$107,$107,$169,172,$0.42,$0.42,$583,$222,$0,$921,$549,$189,$0,$0,$788,$1708,$197,$0,$0,$151,$348,$0,$1174,$-13,$1360,$1708,$53,$24,$-7,$17,$3,$-36,$0,$6,$-18,$52,$-32,$0,$0,$70,$0,$70,$0,$38,$0,$0,$0,$4,$4,$0,$8,$12,$100,$2,$0
34,2010-01-31,31.57,$7.69,4.1,$11.33,2.79,$2.56,12.35,$1.28,24.66,$0.81B,$0.19B,4.28,$0.00B,$1.30B,0.0,$1.94B,$0.79B,40.56%,$1.94B,$0.34B,17.49%,$1.94B,$0.34B,17.49%,$1.94B,$0.43B,22.19%,$1.94B,$0.34B,17.75%,$1.94B,$0.22B,11.35%,$0.22B,$1.30B,18.53%,$0.22B,$1.30B,18.53%,$0.22B,$1.64B,14.63%,$0.34B,$1.30B,28.55%,$480,$279,$201,$0,$119,$398,$82,$0,$83,$30,$53,$53,$53,$142,$82,$169,173,$0.31,$0.31,$502,$186,$0,$806,$540,$243,$0,$0,$830,$1636,$189,$0,$0,$151,$339,$0,$1121,$-9,$1297,$1636,$220,$92,$1,$93,$-2,$-16,$0,$-26,$12,$325,$-109,$0,$0,$-386,$0,$-386,$0,$-495,$0,$0,$0,$3,$3,$0,$6,$10,$-157,$5,$0
35,2009-10-31,31.38,$7.22,4.35,$10.87,2.89,$2.11,14.89,$1.07,29.33,$0.74B,$0.18B,4.05,$0.00B,$1.22B,0.0,$1.86B,$0.71B,38.37%,$1.86B,$0.28B,15.23%,$1.86B,$0.28B,15.23%,$1.86B,$0.37B,20.02%,$1.86B,$0.29B,15.66%,$1.86B,$0.18B,9.85%,$0.18B,$1.22B,16.25%,$0.18B,$1.22B,16.25%,$0.18B,$1.54B,12.83%,$0.28B,$1.22B,25.12%,$588,$343,$246,$0,$127,$470,$119,$1,$119,$42,$78,$78,$78,$119,$119,$168,171,$0.47,$0.45,$418,$235,$0,$737,$534,$234,$0,$0,$804,$1541,$182,$0,$0,$144,$326,$0,$1044,$-8,$1215,$1541,$142,$69,$-4,$65,$-1,$-63,$0,$21,$2,$210,$-84,$0,$0,$-248,$0,$-248,$0,$-332,$0,$0,$0,$2,$2,$0,$4,$6,$-114,$3,$0
36,2009-07-31,24.04,$6.83,3.52,$10.71,2.24,$1.60,15.02,$1.06,22.68,$0.58B,$0.16B,3.65,$0.00B,$1.15B,0.0,$1.83B,$0.70B,38.14%,$1.83B,$0.28B,15.14%,$1.83B,$0.28B,15.14%,$1.83B,$0.36B,19.89%,$1.83B,$0.29B,15.57%,$1.83B,$0.18B,9.84%,$0.18B,$1.15B,16.70%,$0.18B,$1.15B,16.70%,$0.18B,$1.45B,13.11%,$0.28B,$1.15B,25.70%,$506,$296,$210,$0,$114,$410,$96,$2,$98,$35,$62,$62,$62,$101,$96,$168,171,$0.37,$0.36,$289,$217,$0,$584,$528,$295,$0,$0,$861,$1445,$160,$0,$0,$137,$297,$0,$981,$-9,$1148,$1445,$80,$45,$5,$50,$4,$-46,$0,$10,$-14,$116,$-57,$0,$0,$-227,$0,$-227,$0,$-285,$0,$0,$0,$1,$1,$0,$2,$3,$-163,$2,$0
37,2009-04-30,19.49,$6.48,3.01,$10.67,1.83,$1.50,12.95,$1.10,17.72,$0.56B,$0.17B,3.32,$0.00B,$1.09B,0.0,$1.83B,$0.70B,38.25%,$1.83B,$0.28B,15.45%,$1.83B,$0.28B,15.45%,$1.83B,$0.37B,20.05%,$1.83B,$0.29B,15.95%,$1.83B,$0.19B,10.30%,$0.19B,$1.09B,18.20%,$0.19B,$1.09B,18.20%,$0.19B,$1.39B,14.15%,$0.28B,$1.09B,27.30%,$459,$272,$187,$0,$109,$380,$78,$1,$79,$30,$49,$49,$49,$68,$78,$168,171,$0.29,$0.29,$298,$190,$0,$563,$521,$262,$0,$0,$828,$1391,$169,$0,$0,$133,$302,$0,$932,$-17,$1089,$1391,$31,$22,$-1,$21,$6,$-20,$0,$8,$18,$70,$-32,$0,$0,$-131,$0,$-131,$0,$-164,$0,$0,$0,$1,$1,$0,$2,$2,$-91,$1,$0
38,2009-01-31,15.58,$6.28,2.48,$10.72,1.45,$1.41,11.04,$1.17,13.32,$0.62B,$0.14B,4.42,$0.00B,$1.05B,0.0,$1.83B,$0.71B,38.93%,$1.83B,$0.30B,16.30%,$1.83B,$0.30B,16.30%,$1.83B,$0.38B,20.72%,$1.83B,$0.31B,16.85%,$1.83B,$0.20B,10.91%,$0.20B,$1.05B,20.25%,$0.20B,$1.05B,20.25%,$0.20B,$1.33B,15.59%,$0.30B,$1.05B,30.27%,$385,$241,$143,$0,$97,$339,$46,$2,$48,$17,$31,$31,$31,$84,$46,$167,170,$0.18,$0.18,$366,$170,$0,$624,$505,$155,$0,$0,$705,$1329,$141,$0,$0,$134,$275,$0,$901,$-18,$1054,$1329,$199,$82,$-19,$63,$-11,$-0,$0,$9,$-11,$252,$-113,$0,$0,$56,$0,$56,$0,$-57,$0,$0,$0,$9,$9,$0,$13,$22,$211,$4,$0
39,2008-10-31,21.74,$6.09,3.57,$10.49,2.07,$1.42,15.34,$1.25,17.39,$0.55B,$0.18B,3.12,$0.00B,$1.02B,0.0,$1.79B,$0.73B,40.48%,$1.79B,$0.32B,17.64%,$1.79B,$0.32B,17.64%,$1.79B,$0.40B,22.05%,$1.79B,$0.33B,18.26%,$1.79B,$0.21B,11.89%,$0.21B,$1.02B,22.72%,$0.21B,$1.02B,22.72%,$0.21B,$1.33B,17.23%,$0.32B,$1.02B,33.71%,$508,$335,$173,$0,$110,$445,$63,$3,$66,$26,$41,$41,$41,$111,$63,$167,171,$0.25,$0.24,$199,$252,$0,$549,$514,$225,$0,$0,$779,$1328,$176,$0,$0,$131,$307,$0,$861,$-7,$1021,$1328,$159,$61,$-14,$47,$-8,$-83,$0,$-16,$-81,$125,$-86,$0,$0,$-90,$0,$-90,$0,$-176,$0,$0,$0,$9,$9,$0,$12,$21,$-34,$3,$0
40,2008-07-31,33.01,$5.79,5.7,$9.93,3.32,$1.42,23.21,$1.17,28.21,$0.53B,$0.17B,3.07,$0.00B,$0.97B,0.0,$1.69B,$0.68B,40.19%,$1.69B,$0.29B,16.96%,$1.69B,$0.29B,16.96%,$1.69B,$0.36B,21.45%,$1.69B,$0.30B,17.61%,$1.69B,$0.20B,11.76%,$0.20B,$0.97B,22.58%,$0.20B,$0.97B,22.58%,$0.20B,$1.27B,17.00%,$0.29B,$0.97B,32.57%,$478,$283,$195,$0,$105,$388,$90,$1,$92,$33,$59,$59,$59,$103,$90,$167,171,$0.35,$0.35,$237,$211,$0,$529,$507,$191,$0,$0,$740,$1268,$172,$0,$0,$128,$300,$0,$802,$6,$968,$1268,$100,$40,$-12,$28,$-6,$-39,$0,$0,$-32,$96,$-54,$0,$0,$-2,$0,$-2,$0,$-56,$0,$0,$0,$7,$7,$0,$8,$15,$55,$1,$0
41,2008-04-30,34.25,$5.44,6.3,$9.34,3.67,$1.26,27.16,$1.03,33.25,$0.48B,$0.17B,2.78,$0.00B,$0.91B,0.0,$1.59B,$0.62B,39.28%,$1.59B,$0.25B,15.83%,$1.59B,$0.25B,15.83%,$1.59B,$0.32B,20.43%,$1.59B,$0.26B,16.52%,$1.59B,$0.17B,10.97%,$0.17B,$0.91B,21.08%,$0.17B,$0.91B,21.08%,$0.17B,$1.21B,15.84%,$0.25B,$0.91B,30.41%,$454,$268,$187,$0,$104,$371,$83,$2,$85,$28,$57,$57,$57,$82,$83,$167,172,$0.34,$0.33,$219,$191,$0,$482,$499,$188,$0,$0,$723,$1205,$173,$0,$0,$123,$297,$0,$745,$6,$908,$1205,$43,$19,$-8,$12,$1,$-19,$0,$3,$-7,$47,$-26,$0,$0,$24,$0,$24,$0,$-1,$0,$0,$0,$6,$6,$0,$7,$13,$59,$1,$0
42,2008-01-31,29.0,$5.14,5.64,$8.89,3.26,$1.14,25.55,$0.95,30.53,$0.43B,$0.17B,2.59,$0.00B,$0.85B,0.0,$1.51B,$0.58B,38.29%,$1.51B,$0.22B,14.86%,$1.51B,$0.22B,14.86%,$1.51B,$0.30B,19.58%,$1.51B,$0.23B,15.53%,$1.51B,$0.16B,10.62%,$0.16B,$0.85B,20.61%,$0.16B,$0.85B,20.61%,$0.16B,$1.14B,15.51%,$0.22B,$0.85B,28.85%,$394,$236,$159,$0,$96,$331,$63,$3,$66,$24,$43,$43,$43,$99,$63,$166,171,$0.26,$0.25,$185,$172,$0,$434,$489,$188,$0,$0,$709,$1143,$167,$0,$0,$122,$289,$0,$702,$7,$853,$1143,$160,$70,$-7,$63,$-5,$-17,$0,$-22,$31,$254,$-115,$0,$0,$-74,$0,$-74,$0,$-189,$0,$0,$0,$5,$5,$0,$7,$12,$78,$3,$0
43,2007-10-31,25.27,$4.79,5.27,$8.29,3.05,$0.17,150.24,$0.84,30.08,$0.47B,$0.16B,2.91,$0.00B,$0.80B,0.0,$1.40B,$0.53B,37.42%,$1.40B,$0.19B,13.68%,$1.40B,$0.19B,13.68%,$1.40B,$0.26B,18.60%,$1.40B,$0.20B,14.26%,$1.40B,$0.14B,10.12%,$0.14B,$0.80B,19.40%,$0.14B,$0.80B,19.40%,$0.14B,$1.07B,14.63%,$0.19B,$0.80B,26.23%,$465,$281,$184,$0,$104,$385,$80,$3,$84,$30,$54,$54,$54,$79,$80,$165,170,$0.33,$0.31,$191,$213,$0,$467,$489,$79,$0,$0,$600,$1066,$160,$0,$0,$110,$271,$0,$648,$8,$796,$1066,$107,$51,$-2,$50,$-4,$-58,$0,$-13,$-33,$124,$-84,$0,$0,$-39,$0,$-39,$0,$-123,$0,$0,$0,$4,$4,$0,$5,$9,$9,$3,$0
44,2007-07-31,20.06,$4.49,4.46,$7.89,2.54,$-0.41,0.0,$0.77,26.05,$0.41B,$0.13B,3.1,$0.00B,$0.75B,0.0,$1.33B,$0.49B,37.01%,$1.33B,$0.18B,13.21%,$1.33B,$0.18B,13.21%,$1.33B,$0.24B,18.17%,$1.33B,$0.18B,13.81%,$1.33B,$0.13B,9.91%,$0.13B,$0.75B,19.08%,$0.13B,$0.75B,19.08%,$0.13B,$0.98B,14.34%,$0.18B,$0.75B,25.44%,$379,$229,$150,$0,$89,$318,$61,$2,$63,$18,$45,$45,$45,$64,$61,$165,170,$0.27,$0.27,$173,$186,$0,$412,$469,$68,$0,$0,$569,$981,$133,$0,$0,$103,$236,$0,$603,$6,$745,$981,$61,$34,$-9,$25,$-4,$-31,$0,$4,$-16,$70,$-55,$0,$0,$-5,$0,$-5,$0,$-61,$0,$0,$0,$3,$3,$0,$3,$6,$15,$2,$0
45,2007-04-30,25.76,$4.30,5.99,$7.53,3.42,$-0.78,0.0,$0.73,35.29,$0.39B,$0.13B,2.9,$0.00B,$0.71B,0.0,$1.27B,$0.47B,36.85%,$1.27B,$0.17B,13.23%,$1.27B,$0.17B,13.23%,$1.27B,$0.23B,18.11%,$1.27B,$0.18B,13.78%,$1.27B,$0.13B,9.92%,$0.13B,$0.71B,19.11%,$0.13B,$0.71B,19.11%,$0.13B,$0.94B,14.24%,$0.17B,$0.71B,25.48%,$348,$218,$130,$0,$83,$301,$47,$2,$49,$17,$32,$32,$32,$53,$47,$165,170,$0.19,$0.19,$165,$168,$0,$389,$456,$63,$0,$0,$549,$937,$134,$0,$0,$92,$225,$0,$571,$5,$712,$937,$29,$17,$-4,$12,$-1,$-14,$0,$-1,$-12,$30,$-29,$0,$0,$-2,$0,$-2,$0,$-32,$0,$0,$0,$2,$2,$0,$4,$6,$4,$1,$0
46,2007-01-31,24.4,$4.09,5.96,$7.27,3.36,$-0.90,0.0,$0.68,35.88,$0.37B,$0.14B,2.71,$0.00B,$0.68B,0.0,$1.23B,$0.45B,36.90%,$1.23B,$0.16B,13.39%,$1.23B,$0.16B,13.39%,$1.23B,$0.22B,17.96%,$1.23B,$0.17B,13.88%,$1.23B,$0.12B,9.55%,$0.12B,$0.68B,18.64%,$0.12B,$0.68B,18.64%,$0.12B,$0.90B,13.76%,$0.16B,$0.68B,26.13%,$315,$202,$113,$0,$77,$279,$36,$2,$38,$8,$29,$29,$29,$65,$36,$165,169,$0.18,$0.17,$159,$154,$0,$366,$446,$62,$0,$0,$533,$899,$135,$0,$0,$89,$224,$0,$542,$4,$675,$899,$116,$56,$-5,$50,$-6,$-13,$0,$7,$21,$187,$-212,$0,$0,$11,$0,$11,$0,$-201,$0,$0,$0,$-14,$-14,$0,$5,$-9,$-23,$3,$0
47,2006-10-31,17.5,$3.85,4.54,$7.01,2.5,$-0.60,0.0,$0.68,25.74,$0.36B,$0.15B,2.39,$0.00B,$0.64B,0.0,$1.18B,$0.45B,37.70%,$1.18B,$0.17B,14.29%,$1.18B,$0.17B,14.29%,$1.18B,$0.22B,18.51%,$1.18B,$0.17B,14.71%,$1.18B,$0.12B,9.89%,$0.12B,$0.64B,19.52%,$0.12B,$0.64B,19.52%,$0.12B,$0.87B,14.30%,$0.17B,$0.64B,28.20%,$361,$228,$132,$0,$84,$313,$48,$2,$50,$14,$36,$36,$36,$60,$48,$165,169,$0.22,$0.21,$127,$180,$0,$359,$426,$59,$0,$0,$506,$865,$150,$0,$0,$81,$231,$0,$507,$3,$635,$865,$80,$39,$-1,$38,$-5,$-39,$0,$5,$-8,$110,$-168,$0,$0,$51,$0,$51,$0,$-117,$0,$0,$0,$-16,$-16,$0,$5,$-12,$-19,$3,$0
