,Date,Stock Price,Book Value per Share,Price to Book Ratio,TTM Sales per Share,Price to Sales Ratio,TTM FCF per Share,Price to FCF Ratio,TTM Net EPS,PE Ratio,Current Assets,Current Liabilities,Current Ratio,Long Term Debt,Shareholder's Equity_x,Debt to Equity Ratio,TTM Revenue_x,TTM Gross Profit,Gross Margin,TTM Revenue_y,TTM Operating Income,Operating Margin,TTM Revenue_x,TTM EBIT,EBIT Margin,TTM Revenue_y,TTM EBITDA,EBITDA Margin,TTM Revenue_x,TTM Pre-Tax Income,Pre-Tax Margin,TTM Revenue_y,TTM Net Income_x,Net Margin,TTM Net Income_y,Shareholder's Equity_y,Return on Equity,TTM Net Income_x,Tangible Equity,Return on Tangible Equity,TTM Net Income_y,Total Assets,Return on Assets,TTM Net Income,LT Investments & Debt,Return on Investment,revenue,cost-goods-sold,gross-profit,research-development-expenses,selling-general-administrative-expenses,operating-expenses,operating-income,total-non-operating-income-expense,pre-tax-income,total-provision-income-taxes,income-after-taxes,income-from-continuous-operations,net-income,ebitda,ebit,basic-shares-outstanding,shares-outstanding,eps-basic-net-earnings-per-share,eps-earnings-per-share-diluted,cash-on-hand,inventory,other-current-assets,total-current-assets,net-property-plant-equipment,long-term-investments,goodwill-intangible-assets-total,other-long-term-assets,total-long-term-assets,total-assets,total-current-liabilities,long-term-debt,other-non-current-liabilities,total-long-term-liabilities,total-liabilities,common-stock-net,retained-earnings-accumulated-deficit,comprehensive-income,total-share-holder-equity,total-liabilities-share-holders-equity,net-income-loss,total-depreciation-amortization-cash-flow,other-non-cash-items,total-non-cash-items,change-in-accounts-receivable,change-in-inventories,change-in-accounts-payable,change-in-assets-liabilities,total-change-in-assets-liabilities,cash-flow-from-operating-activities,net-change-in-property-plant-equipment,net-change-in-intangible-assets,net-acquisitions-divestitures,net-change-in-short-term-investments,net-change-in-long-term-investments,net-change-in-investments-total,investing-activities-other,cash-flow-from-investing-activities,net-long-term-debt,net-current-debt,debt-issuance-retirement-net-total,net-common-equity-issued-repurchased,net-total-equity-issued-repurchased,total-common-preferred-stock-dividends-paid,financial-activities-other,cash-flow-from-financial-activities,net-cash-flow,stock-based-compensation,common-stock-dividends-paid
0,2018-09-30,163.6,$40.89,4.0,$90.71,1.8,$31.04,5.27,$19.81,8.26,$1.69B,$2.09B,0.81,$9.18B,$3.33B,2.75,$7.66B,$3.19B,41.67%,$7.66B,$1.85B,24.14%,$7.66B,$1.85B,24.14%,$7.66B,$3.45B,45.06%,$7.66B,$1.39B,18.10%,$7.66B,$1.68B,21.96%,$1.68B,$3.33B,53.17%,$1.68B,$-1.87B,-91.75%,$1.68B,$16.35B,11.00%,$1.85B,$12.52B,15.72%,$2116,$1178,$938,$0,$265,$1538,$578,$-118,$460,$127,$333,$333,$333,$999,$578,$82,83,$4.05,$4.01,$65,$104,$0,$1692,$9439,$0,$5208,$15,$14662,$16354,$2087,$9182,$123,$10933,$13020,$1,$3791,$-178,$3334,$16354,$786,$1210,$74,$1284,$-131,$-23,$238,$31,$53,$2123,$-1605,$0,$-805,$0,$-1,$-1,$18,$-2393,$598,$0,$598,$-604,$-604,$0,$-1,$-7,$-287,$73,$0
1,2018-06-30,147.62,$38.17,3.87,$85.90,1.72,$31.50,4.69,$18.13,8.14,$1.51B,$2.23B,0.68,$8.09B,$3.16B,2.56,$7.31B,$3.03B,41.41%,$7.31B,$1.72B,23.52%,$7.31B,$1.72B,23.52%,$7.31B,$3.26B,44.54%,$7.31B,$1.25B,17.08%,$7.31B,$1.55B,21.18%,$1.55B,$3.16B,53.70%,$1.55B,$-1.73B,-82.57%,$1.55B,$15.11B,10.58%,$1.72B,$11.25B,15.48%,$1891,$1109,$782,$0,$239,$1421,$470,$-111,$359,$89,$270,$270,$270,$863,$470,$83,84,$3.22,$3.20,$117,$94,$0,$1506,$8693,$0,$4894,$15,$13602,$15108,$2229,$8086,$120,$9715,$11944,$1,$3458,$-196,$3164,$15108,$453,$789,$-11,$778,$29,$-19,$451,$25,$418,$1649,$-960,$0,$-58,$0,$-1,$-1,$14,$-1005,$-476,$0,$-476,$-393,$-393,$0,$-1,$-870,$-235,$43,$0
2,2018-03-31,172.73,$36.44,4.74,$82.14,2.1,$30.41,5.68,$16.58,10.42,$1.59B,$1.64B,0.97,$8.41B,$3.06B,2.75,$7.02B,$2.90B,41.33%,$7.02B,$1.59B,22.65%,$7.02B,$1.59B,22.65%,$7.02B,$3.07B,43.68%,$7.02B,$1.12B,15.94%,$7.02B,$1.42B,20.23%,$1.42B,$3.06B,55.02%,$1.42B,$-1.88B,-70.19%,$1.42B,$14.69B,10.01%,$1.59B,$11.47B,14.89%,$1734,$1088,$646,$0,$232,$1394,$340,$-108,$232,$49,$183,$183,$183,$736,$340,$84,85,$2.18,$2.15,$278,$84,$0,$1590,$8145,$0,$4940,$13,$13098,$14688,$1641,$8412,$122,$9989,$11630,$1,$3188,$-176,$3058,$14688,$183,$396,$-18,$378,$80,$-9,$103,$42,$81,$642,$-128,$0,$-52,$0,$0,$0,$2,$-178,$-307,$0,$-307,$-225,$-225,$0,$0,$-532,$-74,$19,$0
3,2017-12-31,171.91,$36.77,4.67,$77.68,2.21,$30.11,5.71,$15.71,10.94,$1.77B,$1.67B,1.06,$8.72B,$3.11B,2.81,$6.64B,$2.77B,41.70%,$6.64B,$1.51B,22.69%,$6.64B,$1.51B,22.69%,$6.64B,$2.90B,43.65%,$6.64B,$1.05B,15.78%,$6.64B,$1.35B,20.27%,$1.35B,$3.11B,59.70%,$1.35B,$-1.85B,-63.94%,$1.35B,$15.03B,9.99%,$1.51B,$11.82B,15.16%,$1922,$1095,$827,$0,$255,$1460,$462,$-126,$336,$-561,$897,$897,$897,$855,$462,$85,86,$10.59,$10.48,$352,$75,$0,$1772,$8291,$0,$4957,$10,$13258,$15030,$1668,$8717,$120,$10256,$11924,$1,$3005,$-151,$3106,$15030,$1346,$1392,$-516,$876,$-184,$1,$141,$-20,$8,$2230,$-1323,$0,$-2377,$0,$-5,$-5,$0,$-3705,$1594,$0,$1594,$-53,$-53,$0,$-44,$1497,$40,$87,$0
4,2017-09-30,138.74,$26.14,5.31,$72.56,1.91,$32.31,4.29,$7.06,19.65,$1.64B,$1.77B,0.92,$7.68B,$2.21B,3.47,$6.24B,$2.60B,41.64%,$6.24B,$1.45B,23.18%,$6.24B,$1.45B,23.18%,$6.24B,$2.77B,44.31%,$6.24B,$0.95B,15.28%,$6.24B,$0.60B,9.64%,$0.60B,$2.21B,31.85%,$0.60B,$-2.04B,-26.99%,$0.60B,$13.74B,4.74%,$1.45B,$9.89B,15.74%,$1766,$993,$773,$0,$237,$1318,$448,$-126,$322,$123,$199,$199,$199,$803,$448,$85,86,$2.36,$2.33,$324,$82,$0,$1639,$7842,$0,$4252,$11,$12105,$13744,$1773,$7677,$71,$9760,$11533,$1,$2108,$-143,$2211,$13744,$449,$999,$97,$1096,$-172,$-9,$350,$-1,$211,$1756,$-1184,$0,$-1063,$0,$-5,$-5,$10,$-2242,$546,$0,$546,$-25,$-25,$0,$-44,$477,$12,$64,$0
5,2017-06-30,112.71,$23.04,4.89,$69.38,1.62,$34.80,3.24,$6.89,16.36,$1.48B,$1.74B,0.85,$7.57B,$1.95B,3.89,$5.98B,$2.48B,41.48%,$5.98B,$1.41B,23.58%,$5.98B,$1.41B,23.58%,$5.98B,$2.69B,44.94%,$5.98B,$0.94B,15.63%,$5.98B,$0.59B,9.86%,$0.59B,$1.95B,34.26%,$0.59B,$-2.32B,-25.13%,$0.59B,$13.28B,4.78%,$1.41B,$9.52B,15.76%,$1597,$942,$655,$0,$218,$1257,$340,$-111,$229,$88,$141,$141,$141,$672,$340,$85,85,$1.67,$1.65,$338,$78,$0,$1483,$7525,$0,$4266,$10,$11801,$13284,$1744,$7571,$69,$9592,$11336,$1,$1909,$-185,$1948,$13284,$250,$644,$18,$662,$-16,$-5,$429,$-7,$417,$1329,$-723,$0,$-965,$0,$-4,$-4,$8,$-1684,$400,$0,$400,$-23,$-23,$0,$-7,$370,$26,$40,$0
6,2017-03-31,125.05,$20.74,6.03,$66.74,1.87,$36.06,3.47,$6.76,18.5,$1.32B,$1.32B,1.0,$6.77B,$1.75B,3.86,$5.81B,$2.42B,41.62%,$5.81B,$1.42B,24.41%,$5.81B,$1.42B,24.41%,$5.81B,$2.67B,46.01%,$5.81B,$0.92B,15.89%,$5.81B,$0.58B,10.04%,$0.58B,$1.75B,36.20%,$0.58B,$-2.21B,-24.15%,$0.58B,$11.82B,4.84%,$1.42B,$8.53B,16.18%,$1356,$842,$514,$0,$193,$1099,$257,$-96,$161,$52,$109,$109,$109,$569,$257,$84,85,$1.29,$1.27,$337,$75,$0,$1320,$6533,$0,$3963,$6,$10502,$11822,$1317,$6772,$69,$8752,$10069,$1,$1763,$-210,$1753,$11822,$109,$312,$-20,$292,$65,$-6,$139,$9,$221,$622,$-133,$0,$0,$0,$-1,$-1,$1,$-133,$-437,$0,$-437,$-22,$-22,$0,$-7,$-466,$25,$16,$0
7,2016-12-31,105.58,$19.57,5.4,$65.26,1.62,$36.93,2.86,$6.49,16.27,$1.36B,$1.18B,1.15,$7.19B,$1.65B,4.37,$5.76B,$2.40B,41.70%,$5.76B,$1.42B,24.56%,$5.76B,$1.42B,24.56%,$5.76B,$2.67B,46.32%,$5.76B,$0.91B,15.78%,$5.76B,$0.57B,9.82%,$0.57B,$1.65B,36.58%,$0.57B,$-2.35B,-22.48%,$0.57B,$11.99B,4.70%,$1.42B,$8.84B,16.06%,$1523,$866,$657,$0,$186,$1121,$402,$-160,$242,$89,$153,$153,$153,$722,$402,$87,88,$1.78,$1.76,$312,$68,$0,$1361,$6619,$0,$4002,$6,$10627,$11988,$1184,$7193,$67,$9156,$10340,$1,$1654,$-218,$1648,$11988,$566,$1254,$17,$1271,$15,$1,$-29,$77,$116,$1953,$-829,$0,$-28,$0,$-2,$-2,$0,$-859,$-471,$0,$-471,$-527,$-527,$0,$34,$-964,$133,$45,$0
8,2016-09-30,78.49,$18.17,4.32,$63.71,1.23,$33.61,2.34,$6.50,12.08,$1.35B,$1.42B,0.95,$7.39B,$1.54B,4.8,$5.76B,$2.39B,41.55%,$5.76B,$1.41B,24.47%,$5.76B,$1.41B,24.47%,$5.76B,$2.66B,46.23%,$5.76B,$0.96B,16.64%,$5.76B,$0.58B,10.10%,$0.58B,$1.54B,38.68%,$0.58B,$-2.51B,-22.41%,$0.58B,$12.28B,4.82%,$1.41B,$8.93B,15.92%,$1508,$852,$656,$0,$179,$1096,$412,$-109,$303,$116,$187,$187,$187,$726,$412,$86,86,$2.18,$2.16,$297,$72,$0,$1354,$6862,$0,$4049,$10,$10921,$12275,$1420,$7393,$60,$9316,$10736,$1,$1501,$-196,$1539,$12275,$413,$934,$-35,$899,$7,$-3,$137,$75,$318,$1630,$-837,$0,$-28,$0,$0,$0,$0,$-865,$-209,$0,$-209,$-488,$-488,$0,$41,$-656,$118,$33,$0
9,2016-06-30,67.1,$17.32,3.87,$62.55,1.07,$29.17,2.3,$6.59,10.18,$1.26B,$1.51B,0.84,$7.27B,$1.50B,4.84,$5.80B,$2.43B,41.83%,$5.80B,$1.44B,24.88%,$5.80B,$1.44B,24.88%,$5.80B,$2.70B,46.55%,$5.80B,$1.00B,17.16%,$5.80B,$0.61B,10.51%,$0.61B,$1.50B,40.83%,$0.61B,$-2.58B,-23.05%,$0.61B,$12.12B,5.02%,$1.44B,$8.77B,16.10%,$1421,$831,$590,$0,$177,$1074,$347,$-130,$217,$83,$134,$134,$134,$655,$347,$88,88,$1.52,$1.52,$265,$71,$0,$1264,$6762,$0,$4084,$10,$10856,$12120,$1508,$7265,$55,$9110,$10618,$1,$1314,$-187,$1502,$12120,$226,$620,$-35,$585,$68,$-2,$337,$64,$436,$1247,$-508,$0,$-14,$0,$0,$0,$0,$-522,$-356,$0,$-356,$-336,$-336,$0,$41,$-651,$86,$22,$0
10,2016-03-31,62.19,$16.79,3.7,$61.11,1.02,$25.24,2.46,$5.95,10.45,$1.18B,$1.23B,0.96,$7.20B,$1.50B,4.8,$5.81B,$2.46B,42.26%,$5.81B,$1.47B,25.33%,$5.81B,$1.47B,25.33%,$5.81B,$2.73B,46.99%,$5.81B,$0.93B,15.97%,$5.81B,$0.56B,9.67%,$0.56B,$1.50B,37.93%,$0.56B,$-2.63B,-20.80%,$0.56B,$11.78B,4.58%,$1.47B,$8.70B,16.18%,$1310,$810,$500,$0,$177,$1056,$254,$-107,$147,$55,$92,$92,$92,$566,$254,$91,91,$1.01,$1.01,$219,$74,$0,$1182,$6467,$0,$4126,$9,$10602,$11784,$1229,$7203,$54,$9054,$10283,$1,$1180,$-187,$1501,$11784,$92,$312,$-39,$273,$103,$-4,$56,$64,$239,$604,$-4,$0,$-13,$0,$0,$0,$0,$-17,$-423,$0,$-423,$-164,$-164,$0,$27,$-560,$40,$9,$0
11,2015-12-31,72.54,$16.08,4.51,$59.98,1.21,$23.18,3.13,$6.10,11.89,$1.29B,$1.23B,1.05,$7.56B,$1.48B,5.12,$5.82B,$2.48B,42.63%,$5.82B,$1.52B,26.10%,$5.82B,$1.52B,26.10%,$5.82B,$2.77B,47.65%,$5.82B,$0.96B,16.55%,$5.82B,$0.59B,10.06%,$0.59B,$1.48B,39.53%,$0.59B,$-2.67B,-21.31%,$0.59B,$12.08B,4.72%,$1.52B,$9.03B,16.57%,$1523,$875,$648,$0,$180,$1126,$397,$-105,$292,$123,$169,$169,$169,$717,$397,$95,96,$1.78,$1.78,$179,$69,$0,$1294,$6631,$0,$4148,$10,$10789,$12083,$1233,$7555,$54,$9374,$10607,$1,$1088,$-250,$1476,$12083,$585,$1254,$248,$1502,$-11,$8,$-8,$-38,$-92,$1995,$-1081,$0,$-86,$0,$-3,$-3,$0,$-1170,$84,$0,$84,$-788,$-788,$0,$-71,$-775,$21,$49,$0
12,2015-09-30,60.05,$16.13,3.72,$59.08,1.02,$19.01,3.16,$6.17,9.73,$1.43B,$1.52B,0.94,$7.88B,$1.50B,5.26,$5.86B,$2.54B,43.34%,$5.86B,$1.55B,26.41%,$5.86B,$1.55B,26.41%,$5.86B,$2.80B,47.73%,$5.86B,$0.98B,16.76%,$5.86B,$0.61B,10.41%,$0.61B,$1.50B,39.09%,$0.61B,$-2.71B,-22.41%,$0.61B,$12.60B,4.92%,$1.55B,$9.37B,16.83%,$1550,$860,$690,$0,$178,$1104,$446,$-106,$340,$125,$215,$215,$215,$764,$446,$94,95,$2.28,$2.25,$171,$77,$0,$1426,$6874,$0,$4205,$93,$11172,$12598,$1517,$7876,$55,$9584,$11101,$1,$919,$-218,$1497,$12598,$416,$934,$2,$936,$-72,$0,$195,$17,$205,$1557,$-1106,$0,$-86,$0,$0,$0,$0,$-1192,$360,$0,$360,$-666,$-666,$0,$-22,$-328,$13,$37,$0
13,2015-06-30,87.62,$15.23,5.75,$57.63,1.52,$17.27,5.07,$5.76,15.21,$1.44B,$1.58B,0.91,$7.82B,$1.45B,5.39,$5.85B,$2.54B,43.35%,$5.85B,$1.52B,26.03%,$5.85B,$1.52B,26.03%,$5.85B,$2.76B,47.23%,$5.85B,$0.95B,16.15%,$5.85B,$0.59B,10.03%,$0.59B,$1.45B,35.79%,$0.59B,$-2.80B,-21.74%,$0.59B,$12.61B,4.74%,$1.52B,$9.27B,16.61%,$1429,$811,$618,$0,$175,$1054,$375,$-226,$149,$63,$86,$86,$86,$684,$375,$97,98,$0.89,$0.88,$200,$81,$0,$1436,$6821,$0,$4253,$95,$11169,$12605,$1582,$7820,$55,$9571,$11153,$1,$704,$-146,$1452,$12605,$201,$616,$81,$697,$37,$-3,$401,$-3,$352,$1250,$-818,$0,$-58,$0,$0,$0,$0,$-876,$260,$0,$260,$-500,$-500,$0,$-78,$-318,$42,$25,$0
14,2015-03-31,91.16,$15.42,5.91,$56.26,1.62,$15.12,6.03,$5.78,15.77,$1.45B,$1.56B,0.93,$7.48B,$1.50B,5.01,$5.82B,$2.51B,43.08%,$5.82B,$1.47B,25.30%,$5.82B,$1.47B,25.30%,$5.82B,$2.71B,46.53%,$5.82B,$0.94B,16.11%,$5.82B,$0.60B,10.22%,$0.60B,$1.50B,34.41%,$0.60B,$-2.80B,-22.23%,$0.60B,$12.28B,4.82%,$1.47B,$8.98B,16.09%,$1315,$791,$524,$0,$181,$1015,$300,$-118,$182,$67,$115,$115,$115,$607,$300,$97,99,$1.19,$1.16,$257,$81,$0,$1452,$6416,$0,$4296,$118,$10830,$12282,$1555,$7482,$60,$9232,$10787,$1,$618,$-163,$1495,$12282,$115,$307,$-25,$282,$81,$-4,$184,$18,$278,$675,$-225,$0,$0,$0,$0,$0,$0,$-225,$32,$0,$32,$-343,$-343,$0,$-24,$-335,$99,$14,$0
15,2014-12-31,102.01,$18.37,5.55,$54.05,1.89,$13.19,7.73,$5.18,19.69,$1.30B,$1.48B,0.88,$7.34B,$1.80B,4.09,$5.69B,$2.43B,42.78%,$5.69B,$1.39B,24.47%,$5.69B,$1.39B,24.47%,$5.69B,$2.60B,45.77%,$5.69B,$0.85B,14.95%,$5.69B,$0.54B,9.50%,$0.54B,$1.80B,29.81%,$0.54B,$-2.58B,-21.61%,$0.54B,$12.13B,4.47%,$1.39B,$9.14B,15.36%,$1564,$857,$707,$0,$209,$1138,$426,$-115,$311,$117,$194,$194,$194,$741,$426,$97,105,$1.98,$1.85,$158,$78,$0,$1298,$6446,$0,$4378,$7,$10831,$12129,$1478,$7344,$65,$8853,$10331,$1,$503,$-74,$1798,$12129,$540,$1211,$185,$1396,$-101,$11,$-23,$-52,$-135,$1801,$-1244,$0,$-756,$0,$0,$0,$0,$-2000,$787,$0,$787,$-611,$-611,$0,$20,$196,$-17,$74,$0
16,2014-09-30,111.1,$18.18,6.11,$51.74,2.15,$11.49,9.67,$4.61,24.1,$1.38B,$1.70B,0.81,$7.48B,$1.82B,4.12,$5.46B,$2.29B,41.99%,$5.46B,$1.31B,23.94%,$5.46B,$1.31B,23.94%,$5.46B,$2.49B,45.65%,$5.46B,$0.77B,14.01%,$5.46B,$0.49B,8.90%,$0.49B,$1.82B,26.65%,$0.49B,$-2.62B,-20.38%,$0.49B,$12.48B,4.10%,$1.31B,$9.29B,14.72%,$1544,$856,$688,$0,$194,$1122,$422,$-119,$303,$111,$192,$192,$192,$732,$422,$98,104,$1.95,$1.84,$168,$112,$0,$1378,$6569,$0,$4435,$101,$11105,$12483,$1695,$7477,$83,$8972,$10667,$1,$309,$-35,$1816,$12483,$346,$896,$105,$1001,$-99,$-23,$197,$10,$119,$1466,$-1154,$0,$-752,$0,$0,$0,$0,$-1906,$829,$0,$829,$-397,$-397,$0,$9,$441,$-7,$48,$0
17,2014-06-30,104.73,$18.80,5.57,$49.33,2.12,$7.69,13.61,$4.12,25.42,$1.40B,$1.75B,0.8,$7.39B,$1.81B,4.09,$5.23B,$2.17B,41.48%,$5.23B,$1.22B,23.38%,$5.23B,$1.22B,23.38%,$5.23B,$2.38B,45.54%,$5.23B,$0.68B,13.01%,$5.23B,$0.44B,8.36%,$0.44B,$1.81B,24.25%,$0.44B,$-2.70B,-18.97%,$0.44B,$12.47B,3.76%,$1.22B,$9.20B,14.01%,$1399,$810,$589,$0,$187,$1074,$325,$-183,$142,$48,$94,$94,$94,$629,$325,$97,106,$0.98,$0.90,$170,$119,$0,$1396,$6452,$0,$4511,$108,$11071,$12467,$1746,$7394,$80,$8914,$10660,$1,$117,$16,$1807,$12467,$154,$586,$65,$651,$8,$-31,$315,$-5,$249,$1054,$-814,$0,$-756,$0,$0,$0,$0,$-1570,$754,$0,$754,$-245,$-245,$0,$3,$512,$-5,$31,$0
18,2014-03-31,94.94,$18.70,5.08,$47.38,2.0,$6.14,15.46,$4.00,23.74,$1.40B,$1.10B,1.27,$6.77B,$1.82B,3.71,$5.03B,$2.05B,40.73%,$5.03B,$1.15B,22.79%,$5.03B,$1.15B,22.79%,$5.03B,$2.28B,45.22%,$5.03B,$0.67B,13.29%,$5.03B,$0.43B,8.46%,$0.43B,$1.82B,24.31%,$0.43B,$-2.09B,-19.02%,$0.43B,$11.25B,3.76%,$1.15B,$8.60B,13.48%,$1178,$730,$448,$0,$168,$960,$218,$-124,$94,$34,$60,$60,$60,$500,$218,$95,106,$0.63,$0.56,$227,$102,$0,$1400,$5814,$0,$3916,$117,$9847,$11247,$1101,$6774,$67,$8322,$9423,$1,$23,$-20,$1824,$11247,$60,$282,$1,$283,$47,$-32,$163,$-4,$165,$508,$-230,$0,$-1,$0,$0,$0,$0,$-231,$-145,$0,$-145,$-60,$-60,$0,$-13,$-218,$52,$12,$0
19,2013-12-31,77.95,$19.81,3.94,$46.65,1.67,$5.73,13.61,$3.63,21.47,$1.36B,$1.29B,1.06,$6.57B,$1.85B,3.56,$4.96B,$1.99B,40.10%,$4.96B,$1.08B,21.76%,$4.96B,$1.08B,21.76%,$4.96B,$2.20B,44.34%,$4.96B,$0.61B,12.21%,$4.96B,$0.39B,7.81%,$0.39B,$1.85B,22.83%,$0.39B,$-2.12B,-16.49%,$0.39B,$11.23B,3.44%,$1.08B,$8.42B,12.82%,$1338,$771,$567,$0,$163,$996,$342,$-116,$226,$86,$140,$140,$140,$631,$342,$93,106,$1.50,$1.32,$175,$70,$0,$1362,$5795,$0,$3971,$103,$9869,$11231,$1286,$6569,$69,$8097,$9383,$1,$-37,$19,$1848,$11231,$387,$1119,$56,$1175,$-20,$-2,$9,$60,$-11,$1551,$-1168,$0,$-9,$0,$0,$0,$0,$-1177,$-160,$0,$-160,$-109,$-109,$0,$-26,$-295,$69,$46,$0
20,2013-09-30,58.29,$18.55,3.14,$47.23,1.23,$-0.17,0.0,$2.72,21.43,$1.41B,$1.42B,1.0,$6.95B,$1.73B,4.02,$4.87B,$1.92B,39.35%,$4.87B,$0.97B,19.98%,$4.87B,$0.97B,19.98%,$4.87B,$2.08B,42.75%,$4.87B,$0.42B,8.59%,$4.87B,$0.29B,5.92%,$0.29B,$1.73B,17.70%,$0.29B,$-2.30B,-11.68%,$0.29B,$11.56B,2.57%,$0.97B,$8.68B,11.60%,$1311,$747,$564,$0,$167,$974,$337,$-119,$218,$75,$143,$143,$143,$620,$337,$93,106,$1.53,$1.35,$125,$91,$0,$1414,$6019,$0,$4025,$105,$10149,$11563,$1418,$6952,$69,$8416,$9834,$1,$-177,$53,$1729,$11563,$247,$830,$28,$858,$-17,$-22,$82,$-7,$10,$1115,$-1199,$0,$-9,$0,$0,$0,$0,$-1208,$250,$0,$250,$-94,$-94,$0,$-40,$116,$19,$34,$0
21,2013-06-30,49.91,$17.22,2.9,$46.39,1.08,$-3.23,0.0,$2.07,24.11,$1.36B,$1.59B,0.86,$6.73B,$1.61B,4.18,$4.77B,$1.86B,38.88%,$4.77B,$0.86B,17.95%,$4.77B,$0.86B,17.95%,$4.77B,$1.96B,41.10%,$4.77B,$0.29B,6.16%,$4.77B,$0.22B,4.57%,$0.22B,$1.61B,13.83%,$0.22B,$-2.45B,-8.50%,$0.22B,$11.33B,1.97%,$0.86B,$8.34B,10.34%,$1206,$735,$471,$0,$152,$956,$250,$-119,$131,$48,$83,$83,$83,$525,$250,$94,107,$0.89,$0.78,$133,$111,$0,$1363,$5797,$0,$4057,$109,$9963,$11326,$1592,$6732,$65,$8125,$9717,$1,$-320,$32,$1609,$11326,$104,$547,$-6,$541,$34,$-43,$323,$6,$233,$878,$-801,$0,$0,$0,$0,$0,$0,$-801,$32,$0,$32,$-79,$-79,$0,$4,$-43,$27,$19,$0
22,2013-03-31,54.97,$16.93,3.25,$47.02,1.17,$-8.61,0.0,$0.66,83.29,$1.31B,$1.37B,0.96,$6.60B,$1.60B,4.14,$4.56B,$1.76B,38.57%,$4.56B,$0.65B,14.32%,$4.56B,$0.65B,14.32%,$4.56B,$1.71B,37.51%,$4.56B,$0.10B,2.17%,$4.56B,$0.08B,1.82%,$0.08B,$1.60B,5.42%,$0.08B,$-2.52B,-3.11%,$0.08B,$10.92B,0.76%,$0.65B,$8.19B,7.88%,$1100,$715,$385,$0,$160,$951,$149,$-119,$30,$9,$21,$21,$21,$421,$149,$93,106,$0.22,$0.19,$147,$103,$0,$1311,$5383,$0,$4114,$113,$9610,$10921,$1369,$6597,$67,$7957,$9326,$1,$-403,$64,$1595,$10921,$21,$272,$-16,$256,$65,$-34,$121,$30,$132,$409,$-175,$0,$0,$0,$0,$0,$0,$-175,$-164,$0,$-164,$-27,$-27,$0,$0,$-191,$41,$9,$0
23,2012-12-31,45.52,$16.93,2.69,$45.28,1.01,$-11.97,0.0,$0.64,71.13,$1.34B,$1.35B,0.99,$6.73B,$1.57B,4.28,$4.12B,$1.59B,38.55%,$4.12B,$0.59B,14.36%,$4.12B,$0.59B,14.36%,$4.12B,$1.51B,36.70%,$4.12B,$0.09B,2.14%,$4.12B,$0.08B,1.82%,$0.08B,$1.57B,6.44%,$0.08B,$-2.60B,-3.56%,$0.08B,$11.03B,0.75%,$0.59B,$8.31B,7.69%,$1249,$754,$495,$0,$176,$1013,$236,$-197,$39,$-2,$41,$41,$41,$514,$236,$83,95,$0.55,$0.55,$106,$68,$0,$1343,$5394,$0,$4170,$119,$9683,$11026,$1351,$6734,$65,$8101,$9452,$1,$-424,$84,$1574,$11026,$75,$920,$163,$1083,$-86,$-2,$-223,$-18,$-437,$721,$-939,$0,$-1165,$0,$0,$0,$0,$-2104,$1643,$0,$1643,$-110,$-110,$0,$-80,$1453,$70,$32,$0
24,2012-09-30,32.71,$16.50,1.98,$42.28,0.77,$-9.36,0.0,$0.63,51.92,$1.11B,$1.51B,0.73,$6.78B,$1.53B,4.44,$3.61B,$1.37B,37.83%,$3.61B,$0.47B,13.00%,$3.61B,$0.47B,13.00%,$3.61B,$1.25B,34.48%,$3.61B,$0.11B,2.91%,$3.61B,$0.06B,1.74%,$0.06B,$1.53B,7.90%,$0.06B,$-2.70B,-4.13%,$0.06B,$10.99B,0.76%,$0.47B,$8.31B,7.47%,$1219,$714,$505,$0,$164,$997,$222,$-128,$94,$21,$73,$73,$73,$502,$222,$93,105,$0.78,$0.70,$68,$89,$0,$1111,$5529,$0,$4228,$124,$9881,$10992,$1514,$6779,$65,$7950,$9464,$1,$-465,$94,$1528,$10992,$34,$642,$124,$766,$-94,$-22,$-102,$-17,$-305,$495,$-901,$0,$-1165,$0,$0,$0,$0,$-2066,$1784,$0,$1784,$-111,$-111,$0,$-71,$1602,$32,$23,$0
25,2012-06-30,34.04,$15.43,2.21,$40.43,0.84,$-6.54,0.0,$0.84,40.52,$1.02B,$1.42B,0.72,$6.92B,$1.43B,4.84,$3.11B,$1.14B,36.55%,$3.11B,$0.40B,13.00%,$3.11B,$0.40B,13.00%,$3.11B,$1.03B,33.11%,$3.11B,$0.11B,3.44%,$3.11B,$0.06B,1.77%,$0.06B,$1.43B,12.83%,$0.06B,$-2.85B,-5.97%,$0.06B,$10.94B,0.83%,$0.40B,$8.35B,8.27%,$993,$619,$374,$0,$146,$947,$46,$-110,$-64,$-12,$-52,$-52,$-52,$274,$46,$83,83,$-0.63,$-0.63,$41,$102,$0,$1019,$5514,$0,$4281,$128,$9923,$10942,$1421,$6923,$62,$8091,$9512,$1,$-538,$73,$1430,$10942,$-39,$362,$76,$438,$3,$-39,$96,$-16,$-57,$342,$-729,$0,$-1165,$0,$0,$0,$0,$-1894,$1729,$0,$1729,$-104,$-104,$0,$-68,$1557,$5,$13,$0
26,2012-03-31,42.89,$1.99,21.54,$36.99,1.16,$-2.54,0.0,$1.84,23.31,$0.66B,$1.05B,0.63,$5.65B,$0.13B,44.45,$2.74B,$0.97B,35.46%,$2.74B,$0.45B,16.51%,$2.74B,$0.45B,16.51%,$2.74B,$0.97B,35.46%,$2.74B,$0.21B,7.65%,$2.74B,$0.13B,4.88%,$0.13B,$0.13B,173.46%,$0.13B,$-0.29B,-47.52%,$0.13B,$7.30B,2.76%,$0.45B,$5.77B,13.09%,$656,$443,$213,$0,$102,$569,$87,$-68,$19,$6,$13,$13,$13,$221,$87,$63,76,$0.21,$0.17,$26,$85,$0,$656,$3245,$0,$414,$2982,$6641,$7297,$1046,$5645,$60,$6124,$7170,$1,$-486,$85,$127,$7297,$13,$134,$-15,$119,$50,$-41,$172,$-14,$122,$254,$-343,$0,$-57,$0,$0,$0,$0,$-400,$2966,$0,$2966,$-3,$-3,$0,$-2828,$135,$-10,$4,$0
27,2011-12-31,29.55,$1.64,18.04,$36.98,0.8,$-0.22,0.0,$1.33,22.22,$0.72B,$0.86B,0.84,$2.65B,$0.10B,25.7,$2.61B,$0.90B,34.39%,$2.61B,$0.40B,15.17%,$2.61B,$0.40B,15.17%,$2.61B,$0.90B,34.39%,$2.61B,$0.16B,6.28%,$2.61B,$0.10B,3.87%,$0.10B,$0.10B,264.05%,$0.10B,$-0.27B,-36.86%,$0.10B,$4.14B,2.56%,$0.40B,$2.75B,14.79%,$746,$471,$275,$0,$109,$631,$115,$-59,$56,$28,$28,$28,$29,$249,$115,$62,73,$0.48,$0.44,$36,$44,$0,$723,$2983,$0,$372,$65,$3420,$4143,$864,$2647,$59,$3176,$4040,$1,$-499,$75,$103,$4143,$101,$502,$26,$528,$-62,$-3,$68,$-15,$-17,$612,$-589,$0,$-276,$0,$0,$0,$0,$-865,$79,$0,$79,$28,$28,$0,$-27,$80,$-167,$12,$0
28,2011-09-30,16.84,$0.88,19.18,$36.69,0.46,$3.25,5.18,$0.59,28.54,$0.66B,$0.88B,0.75,$2.62B,$0.06B,47.56,$2.46B,$0.80B,32.41%,$2.46B,$0.33B,13.32%,$2.46B,$0.33B,13.32%,$2.46B,$0.82B,33.27%,$2.46B,$0.07B,2.76%,$2.46B,$0.05B,2.07%,$0.05B,$0.06B,680.00%,$0.05B,$-0.28B,-18.99%,$0.05B,$4.01B,1.33%,$0.33B,$2.67B,12.33%,$713,$439,$274,$0,$103,$557,$156,$-60,$96,$31,$65,$65,$65,$285,$156,$63,73,$1.04,$0.91,$26,$56,$0,$658,$2958,$0,$332,$57,$3347,$4005,$879,$2616,$58,$3071,$3950,$1,$-528,$63,$55,$4005,$72,$368,$-13,$355,$-60,$-17,$101,$-11,$26,$453,$-529,$0,$-198,$0,$0,$0,$0,$-727,$79,$0,$79,$24,$13,$0,$0,$92,$-177,$9,$0
29,2011-06-30,25.4,$0.38,66.27,$35.79,0.71,$6.42,3.96,$0.01,2540.0,$0.67B,$0.84B,0.8,$2.63B,$0.02B,109.54,$2.35B,$0.73B,31.14%,$2.35B,$0.27B,11.26%,$2.35B,$0.27B,11.26%,$2.35B,$0.75B,31.65%,$2.35B,$0.01B,0.42%,$2.35B,$0.01B,0.38%,$0.01B,$0.02B,-90.00%,$0.01B,$-0.30B,-3.46%,$0.01B,$3.95B,0.24%,$0.27B,$2.65B,9.84%,$629,$418,$211,$0,$100,$534,$95,$-56,$39,$11,$28,$28,$27,$218,$95,$62,74,$0.44,$0.37,$58,$70,$0,$674,$2900,$0,$319,$59,$3278,$3952,$840,$2629,$60,$3088,$3928,$1,$-593,$100,$24,$3952,$7,$239,$-22,$217,$-15,$-30,$147,$-15,$72,$296,$-344,$0,$-143,$0,$0,$0,$0,$-487,$25,$0,$25,$23,$23,$0,$-9,$39,$-145,$6,$0
30,2011-03-31,33.28,$-0.47,-70.33,$35.53,0.94,$8.66,3.84,$-0.18,0.0,$0.73B,$0.61B,1.2,$2.66B,$-0.03B,-91.86,$2.28B,$0.69B,30.37%,$2.28B,$0.23B,10.04%,$2.28B,$0.23B,10.04%,$2.28B,$0.70B,30.76%,$2.28B,$-0.03B,-1.14%,$2.28B,$-0.01B,-0.26%,$-0.01B,$-0.03B,21.05%,$-0.01B,$-0.26B,2.35%,$-0.01B,$3.69B,-0.16%,$0.23B,$2.64B,8.50%,$523,$385,$138,$0,$95,$493,$30,$-57,$-27,$-7,$-20,$-20,$-20,$146,$30,$61,61,$-0.34,$-0.34,$205,$63,$0,$733,$2669,$0,$226,$64,$2959,$3692,$610,$2664,$62,$3111,$3721,$1,$-620,$99,$-29,$3692,$-20,$116,$-19,$97,$36,$-24,$90,$-6,$77,$154,$-84,$0,$0,$0,$0,$0,$0,$-84,$-70,$0,$-70,$-3,$-3,$0,$0,$-73,$2,$2,$0
31,2010-12-31,22.75,$-0.33,-68.96,$34.87,0.65,$9.17,2.48,$-0.51,0.0,$0.73B,$0.57B,1.27,$2.70B,$-0.02B,-135.0,$2.24B,$0.66B,29.41%,$2.24B,$0.20B,8.81%,$2.24B,$0.20B,8.81%,$2.24B,$0.67B,29.91%,$2.24B,$-0.06B,-2.82%,$2.24B,$-0.03B,-1.16%,$-0.03B,$-0.02B,78.20%,$-0.03B,$-0.25B,9.96%,$-0.03B,$3.69B,-0.71%,$0.20B,$2.68B,7.30%,$597,$422,$175,$0,$96,$550,$47,$-87,$-40,$-23,$-17,$-17,$-21,$170,$47,$60,60,$-0.34,$-0.28,$203,$39,$0,$725,$2673,$0,$227,$68,$2968,$3693,$569,$2700,$59,$3144,$3713,$1,$-600,$87,$-20,$3693,$-26,$472,$-29,$443,$-38,$5,$4,$61,$35,$452,$-223,$0,$0,$0,$0,$0,$0,$-223,$-183,$0,$-183,$0,$0,$0,$-20,$-203,$34,$8,$0
32,2010-09-30,14.84,$-0.25,-59.89,$34.26,0.43,$11.53,1.29,$-0.59,0.0,$0.71B,$0.52B,1.36,$2.82B,$-0.02B,-187.73,$2.20B,$0.63B,28.58%,$2.20B,$0.17B,7.92%,$2.20B,$0.17B,7.92%,$2.20B,$0.64B,29.27%,$2.20B,$-0.07B,-3.28%,$2.20B,$-0.03B,-1.41%,$-0.03B,$-0.02B,93.94%,$-0.03B,$-0.24B,11.84%,$-0.03B,$3.74B,-0.84%,$0.17B,$2.80B,6.30%,$605,$396,$209,$0,$95,$512,$93,$-55,$38,$15,$23,$23,$23,$211,$93,$61,69,$0.37,$0.33,$170,$48,$0,$712,$2744,$0,$227,$61,$3032,$3744,$524,$2816,$35,$3235,$3759,$1,$-579,$73,$-15,$3744,$-5,$349,$-38,$311,$-62,$-4,$39,$62,$37,$343,$-197,$0,$0,$0,$0,$0,$0,$-197,$-144,$0,$-144,$-1,$-1,$0,$-2,$-147,$1,$6,$0
33,2010-06-30,9.32,$-0.83,-11.28,$35.18,0.26,$14.73,0.63,$-0.92,0.0,$0.53B,$0.51B,1.05,$2.71B,$-0.05B,-54.22,$2.18B,$0.60B,27.43%,$2.18B,$0.15B,6.78%,$2.18B,$0.15B,6.78%,$2.18B,$0.62B,28.25%,$2.18B,$-0.11B,-4.85%,$2.18B,$-0.05B,-2.47%,$-0.05B,$-0.05B,160.00%,$-0.05B,$-0.28B,20.47%,$-0.05B,$3.57B,-1.45%,$0.15B,$2.66B,5.23%,$557,$386,$171,$0,$90,$498,$59,$-56,$3,$-9,$12,$12,$12,$175,$59,$60,68,$0.20,$0.18,$30,$60,$0,$531,$2751,$0,$227,$65,$3043,$3574,$507,$2711,$37,$3117,$3624,$1,$-602,$62,$-50,$3574,$-28,$231,$-49,$182,$-7,$-16,$61,$55,$65,$219,$-111,$0,$0,$0,$0,$0,$0,$-111,$-242,$0,$-242,$-1,$-1,$0,$-1,$-244,$-139,$4,$0
34,2010-03-31,9.38,$-0.79,-11.81,$37.18,0.25,$16.46,0.57,$-1.38,0.0,$0.51B,$0.48B,1.06,$2.71B,$-0.05B,-56.38,$2.24B,$0.57B,25.38%,$2.24B,$0.09B,4.19%,$2.24B,$0.09B,4.19%,$2.24B,$0.58B,25.69%,$2.24B,$-0.14B,-6.16%,$2.24B,$-0.08B,-3.70%,$-0.08B,$-0.05B,253.44%,$-0.08B,$-0.28B,31.50%,$-0.08B,$3.58B,-2.18%,$0.09B,$2.66B,3.19%,$478,$375,$103,$0,$86,$480,$-2,$-62,$-64,$-24,$-40,$-40,$-40,$113,$-2,$60,60,$-0.67,$-0.67,$20,$46,$0,$511,$2775,$0,$230,$68,$3073,$3584,$481,$2706,$40,$3151,$3632,$1,$-614,$78,$-48,$3584,$-40,$115,$-25,$90,$17,$-2,$10,$37,$68,$118,$-18,$0,$0,$0,$0,$0,$0,$-18,$-252,$0,$-252,$-1,$-1,$0,$-1,$-254,$-149,$1,$0
35,2009-12-31,9.81,$-0.32,-31.06,$39.15,0.25,$16.97,0.58,$-1.03,0.0,$0.71B,$0.46B,1.53,$2.95B,$-0.02B,-155.26,$2.36B,$0.61B,25.87%,$2.36B,$0.11B,4.83%,$2.36B,$0.11B,4.83%,$2.36B,$0.61B,25.66%,$2.36B,$-0.11B,-4.54%,$2.36B,$-0.06B,-2.63%,$-0.06B,$-0.02B,178.42%,$-0.06B,$-0.25B,23.37%,$-0.06B,$3.86B,-1.58%,$0.11B,$2.93B,3.71%,$557,$412,$145,$0,$100,$533,$24,$-73,$-49,$-25,$-24,$-24,$-26,$144,$24,$60,60,$-0.42,$-0.42,$169,$44,$0,$705,$2848,$0,$231,$75,$3154,$3859,$461,$2950,$43,$3417,$3878,$1,$-574,$67,$-19,$3859,$-62,$491,$17,$508,$128,$16,$-32,$-36,$-8,$438,$-69,$0,$-25,$0,$0,$0,$0,$-94,$-206,$0,$-206,$-1,$-1,$0,$-61,$-268,$92,$8,$0
36,2009-09-30,10.3,$-0.30,-34.41,$40.46,0.25,$15.31,0.67,$-14.85,0.0,$0.68B,$0.37B,1.85,$3.09B,$-0.02B,-171.83,$2.59B,$0.71B,27.47%,$2.59B,$-0.96B,-36.96%,$2.59B,$-0.96B,-36.96%,$2.59B,$0.70B,27.01%,$2.59B,$-1.12B,-43.33%,$2.59B,$-0.89B,-34.38%,$-0.89B,$-0.02B,2391.95%,$-0.89B,$-0.25B,333.40%,$-0.89B,$3.90B,-22.30%,$-0.96B,$3.08B,-30.26%,$592,$412,$180,$0,$99,$525,$67,$-63,$4,$4,$0,$0,$0,$185,$67,$60,61,$0.00,$0.00,$149,$52,$0,$679,$2921,$0,$232,$63,$3216,$3895,$367,$3093,$39,$3546,$3913,$1,$-548,$60,$-18,$3895,$-36,$371,$-4,$367,$94,$7,$-17,$13,$22,$353,$-29,$0,$-26,$0,$0,$0,$0,$-55,$-224,$0,$-224,$0,$0,$0,$-16,$-240,$72,$6,$0
37,2009-06-30,6.49,$-0.77,-8.48,$42.00,0.15,$11.75,0.55,$-13.87,0.0,$0.67B,$0.35B,1.91,$3.17B,$-0.05B,-68.83,$2.87B,$0.87B,30.21%,$2.87B,$-0.84B,-29.13%,$2.87B,$-0.84B,-29.13%,$2.87B,$0.84B,29.10%,$2.87B,$-1.01B,-35.15%,$2.87B,$-0.82B,-28.37%,$-0.82B,$-0.05B,-438.17%,$-0.82B,$-0.28B,243.83%,$-0.82B,$3.92B,-18.42%,$-0.84B,$3.12B,-23.84%,$615,$474,$141,$0,$101,$610,$5,$-34,$-29,$-12,$-17,$-17,$-17,$134,$5,$60,60,$-0.28,$-0.28,$125,$55,$0,$665,$2956,$0,$230,$67,$3253,$3918,$349,$3166,$42,$3615,$3964,$1,$-548,$33,$-46,$3918,$-36,$253,$-8,$245,$83,$4,$-14,$9,$-4,$205,$-5,$0,$-1,$0,$0,$0,$0,$-6,$-141,$0,$-141,$0,$0,$0,$-15,$-156,$48,$4,$0
38,2009-03-31,4.21,$-0.93,-4.52,$41.39,0.1,$9.77,0.43,$-15.92,0.0,$0.62B,$0.36B,1.75,$3.22B,$-0.06B,-57.52,$3.09B,$1.01B,32.79%,$3.09B,$-0.71B,-23.11%,$3.09B,$-0.71B,-23.11%,$3.09B,$0.96B,31.11%,$3.09B,$-0.91B,-29.30%,$3.09B,$-1.00B,-32.37%,$-1.00B,$-0.06B,-181.49%,$-1.00B,$-0.29B,383.88%,$-1.00B,$3.98B,-20.63%,$-0.71B,$3.17B,-18.64%,$594,$450,$144,$0,$108,$576,$18,$-51,$-33,$-14,$-19,$-19,$-19,$142,$18,$60,60,$-0.32,$-0.32,$96,$59,$0,$622,$3064,$0,$229,$62,$3355,$3977,$356,$3221,$46,$3677,$4033,$1,$-531,$7,$-56,$3977,$-19,$124,$-10,$114,$93,$0,$-3,$7,$29,$124,$6,$0,$-2,$0,$0,$0,$0,$4,$-106,$0,$-106,$0,$0,$0,$-1,$-107,$19,$2,$0
39,2008-12-31,9.12,$-0.48,-18.84,$38.46,0.24,$8.90,1.02,$-15.26,0.0,$0.70B,$0.43B,1.65,$3.33B,$-0.03B,-114.9,$3.27B,$1.12B,34.22%,$3.27B,$-0.63B,-19.28%,$3.27B,$-0.63B,-19.28%,$3.27B,$1.05B,32.02%,$3.27B,$-0.81B,-24.89%,$3.27B,$-0.94B,-28.86%,$-0.94B,$-0.03B,-87.68%,$-0.94B,$-0.26B,3398.20%,$-0.94B,$4.19B,-17.72%,$-0.63B,$3.30B,-15.04%,$791,$544,$247,$0,$120,$1839,$-1048,$-17,$-1065,$-212,$-853,$-853,$-855,$239,$-1048,$75,75,$-11.77,$-11.61,$77,$59,$0,$703,$3193,$0,$229,$66,$3488,$4191,$427,$3332,$47,$3793,$4220,$1,$-512,$16,$-29,$4191,$-704,$1676,$-212,$1464,$51,$31,$-34,$30,$4,$764,$-429,$0,$-17,$0,$0,$0,$0,$-446,$279,$0,$279,$-602,$-859,$0,$-32,$-612,$-304,$6,$0
40,2008-09-30,15.24,$14.61,1.04,$36.01,0.42,$6.35,2.4,$0.34,44.82,$0.78B,$0.47B,1.67,$3.58B,$0.88B,4.09,$3.40B,$1.21B,35.64%,$3.40B,$0.59B,17.32%,$3.40B,$0.59B,17.32%,$3.40B,$1.11B,32.70%,$3.40B,$0.49B,14.47%,$3.40B,$0.07B,2.00%,$0.07B,$0.88B,4.28%,$0.07B,$-0.52B,35.74%,$0.07B,$5.61B,1.19%,$0.59B,$4.45B,12.97%,$873,$537,$336,$0,$132,$685,$188,$-71,$117,$43,$74,$74,$76,$321,$188,$67,77,$1.11,$0.98,$66,$78,$0,$781,$3367,$0,$1393,$71,$4831,$5612,$468,$3579,$59,$4269,$4737,$1,$341,$68,$875,$5612,$149,$389,$45,$434,$8,$12,$18,$16,$-12,$571,$-434,$0,$-17,$0,$0,$0,$0,$-451,$459,$0,$459,$-603,$-860,$0,$-30,$-431,$-315,$4,$0
41,2008-06-30,19.61,$16.36,1.2,$33.32,0.59,$3.62,5.41,$0.34,57.68,$0.77B,$0.59B,1.31,$2.98B,$1.41B,2.11,$3.52B,$1.26B,35.67%,$3.52B,$0.62B,17.54%,$3.52B,$0.62B,17.54%,$3.52B,$1.13B,32.21%,$3.52B,$0.55B,15.55%,$3.52B,$0.11B,2.98%,$0.11B,$1.41B,5.72%,$0.11B,$0.02B,24.18%,$0.11B,$5.61B,1.82%,$0.62B,$4.40B,13.51%,$831,$545,$286,$0,$128,$703,$128,$-52,$76,$39,$37,$37,$-202,$259,$128,$86,86,$-2.33,$-2.33,$80,$94,$0,$768,$3370,$0,$1395,$76,$4841,$5609,$585,$2983,$65,$3610,$4195,$1,$267,$84,$1414,$5609,$75,$256,$22,$278,$39,$-3,$117,$-12,$94,$447,$-330,$0,$0,$0,$0,$0,$0,$-330,$-133,$0,$-133,$0,$-254,$0,$-30,$-417,$-301,$2,$0
42,2008-03-31,18.84,$23.64,0.8,$32.07,0.59,$0.91,20.64,$3.27,5.76,$1.19B,$0.65B,1.84,$2.56B,$2.04B,1.25,$3.65B,$1.30B,35.65%,$3.65B,$0.66B,18.11%,$3.65B,$0.66B,18.11%,$3.65B,$1.17B,32.04%,$3.65B,$0.59B,16.09%,$3.65B,$0.38B,10.30%,$0.38B,$2.04B,19.72%,$0.38B,$0.65B,74.35%,$0.38B,$5.87B,6.51%,$0.66B,$4.60B,14.51%,$772,$523,$249,$0,$129,$670,$102,$-43,$59,$21,$38,$38,$38,$227,$102,$103,111,$0.37,$0.34,$515,$95,$0,$1190,$3236,$0,$1396,$50,$4682,$5872,$648,$2559,$64,$3182,$3830,$1,$469,$77,$2042,$5872,$38,$125,$3,$128,$65,$-4,$81,$2,$60,$226,$-83,$0,$0,$0,$0,$0,$0,$-83,$-7,$0,$-7,$0,$0,$0,$0,$-7,$134,$1,$0
43,2007-12-31,18.36,$23.38,0.79,$32.71,0.56,$-1.10,0.0,$3.21,5.72,$1.12B,$0.52B,2.15,$2.70B,$2.02B,1.34,$3.72B,$1.31B,35.26%,$3.72B,$0.66B,17.71%,$3.72B,$0.66B,17.71%,$3.72B,$1.16B,31.17%,$3.72B,$0.58B,15.56%,$3.72B,$0.37B,9.93%,$0.37B,$2.02B,20.60%,$0.37B,$0.61B,93.83%,$0.37B,$5.84B,6.52%,$0.66B,$4.72B,14.74%,$925,$584,$341,$0,$154,$754,$171,$69,$240,$87,$153,$153,$156,$305,$171,$100,114,$1.51,$1.39,$381,$91,$0,$1120,$3266,$0,$1404,$52,$4722,$5842,$520,$2701,$64,$3304,$3824,$1,$431,$92,$2018,$5842,$363,$500,$-19,$481,$-5,$51,$-30,$4,$24,$868,$-648,$0,$-23,$0,$0,$0,$67,$-604,$-71,$0,$-71,$27,$27,$0,$31,$-13,$262,$15,$0
44,2007-09-30,32.17,$21.60,1.49,$32.71,0.98,$-0.75,0.0,$2.35,13.69,$0.92B,$0.60B,1.53,$2.68B,$1.87B,1.44,$3.72B,$1.32B,35.50%,$3.72B,$0.66B,17.76%,$3.72B,$0.66B,17.76%,$3.72B,$1.14B,30.76%,$3.72B,$0.46B,12.35%,$3.72B,$0.27B,7.37%,$0.27B,$1.87B,16.39%,$0.27B,$0.46B,97.77%,$0.27B,$5.72B,4.95%,$0.66B,$4.55B,15.22%,$990,$611,$379,$0,$150,$774,$216,$-44,$172,$61,$111,$111,$113,$342,$216,$101,115,$1.10,$0.98,$112,$123,$0,$919,$3333,$0,$1407,$58,$4798,$5717,$599,$2681,$100,$3253,$3852,$1,$278,$107,$1865,$5717,$210,$366,$-13,$353,$-79,$16,$30,$1,$-70,$493,$-603,$0,$-23,$0,$0,$0,$67,$-559,$1,$0,$1,$18,$18,$0,$28,$47,$-7,$12,$0
45,2007-06-30,32.54,$19.72,1.65,$32.73,0.99,$0.47,69.9,$2.22,14.66,$0.93B,$0.73B,1.27,$2.66B,$1.70B,1.56,$3.71B,$1.31B,35.35%,$3.71B,$0.65B,17.50%,$3.71B,$0.65B,17.50%,$3.71B,$1.13B,30.52%,$3.71B,$0.43B,11.62%,$3.71B,$0.26B,6.96%,$0.26B,$1.70B,16.32%,$0.26B,$0.31B,129.97%,$0.26B,$5.67B,4.69%,$0.65B,$4.36B,15.30%,$962,$630,$332,$0,$147,$790,$172,$-56,$116,$49,$67,$67,$69,$295,$172,$99,115,$0.68,$0.60,$104,$162,$0,$928,$3281,$0,$1397,$62,$4740,$5668,$732,$2655,$130,$3234,$3966,$1,$166,$78,$1702,$5668,$99,$240,$-13,$227,$-50,$-23,$130,$-8,$3,$329,$-485,$0,$-21,$0,$0,$0,$69,$-437,$62,$0,$62,$16,$16,$0,$10,$88,$-15,$10,$0
46,2007-03-31,27.5,$19.43,1.42,$32.36,0.85,$0.86,32.07,$2.13,12.91,$0.89B,$0.63B,1.42,$2.66B,$1.58B,1.68,$3.67B,$1.30B,35.46%,$3.67B,$0.63B,17.18%,$3.67B,$0.63B,17.18%,$3.67B,$1.11B,30.36%,$3.67B,$0.42B,11.32%,$3.67B,$0.25B,6.68%,$0.25B,$1.58B,16.27%,$0.25B,$0.20B,188.82%,$0.25B,$5.41B,4.47%,$0.63B,$4.24B,14.73%,$838,$580,$258,$0,$147,$739,$99,$-49,$50,$18,$32,$32,$31,$216,$99,$98,110,$0.31,$0.28,$104,$169,$0,$894,$3069,$0,$1385,$62,$4516,$5410,$629,$2655,$106,$3200,$3829,$1,$99,$51,$1581,$5410,$32,$117,$-9,$108,$3,$-30,$126,$-16,$-7,$133,$-212,$0,$-21,$0,$0,$0,$69,$-164,$9,$0,$9,$3,$3,$0,$2,$14,$-15,$4,$0
47,2006-12-31,25.43,$18.95,1.34,$32.15,0.79,$2.03,12.54,$2.04,12.47,$1.01B,$0.60B,1.68,$2.67B,$1.54B,1.73,$3.63B,$1.29B,35.62%,$3.63B,$0.63B,17.23%,$3.63B,$0.63B,17.23%,$3.63B,$1.10B,30.38%,$3.63B,$0.41B,11.17%,$3.63B,$0.23B,6.45%,$0.23B,$1.54B,16.44%,$0.23B,$0.16B,437.38%,$0.23B,$5.37B,4.24%,$0.63B,$4.20B,14.52%,$926,$576,$350,$0,$164,$753,$173,$-52,$121,$44,$77,$77,$61,$290,$173,$97,114,$0.55,$0.51,$119,$139,$0,$1005,$2920,$0,$1376,$65,$4361,$5366,$599,$2665,$101,$3229,$3828,$1,$69,$47,$1538,$5366,$249,$477,$75,$552,$10,$16,$9,$5,$57,$858,$-599,$0,$-39,$0,$0,$0,$-10,$-648,$-481,$0,$-481,$74,$74,$0,$3,$-404,$-197,$16,$0
