,Date,Stock Price,Book Value per Share,Price to Book Ratio,TTM Sales per Share,Price to Sales Ratio,TTM FCF per Share,Price to FCF Ratio,TTM Net EPS,PE Ratio,Current Assets,Current Liabilities,Current Ratio,Long Term Debt,Shareholder's Equity_x,Debt to Equity Ratio,TTM Revenue_x,TTM Gross Profit,Gross Margin,TTM Revenue_y,TTM Operating Income,Operating Margin,TTM Revenue_x,TTM EBIT,EBIT Margin,TTM Revenue_y,TTM EBITDA,EBITDA Margin,TTM Revenue_x,TTM Pre-Tax Income,Pre-Tax Margin,TTM Revenue_y,TTM Net Income_x,Net Margin,TTM Net Income_y,Shareholder's Equity_y,Return on Equity,TTM Net Income_x,Tangible Equity,Return on Tangible Equity,TTM Net Income_y,Total Assets,Return on Assets,TTM Net Income,LT Investments & Debt,Return on Investment,revenue,cost-goods-sold,gross-profit,research-development-expenses,selling-general-administrative-expenses,operating-expenses,operating-income,total-non-operating-income-expense,pre-tax-income,total-provision-income-taxes,income-after-taxes,income-from-continuous-operations,net-income,ebitda,ebit,basic-shares-outstanding,shares-outstanding,eps-basic-net-earnings-per-share,eps-earnings-per-share-diluted,cash-on-hand,inventory,other-current-assets,total-current-assets,net-property-plant-equipment,long-term-investments,goodwill-intangible-assets-total,other-long-term-assets,total-long-term-assets,total-assets,total-current-liabilities,long-term-debt,other-non-current-liabilities,total-long-term-liabilities,total-liabilities,common-stock-net,retained-earnings-accumulated-deficit,comprehensive-income,total-share-holder-equity,total-liabilities-share-holders-equity,net-income-loss,total-depreciation-amortization-cash-flow,other-non-cash-items,total-non-cash-items,change-in-accounts-receivable,change-in-inventories,change-in-accounts-payable,change-in-assets-liabilities,total-change-in-assets-liabilities,cash-flow-from-operating-activities,net-change-in-property-plant-equipment,net-change-in-intangible-assets,net-acquisitions-divestitures,net-change-in-short-term-investments,net-change-in-long-term-investments,net-change-in-investments-total,investing-activities-other,cash-flow-from-investing-activities,net-long-term-debt,net-current-debt,debt-issuance-retirement-net-total,net-common-equity-issued-repurchased,net-total-equity-issued-repurchased,total-common-preferred-stock-dividends-paid,financial-activities-other,cash-flow-from-financial-activities,net-cash-flow,stock-based-compensation,common-stock-dividends-paid
0,2018-09-30,25.51,$27.06,0.94,$31.22,0.82,$-5.10,0.0,$2.28,11.19,$0.17B,$0.04B,4.07,$0.06B,$0.24B,0.25,$0.25B,$0.04B,14.86%,$0.25B,$0.02B,6.43%,$0.25B,$0.02B,6.43%,$0.25B,$0.04B,14.46%,$0.25B,$0.01B,4.82%,$0.25B,$0.02B,7.23%,$0.02B,$0.24B,8.44%,$0.02B,$0.24B,8.44%,$0.02B,$0.35B,5.30%,$0.02B,$0.30B,5.66%,$69,$59,$10,$0,$5,$64,$5,$-1,$4,$0,$4,$4,$4,$10,$5,$9,9,$0.45,$0.44,$0,$123,$3,$170,$174,$0,$0,$7,$181,$351,$42,$59,$3,$73,$115,$0,$146,$0,$236,$351,$10,$14,$3,$18,$-19,$-8,$-4,$1,$-27,$1,$-13,$0,$0,$0,$0,$0,$0,$-13,$-12,$-5,$-16,$1,$1,$0,$34,$18,$6,$1,$0
1,2018-06-30,23.67,$26.62,0.89,$30.54,0.77,$-4.23,0.0,$1.80,13.15,$0.17B,$0.05B,3.33,$0.05B,$0.23B,0.22,$0.23B,$0.03B,13.85%,$0.23B,$0.01B,5.19%,$0.23B,$0.01B,5.19%,$0.23B,$0.03B,13.85%,$0.23B,$0.01B,3.46%,$0.23B,$0.01B,6.06%,$0.01B,$0.23B,7.00%,$0.01B,$0.23B,7.00%,$0.01B,$0.35B,4.24%,$0.01B,$0.28B,4.40%,$66,$54,$12,$0,$6,$60,$6,$-1,$5,$1,$4,$4,$4,$11,$6,$8,8,$0.52,$0.50,$0,$126,$4,$166,$173,$0,$0,$7,$180,$346,$50,$50,$3,$65,$114,$0,$142,$0,$231,$346,$6,$10,$3,$12,$-11,$-10,$1,$0,$-18,$0,$-7,$0,$0,$0,$0,$0,$0,$-7,$-4,$-18,$-22,$0,$0,$0,$34,$13,$6,$1,$0
2,2018-03-31,27.5,$26.73,1.03,$29.51,0.93,$-4.07,0.0,$1.47,18.71,$0.16B,$0.04B,3.97,$0.09B,$0.19B,0.48,$0.22B,$0.03B,12.39%,$0.22B,$0.01B,4.13%,$0.22B,$0.01B,4.13%,$0.22B,$0.03B,12.84%,$0.22B,$0.01B,2.29%,$0.22B,$0.01B,5.05%,$0.01B,$0.19B,5.85%,$0.01B,$0.19B,5.85%,$0.01B,$0.34B,3.42%,$0.01B,$0.29B,3.38%,$64,$54,$9,$0,$5,$60,$4,$-1,$3,$1,$2,$2,$2,$9,$4,$7,7,$0.29,$0.28,$0,$120,$4,$158,$174,$0,$0,$9,$183,$341,$40,$93,$3,$107,$146,$0,$138,$-0,$194,$341,$2,$5,$1,$6,$-9,$-4,$-8,$0,$-20,$-12,$-2,$0,$0,$0,$0,$0,$0,$-2,$-1,$22,$20,$0,$0,$0,$3,$23,$8,$0,$0
3,2017-12-31,21.42,$26.41,0.81,$27.78,0.77,$-2.29,0.0,$1.02,21.0,$0.15B,$0.05B,3.25,$0.08B,$0.19B,0.39,$0.20B,$0.02B,10.84%,$0.20B,$0.01B,2.46%,$0.20B,$0.01B,2.46%,$0.20B,$0.02B,11.33%,$0.20B,$0.00B,0.49%,$0.20B,$0.01B,3.94%,$0.01B,$0.19B,4.33%,$0.01B,$0.19B,4.33%,$0.01B,$0.32B,2.56%,$0.01B,$0.27B,1.94%,$50,$44,$6,$0,$5,$49,$1,$-1,$-0,$-8,$8,$8,$8,$6,$1,$7,7,$1.09,$1.07,$0,$117,$4,$146,$174,$0,$0,$1,$175,$321,$45,$75,$0,$85,$130,$0,$136,$-0,$192,$321,$8,$19,$-6,$13,$-6,$-27,$14,$-1,$-19,$1,$-8,$0,$0,$0,$0,$0,$0,$-8,$-5,$11,$6,$1,$1,$0,$0,$7,$0,$2,$0
4,2017-09-30,20.85,$25.34,0.82,$25.71,0.81,$-0.58,0.0,$-0.26,0.0,$0.14B,$0.04B,3.41,$0.07B,$0.18B,0.4,$0.19B,$0.02B,10.16%,$0.19B,$0.00B,1.60%,$0.19B,$0.00B,1.60%,$0.19B,$0.02B,10.70%,$0.19B,$-0.00B,-0.53%,$0.19B,$-0.00B,-1.07%,$-0.00B,$0.18B,-1.10%,$-0.00B,$0.18B,-1.10%,$-0.00B,$0.31B,-0.65%,$0.00B,$0.26B,1.19%,$51,$45,$5,$0,$4,$50,$1,$-1,$-0,$0,$-0,$-0,$-0,$6,$1,$7,7,$-0.04,$-0.04,$0,$107,$4,$138,$175,$0,$0,$0,$175,$313,$40,$72,$0,$89,$130,$0,$128,$-0,$183,$313,$-0,$14,$2,$16,$-7,$-17,$11,$-0,$-15,$1,$-5,$0,$0,$0,$0,$0,$0,$-5,$-4,$8,$4,$0,$0,$0,$0,$4,$0,$1,$0
5,2017-06-30,19.5,$24.34,0.8,$24.17,0.81,$0.91,21.36,$-0.29,0.0,$0.13B,$0.04B,3.5,$0.07B,$0.18B,0.4,$0.18B,$0.02B,10.80%,$0.18B,$0.00B,1.14%,$0.18B,$0.00B,1.14%,$0.18B,$0.02B,10.80%,$0.18B,$-0.00B,-1.14%,$0.18B,$-0.00B,-1.70%,$-0.00B,$0.18B,-1.65%,$-0.00B,$0.18B,-1.65%,$-0.00B,$0.31B,-0.99%,$0.00B,$0.26B,0.80%,$53,$45,$7,$0,$4,$50,$3,$-1,$2,$0,$1,$1,$1,$7,$3,$7,7,$0.17,$0.17,$0,$100,$4,$134,$177,$0,$0,$0,$177,$311,$38,$73,$0,$90,$128,$0,$128,$-0,$183,$311,$0,$9,$1,$10,$-10,$-10,$9,$-1,$-12,$-2,$-3,$0,$0,$0,$0,$0,$0,$-3,$-3,$7,$5,$0,$0,$0,$0,$5,$0,$1,$0
6,2017-03-31,17.0,$25.12,0.68,$22.72,0.75,$2.47,6.9,$-0.57,0.0,$0.13B,$0.04B,3.35,$0.07B,$0.18B,0.39,$0.16B,$0.02B,9.76%,$0.16B,$-0.00B,-0.61%,$0.16B,$-0.00B,-0.61%,$0.16B,$0.02B,9.76%,$0.16B,$-0.01B,-3.05%,$0.16B,$-0.01B,-3.05%,$-0.01B,$0.18B,-2.75%,$-0.01B,$0.18B,-2.75%,$-0.01B,$0.31B,-1.68%,$-0.00B,$0.25B,-0.40%,$49,$45,$4,$0,$5,$49,$-0,$-1,$-1,$-0,$-1,$-1,$-1,$4,$-0,$7,7,$-0.17,$-0.17,$0,$95,$4,$125,$180,$0,$0,$0,$180,$305,$37,$70,$0,$86,$124,$0,$127,$-0,$181,$305,$-1,$5,$0,$5,$-7,$-4,$9,$-1,$-4,$0,$-1,$0,$0,$0,$0,$0,$0,$-1,$-2,$3,$2,$0,$0,$0,$0,$2,$0,$1,$0
7,2016-12-31,13.51,$25.12,0.54,$21.48,0.63,$2.98,4.53,$-0.74,0.0,$0.11B,$0.03B,3.89,$0.07B,$0.18B,0.38,$0.16B,$0.01B,8.39%,$0.16B,$-0.00B,-1.94%,$0.16B,$-0.00B,-1.94%,$0.16B,$0.01B,9.03%,$0.16B,$-0.01B,-5.16%,$0.16B,$-0.01B,-3.87%,$-0.01B,$0.18B,-3.29%,$-0.01B,$0.18B,-3.29%,$-0.01B,$0.30B,-2.02%,$-0.00B,$0.25B,-1.19%,$34,$31,$3,$0,$5,$36,$-1,$-1,$-2,$-1,$-2,$-2,$-2,$3,$-1,$7,7,$-0.22,$-0.22,$0,$91,$3,$114,$182,$0,$0,$0,$182,$296,$29,$68,$0,$86,$115,$0,$127,$0,$181,$296,$-5,$19,$-2,$17,$-2,$-9,$7,$-0,$-3,$8,$-3,$0,$0,$0,$0,$0,$0,$-3,$13,$-18,$-6,$1,$1,$0,$-1,$-6,$-0,$1,$0
8,2016-09-30,10.5,$25.36,0.41,$21.21,0.49,$3.56,2.95,$-1.00,0.0,$0.11B,$0.03B,3.99,$0.07B,$0.18B,0.37,$0.15B,$0.01B,5.88%,$0.15B,$-0.01B,-4.58%,$0.15B,$-0.01B,-4.58%,$0.15B,$0.01B,6.54%,$0.15B,$-0.01B,-7.84%,$0.15B,$-0.01B,-4.58%,$-0.01B,$0.18B,-3.81%,$-0.01B,$0.18B,-3.81%,$-0.01B,$0.30B,-2.36%,$-0.01B,$0.25B,-2.76%,$40,$35,$5,$0,$5,$39,$0,$-1,$-1,$-0,$-1,$-1,$-1,$5,$0,$7,7,$-0.07,$-0.07,$0,$86,$2,$110,$185,$0,$0,$0,$185,$295,$28,$67,$0,$85,$113,$0,$129,$0,$183,$295,$-4,$14,$-1,$13,$-4,$-3,$6,$1,$-0,$9,$-2,$0,$0,$0,$0,$0,$0,$-2,$14,$-20,$-7,$1,$1,$0,$-1,$-7,$0,$1,$0
9,2016-06-30,10.9,$25.42,0.43,$21.85,0.5,$3.18,3.42,$-3.34,0.0,$0.11B,$0.03B,3.91,$0.07B,$0.18B,0.37,$0.16B,$0.00B,2.56%,$0.16B,$-0.03B,-21.15%,$0.16B,$-0.03B,-21.15%,$0.16B,$0.00B,2.56%,$0.16B,$-0.04B,-24.36%,$0.16B,$-0.02B,-14.74%,$-0.02B,$0.18B,-12.45%,$-0.02B,$0.18B,-12.45%,$-0.02B,$0.30B,-7.61%,$-0.03B,$0.25B,-12.79%,$41,$37,$4,$0,$5,$41,$-0,$-1,$-1,$-0,$-1,$-1,$-1,$4,$-0,$7,7,$-0.11,$-0.11,$0,$85,$3,$107,$188,$0,$0,$0,$188,$296,$27,$67,$0,$85,$113,$0,$129,$0,$183,$296,$-3,$9,$-1,$8,$-2,$-2,$6,$0,$2,$7,$-0,$0,$0,$0,$0,$0,$0,$-0,$15,$-21,$-6,$1,$1,$0,$-1,$-7,$-0,$1,$0
10,2016-03-31,10.19,$25.49,0.4,$23.17,0.44,$1.43,7.15,$-3.28,0.0,$0.11B,$0.03B,4.33,$0.07B,$0.18B,0.39,$0.17B,$0.01B,3.03%,$0.17B,$-0.03B,-20.00%,$0.17B,$-0.03B,-20.00%,$0.17B,$0.01B,3.03%,$0.17B,$-0.04B,-23.03%,$0.17B,$-0.02B,-13.33%,$-0.02B,$0.18B,-11.56%,$-0.02B,$0.18B,-11.89%,$-0.02B,$0.30B,-6.91%,$-0.03B,$0.26B,-12.27%,$40,$38,$1,$0,$4,$42,$-2,$-2,$-4,$-2,$-2,$-2,$-2,$2,$-2,$7,7,$-0.34,$-0.34,$1,$82,$3,$108,$191,$0,$0,$0,$191,$299,$25,$72,$0,$91,$116,$0,$130,$0,$183,$299,$-2,$5,$-1,$3,$-4,$1,$5,$-0,$1,$2,$1,$0,$0,$0,$0,$0,$0,$1,$16,$-17,$-1,$1,$1,$0,$-1,$-1,$1,$0,$0
11,2015-12-31,9.29,$26.01,0.36,$25.53,0.36,$0.39,23.71,$-2.92,0.0,$0.10B,$0.02B,5.54,$0.07B,$0.19B,0.39,$0.18B,$0.01B,5.52%,$0.18B,$-0.03B,-16.57%,$0.18B,$-0.03B,-16.57%,$0.18B,$0.01B,4.97%,$0.18B,$-0.03B,-18.78%,$0.18B,$-0.02B,-11.05%,$-0.02B,$0.19B,-10.23%,$-0.02B,$0.19B,-10.80%,$-0.02B,$0.30B,-5.97%,$-0.03B,$0.26B,-10.78%,$32,$33,$-1,$0,$5,$37,$-5,$-0,$-6,$-2,$-3,$-3,$-3,$-1,$-5,$7,7,$-0.48,$-0.48,$0,$83,$3,$104,$194,$0,$0,$0,$194,$297,$19,$73,$0,$94,$112,$0,$132,$0,$185,$297,$-21,$39,$-10,$29,$11,$16,$-13,$-0,$11,$19,$-10,$0,$0,$0,$0,$0,$0,$-9,$-3,$-7,$-10,$0,$0,$0,$-1,$-10,$-0,$2,$0
12,2015-09-30,10.58,$26.50,0.4,$28.49,0.37,$-0.73,0.0,$-2.20,0.0,$0.12B,$0.02B,5.6,$0.08B,$0.19B,0.42,$0.20B,$0.02B,9.90%,$0.20B,$-0.02B,-10.89%,$0.20B,$-0.02B,-10.89%,$0.20B,$0.02B,8.91%,$0.20B,$-0.03B,-12.87%,$0.20B,$-0.02B,-7.43%,$-0.02B,$0.19B,-7.49%,$-0.02B,$0.19B,-8.12%,$-0.02B,$0.32B,-4.29%,$-0.02B,$0.27B,-7.70%,$43,$44,$-0,$0,$5,$69,$-26,$-1,$-27,$-10,$-17,$-17,$-17,$-1,$-26,$7,7,$-2.41,$-2.41,$0,$88,$3,$120,$196,$0,$0,$1,$197,$317,$21,$80,$0,$108,$129,$0,$136,$0,$188,$317,$-17,$34,$-8,$26,$6,$11,$-11,$0,$4,$13,$-8,$0,$0,$0,$0,$0,$0,$-8,$-2,$-2,$-4,$0,$0,$0,$0,$-4,$0,$1,$0
13,2015-06-30,19.65,$28.83,0.68,$29.47,0.67,$-1.55,0.0,$0.41,47.93,$0.14B,$0.03B,5.41,$0.09B,$0.21B,0.44,$0.21B,$0.03B,13.62%,$0.21B,$0.01B,3.29%,$0.21B,$0.01B,3.29%,$0.21B,$0.03B,12.21%,$0.21B,$0.00B,1.41%,$0.21B,$0.00B,1.41%,$0.00B,$0.21B,1.47%,$0.00B,$0.18B,1.64%,$0.00B,$0.36B,0.83%,$0.01B,$0.29B,2.41%,$50,$44,$5,$0,$5,$49,$0,$-1,$-1,$-0,$-0,$-0,$-0,$5,$0,$7,7,$-0.05,$-0.05,$0,$99,$4,$141,$198,$0,$20,$1,$220,$360,$26,$90,$0,$129,$155,$0,$153,$0,$205,$360,$-0,$9,$1,$10,$-1,$1,$-6,$-1,$-10,$-0,$-6,$0,$0,$0,$0,$0,$0,$-6,$-2,$7,$6,$0,$0,$0,$0,$6,$0,$1,$0
14,2015-03-31,26.22,$28.84,0.91,$29.80,0.88,$-1.14,0.0,$0.66,39.73,$0.15B,$0.03B,4.7,$0.09B,$0.20B,0.43,$0.22B,$0.03B,14.88%,$0.22B,$0.01B,4.65%,$0.22B,$0.01B,4.65%,$0.22B,$0.03B,13.49%,$0.22B,$0.01B,2.79%,$0.22B,$0.00B,1.86%,$0.00B,$0.20B,1.98%,$0.00B,$0.18B,2.20%,$0.00B,$0.37B,1.11%,$0.01B,$0.29B,3.45%,$56,$50,$6,$0,$5,$55,$1,$-1,$0,$0,$0,$0,$0,$6,$1,$7,7,$0.02,$0.02,$0,$98,$4,$146,$199,$0,$20,$2,$221,$366,$31,$89,$0,$131,$162,$0,$153,$0,$204,$366,$0,$5,$1,$5,$-4,$2,$-2,$-1,$-7,$-2,$-3,$0,$0,$0,$0,$0,$0,$-3,$-1,$6,$5,$0,$0,$0,$0,$5,$0,$1,$0
15,2014-12-31,25.15,$28.77,0.87,$28.56,0.88,$-0.30,0.0,$0.57,44.12,$0.13B,$0.04B,3.81,$0.08B,$0.20B,0.41,$0.21B,$0.03B,15.53%,$0.21B,$0.01B,4.85%,$0.21B,$0.01B,4.85%,$0.21B,$0.03B,14.08%,$0.21B,$0.01B,3.40%,$0.21B,$0.00B,1.94%,$0.00B,$0.20B,2.00%,$0.00B,$0.18B,2.22%,$0.00B,$0.36B,1.11%,$0.01B,$0.29B,3.49%,$53,$44,$9,$0,$6,$50,$3,$-1,$2,$1,$2,$2,$2,$8,$3,$7,7,$0.24,$0.24,$0,$101,$3,$133,$200,$0,$20,$2,$222,$355,$35,$84,$0,$116,$151,$0,$153,$0,$204,$355,$4,$17,$5,$22,$-8,$-20,$11,$0,$-14,$13,$-11,$0,$0,$0,$0,$0,$0,$-11,$-3,$0,$-3,$1,$1,$0,$0,$-2,$-0,$2,$0
16,2014-09-30,26.36,$28.46,0.93,$26.92,0.98,$1.92,13.73,$-0.08,0.0,$0.14B,$0.03B,4.51,$0.09B,$0.20B,0.44,$0.19B,$0.02B,12.44%,$0.19B,$0.00B,2.07%,$0.19B,$0.00B,2.07%,$0.19B,$0.02B,11.92%,$0.19B,$0.00B,1.04%,$0.19B,$-0.00B,-0.52%,$-0.00B,$0.20B,-0.50%,$-0.00B,$0.18B,-0.56%,$-0.00B,$0.36B,-0.28%,$0.00B,$0.29B,1.40%,$54,$45,$9,$0,$6,$51,$3,$-1,$2,$1,$1,$1,$1,$7,$3,$7,8,$0.20,$0.20,$1,$94,$3,$138,$198,$0,$20,$2,$221,$359,$31,$88,$0,$127,$158,$0,$151,$0,$201,$359,$2,$13,$4,$17,$-12,$-12,$7,$0,$-15,$4,$-6,$0,$0,$0,$0,$0,$0,$-6,$-2,$4,$1,$1,$1,$0,$0,$2,$0,$2,$0
17,2014-06-30,32.48,$28.19,1.15,$26.77,1.21,$3.83,8.48,$-0.53,0.0,$0.14B,$0.04B,4.03,$0.09B,$0.20B,0.45,$0.19B,$0.02B,9.09%,$0.19B,$-0.00B,-0.53%,$0.19B,$-0.00B,-0.53%,$0.19B,$0.02B,9.63%,$0.19B,$-0.00B,-1.07%,$0.19B,$-0.00B,-2.14%,$-0.00B,$0.20B,-2.02%,$-0.00B,$0.18B,-2.25%,$-0.00B,$0.36B,-1.13%,$-0.00B,$0.29B,-0.35%,$52,$44,$8,$0,$5,$49,$3,$-1,$2,$1,$1,$1,$1,$8,$3,$7,7,$0.21,$0.20,$0,$96,$4,$141,$200,$0,$20,$2,$222,$363,$35,$89,$1,$129,$164,$0,$150,$0,$199,$363,$1,$9,$2,$11,$-10,$-14,$12,$-0,$-12,$0,$-3,$0,$0,$0,$0,$0,$0,$-3,$-2,$4,$2,$1,$1,$0,$0,$3,$-0,$1,$0
18,2014-03-31,33.77,$27.92,1.21,$25.14,1.34,$4.74,7.12,$-0.67,0.0,$0.14B,$0.04B,3.9,$0.09B,$0.20B,0.43,$0.18B,$0.01B,7.87%,$0.18B,$-0.00B,-2.25%,$0.18B,$-0.00B,-2.25%,$0.18B,$0.01B,7.87%,$0.18B,$-0.00B,-2.25%,$0.18B,$-0.01B,-2.81%,$-0.01B,$0.20B,-2.53%,$-0.01B,$0.18B,-2.81%,$-0.01B,$0.36B,-1.41%,$-0.00B,$0.28B,-1.38%,$47,$41,$6,$0,$5,$45,$1,$-1,$1,$1,$-0,$-0,$-0,$6,$1,$7,7,$-0.07,$-0.07,$0,$91,$5,$136,$201,$0,$20,$3,$224,$360,$35,$85,$1,$128,$163,$0,$149,$0,$197,$360,$-0,$4,$1,$5,$-7,$-9,$12,$-1,$-3,$2,$-1,$0,$0,$0,$0,$0,$0,$-1,$-1,$-1,$-2,$1,$1,$0,$0,$-1,$-0,$1,$0
19,2013-12-31,36.06,$28.00,1.29,$25.44,1.42,$4.90,7.36,$-0.59,0.0,$0.12B,$0.02B,5.58,$0.09B,$0.20B,0.44,$0.18B,$0.01B,7.22%,$0.18B,$-0.01B,-2.78%,$0.18B,$-0.01B,-2.78%,$0.18B,$0.01B,6.67%,$0.18B,$-0.01B,-2.78%,$0.18B,$-0.01B,-2.78%,$-0.01B,$0.20B,-2.52%,$-0.01B,$0.18B,-2.80%,$-0.01B,$0.35B,-1.39%,$-0.01B,$0.28B,-1.70%,$40,$39,$1,$0,$4,$43,$-3,$-1,$-3,$-0,$-3,$-3,$-3,$2,$-3,$7,7,$-0.41,$-0.40,$0,$83,$4,$121,$204,$0,$20,$3,$227,$348,$22,$87,$0,$130,$151,$0,$149,$0,$196,$348,$-4,$16,$-1,$15,$3,$12,$4,$-0,$18,$29,$-12,$0,$0,$0,$0,$0,$0,$-12,$-2,$-15,$-17,$1,$1,$0,$-1,$-17,$-0,$2,$0
20,2013-09-30,32.19,$28.47,1.13,$25.97,1.24,$0.69,46.92,$-0.02,0.0,$0.12B,$0.02B,5.47,$0.09B,$0.20B,0.46,$0.19B,$0.02B,9.63%,$0.19B,0,0.00%,$0.19B,0,0.00%,$0.19B,$0.02B,8.56%,$0.19B,$-0.00B,-0.53%,$0.19B,$-0.00B,-0.53%,$-0.00B,$0.20B,-0.50%,$-0.00B,$0.18B,-0.56%,$-0.00B,$0.35B,-0.27%,$0.00B,$0.29B,0.00%,$48,$46,$2,$0,$4,$50,$-2,$-0,$-2,$-1,$-2,$-2,$-2,$2,$-2,$7,7,$-0.25,$-0.25,$0,$83,$1,$123,$206,$0,$20,$2,$228,$351,$22,$92,$0,$129,$152,$0,$152,$0,$199,$351,$-1,$12,$-1,$11,$-5,$12,$1,$4,$12,$22,$-10,$0,$0,$0,$0,$0,$0,$-10,$-1,$-11,$-12,$1,$1,$0,$-0,$-12,$-0,$1,$0
21,2013-06-30,29.48,$28.68,1.03,$27.26,1.08,$-3.60,0.0,$0.61,48.33,$0.14B,$0.02B,6.11,$0.10B,$0.20B,0.5,$0.20B,$0.03B,12.50%,$0.20B,$0.01B,3.50%,$0.20B,$0.01B,3.50%,$0.20B,$0.02B,11.00%,$0.20B,$0.01B,2.50%,$0.20B,$0.00B,2.00%,$0.00B,$0.20B,2.02%,$0.00B,$0.18B,2.25%,$0.00B,$0.36B,1.07%,$0.01B,$0.30B,2.30%,$43,$38,$5,$0,$5,$42,$0,$-1,$-0,$-1,$0,$0,$0,$4,$0,$7,7,$0.07,$0.06,$1,$95,$4,$136,$206,$0,$20,$3,$229,$364,$22,$100,$0,$142,$164,$0,$154,$0,$200,$364,$1,$8,$0,$8,$0,$-0,$3,$-1,$2,$11,$-7,$0,$0,$0,$0,$0,$0,$-7,$0,$-3,$-3,$1,$1,$0,$-0,$-3,$0,$1,$0
22,2013-03-31,36.35,$28.56,1.27,$30.63,1.19,$-6.83,0.0,$1.17,31.07,$0.15B,$0.03B,5.21,$0.10B,$0.20B,0.52,$0.23B,$0.03B,14.22%,$0.23B,$0.01B,6.22%,$0.23B,$0.01B,6.22%,$0.23B,$0.03B,12.89%,$0.23B,$0.01B,5.33%,$0.23B,$0.01B,4.00%,$0.01B,$0.20B,4.58%,$0.01B,$0.18B,5.11%,$0.01B,$0.37B,2.35%,$0.01B,$0.30B,4.59%,$49,$44,$5,$0,$4,$49,$0,$-1,$-0,$-1,$0,$0,$0,$4,$0,$7,7,$0.01,$0.01,$0,$98,$3,$145,$206,$0,$20,$3,$229,$374,$28,$102,$0,$147,$175,$0,$153,$0,$199,$374,$0,$4,$-0,$4,$-5,$-3,$10,$-0,$1,$6,$-4,$0,$0,$0,$0,$0,$0,$-4,$0,$-2,$-2,$0,$0,$0,$-0,$-2,$-0,$0,$0
23,2012-12-31,36.77,$28.42,1.29,$33.71,1.09,$-8.30,0.0,$2.02,18.2,$0.15B,$0.02B,8.38,$0.11B,$0.20B,0.53,$0.25B,$0.04B,16.33%,$0.25B,$0.02B,9.56%,$0.25B,$0.02B,9.56%,$0.25B,$0.04B,15.14%,$0.25B,$0.02B,8.37%,$0.25B,$0.02B,5.98%,$0.02B,$0.20B,7.75%,$0.02B,$0.18B,8.67%,$0.02B,$0.38B,3.90%,$0.02B,$0.30B,7.93%,$47,$41,$6,$0,$4,$45,$2,$-1,$1,$0,$1,$1,$1,$6,$2,$7,7,$0.15,$0.16,$0,$96,$3,$147,$206,$0,$20,$2,$229,$376,$18,$105,$0,$160,$178,$0,$153,$0,$198,$376,$15,$14,$14,$29,$10,$-12,$-19,$-0,$-21,$22,$-35,$0,$0,$0,$0,$0,$0,$-35,$-20,$32,$12,$1,$1,$0,$-0,$13,$0,$2,$0
24,2012-09-30,37.15,$28.44,1.31,$36.09,1.03,$-7.38,0.0,$2.45,15.16,$0.16B,$0.03B,6.03,$0.11B,$0.20B,0.58,$0.27B,$0.05B,17.67%,$0.27B,$0.03B,10.90%,$0.27B,$0.03B,10.90%,$0.27B,$0.04B,16.17%,$0.27B,$0.03B,9.77%,$0.27B,$0.02B,6.77%,$0.02B,$0.20B,9.52%,$0.02B,$0.18B,10.67%,$0.02B,$0.39B,4.72%,$0.03B,$0.31B,9.84%,$61,$52,$9,$0,$5,$57,$5,$-1,$4,$1,$3,$3,$3,$8,$5,$7,7,$0.40,$0.38,$0,$102,$2,$159,$205,$0,$20,$3,$228,$387,$26,$113,$0,$165,$191,$0,$152,$0,$196,$387,$14,$10,$13,$24,$1,$-18,$-15,$1,$-29,$8,$-28,$0,$0,$0,$0,$0,$0,$-28,$-20,$39,$19,$1,$1,$0,$-0,$19,$-0,$1,$0
25,2012-06-30,41.1,$28.02,1.47,$37.18,1.11,$-5.69,0.0,$2.62,15.69,$0.17B,$0.04B,4.86,$0.12B,$0.19B,0.6,$0.27B,$0.05B,18.75%,$0.27B,$0.03B,11.40%,$0.27B,$0.03B,11.40%,$0.27B,$0.04B,16.18%,$0.27B,$0.03B,10.66%,$0.27B,$0.02B,6.99%,$0.02B,$0.19B,10.34%,$0.02B,$0.17B,11.62%,$0.02B,$0.40B,5.15%,$0.03B,$0.31B,10.89%,$68,$56,$12,$0,$4,$61,$7,$-1,$7,$2,$5,$5,$5,$11,$7,$7,7,$0.66,$0.62,$0,$103,$2,$173,$197,$0,$20,$4,$222,$395,$36,$115,$0,$167,$203,$0,$149,$0,$193,$395,$11,$7,$11,$18,$-6,$-19,$-5,$1,$-33,$-4,$-16,$0,$0,$0,$0,$0,$0,$-16,$-20,$40,$20,$1,$1,$0,$-0,$20,$-0,$1,$0
26,2012-03-31,42.72,$27.31,1.56,$37.14,1.15,$-3.72,0.0,$2.79,15.31,$0.17B,$0.04B,4.01,$0.10B,$0.19B,0.56,$0.27B,$0.05B,19.10%,$0.27B,$0.03B,11.99%,$0.27B,$0.03B,11.99%,$0.27B,$0.04B,16.10%,$0.27B,$0.03B,11.61%,$0.27B,$0.02B,7.49%,$0.02B,$0.19B,11.22%,$0.02B,$0.17B,12.25%,$0.02B,$0.38B,6.13%,$0.03B,$0.29B,12.67%,$75,$60,$14,$0,$5,$65,$10,$-1,$9,$3,$6,$6,$6,$13,$10,$7,7,$0.92,$0.86,$0,$94,$2,$168,$190,$0,$20,$3,$213,$382,$42,$104,$0,$153,$195,$0,$145,$0,$187,$382,$6,$3,$3,$6,$-11,$-9,$-2,$3,$-16,$-4,$-5,$0,$0,$0,$0,$0,$0,$-5,$-20,$29,$9,$-0,$-0,$0,$-0,$9,$0,$0,$0
27,2011-12-31,37.36,$26.33,1.42,$35.71,1.05,$-3.12,0.0,$2.57,14.54,$0.16B,$0.04B,3.75,$0.09B,$0.18B,0.51,$0.25B,$0.05B,19.05%,$0.25B,$0.03B,11.51%,$0.25B,$0.03B,11.51%,$0.25B,$0.04B,15.08%,$0.25B,$0.03B,11.51%,$0.25B,$0.02B,7.14%,$0.02B,$0.18B,10.42%,$0.02B,$0.16B,11.06%,$0.02B,$0.36B,6.26%,$0.03B,$0.27B,13.02%,$62,$50,$12,$0,$5,$55,$7,$-1,$6,$2,$4,$4,$4,$11,$7,$7,7,$0.62,$0.58,$0,$85,$2,$155,$183,$0,$20,$3,$206,$362,$41,$92,$0,$140,$181,$0,$138,$0,$180,$362,$18,$9,$12,$20,$-5,$-17,$-0,$-3,$-28,$11,$-17,$0,$-91,$0,$0,$0,$0,$-108,$29,$35,$64,$1,$1,$0,$-1,$63,$-34,$2,$0
28,2011-09-30,25.42,$25.67,0.99,$34.51,0.74,$-3.16,0.0,$2.50,10.17,$0.14B,$0.03B,4.62,$0.09B,$0.18B,0.54,$0.24B,$0.05B,18.60%,$0.24B,$0.03B,11.16%,$0.24B,$0.03B,11.16%,$0.24B,$0.03B,14.05%,$0.24B,$0.03B,11.57%,$0.24B,$0.02B,7.44%,$0.02B,$0.18B,10.73%,$0.02B,$0.16B,11.06%,$0.02B,$0.34B,7.20%,$0.03B,$0.27B,13.72%,$67,$55,$13,$0,$5,$60,$7,$-1,$7,$3,$4,$4,$4,$9,$7,$7,7,$0.57,$0.55,$0,$79,$2,$142,$169,$0,$20,$4,$194,$336,$31,$94,$0,$130,$161,$0,$134,$0,$175,$336,$14,$5,$15,$19,$-10,$-10,$-7,$-0,$-35,$-2,$-5,$0,$-91,$0,$0,$0,$0,$-96,$29,$36,$65,$0,$0,$0,$-1,$64,$-34,$1,$0
29,2011-06-30,46.76,$25.02,1.87,$32.73,1.43,$-2.75,0.0,$2.55,18.34,$0.15B,$0.03B,4.71,$0.01B,$0.17B,0.04,$0.23B,$0.04B,18.50%,$0.23B,$0.03B,11.45%,$0.23B,$0.03B,11.45%,$0.23B,$0.03B,14.54%,$0.23B,$0.03B,11.89%,$0.23B,$0.02B,7.93%,$0.02B,$0.17B,11.06%,$0.02B,$0.17B,11.06%,$0.02B,$0.23B,8.27%,$0.03B,$0.18B,15.25%,$63,$51,$12,$0,$4,$55,$8,$0,$9,$3,$6,$6,$6,$10,$8,$7,7,$0.81,$0.79,$28,$83,$8,$152,$73,$0,$0,$1,$75,$226,$32,$7,$0,$23,$56,$0,$130,$-0,$171,$226,$10,$3,$1,$3,$-4,$-13,$2,$-0,$-15,$-2,$-4,$0,$0,$0,$0,$0,$0,$-4,$-1,$0,$-1,$0,$0,$0,$0,$-1,$-6,$1,$0
30,2011-03-31,33.73,$24.14,1.4,$31.16,1.08,$-3.00,0.0,$2.37,14.23,$0.15B,$0.04B,3.9,$0.01B,$0.17B,0.04,$0.22B,$0.04B,18.60%,$0.22B,$0.02B,11.16%,$0.22B,$0.02B,11.16%,$0.22B,$0.03B,14.42%,$0.22B,$0.02B,11.16%,$0.22B,$0.02B,7.44%,$0.02B,$0.17B,10.16%,$0.02B,$0.17B,10.16%,$0.02B,$0.23B,7.59%,$0.02B,$0.17B,14.46%,$60,$49,$11,$0,$4,$53,$7,$-0,$7,$2,$4,$4,$4,$8,$7,$7,7,$0.65,$0.64,$31,$80,$7,$154,$72,$0,$0,$1,$74,$227,$39,$7,$0,$23,$63,$0,$125,$-0,$165,$227,$4,$1,$-0,$1,$-7,$-10,$8,$-0,$-9,$-3,$-1,$0,$0,$0,$0,$0,$0,$-1,$-1,$0,$-1,$0,$0,$0,$0,$-1,$-5,$0,$0
31,2010-12-31,31.28,$23.44,1.33,$27.63,1.13,$-3.06,0.0,$1.94,16.12,$0.14B,$0.03B,4.82,$0.01B,$0.16B,0.05,$0.19B,$0.03B,17.89%,$0.19B,$0.02B,10.00%,$0.19B,$0.02B,10.00%,$0.19B,$0.03B,14.21%,$0.19B,$0.02B,10.00%,$0.19B,$0.01B,6.84%,$0.01B,$0.16B,8.51%,$0.01B,$0.16B,8.51%,$0.01B,$0.21B,6.40%,$0.02B,$0.17B,11.73%,$52,$43,$9,$0,$3,$46,$5,$-0,$5,$2,$4,$4,$4,$7,$5,$7,7,$0.53,$0.51,$34,$70,$1,$139,$72,$0,$0,$0,$72,$211,$29,$8,$0,$22,$51,$0,$120,$-0,$160,$211,$13,$5,$2,$8,$-12,$-28,$12,$0,$-20,$1,$-7,$0,$0,$0,$0,$0,$0,$-7,$-2,$0,$-2,$0,$0,$0,$1,$-1,$-7,$2,$0
32,2010-09-30,24.56,$22.87,1.07,$24.07,1.02,$0.08,300.24,$1.56,15.74,$0.13B,$0.03B,4.94,$0.01B,$0.16B,0.06,$0.17B,$0.03B,16.97%,$0.17B,$0.02B,9.09%,$0.17B,$0.02B,9.09%,$0.17B,$0.02B,13.33%,$0.17B,$0.02B,9.09%,$0.17B,$0.01B,6.06%,$0.01B,$0.16B,6.72%,$0.01B,$0.16B,6.72%,$0.01B,$0.21B,5.11%,$0.02B,$0.16B,9.45%,$52,$42,$10,$0,$4,$46,$6,$-0,$6,$2,$4,$4,$4,$8,$6,$7,7,$0.60,$0.60,$41,$58,$5,$134,$71,$0,$0,$1,$72,$207,$27,$9,$0,$24,$51,$0,$117,$-0,$155,$207,$10,$4,$2,$6,$-13,$-17,$7,$0,$-15,$2,$-5,$0,$0,$0,$0,$0,$0,$-5,$-2,$0,$-2,$-0,$-0,$0,$1,$-1,$-5,$1,$0
33,2010-06-30,15.99,$22.17,0.72,$20.21,0.79,$2.86,5.6,$1.01,15.83,$0.13B,$0.02B,5.32,$0.01B,$0.15B,0.06,$0.14B,$0.02B,15.22%,$0.14B,$0.01B,6.52%,$0.14B,$0.01B,6.52%,$0.14B,$0.02B,11.59%,$0.14B,$0.01B,7.25%,$0.14B,$0.01B,4.35%,$0.01B,$0.15B,4.12%,$0.01B,$0.15B,4.12%,$0.01B,$0.20B,3.17%,$0.01B,$0.16B,5.76%,$51,$42,$10,$0,$3,$45,$6,$-0,$6,$2,$4,$4,$4,$8,$6,$7,7,$0.61,$0.61,$35,$56,$5,$126,$70,$0,$0,$1,$72,$198,$24,$9,$0,$24,$48,$0,$113,$-0,$150,$198,$6,$3,$1,$3,$-13,$-14,$7,$-0,$-13,$-4,$-3,$0,$0,$0,$0,$0,$0,$-3,$-1,$0,$-1,$0,$0,$0,$1,$-0,$-7,$1,$0
34,2010-03-31,23.99,$21.53,1.11,$17.28,1.39,$5.01,4.79,$0.34,70.56,$0.13B,$0.03B,4.84,$0.01B,$0.15B,0.07,$0.12B,$0.01B,11.86%,$0.12B,$0.00B,3.39%,$0.12B,$0.00B,3.39%,$0.12B,$0.01B,8.47%,$0.12B,$0.01B,4.24%,$0.12B,$0.00B,1.69%,$0.00B,$0.15B,1.39%,$0.00B,$0.15B,1.39%,$0.00B,$0.20B,1.09%,$0.00B,$0.16B,2.58%,$35,$30,$5,$0,$3,$32,$2,$-0,$2,$1,$1,$1,$1,$4,$2,$7,7,$0.21,$0.21,$38,$54,$9,$125,$70,$0,$0,$1,$71,$196,$26,$10,$0,$25,$50,$0,$109,$-0,$146,$196,$1,$1,$0,$2,$-7,$-13,$11,$0,$-6,$-3,$-1,$0,$0,$0,$0,$0,$0,$-1,$-0,$0,$-0,$0,$0,$0,$0,$-0,$-5,$0,$0
35,2009-12-31,18.86,$21.29,0.89,$18.48,1.02,$5.50,3.43,$-0.44,0.0,$0.11B,$0.01B,8.82,$0.01B,$0.14B,0.08,$0.13B,$0.01B,5.60%,$0.13B,$-0.00B,-3.20%,$0.13B,$-0.00B,-3.20%,$0.13B,$0.00B,0.80%,$0.13B,$-0.00B,-2.40%,$0.13B,$-0.00B,-2.40%,$-0.00B,$0.14B,-2.10%,$-0.00B,$0.14B,-2.10%,$-0.00B,$0.18B,-1.66%,$-0.00B,$0.16B,-2.58%,$27,$23,$3,$0,$3,$26,$1,$1,$1,$0,$1,$1,$1,$2,$1,$7,7,$0.14,$0.14,$42,$41,$9,$110,$70,$0,$0,$2,$72,$182,$12,$11,$0,$25,$37,$0,$107,$-0,$144,$182,$-3,$5,$3,$8,$16,$22,$-13,$1,$22,$27,$-11,$0,$0,$0,$0,$0,$0,$-11,$12,$0,$12,$0,$0,$0,$0,$12,$27,$1,$0
36,2009-09-30,18.25,$21.11,0.86,$22.93,0.8,$3.70,4.94,$-0.40,0.0,$0.11B,$0.01B,8.94,$0.01B,$0.14B,0.08,$0.16B,$0.01B,4.52%,$0.16B,$-0.00B,-2.58%,$0.16B,$-0.00B,-2.58%,$0.16B,$0.00B,0.65%,$0.16B,$-0.00B,-1.94%,$0.16B,$-0.00B,-1.94%,$-0.00B,$0.14B,-2.09%,$-0.00B,$0.14B,-2.09%,$-0.00B,$0.18B,-1.66%,$-0.00B,$0.15B,-2.62%,$25,$23,$3,$0,$2,$25,$0,$0,$1,$0,$0,$0,$0,$2,$0,$7,7,$0.05,$0.05,$42,$43,$9,$109,$69,$0,$0,$1,$71,$180,$12,$12,$0,$25,$37,$0,$106,$-0,$143,$180,$-4,$4,$2,$5,$17,$21,$-13,$0,$24,$26,$-10,$0,$0,$0,$0,$0,$0,$-10,$12,$0,$12,$0,$0,$0,$0,$12,$27,$1,$0
37,2009-06-30,16.27,$21.02,0.77,$27.66,0.59,$1.78,9.15,$-0.05,0.0,$0.11B,$0.01B,9.26,$0.01B,$0.14B,0.09,$0.19B,$0.01B,5.85%,$0.19B,0,0.00%,$0.19B,0,0.00%,$0.19B,$0.00B,2.13%,$0.19B,0,0.00%,$0.19B,0,0.00%,$0.00B,$0.14B,0.00%,$0.00B,$0.14B,0.00%,$0.00B,$0.18B,0.00%,$0.00B,$0.16B,0.00%,$31,$28,$3,$0,$2,$30,$1,$0,$1,$1,$-0,$-0,$-0,$2,$1,$7,7,$-0.06,$-0.06,$34,$45,$10,$109,$68,$0,$0,$1,$69,$178,$12,$12,$0,$24,$36,$0,$106,$-0,$142,$178,$-4,$2,$0,$2,$13,$18,$-12,$-1,$17,$15,$-8,$0,$0,$0,$0,$0,$0,$-8,$12,$-0,$12,$0,$0,$0,$0,$12,$20,$0,$0
38,2009-03-31,9.67,$21.08,0.46,$32.41,0.3,$0.58,16.79,$0.78,12.4,$0.12B,$0.02B,7.03,$0.01B,$0.14B,0.09,$0.22B,$0.02B,8.18%,$0.22B,$0.01B,3.18%,$0.22B,$0.01B,3.18%,$0.22B,$0.01B,5.00%,$0.22B,$0.01B,3.18%,$0.22B,$0.01B,2.27%,$0.01B,$0.14B,3.49%,$0.01B,$0.14B,3.49%,$0.01B,$0.18B,2.72%,$0.01B,$0.16B,4.75%,$42,$44,$-2,$0,$5,$49,$-6,$0,$-6,$-3,$-4,$-4,$-4,$-5,$-6,$7,7,$-0.57,$-0.57,$26,$51,$6,$117,$65,$0,$0,$1,$67,$184,$17,$13,$0,$25,$42,$0,$106,$-0,$142,$184,$-4,$1,$-0,$1,$4,$12,$-7,$-2,$6,$3,$-4,$0,$0,$0,$0,$0,$0,$-4,$12,$0,$12,$0,$0,$0,$-0,$12,$11,$0,$0
39,2008-12-31,14.49,$21.64,0.67,$34.54,0.42,$0.31,46.28,$2.05,7.07,$0.12B,$0.03B,4.87,$0.00B,$0.15B,0.01,$0.24B,$0.03B,12.77%,$0.24B,$0.02B,8.51%,$0.24B,$0.02B,8.51%,$0.24B,$0.02B,10.21%,$0.24B,$0.02B,8.51%,$0.24B,$0.01B,5.96%,$0.01B,$0.15B,9.89%,$0.01B,$0.15B,9.89%,$0.01B,$0.18B,7.72%,$0.02B,$0.15B,14.04%,$57,$54,$3,$0,$3,$57,$1,$1,$1,$-0,$1,$1,$1,$2,$1,$7,7,$0.17,$0.18,$15,$63,$8,$119,$63,$0,$0,$1,$64,$183,$25,$1,$0,$13,$37,$0,$110,$0,$146,$183,$14,$4,$1,$5,$-6,$2,$5,$-2,$-3,$16,$-13,$0,$0,$0,$0,$0,$0,$-13,$-0,$0,$-0,$1,$1,$0,$1,$1,$4,$1,$0
40,2008-09-30,25.55,$21.43,1.19,$33.47,0.76,$3.50,7.29,$2.52,10.14,$0.12B,$0.03B,4.21,$0.00B,$0.14B,0.01,$0.23B,$0.04B,15.35%,$0.23B,$0.02B,10.53%,$0.23B,$0.02B,10.53%,$0.23B,$0.03B,12.28%,$0.23B,$0.03B,10.96%,$0.23B,$0.02B,7.46%,$0.02B,$0.14B,12.36%,$0.02B,$0.14B,12.36%,$0.02B,$0.19B,9.63%,$0.02B,$0.15B,17.33%,$58,$51,$7,$0,$3,$54,$4,$0,$4,$1,$3,$3,$3,$5,$4,$7,7,$0.41,$0.40,$14,$70,$3,$124,$61,$0,$0,$1,$61,$185,$29,$1,$0,$12,$41,$0,$109,$0,$144,$185,$13,$3,$0,$3,$-6,$-5,$8,$-0,$-4,$12,$-10,$0,$0,$0,$0,$0,$0,$-10,$-0,$-0,$-1,$1,$1,$0,$1,$1,$3,$1,$0
41,2008-06-30,37.04,$20.99,1.76,$34.17,1.08,$5.10,7.26,$2.93,12.64,$0.13B,$0.03B,4.05,$0.00B,$0.14B,0.01,$0.23B,$0.04B,16.81%,$0.23B,$0.03B,12.07%,$0.23B,$0.03B,12.07%,$0.23B,$0.03B,13.79%,$0.23B,$0.03B,12.50%,$0.23B,$0.02B,8.19%,$0.02B,$0.14B,14.31%,$0.02B,$0.14B,14.31%,$0.02B,$0.18B,11.01%,$0.03B,$0.14B,20.70%,$63,$53,$10,$0,$3,$56,$8,$0,$8,$3,$5,$5,$5,$9,$8,$7,7,$0.79,$0.77,$13,$72,$3,$126,$57,$0,$0,$1,$58,$184,$31,$1,$0,$12,$43,$0,$106,$0,$141,$184,$10,$2,$0,$2,$-7,$-7,$7,$0,$-7,$5,$-5,$0,$0,$0,$0,$0,$0,$-5,$-0,$2,$2,$1,$1,$0,$1,$3,$2,$0,$0
42,2008-03-31,29.71,$20.18,1.47,$34.02,0.87,$5.35,5.56,$3.03,9.81,$0.12B,$0.03B,4.34,$0.00B,$0.14B,0.01,$0.23B,$0.04B,18.18%,$0.23B,$0.03B,12.55%,$0.23B,$0.03B,12.55%,$0.23B,$0.03B,14.29%,$0.23B,$0.03B,12.99%,$0.23B,$0.02B,8.66%,$0.02B,$0.14B,15.72%,$0.02B,$0.14B,15.72%,$0.02B,$0.17B,11.83%,$0.03B,$0.14B,22.05%,$57,$47,$10,$0,$3,$50,$7,$0,$7,$2,$5,$5,$5,$8,$7,$7,7,$0.71,$0.70,$11,$66,$2,$116,$56,$0,$0,$1,$57,$173,$27,$1,$0,$11,$38,$0,$101,$0,$135,$173,$5,$1,$0,$1,$-7,$0,$1,$2,$-6,$0,$-3,$0,$0,$0,$0,$0,$0,$-3,$-0,$3,$3,$0,$0,$0,$0,$3,$0,$0,$0
43,2007-12-31,35.57,$19.25,1.85,$33.95,1.05,$5.96,5.97,$3.33,10.68,$0.11B,$0.02B,4.68,$0.00B,$0.13B,0.01,$0.23B,$0.05B,19.57%,$0.23B,$0.03B,14.35%,$0.23B,$0.03B,14.35%,$0.23B,$0.04B,16.09%,$0.23B,$0.03B,14.35%,$0.23B,$0.02B,9.57%,$0.02B,$0.13B,18.07%,$0.02B,$0.13B,18.07%,$0.02B,$0.16B,13.23%,$0.03B,$0.13B,25.63%,$50,$41,$8,$0,$3,$44,$5,$1,$6,$2,$4,$4,$4,$6,$5,$7,7,$0.66,$0.64,$11,$66,$6,$109,$54,$0,$0,$1,$55,$164,$23,$1,$0,$11,$35,$0,$96,$0,$130,$164,$23,$4,$-0,$3,$6,$0,$1,$1,$8,$34,$-9,$0,$0,$0,$0,$0,$0,$-9,$-9,$-10,$-19,$1,$1,$0,$1,$-17,$8,$0,$0
44,2007-09-30,39.79,$18.79,2.12,$35.06,1.13,$2.08,19.11,$3.64,10.93,$0.12B,$0.03B,4.24,$0.01B,$0.13B,0.06,$0.24B,$0.05B,20.76%,$0.24B,$0.04B,15.68%,$0.24B,$0.04B,15.68%,$0.24B,$0.04B,17.37%,$0.24B,$0.04B,15.25%,$0.24B,$0.02B,10.17%,$0.02B,$0.13B,20.78%,$0.02B,$0.13B,20.78%,$0.02B,$0.17B,14.63%,$0.04B,$0.13B,29.25%,$62,$51,$11,$0,$3,$54,$8,$-0,$8,$3,$5,$5,$5,$9,$8,$7,7,$0.82,$0.81,$8,$63,$2,$115,$53,$0,$0,$1,$54,$169,$27,$7,$0,$17,$44,$0,$92,$0,$125,$169,$18,$3,$-1,$2,$-6,$3,$1,$0,$-0,$19,$-6,$0,$0,$0,$0,$0,$0,$-6,$-2,$-8,$-10,$1,$1,$0,$1,$-8,$5,$0,$0
45,2007-06-30,35.23,$17.95,1.96,$34.25,1.03,$0.14,244.99,$3.69,9.55,$0.12B,$0.03B,3.47,$0.01B,$0.12B,0.07,$0.23B,$0.05B,21.83%,$0.23B,$0.04B,16.59%,$0.23B,$0.04B,16.59%,$0.23B,$0.04B,18.34%,$0.23B,$0.04B,16.16%,$0.23B,$0.03B,10.92%,$0.03B,$0.12B,23.09%,$0.03B,$0.12B,23.09%,$0.03B,$0.17B,15.58%,$0.04B,$0.13B,31.28%,$62,$49,$13,$0,$3,$53,$9,$-0,$9,$3,$6,$6,$6,$10,$9,$7,7,$0.88,$0.87,$1,$76,$2,$119,$50,$0,$0,$1,$51,$170,$34,$8,$0,$16,$51,$0,$86,$0,$119,$170,$13,$2,$-1,$1,$-6,$-10,$5,$0,$-9,$4,$-3,$0,$0,$0,$0,$0,$0,$-3,$-1,$-4,$-5,$1,$1,$0,$1,$-3,$-2,$0,$0
46,2007-03-31,47.47,$17.03,2.79,$32.35,1.47,$-0.21,0.0,$3.51,13.52,$0.11B,$0.03B,3.8,$0.01B,$0.11B,0.1,$0.22B,$0.05B,21.86%,$0.22B,$0.04B,16.74%,$0.22B,$0.04B,16.74%,$0.22B,$0.04B,18.60%,$0.22B,$0.04B,16.28%,$0.22B,$0.02B,11.16%,$0.02B,$0.11B,23.76%,$0.02B,$0.11B,23.76%,$0.02B,$0.16B,15.56%,$0.04B,$0.13B,30.90%,$56,$43,$13,$0,$3,$46,$11,$-0,$10,$4,$7,$7,$7,$12,$11,$7,7,$1.03,$1.00,$1,$72,$1,$112,$50,$0,$0,$1,$50,$162,$29,$11,$0,$20,$49,$0,$80,$0,$113,$162,$7,$1,$-1,$0,$-4,$-6,$2,$1,$-5,$3,$-1,$0,$0,$0,$0,$0,$0,$-1,$-1,$-4,$-5,$1,$1,$0,$1,$-3,$-2,$0,$0
47,2006-12-31,33.48,$15.93,2.1,$30.88,1.08,$0.13,250.41,$3.10,10.8,$0.11B,$0.03B,4.22,$0.02B,$0.11B,0.17,$0.20B,$0.04B,21.08%,$0.20B,$0.03B,15.69%,$0.20B,$0.03B,15.69%,$0.20B,$0.04B,17.16%,$0.20B,$0.03B,15.20%,$0.20B,$0.02B,10.29%,$0.02B,$0.11B,22.34%,$0.02B,$0.11B,22.34%,$0.02B,$0.16B,14.21%,$0.03B,$0.12B,29.16%,$56,$44,$12,$0,$3,$47,$9,$0,$9,$3,$6,$6,$6,$10,$9,$6,7,$0.97,$0.94,$3,$66,$3,$105,$49,$0,$0,$1,$50,$155,$25,$17,$0,$26,$51,$0,$74,$0,$105,$155,$21,$3,$-2,$2,$-5,$-15,$1,$2,$-16,$6,$-8,$0,$0,$0,$0,$0,$0,$-8,$-2,$3,$1,$2,$2,$0,$1,$4,$2,$0,$0
