,Date,Stock Price,Book Value per Share,Price to Book Ratio,TTM Sales per Share,Price to Sales Ratio,TTM FCF per Share,Price to FCF Ratio,TTM Net EPS,PE Ratio,Current Assets,Current Liabilities,Current Ratio,Long Term Debt,Shareholder's Equity_x,Debt to Equity Ratio,TTM Revenue_x,TTM Gross Profit,Gross Margin,TTM Revenue_y,TTM Operating Income,Operating Margin,TTM Revenue_x,TTM EBIT,EBIT Margin,TTM Revenue_y,TTM EBITDA,EBITDA Margin,TTM Revenue_x,TTM Pre-Tax Income,Pre-Tax Margin,TTM Revenue_y,TTM Net Income_x,Net Margin,TTM Net Income_y,Shareholder's Equity_y,Return on Equity,TTM Net Income_x,Tangible Equity,Return on Tangible Equity,TTM Net Income_y,Total Assets,Return on Assets,TTM Net Income,LT Investments & Debt,Return on Investment,revenue,cost-goods-sold,gross-profit,research-development-expenses,selling-general-administrative-expenses,operating-expenses,operating-income,total-non-operating-income-expense,pre-tax-income,total-provision-income-taxes,income-after-taxes,income-from-continuous-operations,net-income,ebitda,ebit,basic-shares-outstanding,shares-outstanding,eps-basic-net-earnings-per-share,eps-earnings-per-share-diluted,cash-on-hand,inventory,other-current-assets,total-current-assets,net-property-plant-equipment,long-term-investments,goodwill-intangible-assets-total,other-long-term-assets,total-long-term-assets,total-assets,total-current-liabilities,long-term-debt,other-non-current-liabilities,total-long-term-liabilities,total-liabilities,common-stock-net,retained-earnings-accumulated-deficit,comprehensive-income,total-share-holder-equity,total-liabilities-share-holders-equity,net-income-loss,total-depreciation-amortization-cash-flow,other-non-cash-items,total-non-cash-items,change-in-accounts-receivable,change-in-inventories,change-in-accounts-payable,change-in-assets-liabilities,total-change-in-assets-liabilities,cash-flow-from-operating-activities,net-change-in-property-plant-equipment,net-change-in-intangible-assets,net-acquisitions-divestitures,net-change-in-short-term-investments,net-change-in-long-term-investments,net-change-in-investments-total,investing-activities-other,cash-flow-from-investing-activities,net-long-term-debt,net-current-debt,debt-issuance-retirement-net-total,net-common-equity-issued-repurchased,net-total-equity-issued-repurchased,total-common-preferred-stock-dividends-paid,financial-activities-other,cash-flow-from-financial-activities,net-cash-flow,stock-based-compensation,common-stock-dividends-paid
0,2018-09-30,1.02,$0.88,1.16,$0.56,1.83,$-0.14,0.0,$-0.11,0.0,$0.01B,$0.00B,3.06,$0.00B,$0.01B,0.0,$0.01B,$0.00B,66.67%,$0.01B,$-0.00B,-16.67%,$0.01B,$-0.00B,-16.67%,$0.01B,$-0.00B,-16.67%,$0.01B,$-0.00B,-33.33%,$0.01B,$-0.00B,-33.33%,$-0.00B,$0.01B,-17.78%,$-0.00B,$0.01B,-17.78%,$-0.00B,$0.02B,-13.33%,$-0.00B,$0.01B,-8.33%,$1,$0,$1,$0,$1,$1,$0,$0,$0,$0,$0,$0,$0,$0,$0,$13,13,$0.03,$0.03,$3,$0,$0,$5,$10,$0,$0,$0,$10,$15,$2,$0,$2,$2,$3,$0,$-127,$0,$12,$15,$-1,$0,$-0,$0,$-0,$0,$-0,$-0,$-0,$-1,$-0,$0,$0,$0,$0,$0,$0,$-0,$2,$0,$2,$-0,$-0,$0,$-1,$1,$-0,$1,$0
1,2018-06-30,1.32,$0.83,1.6,$0.73,1.81,$-0.17,0.0,$-0.18,0.0,$0.01B,$0.00B,4.65,$0.00B,$0.01B,0.09,$0.01B,$0.00B,57.14%,$0.01B,$-0.00B,-14.29%,$0.01B,$-0.00B,-14.29%,$0.01B,$-0.00B,-14.29%,$0.01B,$-0.00B,-28.57%,$0.01B,$-0.00B,-28.57%,$-0.00B,$0.01B,-22.22%,$-0.00B,$0.01B,-22.22%,$-0.00B,$0.02B,-13.33%,$-0.00B,$0.01B,-8.89%,$2,$1,$1,$0,$1,$2,$-1,$-0,$-1,$0,$-1,$-1,$-1,$-1,$-1,$13,13,$-0.10,$-0.10,$3,$0,$0,$5,$10,$0,$0,$0,$10,$15,$1,$1,$2,$3,$4,$0,$-128,$0,$11,$15,$-1,$0,$0,$1,$-0,$0,$0,$-1,$-0,$-1,$-0,$0,$0,$0,$0,$0,$0,$-0,$0,$-1,$-1,$1,$1,$0,$0,$0,$-1,$1,$0
2,2018-03-31,1.23,$0.90,1.36,$0.91,1.35,$-0.18,0.0,$-0.03,0.0,$0.01B,$0.00B,7.31,$0.00B,$0.01B,0.08,$0.01B,$0.00B,57.14%,$0.01B,0,0.00%,$0.01B,0,0.00%,$0.01B,0,0.00%,$0.01B,$-0.00B,-14.29%,$0.01B,$-0.00B,-14.29%,$-0.00B,$0.01B,-14.29%,$-0.00B,$0.01B,-14.29%,$-0.00B,$0.02B,-6.56%,$0.00B,$0.01B,0.00%,$2,$1,$1,$0,$1,$2,$-0,$0,$-0,$0,$-0,$-0,$-0,$-0,$-0,$12,12,$-0.03,$-0.03,$2,$0,$0,$5,$10,$0,$0,$0,$10,$15,$1,$1,$2,$3,$3,$0,$-125,$-1,$11,$15,$-0,$0,$-0,$-0,$-0,$0,$-0,$-0,$-1,$-1,$-0,$0,$0,$0,$0,$0,$0,$-0,$0,$-1,$-1,$1,$1,$0,$0,$0,$-1,$0,$0
3,2017-12-31,1.5,$0.90,1.66,$1.08,1.39,$-0.12,0.0,$-0.14,0.0,$0.01B,$0.00B,3.74,$0.00B,$0.01B,0.11,$0.01B,$0.00B,57.14%,$0.01B,$-0.00B,-14.29%,$0.01B,$-0.00B,-14.29%,$0.01B,0,0.00%,$0.01B,$-0.00B,-28.57%,$0.01B,$-0.00B,-28.57%,$-0.00B,$0.01B,-40.00%,$-0.00B,$0.01B,-40.00%,$-0.00B,$0.02B,-12.90%,$-0.00B,$0.01B,-12.12%,$1,$1,$1,$0,$1,$1,$-0,$-0,$-1,$0,$-1,$-1,$-1,$-0,$-0,$6,6,$-0.01,$-0.01,$4,$0,$1,$6,$9,$0,$0,$0,$9,$15,$2,$1,$2,$3,$5,$0,$-126,$0,$11,$15,$-1,$1,$-0,$1,$-0,$0,$-0,$-0,$-0,$-1,$2,$0,$0,$0,$0,$0,$0,$2,$0,$0,$0,$-0,$-0,$0,$-0,$-0,$1,$0,$0
4,2017-09-30,0.77,$0.46,1.66,$1.03,0.74,$-0.60,0.0,$-0.16,0.0,$0.00B,$0.00B,0.82,$0.01B,$0.00B,2.16,$0.01B,$0.01B,71.43%,$0.01B,0,0.00%,$0.01B,0,0.00%,$0.01B,$0.00B,14.29%,$0.01B,0,0.00%,$0.01B,0,0.00%,$0.00B,$0.00B,0.00%,$0.00B,$0.00B,0.00%,$0.00B,$0.02B,0.00%,$0.00B,$0.01B,0.00%,$2,$1,$1,$0,$1,$2,$-0,$-0,$-0,$0,$-0,$-0,$-0,$-0,$-0,$6,6,$-0.08,$-0.08,$3,$0,$0,$4,$11,$0,$0,$0,$11,$15,$4,$6,$2,$8,$12,$0,$-125,$-1,$3,$15,$-1,$1,$-0,$0,$0,$0,$-0,$-0,$-0,$-1,$0,$0,$0,$0,$0,$0,$0,$0,$0,$0,$0,$0,$0,$0,$0,$0,$-1,$0,$0
5,2017-06-30,0.68,$0.53,1.29,$1.16,0.58,$-0.81,0.0,$-0.09,0.0,$0.01B,$0.01B,0.91,$0.01B,$0.00B,1.85,$0.01B,$0.01B,71.43%,$0.01B,$-0.00B,-14.29%,$0.01B,$-0.00B,-14.29%,$0.01B,$0.00B,14.29%,$0.01B,0,0.00%,$0.01B,0,0.00%,$0.00B,$0.00B,0.00%,$0.00B,$0.00B,0.00%,$0.00B,$0.02B,0.00%,$-0.00B,$0.01B,-20.00%,$2,$1,$1,$0,$1,$2,$-0,$0,$0,$0,$0,$0,$0,$0,$-0,$6,7,$0.00,$0.00,$3,$0,$1,$5,$11,$0,$0,$0,$11,$16,$5,$6,$2,$8,$13,$0,$-124,$-0,$3,$16,$-0,$1,$-1,$0,$-0,$0,$0,$-0,$-0,$-1,$0,$0,$0,$0,$0,$0,$0,$0,$0,$0,$0,$0,$0,$0,$0,$0,$-1,$0,$0
6,2017-03-31,0.89,$0.50,1.8,$1.29,0.69,$-1.05,0.0,$-1.04,0.0,$0.01B,$0.01B,0.41,$0.00B,$0.00B,0.0,$0.01B,$0.01B,71.43%,$0.01B,$-0.01B,-71.43%,$0.01B,$-0.01B,-71.43%,$0.01B,$-0.00B,-28.57%,$0.01B,$-0.00B,-57.14%,$0.01B,$-0.00B,-57.14%,$-0.00B,$0.00B,-106.67%,$-0.00B,$0.00B,-106.67%,$-0.00B,$0.02B,-22.54%,$-0.01B,$0.00B,-133.33%,$2,$1,$1,$0,$1,$2,$-1,$-0,$-1,$0,$-1,$-1,$-1,$-0,$-1,$6,6,$-0.14,$-0.14,$4,$0,$0,$5,$11,$0,$0,$0,$12,$16,$12,$0,$2,$2,$13,$0,$-125,$-0,$3,$16,$-1,$0,$-0,$0,$-0,$0,$1,$-0,$0,$-0,$-0,$0,$0,$0,$0,$0,$0,$-0,$0,$0,$0,$0,$0,$0,$0,$0,$-0,$0,$0
7,2016-12-31,1.28,$0.61,2.09,$1.21,1.05,$-1.23,0.0,$-0.90,0.0,$0.01B,$0.01B,0.45,$0.00B,$0.00B,0.0,$0.01B,$0.00B,66.67%,$0.01B,$-0.01B,-200.00%,$0.01B,$-0.01B,-200.00%,$0.01B,$-0.01B,-166.67%,$0.01B,$-0.01B,-183.33%,$0.01B,$-0.01B,-233.33%,$-0.01B,$0.00B,-294.74%,$-0.01B,$0.00B,-294.74%,$-0.01B,$0.02B,-71.79%,$-0.01B,$0.00B,-252.63%,$1,$-1,$2,$0,$1,$-0,$1,$-0,$1,$0,$1,$1,$1,$1,$1,$5,5,$0.20,$0.20,$3,$0,$1,$5,$12,$0,$0,$0,$12,$17,$11,$0,$2,$2,$13,$0,$-124,$-0,$4,$17,$-14,$3,$12,$14,$1,$0,$-1,$0,$-2,$-1,$-0,$0,$0,$0,$0,$0,$0,$-0,$0,$0,$0,$1,$1,$0,$-0,$1,$-1,$0,$0
8,2016-09-30,1.75,$0.70,2.51,$1.41,1.24,$-0.75,0.0,$-0.90,0.0,$0.01B,$0.01B,0.35,$0.00B,$0.00B,0.0,$0.01B,$0.00B,28.57%,$0.01B,$-0.03B,-428.57%,$0.01B,$-0.03B,-428.57%,$0.01B,$-0.03B,-385.71%,$0.01B,$-0.03B,-400.00%,$0.01B,$-0.05B,-771.43%,$-0.05B,$0.00B,-720.00%,$-0.05B,$0.00B,-720.00%,$-0.05B,$0.02B,-229.79%,$-0.03B,$0.00B,-400.00%,$2,$1,$1,$0,$1,$3,$-1,$1,$-0,$0,$-0,$-0,$-0,$0,$-1,$5,5,$-0.06,$-0.06,$3,$0,$1,$5,$14,$0,$0,$0,$14,$19,$14,$0,$1,$1,$15,$0,$-125,$1,$4,$19,$-15,$3,$13,$15,$0,$0,$-1,$-0,$-2,$-1,$-0,$0,$0,$0,$0,$0,$0,$-0,$0,$0,$0,$0,$0,$0,$-0,$-0,$-2,$0,$0
9,2016-06-30,1.7,$0.78,2.19,$1.58,1.08,$-0.12,0.0,$-5.94,0.0,$0.01B,$0.01B,0.33,$0.00B,$0.00B,0.0,$0.01B,$0.00B,25.00%,$0.01B,$-0.05B,-662.50%,$0.01B,$-0.05B,-662.50%,$0.01B,$-0.05B,-612.50%,$0.01B,$-0.05B,-637.50%,$0.01B,$-0.08B,-975.00%,$-0.08B,$0.00B,-390.00%,$-0.08B,$0.00B,-390.00%,$-0.08B,$0.02B,-212.24%,$-0.05B,$0.00B,-265.00%,$2,$1,$1,$0,$1,$6,$-4,$-1,$-4,$0,$-4,$-4,$-4,$-3,$-4,$5,5,$-0.90,$-0.90,$3,$0,$1,$5,$14,$0,$0,$0,$14,$19,$14,$0,$1,$1,$15,$0,$-125,$1,$4,$19,$-15,$2,$14,$15,$0,$0,$-1,$-0,$-2,$-1,$-0,$0,$0,$0,$0,$0,$0,$-0,$0,$0,$0,$0,$0,$0,$-0,$-0,$-2,$0,$0
10,2016-03-31,2.1,$1.47,1.43,$1.86,1.13,$0.20,10.68,$-6.36,0.0,$0.00B,$0.02B,0.3,$0.00B,$0.01B,0.0,$0.01B,$0.00B,22.22%,$0.01B,$-0.05B,-600.00%,$0.01B,$-0.05B,-600.00%,$0.01B,$-0.05B,-544.44%,$0.01B,$-0.05B,-588.89%,$0.01B,$-0.08B,-888.89%,$-0.08B,$0.01B,-207.79%,$-0.08B,$0.01B,-207.79%,$-0.08B,$0.02B,-143.50%,$-0.05B,$0.01B,-140.26%,$1,$1,$0,$0,$1,$10,$-8,$0,$-8,$0,$-8,$-8,$-11,$-8,$-8,$5,5,$-2.25,$-2.25,$2,$0,$1,$4,$18,$0,$0,$0,$18,$23,$15,$0,$1,$1,$16,$0,$-120,$0,$7,$23,$-11,$1,$10,$11,$1,$0,$-0,$-0,$-1,$-1,$-0,$0,$0,$0,$0,$0,$0,$-0,$0,$0,$0,$0,$0,$0,$0,$0,$-1,$0,$0
11,2015-12-31,0.98,$3.29,0.3,$2.20,0.44,$0.59,1.65,$-11.46,0.0,$0.01B,$0.02B,0.41,$0.00B,$0.02B,0.0,$0.01B,$0.00B,27.27%,$0.01B,$-0.07B,-627.27%,$0.01B,$-0.07B,-627.27%,$0.01B,$-0.06B,-554.55%,$0.01B,$-0.07B,-618.18%,$0.01B,$-0.09B,-845.45%,$-0.09B,$0.02B,-161.04%,$-0.09B,$0.02B,-161.04%,$-0.09B,$0.03B,-123.59%,$-0.07B,$0.02B,-116.46%,$2,$2,$-0,$0,$2,$18,$-17,$1,$-16,$0,$-16,$-16,$-39,$-16,$-17,$5,5,$-8.36,$-8.36,$4,$0,$2,$7,$26,$0,$0,$0,$26,$33,$17,$0,$1,$1,$18,$0,$-110,$0,$15,$33,$-93,$9,$82,$91,$2,$0,$1,$2,$4,$3,$-2,$0,$0,$0,$0,$0,$1,$-1,$0,$0,$0,$-0,$-0,$0,$-0,$-0,$-1,$1,$0
12,2015-09-30,2.94,$11.55,0.25,$2.93,1.0,$1.38,2.13,$-11.94,0.0,$0.01B,$0.02B,0.41,$0.00B,$0.05B,0.0,$0.01B,$0.01B,50.00%,$0.01B,$-0.05B,-371.43%,$0.01B,$-0.05B,-371.43%,$0.01B,$-0.04B,-300.00%,$0.01B,$-0.05B,-364.29%,$0.01B,$-0.06B,-400.00%,$-0.06B,$0.05B,-69.35%,$-0.06B,$0.05B,-69.35%,$-0.06B,$0.07B,-57.14%,$-0.05B,$0.05B,-62.09%,$3,$2,$1,$0,$1,$27,$-24,$2,$-23,$0,$-23,$-23,$-24,$-22,$-24,$5,5,$-5.06,$-5.06,$4,$0,$1,$6,$64,$0,$0,$1,$65,$72,$16,$0,$2,$2,$17,$0,$-70,$-0,$54,$72,$-54,$7,$45,$53,$2,$0,$2,$-0,$5,$4,$-2,$0,$0,$0,$0,$0,$1,$-1,$0,$0,$0,$-0,$-0,$0,$0,$-0,$-0,$0,$0
13,2015-06-30,3.17,$16.61,0.19,$4.51,0.7,$1.00,3.16,$-6.90,0.0,$0.01B,$0.02B,0.39,$0.00B,$0.08B,0.0,$0.02B,$0.01B,57.14%,$0.02B,$-0.03B,-138.10%,$0.02B,$-0.03B,-138.10%,$0.02B,$-0.02B,-76.19%,$0.02B,$-0.03B,-133.33%,$0.02B,$-0.03B,-152.38%,$-0.03B,$0.08B,-33.86%,$-0.03B,$0.08B,-33.86%,$-0.03B,$0.10B,-28.70%,$-0.03B,$0.08B,-29.15%,$3,$2,$1,$0,$1,$9,$-5,$-0,$-6,$0,$-6,$-6,$-6,$-3,$-5,$5,5,$-1.34,$-1.34,$4,$0,$0,$6,$87,$0,$0,$2,$89,$95,$16,$0,$2,$2,$18,$0,$-47,$-0,$78,$95,$-30,$5,$24,$29,$1,$0,$3,$0,$4,$4,$-4,$0,$0,$0,$0,$0,$1,$-2,$0,$0,$0,$0,$0,$0,$0,$0,$0,$0,$0
14,2015-03-31,6.78,$17.92,0.38,$5.75,1.18,$0.90,7.51,$-5.58,0.0,$0.01B,$0.01B,0.59,$0.01B,$0.08B,0.07,$0.03B,$0.02B,62.96%,$0.03B,$-0.02B,-85.19%,$0.03B,$-0.02B,-85.19%,$0.03B,$-0.01B,-33.33%,$0.03B,$-0.02B,-81.48%,$0.03B,$-0.03B,-96.30%,$-0.03B,$0.08B,-25.43%,$-0.03B,$0.08B,-25.43%,$-0.03B,$0.10B,-21.85%,$-0.02B,$0.09B,-21.05%,$3,$2,$1,$0,$1,$25,$-23,$-0,$-23,$0,$-23,$-23,$-24,$-20,$-23,$5,5,$-5.10,$-5.10,$4,$0,$0,$6,$94,$0,$0,$2,$96,$101,$10,$6,$2,$8,$18,$0,$-41,$-0,$84,$101,$-24,$3,$20,$23,$2,$0,$1,$0,$3,$3,$-2,$0,$0,$0,$0,$0,$-0,$-2,$0,$0,$0,$0,$0,$0,$0,$0,$-0,$0,$0
15,2014-12-31,8.88,$22.97,0.39,$6.93,1.28,$-0.39,0.0,$-0.42,0.0,$0.01B,$0.01B,0.92,$0.01B,$0.11B,0.06,$0.03B,$0.02B,68.75%,$0.03B,$0.00B,3.13%,$0.03B,$0.00B,3.13%,$0.03B,$0.02B,46.88%,$0.03B,$0.00B,3.13%,$0.03B,$-0.00B,-6.25%,$-0.00B,$0.11B,-1.84%,$-0.00B,$0.11B,-1.84%,$-0.00B,$0.12B,-1.59%,$0.00B,$0.11B,0.86%,$5,$1,$4,$0,$1,$5,$-0,$1,$1,$0,$1,$1,$-2,$3,$-0,$5,5,$-0.14,$-0.14,$4,$0,$0,$8,$91,$0,$0,$1,$116,$124,$8,$6,$2,$8,$16,$0,$-17,$-0,$107,$124,$-2,$15,$4,$19,$-3,$0,$1,$4,$2,$24,$-19,$0,$0,$0,$0,$0,$-0,$-20,$-3,$0,$-3,$-0,$-0,$0,$0,$-3,$-2,$1,$0
16,2014-09-30,19.14,$23.53,0.81,$7.85,2.44,$-0.89,0.0,$-0.18,0.0,$0.01B,$0.01B,1.98,$0.01B,$0.11B,0.07,$0.04B,$0.03B,75.00%,$0.04B,$0.01B,13.89%,$0.04B,$0.01B,13.89%,$0.04B,$0.02B,55.56%,$0.04B,$0.00B,5.56%,$0.04B,$-0.00B,-2.78%,$-0.00B,$0.11B,-0.92%,$-0.00B,$0.11B,-0.92%,$-0.00B,$0.13B,-0.79%,$0.01B,$0.12B,4.24%,$10,$4,$6,$0,$2,$11,$-1,$1,$-0,$0,$-0,$-0,$-0,$4,$-1,$5,5,$-0.01,$-0.01,$4,$0,$0,$12,$112,$0,$0,$2,$114,$126,$6,$8,$2,$10,$16,$0,$-14,$-0,$109,$126,$0,$12,$1,$12,$0,$0,$0,$2,$2,$14,$-15,$0,$0,$0,$0,$0,$-0,$-15,$-1,$0,$-1,$-0,$-0,$0,$0,$-1,$-1,$1,$0
17,2014-06-30,25.98,$23.53,1.1,$7.57,3.43,$2.45,10.62,$-0.36,0.0,$0.01B,$0.01B,1.98,$0.01B,$0.11B,0.07,$0.04B,$0.03B,74.29%,$0.04B,$0.01B,17.14%,$0.04B,$0.01B,17.14%,$0.04B,$0.02B,57.14%,$0.04B,$0.00B,2.86%,$0.04B,$-0.00B,-5.71%,$-0.00B,$0.11B,-1.83%,$-0.00B,$0.11B,-1.83%,$-0.00B,$0.13B,-1.58%,$0.01B,$0.12B,5.08%,$9,$3,$6,$0,$2,$8,$1,$-1,$0,$0,$0,$0,$0,$4,$1,$5,5,$0.01,$0.01,$4,$0,$0,$11,$112,$0,$0,$2,$114,$125,$6,$8,$2,$10,$15,$0,$-14,$-0,$109,$125,$0,$7,$1,$8,$0,$0,$0,$1,$1,$9,$-9,$0,$0,$0,$0,$0,$-0,$-9,$-1,$0,$-1,$-0,$-0,$0,$0,$-1,$-2,$0,$0
18,2014-03-31,28.56,$23.62,1.21,$7.34,3.89,$2.80,10.19,$-0.24,0.0,$0.01B,$0.01B,1.36,$0.01B,$0.11B,0.1,$0.03B,$0.03B,73.53%,$0.03B,$0.01B,14.71%,$0.03B,$0.01B,14.71%,$0.03B,$0.02B,55.88%,$0.03B,$0.00B,2.94%,$0.03B,$-0.00B,-2.94%,$-0.00B,$0.11B,-0.91%,$-0.00B,$0.11B,-0.91%,$-0.00B,$0.13B,-0.77%,$0.01B,$0.12B,4.20%,$8,$3,$6,$0,$2,$8,$1,$-0,$0,$0,$0,$0,$0,$4,$1,$5,5,$0.06,$0.06,$3,$0,$0,$9,$118,$0,$0,$2,$119,$129,$7,$11,$2,$13,$19,$0,$-14,$-0,$109,$129,$0,$3,$0,$4,$0,$0,$0,$0,$0,$4,$-10,$0,$0,$0,$0,$0,$-0,$-10,$2,$0,$2,$-0,$-0,$0,$0,$2,$-3,$0,$0
19,2013-12-31,22.56,$23.59,0.96,$7.29,3.09,$3.88,5.81,$-1.56,0.0,$0.01B,$0.01B,1.83,$0.01B,$0.11B,0.08,$0.03B,$0.02B,67.65%,$0.03B,$-0.00B,-5.88%,$0.03B,$-0.00B,-5.88%,$0.03B,$0.01B,35.29%,$0.03B,$-0.01B,-14.71%,$0.03B,$-0.01B,-20.59%,$-0.01B,$0.11B,-6.36%,$-0.01B,$0.11B,-6.36%,$-0.01B,$0.13B,-5.34%,$-0.00B,$0.12B,-1.68%,$9,$0,$9,$0,$2,$5,$4,$-2,$2,$0,$2,$2,$-1,$8,$4,$5,5,$-0.30,$-0.30,$6,$0,$0,$13,$112,$0,$0,$2,$114,$127,$7,$9,$2,$11,$18,$0,$-15,$-0,$109,$127,$-7,$14,$11,$25,$-2,$0,$4,$0,$2,$20,$-18,$0,$0,$0,$0,$0,$-0,$-18,$-11,$0,$-11,$0,$0,$0,$0,$-11,$3,$0,$0
20,2013-09-30,12.66,$23.84,0.53,$7.04,1.8,$1.77,7.17,$-3.06,0.0,$0.01B,$0.01B,1.75,$0.01B,$0.11B,0.06,$0.03B,$0.02B,57.58%,$0.03B,$-0.01B,-36.36%,$0.03B,$-0.01B,-36.36%,$0.03B,$0.00B,6.06%,$0.03B,$-0.01B,-39.39%,$0.03B,$-0.01B,-42.42%,$-0.01B,$0.11B,-12.53%,$-0.01B,$0.11B,-12.53%,$-0.01B,$0.13B,-10.41%,$-0.01B,$0.12B,-9.92%,$9,$4,$5,$0,$1,$8,$0,$-1,$-1,$0,$-1,$-1,$-1,$4,$0,$5,5,$-0.18,$-0.18,$6,$0,$1,$12,$109,$2,$0,$2,$113,$125,$7,$7,$2,$9,$15,$0,$-13,$-0,$110,$125,$-6,$10,$6,$16,$0,$0,$1,$-1,$0,$10,$5,$0,$0,$0,$0,$0,$0,$5,$-13,$0,$-13,$0,$0,$0,$0,$-13,$3,$0,$0
21,2013-06-30,12.42,$24.01,0.52,$6.85,1.81,$-2.72,0.0,$-3.30,0.0,$0.03B,$0.01B,1.96,$0.01B,$0.11B,0.09,$0.03B,$0.02B,56.25%,$0.03B,$-0.02B,-46.88%,$0.03B,$-0.02B,-46.88%,$0.03B,$-0.00B,-3.13%,$0.03B,$-0.02B,-46.88%,$0.03B,$-0.02B,-46.88%,$-0.02B,$0.11B,-13.02%,$-0.02B,$0.11B,-13.02%,$-0.02B,$0.14B,-10.70%,$-0.02B,$0.12B,-12.02%,$8,$3,$5,$0,$1,$8,$0,$0,$0,$0,$0,$0,$1,$3,$0,$5,5,$0.12,$0.12,$4,$0,$16,$26,$106,$2,$0,$2,$109,$136,$13,$10,$1,$11,$25,$0,$-13,$0,$111,$136,$-5,$7,$5,$12,$0,$0,$0,$-1,$-1,$6,$-5,$0,$0,$0,$0,$0,$0,$-5,$-0,$0,$-0,$0,$0,$0,$0,$-0,$1,$0,$0
22,2013-03-31,9.96,$23.90,0.42,$6.99,1.42,$-3.44,0.0,$-3.66,0.0,$0.02B,$0.01B,1.75,$0.01B,$0.11B,0.09,$0.03B,$0.02B,54.55%,$0.03B,$-0.02B,-48.48%,$0.03B,$-0.02B,-48.48%,$0.03B,$-0.00B,-3.03%,$0.03B,$-0.01B,-42.42%,$0.03B,$-0.02B,-51.52%,$-0.02B,$0.11B,-14.29%,$-0.02B,$0.11B,-14.29%,$-0.02B,$0.14B,-11.89%,$-0.02B,$0.12B,-12.57%,$8,$3,$4,$0,$1,$14,$-6,$-0,$-6,$0,$-6,$-6,$-6,$-3,$-6,$5,5,$-1.26,$-1.26,$3,$0,$16,$24,$107,$2,$0,$2,$111,$136,$14,$10,$1,$11,$25,$0,$-13,$0,$110,$136,$-6,$4,$6,$9,$0,$0,$1,$-1,$-0,$3,$-4,$0,$0,$0,$0,$0,$-0,$-4,$-0,$0,$-0,$0,$0,$0,$0,$-0,$-0,$0,$0
23,2012-12-31,9.0,$25.19,0.36,$7.11,1.27,$-1.88,0.0,$-2.46,0.0,$0.03B,$0.01B,1.96,$0.01B,$0.12B,0.09,$0.03B,$0.02B,57.58%,$0.03B,$-0.01B,-33.33%,$0.03B,$-0.01B,-33.33%,$0.03B,$0.01B,15.15%,$0.03B,$-0.01B,-27.27%,$0.03B,$-0.01B,-33.33%,$-0.01B,$0.12B,-8.92%,$-0.01B,$0.12B,-8.92%,$-0.01B,$0.14B,-7.53%,$-0.01B,$0.13B,-8.53%,$8,$3,$5,$0,$1,$14,$-6,$-0,$-6,$1,$-7,$-7,$-8,$-2,$-6,$5,5,$-1.74,$-1.74,$3,$0,$18,$26,$111,$2,$0,$2,$115,$141,$13,$10,$1,$11,$25,$0,$-7,$0,$116,$141,$-11,$15,$9,$24,$0,$0,$-0,$0,$-0,$13,$-21,$0,$0,$0,$-0,$-0,$0,$-21,$-2,$0,$-2,$0,$0,$0,$0,$-2,$-10,$1,$0
24,2012-09-30,12.9,$27.01,0.48,$7.70,1.68,$-7.74,0.0,$-1.38,0.0,$0.03B,$0.02B,1.94,$0.01B,$0.12B,0.07,$0.04B,$0.02B,58.33%,$0.04B,$-0.00B,-11.11%,$0.04B,$-0.00B,-11.11%,$0.04B,$0.01B,33.33%,$0.04B,$-0.01B,-13.89%,$0.04B,$-0.01B,-16.67%,$-0.01B,$0.12B,-4.76%,$-0.01B,$0.12B,-4.76%,$-0.01B,$0.15B,-3.97%,$-0.00B,$0.13B,-3.02%,$8,$4,$4,$0,$2,$10,$-3,$-0,$-3,$-1,$-2,$-2,$-2,$1,$-3,$5,5,$-0.42,$-0.42,$4,$0,$20,$29,$114,$2,$0,$3,$119,$148,$15,$8,$1,$10,$24,$0,$1,$0,$124,$148,$-3,$12,$2,$13,$0,$0,$0,$1,$1,$11,$-16,$0,$0,$0,$0,$0,$-0,$-16,$-4,$0,$-4,$0,$0,$0,$0,$-4,$-9,$0,$0
25,2012-06-30,14.16,$27.45,0.52,$7.84,1.81,$-15.38,0.0,$-0.90,0.0,$0.03B,$0.02B,1.9,$0.01B,$0.13B,0.04,$0.04B,$0.02B,61.11%,$0.04B,$-0.00B,-5.56%,$0.04B,$-0.00B,-5.56%,$0.04B,$0.01B,38.89%,$0.04B,$-0.00B,-2.78%,$0.04B,$-0.00B,-11.11%,$-0.00B,$0.13B,-3.14%,$-0.00B,$0.13B,-3.14%,$-0.00B,$0.15B,-2.57%,$-0.00B,$0.13B,-1.49%,$9,$3,$5,$0,$2,$10,$-1,$2,$1,$0,$0,$0,$-1,$3,$-1,$5,5,$-0.24,$-0.24,$4,$0,$18,$28,$115,$2,$0,$2,$120,$147,$15,$5,$1,$7,$22,$0,$3,$0,$126,$147,$-1,$8,$0,$8,$0,$0,$0,$0,$0,$7,$-9,$0,$0,$0,$0,$0,$-0,$-9,$-7,$0,$-7,$0,$0,$0,$0,$-7,$-9,$0,$0
26,2012-03-31,18.96,$27.64,0.69,$7.53,2.52,$-21.03,0.0,$-0.66,0.0,$0.03B,$0.02B,1.61,$0.00B,$0.13B,0.0,$0.03B,$0.02B,64.71%,$0.03B,$-0.00B,-5.88%,$0.03B,$-0.00B,-5.88%,$0.03B,$0.01B,41.18%,$0.03B,$-0.00B,-5.88%,$0.03B,$-0.00B,-8.82%,$-0.00B,$0.13B,-2.34%,$-0.00B,$0.13B,-2.34%,$-0.00B,$0.15B,-1.89%,$-0.00B,$0.13B,-1.49%,$8,$4,$5,$0,$2,$9,$-1,$-0,$-1,$-0,$-0,$-0,$-0,$3,$-1,$5,5,$-0.06,$-0.06,$8,$0,$18,$31,$113,$3,$0,$2,$117,$148,$19,$0,$1,$2,$22,$0,$4,$0,$127,$148,$-0,$4,$-0,$3,$0,$0,$0,$-2,$-2,$1,$6,$0,$0,$0,$0,$0,$-0,$6,$-12,$0,$-12,$0,$0,$0,$0,$-12,$-5,$0,$0
27,2011-12-31,17.46,$27.75,0.63,$6.78,2.57,$-25.22,0.0,$-1.08,0.0,$0.04B,$0.02B,1.99,$0.01B,$0.13B,0.1,$0.03B,$0.02B,54.84%,$0.03B,$-0.01B,-19.35%,$0.03B,$-0.01B,-19.35%,$0.03B,$0.01B,29.03%,$0.03B,$-0.01B,-19.35%,$0.03B,$-0.01B,-16.13%,$-0.01B,$0.13B,-3.89%,$-0.01B,$0.13B,-3.89%,$-0.01B,$0.16B,-3.13%,$-0.01B,$0.14B,-4.44%,$11,$3,$7,$0,$2,$10,$1,$-4,$-2,$-3,$0,$0,$-3,$5,$1,$5,5,$-0.64,$-0.64,$13,$0,$23,$42,$116,$3,$0,$2,$121,$162,$21,$12,$1,$15,$36,$0,$4,$0,$127,$162,$-5,$15,$-1,$13,$-1,$0,$-3,$0,$-6,$3,$-37,$0,$0,$19,$-0,$19,$0,$-18,$22,$0,$22,$-0,$-0,$0,$0,$22,$7,$2,$0
28,2011-09-30,13.86,$28.40,0.49,$5.99,2.32,$-25.55,0.0,$-0.84,0.0,$0.03B,$0.02B,1.67,$0.01B,$0.13B,0.09,$0.03B,$0.01B,51.85%,$0.03B,$-0.01B,-29.63%,$0.03B,$-0.01B,-29.63%,$0.03B,$0.01B,18.52%,$0.03B,$-0.01B,-25.93%,$0.03B,$-0.00B,-14.81%,$-0.00B,$0.13B,-3.09%,$-0.00B,$0.13B,-3.09%,$-0.00B,$0.17B,-2.53%,$-0.01B,$0.14B,-6.02%,$8,$3,$5,$0,$2,$9,$-1,$2,$1,$1,$0,$0,$0,$3,$-1,$5,5,$0.06,$0.06,$5,$0,$23,$32,$128,$3,$0,$2,$133,$165,$19,$11,$1,$17,$36,$0,$7,$0,$129,$165,$-2,$10,$-4,$7,$0,$0,$0,$-2,$-2,$2,$-44,$0,$0,$18,$0,$18,$0,$-25,$21,$0,$21,$-0,$-0,$0,$0,$21,$-1,$1,$0
29,2011-06-30,25.62,$28.34,0.9,$5.45,4.7,$-20.60,0.0,$-0.96,0.0,$0.04B,$0.02B,1.6,$0.00B,$0.13B,0.03,$0.03B,$0.01B,52.00%,$0.03B,$-0.01B,-32.00%,$0.03B,$-0.01B,-32.00%,$0.03B,$0.01B,20.00%,$0.03B,$-0.01B,-36.00%,$0.03B,$-0.00B,-16.00%,$-0.00B,$0.13B,-3.07%,$-0.00B,$0.13B,-3.07%,$-0.00B,$0.16B,-2.59%,$-0.01B,$0.13B,-6.10%,$7,$2,$5,$0,$2,$8,$-1,$1,$0,$1,$-0,$-0,$-0,$3,$-1,$5,5,$-0.02,$-0.02,$10,$0,$21,$36,$119,$3,$0,$2,$123,$159,$22,$3,$1,$8,$30,$0,$6,$0,$129,$159,$-2,$6,$-2,$4,$0,$0,$0,$0,$0,$2,$-30,$0,$0,$17,$0,$17,$-0,$-13,$13,$0,$13,$-0,$-0,$0,$0,$13,$2,$0,$0
30,2011-03-31,37.56,$28.37,1.32,$5.30,7.09,$-18.33,0.0,$-0.96,0.0,$0.04B,$0.02B,2.04,$0.00B,$0.13B,0.0,$0.02B,$0.01B,50.00%,$0.02B,$-0.01B,-29.17%,$0.02B,$-0.01B,-29.17%,$0.02B,$0.00B,16.67%,$0.02B,$-0.01B,-37.50%,$0.02B,$-0.00B,-16.67%,$-0.00B,$0.13B,-3.05%,$-0.00B,$0.13B,-3.05%,$-0.00B,$0.15B,-2.66%,$-0.01B,$0.13B,-5.33%,$5,$5,$0,$0,$2,$10,$-5,$-0,$-5,$-3,$-2,$-2,$-2,$-2,$-5,$5,5,$-0.48,$-0.48,$16,$0,$21,$41,$107,$3,$0,$2,$112,$153,$20,$0,$1,$4,$24,$0,$7,$1,$129,$153,$-2,$3,$-1,$2,$0,$0,$0,$2,$2,$1,$-14,$0,$0,$11,$0,$11,$-0,$-3,$0,$0,$0,$-0,$-0,$0,$3,$3,$2,$0,$0
31,2010-12-31,36.48,$28.96,1.26,$5.97,6.12,$-18.17,0.0,$-0.18,0.0,$0.05B,$0.02B,2.7,$0.00B,$0.13B,0.0,$0.03B,$0.02B,66.67%,$0.03B,$-0.00B,-3.70%,$0.03B,$-0.00B,-3.70%,$0.03B,$0.01B,37.04%,$0.03B,$-0.00B,-7.41%,$0.03B,0,0.00%,$0.00B,$0.13B,0.00%,$0.00B,$0.13B,0.00%,$0.00B,$0.16B,0.00%,$-0.00B,$0.13B,-0.76%,$7,$3,$4,$0,$2,$8,$-1,$-2,$-3,$-2,$-0,$-0,$-2,$1,$-1,$4,4,$-0.45,$-0.39,$25,$0,$21,$51,$101,$3,$0,$2,$105,$156,$19,$0,$1,$7,$25,$0,$9,$1,$131,$156,$-1,$11,$2,$13,$-0,$0,$-0,$-0,$-1,$11,$-47,$0,$0,$5,$-0,$5,$2,$-40,$-0,$0,$-0,$0,$0,$0,$0,$0,$-28,$2,$0
32,2010-09-30,27.24,$29.47,0.92,$5.33,5.11,$-14.95,0.0,$-0.06,0.0,$0.05B,$0.01B,6.21,$0.00B,$0.13B,0.01,$0.02B,$0.02B,73.91%,$0.02B,$-0.00B,-8.70%,$0.02B,$-0.00B,-8.70%,$0.02B,$0.01B,34.78%,$0.02B,$-0.00B,-8.70%,$0.02B,$0.00B,4.35%,$0.00B,$0.13B,0.76%,$0.00B,$0.13B,0.76%,$0.00B,$0.15B,0.68%,$-0.00B,$0.13B,-1.52%,$6,$2,$4,$0,$2,$7,$-1,$0,$-1,$-1,$-0,$-0,$-0,$3,$-1,$4,4,$-0.06,$-0.06,$41,$0,$1,$46,$98,$3,$0,$2,$103,$149,$7,$1,$1,$9,$17,$0,$11,$0,$132,$149,$1,$9,$1,$9,$0,$0,$0,$2,$2,$12,$-30,$0,$0,$-7,$0,$-7,$1,$-36,$0,$0,$0,$1,$1,$0,$0,$1,$-23,$1,$0
33,2010-06-30,28.5,$29.42,0.97,$4.44,6.41,$-12.88,0.0,$-0.54,0.0,$0.05B,$0.00B,16.25,$0.00B,$0.13B,0.01,$0.02B,$0.01B,72.22%,$0.02B,$-0.00B,-16.67%,$0.02B,$-0.00B,-16.67%,$0.02B,$0.00B,22.22%,$0.02B,$-0.00B,-22.22%,$0.02B,$-0.00B,-5.56%,$-0.00B,$0.13B,-0.80%,$-0.00B,$0.13B,-0.80%,$-0.00B,$0.14B,-0.73%,$-0.00B,$0.13B,-2.40%,$6,$2,$4,$0,$2,$7,$-0,$0,$-0,$-0,$-0,$-0,$-0,$2,$-0,$4,4,$-0.03,$-0.03,$41,$0,$1,$46,$94,$3,$0,$1,$98,$144,$3,$1,$1,$10,$13,$0,$11,$0,$132,$144,$1,$5,$0,$5,$0,$0,$0,$0,$0,$7,$-24,$0,$0,$-12,$0,$-12,$1,$-35,$0,$0,$0,$1,$1,$0,$0,$1,$-27,$1,$0
34,2010-03-31,35.76,$29.67,1.21,$3.47,10.3,$-10.02,0.0,$-1.32,0.0,$0.05B,$0.00B,15.8,$0.00B,$0.13B,0.01,$0.01B,$0.01B,69.23%,$0.01B,$-0.01B,-38.46%,$0.01B,$-0.01B,-38.46%,$0.01B,$0.00B,7.69%,$0.01B,$-0.01B,-46.15%,$0.01B,$-0.00B,-30.77%,$-0.00B,$0.13B,-3.40%,$-0.00B,$0.13B,-3.40%,$-0.00B,$0.14B,-3.05%,$-0.01B,$0.13B,-4.21%,$8,$2,$6,$0,$3,$6,$1,$1,$2,$1,$1,$1,$2,$4,$1,$4,4,$0.36,$0.30,$46,$0,$1,$51,$88,$4,$0,$1,$93,$144,$3,$1,$1,$10,$13,$0,$11,$0,$131,$144,$2,$2,$0,$3,$0,$0,$0,$-1,$-1,$3,$-14,$0,$0,$-3,$0,$-3,$-0,$-17,$0,$0,$0,$0,$0,$0,$0,$0,$-14,$0,$0
35,2009-12-31,35.58,$29.32,1.21,$2.12,16.82,$-8.20,0.0,$-2.28,0.0,$0.06B,$0.01B,7.16,$0.00B,$0.13B,0.01,$0.01B,$0.00B,50.00%,$0.01B,$-0.01B,-150.00%,$0.01B,$-0.01B,-150.00%,$0.01B,$-0.01B,-83.33%,$0.01B,$-0.01B,-183.33%,$0.01B,$-0.01B,-133.33%,$-0.01B,$0.13B,-7.13%,$-0.01B,$0.13B,-7.13%,$-0.01B,$0.15B,-6.36%,$-0.01B,$0.13B,-7.95%,$3,$1,$3,$0,$4,$5,$-2,$-1,$-3,$-1,$-2,$-2,$-1,$-1,$-2,$4,4,$-0.30,$-0.30,$57,$0,$1,$62,$80,$3,$0,$1,$85,$147,$9,$1,$1,$9,$18,$0,$9,$0,$129,$147,$-8,$4,$2,$6,$-3,$0,$0,$-1,$3,$1,$-18,$0,$0,$29,$0,$29,$6,$17,$-18,$0,$-18,$23,$23,$0,$0,$5,$25,$2,$0
36,2009-09-30,23.4,$29.61,0.79,$1.50,15.57,$-10.14,0.0,$-2.46,0.0,$0.04B,$0.00B,32.5,$0.00B,$0.11B,0.01,$0.00B,$0.00B,25.00%,$0.00B,$-0.01B,-225.00%,$0.00B,$-0.01B,-225.00%,$0.00B,$-0.01B,-125.00%,$0.00B,$-0.01B,-275.00%,$0.00B,$-0.01B,-225.00%,$-0.01B,$0.11B,-8.33%,$-0.01B,$0.11B,-8.33%,$-0.01B,$0.12B,-7.21%,$-0.01B,$0.11B,-8.26%,$1,$1,$-0,$0,$2,$4,$-2,$-0,$-3,$-1,$-2,$-2,$-2,$-1,$-2,$4,4,$-0.54,$-0.54,$40,$0,$1,$41,$69,$4,$0,$1,$74,$116,$1,$1,$1,$10,$11,$0,$11,$0,$105,$116,$-7,$3,$2,$5,$0,$0,$0,$5,$5,$3,$-9,$0,$0,$24,$0,$24,$5,$19,$-18,$0,$-18,$-1,$-1,$0,$0,$-19,$3,$1,$0
37,2009-06-30,12.0,$29.94,0.4,$1.26,9.52,$-13.23,0.0,$-0.96,0.0,$0.05B,$0.00B,32.86,$0.00B,$0.11B,0.01,$0.00B,0,0.00%,$0.00B,$-0.01B,-250.00%,$0.00B,$-0.01B,-250.00%,$0.00B,$-0.01B,-150.00%,$0.00B,$-0.01B,-250.00%,$0.00B,$-0.00B,-75.00%,$-0.00B,$0.11B,-2.71%,$-0.00B,$0.11B,-2.71%,$-0.00B,$0.12B,-2.27%,$-0.01B,$0.11B,-8.97%,$1,$2,$-0,$0,$2,$4,$-2,$-0,$-2,$1,$-3,$-3,$-3,$-1,$-2,$4,4,$-0.78,$-0.78,$44,$0,$1,$51,$63,$3,$0,$1,$67,$118,$2,$1,$1,$10,$12,$0,$12,$0,$106,$118,$-5,$2,$2,$4,$0,$0,$0,$-1,$-1,$-2,$-2,$0,$0,$10,$0,$10,$6,$15,$-18,$0,$-18,$-1,$-1,$0,$0,$-19,$-6,$1,$0
38,2009-03-31,11.34,$30.57,0.37,$0.92,12.3,$-15.28,0.0,$-0.60,0.0,$0.05B,$0.00B,24.78,$0.00B,$0.11B,0.01,$0.00B,$-0.00B,-33.33%,$0.00B,$-0.01B,-333.33%,$0.00B,$-0.01B,-333.33%,$0.00B,$-0.01B,-233.33%,$0.00B,$-0.01B,-333.33%,$0.00B,$-0.00B,-66.67%,$-0.00B,$0.11B,-1.79%,$-0.00B,$0.11B,-1.79%,$-0.00B,$0.12B,-1.46%,$-0.01B,$0.11B,-8.87%,$1,$2,$-0,$0,$2,$5,$-3,$-0,$-3,$-1,$-2,$-2,$-2,$-2,$-3,$4,4,$-0.66,$-0.66,$46,$0,$0,$54,$64,$3,$0,$1,$68,$122,$2,$1,$1,$10,$12,$0,$15,$0,$109,$122,$-2,$1,$1,$2,$0,$0,$0,$-1,$-1,$-1,$-1,$0,$0,$9,$0,$9,$6,$14,$-18,$0,$-18,$-1,$-1,$0,$0,$-19,$-5,$0,$0
39,2008-12-31,9.84,$30.58,0.32,$0.57,17.29,$-16.04,0.0,$-0.36,0.0,$0.07B,$0.02B,3.64,$0.00B,$0.11B,0.01,$0.00B,$-0.00B,-50.00%,$0.00B,$-0.01B,-500.00%,$0.00B,$-0.01B,-500.00%,$0.00B,$-0.01B,-400.00%,$0.00B,$-0.01B,-450.00%,$0.00B,$-0.00B,-100.00%,$-0.00B,$0.11B,-1.77%,$-0.00B,$0.11B,-1.77%,$-0.00B,$0.14B,-1.43%,$-0.01B,$0.11B,-8.79%,$1,$1,$1,$0,$2,$3,$-2,$-1,$-3,$-1,$-2,$-2,$-2,$-1,$-2,$4,4,$-0.48,$-0.48,$65,$0,$1,$73,$65,$3,$0,$1,$70,$143,$20,$1,$1,$11,$31,$0,$18,$0,$112,$143,$-1,$1,$-1,$0,$-0,$0,$-1,$-0,$-5,$-7,$-19,$0,$0,$-50,$0,$-50,$-2,$-71,$2,$11,$13,$-4,$-4,$0,$0,$9,$-64,$3,$0
40,2008-09-30,15.54,$30.07,0.52,$0.33,46.72,$-17.22,0.0,$-0.12,0.0,$0.08B,$0.02B,4.24,$0.00B,$0.12B,0.0,$0.00B,$-0.00B,-100.00%,$0.00B,$-0.01B,-1000.00%,$0.00B,$-0.01B,-1000.00%,$0.00B,$-0.01B,-900.00%,$0.00B,$-0.00B,-300.00%,$0.00B,$-0.00B,-100.00%,$-0.00B,$0.12B,-0.88%,$-0.00B,$0.12B,-0.88%,$-0.00B,$0.15B,-0.73%,$-0.01B,$0.12B,-8.75%,$1,$2,$-1,$0,$2,$3,$-3,$0,$-2,$-1,$-1,$-1,$4,$-2,$-3,$4,4,$0.96,$0.96,$76,$0,$1,$82,$62,$0,$0,$1,$63,$145,$19,$0,$1,$10,$30,$0,$19,$-0,$115,$145,$0,$1,$-2,$-1,$0,$0,$0,$0,$-3,$-4,$-15,$0,$0,$-68,$0,$-68,$2,$-81,$-0,$11,$11,$-1,$-1,$0,$0,$10,$-71,$2,$0
41,2008-06-30,18.48,$28.56,0.65,$0.37,49.93,$-20.00,0.0,$-1.32,0.0,$0.08B,$0.02B,5.13,$0.00B,$0.11B,0.0,$0.00B,0,0.00%,$0.00B,$-0.01B,-900.00%,$0.00B,$-0.01B,-900.00%,$0.00B,$-0.01B,-900.00%,$0.00B,$-0.00B,-400.00%,$0.00B,$-0.01B,-600.00%,$-0.01B,$0.11B,-5.53%,$-0.01B,$0.11B,-5.53%,$-0.01B,$0.14B,-4.69%,$-0.01B,$0.11B,-8.29%,$0,$1,$-1,$0,$2,$3,$-2,$0,$-2,$-1,$-2,$-2,$-2,$-2,$-2,$4,4,$-0.42,$-0.42,$75,$0,$2,$81,$55,$0,$0,$1,$56,$137,$16,$0,$1,$9,$25,$0,$16,$-0,$112,$137,$-3,$0,$2,$3,$0,$0,$0,$-2,$-3,$-4,$-8,$0,$0,$-60,$0,$-60,$2,$-67,$-0,$8,$8,$-0,$-0,$0,$0,$8,$-62,$2,$0
42,2008-03-31,20.1,$28.79,0.7,$0.35,57.68,$-17.49,0.0,$15.00,1.34,$0.08B,$0.01B,6.58,$0.00B,$0.11B,0.0,$0.00B,$0.00B,100.00%,$0.00B,$-0.02B,-1500.00%,$0.00B,$-0.02B,-1500.00%,$0.00B,$-0.02B,-1500.00%,$0.00B,$0.09B,9400.00%,$0.00B,$0.06B,5500.00%,$0.06B,$0.11B,53.40%,$0.06B,$0.11B,53.40%,$0.06B,$0.14B,44.18%,$-0.02B,$0.11B,-14.53%,$0,$0,$-0,$0,$3,$3,$-3,$1,$-2,$-1,$-2,$-2,$-2,$-3,$-3,$4,4,$-0.42,$-0.42,$79,$0,$1,$82,$52,$0,$0,$1,$54,$135,$12,$0,$1,$9,$21,$0,$17,$-0,$114,$135,$-2,$0,$1,$1,$0,$0,$0,$-0,$-0,$-1,$-5,$0,$0,$-25,$0,$-25,$2,$-28,$-0,$5,$5,$1,$1,$0,$0,$5,$-23,$1,$0
43,2007-12-31,25.5,$29.27,0.87,$0.33,76.56,$-17.18,0.0,$15.00,1.7,$0.08B,$0.01B,10.22,$0.00B,$0.12B,0.0,$0.00B,0,0.00%,$0.00B,$-0.02B,-1500.00%,$0.00B,$-0.02B,-1500.00%,$0.00B,$-0.01B,-1400.00%,$0.00B,$0.09B,9400.00%,$0.00B,$0.06B,5600.00%,$0.06B,$0.12B,67.88%,$0.06B,$0.12B,67.88%,$0.06B,$0.13B,54.24%,$-0.02B,$0.12B,-18.07%,$0,$-0,$1,$0,$2,$2,$-2,$5,$3,$-1,$4,$4,$-1,$-2,$-2,$3,4,$-0.54,$0.00,$79,$0,$1,$83,$48,$0,$0,$1,$49,$131,$8,$0,$1,$8,$16,$0,$19,$-0,$115,$131,$60,$0,$-88,$-88,$-1,$0,$1,$0,$-2,$-29,$1,$0,$0,$92,$0,$92,$-6,$87,$-1,$0,$-1,$2,$2,$-2,$1,$0,$55,$1,$-2
44,2007-09-30,26.52,$27.22,0.97,$0.34,76.94,$-11.04,0.0,$18.42,1.44,$0.08B,$0.01B,13.84,$0.00B,$0.09B,0.0,$0.00B,$-0.00B,-100.00%,$0.00B,$-0.02B,-1500.00%,$0.00B,$-0.02B,-1500.00%,$0.00B,$-0.01B,-1400.00%,$0.00B,$0.09B,8900.00%,$0.00B,$0.07B,6800.00%,$0.07B,$0.09B,107.94%,$0.07B,$0.09B,107.94%,$0.07B,$0.11B,81.44%,$-0.02B,$0.09B,-23.53%,$1,$0,$0,$0,$2,$2,$-2,$-1,$-3,$-3,$-0,$-0,$-1,$-2,$-2,$3,3,$-0.24,$-0.24,$79,$0,$3,$83,$20,$0,$0,$5,$25,$109,$6,$0,$1,$10,$16,$0,$16,$-0,$93,$109,$57,$0,$-86,$-86,$0,$0,$0,$0,$2,$-27,$0,$0,$0,$22,$0,$22,$0,$23,$-1,$0,$-1,$2,$2,$-2,$-3,$-5,$-10,$1,$-2
45,2007-06-30,31.72,$26.68,1.19,$0.25,125.01,$-4.73,0.0,$17.70,1.79,$0.11B,$0.02B,4.66,$0.00B,$0.09B,0.0,$0.00B,$-0.00B,inf%,$0.00B,$-0.02B,inf%,$0.00B,$-0.02B,inf%,$0.00B,$-0.02B,inf%,$0.00B,$0.09B,inf%,$0.00B,$0.07B,inf%,$0.07B,$0.09B,149.15%,$0.07B,$0.09B,149.15%,$0.07B,$0.12B,100.00%,$-0.02B,$0.09B,-41.99%,$0,$1,$-0,$0,$8,$9,$-8,$104,$96,$36,$60,$60,$59,$-8,$-8,$3,4,$17.70,$15.90,$102,$0,$0,$110,$9,$0,$0,$4,$13,$123,$24,$0,$1,$9,$33,$0,$17,$-3,$90,$123,$58,$0,$-89,$-89,$0,$0,$0,$-2,$18,$-13,$11,$0,$0,$62,$-70,$-8,$0,$3,$-1,$0,$-1,$2,$2,$0,$1,$2,$-8,$0,$0
46,2007-03-31,31.37,$9.98,3.14,$0.24,130.43,$-4.40,0.0,$-0.24,0.0,$0.04B,$0.01B,3.92,$0.00B,$0.03B,0.01,$0.00B,$-0.00B,inf%,$0.00B,$-0.01B,inf%,$0.00B,$-0.01B,inf%,$0.00B,$-0.01B,inf%,$0.00B,$-0.01B,inf%,$0.00B,$0.00B,inf%,$0.00B,$0.03B,3.74%,$0.00B,$0.03B,3.74%,$0.00B,$0.05B,2.25%,$-0.01B,$0.03B,-50.45%,$0,$1,$-1,$0,$2,$3,$-3,$1,$-2,$-0,$-1,$-1,$-1,$-2,$-3,$3,3,$-0.42,$-0.42,$15,$0,$10,$41,$6,$0,$0,$2,$8,$50,$11,$0,$2,$7,$17,$0,$-40,$0,$32,$50,$-1,$0,$-1,$-1,$0,$0,$0,$-1,$-1,$-4,$-0,$0,$0,$1,$0,$1,$0,$2,$-0,$0,$-0,$0,$0,$0,$0,$0,$-2,$0,$0
47,2006-12-31,29.78,$11.73,2.54,$0.28,107.62,$-3.34,0.0,$-0.18,0.0,$0.04B,$0.01B,3.74,$0.00B,$0.04B,0.01,$0.00B,$-0.00B,inf%,$0.00B,$-0.01B,inf%,$0.00B,$-0.01B,inf%,$0.00B,$-0.01B,inf%,$0.00B,$-0.01B,inf%,$0.00B,$0.00B,inf%,$0.00B,$0.04B,4.00%,$0.00B,$0.04B,4.00%,$0.00B,$0.05B,2.40%,$-0.01B,$0.04B,-53.85%,$0,$1,$-0,$0,$2,$3,$-2,$0,$-2,$0,$13,$13,$11,$-2,$-2,$3,4,$3.72,$3.66,$18,$0,$10,$43,$6,$0,$0,$2,$9,$52,$12,$0,$2,$3,$14,$0,$-39,$0,$37,$52,$1,$0,$-10,$-10,$-0,$0,$0,$1,$2,$-7,$1,$0,$0,$-0,$14,$14,$-0,$14,$-0,$0,$-0,$1,$1,$0,$0,$1,$10,$1,$0
