,Date,Stock Price,Book Value per Share,Price to Book Ratio,TTM Sales per Share,Price to Sales Ratio,TTM FCF per Share,Price to FCF Ratio,TTM Net EPS,PE Ratio,Current Assets,Current Liabilities,Current Ratio,Long Term Debt,Shareholder's Equity_x,Debt to Equity Ratio,TTM Revenue_x,TTM Gross Profit,Gross Margin,TTM Revenue_y,TTM Operating Income,Operating Margin,TTM Revenue_x,TTM EBIT,EBIT Margin,TTM Revenue_y,TTM EBITDA,EBITDA Margin,TTM Revenue_x,TTM Pre-Tax Income,Pre-Tax Margin,TTM Revenue_y,TTM Net Income_x,Net Margin,TTM Net Income_y,Shareholder's Equity_y,Return on Equity,TTM Net Income_x,Tangible Equity,Return on Tangible Equity,TTM Net Income_y,Total Assets,Return on Assets,TTM Net Income,LT Investments & Debt,Return on Investment,revenue,cost-goods-sold,gross-profit,research-development-expenses,selling-general-administrative-expenses,operating-expenses,operating-income,total-non-operating-income-expense,pre-tax-income,total-provision-income-taxes,income-after-taxes,income-from-continuous-operations,net-income,ebitda,ebit,basic-shares-outstanding,shares-outstanding,eps-basic-net-earnings-per-share,eps-earnings-per-share-diluted,cash-on-hand,inventory,other-current-assets,total-current-assets,net-property-plant-equipment,long-term-investments,goodwill-intangible-assets-total,other-long-term-assets,total-long-term-assets,total-assets,total-current-liabilities,long-term-debt,other-non-current-liabilities,total-long-term-liabilities,total-liabilities,common-stock-net,retained-earnings-accumulated-deficit,comprehensive-income,total-share-holder-equity,total-liabilities-share-holders-equity,net-income-loss,total-depreciation-amortization-cash-flow,other-non-cash-items,total-non-cash-items,change-in-accounts-receivable,change-in-inventories,change-in-accounts-payable,change-in-assets-liabilities,total-change-in-assets-liabilities,cash-flow-from-operating-activities,net-change-in-property-plant-equipment,net-change-in-intangible-assets,net-acquisitions-divestitures,net-change-in-short-term-investments,net-change-in-long-term-investments,net-change-in-investments-total,investing-activities-other,cash-flow-from-investing-activities,net-long-term-debt,net-current-debt,debt-issuance-retirement-net-total,net-common-equity-issued-repurchased,net-total-equity-issued-repurchased,total-common-preferred-stock-dividends-paid,financial-activities-other,cash-flow-from-financial-activities,net-cash-flow,stock-based-compensation,common-stock-dividends-paid
0,2018-09-30,43.31,$13.33,3.25,$23.33,1.86,$0.49,87.51,$0.63,68.75,$1.03B,$0.49B,2.1,$1.08B,$1.86B,0.58,$3.35B,$0.65B,19.44%,$3.35B,$0.29B,8.57%,$3.35B,$0.29B,8.57%,$3.35B,$0.43B,12.96%,$3.35B,$0.28B,8.39%,$3.35B,$0.09B,2.54%,$0.09B,$1.86B,4.59%,$0.09B,$1.82B,4.69%,$0.09B,$3.89B,2.21%,$0.29B,$2.94B,9.79%,$851,$699,$152,$0,$83,$782,$69,$4,$73,$15,$58,$58,$59,$106,$69,$140,143,$0.42,$0.41,$390,$288,$34,$1031,$1814,$709,$41,$43,$2859,$3890,$490,$1079,$172,$1537,$2027,$15,$-585,$-397,$1863,$3890,$154,$113,$34,$147,$0,$0,$0,$-152,$-152,$149,$-145,$0,$2,$-2,$3,$1,$2,$-140,$0,$0,$0,$-73,$-73,$0,$0,$-73,$-65,$15,$0
1,2018-06-30,43.12,$13.36,3.23,$22.87,1.89,$1.12,38.38,$0.68,63.41,$0.96B,$0.41B,2.34,$1.08B,$1.86B,0.58,$3.29B,$0.66B,20.08%,$3.29B,$0.31B,9.39%,$3.29B,$0.31B,9.39%,$3.29B,$0.45B,13.73%,$3.29B,$0.30B,9.14%,$3.29B,$0.09B,2.79%,$0.09B,$1.86B,4.89%,$0.09B,$1.82B,4.97%,$0.09B,$3.81B,2.39%,$0.31B,$2.94B,10.44%,$880,$696,$184,$0,$109,$805,$75,$-4,$71,$13,$58,$58,$58,$115,$75,$140,141,$0.41,$0.41,$304,$265,$36,$963,$1793,$704,$42,$47,$2850,$3813,$412,$1078,$179,$1538,$1950,$15,$-572,$-401,$1863,$3813,$95,$76,$24,$100,$0,$0,$0,$-176,$-176,$19,$-95,$0,$2,$2,$3,$5,$0,$-88,$0,$0,$0,$-77,$-77,$0,$0,$-77,$-148,$10,$0
2,2018-03-31,40.42,$13.17,3.07,$22.15,1.83,$2.06,19.64,$0.51,79.25,$0.96B,$0.40B,2.39,$1.08B,$1.84B,0.59,$3.22B,$0.65B,20.01%,$3.22B,$0.33B,10.21%,$3.22B,$0.33B,10.21%,$3.22B,$0.46B,14.40%,$3.22B,$0.30B,9.18%,$3.22B,$0.07B,2.17%,$0.07B,$1.84B,3.67%,$0.07B,$1.80B,3.71%,$0.07B,$3.83B,1.81%,$0.33B,$2.92B,11.02%,$786,$647,$139,$0,$93,$740,$46,$-1,$45,$9,$36,$36,$37,$82,$46,$141,144,$0.26,$0.25,$323,$255,$30,$956,$1778,$732,$39,$46,$2875,$3831,$400,$1078,$183,$1592,$1992,$15,$-630,$-374,$1839,$3831,$37,$36,$2,$38,$0,$0,$0,$-99,$-99,$-15,$-52,$0,$2,$2,$0,$2,$0,$-48,$0,$0,$0,$-65,$-65,$0,$0,$-65,$-133,$4,$0
3,2017-12-31,38.56,$12.59,3.06,$21.84,1.77,$2.06,18.72,$0.63,61.21,$0.99B,$0.42B,2.39,$1.08B,$1.85B,0.58,$3.20B,$0.67B,20.76%,$3.20B,$0.37B,11.45%,$3.20B,$0.37B,11.45%,$3.20B,$0.50B,15.57%,$3.20B,$0.34B,10.46%,$3.20B,$0.09B,2.75%,$0.09B,$1.85B,4.53%,$0.09B,$1.80B,4.55%,$0.09B,$3.85B,2.26%,$0.37B,$2.92B,12.67%,$831,$655,$176,$0,$79,$734,$97,$-5,$92,$162,$-70,$-70,$-69,$131,$97,$144,147,$-0.49,$-0.47,$456,$252,$35,$991,$1762,$723,$43,$45,$2860,$3851,$415,$1078,$183,$1591,$2006,$15,$-669,$-389,$1845,$3851,$88,$132,$304,$436,$-32,$-13,$20,$-69,$-142,$382,$-166,$0,$-52,$-8,$0,$-8,$7,$-219,$-21,$0,$-21,$-173,$-173,$0,$-8,$-202,$-33,$18,$0
4,2017-09-30,32.65,$14.53,2.25,$21.14,1.54,$2.63,12.4,$3.14,10.4,$0.94B,$0.39B,2.37,$1.08B,$1.98B,0.54,$3.11B,$0.64B,20.57%,$3.11B,$0.33B,10.59%,$3.11B,$0.33B,10.59%,$3.11B,$0.46B,14.84%,$3.11B,$0.26B,8.24%,$3.11B,$0.46B,14.93%,$0.46B,$1.98B,23.76%,$0.46B,$1.98B,23.78%,$0.46B,$3.89B,11.93%,$0.33B,$3.06B,11.31%,$795,$633,$162,$0,$71,$704,$91,$2,$93,$27,$66,$66,$66,$124,$91,$142,145,$0.47,$0.46,$408,$252,$38,$935,$1733,$713,$0,$61,$2957,$3892,$394,$1077,$185,$1516,$1910,$15,$-600,$-336,$1982,$3892,$157,$98,$111,$209,$0,$0,$0,$-164,$-164,$202,$-107,$0,$0,$-6,$0,$-6,$7,$-106,$-20,$0,$-20,$-154,$-154,$0,$-8,$-182,$-80,$13,$0
5,2017-06-30,29.02,$14.03,2.07,$20.82,1.39,$3.76,7.71,$3.10,9.36,$0.95B,$0.38B,2.5,$1.08B,$1.97B,0.55,$3.08B,$0.66B,21.37%,$3.08B,$0.34B,10.88%,$3.08B,$0.34B,10.88%,$3.08B,$0.47B,15.17%,$3.08B,$0.24B,7.70%,$3.08B,$0.46B,14.94%,$0.46B,$1.97B,24.67%,$0.46B,$1.97B,24.69%,$0.46B,$3.89B,11.27%,$0.34B,$3.05B,11.28%,$811,$643,$168,$0,$73,$716,$95,$-29,$66,$20,$46,$46,$36,$127,$95,$145,147,$0.25,$0.24,$430,$249,$35,$949,$1718,$689,$0,$62,$2938,$3887,$379,$1077,$187,$1540,$1919,$15,$-666,$-329,$1968,$3887,$91,$65,$89,$154,$0,$0,$0,$-117,$-117,$128,$-70,$0,$0,$-1,$0,$-1,$7,$-64,$-20,$0,$-20,$-98,$-98,$0,$-8,$-126,$-56,$9,$0
6,2017-03-31,31.8,$13.55,2.35,$20.49,1.55,$4.38,7.26,$3.36,9.46,$0.95B,$0.87B,1.1,$0.58B,$1.98B,0.3,$3.04B,$0.68B,22.49%,$3.04B,$0.36B,11.92%,$3.04B,$0.36B,11.92%,$3.04B,$0.50B,16.30%,$3.04B,$0.27B,8.96%,$3.04B,$0.50B,16.40%,$0.50B,$1.98B,28.23%,$0.50B,$1.98B,28.26%,$0.50B,$3.91B,11.66%,$0.36B,$2.56B,11.99%,$767,$608,$159,$0,$75,$683,$84,$0,$84,$29,$55,$55,$55,$117,$84,$146,149,$0.38,$0.37,$410,$243,$35,$953,$1715,$689,$0,$62,$2959,$3912,$869,$584,$187,$1067,$1936,$15,$-702,$-352,$1976,$3912,$55,$33,$19,$52,$0,$0,$0,$-138,$-138,$-30,$-39,$0,$0,$-2,$0,$-2,$6,$-35,$0,$0,$0,$-25,$-25,$0,$0,$-25,$-86,$4,$0
7,2016-12-31,28.88,$12.90,2.24,$20.42,1.41,$4.55,6.35,$3.45,8.37,$0.95B,$0.42B,2.25,$1.08B,$1.89B,0.57,$3.02B,$0.71B,23.37%,$3.02B,$0.39B,13.06%,$3.02B,$0.39B,13.06%,$3.02B,$0.53B,17.50%,$3.02B,$0.27B,9.08%,$3.02B,$0.51B,16.90%,$0.51B,$1.89B,30.91%,$0.51B,$1.88B,30.95%,$0.51B,$3.87B,11.44%,$0.39B,$2.97B,12.40%,$734,$584,$150,$0,$91,$675,$59,$-46,$13,$-15,$28,$28,$307,$93,$59,$146,148,$2.10,$2.08,$489,$236,$40,$949,$1707,$657,$8,$56,$2920,$3869,$422,$1083,$184,$1561,$1983,$15,$-782,$-385,$1886,$3869,$510,$134,$-103,$31,$6,$-20,$21,$-139,$-168,$373,$-71,$0,$0,$139,$0,$139,$678,$746,$-1131,$0,$-1131,$2,$2,$0,$0,$-1129,$-15,$18,$0
8,2016-09-30,25.85,$11.15,2.32,$17.40,1.49,$4.55,5.68,$6.89,3.75,$1.59B,$0.81B,1.95,$1.68B,$1.63B,1.03,$2.57B,$0.70B,27.24%,$2.57B,$0.42B,16.15%,$2.57B,$0.42B,16.15%,$2.57B,$0.55B,21.28%,$2.57B,$0.33B,12.76%,$2.57B,$1.02B,39.49%,$1.02B,$1.63B,66.03%,$1.02B,$1.63B,66.03%,$1.02B,$4.66B,21.71%,$0.42B,$3.31B,12.92%,$767,$586,$181,$0,$74,$670,$97,$-23,$74,$18,$56,$56,$62,$130,$97,$146,148,$0.43,$0.42,$736,$228,$37,$1587,$1700,$674,$0,$64,$3074,$4661,$812,$1677,$183,$2220,$3032,$15,$-1089,$-331,$1629,$4661,$203,$100,$89,$189,$0,$0,$0,$-95,$-95,$297,$-32,$0,$0,$127,$0,$127,$9,$104,$-205,$0,$-205,$1,$1,$0,$0,$-204,$192,$14,$0
9,2016-06-30,26.96,$10.73,2.51,$17.29,1.56,$3.63,7.42,$6.99,3.86,$1.49B,$0.84B,1.78,$1.68B,$1.57B,1.07,$2.55B,$0.69B,26.98%,$2.55B,$0.41B,16.16%,$2.55B,$0.41B,16.16%,$2.55B,$0.54B,21.10%,$2.55B,$0.32B,12.59%,$2.55B,$1.03B,40.35%,$1.03B,$1.57B,81.73%,$1.03B,$1.57B,81.73%,$1.03B,$4.65B,22.89%,$0.41B,$3.24B,13.45%,$769,$576,$193,$0,$71,$647,$122,$-21,$101,$34,$67,$67,$74,$155,$122,$146,148,$0.50,$0.50,$687,$331,$35,$1491,$1749,$650,$0,$97,$3154,$4645,$840,$1676,$212,$2239,$3079,$15,$-1151,$-331,$1566,$4645,$141,$67,$54,$121,$0,$0,$0,$-86,$-86,$164,$-14,$0,$0,$20,$0,$20,$8,$14,$-141,$0,$-141,$0,$0,$0,$0,$-141,$37,$9,$0
10,2016-03-31,24.81,$10.41,2.38,$18.69,1.33,$2.81,8.83,$7.03,3.53,$1.37B,$0.91B,1.51,$1.68B,$1.52B,1.1,$2.75B,$0.68B,24.65%,$2.75B,$0.40B,14.36%,$2.75B,$0.40B,14.36%,$2.75B,$0.52B,19.05%,$2.75B,$0.30B,10.91%,$2.75B,$1.03B,37.59%,$1.03B,$1.52B,104.82%,$1.03B,$1.52B,104.82%,$1.03B,$4.66B,23.96%,$0.40B,$3.19B,13.54%,$747,$566,$181,$0,$68,$631,$116,$-30,$86,$26,$60,$60,$67,$150,$116,$146,147,$0.46,$0.46,$553,$318,$36,$1370,$1770,$726,$0,$98,$3292,$4662,$909,$1676,$215,$2235,$3144,$15,$-1225,$-299,$1518,$4662,$67,$34,$32,$66,$0,$0,$0,$-158,$-158,$-30,$-14,$0,$0,$5,$0,$5,$8,$-1,$-64,$0,$-64,$-1,$-1,$0,$0,$-65,$-95,$4,$0
11,2015-12-31,24.29,$9.86,2.46,$19.79,1.23,$2.63,9.22,$6.73,3.61,$1.40B,$0.99B,1.41,$1.68B,$1.44B,1.17,$2.91B,$0.65B,22.31%,$2.91B,$0.36B,12.19%,$2.91B,$0.36B,12.19%,$2.91B,$0.49B,16.68%,$2.91B,$0.24B,8.10%,$2.91B,$0.99B,34.02%,$0.99B,$1.44B,140.02%,$0.99B,$1.44B,140.02%,$0.99B,$4.74B,24.01%,$0.36B,$3.11B,12.81%,$287,$142,$145,$0,$71,$207,$80,$-13,$67,$-738,$805,$805,$812,$112,$80,$145,147,$5.59,$5.51,$645,$219,$41,$1400,$1771,$718,$0,$68,$3336,$4736,$992,$1675,$216,$2308,$3300,$15,$-1292,$-314,$1436,$4736,$991,$131,$-686,$-555,$21,$-16,$-16,$-30,$-105,$331,$-29,$0,$0,$-76,$52,$-24,$-10,$-63,$-36,$0,$-36,$-2,$-2,$0,$-6,$-44,$211,$14,$0
12,2015-09-30,26.62,$3.54,7.51,$18.77,1.42,$1.00,26.67,$0.86,30.95,$1.31B,$0.47B,2.78,$2.19B,$0.52B,4.24,$2.76B,$0.64B,23.04%,$2.76B,$0.24B,8.62%,$2.76B,$0.24B,8.62%,$2.76B,$0.36B,13.19%,$2.76B,$0.10B,3.73%,$2.76B,$0.13B,4.57%,$0.13B,$0.52B,27.95%,$0.13B,$0.52B,27.95%,$0.13B,$3.94B,3.21%,$0.24B,$2.70B,9.00%,$747,$578,$169,$0,$75,$653,$94,$-27,$67,$-1,$68,$68,$76,$121,$94,$146,148,$0.52,$0.52,$431,$316,$86,$1313,$1806,$685,$0,$118,$2624,$3937,$472,$2188,$248,$2949,$3421,$15,$-2106,$-415,$516,$3937,$179,$99,$9,$108,$-7,$-9,$-29,$-35,$-149,$153,$-25,$0,$0,$36,$0,$36,$-8,$3,$-36,$0,$-36,$-2,$-2,$0,$-6,$-44,$104,$9,$0
13,2015-06-30,27.79,$3.27,8.5,$20.42,1.36,$0.17,161.38,$0.25,111.16,$1.26B,$0.50B,2.52,$2.19B,$0.48B,4.6,$2.99B,$0.64B,21.54%,$2.99B,$0.17B,5.56%,$2.99B,$0.17B,5.56%,$2.99B,$0.30B,10.15%,$2.99B,$0.03B,0.90%,$2.99B,$0.04B,1.27%,$0.04B,$0.48B,7.40%,$0.04B,$0.48B,7.40%,$0.04B,$3.93B,0.96%,$0.17B,$2.66B,6.13%,$970,$787,$183,$0,$79,$865,$105,$-25,$80,$1,$79,$79,$79,$141,$105,$145,147,$0.54,$0.54,$342,$324,$84,$1263,$1826,$702,$0,$122,$2667,$3930,$501,$2188,$253,$2953,$3454,$14,$-2180,$-372,$476,$3930,$103,$72,$15,$87,$-66,$6,$-33,$-42,$-161,$34,$-6,$0,$0,$71,$0,$71,$-47,$18,$-36,$0,$-36,$-4,$-4,$0,$-6,$-46,$3,$6,$0
14,2015-03-31,26.7,$2.78,9.62,$20.27,1.32,$-0.18,0.0,$0.09,296.67,$1.16B,$0.49B,2.38,$2.20B,$0.40B,5.46,$2.96B,$0.64B,21.43%,$2.96B,$0.16B,5.37%,$2.96B,$0.16B,5.37%,$2.96B,$0.30B,10.09%,$2.96B,$0.00B,0.17%,$2.96B,$0.02B,0.54%,$0.02B,$0.40B,2.68%,$0.02B,$0.40B,2.68%,$0.02B,$3.91B,0.40%,$0.16B,$2.61B,5.68%,$909,$756,$153,$0,$77,$833,$76,$-54,$22,$-2,$24,$24,$24,$112,$76,$145,147,$0.16,$0.16,$254,$328,$80,$1164,$1849,$751,$0,$125,$2742,$3906,$490,$2202,$260,$3013,$3503,$14,$-2259,$-364,$403,$3906,$24,$36,$18,$54,$-54,$-2,$-43,$3,$-120,$-42,$-28,$0,$0,$66,$0,$66,$-39,$-1,$-18,$0,$-18,$-5,$-5,$0,$-6,$-29,$-75,$3,$0
15,2014-12-31,27.99,$2.82,9.93,$19.88,1.41,$-0.37,0.0,$0.25,111.96,$1.11B,$0.56B,1.97,$2.19B,$0.41B,5.37,$2.90B,$0.63B,21.52%,$2.90B,$0.15B,5.13%,$2.90B,$0.15B,5.13%,$2.90B,$0.29B,10.02%,$2.90B,$0.03B,1.14%,$2.90B,$0.04B,1.27%,$0.04B,$0.41B,5.55%,$0.04B,$0.41B,5.55%,$0.04B,$3.94B,0.91%,$0.15B,$2.60B,5.16%,$134,$3,$131,$0,$93,$171,$-37,$-29,$-66,$0,$-66,$-66,$-53,$-10,$-37,$142,144,$-0.37,$-0.36,$325,$329,$48,$1109,$1908,$793,$0,$108,$2827,$3936,$563,$2191,$266,$2965,$3528,$14,$-2283,$-338,$408,$3936,$38,$142,$117,$259,$-35,$-11,$9,$-64,$-107,$172,$-112,$0,$0,$-14,$-560,$-574,$3,$-683,$-60,$0,$-60,$-3,$-3,$0,$-3,$-66,$-584,$20,$0
16,2014-09-30,27.49,$5.29,5.19,$27.16,1.01,$-1.17,0.0,$0.58,47.4,$1.18B,$0.52B,2.28,$2.21B,$0.77B,2.88,$3.69B,$0.65B,17.50%,$3.69B,$0.25B,6.68%,$3.69B,$0.25B,6.68%,$3.69B,$0.40B,10.88%,$3.69B,$0.11B,2.88%,$3.69B,$0.09B,2.36%,$0.09B,$0.77B,11.91%,$0.09B,$0.77B,11.91%,$0.09B,$4.06B,2.12%,$0.25B,$2.97B,8.26%,$972,$796,$176,$0,$76,$950,$22,$-31,$-9,$2,$-11,$-11,$-12,$60,$22,$145,145,$-0.09,$-0.09,$305,$326,$53,$1176,$1953,$775,$0,$148,$2888,$4064,$515,$2206,$261,$2783,$3298,$14,$-2230,$-27,$766,$4064,$91,$115,$40,$155,$-70,$-6,$-16,$-61,$-160,$80,$-74,$0,$0,$40,$-558,$-518,$7,$-585,$-59,$0,$-59,$-3,$-3,$0,$0,$-62,$-570,$16,$0
17,2014-06-30,30.13,$5.63,5.35,$28.78,1.05,$-1.74,0.0,$0.88,34.24,$1.18B,$0.50B,2.33,$2.21B,$0.81B,2.71,$3.64B,$0.62B,17.15%,$3.64B,$0.30B,8.22%,$3.64B,$0.30B,8.22%,$3.64B,$0.45B,12.48%,$3.64B,$0.14B,3.88%,$3.64B,$0.12B,3.35%,$0.12B,$0.81B,21.91%,$0.12B,$0.81B,21.91%,$0.12B,$4.15B,3.04%,$0.30B,$3.02B,10.62%,$948,$773,$175,$0,$77,$850,$98,$-40,$58,$0,$58,$58,$57,$137,$98,$145,147,$0.39,$0.38,$315,$337,$51,$1176,$1994,$814,$0,$151,$2975,$4151,$504,$2207,$262,$2833,$3337,$14,$-2218,$14,$814,$4151,$102,$77,$-39,$38,$-54,$-17,$-18,$-8,$-120,$20,$-44,$0,$0,$2,$-557,$-555,$6,$-593,$1,$0,$1,$-2,$-2,$0,$0,$-1,$-575,$10,$0
18,2014-03-31,32.72,$4.93,6.64,$30.58,1.07,$-2.39,0.0,$0.72,45.44,$1.11B,$0.51B,2.19,$2.28B,$0.68B,3.36,$3.61B,$0.60B,16.64%,$3.61B,$0.28B,7.63%,$3.61B,$0.28B,7.63%,$3.61B,$0.43B,11.92%,$3.61B,$0.11B,3.05%,$3.61B,$0.09B,2.50%,$0.09B,$0.68B,24.78%,$0.09B,$0.68B,24.78%,$0.09B,$4.07B,2.31%,$0.28B,$2.96B,10.39%,$850,$707,$143,$0,$77,$784,$66,$-16,$50,$5,$45,$45,$45,$104,$66,$138,147,$0.33,$0.32,$251,$332,$52,$1109,$1998,$790,$0,$156,$2961,$4070,$507,$2280,$259,$2884,$3391,$14,$-2275,$18,$679,$4070,$45,$38,$-24,$14,$-56,$-12,$-20,$-13,$-121,$-64,$-34,$0,$0,$4,$-557,$-553,$2,$-585,$2,$0,$2,$-3,$-3,$0,$0,$-1,$-651,$5,$0
19,2013-12-31,28.38,$4.82,5.89,$32.10,0.88,$-2.85,0.0,$0.42,67.57,$1.70B,$0.57B,2.99,$2.29B,$0.66B,3.46,$3.57B,$0.58B,16.27%,$3.57B,$0.26B,7.23%,$3.57B,$0.26B,7.23%,$3.57B,$0.41B,11.57%,$3.57B,$0.06B,1.65%,$3.57B,$0.05B,1.32%,$0.05B,$0.66B,23.10%,$0.05B,$0.66B,23.10%,$0.05B,$4.12B,1.24%,$0.26B,$2.95B,10.35%,$915,$764,$151,$0,$91,$855,$60,$-53,$7,$10,$-3,$-3,$-3,$100,$60,$109,111,$-0.04,$-0.03,$897,$332,$47,$1700,$2103,$133,$0,$168,$2421,$4121,$568,$2292,$256,$2891,$3459,$14,$-2320,$24,$662,$4121,$46,$155,$58,$213,$-44,$-28,$-4,$-79,$-179,$80,$-122,$-17,$0,$-11,$-5,$-16,$-2,$-157,$357,$0,$357,$-5,$-5,$0,$-2,$350,$264,$19,$0
20,2013-09-30,28.58,$0.66,43.15,$31.55,0.91,$-2.36,0.0,$0.34,84.06,$1.33B,$0.59B,2.23,$2.25B,$0.07B,31.28,$3.47B,$0.52B,14.84%,$3.47B,$0.19B,5.48%,$3.47B,$0.19B,5.48%,$3.47B,$0.35B,9.94%,$3.47B,$-0.01B,-0.26%,$3.47B,$0.04B,1.07%,$0.04B,$0.07B,86.55%,$0.04B,$0.07B,86.55%,$0.04B,$3.71B,1.00%,$0.19B,$2.32B,8.14%,$925,$770,$155,$0,$80,$850,$75,$-49,$26,$2,$24,$24,$23,$113,$75,$109,111,$0.22,$0.21,$554,$327,$54,$1325,$2085,$38,$0,$226,$2389,$3714,$593,$2252,$260,$3049,$3642,$11,$-2317,$-252,$72,$3714,$50,$115,$11,$126,$-57,$-24,$-14,$-77,$-176,$12,$-71,$-17,$0,$-8,$-5,$-13,$-1,$-102,$4,$0,$4,$-6,$-6,$0,$3,$1,$-94,$14,$0
21,2013-06-30,23.05,$0.37,62.57,$30.93,0.75,$-1.83,0.0,$-0.15,0.0,$1.30B,$0.49B,2.66,$2.31B,$0.04B,57.7,$3.37B,$0.47B,13.82%,$3.37B,$0.14B,4.27%,$3.37B,$0.14B,4.27%,$3.37B,$0.30B,8.86%,$3.37B,$-0.05B,-1.60%,$3.37B,$-0.02B,-0.44%,$-0.02B,$0.04B,-27.15%,$-0.02B,$0.04B,-27.15%,$-0.02B,$3.69B,-0.41%,$0.14B,$2.35B,6.10%,$916,$765,$151,$0,$76,$842,$74,$-47,$27,$2,$25,$25,$25,$113,$74,$109,111,$0.23,$0.22,$530,$323,$48,$1301,$2094,$25,$0,$227,$2386,$3687,$490,$2308,$269,$3157,$3647,$11,$-2340,$-255,$40,$3687,$27,$77,$16,$93,$-63,$-19,$-32,$-20,$-165,$-45,$-46,$-17,$0,$-7,$-5,$-12,$0,$-75,$1,$0,$1,$-7,$-7,$0,$3,$-3,$-130,$9,$0
22,2013-03-31,26.44,$0.37,71.71,$30.21,0.88,$-1.30,0.0,$-0.90,0.0,$1.26B,$0.48B,2.62,$2.31B,$0.04B,57.63,$3.26B,$0.42B,12.81%,$3.26B,$0.10B,3.01%,$3.26B,$0.10B,3.01%,$3.26B,$0.25B,7.77%,$3.26B,$-0.14B,-4.39%,$3.26B,$-0.10B,-2.98%,$-0.10B,$0.04B,-124.36%,$-0.10B,$0.04B,-124.36%,$-0.10B,$3.67B,-2.64%,$0.10B,$2.35B,4.11%,$814,$690,$124,$0,$73,$765,$49,$-50,$-1,$-3,$2,$2,$2,$87,$49,$108,111,$0.02,$0.02,$495,$315,$45,$1257,$2115,$32,$0,$226,$2414,$3671,$480,$2305,$267,$3151,$3631,$11,$-2365,$-224,$40,$3671,$2,$38,$2,$40,$-68,$-11,$-37,$-1,$-147,$-100,$-25,$-17,$0,$-1,$0,$-1,$0,$-43,$-1,$0,$-1,$-8,$-8,$0,$2,$-7,$-151,$4,$0
23,2012-12-31,28.07,$0.18,159.31,$30.30,0.93,$-0.51,0.0,$-1.18,0.0,$1.33B,$0.55B,2.41,$2.31B,$0.02B,121.32,$3.22B,$0.40B,12.25%,$3.22B,$0.07B,2.26%,$3.22B,$0.07B,2.26%,$3.22B,$0.23B,7.10%,$3.22B,$-0.17B,-5.27%,$3.22B,$-0.13B,-3.91%,$-0.13B,$0.02B,-118.31%,$-0.13B,$0.02B,-118.31%,$-0.13B,$3.72B,-3.41%,$0.07B,$2.32B,3.03%,$815,$730,$85,$0,$80,$823,$-8,$-53,$-61,$3,$-64,$-64,$-13,$32,$-8,$106,106,$-0.12,$-0.12,$653,$304,$40,$1327,$2100,$25,$0,$233,$2396,$3723,$551,$2305,$270,$3153,$3704,$11,$-2367,$-233,$19,$3723,$-125,$156,$11,$167,$6,$-12,$27,$-15,$26,$68,$-56,$-16,$73,$154,$-18,$136,$1,$138,$-35,$0,$-35,$-2,$-2,$0,$-1,$-38,$181,$17,$0
24,2012-09-30,21.95,$1.14,19.33,$29.04,0.76,$-3.03,0.0,$-2.02,0.0,$1.29B,$0.56B,2.31,$2.31B,$0.12B,18.9,$3.07B,$0.33B,10.83%,$3.07B,$0.03B,1.07%,$3.07B,$0.03B,1.07%,$3.07B,$0.19B,6.18%,$3.07B,$-0.21B,-6.83%,$3.07B,$-0.21B,-6.93%,$-0.21B,$0.12B,-151.33%,$-0.21B,$0.12B,-151.33%,$-0.21B,$3.66B,-5.77%,$0.03B,$2.43B,1.35%,$828,$722,$106,$0,$74,$799,$29,$-48,$-19,$11,$-30,$-30,$-29,$67,$29,$107,107,$-0.28,$-0.28,$544,$302,$44,$1286,$2083,$41,$0,$233,$2378,$3664,$557,$2306,$673,$2985,$3542,$11,$-2355,$-139,$122,$3664,$-113,$116,$48,$164,$-33,$-11,$17,$-24,$-24,$27,$-27,$-16,$0,$154,$-18,$136,$-16,$77,$-33,$0,$-33,$-4,$-4,$0,$-3,$-40,$72,$15,$0
25,2012-06-30,19.05,$1.22,15.61,$28.57,0.67,$-5.06,0.0,$-2.83,0.0,$1.23B,$0.50B,2.44,$2.31B,$0.13B,17.6,$3.01B,$0.27B,9.07%,$3.01B,$-0.08B,-2.49%,$3.01B,$-0.08B,-2.49%,$3.01B,$0.08B,2.73%,$3.01B,$-0.32B,-10.73%,$3.01B,$-0.30B,-9.94%,$-0.30B,$0.13B,-146.57%,$-0.30B,$0.13B,-146.57%,$-0.30B,$3.65B,-8.02%,$-0.08B,$2.44B,-3.00%,$798,$696,$102,$0,$74,$770,$28,$-90,$-62,$-3,$-59,$-59,$-57,$67,$28,$106,106,$-0.53,$-0.53,$497,$307,$44,$1228,$2108,$54,$0,$235,$2421,$3649,$504,$2305,$703,$3014,$3518,$11,$-2325,$-157,$131,$3649,$-84,$78,$41,$119,$-43,$-1,$-6,$1,$-52,$-17,$-14,$-16,$0,$157,$-15,$142,$-16,$96,$-32,$0,$-32,$-4,$-4,$0,$-5,$-41,$40,$13,$0
26,2012-03-31,17.2,$1.46,11.82,$28.40,0.61,$-6.49,0.0,$-2.99,0.0,$1.30B,$0.53B,2.45,$2.30B,$0.15B,14.91,$2.97B,$0.22B,7.54%,$2.97B,$-0.12B,-4.17%,$2.97B,$-0.12B,-4.17%,$2.97B,$0.04B,1.28%,$2.97B,$-0.33B,-11.10%,$2.97B,$-0.31B,-10.50%,$-0.31B,$0.15B,-102.97%,$-0.31B,$0.15B,-102.97%,$-0.31B,$3.73B,-8.20%,$-0.12B,$2.45B,-4.77%,$783,$681,$102,$0,$76,$759,$24,$-52,$-28,$1,$-29,$-29,$-27,$63,$24,$106,106,$-0.26,$-0.26,$544,$313,$37,$1303,$2107,$65,$0,$233,$2430,$3733,$533,$2296,$744,$3046,$3579,$10,$-2268,$-156,$154,$3733,$-27,$39,$5,$44,$-67,$-7,$12,$14,$-49,$-32,$-3,$0,$0,$147,$-7,$140,$0,$137,$-1,$0,$-1,$-3,$-3,$0,$0,$-4,$105,$9,$0
27,2011-12-31,10.16,$1.48,6.86,$27.99,0.36,$-7.44,0.0,$-3.74,0.0,$1.24B,$0.52B,2.37,$2.30B,$0.16B,14.72,$2.91B,$0.16B,5.43%,$2.91B,$-0.21B,-7.08%,$2.91B,$-0.21B,-7.08%,$2.91B,$-0.04B,-1.44%,$2.91B,$-0.41B,-14.09%,$2.91B,$-0.39B,-13.40%,$-0.39B,$0.16B,-97.38%,$-0.39B,$0.16B,-97.38%,$-0.39B,$3.72B,-10.07%,$-0.21B,$2.45B,-7.63%,$665,$642,$23,$0,$66,$713,$-48,$-53,$-101,$3,$-104,$-104,$-100,$-7,$-48,$104,104,$-0.97,$-0.97,$530,$292,$54,$1239,$2104,$122,$0,$229,$2480,$3719,$524,$2297,$214,$3039,$3563,$10,$-2241,$-174,$156,$3719,$-390,$164,$63,$227,$-15,$-17,$17,$-11,$-41,$-205,$-45,$0,$0,$-10,$-4,$-14,$4,$-55,$-6,$0,$-6,$-3,$-3,$0,$0,$-9,$-264,$21,$0
28,2011-09-30,6.73,$3.56,1.89,$27.48,0.24,$-6.13,0.0,$-3.97,0.0,$1.28B,$0.54B,2.38,$2.30B,$0.38B,6.13,$2.84B,$0.15B,5.36%,$2.84B,$-0.26B,-9.20%,$2.84B,$-0.26B,-9.20%,$2.84B,$-0.10B,-3.39%,$2.84B,$-0.46B,-16.22%,$2.84B,$-0.41B,-14.49%,$-0.41B,$0.38B,-79.61%,$-0.41B,$0.38B,-79.61%,$-0.41B,$3.82B,-10.36%,$-0.26B,$2.67B,-9.27%,$763,$717,$46,$0,$66,$842,$-79,$-53,$-132,$-15,$-117,$-117,$-115,$-41,$-79,$105,105,$-1.09,$-1.09,$518,$320,$54,$1278,$2129,$160,$0,$240,$2541,$3819,$536,$2298,$602,$2908,$3444,$10,$-2141,$-53,$375,$3819,$-290,$123,$51,$174,$-50,$-29,$35,$-8,$-64,$-180,$-34,$0,$0,$-44,$-4,$-48,$2,$-80,$-5,$0,$-5,$-3,$-3,$0,$0,$-8,$-273,$19,$0
29,2011-06-30,14.34,$5.01,2.87,$27.80,0.52,$-5.50,0.0,$-3.88,0.0,$1.32B,$0.52B,2.52,$2.30B,$0.53B,4.36,$2.83B,$0.16B,5.55%,$2.83B,$-0.24B,-8.48%,$2.83B,$-0.24B,-8.48%,$2.83B,$-0.07B,-2.44%,$2.83B,$-0.43B,-15.19%,$2.83B,$-0.40B,-13.99%,$-0.40B,$0.53B,-66.22%,$-0.40B,$0.53B,-66.22%,$-0.40B,$3.95B,-9.96%,$-0.24B,$2.83B,-8.54%,$761,$708,$53,$0,$72,$782,$-21,$-48,$-69,$1,$-70,$-70,$-70,$23,$-21,$104,104,$-0.69,$-0.69,$562,$313,$56,$1319,$2221,$165,$0,$244,$2630,$3949,$524,$2299,$591,$2898,$3422,$10,$-2026,$-13,$527,$3949,$-175,$85,$18,$103,$-54,$-23,$19,$-12,$-82,$-154,$-24,$0,$0,$-45,$-4,$-49,$2,$-71,$-3,$0,$-3,$-3,$-3,$0,$0,$-6,$-227,$16,$0
30,2011-03-31,16.66,$5.27,3.16,$28.18,0.59,$-5.08,0.0,$-3.93,0.0,$1.37B,$0.54B,2.55,$2.30B,$0.54B,4.23,$2.84B,$0.16B,5.60%,$2.84B,$-0.24B,-8.59%,$2.84B,$-0.24B,-8.59%,$2.84B,$-0.07B,-2.54%,$2.84B,$-0.43B,-15.08%,$2.84B,$-0.40B,-14.09%,$-0.40B,$0.54B,-61.42%,$-0.40B,$0.54B,-61.42%,$-0.40B,$4.01B,-10.07%,$-0.24B,$2.84B,-8.78%,$721,$685,$36,$0,$85,$779,$-58,$-50,$-108,$-3,$-105,$-105,$-105,$-17,$-58,$103,103,$-1.01,$-1.01,$613,$306,$46,$1370,$2243,$160,$0,$239,$2642,$4012,$538,$2300,$624,$2930,$3468,$10,$-1956,$-33,$544,$4012,$-105,$41,$16,$57,$-71,$-16,$26,$-2,$-72,$-120,$-12,$0,$0,$-28,$-4,$-32,$0,$-44,$-1,$0,$-1,$-3,$-3,$0,$0,$-4,$-165,$13,$0
31,2010-12-31,16.83,$6.02,2.8,$28.39,0.59,$-4.89,0.0,$-4.02,0.0,$1.44B,$0.53B,2.72,$2.30B,$0.62B,3.72,$2.83B,$0.14B,4.83%,$2.83B,$-0.27B,-9.46%,$2.83B,$-0.27B,-9.46%,$2.83B,$-0.09B,-3.25%,$2.83B,$-0.45B,-15.77%,$2.83B,$-0.41B,-14.29%,$-0.41B,$0.62B,-56.23%,$-0.41B,$0.62B,-56.23%,$-0.41B,$4.09B,-10.20%,$-0.27B,$2.92B,-9.71%,$591,$574,$17,$0,$64,$694,$-103,$-48,$-151,$-25,$-126,$-126,$-121,$-61,$-103,$100,100,$-1.19,$-1.19,$761,$290,$50,$1437,$2266,$150,$0,$234,$2650,$4087,$529,$2301,$631,$2939,$3468,$10,$-1851,$-50,$619,$4087,$-405,$176,$25,$201,$28,$3,$8,$40,$109,$-95,$-15,$0,$0,$-280,$-1,$-281,$-2,$-298,$343,$0,$343,$-1,$-1,$0,$-16,$326,$-61,$23,$0
32,2010-09-30,13.19,$7.01,1.88,$29.76,0.44,$-2.67,0.0,$-8.86,0.0,$1.26B,$0.52B,2.45,$1.95B,$0.70B,2.78,$2.96B,$0.13B,4.32%,$2.96B,$-0.18B,-5.94%,$2.96B,$-0.18B,-5.94%,$2.96B,$0.01B,0.20%,$2.96B,$-0.35B,-11.88%,$2.96B,$-0.88B,-29.77%,$-0.88B,$0.70B,-110.53%,$-0.88B,$0.70B,-110.53%,$-0.88B,$3.86B,-22.19%,$-0.18B,$2.65B,-6.40%,$758,$707,$51,$0,$74,$816,$-58,$-44,$-102,$-2,$-100,$-100,$-100,$-14,$-58,$100,100,$-1.00,$-1.00,$480,$297,$67,$1262,$2300,$67,$0,$228,$2595,$3857,$515,$1952,$666,$2640,$3155,$10,$-1730,$-85,$702,$3857,$-284,$134,$30,$164,$-54,$-8,$18,$30,$-4,$-126,$-15,$0,$0,$-144,$0,$-144,$-1,$-160,$-5,$0,$-5,$-1,$-1,$0,$0,$-6,$-290,$20,$0
33,2010-06-30,12.08,$7.44,1.62,$30.47,0.4,$-0.82,0.0,$-8.82,0.0,$1.27B,$0.51B,2.51,$1.95B,$0.74B,2.64,$3.03B,$0.12B,3.80%,$3.03B,$-0.21B,-6.94%,$3.03B,$-0.21B,-6.94%,$3.03B,$0.02B,0.73%,$3.03B,$-0.38B,-12.59%,$3.03B,$-0.88B,-28.94%,$-0.88B,$0.74B,-88.33%,$-0.88B,$0.74B,-88.33%,$-0.88B,$3.93B,-20.99%,$-0.21B,$2.69B,-7.13%,$769,$714,$55,$0,$73,$794,$-25,$-42,$-67,$7,$-74,$-74,$-74,$20,$-25,$100,100,$-0.74,$-0.74,$487,$298,$72,$1274,$2352,$69,$0,$232,$2653,$3927,$507,$1953,$707,$2680,$3187,$10,$-1630,$-102,$740,$3927,$-184,$90,$-2,$88,$-57,$-8,$27,$18,$-18,$-121,$-8,$0,$0,$-145,$0,$-145,$0,$-153,$-3,$0,$-3,$-1,$-1,$0,$0,$-4,$-280,$17,$0
34,2010-03-31,17.16,$8.24,2.08,$31.10,0.55,$0.59,29.28,$-8.61,0.0,$1.31B,$0.52B,2.53,$1.95B,$0.82B,2.38,$3.09B,$0.11B,3.60%,$3.09B,$-0.23B,-7.29%,$3.09B,$-0.23B,-7.29%,$3.09B,$0.01B,0.32%,$3.09B,$-0.39B,-12.63%,$3.09B,$-0.86B,-27.70%,$-0.86B,$0.82B,-71.80%,$-0.86B,$0.82B,-71.98%,$-0.86B,$4.02B,-19.90%,$-0.23B,$2.77B,-7.32%,$716,$702,$14,$0,$84,$798,$-82,$-45,$-127,$-17,$-110,$-110,$-110,$-37,$-82,$99,99,$-1.10,$-1.10,$515,$296,$69,$1312,$2403,$72,$0,$232,$2707,$4019,$518,$1954,$710,$2681,$3199,$10,$-1556,$-92,$820,$4019,$-110,$45,$-7,$38,$-70,$-5,$31,$15,$-27,$-102,$-6,$0,$0,$-115,$0,$-115,$0,$-121,$-1,$0,$-1,$0,$0,$0,$0,$-1,$-220,$12,$0
35,2009-12-31,14.05,$9.37,1.5,$32.60,0.43,$1.21,11.62,$-7.93,0.0,$1.43B,$0.49B,2.91,$1.96B,$0.93B,2.1,$3.24B,$0.15B,4.48%,$3.24B,$-0.19B,-5.72%,$3.24B,$-0.19B,-5.72%,$3.24B,$0.06B,1.89%,$3.24B,$-0.34B,-10.42%,$3.24B,$-0.79B,-24.33%,$-0.79B,$0.93B,-57.93%,$-0.79B,$0.93B,-58.19%,$-0.79B,$4.10B,-17.87%,$-0.19B,$2.89B,-5.85%,$720,$712,$8,$0,$85,$731,$-11,$-45,$-56,$542,$-598,$-598,$-598,$37,$-11,$99,99,$-6.02,$-6.02,$692,$289,$71,$1431,$2427,$0,$0,$239,$2666,$4097,$492,$1955,$703,$2675,$3167,$10,$-1446,$-80,$930,$4097,$-787,$246,$467,$713,$108,$113,$-8,$27,$213,$139,$-28,$0,$0,$0,$-7,$-7,$-1,$-36,$124,$0,$124,$0,$0,$0,$-15,$109,$219,$21,$0
36,2009-09-30,17.18,$14.88,1.15,$35.25,0.49,$-3.98,0.0,$-3.65,0.0,$1.50B,$0.53B,2.82,$1.96B,$1.48B,1.32,$3.50B,$0.14B,4.09%,$3.50B,$-0.56B,-15.88%,$3.50B,$-0.56B,-15.88%,$3.50B,$-0.08B,-2.32%,$3.50B,$-0.68B,-19.31%,$3.50B,$-0.54B,-15.39%,$-0.54B,$1.48B,-35.55%,$-0.54B,$1.48B,-35.76%,$-0.54B,$4.65B,-11.80%,$-0.56B,$3.43B,-17.13%,$822,$784,$38,$0,$67,$914,$-92,$-39,$-131,$-37,$-94,$-94,$-94,$2,$-92,$99,99,$-0.96,$-0.96,$623,$319,$88,$1498,$2454,$0,$0,$256,$3156,$4654,$531,$1956,$683,$2646,$3177,$10,$-848,$-126,$1477,$4654,$-189,$198,$-90,$108,$58,$82,$26,$-9,$135,$70,$-26,$0,$0,$0,$-7,$-7,$-1,$-34,$125,$0,$125,$0,$0,$0,$-16,$109,$150,$17,$0
37,2009-06-30,10.07,$15.48,0.65,$39.18,0.26,$-7.97,0.0,$-3.09,0.0,$1.24B,$0.49B,2.54,$1.66B,$1.54B,1.08,$3.89B,$0.17B,4.35%,$3.89B,$-0.50B,-12.74%,$3.89B,$-0.50B,-12.74%,$3.89B,$-0.07B,-1.85%,$3.89B,$-0.60B,-15.39%,$3.89B,$-0.48B,-12.36%,$-0.48B,$1.54B,-28.97%,$-0.48B,$1.52B,-30.17%,$-0.48B,$4.42B,-10.46%,$-0.50B,$3.20B,-15.19%,$829,$778,$51,$0,$72,$869,$-40,$-36,$-76,$-23,$-53,$-53,$-53,$8,$-40,$99,99,$-0.53,$-0.53,$303,$330,$85,$1239,$2480,$0,$12,$275,$3176,$4415,$488,$1663,$721,$2391,$2879,$10,$-754,$-160,$1536,$4415,$-95,$104,$-60,$44,$25,$71,$-1,$38,$74,$29,$-18,$0,$0,$0,$-6,$-6,$0,$-24,$-167,$0,$-167,$0,$0,$0,$-8,$-175,$-169,$14,$0
38,2009-03-31,7.61,$15.03,0.51,$43.45,0.18,$-10.74,0.0,$-2.96,0.0,$1.27B,$0.52B,2.43,$1.64B,$1.49B,1.1,$4.31B,$0.19B,4.50%,$4.31B,$-0.49B,-11.47%,$4.31B,$-0.49B,-11.47%,$4.31B,$-0.07B,-1.72%,$4.31B,$-0.58B,-13.49%,$4.31B,$-0.46B,-10.77%,$-0.46B,$1.49B,-25.52%,$-0.46B,$1.48B,-27.32%,$-0.46B,$4.45B,-9.89%,$-0.49B,$3.13B,-14.74%,$864,$816,$48,$0,$80,$906,$-42,$-32,$-74,$-32,$-42,$-42,$-42,$14,$-42,$99,99,$-0.42,$-0.42,$224,$375,$99,$1267,$2485,$0,$12,$269,$3179,$4446,$522,$1641,$786,$2433,$2955,$10,$-701,$-254,$1491,$4446,$-42,$56,$-33,$23,$-20,$29,$12,$14,$-14,$-30,$-16,$0,$0,$0,$0,$0,$0,$-16,$-199,$0,$-199,$0,$0,$0,$0,$-199,$-248,$10,$0
39,2008-12-31,8.04,$15.63,0.51,$46.51,0.17,$-11.81,0.0,$-2.99,0.0,$1.49B,$0.76B,1.98,$1.64B,$1.55B,1.06,$4.61B,$0.19B,4.17%,$4.61B,$-0.51B,-11.11%,$4.61B,$-0.51B,-11.11%,$4.61B,$-0.10B,-2.26%,$4.61B,$-0.58B,-12.61%,$4.61B,$-0.46B,-10.05%,$-0.46B,$1.55B,-23.25%,$-0.46B,$1.54B,-25.48%,$-0.46B,$4.72B,-9.73%,$-0.51B,$3.19B,-14.95%,$981,$975,$6,$0,$93,$1362,$-381,$-13,$-394,$-45,$-349,$-349,$-349,$-105,$-381,$99,99,$-3.52,$-3.52,$472,$404,$68,$1494,$2562,$0,$12,$277,$3225,$4719,$756,$1642,$764,$2413,$3169,$10,$-659,$-227,$1550,$4719,$-463,$408,$-95,$313,$-37,$27,$-78,$2,$-15,$-165,$-238,$0,$-1,$0,$-12,$-12,$-1,$-252,$619,$0,$619,$0,$0,$0,$-11,$608,$174,$24,$0
40,2008-09-30,25.6,$20.67,1.24,$48.94,0.52,$1.00,25.73,$-1.53,0.0,$1.25B,$0.61B,2.06,$1.46B,$2.05B,0.71,$4.83B,$0.26B,5.28%,$4.83B,$-0.17B,-3.56%,$4.83B,$-0.17B,-3.56%,$4.83B,$0.00B,0.06%,$4.83B,$-0.24B,-5.05%,$4.83B,$-0.14B,-2.92%,$-0.14B,$2.05B,-6.53%,$-0.14B,$1.82B,-7.30%,$-0.14B,$4.77B,-2.97%,$-0.17B,$3.51B,-4.93%,$1211,$1147,$64,$0,$91,$1243,$-32,$-22,$-54,$-18,$-36,$-36,$-36,$11,$-32,$99,99,$-0.36,$-0.36,$159,$419,$78,$1253,$2643,$0,$227,$329,$3515,$4768,$607,$1464,$636,$2111,$2718,$10,$-354,$-28,$2050,$4768,$-114,$132,$-59,$73,$-101,$-60,$28,$-11,$-98,$-143,$-209,$0,$-1,$0,$0,$0,$0,$-210,$226,$0,$226,$0,$0,$0,$-8,$218,$-138,$21,$0
41,2008-06-30,29.57,$22.02,1.34,$50.18,0.59,$13.70,2.16,$-1.06,0.0,$1.32B,$0.64B,2.07,$1.39B,$2.18B,0.64,$4.95B,$0.31B,6.24%,$4.95B,$-0.12B,-2.32%,$4.95B,$-0.12B,-2.32%,$4.95B,$0.06B,1.27%,$4.95B,$-0.18B,-3.64%,$4.95B,$-0.10B,-1.98%,$-0.10B,$2.18B,-4.50%,$-0.10B,$1.95B,-5.02%,$-0.10B,$4.84B,-2.08%,$-0.12B,$3.57B,-3.33%,$1251,$1175,$76,$0,$94,$1290,$-39,$-20,$-59,$-22,$-37,$-37,$-37,$6,$-39,$99,99,$-0.37,$-0.37,$181,$416,$123,$1315,$2665,$0,$229,$346,$3525,$4840,$636,$1385,$626,$2022,$2658,$10,$-314,$65,$2182,$4840,$-78,$89,$-44,$45,$-122,$-50,$80,$4,$-57,$-91,$-172,$0,$-1,$0,$0,$0,$0,$-173,$147,$0,$147,$0,$0,$0,$-1,$146,$-116,$18,$0
42,2008-03-31,36.82,$22.05,1.67,$51.73,0.71,$25.70,1.43,$-0.10,0.0,$1.25B,$0.66B,1.9,$1.24B,$2.18B,0.57,$5.11B,$0.44B,8.52%,$5.11B,$0.01B,0.23%,$5.11B,$0.01B,0.23%,$5.11B,$0.18B,3.60%,$5.11B,$-0.05B,-0.88%,$5.11B,$-0.00B,-0.10%,$-0.00B,$2.18B,-0.23%,$-0.00B,$1.96B,-0.26%,$-0.00B,$4.71B,-0.11%,$0.01B,$3.42B,0.35%,$1165,$1119,$46,$0,$102,$1225,$-60,$-14,$-74,$-33,$-41,$-41,$-41,$-16,$-60,$99,99,$-0.42,$-0.42,$190,$390,$88,$1251,$2648,$0,$229,$318,$3461,$4712,$658,$1238,$622,$1870,$2528,$10,$-274,$31,$2184,$4712,$-41,$44,$-23,$21,$-90,$-19,$66,$12,$-28,$-47,$-105,$0,$0,$0,$0,$0,$0,$-105,$45,$0,$45,$0,$0,$0,$-1,$44,$-107,$14,$0
43,2007-12-31,35.79,$22.47,1.59,$53.70,0.67,$37.73,0.95,$0.80,44.74,$1.28B,$0.57B,2.27,$1.24B,$2.23B,0.56,$5.20B,$0.60B,11.55%,$5.20B,$0.17B,3.21%,$5.20B,$0.17B,3.21%,$5.20B,$0.34B,6.59%,$5.20B,$0.09B,1.69%,$5.20B,$0.08B,1.48%,$0.08B,$2.23B,3.63%,$0.08B,$2.00B,4.21%,$0.08B,$4.65B,1.66%,$0.17B,$3.46B,4.97%,$1200,$1131,$69,$0,$102,$1241,$-41,$-16,$-57,$-30,$-27,$-27,$-27,$2,$-41,$97,97,$-0.28,$-0.29,$297,$431,$57,$1284,$2596,$0,$226,$320,$3370,$4654,$567,$1238,$613,$1861,$2428,$10,$-196,$9,$2226,$4654,$77,$176,$-15,$161,$91,$5,$-60,$4,$1044,$1307,$-457,$0,$-279,$0,$0,$0,$6,$-730,$-1266,$0,$-1266,$422,$422,$0,$-9,$-853,$-268,$20,$0
44,2007-09-30,37.55,$21.49,1.75,$60.81,0.62,$-32.50,0.0,$2.19,17.15,$1.43B,$0.61B,2.35,$1.24B,$2.13B,0.58,$5.30B,$0.81B,15.35%,$5.30B,$0.38B,7.08%,$5.30B,$0.38B,7.08%,$5.30B,$0.55B,10.29%,$5.30B,$0.32B,5.99%,$5.30B,$0.21B,4.02%,$0.21B,$2.13B,10.93%,$0.21B,$1.90B,12.72%,$0.21B,$4.67B,4.42%,$0.38B,$3.37B,11.58%,$1335,$1217,$118,$0,$90,$1310,$25,$-15,$10,$3,$7,$7,$7,$71,$25,$99,99,$0.07,$0.07,$353,$379,$78,$1434,$2477,$0,$228,$262,$3237,$4671,$611,$1238,$684,$1932,$2543,$10,$-205,$-78,$2128,$4671,$104,$133,$4,$137,$-24,$5,$-2,$-15,$988,$1248,$-340,$0,$-280,$0,$0,$0,$6,$-614,$-1266,$0,$-1266,$422,$422,$0,$-9,$-853,$-212,$18,$0
45,2007-06-30,49.04,$21.27,2.31,$63.80,0.77,$-52.78,0.0,$3.83,12.8,$1.57B,$0.62B,2.51,$1.24B,$2.10B,0.59,$5.44B,$1.04B,19.14%,$5.44B,$0.61B,11.18%,$5.44B,$0.61B,11.18%,$5.44B,$0.77B,14.10%,$5.44B,$0.57B,10.42%,$5.44B,$0.36B,6.60%,$0.36B,$2.10B,19.89%,$0.36B,$1.75B,22.99%,$0.36B,$4.67B,6.84%,$0.61B,$3.34B,21.38%,$1408,$1206,$202,$0,$99,$1320,$88,$-12,$76,$20,$56,$56,$56,$127,$88,$99,99,$0.56,$0.56,$380,$369,$98,$1566,$2386,$0,$358,$103,$3100,$4666,$624,$1239,$687,$1938,$2562,$10,$-212,$-98,$2104,$4666,$97,$87,$-7,$80,$-88,$15,$15,$-5,$962,$1151,$-223,$0,$-279,$0,$0,$0,$6,$-496,$-1265,$0,$-1265,$422,$422,$0,$0,$-843,$-185,$15,$0
46,2007-03-31,46.68,$20.52,2.27,$76.72,0.61,$-75.57,0.0,$6.30,7.41,$1.62B,$0.65B,2.49,$1.24B,$2.03B,0.61,$5.60B,$1.24B,22.11%,$5.60B,$0.84B,14.95%,$5.60B,$0.84B,14.95%,$5.60B,$0.99B,17.68%,$5.60B,$0.78B,13.85%,$5.60B,$0.48B,8.55%,$0.48B,$2.03B,39.90%,$0.48B,$1.67B,46.95%,$0.48B,$4.59B,8.72%,$0.84B,$3.27B,42.12%,$1259,$1047,$212,$0,$117,$1164,$95,$-36,$59,$18,$41,$41,$41,$143,$95,$91,92,$0.45,$0.45,$411,$380,$82,$1624,$2295,$0,$357,$98,$2966,$4590,$652,$1239,$659,$1908,$2560,$10,$-268,$-112,$2030,$4590,$41,$48,$45,$93,$-82,$5,$-12,$0,$932,$1073,$-111,$0,$-279,$0,$0,$0,$6,$-384,$-1265,$0,$-1265,$422,$422,$0,$0,$-843,$-154,$11,$0
47,2006-12-31,54.8,$17.07,3.21,$88.34,0.62,$-85.86,0.0,$2.70,20.3,$2.71B,$1.76B,1.54,$1.44B,$1.53B,0.94,$5.81B,$1.38B,23.82%,$5.81B,$1.00B,17.19%,$5.81B,$1.00B,17.19%,$5.81B,$1.14B,19.57%,$5.81B,$0.49B,8.43%,$5.81B,$0.30B,5.11%,$0.30B,$1.53B,52.20%,$0.30B,$1.38B,65.74%,$0.30B,$5.37B,4.97%,$1.00B,$2.97B,95.30%,$1294,$1013,$281,$0,$114,$1127,$167,$5,$172,$63,$109,$109,$109,$204,$167,$66,67,$2.17,$2.16,$571,$348,$69,$2707,$2210,$0,$154,$107,$2658,$5365,$1764,$1439,$617,$2067,$3831,$9,$-307,$-136,$1534,$5365,$297,$138,$-3557,$-3419,$-12,$-32,$38,$528,$-598,$-3703,$-390,$0,$-128,$565,$0,$565,$72,$119,$2265,$0,$2265,$1734,$1734,$0,$-787,$3212,$-371,$17,$0
