,Date,Stock Price,Book Value per Share,Price to Book Ratio,TTM Sales per Share,Price to Sales Ratio,TTM FCF per Share,Price to FCF Ratio,TTM Net EPS,PE Ratio,Current Assets,Current Liabilities,Current Ratio,Long Term Debt,Shareholder's Equity_x,Debt to Equity Ratio,TTM Revenue_x,TTM Gross Profit,Gross Margin,TTM Revenue_y,TTM Operating Income,Operating Margin,TTM Revenue_x,TTM EBIT,EBIT Margin,TTM Revenue_y,TTM EBITDA,EBITDA Margin,TTM Revenue_x,TTM Pre-Tax Income,Pre-Tax Margin,TTM Revenue_y,TTM Net Income_x,Net Margin,TTM Net Income_y,Shareholder's Equity_y,Return on Equity,TTM Net Income_x,Tangible Equity,Return on Tangible Equity,TTM Net Income_y,Total Assets,Return on Assets,TTM Net Income,LT Investments & Debt,Return on Investment,revenue,cost-goods-sold,gross-profit,research-development-expenses,selling-general-administrative-expenses,operating-expenses,operating-income,total-non-operating-income-expense,pre-tax-income,total-provision-income-taxes,income-after-taxes,income-from-continuous-operations,net-income,ebitda,ebit,basic-shares-outstanding,shares-outstanding,eps-basic-net-earnings-per-share,eps-earnings-per-share-diluted,cash-on-hand,inventory,other-current-assets,total-current-assets,net-property-plant-equipment,long-term-investments,goodwill-intangible-assets-total,other-long-term-assets,total-long-term-assets,total-assets,total-current-liabilities,long-term-debt,other-non-current-liabilities,total-long-term-liabilities,total-liabilities,common-stock-net,retained-earnings-accumulated-deficit,comprehensive-income,total-share-holder-equity,total-liabilities-share-holders-equity,net-income-loss,total-depreciation-amortization-cash-flow,other-non-cash-items,total-non-cash-items,change-in-accounts-receivable,change-in-inventories,change-in-accounts-payable,change-in-assets-liabilities,total-change-in-assets-liabilities,cash-flow-from-operating-activities,net-change-in-property-plant-equipment,net-change-in-intangible-assets,net-acquisitions-divestitures,net-change-in-short-term-investments,net-change-in-long-term-investments,net-change-in-investments-total,investing-activities-other,cash-flow-from-investing-activities,net-long-term-debt,net-current-debt,debt-issuance-retirement-net-total,net-common-equity-issued-repurchased,net-total-equity-issued-repurchased,total-common-preferred-stock-dividends-paid,financial-activities-other,cash-flow-from-financial-activities,net-cash-flow,stock-based-compensation,common-stock-dividends-paid
0,2018-09-30,78.95,$39.17,2.02,$25.91,3.05,$2.18,36.18,$4.82,16.38,$0.12B,$0.01B,9.86,$0.00B,$0.22B,0.0,$0.14B,$0.03B,22.22%,$0.14B,$0.02B,14.58%,$0.14B,$0.02B,14.58%,$0.14B,$0.04B,26.39%,$0.14B,$0.02B,15.28%,$0.14B,$0.03B,19.44%,$0.03B,$0.22B,13.21%,$0.03B,$0.22B,13.21%,$0.03B,$0.25B,11.86%,$0.02B,$0.22B,9.91%,$35,$28,$7,$0,$3,$31,$4,$0,$5,$0,$5,$5,$5,$9,$4,$6,6,$0.81,$0.81,$83,$13,$0,$117,$129,$0,$0,$1,$129,$246,$12,$0,$1,$15,$27,$1,$247,$-0,$219,$246,$15,$13,$3,$16,$-2,$0,$0,$1,$1,$32,$-31,$0,$0,$0,$0,$0,$0,$-31,$0,$0,$0,$-0,$-0,$-2,$0,$-2,$-2,$1,$-2
1,2018-06-30,83.9,$38.42,2.18,$26.22,3.2,$3.85,21.81,$5.02,16.71,$0.12B,$0.01B,13.64,$0.00B,$0.22B,0.0,$0.15B,$0.04B,23.97%,$0.15B,$0.02B,16.44%,$0.15B,$0.02B,16.44%,$0.15B,$0.04B,27.40%,$0.15B,$0.02B,16.44%,$0.15B,$0.03B,19.86%,$0.03B,$0.22B,14.09%,$0.03B,$0.22B,14.09%,$0.03B,$0.24B,12.61%,$0.02B,$0.22B,11.66%,$39,$30,$10,$0,$3,$32,$7,$0,$7,$1,$7,$7,$7,$11,$7,$6,6,$1.19,$1.18,$82,$12,$0,$118,$120,$0,$0,$1,$121,$239,$9,$0,$1,$15,$24,$1,$243,$-0,$215,$239,$11,$9,$2,$11,$-4,$1,$0,$0,$-3,$18,$-19,$0,$0,$0,$0,$0,$0,$-19,$0,$0,$0,$-0,$-0,$-2,$0,$-2,$-3,$1,$-2
2,2018-03-31,73.05,$37.38,1.95,$25.76,2.84,$5.54,13.18,$4.78,15.28,$0.12B,$0.01B,15.27,$0.00B,$0.21B,0.0,$0.14B,$0.03B,23.61%,$0.14B,$0.02B,15.97%,$0.14B,$0.02B,15.97%,$0.14B,$0.04B,27.08%,$0.14B,$0.02B,15.97%,$0.14B,$0.03B,18.75%,$0.03B,$0.21B,13.55%,$0.03B,$0.21B,13.55%,$0.03B,$0.23B,11.99%,$0.02B,$0.21B,11.54%,$35,$28,$7,$0,$3,$31,$5,$0,$5,$1,$4,$4,$4,$9,$5,$6,6,$0.76,$0.76,$83,$13,$0,$118,$113,$0,$0,$1,$114,$231,$8,$0,$1,$14,$22,$1,$237,$0,$209,$231,$4,$4,$1,$5,$-3,$1,$0,$0,$-3,$7,$-8,$0,$0,$0,$0,$0,$0,$-8,$0,$0,$0,$0,$0,$-1,$0,$-1,$-2,$0,$-1
3,2017-12-31,76.83,$36.72,2.09,$25.93,2.96,$6.06,12.67,$4.85,15.84,$0.12B,$0.01B,12.61,$0.00B,$0.21B,0.0,$0.15B,$0.04B,24.14%,$0.15B,$0.02B,16.55%,$0.15B,$0.02B,16.55%,$0.15B,$0.04B,27.59%,$0.15B,$0.02B,16.55%,$0.15B,$0.03B,19.31%,$0.03B,$0.21B,14.51%,$0.03B,$0.21B,14.51%,$0.03B,$0.23B,12.67%,$0.02B,$0.21B,12.44%,$35,$27,$8,$0,$3,$30,$5,$0,$5,$-6,$12,$12,$12,$9,$5,$6,6,$2.07,$2.08,$85,$14,$0,$118,$110,$0,$0,$1,$110,$228,$9,$0,$1,$14,$23,$1,$234,$0,$205,$228,$27,$17,$-6,$11,$0,$-1,$0,$-2,$-4,$34,$-21,$0,$0,$0,$0,$0,$0,$-21,$0,$0,$0,$-0,$-0,$-3,$0,$-3,$10,$1,$-3
4,2017-09-30,83.57,$34.83,2.4,$25.75,3.25,$7.30,11.45,$3.48,24.01,$0.12B,$0.01B,14.61,$0.00B,$0.19B,0.0,$0.14B,$0.03B,23.61%,$0.14B,$0.02B,16.67%,$0.14B,$0.02B,16.67%,$0.14B,$0.04B,27.78%,$0.14B,$0.02B,16.67%,$0.14B,$0.02B,13.89%,$0.02B,$0.19B,10.71%,$0.02B,$0.19B,10.71%,$0.02B,$0.22B,9.24%,$0.02B,$0.19B,12.85%,$37,$27,$10,$0,$3,$30,$7,$0,$7,$1,$6,$6,$6,$11,$7,$6,6,$1.02,$1.01,$82,$13,$0,$115,$108,$0,$0,$0,$108,$222,$8,$0,$1,$20,$28,$1,$223,$0,$194,$222,$16,$13,$-0,$13,$-1,$-0,$0,$-0,$-4,$24,$-14,$0,$0,$0,$0,$0,$0,$-14,$0,$0,$0,$-0,$-0,$-2,$0,$-2,$8,$1,$-2
5,2017-06-30,77.94,$33.86,2.3,$26.08,2.99,$8.00,9.74,$3.56,21.89,$0.11B,$0.01B,11.13,$0.00B,$0.19B,0.0,$0.15B,$0.04B,23.97%,$0.15B,$0.03B,17.12%,$0.15B,$0.03B,17.12%,$0.15B,$0.04B,28.08%,$0.15B,$0.03B,17.12%,$0.15B,$0.02B,13.70%,$0.02B,$0.19B,10.97%,$0.02B,$0.19B,10.97%,$0.02B,$0.22B,9.42%,$0.03B,$0.19B,13.72%,$37,$28,$9,$0,$3,$30,$6,$0,$6,$1,$5,$5,$5,$10,$6,$6,6,$0.95,$0.94,$82,$11,$0,$113,$106,$0,$0,$0,$107,$220,$10,$0,$2,$21,$31,$1,$218,$0,$189,$220,$10,$8,$-0,$8,$-2,$1,$0,$0,$-1,$17,$-8,$0,$0,$0,$0,$0,$0,$-8,$0,$0,$0,$-0,$-0,$-2,$0,$-2,$7,$1,$-2
6,2017-03-31,78.31,$32.94,2.38,$25.45,3.08,$7.75,10.1,$3.28,23.87,$0.11B,$0.01B,11.92,$0.00B,$0.18B,0.0,$0.14B,$0.03B,23.24%,$0.14B,$0.02B,16.90%,$0.14B,$0.02B,16.90%,$0.14B,$0.04B,28.17%,$0.14B,$0.02B,16.90%,$0.14B,$0.02B,13.38%,$0.02B,$0.18B,10.69%,$0.02B,$0.18B,10.69%,$0.02B,$0.21B,9.19%,$0.02B,$0.18B,13.50%,$36,$28,$8,$0,$2,$30,$6,$0,$6,$1,$5,$5,$5,$10,$6,$6,6,$0.83,$0.83,$76,$12,$0,$109,$105,$0,$0,$0,$105,$214,$9,$0,$1,$21,$30,$1,$214,$-0,$184,$214,$5,$4,$-0,$4,$-3,$1,$0,$-0,$-3,$6,$-4,$0,$0,$0,$0,$0,$0,$-4,$0,$0,$0,$-0,$-0,$-1,$0,$-1,$1,$0,$-1
7,2016-12-31,74.97,$32.23,2.33,$25.00,3.0,$8.12,9.24,$3.18,23.58,$0.11B,$0.01B,11.53,$0.00B,$0.18B,0.0,$0.14B,$0.03B,23.57%,$0.14B,$0.02B,16.43%,$0.14B,$0.02B,16.43%,$0.14B,$0.04B,27.86%,$0.14B,$0.02B,16.43%,$0.14B,$0.02B,12.86%,$0.02B,$0.18B,10.36%,$0.02B,$0.18B,10.36%,$0.02B,$0.21B,8.90%,$0.02B,$0.18B,13.24%,$34,$27,$7,$0,$2,$29,$5,$0,$5,$1,$4,$4,$4,$9,$5,$6,6,$0.71,$0.71,$75,$12,$0,$105,$105,$0,$0,$0,$105,$210,$9,$0,$2,$21,$31,$1,$210,$-0,$180,$210,$18,$16,$2,$18,$-1,$2,$0,$-0,$2,$38,$-17,$0,$-0,$0,$0,$0,$0,$-18,$0,$0,$0,$-3,$-3,$-3,$0,$-6,$15,$1,$-3
8,2016-09-30,65.21,$31.71,2.06,$24.45,2.67,$8.29,7.87,$2.89,22.56,$0.10B,$0.01B,13.58,$0.00B,$0.18B,0.0,$0.14B,$0.03B,22.63%,$0.14B,$0.02B,15.33%,$0.14B,$0.02B,15.33%,$0.14B,$0.04B,27.01%,$0.14B,$0.02B,15.33%,$0.14B,$0.02B,11.68%,$0.02B,$0.18B,9.38%,$0.02B,$0.18B,9.38%,$0.02B,$0.21B,8.05%,$0.02B,$0.18B,12.32%,$39,$28,$11,$0,$2,$31,$8,$0,$8,$2,$6,$6,$6,$12,$8,$6,6,$1.09,$1.09,$69,$13,$0,$102,$103,$0,$0,$0,$104,$205,$7,$0,$2,$21,$29,$1,$207,$0,$176,$205,$14,$12,$1,$13,$-3,$2,$0,$1,$-1,$26,$-12,$0,$0,$0,$0,$0,$0,$-12,$0,$0,$0,$-3,$-3,$-2,$0,$-5,$9,$1,$-2
9,2016-06-30,58.17,$30.69,1.9,$24.12,2.41,$8.51,6.84,$2.81,20.7,$0.10B,$0.01B,15.23,$0.00B,$0.17B,0.0,$0.14B,$0.03B,22.22%,$0.14B,$0.02B,15.56%,$0.14B,$0.02B,15.56%,$0.14B,$0.04B,27.41%,$0.14B,$0.02B,15.56%,$0.14B,$0.02B,11.85%,$0.02B,$0.17B,9.54%,$0.02B,$0.17B,9.54%,$0.02B,$0.20B,8.17%,$0.02B,$0.17B,12.52%,$33,$26,$7,$0,$2,$28,$5,$0,$5,$1,$4,$4,$4,$9,$5,$6,6,$0.66,$0.66,$63,$13,$0,$95,$103,$0,$0,$0,$103,$198,$6,$0,$2,$21,$27,$1,$201,$0,$171,$198,$8,$8,$1,$9,$-2,$1,$0,$0,$-1,$15,$-8,$0,$0,$0,$0,$0,$0,$-8,$0,$0,$0,$-3,$-3,$-1,$0,$-4,$3,$0,$-1
10,2016-03-31,59.03,$30.12,1.96,$24.00,2.46,$8.61,6.86,$2.61,22.62,$0.09B,$0.01B,13.15,$0.00B,$0.17B,0.0,$0.13B,$0.03B,22.39%,$0.13B,$0.02B,15.67%,$0.13B,$0.02B,15.67%,$0.13B,$0.04B,27.61%,$0.13B,$0.02B,14.18%,$0.13B,$0.02B,11.19%,$0.02B,$0.17B,9.09%,$0.02B,$0.17B,9.09%,$0.02B,$0.20B,7.78%,$0.02B,$0.17B,12.73%,$34,$26,$8,$0,$2,$28,$5,$-0,$5,$1,$4,$4,$4,$9,$5,$6,6,$0.73,$0.73,$61,$14,$0,$92,$103,$0,$0,$0,$104,$196,$7,$0,$2,$21,$28,$1,$198,$0,$168,$196,$4,$4,$0,$4,$-1,$1,$0,$0,$-1,$8,$-4,$0,$0,$0,$0,$0,$0,$-4,$0,$0,$0,$-3,$-3,$-1,$0,$-3,$1,$0,$-1
11,2015-12-31,53.93,$29.72,1.81,$23.35,2.31,$8.64,6.25,$2.30,23.45,$0.09B,$0.01B,10.52,$0.00B,$0.17B,0.0,$0.13B,$0.03B,21.54%,$0.13B,$0.02B,14.62%,$0.13B,$0.02B,14.62%,$0.13B,$0.04B,26.92%,$0.13B,$0.02B,13.08%,$0.13B,$0.01B,10.00%,$0.01B,$0.17B,8.01%,$0.01B,$0.17B,8.01%,$0.01B,$0.20B,6.71%,$0.02B,$0.17B,11.71%,$31,$26,$5,$0,$2,$28,$3,$0,$3,$1,$2,$2,$2,$7,$3,$6,6,$0.41,$0.41,$60,$15,$0,$92,$104,$0,$0,$0,$105,$196,$9,$0,$2,$21,$30,$1,$195,$0,$167,$196,$13,$16,$1,$17,$2,$-1,$0,$2,$3,$32,$-11,$0,$-0,$0,$0,$0,$0,$-11,$-17,$0,$-17,$-0,$-0,$-3,$0,$-20,$2,$1,$-3
12,2015-09-30,44.69,$29.46,1.52,$24.09,1.85,$8.49,5.26,$2.56,17.46,$0.09B,$0.01B,11.32,$0.00B,$0.17B,0.0,$0.13B,$0.03B,23.13%,$0.13B,$0.02B,15.67%,$0.13B,$0.02B,15.67%,$0.13B,$0.04B,27.61%,$0.13B,$0.02B,14.18%,$0.13B,$0.02B,11.19%,$0.02B,$0.17B,9.42%,$0.02B,$0.17B,9.42%,$0.02B,$0.19B,7.70%,$0.02B,$0.17B,13.19%,$37,$27,$10,$0,$2,$29,$8,$-0,$8,$2,$6,$6,$6,$12,$8,$6,6,$1.01,$1.01,$55,$14,$0,$89,$105,$0,$0,$0,$105,$193,$8,$0,$1,$21,$28,$1,$193,$0,$165,$193,$11,$12,$0,$12,$-2,$-1,$0,$2,$-0,$23,$-8,$0,$0,$0,$0,$0,$0,$-8,$-17,$0,$-17,$-0,$-0,$-2,$0,$-19,$-4,$1,$-2
13,2015-06-30,56.76,$28.51,1.99,$24.48,2.32,$8.45,6.72,$2.52,22.52,$0.08B,$0.01B,13.75,$0.00B,$0.16B,0.0,$0.14B,$0.03B,22.79%,$0.14B,$0.02B,14.71%,$0.14B,$0.02B,14.71%,$0.14B,$0.04B,26.47%,$0.14B,$0.02B,13.24%,$0.14B,$0.01B,10.29%,$0.01B,$0.16B,8.99%,$0.01B,$0.16B,8.99%,$0.01B,$0.19B,7.14%,$0.02B,$0.16B,12.58%,$32,$25,$7,$0,$2,$28,$5,$-1,$3,$1,$3,$3,$3,$9,$5,$6,6,$0.46,$0.46,$48,$14,$0,$79,$107,$0,$0,$0,$107,$186,$6,$0,$1,$21,$27,$1,$188,$0,$160,$186,$5,$8,$0,$8,$1,$-0,$0,$2,$1,$14,$-6,$0,$0,$0,$0,$0,$0,$-6,$-17,$0,$-17,$-0,$-0,$-1,$0,$-18,$-11,$1,$-1
14,2015-03-31,62.86,$27.99,2.25,$25.61,2.45,$8.98,7.0,$3.08,20.41,$0.09B,$0.02B,4.07,$0.00B,$0.16B,0.0,$0.14B,$0.03B,23.78%,$0.14B,$0.02B,16.08%,$0.14B,$0.02B,16.08%,$0.14B,$0.04B,27.27%,$0.14B,$0.02B,16.08%,$0.14B,$0.02B,11.89%,$0.02B,$0.16B,11.17%,$0.02B,$0.16B,11.17%,$0.02B,$0.20B,8.60%,$0.02B,$0.16B,14.47%,$30,$24,$6,$0,$2,$27,$3,$-0,$3,$1,$2,$2,$2,$7,$3,$6,6,$0.42,$0.42,$60,$14,$0,$92,$108,$0,$0,$0,$108,$200,$23,$0,$2,$21,$43,$1,$186,$-1,$157,$200,$2,$4,$0,$4,$1,$-0,$0,$1,$1,$8,$-3,$0,$0,$0,$0,$0,$0,$-3,$-1,$0,$-1,$-0,$-0,$-1,$0,$-2,$2,$0,$-1
15,2014-12-31,70.88,$27.77,2.55,$26.81,2.64,$8.42,8.42,$3.46,20.48,$0.09B,$0.03B,3.66,$0.00B,$0.16B,0.0,$0.15B,$0.04B,24.67%,$0.15B,$0.03B,17.33%,$0.15B,$0.03B,17.33%,$0.15B,$0.04B,28.00%,$0.15B,$0.03B,17.33%,$0.15B,$0.02B,12.67%,$0.02B,$0.16B,12.82%,$0.02B,$0.16B,12.82%,$0.02B,$0.20B,9.74%,$0.03B,$0.16B,16.38%,$35,$28,$8,$0,$2,$30,$5,$-0,$5,$1,$4,$4,$4,$9,$5,$6,6,$0.66,$0.68,$58,$13,$0,$91,$109,$0,$0,$0,$109,$200,$25,$0,$2,$20,$45,$1,$185,$-1,$155,$200,$19,$15,$2,$17,$-3,$0,$0,$-1,$-5,$32,$-11,$0,$-4,$0,$0,$0,$0,$-15,$-5,$0,$-5,$-0,$-0,$-3,$0,$-8,$9,$1,$-3
16,2014-09-30,56.45,$27.15,2.08,$25.88,2.18,$9.20,6.14,$3.26,17.31,$0.09B,$0.01B,6.63,$0.01B,$0.15B,0.09,$0.15B,$0.04B,24.14%,$0.15B,$0.03B,17.24%,$0.15B,$0.03B,17.24%,$0.15B,$0.04B,27.59%,$0.15B,$0.03B,17.24%,$0.15B,$0.02B,12.41%,$0.02B,$0.15B,12.52%,$0.02B,$0.15B,12.52%,$0.02B,$0.20B,9.38%,$0.03B,$0.16B,15.80%,$39,$29,$10,$0,$2,$32,$7,$-0,$7,$2,$5,$5,$5,$11,$7,$6,6,$0.97,$0.97,$58,$13,$0,$92,$106,$0,$0,$0,$106,$198,$14,$13,$2,$33,$47,$1,$182,$-1,$151,$198,$16,$11,$1,$12,$-6,$1,$0,$1,$-5,$23,$-8,$0,$0,$0,$0,$0,$0,$-8,$-4,$0,$-4,$-0,$-0,$-2,$0,$-6,$9,$1,$-2
17,2014-06-30,62.79,$26.22,2.39,$25.51,2.46,$9.70,6.48,$3.15,19.93,$0.09B,$0.01B,6.75,$0.01B,$0.15B,0.1,$0.14B,$0.03B,23.78%,$0.14B,$0.03B,17.48%,$0.14B,$0.03B,17.48%,$0.14B,$0.04B,27.97%,$0.14B,$0.02B,16.78%,$0.14B,$0.02B,12.59%,$0.02B,$0.15B,12.90%,$0.02B,$0.15B,12.90%,$0.02B,$0.19B,9.52%,$0.03B,$0.16B,16.13%,$39,$28,$10,$0,$2,$31,$8,$-0,$8,$2,$6,$6,$6,$12,$8,$6,6,$1.03,$1.02,$56,$12,$0,$86,$106,$0,$0,$0,$107,$193,$13,$14,$2,$34,$47,$1,$177,$-1,$146,$193,$10,$7,$1,$8,$-4,$2,$0,$1,$-2,$16,$-5,$0,$0,$0,$0,$0,$0,$-5,$-3,$0,$-3,$-0,$-0,$-1,$0,$-4,$7,$1,$-1
18,2014-03-31,54.45,$25.26,2.16,$24.91,2.19,$9.33,5.83,$2.96,18.39,$0.08B,$0.01B,6.31,$0.02B,$0.14B,0.11,$0.14B,$0.03B,23.74%,$0.14B,$0.02B,17.27%,$0.14B,$0.02B,17.27%,$0.14B,$0.04B,27.34%,$0.14B,$0.02B,15.83%,$0.14B,$0.02B,12.23%,$0.02B,$0.14B,12.59%,$0.02B,$0.14B,12.59%,$0.02B,$0.19B,9.13%,$0.02B,$0.16B,15.79%,$37,$28,$9,$0,$2,$30,$6,$-0,$6,$2,$4,$4,$4,$10,$6,$6,6,$0.81,$0.80,$48,$12,$0,$81,$107,$0,$0,$0,$108,$189,$13,$15,$2,$35,$48,$1,$172,$-1,$141,$189,$4,$4,$0,$4,$-5,$2,$0,$-0,$-5,$4,$-3,$0,$0,$0,$0,$0,$0,$-3,$-1,$0,$-1,$-0,$-0,$-1,$0,$-2,$-1,$0,$-1
19,2013-12-31,59.03,$24.54,2.41,$24.01,2.46,$9.85,5.99,$2.66,22.19,$0.08B,$0.01B,5.5,$0.02B,$0.14B,0.12,$0.13B,$0.03B,22.39%,$0.13B,$0.02B,16.42%,$0.13B,$0.02B,16.42%,$0.13B,$0.04B,26.87%,$0.13B,$0.02B,14.93%,$0.13B,$0.02B,11.94%,$0.02B,$0.14B,12.26%,$0.02B,$0.14B,12.26%,$0.02B,$0.19B,8.72%,$0.02B,$0.15B,14.77%,$30,$24,$6,$0,$2,$26,$4,$-0,$4,$1,$3,$3,$3,$7,$4,$6,6,$0.47,$0.47,$49,$14,$0,$79,$108,$0,$0,$0,$109,$188,$14,$17,$2,$36,$51,$1,$168,$-1,$137,$188,$15,$15,$3,$17,$0,$0,$0,$-0,$1,$34,$-9,$0,$0,$0,$0,$0,$0,$-9,$-5,$0,$-5,$-0,$-0,$0,$0,$-5,$20,$1,$0
20,2013-09-30,56.55,$24.00,2.36,$24.19,2.34,$9.49,5.96,$2.87,19.7,$0.08B,$0.02B,5.11,$0.02B,$0.13B,0.13,$0.14B,$0.03B,23.53%,$0.14B,$0.02B,17.65%,$0.14B,$0.02B,17.65%,$0.14B,$0.04B,27.94%,$0.14B,$0.02B,15.44%,$0.14B,$0.02B,12.50%,$0.02B,$0.13B,13.47%,$0.02B,$0.13B,13.47%,$0.02B,$0.19B,9.44%,$0.02B,$0.15B,16.41%,$37,$28,$9,$0,$2,$30,$7,$-1,$6,$2,$5,$5,$5,$11,$7,$6,6,$0.86,$0.86,$43,$14,$0,$76,$110,$0,$0,$0,$110,$186,$15,$18,$2,$38,$52,$1,$166,$-2,$134,$186,$12,$11,$2,$13,$-3,$1,$0,$0,$-1,$24,$-7,$0,$0,$0,$0,$0,$0,$-7,$-4,$0,$-4,$-0,$-0,$0,$0,$-4,$14,$1,$0
21,2013-06-30,50.42,$23.10,2.18,$23.70,2.13,$9.66,5.22,$2.72,18.54,$0.07B,$0.02B,4.67,$0.02B,$0.13B,0.15,$0.13B,$0.03B,23.31%,$0.13B,$0.02B,17.29%,$0.13B,$0.02B,17.29%,$0.13B,$0.04B,27.07%,$0.13B,$0.02B,15.04%,$0.13B,$0.02B,12.03%,$0.02B,$0.13B,13.14%,$0.02B,$0.13B,13.14%,$0.02B,$0.18B,9.05%,$0.02B,$0.15B,16.06%,$35,$26,$9,$0,$2,$29,$7,$-0,$6,$2,$5,$5,$5,$10,$7,$6,6,$0.83,$0.83,$37,$14,$0,$71,$111,$0,$0,$0,$111,$182,$15,$19,$3,$38,$53,$1,$161,$-2,$128,$182,$7,$7,$1,$9,$-3,$-0,$0,$-0,$-3,$13,$-4,$0,$0,$0,$0,$0,$0,$-4,$-1,$0,$-1,$-0,$-0,$0,$0,$-1,$7,$0,$0
22,2013-03-31,51.33,$22.19,2.31,$23.95,2.14,$10.13,5.07,$2.62,19.59,$0.07B,$0.02B,4.31,$0.02B,$0.12B,0.17,$0.13B,$0.03B,22.39%,$0.13B,$0.02B,16.42%,$0.13B,$0.02B,16.42%,$0.13B,$0.04B,26.87%,$0.13B,$0.02B,14.93%,$0.13B,$0.02B,11.19%,$0.02B,$0.12B,12.74%,$0.02B,$0.12B,12.74%,$0.02B,$0.18B,8.65%,$0.02B,$0.14B,15.69%,$32,$25,$6,$0,$2,$27,$4,$-0,$4,$1,$3,$3,$3,$8,$4,$6,6,$0.50,$0.50,$33,$14,$0,$66,$112,$0,$0,$0,$112,$178,$15,$20,$3,$39,$55,$1,$156,$-2,$123,$178,$3,$4,$0,$4,$-2,$0,$0,$-0,$-1,$5,$-1,$0,$0,$0,$0,$0,$0,$-1,$0,$0,$0,$-0,$-0,$0,$0,$-0,$4,$0,$0
23,2012-12-31,45.47,$21.65,2.1,$24.10,1.89,$10.20,4.46,$2.87,15.84,$0.06B,$0.01B,4.5,$0.02B,$0.12B,0.18,$0.14B,$0.03B,23.91%,$0.14B,$0.03B,18.12%,$0.14B,$0.03B,18.12%,$0.14B,$0.04B,28.26%,$0.14B,$0.02B,15.94%,$0.14B,$0.02B,12.32%,$0.02B,$0.12B,14.95%,$0.02B,$0.12B,14.95%,$0.02B,$0.17B,9.97%,$0.03B,$0.14B,18.18%,$32,$24,$8,$0,$3,$26,$6,$-1,$5,$1,$4,$4,$4,$9,$6,$6,6,$0.69,$0.68,$30,$14,$0,$60,$114,$0,$0,$0,$114,$174,$13,$22,$3,$41,$54,$1,$153,$-2,$120,$174,$16,$15,$3,$18,$1,$-3,$0,$0,$-3,$32,$-8,$0,$0,$0,$0,$0,$0,$-8,$-6,$0,$-6,$-41,$-41,$0,$0,$-47,$-24,$1,$0
24,2012-09-30,46.52,$20.92,2.22,$23.79,1.96,$10.70,4.35,$2.91,15.99,$0.06B,$0.02B,3.48,$0.02B,$0.12B,0.2,$0.14B,$0.03B,24.46%,$0.14B,$0.03B,18.71%,$0.14B,$0.03B,18.71%,$0.14B,$0.04B,28.78%,$0.14B,$0.02B,16.55%,$0.14B,$0.02B,12.95%,$0.02B,$0.12B,15.06%,$0.02B,$0.12B,15.06%,$0.02B,$0.17B,10.13%,$0.03B,$0.14B,17.99%,$34,$26,$8,$0,$2,$28,$6,$-1,$5,$1,$4,$4,$4,$9,$6,$6,6,$0.71,$0.71,$27,$12,$0,$57,$116,$0,$0,$0,$117,$173,$16,$23,$4,$41,$57,$1,$150,$-3,$116,$173,$13,$11,$3,$14,$-1,$-2,$0,$0,$-2,$25,$-6,$0,$0,$0,$0,$0,$0,$-6,$-4,$0,$-4,$-41,$-41,$0,$0,$-44,$-26,$1,$0
25,2012-06-30,45.03,$20.14,2.24,$23.83,1.89,$10.87,4.14,$3.31,13.61,$0.05B,$0.02B,3.18,$0.02B,$0.11B,0.22,$0.14B,$0.04B,27.08%,$0.14B,$0.03B,20.83%,$0.14B,$0.03B,20.83%,$0.14B,$0.05B,31.25%,$0.14B,$0.03B,19.44%,$0.14B,$0.02B,14.58%,$0.02B,$0.11B,16.80%,$0.02B,$0.11B,16.80%,$0.02B,$0.17B,11.41%,$0.03B,$0.14B,19.83%,$36,$28,$8,$0,$2,$30,$6,$-0,$6,$2,$4,$4,$4,$10,$6,$6,6,$0.73,$0.73,$21,$11,$0,$50,$119,$0,$0,$0,$119,$169,$16,$24,$4,$42,$57,$1,$146,$-3,$112,$169,$9,$7,$2,$9,$-1,$-0,$0,$0,$-2,$16,$-5,$0,$0,$0,$0,$0,$0,$-5,$-3,$0,$-3,$-41,$-41,$0,$0,$-43,$-32,$1,$0
26,2012-03-31,57.79,$19.36,2.99,$23.00,2.51,$10.84,5.33,$3.48,16.61,$0.05B,$0.02B,2.91,$0.03B,$0.11B,0.24,$0.15B,$0.04B,28.28%,$0.15B,$0.03B,22.07%,$0.15B,$0.03B,22.07%,$0.15B,$0.05B,32.41%,$0.15B,$0.03B,20.69%,$0.15B,$0.02B,15.86%,$0.02B,$0.11B,17.46%,$0.02B,$0.11B,17.46%,$0.02B,$0.17B,12.03%,$0.03B,$0.13B,20.09%,$36,$27,$9,$0,$2,$29,$7,$-1,$6,$2,$5,$5,$5,$11,$7,$6,6,$0.75,$0.75,$16,$11,$0,$46,$120,$0,$0,$0,$120,$166,$16,$25,$4,$42,$58,$1,$142,$-3,$107,$166,$5,$4,$1,$4,$-2,$-0,$0,$-0,$-2,$7,$-2,$0,$0,$0,$0,$0,$0,$-2,$-1,$0,$-1,$-41,$-41,$0,$0,$-42,$-37,$0,$0
27,2011-12-31,58.0,$22.94,2.53,$22.32,2.6,$10.63,5.46,$3.48,16.67,$0.08B,$0.02B,5.09,$0.03B,$0.14B,0.19,$0.14B,$0.04B,28.87%,$0.14B,$0.03B,22.54%,$0.14B,$0.03B,22.54%,$0.14B,$0.05B,33.10%,$0.14B,$0.03B,21.83%,$0.14B,$0.02B,16.20%,$0.02B,$0.14B,16.61%,$0.02B,$0.14B,16.61%,$0.02B,$0.20B,11.62%,$0.03B,$0.17B,19.16%,$33,$24,$9,$0,$2,$27,$7,$-1,$6,$2,$5,$5,$5,$10,$7,$6,6,$0.73,$0.73,$53,$11,$0,$81,$121,$0,$0,$0,$122,$203,$16,$27,$4,$44,$60,$1,$137,$-3,$143,$203,$22,$14,$5,$18,$-2,$-0,$0,$0,$-2,$39,$-9,$0,$0,$0,$0,$0,$0,$-9,$-4,$0,$-4,$-8,$-8,$0,$0,$-12,$17,$1,$0
28,2011-09-30,38.5,$22.24,1.73,$21.60,1.78,$9.92,3.88,$3.25,11.85,$0.08B,$0.02B,4.89,$0.03B,$0.14B,0.2,$0.14B,$0.04B,28.26%,$0.14B,$0.03B,21.74%,$0.14B,$0.03B,21.74%,$0.14B,$0.05B,33.33%,$0.14B,$0.03B,21.01%,$0.14B,$0.02B,15.22%,$0.02B,$0.14B,15.58%,$0.02B,$0.14B,15.58%,$0.02B,$0.20B,10.81%,$0.03B,$0.17B,18.24%,$39,$27,$13,$0,$2,$29,$10,$-1,$10,$3,$7,$7,$7,$14,$10,$6,6,$1.12,$1.11,$46,$10,$0,$76,$122,$0,$0,$0,$123,$198,$15,$28,$4,$45,$60,$1,$132,$-3,$138,$198,$18,$10,$4,$15,$-5,$1,$0,$1,$-3,$29,$-7,$0,$0,$0,$0,$0,$0,$-7,$-4,$0,$-4,$-8,$-8,$0,$0,$-12,$10,$1,$0
29,2011-06-30,39.57,$21.71,1.82,$20.38,1.94,$9.57,4.13,$2.85,13.89,$0.08B,$0.02B,4.92,$0.03B,$0.14B,0.21,$0.13B,$0.04B,26.72%,$0.13B,$0.03B,20.61%,$0.13B,$0.03B,20.61%,$0.13B,$0.04B,32.06%,$0.13B,$0.03B,19.08%,$0.13B,$0.02B,14.50%,$0.02B,$0.14B,14.48%,$0.02B,$0.14B,14.48%,$0.02B,$0.20B,9.95%,$0.03B,$0.17B,16.64%,$37,$26,$10,$0,$2,$29,$8,$-1,$8,$2,$6,$6,$6,$12,$8,$6,6,$0.90,$0.90,$46,$10,$0,$75,$123,$0,$0,$0,$123,$198,$15,$29,$4,$43,$58,$1,$125,$-3,$139,$198,$11,$7,$2,$9,$-4,$1,$0,$1,$-3,$16,$-4,$0,$0,$0,$0,$0,$0,$-4,$-3,$0,$-3,$-0,$-0,$0,$0,$-3,$10,$0,$0
30,2011-03-31,39.09,$20.81,1.88,$20.56,1.9,$9.24,4.23,$2.83,13.81,$0.07B,$0.02B,4.4,$0.03B,$0.13B,0.23,$0.13B,$0.04B,27.27%,$0.13B,$0.03B,21.21%,$0.13B,$0.03B,21.21%,$0.13B,$0.04B,31.82%,$0.13B,$0.03B,18.94%,$0.13B,$0.02B,14.39%,$0.02B,$0.13B,15.02%,$0.02B,$0.13B,15.02%,$0.02B,$0.19B,10.16%,$0.03B,$0.16B,17.64%,$33,$24,$9,$0,$2,$26,$7,$-1,$7,$2,$5,$5,$5,$11,$7,$6,6,$0.75,$0.75,$39,$10,$0,$68,$124,$0,$0,$0,$124,$193,$16,$30,$3,$44,$59,$1,$120,$-3,$134,$193,$5,$3,$1,$4,$-5,$0,$0,$0,$-4,$5,$-2,$0,$0,$0,$0,$0,$0,$-2,$-1,$0,$-1,$-0,$-0,$0,$0,$-1,$2,$0,$0
31,2010-12-31,40.65,$20.01,2.03,$20.66,1.97,$9.15,4.44,$2.81,14.47,$0.06B,$0.02B,3.94,$0.03B,$0.13B,0.25,$0.13B,$0.04B,27.82%,$0.13B,$0.03B,21.05%,$0.13B,$0.03B,21.05%,$0.13B,$0.04B,30.83%,$0.13B,$0.03B,18.80%,$0.13B,$0.02B,14.29%,$0.02B,$0.13B,15.61%,$0.02B,$0.13B,15.61%,$0.02B,$0.19B,10.40%,$0.03B,$0.16B,18.04%,$29,$22,$7,$0,$2,$24,$5,$-1,$4,$1,$3,$3,$3,$9,$5,$6,6,$0.50,$0.49,$36,$11,$0,$62,$126,$0,$0,$0,$127,$188,$16,$32,$4,$44,$60,$1,$115,$-3,$128,$188,$18,$14,$4,$17,$-0,$-1,$0,$0,$-1,$34,$-9,$0,$0,$0,$0,$0,$0,$-9,$-5,$0,$-5,$-0,$-0,$0,$0,$-5,$20,$1,$0
32,2010-09-30,37.3,$19.42,1.92,$20.53,1.82,$9.20,4.06,$2.79,13.37,$0.06B,$0.02B,3.81,$0.03B,$0.12B,0.27,$0.13B,$0.04B,28.03%,$0.13B,$0.03B,21.21%,$0.13B,$0.03B,21.21%,$0.13B,$0.04B,30.30%,$0.13B,$0.03B,18.94%,$0.13B,$0.02B,14.39%,$0.02B,$0.12B,16.20%,$0.02B,$0.12B,16.20%,$0.02B,$0.19B,10.63%,$0.03B,$0.16B,18.42%,$32,$23,$9,$0,$2,$25,$7,$-1,$6,$2,$5,$5,$5,$10,$7,$6,6,$0.71,$0.71,$33,$11,$0,$58,$127,$0,$0,$0,$127,$185,$15,$33,$5,$46,$61,$1,$112,$-4,$124,$185,$15,$10,$3,$13,$-1,$-1,$0,$1,$-0,$27,$-7,$0,$0,$0,$0,$0,$0,$-7,$-4,$0,$-4,$-0,$-0,$0,$0,$-4,$16,$0,$0
33,2010-06-30,37.17,$18.73,1.98,$20.51,1.81,$9.04,4.11,$2.78,13.37,$0.05B,$0.02B,3.32,$0.03B,$0.12B,0.29,$0.13B,$0.04B,28.03%,$0.13B,$0.03B,21.21%,$0.13B,$0.03B,21.21%,$0.13B,$0.04B,30.30%,$0.13B,$0.03B,18.94%,$0.13B,$0.02B,13.64%,$0.02B,$0.12B,15.93%,$0.02B,$0.12B,15.93%,$0.02B,$0.18B,10.32%,$0.03B,$0.15B,18.82%,$38,$27,$11,$0,$2,$29,$9,$-1,$8,$2,$6,$6,$6,$12,$9,$6,6,$0.88,$0.88,$24,$9,$0,$53,$129,$0,$0,$0,$129,$182,$16,$34,$4,$46,$62,$1,$107,$-3,$120,$182,$10,$7,$2,$9,$-5,$0,$0,$1,$-3,$16,$-5,$0,$0,$0,$0,$0,$0,$-5,$-3,$0,$-3,$-0,$-0,$0,$0,$-3,$8,$0,$0
34,2010-03-31,37.31,$17.89,2.09,$19.15,1.95,$8.66,4.31,$2.43,15.36,$0.05B,$0.02B,2.94,$0.04B,$0.12B,0.31,$0.12B,$0.03B,26.83%,$0.12B,$0.02B,19.51%,$0.12B,$0.02B,19.51%,$0.12B,$0.04B,29.27%,$0.12B,$0.02B,17.07%,$0.12B,$0.02B,12.20%,$0.02B,$0.12B,13.82%,$0.02B,$0.12B,13.82%,$0.02B,$0.18B,8.82%,$0.02B,$0.15B,16.49%,$34,$24,$10,$0,$2,$26,$7,$-1,$7,$2,$5,$5,$5,$10,$7,$6,6,$0.73,$0.73,$18,$9,$0,$46,$129,$0,$0,$0,$130,$176,$16,$35,$4,$46,$61,$1,$101,$-3,$115,$176,$5,$3,$1,$4,$-5,$0,$0,$0,$-3,$6,$-3,$0,$0,$0,$0,$0,$0,$-3,$-1,$0,$-1,$-0,$-0,$0,$0,$-1,$2,$0,$0
35,2009-12-31,33.32,$17.20,1.94,$18.36,1.82,$8.90,3.74,$2.13,15.64,$0.04B,$0.02B,2.52,$0.04B,$0.11B,0.33,$0.12B,$0.03B,24.79%,$0.12B,$0.02B,17.95%,$0.12B,$0.02B,17.95%,$0.12B,$0.03B,29.06%,$0.12B,$0.02B,15.38%,$0.12B,$0.01B,11.11%,$0.01B,$0.11B,12.47%,$0.01B,$0.11B,12.47%,$0.01B,$0.17B,7.77%,$0.02B,$0.15B,14.66%,$28,$21,$7,$0,$2,$23,$5,$-1,$4,$1,$3,$3,$3,$8,$5,$6,6,$0.46,$0.48,$16,$9,$0,$41,$131,$0,$0,$0,$131,$172,$16,$37,$3,$46,$62,$1,$97,$-3,$110,$172,$14,$13,$2,$16,$1,$3,$0,$-0,$2,$32,$-6,$0,$0,$0,$0,$0,$0,$-6,$-10,$0,$-10,$0,$0,$0,$0,$-10,$16,$1,$0
36,2009-09-30,34.66,$16.80,2.06,$18.50,1.87,$6.54,5.3,$1.83,18.94,$0.04B,$0.02B,2.44,$0.04B,$0.11B,0.36,$0.12B,$0.03B,22.03%,$0.12B,$0.02B,15.25%,$0.12B,$0.02B,15.25%,$0.12B,$0.03B,27.12%,$0.12B,$0.02B,12.71%,$0.12B,$0.01B,9.32%,$0.01B,$0.11B,10.97%,$0.01B,$0.11B,10.97%,$0.01B,$0.17B,6.64%,$0.02B,$0.14B,12.70%,$32,$23,$9,$0,$2,$25,$7,$-1,$6,$1,$4,$4,$4,$10,$7,$6,6,$0.71,$0.70,$12,$10,$0,$37,$131,$0,$0,$0,$132,$168,$15,$38,$4,$47,$62,$1,$94,$-3,$107,$168,$11,$10,$2,$12,$0,$2,$0,$-0,$1,$24,$-5,$0,$0,$0,$0,$0,$0,$-5,$-8,$0,$-8,$0,$0,$0,$0,$-8,$11,$0,$0
37,2009-06-30,40.93,$15.98,2.56,$19.67,2.08,$4.56,8.97,$1.83,22.37,$0.03B,$0.01B,2.11,$0.04B,$0.10B,0.38,$0.13B,$0.03B,20.80%,$0.13B,$0.02B,14.40%,$0.13B,$0.02B,14.40%,$0.13B,$0.03B,26.40%,$0.13B,$0.02B,12.00%,$0.13B,$0.01B,8.80%,$0.01B,$0.10B,11.31%,$0.01B,$0.10B,11.31%,$0.01B,$0.16B,6.64%,$0.02B,$0.14B,12.74%,$29,$22,$7,$0,$2,$24,$5,$-1,$4,$1,$3,$3,$3,$8,$5,$6,6,$0.54,$0.53,$2,$11,$0,$30,$133,$0,$0,$0,$134,$164,$14,$39,$3,$47,$61,$1,$89,$-3,$102,$164,$6,$7,$1,$8,$-1,$1,$0,$-1,$-3,$12,$-4,$0,$0,$0,$0,$0,$0,$-4,$-7,$0,$-7,$0,$0,$0,$0,$-7,$1,$0,$0
38,2009-03-31,26.4,$15.35,1.72,$21.58,1.22,$3.97,6.64,$2.25,11.73,$0.03B,$0.02B,1.99,$0.04B,$0.10B,0.45,$0.14B,$0.03B,21.90%,$0.14B,$0.02B,16.06%,$0.14B,$0.02B,16.06%,$0.14B,$0.04B,27.01%,$0.14B,$0.02B,13.87%,$0.14B,$0.01B,10.22%,$0.01B,$0.10B,14.81%,$0.01B,$0.10B,14.81%,$0.01B,$0.17B,8.38%,$0.02B,$0.14B,15.58%,$28,$22,$6,$0,$2,$24,$4,$-1,$4,$1,$3,$3,$3,$8,$4,$6,6,$0.43,$0.43,$2,$12,$0,$29,$135,$0,$0,$1,$136,$165,$15,$43,$5,$53,$67,$1,$86,$-4,$98,$165,$3,$3,$1,$4,$2,$0,$0,$0,$-1,$6,$-2,$0,$0,$0,$0,$0,$0,$-2,$-3,$0,$-3,$-0,$-0,$0,$0,$-3,$2,$0,$0
39,2008-12-31,23.11,$14.88,1.55,$22.37,1.03,$3.34,6.92,$2.27,10.18,$0.03B,$0.02B,1.79,$0.05B,$0.09B,0.49,$0.14B,$0.03B,21.83%,$0.14B,$0.02B,16.20%,$0.14B,$0.02B,16.20%,$0.14B,$0.04B,26.06%,$0.14B,$0.02B,13.38%,$0.14B,$0.01B,9.86%,$0.01B,$0.09B,15.43%,$0.01B,$0.09B,15.43%,$0.01B,$0.17B,8.43%,$0.02B,$0.14B,16.43%,$29,$25,$4,$0,$2,$27,$2,$-1,$1,$0,$1,$1,$1,$6,$2,$6,6,$0.17,$0.17,$1,$12,$0,$29,$137,$0,$0,$1,$137,$166,$16,$46,$5,$55,$72,$1,$83,$-4,$94,$166,$14,$13,$3,$17,$-1,$-2,$0,$-2,$-5,$26,$-16,$0,$-3,$0,$0,$0,$0,$-18,$-8,$0,$-8,$-0,$-0,$0,$0,$-8,$-0,$1,$0
40,2008-09-30,37.16,$15.03,2.47,$22.65,1.64,$2.76,13.46,$2.42,15.36,$0.03B,$0.02B,1.73,$0.05B,$0.10B,0.49,$0.14B,$0.03B,22.92%,$0.14B,$0.03B,17.36%,$0.14B,$0.03B,17.36%,$0.14B,$0.04B,26.39%,$0.14B,$0.02B,14.58%,$0.14B,$0.02B,10.42%,$0.02B,$0.10B,17.09%,$0.02B,$0.10B,17.09%,$0.02B,$0.17B,9.15%,$0.03B,$0.14B,18.02%,$39,$30,$9,$0,$2,$32,$7,$-1,$6,$1,$4,$4,$4,$11,$7,$6,6,$0.71,$0.70,$0,$12,$0,$31,$136,$0,$0,$1,$137,$168,$18,$47,$3,$55,$73,$1,$82,$-2,$95,$168,$13,$10,$2,$13,$-6,$-2,$0,$1,$-6,$20,$-13,$0,$0,$0,$0,$0,$0,$-13,$-7,$0,$-7,$-0,$-0,$0,$0,$-7,$-1,$0,$0
41,2008-06-30,38.18,$14.37,2.66,$21.73,1.76,$2.12,18.0,$2.22,17.2,$0.03B,$0.02B,1.59,$0.05B,$0.09B,0.55,$0.14B,$0.03B,22.46%,$0.14B,$0.02B,16.67%,$0.14B,$0.02B,16.67%,$0.14B,$0.04B,26.09%,$0.14B,$0.02B,13.77%,$0.14B,$0.01B,10.14%,$0.01B,$0.09B,16.62%,$0.01B,$0.09B,16.62%,$0.01B,$0.17B,8.64%,$0.02B,$0.14B,16.70%,$41,$30,$11,$0,$2,$32,$9,$-1,$8,$2,$6,$6,$6,$12,$9,$6,6,$0.96,$0.95,$1,$11,$0,$33,$135,$0,$0,$1,$136,$169,$21,$50,$3,$57,$78,$1,$77,$-2,$91,$169,$9,$7,$2,$8,$-7,$-2,$0,$0,$-6,$11,$-7,$0,$0,$0,$0,$0,$0,$-7,$-4,$0,$-4,$-0,$-0,$0,$0,$-4,$-0,$0,$0
42,2008-03-31,29.43,$13.09,2.25,$20.34,1.45,$0.93,31.81,$1.77,16.63,$0.03B,$0.02B,1.65,$0.05B,$0.08B,0.64,$0.13B,$0.03B,20.93%,$0.13B,$0.02B,14.73%,$0.13B,$0.02B,14.73%,$0.13B,$0.03B,25.58%,$0.13B,$0.02B,11.63%,$0.13B,$0.01B,8.53%,$0.01B,$0.08B,13.54%,$0.01B,$0.08B,13.54%,$0.01B,$0.16B,6.88%,$0.02B,$0.14B,13.77%,$33,$26,$7,$0,$2,$28,$5,$-1,$4,$1,$3,$3,$3,$8,$5,$6,6,$0.45,$0.45,$1,$11,$0,$27,$133,$0,$0,$1,$134,$161,$16,$53,$5,$62,$78,$1,$71,$-3,$83,$161,$3,$3,$1,$4,$-1,$-1,$0,$0,$-3,$3,$-3,$0,$0,$0,$0,$0,$0,$-3,$-1,$0,$-1,$-0,$-0,$0,$0,$-1,$-0,$0,$0
43,2007-12-31,29.29,$12.94,2.26,$19.78,1.48,$-0.20,0.0,$1.65,17.75,$0.03B,$0.02B,1.54,$0.05B,$0.08B,0.66,$0.13B,$0.03B,20.80%,$0.13B,$0.02B,14.40%,$0.13B,$0.02B,14.40%,$0.13B,$0.03B,25.60%,$0.13B,$0.01B,11.20%,$0.13B,$0.01B,8.00%,$0.01B,$0.08B,12.62%,$0.01B,$0.08B,12.62%,$0.01B,$0.16B,6.26%,$0.02B,$0.14B,12.93%,$31,$25,$6,$0,$2,$27,$4,$-1,$3,$1,$2,$2,$2,$7,$4,$6,6,$0.32,$0.32,$1,$10,$0,$25,$132,$0,$0,$1,$133,$158,$16,$54,$3,$60,$77,$1,$69,$-2,$82,$158,$10,$13,$2,$15,$-0,$-1,$0,$-1,$-1,$24,$-18,$0,$0,$0,$0,$0,$0,$-18,$-6,$0,$-6,$0,$0,$0,$0,$-6,$1,$1,$0
44,2007-09-30,34.52,$12.83,2.69,$19.20,1.8,$-2.73,0.0,$1.67,20.67,$0.03B,$0.02B,1.53,$0.06B,$0.08B,0.71,$0.12B,$0.03B,20.66%,$0.12B,$0.02B,14.88%,$0.12B,$0.02B,14.88%,$0.12B,$0.03B,25.62%,$0.12B,$0.01B,11.57%,$0.12B,$0.01B,8.26%,$0.01B,$0.08B,13.03%,$0.01B,$0.08B,13.03%,$0.01B,$0.16B,6.30%,$0.02B,$0.14B,13.02%,$33,$26,$7,$0,$2,$28,$5,$-1,$4,$1,$3,$3,$3,$9,$5,$6,6,$0.51,$0.50,$1,$10,$0,$26,$133,$0,$0,$1,$134,$160,$17,$58,$2,$62,$79,$1,$67,$-0,$81,$160,$8,$9,$2,$11,$-2,$-1,$0,$0,$-3,$17,$-14,$0,$0,$0,$0,$0,$0,$-14,$-2,$0,$-2,$0,$0,$0,$0,$-2,$0,$0,$0
45,2007-06-30,35.7,$12.54,2.85,$19.04,1.88,$-4.29,0.0,$1.78,20.06,$0.03B,$0.02B,1.68,$0.06B,$0.08B,0.8,$0.12B,$0.03B,21.67%,$0.12B,$0.02B,15.83%,$0.12B,$0.02B,15.83%,$0.12B,$0.03B,25.83%,$0.12B,$0.02B,12.50%,$0.12B,$0.01B,9.17%,$0.01B,$0.08B,14.86%,$0.01B,$0.08B,14.86%,$0.01B,$0.16B,7.04%,$0.02B,$0.14B,14.00%,$32,$25,$7,$0,$2,$27,$5,$-1,$4,$1,$3,$3,$3,$9,$5,$6,6,$0.51,$0.50,$1,$9,$0,$26,$133,$0,$0,$2,$135,$161,$16,$63,$2,$67,$82,$1,$63,$1,$79,$161,$5,$6,$1,$7,$-3,$-1,$0,$0,$-4,$8,$-12,$0,$0,$0,$0,$0,$0,$-12,$3,$0,$3,$0,$0,$0,$0,$4,$0,$0,$0
46,2007-03-31,29.67,$11.89,2.5,$18.99,1.56,$-4.47,0.0,$1.97,15.06,$0.03B,$0.02B,1.65,$0.07B,$0.08B,0.89,$0.12B,$0.03B,22.50%,$0.12B,$0.02B,17.50%,$0.12B,$0.02B,17.50%,$0.12B,$0.03B,25.83%,$0.12B,$0.02B,14.17%,$0.12B,$0.01B,10.00%,$0.01B,$0.08B,16.84%,$0.01B,$0.08B,16.84%,$0.01B,$0.16B,7.92%,$0.02B,$0.14B,16.03%,$29,$24,$6,$0,$2,$26,$4,$-1,$3,$1,$2,$2,$2,$7,$4,$6,6,$0.33,$0.33,$0,$9,$0,$26,$133,$0,$0,$1,$134,$160,$16,$66,$3,$69,$85,$1,$60,$0,$75,$160,$2,$3,$0,$3,$-3,$-0,$0,$-0,$-4,$2,$-8,$0,$0,$0,$0,$0,$0,$-8,$6,$0,$6,$0,$0,$0,$0,$7,$-0,$0,$0
47,2006-12-31,29.09,$11.67,2.49,$18.84,1.54,$-3.72,0.0,$2.01,14.47,$0.02B,$0.02B,1.22,$0.06B,$0.07B,0.82,$0.12B,$0.03B,22.69%,$0.12B,$0.02B,18.49%,$0.12B,$0.02B,18.49%,$0.12B,$0.03B,26.05%,$0.12B,$0.02B,15.13%,$0.12B,$0.01B,10.08%,$0.01B,$0.07B,17.65%,$0.01B,$0.07B,17.65%,$0.01B,$0.15B,8.30%,$0.02B,$0.13B,17.67%,$27,$21,$5,$0,$2,$23,$4,$-1,$3,$1,$2,$2,$2,$6,$4,$6,6,$0.35,$0.34,$0,$9,$0,$23,$130,$0,$0,$1,$131,$154,$19,$60,$2,$63,$82,$1,$58,$0,$72,$154,$13,$10,$2,$12,$-2,$-1,$0,$1,$1,$26,$-36,$0,$-2,$0,$0,$0,$0,$-37,$10,$0,$10,$1,$1,$0,$0,$10,$-1,$0,$0
