,Date,Stock Price,Book Value per Share,Price to Book Ratio,TTM Sales per Share,Price to Sales Ratio,TTM FCF per Share,Price to FCF Ratio,TTM Net EPS,PE Ratio,Current Assets,Current Liabilities,Current Ratio,Long Term Debt,Shareholder's Equity_x,Debt to Equity Ratio,TTM Revenue_x,TTM Gross Profit,Gross Margin,TTM Revenue_y,TTM Operating Income,Operating Margin,TTM Revenue_x,TTM EBIT,EBIT Margin,TTM Revenue_y,TTM EBITDA,EBITDA Margin,TTM Revenue_x,TTM Pre-Tax Income,Pre-Tax Margin,TTM Revenue_y,TTM Net Income_x,Net Margin,TTM Net Income_y,Shareholder's Equity_y,Return on Equity,TTM Net Income_x,Tangible Equity,Return on Tangible Equity,TTM Net Income_y,Total Assets,Return on Assets,TTM Net Income,LT Investments & Debt,Return on Investment,revenue,cost-goods-sold,gross-profit,research-development-expenses,selling-general-administrative-expenses,operating-expenses,operating-income,total-non-operating-income-expense,pre-tax-income,total-provision-income-taxes,income-after-taxes,income-from-continuous-operations,net-income,ebitda,ebit,basic-shares-outstanding,shares-outstanding,eps-basic-net-earnings-per-share,eps-earnings-per-share-diluted,cash-on-hand,inventory,other-current-assets,total-current-assets,net-property-plant-equipment,long-term-investments,goodwill-intangible-assets-total,other-long-term-assets,total-long-term-assets,total-assets,total-current-liabilities,long-term-debt,other-non-current-liabilities,total-long-term-liabilities,total-liabilities,common-stock-net,retained-earnings-accumulated-deficit,comprehensive-income,total-share-holder-equity,total-liabilities-share-holders-equity,net-income-loss,total-depreciation-amortization-cash-flow,other-non-cash-items,total-non-cash-items,change-in-accounts-receivable,change-in-inventories,change-in-accounts-payable,change-in-assets-liabilities,total-change-in-assets-liabilities,cash-flow-from-operating-activities,net-change-in-property-plant-equipment,net-change-in-intangible-assets,net-acquisitions-divestitures,net-change-in-short-term-investments,net-change-in-long-term-investments,net-change-in-investments-total,investing-activities-other,cash-flow-from-investing-activities,net-long-term-debt,net-current-debt,debt-issuance-retirement-net-total,net-common-equity-issued-repurchased,net-total-equity-issued-repurchased,total-common-preferred-stock-dividends-paid,financial-activities-other,cash-flow-from-financial-activities,net-cash-flow,stock-based-compensation,common-stock-dividends-paid
0,2018-09-30,120.55,$18.00,6.7,$47.09,2.56,$11.34,10.63,$3.55,33.96,$0.44B,$0.15B,2.84,$0.00B,$0.44B,0.0,$1.16B,$0.97B,83.06%,$1.16B,$0.18B,15.13%,$1.16B,$0.18B,15.13%,$1.16B,$0.19B,16.60%,$1.16B,$0.18B,15.39%,$1.16B,$0.09B,7.57%,$0.09B,$0.44B,21.61%,$0.09B,$0.39B,24.74%,$0.09B,$0.60B,15.72%,$0.18B,$0.44B,43.22%,$297,$52,$245,$0,$199,$251,$46,$1,$47,$15,$31,$31,$31,$50,$46,$24,25,$1.28,$1.24,$321,$81,$0,$435,$94,$0,$49,$18,$165,$599,$153,$0,$1,$11,$164,$0,$362,$-10,$436,$599,$94,$13,$9,$21,$0,$-22,$3,$16,$-4,$112,$-8,$0,$0,$0,$-82,$-82,$6,$-85,$0,$0,$0,$-26,$-26,$0,$1,$-25,$-8,$11,$0
1,2018-06-30,115.3,$17.72,6.51,$45.87,2.51,$9.63,11.97,$3.28,35.15,$0.41B,$0.14B,2.96,$0.00B,$0.43B,0.0,$1.13B,$0.94B,82.98%,$1.13B,$0.16B,14.27%,$1.13B,$0.16B,14.27%,$1.13B,$0.18B,15.78%,$1.13B,$0.16B,14.54%,$1.13B,$0.08B,7.18%,$0.08B,$0.43B,20.82%,$0.08B,$0.38B,24.05%,$0.08B,$0.58B,15.20%,$0.16B,$0.43B,41.39%,$301,$50,$251,$0,$200,$250,$51,$0,$52,$18,$34,$34,$34,$55,$51,$24,25,$1.40,$1.36,$299,$74,$0,$405,$97,$0,$51,$19,$171,$575,$137,$0,$1,$9,$146,$0,$350,$-4,$429,$575,$63,$9,$3,$12,$0,$-13,$1,$-4,$-17,$57,$-6,$0,$0,$0,$-42,$-42,$5,$-43,$0,$0,$0,$-3,$-3,$0,$1,$-2,$9,$7,$0
2,2018-03-31,85.9,$16.64,5.16,$44.00,1.95,$9.52,9.02,$2.85,30.14,$0.37B,$0.13B,2.9,$0.00B,$0.40B,0.0,$1.08B,$0.90B,82.84%,$1.08B,$0.14B,13.10%,$1.08B,$0.14B,13.10%,$1.08B,$0.16B,14.76%,$1.08B,$0.15B,13.38%,$1.08B,$0.07B,6.46%,$0.07B,$0.40B,18.54%,$0.07B,$0.35B,21.52%,$0.07B,$0.55B,13.46%,$0.14B,$0.40B,37.62%,$292,$49,$243,$0,$199,$249,$43,$1,$44,$15,$29,$29,$29,$48,$43,$24,24,$1.20,$1.19,$266,$68,$0,$366,$101,$0,$54,$22,$180,$546,$126,$0,$1,$19,$145,$0,$316,$6,$401,$546,$29,$5,$9,$13,$0,$-4,$1,$-19,$-23,$20,$-3,$0,$0,$0,$0,$0,$0,$-3,$0,$0,$0,$-3,$-3,$0,$-0,$-3,$19,$4,$0
3,2017-12-31,74.05,$15.12,4.9,$42.20,1.75,$8.78,8.43,$2.52,29.38,$0.34B,$0.14B,2.41,$0.00B,$0.36B,0.0,$1.05B,$0.87B,82.90%,$1.05B,$0.13B,12.61%,$1.05B,$0.13B,12.61%,$1.05B,$0.15B,14.14%,$1.05B,$0.13B,12.80%,$1.05B,$0.06B,5.92%,$0.06B,$0.36B,16.95%,$0.06B,$0.31B,19.73%,$0.06B,$0.52B,12.36%,$0.13B,$0.36B,36.09%,$273,$46,$227,$0,$192,$237,$36,$1,$36,$42,$-6,$-6,$-6,$40,$36,$24,25,$-0.23,$-0.23,$247,$63,$0,$340,$103,$0,$53,$21,$179,$519,$141,$0,$1,$15,$156,$0,$288,$-1,$363,$519,$63,$16,$38,$54,$0,$6,$3,$-1,$8,$124,$-13,$0,$0,$0,$0,$0,$0,$-13,$0,$0,$0,$-50,$-50,$0,$-0,$-50,$71,$15,$0
4,2017-09-30,57.7,$15.15,3.81,$41.24,1.4,$8.47,6.81,$3.63,15.9,$0.29B,$0.12B,2.36,$0.00B,$0.36B,0.0,$1.03B,$0.85B,82.57%,$1.03B,$0.13B,12.46%,$1.03B,$0.13B,12.46%,$1.03B,$0.14B,13.92%,$1.03B,$0.13B,12.66%,$1.03B,$0.09B,8.76%,$0.09B,$0.36B,25.26%,$0.09B,$0.31B,29.51%,$0.09B,$0.49B,18.38%,$0.13B,$0.36B,35.93%,$262,$47,$215,$0,$183,$230,$31,$1,$32,$8,$24,$24,$24,$35,$31,$24,25,$0.98,$0.97,$192,$63,$0,$286,$102,$0,$52,$22,$204,$491,$121,$0,$1,$6,$128,$0,$294,$-4,$363,$491,$68,$12,$-1,$11,$0,$5,$1,$-16,$-10,$69,$-9,$0,$0,$0,$0,$0,$0,$-9,$0,$0,$0,$-50,$-50,$0,$-0,$-50,$16,$12,$0
5,2017-06-30,64.1,$15.56,4.12,$40.74,1.57,$8.27,7.75,$3.86,16.61,$0.33B,$0.14B,2.44,$0.00B,$0.38B,0.0,$1.02B,$0.84B,82.63%,$1.02B,$0.13B,13.05%,$1.02B,$0.13B,13.05%,$1.02B,$0.15B,14.43%,$1.02B,$0.13B,13.15%,$1.02B,$0.10B,9.42%,$0.10B,$0.38B,28.03%,$0.10B,$0.33B,33.02%,$0.10B,$0.53B,20.08%,$0.13B,$0.38B,38.83%,$257,$44,$213,$0,$181,$225,$32,$0,$33,$10,$23,$23,$23,$37,$32,$25,25,$0.95,$0.93,$229,$69,$0,$330,$103,$0,$51,$23,$195,$525,$135,$0,$1,$6,$142,$0,$310,$-6,$383,$525,$45,$8,$6,$14,$0,$-2,$-1,$0,$-3,$56,$-7,$0,$0,$0,$0,$0,$0,$-7,$0,$0,$0,$0,$0,$0,$0,$0,$54,$8,$0
6,2017-03-31,57.6,$14.43,3.99,$40.84,1.41,$7.71,7.47,$3.97,14.53,$0.28B,$0.11B,2.52,$0.00B,$0.35B,0.0,$1.02B,$0.84B,82.47%,$1.02B,$0.14B,13.52%,$1.02B,$0.14B,13.52%,$1.02B,$0.15B,14.79%,$1.02B,$0.14B,13.61%,$1.02B,$0.10B,9.70%,$0.10B,$0.35B,31.40%,$0.10B,$0.30B,37.68%,$0.10B,$0.47B,22.04%,$0.14B,$0.35B,43.77%,$255,$43,$213,$0,$180,$222,$33,$0,$33,$12,$21,$21,$21,$36,$33,$24,25,$0.87,$0.86,$176,$70,$0,$279,$102,$0,$51,$22,$193,$472,$111,$0,$1,$7,$118,$0,$287,$-9,$354,$472,$21,$3,$6,$9,$0,$-3,$0,$-25,$-28,$2,$-3,$0,$0,$0,$0,$0,$0,$-3,$0,$0,$0,$0,$0,$0,$0,$0,$1,$4,$0
7,2016-12-31,61.2,$13.29,4.61,$40.17,1.52,$7.95,7.7,$3.86,15.88,$0.28B,$0.14B,2.01,$0.00B,$0.33B,0.0,$1.01B,$0.83B,82.21%,$1.01B,$0.14B,13.82%,$1.01B,$0.14B,13.82%,$1.01B,$0.15B,15.11%,$1.01B,$0.14B,13.82%,$1.01B,$0.10B,9.94%,$0.10B,$0.33B,34.72%,$0.10B,$0.27B,42.69%,$0.10B,$0.47B,22.77%,$0.14B,$0.33B,45.65%,$253,$46,$207,$0,$175,$221,$32,$-0,$32,$10,$22,$22,$22,$35,$32,$24,25,$0.90,$0.87,$176,$65,$0,$278,$101,$0,$51,$22,$193,$471,$138,$0,$1,$7,$145,$0,$265,$-12,$325,$471,$100,$13,$13,$26,$0,$-1,$-1,$13,$11,$137,$-33,$0,$-0,$0,$0,$0,$1,$-32,$0,$0,$0,$-65,$-65,$0,$-0,$-65,$33,$17,$0
8,2016-09-30,69.18,$12.64,5.47,$38.90,1.78,$7.12,9.72,$3.90,17.74,$0.25B,$0.13B,1.93,$0.00B,$0.31B,0.0,$0.99B,$0.81B,82.35%,$0.99B,$0.14B,14.40%,$0.99B,$0.14B,14.40%,$0.99B,$0.16B,15.72%,$0.99B,$0.14B,14.50%,$0.99B,$0.10B,10.34%,$0.10B,$0.31B,36.82%,$0.10B,$0.25B,45.95%,$0.10B,$0.44B,23.87%,$0.14B,$0.31B,48.38%,$254,$45,$209,$0,$173,$218,$36,$0,$36,$6,$30,$30,$30,$39,$36,$24,25,$1.24,$1.20,$135,$74,$0,$248,$104,$0,$53,$23,$195,$444,$128,$0,$1,$7,$136,$0,$244,$-5,$308,$444,$78,$10,$12,$22,$0,$-8,$1,$-11,$-18,$82,$-26,$0,$0,$0,$0,$0,$1,$-25,$0,$1,$1,$-65,$-65,$0,$-0,$-64,$-9,$14,$0
9,2016-06-30,55.72,$11.42,4.88,$37.51,1.49,$7.08,7.87,$3.66,15.22,$0.22B,$0.13B,1.73,$0.00B,$0.27B,0.0,$0.97B,$0.80B,82.38%,$0.97B,$0.14B,14.92%,$0.97B,$0.14B,14.92%,$0.97B,$0.16B,16.27%,$0.97B,$0.15B,15.03%,$0.97B,$0.10B,10.16%,$0.10B,$0.27B,35.22%,$0.10B,$0.22B,44.04%,$0.10B,$0.41B,23.00%,$0.14B,$0.27B,48.85%,$259,$46,$213,$0,$175,$221,$37,$0,$38,$12,$26,$26,$26,$41,$37,$24,25,$1.08,$1.03,$112,$71,$0,$222,$95,$0,$54,$23,$188,$410,$128,$0,$2,$8,$136,$0,$213,$-4,$274,$410,$48,$7,$8,$14,$0,$-5,$0,$-10,$-14,$48,$-14,$0,$0,$0,$0,$0,$0,$-13,$0,$0,$0,$-65,$-65,$0,$-0,$-65,$-31,$9,$0
10,2016-03-31,60.71,$10.24,5.93,$35.95,1.69,$7.08,8.58,$3.59,16.93,$0.24B,$0.11B,2.16,$0.07B,$0.25B,0.27,$0.94B,$0.78B,82.53%,$0.94B,$0.15B,15.55%,$0.94B,$0.15B,15.55%,$0.94B,$0.16B,16.72%,$0.94B,$0.15B,15.55%,$0.94B,$0.10B,10.33%,$0.10B,$0.25B,34.52%,$0.10B,$0.19B,43.30%,$0.10B,$0.43B,22.78%,$0.15B,$0.31B,49.08%,$240,$43,$198,$0,$164,$207,$34,$-0,$33,$11,$22,$22,$22,$37,$34,$24,25,$0.92,$0.89,$151,$68,$0,$243,$95,$0,$55,$24,$188,$432,$113,$66,$1,$74,$187,$0,$188,$-2,$245,$432,$22,$4,$3,$6,$0,$-0,$-2,$-13,$-15,$13,$-9,$0,$0,$0,$0,$0,$0,$-9,$0,$66,$66,$-65,$-65,$0,$-0,$1,$7,$5,$0
11,2015-12-31,63.88,$11.24,5.68,$34.79,1.84,$7.58,8.43,$3.59,17.82,$0.24B,$0.13B,1.86,$0.00B,$0.28B,0.0,$0.92B,$0.76B,82.57%,$0.92B,$0.14B,15.47%,$0.92B,$0.14B,15.47%,$0.92B,$0.15B,16.56%,$0.92B,$0.14B,15.58%,$0.92B,$0.10B,10.35%,$0.10B,$0.28B,33.57%,$0.10B,$0.23B,42.18%,$0.10B,$0.42B,23.09%,$0.14B,$0.28B,50.18%,$233,$40,$192,$0,$157,$197,$35,$0,$36,$12,$24,$24,$24,$38,$35,$25,26,$0.95,$0.92,$143,$66,$0,$244,$88,$0,$56,$25,$179,$423,$131,$0,$1,$11,$142,$0,$215,$-4,$281,$423,$95,$10,$-4,$6,$0,$-23,$2,$31,$10,$111,$-24,$0,$-2,$0,$0,$0,$0,$-25,$0,$0,$0,$-61,$-61,$0,$12,$-49,$32,$11,$0
12,2015-09-30,67.02,$12.16,5.51,$34.28,1.95,$7.34,9.14,$3.50,19.17,$0.27B,$0.11B,2.36,$0.00B,$0.31B,0.0,$0.91B,$0.76B,82.80%,$0.91B,$0.14B,15.33%,$0.91B,$0.14B,15.33%,$0.91B,$0.15B,16.32%,$0.91B,$0.14B,15.22%,$0.91B,$0.09B,10.08%,$0.09B,$0.31B,34.04%,$0.09B,$0.26B,43.45%,$0.09B,$0.44B,23.38%,$0.14B,$0.31B,51.80%,$233,$41,$192,$0,$154,$195,$38,$0,$38,$13,$26,$26,$26,$41,$38,$26,27,$1.00,$0.96,$174,$62,$0,$270,$79,$0,$57,$25,$169,$439,$114,$0,$1,$11,$126,$0,$237,$-2,$313,$439,$71,$7,$-5,$3,$0,$-18,$2,$8,$1,$75,$-16,$0,$0,$0,$0,$0,$-2,$-18,$0,$0,$0,$0,$0,$0,$10,$10,$63,$7,$0
13,2015-06-30,68.33,$11.11,6.15,$32.76,2.09,$7.19,9.5,$3.27,20.9,$0.25B,$0.11B,2.17,$0.00B,$0.29B,0.0,$0.87B,$0.72B,82.68%,$0.87B,$0.13B,15.02%,$0.87B,$0.13B,15.02%,$0.87B,$0.14B,16.06%,$0.87B,$0.13B,14.91%,$0.87B,$0.09B,9.75%,$0.09B,$0.29B,35.16%,$0.09B,$0.23B,46.51%,$0.09B,$0.41B,23.42%,$0.13B,$0.29B,54.19%,$233,$40,$193,$0,$154,$194,$39,$-0,$39,$13,$25,$25,$25,$41,$39,$25,26,$1.00,$0.96,$151,$54,$0,$245,$74,$0,$59,$25,$164,$409,$113,$0,$1,$11,$124,$0,$212,$1,$285,$409,$45,$5,$-2,$2,$0,$-9,$1,$1,$-1,$46,$-10,$0,$0,$0,$0,$0,$-2,$-11,$0,$0,$0,$0,$0,$0,$6,$6,$40,$4,$0
14,2015-03-31,55.56,$10.00,5.56,$30.55,1.82,$6.56,8.47,$2.99,18.58,$0.21B,$0.11B,1.92,$0.00B,$0.25B,0.0,$0.83B,$0.68B,82.35%,$0.83B,$0.12B,14.63%,$0.83B,$0.12B,14.63%,$0.83B,$0.13B,15.72%,$0.83B,$0.12B,14.51%,$0.83B,$0.08B,9.55%,$0.08B,$0.25B,33.76%,$0.08B,$0.19B,45.14%,$0.08B,$0.38B,22.60%,$0.12B,$0.25B,51.71%,$219,$38,$181,$0,$151,$190,$30,$0,$30,$10,$20,$20,$20,$32,$30,$25,26,$0.78,$0.75,$129,$51,$0,$211,$73,$0,$59,$25,$164,$375,$110,$0,$1,$11,$122,$0,$186,$2,$253,$375,$20,$2,$1,$3,$0,$-6,$1,$6,$1,$24,$-6,$0,$0,$0,$0,$0,$-2,$-7,$0,$0,$0,$0,$0,$0,$1,$1,$17,$2,$0
15,2014-12-31,51.3,$9.11,5.63,$28.51,1.8,$5.93,8.65,$2.82,18.22,$0.19B,$0.11B,1.76,$0.00B,$0.23B,0.0,$0.79B,$0.65B,82.15%,$0.79B,$0.12B,14.68%,$0.79B,$0.12B,14.68%,$0.79B,$0.13B,15.82%,$0.79B,$0.12B,14.56%,$0.79B,$0.08B,9.62%,$0.08B,$0.23B,31.57%,$0.08B,$0.17B,41.82%,$0.08B,$0.35B,21.81%,$0.12B,$0.23B,48.18%,$228,$38,$190,$0,$158,$195,$33,$-1,$32,$11,$21,$21,$21,$35,$33,$26,27,$0.85,$0.81,$111,$45,$0,$191,$71,$0,$59,$24,$160,$351,$109,$0,$1,$12,$120,$0,$166,$2,$230,$351,$77,$9,$-6,$3,$0,$1,$-1,$26,$26,$105,$-20,$0,$0,$0,$9,$9,$-4,$-16,$0,$0,$0,$-128,$-128,$0,$15,$-113,$-26,$10,$0
16,2014-09-30,36.83,$8.06,4.57,$26.74,1.38,$6.04,6.1,$2.70,13.67,$0.16B,$0.11B,1.54,$0.00B,$0.20B,0.0,$0.75B,$0.61B,81.68%,$0.75B,$0.11B,14.97%,$0.75B,$0.11B,14.97%,$0.75B,$0.12B,16.18%,$0.75B,$0.11B,14.97%,$0.75B,$0.08B,10.03%,$0.08B,$0.20B,30.18%,$0.08B,$0.14B,39.68%,$0.08B,$0.32B,21.26%,$0.11B,$0.20B,45.07%,$192,$35,$157,$0,$128,$163,$29,$-0,$29,$9,$19,$19,$19,$32,$29,$26,27,$0.76,$0.74,$88,$43,$0,$163,$66,$0,$60,$23,$154,$317,$105,$0,$1,$12,$117,$0,$156,$5,$199,$317,$55,$7,$1,$8,$0,$5,$-3,$-1,$4,$67,$-13,$0,$0,$0,$9,$9,$-3,$-8,$0,$10,$10,$-119,$-119,$0,$0,$-109,$-50,$6,$0
17,2014-06-30,39.07,$9.48,4.12,$25.54,1.53,$6.02,6.49,$2.54,15.38,$0.20B,$0.09B,2.28,$0.00B,$0.25B,0.0,$0.73B,$0.60B,81.64%,$0.73B,$0.11B,14.79%,$0.73B,$0.11B,14.79%,$0.73B,$0.12B,15.89%,$0.73B,$0.11B,14.79%,$0.73B,$0.07B,10.00%,$0.07B,$0.25B,28.24%,$0.07B,$0.20B,36.78%,$0.07B,$0.36B,20.49%,$0.11B,$0.25B,41.78%,$188,$35,$153,$0,$124,$159,$29,$0,$29,$10,$19,$19,$19,$31,$29,$28,28,$0.70,$0.68,$122,$45,$0,$202,$66,$0,$59,$23,$153,$355,$89,$0,$1,$12,$101,$0,$197,$5,$254,$355,$36,$4,$0,$5,$0,$3,$-3,$-12,$-9,$31,$-10,$0,$0,$0,$5,$5,$-3,$-7,$0,$0,$0,$-46,$-46,$0,$3,$-43,$-19,$4,$0
18,2014-03-31,37.67,$10.00,3.77,$25.63,1.47,$6.85,5.5,$2.72,13.85,$0.23B,$0.08B,2.83,$0.00B,$0.28B,0.0,$0.73B,$0.60B,82.08%,$0.73B,$0.12B,15.73%,$0.73B,$0.12B,15.73%,$0.73B,$0.12B,16.96%,$0.73B,$0.12B,15.73%,$0.73B,$0.08B,10.67%,$0.08B,$0.28B,31.39%,$0.08B,$0.22B,41.43%,$0.08B,$0.37B,22.79%,$0.12B,$0.28B,46.28%,$182,$34,$149,$0,$123,$157,$25,$0,$25,$9,$17,$17,$17,$27,$25,$28,29,$0.60,$0.58,$147,$47,$0,$226,$59,$0,$59,$21,$145,$371,$80,$0,$1,$12,$92,$0,$217,$5,$280,$371,$17,$2,$-0,$2,$0,$0,$-4,$-14,$-16,$2,$-1,$0,$0,$0,$4,$4,$-1,$2,$0,$0,$0,$0,$0,$0,$2,$2,$5,$2,$0
19,2013-12-31,37.79,$9.38,4.03,$25.38,1.49,$7.50,5.04,$2.79,13.57,$0.23B,$0.10B,2.39,$0.00B,$0.26B,0.0,$0.72B,$0.59B,82.17%,$0.72B,$0.12B,16.30%,$0.72B,$0.12B,16.30%,$0.72B,$0.13B,17.55%,$0.72B,$0.12B,16.30%,$0.72B,$0.08B,11.00%,$0.08B,$0.26B,35.03%,$0.08B,$0.20B,47.88%,$0.08B,$0.37B,24.94%,$0.12B,$0.26B,51.88%,$186,$34,$152,$0,$123,$157,$29,$-0,$29,$9,$20,$20,$20,$31,$29,$27,28,$0.73,$0.70,$146,$47,$0,$229,$59,$0,$61,$14,$139,$368,$96,$0,$1,$12,$108,$0,$200,$6,$261,$368,$79,$9,$1,$10,$0,$-12,$3,$19,$10,$99,$-8,$0,$0,$0,$-9,$-9,$-5,$-22,$0,$0,$0,$-18,$-18,$0,$7,$-10,$67,$8,$0
20,2013-09-30,43.4,$8.61,5.04,$24.47,1.77,$7.13,6.09,$2.72,15.98,$0.20B,$0.08B,2.38,$0.00B,$0.24B,0.0,$0.70B,$0.58B,82.17%,$0.70B,$0.12B,16.55%,$0.70B,$0.12B,16.55%,$0.70B,$0.13B,17.83%,$0.70B,$0.12B,16.55%,$0.70B,$0.08B,10.98%,$0.08B,$0.24B,37.24%,$0.08B,$0.18B,52.56%,$0.08B,$0.33B,26.42%,$0.12B,$0.24B,56.11%,$174,$31,$142,$0,$118,$149,$25,$0,$25,$8,$17,$17,$17,$27,$25,$28,29,$0.61,$0.58,$115,$46,$0,$196,$60,$0,$60,$11,$135,$331,$83,$0,$1,$10,$93,$0,$180,$6,$239,$331,$59,$7,$-0,$7,$0,$-10,$1,$8,$-1,$65,$-6,$0,$0,$0,$0,$0,$-3,$-10,$0,$0,$0,$-18,$-18,$0,$8,$-10,$45,$6,$0
21,2013-06-30,36.19,$7.87,4.6,$23.98,1.51,$7.02,5.16,$2.73,13.28,$0.17B,$0.08B,2.23,$0.00B,$0.21B,0.0,$0.69B,$0.57B,82.23%,$0.69B,$0.12B,16.62%,$0.69B,$0.12B,16.62%,$0.69B,$0.12B,17.92%,$0.69B,$0.12B,16.62%,$0.69B,$0.08B,11.13%,$0.08B,$0.21B,39.24%,$0.08B,$0.15B,56.51%,$0.08B,$0.30B,27.77%,$0.12B,$0.21B,58.60%,$189,$32,$157,$0,$121,$153,$36,$-0,$36,$12,$24,$24,$24,$39,$36,$27,28,$0.90,$0.86,$96,$42,$0,$166,$59,$0,$60,$10,$133,$299,$75,$0,$1,$10,$85,$0,$163,$5,$214,$299,$42,$5,$4,$8,$0,$-6,$0,$3,$-3,$47,$-3,$0,$0,$0,$0,$0,$-2,$-5,$0,$0,$0,$-18,$-18,$0,$2,$-16,$25,$4,$0
22,2013-03-31,24.17,$6.99,3.46,$22.61,1.07,$6.79,3.56,$2.42,9.99,$0.13B,$0.07B,1.91,$0.00B,$0.19B,0.0,$0.66B,$0.55B,82.08%,$0.66B,$0.10B,15.66%,$0.66B,$0.10B,15.66%,$0.66B,$0.11B,16.87%,$0.66B,$0.10B,15.66%,$0.66B,$0.07B,10.54%,$0.07B,$0.19B,37.09%,$0.07B,$0.13B,54.37%,$0.07B,$0.27B,26.14%,$0.10B,$0.19B,55.10%,$169,$30,$139,$0,$112,$143,$27,$-0,$27,$9,$18,$18,$18,$29,$27,$27,28,$0.65,$0.64,$71,$43,$0,$134,$61,$0,$60,$8,$135,$269,$70,$0,$1,$11,$81,$0,$139,$7,$188,$269,$18,$2,$1,$4,$0,$-7,$1,$4,$-1,$20,$-1,$0,$0,$0,$0,$0,$-1,$-2,$0,$0,$0,$-18,$-18,$0,$0,$-18,$0,$2,$0
23,2012-12-31,16.47,$6.71,2.45,$21.57,0.76,$6.76,2.44,$2.23,7.38,$0.13B,$0.07B,1.87,$0.00B,$0.19B,0.0,$0.65B,$0.53B,82.13%,$0.65B,$0.10B,15.10%,$0.65B,$0.10B,15.10%,$0.65B,$0.11B,16.33%,$0.65B,$0.10B,15.10%,$0.65B,$0.07B,10.17%,$0.07B,$0.19B,34.83%,$0.07B,$0.13B,50.97%,$0.07B,$0.27B,24.74%,$0.10B,$0.19B,51.72%,$169,$30,$138,$0,$110,$140,$28,$0,$28,$10,$18,$18,$18,$30,$28,$29,30,$0.65,$0.63,$71,$36,$0,$133,$62,$0,$60,$7,$135,$267,$71,$0,$1,$11,$82,$0,$135,$7,$186,$267,$66,$9,$11,$20,$0,$1,$-1,$6,$7,$93,$-8,$0,$0,$0,$0,$0,$0,$-8,$0,$0,$0,$-68,$-68,$0,$3,$-65,$20,$10,$0
24,2012-09-30,23.24,$6.79,3.42,$20.61,1.13,$5.84,3.98,$2.03,11.45,$0.14B,$0.07B,2.08,$0.00B,$0.20B,0.0,$0.63B,$0.52B,82.43%,$0.63B,$0.09B,14.38%,$0.63B,$0.09B,14.38%,$0.63B,$0.10B,15.65%,$0.63B,$0.09B,14.38%,$0.63B,$0.06B,9.74%,$0.06B,$0.20B,32.71%,$0.06B,$0.14B,48.22%,$0.06B,$0.27B,23.37%,$0.09B,$0.20B,48.26%,$165,$30,$135,$0,$111,$141,$24,$0,$24,$7,$17,$17,$17,$26,$24,$29,30,$0.61,$0.59,$77,$33,$0,$139,$62,$0,$60,$7,$136,$274,$67,$0,$1,$11,$77,$0,$141,$7,$197,$274,$48,$7,$8,$14,$0,$4,$-1,$-2,$1,$64,$-7,$0,$0,$0,$0,$0,$0,$-7,$0,$1,$1,$-35,$-35,$0,$3,$-31,$26,$8,$0
25,2012-06-30,20.56,$6.40,3.21,$19.78,1.04,$5.40,3.81,$1.85,11.14,$0.12B,$0.07B,1.85,$0.00B,$0.18B,0.0,$0.61B,$0.50B,82.48%,$0.61B,$0.09B,14.05%,$0.61B,$0.09B,14.05%,$0.61B,$0.09B,15.37%,$0.61B,$0.09B,14.05%,$0.61B,$0.06B,9.26%,$0.06B,$0.18B,31.64%,$0.06B,$0.12B,47.86%,$0.06B,$0.26B,22.42%,$0.09B,$0.18B,48.02%,$161,$28,$133,$0,$108,$136,$25,$-0,$25,$8,$17,$17,$17,$27,$25,$29,30,$0.57,$0.56,$66,$34,$0,$124,$60,$0,$60,$7,$138,$261,$67,$0,$1,$11,$77,$0,$130,$6,$184,$261,$30,$4,$0,$5,$0,$3,$-2,$7,$9,$44,$-3,$0,$0,$0,$0,$0,$0,$-3,$0,$1,$1,$-26,$-26,$0,$0,$-26,$15,$6,$0
26,2012-03-31,18.67,$6.37,2.93,$19.17,0.97,$4.87,3.83,$1.73,10.79,$0.13B,$0.06B,2.01,$0.00B,$0.19B,0.0,$0.59B,$0.49B,82.46%,$0.59B,$0.08B,13.66%,$0.59B,$0.08B,13.66%,$0.59B,$0.09B,15.01%,$0.59B,$0.08B,13.66%,$0.59B,$0.05B,8.94%,$0.05B,$0.19B,31.45%,$0.05B,$0.13B,48.51%,$0.05B,$0.27B,22.46%,$0.08B,$0.19B,48.07%,$154,$27,$127,$0,$106,$133,$21,$0,$21,$7,$14,$14,$14,$23,$21,$30,31,$0.46,$0.45,$71,$35,$0,$125,$61,$0,$60,$6,$139,$265,$62,$0,$1,$11,$73,$0,$133,$6,$191,$265,$14,$2,$2,$4,$0,$2,$-0,$3,$5,$23,$-2,$0,$0,$0,$0,$0,$0,$-2,$0,$0,$0,$0,$0,$0,$0,$0,$21,$3,$0
27,2011-12-31,15.19,$5.82,2.61,$18.56,0.82,$4.72,3.22,$1.63,9.32,$0.11B,$0.06B,1.78,$0.00B,$0.17B,0.0,$0.58B,$0.48B,82.33%,$0.58B,$0.08B,13.21%,$0.58B,$0.08B,13.21%,$0.58B,$0.09B,14.58%,$0.58B,$0.08B,13.21%,$0.58B,$0.05B,8.58%,$0.05B,$0.17B,31.50%,$0.05B,$0.11B,50.00%,$0.05B,$0.24B,22.57%,$0.08B,$0.17B,48.50%,$146,$25,$121,$0,$101,$126,$20,$-0,$20,$7,$13,$13,$13,$22,$20,$31,31,$0.44,$0.44,$50,$37,$0,$106,$61,$0,$60,$6,$138,$244,$60,$0,$1,$11,$71,$0,$119,$6,$174,$244,$51,$8,$9,$17,$0,$-3,$2,$4,$2,$70,$-11,$0,$0,$0,$0,$0,$0,$-11,$0,$0,$0,$-33,$-33,$0,$0,$-33,$26,$11,$0
28,2011-09-30,13.75,$5.32,2.58,$18.19,0.76,$4.75,2.89,$1.57,8.76,$0.09B,$0.06B,1.52,$0.00B,$0.16B,0.0,$0.58B,$0.47B,82.09%,$0.58B,$0.08B,13.04%,$0.58B,$0.08B,13.04%,$0.58B,$0.08B,14.43%,$0.58B,$0.08B,13.04%,$0.58B,$0.05B,8.52%,$0.05B,$0.16B,32.24%,$0.05B,$0.10B,52.41%,$0.05B,$0.23B,22.82%,$0.08B,$0.16B,49.34%,$144,$25,$118,$0,$100,$125,$19,$0,$19,$7,$12,$12,$12,$21,$19,$30,30,$0.41,$0.41,$36,$36,$0,$90,$60,$0,$60,$6,$139,$229,$59,$0,$1,$11,$70,$0,$106,$6,$159,$229,$38,$6,$6,$13,$0,$-3,$3,$3,$3,$53,$-9,$0,$0,$0,$0,$0,$0,$-9,$0,$0,$0,$-33,$-33,$0,$0,$-33,$12,$8,$0
29,2011-06-30,15.64,$4.96,3.16,$17.62,0.89,$4.59,3.41,$1.56,10.03,$0.08B,$0.05B,1.46,$0.00B,$0.15B,0.0,$0.57B,$0.46B,81.98%,$0.57B,$0.08B,13.25%,$0.57B,$0.08B,13.25%,$0.57B,$0.08B,14.66%,$0.57B,$0.08B,13.25%,$0.57B,$0.05B,8.83%,$0.05B,$0.15B,34.54%,$0.05B,$0.09B,57.64%,$0.05B,$0.21B,24.04%,$0.08B,$0.15B,51.81%,$149,$26,$123,$0,$102,$128,$21,$0,$21,$7,$14,$14,$14,$23,$21,$31,32,$0.45,$0.44,$25,$35,$0,$79,$61,$0,$57,$9,$127,$206,$54,$0,$1,$1,$56,$0,$99,$5,$150,$206,$25,$4,$3,$7,$0,$-1,$2,$-2,$-1,$31,$-6,$0,$0,$0,$0,$0,$0,$-6,$0,$0,$0,$-25,$-25,$0,$0,$-25,$1,$5,$0
30,2011-03-31,17.26,$4.81,3.58,$16.91,1.02,$4.46,3.87,$1.47,11.78,$0.08B,$0.05B,1.54,$0.00B,$0.15B,0.0,$0.54B,$0.44B,81.77%,$0.54B,$0.07B,13.08%,$0.54B,$0.07B,13.08%,$0.54B,$0.08B,14.55%,$0.54B,$0.07B,12.89%,$0.54B,$0.05B,8.66%,$0.05B,$0.15B,35.61%,$0.05B,$0.09B,54.18%,$0.05B,$0.21B,24.42%,$0.07B,$0.15B,53.79%,$144,$26,$118,$0,$101,$126,$17,$0,$17,$6,$11,$11,$11,$19,$17,$32,32,$0.36,$0.35,$33,$34,$0,$84,$57,$0,$57,$9,$123,$207,$54,$0,$1,$1,$55,$0,$96,$4,$152,$207,$11,$2,$1,$4,$0,$1,$1,$1,$3,$18,$-1,$0,$0,$0,$0,$0,$0,$-1,$0,$0,$0,$-9,$-9,$0,$0,$-8,$8,$3,$0
31,2010-12-31,21.73,$4.59,4.73,$16.32,1.33,$4.41,4.92,$1.43,15.25,$0.08B,$0.06B,1.38,$0.00B,$0.15B,0.0,$0.52B,$0.42B,81.47%,$0.52B,$0.07B,13.13%,$0.52B,$0.07B,13.13%,$0.52B,$0.08B,14.67%,$0.52B,$0.07B,13.13%,$0.52B,$0.05B,8.88%,$0.05B,$0.15B,39.83%,$0.05B,$0.09B,55.09%,$0.05B,$0.22B,26.47%,$0.07B,$0.15B,58.87%,$138,$25,$113,$0,$95,$119,$18,$0,$18,$6,$12,$12,$12,$20,$18,$31,32,$0.39,$0.38,$24,$34,$0,$82,$58,$0,$59,$6,$135,$217,$59,$0,$1,$11,$70,$0,$90,$5,$147,$217,$46,$8,$11,$19,$0,$-5,$-2,$8,$1,$66,$-4,$0,$-43,$0,$0,$0,$0,$-47,$0,$-7,$-7,$-5,$-5,$0,$2,$-10,$11,$10,$0
32,2010-09-30,20.18,$4.12,4.89,$15.79,1.28,$3.42,5.91,$1.38,14.62,$0.07B,$0.07B,1.04,$0.00B,$0.13B,0.0,$0.50B,$0.40B,80.89%,$0.50B,$0.07B,13.08%,$0.50B,$0.07B,13.08%,$0.50B,$0.07B,14.69%,$0.50B,$0.07B,13.08%,$0.50B,$0.04B,8.85%,$0.04B,$0.13B,45.24%,$0.04B,$0.07B,55.87%,$0.04B,$0.20B,29.28%,$0.07B,$0.13B,65.66%,$135,$25,$110,$0,$91,$116,$19,$1,$19,$6,$13,$13,$13,$21,$19,$31,32,$0.42,$0.40,$23,$33,$0,$73,$58,$0,$58,$12,$128,$202,$71,$0,$1,$1,$72,$0,$83,$3,$130,$202,$33,$6,$6,$12,$0,$-5,$0,$6,$1,$46,$-4,$0,$-43,$0,$0,$0,$0,$-46,$0,$12,$12,$-4,$-4,$0,$1,$9,$9,$7,$0
33,2010-06-30,18.27,$3.22,5.68,$15.20,1.2,$2.70,6.77,$1.24,14.73,$0.07B,$0.04B,1.63,$0.00B,$0.10B,0.0,$0.47B,$0.38B,80.34%,$0.47B,$0.06B,12.26%,$0.47B,$0.06B,12.26%,$0.47B,$0.07B,13.95%,$0.47B,$0.06B,12.26%,$0.47B,$0.04B,8.25%,$0.04B,$0.10B,48.45%,$0.04B,$0.09B,52.00%,$0.04B,$0.14B,30.00%,$0.06B,$0.10B,67.05%,$126,$23,$103,$0,$86,$109,$17,$-1,$16,$6,$11,$11,$11,$19,$17,$31,31,$0.35,$0.35,$28,$31,$0,$71,$56,$0,$6,$11,$73,$144,$44,$0,$1,$1,$45,$0,$77,$1,$99,$144,$20,$4,$2,$6,$0,$-6,$1,$3,$-1,$25,$-4,$0,$0,$0,$0,$0,$0,$-4,$0,$-7,$-7,$0,$0,$0,$0,$-7,$15,$4,$0
34,2010-03-31,15.71,$2.82,5.57,$14.83,1.06,$2.16,7.28,$1.18,13.31,$0.06B,$0.04B,1.37,$0.00B,$0.09B,0.0,$0.46B,$0.37B,79.52%,$0.46B,$0.05B,11.76%,$0.46B,$0.05B,11.76%,$0.46B,$0.06B,13.51%,$0.46B,$0.06B,11.98%,$0.46B,$0.04B,8.06%,$0.04B,$0.09B,53.62%,$0.04B,$0.08B,58.27%,$0.04B,$0.13B,29.84%,$0.05B,$0.09B,65.85%,$119,$23,$96,$0,$82,$105,$14,$0,$15,$5,$10,$10,$10,$16,$14,$31,31,$0.32,$0.31,$22,$27,$0,$61,$57,$0,$6,$9,$71,$132,$44,$0,$2,$2,$46,$0,$66,$2,$86,$132,$10,$2,$1,$3,$0,$-1,$-0,$4,$2,$15,$-1,$0,$0,$0,$0,$0,$0,$-1,$0,$-7,$-7,$0,$0,$0,$0,$-7,$8,$2,$0
35,2009-12-31,15.95,$2.43,6.57,$14.15,1.13,$1.62,9.87,$1.09,14.7,$0.05B,$0.04B,1.28,$0.01B,$0.07B,0.09,$0.44B,$0.35B,79.18%,$0.44B,$0.05B,11.44%,$0.44B,$0.05B,11.44%,$0.44B,$0.06B,13.27%,$0.44B,$0.05B,11.44%,$0.44B,$0.03B,7.78%,$0.03B,$0.07B,58.87%,$0.03B,$0.07B,65.38%,$0.03B,$0.12B,28.10%,$0.05B,$0.08B,63.09%,$117,$24,$93,$0,$78,$101,$15,$0,$15,$5,$10,$10,$10,$17,$15,$31,31,$0.34,$0.33,$14,$26,$0,$52,$57,$0,$6,$9,$72,$123,$40,$7,$2,$9,$49,$0,$56,$2,$74,$123,$34,$7,$6,$14,$0,$-0,$-1,$-13,$-15,$32,$-3,$0,$0,$0,$0,$0,$0,$-3,$0,$-28,$-28,$-2,$-2,$0,$0,$-30,$0,$9,$0
36,2009-09-30,17.06,$2.05,8.32,$13.80,1.24,$1.60,10.66,$0.90,18.95,$0.05B,$0.04B,1.26,$0.02B,$0.06B,0.27,$0.43B,$0.34B,79.12%,$0.43B,$0.04B,9.98%,$0.43B,$0.04B,9.98%,$0.43B,$0.05B,11.60%,$0.43B,$0.04B,9.74%,$0.43B,$0.03B,6.50%,$0.03B,$0.06B,59.26%,$0.03B,$0.06B,67.88%,$0.03B,$0.12B,23.14%,$0.04B,$0.08B,56.77%,$111,$23,$88,$0,$76,$99,$12,$0,$12,$4,$8,$8,$8,$14,$12,$31,31,$0.26,$0.26,$13,$26,$0,$50,$57,$0,$6,$8,$71,$121,$40,$17,$2,$19,$59,$0,$47,$1,$63,$121,$23,$5,$5,$11,$0,$-1,$-1,$-11,$-13,$21,$-2,$0,$0,$0,$0,$0,$0,$-2,$0,$-18,$-18,$-1,$-1,$0,$0,$-19,$-0,$7,$0
37,2009-06-30,14.87,$1.72,8.64,$13.56,1.1,$1.72,8.62,$0.90,16.61,$0.05B,$0.04B,1.31,$0.03B,$0.05B,0.53,$0.43B,$0.34B,79.16%,$0.43B,$0.04B,10.30%,$0.43B,$0.04B,10.30%,$0.43B,$0.05B,11.71%,$0.43B,$0.04B,9.84%,$0.43B,$0.03B,6.56%,$0.03B,$0.05B,66.27%,$0.03B,$0.05B,76.71%,$0.03B,$0.12B,23.14%,$0.04B,$0.08B,59.26%,$112,$24,$88,$0,$75,$99,$13,$0,$13,$5,$9,$9,$9,$15,$13,$31,31,$0.29,$0.29,$11,$25,$0,$49,$57,$0,$6,$9,$71,$120,$37,$28,$2,$30,$67,$0,$40,$1,$53,$120,$15,$4,$3,$7,$0,$-1,$-2,$-13,$-16,$6,$-2,$0,$0,$0,$0,$0,$0,$-2,$0,$-7,$-7,$0,$0,$0,$0,$-7,$-2,$5,$0
38,2009-03-31,11.18,$1.33,8.42,$13.24,0.84,$1.99,5.61,$0.92,12.15,$0.05B,$0.04B,1.13,$0.03B,$0.04B,0.83,$0.42B,$0.34B,79.48%,$0.42B,$0.05B,11.08%,$0.42B,$0.05B,11.08%,$0.42B,$0.05B,12.50%,$0.42B,$0.05B,10.61%,$0.42B,$0.03B,6.84%,$0.03B,$0.04B,65.54%,$0.03B,$0.04B,74.84%,$0.03B,$0.12B,24.17%,$0.05B,$0.08B,65.51%,$97,$20,$77,$0,$67,$87,$10,$-0,$10,$3,$7,$7,$7,$12,$10,$31,31,$0.22,$0.22,$10,$27,$0,$49,$56,$0,$6,$8,$70,$120,$43,$34,$2,$36,$79,$0,$31,$-1,$41,$120,$7,$2,$2,$4,$0,$-4,$1,$-9,$-12,$-1,$-1,$0,$0,$0,$0,$0,$0,$-1,$0,$-1,$-1,$0,$0,$0,$0,$-1,$-4,$3,$0
39,2008-12-31,17.12,$1.04,16.51,$13.16,1.3,$2.16,7.93,$0.94,18.31,$0.05B,$0.06B,0.97,$0.04B,$0.03B,1.1,$0.43B,$0.34B,79.25%,$0.43B,$0.05B,11.42%,$0.43B,$0.05B,11.42%,$0.43B,$0.05B,12.59%,$0.43B,$0.05B,10.96%,$0.43B,$0.03B,6.76%,$0.03B,$0.03B,62.37%,$0.03B,$0.03B,70.73%,$0.03B,$0.12B,24.27%,$0.05B,$0.07B,67.59%,$111,$23,$88,$0,$80,$103,$8,$-1,$7,$2,$4,$4,$4,$9,$8,$32,32,$0.15,$0.15,$13,$24,$0,$53,$57,$0,$6,$7,$70,$123,$55,$35,$1,$36,$91,$0,$24,$-0,$32,$123,$30,$7,$4,$11,$0,$-7,$1,$12,$6,$46,$-16,$0,$0,$0,$0,$0,$1,$-15,$0,$7,$7,$-39,$-39,$0,$2,$-30,$0,$8,$0
40,2008-09-30,20.5,$1.39,14.78,$12.88,1.59,$2.18,9.4,$1.13,18.22,$0.05B,$0.04B,1.13,$0.03B,$0.04B,0.71,$0.43B,$0.34B,79.16%,$0.43B,$0.06B,13.58%,$0.43B,$0.06B,13.58%,$0.43B,$0.06B,14.99%,$0.43B,$0.06B,13.35%,$0.43B,$0.04B,8.43%,$0.04B,$0.04B,77.01%,$0.04B,$0.04B,87.27%,$0.04B,$0.12B,31.03%,$0.06B,$0.07B,81.69%,$107,$22,$85,$0,$72,$94,$13,$-0,$12,$4,$8,$8,$8,$14,$13,$32,32,$0.25,$0.25,$14,$22,$0,$50,$59,$0,$6,$6,$71,$121,$44,$31,$3,$33,$78,$0,$33,$0,$43,$121,$25,$5,$2,$7,$0,$-4,$3,$7,$6,$38,$-15,$0,$0,$0,$0,$0,$1,$-14,$0,$3,$3,$-28,$-28,$0,$2,$-23,$1,$5,$0
41,2008-06-30,13.44,$1.87,7.18,$12.76,1.05,$2.24,5.99,$1.22,11.06,$0.04B,$0.04B,1.05,$0.01B,$0.06B,0.16,$0.43B,$0.34B,79.11%,$0.43B,$0.06B,14.55%,$0.43B,$0.06B,14.55%,$0.43B,$0.07B,15.96%,$0.43B,$0.06B,14.55%,$0.43B,$0.04B,9.15%,$0.04B,$0.06B,92.31%,$0.04B,$0.06B,106.85%,$0.04B,$0.12B,35.06%,$0.06B,$0.07B,91.85%,$109,$22,$87,$0,$71,$93,$16,$-0,$16,$6,$10,$10,$10,$18,$16,$33,33,$0.31,$0.31,$10,$22,$0,$44,$60,$0,$6,$6,$72,$116,$42,$10,$3,$13,$55,$0,$48,$2,$61,$116,$17,$3,$0,$4,$0,$-3,$2,$5,$4,$25,$-11,$0,$0,$0,$0,$0,$0,$-11,$0,$-18,$-18,$0,$0,$0,$1,$-17,$-3,$3,$0
42,2008-03-31,11.02,$1.52,7.27,$12.57,0.88,$2.36,4.67,$1.24,8.92,$0.05B,$0.04B,1.35,$0.03B,$0.05B,0.56,$0.43B,$0.34B,78.82%,$0.43B,$0.06B,15.06%,$0.43B,$0.06B,15.06%,$0.43B,$0.07B,16.47%,$0.43B,$0.06B,15.06%,$0.43B,$0.04B,9.41%,$0.04B,$0.05B,128.00%,$0.04B,$0.04B,158.42%,$0.04B,$0.12B,37.65%,$0.06B,$0.08B,118.52%,$102,$22,$80,$0,$68,$90,$12,$-0,$12,$4,$7,$7,$7,$13,$12,$33,33,$0.23,$0.22,$18,$21,$0,$51,$56,$0,$6,$6,$67,$118,$38,$28,$3,$31,$68,$0,$38,$2,$50,$118,$7,$2,$-0,$1,$0,$-2,$1,$2,$1,$9,$-6,$0,$0,$0,$0,$0,$0,$-6,$0,$0,$0,$0,$0,$0,$1,$1,$5,$1,$0
43,2007-12-31,18.54,$1.02,18.23,$12.22,1.52,$2.46,7.52,$1.32,14.05,$0.05B,$0.05B,1.0,$0.03B,$0.03B,0.85,$0.42B,$0.34B,79.01%,$0.42B,$0.07B,16.51%,$0.42B,$0.07B,16.51%,$0.42B,$0.08B,17.92%,$0.42B,$0.07B,16.75%,$0.42B,$0.05B,10.61%,$0.05B,$0.03B,122.45%,$0.05B,$0.03B,146.34%,$0.05B,$0.11B,43.06%,$0.07B,$0.06B,133.33%,$109,$23,$86,$0,$72,$92,$17,$0,$17,$6,$11,$11,$11,$19,$17,$33,34,$0.33,$0.33,$13,$19,$0,$46,$52,$0,$6,$5,$63,$109,$46,$28,$2,$30,$76,$0,$26,$1,$33,$109,$45,$5,$4,$10,$0,$3,$-3,$4,$3,$58,$-25,$0,$0,$0,$0,$0,$-1,$-26,$0,$28,$28,$-76,$-76,$0,$2,$-47,$-14,$6,$0
44,2007-09-30,21.88,$0.77,28.3,$11.60,1.89,$2.86,7.66,$1.29,16.96,$0.05B,$0.04B,1.13,$0.04B,$0.03B,1.39,$0.41B,$0.33B,79.27%,$0.41B,$0.07B,16.83%,$0.41B,$0.07B,16.83%,$0.41B,$0.08B,18.29%,$0.41B,$0.07B,17.32%,$0.41B,$0.04B,10.73%,$0.04B,$0.03B,101.15%,$0.04B,$0.02B,116.56%,$0.04B,$0.10B,43.03%,$0.07B,$0.06B,132.06%,$106,$22,$84,$1,$66,$89,$17,$-0,$17,$5,$12,$12,$11,$18,$17,$32,33,$0.35,$0.34,$12,$21,$0,$46,$46,$0,$6,$5,$56,$102,$40,$35,$2,$36,$77,$0,$19,$1,$25,$102,$34,$4,$4,$7,$0,$2,$-2,$4,$3,$44,$-18,$0,$0,$0,$0,$0,$-1,$-19,$0,$35,$35,$-76,$-76,$0,$1,$-41,$-15,$5,$0
45,2007-06-30,22.37,$0.52,42.93,$10.89,2.05,$3.12,7.16,$1.23,18.26,$0.04B,$0.08B,0.56,$0.00B,$0.02B,0.0,$0.40B,$0.31B,79.04%,$0.40B,$0.07B,17.17%,$0.40B,$0.07B,17.17%,$0.40B,$0.07B,18.69%,$0.40B,$0.07B,17.68%,$0.40B,$0.04B,10.86%,$0.04B,$0.02B,85.57%,$0.04B,$0.01B,96.63%,$0.04B,$0.10B,43.65%,$0.07B,$0.02B,135.32%,$108,$22,$85,$1,$66,$89,$18,$-0,$18,$7,$11,$11,$11,$20,$18,$33,34,$0.34,$0.33,$10,$21,$3,$44,$42,$0,$6,$4,$52,$96,$79,$0,$0,$0,$79,$0,$13,$1,$17,$96,$23,$2,$2,$5,$0,$0,$-1,$6,$5,$33,$-14,$0,$0,$0,$0,$0,$-0,$-14,$0,$35,$35,$-71,$-71,$0,$1,$-35,$-17,$3,$0
46,2007-03-31,23.44,$2.01,11.68,$10.15,2.31,$3.31,7.07,$1.17,20.03,$0.06B,$0.04B,1.63,$0.00B,$0.07B,0.0,$0.38B,$0.30B,78.84%,$0.38B,$0.07B,17.46%,$0.38B,$0.07B,17.46%,$0.38B,$0.07B,18.78%,$0.38B,$0.07B,17.99%,$0.38B,$0.04B,11.11%,$0.04B,$0.07B,75.34%,$0.04B,$0.07B,83.58%,$0.04B,$0.11B,45.65%,$0.07B,$0.07B,118.39%,$101,$21,$80,$1,$61,$83,$18,$0,$19,$7,$12,$12,$12,$19,$18,$36,37,$0.33,$0.32,$32,$22,$0,$64,$38,$0,$6,$3,$47,$111,$39,$0,$0,$0,$39,$0,$52,$0,$72,$111,$12,$1,$1,$2,$0,$0,$-3,$5,$2,$16,$-9,$0,$0,$0,$0,$0,$0,$-9,$0,$0,$0,$-3,$-3,$0,$1,$-2,$5,$2,$0
47,2006-12-31,25.83,$1.69,15.33,$9.71,2.66,$3.47,7.43,$1.11,23.38,$0.06B,$0.04B,1.52,$0.00B,$0.06B,0.0,$0.37B,$0.29B,78.08%,$0.37B,$0.06B,17.26%,$0.37B,$0.06B,17.26%,$0.37B,$0.07B,18.63%,$0.37B,$0.06B,17.53%,$0.37B,$0.04B,10.96%,$0.04B,$0.06B,76.92%,$0.04B,$0.06B,85.56%,$0.04B,$0.10B,46.38%,$0.06B,$0.06B,121.15%,$95,$19,$76,$0,$62,$79,$16,$1,$17,$6,$11,$11,$10,$18,$16,$36,37,$0.29,$0.28,$27,$22,$0,$61,$30,$0,$6,$3,$39,$100,$40,$0,$0,$0,$40,$0,$44,$0,$60,$100,$40,$6,$2,$7,$0,$-2,$4,$11,$14,$61,$-11,$0,$0,$0,$0,$0,$-1,$-12,$0,$0,$0,$-37,$-37,$0,$4,$-33,$16,$5,$0
