,Date,Stock Price,Book Value per Share,Price to Book Ratio,TTM Sales per Share,Price to Sales Ratio,TTM FCF per Share,Price to FCF Ratio,TTM Net EPS,PE Ratio,Current Assets,Current Liabilities,Current Ratio,Long Term Debt,Shareholder's Equity_x,Debt to Equity Ratio,TTM Revenue_x,TTM Gross Profit,Gross Margin,TTM Revenue_y,TTM Operating Income,Operating Margin,TTM Revenue_x,TTM EBIT,EBIT Margin,TTM Revenue_y,TTM EBITDA,EBITDA Margin,TTM Revenue_x,TTM Pre-Tax Income,Pre-Tax Margin,TTM Revenue_y,TTM Net Income_x,Net Margin,TTM Net Income_y,Shareholder's Equity_y,Return on Equity,TTM Net Income_x,Tangible Equity,Return on Tangible Equity,TTM Net Income_y,Total Assets,Return on Assets,TTM Net Income,LT Investments & Debt,Return on Investment,revenue,cost-goods-sold,gross-profit,research-development-expenses,selling-general-administrative-expenses,operating-expenses,operating-income,total-non-operating-income-expense,pre-tax-income,total-provision-income-taxes,income-after-taxes,income-from-continuous-operations,net-income,ebitda,ebit,basic-shares-outstanding,shares-outstanding,eps-basic-net-earnings-per-share,eps-earnings-per-share-diluted,cash-on-hand,inventory,other-current-assets,total-current-assets,net-property-plant-equipment,long-term-investments,goodwill-intangible-assets-total,other-long-term-assets,total-long-term-assets,total-assets,total-current-liabilities,long-term-debt,other-non-current-liabilities,total-long-term-liabilities,total-liabilities,common-stock-net,retained-earnings-accumulated-deficit,comprehensive-income,total-share-holder-equity,total-liabilities-share-holders-equity,net-income-loss,total-depreciation-amortization-cash-flow,other-non-cash-items,total-non-cash-items,change-in-accounts-receivable,change-in-inventories,change-in-accounts-payable,change-in-assets-liabilities,total-change-in-assets-liabilities,cash-flow-from-operating-activities,net-change-in-property-plant-equipment,net-change-in-intangible-assets,net-acquisitions-divestitures,net-change-in-short-term-investments,net-change-in-long-term-investments,net-change-in-investments-total,investing-activities-other,cash-flow-from-investing-activities,net-long-term-debt,net-current-debt,debt-issuance-retirement-net-total,net-common-equity-issued-repurchased,net-total-equity-issued-repurchased,total-common-preferred-stock-dividends-paid,financial-activities-other,cash-flow-from-financial-activities,net-cash-flow,stock-based-compensation,common-stock-dividends-paid
0,2018-09-30,118.6,$16.81,7.06,$35.27,3.36,$11.06,10.73,$1.45,81.79,$0.09B,$0.05B,1.93,$0.06B,$0.21B,0.26,$0.45B,$0.10B,22.47%,$0.45B,$0.06B,13.26%,$0.45B,$0.06B,13.26%,$0.45B,$0.07B,15.51%,$0.45B,$0.05B,11.69%,$0.45B,$0.03B,6.97%,$0.03B,$0.21B,14.76%,$0.03B,$-0.13B,-26.05%,$0.03B,$0.46B,7.16%,$0.06B,$0.27B,22.45%,$113,$87,$26,$0,$11,$98,$15,$-1,$15,$3,$12,$12,$8,$18,$15,$13,13,$0.13,$0.13,$32,$0,$5,$91,$20,$0,$343,$1,$364,$455,$47,$55,$1,$195,$242,$0,$165,$0,$213,$455,$35,$7,$5,$12,$-5,$0,$0,$2,$7,$54,$-5,$0,$-17,$0,$0,$0,$0,$-22,$-2,$0,$-2,$0,$0,$-19,$-0,$-22,$10,$4,$-19
1,2018-06-30,95.81,$16.77,5.71,$34.54,2.77,$10.02,9.56,$1.73,55.38,$0.09B,$0.04B,2.06,$0.06B,$0.21B,0.27,$0.44B,$0.10B,21.84%,$0.44B,$0.06B,13.10%,$0.44B,$0.06B,13.10%,$0.44B,$0.07B,15.17%,$0.44B,$0.05B,10.80%,$0.44B,$0.03B,6.44%,$0.03B,$0.21B,13.54%,$0.03B,$-0.12B,-24.24%,$0.03B,$0.44B,6.63%,$0.06B,$0.27B,21.86%,$115,$88,$27,$0,$10,$98,$17,$-1,$17,$3,$13,$13,$9,$19,$17,$13,13,$0.48,$0.48,$27,$0,$5,$86,$20,$0,$333,$1,$354,$441,$42,$57,$1,$186,$228,$0,$166,$0,$213,$441,$23,$5,$4,$8,$-5,$0,$0,$-1,$-1,$31,$-3,$0,$-9,$0,$0,$0,$-0,$-13,$0,$0,$0,$0,$0,$-13,$-0,$-13,$5,$3,$-13
2,2018-03-31,80.93,$16.46,4.92,$33.75,2.4,$9.38,8.63,$1.64,49.35,$0.08B,$0.05B,1.67,$0.04B,$0.21B,0.21,$0.42B,$0.09B,21.93%,$0.42B,$0.06B,13.21%,$0.42B,$0.06B,13.21%,$0.42B,$0.07B,15.33%,$0.42B,$0.04B,9.20%,$0.42B,$0.02B,5.66%,$0.02B,$0.21B,11.85%,$0.02B,$-0.11B,-20.78%,$0.02B,$0.42B,5.77%,$0.06B,$0.25B,21.48%,$108,$85,$23,$0,$10,$95,$13,$-1,$13,$2,$10,$10,$7,$16,$13,$13,13,$0.27,$0.27,$20,$0,$3,$76,$20,$0,$321,$1,$342,$418,$45,$43,$1,$164,$209,$0,$163,$0,$208,$418,$10,$2,$1,$4,$-4,$0,$0,$-2,$2,$16,$-1,$0,$-1,$0,$0,$0,$0,$-2,$-13,$0,$-13,$0,$0,$-2,$-0,$-15,$-2,$1,$-2
3,2017-12-31,71.67,$16.37,4.38,$32.95,2.18,$9.27,7.73,$1.75,40.96,$0.08B,$0.04B,1.95,$0.06B,$0.21B,0.28,$0.41B,$0.09B,21.98%,$0.41B,$0.06B,13.29%,$0.41B,$0.06B,13.29%,$0.41B,$0.06B,15.46%,$0.41B,$0.03B,8.21%,$0.41B,$0.02B,5.31%,$0.02B,$0.21B,11.07%,$0.02B,$-0.11B,-19.78%,$0.02B,$0.42B,5.38%,$0.06B,$0.26B,20.99%,$109,$85,$24,$0,$10,$95,$14,$-7,$7,$-2,$9,$9,$7,$16,$14,$13,13,$0.58,$0.58,$22,$0,$5,$77,$20,$0,$320,$1,$342,$419,$40,$57,$1,$173,$213,$0,$162,$0,$206,$419,$28,$10,$4,$14,$-6,$0,$0,$14,$15,$57,$-7,$0,$-37,$0,$0,$0,$0,$-44,$7,$0,$7,$0,$0,$-16,$-2,$-11,$2,$5,$-16
4,2017-09-30,60.82,$15.89,3.83,$31.53,1.93,$8.76,6.95,$1.66,36.64,$0.07B,$0.04B,2.04,$0.06B,$0.20B,0.3,$0.40B,$0.09B,21.72%,$0.40B,$0.05B,13.13%,$0.40B,$0.05B,13.13%,$0.40B,$0.06B,15.66%,$0.40B,$0.04B,9.34%,$0.40B,$0.02B,5.05%,$0.02B,$0.20B,10.28%,$0.02B,$-0.12B,-19.66%,$0.02B,$0.41B,5.11%,$0.05B,$0.26B,20.31%,$103,$82,$21,$0,$8,$90,$13,$-3,$10,$3,$7,$7,$5,$15,$13,$13,13,$0.41,$0.41,$17,$0,$5,$73,$21,$0,$316,$1,$338,$411,$36,$60,$1,$175,$211,$0,$158,$0,$200,$411,$19,$7,$7,$14,$-7,$0,$0,$7,$8,$41,$-6,$0,$-34,$0,$0,$0,$0,$-39,$9,$0,$9,$0,$0,$-11,$-2,$-4,$-3,$3,$-11
5,2017-06-30,59.58,$15.58,3.82,$30.40,1.96,$8.62,6.91,$1.71,34.84,$0.08B,$0.04B,2.26,$0.07B,$0.20B,0.37,$0.38B,$0.09B,22.31%,$0.38B,$0.05B,13.39%,$0.38B,$0.05B,13.39%,$0.38B,$0.06B,16.01%,$0.38B,$0.04B,9.45%,$0.38B,$0.02B,5.25%,$0.02B,$0.20B,10.04%,$0.02B,$-0.12B,-26.94%,$0.02B,$0.42B,5.46%,$0.05B,$0.27B,19.94%,$104,$80,$25,$0,$9,$89,$16,$-6,$9,$3,$6,$6,$5,$18,$16,$13,13,$0.39,$0.39,$20,$0,$7,$80,$20,$0,$316,$1,$338,$417,$35,$73,$0,$186,$221,$0,$155,$0,$196,$417,$12,$5,$3,$8,$-7,$0,$0,$4,$2,$22,$-3,$0,$-34,$0,$0,$0,$0,$-37,$22,$0,$22,$0,$0,$-5,$-2,$15,$0,$2,$-5
6,2017-03-31,64.02,$15.32,4.18,$29.34,2.18,$9.32,6.87,$1.89,33.87,$0.08B,$0.03B,2.31,$0.06B,$0.19B,0.33,$0.37B,$0.08B,22.62%,$0.37B,$0.05B,13.62%,$0.37B,$0.05B,13.62%,$0.37B,$0.06B,16.35%,$0.37B,$0.04B,10.35%,$0.37B,$0.02B,5.72%,$0.02B,$0.19B,10.31%,$0.02B,$-0.10B,-44.68%,$0.02B,$0.39B,6.16%,$0.05B,$0.26B,19.70%,$98,$77,$21,$0,$9,$85,$12,$-4,$8,$2,$6,$6,$5,$15,$12,$13,13,$0.38,$0.38,$25,$0,$4,$79,$20,$0,$288,$1,$309,$388,$34,$63,$1,$161,$195,$0,$153,$0,$193,$388,$6,$2,$2,$4,$-5,$0,$0,$4,$4,$14,$-2,$0,$-16,$0,$0,$0,$0,$-17,$11,$0,$11,$0,$0,$-1,$-2,$8,$5,$1,$-1
7,2016-12-31,68.82,$15.07,4.57,$28.54,2.41,$9.34,7.37,$1.94,35.47,$0.07B,$0.03B,2.68,$0.05B,$0.19B,0.27,$0.36B,$0.08B,23.03%,$0.36B,$0.05B,13.76%,$0.36B,$0.05B,13.76%,$0.36B,$0.06B,16.57%,$0.36B,$0.04B,10.67%,$0.36B,$0.02B,5.62%,$0.02B,$0.19B,9.63%,$0.02B,$-0.08B,-73.39%,$0.02B,$0.35B,6.22%,$0.05B,$0.24B,19.10%,$91,$72,$19,$0,$8,$80,$11,$-1,$10,$3,$7,$7,$5,$14,$11,$13,13,$0.42,$0.42,$20,$0,$4,$66,$19,$0,$265,$1,$285,$351,$25,$51,$1,$138,$163,$0,$150,$0,$189,$351,$26,$9,$12,$21,$-4,$0,$0,$5,$4,$51,$-8,$0,$-24,$0,$0,$0,$0,$-32,$1,$0,$1,$0,$0,$-14,$-1,$-14,$4,$5,$-14
8,2016-09-30,61.3,$17.47,3.51,$28.26,2.17,$8.44,7.26,$1.94,31.6,$0.07B,$0.03B,2.53,$0.04B,$0.22B,0.19,$0.35B,$0.09B,24.15%,$0.35B,$0.05B,14.49%,$0.35B,$0.05B,14.49%,$0.35B,$0.06B,17.05%,$0.35B,$0.03B,9.66%,$0.35B,$0.02B,5.68%,$0.02B,$0.22B,9.83%,$0.02B,$-0.01B,-93.02%,$0.02B,$0.31B,6.46%,$0.05B,$0.26B,20.24%,$88,$69,$20,$0,$8,$76,$12,$-3,$9,$3,$6,$6,$5,$14,$12,$13,13,$0.38,$0.38,$15,$0,$11,$67,$17,$0,$225,$1,$243,$310,$26,$41,$1,$65,$91,$0,$161,$0,$219,$310,$20,$6,$10,$16,$-2,$0,$0,$2,$3,$39,$-6,$0,$-14,$0,$0,$0,$0,$-19,$-9,$0,$-9,$0,$0,$-11,$-1,$-21,$-1,$4,$-11
9,2016-06-30,58.7,$17.13,3.43,$27.97,2.1,$7.72,7.6,$1.95,30.1,$0.07B,$0.03B,2.43,$0.05B,$0.21B,0.22,$0.35B,$0.08B,24.14%,$0.35B,$0.05B,14.66%,$0.35B,$0.05B,14.66%,$0.35B,$0.06B,17.24%,$0.35B,$0.04B,10.63%,$0.35B,$0.02B,6.03%,$0.02B,$0.21B,10.76%,$0.02B,$-0.01B,-94.38%,$0.02B,$0.31B,6.97%,$0.05B,$0.26B,20.75%,$90,$67,$23,$0,$8,$75,$15,$-4,$11,$4,$8,$8,$6,$17,$15,$13,13,$0.48,$0.48,$20,$0,$8,$70,$17,$0,$225,$1,$243,$314,$29,$47,$1,$70,$99,$0,$157,$0,$214,$314,$14,$4,$7,$11,$-2,$0,$0,$2,$6,$31,$-3,$0,$-13,$0,$0,$0,$0,$-17,$-2,$0,$-2,$0,$0,$-7,$-1,$-10,$5,$2,$-7
10,2016-03-31,48.34,$16.75,2.89,$27.46,1.76,$6.84,7.07,$1.89,25.58,$0.07B,$0.02B,2.82,$0.06B,$0.21B,0.27,$0.34B,$0.08B,24.05%,$0.34B,$0.05B,14.66%,$0.34B,$0.05B,14.66%,$0.34B,$0.06B,17.01%,$0.34B,$0.04B,11.44%,$0.34B,$0.02B,6.16%,$0.02B,$0.21B,11.21%,$0.02B,$-0.02B,-92.31%,$0.02B,$0.31B,7.25%,$0.05B,$0.27B,21.14%,$87,$66,$20,$0,$9,$75,$11,$-3,$8,$2,$6,$6,$4,$14,$11,$12,12,$0.36,$0.36,$19,$0,$8,$68,$17,$0,$225,$1,$243,$311,$24,$57,$1,$78,$102,$0,$152,$0,$209,$311,$6,$2,$4,$6,$-2,$0,$0,$1,$2,$15,$-2,$0,$-13,$0,$0,$0,$0,$-15,$8,$0,$8,$0,$0,$-3,$-1,$4,$3,$1,$-3
11,2015-12-31,52.0,$13.87,3.75,$26.75,1.94,$5.93,8.76,$1.80,28.89,$0.06B,$0.02B,3.17,$0.05B,$0.17B,0.28,$0.33B,$0.08B,23.87%,$0.33B,$0.05B,14.50%,$0.33B,$0.05B,14.50%,$0.33B,$0.06B,16.62%,$0.33B,$0.04B,12.08%,$0.33B,$0.02B,6.34%,$0.02B,$0.17B,11.73%,$0.02B,$-0.05B,-101.20%,$0.02B,$0.30B,7.60%,$0.05B,$0.22B,21.40%,$87,$65,$22,$0,$9,$74,$13,$-6,$6,$3,$3,$3,$5,$15,$13,$12,12,$0.37,$0.37,$16,$0,$6,$60,$17,$0,$226,$1,$244,$304,$19,$48,$1,$112,$131,$0,$138,$0,$172,$304,$26,$8,$14,$22,$-6,$0,$0,$3,$-11,$38,$-6,$0,$-20,$0,$0,$0,$0,$-26,$9,$0,$9,$0,$0,$-13,$-5,$-10,$2,$4,$-13
12,2015-09-30,43.36,$14.98,2.89,$26.25,1.65,$6.37,6.8,$1.73,25.06,$0.06B,$0.02B,2.98,$0.05B,$0.19B,0.26,$0.32B,$0.08B,23.53%,$0.32B,$0.05B,14.24%,$0.32B,$0.05B,14.24%,$0.32B,$0.05B,16.41%,$0.32B,$0.04B,11.76%,$0.32B,$0.02B,5.88%,$0.02B,$0.19B,10.69%,$0.02B,$-0.01B,-211.11%,$0.02B,$0.28B,7.27%,$0.05B,$0.23B,20.96%,$84,$65,$19,$0,$7,$72,$12,$-0,$12,$4,$8,$8,$6,$14,$12,$12,12,$0.47,$0.47,$21,$0,$6,$64,$17,$0,$195,$1,$212,$276,$21,$48,$11,$69,$90,$0,$145,$0,$186,$276,$23,$6,$9,$15,$-4,$0,$0,$-1,$-9,$29,$-5,$0,$-17,$0,$0,$0,$0,$-22,$11,$0,$11,$0,$0,$-12,$1,$-1,$6,$3,$-12
13,2015-06-30,52.74,$14.65,3.6,$25.83,2.04,$6.46,8.16,$1.69,31.2,$0.06B,$0.02B,2.57,$0.04B,$0.18B,0.23,$0.32B,$0.08B,23.97%,$0.32B,$0.05B,14.20%,$0.32B,$0.05B,14.20%,$0.32B,$0.05B,16.40%,$0.32B,$0.04B,11.67%,$0.32B,$0.02B,5.68%,$0.02B,$0.18B,10.47%,$0.02B,$-0.01B,-194.59%,$0.02B,$0.27B,7.07%,$0.05B,$0.22B,21.08%,$83,$62,$21,$0,$8,$70,$14,$-0,$13,$4,$9,$9,$6,$15,$14,$12,12,$0.48,$0.48,$13,$0,$7,$56,$17,$0,$195,$1,$213,$268,$22,$42,$11,$65,$86,$0,$141,$0,$182,$268,$15,$4,$6,$10,$-3,$0,$0,$1,$-6,$19,$-3,$0,$-15,$0,$0,$0,$0,$-18,$6,$0,$6,$0,$0,$-9,$0,$-2,$-1,$2,$-9
14,2015-03-31,45.61,$14.21,3.21,$25.51,1.79,$6.69,6.82,$1.71,26.67,$0.06B,$0.02B,2.61,$0.04B,$0.18B,0.24,$0.31B,$0.08B,24.68%,$0.31B,$0.05B,14.42%,$0.31B,$0.05B,14.42%,$0.31B,$0.05B,16.99%,$0.31B,$0.04B,12.18%,$0.31B,$0.02B,5.77%,$0.02B,$0.18B,10.75%,$0.02B,$-0.01B,-225.00%,$0.02B,$0.26B,7.27%,$0.05B,$0.22B,21.43%,$77,$60,$17,$0,$8,$68,$9,$-0,$9,$3,$6,$6,$4,$11,$9,$12,12,$0.34,$0.34,$15,$0,$5,$56,$16,$0,$184,$2,$202,$257,$21,$42,$9,$60,$81,$0,$136,$0,$176,$257,$6,$2,$2,$4,$-2,$0,$0,$1,$-7,$3,$-1,$0,$-7,$0,$0,$0,$0,$-8,$7,$0,$7,$0,$0,$-2,$0,$5,$0,$1,$-2
15,2014-12-31,40.16,$13.62,2.95,$24.98,1.61,$6.79,5.91,$1.72,23.35,$0.06B,$0.03B,2.15,$0.04B,$0.17B,0.21,$0.31B,$0.08B,25.25%,$0.31B,$0.05B,15.08%,$0.31B,$0.05B,15.08%,$0.31B,$0.05B,17.38%,$0.31B,$0.04B,12.46%,$0.31B,$0.02B,5.90%,$0.02B,$0.17B,11.11%,$0.02B,$-0.01B,-257.14%,$0.02B,$0.25B,7.48%,$0.05B,$0.20B,22.38%,$79,$60,$19,$0,$8,$69,$11,$-7,$4,$2,$2,$2,$3,$13,$11,$12,12,$0.35,$0.35,$14,$0,$6,$55,$16,$0,$173,$1,$190,$245,$26,$35,$9,$52,$77,$0,$134,$0,$167,$245,$25,$7,$12,$19,$-5,$0,$0,$1,$-2,$41,$-5,$0,$-12,$0,$0,$0,$0,$-18,$-6,$0,$-6,$0,$0,$-12,$-4,$-22,$1,$3,$-12
16,2014-09-30,33.77,$13.29,2.54,$24.17,1.4,$7.19,4.7,$1.63,20.72,$0.06B,$0.02B,2.59,$0.05B,$0.16B,0.29,$0.30B,$0.07B,25.08%,$0.30B,$0.04B,14.92%,$0.30B,$0.04B,14.92%,$0.30B,$0.05B,17.29%,$0.30B,$0.04B,14.58%,$0.30B,$0.02B,6.44%,$0.02B,$0.16B,12.03%,$0.02B,$-0.01B,-262.07%,$0.02B,$0.25B,8.07%,$0.04B,$0.21B,21.67%,$78,$59,$19,$0,$7,$66,$11,$-0,$11,$4,$7,$7,$5,$13,$11,$12,12,$0.43,$0.43,$16,$0,$5,$57,$16,$0,$173,$2,$191,$248,$22,$47,$7,$63,$85,$0,$131,$0,$163,$248,$23,$5,$9,$14,$-5,$0,$0,$-1,$-8,$29,$-4,$0,$-17,$0,$0,$0,$0,$-21,$6,$0,$6,$0,$0,$-11,$1,$-5,$3,$2,$-11
17,2014-06-30,32.52,$13.43,2.42,$23.25,1.4,$7.28,4.47,$1.22,26.65,$0.05B,$0.02B,2.27,$0.05B,$0.16B,0.28,$0.28B,$0.07B,25.09%,$0.28B,$0.04B,15.19%,$0.28B,$0.04B,15.19%,$0.28B,$0.05B,17.31%,$0.28B,$0.04B,14.84%,$0.28B,$0.01B,4.95%,$0.01B,$0.16B,9.09%,$0.01B,$-0.01B,700.00%,$0.01B,$0.24B,6.41%,$0.04B,$0.21B,22.54%,$78,$56,$22,$0,$8,$64,$14,$-0,$14,$4,$9,$9,$6,$16,$14,$12,12,$0.52,$0.52,$13,$0,$3,$52,$16,$0,$172,$1,$189,$241,$23,$45,$6,$54,$76,$0,$127,$0,$164,$241,$16,$3,$6,$9,$-5,$0,$0,$2,$-3,$21,$-2,$0,$-16,$0,$0,$0,$0,$-18,$4,$0,$4,$0,$0,$-8,$0,$-3,$0,$2,$-8
18,2014-03-31,32.75,$12.65,2.59,$22.38,1.46,$7.24,4.52,$1.10,29.77,$0.05B,$0.02B,2.81,$0.05B,$0.15B,0.3,$0.27B,$0.07B,24.63%,$0.27B,$0.04B,14.71%,$0.27B,$0.04B,14.71%,$0.27B,$0.05B,16.54%,$0.27B,$0.04B,14.34%,$0.27B,$0.01B,4.78%,$0.01B,$0.15B,8.68%,$0.01B,$-0.00B,140.54%,$0.01B,$0.23B,6.38%,$0.04B,$0.20B,22.35%,$70,$53,$17,$0,$7,$60,$10,$-0,$9,$3,$6,$6,$4,$11,$10,$12,12,$0.27,$0.27,$17,$0,$3,$54,$15,$0,$158,$1,$174,$229,$19,$46,$5,$55,$74,$0,$122,$0,$154,$229,$6,$1,$3,$5,$-3,$0,$0,$1,$-7,$4,$-1,$0,$-3,$0,$0,$0,$0,$-4,$5,$0,$5,$0,$0,$-1,$0,$4,$4,$1,$-1
19,2013-12-31,33.28,$12.48,2.67,$21.87,1.52,$7.31,4.55,$1.06,31.4,$0.05B,$0.02B,2.14,$0.04B,$0.15B,0.27,$0.27B,$0.07B,24.53%,$0.27B,$0.04B,14.34%,$0.27B,$0.04B,14.34%,$0.27B,$0.04B,16.60%,$0.27B,$0.04B,14.34%,$0.27B,$0.01B,4.91%,$0.01B,$0.15B,8.89%,$0.01B,$-0.01B,82.54%,$0.01B,$0.22B,6.82%,$0.04B,$0.19B,22.49%,$69,$52,$16,$0,$7,$59,$9,$-0,$9,$3,$6,$6,$4,$11,$9,$12,12,$0.31,$0.31,$13,$0,$4,$50,$15,$0,$158,$1,$174,$224,$23,$41,$4,$50,$73,$0,$119,$0,$151,$224,$21,$6,$16,$22,$-5,$0,$0,$3,$2,$45,$-4,$0,$-48,$0,$0,$0,$0,$-52,$22,$0,$22,$0,$0,$-14,$1,$9,$1,$3,$-14
20,2013-09-30,29.24,$12.12,2.41,$21.32,1.37,$6.89,4.24,$1.08,27.08,$0.05B,$0.02B,2.71,$0.02B,$0.15B,0.1,$0.26B,$0.06B,24.51%,$0.26B,$0.04B,14.40%,$0.26B,$0.04B,14.40%,$0.26B,$0.04B,16.73%,$0.26B,$0.04B,14.40%,$0.26B,$0.01B,5.06%,$0.01B,$0.15B,9.14%,$0.01B,$0.03B,56.52%,$0.01B,$0.18B,7.31%,$0.04B,$0.16B,23.27%,$66,$50,$16,$0,$6,$56,$10,$-0,$10,$3,$7,$7,$0,$11,$10,$12,12,$0.02,$0.02,$12,$0,$4,$45,$14,$0,$120,$1,$135,$180,$17,$15,$1,$16,$33,$0,$117,$0,$147,$180,$15,$4,$12,$16,$-3,$0,$0,$2,$-2,$29,$-3,$0,$-12,$0,$0,$0,$0,$-15,$-4,$0,$-4,$0,$0,$-10,$0,$-14,$0,$2,$-10
21,2013-06-30,25.92,$12.16,2.13,$21.09,1.23,$6.97,3.72,$1.44,18.0,$0.04B,$0.02B,2.39,$0.02B,$0.15B,0.11,$0.25B,$0.06B,24.51%,$0.25B,$0.04B,14.62%,$0.25B,$0.04B,14.62%,$0.25B,$0.04B,17.00%,$0.25B,$0.04B,14.23%,$0.25B,$0.02B,7.11%,$0.02B,$0.15B,12.90%,$0.02B,$0.02B,80.90%,$0.02B,$0.18B,10.27%,$0.04B,$0.16B,23.57%,$67,$49,$18,$0,$7,$56,$11,$-0,$11,$3,$8,$8,$5,$12,$11,$12,12,$0.41,$0.41,$10,$0,$2,$41,$14,$0,$126,$1,$141,$182,$17,$16,$1,$18,$35,$0,$118,$0,$147,$182,$13,$3,$3,$6,$-3,$0,$0,$4,$2,$21,$-2,$0,$-11,$0,$0,$0,$0,$-13,$-2,$0,$-2,$0,$0,$-7,$0,$-9,$-1,$1,$-7
22,2013-03-31,25.08,$11.57,2.17,$20.94,1.2,$6.89,3.64,$1.44,17.42,$0.05B,$0.01B,3.22,$0.02B,$0.14B,0.15,$0.25B,$0.06B,24.40%,$0.25B,$0.04B,14.80%,$0.25B,$0.04B,14.80%,$0.25B,$0.04B,17.20%,$0.25B,$0.04B,14.00%,$0.25B,$0.02B,7.20%,$0.02B,$0.14B,13.24%,$0.02B,$0.02B,80.90%,$0.02B,$0.18B,10.43%,$0.04B,$0.16B,23.95%,$63,$48,$15,$0,$6,$54,$8,$-0,$8,$2,$6,$6,$4,$10,$8,$12,12,$0.31,$0.31,$10,$0,$4,$45,$13,$0,$118,$1,$132,$177,$14,$21,$2,$23,$37,$0,$114,$0,$140,$177,$6,$1,$2,$3,$-3,$0,$0,$2,$-4,$5,$-1,$0,$-5,$0,$0,$0,$0,$-6,$3,$0,$3,$0,$0,$-3,$0,$0,$-1,$1,$-3
23,2012-12-31,25.61,$11.30,2.27,$20.99,1.22,$6.95,3.68,$1.51,16.96,$0.05B,$0.02B,2.78,$0.02B,$0.14B,0.13,$0.25B,$0.06B,24.80%,$0.25B,$0.04B,15.60%,$0.25B,$0.04B,15.60%,$0.25B,$0.04B,17.60%,$0.25B,$0.04B,14.80%,$0.25B,$0.02B,7.20%,$0.02B,$0.14B,13.58%,$0.02B,$0.02B,80.00%,$0.02B,$0.17B,10.64%,$0.04B,$0.15B,25.66%,$61,$47,$14,$0,$6,$53,$8,$-0,$8,$2,$6,$6,$4,$10,$8,$12,12,$0.34,$0.34,$12,$0,$6,$45,$13,$0,$112,$1,$126,$172,$16,$18,$2,$21,$37,$0,$111,$0,$135,$172,$26,$5,$10,$15,$-2,$0,$0,$1,$-2,$39,$-4,$0,$-10,$0,$0,$0,$0,$-14,$-7,$0,$-7,$0,$0,$-18,$1,$-23,$2,$2,$-18
24,2012-09-30,25.22,$11.49,2.19,$20.47,1.23,$6.47,3.9,$1.86,13.56,$0.04B,$0.02B,2.95,$0.02B,$0.14B,0.12,$0.24B,$0.06B,23.77%,$0.24B,$0.03B,13.93%,$0.24B,$0.03B,13.93%,$0.24B,$0.04B,15.98%,$0.24B,$0.04B,15.16%,$0.24B,$0.02B,9.02%,$0.02B,$0.14B,17.02%,$0.02B,$0.02B,101.15%,$0.02B,$0.17B,13.17%,$0.03B,$0.15B,22.63%,$62,$47,$15,$0,$6,$53,$10,$-0,$9,$3,$6,$6,$5,$11,$10,$12,12,$0.39,$0.38,$11,$0,$5,$44,$13,$0,$112,$1,$126,$170,$15,$16,$1,$19,$34,$0,$113,$0,$136,$170,$20,$4,$8,$12,$-2,$0,$0,$1,$-3,$29,$-3,$0,$-8,$0,$0,$0,$0,$-11,$-8,$0,$-8,$0,$0,$-10,$0,$-17,$1,$2,$-10
25,2012-06-30,23.14,$11.23,2.06,$20.24,1.14,$5.77,4.01,$1.82,12.71,$0.05B,$0.02B,2.75,$0.02B,$0.13B,0.15,$0.24B,$0.06B,23.55%,$0.24B,$0.03B,13.64%,$0.24B,$0.03B,13.64%,$0.24B,$0.04B,15.70%,$0.24B,$0.04B,15.29%,$0.24B,$0.02B,8.68%,$0.02B,$0.13B,16.70%,$0.02B,$0.02B,100.00%,$0.02B,$0.17B,12.69%,$0.03B,$0.15B,22.11%,$64,$47,$17,$0,$6,$53,$11,$-0,$10,$3,$7,$7,$5,$12,$11,$12,12,$0.41,$0.41,$9,$0,$5,$45,$13,$0,$112,$1,$126,$171,$16,$20,$1,$22,$38,$0,$110,$0,$133,$171,$14,$3,$5,$7,$-2,$0,$0,$0,$-2,$19,$-2,$0,$-8,$0,$0,$0,$0,$-10,$-4,$0,$-4,$0,$0,$-7,$0,$-10,$-1,$1,$-7
26,2012-03-31,20.9,$10.69,1.95,$19.86,1.05,$5.28,3.96,$1.82,11.48,$0.05B,$0.01B,3.77,$0.03B,$0.13B,0.2,$0.24B,$0.06B,23.95%,$0.24B,$0.03B,13.87%,$0.24B,$0.03B,13.87%,$0.24B,$0.04B,15.97%,$0.24B,$0.04B,15.97%,$0.24B,$0.02B,8.82%,$0.02B,$0.13B,17.32%,$0.02B,$0.02B,92.31%,$0.02B,$0.16B,13.17%,$0.03B,$0.15B,22.96%,$63,$46,$16,$0,$6,$53,$10,$-0,$10,$3,$7,$7,$4,$11,$10,$12,12,$0.38,$0.38,$10,$0,$5,$47,$13,$0,$103,$1,$117,$164,$13,$25,$1,$26,$39,$0,$106,$0,$126,$164,$7,$1,$3,$5,$-3,$0,$0,$0,$-6,$5,$-1,$0,$-2,$0,$0,$0,$0,$-3,$1,$0,$1,$0,$0,$-3,$0,$-2,$0,$1,$-3
27,2011-12-31,17.76,$10.39,1.71,$19.32,0.92,$5.32,3.34,$1.75,10.15,$0.05B,$0.02B,2.8,$0.02B,$0.12B,0.2,$0.23B,$0.06B,24.14%,$0.23B,$0.03B,13.79%,$0.23B,$0.03B,13.79%,$0.23B,$0.04B,15.95%,$0.23B,$0.04B,15.95%,$0.23B,$0.02B,9.05%,$0.02B,$0.12B,17.80%,$0.02B,$0.02B,89.36%,$0.02B,$0.16B,13.55%,$0.03B,$0.15B,23.57%,$55,$45,$10,$0,$7,$52,$3,$5,$8,$1,$7,$7,$8,$5,$3,$12,12,$0.69,$0.69,$10,$0,$6,$46,$13,$0,$102,$2,$118,$163,$16,$24,$1,$25,$42,$0,$102,$0,$122,$163,$30,$5,$5,$10,$-6,$0,$0,$-2,$-7,$33,$-3,$0,$-30,$0,$0,$0,$2,$-32,$18,$0,$18,$-5,$-5,$-14,$0,$-0,$1,$2,$-14
28,2011-09-30,16.65,$10.31,1.62,$19.20,0.87,$5.20,3.2,$1.41,11.81,$0.05B,$0.01B,3.35,$0.03B,$0.12B,0.22,$0.23B,$0.06B,26.09%,$0.23B,$0.04B,16.09%,$0.23B,$0.04B,16.09%,$0.23B,$0.04B,17.83%,$0.23B,$0.04B,16.09%,$0.23B,$0.02B,7.39%,$0.02B,$0.12B,14.59%,$0.02B,$0.02B,64.76%,$0.02B,$0.16B,11.37%,$0.04B,$0.15B,28.46%,$60,$46,$14,$0,$5,$51,$9,$-0,$9,$3,$6,$6,$4,$10,$9,$12,12,$0.35,$0.34,$9,$0,$6,$46,$14,$0,$101,$3,$118,$164,$14,$27,$1,$28,$42,$0,$98,$0,$122,$164,$20,$4,$5,$9,$-5,$0,$0,$-1,$-8,$21,$-2,$0,$-27,$0,$0,$0,$0,$-30,$21,$0,$21,$-2,$-2,$-10,$1,$9,$0,$1,$-10
29,2011-06-30,22.14,$9.64,2.3,$18.73,1.18,$5.54,3.99,$1.40,15.82,$0.04B,$0.02B,3.01,$0.02B,$0.12B,0.14,$0.22B,$0.06B,27.35%,$0.22B,$0.04B,16.59%,$0.22B,$0.04B,16.59%,$0.22B,$0.04B,18.39%,$0.22B,$0.04B,16.59%,$0.22B,$0.02B,7.62%,$0.02B,$0.12B,15.08%,$0.02B,$0.03B,58.62%,$0.02B,$0.15B,12.12%,$0.04B,$0.13B,30.96%,$60,$43,$17,$0,$6,$49,$11,$-0,$11,$3,$8,$8,$5,$12,$11,$12,12,$0.42,$0.41,$9,$0,$5,$44,$13,$0,$87,$3,$103,$147,$15,$16,$1,$18,$32,$0,$97,$0,$115,$147,$14,$3,$3,$5,$-5,$0,$0,$-1,$-6,$13,$-1,$0,$-16,$0,$0,$0,$0,$-17,$10,$0,$10,$0,$0,$-6,$1,$4,$-0,$1,$-6
30,2011-03-31,19.94,$9.58,2.08,$18.30,1.09,$5.59,3.56,$1.37,14.55,$0.04B,$0.03B,1.63,$0.01B,$0.11B,0.04,$0.22B,$0.06B,27.65%,$0.22B,$0.04B,16.59%,$0.22B,$0.04B,16.59%,$0.22B,$0.04B,18.43%,$0.22B,$0.04B,16.59%,$0.22B,$0.02B,7.37%,$0.02B,$0.11B,14.55%,$0.02B,$0.03B,54.70%,$0.02B,$0.15B,11.90%,$0.04B,$0.12B,31.72%,$57,$42,$15,$0,$6,$48,$9,$-0,$9,$2,$6,$6,$4,$10,$9,$12,12,$0.32,$0.31,$11,$0,$3,$44,$14,$0,$87,$2,$102,$146,$27,$5,$1,$6,$33,$0,$93,$0,$113,$146,$6,$1,$1,$2,$-4,$0,$0,$1,$-3,$6,$-1,$0,$-0,$0,$0,$0,$0,$-1,$-1,$0,$-1,$0,$0,$-3,$0,$-3,$1,$0,$-3
31,2010-12-31,17.55,$9.97,1.76,$17.80,0.99,$5.66,3.1,$1.33,13.2,$0.04B,$0.01B,2.76,$0.01B,$0.12B,0.05,$0.21B,$0.06B,27.14%,$0.21B,$0.03B,16.19%,$0.21B,$0.03B,16.19%,$0.21B,$0.04B,18.10%,$0.21B,$0.03B,16.19%,$0.21B,$0.02B,7.14%,$0.02B,$0.12B,14.08%,$0.02B,$0.03B,51.72%,$0.02B,$0.14B,11.52%,$0.03B,$0.12B,30.49%,$53,$40,$14,$0,$6,$46,$8,$-0,$8,$1,$6,$6,$4,$9,$8,$12,12,$0.36,$0.34,$9,$0,$4,$39,$14,$0,$87,$1,$102,$141,$14,$6,$4,$10,$24,$0,$90,$0,$116,$141,$25,$6,$4,$10,$-4,$0,$0,$1,$-4,$31,$-3,$0,$-19,$0,$0,$0,$0,$-22,$4,$0,$4,$-1,$-1,$-10,$1,$-6,$3,$1,$-10
32,2010-09-30,14.81,$9.15,1.62,$17.58,0.84,$5.62,2.64,$1.17,12.65,$0.04B,$0.02B,2.53,$0.00B,$0.11B,0.0,$0.21B,$0.06B,27.05%,$0.21B,$0.03B,15.46%,$0.21B,$0.03B,15.46%,$0.21B,$0.04B,17.87%,$0.21B,$0.03B,15.46%,$0.21B,$0.01B,6.28%,$0.01B,$0.11B,12.94%,$0.01B,$0.03B,45.22%,$0.01B,$0.13B,10.59%,$0.03B,$0.11B,30.70%,$53,$39,$15,$0,$6,$45,$9,$-0,$9,$3,$6,$6,$4,$10,$9,$12,12,$0.33,$0.33,$10,$0,$3,$38,$13,$0,$75,$1,$89,$127,$15,$0,$4,$5,$20,$0,$86,$0,$107,$127,$18,$4,$4,$8,$-4,$0,$0,$0,$-3,$24,$-2,$0,$-9,$0,$0,$0,$0,$-11,$-1,$0,$-1,$-1,$-1,$-7,$0,$-9,$3,$1,$-7
33,2010-06-30,14.95,$8.92,1.68,$17.43,0.86,$5.58,2.68,$1.10,13.59,$0.04B,$0.01B,2.8,$0.00B,$0.10B,0.04,$0.21B,$0.05B,26.34%,$0.21B,$0.03B,14.63%,$0.21B,$0.03B,14.63%,$0.21B,$0.04B,17.56%,$0.21B,$0.03B,14.63%,$0.21B,$0.01B,5.85%,$0.01B,$0.10B,12.40%,$0.01B,$0.03B,42.48%,$0.01B,$0.12B,10.04%,$0.03B,$0.11B,29.56%,$54,$39,$16,$0,$6,$44,$10,$-0,$10,$3,$7,$7,$4,$11,$10,$12,12,$0.38,$0.38,$7,$0,$3,$35,$13,$0,$75,$1,$89,$124,$13,$4,$4,$8,$21,$0,$83,$0,$104,$124,$12,$3,$2,$5,$-2,$0,$0,$-0,$-5,$13,$-1,$0,$-9,$0,$0,$0,$0,$-10,$3,$0,$3,$0,$0,$-5,$0,$-2,$1,$1,$-5
34,2010-03-31,15.41,$8.54,1.8,$17.32,0.89,$5.65,2.73,$1.03,14.96,$0.04B,$0.02B,2.64,$0.01B,$0.10B,0.11,$0.20B,$0.05B,25.62%,$0.20B,$0.03B,13.79%,$0.20B,$0.03B,13.79%,$0.20B,$0.04B,17.24%,$0.20B,$0.03B,13.79%,$0.20B,$0.01B,5.91%,$0.01B,$0.10B,12.90%,$0.01B,$0.03B,43.64%,$0.01B,$0.13B,10.21%,$0.03B,$0.11B,28.07%,$50,$38,$12,$0,$6,$44,$7,$1,$7,$2,$5,$5,$3,$8,$7,$12,12,$0.27,$0.27,$11,$0,$2,$39,$14,$0,$75,$1,$89,$129,$15,$11,$3,$15,$29,$0,$79,$0,$99,$129,$5,$1,$0,$2,$-2,$0,$0,$1,$-1,$6,$-0,$0,$-9,$0,$0,$0,$0,$-9,$11,$0,$11,$0,$0,$-2,$0,$8,$5,$0,$-2
35,2009-12-31,14.99,$7.94,1.89,$17.06,0.88,$5.58,2.69,$0.99,15.14,$0.03B,$0.02B,2.24,$0.00B,$0.09B,0.0,$0.20B,$0.05B,25.87%,$0.20B,$0.03B,13.43%,$0.20B,$0.03B,13.43%,$0.20B,$0.04B,17.41%,$0.20B,$0.03B,13.43%,$0.20B,$0.01B,5.97%,$0.01B,$0.09B,13.30%,$0.01B,$0.03B,43.24%,$0.01B,$0.11B,10.43%,$0.03B,$0.09B,27.69%,$50,$38,$13,$0,$6,$44,$6,$-0,$6,$2,$4,$4,$2,$8,$6,$12,12,$0.20,$0.20,$6,$0,$3,$33,$14,$0,$63,$1,$78,$111,$15,$0,$3,$4,$19,$0,$76,$0,$92,$111,$20,$6,$5,$11,$-0,$0,$0,$-0,$-0,$31,$-4,$0,$-4,$0,$0,$0,$0,$-7,$-12,$0,$-12,$-6,$-6,$-9,$0,$-27,$-4,$2,$-9
36,2009-09-30,13.34,$7.91,1.69,$16.76,0.8,$5.44,2.45,$0.99,13.48,$0.04B,$0.02B,2.28,$0.00B,$0.09B,0.04,$0.20B,$0.05B,25.13%,$0.20B,$0.03B,13.57%,$0.20B,$0.03B,13.57%,$0.20B,$0.03B,17.09%,$0.20B,$0.03B,13.57%,$0.20B,$0.01B,6.03%,$0.01B,$0.09B,13.45%,$0.01B,$0.03B,44.86%,$0.01B,$0.11B,10.28%,$0.03B,$0.10B,27.20%,$51,$38,$13,$0,$6,$44,$7,$-0,$7,$2,$5,$5,$3,$9,$7,$12,12,$0.27,$0.26,$9,$0,$2,$36,$15,$0,$62,$1,$78,$114,$16,$4,$2,$6,$22,$0,$79,$0,$92,$114,$16,$4,$4,$8,$-0,$0,$0,$-1,$1,$25,$-3,$0,$-0,$0,$0,$0,$0,$-3,$-9,$0,$-9,$-6,$-6,$-7,$0,$-22,$-1,$1,$-7
37,2009-06-30,13.06,$7.67,1.7,$16.31,0.8,$5.09,2.57,$0.94,13.89,$0.04B,$0.01B,2.81,$0.01B,$0.09B,0.13,$0.20B,$0.05B,24.62%,$0.20B,$0.03B,13.33%,$0.20B,$0.03B,13.33%,$0.20B,$0.03B,16.92%,$0.20B,$0.03B,13.33%,$0.20B,$0.01B,6.15%,$0.01B,$0.09B,13.95%,$0.01B,$0.03B,47.06%,$0.01B,$0.12B,10.34%,$0.03B,$0.10B,26.67%,$52,$37,$14,$0,$6,$43,$8,$-0,$8,$2,$6,$6,$4,$10,$8,$12,12,$0.31,$0.31,$10,$0,$2,$37,$16,$0,$62,$1,$79,$116,$13,$11,$2,$14,$27,$0,$76,$0,$89,$116,$11,$3,$2,$5,$1,$0,$0,$-0,$-1,$15,$-2,$0,$0,$0,$0,$0,$0,$-2,$-1,$0,$-1,$-6,$-6,$-5,$0,$-12,$0,$1,$-5
38,2009-03-31,8.57,$7.45,1.15,$15.80,0.54,$4.68,1.83,$0.87,9.85,$0.04B,$0.01B,2.81,$0.01B,$0.09B,0.16,$0.19B,$0.05B,24.21%,$0.19B,$0.03B,13.16%,$0.19B,$0.03B,13.16%,$0.19B,$0.03B,16.32%,$0.19B,$0.03B,13.16%,$0.19B,$0.01B,5.79%,$0.01B,$0.09B,13.29%,$0.01B,$0.03B,44.90%,$0.01B,$0.12B,9.57%,$0.03B,$0.10B,26.18%,$48,$36,$12,$0,$5,$42,$6,$-0,$6,$2,$5,$5,$3,$8,$6,$12,12,$0.23,$0.23,$11,$0,$2,$40,$16,$0,$62,$1,$79,$119,$14,$14,$2,$17,$31,$0,$72,$0,$88,$119,$5,$1,$1,$3,$-0,$0,$0,$-0,$-1,$6,$-2,$0,$0,$0,$0,$0,$0,$-2,$1,$0,$1,$-3,$-3,$-2,$0,$-4,$1,$0,$-2
39,2008-12-31,11.8,$7.30,1.62,$15.59,0.76,$4.52,2.61,$0.84,14.05,$0.04B,$0.02B,2.65,$0.01B,$0.09B,0.14,$0.19B,$0.05B,24.06%,$0.19B,$0.03B,13.37%,$0.19B,$0.03B,13.37%,$0.19B,$0.03B,16.04%,$0.19B,$0.03B,13.37%,$0.19B,$0.01B,5.35%,$0.01B,$0.09B,12.70%,$0.01B,$0.03B,40.00%,$0.01B,$0.12B,9.03%,$0.03B,$0.10B,27.47%,$48,$37,$11,$0,$5,$42,$6,$-0,$6,$1,$4,$4,$2,$7,$6,$12,12,$0.19,$0.18,$10,$0,$2,$39,$16,$0,$62,$1,$80,$118,$15,$12,$2,$16,$30,$0,$69,$0,$88,$118,$17,$6,$7,$13,$-1,$0,$0,$-0,$0,$30,$-4,$0,$-21,$0,$0,$0,$0,$-25,$4,$0,$4,$0,$0,$-7,$0,$-3,$2,$2,$-7
40,2008-09-30,15.37,$6.60,2.33,$15.39,1.0,$3.65,4.21,$0.86,17.87,$0.04B,$0.02B,2.65,$0.01B,$0.08B,0.12,$0.18B,$0.04B,24.04%,$0.18B,$0.03B,13.66%,$0.18B,$0.03B,13.66%,$0.18B,$0.03B,16.39%,$0.18B,$0.03B,15.85%,$0.18B,$0.01B,5.46%,$0.01B,$0.08B,13.51%,$0.01B,$0.03B,38.83%,$0.01B,$0.11B,9.50%,$0.03B,$0.09B,29.33%,$47,$37,$11,$0,$5,$41,$6,$-0,$6,$2,$4,$4,$3,$8,$6,$12,12,$0.21,$0.21,$9,$0,$2,$39,$16,$0,$54,$2,$72,$111,$15,$10,$1,$17,$32,$0,$67,$0,$79,$111,$13,$5,$4,$8,$-2,$0,$0,$-1,$-0,$21,$-3,$0,$-13,$0,$0,$0,$0,$-16,$1,$0,$1,$0,$0,$-5,$0,$-4,$1,$1,$-5
41,2008-06-30,14.53,$6.36,2.29,$14.69,0.99,$3.01,4.82,$0.83,17.51,$0.04B,$0.01B,3.29,$0.02B,$0.08B,0.21,$0.17B,$0.04B,24.28%,$0.17B,$0.02B,13.87%,$0.17B,$0.02B,13.87%,$0.17B,$0.03B,16.18%,$0.17B,$0.03B,15.03%,$0.17B,$0.01B,5.20%,$0.01B,$0.08B,12.72%,$0.01B,$0.02B,34.29%,$0.01B,$0.11B,8.82%,$0.02B,$0.09B,28.92%,$47,$35,$12,$0,$5,$41,$7,$0,$7,$2,$5,$5,$3,$8,$7,$12,12,$0.24,$0.24,$8,$0,$2,$40,$17,$0,$54,$2,$72,$112,$12,$16,$1,$24,$36,$0,$65,$0,$76,$112,$9,$3,$3,$6,$-3,$0,$0,$-1,$-5,$10,$-2,$0,$-12,$0,$0,$0,$0,$-14,$7,$0,$7,$0,$0,$-3,$0,$4,$0,$1,$-3
42,2008-03-31,12.77,$6.09,2.1,$13.80,0.93,$2.78,4.59,$0.79,16.16,$0.04B,$0.01B,3.52,$0.01B,$0.07B,0.15,$0.16B,$0.04B,24.22%,$0.16B,$0.02B,13.66%,$0.16B,$0.02B,13.66%,$0.16B,$0.03B,16.15%,$0.16B,$0.02B,14.29%,$0.16B,$0.01B,4.97%,$0.01B,$0.07B,11.94%,$0.01B,$0.03B,26.02%,$0.01B,$0.10B,8.63%,$0.02B,$0.08B,29.24%,$45,$34,$11,$0,$5,$40,$6,$-0,$6,$2,$4,$4,$2,$7,$6,$12,12,$0.20,$0.20,$9,$0,$2,$39,$16,$0,$45,$1,$62,$102,$11,$11,$1,$18,$29,$0,$62,$0,$72,$102,$4,$1,$1,$3,$-3,$0,$0,$-0,$-3,$4,$-1,$0,$-3,$0,$0,$0,$0,$-4,$3,$0,$3,$0,$0,$-1,$0,$1,$1,$0,$-1
43,2007-12-31,12.72,$5.86,2.17,$12.99,0.98,$2.93,4.34,$0.75,16.97,$0.04B,$0.01B,3.15,$0.01B,$0.07B,0.12,$0.15B,$0.04B,24.50%,$0.15B,$0.02B,13.25%,$0.15B,$0.02B,13.25%,$0.15B,$0.02B,15.89%,$0.15B,$0.02B,13.25%,$0.15B,$0.01B,5.30%,$0.01B,$0.07B,12.60%,$0.01B,$0.03B,24.24%,$0.01B,$0.10B,9.30%,$0.02B,$0.08B,28.99%,$44,$34,$10,$0,$5,$38,$6,$4,$10,$2,$8,$8,$2,$7,$6,$12,12,$0.21,$0.21,$8,$0,$1,$36,$17,$0,$42,$2,$60,$96,$11,$8,$1,$15,$27,$0,$59,$0,$69,$96,$14,$5,$4,$9,$-4,$0,$0,$-0,$-5,$19,$-4,$0,$-20,$1,$0,$1,$0,$-24,$6,$0,$6,$1,$1,$-6,$0,$2,$-3,$1,$-6
44,2007-09-30,13.1,$5.62,2.33,$12.12,1.08,$2.84,4.62,$0.72,18.2,$0.04B,$0.01B,3.34,$0.01B,$0.07B,0.2,$0.14B,$0.04B,25.53%,$0.14B,$0.02B,13.48%,$0.14B,$0.02B,13.48%,$0.14B,$0.02B,16.31%,$0.14B,$0.01B,9.22%,$0.14B,$0.01B,5.67%,$0.01B,$0.07B,13.28%,$0.01B,$0.03B,23.19%,$0.01B,$0.10B,10.03%,$0.02B,$0.08B,29.80%,$37,$28,$9,$0,$4,$33,$5,$-1,$3,$1,$2,$2,$2,$6,$5,$12,12,$0.18,$0.18,$10,$0,$2,$39,$17,$0,$40,$3,$60,$98,$12,$13,$1,$20,$32,$0,$57,$0,$66,$98,$6,$4,$7,$10,$-3,$0,$0,$-1,$-4,$12,$-3,$0,$-19,$1,$0,$1,$0,$-22,$12,$0,$12,$0,$0,$-4,$0,$8,$-1,$1,$-4
45,2007-06-30,11.93,$5.24,2.28,$11.73,1.02,$2.93,4.07,$0.59,20.22,$0.04B,$0.01B,5.09,$0.00B,$0.06B,0.01,$0.14B,$0.04B,25.55%,$0.14B,$0.02B,13.14%,$0.14B,$0.02B,13.14%,$0.14B,$0.02B,16.79%,$0.14B,$0.01B,9.49%,$0.14B,$0.01B,5.11%,$0.01B,$0.06B,12.23%,$0.01B,$0.04B,18.67%,$0.01B,$0.08B,9.66%,$0.02B,$0.06B,31.44%,$35,$26,$9,$0,$4,$30,$5,$-1,$4,$1,$2,$2,$2,$6,$5,$12,12,$0.20,$0.20,$14,$0,$2,$39,$13,$0,$21,$2,$36,$75,$8,$1,$1,$6,$14,$0,$55,$0,$61,$75,$4,$2,$5,$7,$-2,$0,$0,$-0,$-4,$7,$-2,$0,$-0,$-1,$0,$-1,$0,$-4,$-0,$0,$-0,$0,$0,$-3,$0,$-2,$1,$1,$-3
46,2007-03-31,12.33,$5.01,2.46,$11.60,1.06,$3.02,4.08,$0.57,21.62,$0.04B,$0.01B,3.68,$0.00B,$0.06B,0.01,$0.14B,$0.04B,26.28%,$0.14B,$0.02B,13.87%,$0.14B,$0.02B,13.87%,$0.14B,$0.02B,17.52%,$0.14B,$0.01B,9.49%,$0.14B,$0.01B,5.11%,$0.01B,$0.06B,12.50%,$0.01B,$0.04B,18.67%,$0.01B,$0.08B,9.89%,$0.02B,$0.06B,33.93%,$35,$26,$9,$0,$4,$30,$4,$-1,$3,$1,$2,$2,$2,$5,$4,$12,12,$0.16,$0.16,$15,$0,$2,$39,$13,$0,$21,$2,$36,$75,$11,$1,$1,$6,$17,$0,$53,$0,$58,$75,$2,$1,$2,$3,$-1,$0,$0,$-1,$0,$5,$-1,$0,$-0,$-1,$0,$-1,$0,$-2,$-0,$0,$-0,$0,$0,$-1,$0,$-1,$2,$0,$-1
47,2006-12-31,10.85,$4.84,2.24,$11.39,0.95,$2.92,3.71,$0.53,20.47,$0.04B,$0.01B,3.92,$0.00B,$0.06B,0.01,$0.14B,$0.04B,26.47%,$0.14B,$0.02B,13.97%,$0.14B,$0.02B,13.97%,$0.14B,$0.02B,17.65%,$0.14B,$0.01B,9.56%,$0.14B,$0.01B,4.41%,$0.01B,$0.06B,10.91%,$0.01B,$0.03B,15.79%,$0.01B,$0.07B,8.66%,$0.02B,$0.06B,34.39%,$34,$25,$9,$0,$4,$29,$5,$-1,$3,$1,$2,$2,$2,$6,$5,$12,12,$0.18,$0.19,$11,$0,$2,$36,$13,$0,$21,$1,$35,$71,$9,$1,$1,$7,$16,$0,$51,$0,$56,$71,$6,$5,$9,$14,$-4,$0,$0,$1,$-1,$18,$-5,$0,$-6,$2,$0,$2,$0,$-9,$-0,$0,$-0,$-5,$-5,$-5,$0,$-11,$-1,$1,$-5
