,Date,Stock Price,Book Value per Share,Price to Book Ratio,TTM Sales per Share,Price to Sales Ratio,TTM FCF per Share,Price to FCF Ratio,TTM Net EPS,PE Ratio,Current Assets,Current Liabilities,Current Ratio,Long Term Debt,Shareholder's Equity_x,Debt to Equity Ratio,TTM Revenue_x,TTM Gross Profit,Gross Margin,TTM Revenue_y,TTM Operating Income,Operating Margin,TTM Revenue_x,TTM EBIT,EBIT Margin,TTM Revenue_y,TTM EBITDA,EBITDA Margin,TTM Revenue_x,TTM Pre-Tax Income,Pre-Tax Margin,TTM Revenue_y,TTM Net Income_x,Net Margin,TTM Net Income_y,Shareholder's Equity_y,Return on Equity,TTM Net Income_x,Tangible Equity,Return on Tangible Equity,TTM Net Income_y,Total Assets,Return on Assets,TTM Net Income,LT Investments & Debt,Return on Investment,revenue,cost-goods-sold,gross-profit,research-development-expenses,selling-general-administrative-expenses,operating-expenses,operating-income,total-non-operating-income-expense,pre-tax-income,total-provision-income-taxes,income-after-taxes,income-from-continuous-operations,net-income,ebitda,ebit,basic-shares-outstanding,shares-outstanding,eps-basic-net-earnings-per-share,eps-earnings-per-share-diluted,cash-on-hand,inventory,other-current-assets,total-current-assets,net-property-plant-equipment,long-term-investments,goodwill-intangible-assets-total,other-long-term-assets,total-long-term-assets,total-assets,total-current-liabilities,long-term-debt,other-non-current-liabilities,total-long-term-liabilities,total-liabilities,common-stock-net,retained-earnings-accumulated-deficit,comprehensive-income,total-share-holder-equity,total-liabilities-share-holders-equity,net-income-loss,total-depreciation-amortization-cash-flow,other-non-cash-items,total-non-cash-items,change-in-accounts-receivable,change-in-inventories,change-in-accounts-payable,change-in-assets-liabilities,total-change-in-assets-liabilities,cash-flow-from-operating-activities,net-change-in-property-plant-equipment,net-change-in-intangible-assets,net-acquisitions-divestitures,net-change-in-short-term-investments,net-change-in-long-term-investments,net-change-in-investments-total,investing-activities-other,cash-flow-from-investing-activities,net-long-term-debt,net-current-debt,debt-issuance-retirement-net-total,net-common-equity-issued-repurchased,net-total-equity-issued-repurchased,total-common-preferred-stock-dividends-paid,financial-activities-other,cash-flow-from-financial-activities,net-cash-flow,stock-based-compensation,common-stock-dividends-paid
0,2018-06-30,3.15,$5.50,0.57,$12.73,0.25,$-3.09,0.0,$-1.10,0.0,$0.11B,$0.07B,1.48,$0.04B,$0.14B,0.3,$0.32B,$0.14B,43.40%,$0.32B,$-0.03B,-8.18%,$0.32B,$-0.03B,-8.18%,$0.32B,$-0.01B,-2.83%,$0.32B,$-0.03B,-8.18%,$0.32B,$-0.03B,-8.49%,$-0.03B,$0.14B,-18.72%,$-0.03B,$0.13B,-19.96%,$-0.03B,$0.27B,-9.41%,$-0.03B,$0.18B,-13.98%,$75,$45,$30,$0,$42,$87,$-12,$-0,$-12,$-0,$-12,$-12,$-13,$-7,$-12,$25,25,$-0.52,$-0.52,$70,$0,$0,$108,$114,$0,$8,$11,$165,$274,$73,$41,$10,$62,$135,$0,$-19,$0,$139,$274,$-22,$13,$-0,$13,$0,$0,$0,$-13,$-13,$-22,$-17,$0,$0,$-1,$48,$48,$2,$32,$0,$0,$0,$0,$0,$-3,$-1,$-3,$6,$1,$0
1,2018-03-31,2.94,$6.02,0.49,$12.84,0.23,$-2.99,0.0,$-0.79,0.0,$0.13B,$0.09B,1.53,$0.04B,$0.15B,0.27,$0.32B,$0.14B,43.89%,$0.32B,$-0.02B,-5.33%,$0.32B,$-0.02B,-5.33%,$0.32B,$-0.00B,-0.31%,$0.32B,$-0.02B,-5.33%,$0.32B,$-0.02B,-5.96%,$-0.02B,$0.15B,-13.45%,$-0.02B,$0.14B,-14.37%,$-0.02B,$0.30B,-6.72%,$-0.02B,$0.19B,-9.26%,$81,$46,$35,$0,$44,$89,$-9,$-0,$-9,$-0,$-9,$-9,$-10,$-5,$-9,$25,25,$-0.40,$-0.40,$96,$0,$0,$134,$109,$0,$9,$11,$163,$297,$87,$41,$10,$58,$146,$0,$-6,$0,$151,$297,$-10,$8,$-1,$7,$4,$0,$0,$-10,$-3,$-6,$-8,$0,$0,$-1,$48,$47,$2,$41,$0,$0,$0,$0,$0,$-3,$-1,$-3,$32,$1,$0
2,2017-12-31,2.4,$6.43,0.37,$12.96,0.19,$-3.32,0.0,$-0.51,0.0,$0.14B,$0.08B,1.69,$0.04B,$0.16B,0.26,$0.32B,$0.14B,44.69%,$0.32B,$-0.01B,-2.19%,$0.32B,$-0.01B,-2.19%,$0.32B,$0.01B,2.81%,$0.32B,$-0.01B,-2.50%,$0.32B,$-0.01B,-3.75%,$-0.01B,$0.16B,-8.79%,$-0.01B,$0.15B,-9.41%,$-0.01B,$0.30B,-4.33%,$-0.01B,$0.20B,-3.91%,$81,$44,$37,$0,$41,$85,$-4,$-0,$-4,$-3,$-1,$-1,$-2,$0,$-4,$25,25,$-0.10,$-0.10,$107,$0,$0,$141,$106,$0,$9,$12,$162,$303,$84,$42,$10,$58,$142,$0,$4,$0,$161,$303,$-1,$4,$-2,$2,$6,$0,$0,$-4,$-3,$-3,$-3,$0,$0,$-1,$42,$41,$1,$39,$-0,$0,$-0,$0,$0,$0,$-0,$-0,$36,$0,$0
3,2017-09-30,3.47,$5.03,0.69,$13.14,0.26,$-3.88,0.0,$-0.53,0.0,$0.15B,$0.09B,1.7,$0.04B,$0.13B,0.33,$0.32B,$0.14B,44.27%,$0.32B,$-0.00B,-0.62%,$0.32B,$-0.00B,-0.62%,$0.32B,$0.02B,4.64%,$0.32B,$-0.00B,-0.93%,$0.32B,$-0.01B,-4.02%,$-0.01B,$0.13B,-10.02%,$-0.01B,$0.12B,-10.77%,$-0.01B,$0.27B,-4.78%,$-0.00B,$0.17B,-1.16%,$81,$45,$36,$0,$38,$82,$-1,$0,$-1,$-0,$-1,$-1,$-2,$3,$-1,$25,25,$-0.09,$-0.09,$113,$0,$0,$147,$107,$0,$9,$12,$127,$274,$86,$42,$10,$62,$148,$0,$-31,$0,$126,$274,$-8,$17,$2,$19,$-3,$0,$0,$-16,$-21,$-10,$-9,$0,$0,$-43,$-3,$-46,$3,$-52,$-1,$0,$-1,$0,$0,$-5,$-1,$-7,$-69,$3,$0
4,2017-06-30,3.57,$5.14,0.69,$13.42,0.27,$-3.15,0.0,$-0.87,0.0,$0.13B,$0.07B,1.92,$0.04B,$0.13B,0.33,$0.33B,$0.15B,44.38%,$0.33B,$-0.01B,-1.82%,$0.33B,$-0.01B,-1.82%,$0.33B,$0.01B,3.34%,$0.33B,$-0.01B,-2.43%,$0.33B,$-0.02B,-6.38%,$-0.02B,$0.13B,-15.85%,$-0.02B,$0.12B,-17.00%,$-0.02B,$0.26B,-7.56%,$-0.01B,$0.17B,-3.42%,$76,$44,$32,$0,$35,$79,$-3,$-0,$-3,$1,$-4,$-4,$-5,$1,$-3,$25,25,$-0.21,$-0.21,$98,$0,$0,$128,$108,$0,$9,$11,$129,$257,$67,$42,$10,$63,$129,$0,$-29,$0,$127,$257,$-7,$13,$1,$14,$2,$0,$0,$-32,$-37,$-30,$-7,$0,$0,$-42,$-6,$-48,$4,$-51,$0,$0,$0,$0,$0,$-3,$-1,$-3,$-84,$2,$0
5,2017-03-31,3.45,$5.33,0.65,$13.72,0.25,$-2.41,0.0,$-0.87,0.0,$0.14B,$0.08B,1.82,$0.04B,$0.13B,0.32,$0.34B,$0.15B,44.48%,$0.34B,$-0.01B,-2.39%,$0.34B,$-0.01B,-2.39%,$0.34B,$0.01B,2.69%,$0.34B,$-0.01B,-3.28%,$0.34B,$-0.02B,-6.27%,$-0.02B,$0.13B,-15.30%,$-0.02B,$0.12B,-16.37%,$-0.02B,$0.28B,-7.37%,$-0.01B,$0.18B,-4.44%,$82,$45,$38,$0,$37,$82,$1,$-0,$0,$2,$-2,$-2,$-3,$5,$1,$25,25,$-0.12,$-0.12,$113,$0,$0,$143,$110,$1,$9,$12,$132,$275,$78,$43,$10,$64,$143,$0,$-24,$0,$132,$275,$-3,$9,$1,$10,$3,$0,$0,$-22,$-24,$-18,$-4,$0,$0,$0,$-8,$-8,$3,$-9,$0,$0,$0,$0,$0,$-3,$-0,$-3,$-30,$1,$0
6,2016-12-31,2.91,$5.45,0.53,$14.01,0.21,$-1.85,0.0,$-2.07,0.0,$0.15B,$0.08B,1.8,$0.04B,$0.13B,0.32,$0.34B,$0.15B,43.70%,$0.34B,$-0.02B,-4.40%,$0.34B,$-0.02B,-4.40%,$0.34B,$0.00B,0.88%,$0.34B,$-0.02B,-4.99%,$0.34B,$-0.05B,-14.66%,$-0.05B,$0.13B,-40.16%,$-0.05B,$0.13B,-43.29%,$-0.05B,$0.28B,-18.28%,$-0.02B,$0.18B,-8.94%,$84,$47,$37,$0,$36,$83,$1,$-1,$1,$3,$-2,$-2,$-3,$6,$1,$25,25,$-0.12,$-0.12,$119,$0,$0,$150,$112,$0,$9,$12,$133,$282,$83,$43,$10,$65,$148,$0,$-21,$0,$134,$282,$-2,$4,$0,$5,$3,$0,$0,$-15,$-20,$-17,$-1,$0,$0,$0,$1,$1,$2,$1,$-0,$0,$-0,$0,$0,$0,$-0,$-0,$-16,$1,$0
7,2016-09-30,1.78,$5.55,0.32,$14.29,0.12,$-1.35,0.0,$-2.02,0.0,$0.16B,$0.10B,1.71,$0.04B,$0.14B,0.32,$0.35B,$0.15B,43.80%,$0.35B,$-0.02B,-5.19%,$0.35B,$-0.02B,-5.19%,$0.35B,$-0.00B,-0.29%,$0.35B,$-0.02B,-6.05%,$0.35B,$-0.05B,-14.12%,$-0.05B,$0.14B,-41.18%,$-0.05B,$0.13B,-44.44%,$-0.05B,$0.30B,-18.20%,$-0.02B,$0.18B,-11.08%,$87,$48,$39,$0,$44,$92,$-5,$-1,$-6,$3,$-9,$-9,$-10,$-1,$-5,$24,24,$-0.42,$-0.42,$127,$0,$0,$162,$114,$0,$9,$12,$135,$297,$95,$43,$11,$66,$161,$0,$-17,$0,$137,$297,$-48,$18,$33,$51,$8,$0,$0,$-4,$4,$7,$-8,$0,$-2,$-1,$28,$27,$0,$17,$-1,$0,$-1,$0,$69,$-3,$-0,$65,$90,$5,$-1
8,2016-06-30,2.26,$5.98,0.38,$14.43,0.16,$-2.19,0.0,$-2.01,0.0,$0.15B,$0.07B,2.01,$0.04B,$0.15B,0.3,$0.35B,$0.15B,43.59%,$0.35B,$-0.03B,-7.41%,$0.35B,$-0.03B,-7.41%,$0.35B,$0.00B,1.14%,$0.35B,$-0.03B,-8.26%,$0.35B,$-0.05B,-13.96%,$-0.05B,$0.15B,-43.36%,$-0.05B,$0.14B,-46.89%,$-0.05B,$0.29B,-18.60%,$-0.03B,$0.19B,-16.56%,$82,$47,$35,$0,$41,$88,$-5,$-1,$-6,$-1,$-5,$-5,$-5,$-1,$-5,$24,24,$-0.21,$-0.21,$111,$0,$0,$146,$117,$0,$9,$13,$139,$285,$72,$43,$11,$67,$139,$0,$-7,$0,$146,$285,$-39,$14,$31,$45,$11,$0,$0,$-19,$-17,$-11,$-7,$0,$-2,$0,$24,$24,$3,$17,$-1,$0,$-1,$0,$69,$-1,$-0,$67,$74,$3,$-1
9,2016-03-31,4.31,$3.33,1.29,$14.58,0.3,$-2.38,0.0,$-1.92,0.0,$0.09B,$0.08B,1.08,$0.04B,$0.08B,0.54,$0.35B,$0.16B,43.79%,$0.35B,$-0.03B,-7.06%,$0.35B,$-0.03B,-7.06%,$0.35B,$0.01B,1.69%,$0.35B,$-0.03B,-7.63%,$0.35B,$-0.05B,-13.28%,$-0.05B,$0.08B,-43.82%,$-0.05B,$0.07B,-48.96%,$-0.05B,$0.23B,-18.22%,$-0.03B,$0.13B,-16.84%,$88,$50,$38,$0,$44,$94,$-6,$-1,$-6,$26,$-32,$-32,$-32,$-1,$-6,$24,24,$-1.32,$-1.32,$53,$0,$0,$88,$120,$0,$9,$13,$142,$230,$81,$44,$11,$67,$149,$0,$-2,$0,$81,$230,$-34,$9,$30,$40,$9,$0,$0,$-7,$-9,$-2,$-5,$0,$-2,$0,$18,$18,$4,$15,$-0,$0,$-0,$0,$0,$-1,$-0,$-2,$11,$2,$-1
10,2015-12-31,4.64,$4.63,1.0,$14.66,0.32,$-2.37,0.0,$-0.58,0.0,$0.10B,$0.09B,1.16,$0.04B,$0.11B,0.39,$0.36B,$0.16B,44.82%,$0.36B,$-0.02B,-4.76%,$0.36B,$-0.02B,-4.76%,$0.36B,$0.02B,4.20%,$0.36B,$-0.02B,-5.32%,$0.36B,$-0.01B,-3.92%,$-0.01B,$0.11B,-11.76%,$-0.01B,$0.10B,-13.37%,$-0.01B,$0.27B,-5.21%,$-0.02B,$0.16B,-10.81%,$90,$50,$40,$0,$42,$92,$-2,$-0,$-3,$-1,$-2,$-2,$-2,$2,$-2,$24,24,$-0.07,$-0.07,$56,$0,$0,$103,$121,$1,$8,$12,$162,$265,$89,$44,$10,$64,$153,$0,$30,$0,$112,$265,$-2,$5,$2,$6,$0,$0,$0,$-1,$-8,$-4,$-3,$0,$0,$0,$10,$10,$1,$8,$-0,$0,$-0,$0,$0,$-1,$-0,$-1,$3,$1,$-1
11,2015-09-30,3.48,$4.68,0.74,$14.80,0.24,$-2.17,0.0,$-0.39,0.0,$0.11B,$0.10B,1.12,$0.04B,$0.11B,0.39,$0.36B,$0.17B,46.28%,$0.36B,$-0.01B,-2.48%,$0.36B,$-0.01B,-2.48%,$0.36B,$0.02B,6.61%,$0.36B,$-0.01B,-3.03%,$0.36B,$-0.01B,-2.48%,$-0.01B,$0.11B,-7.21%,$-0.01B,$0.11B,-8.39%,$-0.01B,$0.27B,-3.29%,$-0.01B,$0.16B,-5.63%,$91,$51,$40,$0,$41,$104,$-13,$-1,$-14,$-4,$-10,$-10,$-10,$4,$-13,$24,24,$-0.40,$-0.40,$63,$0,$0,$108,$124,$2,$8,$12,$166,$274,$96,$44,$9,$64,$161,$0,$33,$0,$113,$274,$-9,$33,$-1,$32,$-11,$0,$0,$-5,$-15,$8,$-29,$0,$0,$0,$26,$26,$1,$-3,$-1,$0,$-1,$-7,$-7,$-7,$-1,$-15,$-10,$4,$-7
12,2015-06-30,8.48,$5.11,1.66,$14.91,0.57,$-0.69,0.0,$0.08,105.95,$0.09B,$0.09B,1.08,$0.03B,$0.12B,0.26,$0.37B,$0.17B,47.41%,$0.37B,$0.01B,2.18%,$0.37B,$0.01B,2.18%,$0.37B,$0.03B,7.90%,$0.37B,$0.01B,1.63%,$0.37B,$0.00B,0.82%,$0.00B,$0.12B,2.31%,$0.00B,$0.10B,2.75%,$0.00B,$0.26B,1.08%,$0.01B,$0.16B,4.94%,$85,$48,$37,$0,$41,$89,$-4,$-0,$-4,$-1,$-3,$-3,$-3,$1,$-4,$24,24,$-0.12,$-0.12,$60,$0,$0,$94,$117,$5,$21,$12,$169,$263,$87,$32,$10,$53,$140,$0,$43,$0,$123,$263,$1,$16,$3,$19,$-1,$0,$0,$-17,$-19,$-0,$-22,$0,$0,$0,$6,$6,$2,$-14,$-1,$0,$-1,$-6,$-6,$-7,$-0,$-14,$-28,$3,$-7
13,2015-03-31,9.35,$5.30,1.76,$15.04,0.62,$0.32,29.67,$0.21,44.52,$0.11B,$0.09B,1.15,$0.03B,$0.13B,0.25,$0.37B,$0.18B,48.26%,$0.37B,$0.01B,3.49%,$0.37B,$0.01B,3.49%,$0.37B,$0.04B,9.38%,$0.37B,$0.01B,2.95%,$0.37B,$0.01B,1.61%,$0.01B,$0.13B,4.53%,$0.01B,$0.11B,5.37%,$0.01B,$0.27B,2.14%,$0.01B,$0.16B,7.89%,$91,$48,$43,$0,$41,$89,$2,$-0,$2,$2,$1,$1,$1,$8,$2,$24,25,$0.02,$0.02,$73,$0,$0,$105,$113,$10,$21,$11,$167,$272,$91,$32,$9,$53,$144,$0,$48,$0,$128,$272,$4,$11,$4,$14,$3,$0,$0,$-6,$-9,$9,$-16,$0,$0,$0,$-2,$-2,$-2,$-20,$-0,$0,$-0,$-6,$-6,$-5,$-0,$-11,$-23,$2,$-5
14,2014-12-31,9.49,$5.42,1.75,$15.17,0.63,$1.05,9.02,$0.13,72.98,$0.13B,$0.10B,1.34,$0.03B,$0.14B,0.24,$0.38B,$0.18B,48.01%,$0.38B,$0.01B,2.39%,$0.38B,$0.01B,2.39%,$0.38B,$0.03B,8.22%,$0.38B,$0.01B,1.86%,$0.38B,$0.00B,0.80%,$0.00B,$0.14B,2.23%,$0.00B,$0.11B,2.64%,$0.00B,$0.29B,1.06%,$0.01B,$0.17B,5.40%,$96,$48,$48,$0,$42,$90,$6,$-0,$5,$2,$3,$3,$3,$11,$6,$25,25,$0.12,$0.12,$89,$0,$0,$131,$104,$9,$21,$10,$156,$286,$98,$32,$10,$54,$152,$0,$50,$0,$135,$286,$3,$5,$3,$9,$-7,$0,$0,$2,$-10,$2,$-4,$0,$0,$0,$-2,$-2,$0,$-5,$-0,$0,$-0,$0,$0,$-2,$-0,$-3,$-6,$1,$-2
15,2014-09-30,8.93,$5.37,1.66,$15.24,0.59,$1.39,6.4,$0.08,111.57,$0.13B,$0.10B,1.25,$0.03B,$0.13B,0.24,$0.38B,$0.18B,47.35%,$0.38B,$0.01B,1.59%,$0.38B,$0.01B,1.59%,$0.38B,$0.03B,7.67%,$0.38B,$0.01B,1.32%,$0.38B,$0.00B,0.53%,$0.00B,$0.13B,1.48%,$0.00B,$0.11B,1.74%,$0.00B,$0.29B,0.71%,$0.01B,$0.17B,3.58%,$95,$49,$46,$0,$42,$91,$4,$-0,$3,$2,$2,$2,$2,$9,$4,$25,25,$0.07,$0.07,$91,$0,$0,$128,$107,$11,$21,$10,$161,$288,$102,$32,$10,$53,$155,$0,$50,$0,$133,$288,$2,$23,$4,$27,$-3,$0,$0,$-2,$-2,$27,$-12,$0,$0,$0,$2,$2,$1,$-9,$-1,$0,$-1,$-1,$-1,$-10,$-2,$-13,$4,$6,$-10
16,2014-06-30,11.48,$5.43,2.11,$15.29,0.75,$1.49,7.68,$0.06,191.35,$0.11B,$0.09B,1.22,$0.03B,$0.13B,0.24,$0.38B,$0.18B,47.23%,$0.38B,$0.00B,1.06%,$0.38B,$0.00B,1.06%,$0.38B,$0.03B,7.12%,$0.38B,$0.00B,1.06%,$0.38B,$0.00B,0.26%,$0.00B,$0.13B,0.73%,$0.00B,$0.11B,0.86%,$0.00B,$0.28B,0.36%,$0.00B,$0.17B,2.48%,$91,$49,$43,$0,$42,$90,$1,$-0,$1,$0,$0,$0,$0,$7,$1,$25,25,$0.01,$0.01,$76,$0,$0,$107,$107,$18,$21,$10,$167,$275,$88,$33,$10,$53,$141,$0,$50,$0,$134,$275,$0,$17,$4,$21,$1,$0,$0,$-10,$-12,$10,$-8,$0,$0,$0,$-6,$-6,$3,$-11,$-0,$0,$-0,$-1,$-1,$-7,$-0,$-9,$-10,$4,$-7
17,2014-03-31,12.14,$5.50,2.21,$15.33,0.79,$1.36,8.92,$0.06,202.36,$0.13B,$0.10B,1.34,$0.03B,$0.14B,0.24,$0.38B,$0.18B,46.97%,$0.38B,$0.00B,0.79%,$0.38B,$0.00B,0.79%,$0.38B,$0.03B,7.12%,$0.38B,$0.00B,1.06%,$0.38B,$0.00B,0.26%,$0.00B,$0.14B,0.72%,$0.00B,$0.12B,0.85%,$0.00B,$0.29B,0.36%,$0.00B,$0.17B,1.94%,$95,$51,$44,$0,$46,$96,$-2,$-0,$-2,$-0,$-2,$-2,$-2,$4,$-2,$25,25,$-0.07,$-0.07,$95,$0,$0,$128,$105,$12,$21,$10,$157,$285,$95,$33,$10,$54,$150,$0,$52,$0,$136,$285,$0,$12,$4,$16,$0,$0,$0,$2,$0,$16,$-5,$0,$0,$0,$-7,$-7,$1,$-12,$-0,$0,$-0,$-0,$-0,$-5,$-0,$-6,$-1,$3,$-5
18,2013-12-31,12.94,$5.61,2.31,$15.38,0.84,$1.07,12.07,$0.08,161.79,$0.13B,$0.09B,1.42,$0.03B,$0.14B,0.24,$0.38B,$0.18B,47.23%,$0.38B,$0.00B,0.79%,$0.38B,$0.00B,0.79%,$0.38B,$0.03B,7.12%,$0.38B,$0.00B,1.06%,$0.38B,$0.00B,0.53%,$0.00B,$0.14B,1.43%,$0.00B,$0.12B,1.67%,$0.00B,$0.29B,0.74%,$0.00B,$0.17B,2.03%,$97,$51,$46,$0,$43,$94,$3,$0,$3,$2,$2,$2,$2,$9,$3,$25,25,$0.07,$0.07,$99,$0,$0,$131,$107,$8,$21,$10,$154,$285,$92,$33,$10,$54,$147,$0,$56,$0,$138,$285,$2,$6,$4,$10,$0,$0,$0,$-1,$-2,$10,$-3,$0,$0,$0,$-3,$-3,$-0,$-6,$-0,$0,$-0,$0,$0,$-2,$-0,$-3,$1,$1,$-2
19,2013-09-30,11.21,$5.65,1.99,$15.44,0.73,$0.63,17.93,$0.15,74.75,$0.13B,$0.09B,1.45,$0.00B,$0.14B,0.0,$0.38B,$0.18B,47.89%,$0.38B,$0.01B,1.58%,$0.38B,$0.01B,1.58%,$0.38B,$0.03B,7.89%,$0.38B,$0.01B,1.84%,$0.38B,$0.00B,1.05%,$0.00B,$0.14B,2.84%,$0.00B,$0.12B,3.31%,$0.00B,$0.28B,1.53%,$0.01B,$0.14B,4.26%,$96,$50,$46,$0,$44,$94,$2,$0,$2,$1,$1,$1,$1,$7,$2,$25,25,$0.05,$0.05,$99,$0,$0,$134,$103,$4,$21,$9,$146,$280,$93,$0,$36,$48,$141,$0,$57,$0,$139,$280,$4,$24,$5,$30,$-1,$0,$0,$-5,$-7,$27,$-9,$0,$0,$0,$-8,$-8,$-4,$-21,$0,$0,$0,$-5,$-5,$-10,$-1,$-16,$-10,$6,$-10
20,2013-06-30,9.47,$5.74,1.65,$15.63,0.61,$0.22,42.28,$0.17,55.71,$0.11B,$0.08B,1.39,$0.00B,$0.14B,0.0,$0.39B,$0.18B,47.53%,$0.39B,$0.01B,1.56%,$0.39B,$0.01B,1.56%,$0.39B,$0.03B,8.05%,$0.39B,$0.01B,2.08%,$0.39B,$0.01B,1.30%,$0.01B,$0.14B,3.51%,$0.01B,$0.12B,4.08%,$0.01B,$0.26B,1.93%,$0.01B,$0.14B,4.21%,$91,$49,$42,$0,$41,$90,$0,$0,$1,$0,$0,$0,$0,$7,$0,$24,25,$0.01,$0.01,$74,$0,$0,$106,$101,$14,$21,$9,$154,$260,$76,$0,$31,$43,$119,$0,$59,$0,$140,$260,$3,$18,$5,$24,$1,$0,$0,$-14,$-21,$5,$-7,$0,$0,$0,$-9,$-9,$1,$-15,$0,$0,$0,$-5,$-5,$-7,$-0,$-13,$-22,$4,$-7
21,2013-03-31,11.48,$5.79,1.98,$15.94,0.72,$0.37,31.43,$0.20,57.38,$0.11B,$0.08B,1.35,$0.00B,$0.14B,0.0,$0.39B,$0.19B,47.72%,$0.39B,$0.01B,2.03%,$0.39B,$0.01B,2.03%,$0.39B,$0.03B,8.12%,$0.39B,$0.01B,2.28%,$0.39B,$0.01B,1.52%,$0.01B,$0.14B,4.16%,$0.01B,$0.12B,4.83%,$0.01B,$0.26B,2.32%,$0.01B,$0.14B,5.55%,$95,$50,$45,$0,$47,$97,$-2,$0,$-2,$-1,$-1,$-1,$-1,$4,$-2,$24,24,$-0.04,$-0.04,$81,$0,$0,$114,$92,$15,$21,$9,$144,$257,$84,$0,$19,$31,$116,$0,$61,$0,$141,$257,$3,$12,$5,$18,$1,$0,$0,$-5,$-13,$8,$-4,$0,$0,$0,$-11,$-11,$0,$-15,$0,$0,$0,$-5,$-5,$-5,$-0,$-10,$-17,$3,$-5
22,2012-12-31,9.05,$5.88,1.54,$16.32,0.55,$0.71,12.8,$0.32,28.27,$0.12B,$0.08B,1.44,$0.00B,$0.14B,0.0,$0.41B,$0.20B,48.40%,$0.41B,$0.01B,3.21%,$0.41B,$0.01B,3.21%,$0.41B,$0.04B,9.14%,$0.41B,$0.01B,3.46%,$0.41B,$0.01B,2.22%,$0.01B,$0.14B,6.16%,$0.01B,$0.12B,7.16%,$0.01B,$0.25B,3.44%,$0.01B,$0.14B,8.90%,$98,$50,$49,$0,$43,$92,$6,$0,$6,$3,$4,$4,$4,$12,$6,$25,25,$0.14,$0.14,$82,$0,$0,$115,$92,$7,$21,$11,$136,$251,$80,$0,$15,$27,$108,$0,$64,$0,$143,$251,$4,$6,$5,$11,$3,$0,$0,$-10,$-16,$-2,$-3,$0,$0,$0,$-4,$-4,$0,$-6,$0,$0,$0,$-5,$-5,$-2,$-0,$-8,$-15,$1,$-2
23,2012-09-30,12.22,$5.87,2.08,$16.64,0.73,$1.05,11.69,$0.34,35.94,$0.14B,$0.10B,1.36,$0.00B,$0.15B,0.0,$0.41B,$0.20B,48.91%,$0.41B,$0.01B,3.39%,$0.41B,$0.01B,3.39%,$0.41B,$0.04B,9.44%,$0.41B,$0.02B,3.87%,$0.41B,$0.01B,2.18%,$0.01B,$0.15B,6.12%,$0.01B,$0.13B,7.10%,$0.01B,$0.27B,3.40%,$0.01B,$0.15B,9.52%,$101,$54,$47,$0,$45,$99,$2,$0,$3,$1,$2,$2,$2,$8,$2,$25,25,$0.07,$0.07,$97,$0,$0,$135,$92,$5,$21,$11,$133,$268,$99,$0,$10,$23,$122,$0,$63,$0,$146,$268,$9,$26,$3,$28,$-10,$0,$0,$-10,$-18,$19,$-11,$0,$0,$-4,$-2,$-6,$1,$-17,$0,$0,$0,$-1,$-1,$-7,$-1,$-10,$-8,$6,$-7
24,2012-06-30,11.96,$5.96,2.01,$17.08,0.7,$1.91,6.24,$0.52,22.99,$0.13B,$0.09B,1.37,$0.00B,$0.15B,0.0,$0.42B,$0.21B,50.12%,$0.42B,$0.02B,5.20%,$0.42B,$0.02B,5.20%,$0.42B,$0.05B,11.11%,$0.42B,$0.02B,5.44%,$0.42B,$0.01B,3.07%,$0.01B,$0.15B,8.92%,$0.01B,$0.13B,10.36%,$0.01B,$0.26B,4.92%,$0.02B,$0.15B,15.09%,$100,$53,$47,$0,$45,$98,$2,$0,$2,$1,$1,$1,$1,$8,$2,$25,25,$0.04,$0.04,$92,$0,$0,$125,$90,$12,$21,$6,$133,$258,$91,$0,$6,$19,$110,$0,$64,$0,$147,$258,$7,$19,$3,$23,$-7,$0,$0,$-17,$-21,$9,$-7,$0,$0,$0,$9,$9,$0,$2,$0,$0,$0,$-1,$-1,$-5,$-0,$-6,$5,$5,$-5
25,2012-03-31,11.58,$5.99,1.93,$17.47,0.66,$2.05,5.65,$0.64,18.09,$0.13B,$0.10B,1.32,$0.00B,$0.15B,0.0,$0.43B,$0.22B,50.00%,$0.43B,$0.03B,6.25%,$0.43B,$0.03B,6.25%,$0.43B,$0.05B,12.04%,$0.43B,$0.03B,6.48%,$0.43B,$0.02B,3.70%,$0.02B,$0.15B,11.21%,$0.02B,$0.13B,13.09%,$0.02B,$0.27B,6.11%,$0.03B,$0.15B,18.91%,$106,$53,$53,$0,$50,$103,$3,$0,$3,$1,$2,$2,$2,$9,$3,$25,25,$0.08,$0.08,$103,$0,$0,$133,$92,$14,$21,$6,$135,$268,$101,$0,$6,$19,$120,$0,$66,$0,$148,$268,$6,$13,$4,$17,$-3,$0,$0,$-7,$-8,$16,$-4,$0,$0,$0,$-4,$-4,$0,$-7,$0,$0,$0,$-1,$-1,$-2,$0,$-4,$5,$4,$-2
26,2011-12-31,11.13,$5.99,1.86,$17.82,0.62,$2.00,5.57,$0.84,13.26,$0.14B,$0.10B,1.37,$0.00B,$0.15B,0.0,$0.44B,$0.22B,49.77%,$0.44B,$0.04B,7.95%,$0.44B,$0.04B,7.95%,$0.44B,$0.06B,13.86%,$0.44B,$0.04B,8.41%,$0.44B,$0.02B,4.77%,$0.02B,$0.15B,15.19%,$0.02B,$0.13B,17.83%,$0.02B,$0.26B,8.00%,$0.04B,$0.15B,25.32%,$106,$52,$55,$0,$47,$99,$7,$0,$8,$3,$4,$4,$4,$14,$7,$25,25,$0.18,$0.18,$105,$0,$0,$135,$95,$8,$21,$6,$129,$264,$98,$0,$5,$18,$117,$0,$66,$0,$147,$264,$4,$7,$3,$10,$-1,$0,$0,$-9,$-9,$6,$-1,$0,$0,$0,$-7,$-7,$0,$-8,$0,$0,$0,$0,$0,$0,$-0,$-0,$-3,$2,$0
27,2011-09-30,11.84,$5.73,2.07,$18.30,0.65,$2.05,5.77,$1.10,10.76,$0.13B,$0.11B,1.27,$0.00B,$0.14B,0.0,$0.45B,$0.23B,50.55%,$0.45B,$0.05B,9.98%,$0.45B,$0.05B,9.98%,$0.45B,$0.07B,15.52%,$0.45B,$0.05B,10.20%,$0.45B,$0.03B,5.99%,$0.03B,$0.14B,20.53%,$0.03B,$0.12B,24.32%,$0.03B,$0.27B,10.50%,$0.05B,$0.14B,34.22%,$111,$54,$57,$0,$48,$102,$10,$-0,$10,$4,$6,$6,$6,$16,$10,$24,25,$0.23,$0.23,$104,$0,$0,$134,$100,$6,$21,$5,$132,$266,$106,$0,$5,$19,$125,$0,$61,$0,$141,$266,$27,$26,$16,$42,$-1,$0,$0,$2,$-10,$58,$-29,$0,$0,$0,$-25,$-25,$0,$-54,$0,$0,$0,$1,$1,$0,$-1,$1,$5,$6,$0
28,2011-06-30,17.22,$5.51,3.13,$18.67,0.92,$2.11,8.15,$1.15,14.98,$0.11B,$0.10B,1.16,$0.00B,$0.14B,0.0,$0.46B,$0.23B,50.54%,$0.46B,$0.05B,10.02%,$0.46B,$0.05B,10.02%,$0.46B,$0.07B,15.69%,$0.46B,$0.05B,10.46%,$0.46B,$0.03B,6.10%,$0.03B,$0.14B,22.72%,$0.03B,$0.11B,27.25%,$0.03B,$0.25B,11.14%,$0.05B,$0.14B,37.32%,$109,$58,$51,$0,$44,$102,$7,$0,$7,$3,$4,$4,$4,$13,$7,$24,25,$0.16,$0.16,$78,$0,$0,$111,$103,$9,$21,$5,$138,$250,$96,$0,$6,$19,$115,$0,$56,$0,$135,$250,$21,$19,$14,$33,$-0,$0,$0,$-3,$-23,$32,$-26,$0,$0,$0,$-18,$-18,$0,$-44,$0,$0,$0,$1,$1,$0,$-0,$1,$-12,$5,$0
29,2011-03-31,16.95,$5.31,3.19,$18.62,0.91,$2.33,7.26,$1.24,13.67,$0.13B,$0.12B,1.1,$0.00B,$0.13B,0.0,$0.46B,$0.24B,51.31%,$0.46B,$0.05B,10.70%,$0.46B,$0.05B,10.70%,$0.46B,$0.07B,16.16%,$0.46B,$0.05B,11.14%,$0.46B,$0.03B,6.55%,$0.03B,$0.13B,26.20%,$0.03B,$0.11B,31.83%,$0.03B,$0.27B,11.87%,$0.05B,$0.13B,42.79%,$114,$58,$56,$0,$45,$103,$11,$0,$12,$5,$7,$7,$7,$18,$11,$24,25,$0.29,$0.28,$87,$0,$0,$134,$106,$5,$21,$5,$136,$270,$122,$0,$6,$18,$141,$0,$52,$0,$130,$270,$17,$13,$12,$24,$-11,$0,$0,$9,$-13,$29,$-18,$0,$0,$0,$-8,$-8,$0,$-26,$0,$0,$0,$0,$0,$0,$-0,$0,$4,$4,$0
30,2010-12-31,19.18,$4.95,3.87,$18.30,1.05,$2.33,8.22,$1.21,15.86,$0.12B,$0.11B,1.05,$0.00B,$0.12B,0.0,$0.45B,$0.23B,51.78%,$0.45B,$0.05B,10.67%,$0.45B,$0.05B,10.67%,$0.45B,$0.07B,15.78%,$0.45B,$0.05B,10.89%,$0.45B,$0.03B,6.44%,$0.03B,$0.12B,25.38%,$0.03B,$0.10B,30.77%,$0.03B,$0.24B,11.85%,$0.05B,$0.12B,42.01%,$117,$54,$64,$0,$47,$101,$17,$0,$17,$7,$10,$10,$10,$23,$17,$24,25,$0.42,$0.42,$83,$0,$0,$115,$100,$3,$21,$4,$128,$243,$110,$0,$6,$13,$122,$0,$45,$0,$120,$243,$10,$6,$6,$12,$3,$0,$0,$-6,$-10,$12,$-6,$0,$0,$0,$4,$4,$0,$-2,$0,$0,$0,$0,$0,$0,$-0,$-0,$9,$2,$0
31,2010-09-30,17.03,$4.46,3.82,$17.81,0.96,$2.62,6.51,$1.17,14.56,$0.12B,$0.12B,0.94,$0.00B,$0.11B,0.0,$0.44B,$0.22B,51.26%,$0.44B,$0.05B,10.53%,$0.44B,$0.05B,10.53%,$0.44B,$0.07B,15.56%,$0.44B,$0.05B,10.76%,$0.44B,$0.03B,6.41%,$0.03B,$0.11B,24.62%,$0.03B,$0.09B,29.87%,$0.03B,$0.24B,11.55%,$0.05B,$0.11B,40.44%,$119,$58,$61,$0,$50,$108,$11,$0,$12,$5,$7,$7,$7,$18,$11,$24,25,$0.29,$0.29,$78,$0,$0,$115,$99,$4,$21,$4,$127,$242,$122,$0,$5,$12,$134,$0,$35,$0,$108,$242,$29,$21,$9,$30,$-10,$0,$0,$13,$9,$67,$-37,$0,$0,$0,$-5,$-5,$0,$-42,$0,$0,$0,$4,$4,$-36,$-0,$-33,$-7,$6,$-36
32,2010-06-30,19.3,$4.15,4.65,$16.98,1.14,$2.23,8.64,$1.20,16.08,$0.13B,$0.14B,0.91,$0.00B,$0.10B,0.0,$0.42B,$0.21B,50.96%,$0.42B,$0.05B,11.24%,$0.42B,$0.05B,11.24%,$0.42B,$0.07B,16.03%,$0.42B,$0.05B,11.48%,$0.42B,$0.03B,6.94%,$0.03B,$0.10B,25.55%,$0.03B,$0.08B,31.10%,$0.03B,$0.26B,12.20%,$0.05B,$0.10B,41.41%,$108,$54,$54,$0,$44,$98,$10,$0,$10,$4,$6,$6,$6,$15,$10,$24,25,$0.26,$0.25,$92,$0,$0,$130,$95,$7,$21,$4,$125,$256,$143,$0,$5,$13,$155,$0,$28,$0,$100,$256,$22,$15,$5,$20,$-7,$0,$0,$5,$-4,$38,$-27,$0,$0,$0,$-12,$-12,$0,$-39,$0,$0,$0,$4,$4,$0,$0,$4,$3,$5,$0
33,2010-03-31,18.63,$5.36,3.48,$16.30,1.14,$1.96,9.51,$1.03,18.08,$0.12B,$0.10B,1.26,$0.00B,$0.13B,0.0,$0.40B,$0.20B,50.25%,$0.40B,$0.04B,10.05%,$0.40B,$0.04B,10.05%,$0.40B,$0.06B,14.82%,$0.40B,$0.04B,10.30%,$0.40B,$0.03B,6.28%,$0.03B,$0.13B,22.12%,$0.03B,$0.11B,27.03%,$0.03B,$0.24B,11.26%,$0.04B,$0.13B,35.40%,$106,$52,$54,$0,$44,$96,$10,$0,$10,$4,$6,$6,$6,$15,$10,$24,24,$0.25,$0.25,$92,$0,$0,$122,$85,$7,$21,$4,$116,$238,$97,$0,$5,$12,$109,$0,$58,$0,$129,$238,$15,$10,$5,$14,$0,$0,$0,$2,$-4,$25,$-15,$0,$0,$0,$-22,$-22,$0,$-36,$0,$0,$0,$3,$3,$0,$1,$4,$-7,$3,$0
34,2009-12-31,16.49,$4.96,3.32,$15.62,1.06,$1.75,9.41,$0.78,21.14,$0.12B,$0.10B,1.21,$0.00B,$0.12B,0.0,$0.38B,$0.19B,48.82%,$0.38B,$0.03B,7.87%,$0.38B,$0.03B,7.87%,$0.38B,$0.05B,12.60%,$0.38B,$0.03B,8.14%,$0.38B,$0.02B,4.99%,$0.02B,$0.12B,18.14%,$0.02B,$0.10B,22.62%,$0.02B,$0.23B,8.98%,$0.03B,$0.12B,28.64%,$104,$49,$55,$0,$40,$88,$15,$0,$15,$6,$9,$9,$9,$20,$15,$24,24,$0.39,$0.38,$93,$0,$0,$124,$81,$5,$21,$4,$110,$234,$103,$0,$6,$13,$116,$0,$52,$0,$118,$234,$9,$5,$3,$7,$-0,$0,$0,$6,$1,$17,$-5,$0,$0,$0,$-7,$-7,$0,$-12,$0,$0,$0,$0,$0,$0,$0,$1,$6,$2,$0
35,2009-09-30,16.08,$4.49,3.58,$14.88,1.08,$1.51,10.62,$0.49,32.82,$0.11B,$0.10B,1.12,$0.00B,$0.11B,0.0,$0.37B,$0.17B,47.14%,$0.37B,$0.02B,5.18%,$0.37B,$0.02B,5.18%,$0.37B,$0.04B,9.81%,$0.37B,$0.02B,5.45%,$0.37B,$0.01B,3.27%,$0.01B,$0.11B,11.62%,$0.01B,$0.09B,14.59%,$0.01B,$0.22B,5.83%,$0.02B,$0.11B,18.40%,$100,$50,$50,$0,$38,$87,$12,$0,$13,$5,$8,$8,$8,$17,$12,$24,25,$0.31,$0.31,$81,$0,$0,$114,$81,$4,$21,$4,$109,$223,$102,$0,$6,$15,$117,$0,$42,$0,$107,$223,$12,$18,$10,$28,$-2,$0,$0,$3,$10,$49,$-28,$0,$0,$0,$-29,$-29,$0,$-57,$0,$0,$0,$-16,$-16,$0,$-1,$-17,$-25,$5,$0
36,2009-06-30,12.19,$4.12,2.96,$14.12,0.86,$2.06,5.91,$0.19,64.14,$0.09B,$0.08B,1.09,$0.00B,$0.10B,0.0,$0.35B,$0.16B,45.45%,$0.35B,$0.01B,2.27%,$0.35B,$0.01B,2.27%,$0.35B,$0.02B,6.82%,$0.35B,$0.01B,2.27%,$0.35B,$0.01B,1.42%,$0.01B,$0.10B,4.83%,$0.01B,$0.08B,6.04%,$0.01B,$0.19B,2.47%,$0.01B,$0.10B,7.73%,$88,$47,$41,$0,$38,$85,$3,$0,$3,$1,$2,$2,$2,$7,$3,$24,24,$0.08,$0.08,$59,$0,$0,$89,$70,$8,$21,$5,$104,$193,$81,$0,$7,$14,$95,$0,$35,$0,$98,$193,$4,$13,$6,$19,$2,$0,$0,$-8,$-5,$18,$-14,$0,$0,$0,$-17,$-17,$0,$-32,$0,$0,$0,$-17,$-17,$0,$-1,$-18,$-31,$4,$0
37,2009-03-31,9.79,$4.05,2.42,$13.67,0.72,$2.90,3.38,$0.08,122.44,$0.10B,$0.09B,1.17,$0.00B,$0.10B,0.0,$0.35B,$0.15B,44.35%,$0.35B,$0.00B,1.16%,$0.35B,$0.00B,1.16%,$0.35B,$0.02B,5.80%,$0.35B,$0.00B,1.16%,$0.35B,$0.00B,0.58%,$0.00B,$0.10B,1.90%,$0.00B,$0.08B,2.35%,$0.00B,$0.20B,0.98%,$0.00B,$0.10B,3.79%,$89,$49,$40,$0,$40,$89,$-0,$0,$-0,$-0,$-0,$-0,$-0,$4,$-0,$25,25,$-0.00,$-0.00,$69,$0,$0,$102,$69,$0,$21,$5,$94,$196,$87,$0,$7,$14,$100,$0,$33,$0,$96,$196,$2,$9,$4,$13,$0,$0,$0,$-4,$-1,$14,$-8,$0,$0,$0,$0,$0,$0,$-8,$0,$0,$0,$-17,$-17,$0,$0,$-17,$-11,$3,$0
38,2008-12-31,14.01,$4.46,3.14,$13.48,1.04,$3.78,3.71,$0.15,93.43,$0.12B,$0.09B,1.4,$0.00B,$0.11B,0.0,$0.34B,$0.15B,44.77%,$0.34B,$0.01B,1.74%,$0.34B,$0.01B,1.74%,$0.34B,$0.02B,6.69%,$0.34B,$0.01B,2.03%,$0.34B,$0.00B,1.16%,$0.00B,$0.11B,3.70%,$0.00B,$0.09B,4.56%,$0.00B,$0.21B,1.96%,$0.01B,$0.11B,5.56%,$90,$48,$42,$0,$39,$87,$4,$0,$4,$1,$2,$2,$2,$8,$4,$25,25,$0.09,$0.09,$90,$0,$0,$121,$68,$0,$21,$3,$91,$212,$86,$0,$6,$13,$100,$0,$33,$0,$112,$212,$2,$4,$2,$6,$2,$0,$0,$0,$2,$11,$-4,$0,$0,$0,$0,$0,$0,$-4,$0,$0,$0,$-0,$-0,$0,$0,$-0,$7,$1,$0
39,2008-09-30,13.93,$4.31,3.23,$13.23,1.05,$4.64,3.0,$0.30,46.42,$0.12B,$0.09B,1.36,$0.00B,$0.11B,0.0,$0.34B,$0.16B,45.35%,$0.34B,$0.01B,3.20%,$0.34B,$0.01B,3.20%,$0.34B,$0.03B,8.43%,$0.34B,$0.01B,4.07%,$0.34B,$0.01B,2.33%,$0.01B,$0.11B,7.17%,$0.01B,$0.09B,8.77%,$0.01B,$0.21B,3.86%,$0.01B,$0.11B,9.87%,$85,$47,$37,$0,$37,$84,$1,$0,$1,$0,$1,$1,$1,$5,$1,$26,26,$0.03,$0.04,$83,$0,$0,$118,$68,$0,$21,$3,$92,$209,$87,$0,$6,$15,$101,$0,$31,$0,$108,$209,$8,$18,$10,$28,$-11,$0,$0,$-5,$-15,$21,$15,$0,$0,$0,$0,$0,$-2,$13,$0,$0,$0,$-29,$-29,$0,$0,$-29,$5,$5,$0
40,2008-06-30,10.17,$4.24,2.4,$13.12,0.78,$4.45,2.28,$0.23,44.22,$0.10B,$0.08B,1.38,$0.00B,$0.11B,0.0,$0.35B,$0.16B,45.09%,$0.35B,$0.01B,2.31%,$0.35B,$0.01B,2.31%,$0.35B,$0.03B,7.80%,$0.35B,$0.01B,3.47%,$0.35B,$0.01B,1.73%,$0.01B,$0.11B,5.18%,$0.01B,$0.09B,6.30%,$0.01B,$0.20B,2.81%,$0.01B,$0.11B,6.91%,$81,$46,$34,$0,$36,$82,$-1,$1,$-1,$-0,$-1,$-1,$-1,$3,$-1,$25,25,$-0.03,$-0.03,$72,$0,$0,$103,$68,$0,$21,$4,$93,$196,$75,$0,$12,$15,$89,$0,$30,$0,$106,$196,$8,$13,$8,$22,$-8,$0,$0,$-11,$-23,$6,$19,$0,$0,$0,$0,$0,$0,$19,$0,$0,$0,$-29,$-29,$0,$-0,$-29,$-4,$4,$0
41,2008-03-31,9.57,$4.24,2.26,$13.01,0.74,$3.00,3.19,$0.40,23.94,$0.11B,$0.08B,1.32,$0.00B,$0.11B,0.0,$0.35B,$0.16B,46.00%,$0.35B,$0.02B,4.29%,$0.35B,$0.02B,4.29%,$0.35B,$0.04B,10.00%,$0.35B,$0.02B,5.43%,$0.35B,$0.01B,3.14%,$0.01B,$0.11B,9.15%,$0.01B,$0.09B,11.03%,$0.01B,$0.20B,5.05%,$0.02B,$0.11B,12.47%,$88,$47,$41,$0,$39,$86,$2,$1,$3,$1,$2,$2,$2,$7,$2,$25,26,$0.08,$0.07,$75,$0,$0,$106,$70,$0,$21,$4,$94,$200,$81,$0,$11,$13,$94,$0,$31,$0,$106,$200,$8,$9,$5,$14,$-6,$0,$0,$-12,$-16,$6,$22,$0,$0,$0,$0,$0,$0,$22,$0,$0,$0,$-29,$-29,$0,$0,$-29,$-1,$3,$0
42,2007-12-31,13.88,$4.75,2.92,$12.93,1.07,$1.84,7.53,$0.55,25.23,$0.13B,$0.09B,1.51,$0.00B,$0.13B,0.0,$0.35B,$0.17B,46.89%,$0.35B,$0.02B,6.21%,$0.35B,$0.02B,6.21%,$0.35B,$0.04B,11.86%,$0.35B,$0.03B,7.34%,$0.35B,$0.02B,4.24%,$0.02B,$0.13B,12.17%,$0.02B,$0.11B,14.60%,$0.02B,$0.22B,6.73%,$0.02B,$0.13B,17.85%,$90,$46,$44,$0,$35,$81,$9,$1,$11,$4,$6,$6,$6,$14,$9,$27,27,$0.24,$0.24,$100,$0,$0,$129,$70,$0,$21,$4,$95,$224,$85,$0,$11,$13,$98,$0,$29,$0,$126,$224,$6,$4,$2,$7,$-4,$0,$0,$-4,$-8,$5,$26,$0,$0,$0,$0,$0,$0,$26,$0,$0,$0,$-7,$-7,$0,$0,$-7,$24,$2,$0
43,2007-09-30,14.69,$4.64,3.17,$12.95,1.13,$0.92,15.96,$0.57,25.78,$0.10B,$0.10B,1.08,$0.00B,$0.13B,0.0,$0.35B,$0.17B,47.18%,$0.35B,$0.02B,6.78%,$0.35B,$0.02B,6.78%,$0.35B,$0.04B,12.15%,$0.35B,$0.03B,7.34%,$0.35B,$0.02B,4.52%,$0.02B,$0.13B,13.42%,$0.02B,$0.10B,16.16%,$0.02B,$0.23B,7.25%,$0.02B,$0.13B,20.13%,$87,$50,$37,$0,$39,$89,$-2,$1,$-1,$0,$-1,$-1,$-1,$3,$-2,$27,27,$-0.05,$-0.05,$76,$0,$0,$103,$105,$0,$21,$5,$130,$233,$96,$0,$5,$12,$108,$0,$22,$0,$125,$233,$16,$19,$10,$28,$-2,$0,$0,$-0,$-4,$40,$-6,$0,$0,$0,$0,$0,$0,$-6,$0,$0,$0,$1,$1,$0,$0,$1,$34,$6,$0
44,2007-06-30,20.72,$4.64,4.47,$12.92,1.6,$-0.32,0.0,$0.78,26.57,$0.06B,$0.08B,0.7,$0.00B,$0.12B,0.0,$0.36B,$0.17B,48.60%,$0.36B,$0.03B,8.99%,$0.36B,$0.03B,8.99%,$0.36B,$0.05B,14.04%,$0.36B,$0.03B,9.55%,$0.36B,$0.02B,5.90%,$0.02B,$0.12B,18.46%,$0.02B,$0.10B,22.46%,$0.02B,$0.22B,9.74%,$0.03B,$0.12B,28.13%,$85,$46,$39,$0,$33,$79,$6,$1,$6,$2,$4,$4,$4,$11,$6,$27,27,$0.14,$0.14,$30,$0,$0,$56,$135,$0,$21,$4,$160,$215,$79,$0,$10,$12,$91,$0,$24,$0,$124,$215,$17,$14,$7,$21,$-0,$0,$0,$-6,$-12,$26,$-38,$0,$0,$0,$0,$0,$0,$-38,$0,$0,$0,$0,$0,$0,$0,$0,$-11,$5,$0
45,2007-03-31,18.84,$4.42,4.26,$12.78,1.47,$-0.10,0.0,$0.80,23.55,$0.07B,$0.09B,0.73,$0.00B,$0.12B,0.0,$0.36B,$0.17B,48.73%,$0.36B,$0.03B,9.01%,$0.36B,$0.03B,9.01%,$0.36B,$0.05B,13.52%,$0.36B,$0.04B,9.86%,$0.36B,$0.02B,5.92%,$0.02B,$0.12B,18.96%,$0.02B,$0.10B,23.27%,$0.02B,$0.22B,9.76%,$0.03B,$0.12B,28.89%,$92,$46,$46,$0,$36,$82,$9,$1,$10,$4,$6,$6,$6,$14,$9,$27,27,$0.23,$0.22,$40,$0,$0,$65,$130,$0,$21,$4,$154,$219,$88,$0,$10,$12,$100,$0,$20,$0,$118,$219,$13,$9,$4,$12,$2,$0,$0,$-5,$-9,$17,$-18,$0,$0,$0,$0,$0,$0,$-18,$0,$0,$0,$0,$0,$0,$0,$0,$-1,$3,$0
46,2006-12-31,18.13,$4.12,4.4,$12.52,1.45,$0.05,353.38,$0.87,20.84,$0.07B,$0.09B,0.76,$0.00B,$0.11B,0.0,$0.35B,$0.17B,49.15%,$0.35B,$0.04B,10.23%,$0.35B,$0.04B,10.23%,$0.35B,$0.05B,14.20%,$0.35B,$0.04B,10.80%,$0.35B,$0.02B,6.53%,$0.02B,$0.11B,20.67%,$0.02B,$0.09B,25.34%,$0.02B,$0.22B,10.65%,$0.04B,$0.11B,32.36%,$90,$44,$45,$0,$35,$79,$11,$1,$11,$4,$7,$7,$7,$15,$11,$27,27,$0.26,$0.26,$47,$0,$0,$71,$120,$0,$21,$4,$144,$216,$94,$0,$10,$12,$106,$0,$14,$0,$110,$216,$7,$4,$1,$5,$1,$0,$0,$2,$-1,$11,$-5,$0,$0,$0,$0,$0,$0,$-5,$0,$0,$0,$0,$0,$0,$0,$0,$5,$2,$0
