,Date,Stock Price,Book Value per Share,Price to Book Ratio,TTM Sales per Share,Price to Sales Ratio,TTM FCF per Share,Price to FCF Ratio,TTM Net EPS,PE Ratio,Current Assets,Current Liabilities,Current Ratio,Long Term Debt,Shareholder's Equity_x,Debt to Equity Ratio,TTM Revenue_x,TTM Gross Profit,Gross Margin,TTM Revenue_y,TTM Operating Income,Operating Margin,TTM Revenue_x,TTM EBIT,EBIT Margin,TTM Revenue_y,TTM EBITDA,EBITDA Margin,TTM Revenue_x,TTM Pre-Tax Income,Pre-Tax Margin,TTM Revenue_y,TTM Net Income_x,Net Margin,TTM Net Income_y,Shareholder's Equity_y,Return on Equity,TTM Net Income_x,Tangible Equity,Return on Tangible Equity,TTM Net Income_y,Total Assets,Return on Assets,TTM Net Income,LT Investments & Debt,Return on Investment,revenue,cost-goods-sold,gross-profit,research-development-expenses,selling-general-administrative-expenses,operating-expenses,operating-income,total-non-operating-income-expense,pre-tax-income,total-provision-income-taxes,income-after-taxes,income-from-continuous-operations,net-income,ebitda,ebit,basic-shares-outstanding,shares-outstanding,eps-basic-net-earnings-per-share,eps-earnings-per-share-diluted,cash-on-hand,inventory,other-current-assets,total-current-assets,net-property-plant-equipment,long-term-investments,goodwill-intangible-assets-total,other-long-term-assets,total-long-term-assets,total-assets,total-current-liabilities,long-term-debt,other-non-current-liabilities,total-long-term-liabilities,total-liabilities,common-stock-net,retained-earnings-accumulated-deficit,comprehensive-income,total-share-holder-equity,total-liabilities-share-holders-equity,net-income-loss,total-depreciation-amortization-cash-flow,other-non-cash-items,total-non-cash-items,change-in-accounts-receivable,change-in-inventories,change-in-accounts-payable,change-in-assets-liabilities,total-change-in-assets-liabilities,cash-flow-from-operating-activities,net-change-in-property-plant-equipment,net-change-in-intangible-assets,net-acquisitions-divestitures,net-change-in-short-term-investments,net-change-in-long-term-investments,net-change-in-investments-total,investing-activities-other,cash-flow-from-investing-activities,net-long-term-debt,net-current-debt,debt-issuance-retirement-net-total,net-common-equity-issued-repurchased,net-total-equity-issued-repurchased,total-common-preferred-stock-dividends-paid,financial-activities-other,cash-flow-from-financial-activities,net-cash-flow,stock-based-compensation,common-stock-dividends-paid
0,2018-09-30,94.2,$23.79,3.96,$11.32,8.32,$10.75,8.76,$3.37,27.95,$0.06B,$0.01B,12.38,$0.00B,$0.09B,0.0,$0.04B,$0.03B,61.90%,$0.04B,$0.02B,45.24%,$0.04B,$0.02B,45.24%,$0.04B,$0.02B,52.38%,$0.04B,$0.02B,47.62%,$0.04B,$0.01B,28.57%,$0.01B,$0.09B,14.41%,$0.01B,$0.06B,23.08%,$0.01B,$0.10B,12.44%,$0.02B,$0.09B,22.82%,$10,$4,$6,$0,$2,$6,$4,$0,$4,$-2,$7,$7,$7,$5,$4,$4,4,$1.81,$1.80,$49,$5,$0,$59,$11,$0,$30,$0,$40,$99,$5,$0,$2,$6,$10,$0,$98,$-10,$89,$99,$15,$2,$-1,$2,$-1,$0,$-0,$0,$-4,$12,$1,$0,$0,$0,$0,$0,$0,$1,$0,$0,$0,$0,$0,$-3,$0,$-3,$9,$0,$-3
1,2018-06-30,110.15,$22.34,4.93,$11.26,9.78,$10.55,10.45,$2.54,43.37,$0.06B,$0.01B,10.67,$0.00B,$0.08B,0.0,$0.04B,$0.03B,61.90%,$0.04B,$0.02B,47.62%,$0.04B,$0.02B,47.62%,$0.04B,$0.02B,52.38%,$0.04B,$0.02B,50.00%,$0.04B,$0.01B,21.43%,$0.01B,$0.08B,11.08%,$0.01B,$0.05B,18.18%,$0.01B,$0.10B,9.52%,$0.02B,$0.08B,24.62%,$11,$4,$7,$0,$2,$6,$5,$1,$6,$1,$4,$4,$4,$6,$5,$4,4,$1.15,$1.15,$46,$5,$0,$56,$11,$0,$30,$0,$41,$97,$5,$0,$5,$8,$14,$0,$92,$-10,$83,$97,$8,$2,$-1,$1,$-1,$-0,$0,$-0,$-2,$8,$1,$0,$0,$0,$0,$0,$0,$1,$0,$0,$0,$0,$0,$-2,$0,$-2,$6,$0,$-2
2,2018-03-31,98.6,$22.18,4.45,$11.24,8.77,$10.35,9.53,$2.43,40.57,$0.05B,$0.01B,10.38,$0.00B,$0.08B,0.0,$0.04B,$0.03B,61.90%,$0.04B,$0.02B,47.62%,$0.04B,$0.02B,47.62%,$0.04B,$0.02B,52.38%,$0.04B,$0.02B,47.62%,$0.04B,$0.01B,21.43%,$0.01B,$0.08B,11.29%,$0.01B,$0.05B,18.95%,$0.01B,$0.10B,9.81%,$0.02B,$0.08B,25.08%,$11,$4,$7,$0,$2,$6,$5,$0,$5,$1,$4,$4,$4,$6,$5,$4,4,$1.10,$1.09,$43,$6,$0,$53,$12,$0,$32,$0,$44,$97,$5,$0,$3,$9,$15,$0,$89,$-7,$83,$97,$4,$1,$-0,$1,$-1,$-0,$0,$-0,$-1,$4,$-0,$0,$0,$0,$0,$0,$0,$-0,$0,$0,$0,$0,$0,$-1,$0,$-1,$3,$0,$-1
3,2017-12-31,80.96,$20.99,3.86,$11.09,7.3,$10.53,7.69,$2.29,35.35,$0.05B,$0.01B,9.32,$0.00B,$0.08B,0.0,$0.04B,$0.03B,63.41%,$0.04B,$0.02B,48.78%,$0.04B,$0.02B,48.78%,$0.04B,$0.02B,51.22%,$0.04B,$0.02B,48.78%,$0.04B,$0.01B,21.95%,$0.01B,$0.08B,11.65%,$0.01B,$0.05B,19.89%,$0.01B,$0.09B,10.23%,$0.02B,$0.08B,25.89%,$10,$4,$6,$0,$2,$6,$5,$0,$5,$7,$-3,$-3,$-3,$5,$5,$4,4,$-0.67,$-0.68,$40,$5,$0,$49,$12,$0,$32,$0,$44,$93,$5,$0,$6,$9,$15,$0,$86,$-8,$78,$93,$9,$3,$-1,$2,$-0,$-0,$0,$0,$6,$17,$-2,$0,$0,$0,$0,$0,$0,$-2,$0,$0,$0,$0,$0,$-3,$0,$-3,$14,$0,$-3
4,2017-09-30,72.91,$21.83,3.34,$10.71,6.81,$9.42,7.74,$3.68,19.81,$0.05B,$0.01B,9.27,$0.00B,$0.08B,0.0,$0.04B,$0.03B,62.50%,$0.04B,$0.02B,47.50%,$0.04B,$0.02B,47.50%,$0.04B,$0.02B,50.00%,$0.04B,$0.02B,47.50%,$0.04B,$0.02B,37.50%,$0.02B,$0.08B,20.00%,$0.02B,$0.05B,34.88%,$0.02B,$0.09B,17.91%,$0.02B,$0.08B,25.33%,$10,$4,$6,$0,$2,$5,$5,$0,$5,$1,$4,$4,$4,$5,$5,$4,4,$0.97,$0.97,$38,$5,$1,$48,$10,$0,$32,$0,$43,$91,$5,$0,$0,$4,$9,$0,$89,$-9,$81,$91,$11,$2,$-0,$2,$-1,$-0,$0,$0,$-1,$12,$-0,$0,$0,$0,$0,$0,$0,$-0,$0,$0,$0,$0,$0,$-2,$0,$-2,$11,$0,$-2
5,2017-06-30,71.51,$20.78,3.44,$10.56,6.77,$9.05,7.9,$3.49,20.49,$0.04B,$0.00B,9.97,$0.00B,$0.08B,0.0,$0.04B,$0.03B,62.50%,$0.04B,$0.02B,45.00%,$0.04B,$0.02B,45.00%,$0.04B,$0.02B,50.00%,$0.04B,$0.02B,45.00%,$0.04B,$0.01B,35.00%,$0.01B,$0.08B,19.18%,$0.01B,$0.05B,34.57%,$0.01B,$0.09B,17.13%,$0.02B,$0.08B,24.66%,$11,$4,$7,$0,$2,$6,$5,$0,$5,$1,$4,$4,$4,$6,$5,$4,4,$1.04,$1.04,$34,$5,$0,$44,$10,$0,$32,$0,$42,$86,$4,$0,$0,$4,$9,$0,$87,$-10,$77,$86,$7,$1,$-0,$1,$-1,$-0,$0,$0,$-1,$8,$-0,$0,$0,$0,$0,$0,$0,$-0,$0,$0,$0,$0,$0,$-1,$0,$-1,$7,$0,$-1
6,2017-03-31,61.3,$19.53,3.14,$10.44,5.87,$9.04,6.78,$3.31,18.52,$0.04B,$0.01B,7.55,$0.00B,$0.07B,0.0,$0.04B,$0.02B,61.54%,$0.04B,$0.02B,43.59%,$0.04B,$0.02B,43.59%,$0.04B,$0.02B,48.72%,$0.04B,$0.02B,43.59%,$0.04B,$0.01B,33.33%,$0.01B,$0.07B,18.18%,$0.01B,$0.04B,33.99%,$0.01B,$0.08B,16.15%,$0.02B,$0.07B,23.78%,$10,$4,$7,$0,$2,$6,$5,$0,$5,$1,$4,$4,$4,$5,$5,$4,4,$0.95,$0.95,$31,$5,$1,$41,$10,$0,$32,$0,$42,$82,$5,$0,$0,$4,$10,$0,$84,$-12,$73,$82,$4,$1,$-0,$1,$-1,$-0,$0,$-0,$0,$4,$-0,$0,$0,$0,$0,$0,$0,$-0,$0,$0,$0,$0,$0,$0,$0,$0,$4,$0,$0
7,2016-12-31,71.28,$18.65,3.82,$10.42,6.84,$8.99,7.93,$3.21,22.2,$0.03B,$0.00B,11.41,$0.00B,$0.07B,0.0,$0.04B,$0.02B,58.97%,$0.04B,$0.02B,41.03%,$0.04B,$0.02B,41.03%,$0.04B,$0.02B,48.72%,$0.04B,$0.02B,41.03%,$0.04B,$0.01B,30.77%,$0.01B,$0.07B,16.84%,$0.01B,$0.04B,32.88%,$0.01B,$0.08B,14.86%,$0.02B,$0.07B,22.46%,$9,$3,$5,$0,$2,$5,$4,$0,$4,$1,$3,$3,$3,$4,$4,$4,4,$0.72,$0.73,$26,$5,$0,$34,$10,$0,$32,$0,$42,$76,$3,$0,$0,$4,$7,$0,$81,$-12,$69,$76,$12,$3,$-0,$2,$0,$-0,$0,$1,$-0,$15,$-3,$-0,$0,$0,$0,$0,$0,$-3,$0,$0,$0,$-2,$-2,$-4,$0,$-6,$3,$0,$-4
8,2016-09-30,58.36,$19.32,3.02,$10.61,5.5,$9.62,6.07,$3.34,17.47,$0.04B,$0.01B,7.58,$0.00B,$0.07B,0.0,$0.04B,$0.02B,60.00%,$0.04B,$0.02B,40.00%,$0.04B,$0.02B,40.00%,$0.04B,$0.02B,50.00%,$0.04B,$0.02B,40.00%,$0.04B,$0.01B,30.00%,$0.01B,$0.07B,16.78%,$0.01B,$0.04B,34.29%,$0.01B,$0.08B,14.72%,$0.02B,$0.07B,22.38%,$10,$4,$6,$0,$2,$6,$4,$0,$4,$1,$3,$3,$3,$5,$4,$4,4,$0.78,$0.78,$32,$5,$0,$42,$7,$0,$34,$0,$41,$83,$6,$0,$0,$5,$10,$0,$79,$-10,$73,$83,$9,$2,$-0,$2,$-1,$-0,$0,$0,$-0,$11,$-0,$-0,$0,$0,$0,$0,$0,$-0,$0,$0,$0,$0,$0,$-2,$0,$-2,$8,$0,$-2
9,2016-06-30,61.23,$18.90,3.24,$10.69,5.73,$9.32,6.57,$3.37,18.17,$0.04B,$0.01B,7.57,$0.00B,$0.07B,0.0,$0.04B,$0.02B,60.00%,$0.04B,$0.02B,40.00%,$0.04B,$0.02B,40.00%,$0.04B,$0.02B,50.00%,$0.04B,$0.02B,40.00%,$0.04B,$0.01B,30.00%,$0.01B,$0.07B,17.08%,$0.01B,$0.04B,37.21%,$0.01B,$0.08B,14.86%,$0.02B,$0.07B,22.78%,$10,$4,$6,$0,$2,$6,$4,$0,$4,$1,$3,$3,$3,$5,$4,$4,4,$0.87,$0.86,$29,$4,$0,$39,$7,$0,$35,$0,$42,$81,$5,$0,$0,$5,$10,$0,$77,$-9,$71,$81,$6,$1,$-0,$1,$-0,$0,$0,$0,$-0,$8,$-0,$-0,$0,$0,$0,$0,$0,$-0,$0,$0,$0,$0,$0,$-1,$0,$-1,$6,$0,$-1
10,2016-03-31,60.54,$19.07,3.17,$10.67,5.67,$8.78,6.9,$3.28,18.46,$0.04B,$0.01B,6.04,$0.00B,$0.07B,0.0,$0.04B,$0.02B,60.00%,$0.04B,$0.02B,40.00%,$0.04B,$0.02B,40.00%,$0.04B,$0.02B,50.00%,$0.04B,$0.02B,40.00%,$0.04B,$0.01B,30.00%,$0.01B,$0.07B,17.27%,$0.01B,$0.03B,40.34%,$0.01B,$0.08B,14.91%,$0.02B,$0.07B,23.02%,$10,$4,$6,$0,$2,$6,$4,$0,$4,$1,$3,$3,$3,$5,$4,$4,4,$0.86,$0.85,$28,$4,$1,$38,$7,$0,$38,$0,$45,$83,$6,$0,$0,$5,$12,$0,$75,$-6,$72,$83,$3,$1,$-0,$1,$-1,$-0,$0,$-0,$0,$4,$-0,$-0,$0,$0,$0,$0,$0,$-0,$0,$0,$0,$0,$0,$0,$0,$0,$4,$0,$0
11,2015-12-31,56.43,$18.57,3.04,$10.65,5.3,$8.26,6.83,$3.14,17.97,$0.03B,$0.00B,8.09,$0.00B,$0.07B,0.0,$0.04B,$0.02B,60.00%,$0.04B,$0.02B,40.00%,$0.04B,$0.02B,40.00%,$0.04B,$0.02B,50.00%,$0.04B,$0.02B,40.00%,$0.04B,$0.01B,30.00%,$0.01B,$0.07B,17.78%,$0.01B,$0.03B,44.44%,$0.01B,$0.08B,15.29%,$0.02B,$0.07B,23.70%,$10,$4,$6,$0,$2,$6,$4,$0,$4,$1,$3,$3,$3,$5,$4,$4,4,$0.86,$0.85,$23,$4,$0,$33,$7,$0,$39,$0,$46,$79,$4,$0,$0,$5,$10,$0,$73,$-6,$70,$79,$12,$3,$-1,$2,$0,$0,$-0,$-0,$-0,$14,$-0,$-0,$0,$0,$0,$0,$0,$-0,$-5,$0,$-5,$-0,$-0,$-4,$0,$-9,$4,$0,$-4
12,2015-09-30,51.69,$18.23,2.84,$10.82,4.78,$8.44,6.13,$3.09,16.73,$0.03B,$0.01B,5.63,$0.00B,$0.07B,0.0,$0.04B,$0.02B,60.00%,$0.04B,$0.02B,40.00%,$0.04B,$0.02B,40.00%,$0.04B,$0.02B,50.00%,$0.04B,$0.02B,40.00%,$0.04B,$0.01B,30.00%,$0.01B,$0.07B,18.11%,$0.01B,$0.03B,48.98%,$0.01B,$0.08B,15.19%,$0.02B,$0.07B,24.06%,$10,$4,$6,$0,$2,$6,$4,$0,$4,$1,$3,$3,$3,$5,$4,$4,4,$0.81,$0.81,$22,$4,$0,$32,$8,$0,$40,$0,$48,$80,$6,$0,$0,$6,$12,$0,$71,$-5,$68,$80,$9,$2,$-0,$2,$-1,$0,$0,$-0,$-1,$10,$-0,$-0,$0,$0,$0,$0,$0,$-0,$-5,$0,$-5,$-0,$-0,$-2,$0,$-7,$2,$0,$-2
13,2015-06-30,56.93,$18.15,3.14,$11.03,5.16,$8.48,6.71,$3.03,18.79,$0.03B,$0.01B,5.62,$0.00B,$0.07B,0.0,$0.04B,$0.02B,58.54%,$0.04B,$0.02B,39.02%,$0.04B,$0.02B,39.02%,$0.04B,$0.02B,48.78%,$0.04B,$0.02B,39.02%,$0.04B,$0.01B,29.27%,$0.01B,$0.07B,18.39%,$0.01B,$0.03B,53.93%,$0.01B,$0.08B,15.09%,$0.02B,$0.07B,24.24%,$10,$4,$6,$0,$2,$6,$4,$-0,$4,$1,$3,$3,$3,$5,$4,$4,4,$0.78,$0.77,$19,$4,$1,$30,$8,$0,$42,$0,$50,$80,$5,$0,$0,$6,$12,$0,$69,$-3,$68,$80,$6,$2,$-0,$1,$-1,$0,$0,$0,$-1,$6,$-0,$-0,$0,$0,$0,$0,$0,$-0,$-5,$0,$-5,$0,$0,$-1,$0,$-6,$-0,$0,$-1
14,2015-03-31,56.9,$17.01,3.34,$11.05,5.15,$8.29,6.86,$3.01,18.9,$0.03B,$0.01B,5.0,$0.00B,$0.06B,0.0,$0.04B,$0.02B,58.54%,$0.04B,$0.02B,39.02%,$0.04B,$0.02B,39.02%,$0.04B,$0.02B,48.78%,$0.04B,$0.02B,39.02%,$0.04B,$0.01B,29.27%,$0.01B,$0.06B,18.60%,$0.01B,$0.02B,60.00%,$0.01B,$0.08B,14.91%,$0.02B,$0.06B,24.24%,$10,$4,$6,$0,$2,$6,$4,$-0,$4,$1,$3,$3,$3,$5,$4,$4,4,$0.71,$0.71,$16,$5,$0,$27,$8,$0,$41,$0,$49,$75,$5,$0,$0,$6,$12,$0,$67,$-6,$64,$75,$3,$1,$-0,$1,$-0,$-0,$-0,$-0,$-1,$2,$-0,$-0,$0,$0,$0,$0,$0,$-0,$-5,$0,$-5,$0,$0,$0,$0,$-5,$-3,$0,$0
15,2014-12-31,56.84,$17.22,3.3,$10.94,5.2,$8.05,7.06,$3.02,18.82,$0.03B,$0.01B,3.31,$0.00B,$0.07B,0.02,$0.04B,$0.02B,58.54%,$0.04B,$0.02B,39.02%,$0.04B,$0.02B,39.02%,$0.04B,$0.02B,48.78%,$0.04B,$0.02B,39.02%,$0.04B,$0.01B,29.27%,$0.01B,$0.07B,18.68%,$0.01B,$0.02B,66.67%,$0.01B,$0.08B,14.55%,$0.02B,$0.07B,23.97%,$10,$4,$6,$0,$2,$6,$4,$-0,$4,$1,$3,$3,$3,$5,$4,$4,4,$0.80,$0.80,$19,$5,$0,$30,$8,$0,$43,$0,$51,$81,$9,$1,$0,$8,$17,$0,$65,$-3,$65,$81,$11,$3,$-0,$3,$-0,$-0,$0,$-0,$1,$15,$-1,$-0,$0,$0,$0,$0,$0,$-1,$-4,$0,$-4,$-1,$-1,$-4,$0,$-8,$5,$0,$-4
16,2014-09-30,45.94,$17.16,2.68,$10.89,4.22,$7.44,6.17,$3.14,14.63,$0.03B,$0.01B,3.12,$0.00B,$0.06B,0.03,$0.04B,$0.02B,58.54%,$0.04B,$0.02B,39.02%,$0.04B,$0.02B,39.02%,$0.04B,$0.02B,46.34%,$0.04B,$0.02B,36.59%,$0.04B,$0.01B,29.27%,$0.01B,$0.06B,18.97%,$0.01B,$0.02B,76.19%,$0.01B,$0.08B,14.55%,$0.02B,$0.07B,23.97%,$11,$5,$6,$0,$2,$7,$4,$-0,$4,$1,$3,$3,$3,$5,$4,$4,4,$0.75,$0.75,$18,$5,$1,$29,$8,$0,$45,$0,$54,$82,$9,$2,$0,$9,$18,$0,$63,$-1,$64,$82,$8,$3,$-0,$2,$-0,$-0,$0,$-0,$0,$11,$-1,$0,$0,$0,$0,$0,$0,$-1,$-3,$0,$-3,$-1,$-1,$-2,$0,$-5,$4,$0,$-2
17,2014-06-30,48.23,$17.36,2.78,$10.70,4.51,$7.15,6.75,$3.07,15.71,$0.03B,$0.01B,3.1,$0.00B,$0.07B,0.05,$0.04B,$0.02B,60.00%,$0.04B,$0.02B,40.00%,$0.04B,$0.02B,40.00%,$0.04B,$0.02B,45.00%,$0.04B,$0.02B,37.50%,$0.04B,$0.01B,30.00%,$0.01B,$0.07B,19.51%,$0.01B,$0.02B,90.57%,$0.01B,$0.08B,14.59%,$0.02B,$0.07B,24.24%,$10,$4,$6,$0,$2,$6,$4,$-0,$4,$1,$3,$3,$3,$5,$4,$4,4,$0.76,$0.75,$16,$5,$1,$27,$9,$0,$48,$0,$57,$84,$9,$3,$0,$10,$19,$0,$61,$1,$65,$84,$6,$2,$-0,$1,$-1,$-0,$0,$0,$-1,$6,$-1,$0,$0,$0,$0,$0,$0,$-1,$-2,$0,$-2,$-1,$-1,$-1,$0,$-3,$2,$0,$-1
18,2014-03-31,53.97,$16.76,3.22,$10.57,5.1,$7.15,7.55,$3.02,17.87,$0.03B,$0.01B,3.08,$0.00B,$0.06B,0.07,$0.04B,$0.02B,60.00%,$0.04B,$0.02B,40.00%,$0.04B,$0.02B,40.00%,$0.04B,$0.02B,45.00%,$0.04B,$0.02B,37.50%,$0.04B,$0.01B,30.00%,$0.01B,$0.06B,20.51%,$0.01B,$0.02B,111.63%,$0.01B,$0.08B,14.95%,$0.02B,$0.07B,25.10%,$10,$4,$6,$0,$2,$6,$4,$-0,$4,$1,$3,$3,$3,$5,$4,$4,4,$0.73,$0.72,$15,$5,$1,$26,$9,$0,$48,$0,$57,$83,$9,$4,$0,$11,$20,$0,$59,$0,$63,$83,$3,$1,$-0,$1,$-1,$-1,$-0,$-0,$-1,$2,$-1,$0,$0,$0,$0,$0,$0,$-1,$-1,$0,$-1,$0,$0,$0,$0,$-1,$1,$0,$0
19,2013-12-31,53.1,$16.19,3.28,$10.74,4.94,$7.53,7.06,$3.03,17.53,$0.02B,$0.01B,3.19,$0.01B,$0.06B,0.08,$0.04B,$0.02B,60.00%,$0.04B,$0.02B,40.00%,$0.04B,$0.02B,40.00%,$0.04B,$0.02B,45.00%,$0.04B,$0.02B,37.50%,$0.04B,$0.01B,30.00%,$0.01B,$0.06B,21.62%,$0.01B,$0.01B,150.00%,$0.01B,$0.08B,15.29%,$0.02B,$0.07B,26.02%,$10,$4,$6,$0,$2,$7,$4,$-0,$3,$0,$3,$3,$3,$4,$4,$4,4,$0.92,$0.91,$14,$5,$0,$24,$8,$0,$48,$0,$56,$81,$8,$5,$0,$13,$20,$0,$57,$0,$61,$81,$11,$3,$-1,$2,$0,$-0,$-0,$-1,$-1,$12,$-0,$-0,$0,$0,$0,$0,$0,$-0,$-4,$0,$-4,$1,$1,$-4,$0,$-7,$6,$0,$-4
20,2013-09-30,54.95,$15.27,3.6,$10.72,5.13,$7.94,6.92,$2.72,20.2,$0.03B,$0.01B,2.66,$0.01B,$0.06B,0.11,$0.04B,$0.02B,60.00%,$0.04B,$0.02B,40.00%,$0.04B,$0.02B,40.00%,$0.04B,$0.02B,45.00%,$0.04B,$0.02B,37.50%,$0.04B,$0.01B,27.50%,$0.01B,$0.06B,20.75%,$0.01B,$0.01B,209.52%,$0.01B,$0.08B,14.19%,$0.02B,$0.06B,26.67%,$10,$4,$6,$0,$2,$6,$4,$-0,$4,$1,$3,$3,$3,$4,$4,$4,4,$0.69,$0.68,$14,$5,$0,$25,$8,$0,$48,$0,$56,$81,$9,$6,$0,$14,$24,$0,$55,$-1,$57,$81,$8,$2,$-1,$2,$-0,$-0,$0,$-1,$-1,$9,$-0,$-0,$0,$0,$0,$0,$0,$-0,$-3,$0,$-3,$1,$1,$-2,$0,$-4,$5,$0,$-2
21,2013-06-30,49.96,$14.12,3.54,$10.88,4.59,$8.37,5.97,$2.77,18.03,$0.02B,$0.01B,2.59,$0.01B,$0.05B,0.13,$0.04B,$0.02B,60.00%,$0.04B,$0.02B,40.00%,$0.04B,$0.02B,40.00%,$0.04B,$0.02B,47.50%,$0.04B,$0.02B,37.50%,$0.04B,$0.01B,27.50%,$0.01B,$0.05B,21.57%,$0.01B,$0.01B,440.00%,$0.01B,$0.08B,14.29%,$0.02B,$0.06B,27.23%,$10,$4,$6,$0,$2,$6,$4,$-0,$4,$1,$3,$3,$3,$5,$4,$4,4,$0.71,$0.70,$11,$4,$0,$22,$8,$0,$46,$0,$54,$76,$9,$7,$0,$15,$24,$0,$53,$-3,$53,$76,$5,$2,$-0,$1,$-1,$0,$-0,$-0,$-2,$5,$-0,$-0,$0,$0,$0,$0,$0,$-0,$-2,$0,$-2,$0,$0,$-1,$0,$-2,$3,$0,$-1
22,2013-03-31,44.64,$13.63,3.28,$10.93,4.09,$8.79,5.08,$2.72,16.41,$0.02B,$0.01B,2.39,$0.01B,$0.05B,0.15,$0.04B,$0.02B,60.00%,$0.04B,$0.02B,40.00%,$0.04B,$0.02B,40.00%,$0.04B,$0.02B,45.00%,$0.04B,$0.01B,35.00%,$0.04B,$0.01B,25.00%,$0.01B,$0.05B,20.30%,$0.01B,$0.00B,-4000.00%,$0.01B,$0.08B,12.94%,$0.02B,$0.06B,27.47%,$10,$4,$6,$0,$2,$6,$4,$-0,$4,$1,$3,$3,$3,$5,$4,$4,4,$0.74,$0.73,$11,$4,$0,$22,$8,$0,$47,$0,$55,$76,$9,$8,$0,$17,$26,$0,$51,$-3,$51,$76,$3,$1,$-0,$1,$-1,$-0,$0,$-0,$-1,$3,$-0,$0,$0,$0,$0,$0,$0,$-0,$-1,$0,$-1,$0,$0,$0,$0,$-1,$2,$0,$0
23,2012-12-31,32.83,$13.77,2.39,$11.22,2.93,$9.00,3.65,$2.75,11.94,$0.02B,$0.01B,2.37,$0.01B,$0.05B,0.18,$0.04B,$0.03B,60.98%,$0.04B,$0.02B,39.02%,$0.04B,$0.02B,39.02%,$0.04B,$0.02B,43.90%,$0.04B,$0.01B,34.15%,$0.04B,$0.01B,24.39%,$0.01B,$0.05B,20.94%,$0.01B,$0.00B,-333.33%,$0.01B,$0.08B,12.78%,$0.02B,$0.06B,27.35%,$10,$4,$6,$0,$2,$6,$4,$-0,$3,$1,$2,$2,$2,$4,$4,$4,4,$0.62,$0.60,$9,$4,$0,$19,$8,$0,$50,$0,$58,$77,$8,$9,$0,$18,$26,$0,$50,$-1,$51,$77,$10,$3,$-0,$3,$1,$1,$0,$-1,$0,$14,$-0,$-0,$0,$0,$0,$0,$0,$-0,$-9,$0,$-9,$1,$1,$-4,$0,$-11,$2,$0,$-4
24,2012-09-30,30.75,$13.19,2.33,$11.28,2.72,$8.46,3.63,$2.65,11.6,$0.02B,$0.01B,1.76,$0.01B,$0.05B,0.19,$0.04B,$0.03B,60.98%,$0.04B,$0.02B,36.59%,$0.04B,$0.02B,36.59%,$0.04B,$0.02B,43.90%,$0.04B,$0.01B,34.15%,$0.04B,$0.01B,24.39%,$0.01B,$0.05B,22.10%,$0.01B,$-0.00B,-173.91%,$0.01B,$0.08B,12.82%,$0.02B,$0.06B,25.97%,$10,$4,$6,$0,$2,$7,$4,$-0,$4,$1,$3,$3,$3,$5,$4,$4,4,$0.74,$0.73,$9,$5,$0,$20,$8,$0,$50,$0,$59,$79,$11,$9,$0,$19,$30,$0,$48,$-2,$49,$79,$8,$2,$-1,$2,$-0,$0,$0,$-0,$1,$10,$-0,$-0,$0,$0,$0,$0,$0,$-0,$-7,$0,$-7,$1,$1,$-2,$0,$-8,$3,$0,$-2
25,2012-06-30,30.12,$12.36,2.44,$11.43,2.64,$7.80,3.86,$2.53,11.9,$0.02B,$0.01B,1.74,$0.01B,$0.05B,0.25,$0.04B,$0.03B,61.90%,$0.04B,$0.02B,35.71%,$0.04B,$0.02B,35.71%,$0.04B,$0.02B,40.48%,$0.04B,$0.01B,30.95%,$0.04B,$0.01B,21.43%,$0.01B,$0.05B,20.93%,$0.01B,$-0.00B,-109.09%,$0.01B,$0.08B,11.54%,$0.02B,$0.06B,25.86%,$10,$4,$6,$0,$2,$6,$4,$-0,$3,$1,$2,$2,$2,$4,$4,$4,4,$0.65,$0.65,$8,$5,$0,$19,$9,$0,$50,$0,$58,$77,$11,$11,$0,$21,$31,$0,$46,$-3,$46,$77,$5,$2,$-0,$1,$-0,$0,$0,$-0,$0,$7,$-0,$-0,$0,$0,$0,$0,$0,$-0,$-5,$0,$-5,$1,$1,$-1,$0,$-5,$1,$0,$-1
26,2012-03-31,27.73,$12.14,2.28,$11.57,2.4,$7.25,3.83,$2.42,11.46,$0.02B,$0.01B,1.69,$0.01B,$0.05B,0.32,$0.04B,$0.03B,61.90%,$0.04B,$0.01B,33.33%,$0.04B,$0.01B,33.33%,$0.04B,$0.02B,40.48%,$0.04B,$0.01B,30.95%,$0.04B,$0.01B,21.43%,$0.01B,$0.05B,21.69%,$0.01B,$-0.01B,-83.72%,$0.01B,$0.08B,11.39%,$0.01B,$0.06B,23.73%,$11,$4,$7,$0,$2,$7,$4,$-0,$4,$1,$3,$3,$3,$5,$4,$4,4,$0.76,$0.76,$8,$5,$0,$20,$9,$0,$51,$0,$60,$80,$12,$14,$1,$24,$35,$0,$45,$-2,$45,$80,$3,$1,$-0,$1,$-1,$0,$0,$-0,$0,$3,$-0,$-0,$0,$0,$0,$0,$0,$-0,$-2,$0,$-2,$1,$1,$0,$0,$-2,$2,$0,$0
27,2011-12-31,23.89,$11.20,2.13,$10.39,2.3,$7.09,3.37,$2.03,11.77,$0.02B,$0.01B,1.77,$0.02B,$0.04B,0.4,$0.04B,$0.02B,60.53%,$0.04B,$0.01B,31.58%,$0.04B,$0.01B,31.58%,$0.04B,$0.01B,36.84%,$0.04B,$0.01B,28.95%,$0.04B,$0.01B,18.42%,$0.01B,$0.04B,17.61%,$0.01B,$-0.01B,-53.85%,$0.01B,$0.08B,8.81%,$0.01B,$0.06B,20.17%,$10,$4,$6,$0,$3,$7,$3,$-0,$3,$1,$2,$2,$2,$4,$3,$4,4,$0.50,$0.51,$7,$5,$0,$17,$9,$0,$51,$0,$59,$76,$10,$16,$1,$26,$36,$0,$43,$-3,$41,$76,$7,$3,$-0,$2,$1,$-1,$-1,$1,$2,$11,$-0,$-0,$-41,$0,$15,$15,$0,$-27,$21,$0,$21,$0,$0,$-3,$0,$18,$3,$0,$-3
28,2011-09-30,23.22,$11.10,2.09,$9.38,2.48,$5.58,4.16,$1.93,12.03,$0.02B,$0.01B,1.69,$0.02B,$0.04B,0.46,$0.03B,$0.02B,58.82%,$0.03B,$0.01B,32.35%,$0.03B,$0.01B,32.35%,$0.03B,$0.01B,35.29%,$0.03B,$0.01B,29.41%,$0.03B,$0.01B,20.59%,$0.01B,$0.04B,17.95%,$0.01B,$-0.01B,-233.33%,$0.01B,$0.08B,9.89%,$0.01B,$0.06B,20.00%,$11,$4,$7,$0,$3,$7,$4,$-0,$3,$1,$2,$2,$2,$4,$4,$4,4,$0.62,$0.61,$7,$5,$0,$18,$9,$0,$52,$0,$61,$79,$10,$19,$0,$28,$39,$0,$42,$-2,$40,$79,$6,$2,$-0,$2,$0,$-1,$-0,$0,$1,$8,$-0,$-0,$-41,$0,$15,$15,$0,$-27,$23,$0,$23,$0,$0,$-2,$0,$22,$3,$0,$-2
29,2011-06-30,22.82,$11.00,2.07,$8.13,2.81,$4.60,4.96,$1.74,13.11,$0.02B,$0.01B,1.71,$0.02B,$0.04B,0.52,$0.03B,$0.02B,55.17%,$0.03B,$0.01B,31.03%,$0.03B,$0.01B,31.03%,$0.03B,$0.01B,34.48%,$0.03B,$0.01B,31.03%,$0.03B,$0.01B,24.14%,$0.01B,$0.04B,17.95%,$0.01B,$-0.01B,87.50%,$0.01B,$0.08B,11.29%,$0.01B,$0.06B,17.82%,$10,$4,$6,$0,$3,$7,$3,$-0,$3,$1,$2,$2,$2,$4,$3,$4,4,$0.55,$0.54,$6,$5,$0,$17,$10,$0,$54,$0,$64,$81,$10,$21,$1,$31,$41,$0,$41,$-1,$40,$81,$3,$1,$-0,$1,$0,$-1,$-0,$0,$0,$4,$-0,$-0,$-41,$0,$15,$15,$0,$-27,$25,$0,$25,$0,$0,$-1,$0,$25,$2,$0,$-1
30,2011-03-31,24.89,$10.60,2.35,$7.00,3.56,$4.22,5.9,$1.60,15.56,$0.02B,$0.01B,1.6,$0.02B,$0.04B,0.58,$0.03B,$0.01B,52.00%,$0.03B,$0.01B,32.00%,$0.03B,$0.01B,32.00%,$0.03B,$0.01B,32.00%,$0.03B,$0.01B,32.00%,$0.03B,$0.01B,24.00%,$0.01B,$0.04B,15.48%,$0.01B,$-0.02B,30.77%,$0.01B,$0.08B,11.43%,$0.01B,$0.06B,17.68%,$7,$3,$4,$0,$1,$5,$2,$-0,$2,$1,$1,$1,$1,$2,$2,$4,4,$0.37,$0.37,$7,$5,$0,$18,$9,$0,$55,$0,$64,$82,$11,$22,$1,$32,$44,$0,$39,$-1,$38,$82,$1,$0,$0,$0,$0,$-0,$0,$0,$1,$3,$-0,$-0,$-41,$0,$15,$15,$0,$-26,$27,$0,$27,$0,$0,$0,$0,$27,$3,$0,$0
31,2010-12-31,22.95,$10.44,2.2,$6.90,3.33,$4.05,5.67,$1.65,13.91,$0.03B,$0.00B,13.21,$0.00B,$0.04B,0.02,$0.02B,$0.01B,50.00%,$0.02B,$0.01B,33.33%,$0.02B,$0.01B,33.33%,$0.02B,$0.01B,33.33%,$0.02B,$0.01B,33.33%,$0.02B,$0.01B,29.17%,$0.01B,$0.04B,17.95%,$0.01B,$0.03B,22.40%,$0.01B,$0.04B,16.28%,$0.01B,$0.04B,20.00%,$6,$3,$3,$0,$1,$4,$2,$0,$2,$1,$2,$2,$2,$2,$2,$4,4,$0.42,$0.41,$19,$3,$0,$25,$9,$0,$7,$0,$16,$41,$2,$1,$0,$2,$3,$0,$39,$-1,$38,$41,$6,$1,$0,$1,$0,$0,$0,$-0,$0,$7,$-2,$-0,$0,$0,$4,$4,$0,$3,$-0,$0,$-0,$-0,$-0,$-6,$0,$-6,$3,$0,$-6
32,2010-09-30,24.14,$11.00,2.19,$6.98,3.46,$4.37,5.53,$1.66,14.54,$0.03B,$0.00B,10.54,$0.00B,$0.04B,0.03,$0.02B,$0.01B,50.00%,$0.02B,$0.01B,33.33%,$0.02B,$0.01B,33.33%,$0.02B,$0.01B,37.50%,$0.02B,$0.01B,33.33%,$0.02B,$0.01B,29.17%,$0.01B,$0.04B,17.95%,$0.01B,$0.03B,22.22%,$0.01B,$0.04B,16.18%,$0.01B,$0.04B,20.00%,$6,$3,$3,$0,$1,$4,$2,$0,$2,$1,$2,$2,$2,$2,$2,$4,4,$0.42,$0.42,$21,$3,$0,$28,$9,$0,$7,$0,$16,$44,$3,$1,$0,$2,$4,$0,$41,$-1,$40,$44,$5,$0,$0,$0,$0,$0,$0,$0,$1,$5,$-1,$-0,$0,$0,$1,$1,$0,$0,$-0,$0,$-0,$-0,$-0,$-2,$0,$-2,$3,$0,$-2
33,2010-06-30,20.4,$10.75,1.9,$7.11,2.87,$4.55,4.48,$1.68,12.14,$0.03B,$0.00B,11.56,$0.00B,$0.04B,0.03,$0.03B,$0.01B,48.00%,$0.03B,$0.01B,32.00%,$0.03B,$0.01B,32.00%,$0.03B,$0.01B,40.00%,$0.03B,$0.01B,32.00%,$0.03B,$0.01B,28.00%,$0.01B,$0.04B,18.30%,$0.01B,$0.03B,22.58%,$0.01B,$0.04B,16.37%,$0.01B,$0.04B,20.25%,$6,$3,$3,$0,$1,$4,$2,$0,$2,$1,$1,$1,$1,$2,$2,$4,4,$0.40,$0.40,$21,$3,$0,$28,$8,$0,$7,$0,$15,$43,$2,$1,$0,$2,$4,$0,$40,$-2,$39,$43,$3,$0,$0,$0,$0,$0,$0,$-0,$0,$4,$-1,$0,$0,$0,$1,$1,$0,$0,$-0,$0,$-0,$0,$0,$-1,$0,$-1,$3,$0,$-1
34,2010-03-31,22.82,$10.69,2.14,$7.13,3.2,$4.37,5.22,$1.70,13.42,$0.03B,$0.00B,8.78,$0.00B,$0.04B,0.03,$0.03B,$0.01B,48.00%,$0.03B,$0.01B,32.00%,$0.03B,$0.01B,32.00%,$0.03B,$0.01B,40.00%,$0.03B,$0.01B,32.00%,$0.03B,$0.01B,32.00%,$0.01B,$0.04B,21.33%,$0.01B,$0.03B,26.45%,$0.01B,$0.04B,19.05%,$0.01B,$0.04B,20.51%,$6,$3,$3,$0,$1,$4,$2,$0,$2,$1,$2,$2,$2,$2,$2,$4,4,$0.42,$0.42,$22,$3,$0,$29,$8,$0,$7,$0,$15,$44,$3,$1,$0,$2,$5,$0,$40,$-1,$39,$44,$2,$0,$0,$0,$0,$-0,$0,$-0,$1,$2,$-0,$0,$0,$0,$-1,$-1,$0,$-1,$-0,$0,$-0,$0,$0,$0,$0,$0,$2,$0,$0
35,2009-12-31,23.6,$10.52,2.24,$7.15,3.3,$4.41,5.34,$1.72,13.72,$0.03B,$0.00B,14.9,$0.00B,$0.04B,0.04,$0.03B,$0.01B,52.00%,$0.03B,$0.01B,32.00%,$0.03B,$0.01B,32.00%,$0.03B,$0.01B,44.00%,$0.03B,$0.01B,32.00%,$0.03B,$0.01B,32.00%,$0.01B,$0.04B,21.92%,$0.01B,$0.03B,27.12%,$0.01B,$0.04B,19.39%,$0.01B,$0.04B,20.92%,$6,$3,$3,$0,$1,$4,$2,$-0,$2,$1,$2,$2,$2,$3,$2,$4,4,$0.42,$0.42,$19,$3,$0,$26,$8,$0,$7,$0,$16,$42,$2,$1,$0,$2,$4,$0,$39,$-1,$38,$42,$6,$1,$0,$1,$0,$-0,$-0,$0,$0,$7,$-0,$-0,$0,$0,$-3,$-3,$0,$-3,$-0,$0,$-0,$0,$0,$-3,$0,$-4,$0,$0,$-3
36,2009-09-30,23.41,$10.33,2.27,$7.06,3.32,$4.48,5.22,$1.72,13.61,$0.03B,$0.00B,8.84,$0.00B,$0.04B,0.04,$0.03B,$0.01B,50.00%,$0.03B,$0.01B,30.77%,$0.03B,$0.01B,30.77%,$0.03B,$0.01B,38.46%,$0.03B,$0.01B,30.77%,$0.03B,$0.01B,30.77%,$0.01B,$0.04B,22.38%,$0.01B,$0.03B,28.07%,$0.01B,$0.04B,19.75%,$0.01B,$0.04B,21.19%,$7,$3,$3,$0,$1,$4,$2,$0,$2,$1,$2,$2,$2,$3,$2,$4,4,$0.45,$0.44,$19,$4,$0,$26,$8,$0,$7,$0,$16,$42,$3,$1,$0,$2,$5,$0,$38,$-1,$37,$42,$5,$0,$-0,$0,$0,$-1,$-0,$-0,$0,$5,$-0,$-0,$0,$0,$-2,$-2,$0,$-2,$-0,$0,$-0,$-0,$-0,$-2,$0,$-2,$1,$0,$-2
37,2009-06-30,21.16,$10.04,2.11,$7.07,2.99,$4.64,4.56,$1.75,12.09,$0.03B,$0.00B,10.55,$0.00B,$0.04B,0.04,$0.03B,$0.01B,53.85%,$0.03B,$0.01B,34.62%,$0.03B,$0.01B,34.62%,$0.03B,$0.01B,38.46%,$0.03B,$0.01B,34.62%,$0.03B,$0.01B,30.77%,$0.01B,$0.04B,21.92%,$0.01B,$0.03B,27.35%,$0.01B,$0.04B,19.28%,$0.01B,$0.04B,23.38%,$6,$3,$3,$0,$1,$4,$2,$0,$2,$1,$2,$2,$2,$2,$2,$4,4,$0.42,$0.42,$17,$4,$0,$25,$8,$0,$7,$0,$16,$40,$2,$2,$0,$2,$4,$0,$37,$-1,$36,$40,$3,$0,$-0,$0,$0,$-1,$-0,$-0,$-1,$2,$-0,$-0,$0,$0,$-0,$-0,$0,$-1,$-0,$0,$-0,$-0,$-0,$-1,$0,$-1,$1,$0,$-1
38,2009-03-31,18.04,$9.81,1.84,$7.14,2.53,$4.78,3.77,$1.82,9.91,$0.03B,$0.00B,7.35,$0.00B,$0.04B,0.04,$0.03B,$0.02B,55.56%,$0.03B,$0.01B,37.04%,$0.03B,$0.01B,37.04%,$0.03B,$0.01B,40.74%,$0.03B,$0.01B,37.04%,$0.03B,$0.01B,29.63%,$0.01B,$0.04B,21.33%,$0.01B,$0.03B,26.67%,$0.01B,$0.04B,18.60%,$0.01B,$0.04B,25.16%,$6,$3,$4,$0,$1,$4,$2,$0,$2,$1,$2,$2,$2,$3,$2,$4,4,$0.44,$0.44,$18,$4,$0,$26,$8,$0,$7,$0,$15,$41,$3,$2,$0,$2,$5,$0,$37,$-1,$35,$41,$2,$0,$-0,$0,$0,$-0,$0,$-0,$1,$2,$-0,$-0,$0,$0,$-1,$-1,$0,$-1,$-0,$0,$-0,$0,$0,$0,$0,$-0,$1,$0,$0
39,2008-12-31,17.05,$9.66,1.76,$7.11,2.4,$4.58,3.72,$1.86,9.17,$0.02B,$0.00B,13.17,$0.00B,$0.04B,0.05,$0.03B,$0.02B,53.57%,$0.03B,$0.01B,39.29%,$0.03B,$0.01B,39.29%,$0.03B,$0.01B,39.29%,$0.03B,$0.01B,39.29%,$0.03B,$0.01B,28.57%,$0.01B,$0.04B,20.78%,$0.01B,$0.03B,25.81%,$0.01B,$0.04B,17.98%,$0.01B,$0.04B,26.67%,$7,$3,$3,$0,$1,$4,$2,$0,$2,$1,$2,$2,$2,$2,$2,$4,4,$0.42,$0.42,$16,$3,$0,$23,$8,$0,$7,$0,$16,$39,$2,$2,$0,$2,$4,$0,$36,$-1,$35,$39,$7,$1,$-0,$1,$0,$-0,$0,$0,$0,$8,$-0,$-0,$0,$0,$5,$5,$0,$5,$-2,$0,$-2,$-8,$-8,$-4,$0,$-14,$-1,$0,$-4
40,2008-09-30,21.17,$10.39,2.04,$7.19,2.95,$4.44,4.77,$1.93,10.97,$0.03B,$0.00B,9.61,$0.00B,$0.04B,0.06,$0.03B,$0.02B,57.14%,$0.03B,$0.01B,42.86%,$0.03B,$0.01B,42.86%,$0.03B,$0.01B,42.86%,$0.03B,$0.01B,42.86%,$0.03B,$0.01B,28.57%,$0.01B,$0.04B,20.25%,$0.01B,$0.03B,25.00%,$0.01B,$0.05B,17.30%,$0.01B,$0.04B,28.24%,$7,$3,$4,$0,$1,$4,$3,$-0,$3,$1,$2,$2,$2,$3,$3,$4,4,$0.47,$0.47,$22,$4,$0,$30,$8,$0,$7,$0,$16,$46,$3,$2,$0,$3,$6,$0,$41,$-1,$40,$46,$6,$0,$-0,$0,$0,$-0,$0,$0,$-0,$6,$-0,$-0,$0,$0,$-0,$-0,$0,$-1,$-2,$0,$-2,$-2,$-2,$-3,$0,$-6,$-0,$0,$-3
41,2008-06-30,21.71,$10.22,2.12,$7.13,3.04,$4.26,5.1,$1.97,11.02,$0.03B,$0.00B,9.86,$0.00B,$0.04B,0.08,$0.03B,$0.02B,57.14%,$0.03B,$0.01B,42.86%,$0.03B,$0.01B,42.86%,$0.03B,$0.01B,42.86%,$0.03B,$0.01B,42.86%,$0.03B,$0.01B,28.57%,$0.01B,$0.04B,20.51%,$0.01B,$0.03B,25.40%,$0.01B,$0.05B,17.30%,$0.01B,$0.04B,28.24%,$7,$3,$4,$0,$1,$4,$3,$0,$3,$1,$2,$2,$2,$3,$3,$4,4,$0.49,$0.49,$21,$4,$0,$30,$9,$0,$7,$0,$16,$46,$3,$3,$0,$3,$6,$0,$41,$-1,$40,$46,$4,$0,$-0,$-0,$-0,$-0,$0,$0,$-1,$3,$-0,$-0,$0,$0,$0,$0,$0,$0,$-1,$0,$-1,$-1,$-1,$-2,$0,$-4,$-1,$0,$-2
42,2008-03-31,22.4,$10.05,2.23,$7.12,3.15,$4.20,5.33,$1.98,11.31,$0.03B,$0.00B,8.18,$0.00B,$0.04B,0.09,$0.03B,$0.02B,57.14%,$0.03B,$0.01B,42.86%,$0.03B,$0.01B,42.86%,$0.03B,$0.01B,42.86%,$0.03B,$0.01B,42.86%,$0.03B,$0.01B,28.57%,$0.01B,$0.04B,20.92%,$0.01B,$0.03B,25.81%,$0.01B,$0.05B,17.39%,$0.01B,$0.04B,28.57%,$7,$3,$4,$0,$1,$4,$3,$0,$3,$1,$2,$2,$2,$3,$3,$4,4,$0.49,$0.48,$22,$4,$0,$31,$9,$0,$7,$0,$16,$47,$4,$4,$0,$4,$8,$0,$40,$-1,$39,$47,$2,$0,$-0,$-0,$0,$-0,$0,$-0,$-0,$2,$-0,$-0,$0,$0,$-0,$-0,$0,$-0,$-0,$0,$-0,$-1,$-1,$-1,$0,$-2,$-0,$0,$-1
43,2007-12-31,22.31,$9.93,2.25,$7.14,3.13,$4.25,5.26,$1.98,11.27,$0.03B,$0.00B,9.46,$0.00B,$0.04B,0.1,$0.03B,$0.02B,57.14%,$0.03B,$0.01B,42.86%,$0.03B,$0.01B,42.86%,$0.03B,$0.01B,42.86%,$0.03B,$0.01B,42.86%,$0.03B,$0.01B,28.57%,$0.01B,$0.04B,21.19%,$0.01B,$0.03B,26.45%,$0.01B,$0.05B,17.49%,$0.01B,$0.04B,28.92%,$7,$3,$4,$0,$1,$4,$3,$0,$3,$1,$2,$2,$2,$3,$3,$4,4,$0.50,$0.49,$22,$3,$0,$30,$9,$0,$7,$0,$16,$46,$3,$4,$0,$4,$7,$0,$40,$-1,$39,$46,$8,$1,$-1,$-0,$-0,$-0,$-0,$0,$-0,$7,$-0,$-0,$0,$0,$0,$0,$0,$-0,$-1,$0,$-1,$-2,$-2,$-3,$0,$-6,$1,$0,$-3
44,2007-09-30,23.39,$9.75,2.4,$7.18,3.26,$4.44,5.26,$2.00,11.7,$0.03B,$0.00B,8.41,$0.00B,$0.04B,0.11,$0.03B,$0.02B,57.14%,$0.03B,$0.01B,42.86%,$0.03B,$0.01B,42.86%,$0.03B,$0.01B,42.86%,$0.03B,$0.01B,42.86%,$0.03B,$0.01B,28.57%,$0.01B,$0.04B,21.62%,$0.01B,$0.03B,26.89%,$0.01B,$0.05B,17.68%,$0.01B,$0.04B,29.27%,$7,$3,$4,$0,$1,$4,$3,$0,$3,$1,$2,$2,$2,$3,$3,$4,4,$0.52,$0.51,$22,$3,$0,$30,$8,$0,$7,$0,$16,$46,$4,$4,$0,$4,$8,$0,$39,$-1,$38,$46,$6,$0,$-1,$-0,$-0,$-0,$-0,$0,$-0,$5,$-0,$-0,$0,$0,$0,$0,$0,$-0,$-1,$0,$-1,$-1,$-1,$-3,$0,$-5,$0,$0,$-3
45,2007-06-30,23.49,$9.49,2.48,$7.14,3.29,$5.17,4.54,$1.99,11.81,$0.03B,$0.00B,8.94,$0.00B,$0.04B,0.11,$0.03B,$0.02B,57.14%,$0.03B,$0.01B,42.86%,$0.03B,$0.01B,42.86%,$0.03B,$0.01B,42.86%,$0.03B,$0.01B,42.86%,$0.03B,$0.01B,28.57%,$0.01B,$0.04B,22.07%,$0.01B,$0.03B,27.59%,$0.01B,$0.05B,17.98%,$0.01B,$0.04B,29.63%,$7,$3,$4,$0,$1,$4,$3,$0,$3,$1,$2,$2,$2,$3,$3,$4,4,$0.50,$0.50,$21,$3,$0,$29,$8,$0,$7,$0,$16,$45,$3,$4,$0,$4,$8,$0,$38,$-1,$37,$45,$4,$0,$-0,$-0,$-0,$-0,$-0,$-0,$-1,$3,$-0,$-0,$0,$0,$0,$0,$0,$0,$-0,$0,$-0,$-1,$-1,$-2,$0,$-3,$-0,$0,$-2
46,2007-03-31,25.03,$9.32,2.69,$7.14,3.51,$5.88,4.26,$2.00,12.52,$0.03B,$0.00B,6.98,$0.00B,$0.04B,0.12,$0.03B,$0.02B,57.14%,$0.03B,$0.01B,42.86%,$0.03B,$0.01B,42.86%,$0.03B,$0.01B,42.86%,$0.03B,$0.01B,42.86%,$0.03B,$0.01B,28.57%,$0.01B,$0.04B,22.54%,$0.01B,$0.03B,28.57%,$0.01B,$0.05B,18.29%,$0.01B,$0.04B,30.00%,$7,$3,$4,$0,$1,$4,$3,$0,$3,$1,$2,$2,$2,$3,$3,$4,4,$0.49,$0.48,$22,$3,$0,$30,$8,$0,$7,$0,$16,$46,$4,$4,$0,$5,$9,$0,$37,$-1,$37,$46,$2,$0,$-0,$-0,$-0,$-0,$0,$-0,$0,$2,$-0,$-0,$0,$0,$-0,$-0,$0,$-0,$-0,$0,$-0,$-0,$-0,$-1,$0,$-1,$0,$0,$-1
47,2006-12-31,24.07,$9.16,2.63,$7.11,3.39,$6.19,3.89,$2.02,11.92,$0.03B,$0.00B,8.4,$0.00B,$0.04B,0.12,$0.03B,$0.02B,57.14%,$0.03B,$0.01B,42.86%,$0.03B,$0.01B,42.86%,$0.03B,$0.01B,42.86%,$0.03B,$0.01B,42.86%,$0.03B,$0.01B,28.57%,$0.01B,$0.04B,23.02%,$0.01B,$0.03B,29.36%,$0.01B,$0.04B,18.71%,$0.01B,$0.04B,30.38%,$7,$3,$4,$-0,$1,$4,$3,$0,$3,$1,$2,$2,$2,$3,$3,$4,4,$0.52,$0.51,$21,$3,$0,$28,$8,$0,$7,$0,$16,$44,$3,$4,$0,$5,$8,$0,$37,$-1,$36,$44,$8,$1,$-1,$-0,$-0,$0,$0,$1,$1,$8,$-0,$0,$0,$0,$-2,$-2,$0,$-3,$-1,$0,$-1,$-4,$-4,$-3,$2,$-6,$-0,$0,$-3
