,Date,Stock Price,Book Value per Share,Price to Book Ratio,TTM Sales per Share,Price to Sales Ratio,TTM FCF per Share,Price to FCF Ratio,TTM Net EPS,PE Ratio,Current Assets,Current Liabilities,Current Ratio,Long Term Debt,Shareholder's Equity_x,Debt to Equity Ratio,TTM Revenue_x,TTM Gross Profit,Gross Margin,TTM Revenue_y,TTM Operating Income,Operating Margin,TTM Revenue_x,TTM EBIT,EBIT Margin,TTM Revenue_y,TTM EBITDA,EBITDA Margin,TTM Revenue_x,TTM Pre-Tax Income,Pre-Tax Margin,TTM Revenue_y,TTM Net Income_x,Net Margin,TTM Net Income_y,Shareholder's Equity_y,Return on Equity,TTM Net Income_x,Tangible Equity,Return on Tangible Equity,TTM Net Income_y,Total Assets,Return on Assets,TTM Net Income,LT Investments & Debt,Return on Investment,revenue,cost-goods-sold,gross-profit,research-development-expenses,selling-general-administrative-expenses,operating-expenses,operating-income,total-non-operating-income-expense,pre-tax-income,total-provision-income-taxes,income-after-taxes,income-from-continuous-operations,net-income,ebitda,ebit,basic-shares-outstanding,shares-outstanding,eps-basic-net-earnings-per-share,eps-earnings-per-share-diluted,cash-on-hand,inventory,other-current-assets,total-current-assets,net-property-plant-equipment,long-term-investments,goodwill-intangible-assets-total,other-long-term-assets,total-long-term-assets,total-assets,total-current-liabilities,long-term-debt,other-non-current-liabilities,total-long-term-liabilities,total-liabilities,common-stock-net,retained-earnings-accumulated-deficit,comprehensive-income,total-share-holder-equity,total-liabilities-share-holders-equity,net-income-loss,total-depreciation-amortization-cash-flow,other-non-cash-items,total-non-cash-items,change-in-accounts-receivable,change-in-inventories,change-in-accounts-payable,change-in-assets-liabilities,total-change-in-assets-liabilities,cash-flow-from-operating-activities,net-change-in-property-plant-equipment,net-change-in-intangible-assets,net-acquisitions-divestitures,net-change-in-short-term-investments,net-change-in-long-term-investments,net-change-in-investments-total,investing-activities-other,cash-flow-from-investing-activities,net-long-term-debt,net-current-debt,debt-issuance-retirement-net-total,net-common-equity-issued-repurchased,net-total-equity-issued-repurchased,total-common-preferred-stock-dividends-paid,financial-activities-other,cash-flow-from-financial-activities,net-cash-flow,stock-based-compensation,common-stock-dividends-paid
0,2017-03-31,1.96,$0.00,0.0,$2.41,0.81,$0.46,4.3,$0.05,39.2,$0.00B,$0.00B,0.0,$0.00B,$0.00B,0.0,$0.09B,$0.03B,35.63%,$0.09B,$0.01B,9.20%,$0.09B,$0.01B,9.20%,$0.09B,$0.01B,10.34%,$0.09B,$0.01B,8.05%,$0.09B,$0.01B,8.05%,$0.01B,$0.00B,10.22%,$0.01B,$0.00B,10.22%,$0.01B,$0.00B,4.77%,$0.01B,$0.00B,11.68%,$52,$42,$10,$3,$3,$48,$4,$-2,$3,$0,$2,$2,$2,$4,$4,$36,36,$0.06,$0.06,$0,$0,$0,$0,$0,$0,$0,$0,$0,$0,$0,$0,$0,$0,$0,$0,$0,$0,$0,$0,$6,$0,$2,$2,$0,$0,$0,$1,$1,$8,$0,$0,$0,$0,$0,$0,$0,$0,$0,$0,$0,$-0,$-0,$0,$0,$-0,$11,$0,$0
1,2016-12-31,2.0,$2.35,0.85,$2.39,0.84,$0.27,7.41,$0.02,100.0,$0.16B,$0.09B,1.87,$0.00B,$0.08B,0.0,$0.09B,$0.03B,32.18%,$0.09B,$0.00B,2.30%,$0.09B,$0.00B,2.30%,$0.09B,$0.00B,3.45%,$0.09B,$0.00B,2.30%,$0.09B,0,0.00%,$0.00B,$0.08B,0.00%,$0.00B,$0.08B,0.00%,$0.00B,$0.18B,0.00%,$0.00B,$0.08B,2.19%,$29,$21,$7,$3,$4,$28,$0,$-0,$0,$0,$-0,$-0,$-0,$4,$0,$36,36,$0.00,$0.00,$96,$23,$0,$163,$2,$8,$0,$4,$16,$179,$87,$0,$5,$9,$96,$0,$-1233,$62,$83,$179,$2,$1,$4,$0,$-2,$-0,$7,$2,$2,$4,$-1,$0,$0,$0,$8,$0,$1,$-0,$0,$0,$0,$-4,$-4,$0,$-0,$-4,$4,$2,$0
2,2016-09-30,2.07,$0.00,0.0,$2.34,0.88,$-0.15,0.0,$-0.28,0.0,$0.15B,$0.08B,1.85,$0.00B,$0.00B,0.0,$0.09B,$0.03B,30.59%,$0.09B,0,0.00%,$0.09B,0,0.00%,$0.09B,$0.00B,2.35%,$0.09B,$-0.02B,-21.18%,$0.09B,$-0.02B,-20.00%,$-0.02B,$0.10B,-18.58%,$-0.02B,$0.10B,-18.58%,$-0.02B,$0.19B,-8.29%,$0.00B,$0.10B,0.00%,$23,$13,$9,$3,$4,$20,$2,$0,$3,$-1,$4,$4,$4,$-1,$2,$36,36,$0.11,$0.11,$81,$44,$0,$150,$2,$0,$0,$42,$44,$194,$81,$0,$0,$19,$100,$0,$0,$0,$95,$194,$2,$1,$-1,$0,$0,$0,$0,$2,$2,$4,$-1,$0,$0,$0,$0,$0,$1,$-0,$0,$0,$0,$-4,$-4,$0,$0,$-4,$4,$2,$0
3,2016-06-30,1.92,$0.00,0.0,$2.62,0.73,$-0.75,0.0,$-0.37,0.0,$0.17B,$0.10B,1.74,$0.00B,$0.00B,0.0,$0.10B,$0.03B,29.17%,$0.10B,0,0.00%,$0.10B,0,0.00%,$0.10B,$0.00B,2.08%,$0.10B,$-0.02B,-22.92%,$0.10B,$-0.02B,-20.83%,$-0.02B,$0.10B,-21.33%,$-0.02B,$0.10B,-21.33%,$-0.02B,$0.21B,-9.58%,$0.00B,$0.10B,0.00%,$18,$14,$5,$4,$3,$20,$-2,$0,$-2,$2,$-4,$-4,$-4,$2,$-2,$35,36,$-0.10,$-0.11,$81,$55,$0,$169,$1,$0,$0,$43,$45,$214,$97,$0,$0,$21,$118,$0,$0,$0,$96,$214,$4,$1,$-1,$-0,$0,$0,$0,$-1,$-1,$3,$-1,$0,$0,$0,$0,$0,$1,$1,$0,$0,$0,$-3,$-3,$0,$0,$-3,$4,$2,$0
4,2016-03-31,1.84,$0.00,0.0,$2.89,0.64,$-1.19,0.0,$-0.42,0.0,$0.17B,$0.10B,1.74,$0.00B,$0.00B,0.0,$0.11B,$0.03B,27.10%,$0.11B,$-0.00B,-3.74%,$0.11B,$-0.00B,-3.74%,$0.11B,$-0.00B,-1.87%,$0.11B,$-0.03B,-25.23%,$0.11B,$-0.02B,-20.56%,$-0.02B,$0.09B,-22.62%,$-0.02B,$0.09B,-22.62%,$-0.02B,$0.21B,-10.34%,$-0.00B,$0.09B,-4.11%,$26,$15,$11,$2,$5,$23,$3,$-0,$3,$1,$2,$2,$2,$-2,$3,$35,35,$0.06,$0.06,$80,$51,$0,$170,$1,$0,$0,$43,$44,$214,$98,$0,$0,$25,$123,$0,$0,$0,$91,$214,$-1,$0,$-0,$0,$0,$0,$0,$3,$3,$2,$-0,$0,$0,$0,$0,$0,$-0,$0,$0,$0,$0,$-1,$-1,$0,$0,$-1,$3,$1,$0
5,2015-12-31,2.48,$2.28,1.09,$3.15,0.79,$-1.50,0.0,$-0.53,0.0,$0.16B,$0.10B,1.65,$0.00B,$0.08B,0.0,$0.12B,$0.03B,23.93%,$0.12B,$-0.01B,-4.27%,$0.12B,$-0.01B,-4.27%,$0.12B,$-0.00B,-2.56%,$0.12B,$-0.03B,-27.35%,$0.12B,$-0.03B,-22.22%,$-0.03B,$0.08B,-34.90%,$-0.03B,$0.08B,-34.90%,$-0.03B,$0.20B,-16.33%,$-0.01B,$0.08B,-6.71%,$0,$0,$0,$0,$0,$0,$0,$0,$0,$0,$0,$0,$0,$3,$0,$0,0,$0.00,$0.00,$89,$17,$0,$162,$2,$20,$0,$4,$37,$198,$98,$0,$8,$17,$115,$0,$-1233,$61,$84,$198,$-27,$2,$23,$26,$-1,$36,$-12,$-36,$-10,$-12,$-1,$0,$0,$18,$0,$18,$1,$17,$0,$0,$0,$-4,$-4,$0,$0,$-4,$-1,$2,$0
6,2015-09-30,2.43,$0.00,0.0,$3.33,0.73,$-1.61,0.0,$-0.57,0.0,$0.16B,$0.09B,1.87,$0.00B,$0.00B,0.0,$0.12B,$0.02B,18.55%,$0.12B,$-0.01B,-10.48%,$0.12B,$-0.01B,-10.48%,$0.12B,$-0.01B,-8.87%,$0.12B,$-0.03B,-20.97%,$0.12B,$-0.02B,-16.94%,$-0.02B,$0.10B,-25.53%,$-0.02B,$0.10B,-25.53%,$-0.02B,$0.21B,-11.70%,$-0.01B,$0.10B,-15.81%,$23,$13,$9,$2,$4,$19,$4,$1,$4,$-2,$6,$6,$6,$-1,$4,$35,35,$0.17,$0.17,$74,$45,$0,$161,$2,$0,$0,$45,$48,$209,$86,$0,$0,$19,$105,$0,$0,$0,$104,$209,$-8,$2,$10,$12,$0,$0,$0,$-22,$-22,$-18,$-1,$0,$0,$0,$3,$3,$16,$19,$0,$0,$0,$-3,$-3,$0,$0,$-3,$-4,$1,$0
7,2015-06-30,1.99,$0.00,0.0,$3.44,0.58,$-1.28,0.0,$-0.65,0.0,$0.18B,$0.10B,1.8,$0.00B,$0.00B,0.0,$0.13B,$0.03B,19.38%,$0.13B,$-0.01B,-10.85%,$0.13B,$-0.01B,-10.85%,$0.13B,$-0.01B,-8.53%,$0.13B,$-0.03B,-21.71%,$0.13B,$-0.02B,-18.60%,$-0.02B,$0.11B,-27.04%,$-0.02B,$0.11B,-27.04%,$-0.02B,$0.23B,-11.81%,$-0.01B,$0.11B,-15.77%,$28,$17,$10,$1,$5,$24,$4,$-3,$1,$2,$-2,$-2,$-2,$-2,$4,$36,36,$-0.04,$-0.04,$74,$57,$0,$176,$2,$0,$0,$50,$54,$230,$98,$0,$0,$22,$120,$0,$0,$0,$110,$230,$-3,$1,$-4,$-2,$0,$0,$0,$-9,$-9,$-14,$-1,$0,$0,$0,$3,$3,$10,$12,$0,$0,$0,$-3,$-3,$0,$0,$-3,$-4,$1,$0
8,2015-03-31,2.65,$0.00,0.0,$3.47,0.76,$-1.09,0.0,$-0.85,0.0,$0.00B,$0.00B,0.0,$0.00B,$0.00B,0.0,$0.13B,$0.02B,16.92%,$0.13B,$-0.01B,-10.77%,$0.13B,$-0.01B,-10.77%,$0.13B,$-0.01B,-8.46%,$0.13B,$-0.03B,-23.85%,$0.13B,$-0.03B,-24.62%,$-0.03B,$0.00B,-33.25%,$-0.03B,$0.00B,-33.25%,$-0.03B,$0.00B,-14.07%,$-0.01B,$0.00B,-14.55%,$16,$12,$4,$2,$3,$18,$-1,$0,$-1,$1,$-2,$-2,$-2,$-3,$-1,$36,36,$-0.05,$-0.05,$0,$0,$0,$0,$0,$0,$0,$0,$0,$0,$0,$0,$0,$0,$0,$0,$0,$0,$0,$0,$-5,$1,$1,$2,$0,$0,$0,$-6,$-6,$-9,$-0,$0,$0,$2,$0,$2,$-1,$1,$0,$0,$0,$-2,$-2,$0,$0,$-2,$-10,$0,$0
9,2014-12-31,2.83,$3.02,0.94,$3.48,0.81,$-0.92,0.0,$-0.80,0.0,$0.21B,$0.13B,1.59,$0.00B,$0.12B,0.0,$0.13B,$0.02B,17.05%,$0.13B,$-0.01B,-10.85%,$0.13B,$-0.01B,-10.85%,$0.13B,$-0.01B,-8.53%,$0.13B,$-0.03B,-22.48%,$0.13B,$-0.03B,-23.26%,$-0.03B,$0.12B,-22.73%,$-0.03B,$0.12B,-22.73%,$-0.03B,$0.28B,-9.55%,$-0.01B,$0.12B,-10.61%,$20,$12,$8,$3,$4,$19,$1,$1,$3,$-2,$5,$5,$5,$-5,$1,$36,36,$0.13,$0.13,$94,$21,$0,$206,$3,$60,$0,$4,$73,$279,$129,$0,$16,$34,$164,$0,$-1206,$64,$115,$279,$-30,$3,$17,$20,$6,$37,$6,$-51,$-5,$-16,$-1,$0,$-1,$-0,$0,$-0,$-4,$-6,$0,$0,$0,$-5,$-5,$0,$0,$-5,$-30,$2,$0
10,2014-09-30,3.05,$0.00,0.0,$3.58,0.85,$-0.61,0.0,$-0.84,0.0,$0.22B,$0.14B,1.63,$0.00B,$0.00B,0.0,$0.13B,$0.03B,19.40%,$0.13B,$-0.02B,-11.94%,$0.13B,$-0.02B,-11.94%,$0.13B,$-0.01B,-10.45%,$0.13B,$-0.03B,-22.39%,$0.13B,$-0.03B,-23.88%,$-0.03B,$0.13B,-22.74%,$-0.03B,$0.13B,-22.74%,$-0.03B,$0.30B,-9.52%,$-0.02B,$0.13B,-11.37%,$23,$16,$6,$2,$6,$24,$-2,$1,$-1,$-0,$-1,$-1,$-1,$-1,$-2,$37,37,$-0.03,$-0.03,$91,$88,$0,$222,$4,$0,$0,$76,$82,$304,$136,$0,$0,$37,$173,$0,$0,$0,$130,$304,$-16,$2,$10,$12,$0,$0,$0,$-2,$-2,$-6,$-1,$0,$0,$0,$0,$0,$-4,$-5,$0,$0,$0,$-5,$-5,$0,$0,$-5,$-17,$2,$0
11,2014-06-30,2.93,$0.00,0.0,$3.78,0.78,$-0.45,0.0,$-0.61,0.0,$0.24B,$0.14B,1.65,$0.00B,$0.00B,0.0,$0.14B,$0.03B,20.98%,$0.14B,$-0.01B,-9.79%,$0.14B,$-0.01B,-9.79%,$0.14B,$-0.01B,-8.39%,$0.14B,$-0.02B,-16.78%,$0.14B,$-0.02B,-16.78%,$-0.02B,$0.14B,-15.84%,$-0.02B,$0.14B,-15.84%,$-0.02B,$0.33B,-6.71%,$-0.01B,$0.14B,-9.24%,$26,$18,$8,$2,$3,$24,$2,$-21,$-19,$0,$-19,$-19,$-19,$-2,$2,$37,37,$-0.54,$-0.54,$95,$93,$0,$238,$4,$0,$0,$80,$88,$327,$144,$0,$0,$42,$186,$0,$0,$0,$140,$327,$-8,$1,$3,$4,$0,$0,$0,$-3,$-3,$-7,$-1,$0,$0,$0,$0,$0,$-2,$-3,$0,$0,$0,$-5,$-5,$0,$0,$-5,$-13,$1,$0
12,2014-03-31,2.72,$0.00,0.0,$4.15,0.66,$-0.36,0.0,$-0.54,0.0,$0.25B,$0.16B,1.63,$0.00B,$0.00B,0.0,$0.16B,$0.03B,21.38%,$0.16B,$-0.01B,-7.55%,$0.16B,$-0.01B,-7.55%,$0.16B,$-0.01B,-6.29%,$0.16B,$-0.02B,-12.58%,$0.16B,$-0.02B,-13.21%,$-0.02B,$0.14B,-13.15%,$-0.02B,$0.14B,-13.15%,$-0.02B,$0.35B,-5.50%,$-0.01B,$0.14B,-7.51%,$27,$21,$6,$3,$4,$28,$-1,$-4,$-5,$0,$-5,$-5,$-5,$-3,$-1,$37,37,$-0.14,$-0.14,$100,$99,$0,$254,$4,$0,$0,$81,$92,$346,$156,$0,$0,$47,$203,$0,$0,$0,$143,$346,$-3,$1,$1,$1,$-1,$14,$-0,$-11,$-1,$-3,$-0,$0,$0,$0,$0,$0,$-0,$-0,$0,$0,$0,$-5,$-5,$0,$0,$-5,$-7,$1,$0
13,2013-12-31,2.77,$3.78,0.73,$4.21,0.66,$-0.44,0.0,$-0.58,0.0,$0.27B,$0.17B,1.66,$0.00B,$0.15B,0.0,$0.16B,$0.04B,25.00%,$0.16B,$-0.01B,-7.93%,$0.16B,$-0.01B,-7.93%,$0.16B,$-0.01B,-6.10%,$0.16B,$-0.02B,-12.20%,$0.16B,$-0.02B,-14.02%,$-0.02B,$0.15B,-13.65%,$-0.02B,$0.15B,-13.65%,$-0.02B,$0.37B,-5.69%,$-0.01B,$0.15B,-7.72%,$31,$22,$9,$4,$9,$34,$-3,$1,$-2,$-5,$3,$3,$3,$-8,$-3,$37,37,$0.08,$0.08,$118,$23,$0,$272,$5,$75,$0,$6,$94,$367,$165,$0,$17,$52,$217,$0,$-1176,$66,$150,$367,$-23,$3,$17,$20,$-14,$46,$7,$-38,$1,$-2,$-4,$0,$-0,$-26,$0,$-26,$1,$-29,$0,$0,$0,$-31,$-31,$0,$0,$-31,$-72,$2,$0
14,2013-09-30,2.75,$0.00,0.0,$4.12,0.67,$-0.94,0.0,$-0.32,0.0,$0.29B,$0.16B,1.79,$0.00B,$0.00B,0.0,$0.17B,$0.05B,28.40%,$0.17B,$-0.01B,-3.55%,$0.17B,$-0.01B,-3.55%,$0.17B,$-0.00B,-1.18%,$0.17B,$-0.01B,-8.28%,$0.17B,$-0.02B,-8.88%,$-0.02B,$0.17B,-8.10%,$-0.02B,$0.17B,-8.10%,$-0.02B,$0.39B,-3.45%,$-0.01B,$0.17B,-3.24%,$33,$28,$5,$3,$5,$36,$-3,$-2,$-6,$-0,$-5,$-5,$-5,$1,$-3,$38,38,$-0.14,$-0.14,$120,$120,$0,$290,$8,$0,$0,$82,$101,$391,$162,$0,$0,$56,$217,$0,$0,$0,$173,$391,$-7,$3,$9,$12,$0,$0,$0,$-4,$-4,$2,$-3,$0,$2,$-21,$0,$-21,$-0,$-23,$0,$0,$0,$-31,$-31,$0,$0,$-31,$-59,$1,$0
15,2013-06-30,2.66,$0.00,0.0,$3.90,0.68,$-1.42,0.0,$-0.75,0.0,$0.32B,$0.19B,1.71,$0.00B,$0.00B,0.0,$0.17B,$0.05B,29.76%,$0.17B,$-0.03B,-19.64%,$0.17B,$-0.03B,-19.64%,$0.17B,$-0.03B,-17.26%,$0.17B,$-0.03B,-19.64%,$0.17B,$-0.04B,-21.43%,$-0.04B,$0.17B,-18.11%,$-0.04B,$0.17B,-18.11%,$-0.04B,$0.42B,-7.78%,$-0.03B,$0.17B,-16.60%,$33,$29,$3,$4,$6,$39,$-6,$-7,$-13,$1,$-14,$-14,$-14,$-0,$-6,$37,37,$-0.38,$-0.38,$125,$142,$0,$316,$8,$0,$0,$84,$107,$423,$185,$0,$0,$65,$250,$0,$0,$0,$173,$423,$-7,$2,$7,$9,$0,$0,$0,$-3,$-3,$-2,$-2,$0,$1,$-21,$0,$-21,$3,$-21,$0,$0,$0,$-31,$-31,$0,$3,$-28,$-55,$1,$0
16,2013-03-31,2.81,$0.00,0.0,$2.68,1.05,$-1.32,0.0,$-0.73,0.0,$0.34B,$0.18B,1.83,$0.00B,$0.00B,0.0,$0.18B,$0.06B,35.23%,$0.18B,$-0.03B,-17.05%,$0.18B,$-0.03B,-17.05%,$0.18B,$-0.03B,-14.77%,$0.18B,$-0.03B,-19.32%,$0.18B,$-0.04B,-20.45%,$-0.04B,$0.18B,-16.46%,$-0.04B,$0.18B,-16.46%,$-0.04B,$0.44B,-7.32%,$-0.03B,$0.18B,-13.71%,$32,$25,$8,$3,$7,$34,$-2,$-5,$-7,$1,$-8,$-8,$-8,$-3,$-2,$38,38,$-0.22,$-0.22,$136,$152,$0,$335,$8,$0,$0,$73,$100,$435,$183,$0,$0,$74,$257,$0,$0,$0,$178,$435,$-5,$1,$5,$6,$4,$3,$-5,$-6,$-6,$-5,$-2,$0,$0,$-6,$0,$-6,$2,$-6,$0,$0,$0,$-31,$-31,$0,$0,$-31,$-44,$0,$0
17,2012-12-31,3.09,$4.55,0.68,$1.73,1.78,$-1.15,0.0,$-0.69,0.0,$0.39B,$0.19B,2.03,$0.00B,$0.22B,0.0,$0.19B,$0.07B,36.56%,$0.19B,$-0.03B,-16.13%,$0.19B,$-0.03B,-16.13%,$0.19B,$-0.03B,-13.98%,$0.19B,$-0.03B,-17.74%,$0.19B,$-0.04B,-18.82%,$-0.04B,$0.22B,-14.60%,$-0.04B,$0.22B,-14.86%,$-0.04B,$0.49B,-6.60%,$-0.03B,$0.22B,-12.51%,$32,$25,$6,$3,$6,$35,$-3,$-2,$-5,$-0,$-5,$-5,$-5,$-0,$-3,$37,37,$-0.12,$-0.12,$194,$26,$0,$387,$9,$62,$0,$9,$101,$488,$191,$0,$21,$80,$271,$0,$-1153,$80,$217,$488,$-36,$4,$20,$24,$1,$-4,$10,$-26,$-14,$-26,$-5,$-0,$0,$-14,$0,$-14,$-64,$-83,$0,$0,$0,$-9,$-9,$0,$0,$-9,$-122,$3,$0
18,2012-09-30,3.09,$0.00,0.0,$2.46,1.26,$-1.50,0.0,$-0.45,0.0,$0.41B,$0.19B,2.12,$0.00B,$0.00B,0.0,$0.23B,$0.08B,36.73%,$0.23B,$-0.02B,-9.29%,$0.23B,$-0.02B,-9.29%,$0.23B,$-0.02B,-7.52%,$0.23B,$-0.02B,-9.29%,$0.23B,$-0.02B,-10.18%,$-0.02B,$0.23B,-9.08%,$-0.02B,$0.23B,-9.40%,$-0.02B,$0.51B,-4.12%,$-0.02B,$0.23B,-8.29%,$32,$28,$5,$2,$6,$36,$-3,$-0,$-4,$-0,$-3,$-3,$-3,$-26,$-3,$37,37,$-0.09,$-0.09,$213,$129,$0,$407,$11,$0,$0,$63,$99,$506,$192,$0,$0,$87,$279,$0,$0,$0,$227,$506,$-28,$3,$19,$22,$0,$0,$0,$-13,$-13,$-19,$-5,$0,$0,$2,$0,$2,$-58,$-62,$0,$0,$0,$-7,$-7,$0,$0,$-7,$-89,$2,$0
19,2012-06-30,3.57,$0.00,0.0,$3.22,1.11,$-1.94,0.0,$0.12,29.75,$0.46B,$0.19B,2.38,$0.00B,$0.00B,0.0,$0.27B,$0.10B,37.55%,$0.27B,$0.02B,7.43%,$0.27B,$0.02B,7.43%,$0.27B,$0.02B,8.92%,$0.27B,$0.01B,2.23%,$0.27B,$0.01B,2.23%,$0.01B,$0.25B,2.28%,$0.01B,$0.25B,2.40%,$0.01B,$0.54B,1.01%,$0.02B,$0.25B,7.60%,$38,$31,$7,$4,$12,$47,$-8,$-5,$-14,$2,$-16,$-16,$-16,$3,$-8,$39,39,$-0.41,$-0.41,$278,$129,$0,$458,$10,$0,$0,$42,$80,$538,$193,$0,$0,$92,$285,$0,$0,$0,$253,$538,$-7,$2,$-1,$2,$0,$0,$0,$-6,$-6,$-12,$-3,$0,$0,$2,$0,$2,$-5,$-6,$0,$0,$0,$-3,$-3,$0,$0,$-3,$-24,$1,$0
20,2012-03-31,4.35,$0.00,0.0,$5.01,0.87,$-2.58,0.0,$0.36,12.08,$0.50B,$0.22B,2.22,$0.00B,$0.00B,0.0,$0.31B,$0.11B,37.25%,$0.31B,$0.03B,9.15%,$0.31B,$0.03B,9.15%,$0.31B,$0.03B,10.13%,$0.31B,$0.02B,6.86%,$0.31B,$0.02B,6.54%,$0.02B,$0.26B,7.62%,$0.02B,$0.25B,8.17%,$0.02B,$0.59B,3.15%,$0.03B,$0.26B,10.67%,$41,$29,$12,$4,$8,$41,$0,$-1,$-1,$-2,$0,$0,$0,$-3,$0,$39,39,$0.01,$0.01,$285,$147,$0,$495,$12,$0,$17,$28,$95,$590,$223,$0,$0,$105,$328,$0,$0,$0,$262,$590,$-5,$1,$1,$2,$-1,$-3,$4,$-13,$-12,$-15,$-2,$0,$0,$0,$0,$0,$1,$-1,$0,$0,$0,$-0,$-0,$0,$0,$-0,$-18,$1,$0
21,2011-12-31,4.14,$5.36,0.77,$6.20,0.67,$-3.36,0.0,$0.24,17.25,$0.50B,$0.22B,2.25,$0.00B,$0.27B,0.0,$0.32B,$0.12B,35.94%,$0.32B,$0.02B,6.56%,$0.32B,$0.02B,6.56%,$0.32B,$0.02B,7.19%,$0.32B,$0.01B,4.38%,$0.32B,$0.01B,4.38%,$0.01B,$0.27B,5.46%,$0.01B,$0.25B,5.87%,$0.01B,$0.60B,2.09%,$0.02B,$0.27B,8.19%,$48,$38,$10,$3,$9,$49,$-1,$0,$-1,$1,$-2,$-2,$-2,$9,$-1,$39,39,$-0.05,$-0.05,$317,$34,$0,$504,$12,$19,$17,$7,$97,$601,$224,$0,$23,$106,$330,$0,$-1119,$83,$271,$601,$12,$2,$1,$3,$8,$95,$-5,$-158,$-57,$-42,$-9,$0,$0,$-8,$0,$-8,$6,$-11,$0,$0,$0,$-6,$-6,$0,$0,$-6,$-50,$3,$0
22,2011-09-30,3.06,$5.13,0.6,$6.25,0.49,$-1.76,0.0,$-0.30,0.0,$0.52B,$0.26B,2.03,$0.00B,$0.27B,0.0,$0.31B,$0.09B,30.03%,$0.31B,$-0.01B,-3.83%,$0.31B,$-0.01B,-3.83%,$0.31B,$-0.01B,-3.19%,$0.31B,$-0.01B,-4.15%,$0.31B,$-0.01B,-4.15%,$-0.01B,$0.27B,-5.18%,$-0.01B,$0.25B,-5.59%,$-0.01B,$0.64B,-1.82%,$-0.01B,$0.27B,-4.78%,$37,$25,$12,$3,$9,$41,$-4,$-0,$-4,$1,$-5,$-5,$-5,$15,$-4,$39,39,$-0.13,$-0.13,$319,$42,$0,$520,$11,$19,$18,$7,$121,$641,$256,$0,$24,$119,$375,$0,$-1123,$77,$266,$641,$8,$2,$2,$4,$5,$68,$-7,$-120,$-51,$-39,$-10,$0,$0,$-9,$0,$-9,$5,$-14,$0,$0,$0,$-1,$-1,$0,$0,$-1,$-50,$3,$0
23,2011-06-30,4.68,$4.81,0.97,$6.00,0.78,$-0.28,0.0,$-0.84,0.0,$0.56B,$0.32B,1.75,$0.00B,$0.25B,0.0,$0.29B,$0.07B,25.43%,$0.29B,$-0.05B,-16.84%,$0.29B,$-0.05B,-16.84%,$0.29B,$-0.05B,-16.49%,$0.29B,$-0.04B,-12.37%,$0.29B,$-0.04B,-13.06%,$-0.04B,$0.25B,-15.34%,$-0.04B,$0.23B,-16.26%,$-0.04B,$0.71B,-5.02%,$-0.05B,$0.25B,-19.78%,$43,$30,$14,$4,$12,$44,$-1,$-7,$-8,$-0,$-8,$-8,$-8,$10,$-1,$49,49,$-0.16,$-0.28,$335,$46,$0,$561,$9,$19,$18,$8,$146,$708,$321,$0,$24,$136,$457,$0,$-1131,$69,$251,$708,$1,$1,$5,$6,$1,$0,$-8,$-31,$-34,$-27,$-6,$0,$0,$-8,$0,$-8,$-1,$-15,$0,$0,$0,$0,$0,$0,$0,$0,$-38,$1,$0
24,2011-03-31,7.05,$4.58,1.54,$5.90,1.2,$1.22,5.76,$-1.26,0.0,$0.57B,$0.35B,1.63,$0.00B,$0.24B,0.0,$0.27B,$0.06B,22.88%,$0.27B,$-0.06B,-23.62%,$0.27B,$-0.06B,-23.62%,$0.27B,$-0.06B,-22.88%,$0.27B,$-0.06B,-21.40%,$0.27B,$-0.06B,-21.77%,$-0.06B,$0.24B,-24.16%,$-0.06B,$0.22B,-25.11%,$-0.06B,$0.73B,-7.53%,$-0.06B,$0.24B,-26.20%,$40,$26,$14,$8,$15,$67,$-27,$7,$-20,$1,$-21,$-21,$-21,$-11,$-27,$48,48,$-0.43,$-0.43,$330,$51,$0,$570,$5,$12,$18,$8,$157,$726,$349,$0,$22,$140,$488,$0,$-1143,$69,$238,$726,$-11,$0,$3,$4,$-4,$12,$-5,$-36,$-32,$-39,$-1,$0,$0,$-3,$0,$-3,$-3,$-6,$0,$0,$0,$0,$0,$0,$0,$0,$-45,$1,$0
25,2010-12-31,6.18,$4.81,1.29,$6.58,0.94,$1.12,5.5,$-1.41,0.0,$0.61B,$0.39B,1.55,$0.00B,$0.25B,0.0,$0.29B,$0.07B,24.05%,$0.29B,$-0.07B,-25.43%,$0.29B,$-0.07B,-25.43%,$0.29B,$-0.07B,-24.05%,$0.29B,$-0.06B,-21.31%,$0.29B,$-0.07B,-22.34%,$-0.07B,$0.25B,-26.53%,$-0.07B,$0.23B,-27.06%,$-0.07B,$0.78B,-7.90%,$-0.07B,$0.25B,-30.20%,$56,$35,$22,$8,$11,$54,$2,$-4,$-2,$0,$-2,$-2,$-2,$-24,$2,$50,0,$-0.04,$0.00,$368,$48,$0,$605,$5,$11,$19,$11,$180,$784,$391,$0,$22,$144,$535,$0,$-1132,$69,$249,$784,$-65,$5,$9,$14,$4,$0,$-28,$-14,$-41,$-92,$121,$0,$3,$-4,$0,$-4,$14,$133,$0,$0,$0,$35,$35,$0,$0,$35,$86,$8,$0
26,2010-09-30,6.51,$5.04,1.29,$7.66,0.85,$-0.96,0.0,$-1.89,0.0,$0.62B,$0.39B,1.62,$0.00B,$0.25B,0.0,$0.33B,$0.10B,29.31%,$0.33B,$-0.09B,-27.19%,$0.33B,$-0.09B,-27.19%,$0.33B,$-0.08B,-25.38%,$0.33B,$-0.07B,-22.36%,$0.33B,$-0.08B,-24.47%,$-0.08B,$0.25B,-32.83%,$-0.08B,$0.25B,-32.83%,$-0.08B,$0.81B,-9.43%,$-0.09B,$0.25B,-36.47%,$47,$28,$18,$7,$14,$50,$-4,$1,$-3,$2,$-5,$-5,$-4,$-23,$-4,$50,0,$-0.08,$0.00,$360,$52,$47,$624,$5,$9,$0,$15,$187,$811,$385,$0,$28,$172,$558,$0,$-1109,$69,$253,$811,$-42,$4,$6,$10,$-9,$67,$-32,$-91,$-65,$-97,$121,$0,$3,$-4,$0,$-4,$8,$128,$0,$0,$0,$35,$35,$0,$0,$35,$71,$6,$0
27,2010-06-30,5.52,$5.39,1.02,$7.95,0.69,$-3.62,0.0,$-2.31,0.0,$0.59B,$0.44B,1.35,$0.00B,$0.24B,0.0,$0.34B,$0.11B,31.96%,$0.34B,$-0.10B,-29.03%,$0.34B,$-0.10B,-29.03%,$0.34B,$-0.09B,-26.39%,$0.34B,$-0.09B,-27.27%,$0.34B,$-0.10B,-29.03%,$-0.10B,$0.24B,-38.41%,$-0.10B,$0.24B,-38.41%,$-0.10B,$0.81B,-10.91%,$-0.10B,$0.24B,-38.41%,$83,$55,$29,$9,$11,$75,$8,$-4,$4,$0,$3,$3,$4,$-4,$8,$51,52,$0.11,$0.11,$330,$59,$0,$594,$5,$9,$0,$19,$220,$813,$441,$0,$27,$135,$576,$0,$-1092,$72,$237,$813,$-25,$3,$4,$7,$-10,$44,$-25,$-76,$-67,$-85,$122,$0,$2,$-4,$0,$-4,$4,$124,$0,$0,$0,$-0,$-0,$0,$0,$-0,$41,$5,$0
28,2010-03-31,8.37,$5.49,1.52,$8.16,1.03,$-5.38,0.0,$-4.08,0.0,$0.55B,$0.48B,1.15,$0.00B,$0.24B,0.0,$0.35B,$0.07B,20.11%,$0.35B,$-0.18B,-52.01%,$0.35B,$-0.18B,-52.01%,$0.35B,$-0.17B,-48.56%,$0.35B,$-0.16B,-47.13%,$0.35B,$-0.17B,-50.00%,$-0.17B,$0.24B,-62.25%,$-0.17B,$0.24B,-62.25%,$-0.17B,$0.88B,-17.86%,$-0.18B,$0.24B,-64.76%,$83,$51,$32,$7,$15,$69,$14,$-7,$7,$-0,$8,$8,$8,$-19,$14,$52,52,$0.15,$0.15,$256,$72,$0,$553,$129,$9,$0,$13,$330,$883,$482,$0,$20,$160,$642,$0,$-1083,$69,$241,$883,$-16,$2,$5,$7,$-8,$19,$-17,$-28,$-35,$-44,$6,$0,$2,$-2,$0,$-2,$6,$11,$0,$0,$0,$-0,$-0,$0,$0,$-0,$-31,$3,$0
29,2009-12-31,6.57,$5.91,1.11,$9.13,0.72,$-4.82,0.0,$-5.34,0.0,$0.59B,$0.49B,1.19,$0.00B,$0.26B,0.0,$0.39B,$0.07B,16.84%,$0.39B,$-0.22B,-56.74%,$0.39B,$-0.22B,-56.74%,$0.39B,$-0.21B,-53.11%,$0.39B,$-0.22B,-55.96%,$0.39B,$-0.23B,-58.29%,$-0.23B,$0.26B,-70.26%,$-0.23B,$0.26B,-70.26%,$-0.23B,$0.93B,-21.50%,$-0.22B,$0.26B,-68.38%,$93,$58,$35,$7,$18,$83,$10,$4,$13,$2,$11,$11,$12,$-38,$10,$52,52,$0.21,$0.21,$293,$72,$0,$588,$131,$8,$0,$13,$341,$929,$493,$0,$19,$180,$673,$0,$-1067,$71,$256,$929,$-226,$13,$45,$58,$123,$73,$-128,$33,$100,$-67,$5,$0,$5,$13,$0,$13,$-1,$21,$0,$-1,$-1,$0,$0,$0,$0,$-0,$-44,$12,$0
30,2009-09-30,6.27,$6.90,0.91,$12.25,0.51,$-5.04,0.0,$-6.36,0.0,$0.66B,$0.51B,1.31,$0.00B,$0.30B,0.0,$0.51B,$0.06B,11.74%,$0.51B,$-0.23B,-45.79%,$0.51B,$-0.23B,-45.79%,$0.51B,$-0.22B,-42.27%,$0.51B,$-0.26B,-51.27%,$0.51B,$-0.27B,-52.25%,$-0.27B,$0.30B,-71.58%,$-0.27B,$0.30B,-71.58%,$-0.27B,$1.00B,-23.37%,$-0.23B,$0.30B,-62.73%,$61,$42,$19,$8,$19,$72,$-11,$1,$-10,$1,$-11,$-11,$-10,$-29,$-11,$52,52,$-0.21,$-0.21,$266,$167,$0,$663,$167,$8,$0,$21,$341,$1004,$506,$0,$18,$201,$707,$0,$-1028,$75,$297,$1004,$-186,$10,$14,$24,$109,$41,$-132,$54,$74,$-89,$-2,$0,$12,$3,$0,$3,$2,$15,$0,$0,$0,$0,$0,$0,$-1,$-0,$-72,$9,$0
31,2009-06-30,4.89,$7.57,0.65,$14.97,0.33,$-3.98,0.0,$-6.90,0.0,$0.73B,$0.55B,1.32,$0.00B,$0.32B,0.0,$0.62B,$0.09B,14.98%,$0.62B,$-0.24B,-38.65%,$0.62B,$-0.24B,-38.65%,$0.62B,$-0.22B,-34.62%,$0.62B,$-0.28B,-44.28%,$0.62B,$-0.29B,-46.38%,$-0.29B,$0.32B,-66.44%,$-0.29B,$0.32B,-66.63%,$-0.29B,$1.08B,-23.01%,$-0.24B,$0.32B,-55.36%,$76,$68,$8,$9,$19,$101,$-25,$2,$-23,$-0,$-23,$-23,$-23,$-83,$-25,$46,46,$-0.47,$-0.47,$291,$188,$0,$725,$169,$12,$0,$26,$355,$1080,$552,$0,$9,$205,$756,$0,$-993,$70,$324,$1080,$-152,$7,$8,$15,$96,$30,$-119,$91,$100,$-37,$-1,$0,$0,$1,$0,$1,$2,$1,$0,$0,$0,$0,$0,$0,$-0,$-0,$-37,$6,$0
32,2009-03-31,2.37,$9.48,0.25,$28.50,0.08,$-1.90,0.0,$-5.85,0.0,$0.81B,$0.56B,1.44,$0.00B,$0.40B,0.0,$1.17B,$0.19B,16.27%,$1.17B,$-0.18B,-15.67%,$1.17B,$-0.18B,-15.67%,$1.17B,$-0.15B,-13.03%,$1.17B,$-0.23B,-19.51%,$1.17B,$-0.24B,-20.70%,$-0.24B,$0.40B,-48.65%,$-0.24B,$0.40B,-48.92%,$-0.24B,$1.17B,-17.17%,$-0.18B,$0.40B,-36.84%,$61,$49,$12,$10,$25,$85,$-23,$7,$-16,$1,$-17,$-17,$-17,$-55,$-23,$45,45,$-0.39,$-0.39,$318,$161,$0,$810,$172,$12,$0,$23,$363,$1174,$564,$0,$9,$206,$769,$0,$-909,$69,$404,$1174,$-67,$4,$12,$16,$55,$8,$-66,$39,$40,$-12,$-1,$0,$0,$3,$0,$3,$2,$5,$0,$0,$0,$0,$0,$0,$-0,$-0,$-10,$4,$0
33,2008-12-31,5.55,$11.07,0.5,$39.93,0.14,$0.48,11.53,$-3.60,0.0,$0.93B,$0.62B,1.5,$0.00B,$0.47B,0.0,$1.64B,$0.26B,15.90%,$1.64B,$-0.16B,-9.51%,$1.64B,$-0.16B,-9.51%,$1.64B,$-0.12B,-7.25%,$1.64B,$-0.14B,-8.71%,$1.64B,$-0.15B,-9.20%,$-0.15B,$0.47B,-27.33%,$-0.15B,$0.47B,-27.76%,$-0.15B,$1.31B,-9.68%,$-0.16B,$0.47B,-28.24%,$73,$50,$23,$9,$21,$78,$-5,$-4,$-9,$-1,$-9,$-9,$-9,$-49,$-5,$43,43,$-0.21,$-0.21,$331,$190,$0,$933,$175,$18,$0,$23,$378,$1311,$621,$0,$13,$223,$844,$0,$-841,$69,$467,$1311,$-151,$38,$-16,$22,$59,$0,$129,$-119,$73,$-55,$-14,$0,$214,$46,$0,$46,$-0,$246,$-325,$-6,$-332,$2,$2,$0,$-3,$-333,$-128,$21,$0
34,2008-09-30,10.11,$12.81,0.79,$54.06,0.19,$-3.98,0.0,$-2.25,0.0,$0.98B,$0.66B,1.48,$0.00B,$0.54B,0.0,$2.21B,$0.33B,15.10%,$2.21B,$-0.13B,-6.03%,$2.21B,$-0.13B,-6.03%,$2.21B,$-0.09B,-4.13%,$2.21B,$-0.07B,-2.95%,$2.21B,$-0.10B,-4.31%,$-0.10B,$0.54B,-16.09%,$-0.10B,$0.53B,-16.51%,$-0.10B,$1.44B,-5.50%,$-0.13B,$0.54B,-22.53%,$81,$54,$27,$10,$30,$101,$-21,$7,$-14,$2,$-16,$-16,$-16,$-28,$-21,$43,43,$-0.36,$-0.36,$349,$195,$0,$984,$203,$14,$5,$25,$457,$1441,$664,$0,$18,$238,$902,$0,$-761,$68,$539,$1441,$-70,$31,$-41,$-11,$61,$-13,$80,$-88,$49,$-32,$-13,$0,$207,$58,$0,$58,$-6,$246,$-325,$0,$-325,$1,$1,$0,$-9,$-333,$-108,$14,$0
35,2008-06-30,16.41,$14.04,1.17,$65.71,0.25,$-8.17,0.0,$-2.28,0.0,$1.26B,$0.90B,1.41,$0.00B,$0.59B,0.0,$2.67B,$0.34B,12.73%,$2.67B,$-0.15B,-5.65%,$2.67B,$-0.15B,-5.65%,$2.67B,$-0.10B,-3.89%,$2.67B,$-0.07B,-2.62%,$2.67B,$-0.09B,-3.52%,$-0.09B,$0.59B,-14.90%,$-0.09B,$0.58B,-15.53%,$-0.09B,$1.74B,-4.90%,$-0.15B,$0.59B,-23.94%,$116,$81,$35,$11,$26,$157,$-41,$6,$-35,$5,$-39,$-39,$-39,$-21,$-41,$42,42,$-0.90,$-0.90,$272,$196,$374,$1264,$207,$16,$5,$24,$471,$1736,$899,$0,$19,$249,$1148,$0,$-705,$65,$588,$1736,$-14,$20,$-38,$-18,$65,$-27,$115,$-69,$88,$58,$-10,$0,$0,$58,$0,$58,$-1,$47,$-296,$0,$-296,$0,$0,$0,$-4,$-300,$-184,$10,$0
36,2008-03-31,8.52,$14.78,0.58,$63.64,0.13,$-13.39,0.0,$-2.88,0.0,$1.25B,$0.88B,1.43,$0.00B,$0.62B,0.0,$2.58B,$0.34B,13.12%,$2.58B,$-0.18B,-6.79%,$2.58B,$-0.18B,-6.79%,$2.58B,$-0.12B,-4.77%,$2.58B,$-0.10B,-3.69%,$2.58B,$-0.12B,-4.54%,$-0.12B,$0.62B,-17.61%,$-0.12B,$0.59B,-18.65%,$-0.12B,$1.75B,-5.74%,$-0.18B,$0.62B,-26.34%,$71,$46,$24,$14,$33,$103,$-32,$-3,$-35,$-0,$-35,$-35,$-35,$-21,$-32,$43,43,$-0.81,$-0.81,$319,$330,$0,$1253,$210,$16,$23,$26,$496,$1750,$878,$0,$20,$256,$1133,$0,$-666,$60,$616,$1750,$25,$10,$-55,$-45,$75,$0,$60,$-24,$113,$93,$-8,$0,$0,$52,$0,$52,$1,$46,$-289,$0,$-289,$0,$0,$0,$2,$-286,$-139,$5,$0
37,2007-12-31,8.25,$15.02,0.55,$61.17,0.13,$-18.24,0.0,$-4.86,0.0,$1.49B,$1.10B,1.35,$0.00B,$0.62B,0.0,$2.47B,$0.32B,13.02%,$2.47B,$-0.20B,-7.95%,$2.47B,$-0.20B,-7.95%,$2.47B,$-0.14B,-5.68%,$2.47B,$-0.17B,-6.69%,$2.47B,$-0.20B,-7.95%,$-0.20B,$0.62B,-28.36%,$-0.20B,$0.59B,-30.34%,$-0.20B,$1.99B,-9.06%,$-0.20B,$0.62B,-28.35%,$80,$96,$-16,$16,$27,$167,$-87,$7,$-80,$5,$-84,$-84,$-84,$-21,$-87,$42,42,$-1.98,$-1.98,$510,$334,$0,$1493,$209,$17,$25,$30,$492,$1985,$1103,$0,$23,$263,$1367,$0,$-691,$92,$618,$1985,$-198,$57,$-24,$33,$94,$121,$-172,$-114,$-61,$-225,$-23,$0,$0,$-13,$0,$-13,$65,$29,$-62,$6,$-56,$-2,$-2,$0,$-0,$-58,$-224,$13,$0
38,2007-09-30,10.98,$17.33,0.63,$58.70,0.19,$-10.28,0.0,$-5.31,0.0,$1.73B,$1.23B,1.4,$0.00B,$0.70B,0.0,$2.36B,$0.30B,12.56%,$2.36B,$-0.22B,-9.31%,$2.36B,$-0.22B,-9.31%,$2.36B,$-0.16B,-6.77%,$2.36B,$-0.23B,-9.69%,$2.36B,$-0.21B,-9.01%,$-0.21B,$0.70B,-29.18%,$-0.21B,$0.65B,-31.49%,$-0.21B,$2.20B,-9.42%,$-0.22B,$0.70B,-27.53%,$119,$98,$22,$22,$54,$178,$-59,$-7,$-66,$2,$-67,$-67,$-67,$-41,$-59,$42,42,$-1.62,$-1.62,$653,$362,$0,$1730,$213,$15,$47,$27,$469,$2199,$1233,$0,$21,$265,$1498,$0,$-667,$155,$701,$2199,$-171,$45,$-5,$40,$76,$64,$-119,$-88,$-60,$-193,$-19,$0,$4,$-9,$0,$-9,$7,$-17,$33,$0,$33,$-0,$-0,$0,$6,$39,$-152,$7,$0
39,2007-06-30,16.83,$17.87,0.94,$57.62,0.29,$-4.99,0.0,$-5.01,0.0,$1.65B,$1.23B,1.35,$0.00B,$0.72B,0.0,$2.32B,$0.31B,13.28%,$2.32B,$-0.22B,-9.49%,$2.32B,$-0.22B,-9.49%,$2.32B,$-0.16B,-6.86%,$2.32B,$-0.22B,-9.40%,$2.32B,$-0.20B,-8.67%,$-0.20B,$0.72B,-26.73%,$-0.20B,$0.67B,-28.93%,$-0.20B,$2.22B,-8.69%,$-0.22B,$0.72B,-24.72%,$241,$211,$30,$27,$46,$298,$-56,$-25,$-81,$-0,$-81,$-81,$-81,$-40,$-56,$41,41,$-2.01,$-2.01,$537,$466,$0,$1650,$213,$96,$51,$38,$569,$2219,$1226,$0,$21,$271,$1497,$0,$-611,$123,$722,$2219,$-116,$30,$-3,$27,$85,$-19,$-90,$-43,$-60,$-149,$-14,$0,$0,$-8,$0,$-8,$6,$-15,$-0,$0,$-0,$0,$0,$0,$5,$5,$-152,$5,$0
40,2007-03-31,24.87,$17.87,1.39,$57.99,0.43,$0.72,34.61,$-4.02,0.0,$1.72B,$1.25B,1.39,$0.00B,$0.72B,0.0,$2.33B,$0.34B,14.44%,$2.33B,$-0.19B,-8.19%,$2.33B,$-0.19B,-8.19%,$2.33B,$-0.13B,-5.44%,$2.33B,$-0.18B,-7.59%,$2.33B,$-0.16B,-6.90%,$-0.16B,$0.72B,-20.17%,$-0.16B,$0.67B,-21.85%,$-0.16B,$2.25B,-6.89%,$-0.19B,$0.72B,-19.01%,$181,$123,$57,$36,$59,$219,$-38,$-10,$-48,$8,$-56,$-56,$-56,$-38,$-38,$41,41,$-1.35,$-1.35,$579,$443,$0,$1724,$210,$45,$55,$40,$523,$2247,$1245,$1,$22,$280,$1525,$0,$-550,$64,$723,$2247,$-54,$15,$-7,$8,$60,$-2,$-41,$-83,$-61,$-107,$-5,$0,$0,$-5,$0,$-5,$12,$2,$-0,$0,$-0,$0,$0,$0,$-1,$-1,$-103,$3,$0
41,2006-12-31,26.25,$19.15,1.37,$61.15,0.43,$4.75,5.52,$-2.94,0.0,$1.85B,$1.05B,1.77,$0.28B,$0.77B,0.36,$2.46B,$0.39B,15.70%,$2.46B,$-0.15B,-6.10%,$2.46B,$-0.15B,-6.10%,$2.46B,$-0.08B,-3.38%,$2.46B,$-0.14B,-5.49%,$2.46B,$-0.12B,-4.76%,$-0.12B,$0.77B,-13.80%,$-0.12B,$0.72B,-14.96%,$-0.12B,$2.38B,-4.94%,$-0.15B,$1.05B,-13.35%,$633,$551,$82,$39,$72,$664,$-31,$-3,$-34,$5,$-39,$-39,$-39,$-41,$-31,$41,41,$-0.93,$-0.93,$688,$440,$0,$1845,$213,$48,$60,$32,$538,$2383,$1045,$275,$14,$564,$1609,$0,$-494,$63,$774,$2383,$-117,$68,$13,$81,$133,$47,$-25,$-26,$100,$63,$10,$-1,$0,$4,$0,$4,$23,$36,$-100,$1,$-100,$0,$0,$0,$-0,$-100,$16,$17,$0
