,Date,Stock Price,Book Value per Share,Price to Book Ratio,TTM Sales per Share,Price to Sales Ratio,TTM FCF per Share,Price to FCF Ratio,TTM Net EPS,PE Ratio,Current Assets,Current Liabilities,Current Ratio,Long Term Debt,Shareholder's Equity_x,Debt to Equity Ratio,TTM Revenue_x,TTM Gross Profit,Gross Margin,TTM Revenue_y,TTM Operating Income,Operating Margin,TTM Revenue_x,TTM EBIT,EBIT Margin,TTM Revenue_y,TTM EBITDA,EBITDA Margin,TTM Revenue_x,TTM Pre-Tax Income,Pre-Tax Margin,TTM Revenue_y,TTM Net Income_x,Net Margin,TTM Net Income_y,Shareholder's Equity_y,Return on Equity,TTM Net Income_x,Tangible Equity,Return on Tangible Equity,TTM Net Income_y,Total Assets,Return on Assets,TTM Net Income,LT Investments & Debt,Return on Investment,revenue,cost-goods-sold,gross-profit,research-development-expenses,selling-general-administrative-expenses,operating-expenses,operating-income,total-non-operating-income-expense,pre-tax-income,total-provision-income-taxes,income-after-taxes,income-from-continuous-operations,net-income,ebitda,ebit,basic-shares-outstanding,shares-outstanding,eps-basic-net-earnings-per-share,eps-earnings-per-share-diluted,cash-on-hand,inventory,other-current-assets,total-current-assets,net-property-plant-equipment,long-term-investments,goodwill-intangible-assets-total,other-long-term-assets,total-long-term-assets,total-assets,total-current-liabilities,long-term-debt,other-non-current-liabilities,total-long-term-liabilities,total-liabilities,common-stock-net,retained-earnings-accumulated-deficit,comprehensive-income,total-share-holder-equity,total-liabilities-share-holders-equity,net-income-loss,total-depreciation-amortization-cash-flow,other-non-cash-items,total-non-cash-items,change-in-accounts-receivable,change-in-inventories,change-in-accounts-payable,change-in-assets-liabilities,total-change-in-assets-liabilities,cash-flow-from-operating-activities,net-change-in-property-plant-equipment,net-change-in-intangible-assets,net-acquisitions-divestitures,net-change-in-short-term-investments,net-change-in-long-term-investments,net-change-in-investments-total,investing-activities-other,cash-flow-from-investing-activities,net-long-term-debt,net-current-debt,debt-issuance-retirement-net-total,net-common-equity-issued-repurchased,net-total-equity-issued-repurchased,total-common-preferred-stock-dividends-paid,financial-activities-other,cash-flow-from-financial-activities,net-cash-flow,stock-based-compensation,common-stock-dividends-paid
0,2018-09-30,139.81,$42.76,3.27,$80.15,1.74,$10.96,12.75,$6.22,22.48,$40.20B,$26.50B,1.52,$38.28B,$34.25B,1.12,$64.14B,$16.35B,25.50%,$64.14B,$8.97B,13.99%,$64.14B,$8.97B,13.99%,$64.14B,$11.30B,17.62%,$64.14B,$8.20B,12.78%,$64.14B,$4.98B,7.76%,$4.98B,$34.25B,15.15%,$4.98B,$-9.13B,-45.86%,$4.98B,$114.94B,4.83%,$8.97B,$72.53B,14.52%,$16510,$12536,$3974,$586,$1681,$14672,$1838,$-70,$1768,$419,$1349,$1349,$1238,$2431,$1838,$791,802,$1.56,$1.54,$13799,$9068,$4787,$40204,$10236,$0,$43380,$16275,$74735,$114939,$26504,$38275,$13373,$54185,$80689,$17869,$57706,$-7723,$34250,$114939,$4856,$1766,$-769,$997,$-2379,$-991,$0,$-389,$-715,$4317,$-1122,$-302,$922,$0,$0,$0,$-517,$-1019,$11316,$1228,$12544,$-39,$-39,$-1606,$-60,$10839,$14026,$181,$-1606
1,2018-06-30,124.38,$41.68,2.98,$78.45,1.59,$9.36,13.29,$6.35,19.59,$36.56B,$25.07B,1.46,$27.25B,$33.35B,0.82,$62.69B,$16.33B,26.06%,$62.69B,$9.17B,14.62%,$62.69B,$9.17B,14.62%,$62.69B,$11.44B,18.25%,$62.69B,$8.37B,13.35%,$62.69B,$5.07B,8.09%,$5.07B,$33.35B,15.73%,$5.07B,$-10.09B,-43.64%,$5.07B,$101.57B,5.15%,$9.17B,$60.59B,15.92%,$16705,$12422,$4283,$589,$1759,$13829,$2876,$-42,$2834,$695,$2139,$2139,$2048,$3468,$2876,$791,800,$2.59,$2.56,$11068,$8979,$4536,$36556,$10115,$0,$43438,$7071,$65013,$101569,$25068,$27246,$13190,$43155,$68223,$17747,$57027,$-7684,$33346,$101569,$3507,$1173,$-854,$319,$-1661,$-962,$0,$65,$-548,$2555,$-709,$-181,$960,$0,$0,$0,$-308,$-238,$337,$642,$979,$-46,$-46,$-1070,$-74,$-211,$2088,$117,$-1070
2,2018-03-31,124.46,$40.61,3.06,$76.70,1.62,$10.02,12.43,$5.59,22.27,$32.74B,$24.75B,1.32,$25.15B,$32.49B,0.77,$61.26B,$16.17B,26.39%,$61.26B,$8.46B,13.80%,$61.26B,$8.46B,13.80%,$61.26B,$10.67B,17.41%,$61.26B,$7.60B,12.40%,$61.26B,$4.46B,7.28%,$4.46B,$32.49B,14.20%,$4.46B,$-11.84B,-35.91%,$4.46B,$98.78B,4.61%,$8.46B,$57.65B,15.11%,$15242,$11280,$3962,$554,$1711,$13314,$1928,$-38,$1890,$522,$1368,$1368,$1297,$2509,$1928,$790,800,$1.64,$1.62,$7667,$8938,$4437,$32741,$10283,$0,$44334,$7136,$66038,$98779,$24747,$25153,$13405,$41540,$66287,$17641,$55533,$-6937,$32492,$98779,$1368,$581,$-124,$457,$-1140,$-631,$0,$186,$-1009,$453,$-337,$-78,$-90,$0,$0,$0,$-471,$-976,$-975,$666,$-309,$-20,$-20,$-535,$-46,$-910,$-1314,$55,$-535
3,2017-12-31,125.52,$39.32,3.19,$74.88,1.68,$10.70,11.73,$5.70,22.02,$32.86B,$24.39B,1.35,$24.99B,$31.42B,0.8,$59.84B,$15.88B,26.55%,$59.84B,$8.67B,14.49%,$59.84B,$8.67B,14.49%,$59.84B,$10.81B,18.07%,$59.84B,$7.76B,12.97%,$59.84B,$4.55B,7.61%,$4.55B,$31.42B,14.86%,$4.55B,$-12.37B,-35.26%,$4.55B,$96.92B,4.81%,$8.67B,$56.41B,16.03%,$15680,$11547,$4133,$590,$1474,$13348,$2332,$-627,$1705,$1219,$486,$118,$397,$2890,$2332,$790,799,$0.49,$0.50,$8985,$9881,$1397,$32858,$10186,$0,$43793,$5988,$64062,$96920,$24391,$24989,$12952,$41108,$65499,$17574,$55242,$-7525,$31421,$96920,$4920,$2140,$-31,$2109,$-448,$-1074,$0,$-2213,$-2164,$5631,$-2014,$-380,$-161,$0,$596,$596,$-1060,$-3019,$3350,$-271,$3079,$-1422,$-1422,$-2074,$-576,$-993,$1829,$192,$-2074
4,2017-09-30,113.54,$39.68,2.86,$73.00,1.56,$11.88,9.55,$6.45,17.6,$32.96B,$25.25B,1.31,$24.06B,$31.69B,0.76,$58.82B,$15.69B,26.67%,$58.82B,$7.98B,13.57%,$58.82B,$7.98B,13.57%,$58.82B,$10.07B,17.12%,$58.82B,$7.33B,12.46%,$58.82B,$5.17B,8.79%,$5.17B,$31.69B,17.19%,$5.17B,$-12.18B,-39.12%,$5.17B,$96.35B,5.57%,$7.98B,$55.75B,15.14%,$15062,$11106,$3956,$592,$1582,$13030,$2032,$-92,$1940,$506,$1434,$1434,$1330,$2575,$2032,$788,797,$1.69,$1.67,$8523,$10083,$1229,$32963,$9763,$0,$43871,$5848,$63389,$96352,$25249,$24063,$11693,$39412,$64661,$17486,$55385,$-7327,$31691,$96352,$4434,$1582,$623,$2205,$-1051,$-1249,$0,$-1930,$-2366,$3110,$-1214,$-290,$-159,$0,$596,$596,$-591,$-1658,$2457,$400,$2857,$-1405,$-1405,$-1541,$-204,$-293,$1367,$145,$-1541
5,2017-06-30,118.73,$37.75,3.15,$71.38,1.66,$13.74,8.64,$6.56,18.1,$32.83B,$23.92B,1.37,$23.88B,$30.16B,0.79,$58.11B,$15.74B,27.09%,$58.11B,$8.20B,14.11%,$58.11B,$8.20B,14.11%,$58.11B,$10.24B,17.62%,$58.11B,$7.42B,12.76%,$58.11B,$5.32B,9.15%,$5.32B,$30.16B,17.82%,$5.32B,$-13.31B,-40.04%,$5.32B,$94.79B,5.83%,$8.20B,$54.04B,15.92%,$15280,$11164,$4116,$619,$1590,$13116,$2164,$-100,$2064,$532,$1532,$1532,$1439,$2691,$2164,$789,798,$1.83,$1.80,$9345,$9860,$1027,$32829,$9475,$0,$43468,$5503,$61964,$94793,$23919,$23883,$11181,$40719,$64638,$17372,$54640,$-7964,$30155,$94793,$3000,$1039,$352,$1391,$-951,$-1066,$0,$-52,$-633,$3139,$-771,$-195,$-149,$0,$596,$596,$-471,$-990,$2402,$32,$2434,$-1348,$-1348,$-1008,$-130,$-52,$2192,$96,$-1008
6,2017-03-31,108.51,$36.53,2.97,$70.08,1.55,$13.13,8.27,$6.41,16.93,$29.31B,$23.73B,1.24,$20.90B,$29.27B,0.71,$57.70B,$15.76B,27.31%,$57.70B,$8.37B,14.51%,$57.70B,$8.37B,14.51%,$57.70B,$10.38B,17.99%,$57.70B,$7.47B,12.94%,$57.70B,$5.26B,9.11%,$5.26B,$29.27B,17.55%,$5.26B,$-13.78B,-40.03%,$5.26B,$90.37B,5.85%,$8.37B,$50.17B,16.51%,$13815,$10136,$3679,$586,$1537,$11671,$2144,$-90,$2054,$586,$1468,$1468,$1386,$2656,$2144,$794,802,$1.75,$1.73,$7156,$9386,$923,$29305,$9255,$0,$43053,$5363,$61068,$90373,$23726,$20898,$10737,$37375,$61101,$17359,$53741,$-8333,$29272,$90373,$1468,$512,$-90,$422,$-268,$-654,$0,$-67,$-521,$993,$-325,$-101,$-100,$0,$596,$596,$-209,$-139,$-27,$567,$540,$-922,$-922,$-505,$-42,$-929,$-6,$47,$-505
7,2016-12-31,105.38,$36.07,2.92,$68.92,1.53,$12.91,8.16,$6.11,17.25,$28.55B,$21.91B,1.3,$21.70B,$29.17B,0.74,$57.24B,$15.78B,27.57%,$57.24B,$8.17B,14.28%,$57.24B,$8.17B,14.28%,$57.24B,$10.13B,17.70%,$57.24B,$7.13B,12.46%,$57.24B,$5.06B,8.83%,$5.06B,$29.17B,16.78%,$5.06B,$-13.57B,-38.90%,$5.06B,$89.71B,5.65%,$8.17B,$50.87B,16.01%,$14659,$10723,$3936,$626,$1856,$13020,$1639,$-366,$1273,$149,$1124,$1024,$1013,$2145,$1639,$818,826,$1.28,$1.27,$7157,$8704,$1208,$28550,$9158,$0,$42743,$6048,$61156,$89706,$21906,$21697,$11026,$38631,$60537,$17285,$52873,$-8334,$29169,$89706,$5436,$1962,$313,$2275,$-941,$-719,$0,$-254,$-1464,$6412,$-1699,$-388,$-499,$0,$0,$0,$77,$-2509,$4017,$-331,$3686,$-2241,$-2241,$-2069,$-564,$-1188,$69,$152,$-2069
8,2016-09-30,97.07,$37.36,2.6,$67.37,1.44,$12.98,7.48,$8.72,11.13,$28.55B,$22.54B,1.27,$20.19B,$30.76B,0.66,$56.89B,$15.50B,27.24%,$56.89B,$6.93B,12.17%,$56.89B,$6.93B,12.17%,$56.89B,$8.84B,15.55%,$56.89B,$6.05B,10.63%,$56.89B,$7.32B,12.87%,$7.32B,$30.76B,24.37%,$7.32B,$-12.46B,-55.80%,$7.32B,$90.06B,8.23%,$6.93B,$50.95B,13.75%,$14354,$10342,$4012,$582,$1390,$12103,$2251,$-225,$2026,$492,$1534,$1443,$1480,$2747,$2251,$822,831,$1.80,$1.78,$7107,$9081,$860,$28548,$8989,$0,$43222,$6461,$61514,$90062,$22541,$20190,$10700,$36757,$59298,$17213,$52384,$-7729,$30764,$90062,$4312,$1456,$148,$1604,$-636,$-810,$0,$-152,$-824,$4567,$-1043,$-301,$-387,$0,$0,$0,$-168,$-1899,$2281,$-63,$2218,$-522,$-522,$-1561,$-338,$-203,$13,$112,$-1561
9,2016-06-30,97.39,$36.62,2.66,$65.68,1.48,$12.13,8.03,$8.48,11.48,$27.97B,$22.18B,1.26,$20.13B,$30.65B,0.66,$56.32B,$15.47B,27.47%,$56.32B,$6.98B,12.39%,$56.32B,$6.98B,12.39%,$56.32B,$8.88B,15.77%,$56.32B,$6.14B,10.90%,$56.32B,$7.20B,12.79%,$7.20B,$30.65B,23.72%,$7.20B,$-12.73B,-56.61%,$7.20B,$89.48B,8.05%,$6.98B,$50.78B,13.81%,$14874,$10741,$4133,$588,$1451,$12537,$2337,$-225,$2112,$587,$1525,$1426,$1379,$2831,$2337,$825,834,$1.67,$1.65,$6785,$8747,$894,$27970,$8911,$0,$43377,$6410,$61510,$89480,$22183,$20130,$10492,$36649,$58832,$16341,$51451,$-7484,$30648,$89480,$2778,$960,$79,$1039,$-679,$-466,$0,$-130,$-703,$2606,$-649,$-199,$-488,$0,$0,$0,$-44,$-1380,$2322,$-178,$2144,$-31,$-31,$-1035,$-164,$914,$-307,$96,$-1035
10,2016-03-31,94.44,$35.73,2.64,$64.36,1.47,$12.45,7.59,$8.56,11.03,$27.53B,$20.52B,1.34,$21.69B,$29.90B,0.73,$56.14B,$15.56B,27.71%,$56.14B,$7.05B,12.57%,$56.14B,$7.05B,12.57%,$56.14B,$8.93B,15.90%,$56.14B,$6.22B,11.09%,$56.14B,$7.37B,13.12%,$7.37B,$29.90B,24.00%,$7.37B,$-13.22B,-59.09%,$7.37B,$88.57B,8.16%,$7.05B,$51.59B,13.92%,$13357,$9654,$3703,$541,$1363,$11412,$1945,$-223,$1722,$469,$1253,$1172,$1183,$2411,$1945,$825,831,$1.43,$1.42,$7215,$8507,$906,$27527,$8763,$0,$43127,$6282,$61044,$88571,$20523,$21688,$10461,$38145,$58668,$16256,$50625,$-7344,$29903,$88571,$1253,$466,$-44,$422,$-110,$-310,$0,$-156,$-706,$798,$-286,$-98,$-63,$0,$0,$0,$-46,$-493,$2324,$306,$2630,$2,$2,$-509,$-93,$2030,$125,$48,$-509
11,2015-12-31,89.98,$34.41,2.62,$63.02,1.43,$13.29,6.77,$8.71,10.33,$26.71B,$22.62B,1.18,$19.32B,$28.84B,0.67,$56.10B,$15.67B,27.93%,$56.10B,$7.29B,13.00%,$56.10B,$7.29B,13.00%,$56.10B,$9.15B,16.32%,$56.10B,$6.47B,11.53%,$56.10B,$7.61B,13.56%,$7.61B,$28.84B,24.74%,$7.61B,$-14.06B,-61.36%,$7.61B,$87.48B,8.37%,$7.29B,$48.16B,14.65%,$14300,$10653,$3647,$611,$1625,$13908,$392,$-206,$186,$363,$-177,$-256,$3278,$854,$392,$873,883,$3.81,$3.76,$7075,$8135,$843,$26706,$8732,$0,$42904,$6163,$60778,$87484,$22618,$19320,$10558,$36022,$58640,$16033,$49956,$-7619,$28844,$87484,$4356,$1863,$1687,$3550,$-438,$-766,$0,$-202,$-916,$6755,$-1652,$-437,$-338,$0,$0,$0,$-367,$-2794,$-20,$795,$775,$-8859,$-8859,$-2184,$-508,$-10776,$1630,$158,$-2184
12,2015-09-30,82.81,$36.13,2.29,$59.28,1.4,$13.42,6.17,$6.47,12.8,$32.36B,$23.69B,1.37,$19.43B,$32.05B,0.61,$53.15B,$16.26B,30.59%,$53.15B,$9.43B,17.74%,$53.15B,$9.43B,17.74%,$53.15B,$11.30B,21.25%,$53.15B,$8.54B,16.08%,$53.15B,$5.80B,10.92%,$5.80B,$32.05B,18.32%,$5.80B,$-10.88B,-50.52%,$5.80B,$92.14B,6.32%,$9.43B,$51.48B,18.74%,$13788,$9800,$3988,$546,$1359,$11486,$2302,$-184,$2118,$592,$1526,$1427,$1362,$2788,$2302,$876,885,$1.55,$1.54,$5477,$8453,$5785,$32359,$8515,$0,$42926,$5986,$59776,$92135,$23689,$19428,$10600,$36395,$60084,$16731,$47236,$-7388,$32051,$92135,$4533,$1401,$552,$1953,$-430,$-1070,$0,$-193,$-1781,$4044,$-1044,$-331,$-157,$0,$0,$0,$116,$-1416,$4,$2891,$2895,$-2861,$-2861,$-1643,$-252,$-1861,$242,$108,$-1643
13,2015-06-30,102.56,$35.86,2.86,$59.75,1.72,$14.38,7.13,$6.97,14.72,$30.67B,$23.73B,1.29,$19.49B,$31.94B,0.61,$53.97B,$16.72B,30.98%,$53.97B,$9.74B,18.04%,$53.97B,$9.74B,18.04%,$53.97B,$11.54B,21.38%,$53.97B,$8.85B,16.40%,$53.97B,$6.30B,11.66%,$6.30B,$31.94B,19.36%,$6.30B,$-11.70B,-57.83%,$6.30B,$92.77B,6.86%,$9.74B,$51.43B,19.19%,$14690,$10472,$4218,$558,$1426,$12275,$2415,$-217,$2198,$626,$1572,$1461,$1542,$2872,$2415,$877,889,$1.76,$1.73,$5933,$10295,$983,$30669,$9266,$0,$43639,$6784,$62104,$92773,$23729,$19489,$11110,$37106,$60835,$15141,$46443,$-6577,$31938,$92773,$3007,$915,$427,$1342,$-418,$-573,$0,$-221,$-793,$3022,$-654,$-247,$-90,$0,$0,$0,$495,$-496,$2,$2645,$2647,$-2974,$-2974,$-1096,$-118,$-1541,$698,$92,$-1096
14,2015-03-31,107.77,$33.89,3.18,$62.03,1.74,$14.28,7.55,$7.08,15.22,$29.96B,$25.73B,1.16,$17.81B,$30.17B,0.59,$56.48B,$16.76B,29.68%,$56.48B,$9.68B,17.14%,$56.48B,$9.68B,17.14%,$56.48B,$11.49B,20.34%,$56.48B,$8.80B,15.59%,$56.48B,$6.43B,11.39%,$6.43B,$30.17B,19.30%,$6.43B,$-12.96B,-63.17%,$6.43B,$91.33B,7.02%,$9.68B,$47.98B,18.92%,$13320,$9506,$3814,$564,$1476,$11138,$2182,$-217,$1965,$530,$1435,$1364,$1426,$2640,$2182,$890,904,$1.60,$1.58,$5281,$10336,$936,$29958,$9175,$0,$43128,$6611,$61369,$91327,$25729,$17809,$10993,$35431,$61160,$15032,$45462,$-7211,$30167,$91327,$1435,$458,$199,$657,$-357,$-458,$0,$-40,$-318,$1646,$-323,$-132,$-72,$0,$0,$0,$733,$206,$9,$2177,$2186,$-2976,$-2976,$-553,$-40,$-1383,$46,$46,$-553
15,2014-12-31,105.18,$35.81,2.94,$63.38,1.66,$13.91,7.56,$6.82,15.42,$31.48B,$23.48B,1.34,$17.78B,$32.56B,0.55,$57.90B,$17.00B,29.36%,$57.90B,$9.59B,16.57%,$57.90B,$9.59B,16.57%,$57.90B,$11.41B,19.71%,$57.90B,$8.71B,15.05%,$57.90B,$6.22B,10.74%,$6.22B,$32.56B,18.18%,$6.22B,$-10.41B,-65.78%,$6.22B,$91.21B,6.79%,$9.59B,$50.35B,18.27%,$11351,$7112,$4239,$545,$1452,$8823,$2528,$-265,$2263,$743,$1520,$1215,$1473,$2996,$2528,$898,912,$1.63,$1.62,$5229,$7642,$6241,$31483,$8592,$0,$42976,$5706,$59723,$91206,$23475,$17784,$10562,$35167,$58642,$15300,$44611,$-6661,$32564,$91206,$6468,$1820,$622,$2442,$111,$-636,$0,$-632,$-1246,$6979,$-1594,$-593,$-58,$0,$0,$0,$278,$-1967,$-206,$-346,$-552,$-1313,$-1313,$-2048,$-336,$-4249,$824,$219,$-2048
16,2014-09-30,96.06,$38.82,2.47,$62.66,1.53,$14.28,6.73,$6.80,14.13,$29.41B,$23.91B,1.23,$17.86B,$35.39B,0.51,$57.28B,$16.07B,28.05%,$57.28B,$8.74B,15.25%,$57.28B,$8.74B,15.25%,$57.28B,$10.49B,18.31%,$57.28B,$7.90B,13.80%,$57.28B,$6.21B,10.84%,$6.21B,$35.39B,18.07%,$6.21B,$-8.46B,-65.57%,$6.21B,$91.77B,6.79%,$8.74B,$53.25B,16.43%,$14613,$10165,$4448,$640,$1501,$12001,$2612,$-185,$2427,$575,$1852,$1755,$1854,$3029,$2612,$898,910,$2.07,$2.04,$5035,$10341,$966,$29411,$9182,$0,$43853,$7024,$62363,$91774,$23908,$17857,$11446,$32477,$56385,$15187,$43668,$-3169,$35389,$91774,$5088,$1352,$418,$1770,$48,$-843,$0,$-321,$-1073,$5022,$-1063,$-459,$-134,$0,$0,$0,$264,$-1392,$-221,$-137,$-358,$-964,$-964,$-1538,$-213,$-3073,$411,$187,$-1538
17,2014-06-30,104.44,$38.47,2.71,$63.49,1.64,$14.13,7.39,$6.33,16.5,$29.64B,$24.33B,1.22,$17.84B,$35.19B,0.51,$58.13B,$16.06B,27.63%,$58.13B,$8.49B,14.60%,$58.13B,$8.49B,14.60%,$58.13B,$10.28B,17.68%,$58.13B,$7.62B,13.10%,$58.13B,$5.79B,9.96%,$5.79B,$35.19B,17.54%,$5.79B,$-8.90B,-53.72%,$5.79B,$92.14B,6.36%,$8.49B,$53.03B,16.24%,$17191,$12931,$4260,$666,$1623,$14836,$2355,$-206,$2149,$359,$1790,$1790,$1680,$2823,$2355,$900,915,$1.87,$1.84,$4962,$9896,$992,$29641,$9026,$0,$44093,$7011,$62501,$92142,$24330,$17837,$11429,$32619,$56949,$15060,$42343,$-2403,$35193,$92142,$3096,$935,$154,$1089,$-312,$-791,$0,$-191,$-1143,$3077,$-739,$-308,$72,$0,$0,$0,$102,$-873,$-173,$19,$-154,$-557,$-557,$-1026,$-106,$-1843,$343,$118,$-1026
18,2014-03-31,105.17,$36.76,2.86,$62.21,1.69,$14.51,7.25,$6.20,16.96,$29.82B,$22.93B,1.3,$19.74B,$33.70B,0.59,$56.95B,$16.25B,28.54%,$56.95B,$8.64B,15.17%,$56.95B,$8.64B,15.17%,$56.95B,$10.40B,18.26%,$56.95B,$7.76B,13.62%,$56.95B,$5.67B,9.95%,$5.67B,$33.70B,18.11%,$5.67B,$-10.05B,-46.31%,$5.67B,$91.23B,6.28%,$8.64B,$53.43B,16.87%,$14745,$10690,$4055,$624,$1596,$12647,$2098,$-225,$1873,$567,$1306,$1306,$1213,$2565,$2098,$901,917,$1.35,$1.32,$4477,$10992,$892,$29820,$8895,$0,$43744,$6428,$61409,$91229,$22931,$19739,$11407,$34603,$57534,$14937,$41205,$-2941,$33695,$91229,$1306,$467,$104,$571,$-66,$-712,$0,$-89,$-605,$1335,$-333,$-142,$106,$0,$0,$0,$-73,$-442,$6,$-200,$-194,$-249,$-249,$-514,$-38,$-995,$-142,$60,$-514
19,2013-12-31,101.9,$36.24,2.81,$61.89,1.65,$14.63,6.96,$6.27,16.25,$29.44B,$22.80B,1.29,$19.74B,$33.22B,0.59,$56.60B,$16.13B,28.50%,$56.60B,$8.55B,15.10%,$56.60B,$8.55B,15.10%,$56.60B,$10.28B,18.17%,$56.60B,$7.65B,13.52%,$56.60B,$5.72B,10.11%,$5.72B,$33.22B,19.22%,$5.72B,$-10.47B,-42.38%,$5.72B,$90.59B,6.39%,$8.55B,$52.96B,17.05%,$10733,$7431,$3302,$471,$1367,$9063,$1670,$-216,$1454,$322,$1132,$1028,$1463,$2070,$1670,$901,915,$1.63,$1.58,$4619,$10330,$1071,$29442,$8866,$0,$43689,$6205,$61152,$90594,$22800,$19741,$11279,$34575,$57375,$14764,$40539,$-2880,$33219,$90594,$5655,$1735,$518,$2253,$-476,$-465,$0,$-36,$46,$7314,$-1569,$-722,$1409,$0,$0,$0,$-441,$-1323,$-2775,$-113,$-2888,$-822,$-822,$-1908,$-313,$-5931,$-217,$250,$-1908
20,2013-09-30,96.02,$32.61,2.94,$68.29,1.41,$14.11,6.81,$6.93,13.86,$29.35B,$23.52B,1.25,$19.79B,$29.92B,0.66,$62.31B,$16.99B,27.26%,$62.31B,$8.63B,13.85%,$62.31B,$8.63B,13.85%,$62.31B,$10.44B,16.76%,$62.31B,$7.69B,12.34%,$62.31B,$6.32B,10.13%,$6.32B,$29.92B,22.37%,$6.32B,$-13.68B,-42.50%,$6.32B,$90.33B,7.08%,$8.63B,$49.70B,17.59%,$15462,$11020,$4442,$630,$1633,$13096,$2366,$-226,$2140,$614,$1526,$1415,$1432,$2818,$2366,$901,916,$1.59,$1.57,$4621,$10765,$895,$29351,$8549,$0,$43595,$6019,$60975,$90326,$23519,$19785,$9804,$36888,$60407,$14665,$39599,$-5325,$29919,$90326,$4523,$1335,$157,$1492,$-198,$-1461,$0,$118,$-464,$4891,$-1047,$-547,$1345,$0,$0,$0,$-350,$-599,$-1795,$-204,$-1999,$-664,$-664,$-1395,$-168,$-4226,$-215,$216,$-1395
21,2013-06-30,82.35,$30.92,2.66,$67.99,1.21,$14.21,5.79,$6.92,11.9,$28.79B,$23.16B,1.24,$20.38B,$28.37B,0.72,$61.89B,$16.58B,26.80%,$61.89B,$8.31B,13.42%,$61.89B,$8.31B,13.42%,$61.89B,$10.09B,16.30%,$61.89B,$7.38B,11.92%,$61.89B,$6.30B,10.18%,$6.30B,$28.37B,23.09%,$6.30B,$-14.77B,-40.34%,$6.30B,$88.74B,7.02%,$8.31B,$48.74B,16.95%,$16006,$11552,$4454,$631,$1737,$13499,$2507,$-217,$2290,$645,$1645,$1552,$1560,$2946,$2507,$901,914,$1.73,$1.71,$4909,$10232,$902,$28790,$8399,$0,$43136,$5676,$59954,$88744,$23164,$20375,$9431,$37211,$60375,$14398,$38629,$-6000,$28369,$88744,$2997,$883,$92,$975,$-282,$-974,$0,$68,$-264,$3348,$-664,$-300,$1233,$0,$0,$0,$-161,$108,$-1224,$-302,$-1526,$-448,$-448,$-930,$-83,$-2987,$73,$133,$-930
22,2013-03-31,82.32,$29.98,2.75,$65.73,1.25,$14.14,5.82,$6.68,12.32,$29.16B,$22.56B,1.29,$21.57B,$27.56B,0.78,$59.69B,$16.00B,26.81%,$59.69B,$7.98B,13.36%,$59.69B,$7.98B,13.36%,$59.69B,$9.63B,16.13%,$59.69B,$7.10B,11.89%,$59.69B,$6.07B,10.16%,$6.07B,$27.56B,23.23%,$6.07B,$-15.08B,-53.96%,$6.07B,$88.51B,7.04%,$7.98B,$49.14B,16.66%,$14399,$10465,$3934,$610,$1627,$12393,$2006,$-236,$1770,$418,$1352,$1270,$1266,$2450,$2006,$901,914,$1.40,$1.39,$4767,$10161,$1788,$29161,$8428,$0,$42641,$5626,$59352,$88513,$22559,$21572,$9206,$38391,$60950,$14221,$37551,$-5867,$27563,$88513,$1352,$444,$1,$445,$209,$-746,$0,$-56,$-198,$1409,$-295,$-157,$722,$0,$0,$0,$69,$339,$-46,$-329,$-375,$-182,$-182,$-465,$3,$-1019,$-55,$70,$-465
23,2012-12-31,71.83,$29.46,2.44,$63.71,1.13,$14.18,5.07,$5.66,12.69,$29.61B,$23.79B,1.25,$21.60B,$27.07B,0.8,$57.71B,$15.56B,26.95%,$57.71B,$7.68B,13.32%,$57.71B,$7.68B,13.32%,$57.71B,$9.21B,15.96%,$57.71B,$6.91B,11.98%,$57.71B,$5.13B,8.89%,$5.13B,$27.07B,20.43%,$5.13B,$-15.92B,-78.09%,$5.13B,$89.41B,6.46%,$7.68B,$48.67B,17.53%,$16443,$12286,$4157,$712,$1795,$14692,$1751,$-260,$1491,$454,$1037,$945,$2057,$2228,$1751,$895,907,$2.29,$2.27,$4819,$9537,$2544,$29610,$8518,$0,$42990,$5542,$59799,$89409,$23786,$21597,$9199,$38554,$62340,$13976,$36776,$-5448,$27069,$89409,$5130,$1524,$400,$1924,$-165,$-539,$0,$-434,$-327,$6605,$-1389,$-1543,$-15601,$0,$0,$0,$-262,$-18795,$10057,$-214,$9843,$522,$522,$-1752,$-592,$8021,$-1124,$210,$-1752
24,2012-09-30,68.08,$28.47,2.39,$61.42,1.11,$14.53,4.69,$4.87,13.98,$31.69B,$26.45B,1.2,$23.41B,$26.09B,0.9,$55.64B,$15.37B,27.62%,$55.64B,$7.79B,14.00%,$55.64B,$7.79B,14.00%,$55.64B,$9.14B,16.42%,$55.64B,$7.21B,12.96%,$55.64B,$4.40B,7.91%,$4.40B,$26.09B,18.29%,$4.40B,$-16.69B,-187.17%,$4.40B,$91.95B,6.07%,$7.79B,$49.50B,19.59%,$15042,$11003,$4039,$590,$1619,$13001,$2041,$-216,$1825,$484,$1341,$1247,$1415,$2463,$2041,$896,907,$1.58,$1.56,$6242,$10467,$1008,$31685,$8239,$0,$42776,$6520,$60261,$91946,$26452,$23409,$9129,$39403,$65855,$13799,$35219,$-4663,$26091,$91946,$4163,$1047,$-54,$993,$406,$-1162,$0,$-101,$-149,$4651,$-748,$-1394,$-15646,$0,$0,$0,$-207,$-17995,$10798,$4509,$15307,$460,$460,$-1288,$-493,$13986,$337,$150,$-1288
25,2012-06-30,65.23,$26.02,2.51,$60.63,1.08,$14.64,4.46,$4.78,13.65,$39.14B,$19.79B,1.98,$20.45B,$23.73B,0.86,$54.83B,$15.23B,27.77%,$54.83B,$7.90B,14.41%,$54.83B,$7.90B,14.41%,$54.83B,$9.15B,16.69%,$54.83B,$7.40B,13.49%,$54.83B,$4.31B,7.86%,$4.31B,$23.73B,18.39%,$4.31B,$2.72B,192.97%,$4.31B,$74.65B,6.63%,$7.90B,$44.18B,22.16%,$13807,$9934,$3873,$525,$1509,$11628,$2179,$-168,$2011,$453,$1558,$1466,$1328,$2486,$2179,$893,905,$1.49,$1.47,$16681,$8502,$755,$39142,$5717,$0,$21009,$5197,$35511,$74653,$19793,$20450,$5360,$31135,$50928,$13538,$34285,$-5675,$23725,$74653,$2822,$625,$83,$708,$262,$-1049,$0,$-58,$-101,$3026,$-431,$-1244,$75,$0,$0,$0,$-10672,$-12272,$10784,$-418,$10366,$138,$138,$-825,$-302,$9377,$90,$96,$-825
26,2012-03-31,71.18,$25.84,2.75,$61.27,1.16,$14.27,4.99,$4.76,14.95,$27.85B,$18.33B,1.52,$9.49B,$23.55B,0.4,$55.49B,$15.36B,27.67%,$55.49B,$7.87B,14.18%,$55.49B,$7.87B,14.18%,$55.49B,$9.14B,16.46%,$55.49B,$7.39B,13.32%,$55.49B,$4.30B,7.74%,$4.30B,$23.55B,18.34%,$4.30B,$3.61B,229.14%,$4.30B,$61.72B,6.95%,$7.87B,$33.04B,23.91%,$12416,$8930,$3486,$544,$1529,$10703,$1713,$-129,$1584,$320,$1264,$1189,$330,$2031,$1713,$891,904,$0.37,$0.36,$6285,$8366,$727,$27847,$5835,$0,$19938,$4721,$33877,$61724,$18330,$9491,$4934,$19845,$38175,$13653,$33389,$-5001,$23549,$61724,$1264,$318,$193,$511,$476,$-721,$0,$-13,$-189,$1323,$-187,$0,$-20,$0,$0,$0,$97,$-110,$-63,$-404,$-467,$120,$120,$-412,$-78,$-837,$402,$47,$-412
27,2011-12-31,62.36,$25.15,2.48,$61.39,1.02,$14.27,4.37,$5.50,11.34,$25.76B,$18.62B,1.38,$9.50B,$22.82B,0.42,$55.75B,$15.39B,27.59%,$55.75B,$7.85B,14.07%,$55.75B,$7.85B,14.07%,$55.75B,$9.11B,16.34%,$55.75B,$7.35B,13.18%,$55.75B,$4.98B,8.93%,$4.98B,$22.82B,21.35%,$4.98B,$0.96B,428.67%,$4.98B,$61.45B,8.09%,$7.85B,$32.32B,23.82%,$14370,$10399,$3971,$522,$1617,$12513,$1857,$-68,$1789,$408,$1381,$996,$1325,$2158,$1857,$892,907,$1.48,$1.46,$5960,$7797,$793,$25758,$6201,$0,$21861,$4210,$35694,$61452,$18616,$9501,$5150,$20016,$38632,$13445,$33487,$-5490,$22820,$61452,$4979,$1263,$241,$1504,$-697,$-330,$0,$-24,$-291,$6460,$-929,$0,$137,$0,$0,$0,$120,$-672,$-557,$562,$5,$-1949,$-1949,$-1602,$-437,$-3983,$1877,$221,$-1602
28,2011-09-30,59.66,$26.03,2.29,$59.43,1.0,$13.46,4.43,$5.34,11.17,$26.42B,$20.06B,1.32,$9.50B,$23.59B,0.4,$54.20B,$14.69B,27.10%,$54.20B,$7.55B,13.94%,$54.20B,$7.55B,13.94%,$54.20B,$8.81B,16.25%,$54.20B,$6.96B,12.84%,$54.20B,$4.85B,8.95%,$4.85B,$23.59B,20.92%,$4.85B,$1.64B,458.05%,$4.85B,$61.95B,7.98%,$7.55B,$33.09B,22.93%,$14235,$10338,$3897,$465,$1512,$12084,$2151,$-139,$2012,$628,$1384,$1384,$1324,$2475,$2151,$889,902,$1.49,$1.47,$5966,$8617,$787,$26424,$6137,$0,$21946,$4662,$35524,$61948,$20064,$9501,$5059,$18296,$38360,$13330,$32594,$-3766,$23588,$61948,$3841,$962,$270,$1232,$-542,$-880,$0,$-30,$-552,$4550,$-570,$0,$153,$0,$0,$0,$129,$-288,$-50,$1130,$1080,$-1979,$-1979,$-1192,$-299,$-2390,$1883,$179,$-1192
29,2011-06-30,74.56,$26.12,2.85,$58.46,1.28,$13.12,5.68,$5.17,14.42,$26.43B,$20.21B,1.31,$9.49B,$23.74B,0.4,$53.58B,$14.74B,27.51%,$53.58B,$7.33B,13.68%,$53.58B,$7.33B,13.68%,$53.58B,$8.60B,16.06%,$53.58B,$6.71B,12.53%,$53.58B,$4.73B,8.82%,$4.73B,$23.74B,20.68%,$4.73B,$1.29B,563.24%,$4.73B,$62.15B,7.81%,$7.33B,$33.23B,22.38%,$14469,$10468,$4001,$494,$1576,$12319,$2150,$-141,$2009,$612,$1397,$1397,$1318,$2472,$2150,$893,910,$1.48,$1.45,$5396,$8795,$880,$26429,$6329,$0,$22450,$4156,$35718,$62147,$20214,$9492,$4826,$18194,$38408,$13036,$31701,$-2896,$23739,$62147,$2457,$638,$343,$981,$-582,$-782,$0,$-24,$-791,$2643,$-371,$0,$-39,$0,$0,$0,$108,$-302,$-60,$1162,$1102,$-1332,$-1332,$-781,$-88,$-1099,$1313,$124,$-781
30,2011-03-31,70.91,$25.27,2.81,$57.47,1.23,$13.06,5.43,$4.92,14.41,$25.01B,$18.92B,1.32,$9.99B,$23.13B,0.43,$52.92B,$14.53B,27.46%,$52.92B,$7.06B,13.35%,$52.92B,$7.06B,13.35%,$52.92B,$8.35B,15.78%,$52.92B,$6.44B,12.16%,$52.92B,$4.52B,8.54%,$4.52B,$23.13B,20.40%,$4.52B,$0.76B,833.00%,$4.52B,$60.66B,7.59%,$7.06B,$33.11B,21.95%,$12680,$9164,$3516,$470,$1456,$10992,$1688,$-148,$1540,$486,$1054,$1054,$1012,$2004,$1688,$899,915,$1.13,$1.11,$4440,$8827,$900,$25005,$6382,$0,$22370,$3961,$35659,$60664,$18916,$9986,$4734,$18622,$37538,$12789,$30812,$-3101,$23126,$60664,$1054,$316,$143,$459,$-41,$-817,$0,$-70,$-272,$1320,$-171,$0,$-57,$0,$0,$0,$26,$-202,$-33,$226,$193,$-638,$-638,$-368,$-58,$-871,$357,$50,$-368
31,2010-12-31,65.62,$24.24,2.71,$56.57,1.16,$12.89,5.09,$4.74,13.84,$23.51B,$17.73B,1.33,$10.01B,$22.33B,0.45,$52.28B,$14.32B,27.40%,$52.28B,$6.90B,13.20%,$52.28B,$6.90B,13.20%,$52.28B,$8.20B,15.68%,$52.28B,$6.25B,11.95%,$52.28B,$4.37B,8.37%,$4.37B,$22.33B,20.24%,$4.37B,$0.55B,1431.42%,$4.37B,$58.49B,7.42%,$6.90B,$32.34B,21.80%,$12813,$9540,$3273,$367,$1405,$11248,$1565,$-169,$1396,$331,$1065,$1065,$1199,$1857,$1565,$908,923,$1.33,$1.31,$4083,$7766,$1113,$23510,$6280,$0,$21781,$3834,$34983,$58493,$17732,$10010,$4510,$18429,$36161,$12597,$30191,$-3769,$22332,$58493,$4711,$1300,$-914,$386,$-313,$-259,$0,$-20,$576,$5720,$-838,$0,$-2537,$0,$0,$0,$225,$-3150,$611,$-141,$470,$-1814,$-1814,$-1482,$-314,$-3140,$-366,$148,$-1482
32,2010-09-30,59.03,$24.10,2.45,$57.33,1.03,$12.47,4.73,$4.58,12.89,$25.34B,$19.62B,1.29,$10.07B,$22.25B,0.45,$53.07B,$14.34B,27.01%,$53.07B,$7.05B,13.29%,$53.07B,$7.05B,13.29%,$53.07B,$8.39B,15.82%,$53.07B,$6.48B,12.20%,$53.07B,$4.25B,8.00%,$4.25B,$22.25B,19.96%,$4.25B,$0.76B,926.28%,$4.25B,$60.65B,7.29%,$7.05B,$32.32B,22.85%,$13620,$9667,$3953,$433,$1478,$11692,$1928,$-161,$1767,$468,$1299,$1299,$1198,$2270,$1928,$906,920,$1.32,$1.30,$5731,$8430,$842,$25337,$6148,$0,$21492,$4266,$35312,$60649,$19620,$10071,$4460,$18776,$38396,$12316,$29384,$-3357,$22253,$60649,$3174,$1008,$273,$1281,$-169,$-932,$0,$-745,$-668,$4230,$-479,$0,$-2351,$0,$0,$0,$144,$-2686,$610,$1882,$2492,$-1433,$-1433,$-1114,$-253,$-308,$1282,$112,$-1114
33,2010-06-30,53.47,$22.51,2.38,$56.92,0.94,$12.03,4.45,$4.42,12.1,$24.40B,$18.76B,1.3,$10.04B,$20.92B,0.48,$52.82B,$13.92B,26.36%,$52.82B,$6.90B,13.05%,$52.82B,$6.90B,13.05%,$52.82B,$8.21B,15.54%,$52.82B,$6.31B,11.95%,$52.82B,$4.11B,7.78%,$4.11B,$20.92B,19.92%,$4.11B,$0.10B,1695.36%,$4.11B,$58.34B,7.14%,$6.90B,$30.95B,23.08%,$13802,$10015,$3787,$459,$1491,$11920,$1882,$-149,$1733,$521,$1212,$1212,$1110,$2221,$1882,$910,925,$1.22,$1.20,$4997,$8083,$816,$24401,$6090,$0,$20813,$3899,$33942,$58343,$18762,$10039,$4320,$18666,$37428,$12205,$28569,$-4238,$20915,$58343,$1976,$666,$399,$1065,$-552,$-653,$0,$-287,$-658,$2554,$-302,$0,$-2236,$0,$0,$0,$179,$-2359,$1106,$1174,$2280,$-988,$-988,$-744,$-143,$405,$548,$88,$-744
34,2010-03-31,60.29,$22.42,2.69,$56.21,1.07,$11.41,5.29,$4.27,14.12,$24.32B,$18.67B,1.3,$10.00B,$20.92B,0.48,$52.22B,$13.73B,26.29%,$52.22B,$6.65B,12.74%,$52.22B,$6.65B,12.74%,$52.22B,$7.93B,15.19%,$52.22B,$6.04B,11.56%,$52.22B,$3.97B,7.61%,$3.97B,$20.92B,19.87%,$3.97B,$-0.19B,25225.40%,$3.97B,$58.39B,6.96%,$6.65B,$30.93B,22.99%,$12040,$8732,$3308,$397,$1424,$10517,$1523,$-171,$1352,$405,$947,$947,$866,$1850,$1523,$914,929,$0.95,$0.93,$4788,$8172,$948,$24321,$6335,$0,$21116,$3447,$34067,$58388,$18670,$10004,$4314,$18794,$37464,$11937,$27854,$-3746,$20924,$58388,$866,$327,$143,$470,$-147,$-511,$0,$-58,$-194,$1154,$-147,$0,$-2067,$0,$0,$0,$90,$-2124,$2212,$-40,$2172,$-401,$-401,$-373,$-80,$1318,$339,$45,$-373
35,2009-12-31,56.49,$22.42,2.52,$56.48,1.0,$10.67,5.3,$4.12,13.71,$23.19B,$17.91B,1.3,$8.26B,$21.00B,0.39,$52.43B,$13.56B,25.87%,$52.43B,$6.38B,12.16%,$52.43B,$6.38B,12.16%,$52.43B,$7.64B,14.56%,$52.43B,$5.76B,10.99%,$52.43B,$3.83B,7.30%,$3.83B,$21.00B,20.20%,$3.83B,$1.16B,-1015.65%,$3.83B,$55.76B,6.82%,$6.38B,$29.26B,23.01%,$13605,$10317,$3288,$421,$1555,$11886,$1719,$-95,$1624,$455,$1169,$1169,$1073,$2052,$1719,$917,929,$1.17,$1.15,$4449,$7509,$1078,$23194,$6364,$0,$19836,$3219,$32568,$55762,$17913,$8257,$4054,$16850,$34763,$11746,$27396,$-3487,$20999,$55762,$4179,$1258,$-666,$592,$955,$695,$0,$-3,$1065,$5353,$-826,$0,$-545,$0,$0,$0,$267,$-1104,$-975,$-762,$-1737,$-758,$-758,$-1356,$-340,$-4191,$122,$153,$-1356
36,2009-09-30,49.31,$20.95,2.35,$56.61,0.87,$10.96,4.5,$4.20,11.74,$23.73B,$18.20B,1.3,$8.73B,$19.65B,0.44,$52.95B,$13.58B,25.65%,$52.95B,$6.35B,11.98%,$52.95B,$6.35B,11.98%,$52.95B,$7.62B,14.39%,$52.95B,$5.77B,10.89%,$52.95B,$3.90B,7.37%,$3.90B,$19.65B,21.82%,$3.90B,$-0.10B,-325.35%,$3.90B,$57.58B,6.91%,$6.35B,$28.38B,23.58%,$13375,$9836,$3539,$344,$1424,$11604,$1771,$-170,$1601,$456,$1145,$1145,$1058,$2087,$1771,$917,929,$1.15,$1.14,$4632,$8086,$885,$23729,$6278,$0,$19750,$3503,$33848,$57577,$18200,$8729,$4339,$19731,$37931,$11516,$26827,$-4580,$19646,$57577,$2756,$925,$400,$1325,$981,$145,$0,$-691,$-349,$3878,$-501,$0,$-450,$0,$0,$0,$220,$-731,$-965,$-72,$-1037,$-568,$-568,$-1018,$-285,$-2908,$305,$110,$-1018
37,2009-06-30,41.77,$19.55,2.14,$58.07,0.72,$10.83,3.86,$4.39,9.51,$23.64B,$18.57B,1.27,$8.72B,$18.41B,0.47,$54.66B,$14.19B,25.96%,$54.66B,$6.62B,12.12%,$54.66B,$6.62B,12.12%,$54.66B,$7.91B,14.47%,$54.66B,$6.04B,11.05%,$54.66B,$4.11B,7.52%,$4.11B,$18.41B,22.55%,$4.11B,$-0.80B,-519.36%,$4.11B,$56.55B,7.31%,$6.62B,$27.13B,24.43%,$13196,$9601,$3595,$384,$1574,$11559,$1637,$-177,$1460,$394,$1066,$1066,$976,$1940,$1637,$919,929,$1.06,$1.05,$4016,$8539,$966,$23636,$6179,$0,$19210,$3040,$32909,$56545,$18571,$8721,$4258,$19568,$38139,$11369,$26133,$-5275,$18406,$56545,$1698,$609,$-183,$426,$821,$-320,$0,$-75,$-196,$2025,$-340,$0,$-153,$0,$0,$0,$-34,$-527,$-876,$248,$-628,$-249,$-249,$-679,$-229,$-1785,$-311,$78,$-679
38,2009-03-31,34.29,$17.82,1.92,$60.37,0.57,$10.84,3.16,$4.66,7.36,$23.22B,$17.94B,1.29,$9.32B,$16.79B,0.56,$57.41B,$14.90B,25.96%,$57.41B,$7.09B,12.34%,$57.41B,$7.09B,12.34%,$57.41B,$8.39B,14.62%,$57.41B,$6.50B,11.33%,$57.41B,$4.41B,7.68%,$4.41B,$16.79B,23.08%,$4.41B,$-1.76B,-1924.10%,$4.41B,$54.80B,7.78%,$7.09B,$26.10B,25.46%,$12249,$9107,$3142,$409,$1483,$10999,$1250,$-175,$1075,$276,$799,$799,$722,$1556,$1250,$918,926,$0.79,$0.78,$3272,$8601,$979,$23222,$6130,$0,$18549,$2374,$31576,$54798,$17939,$9315,$4233,$20073,$38012,$11222,$25519,$-6221,$16786,$54798,$799,$306,$25,$331,$325,$-504,$0,$-59,$-718,$485,$-167,$0,$-122,$0,$0,$0,$68,$-221,$-502,$-95,$-597,$-164,$-164,$-339,$-109,$-1209,$-1055,$34,$-339
39,2008-12-31,42.4,$17.67,2.4,$61.46,0.69,$11.17,3.8,$4.91,8.63,$24.47B,$19.80B,1.24,$9.34B,$16.68B,0.56,$59.12B,$15.48B,26.19%,$59.12B,$7.51B,12.70%,$59.12B,$7.51B,12.70%,$59.12B,$8.83B,14.94%,$59.12B,$6.94B,11.73%,$59.12B,$4.69B,7.93%,$4.69B,$16.68B,23.08%,$4.69B,$-2.13B,870.35%,$4.69B,$56.84B,8.18%,$7.51B,$26.02B,26.16%,$14132,$10828,$3304,$490,$1649,$12445,$1687,$-55,$1632,$403,$1229,$1229,$1145,$2037,$1687,$938,956,$1.24,$1.22,$4327,$8340,$769,$24467,$6348,$0,$18806,$2581,$32370,$56837,$19802,$9337,$4198,$20354,$40156,$11179,$25034,$-5934,$16681,$56837,$4689,$1321,$427,$1748,$-546,$-562,$0,$35,$-230,$6161,$-1216,$0,$-915,$0,$0,$0,$-205,$-2336,$2200,$91,$2291,$-2997,$-2997,$-1210,$-322,$-2238,$1423,$211,$-1210
40,2008-09-30,47.14,$22.18,2.13,$62.53,0.75,$10.22,4.61,$4.76,9.9,$24.18B,$19.86B,1.22,$8.11B,$21.08B,0.39,$60.66B,$16.16B,26.65%,$60.66B,$7.62B,12.55%,$60.66B,$7.62B,12.55%,$60.66B,$8.90B,14.67%,$60.66B,$6.92B,11.41%,$60.66B,$4.60B,7.59%,$4.60B,$21.08B,21.43%,$4.60B,$1.53B,319.83%,$4.60B,$56.81B,8.12%,$7.62B,$29.20B,25.77%,$15085,$10935,$4150,$436,$1665,$13036,$2049,$-177,$1872,$502,$1370,$1370,$1269,$2375,$2049,$933,951,$1.36,$1.33,$3615,$9011,$898,$24181,$6441,$0,$19558,$4345,$32629,$56810,$19857,$8113,$4403,$15870,$35727,$10973,$24380,$-242,$21083,$56810,$3544,$971,$298,$1269,$-719,$-1072,$0,$-53,$-690,$4141,$-810,$0,$-438,$0,$0,$0,$58,$-1190,$991,$261,$1252,$-2339,$-2339,$-869,$-280,$-2236,$711,$161,$-869
41,2008-06-30,48.19,$22.72,2.12,$60.68,0.79,$9.33,5.16,$4.64,10.39,$24.78B,$20.51B,1.21,$8.11B,$21.91B,0.37,$59.44B,$15.81B,26.60%,$59.44B,$7.45B,12.54%,$59.44B,$7.45B,12.54%,$59.44B,$8.72B,14.67%,$59.44B,$6.76B,11.37%,$59.44B,$4.53B,7.63%,$4.53B,$21.91B,21.29%,$4.53B,$1.45B,367.63%,$4.53B,$58.49B,8.11%,$7.45B,$30.02B,25.63%,$15944,$11636,$4308,$434,$1775,$13845,$2099,$-176,$1923,$548,$1375,$1375,$1275,$2425,$2099,$944,966,$1.35,$1.32,$3442,$9082,$876,$24779,$6550,$0,$20466,$4390,$33707,$58486,$20505,$8106,$4483,$16069,$36574,$10864,$23410,$746,$21912,$58486,$2275,$645,$156,$801,$-936,$-822,$0,$-16,$-739,$2306,$-542,$0,$-461,$0,$0,$0,$-228,$-1231,$994,$586,$1580,$-1418,$-1418,$-583,$-191,$-612,$538,$110,$-583
42,2008-03-31,53.52,$22.18,2.41,$58.22,0.92,$8.97,5.97,$4.48,11.95,$23.92B,$19.61B,1.22,$8.01B,$21.59B,0.37,$57.40B,$15.28B,26.61%,$57.40B,$7.22B,12.58%,$57.40B,$7.22B,12.58%,$57.40B,$8.43B,14.69%,$57.40B,$6.54B,11.39%,$57.40B,$4.41B,7.67%,$4.41B,$21.59B,21.38%,$4.41B,$1.31B,368.16%,$4.41B,$57.05B,8.17%,$7.22B,$29.60B,25.66%,$13958,$10238,$3720,$411,$1635,$12284,$1674,$-165,$1509,$430,$1079,$1079,$1000,$1993,$1674,$952,975,$1.05,$1.03,$3139,$9075,$873,$23916,$6477,$0,$20277,$4253,$33137,$57053,$19605,$8014,$4312,$15862,$35467,$10708,$22440,$805,$21586,$57053,$1000,$319,$99,$418,$-324,$-803,$0,$-40,$-481,$888,$-237,$0,$-126,$0,$0,$0,$-69,$-432,$-6,$868,$862,$-759,$-759,$-293,$-109,$-299,$235,$58,$-293
43,2007-12-31,59.27,$21.71,2.73,$56.27,1.05,$8.54,6.94,$4.27,13.88,$22.07B,$17.47B,1.26,$8.02B,$21.36B,0.38,$55.72B,$14.84B,26.63%,$55.72B,$7.05B,12.65%,$55.72B,$7.05B,12.65%,$55.72B,$8.22B,14.76%,$55.72B,$6.38B,11.46%,$55.72B,$4.22B,7.58%,$4.22B,$21.36B,21.41%,$4.22B,$1.48B,416.67%,$4.22B,$54.58B,8.15%,$7.05B,$29.37B,26.09%,$15671,$11686,$3985,$481,$1711,$13878,$1793,$-174,$1619,$481,$1138,$1384,$1060,$2103,$1793,$964,989,$1.10,$1.08,$2904,$8101,$955,$22071,$6296,$0,$19877,$4242,$32504,$54575,$17469,$8015,$4262,$15751,$33220,$10572,$21751,$584,$21355,$54575,$4224,$1173,$398,$1571,$-534,$-1111,$0,$44,$32,$5330,$-1153,$0,$-1739,$0,$0,$0,$-290,$-3182,$702,$191,$893,$-1586,$-1586,$-1262,$0,$-1955,$358,$198,$-1262
44,2007-09-30,62.05,$20.51,3.03,$53.14,1.17,$8.15,7.62,$4.06,15.28,$22.56B,$18.63B,1.21,$7.06B,$20.28B,0.35,$52.83B,$14.12B,26.72%,$52.83B,$6.69B,12.65%,$52.83B,$6.69B,12.65%,$52.83B,$7.81B,14.78%,$52.83B,$6.04B,11.43%,$52.83B,$4.03B,7.63%,$4.03B,$20.28B,21.52%,$4.03B,$0.70B,641.56%,$4.03B,$53.50B,8.07%,$6.69B,$27.34B,25.95%,$13863,$10068,$3795,$399,$1508,$11975,$1888,$-179,$1709,$434,$1275,$1197,$1197,$2196,$1888,$963,989,$1.24,$1.21,$2810,$8550,$899,$22561,$6053,$0,$19580,$2673,$30936,$53497,$18634,$7059,$4428,$14585,$33219,$10424,$21004,$-94,$20278,$53497,$3164,$863,$239,$1102,$-787,$-1616,$0,$-19,$-573,$3285,$-697,$0,$-1444,$0,$0,$0,$-15,$-2156,$-265,$1330,$1065,$-1128,$-1128,$-786,$-153,$-1002,$264,$141,$-786
45,2007-06-30,54.45,$19.35,2.81,$51.21,1.06,$8.06,6.75,$3.84,14.18,$21.71B,$16.97B,1.28,$7.05B,$19.20B,0.37,$51.13B,$13.69B,26.78%,$51.13B,$6.44B,12.60%,$51.13B,$6.44B,12.60%,$51.13B,$7.51B,14.69%,$51.13B,$5.82B,11.39%,$51.13B,$3.83B,7.49%,$3.83B,$19.20B,20.82%,$3.83B,$1.30B,405.40%,$3.83B,$50.56B,7.82%,$6.44B,$26.24B,25.34%,$13904,$10129,$3775,$416,$1494,$12039,$1865,$-163,$1702,$479,$1223,$1148,$1148,$2142,$1865,$966,990,$1.19,$1.16,$3292,$7974,$688,$21712,$5875,$0,$17894,$2457,$28845,$50557,$16971,$7045,$4241,$14391,$31362,$10205,$20123,$-571,$19195,$50557,$1967,$555,$105,$660,$-606,$-1199,$0,$2,$-395,$1902,$-459,$0,$-208,$0,$0,$0,$130,$-537,$-40,$634,$594,$-736,$-736,$-490,$-59,$-691,$746,$97,$-490
46,2007-03-31,49.7,$18.21,2.73,$49.32,1.01,$7.96,6.24,$3.77,13.18,$20.19B,$16.11B,1.25,$7.04B,$18.11B,0.39,$49.49B,$13.41B,27.09%,$49.49B,$6.32B,12.77%,$49.49B,$6.32B,12.77%,$49.49B,$7.37B,14.89%,$49.49B,$5.71B,11.53%,$49.49B,$3.78B,7.64%,$3.78B,$18.11B,20.79%,$3.78B,$0.58B,350.44%,$3.78B,$48.58B,7.78%,$6.32B,$25.14B,25.03%,$12278,$8996,$3282,$382,$1396,$10774,$1504,$-150,$1354,$442,$912,$819,$819,$1782,$1504,$968,993,$0.85,$0.82,$2481,$7508,$872,$20187,$5759,$0,$17528,$2512,$28396,$48583,$16108,$7035,$4219,$14369,$30477,$9959,$19243,$-1013,$18106,$48583,$819,$278,$-3,$275,$-289,$-846,$0,$-217,$-277,$453,$-208,$0,$-110,$0,$0,$0,$158,$-160,$-46,$332,$286,$-379,$-379,$-245,$-39,$-377,$-65,$54,$-245
47,2006-12-31,47.62,$17.37,2.74,$47.48,1.0,$8.48,5.62,$3.71,12.84,$18.84B,$15.21B,1.24,$7.04B,$17.30B,0.41,$47.83B,$13.09B,27.37%,$47.83B,$6.10B,12.75%,$47.83B,$6.10B,12.75%,$47.83B,$7.13B,14.91%,$47.83B,$5.49B,11.48%,$47.83B,$3.73B,7.80%,$3.73B,$17.30B,20.72%,$3.73B,$-0.07B,310.16%,$3.73B,$47.14B,7.74%,$6.10B,$24.33B,24.60%,$12787,$9521,$3266,$406,$1432,$11359,$1428,$-153,$1275,$337,$938,$865,$865,$1689,$1428,$980,1006,$0.89,$0.87,$2546,$6657,$701,$18844,$5725,$0,$17362,$2447,$28297,$47141,$15208,$7037,$3837,$14636,$29844,$9622,$18754,$-1439,$17297,$47141,$3732,$1033,$232,$1265,$-35,$-789,$0,$25,$191,$4803,$-954,$0,$-460,$0,$0,$0,$153,$-1261,$284,$-817,$-533,$-1722,$-1722,$-1087,$0,$-3342,$299,$180,$-1087
