,Date,Stock Price,Book Value per Share,Price to Book Ratio,TTM Sales per Share,Price to Sales Ratio,TTM FCF per Share,Price to FCF Ratio,TTM Net EPS,PE Ratio,Current Assets,Current Liabilities,Current Ratio,Long Term Debt,Shareholder's Equity_x,Debt to Equity Ratio,TTM Revenue_x,TTM Gross Profit,Gross Margin,TTM Revenue_y,TTM Operating Income,Operating Margin,TTM Revenue_x,TTM EBIT,EBIT Margin,TTM Revenue_y,TTM EBITDA,EBITDA Margin,TTM Revenue_x,TTM Pre-Tax Income,Pre-Tax Margin,TTM Revenue_y,TTM Net Income_x,Net Margin,TTM Net Income_y,Shareholder's Equity_y,Return on Equity,TTM Net Income_x,Tangible Equity,Return on Tangible Equity,TTM Net Income_y,Total Assets,Return on Assets,TTM Net Income,LT Investments & Debt,Return on Investment,revenue,cost-goods-sold,gross-profit,research-development-expenses,selling-general-administrative-expenses,operating-expenses,operating-income,total-non-operating-income-expense,pre-tax-income,total-provision-income-taxes,income-after-taxes,income-from-continuous-operations,net-income,ebitda,ebit,basic-shares-outstanding,shares-outstanding,eps-basic-net-earnings-per-share,eps-earnings-per-share-diluted,cash-on-hand,inventory,other-current-assets,total-current-assets,net-property-plant-equipment,long-term-investments,goodwill-intangible-assets-total,other-long-term-assets,total-long-term-assets,total-assets,total-current-liabilities,long-term-debt,other-non-current-liabilities,total-long-term-liabilities,total-liabilities,common-stock-net,retained-earnings-accumulated-deficit,comprehensive-income,total-share-holder-equity,total-liabilities-share-holders-equity,net-income-loss,total-depreciation-amortization-cash-flow,other-non-cash-items,total-non-cash-items,change-in-accounts-receivable,change-in-inventories,change-in-accounts-payable,change-in-assets-liabilities,total-change-in-assets-liabilities,cash-flow-from-operating-activities,net-change-in-property-plant-equipment,net-change-in-intangible-assets,net-acquisitions-divestitures,net-change-in-short-term-investments,net-change-in-long-term-investments,net-change-in-investments-total,investing-activities-other,cash-flow-from-investing-activities,net-long-term-debt,net-current-debt,debt-issuance-retirement-net-total,net-common-equity-issued-repurchased,net-total-equity-issued-repurchased,total-common-preferred-stock-dividends-paid,financial-activities-other,cash-flow-from-financial-activities,net-cash-flow,stock-based-compensation,common-stock-dividends-paid
0,2018-09-30,48.55,$15.20,3.19,$22.63,2.15,$18.55,2.62,$4.48,10.84,$0.71B,$1.12B,0.64,$0.01B,$0.53B,0.02,$0.81B,$0.47B,58.59%,$0.81B,$0.22B,27.56%,$0.81B,$0.22B,27.56%,$0.81B,$0.22B,27.56%,$0.81B,$0.22B,27.56%,$0.81B,$0.16B,19.65%,$0.16B,$0.53B,32.99%,$0.16B,$0.53B,32.99%,$0.16B,$1.72B,10.28%,$0.22B,$0.54B,45.10%,$206,$86,$120,$0,$69,$155,$51,$0,$51,$14,$37,$37,$37,$51,$51,$35,36,$1.07,$1.04,$255,$0,$0,$709,$36,$853,$0,$27,$1014,$1723,$1115,$12,$65,$77,$1192,$0,$568,$-10,$531,$1723,$0,$0,$0,$0,$0,$0,$0,$0,$0,$224,$-6,$0,$0,$-147,$3,$-144,$0,$-151,$-1,$0,$-1,$-11,$-11,$-15,$-8,$-35,$39,$0,$-15
1,2018-06-30,35.1,$14.11,2.49,$22.23,1.58,$20.41,1.72,$3.72,9.44,$0.81B,$1.15B,0.71,$0.01B,$0.49B,0.03,$0.79B,$0.43B,53.97%,$0.79B,$0.19B,23.83%,$0.79B,$0.19B,23.83%,$0.79B,$0.19B,23.83%,$0.79B,$0.19B,23.83%,$0.79B,$0.13B,16.65%,$0.13B,$0.49B,29.04%,$0.13B,$0.49B,29.04%,$0.13B,$1.71B,8.36%,$0.19B,$0.50B,40.45%,$210,$90,$120,$0,$59,$149,$61,$0,$61,$15,$46,$46,$46,$61,$61,$35,36,$1.32,$1.29,$314,$0,$0,$811,$35,$747,$0,$30,$900,$1711,$1147,$12,$60,$72,$1219,$0,$531,$-9,$492,$1711,$0,$0,$0,$0,$0,$0,$0,$0,$0,$158,$-4,$0,$0,$-27,$-1,$-28,$0,$-32,$-1,$0,$-1,$-11,$-11,$-10,$-7,$-28,$98,$0,$-10
2,2018-03-31,31.62,$13.28,2.38,$21.49,1.47,$19.92,1.59,$3.25,9.73,$0.43B,$0.77B,0.56,$0.01B,$0.47B,0.03,$0.77B,$0.41B,53.78%,$0.77B,$0.18B,22.92%,$0.77B,$0.18B,22.92%,$0.77B,$0.18B,22.92%,$0.77B,$0.18B,22.92%,$0.77B,$0.12B,14.97%,$0.12B,$0.47B,26.33%,$0.12B,$0.47B,26.33%,$0.12B,$1.30B,7.69%,$0.18B,$0.48B,39.11%,$192,$76,$116,$0,$64,$140,$52,$0,$52,$12,$40,$40,$40,$52,$52,$35,36,$1.15,$1.12,$247,$0,$0,$431,$33,$730,$0,$12,$865,$1296,$767,$13,$47,$64,$831,$0,$496,$-7,$465,$1296,$0,$0,$0,$0,$0,$0,$0,$0,$0,$52,$-1,$0,$0,$-6,$-1,$-7,$0,$-8,$-0,$0,$-0,$-3,$-3,$-5,$-5,$-13,$31,$0,$-5
3,2017-12-31,26.98,$12.67,2.13,$20.96,1.29,$20.45,1.32,$2.99,9.03,$0.59B,$0.96B,0.61,$0.01B,$0.44B,0.03,$0.75B,$0.40B,53.40%,$0.75B,$0.17B,22.77%,$0.75B,$0.17B,22.77%,$0.75B,$0.17B,22.77%,$0.75B,$0.17B,22.77%,$0.75B,$0.11B,14.11%,$0.11B,$0.44B,25.22%,$0.11B,$0.44B,25.22%,$0.11B,$1.46B,7.38%,$0.17B,$0.45B,39.42%,$201,$83,$118,$0,$59,$143,$59,$0,$59,$22,$36,$36,$36,$59,$59,$35,36,$1.05,$1.03,$216,$0,$0,$588,$33,$730,$0,$22,$867,$1455,$957,$13,$45,$58,$1015,$0,$465,$-6,$440,$1455,$107,$8,$41,$49,$-129,$0,$29,$189,$89,$245,$-5,$0,$0,$-74,$-7,$-81,$0,$-86,$-2,$0,$-2,$-18,$-18,$-24,$-7,$-52,$108,$11,$-24
4,2017-09-30,22.46,$12.21,1.84,$20.34,1.1,$16.91,1.33,$2.34,9.6,$1.06B,$1.37B,0.77,$0.01B,$0.42B,0.03,$0.73B,$0.36B,49.38%,$0.73B,$0.14B,18.52%,$0.73B,$0.14B,18.52%,$0.73B,$0.14B,18.52%,$0.73B,$0.14B,18.52%,$0.73B,$0.08B,11.52%,$0.08B,$0.42B,20.84%,$0.08B,$0.42B,20.84%,$0.08B,$1.86B,6.28%,$0.14B,$0.43B,32.37%,$190,$116,$74,$0,$57,$174,$17,$0,$17,$7,$10,$10,$10,$17,$17,$35,36,$0.29,$0.28,$369,$0,$0,$1061,$33,$652,$0,$31,$796,$1857,$1371,$13,$53,$66,$1437,$0,$438,$-2,$421,$1857,$0,$0,$0,$0,$0,$0,$0,$0,$0,$286,$-4,$0,$0,$-61,$70,$9,$0,$5,$-2,$0,$-2,$-18,$-18,$-10,$-1,$-31,$260,$0,$-10
5,2017-06-30,24.44,$12.09,2.02,$19.83,1.23,$13.81,1.77,$2.81,8.7,$0.61B,$0.90B,0.68,$0.01B,$0.42B,0.03,$0.71B,$0.39B,54.15%,$0.71B,$0.16B,22.78%,$0.71B,$0.16B,22.78%,$0.71B,$0.16B,22.78%,$0.71B,$0.16B,22.78%,$0.71B,$0.10B,14.21%,$0.10B,$0.42B,25.83%,$0.10B,$0.42B,25.83%,$0.10B,$1.37B,8.55%,$0.16B,$0.44B,39.93%,$185,$80,$105,$0,$57,$138,$48,$0,$48,$19,$29,$29,$29,$48,$48,$35,36,$0.84,$0.82,$248,$0,$0,$608,$33,$635,$0,$20,$762,$1370,$899,$14,$34,$50,$949,$0,$433,$-2,$421,$1370,$0,$0,$0,$0,$0,$0,$0,$0,$0,$141,$-3,$0,$0,$27,$-4,$23,$0,$20,$-1,$0,$-1,$-9,$-9,$-10,$-1,$-22,$140,$0,$-10
6,2017-03-31,23.63,$11.37,2.08,$19.43,1.22,$14.14,1.67,$2.93,8.07,$0.28B,$0.59B,0.47,$0.01B,$0.40B,0.04,$0.70B,$0.39B,56.03%,$0.70B,$0.17B,24.28%,$0.70B,$0.17B,24.28%,$0.70B,$0.17B,24.28%,$0.70B,$0.17B,24.28%,$0.70B,$0.11B,15.23%,$0.11B,$0.40B,28.38%,$0.11B,$0.40B,28.38%,$0.11B,$1.06B,9.41%,$0.17B,$0.41B,43.47%,$175,$71,$104,$0,$57,$128,$47,$0,$47,$16,$31,$31,$31,$47,$47,$35,36,$0.89,$0.86,$163,$0,$0,$275,$33,$666,$0,$5,$785,$1060,$590,$14,$38,$71,$662,$0,$408,$-4,$399,$1060,$0,$0,$0,$0,$0,$0,$0,$0,$0,$72,$-1,$0,$0,$-5,$-2,$-6,$0,$-7,$-1,$0,$-1,$-3,$-3,$-5,$-1,$-10,$55,$0,$-5
7,2016-12-31,27.25,$10.59,2.57,$19.22,1.42,$13.37,2.04,$2.78,9.8,$0.29B,$0.64B,0.45,$0.02B,$0.37B,0.04,$0.69B,$0.38B,56.06%,$0.69B,$0.16B,23.80%,$0.69B,$0.16B,23.80%,$0.69B,$0.16B,23.80%,$0.69B,$0.16B,23.80%,$0.69B,$0.10B,14.60%,$0.10B,$0.37B,28.39%,$0.10B,$0.37B,28.39%,$0.10B,$1.06B,8.94%,$0.16B,$0.39B,44.08%,$179,$101,$77,$0,$54,$156,$23,$0,$23,$9,$14,$14,$14,$23,$23,$35,36,$0.39,$0.39,$108,$0,$0,$287,$32,$652,$0,$14,$773,$1060,$636,$15,$38,$53,$689,$0,$382,$-6,$371,$1060,$99,$7,$13,$20,$36,$0,$10,$-45,$2,$121,$-8,$0,$0,$-161,$-5,$-166,$0,$-174,$-2,$0,$-2,$-5,$-5,$-24,$-7,$-38,$-91,$10,$-24
8,2016-09-30,23.92,$10.66,2.24,$18.73,1.28,$15.97,1.5,$3.22,7.43,$0.47B,$0.80B,0.59,$0.02B,$0.37B,0.04,$0.67B,$0.41B,61.23%,$0.67B,$0.19B,28.14%,$0.67B,$0.19B,28.14%,$0.67B,$0.19B,28.14%,$0.67B,$0.19B,28.14%,$0.67B,$0.12B,17.22%,$0.12B,$0.37B,34.56%,$0.12B,$0.37B,34.56%,$0.12B,$1.23B,10.44%,$0.19B,$0.39B,53.33%,$172,$74,$99,$0,$55,$128,$44,$0,$44,$17,$27,$27,$27,$44,$44,$35,36,$0.77,$0.75,$208,$0,$0,$473,$31,$644,$0,$16,$761,$1234,$799,$15,$47,$62,$861,$0,$378,$2,$373,$1234,$0,$0,$0,$0,$0,$0,$0,$0,$0,$179,$-6,$0,$0,$-183,$42,$-141,$0,$-147,$-2,$0,$-2,$-5,$-5,$-10,$-6,$-24,$8,$0,$-10
9,2016-06-30,17.54,$10.02,1.75,$18.26,0.96,$17.39,1.01,$3.31,5.3,$0.41B,$0.74B,0.56,$0.02B,$0.35B,0.05,$0.65B,$0.41B,63.25%,$0.65B,$0.19B,29.40%,$0.65B,$0.19B,29.40%,$0.65B,$0.19B,29.40%,$0.65B,$0.19B,29.40%,$0.65B,$0.12B,18.07%,$0.12B,$0.35B,38.03%,$0.12B,$0.35B,38.03%,$0.12B,$1.15B,11.10%,$0.19B,$0.37B,57.83%,$170,$60,$110,$0,$55,$115,$55,$0,$55,$21,$34,$34,$34,$55,$55,$35,36,$0.96,$0.94,$218,$0,$0,$414,$30,$626,$0,$5,$735,$1150,$735,$16,$48,$63,$798,$0,$356,$2,$351,$1150,$0,$0,$0,$0,$0,$0,$0,$0,$0,$153,$-4,$0,$0,$-112,$-2,$-114,$0,$-117,$-1,$0,$-1,$-4,$-4,$-5,$-7,$-17,$18,$0,$-5
10,2016-03-31,16.68,$9.03,1.85,$16.93,0.98,$18.77,0.89,$3.06,5.45,$0.38B,$0.65B,0.58,$0.02B,$0.31B,0.07,$0.61B,$0.39B,63.76%,$0.61B,$0.18B,29.32%,$0.61B,$0.18B,29.32%,$0.61B,$0.18B,29.32%,$0.61B,$0.18B,29.32%,$0.61B,$0.11B,17.96%,$0.11B,$0.31B,38.08%,$0.11B,$0.31B,38.08%,$0.11B,$1.03B,10.51%,$0.18B,$0.34B,57.37%,$164,$66,$98,$0,$57,$123,$41,$0,$41,$16,$25,$25,$25,$41,$41,$35,36,$0.73,$0.71,$163,$0,$0,$376,$28,$541,$0,$10,$653,$1029,$646,$23,$29,$69,$715,$0,$327,$-1,$314,$1029,$0,$0,$0,$0,$0,$0,$0,$0,$0,$44,$-2,$0,$0,$-64,$-2,$-66,$0,$-67,$-1,$0,$-1,$-2,$-2,$-5,$-5,$-13,$-37,$0,$-5
11,2015-12-31,21.55,$8.35,2.58,$15.19,1.42,$19.07,1.13,$2.97,7.25,$0.39B,$0.64B,0.61,$0.02B,$0.29B,0.08,$0.55B,$0.36B,65.63%,$0.55B,$0.18B,31.99%,$0.55B,$0.18B,31.99%,$0.55B,$0.18B,31.99%,$0.55B,$0.18B,31.99%,$0.55B,$0.11B,19.38%,$0.11B,$0.29B,39.52%,$0.11B,$0.29B,39.52%,$0.11B,$0.99B,10.38%,$0.18B,$0.32B,59.42%,$162,$61,$102,$0,$54,$114,$48,$0,$48,$19,$29,$29,$29,$48,$48,$35,36,$0.83,$0.82,$200,$0,$0,$393,$27,$489,$0,$10,$600,$994,$640,$24,$36,$60,$700,$0,$307,$-4,$293,$994,$106,$4,$5,$9,$168,$0,$4,$-72,$104,$219,$-12,$0,$-1,$-64,$-6,$-70,$0,$-83,$-7,$0,$-7,$-18,$-18,$-22,$-7,$-55,$82,$17,$-22
12,2015-09-30,27.1,$7.94,3.41,$13.64,1.99,$16.53,1.64,$2.74,9.89,$0.42B,$0.72B,0.58,$0.02B,$0.28B,0.09,$0.49B,$0.33B,66.87%,$0.49B,$0.16B,33.54%,$0.49B,$0.16B,33.54%,$0.49B,$0.17B,33.74%,$0.49B,$0.16B,33.54%,$0.49B,$0.10B,20.04%,$0.10B,$0.28B,39.24%,$0.10B,$0.28B,39.24%,$0.10B,$1.08B,9.79%,$0.16B,$0.31B,59.05%,$157,$54,$103,$0,$55,$109,$48,$0,$48,$18,$30,$30,$30,$48,$48,$35,36,$0.87,$0.84,$204,$0,$0,$416,$26,$545,$0,$16,$663,$1078,$721,$24,$50,$74,$795,$0,$287,$-3,$283,$1078,$0,$0,$0,$0,$0,$0,$0,$0,$0,$241,$-16,$0,$-1,$-127,$17,$-110,$0,$-127,$-7,$0,$-7,$-7,$-7,$-9,$-5,$-28,$86,$0,$-9
13,2015-06-30,22.1,$7.15,3.09,$12.26,1.8,$14.08,1.57,$2.51,8.81,$0.43B,$0.73B,0.59,$0.03B,$0.26B,0.1,$0.44B,$0.29B,67.20%,$0.44B,$0.15B,35.09%,$0.44B,$0.15B,35.09%,$0.44B,$0.16B,35.55%,$0.44B,$0.15B,35.09%,$0.44B,$0.09B,20.41%,$0.09B,$0.26B,39.34%,$0.09B,$0.26B,39.34%,$0.09B,$1.05B,9.21%,$0.15B,$0.28B,59.77%,$124,$40,$84,$0,$43,$82,$41,$0,$41,$17,$25,$25,$25,$41,$41,$35,36,$0.71,$0.69,$216,$0,$0,$429,$24,$504,$0,$18,$618,$1047,$734,$25,$32,$58,$792,$0,$261,$-2,$255,$1047,$0,$0,$0,$0,$0,$0,$0,$0,$0,$208,$-7,$0,$-1,$-75,$-6,$-81,$0,$-89,$-6,$0,$-6,$-5,$-5,$-4,$-5,$-20,$98,$0,$-4
14,2015-03-31,23.26,$6.80,3.42,$11.30,2.06,$11.28,2.06,$2.31,10.07,$0.49B,$0.66B,0.75,$0.03B,$0.24B,0.13,$0.40B,$0.27B,67.17%,$0.40B,$0.14B,35.59%,$0.40B,$0.14B,35.59%,$0.40B,$0.15B,36.34%,$0.40B,$0.14B,35.59%,$0.40B,$0.08B,20.30%,$0.08B,$0.24B,39.13%,$0.08B,$0.24B,39.13%,$0.08B,$0.97B,8.60%,$0.14B,$0.27B,59.60%,$104,$34,$70,$0,$32,$66,$38,$0,$38,$16,$22,$22,$22,$38,$38,$35,36,$0.65,$0.62,$185,$0,$0,$494,$21,$407,$0,$8,$474,$967,$659,$32,$28,$66,$725,$0,$241,$-1,$242,$967,$0,$0,$0,$0,$0,$0,$0,$0,$0,$61,$-8,$0,$-1,$18,$0,$18,$0,$10,$-0,$0,$-0,$1,$1,$-4,$0,$-4,$67,$0,$-4
15,2014-12-31,18.49,$6.42,2.88,$10.50,1.76,$10.63,1.74,$2.07,8.93,$0.43B,$0.62B,0.68,$0.03B,$0.22B,0.14,$0.37B,$0.25B,66.40%,$0.37B,$0.13B,34.42%,$0.37B,$0.13B,34.42%,$0.37B,$0.13B,35.50%,$0.37B,$0.13B,34.42%,$0.37B,$0.07B,19.78%,$0.07B,$0.22B,38.57%,$0.07B,$0.22B,38.57%,$0.07B,$0.91B,7.89%,$0.13B,$0.25B,57.27%,$104,$35,$70,$0,$33,$68,$37,$0,$37,$16,$21,$21,$21,$38,$37,$34,35,$0.62,$0.60,$118,$0,$0,$425,$17,$424,$0,$8,$487,$912,$624,$31,$36,$69,$693,$19,$222,$-2,$219,$912,$73,$3,$-8,$-5,$98,$0,$-19,$-33,$55,$123,$-9,$0,$0,$-68,$0,$-68,$0,$-77,$-7,$0,$-7,$-11,$-11,$-19,$-11,$-48,$-2,$12,$-19
16,2014-09-30,11.54,$5.52,2.09,$9.58,1.2,$11.50,1.0,$1.92,6.01,$0.50B,$0.68B,0.73,$0.03B,$0.19B,0.16,$0.34B,$0.22B,65.31%,$0.34B,$0.12B,33.82%,$0.34B,$0.12B,33.82%,$0.34B,$0.12B,34.99%,$0.34B,$0.12B,33.82%,$0.34B,$0.07B,19.83%,$0.07B,$0.19B,38.10%,$0.07B,$0.19B,38.10%,$0.07B,$0.94B,7.33%,$0.12B,$0.22B,54.59%,$104,$34,$69,$0,$32,$66,$37,$0,$37,$16,$21,$21,$21,$38,$37,$33,35,$0.64,$0.61,$177,$0,$0,$499,$10,$386,$0,$6,$441,$940,$683,$31,$38,$68,$751,$0,$210,$-2,$189,$940,$52,$2,$-11,$-9,$103,$0,$18,$-39,$91,$134,$-2,$0,$0,$-151,$122,$-30,$0,$-31,$-7,$0,$-7,$-30,$-30,$-7,$-6,$-50,$53,$9,$-7
17,2014-06-30,11.49,$5.09,2.26,$8.81,1.3,$12.83,0.9,$1.71,6.72,$0.56B,$0.71B,0.79,$0.03B,$0.18B,0.17,$0.32B,$0.21B,64.67%,$0.32B,$0.10B,32.81%,$0.32B,$0.10B,32.81%,$0.32B,$0.11B,34.07%,$0.32B,$0.10B,32.81%,$0.32B,$0.06B,19.24%,$0.06B,$0.18B,35.31%,$0.06B,$0.18B,35.31%,$0.06B,$0.95B,6.52%,$0.10B,$0.21B,49.88%,$87,$28,$59,$0,$29,$57,$30,$0,$30,$13,$17,$17,$17,$31,$30,$34,35,$0.50,$0.49,$204,$0,$0,$560,$10,$336,$0,$5,$390,$950,$709,$31,$32,$63,$772,$0,$192,$-1,$178,$950,$31,$2,$-16,$-15,$71,$0,$35,$-34,$82,$98,$-1,$0,$0,$23,$0,$23,$0,$22,$-7,$0,$-7,$-20,$-20,$-3,$-6,$-36,$84,$5,$-3
18,2014-03-31,11.17,$4.92,2.27,$8.37,1.33,$15.06,0.74,$1.66,6.73,$0.50B,$0.66B,0.75,$0.04B,$0.17B,0.22,$0.31B,$0.20B,64.61%,$0.31B,$0.10B,33.77%,$0.31B,$0.10B,33.77%,$0.31B,$0.11B,34.74%,$0.31B,$0.10B,33.77%,$0.31B,$0.06B,19.81%,$0.06B,$0.17B,36.47%,$0.06B,$0.17B,36.47%,$0.06B,$0.90B,6.43%,$0.10B,$0.21B,50.79%,$74,$27,$47,$0,$24,$51,$23,$0,$23,$10,$14,$14,$14,$24,$23,$33,36,$0.41,$0.38,$125,$0,$0,$496,$10,$360,$0,$8,$406,$901,$662,$37,$31,$69,$730,$0,$179,$-0,$171,$901,$14,$1,$-17,$-16,$32,$0,$8,$-14,$33,$30,$-1,$0,$0,$-3,$0,$-3,$0,$-4,$-0,$0,$-0,$-15,$-15,$-3,$-2,$-20,$5,$2,$-3
19,2013-12-31,12.62,$4.97,2.54,$7.92,1.59,$17.81,0.71,$1.57,8.04,$0.52B,$0.67B,0.77,$0.04B,$0.18B,0.21,$0.30B,$0.19B,64.12%,$0.30B,$0.10B,33.55%,$0.30B,$0.10B,33.55%,$0.30B,$0.10B,34.22%,$0.30B,$0.10B,33.55%,$0.30B,$0.06B,19.60%,$0.06B,$0.18B,35.22%,$0.06B,$0.18B,35.22%,$0.06B,$0.92B,6.12%,$0.10B,$0.21B,50.31%,$78,$29,$49,$0,$23,$52,$26,$0,$26,$10,$16,$16,$16,$27,$26,$36,38,$0.44,$0.43,$120,$0,$0,$518,$9,$354,$0,$10,$402,$920,$670,$37,$34,$74,$744,$0,$169,$-0,$176,$920,$59,$3,$9,$12,$11,$0,$0,$79,$86,$157,$-1,$0,$0,$-367,$16,$-351,$0,$-353,$19,$0,$19,$-32,$-32,$-18,$-3,$-34,$-230,$6,$-18
20,2013-09-30,6.07,$4.74,1.28,$7.72,0.79,$17.14,0.35,$1.24,4.9,$0.55B,$0.73B,0.74,$0.04B,$0.17B,0.22,$0.30B,$0.19B,62.08%,$0.30B,$0.08B,28.19%,$0.30B,$0.08B,28.19%,$0.30B,$0.09B,28.86%,$0.30B,$0.08B,28.19%,$0.30B,$0.05B,15.77%,$0.05B,$0.17B,28.57%,$0.05B,$0.17B,28.57%,$0.05B,$0.97B,4.87%,$0.08B,$0.20B,43.41%,$78,$28,$50,$0,$25,$53,$25,$0,$25,$11,$14,$14,$14,$26,$25,$34,36,$0.43,$0.40,$140,$0,$0,$545,$9,$369,$0,$18,$427,$972,$733,$37,$34,$73,$806,$0,$161,$-0,$166,$972,$43,$2,$14,$16,$29,$0,$37,$70,$125,$184,$-1,$0,$0,$-367,$0,$-367,$0,$-368,$19,$0,$19,$-32,$-32,$-10,$-3,$-26,$-210,$5,$-10
21,2013-06-30,6.08,$4.42,1.38,$7.36,0.83,$15.53,0.39,$1.04,5.85,$0.60B,$0.78B,0.78,$0.04B,$0.16B,0.24,$0.30B,$0.17B,58.64%,$0.30B,$0.07B,24.75%,$0.30B,$0.07B,24.75%,$0.30B,$0.07B,25.08%,$0.30B,$0.07B,24.75%,$0.30B,$0.04B,13.90%,$0.04B,$0.16B,24.92%,$0.04B,$0.16B,24.92%,$0.04B,$1.00B,4.24%,$0.07B,$0.19B,38.57%,$78,$25,$53,$0,$23,$48,$30,$0,$30,$13,$17,$17,$17,$30,$30,$36,38,$0.47,$0.44,$184,$0,$0,$604,$9,$343,$0,$12,$398,$1002,$777,$37,$31,$69,$846,$0,$150,$-3,$156,$1002,$29,$1,$14,$14,$29,$0,$50,$77,$149,$192,$-1,$0,$0,$-340,$0,$-340,$0,$-341,$19,$0,$19,$-28,$-28,$-6,$-3,$-18,$-167,$3,$-6
22,2013-03-31,4.12,$4.23,0.97,$6.82,0.6,$13.75,0.3,$0.79,5.22,$0.91B,$0.74B,1.22,$0.02B,$0.17B,0.12,$0.28B,$0.15B,54.15%,$0.28B,$0.06B,20.22%,$0.28B,$0.06B,20.22%,$0.28B,$0.06B,20.58%,$0.28B,$0.06B,20.22%,$0.28B,$0.03B,11.55%,$0.03B,$0.17B,19.28%,$0.03B,$0.17B,19.28%,$0.03B,$0.96B,3.21%,$0.06B,$0.19B,30.03%,$67,$26,$41,$0,$21,$48,$20,$0,$20,$8,$12,$12,$12,$20,$20,$40,41,$0.30,$0.29,$486,$0,$0,$905,$9,$14,$0,$4,$59,$964,$744,$20,$28,$48,$792,$0,$136,$0,$172,$964,$12,$0,$15,$15,$30,$0,$20,$71,$121,$147,$-0,$0,$0,$0,$-10,$-10,$0,$-10,$-0,$0,$-0,$0,$0,$-0,$-1,$-2,$135,$1,$0
23,2012-12-31,3.66,$4.00,0.91,$6.67,0.55,$12.49,0.29,$0.74,4.94,$0.79B,$0.71B,1.11,$0.02B,$0.16B,0.12,$0.27B,$0.14B,52.96%,$0.27B,$0.05B,19.26%,$0.27B,$0.05B,19.26%,$0.27B,$0.05B,19.63%,$0.27B,$0.05B,19.26%,$0.27B,$0.03B,11.11%,$0.03B,$0.16B,18.49%,$0.03B,$0.16B,18.49%,$0.03B,$0.93B,3.03%,$0.05B,$0.18B,28.42%,$75,$34,$41,$0,$32,$66,$9,$0,$9,$5,$4,$4,$4,$10,$9,$40,41,$0.11,$0.12,$380,$0,$0,$787,$9,$89,$0,$4,$139,$926,$712,$20,$29,$50,$762,$0,$128,$0,$164,$926,$30,$1,$13,$14,$50,$0,$-2,$67,$98,$143,$-3,$0,$0,$0,$0,$0,$0,$-3,$-1,$0,$-1,$0,$0,$-19,$-2,$-22,$118,$4,$-19
24,2012-09-30,3.13,$4.06,0.77,$6.26,0.5,$11.77,0.27,$0.57,5.49,$0.88B,$0.76B,1.17,$0.02B,$0.17B,0.12,$0.25B,$0.12B,46.64%,$0.25B,$0.04B,15.42%,$0.25B,$0.04B,15.42%,$0.25B,$0.04B,15.81%,$0.25B,$0.04B,15.42%,$0.25B,$0.02B,9.49%,$0.02B,$0.17B,15.12%,$0.02B,$0.17B,15.12%,$0.02B,$0.98B,2.44%,$0.04B,$0.19B,21.67%,$75,$36,$38,$0,$24,$61,$14,$0,$14,$6,$8,$8,$8,$14,$14,$40,40,$0.21,$0.20,$461,$0,$0,$882,$9,$53,$0,$2,$98,$980,$757,$21,$36,$57,$814,$0,$131,$0,$166,$980,$26,$1,$12,$13,$61,$0,$36,$24,$106,$145,$-2,$0,$0,$0,$0,$0,$0,$-2,$-1,$4,$3,$0,$0,$-7,$-2,$-7,$136,$3,$-7
25,2012-06-30,2.71,$4.03,0.67,$5.64,0.48,$11.30,0.24,$0.39,6.96,$0.98B,$0.90B,1.08,$0.02B,$0.16B,0.13,$0.23B,$0.10B,44.05%,$0.23B,$0.03B,11.45%,$0.23B,$0.03B,11.45%,$0.23B,$0.03B,11.45%,$0.23B,$0.03B,11.45%,$0.23B,$0.02B,7.49%,$0.02B,$0.16B,10.86%,$0.02B,$0.16B,10.86%,$0.02B,$1.12B,1.74%,$0.03B,$0.18B,14.61%,$60,$29,$30,$0,$17,$47,$13,$0,$13,$5,$8,$8,$8,$13,$13,$40,40,$0.20,$0.19,$431,$0,$0,$980,$9,$86,$0,$2,$136,$1116,$904,$21,$28,$50,$954,$0,$126,$0,$162,$1116,$18,$0,$10,$10,$-63,$0,$187,$-8,$104,$132,$-2,$0,$0,$0,$0,$0,$0,$-2,$-1,$2,$1,$0,$0,$-4,$-0,$-3,$127,$2,$-4
26,2012-03-31,3.02,$3.90,0.77,$5.48,0.55,$12.87,0.23,$0.39,7.75,$0.80B,$0.75B,1.07,$0.02B,$0.16B,0.14,$0.22B,$0.10B,44.34%,$0.22B,$0.03B,11.76%,$0.22B,$0.03B,11.76%,$0.22B,$0.03B,12.22%,$0.22B,$0.03B,11.76%,$0.22B,$0.02B,7.69%,$0.02B,$0.16B,10.93%,$0.02B,$0.16B,10.93%,$0.02B,$0.94B,1.84%,$0.03B,$0.18B,14.65%,$60,$26,$34,$0,$18,$44,$16,$0,$16,$6,$10,$10,$10,$16,$16,$39,41,$0.24,$0.24,$374,$0,$0,$795,$8,$101,$0,$3,$141,$937,$746,$21,$12,$34,$780,$0,$122,$0,$157,$937,$10,$0,$5,$5,$38,$0,$28,$27,$80,$95,$-2,$0,$0,$0,$0,$0,$0,$-2,$-0,$3,$3,$0,$0,$-0,$-0,$3,$96,$1,$0
27,2011-12-31,2.71,$3.74,0.73,$5.57,0.49,$13.48,0.2,$0.49,5.54,$0.75B,$0.68B,1.1,$0.02B,$0.15B,0.15,$0.23B,$0.10B,45.33%,$0.23B,$0.03B,14.67%,$0.23B,$0.03B,14.67%,$0.23B,$0.03B,15.11%,$0.23B,$0.03B,14.67%,$0.23B,$0.02B,9.33%,$0.02B,$0.15B,13.66%,$0.02B,$0.15B,13.66%,$0.02B,$0.89B,2.33%,$0.03B,$0.17B,18.72%,$58,$43,$16,$0,$19,$62,$-4,$0,$-4,$-1,$-2,$-2,$-2,$-3,$-4,$39,40,$-0.05,$-0.05,$308,$0,$0,$750,$7,$99,$0,$1,$144,$894,$684,$22,$26,$60,$744,$0,$116,$0,$150,$894,$20,$1,$11,$12,$-17,$0,$12,$81,$81,$113,$-2,$0,$0,$0,$0,$0,$0,$-2,$-1,$0,$-1,$0,$0,$-13,$0,$-14,$96,$3,$-13
28,2011-09-30,2.81,$3.92,0.71,$5.80,0.48,$10.62,0.26,$0.70,4.01,$0.77B,$0.75B,1.02,$0.02B,$0.16B,0.14,$0.24B,$0.12B,50.64%,$0.24B,$0.05B,20.85%,$0.24B,$0.05B,20.85%,$0.24B,$0.05B,20.85%,$0.24B,$0.05B,20.85%,$0.24B,$0.03B,12.34%,$0.03B,$0.16B,19.17%,$0.03B,$0.16B,19.17%,$0.03B,$0.97B,3.30%,$0.05B,$0.18B,28.16%,$49,$29,$20,$0,$19,$48,$1,$0,$1,$0,$1,$1,$1,$0,$1,$39,40,$0.02,$0.02,$329,$0,$0,$767,$7,$153,$0,$3,$200,$967,$751,$22,$21,$59,$810,$0,$124,$0,$157,$967,$22,$1,$3,$4,$1,$0,$54,$36,$98,$124,$-2,$0,$0,$0,$0,$0,$0,$-2,$-1,$12,$11,$0,$0,$-4,$0,$7,$130,$2,$-4
29,2011-06-30,3.34,$3.96,0.84,$6.33,0.53,$10.81,0.31,$1.04,3.21,$0.76B,$0.70B,1.09,$0.02B,$0.16B,0.14,$0.26B,$0.14B,54.47%,$0.26B,$0.07B,26.85%,$0.26B,$0.07B,26.85%,$0.26B,$0.07B,27.63%,$0.26B,$0.07B,26.85%,$0.26B,$0.04B,15.95%,$0.04B,$0.16B,27.94%,$0.04B,$0.16B,27.94%,$0.04B,$0.90B,4.92%,$0.07B,$0.18B,40.65%,$54,$26,$28,$0,$15,$41,$13,$0,$13,$6,$8,$8,$8,$14,$13,$39,41,$0.19,$0.19,$357,$0,$0,$764,$6,$96,$0,$2,$133,$897,$702,$22,$0,$36,$739,$0,$126,$0,$158,$897,$21,$1,$-3,$-1,$7,$0,$68,$96,$176,$196,$-1,$0,$0,$0,$0,$0,$0,$-1,$-1,$-0,$-1,$0,$0,$-4,$0,$-5,$189,$0,$-4
30,2011-03-31,3.87,$3.81,1.02,$6.39,0.61,$8.38,0.46,$1.12,3.46,$0.67B,$0.65B,1.03,$0.02B,$0.15B,0.15,$0.26B,$0.14B,55.21%,$0.26B,$0.07B,28.57%,$0.26B,$0.07B,28.57%,$0.26B,$0.08B,28.96%,$0.26B,$0.07B,28.57%,$0.26B,$0.04B,16.99%,$0.04B,$0.15B,31.83%,$0.04B,$0.15B,31.83%,$0.04B,$0.84B,5.45%,$0.07B,$0.17B,45.82%,$64,$26,$38,$0,$15,$41,$23,$0,$23,$9,$14,$14,$14,$23,$23,$39,41,$0.35,$0.34,$281,$0,$0,$672,$6,$139,$0,$2,$170,$842,$654,$23,$4,$38,$692,$0,$119,$0,$150,$842,$14,$0,$-4,$-4,$17,$0,$32,$58,$110,$120,$-0,$0,$0,$0,$0,$0,$0,$-0,$0,$4,$4,$0,$0,$-0,$0,$4,$123,$0,$0
31,2010-12-31,3.36,$3.55,0.95,$5.93,0.57,$6.82,0.49,$0.99,3.4,$0.55B,$0.63B,0.87,$0.02B,$0.14B,0.17,$0.24B,$0.13B,52.92%,$0.24B,$0.06B,25.83%,$0.24B,$0.06B,25.83%,$0.24B,$0.06B,26.67%,$0.24B,$0.06B,25.83%,$0.24B,$0.04B,15.42%,$0.04B,$0.14B,28.57%,$0.04B,$0.14B,28.57%,$0.04B,$0.80B,4.73%,$0.06B,$0.16B,40.52%,$68,$35,$33,$0,$21,$56,$12,$0,$12,$6,$6,$6,$6,$12,$12,$39,41,$0.17,$0.15,$148,$0,$0,$550,$5,$225,$0,$1,$254,$804,$633,$23,$0,$31,$664,$0,$109,$0,$140,$804,$37,$1,$-32,$-31,$43,$0,$-38,$-30,$-10,$-4,$-2,$0,$0,$-23,$0,$-23,$0,$-25,$-1,$3,$1,$0,$0,$-13,$-0,$-11,$-40,$3,$-13
32,2010-09-30,3.04,$3.54,0.86,$5.58,0.54,$7.45,0.41,$0.77,3.94,$0.66B,$0.62B,1.05,$0.02B,$0.14B,0.17,$0.23B,$0.11B,49.12%,$0.23B,$0.05B,19.91%,$0.23B,$0.05B,19.91%,$0.23B,$0.05B,21.68%,$0.23B,$0.05B,19.91%,$0.23B,$0.03B,12.39%,$0.03B,$0.14B,22.81%,$0.03B,$0.14B,22.81%,$0.03B,$0.79B,3.73%,$0.05B,$0.16B,30.66%,$71,$29,$41,$0,$20,$49,$21,$0,$21,$8,$13,$13,$13,$22,$21,$39,40,$0.33,$0.32,$295,$0,$0,$655,$1,$108,$0,$1,$134,$789,$623,$24,$0,$27,$650,$0,$108,$0,$139,$789,$31,$2,$-15,$-13,$48,$0,$6,$53,$114,$132,$-2,$0,$0,$-23,$0,$-23,$0,$-25,$-1,$4,$3,$-4,$-4,$-9,$4,$-5,$102,$2,$-9
33,2010-06-30,2.83,$3.16,0.9,$5.32,0.53,$6.11,0.46,$0.69,4.1,$0.63B,$0.64B,0.98,$0.02B,$0.12B,0.19,$0.22B,$0.11B,49.54%,$0.22B,$0.04B,19.91%,$0.22B,$0.04B,19.91%,$0.22B,$0.05B,21.30%,$0.22B,$0.04B,19.91%,$0.22B,$0.03B,12.50%,$0.03B,$0.12B,22.55%,$0.03B,$0.12B,22.55%,$0.03B,$0.80B,3.71%,$0.04B,$0.15B,29.81%,$56,$25,$31,$0,$13,$38,$18,$0,$18,$7,$11,$11,$11,$18,$18,$39,40,$0.27,$0.27,$262,$0,$0,$625,$1,$142,$0,$1,$171,$797,$638,$24,$8,$35,$673,$0,$93,$-0,$124,$797,$18,$1,$-5,$-4,$66,$0,$13,$-3,$83,$97,$-1,$0,$0,$-23,$0,$-23,$0,$-24,$-1,$2,$2,$-4,$-4,$-5,$4,$-3,$70,$1,$-5
34,2010-03-31,3.35,$2.93,1.14,$5.11,0.65,$6.31,0.53,$0.61,5.49,$0.57B,$0.59B,0.96,$0.02B,$0.12B,0.21,$0.21B,$0.10B,47.60%,$0.21B,$0.04B,17.79%,$0.21B,$0.04B,17.79%,$0.21B,$0.04B,19.71%,$0.21B,$0.04B,17.79%,$0.21B,$0.02B,11.54%,$0.02B,$0.12B,20.25%,$0.02B,$0.12B,20.25%,$0.02B,$0.74B,3.40%,$0.04B,$0.14B,25.83%,$45,$24,$22,$0,$10,$34,$11,$0,$11,$4,$7,$7,$7,$12,$11,$39,40,$0.18,$0.17,$229,$0,$0,$570,$1,$136,$0,$4,$166,$736,$592,$24,$5,$29,$621,$0,$88,$-3,$115,$736,$7,$0,$-0,$0,$32,$0,$15,$2,$48,$55,$-0,$0,$0,$-25,$0,$-25,$0,$-25,$-0,$5,$5,$-4,$-4,$-0,$4,$5,$36,$0,$0
35,2009-12-31,3.8,$3.00,1.27,$5.20,0.73,$6.51,0.58,$0.71,5.35,$0.53B,$0.54B,0.99,$0.03B,$0.11B,0.22,$0.21B,$0.11B,49.76%,$0.21B,$0.05B,21.80%,$0.21B,$0.05B,21.80%,$0.21B,$0.05B,23.22%,$0.21B,$0.05B,21.80%,$0.21B,$0.03B,13.74%,$0.03B,$0.11B,24.79%,$0.03B,$0.11B,24.79%,$0.03B,$0.68B,4.28%,$0.05B,$0.14B,32.39%,$54,$37,$17,$0,$22,$59,$-5,$0,$-5,$-2,$-3,$-3,$-3,$-3,$-5,$38,41,$-0.08,$-0.07,$193,$0,$0,$534,$5,$115,$0,$4,$145,$678,$540,$25,$0,$25,$565,$0,$84,$1,$113,$678,$29,$3,$-28,$-25,$-48,$0,$52,$14,$17,$21,$-1,$0,$0,$-85,$0,$-85,$0,$-86,$-0,$5,$4,$0,$0,$-20,$1,$-16,$-81,$0,$-20
36,2009-09-30,3.15,$3.37,0.93,$5.01,0.63,$7.25,0.43,$0.96,3.28,$0.59B,$0.53B,1.1,$0.03B,$0.13B,0.2,$0.20B,$0.11B,52.22%,$0.20B,$0.06B,31.03%,$0.20B,$0.06B,31.03%,$0.20B,$0.06B,31.53%,$0.20B,$0.06B,31.03%,$0.20B,$0.04B,19.21%,$0.04B,$0.13B,34.14%,$0.04B,$0.13B,34.14%,$0.04B,$0.70B,6.05%,$0.06B,$0.15B,45.24%,$61,$24,$37,$0,$19,$42,$19,$0,$19,$7,$12,$12,$12,$19,$19,$38,41,$0.31,$0.28,$275,$0,$0,$586,$1,$93,$0,$2,$113,$699,$534,$25,$13,$38,$572,$0,$94,$5,$127,$699,$32,$1,$-14,$-13,$-9,$0,$64,$1,$59,$77,$-1,$0,$0,$-55,$0,$-55,$0,$-56,$0,$5,$5,$0,$0,$-8,$0,$-4,$18,$1,$-8
37,2009-06-30,3.07,$3.16,0.97,$4.69,0.65,$7.18,0.43,$0.87,3.52,$0.48B,$0.55B,0.87,$0.03B,$0.12B,0.21,$0.19B,$0.09B,49.21%,$0.19B,$0.06B,29.63%,$0.19B,$0.06B,29.63%,$0.19B,$0.05B,27.51%,$0.19B,$0.06B,29.63%,$0.19B,$0.03B,17.99%,$0.03B,$0.12B,31.55%,$0.03B,$0.12B,31.55%,$0.03B,$0.71B,5.53%,$0.06B,$0.14B,42.18%,$48,$25,$23,$0,$11,$35,$12,$0,$12,$5,$8,$8,$8,$13,$12,$38,41,$0.20,$0.19,$168,$0,$0,$478,$1,$213,$0,$8,$236,$714,$549,$25,$22,$47,$595,$0,$83,$8,$119,$714,$20,$1,$4,$4,$-7,$0,$92,$0,$80,$104,$-0,$0,$0,$-189,$0,$-189,$0,$-190,$0,$5,$5,$0,$0,$-8,$0,$-3,$-89,$1,$-8
38,2009-03-31,2.23,$2.90,0.77,$4.65,0.48,$6.48,0.34,$0.96,2.32,$0.43B,$0.44B,0.98,$0.03B,$0.11B,0.23,$0.19B,$0.10B,52.41%,$0.19B,$0.06B,33.69%,$0.19B,$0.06B,33.69%,$0.19B,$0.06B,33.16%,$0.19B,$0.06B,33.69%,$0.19B,$0.04B,19.79%,$0.04B,$0.11B,36.01%,$0.04B,$0.11B,36.01%,$0.04B,$0.62B,6.37%,$0.06B,$0.13B,49.32%,$48,$20,$28,$0,$8,$28,$20,$0,$20,$8,$12,$12,$12,$20,$20,$38,40,$0.33,$0.31,$158,$0,$0,$431,$1,$175,$0,$0,$190,$621,$439,$25,$43,$74,$512,$0,$80,$3,$109,$621,$12,$0,$-1,$-0,$9,$0,$32,$2,$50,$62,$-0,$0,$0,$-159,$0,$-159,$0,$-159,$0,$2,$2,$0,$0,$-4,$0,$-2,$-99,$1,$-4
39,2008-12-31,1.4,$2.71,0.52,$4.52,0.31,$6.35,0.22,$1.00,1.4,$0.52B,$0.42B,1.24,$0.03B,$0.10B,0.25,$0.18B,$0.10B,55.74%,$0.18B,$0.07B,36.07%,$0.18B,$0.07B,36.07%,$0.18B,$0.07B,36.61%,$0.18B,$0.07B,36.07%,$0.18B,$0.04B,21.31%,$0.04B,$0.10B,40.21%,$0.04B,$0.10B,40.21%,$0.04B,$0.55B,6.90%,$0.07B,$0.13B,54.10%,$46,$27,$18,$0,$6,$33,$12,$0,$12,$5,$7,$7,$7,$12,$12,$37,40,$0.18,$0.17,$257,$0,$0,$517,$1,$9,$0,$3,$28,$545,$417,$25,$1,$26,$443,$0,$76,$0,$102,$545,$40,$1,$7,$7,$1,$0,$-12,$16,$3,$50,$-0,$0,$0,$0,$-4,$-4,$0,$-5,$-0,$16,$16,$-6,$-6,$-18,$6,$-3,$42,$4,$-18
40,2008-09-30,1.86,$2.71,0.69,$4.47,0.42,$5.10,0.36,$1.06,1.76,$0.56B,$0.43B,1.28,$0.03B,$0.10B,0.25,$0.18B,$0.11B,58.79%,$0.18B,$0.07B,39.56%,$0.18B,$0.07B,39.56%,$0.18B,$0.07B,39.56%,$0.18B,$0.07B,39.56%,$0.18B,$0.04B,23.08%,$0.04B,$0.10B,46.80%,$0.04B,$0.10B,46.80%,$0.04B,$0.58B,7.62%,$0.07B,$0.13B,62.75%,$47,$24,$24,$0,$12,$35,$12,$0,$12,$4,$7,$7,$7,$7,$12,$38,40,$0.20,$0.19,$274,$0,$0,$556,$1,$8,$0,$1,$24,$580,$433,$25,$21,$46,$479,$0,$76,$0,$101,$580,$33,$1,$-1,$-1,$-0,$0,$34,$6,$41,$73,$-0,$0,$0,$-4,$0,$-4,$0,$-5,$-0,$17,$17,$-6,$-6,$-7,$5,$8,$76,$3,$-7
41,2008-06-30,1.79,$2.61,0.69,$4.39,0.41,$4.91,0.36,$1.20,1.49,$0.55B,$0.43B,1.29,$0.03B,$0.10B,0.25,$0.18B,$0.12B,64.09%,$0.18B,$0.08B,44.20%,$0.18B,$0.08B,44.20%,$0.18B,$0.09B,48.07%,$0.18B,$0.08B,44.20%,$0.18B,$0.05B,27.07%,$0.05B,$0.10B,60.87%,$0.05B,$0.10B,60.87%,$0.05B,$0.58B,8.73%,$0.08B,$0.12B,75.83%,$46,$18,$28,$0,$9,$27,$19,$0,$19,$8,$11,$11,$11,$23,$19,$38,40,$0.30,$0.28,$277,$0,$0,$553,$1,$5,$0,$1,$22,$576,$430,$25,$21,$46,$476,$0,$72,$0,$99,$576,$26,$5,$-8,$-2,$6,$0,$32,$13,$53,$76,$-0,$0,$0,$0,$-2,$-2,$0,$-2,$-0,$0,$-0,$-3,$-3,$-3,$5,$-2,$72,$-7,$-3
42,2008-03-31,1.91,$2.33,0.82,$4.56,0.42,$3.86,0.49,$1.35,1.41,$0.54B,$0.42B,1.29,$0.03B,$0.09B,0.29,$0.19B,$0.13B,68.62%,$0.19B,$0.09B,48.40%,$0.19B,$0.09B,48.40%,$0.19B,$0.09B,50.00%,$0.19B,$0.09B,48.40%,$0.19B,$0.06B,29.79%,$0.06B,$0.09B,81.45%,$0.06B,$0.09B,81.45%,$0.06B,$0.56B,10.06%,$0.09B,$0.11B,96.30%,$44,$13,$32,$0,$8,$21,$23,$0,$23,$9,$14,$14,$14,$25,$23,$37,41,$0.39,$0.35,$264,$0,$0,$536,$1,$5,$0,$1,$23,$559,$417,$25,$23,$55,$473,$0,$61,$0,$86,$559,$14,$1,$-3,$-2,$-14,$0,$40,$11,$47,$59,$-0,$0,$0,$0,$-2,$-2,$0,$-2,$-0,$0,$-0,$-1,$-1,$-0,$3,$2,$59,$0,$0
43,2007-12-31,3.63,$2.02,1.8,$4.58,0.79,$3.51,1.03,$1.30,2.8,$0.47B,$0.38B,1.25,$0.03B,$0.07B,0.35,$0.19B,$0.13B,68.25%,$0.19B,$0.09B,47.62%,$0.19B,$0.09B,47.62%,$0.19B,$0.09B,48.15%,$0.19B,$0.09B,47.62%,$0.19B,$0.05B,28.57%,$0.05B,$0.07B,97.30%,$0.05B,$0.07B,97.30%,$0.05B,$0.49B,9.66%,$0.09B,$0.10B,108.11%,$45,$22,$23,$0,$5,$27,$18,$0,$18,$8,$10,$10,$10,$17,$18,$36,41,$0.29,$0.25,$215,$0,$0,$472,$1,$3,$0,$0,$19,$491,$377,$25,$16,$41,$419,$0,$51,$0,$73,$491,$54,$1,$-4,$-4,$8,$0,$-67,$23,$-50,$1,$-1,$0,$0,$0,$0,$0,$0,$-1,$-12,$0,$-12,$-0,$-0,$-7,$2,$-18,$-18,$3,$-7
44,2007-09-30,3.5,$1.78,1.97,$4.29,0.82,$7.44,0.47,$1.06,3.3,$0.60B,$0.49B,1.23,$0.03B,$0.06B,0.39,$0.18B,$0.13B,71.43%,$0.18B,$0.09B,49.14%,$0.18B,$0.09B,49.14%,$0.18B,$0.09B,51.43%,$0.18B,$0.09B,49.14%,$0.18B,$0.05B,29.71%,$0.05B,$0.06B,121.64%,$0.05B,$0.06B,121.64%,$0.05B,$0.62B,9.34%,$0.09B,$0.09B,117.01%,$46,$13,$33,$0,$13,$26,$20,$0,$20,$6,$14,$14,$14,$22,$20,$36,42,$0.39,$0.33,$285,$0,$0,$603,$1,$3,$0,$0,$16,$620,$489,$25,$15,$67,$556,$0,$44,$0,$64,$620,$44,$2,$-5,$-3,$-52,$0,$52,$14,$27,$68,$-0,$0,$0,$0,$0,$0,$0,$-0,$-12,$0,$-12,$-0,$-0,$-4,$1,$-16,$52,$0,$-4
45,2007-06-30,2.97,$1.44,2.06,$3.70,0.8,$8.41,0.35,$0.83,3.58,$0.54B,$0.44B,1.23,$0.03B,$0.05B,0.54,$0.15B,$0.10B,70.27%,$0.15B,$0.07B,48.65%,$0.15B,$0.07B,48.65%,$0.15B,$0.07B,50.00%,$0.15B,$0.07B,48.65%,$0.15B,$0.04B,28.38%,$0.04B,$0.05B,137.70%,$0.04B,$0.05B,137.70%,$0.04B,$0.56B,8.55%,$0.07B,$0.08B,130.32%,$53,$12,$41,$0,$11,$24,$30,$0,$30,$12,$18,$18,$18,$30,$30,$36,41,$0.49,$0.43,$256,$0,$0,$542,$1,$3,$0,$0,$14,$556,$441,$28,$16,$63,$504,$0,$33,$0,$52,$556,$30,$0,$-0,$0,$-12,$0,$-4,$14,$3,$33,$-0,$0,$0,$0,$0,$0,$0,$-0,$-9,$0,$-9,$-0,$-0,$-2,$1,$-10,$23,$0,$-2
46,2007-03-31,1.69,$0.94,1.8,$2.63,0.64,$8.17,0.21,$0.45,3.75,$0.56B,$0.48B,1.15,$0.03B,$0.03B,0.99,$0.10B,$0.07B,64.42%,$0.10B,$0.04B,42.31%,$0.10B,$0.04B,42.31%,$0.10B,$0.05B,44.23%,$0.10B,$0.04B,42.31%,$0.10B,$0.03B,25.00%,$0.03B,$0.03B,125.30%,$0.03B,$0.03B,125.30%,$0.03B,$0.57B,6.36%,$0.04B,$0.07B,113.55%,$45,$12,$32,$0,$10,$22,$22,$0,$22,$10,$12,$12,$12,$22,$22,$35,41,$0.35,$0.30,$272,$0,$0,$556,$1,$3,$0,$0,$14,$570,$483,$33,$13,$54,$537,$0,$15,$0,$33,$570,$12,$0,$2,$2,$-20,$0,$50,$6,$30,$44,$-0,$0,$0,$0,$0,$0,$0,$-0,$-5,$0,$-5,$0,$0,$-0,$0,$-5,$39,$0,$0
47,2006-12-31,1.32,$0.63,2.09,$1.70,0.77,$7.15,0.18,$0.24,5.49,$0.47B,$0.40B,1.17,$0.04B,$0.02B,1.7,$0.07B,$0.04B,61.54%,$0.07B,$0.03B,41.54%,$0.07B,$0.03B,41.54%,$0.07B,$0.03B,44.62%,$0.07B,$0.03B,41.54%,$0.07B,$0.02B,26.15%,$0.02B,$0.02B,109.68%,$0.02B,$0.02B,109.68%,$0.02B,$0.48B,5.54%,$0.03B,$0.06B,105.88%,$31,$13,$19,$0,$4,$17,$14,$0,$14,$6,$8,$8,$8,$16,$14,$34,39,$0.23,$0.20,$233,$0,$0,$467,$1,$3,$0,$0,$15,$482,$401,$37,$6,$59,$460,$0,$5,$0,$22,$482,$17,$2,$-8,$-6,$74,$0,$76,$-17,$143,$154,$-0,$0,$0,$0,$0,$0,$0,$-0,$36,$0,$36,$0,$0,$-5,$-0,$32,$185,$0,$-5
