,Date,Stock Price,Book Value per Share,Price to Book Ratio,TTM Sales per Share,Price to Sales Ratio,TTM FCF per Share,Price to FCF Ratio,TTM Net EPS,PE Ratio,Current Assets,Current Liabilities,Current Ratio,Long Term Debt,Shareholder's Equity_x,Debt to Equity Ratio,TTM Revenue_x,TTM Gross Profit,Gross Margin,TTM Revenue_y,TTM Operating Income,Operating Margin,TTM Revenue_x,TTM EBIT,EBIT Margin,TTM Revenue_y,TTM EBITDA,EBITDA Margin,TTM Revenue_x,TTM Pre-Tax Income,Pre-Tax Margin,TTM Revenue_y,TTM Net Income_x,Net Margin,TTM Net Income_y,Shareholder's Equity_y,Return on Equity,TTM Net Income_x,Tangible Equity,Return on Tangible Equity,TTM Net Income_y,Total Assets,Return on Assets,TTM Net Income,LT Investments & Debt,Return on Investment,revenue,cost-goods-sold,gross-profit,research-development-expenses,selling-general-administrative-expenses,operating-expenses,operating-income,total-non-operating-income-expense,pre-tax-income,total-provision-income-taxes,income-after-taxes,income-from-continuous-operations,net-income,ebitda,ebit,basic-shares-outstanding,shares-outstanding,eps-basic-net-earnings-per-share,eps-earnings-per-share-diluted,cash-on-hand,inventory,other-current-assets,total-current-assets,net-property-plant-equipment,long-term-investments,goodwill-intangible-assets-total,other-long-term-assets,total-long-term-assets,total-assets,total-current-liabilities,long-term-debt,other-non-current-liabilities,total-long-term-liabilities,total-liabilities,common-stock-net,retained-earnings-accumulated-deficit,comprehensive-income,total-share-holder-equity,total-liabilities-share-holders-equity,net-income-loss,total-depreciation-amortization-cash-flow,other-non-cash-items,total-non-cash-items,change-in-accounts-receivable,change-in-inventories,change-in-accounts-payable,change-in-assets-liabilities,total-change-in-assets-liabilities,cash-flow-from-operating-activities,net-change-in-property-plant-equipment,net-change-in-intangible-assets,net-acquisitions-divestitures,net-change-in-short-term-investments,net-change-in-long-term-investments,net-change-in-investments-total,investing-activities-other,cash-flow-from-investing-activities,net-long-term-debt,net-current-debt,debt-issuance-retirement-net-total,net-common-equity-issued-repurchased,net-total-equity-issued-repurchased,total-common-preferred-stock-dividends-paid,financial-activities-other,cash-flow-from-financial-activities,net-cash-flow,stock-based-compensation,common-stock-dividends-paid
0,2018-09-30,65.0,$55.21,1.18,$85.80,0.76,$-16.77,0.0,$4.74,13.71,$1.70B,$0.39B,4.35,$0.37B,$1.38B,0.27,$2.18B,$0.40B,18.16%,$2.18B,$0.18B,8.39%,$2.18B,$0.18B,8.39%,$2.18B,$0.22B,10.00%,$2.18B,$0.18B,8.12%,$2.18B,$0.12B,5.50%,$0.12B,$1.38B,8.73%,$0.12B,$1.28B,9.41%,$0.12B,$2.27B,5.48%,$0.18B,$1.75B,10.50%,$540,$440,$99,$0,$45,$485,$54,$-5,$50,$15,$34,$34,$31,$64,$54,$25,25,$1.25,$1.24,$68,$1023,$128,$1699,$323,$84,$99,$47,$573,$2272,$390,$369,$42,$504,$894,$325,$1085,$-73,$1378,$2272,$45,$18,$-1,$17,$0,$0,$0,$-273,$-273,$-213,$-19,$0,$0,$0,$0,$0,$2,$-17,$0,$102,$102,$-1,$-1,$-34,$-3,$65,$-166,$0,$-34
1,2018-06-30,65.35,$54.58,1.2,$83.62,0.78,$-16.89,0.0,$4.52,14.46,$1.60B,$0.30B,5.26,$0.37B,$1.36B,0.27,$2.13B,$0.39B,18.32%,$2.13B,$0.17B,8.17%,$2.13B,$0.17B,8.17%,$2.13B,$0.21B,9.72%,$2.13B,$0.17B,7.94%,$2.13B,$0.12B,5.40%,$0.12B,$1.36B,8.45%,$0.12B,$1.26B,9.11%,$0.12B,$2.17B,5.33%,$0.17B,$1.73B,10.05%,$380,$307,$72,$0,$64,$371,$8,$-3,$6,$-5,$11,$11,$13,$17,$8,$25,25,$0.53,$0.52,$66,$1021,$142,$1599,$323,$83,$99,$46,$571,$2169,$304,$369,$46,$503,$807,$323,$1072,$-73,$1362,$2169,$11,$9,$-2,$7,$0,$0,$0,$-179,$-179,$-168,$-10,$0,$0,$0,$0,$0,$0,$-10,$0,$29,$29,$-1,$-1,$-14,$-3,$11,$-168,$0,$-14
2,2018-03-31,47.46,$55.57,0.85,$79.70,0.6,$-14.63,0.0,$4.14,11.46,$1.59B,$0.27B,5.94,$0.37B,$1.39B,0.27,$2.03B,$0.37B,18.29%,$2.03B,$0.17B,8.46%,$2.03B,$0.17B,8.46%,$2.03B,$0.21B,10.08%,$2.03B,$0.17B,8.16%,$2.03B,$0.11B,5.21%,$0.11B,$1.39B,7.84%,$0.11B,$1.29B,8.46%,$0.11B,$2.17B,4.95%,$0.17B,$1.75B,10.00%,$607,$491,$116,$0,$56,$547,$61,$-1,$59,$25,$34,$34,$31,$69,$61,$25,26,$1.21,$1.20,$234,$749,$211,$1589,$324,$89,$99,$50,$580,$2169,$268,$369,$46,$516,$783,$322,$1081,$-60,$1385,$2169,$116,$35,$6,$41,$38,$-116,$0,$-4,$-68,$83,$-29,$0,$0,$0,$0,$0,$-1,$-29,$0,$-18,$-18,$-22,$-22,$-62,$-3,$-105,$-50,$8,$-62
3,2017-12-31,50.83,$54.58,0.93,$83.23,0.61,$-7.64,0.0,$1.30,39.1,$1.58B,$0.26B,6.15,$0.37B,$1.37B,0.27,$2.08B,$0.38B,18.05%,$2.08B,$0.17B,8.23%,$2.08B,$0.17B,8.23%,$2.08B,$0.21B,9.92%,$2.08B,$0.16B,7.85%,$2.08B,$0.03B,1.64%,$0.03B,$1.37B,2.54%,$0.03B,$1.27B,2.75%,$0.03B,$2.15B,1.60%,$0.17B,$1.74B,10.02%,$654,$545,$109,$0,$49,$594,$60,$3,$62,$12,$50,$50,$45,$68,$60,$25,25,$1.80,$1.78,$147,$866,$202,$1578,$317,$86,$99,$49,$572,$2150,$257,$369,$47,$523,$779,$322,$1059,$-55,$1371,$2150,$82,$26,$-18,$8,$0,$0,$0,$-151,$-151,$-49,$-18,$0,$0,$0,$0,$0,$-1,$-19,$0,$-12,$-12,$-13,$-13,$-41,$-4,$-70,$-137,$0,$-41
4,2017-09-30,54.95,$52.92,1.04,$81.45,0.67,$0.56,98.65,$1.44,38.16,$1.57B,$0.28B,5.6,$0.37B,$1.33B,0.28,$2.09B,$0.40B,19.17%,$2.09B,$0.19B,9.27%,$2.09B,$0.19B,9.27%,$2.09B,$0.23B,10.99%,$2.09B,$0.19B,8.84%,$2.09B,$0.04B,1.86%,$0.04B,$1.33B,2.86%,$0.04B,$1.23B,3.08%,$0.04B,$2.14B,1.82%,$0.19B,$1.70B,11.19%,$488,$395,$93,$0,$48,$443,$45,$-3,$42,$14,$28,$28,$26,$53,$45,$25,26,$1.03,$1.02,$41,$959,$161,$1572,$317,$86,$99,$42,$568,$2140,$281,$369,$31,$530,$811,$320,$1027,$-59,$1329,$2140,$32,$17,$-3,$14,$0,$0,$0,$-279,$-279,$-226,$-11,$0,$0,$0,$0,$0,$2,$-9,$0,$36,$36,$-13,$-13,$-29,$-3,$-8,$-243,$0,$-29
5,2017-06-30,61.52,$52.19,1.18,$78.68,0.78,$10.04,6.13,$1.32,46.61,$1.54B,$0.26B,5.94,$0.37B,$1.32B,0.28,$2.06B,$0.40B,19.21%,$2.06B,$0.19B,9.32%,$2.06B,$0.19B,9.32%,$2.06B,$0.23B,11.11%,$2.06B,$0.18B,8.93%,$2.06B,$0.04B,1.70%,$0.04B,$1.32B,2.51%,$0.04B,$1.22B,2.71%,$0.04B,$2.11B,1.61%,$0.19B,$1.69B,10.90%,$285,$231,$54,$0,$47,$278,$6,$-4,$3,$-0,$3,$3,$4,$15,$6,$25,26,$0.14,$0.14,$129,$993,$130,$1539,$316,$83,$99,$42,$566,$2105,$259,$369,$31,$524,$783,$321,$1025,$-64,$1322,$2105,$3,$9,$-5,$4,$0,$0,$0,$-123,$-123,$-117,$-6,$0,$0,$0,$0,$0,$0,$-6,$0,$-16,$-16,$0,$0,$-14,$-3,$-33,$-155,$0,$-14
6,2017-03-31,66.76,$52.49,1.27,$80.57,0.83,$15.24,4.38,$0.78,85.59,$1.56B,$0.27B,5.83,$0.37B,$1.33B,0.28,$2.07B,$0.39B,19.02%,$2.07B,$0.18B,8.59%,$2.07B,$0.18B,8.59%,$2.07B,$0.22B,10.38%,$2.07B,$0.17B,8.16%,$2.07B,$0.02B,1.06%,$0.02B,$1.33B,1.55%,$0.02B,$1.23B,1.67%,$0.02B,$2.12B,1.00%,$0.18B,$1.70B,9.97%,$650,$531,$119,$0,$59,$590,$60,$-3,$56,$20,$36,$36,$-41,$70,$60,$23,24,$-1.83,$-1.54,$284,$634,$185,$1561,$317,$78,$99,$42,$562,$2123,$268,$369,$31,$529,$797,$321,$1035,$-70,$1327,$2123,$113,$36,$47,$83,$-14,$52,$0,$-5,$59,$250,$-33,$0,$0,$0,$0,$0,$-0,$-34,$0,$-5,$-5,$0,$-178,$-65,$-2,$-251,$-35,$6,$-54
7,2016-12-31,59.65,$58.62,1.02,$82.12,0.73,$11.23,5.31,$4.14,14.41,$1.67B,$0.24B,6.97,$0.37B,$1.38B,0.27,$2.23B,$0.42B,18.70%,$2.23B,$0.20B,8.90%,$2.23B,$0.20B,8.90%,$2.23B,$0.24B,10.56%,$2.23B,$0.19B,8.67%,$2.23B,$0.11B,4.81%,$0.11B,$1.48B,7.38%,$0.11B,$1.38B,7.92%,$0.11B,$2.23B,4.81%,$0.20B,$1.85B,10.89%,$669,$533,$135,$0,$52,$586,$83,$1,$84,$27,$57,$57,$50,$92,$83,$23,28,$2.17,$1.92,$412,$804,$155,$1665,$321,$76,$99,$42,$562,$2227,$239,$369,$30,$507,$745,$320,$1090,$-72,$1482,$2227,$76,$26,$16,$43,$0,$0,$0,$57,$57,$183,$-28,$0,$0,$0,$0,$0,$0,$-28,$0,$-11,$-11,$0,$0,$-47,$-4,$-62,$92,$0,$-36
8,2016-09-30,53.97,$63.15,0.85,$79.22,0.68,$4.74,11.4,$3.82,14.13,$1.64B,$0.26B,6.27,$0.37B,$1.23B,0.3,$2.14B,$0.40B,18.73%,$2.14B,$0.18B,8.59%,$2.14B,$0.18B,8.59%,$2.14B,$0.22B,10.32%,$2.14B,$0.18B,8.27%,$2.14B,$0.10B,4.58%,$0.10B,$1.44B,6.83%,$0.10B,$1.34B,7.34%,$0.10B,$2.22B,4.41%,$0.18B,$1.81B,10.21%,$457,$369,$88,$0,$41,$414,$43,$-3,$41,$14,$26,$26,$22,$52,$43,$23,28,$0.95,$0.90,$295,$914,$104,$1641,$322,$81,$99,$49,$578,$2219,$262,$369,$41,$518,$780,$211,$1054,$-74,$1439,$2219,$19,$17,$13,$30,$0,$0,$0,$-26,$-26,$22,$-17,$0,$0,$0,$0,$0,$0,$-17,$0,$5,$5,$0,$0,$-31,$-4,$-30,$-25,$0,$-24
9,2016-06-30,53.04,$62.59,0.85,$79.26,0.67,$-1.52,0.0,$3.73,14.22,$1.63B,$0.27B,5.95,$0.37B,$1.21B,0.3,$2.14B,$0.41B,19.21%,$2.14B,$0.18B,8.32%,$2.14B,$0.18B,8.32%,$2.14B,$0.22B,10.09%,$2.14B,$0.17B,7.94%,$2.14B,$0.10B,4.44%,$0.10B,$1.43B,6.68%,$0.10B,$1.33B,7.18%,$0.10B,$2.21B,4.26%,$0.18B,$1.79B,9.95%,$295,$243,$52,$0,$60,$303,$-8,$-4,$-12,$-4,$-8,$-8,$-9,$1,$-8,$23,23,$-0.40,$-0.40,$316,$912,$120,$1634,$323,$80,$99,$58,$580,$2214,$274,$368,$45,$515,$789,$209,$1045,$-77,$1425,$2214,$-8,$9,$10,$18,$0,$0,$0,$-3,$-3,$16,$-7,$0,$0,$0,$0,$0,$0,$-7,$0,$6,$6,$0,$0,$-16,$-2,$-12,$-3,$0,$-12
10,2016-03-31,51.68,$63.96,0.81,$78.44,0.66,$-7.54,0.0,$3.70,13.97,$1.64B,$0.25B,6.65,$0.37B,$1.24B,0.3,$2.12B,$0.41B,19.20%,$2.12B,$0.18B,8.54%,$2.12B,$0.18B,8.54%,$2.12B,$0.22B,10.33%,$2.12B,$0.17B,8.11%,$2.12B,$0.09B,4.43%,$0.09B,$1.45B,6.66%,$0.09B,$1.35B,7.16%,$0.09B,$2.23B,4.22%,$0.18B,$1.82B,10.17%,$804,$663,$141,$0,$60,$724,$80,$-1,$80,$27,$53,$53,$44,$90,$80,$23,28,$1.96,$1.94,$319,$698,$172,$1639,$326,$82,$99,$61,$593,$2231,$246,$368,$42,$532,$778,$209,$1066,$-72,$1453,$2231,$118,$37,$55,$91,$-3,$-7,$0,$-14,$-36,$187,$-44,$0,$0,$0,$0,$0,$-7,$-51,$0,$5,$5,$0,$0,$-67,$-3,$-65,$71,$5,$-52
11,2015-12-31,50.51,$62.47,0.81,$77.12,0.65,$-6.51,0.0,$3.62,13.95,$1.64B,$0.29B,5.68,$0.37B,$1.21B,0.31,$2.09B,$0.39B,18.53%,$2.09B,$0.16B,7.74%,$2.09B,$0.16B,7.74%,$2.09B,$0.20B,9.46%,$2.09B,$0.15B,7.35%,$2.09B,$0.09B,4.39%,$0.09B,$1.42B,6.59%,$0.09B,$1.32B,7.09%,$0.09B,$2.23B,4.15%,$0.16B,$1.79B,9.18%,$585,$465,$120,$0,$54,$515,$69,$-1,$68,$21,$47,$47,$41,$78,$69,$23,28,$1.80,$1.60,$168,$1031,$152,$1636,$326,$75,$99,$52,$591,$2227,$288,$368,$33,$520,$808,$207,$1034,$-70,$1419,$2227,$66,$27,$19,$47,$0,$0,$0,$-120,$-120,$10,$-37,$0,$0,$0,$0,$0,$-6,$-43,$0,$4,$4,$0,$0,$-46,$-5,$-47,$-81,$0,$-35
12,2015-09-30,44.21,$61.19,0.72,$82.93,0.53,$-6.99,0.0,$3.89,11.36,$1.65B,$0.33B,4.95,$0.37B,$1.18B,0.31,$2.27B,$0.42B,18.35%,$2.27B,$0.19B,8.20%,$2.27B,$0.19B,8.20%,$2.27B,$0.22B,9.84%,$2.27B,$0.17B,7.68%,$2.27B,$0.10B,4.41%,$0.10B,$1.39B,7.18%,$0.10B,$1.29B,7.73%,$0.10B,$2.25B,4.48%,$0.19B,$1.76B,10.55%,$456,$358,$98,$0,$61,$419,$37,$-3,$34,$9,$25,$25,$19,$47,$37,$23,28,$0.83,$0.81,$69,$1085,$116,$1652,$314,$80,$99,$54,$594,$2247,$334,$368,$37,$525,$859,$207,$1005,$-72,$1388,$2247,$19,$18,$20,$38,$0,$0,$0,$-200,$-200,$-142,$-27,$0,$0,$0,$0,$0,$0,$-27,$0,$24,$24,$0,$0,$-31,$-3,$-10,$-180,$0,$-24
13,2015-06-30,50.65,$61.05,0.83,$86.28,0.59,$-17.23,0.0,$3.56,14.23,$1.61B,$0.30B,5.42,$0.37B,$1.17B,0.31,$2.28B,$0.40B,17.71%,$2.28B,$0.17B,7.52%,$2.28B,$0.17B,7.52%,$2.28B,$0.21B,9.10%,$2.28B,$0.16B,7.03%,$2.28B,$0.09B,4.04%,$0.09B,$1.38B,6.61%,$0.09B,$1.29B,7.12%,$0.09B,$2.20B,4.01%,$0.17B,$1.75B,9.91%,$275,$227,$48,$0,$51,$281,$-5,$-4,$-10,$-3,$-6,$-6,$-10,$4,$-5,$23,23,$-0.43,$-0.43,$130,$992,$131,$1605,$312,$78,$99,$72,$596,$2201,$296,$368,$34,$521,$817,$206,$999,$-66,$1384,$2201,$-6,$9,$3,$12,$0,$0,$0,$-128,$-128,$-113,$-14,$0,$0,$0,$0,$0,$0,$-14,$0,$26,$26,$0,$0,$-15,$-2,$9,$-118,$0,$-12
14,2015-03-31,41.22,$61.84,0.67,$85.80,0.48,$-17.26,0.0,$3.86,10.68,$1.60B,$0.27B,5.96,$0.37B,$1.19B,0.31,$2.27B,$0.41B,18.10%,$2.27B,$0.17B,7.40%,$2.27B,$0.17B,7.40%,$2.27B,$0.20B,8.98%,$2.27B,$0.16B,6.96%,$2.27B,$0.10B,4.36%,$0.10B,$1.40B,7.11%,$0.10B,$1.30B,7.65%,$0.10B,$2.19B,4.23%,$0.17B,$1.77B,9.92%,$778,$656,$122,$0,$73,$717,$61,$0,$62,$15,$46,$46,$42,$69,$61,$23,28,$1.84,$1.84,$249,$699,$196,$1598,$305,$77,$99,$77,$590,$2188,$268,$370,$37,$523,$791,$206,$1020,$-75,$1397,$2188,$120,$35,$35,$70,$49,$38,$0,$14,$44,$227,$-54,$0,$0,$0,$0,$0,$-0,$-54,$14,$3,$16,$-31,$-33,$-62,$-9,$-87,$85,$6,$-47
15,2014-12-31,37.94,$58.92,0.64,$82.53,0.46,$-25.05,0.0,$3.16,12.01,$1.74B,$0.37B,4.65,$0.37B,$1.19B,0.31,$2.18B,$0.39B,17.96%,$2.18B,$0.15B,6.78%,$2.18B,$0.15B,6.78%,$2.18B,$0.18B,8.43%,$2.18B,$0.14B,6.18%,$2.18B,$0.08B,3.66%,$0.08B,$1.41B,5.73%,$0.08B,$1.31B,6.17%,$0.08B,$2.30B,3.39%,$0.15B,$1.78B,8.89%,$758,$610,$148,$0,$54,$665,$93,$-5,$88,$30,$58,$58,$49,$103,$93,$23,28,$2.13,$1.87,$120,$1086,$187,$1739,$305,$82,$99,$61,$560,$2299,$374,$370,$34,$520,$894,$206,$997,$-47,$1405,$2299,$74,$28,$19,$47,$0,$0,$0,$-122,$-122,$-2,$-39,$0,$0,$0,$0,$0,$0,$-39,$14,$57,$71,$-20,$-21,$-47,$-5,$-1,$-43,$0,$-35
16,2014-09-30,37.84,$59.48,0.64,$82.80,0.46,$-25.14,0.0,$2.65,14.28,$1.90B,$0.72B,2.63,$0.23B,$1.17B,0.2,$2.19B,$0.38B,17.46%,$2.19B,$0.12B,5.65%,$2.19B,$0.12B,5.65%,$2.19B,$0.16B,7.30%,$2.19B,$0.11B,5.15%,$2.19B,$0.07B,3.01%,$0.07B,$1.38B,4.74%,$0.07B,$1.28B,5.10%,$0.07B,$2.48B,2.78%,$0.12B,$1.61B,7.61%,$464,$379,$85,$0,$60,$442,$22,$-1,$20,$5,$15,$15,$11,$31,$22,$23,24,$0.49,$0.48,$30,$1265,$154,$1900,$305,$89,$99,$69,$581,$2481,$723,$230,$35,$379,$1102,$208,$971,$-44,$1379,$2481,$16,$18,$8,$26,$0,$0,$0,$-386,$-386,$-354,$-30,$0,$0,$0,$0,$0,$0,$-30,$-8,$298,$290,$-7,$-7,$-31,$-2,$250,$-134,$0,$-24
17,2014-06-30,46.74,$60.02,0.78,$86.03,0.54,$-20.35,0.0,$3.07,15.23,$1.81B,$0.62B,2.91,$0.24B,$1.18B,0.2,$2.38B,$0.42B,17.52%,$2.38B,$0.15B,6.39%,$2.38B,$0.15B,6.39%,$2.38B,$0.19B,7.90%,$2.38B,$0.14B,5.67%,$2.38B,$0.08B,3.24%,$0.08B,$1.39B,5.55%,$0.08B,$1.29B,5.98%,$0.08B,$2.40B,3.24%,$0.15B,$1.63B,9.43%,$271,$216,$56,$0,$64,$280,$-8,$-3,$-12,$-12,$1,$1,$-3,$1,$-8,$23,23,$-0.13,$-0.13,$148,$1131,$155,$1807,$305,$95,$99,$77,$594,$2401,$620,$235,$36,$390,$1011,$207,$972,$-34,$1391,$2401,$1,$9,$-2,$7,$0,$0,$0,$-118,$-118,$-115,$-16,$0,$0,$0,$0,$0,$0,$-16,$-4,$142,$139,$-7,$-7,$-16,$0,$116,$-15,$0,$-12
18,2014-03-31,46.75,$60.77,0.77,$89.57,0.52,$-23.24,0.0,$5.25,8.91,$1.67B,$0.46B,3.68,$0.24B,$1.20B,0.2,$2.54B,$0.43B,16.99%,$2.54B,$0.25B,9.67%,$2.54B,$0.25B,9.67%,$2.54B,$0.28B,11.17%,$2.54B,$0.23B,9.04%,$2.54B,$0.14B,5.31%,$0.14B,$1.41B,9.86%,$0.14B,$1.31B,10.63%,$0.14B,$2.27B,5.67%,$0.25B,$1.65B,15.59%,$690,$587,$103,$0,$60,$649,$41,$-1,$39,$12,$27,$27,$23,$49,$41,$23,28,$0.99,$0.94,$164,$707,$277,$1673,$297,$95,$99,$92,$598,$2271,$455,$240,$34,$405,$860,$206,$993,$-34,$1411,$2271,$155,$39,$-39,$0,$-90,$-47,$0,$-8,$-161,$-4,$-43,$0,$0,$0,$0,$0,$1,$-42,$-36,$-44,$-80,$-14,$-14,$-62,$-3,$-158,$-204,$6,$-47
19,2013-12-31,45.24,$59.93,0.75,$87.92,0.51,$-14.33,0.0,$5.23,8.65,$1.74B,$0.52B,3.37,$0.25B,$1.18B,0.21,$2.50B,$0.44B,17.45%,$2.50B,$0.25B,9.85%,$2.50B,$0.25B,9.85%,$2.50B,$0.29B,11.49%,$2.50B,$0.23B,9.33%,$2.50B,$0.13B,5.36%,$0.13B,$1.39B,10.01%,$0.13B,$1.29B,10.82%,$0.13B,$2.34B,5.60%,$0.25B,$1.64B,16.05%,$768,$628,$139,$0,$66,$698,$69,$-3,$66,$22,$44,$44,$35,$79,$69,$23,28,$1.50,$1.36,$192,$916,$248,$1738,$291,$95,$100,$89,$602,$2340,$515,$245,$36,$434,$949,$204,$982,$-40,$1391,$2340,$128,$30,$-48,$-17,$0,$0,$0,$-132,$-132,$-14,$-29,$0,$0,$0,$0,$0,$0,$-29,$-33,$-37,$-69,$-14,$-14,$-46,$-3,$-132,$-176,$0,$-35
20,2013-09-30,41.79,$58.56,0.71,$84.70,0.49,$-6.43,0.0,$5.12,8.16,$1.88B,$0.76B,2.47,$0.17B,$1.15B,0.15,$2.41B,$0.42B,17.51%,$2.41B,$0.24B,10.04%,$2.41B,$0.24B,10.04%,$2.41B,$0.28B,11.78%,$2.41B,$0.23B,9.34%,$2.41B,$0.13B,5.44%,$0.13B,$1.36B,10.00%,$0.13B,$1.26B,10.82%,$0.13B,$2.48B,5.50%,$0.24B,$1.53B,16.26%,$651,$532,$119,$0,$68,$601,$50,$-8,$42,$12,$30,$30,$22,$59,$50,$23,28,$0.94,$0.90,$75,$1118,$193,$1880,$289,$99,$100,$88,$604,$2484,$760,$174,$36,$364,$1124,$203,$959,$-43,$1359,$2484,$84,$21,$-70,$-49,$0,$0,$0,$-344,$-344,$-307,$-19,$0,$0,$0,$0,$0,$0,$-19,$-5,$85,$80,$-14,$-14,$-31,$-2,$34,$-293,$0,$-23
21,2013-06-30,47.06,$56.68,0.83,$85.42,0.55,$2.57,18.32,$5.90,7.98,$1.84B,$0.73B,2.5,$0.18B,$1.10B,0.16,$2.43B,$0.44B,18.12%,$2.43B,$0.27B,10.97%,$2.43B,$0.27B,10.97%,$2.43B,$0.31B,12.78%,$2.43B,$0.25B,10.35%,$2.43B,$0.15B,6.29%,$0.15B,$1.32B,11.94%,$0.15B,$1.22B,12.94%,$0.15B,$2.44B,6.56%,$0.27B,$1.49B,17.63%,$434,$362,$71,$0,$67,$347,$86,$-4,$83,$29,$54,$54,$55,$97,$86,$23,28,$2.34,$2.05,$124,$1141,$191,$1835,$287,$97,$100,$88,$602,$2437,$734,$178,$36,$388,$1122,$202,$949,$-74,$1315,$2437,$54,$11,$-76,$-65,$0,$0,$0,$-209,$-209,$-233,$-10,$0,$0,$0,$0,$0,$0,$-10,$-3,$32,$29,$-14,$-14,$-15,$0,$0,$-243,$0,$-12
22,2013-03-31,45.17,$55.16,0.82,$86.44,0.52,$8.83,5.11,$4.66,9.69,$1.75B,$0.62B,2.8,$0.18B,$1.08B,0.17,$2.46B,$0.46B,18.77%,$2.46B,$0.22B,9.10%,$2.46B,$0.22B,9.10%,$2.46B,$0.27B,10.89%,$2.46B,$0.21B,8.41%,$2.46B,$0.12B,4.75%,$0.12B,$1.29B,9.33%,$0.12B,$1.19B,10.13%,$0.12B,$2.31B,5.06%,$0.22B,$1.47B,14.54%,$645,$538,$107,$0,$66,$605,$41,$2,$42,$16,$27,$27,$22,$52,$41,$23,28,$0.97,$0.92,$368,$681,$256,$1746,$287,$94,$99,$55,$560,$2306,$623,$181,$37,$396,$1018,$203,$919,$-76,$1288,$2306,$141,$45,$10,$55,$-5,$7,$0,$10,$40,$234,$-27,$0,$0,$0,$0,$0,$1,$-26,$-16,$-18,$-35,$-5,$-5,$-61,$-2,$-102,$106,$6,$-46
23,2012-12-31,39.85,$54.72,0.73,$86.86,0.46,$7.91,5.04,$4.65,8.57,$1.74B,$0.57B,3.07,$0.19B,$1.06B,0.17,$2.47B,$0.47B,18.87%,$2.47B,$0.23B,9.11%,$2.47B,$0.23B,9.11%,$2.47B,$0.27B,10.89%,$2.47B,$0.21B,8.38%,$2.47B,$0.12B,4.74%,$0.12B,$1.28B,9.48%,$0.12B,$1.18B,10.31%,$0.12B,$2.30B,5.08%,$0.23B,$1.46B,14.31%,$680,$555,$125,$0,$61,$616,$65,$-7,$58,$18,$40,$40,$32,$76,$65,$23,29,$1.36,$1.25,$342,$803,$187,$1742,$293,$93,$99,$53,$559,$2301,$567,$185,$87,$457,$1024,$198,$910,$-73,$1276,$2301,$114,$34,$-4,$30,$0,$0,$0,$44,$44,$202,$-20,$0,$0,$0,$0,$0,$1,$-19,$-14,$-37,$-51,$-5,$-5,$-45,$-2,$-103,$80,$0,$-34
24,2012-09-30,40.28,$53.31,0.76,$86.71,0.46,$3.25,12.39,$5.46,7.38,$1.72B,$0.38B,4.56,$0.39B,$1.04B,0.37,$2.46B,$0.49B,19.82%,$2.46B,$0.25B,10.28%,$2.46B,$0.25B,10.28%,$2.46B,$0.30B,12.02%,$2.46B,$0.24B,9.63%,$2.46B,$0.14B,5.69%,$0.14B,$1.25B,11.50%,$0.14B,$1.15B,12.51%,$0.14B,$2.29B,6.10%,$0.25B,$1.64B,15.73%,$675,$537,$138,$0,$59,$600,$75,$-6,$69,$20,$49,$49,$44,$86,$75,$23,29,$1.89,$1.68,$116,$971,$153,$1723,$298,$91,$99,$51,$562,$2285,$378,$388,$86,$659,$1037,$197,$895,$-82,$1248,$2285,$75,$23,$-3,$20,$0,$0,$0,$-161,$-161,$-55,$-17,$0,$0,$0,$0,$0,$0,$-17,$-13,$-30,$-42,$0,$0,$-32,$0,$-74,$-146,$0,$-25
25,2012-06-30,36.26,$51.65,0.7,$90.62,0.4,$0.07,531.74,$3.27,11.09,$1.80B,$0.49B,3.66,$0.39B,$0.99B,0.39,$2.43B,$0.47B,19.32%,$2.43B,$0.19B,7.74%,$2.43B,$0.19B,7.74%,$2.43B,$0.23B,9.51%,$2.43B,$0.17B,7.13%,$2.43B,$0.08B,3.46%,$0.08B,$1.21B,7.01%,$0.08B,$1.11B,7.64%,$0.08B,$2.36B,3.65%,$0.19B,$1.60B,11.99%,$461,$369,$92,$0,$49,$419,$43,$-5,$38,$13,$25,$25,$19,$54,$43,$23,28,$0.83,$0.81,$207,$1024,$144,$1797,$298,$89,$99,$50,$557,$2355,$492,$390,$85,$656,$1148,$196,$862,$-90,$1206,$2355,$25,$11,$-9,$3,$0,$0,$0,$-84,$-84,$-58,$-7,$0,$0,$0,$0,$0,$0,$-7,$-1,$27,$26,$0,$0,$-15,$0,$11,$-54,$0,$-11
26,2012-03-31,36.09,$51.85,0.7,$94.76,0.38,$-3.96,0.0,$2.98,12.11,$1.69B,$0.39B,4.31,$0.39B,$0.99B,0.4,$2.45B,$0.47B,19.26%,$2.45B,$0.18B,7.40%,$2.45B,$0.18B,7.40%,$2.45B,$0.22B,9.16%,$2.45B,$0.16B,6.62%,$2.45B,$0.08B,3.15%,$0.08B,$1.21B,6.43%,$0.08B,$1.11B,7.01%,$0.08B,$2.27B,3.33%,$0.18B,$1.60B,11.68%,$654,$543,$111,$0,$68,$612,$42,$0,$42,$12,$30,$30,$22,$53,$42,$23,28,$0.95,$1.18,$262,$735,$224,$1691,$303,$93,$99,$57,$576,$2267,$393,$393,$91,$668,$1061,$196,$855,$-80,$1206,$2267,$101,$44,$90,$134,$-25,$32,$0,$12,$-37,$200,$-20,$0,$0,$0,$0,$0,$10,$-10,$4,$-17,$-14,$-4,$-4,$-60,$10,$-67,$121,$6,$-45
27,2011-12-31,35.22,$52.11,0.68,$95.23,0.37,$-9.59,0.0,$3.02,11.66,$1.71B,$0.43B,3.99,$0.40B,$1.00B,0.4,$2.47B,$0.48B,19.38%,$2.47B,$0.19B,7.48%,$2.47B,$0.19B,7.48%,$2.47B,$0.23B,9.26%,$2.47B,$0.17B,6.80%,$2.47B,$0.08B,3.16%,$0.08B,$1.21B,6.52%,$0.08B,$1.11B,7.11%,$0.08B,$2.27B,3.39%,$0.19B,$1.61B,12.09%,$672,$525,$147,$0,$65,$579,$93,$-5,$88,$27,$62,$62,$55,$103,$93,$23,28,$2.36,$2.06,$152,$920,$166,$1712,$304,$84,$99,$56,$557,$2270,$430,$395,$87,$629,$1058,$195,$844,$-59,$1211,$2270,$71,$33,$73,$105,$0,$0,$0,$-133,$-133,$60,$-12,$0,$0,$0,$0,$0,$10,$-2,$5,$-11,$-6,$-4,$-4,$-45,$10,$-45,$11,$0,$-33
28,2011-09-30,27.14,$50.36,0.54,$95.44,0.28,$-15.42,0.0,$2.78,9.76,$1.75B,$0.58B,2.99,$0.30B,$0.96B,0.31,$2.49B,$0.49B,19.53%,$2.49B,$0.18B,7.23%,$2.49B,$0.18B,7.23%,$2.49B,$0.23B,9.04%,$2.49B,$0.16B,6.47%,$2.49B,$0.07B,2.89%,$0.07B,$1.17B,6.05%,$0.07B,$1.07B,6.60%,$0.07B,$2.30B,3.11%,$0.18B,$1.47B,11.94%,$641,$522,$119,$0,$58,$631,$10,$-5,$5,$13,$-8,$-8,$-12,$21,$10,$23,23,$-0.51,$-0.51,$46,$1040,$146,$1745,$304,$88,$99,$51,$558,$2304,$583,$300,$88,$551,$1134,$194,$801,$-53,$1170,$2304,$9,$23,$58,$80,$0,$0,$0,$-232,$-232,$-122,$-11,$0,$0,$0,$0,$0,$10,$-1,$-95,$144,$49,$-4,$-4,$-30,$13,$29,$-96,$0,$-22
29,2011-06-30,28.15,$51.90,0.54,$90.70,0.31,$-21.17,0.0,$5.07,5.55,$1.80B,$0.68B,2.66,$0.32B,$0.99B,0.32,$2.51B,$0.50B,19.91%,$2.51B,$0.25B,9.96%,$2.51B,$0.25B,9.96%,$2.51B,$0.30B,11.75%,$2.51B,$0.23B,9.28%,$2.51B,$0.13B,5.26%,$0.13B,$1.21B,11.10%,$0.13B,$1.11B,12.14%,$0.13B,$2.40B,5.59%,$0.25B,$1.53B,16.54%,$479,$385,$94,$0,$62,$444,$36,$-9,$27,$10,$17,$17,$12,$47,$36,$23,24,$0.52,$0.52,$94,$1048,$208,$1795,$310,$114,$99,$66,$602,$2398,$675,$322,$45,$517,$1192,$193,$824,$-39,$1206,$2398,$17,$11,$2,$13,$0,$0,$0,$-186,$-186,$-145,$-3,$0,$0,$0,$0,$0,$10,$7,$0,$110,$110,$-4,$-4,$-15,$0,$91,$-47,$0,$-11
30,2011-03-31,32.19,$51.61,0.62,$88.76,0.36,$-24.28,0.0,$5.42,5.94,$1.58B,$0.51B,3.08,$0.32B,$0.99B,0.33,$2.57B,$0.51B,19.76%,$2.57B,$0.26B,9.92%,$2.57B,$0.26B,9.92%,$2.57B,$0.30B,11.67%,$2.57B,$0.24B,9.45%,$2.57B,$0.14B,5.52%,$0.14B,$1.20B,12.18%,$0.14B,$1.10B,13.35%,$0.14B,$2.23B,5.98%,$0.26B,$1.52B,16.85%,$680,$561,$119,$0,$72,$634,$46,$2,$48,$20,$29,$29,$23,$58,$46,$24,29,$1.00,$0.95,$141,$791,$234,$1578,$317,$115,$100,$100,$650,$2228,$512,$320,$50,$516,$1028,$192,$826,$-45,$1199,$2228,$165,$45,$19,$64,$-80,$75,$0,$-101,$-177,$54,$-34,$0,$0,$0,$0,$0,$35,$2,$-15,$-39,$-54,$-47,$-47,$-60,$-0,$-162,$-105,$6,$-45
31,2010-12-31,29.74,$50.45,0.59,$84.31,0.35,$-21.29,0.0,$5.37,5.54,$1.66B,$0.61B,2.71,$0.32B,$0.98B,0.33,$2.46B,$0.50B,20.34%,$2.46B,$0.25B,10.25%,$2.46B,$0.25B,10.25%,$2.46B,$0.30B,12.00%,$2.46B,$0.24B,9.72%,$2.46B,$0.14B,5.78%,$0.14B,$1.19B,12.36%,$0.14B,$1.09B,13.60%,$0.14B,$2.32B,5.89%,$0.25B,$1.51B,16.59%,$688,$534,$154,$0,$75,$601,$88,$-7,$81,$23,$58,$58,$49,$99,$88,$24,29,$2.05,$1.82,$91,$991,$199,$1662,$321,$104,$100,$96,$657,$2319,$614,$322,$48,$516,$1130,$193,$824,$-54,$1189,$2319,$136,$34,$7,$41,$0,$0,$0,$-262,$-262,$-89,$-29,$0,$0,$0,$0,$0,$35,$6,$-15,$23,$8,$-33,$-33,$-45,$0,$-71,$-155,$0,$-34
32,2010-09-30,28.95,$48.59,0.6,$82.71,0.35,$-16.66,0.0,$5.09,5.69,$1.83B,$0.81B,2.27,$0.33B,$0.95B,0.34,$2.43B,$0.49B,20.20%,$2.43B,$0.23B,9.58%,$2.43B,$0.23B,9.58%,$2.43B,$0.28B,11.35%,$2.43B,$0.23B,9.42%,$2.43B,$0.14B,5.55%,$0.14B,$1.16B,11.85%,$0.14B,$1.06B,13.06%,$0.14B,$2.49B,5.66%,$0.23B,$1.49B,15.20%,$664,$531,$133,$0,$52,$585,$80,$-2,$77,$23,$54,$54,$48,$91,$80,$24,29,$2.00,$1.78,$44,$1142,$203,$1831,$330,$108,$105,$90,$663,$2494,$807,$326,$53,$526,$1333,$195,$798,$-51,$1162,$2494,$78,$22,$3,$25,$0,$0,$0,$-411,$-411,$-315,$-18,$0,$0,$0,$0,$0,$0,$-18,$-10,$190,$180,$-20,$-20,$-30,$0,$130,$-202,$0,$-23
33,2010-06-30,28.32,$46.18,0.61,$81.67,0.35,$-10.52,0.0,$5.08,5.58,$1.80B,$0.72B,2.5,$0.42B,$0.90B,0.46,$2.42B,$0.51B,20.91%,$2.42B,$0.23B,9.48%,$2.42B,$0.23B,9.48%,$2.42B,$0.27B,11.26%,$2.42B,$0.23B,9.40%,$2.42B,$0.14B,5.63%,$0.14B,$1.12B,12.05%,$0.14B,$1.01B,13.29%,$0.14B,$2.46B,5.82%,$0.23B,$1.53B,15.03%,$539,$437,$102,$0,$60,$498,$41,$-4,$37,$12,$24,$24,$22,$52,$41,$24,29,$0.89,$0.87,$62,$1219,$195,$1799,$327,$95,$105,$102,$659,$2457,$721,$419,$65,$621,$1342,$195,$769,$-66,$1115,$2457,$24,$11,$6,$17,$0,$0,$0,$-303,$-303,$-263,$-12,$0,$0,$0,$0,$0,$0,$-12,$-10,$128,$118,$-11,$-11,$-15,$0,$92,$-184,$0,$-11
34,2010-03-31,37.29,$46.39,0.8,$83.87,0.44,$-3.16,0.0,$5.68,6.56,$1.69B,$0.62B,2.75,$0.42B,$0.92B,0.45,$2.49B,$0.54B,21.75%,$2.49B,$0.26B,10.35%,$2.49B,$0.26B,10.35%,$2.49B,$0.30B,12.04%,$2.49B,$0.26B,10.27%,$2.49B,$0.15B,6.18%,$0.15B,$1.13B,13.75%,$0.15B,$1.02B,15.18%,$0.15B,$2.37B,6.74%,$0.26B,$1.54B,17.28%,$567,$456,$111,$0,$68,$524,$43,$2,$44,$21,$23,$23,$23,$53,$43,$25,30,$0.94,$0.90,$246,$865,$243,$1693,$329,$106,$106,$107,$678,$2371,$615,$415,$70,$628,$1243,$195,$767,$-53,$1128,$2371,$170,$43,$46,$89,$11,$-216,$0,$92,$-96,$162,$-53,$0,$0,$0,$0,$0,$1,$-52,$20,$-5,$14,$-31,$-31,$-61,$-1,$-79,$33,$6,$-46
35,2009-12-31,31.97,$46.77,0.68,$83.27,0.38,$-4.28,0.0,$5.26,6.08,$1.53B,$0.46B,3.36,$0.41B,$0.94B,0.44,$2.49B,$0.53B,21.13%,$2.49B,$0.24B,9.56%,$2.49B,$0.24B,9.56%,$2.49B,$0.28B,11.25%,$2.49B,$0.24B,9.52%,$2.49B,$0.14B,5.75%,$0.14B,$1.15B,13.04%,$0.14B,$1.05B,14.44%,$0.14B,$2.22B,6.42%,$0.24B,$1.57B,16.43%,$661,$517,$145,$0,$76,$592,$69,$2,$71,$23,$48,$48,$42,$80,$69,$25,30,$1.70,$1.54,$164,$821,$198,$1530,$328,$125,$106,$122,$695,$2224,$455,$414,$72,$618,$1073,$196,$770,$-36,$1151,$2224,$147,$33,$26,$59,$0,$0,$0,$-148,$-148,$55,$-40,$0,$0,$0,$0,$0,$0,$-40,$20,$-24,$-4,$-15,$-15,$-46,$-1,$-66,$-48,$0,$-34
36,2009-09-30,29.01,$45.37,0.64,$84.39,0.34,$-5.50,0.0,$5.50,5.27,$1.62B,$0.63B,2.58,$0.33B,$0.91B,0.37,$2.53B,$0.55B,21.65%,$2.53B,$0.25B,9.73%,$2.53B,$0.25B,9.73%,$2.53B,$0.29B,11.44%,$2.53B,$0.24B,9.38%,$2.53B,$0.15B,5.94%,$0.15B,$1.12B,14.00%,$0.15B,$1.02B,15.54%,$0.15B,$2.30B,6.82%,$0.25B,$1.45B,17.53%,$648,$501,$147,$0,$71,$572,$76,$-1,$75,$20,$55,$55,$49,$87,$76,$25,30,$1.97,$1.77,$62,$986,$163,$1617,$323,$121,$106,$115,$680,$2296,$627,$332,$74,$548,$1175,$195,$744,$-37,$1121,$2296,$98,$22,$17,$39,$0,$0,$0,$-280,$-280,$-134,$-24,$0,$0,$0,$0,$0,$0,$-24,$-80,$126,$46,$-11,$-11,$-30,$0,$5,$-151,$0,$-23
37,2009-06-30,22.65,$43.36,0.52,$88.45,0.26,$-6.66,0.0,$5.11,4.43,$1.61B,$0.62B,2.6,$0.33B,$0.87B,0.38,$2.67B,$0.56B,20.83%,$2.67B,$0.24B,9.04%,$2.67B,$0.24B,9.04%,$2.67B,$0.28B,10.66%,$2.67B,$0.23B,8.67%,$2.67B,$0.14B,5.22%,$0.14B,$1.08B,13.24%,$0.14B,$0.97B,14.72%,$0.14B,$2.26B,6.38%,$0.24B,$1.41B,17.47%,$616,$477,$139,$0,$70,$546,$70,$-4,$66,$22,$44,$44,$40,$80,$70,$25,30,$1.60,$1.47,$131,$953,$221,$1609,$316,$113,$106,$91,$647,$2255,$619,$330,$82,$557,$1176,$195,$713,$-45,$1080,$2255,$44,$10,$7,$17,$0,$0,$0,$-127,$-127,$-52,$-9,$0,$0,$0,$0,$0,$0,$-9,$0,$-3,$-3,$-3,$-3,$-15,$0,$-21,$-81,$0,$-11
38,2009-03-31,20.18,$41.33,0.49,$86.63,0.23,$-9.81,0.0,$4.28,4.71,$1.50B,$0.55B,2.74,$0.33B,$0.82B,0.41,$2.56B,$0.52B,20.31%,$2.56B,$0.21B,8.18%,$2.56B,$0.21B,8.18%,$2.56B,$0.25B,9.90%,$2.56B,$0.20B,7.67%,$2.56B,$0.12B,4.54%,$0.12B,$1.03B,11.06%,$0.12B,$0.93B,12.30%,$0.12B,$2.14B,5.20%,$0.21B,$1.37B,14.97%,$564,$468,$95,$0,$72,$541,$23,$2,$25,$13,$13,$13,$12,$33,$23,$26,30,$0.44,$0.52,$213,$647,$279,$1504,$312,$104,$106,$95,$634,$2138,$550,$332,$79,$555,$1105,$194,$687,$-65,$1033,$2138,$133,$42,$87,$129,$-79,$-17,$0,$-6,$-170,$99,$-21,$0,$0,$-10,$69,$59,$4,$42,$0,$60,$60,$-111,$-111,$-61,$0,$-112,$27,$0,$-46
39,2008-12-31,19.86,$42.05,0.47,$82.65,0.24,$-9.71,0.0,$4.03,4.93,$1.45B,$0.51B,2.82,$0.33B,$0.84B,0.4,$2.46B,$0.50B,20.34%,$2.46B,$0.19B,7.81%,$2.46B,$0.19B,7.81%,$2.46B,$0.24B,9.64%,$2.46B,$0.18B,7.24%,$2.46B,$0.11B,4.48%,$0.11B,$1.05B,10.28%,$0.11B,$0.95B,11.42%,$0.11B,$2.11B,4.90%,$0.19B,$1.39B,13.38%,$699,$533,$166,$0,$89,$622,$77,$-6,$71,$19,$53,$53,$49,$89,$77,$25,30,$1.98,$1.78,$94,$681,$236,$1445,$320,$110,$106,$97,$668,$2114,$512,$334,$77,$551,$1063,$193,$688,$-50,$1051,$2114,$120,$32,$57,$89,$0,$0,$0,$-243,$-243,$-7,$-14,$0,$0,$53,$0,$53,$0,$39,$0,$28,$28,$-111,$-111,$-46,$0,$-129,$-98,$0,$-35
40,2008-09-30,32.26,$41.41,0.78,$76.89,0.42,$-2.81,0.0,$3.81,8.47,$1.54B,$0.63B,2.43,$0.32B,$0.82B,0.39,$2.33B,$0.46B,19.77%,$2.33B,$0.19B,8.32%,$2.33B,$0.19B,8.32%,$2.33B,$0.24B,10.21%,$2.33B,$0.19B,8.10%,$2.33B,$0.11B,4.63%,$0.11B,$1.04B,9.96%,$0.11B,$0.93B,11.04%,$0.11B,$2.21B,4.70%,$0.19B,$1.36B,13.24%,$786,$630,$155,$0,$84,$714,$71,$-2,$69,$23,$46,$46,$38,$82,$71,$25,30,$1.50,$1.38,$57,$858,$260,$1536,$326,$108,$106,$97,$670,$2207,$633,$322,$88,$537,$1170,$194,$653,$-31,$1036,$2207,$67,$21,$35,$56,$0,$0,$0,$-322,$-322,$-189,$-7,$0,$0,$43,$0,$43,$0,$36,$0,$145,$145,$-106,$-106,$-30,$0,$9,$-145,$0,$-23
41,2008-06-30,29.43,$41.24,0.71,$71.21,0.41,$5.11,5.76,$3.66,8.04,$1.78B,$0.76B,2.33,$0.40B,$0.86B,0.46,$2.20B,$0.45B,20.40%,$2.20B,$0.20B,9.04%,$2.20B,$0.20B,9.04%,$2.20B,$0.24B,11.04%,$2.20B,$0.19B,8.54%,$2.20B,$0.11B,4.82%,$0.11B,$1.08B,9.68%,$0.11B,$0.97B,10.72%,$0.11B,$2.47B,4.56%,$0.20B,$1.48B,13.31%,$506,$403,$103,$0,$65,$468,$38,$-7,$31,$10,$21,$21,$17,$49,$38,$27,27,$0.65,$0.64,$171,$1029,$301,$1779,$327,$116,$106,$93,$692,$2471,$764,$399,$96,$631,$1395,$201,$671,$-12,$1076,$2471,$21,$11,$3,$14,$0,$0,$0,$-183,$-183,$-137,$-2,$0,$0,$30,$0,$30,$0,$28,$0,$127,$127,$-47,$-47,$-15,$0,$65,$-44,$0,$-12
42,2008-03-31,42.35,$41.07,1.03,$68.72,0.62,$8.51,4.98,$3.56,11.9,$1.47B,$0.44B,3.33,$0.40B,$0.90B,0.45,$2.15B,$0.43B,20.05%,$2.15B,$0.19B,8.90%,$2.15B,$0.19B,8.90%,$2.15B,$0.24B,10.96%,$2.15B,$0.18B,8.44%,$2.15B,$0.10B,4.85%,$0.10B,$1.12B,9.57%,$0.10B,$1.01B,10.60%,$0.10B,$2.19B,4.52%,$0.19B,$1.52B,12.84%,$467,$391,$76,$0,$60,$461,$6,$0,$7,$1,$6,$7,$6,$17,$6,$27,32,$0.23,$0.37,$245,$646,$264,$1470,$335,$116,$107,$110,$717,$2187,$441,$403,$99,$630,$1071,$206,$712,$-15,$1116,$2187,$116,$43,$41,$84,$-26,$40,$0,$-113,$-115,$91,$-4,$0,$27,$-59,$0,$-59,$13,$-24,$-164,$-20,$-184,$8,$8,$-63,$-1,$-241,$-172,$0,$-49
43,2007-12-31,32.82,$40.65,0.81,$73.58,0.45,$14.59,2.25,$3.92,8.37,$1.51B,$0.59B,2.58,$0.40B,$0.90B,0.45,$2.18B,$0.44B,20.26%,$2.18B,$0.21B,9.81%,$2.18B,$0.21B,9.81%,$2.18B,$0.26B,11.78%,$2.18B,$0.20B,9.30%,$2.18B,$0.11B,5.22%,$0.11B,$1.11B,10.70%,$0.11B,$1.01B,11.87%,$0.11B,$2.32B,4.88%,$0.21B,$1.51B,14.61%,$573,$446,$127,$0,$48,$494,$79,$3,$82,$29,$53,$51,$47,$90,$79,$27,32,$1.72,$1.56,$502,$529,$173,$1512,$340,$115,$105,$184,$811,$2323,$586,$401,$73,$627,$1213,$199,$730,$-32,$1110,$2323,$109,$33,$2,$35,$0,$0,$0,$29,$29,$203,$-2,$0,$27,$0,$0,$0,$-32,$-8,$2,$-3,$-0,$-4,$-4,$-48,$-1,$-53,$144,$0,$-36
44,2007-09-30,31.1,$39.30,0.79,$72.61,0.43,$11.50,2.7,$3.15,9.87,$1.55B,$0.61B,2.56,$0.40B,$0.86B,0.46,$2.12B,$0.45B,21.12%,$2.12B,$0.20B,9.52%,$2.12B,$0.20B,9.52%,$2.12B,$0.25B,11.65%,$2.12B,$0.19B,8.82%,$2.12B,$0.09B,4.10%,$0.09B,$1.08B,8.40%,$0.09B,$0.97B,9.34%,$0.09B,$2.31B,3.73%,$0.20B,$1.48B,13.72%,$655,$513,$143,$0,$67,$579,$76,$-8,$68,$25,$43,$40,$36,$87,$76,$27,32,$1.32,$1.23,$381,$686,$166,$1553,$340,$105,$104,$126,$756,$2308,$606,$399,$77,$626,$1232,$198,$698,$-34,$1076,$2308,$59,$22,$10,$32,$0,$0,$0,$-57,$-57,$44,$3,$0,$25,$0,$0,$0,$0,$28,$-10,$-23,$-33,$16,$16,$-32,$-1,$-50,$24,$0,$-24
45,2007-06-30,38.44,$38.22,1.01,$70.18,0.55,$10.37,3.71,$2.01,19.12,$1.60B,$0.71B,2.25,$0.40B,$0.83B,0.48,$2.01B,$0.44B,22.04%,$2.01B,$0.19B,9.35%,$2.01B,$0.19B,9.35%,$2.01B,$0.23B,11.59%,$2.01B,$0.17B,8.36%,$2.01B,$0.05B,2.49%,$0.05B,$1.05B,4.95%,$0.05B,$0.94B,5.52%,$0.05B,$2.38B,2.09%,$0.19B,$1.44B,12.25%,$450,$366,$84,$0,$51,$420,$30,$-6,$24,$9,$15,$18,$15,$41,$30,$27,28,$0.55,$0.54,$321,$860,$121,$1602,$356,$106,$104,$130,$775,$2378,$711,$398,$87,$621,$1332,$197,$674,$-39,$1046,$2378,$19,$11,$4,$15,$0,$0,$0,$-74,$-74,$-43,$-7,$0,$25,$0,$0,$0,$0,$18,$0,$-14,$-14,$16,$16,$-16,$-0,$-14,$-37,$0,$-12
46,2007-03-31,38.44,$38.25,1.01,$71.20,0.54,$11.45,3.36,$1.24,31.0,$1.55B,$0.69B,2.23,$0.40B,$0.82B,0.49,$2.01B,$0.44B,22.07%,$2.01B,$0.17B,8.22%,$2.01B,$0.17B,8.22%,$2.01B,$0.21B,10.56%,$2.01B,$0.14B,6.73%,$2.01B,$0.03B,1.44%,$0.03B,$1.03B,2.92%,$0.03B,$0.93B,3.26%,$0.03B,$2.33B,1.13%,$0.17B,$1.43B,10.25%,$504,$416,$88,$0,$45,$476,$29,$1,$29,$16,$13,$21,$16,$39,$29,$26,26,$0.61,$0.48,$358,$636,$176,$1545,$360,$104,$104,$134,$783,$2329,$693,$399,$71,$605,$1298,$176,$682,$-41,$1031,$2329,$44,$48,$89,$138,$-81,$97,$0,$35,$56,$246,$-18,$0,$386,$0,$0,$0,$0,$368,$-209,$-140,$-349,$51,$70,$-62,$1,$-340,$292,$0,$-47
47,2006-12-31,30.44,$38.24,0.8,$67.66,0.45,$2.38,12.79,$-0.31,0.0,$1.50B,$0.57B,2.63,$0.55B,$0.78B,0.71,$1.91B,$0.44B,22.76%,$1.91B,$0.12B,6.02%,$1.91B,$0.12B,6.02%,$1.91B,$0.17B,8.63%,$1.91B,$0.08B,4.24%,$1.91B,$-0.01B,-0.63%,$-0.01B,$0.99B,-1.23%,$-0.01B,$0.89B,-1.38%,$-0.01B,$2.32B,-0.44%,$0.12B,$1.54B,6.83%,$512,$378,$133,$0,$63,$445,$67,$-1,$66,$25,$41,$36,$20,$80,$67,$26,31,$0.79,$0.79,$220,$702,$136,$1502,$381,$94,$104,$144,$816,$2318,$571,$549,$77,$756,$1327,$131,$678,$-31,$991,$2318,$25,$38,$81,$119,$0,$0,$0,$-30,$-30,$111,$-16,$0,$379,$0,$0,$0,$0,$363,$-200,$-119,$-319,$6,$25,$-45,$-1,$-339,$156,$0,$-34
