,Date,Stock Price,Book Value per Share,Price to Book Ratio,TTM Sales per Share,Price to Sales Ratio,TTM FCF per Share,Price to FCF Ratio,TTM Net EPS,PE Ratio,Current Assets,Current Liabilities,Current Ratio,Long Term Debt,Shareholder's Equity_x,Debt to Equity Ratio,TTM Revenue_x,TTM Gross Profit,Gross Margin,TTM Revenue_y,TTM Operating Income,Operating Margin,TTM Revenue_x,TTM EBIT,EBIT Margin,TTM Revenue_y,TTM EBITDA,EBITDA Margin,TTM Revenue_x,TTM Pre-Tax Income,Pre-Tax Margin,TTM Revenue_y,TTM Net Income_x,Net Margin,TTM Net Income_y,Shareholder's Equity_y,Return on Equity,TTM Net Income_x,Tangible Equity,Return on Tangible Equity,TTM Net Income_y,Total Assets,Return on Assets,TTM Net Income,LT Investments & Debt,Return on Investment,revenue,cost-goods-sold,gross-profit,research-development-expenses,selling-general-administrative-expenses,operating-expenses,operating-income,total-non-operating-income-expense,pre-tax-income,total-provision-income-taxes,income-after-taxes,income-from-continuous-operations,net-income,ebitda,ebit,basic-shares-outstanding,shares-outstanding,eps-basic-net-earnings-per-share,eps-earnings-per-share-diluted,cash-on-hand,inventory,other-current-assets,total-current-assets,net-property-plant-equipment,long-term-investments,goodwill-intangible-assets-total,other-long-term-assets,total-long-term-assets,total-assets,total-current-liabilities,long-term-debt,other-non-current-liabilities,total-long-term-liabilities,total-liabilities,common-stock-net,retained-earnings-accumulated-deficit,comprehensive-income,total-share-holder-equity,total-liabilities-share-holders-equity,net-income-loss,total-depreciation-amortization-cash-flow,other-non-cash-items,total-non-cash-items,change-in-accounts-receivable,change-in-inventories,change-in-accounts-payable,change-in-assets-liabilities,total-change-in-assets-liabilities,cash-flow-from-operating-activities,net-change-in-property-plant-equipment,net-change-in-intangible-assets,net-acquisitions-divestitures,net-change-in-short-term-investments,net-change-in-long-term-investments,net-change-in-investments-total,investing-activities-other,cash-flow-from-investing-activities,net-long-term-debt,net-current-debt,debt-issuance-retirement-net-total,net-common-equity-issued-repurchased,net-total-equity-issued-repurchased,total-common-preferred-stock-dividends-paid,financial-activities-other,cash-flow-from-financial-activities,net-cash-flow,stock-based-compensation,common-stock-dividends-paid
0,2018-09-30,150.09,$16.79,8.94,$7.95,18.88,$11.04,13.59,$4.41,34.03,$18.22B,$11.31B,1.61,$16.63B,$28.54B,0.58,$20.61B,$20.61B,100.00%,$20.61B,$12.95B,62.86%,$20.61B,$12.95B,62.86%,$20.61B,$13.57B,65.83%,$20.61B,$12.81B,62.14%,$20.61B,$10.30B,49.98%,$10.30B,$34.01B,30.56%,$10.30B,$-8.75B,-108.61%,$10.30B,$69.23B,15.06%,$12.95B,$50.64B,25.74%,$5434,$0,$5434,$0,$1670,$2028,$3406,$132,$3538,$693,$2845,$2845,$2845,$3569,$3406,$2049,2586,$1.40,$1.11,$13200,$0,$1664,$18216,$2472,$4082,$42752,$1703,$51009,$69225,$11305,$16630,$2666,$23914,$35219,$0,$11318,$547,$34006,$69225,$10301,$613,$4456,$5069,$-70,$0,$3,$-4803,$-2657,$12713,$-704,$0,$-196,$0,$-2184,$-2184,$0,$-3084,$-1750,$0,$-1750,$-7028,$-7028,$-1918,$-544,$-11240,$-1712,$327,$-1918
1,2018-06-30,132.25,$16.37,8.08,$7.68,17.22,$9.61,13.77,$4.08,32.41,$18.49B,$10.93B,1.69,$16.63B,$27.85B,0.6,$20.03B,$20.03B,100.00%,$20.03B,$12.76B,63.70%,$20.03B,$12.76B,63.70%,$20.03B,$13.36B,66.68%,$20.03B,$12.37B,61.74%,$20.03B,$9.60B,47.91%,$9.60B,$33.32B,28.73%,$9.60B,$-9.51B,-97.45%,$9.60B,$68.18B,14.09%,$12.76B,$49.95B,25.51%,$5240,$0,$5240,$0,$1434,$2355,$2885,$-73,$2812,$483,$2329,$2329,$2329,$422,$2885,$2041,2578,$1.14,$0.90,$13388,$0,$1723,$18491,$2387,$2835,$42832,$1630,$49684,$68175,$10934,$16627,$2494,$23923,$34857,$0,$10426,$741,$33318,$68175,$7456,$450,$3045,$3495,$-82,$0,$-18,$-3486,$-1732,$9219,$-509,$0,$-196,$0,$-600,$-600,$0,$-1305,$-1750,$0,$-1750,$-5604,$-5604,$-1435,$-405,$-9194,$-1369,$242,$-1435
2,2018-03-31,119.25,$16.66,7.16,$7.37,16.17,$8.47,14.08,$3.94,30.27,$18.54B,$9.55B,1.94,$16.62B,$28.63B,0.58,$19.36B,$19.36B,100.00%,$19.36B,$12.90B,66.64%,$19.36B,$12.90B,66.64%,$19.36B,$14.02B,72.43%,$19.36B,$12.47B,64.42%,$19.36B,$9.33B,48.18%,$9.33B,$34.10B,28.22%,$9.33B,$-9.81B,-92.66%,$9.33B,$69.04B,13.91%,$12.90B,$50.73B,26.30%,$5073,$0,$5073,$0,$1415,$1737,$3336,$-119,$3217,$612,$2605,$2605,$2605,$4778,$3336,$2055,2594,$1.27,$1.00,$12603,$0,$1581,$18536,$2366,$2602,$43909,$1629,$50506,$69042,$9551,$16624,$3654,$25388,$34939,$0,$10192,$1728,$34103,$69042,$5127,$2913,$-809,$2104,$-113,$0,$-26,$-2333,$-1649,$5582,$-354,$0,$-196,$0,$-587,$-587,$0,$-1137,$-1750,$0,$-1750,$-3747,$-3747,$-948,$62,$-6383,$-1732,$153,$-948
3,2017-12-31,113.47,$16.20,7.01,$7.10,15.99,$7.42,15.28,$3.01,37.7,$17.29B,$8.36B,2.07,$16.62B,$27.93B,0.6,$18.76B,$18.76B,100.00%,$18.76B,$12.37B,65.95%,$18.76B,$12.37B,65.95%,$18.76B,$13.21B,70.42%,$18.76B,$11.95B,63.72%,$18.76B,$7.15B,38.12%,$7.15B,$33.40B,22.19%,$7.15B,$-9.87B,-69.91%,$7.15B,$67.15B,10.90%,$12.37B,$50.02B,25.99%,$4862,$0,$4862,$0,$1230,$1535,$3327,$-88,$3239,$717,$2522,$2522,$2522,$4798,$3327,$2069,2611,$1.22,$0.97,$12434,$0,$1450,$17287,$2238,$2674,$43271,$1684,$49867,$67154,$8363,$16621,$3662,$25390,$33753,$0,$9966,$1203,$33401,$67154,$2522,$1471,$-1863,$-392,$-146,$0,$-51,$187,$632,$2762,$-141,$0,$0,$0,$-566,$-566,$0,$-707,$-1750,$0,$-1750,$-1725,$-1725,$-458,$62,$-3871,$-1736,$68,$-458
4,2017-09-30,104.55,$15.78,6.63,$6.90,15.16,$7.29,14.34,$2.80,37.34,$19.02B,$9.99B,1.9,$16.62B,$27.23B,0.61,$18.36B,$18.36B,100.00%,$18.36B,$12.14B,66.15%,$18.36B,$12.14B,66.15%,$18.36B,$12.70B,69.18%,$18.36B,$11.69B,63.70%,$18.36B,$6.70B,36.49%,$6.70B,$32.76B,21.06%,$6.70B,$-10.20B,-66.02%,$6.70B,$67.98B,10.36%,$12.14B,$49.38B,26.08%,$4855,$0,$4855,$0,$1327,$1643,$3212,$-113,$3099,$959,$2140,$2140,$2140,$3359,$3212,$2104,2654,$1.02,$0.81,$14469,$0,$1450,$19023,$2253,$1926,$42958,$1817,$48954,$67977,$9994,$16618,$2625,$25223,$35217,$0,$9508,$878,$32760,$67977,$6699,$556,$6533,$7089,$-54,$0,$-30,$-4962,$-4580,$9208,$-695,$0,$-302,$0,$1732,$1732,$0,$735,$2488,$0,$2488,$-6742,$-6742,$-1579,$-91,$-5924,$4255,$235,$-1579
5,2017-06-30,93.02,$15.28,6.09,$6.66,13.97,$5.97,15.58,$2.69,34.58,$15.72B,$9.51B,1.65,$14.14B,$26.42B,0.54,$17.76B,$17.76B,100.00%,$17.76B,$11.56B,65.06%,$17.76B,$11.56B,65.06%,$17.76B,$9.69B,54.55%,$17.76B,$11.11B,62.51%,$17.76B,$6.49B,36.53%,$6.49B,$31.94B,20.38%,$6.49B,$-10.39B,-65.26%,$6.49B,$64.00B,10.20%,$11.56B,$46.09B,24.90%,$4565,$0,$4565,$0,$1251,$1541,$3024,$-110,$2914,$855,$2059,$2059,$2059,$1084,$3024,$2099,2644,$0.98,$0.78,$11221,$0,$1383,$15718,$2202,$2117,$42331,$1632,$48282,$64000,$9511,$14142,$2515,$22545,$32056,$0,$9299,$118,$31944,$64000,$4559,$409,$5174,$5583,$-34,$0,$-71,$-3545,$-3701,$6441,$-512,$0,$-302,$0,$2401,$2401,$0,$1587,$0,$0,$0,$-5170,$-5170,$-1189,$55,$-6304,$1818,$183,$-1189
6,2017-03-31,87.99,$14.62,6.02,$6.30,13.96,$4.76,18.48,$2.00,43.99,$15.51B,$10.21B,1.52,$14.14B,$25.19B,0.56,$16.83B,$16.83B,100.00%,$16.83B,$8.96B,53.25%,$16.83B,$8.96B,53.25%,$16.83B,$9.99B,59.39%,$16.83B,$8.61B,51.18%,$16.83B,$4.84B,28.78%,$4.84B,$30.78B,15.11%,$4.84B,$-10.46B,-50.07%,$4.84B,$63.23B,7.61%,$8.96B,$44.92B,19.04%,$4477,$0,$4477,$0,$1386,$1669,$2808,$-106,$2702,$2272,$430,$430,$430,$3970,$2808,$2114,2666,$0.20,$0.16,$8951,$0,$1335,$15505,$2133,$2882,$41241,$1466,$47722,$63227,$10206,$14140,$2367,$22238,$32444,$0,$9140,$-980,$30783,$63227,$2500,$2349,$1868,$4217,$-40,$0,$-83,$-3670,$-3813,$2904,$-317,$0,$-302,$0,$2887,$2887,$0,$2268,$0,$0,$0,$-3382,$-3382,$-795,$-66,$-4243,$808,$116,$-795
7,2016-12-31,77.1,$15.00,5.14,$5.98,12.88,$4.76,16.21,$2.53,30.47,$14.69B,$10.34B,1.42,$14.14B,$26.01B,0.54,$15.98B,$15.98B,100.00%,$15.98B,$8.59B,53.74%,$15.98B,$8.59B,53.74%,$15.98B,$9.37B,58.63%,$15.98B,$8.35B,52.27%,$15.98B,$6.12B,38.30%,$6.12B,$31.73B,19.34%,$6.12B,$-9.55B,-109.92%,$6.12B,$63.37B,9.97%,$8.59B,$45.86B,18.23%,$4461,$0,$4461,$0,$1055,$1361,$3100,$-121,$2979,$909,$2070,$2070,$2070,$4287,$3100,$2122,2683,$0.98,$0.77,$10549,$0,$1271,$14689,$2201,$3802,$41273,$1405,$48681,$63370,$10341,$14138,$2343,$21303,$31644,$0,$10492,$-1369,$31726,$63370,$2070,$1187,$-1088,$99,$-89,$0,$-102,$201,$339,$2508,$-171,$0,$0,$0,$-246,$-246,$0,$-417,$0,$566,$566,$-1837,$-1837,$-399,$-60,$-1730,$205,$45,$-399
8,2016-09-30,81.56,$15.43,5.29,$5.64,14.45,$4.57,17.84,$2.47,33.02,$14.31B,$8.05B,1.78,$15.88B,$27.20B,0.58,$15.08B,$15.08B,100.00%,$15.08B,$7.88B,52.27%,$15.08B,$7.88B,52.27%,$15.08B,$8.39B,55.60%,$15.08B,$8.01B,53.12%,$15.08B,$5.99B,39.72%,$5.99B,$32.91B,19.27%,$5.99B,$-9.39B,-373.27%,$5.99B,$64.04B,10.10%,$7.88B,$48.79B,16.78%,$4261,$0,$4261,$0,$1333,$1636,$2625,$-115,$2510,$579,$1931,$1931,$1931,$350,$2625,$2170,2678,$0.90,$0.72,$9965,$0,$1285,$14313,$2150,$3931,$42300,$1341,$49722,$64035,$8046,$15882,$2387,$23077,$31123,$0,$10462,$-458,$32912,$64035,$5991,$502,$2603,$3105,$-65,$0,$43,$-3734,$-3522,$5574,$-523,$0,$-9082,$0,$-1311,$-1311,$0,$-10916,$15971,$0,$15971,$-7062,$-7062,$-1350,$-82,$7477,$2101,$221,$-1350
9,2016-06-30,73.02,$15.25,4.79,$5.36,13.61,$4.95,14.74,$2.30,31.75,$14.37B,$7.78B,1.85,$15.88B,$27.11B,0.59,$14.39B,$14.39B,100.00%,$14.39B,$7.54B,52.40%,$14.39B,$7.54B,52.40%,$14.39B,$8.38B,58.21%,$14.39B,$7.79B,54.09%,$14.39B,$5.57B,38.72%,$5.57B,$32.83B,18.38%,$5.57B,$-9.30B,231.59%,$5.57B,$63.87B,10.49%,$7.54B,$48.71B,17.86%,$3630,$0,$3630,$0,$1082,$3202,$428,$-6,$422,$10,$412,$412,$412,$1387,$428,$2162,2649,$0.19,$0.16,$9779,$0,$1323,$14374,$2136,$3762,$42122,$1473,$49493,$63867,$7783,$15879,$2401,$23257,$31040,$0,$10334,$-543,$32827,$63867,$4060,$2777,$-714,$2063,$-92,$0,$-35,$-3226,$-3001,$3122,$-382,$0,$-9082,$0,$-695,$-695,$0,$-10159,$15971,$0,$15971,$-5401,$-5401,$-1011,$-91,$9468,$2369,$152,$-1011
10,2016-03-31,75.16,$13.43,5.6,$5.29,14.2,$5.61,13.4,$2.82,26.65,$24.30B,$5.13B,4.74,$15.88B,$29.13B,0.55,$14.28B,$14.28B,100.00%,$14.28B,$9.38B,65.65%,$14.28B,$9.38B,65.65%,$14.28B,$10.05B,70.40%,$14.28B,$9.53B,66.74%,$14.28B,$6.86B,48.02%,$6.86B,$29.13B,23.43%,$6.86B,$5.96B,112.66%,$6.86B,$54.33B,14.58%,$9.38B,$45.01B,25.20%,$3626,$0,$3626,$0,$944,$1192,$2434,$7,$2441,$734,$1707,$1707,$1707,$3344,$2434,$2173,2665,$0.79,$0.64,$20958,$0,$1341,$24303,$1883,$3577,$23171,$1392,$30023,$54326,$5125,$15876,$938,$20070,$25195,$0,$11582,$-96,$29131,$54326,$3648,$1818,$-213,$1605,$-97,$0,$-34,$-2372,$-2434,$2819,$-250,$0,$-14,$0,$-1582,$-1582,$0,$-1846,$15971,$0,$15971,$-3716,$-3716,$-676,$-127,$11452,$12425,$97,$-676
11,2015-12-31,76.06,$13.46,5.65,$5.18,14.68,$5.58,13.63,$2.74,27.76,$25.47B,$5.36B,4.76,$15.88B,$29.48B,0.54,$14.06B,$14.06B,100.00%,$14.06B,$9.22B,65.58%,$14.06B,$9.22B,65.58%,$14.06B,$9.79B,69.62%,$14.06B,$9.37B,66.64%,$14.06B,$6.70B,47.64%,$6.70B,$29.48B,23.07%,$6.70B,$6.30B,114.09%,$6.70B,$54.98B,15.53%,$9.22B,$45.35B,27.93%,$3565,$0,$3565,$0,$921,$1169,$2396,$243,$2639,$698,$1941,$1941,$1941,$3304,$2396,$2202,2695,$0.88,$0.72,$22406,$0,$1455,$25473,$1884,$3487,$23173,$960,$29504,$54977,$5357,$15877,$923,$20144,$25501,$0,$11701,$-49,$29476,$54977,$1941,$908,$-202,$706,$-75,$0,$0,$-898,$-668,$1979,$-126,$0,$0,$0,$-6068,$-6068,$0,$-6194,$15971,$0,$15971,$-1986,$-1986,$-340,$-111,$13534,$9319,$39,$-340
12,2015-09-30,68.2,$13.47,5.06,$5.09,13.4,$5.50,12.41,$2.57,26.51,$10.02B,$5.36B,1.87,$0.00B,$29.84B,0.0,$13.88B,$13.88B,100.00%,$13.88B,$9.06B,65.30%,$13.88B,$9.06B,65.30%,$13.88B,$9.56B,68.86%,$13.88B,$9.00B,64.81%,$13.88B,$6.33B,45.59%,$6.33B,$29.84B,22.08%,$6.33B,$6.66B,115.15%,$6.33B,$39.37B,16.17%,$9.06B,$29.84B,31.62%,$3571,$0,$3571,$0,$1024,$1288,$2283,$0,$2283,$771,$1512,$1512,$1512,$343,$2283,$2221,2724,$0.69,$0.55,$7087,$0,$1326,$10021,$1888,$3384,$23186,$888,$29346,$39367,$5355,$0,$897,$4170,$9525,$0,$11843,$-74,$29842,$39367,$6328,$494,$3293,$3787,$-19,$0,$-13,$-3185,$-3531,$6584,$-404,$0,$-93,$0,$-938,$-938,$0,$-1435,$0,$0,$0,$-2828,$-2828,$-1177,$402,$-3603,$1547,$187,$-1177
13,2015-06-30,65.64,$12.92,5.08,$4.94,13.3,$5.61,11.7,$2.38,27.55,$10.07B,$5.79B,1.74,$0.00B,$28.63B,0.0,$13.54B,$13.54B,100.00%,$13.54B,$8.33B,61.55%,$13.54B,$8.33B,61.55%,$13.54B,$11.65B,86.03%,$13.54B,$8.26B,61.03%,$13.54B,$5.89B,43.50%,$5.89B,$28.63B,20.99%,$5.89B,$5.43B,120.34%,$5.89B,$39.43B,15.13%,$8.33B,$28.63B,29.70%,$3518,$0,$3518,$0,$1009,$1256,$2262,$-94,$2168,$471,$1697,$1697,$1697,$3062,$2262,$2220,2713,$0.76,$0.63,$5865,$0,$1316,$10068,$1847,$3300,$23200,$1014,$29361,$39429,$5789,$0,$879,$5013,$10802,$0,$10623,$-4,$28627,$39429,$4816,$2434,$385,$2819,$-64,$0,$-52,$-2448,$-2785,$4850,$-266,$0,$-93,$0,$-917,$-917,$0,$-1276,$0,$0,$0,$-2842,$-2842,$-885,$328,$-3399,$176,$139,$-885
14,2015-03-31,63.83,$12.67,5.04,$4.77,13.37,$5.75,11.11,$2.24,28.56,$10.11B,$5.44B,1.86,$0.00B,$28.24B,0.0,$13.18B,$13.18B,100.00%,$13.18B,$8.09B,61.41%,$13.18B,$8.09B,61.41%,$13.18B,$11.35B,86.16%,$13.18B,$8.12B,61.66%,$13.18B,$5.55B,42.14%,$5.55B,$28.24B,20.03%,$5.55B,$5.11B,121.58%,$5.55B,$38.84B,14.42%,$8.09B,$28.24B,29.19%,$3409,$0,$3409,$0,$891,$1128,$2281,$1,$2282,$732,$1550,$1550,$1550,$3082,$2281,$2228,2725,$0.70,$0.57,$5784,$0,$1322,$10105,$1843,$2779,$23132,$976,$28730,$38835,$5443,$0,$1024,$5155,$10598,$0,$10108,$31,$28237,$38835,$3119,$1634,$211,$1845,$-74,$0,$-44,$-2045,$-2225,$2739,$-192,$0,$0,$0,$-365,$-365,$0,$-557,$0,$0,$0,$-1809,$-1809,$-591,$285,$-2115,$68,$93,$-591
15,2014-12-31,63.85,$9.19,6.95,$4.65,13.73,$5.97,10.69,$2.24,28.57,$9.86B,$5.80B,1.7,$0.00B,$27.94B,0.0,$12.93B,$12.93B,100.00%,$12.93B,$7.86B,60.78%,$12.93B,$7.86B,60.78%,$12.93B,$11.01B,85.17%,$12.93B,$7.90B,61.13%,$12.93B,$5.60B,43.31%,$5.60B,$27.94B,20.38%,$5.60B,$4.79B,128.31%,$5.60B,$38.88B,14.70%,$7.86B,$27.94B,28.59%,$3382,$0,$3382,$0,$910,$1144,$2238,$24,$2262,$693,$1569,$1569,$1569,$3071,$2238,$2241,2745,$0.70,$0.57,$5978,$0,$1241,$9864,$1861,$3028,$23148,$983,$29020,$38884,$5798,$0,$1005,$5144,$10942,$0,$9732,$10,$27942,$38884,$1569,$833,$-38,$795,$-78,$0,$10,$-1019,$-603,$1761,$-104,$0,$0,$0,$-532,$-532,$0,$-636,$0,$0,$0,$-773,$-773,$-297,$58,$-1012,$114,$45,$-297
16,2014-09-30,51.86,$12.21,4.25,$4.28,12.11,$5.76,9.01,$2.15,24.09,$9.56B,$6.01B,1.59,$0.00B,$27.41B,0.0,$12.70B,$12.70B,100.00%,$12.70B,$7.70B,60.60%,$12.70B,$7.70B,60.60%,$12.70B,$10.72B,84.43%,$12.70B,$7.72B,60.81%,$12.70B,$5.44B,42.81%,$5.44B,$27.41B,19.95%,$5.44B,$4.25B,130.54%,$5.44B,$38.57B,14.53%,$7.70B,$27.41B,28.24%,$3229,$0,$3229,$0,$984,$1677,$1552,$-2,$1550,$477,$1073,$1073,$1073,$2432,$1552,$2264,2794,$0.65,$0.51,$5448,$0,$1171,$9562,$1892,$3015,$23164,$936,$29007,$38569,$6006,$0,$1005,$5150,$11156,$0,$9131,$-17,$27413,$38569,$5438,$3027,$-2403,$624,$-53,$0,$-56,$-259,$1143,$7205,$-553,$0,$-149,$0,$-239,$-239,$0,$-941,$0,$0,$0,$-4027,$-4027,$-1006,$-1445,$-6478,$-215,$172,$-1006
17,2014-06-30,51.11,$8.91,5.74,$4.15,12.31,$4.26,12.0,$2.19,23.39,$9.03B,$5.31B,1.7,$0.00B,$27.29B,0.0,$12.45B,$12.45B,100.00%,$12.45B,$7.90B,63.44%,$12.45B,$7.90B,63.44%,$12.45B,$10.83B,87.01%,$12.45B,$7.94B,63.80%,$12.45B,$5.56B,44.65%,$5.56B,$27.29B,20.49%,$5.56B,$4.12B,136.77%,$5.56B,$37.68B,15.11%,$7.90B,$27.29B,29.12%,$3155,$0,$3155,$0,$899,$1135,$2020,$10,$2030,$670,$1360,$1360,$1360,$2767,$2020,$2253,2782,$0.60,$0.49,$5169,$0,$1157,$9025,$1772,$2798,$23168,$912,$28650,$37675,$5314,$0,$905,$5075,$10389,$0,$8909,$-16,$27286,$37675,$4365,$2147,$-300,$1847,$-55,$0,$-86,$-1987,$-800,$5412,$-326,$0,$-134,$0,$18,$18,$0,$-442,$0,$0,$0,$-3281,$-3281,$-758,$-1059,$-5098,$-128,$130,$-758
18,2014-03-31,52.26,$8.85,5.91,$3.83,13.64,$2.60,20.07,$2.11,24.74,$8.51B,$4.96B,1.72,$0.00B,$27.30B,0.0,$12.29B,$12.29B,100.00%,$12.29B,$7.70B,62.67%,$12.29B,$7.70B,62.67%,$12.29B,$10.51B,85.52%,$12.29B,$7.74B,62.99%,$12.29B,$5.42B,44.11%,$5.42B,$27.30B,20.05%,$5.42B,$4.30B,134.81%,$5.42B,$37.26B,14.98%,$7.70B,$27.30B,28.49%,$3163,$0,$3163,$0,$888,$1115,$2048,$13,$2061,$463,$1598,$1598,$1598,$2742,$2048,$2274,2805,$0.70,$0.57,$4599,$0,$1178,$8507,$1760,$3066,$22998,$932,$28756,$37263,$4961,$0,$861,$5007,$9968,$0,$8714,$26,$27295,$37263,$3005,$1400,$-342,$1058,$-71,$0,$-68,$-1680,$-593,$3470,$-217,$0,$0,$0,$111,$111,$0,$-106,$0,$0,$0,$-2152,$-2152,$-507,$-1071,$-3730,$-366,$89,$-507
19,2013-12-31,53.82,$8.70,6.18,$3.50,15.39,$1.07,50.2,$1.96,27.42,$7.77B,$4.39B,1.77,$0.00B,$27.01B,0.0,$12.09B,$12.09B,100.00%,$12.09B,$7.52B,62.18%,$12.09B,$7.52B,62.18%,$12.09B,$10.30B,85.17%,$12.09B,$7.54B,62.37%,$12.09B,$5.09B,42.14%,$5.09B,$27.01B,18.90%,$5.09B,$4.00B,130.45%,$5.09B,$36.25B,14.29%,$7.52B,$27.01B,27.89%,$3155,$0,$3155,$0,$839,$1078,$2077,$6,$2083,$676,$1407,$1407,$1407,$2783,$2077,$3108,3644,$0.45,$0.39,$4139,$0,$1121,$7765,$1746,$3040,$23015,$682,$28483,$36248,$4385,$0,$689,$4849,$9234,$0,$8269,$43,$27014,$36248,$1407,$706,$15,$721,$-79,$0,$-80,$-761,$-587,$1541,$-120,$0,$0,$0,$-156,$-156,$0,$-276,$0,$0,$0,$-1053,$-1053,$-254,$-23,$-1330,$-65,$45,$-254
20,2013-09-30,46.09,$8.61,5.35,$3.38,13.62,$-0.09,0.0,$1.90,24.32,$7.82B,$4.34B,1.8,$0.00B,$26.87B,0.0,$11.78B,$11.78B,100.00%,$11.78B,$7.24B,61.46%,$11.78B,$7.24B,61.46%,$11.78B,$9.96B,84.54%,$11.78B,$7.26B,61.61%,$11.78B,$4.98B,42.28%,$4.98B,$26.87B,18.38%,$4.98B,$3.84B,123.53%,$4.98B,$35.96B,14.01%,$7.24B,$26.87B,26.72%,$2973,$0,$2973,$0,$994,$1222,$1751,$15,$1766,$574,$1192,$1192,$1192,$2537,$1751,$2353,2897,$0.94,$0.71,$4304,$0,$1148,$7822,$1732,$2760,$23032,$610,$28134,$35956,$4335,$0,$602,$4751,$9086,$0,$7974,$21,$26870,$35956,$4980,$2718,$1685,$4403,$-38,$0,$40,$-2681,$-6361,$3022,$-471,$0,$0,$0,$-693,$-693,$0,$-1164,$-6,$0,$-6,$-5257,$-5257,$-864,$4381,$-1746,$112,$179,$-864
21,2013-06-30,44.0,$8.58,5.13,$3.07,14.35,$0.23,192.05,$2.05,21.46,$6.94B,$3.67B,1.89,$0.00B,$27.00B,0.0,$11.54B,$11.54B,100.00%,$11.54B,$7.01B,60.77%,$11.54B,$7.01B,60.77%,$11.54B,$9.59B,83.17%,$11.54B,$7.08B,61.36%,$11.54B,$5.45B,47.24%,$5.45B,$27.00B,19.98%,$5.45B,$3.95B,129.64%,$5.45B,$35.29B,14.91%,$7.01B,$27.00B,25.70%,$3001,$0,$3001,$0,$956,$1173,$1828,$5,$1833,$608,$1225,$1225,$1225,$2450,$1828,$3152,3696,$0.39,$0.33,$3397,$0,$1057,$6941,$1689,$3189,$23049,$417,$28344,$35285,$3671,$0,$568,$4611,$8282,$0,$7989,$-116,$27003,$35285,$3788,$1932,$1679,$3611,$-56,$0,$5,$-1917,$-6422,$977,$-333,$0,$0,$0,$-1021,$-1021,$0,$-1354,$-6,$0,$-6,$-3956,$-3956,$-653,$4371,$-244,$-621,$139,$-653
22,2013-03-31,40.82,$8.48,4.81,$2.92,13.96,$0.94,43.62,$0.90,45.61,$6.91B,$3.54B,1.95,$0.00B,$26.90B,0.0,$11.10B,$11.10B,100.00%,$11.10B,$2.58B,23.20%,$11.10B,$2.58B,23.20%,$11.10B,$5.24B,47.16%,$11.10B,$2.64B,23.77%,$11.10B,$2.39B,21.50%,$2.39B,$26.90B,8.81%,$2.39B,$3.83B,60.02%,$2.39B,$35.06B,6.38%,$2.58B,$26.90B,9.51%,$2958,$0,$2958,$0,$880,$1098,$1860,$-3,$1857,$587,$1270,$1270,$1270,$2525,$1860,$3188,3732,$0.40,$0.34,$2768,$0,$1061,$6914,$1674,$2974,$23066,$431,$28145,$35059,$3539,$0,$579,$4625,$8164,$0,$7723,$-133,$26895,$35059,$2563,$1310,$1657,$2967,$-79,$0,$-15,$-1466,$-6710,$-1180,$-211,$0,$0,$0,$-238,$-238,$0,$-449,$-5,$0,$-5,$-2989,$-2989,$-437,$4363,$932,$-697,$98,$-437
23,2012-12-31,36.35,$8.58,4.24,$2.80,12.98,$1.89,19.28,$0.89,40.73,$7.39B,$3.75B,1.97,$0.00B,$27.59B,0.0,$10.72B,$10.72B,100.00%,$10.72B,$2.32B,21.65%,$10.72B,$2.32B,21.65%,$10.72B,$4.89B,45.64%,$10.72B,$2.39B,22.30%,$10.72B,$2.41B,22.46%,$2.41B,$27.59B,8.76%,$2.41B,$4.50B,55.07%,$2.41B,$35.86B,6.36%,$2.32B,$27.59B,8.45%,$2846,$0,$2846,$0,$841,$1046,$1800,$1,$1801,$508,$1293,$1293,$1293,$2445,$1800,$3224,3776,$0.40,$0.34,$2834,$0,$987,$7387,$1641,$3401,$23084,$346,$28472,$35859,$3747,$0,$467,$4524,$8271,$0,$7997,$-137,$27588,$35859,$1293,$645,$1632,$2277,$-78,$0,$1,$-733,$-6394,$-2824,$-100,$0,$0,$0,$-765,$-765,$0,$-865,$-5,$0,$-5,$-1183,$-1183,$-220,$4357,$2949,$-740,$48,$-220
24,2012-09-30,32.13,$8.52,3.77,$2.70,11.91,$2.96,10.84,$0.78,41.06,$11.79B,$7.95B,1.48,$0.00B,$27.63B,0.0,$10.42B,$10.42B,100.00%,$10.42B,$2.14B,20.53%,$10.42B,$2.14B,20.53%,$10.42B,$4.63B,44.40%,$10.42B,$2.21B,21.18%,$10.42B,$2.14B,20.57%,$2.14B,$27.63B,7.82%,$2.14B,$4.53B,49.97%,$2.14B,$40.01B,5.67%,$2.14B,$27.63B,7.81%,$2731,$0,$2731,$0,$1007,$1209,$1522,$66,$1588,$-74,$1662,$1662,$1662,$2174,$1522,$3240,3856,$0.52,$0.44,$7249,$0,$1032,$11786,$1634,$3283,$23101,$209,$28227,$40013,$7954,$0,$371,$4429,$12383,$0,$7809,$-171,$27630,$40013,$2142,$2488,$2479,$4967,$-161,$0,$-17,$-1488,$-2100,$5009,$-374,$0,$-3,$0,$-2037,$-2037,$0,$-2414,$-6,$0,$-6,$-536,$-536,$-595,$-1518,$-2655,$-53,$147,$-595
25,2012-06-30,29.53,$8.07,3.66,$2.57,11.48,$2.62,11.26,$0.48,61.2,$10.90B,$7.85B,1.39,$0.00B,$26.16B,0.0,$10.07B,$10.07B,100.00%,$10.07B,$1.98B,19.65%,$10.07B,$1.98B,19.65%,$10.07B,$4.47B,44.36%,$10.07B,$1.97B,19.59%,$10.07B,$1.36B,13.52%,$1.36B,$26.16B,5.03%,$1.36B,$3.04B,34.12%,$1.36B,$38.74B,3.73%,$1.98B,$26.16B,7.30%,$2565,$0,$2565,$0,$888,$5172,$-2607,$0,$-2607,$-768,$-1839,$-1839,$-1839,$-1909,$-2607,$3240,3828,$-0.57,$-0.48,$6585,$0,$1110,$10899,$1581,$2923,$23118,$220,$27842,$38741,$7854,$0,$785,$4729,$12583,$0,$6411,$-175,$26158,$38741,$480,$1836,$2708,$4544,$-231,$0,$-58,$-1048,$-1384,$3640,$-268,$0,$-3,$0,$-1672,$-1672,$0,$-1943,$-6,$0,$-6,$-425,$-425,$-448,$-1383,$-2262,$-569,$112,$-448
26,2012-03-31,28.13,$8.76,3.21,$2.48,11.36,$2.43,11.59,$1.53,18.45,$10.30B,$3.59B,2.87,$0.00B,$28.52B,0.0,$9.83B,$9.83B,100.00%,$9.83B,$5.93B,60.34%,$9.83B,$5.93B,60.34%,$9.83B,$8.24B,83.87%,$9.83B,$6.12B,62.29%,$9.83B,$4.21B,42.79%,$4.21B,$28.52B,15.53%,$4.21B,$5.42B,106.08%,$4.21B,$36.85B,11.86%,$5.93B,$28.52B,21.90%,$2578,$0,$2578,$0,$789,$972,$1606,$3,$1609,$317,$1292,$1292,$1292,$2183,$1606,$3244,3852,$0.40,$0.34,$7239,$0,$1131,$10295,$1540,$1696,$23105,$210,$26551,$36846,$3587,$0,$797,$4738,$8325,$0,$8688,$-176,$28521,$36846,$2319,$1138,$-187,$951,$-95,$0,$-94,$-569,$-887,$2383,$-160,$0,$0,$0,$-610,$-610,$0,$-770,$-6,$0,$-6,$2,$2,$-300,$-1398,$-1702,$-85,$76,$-300
27,2011-12-31,24.16,$8.40,2.88,$2.35,10.29,$2.20,10.97,$1.36,17.83,$9.98B,$3.54B,2.82,$0.00B,$27.30B,0.0,$9.50B,$9.50B,100.00%,$9.50B,$5.71B,60.10%,$9.50B,$5.71B,60.10%,$9.50B,$7.97B,83.87%,$9.50B,$5.89B,62.03%,$9.50B,$3.80B,39.96%,$3.80B,$27.30B,14.33%,$3.80B,$4.18B,112.07%,$3.80B,$35.77B,10.89%,$5.71B,$27.30B,21.54%,$2547,$0,$2547,$0,$751,$929,$1618,$-1,$1617,$590,$1027,$1027,$1029,$2179,$1618,$3244,3924,$0.32,$0.26,$7093,$0,$1114,$9978,$1542,$899,$23122,$227,$25790,$35768,$3537,$0,$718,$4930,$8467,$0,$7544,$-172,$27301,$35768,$1027,$561,$17,$578,$-69,$0,$-82,$-461,$-319,$1286,$-99,$0,$0,$0,$293,$293,$0,$194,$-5,$0,$-5,$-31,$-31,$-152,$-1477,$-1665,$-185,$38,$-152
28,2011-09-30,20.35,$8.14,2.5,$2.23,9.13,$2.12,9.6,$1.29,15.77,$9.19B,$3.45B,2.66,$0.00B,$26.44B,0.0,$9.19B,$9.19B,100.00%,$9.19B,$5.46B,59.38%,$9.19B,$5.46B,59.38%,$9.19B,$7.62B,82.98%,$9.19B,$5.66B,61.56%,$9.19B,$3.65B,39.73%,$3.65B,$26.44B,14.01%,$3.65B,$3.33B,121.67%,$3.65B,$34.76B,10.61%,$5.46B,$26.44B,20.93%,$2383,$0,$2383,$0,$837,$1021,$1362,$-8,$1354,$476,$878,$878,$880,$2015,$1362,$3296,4088,$0.27,$0.22,$6255,$0,$1209,$9190,$1541,$711,$23104,$214,$25570,$34760,$3451,$0,$667,$4872,$8323,$0,$6706,$-176,$26437,$34760,$3646,$2168,$92,$2260,$-79,$0,$29,$-1851,$-2034,$3872,$-353,$0,$-268,$0,$-1678,$-1678,$0,$-2299,$-54,$0,$-54,$-1925,$-1925,$-423,$-902,$-3304,$-1740,$154,$-423
29,2011-06-30,19.97,$7.98,2.5,$2.13,9.38,$1.82,10.98,$1.24,16.13,$9.52B,$3.53B,2.7,$0.02B,$26.05B,0.0,$8.92B,$8.92B,100.00%,$8.92B,$5.21B,58.36%,$8.92B,$5.21B,58.36%,$8.92B,$7.22B,80.93%,$8.92B,$5.50B,61.61%,$8.92B,$3.54B,39.72%,$3.54B,$26.05B,13.79%,$3.54B,$2.93B,131.80%,$3.54B,$34.45B,10.40%,$5.21B,$26.07B,20.25%,$2322,$0,$2322,$0,$812,$977,$1345,$198,$1543,$539,$1004,$1004,$1005,$1867,$1345,$3300,4032,$0.31,$0.25,$6747,$0,$1092,$9516,$1510,$7,$23121,$293,$24931,$34447,$3531,$22,$588,$4864,$8395,$0,$6130,$-136,$26052,$34447,$2768,$1515,$65,$1580,$-70,$0,$-47,$-1064,$-1344,$3004,$-236,$0,$-268,$0,$79,$79,$0,$-425,$-19,$0,$-19,$-1537,$-1537,$-320,$-978,$-2854,$-267,$122,$-320
30,2011-03-31,17.41,$7.88,2.21,$2.02,8.62,$1.51,11.5,$1.12,15.51,$9.61B,$3.47B,2.77,$0.03B,$26.15B,0.0,$8.63B,$8.63B,100.00%,$8.63B,$5.00B,57.93%,$8.63B,$5.00B,57.93%,$8.63B,$6.95B,80.51%,$8.63B,$5.08B,58.82%,$8.63B,$3.26B,37.72%,$3.26B,$26.15B,12.84%,$3.26B,$3.10B,114.07%,$3.26B,$34.42B,9.68%,$5.00B,$26.18B,19.70%,$2245,$0,$2245,$0,$706,$862,$1383,$-6,$1377,$497,$880,$880,$881,$1904,$1383,$3320,4156,$0.27,$0.21,$6706,$0,$1022,$9606,$1453,$7,$23052,$304,$24816,$34422,$3465,$25,$573,$4803,$8268,$0,$5707,$-139,$26154,$34422,$1764,$993,$200,$1193,$-62,$0,$-51,$-1005,$-1348,$1609,$-147,$0,$-162,$0,$113,$113,$0,$-196,$-15,$0,$-15,$-497,$-497,$-215,$-1052,$-1779,$-355,$90,$-215
31,2010-12-31,16.61,$7.67,2.17,$1.92,8.64,$1.28,13.03,$1.06,15.75,$9.36B,$3.68B,2.54,$0.03B,$25.54B,0.0,$8.34B,$8.34B,100.00%,$8.34B,$4.74B,56.79%,$8.34B,$4.74B,56.79%,$8.34B,$6.60B,79.10%,$8.34B,$4.81B,57.68%,$8.34B,$3.09B,37.00%,$3.09B,$25.54B,12.44%,$3.09B,$2.63B,110.17%,$3.09B,$33.99B,9.34%,$4.74B,$25.57B,19.07%,$2238,$0,$2238,$0,$725,$872,$1366,$16,$1382,$498,$884,$884,$884,$1838,$1366,$3332,4232,$0.27,$0.21,$6551,$0,$1047,$9355,$1380,$13,$22910,$331,$24634,$33989,$3679,$29,$551,$4766,$8445,$0,$5023,$-150,$25544,$33989,$884,$472,$105,$577,$-51,$0,$-42,$-389,$-455,$1006,$-75,$0,$0,$0,$2,$2,$0,$-73,$-10,$0,$-10,$-280,$-280,$-108,$-723,$-1121,$-183,$48,$-108
32,2010-09-30,17.49,$7.49,2.34,$1.83,9.55,$1.04,16.81,$1.00,17.45,$8.73B,$3.50B,2.5,$0.03B,$25.01B,0.0,$8.07B,$8.07B,100.00%,$8.07B,$4.59B,56.90%,$8.07B,$4.59B,56.90%,$8.07B,$6.41B,79.53%,$8.07B,$4.64B,57.51%,$8.07B,$2.97B,36.78%,$2.97B,$25.01B,12.21%,$2.97B,$2.09B,108.25%,$2.97B,$33.41B,9.13%,$4.59B,$25.05B,18.86%,$2117,$0,$2117,$0,$811,$1004,$1113,$82,$1195,$422,$773,$773,$774,$1612,$1113,$3356,4384,$0.23,$0.18,$5917,$0,$1074,$8734,$1357,$24,$22925,$368,$24674,$33408,$3498,$32,$683,$4896,$8394,$0,$4368,$-151,$25014,$33408,$2964,$1825,$237,$2062,$-7,$0,$-21,$-1470,$-2335,$2691,$-238,$0,$-1805,$89,$50,$139,$0,$-1904,$-24,$0,$-24,$-944,$-944,$-368,$-206,$-1542,$-750,$131,$-368
33,2010-06-30,16.64,$7.35,2.26,$1.76,9.47,$0.54,31.06,$0.91,18.28,$9.85B,$3.48B,2.83,$0.04B,$24.68B,0.0,$7.83B,$7.83B,100.00%,$7.83B,$4.35B,55.51%,$7.83B,$4.35B,55.51%,$7.83B,$6.06B,77.40%,$7.83B,$4.31B,55.01%,$7.83B,$2.71B,34.57%,$2.71B,$24.68B,11.35%,$2.71B,$3.59B,98.64%,$2.71B,$32.70B,8.41%,$4.35B,$24.72B,18.20%,$2029,$0,$2029,$0,$726,$892,$1137,$-15,$1122,$406,$716,$716,$716,$1593,$1137,$3352,4328,$0.21,$0.17,$7155,$0,$1046,$9850,$1185,$128,$21091,$442,$22846,$32696,$3482,$35,$701,$4534,$8016,$0,$3822,$-82,$24680,$32696,$2191,$1326,$231,$1557,$-57,$0,$-62,$-1022,$-1950,$1798,$-143,$0,$0,$85,$48,$133,$0,$-10,$-19,$0,$-19,$-628,$-628,$-278,$-277,$-1202,$588,$95,$-278
34,2010-03-31,21.38,$7.15,2.99,$1.64,13.01,$0.27,77.79,$0.91,23.49,$9.12B,$3.54B,2.58,$0.04B,$23.99B,0.0,$7.44B,$7.44B,100.00%,$7.44B,$4.03B,54.14%,$7.44B,$4.03B,54.14%,$7.44B,$5.69B,76.41%,$7.44B,$4.48B,60.20%,$7.44B,$2.72B,36.53%,$2.72B,$23.99B,11.64%,$2.72B,$2.90B,119.75%,$2.72B,$32.07B,8.45%,$4.03B,$24.03B,17.22%,$1959,$0,$1959,$0,$675,$837,$1122,$-9,$1113,$401,$712,$712,$713,$1556,$1122,$3356,4436,$0.21,$0.16,$6010,$0,$1054,$9115,$1183,$154,$21091,$525,$22953,$32068,$3537,$38,$698,$4544,$8081,$0,$3199,$-99,$23987,$32068,$1475,$870,$200,$1070,$-58,$0,$-78,$-934,$-1954,$580,$-78,$0,$0,$85,$45,$130,$0,$52,$-15,$0,$-15,$-643,$-643,$-185,$148,$-695,$-57,$61,$-185
35,2009-12-31,20.51,$6.97,2.94,$1.56,13.16,$0.22,92.08,$0.85,24.2,$8.75B,$3.64B,2.41,$0.04B,$23.48B,0.0,$7.13B,$7.13B,100.00%,$7.13B,$3.79B,53.13%,$7.13B,$3.79B,53.13%,$7.13B,$5.36B,75.21%,$7.13B,$4.26B,59.66%,$7.13B,$2.54B,35.64%,$2.54B,$23.48B,11.10%,$2.54B,$2.39B,141.03%,$2.54B,$31.72B,7.91%,$3.79B,$23.52B,16.52%,$1960,$0,$1960,$0,$619,$743,$1217,$-9,$1208,$445,$763,$763,$763,$1653,$1217,$3368,4476,$0.23,$0.17,$5618,$0,$1056,$8753,$1203,$159,$21091,$509,$22962,$31715,$3637,$41,$754,$4601,$8238,$0,$2691,$-175,$23477,$31715,$763,$436,$96,$532,$-92,$0,$-69,$-386,$-1312,$-29,$-37,$0,$0,$19,$40,$59,$0,$22,$-10,$0,$-10,$-424,$-424,$-93,$75,$-452,$-457,$32,$-93
36,2009-09-30,16.18,$6.85,2.36,$1.49,10.84,$0.26,61.66,$0.78,20.81,$9.24B,$4.44B,2.08,$0.04B,$23.19B,0.0,$6.91B,$6.91B,100.00%,$6.91B,$3.54B,51.19%,$6.91B,$3.54B,51.19%,$6.91B,$5.00B,72.32%,$6.91B,$4.00B,57.88%,$6.91B,$2.35B,34.05%,$2.35B,$23.19B,10.49%,$2.35B,$2.10B,175.34%,$2.35B,$32.28B,7.31%,$3.54B,$23.24B,15.73%,$1879,$0,$1879,$0,$837,$1010,$869,$-6,$863,$349,$514,$514,$514,$1256,$869,$3376,4608,$0.16,$0.12,$6097,$0,$1026,$9241,$1204,$168,$21091,$577,$23040,$32281,$4442,$44,$795,$4646,$9088,$0,$2219,$-188,$23193,$32281,$2352,$1460,$8,$1468,$-102,$0,$-3,$-1146,$-3262,$558,$-306,$0,$0,$884,$1252,$2136,$0,$1830,$-54,$0,$-54,$-2614,$-2614,$-318,$235,$-2751,$-362,$115,$-318
37,2009-06-30,14.55,$6.74,2.16,$1.39,10.46,$0.23,63.5,$0.49,29.55,$9.56B,$4.44B,2.16,$0.05B,$22.79B,0.0,$6.74B,$6.74B,100.00%,$6.74B,$2.23B,33.02%,$6.74B,$2.23B,33.02%,$6.74B,$3.66B,54.25%,$6.74B,$2.71B,40.14%,$6.74B,$1.48B,22.00%,$1.48B,$22.79B,6.76%,$1.48B,$1.70B,179.16%,$1.48B,$32.62B,4.51%,$2.23B,$22.84B,10.13%,$1646,$0,$1646,$0,$669,$824,$822,$475,$1297,$568,$729,$729,$729,$1223,$822,$3384,4620,$0.22,$0.16,$5471,$0,$956,$9562,$1170,$181,$21096,$615,$23062,$32624,$4435,$46,$1691,$5395,$9830,$0,$1783,$-102,$22794,$32624,$1838,$1073,$-28,$1045,$-77,$0,$-53,$-674,$-2116,$767,$-205,$0,$0,$884,$276,$1160,$0,$955,$-12,$0,$-12,$-2626,$-2626,$-240,$387,$-2491,$-779,$84,$-240
38,2009-03-31,12.98,$6.54,1.99,$1.36,9.57,$0.10,136.29,$0.39,33.7,$8.23B,$4.24B,1.94,$0.05B,$22.12B,0.0,$6.71B,$6.71B,100.00%,$6.71B,$2.05B,30.59%,$6.71B,$2.05B,30.59%,$6.71B,$3.41B,50.88%,$6.71B,$2.12B,31.65%,$6.71B,$1.18B,17.53%,$1.18B,$22.12B,5.44%,$1.18B,$1.02B,219.81%,$1.18B,$31.96B,3.53%,$2.05B,$22.17B,9.47%,$1647,$0,$1647,$0,$618,$766,$881,$6,$887,$352,$535,$535,$536,$1232,$881,$3380,4616,$0.16,$0.12,$5100,$0,$885,$8225,$1155,$200,$21096,$1288,$23739,$31964,$4243,$50,$1688,$5601,$9844,$0,$1133,$-88,$22120,$31964,$1109,$672,$421,$1093,$-30,$0,$-87,$-539,$-1784,$418,$-136,$0,$0,$840,$252,$1092,$0,$956,$-8,$0,$-8,$-2644,$-2644,$-161,$-155,$-2968,$-1616,$64,$-161
39,2008-12-31,12.22,$6.40,1.91,$1.24,9.89,$-0.06,0.0,$0.31,40.05,$8.09B,$4.61B,1.75,$0.05B,$21.64B,0.0,$6.51B,$6.51B,100.00%,$6.51B,$1.52B,23.33%,$6.51B,$1.52B,23.33%,$6.51B,$2.93B,44.92%,$6.51B,$1.61B,24.65%,$6.51B,$0.95B,14.65%,$0.95B,$21.64B,4.46%,$0.95B,$0.54B,316.68%,$0.95B,$31.82B,2.82%,$1.52B,$21.69B,7.09%,$1739,$0,$1739,$0,$628,$773,$966,$-13,$953,$379,$574,$574,$574,$1287,$966,$3372,4680,$0.17,$0.12,$4880,$0,$894,$8089,$1117,$205,$21096,$1315,$23733,$31822,$4612,$53,$1669,$5570,$10182,$0,$677,$-94,$21640,$31822,$574,$321,$238,$559,$-36,$0,$-66,$-219,$-948,$185,$-68,$0,$0,$775,$194,$969,$0,$901,$-2,$0,$-2,$-2646,$-2646,$-81,$-703,$-3432,$-2366,$32,$-81
