,Date,Stock Price,Book Value per Share,Price to Book Ratio,TTM Sales per Share,Price to Sales Ratio,TTM FCF per Share,Price to FCF Ratio,TTM Net EPS,PE Ratio,Current Assets,Current Liabilities,Current Ratio,Long Term Debt,Shareholder's Equity_x,Debt to Equity Ratio,TTM Revenue_x,TTM Gross Profit,Gross Margin,TTM Revenue_y,TTM Operating Income,Operating Margin,TTM Revenue_x,TTM EBIT,EBIT Margin,TTM Revenue_y,TTM EBITDA,EBITDA Margin,TTM Revenue_x,TTM Pre-Tax Income,Pre-Tax Margin,TTM Revenue_y,TTM Net Income_x,Net Margin,TTM Net Income_y,Shareholder's Equity_y,Return on Equity,TTM Net Income_x,Tangible Equity,Return on Tangible Equity,TTM Net Income_y,Total Assets,Return on Assets,TTM Net Income,LT Investments & Debt,Return on Investment,revenue,cost-goods-sold,gross-profit,research-development-expenses,selling-general-administrative-expenses,operating-expenses,operating-income,total-non-operating-income-expense,pre-tax-income,total-provision-income-taxes,income-after-taxes,income-from-continuous-operations,net-income,ebitda,ebit,basic-shares-outstanding,shares-outstanding,eps-basic-net-earnings-per-share,eps-earnings-per-share-diluted,cash-on-hand,inventory,other-current-assets,total-current-assets,net-property-plant-equipment,long-term-investments,goodwill-intangible-assets-total,other-long-term-assets,total-long-term-assets,total-assets,total-current-liabilities,long-term-debt,other-non-current-liabilities,total-long-term-liabilities,total-liabilities,common-stock-net,retained-earnings-accumulated-deficit,comprehensive-income,total-share-holder-equity,total-liabilities-share-holders-equity,net-income-loss,total-depreciation-amortization-cash-flow,other-non-cash-items,total-non-cash-items,change-in-accounts-receivable,change-in-inventories,change-in-accounts-payable,change-in-assets-liabilities,total-change-in-assets-liabilities,cash-flow-from-operating-activities,net-change-in-property-plant-equipment,net-change-in-intangible-assets,net-acquisitions-divestitures,net-change-in-short-term-investments,net-change-in-long-term-investments,net-change-in-investments-total,investing-activities-other,cash-flow-from-investing-activities,net-long-term-debt,net-current-debt,debt-issuance-retirement-net-total,net-common-equity-issued-repurchased,net-total-equity-issued-repurchased,total-common-preferred-stock-dividends-paid,financial-activities-other,cash-flow-from-financial-activities,net-cash-flow,stock-based-compensation,common-stock-dividends-paid
0,2018-09-30,111.93,$17.42,6.43,$31.62,3.54,$12.12,9.24,$1.62,69.09,$2.19B,$1.34B,1.63,$0.00B,$1.59B,0.0,$2.92B,$1.28B,43.66%,$2.92B,$0.44B,15.07%,$2.92B,$0.44B,15.07%,$2.92B,$0.52B,17.64%,$2.92B,$0.45B,15.51%,$2.92B,$0.15B,5.14%,$0.15B,$1.59B,10.10%,$0.15B,$1.19B,13.00%,$0.15B,$3.25B,4.60%,$0.44B,$1.59B,29.63%,$802,$463,$339,$60,$142,$667,$134,$8,$142,$25,$117,$117,$116,$109,$134,$91,92,$1.27,$1.26,$536,$469,$0,$2193,$266,$0,$319,$287,$979,$3172,$1379,$0,$291,$291,$1670,$92,$705,$-71,$1502,$3172,$34,$54,$116,$169,$11,$-49,$28,$4,$144,$347,$-31,$0,$-64,$2,$-15,$-13,$-2,$-110,$0,$-332,$-332,$-75,$-75,$0,$-15,$-422,$-180,$34,$0
1,2018-06-30,113.72,$16.41,6.93,$30.70,3.7,$11.36,10.01,$1.25,90.98,$2.19B,$1.38B,1.59,$0.00B,$1.50B,0.0,$2.84B,$1.24B,43.73%,$2.84B,$0.41B,14.44%,$2.84B,$0.41B,14.44%,$2.84B,$0.48B,17.04%,$2.84B,$0.42B,14.65%,$2.84B,$0.11B,3.98%,$0.11B,$1.50B,7.70%,$0.11B,$1.18B,9.72%,$0.11B,$3.17B,3.46%,$0.41B,$1.50B,27.93%,$709,$396,$314,$60,$139,$618,$92,$1,$92,$20,$73,$73,$73,$111,$92,$92,93,$0.79,$0.79,$740,$434,$0,$2345,$247,$0,$318,$282,$962,$3308,$1530,$0,$321,$321,$1851,$92,$664,$-58,$1457,$3308,$-39,$36,$93,$128,$28,$-11,$1,$12,$155,$245,$-18,$0,$-35,$2,$-8,$-6,$4,$-55,$0,$-95,$-95,$-48,$-48,$0,$-11,$-154,$24,$21,$0
2,2018-03-31,122.65,$15.88,7.72,$29.88,4.1,$10.43,11.76,$1.44,85.17,$2.35B,$1.53B,1.53,$0.00B,$1.46B,0.0,$2.76B,$1.19B,43.20%,$2.76B,$0.41B,14.73%,$2.76B,$0.41B,14.73%,$2.76B,$0.48B,17.40%,$2.76B,$0.41B,14.94%,$2.76B,$0.11B,3.98%,$0.11B,$1.46B,7.63%,$0.11B,$1.14B,9.63%,$0.11B,$3.31B,3.39%,$0.41B,$1.46B,27.07%,$730,$411,$319,$59,$135,$636,$94,$1,$96,$22,$73,$73,$73,$141,$94,$92,93,$0.80,$0.79,$823,$431,$0,$2352,$250,$0,$289,$296,$948,$3300,$1616,$0,$292,$292,$1909,$92,$620,$-66,$1391,$3300,$-112,$19,$56,$75,$66,$-12,$-10,$47,$216,$179,$-9,$0,$0,$-6,$-7,$-13,$-3,$-26,$0,$-10,$-10,$-33,$-33,$0,$-0,$-43,$106,$11,$0
3,2017-12-31,111.15,$15.19,7.32,$29.08,3.82,$8.86,12.55,$1.25,88.92,$2.35B,$1.62B,1.46,$0.00B,$1.39B,0.0,$2.70B,$1.15B,42.68%,$2.70B,$0.40B,14.94%,$2.70B,$0.40B,14.94%,$2.70B,$0.48B,17.76%,$2.70B,$0.41B,15.09%,$2.70B,$0.09B,3.45%,$0.09B,$1.39B,6.64%,$0.09B,$1.10B,8.40%,$0.09B,$3.30B,2.91%,$0.40B,$1.39B,26.31%,$679,$376,$303,$56,$126,$557,$121,$1,$123,$235,$-112,$-112,$-112,$164,$121,$92,92,$-1.22,$-1.22,$716,$418,$0,$2297,$255,$0,$294,$301,$998,$3294,$1645,$0,$127,$127,$1773,$92,$779,$-69,$1522,$3294,$250,$77,$124,$201,$-53,$-0,$6,$-17,$-52,$399,$-59,$0,$-3,$-13,$0,$-13,$-55,$-130,$231,$-546,$-315,$-222,$-222,$0,$145,$-392,$-127,$41,$0
4,2017-09-30,100.06,$16.60,6.03,$28.06,3.57,$7.69,13.0,$2.69,37.2,$2.30B,$1.65B,1.4,$0.00B,$1.52B,0.0,$2.62B,$1.12B,42.56%,$2.62B,$0.30B,11.41%,$2.62B,$0.30B,11.41%,$2.62B,$0.38B,14.43%,$2.62B,$0.30B,11.56%,$2.62B,$0.22B,8.36%,$0.22B,$1.52B,14.75%,$0.22B,$1.23B,18.79%,$0.22B,$3.29B,6.66%,$0.30B,$1.52B,17.74%,$771,$423,$348,$52,$138,$625,$146,$1,$146,$37,$110,$110,$110,$106,$146,$93,93,$1.19,$1.18,$658,$460,$0,$2059,$249,$0,$295,$309,$1000,$3059,$1273,$250,$142,$392,$1665,$92,$694,$-94,$1394,$3059,$141,$59,$93,$151,$26,$-20,$-1,$1,$-23,$269,$-40,$0,$-0,$-9,$-7,$-16,$-22,$-79,$0,$-300,$-300,$-212,$-212,$0,$136,$-376,$-184,$33,$0
5,2017-06-30,103.19,$15.21,6.79,$26.34,3.92,$6.92,14.91,$3.04,33.94,$2.06B,$1.27B,1.62,$0.25B,$1.39B,0.18,$2.48B,$1.06B,42.89%,$2.48B,$0.30B,12.12%,$2.48B,$0.30B,12.12%,$2.48B,$0.38B,15.47%,$2.48B,$0.30B,12.28%,$2.48B,$0.26B,10.30%,$0.26B,$1.39B,16.56%,$0.26B,$1.10B,20.92%,$0.26B,$3.06B,7.46%,$0.30B,$1.64B,16.55%,$633,$367,$266,$55,$121,$544,$89,$0,$89,$19,$70,$70,$70,$109,$89,$92,92,$0.76,$0.75,$706,$454,$0,$2142,$253,$0,$294,$287,$977,$3119,$1405,$277,$144,$421,$1826,$92,$639,$-109,$1293,$3119,$71,$41,$93,$134,$-15,$-14,$-10,$-26,$-90,$114,$-32,$0,$0,$-1,$-5,$-6,$-15,$-53,$0,$-117,$-117,$-197,$-197,$0,$109,$-205,$-137,$24,$0
6,2017-03-31,91.13,$14.08,6.47,$26.23,3.47,$5.94,15.33,$3.10,29.4,$2.14B,$1.41B,1.52,$0.28B,$1.29B,0.21,$2.49B,$1.08B,43.44%,$2.49B,$0.31B,12.63%,$2.49B,$0.31B,12.63%,$2.49B,$0.40B,16.01%,$2.49B,$0.32B,12.83%,$2.49B,$0.28B,11.42%,$0.28B,$1.29B,17.59%,$0.28B,$1.00B,21.91%,$0.28B,$3.12B,7.90%,$0.31B,$1.57B,16.53%,$663,$388,$276,$53,$132,$573,$90,$0,$90,$21,$70,$70,$56,$40,$90,$93,94,$0.60,$0.60,$815,$662,$0,$2421,$375,$0,$391,$347,$1264,$3685,$1524,$275,$147,$432,$1956,$94,$1050,$-113,$1729,$3685,$15,$22,$66,$89,$32,$-30,$-21,$18,$-21,$82,$-17,$0,$0,$-1,$0,$-1,$-14,$-32,$0,$-55,$-55,$-33,$-33,$0,$-1,$-90,$-29,$12,$0
7,2016-12-31,89.78,$18.49,4.86,$25.55,3.51,$5.72,15.69,$3.51,25.58,$2.42B,$1.52B,1.59,$0.28B,$1.73B,0.16,$2.44B,$1.06B,43.56%,$2.44B,$0.33B,13.41%,$2.44B,$0.33B,13.41%,$2.44B,$0.41B,16.86%,$2.44B,$0.33B,13.66%,$2.44B,$0.33B,13.33%,$0.33B,$1.73B,18.95%,$0.33B,$1.34B,23.23%,$0.33B,$3.69B,8.60%,$0.33B,$2.00B,16.28%,$602,$335,$267,$50,$161,$584,$17,$2,$19,$11,$8,$8,$14,$137,$17,$94,94,$0.15,$0.15,$907,$442,$0,$2615,$259,$0,$304,$227,$1199,$3815,$1613,$287,$156,$457,$2071,$94,$1069,$-101,$1744,$3815,$403,$80,$31,$111,$-168,$-28,$10,$-32,$-158,$356,$-80,$0,$-21,$5,$0,$5,$-13,$-109,$83,$84,$167,$-401,$-401,$0,$-12,$-246,$-2,$48,$0
8,2016-09-30,99.53,$18.61,5.35,$26.90,3.7,$5.54,17.95,$4.20,23.7,$2.62B,$1.61B,1.62,$0.29B,$1.74B,0.16,$2.59B,$1.11B,42.61%,$2.59B,$0.43B,16.47%,$2.59B,$0.43B,16.47%,$2.59B,$0.51B,19.51%,$2.59B,$0.43B,16.66%,$2.59B,$0.40B,15.43%,$0.40B,$1.74B,23.66%,$0.40B,$1.44B,28.53%,$0.40B,$3.82B,10.55%,$0.43B,$2.03B,21.33%,$606,$344,$262,$40,$108,$493,$113,$1,$115,$37,$77,$77,$118,$121,$113,$95,96,$1.25,$1.23,$836,$682,$0,$2547,$372,$0,$283,$440,$1213,$3759,$1618,$300,$140,$450,$2068,$94,$1019,$-84,$1692,$3759,$285,$56,$45,$102,$-95,$-72,$-5,$-11,$-182,$204,$-61,$0,$0,$14,$0,$14,$-14,$-60,$0,$203,$203,$-338,$-338,$0,$-14,$-149,$-10,$36,$0
9,2016-06-30,82.23,$17.94,4.58,$22.96,3.58,$6.43,12.79,$3.95,20.82,$2.55B,$1.62B,1.57,$0.30B,$1.69B,0.18,$2.22B,$0.92B,41.37%,$2.22B,$0.30B,13.40%,$2.22B,$0.30B,13.40%,$2.22B,$0.37B,16.73%,$2.22B,$0.30B,13.67%,$2.22B,$0.38B,17.27%,$0.38B,$1.69B,22.78%,$0.38B,$1.41B,27.73%,$0.38B,$3.76B,10.29%,$0.30B,$1.99B,14.83%,$643,$359,$284,$51,$128,$541,$102,$2,$104,$22,$82,$82,$99,$122,$102,$95,95,$1.04,$1.04,$961,$653,$0,$2773,$374,$0,$284,$435,$1093,$3866,$1694,$313,$156,$479,$2173,$96,$1016,$-81,$1694,$3866,$186,$38,$27,$65,$-94,$-40,$-14,$4,$-142,$109,$-46,$0,$0,$8,$0,$8,$-8,$-47,$0,$297,$297,$-227,$-227,$0,$-13,$57,$116,$24,$0
10,2016-03-31,80.02,$17.72,4.51,$24.02,3.33,$7.51,10.66,$4.04,19.81,$2.77B,$1.69B,1.64,$0.31B,$1.69B,0.19,$2.37B,$0.95B,40.21%,$2.37B,$0.34B,14.38%,$2.37B,$0.34B,14.38%,$2.37B,$0.41B,17.42%,$2.37B,$0.35B,14.63%,$2.37B,$0.40B,16.87%,$0.40B,$1.69B,23.49%,$0.40B,$1.41B,28.34%,$0.40B,$3.87B,10.85%,$0.34B,$2.01B,16.71%,$615,$357,$258,$49,$106,$512,$103,$1,$104,$27,$77,$77,$97,$135,$103,$96,96,$1.01,$1.01,$953,$613,$0,$2640,$373,$0,$282,$432,$1086,$3727,$1589,$345,$151,$506,$2095,$96,$962,$-90,$1632,$3727,$89,$19,$13,$32,$-30,$-4,$-14,$-1,$-43,$77,$-27,$0,$0,$8,$0,$8,$-5,$-24,$0,$233,$233,$-177,$-177,$0,$-6,$50,$108,$11,$0
11,2015-12-31,80.8,$17.00,4.75,$25.14,3.21,$7.80,10.37,$4.08,19.8,$2.64B,$1.59B,1.66,$0.35B,$1.63B,0.21,$2.51B,$1.02B,40.49%,$2.51B,$0.38B,15.27%,$2.51B,$0.38B,15.27%,$2.51B,$0.45B,18.02%,$2.51B,$0.39B,15.50%,$2.51B,$0.41B,16.26%,$0.41B,$1.63B,24.07%,$0.41B,$1.35B,28.80%,$0.41B,$3.73B,11.41%,$0.38B,$1.98B,18.74%,$757,$447,$310,$60,$133,$640,$117,$2,$118,$29,$89,$89,$89,$-6,$117,$97,98,$0.92,$0.91,$846,$613,$0,$2393,$379,$0,$356,$331,$1186,$3579,$1377,$338,$138,$476,$1852,$98,$1018,$-87,$1726,$3579,$412,$69,$54,$123,$-79,$-42,$7,$63,$-65,$470,$-91,$0,$-95,$-1,$0,$-1,$-23,$-211,$145,$-86,$59,$-331,$-331,$0,$-4,$-277,$-4,$46,$0
12,2015-09-30,73.78,$17.60,4.19,$24.66,2.99,$7.85,9.4,$4.09,18.04,$2.39B,$1.38B,1.74,$0.34B,$1.73B,0.2,$2.49B,$1.03B,41.49%,$2.49B,$0.40B,15.86%,$2.49B,$0.40B,15.86%,$2.49B,$0.46B,18.63%,$2.49B,$0.40B,16.10%,$2.49B,$0.41B,16.55%,$0.41B,$1.73B,24.36%,$0.41B,$1.37B,28.93%,$0.41B,$3.58B,11.80%,$0.40B,$2.06B,19.29%,$209,$142,$68,$19,$73,$233,$-24,$2,$-22,$-21,$-2,$-2,$99,$161,$-24,$100,101,$1.00,$0.99,$1023,$640,$0,$2649,$343,$0,$242,$297,$883,$3532,$1289,$350,$150,$500,$1789,$100,$1017,$-86,$1743,$3532,$313,$50,$56,$106,$14,$-77,$0,$0,$-103,$316,$-57,$0,$-12,$-1,$0,$-1,$-4,$-73,$0,$58,$58,$-204,$-204,$0,$-7,$-153,$102,$37,$0
13,2015-06-30,84.33,$17.52,4.81,$30.29,2.78,$7.50,11.24,$4.12,20.47,$2.65B,$1.29B,2.06,$0.35B,$1.74B,0.2,$3.09B,$1.31B,42.19%,$3.09B,$0.58B,18.69%,$3.09B,$0.58B,18.69%,$3.09B,$0.65B,20.89%,$3.09B,$0.58B,18.85%,$3.09B,$0.42B,13.55%,$0.42B,$1.74B,25.18%,$0.42B,$1.50B,29.39%,$0.42B,$3.53B,12.19%,$0.58B,$2.09B,28.43%,$784,$469,$315,$60,$111,$640,$144,$2,$146,$32,$114,$114,$114,$162,$144,$100,100,$1.14,$1.13,$932,$652,$0,$2590,$335,$0,$233,$302,$869,$3460,$1271,$363,$148,$510,$1781,$100,$975,$-89,$1678,$3460,$199,$33,$50,$83,$-17,$-93,$-13,$16,$-150,$132,$-37,$0,$0,$0,$0,$0,$-38,$-75,$0,$75,$75,$-134,$-134,$0,$-4,$-63,$13,$25,$0
14,2015-03-31,94.09,$16.75,5.62,$29.62,3.18,$6.76,13.93,$4.01,23.46,$2.59B,$1.27B,2.04,$0.36B,$1.68B,0.22,$3.06B,$1.31B,42.98%,$3.06B,$0.58B,18.87%,$3.06B,$0.58B,18.87%,$3.06B,$0.64B,21.03%,$3.06B,$0.58B,19.01%,$3.06B,$0.41B,13.48%,$0.41B,$1.68B,24.87%,$0.41B,$1.45B,29.01%,$0.41B,$3.46B,12.04%,$0.58B,$2.04B,28.31%,$759,$437,$323,$59,$117,$613,$146,$1,$147,$41,$106,$106,$106,$147,$146,$100,101,$1.06,$1.05,$973,$631,$0,$2552,$335,$0,$238,$271,$844,$3396,$1257,$375,$146,$521,$1778,$100,$927,$-71,$1618,$3396,$93,$17,$35,$52,$44,$-62,$-37,$15,$-66,$79,$-22,$0,$0,$-1,$0,$-1,$-3,$-26,$0,$88,$88,$-91,$-91,$0,$-4,$-7,$55,$13,$0
15,2014-12-31,86.51,$16.13,5.36,$29.48,2.93,$7.00,12.36,$3.84,22.53,$2.55B,$1.26B,2.03,$0.38B,$1.62B,0.23,$3.08B,$1.32B,42.87%,$3.08B,$0.56B,18.17%,$3.08B,$0.56B,18.17%,$3.08B,$0.62B,20.25%,$3.08B,$0.56B,18.26%,$3.08B,$0.40B,12.97%,$0.40B,$1.62B,24.08%,$0.40B,$1.38B,28.06%,$0.40B,$3.40B,11.65%,$0.56B,$1.99B,27.25%,$738,$411,$327,$57,$140,$608,$129,$1,$130,$37,$93,$93,$93,$176,$129,$100,102,$0.93,$0.92,$915,$572,$0,$2494,$338,$0,$241,$285,$863,$3357,$1202,$388,$152,$539,$1741,$101,$931,$-59,$1616,$3357,$404,$63,$71,$133,$-75,$-43,$2,$29,$-88,$449,$-90,$0,$-32,$-7,$0,$-7,$-5,$-133,$0,$-69,$-69,$-528,$-528,$0,$1,$-596,$-269,$40,$0
16,2014-09-30,80.12,$16.01,5.0,$28.85,2.78,$6.61,12.12,$3.83,20.92,$2.49B,$1.20B,2.08,$0.39B,$1.62B,0.24,$3.05B,$1.30B,42.67%,$3.05B,$0.57B,18.75%,$3.05B,$0.57B,18.75%,$3.05B,$0.63B,20.78%,$3.05B,$0.57B,18.81%,$3.05B,$0.40B,13.24%,$0.40B,$1.62B,24.08%,$0.40B,$1.38B,27.96%,$0.40B,$3.36B,11.80%,$0.57B,$2.00B,27.45%,$812,$472,$340,$59,$122,$653,$159,$1,$160,$54,$106,$106,$106,$158,$159,$104,105,$1.04,$1.02,$987,$586,$0,$2625,$329,$0,$236,$285,$850,$3475,$1210,$400,$150,$550,$1760,$103,$989,$-39,$1715,$3475,$298,$46,$37,$83,$-68,$-49,$-14,$21,$-125,$256,$-63,$0,$-16,$-3,$0,$-3,$-5,$-86,$0,$-27,$-27,$-333,$-333,$0,$1,$-359,$-192,$30,$0
17,2014-06-30,83.14,$16.63,5.0,$28.13,2.96,$6.64,12.52,$3.89,21.37,$2.63B,$1.21B,2.17,$0.40B,$1.72B,0.23,$3.01B,$1.29B,42.87%,$3.01B,$0.57B,19.08%,$3.01B,$0.57B,19.08%,$3.01B,$0.63B,21.07%,$3.01B,$0.58B,19.14%,$3.01B,$0.42B,13.79%,$0.42B,$1.72B,24.38%,$0.42B,$1.48B,28.17%,$0.42B,$3.48B,12.02%,$0.57B,$2.12B,27.02%,$748,$424,$324,$57,$124,$605,$143,$1,$144,$37,$107,$107,$107,$142,$143,$104,105,$1.03,$1.02,$1018,$561,$0,$2678,$326,$0,$227,$245,$798,$3476,$1235,$413,$150,$562,$1797,$104,$962,$-38,$1679,$3476,$191,$31,$9,$39,$-99,$-23,$-16,$33,$-61,$169,$-44,$0,$0,$-14,$0,$-14,$-1,$-59,$-38,$0,$-38,$-250,$-250,$0,$-0,$-288,$-179,$19,$0
18,2014-03-31,83.99,$16.14,5.2,$27.62,3.04,$7.03,11.96,$3.90,21.54,$2.68B,$1.24B,2.17,$0.41B,$1.68B,0.25,$2.99B,$1.28B,42.72%,$2.99B,$0.59B,19.62%,$2.99B,$0.59B,19.62%,$2.99B,$0.65B,21.63%,$2.99B,$0.59B,19.69%,$2.99B,$0.42B,14.09%,$0.42B,$1.68B,24.85%,$0.42B,$1.45B,28.66%,$0.42B,$3.48B,12.57%,$0.59B,$2.09B,29.06%,$779,$450,$328,$61,$115,$651,$128,$1,$128,$35,$93,$93,$93,$158,$128,$104,105,$0.89,$0.88,$1045,$562,$0,$2606,$321,$0,$227,$237,$785,$3391,$1133,$425,$134,$559,$1692,$105,$992,$-36,$1700,$3391,$98,$16,$17,$33,$-19,$-24,$-11,$-8,$-87,$43,$-24,$0,$0,$-10,$0,$-10,$-1,$-36,$-25,$0,$-25,$-125,$-125,$0,$-5,$-155,$-147,$9,$0
19,2013-12-31,77.69,$16.14,4.81,$27.18,2.86,$6.41,12.12,$4.04,19.23,$2.61B,$1.13B,2.3,$0.43B,$1.70B,0.25,$2.98B,$1.27B,42.61%,$2.98B,$0.61B,20.63%,$2.98B,$0.61B,20.63%,$2.98B,$0.68B,22.68%,$2.98B,$0.62B,20.70%,$2.98B,$0.44B,14.82%,$0.44B,$1.70B,26.23%,$0.44B,$1.47B,30.26%,$0.44B,$3.39B,13.59%,$0.61B,$2.13B,32.29%,$712,$402,$310,$58,$110,$570,$142,$0,$142,$44,$98,$98,$98,$176,$142,$106,107,$0.92,$0.91,$1181,$535,$0,$2705,$315,$0,$225,$223,$764,$3468,$1161,$450,$144,$594,$1755,$106,$1010,$-40,$1714,$3468,$438,$63,$40,$103,$-43,$-76,$8,$59,$-86,$455,$-76,$0,$0,$-10,$0,$-10,$-10,$-96,$500,$-155,$345,$-290,$-290,$0,$-3,$52,$413,$43,$0
20,2013-09-30,74.73,$16.09,4.64,$26.66,2.8,$6.70,11.15,$3.99,18.73,$2.71B,$1.16B,2.33,$0.45B,$1.71B,0.26,$2.94B,$1.25B,42.45%,$2.94B,$0.61B,20.70%,$2.94B,$0.61B,20.70%,$2.94B,$0.67B,22.81%,$2.94B,$0.61B,20.80%,$2.94B,$0.44B,14.89%,$0.44B,$1.71B,26.53%,$0.44B,$1.49B,30.69%,$0.44B,$3.47B,13.98%,$0.61B,$2.16B,34.48%,$770,$441,$328,$57,$111,$609,$161,$1,$162,$44,$117,$117,$117,$170,$161,$108,110,$1.09,$1.07,$825,$537,$0,$2317,$306,$0,$223,$213,$742,$3059,$1232,$0,$144,$144,$1376,$108,$995,$-53,$1684,$3059,$321,$48,$41,$89,$19,$-80,$-0,$30,$-110,$300,$-57,$0,$0,$-8,$0,$-8,$-10,$-74,$0,$15,$15,$-185,$-185,$0,$-1,$-171,$61,$34,$0
21,2013-06-30,67.45,$15.62,4.32,$26.33,2.56,$7.07,9.55,$3.99,16.9,$2.32B,$1.23B,1.88,$0.00B,$1.68B,0.0,$2.93B,$1.24B,42.49%,$2.93B,$0.62B,21.04%,$2.93B,$0.62B,21.04%,$2.93B,$0.68B,23.26%,$2.93B,$0.62B,21.14%,$2.93B,$0.44B,15.06%,$0.44B,$1.68B,27.57%,$0.44B,$1.46B,32.03%,$0.44B,$3.06B,14.78%,$0.62B,$1.68B,38.40%,$726,$416,$310,$53,$102,$571,$155,$1,$156,$43,$113,$113,$113,$171,$155,$108,110,$1.04,$1.03,$796,$503,$0,$2326,$303,$0,$222,$211,$736,$3062,$1289,$6,$139,$145,$1434,$109,$945,$-54,$1628,$3062,$208,$33,$32,$65,$-50,$-47,$-8,$-1,$-170,$103,$-39,$0,$0,$-5,$0,$-5,$0,$-43,$0,$80,$80,$-113,$-113,$0,$3,$-31,$35,$23,$0
22,2013-03-31,72.0,$15.00,4.8,$25.96,2.77,$7.16,10.05,$3.92,18.37,$2.33B,$1.29B,1.81,$0.01B,$1.63B,0.0,$2.91B,$1.24B,42.72%,$2.91B,$0.62B,21.16%,$2.91B,$0.62B,21.16%,$2.91B,$0.68B,23.36%,$2.91B,$0.62B,21.22%,$2.91B,$0.44B,15.03%,$0.44B,$1.63B,28.29%,$0.44B,$1.41B,33.07%,$0.44B,$3.06B,15.07%,$0.62B,$1.63B,39.66%,$768,$449,$320,$51,$113,$613,$156,$1,$156,$44,$113,$113,$113,$154,$156,$109,111,$1.04,$1.02,$807,$500,$0,$2228,$299,$0,$224,$188,$710,$2939,$1232,$6,$124,$130,$1362,$109,$910,$-51,$1577,$2939,$95,$17,$17,$34,$53,$-41,$-33,$3,$-58,$72,$-20,$0,$0,$-1,$0,$-1,$-3,$-24,$0,$45,$45,$-45,$-45,$0,$1,$1,$51,$10,$0
23,2012-12-31,70.24,$14.42,4.87,$25.31,2.78,$7.78,9.03,$3.84,18.29,$2.23B,$1.23B,1.81,$0.01B,$1.58B,0.0,$2.86B,$1.22B,42.64%,$2.86B,$0.60B,21.09%,$2.86B,$0.60B,21.09%,$2.86B,$0.67B,23.29%,$2.86B,$0.61B,21.16%,$2.86B,$0.43B,15.11%,$0.43B,$1.58B,28.87%,$0.43B,$1.35B,33.88%,$0.43B,$2.94B,15.43%,$0.60B,$1.58B,40.13%,$678,$387,$291,$47,$106,$541,$137,$1,$138,$43,$95,$95,$95,$186,$137,$109,111,$0.87,$0.86,$754,$458,$0,$2171,$297,$0,$222,$189,$708,$2879,$1237,$6,$126,$132,$1369,$109,$893,$-57,$1510,$2879,$427,$61,$56,$117,$-87,$-42,$19,$22,$-51,$493,$-61,$0,$-28,$-31,$0,$-31,$-2,$-122,$-10,$-26,$-36,$-197,$-197,$0,$-1,$-235,$140,$48,$0
24,2012-09-30,60.32,$13.80,4.37,$24.67,2.44,$7.71,7.82,$3.77,16.0,$2.17B,$1.24B,1.76,$0.01B,$1.51B,0.0,$2.81B,$1.20B,42.66%,$2.81B,$0.60B,21.20%,$2.81B,$0.60B,21.20%,$2.81B,$0.66B,23.34%,$2.81B,$0.60B,21.24%,$2.81B,$0.43B,15.22%,$0.43B,$1.51B,29.61%,$0.43B,$1.29B,34.90%,$0.43B,$2.88B,15.76%,$0.60B,$1.52B,41.08%,$756,$433,$323,$46,$110,$588,$168,$1,$169,$48,$120,$120,$120,$168,$168,$111,113,$1.09,$1.07,$681,$464,$0,$2017,$287,$0,$224,$189,$700,$2718,$1130,$6,$118,$124,$1255,$111,$835,$-51,$1463,$2718,$307,$43,$39,$82,$-4,$-49,$-8,$-16,$-87,$301,$-40,$0,$-28,$-28,$0,$-28,$-2,$-98,$0,$-22,$-22,$-118,$-118,$0,$-1,$-141,$69,$37,$0
25,2012-06-30,60.77,$13.22,4.6,$24.06,2.53,$7.29,8.34,$3.56,17.07,$2.02B,$1.13B,1.79,$0.01B,$1.46B,0.0,$2.77B,$1.17B,42.40%,$2.77B,$0.59B,21.20%,$2.77B,$0.59B,21.20%,$2.77B,$0.64B,23.19%,$2.77B,$0.59B,21.20%,$2.77B,$0.41B,14.73%,$0.41B,$1.46B,29.66%,$0.41B,$1.24B,35.20%,$0.41B,$2.72B,15.60%,$0.59B,$1.47B,42.47%,$705,$398,$308,$49,$105,$552,$154,$0,$154,$45,$109,$109,$109,$158,$154,$111,113,$0.98,$0.96,$648,$445,$0,$1980,$282,$0,$215,$186,$683,$2663,$1102,$6,$119,$125,$1227,$112,$799,$-45,$1436,$2663,$198,$28,$25,$53,$-26,$-29,$-13,$0,$-92,$159,$-22,$0,$-10,$-12,$0,$-12,$2,$-43,$0,$-34,$-34,$-34,$-34,$0,$2,$-66,$52,$25,$0
26,2012-03-31,68.96,$12.84,5.37,$23.27,2.96,$7.28,9.47,$3.43,20.1,$1.98B,$1.10B,1.8,$0.01B,$1.44B,0.0,$2.71B,$1.15B,42.24%,$2.71B,$0.57B,21.12%,$2.71B,$0.57B,21.12%,$2.71B,$0.63B,23.15%,$2.71B,$0.57B,21.16%,$2.71B,$0.40B,14.67%,$0.40B,$1.44B,28.98%,$0.40B,$1.22B,34.34%,$0.40B,$2.66B,15.52%,$0.57B,$1.44B,41.54%,$720,$424,$297,$47,$106,$576,$144,$0,$144,$36,$108,$108,$108,$143,$144,$112,115,$0.96,$0.94,$632,$445,$0,$1908,$281,$0,$213,$180,$674,$2581,$1092,$6,$123,$130,$1222,$113,$768,$-51,$1359,$2581,$90,$14,$10,$24,$38,$-31,$-25,$-24,$-61,$53,$-8,$0,$-10,$-6,$0,$-6,$1,$-23,$0,$-10,$-10,$19,$19,$0,$1,$11,$42,$11,$0
27,2011-12-31,67.13,$12.05,5.57,$22.36,3.0,$7.48,8.97,$3.35,20.04,$1.91B,$1.09B,1.75,$0.01B,$1.36B,0.01,$2.64B,$1.14B,43.09%,$2.64B,$0.58B,21.96%,$2.64B,$0.58B,21.96%,$2.64B,$0.63B,24.01%,$2.64B,$0.58B,22.00%,$2.64B,$0.39B,14.88%,$0.39B,$1.36B,29.26%,$0.39B,$1.15B,34.81%,$0.39B,$2.58B,15.62%,$0.58B,$1.37B,42.93%,$625,$357,$269,$44,$96,$496,$129,$0,$129,$39,$90,$90,$90,$173,$129,$112,114,$0.80,$0.79,$584,$410,$0,$1855,$286,$0,$212,$146,$644,$2499,$1126,$6,$123,$129,$1255,$112,$677,$-47,$1244,$2499,$399,$53,$77,$130,$-42,$-42,$36,$8,$-56,$473,$-71,$0,$-9,$-19,$-14,$-33,$-5,$-118,$0,$154,$154,$-368,$-368,$0,$-98,$-311,$44,$42,$0
28,2011-09-30,52.16,$11.07,4.71,$21.68,2.41,$8.03,6.49,$3.36,15.52,$1.86B,$1.13B,1.65,$0.01B,$1.24B,0.01,$2.60B,$1.14B,43.76%,$2.60B,$0.59B,22.65%,$2.60B,$0.59B,22.65%,$2.60B,$0.64B,24.65%,$2.60B,$0.59B,22.69%,$2.60B,$0.40B,15.37%,$0.40B,$1.24B,29.11%,$0.40B,$1.03B,34.46%,$0.40B,$2.50B,16.04%,$0.59B,$1.25B,42.59%,$719,$419,$300,$44,$97,$559,$160,$0,$160,$49,$110,$110,$101,$154,$160,$117,119,$0.89,$0.87,$568,$438,$0,$1837,$283,$0,$216,$177,$676,$2513,$932,$6,$121,$127,$1059,$117,$769,$-28,$1454,$2513,$298,$39,$44,$83,$25,$-68,$-2,$-8,$-54,$327,$-52,$0,$-8,$0,$-14,$-14,$-11,$-85,$0,$-25,$-25,$-105,$-105,$0,$-61,$-191,$48,$35,$0
29,2011-06-30,70.02,$12.42,5.64,$20.88,3.35,$7.82,8.95,$3.36,20.84,$1.84B,$0.93B,1.97,$0.01B,$1.45B,0.0,$2.53B,$1.11B,43.97%,$2.53B,$0.58B,22.82%,$2.53B,$0.58B,22.82%,$2.53B,$0.63B,24.83%,$2.53B,$0.58B,22.85%,$2.53B,$0.40B,15.94%,$0.40B,$1.45B,29.24%,$0.40B,$1.24B,34.54%,$0.40B,$2.51B,16.49%,$0.58B,$1.46B,41.47%,$649,$370,$280,$44,$95,$509,$140,$0,$141,$42,$99,$99,$99,$164,$140,$117,119,$0.84,$0.83,$584,$422,$0,$1806,$282,$0,$215,$167,$663,$2470,$1019,$13,$123,$135,$1154,$117,$702,$-32,$1316,$2470,$200,$26,$30,$56,$30,$-53,$3,$0,$-49,$206,$-39,$0,$-8,$0,$0,$0,$-1,$-48,$0,$100,$100,$-133,$-133,$0,$-60,$-93,$64,$26,$0
30,2011-03-31,67.64,$11.25,6.01,$20.07,3.37,$7.46,9.06,$3.22,21.01,$1.81B,$1.02B,1.77,$0.01B,$1.32B,0.01,$2.46B,$1.09B,44.18%,$2.46B,$0.57B,23.11%,$2.46B,$0.57B,23.11%,$2.46B,$0.62B,25.10%,$2.46B,$0.57B,23.07%,$2.46B,$0.39B,15.83%,$0.39B,$1.32B,28.57%,$0.39B,$1.10B,33.73%,$0.39B,$2.47B,16.24%,$0.57B,$1.33B,41.23%,$648,$359,$289,$44,$94,$497,$151,$0,$151,$48,$103,$103,$103,$149,$151,$118,120,$0.87,$0.86,$704,$403,$0,$1827,$278,$0,$207,$159,$644,$2471,$863,$16,$123,$139,$1003,$120,$783,$-42,$1468,$2471,$96,$12,$15,$27,$92,$-36,$2,$-18,$15,$138,$-23,$0,$-0,$0,$0,$0,$0,$-23,$0,$-20,$-20,$77,$77,$0,$9,$66,$183,$13,$0
31,2010-12-31,69.28,$12.25,5.66,$19.39,3.57,$7.73,8.97,$3.09,22.42,$1.83B,$0.86B,2.12,$0.02B,$1.47B,0.01,$2.40B,$1.05B,43.86%,$2.40B,$0.55B,23.08%,$2.40B,$0.55B,23.08%,$2.40B,$0.60B,25.04%,$2.40B,$0.55B,23.00%,$2.40B,$0.38B,15.73%,$0.38B,$1.47B,27.30%,$0.38B,$1.26B,32.10%,$0.38B,$2.47B,15.93%,$0.55B,$1.48B,39.51%,$580,$313,$267,$39,$91,$443,$137,$0,$137,$41,$96,$96,$96,$161,$137,$118,121,$0.82,$0.80,$520,$364,$0,$1681,$268,$0,$208,$166,$643,$2324,$904,$18,$127,$145,$1049,$118,$687,$-38,$1275,$2324,$360,$48,$76,$125,$-13,$-53,$3,$38,$-24,$461,$-68,$0,$-2,$0,$0,$0,$-5,$-75,$0,$7,$7,$-413,$-413,$0,$-16,$-422,$-33,$40,$0
32,2010-09-30,60.5,$10.81,5.6,$18.93,3.2,$7.76,7.8,$2.92,20.72,$1.68B,$0.90B,1.86,$0.02B,$1.28B,0.01,$2.36B,$1.03B,43.49%,$2.36B,$0.54B,22.70%,$2.36B,$0.54B,22.70%,$2.36B,$0.58B,24.69%,$2.36B,$0.53B,22.61%,$2.36B,$0.36B,15.27%,$0.36B,$1.28B,26.62%,$0.36B,$1.07B,31.43%,$0.36B,$2.32B,15.40%,$0.54B,$1.29B,38.96%,$652,$376,$276,$41,$87,$503,$149,$0,$149,$43,$106,$106,$105,$143,$149,$122,124,$0.88,$0.86,$588,$390,$0,$1698,$261,$0,$203,$156,$621,$2319,$795,$18,$118,$136,$932,$122,$772,$-40,$1387,$2319,$255,$36,$31,$66,$45,$-81,$-8,$38,$-29,$292,$-50,$0,$-2,$0,$0,$0,$-5,$-56,$0,$-13,$-13,$-197,$-197,$0,$2,$-209,$34,$27,$0
33,2010-06-30,52.28,$11.39,4.59,$18.81,2.78,$6.52,8.01,$2.82,18.54,$1.70B,$0.80B,2.14,$0.02B,$1.39B,0.01,$2.35B,$1.03B,44.06%,$2.35B,$0.54B,22.88%,$2.35B,$0.54B,22.88%,$2.35B,$0.58B,24.88%,$2.35B,$0.53B,22.75%,$2.35B,$0.35B,15.00%,$0.35B,$1.39B,25.85%,$0.35B,$1.18B,30.51%,$0.35B,$2.32B,15.08%,$0.54B,$1.41B,38.81%,$578,$324,$254,$39,$85,$447,$131,$-1,$130,$38,$92,$92,$85,$147,$131,$122,125,$0.70,$0.69,$655,$371,$0,$1730,$258,$0,$207,$155,$620,$2350,$818,$23,$115,$138,$956,$123,$774,$-32,$1394,$2350,$170,$24,$21,$45,$69,$-58,$-3,$24,$10,$225,$-19,$0,$0,$0,$0,$0,$-4,$-23,$0,$-7,$-7,$-98,$-98,$0,$-2,$-107,$101,$16,$0
34,2010-03-31,55.33,$11.29,4.9,$18.25,3.03,$5.70,9.71,$2.81,19.69,$1.73B,$0.82B,2.11,$0.02B,$1.39B,0.02,$2.28B,$1.00B,43.70%,$2.28B,$0.51B,22.29%,$2.28B,$0.51B,22.29%,$2.28B,$0.56B,24.35%,$2.28B,$0.51B,22.20%,$2.28B,$0.35B,15.45%,$0.35B,$1.39B,26.62%,$0.35B,$1.19B,31.63%,$0.35B,$2.35B,15.40%,$0.51B,$1.42B,37.75%,$586,$332,$254,$39,$80,$450,$136,$-0,$135,$44,$91,$91,$91,$131,$136,$123,124,$0.74,$0.73,$625,$351,$0,$1723,$258,$0,$211,$166,$635,$2358,$852,$23,$129,$152,$1004,$124,$736,$-27,$1354,$2358,$79,$12,$9,$21,$69,$-40,$-12,$36,$31,$131,$-8,$0,$0,$0,$0,$0,$-8,$-16,$0,$-0,$-0,$-46,$-46,$0,$1,$-45,$72,$9,$0
35,2009-12-31,46.85,$10.89,4.3,$17.99,2.6,$4.29,10.93,$2.62,17.88,$1.72B,$0.85B,2.02,$0.02B,$1.35B,0.02,$2.25B,$0.98B,43.70%,$2.25B,$0.49B,21.98%,$2.25B,$0.49B,21.98%,$2.25B,$0.54B,24.12%,$2.25B,$0.49B,21.94%,$2.25B,$0.33B,14.64%,$0.33B,$1.35B,26.20%,$0.33B,$1.14B,31.42%,$0.33B,$2.36B,14.86%,$0.49B,$1.38B,38.57%,$541,$300,$241,$38,$84,$422,$119,$-0,$119,$40,$79,$79,$79,$163,$119,$124,125,$0.64,$0.63,$554,$322,$0,$1672,$264,$0,$210,$161,$636,$2308,$842,$23,$131,$154,$996,$125,$696,$-26,$1312,$2308,$319,$45,$29,$73,$-86,$-40,$6,$-16,$-88,$304,$-63,$0,$-3,$0,$0,$0,$-13,$-78,$0,$-4,$-4,$-74,$-74,$0,$6,$-71,$156,$43,$0
36,2009-09-30,42.13,$10.47,4.02,$17.73,2.38,$3.83,11.0,$2.54,16.59,$1.67B,$0.84B,1.99,$0.02B,$1.31B,0.02,$2.22B,$0.96B,43.34%,$2.22B,$0.47B,21.40%,$2.22B,$0.47B,21.40%,$2.22B,$0.52B,23.43%,$2.22B,$0.47B,21.40%,$2.22B,$0.32B,14.40%,$0.32B,$1.31B,27.09%,$0.32B,$1.10B,32.88%,$0.32B,$2.31B,14.94%,$0.47B,$1.34B,39.34%,$642,$357,$285,$38,$96,$491,$151,$-0,$150,$53,$97,$97,$97,$114,$151,$124,125,$0.77,$0.78,$474,$358,$0,$1494,$260,$0,$208,$166,$634,$2128,$757,$23,$118,$141,$899,$126,$621,$-19,$1229,$2128,$222,$33,$36,$68,$9,$-76,$-20,$-12,$-102,$189,$-48,$0,$-3,$0,$0,$0,$-13,$-63,$0,$-8,$-8,$-55,$-55,$0,$4,$-58,$74,$32,$0
37,2009-06-30,35.14,$9.79,3.59,$17.23,2.04,$4.18,8.42,$2.39,14.7,$1.49B,$0.76B,1.97,$0.02B,$1.23B,0.02,$2.17B,$0.94B,43.31%,$2.17B,$0.46B,21.19%,$2.17B,$0.46B,21.19%,$2.17B,$0.50B,23.13%,$2.17B,$0.46B,21.33%,$2.17B,$0.30B,13.85%,$0.30B,$1.23B,27.12%,$0.30B,$1.02B,33.35%,$0.30B,$2.13B,14.62%,$0.46B,$1.25B,40.40%,$510,$294,$216,$35,$78,$407,$102,$-0,$102,$17,$85,$85,$85,$134,$102,$124,125,$0.69,$0.68,$377,$340,$0,$1450,$252,$0,$204,$158,$614,$2064,$755,$30,$152,$182,$937,$125,$535,$-20,$1127,$2064,$137,$21,$26,$47,$-67,$-55,$5,$-10,$-124,$60,$-29,$0,$0,$0,$0,$0,$-13,$-42,$0,$2,$2,$-58,$-58,$0,$3,$-52,$-23,$21,$0
38,2009-03-31,30.44,$8.99,3.39,$17.15,1.78,$4.87,6.25,$2.29,13.29,$1.45B,$0.76B,1.92,$0.03B,$1.13B,0.03,$2.16B,$0.93B,43.18%,$2.16B,$0.45B,20.76%,$2.16B,$0.45B,20.76%,$2.16B,$0.49B,22.56%,$2.16B,$0.45B,20.94%,$2.16B,$0.29B,13.36%,$0.29B,$1.13B,27.87%,$0.29B,$0.92B,34.88%,$0.29B,$2.06B,14.42%,$0.45B,$1.16B,41.99%,$554,$313,$240,$37,$81,$431,$122,$-0,$122,$43,$79,$79,$68,$108,$122,$124,124,$0.55,$0.54,$423,$327,$19,$1423,$253,$4,$206,$153,$615,$2038,$810,$32,$153,$185,$996,$124,$468,$-18,$1042,$2038,$69,$10,$8,$18,$11,$-45,$-13,$31,$-2,$85,$-18,$0,$0,$0,$0,$0,$-4,$-22,$0,$25,$25,$-67,$-67,$0,$3,$-39,$26,$11,$0
39,2008-12-31,35.04,$8.38,4.18,$16.75,2.09,$5.70,6.15,$2.31,15.17,$1.42B,$0.81B,1.76,$0.03B,$1.04B,0.03,$2.13B,$0.91B,42.60%,$2.13B,$0.43B,20.31%,$2.13B,$0.43B,20.31%,$2.13B,$0.47B,22.00%,$2.13B,$0.44B,20.55%,$2.13B,$0.29B,13.73%,$0.29B,$1.04B,29.73%,$0.29B,$0.84B,37.89%,$0.29B,$2.04B,14.84%,$0.43B,$1.08B,42.48%,$509,$290,$219,$37,$83,$410,$99,$1,$100,$30,$70,$70,$69,$145,$99,$124,125,$0.56,$0.55,$397,$283,$19,$1394,$218,$0,$209,$154,$581,$1976,$782,$32,$134,$167,$948,$126,$451,$-18,$1027,$1976,$279,$37,$49,$85,$22,$-56,$10,$28,$7,$372,$-81,$0,$-2,$0,$0,$0,$-4,$-88,$0,$-50,$-50,$-133,$-133,$0,$41,$-142,$134,$41,$0
40,2008-09-30,57.13,$8.18,6.99,$16.22,3.52,$5.98,9.55,$2.19,26.09,$1.39B,$0.78B,1.78,$0.03B,$1.03B,0.03,$2.07B,$0.88B,42.44%,$2.07B,$0.42B,20.30%,$2.07B,$0.42B,20.30%,$2.07B,$0.46B,22.04%,$2.07B,$0.43B,20.59%,$2.07B,$0.28B,13.44%,$0.28B,$1.03B,29.65%,$0.28B,$0.82B,38.33%,$0.28B,$1.98B,14.64%,$0.42B,$1.06B,43.12%,$593,$330,$263,$39,$88,$457,$136,$2,$138,$51,$87,$87,$78,$101,$136,$125,128,$0.63,$0.62,$406,$304,$0,$1355,$209,$0,$215,$162,$586,$1941,$829,$32,$127,$159,$989,$125,$441,$-5,$952,$1941,$201,$27,$28,$55,$91,$-66,$4,$30,$34,$290,$-59,$0,$-1,$0,$0,$0,$1,$-59,$0,$17,$17,$-113,$-113,$0,$24,$-73,$142,$30,$0
41,2008-06-30,51.85,$7.63,6.8,$15.41,3.37,$5.51,9.41,$2.18,23.78,$1.36B,$0.83B,1.63,$0.03B,$0.95B,0.03,$1.98B,$0.83B,42.08%,$1.98B,$0.40B,20.23%,$1.98B,$0.40B,20.23%,$1.98B,$0.44B,22.05%,$1.98B,$0.41B,20.49%,$1.98B,$0.28B,14.11%,$0.28B,$0.95B,31.49%,$0.28B,$0.74B,41.35%,$0.28B,$1.94B,15.28%,$0.40B,$0.99B,43.27%,$507,$295,$212,$36,$85,$415,$92,$1,$93,$16,$77,$77,$74,$114,$92,$125,127,$0.60,$0.58,$360,$269,$0,$1347,$195,$0,$216,$158,$570,$1917,$831,$40,$138,$178,$1009,$126,$415,$-5,$908,$1917,$127,$18,$18,$35,$24,$-31,$8,$39,$14,$176,$-39,$0,$0,$0,$0,$0,$-0,$-39,$0,$32,$32,$-64,$-64,$0,$16,$-16,$97,$19,$0
42,2008-03-31,46.84,$7.23,6.48,$14.68,3.19,$4.64,10.09,$1.99,23.54,$1.35B,$0.83B,1.62,$0.04B,$0.91B,0.04,$1.89B,$0.79B,41.71%,$1.89B,$0.37B,19.75%,$1.89B,$0.37B,19.75%,$1.89B,$0.41B,21.59%,$1.89B,$0.38B,20.06%,$1.89B,$0.26B,13.46%,$0.26B,$0.91B,30.02%,$0.26B,$0.69B,39.26%,$0.26B,$1.92B,14.79%,$0.37B,$0.95B,42.03%,$518,$307,$212,$32,$75,$414,$105,$2,$106,$33,$73,$73,$71,$96,$105,$125,128,$0.57,$0.56,$334,$260,$0,$1218,$181,$0,$209,$157,$546,$1764,$727,$40,$134,$174,$901,$125,$400,$-10,$863,$1764,$55,$9,$10,$18,$74,$-25,$-0,$10,$47,$121,$-17,$0,$0,$0,$0,$0,$-1,$-18,$0,$-23,$-23,$-17,$-17,$0,$10,$-29,$71,$9,$0
43,2007-12-31,52.16,$6.88,7.59,$13.98,3.73,$4.33,12.05,$1.89,27.6,$1.22B,$0.73B,1.67,$0.04B,$0.86B,0.05,$1.82B,$0.76B,41.95%,$1.82B,$0.36B,19.52%,$1.82B,$0.36B,19.52%,$1.82B,$0.39B,21.39%,$1.82B,$0.36B,19.90%,$1.82B,$0.25B,13.47%,$0.25B,$0.86B,29.65%,$0.25B,$0.65B,38.18%,$0.25B,$1.76B,15.03%,$0.36B,$0.90B,40.78%,$451,$260,$191,$29,$75,$364,$87,$2,$89,$30,$58,$58,$55,$125,$87,$125,128,$0.44,$0.43,$263,$213,$30,$1160,$168,$0,$206,$151,$524,$1684,$782,$40,$41,$81,$863,$125,$396,$-11,$821,$1684,$239,$32,$49,$81,$-5,$-30,$5,$11,$-21,$300,$-64,$0,$-52,$94,$0,$94,$-33,$-56,$0,$26,$26,$-275,$-275,$0,$8,$-241,$-9,$45,$0
44,2007-09-30,41.89,$6.56,6.39,$13.37,3.13,$4.05,10.35,$1.83,22.89,$1.16B,$0.78B,1.48,$0.04B,$0.82B,0.05,$1.76B,$0.73B,41.69%,$1.76B,$0.34B,19.25%,$1.76B,$0.34B,19.25%,$1.76B,$0.37B,21.07%,$1.76B,$0.35B,19.65%,$1.76B,$0.24B,13.67%,$0.24B,$0.82B,29.62%,$0.24B,$0.62B,37.05%,$0.24B,$1.68B,15.36%,$0.34B,$0.86B,39.45%,$501,$284,$217,$33,$68,$385,$116,$1,$117,$35,$82,$82,$79,$74,$116,$127,131,$0.62,$0.61,$193,$276,$0,$1060,$157,$0,$170,$142,$469,$1530,$656,$40,$27,$68,$724,$126,$382,$-5,$806,$1530,$161,$23,$25,$49,$65,$-68,$-5,$-20,$-46,$164,$-40,$0,$-52,$94,$0,$94,$-25,$-25,$0,$-14,$-14,$-204,$-204,$0,$5,$-214,$-80,$34,$0
45,2007-06-30,42.51,$6.37,6.67,$12.89,3.3,$3.43,12.38,$1.84,23.1,$1.06B,$0.66B,1.62,$0.04B,$0.81B,0.05,$1.71B,$0.71B,41.31%,$1.71B,$0.32B,18.67%,$1.71B,$0.32B,18.67%,$1.71B,$0.35B,20.48%,$1.71B,$0.33B,19.19%,$1.71B,$0.24B,14.22%,$0.24B,$0.81B,30.21%,$0.24B,$0.64B,36.67%,$0.24B,$1.53B,16.00%,$0.32B,$0.85B,37.40%,$424,$253,$170,$29,$75,$358,$66,$2,$68,$17,$50,$50,$50,$94,$66,$127,130,$0.40,$0.39,$289,$268,$0,$1114,$147,$0,$154,$126,$427,$1541,$645,$56,$26,$82,$727,$128,$394,$-5,$815,$1541,$110,$15,$18,$33,$76,$-60,$-7,$-13,$-19,$124,$-25,$0,$-27,$94,$0,$94,$-16,$26,$0,$-0,$-0,$-129,$-129,$0,$1,$-129,$16,$23,$0
46,2007-03-31,47.69,$6.37,7.49,$12.55,3.8,$3.32,14.35,$1.94,24.58,$1.11B,$0.65B,1.73,$0.06B,$0.82B,0.07,$1.68B,$0.70B,41.58%,$1.68B,$0.33B,19.39%,$1.68B,$0.33B,19.39%,$1.68B,$0.36B,21.18%,$1.68B,$0.34B,19.93%,$1.68B,$0.26B,15.41%,$0.26B,$0.82B,32.75%,$0.26B,$0.66B,39.15%,$0.26B,$1.54B,17.37%,$0.33B,$0.87B,38.72%,$443,$258,$185,$28,$70,$356,$86,$2,$88,$28,$61,$61,$61,$77,$86,$128,132,$0.48,$0.46,$363,$224,$0,$1115,$136,$0,$121,$120,$377,$1493,$621,$49,$23,$72,$693,$129,$394,$-5,$799,$1493,$50,$7,$11,$18,$81,$-34,$-5,$-5,$15,$83,$-12,$0,$0,$-5,$0,$-5,$-11,$-28,$0,$-0,$-0,$-67,$-67,$0,$8,$-59,$-8,$11,$0
47,2006-12-31,47.57,$6.20,7.67,$12.22,3.89,$2.96,16.08,$1.89,25.17,$1.12B,$0.62B,1.8,$0.05B,$0.80B,0.06,$1.65B,$0.69B,41.46%,$1.65B,$0.32B,19.37%,$1.65B,$0.32B,19.37%,$1.65B,$0.35B,21.13%,$1.65B,$0.33B,19.92%,$1.65B,$0.25B,15.38%,$0.25B,$0.80B,32.87%,$0.25B,$0.68B,38.97%,$0.25B,$1.49B,17.51%,$0.32B,$0.85B,38.82%,$388,$228,$160,$27,$63,$318,$70,$2,$72,$23,$50,$50,$50,$105,$70,$129,133,$0.38,$0.37,$366,$190,$0,$1156,$130,$0,$121,$104,$356,$1512,$644,$49,$21,$71,$714,$130,$407,$-5,$797,$1512,$245,$30,$-21,$8,$-112,$-23,$6,$39,$-52,$202,$-40,$0,$0,$45,$0,$45,$-17,$-11,$0,$-3,$-3,$-197,$-197,$0,$44,$-156,$29,$41,$0
