,Date,Stock Price,Book Value per Share,Price to Book Ratio,TTM Sales per Share,Price to Sales Ratio,TTM FCF per Share,Price to FCF Ratio,TTM Net EPS,PE Ratio,Current Assets,Current Liabilities,Current Ratio,Long Term Debt,Shareholder's Equity_x,Debt to Equity Ratio,TTM Revenue_x,TTM Gross Profit,Gross Margin,TTM Revenue_y,TTM Operating Income,Operating Margin,TTM Revenue_x,TTM EBIT,EBIT Margin,TTM Revenue_y,TTM EBITDA,EBITDA Margin,TTM Revenue_x,TTM Pre-Tax Income,Pre-Tax Margin,TTM Revenue_y,TTM Net Income_x,Net Margin,TTM Net Income_y,Shareholder's Equity_y,Return on Equity,TTM Net Income_x,Tangible Equity,Return on Tangible Equity,TTM Net Income_y,Total Assets,Return on Assets,TTM Net Income,LT Investments & Debt,Return on Investment,revenue,cost-goods-sold,gross-profit,research-development-expenses,selling-general-administrative-expenses,operating-expenses,operating-income,total-non-operating-income-expense,pre-tax-income,total-provision-income-taxes,income-after-taxes,income-from-continuous-operations,net-income,ebitda,ebit,basic-shares-outstanding,shares-outstanding,eps-basic-net-earnings-per-share,eps-earnings-per-share-diluted,cash-on-hand,inventory,other-current-assets,total-current-assets,net-property-plant-equipment,long-term-investments,goodwill-intangible-assets-total,other-long-term-assets,total-long-term-assets,total-assets,total-current-liabilities,long-term-debt,other-non-current-liabilities,total-long-term-liabilities,total-liabilities,common-stock-net,retained-earnings-accumulated-deficit,comprehensive-income,total-share-holder-equity,total-liabilities-share-holders-equity,net-income-loss,total-depreciation-amortization-cash-flow,other-non-cash-items,total-non-cash-items,change-in-accounts-receivable,change-in-inventories,change-in-accounts-payable,change-in-assets-liabilities,total-change-in-assets-liabilities,cash-flow-from-operating-activities,net-change-in-property-plant-equipment,net-change-in-intangible-assets,net-acquisitions-divestitures,net-change-in-short-term-investments,net-change-in-long-term-investments,net-change-in-investments-total,investing-activities-other,cash-flow-from-investing-activities,net-long-term-debt,net-current-debt,debt-issuance-retirement-net-total,net-common-equity-issued-repurchased,net-total-equity-issued-repurchased,total-common-preferred-stock-dividends-paid,financial-activities-other,cash-flow-from-financial-activities,net-cash-flow,stock-based-compensation,common-stock-dividends-paid
0,2018-09-30,2.42,$1.20,2.02,$0.01,161.45,$-1.93,0.0,$-0.69,0.0,$0.03B,$0.02B,1.61,$0.01B,$0.08B,0.15,$0.00B,$-0.00B,inf%,$0.00B,$-0.05B,inf%,$0.00B,$-0.05B,inf%,$0.00B,$-0.05B,inf%,$0.00B,$-0.06B,inf%,$0.00B,$-0.06B,inf%,$-0.06B,$0.08B,-57.00%,$-0.06B,$0.01B,-201.80%,$-0.06B,$0.11B,-43.92%,$-0.05B,$0.09B,-49.09%,$0,$1,$-1,$11,$3,$15,$-15,$-1,$-15,$0,$-15,$-15,$-15,$-14,$-15,$64,64,$-0.24,$-0.24,$26,$1,$2,$30,$7,$0,$70,$1,$79,$109,$19,$12,$0,$13,$32,$203,$-188,$-0,$77,$109,$-44,$1,$3,$4,$0,$-0,$1,$1,$2,$-38,$-4,$0,$0,$0,$0,$0,$0,$-4,$0,$0,$0,$0,$0,$0,$0,$0,$-42,$3,$0
1,2018-06-30,2.75,$1.39,1.97,$0.02,174.44,$-1.85,0.0,$-0.69,0.0,$0.05B,$0.02B,2.75,$0.01B,$0.09B,0.14,$0.00B,$-0.00B,inf%,$0.00B,$-0.05B,inf%,$0.00B,$-0.05B,inf%,$0.00B,$-0.04B,inf%,$0.00B,$-0.05B,inf%,$0.00B,$-0.05B,inf%,$-0.05B,$0.09B,-53.83%,$-0.05B,$0.02B,-217.02%,$-0.05B,$0.12B,-41.72%,$-0.05B,$0.10B,-45.07%,$0,$1,$-1,$11,$4,$16,$-16,$-1,$-17,$0,$-17,$-17,$-17,$-15,$-16,$64,64,$-0.26,$-0.26,$41,$1,$2,$45,$5,$0,$69,$1,$75,$120,$16,$13,$0,$14,$30,$203,$-173,$-2,$90,$120,$-29,$1,$2,$3,$-0,$-0,$1,$1,$1,$-25,$-2,$0,$0,$0,$0,$0,$0,$-2,$0,$0,$0,$0,$0,$0,$0,$0,$-27,$2,$0
2,2018-03-31,3.5,$1.66,2.11,$0.02,169.05,$-1.84,0.0,$-0.65,0.0,$0.06B,$0.02B,3.77,$0.01B,$0.11B,0.11,$0.00B,$-0.00B,inf%,$0.00B,$-0.04B,inf%,$0.00B,$-0.04B,inf%,$0.00B,$-0.04B,inf%,$0.00B,$-0.04B,inf%,$0.00B,$-0.04B,inf%,$-0.04B,$0.11B,-48.04%,$-0.04B,$0.04B,-238.89%,$-0.04B,$0.14B,-37.31%,$-0.04B,$0.12B,-39.41%,$0,$1,$-1,$7,$3,$12,$-12,$-1,$-12,$0,$-12,$-12,$-12,$-11,$-12,$64,64,$-0.19,$-0.19,$58,$1,$1,$60,$3,$0,$70,$1,$74,$135,$16,$11,$0,$12,$28,$202,$-156,$-1,$106,$135,$-12,$0,$1,$1,$-0,$-0,$1,$2,$2,$-9,$-1,$0,$0,$0,$0,$0,$0,$-1,$0,$0,$0,$0,$0,$0,$0,$0,$-10,$1,$0
3,2017-12-31,4.27,$1.87,2.28,$0.02,202.34,$-1.91,0.0,$-0.68,0.0,$0.07B,$0.01B,5.32,$0.01B,$0.12B,0.1,$0.00B,$-0.00B,inf%,$0.00B,$-0.04B,inf%,$0.00B,$-0.04B,inf%,$0.00B,$-0.03B,inf%,$0.00B,$-0.04B,inf%,$0.00B,$-0.04B,inf%,$-0.04B,$0.12B,-48.78%,$-0.04B,$0.05B,-372.09%,$-0.04B,$0.15B,-37.83%,$-0.04B,$0.13B,-39.36%,$0,$1,$-1,$7,$3,$11,$-11,$-1,$-12,$0,$-12,$-12,$-12,$-10,$-11,$44,44,$-0.20,$-0.20,$68,$1,$1,$70,$2,$0,$72,$1,$75,$146,$13,$12,$0,$13,$26,$202,$-144,$1,$120,$146,$-39,$2,$2,$4,$-0,$-0,$-1,$4,$3,$-31,$-1,$0,$0,$0,$0,$0,$0,$-1,$0,$0,$0,$72,$72,$0,$-5,$67,$35,$2,$0
4,2017-09-30,3.85,$1.57,2.46,$0.02,181.51,$-1.82,0.0,$-0.68,0.0,$0.01B,$0.01B,1.03,$0.01B,$0.06B,0.19,$0.00B,$-0.00B,inf%,$0.00B,$-0.04B,inf%,$0.00B,$-0.04B,inf%,$0.00B,$-0.03B,inf%,$0.00B,$-0.04B,inf%,$0.00B,$-0.04B,inf%,$-0.04B,$0.06B,-49.32%,$-0.04B,$-0.01B,-1200.00%,$-0.04B,$0.09B,-37.70%,$-0.04B,$0.08B,-41.06%,$0,$1,$-1,$5,$3,$9,$-9,$-1,$-10,$0,$-10,$-10,$-10,$-8,$-9,$40,40,$-0.24,$-0.24,$10,$1,$2,$13,$2,$0,$73,$1,$76,$88,$13,$12,$0,$13,$26,$134,$-132,$2,$63,$88,$-27,$2,$1,$3,$-0,$0,$0,$2,$2,$-22,$-1,$0,$0,$0,$0,$0,$0,$-1,$0,$0,$0,$0,$0,$0,$0,$0,$-22,$2,$0
5,2017-06-30,4.35,$1.72,2.52,$0.02,179.85,$-1.56,0.0,$-0.44,0.0,$0.02B,$0.01B,2.0,$0.01B,$0.07B,0.18,$0.00B,$-0.00B,inf%,$0.00B,$-0.03B,inf%,$0.00B,$-0.03B,inf%,$0.00B,$-0.03B,inf%,$0.00B,$-0.04B,inf%,$0.00B,$-0.03B,inf%,$-0.03B,$0.07B,-57.64%,$-0.03B,$-0.00B,-600.00%,$-0.03B,$0.09B,-44.90%,$-0.03B,$0.08B,-51.13%,$0,$1,$-1,$5,$3,$9,$-8,$-1,$-9,$0,$-9,$-9,$-9,$-8,$-8,$40,40,$-0.22,$-0.22,$16,$1,$2,$19,$2,$0,$70,$1,$73,$92,$9,$12,$0,$13,$23,$134,$-123,$-1,$69,$92,$-18,$1,$1,$2,$-0,$0,$0,$-0,$-0,$-16,$-0,$0,$0,$0,$0,$0,$0,$-0,$0,$0,$0,$0,$0,$0,$0,$0,$-17,$1,$0
6,2017-03-31,5.49,$1.89,2.9,$0.02,295.56,$-1.41,0.0,$-0.45,0.0,$0.03B,$0.01B,3.31,$0.01B,$0.08B,0.16,$0.00B,$-0.00B,inf%,$0.00B,$-0.03B,inf%,$0.00B,$-0.03B,inf%,$0.00B,$-0.03B,inf%,$0.00B,$-0.03B,inf%,$0.00B,$-0.03B,inf%,$-0.03B,$0.08B,-75.00%,$-0.03B,$0.01B,-521.74%,$-0.03B,$0.10B,-59.41%,$-0.03B,$0.09B,-69.57%,$0,$1,$-1,$5,$3,$9,$-9,$-0,$-9,$-0,$-9,$-9,$-9,$-8,$-9,$40,40,$-0.22,$-0.22,$24,$1,$1,$26,$2,$0,$68,$1,$71,$97,$8,$12,$0,$13,$21,$133,$-114,$-3,$76,$97,$-9,$0,$0,$1,$-0,$-0,$-1,$0,$-0,$-8,$-0,$0,$0,$0,$0,$0,$0,$-0,$0,$0,$0,$0,$0,$0,$0,$0,$-9,$1,$0
7,2016-12-31,3.1,$2.09,1.48,$0.02,172.8,$-1.27,0.0,$-0.23,0.0,$0.03B,$0.01B,4.51,$0.01B,$0.08B,0.14,$0.00B,$-0.00B,inf%,$0.00B,$-0.03B,inf%,$0.00B,$-0.03B,inf%,$0.00B,$-0.02B,inf%,$0.00B,$-0.02B,inf%,$0.00B,$-0.02B,inf%,$-0.02B,$0.08B,-104.76%,$-0.02B,$0.02B,-550.00%,$-0.02B,$0.11B,-83.81%,$-0.03B,$0.10B,-108.33%,$0,$1,$-1,$4,$4,$9,$-9,$-2,$-10,$-2,$-8,$-8,$-8,$-8,$-9,$30,30,$-0.28,$-0.28,$32,$1,$1,$34,$2,$0,$68,$1,$70,$105,$8,$12,$0,$13,$21,$133,$-105,$-3,$84,$105,$-23,$1,$1,$1,$0,$-0,$0,$3,$3,$-19,$-1,$0,$2,$0,$0,$0,$-0,$2,$12,$0,$12,$24,$24,$0,$0,$36,$20,$3,$0
8,2016-09-30,3.43,$0.00,0.0,$0.01,258.29,$-0.64,0.0,$-0.23,0.0,$0.00B,$0.00B,0.0,$0.00B,$0.00B,0.0,$0.00B,$-0.00B,inf%,$0.00B,$-0.02B,inf%,$0.00B,$-0.02B,inf%,$0.00B,$-0.02B,inf%,$0.00B,$-0.01B,inf%,$0.00B,$-0.01B,inf%,$-0.01B,$0.00B,-466.67%,$-0.01B,$0.00B,-466.67%,$-0.01B,$0.00B,-329.41%,$-0.02B,$0.00B,-566.67%,$0,$2,$-1,$3,$3,$8,$-8,$0,$-7,$0,$-7,$-7,$-7,$-8,$-8,$36,36,$-0.20,$-0.20,$0,$0,$0,$0,$0,$0,$0,$0,$0,$0,$0,$0,$0,$0,$0,$0,$0,$0,$0,$0,$-15,$0,$2,$2,$-0,$0,$2,$-0,$2,$-11,$-0,$0,$2,$0,$0,$0,$-0,$2,$-0,$0,$-0,$14,$14,$0,$0,$13,$4,$2,$0
