,Date,Stock Price,Book Value per Share,Price to Book Ratio,TTM Sales per Share,Price to Sales Ratio,TTM FCF per Share,Price to FCF Ratio,TTM Net EPS,PE Ratio,Current Assets,Current Liabilities,Current Ratio,Long Term Debt,Shareholder's Equity_x,Debt to Equity Ratio,TTM Revenue_x,TTM Gross Profit,Gross Margin,TTM Revenue_y,TTM Operating Income,Operating Margin,TTM Revenue_x,TTM EBIT,EBIT Margin,TTM Revenue_y,TTM EBITDA,EBITDA Margin,TTM Revenue_x,TTM Pre-Tax Income,Pre-Tax Margin,TTM Revenue_y,TTM Net Income_x,Net Margin,TTM Net Income_y,Shareholder's Equity_y,Return on Equity,TTM Net Income_x,Tangible Equity,Return on Tangible Equity,TTM Net Income_y,Total Assets,Return on Assets,TTM Net Income,LT Investments & Debt,Return on Investment,revenue,cost-goods-sold,gross-profit,research-development-expenses,selling-general-administrative-expenses,operating-expenses,operating-income,total-non-operating-income-expense,pre-tax-income,total-provision-income-taxes,income-after-taxes,income-from-continuous-operations,net-income,ebitda,ebit,basic-shares-outstanding,shares-outstanding,eps-basic-net-earnings-per-share,eps-earnings-per-share-diluted,cash-on-hand,inventory,other-current-assets,total-current-assets,net-property-plant-equipment,long-term-investments,goodwill-intangible-assets-total,other-long-term-assets,total-long-term-assets,total-assets,total-current-liabilities,long-term-debt,other-non-current-liabilities,total-long-term-liabilities,total-liabilities,common-stock-net,retained-earnings-accumulated-deficit,comprehensive-income,total-share-holder-equity,total-liabilities-share-holders-equity,net-income-loss,total-depreciation-amortization-cash-flow,other-non-cash-items,total-non-cash-items,change-in-accounts-receivable,change-in-inventories,change-in-accounts-payable,change-in-assets-liabilities,total-change-in-assets-liabilities,cash-flow-from-operating-activities,net-change-in-property-plant-equipment,net-change-in-intangible-assets,net-acquisitions-divestitures,net-change-in-short-term-investments,net-change-in-long-term-investments,net-change-in-investments-total,investing-activities-other,cash-flow-from-investing-activities,net-long-term-debt,net-current-debt,debt-issuance-retirement-net-total,net-common-equity-issued-repurchased,net-total-equity-issued-repurchased,total-common-preferred-stock-dividends-paid,financial-activities-other,cash-flow-from-financial-activities,net-cash-flow,stock-based-compensation,common-stock-dividends-paid
0,2018-09-30,92.9,$20.38,4.56,$99.62,0.93,$7.15,13.0,$4.78,19.44,$1.30B,$0.70B,1.88,$0.35B,$0.59B,0.59,$3.05B,$0.46B,15.08%,$3.05B,$0.23B,7.48%,$3.05B,$0.23B,7.48%,$3.05B,$0.32B,10.49%,$3.05B,$0.20B,6.69%,$3.05B,$0.15B,4.79%,$0.15B,$0.59B,22.61%,$0.15B,$0.46B,28.31%,$0.15B,$2.00B,6.88%,$0.23B,$0.94B,22.95%,$681,$599,$82,$0,$40,$657,$24,$8,$32,$9,$23,$23,$21,$46,$24,$29,30,$0.71,$0.71,$442,$222,$192,$1304,$384,$39,$130,$141,$694,$1998,$695,$348,$86,$712,$1407,$1,$1566,$-208,$591,$1998,$129,$67,$-12,$55,$82,$-38,$-17,$-104,$-77,$107,$-96,$0,$16,$0,$0,$0,$13,$-67,$0,$-13,$-13,$-250,$-250,$-12,$-19,$-294,$-267,$4,$-12
1,2018-06-30,129.24,$20.53,6.29,$100.59,1.28,$8.66,14.93,$5.42,23.85,$1.34B,$0.70B,1.9,$0.35B,$0.62B,0.57,$3.13B,$0.49B,15.70%,$3.13B,$0.26B,8.20%,$3.13B,$0.26B,8.20%,$3.13B,$0.35B,11.10%,$3.13B,$0.23B,7.24%,$3.13B,$0.17B,5.36%,$0.17B,$0.62B,24.66%,$0.17B,$0.49B,30.45%,$0.17B,$2.04B,7.67%,$0.26B,$0.96B,24.99%,$758,$654,$104,$0,$55,$714,$44,$5,$49,$12,$37,$37,$35,$67,$44,$30,30,$1.19,$1.17,$528,$197,$173,$1336,$372,$48,$125,$155,$700,$2036,$703,$348,$87,$717,$1420,$1,$1545,$-195,$616,$2036,$105,$45,$-8,$37,$85,$-14,$-8,$-79,$-16,$126,$-69,$0,$0,$0,$0,$0,$3,$-66,$0,$-16,$-16,$-200,$-200,$-1,$-16,$-233,$-181,$0,$-1
2,2018-03-31,110.24,$20.50,5.38,$99.42,1.11,$7.94,13.88,$5.66,19.48,$1.42B,$0.79B,1.8,$0.35B,$0.62B,0.56,$3.15B,$0.50B,15.84%,$3.15B,$0.27B,8.48%,$3.15B,$0.27B,8.48%,$3.15B,$0.36B,11.33%,$3.15B,$0.24B,7.49%,$3.15B,$0.18B,5.65%,$0.18B,$0.62B,25.30%,$0.18B,$0.48B,31.04%,$0.18B,$2.15B,7.93%,$0.27B,$0.96B,25.42%,$814,$685,$129,$0,$44,$734,$80,$8,$88,$21,$67,$67,$65,$102,$80,$31,31,$2.14,$2.11,$526,$199,$194,$1417,$389,$45,$133,$161,$728,$2145,$787,$347,$99,$743,$1530,$1,$1510,$-157,$615,$2145,$69,$22,$-12,$10,$48,$-6,$30,$-70,$2,$81,$-44,$0,$0,$0,$0,$0,$3,$-41,$0,$-12,$-12,$-200,$-200,$-1,$-17,$-230,$-183,$-6,$-1
3,2017-12-31,125.14,$24.55,5.1,$97.54,1.28,$5.74,21.81,$5.46,22.92,$1.60B,$0.80B,2.0,$0.35B,$0.76B,0.46,$3.15B,$0.50B,15.86%,$3.15B,$0.26B,8.36%,$3.15B,$0.26B,8.36%,$3.15B,$0.35B,11.13%,$3.15B,$0.22B,7.09%,$3.15B,$0.18B,5.59%,$0.18B,$0.76B,24.45%,$0.18B,$0.63B,29.78%,$0.18B,$2.30B,7.76%,$0.26B,$1.11B,24.65%,$797,$652,$145,$0,$61,$717,$80,$-45,$35,$14,$21,$21,$25,$105,$80,$32,32,$0.82,$0.80,$709,$189,$175,$1603,$377,$41,$132,$151,$701,$2304,$801,$347,$95,$742,$1543,$1,$1445,$-174,$761,$2304,$192,$87,$42,$129,$10,$-3,$-54,$-57,$-104,$217,$-99,$0,$-35,$0,$0,$0,$-41,$-175,$-2,$10,$8,$-198,$-198,$-38,$-5,$-233,$-172,$12,$-38
4,2017-09-30,123.77,$23.65,5.23,$95.84,1.29,$3.35,37.0,$4.73,26.17,$1.60B,$0.81B,1.97,$0.35B,$0.73B,0.47,$3.17B,$0.48B,15.26%,$3.17B,$0.23B,7.20%,$3.17B,$0.23B,7.20%,$3.17B,$0.31B,9.86%,$3.17B,$0.22B,7.01%,$3.17B,$0.15B,4.83%,$0.15B,$0.73B,21.53%,$0.15B,$0.61B,26.27%,$0.15B,$2.28B,6.70%,$0.23B,$1.08B,21.57%,$765,$651,$114,$0,$55,$712,$53,$2,$55,$8,$47,$47,$43,$74,$53,$31,32,$1.38,$1.35,$735,$174,$181,$1596,$361,$40,$128,$154,$683,$2279,$810,$347,$62,$736,$1546,$1,$1420,$-194,$733,$2279,$162,$62,$-6,$56,$29,$-15,$-39,$-64,$-89,$129,$-69,$0,$-32,$0,$0,$0,$6,$-95,$-2,$8,$6,$-170,$-170,$-29,$-5,$-198,$-147,$9,$-29
5,2017-06-30,102.06,$22.74,4.49,$94.17,1.08,$0.94,109.11,$4.19,24.36,$1.58B,$0.81B,1.96,$0.35B,$0.71B,0.49,$3.17B,$0.47B,14.95%,$3.17B,$0.22B,7.00%,$3.17B,$0.22B,7.00%,$3.17B,$0.31B,9.65%,$3.17B,$0.20B,6.21%,$3.17B,$0.14B,4.35%,$0.14B,$0.71B,19.01%,$0.14B,$0.58B,23.17%,$0.14B,$2.25B,5.98%,$0.22B,$1.05B,20.70%,$774,$663,$111,$0,$54,$720,$54,$4,$58,$10,$48,$48,$45,$76,$54,$32,32,$1.43,$1.41,$734,$165,$159,$1577,$352,$39,$127,$151,$669,$2246,$805,$347,$62,$736,$1541,$1,$1377,$-204,$705,$2246,$115,$41,$-5,$36,$8,$-8,$-20,$-46,$-66,$85,$-47,$0,$13,$0,$0,$0,$-42,$-76,$-2,$7,$5,$-160,$-160,$-11,$-4,$-170,$-148,$6,$-11
6,2017-03-31,97.95,$21.25,4.61,$92.45,1.06,$-0.92,0.0,$3.54,27.67,$1.58B,$0.82B,1.92,$0.35B,$0.68B,0.51,$3.17B,$0.47B,14.89%,$3.17B,$0.22B,6.82%,$3.17B,$0.22B,6.82%,$3.17B,$0.30B,9.40%,$3.17B,$0.19B,5.90%,$3.17B,$0.12B,3.76%,$0.12B,$0.68B,16.07%,$0.12B,$0.55B,19.47%,$0.12B,$2.24B,5.10%,$0.22B,$1.03B,19.87%,$810,$681,$129,$0,$52,$734,$76,$-1,$75,$16,$59,$59,$63,$95,$76,$33,33,$1.94,$1.91,$692,$162,$174,$1580,$346,$37,$128,$147,$658,$2238,$823,$347,$66,$735,$1558,$1,$1332,$-211,$680,$2238,$67,$19,$-3,$16,$-39,$-8,$18,$-65,$-94,$-11,$-22,$0,$0,$0,$0,$0,$-47,$-69,$-2,$15,$13,$-125,$-125,$0,$-4,$-116,$-190,$2,$0
7,2016-12-31,80.34,$21.94,3.66,$88.74,0.91,$-2.00,0.0,$2.12,37.9,$1.71B,$0.91B,1.88,$0.35B,$0.72B,0.48,$3.16B,$0.46B,14.68%,$3.16B,$0.20B,6.17%,$3.16B,$0.20B,6.17%,$3.16B,$0.28B,8.83%,$3.16B,$0.16B,5.09%,$3.16B,$0.08B,2.37%,$0.08B,$0.72B,9.95%,$0.08B,$0.60B,12.02%,$0.08B,$2.37B,3.17%,$0.20B,$1.07B,17.73%,$816,$687,$129,$0,$57,$771,$45,$-11,$34,$3,$31,$31,$2,$67,$45,$35,35,$0.04,$0.06,$882,$151,$170,$1708,$345,$45,$129,$146,$665,$2373,$911,$346,$69,$738,$1649,$1,$1269,$-233,$724,$2373,$91,$84,$55,$139,$-19,$30,$-10,$-111,$-110,$120,$-75,$0,$-8,$47,$0,$47,$338,$302,$-2,$0,$-2,$-500,$-500,$-13,$-1747,$-2262,$-1851,$8,$-13
8,2016-09-30,71.66,$23.35,3.07,$85.61,0.84,$0.45,159.46,$2.58,27.78,$1.73B,$0.87B,1.99,$0.35B,$0.79B,0.44,$3.15B,$0.45B,14.24%,$3.15B,$0.18B,5.80%,$3.15B,$0.18B,5.80%,$3.15B,$0.27B,8.47%,$3.15B,$0.04B,1.36%,$3.15B,$0.09B,2.98%,$0.09B,$0.79B,10.78%,$0.09B,$0.66B,12.67%,$0.09B,$2.37B,3.20%,$0.18B,$1.14B,15.02%,$770,$665,$105,$0,$53,$723,$47,$-17,$30,$5,$25,$25,$28,$68,$47,$34,34,$0.83,$0.81,$854,$176,$200,$1727,$342,$47,$137,$120,$646,$2373,$869,$347,$82,$710,$1579,$1,$1267,$-167,$794,$2373,$85,$62,$24,$86,$15,$15,$-45,$-118,$-133,$38,$-56,$0,$0,$47,$0,$47,$348,$339,$-2,$-11,$-13,$-500,$-500,$0,$-1747,$-2260,$-1877,$6,$0
9,2016-06-30,65.81,$22.47,2.93,$82.75,0.8,$3.94,16.69,$1.89,34.82,$1.71B,$0.87B,1.97,$0.35B,$0.76B,0.45,$3.19B,$0.45B,14.07%,$3.19B,$0.18B,5.61%,$3.19B,$0.18B,5.61%,$3.19B,$0.26B,8.21%,$3.19B,$0.04B,1.38%,$3.19B,$0.07B,2.22%,$0.07B,$0.76B,5.12%,$0.07B,$0.64B,5.66%,$0.07B,$2.34B,1.99%,$0.18B,$1.11B,10.33%,$773,$664,$109,$0,$54,$725,$48,$0,$48,$9,$39,$39,$26,$68,$48,$34,34,$0.77,$0.76,$852,$187,$189,$1711,$342,$58,$123,$110,$633,$2344,$870,$347,$81,$710,$1580,$1,$1239,$-170,$764,$2344,$53,$41,$6,$47,$27,$5,$-17,$-52,$-86,$14,$-37,$0,$4,$47,$0,$47,$344,$358,$-1,$-10,$-11,$-500,$-500,$0,$-1747,$-2258,$-1882,$4,$0
10,2016-03-31,79.59,$21.53,3.7,$78.56,1.01,$6.46,12.32,$50.86,1.56,$1.73B,$0.93B,1.87,$0.35B,$0.73B,0.47,$3.23B,$0.44B,13.59%,$3.23B,$0.15B,4.74%,$3.23B,$0.15B,4.74%,$3.23B,$0.28B,8.51%,$3.23B,$0.09B,2.63%,$3.23B,$2.25B,69.73%,$2.25B,$0.73B,118.13%,$2.25B,$0.60B,127.32%,$2.25B,$2.37B,53.47%,$0.15B,$1.08B,6.79%,$802,$681,$121,$0,$56,$747,$55,$-6,$49,$13,$36,$36,$19,$76,$55,$38,39,$0.50,$0.49,$808,$182,$204,$1732,$349,$56,$129,$102,$636,$2368,$928,$346,$79,$708,$1636,$1,$1213,$-171,$732,$2368,$23,$21,$3,$24,$-24,$9,$4,$-51,$-105,$-58,$-22,$0,$0,$47,$0,$47,$348,$373,$-1,$0,$-1,$-500,$-500,$0,$-1747,$-2248,$-1926,$2,$0
11,2015-12-31,67.41,$29.98,2.25,$75.67,0.89,$11.20,6.02,$51.47,1.31,$4.05B,$2.77B,1.46,$0.35B,$1.20B,0.29,$3.25B,$0.43B,13.25%,$3.25B,$0.15B,4.59%,$3.25B,$0.15B,4.59%,$3.25B,$0.32B,9.80%,$3.25B,$0.07B,2.13%,$3.25B,$2.28B,70.39%,$2.28B,$1.20B,104.77%,$2.28B,$1.07B,115.57%,$2.28B,$4.68B,46.09%,$0.15B,$1.55B,5.62%,$809,$695,$114,$0,$63,$776,$33,$-117,$-84,$-16,$-68,$-68,$21,$55,$33,$41,41,$0.52,$0.52,$2783,$187,$581,$4053,$351,$56,$133,$88,$628,$4681,$2772,$346,$75,$710,$3482,$1,$1194,$-190,$1199,$4681,$2328,$169,$-2245,$-2076,$1,$-20,$33,$72,$86,$338,$-187,$0,$-69,$-47,$0,$-47,$2661,$2358,$-250,$2,$-248,$-460,$-460,$-55,$-11,$-774,$1902,$8,$-55
12,2015-09-30,59.6,$69.46,0.86,$73.53,0.81,$6.21,9.59,$47.83,1.25,$3.89B,$0.96B,4.06,$0.35B,$2.85B,0.12,$3.22B,$0.43B,13.43%,$3.22B,$0.14B,4.25%,$3.22B,$0.14B,4.25%,$3.22B,$0.35B,10.83%,$3.22B,$0.15B,4.53%,$3.22B,$2.13B,65.91%,$2.13B,$2.85B,90.99%,$2.13B,$2.71B,99.95%,$2.13B,$4.87B,41.53%,$0.14B,$3.20B,4.78%,$808,$703,$105,$0,$59,$765,$43,$-12,$31,$10,$21,$21,$5,$63,$43,$41,41,$0.12,$0.12,$2920,$202,$215,$3891,$341,$58,$141,$435,$975,$4866,$959,$349,$223,$1059,$2018,$1,$2924,$-285,$2848,$4866,$2304,$147,$-2361,$-2214,$-7,$-29,$48,$37,$184,$274,$-151,$0,$73,$-52,$0,$-52,$2661,$2531,$-250,$-1,$-251,$-476,$-476,$-31,$-1,$-759,$2033,$7,$-31
13,2015-06-30,61.8,$71.25,0.87,$72.03,0.86,$2.58,23.93,$47.25,1.31,$3.93B,$1.00B,3.92,$0.35B,$2.85B,0.12,$3.21B,$0.42B,13.12%,$3.21B,$0.11B,3.40%,$3.21B,$0.11B,3.40%,$3.21B,$0.38B,11.72%,$3.21B,$0.10B,3.24%,$3.21B,$2.10B,65.41%,$2.10B,$2.85B,96.83%,$2.10B,$2.70B,111.31%,$2.10B,$4.94B,39.43%,$0.11B,$3.20B,3.87%,$812,$713,$99,$0,$65,$790,$22,$67,$89,$24,$65,$65,$2208,$81,$22,$43,44,$50.88,$49.73,$2866,$204,$303,$3927,$338,$63,$148,$462,$1011,$4938,$1001,$349,$246,$1087,$2088,$1,$2919,$-261,$2850,$4938,$2294,$127,$-2366,$-2239,$-18,$-32,$32,$25,$149,$204,$-122,$0,$91,$0,$0,$0,$2635,$2604,$-250,$-6,$-256,$-481,$-481,$-31,$-1,$-769,$2030,$6,$-31
14,2015-03-31,56.75,$41.43,1.37,$64.63,0.88,$0.74,77.1,$-5.83,0.0,$3.25B,$1.93B,1.69,$0.83B,$1.82B,0.46,$2.90B,$0.38B,13.07%,$2.90B,$0.08B,2.86%,$2.90B,$0.08B,2.86%,$2.90B,$0.36B,12.24%,$2.90B,$-0.02B,-0.83%,$2.90B,$-0.26B,-9.10%,$-0.26B,$1.82B,-13.13%,$-0.26B,$1.43B,-15.89%,$-0.26B,$5.34B,-4.80%,$0.08B,$2.66B,2.99%,$816,$704,$112,$0,$58,$765,$51,$-18,$33,$9,$24,$24,$50,$119,$51,$44,46,$1.13,$1.10,$916,$541,$428,$3252,$1365,$166,$393,$163,$2087,$5339,$1929,$833,$105,$1587,$3516,$1,$711,$-341,$1823,$5339,$70,$68,$15,$83,$-62,$-29,$110,$19,$20,$173,$-52,$0,$0,$0,$0,$0,$-18,$-70,$-3,$-10,$-13,$10,$10,$-3,$0,$-6,$80,$3,$-3
15,2014-12-31,62.91,$41.39,1.52,$81.34,0.77,$-1.04,0.0,$-6.55,0.0,$3.13B,$1.83B,1.71,$0.59B,$1.82B,0.32,$3.80B,$0.45B,11.73%,$3.80B,$0.12B,3.24%,$3.80B,$0.12B,3.24%,$3.80B,$0.39B,10.34%,$3.80B,$0.03B,0.74%,$3.80B,$-0.30B,-7.76%,$-0.30B,$1.82B,-13.02%,$-0.30B,$1.67B,-15.46%,$-0.30B,$5.32B,-5.18%,$0.12B,$2.41B,4.28%,$788,$671,$117,$0,$64,$767,$21,$-28,$-7,$11,$-18,$-18,$-138,$86,$21,$44,44,$-3.12,$-3.12,$485,$208,$1910,$3134,$363,$99,$156,$1571,$2189,$5323,$1832,$587,$541,$1670,$3502,$1,$661,$-299,$1821,$5323,$-206,$270,$353,$623,$-121,$-27,$22,$-21,$-133,$284,$-340,$0,$-392,$0,$0,$0,$-8,$-740,$-437,$39,$-398,$-483,$-483,$-97,$619,$-359,$-850,$8,$-97
16,2014-09-30,57.25,$49.48,1.16,$97.57,0.59,$1.09,52.37,$6.89,8.31,$3.48B,$1.97B,1.76,$0.84B,$2.18B,0.39,$4.71B,$0.52B,11.03%,$4.71B,$0.20B,4.21%,$4.71B,$0.20B,4.21%,$4.71B,$0.47B,9.88%,$4.71B,$0.65B,13.82%,$4.71B,$0.36B,7.57%,$0.36B,$2.18B,14.08%,$0.36B,$1.75B,16.97%,$0.36B,$5.69B,6.06%,$0.20B,$3.02B,6.29%,$793,$700,$93,$0,$70,$778,$15,$-26,$-11,$10,$-21,$-21,$-21,$90,$15,$44,44,$-0.48,$-0.48,$948,$562,$695,$3475,$1403,$167,$431,$217,$2218,$5693,$1971,$840,$148,$1545,$3516,$1,$799,$-91,$2177,$5693,$-92,$205,$212,$417,$5,$-33,$-58,$-73,$-145,$180,$-209,$0,$-308,$0,$0,$0,$56,$-461,$183,$42,$225,$-483,$-483,$-84,$-2,$-344,$-642,$7,$-84
17,2014-06-30,57.11,$50.48,1.13,$108.99,0.52,$2.82,20.23,$8.20,6.96,$3.63B,$1.93B,1.88,$0.80B,$2.22B,0.36,$5.40B,$0.56B,10.40%,$5.40B,$0.24B,4.36%,$5.40B,$0.24B,4.36%,$5.40B,$0.50B,9.17%,$5.40B,$0.75B,13.83%,$5.40B,$0.42B,7.78%,$0.42B,$2.22B,16.76%,$0.42B,$1.81B,19.92%,$0.42B,$5.65B,7.27%,$0.24B,$3.02B,7.62%,$503,$446,$57,$0,$48,$507,$-4,$-35,$-39,$-2,$-37,$-37,$-155,$60,$-4,$46,46,$-3.35,$-3.35,$1297,$462,$737,$3625,$1280,$160,$416,$168,$2024,$5649,$1933,$801,$148,$1495,$3428,$1,$820,$0,$2221,$5649,$-93,$130,$212,$342,$-78,$-18,$21,$-59,$-122,$127,$-127,$0,$0,$0,$0,$0,$56,$-71,$167,$35,$202,$-491,$-491,$-45,$-2,$-336,$-278,$6,$-45
18,2014-03-31,52.06,$59.23,0.88,$129.99,0.4,$4.47,11.65,$12.84,4.05,$3.92B,$2.34B,1.67,$0.21B,$2.84B,0.08,$6.50B,$0.67B,10.26%,$6.50B,$0.33B,5.00%,$6.50B,$0.33B,5.00%,$6.50B,$0.59B,9.01%,$6.50B,$0.91B,13.93%,$6.50B,$0.64B,9.84%,$0.64B,$2.84B,25.86%,$0.64B,$2.42B,30.38%,$0.64B,$6.12B,11.19%,$0.33B,$3.06B,10.76%,$1718,$1539,$179,$0,$81,$1627,$91,$-6,$85,$31,$54,$54,$19,$157,$91,$48,50,$0.39,$0.38,$1753,$489,$360,$3917,$1404,$189,$427,$183,$2203,$6120,$2343,$212,$147,$934,$3277,$1,$975,$-24,$2843,$6120,$48,$66,$1,$67,$-90,$-18,$131,$-42,$-19,$96,$-52,$0,$35,$0,$0,$0,$-3,$-20,$-1,$-4,$-5,$1,$1,$-16,$0,$-20,$51,$3,$-16
19,2013-12-31,48.21,$59.85,0.81,$131.11,0.37,$4.72,10.22,$13.79,3.5,$3.75B,$1.80B,2.08,$0.62B,$2.87B,0.22,$6.64B,$0.64B,9.67%,$6.64B,$0.30B,4.55%,$6.64B,$0.30B,4.55%,$6.64B,$0.56B,8.49%,$6.64B,$0.89B,13.36%,$6.64B,$0.69B,10.39%,$0.69B,$2.87B,30.35%,$0.69B,$2.43B,35.68%,$0.69B,$6.03B,12.48%,$0.30B,$3.50B,10.29%,$1691,$1501,$190,$0,$89,$1595,$96,$519,$615,$58,$557,$557,$513,$158,$96,$49,50,$10.56,$10.32,$1702,$472,$352,$3753,$1414,$228,$447,$185,$2274,$6027,$1802,$624,$151,$1352,$3154,$1,$956,$-12,$2873,$6027,$775,$262,$-475,$-213,$-21,$-49,$103,$-229,$-250,$312,$-269,$0,$-10,$0,$0,$0,$977,$698,$146,$-20,$126,$-245,$-245,$-22,$0,$-141,$852,$15,$-22
20,2013-09-30,44.53,$42.55,1.05,$109.86,0.41,$7.62,5.84,$4.21,10.58,$2.72B,$1.63B,1.67,$0.68B,$2.09B,0.33,$5.63B,$0.60B,10.62%,$5.63B,$0.34B,5.95%,$5.63B,$0.34B,5.95%,$5.63B,$0.60B,10.62%,$5.63B,$0.40B,7.03%,$5.63B,$0.22B,3.84%,$0.22B,$2.09B,10.33%,$0.22B,$1.79B,12.14%,$0.22B,$5.30B,4.07%,$0.34B,$2.76B,12.34%,$1484,$1349,$135,$0,$73,$1432,$52,$33,$85,$23,$62,$62,$43,$120,$52,$49,50,$0.87,$0.85,$862,$454,$269,$2724,$1307,$837,$300,$136,$2580,$5304,$1633,$677,$161,$1586,$3219,$1,$443,$-106,$2085,$5304,$230,$200,$-99,$101,$22,$-74,$33,$-77,$-152,$179,$-125,$0,$0,$0,$0,$0,$0,$-125,$199,$42,$241,$-250,$-250,$-22,$5,$-26,$12,$14,$-22
21,2013-06-30,37.16,$41.94,0.89,$110.60,0.34,$6.87,5.41,$3.64,10.21,$2.94B,$1.75B,1.68,$0.67B,$2.10B,0.32,$5.77B,$0.59B,10.26%,$5.77B,$0.32B,5.56%,$5.77B,$0.32B,5.56%,$5.77B,$0.58B,10.05%,$5.77B,$0.38B,6.64%,$5.77B,$0.19B,3.26%,$0.19B,$2.10B,8.85%,$0.19B,$1.80B,10.40%,$0.19B,$5.42B,3.56%,$0.32B,$2.77B,11.86%,$1610,$1447,$163,$0,$77,$1524,$86,$35,$121,$39,$82,$82,$65,$151,$86,$50,51,$1.30,$1.29,$1008,$415,$313,$2942,$1274,$790,$298,$118,$2480,$5422,$1750,$670,$166,$1575,$3325,$1,$400,$-145,$2097,$5422,$170,$132,$-76,$56,$-87,$-43,$183,$-65,$-68,$158,$-75,$0,$0,$0,$0,$0,$0,$-75,$204,$43,$247,$-125,$-125,$-22,$-4,$96,$158,$11,$-22
22,2013-03-31,33.97,$40.78,0.83,$110.25,0.31,$3.45,9.83,$3.75,9.06,$2.87B,$1.74B,1.65,$0.68B,$2.04B,0.33,$5.85B,$0.56B,9.51%,$5.85B,$0.27B,4.53%,$5.85B,$0.27B,4.53%,$5.85B,$0.53B,8.99%,$5.85B,$0.39B,6.65%,$5.85B,$0.20B,3.38%,$0.20B,$2.04B,9.28%,$0.20B,$1.73B,10.95%,$0.20B,$5.37B,3.82%,$0.27B,$2.72B,9.92%,$1856,$1702,$154,$0,$86,$1788,$68,$-2,$66,$-18,$84,$84,$69,$135,$68,$52,52,$1.34,$1.33,$995,$427,$267,$2870,$1297,$781,$314,$105,$2497,$5367,$1743,$678,$173,$1585,$3328,$1,$335,$-118,$2039,$5367,$84,$67,$-35,$32,$-42,$-51,$190,$-34,$6,$122,$-63,$0,$17,$0,$0,$0,$0,$-46,$204,$12,$216,$-125,$-125,$0,$-1,$90,$155,$6,$0
23,2012-12-31,31.68,$41.17,0.77,$107.57,0.29,$1.66,19.05,$1.86,17.03,$2.66B,$1.55B,1.72,$0.47B,$2.14B,0.22,$5.72B,$0.54B,9.40%,$5.72B,$0.18B,3.10%,$5.72B,$0.18B,3.10%,$5.72B,$0.44B,7.63%,$5.72B,$0.34B,5.88%,$5.72B,$0.10B,1.75%,$0.10B,$2.14B,4.66%,$0.10B,$1.81B,5.51%,$0.10B,$5.16B,1.95%,$0.18B,$2.61B,6.70%,$681,$535,$146,$0,$48,$552,$129,$-5,$124,$5,$119,$119,$39,$192,$129,$53,53,$0.76,$0.76,$845,$385,$271,$2663,$1326,$756,$332,$79,$2493,$5156,$1552,$473,$238,$1463,$3015,$1,$266,$-90,$2141,$5156,$167,$259,$-66,$193,$-38,$-26,$-26,$-41,$-121,$239,$-38,$0,$0,$0,$0,$0,$-2,$-40,$-45,$5,$-40,$-50,$-50,$-27,$2,$-115,$102,$25,$-27
24,2012-09-30,26.17,$41.92,0.62,$128.01,0.2,$-3.70,0.0,$0.61,42.91,$2.76B,$1.58B,1.75,$0.51B,$2.22B,0.23,$6.76B,$0.54B,7.91%,$6.76B,$0.10B,1.49%,$6.76B,$0.10B,1.49%,$6.76B,$0.37B,5.40%,$6.76B,$0.31B,4.59%,$6.76B,$0.04B,0.52%,$0.04B,$2.22B,1.66%,$0.04B,$1.90B,1.97%,$0.04B,$5.17B,0.69%,$0.10B,$2.73B,3.86%,$1624,$1495,$129,$0,$89,$1586,$38,$34,$72,$33,$39,$39,$15,$102,$38,$53,54,$0.28,$0.28,$920,$408,$265,$2761,$1278,$734,$324,$73,$2409,$5170,$1576,$506,$251,$1372,$2948,$1,$227,$17,$2222,$5170,$107,$196,$-66,$130,$-58,$-54,$41,$-12,$-74,$163,$-146,$0,$188,$0,$0,$0,$-2,$40,$-12,$2,$-10,$0,$0,$-23,$0,$-33,$178,$19,$-23
25,2012-06-30,22.08,$40.15,0.55,$134.53,0.16,$-6.31,0.0,$1.12,19.71,$2.68B,$1.56B,1.72,$0.50B,$2.13B,0.24,$7.05B,$0.55B,7.73%,$7.05B,$0.11B,1.50%,$7.05B,$0.11B,1.50%,$7.05B,$0.39B,5.56%,$7.05B,$0.32B,4.53%,$7.05B,$0.06B,0.87%,$0.06B,$2.13B,2.95%,$0.06B,$1.80B,3.54%,$0.06B,$5.04B,1.20%,$0.11B,$2.63B,4.11%,$1693,$1565,$128,$0,$87,$1663,$30,$97,$127,$42,$85,$85,$75,$97,$30,$53,54,$1.41,$1.40,$702,$380,$430,$2678,$1264,$714,$328,$60,$2366,$5044,$1559,$503,$247,$1357,$2916,$1,$212,$-31,$2128,$5044,$73,$132,$-92,$40,$-91,$-32,$64,$-50,$-106,$7,$-102,$0,$80,$0,$0,$0,$-2,$-24,$-2,$4,$2,$0,$0,$-22,$0,$-20,$-42,$13,$-22
26,2012-03-31,31.2,$39.45,0.79,$142.43,0.22,$-6.39,0.0,$0.22,141.82,$2.69B,$1.71B,1.58,$0.50B,$2.09B,0.24,$7.40B,$0.61B,8.23%,$7.40B,$0.14B,1.92%,$7.40B,$0.14B,1.92%,$7.40B,$0.45B,6.03%,$7.40B,$0.27B,3.65%,$7.40B,$0.01B,0.16%,$0.01B,$2.09B,0.58%,$0.01B,$1.75B,0.70%,$0.01B,$5.16B,0.23%,$0.14B,$2.59B,5.49%,$1717,$1583,$134,$0,$91,$1737,$-20,$33,$13,$27,$-14,$-14,$-29,$45,$-20,$52,52,$-0.56,$-0.56,$721,$381,$394,$2687,$1384,$679,$340,$68,$2471,$5158,$1706,$503,$245,$1361,$3067,$1,$137,$15,$2091,$5158,$-11,$65,$-17,$48,$-100,$-21,$126,$-29,$-18,$19,$-53,$0,$0,$0,$0,$0,$0,$-53,$-2,$0,$-2,$0,$0,$0,$0,$-2,$-27,$7,$0
27,2011-12-31,29.4,$38.40,0.77,$144.92,0.2,$-7.75,0.0,$1.53,19.22,$2.49B,$1.55B,1.6,$0.51B,$2.00B,0.26,$7.53B,$0.62B,8.20%,$7.53B,$0.21B,2.75%,$7.53B,$0.21B,2.75%,$7.53B,$0.52B,6.94%,$7.53B,$0.34B,4.47%,$7.53B,$0.08B,1.06%,$0.08B,$2.00B,3.87%,$0.08B,$1.64B,4.72%,$0.08B,$4.97B,1.51%,$0.21B,$2.51B,8.05%,$1727,$1583,$144,$0,$96,$1674,$53,$45,$98,$40,$58,$58,$-26,$121,$53,$51,52,$-0.52,$-0.50,$746,$381,$291,$2489,$1412,$644,$353,$71,$2480,$4969,$1553,$512,$225,$1419,$2972,$1,$166,$-25,$1997,$4969,$154,$316,$3,$319,$-110,$-33,$-25,$-131,$-298,$175,$-258,$0,$-38,$0,$0,$0,$-35,$-331,$-513,$17,$-496,$-33,$-33,$-31,$557,$-3,$-182,$39,$-31
28,2011-09-30,25.31,$39.75,0.64,$139.62,0.18,$-5.65,0.0,$3.70,6.84,$2.70B,$1.74B,1.56,$0.51B,$2.07B,0.25,$7.25B,$0.71B,9.73%,$7.25B,$0.43B,5.99%,$7.25B,$0.43B,5.99%,$7.25B,$0.76B,10.42%,$7.25B,$1.46B,20.09%,$7.25B,$1.24B,17.11%,$1.24B,$2.07B,60.26%,$1.24B,$1.70B,74.28%,$1.24B,$5.23B,23.09%,$0.43B,$2.57B,17.00%,$1909,$1770,$139,$0,$95,$1866,$43,$38,$81,$25,$56,$56,$41,$129,$43,$52,52,$0.80,$0.79,$780,$406,$279,$2704,$1528,$547,$366,$89,$2530,$5234,$1735,$507,$229,$1432,$3167,$1,$192,$18,$2067,$5234,$160,$248,$-38,$210,$-131,$-50,$-19,$-115,$-315,$55,$-174,$0,$0,$0,$0,$0,$-13,$-187,$-10,$11,$1,$0,$0,$-29,$22,$-6,$-147,$0,$-29
