,Date,Stock Price,Book Value per Share,Price to Book Ratio,TTM Sales per Share,Price to Sales Ratio,TTM FCF per Share,Price to FCF Ratio,TTM Net EPS,PE Ratio,Current Assets,Current Liabilities,Current Ratio,Long Term Debt,Shareholder's Equity_x,Debt to Equity Ratio,TTM Revenue_x,TTM Gross Profit,Gross Margin,TTM Revenue_y,TTM Operating Income,Operating Margin,TTM Revenue_x,TTM EBIT,EBIT Margin,TTM Revenue_y,TTM EBITDA,EBITDA Margin,TTM Revenue_x,TTM Pre-Tax Income,Pre-Tax Margin,TTM Revenue_y,TTM Net Income_x,Net Margin,TTM Net Income_y,Shareholder's Equity_y,Return on Equity,TTM Net Income_x,Tangible Equity,Return on Tangible Equity,TTM Net Income_y,Total Assets,Return on Assets,TTM Net Income,LT Investments & Debt,Return on Investment,revenue,cost-goods-sold,gross-profit,research-development-expenses,selling-general-administrative-expenses,operating-expenses,operating-income,total-non-operating-income-expense,pre-tax-income,total-provision-income-taxes,income-after-taxes,income-from-continuous-operations,net-income,ebitda,ebit,basic-shares-outstanding,shares-outstanding,eps-basic-net-earnings-per-share,eps-earnings-per-share-diluted,cash-on-hand,inventory,other-current-assets,total-current-assets,net-property-plant-equipment,long-term-investments,goodwill-intangible-assets-total,other-long-term-assets,total-long-term-assets,total-assets,total-current-liabilities,long-term-debt,other-non-current-liabilities,total-long-term-liabilities,total-liabilities,common-stock-net,retained-earnings-accumulated-deficit,comprehensive-income,total-share-holder-equity,total-liabilities-share-holders-equity,net-income-loss,total-depreciation-amortization-cash-flow,other-non-cash-items,total-non-cash-items,change-in-accounts-receivable,change-in-inventories,change-in-accounts-payable,change-in-assets-liabilities,total-change-in-assets-liabilities,cash-flow-from-operating-activities,net-change-in-property-plant-equipment,net-change-in-intangible-assets,net-acquisitions-divestitures,net-change-in-short-term-investments,net-change-in-long-term-investments,net-change-in-investments-total,investing-activities-other,cash-flow-from-investing-activities,net-long-term-debt,net-current-debt,debt-issuance-retirement-net-total,net-common-equity-issued-repurchased,net-total-equity-issued-repurchased,total-common-preferred-stock-dividends-paid,financial-activities-other,cash-flow-from-financial-activities,net-cash-flow,stock-based-compensation,common-stock-dividends-paid
0,2018-09-30,10.25,$12.10,0.85,$12.78,0.8,$-2.33,0.0,$-5.67,0.0,$0.54B,$0.17B,3.15,$0.28B,$0.58B,0.49,$0.59B,$0.22B,37.27%,$0.59B,$-0.28B,-47.72%,$0.59B,$-0.28B,-47.72%,$0.59B,$-0.23B,-37.94%,$0.59B,$-0.30B,-51.10%,$0.59B,$-0.27B,-44.69%,$-0.27B,$0.58B,-37.32%,$-0.27B,$0.18B,-150.78%,$-0.27B,$1.05B,-21.69%,$-0.28B,$0.86B,-28.59%,$127,$80,$46,$24,$20,$131,$-4,$-5,$-9,$0,$-9,$-9,$-9,$5,$-4,$47,47,$-0.19,$-0.19,$266,$150,$7,$541,$81,$0,$397,$30,$510,$1051,$172,$284,$9,$301,$472,$0,$-475,$2,$578,$1051,$-262,$41,$245,$286,$1,$-18,$-4,$-38,$-63,$-39,$-6,$0,$-3,$0,$-7,$-7,$0,$-15,$0,$0,$0,$-11,$-11,$0,$-0,$-11,$-66,$13,$0
1,2018-06-30,14.25,$12.19,1.17,$12.83,1.11,$-1.42,0.0,$-5.95,0.0,$0.58B,$0.20B,2.94,$0.28B,$0.59B,0.47,$0.60B,$0.23B,37.98%,$0.60B,$-0.30B,-50.42%,$0.60B,$-0.30B,-50.42%,$0.60B,$-0.24B,-39.50%,$0.60B,$-0.32B,-53.78%,$0.60B,$-0.28B,-47.06%,$-0.28B,$0.59B,-36.04%,$-0.28B,$0.19B,-166.17%,$-0.28B,$1.09B,-21.36%,$-0.30B,$0.88B,-28.47%,$158,$102,$55,$25,$24,$419,$-261,$-4,$-266,$-28,$-238,$-238,$-238,$-247,$-261,$47,47,$-5.02,$-5.02,$262,$146,$5,$576,$79,$0,$401,$30,$512,$1088,$196,$281,$9,$299,$494,$0,$-466,$2,$594,$1088,$-253,$32,$240,$272,$-40,$-10,$12,$-34,$-76,$-57,$-4,$0,$0,$45,$-65,$-20,$0,$-24,$0,$0,$0,$1,$1,$0,$-3,$-2,$-83,$9,$0
2,2018-03-31,17.0,$17.00,1.0,$12.13,1.4,$-0.58,0.0,$-1.36,0.0,$0.58B,$0.21B,2.8,$0.28B,$0.83B,0.34,$0.55B,$0.21B,37.70%,$0.55B,$-0.07B,-12.57%,$0.55B,$-0.07B,-12.57%,$0.55B,$-0.01B,-1.46%,$0.55B,$-0.09B,-16.03%,$0.55B,$-0.06B,-11.48%,$-0.06B,$0.83B,-7.45%,$-0.06B,$0.17B,-38.71%,$-0.06B,$1.36B,-4.56%,$-0.07B,$1.11B,-6.16%,$159,$102,$57,$24,$26,$170,$-11,$-5,$-16,$-0,$-16,$-16,$-16,$6,$-11,$47,47,$-0.34,$-0.34,$311,$131,$2,$583,$83,$0,$663,$29,$779,$1362,$209,$278,$10,$325,$534,$0,$-229,$2,$828,$1362,$-16,$18,$7,$25,$-11,$5,$2,$-14,$-21,$-12,$-2,$0,$0,$34,$-54,$-20,$0,$-23,$0,$0,$0,$1,$1,$0,$-0,$0,$-34,$5,$0
3,2017-12-31,14.85,$17.45,0.85,$11.11,1.34,$-0.23,0.0,$-0.99,0.0,$0.60B,$0.22B,2.66,$0.28B,$0.84B,0.33,$0.48B,$0.19B,38.22%,$0.48B,$-0.06B,-13.22%,$0.48B,$-0.06B,-13.22%,$0.48B,$-0.01B,-2.89%,$0.48B,$-0.08B,-16.74%,$0.48B,$-0.05B,-9.30%,$-0.05B,$0.84B,-5.59%,$-0.05B,$0.16B,-18.35%,$-0.05B,$1.39B,-3.43%,$-0.06B,$1.12B,-5.94%,$149,$85,$63,$24,$29,$156,$-7,$-5,$-12,$-10,$-2,$-2,$-2,$11,$-7,$44,44,$-0.05,$-0.05,$328,$120,$0,$597,$85,$0,$677,$25,$790,$1387,$224,$276,$11,$323,$547,$0,$-213,$2,$840,$1387,$-45,$50,$2,$52,$5,$6,$12,$-11,$27,$34,$-24,$0,$-402,$0,$66,$66,$2,$-358,$335,$0,$335,$0,$0,$0,$-9,$326,$2,$24,$0
4,2017-09-30,21.4,$17.51,1.22,$10.12,2.11,$-1.35,0.0,$-1.00,0.0,$0.60B,$0.23B,2.61,$0.27B,$0.85B,0.32,$0.43B,$0.16B,36.83%,$0.43B,$-0.06B,-14.45%,$0.43B,$-0.06B,-14.45%,$0.43B,$-0.02B,-5.59%,$0.43B,$-0.07B,-17.25%,$0.43B,$-0.05B,-11.19%,$-0.05B,$0.85B,-6.45%,$-0.05B,$0.15B,-15.50%,$-0.05B,$1.41B,-4.16%,$-0.06B,$1.12B,-6.55%,$129,$79,$51,$24,$30,$151,$-21,$-5,$-26,$-2,$-24,$-24,$-24,$-5,$-21,$47,47,$-0.51,$-0.51,$321,$114,$0,$603,$84,$0,$692,$25,$804,$1407,$231,$273,$11,$330,$561,$0,$-208,$2,$846,$1407,$-43,$32,$6,$39,$-6,$9,$3,$18,$20,$15,$-17,$0,$-399,$0,$28,$28,$2,$-387,$335,$0,$335,$0,$0,$0,$-5,$329,$-42,$20,$0
5,2017-06-30,27.85,$17.97,1.55,$9.55,2.92,$-2.18,0.0,$-2.31,0.0,$0.56B,$0.17B,3.25,$0.27B,$0.87B,0.31,$0.39B,$0.14B,36.36%,$0.39B,$-0.11B,-28.57%,$0.39B,$-0.11B,-28.57%,$0.39B,$-0.08B,-20.52%,$0.39B,$-0.12B,-30.13%,$0.39B,$-0.09B,-24.42%,$-0.09B,$0.87B,-13.79%,$-0.09B,$0.17B,-24.97%,$-0.09B,$1.37B,-9.46%,$-0.11B,$1.14B,-13.47%,$112,$76,$36,$19,$23,$142,$-30,$-4,$-34,$-13,$-21,$-21,$-21,$-20,$-30,$43,43,$-0.49,$-0.49,$303,$120,$0,$560,$83,$0,$699,$25,$809,$1370,$173,$270,$11,$328,$500,$0,$-186,$2,$869,$1370,$-19,$16,$-0,$15,$-2,$20,$-7,$-12,$-6,$-10,$-10,$0,$-399,$236,$-219,$16,$0,$-393,$336,$0,$336,$1,$1,$0,$-6,$331,$-72,$14,$0
6,2017-03-31,29.85,$16.39,1.82,$8.85,3.37,$-2.76,0.0,$-2.70,0.0,$0.82B,$0.13B,6.19,$0.27B,$0.67B,0.4,$0.35B,$0.14B,38.79%,$0.35B,$-0.11B,-31.90%,$0.35B,$-0.11B,-31.90%,$0.35B,$-0.08B,-23.56%,$0.35B,$-0.11B,-32.47%,$0.35B,$-0.11B,-30.17%,$-0.11B,$0.67B,-16.67%,$-0.11B,$0.50B,-23.84%,$-0.11B,$1.08B,-12.26%,$-0.11B,$0.93B,-15.92%,$94,$60,$35,$15,$19,$100,$-6,$-3,$-9,$-11,$2,$2,$2,$0,$-6,$40,40,$0.04,$0.04,$682,$65,$0,$822,$64,$0,$170,$21,$259,$1082,$133,$268,$2,$284,$417,$0,$-167,$2,$665,$1082,$2,$6,$1,$6,$6,$14,$1,$-17,$-2,$6,$-4,$0,$0,$27,$-219,$-192,$0,$-196,$336,$0,$336,$1,$1,$0,$-0,$336,$146,$4,$0
7,2016-12-31,29.15,$14.65,1.99,$8.49,3.43,$-3.39,0.0,$-3.13,0.0,$0.50B,$0.14B,3.5,$0.00B,$0.60B,0.0,$0.33B,$0.13B,39.76%,$0.33B,$-0.12B,-36.14%,$0.33B,$-0.12B,-36.14%,$0.33B,$-0.09B,-26.81%,$0.33B,$-0.12B,-35.84%,$0.33B,$-0.12B,-37.05%,$-0.12B,$0.60B,-19.34%,$-0.12B,$0.42B,-28.67%,$-0.12B,$0.76B,-15.35%,$-0.12B,$0.60B,-18.84%,$94,$58,$36,$17,$19,$99,$-5,$0,$-5,$0,$-5,$-5,$-5,$1,$-5,$39,39,$-0.11,$-0.11,$344,$77,$0,$502,$61,$0,$173,$21,$257,$759,$144,$1,$6,$20,$164,$0,$-169,$2,$595,$759,$-122,$33,$86,$119,$-9,$-5,$-24,$9,$-20,$-24,$-11,$0,$0,$0,$49,$49,$9,$47,$-0,$0,$-0,$-12,$-12,$0,$-3,$-15,$8,$16,$0
8,2016-09-30,19.63,$14.70,1.34,$8.79,2.23,$-2.45,0.0,$-3.25,0.0,$0.51B,$0.15B,3.44,$0.00B,$0.60B,0.0,$0.35B,$0.14B,39.13%,$0.35B,$-0.13B,-36.23%,$0.35B,$-0.13B,-36.23%,$0.35B,$-0.09B,-26.38%,$0.35B,$-0.12B,-35.94%,$0.35B,$-0.13B,-37.10%,$-0.13B,$0.60B,-19.22%,$-0.13B,$0.42B,-29.04%,$-0.13B,$0.77B,-15.34%,$-0.13B,$0.60B,-18.73%,$85,$52,$33,$20,$18,$154,$-69,$0,$-68,$1,$-70,$-70,$-70,$-60,$-69,$39,39,$-1.78,$-1.78,$337,$87,$12,$508,$58,$0,$177,$21,$257,$765,$148,$1,$7,$21,$168,$0,$-164,$2,$597,$765,$-117,$26,$83,$109,$-1,$-11,$-14,$9,$-17,$-24,$-10,$0,$0,$0,$53,$53,$-0,$43,$-0,$0,$-0,$-12,$-12,$0,$-1,$-14,$5,$12,$0
9,2016-06-30,16.56,$16.30,1.02,$10.04,1.65,$-1.24,0.0,$-1.34,0.0,$0.50B,$0.14B,3.64,$0.00B,$0.66B,0.0,$0.40B,$0.16B,38.90%,$0.40B,$-0.05B,-12.22%,$0.40B,$-0.05B,-12.22%,$0.40B,$-0.02B,-3.74%,$0.40B,$-0.05B,-12.22%,$0.40B,$-0.05B,-13.22%,$-0.05B,$0.66B,-7.58%,$-0.05B,$0.43B,-11.64%,$-0.05B,$0.82B,-6.07%,$-0.05B,$0.66B,-7.00%,$75,$44,$31,$22,$20,$107,$-31,$0,$-31,$1,$-32,$-32,$-32,$-23,$-31,$39,39,$-0.82,$-0.82,$331,$91,$11,$497,$63,$0,$236,$21,$322,$819,$137,$1,$6,$20,$157,$0,$-94,$1,$662,$819,$-48,$17,$24,$41,$8,$-15,$-9,$-9,$-25,$-31,$-9,$0,$0,$0,$43,$43,$-0,$33,$-0,$0,$-0,$-13,$-13,$0,$-1,$-14,$-12,$8,$0
10,2016-03-31,19.48,$17.34,1.12,$11.42,1.71,$-0.06,0.0,$-0.73,0.0,$0.52B,$0.16B,3.29,$0.00B,$0.69B,0.0,$0.46B,$0.17B,38.07%,$0.46B,$-0.02B,-4.81%,$0.46B,$-0.02B,-4.81%,$0.46B,$0.02B,3.28%,$0.46B,$-0.02B,-4.81%,$0.46B,$-0.03B,-6.35%,$-0.03B,$0.69B,-4.06%,$-0.03B,$0.45B,-6.25%,$-0.03B,$0.86B,-3.19%,$-0.02B,$0.69B,-3.08%,$78,$46,$32,$22,$20,$93,$-15,$0,$-15,$1,$-16,$-16,$-16,$-7,$-15,$39,39,$-0.40,$-0.40,$349,$77,$5,$517,$80,$0,$242,$21,$344,$862,$157,$1,$1,$14,$171,$0,$-62,$1,$690,$862,$-16,$9,$5,$14,$-7,$1,$-2,$-8,$-17,$-19,$-4,$0,$0,$11,$0,$11,$-0,$7,$-0,$0,$-0,$-13,$-13,$0,$-0,$-13,$-26,$4,$0
11,2015-12-31,20.56,$17.63,1.17,$11.91,1.73,$0.55,37.44,$-0.81,0.0,$0.54B,$0.16B,3.34,$0.00B,$0.72B,0.0,$0.48B,$0.18B,37.11%,$0.48B,$-0.02B,-4.82%,$0.48B,$-0.02B,-4.82%,$0.48B,$0.02B,3.56%,$0.48B,$-0.02B,-4.82%,$0.48B,$-0.03B,-6.71%,$-0.03B,$0.72B,-4.43%,$-0.03B,$0.47B,-6.86%,$-0.03B,$0.89B,-3.44%,$-0.02B,$0.72B,-3.18%,$107,$68,$39,$21,$21,$117,$-10,$0,$-10,$-0,$-10,$-10,$-10,$-1,$-10,$40,40,$-0.24,$-0.24,$385,$77,$5,$542,$80,$0,$247,$21,$349,$891,$162,$1,$2,$14,$176,$0,$-45,$1,$715,$891,$-32,$40,$20,$59,$11,$-12,$9,$0,$-12,$16,$-14,$0,$-0,$0,$3,$3,$4,$-7,$-0,$0,$-0,$-7,$-7,$0,$-3,$-10,$-2,$18,$0
12,2015-09-30,20.51,$17.84,1.15,$12.11,1.69,$1.41,14.55,$-2.00,0.0,$0.56B,$0.16B,3.43,$0.00B,$0.73B,0.0,$0.48B,$0.18B,36.36%,$0.48B,$-0.08B,-16.12%,$0.48B,$-0.08B,-16.12%,$0.48B,$-0.04B,-8.26%,$0.48B,$-0.08B,-15.91%,$0.48B,$-0.08B,-16.32%,$-0.08B,$0.73B,-10.85%,$-0.08B,$0.48B,-16.96%,$-0.08B,$0.92B,-8.41%,$-0.08B,$0.73B,-10.69%,$141,$86,$54,$19,$22,$134,$7,$0,$7,$1,$5,$5,$5,$16,$7,$41,41,$0.13,$0.13,$403,$70,$5,$564,$81,$0,$252,$21,$355,$919,$164,$1,$7,$25,$189,$0,$-35,$1,$730,$919,$-22,$31,$18,$48,$13,$-13,$0,$-8,$-4,$22,$-8,$0,$0,$52,$0,$52,$-1,$43,$-0,$0,$-0,$1,$1,$0,$-2,$-1,$63,$14,$0
13,2015-06-30,28.74,$17.66,1.63,$11.05,2.6,$0.83,34.76,$-2.48,0.0,$0.61B,$0.22B,2.73,$0.00B,$0.72B,0.0,$0.44B,$0.16B,35.55%,$0.44B,$-0.10B,-23.39%,$0.44B,$-0.10B,-23.39%,$0.44B,$-0.07B,-15.37%,$0.44B,$-0.10B,-23.17%,$0.44B,$-0.10B,-22.48%,$-0.10B,$0.72B,-13.18%,$-0.10B,$0.46B,-19.80%,$-0.10B,$0.97B,-10.33%,$-0.10B,$0.72B,-13.69%,$131,$82,$49,$20,$24,$135,$-4,$0,$-4,$4,$-8,$-8,$-8,$7,$-4,$40,40,$-0.21,$-0.21,$396,$64,$6,$606,$80,$0,$259,$20,$360,$966,$222,$1,$6,$23,$246,$0,$-41,$1,$720,$966,$-27,$22,$10,$31,$-23,$-21,$19,$31,$8,$12,$-6,$0,$0,$50,$-12,$38,$-1,$31,$-0,$0,$-0,$1,$1,$0,$-1,$-0,$43,$9,$0
14,2015-03-31,30.55,$17.93,1.7,$10.15,3.01,$0.31,97.08,$-2.66,0.0,$0.58B,$0.20B,2.93,$0.00B,$0.72B,0.0,$0.40B,$0.14B,34.25%,$0.40B,$-0.11B,-28.50%,$0.40B,$-0.11B,-28.50%,$0.40B,$-0.08B,-21.00%,$0.40B,$-0.11B,-28.25%,$0.40B,$-0.11B,-26.25%,$-0.11B,$0.72B,-13.74%,$-0.11B,$0.46B,-19.82%,$-0.11B,$0.94B,-11.10%,$-0.11B,$0.73B,-14.89%,$98,$63,$35,$19,$23,$114,$-16,$0,$-16,$3,$-19,$-19,$-19,$-5,$-16,$40,40,$-0.48,$-0.48,$393,$57,$6,$575,$80,$0,$266,$20,$367,$942,$196,$1,$5,$22,$218,$0,$-32,$1,$724,$942,$-19,$11,$5,$16,$-4,$-7,$11,$5,$7,$4,$-3,$0,$0,$32,$0,$32,$-0,$28,$-0,$0,$-0,$0,$0,$0,$-0,$-0,$32,$4,$0
15,2014-12-31,34.88,$18.31,1.91,$9.95,3.51,$-0.16,0.0,$-1.70,0.0,$0.56B,$0.17B,3.3,$0.00B,$0.74B,0.0,$0.39B,$0.14B,34.61%,$0.39B,$-0.08B,-20.10%,$0.39B,$-0.08B,-20.10%,$0.39B,$-0.06B,-13.99%,$0.39B,$-0.08B,-19.85%,$0.39B,$-0.07B,-17.05%,$-0.07B,$0.74B,-8.52%,$-0.07B,$0.47B,-11.81%,$-0.07B,$0.93B,-7.06%,$-0.08B,$0.74B,-10.03%,$114,$76,$38,$20,$24,$178,$-65,$0,$-64,$-7,$-57,$-57,$-57,$-58,$-65,$39,39,$-1.45,$-1.44,$392,$61,$6,$556,$79,$0,$274,$20,$374,$929,$168,$2,$4,$22,$191,$0,$-13,$1,$739,$929,$-67,$25,$30,$54,$-25,$7,$-6,$3,$55,$42,$-6,$0,$-144,$161,$-2,$158,$0,$8,$-0,$0,$-0,$12,$12,$0,$-2,$10,$60,$19,$0
16,2014-09-30,34.95,$19.69,1.78,$8.95,3.91,$-1.18,0.0,$-0.83,0.0,$0.66B,$0.14B,4.72,$0.00B,$0.79B,0.0,$0.35B,$0.11B,32.39%,$0.35B,$-0.05B,-13.92%,$0.35B,$-0.05B,-13.92%,$0.35B,$-0.03B,-7.39%,$0.35B,$-0.05B,-13.92%,$0.35B,$-0.03B,-9.09%,$-0.03B,$0.79B,-4.02%,$-0.03B,$0.60B,-5.38%,$-0.03B,$0.96B,-3.35%,$-0.05B,$0.79B,-6.14%,$93,$61,$33,$20,$22,$111,$-17,$0,$-17,$-3,$-14,$-14,$-14,$-11,$-17,$39,39,$-0.35,$-0.35,$487,$47,$3,$658,$81,$0,$198,$20,$298,$956,$139,$2,$3,$25,$164,$0,$44,$5,$792,$956,$-10,$18,$-21,$-4,$-36,$7,$1,$34,$7,$-7,$-3,$0,$0,$58,$0,$58,$-2,$53,$-0,$0,$-0,$9,$9,$0,$-2,$7,$53,$14,$0
17,2014-06-30,37.26,$19.93,1.87,$9.13,4.08,$-1.01,0.0,$-0.64,0.0,$0.63B,$0.13B,4.95,$0.00B,$0.80B,0.0,$0.36B,$0.11B,31.01%,$0.36B,$-0.04B,-11.73%,$0.36B,$-0.04B,-11.73%,$0.36B,$-0.02B,-5.87%,$0.36B,$-0.04B,-11.73%,$0.36B,$-0.02B,-6.70%,$-0.02B,$0.80B,-3.01%,$-0.02B,$0.60B,-3.83%,$-0.02B,$0.96B,-2.55%,$-0.04B,$0.80B,-5.25%,$95,$64,$31,$21,$22,$111,$-16,$0,$-16,$-0,$-15,$-15,$-15,$-10,$-16,$39,39,$-0.39,$-0.39,$485,$48,$0,$634,$83,$0,$200,$40,$323,$957,$128,$2,$3,$28,$156,$0,$58,$5,$801,$957,$4,$12,$-27,$-15,$-33,$7,$-1,$21,$-6,$-17,$3,$0,$0,$29,$0,$29,$-1,$31,$-0,$0,$-0,$9,$9,$0,$-2,$7,$22,$10,$0
18,2014-03-31,41.93,$20.30,2.07,$9.23,4.54,$-0.45,0.0,$-0.36,0.0,$0.63B,$0.11B,5.51,$0.00B,$0.81B,0.0,$0.36B,$0.12B,31.94%,$0.36B,$-0.03B,-9.17%,$0.36B,$-0.03B,-9.17%,$0.36B,$-0.01B,-3.89%,$0.36B,$-0.03B,-9.17%,$0.36B,$-0.01B,-3.61%,$-0.01B,$0.81B,-1.63%,$-0.01B,$0.61B,-1.98%,$-0.01B,$0.96B,-1.39%,$-0.03B,$0.81B,-4.13%,$91,$57,$34,$20,$22,$72,$19,$0,$19,$-0,$19,$19,$19,$24,$19,$39,40,$0.49,$0.48,$483,$52,$0,$625,$87,$0,$203,$39,$329,$955,$114,$2,$0,$29,$142,$0,$73,$5,$812,$955,$19,$6,$-26,$-21,$-27,$8,$-2,$5,$-17,$-18,$0,$0,$0,$14,$0,$14,$-0,$14,$-0,$0,$-0,$8,$8,$0,$-0,$8,$4,$5,$0
19,2013-12-31,32.91,$19.67,1.67,$8.55,3.85,$0.24,137.7,$-1.10,0.0,$0.61B,$0.13B,4.79,$0.00B,$0.78B,0.0,$0.33B,$0.10B,31.42%,$0.33B,$-0.07B,-21.75%,$0.33B,$-0.07B,-21.75%,$0.33B,$-0.05B,-16.31%,$0.33B,$-0.07B,-21.45%,$0.33B,$-0.04B,-12.69%,$-0.04B,$0.78B,-5.28%,$-0.04B,$0.57B,-6.11%,$-0.04B,$0.95B,-4.50%,$-0.07B,$0.78B,-9.03%,$73,$58,$16,$21,$26,$109,$-35,$-0,$-35,$-13,$-22,$-22,$-22,$-29,$-35,$39,39,$-0.56,$-0.56,$495,$60,$0,$614,$89,$0,$206,$39,$334,$948,$128,$2,$10,$40,$168,$0,$54,$5,$780,$948,$-42,$18,$4,$23,$37,$3,$8,$3,$20,$1,$-5,$0,$-71,$-89,$-2,$-92,$0,$-168,$-0,$0,$-0,$2,$2,$0,$-8,$-6,$-174,$13,$0
20,2013-09-30,37.22,$20.31,1.83,$9.40,3.96,$2.57,14.49,$-0.76,0.0,$0.72B,$0.10B,7.31,$0.00B,$0.80B,0.0,$0.37B,$0.13B,34.79%,$0.37B,$-0.04B,-11.78%,$0.37B,$-0.04B,-11.78%,$0.37B,$-0.03B,-7.40%,$0.37B,$-0.04B,-11.51%,$0.37B,$-0.03B,-7.95%,$-0.03B,$0.80B,-3.61%,$-0.03B,$0.72B,-3.99%,$-0.03B,$0.91B,-3.12%,$-0.04B,$0.80B,-5.34%,$99,$69,$30,$19,$20,$109,$-10,$0,$-10,$-4,$-6,$-6,$-6,$-6,$-10,$39,39,$-0.16,$-0.16,$573,$58,$0,$716,$96,$0,$74,$17,$193,$909,$98,$2,$5,$14,$112,$0,$76,$5,$797,$909,$-20,$12,$3,$15,$25,$2,$2,$-4,$9,$5,$-8,$0,$0,$-130,$-2,$-132,$0,$-140,$-0,$0,$-0,$0,$0,$0,$-2,$-2,$-137,$9,$0
21,2013-06-30,35.41,$20.39,1.74,$10.23,3.46,$4.78,7.41,$-0.26,0.0,$0.74B,$0.12B,6.01,$0.00B,$0.80B,0.0,$0.40B,$0.15B,36.84%,$0.40B,$-0.03B,-6.52%,$0.40B,$-0.03B,-6.52%,$0.40B,$-0.01B,-2.26%,$0.40B,$-0.02B,-6.02%,$0.40B,$-0.01B,-2.76%,$-0.01B,$0.80B,-1.36%,$-0.01B,$0.73B,-1.50%,$-0.01B,$0.94B,-1.17%,$-0.03B,$0.80B,-3.21%,$97,$63,$35,$21,$20,$104,$-7,$0,$-7,$-2,$-4,$-4,$-4,$-3,$-7,$39,39,$-0.11,$-0.11,$585,$64,$0,$744,$97,$0,$75,$17,$194,$938,$124,$2,$5,$14,$138,$0,$82,$4,$800,$938,$-14,$8,$-5,$3,$18,$-4,$21,$-1,$25,$14,$-6,$0,$0,$-148,$0,$-148,$-1,$-155,$-0,$0,$-0,$0,$0,$0,$-2,$-2,$-143,$6,$0
22,2013-03-31,38.41,$20.43,1.88,$11.22,3.42,$5.70,6.74,$0.15,256.07,$0.74B,$0.12B,6.25,$0.00B,$0.80B,0.0,$0.44B,$0.17B,39.41%,$0.44B,$-0.00B,-0.91%,$0.44B,$-0.00B,-0.91%,$0.44B,$0.01B,2.96%,$0.44B,$-0.00B,-0.46%,$0.44B,$0.01B,1.14%,$0.01B,$0.80B,0.62%,$0.01B,$0.73B,0.69%,$0.01B,$0.94B,0.53%,$-0.00B,$0.81B,-0.49%,$62,$39,$23,$21,$20,$81,$-20,$0,$-19,$-9,$-10,$-10,$-10,$-16,$-20,$39,39,$-0.26,$-0.26,$588,$68,$0,$742,$97,$0,$76,$16,$194,$936,$119,$2,$5,$14,$133,$0,$86,$5,$803,$936,$-10,$4,$-4,$0,$20,$-8,$6,$2,$20,$10,$-2,$0,$0,$-170,$0,$-170,$0,$-172,$-0,$0,$-0,$0,$0,$0,$-0,$0,$-161,$3,$0
23,2012-12-31,29.49,$20.63,1.43,$13.23,2.23,$6.32,4.66,$0.83,35.53,$0.74B,$0.11B,6.63,$0.00B,$0.81B,0.0,$0.52B,$0.22B,41.59%,$0.52B,$0.04B,7.16%,$0.52B,$0.04B,7.16%,$0.52B,$0.05B,10.44%,$0.52B,$0.04B,7.35%,$0.52B,$0.03B,6.00%,$0.03B,$0.81B,3.87%,$0.03B,$0.73B,4.29%,$0.03B,$0.94B,3.28%,$0.04B,$0.81B,4.60%,$107,$68,$39,$22,$19,$113,$-6,$0,$-6,$3,$-9,$-9,$-9,$-2,$-6,$38,39,$-0.24,$-0.23,$579,$60,$0,$744,$98,$0,$77,$17,$193,$937,$112,$2,$5,$14,$126,$0,$96,$6,$811,$937,$31,$16,$9,$25,$31,$54,$-12,$15,$56,$112,$-25,$0,$0,$80,$-10,$70,$4,$48,$-0,$0,$-0,$5,$5,$0,$0,$6,$167,$14,$0
24,2012-09-30,30.0,$20.78,1.44,$15.15,1.98,$5.43,5.52,$1.58,18.99,$0.76B,$0.13B,5.84,$0.00B,$0.82B,0.0,$0.60B,$0.26B,43.02%,$0.60B,$0.08B,12.46%,$0.60B,$0.08B,12.46%,$0.60B,$0.09B,15.28%,$0.60B,$0.08B,12.79%,$0.60B,$0.06B,9.97%,$0.06B,$0.82B,7.61%,$0.06B,$0.74B,8.47%,$0.06B,$0.96B,6.34%,$0.08B,$0.82B,9.48%,$133,$83,$50,$26,$14,$125,$7,$0,$8,$-0,$8,$8,$12,$12,$7,$39,39,$0.30,$0.30,$574,$74,$0,$758,$99,$0,$78,$19,$196,$955,$130,$2,$0,$8,$137,$0,$105,$6,$817,$955,$40,$12,$4,$16,$34,$40,$-3,$3,$50,$106,$-23,$0,$0,$86,$-10,$76,$4,$57,$-0,$0,$-0,$5,$5,$0,$1,$6,$169,$11,$0
25,2012-06-30,34.36,$20.37,1.69,$18.45,1.86,$3.63,9.48,$2.14,16.06,$0.76B,$0.15B,5.27,$0.00B,$0.80B,0.0,$0.74B,$0.33B,45.32%,$0.74B,$0.14B,19.27%,$0.74B,$0.14B,19.27%,$0.74B,$0.16B,21.30%,$0.74B,$0.14B,19.40%,$0.74B,$0.08B,11.40%,$0.08B,$0.80B,10.93%,$0.08B,$0.72B,12.23%,$0.08B,$0.95B,8.93%,$0.14B,$0.80B,18.42%,$137,$75,$61,$24,$21,$121,$15,$0,$15,$4,$11,$11,$12,$19,$15,$38,39,$0.31,$0.30,$540,$91,$0,$764,$97,$0,$79,$9,$186,$950,$145,$2,$0,$8,$153,$0,$93,$6,$797,$950,$28,$8,$5,$13,$0,$23,$-8,$17,$19,$60,$-17,$0,$0,$51,$0,$51,$4,$38,$-0,$0,$-0,$2,$2,$0,$-0,$2,$99,$7,$0
26,2012-03-31,28.6,$20.11,1.42,$21.10,1.36,$3.53,8.1,$2.29,12.49,$0.76B,$0.16B,4.84,$0.00B,$0.78B,0.0,$0.87B,$0.41B,47.17%,$0.87B,$0.21B,24.28%,$0.87B,$0.21B,24.28%,$0.87B,$0.23B,26.01%,$0.87B,$0.21B,24.05%,$0.87B,$0.09B,10.52%,$0.09B,$0.78B,11.65%,$0.09B,$0.70B,13.08%,$0.09B,$0.94B,9.25%,$0.21B,$0.78B,26.80%,$140,$75,$65,$23,$20,$119,$21,$0,$21,$5,$16,$16,$16,$25,$21,$38,39,$0.43,$0.42,$524,$103,$0,$758,$92,$0,$80,$14,$186,$944,$157,$2,$0,$8,$164,$0,$282,$6,$780,$944,$16,$4,$4,$7,$5,$11,$-2,$13,$18,$42,$-8,$0,$0,$25,$0,$25,$0,$17,$-0,$0,$-0,$1,$1,$0,$-0,$0,$57,$3,$0
27,2011-12-31,20.8,$19.62,1.06,$23.49,0.89,$4.22,4.93,$3.11,6.69,$0.76B,$0.17B,4.51,$0.00B,$0.76B,0.0,$0.98B,$0.47B,48.37%,$0.98B,$0.28B,28.16%,$0.98B,$0.28B,28.16%,$0.98B,$0.29B,29.69%,$0.98B,$0.27B,27.86%,$0.98B,$0.13B,13.06%,$0.13B,$0.76B,16.16%,$0.13B,$0.68B,18.03%,$0.13B,$0.94B,12.33%,$0.28B,$0.76B,34.74%,$192,$109,$83,$27,$21,$159,$32,$0,$33,$9,$24,$24,$20,$36,$32,$40,41,$0.53,$0.52,$492,$113,$0,$755,$86,$0,$82,$14,$182,$936,$167,$2,$1,$8,$176,$0,$265,$7,$761,$936,$128,$14,$62,$76,$57,$-19,$8,$-11,$-89,$115,$-60,$0,$-28,$119,$0,$119,$76,$106,$-106,$0,$-106,$-151,$-151,$0,$7,$-250,$-27,$13,$0
28,2011-09-30,24.4,$0.00,0.0,$25.84,0.94,$7.19,3.39,$7.29,3.35,$0.76B,$0.20B,3.89,$0.00B,$0.00B,0.0,$1.09B,$0.55B,50.46%,$1.09B,$0.36B,33.52%,$1.09B,$0.36B,33.52%,$1.09B,$0.38B,34.81%,$1.09B,$0.36B,33.06%,$1.09B,$0.31B,28.08%,$0.31B,$0.74B,38.47%,$0.31B,$0.65B,42.73%,$0.31B,$0.93B,27.95%,$0.36B,$0.74B,45.79%,$268,$143,$125,$26,$24,$194,$74,$0,$74,$22,$53,$53,$36,$77,$74,$39,40,$0.91,$0.90,$449,$128,$0,$761,$76,$0,$83,$11,$173,$934,$196,$2,$1,$3,$199,$0,$0,$0,$735,$934,$108,$11,$55,$66,$36,$-33,$12,$-37,$-114,$60,$-48,$0,$-28,$181,$0,$181,$53,$158,$-106,$0,$-106,$-152,$-152,$0,$6,$-252,$-32,$9,$0
29,2011-06-30,48.41,$0.00,0.0,$25.70,1.88,$11.14,4.35,$8.43,5.74,$0.95B,$0.27B,3.55,$0.00B,$0.00B,0.0,$1.10B,$0.56B,51.14%,$1.10B,$0.39B,35.43%,$1.10B,$0.39B,35.43%,$1.10B,$0.40B,36.71%,$1.10B,$0.38B,34.89%,$1.10B,$0.36B,32.42%,$0.36B,$0.85B,47.75%,$0.36B,$0.75B,53.16%,$0.36B,$1.12B,32.46%,$0.39B,$0.85B,50.34%,$265,$129,$135,$24,$27,$182,$83,$-3,$80,$24,$56,$56,$19,$87,$83,$41,43,$0.47,$0.45,$633,$113,$0,$953,$62,$0,$95,$6,$167,$1120,$269,$3,$0,$3,$272,$0,$0,$0,$849,$1120,$72,$7,$62,$69,$24,$-26,$28,$-43,$-66,$75,$-31,$0,$-28,$13,$0,$13,$22,$-25,$-106,$0,$-106,$1,$1,$0,$5,$-100,$-47,$7,$0
30,2011-03-31,50.84,$0.00,0.0,$24.64,2.06,$12.48,4.07,$9.18,5.54,$1.03B,$0.34B,3.07,$0.00B,$0.00B,0.0,$1.05B,$0.52B,49.86%,$1.05B,$0.37B,34.73%,$1.05B,$0.37B,34.73%,$1.05B,$0.38B,36.06%,$1.05B,$0.36B,34.25%,$1.05B,$0.39B,36.92%,$0.39B,$0.82B,59.76%,$0.39B,$0.76B,67.33%,$0.39B,$1.16B,38.22%,$0.37B,$0.83B,52.03%,$255,$124,$131,$20,$23,$167,$87,$-2,$86,$28,$58,$58,$53,$91,$87,$40,43,$1.32,$1.24,$779,$121,$0,$1032,$49,$0,$68,$5,$131,$1163,$336,$3,$0,$3,$339,$0,$0,$0,$824,$1163,$53,$3,$10,$13,$56,$-13,$6,$3,$9,$75,$-9,$0,$0,$-32,$0,$-32,$0,$-42,$-8,$0,$-8,$3,$3,$0,$2,$-2,$32,$3,$0
31,2010-12-31,42.96,$18.90,2.27,$21.84,1.97,$11.91,3.61,$8.56,5.02,$1.02B,$0.38B,2.67,$0.00B,$0.76B,0.0,$0.93B,$0.45B,48.34%,$0.93B,$0.30B,32.55%,$0.93B,$0.30B,32.55%,$0.93B,$0.32B,34.05%,$0.93B,$0.30B,31.90%,$0.93B,$0.36B,38.78%,$0.36B,$0.76B,66.06%,$0.36B,$0.69B,76.97%,$0.36B,$1.15B,40.34%,$0.30B,$0.77B,48.58%,$298,$141,$157,$12,$26,$178,$120,$-1,$119,$8,$111,$111,$197,$123,$120,$39,43,$5.01,$4.65,$715,$108,$0,$1023,$42,$0,$69,$5,$125,$1148,$382,$3,$0,$3,$386,$0,$137,$6,$763,$1148,$362,$14,$-182,$-168,$-83,$-50,$7,$-38,$1,$194,$-11,$0,$0,$-259,$0,$-259,$149,$-122,$-0,$0,$-0,$7,$7,$0,$19,$26,$97,$9,$0
32,2010-09-30,34.87,$0.00,0.0,$17.06,2.04,$9.20,3.79,$4.36,8.0,$0.83B,$0.30B,2.77,$0.10B,$0.00B,0.0,$0.71B,$0.33B,47.03%,$0.71B,$0.22B,31.16%,$0.71B,$0.22B,31.16%,$0.71B,$0.23B,33.00%,$0.71B,$0.21B,30.17%,$0.71B,$0.18B,25.92%,$0.18B,$0.54B,41.08%,$0.18B,$0.47B,49.90%,$0.18B,$0.94B,24.10%,$0.22B,$0.64B,40.18%,$277,$140,$137,$15,$23,$179,$98,$-2,$97,$3,$94,$94,$86,$101,$98,$40,42,$2.16,$2.04,$467,$81,$0,$827,$45,$0,$70,$1,$116,$944,$299,$103,$0,$106,$405,$0,$0,$0,$538,$944,$165,$11,$-22,$-12,$-61,$-25,$20,$-38,$35,$188,$-8,$0,$0,$-22,$0,$-22,$-30,$-60,$-0,$0,$-0,$4,$4,$0,$-3,$1,$130,$6,$0
33,2010-06-30,34.28,$0.00,0.0,$12.81,2.68,$5.49,6.24,$2.36,14.53,$0.66B,$0.23B,2.86,$0.10B,$0.00B,0.0,$0.50B,$0.23B,44.84%,$0.50B,$0.13B,24.80%,$0.50B,$0.13B,24.80%,$0.50B,$0.14B,26.79%,$0.50B,$0.12B,23.21%,$0.50B,$0.10B,19.44%,$0.10B,$0.47B,27.18%,$0.10B,$0.39B,35.44%,$0.10B,$0.81B,15.66%,$0.13B,$0.57B,27.07%,$221,$123,$99,$17,$21,$162,$60,$-2,$58,$8,$50,$50,$52,$64,$60,$40,44,$1.32,$1.20,$415,$84,$0,$662,$59,$0,$85,$1,$145,$806,$232,$102,$0,$103,$334,$0,$0,$0,$472,$806,$78,$8,$4,$12,$-49,$-6,$20,$-5,$19,$109,$-6,$0,$0,$82,$0,$82,$-0,$75,$-0,$0,$-0,$33,$33,$0,$-3,$30,$213,$4,$0
34,2010-03-31,43.48,$0.00,0.0,$10.01,4.34,$3.27,13.29,$0.69,63.01,$0.54B,$0.16B,3.34,$0.10B,$0.00B,0.0,$0.36B,$0.15B,42.54%,$0.36B,$0.05B,14.65%,$0.36B,$0.05B,14.65%,$0.36B,$0.06B,18.03%,$0.36B,$0.05B,12.68%,$0.36B,$0.03B,8.73%,$0.03B,$0.41B,10.68%,$0.03B,$0.33B,15.20%,$0.03B,$0.68B,6.00%,$0.05B,$0.52B,13.31%,$135,$78,$57,$13,$18,$110,$25,$-2,$23,$1,$23,$23,$26,$29,$25,$39,42,$0.67,$0.62,$350,$85,$0,$538,$57,$0,$87,$0,$144,$682,$161,$102,$1,$107,$269,$0,$0,$0,$413,$682,$26,$4,$4,$8,$1,$-6,$4,$-7,$8,$42,$-1,$0,$0,$-20,$0,$-20,$-0,$-22,$-0,$0,$-0,$27,$27,$0,$-0,$26,$46,$2,$0
35,2009-12-31,33.04,$9.21,3.59,$8.82,3.75,$2.30,14.37,$-0.59,0.0,$0.46B,$0.14B,3.28,$0.10B,$0.36B,0.28,$0.28B,$0.11B,40.28%,$0.28B,$0.01B,2.83%,$0.28B,$0.01B,2.83%,$0.28B,$0.02B,7.77%,$0.28B,$0.00B,0.35%,$0.28B,$-0.02B,-5.65%,$-0.02B,$0.36B,-6.72%,$-0.02B,$0.29B,-10.70%,$-0.02B,$0.61B,-3.61%,$0.01B,$0.46B,2.37%,$73,$34,$39,$1,$5,$36,$37,$-2,$35,$1,$34,$34,$19,$39,$37,$33,33,$0.61,$0.61,$284,$56,$0,$456,$45,$0,$74,$0,$149,$605,$139,$101,$1,$107,$246,$0,$-224,$7,$359,$605,$-16,$15,$19,$35,$-28,$10,$3,$2,$40,$59,$-7,$0,$-3,$-135,$0,$-135,$-11,$-155,$-0,$0,$-0,$143,$143,$0,$-1,$142,$46,$7,$0
36,2009-09-30,23.32,$0.00,0.0,$10.09,2.31,$1.71,13.6,$-3.38,0.0,$0.26B,$0.11B,2.48,$0.10B,$0.20B,0.51,$0.32B,$0.12B,35.94%,$0.32B,$-0.11B,-33.13%,$0.32B,$-0.11B,-33.13%,$0.32B,$-0.09B,-29.38%,$0.32B,$-0.11B,-34.06%,$0.32B,$-0.11B,-34.06%,$-0.11B,$0.20B,-53.17%,$-0.11B,$0.11B,-98.87%,$-0.11B,$0.41B,-27.28%,$-0.11B,$0.30B,-34.87%,$75,$44,$31,$11,$16,$72,$3,$-2,$1,$1,$0,$0,$1,$3,$3,$32,32,$0.04,$0.04,$109,$75,$0,$259,$59,$0,$92,$0,$151,$410,$105,$100,$2,$107,$212,$0,$0,$0,$198,$410,$-34,$13,$27,$40,$-5,$13,$2,$-7,$16,$22,$-4,$0,$-12,$0,$0,$0,$-1,$-17,$-0,$0,$-0,$3,$3,$0,$-0,$2,$7,$5,$0
37,2009-06-30,11.59,$0.00,0.0,$11.46,1.01,$1.54,7.52,$-3.47,0.0,$0.22B,$0.07B,2.95,$0.10B,$0.19B,0.52,$0.36B,$0.13B,36.01%,$0.36B,$-0.11B,-30.19%,$0.36B,$-0.11B,-30.19%,$0.36B,$-0.09B,-24.65%,$0.36B,$-0.11B,-31.02%,$0.36B,$-0.11B,-31.02%,$-0.11B,$0.19B,-49.45%,$-0.11B,$0.10B,-99.33%,$-0.11B,$0.37B,-25.93%,$-0.11B,$0.29B,-32.96%,$72,$48,$24,$13,$20,$85,$-13,$-2,$-14,$0,$-15,$-15,$-15,$-7,$-13,$31,31,$-0.47,$-0.47,$97,$78,$0,$216,$61,$0,$94,$0,$154,$371,$73,$100,$2,$107,$180,$0,$0,$0,$191,$371,$-36,$12,$12,$24,$27,$15,$-11,$0,$19,$8,$-3,$0,$-10,$0,$0,$0,$0,$-14,$-0,$0,$-0,$0,$0,$0,$-0,$-0,$-6,$4,$0
38,2009-03-31,6.67,$0.00,0.0,$12.80,0.52,$1.50,4.45,$-2.87,0.0,$0.23B,$0.08B,2.96,$0.10B,$0.21B,0.48,$0.40B,$0.15B,38.21%,$0.40B,$-0.09B,-22.33%,$0.40B,$-0.09B,-22.33%,$0.40B,$-0.07B,-17.12%,$0.40B,$-0.09B,-23.08%,$0.40B,$-0.09B,-23.33%,$-0.09B,$0.21B,-37.71%,$-0.09B,$0.11B,-80.00%,$-0.09B,$0.39B,-19.79%,$-0.09B,$0.30B,-25.07%,$63,$42,$20,$13,$19,$82,$-19,$-2,$-21,$0,$-21,$-21,$-21,$-13,$-19,$32,32,$-0.66,$-0.66,$93,$89,$0,$228,$63,$0,$96,$0,$159,$387,$77,$99,$2,$106,$183,$0,$0,$0,$205,$387,$-21,$6,$3,$9,$21,$5,$-4,$-0,$14,$2,$-2,$0,$-10,$0,$0,$0,$0,$-12,$-0,$0,$-0,$0,$0,$0,$-0,$-0,$-11,$1,$0
39,2008-12-31,6.34,$7.02,0.9,$14.09,0.45,$1.42,4.46,$-2.26,0.0,$0.27B,$0.10B,2.71,$0.10B,$0.23B,0.44,$0.44B,$0.18B,40.05%,$0.44B,$-0.07B,-16.06%,$0.44B,$-0.07B,-16.06%,$0.44B,$-0.05B,-11.31%,$0.44B,$-0.07B,-16.52%,$0.44B,$-0.08B,-16.97%,$-0.08B,$0.23B,-28.06%,$-0.08B,$0.13B,-62.63%,$-0.08B,$0.43B,-14.67%,$-0.07B,$0.32B,-18.56%,$110,$70,$40,$15,$22,$187,$-77,$2,$-75,$-1,$-74,$-74,$-74,$-77,$-77,$32,32,$-2.35,$-2.35,$104,$95,$0,$267,$64,$0,$98,$0,$163,$430,$98,$98,$2,$105,$204,$0,$-209,$7,$226,$430,$-75,$21,$92,$112,$13,$4,$-6,$3,$6,$43,$-11,$0,$-11,$0,$0,$0,$-2,$-24,$-33,$0,$-33,$1,$1,$0,$-1,$-33,$-14,$10,$0
40,2008-09-30,14.81,$0.00,0.0,$14.03,1.06,$1.38,10.72,$-0.27,0.0,$0.31B,$0.13B,2.42,$0.12B,$0.00B,0.0,$0.44B,$0.17B,39.41%,$0.44B,$-0.00B,-0.68%,$0.44B,$-0.00B,-0.68%,$0.44B,$0.03B,5.92%,$0.44B,$-0.01B,-2.05%,$0.44B,$-0.01B,-2.73%,$-0.01B,$0.28B,-4.30%,$-0.01B,$0.12B,-10.34%,$-0.01B,$0.54B,-2.24%,$-0.00B,$0.41B,-0.75%,$116,$70,$46,$15,$24,$116,$0,$-2,$-2,$1,$-2,$-2,$-2,$8,$0,$31,31,$-0.08,$-0.08,$118,$106,$0,$305,$66,$0,$167,$0,$234,$540,$127,$121,$2,$129,$255,$0,$0,$0,$284,$540,$-1,$20,$10,$30,$7,$-2,$-4,$-2,$-7,$22,$-10,$0,$-11,$0,$0,$0,$0,$-21,$-0,$0,$-0,$1,$1,$0,$-1,$-1,$1,$6,$0
41,2008-06-30,16.08,$0.00,0.0,$13.49,1.19,$1.52,10.57,$-0.40,0.0,$0.31B,$0.13B,2.35,$0.12B,$0.00B,0.0,$0.42B,$0.16B,38.72%,$0.42B,$-0.01B,-1.66%,$0.42B,$-0.01B,-1.66%,$0.42B,$0.02B,4.75%,$0.42B,$-0.01B,-2.85%,$0.42B,$-0.02B,-3.80%,$-0.02B,$0.28B,-5.75%,$-0.02B,$0.12B,-13.76%,$-0.02B,$0.54B,-3.00%,$-0.01B,$0.40B,-1.73%,$114,$67,$48,$15,$24,$108,$6,$-2,$5,$1,$3,$3,$3,$13,$6,$31,32,$0.11,$0.11,$110,$115,$0,$311,$66,$0,$165,$0,$232,$543,$132,$121,$3,$129,$261,$0,$0,$0,$282,$543,$1,$13,$5,$18,$3,$-11,$-1,$1,$-8,$10,$-7,$0,$-11,$0,$0,$0,$0,$-18,$-0,$0,$-0,$1,$1,$0,$-1,$-0,$-7,$4,$0
42,2008-03-31,16.63,$0.00,0.0,$13.06,1.27,$1.90,8.74,$-0.61,0.0,$0.31B,$0.13B,2.44,$0.12B,$0.00B,0.0,$0.41B,$0.16B,38.67%,$0.41B,$-0.01B,-3.45%,$0.41B,$-0.01B,-3.45%,$0.41B,$0.01B,2.96%,$0.41B,$-0.02B,-4.68%,$0.41B,$-0.02B,-5.42%,$-0.02B,$0.28B,-7.91%,$-0.02B,$0.12B,-18.84%,$-0.02B,$0.53B,-4.16%,$-0.01B,$0.40B,-3.40%,$102,$60,$43,$15,$23,$102,$0,$-2,$-1,$1,$-2,$-2,$-2,$6,$0,$31,31,$-0.07,$-0.07,$114,$105,$0,$307,$66,$0,$159,$0,$225,$532,$126,$121,$3,$129,$255,$0,$0,$0,$277,$532,$-2,$6,$2,$9,$2,$-6,$1,$2,$-6,$0,$-3,$0,$0,$0,$0,$0,$0,$-3,$-0,$0,$-0,$0,$0,$0,$-0,$-0,$-3,$2,$0
43,2007-12-31,16.7,$8.60,1.94,$12.95,1.29,$2.06,8.11,$-0.55,0.0,$0.30B,$0.13B,2.36,$0.12B,$0.27B,0.44,$0.40B,$0.16B,39.21%,$0.40B,$-0.01B,-2.98%,$0.40B,$-0.01B,-2.98%,$0.40B,$0.02B,3.72%,$0.40B,$-0.02B,-3.97%,$0.40B,$-0.02B,-4.96%,$-0.02B,$0.27B,-7.15%,$-0.02B,$0.11B,-17.17%,$-0.02B,$0.53B,-3.78%,$-0.01B,$0.40B,-2.86%,$107,$71,$36,$15,$22,$115,$-9,$-3,$-11,$0,$-11,$-12,$-11,$-1,$-9,$31,31,$-0.37,$-0.37,$117,$99,$0,$302,$66,$0,$161,$0,$227,$529,$128,$121,$2,$128,$256,$0,$-132,$5,$274,$529,$-20,$27,$11,$38,$15,$-1,$-4,$-2,$21,$39,$-9,$0,$0,$0,$0,$0,$0,$-9,$-61,$0,$-61,$3,$3,$0,$-2,$-59,$-30,$5,$0
44,2007-09-30,19.38,$0.00,0.0,$13.47,1.44,$2.00,9.69,$-0.01,0.0,$0.30B,$0.09B,3.14,$0.15B,$0.00B,0.0,$0.42B,$0.18B,42.24%,$0.42B,$0.01B,1.67%,$0.42B,$0.01B,1.67%,$0.42B,$0.03B,8.11%,$0.42B,$0.01B,1.19%,$0.42B,$-0.00B,-0.24%,$-0.00B,$0.28B,-0.35%,$-0.00B,$0.12B,-0.86%,$-0.00B,$0.53B,-0.18%,$0.01B,$0.43B,1.58%,$98,$62,$36,$15,$23,$102,$-4,$-1,$-5,$1,$-6,$-6,$-6,$2,$-4,$31,31,$-0.18,$-0.18,$108,$106,$0,$296,$70,$0,$162,$0,$232,$527,$94,$146,$2,$153,$247,$0,$0,$0,$280,$527,$-8,$19,$3,$23,$20,$-5,$-5,$-2,$8,$23,$-7,$0,$0,$0,$0,$0,$0,$-7,$-55,$0,$-55,$3,$3,$0,$-2,$-54,$-39,$3,$0
45,2007-06-30,20.74,$0.00,0.0,$13.91,1.49,$1.80,11.52,$0.31,66.9,$0.29B,$0.09B,3.18,$0.15B,$0.00B,0.0,$0.43B,$0.19B,43.65%,$0.43B,$0.02B,3.70%,$0.43B,$0.02B,3.70%,$0.43B,$0.05B,10.39%,$0.43B,$0.01B,3.23%,$0.43B,$0.01B,2.31%,$0.01B,$0.28B,3.57%,$0.01B,$0.12B,8.95%,$0.01B,$0.53B,1.79%,$0.02B,$0.43B,3.50%,$99,$57,$42,$16,$24,$100,$-1,$-1,$-2,$1,$-3,$-3,$-3,$5,$-1,$31,31,$-0.08,$-0.08,$108,$105,$0,$291,$72,$0,$164,$0,$236,$527,$91,$146,$2,$153,$245,$0,$0,$0,$282,$527,$-2,$13,$1,$15,$21,$-4,$-2,$-2,$8,$21,$-6,$0,$0,$0,$0,$0,$0,$-6,$-55,$0,$-55,$2,$2,$0,$-1,$-54,$-39,$2,$0
46,2007-03-31,19.5,$0.00,0.0,$14.29,1.37,$1.54,12.63,$0.49,39.8,$0.29B,$0.09B,3.11,$0.15B,$0.00B,0.0,$0.45B,$0.20B,44.17%,$0.45B,$0.02B,5.16%,$0.45B,$0.02B,5.16%,$0.45B,$0.05B,11.88%,$0.45B,$0.02B,4.48%,$0.45B,$0.02B,3.59%,$0.02B,$0.28B,5.82%,$0.02B,$0.12B,15.20%,$0.02B,$0.53B,2.82%,$0.02B,$0.43B,4.93%,$99,$55,$44,$15,$23,$97,$2,$-0,$2,$1,$0,$0,$0,$9,$2,$31,31,$0.01,$0.01,$95,$106,$0,$294,$72,$0,$165,$0,$237,$531,$94,$148,$2,$154,$248,$0,$0,$0,$283,$531,$0,$7,$-0,$7,$6,$-5,$-1,$-0,$-4,$4,$-2,$0,$0,$0,$0,$0,$0,$-2,$-55,$0,$-55,$1,$1,$0,$0,$-54,$-52,$1,$0
47,2006-12-31,18.73,$9.05,2.07,$14.24,1.32,$1.76,10.62,$0.47,39.85,$0.35B,$0.10B,3.54,$0.20B,$0.28B,0.72,$0.44B,$0.20B,44.22%,$0.44B,$0.02B,5.22%,$0.44B,$0.02B,5.22%,$0.44B,$0.05B,12.02%,$0.44B,$0.02B,4.31%,$0.44B,$0.02B,3.63%,$0.02B,$0.28B,5.99%,$0.02B,$0.11B,16.75%,$0.02B,$0.59B,2.80%,$0.02B,$0.49B,4.85%,$123,$68,$55,$16,$24,$113,$10,$-1,$10,$2,$7,$8,$8,$18,$10,$30,31,$0.25,$0.25,$147,$100,$0,$346,$74,$0,$170,$0,$244,$590,$98,$204,$2,$210,$308,$0,$-114,$4,$282,$590,$15,$30,$3,$33,$3,$-11,$9,$-5,$-2,$46,$-17,$0,$-3,$0,$0,$0,$2,$-19,$-20,$0,$-20,$16,$16,$0,$-0,$-4,$23,$2,$0
