,Date,Stock Price,Book Value per Share,Price to Book Ratio,TTM Sales per Share,Price to Sales Ratio,TTM FCF per Share,Price to FCF Ratio,TTM Net EPS,PE Ratio,Current Assets,Current Liabilities,Current Ratio,Long Term Debt,Shareholder's Equity_x,Debt to Equity Ratio,TTM Revenue_x,TTM Gross Profit,Gross Margin,TTM Revenue_y,TTM Operating Income,Operating Margin,TTM Revenue_x,TTM EBIT,EBIT Margin,TTM Revenue_y,TTM EBITDA,EBITDA Margin,TTM Revenue_x,TTM Pre-Tax Income,Pre-Tax Margin,TTM Revenue_y,TTM Net Income_x,Net Margin,TTM Net Income_y,Shareholder's Equity_y,Return on Equity,TTM Net Income_x,Tangible Equity,Return on Tangible Equity,TTM Net Income_y,Total Assets,Return on Assets,TTM Net Income,LT Investments & Debt,Return on Investment,revenue,cost-goods-sold,gross-profit,research-development-expenses,selling-general-administrative-expenses,operating-expenses,operating-income,total-non-operating-income-expense,pre-tax-income,total-provision-income-taxes,income-after-taxes,income-from-continuous-operations,net-income,ebitda,ebit,basic-shares-outstanding,shares-outstanding,eps-basic-net-earnings-per-share,eps-earnings-per-share-diluted,cash-on-hand,inventory,other-current-assets,total-current-assets,net-property-plant-equipment,long-term-investments,goodwill-intangible-assets-total,other-long-term-assets,total-long-term-assets,total-assets,total-current-liabilities,long-term-debt,other-non-current-liabilities,total-long-term-liabilities,total-liabilities,common-stock-net,retained-earnings-accumulated-deficit,comprehensive-income,total-share-holder-equity,total-liabilities-share-holders-equity,net-income-loss,total-depreciation-amortization-cash-flow,other-non-cash-items,total-non-cash-items,change-in-accounts-receivable,change-in-inventories,change-in-accounts-payable,change-in-assets-liabilities,total-change-in-assets-liabilities,cash-flow-from-operating-activities,net-change-in-property-plant-equipment,net-change-in-intangible-assets,net-acquisitions-divestitures,net-change-in-short-term-investments,net-change-in-long-term-investments,net-change-in-investments-total,investing-activities-other,cash-flow-from-investing-activities,net-long-term-debt,net-current-debt,debt-issuance-retirement-net-total,net-common-equity-issued-repurchased,net-total-equity-issued-repurchased,total-common-preferred-stock-dividends-paid,financial-activities-other,cash-flow-from-financial-activities,net-cash-flow,stock-based-compensation,common-stock-dividends-paid
0,2018-09-30,12.8,$0.00,0.0,$14.11,0.91,$4.88,2.62,$1.56,8.21,$8.95B,$9.12B,0.98,$5.68B,$12.21B,0.47,$14.09B,$4.10B,29.11%,$14.09B,$3.47B,24.65%,$14.09B,$3.47B,24.65%,$14.09B,$3.47B,24.65%,$14.09B,$1.55B,11.00%,$14.09B,$0.15B,1.06%,$0.15B,$12.21B,2.51%,$0.15B,$12.08B,2.53%,$0.15B,$28.75B,1.07%,$3.47B,$17.89B,41.36%,$3331,$1660,$1671,$0,$112,$2023,$1308,$-934,$374,$103,$272,$272,$272,$1308,$1308,$1311,1316,$0.21,$0.21,$5579,$1899,$1024,$8947,$11934,$22,$132,$1393,$19801,$28748,$9118,$5680,$1063,$7422,$16540,$53,$0,$0,$12208,$28748,$0,$0,$0,$0,$0,$0,$0,$0,$0,$0,$0,$0,$0,$0,$0,$0,$0,$0,$0,$0,$0,$0,$0,$0,$0,$0,$0,$0,$0
1,2018-06-30,13.6,$0.00,0.0,$15.36,0.89,$4.56,2.98,$1.73,7.86,$0.00B,$0.00B,0.0,$0.00B,$0.00B,0.0,$14.27B,$4.15B,29.08%,$14.27B,$3.60B,25.26%,$14.27B,$3.60B,25.26%,$14.27B,$3.60B,25.26%,$14.27B,$1.79B,12.53%,$14.27B,$0.20B,1.42%,$0.20B,$0.00B,3.39%,$0.20B,$0.00B,3.66%,$0.20B,$0.00B,1.47%,$3.60B,$0.00B,43.91%,$3394,$1430,$1964,$0,$109,$1867,$1526,$-1022,$504,$167,$337,$337,$230,$1526,$1526,$928,928,$0.25,$0.25,$0,$0,$0,$0,$0,$0,$0,$0,$0,$0,$0,$0,$0,$0,$0,$0,$0,$0,$0,$0,$0,$0,$0,$0,$0,$0,$0,$0,$0,$0,$0,$0,$0,$0,$0,$0,$0,$0,$0,$0,$0,$0,$0,$0,$0,$0,$0,$0,$0
2,2018-03-31,17.57,$12.44,1.41,$15.32,1.15,$4.56,3.85,$1.75,10.04,$8.70B,$10.31B,0.84,$4.13B,$11.56B,0.36,$14.03B,$3.96B,28.21%,$14.03B,$3.43B,24.45%,$14.03B,$3.43B,24.45%,$14.03B,$3.43B,24.45%,$14.03B,$1.74B,12.41%,$14.03B,$0.21B,1.49%,$0.21B,$11.56B,3.49%,$0.21B,$11.44B,3.77%,$0.21B,$27.10B,1.52%,$3.43B,$15.70B,41.81%,$3502,$4988,$-1486,$0,$324,$4485,$-983,$985,$2,$557,$-555,$-555,$-671,$-983,$-983,$927,929,$-0.73,$-0.73,$5563,$1841,$0,$8700,$13648,$24,$128,$673,$18399,$27099,$10307,$4132,$406,$5228,$15535,$57,$4643,$0,$11564,$27099,$720,$1150,$3901,$5051,$-474,$-341,$577,$-184,$-422,$5351,$-1111,$0,$-132,$377,$0,$377,$65,$-801,$-484,$-2462,$-2946,$-26,$-26,$-2513,$0,$-5485,$-922,$7,$-2513
3,2017-12-31,19.41,$0.00,0.0,$16.06,1.21,$3.31,5.86,$1.23,15.78,$0.00B,$0.00B,0.0,$0.00B,$0.00B,0.0,$13.87B,$4.11B,29.61%,$13.87B,$3.63B,26.15%,$13.87B,$3.63B,26.15%,$13.87B,$3.63B,26.15%,$13.87B,$2.58B,18.59%,$13.87B,$1.17B,8.43%,$1.17B,$0.00B,19.99%,$1.17B,$0.00B,21.62%,$1.17B,$0.00B,8.13%,$3.63B,$0.00B,43.59%,$3865,$1911,$1953,$0,$93,$2243,$1622,$-952,$670,$211,$459,$459,$318,$1622,$1622,$926,930,$0.34,$0.34,$0,$0,$0,$0,$0,$0,$0,$0,$0,$0,$0,$0,$0,$0,$0,$0,$0,$0,$0,$0,$0,$0,$0,$0,$0,$0,$0,$0,$0,$0,$0,$0,$0,$0,$0,$0,$0,$0,$0,$0,$0,$0,$0,$0,$0,$0,$0,$0,$0
4,2017-09-30,18.04,$0.00,0.0,$16.00,1.13,$3.31,5.44,$1.26,14.32,$8.89B,$9.43B,0.94,$4.73B,$12.41B,0.38,$13.05B,$3.86B,29.58%,$13.05B,$3.36B,25.76%,$13.05B,$3.36B,25.76%,$13.05B,$3.36B,25.76%,$13.05B,$2.49B,19.06%,$13.05B,$1.13B,8.66%,$1.13B,$12.41B,19.30%,$1.13B,$10.74B,20.88%,$1.13B,$27.96B,7.85%,$3.36B,$17.14B,40.39%,$3505,$1787,$1718,$0,$102,$2065,$1439,$-828,$612,$146,$466,$466,$326,$1439,$1439,$927,927,$0.35,$0.35,$5908,$1823,$734,$8889,$11911,$19,$1668,$1486,$19070,$27959,$9430,$4729,$1065,$6120,$15550,$58,$0,$0,$12409,$27959,$0,$0,$0,$0,$0,$0,$0,$0,$0,$0,$0,$0,$0,$0,$0,$0,$0,$0,$0,$0,$0,$0,$0,$0,$0,$0,$0,$0,$0
5,2017-06-30,14.46,$0.00,0.0,$15.61,0.93,$3.31,4.36,$1.17,12.36,$0.00B,$0.00B,0.0,$0.00B,$0.00B,0.0,$12.06B,$3.59B,29.73%,$12.06B,$2.93B,24.31%,$12.06B,$2.93B,24.31%,$12.06B,$2.93B,24.31%,$12.06B,$2.32B,19.21%,$12.06B,$0.99B,8.23%,$0.99B,$0.00B,16.90%,$0.99B,$0.00B,17.75%,$0.99B,$0.00B,6.84%,$2.93B,$0.00B,33.69%,$3162,$1388,$1774,$0,$90,$1807,$1354,$-897,$457,$106,$352,$352,$236,$1354,$1354,$873,874,$0.27,$0.27,$0,$0,$0,$0,$0,$0,$0,$0,$0,$0,$0,$0,$0,$0,$0,$0,$0,$0,$0,$0,$0,$0,$0,$0,$0,$0,$0,$0,$0,$0,$0,$0,$0,$0,$0,$0,$0,$0,$0,$0,$0,$0,$0,$0,$0,$0,$0,$0,$0
6,2017-03-31,14.97,$14.85,1.01,$14.91,1.0,$3.31,4.52,$1.02,14.67,$12.20B,$12.71B,0.96,$5.14B,$11.01B,0.47,$11.06B,$2.83B,25.55%,$11.06B,$2.36B,21.29%,$11.06B,$2.36B,21.29%,$11.06B,$2.36B,21.29%,$11.06B,$2.11B,19.04%,$11.06B,$0.85B,7.67%,$0.85B,$11.01B,14.45%,$0.85B,$10.91B,15.17%,$0.85B,$29.59B,5.85%,$2.36B,$16.15B,27.07%,$3339,$4677,$-1338,$0,$288,$4126,$-788,$1627,$839,$280,$559,$559,$290,$-788,$-788,$741,741,$0.45,$0.45,$9772,$1500,$0,$12204,$13526,$11,$98,$540,$17386,$29589,$12708,$5138,$345,$5875,$18582,$57,$5696,$0,$11007,$29589,$1520,$948,$767,$1715,$280,$-249,$360,$-355,$36,$3271,$-813,$0,$-1,$-387,$0,$-387,$-31,$-1232,$-1579,$2329,$750,$-16,$-16,$-1492,$0,$-757,$1276,$1,$-1492
7,2016-12-31,10.83,$0.00,0.0,$13.60,0.8,$0.97,11.19,$-1.49,0.0,$0.00B,$0.00B,0.0,$0.00B,$0.00B,0.0,$10.09B,$-2.73B,-27.08%,$10.09B,$-1.11B,-10.95%,$10.09B,$-1.11B,-10.95%,$10.09B,$-1.11B,-10.95%,$10.09B,$-3.86B,-38.22%,$10.09B,$-1.10B,-10.87%,$-1.10B,$0.00B,-18.14%,$-1.10B,$0.00B,-19.02%,$-1.10B,$0.00B,-7.75%,$-1.11B,$0.00B,-11.69%,$3039,$1334,$1705,$0,$92,$1683,$1356,$-777,$579,$134,$445,$445,$278,$1356,$1356,$742,742,$0.38,$0.38,$0,$0,$0,$0,$0,$0,$0,$0,$0,$0,$0,$0,$0,$0,$0,$0,$0,$0,$0,$0,$0,$0,$0,$0,$0,$0,$0,$0,$0,$0,$0,$0,$0,$0,$0,$0,$0,$0,$0,$0,$0,$0,$0,$0,$0,$0,$0,$0,$0
8,2016-09-30,8.97,$0.00,0.0,$12.50,0.72,$0.97,9.27,$-1.86,0.0,$10.78B,$8.71B,1.24,$6.18B,$12.47B,0.5,$9.30B,$-3.31B,-35.57%,$9.30B,$-2.26B,-24.28%,$9.30B,$-2.26B,-24.28%,$9.30B,$-2.26B,-24.28%,$9.30B,$-4.34B,-46.62%,$9.30B,$-1.37B,-14.75%,$-1.37B,$12.47B,-22.69%,$-1.37B,$11.45B,-23.79%,$-1.37B,$28.40B,-9.69%,$-2.26B,$18.65B,-23.88%,$2517,$1072,$1444,$0,$83,$1508,$1009,$-568,$441,$99,$342,$342,$188,$1009,$1009,$742,742,$0.25,$0.25,$7985,$1375,$849,$10779,$10550,$8,$1024,$1079,$17620,$28399,$8710,$6182,$960,$7221,$15930,$44,$0,$0,$12469,$28399,$0,$0,$0,$0,$0,$0,$0,$0,$0,$0,$0,$0,$0,$0,$0,$0,$0,$0,$0,$0,$0,$0,$0,$0,$0,$0,$0,$0,$0
9,2016-06-30,6.8,$0.00,0.0,$12.50,0.54,$1.99,3.42,$-1.91,0.0,$0.00B,$0.00B,0.0,$0.00B,$0.00B,0.0,$9.30B,$-3.42B,-36.81%,$9.30B,$-2.94B,-31.63%,$9.30B,$-2.94B,-31.63%,$9.30B,$-2.94B,-31.63%,$9.30B,$-4.45B,-47.83%,$9.30B,$-1.41B,-15.16%,$-1.41B,$0.00B,-20.41%,$-1.41B,$0.00B,-20.56%,$-1.41B,$0.00B,-9.03%,$-2.94B,$0.00B,-27.52%,$2166,$1151,$1015,$0,$87,$1388,$778,$-531,$247,$74,$174,$174,$92,$778,$778,$742,742,$0.12,$0.12,$0,$0,$0,$0,$0,$0,$0,$0,$0,$0,$0,$0,$0,$0,$0,$0,$0,$0,$0,$0,$0,$0,$0,$0,$0,$0,$0,$0,$0,$0,$0,$0,$0,$0,$0,$0,$0,$0,$0,$0,$0,$0,$0,$0,$0,$0,$0,$0,$0
10,2016-03-31,4.76,$0.00,0.0,$13.21,0.36,$1.99,2.39,$-1.85,0.0,$11.40B,$8.18B,1.39,$7.46B,$11.72B,0.64,$9.82B,$-3.40B,-34.60%,$9.82B,$-3.89B,-39.61%,$9.82B,$-3.89B,-39.61%,$9.82B,$-3.89B,-39.61%,$9.82B,$-4.29B,-43.71%,$9.82B,$-1.37B,-13.90%,$-1.37B,$11.72B,-19.76%,$-1.37B,$11.62B,-19.90%,$-1.37B,$28.22B,-8.74%,$-3.89B,$19.17B,-36.40%,$2366,$9262,$-6896,$0,$-1791,$6614,$-4248,$-61,$-5123,$-1680,$-3443,$-1655,$-1655,$-4248,$-4248,$741,741,$-2.23,$-2.23,$8931,$1227,$42,$11396,$0,$7,$95,$257,$1966,$28215,$8177,$7455,$410,$8321,$16498,$45,$2943,$0,$11717,$28215,$-2737,$1258,$0,$1258,$0,$0,$0,$0,$991,$1620,$-903,$0,$0,$0,$0,$259,$1,$-643,$0,$-775,$466,$0,$0,$-486,$0,$-796,$185,$0,$0
11,2015-12-31,4.81,$0.00,0.0,$10.02,0.48,$1.02,4.71,$0.38,12.65,$0.00B,$0.00B,0.0,$0.00B,$0.00B,0.0,$10.02B,$-5.79B,-57.78%,$10.02B,$-7.07B,-70.51%,$10.02B,$-7.07B,-70.51%,$10.02B,$-7.07B,-70.51%,$10.02B,$-5.61B,-55.94%,$10.02B,$-4.01B,-40.02%,$-4.01B,$0.00B,-49.50%,$-4.01B,$0.00B,-49.81%,$-4.01B,$0.00B,-23.27%,$-7.07B,$0.00B,-58.42%,$2250,$1121,$1129,$0,$657,$2047,$203,$-103,$100,$24,$76,$3,$3,$203,$203,$750,750,$0.00,$0.00,$0,$0,$0,$0,$0,$0,$0,$0,$0,$0,$0,$0,$0,$0,$0,$0,$0,$0,$0,$0,$0,$0,$0,$0,$0,$0,$0,$0,$0,$0,$0,$0,$0,$0,$0,$0,$0,$0,$0,$0,$0,$0,$0,$0,$0,$0,$0,$0,$0
12,2015-09-30,4.33,$0.00,0.0,$11.62,0.37,$1.02,4.24,$0.76,5.7,$11.80B,$7.70B,1.53,$7.66B,$15.91B,0.48,$10.89B,$-5.21B,-47.88%,$10.89B,$-6.28B,-57.63%,$10.89B,$-6.28B,-57.63%,$10.89B,$-6.28B,-57.63%,$10.89B,$-5.17B,-47.49%,$10.89B,$-3.76B,-34.50%,$-3.76B,$15.91B,-46.34%,$-3.76B,$15.82B,-46.63%,$-3.76B,$34.27B,-21.78%,$-6.28B,$23.57B,-51.87%,$2516,$1187,$1329,$0,$747,$2190,$326,$-31,$329,$31,$298,$150,$150,$326,$326,$742,742,$0.20,$0.20,$8916,$1372,$0,$11801,$0,$8,$97,$638,$1847,$34273,$7700,$7661,$516,$10662,$18362,$45,$5200,$0,$15912,$34273,$340,$601,$0,$601,$0,$0,$0,$0,$528,$1395,$-637,$0,$0,$0,$0,$0,$-213,$-850,$0,$-435,$-747,$0,$0,$-230,$996,$-417,$129,$0,$0
13,2015-06-30,8.91,$0.00,0.0,$12.51,0.71,0,0.0,$0.92,9.68,$0.00B,$0.00B,0.0,$0.00B,$0.00B,0.0,$11.55B,$-4.84B,-41.95%,$11.55B,$-5.61B,-48.58%,$11.55B,$-5.61B,-48.58%,$11.55B,$-5.61B,-48.58%,$11.55B,$-4.89B,-42.34%,$11.55B,$-3.64B,-31.54%,$-3.64B,$0.00B,-50.88%,$-3.64B,$0.00B,-65.67%,$-3.64B,$0.00B,-20.85%,$-5.61B,$0.00B,-49.50%,$2689,$1649,$1040,$0,$878,$2860,$-171,$-41,$401,$68,$332,$137,$137,$-171,$-171,$741,741,$0.18,$0.18,$0,$0,$0,$0,$0,$0,$0,$0,$0,$0,$0,$0,$0,$0,$0,$0,$0,$0,$0,$0,$0,$0,$0,$0,$0,$0,$0,$0,$0,$0,$0,$0,$0,$0,$0,$0,$0,$0,$0,$0,$0,$0,$0,$0,$0,$0,$0,$0,$0
14,2015-03-31,10.23,$0.00,0.0,$9.85,1.04,0,0.0,$0.76,13.45,$11.27B,$6.96B,1.62,$8.31B,$16.51B,0.5,$11.70B,$-4.28B,-36.61%,$11.70B,$-4.88B,-41.68%,$11.70B,$-4.88B,-41.68%,$11.70B,$-4.88B,-41.68%,$11.70B,$-5.00B,-42.73%,$11.70B,$-3.72B,-31.76%,$-3.72B,$16.51B,-51.92%,$-3.72B,$16.40B,-67.01%,$-3.72B,$34.69B,-21.28%,$-4.88B,$24.82B,-43.03%,$2569,$11859,$-9290,$0,$-1517,$9995,$-7426,$989,$-6437,$-1969,$-4468,$-4302,$-4302,$-7426,$-7426,$0,0,$0.00,$0.00,$8189,$1408,$4,$11265,$0,$4,$106,$186,$1950,$34693,$6958,$8311,$416,$11227,$18185,$48,$5416,$0,$16508,$34693,$-3260,$1783,$0,$1783,$0,$0,$0,$0,$61,$2018,$-1659,$0,$0,$0,$0,$979,$-26,$-705,$0,$-821,$46,$0,$-178,$-435,$0,$-1387,$-70,$0,$0
15,2014-12-31,11.2,$0.00,0.0,$14.18,0.79,$-0.74,0.0,$1.10,10.18,$0.00B,$0.00B,0.0,$0.00B,$0.00B,0.0,$12.57B,$3.30B,26.22%,$12.57B,$1.76B,14.01%,$12.57B,$1.76B,14.01%,$12.57B,$1.76B,14.01%,$12.57B,$1.70B,13.52%,$12.57B,$0.85B,6.79%,$0.85B,$0.00B,10.29%,$0.85B,$0.00B,12.78%,$0.85B,$0.00B,4.36%,$1.76B,$0.00B,13.90%,$3114,$1406,$1708,$0,$712,$2118,$996,$-459,$536,$77,$459,$259,$259,$996,$996,$676,676,$0.38,$0.38,$0,$0,$0,$0,$0,$0,$0,$0,$0,$0,$0,$0,$0,$0,$0,$0,$0,$0,$0,$0,$0,$0,$0,$0,$0,$0,$0,$0,$0,$0,$0,$0,$0,$0,$0,$0,$0,$0,$0,$0,$0,$0,$0,$0,$0,$0,$0,$0,$0
16,2014-09-30,14.13,$0.00,0.0,$13.64,1.04,$-0.74,0.0,$1.11,12.73,$11.07B,$7.70B,1.44,$8.39B,$12.12B,0.69,$12.59B,$3.24B,25.76%,$12.59B,$2.01B,16.00%,$12.59B,$2.01B,16.00%,$12.59B,$2.01B,16.00%,$12.59B,$1.72B,13.65%,$12.59B,$0.90B,7.11%,$0.90B,$12.12B,10.80%,$0.90B,$5.78B,13.41%,$0.90B,$35.17B,4.58%,$2.01B,$20.51B,15.90%,$3174,$1475,$1699,$0,$706,$2182,$992,$-432,$612,$92,$519,$264,$264,$992,$992,$741,741,$0.36,$0.36,$7657,$1630,$925,$11068,$0,$34,$6341,$2689,$9068,$35171,$7702,$8387,$950,$15348,$23050,$49,$0,$0,$12122,$35171,$0,$0,$0,$0,$0,$0,$0,$0,$0,$0,$0,$0,$0,$0,$0,$0,$0,$0,$0,$0,$0,$0,$0,$0,$0,$0,$0,$0,$0
17,2014-06-30,15.76,$0.00,0.0,$14.82,1.06,$-1.44,0.0,$1.27,12.41,$0.00B,$0.00B,0.0,$0.00B,$0.00B,0.0,$13.46B,$3.55B,26.38%,$13.46B,$2.41B,17.89%,$13.46B,$2.41B,17.89%,$13.46B,$2.41B,17.89%,$13.46B,$1.52B,11.31%,$13.46B,$1.02B,7.55%,$1.02B,$0.00B,9.97%,$1.02B,$0.00B,10.07%,$1.02B,$0.00B,4.82%,$2.41B,$0.00B,16.26%,$2843,$1244,$1600,$0,$691,$2281,$562,$-295,$290,$61,$229,$63,$63,$562,$562,$2961,2961,$0.02,$0.02,$0,$0,$0,$0,$0,$0,$0,$0,$0,$0,$0,$0,$0,$0,$0,$0,$0,$0,$0,$0,$0,$0,$0,$0,$0,$0,$0,$0,$0,$0,$0,$0,$0,$0,$0,$0,$0,$0,$0,$0,$0,$0,$0,$0,$0,$0,$0,$0,$0
18,2014-03-31,10.11,$0.00,0.0,$16.77,0.6,$-1.44,0.0,$1.58,6.38,$12.18B,$7.49B,1.63,$9.12B,$21.04B,0.43,$12.09B,$2.79B,23.05%,$12.09B,$2.12B,17.56%,$12.09B,$2.12B,17.56%,$12.09B,$2.12B,17.56%,$12.09B,$1.62B,13.36%,$12.09B,$1.12B,9.27%,$1.12B,$21.04B,10.99%,$1.12B,$20.92B,11.10%,$1.12B,$43.03B,5.31%,$2.12B,$30.16B,14.32%,$3439,$5150,$-1711,$0,$-44,$4228,$-789,$1073,$261,$684,$-424,$267,$267,$-789,$-789,$794,794,$0.34,$0.34,$8945,$1547,$79,$12177,$0,$2,$116,$651,$1988,$43033,$7490,$9123,$550,$14504,$21993,$49,$7891,$0,$21039,$43033,$1037,$2032,$0,$2032,$0,$0,$0,$0,$2263,$937,$-1524,$0,$0,$0,$0,$-10898,$11545,$-877,$0,$-1098,$1425,$0,$0,$-451,$19,$-105,$-37,$0,$0
19,2013-12-31,10.71,$0.00,0.0,$17.03,0.63,$-0.11,0.0,$1.94,5.51,$0.00B,$0.00B,0.0,$0.00B,$0.00B,0.0,$10.97B,$3.25B,29.63%,$10.97B,$3.28B,29.93%,$10.97B,$3.28B,29.93%,$10.97B,$3.28B,29.93%,$10.97B,$1.71B,15.54%,$10.97B,$1.21B,11.01%,$1.21B,$0.00B,15.39%,$1.21B,$0.00B,15.69%,$1.21B,$0.00B,8.20%,$3.28B,$0.00B,30.74%,$3130,$1476,$1654,$0,$80,$1881,$1249,$-709,$555,$-22,$578,$301,$301,$1249,$1249,$741,769,$0.41,$0.39,$0,$0,$0,$0,$0,$0,$0,$0,$0,$0,$0,$0,$0,$0,$0,$0,$0,$0,$0,$0,$0,$0,$0,$0,$0,$0,$0,$0,$0,$0,$0,$0,$0,$0,$0,$0,$0,$0,$0,$0,$0,$0,$0,$0,$0,$0,$0,$0,$0
20,2013-09-30,9.1,$0.00,0.0,$16.83,0.54,$-0.11,0.0,$1.99,4.58,$11.39B,$6.99B,1.63,$9.39B,$19.71B,0.48,$9.82B,$2.56B,26.11%,$9.82B,$2.36B,24.00%,$9.82B,$2.36B,24.00%,$9.82B,$2.36B,24.00%,$9.82B,$1.59B,16.15%,$9.82B,$1.13B,11.48%,$1.13B,$19.71B,14.36%,$1.13B,$19.43B,14.64%,$1.13B,$41.36B,7.65%,$2.36B,$29.10B,22.05%,$4052,$2043,$2009,$0,$164,$2664,$1387,$-971,$417,$-149,$565,$385,$385,$1387,$1387,$741,741,$0.52,$0.52,$8079,$1644,$63,$11386,$0,$2,$287,$507,$1622,$41360,$6987,$9386,$539,$14659,$21646,$47,$7234,$0,$19714,$41360,$413,$981,$0,$981,$0,$0,$0,$0,$751,$96,$-616,$0,$0,$0,$0,$-58,$51,$-623,$0,$-699,$1395,$0,$0,$-219,$0,$477,$-35,$0,$0
21,2013-06-30,4.72,$0.00,0.0,$15.45,0.31,$0.97,4.85,$2.12,2.23,$0.00B,$0.00B,0.0,$0.00B,$0.00B,0.0,$7.82B,$1.60B,20.48%,$7.82B,$1.29B,16.49%,$7.82B,$1.29B,16.49%,$7.82B,$1.29B,16.49%,$7.82B,$1.70B,21.69%,$7.82B,$1.07B,13.64%,$1.07B,$0.00B,18.52%,$1.07B,$0.00B,18.97%,$1.07B,$0.00B,12.41%,$1.29B,$0.00B,19.45%,$1464,$630,$834,$0,$464,$1188,$275,$96,$382,$64,$318,$167,$167,$275,$275,$504,504,$0.33,$0.33,$0,$0,$0,$0,$0,$0,$0,$0,$0,$0,$0,$0,$0,$0,$0,$0,$0,$0,$0,$0,$0,$0,$0,$0,$0,$0,$0,$0,$0,$0,$0,$0,$0,$0,$0,$0,$0,$0,$0,$0,$0,$0,$0,$0,$0,$0,$0,$0,$0
22,2013-03-31,5.54,$0.00,0.0,$16.28,0.34,$0.97,5.7,$2.20,2.52,$8.90B,$3.28B,2.72,$1.96B,$11.68B,0.17,$8.24B,$1.70B,20.59%,$8.24B,$1.32B,16.03%,$8.24B,$1.32B,16.03%,$8.24B,$1.32B,16.03%,$8.24B,$1.74B,21.07%,$8.24B,$1.11B,13.51%,$1.11B,$11.68B,19.34%,$1.11B,$11.36B,19.81%,$1.11B,$17.59B,12.96%,$1.32B,$13.63B,19.94%,$2326,$3572,$-1246,$0,$-1329,$1953,$373,$-79,$351,$66,$285,$355,$355,$373,$373,$507,507,$0.70,$0.70,$4652,$1312,$21,$8904,$0,$2,$319,$602,$926,$17588,$3277,$1955,$368,$2632,$5909,$62,$5531,$0,$11679,$17588,$1735,$479,$0,$479,$0,$0,$0,$0,$-181,$1361,$-1059,$0,$151,$0,$0,$-219,$-594,$-1720,$0,$-361,$263,$0,$0,$-132,$532,$302,$-52,$0,$0
23,2012-12-31,6.84,$0.00,0.0,$15.75,0.43,$0.37,18.47,$1.98,3.45,$0.00B,$0.00B,0.0,$0.00B,$0.00B,0.0,$7.96B,$2.35B,29.54%,$7.96B,$0.48B,5.99%,$7.96B,$0.48B,5.99%,$7.96B,$0.48B,5.99%,$7.96B,$1.37B,17.17%,$7.96B,$1.00B,12.57%,$1.00B,$0.00B,17.74%,$1.00B,$0.00B,18.13%,$1.00B,$0.00B,12.01%,$0.48B,$0.00B,7.47%,$1976,$1010,$966,$0,$545,$1655,$321,$113,$436,$66,$371,$220,$220,$321,$321,$510,510,$0.43,$0.43,$0,$0,$0,$0,$0,$0,$0,$0,$0,$0,$0,$0,$0,$0,$0,$0,$0,$0,$0,$0,$0,$0,$0,$0,$0,$0,$0,$0,$0,$0,$0,$0,$0,$0,$0,$0,$0,$0,$0,$0,$0,$0,$0,$0,$0,$0,$0,$0,$0
24,2012-09-30,5.94,$0.00,0.0,$15.90,0.37,$0.37,16.04,$1.92,3.1,$8.02B,$3.14B,2.56,$1.53B,$11.34B,0.14,$8.02B,$2.25B,28.07%,$8.02B,$0.85B,10.61%,$8.02B,$0.85B,10.61%,$8.02B,$0.85B,10.61%,$8.02B,$1.35B,16.85%,$8.02B,$0.96B,12.00%,$0.96B,$11.34B,17.07%,$0.96B,$11.11B,17.44%,$0.96B,$16.77B,11.56%,$0.85B,$12.87B,13.32%,$2052,$1006,$1047,$0,$632,$1732,$320,$252,$527,$93,$434,$324,$324,$320,$320,$503,503,$0.65,$0.65,$4403,$1120,$43,$8015,$0,$169,$228,$808,$1205,$16765,$3135,$1529,$341,$2288,$5424,$64,$5196,$0,$11342,$16765,$824,$258,$0,$258,$0,$0,$0,$0,$-155,$645,$-455,$0,$0,$0,$0,$0,$-441,$-897,$0,$168,$40,$0,$0,$-96,$37,$149,$-104,$0,$0
25,2012-06-30,5.86,$0.00,0.0,$15.88,0.37,$-0.13,0.0,$1.67,3.51,$0.00B,$0.00B,0.0,$0.00B,$0.00B,0.0,$8.00B,$1.94B,24.28%,$8.00B,$1.08B,13.54%,$8.00B,$1.08B,13.54%,$8.00B,$1.08B,13.54%,$8.00B,$1.32B,16.49%,$8.00B,$0.84B,10.48%,$0.84B,$0.00B,15.05%,$0.84B,$0.00B,15.36%,$0.84B,$0.00B,10.24%,$1.08B,$0.00B,17.33%,$1886,$956,$930,$0,$527,$1579,$307,$41,$422,$62,$360,$214,$214,$307,$307,$505,505,$0.42,$0.42,$0,$0,$0,$0,$0,$0,$0,$0,$0,$0,$0,$0,$0,$0,$0,$0,$0,$0,$0,$0,$0,$0,$0,$0,$0,$0,$0,$0,$0,$0,$0,$0,$0,$0,$0,$0,$0,$0,$0,$0,$0,$0,$0,$0,$0,$0,$0,$0,$0
26,2012-03-31,6.6,$0.00,0.0,$16.41,0.4,$-0.13,0.0,$1.96,3.37,$7.82B,$3.11B,2.52,$1.46B,$11.22B,0.13,$8.33B,$2.05B,24.59%,$8.33B,$1.64B,19.64%,$8.33B,$1.64B,19.64%,$8.33B,$1.64B,19.64%,$8.33B,$1.56B,18.70%,$8.33B,$1.00B,11.94%,$1.00B,$11.22B,17.85%,$1.00B,$10.98B,18.21%,$1.00B,$16.56B,12.14%,$1.64B,$12.69B,26.16%,$2048,$2639,$-591,$0,$160,$2519,$-471,$960,$-18,$49,$-67,$243,$243,$-471,$-471,$504,504,$0.48,$0.48,$4599,$898,$12,$7817,$0,$189,$249,$851,$1288,$16563,$3107,$1464,$278,$2232,$5339,$66,$4990,$0,$11224,$16563,$1559,$493,$0,$493,$0,$0,$0,$0,$-258,$1317,$-1320,$0,$9,$0,$0,$-141,$-410,$-1861,$0,$274,$463,$0,$0,$-248,$-45,$445,$-85,$0,$0
27,2011-12-31,5.35,$0.00,0.0,$13.44,0.4,$0.74,7.22,$1.69,3.16,$0.00B,$0.00B,0.0,$0.00B,$0.00B,0.0,$8.49B,$2.32B,27.31%,$8.49B,$1.87B,22.02%,$8.49B,$1.87B,22.02%,$8.49B,$1.87B,22.02%,$8.49B,$2.55B,30.02%,$8.49B,$1.18B,13.86%,$1.18B,$0.00B,20.69%,$1.18B,$0.00B,21.09%,$1.18B,$0.00B,14.27%,$1.87B,$0.00B,29.68%,$2038,$1172,$866,$0,$81,$1343,$695,$-256,$421,$99,$322,$182,$182,$695,$695,$507,507,$0.37,$0.37,$0,$0,$0,$0,$0,$0,$0,$0,$0,$0,$0,$0,$0,$0,$0,$0,$0,$0,$0,$0,$0,$0,$0,$0,$0,$0,$0,$0,$0,$0,$0,$0,$0,$0,$0,$0,$0,$0,$0,$0,$0,$0,$0,$0,$0,$0,$0,$0,$0
28,2011-09-30,7.04,$0.00,0.0,$12.99,0.54,$0.74,9.5,$1.80,3.92,$8.55B,$3.13B,2.74,$1.25B,$11.08B,0.11,$8.25B,$2.13B,25.76%,$8.25B,$1.74B,21.04%,$8.25B,$1.74B,21.04%,$8.25B,$1.74B,21.04%,$8.25B,$2.60B,31.49%,$8.25B,$1.23B,14.95%,$1.23B,$11.08B,21.68%,$1.23B,$10.88B,22.10%,$1.23B,$16.21B,14.95%,$1.74B,$12.33B,27.54%,$2031,$1293,$738,$0,$87,$1478,$553,$-402,$495,$111,$384,$200,$200,$553,$553,$499,499,$0.40,$0.40,$4597,$991,$75,$8551,$0,$23,$199,$301,$523,$16212,$3125,$1250,$267,$2011,$5136,$69,$4928,$0,$11076,$16212,$877,$244,$0,$244,$0,$0,$0,$0,$-306,$632,$-696,$0,$0,$0,$0,$-37,$-207,$-939,$0,$91,$258,$0,$13,$-88,$72,$347,$34,$0,$0
29,2011-06-30,11.41,$0.00,0.0,$11.38,1.0,$0.87,13.12,$1.81,6.31,$0.00B,$0.00B,0.0,$0.00B,$0.00B,0.0,$7.60B,$2.11B,27.80%,$7.60B,$1.85B,24.32%,$7.60B,$1.85B,24.32%,$7.60B,$1.85B,24.32%,$7.60B,$2.22B,29.23%,$7.60B,$1.27B,16.64%,$1.27B,$0.00B,22.64%,$1.27B,$0.00B,22.88%,$1.27B,$0.00B,16.35%,$1.85B,$0.00B,30.07%,$2215,$1179,$1036,$0,$85,$1356,$859,$-145,$660,$135,$525,$370,$370,$859,$859,$520,520,$0.71,$0.71,$0,$0,$0,$0,$0,$0,$0,$0,$0,$0,$0,$0,$0,$0,$0,$0,$0,$0,$0,$0,$0,$0,$0,$0,$0,$0,$0,$0,$0,$0,$0,$0,$0,$0,$0,$0,$0,$0,$0,$0,$0,$0,$0,$0,$0,$0,$0,$0,$0
30,2011-03-31,11.7,$0.00,0.0,$9.46,1.24,$0.87,13.46,$1.50,7.82,$8.78B,$3.02B,2.91,$1.20B,$11.68B,0.1,$6.64B,$1.56B,23.53%,$6.64B,$1.37B,20.56%,$6.64B,$1.37B,20.56%,$6.64B,$1.37B,20.56%,$6.64B,$1.97B,29.60%,$6.64B,$1.11B,16.69%,$1.11B,$11.68B,19.83%,$1.11B,$11.44B,20.04%,$1.11B,$16.77B,14.32%,$1.37B,$12.88B,22.20%,$2208,$2529,$-321,$0,$27,$2445,$-237,$403,$973,$217,$756,$425,$425,$-237,$-237,$2016,2016,$0.22,$0.22,$5044,$1176,$43,$8775,$0,$70,$231,$357,$659,$16774,$3019,$1203,$244,$2080,$5098,$76,$5011,$0,$11676,$16774,$1965,$279,$0,$279,$0,$0,$0,$0,$1268,$2863,$-1111,$0,$-1202,$0,$0,$0,$-574,$-2886,$0,$341,$187,$0,$0,$-83,$19,$464,$437,$0,$0
31,2010-12-31,12.54,$0.00,0.0,$11.54,1.09,$-2.09,0.0,$1.90,6.61,$0.00B,$0.00B,0.0,$0.00B,$0.00B,0.0,$6.03B,$1.96B,32.58%,$6.03B,$1.80B,29.87%,$6.03B,$1.80B,29.87%,$6.03B,$1.80B,29.87%,$6.03B,$1.61B,26.67%,$6.03B,$0.99B,16.49%,$0.99B,$0.00B,21.15%,$0.99B,$0.00B,21.15%,$0.99B,$0.00B,14.36%,$1.80B,$0.00B,34.61%,$1794,$1123,$672,$0,$57,$1234,$560,$-130,$469,$93,$377,$238,$238,$560,$560,$504,504,$0.47,$0.47,$0,$0,$0,$0,$0,$0,$0,$0,$0,$0,$0,$0,$0,$0,$0,$0,$0,$0,$0,$0,$0,$0,$0,$0,$0,$0,$0,$0,$0,$0,$0,$0,$0,$0,$0,$0,$0,$0,$0,$0,$0,$0,$0,$0,$0,$0,$0,$0,$0
32,2010-09-30,11.35,$0.00,0.0,$10.82,1.05,$-2.09,0.0,$1.74,6.54,$8.07B,$1.86B,4.35,$1.05B,$10.67B,0.1,$5.67B,$1.90B,33.49%,$5.67B,$1.58B,27.89%,$5.67B,$1.58B,27.89%,$5.67B,$1.58B,27.89%,$5.67B,$1.48B,26.16%,$5.67B,$0.91B,16.11%,$0.91B,$10.67B,19.43%,$0.91B,$10.67B,19.43%,$0.91B,$14.18B,13.19%,$1.58B,$11.72B,30.38%,$1385,$659,$726,$0,$51,$718,$667,$199,$120,$32,$88,$232,$232,$667,$667,$562,562,$0.41,$0.41,$5391,$939,$3,$8071,$0,$111,$0,$405,$515,$14178,$1856,$1050,$184,$1651,$3508,$75,$4354,$0,$10671,$14178,$0,$0,$0,$0,$0,$0,$0,$0,$0,$0,$0,$0,$0,$0,$0,$0,$0,$0,$0,$0,$0,$0,$0,$0,$0,$0,$0,$0,$0
33,2010-06-30,10.79,$0.00,0.0,$10.40,1.04,$-2.87,0.0,$1.74,6.19,$0.00B,$0.00B,0.0,$0.00B,$0.00B,0.0,$5.57B,$1.48B,26.59%,$5.57B,$1.20B,21.44%,$5.57B,$1.20B,21.44%,$5.57B,$1.24B,22.16%,$5.57B,$1.67B,29.93%,$5.57B,$0.94B,16.94%,$0.94B,$0.00B,24.78%,$0.94B,$0.00B,24.78%,$0.94B,$0.00B,15.06%,$1.20B,$0.00B,28.52%,$1251,$766,$485,$0,$62,$877,$375,$-24,$403,$81,$322,$213,$213,$375,$375,$535,535,$0.40,$0.40,$0,$0,$0,$0,$0,$0,$0,$0,$0,$0,$0,$0,$0,$0,$0,$0,$0,$0,$0,$0,$0,$0,$0,$0,$0,$0,$0,$0,$0,$0,$0,$0,$0,$0,$0,$0,$0,$0,$0,$0,$0,$0,$0,$0,$0,$0,$0,$0,$0
34,2010-03-31,14.0,$0.00,0.0,$10.26,1.36,$-2.90,0.0,$1.68,8.35,$8.07B,$1.92B,4.2,$0.97B,$8.12B,0.12,$5.26B,$1.22B,23.09%,$5.26B,$1.01B,19.22%,$5.26B,$1.01B,19.22%,$5.26B,$1.09B,20.76%,$5.26B,$1.56B,29.58%,$5.26B,$0.87B,16.54%,$0.87B,$8.12B,16.82%,$0.87B,$8.12B,16.82%,$0.87B,$13.50B,9.94%,$1.01B,$9.09B,17.73%,$1599,$1519,$81,$0,$-80,$1400,$199,$209,$616,$119,$497,$311,$311,$199,$199,$504,504,$0.62,$0.62,$4741,$663,$17,$8067,$0,$103,$0,$262,$365,$13501,$1922,$969,$154,$3455,$5377,$37,$3959,$0,$8124,$13501,$1555,$179,$0,$179,$0,$0,$0,$0,$-849,$317,$-1369,$0,$0,$0,$0,$297,$-1543,$-2616,$0,$25,$699,$0,$1703,$-93,$-58,$2276,$-15,$0,$0
35,2009-12-31,13.71,$0.00,0.0,$9.11,1.51,$0.89,15.34,$1.34,10.21,$0.00B,$0.00B,0.0,$0.00B,$0.00B,0.0,$4.53B,$1.20B,26.54%,$4.53B,$1.07B,23.65%,$4.53B,$1.07B,23.65%,$4.53B,$1.19B,26.25%,$4.53B,$0.96B,21.19%,$4.53B,$0.68B,14.98%,$0.68B,$0.00B,15.57%,$0.68B,$0.00B,15.57%,$0.68B,$0.00B,8.98%,$1.07B,$0.00B,22.70%,$1433,$827,$606,$0,$227,$1093,$340,$1,$344,$62,$281,$157,$157,$340,$340,$504,504,$0.31,$0.31,$0,$0,$0,$0,$0,$0,$0,$0,$0,$0,$0,$0,$0,$0,$0,$0,$0,$0,$0,$0,$0,$0,$0,$0,$0,$0,$0,$0,$0,$0,$0,$0,$0,$0,$0,$0,$0,$0,$0,$0,$0,$0,$0,$0,$0,$0,$0,$0,$0
36,2009-09-30,12.02,$0.00,0.0,$8.43,1.43,$1.90,6.31,$1.28,9.36,$6.76B,$1.91B,3.54,$0.55B,$7.11B,0.08,$4.01B,$0.97B,24.10%,$4.01B,$0.96B,23.92%,$4.01B,$0.96B,23.92%,$4.01B,$1.11B,27.66%,$4.01B,$0.79B,19.56%,$4.01B,$0.63B,15.57%,$0.63B,$7.11B,11.16%,$0.63B,$7.11B,11.16%,$0.63B,$11.58B,6.42%,$0.96B,$7.67B,15.92%,$1290,$981,$310,$0,$29,$1009,$281,$56,$305,$60,$245,$263,$263,$321,$281,$631,631,$0.42,$0.42,$5029,$738,$10,$6760,$0,$377,$0,$217,$594,$11577,$1911,$554,$72,$2554,$4465,$35,$3224,$0,$7112,$11577,$594,$81,$0,$81,$0,$0,$0,$0,$-239,$253,$-747,$0,$0,$0,$0,$-970,$-408,$-2124,$0,$307,$55,$0,$1591,$-71,$-15,$1867,$4,$0,$0
37,2009-06-30,9.3,$0.00,0.0,$8.68,1.07,$2.64,3.52,$1.47,6.34,$5.46B,$1.56B,3.5,$0.60B,$5.45B,0.11,$4.04B,$1.03B,25.53%,$4.04B,$0.99B,24.54%,$4.04B,$0.99B,24.54%,$4.04B,$1.14B,28.25%,$4.04B,$0.94B,23.33%,$4.04B,$0.71B,17.47%,$0.71B,$5.45B,13.85%,$0.71B,$5.45B,13.85%,$0.71B,$9.92B,7.81%,$0.99B,$6.05B,18.25%,$939,$721,$218,$0,$27,$748,$191,$93,$291,$54,$237,$139,$139,$232,$191,$426,426,$0.33,$0.33,$3879,$684,$8,$5460,$0,$375,$0,$231,$607,$9916,$1561,$599,$424,$2905,$4466,$30,$3148,$0,$5450,$9916,$291,$41,$0,$41,$0,$0,$0,$0,$-64,$203,$-217,$0,$0,$0,$0,$-18,$-147,$-382,$0,$215,$-33,$0,$0,$0,$-1,$182,$7,$0,$0
38,2009-03-31,5.29,$0.00,0.0,$30.06,0.18,$0.88,5.98,$7.65,0.69,$4.95B,$1.77B,2.81,$0.28B,$4.85B,0.06,$4.49B,$1.25B,27.90%,$4.49B,$1.08B,24.00%,$4.49B,$1.08B,24.00%,$4.49B,$1.23B,27.45%,$4.49B,$1.07B,23.82%,$4.49B,$0.95B,21.17%,$0.95B,$4.85B,18.67%,$0.95B,$4.85B,18.67%,$0.95B,$8.71B,10.74%,$1.08B,$5.14B,20.20%,$863,$796,$67,$0,$-120,$605,$258,$305,$19,$-44,$63,$119,$119,$295,$258,$428,428,$0.28,$0.28,$3790,$484,$530,$4954,$0,$270,$0,$208,$528,$8710,$1765,$283,$97,$2093,$3857,$28,$2749,$0,$4853,$8710,$581,$154,$0,$154,$0,$0,$0,$0,$545,$1537,$-807,$0,$0,$0,$0,$-267,$-803,$-1877,$0,$88,$214,$0,$0,$-75,$-71,$157,$-190,$0,$0
39,2008-12-31,4.13,$0.00,0.0,$30.29,0.14,$-3.48,0.0,$7.55,0.55,$5.37B,$1.65B,3.27,$0.29B,$4.99B,0.06,$4.53B,$0.10B,2.23%,$4.53B,$0.59B,12.91%,$4.53B,$0.59B,12.91%,$4.53B,$0.75B,16.53%,$4.53B,$1.68B,37.16%,$4.53B,$0.91B,20.04%,$0.91B,$4.99B,17.28%,$0.91B,$4.99B,17.28%,$0.91B,$8.72B,10.07%,$0.59B,$5.27B,10.66%,$921,$549,$372,$0,$109,$691,$230,$-28,$170,$23,$146,$104,$104,$262,$230,$426,426,$0.25,$0.25,$3922,$577,$642,$5374,$0,$333,$0,$32,$369,$8722,$1645,$289,$67,$2091,$3736,$29,$2816,$0,$4985,$8722,$546,$118,$0,$118,$0,$0,$0,$0,$54,$962,$-532,$0,$0,$0,$0,$0,$-105,$-637,$0,$46,$127,$0,$0,$-79,$-0,$95,$405,$0,$0
40,2008-09-30,6.74,$0.00,0.0,$31.49,0.21,$-8.86,0.0,$7.88,0.85,$5.50B,$1.64B,3.35,$0.18B,$5.10B,0.04,$4.95B,$0.43B,8.76%,$4.95B,$0.70B,14.09%,$4.95B,$0.70B,14.09%,$4.95B,$0.88B,17.73%,$4.95B,$1.92B,38.68%,$4.95B,$1.04B,20.92%,$1.04B,$5.10B,19.41%,$1.04B,$5.10B,19.41%,$1.04B,$8.82B,11.40%,$0.70B,$5.28B,12.55%,$1319,$944,$375,$0,$24,$1006,$313,$-98,$463,$67,$396,$344,$344,$353,$313,$574,574,$0.60,$0.60,$3718,$829,$615,$5504,$0,$377,$0,$32,$414,$8823,$1643,$183,$141,$2083,$3726,$31,$2799,$0,$5097,$8823,$425,$86,$0,$86,$0,$0,$0,$0,$-346,$348,$-372,$0,$0,$0,$0,$0,$124,$-248,$0,$3,$-59,$0,$0,$-82,$-0,$-139,$-28,$0,$0
41,2008-06-30,11.79,$0.00,0.0,$33.05,0.36,$-13.20,0.0,$7.92,1.49,$5.66B,$1.58B,3.59,$0.22B,$5.42B,0.04,$5.28B,$0.98B,18.59%,$5.28B,$0.95B,17.97%,$5.28B,$0.95B,17.97%,$5.28B,$1.09B,20.62%,$5.28B,$1.95B,37.00%,$5.28B,$0.96B,18.25%,$0.96B,$5.42B,18.11%,$0.96B,$5.42B,18.11%,$0.96B,$9.13B,10.67%,$0.95B,$5.63B,17.01%,$1385,$946,$438,$0,$162,$1109,$276,$56,$417,$80,$337,$383,$383,$322,$276,$59,59,$6.52,$6.52,$4028,$861,$464,$5664,$0,$472,$0,$37,$516,$9128,$1577,$215,$118,$2135,$3712,$33,$2871,$0,$5416,$9128,$224,$46,$0,$46,$0,$0,$0,$0,$-293,$65,$-171,$0,$0,$0,$0,$0,$124,$-47,$0,$-113,$-13,$0,$0,$-2,$0,$-127,$-83,$0,$0
42,2008-03-31,13.21,$0.00,0.0,$52.65,0.25,$-11.40,0.0,$9.43,1.4,$5.80B,$1.65B,3.51,$0.25B,$5.53B,0.05,$5.38B,$1.26B,23.36%,$5.38B,$1.05B,19.47%,$5.38B,$1.05B,19.47%,$5.38B,$1.14B,21.22%,$5.38B,$2.07B,38.48%,$5.38B,$0.86B,15.94%,$0.86B,$5.53B,21.62%,$0.86B,$5.53B,21.62%,$0.86B,$9.40B,12.70%,$1.05B,$5.77B,25.14%,$907,$1990,$-1084,$0,$-696,$1141,$-234,$-16,$634,$198,$436,$77,$77,$-188,$-234,$405,404,$0.18,$0.18,$4208,$834,$364,$5796,$0,$516,$0,$41,$566,$9400,$1651,$249,$115,$2224,$3874,$35,$2839,$0,$5525,$9400,$1065,$176,$0,$176,$0,$0,$0,$0,$-2129,$-440,$-635,$0,$0,$0,$0,$-512,$-263,$-1409,$0,$153,$-226,$0,$2012,$-26,$1,$1914,$73,$0,$0
