,Date,Stock Price,Book Value per Share,Price to Book Ratio,TTM Sales per Share,Price to Sales Ratio,TTM FCF per Share,Price to FCF Ratio,TTM Net EPS,PE Ratio,Current Assets,Current Liabilities,Current Ratio,Long Term Debt,Shareholder's Equity_x,Debt to Equity Ratio,TTM Revenue_x,TTM Gross Profit,Gross Margin,TTM Revenue_y,TTM Operating Income,Operating Margin,TTM Revenue_x,TTM EBIT,EBIT Margin,TTM Revenue_y,TTM EBITDA,EBITDA Margin,TTM Revenue_x,TTM Pre-Tax Income,Pre-Tax Margin,TTM Revenue_y,TTM Net Income_x,Net Margin,TTM Net Income_y,Shareholder's Equity_y,Return on Equity,TTM Net Income_x,Tangible Equity,Return on Tangible Equity,TTM Net Income_y,Total Assets,Return on Assets,TTM Net Income,LT Investments & Debt,Return on Investment,revenue,cost-goods-sold,gross-profit,research-development-expenses,selling-general-administrative-expenses,operating-expenses,operating-income,total-non-operating-income-expense,pre-tax-income,total-provision-income-taxes,income-after-taxes,income-from-continuous-operations,net-income,ebitda,ebit,basic-shares-outstanding,shares-outstanding,eps-basic-net-earnings-per-share,eps-earnings-per-share-diluted,cash-on-hand,inventory,other-current-assets,total-current-assets,net-property-plant-equipment,long-term-investments,goodwill-intangible-assets-total,other-long-term-assets,total-long-term-assets,total-assets,total-current-liabilities,long-term-debt,other-non-current-liabilities,total-long-term-liabilities,total-liabilities,common-stock-net,retained-earnings-accumulated-deficit,comprehensive-income,total-share-holder-equity,total-liabilities-share-holders-equity,net-income-loss,total-depreciation-amortization-cash-flow,other-non-cash-items,total-non-cash-items,change-in-accounts-receivable,change-in-inventories,change-in-accounts-payable,change-in-assets-liabilities,total-change-in-assets-liabilities,cash-flow-from-operating-activities,net-change-in-property-plant-equipment,net-change-in-intangible-assets,net-acquisitions-divestitures,net-change-in-short-term-investments,net-change-in-long-term-investments,net-change-in-investments-total,investing-activities-other,cash-flow-from-investing-activities,net-long-term-debt,net-current-debt,debt-issuance-retirement-net-total,net-common-equity-issued-repurchased,net-total-equity-issued-repurchased,total-common-preferred-stock-dividends-paid,financial-activities-other,cash-flow-from-financial-activities,net-cash-flow,stock-based-compensation,common-stock-dividends-paid
0,2018-09-30,2.9,$1.73,1.67,$5.20,0.56,$0.57,5.09,$-0.33,0.0,$4.75B,$4.82B,0.99,$8.17B,$3.03B,2.7,$9.16B,$7.04B,76.87%,$9.16B,$0.59B,6.45%,$9.16B,$0.59B,6.45%,$9.16B,$3.23B,35.25%,$9.16B,$-0.83B,-9.08%,$9.16B,$0.29B,3.18%,$0.29B,$3.03B,8.60%,$0.29B,$-2.98B,-9.13%,$0.29B,$16.43B,1.61%,$0.59B,$11.20B,4.65%,$2317,$547,$1770,$0,$922,$2708,$-391,$-235,$-626,$92,$-718,$-718,$855,$855,$-391,$1745,1745,$0.49,$0.49,$3442,$184,$495,$4749,$5279,$19,$6006,$142,$11682,$16431,$4823,$8170,$177,$8578,$13401,$2,$-1366,$0,$3030,$16431,$-305,$2186,$673,$2859,$123,$-125,$168,$0,$166,$1880,$-1492,$0,$2,$3922,$0,$3922,$0,$2432,$-1875,$0,$-1875,$0,$0,$-579,$0,$-2454,$1794,$0,$-579
1,2018-06-30,2.28,$1.71,1.33,$5.35,0.43,$0.62,3.67,$-0.26,0.0,$4.82B,$4.95B,0.98,$9.04B,$3.00B,3.02,$9.30B,$7.16B,77.05%,$9.30B,$1.53B,16.42%,$9.30B,$1.53B,16.42%,$9.30B,$3.41B,36.66%,$9.30B,$0.16B,1.74%,$9.30B,$-0.45B,-4.82%,$-0.45B,$3.00B,-11.96%,$-0.45B,$-3.59B,14.89%,$-0.45B,$17.44B,-2.36%,$1.53B,$12.04B,11.22%,$2270,$531,$1739,$0,$882,$1878,$392,$-221,$171,$139,$32,$32,$-139,$857,$392,$1738,1738,$-0.08,$-0.08,$1424,$184,$2568,$4819,$5686,$18,$6580,$139,$12623,$17442,$4945,$9044,$171,$9502,$14447,$2,$-1984,$0,$2995,$17442,$338,$940,$440,$1380,$100,$-120,$181,$0,$161,$1302,$-1170,$0,$2,$1078,$0,$1078,$0,$-90,$-1036,$0,$-1036,$0,$0,$-297,$0,$-1333,$-162,$0,$-297
2,2018-03-31,2.53,$2.07,1.22,$5.44,0.46,$0.53,4.73,$-0.34,0.0,$3.41B,$4.87B,0.7,$9.74B,$3.62B,2.69,$9.44B,$7.31B,77.37%,$9.44B,$1.52B,16.13%,$9.44B,$1.52B,16.13%,$9.44B,$3.48B,36.85%,$9.44B,$-0.12B,-1.24%,$9.44B,$-0.59B,-6.22%,$-0.59B,$3.62B,-13.76%,$-0.59B,$-3.29B,22.75%,$-0.59B,$18.75B,-2.95%,$1.52B,$13.36B,10.68%,$2250,$497,$1753,$0,$899,$1888,$362,$-325,$37,$119,$-82,$-82,$-109,$837,$362,$1817,1817,$-0.06,$-0.06,$1502,$123,$1105,$3406,$6050,$1854,$6909,$311,$15344,$18750,$4872,$9742,$168,$10257,$15129,$2,$-1827,$0,$3621,$18750,$37,$475,$374,$849,$45,$-50,$101,$0,$96,$702,$-672,$0,$8,$1032,$0,$1032,$0,$368,$-715,$0,$-715,$0,$0,$-286,$0,$-1001,$89,$0,$-286
3,2017-12-31,3.47,$2.22,1.56,$4.20,0.83,$0.52,6.71,$-0.28,0.0,$3.94B,$4.65B,0.85,$10.36B,$3.89B,2.66,$9.47B,$7.34B,77.42%,$9.47B,$1.51B,15.90%,$9.47B,$1.51B,15.90%,$9.47B,$3.50B,36.91%,$9.47B,$-0.02B,-0.25%,$9.47B,$-0.48B,-5.10%,$-0.48B,$3.89B,-10.20%,$-0.48B,$-2.90B,22.40%,$-0.48B,$19.48B,-2.37%,$1.51B,$14.25B,10.55%,$2320,$543,$1777,$0,$1024,$2092,$228,$-641,$-413,$93,$-506,$-506,$-316,$679,$228,$1749,1749,$-0.19,$-0.19,$2444,$72,$670,$3941,$6237,$1955,$6786,$229,$15543,$19484,$4650,$10362,$206,$10944,$15594,$2,$-1487,$0,$3890,$19484,$-24,$1991,$1501,$3492,$-168,$54,$311,$0,$197,$2475,$-2029,$0,$12,$-997,$-2,$-999,$0,$-3016,$245,$0,$245,$0,$0,$-719,$-259,$-733,$-1638,$0,$-719
4,2017-09-30,3.78,$2.56,1.47,$4.22,0.89,$0.40,9.47,$-0.09,0.0,$4.74B,$5.05B,0.94,$10.27B,$4.48B,2.29,$9.51B,$7.39B,77.67%,$9.51B,$1.37B,14.40%,$9.51B,$1.37B,14.40%,$9.51B,$3.40B,35.79%,$9.51B,$0.30B,3.16%,$9.51B,$1.39B,14.62%,$1.39B,$4.48B,26.35%,$1.39B,$-2.27B,-83.75%,$1.39B,$20.28B,6.69%,$1.37B,$14.75B,9.62%,$2456,$562,$1894,$0,$852,$1912,$544,$-177,$367,$173,$194,$194,$116,$1035,$544,$1657,1657,$0.07,$0.07,$2810,$93,$1096,$4744,$6115,$2185,$6746,$217,$15536,$20280,$5046,$10267,$228,$10754,$15800,$2,$-1139,$0,$4480,$20280,$478,$1540,$736,$2276,$-176,$34,$217,$0,$75,$1996,$-1544,$0,$0,$-146,$0,$-146,$0,$-1690,$590,$0,$590,$0,$0,$-687,$-259,$-356,$-377,$0,$-687
5,2017-06-30,3.44,$2.90,1.18,$4.06,0.85,$0.32,10.83,$0.09,38.18,$5.02B,$5.87B,0.86,$9.58B,$5.08B,1.89,$9.41B,$7.30B,77.59%,$9.41B,$1.23B,13.08%,$9.41B,$1.23B,13.08%,$9.41B,$3.26B,34.59%,$9.41B,$0.12B,1.26%,$9.41B,$1.72B,18.26%,$1.72B,$5.08B,31.99%,$1.72B,$-1.87B,-105.14%,$1.72B,$21.03B,6.93%,$1.23B,$14.66B,8.85%,$2417,$535,$1882,$0,$951,$2028,$389,$-497,$-108,$65,$-173,$-173,$-278,$929,$389,$1738,1738,$-0.16,$-0.16,$3114,$116,$1102,$5021,$6315,$2330,$6948,$154,$16013,$21034,$5867,$9577,$183,$10089,$15956,$2,$-1069,$0,$5078,$21034,$111,$1049,$563,$1612,$119,$11,$-66,$0,$64,$1162,$-1181,$0,$0,$-133,$0,$-133,$0,$-1314,$836,$0,$836,$0,$0,$-414,$-259,$163,$-69,$0,$-414
6,2017-03-31,3.59,$3.14,1.14,$3.93,0.91,$0.17,20.61,$0.33,10.86,$3.87B,$6.61B,0.59,$7.93B,$5.50B,1.44,$9.15B,$7.10B,77.65%,$9.15B,$1.13B,12.30%,$9.15B,$1.13B,12.30%,$9.15B,$3.12B,34.08%,$9.15B,$0.32B,3.52%,$9.15B,$2.13B,23.32%,$2.13B,$5.50B,40.93%,$2.13B,$-1.59B,-124.40%,$2.13B,$20.57B,7.55%,$1.13B,$13.43B,8.42%,$2281,$499,$1782,$0,$921,$1936,$345,$-215,$130,$141,$-11,$-11,$-5,$854,$345,$0,0,$0.00,$0.00,$2426,$138,$599,$3873,$6753,$2397,$7089,$147,$16694,$20567,$6605,$7929,$192,$8466,$15071,$2,$-787,$0,$5496,$20567,$130,$509,$156,$665,$-30,$-6,$144,$0,$108,$584,$-485,$0,$0,$-104,$0,$-104,$0,$-589,$-418,$0,$-418,$0,$0,$-69,$-259,$-746,$-770,$0,$-69
7,2016-12-31,3.22,$3.46,0.93,$5.10,0.63,$-0.22,0.0,$0.33,9.77,$4.55B,$6.56B,0.69,$8.07B,$6.04B,1.34,$8.89B,$6.90B,77.66%,$8.89B,$1.08B,12.20%,$8.89B,$1.08B,12.20%,$8.89B,$3.02B,33.99%,$8.89B,$0.35B,3.91%,$8.89B,$2.33B,26.20%,$2.33B,$6.04B,47.61%,$2.33B,$-0.91B,-122.54%,$2.33B,$21.19B,7.37%,$1.08B,$14.11B,8.31%,$2354,$527,$1827,$0,$1044,$2263,$91,$-180,$-89,$269,$-358,$-358,$1557,$585,$91,$1749,1749,$0.89,$0.89,$3132,$125,$608,$4550,$6719,$2485,$6953,$143,$16643,$21193,$6557,$8070,$192,$8593,$15150,$2,$-439,$0,$6043,$21193,$347,$1936,$987,$2923,$-129,$-13,$-107,$0,$-249,$1875,$-1636,$0,$-967,$-68,$0,$-68,$0,$-2671,$66,$0,$66,$0,$0,$-167,$-25,$-126,$-672,$0,$-167
8,2016-09-30,2.88,$2.79,1.03,$5.06,0.57,$-0.44,0.0,$0.33,8.74,$21.94B,$22.35B,0.98,$8.58B,$4.87B,1.76,$8.81B,$6.82B,77.43%,$8.81B,$1.16B,13.15%,$8.81B,$1.16B,13.15%,$8.81B,$3.09B,35.11%,$8.81B,$0.35B,4.02%,$8.81B,$0.83B,9.41%,$0.83B,$4.87B,19.05%,$0.83B,$-2.17B,-35.88%,$0.83B,$36.38B,2.38%,$1.16B,$13.45B,9.27%,$2361,$548,$1813,$0,$917,$1955,$406,$-220,$186,$114,$72,$72,$445,$888,$406,$1780,1780,$0.25,$0.25,$3865,$117,$17080,$21937,$6430,$493,$7041,$140,$14444,$36381,$22352,$8580,$277,$9155,$31507,$2,$-1935,$0,$4874,$36381,$436,$1442,$426,$1868,$-127,$-1,$87,$0,$-41,$1430,$-1089,$0,$-572,$-9,$0,$-9,$0,$-1670,$474,$0,$474,$0,$0,$-106,$-19,$349,$70,$0,$-106
9,2016-06-30,3.21,$0.00,0.0,$5.12,0.63,$-0.89,0.0,$-0.49,0.0,$21.23B,$21.73B,0.98,$8.03B,$0.00B,0.0,$8.89B,$6.90B,77.52%,$8.89B,$0.27B,3.07%,$8.89B,$0.27B,3.07%,$8.89B,$2.26B,25.35%,$8.89B,$-0.67B,-7.49%,$8.89B,$-0.62B,-6.98%,$-0.62B,$4.44B,-14.65%,$-0.62B,$-2.19B,26.31%,$-0.62B,$34.89B,-1.80%,$0.27B,$12.47B,2.24%,$2153,$471,$1682,$0,$887,$1870,$283,$-188,$95,$135,$-40,$-40,$137,$791,$283,$1713,1713,$0.08,$0.08,$3829,$92,$16524,$21234,$6220,$543,$6634,$132,$13653,$34888,$21732,$8031,$306,$8714,$30446,$0,$0,$0,$4442,$34888,$250,$960,$-80,$880,$-162,$25,$0,$0,$-137,$442,$-706,$0,$-412,$23,$-82,$-59,$0,$-1177,$728,$0,$728,$0,$0,$0,$-9,$719,$21,$0,$0
10,2016-03-31,3.53,$0.00,0.0,$3.86,0.91,$-0.74,0.0,$-0.51,0.0,$20.56B,$20.98B,0.98,$7.91B,$0.00B,0.0,$9.31B,$7.22B,77.52%,$9.31B,$0.52B,5.58%,$9.31B,$0.52B,5.58%,$9.31B,$2.51B,27.00%,$9.31B,$-0.43B,-4.64%,$9.31B,$-0.65B,-6.98%,$-0.65B,$4.20B,-13.82%,$-0.65B,$-2.33B,14.84%,$-0.65B,$33.97B,-1.86%,$0.52B,$12.11B,3.35%,$2017,$439,$1578,$0,$820,$1713,$304,$-149,$155,$117,$38,$38,$189,$756,$304,$1718,1718,$0.11,$0.11,$3215,$91,$16551,$20558,$6211,$386,$6528,$135,$13410,$33969,$20975,$7911,$506,$8797,$29771,$0,$0,$0,$4198,$33969,$155,$452,$-542,$-90,$-41,$19,$34,$0,$12,$-238,$-437,$0,$-191,$79,$-2,$77,$0,$-551,$36,$0,$36,$0,$0,$0,$-10,$26,$-686,$0,$0
11,2015-12-31,2.72,$2.23,1.22,$2.69,1.01,$-0.35,0.0,$-0.40,0.0,$20.52B,$21.02B,0.98,$8.10B,$3.89B,2.08,$9.61B,$7.44B,77.43%,$9.61B,$0.52B,5.45%,$9.61B,$0.52B,5.45%,$9.61B,$2.59B,26.97%,$9.61B,$-0.60B,-6.19%,$9.61B,$-0.66B,-6.82%,$-0.66B,$3.89B,-12.87%,$-0.66B,$-2.55B,10.25%,$-0.66B,$33.85B,-1.82%,$0.52B,$11.99B,2.74%,$2282,$531,$1751,$0,$1093,$2116,$166,$-247,$-82,$72,$-154,$-154,$58,$659,$166,$1748,1749,$0.20,$0.20,$4009,$104,$15730,$20520,$6239,$365,$6447,$133,$13334,$33854,$21016,$8095,$445,$8944,$29960,$2,$-2706,$0,$3894,$33854,$-815,$2067,$2367,$2996,$-287,$-43,$173,$0,$-157,$2033,$-2189,$0,$-157,$-287,$-1,$-288,$0,$-2634,$-2788,$0,$-2788,$2,$2,$-249,$1596,$-1439,$-2414,$0,$-249
12,2015-09-30,3.38,$0.00,0.0,$3.87,0.87,$0.73,4.65,$-0.93,0.0,$5.74B,$6.16B,0.93,$7.80B,$0.00B,0.0,$11.72B,$10.72B,91.48%,$11.72B,$5.37B,45.87%,$11.72B,$5.37B,45.87%,$11.72B,$7.89B,67.38%,$11.72B,$-0.97B,-8.31%,$11.72B,$-1.65B,-14.07%,$-1.65B,$4.42B,-32.26%,$-1.65B,$-2.37B,17.81%,$-1.65B,$34.93B,-4.36%,$5.37B,$12.22B,23.27%,$2442,$558,$1884,$0,$1826,$2922,$-480,$-354,$-834,$13,$-847,$-847,$-1005,$49,$-480,$1763,1763,$-0.57,$-0.57,$4273,$102,$449,$5744,$0,$374,$6785,$15185,$22519,$34928,$6157,$7800,$16182,$24352,$30509,$0,$0,$0,$4419,$34928,$-661,$1574,$1438,$3012,$-277,$-25,$261,$0,$-41,$1126,$-1582,$0,$136,$-240,$1,$-239,$0,$-1685,$-2755,$0,$-2755,$2,$2,$-188,$1602,$-1339,$-2412,$0,$-188
13,2015-06-30,4.08,$0.00,0.0,$5.46,0.75,$1.67,2.44,$-0.30,0.0,$7.28B,$8.72B,0.84,$19.55B,$0.00B,0.0,$14.42B,$12.71B,88.13%,$14.42B,$6.96B,48.28%,$14.42B,$6.96B,48.28%,$14.42B,$11.20B,77.70%,$14.42B,$-0.03B,-0.20%,$14.42B,$-0.54B,-3.74%,$-0.54B,$6.31B,-9.37%,$-0.54B,$-10.28B,4.41%,$-0.54B,$36.69B,-1.33%,$6.96B,$25.85B,24.83%,$2570,$565,$2005,$0,$937,$2040,$530,$-202,$329,$55,$274,$274,$108,$1050,$530,$0,0,$0.00,$0.00,$4428,$141,$864,$7283,$0,$1452,$16580,$95,$18619,$36687,$8720,$19548,$1064,$21662,$30382,$0,$0,$0,$6305,$36687,$321,$1045,$-265,$780,$0,$0,$0,$-186,$-186,$37,$-749,$-296,$324,$-38,$1,$-37,$0,$-757,$-2702,$0,$-2702,$2,$2,$-57,$1616,$-1140,$-2122,$0,$-57
14,2015-03-31,4.3,$0.00,0.0,$8.50,0.51,$1.60,2.68,$-0.30,0.0,$9.59B,$9.46B,1.01,$20.67B,$0.00B,0.0,$16.92B,$14.46B,85.50%,$16.92B,$7.39B,43.67%,$16.92B,$7.39B,43.67%,$16.92B,$11.08B,65.49%,$16.92B,$0.12B,0.72%,$16.92B,$-0.55B,-3.23%,$-0.55B,$5.74B,-8.88%,$-0.55B,$-10.36B,4.05%,$-0.55B,$38.39B,-1.26%,$7.39B,$26.41B,24.63%,$2312,$514,$1798,$0,$860,$2004,$308,$-316,$-8,$80,$-88,$-88,$184,$833,$308,$0,0,$0.00,$0.00,$6800,$129,$883,$9590,$0,$1683,$16093,$104,$18342,$38393,$9463,$20673,$1324,$23193,$32656,$0,$0,$0,$5737,$38393,$-88,$525,$-533,$-8,$0,$0,$0,$-74,$-74,$-764,$-357,$-86,$530,$61,$-98,$-37,$0,$50,$-622,$0,$-622,$1,$1,$-57,$1816,$1137,$157,$0,$-57
15,2014-12-31,3.43,$2.27,1.51,$11.07,0.31,$1.60,2.14,$-0.39,0.0,$9.63B,$10.57B,0.91,$23.94B,$3.98B,6.02,$19.63B,$16.44B,83.78%,$19.63B,$8.01B,40.83%,$19.63B,$8.01B,40.83%,$19.63B,$12.33B,62.83%,$19.63B,$0.38B,1.91%,$19.63B,$-0.69B,-3.53%,$-0.69B,$3.98B,-10.38%,$-0.69B,$-14.03B,4.68%,$-0.69B,$41.04B,-1.51%,$8.01B,$27.91B,25.46%,$4391,$-639,$5030,$0,$742,$-625,$5016,$665,$-460,$-83,$-377,$-935,$-935,$5962,$5016,$1764,1764,$-0.53,$-0.53,$6608,$117,$1016,$9632,$21061,$867,$18002,$122,$40627,$41042,$10565,$23936,$928,$26501,$37066,$2,$-1990,$0,$3976,$41042,$-903,$4318,$3250,$4318,$-2,$15,$327,$0,$-20,$5279,$-3541,$0,$69,$328,$87,$42,$-547,$-3977,$2094,$0,$1415,$3,$4,$-90,$0,$1329,$1888,$0,$-90
16,2014-09-30,5.89,$0.00,0.0,$11.76,0.5,$2.01,2.93,$-1.38,0.0,$9.46B,$10.92B,0.87,$24.95B,$0.00B,0.0,$20.79B,$17.43B,83.85%,$20.79B,$5.47B,26.33%,$20.79B,$5.47B,26.33%,$20.79B,$8.85B,42.55%,$20.79B,$-2.78B,-13.36%,$20.79B,$-2.42B,-11.63%,$-2.42B,$6.99B,-30.43%,$-2.42B,$-14.21B,15.97%,$-2.42B,$45.83B,-5.03%,$5.47B,$31.95B,16.36%,$5145,$1272,$3873,$0,$1668,$4038,$1107,$-997,$110,$87,$23,$104,$104,$3358,$1107,$1733,1733,$0.06,$0.06,$6012,$142,$1017,$9457,$0,$641,$21203,$246,$22684,$45833,$10917,$24954,$1177,$27925,$38842,$0,$0,$0,$6991,$45833,$154,$3372,$0,$3372,$0,$0,$0,$0,$-1678,$3880,$-2691,$0,$0,$0,$0,$0,$-381,$-3072,$0,$0,$-14469,$0,$0,$-10,$15549,$1070,$1398,$0,$0
17,2014-06-30,6.85,$0.00,0.0,$12.13,0.56,$1.32,5.18,$-1.29,0.0,$9.56B,$12.03B,0.8,$25.75B,$0.00B,0.0,$21.33B,$17.76B,83.27%,$21.33B,$5.67B,26.60%,$21.33B,$5.67B,26.60%,$21.33B,$6.80B,31.86%,$21.33B,$-2.22B,-10.42%,$21.33B,$-2.27B,-10.62%,$-2.27B,$7.93B,-22.98%,$-2.27B,$-15.42B,15.54%,$-2.27B,$48.99B,-4.55%,$5.67B,$33.67B,15.80%,$5067,$1306,$3761,$0,$1685,$4112,$955,$-476,$479,$421,$58,$100,$100,$924,$955,$1667,1667,$0.06,$0.06,$5803,$202,$1193,$9562,$0,$558,$23351,$225,$24489,$48986,$12027,$25746,$1520,$29032,$41059,$0,$0,$0,$7927,$48986,$58,$1121,$0,$1121,$0,$0,$0,$0,$-171,$1102,$-1213,$0,$0,$0,$0,$0,$153,$-1060,$0,$0,$960,$0,$0,$0,$0,$960,$965,$0,$0
18,2014-03-31,7.36,$0.00,0.0,$12.39,0.59,$2.94,2.5,$-1.02,0.0,$8.55B,$11.52B,0.74,$24.58B,$0.00B,0.0,$21.98B,$18.19B,82.75%,$21.98B,$5.96B,27.11%,$21.98B,$5.96B,27.11%,$21.98B,$8.30B,37.74%,$21.98B,$-1.94B,-8.82%,$21.98B,$-1.79B,-8.16%,$-1.79B,$7.78B,-15.60%,$-1.79B,$-15.45B,13.06%,$-1.79B,$47.48B,-3.54%,$5.96B,$32.36B,15.73%,$5024,$1244,$3780,$0,$1692,$4088,$936,$-690,$246,$173,$73,$39,$39,$2088,$936,$1950,1950,$0.02,$0.02,$5000,$172,$1075,$8549,$0,$641,$23233,$197,$24392,$47478,$11515,$24581,$2065,$28183,$39698,$0,$0,$0,$7780,$47478,$73,$1152,$0,$1152,$0,$0,$0,$0,$-62,$1168,$-1172,$0,$0,$0,$0,$0,$-39,$-1211,$0,$210,$210,$0,$0,$-10,$0,$200,$86,$0,$0
19,2013-12-31,10.55,$0.00,0.0,$13.24,0.8,$3.20,3.3,$-0.79,0.0,$8.49B,$11.31B,0.75,$26.80B,$9.08B,2.95,$22.55B,$18.52B,82.11%,$22.55B,$6.15B,27.28%,$22.55B,$6.15B,27.28%,$22.55B,$8.56B,37.95%,$22.55B,$-1.64B,-7.28%,$22.55B,$-1.42B,-6.32%,$-1.42B,$9.08B,-10.73%,$-1.42B,$-15.47B,11.06%,$-1.42B,$49.75B,-2.72%,$6.15B,$35.88B,15.26%,$5554,$-464,$6018,$0,$4062,$3078,$2476,$494,$-3612,$1006,$-4618,$-2660,$-2660,$2476,$2476,$1750,1750,$-1.52,$-1.52,$4894,$192,$1125,$8491,$0,$711,$24546,$212,$25763,$49747,$11306,$26802,$920,$29363,$40669,$2,$-1286,$0,$9078,$49747,$-1858,$4855,$7492,$4855,$102,$-40,$-26,$0,$-63,$6351,$-3915,$0,$83,$-328,$-118,$-434,$53,$-4213,$342,$0,$100,$0,$1392,$-4055,$-12,$-2575,$-495,$0,$-4055
20,2013-09-30,9.25,$0.00,0.0,$13.70,0.67,$3.89,2.38,$1.22,7.58,$9.61B,$8.99B,1.07,$27.03B,$0.00B,0.0,$22.94B,$16.44B,71.67%,$22.94B,$4.84B,21.11%,$22.94B,$4.84B,21.11%,$22.94B,$8.53B,37.16%,$22.94B,$2.73B,11.92%,$22.94B,$2.04B,8.88%,$2.04B,$14.66B,13.72%,$2.04B,$-12.00B,-16.89%,$2.04B,$53.05B,3.79%,$4.84B,$41.70B,11.64%,$5685,$1482,$4203,$0,$1729,$4378,$1307,$-642,$665,$390,$275,$255,$255,$1307,$1307,$1700,1700,$0.15,$0.15,$5353,$214,$1292,$9606,$0,$1349,$26657,$156,$28549,$53051,$8994,$27034,$1030,$29395,$38389,$0,$0,$0,$14662,$53051,$0,$0,$0,$0,$0,$0,$0,$0,$0,$0,$0,$0,$0,$0,$0,$0,$0,$0,$0,$0,$0,$0,$0,$0,$0,$0,$0,$0,$0
21,2013-06-30,7.92,$0.00,0.0,$13.88,0.57,$5.26,1.51,$1.40,5.66,$9.28B,$8.84B,1.05,$27.06B,$0.00B,0.0,$23.01B,$16.56B,71.97%,$23.01B,$4.84B,21.03%,$23.01B,$4.84B,21.03%,$23.01B,$9.75B,42.38%,$23.01B,$2.87B,12.48%,$23.01B,$2.32B,10.08%,$2.32B,$14.47B,15.41%,$2.32B,$-12.02B,-19.28%,$2.32B,$52.55B,4.30%,$4.84B,$41.53B,11.66%,$5718,$1530,$4188,$0,$1763,$4479,$1239,$-477,$762,$204,$558,$573,$573,$2425,$1239,$1736,1736,$0.33,$0.33,$4938,$218,$1642,$9278,$0,$1577,$26484,$162,$28589,$52547,$8844,$27058,$978,$29236,$38080,$0,$0,$0,$14467,$52547,$888,$2406,$0,$2406,$0,$0,$0,$0,$-562,$2666,$33,$0,$0,$0,$0,$0,$-1764,$-1731,$0,$672,$672,$0,$1392,$-3281,$-12,$-1229,$-294,$0,$0
22,2013-03-31,8.52,$0.00,0.0,$14.12,0.6,$4.44,1.92,$1.37,6.22,$10.18B,$9.82B,1.04,$27.22B,$0.00B,0.0,$23.03B,$16.78B,72.84%,$23.03B,$4.84B,21.00%,$23.03B,$4.84B,21.00%,$23.03B,$9.81B,42.57%,$23.03B,$2.84B,12.32%,$23.03B,$2.24B,9.70%,$2.24B,$14.88B,14.81%,$2.24B,$-12.04B,-18.33%,$2.24B,$54.29B,4.14%,$4.84B,$42.10B,11.74%,$5591,$1485,$4106,$0,$1758,$4463,$1128,$-585,$543,$213,$330,$408,$408,$2348,$1128,$1632,1632,$0.25,$0.25,$5964,$224,$1528,$10182,$0,$1659,$26917,$212,$29119,$54291,$9823,$27219,$1023,$29591,$39414,$0,$0,$0,$14877,$54291,$330,$1220,$0,$1220,$0,$0,$0,$0,$-294,$1274,$-864,$0,$0,$0,$0,$0,$-190,$-1054,$0,$1793,$0,$0,$0,$-1295,$0,$498,$615,$0,$0
23,2012-12-31,7.51,$0.00,0.0,$14.23,0.53,$4.66,1.61,$1.32,5.69,$9.46B,$11.88B,0.8,$25.69B,$15.37B,1.67,$23.06B,$16.93B,73.41%,$23.06B,$4.76B,20.65%,$23.06B,$4.76B,20.65%,$23.06B,$9.77B,42.36%,$23.06B,$2.89B,12.52%,$23.06B,$2.15B,9.30%,$2.15B,$15.37B,14.11%,$2.15B,$-12.19B,-16.96%,$2.15B,$55.36B,3.94%,$4.76B,$41.07B,11.51%,$5950,$2003,$3947,$0,$1501,$4781,$1169,$-455,$764,$195,$569,$801,$801,$2446,$1169,$1635,1635,$0.49,$0.49,$4949,$167,$1852,$9463,$0,$1168,$27565,$1186,$30231,$55360,$11884,$25693,$995,$28104,$39988,$2,$4759,$0,$15372,$55360,$1982,$5006,$0,$5006,$0,$0,$0,$0,$445,$7257,$-3844,$0,$-75,$0,$0,$0,$-89,$-4008,$0,$-556,$0,$0,$0,$-26,$-5,$-587,$2624,$0,$0
24,2012-09-30,7.92,$0.00,0.0,$14.22,0.56,$3.78,2.09,$0.60,13.21,$8.54B,$9.83B,0.87,$25.73B,$0.00B,0.0,$22.99B,$17.16B,74.66%,$22.99B,$4.02B,17.48%,$22.99B,$4.02B,17.48%,$22.99B,$10.05B,43.73%,$22.99B,$1.35B,5.87%,$22.99B,$0.96B,4.17%,$0.96B,$15.49B,6.30%,$0.96B,$-11.88B,-7.40%,$0.96B,$53.49B,1.77%,$4.02B,$41.22B,9.79%,$5747,$1431,$4316,$0,$1786,$4445,$1302,$-500,$802,$225,$577,$538,$538,$2530,$1302,$1630,1630,$0.33,$0.33,$4102,$160,$1543,$8537,$0,$487,$27372,$1740,$29990,$53490,$9828,$25731,$900,$28173,$38001,$0,$0,$0,$15489,$53490,$1413,$3729,$0,$3729,$0,$0,$0,$0,$-2380,$4956,$-2727,$0,$-75,$0,$0,$-691,$0,$-3493,$0,$-456,$0,$0,$3,$0,$-9,$-462,$916,$0,$0
25,2012-06-30,5.4,$0.00,0.0,$14.46,0.37,$3.56,1.52,$0.33,16.36,$7.93B,$9.64B,0.82,$25.75B,$0.00B,0.0,$23.34B,$17.24B,73.88%,$23.34B,$3.99B,17.09%,$23.34B,$3.99B,17.09%,$23.34B,$11.76B,50.40%,$23.34B,$0.89B,3.81%,$23.34B,$0.52B,2.25%,$0.52B,$14.65B,3.31%,$0.52B,$-12.65B,-4.19%,$0.52B,$52.54B,0.96%,$3.99B,$40.39B,9.64%,$5745,$1337,$4408,$0,$1927,$4506,$1239,$-510,$729,$247,$482,$488,$488,$2481,$1239,$1627,1627,$0.30,$0.30,$3632,$172,$1578,$7933,$0,$421,$27296,$1795,$29911,$52543,$9642,$25746,$962,$28256,$37898,$0,$0,$0,$14645,$52543,$836,$2501,$0,$2501,$0,$0,$0,$0,$-1847,$2958,$-1765,$0,$-83,$0,$0,$-508,$0,$-2356,$0,$25,$0,$0,$3,$0,$-9,$19,$558,$0,$0
26,2012-03-31,7.1,$0.00,0.0,$14.47,0.49,$3.42,2.08,$0.19,37.38,$8.96B,$10.78B,0.83,$27.51B,$0.95B,29.05,$23.12B,$16.84B,72.82%,$23.12B,$3.82B,16.51%,$23.12B,$3.82B,16.51%,$23.12B,$10.35B,44.76%,$23.12B,$0.64B,2.76%,$23.12B,$0.28B,1.19%,$0.28B,$15.29B,1.62%,$0.28B,$-13.87B,-2.26%,$0.28B,$56.12B,0.49%,$3.82B,$42.80B,9.00%,$5619,$1361,$4258,$0,$1947,$4567,$1052,$-409,$593,$239,$354,$318,$318,$2311,$1052,$1590,1590,$0.20,$0.20,$4364,$227,$1724,$8964,$0,$457,$29163,$1595,$31585,$56121,$10779,$27510,$979,$30052,$40831,$0,$0,$0,$15290,$56121,$354,$1259,$0,$1259,$0,$0,$0,$0,$-237,$1607,$-865,$0,$-1,$0,$0,$0,$-49,$-915,$0,$949,$0,$0,$1,$0,$-9,$941,$1708,$0,$0
27,2011-12-31,6.03,$0.00,0.0,$13.06,0.46,$3.37,1.79,$0.45,13.39,$8.12B,$10.98B,0.74,$24.39B,$15.54B,1.57,$20.25B,$14.62B,72.19%,$20.25B,$3.40B,16.79%,$20.25B,$3.40B,16.79%,$20.25B,$8.67B,42.83%,$20.25B,$0.75B,3.70%,$20.25B,$0.55B,2.70%,$0.55B,$15.45B,3.40%,$0.55B,$-13.35B,-6.67%,$0.55B,$54.48B,1.14%,$3.40B,$39.83B,9.38%,$5878,$1696,$4182,$0,$1978,$5453,$425,$-1203,$-774,$27,$-801,$-393,$-386,$2731,$425,$1618,1619,$-0.24,$-0.23,$2501,$227,$2869,$8124,$0,$1275,$28797,$1409,$31481,$54476,$10980,$24388,$1893,$28049,$39029,$2,$4426,$0,$15447,$54476,$194,$5273,$0,$5273,$0,$0,$0,$0,$448,$5883,$-3913,$0,$-838,$0,$0,$0,$-1972,$-6723,$0,$3907,$0,$0,$-1,$-1216,$-108,$2582,$1440,$0,$0
28,2011-09-30,5.83,$0.00,0.0,$11.50,0.51,$3.61,1.61,$1.02,5.72,$10.67B,$9.57B,1.12,$24.40B,$17.93B,1.36,$17.18B,$12.55B,73.02%,$17.18B,$3.60B,20.92%,$17.18B,$3.60B,20.92%,$17.18B,$8.64B,50.29%,$17.18B,$2.03B,11.79%,$17.18B,$1.39B,8.11%,$1.39B,$17.93B,9.25%,$1.39B,$-10.20B,-32.46%,$1.39B,$56.00B,3.55%,$3.60B,$42.33B,11.89%,$6093,$1701,$4393,$0,$1853,$4822,$1271,$-929,$341,$250,$91,$92,$104,$4237,$1271,$1618,1618,$0.06,$0.06,$3561,$251,$4246,$10666,$0,$1222,$28130,$1655,$31007,$55999,$9569,$24404,$1821,$28503,$38072,$2,$5555,$0,$17927,$55999,$989,$2967,$0,$2967,$0,$0,$0,$0,$-93,$4092,$-2241,$0,$-934,$0,$0,$0,$-267,$-3442,$0,$2462,$0,$0,$0,$-500,$-53,$1908,$2558,$0,$0
29,2011-06-30,7.81,$0.00,0.0,$9.92,0.79,$4.14,1.89,$1.35,5.79,$10.55B,$9.88B,1.07,$25.76B,$19.03B,1.35,$13.92B,$10.34B,74.31%,$13.92B,$3.16B,22.68%,$13.92B,$3.16B,22.68%,$13.92B,$5.24B,37.63%,$13.92B,$2.43B,17.43%,$13.92B,$1.79B,12.84%,$1.79B,$19.03B,13.23%,$1.79B,$-11.29B,-143.31%,$1.79B,$58.87B,5.85%,$3.16B,$44.79B,13.34%,$5532,$1527,$4005,$0,$1814,$4462,$1070,$-591,$479,$207,$273,$236,$239,$1070,$1070,$1564,1564,$0.16,$0.16,$3253,$316,$4256,$10551,$0,$1280,$30324,$1534,$33138,$58873,$9882,$25756,$1787,$29957,$39839,$2,$5484,$0,$19034,$58873,$0,$0,$0,$0,$0,$0,$0,$0,$0,$2235,$-1305,$0,$-930,$0,$0,$0,$30,$-2205,$0,$2648,$0,$0,$0,$-500,$-69,$2079,$2305,$0,$0
30,2011-03-31,8.55,$0.00,0.0,$8.54,1.0,$4.70,1.82,$1.47,5.82,$3.90B,$3.45B,1.13,$6.05B,$11.96B,0.51,$11.03B,$8.38B,75.97%,$11.03B,$2.86B,25.90%,$11.03B,$2.86B,25.90%,$11.03B,$4.94B,44.76%,$11.03B,$2.47B,22.43%,$11.03B,$1.88B,17.07%,$1.88B,$11.96B,16.33%,$1.88B,$2.03B,90.82%,$1.88B,$22.28B,8.94%,$2.86B,$18.01B,17.35%,$2743,$708,$2035,$0,$826,$2109,$633,$70,$703,$95,$609,$590,$590,$633,$633,$1292,1292,$0.46,$0.46,$2450,$198,$701,$3898,$0,$504,$9929,$72,$10505,$22281,$3453,$6047,$185,$6868,$10321,$1,$5500,$0,$11960,$22281,$0,$0,$0,$0,$0,$0,$0,$0,$0,$1004,$-471,$0,$-104,$0,$0,$0,$-620,$-1195,$0,$0,$0,$0,$1398,$-256,$-10,$1132,$972,$0,$0
31,2010-12-31,8.98,$0.00,0.0,$8.38,1.07,$4.80,1.87,$1.33,6.76,$2.33B,$3.22B,0.72,$4.50B,$11.34B,0.4,$10.82B,$8.35B,77.17%,$10.82B,$3.16B,29.19%,$10.82B,$3.16B,29.19%,$10.82B,$5.24B,48.41%,$10.82B,$2.33B,21.50%,$10.82B,$1.70B,15.75%,$1.70B,$11.34B,17.02%,$1.70B,$2.29B,94.04%,$1.70B,$19.93B,8.86%,$3.16B,$15.83B,21.40%,$2816,$701,$2115,$0,$873,$2195,$621,$-116,$503,$44,$459,$461,$461,$2701,$621,$1356,1356,$0.34,$0.34,$885,$137,$797,$2326,$0,$446,$9048,$581,$10076,$19928,$3222,$4499,$184,$5371,$8593,$1,$5154,$0,$11335,$19928,$1721,$2080,$0,$2080,$0,$0,$0,$0,$53,$3670,$-1685,$0,$-52,$0,$0,$455,$-65,$-1347,$0,$-1724,$-5,$0,$-473,$-578,$-84,$-2864,$-562,$0,$0
32,2010-09-30,8.61,$0.00,0.0,$8.51,1.01,$6.03,1.43,$1.26,6.84,$3.78B,$4.06B,0.93,$4.37B,$11.66B,0.38,$10.31B,$8.02B,77.78%,$10.31B,$3.17B,30.70%,$10.31B,$3.17B,30.70%,$10.31B,$4.86B,47.13%,$10.31B,$2.18B,21.15%,$10.31B,$1.53B,14.80%,$1.53B,$11.66B,18.10%,$1.53B,$1.99B,111.96%,$1.53B,$21.05B,8.51%,$3.17B,$16.02B,23.57%,$2824,$639,$2185,$0,$808,$1993,$832,$-91,$740,$230,$510,$496,$496,$832,$832,$1291,1291,$0.39,$0.39,$2467,$84,$705,$3781,$0,$441,$9669,$674,$10784,$21046,$4064,$4367,$171,$5325,$9389,$1,$5287,$0,$11657,$21046,$0,$0,$0,$0,$0,$0,$0,$0,$0,$2901,$-751,$0,$131,$0,$0,$0,$138,$-482,$0,$-852,$0,$0,$-479,$-37,$-15,$-1383,$1020,$0,$0
33,2010-06-30,9.39,$0.00,0.0,$8.57,1.1,$6.68,1.41,$1.31,7.16,$3.71B,$3.98B,0.93,$4.80B,$11.16B,0.43,$9.76B,$7.59B,77.77%,$9.76B,$3.04B,31.12%,$9.76B,$3.04B,31.12%,$9.76B,$4.73B,48.47%,$9.76B,$2.03B,20.78%,$9.76B,$1.46B,15.00%,$1.46B,$11.16B,21.73%,$1.46B,$1.99B,149.81%,$1.46B,$20.94B,8.91%,$3.04B,$15.96B,25.33%,$2642,$601,$2041,$0,$779,$1873,$769,$-241,$527,$178,$349,$335,$335,$769,$769,$1227,1228,$0.28,$0.28,$2353,$77,$766,$3711,$0,$426,$9174,$1376,$10976,$20943,$3976,$4801,$177,$5808,$9784,$1,$4791,$0,$11160,$20943,$0,$0,$0,$0,$0,$0,$0,$0,$0,$1804,$-379,$0,$172,$0,$0,$18,$264,$75,$0,$-888,$0,$0,$1,$-2,$-39,$-928,$906,$0,$0
34,2010-03-31,10.68,$0.00,0.0,$6.41,1.66,$5.52,1.94,$1.03,10.37,$2.89B,$3.13B,0.92,$5.29B,$5.89B,0.9,$9.26B,$7.22B,77.96%,$9.26B,$2.96B,31.95%,$9.26B,$2.96B,31.95%,$9.26B,$4.65B,50.24%,$9.26B,$2.41B,25.97%,$9.26B,$1.84B,19.83%,$1.84B,$5.89B,36.39%,$1.84B,$0.99B,388.37%,$1.84B,$15.03B,12.44%,$2.96B,$11.18B,28.20%,$2535,$528,$2007,$0,$653,$1600,$935,$-77,$556,$153,$403,$412,$412,$935,$935,$1288,1288,$0.32,$0.32,$1530,$63,$842,$2885,$0,$433,$4899,$1259,$6591,$15032,$3129,$5292,$178,$6015,$9144,$0,$4467,$0,$5888,$15032,$0,$0,$0,$0,$0,$0,$0,$0,$0,$803,$-144,$0,$5,$0,$0,$-5,$152,$7,$0,$-724,$0,$0,$0,$-2,$-10,$-737,$83,$0,$0
35,2009-12-31,10.78,$0.00,0.0,$4.45,2.43,$5.00,2.16,$0.71,15.19,$2.97B,$3.41B,0.87,$5.54B,$5.02B,1.1,$8.74B,$6.75B,77.22%,$8.74B,$2.60B,29.79%,$8.74B,$2.60B,29.79%,$8.74B,$4.30B,49.18%,$8.74B,$1.55B,17.78%,$8.74B,$1.16B,13.26%,$1.16B,$5.02B,25.70%,$1.16B,$0.49B,2662.07%,$1.16B,$14.73B,8.01%,$2.60B,$10.56B,26.07%,$2309,$522,$1786,$0,$682,$1679,$629,$-239,$358,$115,$242,$283,$283,$2323,$629,$1050,1050,$0.27,$0.27,$1447,$62,$1065,$2967,$0,$437,$4527,$1240,$6204,$14733,$3414,$5540,$165,$6301,$9715,$0,$4074,$0,$5017,$14733,$1117,$1694,$0,$1694,$0,$0,$0,$0,$201,$3513,$-691,$0,$0,$0,$0,$-501,$-241,$-1433,$0,$-1163,$0,$0,$18,$-316,$-85,$-1545,$532,$0,$0
36,2009-09-30,10.85,$0.00,0.0,$2.25,4.83,$2.32,4.68,$0.44,24.65,$3.59B,$4.03B,0.89,$5.39B,$4.89B,1.1,$8.98B,$6.88B,76.57%,$8.98B,$2.62B,29.21%,$8.98B,$2.62B,29.21%,$8.98B,$2.62B,29.21%,$8.98B,$0.19B,2.10%,$8.98B,$0.06B,0.66%,$0.06B,$4.89B,1.36%,$0.06B,$0.45B,-22.43%,$0.06B,$14.99B,0.40%,$2.62B,$10.27B,26.05%,$2276,$518,$1758,$0,$615,$1571,$705,$-126,$588,$154,$434,$434,$434,$705,$705,$1013,1013,$0.44,$0.44,$2429,$79,$657,$3592,$0,$442,$4441,$1129,$6012,$14993,$4026,$5385,$169,$6080,$10106,$0,$3686,$0,$4886,$14993,$0,$0,$0,$0,$0,$0,$0,$0,$0,$2848,$-502,$0,$0,$0,$0,$-12,$-178,$-693,$0,$-509,$0,$0,$5,$0,$-55,$-558,$1569,$0,$0
37,2009-06-30,6.83,$0.00,0.0,0,0.0,0,0.0,0,0.0,$2.75B,$3.66B,0.75,$5.56B,$4.40B,1.26,$9.55B,$7.27B,76.12%,$9.55B,$2.81B,29.40%,$9.55B,$2.81B,29.40%,$9.55B,$2.81B,29.40%,$9.55B,$0.02B,0.22%,$9.55B,$-0.11B,-1.11%,$-0.11B,$4.40B,-2.31%,$-0.11B,$-0.03B,21.04%,$-0.11B,$14.29B,-0.69%,$2.81B,$9.96B,26.65%,$2142,$472,$1670,$0,$586,$1452,$690,$214,$903,$195,$708,$708,$708,$690,$690,$0,0,$0.00,$0.00,$1600,$86,$642,$2747,$0,$435,$4434,$1174,$6043,$14287,$3656,$5560,$155,$6229,$9885,$0,$3152,$0,$4402,$14287,$0,$0,$0,$0,$0,$0,$0,$0,$0,$1725,$-378,$0,$0,$0,$0,$0,$-143,$-521,$0,$-457,$0,$0,$2,$0,$-49,$-504,$767,$0,$0
38,2009-03-31,3.79,$0.00,0.0,0,0.0,0,0.0,0,0.0,$2.22B,$4.07B,0.55,$5.42B,$3.72B,1.46,$10.02B,$7.62B,75.98%,$10.02B,$2.86B,28.49%,$10.02B,$2.86B,28.49%,$10.02B,$2.86B,28.49%,$10.02B,$-0.22B,-2.17%,$10.02B,$-0.34B,-3.43%,$-0.34B,$3.72B,-6.86%,$-0.34B,$-0.73B,60.80%,$-0.34B,$13.85B,-2.13%,$2.86B,$9.14B,25.52%,$2008,$477,$1531,$0,$566,$1430,$578,$-874,$-296,$-30,$-267,$-267,$-267,$578,$578,$0,0,$0.00,$0.00,$986,$0,$777,$2217,$0,$440,$4449,$1194,$6083,$13849,$4070,$5416,$131,$6059,$10129,$0,$0,$0,$3720,$13849,$0,$0,$0,$0,$0,$0,$0,$0,$0,$840,$-152,$0,$0,$0,$0,$0,$-56,$-207,$0,$-566,$0,$0,$0,$0,$-9,$-574,$180,$0,$0
39,2008-12-31,4.15,$0.00,0.0,0,0.0,0,0.0,0,0.0,$2.41B,$3.81B,0.63,$6.53B,$0.00B,0.0,$10.13B,$7.76B,76.66%,$10.13B,$2.98B,29.43%,$10.13B,$2.98B,29.43%,$10.13B,$2.98B,29.43%,$10.13B,$0.89B,8.81%,$10.13B,$0.52B,5.18%,$0.52B,$4.39B,9.31%,$0.52B,$-0.74B,-153.55%,$0.52B,$15.73B,3.14%,$2.98B,$10.92B,25.09%,$2558,$638,$1920,$0,$796,$1907,$651,$-1657,$-1006,$-209,$-797,$-816,$-816,$651,$651,$0,0,$0.00,$0.00,$915,$0,$1016,$2407,$0,$494,$5125,$1275,$6893,$15725,$3814,$6534,$123,$7522,$11336,$0,$0,$0,$4389,$15725,$0,$0,$0,$0,$0,$0,$0,$0,$0,$3422,$-2002,$0,$-4135,$0,$0,$-841,$-1192,$-8170,$0,$5488,$0,$0,$-89,$-587,$-68,$4744,$-89,$0,$0
40,2008-09-30,11.78,$0.00,0.0,0,0.0,0,0.0,0,0.0,$2.59B,$3.94B,0.66,$6.26B,$0.00B,0.0,$9.58B,$7.49B,78.16%,$9.58B,$2.86B,29.86%,$9.58B,$2.86B,29.86%,$9.58B,$2.86B,29.86%,$9.58B,$2.44B,25.51%,$9.58B,$1.71B,17.83%,$1.71B,$5.88B,29.03%,$1.71B,$-0.52B,266.35%,$1.71B,$17.31B,11.09%,$2.86B,$12.14B,25.86%,$2845,$694,$2151,$0,$763,$1956,$890,$-470,$420,$139,$281,$269,$269,$890,$890,$0,0,$0.00,$0.00,$727,$0,$1285,$2594,$0,$0,$6401,$1321,$7722,$17310,$3938,$6255,$98,$7488,$11427,$0,$0,$0,$5883,$17310,$0,$0,$0,$0,$0,$0,$0,$0,$0,$2586,$-1382,$0,$-4133,$0,$0,$-350,$-1244,$-7109,$0,$4994,$0,$0,$-89,$-587,$-55,$4263,$-276,$0,$0
41,2008-06-30,17.22,$0.00,0.0,0,0.0,0,0.0,0,0.0,$2.31B,$3.82B,0.6,$6.50B,$0.00B,0.0,$8.69B,$6.93B,79.70%,$8.69B,$2.64B,30.43%,$8.69B,$2.64B,30.43%,$8.69B,$2.64B,30.43%,$8.69B,$2.67B,30.75%,$8.69B,$1.90B,21.83%,$1.90B,$6.06B,33.62%,$1.90B,$-0.28B,129.98%,$1.90B,$17.71B,14.03%,$2.64B,$12.57B,26.88%,$2613,$599,$2014,$0,$791,$1876,$737,$-73,$664,$179,$485,$470,$470,$737,$737,$0,0,$0.00,$0.00,$979,$0,$791,$2305,$0,$0,$6343,$1944,$8286,$17709,$3819,$6503,$71,$7828,$11646,$0,$0,$0,$6062,$17709,$0,$0,$0,$0,$0,$0,$0,$0,$0,$1821,$-884,$0,$-4102,$0,$0,$-350,$-1095,$-6432,$0,$4637,$0,$0,$-24,$0,$-53,$4560,$-25,$0,$0
42,2008-03-31,17.34,$0.00,0.0,0,0.0,0,0.0,0,0.0,$1.83B,$2.72B,0.67,$5.71B,$0.00B,0.0,$7.80B,$6.32B,81.01%,$7.80B,$2.47B,31.62%,$7.80B,$2.47B,31.62%,$7.80B,$2.47B,31.62%,$7.80B,$2.53B,32.41%,$7.80B,$1.79B,22.91%,$1.79B,$6.18B,34.32%,$1.79B,$0.17B,84.30%,$1.79B,$16.03B,15.67%,$2.47B,$11.89B,29.61%,$2109,$433,$1677,$0,$551,$1408,$702,$112,$814,$196,$618,$601,$601,$702,$702,$0,0,$0.00,$0.00,$621,$0,$686,$1832,$0,$0,$6009,$1305,$7314,$16026,$2721,$5709,$67,$7127,$9849,$0,$0,$0,$6177,$16026,$0,$0,$0,$0,$0,$0,$0,$0,$0,$860,$-392,$0,$-4226,$0,$0,$-308,$96,$-4830,$0,$3598,$0,$0,$1,$0,$-32,$3567,$-383,$0,$0
43,2007-12-31,24.13,$0.00,0.0,0,0.0,0,0.0,0,0.0,$1.73B,$2.00B,0.86,$2.24B,$0.00B,0.0,$7.18B,$5.86B,81.67%,$7.18B,$2.21B,30.76%,$7.18B,$2.21B,30.76%,$7.18B,$2.21B,30.76%,$7.18B,$2.12B,29.56%,$7.18B,$1.46B,20.38%,$1.46B,$5.41B,30.92%,$1.46B,$3.19B,55.07%,$1.46B,$10.57B,15.21%,$2.21B,$7.65B,31.62%,$2011,$367,$1644,$0,$726,$1481,$531,$14,$545,$159,$386,$368,$368,$531,$531,$0,0,$0.00,$0.00,$1004,$0,$442,$1727,$0,$0,$2218,$1127,$3344,$10569,$2000,$2240,$53,$3157,$5157,$0,$0,$0,$5412,$10569,$0,$0,$0,$0,$0,$0,$0,$0,$0,$3038,$-1238,$0,$-301,$0,$0,$-42,$-653,$-2235,$0,$194,$0,$0,$-41,$-332,$-14,$-194,$659,$0,$0
44,2007-09-30,15.68,$0.00,0.0,0,0.0,0,0.0,0,0.0,$1.76B,$1.69B,1.04,$2.33B,$0.00B,0.0,$6.62B,$5.40B,81.56%,$6.62B,$2.05B,31.00%,$6.62B,$2.05B,31.00%,$6.62B,$2.05B,31.00%,$6.62B,$1.90B,28.67%,$6.62B,$1.29B,19.53%,$1.29B,$4.92B,29.63%,$1.29B,$2.76B,54.91%,$1.29B,$9.79B,14.23%,$2.05B,$7.25B,31.32%,$1957,$366,$1591,$0,$575,$1283,$674,$-25,$649,$171,$478,$458,$458,$674,$674,$0,0,$0.00,$0.00,$1028,$0,$442,$1757,$0,$0,$2161,$781,$2942,$9787,$1693,$2332,$33,$3178,$4871,$0,$0,$0,$4916,$9787,$0,$0,$0,$0,$0,$0,$0,$0,$0,$2208,$-833,$0,$-289,$0,$0,$0,$-251,$-1372,$0,$193,$0,$0,$-41,$-332,$-7,$-187,$683,$0,$0
45,2007-06-30,12.22,$0.00,0.0,0,0.0,0,0.0,0,0.0,$1.66B,$1.94B,0.85,$2.20B,$0.00B,0.0,$6.02B,$4.92B,81.67%,$6.02B,$1.81B,30.01%,$6.02B,$1.81B,30.01%,$6.02B,$1.81B,30.01%,$6.02B,$1.61B,26.82%,$6.02B,$1.10B,18.31%,$1.10B,$4.31B,27.22%,$1.10B,$2.36B,51.30%,$1.10B,$9.21B,12.86%,$1.81B,$6.51B,29.40%,$1718,$315,$1403,$0,$507,$1160,$558,$-39,$518,$144,$374,$359,$359,$558,$558,$0,0,$0.00,$0.00,$951,$0,$417,$1656,$0,$0,$1956,$733,$2689,$9211,$1939,$2202,$0,$2960,$4898,$0,$0,$0,$4312,$9211,$0,$0,$0,$0,$0,$0,$0,$0,$0,$1352,$-604,$0,$-56,$0,$0,$0,$-120,$-780,$0,$77,$0,$0,$-46,$0,$-2,$29,$606,$0,$0
46,2007-03-31,11.0,$0.00,0.0,0,0.0,0,0.0,0,0.0,$1.48B,$1.59B,0.93,$2.24B,$0.00B,0.0,$5.42B,$4.43B,81.76%,$5.42B,$1.57B,28.99%,$5.42B,$1.57B,28.99%,$5.42B,$1.57B,28.99%,$5.42B,$1.39B,25.64%,$5.42B,$0.94B,17.30%,$0.94B,$4.27B,25.06%,$0.94B,$2.32B,49.39%,$0.94B,$8.88B,11.65%,$1.57B,$6.51B,27.25%,$1489,$267,$1222,$0,$455,$1045,$444,$-35,$409,$120,$289,$277,$277,$444,$444,$0,0,$0.00,$0.00,$739,$0,$417,$1479,$0,$0,$1958,$736,$2694,$8880,$1588,$2236,$0,$3019,$4607,$0,$0,$0,$4272,$8880,$0,$0,$0,$0,$0,$0,$0,$0,$0,$656,$-326,$0,$0,$0,$0,$0,$-80,$-406,$0,$134,$0,$0,$8,$0,$-0,$142,$394,$0,$0
47,2006-12-31,9.16,$0.00,0.0,0,0.0,0,0.0,0,0.0,$1.13B,$1.61B,0.7,$1.98B,$0.00B,0.0,$4.87B,$3.98B,81.74%,$4.87B,$1.40B,28.73%,$4.87B,$1.40B,28.73%,$4.87B,$1.40B,28.73%,$4.87B,$1.21B,24.91%,$4.87B,$0.81B,16.66%,$0.81B,$3.94B,23.83%,$0.81B,$1.99B,50.15%,$0.81B,$8.44B,10.87%,$1.40B,$5.92B,26.37%,$1452,$272,$1180,$0,$490,$1077,$375,$-54,$321,$128,$193,$198,$198,$375,$375,$0,0,$0.00,$0.00,$344,$0,$468,$1125,$0,$0,$1958,$738,$2696,$8437,$1612,$1981,$115,$2882,$4494,$0,$0,$0,$3943,$8437,$0,$0,$0,$0,$0,$0,$0,$0,$0,$1971,$-1266,$0,$-680,$0,$0,$0,$-342,$-2287,$0,$367,$0,$0,$-26,$0,$-48,$293,$-19,$0,$0
