,Date,Stock Price,Book Value per Share,Price to Book Ratio,TTM Sales per Share,Price to Sales Ratio,TTM FCF per Share,Price to FCF Ratio,TTM Net EPS,PE Ratio,Current Assets,Current Liabilities,Current Ratio,Long Term Debt,Shareholder's Equity_x,Debt to Equity Ratio,TTM Revenue_x,TTM Gross Profit,Gross Margin,TTM Revenue_y,TTM Operating Income,Operating Margin,TTM Revenue_x,TTM EBIT,EBIT Margin,TTM Revenue_y,TTM EBITDA,EBITDA Margin,TTM Revenue_x,TTM Pre-Tax Income,Pre-Tax Margin,TTM Revenue_y,TTM Net Income_x,Net Margin,TTM Net Income_y,Shareholder's Equity_y,Return on Equity,TTM Net Income_x,Tangible Equity,Return on Tangible Equity,TTM Net Income_y,Total Assets,Return on Assets,TTM Net Income,LT Investments & Debt,Return on Investment,revenue,cost-goods-sold,gross-profit,research-development-expenses,selling-general-administrative-expenses,operating-expenses,operating-income,total-non-operating-income-expense,pre-tax-income,total-provision-income-taxes,income-after-taxes,income-from-continuous-operations,net-income,ebitda,ebit,basic-shares-outstanding,shares-outstanding,eps-basic-net-earnings-per-share,eps-earnings-per-share-diluted,cash-on-hand,inventory,other-current-assets,total-current-assets,net-property-plant-equipment,long-term-investments,goodwill-intangible-assets-total,other-long-term-assets,total-long-term-assets,total-assets,total-current-liabilities,long-term-debt,other-non-current-liabilities,total-long-term-liabilities,total-liabilities,common-stock-net,retained-earnings-accumulated-deficit,comprehensive-income,total-share-holder-equity,total-liabilities-share-holders-equity,net-income-loss,total-depreciation-amortization-cash-flow,other-non-cash-items,total-non-cash-items,change-in-accounts-receivable,change-in-inventories,change-in-accounts-payable,change-in-assets-liabilities,total-change-in-assets-liabilities,cash-flow-from-operating-activities,net-change-in-property-plant-equipment,net-change-in-intangible-assets,net-acquisitions-divestitures,net-change-in-short-term-investments,net-change-in-long-term-investments,net-change-in-investments-total,investing-activities-other,cash-flow-from-investing-activities,net-long-term-debt,net-current-debt,debt-issuance-retirement-net-total,net-common-equity-issued-repurchased,net-total-equity-issued-repurchased,total-common-preferred-stock-dividends-paid,financial-activities-other,cash-flow-from-financial-activities,net-cash-flow,stock-based-compensation,common-stock-dividends-paid
0,2018-06-30,2.02,$0.63,3.21,$0.31,6.61,$-0.21,0.0,$-0.40,0.0,$0.01B,$0.01B,1.01,$0.00B,$0.04B,0.12,$0.02B,$0.01B,43.75%,$0.02B,$-0.02B,-125.00%,$0.02B,$-0.02B,-125.00%,$0.02B,$-0.02B,-125.00%,$0.02B,$-0.02B,-143.75%,$0.02B,$-0.02B,-131.25%,$-0.02B,$0.04B,-49.41%,$-0.02B,$0.01B,-140.00%,$-0.02B,$0.05B,-38.71%,$-0.02B,$0.04B,-44.44%,$6,$2,$3,$4,$4,$10,$-5,$-2,$-7,$1,$-8,$-8,$-8,$-5,$-5,$54,54,$-0.15,$-0.15,$6,$3,$0,$13,$0,$0,$27,$1,$41,$53,$13,$4,$1,$5,$18,$1,$-50,$-1,$36,$53,$-16,$0,$4,$4,$2,$0,$1,$-1,$3,$-9,$-0,$0,$0,$0,$0,$0,$0,$-0,$9,$0,$9,$2,$2,$0,$-0,$11,$2,$1,$0
1,2018-03-31,1.81,$0.77,2.34,$0.34,5.28,$-0.04,0.0,$-0.28,0.0,$0.02B,$0.01B,1.53,$0.01B,$0.04B,0.14,$0.01B,$0.01B,42.86%,$0.01B,$-0.02B,-114.29%,$0.01B,$-0.02B,-114.29%,$0.01B,$-0.02B,-114.29%,$0.01B,$-0.02B,-121.43%,$0.01B,$-0.01B,-100.00%,$-0.01B,$0.04B,-30.27%,$-0.01B,$0.01B,-74.67%,$-0.01B,$0.06B,-25.34%,$-0.02B,$0.05B,-33.51%,$3,$1,$1,$2,$4,$7,$-5,$-0,$-5,$-1,$-4,$-4,$-4,$-5,$-5,$53,53,$-0.07,$-0.07,$9,$4,$0,$16,$0,$0,$27,$1,$42,$58,$11,$6,$0,$6,$17,$1,$-42,$-1,$41,$58,$-8,$0,$0,$0,$3,$-1,$1,$-0,$4,$-4,$-0,$0,$0,$0,$0,$0,$0,$-0,$10,$0,$10,$0,$0,$0,$-0,$10,$6,$1,$0
2,2017-12-31,1.14,$0.84,1.36,$0.37,3.06,$0.00,0.0,$-0.27,0.0,$0.01B,$0.01B,1.65,$0.00B,$0.05B,0.0,$0.01B,$0.01B,46.15%,$0.01B,$-0.01B,-107.69%,$0.01B,$-0.01B,-107.69%,$0.01B,$-0.01B,-100.00%,$0.01B,$-0.02B,-115.38%,$0.01B,$-0.01B,-92.31%,$-0.01B,$0.05B,-24.49%,$-0.01B,$0.02B,-56.47%,$-0.01B,$0.05B,-21.82%,$-0.01B,$0.05B,-28.57%,$3,$1,$1,$2,$3,$10,$-7,$-0,$-8,$-3,$-4,$-4,$-4,$-7,$-7,$53,53,$-0.08,$-0.08,$4,$3,$0,$10,$1,$0,$28,$1,$41,$51,$6,$0,$0,$0,$6,$1,$-39,$-1,$45,$51,$-4,$0,$1,$1,$3,$-0,$-0,$0,$4,$0,$-0,$0,$0,$0,$0,$0,$0,$-0,$0,$0,$0,$0,$0,$0,$0,$0,$0,$0,$0
3,2017-09-30,2.65,$0.91,2.91,$0.43,6.19,$0.03,82.04,$-0.23,0.0,$0.01B,$0.01B,1.88,$0.00B,$0.05B,0.0,$0.01B,$0.01B,53.85%,$0.01B,$-0.01B,-69.23%,$0.01B,$-0.01B,-69.23%,$0.01B,$-0.01B,-61.54%,$0.01B,$-0.01B,-69.23%,$0.01B,$-0.01B,-69.23%,$-0.01B,$0.05B,-17.65%,$-0.01B,$0.02B,-38.71%,$-0.01B,$0.06B,-15.65%,$-0.01B,$0.05B,-17.65%,$4,$2,$2,$2,$3,$6,$-3,$-0,$-3,$-0,$-3,$-3,$-5,$-3,$-3,$35,35,$-0.12,$-0.12,$3,$3,$0,$10,$1,$0,$28,$0,$45,$55,$5,$0,$1,$1,$7,$1,$-34,$-1,$48,$55,$-7,$0,$-1,$-0,$7,$-0,$1,$1,$8,$1,$-0,$0,$0,$0,$0,$0,$0,$-0,$0,$0,$0,$0,$0,$0,$0,$0,$1,$1,$0
4,2017-06-30,1.05,$1.62,0.65,$0.44,2.36,$-0.05,0.0,$-0.19,0.0,$0.01B,$0.01B,2.47,$0.00B,$0.03B,0.0,$0.01B,$0.01B,53.85%,$0.01B,$-0.01B,-46.15%,$0.01B,$-0.01B,-46.15%,$0.01B,$-0.01B,-38.46%,$0.01B,$-0.01B,-46.15%,$0.01B,$-0.01B,-46.15%,$-0.01B,$0.05B,-12.63%,$-0.01B,$0.02B,-22.64%,$-0.01B,$0.06B,-11.21%,$-0.01B,$0.05B,-12.63%,$4,$2,$2,$0,$3,$6,$-1,$-0,$-1,$-1,$-1,$-1,$-1,$-1,$-1,$31,31,$-0.03,$-0.03,$3,$3,$0,$12,$1,$0,$28,$0,$45,$57,$5,$0,$1,$2,$7,$0,$-32,$-1,$51,$57,$-4,$0,$-1,$-1,$5,$-0,$0,$1,$5,$0,$-0,$0,$0,$0,$0,$0,$0,$-0,$0,$0,$0,$0,$0,$0,$0,$0,$0,$1,$0
5,2017-03-31,1.01,$1.64,0.61,$0.50,2.03,$-0.09,0.0,$-0.14,0.0,$0.01B,$0.00B,3.43,$0.00B,$0.03B,0.0,$0.02B,$0.01B,53.33%,$0.02B,$-0.00B,-26.67%,$0.02B,$-0.00B,-26.67%,$0.02B,$-0.00B,-20.00%,$0.02B,$-0.00B,-26.67%,$0.02B,$-0.00B,-26.67%,$-0.00B,$0.05B,-9.14%,$-0.00B,$0.02B,-13.45%,$-0.00B,$0.06B,-8.08%,$-0.00B,$0.05B,-9.14%,$2,$1,$1,$1,$3,$5,$-3,$-0,$-3,$-1,$-2,$-2,$-2,$-2,$-3,$31,31,$-0.06,$-0.06,$1,$3,$0,$12,$1,$0,$28,$0,$45,$57,$3,$0,$1,$2,$6,$0,$-31,$-1,$52,$57,$-3,$0,$-0,$-0,$3,$0,$-0,$0,$2,$-1,$-0,$0,$0,$0,$0,$0,$0,$-0,$0,$0,$0,$0,$0,$0,$0,$0,$-1,$0,$0
6,2016-12-31,0.91,$1.70,0.54,$0.58,1.56,$-0.10,0.0,$-0.08,0.0,$0.02B,$0.00B,3.46,$0.00B,$0.04B,0.0,$0.02B,$0.01B,55.56%,$0.02B,$-0.00B,-5.56%,$0.02B,$-0.00B,-5.56%,$0.02B,$-0.00B,-5.56%,$0.02B,$-0.00B,-5.56%,$0.02B,$-0.00B,-11.11%,$-0.00B,$0.05B,-5.06%,$-0.00B,$0.03B,-6.15%,$-0.00B,$0.06B,-4.42%,$-0.00B,$0.05B,-2.53%,$3,$2,$2,$0,$3,$5,$-2,$-0,$-2,$-1,$-1,$-1,$-1,$-2,$-2,$31,31,$-0.04,$-0.04,$3,$3,$0,$15,$1,$0,$28,$0,$45,$61,$4,$0,$1,$3,$7,$0,$-29,$-1,$53,$61,$-1,$0,$0,$0,$2,$0,$-1,$-0,$2,$1,$-0,$0,$0,$0,$0,$0,$0,$-0,$0,$0,$0,$0,$0,$0,$0,$0,$1,$0,$0
7,2016-09-30,1.22,$1.17,1.05,$0.76,1.6,$-0.15,0.0,$0.01,122.0,$0.02B,$0.00B,4.87,$0.00B,$0.03B,0.0,$0.02B,$0.01B,56.52%,$0.02B,$0.00B,13.04%,$0.02B,$0.00B,13.04%,$0.02B,$0.00B,17.39%,$0.02B,$0.00B,13.04%,$0.02B,0,0.00%,$0.00B,$0.03B,0.00%,$0.00B,$0.03B,0.00%,$0.00B,$0.04B,0.00%,$0.00B,$0.03B,8.57%,$4,$2,$2,$0,$4,$4,$-0,$-0,$-0,$1,$-2,$-2,$-2,$-0,$-0,$29,29,$-0.06,$-0.06,$2,$2,$0,$16,$1,$0,$0,$0,$22,$39,$3,$0,$1,$1,$5,$0,$-28,$-1,$34,$39,$0,$0,$3,$3,$-5,$-1,$-0,$-0,$-5,$-2,$-0,$0,$0,$0,$0,$0,$0,$-0,$0,$0,$0,$0,$0,$0,$0,$0,$-2,$1,$0
8,2016-06-30,1.26,$1.22,1.03,$0.89,1.42,$-0.15,0.0,$0.09,14.0,$0.03B,$0.01B,5.01,$0.00B,$0.04B,0.0,$0.03B,$0.02B,57.69%,$0.03B,$0.00B,15.38%,$0.03B,$0.00B,15.38%,$0.03B,$0.01B,19.23%,$0.03B,$0.00B,15.38%,$0.03B,$0.00B,11.54%,$0.00B,$0.04B,8.63%,$0.00B,$0.04B,8.63%,$0.00B,$0.04B,7.64%,$0.00B,$0.04B,11.51%,$6,$2,$3,$0,$2,$5,$1,$-0,$1,$0,$1,$1,$1,$1,$1,$29,29,$0.02,$0.02,$3,$2,$0,$25,$1,$0,$0,$0,$16,$41,$5,$0,$0,$0,$5,$0,$-26,$-1,$36,$41,$2,$0,$1,$1,$-5,$-1,$-0,$0,$-4,$-1,$-0,$0,$0,$0,$0,$0,$0,$-0,$0,$0,$0,$0,$0,$0,$0,$0,$-1,$0,$0
9,2016-03-31,1.87,$1.20,1.56,$0.97,1.93,$-0.23,0.0,$0.11,17.0,$0.02B,$0.01B,4.93,$0.00B,$0.04B,0.0,$0.03B,$0.02B,60.71%,$0.03B,$0.00B,14.29%,$0.03B,$0.00B,14.29%,$0.03B,$0.01B,21.43%,$0.03B,$0.00B,14.29%,$0.03B,$0.00B,10.71%,$0.00B,$0.04B,8.89%,$0.00B,$0.04B,8.89%,$0.00B,$0.04B,7.84%,$0.00B,$0.04B,11.85%,$5,$2,$3,$0,$3,$5,$0,$-0,$0,$-0,$0,$0,$0,$0,$0,$29,29,$0.00,$0.00,$3,$2,$0,$24,$1,$0,$0,$0,$16,$40,$5,$0,$0,$0,$5,$0,$-26,$-1,$35,$40,$2,$0,$1,$1,$-4,$-0,$-0,$0,$-4,$-1,$-0,$0,$0,$0,$0,$0,$0,$-0,$0,$0,$0,$0,$0,$0,$0,$0,$-1,$0,$0
10,2015-12-31,1.45,$1.20,1.21,$1.18,1.22,$-0.28,0.0,$0.17,8.53,$0.02B,$0.00B,5.26,$0.00B,$0.04B,0.0,$0.03B,$0.02B,58.82%,$0.03B,$0.01B,20.59%,$0.03B,$0.01B,20.59%,$0.03B,$0.01B,26.47%,$0.03B,$0.01B,20.59%,$0.03B,$0.01B,14.71%,$0.01B,$0.04B,15.27%,$0.01B,$0.04B,15.27%,$0.01B,$0.04B,13.42%,$0.01B,$0.04B,21.37%,$8,$3,$5,$0,$0,$6,$2,$-0,$2,$1,$1,$1,$1,$3,$2,$29,29,$0.05,$0.05,$4,$2,$0,$24,$1,$0,$0,$0,$16,$39,$4,$0,$0,$0,$5,$0,$-27,$-1,$35,$39,$1,$0,$1,$1,$-4,$0,$0,$0,$-3,$-0,$-0,$0,$0,$0,$0,$0,$0,$-0,$0,$0,$0,$0,$0,$0,$0,$0,$-0,$0,$0
11,2015-09-30,1.58,$1.14,1.38,$1.13,1.4,$-0.31,0.0,$0.15,10.53,$0.02B,$0.00B,5.11,$0.00B,$0.03B,0.0,$0.03B,$0.02B,57.58%,$0.03B,$0.01B,18.18%,$0.03B,$0.01B,18.18%,$0.03B,$0.01B,24.24%,$0.03B,$0.01B,18.18%,$0.03B,$0.01B,15.15%,$0.01B,$0.03B,16.00%,$0.01B,$0.03B,16.00%,$0.01B,$0.04B,13.99%,$0.01B,$0.03B,19.20%,$7,$3,$4,$0,$0,$6,$1,$0,$1,$0,$1,$1,$1,$1,$1,$29,29,$0.02,$0.02,$4,$2,$0,$22,$1,$0,$0,$0,$16,$37,$4,$0,$0,$0,$4,$0,$-28,$-1,$33,$37,$4,$0,$3,$3,$-11,$1,$-0,$0,$-9,$-2,$-0,$0,$0,$0,$0,$0,$0,$-0,$0,$0,$0,$-0,$-0,$-0,$0,$-0,$-2,$0,$-0
12,2015-06-30,1.8,$1.13,1.6,$1.08,1.67,$-0.13,0.0,$0.11,16.36,$0.02B,$0.01B,4.53,$0.00B,$0.03B,0.0,$0.03B,$0.02B,56.25%,$0.03B,$0.01B,15.63%,$0.03B,$0.01B,15.63%,$0.03B,$0.01B,21.88%,$0.03B,$0.01B,15.63%,$0.03B,$0.00B,9.38%,$0.00B,$0.03B,10.00%,$0.00B,$0.03B,10.00%,$0.00B,$0.04B,8.70%,$0.01B,$0.03B,16.67%,$8,$3,$5,$0,$0,$6,$1,$0,$1,$0,$1,$1,$1,$2,$1,$29,29,$0.04,$0.04,$3,$3,$0,$21,$1,$0,$0,$0,$16,$37,$5,$0,$0,$0,$5,$0,$-29,$-1,$32,$37,$4,$0,$2,$3,$0,$0,$0,$-9,$-9,$-3,$-0,$0,$0,$0,$0,$0,$0,$-0,$0,$0,$0,$-0,$-0,$-0,$0,$-0,$-3,$1,$-0
13,2015-03-31,2.83,$1.08,2.63,$1.08,2.62,$0.03,93.71,$0.11,25.73,$0.02B,$0.01B,4.15,$0.00B,$0.03B,0.0,$0.03B,$0.02B,53.13%,$0.03B,$0.01B,18.75%,$0.03B,$0.01B,18.75%,$0.03B,$0.01B,21.88%,$0.03B,$0.01B,18.75%,$0.03B,$0.00B,9.38%,$0.00B,$0.03B,10.26%,$0.00B,$0.03B,10.26%,$0.00B,$0.04B,8.96%,$0.01B,$0.03B,20.51%,$11,$5,$6,$0,$0,$8,$3,$0,$3,$1,$2,$2,$2,$3,$3,$29,29,$0.06,$0.06,$3,$3,$0,$19,$1,$0,$0,$0,$17,$36,$5,$0,$0,$0,$5,$0,$-30,$-1,$31,$36,$2,$0,$2,$2,$0,$0,$0,$-8,$-8,$-3,$-0,$0,$0,$0,$0,$0,$0,$-0,$0,$0,$0,$-0,$-0,$-0,$0,$-0,$-3,$0,$-0
14,2014-12-31,3.92,$1.02,3.86,$0.85,4.62,$0.17,23.5,$0.06,65.33,$0.01B,$0.00B,4.19,$0.00B,$0.03B,0.0,$0.03B,$0.01B,52.00%,$0.03B,$0.00B,16.00%,$0.03B,$0.00B,16.00%,$0.03B,$0.01B,20.00%,$0.03B,$0.00B,16.00%,$0.03B,$0.00B,4.00%,$0.00B,$0.03B,3.51%,$0.00B,$0.03B,3.51%,$0.00B,$0.03B,3.05%,$0.00B,$0.03B,14.04%,$7,$3,$4,$0,$0,$5,$1,$0,$1,$1,$1,$1,$1,$2,$1,$29,29,$0.03,$0.03,$5,$3,$0,$14,$1,$0,$0,$0,$18,$33,$3,$0,$0,$0,$4,$0,$-32,$-1,$29,$33,$1,$0,$1,$1,$0,$0,$0,$-3,$-3,$-1,$-0,$0,$0,$0,$0,$0,$0,$-0,$0,$0,$0,$0,$0,$-0,$0,$-0,$-1,$0,$-0
15,2014-09-30,3.49,$0.98,3.58,$0.85,4.11,$0.25,14.1,$0.08,43.63,$0.01B,$0.00B,3.87,$0.00B,$0.03B,0.0,$0.03B,$0.01B,52.00%,$0.03B,$0.01B,20.00%,$0.03B,$0.01B,20.00%,$0.03B,$0.01B,20.00%,$0.03B,$0.01B,20.00%,$0.03B,$0.00B,4.00%,$0.00B,$0.03B,3.51%,$0.00B,$0.03B,3.51%,$0.00B,$0.03B,3.01%,$0.01B,$0.03B,17.54%,$6,$3,$3,$0,$0,$6,$-0,$-0,$-0,$0,$-1,$-1,$-1,$-0,$-0,$29,29,$-0.01,$-0.02,$6,$3,$0,$13,$2,$0,$0,$0,$19,$32,$3,$0,$0,$0,$4,$0,$-32,$-1,$28,$32,$2,$1,$2,$3,$-1,$-1,$0,$-0,$-1,$4,$-0,$0,$0,$0,$0,$0,$0,$-0,$0,$0,$0,$-1,$-1,$-6,$0,$-7,$-3,$1,$-6
16,2014-06-30,5.51,$1.00,5.49,$0.82,6.7,$0.52,10.52,$0.33,16.7,$0.02B,$0.00B,4.34,$0.00B,$0.03B,0.0,$0.02B,$0.01B,50.00%,$0.02B,$0.01B,29.17%,$0.02B,$0.01B,29.17%,$0.02B,$0.01B,29.17%,$0.02B,$0.01B,29.17%,$0.02B,$0.01B,37.50%,$0.01B,$0.03B,30.77%,$0.01B,$0.03B,30.77%,$0.01B,$0.03B,26.47%,$0.01B,$0.03B,23.93%,$8,$4,$4,$0,$0,$6,$2,$-0,$2,$1,$1,$1,$1,$2,$2,$29,29,$0.04,$0.04,$4,$3,$0,$15,$2,$0,$0,$0,$18,$33,$3,$0,$0,$0,$4,$0,$-32,$-1,$29,$33,$3,$0,$2,$2,$0,$0,$0,$-3,$-3,$1,$-0,$0,$0,$0,$0,$0,$0,$-0,$0,$0,$0,$-0,$-0,$-6,$0,$-6,$-5,$1,$-6
17,2014-03-31,7.69,$0.96,8.0,$0.80,9.58,$0.91,8.46,$0.32,24.03,$0.02B,$0.01B,2.95,$0.00B,$0.03B,0.0,$0.02B,$0.01B,52.17%,$0.02B,$0.01B,26.09%,$0.02B,$0.01B,26.09%,$0.02B,$0.01B,26.09%,$0.02B,$0.01B,26.09%,$0.02B,$0.01B,39.13%,$0.01B,$0.03B,31.30%,$0.01B,$0.03B,31.30%,$0.01B,$0.03B,26.67%,$0.01B,$0.03B,20.87%,$4,$2,$2,$0,$0,$4,$1,$0,$1,$1,$0,$0,$0,$1,$1,$29,29,$0.01,$0.01,$6,$4,$0,$15,$2,$0,$0,$0,$18,$33,$5,$0,$0,$0,$5,$0,$-33,$-1,$28,$33,$2,$0,$1,$1,$0,$0,$0,$-2,$-2,$1,$-0,$0,$0,$0,$0,$0,$0,$-0,$0,$0,$0,$-0,$-0,$-4,$0,$-4,$-3,$0,$-4
18,2013-12-31,8.35,$1.01,8.24,$0.98,8.5,$1.04,8.06,$0.43,19.41,$0.02B,$0.01B,3.33,$0.00B,$0.03B,0.0,$0.03B,$0.02B,57.14%,$0.03B,$0.01B,28.57%,$0.03B,$0.01B,28.57%,$0.03B,$0.01B,28.57%,$0.03B,$0.01B,32.14%,$0.03B,$0.01B,42.86%,$0.01B,$0.03B,42.48%,$0.01B,$0.03B,42.48%,$0.01B,$0.04B,35.56%,$0.01B,$0.03B,28.32%,$7,$3,$4,$0,$0,$5,$2,$-0,$2,$0,$1,$1,$1,$2,$2,$28,29,$0.05,$0.05,$8,$3,$0,$16,$2,$0,$0,$0,$18,$35,$5,$0,$0,$0,$5,$0,$-31,$-1,$29,$35,$1,$0,$0,$0,$0,$0,$0,$-1,$-1,$1,$-0,$0,$0,$0,$0,$0,$0,$-0,$0,$0,$0,$0,$0,$-2,$0,$-2,$-1,$0,$-2
19,2013-09-30,9.62,$1.09,8.78,$1.09,8.78,$1.03,9.33,$0.50,19.23,$0.02B,$0.00B,4.87,$0.00B,$0.03B,0.0,$0.03B,$0.02B,58.06%,$0.03B,$0.01B,32.26%,$0.03B,$0.01B,32.26%,$0.03B,$0.01B,32.26%,$0.03B,$0.01B,35.48%,$0.03B,$0.02B,48.39%,$0.02B,$0.03B,55.56%,$0.02B,$0.03B,55.56%,$0.02B,$0.04B,46.15%,$0.01B,$0.03B,37.04%,$5,$3,$2,$0,$0,$3,$2,$-0,$2,$-5,$7,$7,$7,$2,$2,$28,29,$0.24,$0.23,$9,$2,$0,$17,$2,$0,$0,$0,$18,$35,$3,$0,$0,$0,$4,$0,$-29,$-1,$31,$35,$14,$1,$-5,$-4,$5,$-1,$-1,$0,$1,$12,$-0,$0,$0,$0,$0,$0,$0,$-0,$0,$0,$0,$-0,$-0,$-7,$0,$-8,$4,$1,$-7
20,2013-06-30,9.54,$0.93,10.24,$1.27,7.51,$0.96,9.9,$0.56,17.04,$0.02B,$0.01B,3.82,$0.00B,$0.03B,0.0,$0.04B,$0.02B,61.11%,$0.04B,$0.01B,30.56%,$0.04B,$0.01B,30.56%,$0.04B,$0.01B,30.56%,$0.04B,$0.01B,33.33%,$0.04B,$0.02B,44.44%,$0.02B,$0.03B,63.37%,$0.02B,$0.03B,63.37%,$0.02B,$0.03B,51.20%,$0.01B,$0.03B,43.56%,$7,$4,$4,$0,$0,$6,$1,$-0,$1,$0,$1,$1,$1,$1,$1,$28,29,$0.03,$0.03,$12,$3,$0,$18,$2,$0,$0,$0,$13,$32,$5,$0,$0,$0,$5,$0,$-33,$-1,$27,$32,$8,$0,$1,$1,$0,$0,$0,$4,$4,$13,$-0,$0,$0,$0,$0,$0,$0,$-0,$0,$0,$0,$-0,$-0,$-5,$0,$-6,$7,$1,$-5
21,2013-03-31,6.94,$0.90,7.68,$1.31,5.28,$0.82,8.43,$0.62,11.2,$0.02B,$0.01B,3.01,$0.00B,$0.03B,0.0,$0.04B,$0.02B,60.53%,$0.04B,$0.01B,34.21%,$0.04B,$0.01B,34.21%,$0.04B,$0.01B,34.21%,$0.04B,$0.01B,36.84%,$0.04B,$0.02B,47.37%,$0.02B,$0.03B,76.60%,$0.02B,$0.03B,76.60%,$0.02B,$0.03B,61.02%,$0.01B,$0.03B,55.32%,$9,$4,$6,$0,$0,$6,$3,$0,$4,$0,$3,$3,$3,$3,$3,$28,29,$0.12,$0.12,$6,$2,$0,$19,$2,$0,$0,$0,$14,$33,$6,$0,$0,$0,$7,$0,$-34,$-1,$26,$33,$7,$0,$0,$1,$0,$0,$0,$-3,$-3,$5,$-0,$0,$0,$0,$0,$0,$0,$-0,$0,$0,$0,$-0,$-0,$-3,$0,$-4,$1,$0,$-3
22,2012-12-31,6.83,$0.85,8.0,$1.26,5.45,$0.82,8.3,$0.57,11.99,$0.02B,$0.01B,2.97,$0.00B,$0.02B,0.0,$0.04B,$0.02B,59.46%,$0.04B,$0.01B,32.43%,$0.04B,$0.01B,32.43%,$0.04B,$0.01B,32.43%,$0.04B,$0.01B,32.43%,$0.04B,$0.02B,45.95%,$0.02B,$0.02B,80.00%,$0.02B,$0.02B,80.00%,$0.02B,$0.03B,62.96%,$0.01B,$0.02B,56.47%,$10,$4,$6,$0,$0,$6,$4,$-0,$4,$0,$4,$4,$4,$4,$4,$28,29,$0.12,$0.12,$4,$2,$0,$17,$2,$0,$0,$0,$14,$30,$6,$0,$0,$0,$6,$0,$-36,$-1,$24,$30,$4,$0,$0,$0,$0,$0,$0,$-3,$-3,$1,$-0,$0,$0,$0,$0,$0,$0,$-0,$0,$0,$0,$-0,$-0,$-2,$0,$-2,$-1,$0,$-2
23,2012-09-30,6.75,$0.85,7.97,$1.21,5.58,$0.85,7.92,$0.54,12.5,$0.02B,$0.01B,2.87,$0.00B,$0.02B,0.0,$0.04B,$0.02B,58.33%,$0.04B,$0.01B,30.56%,$0.04B,$0.01B,30.56%,$0.04B,$0.01B,30.56%,$0.04B,$0.01B,30.56%,$0.04B,$0.02B,44.44%,$0.02B,$0.02B,82.05%,$0.02B,$0.02B,82.05%,$0.02B,$0.03B,64.65%,$0.01B,$0.02B,56.41%,$10,$4,$6,$0,$0,$7,$3,$-0,$3,$-5,$8,$8,$8,$3,$3,$28,29,$0.29,$0.28,$5,$1,$0,$17,$2,$0,$0,$0,$14,$30,$6,$0,$0,$0,$6,$0,$-36,$-1,$24,$30,$15,$0,$-4,$-3,$-5,$0,$1,$-0,$-2,$10,$-1,$0,$0,$0,$0,$0,$0,$-1,$-0,$0,$-0,$-0,$-0,$-6,$-2,$-9,$1,$1,$-6
24,2012-06-30,5.48,$0.70,7.82,$1.11,4.93,$0.76,7.24,$0.41,13.37,$0.02B,$0.01B,3.02,$0.00B,$0.02B,0.0,$0.03B,$0.02B,57.58%,$0.03B,$0.01B,30.30%,$0.03B,$0.01B,30.30%,$0.03B,$0.01B,30.30%,$0.03B,$0.01B,30.30%,$0.03B,$0.01B,39.39%,$0.01B,$0.02B,73.24%,$0.01B,$0.02B,73.24%,$0.01B,$0.03B,59.09%,$0.01B,$0.02B,56.34%,$9,$3,$5,$0,$0,$6,$3,$0,$3,$0,$3,$3,$3,$3,$3,$28,29,$0.09,$0.09,$8,$1,$0,$15,$2,$0,$0,$0,$10,$25,$5,$0,$0,$0,$5,$0,$-42,$-1,$20,$25,$7,$0,$1,$1,$0,$0,$0,$1,$1,$9,$-1,$0,$0,$0,$0,$0,$0,$-0,$-0,$0,$-0,$-0,$-0,$-4,$0,$-5,$4,$1,$-4
25,2012-03-31,5.01,$0.62,8.07,$0.94,5.36,$0.62,8.05,$0.33,15.19,$0.01B,$0.01B,2.6,$0.00B,$0.02B,0.0,$0.03B,$0.02B,57.14%,$0.03B,$0.01B,25.00%,$0.03B,$0.01B,25.00%,$0.03B,$0.01B,28.57%,$0.03B,$0.01B,25.00%,$0.03B,$0.01B,35.71%,$0.01B,$0.02B,62.50%,$0.01B,$0.02B,62.50%,$0.01B,$0.02B,51.28%,$0.01B,$0.02B,43.75%,$8,$3,$5,$0,$0,$6,$2,$-0,$2,$0,$2,$2,$2,$2,$2,$28,29,$0.07,$0.07,$6,$1,$0,$13,$2,$0,$0,$0,$10,$23,$5,$0,$0,$0,$5,$0,$-45,$-1,$17,$23,$5,$0,$0,$1,$0,$0,$0,$-0,$-0,$5,$-0,$0,$0,$0,$0,$0,$0,$-0,$-0,$0,$-0,$-0,$-0,$-3,$0,$-3,$2,$0,$-3
26,2011-12-31,4.13,$0.61,6.8,$0.81,5.08,$0.54,7.59,$0.26,15.89,$0.01B,$0.00B,2.97,$0.00B,$0.02B,0.0,$0.02B,$0.01B,54.17%,$0.02B,$0.01B,20.83%,$0.02B,$0.01B,20.83%,$0.02B,$0.01B,25.00%,$0.02B,$0.01B,20.83%,$0.02B,$0.01B,33.33%,$0.01B,$0.02B,52.46%,$0.01B,$0.02B,52.46%,$0.01B,$0.02B,45.07%,$0.01B,$0.02B,32.79%,$9,$4,$5,$0,$0,$6,$3,$-0,$3,$0,$3,$3,$3,$3,$3,$27,29,$0.10,$0.09,$5,$1,$0,$12,$2,$0,$0,$0,$10,$21,$4,$0,$0,$0,$4,$0,$-45,$-1,$17,$21,$3,$0,$0,$0,$0,$0,$0,$-1,$-1,$2,$-0,$0,$0,$0,$0,$0,$0,$-0,$-0,$0,$-0,$-0,$-0,$-1,$0,$-1,$0,$0,$-1
27,2011-09-30,3.7,$0.60,6.12,$0.64,5.77,$0.56,6.66,$0.18,20.54,$0.01B,$0.00B,4.25,$0.00B,$0.02B,0.0,$0.02B,$0.01B,52.63%,$0.02B,$0.00B,10.53%,$0.02B,$0.00B,10.53%,$0.02B,$0.00B,21.05%,$0.02B,$0.00B,10.53%,$0.02B,$0.01B,26.32%,$0.01B,$0.02B,33.90%,$0.01B,$0.02B,33.90%,$0.01B,$0.02B,29.85%,$0.00B,$0.02B,13.56%,$7,$3,$4,$0,$5,$5,$2,$0,$2,$-2,$5,$5,$5,$2,$2,$27,29,$0.17,$0.17,$4,$2,$0,$10,$2,$0,$0,$0,$10,$19,$2,$0,$0,$0,$3,$0,$-45,$-1,$17,$19,$5,$0,$-1,$-1,$2,$-0,$0,$-0,$3,$7,$-0,$0,$0,$0,$0,$0,$0,$-0,$-0,$0,$-0,$-0,$-0,$-6,$0,$-6,$1,$1,$-6
28,2011-06-30,4.48,$0.49,9.23,$0.67,6.7,$0.45,9.86,$0.21,21.34,$0.01B,$0.00B,6.07,$0.00B,$0.01B,0.0,$0.02B,$0.01B,55.00%,$0.02B,$0.00B,15.00%,$0.02B,$0.00B,15.00%,$0.02B,$0.01B,25.00%,$0.02B,$0.00B,15.00%,$0.02B,$0.01B,30.00%,$0.01B,$0.01B,41.38%,$0.01B,$0.01B,41.38%,$0.01B,$0.02B,36.36%,$0.00B,$0.01B,20.69%,$4,$2,$2,$0,$0,$3,$0,$-0,$0,$0,$0,$0,$0,$1,$0,$27,29,$0.02,$0.01,$3,$2,$0,$9,$2,$0,$0,$0,$6,$15,$2,$0,$0,$0,$2,$0,$-48,$-1,$13,$15,$1,$0,$1,$1,$0,$0,$0,$3,$3,$5,$-0,$0,$0,$0,$0,$0,$0,$-0,$-0,$0,$-0,$-0,$-0,$-4,$0,$-4,$0,$1,$-4
29,2011-03-31,4.43,$0.51,8.6,$0.61,7.28,$0.41,10.7,$0.20,22.13,$0.01B,$0.00B,7.1,$0.00B,$0.01B,0.0,$0.02B,$0.01B,55.56%,$0.02B,$0.00B,16.67%,$0.02B,$0.00B,16.67%,$0.02B,$0.00B,22.22%,$0.02B,$0.00B,16.67%,$0.02B,$0.01B,33.33%,$0.01B,$0.01B,42.11%,$0.01B,$0.01B,42.11%,$0.01B,$0.02B,36.92%,$0.00B,$0.01B,21.05%,$4,$2,$2,$0,$0,$4,$0,$-0,$0,$-0,$0,$0,$0,$0,$0,$27,29,$0.00,$0.00,$3,$2,$0,$10,$2,$0,$0,$0,$6,$16,$1,$0,$0,$0,$2,$0,$-47,$-1,$14,$16,$0,$0,$0,$1,$0,$0,$0,$2,$2,$3,$-0,$0,$0,$0,$0,$0,$0,$-0,$-0,$0,$-0,$-0,$-0,$-3,$0,$-3,$-0,$0,$-3
30,2010-12-31,5.0,$0.56,9.0,$0.71,7.05,$0.44,11.33,$0.26,19.23,$0.01B,$0.00B,6.48,$0.00B,$0.02B,0.0,$0.02B,$0.01B,57.14%,$0.02B,$0.01B,23.81%,$0.02B,$0.01B,23.81%,$0.02B,$0.01B,28.57%,$0.02B,$0.01B,23.81%,$0.02B,$0.01B,38.10%,$0.01B,$0.02B,58.18%,$0.01B,$0.02B,58.18%,$0.01B,$0.02B,49.23%,$0.01B,$0.02B,36.36%,$4,$2,$2,$0,$2,$3,$0,$-0,$0,$0,$0,$0,$0,$1,$0,$27,29,$0.01,$0.01,$4,$3,$0,$11,$2,$0,$0,$0,$6,$17,$2,$0,$0,$0,$2,$0,$-46,$-1,$15,$17,$0,$0,$0,$0,$0,$0,$0,$1,$1,$2,$-0,$0,$0,$0,$0,$0,$0,$-0,$-0,$0,$-0,$-0,$-0,$-1,$0,$-1,$1,$0,$-1
31,2010-09-30,4.49,$0.59,7.63,$0.79,5.67,$0.39,11.61,$0.22,20.39,$0.01B,$0.00B,6.08,$0.00B,$0.02B,0.0,$0.02B,$0.01B,59.09%,$0.02B,$0.00B,18.18%,$0.02B,$0.00B,18.18%,$0.02B,$0.00B,18.18%,$0.02B,$0.00B,18.18%,$0.02B,$0.01B,31.82%,$0.01B,$0.02B,53.85%,$0.01B,$0.02B,53.85%,$0.01B,$0.02B,44.44%,$0.00B,$0.02B,30.77%,$8,$3,$5,$0,$2,$5,$3,$-0,$3,$-3,$6,$6,$6,$3,$3,$27,29,$0.21,$0.21,$3,$2,$0,$12,$2,$0,$0,$0,$7,$18,$2,$0,$0,$0,$2,$0,$-45,$-1,$16,$18,$7,$-0,$-2,$-2,$3,$-1,$-0,$0,$-0,$4,$-0,$0,$0,$0,$0,$0,$0,$0,$-0,$0,$-0,$1,$1,$-4,$-0,$-4,$0,$0,$-4
32,2010-06-30,4.48,$0.44,10.16,$0.80,5.57,$0.40,11.28,$0.11,40.69,$0.01B,$0.00B,5.83,$0.00B,$0.01B,0.0,$0.02B,$0.01B,54.55%,$0.02B,$0.00B,9.09%,$0.02B,$0.00B,9.09%,$0.02B,$0.00B,9.09%,$0.02B,$0.00B,9.09%,$0.02B,$0.00B,13.64%,$0.00B,$0.01B,24.49%,$0.00B,$0.01B,24.49%,$0.00B,$0.01B,18.75%,$0.00B,$0.01B,16.33%,$2,$1,$1,$0,$1,$2,$0,$0,$0,$-0,$0,$0,$0,$0,$0,$27,29,$0.00,$0.00,$4,$3,$0,$10,$2,$0,$0,$0,$4,$14,$2,$0,$0,$0,$2,$0,$-49,$-1,$12,$14,$1,$-0,$0,$0,$0,$0,$0,$2,$2,$3,$-0,$0,$0,$0,$0,$0,$0,$-0,$-0,$0,$-0,$1,$1,$-3,$-0,$-2,$1,$0,$-3
33,2010-03-31,6.14,$0.44,14.05,$0.99,6.18,$0.45,13.54,$0.13,47.21,$0.01B,$0.00B,2.95,$0.00B,$0.01B,0.0,$0.03B,$0.01B,51.85%,$0.03B,$0.00B,11.11%,$0.03B,$0.00B,11.11%,$0.03B,$0.00B,14.81%,$0.03B,$0.00B,11.11%,$0.03B,$0.00B,14.81%,$0.00B,$0.01B,33.33%,$0.00B,$0.01B,33.33%,$0.00B,$0.02B,24.62%,$0.00B,$0.01B,25.00%,$7,$3,$4,$0,$2,$5,$2,$-0,$2,$0,$2,$2,$2,$2,$2,$27,29,$0.07,$0.06,$5,$1,$0,$13,$3,$0,$0,$0,$4,$16,$4,$0,$0,$0,$4,$0,$-49,$-1,$12,$16,$1,$-0,$0,$-0,$0,$0,$0,$2,$2,$3,$-0,$0,$0,$0,$0,$0,$0,$-0,$-0,$0,$-0,$1,$1,$-1,$-0,$-1,$2,$0,$-1
34,2009-12-31,4.01,$0.45,8.92,$1.01,3.98,$0.44,9.16,$0.14,28.66,$0.01B,$0.00B,3.95,$0.00B,$0.01B,0.0,$0.03B,$0.01B,51.85%,$0.03B,$0.00B,11.11%,$0.03B,$0.00B,11.11%,$0.03B,$0.00B,14.81%,$0.03B,$0.00B,11.11%,$0.03B,$0.00B,14.81%,$0.00B,$0.01B,34.78%,$0.00B,$0.01B,34.78%,$0.00B,$0.02B,25.81%,$0.00B,$0.01B,26.09%,$5,$2,$3,$0,$2,$6,$-1,$-0,$-1,$0,$-1,$-1,$-1,$-1,$-1,$26,26,$-0.03,$-0.03,$3,$2,$0,$12,$3,$0,$0,$0,$4,$15,$3,$0,$0,$0,$3,$0,$-48,$-1,$12,$15,$-1,$-1,$0,$-0,$0,$0,$0,$2,$2,$0,$-0,$0,$0,$0,$0,$0,$0,$-0,$-0,$0,$-0,$-0,$-0,$0,$0,$-0,$0,$0,$0
35,2009-09-30,4.28,$0.49,8.78,$0.99,4.33,$0.54,7.9,$0.23,18.62,$0.02B,$0.01B,2.71,$0.00B,$0.01B,0.0,$0.03B,$0.01B,48.15%,$0.03B,$0.00B,14.81%,$0.03B,$0.00B,14.81%,$0.03B,$0.01B,18.52%,$0.03B,$0.01B,22.22%,$0.03B,$0.01B,25.93%,$0.01B,$0.01B,65.12%,$0.01B,$0.01B,65.12%,$0.01B,$0.02B,47.46%,$0.00B,$0.01B,37.21%,$8,$4,$4,$0,$2,$7,$1,$0,$1,$-2,$2,$2,$2,$1,$1,$26,28,$0.09,$0.09,$3,$1,$0,$15,$3,$0,$0,$0,$4,$19,$5,$0,$0,$0,$6,$0,$-47,$-1,$13,$19,$7,$0,$-1,$-1,$-1,$-0,$0,$-0,$0,$6,$-2,$0,$0,$0,$0,$0,$0,$-2,$-0,$0,$-0,$-3,$-3,$-0,$0,$-3,$1,$0,$0
36,2009-06-30,4.07,$0.39,10.47,$0.99,4.13,$0.53,7.63,$0.23,17.7,$0.01B,$0.00B,3.34,$0.00B,$0.01B,0.01,$0.03B,$0.01B,48.15%,$0.03B,$0.00B,14.81%,$0.03B,$0.00B,14.81%,$0.03B,$0.01B,18.52%,$0.03B,$0.01B,25.93%,$0.03B,$0.01B,25.93%,$0.01B,$0.01B,70.00%,$0.01B,$0.01B,70.00%,$0.01B,$0.02B,51.85%,$0.00B,$0.01B,40.00%,$7,$4,$3,$0,$2,$5,$1,$-1,$1,$0,$1,$1,$1,$2,$1,$25,28,$0.02,$0.02,$3,$2,$0,$13,$3,$0,$0,$0,$3,$15,$4,$0,$0,$1,$5,$0,$-49,$-1,$11,$15,$4,$0,$0,$0,$0,$0,$0,$1,$1,$6,$-1,$0,$0,$0,$0,$0,$0,$-1,$-0,$0,$-0,$-3,$-3,$-0,$0,$-3,$1,$0,$0
37,2009-03-31,3.13,$0.35,8.92,$0.94,3.34,$0.44,7.08,$0.23,13.61,$0.01B,$0.00B,4.17,$0.00B,$0.01B,0.0,$0.03B,$0.01B,46.15%,$0.03B,$0.00B,11.54%,$0.03B,$0.00B,11.54%,$0.03B,$0.00B,11.54%,$0.03B,$0.01B,23.08%,$0.03B,$0.01B,26.92%,$0.01B,$0.01B,73.68%,$0.01B,$0.01B,73.68%,$0.01B,$0.01B,53.85%,$0.00B,$0.01B,31.58%,$7,$3,$4,$0,$2,$5,$2,$-0,$2,$0,$2,$2,$2,$2,$2,$25,28,$0.08,$0.07,$2,$2,$0,$11,$2,$0,$0,$0,$2,$13,$3,$0,$0,$1,$4,$0,$-50,$-1,$10,$13,$4,$0,$0,$0,$0,$0,$0,$-0,$-0,$3,$-1,$0,$0,$0,$0,$0,$0,$-1,$-0,$0,$-0,$-3,$-3,$-0,$0,$-3,$-0,$0,$0
38,2008-12-31,3.01,$0.32,9.44,$0.90,3.35,$0.41,7.26,$0.20,15.06,$0.01B,$0.00B,4.3,$0.00B,$0.01B,0.0,$0.03B,$0.01B,44.00%,$0.03B,$0.00B,8.00%,$0.03B,$0.00B,8.00%,$0.03B,$0.00B,8.00%,$0.03B,$0.01B,20.00%,$0.03B,$0.01B,24.00%,$0.01B,$0.01B,64.86%,$0.01B,$0.01B,64.86%,$0.01B,$0.01B,46.15%,$0.00B,$0.01B,21.62%,$5,$3,$2,$0,$2,$5,$0,$1,$2,$0,$2,$2,$2,$0,$0,$26,28,$0.06,$0.06,$3,$2,$0,$11,$1,$0,$0,$0,$2,$12,$2,$0,$0,$1,$3,$0,$-52,$-1,$9,$12,$2,$0,$0,$0,$0,$0,$0,$2,$2,$3,$-0,$0,$0,$0,$0,$0,$0,$-0,$-0,$0,$-0,$-1,$-1,$-0,$0,$-1,$1,$0,$0
39,2008-09-30,2.59,$0.37,7.0,$0.91,2.85,$0.33,7.78,$0.17,15.22,$0.01B,$0.00B,4.05,$0.00B,$0.01B,0.01,$0.03B,$0.01B,42.31%,$0.03B,$0.00B,11.54%,$0.03B,$0.00B,11.54%,$0.03B,$0.00B,11.54%,$0.03B,$0.00B,15.38%,$0.03B,$0.01B,19.23%,$0.01B,$0.01B,55.56%,$0.01B,$0.01B,55.56%,$0.01B,$0.01B,37.74%,$0.00B,$0.01B,33.33%,$8,$4,$4,$0,$2,$7,$1,$1,$2,$-0,$2,$2,$2,$1,$1,$26,28,$0.09,$0.09,$2,$1,$0,$12,$1,$0,$0,$0,$2,$14,$3,$0,$0,$1,$4,$0,$-54,$-0,$10,$14,$5,$0,$-1,$-0,$-1,$-0,$-0,$0,$-0,$4,$-0,$0,$0,$0,$0,$0,$-0,$-0,$-0,$0,$-0,$-1,$-2,$-0,$0,$-2,$1,$0,$0
40,2008-06-30,2.25,$0.33,6.8,$0.82,2.73,$0.15,14.68,$0.13,17.29,$0.01B,$0.00B,3.47,$0.00B,$0.01B,0.0,$0.02B,$0.01B,39.13%,$0.02B,$0.00B,8.70%,$0.02B,$0.00B,8.70%,$0.02B,$0.00B,8.70%,$0.02B,$0.00B,8.70%,$0.02B,$0.00B,17.39%,$0.00B,$0.01B,48.48%,$0.00B,$0.01B,48.48%,$0.00B,$0.01B,32.00%,$0.00B,$0.01B,24.24%,$6,$3,$2,$0,$2,$5,$0,$-0,$0,$-0,$1,$1,$1,$0,$0,$26,28,$0.02,$0.02,$2,$2,$0,$12,$2,$0,$0,$0,$2,$13,$3,$0,$0,$1,$5,$0,$-56,$1,$9,$13,$3,$0,$-0,$-0,$0,$0,$0,$0,$0,$3,$-0,$0,$0,$0,$0,$0,$-0,$-0,$-0,$0,$-0,$-1,$-1,$-0,$0,$-1,$1,$0,$0
41,2008-03-31,2.1,$0.35,6.03,$0.78,2.69,$0.07,30.4,$0.12,17.53,$0.01B,$0.00B,4.11,$0.00B,$0.01B,0.0,$0.02B,$0.01B,40.91%,$0.02B,$0.00B,9.09%,$0.02B,$0.00B,9.09%,$0.02B,$0.00B,9.09%,$0.02B,$0.00B,9.09%,$0.02B,$0.00B,13.64%,$0.00B,$0.01B,40.00%,$0.00B,$0.01B,40.00%,$0.00B,$0.01B,26.09%,$0.00B,$0.01B,26.67%,$6,$4,$3,$0,$2,$6,$1,$0,$1,$-0,$1,$1,$1,$1,$1,$26,28,$0.04,$0.04,$3,$2,$0,$12,$2,$0,$0,$0,$2,$13,$3,$0,$0,$1,$4,$0,$-56,$1,$9,$13,$2,$0,$-0,$-0,$0,$0,$0,$0,$0,$2,$-0,$0,$0,$0,$0,$0,$-0,$-0,$-0,$0,$-0,$-0,$-0,$-0,$0,$-0,$2,$0,$0
42,2007-12-31,2.21,$0.31,7.22,$0.75,2.96,$-0.01,0.0,$0.09,24.6,$0.01B,$0.00B,3.53,$0.00B,$0.01B,0.0,$0.02B,$0.01B,38.10%,$0.02B,$0.00B,4.76%,$0.02B,$0.00B,4.76%,$0.02B,$0.00B,4.76%,$0.02B,$0.00B,4.76%,$0.02B,$0.00B,9.52%,$0.00B,$0.01B,29.63%,$0.00B,$0.01B,29.63%,$0.00B,$0.01B,19.05%,$0.00B,$0.01B,14.81%,$6,$3,$2,$0,$2,$5,$1,$0,$1,$0,$1,$1,$1,$1,$1,$26,29,$0.03,$0.03,$2,$2,$0,$11,$1,$0,$0,$0,$2,$13,$3,$0,$0,$1,$4,$0,$-58,$1,$8,$13,$1,$0,$0,$0,$0,$0,$0,$0,$0,$1,$-0,$0,$0,$0,$0,$0,$-0,$-0,$-0,$0,$-0,$0,$0,$-0,$0,$-0,$1,$0,$0
43,2007-09-30,1.99,$0.28,7.03,$0.71,2.82,$-0.07,0.0,$0.05,39.86,$0.01B,$0.00B,4.0,$0.00B,$0.01B,0.0,$0.02B,$0.01B,36.84%,$0.02B,0,0.00%,$0.02B,0,0.00%,$0.02B,0,0.00%,$0.02B,0,0.00%,$0.02B,$0.00B,5.26%,$0.00B,$0.01B,16.67%,$0.00B,$0.01B,16.67%,$0.00B,$0.01B,10.81%,$0.00B,$0.01B,0.00%,$5,$3,$2,$0,$2,$5,$0,$-0,$0,$0,$1,$1,$1,$0,$0,$25,26,$0.05,$0.05,$1,$1,$0,$10,$1,$0,$0,$0,$2,$11,$2,$0,$0,$1,$4,$0,$-58,$1,$7,$11,$2,$0,$-0,$0,$-3,$-0,$0,$0,$-2,$-0,$-1,$0,$0,$0,$0,$0,$0,$-1,$-0,$0,$-0,$-0,$-0,$-0,$0,$-0,$-1,$1,$0
44,2007-06-30,1.84,$0.23,7.93,$0.68,2.71,$-0.03,0.0,$0.01,184.05,$0.01B,$0.00B,3.71,$0.00B,$0.01B,0.0,$0.02B,$0.01B,38.89%,$0.02B,0,0.00%,$0.02B,0,0.00%,$0.02B,0,0.00%,$0.02B,0,0.00%,$0.02B,0,0.00%,$0.00B,$0.01B,0.00%,$0.00B,$0.01B,0.00%,$0.00B,$0.01B,0.00%,$0.00B,$0.01B,0.00%,$5,$3,$2,$0,$1,$4,$0,$-0,$0,$0,$0,$0,$0,$0,$0,$26,29,$0.01,$0.01,$2,$2,$0,$8,$1,$0,$0,$0,$1,$9,$2,$0,$0,$1,$3,$0,$-60,$1,$6,$9,$1,$0,$1,$1,$0,$0,$0,$-0,$-0,$1,$-1,$0,$0,$0,$0,$0,$0,$-1,$0,$0,$0,$-0,$-0,$-0,$0,$-0,$0,$1,$0
45,2007-03-31,1.89,$0.23,8.34,$0.66,2.88,$-0.00,0.0,0,0.0,$0.01B,$0.00B,3.1,$0.00B,$0.01B,0.0,$0.02B,$0.01B,37.50%,$0.02B,0,0.00%,$0.02B,0,0.00%,$0.02B,0,0.00%,$0.02B,0,0.00%,$0.02B,0,0.00%,$0.00B,$0.01B,0.00%,$0.00B,$0.01B,0.00%,$0.00B,$0.01B,0.00%,$0.00B,$0.01B,0.00%,$5,$3,$2,$0,$2,$5,$0,$0,$0,$0,$0,$0,$0,$0,$0,$24,28,$0.01,$0.01,$2,$1,$0,$8,$1,$0,$0,$0,$1,$9,$3,$0,$0,$1,$4,$0,$-60,$1,$6,$9,$0,$0,$0,$0,$0,$0,$0,$-0,$-0,$0,$-1,$0,$0,$0,$0,$0,$0,$-0,$0,$0,$0,$-0,$-0,$-0,$0,$-0,$-0,$0,$0
46,2006-12-31,1.31,$0.21,6.35,$0.60,2.17,$0.01,123.23,$-0.01,0.0,$0.01B,$0.00B,3.65,$0.00B,$0.01B,0.0,$0.02B,$0.01B,33.33%,$0.02B,0,0.00%,$0.02B,0,0.00%,$0.02B,0,0.00%,$0.02B,0,0.00%,$0.02B,0,0.00%,$0.00B,$0.01B,0.00%,$0.00B,$0.01B,0.00%,$0.00B,$0.01B,0.00%,$0.00B,$0.01B,0.00%,$4,$3,$1,$0,$1,$4,$-0,$0,$-0,$0,$-0,$-0,$-0,$-0,$-0,$24,26,$-0.01,$-0.01,$1,$1,$0,$7,$1,$0,$0,$0,$1,$8,$2,$0,$0,$1,$3,$0,$-60,$1,$5,$8,$-0,$0,$0,$0,$0,$0,$0,$-0,$-0,$-0,$-1,$0,$0,$0,$0,$0,$0,$-1,$0,$0,$0,$0,$0,$-0,$0,$-0,$-1,$0,$0
