,Date,Stock Price,Book Value per Share,Price to Book Ratio,TTM Sales per Share,Price to Sales Ratio,TTM FCF per Share,Price to FCF Ratio,TTM Net EPS,PE Ratio,Current Assets,Current Liabilities,Current Ratio,Long Term Debt,Shareholder's Equity_x,Debt to Equity Ratio,TTM Revenue_x,TTM Gross Profit,Gross Margin,TTM Revenue_y,TTM Operating Income,Operating Margin,TTM Revenue_x,TTM EBIT,EBIT Margin,TTM Revenue_y,TTM EBITDA,EBITDA Margin,TTM Revenue_x,TTM Pre-Tax Income,Pre-Tax Margin,TTM Revenue_y,TTM Net Income_x,Net Margin,TTM Net Income_y,Shareholder's Equity_y,Return on Equity,TTM Net Income_x,Tangible Equity,Return on Tangible Equity,TTM Net Income_y,Total Assets,Return on Assets,TTM Net Income,LT Investments & Debt,Return on Investment,revenue,cost-goods-sold,gross-profit,research-development-expenses,selling-general-administrative-expenses,operating-expenses,operating-income,total-non-operating-income-expense,pre-tax-income,total-provision-income-taxes,income-after-taxes,income-from-continuous-operations,net-income,ebitda,ebit,basic-shares-outstanding,shares-outstanding,eps-basic-net-earnings-per-share,eps-earnings-per-share-diluted,cash-on-hand,inventory,other-current-assets,total-current-assets,net-property-plant-equipment,long-term-investments,goodwill-intangible-assets-total,other-long-term-assets,total-long-term-assets,total-assets,total-current-liabilities,long-term-debt,other-non-current-liabilities,total-long-term-liabilities,total-liabilities,common-stock-net,retained-earnings-accumulated-deficit,comprehensive-income,total-share-holder-equity,total-liabilities-share-holders-equity,net-income-loss,total-depreciation-amortization-cash-flow,other-non-cash-items,total-non-cash-items,change-in-accounts-receivable,change-in-inventories,change-in-accounts-payable,change-in-assets-liabilities,total-change-in-assets-liabilities,cash-flow-from-operating-activities,net-change-in-property-plant-equipment,net-change-in-intangible-assets,net-acquisitions-divestitures,net-change-in-short-term-investments,net-change-in-long-term-investments,net-change-in-investments-total,investing-activities-other,cash-flow-from-investing-activities,net-long-term-debt,net-current-debt,debt-issuance-retirement-net-total,net-common-equity-issued-repurchased,net-total-equity-issued-repurchased,total-common-preferred-stock-dividends-paid,financial-activities-other,cash-flow-from-financial-activities,net-cash-flow,stock-based-compensation,common-stock-dividends-paid
0,2018-09-30,14.16,$2.25,6.31,$4.24,3.34,$1.12,12.61,$-0.07,0.0,$0.12B,$0.16B,0.75,$0.20B,$0.54B,0.37,$1.03B,$0.61B,59.32%,$1.03B,$0.07B,6.70%,$1.03B,$0.07B,6.70%,$1.03B,$0.15B,14.37%,$1.03B,$0.06B,5.53%,$1.03B,$-0.01B,-1.07%,$-0.01B,$0.54B,-2.15%,$-0.01B,$-0.03B,21.89%,$-0.01B,$0.91B,-1.25%,$0.07B,$0.74B,9.68%,$262,$104,$157,$14,$112,$247,$15,$-3,$12,$3,$10,$10,$10,$34,$15,$239,250,$0.04,$0.04,$26,$1,$5,$122,$43,$0,$566,$30,$788,$910,$163,$201,$8,$209,$372,$0,$-605,$11,$538,$910,$43,$59,$17,$76,$-15,$1,$7,$-18,$-24,$94,$-11,$-6,$-32,$0,$0,$0,$0,$-49,$-0,$-22,$-22,$6,$6,$0,$-34,$-50,$-6,$24,$0
1,2018-06-30,12.89,$2.17,5.93,$4.24,3.04,$1.05,12.23,$-0.07,0.0,$0.12B,$0.16B,0.7,$0.18B,$0.52B,0.35,$1.02B,$0.60B,59.16%,$1.02B,$0.08B,7.74%,$1.02B,$0.08B,7.74%,$1.02B,$0.16B,15.38%,$1.02B,$0.07B,6.46%,$1.02B,$-0.01B,-0.98%,$-0.01B,$0.52B,-1.99%,$-0.01B,$-0.02B,16.67%,$-0.01B,$0.87B,-1.13%,$0.08B,$0.70B,10.97%,$260,$107,$153,$10,$110,$247,$13,$-3,$11,$2,$9,$9,$9,$35,$13,$238,248,$0.04,$0.03,$26,$2,$5,$115,$44,$0,$541,$26,$755,$870,$164,$180,$8,$188,$351,$0,$-615,$9,$519,$870,$33,$41,$7,$48,$-7,$1,$8,$-13,$-15,$66,$-8,$-4,$0,$0,$0,$0,$0,$-12,$-0,$-34,$-34,$5,$5,$0,$-29,$-58,$-5,$16,$0
2,2018-03-31,10.65,$2.16,4.93,$4.24,2.51,$0.92,11.6,$-0.08,0.0,$0.11B,$0.15B,0.74,$0.21B,$0.51B,0.42,$1.01B,$0.60B,59.13%,$1.01B,$0.07B,7.21%,$1.01B,$0.07B,7.21%,$1.01B,$0.15B,14.51%,$1.01B,$0.06B,5.73%,$1.01B,$-0.01B,-1.38%,$-0.01B,$0.51B,-2.83%,$-0.01B,$-0.06B,17.78%,$-0.01B,$0.89B,-1.55%,$0.07B,$0.73B,9.86%,$254,$104,$150,$11,$105,$236,$18,$-3,$14,$-10,$25,$25,$25,$37,$18,$233,248,$0.11,$0.10,$24,$3,$6,$113,$44,$0,$567,$22,$775,$888,$153,$214,$8,$222,$376,$0,$-623,$21,$512,$888,$25,$19,$-3,$16,$0,$0,$2,$-9,$-17,$23,$-3,$-3,$0,$0,$0,$0,$0,$-6,$-0,$0,$0,$2,$2,$0,$-27,$-25,$-8,$7,$0
3,2017-12-31,10.17,$2.05,4.97,$4.24,2.4,$0.89,11.38,$-0.16,0.0,$0.11B,$0.16B,0.67,$0.21B,$0.47B,0.45,$1.00B,$0.60B,59.58%,$1.00B,$0.06B,5.99%,$1.00B,$0.06B,5.99%,$1.00B,$0.13B,13.27%,$1.00B,$0.05B,4.49%,$1.00B,$-0.03B,-3.29%,$-0.03B,$0.47B,-6.91%,$-0.03B,$-0.10B,33.76%,$-0.03B,$0.86B,-3.60%,$0.06B,$0.69B,8.03%,$254,$103,$151,$8,$102,$231,$23,$-3,$20,$75,$-55,$-55,$-55,$42,$23,$225,225,$-0.25,$-0.23,$31,$3,$8,$110,$47,$0,$569,$22,$749,$859,$164,$214,$8,$221,$386,$0,$-673,$14,$473,$859,$-34,$73,$112,$186,$-7,$1,$-1,$6,$-24,$128,$-22,$-11,$2,$1,$0,$1,$0,$-31,$-6,$-87,$-93,$12,$12,$0,$-16,$-96,$2,$37,$0
4,2017-09-30,8.14,$2.23,3.65,$4.17,1.95,$0.71,11.42,$0.08,101.75,$0.10B,$0.16B,0.64,$0.26B,$0.51B,0.51,$1.00B,$0.60B,59.90%,$1.00B,$0.04B,4.22%,$1.00B,$0.04B,4.22%,$1.00B,$0.12B,11.66%,$1.00B,$0.03B,2.71%,$1.00B,$0.02B,2.01%,$0.02B,$0.51B,4.27%,$0.02B,$-0.07B,-18.18%,$0.02B,$0.94B,2.14%,$0.04B,$0.77B,5.53%,$253,$103,$150,$7,$100,$228,$25,$-3,$21,$11,$11,$11,$11,$43,$25,$228,243,$0.05,$0.04,$30,$3,$3,$102,$46,$0,$577,$17,$832,$935,$160,$259,$6,$265,$425,$0,$-617,$10,$510,$935,$21,$55,$31,$86,$-4,$1,$-31,$7,$-27,$81,$-16,$-9,$1,$1,$0,$1,$0,$-24,$-6,$-41,$-47,$5,$5,$0,$-15,$-57,$1,$29,$0
5,2017-06-30,6.54,$2.12,3.08,$4.19,1.56,$0.66,9.96,$0.08,81.75,$0.10B,$0.16B,0.61,$0.30B,$0.48B,0.61,$0.99B,$0.60B,60.40%,$0.99B,$0.03B,3.23%,$0.99B,$0.03B,3.23%,$0.99B,$0.11B,10.71%,$0.99B,$0.02B,1.72%,$0.99B,$0.02B,1.62%,$0.02B,$0.48B,3.55%,$0.02B,$-0.10B,-11.96%,$0.02B,$0.94B,1.70%,$0.03B,$0.78B,4.21%,$252,$104,$148,$7,$116,$245,$7,$-3,$3,$-1,$5,$5,$5,$25,$7,$223,240,$0.02,$0.02,$27,$4,$2,$96,$45,$0,$579,$18,$845,$941,$158,$296,$5,$301,$459,$0,$-628,$4,$482,$941,$11,$36,$12,$49,$1,$1,$-8,$3,$-27,$33,$-9,$-7,$1,$1,$0,$1,$0,$-14,$-5,$-4,$-9,$2,$2,$0,$-15,$-21,$-2,$21,$0
6,2017-03-31,6.32,$2.01,3.15,$4.19,1.51,$0.68,9.33,$0.06,105.33,$0.10B,$0.17B,0.55,$0.31B,$0.45B,0.7,$0.97B,$0.60B,61.63%,$0.97B,$0.03B,3.09%,$0.97B,$0.03B,3.09%,$0.97B,$0.11B,10.80%,$0.97B,$0.02B,1.65%,$0.97B,$0.01B,1.13%,$0.01B,$0.45B,2.53%,$0.01B,$-0.13B,-6.96%,$0.01B,$0.93B,1.16%,$0.03B,$0.76B,3.98%,$243,$95,$148,$8,$117,$238,$5,$-4,$1,$-5,$6,$6,$6,$23,$5,$220,239,$0.03,$0.02,$27,$4,$0,$95,$46,$0,$577,$16,$839,$934,$174,$311,$4,$315,$489,$0,$-633,$-11,$445,$934,$6,$18,$6,$24,$4,$0,$8,$-2,$-13,$17,$-4,$-3,$0,$0,$0,$0,$0,$-7,$-4,$10,$7,$-6,$-6,$0,$-14,$-14,$-3,$11,$0
7,2016-12-31,6.85,$1.99,3.44,$4.18,1.64,$0.66,10.39,$0.08,85.63,$0.10B,$0.19B,0.53,$0.30B,$0.44B,0.69,$0.96B,$0.60B,62.76%,$0.96B,$0.04B,4.60%,$0.96B,$0.04B,4.60%,$0.96B,$0.12B,12.34%,$0.96B,$0.03B,3.24%,$0.96B,$0.01B,1.36%,$0.01B,$0.44B,3.08%,$0.01B,$-0.15B,-10.81%,$0.01B,$0.94B,1.44%,$0.04B,$0.74B,6.21%,$247,$97,$150,$8,$118,$242,$5,$-4,$2,$4,$-2,$-2,$-2,$25,$5,$216,232,$-0.01,$-0.01,$30,$4,$3,$102,$48,$0,$582,$19,$833,$936,$194,$300,$5,$305,$499,$0,$-642,$-14,$437,$936,$13,$73,$37,$111,$-10,$1,$-14,$-15,$-30,$93,$-26,$-12,$-163,$9,$0,$9,$0,$-191,$-9,$108,$100,$-24,$-24,$0,$-8,$68,$-29,$41,$0
8,2016-09-30,6.61,$2.03,3.26,$4.15,1.59,$0.89,7.41,$0.09,73.44,$0.13B,$0.19B,0.67,$0.33B,$0.44B,0.74,$0.94B,$0.60B,64.22%,$0.94B,$0.05B,5.01%,$0.94B,$0.05B,5.01%,$0.94B,$0.12B,12.78%,$0.94B,$0.04B,3.73%,$0.94B,$0.02B,1.92%,$0.02B,$0.44B,4.40%,$0.02B,$-0.16B,-21.95%,$0.02B,$0.96B,2.09%,$0.05B,$0.77B,7.00%,$248,$96,$152,$8,$111,$233,$15,$-4,$11,$4,$7,$7,$7,$33,$15,$217,235,$0.03,$0.03,$40,$4,$0,$125,$50,$0,$603,$5,$831,$955,$186,$325,$3,$328,$515,$0,$-637,$0,$441,$955,$15,$54,$32,$86,$-5,$1,$-17,$-3,$-32,$70,$-20,$-9,$-163,$3,$0,$3,$0,$-189,$-7,$133,$126,$-27,$-27,$0,$-6,$93,$-25,$27,$0
9,2016-06-30,6.1,$1.92,3.18,$4.08,1.5,$1.01,6.04,$0.07,87.14,$0.12B,$0.19B,0.65,$0.34B,$0.42B,0.82,$0.91B,$0.60B,65.54%,$0.91B,$0.04B,4.49%,$0.91B,$0.04B,4.49%,$0.91B,$0.11B,12.25%,$0.91B,$0.03B,3.39%,$0.91B,$0.01B,1.53%,$0.01B,$0.42B,3.56%,$0.01B,$-0.19B,-33.94%,$0.01B,$0.96B,1.70%,$0.04B,$0.76B,6.48%,$234,$84,$149,$7,$118,$228,$5,$-3,$2,$2,$0,$0,$0,$24,$5,$214,223,$0.00,$0.00,$32,$4,$0,$121,$53,$0,$610,$5,$840,$961,$185,$340,$19,$360,$546,$0,$-646,$-3,$415,$961,$8,$36,$26,$62,$-7,$1,$5,$-3,$-28,$43,$-16,$-6,$-163,$2,$0,$2,$0,$-183,$-6,$148,$141,$-30,$-30,$0,$-5,$106,$-34,$17,$0
10,2016-03-31,4.57,$1.84,2.49,$4.03,1.13,$1.07,4.25,$0.11,41.55,$0.12B,$0.17B,0.69,$0.18B,$0.39B,0.47,$0.90B,$0.60B,66.41%,$0.90B,$0.05B,5.88%,$0.90B,$0.05B,5.88%,$0.90B,$0.12B,13.19%,$0.90B,$0.04B,4.88%,$0.90B,$0.02B,2.44%,$0.02B,$0.39B,5.76%,$0.02B,$0.02B,80.00%,$0.02B,$0.75B,2.91%,$0.05B,$0.58B,9.24%,$227,$78,$149,$7,$106,$208,$19,$-2,$16,$8,$8,$8,$8,$36,$19,$214,224,$0.04,$0.04,$45,$6,$0,$117,$52,$0,$373,$11,$633,$751,$171,$184,$3,$188,$358,$0,$-647,$-2,$393,$751,$8,$17,$14,$31,$-1,$-0,$4,$-2,$-21,$17,$-9,$-2,$0,$0,$0,$0,$0,$-11,$-5,$-14,$-19,$-7,$-7,$0,$-3,$-29,$-23,$6,$0
11,2015-12-31,5.74,$1.81,3.16,$4.01,1.43,$1.08,5.34,$0.10,57.4,$0.14B,$0.19B,0.72,$0.20B,$0.39B,0.51,$0.90B,$0.60B,66.93%,$0.90B,$0.05B,5.92%,$0.90B,$0.05B,5.92%,$0.90B,$0.12B,13.07%,$0.90B,$0.05B,5.03%,$0.90B,$0.02B,2.35%,$0.02B,$0.39B,5.65%,$0.02B,$0.01B,47.46%,$0.02B,$0.79B,2.85%,$0.05B,$0.59B,9.52%,$230,$77,$153,$7,$120,$222,$8,$-3,$6,$2,$3,$3,$3,$27,$8,$213,224,$0.01,$0.01,$68,$6,$0,$137,$49,$0,$381,$12,$648,$785,$191,$199,$5,$205,$396,$0,$-655,$-2,$389,$785,$23,$63,$44,$107,$0,$5,$-4,$-5,$5,$134,$-17,$-17,$-117,$-3,$0,$-3,$0,$-154,$-4,$55,$51,$-9,$-9,$0,$-7,$35,$16,$28,$0
12,2015-09-30,5.88,$1.77,3.32,$3.96,1.48,$0.92,6.41,$0.12,49.0,$0.14B,$0.18B,0.81,$0.23B,$0.38B,0.62,$0.88B,$0.60B,67.73%,$0.88B,$0.06B,7.16%,$0.88B,$0.06B,7.16%,$0.88B,$0.12B,13.98%,$0.88B,$0.06B,6.36%,$0.88B,$0.02B,2.73%,$0.02B,$0.38B,6.67%,$0.02B,$0.00B,40.00%,$0.02B,$0.80B,3.38%,$0.06B,$0.61B,11.85%,$223,$75,$148,$7,$117,$215,$9,$-2,$7,$3,$3,$3,$3,$25,$9,$213,225,$0.02,$0.02,$69,$8,$0,$144,$48,$0,$377,$12,$652,$796,$178,$234,$5,$239,$417,$0,$-658,$-2,$378,$796,$19,$45,$36,$81,$-2,$2,$-9,$-6,$-16,$84,$-10,$-10,$-117,$-2,$0,$-2,$1,$-138,$-3,$88,$86,$-10,$-10,$0,$-2,$74,$19,$20,$0
13,2015-06-30,4.91,$1.72,2.85,$3.96,1.24,$0.84,5.86,$0.12,40.92,$0.13B,$0.17B,0.79,$0.15B,$0.37B,0.41,$0.87B,$0.60B,68.46%,$0.87B,$0.07B,7.91%,$0.87B,$0.07B,7.91%,$0.87B,$0.13B,14.33%,$0.87B,$0.06B,7.11%,$0.87B,$0.03B,2.98%,$0.03B,$0.37B,7.47%,$0.03B,$0.08B,25.94%,$0.03B,$0.69B,3.95%,$0.07B,$0.52B,14.31%,$222,$72,$149,$7,$112,$205,$17,$-2,$15,$6,$8,$8,$8,$31,$17,$214,222,$0.04,$0.04,$58,$8,$0,$133,$45,$0,$287,$11,$558,$691,$169,$152,$2,$155,$324,$0,$-662,$-2,$367,$691,$16,$29,$25,$55,$-6,$2,$-7,$-4,$-24,$46,$-5,$-6,$-25,$-2,$0,$-2,$1,$-37,$-2,$10,$8,$-9,$-9,$0,$0,$-1,$8,$12,$0
14,2015-03-31,4.91,$1.66,2.96,$3.95,1.24,$0.79,6.21,$0.10,49.1,$0.13B,$0.17B,0.81,$0.16B,$0.35B,0.45,$0.87B,$0.60B,68.81%,$0.87B,$0.07B,7.59%,$0.87B,$0.07B,7.59%,$0.87B,$0.12B,13.81%,$0.87B,$0.06B,6.79%,$0.87B,$0.02B,2.76%,$0.02B,$0.35B,7.05%,$0.02B,$0.09B,19.92%,$0.02B,$0.68B,3.78%,$0.07B,$0.51B,14.49%,$220,$71,$149,$7,$109,$200,$19,$-2,$17,$7,$10,$10,$7,$34,$19,$212,221,$0.04,$0.03,$61,$11,$0,$134,$46,$0,$265,$11,$544,$678,$165,$158,$2,$161,$326,$0,$-670,$-2,$352,$678,$7,$14,$13,$27,$-3,$-1,$-12,$-3,$-24,$11,$-2,$-2,$-4,$-1,$0,$-1,$1,$-8,$-1,$15,$14,$-5,$-5,$0,$0,$9,$11,$5,$0
15,2014-12-31,3.81,$1.62,2.35,$3.94,0.97,$0.79,4.83,$0.09,42.33,$0.12B,$0.19B,0.62,$0.14B,$0.34B,0.42,$0.87B,$0.60B,69.08%,$0.87B,$0.06B,6.78%,$0.87B,$0.06B,6.78%,$0.87B,$0.11B,12.64%,$0.87B,$0.05B,5.98%,$0.87B,$0.02B,2.53%,$0.02B,$0.34B,6.52%,$0.02B,$0.07B,15.80%,$0.02B,$0.67B,3.58%,$0.06B,$0.49B,13.62%,$215,$65,$150,$6,$113,$196,$18,$-2,$17,$7,$10,$10,$6,$33,$18,$210,219,$0.03,$0.03,$48,$10,$0,$115,$50,$0,$272,$11,$559,$674,$186,$143,$1,$145,$331,$0,$-678,$-3,$343,$674,$19,$52,$40,$92,$5,$1,$-8,$-4,$-19,$93,$-12,$-12,$-88,$-7,$0,$-7,$1,$-119,$-3,$35,$32,$-45,$-45,$0,$-2,$-14,$-44,$21,$0
16,2014-09-30,3.28,$1.60,2.05,$3.92,0.84,$0.78,4.21,$0.08,41.0,$0.13B,$0.18B,0.75,$0.08B,$0.33B,0.25,$0.87B,$0.58B,66.63%,$0.87B,$0.05B,5.66%,$0.87B,$0.05B,5.66%,$0.87B,$0.10B,11.20%,$0.87B,$0.04B,4.73%,$0.87B,$0.02B,2.31%,$0.02B,$0.33B,5.95%,$0.02B,$0.16B,12.44%,$0.02B,$0.59B,3.30%,$0.05B,$0.41B,11.57%,$215,$66,$149,$5,$117,$200,$15,$-2,$13,$6,$7,$7,$5,$27,$15,$209,217,$0.02,$0.02,$64,$8,$0,$133,$44,$0,$169,$11,$460,$593,$176,$83,$2,$85,$261,$0,$-683,$-2,$331,$593,$14,$38,$30,$68,$-2,$3,$-7,$-6,$-21,$61,$-7,$-10,$0,$-5,$0,$-5,$1,$-21,$-2,$-27,$-29,$-32,$-32,$0,$-2,$-63,$-25,$17,$0
17,2014-06-30,3.75,$1.60,2.34,$3.87,0.97,$0.74,5.08,$0.08,46.88,$0.13B,$0.18B,0.73,$0.08B,$0.34B,0.22,$0.86B,$0.57B,66.67%,$0.86B,$0.04B,5.03%,$0.86B,$0.04B,5.03%,$0.86B,$0.09B,10.29%,$0.86B,$0.04B,4.21%,$0.86B,$0.02B,2.22%,$0.02B,$0.34B,5.72%,$0.02B,$0.16B,9.84%,$0.02B,$0.59B,3.21%,$0.04B,$0.41B,10.51%,$219,$68,$150,$4,$120,$205,$14,$-1,$12,$5,$7,$7,$6,$26,$14,$211,221,$0.03,$0.02,$55,$7,$0,$130,$45,$0,$174,$5,$463,$593,$179,$75,$2,$77,$256,$0,$-688,$-1,$336,$593,$10,$25,$19,$45,$-2,$3,$-9,$-6,$-21,$33,$-3,$-7,$0,$0,$0,$0,$1,$-9,$-1,$-32,$-33,$-20,$-20,$0,$0,$-53,$-30,$11,$0
18,2014-03-31,4.27,$1.60,2.67,$3.81,1.12,$0.70,6.06,$0.09,47.44,$0.12B,$0.17B,0.7,$0.08B,$0.34B,0.24,$0.84B,$0.56B,66.83%,$0.84B,$0.04B,5.11%,$0.84B,$0.04B,5.11%,$0.84B,$0.09B,10.11%,$0.84B,$0.04B,4.28%,$0.84B,$0.02B,2.38%,$0.02B,$0.34B,6.09%,$0.02B,$0.16B,8.85%,$0.02B,$0.60B,3.45%,$0.04B,$0.42B,10.81%,$221,$69,$152,$5,$122,$209,$12,$-2,$10,$4,$5,$5,$5,$24,$12,$212,225,$0.02,$0.02,$54,$6,$0,$122,$48,$0,$177,$6,$475,$597,$174,$82,$2,$83,$258,$0,$-693,$-1,$339,$597,$4,$13,$10,$23,$0,$5,$-14,$-2,$-17,$9,$-1,$-3,$0,$0,$0,$0,$-0,$-4,$-1,$-26,$-27,$-8,$-8,$0,$0,$-35,$-30,$6,$0
19,2013-12-31,3.33,$1.59,2.09,$3.77,0.88,$0.70,4.75,$0.13,25.62,$0.16B,$0.19B,0.8,$0.11B,$0.34B,0.32,$0.83B,$0.56B,66.95%,$0.83B,$0.05B,6.39%,$0.83B,$0.05B,6.39%,$0.83B,$0.09B,11.10%,$0.83B,$0.05B,5.67%,$0.83B,$0.03B,3.38%,$0.03B,$0.34B,8.64%,$0.03B,$0.16B,10.79%,$0.03B,$0.64B,4.93%,$0.05B,$0.45B,13.72%,$211,$86,$126,$0,$91,$203,$8,$-2,$6,$2,$5,$5,$4,$20,$8,$212,221,$0.01,$0.02,$85,$11,$0,$155,$52,$0,$181,$6,$488,$643,$194,$109,$2,$111,$305,$0,$-698,$1,$338,$643,$28,$38,$34,$72,$1,$-5,$-26,$1,$-12,$88,$-10,$-12,$-100,$0,$0,$0,$1,$-121,$-3,$79,$76,$-52,$-52,$0,$-2,$22,$-12,$18,$0
20,2013-09-30,3.14,$1.53,2.06,$3.73,0.84,$0.80,3.91,$0.17,18.47,$0.18B,$0.18B,0.99,$0.04B,$0.32B,0.13,$0.83B,$0.55B,65.99%,$0.83B,$0.07B,8.29%,$0.83B,$0.07B,8.29%,$0.83B,$0.10B,12.50%,$0.83B,$0.06B,7.69%,$0.83B,$0.04B,4.45%,$0.04B,$0.32B,11.57%,$0.04B,$0.29B,12.59%,$0.04B,$0.54B,6.80%,$0.07B,$0.36B,19.07%,$204,$62,$142,$0,$124,$195,$9,$-1,$8,$4,$4,$4,$4,$18,$9,$210,217,$0.02,$0.02,$100,$11,$0,$175,$53,$0,$25,$6,$360,$535,$176,$40,$2,$42,$219,$0,$-702,$2,$316,$535,$24,$26,$29,$55,$-1,$-6,$-35,$-3,$-27,$52,$-7,$-9,$0,$0,$0,$0,$1,$-15,$-2,$10,$8,$-41,$-41,$0,$-2,$-34,$3,$13,$0
21,2013-06-30,2.83,$1.52,1.87,$3.68,0.77,$0.83,3.42,$0.21,13.48,$0.18B,$0.18B,1.0,$0.05B,$0.32B,0.15,$0.84B,$0.55B,65.67%,$0.84B,$0.08B,9.93%,$0.84B,$0.08B,9.93%,$0.84B,$0.12B,14.00%,$0.84B,$0.08B,9.21%,$0.84B,$0.05B,5.50%,$0.05B,$0.32B,14.29%,$0.05B,$0.29B,15.54%,$0.05B,$0.55B,8.44%,$0.08B,$0.37B,22.88%,$205,$63,$142,$0,$120,$191,$14,$-2,$12,$5,$7,$7,$7,$23,$14,$212,220,$0.04,$0.03,$99,$10,$0,$178,$56,$0,$26,$7,$369,$547,$178,$47,$2,$49,$227,$0,$-706,$1,$320,$547,$20,$17,$21,$38,$-3,$-5,$-30,$-8,$-30,$29,$-6,$-6,$0,$0,$0,$0,$1,$-11,$-1,$16,$15,$-28,$-28,$0,$-2,$-15,$1,$8,$0
22,2013-03-31,2.89,$1.51,1.92,$3.68,0.79,$0.89,3.26,$0.17,17.0,$0.17B,$0.17B,1.01,$0.05B,$0.32B,0.17,$0.84B,$0.55B,65.36%,$0.84B,$0.07B,7.83%,$0.84B,$0.07B,7.83%,$0.84B,$0.10B,11.86%,$0.84B,$0.06B,7.24%,$0.84B,$0.04B,4.27%,$0.04B,$0.32B,11.21%,$0.04B,$0.30B,12.20%,$0.04B,$0.55B,6.60%,$0.07B,$0.38B,18.30%,$209,$64,$145,$0,$115,$187,$22,$-1,$21,$8,$13,$13,$13,$31,$22,$215,223,$0.06,$0.06,$106,$8,$0,$173,$58,$0,$25,$8,$376,$549,$172,$53,$2,$55,$227,$0,$-713,$2,$322,$549,$13,$8,$12,$20,$-0,$-3,$-21,$-2,$-24,$10,$-2,$-2,$0,$0,$0,$0,$1,$-3,$-1,$22,$21,$-16,$-16,$0,$-2,$3,$9,$4,$0
23,2012-12-31,2.37,$1.49,1.59,$3.66,0.65,$0.89,2.66,$0.17,13.94,$0.16B,$0.20B,0.81,$0.03B,$0.32B,0.09,$0.85B,$0.55B,64.71%,$0.85B,$0.07B,7.65%,$0.85B,$0.07B,7.65%,$0.85B,$0.10B,11.65%,$0.85B,$0.06B,6.94%,$0.85B,$0.04B,4.35%,$0.04B,$0.32B,11.57%,$0.04B,$0.30B,12.95%,$0.04B,$0.55B,6.75%,$0.07B,$0.35B,18.11%,$214,$94,$120,$0,$88,$190,$24,$-1,$23,$10,$13,$13,$13,$32,$24,$224,233,$0.05,$0.05,$97,$5,$0,$160,$61,$0,$26,$9,$388,$547,$196,$27,$2,$30,$226,$0,$-726,$3,$321,$547,$37,$35,$58,$92,$-3,$1,$8,$-4,$-9,$120,$-14,$-13,$0,$0,$0,$0,$1,$-25,$-2,$-28,$-30,$-26,$-26,$0,$0,$-56,$38,$12,$0
24,2012-09-30,2.28,$1.46,1.56,$3.63,0.63,$0.99,2.31,$1.59,1.43,$0.15B,$0.17B,0.85,$0.04B,$0.33B,0.11,$0.85B,$0.58B,67.72%,$0.85B,$0.07B,8.10%,$0.85B,$0.07B,8.10%,$0.85B,$0.10B,12.21%,$0.85B,$0.06B,7.28%,$0.85B,$0.37B,43.90%,$0.37B,$0.33B,118.92%,$0.37B,$0.30B,136.87%,$0.37B,$0.54B,67.66%,$0.07B,$0.36B,19.10%,$208,$66,$142,$0,$111,$185,$23,$-1,$21,$8,$13,$13,$13,$31,$23,$226,234,$0.06,$0.06,$75,$6,$0,$148,$56,$0,$26,$10,$390,$537,$174,$35,$3,$38,$212,$0,$-739,$3,$325,$537,$24,$26,$46,$72,$-5,$0,$-16,$-6,$-37,$59,$-5,$-10,$0,$0,$0,$0,$1,$-13,$-2,$-21,$-23,$-7,$-7,$0,$0,$-30,$16,$10,$0
25,2012-06-30,2.01,$1.40,1.44,$3.64,0.55,$1.17,1.72,$1.60,1.26,$0.15B,$0.19B,0.79,$0.04B,$0.32B,0.14,$0.86B,$0.58B,67.60%,$0.86B,$0.07B,8.48%,$0.86B,$0.07B,8.48%,$0.86B,$0.11B,12.78%,$0.86B,$0.06B,6.62%,$0.86B,$0.38B,43.79%,$0.38B,$0.32B,171.75%,$0.38B,$0.29B,217.29%,$0.38B,$0.55B,79.08%,$0.07B,$0.36B,26.64%,$212,$67,$144,$0,$113,$215,$-3,$-2,$-4,$-1,$-3,$-3,$-3,$6,$-3,$226,226,$-0.01,$-0.01,$72,$10,$0,$147,$61,$0,$26,$10,$401,$548,$185,$43,$2,$46,$232,$0,$-752,$2,$316,$548,$11,$18,$36,$53,$-2,$-3,$-8,$-4,$-23,$41,$-4,$-10,$0,$0,$0,$0,$1,$-12,$-1,$-14,$-15,$1,$1,$0,$0,$-15,$14,$6,$0
26,2012-03-31,2.21,$1.40,1.57,$3.60,0.61,$1.24,1.78,$1.70,1.3,$0.12B,$0.19B,0.65,$0.05B,$0.32B,0.16,$0.87B,$0.59B,67.94%,$0.87B,$0.11B,12.34%,$0.87B,$0.11B,12.34%,$0.87B,$0.14B,16.61%,$0.87B,$0.08B,9.57%,$0.87B,$0.40B,46.37%,$0.40B,$0.32B,330.18%,$0.40B,$0.26B,556.40%,$0.40B,$0.56B,100.82%,$0.11B,$0.37B,53.84%,$216,$71,$144,$0,$115,$195,$21,$-2,$19,$5,$14,$14,$14,$30,$21,$226,236,$0.06,$0.06,$55,$7,$0,$123,$65,$0,$59,$9,$437,$560,$189,$50,$2,$54,$243,$0,$-749,$3,$317,$560,$14,$9,$7,$16,$1,$-1,$-13,$-4,$-18,$11,$-2,$-7,$0,$0,$0,$0,$1,$-8,$-0,$-7,$-8,$0,$0,$0,$0,$-7,$-4,$3,$0
27,2011-12-31,2.45,$1.33,1.84,$3.60,0.68,$1.27,1.93,$1.73,1.42,$0.13B,$0.21B,0.61,$0.06B,$0.30B,0.19,$0.87B,$0.59B,68.20%,$0.87B,$0.12B,13.32%,$0.87B,$0.12B,13.32%,$0.87B,$0.16B,17.91%,$0.87B,$0.09B,9.87%,$0.87B,$0.41B,46.96%,$0.41B,$0.30B,2405.88%,$0.41B,$0.25B,-1487.27%,$0.41B,$0.57B,127.12%,$0.12B,$0.36B,90.80%,$216,$69,$147,$0,$110,$188,$28,$-2,$26,$-324,$350,$350,$350,$37,$28,$224,242,$1.55,$1.44,$59,$7,$0,$125,$68,$0,$55,$10,$441,$566,$205,$58,$2,$62,$267,$0,$-763,$2,$300,$566,$409,$39,$-299,$-259,$-3,$-1,$29,$-8,$-3,$147,$-13,$-26,$0,$0,$0,$0,$1,$-38,$-2,$-129,$-131,$5,$5,$0,$-4,$-130,$-20,$14,$0
28,2011-09-30,2.6,$-0.24,-10.71,$3.74,0.69,$1.55,1.67,$0.06,43.33,$0.10B,$0.22B,0.47,$0.07B,$-0.06B,-1.2,$0.87B,$0.60B,68.16%,$0.87B,$0.11B,13.06%,$0.87B,$0.11B,13.06%,$0.87B,$0.16B,18.21%,$0.87B,$0.02B,2.06%,$0.87B,$0.02B,1.95%,$0.02B,$-0.06B,-18.78%,$0.02B,$-0.10B,-12.98%,$0.02B,$0.23B,6.93%,$0.11B,$0.01B,213.08%,$217,$70,$147,$0,$110,$189,$27,$-11,$16,$0,$16,$16,$16,$37,$27,$225,241,$0.07,$0.07,$56,$7,$0,$104,$70,$0,$46,$10,$129,$233,$220,$66,$0,$67,$287,$0,$-1113,$2,$-55,$233,$59,$30,$23,$54,$-3,$-1,$11,$-7,$-4,$108,$-9,$-17,$0,$0,$0,$0,$1,$-24,$-1,$-107,$-108,$5,$5,$0,$-4,$-108,$-23,$10,$0
29,2011-06-30,4.41,$-0.33,-13.24,$3.85,1.14,$1.92,2.3,$-0.27,0.0,$0.11B,$0.18B,0.63,$0.13B,$-0.08B,-1.77,$0.87B,$0.59B,67.70%,$0.87B,$0.11B,12.30%,$0.87B,$0.11B,12.30%,$0.87B,$0.16B,17.93%,$0.87B,$-0.05B,-6.09%,$0.87B,$-0.05B,-6.21%,$-0.05B,$-0.08B,51.67%,$-0.05B,$-0.12B,37.76%,$-0.05B,$0.24B,-19.46%,$0.11B,$0.06B,149.13%,$218,$68,$151,$0,$111,$187,$31,$-9,$22,$1,$22,$22,$22,$40,$31,$224,245,$0.10,$0.09,$63,$5,$0,$110,$72,$0,$40,$10,$126,$236,$176,$133,$1,$135,$311,$0,$-1129,$2,$-75,$236,$43,$21,$11,$32,$-3,$1,$10,$-5,$-13,$63,$-5,$-8,$0,$0,$0,$0,$1,$-12,$-1,$-70,$-71,$4,$4,$0,$0,$-67,$-16,$6,$0
30,2011-03-31,4.56,$-0.46,-9.98,$4.03,1.13,$2.33,1.96,$-0.36,0.0,$0.12B,$0.16B,0.76,$0.19B,$-0.10B,-1.82,$0.88B,$0.59B,66.82%,$0.88B,$0.10B,11.40%,$0.88B,$0.10B,11.40%,$0.88B,$0.16B,17.79%,$0.88B,$-0.08B,-8.55%,$0.88B,$-0.08B,-8.78%,$-0.08B,$-0.10B,76.43%,$-0.08B,$-0.14B,55.60%,$-0.08B,$0.25B,-24.74%,$0.10B,$0.08B,101.52%,$220,$71,$149,$0,$108,$190,$30,$-8,$22,$1,$21,$21,$21,$42,$30,$222,240,$0.10,$0.09,$80,$6,$0,$124,$74,$0,$38,$10,$128,$252,$163,$186,$3,$191,$354,$0,$-1151,$2,$-102,$252,$21,$12,$4,$16,$-0,$0,$-3,$-2,$-19,$17,$-1,$-4,$0,$0,$0,$0,$1,$-4,$-0,$-15,$-15,$2,$2,$0,$0,$-14,$1,$2,$0
31,2010-12-31,2.24,$-0.59,-3.83,$4.14,0.54,$2.49,0.9,$-0.39,0.0,$0.12B,$0.19B,0.65,$0.19B,$-0.13B,-1.47,$0.89B,$0.59B,66.21%,$0.89B,$0.10B,10.73%,$0.89B,$0.10B,10.73%,$0.89B,$0.16B,17.51%,$0.89B,$-0.08B,-9.38%,$0.89B,$-0.08B,-9.49%,$-0.08B,$-0.13B,92.56%,$-0.08B,$-0.17B,65.63%,$-0.08B,$0.26B,-25.32%,$0.10B,$0.06B,80.85%,$218,$70,$148,$0,$109,$192,$26,$-68,$-42,$0,$-42,$-42,$-42,$40,$26,$210,210,$-0.21,$-0.20,$79,$6,$0,$124,$79,$0,$40,$11,$136,$260,$192,$191,$6,$198,$390,$0,$-1172,$1,$-130,$260,$-84,$59,$151,$210,$1,$2,$26,$20,$68,$194,$-18,$-23,$0,$0,$0,$0,$36,$-5,$-2,$-33,$-34,$2,$2,$0,$-111,$-144,$47,$8,$0
32,2010-09-30,2.55,$-0.52,-4.87,$4.42,0.58,$1.73,1.47,$-0.18,0.0,$0.19B,$0.19B,1.0,$0.20B,$-0.11B,-1.75,$0.89B,$0.59B,65.77%,$0.89B,$0.09B,9.88%,$0.89B,$0.09B,9.88%,$0.89B,$0.15B,16.72%,$0.89B,$-0.04B,-4.04%,$0.89B,$-0.04B,-4.26%,$-0.04B,$-0.11B,46.77%,$-0.04B,$-0.15B,31.93%,$-0.04B,$0.36B,-11.01%,$0.09B,$0.08B,65.55%,$214,$73,$141,$0,$108,$194,$20,$-75,$-55,$0,$-55,$-55,$-55,$34,$20,$212,212,$-0.26,$-0.26,$136,$4,$0,$189,$79,$0,$36,$52,$174,$362,$189,$195,$87,$285,$474,$0,$-1130,$1,$-111,$362,$-42,$45,$93,$138,$-4,$4,$24,$21,$79,$175,$-11,$-13,$0,$0,$0,$0,$-5,$-29,$-1,$-42,$-43,$1,$1,$0,$0,$-42,$104,$6,$0
33,2010-06-30,2.3,$-0.28,-8.18,$4.73,0.49,$0.99,2.33,$-0.25,0.0,$0.19B,$0.19B,0.98,$0.22B,$-0.06B,-3.77,$0.90B,$0.60B,66.41%,$0.90B,$0.09B,9.57%,$0.90B,$0.09B,9.57%,$0.90B,$0.15B,16.46%,$0.90B,$-0.04B,-4.00%,$0.90B,$-0.04B,-4.23%,$-0.04B,$-0.06B,48.10%,$-0.04B,$-0.10B,32.69%,$-0.04B,$0.37B,-11.38%,$0.09B,$0.17B,60.78%,$225,$77,$148,$0,$110,$201,$24,$-25,$-0,$0,$-1,$-1,$-1,$40,$24,$211,211,$0.00,$0.00,$129,$11,$0,$189,$82,$0,$38,$54,$182,$371,$194,$224,$9,$237,$431,$0,$-1075,$0,$-60,$371,$13,$31,$22,$53,$-3,$-3,$34,$22,$78,$145,$-7,$-9,$0,$0,$0,$0,$-10,$-26,$-1,$-24,$-25,$0,$0,$0,$0,$-24,$94,$3,$0
34,2010-03-31,1.35,$-0.29,-4.6,$4.67,0.29,$0.43,3.14,$-0.24,0.0,$0.12B,$0.15B,0.81,$0.22B,$-0.06B,-3.59,$0.89B,$0.60B,67.23%,$0.89B,$0.08B,8.61%,$0.89B,$0.08B,8.61%,$0.89B,$0.14B,15.55%,$0.89B,$-0.03B,-3.69%,$0.89B,$-0.04B,-3.91%,$-0.04B,$-0.06B,38.46%,$-0.04B,$-0.10B,27.18%,$-0.04B,$0.33B,-10.78%,$0.08B,$0.16B,59.81%,$228,$79,$149,$0,$110,$203,$25,$-11,$14,$-0,$14,$14,$14,$41,$25,$201,222,$0.07,$0.06,$52,$12,$0,$120,$85,$0,$37,$83,$214,$334,$149,$222,$21,$247,$396,$0,$-1074,$1,$-62,$334,$14,$16,$-1,$14,$0,$-5,$5,$10,$23,$51,$-2,$-2,$0,$0,$0,$0,$-27,$-31,$-0,$-0,$-1,$0,$0,$0,$0,$-1,$20,$1,$0
35,2009-12-31,1.4,$-0.46,-3.04,$4.66,0.3,$0.23,6.17,$-0.27,0.0,$0.11B,$0.14B,0.8,$0.22B,$-0.09B,-2.39,$0.89B,$0.60B,67.87%,$0.89B,$0.06B,6.40%,$0.89B,$0.06B,6.40%,$0.89B,$0.12B,13.26%,$0.89B,$-0.04B,-4.72%,$0.89B,$-0.04B,-4.94%,$-0.04B,$-0.09B,42.31%,$-0.04B,$-0.13B,30.93%,$-0.04B,$0.31B,-13.59%,$0.06B,$0.13B,47.70%,$224,$75,$148,$0,$116,$205,$19,$-14,$5,$0,$4,$4,$4,$34,$19,$170,170,$0.04,$0.10,$32,$8,$0,$111,$91,$0,$41,$56,$202,$313,$139,$220,$37,$266,$405,$0,$-1088,$0,$-92,$313,$-43,$62,$71,$133,$3,$3,$-23,$-30,$-52,$38,$-24,$-23,$0,$0,$0,$0,$-4,$-51,$-1,$-2,$-3,$0,$0,$0,$-0,$-3,$-14,$8,$0
36,2009-09-30,1.39,$-0.52,-2.69,$4.77,0.29,$0.09,15.31,$-0.55,0.0,$0.13B,$0.15B,0.85,$0.22B,$-0.10B,-2.11,$0.89B,$0.60B,68.02%,$0.89B,$0.04B,4.62%,$0.89B,$0.04B,4.62%,$0.89B,$0.10B,11.49%,$0.89B,$-0.09B,-9.91%,$0.89B,$-0.09B,-10.02%,$-0.09B,$-0.10B,85.78%,$-0.09B,$-0.14B,62.79%,$-0.09B,$0.32B,-26.99%,$0.04B,$0.11B,34.67%,$222,$70,$152,$0,$121,$203,$18,$-73,$-55,$0,$-55,$-55,$-55,$33,$18,$168,168,$-0.33,$-0.33,$38,$14,$0,$129,$86,$0,$36,$49,$188,$318,$152,$215,$41,$268,$420,$0,$-1093,$-5,$-102,$318,$-47,$46,$65,$111,$0,$-4,$-24,$-24,$-47,$17,$-12,$-12,$0,$0,$0,$0,$-0,$-24,$-1,$-1,$-2,$0,$0,$0,$-0,$-3,$-8,$7,$0
37,2009-06-30,0.38,$-0.69,-0.55,$4.90,0.08,$0.05,8.1,$-0.27,0.0,$0.14B,$0.17B,0.79,$0.22B,$-0.11B,-2.05,$0.89B,$0.60B,67.26%,$0.89B,$0.02B,2.24%,$0.89B,$0.02B,2.24%,$0.89B,$0.08B,8.97%,$0.89B,$-0.04B,-4.60%,$0.89B,$-0.04B,-4.71%,$-0.04B,$-0.11B,41.69%,$-0.04B,$-0.15B,31.94%,$-0.04B,$0.33B,-11.74%,$0.02B,$0.11B,27.49%,$220,$68,$152,$0,$123,$205,$15,$-12,$3,$0,$2,$2,$2,$31,$15,$157,219,$0.01,$0.01,$56,$14,$0,$136,$87,$0,$38,$50,$198,$334,$173,$222,$34,$269,$442,$0,$-1038,$-6,$-108,$334,$8,$31,$-8,$23,$-6,$-4,$-11,$-3,$-4,$26,$-5,$-9,$0,$0,$0,$0,$-0,$-14,$-1,$-1,$-2,$0,$0,$0,$-0,$-2,$10,$5,$0
38,2009-03-31,0.4,$-0.73,-0.55,$5.35,0.07,$0.07,5.38,$-0.32,0.0,$0.12B,$0.17B,0.7,$0.24B,$-0.11B,-2.08,$0.90B,$0.60B,66.67%,$0.90B,$0.00B,0.33%,$0.90B,$0.00B,0.33%,$0.90B,$0.06B,6.56%,$0.90B,$-0.05B,-5.56%,$0.90B,$-0.05B,-5.67%,$-0.05B,$-0.11B,53.54%,$-0.05B,$-0.15B,43.22%,$-0.05B,$0.33B,-13.05%,$0.00B,$0.12B,10.62%,$224,$72,$152,$0,$134,$219,$5,$0,$5,$0,$5,$5,$5,$20,$5,$157,219,$0.03,$-0.03,$45,$11,$0,$122,$93,$0,$38,$50,$208,$330,$174,$237,$16,$270,$444,$0,$-1040,$-6,$-114,$330,$5,$15,$-10,$5,$-4,$-0,$-2,$-5,$-3,$7,$-3,$-4,$0,$0,$0,$0,$-0,$-7,$-0,$-0,$-1,$0,$0,$0,$-0,$-1,$-1,$3,$0
39,2008-12-31,0.66,$-0.58,-1.14,$5.76,0.11,$0.10,6.32,$-0.41,0.0,$0.12B,$0.17B,0.67,$0.21B,$-0.09B,-2.36,$0.90B,$0.59B,65.93%,$0.90B,$-0.01B,-0.67%,$0.90B,$-0.01B,-0.67%,$0.90B,$0.05B,5.11%,$0.90B,$-0.06B,-7.10%,$0.90B,$-0.07B,-7.21%,$-0.07B,$-0.09B,74.50%,$-0.07B,$-0.13B,63.41%,$-0.07B,$0.34B,-15.38%,$-0.01B,$0.12B,34.29%,$222,$75,$148,$0,$131,$219,$3,$-44,$-41,$-0,$-41,$-41,$-41,$18,$3,$156,156,$-0.26,$-0.26,$46,$10,$0,$117,$98,$0,$40,$50,$220,$337,$173,$214,$18,$254,$428,$0,$-1053,$-6,$-91,$337,$-65,$53,$43,$96,$2,$9,$-22,$-9,$-28,$4,$-11,$-27,$0,$80,$0,$80,$-1,$40,$-1,$220,$219,$0,$0,$0,$-287,$-68,$-25,$12,$0
40,2008-09-30,1.01,$-0.58,-1.76,$5.73,0.18,$-1.72,0.0,$-0.22,0.0,$0.21B,$0.45B,0.45,$0.02B,$-0.09B,-0.24,$0.90B,$0.59B,65.92%,$0.90B,$-0.02B,-2.01%,$0.90B,$-0.02B,-2.01%,$0.90B,$0.03B,3.69%,$0.90B,$-0.04B,-4.13%,$0.90B,$-0.04B,-4.25%,$-0.04B,$-0.09B,45.65%,$-0.04B,$-0.10B,39.69%,$-0.04B,$0.43B,-8.37%,$-0.02B,$-0.07B,29.27%,$226,$77,$148,$0,$138,$229,$-3,$-5,$-8,$0,$-8,$-8,$-8,$11,$-3,$156,156,$-0.05,$-0.05,$114,$11,$0,$205,$103,$0,$6,$91,$225,$430,$453,$21,$19,$67,$520,$0,$-1012,$-5,$-90,$430,$-24,$37,$9,$46,$-5,$9,$-11,$-7,$-17,$6,$-8,$-24,$0,$80,$0,$80,$-3,$44,$-1,$0,$-1,$0,$0,$0,$-9,$-9,$41,$9,$0
41,2008-06-30,1.66,$-0.55,-3.02,$5.64,0.29,$-2.40,0.0,$-1.21,0.0,$0.24B,$0.48B,0.5,$0.02B,$-0.09B,-0.25,$0.88B,$0.58B,66.02%,$0.88B,$-0.17B,-19.55%,$0.88B,$-0.17B,-19.55%,$0.88B,$-0.13B,-14.32%,$0.88B,$-0.19B,-21.25%,$0.88B,$-0.19B,-21.36%,$-0.19B,$-0.09B,245.75%,$-0.19B,$-0.09B,210.06%,$-0.19B,$0.47B,-36.65%,$-0.17B,$-0.06B,-1911.11%,$228,$75,$152,$0,$143,$229,$-2,$-4,$-6,$0,$-7,$-7,$-7,$10,$-2,$156,156,$-0.04,$-0.04,$150,$14,$0,$240,$109,$0,$7,$82,$226,$466,$479,$22,$20,$73,$552,$0,$-1004,$-5,$-86,$466,$-16,$23,$5,$28,$-5,$5,$16,$-3,$12,$24,$-5,$-17,$0,$56,$0,$56,$-3,$31,$-0,$0,$-0,$0,$0,$0,$0,$-0,$55,$5,$0
42,2008-03-31,1.85,$-0.53,-3.51,$5.50,0.34,$-3.33,0.0,$-1.39,0.0,$0.23B,$0.46B,0.5,$0.02B,$-0.08B,-0.27,$0.86B,$0.57B,66.55%,$0.86B,$-0.19B,-22.49%,$0.86B,$-0.19B,-22.49%,$0.86B,$-0.15B,-17.48%,$0.86B,$-0.20B,-23.78%,$0.86B,$-0.20B,-23.78%,$-0.20B,$-0.08B,637.50%,$-0.20B,$-0.09B,463.64%,$-0.20B,$0.46B,-36.38%,$-0.19B,$-0.06B,-164.96%,$225,$79,$146,$0,$140,$229,$-4,$-4,$-9,$0,$-9,$-9,$-9,$7,$-4,$156,156,$-0.06,$-0.06,$148,$16,$0,$231,$114,$0,$8,$73,$228,$458,$463,$22,$22,$77,$541,$0,$-997,$-5,$-82,$458,$-9,$11,$2,$13,$-2,$4,$-3,$1,$7,$11,$-3,$-8,$0,$38,$0,$38,$-3,$25,$-0,$0,$-0,$0,$0,$0,$0,$-0,$35,$2,$0
43,2007-12-31,2.3,$-0.48,-4.78,$5.33,0.43,$-3.82,0.0,$-1.80,0.0,$0.23B,$0.45B,0.52,$0.02B,$-0.08B,-0.3,$0.83B,$0.55B,66.59%,$0.83B,$-0.26B,-31.60%,$0.83B,$-0.26B,-31.60%,$0.83B,$-0.22B,-26.78%,$0.83B,$-0.27B,-32.21%,$0.83B,$-0.27B,-32.21%,$-0.27B,$-0.08B,-1483.33%,$-0.27B,$-0.10B,-3682.76%,$-0.27B,$0.46B,-42.86%,$-0.26B,$-0.05B,-113.54%,$216,$72,$144,$0,$142,$225,$-9,$-5,$-14,$-0,$-14,$-14,$-14,$5,$-9,$156,156,$-0.09,$-0.09,$151,$20,$0,$232,$119,$0,$29,$40,$231,$462,$449,$22,$23,$89,$537,$0,$-988,$-5,$-75,$462,$-267,$40,$10,$50,$-5,$5,$-3,$27,$-54,$-271,$-20,$-27,$0,$210,$0,$210,$-31,$131,$-1,$0,$-1,$1,$1,$0,$0,$0,$-139,$8,$0
44,2007-09-30,1.03,$-0.40,-2.55,$5.86,0.18,$-4.43,0.0,$-2.15,0.0,$0.44B,$0.38B,1.14,$0.28B,$-0.06B,-4.38,$0.79B,$0.53B,66.12%,$0.79B,$-0.37B,-46.85%,$0.79B,$-0.37B,-46.85%,$0.79B,$-0.34B,-42.57%,$0.79B,$-0.37B,-46.60%,$0.79B,$-0.37B,-46.60%,$-0.37B,$-0.06B,-448.48%,$-0.37B,$-0.07B,-474.36%,$-0.37B,$0.67B,-53.08%,$-0.37B,$0.21B,-103.62%,$211,$72,$139,$0,$287,$367,$-157,$-1,$-158,$0,$-158,$-158,$-158,$-148,$-157,$156,156,$-1.01,$-1.01,$356,$20,$0,$438,$128,$0,$8,$46,$228,$666,$384,$276,$26,$345,$729,$0,$-989,$-5,$-63,$666,$-254,$26,$7,$33,$-6,$5,$-1,$27,$131,$-89,$-20,$-13,$0,$141,$0,$141,$-101,$7,$-1,$0,$-1,$1,$1,$0,$0,$0,$-81,$6,$0
45,2007-06-30,3.11,$0.59,5.25,$5.56,0.56,$-4.98,0.0,$-1.51,0.0,$0.44B,$0.25B,1.77,$0.28B,$0.09B,2.99,$0.75B,$0.49B,65.77%,$0.75B,$-0.28B,-37.72%,$0.75B,$-0.28B,-37.72%,$0.75B,$-0.25B,-33.42%,$0.75B,$-0.27B,-36.78%,$0.75B,$-0.27B,-36.78%,$-0.27B,$0.09B,-159.77%,$-0.27B,$0.09B,-163.34%,$-0.27B,$0.66B,-37.65%,$-0.28B,$0.37B,-62.69%,$206,$64,$142,$0,$157,$229,$-23,$-0,$-23,$0,$-23,$-23,$-23,$-14,$-23,$156,156,$-0.15,$-0.15,$344,$29,$0,$437,$135,$0,$3,$37,$219,$657,$246,$276,$0,$318,$564,$0,$-827,$-5,$92,$657,$-96,$17,$4,$21,$-3,$-5,$-13,$-7,$-37,$-111,$-14,$-8,$0,$157,$0,$157,$-90,$45,$-0,$0,$-0,$1,$1,$0,$0,$0,$-65,$3,$0
46,2007-03-31,3.45,$0.76,4.53,$6.49,0.53,$-6.48,0.0,$-2.45,0.0,$0.49B,$0.27B,1.82,$0.28B,$0.12B,2.33,$0.68B,$0.44B,63.84%,$0.68B,$-0.33B,-48.61%,$0.68B,$-0.33B,-48.61%,$0.68B,$-0.30B,-44.22%,$0.68B,$-0.33B,-47.58%,$0.68B,$-0.33B,-47.58%,$-0.33B,$0.12B,-138.00%,$-0.33B,$0.12B,-140.69%,$-0.33B,$0.71B,-42.19%,$-0.33B,$0.40B,-64.78%,$196,$69,$127,$0,$192,$269,$-73,$1,$-72,$0,$-72,$-72,$-72,$-65,$-73,$155,155,$-0.47,$-0.47,$410,$29,$0,$494,$137,$0,$4,$28,$213,$707,$272,$276,$0,$317,$588,$0,$-793,$-6,$118,$707,$-72,$8,$7,$15,$1,$-4,$-4,$-4,$-2,$-59,$-10,$-4,$0,$35,$0,$35,$-17,$4,$-0,$0,$-0,$0,$0,$0,$0,$0,$-55,$7,$0
