,Date,Stock Price,Book Value per Share,Price to Book Ratio,TTM Sales per Share,Price to Sales Ratio,TTM FCF per Share,Price to FCF Ratio,TTM Net EPS,PE Ratio,Current Assets,Current Liabilities,Current Ratio,Long Term Debt,Shareholder's Equity_x,Debt to Equity Ratio,TTM Revenue_x,TTM Gross Profit,Gross Margin,TTM Revenue_y,TTM Operating Income,Operating Margin,TTM Revenue_x,TTM EBIT,EBIT Margin,TTM Revenue_y,TTM EBITDA,EBITDA Margin,TTM Revenue_x,TTM Pre-Tax Income,Pre-Tax Margin,TTM Revenue_y,TTM Net Income_x,Net Margin,TTM Net Income_y,Shareholder's Equity_y,Return on Equity,TTM Net Income_x,Tangible Equity,Return on Tangible Equity,TTM Net Income_y,Total Assets,Return on Assets,TTM Net Income,LT Investments & Debt,Return on Investment,revenue,cost-goods-sold,gross-profit,research-development-expenses,selling-general-administrative-expenses,operating-expenses,operating-income,total-non-operating-income-expense,pre-tax-income,total-provision-income-taxes,income-after-taxes,income-from-continuous-operations,net-income,ebitda,ebit,basic-shares-outstanding,shares-outstanding,eps-basic-net-earnings-per-share,eps-earnings-per-share-diluted,cash-on-hand,inventory,other-current-assets,total-current-assets,net-property-plant-equipment,long-term-investments,goodwill-intangible-assets-total,other-long-term-assets,total-long-term-assets,total-assets,total-current-liabilities,long-term-debt,other-non-current-liabilities,total-long-term-liabilities,total-liabilities,common-stock-net,retained-earnings-accumulated-deficit,comprehensive-income,total-share-holder-equity,total-liabilities-share-holders-equity,net-income-loss,total-depreciation-amortization-cash-flow,other-non-cash-items,total-non-cash-items,change-in-accounts-receivable,change-in-inventories,change-in-accounts-payable,change-in-assets-liabilities,total-change-in-assets-liabilities,cash-flow-from-operating-activities,net-change-in-property-plant-equipment,net-change-in-intangible-assets,net-acquisitions-divestitures,net-change-in-short-term-investments,net-change-in-long-term-investments,net-change-in-investments-total,investing-activities-other,cash-flow-from-investing-activities,net-long-term-debt,net-current-debt,debt-issuance-retirement-net-total,net-common-equity-issued-repurchased,net-total-equity-issued-repurchased,total-common-preferred-stock-dividends-paid,financial-activities-other,cash-flow-from-financial-activities,net-cash-flow,stock-based-compensation,common-stock-dividends-paid
0,2018-09-30,2.28,$2.99,0.76,$5.84,0.39,$1.64,1.39,$1.12,2.04,$1.47B,$0.38B,3.85,$0.81B,$0.35B,2.33,$2.00B,$0.75B,37.53%,$2.00B,$0.44B,21.94%,$2.00B,$0.44B,21.94%,$2.00B,$0.49B,24.75%,$2.00B,$0.32B,15.78%,$2.00B,$0.39B,19.29%,$0.39B,$1.02B,43.59%,$0.39B,$0.64B,76.46%,$0.39B,$2.77B,13.19%,$0.44B,$1.83B,23.25%,$475,$323,$153,$0,$78,$404,$71,$-14,$57,$-91,$148,$148,$144,$86,$71,$342,342,$0.42,$0.42,$589,$464,$35,$1470,$570,$85,$380,$170,$1299,$2769,$382,$810,$250,$1373,$1754,$4,$209,$-181,$1015,$2769,$277,$44,$-147,$-104,$-18,$-72,$0,$11,$4,$192,$-20,$0,$0,$14,$0,$14,$-29,$-35,$-10,$0,$-10,$0,$0,$-20,$-12,$-42,$107,$0,$-20
1,2018-06-30,4.76,$2.57,1.85,$5.91,0.81,$1.60,2.97,$0.83,5.73,$1.44B,$0.38B,3.76,$1.06B,$0.20B,5.23,$2.02B,$0.77B,37.83%,$2.02B,$0.46B,22.70%,$2.02B,$0.46B,22.70%,$2.02B,$0.51B,25.37%,$2.02B,$0.34B,16.57%,$2.02B,$0.29B,14.19%,$0.29B,$0.87B,36.75%,$0.29B,$0.49B,71.53%,$0.29B,$3.00B,9.79%,$0.46B,$1.93B,24.75%,$530,$326,$203,$0,$80,$410,$120,$-78,$42,$22,$20,$20,$12,$134,$120,$342,342,$0.03,$0.03,$571,$429,$32,$1443,$567,$337,$380,$176,$1558,$3001,$384,$1062,$259,$1747,$2131,$4,$73,$-185,$870,$3001,$128,$29,$-26,$3,$-39,$-42,$0,$20,$22,$160,$-8,$0,$0,$0,$0,$0,$-29,$-37,$-4,$0,$-4,$0,$0,$-14,$-8,$-25,$89,$0,$-14
2,2018-03-31,6.04,$2.60,2.33,$5.78,1.04,$1.33,4.54,$0.83,7.28,$1.38B,$0.33B,4.26,$1.09B,$0.21B,5.1,$1.98B,$0.71B,35.89%,$1.98B,$0.42B,21.03%,$1.98B,$0.42B,21.03%,$1.98B,$0.47B,23.91%,$1.98B,$0.36B,18.00%,$1.98B,$0.28B,14.36%,$0.28B,$0.88B,40.89%,$0.28B,$0.50B,90.30%,$0.28B,$3.00B,10.06%,$0.42B,$1.97B,23.79%,$486,$281,$206,$0,$80,$365,$122,$-15,$106,$36,$70,$70,$89,$136,$122,$342,342,$0.26,$0.26,$495,$447,$24,$1382,$596,$338,$380,$190,$1616,$2998,$325,$1089,$251,$1792,$2117,$4,$67,$-170,$881,$2998,$108,$15,$-28,$-13,$-38,$-42,$0,$0,$-49,$48,$3,$0,$0,$-0,$0,$-0,$-28,$-26,$-3,$0,$-3,$0,$0,$-7,$-4,$-13,$14,$0,$-7
3,2017-12-31,6.13,$2.24,2.74,$5.57,1.1,$1.25,4.91,$0.61,10.05,$1.26B,$0.33B,3.81,$1.04B,$0.10B,10.48,$1.91B,$0.63B,32.97%,$1.91B,$0.35B,18.43%,$1.91B,$0.35B,18.43%,$1.91B,$0.41B,21.52%,$1.91B,$0.29B,15.33%,$1.91B,$0.21B,10.92%,$0.21B,$0.77B,35.21%,$0.21B,$0.39B,98.70%,$0.21B,$2.91B,7.68%,$0.35B,$1.81B,21.65%,$505,$319,$187,$0,$75,$380,$125,$-15,$110,$-53,$163,$163,$140,$138,$125,$342,342,$0.41,$0.41,$455,$398,$43,$1262,$589,$342,$380,$215,$1645,$2908,$331,$1042,$307,$1810,$2141,$4,$-18,$-179,$767,$2908,$303,$59,$-111,$-52,$-12,$-6,$0,$-6,$9,$259,$-71,$-2,$0,$-1,$0,$-1,$-0,$-74,$148,$0,$148,$0,$0,$-27,$-27,$94,$293,$0,$-27
4,2017-09-30,2.41,$1.79,1.35,$5.18,0.47,$0.76,3.16,$0.23,10.47,$1.22B,$0.35B,3.44,$1.10B,$-0.06B,-18.05,$1.77B,$0.56B,31.73%,$1.77B,$0.30B,17.11%,$1.77B,$0.30B,17.11%,$1.77B,$0.37B,20.61%,$1.77B,$0.25B,14.00%,$1.77B,$0.08B,4.35%,$0.08B,$0.61B,15.10%,$0.08B,$0.23B,59.12%,$0.08B,$2.82B,2.97%,$0.30B,$1.71B,20.16%,$501,$332,$169,$0,$65,$409,$92,$-15,$77,$15,$62,$62,$46,$105,$92,$342,342,$0.13,$0.13,$439,$353,$42,$1218,$575,$332,$380,$194,$1601,$2818,$354,$1103,$218,$1858,$2212,$4,$-151,$-183,$606,$2818,$141,$46,$14,$61,$-90,$40,$0,$-9,$1,$204,$-46,$-2,$0,$1,$0,$1,$-0,$-48,$150,$0,$150,$0,$0,$-20,$-19,$111,$279,$0,$-20
5,2017-06-30,2.93,$1.54,1.89,$4.92,0.59,$0.30,9.72,$0.11,26.6,$0.99B,$0.32B,3.09,$0.99B,$-0.14B,-6.86,$1.68B,$0.49B,28.82%,$1.68B,$0.24B,14.20%,$1.68B,$0.24B,14.20%,$1.68B,$0.30B,18.06%,$1.68B,$0.18B,10.87%,$1.68B,$0.03B,2.02%,$0.03B,$0.52B,7.04%,$0.03B,$0.14B,33.01%,$0.03B,$2.57B,1.35%,$0.24B,$1.51B,16.57%,$486,$338,$148,$0,$66,$408,$77,$-15,$63,$-101,$163,$163,$9,$94,$77,$342,342,$0.03,$0.03,$233,$359,$30,$988,$555,$328,$380,$197,$1584,$2572,$320,$985,$230,$1728,$2048,$4,$-190,$-205,$524,$2572,$77,$33,$-0,$33,$-78,$23,$0,$18,$-23,$89,$-31,$-2,$0,$-0,$0,$-0,$0,$-33,$27,$0,$27,$0,$0,$-14,$-7,$6,$71,$0,$-14
6,2017-03-31,3.2,$1.37,2.33,$4.70,0.68,$0.03,116.43,$0.06,53.36,$0.92B,$0.32B,2.88,$0.99B,$-0.20B,-4.94,$1.61B,$0.41B,25.53%,$1.61B,$0.17B,10.59%,$1.61B,$0.17B,10.59%,$1.61B,$0.24B,14.69%,$1.61B,$0.11B,6.97%,$1.61B,$0.02B,1.00%,$0.02B,$0.47B,3.38%,$0.02B,$0.09B,17.07%,$0.02B,$2.54B,0.64%,$0.17B,$1.46B,11.89%,$413,$289,$124,$0,$64,$356,$57,$-15,$42,$19,$24,$24,$13,$73,$57,$342,342,$0.04,$0.04,$213,$378,$27,$921,$657,$337,$380,$246,$1621,$2542,$320,$993,$227,$1756,$2076,$4,$-193,$-214,$466,$2542,$22,$17,$3,$19,$-23,$-12,$0,$9,$-6,$37,$-14,$-0,$0,$2,$0,$2,$0,$-12,$35,$0,$35,$0,$0,$-7,$-4,$25,$50,$0,$-7
7,2016-12-31,3.36,$1.30,2.58,$4.56,0.74,$-0.18,0.0,$-0.04,0.0,$0.84B,$0.29B,2.85,$0.89B,$-0.22B,-3.99,$1.56B,$0.34B,21.76%,$1.56B,$0.10B,6.61%,$1.56B,$0.10B,6.61%,$1.56B,$0.17B,10.91%,$1.56B,$0.04B,2.50%,$1.56B,$-0.02B,-1.09%,$-0.02B,$0.44B,-3.52%,$-0.02B,$0.07B,-16.35%,$-0.02B,$2.44B,-0.68%,$0.10B,$1.33B,7.18%,$371,$250,$121,$0,$45,$294,$77,$-11,$66,$24,$42,$42,$9,$93,$77,$342,342,$0.02,$0.02,$177,$359,$43,$837,$516,$332,$380,$376,$1606,$2443,$294,$889,$286,$1705,$1999,$4,$-199,$-222,$444,$2443,$-3,$68,$-23,$44,$-34,$40,$0,$27,$37,$80,$-59,$-2,$0,$-1,$0,$-1,$-1,$-62,$3,$0,$3,$0,$0,$-27,$-22,$-46,$-33,$0,$-27
8,2016-09-30,2.22,$1.47,1.51,$4.37,0.51,$-0.34,0.0,$-0.17,0.0,$0.89B,$0.31B,2.91,$0.97B,$-0.17B,-5.71,$1.49B,$0.28B,18.55%,$1.49B,$0.04B,2.95%,$1.49B,$0.04B,2.95%,$1.49B,$0.11B,7.43%,$1.49B,$-0.04B,-2.61%,$1.49B,$-0.06B,-3.75%,$-0.06B,$0.50B,-11.11%,$-0.06B,$0.12B,-44.98%,$-0.06B,$2.53B,-2.22%,$0.04B,$1.47B,2.99%,$413,$322,$92,$0,$64,$386,$28,$-16,$12,$3,$9,$9,$3,$44,$28,$342,342,$0.01,$0.01,$213,$334,$43,$892,$672,$336,$380,$248,$1638,$2530,$306,$971,$216,$1727,$2033,$4,$-201,$-183,$497,$2530,$-21,$51,$-4,$47,$-58,$82,$0,$-9,$13,$40,$-39,$-1,$0,$0,$0,$0,$-1,$-40,$36,$0,$36,$0,$0,$-20,$-10,$5,$6,$0,$-20
9,2016-06-30,1.5,$1.44,1.05,$4.30,0.35,$-0.35,0.0,$-0.21,0.0,$0.88B,$0.31B,2.83,$0.97B,$-0.18B,-5.37,$1.47B,$0.24B,16.41%,$1.47B,$0.01B,0.54%,$1.47B,$0.01B,0.54%,$1.47B,$0.08B,5.17%,$1.47B,$-0.07B,-5.04%,$1.47B,$-0.07B,-4.83%,$-0.07B,$0.49B,-13.52%,$-0.07B,$0.11B,-48.88%,$-0.07B,$2.52B,-2.79%,$0.01B,$1.46B,0.54%,$409,$336,$73,$0,$65,$401,$8,$-16,$-8,$0,$-8,$-8,$-9,$26,$8,$342,342,$-0.02,$-0.02,$198,$355,$28,$880,$668,$333,$380,$255,$1637,$2517,$311,$971,$217,$1720,$2030,$4,$-197,$-190,$487,$2517,$-30,$35,$-4,$30,$-54,$59,$0,$3,$-9,$-9,$-27,$-1,$0,$-1,$0,$-1,$-0,$-29,$48,$0,$48,$0,$0,$-14,$-7,$27,$-10,$0,$-14
10,2016-03-31,1.12,$1.49,0.75,$4.29,0.26,$-0.33,0.0,$-0.49,0.0,$0.88B,$0.27B,3.22,$0.97B,$-0.16B,-6.03,$1.47B,$0.22B,15.25%,$1.47B,$-0.02B,-1.50%,$1.47B,$-0.02B,-1.50%,$1.47B,$0.05B,3.13%,$1.47B,$-0.10B,-6.47%,$1.47B,$-0.17B,-11.30%,$-0.17B,$0.51B,-29.70%,$-0.17B,$0.13B,-92.61%,$-0.17B,$2.52B,-6.41%,$-0.02B,$1.48B,-1.46%,$365,$312,$53,$0,$63,$375,$-10,$-21,$-31,$-9,$-22,$-22,$-20,$7,$-10,$342,342,$-0.06,$-0.06,$171,$395,$31,$876,$675,$338,$380,$252,$1646,$2522,$272,$971,$227,$1744,$2016,$4,$-182,$-188,$506,$2522,$-22,$17,$-4,$13,$-33,$20,$0,$4,$-23,$-33,$-16,$-1,$0,$1,$0,$1,$0,$-16,$20,$0,$20,$0,$0,$-7,$-4,$9,$-39,$0,$-7
11,2015-12-31,1.25,$1.54,0.81,$4.44,0.28,$-0.31,0.0,$-0.39,0.0,$0.90B,$0.29B,3.13,$0.95B,$-0.14B,-6.77,$1.52B,$0.26B,17.11%,$1.52B,$0.01B,0.79%,$1.52B,$0.01B,0.79%,$1.52B,$0.08B,5.33%,$1.52B,$-0.04B,-2.76%,$1.52B,$-0.13B,-8.82%,$-0.13B,$0.53B,-21.57%,$-0.13B,$0.15B,-55.54%,$-0.13B,$2.54B,-5.03%,$0.01B,$1.48B,0.77%,$306,$247,$59,$0,$41,$288,$18,$-30,$-12,$2,$-14,$-14,$-30,$34,$18,$342,342,$-0.10,$-0.10,$212,$405,$33,$896,$666,$338,$380,$255,$1641,$2537,$287,$951,$223,$1724,$2011,$4,$-156,$-197,$527,$2537,$-171,$70,$98,$168,$39,$-8,$0,$1,$17,$22,$-55,$-1,$0,$1,$0,$1,$0,$-54,$32,$0,$32,$0,$0,$-27,$-15,$-11,$-51,$0,$-27
12,2015-09-30,1.75,$1.71,1.02,$4.81,0.36,$-0.24,0.0,$-0.26,0.0,$0.96B,$0.30B,3.22,$0.94B,$-0.09B,-10.82,$1.65B,$0.30B,18.10%,$1.65B,$0.03B,1.58%,$1.65B,$0.03B,1.58%,$1.65B,$0.10B,5.95%,$1.65B,$-0.01B,-0.30%,$1.65B,$-0.10B,-5.77%,$-0.10B,$0.58B,-13.71%,$-0.10B,$0.20B,-30.35%,$-0.10B,$2.62B,-3.44%,$0.03B,$1.52B,1.60%,$389,$333,$56,$0,$64,$398,$-8,$-14,$-23,$-10,$-13,$-13,$-12,$9,$-8,$342,342,$-0.03,$-0.03,$242,$404,$29,$960,$671,$337,$380,$267,$1656,$2617,$298,$944,$214,$1738,$2037,$4,$-119,$-193,$580,$2617,$-135,$53,$100,$154,$14,$3,$0,$-11,$6,$33,$-36,$-1,$0,$0,$0,$0,$-1,$-38,$19,$0,$19,$0,$0,$-20,$-11,$-12,$-23,$0,$-20
13,2015-06-30,5.19,$1.84,2.83,$5.07,1.02,$-0.33,0.0,$-0.15,0.0,$0.99B,$0.31B,3.25,$0.94B,$-0.04B,-21.2,$1.73B,$0.36B,20.65%,$1.73B,$0.08B,4.73%,$1.73B,$0.08B,4.73%,$1.73B,$0.16B,9.05%,$1.73B,$0.07B,4.09%,$1.73B,$-0.05B,-3.11%,$-0.05B,$0.62B,-6.89%,$-0.05B,$0.24B,-13.38%,$-0.05B,$2.68B,-1.89%,$0.08B,$1.56B,4.79%,$409,$353,$56,$0,$78,$431,$-22,$-7,$-29,$111,$-139,$-139,$-104,$-4,$-22,$342,342,$-0.30,$-0.30,$220,$418,$27,$992,$685,$341,$380,$278,$1684,$2677,$306,$935,$215,$1748,$2053,$4,$-100,$-183,$623,$2677,$-122,$36,$104,$140,$-14,$-3,$0,$-7,$-23,$-5,$-23,$-0,$0,$1,$0,$1,$-0,$-22,$10,$0,$10,$0,$0,$-14,$-7,$-11,$-45,$0,$-14
14,2015-03-31,5.7,$2.23,2.56,$5.31,1.07,$-0.34,0.0,$0.20,28.49,$0.99B,$0.27B,3.59,$0.93B,$0.09B,10.57,$1.82B,$0.41B,22.34%,$1.82B,$0.13B,7.37%,$1.82B,$0.13B,7.37%,$1.82B,$0.21B,11.56%,$1.82B,$0.13B,6.88%,$1.82B,$0.07B,3.63%,$0.07B,$0.76B,7.61%,$0.07B,$0.38B,13.52%,$0.07B,$2.82B,2.24%,$0.13B,$1.68B,7.48%,$416,$327,$89,$0,$65,$392,$24,$-3,$22,$4,$17,$17,$12,$42,$24,$342,342,$0.04,$0.04,$210,$414,$25,$985,$677,$333,$380,$283,$1832,$2816,$274,$929,$215,$1787,$2061,$4,$10,$-199,$755,$2816,$17,$18,$13,$31,$-37,$-9,$0,$-0,$-79,$-30,$-13,$-0,$0,$2,$0,$2,$-0,$-12,$4,$0,$4,$0,$0,$-7,$-4,$-6,$-56,$0,$-7
15,2014-12-31,5.84,$2.38,2.46,$5.45,1.07,$-0.28,0.0,$0.16,36.52,$1.05B,$0.33B,3.2,$0.92B,$0.15B,6.27,$1.86B,$0.40B,21.63%,$1.86B,$0.13B,6.82%,$1.86B,$0.13B,6.82%,$1.86B,$0.21B,11.00%,$1.86B,$0.11B,5.96%,$1.86B,$0.06B,2.95%,$0.06B,$0.81B,6.00%,$0.06B,$0.43B,10.23%,$0.06B,$2.95B,1.82%,$0.13B,$1.73B,6.91%,$432,$335,$97,$0,$65,$400,$32,$-7,$25,$11,$14,$14,$9,$51,$32,$342,342,$0.03,$0.03,$269,$443,$33,$1049,$734,$345,$380,$278,$1897,$2945,$327,$920,$221,$1804,$2131,$4,$5,$-149,$814,$2945,$80,$78,$20,$99,$-40,$-55,$0,$-3,$-119,$67,$-73,$-0,$0,$-1,$0,$-1,$1,$-74,$173,$0,$173,$0,$0,$-37,$-25,$110,$94,$0,$-37
16,2014-09-30,5.93,$2.78,2.14,$5.35,1.11,$-0.14,0.0,$0.18,32.96,$1.09B,$0.35B,3.11,$0.93B,$0.27B,3.38,$1.83B,$0.36B,19.72%,$1.83B,$0.03B,1.58%,$1.83B,$0.03B,1.58%,$1.83B,$0.11B,5.84%,$1.83B,$0.07B,4.04%,$1.83B,$0.06B,3.39%,$0.06B,$0.94B,6.44%,$0.06B,$0.56B,10.64%,$0.06B,$3.00B,2.05%,$0.03B,$1.87B,1.58%,$477,$361,$116,$0,$67,$428,$48,$5,$53,$16,$38,$38,$29,$68,$48,$342,342,$0.08,$0.08,$259,$418,$42,$1085,$762,$344,$380,$289,$1911,$2996,$349,$925,$202,$1705,$2055,$4,$3,$-48,$941,$2996,$66,$59,$17,$76,$-80,$-10,$0,$-14,$-129,$16,$-50,$-0,$0,$-1,$0,$-1,$15,$-36,$175,$0,$175,$0,$0,$-30,$-22,$123,$98,$0,$-30
17,2014-06-30,5.82,$2.83,2.05,$5.27,1.1,$-0.06,0.0,0,0.0,$1.11B,$0.38B,2.89,$0.92B,$0.29B,3.13,$1.80B,$0.29B,16.32%,$1.80B,$-0.07B,-4.11%,$1.80B,$-0.07B,-4.11%,$1.80B,$0.00B,0.17%,$1.80B,$-0.04B,-2.16%,$1.80B,$-0.00B,-0.06%,$-0.00B,$0.96B,-0.10%,$-0.00B,$0.58B,-0.17%,$-0.00B,$3.05B,-0.03%,$-0.07B,$1.88B,-4.17%,$492,$388,$104,$0,$75,$462,$30,$-4,$25,$2,$24,$24,$16,$49,$30,$342,342,$0.05,$0.05,$274,$415,$32,$1108,$792,$344,$380,$288,$1946,$3054,$384,$917,$207,$1710,$2094,$4,$-23,$-12,$960,$3054,$28,$39,$4,$44,$-82,$12,$0,$1,$-70,$3,$-35,$-0,$0,$-2,$0,$-2,$17,$-20,$171,$0,$171,$0,$0,$-24,$-18,$129,$112,$0,$-24
18,2014-03-31,7.96,$2.81,2.83,$5.34,1.49,$-0.12,0.0,$-0.17,0.0,$1.10B,$0.40B,2.72,$0.92B,$0.29B,3.2,$1.83B,$0.21B,11.34%,$1.83B,$-0.17B,-9.31%,$1.83B,$-0.17B,-9.31%,$1.83B,$-0.09B,-5.09%,$1.83B,$-0.14B,-7.67%,$1.83B,$-0.06B,-3.12%,$-0.06B,$0.95B,-6.01%,$-0.06B,$0.57B,-10.76%,$-0.06B,$3.08B,-1.95%,$-0.17B,$1.87B,-9.79%,$462,$377,$86,$0,$69,$445,$17,$-9,$8,$4,$5,$5,$1,$37,$17,$342,342,$0.00,$0.00,$272,$421,$38,$1095,$793,$353,$380,$315,$1987,$3082,$402,$917,$224,$1726,$2128,$4,$-39,$-10,$954,$3082,$5,$20,$0,$20,$-50,$7,$0,$0,$-30,$-6,$-20,$-0,$0,$-4,$2,$-3,$-2,$-25,$176,$0,$176,$0,$0,$-17,$-15,$144,$113,$0,$-17
19,2013-12-31,15.8,$2.90,5.44,$5.45,2.9,$-0.21,0.0,$-0.29,0.0,$0.95B,$0.40B,2.4,$0.74B,$0.33B,2.28,$1.86B,$0.13B,7.19%,$1.86B,$-0.25B,-13.42%,$1.86B,$-0.25B,-13.42%,$1.86B,$-0.18B,-9.39%,$1.86B,$-0.22B,-11.70%,$1.86B,$-0.10B,-5.26%,$-0.10B,$0.99B,-10.20%,$-0.10B,$0.61B,-18.09%,$-0.10B,$2.97B,-3.38%,$-0.25B,$1.74B,-14.60%,$400,$345,$56,$0,$122,$466,$-66,$54,$-12,$-23,$11,$11,$16,$-47,$-66,$342,342,$0.05,$0.05,$157,$431,$35,$949,$796,$356,$380,$337,$2018,$2967,$395,$742,$224,$1580,$1974,$4,$-40,$-8,$993,$2967,$-127,$75,$-141,$-66,$4,$220,$0,$16,$304,$117,$-75,$-2,$22,$-8,$14,$6,$-8,$-56,$-200,$0,$-200,$-1,$-1,$-68,$-18,$-286,$-224,$0,$-68
20,2013-09-30,17.88,$2.69,6.66,$5.53,3.23,$-0.41,0.0,$-0.33,0.0,$0.93B,$0.37B,2.49,$0.70B,$0.24B,2.88,$1.89B,$0.13B,7.09%,$1.89B,$-0.20B,-10.48%,$1.89B,$-0.20B,-10.48%,$1.89B,$-0.12B,-6.19%,$1.89B,$-0.20B,-10.79%,$1.89B,$-0.11B,-5.82%,$-0.11B,$0.91B,-11.16%,$-0.11B,$0.53B,-19.42%,$-0.11B,$2.78B,-3.73%,$-0.20B,$1.61B,-11.18%,$448,$400,$49,$0,$101,$503,$-55,$-5,$-60,$-19,$-41,$-41,$-34,$-36,$-55,$342,342,$-0.10,$-0.10,$121,$407,$27,$930,$692,$375,$380,$175,$1848,$2777,$373,$702,$145,$1494,$1867,$4,$-55,$-36,$911,$2777,$-138,$56,$-65,$-9,$-60,$241,$0,$-3,$189,$48,$-54,$-1,$0,$3,$0,$3,$5,$-47,$-187,$0,$-187,$0,$0,$-51,$-14,$-253,$-251,$0,$-51
21,2013-06-30,12.28,$2.76,4.44,$5.71,2.15,$-0.45,0.0,$-0.16,0.0,$1.06B,$0.35B,3.02,$0.79B,$0.27B,2.93,$1.95B,$0.18B,9.38%,$1.95B,$-0.11B,-5.59%,$1.95B,$-0.11B,-5.59%,$1.95B,$-0.03B,-1.49%,$1.95B,$-0.12B,-6.00%,$1.95B,$-0.05B,-2.72%,$-0.05B,$0.94B,-5.08%,$-0.05B,$0.40B,-8.56%,$-0.05B,$2.86B,-1.76%,$-0.11B,$1.73B,-5.90%,$516,$499,$17,$0,$83,$582,$-66,$-10,$-76,$-27,$-49,$-49,$-40,$-47,$-66,$342,342,$-0.12,$-0.12,$186,$463,$17,$1056,$742,$365,$537,$0,$1808,$2864,$349,$790,$135,$1578,$1928,$4,$-21,$-56,$937,$2864,$-97,$37,$-42,$-5,$-102,$175,$0,$12,$78,$-17,$-37,$-1,$0,$-5,$7,$2,$5,$-31,$-96,$0,$-96,$0,$0,$-34,$-9,$-139,$-187,$0,$-34
22,2013-03-31,14.3,$2.96,4.84,$5.86,2.44,$-0.67,0.0,$0.09,158.84,$1.17B,$0.41B,2.84,$0.77B,$0.34B,2.3,$2.00B,$0.33B,16.38%,$2.00B,$0.04B,2.20%,$2.00B,$0.04B,2.20%,$2.00B,$0.12B,6.09%,$2.00B,$0.05B,2.70%,$2.00B,$0.03B,1.55%,$0.03B,$1.00B,2.87%,$0.03B,$0.62B,4.49%,$0.03B,$3.00B,1.01%,$0.04B,$1.77B,2.32%,$499,$486,$13,$0,$70,$563,$-63,$-7,$-70,$-22,$-48,$-48,$-40,$-45,$-63,$342,342,$-0.12,$-0.12,$186,$544,$20,$1171,$739,$373,$380,$165,$1826,$2997,$412,$771,$124,$1582,$1994,$4,$19,$-62,$1003,$2997,$-48,$19,$-15,$4,$-135,$92,$0,$7,$10,$-34,$-20,$-0,$0,$0,$0,$0,$4,$-16,$-113,$0,$-113,$0,$0,$-17,$-5,$-135,$-187,$0,$-17
23,2012-12-31,11.1,$3.19,3.48,$6.10,1.82,$-0.95,0.0,$0.47,23.62,$1.36B,$0.40B,3.42,$0.88B,$0.42B,2.08,$2.09B,$0.58B,27.55%,$2.09B,$0.29B,13.85%,$2.09B,$0.29B,13.85%,$2.09B,$0.36B,17.44%,$2.09B,$0.30B,14.47%,$2.09B,$0.16B,7.67%,$0.16B,$1.09B,14.47%,$0.16B,$0.71B,22.52%,$0.16B,$3.17B,5.18%,$0.29B,$1.97B,14.95%,$427,$372,$55,$0,$63,$442,$-14,$17,$2,$15,$-13,$-13,$4,$11,$-14,$342,342,$0.01,$0.01,$376,$650,$25,$1363,$763,$383,$380,$156,$1807,$3171,$399,$881,$121,$1680,$2079,$4,$75,$-42,$1092,$3171,$222,$76,$-31,$45,$59,$-185,$0,$-2,$-192,$72,$-99,$-4,$58,$22,$119,$141,$5,$101,$187,$0,$187,$0,$0,$-65,$-26,$96,$271,$0,$-65
24,2012-09-30,10.79,$3.37,3.2,$6.06,1.78,$-0.44,0.0,$0.62,17.31,$1.14B,$0.39B,2.9,$0.77B,$0.48B,1.62,$2.07B,$0.70B,33.98%,$2.07B,$0.43B,20.66%,$2.07B,$0.43B,20.66%,$2.07B,$0.49B,23.84%,$2.07B,$0.41B,19.98%,$2.07B,$0.21B,10.23%,$0.21B,$1.14B,19.61%,$0.21B,$0.74B,31.17%,$0.21B,$3.02B,7.05%,$0.43B,$1.91B,22.91%,$509,$411,$98,$0,$63,$474,$34,$-7,$27,$-3,$30,$30,$23,$52,$34,$342,342,$0.07,$0.07,$131,$624,$29,$1142,$740,$475,$400,$151,$1882,$3024,$394,$769,$106,$1487,$1881,$4,$89,$-13,$1143,$3024,$213,$50,$-6,$44,$0,$-158,$0,$-10,$-211,$46,$-66,$-3,$0,$24,$0,$24,$13,$-32,$81,$0,$81,$0,$0,$-48,$-21,$12,$27,$0,$-48
25,2012-06-30,11.0,$3.20,3.44,$6.28,1.75,$-0.00,0.0,$0.76,14.41,$1.26B,$0.48B,2.63,$0.83B,$0.42B,1.98,$2.15B,$0.82B,38.15%,$2.15B,$0.54B,25.06%,$2.15B,$0.54B,25.06%,$2.15B,$0.60B,28.04%,$2.15B,$0.54B,24.97%,$2.15B,$0.26B,12.16%,$0.26B,$1.09B,25.13%,$0.26B,$0.69B,40.91%,$0.26B,$3.10B,8.83%,$0.54B,$1.91B,29.42%,$568,$406,$162,$0,$68,$482,$87,$8,$95,$34,$61,$61,$44,$104,$87,$342,342,$0.13,$0.13,$110,$661,$16,$1263,$711,$455,$400,$153,$1836,$3099,$481,$829,$102,$1533,$2014,$4,$83,$-51,$1085,$3099,$181,$33,$-2,$31,$-127,$-218,$0,$7,$-291,$-76,$-51,$0,$0,$22,$0,$22,$15,$-14,$144,$0,$144,$0,$0,$-31,$-14,$99,$7,$0,$-31
26,2012-03-31,15.52,$3.25,4.77,$6.29,2.47,$0.39,39.7,$0.79,19.73,$1.16B,$0.40B,2.9,$0.83B,$0.44B,1.92,$2.15B,$0.86B,39.87%,$2.15B,$0.57B,26.63%,$2.15B,$0.57B,26.63%,$2.15B,$0.64B,29.55%,$2.15B,$0.56B,25.84%,$2.15B,$0.27B,12.50%,$0.27B,$1.10B,26.92%,$0.27B,$0.70B,44.89%,$0.27B,$3.06B,9.31%,$0.57B,$1.94B,31.77%,$583,$322,$260,$0,$79,$401,$182,$-4,$178,$59,$119,$119,$89,$197,$182,$342,342,$0.26,$0.26,$64,$606,$21,$1161,$741,$468,$400,$165,$1900,$3061,$401,$833,$102,$1557,$1958,$1,$55,$-13,$1103,$3061,$120,$16,$6,$22,$-134,$-126,$0,$1,$-256,$-114,$-35,$-1,$0,$23,$0,$23,$-0,$-12,$106,$0,$106,$0,$0,$-14,$-5,$88,$-39,$0,$-14
27,2011-12-31,17.65,$2.90,6.08,$5.92,2.98,$0.76,23.1,$0.64,27.72,$0.94B,$0.42B,2.27,$0.72B,$0.33B,2.2,$2.03B,$0.75B,36.89%,$2.03B,$0.48B,23.46%,$2.03B,$0.48B,23.46%,$2.03B,$0.54B,26.62%,$2.03B,$0.46B,22.81%,$2.03B,$0.22B,10.77%,$0.22B,$0.99B,23.20%,$0.22B,$0.59B,40.33%,$0.22B,$2.84B,7.70%,$0.48B,$1.71B,26.80%,$412,$228,$184,$0,$59,$287,$125,$-11,$114,$42,$72,$72,$56,$141,$125,$342,342,$0.17,$0.17,$124,$465,$21,$944,$724,$460,$402,$164,$1894,$2838,$416,$717,$90,$1429,$1845,$4,$-19,$-23,$993,$2838,$295,$64,$107,$171,$-85,$-184,$0,$-22,$-175,$292,$-146,$-9,$-5,$-24,$-27,$-50,$-11,$-221,$-208,$0,$-208,$-9,$-9,$-54,$-29,$-300,$-229,$0,$-54
28,2011-09-30,15.77,$2.87,5.49,$5.73,2.75,$0.56,28.05,$0.52,30.14,$0.96B,$0.39B,2.45,$0.78B,$0.31B,2.54,$1.96B,$0.66B,33.50%,$1.96B,$0.39B,19.94%,$1.96B,$0.39B,19.94%,$1.96B,$0.46B,23.20%,$1.96B,$0.38B,19.43%,$1.96B,$0.18B,9.18%,$0.18B,$0.97B,20.09%,$0.18B,$0.57B,36.16%,$0.18B,$2.83B,6.43%,$0.39B,$1.75B,21.97%,$584,$371,$213,$0,$69,$440,$144,$5,$149,$55,$93,$93,$72,$160,$144,$342,342,$0.21,$0.21,$180,$358,$26,$960,$699,$465,$400,$151,$1870,$2830,$392,$780,$94,$1464,$1856,$1,$-61,$9,$974,$2830,$219,$48,$72,$120,$-123,$-61,$0,$-24,$-126,$221,$-91,$-7,$-5,$-51,$-27,$-78,$-5,$-185,$-159,$0,$-159,$-10,$-10,$-40,$-24,$-233,$-197,$0,$-40
29,2011-06-30,14.43,$2.73,5.28,$5.23,2.76,$0.28,51.42,$0.36,40.47,$0.93B,$0.32B,2.89,$0.89B,$0.26B,3.41,$1.79B,$0.54B,30.39%,$1.79B,$0.29B,16.15%,$1.79B,$0.29B,16.15%,$1.79B,$0.35B,19.66%,$1.79B,$0.27B,15.31%,$1.79B,$0.12B,6.82%,$0.12B,$0.93B,15.64%,$0.12B,$0.53B,31.85%,$0.12B,$2.83B,4.53%,$0.29B,$1.82B,16.85%,$573,$372,$201,$0,$79,$452,$122,$-7,$115,$42,$73,$73,$52,$138,$122,$342,342,$0.15,$0.15,$174,$330,$19,$929,$703,$486,$398,$136,$1901,$2829,$322,$887,$109,$1580,$1902,$1,$-118,$37,$927,$2829,$126,$32,$33,$65,$-120,$-19,$0,$-3,$-132,$61,$-54,$-4,$0,$-84,$-27,$-111,$-7,$-176,$-74,$0,$-74,$-9,$-9,$-26,$-20,$-129,$-241,$0,$-26
30,2011-03-31,7.64,$2.55,3.0,$4.76,1.6,$0.17,44.08,$0.22,35.27,$0.97B,$0.34B,2.87,$0.95B,$0.20B,4.8,$1.63B,$0.43B,26.45%,$1.63B,$0.20B,12.12%,$1.63B,$0.20B,12.12%,$1.63B,$0.26B,15.98%,$1.63B,$0.18B,10.84%,$1.63B,$0.08B,4.59%,$0.08B,$0.86B,11.19%,$0.08B,$0.47B,27.50%,$0.08B,$2.83B,2.93%,$0.20B,$1.81B,12.21%,$456,$307,$149,$0,$61,$371,$84,$-0,$84,$31,$53,$53,$38,$100,$84,$343,343,$0.11,$0.11,$258,$347,$22,$969,$680,$478,$397,$109,$1857,$2826,$338,$946,$102,$1624,$1962,$1,$-157,$37,$864,$2826,$53,$16,$12,$28,$-55,$-39,$0,$-8,$-79,$3,$-24,$-1,$0,$-105,$-20,$-126,$2,$-149,$-8,$0,$-8,$-3,$-3,$-11,$-16,$-38,$-182,$0,$-11
31,2010-12-31,6.38,$2.39,2.67,$4.47,1.43,$0.16,39.71,$0.15,43.51,$0.92B,$0.31B,3.01,$0.92B,$0.15B,6.12,$1.53B,$0.35B,22.75%,$1.53B,$0.12B,7.95%,$1.53B,$0.12B,7.95%,$1.53B,$0.19B,12.06%,$1.53B,$0.08B,5.08%,$1.53B,$0.05B,3.32%,$0.05B,$0.82B,8.80%,$0.05B,$0.42B,27.95%,$0.05B,$2.71B,2.08%,$0.12B,$1.74B,7.91%,$348,$254,$94,$0,$52,$306,$41,$-8,$33,$9,$25,$25,$18,$57,$41,$343,343,$0.05,$0.05,$336,$295,$14,$922,$646,$454,$398,$102,$1793,$2714,$306,$923,$102,$1590,$1896,$1,$-183,$21,$818,$2714,$64,$62,$9,$72,$-32,$5,$0,$18,$-15,$122,$-45,$-6,$1,$-4,$-38,$-42,$-1,$-93,$-46,$0,$-46,$336,$336,$-46,$-16,$229,$256,$0,$-46
32,2010-09-30,5.83,$1.50,3.88,$4.45,1.31,$0.02,252.41,$0.09,67.33,$0.65B,$0.28B,2.34,$0.98B,$-0.16B,-6.32,$1.53B,$0.31B,20.37%,$1.53B,$0.07B,4.72%,$1.53B,$0.07B,4.72%,$1.53B,$0.14B,9.23%,$1.53B,$0.03B,1.77%,$1.53B,$0.03B,1.90%,$0.03B,$0.51B,5.80%,$0.03B,$0.12B,28.29%,$0.03B,$2.40B,1.22%,$0.07B,$1.49B,4.87%,$413,$313,$100,$0,$59,$372,$42,$1,$42,$24,$18,$18,$14,$57,$42,$343,343,$0.04,$0.04,$71,$270,$0,$652,$634,$416,$397,$108,$1747,$2399,$278,$981,$102,$1609,$1887,$1,$-201,$6,$512,$2399,$40,$47,$10,$57,$-65,$28,$0,$-2,$-39,$62,$-28,$-4,$1,$-1,$0,$-1,$1,$-32,$10,$0,$10,$0,$0,$-34,$-11,$-35,$-7,$0,$-34
33,2010-06-30,3.52,$1.43,2.47,$4.24,0.83,$-0.04,0.0,$0.07,52.92,$0.61B,$0.27B,2.25,$0.95B,$-0.18B,-5.27,$1.46B,$0.27B,18.61%,$1.46B,$0.03B,2.20%,$1.46B,$0.03B,2.20%,$1.46B,$0.10B,7.07%,$1.46B,$-0.02B,-1.30%,$1.46B,$0.02B,1.58%,$0.02B,$0.49B,4.64%,$0.02B,$0.09B,23.59%,$0.02B,$2.31B,0.96%,$0.03B,$1.44B,2.19%,$416,$326,$89,$0,$58,$384,$31,$-13,$18,$12,$6,$6,$5,$47,$31,$343,343,$0.01,$0.01,$57,$258,$0,$612,$608,$410,$397,$102,$1701,$2313,$272,$954,$100,$1555,$1827,$1,$-204,$-8,$486,$2313,$22,$32,$-7,$24,$-70,$26,$0,$5,$-60,$-11,$-19,$-1,$1,$-2,$3,$0,$-1,$-20,$44,$0,$44,$0,$0,$-23,$-10,$11,$-23,$0,$-23
34,2010-03-31,5.58,$1.48,3.78,$3.94,1.42,$0.06,91.97,0,0.0,$0.64B,$0.29B,2.2,$0.99B,$-0.16B,-6.06,$1.35B,$0.20B,14.64%,$1.35B,$-0.04B,-2.74%,$1.35B,$-0.04B,-2.74%,$1.35B,$0.03B,2.44%,$1.35B,$-0.07B,-5.25%,$1.35B,$-0.00B,-0.07%,$-0.00B,$0.50B,-0.20%,$-0.00B,$0.11B,-1.04%,$-0.00B,$2.40B,-0.04%,$-0.04B,$1.50B,-2.57%,$357,$291,$66,$0,$58,$349,$8,$-23,$-15,$-30,$15,$15,$14,$24,$8,$343,343,$0.03,$0.03,$56,$295,$0,$640,$647,$408,$397,$107,$1764,$2403,$291,$993,$100,$1609,$1900,$1,$-198,$-2,$503,$2403,$15,$16,$6,$22,$-47,$6,$0,$0,$-51,$-17,$-9,$-1,$1,$-2,$0,$-2,$4,$-7,$16,$0,$16,$0,$0,$-11,$-1,$4,$-22,$0,$-11
35,2009-12-31,3.94,$1.45,2.71,$3.71,1.06,$0.03,157.04,$-0.10,0.0,$0.65B,$0.30B,2.17,$0.99B,$-0.17B,-5.85,$1.27B,$0.14B,10.77%,$1.27B,$-0.09B,-7.23%,$1.27B,$-0.09B,-7.23%,$1.27B,$-0.02B,-1.81%,$1.27B,$-0.09B,-7.00%,$1.27B,$-0.04B,-2.75%,$-0.04B,$0.50B,-7.08%,$-0.04B,$0.10B,-36.55%,$-0.04B,$2.41B,-1.47%,$-0.09B,$1.49B,-6.55%,$341,$286,$56,$0,$64,$350,$-9,$-9,$-18,$-14,$-4,$-4,$-4,$13,$-9,$343,343,$-0.01,$-0.01,$84,$312,$0,$648,$681,$396,$398,$102,$1762,$2410,$299,$988,$108,$1613,$1912,$1,$-198,$-3,$498,$2410,$-38,$67,$-23,$45,$-12,$105,$0,$-25,$70,$76,$-46,$-9,$0,$4,$7,$11,$-0,$-45,$47,$0,$47,$-0,$-0,$-45,$-6,$-5,$32,$0,$-45
36,2009-09-30,3.39,$1.45,2.34,$3.55,0.96,$-0.27,0.0,$-0.01,0.0,$0.64B,$0.37B,1.73,$0.92B,$-0.17B,-5.3,$1.22B,$0.14B,11.43%,$1.22B,$-0.08B,-6.66%,$1.22B,$-0.08B,-6.66%,$1.22B,$-0.02B,-1.56%,$1.22B,$-0.02B,-1.64%,$1.22B,$-0.00B,-0.16%,$-0.00B,$0.49B,-0.40%,$-0.00B,$0.10B,-1.88%,$-0.00B,$2.42B,-0.08%,$-0.08B,$1.41B,-5.80%,$342,$282,$60,$0,$58,$340,$2,$-6,$-4,$-14,$9,$9,$8,$19,$2,$343,343,$0.02,$0.02,$84,$274,$0,$635,$688,$397,$399,$100,$1782,$2417,$367,$920,$109,$1556,$1923,$1,$-174,$-30,$494,$2417,$-35,$46,$-41,$5,$-34,$143,$0,$-19,$90,$61,$-49,$-8,$7,$2,$0,$2,$13,$-35,$40,$0,$40,$0,$0,$-34,$-4,$1,$33,$0,$-34
37,2009-06-30,2.06,$1.42,1.45,$3.69,0.56,$-0.49,0.0,$-0.10,0.0,$0.64B,$0.40B,1.61,$0.87B,$-0.18B,-4.74,$1.26B,$0.14B,10.84%,$1.26B,$-0.09B,-7.44%,$1.26B,$-0.09B,-7.44%,$1.26B,$-0.02B,-1.66%,$1.26B,$-0.03B,-2.69%,$1.26B,$-0.03B,-2.61%,$-0.03B,$0.48B,-6.42%,$-0.03B,$0.08B,-28.63%,$-0.03B,$2.39B,-1.37%,$-0.09B,$1.36B,-6.67%,$312,$296,$16,$0,$54,$350,$-38,$3,$-34,$-14,$-21,$-21,$-19,$-23,$-38,$343,343,$-0.05,$-0.05,$116,$268,$0,$641,$669,$394,$399,$92,$1750,$2391,$399,$873,$117,$1509,$1908,$1,$-171,$-41,$483,$2391,$-44,$29,$-45,$-16,$-26,$139,$0,$5,$100,$43,$-38,$-4,$7,$-1,$0,$-1,$13,$-24,$67,$0,$67,$0,$0,$-23,$-3,$42,$63,$0,$-23
38,2009-03-31,2.57,$1.47,1.74,$4.05,0.64,$-0.73,0.0,$-0.04,0.0,$0.62B,$0.32B,1.92,$0.86B,$-0.17B,-5.22,$1.39B,$0.19B,13.47%,$1.39B,$-0.06B,-3.96%,$1.39B,$-0.06B,-3.96%,$1.39B,$0.02B,1.44%,$1.39B,$-0.01B,-0.36%,$1.39B,$-0.01B,-1.01%,$-0.01B,$0.50B,-2.60%,$-0.01B,$0.10B,-10.18%,$-0.01B,$2.32B,-0.57%,$-0.06B,$1.37B,-3.78%,$277,$273,$5,$0,$51,$324,$-47,$14,$-33,$-9,$-23,$-23,$-20,$-32,$-47,$343,343,$-0.06,$-0.06,$64,$316,$0,$619,$641,$396,$399,$87,$1701,$2320,$322,$863,$119,$1496,$1818,$1,$-141,$-54,$502,$2320,$-23,$14,$-26,$-11,$-20,$81,$0,$5,$15,$-19,$-19,$0,$7,$-1,$0,$-1,$1,$-13,$56,$0,$56,$0,$0,$-11,$-1,$43,$11,$0,$-11
39,2008-12-31,2.9,$1.58,1.83,$4.33,0.67,$-0.78,0.0,$-0.00,0.0,$0.70B,$0.29B,2.37,$0.91B,$-0.13B,-7.28,$1.49B,$0.25B,16.57%,$1.49B,$-0.00B,-0.20%,$1.49B,$-0.00B,-0.20%,$1.49B,$0.07B,4.98%,$1.49B,$0.02B,1.41%,$1.49B,$0.00B,0.00%,$0.00B,$0.54B,0.00%,$0.00B,$0.14B,0.00%,$0.00B,$2.39B,0.00%,$-0.00B,$1.45B,-0.20%,$285,$227,$58,$0,$56,$283,$2,$48,$51,$16,$35,$35,$29,$17,$2,$343,343,$0.08,$0.08,$55,$409,$0,$696,$641,$396,$399,$91,$1693,$2389,$294,$911,$120,$1553,$1847,$1,$-110,$-51,$542,$2389,$5,$76,$-64,$13,$26,$-93,$0,$7,$-42,$-25,$-45,$-14,$0,$2,$-2,$0,$-1,$-60,$42,$0,$42,$-1,$-1,$-46,$-9,$-13,$-101,$0,$-46
40,2008-09-30,4.84,$1.55,3.12,$4.52,1.07,$-0.57,0.0,$-0.12,0.0,$0.73B,$0.31B,2.36,$0.94B,$-0.14B,-6.76,$1.55B,$0.25B,15.77%,$1.55B,$-0.01B,-0.77%,$1.55B,$-0.01B,-0.77%,$1.55B,$0.07B,4.38%,$1.55B,$-0.04B,-2.83%,$1.55B,$-0.04B,-2.77%,$-0.04B,$0.53B,-7.40%,$-0.04B,$0.13B,-24.64%,$-0.04B,$2.52B,-1.65%,$-0.01B,$1.46B,-0.79%,$390,$332,$58,$0,$59,$401,$-11,$-7,$-18,$8,$-26,$-26,$-23,$17,$-11,$343,343,$-0.07,$-0.07,$77,$328,$0,$725,$677,$415,$399,$82,$1796,$2521,$308,$935,$123,$1684,$1992,$1,$-127,$25,$529,$2521,$-30,$62,$-24,$37,$-21,$2,$0,$-6,$-6,$1,$-65,$-11,$0,$2,$-1,$1,$-2,$-77,$37,$0,$37,$0,$0,$-34,$-7,$-4,$-80,$0,$-34
41,2008-06-30,7.29,$1.71,4.27,$4.52,1.61,$-0.34,0.0,$-0.21,0.0,$0.77B,$0.31B,2.46,$0.96B,$-0.09B,-11.29,$1.56B,$0.26B,16.91%,$1.56B,$0.02B,1.03%,$1.56B,$0.02B,1.03%,$1.56B,$0.08B,5.40%,$1.56B,$-0.02B,-0.96%,$1.56B,$-0.07B,-4.69%,$-0.07B,$0.58B,-12.10%,$-0.07B,$0.17B,-36.59%,$-0.07B,$2.65B,-2.77%,$0.02B,$1.54B,1.06%,$436,$370,$66,$0,$66,$435,$1,$-5,$-5,$-6,$1,$1,$-0,$18,$1,$343,343,$-0.00,$-0.00,$76,$337,$0,$773,$717,$424,$409,$84,$1874,$2646,$314,$958,$117,$1750,$2064,$1,$-92,$44,$582,$2646,$-5,$34,$-17,$17,$-63,$15,$0,$-2,$-55,$-40,$-41,$-7,$0,$-1,$-1,$-2,$-3,$-52,$35,$0,$35,$0,$0,$-23,$-5,$7,$-83,$0,$-23
42,2008-03-31,6.23,$1.75,3.57,$4.38,1.42,$-0.21,0.0,$-0.22,0.0,$0.78B,$0.31B,2.52,$0.93B,$-0.07B,-12.92,$1.51B,$0.27B,17.90%,$1.51B,$0.03B,1.79%,$1.51B,$0.03B,1.79%,$1.51B,$0.10B,6.30%,$1.51B,$-0.00B,-0.07%,$1.51B,$-0.08B,-5.17%,$-0.08B,$0.60B,-12.46%,$-0.08B,$0.19B,-34.29%,$-0.08B,$2.64B,-2.95%,$0.03B,$1.53B,1.81%,$374,$310,$64,$0,$58,$369,$5,$-12,$-7,$-1,$-6,$-6,$-6,$22,$5,$343,343,$-0.02,$-0.02,$95,$358,$0,$775,$712,$429,$410,$79,$1860,$2635,$308,$933,$120,$1732,$2040,$1,$-81,$46,$595,$2635,$-6,$17,$-6,$11,$-30,$-4,$0,$1,$-41,$-34,$-19,$-4,$0,$1,$-1,$1,$1,$-22,$10,$0,$10,$0,$0,$-11,$-2,$-3,$-57,$0,$-11
43,2007-12-31,4.23,$1.80,2.35,$4.33,0.98,$-0.14,0.0,$-0.13,0.0,$0.77B,$0.30B,2.59,$0.89B,$-0.05B,-18.2,$1.49B,$0.29B,19.16%,$1.49B,$0.05B,3.15%,$1.49B,$0.05B,3.15%,$1.49B,$0.11B,7.64%,$1.49B,$0.05B,3.62%,$1.49B,$-0.05B,-3.08%,$-0.05B,$0.62B,-7.09%,$-0.05B,$0.21B,-18.04%,$-0.05B,$2.60B,-1.74%,$0.05B,$1.51B,3.17%,$354,$297,$57,$0,$63,$360,$-7,$-7,$-14,$1,$-15,$-18,$-14,$11,$-7,$344,344,$-0.04,$-0.04,$153,$338,$0,$771,$681,$458,$410,$67,$1832,$2603,$298,$890,$118,$1687,$1985,$1,$-74,$52,$618,$2603,$-49,$66,$53,$120,$7,$4,$0,$-5,$-9,$64,$-63,$-7,$0,$5,$-4,$1,$4,$-65,$7,$0,$7,$-9,$-9,$-46,$-9,$-56,$-51,$0,$-46
44,2007-09-30,6.26,$1.81,3.46,$4.29,1.46,$0.04,177.44,$0.13,46.96,$0.84B,$0.34B,2.49,$0.82B,$-0.05B,-16.73,$1.48B,$0.31B,21.17%,$1.48B,$0.08B,5.53%,$1.48B,$0.08B,5.53%,$1.48B,$0.15B,9.98%,$1.48B,$0.18B,11.87%,$1.48B,$0.05B,3.30%,$0.05B,$0.62B,6.89%,$0.05B,$0.23B,15.21%,$0.05B,$2.66B,1.82%,$0.08B,$1.44B,5.40%,$391,$314,$76,$0,$60,$374,$17,$-6,$11,$69,$-59,$-53,$-53,$33,$17,$344,344,$-0.15,$-0.15,$192,$316,$0,$838,$654,$474,$388,$68,$1824,$2662,$337,$818,$160,$1706,$2043,$1,$-58,$24,$618,$2662,$-32,$49,$47,$96,$-44,$17,$0,$-16,$-8,$56,$-41,$-6,$0,$5,$-3,$2,$5,$-40,$16,$0,$16,$-7,$-7,$-34,$-7,$-32,$-11,$0,$-34
45,2007-06-30,4.28,$1.97,2.18,$4.25,1.01,$0.05,78.39,$0.34,12.46,$0.81B,$0.26B,3.07,$0.81B,$0.01B,142.81,$1.48B,$0.32B,21.90%,$1.48B,$0.09B,6.17%,$1.48B,$0.09B,6.17%,$1.48B,$0.16B,10.78%,$1.48B,$0.21B,14.24%,$1.48B,$0.12B,8.27%,$0.12B,$0.67B,16.03%,$0.12B,$0.29B,32.73%,$0.12B,$2.67B,4.51%,$0.09B,$1.49B,5.84%,$389,$316,$73,$0,$61,$377,$12,$-4,$9,$13,$-4,$-5,$-5,$29,$12,$345,345,$-0.01,$-0.01,$163,$321,$0,$809,$621,$466,$388,$61,$1855,$2665,$264,$814,$168,$1728,$1992,$1,$-5,$8,$673,$2665,$21,$33,$2,$35,$-61,$-4,$0,$-1,$-68,$-12,$-23,$-5,$0,$4,$-1,$3,$4,$-20,$18,$0,$18,$-2,$-2,$-23,$-4,$-11,$-42,$0,$-23
46,2007-03-31,3.44,$2.00,1.72,$4.26,0.81,$0.06,60.63,$0.41,8.4,$0.81B,$0.26B,3.14,$0.82B,$0.02B,46.56,$1.49B,$0.34B,22.88%,$1.49B,$0.09B,5.85%,$1.49B,$0.09B,5.85%,$1.49B,$0.16B,10.57%,$1.49B,$0.22B,14.80%,$1.49B,$0.15B,9.76%,$0.15B,$0.69B,18.16%,$0.15B,$0.30B,35.39%,$0.15B,$2.66B,5.35%,$0.09B,$1.50B,5.47%,$359,$279,$80,$0,$55,$334,$25,$23,$48,$20,$29,$26,$26,$41,$25,$345,346,$0.08,$0.07,$188,$328,$0,$812,$607,$472,$389,$60,$1850,$2662,$259,$815,$165,$1718,$1977,$1,$0,$3,$685,$2662,$26,$16,$-16,$1,$-37,$-18,$0,$1,$-50,$-23,$-7,$-3,$0,$3,$-1,$3,$3,$-4,$24,$0,$24,$-1,$-1,$-11,$-2,$10,$-17,$0,$-11
47,2006-12-31,2.72,$2.51,1.08,$4.23,0.64,$0.08,32.69,$0.40,6.74,$0.78B,$0.25B,3.08,$0.79B,$0.87B,0.91,$1.48B,$0.34B,23.16%,$1.48B,$0.09B,6.14%,$1.48B,$0.09B,6.14%,$1.48B,$0.16B,11.01%,$1.48B,$0.22B,14.65%,$1.48B,$0.14B,9.59%,$0.14B,$0.87B,17.14%,$0.14B,$0.48B,32.14%,$0.14B,$2.81B,5.27%,$0.09B,$1.65B,5.68%,$344,$260,$85,$0,$56,$316,$28,$80,$108,$23,$85,$81,$81,$45,$28,$348,350,$0.23,$0.23,$211,$309,$0,$779,$611,$656,$389,$65,$2025,$2805,$253,$785,$74,$1685,$1938,$1,$839,$-43,$867,$2805,$142,$73,$-91,$-18,$10,$-4,$0,$-16,$-38,$86,$-24,$-8,$0,$-1,$-57,$-57,$0,$-90,$21,$0,$21,$-43,$-43,$-48,$-18,$-88,$-86,$0,$-48
