,Date,Stock Price,Book Value per Share,Price to Book Ratio,TTM Sales per Share,Price to Sales Ratio,TTM FCF per Share,Price to FCF Ratio,TTM Net EPS,PE Ratio,Current Assets,Current Liabilities,Current Ratio,Long Term Debt,Shareholder's Equity_x,Debt to Equity Ratio,TTM Revenue_x,TTM Gross Profit,Gross Margin,TTM Revenue_y,TTM Operating Income,Operating Margin,TTM Revenue_x,TTM EBIT,EBIT Margin,TTM Revenue_y,TTM EBITDA,EBITDA Margin,TTM Revenue_x,TTM Pre-Tax Income,Pre-Tax Margin,TTM Revenue_y,TTM Net Income_x,Net Margin,TTM Net Income_y,Shareholder's Equity_y,Return on Equity,TTM Net Income_x,Tangible Equity,Return on Tangible Equity,TTM Net Income_y,Total Assets,Return on Assets,TTM Net Income,LT Investments & Debt,Return on Investment,revenue,cost-goods-sold,gross-profit,research-development-expenses,selling-general-administrative-expenses,operating-expenses,operating-income,total-non-operating-income-expense,pre-tax-income,total-provision-income-taxes,income-after-taxes,income-from-continuous-operations,net-income,ebitda,ebit,basic-shares-outstanding,shares-outstanding,eps-basic-net-earnings-per-share,eps-earnings-per-share-diluted,cash-on-hand,inventory,other-current-assets,total-current-assets,net-property-plant-equipment,long-term-investments,goodwill-intangible-assets-total,other-long-term-assets,total-long-term-assets,total-assets,total-current-liabilities,long-term-debt,other-non-current-liabilities,total-long-term-liabilities,total-liabilities,common-stock-net,retained-earnings-accumulated-deficit,comprehensive-income,total-share-holder-equity,total-liabilities-share-holders-equity,net-income-loss,total-depreciation-amortization-cash-flow,other-non-cash-items,total-non-cash-items,change-in-accounts-receivable,change-in-inventories,change-in-accounts-payable,change-in-assets-liabilities,total-change-in-assets-liabilities,cash-flow-from-operating-activities,net-change-in-property-plant-equipment,net-change-in-intangible-assets,net-acquisitions-divestitures,net-change-in-short-term-investments,net-change-in-long-term-investments,net-change-in-investments-total,investing-activities-other,cash-flow-from-investing-activities,net-long-term-debt,net-current-debt,debt-issuance-retirement-net-total,net-common-equity-issued-repurchased,net-total-equity-issued-repurchased,total-common-preferred-stock-dividends-paid,financial-activities-other,cash-flow-from-financial-activities,net-cash-flow,stock-based-compensation,common-stock-dividends-paid
0,2018-09-30,33.76,$18.52,1.82,$32.12,1.05,$7.29,4.63,$4.26,7.92,$6.08B,$4.05B,1.5,$9.52B,$7.47B,1.28,$12.94B,$6.06B,46.85%,$12.94B,$2.57B,19.86%,$12.94B,$2.57B,19.86%,$12.94B,$7.57B,58.47%,$12.94B,$2.00B,15.43%,$12.94B,$1.72B,13.28%,$1.72B,$7.47B,24.54%,$1.72B,$-4.46B,-34.66%,$1.72B,$23.78B,7.41%,$2.57B,$16.98B,15.18%,$3485,$1954,$1531,$0,$807,$2840,$645,$-135,$510,$111,$399,$399,$394,$2082,$645,$403,403,$0.98,$0.99,$1557,$896,$0,$6076,$919,$0,$11922,$1018,$17707,$23783,$4054,$9515,$2207,$12264,$16318,$0,$18561,$-737,$7465,$23783,$1759,$4998,$-37,$4961,$-250,$-4606,$0,$3,$-4898,$1822,$-121,$0,$-112,$0,$0,$0,$9,$-224,$-1000,$0,$-1000,$2,$2,$-322,$-90,$-1410,$168,$57,$-322
1,2018-06-30,30.16,$17.54,1.72,$31.76,0.95,$8.87,3.4,$4.95,6.09,$5.57B,$3.30B,1.69,$10.07B,$7.07B,1.42,$12.78B,$5.97B,46.70%,$12.78B,$2.63B,20.58%,$12.78B,$2.63B,20.58%,$12.78B,$7.51B,58.79%,$12.78B,$2.06B,16.11%,$12.78B,$2.00B,15.65%,$2.00B,$7.07B,29.98%,$2.00B,$-4.85B,-37.65%,$2.00B,$23.16B,8.63%,$2.63B,$17.14B,15.48%,$3237,$1681,$1556,$0,$738,$2485,$752,$-145,$607,$93,$514,$514,$522,$1960,$752,$403,403,$1.30,$1.29,$929,$916,$0,$5573,$875,$0,$11921,$941,$17588,$23161,$3297,$10065,$2133,$12793,$16090,$0,$18247,$-811,$7071,$23161,$1352,$3561,$51,$3612,$-211,$0,$0,$-3372,$-3967,$997,$-45,$0,$-90,$0,$0,$0,$7,$-128,$-1000,$0,$-1000,$2,$2,$-241,$-70,$-1309,$-460,$45,$-241
2,2018-03-31,30.85,$17.02,1.81,$32.09,0.96,$8.06,3.83,$5.36,5.75,$5.08B,$3.33B,1.53,$10.07B,$6.85B,1.47,$12.90B,$5.99B,46.40%,$12.90B,$2.62B,20.33%,$12.90B,$2.62B,20.33%,$12.90B,$7.51B,58.22%,$12.90B,$2.37B,18.38%,$12.90B,$2.16B,16.74%,$2.16B,$6.85B,34.47%,$2.16B,$-5.20B,-37.73%,$2.16B,$22.99B,9.33%,$2.62B,$16.92B,15.57%,$3148,$1681,$1467,$0,$771,$2692,$456,$-169,$287,$23,$264,$264,$266,$1709,$456,$403,403,$0.66,$0.66,$417,$965,$0,$5077,$908,$0,$12049,$948,$17917,$22994,$3328,$10069,$2164,$12812,$16140,$0,$17762,$-549,$6854,$22994,$827,$2353,$14,$2367,$-56,$-2376,$0,$4,$-2895,$299,$-20,$0,$-71,$0,$0,$0,$4,$-87,$-1000,$0,$-1000,$2,$2,$-161,$-53,$-1212,$-972,$35,$-161
3,2017-12-31,30.41,$16.47,1.85,$32.42,0.94,$8.41,3.61,$5.00,6.08,$5.01B,$3.54B,1.42,$10.07B,$6.63B,1.52,$13.01B,$5.83B,44.82%,$13.01B,$2.50B,19.21%,$13.01B,$2.50B,19.21%,$13.01B,$7.42B,57.00%,$13.01B,$2.24B,17.21%,$13.01B,$2.02B,15.49%,$2.02B,$6.63B,35.05%,$2.02B,$-5.33B,-32.43%,$2.02B,$22.83B,8.67%,$2.50B,$16.70B,14.83%,$3073,$1563,$1510,$0,$740,$2356,$717,$-124,$593,$42,$551,$551,$537,$1817,$717,$403,403,$1.33,$1.33,$394,$959,$0,$5005,$936,$0,$11965,$947,$17826,$22831,$3538,$10069,$2109,$12662,$16200,$0,$17582,$-576,$6631,$22831,$553,$1100,$-75,$1025,$-93,$0,$0,$-1241,$-1566,$12,$-5,$0,$-2,$0,$0,$0,$2,$-5,$-1000,$100,$-900,$0,$0,$-80,$-22,$-1002,$-995,$14,$-80
4,2017-09-30,27.3,$15.21,1.8,$33.14,0.82,$8.67,3.15,$4.67,5.85,$5.80B,$3.75B,1.55,$11.10B,$6.12B,1.81,$13.26B,$5.83B,43.93%,$13.26B,$2.49B,18.77%,$13.26B,$2.49B,18.77%,$13.26B,$7.45B,56.18%,$13.26B,$2.21B,16.68%,$13.26B,$1.87B,14.13%,$1.87B,$6.12B,35.91%,$1.87B,$-5.86B,-27.82%,$1.87B,$23.70B,8.02%,$2.49B,$17.22B,14.85%,$3319,$1885,$1434,$0,$800,$2614,$705,$-134,$571,$-124,$695,$695,$674,$2025,$705,$400,401,$1.69,$1.68,$1389,$919,$0,$5801,$978,$0,$11978,$959,$17897,$23698,$3753,$11100,$2184,$13826,$17579,$0,$17124,$-618,$6119,$23698,$1922,$4962,$-535,$4427,$-132,$-4412,$0,$74,$-4677,$1672,$653,$0,$-378,$0,$0,$0,$54,$329,$-783,$0,$-783,$172,$172,$-319,$-81,$-1011,$1010,$68,$-319
5,2017-06-30,32.68,$13.57,2.41,$32.97,0.99,$5.88,5.56,$3.64,8.98,$5.13B,$3.80B,1.35,$11.10B,$5.46B,2.03,$13.17B,$5.76B,43.71%,$13.17B,$2.12B,16.07%,$13.17B,$2.12B,16.07%,$13.17B,$7.13B,54.12%,$13.17B,$1.82B,13.81%,$13.17B,$1.45B,11.04%,$1.45B,$5.46B,30.48%,$1.45B,$-6.51B,-20.43%,$1.45B,$23.13B,6.30%,$2.12B,$16.57B,12.82%,$3364,$1788,$1576,$0,$756,$2618,$746,$175,$921,$233,$688,$688,$683,$1962,$746,$402,403,$1.70,$1.70,$425,$930,$0,$5134,$955,$0,$11973,$990,$17992,$23126,$3796,$11103,$2219,$13868,$17664,$0,$16589,$-697,$5462,$23126,$1227,$3642,$-365,$3277,$-504,$0,$0,$-3207,$-3850,$654,$-31,$0,$-358,$0,$0,$0,$645,$256,$-731,$0,$-731,$172,$172,$-239,$-64,$-862,$46,$52,$-239
6,2017-03-31,45.12,$11.92,3.79,$32.42,1.39,$5.13,8.79,$3.03,14.89,$5.13B,$3.56B,1.44,$12.17B,$4.78B,2.55,$12.91B,$5.71B,44.24%,$12.91B,$2.14B,16.56%,$12.91B,$2.14B,16.56%,$12.91B,$7.14B,55.27%,$12.91B,$1.53B,11.87%,$12.91B,$1.20B,9.32%,$1.20B,$4.78B,27.07%,$1.20B,$-7.15B,-16.29%,$1.20B,$23.34B,5.24%,$2.14B,$16.95B,13.24%,$3256,$1944,$1312,$0,$748,$2924,$332,$-178,$154,$26,$128,$128,$121,$1613,$332,$398,400,$0.30,$0.30,$671,$918,$0,$5128,$964,$0,$11934,$1258,$18214,$23342,$3560,$12171,$2336,$14999,$18559,$0,$15987,$-761,$4783,$23342,$536,$2426,$-105,$2321,$-199,$-2048,$0,$53,$-2452,$405,$13,$0,$-343,$0,$0,$0,$49,$-281,$269,$0,$269,$115,$115,$-159,$-34,$191,$292,$50,$-159
7,2016-12-31,33.82,$11.36,2.98,$31.82,1.06,$4.66,7.25,$3.49,9.69,$4.99B,$4.21B,1.19,$11.78B,$4.51B,2.61,$12.66B,$5.75B,45.41%,$12.66B,$2.39B,18.91%,$12.66B,$2.39B,18.91%,$12.66B,$7.24B,57.23%,$12.66B,$1.84B,14.53%,$12.66B,$1.39B,10.94%,$1.39B,$4.51B,32.71%,$1.39B,$-7.42B,-18.34%,$1.39B,$23.31B,6.09%,$2.39B,$16.29B,15.17%,$3324,$1819,$1505,$0,$701,$2618,$706,$-140,$566,$158,$408,$408,$396,$1851,$706,$397,398,$1.00,$1.00,$443,$908,$0,$4989,$976,$0,$11930,$1258,$18323,$23312,$4205,$11783,$2238,$14598,$18803,$0,$15945,$-827,$4509,$23312,$408,$1145,$-27,$1118,$-323,$0,$0,$-999,$-1367,$159,$-52,$0,$-343,$0,$0,$0,$46,$-349,$385,$0,$385,$0,$0,$-79,$-14,$292,$64,$23,$-79
8,2016-09-30,36.5,$10.91,3.35,$31.38,1.16,$4.01,9.09,$3.62,10.08,$4.52B,$3.67B,1.23,$11.90B,$4.33B,2.75,$12.49B,$5.80B,46.48%,$12.49B,$2.53B,20.23%,$12.49B,$2.53B,20.23%,$12.49B,$7.32B,58.58%,$12.49B,$1.99B,15.94%,$12.49B,$1.44B,11.52%,$1.44B,$4.33B,35.54%,$1.44B,$-7.39B,-18.68%,$1.44B,$22.51B,6.39%,$2.53B,$16.23B,16.28%,$3226,$1862,$1364,$0,$771,$2894,$332,$-154,$178,$-83,$261,$261,$254,$1702,$332,$397,398,$0.65,$0.63,$379,$844,$0,$4522,$932,$0,$11715,$1307,$17986,$22508,$3672,$11896,$2018,$14506,$18178,$0,$15628,$-692,$4330,$22508,$1473,$4789,$332,$5121,$149,$-5102,$0,$-41,$-5223,$1371,$-172,$0,$-58,$0,$0,$0,$-69,$-299,$-368,$0,$-368,$-89,$-89,$-635,$-81,$-1173,$-127,$163,$-635
9,2016-06-30,39.51,$10.46,3.78,$32.60,1.21,$6.35,6.22,$5.19,7.61,$4.61B,$4.64B,0.99,$11.00B,$4.15B,2.65,$13.05B,$6.29B,48.21%,$13.05B,$3.25B,24.90%,$13.05B,$3.25B,24.90%,$13.05B,$8.17B,62.62%,$13.05B,$2.68B,20.51%,$13.05B,$2.07B,15.85%,$2.07B,$4.15B,53.53%,$2.07B,$-7.59B,-26.17%,$2.07B,$22.61B,9.22%,$3.25B,$15.15B,21.06%,$3107,$1575,$1532,$0,$708,$2338,$769,$-134,$635,$195,$440,$440,$432,$1971,$769,$397,398,$1.09,$1.09,$192,$829,$0,$4609,$852,$0,$11737,$1301,$17996,$22605,$4635,$10996,$1987,$13818,$18453,$0,$15467,$-630,$4152,$22605,$1210,$3419,$460,$3879,$-137,$0,$0,$-4070,$-4689,$400,$-80,$0,$-59,$0,$0,$0,$0,$-139,$-368,$453,$85,$-90,$-90,$-476,$-64,$-545,$-314,$71,$-476
10,2016-03-31,38.95,$9.96,3.91,$32.42,1.2,$8.01,4.86,$5.57,6.99,$4.73B,$4.47B,1.06,$11.50B,$3.95B,2.91,$13.00B,$6.57B,50.50%,$13.00B,$3.56B,27.41%,$13.00B,$3.56B,27.41%,$13.00B,$8.24B,63.34%,$13.00B,$2.99B,22.98%,$13.00B,$2.23B,17.13%,$2.23B,$3.95B,62.55%,$2.23B,$-7.82B,-27.07%,$2.23B,$22.57B,9.99%,$3.56B,$15.44B,22.88%,$3001,$1654,$1347,$0,$705,$2415,$586,$-126,$460,$151,$309,$309,$303,$1720,$586,$396,397,$0.76,$0.76,$480,$806,$0,$4734,$879,$0,$11769,$1307,$17831,$22565,$4470,$11496,$1900,$14148,$18618,$0,$15192,$-551,$3947,$22565,$770,$2217,$367,$2584,$52,$-2500,$0,$-114,$-3070,$284,$-54,$0,$-44,$0,$0,$0,$0,$-98,$0,$250,$250,$-97,$-97,$-318,$-43,$-208,$-26,$52,$-318
11,2015-12-31,38.44,$9.48,4.05,$32.52,1.18,$8.96,4.29,$4.68,8.21,$4.70B,$4.47B,1.05,$11.49B,$3.76B,3.06,$13.08B,$6.24B,47.71%,$13.08B,$3.02B,23.06%,$13.08B,$3.02B,23.06%,$13.08B,$8.16B,62.43%,$13.08B,$2.43B,18.58%,$13.08B,$1.87B,14.31%,$1.87B,$3.76B,59.32%,$1.87B,$-8.01B,-21.66%,$1.87B,$22.36B,8.47%,$3.02B,$15.25B,19.33%,$3154,$1593,$1561,$0,$667,$2315,$839,$-122,$717,$256,$461,$461,$449,$1922,$839,$397,398,$1.13,$1.13,$327,$808,$0,$4699,$903,$0,$11762,$1232,$17663,$22362,$4468,$11494,$1965,$14138,$18606,$0,$15049,$-577,$3756,$22362,$461,$1083,$296,$1379,$-188,$-1292,$0,$-5,$-1966,$-126,$-26,$0,$-30,$0,$0,$0,$0,$-56,$0,$290,$290,$-99,$-99,$-159,$-22,$10,$-179,$26,$-159
12,2015-09-30,39.9,$9.04,4.41,$32.64,1.22,$9.40,4.25,$4.75,8.4,$4.58B,$3.85B,1.19,$12.27B,$3.60B,3.41,$13.27B,$6.40B,48.24%,$13.27B,$3.11B,23.45%,$13.27B,$3.11B,23.45%,$13.27B,$8.26B,62.25%,$13.27B,$2.50B,18.86%,$13.27B,$1.92B,14.49%,$1.92B,$3.60B,62.82%,$1.92B,$-8.20B,-21.95%,$1.92B,$22.14B,8.60%,$3.11B,$15.87B,19.55%,$3788,$1937,$1851,$0,$742,$2733,$1055,$-190,$865,$-27,$892,$892,$884,$2559,$1055,$402,406,$2.20,$2.19,$506,$786,$0,$4578,$947,$0,$11796,$1206,$17565,$22143,$3853,$12267,$2055,$14691,$18544,$0,$14780,$-534,$3599,$22143,$2002,$5147,$-76,$5071,$124,$0,$0,$-4875,$-4760,$2313,$-142,$0,$-115,$0,$0,$0,$0,$-257,$-410,$0,$-410,$-1402,$-1402,$-564,$-101,$-2477,$-494,$101,$-564
13,2015-06-30,59.26,$7.39,8.02,$32.37,1.83,$9.67,6.13,$4.26,13.91,$4.42B,$3.83B,1.15,$12.82B,$2.94B,4.36,$13.47B,$6.58B,48.81%,$13.47B,$3.22B,23.91%,$13.47B,$3.22B,23.91%,$13.47B,$8.24B,61.17%,$13.47B,$2.65B,19.64%,$13.47B,$1.77B,13.14%,$1.77B,$2.94B,57.16%,$1.77B,$-8.89B,-20.22%,$1.77B,$22.10B,7.84%,$3.22B,$15.76B,20.06%,$3058,$1252,$1806,$0,$666,$1974,$1084,$-138,$946,$301,$645,$645,$591,$2034,$1084,$398,401,$1.49,$1.47,$421,$841,$0,$4415,$937,$0,$11828,$1025,$17680,$22095,$3830,$12816,$1938,$15325,$19155,$0,$14071,$-455,$2940,$22095,$1110,$3643,$11,$3654,$317,$-3885,$0,$-93,$-3684,$1080,$-90,$0,$5,$0,$0,$0,$0,$-85,$390,$0,$390,$-1406,$-1406,$-405,$-86,$-1507,$-579,$72,$-405
14,2015-03-31,62.24,$5.85,10.64,$32.60,1.91,$10.15,6.14,$4.19,14.86,$4.38B,$3.57B,1.23,$13.21B,$2.32B,5.69,$13.83B,$6.63B,47.89%,$13.83B,$3.22B,23.30%,$13.83B,$3.22B,23.30%,$13.83B,$8.37B,60.47%,$13.83B,$2.64B,19.10%,$13.83B,$1.79B,12.93%,$1.79B,$2.32B,52.49%,$1.79B,$-9.46B,-21.51%,$1.79B,$21.76B,7.85%,$3.22B,$15.54B,19.70%,$3078,$2056,$1022,$0,$721,$3040,$38,$-136,$-98,$-50,$-48,$-48,$-53,$1649,$38,$403,403,$-0.13,$-0.13,$306,$787,$0,$4383,$949,$0,$11780,$982,$17374,$21757,$3567,$13213,$2092,$15868,$19435,$0,$13638,$-571,$2322,$21757,$465,$2693,$26,$2719,$329,$-2567,$0,$-18,$-2504,$680,$-64,$0,$5,$0,$0,$0,$0,$-59,$390,$75,$465,$-1380,$-1380,$-273,$-40,$-1228,$-694,$51,$-273
15,2014-12-31,68.25,$8.29,8.23,$32.09,2.13,$10.33,6.61,$5.45,12.52,$5.47B,$4.04B,1.35,$13.15B,$3.38B,3.89,$13.93B,$7.24B,51.97%,$13.93B,$4.06B,29.12%,$13.93B,$4.06B,29.12%,$13.93B,$8.60B,61.71%,$13.93B,$3.47B,24.89%,$13.93B,$2.34B,16.83%,$2.34B,$3.38B,59.60%,$2.34B,$-8.49B,-30.49%,$2.34B,$23.42B,10.05%,$4.06B,$16.52B,24.19%,$3344,$1623,$1721,$0,$731,$2409,$935,$-145,$790,$277,$513,$513,$500,$2017,$935,$411,416,$1.22,$1.20,$1185,$870,$0,$5470,$976,$0,$11867,$1003,$17946,$23416,$4039,$13146,$2120,$16000,$20039,$0,$13828,$-415,$3377,$23416,$513,$1082,$229,$1311,$42,$-1448,$0,$59,$-1768,$56,$-34,$0,$-1,$0,$0,$0,$0,$-35,$990,$0,$990,$-650,$-650,$-137,$-10,$193,$185,$26,$-137
16,2014-09-30,69.47,$9.05,7.68,$31.10,2.23,$10.88,6.38,$5.45,12.75,$5.25B,$3.94B,1.34,$12.68B,$3.75B,3.38,$13.78B,$7.24B,52.54%,$13.78B,$4.08B,29.62%,$13.78B,$4.08B,29.62%,$13.78B,$8.51B,61.71%,$13.78B,$3.51B,25.50%,$13.78B,$2.39B,17.35%,$2.39B,$3.75B,55.76%,$2.39B,$-8.19B,-33.19%,$2.39B,$23.05B,10.32%,$4.08B,$16.43B,24.29%,$3991,$1965,$2026,$0,$765,$2827,$1164,$-156,$1008,$266,$742,$742,$732,$2540,$1164,$432,440,$1.72,$1.70,$1000,$846,$0,$5252,$1016,$0,$11934,$948,$17795,$23047,$3935,$12681,$2202,$15365,$19300,$0,$13465,$-293,$3747,$23047,$2463,$4423,$-163,$4260,$-106,$-4245,$0,$-27,$-4126,$2597,$-123,$0,$-732,$0,$0,$0,$0,$-855,$884,$0,$884,$-3356,$-3356,$-541,$-87,$-3100,$-1403,$122,$-541
17,2014-06-30,77.99,$9.87,7.9,$29.41,2.65,$11.17,6.98,$5.41,14.42,$5.70B,$3.38B,1.69,$12.76B,$4.19B,3.05,$13.44B,$7.22B,53.67%,$13.44B,$4.03B,29.94%,$13.44B,$4.03B,29.94%,$13.44B,$8.34B,62.04%,$13.44B,$3.59B,26.67%,$13.44B,$2.46B,18.32%,$2.46B,$4.19B,52.98%,$2.46B,$-7.14B,-36.77%,$2.46B,$22.95B,10.55%,$4.03B,$16.94B,23.73%,$3421,$1565,$1856,$0,$718,$2335,$1086,$-144,$942,$288,$654,$654,$610,$2160,$1086,$428,436,$1.43,$1.40,$1585,$690,$0,$5704,$998,$0,$11323,$855,$17244,$22948,$3383,$12758,$1935,$15379,$18762,$0,$12878,$-76,$4186,$22948,$1721,$3047,$-134,$2913,$51,$-3239,$0,$-125,$-3271,$1363,$-81,$0,$-5,$0,$0,$0,$0,$-86,$884,$0,$884,$-2522,$-2522,$-401,$-74,$-2113,$-818,$93,$-401
18,2014-03-31,76.13,$10.25,7.43,$29.07,2.62,$12.16,6.26,$5.32,14.31,$6.60B,$3.91B,1.69,$12.76B,$4.42B,2.89,$13.72B,$7.21B,52.54%,$13.72B,$4.02B,29.34%,$13.72B,$4.02B,29.34%,$13.72B,$8.48B,61.85%,$13.72B,$3.62B,26.38%,$13.72B,$2.50B,18.20%,$2.50B,$4.42B,47.05%,$2.50B,$-6.93B,-41.25%,$2.50B,$23.86B,10.74%,$4.02B,$17.18B,24.16%,$3174,$1538,$1636,$0,$712,$2302,$872,$-145,$727,$216,$511,$511,$502,$1879,$872,$436,445,$1.15,$1.13,$2580,$717,$0,$6596,$1011,$0,$11354,$814,$17266,$23862,$3914,$12761,$1994,$15527,$19441,$0,$12410,$-68,$4421,$23862,$1068,$1973,$-53,$1920,$323,$-2168,$0,$-106,$-2175,$813,$-49,$0,$13,$0,$0,$0,$0,$-36,$1485,$0,$1485,$-1755,$-1755,$-271,$-65,$-606,$177,$63,$-271
19,2013-12-31,77.97,$10.92,7.14,$28.20,2.77,$12.89,6.05,$5.15,15.14,$5.45B,$3.22B,1.69,$11.87B,$4.80B,2.47,$13.68B,$7.17B,52.40%,$13.68B,$4.00B,29.24%,$13.68B,$4.00B,29.24%,$13.68B,$8.49B,62.10%,$13.68B,$3.64B,26.60%,$13.68B,$2.47B,18.07%,$2.47B,$4.80B,41.76%,$2.47B,$-6.56B,-45.47%,$2.47B,$22.78B,10.81%,$4.00B,$16.67B,24.53%,$3197,$1474,$1723,$0,$704,$2237,$960,$-123,$837,$280,$557,$557,$547,$1926,$960,$445,454,$1.23,$1.20,$1417,$728,$0,$5447,$1025,$0,$11358,$792,$17331,$22778,$3223,$11868,$2061,$14756,$17979,$0,$12040,$-76,$4799,$22778,$557,$966,$-20,$946,$90,$-1185,$0,$6,$-1210,$293,$-20,$0,$6,$0,$0,$0,$0,$-14,$0,$0,$0,$-959,$-959,$-271,$-37,$-1267,$-986,$32,$-271
20,2013-09-30,74.34,$11.55,6.44,$27.66,2.69,$13.34,5.57,$4.87,15.26,$6.73B,$3.79B,1.78,$11.87B,$5.19B,2.29,$13.79B,$7.00B,50.71%,$13.79B,$3.84B,27.81%,$13.79B,$3.84B,27.81%,$13.79B,$8.44B,61.22%,$13.79B,$3.52B,25.51%,$13.79B,$2.40B,17.36%,$2.40B,$5.19B,36.80%,$2.40B,$-6.17B,-49.33%,$2.40B,$23.83B,10.57%,$3.84B,$17.06B,23.94%,$3652,$1652,$2000,$0,$738,$2545,$1107,$-28,$1079,$267,$812,$812,$804,$2376,$1107,$486,495,$1.69,$1.65,$2403,$770,$0,$6726,$1040,$0,$11358,$760,$17103,$23829,$3790,$11867,$2133,$14849,$18639,$0,$11629,$-101,$5190,$23829,$2437,$4608,$514,$5122,$-423,$-4063,$0,$41,$-4476,$3083,$-160,$0,$124,$0,$0,$0,$-299,$-335,$3732,$0,$3732,$-4261,$-4261,$-555,$-75,$-1159,$1555,$128,$-555
21,2013-06-30,60.29,$14.25,4.23,$26.54,2.27,$11.79,5.11,$4.45,13.55,$5.41B,$3.77B,1.44,$8.89B,$6.81B,1.31,$13.51B,$6.79B,50.31%,$13.51B,$3.78B,27.98%,$13.51B,$3.78B,27.98%,$13.51B,$8.29B,61.36%,$13.51B,$3.38B,25.02%,$13.51B,$2.24B,16.59%,$2.24B,$6.81B,31.69%,$2.24B,$-4.54B,-52.16%,$2.24B,$22.46B,10.07%,$3.78B,$15.71B,24.15%,$3693,$1845,$1848,$0,$705,$2608,$1085,$-110,$975,$309,$666,$666,$643,$2302,$1085,$483,492,$1.33,$1.31,$1144,$794,$0,$5408,$1013,$0,$11354,$768,$17056,$22464,$3769,$8893,$2315,$11883,$15652,$0,$10986,$-276,$6812,$22464,$1627,$3339,$604,$3943,$-383,$-3059,$0,$-103,$-3538,$2032,$-97,$0,$11,$0,$0,$0,$0,$-86,$784,$0,$784,$-1864,$-1864,$-411,$-126,$-1617,$296,$95,$-411
22,2013-03-31,54.23,$14.13,3.84,$25.14,2.16,$10.93,4.96,$4.15,13.07,$5.29B,$3.53B,1.5,$8.92B,$6.88B,1.3,$13.05B,$6.59B,50.47%,$13.05B,$3.60B,27.56%,$13.05B,$3.60B,27.56%,$13.05B,$7.97B,61.04%,$13.05B,$3.21B,24.56%,$13.05B,$2.13B,16.33%,$2.13B,$6.88B,29.46%,$2.13B,$-4.48B,-51.56%,$2.13B,$22.44B,9.63%,$3.60B,$15.79B,23.02%,$3135,$1539,$1596,$0,$689,$2288,$847,$-100,$747,$258,$489,$489,$478,$1890,$847,$492,500,$0.97,$0.96,$1260,$755,$0,$5294,$1023,$0,$11353,$735,$17144,$22438,$3530,$8915,$2486,$12031,$15561,$0,$10488,$-301,$6877,$22438,$965,$2122,$508,$2630,$-18,$-1988,$0,$-49,$-2302,$1293,$-67,$0,$12,$0,$0,$0,$0,$-55,$784,$0,$784,$-1229,$-1229,$-277,$-72,$-794,$412,$60,$-277
23,2012-12-31,46.32,$14.42,3.21,$25.00,1.85,$11.12,4.16,$4.26,10.87,$4.62B,$3.72B,1.24,$8.37B,$7.16B,1.17,$13.25B,$6.68B,50.40%,$13.25B,$3.68B,27.79%,$13.25B,$3.68B,27.79%,$13.25B,$8.13B,61.36%,$13.25B,$3.27B,24.69%,$13.25B,$2.24B,16.90%,$2.24B,$7.16B,29.99%,$2.24B,$-4.23B,-57.16%,$2.24B,$21.90B,10.12%,$3.68B,$15.53B,23.65%,$3314,$1763,$1551,$0,$697,$2517,$797,$-79,$718,$236,$482,$482,$470,$1876,$797,$502,509,$0.94,$0.92,$671,$797,$0,$4623,$1046,$0,$11389,$734,$17274,$21897,$3722,$8371,$2403,$11019,$14741,$0,$10149,$-256,$7156,$21897,$479,$1079,$80,$1159,$-45,$-912,$0,$-37,$-1069,$569,$-36,$0,$-10,$0,$0,$0,$0,$-46,$242,$0,$242,$-627,$-627,$-277,$-33,$-695,$-177,$31,$-277
24,2012-09-30,46.83,$14.67,3.19,$25.58,1.83,$11.15,4.2,$3.72,12.59,$4.85B,$3.83B,1.27,$8.13B,$7.44B,1.09,$13.89B,$6.89B,49.64%,$13.89B,$3.90B,28.09%,$13.89B,$3.90B,28.09%,$13.89B,$8.52B,61.33%,$13.89B,$3.47B,24.99%,$13.89B,$1.98B,14.27%,$1.98B,$7.44B,25.81%,$1.98B,$-3.93B,-53.34%,$1.98B,$22.25B,8.85%,$3.90B,$15.57B,25.27%,$3363,$1564,$1799,$0,$691,$2313,$1050,$-111,$939,$290,$649,$649,$650,$2218,$1050,$531,538,$1.23,$1.23,$848,$832,$0,$4853,$1068,$0,$11373,$751,$17397,$22250,$3830,$8131,$2666,$10981,$14811,$1,$9820,$-264,$7439,$22250,$2021,$4616,$394,$5010,$209,$-4492,$0,$56,$-4533,$2498,$-154,$0,$-18,$0,$0,$0,$-84,$-256,$1224,$-423,$801,$-2541,$-2541,$-554,$-119,$-2413,$-173,$122,$-554
25,2012-06-30,40.87,$14.45,2.83,$26.14,1.56,$10.98,3.72,$3.46,11.81,$4.51B,$3.72B,1.21,$8.15B,$7.47B,1.09,$14.58B,$6.96B,47.77%,$14.58B,$3.78B,25.93%,$14.58B,$3.78B,25.93%,$14.58B,$8.78B,60.23%,$14.58B,$3.34B,22.90%,$14.58B,$1.91B,13.08%,$1.91B,$7.47B,23.91%,$1.91B,$-3.90B,-55.50%,$1.91B,$21.96B,8.47%,$3.78B,$15.62B,24.32%,$3241,$1599,$1642,$0,$682,$2338,$903,$-101,$802,$266,$536,$536,$534,$1983,$903,$524,530,$1.02,$1.01,$774,$817,$0,$4511,$1045,$0,$11370,$712,$17447,$21958,$3716,$8147,$2477,$10769,$14485,$1,$9336,$-232,$7473,$21958,$1365,$3448,$233,$3681,$228,$-3542,$0,$103,$-3310,$1736,$-109,$0,$-19,$0,$0,$0,$-84,$-212,$1224,$-423,$801,$-2031,$-2031,$-411,$-109,$-1750,$-247,$92,$-411
26,2012-03-31,41.01,$14.70,2.79,$26.40,1.55,$10.88,3.77,$3.42,11.99,$4.97B,$4.16B,1.19,$7.76B,$7.79B,1.0,$15.10B,$7.14B,47.29%,$15.10B,$3.86B,25.55%,$15.10B,$3.86B,25.55%,$15.10B,$9.01B,59.65%,$15.10B,$3.44B,22.75%,$15.10B,$1.95B,12.89%,$1.95B,$7.79B,23.19%,$1.95B,$-3.61B,-63.90%,$1.95B,$22.43B,8.61%,$3.86B,$15.55B,24.64%,$3331,$1645,$1686,$0,$695,$2399,$932,$-120,$812,$213,$599,$599,$585,$2053,$932,$538,544,$1.09,$1.07,$1135,$841,$0,$4967,$1048,$0,$11397,$790,$17460,$22427,$4163,$7757,$2564,$10472,$14635,$1,$8947,$-193,$7792,$22427,$818,$2368,$288,$2656,$101,$-2300,$0,$54,$-1970,$1504,$-63,$0,$-17,$0,$0,$0,$0,$-80,$830,$-423,$407,$-1355,$-1355,$-278,$-75,$-1301,$114,$57,$-278
27,2011-12-31,39.03,$14.74,2.65,$25.71,1.52,$10.57,3.69,$2.98,13.1,$5.40B,$5.08B,1.06,$7.02B,$8.00B,0.88,$15.04B,$7.00B,46.56%,$15.04B,$3.69B,24.51%,$15.04B,$3.69B,24.51%,$15.04B,$8.80B,58.53%,$15.04B,$3.20B,21.29%,$15.04B,$1.74B,11.56%,$1.74B,$8.00B,19.79%,$1.74B,$-3.42B,-64.61%,$1.74B,$22.90B,7.67%,$3.69B,$15.02B,23.28%,$3952,$2185,$1767,$0,$689,$2936,$1016,$-99,$917,$316,$601,$601,$212,$2263,$1016,$551,557,$0.39,$0.38,$1147,$858,$0,$5399,$1049,$0,$11422,$773,$17504,$22903,$5082,$7017,$2594,$9818,$14900,$1,$8492,$-204,$8003,$22903,$222,$1247,$332,$1579,$-360,$-1106,$0,$63,$-1174,$627,$-28,$0,$-8,$0,$0,$0,$0,$-36,$840,$-423,$417,$-692,$-692,$-141,$-38,$-454,$126,$29,$-141
28,2011-09-30,33.11,$15.46,2.14,$24.92,1.33,$10.64,3.11,$3.60,9.2,$5.26B,$3.94B,1.34,$7.34B,$8.63B,0.85,$14.91B,$7.05B,47.24%,$14.91B,$3.71B,24.88%,$14.91B,$3.71B,24.88%,$14.91B,$8.79B,58.94%,$14.91B,$3.25B,21.76%,$14.91B,$2.14B,14.32%,$2.14B,$8.63B,23.36%,$2.14B,$-2.82B,-91.01%,$2.14B,$22.80B,9.48%,$3.71B,$15.98B,23.01%,$4053,$2185,$1868,$0,$741,$3124,$929,$-122,$807,$224,$583,$583,$576,$2481,$929,$587,594,$1.01,$0.99,$1021,$828,$0,$5261,$1057,$0,$11456,$788,$17540,$22801,$3942,$7342,$2609,$10226,$14168,$1,$8418,$-164,$8633,$22801,$2173,$5080,$461,$5541,$-398,$-4538,$0,$-42,$-5070,$2644,$-155,$0,$-72,$0,$0,$0,$0,$-227,$206,$423,$629,$-2286,$-2286,$-417,$-153,$-2227,$184,$128,$-417
29,2011-06-30,43.34,$15.87,2.73,$23.55,1.84,$8.16,5.31,$2.91,14.89,$4.88B,$3.58B,1.36,$6.93B,$9.15B,0.76,$14.19B,$6.80B,47.91%,$14.19B,$3.62B,25.50%,$14.19B,$3.62B,25.50%,$14.19B,$6.93B,48.84%,$14.19B,$3.16B,22.28%,$14.19B,$1.75B,12.32%,$1.75B,$9.15B,18.81%,$1.75B,$-2.34B,-79.43%,$1.75B,$22.31B,7.82%,$3.62B,$16.08B,22.44%,$3766,$1945,$1821,$0,$761,$2785,$981,$-82,$899,$310,$589,$589,$574,$2212,$981,$583,592,$0.99,$0.97,$955,$803,$0,$4881,$1040,$0,$11495,$818,$17429,$22310,$3580,$6928,$2397,$9576,$13156,$1,$7985,$-29,$9154,$22310,$1590,$3528,$309,$3837,$-426,$-3177,$0,$-2,$-3591,$1836,$-77,$0,$-58,$0,$0,$0,$0,$-135,$206,$0,$206,$-1561,$-1561,$-272,$29,$-1598,$118,$0,$-272
30,2011-03-31,39.32,$15.87,2.48,$22.54,1.74,$6.97,5.64,$2.63,14.95,$5.19B,$3.84B,1.35,$6.94B,$9.33B,0.74,$13.70B,$6.54B,47.76%,$13.70B,$3.45B,25.20%,$13.70B,$3.45B,25.20%,$13.70B,$6.65B,48.50%,$13.70B,$2.95B,21.52%,$13.70B,$1.60B,11.64%,$1.60B,$9.33B,17.17%,$1.60B,$-2.18B,-69.73%,$1.60B,$22.62B,7.17%,$3.45B,$16.27B,21.56%,$3267,$1721,$1546,$0,$719,$2507,$760,$-181,$579,$197,$382,$382,$376,$1845,$760,$594,601,$0.63,$0.63,$1555,$827,$0,$5190,$1055,$0,$11510,$778,$17425,$22615,$3837,$6935,$2361,$9445,$13282,$1,$7579,$-36,$9333,$22615,$1001,$2297,$199,$2496,$-6,$-2104,$0,$-108,$-2053,$1444,$-42,$0,$-59,$0,$0,$0,$0,$-101,$400,$0,$400,$-852,$-852,$-182,$-3,$-637,$718,$63,$-182
31,2010-12-31,33.37,$15.79,2.11,$21.59,1.55,$5.84,5.71,$2.40,13.9,$4.75B,$3.75B,1.27,$6.72B,$9.45B,0.71,$13.17B,$6.27B,47.59%,$13.17B,$3.25B,24.66%,$13.17B,$3.25B,24.66%,$13.17B,$6.26B,47.57%,$13.17B,$2.77B,21.06%,$13.17B,$1.46B,11.12%,$1.46B,$9.45B,15.97%,$1.46B,$-2.05B,-58.64%,$1.46B,$22.43B,6.66%,$3.25B,$16.17B,20.49%,$3828,$2017,$1811,$0,$700,$2788,$1040,$-80,$960,$331,$629,$629,$610,$2252,$1040,$603,608,$1.01,$1.00,$911,$844,$0,$4752,$1073,$0,$11497,$779,$17677,$22429,$3749,$6722,$2375,$9230,$12979,$1,$7294,$-86,$9450,$22429,$619,$1212,$-44,$1168,$-200,$-1023,$0,$-115,$-1074,$713,$-17,$0,$-59,$0,$0,$0,$0,$-76,$0,$0,$0,$-368,$-368,$-182,$-18,$-568,$74,$30,$-182
32,2010-09-30,30.37,$15.22,2.0,$15.29,1.99,$4.70,6.46,$1.40,21.69,$4.55B,$3.50B,1.3,$6.72B,$9.26B,0.73,$9.34B,$4.45B,47.70%,$9.34B,$2.21B,23.64%,$9.34B,$2.21B,23.64%,$9.34B,$4.01B,42.96%,$9.34B,$1.81B,19.41%,$9.34B,$0.85B,9.15%,$0.85B,$9.26B,12.55%,$0.85B,$-2.24B,-43.03%,$0.85B,$22.10B,5.22%,$2.21B,$15.98B,18.70%,$3330,$1709,$1621,$0,$712,$2493,$837,$-113,$724,$234,$490,$490,$189,$622,$837,$608,610,$0.32,$0.31,$837,$861,$76,$4549,$1102,$0,$11502,$642,$17547,$22096,$3498,$6721,$2487,$9339,$12837,$1,$6775,$-114,$9259,$22096,$864,$3237,$364,$3601,$419,$-3251,$0,$-82,$-3318,$1147,$-105,$0,$-63,$0,$0,$0,$0,$-168,$-276,$-16,$-292,$2,$2,$-91,$-55,$-436,$539,$80,$-91
33,2010-06-30,26.2,$14.98,1.75,$15.29,1.71,$4.07,6.43,$1.85,14.16,$4.28B,$3.78B,1.13,$6.53B,$9.12B,0.72,$9.32B,$4.36B,46.76%,$9.32B,$4.69B,50.27%,$9.32B,$1.37B,14.69%,$9.32B,$7.83B,83.98%,$9.32B,$1.67B,17.88%,$9.32B,$1.13B,12.10%,$1.13B,$9.12B,17.35%,$1.13B,$-2.68B,-46.31%,$1.13B,$21.80B,6.97%,$4.69B,$15.64B,40.73%,$3275,$1710,$1565,$0,$674,$2459,$816,$-131,$685,$247,$438,$438,$420,$1926,$816,$608,611,$0.69,$0.69,$677,$802,$0,$4276,$1091,$0,$11798,$549,$17525,$21801,$3780,$6528,$2229,$8906,$12686,$1,$6650,$-102,$9115,$21801,$1334,$3452,$-506,$2946,$60,$-2921,$0,$-49,$-3078,$1202,$-111,$0,$-101,$0,$0,$0,$-1,$-213,$-278,$-206,$-484,$0,$0,$0,$-68,$-552,$428,$0,$0
34,2010-03-31,28.59,$14.56,1.96,$15.36,1.86,$2.48,11.51,$1.62,17.65,$4.03B,$3.45B,1.17,$6.75B,$8.85B,0.76,$9.35B,$4.15B,44.41%,$9.35B,$4.46B,47.68%,$9.35B,$1.14B,12.20%,$9.35B,$7.62B,81.46%,$9.35B,$1.42B,15.20%,$9.35B,$0.99B,10.54%,$0.99B,$8.85B,16.15%,$0.99B,$-3.01B,-33.87%,$0.99B,$21.61B,6.13%,$4.46B,$15.60B,39.47%,$2732,$1464,$1268,$0,$639,$2178,$554,$-151,$403,$146,$257,$257,$245,$1463,$554,$608,610,$0.40,$0.40,$358,$848,$0,$4029,$1124,$0,$11863,$490,$17577,$21606,$3445,$6745,$2405,$9311,$12756,$1,$6323,$-28,$8850,$21606,$908,$2342,$-499,$1843,$105,$-1916,$0,$-54,$-1934,$817,$-81,$0,$-78,$0,$0,$0,$-1,$-160,$-278,$-206,$-484,$0,$0,$0,$-60,$-544,$109,$0,$0
35,2009-12-31,24.73,$0.00,0.0,$15.66,1.58,$1.50,16.48,$1.51,16.37,$0.00B,$0.00B,0.0,$0.00B,$0.00B,0.0,$9.52B,$4.04B,42.43%,$9.52B,$4.35B,45.64%,$9.52B,$1.03B,10.80%,$9.52B,$6.59B,69.26%,$9.52B,$1.30B,13.64%,$9.52B,$0.92B,9.63%,$0.92B,$0.00B,16.22%,$0.92B,$0.00B,-26.86%,$0.92B,$0.00B,5.73%,$4.35B,$0.00B,39.59%,$0,$0,$0,$0,$0,$0,$0,$0,$0,$0,$0,$0,$0,$0,$0,$0,0,$0.00,$0.00,$0,$0,$0,$0,$0,$0,$0,$0,$0,$0,$0,$0,$0,$0,$0,$0,$0,$0,$0,$0,$0,$0,$0,$0,$0,$0,$0,$0,$0,$0,$0,$0,$0,$0,$0,$0,$0,$0,$0,$0,$0,$0,$0,$0,$0,$0,$0,$0,$0
36,2009-09-30,23.32,$13.24,1.76,$15.66,1.49,$1.50,15.54,$1.51,15.44,$3.61B,$3.71B,0.97,$6.75B,$8.04B,0.84,$9.52B,$4.04B,42.43%,$9.52B,$4.35B,45.64%,$9.52B,$1.03B,10.80%,$9.52B,$6.59B,69.26%,$9.52B,$1.30B,13.64%,$9.52B,$0.92B,9.63%,$0.92B,$8.04B,16.22%,$0.92B,$-4.05B,-26.86%,$0.92B,$21.31B,5.73%,$4.35B,$14.80B,39.59%,$3317,$1790,$1527,$0,$0,$0,$3317,$0,$579,$133,$0,$446,$463,$4441,$0,$607,609,$0.76,$0.76,$249,$854,$0,$3605,$1042,$0,$12091,$576,$17702,$21307,$3707,$6751,$2353,$9556,$13263,$1,$5408,$89,$8044,$21307,$927,$3241,$65,$3306,$567,$-3201,$0,$-147,$-3501,$732,$-75,$0,$-42,$0,$0,$0,$0,$-117,$-708,$-444,$-1152,$-7,$-7,$-10,$0,$-1169,$-543,$71,$-10
37,2009-06-30,18.88,$12.36,1.53,$15.71,1.2,$1.04,18.1,$1.40,13.49,$3.54B,$3.96B,0.89,$7.28B,$7.51B,0.97,$9.61B,$3.98B,41.36%,$9.61B,$4.44B,46.15%,$9.61B,$1.03B,10.69%,$9.61B,$6.74B,70.12%,$9.61B,$1.23B,12.81%,$9.61B,$0.86B,8.90%,$0.86B,$7.51B,15.75%,$0.86B,$-4.57B,-23.41%,$0.86B,$21.40B,5.22%,$4.44B,$14.78B,39.36%,$3299,$1943,$1356,$0,$657,$2713,$586,$-147,$439,$158,$281,$281,$277,$1711,$586,$607,608,$0.46,$0.46,$250,$869,$0,$3535,$1065,$0,$12082,$566,$17860,$21395,$3962,$7275,$2382,$9924,$13886,$1,$4947,$47,$7509,$21395,$461,$2117,$-73,$2044,$565,$-2345,$0,$60,$-2345,$160,$-40,$0,$-40,$0,$0,$0,$0,$-80,$-2499,$1917,$-582,$0,$0,$0,$-46,$-628,$-542,$0,$0
38,2009-03-31,14.45,$11.63,1.24,$16.41,0.88,$0.56,25.74,$1.59,9.09,$3.34B,$4.07B,0.82,$7.27B,$7.06B,1.03,$10.17B,$4.24B,41.68%,$10.17B,$4.64B,45.64%,$10.17B,$1.23B,12.13%,$10.17B,$7.11B,69.95%,$10.17B,$1.44B,14.15%,$10.17B,$0.99B,9.69%,$0.99B,$7.06B,18.58%,$0.99B,$-5.04B,-25.94%,$0.99B,$21.28B,5.88%,$4.64B,$14.32B,40.05%,$2905,$1748,$1157,$0,$633,$2463,$442,$-161,$281,$101,$180,$180,$177,$442,$442,$607,607,$0.29,$0.29,$259,$923,$0,$3340,$1080,$0,$12095,$549,$17940,$21280,$4070,$7267,$2687,$10153,$14223,$1,$4673,$-114,$7057,$21280,$180,$992,$91,$1083,$669,$-1278,$0,$-20,$-1113,$150,$-14,$0,$-40,$0,$0,$0,$0,$-54,$-1201,$600,$-601,$0,$0,$0,$-21,$-622,$-533,$22,$0
39,2008-12-31,15.85,$0.00,0.0,$16.49,0.96,$0.34,46.31,$1.72,9.22,$0.00B,$0.00B,0.0,$0.00B,$0.00B,0.0,$10.38B,$4.39B,42.28%,$10.38B,$4.77B,45.92%,$10.38B,$1.36B,13.09%,$10.38B,$7.24B,69.73%,$10.38B,$1.60B,15.40%,$10.38B,$1.08B,10.38%,$1.08B,$0.00B,20.38%,$1.08B,$0.00B,-28.33%,$1.08B,$0.00B,6.33%,$4.77B,$0.00B,40.17%,$0,$0,$0,$0,$0,$0,$0,$0,$0,$0,$0,$0,$0,$0,$0,$0,0,$0.00,$0.00,$0,$0,$0,$0,$0,$0,$0,$0,$0,$0,$0,$0,$0,$0,$0,$0,$0,$0,$0,$0,$0,$0,$0,$0,$0,$0,$0,$0,$0,$0,$0,$0,$0,$0,$0,$0,$0,$0,$0,$0,$0,$0,$0,$0,$0,$0,$0,$0,$0
40,2008-09-30,20.66,$11.62,1.78,$16.49,1.25,$0.34,60.35,$1.72,12.01,$4.17B,$4.18B,1.0,$8.82B,$7.15B,1.23,$10.38B,$4.39B,42.28%,$10.38B,$4.77B,45.92%,$10.38B,$1.36B,13.09%,$10.38B,$7.24B,69.73%,$10.38B,$1.60B,15.40%,$10.38B,$1.08B,10.38%,$1.08B,$7.15B,20.38%,$1.08B,$-5.00B,-28.33%,$1.08B,$22.82B,6.33%,$4.77B,$15.97B,40.17%,$3408,$1945,$1463,$0,$0,$0,$3408,$0,$511,$122,$0,$389,$401,$4587,$0,$619,619,$0.65,$0.65,$525,$1002,$0,$4169,$1217,$0,$12149,$631,$18646,$22815,$4183,$8819,$2472,$11482,$15665,$1,$4485,$86,$7150,$22815,$1090,$3466,$203,$3669,$550,$-3953,$0,$-101,$-4139,$620,$-235,$0,$-293,$0,$0,$0,$13,$-515,$-83,$715,$632,$-1107,$-1107,$-3,$0,$-478,$-395,$70,$-3
41,2008-06-30,25.4,$11.23,2.26,$15.88,1.6,$1.15,22.09,$2.03,12.51,$4.37B,$4.42B,0.99,$9.07B,$6.99B,1.3,$10.25B,$4.53B,44.19%,$10.25B,$4.63B,45.19%,$10.25B,$1.36B,13.27%,$10.25B,$7.03B,68.61%,$10.25B,$1.78B,17.37%,$10.25B,$1.32B,12.86%,$1.32B,$6.99B,25.03%,$1.32B,$-5.15B,-34.98%,$1.32B,$22.89B,7.91%,$4.63B,$16.07B,40.12%,$3857,$2238,$1619,$0,$730,$3065,$792,$-145,$647,$237,$410,$410,$407,$2085,$792,$629,630,$0.65,$0.65,$737,$891,$0,$4365,$1253,$0,$12144,$684,$18523,$22888,$4422,$9072,$2294,$11472,$15894,$1,$4084,$148,$6994,$22888,$685,$2287,$38,$2325,$478,$-2765,$0,$-94,$-3007,$3,$-182,$0,$-36,$0,$-29,$-29,$13,$-234,$-55,$960,$905,$-861,$-861,$-2,$0,$42,$-183,$42,$-2
42,2008-03-31,32.95,$11.06,2.98,$14.39,2.29,$2.49,13.25,$2.01,16.39,$4.10B,$4.50B,0.91,$8.42B,$7.02B,1.2,$9.57B,$4.33B,45.21%,$9.57B,$4.54B,47.42%,$9.57B,$1.27B,13.25%,$9.57B,$6.57B,68.64%,$9.57B,$1.84B,19.21%,$9.57B,$1.35B,14.05%,$1.35B,$7.02B,25.31%,$1.35B,$-5.07B,-36.97%,$1.35B,$22.38B,8.31%,$4.54B,$15.44B,40.82%,$3117,$1809,$1308,$0,$649,$2550,$567,$-126,$441,$167,$274,$274,$270,$567,$567,$640,641,$0.42,$0.42,$812,$807,$0,$4097,$1228,$0,$12093,$700,$18279,$22376,$4504,$8419,$2304,$10853,$15357,$1,$3677,$156,$7019,$22376,$274,$994,$28,$1022,$777,$-1346,$0,$-128,$-1205,$91,$-88,$0,$-8,$0,$-9,$-9,$0,$-105,$-31,$362,$331,$-429,$-429,$0,$0,$-98,$-108,$20,$0
43,2007-12-31,36.53,$0.00,0.0,$13.44,2.72,$2.93,12.49,$1.88,19.43,$0.00B,$0.00B,0.0,$0.00B,$0.00B,0.0,$9.18B,$4.18B,45.53%,$9.18B,$4.41B,48.11%,$9.18B,$1.14B,12.46%,$9.18B,$6.45B,70.26%,$9.18B,$1.73B,18.84%,$9.18B,$1.28B,13.93%,$1.28B,$0.00B,23.79%,$1.28B,$0.00B,-35.99%,$1.28B,$0.00B,8.07%,$4.41B,$0.00B,40.48%,$0,$0,$0,$0,$0,$0,$0,$0,$0,$0,$0,$0,$0,$0,$0,$0,0,$0.00,$0.00,$0,$0,$0,$0,$0,$0,$0,$0,$0,$0,$0,$0,$0,$0,$0,$0,$0,$0,$0,$0,$0,$0,$0,$0,$0,$0,$0,$0,$0,$0,$0,$0,$0,$0,$0,$0,$0,$0,$0,$0,$0,$0,$0,$0,$0,$0,$0,$0,$0
44,2007-09-30,32.41,$10.71,3.03,$13.44,2.41,$2.93,11.08,$1.88,17.24,$3.59B,$4.20B,0.85,$7.61B,$7.05B,1.08,$9.18B,$4.18B,45.53%,$9.18B,$4.41B,48.11%,$9.18B,$1.14B,12.46%,$9.18B,$6.45B,70.26%,$9.18B,$1.73B,18.84%,$9.18B,$1.28B,13.93%,$1.28B,$7.05B,23.79%,$1.28B,$-4.85B,-35.99%,$1.28B,$21.37B,8.07%,$4.41B,$14.66B,40.48%,$3271,$1671,$1600,$0,$0,$0,$3271,$0,$692,$237,$0,$450,$641,$4377,$0,$667,668,$0.96,$0.96,$373,$681,$0,$3590,$1184,$0,$11899,$644,$17780,$21370,$4204,$7605,$2274,$10114,$14318,$1,$2848,$82,$7051,$21370,$1278,$2782,$-218,$2564,$334,$-2886,$0,$219,$-2739,$1103,$-148,$0,$178,$0,$-34,$-34,$332,$328,$-49,$-74,$-123,$-1470,$-1470,$-170,$0,$-1763,$-333,$64,$-170
45,2007-06-30,34.62,$10.59,3.27,$12.27,2.82,$2.51,13.81,$1.42,24.38,$3.68B,$4.27B,0.86,$7.21B,$7.19B,1.0,$8.54B,$3.93B,46.06%,$8.54B,$1.80B,21.05%,$8.54B,$1.80B,21.05%,$8.54B,$3.50B,40.95%,$8.54B,$1.57B,18.34%,$8.54B,$0.99B,11.64%,$0.99B,$7.19B,18.52%,$0.99B,$-4.63B,-28.30%,$0.99B,$21.03B,6.32%,$1.80B,$14.40B,16.29%,$3186,$1766,$1420,$0,$620,$2484,$702,$4,$706,$268,$438,$433,$434,$1628,$702,$686,688,$0.63,$0.63,$420,$642,$25,$3676,$1183,$0,$11817,$532,$17349,$21025,$4272,$7212,$2129,$9567,$13838,$1,$2206,$65,$7186,$21025,$637,$1676,$-11,$1665,$279,$-1580,$0,$202,$-1497,$805,$-81,$0,$182,$0,$-24,$-24,$0,$77,$-32,$-348,$-380,$-619,$-619,$-170,$0,$-1169,$-286,$42,$-170
46,2007-03-31,34.19,$10.50,3.26,$11.55,2.96,$2.16,15.85,$1.40,24.42,$3.48B,$3.94B,0.88,$7.31B,$7.25B,1.01,$8.17B,$3.78B,46.21%,$8.17B,$1.76B,21.51%,$8.17B,$1.76B,21.51%,$8.17B,$3.24B,39.61%,$8.17B,$1.42B,17.37%,$8.17B,$1.00B,12.20%,$1.00B,$7.25B,18.83%,$1.00B,$-4.73B,-28.65%,$1.00B,$20.96B,6.44%,$1.76B,$14.56B,15.90%,$2718,$1561,$1157,$0,$620,$2277,$441,$-110,$331,$126,$205,$202,$203,$441,$441,$692,694,$0.29,$0.29,$398,$661,$0,$3480,$1198,$0,$11975,$538,$17484,$20964,$3940,$7310,$2250,$9776,$13715,$1,$1772,$56,$7249,$20964,$203,$750,$47,$797,$472,$-720,$0,$124,$-651,$349,$-41,$0,$-9,$0,$-14,$-14,$0,$-64,$-15,$-262,$-277,$-145,$-145,$-170,$0,$-592,$-308,$24,$-170
47,2006-12-31,34.12,$0.00,0.0,$10.84,3.15,$2.21,15.43,$1.54,22.16,$0.00B,$0.00B,0.0,$0.00B,$0.00B,0.0,$7.82B,$3.82B,48.87%,$7.82B,$1.94B,24.81%,$7.82B,$1.94B,24.81%,$7.82B,$3.69B,47.16%,$7.82B,$1.62B,20.69%,$7.82B,$1.11B,14.21%,$1.11B,$0.00B,21.21%,$1.11B,$0.00B,-33.25%,$1.11B,$0.00B,7.17%,$1.94B,$0.00B,17.47%,$0,$0,$0,$0,$0,$0,$0,$0,$0,$0,$0,$0,$0,$0,$0,$0,0,$0.00,$0.00,$0,$0,$0,$0,$0,$0,$0,$0,$0,$0,$0,$0,$0,$0,$0,$0,$0,$0,$0,$0,$0,$0,$653,$0,$0,$0,$0,$0,$0,$0,$0,$0,$0,$0,$0,$0,$0,$0,$0,$0,$0,$0,$0,$-206,$0,$0,$0,$0,$-206
