,Date,Stock Price,Book Value per Share,Price to Book Ratio,TTM Sales per Share,Price to Sales Ratio,TTM FCF per Share,Price to FCF Ratio,TTM Net EPS,PE Ratio,Current Assets,Current Liabilities,Current Ratio,Long Term Debt,Shareholder's Equity_x,Debt to Equity Ratio,TTM Revenue_x,TTM Gross Profit,Gross Margin,TTM Revenue_y,TTM Operating Income,Operating Margin,TTM Revenue_x,TTM EBIT,EBIT Margin,TTM Revenue_y,TTM EBITDA,EBITDA Margin,TTM Revenue_x,TTM Pre-Tax Income,Pre-Tax Margin,TTM Revenue_y,TTM Net Income_x,Net Margin,TTM Net Income_y,Shareholder's Equity_y,Return on Equity,TTM Net Income_x,Tangible Equity,Return on Tangible Equity,TTM Net Income_y,Total Assets,Return on Assets,TTM Net Income,LT Investments & Debt,Return on Investment,revenue,cost-goods-sold,gross-profit,research-development-expenses,selling-general-administrative-expenses,operating-expenses,operating-income,total-non-operating-income-expense,pre-tax-income,total-provision-income-taxes,income-after-taxes,income-from-continuous-operations,net-income,ebitda,ebit,basic-shares-outstanding,shares-outstanding,eps-basic-net-earnings-per-share,eps-earnings-per-share-diluted,cash-on-hand,inventory,other-current-assets,total-current-assets,net-property-plant-equipment,long-term-investments,goodwill-intangible-assets-total,other-long-term-assets,total-long-term-assets,total-assets,total-current-liabilities,long-term-debt,other-non-current-liabilities,total-long-term-liabilities,total-liabilities,common-stock-net,retained-earnings-accumulated-deficit,comprehensive-income,total-share-holder-equity,total-liabilities-share-holders-equity,net-income-loss,total-depreciation-amortization-cash-flow,other-non-cash-items,total-non-cash-items,change-in-accounts-receivable,change-in-inventories,change-in-accounts-payable,change-in-assets-liabilities,total-change-in-assets-liabilities,cash-flow-from-operating-activities,net-change-in-property-plant-equipment,net-change-in-intangible-assets,net-acquisitions-divestitures,net-change-in-short-term-investments,net-change-in-long-term-investments,net-change-in-investments-total,investing-activities-other,cash-flow-from-investing-activities,net-long-term-debt,net-current-debt,debt-issuance-retirement-net-total,net-common-equity-issued-repurchased,net-total-equity-issued-repurchased,total-common-preferred-stock-dividends-paid,financial-activities-other,cash-flow-from-financial-activities,net-cash-flow,stock-based-compensation,common-stock-dividends-paid
0,2018-09-30,9.73,$10.75,0.91,$7.38,1.32,$1.37,7.12,$1.00,9.73,$4.53B,$5.01B,0.91,$1.22B,$18.15B,0.07,$12.46B,$6.03B,48.43%,$12.46B,$1.77B,14.23%,$12.46B,$1.77B,14.23%,$12.46B,$3.31B,26.56%,$12.46B,$3.15B,25.30%,$12.46B,$2.50B,20.03%,$2.50B,$18.15B,12.26%,$2.50B,$7.38B,31.27%,$2.50B,$26.50B,8.39%,$1.77B,$19.37B,8.12%,$2734,$1296,$1438,$0,$962,$2037,$697,$165,$862,$55,$807,$807,$807,$1117,$697,$1689,1689,$0.48,$0.48,$970,$117,$166,$4534,$8670,$34,$10773,$1001,$21967,$26501,$5007,$1218,$1491,$3343,$8350,$16147,$1687,$9,$18151,$26501,$2459,$1536,$756,$2291,$-383,$-20,$251,$-2596,$-2882,$1867,$-1496,$0,$0,$0,$0,$0,$687,$-809,$-641,$0,$-641,$0,$0,$-509,$6,$-1144,$-85,$0,$-509
1,2018-06-30,11.8,$11.71,1.01,$7.79,1.51,$1.15,10.3,$1.23,9.6,$4.92B,$5.44B,0.9,$1.38B,$19.78B,0.07,$13.17B,$6.97B,52.91%,$13.17B,$1.62B,12.28%,$13.17B,$1.62B,12.28%,$13.17B,$2.73B,20.76%,$13.17B,$2.78B,21.09%,$13.17B,$2.08B,15.76%,$2.08B,$19.78B,9.74%,$2.08B,$7.89B,25.31%,$2.08B,$29.12B,6.65%,$1.62B,$21.17B,7.08%,$3012,$1476,$1536,$0,$1103,$2124,$888,$409,$1297,$416,$881,$881,$881,$1388,$888,$1689,1689,$0.52,$0.52,$1263,$137,$165,$4915,$9316,$55,$11890,$1448,$24207,$29122,$5441,$1383,$1848,$3899,$9340,$17692,$1057,$9,$19782,$29122,$1749,$1116,$2,$1118,$-302,$-33,$250,$-1322,$-1497,$1367,$-1037,$0,$0,$377,$0,$377,$0,$-660,$-610,$0,$-610,$0,$0,$-0,$9,$-601,$106,$0,$-0
2,2018-03-31,14.85,$12.86,1.15,$7.98,1.86,$1.26,11.82,$0.87,17.07,$5.52B,$5.46B,1.01,$1.61B,$21.71B,0.07,$13.49B,$7.20B,53.38%,$13.49B,$1.22B,9.04%,$13.49B,$1.22B,9.04%,$13.49B,$2.43B,18.03%,$13.49B,$1.89B,14.00%,$13.49B,$1.47B,10.87%,$1.47B,$21.71B,6.75%,$1.47B,$8.46B,17.96%,$1.47B,$31.53B,4.58%,$1.22B,$23.32B,5.23%,$3326,$1548,$1778,$0,$1467,$3684,$-358,$-53,$501,$162,$339,$339,$339,$258,$-358,$1689,1689,$0.23,$0.23,$1369,$157,$217,$5522,$10209,$58,$13252,$2038,$26012,$31533,$5461,$1606,$2365,$4361,$9822,$19599,$295,$7,$21711,$31533,$501,$616,$287,$903,$-254,$-47,$114,$-304,$-494,$908,$-647,$0,$0,$0,$0,$0,$-2,$-648,$-173,$0,$-173,$0,$0,$0,$7,$-166,$94,$0,$0
3,2017-12-31,14.34,$12.88,1.11,$8.01,1.79,$1.08,13.26,$0.86,16.67,$5.24B,$5.60B,0.94,$1.70B,$21.76B,0.08,$13.53B,$7.18B,53.08%,$13.53B,$2.08B,15.35%,$13.53B,$2.08B,15.35%,$13.53B,$3.29B,24.33%,$13.53B,$1.80B,13.26%,$13.53B,$1.44B,10.67%,$1.44B,$21.76B,6.61%,$1.44B,$8.18B,17.84%,$1.44B,$31.75B,4.46%,$2.08B,$23.46B,8.83%,$3384,$2103,$1281,$0,$1287,$2839,$545,$-54,$491,$24,$468,$468,$468,$545,$545,$1689,1689,$0.23,$0.31,$1296,$109,$202,$5240,$10405,$56,$13572,$2045,$26513,$31753,$5595,$1700,$2371,$4403,$9998,$19911,$0,$7,$21755,$31753,$1795,$2460,$1226,$3685,$-399,$33,$38,$-977,$-1520,$3959,$-2614,$0,$-65,$10,$0,$10,$26,$-2643,$-448,$0,$-448,$-0,$-0,$-1149,$-50,$-1647,$-330,$0,$-1149
4,2017-09-30,14.98,$13.02,1.15,$7.91,1.9,$1.09,13.73,$0.80,18.73,$5.91B,$6.16B,0.96,$1.47B,$21.99B,0.07,$13.35B,$7.66B,57.32%,$13.35B,$2.08B,15.55%,$13.35B,$2.08B,15.55%,$13.35B,$3.68B,27.59%,$13.35B,$1.75B,13.13%,$13.35B,$1.34B,10.03%,$1.34B,$21.99B,6.27%,$1.34B,$8.26B,17.13%,$1.34B,$32.35B,4.22%,$2.08B,$23.46B,9.05%,$3443,$1072,$2371,$0,$1168,$2901,$542,$-54,$488,$102,$387,$387,$387,$542,$542,$1691,1691,$0.23,$0.23,$1788,$120,$209,$5905,$10254,$57,$13727,$2069,$26448,$32353,$6160,$1470,$2349,$4207,$10367,$20108,$704,$6,$21987,$32353,$0,$0,$0,$0,$0,$0,$0,$0,$0,$0,$0,$0,$0,$0,$0,$0,$0,$0,$0,$0,$0,$0,$0,$0,$0,$0,$0,$0,$0
5,2017-06-30,12.74,$12.66,1.01,$7.82,1.63,$1.71,7.47,$0.74,17.22,$6.62B,$6.92B,0.96,$1.52B,$21.40B,0.07,$13.21B,$6.96B,52.66%,$13.21B,$1.98B,14.97%,$13.21B,$1.98B,14.97%,$13.21B,$4.28B,32.42%,$13.21B,$1.62B,12.25%,$13.21B,$1.25B,9.44%,$1.25B,$21.40B,5.89%,$1.25B,$7.75B,16.40%,$1.25B,$32.53B,3.96%,$1.98B,$22.92B,8.69%,$3334,$1564,$1770,$0,$1216,$2845,$490,$-82,$408,$135,$272,$272,$272,$1087,$490,$1689,1689,$0.16,$0.16,$2348,$122,$236,$6624,$9916,$55,$13647,$2017,$25904,$32528,$6921,$1522,$2364,$4207,$11127,$19815,$409,$7,$21401,$32528,$807,$1216,$684,$1900,$-241,$16,$-11,$-816,$-1107,$1602,$-1086,$0,$0,$0,$0,$0,$-15,$-1101,$255,$0,$255,$-0,$-0,$-0,$-25,$229,$730,$0,$-0
6,2017-03-31,13.63,$13.14,1.04,$7.63,1.79,$1.77,7.72,$0.70,19.48,$6.37B,$6.00B,1.06,$2.03B,$22.21B,0.09,$12.88B,$6.67B,51.82%,$12.88B,$1.84B,14.32%,$12.88B,$1.84B,14.32%,$12.88B,$4.17B,32.34%,$12.88B,$1.48B,11.48%,$12.88B,$1.18B,9.12%,$1.18B,$22.21B,5.68%,$1.18B,$8.18B,16.04%,$1.18B,$32.90B,3.84%,$1.84B,$24.24B,8.23%,$3371,$1610,$1761,$0,$1208,$2871,$500,$-92,$408,$91,$317,$317,$317,$1118,$500,$1689,1689,$0.19,$0.19,$2025,$127,$209,$6371,$10082,$54,$14031,$2070,$26527,$32898,$6004,$2027,$2425,$4683,$10687,$20235,$169,$5,$22211,$32898,$408,$619,$375,$994,$-50,$8,$-70,$-716,$-870,$532,$-566,$0,$0,$-47,$0,$-47,$0,$-614,$454,$0,$454,$0,$0,$-0,$3,$457,$376,$0,$-0
7,2016-12-31,12.15,$11.74,1.04,$7.22,1.68,$1.81,6.7,$0.70,17.36,$5.28B,$5.86B,0.9,$1.31B,$19.85B,0.07,$12.19B,$6.22B,51.01%,$12.19B,$1.83B,14.98%,$12.19B,$1.83B,14.98%,$12.19B,$4.02B,32.99%,$12.19B,$1.47B,12.08%,$12.19B,$1.17B,9.61%,$1.17B,$19.85B,5.98%,$1.17B,$7.10B,17.16%,$1.17B,$29.26B,4.05%,$1.83B,$21.16B,8.57%,$3206,$1453,$1753,$0,$1177,$2662,$544,$-94,$450,$86,$364,$364,$364,$937,$544,$1689,1689,$0.22,$0.22,$1483,$118,$213,$5275,$9153,$47,$12753,$1802,$23987,$29262,$5860,$1308,$2096,$3550,$9410,$18226,$0,$3,$19852,$29262,$1472,$2195,$1088,$3283,$-499,$66,$-203,$-676,$-1475,$3280,$-1919,$0,$0,$0,$0,$0,$-58,$-1977,$-489,$0,$-489,$-0,$-0,$-850,$-31,$-1370,$-66,$0,$-850
8,2016-09-30,13.03,$12.54,1.04,$7.25,1.8,$1.65,7.91,$0.65,20.05,$5.69B,$6.30B,0.9,$1.58B,$21.18B,0.08,$11.86B,$5.91B,49.84%,$11.86B,$1.68B,14.20%,$11.86B,$1.68B,14.20%,$11.86B,$4.16B,35.04%,$11.86B,$1.37B,11.56%,$11.86B,$1.11B,9.37%,$1.11B,$21.18B,5.59%,$1.11B,$7.38B,16.34%,$1.11B,$31.38B,3.78%,$1.68B,$22.77B,7.71%,$3299,$1627,$1672,$0,$1183,$2855,$444,$-91,$352,$58,$294,$294,$294,$1141,$444,$1689,1689,$0.17,$0.17,$1807,$154,$222,$5687,$9478,$60,$13806,$1911,$25690,$31377,$6299,$1582,$2119,$3896,$10194,$19612,$430,$3,$21183,$31377,$1123,$1801,$937,$2738,$-395,$41,$-90,$-566,$-1207,$2506,$-1467,$0,$0,$0,$0,$0,$-52,$-1518,$-495,$0,$-495,$0,$0,$-330,$-21,$-846,$141,$0,$-330
9,2016-06-30,12.22,$11.55,1.06,$7.08,1.73,$1.16,10.51,$0.63,19.4,$5.30B,$5.41B,0.98,$2.00B,$19.51B,0.1,$11.58B,$5.72B,49.42%,$11.58B,$1.62B,13.99%,$11.58B,$1.62B,13.99%,$11.58B,$3.80B,32.77%,$11.58B,$1.33B,11.45%,$11.58B,$1.07B,9.24%,$1.07B,$19.51B,5.53%,$1.07B,$6.65B,16.39%,$1.07B,$29.00B,3.72%,$1.62B,$21.51B,7.56%,$3002,$1514,$1488,$0,$1087,$2646,$356,$-87,$269,$69,$200,$200,$200,$969,$356,$1689,1689,$0.12,$0.12,$1643,$137,$199,$5295,$8658,$53,$12860,$1728,$23707,$29002,$5413,$1995,$1934,$4077,$9490,$18156,$303,$-0,$19512,$29002,$714,$1104,$522,$1627,$-257,$41,$-139,$-428,$-888,$1440,$-824,$0,$0,$-34,$0,$-34,$0,$-858,$-466,$0,$-466,$0,$0,$-0,$-19,$-485,$97,$0,$-0
10,2016-03-31,10.92,$10.53,1.04,$7.54,1.45,$0.81,13.46,$0.69,15.82,$4.62B,$4.42B,1.05,$1.95B,$17.81B,0.11,$11.83B,$5.83B,49.30%,$11.83B,$1.67B,14.15%,$11.83B,$1.67B,14.15%,$11.83B,$3.75B,31.72%,$11.83B,$1.41B,11.92%,$11.83B,$1.15B,9.75%,$1.15B,$17.81B,5.78%,$1.15B,$6.16B,17.39%,$1.15B,$26.02B,3.86%,$1.67B,$19.76B,7.57%,$2681,$1377,$1304,$0,$925,$2199,$482,$-81,$401,$87,$313,$313,$313,$974,$482,$1689,1689,$0.19,$0.19,$1069,$131,$389,$4624,$7771,$53,$11646,$1561,$21396,$26020,$4419,$1954,$1698,$3792,$8211,$16338,$191,$1,$17809,$26020,$401,$492,$136,$628,$-74,$27,$-49,$-352,$-498,$528,$-482,$0,$0,$0,$0,$0,$-30,$-512,$-344,$0,$-344,$-0,$-0,$-0,$2,$-343,$-326,$0,$-0
11,2015-12-31,7.81,$12.40,0.63,$8.76,0.89,$0.55,14.08,$0.67,11.66,$5.47B,$5.49B,1.0,$2.41B,$20.93B,0.12,$12.30B,$6.09B,49.49%,$12.30B,$1.60B,13.01%,$12.30B,$1.60B,13.01%,$12.30B,$3.68B,29.92%,$12.30B,$1.34B,10.90%,$12.30B,$1.04B,8.49%,$1.04B,$20.93B,5.41%,$1.04B,$7.01B,16.94%,$1.04B,$31.04B,3.51%,$1.60B,$23.34B,7.46%,$2881,$1431,$1449,$0,$1025,$2479,$402,$-53,$349,$45,$304,$304,$304,$1073,$402,$1491,1491,$0.18,$0.18,$1654,$184,$221,$5468,$9305,$64,$13924,$1841,$25577,$31044,$5490,$2405,$2080,$4621,$10111,$19408,$0,$8,$20934,$31044,$1341,$2081,$1352,$3433,$-562,$-25,$32,$-1076,$-1753,$3022,$-2068,$0,$-2604,$0,$0,$0,$206,$-4465,$-2267,$0,$-2267,$4918,$4918,$-1123,$113,$1640,$197,$0,$-1123
12,2015-09-30,7.83,$11.38,0.69,$9.80,0.8,$0.63,12.5,$0.89,8.8,$5.42B,$5.86B,0.93,$1.95B,$19.21B,0.1,$12.76B,$5.78B,45.28%,$12.76B,$1.51B,11.83%,$12.76B,$1.51B,11.83%,$12.76B,$3.44B,26.97%,$12.76B,$1.51B,11.85%,$12.76B,$1.20B,9.44%,$1.20B,$19.21B,6.38%,$1.20B,$6.29B,20.52%,$1.20B,$29.13B,4.04%,$1.51B,$21.16B,7.19%,$3016,$1534,$1482,$0,$1049,$2635,$380,$-73,$307,$54,$253,$253,$253,$779,$380,$1689,1689,$0.15,$0.15,$1945,$184,$178,$5424,$8728,$62,$12920,$1647,$23705,$29129,$5855,$1946,$1852,$4064,$9919,$18118,$285,$6,$19210,$29129,$885,$1409,$909,$2318,$-430,$-40,$-201,$-789,$-1552,$1667,$-1446,$0,$-2424,$195,$0,$195,$-50,$-3725,$-1650,$0,$-1650,$4591,$4591,$-525,$105,$2521,$462,$0,$-525
13,2015-06-30,11.86,$12.95,0.92,$11.44,1.04,$1.36,8.72,$1.09,10.88,$6.35B,$6.73B,0.94,$2.28B,$21.87B,0.1,$13.59B,$6.25B,45.99%,$13.59B,$1.68B,12.33%,$13.59B,$1.68B,12.33%,$13.59B,$3.76B,27.70%,$13.59B,$1.72B,12.65%,$13.59B,$1.40B,10.32%,$1.40B,$21.87B,7.38%,$1.40B,$7.06B,23.12%,$1.40B,$33.26B,4.63%,$1.68B,$24.15B,7.85%,$3247,$1652,$1595,$0,$1142,$2838,$409,$-56,$353,$70,$283,$283,$283,$925,$409,$1455,1455,$0.19,$0.19,$2326,$222,$185,$6348,$9801,$60,$14812,$1842,$26915,$33264,$6727,$2278,$2067,$4663,$11390,$20718,$235,$5,$21874,$33264,$661,$1010,$697,$1707,$-247,$-59,$-130,$-799,$-1295,$1083,$-1065,$0,$-2772,$0,$0,$0,$144,$-3692,$-1339,$0,$-1339,$5249,$5249,$-600,$81,$3392,$783,$0,$-600
14,2015-03-31,12.85,$13.51,0.95,$12.64,1.02,$2.86,4.5,$1.70,7.56,$5.34B,$6.01B,0.89,$1.93B,$15.18B,0.13,$14.21B,$7.12B,50.12%,$14.21B,$1.87B,13.17%,$14.21B,$1.87B,13.17%,$14.21B,$4.02B,28.25%,$14.21B,$1.93B,13.55%,$14.21B,$2.01B,14.17%,$2.01B,$15.18B,10.87%,$2.01B,$4.29B,33.32%,$2.01B,$25.57B,6.76%,$1.87B,$17.11B,8.92%,$3157,$1594,$1562,$0,$1103,$2748,$409,$-76,$332,$129,$204,$204,$204,$903,$409,$1123,1123,$0.18,$0.18,$1490,$228,$175,$5343,$7238,$64,$10889,$1785,$20231,$25574,$6007,$1934,$2091,$4393,$10399,$13282,$204,$224,$15175,$25574,$332,$494,$379,$873,$-92,$-57,$-198,$-487,$-858,$352,$-609,$0,$0,$0,$0,$0,$-32,$-641,$-357,$0,$-357,$-0,$-0,$-1,$126,$-232,$-520,$0,$-1
15,2014-12-31,14.53,$17.10,0.85,$13.30,1.09,$3.03,4.8,$1.80,8.07,$6.63B,$6.84B,0.97,$2.36B,$19.20B,0.12,$14.95B,$7.60B,50.80%,$14.95B,$2.18B,14.61%,$14.95B,$2.18B,14.61%,$14.95B,$4.45B,29.73%,$14.95B,$2.03B,13.58%,$14.95B,$2.11B,14.10%,$2.11B,$19.20B,10.96%,$2.11B,$5.84B,33.04%,$2.11B,$31.21B,6.89%,$2.18B,$21.57B,9.98%,$3337,$2199,$1138,$0,$1242,$3027,$311,$-33,$520,$37,$482,$464,$464,$833,$311,$1123,1123,$0.42,$0.42,$2267,$205,$214,$6629,$8738,$88,$13366,$2058,$24584,$31213,$6840,$2364,$2405,$5171,$12011,$16147,$0,$99,$19203,$31213,$2031,$2262,$858,$3121,$-795,$23,$230,$-267,$-1142,$4009,$-3210,$0,$0,$2,$0,$2,$-42,$-3250,$-532,$0,$-532,$-0,$-0,$-1045,$27,$-1550,$-791,$0,$-1045
16,2014-09-30,15.92,$17.55,0.91,$13.79,1.15,$4.05,3.93,$1.77,8.99,$7.25B,$6.19B,1.17,$2.76B,$19.71B,0.14,$15.52B,$7.04B,45.34%,$15.52B,$-0.22B,-1.42%,$15.52B,$-0.22B,-1.42%,$15.52B,$2.30B,14.84%,$15.52B,$2.08B,13.40%,$15.52B,$2.05B,13.23%,$2.05B,$19.71B,10.57%,$2.05B,$7.07B,31.68%,$2.05B,$31.17B,6.64%,$-0.22B,$22.47B,-0.99%,$3849,$1894,$1955,$0,$1358,$3303,$546,$-31,$514,$63,$451,$451,$451,$1103,$546,$1123,1123,$0.40,$0.40,$2957,$229,$208,$7250,$8590,$90,$12645,$2125,$23920,$31170,$6190,$2759,$2121,$5266,$11456,$16677,$1296,$18,$19713,$31170,$1519,$1740,$733,$2473,$-563,$1,$-49,$-235,$-1157,$2835,$-1864,$0,$0,$0,$0,$0,$-47,$-1911,$-199,$0,$-199,$-0,$-0,$-773,$-25,$-997,$-74,$0,$-773
17,2014-06-30,16.43,$0.00,0.0,$13.70,1.2,$4.19,3.92,$1.71,9.61,$6.97B,$6.04B,1.16,$2.80B,$19.98B,0.14,$15.43B,$7.42B,48.07%,$15.43B,$-0.34B,-2.20%,$15.43B,$-0.34B,-2.20%,$15.43B,$2.09B,13.55%,$15.43B,$1.99B,12.90%,$15.43B,$1.93B,12.53%,$1.93B,$19.98B,10.03%,$1.93B,$6.97B,30.99%,$1.93B,$31.22B,6.25%,$-0.34B,$22.78B,-1.53%,$3868,$1400,$2468,$0,$1328,$3262,$606,$-50,$559,$-336,$895,$894,$894,$1176,$606,$1126,1126,$0.79,$0.79,$2568,$229,$1402,$6973,$0,$90,$13009,$2358,$15732,$31217,$6036,$2797,$2291,$5198,$11235,$16983,$578,$0,$19982,$31217,$1023,$1183,$0,$1183,$0,$0,$0,$0,$2780,$1699,$0,$0,$-1193,$0,$0,$0,$-27,$-1219,$0,$0,$0,$0,$-787,$-787,$620,$-954,$-475,$0,$0
18,2014-03-31,16.97,$0.00,0.0,$13.65,1.24,$3.19,5.32,$1.28,13.26,$6.28B,$5.54B,1.13,$2.72B,$18.03B,0.15,$15.36B,$6.93B,45.12%,$15.36B,$-0.72B,-4.67%,$15.36B,$-0.72B,-4.67%,$15.36B,$1.83B,11.88%,$15.36B,$1.94B,12.64%,$15.36B,$1.45B,9.43%,$1.45B,$18.03B,7.41%,$1.45B,$5.64B,23.53%,$1.45B,$28.82B,4.57%,$-0.72B,$20.75B,-3.16%,$3898,$1864,$2034,$0,$1313,$3178,$721,$-37,$438,$157,$280,$299,$299,$1333,$721,$1126,1126,$0.27,$0.27,$2040,$239,$648,$6283,$0,$128,$12388,$2185,$14785,$28818,$5540,$2723,$2085,$5249,$10789,$16030,$280,$0,$18028,$28818,$438,$612,$0,$612,$0,$0,$0,$0,$-729,$539,$-602,$0,$0,$0,$0,$-35,$0,$-637,$0,$-56,$0,$0,$0,$-687,$-7,$-750,$-848,$0,$0
19,2013-12-31,14.79,$0.00,0.0,$13.96,1.06,$3.88,3.81,$1.37,10.8,$7.43B,$6.42B,1.16,$3.37B,$19.99B,0.17,$15.71B,$7.54B,47.96%,$15.71B,$-0.80B,-5.10%,$15.71B,$-0.80B,-5.10%,$15.71B,$1.83B,11.64%,$15.71B,$2.17B,13.82%,$15.71B,$1.55B,9.88%,$1.55B,$19.99B,7.56%,$1.55B,$6.24B,23.88%,$1.55B,$32.41B,4.69%,$-0.80B,$23.36B,-3.38%,$3902,$3324,$578,$0,$2045,$5996,$-2094,$2569,$569,$21,$549,$409,$409,$-1309,$-2094,$1126,1126,$0.36,$0.36,$3092,$236,$1396,$7428,$0,$243,$13751,$2296,$16389,$32413,$6417,$3370,$2178,$6003,$12420,$17618,$0,$0,$19993,$32413,$2173,$2630,$0,$2630,$0,$0,$0,$0,$-1644,$4464,$-2517,$0,$0,$0,$0,$10,$-77,$-2584,$0,$0,$-50,$0,$-0,$-2114,$10,$-2154,$-275,$0,$0
20,2013-09-30,17.05,$0.00,0.0,$14.34,1.19,$5.04,3.38,$1.65,10.34,$8.12B,$6.45B,1.26,$3.13B,$19.11B,0.16,$16.15B,$11.29B,69.94%,$16.15B,$5.63B,34.85%,$16.15B,$5.63B,34.85%,$16.15B,$8.30B,51.38%,$16.15B,$5.94B,36.77%,$16.15B,$1.86B,11.52%,$1.86B,$19.11B,8.74%,$1.86B,$6.10B,27.24%,$1.86B,$31.32B,5.46%,$5.63B,$22.24B,23.06%,$3758,$1423,$2335,$0,$1309,$3331,$427,$-19,$424,$91,$333,$331,$331,$890,$427,$1126,1126,$0.29,$0.29,$4065,$281,$1279,$8117,$0,$2122,$13015,$333,$15558,$31324,$6447,$3132,$2208,$5767,$12213,$16556,$1403,$0,$19110,$31324,$1469,$1846,$0,$1846,$0,$0,$0,$0,$-962,$2984,$-1852,$0,$0,$0,$0,$-169,$0,$-2021,$0,$394,$0,$0,$-0,$-694,$-7,$-308,$656,$0,$0
21,2013-06-30,17.28,$0.00,0.0,$14.72,1.17,$5.67,3.05,$1.77,9.76,$8.37B,$6.70B,1.25,$3.39B,$21.04B,0.16,$16.57B,$11.65B,70.29%,$16.57B,$5.96B,35.94%,$16.57B,$5.96B,35.94%,$16.57B,$8.16B,49.25%,$16.57B,$6.25B,37.72%,$16.57B,$1.99B,12.01%,$1.99B,$21.04B,9.06%,$1.99B,$6.66B,27.79%,$1.99B,$34.29B,5.74%,$5.96B,$24.43B,23.63%,$3806,$1820,$1985,$0,$1053,$3577,$229,$-36,$511,$67,$444,$410,$410,$911,$229,$1126,1126,$0.36,$0.36,$3933,$244,$1589,$8367,$0,$300,$14380,$2435,$17624,$34289,$6697,$3392,$2369,$6556,$13253,$18359,$866,$0,$21036,$34289,$1159,$1382,$0,$1382,$0,$0,$0,$0,$-1006,$2040,$-1465,$0,$0,$0,$0,$-121,$205,$-1381,$0,$0,$431,$0,$0,$-769,$-7,$-345,$314,$0,$0
22,2013-03-31,19.76,$0.00,0.0,$14.92,1.32,$5.16,3.83,$1.88,10.51,$7.74B,$6.44B,1.2,$2.89B,$21.97B,0.13,$16.80B,$13.70B,81.53%,$16.80B,$9.76B,58.10%,$16.80B,$9.76B,58.10%,$16.80B,$11.28B,67.17%,$16.80B,$9.77B,58.17%,$16.80B,$2.11B,12.57%,$2.11B,$21.97B,9.48%,$2.11B,$7.00B,29.07%,$2.11B,$34.40B,6.14%,$9.76B,$24.86B,38.69%,$4248,$1609,$2639,$0,$1302,$3611,$637,$-9,$668,$262,$406,$402,$402,$1337,$637,$1126,1126,$0.36,$0.36,$3384,$202,$1389,$7739,$0,$253,$14963,$2475,$18112,$34400,$6437,$2892,$2320,$5996,$12433,$18944,$406,$0,$21967,$34400,$668,$700,$0,$700,$0,$0,$0,$0,$-487,$1118,$-407,$0,$0,$0,$0,$0,$0,$-407,$0,$0,$-104,$0,$0,$-793,$-6,$-904,$-192,$0,$0
23,2012-12-31,17.28,$0.00,0.0,$15.33,1.13,$4.81,3.59,$2.00,8.64,$8.38B,$6.97B,1.2,$3.09B,$23.00B,0.14,$17.26B,$14.01B,81.18%,$17.26B,$9.99B,57.86%,$17.26B,$9.99B,57.86%,$17.26B,$11.56B,66.97%,$17.26B,$9.94B,57.56%,$17.26B,$2.25B,13.05%,$2.25B,$23.00B,9.76%,$2.25B,$7.55B,29.82%,$2.25B,$36.17B,6.43%,$9.99B,$26.10B,38.53%,$4335,$0,$4335,$0,$0,$0,$4335,$0,$4335,$0,$4335,$717,$717,$5159,$4335,$1126,1126,$0.64,$0.64,$3791,$200,$1548,$8377,$0,$69,$15449,$2677,$18724,$36167,$6969,$3094,$2320,$6196,$13165,$19458,$0,$0,$23002,$36167,$3563,$2828,$0,$2828,$0,$0,$0,$0,$-726,$5011,$-1757,$0,$0,$0,$0,$5,$3,$-1749,$0,$0,$791,$0,$-17,$-1799,$-46,$-1071,$2191,$0,$0
24,2012-09-30,15.28,$0.00,0.0,$14.59,1.05,$3.50,4.37,$1.88,8.13,$7.88B,$5.91B,1.33,$3.49B,$21.91B,0.16,$17.76B,$11.02B,62.02%,$17.76B,$9.38B,52.82%,$17.76B,$9.38B,52.82%,$17.76B,$10.87B,61.20%,$17.76B,$6.67B,37.55%,$17.76B,$2.35B,13.23%,$2.35B,$21.91B,9.87%,$2.35B,$7.44B,30.69%,$2.35B,$33.93B,6.56%,$9.38B,$25.40B,35.24%,$4182,$1494,$2688,$0,$1249,$3428,$754,$-18,$736,$274,$462,$462,$462,$754,$754,$1126,1126,$0.41,$0.41,$3330,$229,$1748,$7875,$0,$54,$14467,$2567,$17649,$33926,$5908,$3492,$2034,$6107,$12016,$18676,$433,$0,$21910,$33926,$2288,$2004,$0,$2004,$0,$0,$0,$0,$-1311,$3370,$-1531,$0,$0,$0,$0,$0,$8,$-1523,$0,$0,$867,$0,$-16,$-778,$-42,$31,$1877,$0,$0
25,2012-06-30,17.39,$0.00,0.0,$15.20,1.14,$3.29,5.29,$2.17,8.02,$5.81B,$5.84B,0.99,$2.29B,$22.24B,0.1,$18.68B,$11.53B,61.73%,$18.68B,$6.97B,37.33%,$18.68B,$6.97B,37.33%,$18.68B,$9.30B,49.80%,$18.68B,$6.79B,36.35%,$18.68B,$2.71B,14.51%,$2.71B,$22.24B,10.88%,$2.71B,$7.06B,38.57%,$2.71B,$33.03B,7.16%,$6.97B,$24.53B,25.44%,$4033,$0,$4033,$0,$0,$0,$4033,$0,$4033,$0,$4033,$531,$531,$4033,$4033,$1126,1126,$0.47,$0.47,$1188,$250,$1827,$5806,$0,$66,$15182,$2602,$18448,$33034,$5841,$2285,$2046,$4952,$10793,$19372,$1079,$0,$22241,$33034,$0,$0,$0,$0,$0,$0,$0,$0,$0,$0,$0,$0,$0,$0,$0,$0,$0,$0,$0,$0,$0,$0,$0,$0,$0,$0,$0,$0,$0
26,2012-03-31,21.26,$0.00,0.0,$17.22,1.23,$4.21,5.05,$2.48,8.57,$6.85B,$6.62B,1.03,$2.57B,$25.10B,0.1,$19.81B,$10.85B,54.80%,$19.81B,$3.95B,19.96%,$19.81B,$3.95B,19.96%,$19.81B,$7.13B,36.00%,$19.81B,$3.82B,19.30%,$19.81B,$2.90B,14.62%,$2.90B,$25.10B,11.12%,$2.90B,$8.15B,44.76%,$2.90B,$37.05B,7.22%,$3.95B,$27.66B,13.83%,$4711,$1753,$2957,$0,$1344,$3845,$866,$-36,$831,$289,$542,$542,$542,$1613,$866,$1126,1126,$0.48,$0.48,$1800,$246,$2025,$6849,$0,$81,$16942,$2773,$20513,$37049,$6623,$2568,$2202,$5332,$11954,$21416,$2149,$0,$25095,$37049,$831,$747,$0,$747,$0,$0,$0,$0,$128,$1209,$-891,$0,$0,$0,$0,$0,$0,$-891,$0,$0,$-169,$0,$-1,$0,$-13,$-183,$134,$0,$0
27,2011-12-31,18.97,$0.00,0.0,$17.74,1.07,$4.07,4.66,$2.50,7.59,$7.09B,$7.65B,0.93,$2.85B,$26.03B,0.11,$17.48B,$8.84B,50.58%,$17.48B,$3.47B,19.82%,$17.48B,$3.47B,19.82%,$17.48B,$6.22B,35.58%,$17.48B,$3.40B,19.44%,$17.48B,$2.61B,14.90%,$2.61B,$26.03B,12.21%,$2.61B,$7.98B,45.52%,$2.61B,$39.34B,7.67%,$3.47B,$28.88B,14.79%,$4833,$3497,$1337,$0,$-1507,$1107,$3727,$-177,$1069,$243,$826,$815,$815,$4468,$3727,$1170,1555,$0.70,$0.52,$1836,$283,$1908,$7094,$0,$82,$18053,$2947,$21941,$39340,$7653,$2851,$2333,$5658,$13311,$22705,$0,$0,$26029,$39340,$3399,$2755,$0,$2755,$0,$0,$0,$0,$-1707,$4891,$-2429,$0,$1191,$0,$0,$0,$19,$-1219,$0,$0,$419,$0,$-20,$-3236,$-3,$-2841,$831,$0,$0
28,2011-09-30,17.82,$0.00,0.0,$18.14,0.98,$4.74,3.76,$2.48,7.19,$7.33B,$8.96B,0.82,$2.31B,$26.21B,0.09,$15.04B,$6.78B,45.07%,$15.04B,$0.22B,1.46%,$15.04B,$0.22B,1.46%,$15.04B,$2.53B,16.81%,$15.04B,$2.88B,19.18%,$15.04B,$2.13B,14.18%,$2.13B,$26.21B,12.92%,$2.13B,$4.91B,41.42%,$2.13B,$41.86B,7.91%,$0.22B,$28.52B,1.22%,$5098,$1897,$3201,$0,$3995,$6753,$-1655,$8,$856,$34,$822,$821,$821,$-814,$-1655,$1178,1178,$0.70,$0.70,$1933,$307,$1991,$7327,$0,$88,$21307,$3019,$24413,$41861,$8959,$2309,$2156,$6687,$15646,$0,$2908,$0,$26214,$41861,$2324,$2014,$0,$2014,$0,$0,$0,$0,$-1408,$3382,$-1706,$0,$1223,$0,$0,$0,$19,$-463,$0,$-293,$0,$0,$-27,$-1629,$3,$-1946,$973,$0,$0
29,2011-06-30,20.01,$0.00,0.0,$18.41,1.09,$5.23,3.83,$2.53,7.91,$6.98B,$8.44B,0.83,$2.40B,$26.88B,0.09,$12.26B,$5.24B,42.75%,$12.26B,$2.39B,19.47%,$12.26B,$2.39B,19.47%,$12.26B,$4.15B,33.80%,$12.26B,$2.49B,20.26%,$12.26B,$1.69B,13.78%,$1.69B,$26.88B,14.63%,$1.69B,$4.84B,31.73%,$1.69B,$42.27B,8.72%,$2.39B,$29.28B,18.71%,$5165,$1806,$3359,$0,$1510,$4149,$1015,$54,$1066,$345,$721,$718,$718,$1864,$1015,$923,923,$0.78,$0.78,$1668,$331,$1905,$6977,$0,$95,$22032,$2985,$25113,$42265,$8440,$2402,$2168,$6950,$15390,$0,$3172,$0,$26876,$42265,$1492,$1172,$0,$1172,$0,$0,$0,$0,$-908,$1942,$-1094,$0,$1244,$0,$0,$0,$20,$170,$0,$0,$0,$0,$242,$-1656,$-5,$-1419,$692,$0,$0
30,2011-03-31,16.6,$0.00,0.0,$18.68,0.89,$5.58,2.98,$2.52,6.59,$3.52B,$4.63B,0.76,$0.78B,$6.25B,0.13,$10.07B,$4.25B,42.18%,$10.07B,$2.75B,27.29%,$10.07B,$2.75B,27.29%,$10.07B,$3.85B,38.19%,$10.07B,$1.99B,19.73%,$10.07B,$1.36B,13.53%,$1.36B,$6.25B,21.31%,$1.36B,$5.17B,24.83%,$1.36B,$12.35B,11.78%,$2.75B,$7.03B,38.00%,$2384,$1439,$945,$0,$568,$2006,$378,$30,$407,$156,$251,$251,$251,$701,$378,$506,506,$0.50,$0.50,$1364,$59,$545,$3518,$0,$65,$1083,$1423,$2856,$12354,$4626,$782,$697,$1479,$6105,$0,$2291,$0,$6249,$12354,$407,$324,$0,$324,$0,$0,$0,$0,$-288,$495,$-421,$0,$0,$0,$0,$0,$0,$-421,$0,$357,$0,$0,$0,$-0,$-2,$355,$429,$0,$0
31,2010-12-31,15.17,$0.00,0.0,$18.29,0.83,$5.94,2.55,$2.47,6.14,$2.94B,$3.27B,0.9,$0.80B,$6.66B,0.12,$9.87B,$4.85B,49.14%,$9.87B,$2.78B,28.11%,$9.87B,$2.78B,28.11%,$9.87B,$3.87B,39.18%,$9.87B,$1.96B,19.81%,$9.87B,$1.34B,13.54%,$1.34B,$6.66B,20.71%,$1.34B,$5.67B,23.78%,$1.34B,$11.40B,11.71%,$2.78B,$7.46B,37.83%,$2389,$3117,$-728,$0,$-355,$1907,$482,$105,$555,$172,$383,$342,$342,$776,$482,$682,682,$0.50,$0.50,$889,$44,$552,$2938,$0,$58,$988,$1303,$2636,$11397,$3265,$802,$670,$1472,$4737,$3753,$0,$0,$6660,$11397,$1956,$1092,$0,$1092,$0,$0,$0,$0,$-638,$2587,$-1047,$0,$-2,$0,$0,$102,$0,$-947,$0,$0,$-995,$0,$0,$-1096,$39,$-2051,$-411,$0,$0
32,2010-09-30,14.72,$0.00,0.0,$14.79,1.0,$3.68,3.99,$1.97,7.47,$3.23B,$3.38B,0.95,$0.87B,$6.42B,0.14,$9.79B,$5.67B,57.89%,$9.79B,$2.74B,27.94%,$9.79B,$2.74B,27.94%,$9.79B,$3.79B,38.67%,$9.79B,$1.84B,18.76%,$9.79B,$1.30B,13.32%,$1.30B,$6.42B,21.48%,$1.30B,$5.62B,24.62%,$1.30B,$11.52B,11.68%,$2.74B,$7.29B,39.25%,$2326,$658,$1667,$0,$875,$1813,$513,$-10,$457,$86,$372,$379,$379,$804,$513,$506,506,$0.75,$0.75,$937,$97,$660,$3226,$0,$62,$799,$1884,$2745,$11521,$3381,$865,$698,$1716,$5097,$3773,$707,$0,$6423,$11521,$1049,$799,$0,$799,$0,$0,$0,$0,$-139,$1820,$-855,$0,$0,$0,$0,$102,$0,$-753,$0,$0,$-899,$0,$0,$-532,$-5,$-1436,$-370,$0,$0
33,2010-06-30,12.26,$0.00,0.0,$14.72,0.83,$3.04,4.03,$1.91,6.42,$2.93B,$2.97B,0.99,$0.90B,$6.24B,0.15,$9.75B,$5.20B,53.32%,$9.75B,$2.85B,29.26%,$9.75B,$2.85B,29.26%,$9.75B,$4.01B,41.14%,$9.75B,$1.79B,18.38%,$9.75B,$1.28B,13.08%,$1.28B,$6.24B,21.53%,$1.28B,$5.48B,24.75%,$1.28B,$10.97B,11.71%,$2.85B,$7.14B,41.71%,$2971,$606,$2364,$0,$731,$1596,$1375,$-21,$568,$178,$390,$390,$390,$1565,$1375,$506,506,$0.77,$0.77,$662,$100,$662,$2932,$0,$65,$758,$1799,$2621,$10967,$2970,$904,$703,$1759,$4729,$3686,$692,$0,$6238,$10967,$662,$508,$0,$508,$0,$0,$0,$0,$-22,$1198,$-557,$0,$0,$0,$0,$86,$0,$-471,$0,$0,$-820,$0,$0,$-520,$-2,$-1341,$-614,$0,$0
34,2010-03-31,12.54,$0.00,0.0,$12.97,0.97,$2.37,5.29,$1.71,7.33,$3.77B,$3.47B,1.09,$0.94B,$6.51B,0.15,$8.87B,$4.43B,49.98%,$8.87B,$2.04B,22.99%,$8.87B,$2.04B,22.99%,$8.87B,$3.35B,37.74%,$8.87B,$1.64B,18.51%,$8.87B,$1.18B,13.25%,$1.18B,$6.51B,20.78%,$1.18B,$5.71B,24.01%,$1.18B,$11.78B,11.24%,$2.04B,$7.45B,30.29%,$2185,$637,$1548,$0,$825,$1780,$405,$-16,$375,$151,$225,$226,$226,$722,$405,$506,506,$0.45,$0.45,$1549,$94,$618,$3773,$0,$183,$796,$1743,$2723,$11778,$3468,$942,$691,$1804,$5272,$0,$245,$0,$6506,$11778,$225,$317,$0,$317,$0,$0,$0,$0,$-35,$567,$-309,$0,$0,$0,$0,$0,$0,$-309,$0,$0,$23,$0,$0,$0,$-2,$22,$279,$0,$0
35,2009-12-31,14.27,$0.00,0.0,$12.44,1.15,$2.04,7.01,$1.72,8.3,$3.58B,$3.89B,0.92,$0.89B,$5.11B,0.17,$8.60B,$3.95B,45.91%,$8.60B,$2.17B,25.20%,$8.60B,$2.17B,25.20%,$8.60B,$3.44B,40.00%,$8.60B,$1.61B,18.69%,$8.60B,$1.18B,13.75%,$1.18B,$5.11B,22.88%,$1.18B,$4.37B,26.62%,$1.18B,$10.40B,12.25%,$2.17B,$6.00B,34.10%,$2310,$2220,$90,$0,$-708,$1867,$443,$-6,$437,$128,$309,$309,$309,$696,$443,$0,0,$0.00,$0.00,$1157,$75,$860,$3583,$0,$180,$741,$981,$1902,$10401,$3891,$891,$507,$1398,$5288,$3342,$1357,$0,$5112,$10401,$1139,$1274,$0,$1274,$0,$0,$0,$0,$-453,$2243,$-1167,$0,$0,$0,$0,$0,$0,$-1167,$0,$0,$139,$0,$0,$-757,$-186,$-804,$272,$0,$0
36,2009-09-30,14.39,$0.00,0.0,$16.06,0.9,$5.40,2.66,$2.33,6.17,$3.39B,$3.19B,1.06,$0.93B,$5.85B,0.16,$8.13B,$7.70B,94.79%,$8.13B,$6.71B,82.62%,$8.13B,$6.71B,82.62%,$8.13B,$7.73B,95.18%,$8.13B,$0.79B,9.71%,$8.13B,$1.18B,14.55%,$1.18B,$5.85B,22.34%,$1.18B,$5.06B,26.31%,$1.18B,$10.45B,12.01%,$6.71B,$6.77B,100.13%,$2288,$1090,$1199,$0,$239,$1658,$631,$-30,$413,$90,$322,$351,$351,$1030,$631,$506,506,$0.69,$0.69,$831,$92,$855,$3388,$0,$172,$787,$1017,$1975,$10450,$3188,$930,$488,$1418,$4605,$0,$806,$0,$5845,$10450,$875,$1021,$0,$1021,$0,$0,$0,$0,$-543,$1575,$-935,$0,$0,$0,$0,$0,$0,$-935,$0,$0,$77,$0,$0,$-625,$-196,$-744,$-104,$0,$0
37,2009-06-30,12.52,$0.00,0.0,$16.43,0.76,$4.14,3.03,$2.35,5.33,$2.80B,$2.06B,1.36,$1.54B,$5.16B,0.3,$8.32B,$5.15B,61.90%,$8.32B,$3.10B,37.28%,$8.32B,$3.10B,37.28%,$8.32B,$3.72B,44.75%,$8.32B,$1.84B,22.16%,$8.32B,$1.19B,14.35%,$1.19B,$5.16B,21.72%,$1.19B,$4.44B,24.94%,$1.19B,$9.17B,11.80%,$3.10B,$6.70B,44.11%,$2086,$490,$1596,$0,$728,$1526,$560,$43,$417,$154,$263,$289,$289,$899,$560,$506,506,$0.57,$0.57,$451,$81,$749,$2797,$0,$150,$721,$881,$1752,$9169,$2063,$1538,$409,$1947,$4010,$0,$1948,$0,$5158,$9169,$496,$622,$0,$622,$0,$0,$0,$0,$-355,$893,$-593,$0,$0,$0,$0,$0,$0,$-593,$0,$-157,$0,$0,$0,$-561,$28,$-690,$-390,$0,$0
38,2009-03-31,11.45,$0.00,0.0,$21.55,0.53,$3.54,3.23,$3.13,3.66,$2.84B,$2.26B,1.26,$1.40B,$4.57B,0.31,$10.90B,$7.18B,65.80%,$10.90B,$5.45B,49.94%,$10.90B,$5.45B,49.94%,$10.90B,$5.73B,52.52%,$10.90B,$1.84B,16.89%,$10.90B,$1.58B,14.53%,$1.58B,$4.57B,27.42%,$1.58B,$3.91B,31.70%,$1.58B,$8.60B,14.99%,$5.45B,$5.96B,74.75%,$1918,$854,$1064,$0,$248,$1385,$534,$7,$341,$131,$209,$234,$234,$816,$534,$506,506,$0.46,$0.46,$774,$75,$620,$2843,$0,$130,$657,$769,$1556,$8603,$2257,$1395,$386,$1781,$4038,$0,$1368,$0,$4565,$8603,$209,$282,$0,$282,$0,$0,$0,$0,$-172,$373,$-283,$0,$0,$0,$0,$0,$0,$-283,$0,$-83,$0,$0,$0,$-0,$12,$-71,$19,$0,$0
39,2008-12-31,10.49,$0.00,0.0,$22.14,0.47,$3.37,3.12,$3.23,3.25,$3.60B,$3.26B,1.11,$1.79B,$5.60B,0.32,$11.20B,$6.34B,56.58%,$11.20B,$4.40B,39.26%,$11.20B,$4.40B,39.26%,$11.20B,$4.40B,39.26%,$11.20B,$1.95B,17.42%,$11.20B,$1.63B,14.57%,$1.63B,$5.60B,26.61%,$1.63B,$4.57B,30.98%,$1.63B,$11.14B,14.70%,$4.40B,$7.39B,57.51%,$1834,$-2010,$3844,$0,$-330,$-3156,$4989,$260,$-382,$-160,$-222,$308,$308,$4989,$4989,$506,506,$0.61,$0.61,$1023,$92,$728,$3599,$0,$565,$1032,$121,$2041,$11140,$3258,$1793,$492,$2284,$5542,$3664,$368,$0,$5597,$11140,$1348,$1547,$0,$1547,$0,$0,$0,$0,$-513,$2858,$-1156,$0,$0,$0,$0,$0,$0,$-1156,$0,$0,$130,$0,$0,$-1236,$-146,$-1252,$450,$0,$0
40,2008-09-30,11.77,$0.00,0.0,$22.66,0.52,$2.79,4.21,$3.58,3.29,$3.52B,$2.98B,1.18,$1.41B,$6.66B,0.21,$11.47B,$3.05B,26.57%,$11.47B,$-0.52B,-4.56%,$11.47B,$-0.52B,-4.56%,$11.47B,$-0.52B,-4.56%,$11.47B,$2.88B,25.07%,$11.47B,$1.81B,15.78%,$1.81B,$6.66B,30.10%,$1.81B,$6.23B,34.17%,$1.81B,$11.54B,16.82%,$-0.52B,$8.06B,-7.07%,$2477,$3834,$-1357,$0,$1626,$5460,$-2983,$-225,$1467,$528,$939,$362,$362,$-2983,$-2983,$506,506,$0.71,$0.71,$753,$87,$793,$3520,$0,$639,$430,$503,$2006,$11542,$2975,$1408,$502,$1911,$4887,$3978,$2277,$0,$6655,$11542,$0,$0,$0,$0,$0,$0,$0,$0,$0,$0,$0,$0,$0,$0,$0,$0,$0,$0,$0,$0,$0,$0,$0,$0,$0,$0,$0,$0,$0
41,2008-06-30,14.27,$0.00,0.0,$21.51,0.66,$2.79,5.11,$3.41,4.19,$2.94B,$2.79B,1.06,$1.44B,$6.29B,0.23,$10.88B,$5.46B,50.16%,$10.88B,$3.26B,30.00%,$10.88B,$3.26B,30.00%,$10.88B,$3.26B,30.00%,$10.88B,$1.83B,16.80%,$10.88B,$1.72B,15.83%,$1.72B,$6.29B,29.43%,$1.72B,$5.29B,33.60%,$1.72B,$10.98B,16.72%,$3.26B,$7.73B,45.96%,$4675,$1051,$3624,$0,$303,$1770,$2905,$-163,$416,$110,$306,$680,$680,$2905,$2905,$506,506,$1.35,$1.35,$285,$80,$790,$2939,$0,$117,$1000,$768,$2010,$10975,$2787,$1437,$462,$1898,$4686,$3977,$698,$0,$6289,$10975,$0,$0,$0,$0,$0,$0,$0,$0,$0,$0,$0,$0,$0,$0,$0,$0,$0,$0,$0,$0,$0,$0,$0,$0,$0,$0,$0,$0,$0
42,2008-03-31,12.34,$0.00,0.0,$12.27,1.01,$2.79,4.42,$2.06,5.99,$2.98B,$2.95B,1.01,$1.41B,$5.99B,0.24,$8.06B,$2.87B,35.65%,$8.06B,$0.82B,10.23%,$8.06B,$0.82B,10.23%,$8.06B,$0.82B,10.23%,$8.06B,$1.73B,21.49%,$8.06B,$1.35B,16.70%,$1.35B,$5.99B,23.77%,$1.35B,$5.00B,26.54%,$1.35B,$10.74B,13.74%,$0.82B,$7.40B,12.53%,$2214,$1988,$226,$0,$341,$2728,$-514,$-23,$450,$125,$325,$282,$282,$-514,$-514,$506,506,$0.56,$0.56,$517,$72,$2386,$2975,$0,$118,$992,$717,$1955,$10739,$2946,$1413,$392,$1806,$4752,$0,$2201,$0,$5988,$10739,$0,$0,$0,$0,$0,$0,$0,$0,$0,$0,$0,$0,$0,$0,$0,$0,$0,$0,$0,$0,$0,$0,$0,$0,$0,$0,$0,$0,$0
43,2007-12-31,12.22,$0.00,0.0,$7.89,1.55,$2.79,4.37,$1.50,8.15,$2.68B,$2.98B,0.9,$1.29B,$5.11B,0.25,$7.62B,$3.48B,45.68%,$7.62B,$1.77B,23.27%,$7.62B,$1.77B,23.27%,$7.62B,$1.77B,23.27%,$7.62B,$1.72B,22.61%,$7.62B,$1.35B,17.69%,$1.35B,$5.11B,24.85%,$1.35B,$4.67B,27.10%,$1.35B,$9.77B,14.51%,$1.77B,$6.40B,29.54%,$2100,$1546,$554,$0,$821,$2031,$69,$492,$542,$75,$468,$485,$485,$69,$69,$506,506,$0.96,$0.96,$482,$0,$741,$2684,$0,$575,$445,$354,$1776,$9765,$2980,$1292,$378,$1674,$4654,$3393,$1378,$0,$5111,$9765,$1219,$1393,$0,$1393,$0,$0,$0,$0,$-435,$2441,$-1028,$0,$-215,$0,$0,$-5,$76,$-1171,$0,$516,$0,$0,$0,$-1356,$-58,$-898,$372,$0,$0
44,2007-09-30,14.51,$0.00,0.0,$3.74,3.88,0,0.0,$0.54,26.88,$2.97B,$2.40B,1.24,$0.86B,$6.01B,0.14,$7.28B,$3.44B,47.20%,$7.28B,$1.98B,27.22%,$7.28B,$1.98B,27.22%,$7.28B,$1.98B,27.22%,$7.28B,$1.73B,23.81%,$7.28B,$1.20B,16.49%,$1.20B,$6.01B,22.35%,$1.20B,$5.55B,24.36%,$1.20B,$9.72B,13.42%,$1.98B,$6.88B,34.86%,$1892,$838,$1054,$0,$250,$1088,$804,$-383,$420,$145,$275,$275,$275,$804,$804,$506,506,$0.54,$0.54,$644,$50,$696,$2972,$0,$80,$468,$750,$1431,$9715,$2403,$862,$437,$1299,$3702,$0,$836,$0,$6013,$9715,$0,$0,$0,$0,$0,$0,$0,$0,$0,$0,$0,$0,$0,$0,$0,$0,$0,$0,$0,$0,$0,$0,$0,$0,$0,$0,$0,$0,$0
45,2007-06-30,14.55,$0.00,0.0,0,0.0,0,0.0,0,0.0,$2.39B,$2.92B,0.82,$0.08B,$5.54B,0.01,$7.07B,$3.18B,44.94%,$7.07B,$1.65B,23.37%,$7.07B,$1.65B,23.37%,$7.07B,$1.65B,23.37%,$7.07B,$1.88B,26.58%,$7.07B,$1.30B,18.38%,$1.30B,$5.54B,25.04%,$1.30B,$5.08B,26.72%,$1.30B,$8.95B,14.84%,$1.65B,$5.62B,30.91%,$1852,$813,$1039,$0,$238,$1386,$465,$-145,$320,$127,$193,$304,$304,$465,$465,$0,0,$0.00,$0.00,$85,$42,$678,$2387,$0,$77,$467,$695,$1376,$8952,$2918,$76,$415,$492,$3409,$0,$542,$0,$5543,$8952,$0,$0,$0,$0,$0,$0,$0,$0,$0,$0,$0,$0,$0,$0,$0,$0,$0,$0,$0,$0,$0,$0,$0,$0,$0,$0,$0,$0,$0
46,2007-03-31,11.04,$0.00,0.0,0,0.0,0,0.0,0,0.0,$2.41B,$3.24B,0.74,$0.08B,$5.03B,0.02,$6.88B,$3.07B,44.62%,$6.88B,$1.67B,24.27%,$6.88B,$1.67B,24.27%,$6.88B,$1.67B,24.27%,$6.88B,$1.85B,26.92%,$6.88B,$1.32B,19.12%,$1.32B,$5.03B,26.48%,$1.32B,$4.61B,27.65%,$1.32B,$8.73B,15.35%,$1.67B,$5.11B,31.25%,$1775,$943,$833,$0,$398,$1341,$435,$7,$441,$157,$284,$284,$284,$435,$435,$0,0,$0.00,$0.00,$229,$42,$608,$2410,$0,$240,$420,$253,$1326,$8731,$3239,$80,$376,$463,$3703,$0,$1879,$0,$5028,$8731,$0,$0,$0,$0,$0,$0,$0,$0,$0,$0,$0,$0,$0,$0,$0,$0,$0,$0,$0,$0,$0,$0,$0,$0,$0,$0,$0,$0,$0
47,2006-12-31,10.96,$0.00,0.0,0,0.0,0,0.0,0,0.0,$2.16B,$2.89B,0.75,$0.24B,$4.89B,0.05,$6.75B,$3.16B,46.87%,$6.75B,$1.67B,24.77%,$6.75B,$1.67B,24.77%,$6.75B,$1.67B,24.77%,$6.75B,$1.81B,26.80%,$6.75B,$1.30B,19.24%,$1.30B,$4.89B,26.30%,$1.30B,$4.48B,26.87%,$1.30B,$8.37B,15.28%,$1.67B,$5.13B,30.24%,$1758,$1248,$509,$0,$837,$1481,$277,$275,$552,$82,$470,$337,$337,$277,$277,$0,0,$0.00,$0.00,$98,$0,$548,$2157,$0,$111,$416,$325,$1253,$8365,$2887,$235,$344,$587,$3474,$3031,$1860,$0,$4891,$8365,$1298,$1234,$0,$1234,$0,$0,$0,$0,$-400,$2308,$-793,$0,$-92,$0,$0,$9,$8,$-869,$0,$-59,$0,$0,$-8,$-1421,$-67,$-1554,$-115,$0,$0
