,Date,Stock Price,Book Value per Share,Price to Book Ratio,TTM Sales per Share,Price to Sales Ratio,TTM FCF per Share,Price to FCF Ratio,TTM Net EPS,PE Ratio,Current Assets,Current Liabilities,Current Ratio,Long Term Debt,Shareholder's Equity_x,Debt to Equity Ratio,TTM Revenue_x,TTM Gross Profit,Gross Margin,TTM Revenue_y,TTM Operating Income,Operating Margin,TTM Revenue_x,TTM EBIT,EBIT Margin,TTM Revenue_y,TTM EBITDA,EBITDA Margin,TTM Revenue_x,TTM Pre-Tax Income,Pre-Tax Margin,TTM Revenue_y,TTM Net Income_x,Net Margin,TTM Net Income_y,Shareholder's Equity_y,Return on Equity,TTM Net Income_x,Tangible Equity,Return on Tangible Equity,TTM Net Income_y,Total Assets,Return on Assets,TTM Net Income,LT Investments & Debt,Return on Investment,revenue,cost-goods-sold,gross-profit,research-development-expenses,selling-general-administrative-expenses,operating-expenses,operating-income,total-non-operating-income-expense,pre-tax-income,total-provision-income-taxes,income-after-taxes,income-from-continuous-operations,net-income,ebitda,ebit,basic-shares-outstanding,shares-outstanding,eps-basic-net-earnings-per-share,eps-earnings-per-share-diluted,cash-on-hand,inventory,other-current-assets,total-current-assets,net-property-plant-equipment,long-term-investments,goodwill-intangible-assets-total,other-long-term-assets,total-long-term-assets,total-assets,total-current-liabilities,long-term-debt,other-non-current-liabilities,total-long-term-liabilities,total-liabilities,common-stock-net,retained-earnings-accumulated-deficit,comprehensive-income,total-share-holder-equity,total-liabilities-share-holders-equity,net-income-loss,total-depreciation-amortization-cash-flow,other-non-cash-items,total-non-cash-items,change-in-accounts-receivable,change-in-inventories,change-in-accounts-payable,change-in-assets-liabilities,total-change-in-assets-liabilities,cash-flow-from-operating-activities,net-change-in-property-plant-equipment,net-change-in-intangible-assets,net-acquisitions-divestitures,net-change-in-short-term-investments,net-change-in-long-term-investments,net-change-in-investments-total,investing-activities-other,cash-flow-from-investing-activities,net-long-term-debt,net-current-debt,debt-issuance-retirement-net-total,net-common-equity-issued-repurchased,net-total-equity-issued-repurchased,total-common-preferred-stock-dividends-paid,financial-activities-other,cash-flow-from-financial-activities,net-cash-flow,stock-based-compensation,common-stock-dividends-paid
0,2018-06-30,15.77,$4.13,3.81,$4.92,3.2,$1.71,9.25,$0.56,28.16,$0.14B,$0.02B,5.73,$0.05B,$0.18B,0.27,$0.21B,$0.13B,61.90%,$0.21B,$0.03B,16.19%,$0.21B,$0.03B,16.19%,$0.21B,$0.04B,20.00%,$0.21B,$0.03B,15.71%,$0.21B,$0.02B,11.43%,$0.02B,$0.18B,13.87%,$0.02B,$0.10B,25.95%,$0.02B,$0.25B,9.50%,$0.03B,$0.22B,15.35%,$53,$21,$32,$4,$17,$46,$7,$-0,$7,$1,$5,$5,$5,$11,$7,$42,43,$0.13,$0.13,$58,$45,$0,$140,$30,$0,$79,$3,$114,$254,$24,$46,$1,$54,$79,$0,$49,$-3,$175,$254,$18,$7,$3,$9,$-0,$-4,$3,$-2,$-4,$24,$-3,$0,$0,$0,$0,$0,$0,$-3,$-3,$0,$-3,$0,$0,$-16,$0,$-19,$1,$3,$-16
1,2018-03-31,13.96,$4.12,3.39,$4.89,2.85,$1.92,7.29,$0.41,34.04,$0.14B,$0.03B,5.41,$0.05B,$0.17B,0.28,$0.21B,$0.13B,62.02%,$0.21B,$0.03B,13.94%,$0.21B,$0.03B,13.94%,$0.21B,$0.04B,21.15%,$0.21B,$0.03B,13.46%,$0.21B,$0.02B,8.17%,$0.02B,$0.17B,9.93%,$0.02B,$0.09B,18.94%,$0.02B,$0.26B,6.79%,$0.03B,$0.22B,13.14%,$52,$20,$32,$4,$17,$43,$9,$-0,$9,$2,$7,$7,$7,$10,$9,$42,43,$0.16,$0.16,$56,$44,$0,$139,$30,$0,$80,$3,$115,$255,$26,$48,$1,$54,$80,$0,$48,$-1,$174,$255,$12,$5,$0,$5,$-4,$-2,$4,$1,$-3,$14,$-2,$0,$0,$0,$0,$0,$0,$-2,$-2,$0,$-2,$0,$0,$-11,$0,$-13,$-1,$2,$-11
2,2017-12-31,13.65,$4.09,3.34,$4.84,2.82,$2.18,6.26,$0.51,26.76,$0.14B,$0.02B,5.82,$0.05B,$0.17B,0.28,$0.21B,$0.13B,61.65%,$0.21B,$0.04B,16.99%,$0.21B,$0.04B,16.99%,$0.21B,$0.05B,24.27%,$0.21B,$0.04B,16.99%,$0.21B,$0.02B,10.19%,$0.02B,$0.17B,12.32%,$0.02B,$0.09B,24.21%,$0.02B,$0.25B,8.41%,$0.04B,$0.22B,15.84%,$56,$22,$35,$4,$18,$49,$8,$-0,$7,$2,$5,$5,$5,$10,$8,$42,43,$0.12,$0.12,$55,$44,$0,$137,$30,$0,$81,$3,$115,$252,$23,$49,$4,$56,$79,$0,$48,$-2,$173,$252,$6,$2,$0,$2,$-3,$-2,$1,$-0,$-4,$5,$-1,$0,$0,$0,$0,$0,$0,$-1,$-1,$0,$-1,$0,$0,$-5,$0,$-6,$-2,$2,$-5
3,2017-09-30,13.83,$4.02,3.44,$4.72,2.93,$2.36,5.86,$0.51,27.11,$0.13B,$0.02B,5.85,$0.05B,$0.17B,0.3,$0.20B,$0.12B,61.69%,$0.20B,$0.04B,18.41%,$0.20B,$0.04B,18.41%,$0.20B,$0.05B,25.87%,$0.20B,$0.04B,18.41%,$0.20B,$0.02B,10.45%,$0.02B,$0.17B,12.44%,$0.02B,$0.09B,25.38%,$0.02B,$0.25B,8.43%,$0.04B,$0.22B,16.80%,$52,$20,$32,$4,$18,$44,$8,$-0,$8,$1,$6,$6,$6,$11,$8,$42,43,$0.15,$0.15,$57,$41,$0,$134,$31,$0,$82,$2,$116,$250,$23,$50,$0,$57,$80,$0,$47,$-3,$170,$250,$22,$16,$5,$21,$0,$0,$0,$-1,$-1,$41,$-4,$0,$0,$0,$0,$0,$0,$-4,$-4,$0,$-4,$0,$0,$-24,$0,$-28,$10,$3,$-24
4,2017-06-30,15.09,$3.97,3.8,$4.66,3.24,$2.28,6.63,$0.51,29.59,$0.13B,$0.02B,6.47,$0.05B,$0.17B,0.31,$0.20B,$0.12B,62.12%,$0.20B,$0.04B,18.69%,$0.20B,$0.04B,18.69%,$0.20B,$0.05B,26.26%,$0.20B,$0.04B,18.69%,$0.20B,$0.02B,10.10%,$0.02B,$0.17B,11.92%,$0.02B,$0.09B,25.16%,$0.02B,$0.25B,8.01%,$0.04B,$0.22B,16.78%,$50,$19,$31,$4,$17,$41,$9,$-0,$9,$3,$6,$6,$6,$13,$9,$42,43,$0.13,$0.13,$55,$41,$0,$129,$30,$0,$82,$2,$116,$245,$20,$51,$2,$58,$78,$0,$46,$-4,$168,$245,$16,$13,$4,$17,$-0,$4,$-6,$1,$-1,$32,$-3,$0,$0,$0,$0,$0,$0,$-3,$-3,$0,$-3,$0,$0,$-19,$0,$-21,$8,$3,$-19
5,2017-03-31,13.11,$4.05,3.24,$4.67,2.8,$2.14,6.12,$0.71,18.46,$0.13B,$0.02B,6.47,$0.05B,$0.17B,0.31,$0.20B,$0.13B,62.81%,$0.20B,$0.05B,23.62%,$0.20B,$0.05B,23.62%,$0.20B,$0.06B,27.64%,$0.20B,$0.05B,23.12%,$0.20B,$0.03B,14.57%,$0.03B,$0.17B,17.26%,$0.03B,$0.08B,37.79%,$0.03B,$0.25B,11.50%,$0.05B,$0.22B,21.17%,$50,$19,$31,$4,$16,$46,$4,$-0,$4,$4,$0,$0,$0,$16,$4,$42,43,$0.01,$0.01,$55,$42,$0,$129,$30,$0,$89,$2,$123,$252,$20,$52,$4,$61,$81,$0,$52,$-5,$171,$252,$16,$5,$4,$9,$-0,$2,$-3,$2,$1,$25,$-2,$0,$0,$0,$0,$0,$0,$-2,$-2,$0,$-2,$0,$0,$-14,$0,$-15,$8,$2,$-14
6,2016-12-31,16.64,$3.93,4.24,$4.61,3.61,$2.00,8.3,$0.70,23.77,$0.13B,$0.02B,5.99,$0.05B,$0.17B,0.32,$0.20B,$0.13B,64.29%,$0.20B,$0.05B,24.49%,$0.20B,$0.05B,24.49%,$0.20B,$0.06B,28.57%,$0.20B,$0.05B,23.98%,$0.20B,$0.03B,14.80%,$0.03B,$0.17B,17.29%,$0.03B,$0.08B,38.93%,$0.03B,$0.25B,11.43%,$0.05B,$0.22B,21.52%,$54,$21,$33,$4,$15,$40,$14,$0,$14,$5,$9,$9,$9,$12,$14,$42,43,$0.22,$0.22,$49,$45,$0,$126,$30,$0,$90,$2,$124,$250,$21,$53,$5,$63,$84,$0,$47,$-6,$166,$250,$6,$2,$4,$6,$2,$-0,$-1,$-1,$0,$13,$-1,$0,$0,$0,$0,$0,$0,$-1,$-1,$0,$-1,$0,$0,$-8,$0,$-9,$2,$2,$-8
7,2016-09-30,17.93,$3.95,4.53,$4.62,3.88,$2.00,8.97,$0.76,23.59,$0.13B,$0.02B,5.62,$0.06B,$0.17B,0.33,$0.20B,$0.13B,65.82%,$0.20B,$0.05B,26.53%,$0.20B,$0.05B,26.53%,$0.20B,$0.06B,30.10%,$0.20B,$0.05B,26.02%,$0.20B,$0.03B,16.33%,$0.03B,$0.17B,18.99%,$0.03B,$0.08B,35.26%,$0.03B,$0.25B,13.46%,$0.05B,$0.22B,24.70%,$47,$18,$29,$4,$15,$37,$10,$-0,$10,$3,$6,$6,$6,$11,$10,$42,43,$0.15,$0.15,$47,$45,$0,$127,$30,$0,$92,$1,$125,$252,$23,$55,$5,$63,$86,$0,$50,$-6,$166,$252,$32,$8,$3,$11,$0,$0,$0,$-6,$-6,$37,$-4,$0,$-62,$-1,$0,$-1,$0,$-67,$58,$0,$58,$2,$2,$-34,$0,$27,$-3,$3,$-34
8,2016-06-30,17.94,$4.01,4.47,$4.64,3.87,$2.15,8.34,$0.83,21.61,$0.13B,$0.02B,6.27,$0.06B,$0.17B,0.33,$0.20B,$0.13B,65.82%,$0.20B,$0.06B,28.57%,$0.20B,$0.06B,28.57%,$0.20B,$0.06B,32.14%,$0.20B,$0.06B,28.06%,$0.20B,$0.04B,17.86%,$0.04B,$0.17B,20.77%,$0.04B,$0.07B,32.86%,$0.04B,$0.26B,15.87%,$0.06B,$0.23B,28.46%,$47,$17,$30,$4,$17,$38,$9,$-0,$9,$3,$5,$5,$5,$16,$9,$42,42,$0.13,$0.13,$46,$43,$0,$127,$30,$0,$95,$1,$128,$255,$20,$56,$6,$66,$86,$0,$53,$-5,$169,$255,$27,$6,$3,$8,$0,$0,$0,$-9,$-9,$26,$-3,$0,$-62,$-1,$0,$-1,$0,$-65,$59,$0,$59,$2,$2,$-25,$0,$36,$-4,$3,$-25
9,2016-03-31,18.76,$4.04,4.65,$4.59,4.09,$2.28,8.23,$0.84,22.34,$0.13B,$0.02B,6.03,$0.06B,$0.17B,0.34,$0.19B,$0.13B,65.28%,$0.19B,$0.06B,29.02%,$0.19B,$0.06B,29.02%,$0.19B,$0.06B,32.64%,$0.19B,$0.06B,29.02%,$0.19B,$0.04B,18.13%,$0.04B,$0.17B,20.93%,$0.04B,$0.07B,28.75%,$0.04B,$0.26B,17.37%,$0.06B,$0.23B,30.85%,$51,$18,$33,$4,$16,$37,$14,$-0,$13,$5,$9,$9,$9,$17,$14,$42,42,$0.21,$0.21,$49,$42,$0,$128,$30,$0,$97,$1,$130,$258,$21,$57,$5,$67,$89,$0,$52,$-4,$170,$258,$18,$3,$3,$6,$0,$0,$0,$-5,$-5,$18,$-2,$-0,$-62,$-1,$0,$-1,$0,$-64,$60,$0,$60,$0,$0,$-17,$2,$45,$-1,$2,$-17
10,2015-12-31,18.48,$4.01,4.61,$4.61,4.01,$2.30,8.05,$0.87,21.24,$0.12B,$0.02B,7.83,$0.00B,$0.17B,0.0,$0.19B,$0.13B,64.43%,$0.19B,$0.06B,29.38%,$0.19B,$0.06B,29.38%,$0.19B,$0.06B,32.47%,$0.19B,$0.06B,29.38%,$0.19B,$0.04B,18.56%,$0.04B,$0.17B,21.82%,$0.04B,$0.14B,26.37%,$0.04B,$0.19B,19.83%,$0.06B,$0.17B,34.55%,$51,$18,$34,$3,$14,$36,$15,$-0,$15,$6,$9,$9,$9,$15,$15,$42,42,$0.22,$0.21,$53,$39,$0,$123,$27,$0,$28,$2,$63,$186,$16,$0,$2,$2,$18,$0,$52,$-3,$169,$186,$9,$2,$2,$4,$0,$0,$0,$-0,$-0,$12,$-1,$-0,$0,$-1,$0,$-1,$0,$-1,$0,$0,$0,$1,$1,$-8,$0,$-7,$3,$2,$-8
11,2015-09-30,15.24,$3.96,3.84,$4.64,3.29,$2.38,6.4,$0.85,17.93,$0.12B,$0.02B,7.83,$0.00B,$0.17B,0.0,$0.20B,$0.12B,62.56%,$0.20B,$0.06B,28.72%,$0.20B,$0.06B,28.72%,$0.20B,$0.06B,31.79%,$0.20B,$0.06B,28.21%,$0.20B,$0.04B,17.95%,$0.04B,$0.17B,21.47%,$0.04B,$0.14B,26.12%,$0.04B,$0.18B,19.53%,$0.06B,$0.17B,34.36%,$47,$16,$32,$3,$15,$34,$14,$0,$14,$5,$9,$9,$9,$15,$14,$42,42,$0.21,$0.21,$50,$36,$0,$119,$27,$0,$28,$1,$64,$183,$15,$0,$2,$2,$17,$0,$51,$-2,$166,$183,$36,$7,$3,$10,$0,$0,$0,$-3,$-3,$43,$-3,$-0,$0,$0,$0,$0,$0,$-4,$0,$0,$0,$3,$3,$-33,$0,$-31,$7,$3,$-33
12,2015-06-30,16.43,$3.93,4.18,$4.63,3.55,$2.23,7.36,$0.85,19.33,$0.12B,$0.01B,8.88,$0.00B,$0.16B,0.0,$0.20B,$0.12B,61.54%,$0.20B,$0.06B,28.21%,$0.20B,$0.06B,28.21%,$0.20B,$0.06B,31.28%,$0.20B,$0.05B,27.69%,$0.20B,$0.04B,17.95%,$0.04B,$0.16B,21.64%,$0.04B,$0.14B,26.52%,$0.04B,$0.18B,19.69%,$0.06B,$0.16B,34.00%,$47,$17,$30,$3,$14,$34,$13,$-0,$13,$5,$8,$8,$8,$16,$13,$42,42,$0.20,$0.20,$46,$34,$0,$118,$27,$0,$29,$1,$61,$179,$13,$0,$2,$2,$15,$0,$51,$-2,$164,$179,$27,$5,$2,$7,$0,$0,$0,$-3,$-3,$31,$-3,$0,$0,$0,$0,$0,$0,$-3,$0,$0,$0,$1,$1,$-25,$0,$-24,$3,$3,$-25
13,2015-03-31,16.63,$3.86,4.31,$4.61,3.61,$2.02,8.23,$0.84,19.8,$0.12B,$0.02B,7.65,$0.00B,$0.16B,0.0,$0.19B,$0.12B,61.34%,$0.19B,$0.05B,27.84%,$0.19B,$0.05B,27.84%,$0.19B,$0.06B,30.93%,$0.19B,$0.05B,27.32%,$0.19B,$0.04B,18.04%,$0.04B,$0.16B,21.71%,$0.04B,$0.13B,26.77%,$0.04B,$0.18B,19.69%,$0.05B,$0.16B,33.49%,$48,$18,$30,$3,$13,$34,$14,$-0,$14,$5,$9,$9,$9,$17,$14,$42,42,$0.22,$0.22,$43,$33,$0,$117,$28,$0,$29,$1,$62,$178,$15,$0,$2,$2,$17,$0,$50,$-3,$161,$178,$18,$3,$2,$5,$0,$0,$0,$-3,$-3,$20,$-3,$0,$0,$0,$0,$0,$0,$-3,$0,$0,$0,$1,$1,$-17,$0,$-16,$-0,$2,$-17
14,2014-12-31,14.19,$3.86,3.68,$4.57,3.1,$1.87,7.6,$0.84,16.89,$0.12B,$0.02B,7.88,$0.00B,$0.16B,0.0,$0.19B,$0.12B,61.46%,$0.19B,$0.05B,28.13%,$0.19B,$0.05B,28.13%,$0.19B,$0.06B,31.25%,$0.19B,$0.05B,27.60%,$0.19B,$0.04B,18.23%,$0.04B,$0.16B,21.74%,$0.04B,$0.13B,26.97%,$0.04B,$0.18B,19.69%,$0.05B,$0.16B,33.54%,$52,$19,$33,$3,$13,$36,$16,$-0,$16,$5,$10,$10,$10,$14,$16,$42,42,$0.24,$0.24,$50,$34,$0,$115,$28,$0,$30,$1,$63,$177,$15,$0,$2,$2,$17,$0,$48,$-1,$161,$177,$8,$2,$2,$3,$0,$0,$0,$5,$5,$16,$-1,$0,$0,$0,$0,$0,$0,$-1,$0,$0,$0,$0,$0,$-8,$0,$-8,$6,$1,$-8
15,2014-09-30,15.06,$3.87,3.89,$4.49,3.36,$1.71,8.79,$0.83,18.15,$0.11B,$0.01B,8.21,$0.00B,$0.16B,0.0,$0.19B,$0.12B,61.90%,$0.19B,$0.05B,28.04%,$0.19B,$0.05B,28.04%,$0.19B,$0.06B,31.22%,$0.19B,$0.05B,27.51%,$0.19B,$0.03B,17.99%,$0.03B,$0.16B,21.25%,$0.03B,$0.13B,26.51%,$0.03B,$0.18B,19.18%,$0.05B,$0.16B,33.13%,$48,$19,$29,$3,$13,$35,$13,$-1,$12,$4,$8,$8,$8,$14,$13,$42,42,$0.19,$0.19,$43,$35,$0,$113,$28,$0,$31,$1,$64,$177,$14,$0,$2,$2,$16,$0,$49,$0,$161,$177,$35,$7,$3,$11,$0,$0,$0,$-7,$-7,$38,$-5,$-2,$0,$0,$0,$0,$0,$-7,$0,$0,$0,$1,$1,$-33,$0,$-32,$-1,$4,$-33
16,2014-06-30,17.4,$3.89,4.47,$4.54,3.83,$1.91,9.1,$0.85,20.47,$0.11B,$0.02B,6.7,$0.00B,$0.16B,0.0,$0.19B,$0.12B,62.83%,$0.19B,$0.05B,28.27%,$0.19B,$0.05B,28.27%,$0.19B,$0.06B,31.41%,$0.19B,$0.05B,27.75%,$0.19B,$0.04B,18.32%,$0.04B,$0.16B,22.08%,$0.04B,$0.13B,27.61%,$0.04B,$0.18B,19.75%,$0.05B,$0.16B,34.07%,$47,$18,$28,$3,$13,$35,$12,$0,$12,$4,$8,$8,$8,$15,$12,$41,42,$0.20,$0.20,$39,$38,$0,$113,$27,$0,$32,$1,$65,$179,$17,$0,$0,$0,$17,$0,$49,$2,$162,$179,$27,$5,$2,$8,$0,$0,$0,$-11,$-11,$24,$-4,$-2,$0,$0,$0,$0,$0,$-6,$0,$0,$0,$1,$1,$-24,$0,$-24,$-5,$3,$-24
17,2014-03-31,18.18,$3.86,4.71,$4.54,4.0,$2.17,8.39,$0.88,20.66,$0.11B,$0.02B,6.39,$0.00B,$0.16B,0.0,$0.19B,$0.12B,63.87%,$0.19B,$0.06B,29.84%,$0.19B,$0.06B,29.84%,$0.19B,$0.06B,32.46%,$0.19B,$0.06B,29.32%,$0.19B,$0.04B,18.85%,$0.04B,$0.16B,23.11%,$0.04B,$0.13B,28.92%,$0.04B,$0.18B,20.54%,$0.06B,$0.16B,36.60%,$47,$18,$29,$3,$13,$34,$13,$-0,$13,$4,$9,$9,$9,$17,$13,$41,42,$0.21,$0.21,$38,$38,$0,$114,$27,$0,$32,$1,$64,$178,$18,$0,$0,$0,$18,$0,$48,$2,$160,$178,$18,$4,$2,$6,$0,$0,$0,$-10,$-10,$14,$-3,$-2,$0,$0,$0,$0,$0,$-4,$0,$0,$0,$1,$1,$-16,$0,$-16,$-6,$2,$-16
18,2013-12-31,21.95,$3.79,5.79,$4.48,4.9,$2.41,9.12,$0.88,24.94,$0.11B,$0.02B,6.36,$0.00B,$0.16B,0.0,$0.19B,$0.12B,64.36%,$0.19B,$0.06B,29.79%,$0.19B,$0.06B,29.79%,$0.19B,$0.06B,32.98%,$0.19B,$0.06B,29.79%,$0.19B,$0.04B,19.15%,$0.04B,$0.16B,23.57%,$0.04B,$0.13B,29.57%,$0.04B,$0.18B,20.90%,$0.06B,$0.16B,36.66%,$50,$19,$32,$3,$13,$34,$16,$-0,$16,$5,$10,$10,$10,$13,$16,$41,42,$0.25,$0.24,$44,$38,$0,$111,$26,$0,$33,$1,$64,$175,$17,$0,$0,$0,$17,$0,$46,$1,$157,$175,$7,$2,$2,$4,$0,$0,$0,$-2,$-2,$9,$-1,$-2,$0,$0,$0,$0,$0,$-3,$0,$0,$0,$0,$0,$-8,$0,$-7,$-1,$2,$-8
19,2013-09-30,19.4,$3.73,5.2,$4.50,4.31,$2.58,7.52,$0.90,21.56,$0.11B,$0.02B,5.82,$0.00B,$0.16B,0.0,$0.19B,$0.12B,64.89%,$0.19B,$0.06B,30.32%,$0.19B,$0.06B,30.32%,$0.19B,$0.06B,34.04%,$0.19B,$0.06B,30.85%,$0.19B,$0.04B,19.68%,$0.04B,$0.16B,25.00%,$0.04B,$0.12B,31.69%,$0.04B,$0.18B,22.06%,$0.06B,$0.16B,38.51%,$45,$17,$28,$3,$14,$33,$12,$-0,$11,$4,$7,$7,$7,$15,$12,$41,42,$0.18,$0.18,$44,$35,$0,$114,$26,$0,$31,$1,$63,$177,$20,$0,$2,$2,$22,$0,$47,$1,$155,$177,$38,$7,$1,$8,$0,$0,$0,$-1,$-1,$44,$-3,$-0,$0,$0,$0,$0,$0,$-3,$0,$0,$0,$3,$3,$-31,$0,$-29,$13,$3,$-31
20,2013-06-30,17.52,$3.65,4.8,$4.38,4.0,$2.54,6.89,$0.89,19.68,$0.11B,$0.02B,5.51,$0.00B,$0.15B,0.0,$0.18B,$0.12B,65.38%,$0.18B,$0.06B,30.77%,$0.18B,$0.06B,30.77%,$0.18B,$0.06B,34.62%,$0.18B,$0.06B,31.32%,$0.18B,$0.04B,20.33%,$0.04B,$0.15B,25.52%,$0.04B,$0.12B,32.74%,$0.04B,$0.17B,22.60%,$0.06B,$0.15B,38.62%,$49,$18,$31,$3,$15,$36,$13,$-0,$13,$4,$9,$9,$9,$17,$13,$41,42,$0.21,$0.23,$40,$34,$0,$109,$26,$0,$31,$1,$62,$171,$20,$0,$0,$0,$20,$0,$46,$-1,$151,$171,$29,$5,$1,$6,$0,$0,$0,$-2,$-2,$33,$-2,$-0,$0,$0,$0,$0,$0,$-2,$0,$0,$0,$2,$2,$-24,$0,$-21,$9,$2,$-24
21,2013-03-31,18.41,$3.58,5.15,$4.26,4.32,$2.52,7.3,$0.86,21.41,$0.10B,$0.02B,5.85,$0.00B,$0.15B,0.0,$0.18B,$0.12B,64.97%,$0.18B,$0.05B,29.94%,$0.18B,$0.05B,29.94%,$0.18B,$0.06B,33.90%,$0.18B,$0.05B,30.51%,$0.18B,$0.04B,20.34%,$0.04B,$0.15B,25.26%,$0.04B,$0.12B,32.80%,$0.04B,$0.17B,22.40%,$0.05B,$0.15B,37.19%,$47,$16,$31,$3,$12,$31,$16,$-0,$16,$5,$10,$10,$10,$17,$16,$41,42,$0.25,$0.24,$39,$32,$0,$103,$26,$0,$31,$1,$63,$166,$18,$0,$0,$0,$18,$0,$43,$-1,$148,$166,$19,$4,$1,$5,$0,$0,$0,$-1,$-1,$22,$-1,$-0,$0,$0,$0,$0,$0,$-1,$0,$0,$0,$2,$2,$-16,$0,$-14,$7,$2,$-16
22,2012-12-31,16.34,$3.34,4.89,$4.27,3.83,$2.44,6.69,$0.85,19.22,$0.09B,$0.02B,4.91,$0.00B,$0.14B,0.0,$0.18B,$0.11B,64.41%,$0.18B,$0.05B,29.94%,$0.18B,$0.05B,29.94%,$0.18B,$0.06B,33.33%,$0.18B,$0.05B,29.94%,$0.18B,$0.04B,20.34%,$0.04B,$0.14B,25.58%,$0.04B,$0.11B,33.64%,$0.04B,$0.16B,22.68%,$0.05B,$0.14B,37.66%,$47,$17,$31,$3,$13,$32,$15,$0,$16,$5,$10,$10,$10,$15,$15,$41,42,$0.25,$0.24,$33,$30,$0,$93,$26,$0,$33,$1,$64,$157,$19,$0,$0,$0,$19,$0,$33,$0,$138,$157,$8,$2,$1,$3,$0,$0,$0,$5,$5,$16,$-0,$0,$0,$0,$0,$0,$0,$-0,$0,$0,$0,$1,$1,$-16,$0,$-14,$2,$1,$-16
23,2012-09-30,15.18,$3.46,4.39,$4.15,3.66,$2.35,6.46,$0.81,18.74,$0.10B,$0.02B,5.23,$0.00B,$0.14B,0.0,$0.17B,$0.11B,63.95%,$0.17B,$0.05B,29.07%,$0.17B,$0.05B,29.07%,$0.17B,$0.06B,31.98%,$0.17B,$0.05B,29.07%,$0.17B,$0.04B,20.35%,$0.04B,$0.14B,24.87%,$0.04B,$0.11B,32.86%,$0.04B,$0.16B,22.12%,$0.05B,$0.14B,35.52%,$45,$17,$29,$3,$13,$32,$13,$0,$13,$5,$8,$8,$8,$14,$13,$41,42,$0.21,$0.20,$32,$32,$0,$97,$26,$0,$33,$1,$65,$161,$18,$0,$0,$0,$19,$0,$40,$0,$143,$161,$33,$7,$1,$7,$0,$0,$0,$2,$2,$42,$-3,$-1,$0,$0,$0,$0,$0,$-4,$0,$0,$0,$1,$1,$-31,$0,$-31,$8,$2,$-31
24,2012-06-30,16.01,$3.42,4.69,$4.08,3.92,$1.73,9.26,$0.76,21.06,$0.09B,$0.02B,5.35,$0.00B,$0.14B,0.0,$0.17B,$0.11B,62.72%,$0.17B,$0.05B,28.40%,$0.17B,$0.05B,28.40%,$0.17B,$0.05B,30.77%,$0.17B,$0.05B,28.40%,$0.17B,$0.03B,19.53%,$0.03B,$0.14B,23.61%,$0.03B,$0.11B,31.35%,$0.03B,$0.16B,21.05%,$0.05B,$0.14B,34.35%,$43,$16,$28,$3,$13,$31,$12,$0,$12,$4,$9,$9,$9,$14,$12,$41,42,$0.21,$0.20,$28,$33,$0,$94,$27,$0,$33,$1,$65,$159,$18,$0,$0,$0,$18,$0,$39,$-0,$141,$159,$25,$5,$0,$5,$0,$0,$0,$2,$2,$32,$-3,$-1,$0,$0,$0,$0,$0,$-4,$0,$0,$0,$0,$0,$-23,$0,$-23,$4,$2,$-23
25,2012-03-31,15.02,$3.41,4.4,$4.05,3.71,$1.24,12.09,$0.72,20.87,$0.09B,$0.02B,5.65,$0.00B,$0.14B,0.0,$0.17B,$0.10B,62.28%,$0.17B,$0.05B,26.95%,$0.17B,$0.05B,26.95%,$0.17B,$0.05B,29.94%,$0.17B,$0.05B,26.95%,$0.17B,$0.03B,18.56%,$0.03B,$0.14B,22.30%,$0.03B,$0.11B,29.81%,$0.03B,$0.16B,19.81%,$0.05B,$0.14B,32.37%,$42,$14,$27,$3,$12,$29,$13,$0,$13,$4,$9,$9,$9,$16,$13,$41,42,$0.21,$0.21,$24,$32,$0,$92,$27,$0,$34,$1,$66,$158,$16,$0,$0,$1,$17,$0,$39,$1,$141,$158,$16,$3,$0,$4,$0,$0,$0,$-1,$-1,$19,$-1,$-1,$0,$0,$0,$0,$0,$-3,$0,$0,$0,$0,$0,$-16,$0,$-15,$1,$1,$-16
26,2011-12-31,14.45,$3.34,4.33,$3.90,3.7,$0.95,15.26,$0.67,21.57,$0.09B,$0.02B,5.4,$0.00B,$0.14B,0.0,$0.16B,$0.10B,62.11%,$0.16B,$0.04B,25.47%,$0.16B,$0.04B,25.47%,$0.16B,$0.05B,28.57%,$0.16B,$0.04B,25.47%,$0.16B,$0.03B,17.39%,$0.03B,$0.14B,20.25%,$0.03B,$0.10B,27.18%,$0.03B,$0.16B,17.92%,$0.04B,$0.14B,29.66%,$47,$18,$30,$3,$12,$32,$15,$-0,$15,$5,$10,$10,$10,$11,$15,$41,42,$0.23,$0.23,$26,$34,$0,$89,$27,$0,$34,$1,$66,$155,$17,$0,$0,$1,$17,$0,$37,$-0,$138,$155,$7,$2,$0,$2,$0,$0,$0,$4,$4,$12,$-1,$-1,$0,$0,$0,$0,$0,$-2,$0,$0,$0,$0,$0,$-8,$0,$-8,$3,$1,$-8
27,2011-09-30,11.95,$3.36,3.56,$3.84,3.11,$0.93,12.87,$0.66,18.1,$0.09B,$0.02B,5.92,$0.00B,$0.14B,0.0,$0.16B,$0.10B,62.66%,$0.16B,$0.04B,25.32%,$0.16B,$0.04B,25.32%,$0.16B,$0.05B,29.11%,$0.16B,$0.04B,25.32%,$0.16B,$0.03B,17.09%,$0.03B,$0.14B,19.57%,$0.03B,$0.10B,26.34%,$0.03B,$0.16B,17.25%,$0.04B,$0.14B,28.99%,$40,$16,$25,$2,$12,$30,$10,$0,$10,$4,$7,$7,$7,$11,$10,$41,41,$0.16,$0.16,$24,$33,$0,$90,$27,$0,$34,$1,$65,$155,$15,$0,$0,$2,$17,$0,$38,$0,$139,$155,$27,$6,$2,$8,$0,$0,$0,$-12,$-12,$22,$-9,$-0,$0,$0,$0,$0,$0,$-9,$0,$0,$0,$3,$3,$-31,$0,$-28,$-14,$3,$-31
28,2011-06-30,18.14,$3.36,5.39,$3.73,4.87,$1.25,14.46,$0.63,28.79,$0.09B,$0.02B,5.39,$0.00B,$0.14B,0.0,$0.15B,$0.10B,62.34%,$0.15B,$0.04B,24.68%,$0.15B,$0.04B,24.68%,$0.15B,$0.05B,29.22%,$0.15B,$0.04B,25.32%,$0.15B,$0.03B,16.23%,$0.03B,$0.14B,18.18%,$0.03B,$0.10B,24.57%,$0.03B,$0.16B,15.97%,$0.04B,$0.14B,27.64%,$40,$17,$24,$2,$11,$31,$10,$0,$10,$3,$7,$7,$7,$12,$10,$41,41,$0.16,$0.15,$26,$34,$0,$93,$26,$0,$35,$1,$65,$158,$17,$0,$0,$3,$20,$0,$39,$1,$138,$158,$20,$4,$0,$5,$0,$0,$0,$-8,$-8,$17,$-8,$-0,$0,$0,$0,$0,$0,$-8,$0,$0,$0,$1,$1,$-23,$0,$-22,$-12,$2,$-23
29,2011-03-31,17.91,$3.36,5.33,$3.58,5.0,$1.52,11.75,$0.62,28.89,$0.09B,$0.02B,5.53,$0.00B,$0.14B,0.0,$0.15B,$0.09B,62.84%,$0.15B,$0.04B,25.68%,$0.15B,$0.04B,25.68%,$0.15B,$0.04B,29.73%,$0.15B,$0.04B,26.35%,$0.15B,$0.02B,16.22%,$0.02B,$0.14B,17.49%,$0.02B,$0.10B,22.59%,$0.02B,$0.16B,15.56%,$0.04B,$0.14B,27.69%,$40,$15,$25,$3,$13,$30,$10,$0,$10,$3,$7,$7,$7,$12,$10,$41,41,$0.17,$0.17,$28,$32,$0,$94,$25,$0,$36,$3,$63,$157,$17,$0,$0,$3,$20,$0,$40,$1,$138,$157,$13,$3,$0,$3,$0,$0,$0,$-6,$-6,$10,$-5,$-0,$0,$0,$0,$0,$0,$-5,$0,$0,$0,$1,$1,$-15,$0,$-15,$-10,$1,$-15
30,2010-12-31,17.15,$3.33,5.14,$3.35,5.13,$1.75,9.78,$0.59,29.06,$0.10B,$0.02B,5.44,$0.00B,$0.14B,0.0,$0.14B,$0.09B,63.04%,$0.14B,$0.04B,26.09%,$0.14B,$0.04B,26.09%,$0.14B,$0.04B,30.43%,$0.14B,$0.04B,26.81%,$0.14B,$0.02B,16.67%,$0.02B,$0.14B,16.73%,$0.02B,$0.10B,20.67%,$0.02B,$0.16B,15.03%,$0.04B,$0.14B,26.18%,$41,$15,$26,$2,$13,$30,$11,$0,$11,$4,$7,$7,$7,$11,$11,$41,41,$0.18,$0.18,$41,$29,$0,$95,$24,$0,$35,$1,$61,$156,$17,$0,$0,$2,$20,$0,$40,$0,$137,$156,$6,$1,$0,$1,$0,$0,$0,$6,$6,$14,$-3,$-0,$0,$0,$0,$0,$0,$-3,$0,$0,$0,$1,$1,$-8,$0,$-7,$4,$1,$-8
31,2010-09-30,16.05,$3.38,4.75,$3.47,4.62,$1.78,9.0,$0.66,24.32,$0.10B,$0.02B,6.56,$0.00B,$0.14B,0.0,$0.14B,$0.09B,61.54%,$0.14B,$0.04B,28.67%,$0.14B,$0.04B,28.67%,$0.14B,$0.05B,32.17%,$0.14B,$0.04B,29.37%,$0.14B,$0.03B,18.18%,$0.03B,$0.14B,18.81%,$0.03B,$0.10B,22.22%,$0.03B,$0.16B,17.02%,$0.04B,$0.14B,29.66%,$37,$14,$24,$2,$12,$28,$9,$0,$9,$3,$6,$6,$6,$10,$9,$41,41,$0.15,$0.15,$38,$28,$0,$95,$21,$0,$37,$1,$59,$155,$15,$0,$0,$3,$17,$0,$42,$1,$137,$155,$27,$5,$2,$7,$0,$0,$0,$-4,$-4,$30,$-3,$-0,$-20,$0,$0,$0,$7,$-16,$0,$0,$0,$1,$1,$-30,$0,$-29,$-16,$2,$-30
32,2010-06-30,12.36,$3.38,3.66,$3.64,3.39,$1.84,6.72,$0.75,16.48,$0.11B,$0.01B,9.25,$0.00B,$0.14B,0.0,$0.15B,$0.09B,61.74%,$0.15B,$0.05B,30.87%,$0.15B,$0.05B,30.87%,$0.15B,$0.05B,33.56%,$0.15B,$0.05B,30.87%,$0.15B,$0.03B,20.13%,$0.03B,$0.14B,21.66%,$0.03B,$0.12B,24.59%,$0.03B,$0.15B,19.61%,$0.05B,$0.14B,33.21%,$36,$14,$21,$2,$10,$27,$8,$0,$9,$3,$5,$5,$5,$11,$8,$41,41,$0.13,$0.12,$58,$27,$0,$110,$22,$0,$16,$1,$39,$149,$12,$0,$0,$0,$12,$0,$45,$-1,$137,$149,$21,$3,$1,$5,$0,$0,$0,$-2,$-2,$24,$-4,$0,$0,$7,$0,$7,$0,$4,$0,$0,$0,$1,$1,$-22,$0,$-22,$4,$1,$-22
33,2010-03-31,14.66,$3.42,4.29,$3.75,3.91,$1.89,7.76,$0.80,18.33,$0.11B,$0.01B,8.91,$0.00B,$0.14B,0.0,$0.15B,$0.09B,60.78%,$0.15B,$0.05B,32.03%,$0.15B,$0.05B,32.03%,$0.15B,$0.05B,34.64%,$0.15B,$0.05B,32.03%,$0.15B,$0.03B,21.57%,$0.03B,$0.14B,23.91%,$0.03B,$0.12B,27.27%,$0.03B,$0.15B,21.60%,$0.05B,$0.14B,35.51%,$34,$12,$22,$2,$9,$24,$10,$0,$10,$3,$6,$6,$6,$10,$10,$41,41,$0.16,$0.16,$61,$28,$0,$113,$21,$0,$16,$1,$39,$152,$13,$0,$0,$0,$13,$0,$46,$-0,$139,$152,$15,$2,$-0,$2,$0,$0,$0,$-0,$-0,$17,$-2,$0,$0,$-1,$0,$-1,$0,$-3,$0,$0,$0,$1,$1,$-15,$0,$-14,$-1,$1,$-15
34,2009-12-31,15.37,$3.46,4.44,$3.80,4.04,$1.80,8.52,$0.83,18.51,$0.12B,$0.01B,8.63,$0.00B,$0.14B,0.0,$0.16B,$0.09B,60.65%,$0.16B,$0.05B,32.90%,$0.16B,$0.05B,32.90%,$0.16B,$0.06B,35.48%,$0.16B,$0.05B,32.90%,$0.16B,$0.03B,21.94%,$0.03B,$0.14B,24.95%,$0.03B,$0.12B,28.57%,$0.03B,$0.16B,22.48%,$0.05B,$0.14B,37.43%,$31,$11,$20,$2,$9,$22,$9,$0,$9,$3,$6,$6,$6,$15,$9,$41,41,$0.15,$0.15,$67,$27,$0,$116,$21,$0,$17,$1,$39,$155,$13,$0,$0,$1,$14,$0,$48,$1,$140,$155,$9,$1,$0,$1,$0,$0,$0,$3,$3,$13,$-1,$0,$0,$-1,$0,$-1,$0,$-2,$0,$0,$0,$0,$0,$-7,$0,$-7,$4,$1,$-7
35,2009-09-30,17.69,$3.41,5.19,$3.60,4.91,$1.64,10.78,$0.81,21.84,$0.12B,$0.02B,6.99,$0.00B,$0.14B,0.0,$0.15B,$0.09B,62.59%,$0.15B,$0.05B,33.33%,$0.15B,$0.05B,33.33%,$0.15B,$0.05B,36.05%,$0.15B,$0.05B,33.33%,$0.15B,$0.03B,22.45%,$0.03B,$0.14B,24.63%,$0.03B,$0.12B,28.39%,$0.03B,$0.16B,22.15%,$0.05B,$0.14B,36.57%,$42,$17,$25,$2,$10,$29,$14,$-0,$14,$5,$9,$9,$9,$14,$14,$40,41,$0.22,$0.22,$61,$23,$0,$117,$20,$0,$17,$1,$39,$156,$17,$0,$0,$1,$18,$0,$46,$1,$138,$156,$33,$4,$1,$5,$0,$0,$0,$-5,$-5,$32,$-4,$-0,$-0,$0,$0,$0,$0,$-3,$0,$0,$0,$2,$2,$-26,$0,$-25,$5,$1,$-26
36,2009-06-30,15.85,$3.33,4.76,$3.46,4.58,$1.56,10.13,$0.78,20.32,$0.10B,$0.01B,8.4,$0.00B,$0.14B,0.0,$0.14B,$0.09B,63.12%,$0.14B,$0.05B,33.33%,$0.14B,$0.05B,33.33%,$0.14B,$0.05B,36.88%,$0.14B,$0.05B,34.04%,$0.14B,$0.03B,22.70%,$0.03B,$0.14B,24.33%,$0.03B,$0.12B,28.19%,$0.03B,$0.15B,21.84%,$0.05B,$0.14B,35.74%,$42,$18,$25,$2,$10,$29,$13,$0,$13,$4,$9,$9,$9,$14,$13,$40,41,$0.22,$0.21,$53,$22,$0,$103,$20,$7,$18,$1,$46,$148,$12,$0,$0,$1,$13,$0,$43,$0,$135,$148,$24,$3,$0,$4,$1,$0,$-4,$0,$-3,$24,$-2,$-0,$-0,$0,$0,$0,$0,$-2,$0,$0,$0,$1,$1,$-19,$0,$-18,$4,$1,$-19
37,2009-03-31,12.59,$3.26,3.86,$3.34,3.77,$1.50,8.42,$0.76,16.57,$0.10B,$0.01B,8.02,$0.00B,$0.13B,0.0,$0.14B,$0.09B,63.97%,$0.14B,$0.05B,33.09%,$0.14B,$0.05B,33.09%,$0.14B,$0.05B,36.76%,$0.14B,$0.05B,33.82%,$0.14B,$0.03B,22.79%,$0.03B,$0.13B,24.08%,$0.03B,$0.11B,28.05%,$0.03B,$0.15B,21.42%,$0.05B,$0.13B,34.95%,$38,$15,$23,$2,$9,$26,$13,$0,$13,$4,$9,$9,$9,$12,$13,$41,41,$0.21,$0.21,$48,$24,$0,$100,$20,$7,$18,$1,$46,$146,$12,$0,$0,$1,$14,$0,$42,$-0,$132,$146,$15,$2,$0,$2,$-2,$0,$-3,$0,$-5,$13,$-2,$0,$-0,$0,$0,$0,$0,$-1,$0,$0,$0,$1,$1,$-13,$-0,$-12,$-1,$1,$-13
38,2008-12-31,17.56,$3.26,5.39,$3.41,5.15,$1.50,11.73,$0.76,23.1,$0.10B,$0.01B,7.67,$0.00B,$0.13B,0.0,$0.14B,$0.09B,62.59%,$0.14B,$0.05B,32.37%,$0.14B,$0.05B,32.37%,$0.14B,$0.05B,35.97%,$0.14B,$0.05B,33.09%,$0.14B,$0.03B,22.30%,$0.03B,$0.13B,24.55%,$0.03B,$0.11B,28.77%,$0.03B,$0.15B,21.60%,$0.05B,$0.13B,35.64%,$33,$12,$21,$2,$8,$22,$11,$0,$11,$4,$7,$7,$7,$13,$11,$40,41,$0.18,$0.18,$50,$25,$0,$100,$20,$7,$18,$1,$46,$146,$13,$0,$0,$2,$15,$0,$41,$0,$131,$146,$8,$1,$0,$1,$-0,$0,$-3,$0,$-3,$6,$-1,$0,$0,$0,$0,$0,$0,$-0,$0,$0,$0,$0,$0,$-6,$-0,$-5,$0,$0,$-6
39,2008-09-30,19.9,$3.19,6.24,$3.40,5.85,$1.55,12.82,$0.74,26.89,$0.10B,$0.02B,6.19,$0.00B,$0.13B,0.0,$0.14B,$0.09B,61.87%,$0.14B,$0.04B,31.65%,$0.14B,$0.04B,31.65%,$0.14B,$0.05B,35.25%,$0.14B,$0.05B,33.09%,$0.14B,$0.03B,21.58%,$0.03B,$0.13B,24.44%,$0.03B,$0.11B,28.85%,$0.03B,$0.15B,21.31%,$0.04B,$0.13B,35.85%,$34,$11,$23,$2,$9,$22,$12,$0,$12,$4,$8,$8,$8,$13,$12,$40,41,$0.20,$0.20,$49,$20,$0,$99,$20,$7,$19,$1,$47,$146,$16,$0,$0,$2,$18,$0,$39,$0,$128,$146,$30,$4,$3,$7,$0,$0,$0,$-8,$-8,$30,$-4,$-1,$-0,$-8,$0,$-8,$0,$-13,$0,$0,$0,$5,$5,$-21,$0,$-17,$-0,$2,$-21
40,2008-06-30,18.35,$3.11,5.9,$3.31,5.54,$1.50,12.22,$0.71,25.84,$0.09B,$0.01B,6.57,$0.00B,$0.12B,0.0,$0.14B,$0.08B,61.48%,$0.14B,$0.04B,31.11%,$0.14B,$0.04B,31.11%,$0.14B,$0.05B,34.07%,$0.14B,$0.04B,31.85%,$0.14B,$0.03B,20.74%,$0.03B,$0.12B,23.53%,$0.03B,$0.11B,28.00%,$0.03B,$0.14B,20.36%,$0.04B,$0.12B,35.29%,$36,$14,$22,$2,$9,$25,$11,$0,$12,$4,$8,$8,$8,$12,$11,$40,41,$0.19,$0.19,$47,$21,$0,$94,$19,$8,$19,$1,$47,$141,$14,$0,$0,$3,$17,$0,$37,$1,$124,$141,$23,$3,$2,$5,$-1,$0,$-4,$-0,$-6,$22,$-3,$-1,$-0,$0,$0,$0,$-8,$-12,$0,$0,$0,$3,$3,$-16,$0,$-13,$-2,$1,$-16
41,2008-03-31,22.67,$3.03,7.47,$3.24,7.01,$1.43,15.83,$0.74,30.63,$0.09B,$0.02B,5.76,$0.00B,$0.12B,0.0,$0.13B,$0.08B,61.36%,$0.13B,$0.04B,30.30%,$0.13B,$0.04B,30.30%,$0.13B,$0.05B,34.09%,$0.13B,$0.04B,31.82%,$0.13B,$0.03B,21.97%,$0.03B,$0.12B,25.16%,$0.03B,$0.10B,30.21%,$0.03B,$0.14B,21.68%,$0.04B,$0.12B,34.71%,$33,$12,$21,$1,$9,$22,$11,$0,$11,$4,$8,$8,$8,$12,$11,$40,41,$0.19,$0.19,$45,$21,$0,$94,$19,$8,$19,$1,$46,$141,$16,$0,$0,$3,$19,$0,$35,$1,$122,$141,$15,$2,$2,$4,$-4,$0,$-2,$-1,$-6,$13,$-2,$-0,$-0,$-8,$0,$-8,$0,$-10,$0,$0,$0,$0,$0,$-10,$3,$-7,$-4,$1,$-10
42,2007-12-31,20.31,$2.92,6.95,$3.14,6.46,$1.33,15.29,$0.71,28.74,$0.10B,$0.02B,6.17,$0.00B,$0.12B,0.0,$0.13B,$0.08B,61.72%,$0.13B,$0.04B,29.69%,$0.13B,$0.04B,29.69%,$0.13B,$0.04B,33.59%,$0.13B,$0.04B,31.25%,$0.13B,$0.03B,21.88%,$0.03B,$0.12B,25.34%,$0.03B,$0.10B,30.77%,$0.03B,$0.14B,21.71%,$0.04B,$0.12B,34.39%,$36,$15,$21,$2,$9,$26,$11,$0,$11,$4,$7,$7,$7,$12,$11,$40,41,$0.18,$0.18,$54,$20,$0,$96,$18,$0,$19,$1,$39,$135,$16,$0,$0,$3,$18,$83,$33,$0,$117,$135,$7,$1,$0,$1,$2,$0,$-2,$-0,$-0,$9,$-1,$0,$0,$0,$-5,$-5,$0,$-6,$0,$0,$0,$1,$1,$-4,$0,$-4,$-1,$0,$-4
43,2007-09-30,20.39,$2.83,7.19,$3.03,6.73,$1.24,16.41,$0.67,30.59,$0.09B,$0.02B,5.49,$0.00B,$0.11B,0.0,$0.12B,$0.08B,60.98%,$0.12B,$0.04B,28.46%,$0.12B,$0.04B,28.46%,$0.12B,$0.04B,32.52%,$0.12B,$0.04B,29.27%,$0.12B,$0.03B,21.95%,$0.03B,$0.11B,25.53%,$0.03B,$0.09B,31.40%,$0.03B,$0.13B,21.47%,$0.04B,$0.11B,32.94%,$34,$12,$22,$2,$9,$23,$11,$0,$12,$4,$7,$7,$7,$10,$11,$40,41,$0.19,$0.18,$49,$18,$0,$94,$18,$0,$19,$1,$39,$133,$17,$0,$0,$3,$20,$0,$30,$0,$113,$133,$27,$4,$3,$8,$0,$0,$0,$-6,$-8,$27,$-3,$-0,$-1,$4,$0,$4,$0,$-0,$-0,$0,$-0,$3,$3,$-16,$0,$-13,$13,$3,$-16
44,2007-06-30,14.5,$2.74,5.3,$2.95,4.91,$1.14,12.68,$0.63,23.13,$0.09B,$0.01B,6.48,$0.00B,$0.11B,0.0,$0.12B,$0.07B,60.83%,$0.12B,$0.03B,27.50%,$0.12B,$0.03B,27.50%,$0.12B,$0.04B,32.50%,$0.12B,$0.03B,28.33%,$0.12B,$0.03B,21.67%,$0.03B,$0.11B,25.74%,$0.03B,$0.09B,32.10%,$0.03B,$0.13B,21.18%,$0.03B,$0.11B,32.35%,$32,$13,$19,$2,$9,$24,$9,$0,$9,$3,$6,$6,$6,$11,$9,$40,41,$0.16,$0.15,$46,$19,$0,$87,$18,$0,$20,$1,$39,$126,$13,$0,$0,$3,$17,$0,$29,$0,$109,$126,$20,$3,$-0,$3,$0,$0,$-5,$-0,$-5,$18,$-2,$-0,$-1,$4,$0,$4,$0,$1,$-0,$0,$-0,$2,$2,$-11,$0,$-9,$10,$1,$-11
45,2007-03-31,12.32,$2.60,4.75,$2.88,4.28,$1.04,11.84,$0.53,23.4,$0.08B,$0.02B,5.51,$0.00B,$0.10B,0.0,$0.12B,$0.07B,59.83%,$0.12B,$0.03B,26.50%,$0.12B,$0.03B,26.50%,$0.12B,$0.04B,30.77%,$0.12B,$0.03B,26.50%,$0.12B,$0.02B,18.80%,$0.02B,$0.10B,22.74%,$0.02B,$0.08B,28.76%,$0.02B,$0.12B,18.33%,$0.03B,$0.10B,31.55%,$30,$10,$19,$1,$9,$20,$9,$0,$10,$1,$9,$9,$9,$10,$9,$40,41,$0.22,$0.22,$40,$19,$0,$82,$18,$0,$20,$1,$39,$122,$15,$0,$0,$4,$19,$0,$24,$0,$103,$122,$11,$2,$2,$4,$-1,$0,$-6,$-0,$-7,$8,$-2,$-0,$-1,$4,$0,$4,$0,$1,$-0,$0,$-0,$1,$1,$-7,$0,$-6,$4,$1,$-7
46,2006-12-31,10.83,$2.50,4.33,$2.79,3.88,$0.99,10.96,$0.50,21.66,$0.08B,$0.02B,4.45,$0.00B,$0.10B,0.02,$0.11B,$0.07B,60.18%,$0.11B,$0.03B,25.66%,$0.11B,$0.03B,25.66%,$0.11B,$0.03B,30.09%,$0.11B,$0.03B,25.66%,$0.11B,$0.02B,18.58%,$0.02B,$0.10B,22.52%,$0.02B,$0.08B,28.87%,$0.02B,$0.12B,17.95%,$0.03B,$0.10B,30.45%,$32,$13,$19,$2,$8,$23,$9,$0,$9,$3,$6,$6,$6,$9,$9,$40,40,$0.15,$0.15,$42,$19,$0,$83,$18,$0,$21,$1,$39,$122,$19,$1,$0,$5,$24,$0,$22,$0,$98,$122,$6,$1,$1,$2,$0,$0,$-3,$-0,$-3,$5,$-0,$0,$-0,$4,$0,$4,$0,$3,$0,$0,$0,$1,$1,$-3,$0,$-2,$6,$0,$-3
