,Date,Stock Price,Book Value per Share,Price to Book Ratio,TTM Sales per Share,Price to Sales Ratio,TTM FCF per Share,Price to FCF Ratio,TTM Net EPS,PE Ratio,Current Assets,Current Liabilities,Current Ratio,Long Term Debt,Shareholder's Equity_x,Debt to Equity Ratio,TTM Revenue_x,TTM Gross Profit,Gross Margin,TTM Revenue_y,TTM Operating Income,Operating Margin,TTM Revenue_x,TTM EBIT,EBIT Margin,TTM Revenue_y,TTM EBITDA,EBITDA Margin,TTM Revenue_x,TTM Pre-Tax Income,Pre-Tax Margin,TTM Revenue_y,TTM Net Income_x,Net Margin,TTM Net Income_y,Shareholder's Equity_y,Return on Equity,TTM Net Income_x,Tangible Equity,Return on Tangible Equity,TTM Net Income_y,Total Assets,Return on Assets,TTM Net Income,LT Investments & Debt,Return on Investment,revenue,cost-goods-sold,gross-profit,research-development-expenses,selling-general-administrative-expenses,operating-expenses,operating-income,total-non-operating-income-expense,pre-tax-income,total-provision-income-taxes,income-after-taxes,income-from-continuous-operations,net-income,ebitda,ebit,basic-shares-outstanding,shares-outstanding,eps-basic-net-earnings-per-share,eps-earnings-per-share-diluted,cash-on-hand,inventory,other-current-assets,total-current-assets,net-property-plant-equipment,long-term-investments,goodwill-intangible-assets-total,other-long-term-assets,total-long-term-assets,total-assets,total-current-liabilities,long-term-debt,other-non-current-liabilities,total-long-term-liabilities,total-liabilities,common-stock-net,retained-earnings-accumulated-deficit,comprehensive-income,total-share-holder-equity,total-liabilities-share-holders-equity,net-income-loss,total-depreciation-amortization-cash-flow,other-non-cash-items,total-non-cash-items,change-in-accounts-receivable,change-in-inventories,change-in-accounts-payable,change-in-assets-liabilities,total-change-in-assets-liabilities,cash-flow-from-operating-activities,net-change-in-property-plant-equipment,net-change-in-intangible-assets,net-acquisitions-divestitures,net-change-in-short-term-investments,net-change-in-long-term-investments,net-change-in-investments-total,investing-activities-other,cash-flow-from-investing-activities,net-long-term-debt,net-current-debt,debt-issuance-retirement-net-total,net-common-equity-issued-repurchased,net-total-equity-issued-repurchased,total-common-preferred-stock-dividends-paid,financial-activities-other,cash-flow-from-financial-activities,net-cash-flow,stock-based-compensation,common-stock-dividends-paid
0,2018-09-30,113.75,$54.07,2.1,$264.85,0.43,$15.23,7.47,$10.48,10.85,$19.89B,$12.48B,1.59,$8.88B,$22.96B,0.39,$114.70B,$11.60B,10.11%,$114.70B,$4.15B,3.62%,$114.70B,$4.15B,3.62%,$114.70B,$6.18B,5.39%,$114.70B,$3.77B,3.29%,$114.70B,$4.54B,3.96%,$4.54B,$22.96B,19.83%,$4.54B,$22.96B,19.83%,$4.54B,$51.89B,8.99%,$4.15B,$31.84B,13.16%,$30849,$29398,$1451,$0,$209,$29630,$1219,$-69,$1150,$276,$874,$874,$856,$1736,$1219,$425,427,$2.01,$2.01,$3551,$7501,$0,$19891,$28428,$0,$0,$0,$32003,$51894,$12482,$8877,$2850,$16452,$28934,$7,$30430,$-1235,$22960,$51894,$2331,$1538,$-62,$1476,$0,$0,$0,$-1114,$-1114,$2693,$-1257,$0,$-735,$0,$-124,$-124,$-652,$-2768,$-23,$0,$-23,$-1081,$-1081,$-1094,$17,$-2181,$-2299,$0,$-1094
1,2018-06-30,110.06,$53.23,2.07,$246.03,0.45,$18.47,5.96,$10.38,10.6,$18.95B,$11.34B,1.67,$8.88B,$22.80B,0.39,$107.41B,$11.76B,10.95%,$107.41B,$4.27B,3.97%,$107.41B,$4.27B,3.97%,$107.41B,$6.27B,5.84%,$107.41B,$3.86B,3.59%,$107.41B,$4.53B,4.21%,$4.53B,$22.80B,20.15%,$4.53B,$22.80B,20.15%,$4.53B,$50.68B,9.13%,$4.27B,$31.68B,13.77%,$31015,$29480,$1535,$0,$248,$29762,$1253,$-129,$1124,$249,$875,$875,$845,$1776,$1253,$429,431,$1.96,$1.96,$4451,$6420,$0,$18948,$28180,$0,$0,$0,$31730,$50678,$11341,$8876,$2897,$16533,$27874,$7,$29915,$-1262,$22804,$50678,$1457,$1021,$-24,$997,$0,$0,$0,$-257,$-257,$2197,$-818,$0,$-707,$0,$-119,$-119,$-488,$-2132,$-31,$0,$-31,$-647,$-647,$-740,$16,$-1402,$-1399,$0,$-740
2,2018-03-31,91.49,$53.20,1.72,$223.97,0.41,$20.23,4.52,$9.65,9.48,$18.26B,$10.75B,1.7,$8.09B,$22.93B,0.35,$98.65B,$11.27B,11.43%,$98.65B,$3.87B,3.93%,$98.65B,$3.87B,3.93%,$98.65B,$5.86B,5.94%,$98.65B,$3.51B,3.55%,$98.65B,$4.23B,4.29%,$4.23B,$22.93B,19.26%,$4.23B,$22.93B,19.26%,$4.23B,$49.38B,8.74%,$3.87B,$31.01B,12.76%,$26439,$25377,$1062,$0,$238,$25638,$801,$-70,$731,$149,$582,$582,$469,$1299,$801,$431,432,$1.09,$1.09,$4658,$6555,$0,$18260,$27731,$0,$0,$0,$31116,$49376,$10752,$8086,$2902,$15699,$26451,$7,$29415,$-983,$22925,$49376,$582,$498,$2,$500,$0,$0,$0,$-944,$-944,$138,$-384,$0,$-85,$0,$-55,$-55,$-228,$-752,$83,$0,$83,$-320,$-320,$-356,$20,$-573,$-1192,$0,$-356
3,2017-12-31,89.83,$52.78,1.7,$211.04,0.43,$22.37,4.02,$9.24,9.72,$19.31B,$11.07B,1.74,$8.75B,$22.90B,0.38,$93.98B,$10.94B,11.64%,$93.98B,$3.60B,3.83%,$93.98B,$3.60B,3.83%,$93.98B,$5.59B,5.94%,$93.98B,$3.21B,3.41%,$93.98B,$4.07B,4.33%,$4.07B,$22.90B,19.01%,$4.07B,$22.90B,19.01%,$4.07B,$50.16B,8.55%,$3.60B,$31.65B,12.06%,$26392,$18844,$7548,$0,$243,$25513,$879,$-114,$765,$-1635,$2400,$2400,$2371,$1369,$879,$442,444,$5.35,$5.34,$5850,$6384,$0,$19312,$27480,$0,$0,$0,$30846,$50158,$11071,$8750,$2729,$16187,$27258,$7,$29200,$-940,$22900,$50158,$4156,$1986,$-2543,$-557,$0,$0,$0,$1883,$1883,$5482,$-1379,$0,$-72,$0,$-406,$-406,$-525,$-2382,$359,$0,$359,$-1326,$-1326,$-1309,$4,$-2272,$1034,$0,$-1309
4,2017-09-30,74.56,$48.46,1.54,$196.24,0.38,$20.76,3.59,$4.63,16.1,$17.44B,$9.13B,1.91,$8.36B,$21.22B,0.39,$88.30B,$5.81B,6.57%,$88.30B,$3.34B,3.78%,$88.30B,$3.34B,3.78%,$88.30B,$5.30B,6.01%,$88.30B,$2.97B,3.36%,$88.30B,$2.06B,2.33%,$2.06B,$21.22B,9.87%,$2.06B,$21.22B,9.87%,$2.06B,$47.99B,4.43%,$3.34B,$29.59B,11.47%,$23562,$21948,$1614,$0,$225,$22230,$1332,$-91,$1241,$378,$863,$863,$841,$1829,$1332,$439,441,$1.91,$1.91,$5176,$6137,$0,$17442,$27274,$0,$0,$0,$30546,$47988,$9130,$8364,$1908,$17634,$26764,$7,$27135,$-893,$21224,$47988,$1756,$1496,$80,$1576,$0,$0,$0,$490,$490,$3822,$-913,$0,$-72,$0,$-373,$-373,$-382,$-1740,$-15,$0,$-15,$-915,$-915,$-992,$-21,$-1943,$360,$0,$-992
5,2017-06-30,64.71,$46.98,1.38,$185.52,0.35,$20.49,3.16,$4.05,15.98,$15.73B,$7.68B,2.05,$8.37B,$20.77B,0.4,$84.39B,$6.81B,8.07%,$84.39B,$2.90B,3.44%,$84.39B,$2.90B,3.44%,$84.39B,$4.84B,5.73%,$84.39B,$2.52B,2.99%,$84.39B,$1.83B,2.17%,$1.83B,$20.77B,8.79%,$1.83B,$20.77B,8.79%,$1.83B,$45.97B,3.97%,$2.90B,$29.13B,10.01%,$22254,$21205,$1049,$0,$175,$21394,$860,$-92,$768,$196,$572,$572,$548,$1359,$860,$444,446,$1.23,$1.23,$5207,$5674,$0,$15731,$27054,$0,$0,$0,$30243,$45974,$7683,$8366,$1906,$17526,$25209,$7,$26603,$-1123,$20765,$45974,$893,$999,$24,$1023,$0,$0,$0,$869,$869,$2785,$-572,$0,$-72,$0,$-222,$-222,$-308,$-1174,$-11,$0,$-11,$-624,$-624,$-672,$-21,$-1328,$391,$0,$-672
6,2017-03-31,62.92,$46.18,1.36,$177.30,0.35,$20.53,3.06,$4.55,13.83,$15.91B,$7.90B,2.01,$8.37B,$20.65B,0.41,$81.72B,$8.68B,10.62%,$81.72B,$3.27B,4.00%,$81.72B,$3.27B,4.00%,$81.72B,$5.18B,6.34%,$81.72B,$2.89B,3.53%,$81.72B,$2.10B,2.57%,$2.10B,$20.65B,9.99%,$2.10B,$20.65B,9.99%,$2.10B,$46.05B,4.56%,$3.27B,$29.02B,11.39%,$21772,$21040,$732,$0,$192,$21244,$528,$-95,$433,$112,$321,$321,$305,$1028,$528,$448,451,$0.68,$0.68,$4463,$6025,$0,$15908,$26991,$0,$0,$0,$30139,$46047,$7899,$8369,$1932,$17497,$25396,$7,$26366,$-1334,$20651,$46047,$321,$500,$-4,$496,$0,$0,$0,$171,$171,$988,$-279,$0,$-72,$0,$-117,$-117,$-246,$-714,$-5,$0,$-5,$-279,$-279,$-349,$-19,$-652,$-353,$0,$-349
7,2016-12-31,64.18,$46.19,1.39,$162.38,0.4,$19.65,3.27,$4.92,13.04,$16.80B,$8.33B,2.02,$7.89B,$20.85B,0.38,$75.66B,$10.44B,13.80%,$75.66B,$3.57B,4.72%,$75.66B,$3.57B,4.72%,$75.66B,$5.47B,7.22%,$75.66B,$3.18B,4.21%,$75.66B,$2.29B,3.03%,$2.29B,$20.85B,10.79%,$2.29B,$20.85B,10.79%,$2.29B,$46.17B,5.03%,$3.57B,$28.74B,12.48%,$20712,$18302,$2410,$0,$1322,$20092,$620,$-91,$529,$113,$416,$416,$367,$1088,$620,$461,464,$0.82,$0.83,$4816,$5709,$0,$16800,$26472,$0,$0,$0,$29373,$46173,$8328,$7886,$1744,$16991,$25319,$7,$26366,$-1410,$20854,$46173,$2417,$1894,$-461,$1433,$0,$0,$0,$970,$970,$4820,$-1278,$0,$0,$0,$-4,$-4,$-724,$-2006,$678,$0,$678,$-1320,$-1320,$-1176,$-194,$-2012,$702,$0,$-1176
8,2016-09-30,49.32,$46.64,1.06,$155.30,0.32,$20.00,2.47,$4.73,10.43,$16.88B,$8.22B,2.05,$7.89B,$21.13B,0.37,$73.72B,$10.39B,14.10%,$73.72B,$3.60B,4.88%,$73.72B,$3.60B,4.88%,$73.72B,$5.52B,7.48%,$73.72B,$3.20B,4.34%,$73.72B,$2.22B,3.01%,$2.22B,$21.13B,10.40%,$2.22B,$21.13B,10.40%,$2.22B,$46.27B,4.93%,$3.60B,$29.02B,12.59%,$19649,$17033,$2616,$0,$1254,$18757,$892,$-103,$789,$144,$645,$645,$613,$1362,$892,$458,460,$1.33,$1.33,$5949,$5979,$0,$16878,$26518,$0,$0,$0,$29387,$46265,$8224,$7888,$1654,$16911,$25135,$7,$26270,$-1120,$21130,$46265,$2001,$1426,$-498,$928,$0,$0,$0,$893,$893,$3822,$-912,$0,$0,$0,$0,$0,$-472,$-1384,$1625,$0,$1625,$-1164,$-1164,$-840,$-200,$-579,$1835,$0,$-840
9,2016-06-30,46.92,$46.30,1.01,$158.29,0.3,$21.64,2.17,$6.19,7.58,$16.18B,$8.65B,1.87,$6.65B,$21.40B,0.31,$76.65B,$11.68B,15.24%,$76.65B,$4.85B,6.32%,$76.65B,$4.85B,6.32%,$76.65B,$6.78B,8.84%,$76.65B,$4.44B,5.80%,$76.65B,$2.98B,3.89%,$2.98B,$21.40B,13.86%,$2.98B,$21.40B,13.86%,$2.98B,$45.45B,6.64%,$4.85B,$28.05B,16.94%,$19584,$16666,$2918,$0,$1160,$18353,$1231,$-97,$1134,$291,$843,$843,$814,$1702,$1231,$467,470,$1.74,$1.73,$4925,$6137,$0,$16180,$26589,$0,$0,$0,$29272,$45452,$8652,$6646,$1471,$15396,$24048,$7,$25933,$-1002,$21404,$45452,$1356,$956,$-496,$460,$0,$0,$0,$1143,$1143,$2959,$-610,$0,$0,$0,$0,$0,$-321,$-931,$173,$0,$173,$-665,$-665,$-564,$-181,$-1237,$811,$0,$-564
10,2016-03-31,58.37,$45.75,1.28,$166.07,0.35,$22.42,2.6,$7.12,8.2,$14.86B,$6.78B,2.19,$7.21B,$21.50B,0.34,$82.19B,$12.49B,15.19%,$82.19B,$5.69B,6.93%,$82.19B,$5.69B,6.93%,$82.19B,$7.58B,9.22%,$82.19B,$5.28B,6.43%,$82.19B,$3.52B,4.28%,$3.52B,$21.50B,16.24%,$3.52B,$21.50B,16.24%,$3.52B,$44.26B,7.74%,$5.69B,$28.70B,19.70%,$15714,$13214,$2500,$0,$1186,$14885,$829,$-99,$730,$217,$513,$513,$495,$1314,$829,$469,471,$1.05,$1.05,$3778,$6056,$0,$14861,$26745,$0,$0,$0,$29398,$44259,$6775,$7207,$1590,$15989,$22764,$7,$25401,$-802,$21495,$44259,$513,$485,$-172,$313,$0,$0,$0,$-186,$-186,$640,$-316,$0,$0,$0,$-2,$-2,$-163,$-481,$-3,$0,$-3,$-265,$-265,$-282,$6,$-544,$-336,$0,$-282
11,2015-12-31,63.68,$45.14,1.41,$174.04,0.37,$23.62,2.7,$7.94,8.02,$14.90B,$6.99B,2.13,$7.21B,$21.35B,0.34,$87.80B,$13.15B,14.98%,$87.80B,$6.36B,7.24%,$87.80B,$6.36B,7.24%,$87.80B,$8.20B,9.34%,$87.80B,$5.97B,6.80%,$87.80B,$3.99B,4.54%,$3.99B,$21.35B,18.44%,$3.99B,$21.35B,18.44%,$3.99B,$44.23B,8.70%,$6.36B,$28.56B,22.03%,$18777,$16417,$2360,$0,$1220,$18131,$646,$-96,$550,$155,$395,$395,$298,$1140,$646,$497,500,$0.67,$0.67,$4114,$5898,$0,$14898,$26703,$0,$0,$0,$29329,$44227,$6994,$7208,$1611,$15879,$22873,$7,$25188,$-933,$21354,$44227,$4101,$1842,$955,$2797,$0,$0,$0,$-1287,$-1287,$5611,$-1618,$0,$0,$0,$-141,$-141,$-728,$-2487,$933,$0,$933,$-2615,$-2615,$-893,$30,$-2545,$425,$0,$-893
12,2015-09-30,53.74,$45.27,1.19,$189.05,0.28,$19.58,2.75,$9.54,5.63,$16.83B,$8.29B,2.03,$7.25B,$21.87B,0.33,$96.89B,$14.33B,14.79%,$96.89B,$7.51B,7.75%,$96.89B,$7.51B,7.75%,$96.89B,$9.28B,9.58%,$96.89B,$7.13B,7.35%,$96.89B,$4.85B,5.00%,$4.85B,$21.87B,22.42%,$4.85B,$21.87B,22.42%,$4.85B,$45.83B,10.50%,$7.51B,$29.12B,26.36%,$22579,$18677,$3902,$0,$1281,$20440,$2139,$-109,$2030,$657,$1373,$1373,$1377,$2621,$2139,$491,494,$2.79,$2.79,$5301,$6557,$0,$16827,$26688,$0,$0,$0,$28998,$45825,$8289,$7252,$1760,$15668,$23957,$7,$25130,$-795,$21868,$45825,$3706,$1348,$77,$1425,$1093,$-45,$-1007,$-64,$-7,$5124,$-1186,$0,$0,$0,$0,$0,$-493,$-1679,$937,$0,$937,$-2071,$-2071,$-608,$15,$-1727,$1612,$0,$-608
13,2015-06-30,55.64,$44.04,1.26,$208.27,0.27,$14.98,3.71,$8.75,6.36,$18.49B,$9.87B,1.88,$7.20B,$22.01B,0.33,$108.72B,$13.81B,12.71%,$108.72B,$7.04B,6.47%,$108.72B,$7.04B,6.47%,$108.72B,$8.76B,8.06%,$108.72B,$6.68B,6.14%,$108.72B,$4.53B,4.17%,$4.53B,$22.01B,21.15%,$4.53B,$22.01B,21.15%,$4.53B,$47.60B,9.67%,$7.04B,$29.21B,25.22%,$25118,$21394,$3724,$0,$1221,$23040,$2078,$-105,$1973,$608,$1365,$1365,$1351,$2503,$2078,$505,508,$2.67,$2.66,$5764,$6618,$0,$18492,$26734,$0,$0,$0,$29107,$47599,$9865,$7199,$1889,$15728,$25593,$7,$23953,$-529,$22006,$47599,$2333,$866,$-82,$784,$77,$-19,$575,$37,$645,$3762,$-828,$0,$0,$0,$0,$0,$-386,$-1214,$967,$0,$967,$-972,$-972,$-409,$-18,$-432,$2075,$0,$-409
14,2015-03-31,56.16,$41.82,1.34,$224.20,0.25,$10.00,5.61,$7.19,7.81,$16.79B,$8.63B,1.94,$7.22B,$21.34B,0.34,$118.51B,$12.84B,10.83%,$118.51B,$6.05B,5.10%,$118.51B,$6.05B,5.10%,$118.51B,$7.76B,6.54%,$118.51B,$5.70B,4.81%,$118.51B,$3.77B,3.18%,$3.77B,$21.34B,17.86%,$3.77B,$21.34B,17.86%,$3.77B,$45.74B,8.07%,$6.05B,$28.57B,22.20%,$21330,$18163,$3167,$0,$1231,$19835,$1495,$-77,$1418,$450,$968,$968,$964,$1936,$1495,$513,516,$1.87,$1.87,$4870,$6666,$0,$16788,$26596,$0,$0,$0,$28953,$45741,$8634,$7224,$1917,$15765,$24399,$7,$22804,$-730,$21342,$45741,$968,$441,$-61,$380,$0,$0,$0,$85,$85,$1433,$-458,$0,$0,$0,$0,$0,$-255,$-713,$1043,$0,$1043,$-310,$-310,$-206,$-1,$526,$1181,$0,$-206
15,2014-12-31,43.38,$41.31,1.05,$245.67,0.18,$7.84,5.53,$6.86,6.32,$16.61B,$9.98B,1.67,$5.78B,$21.24B,0.27,$130.84B,$12.70B,9.71%,$130.84B,$5.90B,4.51%,$130.84B,$5.90B,4.51%,$130.84B,$7.59B,5.80%,$130.84B,$5.55B,4.24%,$130.84B,$3.63B,2.77%,$3.63B,$21.24B,17.40%,$3.63B,$21.24B,17.40%,$3.63B,$45.55B,7.72%,$5.90B,$27.02B,22.14%,$27859,$24321,$3538,$0,$1317,$26063,$1796,$-92,$1704,$484,$1220,$1220,$1155,$2221,$1796,$526,530,$2.21,$2.21,$3689,$6623,$0,$16614,$26735,$0,$0,$0,$28936,$45550,$9980,$5780,$1939,$14326,$24306,$7,$22046,$-367,$21244,$45550,$3711,$1690,$508,$2198,$2753,$-1014,$-3149,$110,$-1668,$4241,$-2153,$0,$0,$0,$-14,$-14,$-677,$-2844,$-176,$0,$-176,$-1249,$-1249,$-554,$49,$-1930,$-603,$0,$-554
16,2014-09-30,40.32,$40.26,1.0,$255.93,0.16,$10.19,3.96,$7.02,5.74,$19.67B,$13.46B,1.46,$5.78B,$21.06B,0.28,$137.41B,$12.42B,9.04%,$137.41B,$5.67B,4.12%,$137.41B,$5.67B,4.12%,$137.41B,$7.37B,5.36%,$137.41B,$5.65B,4.11%,$137.41B,$3.76B,2.74%,$3.76B,$21.06B,18.33%,$3.76B,$21.06B,18.33%,$3.76B,$48.46B,7.93%,$5.67B,$26.85B,21.41%,$34408,$31023,$3385,$0,$1285,$32738,$1670,$-87,$1583,$521,$1062,$1062,$1059,$2100,$1670,$526,530,$2.01,$2.00,$4191,$6860,$0,$19666,$26449,$0,$0,$0,$28789,$48455,$13460,$5783,$1549,$13933,$27393,$7,$21034,$149,$21062,$48455,$2491,$1265,$254,$1519,$503,$-1164,$-57,$44,$-766,$3244,$-1453,$0,$0,$0,$0,$0,$-533,$-1986,$-200,$0,$-200,$-762,$-762,$-411,$57,$-1316,$-101,$0,$-411
17,2014-06-30,43.44,$39.10,1.11,$257.32,0.17,$9.28,4.68,$5.59,7.77,$18.45B,$12.52B,1.47,$5.78B,$20.72B,0.28,$139.14B,$11.24B,8.08%,$139.14B,$4.53B,3.25%,$139.14B,$4.53B,3.25%,$139.14B,$6.25B,4.49%,$139.14B,$4.51B,3.24%,$139.14B,$3.02B,2.17%,$3.02B,$20.72B,15.18%,$3.02B,$20.72B,15.21%,$3.02B,$47.01B,6.43%,$4.53B,$26.50B,17.47%,$34914,$32167,$2747,$0,$1248,$33829,$1085,$-86,$999,$343,$656,$656,$588,$1499,$1085,$529,534,$1.11,$1.10,$3480,$6526,$0,$18450,$26122,$0,$0,$0,$28563,$47013,$12523,$5784,$1327,$13770,$26293,$7,$20120,$426,$20720,$47013,$1429,$835,$136,$971,$0,$0,$0,$-1022,$-1022,$1378,$-954,$0,$0,$0,$0,$0,$-412,$-1366,$-200,$0,$-200,$-423,$-423,$-266,$62,$-827,$-812,$0,$-266
18,2014-03-31,45.83,$38.26,1.2,$254.04,0.18,$11.41,4.02,$5.34,8.58,$19.03B,$12.93B,1.47,$5.86B,$20.41B,0.29,$138.26B,$11.00B,7.96%,$138.26B,$4.25B,3.07%,$138.26B,$4.25B,3.07%,$138.26B,$5.96B,4.31%,$138.26B,$4.25B,3.07%,$138.26B,$2.89B,2.09%,$2.89B,$20.41B,15.08%,$2.89B,$20.41B,15.14%,$2.89B,$47.10B,6.26%,$4.25B,$26.27B,16.75%,$33663,$30630,$3033,$0,$1261,$32312,$1351,$-85,$1266,$429,$837,$837,$828,$1772,$1351,$531,536,$1.55,$1.54,$3647,$7106,$0,$19030,$25766,$0,$0,$0,$28069,$47099,$12926,$5860,$1290,$13765,$26691,$7,$19665,$277,$20408,$47099,$836,$421,$88,$509,$0,$0,$0,$-1101,$-1101,$244,$-388,$0,$0,$0,$0,$0,$-170,$-558,$0,$0,$0,$-202,$-202,$-133,$23,$-312,$-645,$0,$-133
19,2013-12-31,43.27,$37.24,1.16,$251.44,0.17,$13.42,3.22,$4.98,8.69,$19.28B,$13.12B,1.47,$6.26B,$19.95B,0.31,$138.07B,$10.76B,7.79%,$138.07B,$3.96B,2.87%,$138.07B,$3.96B,2.87%,$138.07B,$5.68B,4.11%,$138.07B,$3.98B,2.88%,$138.07B,$2.72B,1.97%,$2.72B,$19.95B,14.55%,$2.72B,$19.95B,14.65%,$2.72B,$47.26B,5.94%,$3.96B,$26.21B,15.82%,$34429,$31177,$3252,$0,$1256,$32870,$1559,$240,$1799,$515,$1284,$1284,$1288,$1996,$1559,$542,548,$2.37,$2.37,$4292,$5758,$0,$19277,$25707,$0,$0,$0,$27983,$47260,$13123,$6261,$1329,$14191,$27314,$7,$18970,$350,$19946,$47260,$2728,$1720,$176,$1896,$0,$0,$0,$940,$940,$5564,$-2121,$0,$0,$0,$-76,$-76,$-615,$-2812,$-486,$1017,$531,$-500,$-500,$-462,$268,$-163,$2569,$0,$-462
20,2013-09-30,29.17,$33.95,0.86,$249.48,0.12,$11.35,2.57,$4.42,6.6,$18.59B,$13.67B,1.36,$6.26B,$18.39B,0.34,$137.48B,$10.83B,7.88%,$137.48B,$5.02B,3.65%,$137.48B,$5.02B,3.65%,$137.48B,$6.70B,4.87%,$137.48B,$4.74B,3.44%,$137.48B,$2.44B,1.78%,$2.44B,$18.39B,13.39%,$2.44B,$18.23B,13.53%,$2.44B,$46.29B,5.41%,$5.02B,$24.65B,20.40%,$36137,$33931,$2206,$0,$1226,$35605,$532,$-85,$447,$123,$324,$324,$312,$980,$532,$540,545,$0.58,$0.57,$1908,$7063,$0,$18593,$25642,$0,$160,$0,$27700,$46293,$13668,$6261,$1665,$14238,$27906,$7,$17804,$83,$18387,$46293,$1441,$1283,$488,$1771,$-1135,$-1335,$2031,$62,$-177,$3035,$-1690,$0,$0,$0,$0,$0,$-583,$-2273,$-480,$550,$70,$-543,$-543,$-342,$257,$-558,$185,$0,$-342
21,2013-06-30,29.52,$33.25,0.89,$245.63,0.12,$13.95,2.12,$5.06,5.83,$16.77B,$12.04B,1.39,$6.26B,$18.03B,0.35,$136.07B,$12.04B,8.84%,$136.07B,$5.79B,4.26%,$136.07B,$5.79B,4.26%,$136.07B,$7.43B,5.46%,$136.07B,$5.53B,4.06%,$136.07B,$2.80B,2.06%,$2.80B,$18.03B,15.59%,$2.80B,$17.87B,15.77%,$2.80B,$44.18B,6.30%,$5.79B,$24.29B,23.75%,$34034,$31523,$2511,$0,$1301,$33229,$805,$-67,$738,$276,$462,$462,$466,$1210,$805,$543,548,$0.86,$0.85,$2398,$6446,$0,$16768,$25386,$0,$159,$0,$27409,$44177,$12035,$6261,$1697,$14117,$26152,$7,$17593,$-99,$18025,$44177,$1117,$835,$341,$1176,$412,$-824,$625,$79,$521,$2814,$-1211,$0,$0,$0,$0,$0,$-472,$-1683,$-480,$550,$70,$-517,$-517,$-220,$254,$-413,$675,$0,$-220
22,2013-03-31,35.24,$33.61,1.05,$245.98,0.14,$13.57,2.6,$5.71,6.17,$17.21B,$12.71B,1.35,$6.46B,$18.42B,0.35,$136.70B,$12.57B,9.19%,$136.70B,$6.35B,4.64%,$136.70B,$6.35B,4.64%,$136.70B,$7.97B,5.83%,$136.70B,$6.07B,4.44%,$136.70B,$3.17B,2.32%,$3.17B,$18.42B,17.97%,$3.17B,$18.22B,18.19%,$3.17B,$45.50B,7.25%,$6.35B,$24.88B,26.35%,$33474,$30685,$2789,$0,$1298,$32413,$1061,$-69,$992,$340,$652,$652,$654,$1491,$1061,$550,556,$1.18,$1.18,$1857,$6937,$0,$17206,$26398,$0,$203,$0,$28295,$45501,$12705,$6463,$1784,$14378,$27083,$7,$17575,$121,$18418,$45501,$652,$430,$173,$603,$0,$0,$0,$294,$294,$1549,$-577,$0,$0,$0,$0,$0,$-283,$-860,$-180,$0,$-180,$-266,$-266,$-111,$35,$-522,$134,$0,$-111
23,2012-12-31,26.32,$32.78,0.8,$249.59,0.11,$13.31,1.98,$3.75,7.02,$16.46B,$11.93B,1.38,$6.46B,$18.10B,0.36,$138.39B,$11.91B,8.60%,$138.39B,$5.04B,3.64%,$138.39B,$5.04B,3.64%,$138.39B,$6.62B,4.78%,$138.39B,$4.74B,3.43%,$138.39B,$2.08B,1.51%,$2.08B,$18.10B,12.24%,$2.08B,$17.88B,12.39%,$2.08B,$44.48B,4.84%,$5.04B,$24.56B,21.48%,$33838,$30517,$3321,$0,$1196,$31220,$2618,$-60,$2558,$515,$2043,$2043,$1010,$3020,$2618,$550,556,$1.83,$1.82,$1723,$5973,$0,$16460,$26300,$0,$213,$0,$28017,$44477,$11929,$6463,$2130,$14453,$26382,$7,$17032,$108,$18095,$44477,$2080,$1574,$2035,$3609,$0,$0,$0,$-419,$-419,$5270,$-2931,$0,$160,$0,$0,$0,$-580,$-3351,$-712,$0,$-712,$-222,$-222,$-360,$61,$-1233,$699,$58,$-360
24,2012-09-30,24.3,$31.41,0.77,$249.67,0.1,$12.06,2.02,$2.01,12.09,$16.27B,$12.25B,1.33,$6.46B,$17.39B,0.37,$139.23B,$10.52B,7.56%,$139.23B,$2.59B,1.86%,$139.23B,$2.59B,1.86%,$139.23B,$4.16B,2.99%,$139.23B,$2.28B,1.63%,$139.23B,$1.12B,0.80%,$1.12B,$17.39B,6.73%,$1.12B,$17.17B,6.82%,$1.12B,$43.79B,2.62%,$2.59B,$23.85B,11.21%,$34726,$31312,$3414,$0,$1358,$33417,$1309,$-72,$1237,$564,$673,$673,$674,$1711,$1309,$549,556,$1.22,$1.21,$2549,$5787,$0,$16267,$25873,$0,$216,$0,$27525,$43792,$12251,$6463,$1934,$14155,$26406,$7,$16119,$252,$17386,$43792,$1071,$1172,$1579,$2751,$1133,$-116,$-150,$-91,$1125,$4947,$-2129,$0,$83,$0,$0,$0,$-367,$-2413,$-562,$0,$-562,$-112,$-112,$-263,$-108,$-1045,$1525,$29,$-263
25,2012-06-30,18.41,$30.15,0.61,$246.46,0.07,$11.81,1.56,$2.91,6.33,$14.03B,$10.80B,1.3,$6.46B,$16.62B,0.39,$138.22B,$10.79B,7.81%,$138.22B,$3.26B,2.36%,$138.22B,$3.26B,2.36%,$138.22B,$4.82B,3.48%,$138.22B,$2.93B,2.12%,$138.22B,$1.65B,1.19%,$1.65B,$16.62B,10.02%,$1.65B,$16.41B,10.17%,$1.65B,$41.19B,3.91%,$3.26B,$23.08B,14.16%,$34662,$31621,$3041,$0,$1294,$33301,$1361,$-79,$1282,$452,$830,$830,$831,$1747,$1361,$550,555,$1.50,$1.50,$1295,$5443,$0,$14033,$25521,$0,$218,$0,$27155,$41188,$10798,$6460,$1896,$13767,$24565,$7,$15542,$119,$16623,$41188,$398,$770,$1122,$1892,$1927,$198,$-1413,$-36,$544,$2834,$-1420,$0,$94,$0,$0,$0,$-255,$-1581,$-562,$0,$-562,$-136,$-136,$-166,$-127,$-991,$271,$20,$-166
26,2012-03-31,19.51,$28.92,0.67,$238.53,0.08,$12.72,1.53,$2.71,7.2,$15.82B,$13.08B,1.21,$6.46B,$15.99B,0.4,$134.85B,$10.66B,7.91%,$134.85B,$3.19B,2.37%,$134.85B,$3.19B,2.37%,$134.85B,$4.75B,3.52%,$134.85B,$2.84B,2.11%,$134.85B,$1.56B,1.16%,$1.56B,$15.99B,9.59%,$1.56B,$15.77B,9.72%,$1.56B,$42.63B,3.74%,$3.19B,$22.45B,13.90%,$35167,$33035,$2132,$0,$1381,$35411,$-244,$-93,$-337,$95,$-432,$-432,$-432,$140,$-244,$551,551,$-0.78,$-0.78,$1559,$6145,$0,$15824,$25155,$0,$227,$0,$26810,$42634,$13076,$6460,$1896,$13566,$26642,$7,$14794,$221,$15992,$42634,$-432,$384,$689,$1073,$1159,$-471,$410,$6,$903,$1544,$-726,$0,$160,$0,$0,$0,$-148,$-714,$0,$0,$0,$-97,$-97,$-83,$-139,$-319,$535,$10,$-83
27,2011-12-31,15.84,$29.53,0.54,$220.62,0.07,$14.07,1.13,$3.66,4.33,$15.97B,$12.71B,1.26,$6.73B,$16.45B,0.41,$125.99B,$10.27B,8.15%,$125.99B,$3.68B,2.92%,$125.99B,$3.68B,2.92%,$125.99B,$5.21B,4.14%,$125.99B,$3.32B,2.64%,$125.99B,$2.09B,1.66%,$2.09B,$16.45B,13.00%,$2.09B,$16.22B,13.18%,$2.09B,$42.78B,5.11%,$3.68B,$23.18B,15.98%,$34673,$32738,$1935,$0,$1375,$34506,$167,$-74,$93,$48,$45,$45,$45,$560,$167,$563,569,$0.09,$0.10,$1024,$5623,$0,$15972,$25177,$0,$227,$0,$26811,$42783,$12708,$6732,$1881,$13630,$26338,$7,$15309,$96,$16445,$42783,$2089,$1534,$531,$2065,$0,$0,$0,$-116,$-116,$4038,$-2355,$0,$-2238,$0,$0,$0,$-705,$-5298,$-628,$0,$-628,$-300,$-300,$-169,$31,$-1066,$-2310,$58,$-169
28,2011-09-30,13.3,$29.84,0.45,$198.70,0.07,$13.42,0.99,$2.81,4.73,$15.87B,$11.68B,1.36,$6.78B,$16.67B,0.41,$113.48B,$10.24B,9.02%,$113.48B,$3.89B,3.43%,$113.48B,$3.89B,3.43%,$113.48B,$5.41B,4.77%,$113.48B,$3.56B,3.14%,$113.48B,$1.61B,1.42%,$1.61B,$16.67B,10.22%,$1.61B,$16.42B,10.37%,$1.61B,$41.68B,4.06%,$3.89B,$23.45B,17.01%,$33713,$30033,$3680,$0,$1311,$31734,$1979,$-87,$1892,$689,$1203,$1203,$1203,$2369,$1979,$564,569,$2.12,$2.11,$2829,$5164,$0,$15870,$24219,$0,$251,$0,$25813,$41683,$11683,$6781,$1607,$13330,$25013,$7,$15347,$232,$16670,$41683,$2044,$1141,$447,$1588,$0,$0,$0,$696,$696,$4328,$-1584,$0,$-1712,$0,$0,$0,$-525,$-3821,$-718,$0,$-718,$-228,$-228,$-85,$29,$-1002,$-505,$34,$-85
29,2011-06-30,19.08,$28.02,0.68,$176.45,0.11,$11.06,1.73,$1.21,15.77,$14.69B,$10.23B,1.44,$6.76B,$15.99B,0.42,$100.78B,$8.66B,8.59%,$100.78B,$2.50B,2.48%,$100.78B,$2.50B,2.48%,$100.78B,$4.00B,3.97%,$100.78B,$2.16B,2.14%,$100.78B,$0.70B,0.69%,$0.70B,$15.99B,4.52%,$0.70B,$15.77B,4.58%,$0.70B,$39.53B,1.81%,$2.50B,$22.75B,11.00%,$31293,$28380,$2913,$0,$1237,$30003,$1290,$-97,$1193,$449,$744,$744,$744,$1676,$1290,$567,574,$1.31,$1.30,$4107,$3988,$0,$14687,$23206,$0,$222,$0,$24839,$39526,$10231,$6762,$1740,$13303,$23534,$7,$14173,$498,$15992,$39526,$841,$751,$210,$961,$-1422,$978,$1147,$2,$1152,$2954,$-969,$0,$-74,$0,$0,$0,$-451,$-1494,$-718,$0,$-718,$30,$30,$-57,$16,$-729,$773,$23,$-57
30,2011-03-31,22.21,$26.71,0.83,$158.19,0.14,$9.34,2.38,$0.94,23.63,$15.06B,$10.41B,1.45,$7.52B,$15.22B,0.49,$90.05B,$8.08B,8.97%,$90.05B,$2.12B,2.35%,$90.05B,$2.12B,2.35%,$90.05B,$3.60B,3.99%,$90.05B,$1.75B,1.95%,$90.05B,$0.54B,0.59%,$0.54B,$15.22B,3.53%,$0.54B,$15.00B,3.58%,$0.54B,$39.59B,1.42%,$2.12B,$22.74B,9.33%,$26308,$24568,$1740,$0,$1131,$26064,$244,$-100,$144,$40,$104,$104,$98,$609,$244,$566,573,$0.17,$0.17,$4133,$4338,$0,$15056,$22895,$0,$225,$0,$24536,$39592,$10406,$7517,$1752,$13962,$24368,$7,$13458,$479,$15224,$39592,$98,$365,$-25,$340,$0,$0,$0,$1620,$1620,$2058,$-438,$0,$-37,$0,$0,$0,$-308,$-783,$-510,$0,$-510,$21,$21,$-28,$5,$-512,$799,$12,$-28
31,2010-12-31,17.19,$26.43,0.65,$145.19,0.12,$7.58,2.27,$0.57,30.16,$13.52B,$8.78B,1.54,$7.52B,$15.03B,0.5,$82.23B,$7.78B,9.45%,$82.23B,$1.88B,2.28%,$82.23B,$1.88B,2.28%,$82.23B,$3.35B,4.07%,$82.23B,$1.50B,1.82%,$82.23B,$0.32B,0.39%,$0.32B,$15.03B,2.15%,$0.32B,$14.80B,2.19%,$0.32B,$37.62B,0.88%,$1.88B,$22.54B,8.30%,$22164,$20260,$1904,$0,$1164,$21786,$378,$-44,$334,$154,$180,$180,$-438,$755,$378,$563,568,$-0.78,$-0.77,$3334,$4947,$0,$13518,$22669,$0,$224,$0,$24103,$37621,$8784,$7515,$1767,$13812,$22596,$7,$13388,$388,$15025,$37621,$324,$1473,$1236,$2709,$0,$0,$0,$12,$12,$3045,$-1730,$0,$507,$0,$330,$330,$-512,$-1405,$1027,$0,$1027,$7,$7,$-114,$-104,$816,$2509,$54,$-114
32,2010-09-30,12.99,$27.19,0.48,$134.49,0.1,$4.37,2.97,$-1.16,0.0,$11.88B,$8.21B,1.45,$7.51B,$15.40B,0.49,$75.39B,$6.94B,9.20%,$75.39B,$1.42B,1.88%,$75.39B,$1.42B,1.88%,$75.39B,$2.89B,3.83%,$75.39B,$1.00B,1.32%,$75.39B,$-0.65B,-0.86%,$-0.65B,$15.40B,-4.32%,$-0.65B,$15.18B,-4.38%,$-0.65B,$37.28B,-1.77%,$1.42B,$22.91B,6.32%,$21015,$18915,$2100,$0,$1157,$20425,$590,$-102,$488,$185,$303,$303,$292,$962,$590,$564,568,$0.52,$0.51,$2352,$4804,$0,$11877,$23590,$0,$224,$0,$25399,$37276,$8213,$7513,$1720,$13663,$21876,$7,$13855,$314,$15400,$37276,$762,$1096,$235,$1331,$0,$0,$0,$529,$529,$2622,$-1226,$0,$-40,$0,$0,$0,$-395,$-1661,$727,$0,$727,$10,$10,$-85,$-105,$547,$1527,$32,$-85
33,2010-06-30,13.29,$26.58,0.5,$130.60,0.1,$2.13,6.25,$-2.79,0.0,$11.35B,$7.91B,1.43,$7.51B,$15.05B,0.5,$72.95B,$6.20B,8.50%,$72.95B,$0.59B,0.81%,$72.95B,$0.59B,0.81%,$72.95B,$2.07B,2.84%,$72.95B,$0.15B,0.20%,$72.95B,$-1.57B,-2.15%,$-1.57B,$15.05B,-10.39%,$-1.57B,$14.83B,-10.55%,$-1.57B,$36.48B,-4.31%,$0.59B,$22.56B,2.63%,$20561,$18227,$2334,$0,$1078,$19657,$904,$-116,$788,$268,$520,$520,$583,$1271,$904,$563,567,$1.03,$1.03,$2014,$4767,$25,$11348,$23363,$0,$223,$0,$25129,$36477,$7914,$7511,$1731,$13512,$21426,$7,$13591,$240,$15051,$36477,$470,$724,$19,$743,$0,$0,$0,$557,$557,$1770,$-785,$0,$-40,$0,$0,$0,$-332,$-1157,$727,$0,$727,$11,$11,$-57,$-106,$575,$1176,$22,$-57
34,2010-03-31,14.53,$25.95,0.56,$127.43,0.11,$0.50,29.33,$-4.30,0.0,$11.32B,$8.10B,1.4,$7.72B,$14.67B,0.53,$69.76B,$5.23B,7.49%,$69.76B,$-0.51B,-0.73%,$69.76B,$-0.51B,-0.73%,$69.76B,$1.00B,1.43%,$69.76B,$-0.94B,-1.35%,$69.76B,$-2.40B,-3.45%,$-2.40B,$14.67B,-15.59%,$-2.40B,$14.44B,-15.82%,$-2.40B,$36.47B,-6.58%,$-0.51B,$22.38B,-2.23%,$18493,$17056,$1437,$0,$1093,$18489,$4,$-116,$-112,$-32,$-80,$-80,$-113,$361,$4,$562,562,$-0.20,$-0.20,$2016,$4724,$219,$11320,$23335,$0,$226,$0,$25145,$36465,$8095,$7718,$1855,$13704,$21799,$7,$13036,$432,$14666,$36465,$-113,$357,$28,$385,$0,$0,$0,$710,$710,$982,$-382,$0,$-260,$0,$0,$0,$-214,$-856,$950,$0,$950,$3,$3,$-28,$-9,$916,$1062,$12,$-28
35,2009-12-31,12.32,$26.08,0.47,$120.21,0.1,$-0.48,0.0,$-3.51,0.0,$10.92B,$7.81B,1.4,$7.16B,$14.73B,0.49,$64.60B,$5.91B,9.15%,$64.60B,$0.08B,0.13%,$64.60B,$0.08B,0.13%,$64.60B,$1.61B,2.49%,$64.60B,$-0.32B,-0.49%,$64.60B,$-1.98B,-3.07%,$-1.98B,$14.73B,-12.62%,$-1.98B,$14.50B,-12.80%,$-1.98B,$35.57B,-5.45%,$0.08B,$21.89B,0.36%,$15322,$14256,$1066,$0,$834,$15402,$-80,$-88,$-168,$-65,$-103,$-103,$-1408,$291,$-80,$541,541,$-2.67,$-2.66,$825,$4578,$289,$10922,$21615,$0,$227,$1461,$24650,$35572,$7809,$7163,$1869,$13038,$20847,$7,$13178,$365,$14725,$35572,$-1982,$1527,$2198,$3725,$0,$0,$0,$80,$80,$1823,$-2306,$0,$-606,$0,$0,$0,$-380,$-3292,$713,$0,$713,$806,$806,$-324,$94,$1289,$-115,$66,$-324
36,2009-09-30,14.14,$28.22,0.5,$103.58,0.14,$0.79,17.79,$-7.37,0.0,$10.87B,$7.76B,1.4,$7.16B,$15.89B,0.45,$55.41B,$6.74B,12.16%,$55.41B,$-2.78B,-5.01%,$55.41B,$-2.78B,-5.01%,$55.41B,$2.82B,5.09%,$55.41B,$-3.14B,-5.67%,$55.41B,$-3.85B,-6.95%,$-3.85B,$15.89B,-24.18%,$-3.85B,$15.66B,-24.52%,$-3.85B,$36.81B,-10.68%,$-2.78B,$23.05B,-12.12%,$18573,$17212,$1361,$0,$1180,$18811,$-238,$-123,$-361,$-18,$-343,$-343,$-629,$151,$-238,$561,561,$-1.12,$-1.12,$1749,$4576,$0,$10865,$24231,$0,$229,$0,$25940,$36805,$7757,$7162,$2124,$13158,$20915,$7,$14670,$68,$15890,$36805,$-574,$1156,$334,$1490,$0,$0,$0,$1024,$1024,$1940,$-1820,$0,$-585,$0,$0,$0,$-278,$-2683,$789,$0,$789,$806,$806,$-239,$-13,$1343,$665,$35,$-239
37,2009-06-30,12.22,$29.16,0.42,$138.45,0.09,$3.65,3.34,$-4.07,0.0,$11.17B,$7.32B,1.53,$7.23B,$16.41B,0.44,$72.80B,$8.83B,12.13%,$72.80B,$-0.70B,-0.96%,$72.80B,$-0.70B,-0.96%,$72.80B,$4.88B,6.70%,$72.80B,$-0.99B,-1.36%,$72.80B,$-2.07B,-2.84%,$-2.07B,$16.41B,-12.26%,$-2.07B,$16.19B,-13.24%,$-2.07B,$37.22B,-5.48%,$-0.70B,$23.64B,-2.95%,$17376,$16014,$1362,$0,$1074,$17568,$-192,$-107,$-299,$-108,$-191,$-191,$-254,$197,$-192,$525,525,$-0.48,$-0.48,$1764,$4561,$0,$11173,$24284,$0,$221,$0,$26048,$37221,$7324,$7231,$2154,$13490,$20814,$7,$15384,$-115,$16407,$37221,$55,$767,$72,$839,$0,$0,$0,$513,$513,$1407,$-1351,$0,$-585,$0,$0,$0,$-238,$-2174,$789,$0,$789,$803,$803,$-155,$-9,$1428,$683,$23,$-155
38,2009-03-31,12.85,$30.60,0.42,$173.97,0.07,$4.72,2.73,$-2.22,0.0,$10.47B,$6.24B,1.68,$7.26B,$15.80B,0.46,$92.06B,$10.44B,11.34%,$92.06B,$0.65B,0.71%,$92.06B,$0.65B,0.71%,$92.06B,$6.21B,6.74%,$92.06B,$0.40B,0.44%,$92.06B,$-1.08B,-1.18%,$-1.08B,$15.80B,-6.20%,$-1.08B,$15.59B,-7.13%,$-1.08B,$35.78B,-2.75%,$0.65B,$23.07B,2.72%,$13328,$11204,$2124,$0,$1159,$12735,$593,$-81,$512,$148,$364,$364,$309,$971,$593,$514,519,$0.60,$0.59,$1854,$4669,$0,$10468,$23532,$0,$213,$0,$25308,$35776,$6237,$7264,$2183,$13736,$19973,$6,$15715,$-237,$15803,$35776,$309,$378,$219,$597,$0,$0,$0,$-125,$-125,$781,$-735,$0,$-13,$0,$0,$0,$-161,$-909,$998,$0,$998,$1,$1,$-77,$-8,$914,$775,$12,$-77
39,2008-12-31,15.44,$30.26,0.51,$199.95,0.08,$4.80,3.22,$-2.33,0.0,$9.45B,$6.21B,1.52,$6.26B,$15.62B,0.4,$106.68B,$10.59B,9.93%,$106.68B,$0.53B,0.50%,$106.68B,$0.53B,0.50%,$106.68B,$6.08B,5.70%,$106.68B,$0.28B,0.27%,$106.68B,$-1.13B,-1.06%,$-1.13B,$15.62B,-6.26%,$-1.13B,$15.40B,-7.66%,$-1.13B,$34.42B,-2.78%,$0.53B,$21.88B,2.18%,$6131,$4239,$1892,$0,$583,$9070,$-2939,$-57,$-2996,$305,$-3301,$-3301,$-3278,$1500,$-2939,$524,524,$-6.24,$-6.19,$1071,$4620,$0,$9450,$21421,$0,$224,$0,$24967,$34417,$6209,$6264,$2158,$12588,$18797,$6,$15484,$-176,$15620,$34417,$-1131,$5545,$456,$6001,$0,$0,$0,$-1775,$-1775,$3095,$-2893,$0,$319,$0,$0,$0,$-391,$-2965,$-374,$0,$-374,$-939,$-939,$-299,$5,$-1607,$-1524,$59,$-299
40,2008-09-30,21.46,$37.67,0.57,$228.54,0.09,$9.70,2.21,$5.05,4.25,$14.83B,$11.77B,1.26,$6.26B,$19.71B,0.32,$123.88B,$10.60B,8.56%,$123.88B,$4.07B,3.28%,$123.88B,$4.07B,3.28%,$123.88B,$5.53B,4.46%,$123.88B,$3.79B,3.06%,$123.88B,$2.71B,2.19%,$2.71B,$19.71B,14.45%,$2.71B,$15.41B,18.76%,$2.71B,$43.81B,6.35%,$4.07B,$25.98B,16.17%,$35960,$32506,$3454,$0,$1506,$34120,$1840,$-45,$1795,$643,$1152,$1152,$1152,$2210,$1840,$522,529,$2.20,$2.18,$2888,$4859,$0,$14826,$22743,$0,$4309,$0,$28981,$43807,$11770,$6264,$1788,$12323,$24093,$6,$18839,$400,$19714,$43807,$2147,$1106,$34,$1140,$0,$0,$0,$233,$233,$3520,$-1894,$0,$294,$0,$11,$11,$-263,$-1852,$-374,$0,$-374,$-760,$-760,$-221,$13,$-1342,$303,$36,$-221
41,2008-06-30,29.02,$35.58,0.82,$202.58,0.14,$10.97,2.64,$4.96,5.85,$15.25B,$12.85B,1.19,$6.26B,$18.68B,0.34,$111.62B,$10.03B,8.99%,$111.62B,$3.39B,3.04%,$111.62B,$3.39B,3.04%,$111.62B,$4.83B,4.33%,$111.62B,$3.18B,2.85%,$111.62B,$2.84B,2.54%,$2.84B,$18.68B,15.25%,$2.84B,$14.37B,19.87%,$2.84B,$43.66B,6.72%,$3.39B,$24.94B,13.52%,$36640,$33673,$2967,$0,$1440,$35482,$1158,$-68,$1090,$356,$734,$734,$734,$1527,$1158,$526,534,$1.39,$1.37,$1744,$4904,$335,$15252,$22275,$0,$4307,$0,$28404,$43656,$12848,$6263,$1780,$12128,$24976,$6,$17765,$427,$18680,$43656,$995,$736,$-69,$667,$0,$0,$0,$140,$140,$1802,$-1178,$0,$-65,$0,$12,$12,$-189,$-1420,$-374,$0,$-374,$-689,$-689,$-143,$11,$-1195,$-820,$24,$-143
42,2008-03-31,34.5,$34.50,1.0,$175.84,0.2,$15.53,2.22,$7.48,4.61,$12.51B,$10.16B,1.23,$6.47B,$18.23B,0.36,$99.18B,$11.96B,12.06%,$99.18B,$5.43B,5.47%,$99.18B,$5.43B,5.47%,$99.18B,$6.84B,6.89%,$99.18B,$5.21B,5.25%,$99.18B,$4.35B,4.39%,$4.35B,$18.23B,23.58%,$4.35B,$13.90B,30.84%,$4.35B,$40.67B,10.51%,$5.43B,$24.70B,21.61%,$27945,$25669,$2276,$0,$1437,$27473,$472,$-77,$395,$134,$261,$261,$261,$839,$472,$532,541,$0.49,$0.48,$1472,$4643,$0,$12514,$21984,$0,$4335,$0,$28155,$40669,$10157,$6471,$1801,$12280,$22437,$6,$17110,$432,$18232,$40669,$261,$367,$20,$387,$0,$0,$0,$-20,$-20,$628,$-537,$0,$-82,$0,$0,$0,$-97,$-716,$-374,$0,$-374,$-511,$-511,$-64,$8,$-941,$-1033,$12,$-64
43,2007-12-31,49.1,$34.49,1.42,$154.68,0.32,$17.53,2.8,$8.86,5.54,$14.99B,$11.91B,1.26,$6.47B,$18.51B,0.35,$89.99B,$12.93B,14.37%,$89.99B,$6.63B,7.37%,$89.99B,$6.63B,7.37%,$89.99B,$8.01B,8.90%,$89.99B,$6.44B,7.15%,$89.99B,$5.23B,5.82%,$5.23B,$18.51B,28.17%,$5.23B,$14.20B,36.88%,$5.23B,$42.72B,12.83%,$6.63B,$24.98B,26.75%,$23331,$21429,$1902,$0,$1064,$22735,$596,$-87,$509,$130,$379,$379,$567,$953,$596,$565,579,$1.03,$1.04,$2495,$4073,$306,$14987,$21560,$0,$4309,$0,$27735,$42722,$11914,$6470,$1810,$12301,$24215,$6,$16914,$573,$18507,$42722,$5234,$1376,$-868,$508,$0,$0,$0,$-484,$-484,$5258,$-2197,$0,$2353,$0,$0,$0,$-738,$-582,$1782,$0,$1782,$-5629,$-5629,$-271,$287,$-3831,$874,$100,$-271
44,2007-09-30,47.02,$34.59,1.36,$142.68,0.33,$17.29,2.72,$9.64,4.88,$14.65B,$10.24B,1.43,$6.85B,$18.97B,0.36,$84.54B,$13.92B,16.47%,$84.54B,$7.42B,8.78%,$84.54B,$7.42B,8.78%,$84.54B,$8.75B,10.35%,$84.54B,$7.48B,8.84%,$84.54B,$5.78B,6.84%,$5.78B,$18.97B,31.07%,$5.78B,$14.61B,40.74%,$5.78B,$41.86B,14.62%,$7.42B,$25.82B,30.49%,$23699,$20810,$2889,$0,$1378,$22531,$1168,$22,$1190,$342,$848,$848,$1274,$1512,$1168,$551,564,$2.31,$2.09,$3140,$4616,$0,$14654,$21224,$0,$4359,$0,$27207,$41861,$10242,$6854,$1856,$12651,$22893,$6,$16413,$491,$18968,$41861,$4667,$1019,$-844,$175,$0,$0,$0,$-836,$-836,$4006,$-1553,$0,$2371,$0,$-212,$-212,$-338,$268,$1832,$0,$1832,$-4621,$-4621,$-205,$208,$-2786,$1519,$58,$-205
45,2007-06-30,51.6,$32.74,1.58,$137.67,0.37,$17.34,2.97,$10.10,5.11,$13.57B,$9.47B,1.43,$6.86B,$18.12B,0.38,$84.08B,$14.79B,17.59%,$84.08B,$8.52B,10.13%,$84.08B,$8.52B,10.13%,$84.08B,$9.79B,11.65%,$84.08B,$8.65B,10.29%,$84.08B,$6.11B,7.27%,$6.11B,$18.12B,33.36%,$6.11B,$13.73B,44.12%,$6.11B,$40.35B,15.98%,$8.52B,$24.97B,36.13%,$24202,$19310,$4892,$0,$1362,$21009,$3193,$-76,$3117,$1055,$2062,$2062,$2249,$3534,$3193,$563,578,$3.99,$3.89,$2367,$4578,$1613,$13567,$20785,$0,$4385,$0,$26783,$40350,$9465,$6855,$1769,$12770,$22235,$6,$15204,$335,$18115,$40350,$3393,$675,$199,$874,$0,$0,$0,$84,$84,$4351,$-1042,$0,$36,$0,$-215,$-215,$-230,$-1451,$1832,$0,$1832,$-4070,$-4070,$-139,$194,$-2183,$746,$46,$-139
46,2007-03-31,44.98,$31.64,1.42,$136.03,0.33,$15.13,2.97,$9.19,4.89,$11.00B,$9.03B,1.22,$4.65B,$18.73B,0.25,$85.47B,$14.18B,16.59%,$85.47B,$8.06B,9.43%,$85.47B,$8.06B,9.43%,$85.47B,$9.29B,10.87%,$85.47B,$8.23B,9.63%,$85.47B,$5.76B,6.74%,$5.76B,$18.73B,32.02%,$5.76B,$14.23B,42.78%,$5.76B,$38.19B,15.44%,$8.06B,$23.38B,35.44%,$18755,$15510,$3245,$0,$1250,$17082,$1673,$-53,$1620,$532,$1088,$1088,$1144,$2007,$1673,$599,615,$1.91,$1.86,$1727,$4835,$0,$10995,$21294,$0,$4502,$0,$27192,$38187,$9034,$4649,$1726,$10423,$19457,$6,$13022,$233,$18730,$38187,$1144,$334,$74,$408,$0,$0,$0,$334,$334,$1886,$-551,$0,$-43,$0,$0,$0,$-129,$-723,$-183,$0,$-183,$-867,$-867,$-73,$63,$-1060,$106,$30,$-73
47,2006-12-31,35.6,$30.82,1.16,$138.03,0.26,$14.46,2.46,$8.65,4.12,$11.83B,$8.86B,1.34,$4.62B,$18.61B,0.25,$87.64B,$13.78B,15.72%,$87.64B,$7.72B,8.81%,$87.64B,$7.72B,8.81%,$87.64B,$8.88B,10.13%,$87.64B,$7.90B,9.01%,$87.64B,$5.46B,6.23%,$5.46B,$18.61B,31.85%,$5.46B,$14.20B,43.87%,$5.46B,$37.75B,15.15%,$7.72B,$23.22B,35.04%,$17883,$14985,$2898,$0,$1216,$16493,$1390,$160,$1550,$490,$1060,$1060,$1114,$1698,$1390,$611,632,$1.84,$1.79,$1621,$3979,$1527,$11831,$20180,$0,$4406,$0,$25922,$37753,$8860,$4619,$1622,$10288,$19148,$6,$11951,$265,$18605,$37753,$5463,$1155,$101,$1256,$0,$0,$0,$-407,$-407,$6312,$-3123,$0,$-101,$0,$880,$880,$-627,$-2971,$-249,$0,$-249,$-1898,$-1898,$-184,$143,$-2188,$1154,$108,$-184
