,Date,Stock Price,Book Value per Share,Price to Book Ratio,TTM Sales per Share,Price to Sales Ratio,TTM FCF per Share,Price to FCF Ratio,TTM Net EPS,PE Ratio,Current Assets,Current Liabilities,Current Ratio,Long Term Debt,Shareholder's Equity_x,Debt to Equity Ratio,TTM Revenue_x,TTM Gross Profit,Gross Margin,TTM Revenue_y,TTM Operating Income,Operating Margin,TTM Revenue_x,TTM EBIT,EBIT Margin,TTM Revenue_y,TTM EBITDA,EBITDA Margin,TTM Revenue_x,TTM Pre-Tax Income,Pre-Tax Margin,TTM Revenue_y,TTM Net Income_x,Net Margin,TTM Net Income_y,Shareholder's Equity_y,Return on Equity,TTM Net Income_x,Tangible Equity,Return on Tangible Equity,TTM Net Income_y,Total Assets,Return on Assets,TTM Net Income,LT Investments & Debt,Return on Investment,revenue,cost-goods-sold,gross-profit,research-development-expenses,selling-general-administrative-expenses,operating-expenses,operating-income,total-non-operating-income-expense,pre-tax-income,total-provision-income-taxes,income-after-taxes,income-from-continuous-operations,net-income,ebitda,ebit,basic-shares-outstanding,shares-outstanding,eps-basic-net-earnings-per-share,eps-earnings-per-share-diluted,cash-on-hand,inventory,other-current-assets,total-current-assets,net-property-plant-equipment,long-term-investments,goodwill-intangible-assets-total,other-long-term-assets,total-long-term-assets,total-assets,total-current-liabilities,long-term-debt,other-non-current-liabilities,total-long-term-liabilities,total-liabilities,common-stock-net,retained-earnings-accumulated-deficit,comprehensive-income,total-share-holder-equity,total-liabilities-share-holders-equity,net-income-loss,total-depreciation-amortization-cash-flow,other-non-cash-items,total-non-cash-items,change-in-accounts-receivable,change-in-inventories,change-in-accounts-payable,change-in-assets-liabilities,total-change-in-assets-liabilities,cash-flow-from-operating-activities,net-change-in-property-plant-equipment,net-change-in-intangible-assets,net-acquisitions-divestitures,net-change-in-short-term-investments,net-change-in-long-term-investments,net-change-in-investments-total,investing-activities-other,cash-flow-from-investing-activities,net-long-term-debt,net-current-debt,debt-issuance-retirement-net-total,net-common-equity-issued-repurchased,net-total-equity-issued-repurchased,total-common-preferred-stock-dividends-paid,financial-activities-other,cash-flow-from-financial-activities,net-cash-flow,stock-based-compensation,common-stock-dividends-paid
0,2018-07-31,144.59,$25.48,5.68,$20.37,7.1,$19.24,7.52,$3.83,37.75,$15.25B,$5.06B,3.01,$4.24B,$10.39B,0.41,$8.41B,$7.22B,85.93%,$8.41B,$1.89B,22.53%,$8.41B,$1.89B,22.53%,$8.41B,$2.27B,26.97%,$8.41B,$2.97B,35.36%,$8.41B,$1.51B,17.90%,$1.51B,$10.39B,16.29%,$1.51B,$5.30B,35.69%,$1.51B,$23.41B,6.98%,$1.89B,$14.63B,14.06%,$2174,$305,$1869,$481,$878,$1665,$509,$263,$772,$128,$644,$644,$644,$660,$509,$407,413,$1.58,$1.56,$13300,$0,$238,$15248,$1105,$0,$5092,$1944,$8161,$23409,$5063,$4238,$249,$7954,$13017,$4,$9362,$-50,$10392,$23409,$1586,$307,$-446,$-139,$172,$0,$95,$62,$435,$1882,$-121,$0,$0,$485,$-3,$482,$0,$361,$0,$0,$0,$-92,$-92,$0,$0,$-92,$2151,$339,$0
1,2018-04-30,133.26,$23.77,5.61,$19.79,6.73,$18.11,7.36,$3.08,43.27,$14.10B,$4.64B,3.04,$4.24B,$9.66B,0.44,$8.17B,$7.02B,85.94%,$8.17B,$1.81B,22.17%,$8.17B,$1.81B,22.17%,$8.17B,$2.17B,26.53%,$8.17B,$2.70B,33.01%,$8.17B,$1.27B,15.52%,$1.27B,$9.66B,14.42%,$1.27B,$4.53B,32.86%,$1.27B,$22.09B,6.33%,$1.81B,$13.90B,14.87%,$2008,$296,$1712,$453,$875,$1626,$382,$793,$1175,$233,$942,$942,$942,$538,$382,$405,411,$2.33,$2.29,$12630,$0,$289,$14101,$1098,$0,$5131,$1710,$7987,$22088,$4637,$4236,$212,$7791,$12428,$4,$8718,$-54,$9660,$22088,$942,$156,$-434,$-278,$393,$0,$101,$132,$431,$1095,$-61,$0,$-26,$128,$-2,$126,$0,$39,$0,$0,$0,$-3,$-3,$0,$0,$-3,$1131,$161,$0
2,2018-01-31,123.79,$21.36,5.8,$19.17,6.46,$17.35,7.14,$1.35,91.7,$13.84B,$4.81B,2.88,$4.23B,$8.62B,0.49,$7.92B,$6.78B,85.60%,$7.92B,$1.69B,21.32%,$7.92B,$1.69B,21.32%,$7.92B,$2.03B,25.56%,$7.92B,$1.80B,22.73%,$7.92B,$0.57B,7.20%,$0.57B,$8.62B,6.79%,$0.57B,$3.48B,15.77%,$0.57B,$21.21B,3.07%,$1.69B,$12.86B,15.47%,$2249,$304,$1945,$457,$962,$1711,$538,$20,$558,$1082,$-524,$-524,$-524,$627,$538,$407,413,$-1.28,$-1.26,$11653,$0,$257,$13836,$1074,$0,$5145,$924,$7370,$21206,$4810,$4234,$183,$7772,$12582,$4,$7791,$-15,$8624,$21206,$570,$336,$1105,$1441,$-113,$0,$-35,$364,$1200,$3211,$-263,$0,$-711,$-501,$-37,$-538,$-6,$-1518,$2736,$0,$2736,$-1678,$-1678,$0,$0,$1058,$2751,$683,$0
3,2017-10-31,119.69,$20.49,5.84,$13.73,8.72,$10.22,11.71,$2.44,49.05,$12.93B,$4.53B,2.86,$4.23B,$8.27B,0.51,$5.67B,$4.84B,85.25%,$5.67B,$1.15B,20.29%,$5.67B,$1.15B,20.29%,$5.67B,$1.40B,24.64%,$5.67B,$1.24B,21.91%,$5.67B,$1.09B,19.28%,$1.09B,$8.27B,13.20%,$1.09B,$3.56B,29.87%,$1.09B,$19.59B,6.30%,$1.15B,$12.51B,11.36%,$1976,$278,$1698,$449,$782,$1511,$465,$3,$468,$25,$443,$443,$443,$442,$465,$407,413,$1.09,$1.07,$11612,$0,$160,$12926,$1031,$0,$4714,$282,$6668,$19594,$4525,$4232,$416,$6795,$11320,$4,$7382,$9,$8274,$19594,$1009,$247,$659,$906,$293,$0,$39,$153,$449,$2364,$-164,$0,$-283,$-387,$-27,$-414,$0,$-861,$2736,$0,$2736,$-1447,$-1447,$0,$0,$1289,$2792,$513,$0
4,2017-07-31,92.71,$20.99,4.42,$14.58,6.36,$10.15,9.14,$1.37,67.67,$10.47B,$5.28B,1.99,$0.82B,$8.60B,0.1,$6.09B,$5.23B,85.85%,$6.09B,$1.38B,22.59%,$6.09B,$1.38B,22.59%,$6.09B,$1.74B,28.66%,$6.09B,$1.49B,24.45%,$6.09B,$1.21B,19.93%,$1.21B,$8.60B,14.71%,$1.21B,$3.85B,33.14%,$1.21B,$17.18B,7.30%,$1.38B,$9.42B,14.62%,$1932,$270,$1662,$428,$773,$1507,$425,$69,$494,$88,$406,$406,$406,$559,$425,$408,413,$0.99,$0.98,$8902,$0,$173,$10471,$1005,$0,$4746,$262,$6704,$17175,$5276,$820,$440,$3300,$8576,$4,$6939,$16,$8599,$17175,$650,$270,$450,$720,$4,$0,$60,$-159,$28,$1398,$-105,$0,$-271,$-129,$-32,$-161,$0,$-537,$0,$0,$0,$-526,$-526,$0,$0,$-526,$335,$331,$0
5,2017-04-30,94.12,$19.75,4.76,$14.08,6.68,$11.27,8.35,$0.56,168.07,$9.78B,$5.01B,1.95,$0.82B,$8.07B,0.1,$5.93B,$5.08B,85.55%,$5.93B,$1.33B,22.44%,$5.93B,$1.33B,22.44%,$5.93B,$1.65B,27.87%,$5.93B,$1.38B,23.28%,$5.93B,$1.13B,18.98%,$1.13B,$8.07B,13.85%,$1.13B,$3.56B,31.38%,$1.13B,$16.24B,6.91%,$1.33B,$8.89B,14.07%,$1765,$289,$1476,$421,$730,$1504,$261,$20,$281,$36,$245,$245,$245,$397,$261,$408,414,$0.60,$0.59,$8612,$0,$172,$9778,$993,$0,$4506,$240,$6463,$16241,$5010,$820,$425,$3163,$8173,$4,$6605,$11,$8068,$16241,$245,$136,$233,$369,$321,$0,$59,$-190,$163,$777,$-49,$0,$0,$460,$-6,$454,$0,$405,$0,$0,$0,$-538,$-538,$0,$0,$-538,$644,$163,$0
6,2017-01-31,87.54,$0.00,0.0,$13.78,6.35,$12.36,7.08,0,0.0,$9.85B,$4.29B,2.3,$1.50B,$8.22B,0.18,$5.86B,$5.03B,85.85%,$5.86B,$1.39B,23.77%,$5.86B,$1.39B,23.77%,$5.86B,$1.67B,28.41%,$5.86B,$1.44B,24.52%,$5.86B,$1.15B,19.56%,$1.15B,$8.22B,13.86%,$1.15B,$3.68B,30.94%,$1.15B,$16.40B,7.01%,$1.39B,$9.72B,14.26%,$0,$0,$0,$0,$0,$0,$0,$0,$0,$0,$0,$0,$0,$0,$0,$0,0,$0.00,$0.00,$8393,$0,$173,$9851,$1042,$0,$4539,$249,$6546,$16397,$4289,$1500,$401,$3892,$8181,$4,$6373,$-4,$8216,$16397,$0,$0,$0,$0,$0,$0,$0,$0,$0,$0,$0,$0,$0,$0,$0,$0,$0,$0,$0,$0,$0,$0,$0,$0,$0,$0,$0,$0,$0
7,2016-12-31,78.73,$19.83,3.97,$17.53,4.49,$13.96,5.64,0,0.0,$10.34B,$4.55B,2.27,$1.50B,$8.10B,0.19,$7.45B,$6.37B,85.50%,$7.45B,$1.59B,21.28%,$7.45B,$1.59B,21.28%,$7.45B,$1.95B,26.11%,$7.45B,$1.64B,21.98%,$7.45B,$1.31B,17.55%,$1.31B,$8.10B,15.78%,$1.31B,$3.55B,35.24%,$1.31B,$16.64B,8.06%,$1.59B,$9.60B,16.20%,$2389,$302,$2087,$545,$821,$1700,$689,$24,$713,$151,$562,$562,$562,$788,$689,$421,424,$1.34,$1.33,$7985,$0,$362,$10335,$1049,$0,$4549,$248,$6308,$16643,$4554,$1500,$399,$3992,$8546,$4,$6381,$-9,$8097,$16643,$1186,$345,$633,$978,$-224,$0,$-9,$278,$217,$2381,$-153,$0,$-70,$-191,$-49,$-240,$-2,$-465,$0,$0,$0,$-1630,$-1630,$0,$11,$-1619,$297,$636,$0
8,2016-09-30,73.35,$19.65,3.73,$17.14,4.28,$12.38,5.93,0,0.0,$9.56B,$4.03B,2.37,$1.50B,$8.13B,0.18,$7.30B,$6.16B,84.45%,$7.30B,$1.41B,19.32%,$7.30B,$1.41B,19.32%,$7.30B,$1.75B,23.99%,$7.30B,$1.45B,19.81%,$7.30B,$1.18B,16.19%,$1.18B,$8.13B,14.34%,$1.18B,$3.56B,32.38%,$1.18B,$15.87B,7.40%,$1.41B,$9.63B,14.47%,$1778,$266,$1512,$389,$742,$1397,$381,$6,$387,$68,$319,$319,$319,$468,$381,$422,425,$0.76,$0.75,$8254,$0,$159,$9555,$1050,$0,$4570,$232,$6314,$15869,$4032,$1500,$388,$3703,$7735,$4,$5940,$16,$8134,$15869,$745,$261,$463,$724,$513,$0,$-26,$51,$448,$1917,$-109,$0,$-56,$-553,$-32,$-585,$-2,$-752,$0,$0,$0,$-1007,$-1007,$0,$3,$-1004,$161,$472,$0
9,2016-06-30,57.22,$20.28,2.82,$16.90,3.39,$10.81,5.3,0,0.0,$10.14B,$4.13B,2.46,$1.50B,$8.64B,0.17,$7.19B,$6.07B,84.33%,$7.19B,$1.36B,18.84%,$7.19B,$1.36B,18.84%,$7.19B,$1.70B,23.58%,$7.19B,$1.38B,19.24%,$7.19B,$1.12B,15.56%,$1.12B,$8.64B,13.83%,$1.12B,$4.03B,32.10%,$1.12B,$16.48B,7.12%,$1.36B,$10.14B,14.13%,$1693,$261,$1432,$363,$747,$1370,$323,$14,$337,$72,$265,$265,$265,$409,$323,$425,427,$0.62,$0.62,$8665,$0,$167,$10143,$1073,$0,$4608,$218,$6341,$16484,$4126,$1500,$376,$3722,$7848,$4,$5621,$20,$8636,$16484,$426,$174,$304,$478,$417,$0,$-10,$4,$393,$1297,$-79,$0,$-56,$-613,$-26,$-639,$-2,$-776,$0,$0,$0,$-20,$-20,$0,$-3,$-23,$498,$301,$0
10,2016-03-31,52.31,$19.50,2.68,$16.50,3.17,$9.86,5.3,0,0.0,$9.49B,$3.91B,2.43,$1.50B,$8.27B,0.18,$7.02B,$5.91B,84.10%,$7.02B,$1.24B,17.63%,$7.02B,$1.24B,17.63%,$7.02B,$1.58B,22.45%,$7.02B,$1.26B,17.95%,$7.02B,$1.03B,14.61%,$1.03B,$8.27B,13.22%,$1.03B,$3.70B,32.66%,$1.03B,$15.84B,6.70%,$1.24B,$9.77B,13.37%,$1589,$251,$1338,$356,$737,$1397,$192,$8,$200,$39,$161,$161,$161,$280,$192,$423,424,$0.38,$0.38,$8246,$0,$147,$9494,$1108,$0,$4575,$195,$6342,$15836,$3909,$1500,$361,$3656,$7565,$4,$5356,$12,$8271,$15836,$161,$88,$138,$226,$544,$0,$-28,$-42,$333,$720,$-41,$0,$3,$-418,$-2,$-420,$2,$-456,$0,$0,$0,$28,$28,$0,$0,$28,$292,$150,$0
11,2015-12-31,56.57,$18.78,3.01,$16.27,3.48,$9.60,5.89,0,0.0,$9.36B,$4.13B,2.27,$1.50B,$7.92B,0.19,$6.94B,$5.84B,84.04%,$6.94B,$1.26B,18.21%,$6.94B,$1.26B,18.21%,$6.94B,$1.59B,22.90%,$6.94B,$1.28B,18.46%,$6.94B,$1.06B,15.28%,$1.06B,$7.92B,14.03%,$1.06B,$3.31B,36.42%,$1.06B,$15.75B,7.05%,$1.26B,$9.42B,13.95%,$2239,$357,$1882,$363,$987,$1725,$514,$8,$522,$85,$437,$437,$437,$594,$514,$424,427,$1.05,$1.05,$7509,$0,$144,$9360,$1128,$0,$4609,$193,$6386,$15746,$4129,$1500,$363,$3694,$7823,$4,$5195,$-8,$7923,$15746,$997,$335,$449,$784,$-114,$0,$-35,$253,$118,$1899,$-333,$0,$-34,$-30,$-14,$-44,$75,$-336,$0,$0,$0,$-1173,$-1173,$0,$32,$-1141,$422,$504,$0
12,2015-09-30,78.79,$17.86,4.41,$16.34,4.82,$10.14,7.77,0,0.0,$8.66B,$3.75B,2.31,$1.50B,$7.53B,0.2,$7.02B,$5.89B,83.89%,$7.02B,$1.06B,15.11%,$7.02B,$1.06B,15.11%,$7.02B,$1.39B,19.81%,$7.02B,$1.04B,14.85%,$7.02B,$0.83B,11.84%,$0.83B,$7.53B,11.11%,$0.83B,$2.91B,29.64%,$0.83B,$14.79B,5.57%,$1.06B,$9.03B,11.81%,$1672,$258,$1414,$331,$757,$1346,$326,$-1,$325,$69,$256,$256,$256,$413,$326,$422,424,$0.61,$0.60,$7222,$0,$150,$8662,$1124,$0,$4626,$175,$6129,$14791,$3750,$1500,$310,$3507,$7257,$4,$4821,$-3,$7534,$14791,$623,$246,$302,$548,$508,$0,$-36,$-103,$240,$1411,$-274,$0,$-21,$-135,$-9,$-144,$77,$-362,$0,$0,$0,$-1068,$-1068,$0,$31,$-1037,$12,$368,$0
13,2015-06-30,85.74,$17.29,4.96,$15.88,5.4,$10.94,7.84,0,0.0,$8.71B,$3.96B,2.2,$1.50B,$7.31B,0.21,$6.86B,$5.75B,83.76%,$6.86B,$0.98B,14.23%,$6.86B,$0.98B,14.23%,$6.86B,$1.31B,19.10%,$6.86B,$0.96B,14.01%,$6.86B,$0.77B,11.21%,$0.77B,$7.31B,10.32%,$0.77B,$2.65B,27.87%,$0.77B,$14.85B,5.18%,$0.98B,$8.81B,10.90%,$1521,$250,$1271,$322,$745,$1315,$206,$7,$213,$41,$172,$172,$172,$289,$206,$424,427,$0.41,$0.40,$6996,$0,$262,$8712,$1112,$0,$4663,$171,$6141,$14853,$3955,$1500,$296,$3587,$7542,$4,$4566,$-3,$7311,$14853,$368,$159,$193,$352,$305,$0,$-33,$29,$279,$999,$-184,$0,$-21,$-198,$-2,$-200,$1,$-404,$0,$0,$0,$-905,$-905,$0,$30,$-875,$-280,$242,$0
14,2015-03-31,82.01,$17.59,4.66,$15.68,5.23,$11.34,7.23,0,0.0,$8.71B,$3.77B,2.31,$1.50B,$7.48B,0.2,$6.80B,$5.71B,84.08%,$6.80B,$0.97B,14.28%,$6.80B,$0.97B,14.28%,$6.80B,$1.30B,19.16%,$6.80B,$0.95B,13.98%,$6.80B,$0.76B,11.24%,$0.76B,$7.48B,10.33%,$0.76B,$2.78B,28.35%,$0.76B,$14.81B,5.21%,$0.97B,$8.98B,10.90%,$1511,$243,$1268,$305,$723,$1293,$218,$4,$222,$26,$196,$196,$196,$294,$218,$428,430,$0.46,$0.45,$7226,$0,$239,$8705,$1059,$0,$4700,$168,$6102,$14807,$3774,$1500,$275,$3549,$7323,$4,$4394,$0,$7484,$14807,$196,$76,$102,$178,$531,$0,$-49,$-39,$309,$683,$-106,$0,$-21,$-271,$0,$-271,$1,$-397,$0,$0,$0,$-418,$-418,$0,$2,$-416,$-130,$119,$0
15,2014-12-31,82.52,$17.67,4.67,$15.29,5.4,$11.55,7.14,0,0.0,$8.88B,$4.00B,2.22,$1.50B,$7.59B,0.2,$6.64B,$5.60B,84.35%,$6.64B,$0.99B,14.95%,$6.64B,$0.99B,14.95%,$6.64B,$1.33B,20.05%,$6.64B,$0.97B,14.64%,$6.64B,$0.77B,11.54%,$0.77B,$7.59B,10.51%,$0.77B,$2.87B,29.71%,$0.77B,$15.22B,5.33%,$0.99B,$9.09B,11.29%,$2312,$379,$1933,$441,$1231,$2002,$310,$-28,$282,$75,$207,$207,$207,$394,$310,$430,435,$0.47,$0.47,$7075,$0,$238,$8882,$1035,$0,$4712,$174,$6334,$15216,$3996,$1500,$283,$3634,$7630,$4,$4198,$-1,$7586,$15216,$886,$345,$358,$703,$-267,$0,$69,$577,$591,$2180,$-352,$0,$-1168,$-1144,$-41,$-1185,$-80,$-2785,$1050,$0,$1050,$-698,$-698,$0,$19,$371,$-234,$529,$0
16,2014-09-30,93.84,$17.25,5.44,$14.35,6.54,$12.40,7.57,0,0.0,$8.53B,$3.67B,2.32,$1.50B,$7.44B,0.2,$6.23B,$5.37B,86.16%,$6.23B,$1.16B,18.58%,$6.23B,$1.16B,18.58%,$6.23B,$1.49B,23.88%,$6.23B,$1.21B,19.35%,$6.23B,$1.03B,16.61%,$1.03B,$7.44B,14.56%,$1.03B,$2.73B,38.89%,$1.03B,$14.52B,7.56%,$1.16B,$8.94B,13.87%,$1515,$242,$1273,$327,$698,$1273,$242,$2,$244,$50,$194,$194,$194,$333,$242,$430,434,$0.45,$0.45,$7094,$0,$249,$8532,$969,$0,$4707,$155,$5987,$14519,$3671,$1500,$262,$3412,$7083,$4,$3872,$1,$7436,$14519,$560,$255,$250,$505,$293,$0,$41,$192,$700,$1765,$-254,$0,$-1112,$-940,$-41,$-981,$-86,$-2433,$1050,$0,$1050,$-411,$-411,$0,$17,$656,$-12,$399,$0
17,2014-06-30,96.81,$16.49,5.87,$13.83,7.0,$12.61,7.67,0,0.0,$8.16B,$3.64B,2.24,$1.50B,$7.09B,0.21,$6.00B,$5.20B,86.62%,$6.00B,$1.20B,20.03%,$6.00B,$1.20B,20.03%,$6.00B,$1.52B,25.38%,$6.00B,$1.27B,21.15%,$6.00B,$1.10B,18.35%,$1.10B,$7.09B,16.01%,$1.10B,$2.39B,40.50%,$1.10B,$14.16B,8.53%,$1.20B,$8.59B,15.31%,$1457,$218,$1239,$317,$723,$1257,$200,$2,$202,$35,$167,$167,$167,$281,$200,$430,434,$0.39,$0.38,$6637,$0,$150,$8161,$936,$0,$4697,$230,$5998,$14159,$3641,$1500,$253,$3429,$7070,$4,$3678,$8,$7089,$14159,$366,$164,$164,$328,$130,$0,$-8,$175,$465,$1159,$-153,$0,$-1068,$-713,$-40,$-753,$-86,$-2060,$1050,$0,$1050,$-402,$-402,$0,$2,$650,$-251,$267,$0
18,2014-03-31,108.02,$16.41,6.58,$13.35,8.09,$12.74,8.48,0,0.0,$7.80B,$3.29B,2.37,$1.50B,$7.07B,0.21,$5.79B,$5.03B,86.90%,$5.79B,$1.27B,21.98%,$5.79B,$1.27B,21.98%,$5.79B,$1.60B,27.65%,$5.79B,$1.36B,23.52%,$5.79B,$1.18B,20.37%,$1.18B,$7.07B,17.75%,$1.18B,$2.33B,42.70%,$1.18B,$13.70B,9.70%,$1.27B,$8.57B,17.29%,$1360,$201,$1159,$293,$625,$1119,$241,$4,$245,$46,$199,$199,$199,$324,$241,$431,435,$0.46,$0.46,$6616,$0,$150,$7797,$886,$0,$4737,$190,$5902,$13699,$3287,$1500,$242,$3342,$6629,$4,$3511,$5,$7070,$13699,$199,$83,$85,$168,$418,$0,$-11,$39,$383,$750,$-77,$0,$-1068,$33,$0,$33,$-86,$-1198,$1050,$0,$1050,$-110,$-110,$0,$-9,$931,$483,$128,$0
19,2013-12-31,89.71,$15.84,5.66,$12.98,6.91,$12.58,7.13,0,0.0,$7.68B,$3.29B,2.33,$0.45B,$6.82B,0.07,$5.62B,$4.88B,86.85%,$5.62B,$1.19B,21.20%,$5.62B,$1.19B,21.20%,$5.62B,$1.53B,27.18%,$5.62B,$1.28B,22.78%,$5.62B,$1.15B,20.52%,$1.15B,$6.82B,18.15%,$1.15B,$3.18B,42.23%,$1.15B,$12.33B,10.11%,$1.19B,$7.27B,17.51%,$1895,$201,$1694,$351,$801,$1421,$474,$40,$514,$40,$474,$474,$474,$549,$474,$429,433,$1.09,$1.10,$6175,$0,$96,$7681,$845,$0,$3634,$107,$4646,$12327,$3293,$450,$234,$2218,$5511,$4,$3312,$4,$6816,$12327,$1014,$337,$431,$768,$-71,$0,$30,$757,$753,$2535,$-345,$0,$-252,$-865,$-8,$-873,$-2,$-1472,$0,$0,$0,$-437,$-437,$0,$70,$-367,$696,$454,$0
20,2013-09-30,80.9,$15.21,5.32,$12.98,6.23,$11.36,7.12,0,0.0,$6.93B,$2.87B,2.41,$0.45B,$6.53B,0.07,$5.62B,$4.82B,85.70%,$5.62B,$1.07B,19.00%,$5.62B,$1.07B,19.00%,$5.62B,$1.45B,25.87%,$5.62B,$1.07B,19.09%,$5.62B,$0.90B,16.03%,$0.90B,$6.53B,14.81%,$0.90B,$2.97B,36.41%,$0.90B,$11.45B,8.21%,$1.07B,$6.98B,16.35%,$1289,$183,$1106,$266,$552,$1002,$287,$21,$308,$47,$261,$261,$261,$369,$287,$430,433,$0.61,$0.60,$5837,$0,$116,$6925,$793,$0,$3560,$113,$4529,$11454,$2871,$450,$195,$2056,$4927,$4,$2977,$1,$6527,$11454,$679,$261,$300,$561,$360,$0,$16,$312,$608,$1848,$-247,$0,$-147,$-558,$-7,$-565,$-4,$-963,$0,$0,$0,$-291,$-291,$0,$60,$-231,$654,$332,$0
21,2013-06-30,66.99,$14.32,4.68,$12.62,5.31,$10.55,6.35,0,0.0,$6.58B,$2.98B,2.21,$0.45B,$6.16B,0.07,$5.47B,$4.67B,85.36%,$5.47B,$0.97B,17.76%,$5.47B,$0.97B,17.76%,$5.47B,$1.36B,24.92%,$5.47B,$0.96B,17.56%,$5.47B,$0.80B,14.58%,$0.80B,$6.16B,13.64%,$0.80B,$2.56B,36.08%,$0.80B,$11.15B,7.54%,$0.97B,$6.61B,15.43%,$1243,$173,$1070,$261,$538,$973,$270,$24,$294,$49,$245,$245,$245,$358,$270,$428,432,$0.57,$0.57,$5323,$0,$128,$6584,$743,$0,$3594,$107,$4563,$11147,$2979,$450,$195,$2011,$4990,$4,$2716,$-5,$6156,$11147,$418,$179,$174,$353,$208,$0,$18,$222,$439,$1210,$-153,$0,$-153,$-466,$-2,$-468,$-1,$-775,$0,$0,$0,$-252,$-252,$0,$48,$-204,$231,$219,$0
22,2013-03-31,78.88,$13.80,5.71,$12.33,6.4,$10.15,7.77,0,0.0,$6.06B,$2.83B,2.14,$0.45B,$5.91B,0.08,$5.35B,$4.54B,84.92%,$5.35B,$0.91B,17.08%,$5.35B,$0.91B,17.08%,$5.35B,$1.31B,24.41%,$5.35B,$0.88B,16.46%,$5.35B,$0.74B,13.92%,$0.74B,$5.91B,13.20%,$0.74B,$2.21B,31.78%,$0.74B,$10.68B,7.32%,$0.91B,$6.36B,15.00%,$1191,$182,$1009,$271,$515,$1031,$160,$4,$164,$-9,$173,$173,$173,$251,$160,$428,433,$0.41,$0.40,$4937,$0,$139,$6058,$694,$0,$3704,$117,$4623,$10681,$2828,$450,$191,$1941,$4768,$4,$2472,$6,$5913,$10681,$173,$91,$78,$169,$380,$0,$-8,$75,$334,$676,$-78,$0,$-184,$-69,$0,$-69,$0,$-331,$0,$0,$0,$-136,$-136,$0,$22,$-114,$231,$116,$0
23,2012-12-31,94.14,$13.39,7.03,$12.01,7.84,$10.02,9.39,0,0.0,$6.12B,$2.93B,2.09,$0.45B,$5.74B,0.08,$5.21B,$4.42B,84.74%,$5.21B,$0.97B,18.62%,$5.21B,$0.97B,18.62%,$5.21B,$1.36B,26.05%,$5.21B,$0.94B,18.04%,$5.21B,$0.76B,14.63%,$0.76B,$5.74B,13.97%,$0.76B,$2.16B,29.87%,$0.76B,$10.60B,7.79%,$0.97B,$6.19B,16.43%,$1898,$266,$1632,$441,$840,$1547,$351,$-43,$307,$85,$222,$222,$222,$476,$351,$427,434,$0.51,$0.51,$4631,$0,$91,$6120,$665,$0,$3580,$128,$4476,$10596,$2930,$450,$211,$1926,$4856,$4,$2298,$6,$5740,$10596,$746,$355,$216,$571,$-268,$0,$24,$645,$580,$1897,$-234,$0,$-1344,$-407,$-51,$-458,$1,$-2035,$0,$0,$0,$-347,$-347,$0,$138,$-209,$-347,$426,$0
24,2012-09-30,96.74,$12.99,7.45,$11.68,8.28,$10.18,9.5,0,0.0,$5.44B,$2.53B,2.15,$0.45B,$5.57B,0.08,$5.06B,$4.26B,84.24%,$5.06B,$1.06B,20.90%,$5.06B,$1.06B,20.90%,$5.06B,$1.45B,28.69%,$5.06B,$1.14B,22.46%,$5.06B,$1.03B,20.29%,$1.03B,$5.57B,19.68%,$1.03B,$1.91B,38.54%,$1.03B,$9.88B,11.04%,$1.06B,$6.02B,18.67%,$1134,$179,$955,$260,$505,$944,$190,$5,$195,$38,$157,$157,$157,$277,$190,$427,433,$0.37,$0.36,$4395,$0,$154,$5435,$580,$0,$3659,$0,$4445,$9880,$2525,$450,$224,$1791,$4315,$4,$2093,$8,$5565,$9880,$540,$262,$120,$382,$202,$0,$26,$189,$482,$1404,$-153,$0,$-1344,$-299,$0,$-299,$-12,$-1808,$0,$0,$0,$-183,$-183,$0,$111,$-72,$-476,$302,$0
25,2012-06-30,91.04,$12.45,7.31,$11.24,8.1,$10.10,9.02,0,0.0,$6.44B,$2.52B,2.56,$0.45B,$5.32B,0.09,$4.87B,$4.09B,84.15%,$4.87B,$1.05B,21.54%,$4.87B,$1.05B,21.54%,$4.87B,$1.43B,29.37%,$4.87B,$1.12B,23.10%,$4.87B,$1.05B,21.52%,$1.05B,$5.32B,21.21%,$1.05B,$3.09B,38.04%,$1.05B,$9.50B,11.92%,$1.05B,$5.77B,19.46%,$1123,$179,$944,$249,$483,$911,$212,$2,$214,$22,$192,$192,$192,$301,$212,$427,435,$0.45,$0.44,$5347,$0,$128,$6436,$553,$0,$2229,$0,$3064,$9501,$2518,$450,$120,$1662,$4180,$4,$1936,$3,$5321,$9501,$383,$175,$59,$235,$135,$0,$17,$129,$350,$968,$-78,$0,$-102,$-650,$0,$-650,$-4,$-835,$0,$0,$0,$-99,$-99,$0,$86,$-12,$121,$183,$0
26,2012-03-31,112.37,$12.17,9.23,$10.80,10.41,$9.83,11.43,0,0.0,$6.14B,$2.34B,2.62,$0.45B,$5.20B,0.09,$4.66B,$3.92B,84.04%,$4.66B,$1.02B,21.94%,$4.66B,$1.02B,21.94%,$4.66B,$1.39B,29.81%,$4.66B,$1.16B,24.79%,$4.66B,$1.08B,23.05%,$1.08B,$5.20B,22.97%,$1.08B,$3.05B,42.68%,$1.08B,$9.13B,12.96%,$1.02B,$5.65B,19.94%,$1055,$171,$884,$222,$445,$838,$217,$7,$224,$32,$191,$191,$191,$303,$217,$425,433,$0.45,$0.44,$5222,$0,$97,$6135,$524,$0,$2147,$0,$2991,$9126,$2341,$450,$120,$1589,$3930,$4,$1744,$4,$5196,$9126,$191,$86,$-8,$78,$227,$0,$13,$108,$307,$577,$-34,$0,$0,$-22,$0,$-22,$-1,$-57,$0,$0,$0,$97,$97,$0,$54,$151,$670,$82,$0
27,2011-12-31,83.19,$11.26,7.39,$10.33,8.05,$9.56,8.7,0,0.0,$5.68B,$2.40B,2.36,$0.45B,$4.77B,0.09,$4.45B,$3.73B,83.76%,$4.45B,$0.96B,21.56%,$4.45B,$0.96B,21.56%,$4.45B,$1.32B,29.67%,$4.45B,$1.09B,24.44%,$4.45B,$1.01B,22.69%,$1.01B,$4.77B,23.06%,$1.01B,$2.60B,43.78%,$1.01B,$8.68B,12.99%,$0.96B,$5.22B,19.88%,$1745,$269,$1477,$300,$739,$1308,$438,$65,$503,$16,$486,$486,$486,$570,$438,$421,432,$1.14,$1.11,$4512,$0,$80,$5678,$525,$0,$2166,$154,$3003,$8681,$2402,$450,$115,$1509,$3911,$4,$1553,$1,$4770,$8681,$724,$316,$56,$372,$-263,$0,$-16,$746,$930,$2026,$-304,$0,$-304,$-878,$79,$-799,$-204,$-1611,$0,$0,$0,$-312,$-312,$0,$224,$-88,$327,$335,$0
28,2011-09-30,80.38,$10.55,7.62,$9.69,8.29,$7.88,10.19,0,0.0,$4.81B,$2.03B,2.37,$0.45B,$4.45B,0.1,$4.15B,$3.45B,83.20%,$4.15B,$0.80B,19.33%,$4.15B,$0.80B,19.33%,$4.15B,$1.15B,27.72%,$4.15B,$0.85B,20.37%,$4.15B,$0.74B,17.86%,$0.74B,$4.45B,17.91%,$0.74B,$2.27B,34.25%,$0.74B,$7.82B,10.15%,$0.80B,$4.90B,17.48%,$942,$153,$789,$200,$409,$761,$181,$2,$183,$6,$178,$178,$178,$255,$181,$422,432,$0.42,$0.41,$3977,$0,$148,$4813,$517,$0,$2187,$0,$3008,$7820,$2034,$450,$112,$1332,$3367,$4,$1352,$1,$4454,$7820,$524,$230,$21,$250,$73,$0,$-13,$317,$690,$1464,$-251,$0,$-304,$-750,$79,$-672,$-204,$-1431,$0,$0,$0,$-310,$-310,$0,$198,$-113,$-79,$254,$0
29,2011-06-30,100.23,$10.20,9.83,$9.18,10.91,$6.55,15.3,0,0.0,$4.63B,$1.96B,2.36,$0.45B,$4.30B,0.11,$3.92B,$3.25B,82.91%,$3.92B,$0.72B,18.24%,$3.92B,$0.72B,18.24%,$3.92B,$1.06B,27.03%,$3.92B,$0.76B,19.36%,$3.92B,$0.65B,16.53%,$0.65B,$4.30B,16.58%,$0.65B,$2.16B,31.91%,$0.65B,$7.54B,9.44%,$0.72B,$4.75B,16.40%,$921,$152,$769,$189,$393,$734,$187,$59,$246,$26,$220,$220,$220,$262,$187,$420,430,$0.52,$0.51,$3703,$0,$176,$4626,$486,$0,$2144,$0,$2917,$7543,$1961,$450,$105,$1281,$3242,$4,$1175,$2,$4300,$7543,$346,$156,$-38,$117,$27,$0,$-2,$204,$477,$941,$-175,$0,$-204,$-258,$79,$-180,$-221,$-780,$0,$0,$0,$-150,$-150,$0,$151,$1,$162,$166,$0
30,2011-03-31,81.54,$9.55,8.54,$8.64,9.44,$5.88,13.86,0,0.0,$4.57B,$1.79B,2.55,$0.45B,$3.99B,0.11,$3.67B,$3.04B,82.69%,$3.67B,$0.63B,17.12%,$3.67B,$0.63B,17.12%,$3.67B,$0.96B,26.08%,$3.67B,$0.61B,16.60%,$3.67B,$0.50B,13.69%,$0.50B,$3.99B,13.74%,$0.50B,$2.20B,26.53%,$0.50B,$7.05B,7.83%,$0.63B,$4.44B,15.30%,$844,$150,$694,$169,$371,$690,$154,$3,$156,$30,$126,$126,$126,$234,$154,$417,429,$0.30,$0.29,$3662,$0,$251,$4568,$422,$0,$1790,$0,$2481,$7049,$1789,$450,$136,$1268,$3057,$4,$954,$34,$3992,$7049,$126,$81,$19,$100,$81,$0,$9,$161,$252,$478,$-54,$0,$-15,$-230,$-14,$-244,$-55,$-368,$0,$0,$0,$-79,$-79,$0,$50,$-29,$80,$81,$0
31,2010-12-31,88.91,$9.14,9.73,$8.19,10.85,$5.62,15.82,0,0.0,$4.30B,$1.79B,2.4,$0.45B,$3.81B,0.12,$3.46B,$2.87B,82.82%,$3.46B,$0.58B,16.66%,$3.46B,$0.58B,16.66%,$3.46B,$0.88B,25.40%,$3.46B,$0.55B,15.94%,$3.46B,$0.46B,13.14%,$0.46B,$3.81B,13.35%,$0.46B,$2.03B,25.84%,$0.46B,$6.80B,7.60%,$0.58B,$4.26B,14.96%,$1442,$241,$1200,$293,$628,$1162,$280,$-20,$260,$43,$217,$217,$217,$399,$280,$410,423,$0.51,$0.49,$3324,$0,$203,$4298,$419,$0,$1780,$0,$2500,$6797,$1789,$450,$160,$1200,$2989,$4,$829,$20,$3808,$6797,$357,$261,$24,$285,$-77,$0,$9,$387,$532,$1174,$-196,$0,$-293,$-1586,$3,$-1583,$-190,$-2262,$0,$0,$0,$7,$7,$0,$223,$230,$-857,$292,$0
32,2010-09-30,84.94,$8.53,9.95,$6.43,13.2,$5.35,15.89,0,0.0,$3.57B,$1.45B,2.47,$0.45B,$3.54B,0.13,$2.68B,$2.20B,82.05%,$2.68B,$0.31B,11.42%,$2.68B,$0.31B,11.42%,$2.68B,$0.57B,21.31%,$2.68B,$0.30B,11.08%,$2.68B,$0.26B,9.55%,$0.26B,$3.54B,8.15%,$0.26B,$1.74B,15.64%,$0.26B,$6.07B,4.61%,$0.31B,$3.99B,8.52%,$714,$127,$588,$175,$318,$620,$94,$3,$97,$12,$85,$85,$85,$165,$94,$412,427,$0.21,$0.20,$2904,$0,$188,$3566,$419,$0,$1798,$0,$2500,$6066,$1447,$450,$114,$1085,$2531,$4,$274,$14,$3535,$6066,$238,$183,$36,$219,$159,$0,$5,$73,$311,$768,$-139,$0,$-293,$-1470,$3,$-1467,$-175,$-2074,$0,$0,$0,$-0,$-0,$0,$167,$167,$-1139,$205,$0
33,2010-06-30,62.59,$8.06,7.77,$5.98,10.47,$5.28,11.85,0,0.0,$3.42B,$1.44B,2.37,$0.45B,$3.31B,0.14,$2.46B,$2.01B,81.64%,$2.46B,$0.24B,9.57%,$2.46B,$0.24B,9.57%,$2.46B,$0.49B,19.75%,$2.46B,$0.23B,9.45%,$2.46B,$0.21B,8.51%,$0.21B,$3.31B,7.22%,$0.21B,$1.62B,13.60%,$0.21B,$5.80B,4.06%,$0.24B,$3.76B,7.03%,$674,$118,$556,$162,$293,$573,$101,$-4,$97,$22,$75,$75,$75,$160,$101,$408,422,$0.18,$0.18,$2780,$0,$104,$3423,$413,$0,$1688,$0,$2374,$5797,$1444,$450,$112,$1047,$2492,$4,$348,$7,$3306,$5797,$153,$112,$45,$157,$108,$0,$7,$86,$261,$571,$-101,$0,$-167,$-660,$0,$-660,$-175,$-1103,$0,$0,$0,$26,$26,$0,$89,$114,$-418,$132,$0
34,2010-03-31,53.3,$7.31,7.29,$5.53,9.64,$5.16,10.33,0,0.0,$3.28B,$1.26B,2.62,$0.45B,$2.98B,0.15,$2.24B,$1.82B,81.50%,$2.24B,$0.17B,7.69%,$2.24B,$0.17B,7.69%,$2.24B,$0.41B,18.23%,$2.24B,$0.17B,7.77%,$2.24B,$0.17B,7.46%,$0.17B,$2.98B,6.29%,$0.17B,$1.66B,11.02%,$0.17B,$5.28B,3.52%,$0.17B,$3.43B,5.54%,$634,$109,$525,$138,$285,$531,$102,$-5,$98,$19,$78,$78,$78,$156,$102,$404,417,$0.19,$0.19,$2756,$0,$87,$3281,$406,$0,$1317,$0,$1999,$5279,$1255,$450,$110,$1046,$2300,$4,$431,$5,$2979,$5279,$78,$54,$37,$91,$185,$0,$-3,$40,$186,$355,$-53,$0,$-107,$0,$0,$0,$-17,$-176,$0,$0,$0,$68,$68,$0,$24,$91,$270,$64,$0
35,2009-12-31,42.38,$6.81,6.22,$5.21,8.13,$4.93,8.59,0,0.0,$3.18B,$1.29B,2.46,$0.45B,$2.74B,0.16,$2.07B,$1.69B,81.68%,$2.07B,$0.16B,7.57%,$2.07B,$0.16B,7.57%,$2.07B,$0.38B,18.32%,$2.07B,$0.16B,7.76%,$2.07B,$0.16B,7.67%,$0.16B,$2.74B,6.47%,$0.16B,$1.53B,11.04%,$0.16B,$5.07B,3.60%,$0.16B,$3.19B,5.40%,$658,$128,$530,$178,$343,$649,$9,$-4,$5,$-14,$18,$18,$18,$90,$9,$394,400,$0.04,$0.04,$2514,$0,$45,$3182,$402,$0,$1210,$0,$1885,$5067,$1294,$450,$103,$1030,$2324,$4,$471,$5,$2743,$5067,$197,$198,$168,$366,$-194,$0,$-18,$369,$422,$986,$-172,$0,$-356,$0,$0,$0,$-34,$-562,$0,$0,$0,$196,$196,$0,$26,$222,$646,$231,$0
36,2009-09-30,40.17,$6.38,6.3,$6.01,6.69,$4.20,9.56,0,0.0,$2.56B,$0.95B,2.7,$0.45B,$2.55B,0.18,$2.38B,$1.98B,83.01%,$2.38B,$0.30B,12.67%,$2.38B,$0.30B,12.67%,$2.38B,$0.53B,22.23%,$2.38B,$0.50B,20.85%,$2.38B,$0.30B,12.50%,$0.30B,$2.55B,13.02%,$0.30B,$1.34B,21.79%,$0.30B,$4.44B,7.26%,$0.30B,$3.00B,11.03%,$490,$96,$394,$134,$237,$467,$23,$9,$32,$-6,$38,$38,$38,$79,$23,$396,403,$0.10,$0.09,$2176,$0,$75,$2562,$408,$0,$1212,$0,$1881,$4443,$947,$450,$89,$946,$1894,$4,$345,$3,$2549,$4443,$141,$142,$122,$264,$86,$0,$-31,$89,$298,$702,$-133,$0,$-356,$0,$-31,$-31,$1,$-521,$0,$0,$0,$141,$141,$0,$13,$154,$335,$164,$0
37,2009-06-30,27.27,$5.94,4.59,$5.99,4.55,$3.65,7.47,0,0.0,$2.67B,$0.90B,2.97,$0.45B,$2.35B,0.19,$2.37B,$1.98B,83.81%,$2.37B,$0.38B,16.06%,$2.37B,$0.38B,16.06%,$2.37B,$0.59B,25.06%,$2.37B,$0.57B,24.05%,$2.37B,$0.34B,14.50%,$0.34B,$2.35B,16.17%,$0.34B,$1.53B,26.20%,$0.34B,$4.16B,8.89%,$0.38B,$2.80B,14.78%,$456,$81,$375,$121,$215,$418,$38,$1,$39,$6,$33,$33,$33,$83,$38,$392,396,$0.08,$0.08,$2276,$0,$66,$2673,$415,$0,$819,$178,$1489,$4162,$901,$450,$78,$914,$1814,$4,$314,$2,$2347,$4162,$102,$86,$83,$169,$81,$0,$-28,$56,$231,$503,$-110,$0,$0,$0,$-26,$-26,$1,$-136,$0,$0,$0,$63,$63,$0,$4,$68,$435,$101,$0
38,2009-03-31,23.62,$5.60,4.22,$5.98,3.95,$3.08,7.67,0,0.0,$2.50B,$0.87B,2.87,$0.45B,$2.19B,0.21,$2.37B,$1.98B,83.85%,$2.37B,$0.40B,17.03%,$2.37B,$0.40B,17.03%,$2.37B,$0.61B,25.78%,$2.37B,$0.59B,25.11%,$2.37B,$0.36B,15.30%,$0.36B,$2.19B,18.44%,$0.36B,$1.36B,30.79%,$0.36B,$3.97B,10.00%,$0.40B,$2.64B,16.70%,$470,$75,$395,$105,$203,$383,$87,$-1,$85,$16,$70,$70,$70,$128,$87,$390,391,$0.18,$0.18,$2031,$0,$46,$2501,$416,$0,$825,$160,$1473,$3974,$873,$450,$74,$913,$1785,$4,$293,$0,$2188,$3974,$70,$41,$43,$85,$74,$0,$-19,$42,$105,$259,$-66,$0,$0,$0,$-1,$-1,$0,$-67,$0,$0,$0,$-2,$-2,$0,$0,$-2,$191,$50,$0
39,2008-12-31,23.69,$5.30,4.47,$5.88,4.03,$2.78,8.51,0,0.0,$2.39B,$0.88B,2.72,$0.45B,$2.07B,0.22,$2.33B,$1.95B,83.55%,$2.33B,$0.36B,15.60%,$2.33B,$0.36B,15.60%,$2.33B,$0.57B,24.34%,$2.33B,$0.56B,23.99%,$2.33B,$0.34B,14.35%,$0.34B,$2.07B,18.83%,$0.34B,$1.24B,32.91%,$0.34B,$3.84B,10.00%,$0.36B,$2.52B,16.33%,$968,$153,$815,$235,$410,$814,$154,$8,$341,$12,$321,$321,$157,$240,$154,$385,397,$0.35,$0.33,$1841,$0,$56,$2390,$418,$0,$828,$0,$1449,$3839,$880,$450,$66,$889,$1769,$4,$230,$0,$2070,$3839,$290,$159,$128,$287,$-53,$0,$3,$334,$223,$800,$-282,$0,$-139,$0,$-2,$-2,$1,$-422,$0,$0,$0,$146,$146,$0,$86,$231,$610,$167,$0
40,2008-09-30,26.64,$4.83,5.51,$3.44,7.74,$1.48,17.98,0,0.0,$2.16B,$0.76B,2.84,$0.45B,$1.88B,0.24,$1.37B,$1.14B,83.09%,$1.37B,$0.21B,15.37%,$1.37B,$0.21B,15.37%,$1.37B,$0.33B,24.01%,$1.37B,$0.22B,16.03%,$1.37B,$0.18B,13.03%,$0.18B,$1.88B,11.15%,$0.18B,$1.10B,20.35%,$0.18B,$3.46B,5.81%,$0.21B,$2.33B,10.26%,$472,$74,$398,$85,$211,$371,$101,$3,$104,$20,$83,$83,$83,$142,$101,$388,394,$0.21,$0.21,$1691,$0,$49,$2155,$371,$0,$779,$98,$1304,$3459,$759,$450,$28,$818,$1577,$4,$121,$0,$1881,$3459,$179,$118,$74,$192,$-3,$0,$-8,$255,$157,$527,$-187,$0,$-91,$0,$-2,$-2,$1,$-279,$0,$0,$0,$127,$127,$0,$85,$212,$460,$120,$0
41,2008-06-30,53.86,$4.42,12.2,$3.21,16.75,$1.34,40.26,0,0.0,$2.03B,$0.72B,2.81,$0.45B,$1.71B,0.26,$1.25B,$1.04B,82.75%,$1.25B,$0.18B,13.98%,$1.25B,$0.18B,13.98%,$1.25B,$0.28B,22.28%,$1.25B,$0.18B,14.46%,$1.25B,$0.16B,12.78%,$0.16B,$1.71B,11.15%,$0.16B,$1.00B,21.61%,$0.16B,$3.21B,5.67%,$0.18B,$2.16B,9.29%,$456,$81,$376,$114,$200,$395,$61,$3,$64,$12,$52,$52,$52,$100,$61,$383,399,$0.14,$0.13,$1540,$0,$47,$2028,$350,$0,$718,$63,$1179,$3207,$722,$450,$25,$772,$1494,$4,$40,$0,$1713,$3207,$95,$77,$53,$129,$-24,$0,$-16,$195,$59,$284,$-117,$0,$-33,$0,$-2,$-2,$1,$-151,$0,$0,$0,$97,$97,$0,$79,$176,$309,$84,$0
