,Date,Stock Price,Book Value per Share,Price to Book Ratio,TTM Sales per Share,Price to Sales Ratio,TTM FCF per Share,Price to FCF Ratio,TTM Net EPS,PE Ratio,Current Assets,Current Liabilities,Current Ratio,Long Term Debt,Shareholder's Equity_x,Debt to Equity Ratio,TTM Revenue_x,TTM Gross Profit,Gross Margin,TTM Revenue_y,TTM Operating Income,Operating Margin,TTM Revenue_x,TTM EBIT,EBIT Margin,TTM Revenue_y,TTM EBITDA,EBITDA Margin,TTM Revenue_x,TTM Pre-Tax Income,Pre-Tax Margin,TTM Revenue_y,TTM Net Income_x,Net Margin,TTM Net Income_y,Shareholder's Equity_y,Return on Equity,TTM Net Income_x,Tangible Equity,Return on Tangible Equity,TTM Net Income_y,Total Assets,Return on Assets,TTM Net Income,LT Investments & Debt,Return on Investment,revenue,cost-goods-sold,gross-profit,research-development-expenses,selling-general-administrative-expenses,operating-expenses,operating-income,total-non-operating-income-expense,pre-tax-income,total-provision-income-taxes,income-after-taxes,income-from-continuous-operations,net-income,ebitda,ebit,basic-shares-outstanding,shares-outstanding,eps-basic-net-earnings-per-share,eps-earnings-per-share-diluted,cash-on-hand,inventory,other-current-assets,total-current-assets,net-property-plant-equipment,long-term-investments,goodwill-intangible-assets-total,other-long-term-assets,total-long-term-assets,total-assets,total-current-liabilities,long-term-debt,other-non-current-liabilities,total-long-term-liabilities,total-liabilities,common-stock-net,retained-earnings-accumulated-deficit,comprehensive-income,total-share-holder-equity,total-liabilities-share-holders-equity,net-income-loss,total-depreciation-amortization-cash-flow,other-non-cash-items,total-non-cash-items,change-in-accounts-receivable,change-in-inventories,change-in-accounts-payable,change-in-assets-liabilities,total-change-in-assets-liabilities,cash-flow-from-operating-activities,net-change-in-property-plant-equipment,net-change-in-intangible-assets,net-acquisitions-divestitures,net-change-in-short-term-investments,net-change-in-long-term-investments,net-change-in-investments-total,investing-activities-other,cash-flow-from-investing-activities,net-long-term-debt,net-current-debt,debt-issuance-retirement-net-total,net-common-equity-issued-repurchased,net-total-equity-issued-repurchased,total-common-preferred-stock-dividends-paid,financial-activities-other,cash-flow-from-financial-activities,net-cash-flow,stock-based-compensation,common-stock-dividends-paid
0,2018-09-30,73.0,$26.47,2.76,$11.29,6.46,$1.84,39.74,$1.63,44.79,$1.93B,$0.42B,4.64,$9.79B,$4.15B,2.36,$2.16B,$1.21B,55.94%,$2.16B,$0.61B,28.15%,$2.16B,$0.61B,28.15%,$2.16B,$1.04B,48.24%,$2.16B,$0.42B,19.43%,$2.16B,$0.31B,14.47%,$0.31B,$5.04B,6.24%,$0.31B,$4.90B,6.43%,$0.31B,$16.68B,1.84%,$0.61B,$14.83B,4.11%,$542,$238,$304,$0,$32,$385,$157,$64,$221,$2,$219,$219,$191,$267,$157,$190,191,$1.00,$1.00,$920,$0,$0,$1927,$11967,$0,$140,$2201,$14751,$16678,$416,$9793,$508,$11225,$11641,$8,$-4136,$34,$5038,$16678,$325,$322,$-12,$310,$-12,$0,$0,$-131,$-147,$488,$-438,$0,$-280,$0,$-33,$-33,$99,$-652,$48,$0,$48,$4,$-466,$-465,$52,$-831,$-995,$0,$-423
1,2018-06-30,73.28,$25.99,2.82,$11.23,6.52,$2.51,29.17,$0.48,152.66,$2.21B,$0.39B,5.62,$9.78B,$4.05B,2.41,$2.14B,$1.21B,56.23%,$2.14B,$0.61B,28.56%,$2.14B,$0.61B,28.56%,$2.14B,$1.04B,48.62%,$2.14B,$0.24B,11.01%,$2.14B,$0.09B,4.29%,$0.09B,$4.94B,1.82%,$0.09B,$4.80B,1.87%,$0.09B,$16.87B,0.54%,$0.61B,$14.73B,4.16%,$542,$237,$305,$0,$34,$385,$156,$-51,$105,$0,$105,$105,$112,$264,$156,$190,191,$0.59,$0.58,$1212,$0,$0,$2214,$12012,$0,$146,$2049,$14652,$16866,$394,$9782,$809,$11528,$11922,$8,$-4206,$33,$4944,$16866,$106,$213,$106,$318,$-8,$0,$0,$-164,$-183,$241,$-298,$0,$-12,$0,$-27,$-27,$82,$-255,$41,$0,$41,$4,$-466,$-319,$55,$-689,$-703,$0,$-289
2,2018-03-31,66.12,$26.42,2.5,$11.08,5.97,$2.74,24.17,$0.51,129.64,$2.42B,$0.43B,5.61,$9.77B,$4.13B,2.37,$2.11B,$1.20B,56.58%,$2.11B,$0.61B,28.88%,$2.11B,$0.61B,28.88%,$2.11B,$1.06B,50.33%,$2.11B,$0.26B,12.31%,$2.11B,$0.10B,4.55%,$0.10B,$5.03B,1.67%,$0.10B,$4.87B,1.72%,$0.10B,$16.86B,0.53%,$0.61B,$14.80B,3.89%,$536,$251,$286,$0,$44,$403,$134,$-132,$2,$1,$1,$1,$-18,$239,$134,$190,190,$-0.09,$-0.09,$1418,$0,$0,$2417,$11963,$0,$153,$1926,$14447,$16864,$431,$9774,$776,$11409,$11840,$8,$-4198,$30,$5025,$16864,$0,$105,$87,$191,$-6,$0,$0,$60,$74,$265,$-141,$0,$-44,$0,$-8,$-8,$2,$-191,$41,$0,$41,$3,$-467,$-136,$-9,$-572,$-497,$0,$-120
3,2017-12-31,76.14,$26.36,2.89,$10.93,6.97,$2.79,27.25,$0.85,89.57,$2.90B,$0.42B,6.98,$9.73B,$4.12B,2.36,$2.08B,$1.20B,57.39%,$2.08B,$0.61B,29.17%,$2.08B,$0.61B,29.17%,$2.08B,$1.09B,52.30%,$2.08B,$0.32B,15.26%,$2.08B,$0.16B,7.77%,$0.16B,$5.01B,2.54%,$0.16B,$4.85B,2.61%,$0.16B,$17.40B,0.85%,$0.61B,$14.74B,3.68%,$536,$225,$311,$0,$42,$377,$160,$-69,$91,$39,$52,$52,$27,$270,$160,$190,191,$0.14,$0.14,$1915,$0,$0,$2900,$11871,$0,$159,$2063,$14498,$17398,$416,$9729,$801,$11974,$12390,$8,$-4183,$129,$5008,$17398,$264,$483,$215,$698,$1,$0,$0,$-107,$-102,$860,$-627,$0,$-21,$0,$-41,$-41,$482,$-206,$424,$0,$424,$29,$339,$-671,$-431,$-338,$315,$0,$-606
4,2017-09-30,74.26,$27.85,2.67,$9.52,7.8,$1.58,46.98,$4.14,17.94,$2.36B,$0.41B,5.72,$9.35B,$4.25B,2.2,$1.81B,$1.02B,56.34%,$1.81B,$0.69B,38.15%,$1.81B,$0.69B,38.15%,$1.81B,$1.20B,66.26%,$1.81B,$0.55B,30.49%,$1.81B,$0.79B,43.33%,$0.79B,$5.29B,11.18%,$0.79B,$5.12B,11.48%,$0.79B,$16.84B,3.97%,$0.69B,$14.64B,4.05%,$529,$225,$303,$0,$34,$367,$162,$-124,$38,$1,$37,$37,$-29,$269,$162,$190,191,$-0.15,$-0.15,$1386,$0,$0,$2358,$11778,$0,$166,$2184,$14484,$16842,$412,$9352,$817,$11142,$11555,$8,$-4098,$122,$5288,$16842,$211,$372,$160,$532,$5,$0,$0,$-114,$-81,$662,$-482,$0,$-2,$0,$-34,$-34,$464,$-54,$52,$0,$52,$25,$25,$-479,$-418,$-821,$-214,$0,$-431
5,2017-06-30,73.0,$40.35,1.81,$9.40,7.77,$0.03,2393.35,$4.64,15.73,$2.70B,$0.43B,6.33,$10.84B,$6.61B,1.64,$1.79B,$1.01B,56.38%,$1.79B,$0.68B,37.92%,$1.79B,$0.68B,37.92%,$1.79B,$1.22B,68.01%,$1.79B,$0.60B,33.28%,$1.79B,$0.88B,49.27%,$0.88B,$7.64B,11.79%,$0.88B,$7.47B,12.09%,$0.88B,$20.89B,4.23%,$0.68B,$18.48B,3.77%,$511,$216,$295,$0,$35,$357,$154,$-25,$129,$-1,$129,$129,$116,$285,$154,$189,190,$0.61,$0.61,$1558,$0,$0,$2704,$14913,$0,$177,$2642,$18185,$20889,$427,$10838,$801,$12818,$13245,$8,$-1525,$116,$7644,$20889,$221,$266,$2,$267,$4,$0,$0,$-171,$-173,$316,$-331,$0,$-7,$0,$-28,$-28,$114,$-252,$213,$0,$213,$9,$9,$-327,$-2,$-106,$-42,$0,$-294
6,2017-03-31,77.4,$39.95,1.94,$9.99,7.75,$-0.57,0.0,$5.19,14.91,$2.72B,$0.45B,6.03,$10.62B,$6.53B,1.63,$1.90B,$1.09B,57.40%,$1.90B,$0.71B,37.44%,$1.90B,$0.71B,37.44%,$1.90B,$1.25B,66.03%,$1.90B,$0.73B,38.65%,$1.90B,$0.99B,51.87%,$0.99B,$7.56B,13.31%,$0.99B,$7.38B,13.67%,$0.99B,$20.73B,4.72%,$0.71B,$18.18B,3.95%,$508,$221,$287,$0,$47,$376,$132,$-71,$60,$2,$59,$59,$48,$266,$132,$189,190,$0.25,$0.25,$1583,$0,$0,$2719,$14862,$0,$184,$2510,$18013,$20731,$451,$10615,$833,$12717,$13168,$8,$-1506,$119,$7563,$20731,$74,$134,$23,$157,$2,$0,$0,$69,$70,$301,$-166,$0,$4,$0,$-7,$-7,$12,$-157,$-4,$0,$-4,$8,$8,$-150,$-14,$-161,$-16,$0,$-134
7,2016-12-31,80.01,$40.29,1.99,$10.57,7.57,$-0.93,0.0,$4.33,18.48,$2.54B,$0.40B,6.4,$9.45B,$6.58B,1.44,$2.00B,$1.16B,57.88%,$2.00B,$0.58B,28.89%,$2.00B,$0.58B,28.89%,$2.00B,$1.12B,55.94%,$2.00B,$0.59B,29.19%,$2.00B,$0.82B,41.07%,$0.82B,$7.62B,11.22%,$0.82B,$7.43B,11.54%,$0.82B,$20.82B,3.94%,$0.58B,$17.07B,3.21%,$266,$129,$137,$0,$22,$22,$244,$81,$326,$-2,$328,$328,$651,$382,$244,$189,190,$3.45,$3.44,$1596,$0,$0,$2542,$11606,$0,$190,$2553,$18273,$20815,$397,$9447,$815,$12799,$13196,$8,$-1419,$119,$7618,$20815,$982,$542,$-453,$89,$-4,$0,$0,$-85,$-76,$995,$-994,$0,$92,$-0,$-128,$-128,$137,$-893,$509,$0,$509,$8,$-238,$-687,$-30,$-446,$-344,$0,$-607
8,2016-09-30,77.02,$37.40,2.06,$9.88,7.8,$-1.49,0.0,$2.12,36.33,$2.59B,$0.46B,5.61,$11.20B,$6.03B,1.86,$1.87B,$1.09B,58.04%,$1.87B,$0.40B,21.46%,$1.87B,$0.40B,21.46%,$1.87B,$0.92B,49.01%,$1.87B,$0.37B,19.70%,$1.87B,$0.40B,21.52%,$0.40B,$7.07B,5.52%,$0.40B,$6.87B,5.69%,$0.40B,$20.86B,1.92%,$0.40B,$18.27B,2.18%,$503,$214,$289,$0,$34,$354,$148,$-68,$80,$5,$76,$76,$66,$283,$148,$189,190,$0.35,$0.35,$1465,$0,$0,$2586,$14837,$0,$201,$2767,$18273,$20859,$461,$11200,$877,$13329,$13790,$8,$-1951,$82,$7069,$20859,$277,$404,$23,$427,$1,$0,$0,$-137,$-132,$572,$-689,$0,$77,$-4,$-113,$-117,$43,$-686,$409,$0,$409,$7,$-239,$-516,$-19,$-365,$-479,$0,$-452
9,2016-06-30,75.74,$38.91,1.95,$10.55,7.18,$-1.43,0.0,$2.82,26.86,$2.83B,$0.48B,5.89,$11.08B,$6.07B,1.83,$2.00B,$1.17B,58.51%,$2.00B,$0.45B,22.27%,$2.00B,$0.45B,22.27%,$2.00B,$0.95B,47.75%,$2.00B,$0.49B,24.67%,$2.00B,$0.54B,26.83%,$0.54B,$7.35B,7.25%,$0.54B,$7.14B,7.48%,$0.54B,$21.07B,2.58%,$0.45B,$18.43B,2.44%,$622,$245,$377,$0,$46,$435,$187,$81,$268,$2,$266,$266,$220,$323,$187,$189,190,$1.17,$1.16,$1739,$0,$0,$2826,$14735,$0,$210,$2831,$18247,$21074,$480,$11079,$914,$13246,$13726,$8,$-1899,$73,$7348,$21074,$177,$270,$34,$303,$2,$0,$0,$-170,$-161,$319,$-447,$0,$69,$-4,$-91,$-95,$33,$-441,$293,$0,$293,$4,$4,$-362,$-18,$-83,$-205,$0,$-321
10,2016-03-31,70.97,$38.67,1.84,$10.52,6.75,$-1.56,0.0,$2.53,28.05,$2.85B,$0.45B,6.37,$11.06B,$6.02B,1.84,$1.99B,$1.17B,58.53%,$1.99B,$0.45B,22.64%,$1.99B,$0.45B,22.64%,$1.99B,$0.95B,47.84%,$1.99B,$0.35B,17.72%,$1.99B,$0.48B,24.20%,$0.48B,$7.30B,6.53%,$0.48B,$7.08B,6.74%,$0.48B,$20.87B,2.36%,$0.45B,$18.36B,2.52%,$613,$256,$357,$0,$49,$613,$-0,$-89,$-89,$3,$-92,$-92,$-114,$133,$-0,$189,189,$-0.61,$-0.61,$1783,$0,$0,$2854,$14586,$0,$218,$2694,$18020,$20873,$448,$11060,$876,$13126,$13574,$8,$-2000,$53,$7300,$20873,$-92,$133,$171,$304,$1,$0,$0,$46,$59,$272,$-205,$0,$2,$0,$-63,$-63,$31,$-235,$-22,$0,$-22,$2,$2,$-161,$-17,$-197,$-161,$0,$-140
11,2015-12-31,74.58,$39.64,1.88,$10.48,7.12,$-1.64,0.0,$3.59,20.78,$2.97B,$0.44B,6.7,$11.09B,$6.20B,1.79,$1.99B,$1.16B,58.46%,$1.99B,$0.62B,31.17%,$1.99B,$0.62B,31.17%,$1.99B,$1.11B,55.69%,$1.99B,$0.55B,27.79%,$1.99B,$0.68B,34.29%,$0.68B,$7.48B,9.31%,$0.68B,$7.25B,9.62%,$0.68B,$21.14B,3.41%,$0.62B,$18.57B,3.55%,$135,$71,$64,$0,$15,$68,$67,$43,$110,$-1,$110,$110,$231,$179,$67,$188,190,$1.23,$1.22,$1944,$0,$0,$2973,$14672,$0,$228,$2753,$18170,$21143,$444,$11091,$891,$13223,$13667,$8,$-1767,$47,$7476,$21143,$859,$487,$-411,$77,$8,$0,$0,$-247,$-264,$672,$-777,$0,$228,$0,$-235,$-235,$52,$-732,$1532,$0,$1532,$9,$9,$-658,$-265,$619,$559,$0,$-578
12,2015-09-30,67.03,$39.48,1.7,$12.93,5.18,$0.57,118.01,$5.09,13.17,$1.89B,$0.47B,4.06,$10.01B,$6.17B,1.62,$2.45B,$1.45B,59.11%,$2.45B,$0.73B,29.62%,$2.45B,$0.73B,29.62%,$2.45B,$1.25B,50.90%,$2.45B,$0.55B,22.55%,$2.45B,$0.96B,39.34%,$0.96B,$7.45B,13.15%,$0.96B,$7.20B,13.59%,$0.96B,$19.97B,4.82%,$0.73B,$17.45B,4.25%,$628,$257,$371,$0,$36,$436,$191,$12,$204,$3,$201,$201,$199,$319,$191,$189,190,$1.05,$1.05,$896,$0,$0,$1890,$14480,$0,$242,$2753,$18082,$19972,$465,$10007,$930,$12062,$12527,$8,$-1879,$44,$7445,$19972,$576,$375,$-222,$153,$2,$0,$0,$-281,$-285,$444,$-547,$0,$-13,$0,$-145,$-145,$225,$-480,$337,$0,$337,$15,$15,$-510,$-216,$-373,$-410,$0,$-450
13,2015-06-30,69.91,$38.76,1.8,$12.68,5.51,$2.64,26.45,$4.73,14.78,$1.61B,$0.44B,3.68,$9.81B,$6.03B,1.63,$2.40B,$1.42B,58.98%,$2.40B,$0.72B,29.85%,$2.40B,$0.72B,29.85%,$2.40B,$1.24B,51.48%,$2.40B,$0.44B,18.26%,$2.40B,$0.90B,37.31%,$0.90B,$7.31B,12.32%,$0.90B,$7.06B,12.75%,$0.90B,$19.59B,4.42%,$0.72B,$17.12B,4.14%,$616,$243,$374,$0,$39,$423,$193,$-66,$128,$-88,$216,$216,$166,$322,$193,$188,190,$0.88,$0.87,$644,$0,$0,$1611,$14327,$0,$246,$2839,$17975,$19586,$438,$9810,$928,$11843,$12281,$8,$-1959,$51,$7305,$19586,$341,$247,$-74,$172,$-5,$0,$0,$-297,$-328,$185,$-338,$0,$-46,$0,$-161,$-161,$72,$-475,$139,$0,$139,$11,$11,$-354,$-187,$-392,$-682,$0,$-315
14,2015-03-31,81.98,$37.41,2.19,$12.48,6.57,$4.13,19.83,$4.27,19.2,$2.19B,$0.43B,5.07,$9.56B,$5.77B,1.66,$2.36B,$1.39B,58.76%,$2.36B,$0.71B,30.21%,$2.36B,$0.71B,30.21%,$2.36B,$1.23B,52.02%,$2.36B,$0.45B,19.18%,$2.36B,$0.81B,34.20%,$0.81B,$7.04B,11.13%,$0.81B,$6.81B,11.54%,$0.81B,$19.26B,3.92%,$0.71B,$16.61B,4.06%,$607,$254,$352,$0,$58,$439,$168,$-58,$110,$1,$109,$109,$85,$286,$168,$188,189,$0.45,$0.45,$1266,$0,$0,$2193,$13832,$0,$230,$2492,$17068,$19261,$433,$9564,$904,$11784,$12217,$8,$-2006,$73,$7044,$19261,$125,$118,$25,$144,$1,$0,$0,$-63,$-74,$195,$-143,$0,$285,$0,$-24,$-24,$31,$150,$-107,$0,$-107,$12,$12,$-198,$-182,$-475,$-131,$0,$-179
15,2014-12-31,77.7,$39.86,1.95,$12.26,6.34,$4.74,16.4,$4.15,18.72,$2.27B,$0.45B,5.07,$9.53B,$6.21B,1.53,$2.31B,$1.36B,58.78%,$2.31B,$0.69B,29.80%,$2.31B,$0.69B,29.80%,$2.31B,$1.23B,53.07%,$2.31B,$0.43B,18.73%,$2.31B,$0.78B,33.87%,$0.78B,$7.49B,10.68%,$0.78B,$7.26B,11.10%,$0.78B,$21.16B,3.76%,$0.69B,$17.02B,3.87%,$597,$247,$350,$0,$41,$424,$173,$-63,$110,$2,$108,$108,$513,$319,$173,$188,189,$2.74,$2.72,$1375,$0,$0,$2272,$13661,$0,$225,$2384,$18886,$21158,$448,$9530,$852,$13221,$13669,$7,$-1505,$93,$7489,$21158,$1009,$537,$-314,$222,$-8,$0,$0,$-132,$-96,$1135,$-823,$0,$177,$0,$-151,$-151,$222,$-574,$1116,$-199,$917,$15,$15,$-850,$-28,$54,$615,$0,$-769
16,2014-09-30,65.54,$38.48,1.7,$10.38,6.32,$4.74,13.83,$1.06,61.83,$2.85B,$0.50B,5.72,$11.15B,$5.95B,1.88,$1.96B,$1.11B,56.52%,$1.96B,$0.50B,25.32%,$1.96B,$0.50B,25.32%,$1.96B,$1.02B,52.07%,$1.96B,$0.00B,0.10%,$1.96B,$0.20B,10.28%,$0.20B,$7.23B,2.73%,$0.20B,$6.95B,2.85%,$0.20B,$21.00B,0.98%,$0.50B,$18.38B,2.76%,$579,$240,$339,$0,$40,$397,$182,$-92,$90,$3,$87,$87,$131,$308,$182,$188,189,$0.70,$0.69,$1844,$0,$0,$2854,$14943,$0,$280,$2440,$18147,$21001,$499,$11153,$984,$13277,$13776,$7,$-1878,$70,$7225,$21001,$433,$391,$131,$522,$-3,$0,$0,$-161,$-127,$829,$-540,$0,$240,$0,$-92,$-92,$195,$-197,$1370,$0,$1370,$13,$13,$-681,$-234,$468,$1100,$0,$-619
17,2014-06-30,69.5,$38.36,1.81,$10.88,6.39,$5.72,12.15,$0.81,85.8,$2.52B,$0.45B,5.56,$10.87B,$5.92B,1.84,$2.05B,$1.17B,57.21%,$2.05B,$0.55B,26.80%,$2.05B,$0.55B,26.80%,$2.05B,$1.06B,51.98%,$2.05B,$0.02B,1.08%,$2.05B,$0.15B,7.48%,$0.15B,$7.20B,2.04%,$0.15B,$6.91B,2.12%,$0.15B,$20.74B,0.75%,$0.55B,$18.07B,3.08%,$574,$230,$344,$0,$40,$385,$189,$-47,$142,$3,$139,$139,$77,$313,$189,$188,189,$0.41,$0.41,$1532,$0,$0,$2517,$14726,$0,$289,$2528,$18219,$20737,$453,$10869,$996,$13086,$13538,$7,$-1872,$92,$7198,$20737,$264,$266,$110,$376,$-2,$0,$0,$-192,$-192,$448,$-320,$0,$116,$0,$-63,$-63,$200,$-67,$1085,$0,$1085,$9,$9,$-464,$-223,$407,$788,$0,$-424
18,2014-03-31,63.73,$39.54,1.61,$11.41,5.59,$6.35,10.03,$1.18,54.01,$2.36B,$0.46B,5.16,$10.35B,$6.13B,1.69,$2.14B,$1.22B,57.10%,$2.14B,$0.57B,26.56%,$2.14B,$0.57B,26.56%,$2.14B,$1.09B,50.84%,$2.14B,$-0.00B,-0.19%,$2.14B,$0.22B,10.36%,$0.22B,$7.41B,2.89%,$0.22B,$7.11B,3.00%,$0.22B,$20.37B,1.10%,$0.57B,$17.75B,3.20%,$562,$237,$326,$0,$48,$417,$145,$-55,$91,$1,$90,$90,$62,$287,$145,$187,188,$0.33,$0.33,$1367,$0,$0,$2364,$14639,$0,$300,$2423,$18006,$20369,$458,$10345,$1015,$12502,$12960,$7,$-1810,$78,$7409,$20369,$98,$142,$7,$148,$-8,$0,$0,$39,$63,$309,$-144,$0,$120,$0,$-17,$-17,$123,$83,$367,$0,$367,$3,$3,$-168,$-21,$182,$573,$0,$-147
19,2013-12-31,56.96,$40.55,1.4,$12.25,4.65,$7.19,7.92,$2.09,27.25,$1.76B,$0.42B,4.16,$9.98B,$6.32B,1.58,$2.30B,$1.34B,58.24%,$2.30B,$0.67B,29.32%,$2.30B,$0.67B,29.32%,$2.30B,$1.18B,51.50%,$2.30B,$-0.01B,-0.52%,$2.30B,$0.39B,17.05%,$0.39B,$7.60B,5.00%,$0.39B,$7.29B,5.21%,$0.39B,$20.10B,1.92%,$0.67B,$17.57B,3.76%,$240,$144,$96,$0,$31,$261,$-21,$-301,$-321,$-15,$-307,$-307,$-69,$110,$-21,$187,188,$-0.36,$-0.37,$846,$0,$0,$1757,$14122,$0,$307,$2632,$18340,$20097,$422,$9979,$1082,$12080,$12502,$7,$-1735,$72,$7595,$20097,$565,$509,$28,$537,$84,$0,$0,$-103,$-61,$1041,$-730,$0,$1075,$379,$-231,$148,$229,$722,$-1318,$0,$-1318,$7,$-2,$-844,$24,$-2140,$-377,$0,$-761
20,2013-09-30,53.6,$41.85,1.28,$14.18,3.78,$8.01,6.69,$2.79,19.21,$2.31B,$0.44B,5.21,$10.00B,$6.55B,1.53,$2.66B,$1.56B,58.50%,$2.66B,$0.84B,31.53%,$2.66B,$0.84B,31.53%,$2.66B,$1.34B,50.49%,$2.66B,$0.42B,15.76%,$2.66B,$0.52B,19.71%,$0.52B,$7.83B,6.62%,$0.52B,$7.55B,6.92%,$0.52B,$20.28B,2.50%,$0.84B,$17.83B,4.58%,$669,$265,$404,$0,$44,$434,$235,$-125,$110,$2,$108,$108,$83,$353,$235,$187,188,$0.44,$0.44,$1193,$0,$0,$2306,$14430,$0,$275,$2836,$17970,$20275,$443,$10001,$1037,$12005,$12447,$7,$-1528,$83,$7828,$20275,$603,$379,$-99,$280,$63,$0,$0,$-118,$-94,$790,$-319,$0,$900,$379,$-213,$166,$274,$1020,$-1251,$0,$-1251,$5,$-4,$-673,$30,$-1898,$-88,$0,$-610
21,2013-06-30,52.5,$42.36,1.24,$14.39,3.65,$6.93,7.57,$3.59,14.62,$2.20B,$0.39B,5.6,$10.03B,$6.64B,1.51,$2.69B,$1.52B,56.54%,$2.69B,$0.80B,29.79%,$2.69B,$0.80B,29.79%,$2.69B,$1.31B,48.59%,$2.69B,$0.42B,15.53%,$2.69B,$0.67B,25.00%,$0.67B,$7.92B,8.54%,$0.67B,$7.63B,8.92%,$0.67B,$20.33B,3.21%,$0.80B,$17.95B,4.40%,$671,$274,$397,$0,$50,$461,$210,$-94,$116,$3,$113,$113,$146,$339,$210,$187,188,$0.78,$0.78,$1094,$0,$0,$2201,$14390,$0,$289,$2977,$18133,$20333,$393,$10025,$1035,$12019,$12412,$7,$-1472,$133,$7921,$20333,$471,$261,$-120,$142,$54,$0,$0,$-171,$-168,$445,$-199,$0,$835,$161,$-60,$101,$334,$1071,$-1217,$0,$-1217,$4,$-5,$-497,$24,$-1694,$-179,$0,$-454
22,2013-03-31,52.68,$42.91,1.23,$14.45,3.65,$6.28,8.39,$2.92,18.04,$1.90B,$0.43B,4.46,$10.42B,$6.74B,1.55,$2.70B,$1.51B,55.80%,$2.70B,$0.80B,29.46%,$2.70B,$0.80B,29.46%,$2.70B,$1.30B,48.13%,$2.70B,$0.35B,12.97%,$2.70B,$0.55B,20.30%,$0.55B,$8.02B,7.10%,$0.55B,$7.63B,7.42%,$0.55B,$21.13B,2.62%,$0.80B,$18.44B,4.39%,$719,$277,$442,$0,$51,$468,$250,$-167,$83,$1,$82,$82,$232,$382,$250,$187,188,$1.24,$1.24,$754,$0,$0,$1901,$15211,$0,$394,$2948,$19225,$21126,$427,$10421,$1144,$12679,$13106,$7,$-1479,$121,$8021,$21126,$289,$132,$-71,$61,$52,$0,$0,$35,$65,$415,$-93,$0,$499,$160,$-40,$120,$1,$528,$-1030,$0,$-1030,$1,$30,$-332,$15,$-1317,$-374,$0,$-308
23,2012-12-31,50.12,$42.33,1.18,$14.10,3.55,$5.83,8.6,$2.93,17.11,$2.32B,$0.49B,4.79,$11.13B,$6.66B,1.67,$2.65B,$1.43B,54.13%,$2.65B,$0.73B,27.44%,$2.65B,$0.73B,27.44%,$2.65B,$1.23B,46.47%,$2.65B,$0.48B,18.23%,$2.65B,$0.55B,20.76%,$0.55B,$7.90B,7.24%,$0.55B,$7.49B,7.55%,$0.55B,$22.07B,2.66%,$0.73B,$19.03B,4.05%,$599,$287,$312,$0,$40,$456,$143,$-33,$110,$-9,$119,$119,$63,$268,$143,$186,187,$0.33,$0.34,$1144,$0,$0,$2323,$15166,$0,$415,$3084,$19742,$22065,$485,$11127,$1102,$13676,$14161,$7,$-1573,$-19,$7904,$22065,$695,$504,$-62,$442,$-23,$0,$0,$-310,$-311,$825,$-363,$0,$-175,$60,$-229,$-169,$65,$-642,$845,$0,$845,$-18,$29,$-878,$174,$171,$354,$0,$-804
24,2012-09-30,49.92,$41.31,1.21,$14.08,3.55,$5.73,8.71,$2.97,16.81,$1.93B,$0.44B,4.35,$9.81B,$6.45B,1.52,$2.64B,$1.49B,56.47%,$2.64B,$0.75B,28.50%,$2.64B,$0.75B,28.50%,$2.64B,$1.29B,48.64%,$2.64B,$0.47B,17.64%,$2.64B,$0.56B,21.08%,$0.56B,$7.69B,7.43%,$0.56B,$7.44B,7.72%,$0.56B,$20.40B,2.75%,$0.75B,$17.50B,4.28%,$703,$332,$371,$0,$48,$504,$199,$-91,$109,$3,$106,$106,$232,$319,$199,$186,187,$1.25,$1.24,$858,$0,$0,$1926,$13954,$0,$253,$3338,$18471,$20398,$443,$9811,$966,$12266,$12709,$7,$-1319,$-160,$7689,$20398,$603,$379,$-244,$135,$-9,$0,$0,$-252,$-227,$511,$-245,$0,$388,$58,$-116,$-58,$-52,$34,$-297,$0,$-297,$-20,$28,$-519,$103,$-685,$-141,$0,$-465
25,2012-06-30,51.41,$39.14,1.31,$14.01,3.67,$6.48,7.94,$1.95,26.36,$1.65B,$0.43B,3.83,$10.22B,$6.25B,1.63,$2.63B,$1.51B,57.59%,$2.63B,$0.77B,29.31%,$2.63B,$0.77B,29.31%,$2.63B,$1.31B,49.75%,$2.63B,$0.42B,16.06%,$2.63B,$0.37B,13.93%,$0.37B,$7.27B,4.94%,$0.37B,$7.01B,5.14%,$0.37B,$20.00B,1.81%,$0.77B,$17.49B,4.36%,$678,$297,$381,$0,$47,$475,$203,$-155,$48,$7,$40,$40,$21,$330,$203,$186,186,$0.11,$0.11,$584,$0,$0,$1653,$14091,$0,$266,$3309,$18351,$20004,$431,$10218,$758,$12299,$12730,$7,$-1420,$-163,$7274,$20004,$338,$259,$-151,$108,$-9,$0,$0,$-199,$-182,$264,$-141,$0,$338,$58,$-57,$1,$-27,$171,$-282,$0,$-282,$-20,$-20,$-361,$94,$-570,$-135,$0,$-325
26,2012-03-31,51.24,$40.45,1.27,$14.11,3.63,$6.58,7.79,$2.33,21.99,$1.81B,$0.45B,3.98,$10.30B,$6.49B,1.59,$2.65B,$1.54B,58.26%,$2.65B,$0.80B,30.17%,$2.65B,$0.80B,30.17%,$2.65B,$1.33B,50.25%,$2.65B,$0.50B,18.90%,$2.65B,$0.44B,16.52%,$0.44B,$7.51B,5.88%,$0.44B,$7.21B,6.13%,$0.44B,$20.27B,2.15%,$0.80B,$17.81B,4.49%,$669,$300,$370,$0,$55,$487,$182,$33,$216,$7,$209,$209,$234,$314,$182,$185,192,$1.26,$1.25,$732,$0,$0,$1806,$14472,$0,$304,$3300,$18464,$20270,$454,$10303,$740,$12307,$12760,$7,$-1313,$67,$7510,$20270,$280,$131,$-200,$-68,$-19,$0,$0,$74,$95,$307,$-65,$0,$285,$0,$-47,$-47,$-1,$172,$-260,$0,$-260,$-22,$-22,$-180,$-10,$-471,$8,$0,$-162
27,2011-12-31,46.49,$40.57,1.15,$14.41,3.23,$6.12,7.6,$3.20,14.53,$1.73B,$0.42B,4.08,$10.08B,$6.49B,1.55,$2.70B,$1.57B,58.19%,$2.70B,$0.81B,30.00%,$2.70B,$0.81B,30.00%,$2.70B,$1.33B,49.20%,$2.70B,$0.60B,22.16%,$2.70B,$0.60B,22.27%,$0.60B,$7.51B,8.17%,$0.60B,$7.22B,8.54%,$0.60B,$20.45B,2.95%,$0.81B,$17.59B,4.56%,$592,$222,$370,$0,$54,$423,$169,$-76,$93,$5,$88,$88,$70,$322,$169,$184,186,$0.37,$0.40,$705,$0,$0,$1726,$13809,$0,$288,$3209,$18721,$20446,$424,$10077,$757,$12515,$12938,$7,$-1402,$74,$7508,$20446,$740,$518,$-273,$245,$9,$0,$0,$-263,$-283,$702,$-259,$0,$49,$70,$-671,$-600,$645,$-165,$-327,$0,$-327,$26,$236,$-687,$156,$-622,$-84,$0,$-625
28,2011-09-30,44.85,$39.91,1.12,$13.96,3.21,$6.28,7.14,$4.14,10.83,$1.75B,$0.47B,3.73,$10.41B,$6.34B,1.64,$2.61B,$1.53B,58.67%,$2.61B,$0.71B,27.25%,$2.61B,$0.71B,27.25%,$2.61B,$1.20B,45.81%,$2.61B,$0.77B,29.51%,$2.61B,$0.78B,29.66%,$0.78B,$7.36B,10.76%,$0.78B,$7.03B,11.28%,$0.78B,$20.19B,3.79%,$0.71B,$17.77B,4.00%,$688,$296,$392,$0,$46,$472,$216,$-152,$65,$7,$58,$58,$41,$341,$216,$184,186,$0.22,$0.22,$710,$0,$0,$1750,$14476,$0,$335,$3014,$18438,$20188,$469,$10407,$766,$12356,$12825,$7,$-1330,$-59,$7363,$20188,$643,$365,$-297,$68,$11,$0,$0,$-188,$-145,$567,$-163,$0,$136,$19,$-485,$-466,$491,$-2,$-482,$0,$-482,$22,$233,$-502,$81,$-671,$-106,$0,$-459
29,2011-06-30,55.62,$39.95,1.39,$13.99,3.98,$6.33,8.78,$4.44,12.53,$1.82B,$0.44B,4.18,$10.54B,$6.37B,1.66,$2.61B,$1.55B,59.46%,$2.61B,$0.72B,27.57%,$2.61B,$0.72B,27.57%,$2.61B,$1.20B,46.06%,$2.61B,$0.83B,31.81%,$2.61B,$0.83B,31.74%,$0.83B,$7.37B,11.87%,$0.83B,$7.05B,12.49%,$0.83B,$20.54B,4.03%,$0.72B,$17.91B,4.05%,$696,$287,$409,$0,$50,$465,$231,$-105,$126,$6,$121,$121,$92,$352,$231,$184,186,$0.50,$0.49,$747,$0,$0,$1824,$14767,$0,$317,$3264,$18715,$20539,$436,$10540,$760,$12735,$13171,$7,$-1244,$114,$7368,$20539,$577,$240,$-345,$-105,$-11,$0,$0,$-214,$-212,$260,$-119,$0,$131,$19,$-426,$-407,$419,$23,$-353,$0,$-353,$21,$227,$-343,$86,$-383,$-99,$0,$-316
30,2011-03-31,51.95,$39.32,1.32,$13.98,3.72,$7.73,6.72,$4.27,12.17,$1.91B,$0.47B,4.06,$10.63B,$6.46B,1.65,$2.60B,$1.57B,60.23%,$2.60B,$0.73B,27.92%,$2.60B,$0.73B,27.92%,$2.60B,$1.21B,46.62%,$2.60B,$0.79B,30.42%,$2.60B,$0.80B,30.58%,$0.80B,$7.25B,11.69%,$0.80B,$6.91B,12.17%,$0.80B,$20.49B,3.90%,$0.73B,$17.88B,4.12%,$727,$325,$402,$0,$59,$532,$195,$119,$315,$6,$308,$308,$399,$315,$195,$184,192,$2.17,$2.12,$853,$0,$0,$1906,$14822,$0,$333,$3071,$18586,$20492,$469,$10631,$767,$12778,$13248,$7,$-1209,$131,$7245,$20492,$446,$120,$-351,$-231,$-10,$0,$0,$-39,$-19,$196,$-41,$0,$127,$15,$-316,$-301,$275,$60,$-260,$0,$-260,$15,$15,$-164,$80,$-329,$-72,$0,$-151
31,2010-12-31,49.19,$37.19,1.32,$13.92,3.53,$8.12,6.06,$3.24,15.18,$1.96B,$0.44B,4.47,$10.89B,$6.05B,1.8,$2.56B,$1.58B,61.57%,$2.56B,$0.76B,29.67%,$2.56B,$0.76B,29.67%,$2.56B,$1.25B,48.87%,$2.56B,$0.72B,28.30%,$2.56B,$0.60B,23.30%,$0.60B,$6.83B,8.97%,$0.60B,$6.48B,9.22%,$0.60B,$20.52B,2.93%,$0.76B,$17.72B,4.32%,$502,$172,$330,$0,$58,$432,$70,$195,$265,$6,$258,$258,$243,$189,$70,$182,184,$1.33,$1.32,$892,$0,$0,$1960,$14673,$0,$346,$2665,$18558,$20517,$438,$10889,$750,$13249,$13687,$7,$-1481,$73,$6830,$20517,$708,$490,$-259,$231,$2,$0,$0,$-173,$-168,$771,$-302,$0,$-46,$-171,$-165,$-336,$163,$-520,$477,$0,$477,$1,$-78,$-584,$89,$-95,$155,$0,$-528
32,2010-09-30,50.22,$35.52,1.41,$14.83,3.39,$5.29,9.49,$1.09,46.07,$2.07B,$0.51B,4.08,$11.11B,$5.70B,1.95,$2.69B,$1.64B,61.05%,$2.69B,$0.84B,31.25%,$2.69B,$0.84B,31.25%,$2.69B,$1.31B,48.81%,$2.69B,$0.32B,11.90%,$2.69B,$0.20B,7.51%,$0.20B,$6.49B,3.06%,$0.20B,$6.10B,3.16%,$0.20B,$20.63B,1.00%,$0.84B,$17.60B,4.80%,$687,$275,$412,$0,$55,$463,$224,$-99,$125,$5,$120,$120,$95,$347,$224,$182,184,$0.52,$0.52,$995,$0,$0,$2071,$15271,$0,$385,$2553,$18563,$20634,$508,$11110,$1094,$13639,$14146,$7,$-1605,$45,$6488,$20634,$426,$370,$-120,$251,$-6,$0,$0,$-153,$-82,$595,$-186,$0,$39,$152,$-159,$-7,$205,$51,$141,$0,$141,$-13,$-62,$-438,$24,$-335,$311,$0,$-396
33,2010-06-30,42.59,$36.42,1.17,$14.81,2.88,$2.85,14.97,$1.26,33.8,$1.82B,$0.46B,3.97,$10.67B,$5.82B,1.84,$2.67B,$1.63B,61.15%,$2.67B,$0.84B,31.40%,$2.67B,$0.84B,31.40%,$2.67B,$1.33B,49.93%,$2.67B,$0.31B,11.71%,$2.67B,$0.23B,8.72%,$0.23B,$6.64B,3.47%,$0.23B,$6.64B,3.52%,$0.23B,$19.89B,1.12%,$0.84B,$17.31B,4.66%,$684,$262,$422,$0,$50,$447,$237,$-152,$86,$5,$81,$81,$58,$361,$237,$182,184,$0.32,$0.31,$792,$0,$0,$1818,$15336,$0,$0,$2406,$18073,$19891,$459,$10670,$835,$12793,$13252,$7,$-1581,$38,$6639,$19891,$310,$248,$-113,$134,$-0,$0,$0,$65,$88,$532,$-137,$0,$34,$149,$-42,$107,$203,$207,$-296,$0,$-296,$-15,$-28,$-292,$-6,$-623,$117,$0,$-264
34,2010-03-31,43.93,$36.41,1.21,$15.02,2.93,$0.86,51.36,$0.64,68.64,$2.11B,$0.49B,4.3,$11.09B,$5.80B,1.91,$2.66B,$1.62B,60.71%,$2.66B,$0.82B,30.80%,$2.66B,$0.82B,30.80%,$2.66B,$1.31B,49.32%,$2.66B,$0.19B,7.10%,$2.66B,$0.12B,4.62%,$0.12B,$6.62B,1.80%,$0.12B,$6.62B,1.83%,$0.12B,$20.42B,0.58%,$0.82B,$17.72B,4.42%,$685,$275,$411,$0,$49,$457,$228,$19,$248,$6,$242,$242,$200,$353,$228,$182,183,$1.10,$1.09,$1112,$0,$0,$2113,$15390,$0,$0,$2589,$18306,$20420,$491,$11091,$855,$13304,$13795,$7,$-1521,$30,$6624,$20420,$233,$124,$-142,$-18,$-2,$0,$0,$50,$73,$288,$-68,$0,$34,$11,$-37,$-25,$67,$7,$135,$0,$135,$-24,$-28,$-145,$-3,$-42,$253,$0,$-131
35,2009-12-31,40.29,$36.69,1.1,$15.60,2.58,$-0.36,0.0,$0.34,118.5,$1.91B,$0.48B,4.03,$10.69B,$5.83B,1.83,$2.66B,$1.61B,60.43%,$2.66B,$0.78B,29.41%,$2.66B,$0.78B,29.41%,$2.66B,$1.27B,47.70%,$2.66B,$0.10B,3.77%,$2.66B,$0.05B,1.84%,$0.05B,$6.65B,0.72%,$0.05B,$6.21B,0.73%,$0.05B,$20.19B,0.23%,$0.78B,$17.34B,4.12%,$632,$236,$396,$0,$50,$481,$151,$-291,$-139,$5,$-144,$-144,$-151,$251,$151,$172,174,$-0.94,$-0.92,$869,$0,$0,$1913,$15133,$0,$440,$2051,$18272,$20185,$475,$10686,$824,$13061,$13536,$7,$-1578,$28,$6649,$20185,$128,$487,$164,$651,$15,$0,$0,$-158,$-146,$634,$-682,$0,$368,$-66,$-38,$-104,$176,$-242,$-1648,$0,$-1648,$680,$655,$-362,$-28,$-1383,$-991,$0,$-305
36,2009-09-30,36.83,$38.81,0.95,$16.01,2.3,$-0.01,0.0,$-0.22,0.0,$3.95B,$0.55B,7.21,$12.73B,$6.14B,2.07,$2.67B,$1.60B,59.85%,$2.67B,$0.77B,28.78%,$2.67B,$0.77B,28.78%,$2.67B,$1.24B,46.60%,$2.67B,$0.00B,0.15%,$2.67B,$-0.03B,-1.01%,$-0.03B,$6.97B,-0.40%,$-0.03B,$6.97B,-0.40%,$-0.03B,$22.35B,-0.12%,$0.77B,$19.70B,3.98%,$671,$266,$405,$0,$52,$448,$223,$-105,$118,$5,$113,$113,$126,$369,$223,$179,181,$0.71,$0.70,$2848,$0,$0,$3953,$15672,$0,$0,$2316,$18397,$22350,$548,$12728,$875,$14834,$15382,$7,$-1279,$16,$6968,$22350,$272,$387,$-89,$298,$12,$0,$0,$-162,$-80,$489,$-531,$0,$293,$48,$-29,$20,$141,$-78,$212,$0,$212,$710,$686,$-237,$-40,$621,$1033,$0,$-194
37,2009-06-30,25.54,$39.89,0.64,$16.41,1.56,$0.68,37.62,$-0.71,0.0,$3.48B,$0.49B,7.17,$12.39B,$6.30B,1.97,$2.67B,$1.59B,59.55%,$2.67B,$0.75B,28.20%,$2.67B,$0.75B,28.20%,$2.67B,$1.23B,46.14%,$2.67B,$-0.07B,-2.47%,$2.67B,$-0.13B,-4.87%,$-0.13B,$7.12B,-1.99%,$-0.13B,$7.12B,-1.99%,$-0.13B,$21.83B,-0.60%,$0.75B,$19.51B,3.97%,$674,$270,$404,$0,$50,$456,$218,$-256,$-38,$5,$-44,$-44,$-52,$340,$218,$172,172,$-0.30,$-0.30,$2376,$0,$0,$3483,$15796,$0,$0,$2138,$18349,$21832,$486,$12386,$882,$14224,$14710,$7,$-1289,$-36,$7122,$21832,$116,$240,$28,$268,$16,$0,$0,$-28,$-5,$379,$-352,$0,$45,$-2,$-26,$-28,$116,$-219,$-124,$0,$-124,$710,$685,$-155,$-25,$382,$542,$0,$-126
38,2009-03-31,18.57,$41.45,0.45,$16.61,1.12,$1.15,16.2,$0.38,48.86,$3.31B,$0.50B,6.64,$12.73B,$5.74B,2.22,$2.67B,$1.60B,60.07%,$2.67B,$0.77B,28.88%,$2.67B,$0.77B,28.88%,$2.67B,$1.24B,46.33%,$2.67B,$0.06B,2.40%,$2.67B,$0.04B,1.46%,$0.04B,$6.56B,0.61%,$0.04B,$6.56B,0.61%,$0.04B,$21.65B,0.18%,$0.77B,$19.29B,4.11%,$679,$279,$400,$0,$79,$490,$189,$-30,$159,$5,$154,$154,$126,$307,$189,$156,157,$0.81,$0.80,$2026,$0,$0,$3306,$15751,$0,$0,$2179,$18343,$21649,$498,$12732,$931,$14590,$15088,$6,$-1070,$-47,$6561,$21649,$156,$118,$-80,$38,$7,$0,$0,$-47,$-25,$170,$-171,$0,$21,$-2,$-10,$-12,$-16,$-178,$216,$-0,$216,$0,$-24,$-73,$-11,$107,$99,$0,$-59
39,2008-12-31,33.08,$40.02,0.83,$16.20,2.04,$1.54,21.46,$2.06,16.06,$3.18B,$0.52B,6.17,$12.44B,$5.39B,2.31,$2.64B,$1.59B,60.30%,$2.64B,$0.79B,29.85%,$2.64B,$0.79B,29.85%,$2.64B,$1.27B,48.07%,$2.64B,$0.03B,0.95%,$2.64B,$0.30B,11.48%,$0.30B,$6.22B,4.80%,$0.30B,$6.22B,4.80%,$0.30B,$21.42B,1.41%,$0.79B,$18.65B,4.25%,$641,$255,$386,$0,$45,$504,$137,$-371,$-235,$3,$-237,$-237,$-227,$226,$137,$154,158,$-1.42,$-1.33,$1903,$0,$0,$3182,$15652,$0,$0,$2106,$18236,$21418,$516,$12438,$978,$14688,$15203,$6,$-1047,$-7,$6215,$21418,$411,$481,$-35,$446,$-2,$0,$0,$-33,$-40,$818,$-807,$0,$348,$-114,$-156,$-270,$275,$-453,$728,$0,$728,$-2,$-2,$-705,$-14,$8,$372,$0,$-647
40,2008-09-30,49.34,$40.70,1.21,$16.24,3.04,$2.56,19.3,$4.03,12.24,$3.24B,$0.60B,5.4,$12.19B,$5.46B,2.23,$2.65B,$1.60B,60.54%,$2.65B,$0.87B,33.01%,$2.65B,$0.87B,33.01%,$2.65B,$1.40B,52.68%,$2.65B,$0.31B,11.52%,$2.65B,$0.59B,22.43%,$0.59B,$6.28B,9.72%,$0.59B,$6.28B,9.72%,$0.59B,$21.44B,2.73%,$0.87B,$18.47B,4.80%,$676,$276,$400,$0,$49,$467,$209,$-161,$48,$5,$43,$43,$23,$359,$209,$160,164,$0.14,$0.14,$1919,$0,$0,$3236,$15387,$0,$0,$2410,$18208,$21444,$599,$12191,$981,$14563,$15162,$6,$57,$-9,$6283,$21444,$639,$392,$-401,$-9,$-9,$0,$0,$-63,$17,$648,$-572,$0,$305,$40,$-115,$-76,$204,$-139,$381,$0,$381,$22,$22,$-458,$-79,$-135,$374,$0,$-415
41,2008-06-30,47.42,$41.26,1.15,$16.15,2.94,$3.02,15.68,$4.57,10.38,$3.29B,$0.52B,6.38,$12.22B,$5.53B,2.21,$2.61B,$1.58B,60.60%,$2.61B,$0.88B,33.58%,$2.61B,$0.88B,33.58%,$2.61B,$1.37B,52.36%,$2.61B,$0.38B,14.60%,$2.61B,$0.69B,26.37%,$0.69B,$6.35B,11.30%,$0.69B,$6.35B,11.30%,$0.69B,$21.50B,3.14%,$0.88B,$18.57B,4.79%,$674,$256,$418,$0,$50,$438,$236,$-144,$92,$5,$87,$87,$117,$345,$236,$159,163,$0.74,$0.72,$2096,$0,$0,$3291,$15366,$0,$0,$2430,$18211,$21502,$516,$12219,$1014,$14637,$15153,$6,$165,$-28,$6349,$21502,$596,$243,$-398,$-156,$7,$0,$0,$-3,$14,$454,$-351,$0,$309,$6,$-96,$-90,$167,$35,$422,$0,$422,$12,$12,$-305,$-60,$69,$557,$0,$-276
42,2008-03-31,46.13,$41.55,1.11,$15.57,2.96,$2.90,15.9,$4.70,9.82,$3.13B,$0.50B,6.24,$12.17B,$5.56B,2.19,$2.52B,$1.52B,60.33%,$2.52B,$0.84B,33.16%,$2.52B,$0.84B,33.16%,$2.52B,$1.33B,52.90%,$2.52B,$0.48B,19.02%,$2.52B,$0.72B,28.71%,$0.72B,$6.38B,11.94%,$0.72B,$6.38B,11.94%,$0.72B,$21.49B,3.27%,$0.84B,$18.55B,4.55%,$649,$261,$388,$0,$49,$444,$206,$-85,$120,$-217,$338,$338,$390,$339,$206,$156,166,$2.50,$2.38,$1919,$0,$0,$3129,$15274,$0,$0,$2686,$18357,$21486,$501,$12169,$1018,$14603,$15104,$6,$178,$10,$6382,$21486,$450,$134,$-374,$-240,$4,$0,$0,$-38,$12,$222,$-158,$0,$193,$-1,$-75,$-75,$37,$-2,$351,$0,$351,$10,$10,$-152,$-42,$167,$386,$0,$-138
43,2007-12-31,46.73,$35.39,1.32,$14.93,3.13,$2.48,18.86,$3.19,14.65,$2.72B,$0.48B,5.67,$11.90B,$4.59B,2.59,$2.41B,$1.45B,60.46%,$2.41B,$0.81B,33.85%,$2.41B,$0.81B,33.85%,$2.41B,$1.28B,53.10%,$2.41B,$0.55B,22.83%,$2.41B,$0.49B,20.21%,$0.49B,$5.42B,8.08%,$0.49B,$5.42B,8.08%,$0.49B,$22.48B,2.23%,$0.81B,$17.31B,4.48%,$649,$251,$397,$0,$51,$425,$223,$-178,$45,$4,$42,$57,$64,$352,$223,$152,159,$0.40,$0.39,$1533,$0,$0,$2720,$15226,$0,$0,$2626,$19759,$22479,$480,$11896,$1036,$16581,$17061,$6,$-722,$30,$5418,$22479,$608,$463,$-228,$235,$-26,$0,$0,$-30,$-146,$697,$-525,$0,$-2552,$-40,$-271,$-311,$321,$-3068,$2086,$0,$2086,$-8,$-8,$-663,$-123,$1292,$-1079,$0,$-606
44,2007-09-30,57.77,$40.76,1.42,$10.33,5.59,$4.00,14.43,$3.31,17.45,$2.67B,$0.58B,4.59,$12.58B,$5.38B,2.34,$1.68B,$1.24B,73.91%,$1.68B,$0.72B,42.64%,$1.68B,$0.72B,42.64%,$1.68B,$1.15B,68.61%,$1.68B,$0.64B,38.12%,$1.68B,$0.53B,31.39%,$0.53B,$6.21B,8.51%,$0.53B,$6.21B,8.51%,$0.53B,$22.25B,2.55%,$0.72B,$18.78B,4.03%,$637,$259,$378,$0,$48,$426,$211,$-87,$124,$3,$121,$106,$117,$330,$211,$152,159,$0.77,$0.74,$1221,$0,$0,$2666,$16354,$0,$0,$3088,$19588,$22254,$580,$12576,$1121,$15467,$16047,$6,$-36,$63,$6206,$22254,$464,$334,$-191,$143,$-18,$0,$0,$-82,$-120,$487,$-341,$0,$-2579,$-95,$-201,$-297,$151,$-3066,$1789,$-109,$1680,$5,$5,$-430,$-75,$1179,$-1399,$0,$-387
45,2007-06-30,57.69,$40.86,1.41,$10.81,5.34,$4.35,13.26,$3.33,17.32,$2.51B,$0.49B,5.15,$12.57B,$5.39B,2.33,$1.72B,$1.19B,69.38%,$1.72B,$0.68B,39.58%,$1.72B,$0.68B,39.58%,$1.72B,$1.09B,63.62%,$1.72B,$0.66B,38.65%,$1.72B,$0.52B,30.50%,$0.52B,$6.21B,8.77%,$0.52B,$6.21B,8.77%,$0.52B,$22.14B,2.79%,$0.68B,$18.78B,4.18%,$583,$227,$356,$0,$50,$388,$195,$-6,$190,$3,$187,$187,$152,$311,$195,$152,164,$1.00,$0.96,$1099,$0,$0,$2507,$16105,$0,$0,$3303,$19632,$22139,$487,$12572,$1157,$15441,$15928,$6,$-23,$68,$6211,$22139,$333,$215,$-147,$68,$5,$0,$0,$-27,$-101,$299,$-216,$0,$-2607,$-115,$-167,$-281,$-62,$-3167,$1795,$-87,$1709,$5,$5,$-287,$-50,$1377,$-1490,$0,$-258
46,2007-03-31,62.36,$40.90,1.52,$11.54,5.4,$4.85,12.85,$3.37,18.5,$4.38B,$0.46B,9.56,$11.63B,$5.39B,2.16,$1.80B,$1.18B,65.57%,$1.80B,$0.68B,37.71%,$1.80B,$0.68B,37.71%,$1.80B,$1.08B,59.90%,$1.80B,$0.64B,35.82%,$1.80B,$0.52B,28.98%,$0.52B,$6.21B,9.06%,$0.52B,$6.21B,9.06%,$0.52B,$20.25B,3.08%,$0.68B,$17.85B,4.62%,$536,$213,$323,$0,$40,$351,$185,$5,$190,$0,$190,$190,$153,$284,$185,$151,164,$1.01,$0.96,$3016,$0,$0,$4384,$12729,$0,$0,$3138,$15868,$20252,$459,$11633,$843,$13582,$14041,$6,$-45,$100,$6212,$20252,$167,$99,$-66,$33,$-3,$0,$0,$-46,$-119,$81,$-88,$0,$-1004,$-41,$-91,$-133,$-82,$-1306,$2130,$-87,$2043,$2,$2,$-143,$-26,$1876,$651,$0,$-129
47,2006-12-31,63.17,$40.71,1.55,$12.62,5.01,$5.50,11.48,$3.32,19.03,$3.62B,$0.53B,6.81,$9.56B,$5.32B,1.8,$1.91B,$1.17B,61.34%,$1.91B,$0.67B,35.20%,$1.91B,$0.67B,35.20%,$1.91B,$1.06B,55.63%,$1.91B,$0.61B,31.85%,$1.91B,$0.50B,26.35%,$0.50B,$6.15B,9.10%,$0.50B,$6.15B,9.10%,$0.50B,$17.95B,3.26%,$0.67B,$15.71B,5.06%,$-77,$-261,$184,$0,$30,$-202,$125,$11,$136,$-1,$137,$162,$105,$227,$125,$142,150,$0.73,$0.69,$2374,$0,$0,$3622,$11471,$0,$0,$2501,$14332,$17954,$532,$9555,$543,$11272,$11804,$6,$-69,$93,$6151,$17954,$560,$389,$-194,$196,$24,$0,$0,$-16,$69,$825,$-432,$0,$-1389,$19,$-234,$-215,$119,$-1917,$3608,$0,$3608,$880,$879,$-783,$-673,$3031,$1939,$0,$-725
