,Date,Stock Price,Book Value per Share,Price to Book Ratio,TTM Sales per Share,Price to Sales Ratio,TTM FCF per Share,Price to FCF Ratio,TTM Net EPS,PE Ratio,Current Assets,Current Liabilities,Current Ratio,Long Term Debt,Shareholder's Equity_x,Debt to Equity Ratio,TTM Revenue_x,TTM Gross Profit,Gross Margin,TTM Revenue_y,TTM Operating Income,Operating Margin,TTM Revenue_x,TTM EBIT,EBIT Margin,TTM Revenue_y,TTM EBITDA,EBITDA Margin,TTM Revenue_x,TTM Pre-Tax Income,Pre-Tax Margin,TTM Revenue_y,TTM Net Income_x,Net Margin,TTM Net Income_y,Shareholder's Equity_y,Return on Equity,TTM Net Income_x,Tangible Equity,Return on Tangible Equity,TTM Net Income_y,Total Assets,Return on Assets,TTM Net Income,LT Investments & Debt,Return on Investment,revenue,cost-goods-sold,gross-profit,research-development-expenses,selling-general-administrative-expenses,operating-expenses,operating-income,total-non-operating-income-expense,pre-tax-income,total-provision-income-taxes,income-after-taxes,income-from-continuous-operations,net-income,ebitda,ebit,basic-shares-outstanding,shares-outstanding,eps-basic-net-earnings-per-share,eps-earnings-per-share-diluted,cash-on-hand,inventory,other-current-assets,total-current-assets,net-property-plant-equipment,long-term-investments,goodwill-intangible-assets-total,other-long-term-assets,total-long-term-assets,total-assets,total-current-liabilities,long-term-debt,other-non-current-liabilities,total-long-term-liabilities,total-liabilities,common-stock-net,retained-earnings-accumulated-deficit,comprehensive-income,total-share-holder-equity,total-liabilities-share-holders-equity,net-income-loss,total-depreciation-amortization-cash-flow,other-non-cash-items,total-non-cash-items,change-in-accounts-receivable,change-in-inventories,change-in-accounts-payable,change-in-assets-liabilities,total-change-in-assets-liabilities,cash-flow-from-operating-activities,net-change-in-property-plant-equipment,net-change-in-intangible-assets,net-acquisitions-divestitures,net-change-in-short-term-investments,net-change-in-long-term-investments,net-change-in-investments-total,investing-activities-other,cash-flow-from-investing-activities,net-long-term-debt,net-current-debt,debt-issuance-retirement-net-total,net-common-equity-issued-repurchased,net-total-equity-issued-repurchased,total-common-preferred-stock-dividends-paid,financial-activities-other,cash-flow-from-financial-activities,net-cash-flow,stock-based-compensation,common-stock-dividends-paid
0,2018-08-31,5.4,$17.51,0.31,$19.99,0.27,$-3.02,0.0,$-0.03,0.0,$0.27B,$0.09B,2.95,$0.01B,$0.42B,0.02,$0.49B,$0.13B,27.20%,$0.49B,$-0.02B,-3.07%,$0.49B,$-0.02B,-3.07%,$0.49B,$-0.00B,-0.61%,$0.49B,$-0.02B,-3.27%,$0.49B,$-0.00B,0.00%,$-0.00B,$0.42B,0.00%,$-0.00B,$0.23B,0.00%,$-0.00B,$0.55B,0.00%,$-0.02B,$0.43B,-3.35%,$109,$78,$31,$6,$27,$120,$-11,$-3,$-14,$8,$-23,$-23,$-21,$-8,$-11,$24,24,$-0.85,$-0.85,$44,$124,$0,$270,$59,$26,$192,$3,$280,$550,$91,$9,$5,$35,$126,$0,$173,$-16,$424,$550,$-25,$6,$19,$26,$9,$-8,$0,$1,$-0,$0,$-1,$0,$0,$0,$0,$0,$-3,$-4,$-0,$-0,$-0,$0,$0,$0,$0,$-0,$-8,$-0,$0
1,2018-05-31,5.6,$18.44,0.3,$20.21,0.28,$-4.53,0.0,$1.53,3.66,$0.25B,$0.09B,2.94,$0.01B,$0.45B,0.02,$0.49B,$0.13B,26.37%,$0.49B,$-0.01B,-2.84%,$0.49B,$-0.01B,-2.84%,$0.49B,$-0.00B,0.00%,$0.49B,$-0.02B,-3.65%,$0.49B,$0.04B,7.71%,$0.04B,$0.45B,8.61%,$0.04B,$0.24B,16.12%,$0.04B,$0.56B,6.55%,$-0.01B,$0.46B,-3.11%,$101,$73,$28,$6,$27,$106,$-5,$1,$-4,$-1,$-3,$-3,$-1,$-2,$-5,$24,24,$-0.04,$-0.04,$50,$118,$0,$253,$64,$26,$203,$15,$308,$561,$86,$9,$5,$29,$115,$0,$194,$-16,$446,$561,$-3,$3,$-1,$2,$13,$-2,$0,$1,$4,$3,$-0,$0,$0,$0,$0,$0,$-2,$-2,$-0,$0,$0,$0,$0,$0,$0,$0,$-2,$-0,$0
2,2018-02-28,5.4,$18.60,0.29,$20.82,0.26,$-4.76,0.0,$1.44,3.75,$0.27B,$0.10B,2.79,$0.01B,$0.45B,0.02,$0.51B,$0.13B,26.04%,$0.51B,$-0.02B,-3.55%,$0.51B,$-0.02B,-3.55%,$0.51B,$-0.00B,-0.39%,$0.51B,$-0.02B,-4.73%,$0.51B,$0.04B,7.10%,$0.04B,$0.45B,8.41%,$0.04B,$0.25B,17.76%,$0.04B,$0.58B,5.87%,$-0.02B,$0.46B,-3.90%,$122,$90,$32,$6,$31,$128,$-5,$1,$-5,$-13,$8,$8,$13,$-2,$-5,$24,25,$0.51,$0.51,$52,$118,$0,$266,$65,$26,$205,$13,$310,$576,$95,$9,$5,$30,$126,$0,$195,$-14,$450,$576,$-7,$16,$-10,$6,$2,$7,$0,$-11,$-25,$-26,$-6,$0,$168,$0,$3,$3,$-3,$161,$-1,$-92,$-93,$0,$0,$0,$0,$-92,$44,$1,$0
3,2017-11-30,6.75,$18.11,0.37,$19.29,0.35,$-4.04,0.0,$0.93,7.26,$0.27B,$0.10B,2.7,$0.01B,$0.44B,0.02,$0.47B,$0.12B,26.07%,$0.47B,$-0.02B,-3.63%,$0.47B,$-0.02B,-3.63%,$0.47B,$0.00B,0.21%,$0.47B,$-0.02B,-5.13%,$0.47B,$0.02B,4.91%,$0.02B,$0.44B,5.57%,$0.02B,$0.23B,12.30%,$0.02B,$0.59B,3.62%,$-0.02B,$0.45B,-3.63%,$157,$115,$42,$6,$30,$151,$6,$1,$7,$-1,$7,$7,$9,$9,$6,$24,24,$0.36,$0.35,$38,$125,$0,$274,$66,$31,$206,$8,$312,$587,$102,$9,$5,$47,$149,$0,$182,$-15,$438,$587,$-15,$13,$4,$16,$-10,$-1,$0,$-12,$-40,$-39,$-6,$0,$168,$0,$3,$3,$-3,$162,$-0,$-91,$-92,$0,$0,$0,$0,$-92,$30,$1,$0
4,2017-08-31,8.1,$17.82,0.45,$19.38,0.42,$-3.19,0.0,$0.82,9.88,$0.29B,$0.12B,2.46,$0.01B,$0.43B,0.02,$0.47B,$0.12B,26.50%,$0.47B,$-0.02B,-3.85%,$0.47B,$-0.02B,-3.85%,$0.47B,$0.00B,0.43%,$0.47B,$-0.03B,-5.56%,$0.47B,$0.02B,4.27%,$0.02B,$0.43B,4.98%,$0.02B,$0.22B,12.74%,$0.02B,$0.60B,3.02%,$-0.02B,$0.44B,-3.74%,$113,$85,$28,$7,$31,$124,$-10,$-6,$-16,$3,$-20,$-20,$17,$-5,$-10,$24,24,$0.71,$0.71,$46,$142,$0,$285,$66,$30,$207,$7,$310,$595,$115,$10,$7,$49,$164,$0,$173,$-15,$431,$595,$-23,$10,$4,$14,$12,$-17,$0,$-18,$-24,$-32,$-5,$0,$168,$0,$3,$3,$-2,$164,$-0,$-92,$-92,$0,$0,$0,$0,$-92,$38,$1,$0
5,2017-05-31,5.8,$16.27,0.36,$19.56,0.3,$-2.15,0.0,$0.23,25.22,$0.30B,$0.15B,1.96,$0.11B,$0.39B,0.27,$0.47B,$0.13B,27.06%,$0.47B,$-0.01B,-2.11%,$0.47B,$-0.01B,-2.11%,$0.47B,$0.01B,2.11%,$0.47B,$-0.01B,-2.54%,$0.47B,$0.01B,1.27%,$0.01B,$0.39B,1.53%,$0.01B,$0.11B,4.69%,$0.01B,$0.69B,0.88%,$-0.01B,$0.50B,-2.02%,$115,$85,$30,$7,$33,$124,$-9,$-1,$-10,$-7,$-3,$-3,$-3,$-4,$-9,$24,24,$-0.13,$-0.13,$8,$165,$0,$295,$85,$31,$282,$2,$399,$694,$150,$105,$14,$151,$301,$0,$156,$-38,$393,$694,$-3,$5,$-4,$1,$2,$-7,$0,$-9,$2,$0,$-3,$0,$-2,$0,$0,$0,$0,$-5,$-0,$4,$4,$0,$0,$0,$0,$4,$0,$0,$0
6,2017-02-28,4.95,$16.20,0.31,$21.25,0.23,$-2.42,0.0,$0.18,27.5,$0.27B,$0.13B,2.1,$0.10B,$0.39B,0.25,$0.51B,$0.14B,28.07%,$0.51B,$-0.01B,-1.56%,$0.51B,$-0.01B,-1.56%,$0.51B,$0.01B,2.34%,$0.51B,$-0.01B,-1.95%,$0.51B,$0.01B,0.97%,$0.01B,$0.39B,1.27%,$0.01B,$0.18B,3.96%,$0.01B,$0.67B,0.74%,$-0.01B,$0.49B,-1.63%,$83,$62,$22,$2,$24,$88,$-4,$-1,$-5,$4,$-8,$-8,$-0,$1,$-4,$24,24,$0.00,$0.00,$1,$122,$56,$273,$66,$32,$209,$88,$395,$668,$130,$99,$17,$147,$277,$0,$159,$-44,$391,$668,$-9,$19,$10,$29,$-4,$-10,$0,$-2,$-21,$-2,$-12,$0,$0,$0,$0,$0,$0,$-12,$-1,$10,$10,$0,$0,$0,$0,$10,$-4,$2,$0
7,2016-11-30,4.85,$16.29,0.3,$18.59,0.26,$-1.50,0.0,$-0.04,0.0,$0.30B,$0.15B,2.05,$0.11B,$0.39B,0.27,$0.45B,$0.12B,26.06%,$0.45B,$-0.02B,-3.79%,$0.45B,$-0.02B,-3.79%,$0.45B,$0.00B,0.89%,$0.45B,$-0.02B,-4.45%,$0.45B,$-0.00B,0.00%,$-0.00B,$0.39B,0.00%,$-0.00B,$0.11B,0.00%,$-0.00B,$0.70B,0.00%,$-0.02B,$0.50B,-3.47%,$157,$114,$44,$7,$31,$152,$5,$0,$5,$4,$2,$2,$6,$10,$5,$24,24,$0.24,$0.24,$6,$159,$0,$299,$80,$33,$282,$2,$396,$695,$146,$106,$15,$155,$301,$0,$159,$-44,$393,$695,$-1,$14,$3,$18,$-24,$-16,$0,$-2,$-32,$-15,$-9,$0,$0,$0,$0,$0,$0,$-9,$-0,$18,$17,$0,$0,$0,$0,$17,$-6,$2,$0
8,2016-08-31,3.07,$16.35,0.19,$20.06,0.15,$-0.27,0.0,$0.04,76.75,$0.27B,$0.14B,2.01,$0.09B,$0.40B,0.24,$0.49B,$0.13B,26.60%,$0.49B,$-0.02B,-3.71%,$0.49B,$-0.02B,-3.71%,$0.49B,$0.00B,0.41%,$0.49B,$-0.02B,-3.30%,$0.49B,$0.00B,0.41%,$0.00B,$0.40B,0.51%,$0.00B,$0.11B,1.88%,$0.00B,$0.67B,0.30%,$-0.02B,$0.49B,-3.83%,$118,$86,$32,$7,$28,$120,$-2,$0,$-2,$-6,$3,$3,$3,$3,$-2,$24,24,$0.12,$0.12,$5,$161,$0,$271,$80,$32,$287,$2,$402,$673,$135,$94,$16,$143,$278,$0,$154,$-38,$395,$673,$-3,$10,$-1,$8,$7,$-16,$0,$-1,$-12,$-7,$-5,$0,$0,$0,$0,$0,$0,$-5,$-0,$5,$5,$0,$0,$0,$0,$5,$-7,$1,$0
9,2016-05-31,3.31,$16.30,0.2,$21.55,0.15,$-0.09,0.0,$-0.26,0.0,$0.26B,$0.13B,2.04,$0.09B,$0.39B,0.24,$0.52B,$0.14B,27.26%,$0.52B,$-0.02B,-4.41%,$0.52B,$-0.02B,-4.41%,$0.52B,$-0.00B,-0.77%,$0.52B,$-0.02B,-4.03%,$0.52B,$-0.01B,-0.96%,$-0.01B,$0.39B,-1.27%,$-0.01B,$0.10B,-4.42%,$-0.01B,$0.66B,-0.74%,$-0.02B,$0.49B,-4.93%,$155,$109,$46,$13,$40,$163,$-7,$-0,$-8,$-1,$-6,$-6,$-4,$-2,$-7,$24,24,$-0.18,$-0.18,$9,$151,$0,$258,$80,$32,$290,$2,$404,$662,$127,$93,$16,$142,$268,$0,$151,$-37,$394,$662,$-6,$5,$-1,$3,$9,$-5,$0,$0,$-4,$-7,$-2,$0,$0,$0,$0,$0,$0,$-2,$-0,$5,$5,$0,$0,$0,$0,$5,$-3,$0,$0
10,2016-02-29,3.99,$16.39,0.24,$21.92,0.18,$0.12,34.1,$-0.11,0.0,$0.26B,$0.13B,2.0,$0.09B,$0.40B,0.23,$0.53B,$0.14B,27.17%,$0.53B,$-0.02B,-3.21%,$0.53B,$-0.02B,-3.21%,$0.53B,$0.00B,0.19%,$0.53B,$-0.01B,-2.45%,$0.53B,$-0.00B,-0.38%,$-0.00B,$0.40B,-0.51%,$-0.00B,$0.11B,-1.67%,$-0.00B,$0.67B,-0.30%,$-0.02B,$0.49B,-3.67%,$19,$24,$-5,$-3,$8,$32,$-13,$-2,$-15,$-3,$-12,$-12,$-5,$-7,$-13,$24,24,$-0.22,$-0.22,$12,$144,$0,$264,$79,$32,$289,$2,$403,$667,$132,$90,$15,$139,$271,$0,$155,$-41,$396,$667,$-11,$18,$1,$19,$15,$11,$0,$9,$19,$28,$-19,$0,$-16,$0,$0,$0,$-4,$-39,$-0,$14,$14,$0,$0,$0,$-0,$14,$3,$1,$0
11,2015-11-30,5.74,$16.52,0.35,$28.11,0.2,$1.02,5.61,$-0.49,0.0,$0.29B,$0.23B,1.28,$0.02B,$0.40B,0.05,$0.68B,$0.20B,29.07%,$0.68B,$-0.01B,-0.73%,$0.68B,$-0.01B,-0.73%,$0.68B,$0.01B,1.62%,$0.68B,$-0.01B,-1.32%,$0.68B,$-0.01B,-1.62%,$-0.01B,$0.40B,-2.79%,$-0.01B,$0.11B,-8.73%,$-0.01B,$0.70B,-1.63%,$-0.01B,$0.42B,-1.09%,$193,$137,$56,$9,$42,$189,$4,$5,$9,$3,$6,$6,$8,$8,$4,$24,24,$0.32,$0.32,$12,$154,$0,$293,$78,$33,$292,$6,$410,$703,$230,$19,$16,$74,$304,$0,$160,$-44,$399,$703,$1,$12,$-3,$9,$-1,$0,$0,$8,$12,$22,$-16,$0,$-16,$0,$0,$0,$-4,$-36,$-0,$18,$17,$0,$0,$0,$-0,$17,$4,$1,$0
12,2015-08-31,7.75,$16.09,0.48,$29.34,0.26,$1.61,4.8,$-0.17,0.0,$0.28B,$0.13B,2.11,$0.09B,$0.39B,0.22,$0.71B,$0.21B,29.68%,$0.71B,$0.01B,1.13%,$0.71B,$0.01B,1.13%,$0.71B,$0.02B,3.38%,$0.71B,$-0.00B,-0.28%,$0.71B,$-0.00B,-0.42%,$-0.00B,$0.39B,-0.75%,$-0.00B,$0.13B,-2.20%,$-0.00B,$0.66B,-0.44%,$0.01B,$0.48B,1.64%,$154,$109,$45,$9,$37,$161,$-7,$0,$-7,$-2,$-4,$-4,$-4,$-3,$-7,$24,24,$-0.18,$-0.18,$8,$163,$0,$281,$76,$35,$255,$11,$379,$660,$134,$86,$15,$137,$271,$0,$153,$-36,$389,$660,$-5,$8,$1,$8,$21,$-6,$0,$4,$-0,$3,$-10,$0,$0,$0,$0,$0,$-4,$-14,$-0,$11,$11,$0,$0,$0,$-0,$11,$0,$0,$0
13,2015-05-31,8.55,$16.24,0.53,$30.22,0.28,$2.66,3.22,$-0.10,0.0,$0.29B,$0.13B,2.13,$0.08B,$0.39B,0.2,$0.73B,$0.22B,29.70%,$0.73B,$0.02B,2.18%,$0.73B,$0.02B,2.18%,$0.73B,$0.03B,4.36%,$0.73B,0,0.00%,$0.73B,$-0.00B,-0.27%,$-0.00B,$0.39B,-0.49%,$-0.00B,$0.13B,-1.46%,$-0.00B,$0.66B,-0.29%,$0.02B,$0.47B,3.22%,$164,$116,$48,$8,$41,$165,$-1,$0,$-0,$0,$-1,$-1,$-1,$3,$-1,$24,24,$-0.03,$-0.03,$7,$155,$0,$285,$72,$34,$261,$7,$374,$659,$133,$80,$15,$133,$266,$0,$157,$-37,$392,$659,$-1,$4,$-1,$2,$12,$1,$0,$4,$-1,$0,$-4,$0,$0,$0,$0,$0,$-1,$-5,$-0,$3,$3,$0,$0,$0,$0,$3,$-1,$-0,$0
14,2015-02-28,8.6,$16.41,0.52,$31.03,0.28,$3.83,2.25,$-0.05,0.0,$0.30B,$0.15B,2.05,$0.08B,$0.40B,0.2,$0.76B,$0.22B,29.46%,$0.76B,$0.02B,2.25%,$0.76B,$0.02B,2.25%,$0.76B,$0.03B,4.36%,$0.76B,$0.00B,0.13%,$0.76B,$-0.00B,-0.13%,$-0.00B,$0.40B,-0.24%,$-0.00B,$0.13B,-0.72%,$-0.00B,$0.68B,-0.14%,$0.02B,$0.48B,3.33%,$170,$120,$49,$10,$39,$171,$-1,$-11,$-11,$3,$-14,$-14,$-14,$3,$-1,$24,24,$-0.59,$-0.59,$9,$157,$0,$302,$70,$34,$264,$7,$376,$678,$147,$80,$15,$134,$281,$0,$158,$-33,$396,$678,$-1,$17,$19,$36,$37,$-23,$0,$-6,$12,$47,$-17,$0,$0,$0,$-6,$-6,$0,$-23,$-1,$-21,$-22,$-3,$-3,$0,$-0,$-25,$-2,$1,$0
15,2014-11-30,8.41,$17.68,0.48,$31.81,0.26,$4.75,1.77,$-1.46,0.0,$0.34B,$0.16B,2.11,$0.10B,$0.43B,0.24,$0.77B,$0.23B,29.33%,$0.77B,$-0.04B,-5.43%,$0.77B,$-0.04B,-5.43%,$0.77B,$-0.03B,-3.23%,$0.77B,$-0.05B,-6.07%,$0.77B,$-0.04B,-4.65%,$-0.04B,$0.43B,-8.43%,$-0.04B,$0.15B,-25.58%,$-0.04B,$0.74B,-4.91%,$-0.04B,$0.53B,-7.99%,$223,$154,$69,$9,$43,$207,$17,$-0,$16,$1,$16,$16,$16,$21,$17,$24,24,$0.64,$0.64,$12,$153,$0,$336,$82,$34,$278,$8,$402,$739,$160,$101,$13,$152,$312,$0,$172,$-16,$427,$739,$13,$13,$7,$20,$-0,$-14,$0,$-2,$-3,$30,$-10,$0,$0,$0,$-6,$-6,$0,$-16,$-0,$-11,$-11,$-3,$-3,$0,$0,$-14,$0,$1,$0
16,2014-08-31,9.9,$17.23,0.57,$32.70,0.3,$5.24,1.89,$-1.47,0.0,$0.31B,$0.14B,2.19,$0.09B,$0.42B,0.22,$0.80B,$0.23B,28.48%,$0.80B,$-0.04B,-5.27%,$0.80B,$-0.04B,-5.27%,$0.80B,$-0.03B,-3.14%,$0.80B,$-0.04B,-5.14%,$0.80B,$-0.04B,-4.64%,$-0.04B,$0.42B,-8.42%,$-0.04B,$0.14B,-27.41%,$-0.04B,$0.72B,-4.85%,$-0.04B,$0.52B,-7.73%,$177,$125,$52,$9,$42,$176,$1,$-6,$-5,$-2,$-3,$-3,$-3,$5,$1,$24,24,$-0.11,$-0.11,$10,$154,$0,$308,$82,$34,$285,$9,$411,$719,$141,$94,$24,$157,$298,$0,$156,$-8,$421,$719,$-2,$9,$5,$13,$33,$-12,$0,$-4,$13,$24,$-6,$0,$0,$0,$-6,$-6,$0,$-12,$-0,$-12,$-13,$0,$0,$0,$0,$-13,$-1,$-1,$0
17,2014-05-31,8.67,$17.61,0.49,$33.02,0.26,$6.14,1.41,$-1.16,0.0,$0.31B,$0.14B,2.19,$0.09B,$0.43B,0.21,$0.80B,$0.23B,28.48%,$0.80B,$-0.04B,-5.10%,$0.80B,$-0.04B,-5.10%,$0.80B,$-0.02B,-2.86%,$0.80B,$-0.03B,-3.48%,$0.80B,$-0.03B,-3.61%,$-0.03B,$0.43B,-6.48%,$-0.03B,$0.14B,-22.79%,$-0.03B,$0.73B,-3.69%,$-0.04B,$0.52B,-7.36%,$187,$134,$53,$9,$44,$187,$-0,$1,$1,$0,$0,$0,$0,$4,$-0,$25,25,$0.02,$0.02,$19,$143,$0,$311,$83,$34,$290,$10,$418,$728,$142,$90,$25,$156,$298,$0,$159,$-2,$430,$728,$0,$4,$-0,$4,$24,$1,$0,$0,$23,$28,$-3,$0,$0,$0,$-6,$-6,$0,$-9,$-0,$-18,$-19,$0,$0,$0,$0,$-19,$0,$0,$0
18,2014-02-28,13.0,$17.58,0.74,$33.46,0.39,$6.41,2.03,$-1.09,0.0,$0.33B,$0.15B,2.22,$0.11B,$0.43B,0.26,$0.81B,$0.23B,28.52%,$0.81B,$-0.04B,-4.69%,$0.81B,$-0.04B,-4.69%,$0.81B,$-0.02B,-2.35%,$0.81B,$-0.03B,-3.21%,$0.81B,$-0.03B,-3.33%,$-0.03B,$0.43B,-5.97%,$-0.03B,$0.14B,-23.13%,$-0.03B,$0.75B,-3.37%,$-0.04B,$0.54B,-6.66%,$187,$134,$53,$10,$44,$247,$-60,$0,$-59,$-10,$-49,$-49,$-49,$-55,$-60,$24,24,$-2.02,$-2.02,$11,$144,$0,$326,$83,$35,$292,$10,$421,$747,$147,$109,$21,$171,$318,$0,$159,$-2,$430,$747,$-27,$18,$47,$64,$14,$17,$0,$-4,$29,$67,$-15,$0,$0,$0,$0,$0,$0,$-15,$-0,$-65,$-65,$6,$6,$0,$-0,$-60,$-9,$1,$0
19,2013-11-30,17.84,$19.56,0.91,$34.46,0.52,$4.47,3.99,$1.35,13.21,$0.38B,$0.19B,2.04,$0.12B,$0.48B,0.26,$0.83B,$0.24B,28.92%,$0.83B,$0.03B,4.10%,$0.83B,$0.03B,4.10%,$0.83B,$0.05B,6.39%,$0.83B,$0.05B,6.14%,$0.83B,$0.03B,3.86%,$0.03B,$0.48B,7.02%,$0.03B,$0.13B,30.33%,$0.03B,$0.86B,3.89%,$0.03B,$0.60B,5.81%,$246,$177,$69,$6,$46,$229,$17,$5,$22,$6,$15,$15,$15,$21,$17,$24,24,$0.63,$0.63,$16,$161,$0,$383,$80,$34,$351,$11,$477,$860,$188,$122,$24,$195,$383,$0,$208,$-3,$476,$860,$22,$13,$-1,$12,$-25,$-0,$0,$-2,$8,$42,$-10,$0,$0,$0,$0,$0,$0,$-10,$-0,$-40,$-41,$5,$5,$0,$0,$-35,$-3,$1,$0
20,2013-08-31,12.16,$18.86,0.64,$34.72,0.35,$2.19,5.56,$1.28,9.5,$0.33B,$0.16B,2.03,$0.12B,$0.46B,0.25,$0.83B,$0.24B,29.14%,$0.83B,$0.04B,4.47%,$0.83B,$0.04B,4.47%,$0.83B,$0.06B,6.77%,$0.83B,$0.05B,5.80%,$0.83B,$0.03B,3.63%,$0.03B,$0.46B,6.73%,$0.03B,$0.11B,31.66%,$0.03B,$0.81B,3.66%,$0.04B,$0.57B,6.29%,$184,$130,$54,$9,$42,$182,$2,$5,$8,$3,$5,$5,$5,$7,$2,$24,24,$0.20,$0.20,$13,$174,$0,$332,$78,$33,$349,$14,$475,$806,$163,$115,$24,$188,$351,$0,$192,$-7,$455,$806,$7,$9,$-1,$8,$33,$-15,$0,$-2,$30,$45,$-6,$0,$0,$0,$0,$0,$0,$-6,$-0,$-48,$-48,$4,$4,$0,$0,$-45,$-6,$1,$0
21,2013-05-31,11.12,$18.71,0.59,$35.26,0.32,$0.42,26.48,$1.24,8.97,$0.32B,$0.15B,2.18,$0.13B,$0.45B,0.29,$0.84B,$0.24B,28.98%,$0.84B,$0.04B,5.03%,$0.84B,$0.04B,5.03%,$0.84B,$0.06B,7.43%,$0.84B,$0.05B,5.51%,$0.84B,$0.03B,3.47%,$0.03B,$0.45B,6.64%,$0.03B,$0.10B,34.12%,$0.03B,$0.79B,3.55%,$0.04B,$0.57B,7.13%,$193,$138,$55,$9,$42,$190,$3,$-0,$3,$1,$2,$2,$2,$8,$3,$24,24,$0.09,$0.09,$16,$152,$0,$321,$77,$32,$349,$14,$473,$794,$147,$127,$24,$200,$347,$0,$187,$-9,$447,$794,$2,$4,$-1,$4,$23,$7,$0,$1,$28,$34,$-3,$0,$0,$0,$0,$0,$0,$-3,$-0,$-35,$-35,$2,$2,$0,$0,$-33,$-4,$0,$0
22,2013-02-28,9.95,$18.87,0.53,$35.53,0.28,$-0.36,0.0,$0.95,10.47,$0.36B,$0.16B,2.28,$0.16B,$0.45B,0.35,$0.84B,$0.24B,28.35%,$0.84B,$0.04B,5.02%,$0.84B,$0.04B,5.02%,$0.84B,$0.06B,7.18%,$0.84B,$0.04B,4.31%,$0.84B,$0.02B,2.63%,$0.02B,$0.45B,5.13%,$0.02B,$0.09B,29.14%,$0.02B,$0.83B,2.69%,$0.04B,$0.60B,7.16%,$207,$145,$62,$6,$44,$195,$12,$6,$18,$7,$10,$10,$10,$17,$12,$23,24,$0.44,$0.43,$20,$159,$0,$357,$76,$31,$352,$12,$472,$829,$157,$155,$25,$228,$385,$0,$185,$-6,$445,$829,$22,$18,$-0,$17,$8,$-10,$0,$-3,$-14,$26,$-20,$0,$-105,$0,$-0,$-0,$0,$-126,$-0,$109,$109,$3,$3,$0,$-3,$108,$6,$1,$0
23,2012-11-30,6.74,$18.54,0.36,$34.37,0.2,$1.59,4.25,$0.98,6.88,$0.39B,$0.18B,2.22,$0.17B,$0.44B,0.4,$0.81B,$0.23B,28.66%,$0.81B,$0.04B,5.46%,$0.81B,$0.04B,5.46%,$0.81B,$0.06B,7.32%,$0.81B,$0.03B,3.97%,$0.81B,$0.02B,2.85%,$0.02B,$0.44B,5.44%,$0.02B,$0.08B,24.86%,$0.02B,$0.85B,3.00%,$0.04B,$0.61B,7.96%,$243,$173,$70,$7,$43,$223,$20,$-0,$19,$6,$13,$13,$13,$24,$20,$23,24,$0.56,$0.56,$18,$170,$0,$392,$66,$31,$352,$9,$458,$850,$176,$174,$18,$239,$415,$0,$175,$-8,$435,$850,$12,$13,$-0,$13,$-16,$-21,$0,$1,$-31,$-6,$-16,$0,$-106,$0,$-0,$-0,$-0,$-122,$-0,$136,$136,$2,$2,$0,$-3,$135,$5,$1,$0
24,2012-08-31,7.5,$17.95,0.42,$33.00,0.23,$3.78,1.98,$0.80,9.38,$0.34B,$0.17B,2.06,$0.15B,$0.42B,0.37,$0.77B,$0.22B,28.70%,$0.77B,$0.04B,5.45%,$0.77B,$0.04B,5.45%,$0.77B,$0.06B,7.27%,$0.77B,$0.03B,3.64%,$0.77B,$0.02B,2.47%,$0.02B,$0.42B,4.57%,$0.02B,$0.07B,17.67%,$0.02B,$0.80B,2.63%,$0.04B,$0.57B,8.07%,$192,$137,$55,$7,$41,$185,$7,$-1,$6,$2,$4,$4,$4,$13,$7,$23,24,$0.16,$0.16,$18,$171,$0,$344,$63,$30,$353,$9,$455,$799,$167,$154,$14,$212,$379,$0,$162,$-9,$420,$799,$-1,$9,$-3,$5,$31,$-23,$0,$-0,$3,$7,$-11,$0,$-105,$0,$-0,$-0,$0,$-116,$-0,$117,$117,$2,$2,$0,$-3,$115,$4,$0,$0
25,2012-05-31,9.86,$17.71,0.56,$31.69,0.31,$5.58,1.77,$0.79,12.48,$0.34B,$0.17B,2.03,$0.15B,$0.41B,0.37,$0.74B,$0.21B,28.53%,$0.74B,$0.04B,5.84%,$0.74B,$0.04B,5.84%,$0.74B,$0.05B,7.34%,$0.74B,$0.03B,3.80%,$0.74B,$0.02B,2.45%,$0.02B,$0.41B,4.38%,$0.02B,$0.06B,14.46%,$0.02B,$0.79B,2.66%,$0.04B,$0.57B,8.73%,$194,$144,$50,$7,$38,$191,$3,$-11,$-7,$-3,$-5,$-5,$-5,$6,$3,$23,23,$-0.20,$-0.20,$21,$153,$0,$335,$61,$29,$355,$8,$454,$788,$165,$151,$15,$209,$374,$0,$158,$-8,$414,$788,$-5,$3,$-3,$0,$26,$-6,$0,$3,$25,$20,$-8,$0,$-108,$0,$-0,$-0,$0,$-116,$-0,$106,$106,$2,$2,$0,$-3,$104,$8,$0,$0
26,2012-02-29,12.79,$18.23,0.7,$30.46,0.42,$6.29,2.03,$1.10,11.63,$0.31B,$0.12B,2.5,$0.04B,$0.42B,0.1,$0.71B,$0.20B,28.85%,$0.71B,$0.04B,6.22%,$0.71B,$0.04B,6.22%,$0.71B,$0.06B,7.78%,$0.71B,$0.04B,5.52%,$0.71B,$0.03B,3.54%,$0.03B,$0.42B,6.15%,$0.03B,$0.16B,16.95%,$0.03B,$0.63B,3.97%,$0.04B,$0.46B,9.40%,$177,$121,$56,$4,$37,$163,$14,$0,$14,$3,$11,$11,$11,$16,$14,$23,23,$0.47,$0.46,$14,$130,$0,$307,$32,$28,$261,$4,$326,$633,$123,$40,$11,$88,$211,$0,$163,$-4,$422,$633,$26,$11,$4,$15,$-4,$13,$0,$-6,$22,$63,$-12,$0,$-167,$0,$0,$0,$0,$-179,$-0,$33,$32,$0,$0,$0,$-1,$31,$-85,$1,$0
27,2011-11-30,7.24,$17.68,0.41,$28.88,0.25,$5.38,1.35,$1.39,5.21,$0.35B,$0.14B,2.41,$0.07B,$0.41B,0.18,$0.67B,$0.18B,27.35%,$0.67B,$0.04B,5.23%,$0.67B,$0.04B,5.23%,$0.67B,$0.05B,6.88%,$0.67B,$0.03B,4.48%,$0.67B,$0.03B,4.63%,$0.03B,$0.41B,7.76%,$0.03B,$0.14B,17.32%,$0.03B,$0.67B,5.19%,$0.04B,$0.48B,7.73%,$207,$147,$60,$4,$37,$188,$18,$-3,$15,$6,$9,$9,$9,$21,$18,$23,23,$0.38,$0.38,$19,$148,$0,$346,$23,$28,$265,$4,$319,$665,$144,$73,$6,$113,$257,$0,$152,$-4,$408,$665,$15,$8,$3,$12,$-26,$-5,$0,$3,$4,$31,$-2,$0,$-167,$0,$0,$0,$0,$-169,$-0,$62,$62,$0,$0,$0,$-3,$58,$-80,$1,$0
28,2011-08-31,6.41,$17.35,0.37,$26.98,0.24,$3.80,1.69,$1.18,5.43,$0.30B,$0.12B,2.48,$0.06B,$0.40B,0.15,$0.63B,$0.16B,25.28%,$0.63B,$0.02B,3.52%,$0.63B,$0.02B,3.52%,$0.63B,$0.03B,5.12%,$0.63B,$0.02B,3.36%,$0.63B,$0.03B,4.16%,$0.03B,$0.40B,6.65%,$0.03B,$0.14B,12.34%,$0.03B,$0.62B,4.68%,$0.02B,$0.46B,5.13%,$158,$114,$44,$4,$32,$151,$8,$-2,$6,$2,$3,$3,$3,$11,$8,$23,23,$0.15,$0.15,$14,$151,$0,$303,$24,$27,$265,$4,$320,$623,$122,$61,$6,$101,$223,$0,$143,$-3,$400,$623,$6,$5,$2,$7,$21,$-6,$0,$2,$26,$39,$-1,$0,$-167,$0,$0,$0,$0,$-168,$-0,$48,$48,$0,$0,$0,$-3,$44,$-84,$1,$0
29,2011-05-31,7.61,$17.11,0.44,$25.78,0.3,$2.55,2.98,$1.06,7.18,$0.30B,$0.11B,2.68,$0.07B,$0.40B,0.18,$0.60B,$0.14B,23.66%,$0.60B,$0.01B,2.35%,$0.60B,$0.01B,2.35%,$0.60B,$0.02B,3.86%,$0.60B,$0.02B,2.68%,$0.60B,$0.02B,4.03%,$0.02B,$0.40B,6.27%,$0.02B,$0.15B,9.90%,$0.02B,$0.60B,4.61%,$0.01B,$0.47B,3.44%,$165,$122,$44,$4,$35,$161,$4,$0,$4,$2,$2,$2,$2,$7,$4,$23,23,$0.11,$0.11,$16,$139,$0,$299,$25,$27,$244,$5,$301,$600,$111,$71,$6,$92,$203,$0,$140,$-3,$397,$600,$2,$3,$0,$3,$20,$6,$0,$-1,$23,$29,$-0,$0,$-167,$0,$0,$0,$0,$-168,$-0,$59,$59,$0,$0,$0,$-3,$56,$-82,$0,$0
30,2011-02-28,8.28,$17.03,0.49,$24.36,0.34,$2.21,3.74,$1.00,8.28,$0.34B,$0.08B,4.14,$0.01B,$0.39B,0.02,$0.56B,$0.12B,22.10%,$0.56B,$0.01B,1.60%,$0.56B,$0.01B,1.60%,$0.56B,$0.02B,3.03%,$0.56B,$0.01B,2.14%,$0.56B,$0.02B,4.10%,$0.02B,$0.39B,6.14%,$0.02B,$0.29B,8.52%,$0.02B,$0.50B,4.69%,$0.01B,$0.40B,2.34%,$139,$104,$35,$3,$26,$134,$5,$0,$5,$-12,$17,$17,$17,$7,$5,$23,23,$0.75,$0.75,$99,$114,$0,$341,$20,$26,$107,$2,$160,$501,$82,$7,$10,$26,$108,$0,$137,$-4,$393,$501,$23,$8,$-10,$-2,$25,$-12,$0,$4,$11,$32,$-3,$0,$-0,$0,$4,$4,$0,$1,$-0,$-5,$-5,$1,$1,$0,$0,$-4,$29,$2,$0
31,2010-11-30,6.85,$16.26,0.42,$24.91,0.27,$1.97,3.48,$0.54,12.69,$0.35B,$0.10B,3.63,$0.01B,$0.37B,0.03,$0.57B,$0.12B,20.80%,$0.57B,$0.00B,0.70%,$0.57B,$0.00B,0.70%,$0.57B,$0.01B,2.10%,$0.57B,$0.01B,2.27%,$0.57B,$0.01B,2.27%,$0.01B,$0.37B,3.54%,$0.01B,$0.27B,4.93%,$0.01B,$0.50B,2.67%,$0.00B,$0.39B,1.06%,$163,$129,$35,$3,$26,$158,$5,$0,$6,$2,$4,$4,$4,$7,$5,$23,23,$0.17,$0.17,$62,$133,$0,$349,$20,$24,$104,$2,$152,$500,$96,$11,$7,$30,$126,$0,$120,$-5,$374,$500,$6,$6,$1,$7,$2,$-32,$0,$4,$-17,$-5,$-3,$0,$-0,$-24,$4,$-20,$0,$-22,$-0,$-4,$-5,$0,$0,$0,$0,$-4,$-32,$2,$0
32,2010-08-31,6.33,$15.99,0.4,$24.63,0.26,$1.98,3.19,$0.92,6.88,$0.33B,$0.09B,3.81,$0.01B,$0.37B,0.03,$0.57B,$0.11B,20.18%,$0.57B,$0.00B,0.35%,$0.57B,$0.00B,0.35%,$0.57B,$0.01B,1.77%,$0.57B,$0.01B,1.95%,$0.57B,$0.02B,3.89%,$0.02B,$0.37B,6.04%,$0.02B,$0.26B,8.32%,$0.02B,$0.48B,4.54%,$0.00B,$0.38B,0.53%,$129,$102,$27,$4,$24,$129,$0,$1,$1,$0,$1,$1,$1,$2,$0,$23,23,$0.03,$0.03,$73,$126,$0,$329,$21,$27,$104,$2,$154,$483,$86,$11,$8,$30,$117,$0,$116,$-8,$366,$483,$2,$4,$0,$5,$27,$-25,$0,$2,$5,$11,$-2,$0,$0,$-20,$-0,$-20,$0,$-22,$-0,$-6,$-6,$0,$0,$0,$0,$-6,$-17,$1,$0
33,2010-05-31,8.17,$15.97,0.51,$24.47,0.33,$1.78,4.6,$1.01,8.09,$0.32B,$0.08B,3.94,$0.01B,$0.37B,0.03,$0.56B,$0.11B,19.79%,$0.56B,$0.00B,0.53%,$0.56B,$0.00B,0.53%,$0.56B,$0.01B,1.96%,$0.56B,$0.01B,1.96%,$0.56B,$0.02B,4.28%,$0.02B,$0.37B,6.68%,$0.02B,$0.26B,9.10%,$0.02B,$0.48B,5.03%,$0.00B,$0.38B,0.81%,$130,$103,$27,$2,$26,$132,$-1,$2,$0,$-1,$1,$1,$1,$1,$-1,$23,23,$0.05,$0.05,$84,$111,$0,$322,$21,$28,$104,$2,$156,$478,$82,$11,$8,$30,$112,$0,$115,$-8,$366,$478,$1,$2,$0,$2,$31,$-10,$0,$1,$18,$21,$-1,$0,$0,$0,$0,$0,$0,$-1,$-0,$-6,$-6,$0,$0,$0,$0,$-6,$14,$1,$0
34,2010-02-28,7.22,$15.92,0.45,$24.03,0.3,$0.55,13.18,$0.98,7.37,$0.33B,$0.09B,3.59,$0.01B,$0.36B,0.03,$0.55B,$0.11B,19.42%,$0.55B,$0.00B,0.73%,$0.55B,$0.00B,0.73%,$0.55B,$0.01B,2.18%,$0.55B,$0.01B,2.18%,$0.55B,$0.02B,4.17%,$0.02B,$0.36B,6.50%,$0.02B,$0.26B,8.77%,$0.02B,$0.49B,4.86%,$0.00B,$0.38B,1.09%,$150,$120,$30,$3,$27,$151,$-0,$6,$6,$-1,$7,$7,$7,$2,$-0,$23,23,$0.29,$0.29,$70,$103,$0,$332,$22,$27,$105,$2,$157,$489,$93,$12,$8,$32,$125,$0,$114,$-7,$364,$489,$22,$8,$1,$8,$-21,$33,$0,$-3,$-3,$28,$-5,$0,$-15,$0,$-6,$-6,$1,$-25,$0,$-1,$-1,$0,$0,$0,$0,$-1,$0,$3,$0
35,2009-11-30,7.37,$15.79,0.47,$22.53,0.33,$0.65,11.32,$-2.37,0.0,$0.35B,$0.10B,3.59,$0.01B,$0.36B,0.03,$0.52B,$0.09B,17.60%,$0.52B,$-0.05B,-9.48%,$0.52B,$-0.05B,-9.48%,$0.52B,$-0.00B,-0.39%,$0.52B,$-0.05B,-9.67%,$0.52B,$-0.05B,-10.44%,$-0.05B,$0.36B,-15.52%,$-0.05B,$0.27B,-20.75%,$-0.05B,$0.49B,-11.58%,$-0.05B,$0.37B,-13.63%,$156,$125,$30,$3,$25,$153,$3,$1,$4,$-9,$13,$13,$13,$5,$3,$23,23,$0.55,$0.55,$55,$125,$0,$352,$20,$27,$87,$2,$136,$488,$98,$12,$9,$29,$127,$0,$107,$-4,$361,$488,$16,$6,$0,$6,$-23,$8,$0,$-1,$-25,$-3,$-4,$0,$-4,$0,$-4,$-4,$0,$-11,$-0,$-0,$-0,$0,$0,$0,$0,$-0,$-14,$2,$0
36,2009-08-31,7.06,$15.14,0.47,$24.30,0.29,$-0.36,0.0,$-2.63,0.0,$0.32B,$0.08B,3.98,$0.01B,$0.35B,0.03,$0.56B,$0.10B,17.95%,$0.56B,$-0.04B,-7.18%,$0.56B,$-0.04B,-7.18%,$0.56B,$0.01B,1.08%,$0.56B,$-0.04B,-7.72%,$0.56B,$-0.06B,-10.77%,$-0.06B,$0.35B,-16.60%,$-0.06B,$0.26B,-22.66%,$-0.06B,$0.45B,-12.57%,$-0.04B,$0.36B,-10.73%,$125,$101,$24,$2,$21,$124,$1,$0,$1,$-2,$3,$3,$3,$3,$1,$23,23,$0.12,$0.12,$70,$121,$0,$318,$20,$27,$87,$2,$136,$454,$80,$12,$9,$28,$108,$0,$95,$-5,$346,$454,$3,$4,$-2,$2,$11,$6,$0,$-0,$2,$7,$-3,$0,$-0,$0,$-4,$-4,$0,$-6,$-0,$-1,$-1,$0,$0,$0,$0,$-0,$1,$0,$0
37,2009-05-31,5.82,$15.03,0.39,$25.30,0.23,$-0.39,0.0,$-2.85,0.0,$0.33B,$0.09B,3.82,$0.01B,$0.34B,0.03,$0.58B,$0.10B,17.44%,$0.58B,$-0.05B,-7.77%,$0.58B,$-0.05B,-7.77%,$0.58B,$0.00B,0.17%,$0.58B,$-0.05B,-8.29%,$0.58B,$-0.07B,-11.23%,$-0.07B,$0.34B,-17.17%,$-0.07B,$0.26B,-23.94%,$-0.07B,$0.46B,-13.08%,$-0.05B,$0.36B,-11.55%,$120,$97,$23,$2,$21,$120,$0,$1,$1,$0,$0,$0,$0,$2,$0,$23,23,$0.02,$0.02,$62,$119,$0,$330,$20,$22,$88,$2,$132,$462,$86,$11,$12,$32,$118,$0,$92,$-5,$344,$462,$0,$2,$-1,$1,$-12,$8,$0,$1,$-8,$-7,$-2,$0,$0,$0,$0,$0,$0,$-1,$-0,$-0,$-0,$0,$0,$0,$0,$-0,$-7,$0,$0
38,2009-02-28,2.8,$14.89,0.19,$26.38,0.11,$1.01,2.76,$-3.10,0.0,$0.33B,$0.09B,3.7,$0.01B,$0.34B,0.03,$0.60B,$0.10B,16.72%,$0.60B,$-0.05B,-8.77%,$0.60B,$-0.05B,-8.77%,$0.60B,$-0.01B,-1.16%,$0.60B,$-0.06B,-9.27%,$0.60B,$-0.07B,-11.59%,$-0.07B,$0.34B,-17.64%,$-0.07B,$0.25B,-24.93%,$-0.07B,$0.46B,-13.59%,$-0.05B,$0.35B,-12.97%,$116,$102,$14,$2,$26,$169,$-53,$-2,$-56,$14,$-70,$-70,$-70,$-12,$-53,$23,23,$-3.07,$-3.07,$70,$125,$0,$330,$20,$21,$89,$2,$131,$461,$89,$11,$13,$32,$121,$0,$92,$-7,$341,$461,$-71,$46,$16,$62,$18,$22,$0,$-7,$39,$30,$-4,$-1,$1,$0,$1,$1,$0,$-4,$-0,$5,$5,$0,$0,$0,$0,$5,$30,$1,$0
39,2008-11-30,5.81,$18.13,0.32,$27.06,0.21,$-3.25,0.0,$-0.14,0.0,$0.36B,$0.09B,3.87,$0.01B,$0.42B,0.03,$0.62B,$0.11B,18.09%,$0.62B,$-0.00B,-0.65%,$0.62B,$-0.00B,-0.65%,$0.62B,$0.00B,0.48%,$0.62B,$-0.00B,-0.32%,$0.62B,$-0.00B,-0.32%,$-0.00B,$0.42B,-0.48%,$-0.00B,$0.29B,-0.68%,$-0.00B,$0.53B,-0.38%,$-0.00B,$0.43B,-0.93%,$196,$157,$39,$2,$25,$184,$12,$-1,$11,$4,$7,$7,$7,$13,$12,$23,23,$0.29,$0.29,$14,$149,$0,$363,$21,$22,$123,$2,$169,$532,$94,$11,$9,$24,$118,$0,$162,$-3,$415,$532,$-1,$5,$0,$6,$-44,$-2,$0,$0,$-31,$-27,$-4,$-1,$-0,$0,$1,$1,$0,$-4,$-0,$6,$5,$0,$0,$0,$0,$6,$-25,$1,$0
40,2008-08-31,9.76,$18.09,0.54,$26.54,0.37,$-6.24,0.0,$-0.23,0.0,$0.36B,$0.09B,4.07,$0.01B,$0.41B,0.03,$0.61B,$0.11B,17.79%,$0.61B,$-0.01B,-1.65%,$0.61B,$-0.01B,-1.65%,$0.61B,$-0.00B,-0.49%,$0.61B,$-0.01B,-0.99%,$0.61B,$-0.00B,-0.66%,$-0.00B,$0.41B,-0.95%,$-0.00B,$0.29B,-1.33%,$-0.00B,$0.53B,-0.75%,$-0.01B,$0.43B,-2.33%,$147,$122,$25,$3,$26,$151,$-4,$0,$-4,$-2,$-2,$-2,$-2,$-2,$-4,$23,23,$-0.10,$-0.10,$49,$163,$0,$356,$22,$25,$127,$2,$176,$533,$88,$13,$10,$31,$119,$0,$155,$2,$414,$533,$-8,$4,$-1,$3,$18,$-11,$0,$1,$12,$7,$-3,$-1,$-0,$0,$1,$1,$0,$-3,$-0,$6,$6,$0,$0,$0,$0,$6,$10,$0,$0
41,2008-05-31,10.66,$18.24,0.58,$26.56,0.4,$-9.41,0.0,$0.03,355.33,$0.36B,$0.08B,4.3,$0.01B,$0.42B,0.03,$0.61B,$0.11B,18.26%,$0.61B,$-0.00B,-0.33%,$0.61B,$-0.00B,-0.33%,$0.61B,$0.00B,0.66%,$0.61B,$0.00B,0.49%,$0.61B,$0.00B,0.33%,$0.00B,$0.42B,0.48%,$0.00B,$0.29B,0.64%,$0.00B,$0.53B,0.38%,$-0.00B,$0.43B,-0.47%,$145,$122,$23,$3,$28,$152,$-8,$1,$-7,$-2,$-5,$-5,$-5,$-6,$-8,$23,23,$-0.23,$-0.23,$70,$146,$0,$360,$22,$27,$124,$1,$174,$534,$84,$14,$10,$33,$117,$0,$157,$3,$417,$534,$-5,$2,$-1,$1,$19,$10,$0,$0,$30,$26,$-2,$0,$-0,$0,$0,$0,$0,$-2,$-0,$7,$7,$0,$0,$0,$0,$7,$31,$0,$0
42,2008-02-29,9.0,$18.53,0.49,$25.85,0.35,$-11.74,0.0,$0.36,25.0,$0.36B,$0.08B,4.35,$0.01B,$0.42B,0.02,$0.59B,$0.11B,18.78%,$0.59B,$0.00B,0.68%,$0.59B,$0.00B,0.68%,$0.59B,$0.01B,1.69%,$0.59B,$0.01B,1.69%,$0.59B,$0.01B,1.52%,$0.01B,$0.42B,2.15%,$0.01B,$0.30B,2.80%,$0.01B,$0.53B,1.72%,$0.00B,$0.43B,0.94%,$131,$107,$25,$3,$25,$135,$-4,$2,$-2,$0,$-2,$-2,$-2,$-2,$-4,$23,23,$-0.09,$-0.09,$39,$156,$0,$358,$22,$28,$124,$1,$175,$533,$82,$7,$10,$27,$110,$0,$163,$5,$424,$533,$8,$6,$-7,$-1,$-33,$-19,$0,$-0,$-72,$-65,$-7,$-0,$-42,$137,$6,$143,$0,$93,$-4,$-2,$-6,$2,$2,$0,$-1,$-5,$24,$0,$0
43,2007-11-30,12.77,$18.47,0.69,$24.37,0.52,$-6.79,0.0,$0.44,29.02,$0.38B,$0.08B,4.49,$0.01B,$0.42B,0.02,$0.56B,$0.10B,18.71%,$0.56B,$0.01B,0.90%,$0.56B,$0.01B,0.90%,$0.56B,$0.01B,1.98%,$0.56B,$0.01B,1.98%,$0.56B,$0.01B,1.98%,$0.01B,$0.42B,2.66%,$0.01B,$0.32B,3.35%,$0.01B,$0.53B,2.14%,$0.01B,$0.43B,1.18%,$184,$149,$35,$3,$27,$178,$6,$1,$7,$2,$5,$5,$5,$7,$6,$23,23,$0.20,$0.20,$29,$148,$0,$377,$21,$27,$98,$1,$150,$527,$84,$8,$4,$21,$105,$0,$162,$3,$422,$527,$11,$4,$-5,$-2,$-75,$-34,$0,$2,$-102,$-93,$-6,$0,$-27,$-14,$147,$133,$0,$100,$-4,$-1,$-5,$2,$2,$0,$1,$-2,$5,$0,$0
44,2007-08-31,10.45,$18.14,0.58,$23.10,0.45,$-3.52,0.0,$0.41,25.49,$0.38B,$0.08B,5.04,$0.01B,$0.42B,0.03,$0.52B,$0.09B,17.94%,$0.52B,$0.00B,0.19%,$0.52B,$0.00B,0.19%,$0.52B,$0.01B,1.34%,$0.52B,$0.01B,1.34%,$0.52B,$0.01B,1.91%,$0.01B,$0.42B,2.45%,$0.01B,$0.33B,2.94%,$0.01B,$0.51B,1.99%,$0.00B,$0.43B,0.24%,$148,$120,$28,$2,$22,$144,$4,$1,$5,$2,$4,$4,$4,$5,$4,$23,23,$0.16,$0.16,$84,$138,$0,$381,$21,$26,$82,$1,$132,$513,$76,$10,$4,$23,$99,$0,$157,$0,$415,$513,$6,$2,$-5,$-3,$-40,$-30,$0,$2,$-67,$-64,$-4,$0,$-7,$68,$1,$69,$0,$58,$-1,$0,$-1,$2,$2,$0,$1,$2,$-4,$-0,$0
45,2007-05-31,13.43,$17.93,0.75,$20.98,0.64,$-0.21,0.0,$0.16,83.94,$0.39B,$0.08B,4.6,$0.01B,$0.41B,0.03,$0.47B,$0.08B,17.34%,$0.47B,$-0.01B,-1.48%,$0.47B,$-0.01B,-1.48%,$0.47B,$-0.00B,-0.21%,$0.47B,0,0.00%,$0.47B,$0.00B,0.85%,$0.00B,$0.41B,0.99%,$0.00B,$0.33B,1.14%,$0.00B,$0.52B,0.82%,$-0.01B,$0.42B,-1.69%,$128,$105,$23,$2,$22,$130,$-2,$2,$0,$0,$0,$0,$2,$-0,$-2,$23,23,$0.10,$0.10,$124,$117,$0,$387,$20,$26,$82,$1,$131,$518,$84,$11,$4,$23,$107,$0,$153,$-0,$411,$518,$2,$1,$-5,$-4,$-23,$-9,$0,$-2,$-26,$-27,$-2,$0,$-7,$-6,$38,$32,$0,$23,$-0,$1,$0,$3,$3,$0,$1,$4,$-0,$-1,$0
46,2007-02-28,15.1,$17.91,0.84,$20.31,0.74,$1.91,7.89,$0.13,116.15,$0.38B,$0.07B,5.21,$0.01B,$0.40B,0.03,$0.46B,$0.08B,17.32%,$0.46B,$-0.01B,-1.10%,$0.46B,$-0.01B,-1.10%,$0.46B,0,0.00%,$0.46B,$0.00B,0.44%,$0.46B,$0.00B,0.88%,$0.00B,$0.40B,1.00%,$0.00B,$0.33B,1.11%,$0.00B,$0.50B,0.84%,$-0.01B,$0.42B,-1.21%,$96,$78,$18,$2,$19,$99,$-3,$1,$-1,$-1,$-0,$-0,$-0,$-1,$-3,$22,23,$-0.02,$-0.02,$156,$105,$0,$379,$18,$25,$75,$1,$120,$499,$73,$11,$3,$22,$95,$0,$151,$-1,$404,$499,$3,$4,$-2,$2,$-0,$24,$0,$-2,$38,$43,$-3,$-0,$-60,$20,$3,$23,$0,$-41,$-2,$-3,$-4,$0,$0,$0,$1,$-3,$-1,$1,$0
47,2006-11-30,13.85,$18.01,0.77,$16.04,0.86,$0.11,129.32,$0.15,92.33,$0.40B,$0.06B,6.76,$0.01B,$0.40B,0.03,$0.36B,$0.06B,16.94%,$0.36B,$-0.00B,-0.56%,$0.36B,$-0.00B,-0.56%,$0.36B,$0.00B,0.28%,$0.36B,$0.00B,0.83%,$0.36B,$0.00B,1.11%,$0.00B,$0.40B,1.00%,$0.00B,$0.37B,1.07%,$0.00B,$0.48B,0.85%,$-0.00B,$0.41B,-0.49%,$152,$126,$25,$2,$22,$150,$2,$1,$3,$-1,$4,$4,$4,$3,$2,$22,22,$0.17,$0.17,$150,$88,$0,$401,$18,$24,$29,$1,$77,$478,$59,$11,$0,$19,$78,$0,$152,$-2,$400,$478,$3,$3,$-1,$2,$-45,$9,$0,$-3,$-26,$-21,$-2,$-0,$3,$-67,$91,$24,$0,$24,$-1,$-1,$-3,$-3,$-3,$0,$0,$-5,$-2,$1,$0
