,Date,Stock Price,Book Value per Share,Price to Book Ratio,TTM Sales per Share,Price to Sales Ratio,TTM FCF per Share,Price to FCF Ratio,TTM Net EPS,PE Ratio,Current Assets,Current Liabilities,Current Ratio,Long Term Debt,Shareholder's Equity_x,Debt to Equity Ratio,TTM Revenue_x,TTM Gross Profit,Gross Margin,TTM Revenue_y,TTM Operating Income,Operating Margin,TTM Revenue_x,TTM EBIT,EBIT Margin,TTM Revenue_y,TTM EBITDA,EBITDA Margin,TTM Revenue_x,TTM Pre-Tax Income,Pre-Tax Margin,TTM Revenue_y,TTM Net Income_x,Net Margin,TTM Net Income_y,Shareholder's Equity_y,Return on Equity,TTM Net Income_x,Tangible Equity,Return on Tangible Equity,TTM Net Income_y,Total Assets,Return on Assets,TTM Net Income,LT Investments & Debt,Return on Investment,revenue,cost-goods-sold,gross-profit,research-development-expenses,selling-general-administrative-expenses,operating-expenses,operating-income,total-non-operating-income-expense,pre-tax-income,total-provision-income-taxes,income-after-taxes,income-from-continuous-operations,net-income,ebitda,ebit,basic-shares-outstanding,shares-outstanding,eps-basic-net-earnings-per-share,eps-earnings-per-share-diluted,cash-on-hand,inventory,other-current-assets,total-current-assets,net-property-plant-equipment,long-term-investments,goodwill-intangible-assets-total,other-long-term-assets,total-long-term-assets,total-assets,total-current-liabilities,long-term-debt,other-non-current-liabilities,total-long-term-liabilities,total-liabilities,common-stock-net,retained-earnings-accumulated-deficit,comprehensive-income,total-share-holder-equity,total-liabilities-share-holders-equity,net-income-loss,total-depreciation-amortization-cash-flow,other-non-cash-items,total-non-cash-items,change-in-accounts-receivable,change-in-inventories,change-in-accounts-payable,change-in-assets-liabilities,total-change-in-assets-liabilities,cash-flow-from-operating-activities,net-change-in-property-plant-equipment,net-change-in-intangible-assets,net-acquisitions-divestitures,net-change-in-short-term-investments,net-change-in-long-term-investments,net-change-in-investments-total,investing-activities-other,cash-flow-from-investing-activities,net-long-term-debt,net-current-debt,debt-issuance-retirement-net-total,net-common-equity-issued-repurchased,net-total-equity-issued-repurchased,total-common-preferred-stock-dividends-paid,financial-activities-other,cash-flow-from-financial-activities,net-cash-flow,stock-based-compensation,common-stock-dividends-paid
0,2018-09-30,49.67,$58.56,0.85,$48.86,1.02,$26.88,1.85,$-13.31,0.0,$8.95B,$66.04B,0.14,$5.56B,$9.20B,0.6,$8.52B,$3.91B,45.94%,$8.52B,$0.67B,7.84%,$8.52B,$0.90B,10.59%,$8.52B,$0.90B,10.59%,$8.52B,$0.67B,7.84%,$8.52B,$-2.41B,-28.30%,$-2.41B,$9.20B,-24.18%,$-2.41B,$9.20B,-24.18%,$-2.41B,$165.04B,-1.25%,$0.67B,$14.76B,4.38%,$2252,$1268,$984,$0,$86,$2066,$186,$0,$186,$21,$165,$165,$142,$241,$241,$160,164,$0.89,$0.87,$1885,$0,$0,$8953,$0,$66363,$0,$84537,$156083,$165036,$66040,$5556,$84240,$89796,$155836,$3,$-11853,$777,$9200,$165036,$172,$0,$1462,$1462,$0,$0,$0,$0,$0,$1634,$0,$0,$-25,$419,$-516,$-97,$173,$51,$175,$0,$175,$-747,$-428,$-5,$-1354,$-1612,$73,$0,$-5
1,2018-06-30,47.0,$57.04,0.82,$47.10,1.0,$23.09,2.04,$-13.37,0.0,$9.24B,$66.51B,0.14,$5.42B,$9.24B,0.59,$8.45B,$3.92B,46.40%,$8.45B,$0.52B,6.18%,$8.45B,$0.77B,9.09%,$8.45B,$0.77B,9.09%,$8.45B,$0.52B,6.18%,$8.45B,$-2.40B,-28.45%,$-2.40B,$9.24B,-21.23%,$-2.40B,$9.24B,-21.32%,$-2.40B,$162.74B,-1.16%,$0.52B,$14.66B,3.10%,$2113,$1088,$1025,$0,$74,$1872,$241,$0,$241,$45,$196,$196,$166,$303,$303,$167,173,$1.00,$0.96,$1620,$0,$0,$9237,$0,$66210,$0,$82019,$153503,$162740,$66508,$5415,$81575,$86990,$153498,$3,$-11995,$943,$9242,$162740,$-408,$0,$1462,$1462,$0,$0,$0,$0,$0,$1054,$0,$0,$-6,$403,$-412,$-9,$102,$87,$375,$0,$375,$-499,$-499,$-3,$-1196,$-1323,$-182,$0,$-3
2,2018-03-31,50.49,$60.67,0.83,$46.55,1.08,$19.95,2.53,$-13.44,0.0,$9.20B,$66.27B,0.14,$5.18B,$10.41B,0.5,$8.53B,$3.95B,46.33%,$8.53B,$0.44B,5.11%,$8.53B,$0.69B,8.11%,$8.53B,$0.69B,8.11%,$8.53B,$0.44B,5.11%,$8.53B,$-2.40B,-28.18%,$-2.40B,$10.41B,-19.09%,$-2.40B,$10.41B,-19.24%,$-2.40B,$219.82B,-1.08%,$0.44B,$15.59B,2.43%,$1967,$1090,$877,$0,$100,$1946,$21,$0,$21,$4,$17,$17,$446,$76,$76,$172,178,$2.59,$2.50,$1597,$0,$0,$9198,$0,$66778,$0,$139057,$210626,$219824,$66272,$5177,$137966,$143143,$209415,$3,$-12161,$1511,$10409,$219824,$38,$0,$363,$363,$0,$0,$0,$0,$0,$401,$0,$0,$-24,$278,$-383,$-105,$365,$236,$117,$0,$117,$2,$2,$-2,$-514,$-397,$240,$0,$-2
3,2017-12-31,49.45,$64.19,0.77,$46.10,1.07,$17.45,2.83,$-16.69,0.0,$9.07B,$66.69B,0.14,$4.99B,$11.04B,0.45,$8.62B,$3.98B,46.21%,$8.62B,$0.53B,6.13%,$8.62B,$0.79B,9.19%,$8.62B,$0.79B,9.19%,$8.62B,$0.53B,6.13%,$8.62B,$-2.99B,-34.72%,$-2.99B,$11.04B,-22.24%,$-2.99B,$11.04B,-22.49%,$-2.99B,$222.53B,-1.35%,$0.53B,$16.03B,2.84%,$2186,$1159,$1027,$0,$61,$1966,$220,$0,$220,$687,$-467,$-467,$-3165,$282,$282,$184,184,$-17.23,$-17.21,$1435,$0,$0,$9067,$0,$68380,$0,$140930,$213465,$222532,$66692,$4989,$139812,$144801,$211493,$3,$-12719,$2731,$11039,$222532,$-2792,$534,$4479,$5013,$298,$0,$-41,$-900,$-643,$1578,$0,$0,$-96,$-80,$-1059,$-1139,$-1193,$-2428,$-239,$0,$-239,$-920,$-920,$-8,$822,$-345,$-1195,$117,$-8
4,2017-09-30,39.87,$81.29,0.49,$36.96,1.08,$26.60,1.5,$-1.79,0.0,$9.37B,$93.90B,0.1,$6.44B,$14.61B,0.44,$6.99B,$3.53B,50.50%,$6.99B,$0.28B,4.01%,$6.99B,$0.55B,7.92%,$6.99B,$0.55B,7.92%,$6.99B,$0.28B,3.99%,$6.99B,$-0.26B,-3.71%,$-0.26B,$14.61B,-1.83%,$-0.26B,$14.42B,-1.85%,$-0.26B,$226.64B,-0.12%,$0.28B,$21.05B,1.46%,$2184,$1192,$992,$0,$209,$2144,$40,$0,$40,$-40,$80,$80,$149,$107,$107,$180,182,$0.83,$0.81,$2073,$0,$0,$9371,$0,$99061,$196,$112143,$217273,$226644,$93898,$6440,$111693,$118135,$212033,$3,$-9656,$2832,$14611,$226644,$510,$0,$616,$616,$0,$0,$0,$0,$0,$1126,$0,$0,$-50,$54,$-1303,$-1249,$-984,$-2283,$-295,$0,$-295,$-420,$-420,$-6,$934,$213,$-944,$0,$-6
5,2017-06-30,36.86,$79.54,0.46,$37.65,0.98,$32.62,1.13,$-3.83,0.0,$9.99B,$94.03B,0.11,$4.70B,$14.29B,0.33,$7.33B,$3.16B,43.08%,$7.33B,$-0.12B,-1.58%,$7.33B,$0.16B,2.21%,$7.33B,$0.16B,2.21%,$7.33B,$-0.12B,-1.60%,$7.33B,$-0.66B,-8.95%,$-0.66B,$14.29B,-4.50%,$-0.66B,$14.09B,-4.55%,$-0.66B,$219.84B,-0.30%,$-0.12B,$18.99B,-0.59%,$2191,$1136,$1055,$0,$195,$2036,$155,$0,$155,$0,$155,$155,$167,$227,$227,$186,188,$0.90,$0.89,$2713,$0,$0,$9991,$0,$95700,$198,$107759,$209848,$219839,$94027,$4702,$106815,$111520,$205547,$3,$-9804,$2707,$14292,$219839,$86,$0,$470,$470,$0,$0,$0,$0,$0,$556,$0,$0,$-55,$12,$-771,$-759,$112,$-702,$-510,$0,$-510,$-422,$-422,$-4,$738,$-198,$-344,$0,$-4
6,2017-03-31,37.92,$73.07,0.52,$39.23,0.97,$37.65,1.01,$-3.93,0.0,$9.89B,$93.72B,0.11,$4.47B,$13.88B,0.32,$7.84B,$3.25B,41.46%,$7.84B,$-0.12B,-1.51%,$7.84B,$0.27B,3.39%,$7.84B,$0.27B,3.39%,$7.84B,$-0.12B,-1.52%,$7.84B,$-0.66B,-8.44%,$-0.66B,$13.88B,-4.38%,$-0.66B,$13.67B,-4.43%,$-0.66B,$217.03B,-0.30%,$-0.12B,$18.34B,-0.57%,$2057,$1149,$908,$0,$64,$1944,$113,$0,$113,$93,$20,$20,$-143,$176,$176,$192,195,$-0.75,$-0.74,$2531,$0,$0,$9885,$0,$94110,$208,$105973,$207141,$217026,$93719,$4467,$104962,$109428,$203148,$3,$-9971,$2212,$13878,$217026,$-208,$0,$159,$159,$0,$0,$0,$0,$0,$-49,$0,$0,$-46,$-40,$45,$5,$232,$191,$-210,$0,$-210,$-189,$-189,$-2,$-354,$-755,$-613,$0,$-2
7,2016-12-31,39.17,$71.76,0.55,$43.04,0.91,$40.96,0.96,$-2.26,0.0,$9.52B,$65.52B,0.15,$4.52B,$13.97B,0.32,$8.79B,$3.48B,39.54%,$8.79B,$0.01B,0.11%,$8.79B,$0.40B,4.55%,$8.79B,$0.40B,4.55%,$8.79B,$0.01B,0.10%,$8.79B,$-0.33B,-3.71%,$-0.33B,$13.97B,-2.10%,$-0.33B,$13.97B,-2.12%,$-0.33B,$214.59B,-0.15%,$0.01B,$18.49B,0.05%,$554,$-18,$573,$0,$34,$583,$-29,$0,$-29,$24,$-53,$-53,$-432,$43,$43,$201,203,$-2.12,$-2.08,$2229,$0,$0,$9516,$0,$65035,$0,$134467,$205069,$214585,$65522,$4519,$130576,$135095,$200617,$3,$-9742,$1921,$13968,$214585,$-298,$420,$3530,$3950,$-18,$0,$-190,$147,$-61,$3591,$0,$0,$-61,$31,$-1827,$-1796,$-1826,$-3683,$240,$0,$240,$-686,$-686,$-8,$944,$490,$398,$99,$-8
8,2016-09-30,28.77,$83.02,0.35,$37.88,0.76,$37.52,0.77,$-0.01,0.0,$10.26B,$92.81B,0.11,$6.43B,$16.16B,0.4,$7.68B,$2.93B,38.11%,$7.68B,$-0.31B,-4.09%,$7.68B,$0.12B,1.56%,$7.68B,$0.12B,1.56%,$7.68B,$-0.31B,-4.09%,$7.68B,$-0.00B,-0.01%,$-0.00B,$16.16B,-0.01%,$-0.00B,$15.93B,-0.01%,$-0.00B,$218.62B,0.00%,$-0.31B,$22.58B,-1.42%,$2529,$1907,$622,$0,$181,$2884,$-356,$0,$-356,$-119,$-237,$-237,$-248,$-284,$-284,$200,200,$-1.24,$-1.24,$2952,$0,$0,$10257,$0,$99409,$227,$103541,$208366,$218622,$92811,$6427,$103230,$109656,$202467,$3,$-9310,$3517,$16155,$218622,$0,$0,$0,$0,$0,$0,$0,$0,$0,$2483,$-49,$0,$-99,$150,$-2389,$-2239,$-128,$-2514,$950,$0,$950,$-486,$-486,$-6,$-172,$285,$254,$0,$-6
9,2016-06-30,24.71,$81.73,0.3,$41.74,0.59,$37.17,0.66,$1.40,17.65,$11.45B,$92.08B,0.12,$6.56B,$16.37B,0.4,$8.85B,$3.55B,40.09%,$8.85B,$0.12B,1.38%,$8.85B,$0.60B,6.75%,$8.85B,$0.60B,6.75%,$8.85B,$0.12B,1.38%,$8.85B,$0.29B,3.24%,$0.29B,$16.37B,1.75%,$0.29B,$16.13B,1.78%,$0.29B,$217.07B,0.13%,$0.12B,$22.93B,0.55%,$2696,$1550,$1146,$0,$98,$2543,$153,$0,$153,$17,$136,$136,$162,$331,$331,$202,204,$0.80,$0.79,$3977,$0,$0,$11450,$0,$97859,$240,$102253,$205615,$217065,$92080,$6560,$102060,$108620,$200700,$3,$-9062,$3440,$16366,$217065,$0,$0,$0,$0,$0,$0,$0,$0,$0,$1663,$-36,$0,$-34,$217,$-1110,$-893,$373,$-590,$709,$0,$709,$-487,$-487,$-4,$-3,$214,$1287,$0,$-4
10,2016-03-31,29.7,$76.99,0.39,$41.41,0.72,$35.53,0.84,$1.85,16.05,$10.34B,$90.92B,0.11,$6.01B,$15.70B,0.38,$9.12B,$3.92B,42.98%,$9.12B,$0.46B,4.99%,$9.12B,$0.88B,9.69%,$9.12B,$0.88B,9.69%,$9.12B,$0.46B,4.99%,$9.12B,$0.41B,4.50%,$0.41B,$15.70B,2.46%,$0.41B,$15.46B,2.49%,$0.41B,$214.01B,0.19%,$0.46B,$21.72B,2.07%,$3009,$1876,$1134,$0,$103,$2768,$241,$0,$241,$49,$192,$192,$192,$310,$310,$207,209,$0.93,$0.92,$2781,$0,$0,$10339,$0,$95108,$246,$102055,$203669,$214008,$90924,$6014,$101368,$107382,$198305,$3,$-9224,$2476,$15702,$214008,$0,$0,$0,$0,$0,$0,$0,$0,$0,$657,$-18,$0,$-72,$137,$-1289,$-1152,$309,$-933,$163,$0,$163,$-221,$-221,$-2,$350,$290,$14,$0,$-2
11,2015-12-31,36.81,$77.84,0.47,$37.84,0.97,$36.82,1.0,$1.70,21.65,$10.63B,$89.56B,0.12,$4.95B,$16.28B,0.3,$8.72B,$4.02B,46.12%,$8.72B,$0.48B,5.45%,$8.72B,$0.95B,10.84%,$8.72B,$0.95B,10.84%,$8.72B,$0.48B,5.45%,$8.72B,$0.41B,4.68%,$0.41B,$16.28B,2.34%,$0.41B,$16.03B,2.38%,$0.41B,$218.22B,0.18%,$0.48B,$21.22B,2.10%,$-553,$-578,$25,$0,$-211,$-201,$-352,$0,$-352,$-45,$-307,$-307,$-107,$-237,$-237,$225,227,$-0.42,$-0.41,$2980,$0,$0,$10634,$0,$90051,$251,$109703,$207590,$218224,$89562,$4945,$107371,$112386,$201948,$3,$-9406,$1425,$16276,$218224,$538,$381,$3103,$3484,$68,$0,$-497,$-345,$-774,$3248,$0,$0,$-159,$468,$-2875,$-2407,$-1708,$-4274,$1574,$0,$1574,$-1487,$-1487,$-9,$930,$1008,$-18,$76,$-9
12,2015-09-30,38.66,$80.11,0.48,$49.76,0.78,$36.63,1.06,$7.85,4.92,$10.62B,$89.66B,0.12,$5.37B,$17.25B,0.31,$11.69B,$4.87B,41.69%,$11.69B,$0.35B,2.95%,$11.69B,$0.81B,6.89%,$11.69B,$0.81B,6.89%,$11.69B,$0.35B,2.95%,$11.69B,$1.90B,16.24%,$1.90B,$17.25B,10.54%,$1.90B,$16.99B,10.70%,$1.90B,$218.71B,0.84%,$0.35B,$22.62B,1.49%,$3696,$2455,$1242,$0,$316,$3616,$80,$0,$80,$-36,$116,$116,$40,$193,$193,$222,224,$0.18,$0.18,$3286,$0,$0,$10619,$0,$92715,$259,$108484,$208093,$218711,$89664,$5367,$106432,$111799,$201463,$3,$-9304,$2046,$17249,$218711,$0,$0,$0,$0,$0,$0,$0,$0,$0,$2686,$-38,$0,$-134,$140,$-4636,$-4496,$924,$-3745,$1554,$0,$1554,$-1341,$-1341,$-7,$832,$1039,$-20,$0,$-7
13,2015-06-30,46.32,$77.54,0.6,$45.79,1.01,$36.15,1.28,$9.25,5.01,$10.23B,$87.41B,0.12,$4.74B,$17.55B,0.27,$11.19B,$5.09B,45.53%,$11.19B,$0.83B,7.37%,$11.19B,$1.28B,11.41%,$11.19B,$1.28B,11.41%,$11.19B,$0.83B,7.37%,$11.19B,$2.26B,20.24%,$2.26B,$17.55B,12.59%,$2.26B,$17.28B,12.79%,$2.26B,$226.59B,1.00%,$0.83B,$22.29B,3.60%,$2968,$1449,$1519,$0,$153,$2482,$486,$0,$486,$119,$367,$367,$285,$618,$618,$228,230,$1.25,$1.24,$2959,$0,$0,$10228,$0,$90032,$266,$119297,$216357,$226585,$87410,$4737,$116875,$121626,$209036,$3,$-9360,$2109,$17549,$226585,$0,$0,$0,$0,$0,$0,$0,$0,$0,$1483,$-24,$0,$-103,$647,$-2067,$-1420,$-130,$-1677,$658,$0,$658,$-741,$-741,$-5,$245,$158,$-35,$0,$-5
14,2015-03-31,42.97,$81.50,0.53,$43.41,0.99,$36.82,1.17,$8.97,4.79,$9.22B,$87.70B,0.11,$5.49B,$18.67B,0.29,$10.92B,$4.97B,45.51%,$10.92B,$0.76B,6.96%,$10.92B,$1.18B,10.77%,$10.92B,$1.18B,10.77%,$10.92B,$0.76B,6.96%,$10.92B,$2.23B,20.39%,$2.23B,$18.67B,12.44%,$2.23B,$18.39B,12.64%,$2.23B,$229.05B,0.98%,$0.76B,$24.16B,3.34%,$2604,$1372,$1233,$0,$118,$2343,$261,$0,$261,$46,$216,$216,$190,$371,$371,$239,241,$0.80,$0.79,$2175,$0,$0,$9224,$0,$94991,$276,$119278,$219824,$229048,$87701,$5488,$117189,$122681,$210382,$3,$-9645,$3531,$18667,$229048,$0,$0,$0,$0,$0,$0,$0,$0,$0,$1054,$-9,$0,$-34,$96,$-1618,$-1522,$318,$-1246,$438,$0,$438,$-622,$-622,$-2,$-277,$-463,$-656,$0,$-2
15,2014-12-31,42.23,$76.74,0.55,$42.73,0.99,$35.43,1.19,$9.18,4.6,$10.36B,$86.94B,0.12,$4.96B,$18.56B,0.27,$10.99B,$5.05B,45.96%,$10.99B,$0.80B,7.29%,$10.99B,$1.20B,10.93%,$10.99B,$1.20B,10.93%,$10.99B,$0.80B,7.29%,$10.99B,$2.30B,20.89%,$2.30B,$18.56B,13.24%,$2.30B,$18.28B,13.47%,$2.30B,$226.93B,1.02%,$0.80B,$23.52B,3.66%,$2420,$1542,$879,$0,$107,$2902,$-482,$0,$-482,$-1806,$1324,$1324,$1383,$-377,$-377,$253,255,$5.49,$5.46,$3241,$0,$0,$10358,$0,$92553,$284,$117865,$216573,$226931,$86938,$4961,$116386,$121432,$208369,$3,$-9803,$3104,$18562,$226931,$2533,$521,$813,$1335,$40,$0,$149,$-427,$-239,$3629,$-33,$0,$-85,$-662,$-1895,$-2557,$-640,$-3314,$-1420,$0,$-1420,$-789,$-789,$-10,$1595,$-625,$-310,$93,$-10
16,2014-09-30,38.95,$69.57,0.56,$42.62,0.91,$34.13,1.14,$5.60,6.96,$8.66B,$85.73B,0.1,$4.44B,$17.14B,0.26,$10.93B,$5.41B,49.54%,$10.93B,$1.91B,17.47%,$10.93B,$2.30B,21.06%,$10.93B,$2.30B,21.06%,$10.93B,$1.91B,17.47%,$10.93B,$1.46B,13.34%,$1.46B,$17.14B,8.80%,$1.46B,$16.85B,8.96%,$1.46B,$224.30B,0.65%,$1.91B,$21.59B,9.11%,$3196,$1733,$1463,$0,$31,$2636,$560,$0,$560,$37,$522,$522,$406,$664,$664,$253,254,$1.61,$1.59,$1909,$0,$0,$8661,$0,$91345,$296,$119222,$215643,$224304,$85730,$4443,$116540,$121430,$207160,$3,$-11235,$2820,$17144,$224304,$0,$0,$0,$0,$0,$0,$0,$0,$0,$2916,$-27,$0,$-261,$-125,$-2168,$-2293,$-473,$-3053,$-1378,$0,$-1378,$-614,$-614,$-8,$1204,$-795,$-932,$0,$-8
17,2014-06-30,36.19,$67.80,0.53,$39.34,0.92,$33.89,1.07,$5.34,6.78,$10.43B,$86.06B,0.12,$4.42B,$17.26B,0.26,$10.17B,$5.30B,52.11%,$10.17B,$1.77B,17.40%,$10.17B,$2.16B,21.21%,$10.17B,$2.16B,21.21%,$10.17B,$1.77B,17.40%,$10.17B,$1.40B,13.76%,$1.40B,$17.26B,8.74%,$1.40B,$16.96B,8.92%,$1.40B,$228.08B,0.63%,$1.77B,$21.68B,8.72%,$2700,$1305,$1395,$0,$116,$2279,$421,$0,$421,$6,$415,$415,$248,$518,$518,$255,256,$0.98,$0.97,$3788,$0,$0,$10425,$0,$91331,$303,$121508,$217653,$228078,$86057,$4420,$119756,$124758,$210815,$3,$-11633,$3153,$17263,$228078,$0,$0,$0,$0,$0,$0,$0,$0,$0,$1817,$-19,$0,$-119,$272,$-1192,$-920,$-406,$-1464,$-554,$0,$-554,$-289,$-289,$-5,$796,$-53,$301,$0,$-5
18,2014-03-31,36.11,$64.26,0.56,$37.35,0.97,$31.96,1.13,$4.05,8.92,$9.29B,$85.90B,0.11,$4.38B,$16.37B,0.27,$9.61B,$4.82B,50.11%,$9.61B,$1.27B,13.25%,$9.61B,$1.65B,17.18%,$9.61B,$1.65B,17.18%,$9.61B,$1.27B,13.25%,$9.61B,$1.07B,11.12%,$1.07B,$16.37B,6.96%,$1.07B,$16.06B,7.11%,$1.07B,$223.51B,0.49%,$1.27B,$20.75B,6.54%,$2671,$1358,$1313,$0,$126,$2369,$302,$0,$302,$31,$272,$272,$258,$396,$396,$261,264,$0.99,$0.98,$2500,$0,$0,$9286,$0,$90386,$313,$118666,$214225,$223511,$85898,$4380,$116590,$121245,$207143,$3,$-11888,$2578,$16368,$223511,$0,$0,$0,$0,$0,$0,$0,$0,$0,$787,$-9,$0,$-18,$2,$-959,$-957,$-60,$-1044,$-281,$0,$-281,$-250,$-250,$-3,$450,$-84,$-341,$0,$-3
