,Date,Stock Price,Book Value per Share,Price to Book Ratio,TTM Sales per Share,Price to Sales Ratio,TTM FCF per Share,Price to FCF Ratio,TTM Net EPS,PE Ratio,Current Assets,Current Liabilities,Current Ratio,Long Term Debt,Shareholder's Equity_x,Debt to Equity Ratio,TTM Revenue_x,TTM Gross Profit,Gross Margin,TTM Revenue_y,TTM Operating Income,Operating Margin,TTM Revenue_x,TTM EBIT,EBIT Margin,TTM Revenue_y,TTM EBITDA,EBITDA Margin,TTM Revenue_x,TTM Pre-Tax Income,Pre-Tax Margin,TTM Revenue_y,TTM Net Income_x,Net Margin,TTM Net Income_y,Shareholder's Equity_y,Return on Equity,TTM Net Income_x,Tangible Equity,Return on Tangible Equity,TTM Net Income_y,Total Assets,Return on Assets,TTM Net Income,LT Investments & Debt,Return on Investment,revenue,cost-goods-sold,gross-profit,research-development-expenses,selling-general-administrative-expenses,operating-expenses,operating-income,total-non-operating-income-expense,pre-tax-income,total-provision-income-taxes,income-after-taxes,income-from-continuous-operations,net-income,ebitda,ebit,basic-shares-outstanding,shares-outstanding,eps-basic-net-earnings-per-share,eps-earnings-per-share-diluted,cash-on-hand,inventory,other-current-assets,total-current-assets,net-property-plant-equipment,long-term-investments,goodwill-intangible-assets-total,other-long-term-assets,total-long-term-assets,total-assets,total-current-liabilities,long-term-debt,other-non-current-liabilities,total-long-term-liabilities,total-liabilities,common-stock-net,retained-earnings-accumulated-deficit,comprehensive-income,total-share-holder-equity,total-liabilities-share-holders-equity,net-income-loss,total-depreciation-amortization-cash-flow,other-non-cash-items,total-non-cash-items,change-in-accounts-receivable,change-in-inventories,change-in-accounts-payable,change-in-assets-liabilities,total-change-in-assets-liabilities,cash-flow-from-operating-activities,net-change-in-property-plant-equipment,net-change-in-intangible-assets,net-acquisitions-divestitures,net-change-in-short-term-investments,net-change-in-long-term-investments,net-change-in-investments-total,investing-activities-other,cash-flow-from-investing-activities,net-long-term-debt,net-current-debt,debt-issuance-retirement-net-total,net-common-equity-issued-repurchased,net-total-equity-issued-repurchased,total-common-preferred-stock-dividends-paid,financial-activities-other,cash-flow-from-financial-activities,net-cash-flow,stock-based-compensation,common-stock-dividends-paid
0,2018-09-30,37.4,$15.92,2.35,$21.64,1.73,$1.73,21.6,$1.83,20.44,$0.21B,$0.05B,4.09,$0.02B,$0.22B,0.11,$0.29B,$0.12B,40.55%,$0.29B,$0.04B,12.37%,$0.29B,$0.04B,12.37%,$0.29B,$0.05B,16.15%,$0.29B,$0.03B,11.68%,$0.29B,$0.03B,8.59%,$0.03B,$0.22B,12.25%,$0.03B,$0.18B,15.08%,$0.03B,$0.32B,7.94%,$0.04B,$0.24B,15.60%,$75,$45,$31,$0,$20,$65,$11,$-1,$10,$2,$8,$8,$8,$13,$11,$13,14,$0.56,$0.56,$79,$65,$0,$210,$56,$0,$38,$18,$112,$322,$51,$24,$14,$56,$107,$1,$63,$-37,$215,$322,$20,$8,$5,$13,$-8,$-7,$-1,$1,$-15,$18,$-10,$0,$0,$0,$0,$0,$0,$-10,$-2,$0,$-2,$0,$0,$-0,$-1,$-3,$4,$1,$-0
1,2018-06-30,38.15,$15.31,2.49,$20.73,1.84,$1.94,19.7,$1.59,23.99,$0.20B,$0.05B,4.1,$0.03B,$0.21B,0.13,$0.28B,$0.11B,39.78%,$0.28B,$0.03B,11.11%,$0.28B,$0.03B,11.11%,$0.28B,$0.04B,15.05%,$0.28B,$0.03B,11.11%,$0.28B,$0.02B,7.53%,$0.02B,$0.21B,10.62%,$0.02B,$0.17B,13.23%,$0.02B,$0.32B,6.81%,$0.03B,$0.23B,13.70%,$74,$43,$31,$0,$20,$63,$11,$-1,$11,$3,$8,$8,$8,$14,$11,$13,14,$0.57,$0.57,$75,$65,$0,$204,$54,$0,$38,$19,$111,$315,$50,$27,$14,$59,$109,$1,$56,$-38,$206,$315,$13,$5,$3,$9,$-6,$-7,$-0,$-0,$-14,$7,$-6,$0,$0,$0,$0,$0,$0,$-6,$1,$0,$1,$0,$0,$-0,$-1,$0,$0,$1,$-0
2,2018-03-31,31.15,$15.00,2.08,$19.87,1.57,$2.17,14.34,$1.29,24.15,$0.20B,$0.05B,3.83,$0.03B,$0.20B,0.14,$0.27B,$0.11B,39.33%,$0.27B,$0.03B,9.74%,$0.27B,$0.03B,9.74%,$0.27B,$0.04B,13.48%,$0.27B,$0.03B,9.36%,$0.27B,$0.02B,6.37%,$0.02B,$0.20B,8.87%,$0.02B,$0.16B,11.18%,$0.02B,$0.32B,5.65%,$0.03B,$0.23B,11.75%,$73,$45,$29,$0,$20,$65,$8,$-1,$7,$2,$5,$5,$5,$11,$8,$13,13,$0.37,$0.37,$74,$62,$0,$201,$56,$0,$39,$20,$114,$315,$53,$28,$14,$61,$114,$1,$48,$-34,$202,$315,$5,$3,$0,$3,$-6,$-2,$2,$-1,$-6,$2,$-4,$0,$0,$0,$0,$0,$0,$-4,$2,$0,$2,$0,$0,$-0,$-1,$1,$-1,$0,$-0
3,2017-12-31,25.15,$14.54,1.73,$18.90,1.33,$2.43,10.34,$1.07,23.5,$0.19B,$0.05B,3.69,$0.03B,$0.19B,0.15,$0.25B,$0.10B,38.98%,$0.25B,$0.02B,8.66%,$0.25B,$0.02B,8.66%,$0.25B,$0.03B,12.60%,$0.25B,$0.02B,8.27%,$0.25B,$0.01B,5.51%,$0.01B,$0.19B,7.57%,$0.01B,$0.15B,9.66%,$0.01B,$0.31B,4.81%,$0.02B,$0.22B,10.20%,$69,$43,$27,$0,$20,$63,$6,$-0,$6,$2,$4,$4,$4,$9,$6,$13,13,$0.34,$0.33,$74,$60,$0,$191,$56,$0,$40,$20,$115,$307,$52,$28,$14,$61,$113,$1,$43,$-35,$193,$307,$14,$11,$6,$17,$-11,$-4,$2,$4,$-8,$23,$-6,$0,$0,$0,$0,$0,$0,$-6,$-3,$0,$-3,$0,$0,$-0,$-0,$-3,$16,$1,$-0
4,2017-09-30,24.4,$14.26,1.71,$17.91,1.36,$1.62,15.1,$0.96,25.42,$0.18B,$0.05B,3.92,$0.03B,$0.19B,0.16,$0.24B,$0.09B,38.59%,$0.24B,$0.02B,8.71%,$0.24B,$0.02B,8.71%,$0.24B,$0.03B,12.86%,$0.24B,$0.02B,8.30%,$0.24B,$0.01B,5.39%,$0.01B,$0.19B,7.23%,$0.01B,$0.15B,9.34%,$0.01B,$0.30B,4.61%,$0.02B,$0.22B,9.93%,$63,$39,$24,$0,$18,$57,$6,$1,$7,$2,$4,$4,$4,$8,$6,$13,13,$0.32,$0.32,$70,$59,$0,$182,$54,$0,$40,$20,$114,$296,$46,$30,$14,$60,$106,$1,$39,$-34,$190,$296,$10,$8,$2,$10,$-7,$-3,$1,$4,$-5,$15,$-4,$0,$0,$0,$0,$0,$0,$-4,$-2,$0,$-2,$0,$0,$-0,$-0,$-2,$11,$1,$-0
5,2017-06-30,17.3,$13.73,1.26,$17.30,1.0,$0.86,20.23,$0.72,24.03,$0.17B,$0.04B,4.04,$0.03B,$0.18B,0.17,$0.23B,$0.09B,38.36%,$0.23B,$0.02B,7.76%,$0.23B,$0.02B,7.76%,$0.23B,$0.03B,12.07%,$0.23B,$0.02B,6.47%,$0.23B,$0.01B,4.31%,$0.01B,$0.18B,5.67%,$0.01B,$0.14B,7.37%,$0.01B,$0.29B,3.62%,$0.02B,$0.21B,8.60%,$62,$38,$25,$0,$19,$56,$6,$-1,$5,$1,$4,$4,$4,$8,$6,$13,13,$0.27,$0.27,$63,$57,$0,$171,$54,$0,$40,$20,$114,$285,$42,$31,$14,$60,$103,$1,$34,$-37,$182,$285,$6,$5,$1,$6,$-7,$-1,$1,$2,$-4,$7,$-3,$0,$0,$0,$0,$0,$0,$-3,$-1,$0,$-1,$0,$0,$-0,$-0,$-2,$5,$0,$-0
6,2017-03-31,15.8,$13.24,1.19,$16.99,0.93,$0.23,69.3,$0.59,26.78,$0.16B,$0.04B,4.02,$0.03B,$0.18B,0.19,$0.23B,$0.09B,37.28%,$0.23B,$0.01B,6.14%,$0.23B,$0.01B,6.14%,$0.23B,$0.03B,10.96%,$0.23B,$0.01B,4.82%,$0.23B,$0.01B,3.51%,$0.01B,$0.18B,4.57%,$0.01B,$0.14B,5.98%,$0.01B,$0.28B,2.94%,$0.01B,$0.21B,6.71%,$60,$37,$23,$0,$18,$56,$4,$-1,$3,$1,$2,$2,$2,$7,$4,$13,13,$0.15,$0.15,$59,$56,$0,$162,$55,$0,$40,$20,$115,$277,$40,$33,$13,$62,$102,$1,$31,$-39,$175,$277,$2,$3,$-0,$3,$-3,$0,$1,$-0,$-2,$3,$-2,$0,$0,$0,$0,$0,$0,$-2,$-1,$0,$-1,$0,$0,$-0,$-0,$-1,$1,$0,$-0
7,2016-12-31,18.9,$13.00,1.45,$16.77,1.13,$0.04,448.93,$0.48,39.38,$0.16B,$0.04B,4.22,$0.03B,$0.17B,0.2,$0.23B,$0.08B,36.44%,$0.23B,$0.01B,4.89%,$0.23B,$0.01B,4.89%,$0.23B,$0.02B,9.78%,$0.23B,$0.01B,4.00%,$0.23B,$0.01B,2.67%,$0.01B,$0.17B,3.43%,$0.01B,$0.13B,4.41%,$0.01B,$0.27B,2.23%,$0.01B,$0.21B,5.28%,$56,$35,$21,$0,$16,$50,$5,$-0,$5,$2,$3,$3,$3,$8,$5,$13,13,$0.23,$0.22,$58,$56,$0,$156,$55,$0,$40,$19,$115,$271,$37,$34,$13,$62,$99,$1,$29,$-40,$172,$271,$6,$11,$-1,$10,$1,$-2,$0,$-5,$-5,$12,$-6,$0,$-11,$0,$0,$0,$0,$-17,$3,$0,$3,$0,$0,$-0,$-0,$3,$-4,$0,$-0
8,2016-09-30,16.03,$13.41,1.2,$16.98,0.94,$-0.02,0.0,$-0.76,0.0,$0.16B,$0.04B,3.95,$0.03B,$0.18B,0.2,$0.23B,$0.08B,35.96%,$0.23B,$0.01B,3.07%,$0.23B,$0.01B,3.07%,$0.23B,$0.02B,7.89%,$0.23B,$0.00B,1.75%,$0.23B,$-0.01B,-4.39%,$-0.01B,$0.18B,-5.71%,$-0.01B,$0.14B,-7.21%,$-0.01B,$0.27B,-3.74%,$0.01B,$0.21B,3.37%,$54,$34,$20,$0,$17,$52,$3,$-0,$2,$1,$1,$1,$1,$5,$3,$13,13,$0.08,$0.08,$56,$58,$2,$161,$54,$0,$42,$15,$111,$272,$41,$34,$8,$54,$95,$1,$26,$-32,$177,$272,$3,$8,$-1,$8,$2,$-3,$0,$-4,$-5,$7,$-6,$0,$-11,$0,$0,$0,$0,$-17,$3,$0,$3,$0,$0,$-0,$-0,$3,$-7,$0,$-0
9,2016-06-30,13.42,$13.36,1.0,$17.20,0.78,$-0.23,0.0,$-0.99,0.0,$0.16B,$0.04B,4.16,$0.04B,$0.18B,0.2,$0.23B,$0.08B,35.93%,$0.23B,$0.00B,0.87%,$0.23B,$0.00B,0.87%,$0.23B,$0.02B,8.23%,$0.23B,0,0.00%,$0.23B,$-0.01B,-5.63%,$-0.01B,$0.18B,-7.32%,$-0.01B,$0.13B,-8.86%,$-0.01B,$0.27B,-4.90%,$0.00B,$0.21B,0.98%,$58,$37,$21,$0,$18,$56,$2,$-0,$1,$-1,$2,$2,$2,$5,$2,$13,13,$0.14,$0.14,$52,$58,$2,$157,$55,$0,$42,$15,$112,$269,$38,$35,$8,$55,$93,$1,$25,$-32,$176,$269,$2,$6,$-1,$5,$1,$-2,$0,$-6,$-7,$0,$-4,$0,$-11,$0,$0,$0,$0,$-15,$4,$0,$4,$0,$0,$-0,$-0,$4,$-10,$1,$-0
10,2016-03-31,14.01,$13.29,1.05,$17.19,0.81,$-0.30,0.0,$-1.02,0.0,$0.16B,$0.04B,4.05,$0.03B,$0.18B,0.17,$0.23B,$0.08B,35.62%,$0.23B,$0.00B,0.86%,$0.23B,$0.00B,0.86%,$0.23B,$0.02B,8.15%,$0.23B,$0.00B,0.43%,$0.23B,$-0.01B,-6.01%,$-0.01B,$0.18B,-7.69%,$-0.01B,$0.14B,-9.05%,$-0.01B,$0.27B,-5.26%,$0.00B,$0.21B,0.99%,$57,$37,$20,$0,$18,$56,$1,$0,$1,$1,$0,$0,$0,$4,$1,$13,13,$0.04,$0.04,$61,$57,$0,$162,$57,$0,$31,$15,$103,$265,$40,$31,$7,$50,$90,$1,$23,$-31,$175,$265,$0,$3,$-0,$3,$1,$-1,$1,$-3,$-2,$1,$-2,$0,$0,$0,$0,$0,$0,$-2,$-1,$0,$-1,$0,$0,$-0,$-0,$-1,$-1,$0,$-0
11,2015-12-31,11.32,$13.09,0.86,$17.02,0.67,$-0.56,0.0,$-1.01,0.0,$0.16B,$0.04B,3.94,$0.03B,$0.17B,0.18,$0.23B,$0.08B,36.05%,$0.23B,$0.00B,1.29%,$0.23B,$0.00B,1.29%,$0.23B,$0.02B,8.58%,$0.23B,$0.00B,0.43%,$0.23B,$-0.01B,-5.58%,$-0.01B,$0.17B,-6.93%,$-0.01B,$0.14B,-8.07%,$-0.01B,$0.26B,-4.83%,$0.00B,$0.20B,1.47%,$59,$38,$21,$0,$16,$58,$1,$-1,$-0,$13,$-13,$-13,$-13,$4,$1,$13,13,$-0.98,$-0.98,$63,$56,$0,$162,$57,$0,$30,$15,$102,$264,$41,$31,$7,$50,$91,$1,$22,$-33,$172,$264,$-13,$16,$15,$31,$1,$-4,$-3,$2,$-4,$14,$-10,$0,$-20,$0,$0,$0,$0,$-30,$11,$0,$11,$-9,$-9,$-0,$-1,$1,$-17,$1,$-0
12,2015-09-30,11.59,$14.23,0.81,$16.98,0.68,$0.13,89.22,$-0.31,0.0,$0.17B,$0.04B,4.0,$0.01B,$0.19B,0.07,$0.23B,$0.08B,35.47%,$0.23B,$-0.00B,-0.85%,$0.23B,$-0.00B,-0.85%,$0.23B,$0.02B,8.55%,$0.23B,$-0.00B,-1.71%,$0.23B,$-0.01B,-2.14%,$-0.01B,$0.19B,-2.57%,$-0.01B,$0.17B,-2.98%,$-0.01B,$0.26B,-1.82%,$-0.00B,$0.20B,-0.97%,$57,$36,$21,$0,$18,$59,$-2,$-1,$-2,$-0,$-2,$-2,$-2,$6,$-2,$13,13,$-0.15,$-0.15,$63,$56,$0,$172,$50,$0,$20,$21,$91,$263,$43,$13,$7,$33,$76,$1,$36,$-31,$187,$263,$0,$13,$3,$16,$-1,$-5,$-2,$-3,$-11,$5,$-7,$0,$0,$0,$0,$0,$0,$-7,$-4,$0,$-4,$-9,$-9,$-0,$0,$-13,$-16,$1,$-0
13,2015-06-30,15.06,$14.41,1.04,$17.23,0.87,$0.79,19.18,$0.06,251.0,$0.17B,$0.05B,3.22,$0.01B,$0.19B,0.02,$0.24B,$0.09B,35.83%,$0.24B,$0.00B,1.67%,$0.24B,$0.00B,1.67%,$0.24B,$0.02B,8.75%,$0.24B,$0.00B,0.83%,$0.24B,0,0.00%,$0.00B,$0.19B,0.00%,$0.00B,$0.17B,0.00%,$0.00B,$0.27B,0.00%,$0.00B,$0.20B,1.86%,$60,$38,$21,$0,$18,$57,$2,$-1,$2,$0,$1,$1,$1,$5,$2,$14,14,$0.11,$0.11,$65,$56,$0,$174,$50,$0,$27,$20,$98,$272,$54,$5,$7,$25,$79,$1,$38,$-29,$194,$272,$2,$6,$2,$8,$-2,$-4,$-2,$-3,$-10,$-0,$-5,$0,$0,$0,$0,$0,$0,$-5,$-2,$0,$-2,$-6,$-6,$-0,$0,$-8,$-14,$0,$-0
14,2015-03-31,15.93,$14.44,1.1,$17.58,0.91,$1.26,12.67,$0.20,79.65,$0.18B,$0.04B,4.09,$0.02B,$0.20B,0.08,$0.25B,$0.09B,36.73%,$0.25B,$0.01B,2.86%,$0.25B,$0.01B,2.86%,$0.25B,$0.02B,9.80%,$0.25B,$0.01B,2.04%,$0.25B,$0.00B,1.22%,$0.00B,$0.20B,1.47%,$0.00B,$0.17B,1.76%,$0.00B,$0.28B,1.04%,$0.01B,$0.21B,3.14%,$57,$36,$21,$0,$19,$54,$2,$-1,$1,$0,$1,$1,$1,$5,$2,$14,14,$0.06,$0.06,$70,$56,$0,$179,$50,$0,$28,$21,$98,$277,$44,$16,$7,$37,$81,$1,$37,$-31,$197,$277,$1,$3,$2,$5,$-1,$-4,$-0,$-4,$-8,$-2,$-3,$0,$0,$0,$0,$0,$0,$-3,$-1,$0,$-1,$-1,$-1,$-0,$0,$-3,$-9,$0,$-0
15,2014-12-31,17.16,$14.53,1.18,$17.90,0.96,$1.64,10.48,$0.27,63.56,$0.18B,$0.05B,3.7,$0.02B,$0.20B,0.09,$0.25B,$0.09B,36.55%,$0.25B,$0.01B,3.21%,$0.25B,$0.01B,3.21%,$0.25B,$0.03B,10.04%,$0.25B,$0.01B,2.41%,$0.25B,$0.00B,1.61%,$0.00B,$0.20B,1.93%,$0.00B,$0.17B,2.36%,$0.00B,$0.29B,1.37%,$0.01B,$0.22B,3.54%,$60,$40,$20,$0,$19,$65,$-4,$-0,$-5,$1,$-5,$-5,$-5,$4,$-4,$14,14,$-0.40,$-0.39,$80,$53,$0,$181,$51,$0,$30,$26,$106,$287,$49,$18,$8,$38,$87,$1,$35,$-27,$200,$287,$3,$17,$-0,$17,$0,$-0,$1,$3,$3,$23,$-9,$0,$0,$0,$0,$0,$0,$-9,$-4,$0,$-4,$-0,$-0,$-0,$0,$-4,$7,$1,$-0
16,2014-09-30,14.94,$15.27,0.98,$17.92,0.83,$1.19,12.6,$0.67,22.3,$0.19B,$0.05B,4.17,$0.02B,$0.21B,0.09,$0.25B,$0.09B,37.60%,$0.25B,$0.02B,6.00%,$0.25B,$0.02B,6.00%,$0.25B,$0.03B,10.80%,$0.25B,$0.01B,5.60%,$0.25B,$0.01B,4.00%,$0.01B,$0.21B,4.81%,$0.01B,$0.17B,5.96%,$0.01B,$0.29B,3.42%,$0.02B,$0.23B,6.57%,$63,$40,$24,$0,$20,$60,$4,$-0,$4,$1,$3,$3,$3,$7,$4,$14,14,$0.24,$0.23,$75,$54,$0,$187,$48,$0,$38,$20,$106,$293,$45,$19,$8,$38,$83,$1,$41,$-22,$210,$293,$8,$9,$1,$10,$-4,$-0,$0,$-2,$-5,$12,$-6,$0,$0,$0,$0,$0,$0,$-6,$-3,$0,$-3,$0,$0,$-0,$0,$-3,$3,$1,$-0
17,2014-06-30,16.46,$15.31,1.08,$17.52,0.94,$0.85,19.3,$0.56,29.39,$0.19B,$0.04B,4.21,$0.02B,$0.21B,0.1,$0.25B,$0.09B,36.33%,$0.25B,$0.01B,4.90%,$0.25B,$0.01B,4.90%,$0.25B,$0.02B,9.80%,$0.25B,$0.01B,4.49%,$0.25B,$0.01B,3.27%,$0.01B,$0.21B,3.89%,$0.01B,$0.17B,4.86%,$0.01B,$0.30B,2.74%,$0.01B,$0.23B,5.27%,$65,$40,$25,$0,$20,$60,$5,$-0,$5,$1,$4,$4,$4,$8,$5,$14,14,$0.26,$0.26,$72,$55,$0,$186,$49,$0,$40,$20,$109,$295,$44,$20,$8,$40,$84,$1,$38,$-18,$211,$295,$5,$6,$1,$7,$-5,$0,$-0,$-2,$-7,$5,$-3,$0,$0,$0,$0,$0,$0,$-3,$-2,$0,$-2,$0,$0,$-0,$0,$-2,$-0,$0,$-0
18,2014-03-31,17.38,$14.94,1.16,$17.36,1.0,$0.90,19.28,$0.40,43.45,$0.18B,$0.04B,4.15,$0.02B,$0.21B,0.11,$0.24B,$0.09B,35.39%,$0.24B,$0.01B,4.12%,$0.24B,$0.01B,4.12%,$0.24B,$0.02B,9.05%,$0.24B,$0.01B,3.29%,$0.24B,$0.01B,2.06%,$0.01B,$0.21B,2.48%,$0.01B,$0.17B,3.14%,$0.01B,$0.29B,1.72%,$0.01B,$0.23B,4.43%,$61,$39,$22,$0,$19,$58,$3,$-1,$2,$0,$2,$2,$2,$6,$3,$14,14,$0.12,$0.12,$72,$55,$0,$184,$49,$0,$39,$18,$107,$291,$44,$22,$8,$41,$85,$1,$34,$-19,$206,$291,$2,$3,$1,$4,$-2,$-0,$0,$-2,$-4,$2,$-2,$0,$0,$0,$0,$0,$0,$-2,$-1,$0,$-1,$0,$0,$-0,$0,$-1,$-1,$0,$-0
19,2013-12-31,14.89,$14.82,1.0,$17.11,0.87,$0.73,20.32,$0.37,40.24,$0.18B,$0.05B,4.0,$0.02B,$0.20B,0.11,$0.24B,$0.08B,35.15%,$0.24B,$0.01B,3.35%,$0.24B,$0.01B,3.35%,$0.24B,$0.02B,8.37%,$0.24B,$0.01B,2.93%,$0.24B,$0.00B,1.26%,$0.00B,$0.20B,1.51%,$0.00B,$0.16B,1.94%,$0.00B,$0.29B,1.03%,$0.01B,$0.23B,3.54%,$61,$38,$23,$0,$19,$57,$3,$-0,$3,$2,$1,$1,$1,$6,$3,$14,14,$0.09,$0.09,$73,$55,$0,$184,$49,$0,$41,$18,$109,$292,$46,$23,$8,$43,$89,$1,$33,$-19,$204,$292,$4,$12,$-0,$12,$-6,$5,$0,$-1,$-2,$15,$-7,$0,$-49,$0,$0,$0,$0,$-56,$22,$0,$22,$0,$0,$-0,$-0,$21,$-21,$1,$-0
20,2013-09-30,14.55,$14.69,0.99,$16.44,0.88,$1.11,13.09,$0.66,22.05,$0.18B,$0.04B,4.3,$0.02B,$0.20B,0.12,$0.23B,$0.08B,34.50%,$0.23B,$0.01B,3.06%,$0.23B,$0.01B,3.06%,$0.23B,$0.02B,7.86%,$0.23B,$0.01B,2.18%,$0.23B,$0.01B,3.06%,$0.01B,$0.20B,3.55%,$0.01B,$0.16B,4.35%,$0.01B,$0.29B,2.47%,$0.01B,$0.23B,3.16%,$58,$38,$19,$0,$18,$57,$1,$-0,$1,$-1,$1,$1,$1,$4,$1,$14,14,$0.11,$0.11,$68,$55,$0,$178,$49,$0,$42,$19,$111,$289,$41,$24,$8,$46,$87,$1,$32,$-20,$202,$289,$3,$9,$-1,$8,$-3,$5,$-2,$-5,$-5,$6,$-4,$0,$-49,$0,$0,$0,$0,$-53,$23,$0,$23,$0,$0,$-0,$-0,$22,$-26,$1,$-0
21,2013-06-30,15.14,$14.31,1.06,$16.29,0.93,$1.52,9.96,$0.69,21.94,$0.18B,$0.04B,4.2,$0.03B,$0.19B,0.16,$0.23B,$0.08B,34.96%,$0.23B,$0.01B,3.98%,$0.23B,$0.01B,3.98%,$0.23B,$0.02B,8.85%,$0.23B,$0.01B,3.10%,$0.23B,$0.01B,3.54%,$0.01B,$0.19B,4.10%,$0.01B,$0.15B,4.78%,$0.01B,$0.29B,2.89%,$0.01B,$0.22B,4.16%,$63,$41,$22,$0,$19,$60,$3,$-1,$2,$0,$1,$1,$1,$6,$3,$13,14,$0.10,$0.09,$68,$56,$0,$176,$49,$0,$43,$19,$111,$288,$42,$31,$7,$53,$95,$1,$30,$-22,$193,$288,$2,$6,$0,$6,$-4,$4,$-1,$-3,$-4,$4,$-2,$0,$-49,$0,$0,$0,$0,$-51,$23,$0,$23,$0,$0,$-0,$-0,$23,$-26,$1,$-0
22,2013-03-31,14.69,$14.61,1.01,$15.77,0.93,$1.52,9.68,$0.81,18.14,$0.18B,$0.04B,3.96,$0.03B,$0.20B,0.17,$0.22B,$0.08B,35.32%,$0.22B,$0.01B,4.59%,$0.22B,$0.01B,4.59%,$0.22B,$0.02B,9.63%,$0.22B,$0.01B,4.13%,$0.22B,$0.01B,4.59%,$0.01B,$0.20B,5.16%,$0.01B,$0.15B,5.72%,$0.01B,$0.30B,3.72%,$0.01B,$0.23B,4.76%,$57,$37,$20,$0,$18,$56,$1,$-1,$1,$0,$0,$0,$0,$4,$1,$13,14,$0.03,$0.03,$65,$58,$0,$175,$52,$0,$50,$18,$119,$295,$44,$32,$8,$55,$99,$1,$30,$-18,$196,$295,$0,$3,$-0,$3,$-2,$-0,$0,$-3,$-5,$-1,$-1,$0,$-50,$0,$0,$0,$0,$-51,$24,$0,$24,$0,$0,$-0,$-0,$24,$-29,$0,$-0
23,2012-12-31,13.22,$14.72,0.9,$15.68,0.84,$1.79,7.37,$0.84,15.74,$0.19B,$0.03B,5.79,$0.01B,$0.20B,0.06,$0.22B,$0.08B,35.02%,$0.22B,$0.01B,5.07%,$0.22B,$0.01B,5.07%,$0.22B,$0.02B,10.14%,$0.22B,$0.01B,4.61%,$0.22B,$0.01B,5.53%,$0.01B,$0.20B,6.26%,$0.01B,$0.19B,6.57%,$0.01B,$0.26B,4.62%,$0.01B,$0.21B,5.42%,$51,$33,$18,$0,$16,$49,$2,$-0,$1,$-4,$5,$5,$5,$4,$2,$13,14,$0.38,$0.37,$94,$49,$0,$186,$52,$0,$8,$17,$77,$263,$32,$11,$7,$34,$66,$1,$28,$-15,$197,$263,$12,$12,$-2,$10,$5,$-2,$-2,$-2,$-0,$21,$-8,$0,$0,$0,$0,$0,$0,$-8,$-0,$0,$-0,$0,$0,$-0,$0,$-0,$13,$1,$-0
24,2012-09-30,13.98,$14.50,0.96,$16.08,0.87,$0.81,17.27,$0.56,24.96,$0.19B,$0.03B,5.57,$0.01B,$0.19B,0.06,$0.22B,$0.08B,34.68%,$0.22B,$0.01B,4.95%,$0.22B,$0.01B,4.95%,$0.22B,$0.02B,10.36%,$0.22B,$0.01B,4.95%,$0.22B,$0.01B,3.60%,$0.01B,$0.19B,4.24%,$0.01B,$0.19B,4.47%,$0.01B,$0.26B,3.09%,$0.01B,$0.21B,5.50%,$55,$37,$19,$0,$16,$52,$3,$-0,$3,$1,$2,$2,$2,$6,$3,$13,14,$0.15,$0.14,$89,$49,$0,$187,$53,$0,$9,$14,$76,$263,$34,$11,$8,$35,$69,$1,$23,$-12,$194,$263,$7,$9,$2,$10,$1,$-1,$-1,$-2,$-3,$14,$-6,$0,$0,$0,$0,$0,$0,$-6,$-0,$0,$-0,$0,$0,$-0,$0,$-0,$8,$1,$-0
25,2012-06-30,13.95,$14.08,0.99,$16.43,0.85,$0.20,70.35,$0.66,21.14,$0.18B,$0.03B,5.59,$0.01B,$0.19B,0.06,$0.23B,$0.08B,34.80%,$0.23B,$0.01B,5.73%,$0.23B,$0.01B,5.73%,$0.23B,$0.03B,11.01%,$0.23B,$0.01B,5.29%,$0.23B,$0.01B,3.96%,$0.01B,$0.19B,4.81%,$0.01B,$0.18B,5.09%,$0.01B,$0.26B,3.48%,$0.01B,$0.20B,6.54%,$55,$35,$20,$0,$16,$51,$4,$0,$4,$1,$3,$3,$3,$7,$4,$13,14,$0.22,$0.21,$82,$50,$0,$179,$53,$0,$9,$14,$76,$255,$32,$11,$8,$35,$67,$1,$21,$-16,$188,$255,$5,$6,$1,$6,$-0,$-2,$-2,$-2,$-5,$6,$-4,$0,$0,$0,$0,$0,$0,$-4,$-0,$0,$-0,$0,$0,$-0,$0,$-0,$1,$1,$-0
26,2012-03-31,14.83,$14.07,1.05,$16.94,0.88,$-0.30,0.0,$0.67,22.13,$0.18B,$0.04B,5.02,$0.01B,$0.19B,0.06,$0.23B,$0.08B,34.62%,$0.23B,$0.01B,5.98%,$0.23B,$0.01B,5.98%,$0.23B,$0.03B,11.11%,$0.23B,$0.01B,5.56%,$0.23B,$0.01B,3.85%,$0.01B,$0.19B,4.81%,$0.01B,$0.18B,5.14%,$0.01B,$0.26B,3.48%,$0.01B,$0.20B,7.06%,$56,$37,$19,$0,$17,$53,$2,$0,$2,$1,$2,$2,$2,$5,$2,$13,14,$0.12,$0.12,$83,$50,$0,$181,$54,$0,$10,$14,$78,$259,$36,$11,$8,$35,$71,$1,$18,$-13,$188,$259,$2,$3,$0,$3,$0,$-1,$1,$-1,$-1,$4,$-2,$0,$0,$0,$0,$0,$0,$-2,$-0,$0,$-0,$0,$0,$0,$0,$-0,$2,$0,$0
27,2011-12-31,15.98,$13.86,1.15,$17.23,0.93,$-0.79,0.0,$0.79,20.23,$0.18B,$0.04B,4.84,$0.01B,$0.19B,0.06,$0.24B,$0.08B,34.87%,$0.24B,$0.02B,7.14%,$0.24B,$0.02B,7.14%,$0.24B,$0.03B,11.76%,$0.24B,$0.02B,6.72%,$0.24B,$0.01B,4.20%,$0.01B,$0.19B,5.38%,$0.01B,$0.17B,5.78%,$0.01B,$0.26B,3.89%,$0.02B,$0.20B,8.62%,$56,$38,$19,$0,$17,$55,$2,$-0,$2,$0,$1,$1,$1,$5,$2,$13,14,$0.09,$0.08,$81,$49,$0,$178,$54,$0,$11,$14,$79,$257,$37,$11,$8,$35,$72,$1,$17,$-14,$185,$257,$11,$11,$-1,$10,$0,$-3,$-0,$-2,$-5,$16,$-16,$0,$0,$0,$0,$0,$0,$-16,$-0,$-0,$-0,$0,$0,$-0,$0,$-0,$-1,$1,$-0
28,2011-09-30,13.18,$14.12,0.93,$17.12,0.77,$0.21,61.65,$0.94,14.02,$0.19B,$0.04B,4.65,$0.01B,$0.19B,0.06,$0.24B,$0.09B,35.86%,$0.24B,$0.02B,8.44%,$0.24B,$0.02B,8.44%,$0.24B,$0.03B,13.08%,$0.24B,$0.02B,7.59%,$0.24B,$0.01B,5.06%,$0.01B,$0.19B,6.53%,$0.01B,$0.18B,7.06%,$0.01B,$0.26B,4.71%,$0.02B,$0.20B,10.23%,$60,$39,$21,$0,$16,$55,$5,$-1,$4,$1,$3,$3,$3,$8,$5,$13,14,$0.25,$0.24,$83,$50,$0,$185,$51,$0,$12,$13,$77,$262,$40,$12,$7,$34,$74,$1,$15,$-9,$188,$262,$10,$8,$-1,$7,$-3,$-3,$2,$-4,$-7,$10,$-10,$0,$0,$0,$0,$0,$0,$-10,$-0,$1,$1,$0,$0,$-0,$0,$1,$1,$1,$-0
29,2011-06-30,16.88,$13.99,1.21,$16.53,1.02,$1.31,12.88,$0.89,18.97,$0.18B,$0.04B,5.22,$0.01B,$0.19B,0.06,$0.23B,$0.08B,36.24%,$0.23B,$0.02B,8.73%,$0.23B,$0.02B,8.73%,$0.23B,$0.03B,13.10%,$0.23B,$0.02B,7.86%,$0.23B,$0.01B,5.24%,$0.01B,$0.19B,6.69%,$0.01B,$0.17B,7.27%,$0.01B,$0.26B,4.79%,$0.02B,$0.20B,10.46%,$62,$40,$22,$0,$17,$57,$5,$-0,$5,$2,$3,$3,$3,$8,$5,$13,14,$0.22,$0.22,$80,$49,$0,$181,$48,$0,$13,$13,$75,$256,$35,$11,$8,$34,$69,$1,$12,$-8,$187,$256,$6,$6,$-2,$4,$-4,$-1,$1,$-6,$-10,$0,$-5,$0,$0,$0,$0,$0,$0,$-5,$-0,$1,$1,$0,$0,$-0,$0,$1,$-2,$0,$-0
30,2011-03-31,15.67,$13.73,1.14,$16.00,0.98,$2.07,7.56,$0.97,16.15,$0.18B,$0.04B,5.05,$0.01B,$0.18B,0.06,$0.22B,$0.08B,36.82%,$0.22B,$0.02B,9.55%,$0.22B,$0.02B,9.55%,$0.22B,$0.03B,14.55%,$0.22B,$0.02B,8.64%,$0.22B,$0.01B,5.91%,$0.01B,$0.18B,7.57%,$0.01B,$0.17B,8.29%,$0.01B,$0.25B,5.34%,$0.02B,$0.20B,11.60%,$60,$39,$21,$0,$16,$55,$5,$0,$5,$2,$3,$3,$3,$7,$5,$13,14,$0.25,$0.24,$79,$49,$0,$177,$48,$0,$14,$14,$76,$253,$35,$12,$8,$34,$70,$1,$9,$-8,$183,$253,$3,$3,$-3,$-0,$-2,$-1,$1,$-3,$-6,$-2,$-3,$0,$0,$0,$0,$0,$0,$-3,$0,$1,$1,$0,$0,$-0,$0,$1,$-3,$0,$-0
