,Date,Stock Price,Book Value per Share,Price to Book Ratio,TTM Sales per Share,Price to Sales Ratio,TTM FCF per Share,Price to FCF Ratio,TTM Net EPS,PE Ratio,Current Assets,Current Liabilities,Current Ratio,Long Term Debt,Shareholder's Equity_x,Debt to Equity Ratio,TTM Revenue_x,TTM Gross Profit,Gross Margin,TTM Revenue_y,TTM Operating Income,Operating Margin,TTM Revenue_x,TTM EBIT,EBIT Margin,TTM Revenue_y,TTM EBITDA,EBITDA Margin,TTM Revenue_x,TTM Pre-Tax Income,Pre-Tax Margin,TTM Revenue_y,TTM Net Income_x,Net Margin,TTM Net Income_y,Shareholder's Equity_y,Return on Equity,TTM Net Income_x,Tangible Equity,Return on Tangible Equity,TTM Net Income_y,Total Assets,Return on Assets,TTM Net Income,LT Investments & Debt,Return on Investment,revenue,cost-goods-sold,gross-profit,research-development-expenses,selling-general-administrative-expenses,operating-expenses,operating-income,total-non-operating-income-expense,pre-tax-income,total-provision-income-taxes,income-after-taxes,income-from-continuous-operations,net-income,ebitda,ebit,basic-shares-outstanding,shares-outstanding,eps-basic-net-earnings-per-share,eps-earnings-per-share-diluted,cash-on-hand,inventory,other-current-assets,total-current-assets,net-property-plant-equipment,long-term-investments,goodwill-intangible-assets-total,other-long-term-assets,total-long-term-assets,total-assets,total-current-liabilities,long-term-debt,other-non-current-liabilities,total-long-term-liabilities,total-liabilities,common-stock-net,retained-earnings-accumulated-deficit,comprehensive-income,total-share-holder-equity,total-liabilities-share-holders-equity,net-income-loss,total-depreciation-amortization-cash-flow,other-non-cash-items,total-non-cash-items,change-in-accounts-receivable,change-in-inventories,change-in-accounts-payable,change-in-assets-liabilities,total-change-in-assets-liabilities,cash-flow-from-operating-activities,net-change-in-property-plant-equipment,net-change-in-intangible-assets,net-acquisitions-divestitures,net-change-in-short-term-investments,net-change-in-long-term-investments,net-change-in-investments-total,investing-activities-other,cash-flow-from-investing-activities,net-long-term-debt,net-current-debt,debt-issuance-retirement-net-total,net-common-equity-issued-repurchased,net-total-equity-issued-repurchased,total-common-preferred-stock-dividends-paid,financial-activities-other,cash-flow-from-financial-activities,net-cash-flow,stock-based-compensation,common-stock-dividends-paid
0,2018-07-31,44.9,$18.33,2.45,$18.56,2.42,$5.31,8.46,$0.60,74.83,$0.91B,$0.58B,1.57,$0.77B,$1.19B,0.65,$1.20B,$0.74B,62.09%,$1.20B,$0.09B,7.62%,$1.20B,$0.09B,7.62%,$1.20B,$0.20B,16.57%,$1.20B,$0.06B,4.85%,$1.20B,$0.04B,3.26%,$0.04B,$1.19B,3.42%,$0.04B,$-0.39B,-9.03%,$0.04B,$2.70B,1.50%,$0.09B,$1.96B,4.77%,$306,$113,$193,$52,$104,$277,$29,$-10,$19,$-4,$23,$23,$22,$53,$29,$65,66,$0.34,$0.33,$419,$20,$81,$913,$93,$0,$1584,$100,$1791,$2704,$582,$773,$159,$932,$1514,$0,$-181,$-144,$1190,$2704,$22,$51,$29,$79,$46,$0,$0,$-28,$3,$104,$-21,$0,$-27,$7,$-9,$-2,$-22,$-72,$-3,$0,$-3,$-0,$-0,$-1,$-10,$-14,$14,$34,$-1
1,2018-04-30,42.1,$18.17,2.32,$18.25,2.31,$5.34,7.88,$0.17,247.65,$0.92B,$0.60B,1.53,$0.77B,$1.16B,0.66,$1.16B,$0.71B,61.25%,$1.16B,$0.07B,5.67%,$1.16B,$0.07B,5.67%,$1.16B,$0.18B,15.29%,$1.16B,$0.04B,3.26%,$1.16B,$0.01B,0.95%,$0.01B,$1.16B,0.99%,$0.01B,$-0.42B,-2.47%,$0.01B,$2.70B,0.43%,$0.07B,$1.93B,3.52%,$289,$114,$175,$52,$107,$281,$8,$-9,$-1,$0,$-1,$-1,$-2,$35,$8,$64,64,$-0.03,$-0.03,$424,$18,$88,$919,$90,$0,$1584,$93,$1781,$2700,$602,$771,$164,$935,$1537,$0,$-202,$-123,$1163,$2700,$-1,$27,$15,$41,$45,$2,$0,$-24,$20,$60,$-9,$0,$0,$0,$-3,$-3,$0,$-11,$-1,$0,$-1,$-0,$-0,$-1,$-3,$-5,$43,$16,$-1
2,2018-01-31,41.75,$17.74,2.35,$17.91,2.33,$5.38,7.76,$-0.12,0.0,$0.78B,$0.51B,1.55,$0.77B,$1.13B,0.68,$1.14B,$0.69B,60.56%,$1.14B,$0.05B,4.31%,$1.14B,$0.05B,4.31%,$1.14B,$0.17B,14.61%,$1.14B,$0.02B,1.67%,$1.14B,$-0.01B,-0.62%,$-0.01B,$1.13B,-0.65%,$-0.01B,$-0.48B,1.52%,$-0.01B,$2.58B,-0.28%,$0.05B,$1.90B,2.67%,$319,$114,$205,$49,$112,$282,$36,$-5,$31,$13,$18,$18,$17,$65,$36,$63,63,$0.28,$0.28,$378,$20,$0,$782,$89,$0,$1614,$83,$1798,$2581,$506,$768,$174,$943,$1448,$0,$-238,$-103,$1132,$2581,$-3,$117,$64,$181,$-24,$-3,$0,$15,$-1,$176,$-39,$0,$-103,$0,$-3,$-3,$0,$-144,$12,$0,$12,$0,$0,$-3,$-15,$-6,$31,$69,$-3
3,2017-10-31,42.2,$16.83,2.51,$17.60,2.4,$5.48,7.7,$-0.25,0.0,$0.77B,$0.46B,1.67,$0.77B,$1.07B,0.71,$1.11B,$0.66B,59.57%,$1.11B,$0.03B,2.88%,$1.11B,$0.03B,2.88%,$1.11B,$0.15B,13.66%,$1.11B,$-0.01B,-0.54%,$1.11B,$-0.02B,-1.44%,$-0.02B,$1.07B,-1.54%,$-0.02B,$-0.43B,3.47%,$-0.02B,$2.44B,-0.66%,$0.03B,$1.84B,1.78%,$281,$111,$169,$47,$97,$263,$18,$-9,$9,$6,$3,$3,$2,$45,$18,$64,65,$0.04,$0.04,$382,$20,$0,$772,$85,$0,$1505,$70,$1671,$2443,$462,$766,$118,$908,$1370,$0,$-255,$-132,$1073,$2443,$-22,$88,$52,$141,$-16,$-2,$0,$-18,$-23,$96,$-27,$0,$-28,$0,$-3,$-3,$-30,$-89,$14,$0,$14,$0,$0,$-1,$-15,$-1,$5,$50,$-1
4,2017-07-31,39.65,$16.57,2.39,$17.37,2.28,$5.20,7.63,$-0.42,0.0,$0.75B,$0.46B,1.63,$0.76B,$1.06B,0.72,$1.09B,$0.65B,59.58%,$1.09B,$0.02B,1.83%,$1.09B,$0.02B,1.83%,$1.09B,$0.14B,13.20%,$1.09B,$-0.02B,-1.74%,$1.09B,$-0.03B,-2.38%,$-0.03B,$1.06B,-2.54%,$-0.03B,$-0.45B,5.67%,$-0.03B,$2.42B,-1.10%,$0.02B,$1.82B,1.13%,$275,$111,$164,$49,$103,$271,$4,$-5,$-1,$4,$-6,$-6,$-6,$33,$4,$63,63,$-0.10,$-0.10,$409,$19,$0,$754,$81,$0,$1504,$71,$1668,$2422,$464,$764,$115,$902,$1366,$0,$-258,$-132,$1056,$2422,$-25,$61,$42,$103,$17,$-1,$0,$7,$21,$99,$-16,$0,$-17,$2,$-7,$-5,$0,$-38,$15,$0,$15,$0,$0,$-1,$-14,$0,$62,$34,$-1
5,2017-04-30,39.3,$16.32,2.41,$17.20,2.28,$4.74,8.28,$-0.51,0.0,$0.71B,$0.49B,1.45,$0.75B,$1.02B,0.73,$1.08B,$0.65B,59.83%,$1.08B,$0.02B,1.86%,$1.08B,$0.02B,1.86%,$1.08B,$0.15B,13.54%,$1.08B,$-0.03B,-2.60%,$1.08B,$-0.03B,-2.97%,$-0.03B,$1.02B,-3.14%,$-0.03B,$-0.48B,7.08%,$-0.03B,$2.40B,-1.37%,$0.02B,$1.77B,1.14%,$261,$111,$150,$46,$102,$270,$-9,$-11,$-20,$-1,$-19,$-19,$-20,$23,$-9,$62,62,$-0.32,$-0.32,$357,$18,$0,$710,$79,$0,$1506,$91,$1689,$2400,$489,$746,$121,$887,$1376,$0,$-251,$-143,$1023,$2400,$-19,$32,$23,$55,$2,$-1,$0,$21,$21,$60,$-7,$0,$-14,$0,$-1,$-1,$0,$-22,$-1,$0,$-1,$0,$0,$-1,$-1,$-4,$33,$18,$-1
6,2017-01-31,37.35,$16.26,2.3,$16.96,2.2,$4.74,7.89,$-0.47,0.0,$0.67B,$0.46B,1.45,$0.74B,$1.02B,0.73,$1.06B,$0.64B,60.26%,$1.06B,$0.02B,1.69%,$1.06B,$0.02B,1.69%,$1.06B,$0.14B,13.47%,$1.06B,$-0.02B,-2.26%,$1.06B,$-0.03B,-2.73%,$-0.03B,$1.02B,-2.82%,$-0.03B,$-0.49B,6.53%,$-0.03B,$2.36B,-1.24%,$0.02B,$1.76B,1.02%,$296,$116,$180,$42,$107,$276,$19,$-13,$6,$-2,$8,$8,$8,$51,$19,$63,63,$0.13,$0.13,$320,$18,$0,$672,$78,$0,$1500,$77,$1691,$2363,$462,$744,$94,$885,$1348,$0,$-231,$-155,$1015,$2363,$-26,$125,$58,$183,$-0,$-0,$0,$26,$15,$172,$-30,$0,$-142,$0,$53,$53,$-37,$-156,$-3,$0,$-3,$-47,$-47,$-2,$-4,$-57,$-45,$65,$-2
7,2016-10-31,36.0,$15.89,2.27,$16.70,2.16,$4.47,8.05,$-0.32,0.0,$0.67B,$0.41B,1.65,$0.74B,$1.00B,0.75,$1.05B,$0.64B,61.03%,$1.05B,$0.03B,2.48%,$1.05B,$0.03B,2.48%,$1.05B,$0.15B,14.23%,$1.05B,$-0.02B,-1.43%,$1.05B,$-0.02B,-1.81%,$-0.02B,$1.00B,-1.82%,$-0.02B,$-0.42B,4.53%,$-0.02B,$2.26B,-0.81%,$0.03B,$1.74B,1.46%,$259,$103,$156,$41,$99,$253,$6,$-10,$-4,$3,$-7,$-7,$-8,$37,$6,$63,63,$-0.13,$-0.13,$321,$20,$0,$671,$78,$0,$1413,$80,$1591,$2262,$406,$742,$98,$860,$1266,$0,$-239,$-166,$996,$2262,$-35,$93,$55,$148,$4,$-3,$0,$-22,$-42,$72,$-22,$0,$-72,$0,$46,$46,$-32,$-81,$-2,$0,$-2,$-36,$-36,$0,$-4,$-42,$-56,$46,$0
8,2016-07-31,35.27,$16.41,2.15,$17.11,2.06,$4.75,7.42,$-0.07,0.0,$0.73B,$0.45B,1.64,$0.74B,$1.04B,0.71,$1.07B,$0.66B,61.75%,$1.07B,$0.04B,3.92%,$1.07B,$0.04B,3.92%,$1.07B,$0.16B,15.30%,$1.07B,$-0.00B,-0.09%,$1.07B,$-0.00B,-0.28%,$-0.00B,$1.04B,-0.28%,$-0.00B,$-0.42B,0.71%,$-0.00B,$2.34B,-0.13%,$0.04B,$1.78B,2.33%,$262,$102,$159,$43,$101,$258,$4,$-14,$-10,$1,$-11,$-11,$-12,$35,$4,$63,63,$-0.19,$-0.19,$376,$21,$0,$730,$78,$0,$1459,$51,$1609,$2339,$446,$740,$98,$857,$1303,$0,$-231,$-139,$1036,$2339,$-27,$62,$41,$103,$-0,$-3,$0,$-4,$-10,$69,$-16,$0,$-72,$61,$-32,$29,$3,$-57,$-0,$0,$-0,$-17,$-17,$0,$-4,$-22,$-12,$32,$0
9,2016-04-30,33.84,$17.14,1.97,$17.72,1.91,$4.78,7.07,$-0.06,0.0,$0.71B,$0.46B,1.54,$0.74B,$1.07B,0.69,$1.11B,$0.68B,61.48%,$1.11B,$0.05B,4.25%,$1.11B,$0.05B,4.25%,$1.11B,$0.17B,15.19%,$1.11B,$0.01B,0.54%,$1.11B,$0.00B,0.18%,$0.00B,$1.07B,0.19%,$0.00B,$-0.45B,-0.46%,$0.00B,$2.39B,0.08%,$0.05B,$1.80B,2.60%,$245,$101,$145,$45,$100,$257,$-11,$-5,$-16,$0,$-16,$-16,$-17,$20,$-11,$62,62,$-0.28,$-0.28,$383,$21,$0,$712,$80,$0,$1517,$55,$1675,$2388,$461,$738,$102,$860,$1322,$0,$-219,$-99,$1066,$2388,$-16,$31,$20,$51,$26,$-3,$0,$21,$27,$62,$-10,$0,$-70,$0,$8,$8,$1,$-71,$-0,$0,$-0,$-17,$-17,$0,$-4,$-21,$-28,$15,$0
10,2016-01-31,36.61,$17.15,2.13,$18.20,2.01,$4.94,7.41,$0.21,174.33,$0.75B,$0.44B,1.7,$0.74B,$1.07B,0.69,$1.13B,$0.70B,61.98%,$1.13B,$0.07B,6.01%,$1.13B,$0.07B,6.01%,$1.13B,$0.19B,16.36%,$1.13B,$0.02B,2.12%,$1.13B,$0.02B,1.68%,$0.02B,$1.07B,1.80%,$0.02B,$-0.39B,-4.33%,$0.02B,$2.36B,0.80%,$0.07B,$1.80B,3.78%,$281,$102,$179,$43,$98,$254,$27,$-13,$15,$-4,$19,$19,$18,$57,$27,$62,63,$0.29,$0.28,$420,$18,$0,$754,$69,$0,$1454,$36,$1602,$2356,$442,$736,$62,$845,$1288,$0,$-201,$-116,$1068,$2356,$22,$116,$71,$187,$3,$-3,$0,$-38,$-53,$157,$-30,$0,$-31,$0,$-21,$-21,$7,$-76,$-0,$0,$-0,$0,$0,$-3,$-7,$-10,$67,$64,$-3
11,2015-10-31,47.58,$17.25,2.76,$18.98,2.51,$5.70,8.35,0,0.0,$0.74B,$0.42B,1.75,$0.74B,$1.07B,0.69,$1.16B,$0.73B,62.39%,$1.16B,$0.08B,7.14%,$1.16B,$0.08B,7.14%,$1.16B,$0.20B,17.04%,$1.16B,$0.03B,2.75%,$1.16B,$0.01B,0.52%,$0.01B,$1.07B,0.58%,$0.01B,$-0.43B,-1.28%,$0.01B,$2.37B,0.25%,$0.08B,$1.82B,4.66%,$284,$106,$179,$45,$100,$262,$22,$-12,$10,$2,$8,$8,$8,$52,$22,$62,63,$0.12,$0.12,$385,$18,$0,$735,$64,$0,$1507,$38,$1635,$2369,$420,$743,$111,$876,$1296,$0,$-219,$-81,$1074,$2369,$3,$87,$61,$148,$6,$-2,$0,$-51,$-64,$88,$-20,$0,$-32,$0,$-60,$-60,$17,$-95,$-0,$0,$-0,$0,$0,$0,$-5,$-5,$-13,$50,$0
12,2015-07-31,58.22,$17.04,3.42,$19.05,3.06,$5.77,10.09,$0.05,1164.4,$0.73B,$0.44B,1.66,$0.74B,$1.06B,0.7,$1.16B,$0.73B,62.62%,$1.16B,$0.09B,7.32%,$1.16B,$0.09B,7.32%,$1.16B,$0.20B,17.05%,$1.16B,$0.04B,3.27%,$1.16B,$0.01B,0.78%,$0.01B,$1.06B,0.88%,$0.01B,$-0.46B,-1.82%,$0.01B,$2.38B,0.38%,$0.09B,$1.80B,4.82%,$296,$119,$177,$46,$112,$287,$9,$-12,$-3,$3,$-6,$-6,$-7,$39,$9,$62,62,$-0.11,$-0.11,$386,$18,$0,$728,$64,$0,$1522,$39,$1652,$2380,$439,$742,$117,$881,$1321,$0,$-231,$-74,$1059,$2380,$-5,$57,$45,$102,$17,$-2,$0,$-18,$-31,$66,$-12,$0,$-21,$-24,$0,$-24,$15,$-43,$-0,$0,$-0,$0,$0,$0,$-3,$-3,$21,$34,$0
13,2015-04-30,61.43,$16.77,3.66,$19.10,3.22,$5.91,10.39,$0.02,3071.5,$0.77B,$0.50B,1.53,$0.74B,$1.03B,0.72,$1.14B,$0.72B,63.40%,$1.14B,$0.09B,7.62%,$1.14B,$0.09B,7.62%,$1.14B,$0.20B,17.25%,$1.14B,$0.04B,3.15%,$1.14B,$0.00B,0.35%,$0.00B,$1.03B,0.39%,$0.00B,$-0.48B,-0.76%,$0.00B,$2.40B,0.17%,$0.09B,$1.77B,4.96%,$270,$103,$166,$43,$103,$260,$10,$-8,$2,$1,$1,$1,$-0,$37,$10,$61,61,$-0.01,$-0.01,$414,$20,$0,$767,$63,$0,$1504,$38,$1631,$2398,$500,$739,$106,$869,$1369,$0,$-219,$-84,$1029,$2398,$1,$28,$24,$51,$5,$-4,$0,$12,$15,$67,$-6,$0,$-2,$-33,$0,$-33,$11,$-30,$-0,$0,$-0,$0,$0,$0,$-2,$-2,$36,$15,$0
14,2015-01-31,53.38,$16.50,3.24,$19.37,2.76,$5.81,9.19,$0.54,98.85,$0.71B,$0.48B,1.49,$0.73B,$1.01B,0.72,$1.13B,$0.71B,63.15%,$1.13B,$0.08B,6.91%,$1.13B,$0.08B,6.91%,$1.13B,$0.18B,16.30%,$1.13B,$0.02B,1.86%,$1.13B,$0.03B,2.83%,$0.03B,$1.01B,3.41%,$0.03B,$-0.51B,-5.02%,$0.03B,$2.34B,1.38%,$0.08B,$1.73B,4.48%,$312,$109,$203,$45,$104,$269,$42,$-19,$23,$17,$6,$6,$5,$70,$42,$58,59,$0.04,$0.05,$358,$18,$0,$710,$62,$0,$1513,$20,$1630,$2340,$478,$726,$80,$858,$1336,$0,$-219,$-94,$1005,$2340,$36,$105,$25,$130,$-55,$-4,$0,$53,$27,$194,$-29,$0,$-605,$0,$-8,$-8,$-35,$-677,$104,$0,$104,$335,$335,$-4,$-39,$396,$-94,$54,$-4
15,2014-10-31,57.49,$16.81,3.42,$18.86,3.05,$5.93,9.69,$0.89,64.6,$0.63B,$0.45B,1.41,$0.73B,$1.02B,0.72,$1.07B,$0.68B,63.09%,$1.07B,$0.08B,6.99%,$1.07B,$0.08B,6.99%,$1.07B,$0.17B,15.75%,$1.07B,$0.02B,1.40%,$1.07B,$0.05B,4.66%,$0.05B,$1.02B,5.92%,$0.05B,$-0.54B,-8.34%,$0.05B,$2.31B,2.29%,$0.08B,$1.76B,4.61%,$283,$101,$181,$43,$103,$258,$24,$-8,$16,$5,$11,$11,$11,$52,$24,$61,61,$0.18,$0.17,$272,$22,$0,$627,$60,$0,$1557,$41,$1680,$2307,$445,$734,$94,$842,$1287,$0,$-224,$-61,$1020,$2307,$30,$78,$1,$79,$-42,$-8,$0,$-4,$-27,$90,$-20,$0,$-603,$0,$-10,$-10,$-38,$-672,$-1423,$0,$-1423,$331,$331,$0,$1489,$397,$-186,$35,$0
16,2014-07-31,46.94,$17.00,2.76,$18.43,2.55,$6.68,7.02,$1.14,41.18,$0.61B,$0.46B,1.34,$0.73B,$1.03B,0.71,$1.01B,$0.65B,63.91%,$1.01B,$0.09B,8.78%,$1.01B,$0.09B,8.78%,$1.01B,$0.17B,16.57%,$1.01B,$0.03B,2.86%,$1.01B,$0.06B,6.02%,$0.06B,$1.03B,8.26%,$0.06B,$-0.58B,-10.96%,$0.06B,$2.33B,2.99%,$0.09B,$1.76B,5.95%,$277,$103,$174,$44,$107,$265,$11,$-16,$-5,$6,$-10,$-10,$-12,$38,$11,$57,57,$-0.21,$-0.21,$267,$23,$0,$610,$56,$0,$1605,$44,$1723,$2334,$457,$732,$99,$847,$1304,$0,$-234,$-24,$1029,$2334,$18,$50,$-10,$41,$-23,$-9,$0,$14,$4,$70,$-12,$0,$-603,$0,$-7,$-7,$-37,$-659,$-1423,$0,$-1423,$326,$326,$0,$1493,$397,$-192,$23,$0
17,2014-04-30,43.77,$12.87,3.4,$17.73,2.47,$6.88,6.36,$1.68,26.05,$0.59B,$0.49B,1.19,$1.02B,$0.70B,1.47,$0.96B,$0.62B,65.07%,$0.96B,$0.11B,11.37%,$0.96B,$0.11B,11.37%,$0.96B,$0.17B,18.14%,$0.96B,$0.06B,5.74%,$0.96B,$0.09B,9.49%,$0.09B,$0.70B,14.71%,$0.09B,$-0.93B,-17.78%,$0.09B,$2.32B,4.86%,$0.11B,$1.72B,8.06%,$257,$103,$155,$41,$101,$256,$1,$-14,$-13,$-42,$29,$29,$28,$24,$1,$54,55,$0.52,$0.51,$243,$17,$0,$586,$54,$0,$1627,$39,$1737,$2323,$494,$1020,$100,$1134,$1628,$0,$-222,$-23,$695,$2323,$29,$23,$-27,$-4,$-25,$-2,$0,$15,$24,$54,$-5,$0,$-604,$0,$-3,$-3,$-13,$-625,$-719,$0,$-719,$6,$6,$0,$1092,$379,$-191,$10,$0
18,2014-01-31,45.44,$11.81,3.85,$16.99,2.67,$6.44,7.05,$0.99,45.9,$0.69B,$0.41B,1.68,$0.64B,$0.63B,1.0,$0.91B,$0.60B,66.15%,$0.91B,$0.12B,13.45%,$0.91B,$0.12B,13.45%,$0.91B,$0.18B,19.63%,$0.91B,$0.06B,6.95%,$0.91B,$0.05B,5.95%,$0.05B,$0.63B,9.37%,$0.05B,$-0.35B,-13.94%,$0.05B,$1.77B,3.15%,$0.12B,$1.27B,10.04%,$256,$88,$167,$35,$87,$216,$39,$-23,$17,$-7,$24,$24,$23,$55,$39,$53,54,$0.44,$0.42,$417,$11,$0,$694,$40,$0,$986,$24,$1079,$1773,$413,$636,$63,$726,$1140,$0,$-250,$-40,$633,$1773,$59,$56,$41,$97,$-23,$3,$0,$19,$22,$178,$-22,$0,$-33,$-198,$179,$-19,$10,$-64,$61,$0,$61,$11,$11,$-4,$-13,$55,$169,$30,$-4
19,2013-10-31,36.52,$11.18,3.27,$17.93,2.04,$6.12,5.97,$1.07,34.13,$0.64B,$0.39B,1.67,$0.64B,$0.60B,1.07,$0.88B,$0.59B,67.05%,$0.88B,$0.12B,13.52%,$0.88B,$0.12B,13.52%,$0.88B,$0.17B,19.66%,$0.88B,$0.07B,8.30%,$0.88B,$0.05B,6.02%,$0.05B,$0.60B,9.69%,$0.05B,$-0.37B,-12.81%,$0.05B,$1.73B,3.19%,$0.12B,$1.24B,10.18%,$224,$72,$152,$31,$77,$186,$38,$-8,$30,$6,$24,$24,$22,$51,$38,$53,54,$0.42,$0.42,$384,$15,$0,$644,$37,$0,$965,$63,$1083,$1727,$386,$637,$92,$743,$1129,$0,$-273,$-42,$597,$1727,$35,$40,$34,$74,$-9,$-1,$0,$15,$6,$115,$-13,$0,$-10,$-196,$70,$-126,$6,$-143,$-584,$0,$-584,$6,$6,$0,$633,$55,$27,$22,$0
20,2013-07-31,35.78,$10.31,3.47,$18.82,1.9,$5.50,6.5,$0.69,51.86,$0.60B,$0.37B,1.62,$0.64B,$0.55B,1.16,$0.86B,$0.57B,66.90%,$0.86B,$0.10B,11.42%,$0.86B,$0.10B,11.42%,$0.86B,$0.15B,17.83%,$0.86B,$0.05B,6.06%,$0.86B,$0.03B,3.85%,$0.03B,$0.55B,6.36%,$0.03B,$-0.40B,-7.37%,$0.03B,$1.67B,2.06%,$0.10B,$1.19B,8.69%,$222,$73,$150,$31,$81,$191,$31,$-10,$21,$3,$19,$19,$18,$44,$31,$53,54,$0.33,$0.33,$356,$14,$0,$604,$37,$0,$945,$62,$1062,$1666,$374,$639,$91,$743,$1117,$0,$-295,$-54,$550,$1666,$11,$27,$23,$50,$3,$0,$0,$17,$11,$73,$-7,$0,$0,$0,$-105,$-105,$6,$-106,$-582,$0,$-582,$3,$3,$0,$634,$54,$19,$14,$0
21,2013-04-30,33.04,$9.99,3.31,$19.97,1.65,$5.05,6.54,$0.58,56.97,$0.61B,$0.41B,1.48,$0.64B,$0.53B,1.22,$0.85B,$0.56B,66.04%,$0.85B,$0.09B,10.97%,$0.85B,$0.09B,10.97%,$0.85B,$0.15B,17.57%,$0.85B,$0.05B,5.78%,$0.85B,$0.02B,2.83%,$0.02B,$0.53B,4.83%,$0.02B,$-0.43B,-5.00%,$0.02B,$1.68B,1.54%,$0.09B,$1.17B,8.51%,$205,$73,$131,$30,$82,$191,$14,$-19,$-5,$3,$-8,$-8,$-9,$28,$14,$52,52,$-0.18,$-0.18,$327,$12,$0,$607,$37,$0,$959,$66,$1077,$1684,$409,$642,$94,$749,$1158,$0,$-313,$-47,$526,$1684,$-8,$14,$15,$29,$-10,$3,$0,$8,$-0,$26,$-3,$0,$0,$0,$-50,$-50,$3,$-49,$-578,$0,$-578,$2,$2,$0,$647,$70,$46,$6,$0
22,2013-01-31,33.8,$12.83,2.63,$20.96,1.61,$5.67,5.97,$0.92,36.74,$0.50B,$0.39B,1.27,$0.57B,$0.23B,2.49,$0.84B,$0.56B,66.31%,$0.84B,$0.10B,11.90%,$0.84B,$0.10B,11.90%,$0.84B,$0.16B,18.57%,$0.84B,$0.07B,8.10%,$0.84B,$0.04B,4.64%,$0.04B,$0.52B,8.16%,$0.04B,$-0.46B,-7.63%,$0.04B,$1.56B,2.57%,$0.10B,$1.09B,9.42%,$229,$72,$157,$30,$85,$193,$36,$-9,$27,$-0,$27,$27,$22,$50,$36,$40,40,$0.55,$0.54,$235,$15,$0,$502,$38,$0,$974,$26,$1063,$1564,$394,$571,$60,$655,$1049,$0,$-304,$-44,$515,$1564,$59,$57,$22,$79,$-14,$-2,$0,$7,$-10,$123,$-20,$0,$-1,$0,$-14,$-14,$-1,$-36,$-22,$0,$-22,$2,$2,$-3,$-6,$-29,$59,$21,$-3
23,2012-10-31,27.27,$12.05,2.26,$20.65,1.32,$5.38,5.07,$0.76,35.88,$0.43B,$0.36B,1.19,$0.59B,$0.20B,2.97,$0.82B,$0.54B,65.37%,$0.82B,$0.09B,11.18%,$0.82B,$0.09B,11.18%,$0.82B,$0.15B,17.98%,$0.82B,$0.06B,7.29%,$0.82B,$0.03B,3.65%,$0.03B,$0.48B,6.57%,$0.03B,$-0.50B,-5.54%,$0.03B,$1.50B,2.00%,$0.09B,$1.07B,8.80%,$202,$65,$136,$28,$86,$185,$17,$-8,$9,$2,$7,$7,$2,$31,$17,$40,40,$0.04,$0.04,$204,$12,$0,$430,$37,$0,$986,$32,$1068,$1499,$361,$586,$54,$654,$1015,$0,$-330,$-46,$483,$1499,$32,$42,$16,$58,$-2,$2,$0,$-8,$-19,$65,$-14,$0,$-1,$0,$0,$0,$1,$-14,$-5,$0,$-5,$1,$1,$0,$-6,$-10,$41,$16,$0
24,2012-07-31,27.91,$11.62,2.4,$20.68,1.35,$4.96,5.63,$0.87,32.08,$0.42B,$0.37B,1.13,$0.59B,$0.18B,3.33,$0.82B,$0.53B,64.76%,$0.82B,$0.09B,11.34%,$0.82B,$0.09B,11.34%,$0.82B,$0.15B,18.17%,$0.82B,$0.06B,7.32%,$0.82B,$0.03B,4.15%,$0.03B,$0.46B,7.75%,$0.03B,$-0.53B,-6.01%,$0.03B,$1.49B,2.29%,$0.09B,$1.05B,9.04%,$212,$76,$136,$30,$74,$186,$26,$-8,$18,$5,$13,$13,$9,$40,$26,$40,40,$0.22,$0.22,$184,$10,$0,$418,$32,$0,$988,$35,$1069,$1487,$369,$588,$52,$656,$1025,$0,$-335,$-55,$462,$1487,$25,$28,$11,$39,$-13,$4,$0,$-1,$-19,$39,$-8,$0,$-1,$0,$0,$0,$2,$-8,$-3,$0,$-3,$1,$1,$0,$-5,$-8,$23,$11,$0
25,2012-04-30,30.24,$11.55,2.62,$20.33,1.49,$4.69,6.45,$0.82,36.88,$0.42B,$0.39B,1.07,$0.59B,$0.17B,3.54,$0.80B,$0.52B,64.88%,$0.80B,$0.09B,10.96%,$0.80B,$0.09B,10.96%,$0.80B,$0.14B,17.81%,$0.80B,$0.06B,6.97%,$0.80B,$0.03B,3.99%,$0.03B,$0.45B,7.55%,$0.03B,$-0.56B,-5.73%,$0.03B,$1.51B,2.18%,$0.09B,$1.04B,8.67%,$197,$68,$128,$28,$73,$176,$21,$-7,$14,$2,$12,$12,$6,$35,$21,$39,40,$0.16,$0.16,$203,$15,$0,$418,$29,$0,$1008,$37,$1092,$1510,$393,$589,$51,$665,$1058,$0,$-348,$-43,$452,$1510,$12,$14,$5,$19,$18,$-1,$0,$5,$16,$48,$-5,$0,$-1,$0,$0,$0,$-1,$-6,$-2,$0,$-2,$1,$1,$0,$-1,$-3,$39,$5,$0
26,2012-01-31,28.28,$11.03,2.56,$20.11,1.41,$4.03,7.02,$0.56,50.5,$0.40B,$0.38B,1.05,$0.59B,$0.14B,4.1,$0.78B,$0.51B,65.73%,$0.78B,$0.09B,11.00%,$0.78B,$0.09B,11.00%,$0.78B,$0.14B,17.90%,$0.78B,$0.05B,5.75%,$0.78B,$0.02B,2.81%,$0.02B,$0.43B,5.40%,$0.02B,$-0.58B,-3.99%,$0.02B,$1.50B,1.53%,$0.09B,$1.02B,8.61%,$212,$74,$138,$29,$75,$184,$28,$-9,$19,$2,$18,$18,$13,$42,$28,$38,39,$0.35,$0.34,$164,$14,$0,$401,$28,$0,$1013,$29,$1099,$1500,$383,$591,$59,$687,$1070,$0,$-358,$-48,$430,$1500,$41,$53,$20,$73,$-3,$1,$0,$3,$-6,$106,$-16,$0,$-110,$0,$0,$0,$-1,$-127,$-588,$0,$-588,$11,$11,$-2,$581,$2,$-19,$22,$-2
27,2011-10-31,29.8,$10.58,2.82,$19.77,1.51,$3.35,8.9,$0.47,63.4,$0.35B,$0.35B,1.01,$0.59B,$0.13B,4.73,$0.76B,$0.50B,66.31%,$0.76B,$0.08B,10.70%,$0.76B,$0.08B,10.70%,$0.76B,$0.13B,17.70%,$0.76B,$0.04B,5.15%,$0.76B,$0.02B,2.51%,$0.02B,$0.41B,4.86%,$0.02B,$-0.60B,-3.53%,$0.02B,$1.45B,1.35%,$0.08B,$1.00B,8.26%,$199,$70,$129,$28,$77,$181,$18,$-9,$9,$-1,$10,$10,$6,$32,$18,$39,39,$0.15,$0.15,$120,$15,$0,$352,$28,$0,$1008,$38,$1094,$1446,$348,$593,$65,$688,$1035,$0,$-375,$-44,$411,$1446,$23,$39,$27,$66,$-2,$2,$0,$-24,$-47,$45,$-12,$0,$-99,$0,$0,$0,$5,$-106,$-586,$0,$-586,$9,$9,$0,$580,$3,$-57,$17,$0
28,2011-07-31,34.02,$10.44,3.26,$18.61,1.83,$2.73,12.47,$0.68,50.03,$0.43B,$0.34B,1.25,$0.59B,$0.12B,5.08,$0.75B,$0.50B,67.25%,$0.75B,$0.09B,12.48%,$0.75B,$0.09B,12.48%,$0.75B,$0.15B,19.46%,$0.75B,$0.05B,7.25%,$0.75B,$0.03B,3.62%,$0.03B,$0.40B,7.25%,$0.03B,$-0.50B,-5.10%,$0.03B,$1.41B,1.95%,$0.09B,$0.99B,9.65%,$195,$69,$126,$27,$72,$174,$21,$-7,$14,$3,$11,$11,$7,$34,$21,$39,39,$0.18,$0.17,$195,$20,$0,$425,$24,$0,$901,$33,$981,$1406,$341,$591,$41,$663,$1004,$0,$-384,$-36,$402,$1406,$13,$26,$22,$47,$-4,$-3,$0,$-12,$-36,$28,$-8,$0,$-12,$0,$0,$0,$-4,$-25,$-584,$0,$-584,$8,$8,$0,$580,$4,$9,$12,$0
29,2011-04-30,34.23,$10.10,3.39,$18.82,1.82,$2.27,15.11,$0.74,46.26,$0.40B,$0.34B,1.19,$0.59B,$0.10B,5.85,$0.73B,$0.50B,67.72%,$0.73B,$0.10B,13.13%,$0.73B,$0.10B,13.13%,$0.73B,$0.15B,20.11%,$0.73B,$0.06B,7.66%,$0.73B,$0.03B,3.83%,$0.03B,$0.39B,8.15%,$0.03B,$-0.53B,-5.02%,$0.03B,$1.40B,2.05%,$0.10B,$0.98B,10.25%,$176,$55,$121,$26,$70,$157,$19,$-16,$3,$2,$2,$2,$-4,$32,$19,$37,37,$-0.10,$-0.10,$192,$21,$0,$401,$24,$0,$913,$33,$998,$1398,$336,$593,$44,$676,$1011,$0,$-395,$-31,$387,$1398,$2,$13,$16,$29,$14,$-3,$0,$-2,$-14,$19,$-4,$0,$-12,$0,$0,$0,$1,$-15,$-583,$0,$-583,$5,$5,$0,$581,$3,$9,$6,$0
30,2011-01-31,34.46,$9.79,3.52,$19.39,1.78,$1.65,20.86,$0.24,143.58,$0.40B,$0.34B,1.17,$0.58B,$0.08B,7.51,$0.73B,$0.49B,67.17%,$0.73B,$0.07B,10.03%,$0.73B,$0.07B,10.03%,$0.73B,$0.12B,16.90%,$0.73B,$0.04B,5.36%,$0.73B,$0.01B,1.65%,$0.01B,$0.36B,3.88%,$0.01B,$-0.53B,-2.04%,$0.01B,$1.38B,0.88%,$0.07B,$0.95B,8.07%,$187,$61,$126,$24,$73,$164,$23,$-10,$13,$-1,$13,$13,$10,$36,$23,$35,37,$0.31,$0.32,$184,$17,$0,$402,$23,$0,$896,$20,$974,$1376,$344,$583,$32,$669,$1013,$0,$-395,$-42,$363,$1376,$29,$49,$35,$84,$-25,$-3,$0,$-31,$-43,$71,$-11,$0,$-23,$0,$0,$0,$-43,$-78,$-38,$0,$-38,$37,$37,$-2,$-3,$-7,$-14,$29,$-2
31,2010-10-31,32.91,$9.22,3.57,$19.57,1.68,$2.86,11.49,$-0.70,0.0,$0.38B,$0.32B,1.18,$0.60B,$0.05B,11.53,$0.71B,$0.48B,66.53%,$0.71B,$0.04B,5.88%,$0.71B,$0.04B,5.88%,$0.71B,$0.09B,12.75%,$0.71B,$0.01B,0.84%,$0.71B,$-0.02B,-2.80%,$-0.02B,$0.34B,-6.98%,$-0.02B,$-0.56B,3.27%,$-0.02B,$1.35B,-1.47%,$0.04B,$0.94B,4.75%,$187,$59,$128,$24,$68,$156,$30,$-7,$24,$5,$18,$18,$14,$43,$30,$35,48,$0.38,$0.36,$152,$17,$0,$375,$23,$0,$896,$28,$978,$1353,$319,$598,$54,$697,$1016,$0,$-408,$-41,$337,$1353,$15,$36,$27,$63,$-10,$-3,$0,$-47,$-62,$18,$-7,$0,$-15,$0,$0,$0,$-46,$-68,$-23,$0,$-23,$26,$26,$0,$-4,$-1,$-50,$23,$0
32,2010-07-31,22.6,$8.29,2.73,$21.26,1.06,$4.44,5.09,$-0.77,0.0,$0.36B,$0.35B,1.02,$0.60B,$0.00B,364.33,$0.71B,$0.47B,65.92%,$0.71B,$0.04B,5.05%,$0.71B,$0.04B,5.05%,$0.71B,$0.08B,11.78%,$0.71B,$-0.00B,-0.42%,$0.71B,$-0.02B,-3.37%,$-0.02B,$0.29B,-8.74%,$-0.02B,$-0.61B,3.82%,$-0.02B,$1.34B,-1.75%,$0.04B,$0.89B,4.10%,$181,$60,$120,$22,$69,$157,$24,$-8,$16,$3,$12,$12,$8,$36,$24,$33,35,$0.24,$0.23,$143,$16,$0,$360,$23,$0,$898,$29,$982,$1342,$354,$598,$58,$701,$1055,$0,$-425,$-46,$287,$1342,$-3,$24,$19,$43,$-5,$-2,$0,$-24,$-35,$6,$-4,$0,$-15,$0,$0,$0,$-22,$-41,$-23,$0,$-23,$8,$8,$0,$-4,$-19,$-56,$16,$0
33,2010-04-30,26.55,$7.66,3.46,$21.31,1.25,$5.92,4.49,$-1.06,0.0,$0.38B,$0.41B,0.93,$0.60B,$-0.03B,-17.5,$0.70B,$0.46B,65.62%,$0.70B,$0.03B,3.71%,$0.70B,$0.03B,3.71%,$0.70B,$0.07B,10.56%,$0.70B,$-0.02B,-2.14%,$0.70B,$-0.03B,-4.85%,$-0.03B,$0.25B,-12.55%,$-0.03B,$-0.65B,5.33%,$-0.03B,$1.37B,-2.45%,$0.03B,$0.85B,2.96%,$173,$58,$115,$26,$87,$177,$-4,$-10,$-14,$2,$-16,$-16,$-20,$8,$-4,$33,33,$-0.60,$-0.60,$154,$15,$0,$378,$23,$0,$902,$26,$987,$1366,$405,$598,$63,$709,$1114,$0,$-437,$-51,$251,$1366,$-16,$12,$9,$21,$-14,$-0,$0,$-12,$-11,$-5,$-2,$0,$-15,$0,$0,$0,$-6,$-24,$-1,$0,$-1,$-3,$-3,$0,$-1,$-5,$-35,$8,$0
34,2010-01-31,18.3,$8.32,2.2,$20.18,0.91,$6.75,2.71,$0.01,1830.0,$0.41B,$0.41B,0.99,$0.60B,$-0.02B,-41.07,$0.70B,$0.46B,65.86%,$0.70B,$0.07B,9.39%,$0.70B,$0.07B,9.39%,$0.70B,$0.12B,16.36%,$0.70B,$0.02B,3.41%,$0.70B,$0.00B,0.28%,$0.00B,$0.27B,0.75%,$0.00B,$-0.63B,-0.31%,$0.00B,$1.40B,0.14%,$0.07B,$0.87B,7.49%,$173,$60,$112,$23,$92,$181,$-8,$-12,$-20,$-2,$-18,$-18,$-22,$4,$-8,$32,33,$-0.68,$-0.64,$190,$14,$0,$408,$24,$0,$899,$17,$989,$1396,$410,$598,$44,$715,$1125,$0,$-420,$-43,$271,$1396,$17,$49,$47,$96,$-14,$6,$0,$-18,$-14,$101,$-8,$0,$-0,$0,$0,$0,$-17,$-25,$-6,$0,$-6,$0,$0,$-4,$-0,$-10,$68,$31,$-4
35,2009-10-31,15.4,$8.87,1.74,$20.85,0.74,$5.11,3.02,$0.02,770.0,$0.39B,$0.38B,1.03,$0.62B,$0.00B,206.77,$0.72B,$0.48B,65.88%,$0.72B,$0.08B,11.10%,$0.72B,$0.08B,11.10%,$0.72B,$0.16B,21.64%,$0.72B,$0.03B,4.72%,$0.72B,$0.00B,0.28%,$0.00B,$0.29B,0.79%,$0.00B,$-0.62B,-0.30%,$0.00B,$1.40B,0.15%,$0.08B,$0.91B,9.18%,$186,$64,$123,$21,$72,$163,$24,$-9,$15,$2,$13,$13,$10,$36,$24,$32,33,$0.30,$0.29,$167,$16,$0,$388,$26,$0,$912,$25,$1008,$1396,$375,$617,$59,$732,$1107,$0,$-402,$-38,$289,$1396,$35,$37,$35,$72,$-16,$5,$0,$-29,$-41,$65,$-5,$0,$-0,$0,$0,$0,$-11,$-16,$-6,$0,$-6,$0,$0,$-2,$-0,$-8,$45,$23,$-2
36,2009-07-31,11.96,$8.39,1.43,$20.13,0.59,$3.85,3.1,$-1.02,0.0,$0.37B,$0.38B,0.97,$0.62B,$-0.01B,-48.89,$0.69B,$0.45B,64.65%,$0.69B,$0.06B,8.80%,$0.69B,$0.06B,8.80%,$0.69B,$0.14B,20.06%,$0.69B,$0.01B,1.15%,$0.69B,$-0.03B,-4.62%,$-0.03B,$0.27B,-17.75%,$-0.03B,$-0.65B,6.35%,$-0.03B,$1.39B,-3.14%,$0.06B,$0.89B,9.45%,$169,$59,$110,$21,$70,$156,$14,$-9,$4,$3,$1,$1,$-2,$26,$14,$32,32,$-0.06,$-0.06,$161,$17,$0,$367,$27,$0,$922,$25,$1024,$1391,$377,$619,$61,$741,$1118,$0,$-415,$-33,$273,$1391,$22,$26,$23,$48,$-3,$3,$0,$-6,$-16,$52,$-3,$0,$-0,$0,$0,$0,$-8,$-11,$-6,$0,$-6,$0,$0,$-2,$-0,$-8,$38,$16,$-2
37,2009-04-30,5.55,$7.34,0.76,$20.04,0.28,$3.36,1.65,$-1.53,0.0,$0.34B,$0.37B,0.93,$0.62B,$-0.05B,-13.31,$0.69B,$0.44B,63.48%,$0.69B,$0.04B,5.65%,$0.69B,$0.04B,5.65%,$0.69B,$0.12B,17.25%,$0.69B,$-0.01B,-1.59%,$0.69B,$-0.05B,-6.96%,$-0.05B,$0.24B,-42.86%,$-0.05B,$-0.67B,14.04%,$-0.05B,$1.35B,-7.14%,$0.04B,$0.86B,9.24%,$175,$57,$118,$19,$57,$139,$36,$-11,$25,$4,$21,$21,$16,$49,$36,$32,42,$0.50,$0.47,$143,$19,$0,$341,$28,$0,$906,$24,$1012,$1352,$365,$620,$62,$748,$1113,$0,$-416,$-56,$239,$1352,$21,$13,$10,$23,$-5,$1,$0,$2,$-18,$27,$-1,$0,$-0,$0,$0,$0,$-3,$-4,$-2,$0,$-2,$0,$0,$-2,$0,$-4,$20,$6,$-2
38,2009-01-31,6.5,$6.44,1.01,$20.67,0.31,$4.08,1.59,$-2.88,0.0,$0.31B,$0.35B,0.89,$0.62B,$-0.08B,-8.16,$0.67B,$0.41B,61.49%,$0.67B,$-0.02B,-2.39%,$0.67B,$-0.02B,-2.39%,$0.67B,$0.07B,9.85%,$0.67B,$-0.06B,-8.81%,$0.67B,$-0.09B,-13.73%,$-0.09B,$0.21B,-176.08%,$-0.09B,$-0.70B,52.50%,$-0.09B,$1.34B,-27.52%,$-0.02B,$0.83B,-7.71%,$191,$67,$124,$18,$64,$185,$6,$-16,$-10,$9,$-19,$-19,$-22,$45,$6,$32,32,$-0.68,$-0.68,$124,$20,$0,$313,$31,$0,$910,$19,$1024,$1337,$352,$621,$53,$776,$1128,$0,$-436,$-58,$209,$1337,$-79,$81,$60,$142,$-3,$-3,$0,$7,$-10,$54,$-16,$0,$-3,$0,$7,$7,$-14,$-26,$12,$0,$12,$0,$0,$0,$-0,$12,$33,$32,$0
39,2008-10-31,10.25,$0.00,0.0,$16.43,0.62,$4.21,2.43,$-2.78,0.0,$0.00B,$0.00B,0.0,$0.00B,$0.00B,0.0,$0.53B,$0.31B,57.60%,$0.53B,$-0.04B,-7.50%,$0.53B,$-0.04B,-7.50%,$0.53B,$0.01B,1.69%,$0.53B,$-0.06B,-12.01%,$0.53B,$-0.09B,-16.70%,$-0.09B,$0.00B,-161.82%,$-0.09B,$0.00B,-349.02%,$-0.09B,$0.00B,-58.36%,$-0.04B,$0.00B,-72.40%,$158,$62,$96,$22,$70,$152,$5,$-16,$-11,$9,$-20,$-20,$-24,$19,$5,$32,32,$-0.75,$-0.75,$0,$0,$0,$0,$0,$0,$0,$0,$0,$0,$0,$0,$0,$0,$0,$0,$0,$0,$0,$0,$-60,$42,$23,$65,$4,$-8,$0,$28,$23,$30,$-13,$0,$-2,$0,$2,$2,$-12,$-24,$-2,$0,$-2,$0,$0,$0,$-0,$-2,$-0,$25,$0
