,Date,Stock Price,Book Value per Share,Price to Book Ratio,TTM Sales per Share,Price to Sales Ratio,TTM FCF per Share,Price to FCF Ratio,TTM Net EPS,PE Ratio,Current Assets,Current Liabilities,Current Ratio,Long Term Debt,Shareholder's Equity_x,Debt to Equity Ratio,TTM Revenue_x,TTM Gross Profit,Gross Margin,TTM Revenue_y,TTM Operating Income,Operating Margin,TTM Revenue_x,TTM EBIT,EBIT Margin,TTM Revenue_y,TTM EBITDA,EBITDA Margin,TTM Revenue_x,TTM Pre-Tax Income,Pre-Tax Margin,TTM Revenue_y,TTM Net Income_x,Net Margin,TTM Net Income_y,Shareholder's Equity_y,Return on Equity,TTM Net Income_x,Tangible Equity,Return on Tangible Equity,TTM Net Income_y,Total Assets,Return on Assets,TTM Net Income,LT Investments & Debt,Return on Investment,revenue,cost-goods-sold,gross-profit,research-development-expenses,selling-general-administrative-expenses,operating-expenses,operating-income,total-non-operating-income-expense,pre-tax-income,total-provision-income-taxes,income-after-taxes,income-from-continuous-operations,net-income,ebitda,ebit,basic-shares-outstanding,shares-outstanding,eps-basic-net-earnings-per-share,eps-earnings-per-share-diluted,cash-on-hand,inventory,other-current-assets,total-current-assets,net-property-plant-equipment,long-term-investments,goodwill-intangible-assets-total,other-long-term-assets,total-long-term-assets,total-assets,total-current-liabilities,long-term-debt,other-non-current-liabilities,total-long-term-liabilities,total-liabilities,common-stock-net,retained-earnings-accumulated-deficit,comprehensive-income,total-share-holder-equity,total-liabilities-share-holders-equity,net-income-loss,total-depreciation-amortization-cash-flow,other-non-cash-items,total-non-cash-items,change-in-accounts-receivable,change-in-inventories,change-in-accounts-payable,change-in-assets-liabilities,total-change-in-assets-liabilities,cash-flow-from-operating-activities,net-change-in-property-plant-equipment,net-change-in-intangible-assets,net-acquisitions-divestitures,net-change-in-short-term-investments,net-change-in-long-term-investments,net-change-in-investments-total,investing-activities-other,cash-flow-from-investing-activities,net-long-term-debt,net-current-debt,debt-issuance-retirement-net-total,net-common-equity-issued-repurchased,net-total-equity-issued-repurchased,total-common-preferred-stock-dividends-paid,financial-activities-other,cash-flow-from-financial-activities,net-cash-flow,stock-based-compensation,common-stock-dividends-paid
0,2018-09-30,120.55,$12.99,9.28,$13.94,8.64,$11.18,10.78,$3.91,30.83,$0.59B,$1.22B,0.49,$2.05B,$2.14B,0.96,$2.35B,$1.48B,62.99%,$2.35B,$0.83B,35.22%,$2.35B,$0.83B,35.22%,$2.35B,$1.12B,47.51%,$2.35B,$0.72B,30.58%,$2.35B,$0.66B,27.99%,$0.66B,$2.14B,31.62%,$0.66B,$-2.45B,-25.17%,$0.66B,$5.85B,10.89%,$0.83B,$4.19B,19.79%,$599,$219,$380,$0,$96,$388,$211,$-18,$193,$27,$166,$166,$166,$285,$211,$165,168,$1.01,$0.99,$152,$0,$47,$594,$519,$0,$4593,$130,$5257,$5851,$1219,$2045,$104,$2491,$3710,$0,$3796,$-510,$2141,$5851,$453,$223,$13,$236,$16,$0,$0,$-1,$72,$761,$-155,$0,$-68,$0,$0,$0,$118,$-104,$0,$-430,$-430,$-208,$-208,$0,$-11,$-649,$5,$30,$0
1,2018-06-30,107.64,$12.59,8.55,$13.65,7.88,$10.43,10.32,$3.64,29.57,$0.63B,$1.47B,0.43,$2.04B,$2.07B,0.99,$2.30B,$1.45B,63.10%,$2.30B,$0.83B,35.85%,$2.30B,$0.83B,35.85%,$2.30B,$1.10B,47.94%,$2.30B,$0.71B,30.73%,$2.30B,$0.61B,26.64%,$0.61B,$2.07B,31.21%,$0.61B,$-2.59B,-22.75%,$0.61B,$6.04B,10.24%,$0.83B,$4.12B,20.00%,$601,$222,$379,$0,$93,$389,$212,$-27,$185,$32,$154,$154,$154,$287,$212,$165,169,$0.93,$0.91,$136,$0,$58,$625,$502,$0,$4662,$235,$5415,$6040,$1466,$2044,$106,$2500,$3966,$0,$3630,$-474,$2074,$6040,$287,$149,$22,$171,$-3,$0,$0,$75,$77,$534,$-99,$0,$-68,$0,$0,$0,$-3,$-170,$0,$-235,$-235,$-132,$-132,$0,$-10,$-377,$-10,$20,$0
2,2018-03-31,104.0,$13.23,7.86,$13.20,7.88,$9.97,10.43,$3.45,30.14,$0.71B,$1.56B,0.46,$2.04B,$2.18B,0.93,$2.22B,$1.40B,63.11%,$2.22B,$0.81B,36.35%,$2.22B,$0.81B,36.35%,$2.22B,$1.07B,48.04%,$2.22B,$0.69B,31.13%,$2.22B,$0.58B,26.09%,$0.58B,$2.18B,32.01%,$0.58B,$-2.63B,-22.08%,$0.58B,$6.25B,10.18%,$0.81B,$4.23B,20.04%,$581,$221,$360,$0,$92,$387,$195,$-32,$162,$29,$133,$133,$133,$269,$195,$165,169,$0.81,$0.79,$154,$0,$70,$709,$489,$0,$4811,$222,$5538,$6247,$1558,$2041,$107,$2505,$4063,$0,$3477,$-309,$2184,$6247,$133,$75,$10,$84,$-75,$0,$0,$163,$110,$327,$-43,$0,$-22,$0,$0,$0,$-3,$-69,$0,$-235,$-235,$-19,$-19,$0,$-1,$-254,$8,$9,$0
3,2017-12-31,96.0,$11.68,8.22,$12.71,7.55,$9.98,9.62,$3.30,29.09,$0.60B,$1.34B,0.45,$2.28B,$1.93B,1.19,$2.15B,$1.36B,63.54%,$2.15B,$0.80B,37.34%,$2.15B,$0.80B,37.34%,$2.15B,$1.04B,48.67%,$2.15B,$0.69B,32.21%,$2.15B,$0.56B,25.92%,$0.56B,$1.93B,34.48%,$0.56B,$-2.79B,-21.86%,$0.56B,$6.02B,10.44%,$0.80B,$4.21B,20.58%,$570,$209,$362,$0,$87,$360,$210,$-31,$179,$-25,$205,$205,$205,$276,$210,$165,169,$1.25,$1.21,$146,$0,$39,$598,$478,$0,$4714,$215,$5423,$6020,$1338,$2284,$135,$2757,$4095,$0,$3308,$-412,$1925,$6020,$555,$242,$-40,$202,$-46,$0,$0,$-1,$4,$744,$-184,$0,$-915,$0,$0,$0,$-7,$-1106,$0,$615,$615,$-241,$-241,$0,$-11,$363,$7,$32,$0
4,2017-09-30,83.19,$10.17,8.18,$12.29,6.77,$9.12,9.13,$2.72,30.58,$0.55B,$1.20B,0.45,$2.28B,$1.67B,1.36,$2.08B,$1.31B,63.14%,$2.08B,$0.78B,37.29%,$2.08B,$0.78B,37.29%,$2.08B,$1.01B,48.29%,$2.08B,$0.67B,32.29%,$2.08B,$0.46B,22.10%,$0.46B,$1.67B,31.42%,$0.46B,$-2.77B,-19.08%,$0.46B,$5.63B,9.24%,$0.78B,$3.95B,20.73%,$549,$199,$351,$0,$81,$341,$208,$-28,$181,$60,$121,$121,$121,$271,$208,$165,168,$0.73,$0.72,$146,$0,$37,$545,$438,$0,$4445,$184,$5084,$5628,$1203,$2279,$90,$2753,$3956,$0,$3103,$-443,$1673,$5628,$351,$176,$21,$198,$4,$0,$0,$4,$44,$592,$-114,$0,$-705,$-5,$0,$-5,$0,$-824,$0,$495,$495,$-250,$-250,$0,$-11,$234,$7,$24,$0
5,2017-06-30,84.37,$8.91,9.47,$11.92,7.08,$8.51,9.91,$2.74,30.79,$0.52B,$0.74B,0.71,$2.28B,$1.47B,1.55,$2.03B,$1.29B,63.60%,$2.03B,$0.77B,37.73%,$2.03B,$0.77B,37.73%,$2.03B,$0.99B,48.57%,$2.03B,$0.66B,32.66%,$2.03B,$0.47B,23.00%,$0.47B,$1.47B,33.01%,$0.47B,$-2.32B,-20.53%,$0.47B,$4.90B,9.85%,$0.77B,$3.74B,20.73%,$523,$194,$330,$0,$79,$328,$195,$-25,$170,$49,$121,$121,$121,$252,$195,$165,168,$0.73,$0.72,$144,$0,$21,$523,$404,$0,$3786,$170,$4376,$4899,$737,$2277,$82,$2696,$3433,$0,$2983,$-526,$1466,$4899,$230,$114,$16,$130,$6,$0,$0,$84,$70,$430,$-73,$0,$-122,$0,$0,$0,$0,$-195,$0,$20,$20,$-244,$-244,$0,$-9,$-233,$6,$15,$0
6,2017-03-31,81.14,$8.35,9.71,$11.72,6.92,$8.28,9.8,$3.55,22.86,$0.51B,$0.67B,0.76,$2.28B,$1.39B,1.65,$2.01B,$1.28B,63.89%,$2.01B,$0.76B,38.00%,$2.01B,$0.76B,38.00%,$2.01B,$0.98B,48.88%,$2.01B,$0.65B,32.62%,$2.01B,$0.61B,30.32%,$0.61B,$1.39B,43.10%,$0.61B,$-2.30B,-26.84%,$0.61B,$4.75B,12.94%,$0.76B,$3.67B,20.65%,$503,$183,$320,$0,$76,$315,$188,$-27,$161,$52,$109,$109,$109,$245,$188,$166,170,$0.65,$0.64,$159,$0,$28,$514,$378,$0,$3681,$161,$4235,$4749,$672,$2281,$80,$2691,$3363,$0,$2862,$-617,$1386,$4749,$109,$57,$7,$64,$-31,$0,$0,$157,$145,$318,$-31,$0,$-76,$0,$0,$0,$0,$-107,$0,$-100,$-100,$-92,$-92,$0,$-1,$-192,$20,$7,$0
7,2016-12-31,81.17,$7.98,10.17,$11.64,6.97,$8.18,9.92,$3.45,23.53,$0.50B,$0.62B,0.81,$2.28B,$1.33B,1.71,$2.00B,$1.28B,64.16%,$2.00B,$0.77B,38.45%,$2.00B,$0.77B,38.45%,$2.00B,$1.00B,49.97%,$2.00B,$0.65B,32.78%,$2.00B,$0.59B,29.67%,$0.59B,$1.33B,42.69%,$0.59B,$-2.26B,-25.27%,$0.59B,$4.63B,12.14%,$0.77B,$3.61B,20.94%,$506,$193,$313,$0,$77,$321,$185,$-25,$160,$53,$107,$107,$109,$237,$185,$168,171,$0.64,$0.64,$139,$0,$20,$501,$380,$0,$3589,$146,$4130,$4631,$622,$2280,$75,$2677,$3299,$0,$2753,$-651,$1332,$4631,$591,$230,$-204,$25,$-6,$0,$0,$-35,$-34,$578,$-157,$0,$641,$0,$0,$0,$9,$493,$0,$-770,$-770,$-286,$-286,$0,$-9,$-1064,$-3,$45,$0
8,2016-09-30,81.28,$8.76,9.27,$11.93,6.81,$8.61,9.44,$3.47,23.42,$0.46B,$0.56B,0.83,$2.28B,$1.48B,1.55,$2.05B,$1.31B,64.10%,$2.05B,$0.78B,37.95%,$2.05B,$0.78B,37.95%,$2.05B,$1.02B,49.95%,$2.05B,$0.66B,32.05%,$2.05B,$0.60B,29.12%,$0.60B,$1.48B,42.74%,$0.60B,$-2.23B,-24.51%,$0.60B,$4.69B,11.67%,$0.78B,$3.76B,21.19%,$498,$170,$328,$0,$78,$300,$198,$-26,$172,$45,$128,$128,$128,$252,$198,$169,172,$0.76,$0.74,$168,$0,$26,$464,$356,$0,$3701,$121,$4221,$4685,$556,$2279,$54,$2653,$3210,$0,$2644,$-519,$1475,$4685,$482,$178,$-235,$-57,$33,$0,$0,$-12,$59,$484,$-99,$0,$-50,$9,$0,$9,$719,$579,$0,$-870,$-870,$-150,$-150,$0,$-8,$-1028,$26,$35,$0
9,2016-06-30,81.08,$8.59,9.44,$11.76,6.89,$8.77,9.25,$3.50,23.17,$0.50B,$0.62B,0.81,$2.27B,$1.45B,1.57,$2.02B,$1.29B,64.00%,$2.02B,$0.78B,38.43%,$2.02B,$0.78B,38.43%,$2.02B,$1.02B,50.54%,$2.02B,$0.67B,32.99%,$2.02B,$0.60B,29.72%,$0.60B,$1.45B,44.31%,$0.60B,$-2.28B,-22.39%,$0.60B,$4.73B,11.24%,$0.78B,$3.72B,21.38%,$498,$178,$320,$0,$76,$307,$191,$-31,$161,$54,$107,$107,$262,$246,$191,$168,171,$1.56,$1.53,$200,$0,$19,$497,$335,$0,$3734,$120,$4228,$4725,$615,$2273,$58,$2660,$3275,$0,$2516,$-457,$1450,$4725,$354,$124,$-236,$-112,$21,$0,$0,$86,$143,$385,$-62,$0,$-6,$0,$0,$0,$719,$651,$0,$-870,$-870,$-100,$-100,$0,$-6,$-977,$58,$25,$0
10,2016-03-31,79.92,$7.68,10.4,$11.41,7.0,$8.65,9.24,$2.94,27.18,$0.59B,$1.42B,0.41,$2.27B,$1.29B,1.76,$1.95B,$1.25B,63.90%,$1.95B,$0.73B,37.48%,$1.95B,$0.73B,37.48%,$1.95B,$0.99B,50.64%,$1.95B,$0.70B,35.79%,$1.95B,$0.50B,25.70%,$0.50B,$1.29B,38.47%,$0.50B,$-2.61B,-16.84%,$0.50B,$5.46B,8.95%,$0.73B,$3.56B,20.40%,$493,$173,$319,$0,$71,$300,$193,$-32,$161,$51,$110,$110,$93,$262,$193,$168,171,$0.55,$0.54,$135,$0,$115,$587,$342,$0,$3895,$599,$4872,$5459,$1417,$2272,$123,$2752,$4169,$0,$2254,$-317,$1290,$5459,$93,$70,$28,$98,$-34,$0,$0,$144,$113,$304,$-31,$0,$0,$0,$0,$0,$-1,$-31,$0,$-165,$-165,$-112,$-112,$0,$-1,$-278,$-7,$10,$0
11,2015-12-31,76.88,$8.10,9.49,$10.92,7.04,$8.58,8.96,$3.01,25.54,$0.61B,$1.48B,0.41,$2.27B,$1.37B,1.66,$1.84B,$1.18B,63.99%,$1.84B,$0.71B,38.67%,$1.84B,$0.71B,38.67%,$1.84B,$0.94B,51.03%,$1.84B,$0.69B,37.58%,$1.84B,$0.51B,27.55%,$0.51B,$1.37B,47.68%,$0.51B,$-2.63B,-19.20%,$0.51B,$5.59B,10.48%,$0.71B,$3.64B,23.34%,$561,$214,$347,$0,$84,$365,$196,$-33,$163,$49,$114,$114,$114,$264,$196,$169,173,$0.67,$0.66,$142,$0,$129,$605,$350,$0,$3998,$608,$4989,$5594,$1479,$2271,$127,$2742,$4222,$0,$2162,$-242,$1372,$5594,$508,$228,$-58,$170,$-15,$0,$0,$-46,$-18,$664,$-166,$0,$-2942,$0,$85,$85,$16,$-3006,$1194,$540,$1734,$739,$739,$0,$-32,$2441,$99,$45,$0
12,2015-09-30,73.91,$7.77,9.51,$8.55,8.64,$7.72,9.57,$2.93,25.23,$0.62B,$1.54B,0.4,$2.29B,$1.31B,1.75,$1.43B,$0.99B,69.06%,$1.43B,$0.67B,46.51%,$1.43B,$0.67B,46.51%,$1.43B,$0.86B,60.34%,$1.43B,$0.66B,46.23%,$1.43B,$0.49B,34.29%,$0.49B,$1.31B,63.33%,$0.49B,$-3.22B,-20.98%,$0.49B,$5.62B,12.17%,$0.67B,$3.61B,26.94%,$470,$163,$308,$0,$71,$273,$197,$-15,$182,$58,$124,$124,$132,$250,$197,$169,172,$0.78,$0.77,$172,$0,$83,$618,$392,$0,$4535,$43,$5001,$5619,$1541,$2293,$55,$2765,$4305,$0,$2048,$-179,$1314,$5619,$394,$160,$-80,$80,$40,$0,$0,$-37,$47,$520,$-106,$0,$-2890,$0,$85,$86,$16,$-2895,$1194,$570,$1764,$752,$752,$0,$-13,$2503,$129,$36,$0
13,2015-06-30,72.76,$7.39,9.85,$8.47,8.59,$6.94,10.49,$2.74,26.55,$0.61B,$1.71B,0.36,$2.29B,$1.24B,1.84,$1.41B,$0.95B,67.26%,$1.41B,$0.64B,45.64%,$1.41B,$0.64B,45.64%,$1.41B,$0.83B,58.54%,$1.41B,$0.64B,45.22%,$1.41B,$0.46B,32.46%,$0.46B,$1.24B,72.90%,$0.46B,$-3.47B,-26.15%,$0.46B,$5.78B,13.88%,$0.64B,$3.54B,31.63%,$429,$155,$274,$0,$82,$283,$146,$47,$193,$34,$159,$159,$163,$213,$146,$164,168,$0.99,$0.97,$149,$0,$86,$610,$386,$0,$4713,$39,$5166,$5776,$1710,$2294,$48,$2821,$4531,$0,$1916,$-84,$1244,$5776,$262,$107,$-74,$33,$38,$0,$0,$38,$60,$356,$-60,$0,$-2890,$0,$85,$85,$-0,$-2865,$1194,$690,$1884,$739,$739,$0,$-20,$2603,$106,$27,$0
14,2015-03-31,71.4,$2.10,34.06,$8.41,8.49,$6.42,11.12,$2.29,31.18,$0.45B,$0.71B,0.64,$1.10B,$0.33B,3.32,$1.41B,$0.93B,65.86%,$1.41B,$0.66B,46.73%,$1.41B,$0.66B,46.73%,$1.41B,$0.81B,57.47%,$1.41B,$0.59B,41.75%,$1.41B,$0.38B,27.24%,$0.38B,$0.33B,78.77%,$0.38B,$-1.27B,-34.31%,$0.38B,$2.40B,15.17%,$0.66B,$1.43B,40.95%,$384,$134,$251,$0,$50,$210,$174,$-19,$155,$59,$96,$96,$99,$214,$174,$158,161,$0.62,$0.61,$157,$0,$23,$454,$304,$0,$1599,$24,$1951,$2404,$710,$1100,$43,$1363,$2073,$0,$1753,$-80,$332,$2404,$99,$40,$9,$48,$-6,$0,$0,$106,$124,$271,$-25,$0,$-0,$0,$0,$0,$-0,$-25,$0,$-130,$-130,$8,$8,$0,$-10,$-132,$113,$8,$0
15,2014-12-31,64.05,$1.34,47.92,$8.43,7.6,$6.05,10.59,$2.36,27.14,$0.38B,$0.77B,0.5,$1.10B,$0.21B,5.22,$1.43B,$0.92B,63.90%,$1.43B,$0.63B,44.13%,$1.43B,$0.63B,44.13%,$1.43B,$0.78B,54.40%,$1.43B,$0.56B,39.32%,$1.43B,$0.40B,27.93%,$0.40B,$0.21B,72.30%,$0.40B,$-1.40B,-37.94%,$0.40B,$2.35B,15.48%,$0.63B,$1.31B,36.87%,$149,$-7,$156,$0,$17,$0,$149,$-17,$132,$49,$82,$82,$97,$187,$149,$166,169,$0.59,$0.59,$43,$0,$19,$384,$302,$0,$1614,$26,$1961,$2345,$771,$1101,$43,$1363,$2134,$0,$1654,$-81,$211,$2345,$400,$146,$-25,$121,$-55,$0,$0,$-3,$-31,$489,$-147,$0,$116,$0,$0,$0,$-5,$-36,$0,$160,$160,$-754,$-754,$0,$15,$-579,$-127,$36,$0
16,2014-09-30,60.89,$4.38,13.89,$9.97,6.11,$6.12,9.95,$2.29,26.59,$0.71B,$0.56B,1.26,$1.14B,$0.73B,1.57,$1.70B,$1.01B,59.18%,$1.70B,$0.64B,37.53%,$1.70B,$0.64B,37.53%,$1.70B,$0.78B,46.06%,$1.70B,$0.57B,33.47%,$1.70B,$0.39B,22.94%,$0.39B,$0.73B,61.18%,$0.39B,$-0.87B,-40.04%,$0.39B,$2.68B,14.86%,$0.64B,$1.86B,34.66%,$449,$181,$268,$0,$56,$273,$175,$-18,$158,$59,$99,$99,$99,$212,$175,$166,170,$0.60,$0.58,$436,$0,$14,$706,$281,$0,$1591,$27,$1972,$2678,$561,$1136,$43,$1390,$1952,$0,$1557,$-43,$726,$2678,$303,$108,$-56,$52,$-24,$0,$0,$4,$24,$379,$-103,$0,$-4,$0,$0,$0,$146,$39,$0,$0,$0,$-162,$-162,$0,$11,$-152,$267,$28,$0
17,2014-06-30,60.02,$4.07,14.76,$9.71,6.18,$6.11,9.82,$2.27,26.44,$0.71B,$0.61B,1.16,$1.14B,$0.68B,1.68,$1.66B,$0.99B,59.77%,$1.66B,$0.63B,37.88%,$1.66B,$0.63B,37.88%,$1.66B,$0.77B,46.42%,$1.66B,$0.56B,33.61%,$1.66B,$0.39B,23.27%,$0.39B,$0.68B,67.10%,$0.39B,$-0.93B,-36.25%,$0.39B,$2.68B,15.10%,$0.63B,$1.81B,34.73%,$424,$172,$251,$0,$57,$264,$159,$-17,$142,$54,$88,$88,$88,$195,$159,$166,170,$0.53,$0.52,$423,$0,$33,$705,$273,$0,$1605,$24,$1971,$2675,$609,$1136,$44,$1390,$1999,$0,$1458,$-42,$676,$2675,$204,$71,$-55,$16,$-12,$0,$0,$61,$67,$287,$-76,$0,$-4,$0,$0,$0,$150,$70,$0,$0,$0,$-107,$-107,$0,$3,$-104,$254,$19,$0
18,2014-03-31,59.96,$3.60,16.66,$9.48,6.33,$5.93,10.11,$2.24,26.77,$0.68B,$0.52B,1.32,$1.27B,$0.60B,2.12,$1.63B,$0.98B,60.22%,$1.63B,$0.62B,37.94%,$1.63B,$0.62B,37.94%,$1.63B,$0.76B,46.59%,$1.63B,$0.54B,33.39%,$1.63B,$0.38B,23.51%,$0.38B,$0.60B,76.72%,$0.38B,$-1.02B,-32.52%,$0.38B,$2.64B,15.30%,$0.62B,$1.87B,34.93%,$410,$170,$240,$0,$57,$261,$149,$-17,$131,$47,$84,$84,$116,$185,$149,$167,170,$0.69,$0.68,$431,$0,$35,$679,$252,$0,$1619,$25,$1961,$2640,$516,$1271,$44,$1525,$2040,$0,$1370,$-43,$600,$2640,$116,$36,$-60,$-24,$-7,$0,$0,$110,$141,$233,$-36,$0,$-4,$0,$0,$0,$150,$110,$0,$0,$0,$-80,$-80,$0,$-1,$-82,$262,$9,$0
19,2013-12-31,65.72,$3.27,20.1,$9.26,7.1,$5.72,11.49,$2.03,32.37,$0.48B,$0.43B,1.1,$1.27B,$0.55B,2.32,$1.60B,$0.97B,61.03%,$1.60B,$0.62B,38.53%,$1.60B,$0.62B,38.53%,$1.60B,$0.75B,47.18%,$1.60B,$0.54B,33.71%,$1.60B,$0.35B,21.80%,$0.35B,$0.55B,79.54%,$0.35B,$-1.08B,-27.35%,$0.35B,$2.50B,14.08%,$0.62B,$1.82B,36.05%,$417,$170,$247,$0,$58,$262,$155,$-17,$138,$51,$86,$86,$87,$191,$155,$168,172,$0.52,$0.50,$170,$0,$49,$475,$233,$0,$1629,$106,$2030,$2504,$431,$1271,$41,$1526,$1957,$0,$1254,$-43,$548,$2504,$348,$137,$-27,$111,$2,$0,$0,$-28,$47,$507,$-146,$0,$-1,$2,$0,$2,$-1,$-146,$0,$-190,$-190,$-197,$-197,$0,$103,$-284,$76,$36,$0
20,2013-09-30,64.96,$2.87,22.62,$8.52,7.62,$5.92,10.98,$2.09,31.08,$0.46B,$0.46B,1.01,$1.27B,$0.48B,2.63,$1.47B,$0.94B,63.83%,$1.47B,$0.60B,40.87%,$1.47B,$0.60B,40.87%,$1.47B,$0.73B,49.93%,$1.47B,$0.52B,35.35%,$1.47B,$0.36B,24.46%,$0.36B,$0.48B,98.49%,$0.36B,$-1.24B,-26.01%,$0.36B,$2.43B,14.74%,$0.60B,$1.75B,36.77%,$412,$156,$256,$0,$57,$245,$167,$-18,$148,$53,$95,$95,$96,$201,$167,$168,172,$0.57,$0.56,$185,$0,$29,$461,$219,$0,$1722,$27,$1969,$2430,$457,$1271,$45,$1490,$1947,$0,$1167,$-87,$483,$2430,$261,$102,$-46,$55,$9,$0,$0,$-1,$69,$386,$-108,$0,$-1,$1,$0,$1,$0,$-107,$0,$-155,$-155,$-110,$-110,$0,$76,$-188,$90,$28,$0
21,2013-06-30,59.7,$2.18,27.38,$8.45,7.06,$5.85,10.21,$2.01,29.7,$0.49B,$0.59B,0.84,$1.27B,$0.37B,3.47,$1.46B,$0.92B,63.44%,$1.46B,$0.59B,40.41%,$1.46B,$0.59B,40.41%,$1.46B,$0.72B,49.21%,$1.46B,$0.51B,34.91%,$1.46B,$0.35B,23.78%,$0.35B,$0.37B,123.90%,$0.35B,$-1.37B,-23.50%,$0.35B,$2.44B,14.39%,$0.59B,$1.63B,37.83%,$390,$152,$238,$0,$58,$243,$147,$-20,$127,$46,$82,$82,$84,$182,$147,$168,172,$0.50,$0.49,$177,$0,$35,$494,$186,$0,$1736,$24,$1946,$2439,$585,$1267,$52,$1489,$2074,$0,$1070,$-88,$366,$2439,$165,$68,$-43,$24,$-9,$0,$0,$55,$58,$247,$-64,$0,$-1,$1,$0,$1,$0,$-63,$0,$-55,$-55,$-105,$-105,$0,$60,$-100,$83,$18,$0
22,2013-03-31,61.62,$2.09,29.44,$8.36,7.37,$5.66,10.88,$1.95,31.6,$0.55B,$0.65B,0.85,$1.27B,$0.35B,3.59,$1.44B,$0.91B,63.35%,$1.44B,$0.58B,40.26%,$1.44B,$0.58B,40.26%,$1.44B,$0.70B,48.54%,$1.44B,$0.50B,34.91%,$1.44B,$0.34B,23.30%,$0.34B,$0.35B,167.92%,$0.34B,$-1.40B,-23.22%,$0.34B,$2.52B,14.84%,$0.58B,$1.62B,40.73%,$377,$144,$233,$0,$56,$231,$146,$-20,$125,$46,$79,$79,$81,$179,$146,$168,173,$0.48,$0.47,$272,$0,$32,$553,$167,$0,$1752,$45,$1964,$2516,$650,$1266,$74,$1513,$2164,$0,$986,$-89,$353,$2516,$81,$33,$-26,$7,$-13,$0,$0,$105,$104,$191,$-28,$0,$0,$0,$0,$0,$0,$-28,$0,$-10,$-10,$-10,$-10,$0,$34,$14,$178,$8,$0
23,2012-12-31,50.97,$1.52,33.45,$8.20,6.21,$5.72,8.91,$1.92,26.55,$0.39B,$0.59B,0.67,$1.27B,$0.26B,4.95,$1.41B,$0.89B,63.28%,$1.41B,$0.57B,40.63%,$1.41B,$0.57B,40.63%,$1.41B,$0.68B,48.22%,$1.41B,$0.50B,35.51%,$1.41B,$0.33B,23.37%,$0.33B,$0.26B,302.53%,$0.33B,$-1.51B,-23.12%,$0.33B,$2.36B,15.65%,$0.57B,$1.52B,44.38%,$289,$80,$210,$0,$45,$150,$140,$-21,$119,$32,$87,$87,$98,$171,$140,$166,172,$0.59,$0.57,$95,$0,$39,$391,$154,$0,$1768,$47,$1970,$2360,$585,$1266,$78,$1519,$2105,$0,$906,$-89,$256,$2360,$329,$107,$42,$149,$-6,$0,$0,$-99,$-10,$468,$-74,$0,$-807,$0,$0,$0,$-3,$-884,$347,$10,$357,$-94,$-94,$0,$50,$314,$-102,$38,$0
24,2012-09-30,47.61,$0.85,55.72,$7.74,6.16,$5.25,9.07,$1.82,26.16,$0.36B,$0.67B,0.54,$1.30B,$0.14B,9.16,$1.33B,$0.85B,63.53%,$1.33B,$0.54B,40.53%,$1.33B,$0.54B,40.53%,$1.33B,$0.64B,47.74%,$1.33B,$0.47B,35.56%,$1.33B,$0.31B,23.38%,$0.31B,$0.14B,1535.80%,$0.31B,$-1.61B,-23.86%,$0.31B,$2.30B,16.39%,$0.54B,$1.44B,46.51%,$399,$157,$242,$0,$59,$244,$155,$-19,$137,$54,$83,$83,$83,$184,$155,$166,172,$0.50,$0.48,$103,$0,$34,$361,$145,$0,$1750,$47,$1942,$2303,$668,$1302,$83,$1493,$2161,$0,$807,$-77,$142,$2303,$231,$75,$-26,$50,$-3,$0,$0,$-59,$40,$321,$-56,$0,$-781,$0,$0,$0,$-2,$-839,$347,$115,$462,$-85,$-85,$0,$46,$424,$-94,$29,$0
25,2012-06-30,49.26,$0.28,174.87,$7.40,6.66,$5.35,9.2,$1.75,28.15,$0.40B,$0.61B,0.65,$1.05B,$0.05B,22.59,$1.27B,$0.81B,63.34%,$1.27B,$0.52B,40.52%,$1.27B,$0.52B,40.52%,$1.27B,$0.60B,47.36%,$1.27B,$0.45B,35.64%,$1.27B,$0.30B,23.52%,$0.30B,$0.05B,-543.64%,$0.30B,$-1.25B,-25.39%,$0.30B,$1.85B,17.94%,$0.52B,$1.10B,53.00%,$373,$147,$226,$0,$62,$235,$138,$-17,$121,$48,$73,$73,$73,$164,$138,$166,172,$0.44,$0.43,$102,$0,$46,$397,$134,$0,$1298,$24,$1456,$1853,$612,$1054,$63,$1194,$1807,$0,$725,$-77,$47,$1853,$148,$47,$-12,$34,$-14,$0,$0,$-17,$5,$187,$-37,$0,$-348,$0,$0,$0,$-2,$-387,$0,$150,$150,$-73,$-73,$0,$28,$105,$-94,$20,$0
26,2012-03-31,46.97,$-0.06,-757.58,$7.10,6.61,$5.38,8.72,$1.70,27.63,$0.42B,$0.57B,0.74,$1.10B,$-0.01B,-107.17,$1.23B,$0.78B,63.27%,$1.23B,$0.50B,40.90%,$1.23B,$0.50B,40.90%,$1.23B,$0.58B,47.51%,$1.23B,$0.44B,36.00%,$1.23B,$0.29B,23.84%,$0.29B,$-0.01B,-284.18%,$0.29B,$-1.32B,-25.64%,$0.29B,$1.89B,18.78%,$0.50B,$1.09B,57.32%,$347,$133,$213,$0,$54,$208,$139,$-16,$123,$48,$75,$75,$75,$160,$139,$165,171,$0.45,$0.44,$120,$0,$40,$420,$125,$0,$1309,$38,$1472,$1892,$568,$1099,$80,$1335,$1902,$0,$651,$-77,$-10,$1892,$75,$21,$7,$28,$-34,$0,$0,$95,$87,$190,$-17,$0,$-348,$0,$0,$0,$-2,$-367,$0,$125,$125,$-22,$-22,$0,$-2,$101,$-77,$7,$0
27,2011-12-31,40.13,$-0.60,-66.94,$6.85,5.86,$5.12,7.83,$1.63,24.62,$0.45B,$0.35B,1.3,$1.10B,$-0.10B,-11.17,$1.19B,$0.75B,62.97%,$1.19B,$0.48B,40.39%,$1.19B,$0.48B,40.39%,$1.19B,$0.56B,47.10%,$1.19B,$0.43B,35.94%,$1.19B,$0.28B,23.76%,$0.28B,$-0.10B,-221.96%,$0.28B,$-1.04B,-27.14%,$0.28B,$1.54B,20.16%,$0.48B,$1.00B,64.18%,$211,$48,$164,$0,$43,$105,$107,$-14,$92,$32,$60,$60,$80,$127,$107,$166,173,$0.49,$0.47,$197,$0,$41,$454,$119,$0,$936,$21,$1087,$1541,$350,$1100,$62,$1290,$1640,$0,$577,$-78,$-98,$1541,$283,$80,$5,$86,$-26,$0,$0,$-29,$7,$376,$-60,$0,$-141,$0,$0,$0,$-3,$-204,$697,$-435,$262,$-338,$-338,$0,$42,$-35,$137,$35,$0
28,2011-09-30,34.77,$-0.97,-35.76,$7.20,4.83,$4.90,7.1,$1.53,22.73,$0.27B,$0.51B,0.54,$0.85B,$-0.16B,-5.37,$1.27B,$0.76B,59.94%,$1.27B,$0.49B,38.33%,$1.27B,$0.49B,38.33%,$1.27B,$0.57B,44.46%,$1.27B,$0.44B,34.64%,$1.27B,$0.27B,21.13%,$0.27B,$-0.16B,-204.56%,$0.27B,$-1.10B,-26.35%,$0.27B,$1.38B,20.34%,$0.49B,$0.70B,85.50%,$340,$138,$202,$0,$51,$209,$131,$-15,$117,$46,$71,$71,$71,$151,$131,$164,171,$0.43,$0.41,$58,$0,$28,$272,$110,$0,$945,$28,$1108,$1380,$506,$854,$80,$1033,$1539,$0,$496,$-54,$-159,$1380,$202,$60,$18,$78,$-24,$0,$0,$1,$43,$324,$-42,$0,$-141,$0,$0,$0,$-4,$-186,$449,$-278,$171,$-312,$-312,$0,$1,$-139,$-2,$27,$0
29,2011-06-30,34.62,$-0.87,-39.64,$6.75,5.13,$4.42,7.83,$1.46,23.71,$0.30B,$0.51B,0.58,$0.85B,$-0.14B,-5.92,$1.22B,$0.73B,59.92%,$1.22B,$0.47B,38.61%,$1.22B,$0.47B,38.61%,$1.22B,$0.55B,44.67%,$1.22B,$0.43B,35.16%,$1.22B,$0.26B,21.39%,$0.26B,$-0.14B,-342.30%,$0.26B,$-1.10B,-29.71%,$0.26B,$1.41B,21.05%,$0.47B,$0.71B,91.81%,$327,$131,$196,$0,$56,$203,$124,$-15,$109,$43,$66,$66,$66,$144,$124,$167,175,$0.39,$0.38,$57,$0,$29,$295,$108,$0,$954,$28,$1113,$1408,$512,$854,$80,$1041,$1553,$0,$425,$-54,$-144,$1408,$131,$40,$12,$53,$-17,$0,$0,$28,$3,$187,$-28,$0,$-141,$0,$0,$0,$-4,$-173,$449,$-272,$177,$-196,$-196,$0,$1,$-18,$-3,$19,$0
30,2011-03-31,32.76,$-0.65,-50.47,$6.36,5.15,$4.35,7.54,$1.39,23.57,$0.31B,$0.49B,0.63,$0.70B,$-0.11B,-6.42,$1.18B,$0.70B,59.74%,$1.18B,$0.45B,38.64%,$1.18B,$0.45B,38.64%,$1.18B,$0.53B,44.68%,$1.18B,$0.42B,35.66%,$1.18B,$0.25B,21.53%,$0.25B,$-0.11B,-945.79%,$0.25B,$-0.93B,-34.13%,$0.25B,$1.29B,21.98%,$0.45B,$0.59B,97.01%,$313,$125,$188,$0,$49,$194,$119,$-9,$110,$44,$66,$66,$66,$139,$119,$169,177,$0.39,$0.37,$107,$0,$8,$312,$101,$0,$824,$26,$975,$1286,$492,$701,$90,$903,$1396,$0,$360,$-55,$-109,$1286,$66,$20,$7,$27,$-37,$0,$0,$71,$52,$146,$-14,$0,$0,$0,$0,$0,$0,$-13,$0,$-16,$-16,$-70,$-70,$0,$-0,$-86,$46,$7,$0
31,2010-12-31,34.08,$-0.67,-50.65,$6.05,5.63,$4.28,7.96,$1.31,26.02,$0.24B,$0.72B,0.33,$0.40B,$-0.11B,-3.51,$1.14B,$0.68B,59.31%,$1.14B,$0.44B,38.75%,$1.14B,$0.44B,38.75%,$1.14B,$0.51B,44.82%,$1.14B,$0.41B,35.76%,$1.14B,$0.24B,21.27%,$0.24B,$-0.11B,3226.67%,$0.24B,$-0.95B,-37.17%,$0.24B,$1.22B,21.98%,$0.44B,$0.29B,96.08%,$293,$116,$177,$0,$45,$179,$114,$-9,$105,$39,$66,$66,$66,$132,$114,$178,186,$0.38,$0.36,$61,$0,$7,$240,$93,$0,$833,$27,$977,$1217,$721,$402,$90,$611,$1332,$0,$294,$-56,$-114,$1217,$243,$70,$-5,$65,$-25,$0,$0,$4,$29,$336,$-39,$0,$-205,$0,$0,$0,$0,$-244,$0,$250,$250,$-385,$-385,$0,$26,$-109,$-17,$33,$0
32,2010-09-30,28.01,$0.35,80.07,$5.93,4.72,$4.27,6.56,$0.91,30.78,$0.29B,$0.39B,0.73,$0.40B,$0.06B,6.47,$1.11B,$0.61B,54.95%,$1.11B,$0.37B,33.24%,$1.11B,$0.37B,33.24%,$1.11B,$0.44B,39.55%,$1.11B,$0.33B,30.00%,$1.11B,$0.17B,15.32%,$0.17B,$0.06B,623.85%,$0.17B,$-0.54B,-29.68%,$0.17B,$1.05B,16.25%,$0.37B,$0.46B,72.28%,$287,$117,$170,$0,$41,$174,$114,$-8,$105,$42,$63,$63,$63,$130,$114,$179,187,$0.35,$0.34,$113,$0,$8,$286,$84,$0,$597,$12,$764,$1049,$393,$402,$79,$594,$987,$0,$228,$-51,$62,$1049,$177,$52,$8,$60,$-41,$0,$0,$19,$5,$242,$-22,$0,$-8,$0,$0,$0,$0,$-29,$0,$-65,$-65,$-110,$-110,$0,$-2,$-177,$36,$25,$0
